Symbol,Side,Order Type,Time,Quantity,Price
1000BONKUSDT,SELL,LIMIT,1701065309500,54899,0.0037339
1000BONKUSDT,SELL,LIMIT,1701065311292,74001,0.0037322
1000BONKUSDT,SELL,LIMIT,1701065381640,79854,0.0037302
1000BONKUSDT,BUY,LIMIT,1701065736706,3198,0.0038862
1000BONKUSDT,SELL,LIMIT,1701066229784,18784,0.0037417
1000BONKUSDT,SELL,LIMIT,1701066232200,1448,0.0037379
1000BONKUSDT,SELL,LIMIT,1701066950959,10032,0.0037357
1000BONKUSDT,SELL,LIMIT,1701066952873,17046,0.0037275
1000BONKUSDT,SELL,LIMIT,1701067255355,48390,0.0037420
1000BONKUSDT,SELL,LIMIT,1701067309363,4437,0.0037231
1000BONKUSDT,SELL,LIMIT,1701067311024,71344,0.0037120
1000BONKUSDT,SELL,LIMIT,1701067751374,66576,0.0037350
1000BONKUSDT,SELL,LIMIT,1701067813901,828842,0.0037218
1000BONKUSDT,SELL,LIMIT,1701067816247,231646,0.0037105
1000BONKUSDT,SELL,LIMIT,1701067853807,23239,0.0037135
1000BONKUSDT,SELL,LIMIT,1701067892219,50746,0.0036994
1000BONKUSDT,SELL,LIMIT,1701068048611,20343,0.0036950
1000BONKUSDT,SELL,LIMIT,1701068049670,5488,0.0036933
1000BONKUSDT,SELL,LIMIT,1701068051048,24888,0.0036927
1000BONKUSDT,SELL,LIMIT,1701068073475,236208,0.0036944
1000BONKUSDT,SELL,LIMIT,1701068146213,13981,0.0036957
1000BONKUSDT,SELL,LIMIT,1701068169398,16551,0.0036866
1000BONKUSDT,SELL,LIMIT,1701068179086,3000,0.0036800
1000BONKUSDT,SELL,LIMIT,1701068180151,47528,0.0036839
1000BONKUSDT,SELL,LIMIT,1701068250547,250098,0.0036697
1000BONKUSDT,SELL,LIMIT,1701068252782,9407,0.0036660
1000BONKUSDT,SELL,LIMIT,1701068255365,194286,0.0036595
1000BONKUSDT,SELL,LIMIT,1701068893604,4169,0.0036719
1000BONKUSDT,SELL,LIMIT,1701068967465,2736,0.0036580
1000BONKUSDT,SELL,LIMIT,1701068979003,217758,0.0036556
1000BONKUSDT,SELL,LIMIT,1701068983073,8648,0.0036534
1000BONKUSDT,SELL,LIMIT,1701068986249,72113,0.0036518
1000BONKUSDT,SELL,LIMIT,1701068987769,359227,0.0036459
1000BONKUSDT,SELL,LIMIT,1701068989480,12379,0.0036487
1000BONKUSDT,BUY,LIMIT,1701068996261,11988,0.0037656
1000BONKUSDT,SELL,LIMIT,1701068999066,191764,0.0036456
1000BONKUSDT,SELL,LIMIT,1701069001067,754736,0.0036448
1000BONKUSDT,SELL,LIMIT,1701069003297,123249,0.0036427
1000BONKUSDT,SELL,LIMIT,1701069031115,139477,0.0036588
1000BONKUSDT,SELL,LIMIT,1701069161555,121163,0.0036391
1000BONKUSDT,SELL,LIMIT,1701069170543,26048,0.0036365
1000BONKUSDT,SELL,LIMIT,1701069172471,84602,0.0036345
1000BONKUSDT,SELL,LIMIT,1701069219227,663788,0.0036326
1000BONKUSDT,SELL,LIMIT,1701069221291,1465,0.0036316
1000BONKUSDT,SELL,LIMIT,1701069225180,221884,0.0036269
1000BONKUSDT,SELL,LIMIT,1701069226191,52438,0.0036235
1000BONKUSDT,SELL,LIMIT,1701069227486,75315,0.0036208
1000BONKUSDT,SELL,LIMIT,1701069228511,114718,0.0036197
1000BONKUSDT,SELL,LIMIT,1701069303320,13330,0.0036156
1000BONKUSDT,SELL,LIMIT,1701069304809,64151,0.0036103
1000BONKUSDT,SELL,LIMIT,1701069308228,108226,0.0036086
1000BONKUSDT,SELL,LIMIT,1701069348147,1170682,0.0036099
1000BONKUSDT,SELL,LIMIT,1701069353144,4359,0.0036059
1000BONKUSDT,SELL,LIMIT,1701069382321,12370,0.0036046
1000BONKUSDT,SELL,LIMIT,1701069398793,10000,0.0036038
1000BONKUSDT,SELL,LIMIT,1701069399814,44227,0.0035999
1000BONKUSDT,SELL,LIMIT,1701069404147,23207,0.0035930
1000BONKUSDT,SELL,LIMIT,1701069405152,885299,0.0035917
1000BONKUSDT,SELL,LIMIT,1701069406423,170000,0.0035891
1000BONKUSDT,SELL,LIMIT,1701069408099,54235,0.0035874
1000BONKUSDT,SELL,LIMIT,1701069409291,1241,0.0035864
1000BONKUSDT,SELL,LIMIT,1701069410301,18328,0.0035842
1000BONKUSDT,SELL,LIMIT,1701069413115,172981,0.0035827
1000BONKUSDT,SELL,LIMIT,1701069512614,13600,0.0035883
1000BONKUSDT,SELL,LIMIT,1701069522418,2706,0.0035930
1000BONKUSDT,SELL,LIMIT,1701069575421,21148,0.0036057
1000BONKUSDT,SELL,LIMIT,1701069643583,11553,0.0036126
1000BONKUSDT,SELL,LIMIT,1701069666289,6770,0.0035947
1000BONKUSDT,SELL,LIMIT,1701069677702,655000,0.0035794
1000BONKUSDT,SELL,LIMIT,1701069682309,2934,0.0035771
1000BONKUSDT,SELL,LIMIT,1701069683426,17651,0.0035767
1000BONKUSDT,SELL,LIMIT,1701069789349,18264,0.0035703
1000BONKUSDT,SELL,LIMIT,1701069799031,25611,0.0035817
1000BONKUSDT,SELL,LIMIT,1701069819124,23472,0.0035709
1000BONKUSDT,SELL,LIMIT,1701069826044,33951,0.0035686
1000BONKUSDT,SELL,LIMIT,1701069834724,3820,0.0035692
1000BONKUSDT,SELL,LIMIT,1701069837774,274725,0.0035661
1000BONKUSDT,SELL,LIMIT,1701069883930,2323,0.0035884
1000BONKUSDT,SELL,LIMIT,1701069886792,400000,0.0035904
1000BONKUSDT,BUY,LIMIT,1701070151629,27529,0.0037431
1000BONKUSDT,BUY,LIMIT,1701070625206,204428,0.0037873
1000BONKUSDT,SELL,LIMIT,1701070700818,126135,0.0036546
1000BONKUSDT,SELL,LIMIT,1701070764731,45681,0.0036399
1000BONKUSDT,SELL,LIMIT,1701071314597,11825,0.0036153
1000BONKUSDT,SELL,LIMIT,1701071369627,87239,0.0036131
1000BONKUSDT,SELL,LIMIT,1701072252262,13242,0.0036079
1000BONKUSDT,BUY,LIMIT,1701072876380,182530,0.0037710
1000BONKUSDT,SELL,LIMIT,1701073415400,76814,0.0036451
1000BONKUSDT,BUY,LIMIT,1701073730290,83609,0.0037924
1000BONKUSDT,SELL,LIMIT,1701074042849,29718,0.0036626
1000BONKUSDT,SELL,LIMIT,1701077181053,439339,0.0036766
1000BONKUSDT,BUY,LIMIT,1701078230847,68795,0.0038270
1000BONKUSDT,SELL,LIMIT,1701079011821,372281,0.0036800
1000BONKUSDT,SELL,LIMIT,1701079044081,1489,0.0036758
1000BONKUSDT,SELL,LIMIT,1701079076385,126067,0.0036740
1000BONKUSDT,SELL,LIMIT,1701079217392,99985,0.0036671
1000BONKUSDT,BUY,LIMIT,1701079642549,70041,0.0037986
1000BONKUSDT,BUY,LIMIT,1701079644879,948887,0.0038094
1000BONKUSDT,SELL,LIMIT,1701079857507,19627,0.0036798
1000BONKUSDT,SELL,LIMIT,1701080089072,64262,0.0036742
1000BONKUSDT,SELL,LIMIT,1701080248479,44338,0.0036632
1000BONKUSDT,SELL,LIMIT,1701080374575,36019,0.0036564
1000BONKUSDT,SELL,LIMIT,1701080405188,6462,0.0036513
1000BONKUSDT,SELL,LIMIT,1701080481735,22956,0.0036457
1000BONKUSDT,SELL,LIMIT,1701080486829,158094,0.0036445
1000BONKUSDT,BUY,LIMIT,1701080651221,8924,0.0037655
1000BONKUSDT,SELL,LIMIT,1701080806277,107310,0.0036318
1000BONKUSDT,SELL,LIMIT,1701080809098,14392,0.0036298
1000BONKUSDT,SELL,LIMIT,1701081425159,10759,0.0036380
1000BONKUSDT,SELL,LIMIT,1701081492755,1850,0.0036171
1000BONKUSDT,SELL,LIMIT,1701081545669,528680,0.0036020
1000BONKUSDT,SELL,LIMIT,1701081546813,5124,0.0036003
1000BONKUSDT,SELL,LIMIT,1701081574191,243522,0.0035919
1000BONKUSDT,SELL,LIMIT,1701081625516,21132,0.0035725
1000BONKUSDT,BUY,LIMIT,1701081837639,119426,0.0037192
1000BONKUSDT,SELL,LIMIT,1701081874226,176344,0.0035863
1000BONKUSDT,SELL,LIMIT,1701082009044,274500,0.0035808
1000BONKUSDT,SELL,LIMIT,1701082208896,34677,0.0035910
1000BONKUSDT,BUY,LIMIT,1701082300322,1376,0.0037170
1000BONKUSDT,SELL,LIMIT,1701082433812,1365,0.0035955
1000BONKUSDT,SELL,LIMIT,1701082471243,13421,0.0035776
1000BONKUSDT,SELL,LIMIT,1701082474729,5935,0.0035724
1000BONKUSDT,SELL,LIMIT,1701082475902,5669,0.0035658
1000BONKUSDT,SELL,LIMIT,1701082478958,644400,0.0035647
1000BONKUSDT,SELL,LIMIT,1701082488448,29854,0.0035612
1000BONKUSDT,SELL,LIMIT,1701082490982,19104,0.0035604
1000BONKUSDT,SELL,LIMIT,1701082592500,16159,0.0035750
1000BONKUSDT,SELL,LIMIT,1701082698812,150000,0.0035625
1000BONKUSDT,SELL,LIMIT,1701083111300,3450,0.0035806
1000BONKUSDT,BUY,LIMIT,1701084203330,68984,0.0037243
1000BONKUSDT,SELL,LIMIT,1701084926076,2567,0.0035635
1000BONKUSDT,SELL,LIMIT,1701084932202,78721,0.0035623
1000BONKUSDT,BUY,LIMIT,1701086725132,2315,0.0037120
1000BONKUSDT,BUY,LIMIT,1701087441181,627987,0.0037131
1000BONKUSDT,SELL,LIMIT,1701088048541,139092,0.0035746
1000BONKUSDT,SELL,LIMIT,1701088058681,6307,0.0035699
1000BONKUSDT,SELL,LIMIT,1701088079036,12530,0.0035644
1000BONKUSDT,SELL,LIMIT,1701088084307,348128,0.0035630
1000BONKUSDT,SELL,LIMIT,1701088098054,524195,0.0035661
1000BONKUSDT,SELL,LIMIT,1701088170777,335921,0.0035628
1000BONKUSDT,SELL,LIMIT,1701088710047,19785,0.0035778
1000BONKUSDT,BUY,LIMIT,1701089388525,15747,0.0037324
1000BONKUSDT,BUY,LIMIT,1701089395734,303202,0.0037392
1000BONKUSDT,BUY,LIMIT,1701089424374,84368,0.0037382
1000BONKUSDT,SELL,LIMIT,1701090083415,17440,0.0036003
1000BONKUSDT,SELL,LIMIT,1701091161902,69531,0.0036089
1000BONKUSDT,SELL,LIMIT,1701092133043,418030,0.0036077
1000BONKUSDT,SELL,LIMIT,1701092704041,68272,0.0035887
1000BONKUSDT,SELL,LIMIT,1701092705156,197102,0.0035786
1000BONKUSDT,SELL,LIMIT,1701092706238,293575,0.0035793
1000BONKUSDT,SELL,LIMIT,1701093058194,1697282,0.0035552
1000BONKUSDT,SELL,LIMIT,1701093062970,174245,0.0035544
1000BONKUSDT,SELL,LIMIT,1701093071047,231784,0.0035408
1000BONKUSDT,SELL,LIMIT,1701093072199,2142,0.0035526
1000BONKUSDT,SELL,LIMIT,1701093073202,16728,0.0035289
1000BONKUSDT,SELL,LIMIT,1701093074325,61785,0.0035282
1000BONKUSDT,SELL,LIMIT,1701093075369,67320,0.0035212
1000BONKUSDT,SELL,LIMIT,1701093077642,42954,0.0035174
1000BONKUSDT,SELL,LIMIT,1701093079075,6962,0.0035131
1000BONKUSDT,SELL,LIMIT,1701093080365,755185,0.0035072
1000BONKUSDT,BUY,LIMIT,1701093100006,22379,0.0036352
1000BONKUSDT,SELL,LIMIT,1701093137204,10425,0.0035345
1000BONKUSDT,SELL,LIMIT,1701093150518,502130,0.0035227
1000BONKUSDT,SELL,LIMIT,1701093164438,112798,0.0035177
1000BONKUSDT,SELL,LIMIT,1701094296019,140885,0.0035601
1000BONKUSDT,SELL,LIMIT,1701094305062,33995,0.0035569
1000BONKUSDT,SELL,LIMIT,1701094350366,5469,0.0035567
1000BONKUSDT,SELL,LIMIT,1701094428402,331526,0.0035443
1000BONKUSDT,SELL,LIMIT,1701094532357,3475,0.0035439
1000BONKUSDT,SELL,LIMIT,1701094706416,245056,0.0035244
1000BONKUSDT,SELL,LIMIT,1701094947705,795380,0.0035210
1000BONKUSDT,SELL,LIMIT,1701094982108,125269,0.0035188
1000BONKUSDT,SELL,LIMIT,1701094994696,31094,0.0035172
1000BONKUSDT,SELL,LIMIT,1701095088942,1422,0.0035143
1000BONKUSDT,SELL,LIMIT,1701095095612,136157,0.0035092
1000BONKUSDT,SELL,LIMIT,1701095149267,10945,0.0035071
1000BONKUSDT,SELL,LIMIT,1701095152048,24823,0.0034999
1000BONKUSDT,SELL,LIMIT,1701095335642,42957,0.0035006
1000BONKUSDT,SELL,LIMIT,1701095341165,176538,0.0034960
1000BONKUSDT,SELL,LIMIT,1701095342187,73460,0.0034714
1000BONKUSDT,SELL,LIMIT,1701095343271,224790,0.0034694
1000BONKUSDT,SELL,LIMIT,1701095344525,6462,0.0034684
1000BONKUSDT,SELL,LIMIT,1701095501369,11519,0.0034841
1000BONKUSDT,SELL,LIMIT,1701095530051,1042535,0.0034889
1000BONKUSDT,SELL,LIMIT,1701095546132,13737,0.0034769
1000BONKUSDT,SELL,LIMIT,1701095552229,1512,0.0034756
1000BONKUSDT,SELL,LIMIT,1701095592924,19015,0.0034932
1000BONKUSDT,BUY,LIMIT,1701095841225,153810,0.0037257
1000BONKUSDT,BUY,LIMIT,1701095842472,60792,0.0036159
1000BONKUSDT,BUY,LIMIT,1701095845337,120551,0.0037407
1000BONKUSDT,BUY,LIMIT,1701095848825,15000,0.0037591
1000BONKUSDT,BUY,LIMIT,1701095850040,118958,0.0037629
1000BONKUSDT,BUY,LIMIT,1701095851127,102215,0.0038078
1000BONKUSDT,BUY,LIMIT,1701095852290,42883,0.0037793
1000BONKUSDT,BUY,LIMIT,1701095858579,308854,0.0038285
1000BONKUSDT,BUY,LIMIT,1701095863142,60081,0.0038313
1000BONKUSDT,BUY,LIMIT,1701095864239,307055,0.0038313
1000BONKUSDT,BUY,LIMIT,1701096099559,74267,0.0038332
1000BONKUSDT,BUY,LIMIT,1701096181429,16247,0.0038293
1000BONKUSDT,SELL,LIMIT,1701096268052,3473,0.0036619
1000BONKUSDT,SELL,LIMIT,1701096272402,68667,0.0036454
1000BONKUSDT,BUY,LIMIT,1701096282157,4372,0.0037744
1000BONKUSDT,BUY,LIMIT,1701096303491,377491,0.0037854
1000BONKUSDT,SELL,LIMIT,1701096741740,7029,0.0036118
1000BONKUSDT,SELL,LIMIT,1701096746263,46936,0.0035984
1000BONKUSDT,SELL,LIMIT,1701096753499,218503,0.0035905
1000BONKUSDT,SELL,LIMIT,1701096799418,31072,0.0035887
1000BONKUSDT,SELL,LIMIT,1701096934287,34889,0.0035857
1000BONKUSDT,SELL,LIMIT,1701096945053,30286,0.0035768
1000BONKUSDT,SELL,LIMIT,1701096979844,2162,0.0035467
1000BONKUSDT,SELL,LIMIT,1701097061860,3408,0.0035368
1000BONKUSDT,SELL,LIMIT,1701097063252,136762,0.0035354
1000BONKUSDT,SELL,LIMIT,1701097079323,2154,0.0035313
1000BONKUSDT,SELL,LIMIT,1701097083369,401776,0.0035260
1000BONKUSDT,SELL,LIMIT,1701097101874,95842,0.0035258
1000BONKUSDT,SELL,LIMIT,1701097191107,41711,0.0035221
1000BONKUSDT,BUY,LIMIT,1701097415886,48517,0.0036872
1000BONKUSDT,SELL,LIMIT,1701098557064,56762,0.0036101
1000BONKUSDT,SELL,LIMIT,1701098748540,236457,0.0036073
1000BONKUSDT,BUY,LIMIT,1701099901316,301763,0.0037630
1000BONKUSDT,SELL,LIMIT,1701100029424,4094,0.0036428
1000BONKUSDT,SELL,LIMIT,1701100183542,41055,0.0037239
1000BONKUSDT,SELL,LIMIT,1701100503364,43463,0.0036062
1000BONKUSDT,SELL,LIMIT,1701100505372,1592,0.0035978
1000BONKUSDT,SELL,LIMIT,1701100507222,65222,0.0035953
1000BONKUSDT,SELL,LIMIT,1701100515979,14039,0.0035953
1000BONKUSDT,SELL,LIMIT,1701100525870,5122,0.0035770
1000BONKUSDT,SELL,LIMIT,1701100527243,3248,0.0035723
1000BONKUSDT,SELL,LIMIT,1701100536389,247594,0.0035917
1000BONKUSDT,SELL,LIMIT,1701100573013,813200,0.0035845
1000BONKUSDT,SELL,LIMIT,1701100725292,1344130,0.0035717
1000BONKUSDT,SELL,LIMIT,1701100733070,11637,0.0035682
1000BONKUSDT,BUY,LIMIT,1701101072488,8335,0.0037209
1000BONKUSDT,SELL,LIMIT,1701101497664,544529,0.0036195
1000BONKUSDT,SELL,LIMIT,1701102144677,238903,0.0035986
1000BONKUSDT,SELL,LIMIT,1701102234129,2864,0.0035829
1000BONKUSDT,SELL,LIMIT,1701107058413,131442,0.0036968
1000BONKUSDT,SELL,LIMIT,1701107926895,5270,0.0036633
1000BONKUSDT,BUY,LIMIT,1701108218163,67876,0.0038068
1000BONKUSDT,BUY,LIMIT,1701108764454,42919,0.0038294
1000BONKUSDT,SELL,LIMIT,1701111068231,60000,0.0037375
1000BONKUSDT,SELL,LIMIT,1701111213114,114700,0.0036888
1000BONKUSDT,SELL,LIMIT,1701111235176,13280,0.0036786
1000BONKUSDT,SELL,LIMIT,1701111827461,100000,0.0036727
1000BONKUSDT,SELL,LIMIT,1701112014589,7606,0.0036613
1000BONKUSDT,SELL,LIMIT,1701112025133,25363,0.0036265
1000BONKUSDT,SELL,LIMIT,1701112061568,414733,0.0035988
1000BONKUSDT,SELL,LIMIT,1701112080721,8892,0.0035907
1000BONKUSDT,BUY,LIMIT,1701112261787,15670,0.0037133
1000BONKUSDT,SELL,LIMIT,1701113978677,139838,0.0036157
1000BONKUSDT,SELL,LIMIT,1701114264298,55882,0.0035843
1000BONKUSDT,SELL,LIMIT,1701114275870,2336,0.0035855
1000BONKUSDT,SELL,LIMIT,1701114462995,130345,0.0035795
1000BONKUSDT,SELL,LIMIT,1701114471425,242467,0.0035797
1000BONKUSDT,SELL,LIMIT,1701114496818,59123,0.0035730
1000BONKUSDT,SELL,LIMIT,1701114502744,261233,0.0035727
1000BONKUSDT,SELL,LIMIT,1701114514212,9714,0.0035550
1000BONKUSDT,SELL,LIMIT,1701114515234,289321,0.0035556
1000BONKUSDT,BUY,LIMIT,1701116350396,100366,0.0037526
1000BONKUSDT,SELL,LIMIT,1701116895062,19837,0.0035933
1000BONKUSDT,SELL,LIMIT,1701117216285,9155,0.0036082
1000BONKUSDT,SELL,LIMIT,1701117951300,23423,0.0035591
1000BONKUSDT,SELL,LIMIT,1701118644522,438059,0.0035815
1000BONKUSDT,BUY,LIMIT,1701121395057,270529,0.0037970
1000BONKUSDT,BUY,LIMIT,1701122503740,9601,0.0038190
1000BONKUSDT,BUY,LIMIT,1701124256398,4738,0.0038212
1000BONKUSDT,BUY,LIMIT,1701125569884,548245,0.0038260
1000BONKUSDT,BUY,LIMIT,1701127053877,1354,0.0038530
1000BONKUSDT,BUY,LIMIT,1701128021443,263157,0.0038752
1000BONKUSDT,BUY,LIMIT,1701129886266,891559,0.0038827
1000BONKUSDT,BUY,LIMIT,1701129941080,12621,0.0038939
1000BONKUSDT,BUY,LIMIT,1701129943045,118813,0.0039058
1000BONKUSDT,BUY,LIMIT,1701130710318,220881,0.0038796
1000BONKUSDT,BUY,LIMIT,1701131037863,130683,0.0039068
1000BONKUSDT,BUY,LIMIT,1701131041651,7864,0.0039190
1000BONKUSDT,BUY,LIMIT,1701131772205,5202,0.0039224
1000BONKUSDT,BUY,LIMIT,1701131796072,1494,0.0039250
1000BONKUSDT,BUY,LIMIT,1701131845049,140711,0.0039315
1000BONKUSDT,SELL,LIMIT,1701134717535,59259,0.0037543
1000BONKUSDT,BUY,LIMIT,1701136288207,5938,0.0039527
1000BONKUSDT,SELL,LIMIT,1701136936773,576590,0.0037516
1000BONKUSDT,BUY,LIMIT,1701137789852,41411,0.0039541
1000BONKUSDT,BUY,LIMIT,1701140802503,571250,0.0039880
1000BONKUSDT,BUY,LIMIT,1701141224989,730757,0.0040145
1000BONKUSDT,BUY,LIMIT,1701142037705,4266,0.0040300
1000BONKUSDT,SELL,LIMIT,1701143219900,3292,0.0039048
1000BONKUSDT,SELL,LIMIT,1701144045267,1842,0.0038460
1000BONKUSDT,SELL,LIMIT,1701144182275,1525,0.0038355
1000BONKUSDT,SELL,LIMIT,1701144183305,11624,0.0038358
1000BONKUSDT,SELL,LIMIT,1701144355432,160760,0.0038178
1000BONKUSDT,SELL,LIMIT,1701144362126,88040,0.0038167
1000BONKUSDT,SELL,LIMIT,1701145557658,16424,0.0037698
1000BONKUSDT,SELL,LIMIT,1701145560118,32021,0.0037696
1000BONKUSDT,SELL,LIMIT,1701145568358,100638,0.0037632
1000BONKUSDT,SELL,LIMIT,1701145593239,116652,0.0037572
1000BONKUSDT,SELL,LIMIT,1701145993069,2959,0.0037392
1000BONKUSDT,SELL,LIMIT,1701146001794,978078,0.0037358
1000BONKUSDT,SELL,LIMIT,1701147081326,120900,0.0037180
1000BONKUSDT,SELL,LIMIT,1701147829200,38306,0.0037161
1000BONKUSDT,SELL,LIMIT,1701147842955,75070,0.0037143
1000BONKUSDT,SELL,LIMIT,1701147844264,17551,0.0037022
1000BONKUSDT,SELL,LIMIT,1701147881389,130541,0.0036947
1000BONKUSDT,SELL,LIMIT,1701147883164,3590,0.0036856
1000BONKUSDT,SELL,LIMIT,1701147888166,31890,0.0036962
1000BONKUSDT,SELL,LIMIT,1701147891409,1639,0.0036817
1000BONKUSDT,SELL,LIMIT,1701147894854,21053,0.0036792
1000BONKUSDT,SELL,LIMIT,1701147905112,21007,0.0036677
1000BONKUSDT,SELL,LIMIT,1701149098940,65572,0.0036640
1000BONKUSDT,SELL,LIMIT,1701149187264,19051,0.0036532
1000BONKUSDT,SELL,LIMIT,1701149188276,131648,0.0036426
1000BONKUSDT,BUY,LIMIT,1701149367077,7796,0.0037776
1000BONKUSDT,SELL,LIMIT,1701150498363,53977,0.0036427
1000BONKUSDT,SELL,LIMIT,1701150586442,61113,0.0036295
1000BONKUSDT,SELL,LIMIT,1701150878675,418789,0.0036274
1000BONKUSDT,BUY,LIMIT,1701150916029,2965,0.0037537
1000BONKUSDT,SELL,LIMIT,1701151256152,24824,0.0036554
1000BONKUSDT,BUY,LIMIT,1701151434372,2009,0.0037647
1000BONKUSDT,BUY,LIMIT,1701152010209,21145,0.0038026
1000BONKUSDT,BUY,LIMIT,1701152141408,1345895,0.0038118
1000BONKUSDT,SELL,LIMIT,1701155329334,45738,0.0036830
1000BONKUSDT,SELL,LIMIT,1701155469412,955016,0.0036644
1000BONKUSDT,SELL,LIMIT,1701155529786,164237,0.0036656
1000BONKUSDT,SELL,LIMIT,1701155532213,65179,0.0036612
1000BONKUSDT,SELL,LIMIT,1701155536274,1467,0.0036564
1000BONKUSDT,SELL,LIMIT,1701155670125,490618,0.0036436
1000BONKUSDT,SELL,LIMIT,1701156510038,181263,0.0036113
1000BONKUSDT,BUY,LIMIT,1701156752075,2090,0.0037405
1000BONKUSDT,SELL,LIMIT,1701159409710,4981,0.0037182
1000BONKUSDT,BUY,LIMIT,1701159704294,156467,0.0038161
1000BONKUSDT,BUY,LIMIT,1701160290196,371570,0.0038405
1000BONKUSDT,BUY,LIMIT,1701160512943,134504,0.0038503
1000BONKUSDT,BUY,LIMIT,1701161091002,17667,0.0038647
1000BONKUSDT,SELL,LIMIT,1701162474535,790095,0.0037102
1000BONKUSDT,SELL,LIMIT,1701162476180,12753,0.0037092
1000BONKUSDT,BUY,LIMIT,1701163288822,40647,0.0038956
1000BONKUSDT,SELL,LIMIT,1701164019621,4062,0.0037654
1000BONKUSDT,SELL,LIMIT,1701164041128,57035,0.0037609
1000BONKUSDT,BUY,LIMIT,1701164363171,5311,0.0039205
1000BONKUSDT,BUY,LIMIT,1701164515259,3972,0.0039399
1000BONKUSDT,BUY,LIMIT,1701164522467,9527,0.0039470
1000BONKUSDT,BUY,LIMIT,1701165461617,16615,0.0039744
1000BONKUSDT,BUY,LIMIT,1701165467257,189853,0.0039761
1000BONKUSDT,SELL,LIMIT,1701166291788,130954,0.0038523
1000BONKUSDT,SELL,LIMIT,1701166326188,257212,0.0038354
1000BONKUSDT,SELL,LIMIT,1701166327284,20430,0.0038337
1000BONKUSDT,BUY,LIMIT,1701167571269,476993,0.0040057
1000BONKUSDT,BUY,LIMIT,1701167790310,24478,0.0040250
1000BONKUSDT,BUY,LIMIT,1701167930667,11365,0.0040417
1000BONKUSDT,BUY,LIMIT,1701168021755,12738,0.0040487
1000BONKUSDT,BUY,LIMIT,1701168042177,54274,0.0040537
1000BONKUSDT,BUY,LIMIT,1701168060143,300360,0.0040552
1000BONKUSDT,BUY,LIMIT,1701168075030,331409,0.0040665
1000BONKUSDT,BUY,LIMIT,1701168202716,148094,0.0040714
1000BONKUSDT,BUY,LIMIT,1701168254575,16726,0.0040811
1000BONKUSDT,SELL,LIMIT,1701168470253,91286,0.0039327
1000BONKUSDT,SELL,LIMIT,1701168547554,609335,0.0039280
1000BONKUSDT,SELL,LIMIT,1701168549751,149124,0.0039259
1000BONKUSDT,SELL,LIMIT,1701168564121,30897,0.0039200
1000BONKUSDT,BUY,LIMIT,1701169081750,104792,0.0040891
1000BONKUSDT,SELL,LIMIT,1701169496061,32094,0.0039451
1000BONKUSDT,SELL,LIMIT,1701169672701,1989,0.0039407
1000BONKUSDT,BUY,LIMIT,1701170005420,24793,0.0040891
1000BONKUSDT,BUY,LIMIT,1701170023299,56544,0.0041032
1000BONKUSDT,BUY,LIMIT,1701170081465,117187,0.0041180
1000BONKUSDT,SELL,LIMIT,1701170126200,26294,0.0039726
1000BONKUSDT,SELL,LIMIT,1701170135282,27258,0.0039702
1000BONKUSDT,SELL,LIMIT,1701170252657,90602,0.0039602
1000BONKUSDT,SELL,LIMIT,1701170295435,69413,0.0039320
1000BONKUSDT,SELL,LIMIT,1701170304421,59820,0.0039310
1000BONKUSDT,BUY,LIMIT,1701171450570,2721,0.0041332
1000BONKUSDT,BUY,LIMIT,1701171465082,2961,0.0041407
1000BONKUSDT,BUY,LIMIT,1701171474335,18359,0.0041485
1000BONKUSDT,BUY,LIMIT,1701171475440,3546,0.0041586
1000BONKUSDT,BUY,LIMIT,1701171507623,541008,0.0041746
1000BONKUSDT,BUY,LIMIT,1701171509396,20226,0.0041826
1000BONKUSDT,BUY,LIMIT,1701171512287,349667,0.0041868
1000BONKUSDT,BUY,LIMIT,1701171543244,2340,0.0041960
1000BONKUSDT,BUY,LIMIT,1701171579098,5816,0.0042043
1000BONKUSDT,BUY,LIMIT,1701171580805,5653,0.0042097
1000BONKUSDT,SELL,LIMIT,1701171990465,10864,0.0040532
1000BONKUSDT,SELL,LIMIT,1701172019815,19982,0.0040473
1000BONKUSDT,SELL,LIMIT,1701172211153,365893,0.0040453
1000BONKUSDT,SELL,LIMIT,1701172220572,15974,0.0040416
1000BONKUSDT,SELL,LIMIT,1701172250450,35230,0.0040377
1000BONKUSDT,SELL,LIMIT,1701172806364,23664,0.0040271
1000BONKUSDT,SELL,LIMIT,1701172830038,59787,0.0040239
1000BONKUSDT,SELL,LIMIT,1701172968443,32685,0.0040190
1000BONKUSDT,BUY,LIMIT,1701173176143,1214795,0.0041921
1000BONKUSDT,BUY,LIMIT,1701173199230,6465,0.0041977
1000BONKUSDT,SELL,LIMIT,1701173233380,19304,0.0040652
1000BONKUSDT,SELL,LIMIT,1701173293251,8298,0.0040520
1000BONKUSDT,BUY,LIMIT,1701173809559,384482,0.0041949
1000BONKUSDT,SELL,LIMIT,1701174012706,20776,0.0040576
1000BONKUSDT,SELL,LIMIT,1701174025570,50937,0.0040501
1000BONKUSDT,SELL,LIMIT,1701174092328,15668,0.0040385
1000BONKUSDT,SELL,LIMIT,1701174329347,184897,0.0040273
1000BONKUSDT,SELL,LIMIT,1701174335285,33385,0.0040197
1000BONKUSDT,BUY,LIMIT,1701174424903,43654,0.0041605
1000BONKUSDT,BUY,LIMIT,1701174689178,404140,0.0041915
1000BONKUSDT,SELL,LIMIT,1701175146116,16630,0.0040489
1000BONKUSDT,SELL,LIMIT,1701175411803,52089,0.0040508
1000BONKUSDT,BUY,LIMIT,1701175635103,6383,0.0041911
1000BONKUSDT,BUY,LIMIT,1701175636361,27192,0.0041953
1000BONKUSDT,BUY,LIMIT,1701175733186,30065,0.0041962
1000BONKUSDT,BUY,LIMIT,1701175852616,64931,0.0041981
1000BONKUSDT,SELL,LIMIT,1701175932737,4552,0.0040484
1000BONKUSDT,SELL,LIMIT,1701176464090,1232,0.0040269
1000BONKUSDT,SELL,LIMIT,1701176465487,414285,0.0040219
1000BONKUSDT,SELL,LIMIT,1701176485076,12482,0.0040190
1000BONKUSDT,SELL,LIMIT,1701176494129,2281,0.0040152
1000BONKUSDT,BUY,LIMIT,1701176511284,7875,0.0041630
1000BONKUSDT,SELL,LIMIT,1701176586264,615280,0.0040211
1000BONKUSDT,SELL,LIMIT,1701176587618,137940,0.0040144
1000BONKUSDT,SELL,LIMIT,1701176590244,4256,0.0040104
1000BONKUSDT,SELL,LIMIT,1701176592083,2020,0.0040007
1000BONKUSDT,SELL,LIMIT,1701176593473,4712,0.0040076
1000BONKUSDT,SELL,LIMIT,1701176650659,21190,0.0039995
1000BONKUSDT,SELL,LIMIT,1701176716299,631591,0.0039870
1000BONKUSDT,SELL,LIMIT,1701176719291,4046,0.0039746
1000BONKUSDT,SELL,LIMIT,1701176721337,224124,0.0039771
1000BONKUSDT,SELL,LIMIT,1701176742667,71954,0.0039723
1000BONKUSDT,SELL,LIMIT,1701176747998,20285,0.0039674
1000BONKUSDT,BUY,LIMIT,1701176951476,6232,0.0041137
1000BONKUSDT,BUY,LIMIT,1701177184482,468743,0.0041248
1000BONKUSDT,BUY,LIMIT,1701177186024,129658,0.0041265
1000BONKUSDT,BUY,LIMIT,1701177526363,48808,0.0041473
1000BONKUSDT,BUY,LIMIT,1701177915639,2440,0.0041641
1000BONKUSDT,BUY,LIMIT,1701179160011,16487,0.0041811
1000BONKUSDT,BUY,LIMIT,1701179615562,51628,0.0041921
1000BONKUSDT,BUY,LIMIT,1701179617862,6322,0.0041934
1000BONKUSDT,BUY,LIMIT,1701179620002,67458,0.0041949
1000BONKUSDT,BUY,LIMIT,1701179625130,59074,0.0042017
