Symbol,Side,Order Type,Time,Quantity,Price
1000SHIBUSDT,SELL,LIMIT,1700851250698,88156,0.008148
1000SHIBUSDT,SELL,LIMIT,1700852914374,680,0.008127
1000SHIBUSDT,SELL,LIMIT,1700852934539,650,0.008127
1000SHIBUSDT,SELL,LIMIT,1700852938165,51236,0.008125
1000SHIBUSDT,SELL,LIMIT,1700852939366,1320,0.008126
1000SHIBUSDT,SELL,LIMIT,1700863949860,629804,0.008144
1000SHIBUSDT,SELL,LIMIT,1700863960529,2000,0.008350
1000SHIBUSDT,SELL,LIMIT,1700867079969,203840,0.008118
1000SHIBUSDT,SELL,LIMIT,1700867203787,133659,0.008101
1000SHIBUSDT,SELL,LIMIT,1700867379737,1075,0.008097
1000SHIBUSDT,SELL,LIMIT,1700867383376,89274,0.008089
1000SHIBUSDT,SELL,LIMIT,1700867413978,168783,0.008085
1000SHIBUSDT,BUY,LIMIT,1700873464556,10113,0.008265
1000SHIBUSDT,BUY,LIMIT,1700876355689,761,0.008323
1000SHIBUSDT,BUY,LIMIT,1700876842021,1156,0.008337
1000SHIBUSDT,SELL,LIMIT,1700877272223,735,0.008236
1000SHIBUSDT,BUY,LIMIT,1700879451153,2747,0.008351
1000SHIBUSDT,BUY,LIMIT,1700879563431,749289,0.008350
1000SHIBUSDT,BUY,LIMIT,1700879775534,1631,0.008356
1000SHIBUSDT,BUY,LIMIT,1700891036737,611,0.008361
1000SHIBUSDT,BUY,LIMIT,1700892098325,3313,0.008366
1000SHIBUSDT,BUY,LIMIT,1700892138712,60923,0.008368
1000SHIBUSDT,BUY,LIMIT,1700892164498,198737,0.008372
1000SHIBUSDT,BUY,LIMIT,1700892167153,264795,0.008375
1000SHIBUSDT,BUY,LIMIT,1700892169241,6508,0.008376
1000SHIBUSDT,BUY,LIMIT,1700892177387,1085904,0.008381
1000SHIBUSDT,BUY,LIMIT,1700892187972,1885,0.008378
1000SHIBUSDT,BUY,LIMIT,1700892199245,1326,0.008379
1000SHIBUSDT,BUY,LIMIT,1700893187051,6018,0.008389
1000SHIBUSDT,BUY,LIMIT,1700894007106,1216,0.008394
1000SHIBUSDT,BUY,LIMIT,1700894094156,165244,0.008394
1000SHIBUSDT,BUY,LIMIT,1700895019582,18557,0.008401
1000SHIBUSDT,BUY,LIMIT,1700896079794,599781,0.008409
1000SHIBUSDT,BUY,LIMIT,1700896108799,200879,0.008413
1000SHIBUSDT,BUY,LIMIT,1700896125409,1070,0.008421
1000SHIBUSDT,BUY,LIMIT,1700896136166,42303,0.008427
1000SHIBUSDT,BUY,LIMIT,1700896205181,246112,0.008437
1000SHIBUSDT,BUY,LIMIT,1700896423996,2295,0.008439
1000SHIBUSDT,BUY,LIMIT,1700896556407,3131,0.008440
1000SHIBUSDT,BUY,LIMIT,1700896557917,3737,0.008443
1000SHIBUSDT,BUY,LIMIT,1700896560945,43624,0.008447
1000SHIBUSDT,SELL,LIMIT,1700911394481,20000,0.008241
1000SHIBUSDT,SELL,LIMIT,1700912284887,1111,0.008222
1000SHIBUSDT,SELL,LIMIT,1700912422290,51295,0.008215
1000SHIBUSDT,SELL,LIMIT,1700912433247,92974,0.008212
1000SHIBUSDT,SELL,LIMIT,1700912434422,14835,0.008213
1000SHIBUSDT,BUY,LIMIT,1700930303075,7371,0.008409
1000SHIBUSDT,BUY,LIMIT,1700932557241,76304,0.008424
1000SHIBUSDT,BUY,LIMIT,1700932558773,67217,0.008425
1000SHIBUSDT,BUY,LIMIT,1700933054264,24555,0.008450
1000SHIBUSDT,BUY,LIMIT,1700933068384,7545,0.008456
1000SHIBUSDT,BUY,LIMIT,1700933071234,24487,0.008457
1000SHIBUSDT,BUY,LIMIT,1700933091555,53279,0.008460
1000SHIBUSDT,BUY,LIMIT,1700933143351,35861,0.008468
1000SHIBUSDT,BUY,LIMIT,1700933158901,4730,0.008469
1000SHIBUSDT,BUY,LIMIT,1700933164103,60204,0.008470
1000SHIBUSDT,BUY,LIMIT,1700933185004,711,0.008471
1000SHIBUSDT,BUY,LIMIT,1700933205101,46060,0.008477
1000SHIBUSDT,BUY,LIMIT,1700933206149,1901664,0.008490
1000SHIBUSDT,BUY,LIMIT,1700933229574,34572,0.008497
1000SHIBUSDT,BUY,LIMIT,1700933246657,18960,0.008501
1000SHIBUSDT,BUY,LIMIT,1700933258746,3044,0.008504
1000SHIBUSDT,BUY,LIMIT,1700933343589,1444043,0.008517
1000SHIBUSDT,BUY,LIMIT,1700933355161,772352,0.008514
1000SHIBUSDT,BUY,LIMIT,1700933357052,245095,0.008514
1000SHIBUSDT,BUY,LIMIT,1700933362028,62019,0.008518
1000SHIBUSDT,BUY,LIMIT,1700933374577,4871,0.008522
1000SHIBUSDT,BUY,LIMIT,1700933385476,884,0.008523
1000SHIBUSDT,BUY,LIMIT,1700933400583,15695,0.008526
1000SHIBUSDT,BUY,LIMIT,1700933422784,1171402,0.008532
1000SHIBUSDT,BUY,LIMIT,1700933426590,166741,0.008531
1000SHIBUSDT,BUY,LIMIT,1700933434193,2977865,0.008539
1000SHIBUSDT,BUY,LIMIT,1700933435354,2510,0.008534
1000SHIBUSDT,BUY,LIMIT,1700933490916,29441,0.008541
1000SHIBUSDT,BUY,LIMIT,1700933530209,51514,0.008545
1000SHIBUSDT,BUY,LIMIT,1700933543387,174849,0.008547
1000SHIBUSDT,BUY,LIMIT,1700933582315,693,0.008551
1000SHIBUSDT,BUY,LIMIT,1700933598169,4909,0.008555
1000SHIBUSDT,BUY,LIMIT,1700933608358,1342,0.008559
1000SHIBUSDT,BUY,LIMIT,1700933610495,1486428,0.008567
1000SHIBUSDT,BUY,LIMIT,1700933615140,275222,0.008569
1000SHIBUSDT,BUY,LIMIT,1700933774330,603,0.008575
1000SHIBUSDT,BUY,LIMIT,1700933781576,167130,0.008577
1000SHIBUSDT,BUY,LIMIT,1700933805395,111569,0.008579
1000SHIBUSDT,BUY,LIMIT,1700933807036,8832,0.008589
1000SHIBUSDT,BUY,LIMIT,1700933808191,96341,0.008584
1000SHIBUSDT,BUY,LIMIT,1700933809635,2638163,0.008598
1000SHIBUSDT,BUY,LIMIT,1700933834065,657,0.008605
1000SHIBUSDT,BUY,LIMIT,1700933838354,510781,0.008603
1000SHIBUSDT,BUY,LIMIT,1700933840657,118411,0.008606
1000SHIBUSDT,BUY,LIMIT,1700934201033,145340,0.008614
1000SHIBUSDT,BUY,LIMIT,1700934888084,47002,0.008617
1000SHIBUSDT,BUY,LIMIT,1700934891451,879,0.008618
1000SHIBUSDT,BUY,LIMIT,1700934900801,260597,0.008625
1000SHIBUSDT,BUY,LIMIT,1700934927160,188532,0.008626
1000SHIBUSDT,BUY,LIMIT,1700934930435,12108,0.008627
1000SHIBUSDT,BUY,LIMIT,1700934939833,4792,0.008638
