Symbol,Side,Order Type,Time,Quantity,Price
1000XECUSDT,SELL,LIMIT,1701918511657,3260,0.03363
1000XECUSDT,SELL,LIMIT,1701919106190,7654,0.03343
1000XECUSDT,BUY,LIMIT,1701924235425,302,0.03501
1000XECUSDT,SELL,LIMIT,1701925299673,143,0.03334
1000XECUSDT,SELL,LIMIT,1701925301467,5597,0.03333
1000XECUSDT,SELL,LIMIT,1701925302739,160,0.03330
1000XECUSDT,SELL,LIMIT,1701925355794,2347,0.03327
1000XECUSDT,SELL,LIMIT,1701925407185,25696,0.03325
1000XECUSDT,SELL,LIMIT,1701928606436,161,0.03342
1000XECUSDT,SELL,LIMIT,1701931569716,11536,0.03371
1000XECUSDT,SELL,LIMIT,1701931829246,1470,0.03330
1000XECUSDT,SELL,LIMIT,1701932697367,4595,0.03316
1000XECUSDT,SELL,LIMIT,1701932699060,2187,0.03311
1000XECUSDT,SELL,LIMIT,1701932703383,7836,0.03307
1000XECUSDT,SELL,LIMIT,1701932704402,5480,0.03308
1000XECUSDT,SELL,LIMIT,1701933450043,5714,0.03306
1000XECUSDT,SELL,LIMIT,1701936755423,23147,0.03295
1000XECUSDT,SELL,LIMIT,1701936790135,5778,0.03290
1000XECUSDT,SELL,LIMIT,1701936858873,12392,0.03287
1000XECUSDT,SELL,LIMIT,1701936925100,7401,0.03278
1000XECUSDT,SELL,LIMIT,1701937022091,7257,0.03275
1000XECUSDT,SELL,LIMIT,1701937027402,226,0.03269
1000XECUSDT,SELL,LIMIT,1701937028474,27971,0.03266
1000XECUSDT,SELL,LIMIT,1701937345328,204,0.03283
1000XECUSDT,SELL,LIMIT,1701937368090,148178,0.03270
1000XECUSDT,SELL,LIMIT,1701937531976,87544,0.03264
1000XECUSDT,SELL,LIMIT,1701939572126,643,0.03252
1000XECUSDT,SELL,LIMIT,1701939578210,6,0.03251
1000XECUSDT,SELL,LIMIT,1701939976179,530,0.03251
1000XECUSDT,SELL,LIMIT,1701940477713,2416,0.03244
1000XECUSDT,SELL,LIMIT,1701940481368,1146,0.03236
1000XECUSDT,SELL,LIMIT,1701940558020,9947,0.03229
1000XECUSDT,SELL,LIMIT,1701940559734,15910,0.03228
1000XECUSDT,SELL,LIMIT,1701940564483,2094,0.03224
1000XECUSDT,SELL,LIMIT,1701940569366,5347,0.03220
1000XECUSDT,SELL,LIMIT,1701940995110,605,0.03216
1000XECUSDT,SELL,LIMIT,1701941005346,11824,0.03213
1000XECUSDT,SELL,LIMIT,1701941077281,14001,0.03206
1000XECUSDT,SELL,LIMIT,1701941165257,64200,0.03197
1000XECUSDT,SELL,LIMIT,1701941167237,31163,0.03195
1000XECUSDT,SELL,LIMIT,1701941170055,1553,0.03189
1000XECUSDT,SELL,LIMIT,1701941173882,1870,0.03186
1000XECUSDT,SELL,LIMIT,1701941176103,5727,0.03185
1000XECUSDT,SELL,LIMIT,1701941178212,15213,0.03184
1000XECUSDT,SELL,LIMIT,1701941180966,6364,0.03186
1000XECUSDT,SELL,LIMIT,1701941189048,3070,0.03181
1000XECUSDT,SELL,LIMIT,1701941192320,1439,0.03182
1000XECUSDT,SELL,LIMIT,1701941207965,37790,0.03190
1000XECUSDT,SELL,LIMIT,1701941236795,258,0.03183
1000XECUSDT,SELL,LIMIT,1701941245452,190000,0.03176
1000XECUSDT,SELL,LIMIT,1701941247606,150,0.03175
1000XECUSDT,BUY,LIMIT,1701942446522,16719,0.03375
1000XECUSDT,SELL,LIMIT,1701954156113,150,0.03264
1000XECUSDT,SELL,LIMIT,1701955320521,237,0.03265
1000XECUSDT,SELL,LIMIT,1701957962823,1,0.03254
1000XECUSDT,BUY,LIMIT,1701962709733,2012,0.03432
1000XECUSDT,BUY,LIMIT,1701962806752,286,0.03435
1000XECUSDT,BUY,LIMIT,1701963118590,7459,0.03443
1000XECUSDT,BUY,LIMIT,1701964339528,9000,0.03425
1000XECUSDT,SELL,LIMIT,1701977032675,30211,0.03277
1000XECUSDT,SELL,LIMIT,1701991961866,18521,0.03280
1000XECUSDT,SELL,LIMIT,1702003909953,12020,0.03247
1000XECUSDT,SELL,LIMIT,1702020223724,153,0.04646
1000XECUSDT,BUY,LIMIT,1702023122184,4589,0.03498
1000XECUSDT,BUY,LIMIT,1702023523070,8049,0.03523
1000XECUSDT,BUY,LIMIT,1702023584075,61940,0.03534
1000XECUSDT,BUY,LIMIT,1702023594662,104339,0.03543
1000XECUSDT,SELL,LIMIT,1702037074754,150,0.03328
1000XECUSDT,SELL,LIMIT,1702049346326,12251,0.03399
1000XECUSDT,SELL,LIMIT,1702050475845,177,0.03343
1000XECUSDT,BUY,LIMIT,1702052530227,2135,0.03478
1000XECUSDT,BUY,LIMIT,1702060191427,202,0.03486
1000XECUSDT,BUY,LIMIT,1702065891119,1066,0.03492
1000XECUSDT,BUY,LIMIT,1702070562089,1239,0.03496
1000XECUSDT,BUY,LIMIT,1702070916948,37648,0.03499
1000XECUSDT,BUY,LIMIT,1702077637431,2500,0.03501
1000XECUSDT,BUY,LIMIT,1702078502987,171,0.03508
1000XECUSDT,BUY,LIMIT,1702081652141,3689,0.03508
1000XECUSDT,BUY,LIMIT,1702094757471,1125,0.03499
1000XECUSDT,BUY,LIMIT,1702098506365,16474,0.03507
1000XECUSDT,BUY,LIMIT,1702106825704,1465,0.03515
1000XECUSDT,BUY,LIMIT,1702109720050,1453,0.03522
1000XECUSDT,BUY,LIMIT,1702110068345,2680,0.03529
1000XECUSDT,SELL,LIMIT,1702110269147,47,0.03399
1000XECUSDT,BUY,LIMIT,1702114175217,1106,0.03512
1000XECUSDT,BUY,LIMIT,1702131812521,35811,0.03517
1000XECUSDT,SELL,LIMIT,1702134465839,1000,0.03344
1000XECUSDT,SELL,LIMIT,1702142787579,1736,0.03330
1000XECUSDT,SELL,LIMIT,1702162449478,1106,0.03343
1000XECUSDT,SELL,LIMIT,1702164548792,51071,0.03317
1000XECUSDT,SELL,LIMIT,1702164688818,1658,0.03315
1000XECUSDT,SELL,LIMIT,1702164803435,7576,0.03294
1000XECUSDT,SELL,LIMIT,1702164806621,2712,0.03294
1000XECUSDT,SELL,LIMIT,1702164808243,147,0.03293
1000XECUSDT,SELL,LIMIT,1702164851154,5903,0.03288
1000XECUSDT,SELL,LIMIT,1702200796114,1446,0.03296
1000XECUSDT,SELL,LIMIT,1702201430105,26769,0.03276
1000XECUSDT,SELL,LIMIT,1702201431436,717,0.03275
1000XECUSDT,SELL,LIMIT,1702201433089,9744,0.03269
1000XECUSDT,SELL,LIMIT,1702201438927,466,0.03265
1000XECUSDT,SELL,LIMIT,1702201481927,318,0.03262
1000XECUSDT,SELL,LIMIT,1702201898802,37777,0.03258
1000XECUSDT,SELL,LIMIT,1702201933298,175,0.03252
1000XECUSDT,SELL,LIMIT,1702202082063,1160,0.03246
1000XECUSDT,SELL,LIMIT,1702202157489,1294,0.03242
1000XECUSDT,SELL,LIMIT,1702202159863,517,0.03241
1000XECUSDT,SELL,LIMIT,1702202188904,24879,0.03239
1000XECUSDT,SELL,LIMIT,1702202253402,1461,0.03237
1000XECUSDT,SELL,LIMIT,1702202258273,289290,0.03229
1000XECUSDT,SELL,LIMIT,1702202268956,9527,0.03233
1000XECUSDT,SELL,LIMIT,1702202293068,5685,0.03228
1000XECUSDT,SELL,LIMIT,1702202298159,277,0.03222
1000XECUSDT,SELL,LIMIT,1702202318311,2737,0.03223
1000XECUSDT,SELL,LIMIT,1702202323568,258,0.03222
1000XECUSDT,SELL,LIMIT,1702202376301,57264,0.03218
1000XECUSDT,SELL,LIMIT,1702202380362,185,0.03217
1000XECUSDT,SELL,LIMIT,1702202383124,532,0.03217
1000XECUSDT,SELL,LIMIT,1702202386055,373,0.03217
1000XECUSDT,BUY,LIMIT,1702214154077,8707,0.03522
1000XECUSDT,BUY,LIMIT,1702214301011,28758,0.03540
1000XECUSDT,BUY,LIMIT,1702214598184,50911,0.03583
1000XECUSDT,BUY,LIMIT,1702214611504,226,0.03584
1000XECUSDT,BUY,LIMIT,1702217648638,581,0.03657
1000XECUSDT,BUY,LIMIT,1702217673985,550,0.03669
1000XECUSDT,BUY,LIMIT,1702217710250,299,0.03674
1000XECUSDT,BUY,LIMIT,1702217752158,353,0.03692
1000XECUSDT,BUY,LIMIT,1702217753667,35415,0.03695
1000XECUSDT,BUY,LIMIT,1702217761097,3245,0.03701
1000XECUSDT,BUY,LIMIT,1702217782418,7577,0.03707
1000XECUSDT,BUY,LIMIT,1702217866338,422,0.03728
1000XECUSDT,BUY,LIMIT,1702218107340,737,0.03769
1000XECUSDT,BUY,LIMIT,1702218115918,2248,0.03781
1000XECUSDT,BUY,LIMIT,1702218513083,14470,0.03813
1000XECUSDT,BUY,LIMIT,1702218535277,1607,0.03821
1000XECUSDT,BUY,LIMIT,1702218545470,2750,0.03827
1000XECUSDT,BUY,LIMIT,1702218547998,512,0.03829
1000XECUSDT,SELL,LIMIT,1702219461213,2657,0.03578
1000XECUSDT,SELL,LIMIT,1702223346387,1453,0.03571
1000XECUSDT,SELL,LIMIT,1702223347483,2080,0.03569
1000XECUSDT,SELL,LIMIT,1702223353380,14685,0.03563
1000XECUSDT,SELL,LIMIT,1702223356336,4364,0.03557
1000XECUSDT,SELL,LIMIT,1702223709606,7037,0.03548
1000XECUSDT,SELL,LIMIT,1702223794953,3383,0.03547
1000XECUSDT,SELL,LIMIT,1702223867541,805,0.03543
1000XECUSDT,SELL,LIMIT,1702223895998,102425,0.03542
1000XECUSDT,SELL,LIMIT,1702227187283,5866,0.03527
1000XECUSDT,SELL,LIMIT,1702227190662,14957,0.03528
1000XECUSDT,SELL,LIMIT,1702227206480,366,0.03524
1000XECUSDT,SELL,LIMIT,1702227208289,1722,0.03520
1000XECUSDT,SELL,LIMIT,1702227209333,1029,0.03520
1000XECUSDT,BUY,LIMIT,1702246366418,545,0.03732
1000XECUSDT,SELL,LIMIT,1702250223319,15103,0.03562
1000XECUSDT,SELL,LIMIT,1702250295196,557,0.03544
1000XECUSDT,SELL,LIMIT,1702253049466,16746,0.03509
1000XECUSDT,SELL,LIMIT,1702253051276,1600,0.03507
1000XECUSDT,SELL,LIMIT,1702253052311,9940,0.03503
1000XECUSDT,BUY,LIMIT,1702253834533,15,0.03669
1000XECUSDT,BUY,LIMIT,1702254094939,5874,0.03752
1000XECUSDT,BUY,LIMIT,1702254113163,122718,0.03761
1000XECUSDT,BUY,LIMIT,1702254148568,139462,0.03781
1000XECUSDT,BUY,LIMIT,1702254151325,413,0.03786
1000XECUSDT,BUY,LIMIT,1702254154327,509,0.03793
1000XECUSDT,BUY,LIMIT,1702254157027,1745,0.03797
1000XECUSDT,BUY,LIMIT,1702254262412,1731,0.03816
1000XECUSDT,BUY,LIMIT,1702254309146,2299,0.03832
1000XECUSDT,BUY,LIMIT,1702254343079,303140,0.03869
1000XECUSDT,BUY,LIMIT,1702254737341,2739,0.03870
1000XECUSDT,BUY,LIMIT,1702254740389,226,0.03872
1000XECUSDT,BUY,LIMIT,1702254743390,3106,0.03892
1000XECUSDT,BUY,LIMIT,1702254749133,362,0.03915
1000XECUSDT,BUY,LIMIT,1702254750547,1103,0.03915
1000XECUSDT,BUY,LIMIT,1702254756096,68136,0.03926
1000XECUSDT,BUY,LIMIT,1702254759091,2759,0.03931
1000XECUSDT,BUY,LIMIT,1702254760942,1616,0.03935
1000XECUSDT,BUY,LIMIT,1702254825279,277,0.03961
1000XECUSDT,BUY,LIMIT,1702254827192,1183,0.03965
1000XECUSDT,BUY,LIMIT,1702254984768,6605,0.03973
1000XECUSDT,SELL,LIMIT,1702256620302,2742,0.03704
1000XECUSDT,SELL,LIMIT,1702256853824,32187,0.03709
1000XECUSDT,SELL,LIMIT,1702256988233,4939,0.03687
1000XECUSDT,SELL,LIMIT,1702257008247,7046,0.03682
1000XECUSDT,SELL,LIMIT,1702257019394,169,0.03666
1000XECUSDT,SELL,LIMIT,1702257030510,2108,0.03652
1000XECUSDT,SELL,LIMIT,1702257033894,655,0.03649
1000XECUSDT,SELL,LIMIT,1702260431355,2224,0.03627
1000XECUSDT,BUY,LIMIT,1702260434514,8161,0.03766
1000XECUSDT,SELL,LIMIT,1702260437447,535,0.03629
1000XECUSDT,SELL,LIMIT,1702260447063,2602,0.03614
1000XECUSDT,SELL,LIMIT,1702260448468,17274,0.03612
1000XECUSDT,SELL,LIMIT,1702260634773,23588,0.03596
1000XECUSDT,SELL,LIMIT,1702260637060,1193,0.03595
1000XECUSDT,SELL,LIMIT,1702260678429,9226,0.03583
1000XECUSDT,SELL,LIMIT,1702260698565,4076,0.03587
1000XECUSDT,SELL,LIMIT,1702260708914,30853,0.03590
1000XECUSDT,SELL,LIMIT,1702260711572,1072,0.03576
1000XECUSDT,SELL,LIMIT,1702260713331,127194,0.03578
1000XECUSDT,SELL,LIMIT,1702260715922,2105,0.03574
1000XECUSDT,BUY,LIMIT,1702260718518,1360,0.00898
1000XECUSDT,SELL,LIMIT,1702260719886,1000,0.03566
1000XECUSDT,SELL,LIMIT,1702260724997,24298,0.03561
1000XECUSDT,SELL,LIMIT,1702260726437,6779,0.03559
1000XECUSDT,SELL,LIMIT,1702260727894,24701,0.03622
1000XECUSDT,SELL,LIMIT,1702260730702,4107,0.03545
1000XECUSDT,SELL,LIMIT,1702260733743,8849,0.03553
1000XECUSDT,SELL,LIMIT,1702260736406,15232,0.03540
1000XECUSDT,SELL,LIMIT,1702260738764,41956,0.03536
1000XECUSDT,SELL,LIMIT,1702260740157,1725,0.03535
1000XECUSDT,SELL,LIMIT,1702260741245,7332,0.03536
1000XECUSDT,SELL,LIMIT,1702260742318,5777,0.03523
1000XECUSDT,SELL,LIMIT,1702260744127,4944,0.03563
1000XECUSDT,SELL,LIMIT,1702260745669,7703,0.03503
1000XECUSDT,SELL,LIMIT,1702260747051,12963,0.03502
1000XECUSDT,SELL,LIMIT,1702260748776,2206,0.03859
1000XECUSDT,SELL,LIMIT,1702260749997,7820,0.03496
1000XECUSDT,SELL,LIMIT,1702260751728,7320,0.03509
1000XECUSDT,SELL,LIMIT,1702260752825,548,0.03495
1000XECUSDT,SELL,LIMIT,1702260754219,40094,0.03494
1000XECUSDT,SELL,LIMIT,1702260757327,3430,0.04089
1000XECUSDT,SELL,LIMIT,1702260758436,119074,0.03486
1000XECUSDT,SELL,LIMIT,1702260759884,1000,0.03492
1000XECUSDT,SELL,LIMIT,1702260760967,145,0.03471
1000XECUSDT,SELL,LIMIT,1702260762597,145,0.03423
1000XECUSDT,SELL,LIMIT,1702260763677,19600,0.03480
1000XECUSDT,SELL,LIMIT,1702260764755,145,0.03414
1000XECUSDT,SELL,LIMIT,1702260765850,1606,0.03417
1000XECUSDT,SELL,LIMIT,1702260766925,571230,0.03393
1000XECUSDT,SELL,LIMIT,1702260767940,29607,0.03423
1000XECUSDT,SELL,LIMIT,1702260769741,297,0.03391
1000XECUSDT,SELL,LIMIT,1702260771045,27257,0.03410
1000XECUSDT,SELL,LIMIT,1702260772127,545,0.03399
1000XECUSDT,SELL,LIMIT,1702260773283,3130,0.03373
1000XECUSDT,SELL,LIMIT,1702260774470,2936,0.03359
1000XECUSDT,SELL,LIMIT,1702260775521,150000,0.03352
1000XECUSDT,SELL,LIMIT,1702260776918,297,0.03352
1000XECUSDT,SELL,LIMIT,1702260778195,2674,0.03346
1000XECUSDT,SELL,LIMIT,1702260779440,141271,0.03430
1000XECUSDT,SELL,LIMIT,1702260780468,11451,0.03339
1000XECUSDT,SELL,LIMIT,1702260781531,95079,0.03337
1000XECUSDT,SELL,LIMIT,1702260782549,16467,0.03324
1000XECUSDT,SELL,LIMIT,1702260783560,9230,0.03329
1000XECUSDT,SELL,LIMIT,1702260784574,1378,0.03325
1000XECUSDT,SELL,LIMIT,1702260785815,2851,0.03327
1000XECUSDT,SELL,LIMIT,1702260786943,30039,0.03295
1000XECUSDT,SELL,LIMIT,1702260788238,66245,0.03295
1000XECUSDT,SELL,LIMIT,1702260789393,297,0.03320
1000XECUSDT,SELL,LIMIT,1702260790413,1359,0.03274
1000XECUSDT,SELL,LIMIT,1702260791529,7286,0.03306
1000XECUSDT,BUY,LIMIT,1702260792671,1405,0.03339
1000XECUSDT,SELL,LIMIT,1702260793719,208,0.03247
1000XECUSDT,SELL,LIMIT,1702260794724,1330,0.03244
1000XECUSDT,SELL,LIMIT,1702260796260,479,0.03232
1000XECUSDT,SELL,LIMIT,1702260797274,163,0.03230
1000XECUSDT,SELL,LIMIT,1702260798446,93783,0.03227
1000XECUSDT,SELL,LIMIT,1702260799475,81,0.03218
1000XECUSDT,SELL,LIMIT,1702260800477,3977,0.03203
1000XECUSDT,BUY,LIMIT,1702260801901,13390,0.03360
1000XECUSDT,SELL,LIMIT,1702260804174,6762,0.03202
1000XECUSDT,SELL,LIMIT,1702260805363,13999,0.03221
1000XECUSDT,SELL,LIMIT,1702260806619,996,0.03225
1000XECUSDT,SELL,LIMIT,1702260807799,264,0.03200
1000XECUSDT,SELL,LIMIT,1702260808982,205,0.03226
1000XECUSDT,SELL,LIMIT,1702260811170,14479,0.03203
1000XECUSDT,SELL,LIMIT,1702260813300,5000,0.03200
1000XECUSDT,SELL,LIMIT,1702260814678,657,0.03199
1000XECUSDT,SELL,LIMIT,1702260818475,1307,0.03192
1000XECUSDT,SELL,LIMIT,1702260822786,84861,0.03198
1000XECUSDT,SELL,LIMIT,1702260825214,1077,0.03193
1000XECUSDT,BUY,LIMIT,1702261097026,1024,0.03589
1000XECUSDT,BUY,LIMIT,1702262135648,9457,0.03704
1000XECUSDT,SELL,LIMIT,1702262627309,3331,0.03489
1000XECUSDT,SELL,LIMIT,1702262874225,2778,0.03493
1000XECUSDT,BUY,LIMIT,1702263347420,279,0.03711
1000XECUSDT,BUY,LIMIT,1702263668853,1000,0.03679
1000XECUSDT,BUY,LIMIT,1702265631578,209,0.03730
1000XECUSDT,BUY,LIMIT,1702265676546,56637,0.03742
1000XECUSDT,BUY,LIMIT,1702265681461,349,0.03746
1000XECUSDT,BUY,LIMIT,1702265699182,15000,0.03764
1000XECUSDT,BUY,LIMIT,1702265705804,63750,0.03771
1000XECUSDT,BUY,LIMIT,1702265712549,11338,0.03779
1000XECUSDT,BUY,LIMIT,1702265716209,328,0.03790
