Symbol,Side,Order Type,Time,Quantity,Price
1000BONKUSDT,SELL,LIMIT,1700845614871,11571,0.0039364
1000BONKUSDT,BUY,LIMIT,1700845876509,137810,0.0040688
1000BONKUSDT,SELL,LIMIT,1700847191838,23788,0.0039551
1000BONKUSDT,BUY,LIMIT,1700847983748,253438,0.0040892
1000BONKUSDT,SELL,LIMIT,1700848630264,3579,0.0039974
1000BONKUSDT,SELL,LIMIT,1700848691332,289710,0.0039875
1000BONKUSDT,SELL,LIMIT,1700849704444,30402,0.0039714
1000BONKUSDT,SELL,LIMIT,1700849723211,11309,0.0039642
1000BONKUSDT,SELL,LIMIT,1700849728067,63950,0.0039628
1000BONKUSDT,SELL,LIMIT,1700849729326,2730,0.0039621
1000BONKUSDT,SELL,LIMIT,1700849816240,33996,0.0039435
1000BONKUSDT,SELL,LIMIT,1700849885954,39991,0.0039386
1000BONKUSDT,BUY,LIMIT,1700850843141,23843,0.0040689
1000BONKUSDT,SELL,LIMIT,1700851190358,2421,0.0039311
1000BONKUSDT,SELL,LIMIT,1700851192341,230618,0.0039220
1000BONKUSDT,BUY,LIMIT,1700851913720,37650,0.0041269
1000BONKUSDT,BUY,LIMIT,1700851952620,16585,0.0041301
1000BONKUSDT,BUY,LIMIT,1700852224427,73928,0.0041381
1000BONKUSDT,BUY,LIMIT,1700852276345,71545,0.0041497
1000BONKUSDT,BUY,LIMIT,1700852402201,1228199,0.0041520
1000BONKUSDT,BUY,LIMIT,1700852430263,918148,0.0041569
1000BONKUSDT,BUY,LIMIT,1700852434157,1647,0.0041688
1000BONKUSDT,BUY,LIMIT,1700852436657,21841,0.0041703
1000BONKUSDT,BUY,LIMIT,1700852463464,14698,0.0041909
1000BONKUSDT,BUY,LIMIT,1700852481587,354008,0.0042006
1000BONKUSDT,BUY,LIMIT,1700852483782,2034,0.0042038
1000BONKUSDT,BUY,LIMIT,1700852484940,362724,0.0042178
1000BONKUSDT,BUY,LIMIT,1700852494177,1253490,0.0042272
1000BONKUSDT,SELL,LIMIT,1700852685350,60708,0.0040707
1000BONKUSDT,BUY,LIMIT,1700852936181,1250,0.0042185
1000BONKUSDT,BUY,LIMIT,1700853175118,1005191,0.0042371
1000BONKUSDT,BUY,LIMIT,1700853176232,1913538,0.0042499
1000BONKUSDT,BUY,LIMIT,1700853177285,13717,0.0042420
1000BONKUSDT,BUY,LIMIT,1700853597043,3783,0.0042513
1000BONKUSDT,BUY,LIMIT,1700853604782,4698099,0.0042912
1000BONKUSDT,BUY,LIMIT,1700853621886,807786,0.0042612
1000BONKUSDT,BUY,LIMIT,1700853653932,8320,0.0042721
1000BONKUSDT,SELL,LIMIT,1700853745179,179158,0.0041085
1000BONKUSDT,BUY,LIMIT,1700853770172,2208,0.0042778
1000BONKUSDT,BUY,LIMIT,1700854178042,311232,0.0042836
1000BONKUSDT,BUY,LIMIT,1700854263279,19287,0.0042875
1000BONKUSDT,BUY,LIMIT,1700854264335,675896,0.0042912
1000BONKUSDT,BUY,LIMIT,1700854281060,35923,0.0042898
1000BONKUSDT,BUY,LIMIT,1700854306159,159395,0.0042972
1000BONKUSDT,BUY,LIMIT,1700854309926,233988,0.0042981
1000BONKUSDT,SELL,LIMIT,1700854579940,15583,0.0041337
1000BONKUSDT,SELL,LIMIT,1700855011863,32981,0.0041321
1000BONKUSDT,SELL,LIMIT,1700855286781,7869,0.0041223
1000BONKUSDT,SELL,LIMIT,1700855352138,3797,0.0041152
1000BONKUSDT,SELL,LIMIT,1700855353374,11785,0.0041122
1000BONKUSDT,SELL,LIMIT,1700855356992,962428,0.0041088
1000BONKUSDT,SELL,LIMIT,1700855361283,31658,0.0040959
1000BONKUSDT,SELL,LIMIT,1700855787476,175401,0.0040760
1000BONKUSDT,SELL,LIMIT,1700855831487,1266,0.0040612
1000BONKUSDT,SELL,LIMIT,1700856931037,604439,0.0040560
1000BONKUSDT,SELL,LIMIT,1700859109368,13437,0.0040834
1000BONKUSDT,SELL,LIMIT,1700859162168,39413,0.0040495
1000BONKUSDT,SELL,LIMIT,1700859911197,1451,0.0040390
1000BONKUSDT,SELL,LIMIT,1700859976890,65533,0.0040359
1000BONKUSDT,SELL,LIMIT,1700859978568,1558594,0.0040130
1000BONKUSDT,BUY,LIMIT,1700860361395,15784,0.0041854
1000BONKUSDT,SELL,LIMIT,1700860881655,3407,0.0041271
1000BONKUSDT,SELL,LIMIT,1700863121938,131779,0.0040902
1000BONKUSDT,SELL,LIMIT,1700863948568,2333,0.0045326
1000BONKUSDT,SELL,LIMIT,1700866935971,20144,0.0040330
1000BONKUSDT,SELL,LIMIT,1700867177412,52385,0.0040052
1000BONKUSDT,SELL,LIMIT,1700867372182,22305,0.0040004
1000BONKUSDT,SELL,LIMIT,1700867376165,10337,0.0039976
1000BONKUSDT,SELL,LIMIT,1700867378360,819740,0.0039824
1000BONKUSDT,SELL,LIMIT,1700867387392,6316,0.0039663
1000BONKUSDT,SELL,LIMIT,1700868255932,75908,0.0040081
1000BONKUSDT,BUY,LIMIT,1700870923886,190207,0.0041803
1000BONKUSDT,BUY,LIMIT,1700871271370,4478,0.0042240
1000BONKUSDT,SELL,LIMIT,1700872622285,2822,0.0040681
1000BONKUSDT,SELL,LIMIT,1700872729475,142618,0.0040470
1000BONKUSDT,BUY,LIMIT,1700873265194,20184,0.0042644
1000BONKUSDT,BUY,LIMIT,1700874646261,10965,0.0042352
1000BONKUSDT,BUY,LIMIT,1700874776091,676410,0.0042702
1000BONKUSDT,BUY,LIMIT,1700874778232,163985,0.0042763
1000BONKUSDT,BUY,LIMIT,1700874816917,8507,0.0042854
1000BONKUSDT,BUY,LIMIT,1700874846691,38814,0.0042908
1000BONKUSDT,BUY,LIMIT,1700874884095,1194189,0.0043001
1000BONKUSDT,BUY,LIMIT,1700875195769,21586,0.0043083
1000BONKUSDT,BUY,LIMIT,1700875199787,3630,0.0043099
1000BONKUSDT,SELL,LIMIT,1700875313278,301144,0.0041422
1000BONKUSDT,BUY,LIMIT,1700875677091,9541,0.0043114
1000BONKUSDT,BUY,LIMIT,1700875681430,62757,0.0043294
1000BONKUSDT,SELL,LIMIT,1700875961245,5623,0.0041698
1000BONKUSDT,BUY,LIMIT,1700876460242,184481,0.0043427
1000BONKUSDT,BUY,LIMIT,1700876461395,4761,0.0043440
1000BONKUSDT,BUY,LIMIT,1700876469278,105921,0.0043474
1000BONKUSDT,BUY,LIMIT,1700876561202,71918,0.0043493
1000BONKUSDT,BUY,LIMIT,1700877323841,132939,0.0043584
1000BONKUSDT,BUY,LIMIT,1700877383517,13708,0.0043607
1000BONKUSDT,BUY,LIMIT,1700877387150,60681,0.0043706
1000BONKUSDT,BUY,LIMIT,1700877405305,8511,0.0043764
1000BONKUSDT,BUY,LIMIT,1700877407101,15130,0.0043801
1000BONKUSDT,BUY,LIMIT,1700877423823,19314,0.0043962
1000BONKUSDT,BUY,LIMIT,1700877548156,319481,0.0044138
1000BONKUSDT,BUY,LIMIT,1700877567559,574542,0.0044276
1000BONKUSDT,BUY,LIMIT,1700877570496,31129,0.0044365
1000BONKUSDT,BUY,LIMIT,1700877574092,91988,0.0044438
1000BONKUSDT,SELL,LIMIT,1700877673209,6719,0.0042713
1000BONKUSDT,SELL,LIMIT,1700878142655,159555,0.0042494
1000BONKUSDT,SELL,LIMIT,1700878404196,17702,0.0042292
1000BONKUSDT,SELL,LIMIT,1700878622061,122136,0.0042252
1000BONKUSDT,SELL,LIMIT,1700879070125,699,0.0041871
1000BONKUSDT,SELL,LIMIT,1700879081440,1133641,0.0041830
1000BONKUSDT,BUY,LIMIT,1700879456836,1127726,0.0043355
1000BONKUSDT,BUY,LIMIT,1700879725552,65529,0.0044075
1000BONKUSDT,BUY,LIMIT,1700883333276,96331,0.0044361
1000BONKUSDT,BUY,LIMIT,1700883334798,289774,0.0044410
1000BONKUSDT,BUY,LIMIT,1700883338781,31807,0.0044516
1000BONKUSDT,BUY,LIMIT,1700883341335,116204,0.0044645
1000BONKUSDT,BUY,LIMIT,1700883353623,95143,0.0044680
1000BONKUSDT,BUY,LIMIT,1700883355292,31319,0.0044740
1000BONKUSDT,BUY,LIMIT,1700883377808,182866,0.0044813
1000BONKUSDT,BUY,LIMIT,1700883408176,24691,0.0044830
1000BONKUSDT,BUY,LIMIT,1700883412650,14189,0.0044857
1000BONKUSDT,BUY,LIMIT,1700883416391,92190,0.0044971
1000BONKUSDT,SELL,LIMIT,1700884165544,4980,0.0043144
1000BONKUSDT,SELL,LIMIT,1700884201774,465320,0.0043120
1000BONKUSDT,BUY,LIMIT,1700884994272,456660,0.0044521
1000BONKUSDT,SELL,LIMIT,1700885235517,175673,0.0042909
1000BONKUSDT,SELL,LIMIT,1700885727063,4042,0.0042663
1000BONKUSDT,BUY,LIMIT,1700886060350,551693,0.0044779
1000BONKUSDT,SELL,LIMIT,1700886919020,3591,0.0042558
1000BONKUSDT,SELL,LIMIT,1700886920266,9110,0.0042528
1000BONKUSDT,SELL,LIMIT,1700887712987,29642,0.0042513
1000BONKUSDT,BUY,LIMIT,1700888049367,116391,0.0044063
1000BONKUSDT,SELL,LIMIT,1700888992231,1782,0.0042928
1000BONKUSDT,SELL,LIMIT,1700889111306,1727,0.0042659
1000BONKUSDT,SELL,LIMIT,1700889192343,140843,0.0042471
1000BONKUSDT,BUY,LIMIT,1700890531317,164996,0.0044198
1000BONKUSDT,SELL,LIMIT,1700892648230,13250,0.0042953
1000BONKUSDT,BUY,LIMIT,1700893619485,20187,0.0044841
1000BONKUSDT,BUY,LIMIT,1700893744716,79265,0.0044872
1000BONKUSDT,BUY,LIMIT,1700893887445,9470,0.0045198
1000BONKUSDT,SELL,LIMIT,1700896223679,196410,0.0043213
1000BONKUSDT,SELL,LIMIT,1700896248277,50548,0.0043101
1000BONKUSDT,SELL,LIMIT,1700897476609,68443,0.0043267
1000BONKUSDT,BUY,LIMIT,1700897821266,16398,0.0044930
1000BONKUSDT,BUY,LIMIT,1700897871019,25261,0.0045059
1000BONKUSDT,BUY,LIMIT,1700897880796,3128,0.0045142
1000BONKUSDT,BUY,LIMIT,1700897886800,6896,0.0045269
1000BONKUSDT,BUY,LIMIT,1700897887972,56013,0.0045288
1000BONKUSDT,BUY,LIMIT,1700897951220,135041,0.0045423
1000BONKUSDT,BUY,LIMIT,1700897953381,272186,0.0045457
1000BONKUSDT,BUY,LIMIT,1700897955941,49378,0.0045466
1000BONKUSDT,BUY,LIMIT,1700897959068,11349,0.0045553
1000BONKUSDT,BUY,LIMIT,1700897988544,7920,0.0045752
1000BONKUSDT,BUY,LIMIT,1700898025791,5872,0.0045869
1000BONKUSDT,BUY,LIMIT,1700898112060,6657,0.0045937
1000BONKUSDT,BUY,LIMIT,1700898117853,1702,0.0046001
1000BONKUSDT,BUY,LIMIT,1700898122062,446515,0.0046064
1000BONKUSDT,BUY,LIMIT,1700898127483,4027,0.0046095
1000BONKUSDT,BUY,LIMIT,1700898129756,31849,0.0046124
1000BONKUSDT,BUY,LIMIT,1700898131547,22540,0.0046127
1000BONKUSDT,BUY,LIMIT,1700898166323,36209,0.0046173
1000BONKUSDT,BUY,LIMIT,1700898169138,417061,0.0046220
1000BONKUSDT,BUY,LIMIT,1700898174809,13667,0.0046258
1000BONKUSDT,BUY,LIMIT,1700898315552,15218,0.0046339
1000BONKUSDT,BUY,LIMIT,1700898319043,95560,0.0046481
1000BONKUSDT,BUY,LIMIT,1700898320124,6719,0.0046592
1000BONKUSDT,BUY,LIMIT,1700898321494,46655,0.0046558
1000BONKUSDT,SELL,LIMIT,1700898623688,12482,0.0044776
1000BONKUSDT,SELL,LIMIT,1700898631208,94207,0.0044678
1000BONKUSDT,SELL,LIMIT,1700898648665,25000,0.0044600
1000BONKUSDT,SELL,LIMIT,1700898912884,2859,0.0044571
1000BONKUSDT,SELL,LIMIT,1700898939461,15001,0.0044541
1000BONKUSDT,SELL,LIMIT,1700899345121,49683,0.0044483
1000BONKUSDT,SELL,LIMIT,1700900517073,231277,0.0044503
1000BONKUSDT,BUY,LIMIT,1700900768750,11253,0.0046093
1000BONKUSDT,BUY,LIMIT,1700900818313,28232,0.0046146
1000BONKUSDT,SELL,LIMIT,1700901082881,5535,0.0044446
1000BONKUSDT,SELL,LIMIT,1700901135105,155525,0.0044380
1000BONKUSDT,SELL,LIMIT,1700901147122,221754,0.0044352
1000BONKUSDT,SELL,LIMIT,1700901195264,3342,0.0044289
1000BONKUSDT,BUY,LIMIT,1700901651436,108683,0.0045891
1000BONKUSDT,BUY,LIMIT,1700901885819,1140,0.0046317
1000BONKUSDT,SELL,LIMIT,1700902677118,76766,0.0044525
1000BONKUSDT,SELL,LIMIT,1700902687503,52402,0.0044481
1000BONKUSDT,SELL,LIMIT,1700902690100,1094777,0.0044325
1000BONKUSDT,SELL,LIMIT,1700902691507,11740,0.0044298
1000BONKUSDT,SELL,LIMIT,1700902734282,2108,0.0044056
1000BONKUSDT,SELL,LIMIT,1700902829670,107327,0.0044012
1000BONKUSDT,SELL,LIMIT,1700902833257,104468,0.0043888
1000BONKUSDT,BUY,LIMIT,1700902895658,77255,0.0045439
1000BONKUSDT,BUY,LIMIT,1700902925944,120298,0.0045569
1000BONKUSDT,SELL,LIMIT,1700902940387,901930,0.0043913
1000BONKUSDT,SELL,LIMIT,1700903452057,93775,0.0043928
1000BONKUSDT,SELL,LIMIT,1700903627353,33207,0.0043769
1000BONKUSDT,SELL,LIMIT,1700903629873,34165,0.0043740
1000BONKUSDT,SELL,LIMIT,1700903904230,858964,0.0043658
1000BONKUSDT,BUY,LIMIT,1700904373348,2249,0.0045255
1000BONKUSDT,SELL,LIMIT,1700904928471,13644,0.0043739
1000BONKUSDT,SELL,LIMIT,1700904933286,5934,0.0043735
1000BONKUSDT,SELL,LIMIT,1700904974423,56242,0.0043571
1000BONKUSDT,SELL,LIMIT,1700904977221,74531,0.0043557
1000BONKUSDT,SELL,LIMIT,1700905007346,224147,0.0043459
1000BONKUSDT,SELL,LIMIT,1700905238632,468312,0.0043407
1000BONKUSDT,BUY,LIMIT,1700905594182,38601,0.0045017
1000BONKUSDT,BUY,LIMIT,1700906992830,650721,0.0045347
1000BONKUSDT,BUY,LIMIT,1700907009904,216157,0.0045391
1000BONKUSDT,SELL,LIMIT,1700907492249,5166,0.0043739
1000BONKUSDT,SELL,LIMIT,1700907589074,22907,0.0043312
1000BONKUSDT,SELL,LIMIT,1700907595658,1127788,0.0043216
1000BONKUSDT,SELL,LIMIT,1700907713076,347942,0.0043172
1000BONKUSDT,SELL,LIMIT,1700907714468,2470297,0.0042884
1000BONKUSDT,SELL,LIMIT,1700907716906,136104,0.0043052
1000BONKUSDT,SELL,LIMIT,1700909047565,163230,0.0043277
1000BONKUSDT,SELL,LIMIT,1700909553344,37492,0.0043211
1000BONKUSDT,SELL,LIMIT,1700909561388,51459,0.0043192
1000BONKUSDT,SELL,LIMIT,1700909586835,1938,0.0043083
1000BONKUSDT,SELL,LIMIT,1700911145125,14737,0.0043297
1000BONKUSDT,SELL,LIMIT,1700911153929,213,0.0043254
1000BONKUSDT,SELL,LIMIT,1700911227878,184923,0.0043205
1000BONKUSDT,SELL,LIMIT,1700911283419,25388,0.0043052
1000BONKUSDT,SELL,LIMIT,1700911387903,1260,0.0043015
1000BONKUSDT,SELL,LIMIT,1700911394127,128544,0.0042760
1000BONKUSDT,SELL,LIMIT,1700911395223,2512,0.0042560
1000BONKUSDT,SELL,LIMIT,1700911398389,69798,0.0042375
1000BONKUSDT,SELL,LIMIT,1700911405820,123592,0.0042301
1000BONKUSDT,SELL,LIMIT,1700911575287,12511,0.0042241
1000BONKUSDT,SELL,LIMIT,1700911576777,176444,0.0042153
1000BONKUSDT,SELL,LIMIT,1700911593047,5935,0.0042038
1000BONKUSDT,SELL,LIMIT,1700911594156,963281,0.0042075
1000BONKUSDT,SELL,LIMIT,1700911597331,132407,0.0042005
1000BONKUSDT,SELL,LIMIT,1700911609246,25152,0.0041952
1000BONKUSDT,BUY,LIMIT,1700911762351,11670,0.0043736
1000BONKUSDT,SELL,LIMIT,1700912231335,589552,0.0042071
1000BONKUSDT,SELL,LIMIT,1700912236359,4641,0.0042009
1000BONKUSDT,SELL,LIMIT,1700912247791,5514,0.0041923
1000BONKUSDT,SELL,LIMIT,1700912387670,7578,0.0041857
1000BONKUSDT,SELL,LIMIT,1700912390175,45723,0.0041780
1000BONKUSDT,SELL,LIMIT,1700912405556,445666,0.0041629
1000BONKUSDT,SELL,LIMIT,1700912433260,20000,0.0041491
1000BONKUSDT,SELL,LIMIT,1700912454041,71243,0.0041471
1000BONKUSDT,SELL,LIMIT,1700912662035,13011,0.0041613
1000BONKUSDT,SELL,LIMIT,1700912664474,942162,0.0041596
1000BONKUSDT,SELL,LIMIT,1700912667846,95761,0.0041504
1000BONKUSDT,SELL,LIMIT,1700912670672,112258,0.0041493
1000BONKUSDT,SELL,LIMIT,1700913163666,553364,0.0041541
1000BONKUSDT,SELL,LIMIT,1700913722384,735106,0.0041862
1000BONKUSDT,BUY,LIMIT,1700913910304,22172,0.0043516
1000BONKUSDT,SELL,LIMIT,1700915115130,333592,0.0042120
1000BONKUSDT,SELL,LIMIT,1700915209145,7674,0.0042078
1000BONKUSDT,SELL,LIMIT,1700916363767,19471,0.0042239
1000BONKUSDT,SELL,LIMIT,1700917392182,28223,0.0042261
1000BONKUSDT,SELL,LIMIT,1700917603356,104724,0.0042105
1000BONKUSDT,SELL,LIMIT,1700917904061,241016,0.0041919
1000BONKUSDT,SELL,LIMIT,1700918113596,70451,0.0041899
1000BONKUSDT,SELL,LIMIT,1700918117029,25000,0.0041877
1000BONKUSDT,BUY,LIMIT,1700919896200,150093,0.0043643
1000BONKUSDT,BUY,LIMIT,1700920063931,904930,0.0043792
1000BONKUSDT,BUY,LIMIT,1700920086434,67885,0.0043870
1000BONKUSDT,BUY,LIMIT,1700920088193,34173,0.0043882
1000BONKUSDT,SELL,LIMIT,1700920732530,207083,0.0042368
1000BONKUSDT,SELL,LIMIT,1700920734292,97230,0.0042357
1000BONKUSDT,SELL,LIMIT,1700920968306,3879,0.0042238
1000BONKUSDT,SELL,LIMIT,1700920969332,275307,0.0042246
1000BONKUSDT,SELL,LIMIT,1700921571643,816744,0.0042092
1000BONKUSDT,SELL,LIMIT,1700921574660,2130,0.0042062
1000BONKUSDT,SELL,LIMIT,1700922243916,25252,0.0041945
1000BONKUSDT,SELL,LIMIT,1700922555491,23153,0.0041827
1000BONKUSDT,SELL,LIMIT,1700923431162,2216,0.0041934
1000BONKUSDT,SELL,LIMIT,1700923454072,17950,0.0041911
1000BONKUSDT,SELL,LIMIT,1700923550575,105549,0.0041804
1000BONKUSDT,SELL,LIMIT,1700923554654,9022,0.0041720
1000BONKUSDT,SELL,LIMIT,1700923609725,169764,0.0041601
1000BONKUSDT,SELL,LIMIT,1700924225762,62731,0.0041729
1000BONKUSDT,SELL,LIMIT,1700924243271,2742,0.0041590
1000BONKUSDT,SELL,LIMIT,1700924266091,171473,0.0041528
1000BONKUSDT,SELL,LIMIT,1700924268529,318551,0.0041505
1000BONKUSDT,SELL,LIMIT,1700924273659,1281,0.0041491
1000BONKUSDT,SELL,LIMIT,1700924275102,323412,0.0041467
1000BONKUSDT,SELL,LIMIT,1700924276740,48388,0.0041448
1000BONKUSDT,SELL,LIMIT,1700924279789,60009,0.0041430
1000BONKUSDT,SELL,LIMIT,1700924283522,12062,0.0041410
1000BONKUSDT,SELL,LIMIT,1700925616079,104123,0.0041709
1000BONKUSDT,SELL,LIMIT,1700925644306,5173,0.0041661
1000BONKUSDT,SELL,LIMIT,1700925666051,683857,0.0041582
1000BONKUSDT,SELL,LIMIT,1700925667853,49866,0.0041566
1000BONKUSDT,SELL,LIMIT,1700925682316,5000,0.0041489
1000BONKUSDT,SELL,LIMIT,1700925686486,11744,0.0041473
1000BONKUSDT,SELL,LIMIT,1700925693577,7212,0.0041344
1000BONKUSDT,SELL,LIMIT,1700925695104,81339,0.0041301
1000BONKUSDT,SELL,LIMIT,1700925696211,6775,0.0041281
1000BONKUSDT,SELL,LIMIT,1700925697612,29695,0.0041277
1000BONKUSDT,SELL,LIMIT,1700925699498,23288,0.0041249
1000BONKUSDT,SELL,LIMIT,1700925701641,22603,0.0041226
1000BONKUSDT,SELL,LIMIT,1700925703774,357979,0.0041201
1000BONKUSDT,SELL,LIMIT,1700925704801,3240,0.0041174
1000BONKUSDT,SELL,LIMIT,1700925706130,407889,0.0041142
1000BONKUSDT,SELL,LIMIT,1700926828031,56852,0.0041621
1000BONKUSDT,SELL,LIMIT,1700926829636,263723,0.0041612
1000BONKUSDT,BUY,LIMIT,1700927200048,120394,0.0043199
1000BONKUSDT,BUY,LIMIT,1700927590694,33301,0.0043318
1000BONKUSDT,SELL,LIMIT,1700927999766,31393,0.0041915
1000BONKUSDT,SELL,LIMIT,1700928005165,117255,0.0041944
1000BONKUSDT,SELL,LIMIT,1700928589445,58099,0.0041956
1000BONKUSDT,BUY,LIMIT,1700929956316,59968,0.0043606
1000BONKUSDT,BUY,LIMIT,1700929957346,34666,0.0043613
1000BONKUSDT,BUY,LIMIT,1700929958435,36381,0.0043687
1000BONKUSDT,SELL,LIMIT,1700930173487,93132,0.0042177
1000BONKUSDT,SELL,LIMIT,1700930207804,28138,0.0042155
1000BONKUSDT,SELL,LIMIT,1700930510533,300263,0.0042038
1000BONKUSDT,SELL,LIMIT,1700930546443,7471,0.0042017
1000BONKUSDT,SELL,LIMIT,1700930554210,321287,0.0042003
1000BONKUSDT,SELL,LIMIT,1700931892215,27326,0.0041862
1000BONKUSDT,SELL,LIMIT,1700931894309,3685,0.0041837
1000BONKUSDT,SELL,LIMIT,1700932814268,7863,0.0041934
1000BONKUSDT,SELL,LIMIT,1700932901307,1277,0.0041791
1000BONKUSDT,SELL,LIMIT,1700933074327,12277,0.0041685
1000BONKUSDT,SELL,LIMIT,1700933133448,3955,0.0041604
1000BONKUSDT,SELL,LIMIT,1700933143081,40093,0.0041541
1000BONKUSDT,SELL,LIMIT,1700933144857,22547,0.0041536
1000BONKUSDT,BUY,LIMIT,1700933293053,66936,0.0043021
1000BONKUSDT,BUY,LIMIT,1700933871676,2764,0.0043409
1000BONKUSDT,BUY,LIMIT,1700933940903,39694,0.0043434
1000BONKUSDT,BUY,LIMIT,1700935518639,1780,0.0043634
1000BONKUSDT,SELL,LIMIT,1700936791224,26742,0.0042061
1000BONKUSDT,BUY,LIMIT,1700937300428,19774,0.0043654
1000BONKUSDT,BUY,LIMIT,1700938491893,12320,0.0044003
1000BONKUSDT,BUY,LIMIT,1700938512561,159300,0.0044108
1000BONKUSDT,BUY,LIMIT,1700938514425,56368,0.0044160
1000BONKUSDT,SELL,LIMIT,1700939115047,28889,0.0042606
1000BONKUSDT,SELL,LIMIT,1700939116183,67675,0.0042603
1000BONKUSDT,BUY,LIMIT,1700939744582,46924,0.0044247
1000BONKUSDT,SELL,LIMIT,1700940346208,20093,0.0042721
