Symbol,Side,Order Type,Time,Quantity,Price
1000BONKUSDT,SELL,LIMIT,1701915671558,25017,0.0076163
1000BONKUSDT,SELL,LIMIT,1701917578033,12845,0.0076310
1000BONKUSDT,SELL,LIMIT,1701918302492,1509,0.0075723
1000BONKUSDT,SELL,LIMIT,1701918391852,10000,0.0075592
1000BONKUSDT,SELL,LIMIT,1701918479468,97656,0.0075292
1000BONKUSDT,SELL,LIMIT,1701918889046,12345,0.0074969
1000BONKUSDT,BUY,LIMIT,1701919961414,318990,0.0077757
1000BONKUSDT,BUY,LIMIT,1701921124347,8735,0.0079314
1000BONKUSDT,BUY,LIMIT,1701921785708,1492,0.0079590
1000BONKUSDT,BUY,LIMIT,1701921843872,8414,0.0079799
1000BONKUSDT,BUY,LIMIT,1701922142428,63890,0.0080160
1000BONKUSDT,BUY,LIMIT,1701922160294,6995,0.0080625
1000BONKUSDT,BUY,LIMIT,1701922562101,9592,0.0080801
1000BONKUSDT,BUY,LIMIT,1701923787955,1070,0.0081972
1000BONKUSDT,BUY,LIMIT,1701923791611,24107,0.0082009
1000BONKUSDT,BUY,LIMIT,1701923804270,250584,0.0082057
1000BONKUSDT,BUY,LIMIT,1701923843639,5741,0.0082318
1000BONKUSDT,BUY,LIMIT,1701923850775,98634,0.0082619
1000BONKUSDT,BUY,LIMIT,1701923863140,31557,0.0082688
1000BONKUSDT,BUY,LIMIT,1701923944597,75096,0.0082746
1000BONKUSDT,BUY,LIMIT,1701923950306,103226,0.0082811
1000BONKUSDT,BUY,LIMIT,1701924065081,8695,0.0082958
1000BONKUSDT,BUY,LIMIT,1701924067452,880,0.0082994
1000BONKUSDT,BUY,LIMIT,1701924781462,29507,0.0083183
1000BONKUSDT,SELL,LIMIT,1701924830268,62161,0.0080813
1000BONKUSDT,BUY,LIMIT,1701925241243,17753,0.0083744
1000BONKUSDT,BUY,LIMIT,1701926568452,2658,0.0082767
1000BONKUSDT,BUY,LIMIT,1701926985722,1300,0.0083698
1000BONKUSDT,BUY,LIMIT,1701926991658,342002,0.0083704
1000BONKUSDT,BUY,LIMIT,1701927260712,38639,0.0083732
1000BONKUSDT,BUY,LIMIT,1701927272348,611920,0.0083832
1000BONKUSDT,BUY,LIMIT,1701927273367,90548,0.0083985
1000BONKUSDT,BUY,LIMIT,1701927281727,3187,0.0084138
1000BONKUSDT,SELL,LIMIT,1701927316264,23954,0.0081222
1000BONKUSDT,BUY,LIMIT,1701928687478,141137,0.0082909
1000BONKUSDT,BUY,LIMIT,1701928923951,2338,0.0084360
1000BONKUSDT,BUY,LIMIT,1701928924953,177635,0.0084380
1000BONKUSDT,BUY,LIMIT,1701928973192,8496,0.0084761
1000BONKUSDT,BUY,LIMIT,1701928974227,16966,0.0084737
1000BONKUSDT,BUY,LIMIT,1701928976179,64026,0.0085239
1000BONKUSDT,BUY,LIMIT,1701928977455,86311,0.0085154
1000BONKUSDT,BUY,LIMIT,1701928980126,26130,0.0085342
1000BONKUSDT,BUY,LIMIT,1701928983884,738,0.0085453
1000BONKUSDT,BUY,LIMIT,1701928988519,25345,0.0085662
1000BONKUSDT,SELL,LIMIT,1701929152680,10302,0.0082534
1000BONKUSDT,SELL,LIMIT,1701929229162,5151,0.0082258
1000BONKUSDT,BUY,LIMIT,1701929593069,2046,0.0085813
1000BONKUSDT,BUY,LIMIT,1701929594524,11012,0.0085866
1000BONKUSDT,BUY,LIMIT,1701929596090,304282,0.0086129
1000BONKUSDT,BUY,LIMIT,1701929598086,129995,0.0086462
1000BONKUSDT,BUY,LIMIT,1701929611162,456356,0.0086658
1000BONKUSDT,BUY,LIMIT,1701929766184,9970,0.0086939
1000BONKUSDT,BUY,LIMIT,1701929781340,51225,0.0087023
1000BONKUSDT,BUY,LIMIT,1701929783888,928,0.0087348
1000BONKUSDT,BUY,LIMIT,1701929785070,22893,0.0087600
1000BONKUSDT,BUY,LIMIT,1701929788221,17624,0.0087666
1000BONKUSDT,BUY,LIMIT,1701929819429,19789,0.0087925
1000BONKUSDT,BUY,LIMIT,1701929826564,831028,0.0088250
1000BONKUSDT,BUY,LIMIT,1701929832452,62093,0.0088178
1000BONKUSDT,BUY,LIMIT,1701929835110,543470,0.0088240
1000BONKUSDT,BUY,LIMIT,1701929840809,629,0.0088363
1000BONKUSDT,BUY,LIMIT,1701929845341,1962,0.0088466
1000BONKUSDT,BUY,LIMIT,1701929854256,9269,0.0088571
1000BONKUSDT,BUY,LIMIT,1701929856061,28965,0.0088588
1000BONKUSDT,BUY,LIMIT,1701929857063,1285,0.0088589
1000BONKUSDT,BUY,LIMIT,1701929858476,262582,0.0088662
1000BONKUSDT,BUY,LIMIT,1701929863362,101209,0.0089204
1000BONKUSDT,BUY,LIMIT,1701929865139,112324,0.0089300
1000BONKUSDT,BUY,LIMIT,1701929867667,10670,0.0089435
1000BONKUSDT,BUY,LIMIT,1701929871056,125897,0.0089467
1000BONKUSDT,BUY,LIMIT,1701929872701,12104,0.0089583
1000BONKUSDT,BUY,LIMIT,1701929886875,277163,0.0089539
1000BONKUSDT,BUY,LIMIT,1701929890345,122249,0.0089914
1000BONKUSDT,BUY,LIMIT,1701929892324,435782,0.0089958
1000BONKUSDT,BUY,LIMIT,1701929897124,372292,0.0090522
1000BONKUSDT,BUY,LIMIT,1701929898174,2757,0.0090879
1000BONKUSDT,BUY,LIMIT,1701929900494,2253,0.0090821
1000BONKUSDT,BUY,LIMIT,1701929901762,3483,0.0091185
1000BONKUSDT,BUY,LIMIT,1701929904715,3256,0.0091521
1000BONKUSDT,SELL,LIMIT,1701929973082,557259,0.0086842
1000BONKUSDT,SELL,LIMIT,1701929983881,144672,0.0086438
1000BONKUSDT,SELL,LIMIT,1701930044137,10000,0.0085578
1000BONKUSDT,SELL,LIMIT,1701930051408,24932,0.0085160
1000BONKUSDT,SELL,LIMIT,1701930079901,5208,0.0084787
1000BONKUSDT,SELL,LIMIT,1701930080968,28834,0.0084634
1000BONKUSDT,BUY,LIMIT,1701930189880,122265,0.0088735
1000BONKUSDT,BUY,LIMIT,1701930257253,576701,0.0089349
1000BONKUSDT,BUY,LIMIT,1701930281589,1955,0.0089634
1000BONKUSDT,BUY,LIMIT,1701930363536,565802,0.0090333
1000BONKUSDT,BUY,LIMIT,1701930380144,15614,0.0090639
1000BONKUSDT,SELL,LIMIT,1701930438660,39233,0.0087438
1000BONKUSDT,BUY,LIMIT,1701930614684,67414,0.0090323
1000BONKUSDT,BUY,LIMIT,1701930633212,56224,0.0090958
1000BONKUSDT,BUY,LIMIT,1701930636041,324652,0.0091600
1000BONKUSDT,SELL,LIMIT,1701930669151,8549,0.0087952
1000BONKUSDT,BUY,LIMIT,1701930690847,50654,0.0091443
1000BONKUSDT,SELL,LIMIT,1701931044265,11001,0.0086677
1000BONKUSDT,BUY,LIMIT,1701931193456,6902,0.0090418
1000BONKUSDT,SELL,LIMIT,1701931211616,477326,0.0087266
1000BONKUSDT,SELL,LIMIT,1701931213221,2674,0.0087185
1000BONKUSDT,SELL,LIMIT,1701931214365,13581,0.0087213
1000BONKUSDT,SELL,LIMIT,1701931350693,50873,0.0087309
1000BONKUSDT,SELL,LIMIT,1701931548400,5781,0.0085999
1000BONKUSDT,SELL,LIMIT,1701931639457,56908,0.0086122
1000BONKUSDT,SELL,LIMIT,1701931940338,141316,0.0086708
1000BONKUSDT,SELL,LIMIT,1701931946697,30427,0.0086504
1000BONKUSDT,BUY,LIMIT,1701932008948,17903,0.0090005
1000BONKUSDT,BUY,LIMIT,1701932011067,2952,0.0090764
1000BONKUSDT,BUY,LIMIT,1701932012180,1605,0.0090400
1000BONKUSDT,SELL,LIMIT,1701932075302,89029,0.0087726
1000BONKUSDT,SELL,LIMIT,1701932146060,214487,0.0087200
1000BONKUSDT,BUY,LIMIT,1701932392106,18323,0.0090323
1000BONKUSDT,BUY,LIMIT,1701932397035,2937,0.0090548
1000BONKUSDT,BUY,LIMIT,1701932416465,105441,0.0091123
1000BONKUSDT,BUY,LIMIT,1701932418400,923,0.0091200
1000BONKUSDT,BUY,LIMIT,1701932419721,6273,0.0091498
1000BONKUSDT,BUY,LIMIT,1701932472044,8706,0.0091865
1000BONKUSDT,BUY,LIMIT,1701932482358,1137,0.0092276
1000BONKUSDT,BUY,LIMIT,1701932484404,20403,0.0092341
1000BONKUSDT,BUY,LIMIT,1701932486382,1784,0.0092434
1000BONKUSDT,BUY,LIMIT,1701932487588,245406,0.0092445
1000BONKUSDT,BUY,LIMIT,1701932488822,468930,0.0092871
1000BONKUSDT,BUY,LIMIT,1701932490076,255461,0.0093368
1000BONKUSDT,BUY,LIMIT,1701932491122,4838,0.0093118
1000BONKUSDT,BUY,LIMIT,1701932493310,75208,0.0093484
1000BONKUSDT,BUY,LIMIT,1701932494316,26687,0.0093374
1000BONKUSDT,BUY,LIMIT,1701932495834,42461,0.0094001
1000BONKUSDT,BUY,LIMIT,1701932498242,23948,0.0094191
1000BONKUSDT,BUY,LIMIT,1701932502157,3384,0.0094351
1000BONKUSDT,BUY,LIMIT,1701932503991,6777,0.0094482
1000BONKUSDT,BUY,LIMIT,1701932506168,1741,0.0094736
1000BONKUSDT,BUY,LIMIT,1701932507191,5106,0.0094659
1000BONKUSDT,BUY,LIMIT,1701932544346,155875,0.0095082
1000BONKUSDT,BUY,LIMIT,1701932545457,1144789,0.0095274
1000BONKUSDT,BUY,LIMIT,1701932546465,116958,0.0095090
1000BONKUSDT,SELL,LIMIT,1701932649729,1624,0.0091149
1000BONKUSDT,BUY,LIMIT,1701932691105,1248,0.0092875
1000BONKUSDT,SELL,LIMIT,1701932847230,33394,0.0090251
1000BONKUSDT,SELL,LIMIT,1701932849345,4502,0.0089898
1000BONKUSDT,SELL,LIMIT,1701932911439,22640,0.0089611
1000BONKUSDT,SELL,LIMIT,1701932961263,221950,0.0089517
1000BONKUSDT,BUY,LIMIT,1701933358164,39942,0.0093860
1000BONKUSDT,SELL,LIMIT,1701933472095,5415,0.0089972
1000BONKUSDT,BUY,LIMIT,1701933537437,101644,0.0093327
1000BONKUSDT,BUY,LIMIT,1701933727547,15488,0.0092792
1000BONKUSDT,BUY,LIMIT,1701933737049,33769,0.0093203
1000BONKUSDT,SELL,LIMIT,1701933857426,23149,0.0090382
1000BONKUSDT,BUY,LIMIT,1701934104440,3283,0.0093469
1000BONKUSDT,BUY,LIMIT,1701934315085,743,0.0094026
1000BONKUSDT,BUY,LIMIT,1701934350352,41365,0.0094042
1000BONKUSDT,SELL,LIMIT,1701934407586,56008,0.0091095
1000BONKUSDT,SELL,LIMIT,1701934416104,15595,0.0090862
1000BONKUSDT,SELL,LIMIT,1701934417149,139400,0.0090755
1000BONKUSDT,SELL,LIMIT,1701934576113,21653,0.0090229
1000BONKUSDT,SELL,LIMIT,1701934580785,653,0.0090052
1000BONKUSDT,BUY,LIMIT,1701934691524,18042,0.0093712
1000BONKUSDT,BUY,LIMIT,1701935047510,2898,0.0094109
1000BONKUSDT,SELL,LIMIT,1701935505365,25003,0.0090870
1000BONKUSDT,SELL,LIMIT,1701935555398,18271,0.0090788
1000BONKUSDT,SELL,LIMIT,1701935564141,3670,0.0090664
1000BONKUSDT,SELL,LIMIT,1701935569254,542263,0.0090406
1000BONKUSDT,SELL,LIMIT,1701935570272,3161,0.0090503
1000BONKUSDT,SELL,LIMIT,1701935574041,40642,0.0090288
1000BONKUSDT,SELL,LIMIT,1701935576141,5064,0.0089177
1000BONKUSDT,SELL,LIMIT,1701935577272,8053,0.0089601
1000BONKUSDT,SELL,LIMIT,1701935591512,331521,0.0088874
1000BONKUSDT,SELL,LIMIT,1701935593244,546787,0.0088861
1000BONKUSDT,SELL,LIMIT,1701935594586,201060,0.0088353
1000BONKUSDT,SELL,LIMIT,1701935596043,22566,0.0088043
1000BONKUSDT,SELL,LIMIT,1701935598099,9338,0.0087815
1000BONKUSDT,SELL,LIMIT,1701935599159,22737,0.0087955
1000BONKUSDT,SELL,LIMIT,1701935731166,139439,0.0087831
1000BONKUSDT,SELL,LIMIT,1701935732182,81408,0.0087898
1000BONKUSDT,SELL,LIMIT,1701935736297,422302,0.0087644
1000BONKUSDT,SELL,LIMIT,1701935737306,6572,0.0087680
1000BONKUSDT,SELL,LIMIT,1701935739534,1889,0.0087419
1000BONKUSDT,SELL,LIMIT,1701935744098,24282,0.0087239
1000BONKUSDT,SELL,LIMIT,1701935751486,25741,0.0087264
1000BONKUSDT,BUY,LIMIT,1701935777561,1708,0.0090568
1000BONKUSDT,SELL,LIMIT,1701935908178,214241,0.0087932
1000BONKUSDT,SELL,LIMIT,1701935943545,4581,0.0087808
1000BONKUSDT,SELL,LIMIT,1701936060441,23965,0.0087854
1000BONKUSDT,BUY,LIMIT,1701936115474,7472,0.0090981
1000BONKUSDT,BUY,LIMIT,1701936157658,1598,0.0091450
1000BONKUSDT,BUY,LIMIT,1701936173070,3960,0.0091624
1000BONKUSDT,BUY,LIMIT,1701936362060,7413,0.0091751
1000BONKUSDT,BUY,LIMIT,1701936367440,11248,0.0091891
1000BONKUSDT,BUY,LIMIT,1701936371316,91960,0.0091918
1000BONKUSDT,BUY,LIMIT,1701936414646,116282,0.0092880
1000BONKUSDT,BUY,LIMIT,1701936440880,565264,0.0093069
1000BONKUSDT,BUY,LIMIT,1701936454997,280898,0.0093373
1000BONKUSDT,SELL,LIMIT,1701936477110,91883,0.0090066
1000BONKUSDT,SELL,LIMIT,1701936778725,80572,0.0088710
1000BONKUSDT,SELL,LIMIT,1701936782321,2107,0.0088587
1000BONKUSDT,SELL,LIMIT,1701936786428,404401,0.0088466
1000BONKUSDT,SELL,LIMIT,1701936867399,22945,0.0088948
1000BONKUSDT,SELL,LIMIT,1701936917169,3564,0.0088423
1000BONKUSDT,SELL,LIMIT,1701936925286,538444,0.0087966
1000BONKUSDT,SELL,LIMIT,1701936935223,310000,0.0087923
1000BONKUSDT,SELL,LIMIT,1701937022375,121804,0.0087731
1000BONKUSDT,BUY,LIMIT,1701937101118,183331,0.0091455
1000BONKUSDT,BUY,LIMIT,1701937111080,89158,0.0091577
1000BONKUSDT,BUY,LIMIT,1701937113205,559981,0.0091867
1000BONKUSDT,SELL,LIMIT,1701937154553,4545,0.0088927
1000BONKUSDT,SELL,LIMIT,1701937201832,6585,0.0088651
1000BONKUSDT,SELL,LIMIT,1701937339605,3686,0.0087617
1000BONKUSDT,SELL,LIMIT,1701937340737,4937,0.0087155
1000BONKUSDT,SELL,LIMIT,1701937344466,6632,0.0087022
1000BONKUSDT,SELL,LIMIT,1701937356144,916,0.0086952
1000BONKUSDT,SELL,LIMIT,1701937357759,40987,0.0086950
1000BONKUSDT,SELL,LIMIT,1701937362254,1466,0.0086920
1000BONKUSDT,SELL,LIMIT,1701937364911,558547,0.0086834
1000BONKUSDT,SELL,LIMIT,1701937367292,4379,0.0086731
1000BONKUSDT,SELL,LIMIT,1701937368344,18557,0.0086621
1000BONKUSDT,SELL,LIMIT,1701937369433,68278,0.0086660
1000BONKUSDT,SELL,LIMIT,1701937384772,7433,0.0086584
1000BONKUSDT,SELL,LIMIT,1701937390305,21548,0.0086536
1000BONKUSDT,SELL,LIMIT,1701937391417,3832,0.0086474
1000BONKUSDT,SELL,LIMIT,1701937393858,12941,0.0086423
1000BONKUSDT,SELL,LIMIT,1701937401753,6400,0.0086293
1000BONKUSDT,SELL,LIMIT,1701937404114,5506,0.0086280
1000BONKUSDT,BUY,LIMIT,1701937416755,4548,0.0089231
1000BONKUSDT,SELL,LIMIT,1701937457009,567358,0.0086228
1000BONKUSDT,BUY,LIMIT,1701937513283,22497,0.0089414
1000BONKUSDT,BUY,LIMIT,1701937514426,1277,0.0089376
1000BONKUSDT,SELL,LIMIT,1701937855251,8660,0.0086289
1000BONKUSDT,SELL,LIMIT,1701937856414,55016,0.0086249
1000BONKUSDT,SELL,LIMIT,1701937912819,56841,0.0086081
1000BONKUSDT,BUY,LIMIT,1701937983937,3530,0.0089067
1000BONKUSDT,SELL,LIMIT,1701938124079,9398,0.0085902
1000BONKUSDT,SELL,LIMIT,1701938133134,7822,0.0085828
1000BONKUSDT,SELL,LIMIT,1701938136446,3241,0.0085818
1000BONKUSDT,BUY,LIMIT,1701938292175,2018,0.0089522
1000BONKUSDT,BUY,LIMIT,1701938297525,5364,0.0089684
1000BONKUSDT,BUY,LIMIT,1701938326120,188369,0.0089841
1000BONKUSDT,SELL,LIMIT,1701938641338,29383,0.0086679
1000BONKUSDT,BUY,LIMIT,1701938799412,843,0.0090191
1000BONKUSDT,SELL,LIMIT,1701939013189,92718,0.0085726
1000BONKUSDT,SELL,LIMIT,1701939014327,542285,0.0086140
1000BONKUSDT,SELL,LIMIT,1701939015420,84171,0.0085501
1000BONKUSDT,SELL,LIMIT,1701939132108,10108,0.0085332
1000BONKUSDT,SELL,LIMIT,1701939142309,9010,0.0085106
1000BONKUSDT,SELL,LIMIT,1701939145215,135036,0.0084991
1000BONKUSDT,SELL,LIMIT,1701939146229,384344,0.0084974
1000BONKUSDT,BUY,LIMIT,1701939800712,17875,0.0089395
1000BONKUSDT,SELL,LIMIT,1701939861610,6281,0.0086210
1000BONKUSDT,SELL,LIMIT,1701940019260,21549,0.0085499
1000BONKUSDT,SELL,LIMIT,1701940059442,5013,0.0084771
1000BONKUSDT,BUY,LIMIT,1701940080234,92580,0.0088385
1000BONKUSDT,BUY,LIMIT,1701940087254,6646,0.0088542
1000BONKUSDT,SELL,LIMIT,1701940317315,25382,0.0085661
1000BONKUSDT,SELL,LIMIT,1701940521497,149947,0.0084642
1000BONKUSDT,SELL,LIMIT,1701940526520,114025,0.0084602
1000BONKUSDT,SELL,LIMIT,1701940559197,30170,0.0084541
1000BONKUSDT,SELL,LIMIT,1701940564250,3800,0.0084515
1000BONKUSDT,BUY,LIMIT,1701940586886,29908,0.0087452
1000BONKUSDT,SELL,LIMIT,1701940617099,49000,0.0084286
1000BONKUSDT,SELL,LIMIT,1701940618320,1375,0.0084293
1000BONKUSDT,SELL,LIMIT,1701940620199,10877,0.0084108
1000BONKUSDT,SELL,LIMIT,1701940681952,1360,0.0083718
1000BONKUSDT,BUY,LIMIT,1701940842137,2188,0.0087576
1000BONKUSDT,SELL,LIMIT,1701941158510,12183,0.0084016
1000BONKUSDT,SELL,LIMIT,1701941174407,6397,0.0083855
1000BONKUSDT,SELL,LIMIT,1701941183140,85604,0.0083769
1000BONKUSDT,SELL,LIMIT,1701941186550,12009,0.0083823
1000BONKUSDT,SELL,LIMIT,1701941188646,13125,0.0083823
1000BONKUSDT,SELL,LIMIT,1701941216251,457718,0.0083624
1000BONKUSDT,SELL,LIMIT,1701941218476,133616,0.0083496
1000BONKUSDT,SELL,LIMIT,1701941225054,42553,0.0083333
1000BONKUSDT,SELL,LIMIT,1701941226393,134574,0.0083359
1000BONKUSDT,SELL,LIMIT,1701941227435,11393,0.0083233
1000BONKUSDT,SELL,LIMIT,1701941233259,1072,0.0083048
1000BONKUSDT,SELL,LIMIT,1701941234272,278773,0.0083034
1000BONKUSDT,SELL,LIMIT,1701941238412,32967,0.0082864
1000BONKUSDT,SELL,LIMIT,1701941239460,2280,0.0082857
1000BONKUSDT,SELL,LIMIT,1701941246454,29134,0.0088922
1000BONKUSDT,SELL,LIMIT,1701941247528,3467,0.0082592
1000BONKUSDT,BUY,LIMIT,1701941292761,5842,0.0085664
1000BONKUSDT,BUY,LIMIT,1701941361848,144386,0.0085622
1000BONKUSDT,BUY,LIMIT,1701941388522,668,0.0086009
1000BONKUSDT,BUY,LIMIT,1701941390401,6462,0.0086185
1000BONKUSDT,BUY,LIMIT,1701941402966,227551,0.0086489
1000BONKUSDT,BUY,LIMIT,1701941405752,941,0.0086721
1000BONKUSDT,BUY,LIMIT,1701941407126,2364,0.0086843
1000BONKUSDT,BUY,LIMIT,1701941446177,718,0.0087250
1000BONKUSDT,BUY,LIMIT,1701941509136,15015,0.0087543
1000BONKUSDT,BUY,LIMIT,1701941535844,2371,0.0088125
1000BONKUSDT,BUY,LIMIT,1701941537566,166290,0.0088278
1000BONKUSDT,BUY,LIMIT,1701941538572,60184,0.0088432
1000BONKUSDT,BUY,LIMIT,1701941542668,3053,0.0088755
1000BONKUSDT,BUY,LIMIT,1701941544430,34975,0.0089044
1000BONKUSDT,BUY,LIMIT,1701941547104,700911,0.0089314
1000BONKUSDT,BUY,LIMIT,1701941551331,55052,0.0089399
1000BONKUSDT,BUY,LIMIT,1701941552547,8401,0.0089702
1000BONKUSDT,BUY,LIMIT,1701941610239,55523,0.0089996
1000BONKUSDT,BUY,LIMIT,1701941647074,65014,0.0090114
1000BONKUSDT,BUY,LIMIT,1701941730148,595,0.0089950
1000BONKUSDT,BUY,LIMIT,1701941744335,68522,0.0090569
1000BONKUSDT,BUY,LIMIT,1701941745580,15277,0.0090484
1000BONKUSDT,BUY,LIMIT,1701941746698,4034,0.0090649
1000BONKUSDT,BUY,LIMIT,1701941748056,2279,0.0092064
1000BONKUSDT,BUY,LIMIT,1701941749082,697,0.0091104
1000BONKUSDT,BUY,LIMIT,1701941750113,73395,0.0092510
1000BONKUSDT,BUY,LIMIT,1701941751176,3338,0.0092186
1000BONKUSDT,BUY,LIMIT,1701941752243,54071,0.0092818
1000BONKUSDT,BUY,LIMIT,1701941753263,16343,0.0092955
1000BONKUSDT,BUY,LIMIT,1701941756236,22120,0.0093320
1000BONKUSDT,BUY,LIMIT,1701941757394,2935216,0.0094340
1000BONKUSDT,BUY,LIMIT,1701941761266,23631,0.0093639
1000BONKUSDT,BUY,LIMIT,1701941770154,23546,0.0093620
1000BONKUSDT,BUY,LIMIT,1701941771507,15176,0.0093656
1000BONKUSDT,SELL,LIMIT,1701941779809,16041,0.0090292
1000BONKUSDT,SELL,LIMIT,1701941811200,7905,0.0089295
1000BONKUSDT,SELL,LIMIT,1701941910132,3027,0.0089078
1000BONKUSDT,SELL,LIMIT,1701941911330,99842,0.0089032
1000BONKUSDT,BUY,LIMIT,1701942012025,149440,0.0092088
1000BONKUSDT,BUY,LIMIT,1701942021274,389172,0.0092670
1000BONKUSDT,BUY,LIMIT,1701942022951,34157,0.0092792
1000BONKUSDT,BUY,LIMIT,1701942078282,12701,0.0092506
1000BONKUSDT,BUY,LIMIT,1701942094627,665,0.0093112
1000BONKUSDT,BUY,LIMIT,1701942098326,546746,0.0093275
1000BONKUSDT,SELL,LIMIT,1701942132314,144106,0.0090031
1000BONKUSDT,BUY,LIMIT,1701942173903,305054,0.0093182
1000BONKUSDT,BUY,LIMIT,1701942187619,145557,0.0093366
1000BONKUSDT,BUY,LIMIT,1701942190991,941149,0.0093932
1000BONKUSDT,BUY,LIMIT,1701942194086,439586,0.0094039
1000BONKUSDT,BUY,LIMIT,1701942210918,23999,0.0094139
1000BONKUSDT,BUY,LIMIT,1701942212969,245036,0.0094395
1000BONKUSDT,BUY,LIMIT,1701942214538,24044,0.0094593
1000BONKUSDT,BUY,LIMIT,1701942215657,312762,0.0094915
1000BONKUSDT,BUY,LIMIT,1701942221724,25776,0.0094950
1000BONKUSDT,BUY,LIMIT,1701942222758,30262,0.0095316
1000BONKUSDT,BUY,LIMIT,1701942224240,11563,0.0095447
1000BONKUSDT,BUY,LIMIT,1701942226989,35934,0.0095387
1000BONKUSDT,BUY,LIMIT,1701942228071,48629,0.0096041
1000BONKUSDT,SELL,LIMIT,1701942243404,186068,0.0092342
1000BONKUSDT,BUY,LIMIT,1701942259861,102291,0.0095172
1000BONKUSDT,SELL,LIMIT,1701942266391,15542,0.0091857
1000BONKUSDT,SELL,LIMIT,1701942271558,1626,0.0091439
1000BONKUSDT,SELL,LIMIT,1701942330237,54177,0.0091246
1000BONKUSDT,SELL,LIMIT,1701942332296,123655,0.0091159
1000BONKUSDT,BUY,LIMIT,1701942376524,2964,0.0093779
1000BONKUSDT,BUY,LIMIT,1701942425707,21465,0.0094313
1000BONKUSDT,BUY,LIMIT,1701942429373,34641,0.0094411
1000BONKUSDT,SELL,LIMIT,1701942487522,107077,0.0091435
1000BONKUSDT,SELL,LIMIT,1701942491283,16890,0.0091236
1000BONKUSDT,BUY,LIMIT,1701942546360,297604,0.0094811
1000BONKUSDT,BUY,LIMIT,1701942610664,715,0.0095027
1000BONKUSDT,BUY,LIMIT,1701942613983,250609,0.0095177
1000BONKUSDT,BUY,LIMIT,1701942626374,20293,0.0095449
1000BONKUSDT,BUY,LIMIT,1701942664939,6688,0.0096057
1000BONKUSDT,BUY,LIMIT,1701942667314,128939,0.0096059
1000BONKUSDT,SELL,LIMIT,1701942728235,1350,0.0092532
1000BONKUSDT,SELL,LIMIT,1701942730359,9251,0.0092418
1000BONKUSDT,SELL,LIMIT,1701942731477,127416,0.0092188
1000BONKUSDT,SELL,LIMIT,1701942734334,509987,0.0091980
1000BONKUSDT,SELL,LIMIT,1701942759158,7802,0.0090248
1000BONKUSDT,SELL,LIMIT,1701942760285,60887,0.0090662
1000BONKUSDT,BUY,LIMIT,1701942841301,473629,0.0094107
1000BONKUSDT,BUY,LIMIT,1701942970386,16081,0.0094926
1000BONKUSDT,BUY,LIMIT,1701942971543,22396,0.0095017
1000BONKUSDT,BUY,LIMIT,1701942988542,4522,0.0095526
1000BONKUSDT,SELL,LIMIT,1701942997613,106416,0.0092112
1000BONKUSDT,SELL,LIMIT,1701943098725,105988,0.0092210
1000BONKUSDT,SELL,LIMIT,1701943136846,521239,0.0091562
1000BONKUSDT,BUY,LIMIT,1701943232505,575,0.0094731
1000BONKUSDT,BUY,LIMIT,1701943233925,28084,0.0095083
1000BONKUSDT,SELL,LIMIT,1701943268146,10656,0.0091983
1000BONKUSDT,SELL,LIMIT,1701943373821,21940,0.0091692
1000BONKUSDT,SELL,LIMIT,1701943476374,49602,0.0091005
1000BONKUSDT,SELL,LIMIT,1701943481262,3414,0.0090701
1000BONKUSDT,SELL,LIMIT,1701943482332,2573,0.0090629
1000BONKUSDT,SELL,LIMIT,1701943616079,387072,0.0090274
1000BONKUSDT,SELL,LIMIT,1701943631054,21024,0.0090081
1000BONKUSDT,SELL,LIMIT,1701943639088,139889,0.0089980
1000BONKUSDT,SELL,LIMIT,1701943642360,89795,0.0089795
1000BONKUSDT,SELL,LIMIT,1701943650264,9612,0.0089638
1000BONKUSDT,SELL,LIMIT,1701943657080,1711,0.0089340
1000BONKUSDT,SELL,LIMIT,1701943718376,72957,0.0089259
1000BONKUSDT,SELL,LIMIT,1701943722241,2133,0.0089044
1000BONKUSDT,BUY,LIMIT,1701943748308,99546,0.0092724
1000BONKUSDT,BUY,LIMIT,1701943750183,6041,0.0092852
1000BONKUSDT,BUY,LIMIT,1701943757100,7216,0.0092983
1000BONKUSDT,SELL,LIMIT,1701943785195,36971,0.0089771
1000BONKUSDT,BUY,LIMIT,1701943813061,26005,0.0093311
1000BONKUSDT,BUY,LIMIT,1701943893176,2506,0.0093449
1000BONKUSDT,BUY,LIMIT,1701943906353,4352,0.0093783
1000BONKUSDT,BUY,LIMIT,1701943916015,217109,0.0093795
1000BONKUSDT,SELL,LIMIT,1701944103276,44912,0.0090097
1000BONKUSDT,SELL,LIMIT,1701944167446,27632,0.0089859
1000BONKUSDT,SELL,LIMIT,1701944168826,4463,0.0089699
1000BONKUSDT,SELL,LIMIT,1701944288110,56820,0.0089086
1000BONKUSDT,SELL,LIMIT,1701944290617,60428,0.0089022
1000BONKUSDT,SELL,LIMIT,1701944292315,5702,0.0088832
1000BONKUSDT,SELL,LIMIT,1701944294814,15743,0.0088773
1000BONKUSDT,SELL,LIMIT,1701944329957,22544,0.0088688
1000BONKUSDT,SELL,LIMIT,1701944334718,24047,0.0088637
1000BONKUSDT,SELL,LIMIT,1701944501587,15339,0.0088585
1000BONKUSDT,SELL,LIMIT,1701944521873,144192,0.0088459
1000BONKUSDT,SELL,LIMIT,1701944529255,26432,0.0088284
1000BONKUSDT,SELL,LIMIT,1701944531501,6067,0.0088233
1000BONKUSDT,SELL,LIMIT,1701944533958,3443,0.0088191
1000BONKUSDT,BUY,LIMIT,1701944588021,187916,0.0091925
1000BONKUSDT,BUY,LIMIT,1701944590855,152972,0.0092271
1000BONKUSDT,BUY,LIMIT,1701944798686,150951,0.0092599
1000BONKUSDT,BUY,LIMIT,1701944834729,16660,0.0092703
1000BONKUSDT,BUY,LIMIT,1701944838111,131853,0.0092713
1000BONKUSDT,BUY,LIMIT,1701944864100,112689,0.0092943
1000BONKUSDT,BUY,LIMIT,1701944865884,264695,0.0092954
1000BONKUSDT,BUY,LIMIT,1701944871855,6973,0.0093014
1000BONKUSDT,BUY,LIMIT,1701945013373,42382,0.0092472
1000BONKUSDT,BUY,LIMIT,1701945096064,121268,0.0092708
1000BONKUSDT,BUY,LIMIT,1701945219433,277713,0.0092996
1000BONKUSDT,BUY,LIMIT,1701945241762,5676,0.0092740
1000BONKUSDT,SELL,LIMIT,1701945558321,1202,0.0089475
1000BONKUSDT,BUY,LIMIT,1701945658249,5706,0.0092537
1000BONKUSDT,SELL,LIMIT,1701945827371,57049,0.0089131
1000BONKUSDT,SELL,LIMIT,1701945830324,203170,0.0089033
1000BONKUSDT,SELL,LIMIT,1701945865903,24954,0.0088946
1000BONKUSDT,SELL,LIMIT,1701945985490,2123,0.0088726
1000BONKUSDT,BUY,LIMIT,1701946095560,3068,0.0091907
1000BONKUSDT,BUY,LIMIT,1701946097428,276885,0.0092013
1000BONKUSDT,BUY,LIMIT,1701946167284,20289,0.0092265
1000BONKUSDT,SELL,LIMIT,1701946223588,2172,0.0088912
1000BONKUSDT,SELL,LIMIT,1701946425686,1150,0.0088873
1000BONKUSDT,SELL,LIMIT,1701946482805,3010,0.0088390
1000BONKUSDT,BUY,LIMIT,1701946730089,54817,0.0091532
1000BONKUSDT,BUY,LIMIT,1701946741038,29149,0.0091640
1000BONKUSDT,BUY,LIMIT,1701946872584,9801,0.0092318
1000BONKUSDT,BUY,LIMIT,1701946969352,84991,0.0092553
1000BONKUSDT,BUY,LIMIT,1701947431221,5323,0.0092170
1000BONKUSDT,BUY,LIMIT,1701947463066,20237,0.0092682
1000BONKUSDT,BUY,LIMIT,1701947552568,67485,0.0092690
1000BONKUSDT,BUY,LIMIT,1701947577143,23680,0.0092883
1000BONKUSDT,BUY,LIMIT,1701947632313,407457,0.0093076
1000BONKUSDT,BUY,LIMIT,1701947634723,8937,0.0093143
1000BONKUSDT,BUY,LIMIT,1701947636519,28155,0.0093178
1000BONKUSDT,BUY,LIMIT,1701947870236,25080,0.0093517
1000BONKUSDT,BUY,LIMIT,1701947871373,63148,0.0093547
1000BONKUSDT,BUY,LIMIT,1701947873312,185756,0.0093660
1000BONKUSDT,BUY,LIMIT,1701947874455,180308,0.0093716
1000BONKUSDT,BUY,LIMIT,1701947877071,18868,0.0094092
1000BONKUSDT,BUY,LIMIT,1701947881238,6932,0.0094028
1000BONKUSDT,BUY,LIMIT,1701947884331,41271,0.0094200
1000BONKUSDT,SELL,LIMIT,1701948229360,8408,0.0090220
1000BONKUSDT,SELL,LIMIT,1701948252639,18120,0.0090038
1000BONKUSDT,SELL,LIMIT,1701948254076,59228,0.0089959
1000BONKUSDT,BUY,LIMIT,1701948336750,8866,0.0093120
1000BONKUSDT,BUY,LIMIT,1701948343960,1203,0.0093390
1000BONKUSDT,BUY,LIMIT,1701948375240,2646,0.0093456
1000BONKUSDT,BUY,LIMIT,1701948389821,13027,0.0093742
1000BONKUSDT,BUY,LIMIT,1701948602610,319931,0.0094103
1000BONKUSDT,SELL,LIMIT,1701948725957,771,0.0090506
1000BONKUSDT,SELL,LIMIT,1701948758615,52957,0.0090148
1000BONKUSDT,SELL,LIMIT,1701948909067,8980,0.0090042
1000BONKUSDT,SELL,LIMIT,1701948944506,366062,0.0089717
1000BONKUSDT,SELL,LIMIT,1701948945689,101904,0.0089565
1000BONKUSDT,SELL,LIMIT,1701948948201,50113,0.0089524
1000BONKUSDT,BUY,LIMIT,1701949241482,37974,0.0092932
1000BONKUSDT,BUY,LIMIT,1701949246193,57387,0.0093037
1000BONKUSDT,SELL,LIMIT,1701949660526,7791,0.0089760
1000BONKUSDT,SELL,LIMIT,1701949713040,3912,0.0089284
1000BONKUSDT,SELL,LIMIT,1701949721723,74762,0.0089220
1000BONKUSDT,BUY,LIMIT,1701949953095,93120,0.0092998
1000BONKUSDT,BUY,LIMIT,1701949999141,16527,0.0093189
1000BONKUSDT,BUY,LIMIT,1701950052857,2433,0.0093300
1000BONKUSDT,BUY,LIMIT,1701950187559,35508,0.0093666
1000BONKUSDT,BUY,LIMIT,1701950305320,547885,0.0093680
1000BONKUSDT,BUY,LIMIT,1701950337443,25745,0.0093800
1000BONKUSDT,BUY,LIMIT,1701950342021,336281,0.0093817
1000BONKUSDT,SELL,LIMIT,1701950532387,1720,0.0090222
1000BONKUSDT,BUY,LIMIT,1701950578813,72357,0.0093400
1000BONKUSDT,BUY,LIMIT,1701950619123,46190,0.0093786
1000BONKUSDT,BUY,LIMIT,1701950627530,11754,0.0094009
1000BONKUSDT,BUY,LIMIT,1701950665154,827,0.0094109
1000BONKUSDT,BUY,LIMIT,1701950666720,56131,0.0094134
1000BONKUSDT,BUY,LIMIT,1701950688201,5060,0.0094266
1000BONKUSDT,BUY,LIMIT,1701950689455,169103,0.0094248
1000BONKUSDT,BUY,LIMIT,1701950692202,49853,0.0094427
1000BONKUSDT,BUY,LIMIT,1701950693462,19999,0.0094436
1000BONKUSDT,BUY,LIMIT,1701950694543,24754,0.0094672
1000BONKUSDT,SELL,LIMIT,1701950713956,32085,0.0091417
1000BONKUSDT,BUY,LIMIT,1701950766007,577,0.0094740
1000BONKUSDT,BUY,LIMIT,1701950770408,1062,0.0094941
1000BONKUSDT,BUY,LIMIT,1701950771426,9842,0.0095001
1000BONKUSDT,BUY,LIMIT,1701950773136,29265,0.0095009
1000BONKUSDT,BUY,LIMIT,1701950787739,3472,0.0095107
1000BONKUSDT,BUY,LIMIT,1701950790275,1176,0.0095139
1000BONKUSDT,BUY,LIMIT,1701950792787,379161,0.0095192
1000BONKUSDT,BUY,LIMIT,1701950796033,1916,0.0095259
1000BONKUSDT,BUY,LIMIT,1701950901233,32408,0.0095240
1000BONKUSDT,SELL,LIMIT,1701950914043,8251,0.0091992
1000BONKUSDT,SELL,LIMIT,1701950932323,224408,0.0091847
1000BONKUSDT,BUY,LIMIT,1701951004782,23929,0.0094746
1000BONKUSDT,BUY,LIMIT,1701951051919,15939,0.0094825
1000BONKUSDT,BUY,LIMIT,1701951062222,31515,0.0095007
1000BONKUSDT,BUY,LIMIT,1701951069191,140754,0.0095100
1000BONKUSDT,SELL,LIMIT,1701951120187,1033,0.0091850
1000BONKUSDT,BUY,LIMIT,1701951170477,2170,0.0093934
1000BONKUSDT,BUY,LIMIT,1701951176641,126069,0.0094868
1000BONKUSDT,BUY,LIMIT,1701951181130,21581,0.0094990
1000BONKUSDT,BUY,LIMIT,1701951183158,2566,0.0095294
1000BONKUSDT,BUY,LIMIT,1701951184262,63411,0.0095586
1000BONKUSDT,BUY,LIMIT,1701951185475,85711,0.0095597
1000BONKUSDT,BUY,LIMIT,1701951217556,54088,0.0095244
1000BONKUSDT,BUY,LIMIT,1701951245180,152984,0.0095176
1000BONKUSDT,BUY,LIMIT,1701951263291,492929,0.0095691
1000BONKUSDT,BUY,LIMIT,1701951270301,7643,0.0095751
1000BONKUSDT,BUY,LIMIT,1701951324883,10851,0.0095044
1000BONKUSDT,BUY,LIMIT,1701951346753,30827,0.0095569
1000BONKUSDT,BUY,LIMIT,1701951351009,4519,0.0095559
1000BONKUSDT,BUY,LIMIT,1701951370492,8854,0.0095439
1000BONKUSDT,BUY,LIMIT,1701951373154,25228,0.0095537
1000BONKUSDT,BUY,LIMIT,1701951388189,30000,0.0095833
1000BONKUSDT,BUY,LIMIT,1701951390286,23885,0.0095912
1000BONKUSDT,BUY,LIMIT,1701951391431,250892,0.0095979
1000BONKUSDT,BUY,LIMIT,1701951392879,2183,0.0096151
1000BONKUSDT,BUY,LIMIT,1701951395107,1529,0.0096322
1000BONKUSDT,BUY,LIMIT,1701951396108,8996,0.0096141
1000BONKUSDT,BUY,LIMIT,1701951398556,10869,0.0096415
1000BONKUSDT,SELL,LIMIT,1701951469403,6584,0.0092463
1000BONKUSDT,SELL,LIMIT,1701951509325,26676,0.0092071
1000BONKUSDT,SELL,LIMIT,1701951514353,73190,0.0091944
1000BONKUSDT,SELL,LIMIT,1701951531188,2924,0.0091823
1000BONKUSDT,SELL,LIMIT,1701951586180,290383,0.0091659
1000BONKUSDT,SELL,LIMIT,1701951627582,237544,0.0091427
1000BONKUSDT,SELL,LIMIT,1701951694850,1485,0.0092714
1000BONKUSDT,BUY,LIMIT,1701951696828,49982,0.0095141
1000BONKUSDT,BUY,LIMIT,1701951699008,11488,0.0095177
1000BONKUSDT,BUY,LIMIT,1701951744412,14205,0.0095406
1000BONKUSDT,BUY,LIMIT,1701951756516,19617,0.0095455
1000BONKUSDT,SELL,LIMIT,1701951885138,501325,0.0092109
1000BONKUSDT,BUY,LIMIT,1701952086373,27668,0.0095084
1000BONKUSDT,BUY,LIMIT,1701952170291,1227,0.0095494
1000BONKUSDT,BUY,LIMIT,1701952201998,94731,0.0095642
1000BONKUSDT,BUY,LIMIT,1701952204797,126431,0.0095849
1000BONKUSDT,BUY,LIMIT,1701952206492,52734,0.0095881
1000BONKUSDT,BUY,LIMIT,1701952210321,4797,0.0096000
1000BONKUSDT,BUY,LIMIT,1701952217763,47037,0.0096188
1000BONKUSDT,BUY,LIMIT,1701952219291,9014,0.0096220
1000BONKUSDT,BUY,LIMIT,1701952225118,155348,0.0096543
1000BONKUSDT,BUY,LIMIT,1701952226199,38430,0.0096488
1000BONKUSDT,BUY,LIMIT,1701952254217,16309,0.0096672
1000BONKUSDT,BUY,LIMIT,1701952255313,100000,0.0096649
1000BONKUSDT,BUY,LIMIT,1701952257135,6171,0.0096888
1000BONKUSDT,BUY,LIMIT,1701952258145,11136,0.0096770
1000BONKUSDT,BUY,LIMIT,1701952285071,1606730,0.0097684
1000BONKUSDT,BUY,LIMIT,1701952288064,10074,0.0097391
1000BONKUSDT,BUY,LIMIT,1701952289073,62005,0.0097222
1000BONKUSDT,BUY,LIMIT,1701952291207,86931,0.0097553
1000BONKUSDT,BUY,LIMIT,1701952292227,1125,0.0097663
1000BONKUSDT,BUY,LIMIT,1701952293271,21487,0.0097684
1000BONKUSDT,BUY,LIMIT,1701952294677,34496,0.0097949
1000BONKUSDT,BUY,LIMIT,1701952296195,25551,0.0097998
1000BONKUSDT,BUY,LIMIT,1701952297246,18367,0.0098059
1000BONKUSDT,SELL,LIMIT,1701952315074,150391,0.0094253
1000BONKUSDT,SELL,LIMIT,1701952316388,78164,0.0094170
1000BONKUSDT,BUY,LIMIT,1701952321532,80000,0.0097491
1000BONKUSDT,BUY,LIMIT,1701952392294,18314,0.0098134
1000BONKUSDT,BUY,LIMIT,1701952401313,2775,0.0098215
1000BONKUSDT,BUY,LIMIT,1701952403417,56098,0.0098283
1000BONKUSDT,SELL,LIMIT,1701952459486,9882,0.0094433
1000BONKUSDT,SELL,LIMIT,1701952475437,18208,0.0094289
1000BONKUSDT,SELL,LIMIT,1701952496382,11034,0.0094236
1000BONKUSDT,SELL,LIMIT,1701952507110,77913,0.0094048
1000BONKUSDT,SELL,LIMIT,1701952557487,300000,0.0093913
1000BONKUSDT,SELL,LIMIT,1701952574117,5130,0.0093708
1000BONKUSDT,SELL,LIMIT,1701952579729,78992,0.0093562
1000BONKUSDT,BUY,LIMIT,1701952635256,24028,0.0097153
1000BONKUSDT,BUY,LIMIT,1701952681765,10839,0.0097470
1000BONKUSDT,BUY,LIMIT,1701952685261,4783,0.0097710
1000BONKUSDT,BUY,LIMIT,1701952742938,7298,0.0097839
1000BONKUSDT,BUY,LIMIT,1701952747523,14761,0.0097899
1000BONKUSDT,BUY,LIMIT,1701952882594,1574,0.0098052
1000BONKUSDT,SELL,LIMIT,1701952967699,56130,0.0094566
1000BONKUSDT,SELL,LIMIT,1701952971084,332301,0.0094410
1000BONKUSDT,SELL,LIMIT,1701952976718,41548,0.0094052
1000BONKUSDT,BUY,LIMIT,1701953130216,230077,0.0097808
1000BONKUSDT,BUY,LIMIT,1701953144615,17741,0.0098160
1000BONKUSDT,BUY,LIMIT,1701953147065,6965,0.0098363
1000BONKUSDT,BUY,LIMIT,1701953148386,381291,0.0098295
1000BONKUSDT,BUY,LIMIT,1701953152101,3259,0.0098430
1000BONKUSDT,BUY,LIMIT,1701953153105,10448,0.0098363
1000BONKUSDT,BUY,LIMIT,1701953181824,130427,0.0098538
1000BONKUSDT,BUY,LIMIT,1701953183109,15091,0.0098618
1000BONKUSDT,SELL,LIMIT,1701953239270,36015,0.0095152
1000BONKUSDT,BUY,LIMIT,1701953352132,125088,0.0098646
1000BONKUSDT,BUY,LIMIT,1701953353468,11634,0.0098628
1000BONKUSDT,BUY,LIMIT,1701953356289,82109,0.0098737
1000BONKUSDT,BUY,LIMIT,1701953370347,24684,0.0098810
1000BONKUSDT,BUY,LIMIT,1701953397492,118056,0.0098573
1000BONKUSDT,BUY,LIMIT,1701953414308,98866,0.0098849
1000BONKUSDT,BUY,LIMIT,1701953416451,2458,0.0098911
1000BONKUSDT,BUY,LIMIT,1701953421086,170521,0.0099013
1000BONKUSDT,BUY,LIMIT,1701953423768,60619,0.0098993
1000BONKUSDT,BUY,LIMIT,1701953425616,10421,0.0098995
1000BONKUSDT,BUY,LIMIT,1701953427122,348883,0.0099206
1000BONKUSDT,BUY,LIMIT,1701953428219,8385,0.0099225
1000BONKUSDT,BUY,LIMIT,1701953430068,10101,0.0099519
1000BONKUSDT,BUY,LIMIT,1701953431271,1081,0.0099274
1000BONKUSDT,BUY,LIMIT,1701953432477,10057,0.0099627
1000BONKUSDT,BUY,LIMIT,1701953433516,47787,0.0099586
1000BONKUSDT,BUY,LIMIT,1701953435013,35759,0.0099697
1000BONKUSDT,SELL,LIMIT,1701953449931,6113,0.0096168
1000BONKUSDT,SELL,LIMIT,1701953784186,16903,0.0095839
1000BONKUSDT,SELL,LIMIT,1701953786638,582,0.0095757
1000BONKUSDT,SELL,LIMIT,1701953797252,47110,0.0095646
1000BONKUSDT,SELL,LIMIT,1701953802397,15700,0.0095604
1000BONKUSDT,BUY,LIMIT,1701954016170,33015,0.0099000
1000BONKUSDT,BUY,LIMIT,1701954017407,3253,0.0099095
1000BONKUSDT,BUY,LIMIT,1701954018568,17850,0.0099286
1000BONKUSDT,BUY,LIMIT,1701954070978,6185,0.0099539
1000BONKUSDT,SELL,LIMIT,1701954159840,508925,0.0096166
1000BONKUSDT,BUY,LIMIT,1701954166452,3474,0.0099191
1000BONKUSDT,SELL,LIMIT,1701954255368,11074,0.0096100
1000BONKUSDT,SELL,LIMIT,1701954300508,88642,0.0095757
1000BONKUSDT,SELL,LIMIT,1701954302694,30715,0.0095611
1000BONKUSDT,SELL,LIMIT,1701954304190,162009,0.0095543
1000BONKUSDT,SELL,LIMIT,1701954306352,98326,0.0095232
1000BONKUSDT,SELL,LIMIT,1701954312070,1440,0.0094921
1000BONKUSDT,BUY,LIMIT,1701954434288,128449,0.0098577
1000BONKUSDT,BUY,LIMIT,1701954437318,3335,0.0098694
1000BONKUSDT,BUY,LIMIT,1701954461770,19791,0.0098931
1000BONKUSDT,BUY,LIMIT,1701954464003,13191,0.0099045
1000BONKUSDT,SELL,LIMIT,1701954824444,61985,0.0094787
1000BONKUSDT,BUY,LIMIT,1701955002305,40000,0.0098274
1000BONKUSDT,BUY,LIMIT,1701955006818,4259,0.0098285
1000BONKUSDT,BUY,LIMIT,1701955041433,11108,0.0098412
1000BONKUSDT,BUY,LIMIT,1701955054353,1679,0.0098502
1000BONKUSDT,BUY,LIMIT,1701955061431,64980,0.0098706
1000BONKUSDT,BUY,LIMIT,1701955093152,107710,0.0098871
1000BONKUSDT,BUY,LIMIT,1701955103086,6276,0.0098952
1000BONKUSDT,BUY,LIMIT,1701955184256,763,0.0099002
1000BONKUSDT,BUY,LIMIT,1701955340094,2308,0.0099268
1000BONKUSDT,BUY,LIMIT,1701955345385,44246,0.0099350
1000BONKUSDT,BUY,LIMIT,1701955347576,43295,0.0099341
1000BONKUSDT,SELL,LIMIT,1701955608118,4644,0.0094845
1000BONKUSDT,SELL,LIMIT,1701955630893,74167,0.0094830
1000BONKUSDT,BUY,LIMIT,1701955680868,828,0.0098183
1000BONKUSDT,BUY,LIMIT,1701955684137,9706,0.0098290
1000BONKUSDT,BUY,LIMIT,1701955703355,95796,0.0098663
1000BONKUSDT,BUY,LIMIT,1701955704515,3894,0.0098822
1000BONKUSDT,BUY,LIMIT,1701955789713,71387,0.0098913
1000BONKUSDT,BUY,LIMIT,1701955850955,5673,0.0098942
1000BONKUSDT,BUY,LIMIT,1701955860343,25485,0.0099000
1000BONKUSDT,BUY,LIMIT,1701955876787,12694,0.0099334
1000BONKUSDT,BUY,LIMIT,1701955887545,1790,0.0099436
1000BONKUSDT,BUY,LIMIT,1701955950133,931,0.0099538
1000BONKUSDT,BUY,LIMIT,1701955951243,97181,0.0099806
1000BONKUSDT,BUY,LIMIT,1701955956351,15080,0.0099887
1000BONKUSDT,BUY,LIMIT,1701955968244,3284,0.0099879
1000BONKUSDT,BUY,LIMIT,1701955970252,36134,0.0099950
1000BONKUSDT,BUY,LIMIT,1701955971371,1023,0.0099955
1000BONKUSDT,SELL,LIMIT,1701956209202,5606,0.0096296
1000BONKUSDT,SELL,LIMIT,1701956416234,61738,0.0096149
1000BONKUSDT,SELL,LIMIT,1701956418368,7578,0.0096140
1000BONKUSDT,SELL,LIMIT,1701956423411,2538,0.0096080
1000BONKUSDT,SELL,LIMIT,1701956427786,44454,0.0095929
1000BONKUSDT,SELL,LIMIT,1701956429213,1474,0.0095806
1000BONKUSDT,SELL,LIMIT,1701956432547,10907,0.0095698
1000BONKUSDT,SELL,LIMIT,1701956436320,4919,0.0095613
1000BONKUSDT,SELL,LIMIT,1701956504927,7878,0.0095571
1000BONKUSDT,SELL,LIMIT,1701956506704,6458,0.0095424
1000BONKUSDT,SELL,LIMIT,1701956558060,25096,0.0095799
1000BONKUSDT,SELL,LIMIT,1701956559285,3590,0.0095550
1000BONKUSDT,SELL,LIMIT,1701956594283,51232,0.0095430
1000BONKUSDT,SELL,LIMIT,1701956601263,20063,0.0095352
1000BONKUSDT,BUY,LIMIT,1701956647620,22127,0.0098641
1000BONKUSDT,BUY,LIMIT,1701956683609,3629,0.0098879
1000BONKUSDT,BUY,LIMIT,1701956696514,680,0.0099144
1000BONKUSDT,SELL,LIMIT,1701956846646,25943,0.0095515
1000BONKUSDT,SELL,LIMIT,1701956857107,17803,0.0095460
1000BONKUSDT,SELL,LIMIT,1701956865836,10192,0.0095205
1000BONKUSDT,SELL,LIMIT,1701956888283,391617,0.0095290
1000BONKUSDT,SELL,LIMIT,1701956960244,156998,0.0095081
1000BONKUSDT,SELL,LIMIT,1701956966887,546,0.0095037
1000BONKUSDT,SELL,LIMIT,1701956971957,40420,0.0094974
1000BONKUSDT,BUY,LIMIT,1701956984233,73019,0.0098420
1000BONKUSDT,BUY,LIMIT,1701957126879,3776,0.0098818
1000BONKUSDT,BUY,LIMIT,1701957128140,127984,0.0098890
1000BONKUSDT,BUY,LIMIT,1701957132691,279904,0.0098992
1000BONKUSDT,BUY,LIMIT,1701957141917,179630,0.0099143
1000BONKUSDT,BUY,LIMIT,1701957146212,103145,0.0099150
1000BONKUSDT,BUY,LIMIT,1701957147426,44838,0.0099166
1000BONKUSDT,BUY,LIMIT,1701957199552,1019,0.0099318
1000BONKUSDT,BUY,LIMIT,1701957222558,6599,0.0099408
1000BONKUSDT,BUY,LIMIT,1701957355999,19035,0.0099663
1000BONKUSDT,BUY,LIMIT,1701957359046,87990,0.0099633
1000BONKUSDT,BUY,LIMIT,1701957371407,51171,0.0099647
1000BONKUSDT,BUY,LIMIT,1701957373462,566,0.0099776
1000BONKUSDT,BUY,LIMIT,1701957404459,33793,0.0099940
1000BONKUSDT,BUY,LIMIT,1701957422158,35777,0.0100012
1000BONKUSDT,BUY,LIMIT,1701957566132,4685,0.0099872
1000BONKUSDT,BUY,LIMIT,1701957567240,36270,0.0099838
1000BONKUSDT,BUY,LIMIT,1701957658138,2604,0.0100095
1000BONKUSDT,SELL,LIMIT,1701957694567,18716,0.0096493
1000BONKUSDT,SELL,LIMIT,1701957696515,50948,0.0096398
1000BONKUSDT,SELL,LIMIT,1701957796136,6973,0.0096005
1000BONKUSDT,SELL,LIMIT,1701957799103,99155,0.0095944
1000BONKUSDT,BUY,LIMIT,1701957962823,1001,0.0098952
1000BONKUSDT,SELL,LIMIT,1701957993383,142731,0.0095651
1000BONKUSDT,SELL,LIMIT,1701957999042,10235,0.0095579
1000BONKUSDT,BUY,LIMIT,1701958180196,235189,0.0099118
1000BONKUSDT,BUY,LIMIT,1701958193164,9139,0.0099247
1000BONKUSDT,BUY,LIMIT,1701958351383,6866,0.0099720
1000BONKUSDT,BUY,LIMIT,1701958363672,54062,0.0099940
1000BONKUSDT,SELL,LIMIT,1701958582604,404445,0.0096117
1000BONKUSDT,SELL,LIMIT,1701958616350,72344,0.0095735
1000BONKUSDT,SELL,LIMIT,1701958794436,2697,0.0095524
1000BONKUSDT,BUY,LIMIT,1701958821155,6768,0.0098965
1000BONKUSDT,BUY,LIMIT,1701958822612,544,0.0099150
1000BONKUSDT,BUY,LIMIT,1701958933206,73569,0.0098880
1000BONKUSDT,BUY,LIMIT,1701958938061,51642,0.0099058
1000BONKUSDT,SELL,LIMIT,1701959061804,3635,0.0095683
1000BONKUSDT,BUY,LIMIT,1701959222576,53963,0.0098862
1000BONKUSDT,BUY,LIMIT,1701959228705,6476,0.0098993
1000BONKUSDT,BUY,LIMIT,1701959351800,36943,0.0099328
1000BONKUSDT,SELL,LIMIT,1701959401846,31062,0.0095786
1000BONKUSDT,BUY,LIMIT,1701959503907,31357,0.0099278
1000BONKUSDT,BUY,LIMIT,1701959571500,4177,0.0099436
1000BONKUSDT,BUY,LIMIT,1701959599158,773,0.0099524
1000BONKUSDT,BUY,LIMIT,1701959603219,1637,0.0099709
1000BONKUSDT,BUY,LIMIT,1701959604473,12377,0.0099763
1000BONKUSDT,BUY,LIMIT,1701959606343,255232,0.0099809
1000BONKUSDT,BUY,LIMIT,1701959608119,510204,0.0099940
1000BONKUSDT,BUY,LIMIT,1701959609578,64287,0.0099984
1000BONKUSDT,BUY,LIMIT,1701959611122,5282,0.0100409
1000BONKUSDT,BUY,LIMIT,1701959612329,1987024,0.0100883
1000BONKUSDT,BUY,LIMIT,1701959613655,17710,0.0100278
1000BONKUSDT,BUY,LIMIT,1701959620437,8272,0.0100351
1000BONKUSDT,BUY,LIMIT,1701959622919,81309,0.0100423
1000BONKUSDT,BUY,LIMIT,1701959634083,205380,0.0100473
1000BONKUSDT,BUY,LIMIT,1701959635160,121455,0.0100449
1000BONKUSDT,BUY,LIMIT,1701959636235,460354,0.0100606
1000BONKUSDT,BUY,LIMIT,1701959638698,14851,0.0100663
1000BONKUSDT,BUY,LIMIT,1701959639871,4037,0.0100644
1000BONKUSDT,BUY,LIMIT,1701959659468,789,0.0100839
1000BONKUSDT,BUY,LIMIT,1701959661571,5864,0.0100919
1000BONKUSDT,BUY,LIMIT,1701959663118,9351,0.0100988
1000BONKUSDT,BUY,LIMIT,1701959664143,2575686,0.0101884
1000BONKUSDT,BUY,LIMIT,1701959665170,15566,0.0101344
1000BONKUSDT,BUY,LIMIT,1701959666180,88575,0.0101548
1000BONKUSDT,BUY,LIMIT,1701959667193,1306,0.0101668
1000BONKUSDT,BUY,LIMIT,1701959679124,544690,0.0101661
1000BONKUSDT,BUY,LIMIT,1701959711046,18437,0.0101890
1000BONKUSDT,BUY,LIMIT,1701959712057,4160,0.0101874
1000BONKUSDT,BUY,LIMIT,1701959714114,46662,0.0102053
1000BONKUSDT,BUY,LIMIT,1701959715272,2350,0.0102038
1000BONKUSDT,BUY,LIMIT,1701959717067,27209,0.0102146
1000BONKUSDT,BUY,LIMIT,1701959718070,50153,0.0102355
1000BONKUSDT,BUY,LIMIT,1701959721203,19907,0.0102557
1000BONKUSDT,BUY,LIMIT,1701959724424,27302,0.0102459
1000BONKUSDT,SELL,LIMIT,1701959737851,181330,0.0099040
1000BONKUSDT,BUY,LIMIT,1701959740058,86089,0.0102753
1000BONKUSDT,BUY,LIMIT,1701959741185,1454,0.0102661
1000BONKUSDT,BUY,LIMIT,1701959744195,8052,0.0102711
1000BONKUSDT,BUY,LIMIT,1701959756115,99192,0.0102752
1000BONKUSDT,BUY,LIMIT,1701959757125,41603,0.0103438
1000BONKUSDT,BUY,LIMIT,1701959758168,90715,0.0103509
1000BONKUSDT,BUY,LIMIT,1701959759275,541,0.0103464
1000BONKUSDT,BUY,LIMIT,1701959760326,81776,0.0103557
1000BONKUSDT,BUY,LIMIT,1701959762075,3807,0.0103605
1000BONKUSDT,BUY,LIMIT,1701959763150,7779,0.0103612
1000BONKUSDT,BUY,LIMIT,1701959764262,750,0.0103770
1000BONKUSDT,BUY,LIMIT,1701959767809,101183,0.0103751
1000BONKUSDT,BUY,LIMIT,1701959769883,616208,0.0103904
1000BONKUSDT,BUY,LIMIT,1701959771171,21238,0.0103733
1000BONKUSDT,BUY,LIMIT,1701959773212,53752,0.0103888
1000BONKUSDT,BUY,LIMIT,1701959774224,41751,0.0104082
1000BONKUSDT,BUY,LIMIT,1701959775260,27526,0.0104259
1000BONKUSDT,BUY,LIMIT,1701959776266,24056,0.0104455
1000BONKUSDT,BUY,LIMIT,1701959777401,627545,0.0104892
1000BONKUSDT,BUY,LIMIT,1701959833073,34249,0.0104895
1000BONKUSDT,BUY,LIMIT,1701959834160,20981,0.0104793
1000BONKUSDT,BUY,LIMIT,1701959836598,12429,0.0104964
1000BONKUSDT,BUY,LIMIT,1701959839051,14063,0.0105059
1000BONKUSDT,BUY,LIMIT,1701959840081,58876,0.0105246
1000BONKUSDT,BUY,LIMIT,1701959852492,32884,0.0105128
1000BONKUSDT,BUY,LIMIT,1701959858044,49999,0.0105266
1000BONKUSDT,BUY,LIMIT,1701959861046,86283,0.0105293
1000BONKUSDT,BUY,LIMIT,1701959862176,75760,0.0105348
1000BONKUSDT,BUY,LIMIT,1701959863349,31610,0.0105464
1000BONKUSDT,BUY,LIMIT,1701959866180,1227,0.0105496
1000BONKUSDT,SELL,LIMIT,1701959949174,999,0.0101727
1000BONKUSDT,SELL,LIMIT,1701959955556,402632,0.0101683
1000BONKUSDT,SELL,LIMIT,1701959957151,73954,0.0101514
1000BONKUSDT,SELL,LIMIT,1701959960302,7935,0.0100992
1000BONKUSDT,SELL,LIMIT,1701959961335,59395,0.0101152
1000BONKUSDT,SELL,LIMIT,1701959962698,14557,0.0100815
1000BONKUSDT,BUY,LIMIT,1701959972702,161353,0.0104386
1000BONKUSDT,BUY,LIMIT,1701960009760,11784,0.0104597
1000BONKUSDT,SELL,LIMIT,1701960023901,59390,0.0101013
1000BONKUSDT,BUY,LIMIT,1701960042267,3505,0.0104867
1000BONKUSDT,SELL,LIMIT,1701960081284,48494,0.0101166
1000BONKUSDT,SELL,LIMIT,1701960087121,216643,0.0100907
1000BONKUSDT,SELL,LIMIT,1701960088274,4854,0.0100962
1000BONKUSDT,SELL,LIMIT,1701960090337,651,0.0100764
1000BONKUSDT,SELL,LIMIT,1701960104338,11775,0.0100684
1000BONKUSDT,BUY,LIMIT,1701960191468,4776,0.0104233
1000BONKUSDT,BUY,LIMIT,1701960198164,61807,0.0104345
1000BONKUSDT,BUY,LIMIT,1701960199309,15795,0.0104448
1000BONKUSDT,BUY,LIMIT,1701960200324,826,0.0104418
1000BONKUSDT,SELL,LIMIT,1701960212136,4387,0.0100769
1000BONKUSDT,SELL,LIMIT,1701960215647,7539,0.0100665
1000BONKUSDT,SELL,LIMIT,1701960226756,3059,0.0100520
1000BONKUSDT,SELL,LIMIT,1701960228677,9750,0.0100531
1000BONKUSDT,SELL,LIMIT,1701960290629,47101,0.0100363
1000BONKUSDT,SELL,LIMIT,1701960296415,39096,0.0100247
1000BONKUSDT,BUY,LIMIT,1701960317341,224723,0.0104171
1000BONKUSDT,SELL,LIMIT,1701960360288,70077,0.0100293
1000BONKUSDT,BUY,LIMIT,1701960390518,882,0.0104019
1000BONKUSDT,BUY,LIMIT,1701960513938,3832,0.0104305
1000BONKUSDT,BUY,LIMIT,1701960515230,58904,0.0104349
1000BONKUSDT,BUY,LIMIT,1701960517235,2405,0.0104387
1000BONKUSDT,BUY,LIMIT,1701960527382,54017,0.0104520
1000BONKUSDT,BUY,LIMIT,1701960529201,21205,0.0104763
1000BONKUSDT,BUY,LIMIT,1701960544846,17616,0.0104813
1000BONKUSDT,SELL,LIMIT,1701960691057,13819,0.0100664
1000BONKUSDT,SELL,LIMIT,1701960704070,475805,0.0100618
1000BONKUSDT,SELL,LIMIT,1701960707583,138486,0.0100210
1000BONKUSDT,SELL,LIMIT,1701960730460,16544,0.0100101
1000BONKUSDT,SELL,LIMIT,1701960732513,9122,0.0100050
1000BONKUSDT,SELL,LIMIT,1701960736355,488809,0.0099926
1000BONKUSDT,BUY,LIMIT,1701960813638,14056,0.0103807
1000BONKUSDT,BUY,LIMIT,1701960924254,10202,0.0103917
1000BONKUSDT,BUY,LIMIT,1701961076307,36312,0.0104016
1000BONKUSDT,BUY,LIMIT,1701961078999,26633,0.0104254
1000BONKUSDT,SELL,LIMIT,1701961198440,5101,0.0099982
1000BONKUSDT,SELL,LIMIT,1701961199499,8343,0.0100271
1000BONKUSDT,SELL,LIMIT,1701961206726,2605,0.0099669
1000BONKUSDT,SELL,LIMIT,1701961211368,10958,0.0099639
1000BONKUSDT,SELL,LIMIT,1701961237159,4879,0.0100040
1000BONKUSDT,BUY,LIMIT,1701961345374,23967,0.0104020
1000BONKUSDT,BUY,LIMIT,1701961347303,2594,0.0104240
1000BONKUSDT,BUY,LIMIT,1701961348474,120737,0.0103974
1000BONKUSDT,BUY,LIMIT,1701961431557,31003,0.0104078
1000BONKUSDT,BUY,LIMIT,1701961467101,28369,0.0103515
1000BONKUSDT,BUY,LIMIT,1701961505116,4151,0.0104299
1000BONKUSDT,BUY,LIMIT,1701961509805,17323,0.0104375
1000BONKUSDT,BUY,LIMIT,1701961517160,509,0.0104463
1000BONKUSDT,BUY,LIMIT,1701961527615,16582,0.0104484
1000BONKUSDT,SELL,LIMIT,1701961545702,113721,0.0100821
1000BONKUSDT,SELL,LIMIT,1701961625490,43740,0.0100416
1000BONKUSDT,SELL,LIMIT,1701961631218,17875,0.0100338
1000BONKUSDT,SELL,LIMIT,1701961639210,15028,0.0100164
1000BONKUSDT,SELL,LIMIT,1701961644217,3628,0.0100011
1000BONKUSDT,SELL,LIMIT,1701961671480,2781,0.0099592
1000BONKUSDT,SELL,LIMIT,1701961716189,23803,0.0099502
1000BONKUSDT,SELL,LIMIT,1701961718061,58912,0.0099445
1000BONKUSDT,SELL,LIMIT,1701961719188,197946,0.0099433
1000BONKUSDT,SELL,LIMIT,1701961720348,54103,0.0098992
1000BONKUSDT,BUY,LIMIT,1701961746288,71,0.0079680
1000BONKUSDT,BUY,LIMIT,1701961748183,58004,0.0102133
1000BONKUSDT,BUY,LIMIT,1701961763702,219389,0.0103078
1000BONKUSDT,BUY,LIMIT,1701961765109,793,0.0103237
1000BONKUSDT,BUY,LIMIT,1701961784809,45709,0.0103392
1000BONKUSDT,SELL,LIMIT,1701961808718,12168,0.0099824
1000BONKUSDT,BUY,LIMIT,1701961816049,2289,0.0103398
1000BONKUSDT,SELL,LIMIT,1701961881591,23903,0.0099483
1000BONKUSDT,SELL,LIMIT,1701961888111,25757,0.0099169
1000BONKUSDT,BUY,LIMIT,1701961931069,15201,0.0102904
1000BONKUSDT,BUY,LIMIT,1701961963098,291174,0.0103178
1000BONKUSDT,BUY,LIMIT,1701961971253,148100,0.0103441
1000BONKUSDT,BUY,LIMIT,1701961998715,114285,0.0103615
1000BONKUSDT,BUY,LIMIT,1701961999874,49534,0.0103730
1000BONKUSDT,BUY,LIMIT,1701962006724,12641,0.0103853
1000BONKUSDT,BUY,LIMIT,1701962138558,1220,0.0104007
1000BONKUSDT,BUY,LIMIT,1701962184128,5995,0.0104119
1000BONKUSDT,BUY,LIMIT,1701962185492,1402,0.0104251
1000BONKUSDT,BUY,LIMIT,1701962188023,213935,0.0104267
1000BONKUSDT,BUY,LIMIT,1701962189367,30454,0.0104510
1000BONKUSDT,BUY,LIMIT,1701962191110,20705,0.0104696
1000BONKUSDT,BUY,LIMIT,1701962198325,9803,0.0104747
1000BONKUSDT,BUY,LIMIT,1701962199464,61386,0.0104743
1000BONKUSDT,BUY,LIMIT,1701962201106,15249,0.0105277
1000BONKUSDT,BUY,LIMIT,1701962202298,311151,0.0105439
1000BONKUSDT,BUY,LIMIT,1701962203628,2845,0.0105548
1000BONKUSDT,BUY,LIMIT,1701962204793,124400,0.0105589
1000BONKUSDT,SELL,LIMIT,1701962218122,35195,0.0101881
1000BONKUSDT,BUY,LIMIT,1701962351480,41850,0.0105433
1000BONKUSDT,BUY,LIMIT,1701962355119,481093,0.0105555
1000BONKUSDT,BUY,LIMIT,1701962359055,41221,0.0105773
1000BONKUSDT,BUY,LIMIT,1701962361137,10561,0.0105912
1000BONKUSDT,BUY,LIMIT,1701962362157,5348,0.0106033
1000BONKUSDT,BUY,LIMIT,1701962363170,1543,0.0106175
1000BONKUSDT,BUY,LIMIT,1701962364233,56567,0.0106223
1000BONKUSDT,BUY,LIMIT,1701962365491,1725,0.0106286
1000BONKUSDT,BUY,LIMIT,1701962377172,14461,0.0106277
1000BONKUSDT,SELL,LIMIT,1701962417563,85925,0.0102653
1000BONKUSDT,SELL,LIMIT,1701962428612,8844,0.0102061
1000BONKUSDT,SELL,LIMIT,1701962439834,33043,0.0101866
1000BONKUSDT,SELL,LIMIT,1701962454100,31011,0.0101844
1000BONKUSDT,BUY,LIMIT,1701962522455,39286,0.0105164
1000BONKUSDT,BUY,LIMIT,1701962549340,6377,0.0105280
1000BONKUSDT,SELL,LIMIT,1701962626431,12319,0.0101141
1000BONKUSDT,SELL,LIMIT,1701962639443,1125,0.0101021
1000BONKUSDT,SELL,LIMIT,1701962641442,72606,0.0100962
1000BONKUSDT,BUY,LIMIT,1701962709733,5549,0.0104443
1000BONKUSDT,SELL,LIMIT,1701962765850,3930,0.0101049
1000BONKUSDT,SELL,LIMIT,1701962769349,1987,0.0100944
1000BONKUSDT,BUY,LIMIT,1701962837287,1789,0.0104407
1000BONKUSDT,BUY,LIMIT,1701962841935,62834,0.0104493
1000BONKUSDT,BUY,LIMIT,1701962846198,165561,0.0104621
1000BONKUSDT,BUY,LIMIT,1701962847637,160753,0.0104631
1000BONKUSDT,SELL,LIMIT,1701963003558,4041,0.0100728
1000BONKUSDT,SELL,LIMIT,1701963007709,51914,0.0100548
1000BONKUSDT,SELL,LIMIT,1701963009761,6664,0.0100510
1000BONKUSDT,SELL,LIMIT,1701963055805,13294,0.0100399
1000BONKUSDT,BUY,LIMIT,1701963081221,4593,0.0104101
1000BONKUSDT,BUY,LIMIT,1701963091818,43574,0.0104183
1000BONKUSDT,BUY,LIMIT,1701963129554,21432,0.0104567
1000BONKUSDT,BUY,LIMIT,1701963147477,787,0.0104699
1000BONKUSDT,SELL,LIMIT,1701963230288,98015,0.0101013
1000BONKUSDT,BUY,LIMIT,1701963357076,12774,0.0104825
1000BONKUSDT,BUY,LIMIT,1701963359898,24421,0.0104865
1000BONKUSDT,BUY,LIMIT,1701963396096,77609,0.0105087
1000BONKUSDT,BUY,LIMIT,1701963399852,4347,0.0105204
1000BONKUSDT,BUY,LIMIT,1701963458867,69265,0.0105431
1000BONKUSDT,BUY,LIMIT,1701963464399,173163,0.0105594
1000BONKUSDT,BUY,LIMIT,1701963466329,43466,0.0105722
1000BONKUSDT,SELL,LIMIT,1701963499766,16403,0.0102039
1000BONKUSDT,SELL,LIMIT,1701963517061,119454,0.0101941
1000BONKUSDT,SELL,LIMIT,1701963569265,7983,0.0101709
1000BONKUSDT,SELL,LIMIT,1701963581847,204236,0.0101643
1000BONKUSDT,SELL,LIMIT,1701963649627,3315,0.0101297
1000BONKUSDT,BUY,LIMIT,1701963674679,3292,0.0104971
1000BONKUSDT,BUY,LIMIT,1701963684719,15603,0.0104996
1000BONKUSDT,SELL,LIMIT,1701963794127,4456,0.0101360
1000BONKUSDT,BUY,LIMIT,1701963866206,1937,0.0105221
1000BONKUSDT,SELL,LIMIT,1701963964126,1158,0.0102702
1000BONKUSDT,BUY,LIMIT,1701963988741,767,0.0104937
1000BONKUSDT,SELL,LIMIT,1701963990326,100000,0.0102207
1000BONKUSDT,BUY,LIMIT,1701964040871,484873,0.0105243
1000BONKUSDT,BUY,LIMIT,1701964046724,31549,0.0105364
1000BONKUSDT,BUY,LIMIT,1701964050617,155987,0.0105452
1000BONKUSDT,BUY,LIMIT,1701964054083,4588,0.0105482
1000BONKUSDT,SELL,LIMIT,1701964158147,480436,0.0101784
1000BONKUSDT,BUY,LIMIT,1701964203307,300876,0.0105373
1000BONKUSDT,BUY,LIMIT,1701964205229,2764,0.0105417
1000BONKUSDT,BUY,LIMIT,1701964229423,1140,0.0105585
1000BONKUSDT,BUY,LIMIT,1701964244730,3638,0.0105799
1000BONKUSDT,BUY,LIMIT,1701964247160,1392,0.0105961
1000BONKUSDT,BUY,LIMIT,1701964250743,823,0.0106070
1000BONKUSDT,BUY,LIMIT,1701964251870,55164,0.0106201
1000BONKUSDT,BUY,LIMIT,1701964252980,30499,0.0106306
1000BONKUSDT,BUY,LIMIT,1701964355704,8653,0.0106120
1000BONKUSDT,BUY,LIMIT,1701964371129,28444,0.0106341
1000BONKUSDT,BUY,LIMIT,1701964372269,1980,0.0106332
1000BONKUSDT,BUY,LIMIT,1701964373291,114139,0.0106591
1000BONKUSDT,BUY,LIMIT,1701964374295,61706,0.0106614
1000BONKUSDT,BUY,LIMIT,1701964375328,712420,0.0107457
1000BONKUSDT,BUY,LIMIT,1701964376334,14843,0.0107032
1000BONKUSDT,BUY,LIMIT,1701964377402,5278,0.0107177
1000BONKUSDT,BUY,LIMIT,1701964389375,2937,0.0107205
1000BONKUSDT,BUY,LIMIT,1701964390433,97837,0.0107233
1000BONKUSDT,BUY,LIMIT,1701964391440,8430,0.0107367
1000BONKUSDT,BUY,LIMIT,1701964392592,8268,0.0107449
1000BONKUSDT,BUY,LIMIT,1701964393625,100000,0.0107639
1000BONKUSDT,BUY,LIMIT,1701964396232,373605,0.0107756
1000BONKUSDT,BUY,LIMIT,1701964397335,882949,0.0108381
1000BONKUSDT,BUY,LIMIT,1701964398396,24407,0.0107797
1000BONKUSDT,BUY,LIMIT,1701964402133,47928,0.0108265
1000BONKUSDT,BUY,LIMIT,1701964403153,230704,0.0108129
1000BONKUSDT,BUY,LIMIT,1701964404207,17439,0.0108432
1000BONKUSDT,BUY,LIMIT,1701964405213,32401,0.0108691
1000BONKUSDT,BUY,LIMIT,1701964406260,388014,0.0108885
1000BONKUSDT,BUY,LIMIT,1701964421443,853,0.0109098
1000BONKUSDT,BUY,LIMIT,1701964472664,44869,0.0108716
1000BONKUSDT,BUY,LIMIT,1701964509226,3270,0.0108887
1000BONKUSDT,BUY,LIMIT,1701964510291,16924,0.0108912
1000BONKUSDT,BUY,LIMIT,1701964513432,152211,0.0109179
1000BONKUSDT,BUY,LIMIT,1701964587098,191548,0.0109155
1000BONKUSDT,SELL,LIMIT,1701964628630,1520,0.0105160
1000BONKUSDT,SELL,LIMIT,1701964641160,98259,0.0104958
1000BONKUSDT,BUY,LIMIT,1701964681206,285878,0.0108843
1000BONKUSDT,BUY,LIMIT,1701964686106,24038,0.0109228
1000BONKUSDT,BUY,LIMIT,1701964690481,442896,0.0109230
1000BONKUSDT,BUY,LIMIT,1701964691597,41523,0.0109265
1000BONKUSDT,BUY,LIMIT,1701964692996,2600,0.0109372
1000BONKUSDT,BUY,LIMIT,1701964694080,2080,0.0109494
1000BONKUSDT,BUY,LIMIT,1701964695099,67241,0.0109490
1000BONKUSDT,SELL,LIMIT,1701964731686,34389,0.0105372
1000BONKUSDT,BUY,LIMIT,1701964807606,28740,0.0109447
1000BONKUSDT,BUY,LIMIT,1701964808908,550,0.0109543
1000BONKUSDT,BUY,LIMIT,1701964813287,5213,0.0109537
1000BONKUSDT,BUY,LIMIT,1701964815866,2225,0.0109569
1000BONKUSDT,BUY,LIMIT,1701964818567,5567,0.0109590
1000BONKUSDT,BUY,LIMIT,1701964819572,470966,0.0109816
1000BONKUSDT,BUY,LIMIT,1701964821289,6677,0.0109924
1000BONKUSDT,BUY,LIMIT,1701964822290,24973,0.0110138
1000BONKUSDT,BUY,LIMIT,1701964823340,200000,0.0109970
1000BONKUSDT,BUY,LIMIT,1701964841532,16437,0.0109736
1000BONKUSDT,SELL,LIMIT,1701964862394,28793,0.0105715
1000BONKUSDT,SELL,LIMIT,1701964871857,63170,0.0105605
1000BONKUSDT,SELL,LIMIT,1701964912410,2699,0.0105092
1000BONKUSDT,SELL,LIMIT,1701964921536,648,0.0105063
1000BONKUSDT,BUY,LIMIT,1701964945196,61954,0.0109173
1000BONKUSDT,BUY,LIMIT,1701964946332,3833,0.0109132
1000BONKUSDT,BUY,LIMIT,1701964947346,9990,0.0109394
1000BONKUSDT,BUY,LIMIT,1701964949396,196454,0.0109597
1000BONKUSDT,BUY,LIMIT,1701964953246,34965,0.0109834
1000BONKUSDT,BUY,LIMIT,1701964954603,32816,0.0109973
1000BONKUSDT,BUY,LIMIT,1701964955625,31860,0.0110184
1000BONKUSDT,BUY,LIMIT,1701964957439,12061,0.0110285
1000BONKUSDT,SELL,LIMIT,1701964971116,4092,0.0106530
1000BONKUSDT,BUY,LIMIT,1701964998155,172464,0.0110138
1000BONKUSDT,BUY,LIMIT,1701965000080,1815,0.0110515
1000BONKUSDT,BUY,LIMIT,1701965001088,47955,0.0110546
1000BONKUSDT,BUY,LIMIT,1701965002269,10579,0.0110711
1000BONKUSDT,BUY,LIMIT,1701965003423,6010,0.0110743
1000BONKUSDT,BUY,LIMIT,1701965008055,280824,0.0110802
1000BONKUSDT,BUY,LIMIT,1701965012049,73072,0.0110817
1000BONKUSDT,BUY,LIMIT,1701965013057,51139,0.0110944
1000BONKUSDT,BUY,LIMIT,1701965014062,40879,0.0110912
1000BONKUSDT,BUY,LIMIT,1701965017081,18695,0.0111882
1000BONKUSDT,BUY,LIMIT,1701965018235,49280,0.0111651
1000BONKUSDT,BUY,LIMIT,1701965050125,1610,0.0111761
1000BONKUSDT,BUY,LIMIT,1701965053048,981,0.0111980
1000BONKUSDT,BUY,LIMIT,1701965054050,31771,0.0112156
1000BONKUSDT,BUY,LIMIT,1701965055180,93534,0.0112211
1000BONKUSDT,BUY,LIMIT,1701965058049,18717,0.0112379
1000BONKUSDT,BUY,LIMIT,1701965059072,16562,0.0112438
1000BONKUSDT,BUY,LIMIT,1701965060085,94720,0.0112795
1000BONKUSDT,BUY,LIMIT,1701965061090,2977,0.0113332
1000BONKUSDT,BUY,LIMIT,1701965062094,18852,0.0113555
1000BONKUSDT,BUY,LIMIT,1701965063107,8324,0.0113768
1000BONKUSDT,BUY,LIMIT,1701965064168,19102,0.0113648
1000BONKUSDT,BUY,LIMIT,1701965065172,52659,0.0113884
1000BONKUSDT,BUY,LIMIT,1701965066185,33333,0.0115362
1000BONKUSDT,BUY,LIMIT,1701965067197,56507,0.0115560
1000BONKUSDT,BUY,LIMIT,1701965068457,48583,0.0115645
1000BONKUSDT,BUY,LIMIT,1701965069812,48837,0.0115632
1000BONKUSDT,BUY,LIMIT,1701965071310,2596,0.0115772
1000BONKUSDT,BUY,LIMIT,1701965113234,296697,0.0115175
1000BONKUSDT,BUY,LIMIT,1701965114239,1343,0.0115155
1000BONKUSDT,BUY,LIMIT,1701965115299,4153,0.0115552
1000BONKUSDT,SELL,LIMIT,1701965124487,44339,0.0111593
1000BONKUSDT,SELL,LIMIT,1701965125710,302468,0.0111478
1000BONKUSDT,BUY,LIMIT,1701965127018,115395,0.0114810
1000BONKUSDT,BUY,LIMIT,1701965143594,48140,0.0114949
1000BONKUSDT,BUY,LIMIT,1701965146089,3589,0.0115875
1000BONKUSDT,BUY,LIMIT,1701965148391,1650,0.0115764
1000BONKUSDT,SELL,LIMIT,1701965165746,20267,0.0110977
1000BONKUSDT,SELL,LIMIT,1701965167201,52197,0.0110837
1000BONKUSDT,SELL,LIMIT,1701965224486,2257,0.0110092
1000BONKUSDT,SELL,LIMIT,1701965228259,65903,0.0109965
1000BONKUSDT,SELL,LIMIT,1701965254129,8658,0.0109373
1000BONKUSDT,SELL,LIMIT,1701965255192,9122,0.0109335
1000BONKUSDT,SELL,LIMIT,1701965259264,5610,0.0109278
1000BONKUSDT,SELL,LIMIT,1701965260375,23976,0.0109294
1000BONKUSDT,SELL,LIMIT,1701965261449,82179,0.0109224
1000BONKUSDT,SELL,LIMIT,1701965263028,127933,0.0109028
1000BONKUSDT,SELL,LIMIT,1701965264196,5231,0.0108975
1000BONKUSDT,SELL,LIMIT,1701965265539,784,0.0108823
1000BONKUSDT,SELL,LIMIT,1701965269179,105954,0.0108814
1000BONKUSDT,SELL,LIMIT,1701965298939,19185,0.0108792
1000BONKUSDT,SELL,LIMIT,1701965305315,2082,0.0108489
1000BONKUSDT,SELL,LIMIT,1701965319170,30315,0.0108392
1000BONKUSDT,SELL,LIMIT,1701965363313,59769,0.0108150
1000BONKUSDT,SELL,LIMIT,1701965366082,1160,0.0107971
1000BONKUSDT,SELL,LIMIT,1701965372089,42588,0.0107833
1000BONKUSDT,SELL,LIMIT,1701965373119,1756,0.0107662
1000BONKUSDT,SELL,LIMIT,1701965374264,54523,0.0107510
1000BONKUSDT,SELL,LIMIT,1701965376315,16937,0.0107490
1000BONKUSDT,SELL,LIMIT,1701965379374,1644,0.0107297
1000BONKUSDT,SELL,LIMIT,1701965413674,52204,0.0107041
1000BONKUSDT,SELL,LIMIT,1701965418044,32746,0.0106975
1000BONKUSDT,SELL,LIMIT,1701965428457,3219,0.0106900
1000BONKUSDT,SELL,LIMIT,1701965449237,2300,0.0106572
1000BONKUSDT,SELL,LIMIT,1701965450278,88773,0.0106770
1000BONKUSDT,SELL,LIMIT,1701965452293,22460,0.0106331
1000BONKUSDT,SELL,LIMIT,1701965456098,15340,0.0106253
1000BONKUSDT,SELL,LIMIT,1701965457219,55428,0.0106174
1000BONKUSDT,SELL,LIMIT,1701965458849,130793,0.0106163
1000BONKUSDT,SELL,LIMIT,1701965462713,449,0.0106115
1000BONKUSDT,SELL,LIMIT,1701965464196,25000,0.0106046
1000BONKUSDT,SELL,LIMIT,1701965466548,43693,0.0105854
1000BONKUSDT,SELL,LIMIT,1701965477021,115360,0.0105977
1000BONKUSDT,BUY,LIMIT,1701965483195,13796,0.0109743
1000BONKUSDT,BUY,LIMIT,1701965487130,231203,0.0110228
1000BONKUSDT,SELL,LIMIT,1701965556004,4270,0.0106203
1000BONKUSDT,SELL,LIMIT,1701965557087,21866,0.0106111
1000BONKUSDT,SELL,LIMIT,1701965559262,6951,0.0106033
1000BONKUSDT,SELL,LIMIT,1701965560299,4680,0.0105863
1000BONKUSDT,SELL,LIMIT,1701965562285,4043,0.0105507
1000BONKUSDT,SELL,LIMIT,1701965564109,23170,0.0105436
1000BONKUSDT,SELL,LIMIT,1701965628263,19132,0.0105382
1000BONKUSDT,SELL,LIMIT,1701965629323,672741,0.0105058
1000BONKUSDT,SELL,LIMIT,1701965631217,6074,0.0105267
1000BONKUSDT,SELL,LIMIT,1701965632221,82062,0.0105379
1000BONKUSDT,SELL,LIMIT,1701965648188,4644,0.0105202
1000BONKUSDT,SELL,LIMIT,1701965668256,10136,0.0105766
1000BONKUSDT,BUY,LIMIT,1701965714873,237282,0.0109134
1000BONKUSDT,BUY,LIMIT,1701965717572,466113,0.0109373
1000BONKUSDT,BUY,LIMIT,1701965720014,9345,0.0109621
1000BONKUSDT,BUY,LIMIT,1701965722206,20849,0.0110166
1000BONKUSDT,BUY,LIMIT,1701965734176,90049,0.0109747
1000BONKUSDT,BUY,LIMIT,1701965841491,136414,0.0110007
1000BONKUSDT,BUY,LIMIT,1701965846105,9591,0.0109950
1000BONKUSDT,SELL,LIMIT,1701965966162,5561,0.0105745
1000BONKUSDT,BUY,LIMIT,1701965980482,3547,0.0109818
1000BONKUSDT,BUY,LIMIT,1701965983436,15636,0.0110223
1000BONKUSDT,BUY,LIMIT,1701965987092,262859,0.0110456
1000BONKUSDT,BUY,LIMIT,1701965990197,4377,0.0110462
1000BONKUSDT,BUY,LIMIT,1701965992248,45000,0.0110648
1000BONKUSDT,BUY,LIMIT,1701965993515,4608,0.0110648
1000BONKUSDT,BUY,LIMIT,1701965999872,22170,0.0110750
1000BONKUSDT,BUY,LIMIT,1701966046896,16646,0.0110989
1000BONKUSDT,BUY,LIMIT,1701966048266,960,0.0111119
1000BONKUSDT,BUY,LIMIT,1701966051481,193127,0.0111283
1000BONKUSDT,BUY,LIMIT,1701966062070,71643,0.0111374
1000BONKUSDT,BUY,LIMIT,1701966071203,228395,0.0111520
1000BONKUSDT,BUY,LIMIT,1701966102093,185340,0.0111618
1000BONKUSDT,BUY,LIMIT,1701966103174,2025,0.0111697
1000BONKUSDT,BUY,LIMIT,1701966104210,81137,0.0111949
1000BONKUSDT,BUY,LIMIT,1701966113283,9880,0.0112207
1000BONKUSDT,BUY,LIMIT,1701966114643,19822,0.0112368
1000BONKUSDT,BUY,LIMIT,1701966115690,3893,0.0112680
1000BONKUSDT,BUY,LIMIT,1701966117128,926,0.0113125
1000BONKUSDT,BUY,LIMIT,1701966118174,22149,0.0113568
1000BONKUSDT,BUY,LIMIT,1701966119183,7864,0.0113255
1000BONKUSDT,BUY,LIMIT,1701966180100,77751,0.0113714
1000BONKUSDT,BUY,LIMIT,1701966181267,453597,0.0113678
1000BONKUSDT,BUY,LIMIT,1701966182298,187819,0.0113808
1000BONKUSDT,BUY,LIMIT,1701966183332,162477,0.0114079
1000BONKUSDT,BUY,LIMIT,1701966184353,107117,0.0114133
1000BONKUSDT,BUY,LIMIT,1701966186291,8702,0.0114240
1000BONKUSDT,BUY,LIMIT,1701966187310,17355,0.0114434
1000BONKUSDT,BUY,LIMIT,1701966188458,39815,0.0114276
1000BONKUSDT,SELL,LIMIT,1701966196684,1637,0.0110649
1000BONKUSDT,SELL,LIMIT,1701966230316,6356,0.0110313
1000BONKUSDT,SELL,LIMIT,1701966231352,28143,0.0110230
1000BONKUSDT,SELL,LIMIT,1701966233571,53230,0.0110133
1000BONKUSDT,BUY,LIMIT,1701966236221,627550,0.0114828
1000BONKUSDT,BUY,LIMIT,1701966237346,13653,0.0114657
1000BONKUSDT,BUY,LIMIT,1701966238389,3427,0.0114750
1000BONKUSDT,BUY,LIMIT,1701966245738,236138,0.0114817
1000BONKUSDT,BUY,LIMIT,1701966250132,31657,0.0114881
1000BONKUSDT,SELL,LIMIT,1701966258302,35481,0.0110860
1000BONKUSDT,SELL,LIMIT,1701966266183,15243,0.0110818
1000BONKUSDT,SELL,LIMIT,1701966269722,18045,0.0110484
1000BONKUSDT,SELL,LIMIT,1701966275239,38670,0.0110090
1000BONKUSDT,SELL,LIMIT,1701966276275,462,0.0109932
1000BONKUSDT,SELL,LIMIT,1701966294403,111800,0.0109685
1000BONKUSDT,SELL,LIMIT,1701966495118,15579,0.0109649
1000BONKUSDT,SELL,LIMIT,1701966499727,2631,0.0109535
1000BONKUSDT,SELL,LIMIT,1701966508929,5539,0.0109461
1000BONKUSDT,SELL,LIMIT,1701966511094,32985,0.0109191
1000BONKUSDT,SELL,LIMIT,1701966512156,36033,0.0109179
1000BONKUSDT,SELL,LIMIT,1701966518244,22452,0.0109005
1000BONKUSDT,SELL,LIMIT,1701966520326,97674,0.0108810
1000BONKUSDT,SELL,LIMIT,1701966602074,12311,0.0108183
1000BONKUSDT,SELL,LIMIT,1701966603259,2726,0.0107576
1000BONKUSDT,SELL,LIMIT,1701966604280,35647,0.0107636
1000BONKUSDT,SELL,LIMIT,1701966605493,485,0.0107541
1000BONKUSDT,SELL,LIMIT,1701966608060,23052,0.0107336
1000BONKUSDT,SELL,LIMIT,1701966612119,386800,0.0107172
1000BONKUSDT,SELL,LIMIT,1701966615185,5554,0.0106870
1000BONKUSDT,SELL,LIMIT,1701966616209,149917,0.0106621
1000BONKUSDT,SELL,LIMIT,1701966617370,4586,0.0106609
1000BONKUSDT,SELL,LIMIT,1701966647699,6298,0.0106511
1000BONKUSDT,SELL,LIMIT,1701966650162,6782,0.0106426
1000BONKUSDT,SELL,LIMIT,1701966665262,6234,0.0106280
1000BONKUSDT,SELL,LIMIT,1701966667159,4024,0.0106217
1000BONKUSDT,SELL,LIMIT,1701966668352,202189,0.0106189
1000BONKUSDT,SELL,LIMIT,1701966669886,794,0.0106139
1000BONKUSDT,BUY,LIMIT,1701966717423,2285,0.0110187
1000BONKUSDT,BUY,LIMIT,1701966719038,1065,0.0110350
1000BONKUSDT,BUY,LIMIT,1701966736072,10395,0.0110878
1000BONKUSDT,BUY,LIMIT,1701966737077,3461,0.0110765
1000BONKUSDT,BUY,LIMIT,1701966753477,101214,0.0111301
1000BONKUSDT,BUY,LIMIT,1701966788472,9861,0.0112602
1000BONKUSDT,BUY,LIMIT,1701966790532,16480,0.0112715
1000BONKUSDT,SELL,LIMIT,1701966799939,8619,0.0108838
1000BONKUSDT,SELL,LIMIT,1701966903224,2580,0.0108498
1000BONKUSDT,SELL,LIMIT,1701966950369,2494,0.0108401
1000BONKUSDT,SELL,LIMIT,1701967015798,2388,0.0108217
1000BONKUSDT,SELL,LIMIT,1701967041055,9707,0.0108082
1000BONKUSDT,SELL,LIMIT,1701967043434,1224,0.0108040
1000BONKUSDT,SELL,LIMIT,1701967053660,7884,0.0107936
1000BONKUSDT,SELL,LIMIT,1701967062189,28825,0.0107686
1000BONKUSDT,SELL,LIMIT,1701967063276,156730,0.0107627
1000BONKUSDT,SELL,LIMIT,1701967067171,2276,0.0107425
1000BONKUSDT,SELL,LIMIT,1701967070349,83066,0.0107268
1000BONKUSDT,SELL,LIMIT,1701967125751,164909,0.0107064
1000BONKUSDT,SELL,LIMIT,1701967169615,5300,0.0106914
1000BONKUSDT,SELL,LIMIT,1701967180987,1071,0.0106746
1000BONKUSDT,SELL,LIMIT,1701967205109,11519,0.0106513
1000BONKUSDT,SELL,LIMIT,1701967206125,75330,0.0106209
1000BONKUSDT,SELL,LIMIT,1701967207333,11333,0.0105971
1000BONKUSDT,SELL,LIMIT,1701967208785,2786,0.0105874
1000BONKUSDT,SELL,LIMIT,1701967210922,14776,0.0105833
1000BONKUSDT,SELL,LIMIT,1701967212048,123920,0.0105735
1000BONKUSDT,SELL,LIMIT,1701967213206,133707,0.0105661
1000BONKUSDT,SELL,LIMIT,1701967216533,38597,0.0105575
1000BONKUSDT,SELL,LIMIT,1701967228639,27169,0.0105481
1000BONKUSDT,SELL,LIMIT,1701967229687,8456,0.0105312
1000BONKUSDT,SELL,LIMIT,1701967231138,123174,0.0105126
1000BONKUSDT,SELL,LIMIT,1701967232205,45324,0.0105081
1000BONKUSDT,BUY,LIMIT,1701967239886,125657,0.0108793
1000BONKUSDT,BUY,LIMIT,1701967252228,39239,0.0108786
1000BONKUSDT,BUY,LIMIT,1701967257275,100000,0.0109163
1000BONKUSDT,SELL,LIMIT,1701967288086,40381,0.0105259
1000BONKUSDT,SELL,LIMIT,1701967303367,3880,0.0105144
1000BONKUSDT,SELL,LIMIT,1701967312467,37420,0.0105087
1000BONKUSDT,SELL,LIMIT,1701967534202,46828,0.0105051
1000BONKUSDT,SELL,LIMIT,1701967553248,710,0.0104949
1000BONKUSDT,SELL,LIMIT,1701967555182,1247,0.0104913
1000BONKUSDT,SELL,LIMIT,1701967561139,283620,0.0104723
1000BONKUSDT,SELL,LIMIT,1701967562393,14921,0.0104575
1000BONKUSDT,SELL,LIMIT,1701967564691,907,0.0104645
1000BONKUSDT,SELL,LIMIT,1701967570122,443473,0.0104500
1000BONKUSDT,SELL,LIMIT,1701967571379,7162,0.0104413
1000BONKUSDT,SELL,LIMIT,1701967573095,3696,0.0104204
1000BONKUSDT,SELL,LIMIT,1701967574133,36625,0.0104299
1000BONKUSDT,SELL,LIMIT,1701967575193,178223,0.0103901
1000BONKUSDT,SELL,LIMIT,1701967576292,58555,0.0103412
1000BONKUSDT,SELL,LIMIT,1701967577296,214551,0.0103419
1000BONKUSDT,SELL,LIMIT,1701967579637,14795,0.0103243
1000BONKUSDT,SELL,LIMIT,1701967633832,30000,0.0103484
1000BONKUSDT,SELL,LIMIT,1701967690166,11531,0.0103327
1000BONKUSDT,SELL,LIMIT,1701967695212,2043,0.0103049
1000BONKUSDT,SELL,LIMIT,1701967707631,706053,0.0102623
1000BONKUSDT,SELL,LIMIT,1701967732366,1832,0.0102905
1000BONKUSDT,SELL,LIMIT,1701967733636,10718,0.0102879
1000BONKUSDT,SELL,LIMIT,1701967734775,14096,0.0102810
1000BONKUSDT,SELL,LIMIT,1701967736033,110585,0.0102800
1000BONKUSDT,SELL,LIMIT,1701967738263,2335,0.0102601
1000BONKUSDT,SELL,LIMIT,1701967739398,771,0.0102569
1000BONKUSDT,SELL,LIMIT,1701967740853,17811,0.0102441
1000BONKUSDT,SELL,LIMIT,1701967742101,26966,0.0102284
1000BONKUSDT,SELL,LIMIT,1701967743106,1270,0.0102396
1000BONKUSDT,SELL,LIMIT,1701967744349,23625,0.0102020
1000BONKUSDT,SELL,LIMIT,1701967748066,9501,0.0101722
1000BONKUSDT,SELL,LIMIT,1701967749328,8946,0.0101813
1000BONKUSDT,SELL,LIMIT,1701967754117,104413,0.0101780
1000BONKUSDT,SELL,LIMIT,1701967758484,12213,0.0101777
1000BONKUSDT,SELL,LIMIT,1701967766110,123140,0.0100996
1000BONKUSDT,SELL,LIMIT,1701967767139,18702,0.0101216
1000BONKUSDT,SELL,LIMIT,1701967769050,19806,0.0100419
1000BONKUSDT,SELL,LIMIT,1701967770174,40967,0.0100545
1000BONKUSDT,SELL,LIMIT,1701967771430,1030,0.0100337
1000BONKUSDT,SELL,LIMIT,1701967772502,39548,0.0100351
1000BONKUSDT,SELL,LIMIT,1701967775003,25383,0.0100239
1000BONKUSDT,SELL,LIMIT,1701967806162,11264,0.0099923
1000BONKUSDT,SELL,LIMIT,1701967807173,5186,0.0100168
1000BONKUSDT,SELL,LIMIT,1701967809581,39494,0.0099979
1000BONKUSDT,SELL,LIMIT,1701967811320,52429,0.0099890
1000BONKUSDT,SELL,LIMIT,1701967813205,111816,0.0099833
1000BONKUSDT,BUY,LIMIT,1701967828825,489236,0.0103907
1000BONKUSDT,BUY,LIMIT,1701967835350,88635,0.0104291
1000BONKUSDT,BUY,LIMIT,1701967836476,38768,0.0104734
1000BONKUSDT,SELL,LIMIT,1701967876274,1141,0.0101553
1000BONKUSDT,SELL,LIMIT,1701967905146,14309,0.0101477
1000BONKUSDT,SELL,LIMIT,1701967906376,2605,0.0101331
1000BONKUSDT,SELL,LIMIT,1701967908107,128365,0.0101146
1000BONKUSDT,SELL,LIMIT,1701967938811,874,0.0101186
1000BONKUSDT,SELL,LIMIT,1701967940898,9198,0.0101242
1000BONKUSDT,SELL,LIMIT,1701967944092,4791,0.0100911
1000BONKUSDT,SELL,LIMIT,1701967971472,105924,0.0100871
1000BONKUSDT,SELL,LIMIT,1701967973037,41020,0.0100702
1000BONKUSDT,SELL,LIMIT,1701967974044,577,0.0100611
1000BONKUSDT,SELL,LIMIT,1701967975152,7170,0.0100502
1000BONKUSDT,SELL,LIMIT,1701967983129,32619,0.0100361
1000BONKUSDT,BUY,LIMIT,1701968046263,48684,0.0104554
1000BONKUSDT,BUY,LIMIT,1701968048914,8782,0.0104628
1000BONKUSDT,BUY,LIMIT,1701968088490,25000,0.0104723
1000BONKUSDT,BUY,LIMIT,1701968103354,104151,0.0105151
1000BONKUSDT,BUY,LIMIT,1701968104550,16630,0.0105110
1000BONKUSDT,BUY,LIMIT,1701968120256,323402,0.0105222
1000BONKUSDT,BUY,LIMIT,1701968127345,648,0.0105398
1000BONKUSDT,BUY,LIMIT,1701968129095,5568,0.0105518
1000BONKUSDT,BUY,LIMIT,1701968130546,24134,0.0105696
1000BONKUSDT,BUY,LIMIT,1701968136087,130785,0.0105921
1000BONKUSDT,BUY,LIMIT,1701968151680,12942,0.0106353
1000BONKUSDT,BUY,LIMIT,1701968162578,31117,0.0106656
1000BONKUSDT,BUY,LIMIT,1701968163628,285385,0.0106733
1000BONKUSDT,SELL,LIMIT,1701968187018,37800,0.0102856
1000BONKUSDT,SELL,LIMIT,1701968195419,257466,0.0102358
1000BONKUSDT,SELL,LIMIT,1701968228848,130404,0.0101597
1000BONKUSDT,SELL,LIMIT,1701968230500,115813,0.0101452
1000BONKUSDT,SELL,LIMIT,1701968233217,8807,0.0101264
1000BONKUSDT,SELL,LIMIT,1701968237222,29255,0.0101263
1000BONKUSDT,SELL,LIMIT,1701968240060,253955,0.0100650
1000BONKUSDT,SELL,LIMIT,1701968241204,116776,0.0100754
1000BONKUSDT,SELL,LIMIT,1701968242311,237250,0.0100238
1000BONKUSDT,SELL,LIMIT,1701968252973,107816,0.0100072
1000BONKUSDT,SELL,LIMIT,1701968255115,1001,0.0099833
1000BONKUSDT,BUY,LIMIT,1701968265025,5824,0.0103571
1000BONKUSDT,BUY,LIMIT,1701968416816,4918,0.0103744
1000BONKUSDT,BUY,LIMIT,1701968432106,3791,0.0103958
1000BONKUSDT,SELL,LIMIT,1701968446031,473,0.0100194
1000BONKUSDT,SELL,LIMIT,1701968447661,770,0.0100058
1000BONKUSDT,SELL,LIMIT,1701968453476,43599,0.0099787
1000BONKUSDT,SELL,LIMIT,1701968458158,18592,0.0099766
1000BONKUSDT,SELL,LIMIT,1701968464887,9877,0.0099670
1000BONKUSDT,SELL,LIMIT,1701968471167,8656,0.0099659
1000BONKUSDT,SELL,LIMIT,1701968472235,6086,0.0099603
1000BONKUSDT,SELL,LIMIT,1701968473332,9008,0.0099590
1000BONKUSDT,SELL,LIMIT,1701968478102,5151,0.0099528
1000BONKUSDT,SELL,LIMIT,1701968479303,23540,0.0099563
1000BONKUSDT,SELL,LIMIT,1701968480603,71269,0.0099280
1000BONKUSDT,SELL,LIMIT,1701968482411,28558,0.0099218
1000BONKUSDT,SELL,LIMIT,1701968487155,38292,0.0099259
1000BONKUSDT,SELL,LIMIT,1701968505388,17267,0.0099155
1000BONKUSDT,SELL,LIMIT,1701968506553,3386,0.0099098
1000BONKUSDT,BUY,LIMIT,1701968521056,9057,0.0102602
1000BONKUSDT,SELL,LIMIT,1701968535128,19029,0.0099016
1000BONKUSDT,SELL,LIMIT,1701968538065,229631,0.0098946
1000BONKUSDT,SELL,LIMIT,1701968539071,14732,0.0099004
1000BONKUSDT,SELL,LIMIT,1701968569214,7380,0.0098897
1000BONKUSDT,SELL,LIMIT,1701968570236,675,0.0098895
1000BONKUSDT,SELL,LIMIT,1701968581695,132327,0.0098796
1000BONKUSDT,SELL,LIMIT,1701968609778,22006,0.0098748
1000BONKUSDT,SELL,LIMIT,1701968612394,82299,0.0098717
1000BONKUSDT,SELL,LIMIT,1701968613428,51879,0.0098585
1000BONKUSDT,SELL,LIMIT,1701968615259,694,0.0098543
1000BONKUSDT,SELL,LIMIT,1701968616711,39180,0.0098470
1000BONKUSDT,SELL,LIMIT,1701968617828,4360,0.0098349
1000BONKUSDT,SELL,LIMIT,1701968619193,137115,0.0098149
1000BONKUSDT,SELL,LIMIT,1701968620297,4241,0.0098059
1000BONKUSDT,SELL,LIMIT,1701968621352,36656,0.0098021
1000BONKUSDT,SELL,LIMIT,1701968622567,932,0.0097974
1000BONKUSDT,SELL,LIMIT,1701968624508,19389,0.0097959
1000BONKUSDT,SELL,LIMIT,1701968626613,2988,0.0097912
1000BONKUSDT,SELL,LIMIT,1701968628274,122561,0.0097895
1000BONKUSDT,SELL,LIMIT,1701968629278,34918,0.0097731
1000BONKUSDT,SELL,LIMIT,1701968630322,114418,0.0097654
1000BONKUSDT,SELL,LIMIT,1701968632714,7435,0.0097618
1000BONKUSDT,BUY,LIMIT,1701968651415,4250,0.0101055
1000BONKUSDT,BUY,LIMIT,1701968654348,1559,0.0101113
1000BONKUSDT,BUY,LIMIT,1701968655878,86072,0.0101357
1000BONKUSDT,SELL,LIMIT,1701968687709,6878,0.0097739
1000BONKUSDT,SELL,LIMIT,1701968691837,6316,0.0097865
1000BONKUSDT,SELL,LIMIT,1701968694279,35308,0.0097556
1000BONKUSDT,SELL,LIMIT,1701968696238,40619,0.0097473
1000BONKUSDT,SELL,LIMIT,1701968698238,190451,0.0097443
1000BONKUSDT,SELL,LIMIT,1701968754478,2494,0.0097403
1000BONKUSDT,SELL,LIMIT,1701968812087,136876,0.0097448
1000BONKUSDT,BUY,LIMIT,1701968831195,5056,0.0100998
1000BONKUSDT,BUY,LIMIT,1701968947538,47278,0.0101073
1000BONKUSDT,BUY,LIMIT,1701968952348,100613,0.0101266
1000BONKUSDT,BUY,LIMIT,1701968963930,4575,0.0101461
1000BONKUSDT,BUY,LIMIT,1701968965348,115496,0.0101541
1000BONKUSDT,BUY,LIMIT,1701968967107,40478,0.0101747
1000BONKUSDT,BUY,LIMIT,1701969007282,38924,0.0102169
1000BONKUSDT,BUY,LIMIT,1701969009083,130532,0.0102418
1000BONKUSDT,BUY,LIMIT,1701969010219,37688,0.0102414
1000BONKUSDT,BUY,LIMIT,1701969012614,203898,0.0102485
1000BONKUSDT,BUY,LIMIT,1701969013815,158708,0.0102591
1000BONKUSDT,BUY,LIMIT,1701969016575,7253,0.0102771
1000BONKUSDT,BUY,LIMIT,1701969018321,1608,0.0102901
1000BONKUSDT,SELL,LIMIT,1701969069057,3528,0.0099137
1000BONKUSDT,SELL,LIMIT,1701969074493,5560,0.0098698
1000BONKUSDT,SELL,LIMIT,1701969076134,248015,0.0098518
1000BONKUSDT,SELL,LIMIT,1701969077538,10921,0.0098284
1000BONKUSDT,SELL,LIMIT,1701969080389,115769,0.0097918
1000BONKUSDT,SELL,LIMIT,1701969083144,9959,0.0097884
1000BONKUSDT,SELL,LIMIT,1701969102600,250000,0.0097843
1000BONKUSDT,BUY,LIMIT,1701969188093,5035,0.0101326
1000BONKUSDT,BUY,LIMIT,1701969192348,342603,0.0101529
1000BONKUSDT,BUY,LIMIT,1701969195903,161948,0.0101831
1000BONKUSDT,BUY,LIMIT,1701969197817,80881,0.0101924
1000BONKUSDT,BUY,LIMIT,1701969224414,7192,0.0101980
1000BONKUSDT,SELL,LIMIT,1701969249409,25945,0.0098319
1000BONKUSDT,SELL,LIMIT,1701969252512,350000,0.0098095
1000BONKUSDT,BUY,LIMIT,1701969288370,10039,0.0102774
1000BONKUSDT,BUY,LIMIT,1701969289421,7835,0.0102117
1000BONKUSDT,SELL,LIMIT,1701969300948,489763,0.0099290
1000BONKUSDT,SELL,LIMIT,1701969367442,20046,0.0098505
1000BONKUSDT,SELL,LIMIT,1701969395183,119688,0.0098164
1000BONKUSDT,BUY,LIMIT,1701969435488,53405,0.0101668
1000BONKUSDT,BUY,LIMIT,1701969496674,160816,0.0101877
1000BONKUSDT,BUY,LIMIT,1701969503086,140235,0.0101956
1000BONKUSDT,BUY,LIMIT,1701969516684,24972,0.0102092
1000BONKUSDT,SELL,LIMIT,1701969527705,18911,0.0098739
1000BONKUSDT,BUY,LIMIT,1701969632828,8011,0.0102336
1000BONKUSDT,BUY,LIMIT,1701969648747,97807,0.0102489
1000BONKUSDT,BUY,LIMIT,1701969650522,2932,0.0102719
1000BONKUSDT,BUY,LIMIT,1701969689222,114488,0.0103038
1000BONKUSDT,BUY,LIMIT,1701969691013,49286,0.0103331
1000BONKUSDT,BUY,LIMIT,1701969700235,38715,0.0103497
1000BONKUSDT,BUY,LIMIT,1701969701256,3939,0.0103566
1000BONKUSDT,BUY,LIMIT,1701969702488,288133,0.0103719
1000BONKUSDT,BUY,LIMIT,1701969704366,25000,0.0103742
1000BONKUSDT,BUY,LIMIT,1701969705855,58756,0.0103787
1000BONKUSDT,BUY,LIMIT,1701969709174,9142,0.0104065
1000BONKUSDT,SELL,LIMIT,1701969743491,6234,0.0100548
1000BONKUSDT,SELL,LIMIT,1701969856434,33400,0.0100384
1000BONKUSDT,BUY,LIMIT,1701969881286,521,0.0103999
1000BONKUSDT,BUY,LIMIT,1701969885302,1555,0.0104161
1000BONKUSDT,BUY,LIMIT,1701969887068,23695,0.0104284
1000BONKUSDT,BUY,LIMIT,1701969888073,147429,0.0104264
1000BONKUSDT,BUY,LIMIT,1701969902956,4458,0.0104943
1000BONKUSDT,BUY,LIMIT,1701969905150,33471,0.0105034
1000BONKUSDT,BUY,LIMIT,1701969906397,120074,0.0105108
1000BONKUSDT,BUY,LIMIT,1701969908211,214244,0.0105332
1000BONKUSDT,BUY,LIMIT,1701969909240,493778,0.0105371
1000BONKUSDT,BUY,LIMIT,1701969911141,16259,0.0105395
1000BONKUSDT,BUY,LIMIT,1701969920213,134669,0.0105456
1000BONKUSDT,BUY,LIMIT,1701969921319,7978,0.0105411
1000BONKUSDT,BUY,LIMIT,1701969922414,3276,0.0105514
1000BONKUSDT,BUY,LIMIT,1701969927224,21645,0.0105759
1000BONKUSDT,BUY,LIMIT,1701969928792,17375,0.0105803
1000BONKUSDT,BUY,LIMIT,1701969930869,100913,0.0105911
1000BONKUSDT,BUY,LIMIT,1701969943242,85561,0.0106058
1000BONKUSDT,BUY,LIMIT,1701969944847,4937,0.0106084
1000BONKUSDT,SELL,LIMIT,1701969960024,469729,0.0102249
1000BONKUSDT,SELL,LIMIT,1701969979726,2000,0.0101719
1000BONKUSDT,BUY,LIMIT,1701969994136,138395,0.0105742
1000BONKUSDT,SELL,LIMIT,1701970028097,9594,0.0102161
1000BONKUSDT,SELL,LIMIT,1701970031903,179393,0.0102108
1000BONKUSDT,SELL,LIMIT,1701970124177,41938,0.0101104
1000BONKUSDT,SELL,LIMIT,1701970126097,583,0.0099975
1000BONKUSDT,SELL,LIMIT,1701970144394,78829,0.0099962
1000BONKUSDT,SELL,LIMIT,1701970149075,21677,0.0099819
1000BONKUSDT,SELL,LIMIT,1701970171838,111936,0.0099434
1000BONKUSDT,SELL,LIMIT,1701970174485,57468,0.0099286
1000BONKUSDT,BUY,LIMIT,1701970181107,889,0.0101581
1000BONKUSDT,SELL,LIMIT,1701970182235,134414,0.0098606
1000BONKUSDT,BUY,LIMIT,1701970204340,57992,0.0102058
1000BONKUSDT,BUY,LIMIT,1701970205513,89607,0.0102079
1000BONKUSDT,BUY,LIMIT,1701970213994,94045,0.0102458
1000BONKUSDT,SELL,LIMIT,1701970240061,3451,0.0098346
1000BONKUSDT,SELL,LIMIT,1701970241169,2021,0.0098204
1000BONKUSDT,SELL,LIMIT,1701970243685,26584,0.0098193
1000BONKUSDT,SELL,LIMIT,1701970246508,19368,0.0098057
1000BONKUSDT,SELL,LIMIT,1701970260502,5230,0.0097942
1000BONKUSDT,SELL,LIMIT,1701970262130,25076,0.0097533
1000BONKUSDT,SELL,LIMIT,1701970263149,20166,0.0097744
1000BONKUSDT,SELL,LIMIT,1701970264247,86775,0.0097364
1000BONKUSDT,SELL,LIMIT,1701970265296,44106,0.0097082
1000BONKUSDT,SELL,LIMIT,1701970266396,5836,0.0097151
1000BONKUSDT,SELL,LIMIT,1701970267596,103561,0.0097062
1000BONKUSDT,SELL,LIMIT,1701970268644,6870,0.0097052
1000BONKUSDT,SELL,LIMIT,1701970269748,17796,0.0096921
1000BONKUSDT,SELL,LIMIT,1701970271344,1636,0.0096832
1000BONKUSDT,SELL,LIMIT,1701970273380,28043,0.0096745
1000BONKUSDT,SELL,LIMIT,1701970274726,450000,0.0096677
1000BONKUSDT,SELL,LIMIT,1701970279111,13290,0.0096512
1000BONKUSDT,SELL,LIMIT,1701970280132,46354,0.0096441
1000BONKUSDT,SELL,LIMIT,1701970282253,9622,0.0096198
1000BONKUSDT,SELL,LIMIT,1701970283254,212112,0.0096118
1000BONKUSDT,SELL,LIMIT,1701970284290,110787,0.0095135
1000BONKUSDT,SELL,LIMIT,1701970285357,50319,0.0094924
1000BONKUSDT,SELL,LIMIT,1701970286387,40877,0.0095021
1000BONKUSDT,SELL,LIMIT,1701970287477,8519,0.0094804
1000BONKUSDT,SELL,LIMIT,1701970290136,67011,0.0094710
1000BONKUSDT,SELL,LIMIT,1701970291144,54497,0.0094879
1000BONKUSDT,SELL,LIMIT,1701970309123,37982,0.0094785
1000BONKUSDT,SELL,LIMIT,1701970310174,103124,0.0094477
1000BONKUSDT,SELL,LIMIT,1701970312453,153134,0.0094306
1000BONKUSDT,SELL,LIMIT,1701970331141,94881,0.0094222
1000BONKUSDT,SELL,LIMIT,1701970332255,88971,0.0094216
1000BONKUSDT,SELL,LIMIT,1701970333326,27151,0.0093947
1000BONKUSDT,SELL,LIMIT,1701970334434,69212,0.0093905
1000BONKUSDT,SELL,LIMIT,1701970335524,39544,0.0093376
1000BONKUSDT,BUY,LIMIT,1701970402275,326936,0.0097528
1000BONKUSDT,BUY,LIMIT,1701970417812,48951,0.0097716
1000BONKUSDT,BUY,LIMIT,1701970422046,65177,0.0097877
1000BONKUSDT,BUY,LIMIT,1701970425815,52345,0.0097894
1000BONKUSDT,SELL,LIMIT,1701970441738,58172,0.0094556
1000BONKUSDT,BUY,LIMIT,1701970482934,11314,0.0097921
1000BONKUSDT,SELL,LIMIT,1701970503910,195573,0.0094396
1000BONKUSDT,SELL,LIMIT,1701970511070,519533,0.0093896
1000BONKUSDT,SELL,LIMIT,1701970512191,185891,0.0093735
1000BONKUSDT,SELL,LIMIT,1701970527136,3756,0.0093645
1000BONKUSDT,SELL,LIMIT,1701970529233,6765,0.0093246
1000BONKUSDT,SELL,LIMIT,1701970530284,4336,0.0093247
1000BONKUSDT,BUY,LIMIT,1701970566683,895,0.0097151
1000BONKUSDT,SELL,LIMIT,1701970586077,6192,0.0093475
1000BONKUSDT,SELL,LIMIT,1701970587250,32276,0.0093366
1000BONKUSDT,SELL,LIMIT,1701970591318,46528,0.0093338
1000BONKUSDT,BUY,LIMIT,1701970661194,1371,0.0097637
1000BONKUSDT,BUY,LIMIT,1701970739307,15057,0.0097877
1000BONKUSDT,SELL,LIMIT,1701970746071,24103,0.0094563
1000BONKUSDT,SELL,LIMIT,1701970747137,16621,0.0094616
1000BONKUSDT,BUY,LIMIT,1701970749483,32005,0.0098307
1000BONKUSDT,BUY,LIMIT,1701970750547,32689,0.0098273
1000BONKUSDT,BUY,LIMIT,1701970844266,16985,0.0098367
1000BONKUSDT,BUY,LIMIT,1701970847155,18042,0.0098588
1000BONKUSDT,SELL,LIMIT,1701970868527,8176,0.0095094
1000BONKUSDT,SELL,LIMIT,1701970869540,6530,0.0095216
1000BONKUSDT,SELL,LIMIT,1701970932117,33635,0.0094777
1000BONKUSDT,SELL,LIMIT,1701970984236,60415,0.0094147
1000BONKUSDT,SELL,LIMIT,1701970985245,3505,0.0094135
1000BONKUSDT,SELL,LIMIT,1701970998331,23639,0.0093935
1000BONKUSDT,SELL,LIMIT,1701970999350,29029,0.0093922
1000BONKUSDT,SELL,LIMIT,1701971000934,17852,0.0093637
1000BONKUSDT,SELL,LIMIT,1701971004714,4823,0.0093451
1000BONKUSDT,SELL,LIMIT,1701971010673,6039,0.0093191
1000BONKUSDT,SELL,LIMIT,1701971013411,140120,0.0093112
1000BONKUSDT,SELL,LIMIT,1701971014823,28223,0.0093096
1000BONKUSDT,SELL,LIMIT,1701971045487,88819,0.0093117
1000BONKUSDT,SELL,LIMIT,1701971050264,7614,0.0093014
1000BONKUSDT,SELL,LIMIT,1701971053624,43993,0.0092955
1000BONKUSDT,SELL,LIMIT,1701971056256,22325,0.0092823
1000BONKUSDT,BUY,LIMIT,1701971064154,5164,0.0096083
1000BONKUSDT,BUY,LIMIT,1701971069308,9530,0.0096437
1000BONKUSDT,BUY,LIMIT,1701971072731,3724,0.0096645
1000BONKUSDT,SELL,LIMIT,1701971081283,19126,0.0093608
1000BONKUSDT,SELL,LIMIT,1701971160891,48632,0.0093584
1000BONKUSDT,SELL,LIMIT,1701971165847,5504,0.0093367
1000BONKUSDT,BUY,LIMIT,1701971214607,902,0.0096818
1000BONKUSDT,BUY,LIMIT,1701971249824,18510,0.0097436
1000BONKUSDT,BUY,LIMIT,1701971254218,269052,0.0097604
1000BONKUSDT,SELL,LIMIT,1701971339330,31291,0.0093872
1000BONKUSDT,SELL,LIMIT,1701971340356,3325,0.0094053
1000BONKUSDT,SELL,LIMIT,1701971379012,13799,0.0093507
1000BONKUSDT,BUY,LIMIT,1701971395393,64472,0.0097127
1000BONKUSDT,BUY,LIMIT,1701971404518,13857,0.0097268
1000BONKUSDT,BUY,LIMIT,1701971405601,12573,0.0097495
1000BONKUSDT,BUY,LIMIT,1701971416457,108326,0.0097962
1000BONKUSDT,BUY,LIMIT,1701971418818,525928,0.0098125
1000BONKUSDT,BUY,LIMIT,1701971470763,7667,0.0098193
1000BONKUSDT,BUY,LIMIT,1701971475267,52809,0.0098223
1000BONKUSDT,BUY,LIMIT,1701971481444,7135,0.0098390
1000BONKUSDT,BUY,LIMIT,1701971484387,70724,0.0098713
1000BONKUSDT,BUY,LIMIT,1701971551938,6242,0.0098983
1000BONKUSDT,BUY,LIMIT,1701971553231,515995,0.0099328
1000BONKUSDT,BUY,LIMIT,1701971555447,87811,0.0099416
1000BONKUSDT,BUY,LIMIT,1701971556941,136632,0.0099510
1000BONKUSDT,SELL,LIMIT,1701971564264,4725,0.0095990
1000BONKUSDT,SELL,LIMIT,1701971648491,17887,0.0095708
1000BONKUSDT,SELL,LIMIT,1701971649721,440398,0.0095314
1000BONKUSDT,SELL,LIMIT,1701971650766,32391,0.0094620
1000BONKUSDT,SELL,LIMIT,1701971684292,2455,0.0094562
1000BONKUSDT,BUY,LIMIT,1701971707350,29114,0.0097848
1000BONKUSDT,BUY,LIMIT,1701971727167,12854,0.0098152
1000BONKUSDT,SELL,LIMIT,1701971772391,8142,0.0095021
1000BONKUSDT,BUY,LIMIT,1701971896327,178482,0.0098636
1000BONKUSDT,BUY,LIMIT,1701971976147,265144,0.0099203
1000BONKUSDT,BUY,LIMIT,1701971993816,8294,0.0099314
1000BONKUSDT,BUY,LIMIT,1701972052502,29007,0.0099315
1000BONKUSDT,SELL,LIMIT,1701972096237,45467,0.0095882
1000BONKUSDT,SELL,LIMIT,1701972136628,269117,0.0095835
1000BONKUSDT,SELL,LIMIT,1701972138551,192985,0.0095618
1000BONKUSDT,SELL,LIMIT,1701972141097,107724,0.0095571
1000BONKUSDT,SELL,LIMIT,1701972144283,3403,0.0095425
1000BONKUSDT,SELL,LIMIT,1701972146243,147479,0.0095282
1000BONKUSDT,SELL,LIMIT,1701972222073,140171,0.0095096
1000BONKUSDT,SELL,LIMIT,1701972223136,76257,0.0095238
1000BONKUSDT,SELL,LIMIT,1701972226500,16547,0.0094787
1000BONKUSDT,SELL,LIMIT,1701972279378,13382,0.0094662
1000BONKUSDT,SELL,LIMIT,1701972960363,3674,0.0094858
1000BONKUSDT,SELL,LIMIT,1701972961475,14419,0.0094893
1000BONKUSDT,SELL,LIMIT,1701973004084,45924,0.0094787
1000BONKUSDT,SELL,LIMIT,1701973006678,30530,0.0094508
1000BONKUSDT,SELL,LIMIT,1701973009056,12870,0.0094484
1000BONKUSDT,SELL,LIMIT,1701973010199,17681,0.0094382
1000BONKUSDT,SELL,LIMIT,1701973012654,93615,0.0094242
1000BONKUSDT,SELL,LIMIT,1701973013751,2500,0.0094197
1000BONKUSDT,BUY,LIMIT,1701973039014,211260,0.0097472
1000BONKUSDT,SELL,LIMIT,1701973065178,11160,0.0093992
1000BONKUSDT,SELL,LIMIT,1701973066471,513354,0.0093675
1000BONKUSDT,BUY,LIMIT,1701973112103,4622,0.0097001
1000BONKUSDT,SELL,LIMIT,1701973132112,73521,0.0093400
1000BONKUSDT,SELL,LIMIT,1701973135613,94175,0.0093300
1000BONKUSDT,SELL,LIMIT,1701973144320,316819,0.0093206
1000BONKUSDT,SELL,LIMIT,1701973203091,19839,0.0092747
1000BONKUSDT,SELL,LIMIT,1701973204170,131547,0.0092531
1000BONKUSDT,SELL,LIMIT,1701973205298,57791,0.0092458
1000BONKUSDT,SELL,LIMIT,1701973206337,1773,0.0092354
1000BONKUSDT,SELL,LIMIT,1701973207487,23145,0.0092124
1000BONKUSDT,SELL,LIMIT,1701973208932,487862,0.0092087
1000BONKUSDT,SELL,LIMIT,1701973209966,10730,0.0091921
1000BONKUSDT,SELL,LIMIT,1701973243051,30822,0.0091985
1000BONKUSDT,SELL,LIMIT,1701973259087,67020,0.0091730
1000BONKUSDT,SELL,LIMIT,1701973260526,29985,0.0091725
1000BONKUSDT,SELL,LIMIT,1701973262465,10253,0.0091658
1000BONKUSDT,SELL,LIMIT,1701973267414,14908,0.0091630
1000BONKUSDT,SELL,LIMIT,1701973269556,171457,0.0091587
1000BONKUSDT,SELL,LIMIT,1701973280357,5000,0.0091574
1000BONKUSDT,SELL,LIMIT,1701973287088,5614,0.0091421
1000BONKUSDT,SELL,LIMIT,1701973288551,4018,0.0091449
1000BONKUSDT,SELL,LIMIT,1701973294033,52513,0.0091216
1000BONKUSDT,SELL,LIMIT,1701973296081,5201,0.0091110
1000BONKUSDT,SELL,LIMIT,1701973297205,111371,0.0091147
1000BONKUSDT,SELL,LIMIT,1701973299114,11587,0.0090874
1000BONKUSDT,BUY,LIMIT,1701973328824,363556,0.0094072
1000BONKUSDT,BUY,LIMIT,1701973334228,748,0.0094420
1000BONKUSDT,BUY,LIMIT,1701973337163,16680,0.0094486
1000BONKUSDT,SELL,LIMIT,1701973577108,543,0.0092138
1000BONKUSDT,SELL,LIMIT,1701973671654,7869,0.0092066
1000BONKUSDT,SELL,LIMIT,1701973881563,30664,0.0092318
1000BONKUSDT,SELL,LIMIT,1701974006659,48774,0.0091776
1000BONKUSDT,SELL,LIMIT,1701974019741,532459,0.0091482
1000BONKUSDT,SELL,LIMIT,1701974025179,95583,0.0091416
1000BONKUSDT,SELL,LIMIT,1701974028278,603,0.0091321
1000BONKUSDT,SELL,LIMIT,1701974032878,15468,0.0091186
1000BONKUSDT,SELL,LIMIT,1701974056073,20000,0.0091948
1000BONKUSDT,SELL,LIMIT,1701974065826,6022,0.0091113
1000BONKUSDT,SELL,LIMIT,1701974072357,9868,0.0090961
1000BONKUSDT,SELL,LIMIT,1701974186063,7914,0.0091100
1000BONKUSDT,SELL,LIMIT,1701974252609,49896,0.0090869
1000BONKUSDT,SELL,LIMIT,1701974258586,25989,0.0090746
1000BONKUSDT,SELL,LIMIT,1701974261594,23364,0.0090693
1000BONKUSDT,SELL,LIMIT,1701974264983,18082,0.0090677
1000BONKUSDT,SELL,LIMIT,1701974266076,36458,0.0090486
1000BONKUSDT,SELL,LIMIT,1701974267240,28853,0.0090468
1000BONKUSDT,SELL,LIMIT,1701974275472,145584,0.0090417
1000BONKUSDT,SELL,LIMIT,1701974280305,497949,0.0090256
1000BONKUSDT,SELL,LIMIT,1701974281455,2242,0.0090313
1000BONKUSDT,SELL,LIMIT,1701974284054,244784,0.0090210
1000BONKUSDT,SELL,LIMIT,1701974285068,4644,0.0090167
1000BONKUSDT,SELL,LIMIT,1701974287270,79314,0.0089996
1000BONKUSDT,SELL,LIMIT,1701974288525,100190,0.0089945
1000BONKUSDT,SELL,LIMIT,1701974292544,15333,0.0089954
1000BONKUSDT,SELL,LIMIT,1701974294244,6836,0.0089816
1000BONKUSDT,BUY,LIMIT,1701974456205,1464,0.0093485
1000BONKUSDT,SELL,LIMIT,1701974648348,187182,0.0090706
1000BONKUSDT,SELL,LIMIT,1701974652462,8645,0.0090599
1000BONKUSDT,SELL,LIMIT,1701974661101,45254,0.0090500
1000BONKUSDT,SELL,LIMIT,1701974729288,27171,0.0090269
1000BONKUSDT,SELL,LIMIT,1701974768779,10000,0.0090129
1000BONKUSDT,SELL,LIMIT,1701974779627,8680,0.0090065
1000BONKUSDT,SELL,LIMIT,1701974786059,276839,0.0089925
1000BONKUSDT,SELL,LIMIT,1701974790259,187363,0.0089574
1000BONKUSDT,SELL,LIMIT,1701974791265,7299,0.0089601
1000BONKUSDT,SELL,LIMIT,1701974792821,109105,0.0089542
1000BONKUSDT,SELL,LIMIT,1701974794704,5464,0.0089511
1000BONKUSDT,SELL,LIMIT,1701974797070,10712,0.0089426
1000BONKUSDT,SELL,LIMIT,1701974805439,46644,0.0089450
1000BONKUSDT,SELL,LIMIT,1701974810045,12310,0.0089302
1000BONKUSDT,SELL,LIMIT,1701974811071,34500,0.0089137
1000BONKUSDT,SELL,LIMIT,1701974813137,23539,0.0089059
1000BONKUSDT,SELL,LIMIT,1701974814217,4018,0.0089097
1000BONKUSDT,SELL,LIMIT,1701974817502,471528,0.0089034
1000BONKUSDT,SELL,LIMIT,1701975144484,10000,0.0089038
1000BONKUSDT,SELL,LIMIT,1701975145877,12672,0.0089006
1000BONKUSDT,SELL,LIMIT,1701975162083,862,0.0088927
1000BONKUSDT,SELL,LIMIT,1701975180211,250000,0.0088905
1000BONKUSDT,SELL,LIMIT,1701975202934,8125,0.0088932
1000BONKUSDT,BUY,LIMIT,1701975261718,276579,0.0092153
1000BONKUSDT,BUY,LIMIT,1701975281742,128305,0.0092200
1000BONKUSDT,SELL,LIMIT,1701975438192,47565,0.0088906
1000BONKUSDT,SELL,LIMIT,1701975439314,51322,0.0088882
1000BONKUSDT,SELL,LIMIT,1701975440319,1261526,0.0088142
1000BONKUSDT,SELL,LIMIT,1701975445304,8428,0.0088422
1000BONKUSDT,SELL,LIMIT,1701975446450,6145,0.0088366
1000BONKUSDT,SELL,LIMIT,1701975478006,293843,0.0088328
1000BONKUSDT,SELL,LIMIT,1701975480238,783412,0.0088021
1000BONKUSDT,SELL,LIMIT,1701975529892,1153092,0.0088305
1000BONKUSDT,BUY,LIMIT,1701975715098,97866,0.0091985
1000BONKUSDT,BUY,LIMIT,1701975716219,142540,0.0092077
1000BONKUSDT,BUY,LIMIT,1701975719392,26543,0.0092355
1000BONKUSDT,BUY,LIMIT,1701975759934,23578,0.0092659
1000BONKUSDT,BUY,LIMIT,1701975767423,449136,0.0093005
1000BONKUSDT,BUY,LIMIT,1701975838571,275314,0.0092699
1000BONKUSDT,BUY,LIMIT,1701976023890,17648,0.0093061
1000BONKUSDT,SELL,LIMIT,1701976291745,56094,0.0090165
1000BONKUSDT,BUY,LIMIT,1701976616006,47967,0.0093431
1000BONKUSDT,BUY,LIMIT,1701976624596,146159,0.0093531
1000BONKUSDT,BUY,LIMIT,1701976759450,3395,0.0093581
1000BONKUSDT,BUY,LIMIT,1701976760693,50407,0.0093612
1000BONKUSDT,BUY,LIMIT,1701976761874,16995,0.0093625
1000BONKUSDT,BUY,LIMIT,1701976768141,7809,0.0093756
1000BONKUSDT,BUY,LIMIT,1701976769163,114973,0.0093760
1000BONKUSDT,SELL,LIMIT,1701976832238,2334,0.0090460
1000BONKUSDT,SELL,LIMIT,1701976899682,26677,0.0090001
1000BONKUSDT,SELL,LIMIT,1701976901356,8393,0.0089920
1000BONKUSDT,SELL,LIMIT,1701976909218,1090,0.0089815
1000BONKUSDT,SELL,LIMIT,1701976910502,244706,0.0089770
1000BONKUSDT,SELL,LIMIT,1701976915638,508899,0.0089703
1000BONKUSDT,SELL,LIMIT,1701976951058,136650,0.0089331
1000BONKUSDT,SELL,LIMIT,1701976952157,116476,0.0089138
1000BONKUSDT,SELL,LIMIT,1701976962280,10672,0.0088805
1000BONKUSDT,SELL,LIMIT,1701976965045,154929,0.0088501
1000BONKUSDT,SELL,LIMIT,1701976966340,29886,0.0088553
1000BONKUSDT,SELL,LIMIT,1701976970336,207792,0.0088321
1000BONKUSDT,SELL,LIMIT,1701976972518,28763,0.0088239
1000BONKUSDT,SELL,LIMIT,1701976977310,38812,0.0088093
1000BONKUSDT,SELL,LIMIT,1701976978330,14242,0.0088214
1000BONKUSDT,SELL,LIMIT,1701976979353,4324,0.0088011
1000BONKUSDT,SELL,LIMIT,1701976980362,993,0.0087853
1000BONKUSDT,SELL,LIMIT,1701976981791,652044,0.0087722
1000BONKUSDT,BUY,LIMIT,1701976990411,560243,0.0091133
1000BONKUSDT,BUY,LIMIT,1701977012637,36682,0.0091375
1000BONKUSDT,SELL,LIMIT,1701977029613,4978,0.0088232
1000BONKUSDT,SELL,LIMIT,1701977032675,115446,0.0088069
1000BONKUSDT,SELL,LIMIT,1701977034706,15306,0.0088005
1000BONKUSDT,SELL,LIMIT,1701977038093,36826,0.0087911
1000BONKUSDT,SELL,LIMIT,1701977039215,12924,0.0087689
1000BONKUSDT,SELL,LIMIT,1701977040235,26214,0.0087771
1000BONKUSDT,SELL,LIMIT,1701977072399,2526,0.0087913
1000BONKUSDT,SELL,LIMIT,1701977075874,1327,0.0087720
1000BONKUSDT,BUY,LIMIT,1701977231364,1218,0.0091189
1000BONKUSDT,BUY,LIMIT,1701977240501,15832,0.0091682
1000BONKUSDT,BUY,LIMIT,1701977256818,2276,0.0091704
1000BONKUSDT,BUY,LIMIT,1701977542083,222321,0.0092118
1000BONKUSDT,BUY,LIMIT,1701977551964,86457,0.0092168
1000BONKUSDT,BUY,LIMIT,1701977579197,90047,0.0092330
1000BONKUSDT,BUY,LIMIT,1701977586081,82125,0.0092894
1000BONKUSDT,BUY,LIMIT,1701977599732,25658,0.0093250
1000BONKUSDT,BUY,LIMIT,1701977602354,4870,0.0093387
1000BONKUSDT,BUY,LIMIT,1701977654651,58099,0.0093589
1000BONKUSDT,SELL,LIMIT,1701977696172,25223,0.0090246
1000BONKUSDT,BUY,LIMIT,1701977774680,25012,0.0093708
1000BONKUSDT,BUY,LIMIT,1701977777355,37159,0.0093724
1000BONKUSDT,BUY,LIMIT,1701977783092,151132,0.0093833
1000BONKUSDT,BUY,LIMIT,1701977784115,18312,0.0093964
1000BONKUSDT,BUY,LIMIT,1701977786577,69739,0.0093994
1000BONKUSDT,BUY,LIMIT,1701977800934,59086,0.0094048
1000BONKUSDT,BUY,LIMIT,1701977967470,3167,0.0094036
1000BONKUSDT,BUY,LIMIT,1701978127832,925,0.0094029
1000BONKUSDT,SELL,LIMIT,1701978268273,191991,0.0090808
1000BONKUSDT,SELL,LIMIT,1701978296469,1996,0.0090582
1000BONKUSDT,SELL,LIMIT,1701978298202,5353,0.0090540
1000BONKUSDT,BUY,LIMIT,1701978318383,10395,0.0093622
1000BONKUSDT,BUY,LIMIT,1701978888015,4941,0.0094053
1000BONKUSDT,BUY,LIMIT,1701978889524,4058,0.0094172
1000BONKUSDT,BUY,LIMIT,1701978891183,1163,0.0094391
1000BONKUSDT,BUY,LIMIT,1701978892826,17200,0.0094586
1000BONKUSDT,BUY,LIMIT,1701978894405,24819,0.0094525
1000BONKUSDT,BUY,LIMIT,1701978901810,45264,0.0094664
1000BONKUSDT,BUY,LIMIT,1701978903007,134716,0.0094722
1000BONKUSDT,BUY,LIMIT,1701978906411,95531,0.0094851
1000BONKUSDT,BUY,LIMIT,1701978908308,16996,0.0094872
1000BONKUSDT,BUY,LIMIT,1701978911878,22097,0.0094905
1000BONKUSDT,BUY,LIMIT,1701978924319,48656,0.0094937
1000BONKUSDT,BUY,LIMIT,1701978956348,17543,0.0094949
1000BONKUSDT,BUY,LIMIT,1701978965796,7980,0.0095181
1000BONKUSDT,BUY,LIMIT,1701979002753,1292,0.0095174
1000BONKUSDT,BUY,LIMIT,1701979005144,542770,0.0095208
1000BONKUSDT,BUY,LIMIT,1701979008073,739,0.0095424
1000BONKUSDT,BUY,LIMIT,1701979009091,65000,0.0095524
1000BONKUSDT,BUY,LIMIT,1701979010349,9523,0.0095488
1000BONKUSDT,BUY,LIMIT,1701979012023,951,0.0095538
1000BONKUSDT,BUY,LIMIT,1701979019043,442477,0.0095655
1000BONKUSDT,BUY,LIMIT,1701979023118,106,0.0095707
1000BONKUSDT,SELL,LIMIT,1701979145932,5624,0.0092115
1000BONKUSDT,BUY,LIMIT,1701979279350,562,0.0095304
1000BONKUSDT,BUY,LIMIT,1701979506366,70297,0.0095841
1000BONKUSDT,BUY,LIMIT,1701979607853,400917,0.0095933
1000BONKUSDT,BUY,LIMIT,1701979608922,76977,0.0096065
1000BONKUSDT,BUY,LIMIT,1701979610132,87442,0.0096370
1000BONKUSDT,BUY,LIMIT,1701979624062,100393,0.0096223
1000BONKUSDT,BUY,LIMIT,1701979879496,2000,0.0096306
1000BONKUSDT,BUY,LIMIT,1701979883782,52876,0.0096432
1000BONKUSDT,BUY,LIMIT,1701979903286,52568,0.0096458
1000BONKUSDT,BUY,LIMIT,1701979904695,13698,0.0096563
1000BONKUSDT,BUY,LIMIT,1701979907335,216404,0.0096605
1000BONKUSDT,BUY,LIMIT,1701979909133,204288,0.0096666
1000BONKUSDT,BUY,LIMIT,1701979910202,3538,0.0096664
1000BONKUSDT,BUY,LIMIT,1701979911391,18083,0.0096776
1000BONKUSDT,BUY,LIMIT,1701979916391,119549,0.0096904
1000BONKUSDT,BUY,LIMIT,1701980015040,60662,0.0097193
1000BONKUSDT,BUY,LIMIT,1701980019081,21374,0.0097215
1000BONKUSDT,BUY,LIMIT,1701980021617,32425,0.0097229
1000BONKUSDT,BUY,LIMIT,1701980022997,275219,0.0097261
1000BONKUSDT,BUY,LIMIT,1701980024264,177718,0.0097394
1000BONKUSDT,BUY,LIMIT,1701980026111,123466,0.0097462
1000BONKUSDT,BUY,LIMIT,1701980027957,3892,0.0097509
1000BONKUSDT,BUY,LIMIT,1701980041147,90662,0.0097778
1000BONKUSDT,BUY,LIMIT,1701980210288,76815,0.0098041
1000BONKUSDT,BUY,LIMIT,1701980211458,25059,0.0098192
1000BONKUSDT,BUY,LIMIT,1701980213151,688723,0.0098681
1000BONKUSDT,BUY,LIMIT,1701980214278,250581,0.0098292
1000BONKUSDT,BUY,LIMIT,1701980215787,49257,0.0098683
1000BONKUSDT,BUY,LIMIT,1701980218289,214545,0.0098725
1000BONKUSDT,BUY,LIMIT,1701980222470,1300,0.0099127
1000BONKUSDT,BUY,LIMIT,1701980223508,93205,0.0099136
1000BONKUSDT,BUY,LIMIT,1701980238648,15051,0.0099446
1000BONKUSDT,BUY,LIMIT,1701980239934,9131,0.0099688
1000BONKUSDT,SELL,LIMIT,1701980273277,41339,0.0095933
1000BONKUSDT,SELL,LIMIT,1701980308600,1019,0.0095748
1000BONKUSDT,SELL,LIMIT,1701980340887,152632,0.0095595
1000BONKUSDT,SELL,LIMIT,1701980344842,176756,0.0095424
1000BONKUSDT,BUY,LIMIT,1701980392323,500,0.0098339
1000BONKUSDT,SELL,LIMIT,1701980491082,54318,0.0094935
1000BONKUSDT,BUY,LIMIT,1701980516255,11338,0.0098288
1000BONKUSDT,BUY,LIMIT,1701980518201,199305,0.0098524
1000BONKUSDT,SELL,LIMIT,1701980541451,109081,0.0095159
1000BONKUSDT,BUY,LIMIT,1701980690104,1854,0.0098624
1000BONKUSDT,BUY,LIMIT,1701980692955,11248,0.0098748
1000BONKUSDT,BUY,LIMIT,1701980758149,7059,0.0098605
1000BONKUSDT,BUY,LIMIT,1701981048248,11845,0.0098678
1000BONKUSDT,BUY,LIMIT,1701981050761,12981,0.0098981
1000BONKUSDT,BUY,LIMIT,1701981053305,150000,0.0099106
1000BONKUSDT,BUY,LIMIT,1701981085071,121238,0.0099219
1000BONKUSDT,SELL,LIMIT,1701981132783,45188,0.0095924
1000BONKUSDT,SELL,LIMIT,1701981134404,4278,0.0095894
1000BONKUSDT,SELL,LIMIT,1701981168302,11572,0.0095815
1000BONKUSDT,SELL,LIMIT,1701981169321,6452,0.0095606
1000BONKUSDT,SELL,LIMIT,1701981226961,88803,0.0095257
1000BONKUSDT,SELL,LIMIT,1701981231722,3733,0.0095208
1000BONKUSDT,SELL,LIMIT,1701981233257,55205,0.0095185
1000BONKUSDT,SELL,LIMIT,1701981265482,1338,0.0095140
1000BONKUSDT,SELL,LIMIT,1701981317108,3985,0.0095089
1000BONKUSDT,SELL,LIMIT,1701981321049,244419,0.0095002
1000BONKUSDT,SELL,LIMIT,1701981324104,14257,0.0094863
1000BONKUSDT,SELL,LIMIT,1701981325184,70799,0.0094636
1000BONKUSDT,SELL,LIMIT,1701981326273,82107,0.0094489
1000BONKUSDT,BUY,LIMIT,1701981371605,6635,0.0097747
1000BONKUSDT,BUY,LIMIT,1701981374832,3867,0.0097892
1000BONKUSDT,BUY,LIMIT,1701981376122,17160,0.0098011
1000BONKUSDT,SELL,LIMIT,1701981439541,234926,0.0094439
1000BONKUSDT,SELL,LIMIT,1701981462323,2366,0.0094413
1000BONKUSDT,BUY,LIMIT,1701981631063,334873,0.0098192
1000BONKUSDT,BUY,LIMIT,1701981643305,36389,0.0098265
1000BONKUSDT,BUY,LIMIT,1701981652164,20610,0.0098422
1000BONKUSDT,BUY,LIMIT,1701981654300,1620,0.0098532
1000BONKUSDT,BUY,LIMIT,1701981763205,2954,0.0098671
1000BONKUSDT,BUY,LIMIT,1701981786251,37545,0.0098918
1000BONKUSDT,BUY,LIMIT,1701981795863,61413,0.0098968
1000BONKUSDT,BUY,LIMIT,1701981812215,41469,0.0099226
1000BONKUSDT,BUY,LIMIT,1701981814194,413022,0.0099653
1000BONKUSDT,BUY,LIMIT,1701981815277,8545,0.0099578
1000BONKUSDT,BUY,LIMIT,1701981816296,53111,0.0099684
1000BONKUSDT,BUY,LIMIT,1701981818032,29545,0.0099729
1000BONKUSDT,BUY,LIMIT,1701981824220,3250,0.0099845
1000BONKUSDT,BUY,LIMIT,1701981831139,21163,0.0099944
1000BONKUSDT,BUY,LIMIT,1701981832443,218042,0.0100001
1000BONKUSDT,BUY,LIMIT,1701981833654,516475,0.0100070
1000BONKUSDT,BUY,LIMIT,1701981835236,36354,0.0100123
1000BONKUSDT,BUY,LIMIT,1701981837095,5000,0.0100226
1000BONKUSDT,BUY,LIMIT,1701981838331,36618,0.0100231
1000BONKUSDT,SELL,LIMIT,1701981885161,395965,0.0096733
1000BONKUSDT,SELL,LIMIT,1701981886280,19840,0.0096331
1000BONKUSDT,BUY,LIMIT,1701981892746,146951,0.0099497
1000BONKUSDT,SELL,LIMIT,1701981913016,200000,0.0096204
1000BONKUSDT,BUY,LIMIT,1701982023879,1733,0.0099493
1000BONKUSDT,BUY,LIMIT,1701982092232,5034,0.0099621
1000BONKUSDT,BUY,LIMIT,1701982256136,3119,0.0099976
1000BONKUSDT,BUY,LIMIT,1701982257456,37377,0.0100032
1000BONKUSDT,BUY,LIMIT,1701982264294,78292,0.0100322
1000BONKUSDT,BUY,LIMIT,1701982270276,81327,0.0100432
1000BONKUSDT,BUY,LIMIT,1701982274853,2504,0.0100495
1000BONKUSDT,BUY,LIMIT,1701982275920,27164,0.0100592
1000BONKUSDT,BUY,LIMIT,1701982277096,119878,0.0100853
1000BONKUSDT,BUY,LIMIT,1701982278273,569987,0.0101036
1000BONKUSDT,SELL,LIMIT,1701982372196,165242,0.0097259
1000BONKUSDT,BUY,LIMIT,1701982378259,3704,0.0100625
1000BONKUSDT,BUY,LIMIT,1701982381949,89691,0.0100771
1000BONKUSDT,BUY,LIMIT,1701982416050,49519,0.0100838
1000BONKUSDT,BUY,LIMIT,1701982418286,770,0.0101206
1000BONKUSDT,SELL,LIMIT,1701982425551,22342,0.0097755
1000BONKUSDT,SELL,LIMIT,1701982427220,72824,0.0097693
1000BONKUSDT,BUY,LIMIT,1701982440789,2010,0.0101022
1000BONKUSDT,SELL,LIMIT,1701982483694,27768,0.0097634
1000BONKUSDT,SELL,LIMIT,1701982603586,6185,0.0097309
1000BONKUSDT,SELL,LIMIT,1701982606056,2207,0.0097267
1000BONKUSDT,SELL,LIMIT,1701982607384,504591,0.0097130
1000BONKUSDT,SELL,LIMIT,1701982608905,1460,0.0097051
1000BONKUSDT,SELL,LIMIT,1701982610173,379710,0.0096833
1000BONKUSDT,SELL,LIMIT,1701982629683,27036,0.0096610
1000BONKUSDT,BUY,LIMIT,1701982701951,3349,0.0100251
1000BONKUSDT,BUY,LIMIT,1701982720999,8229,0.0100465
1000BONKUSDT,SELL,LIMIT,1701982760356,7277,0.0097155
1000BONKUSDT,SELL,LIMIT,1701982766271,1242,0.0096950
1000BONKUSDT,SELL,LIMIT,1701982815237,86942,0.0096919
1000BONKUSDT,BUY,LIMIT,1701982834122,9611,0.0100368
1000BONKUSDT,BUY,LIMIT,1701982903273,13538,0.0100955
1000BONKUSDT,BUY,LIMIT,1701983046413,27863,0.0101113
1000BONKUSDT,SELL,LIMIT,1701983094364,1892,0.0097424
1000BONKUSDT,SELL,LIMIT,1701983098629,4259,0.0097235
1000BONKUSDT,SELL,LIMIT,1701983141217,34528,0.0097054
1000BONKUSDT,SELL,LIMIT,1701983142223,4046,0.0097075
1000BONKUSDT,SELL,LIMIT,1701983146383,159814,0.0096793
1000BONKUSDT,SELL,LIMIT,1701983149351,194421,0.0096767
1000BONKUSDT,SELL,LIMIT,1701983156539,141946,0.0096625
1000BONKUSDT,BUY,LIMIT,1701983179762,14483,0.0100019
1000BONKUSDT,BUY,LIMIT,1701983241625,24612,0.0100278
1000BONKUSDT,BUY,LIMIT,1701983242675,1437,0.0100310
1000BONKUSDT,BUY,LIMIT,1701983243696,30382,0.0100504
1000BONKUSDT,SELL,LIMIT,1701983395814,75067,0.0097096
1000BONKUSDT,BUY,LIMIT,1701983444123,21996,0.0100511
1000BONKUSDT,BUY,LIMIT,1701983445797,500,0.0094509
1000BONKUSDT,BUY,LIMIT,1701983560990,192541,0.0100633
1000BONKUSDT,BUY,LIMIT,1701983668389,14627,0.0100724
1000BONKUSDT,BUY,LIMIT,1701983793476,34718,0.0100991
1000BONKUSDT,BUY,LIMIT,1701983875418,100806,0.0101057
1000BONKUSDT,BUY,LIMIT,1701983876825,5782,0.0101123
1000BONKUSDT,BUY,LIMIT,1701983907318,6635,0.0101220
1000BONKUSDT,BUY,LIMIT,1701983947256,2719,0.0101604
