Symbol,Side,Order Type,Time,Quantity,Price
1000LUNCUSDT,SELL,LIMIT,1701915053251,3921,0.2249192
1000LUNCUSDT,SELL,LIMIT,1701915061087,100,0.2237132
1000LUNCUSDT,SELL,LIMIT,1701915062107,33,0.2237137
1000LUNCUSDT,SELL,LIMIT,1701915199424,44,0.2235934
1000LUNCUSDT,SELL,LIMIT,1701915248943,3069,0.2234244
1000LUNCUSDT,SELL,LIMIT,1701915257308,2195,0.2231404
1000LUNCUSDT,SELL,LIMIT,1701916648996,4838,0.2230268
1000LUNCUSDT,SELL,LIMIT,1701916828788,629,0.2230884
1000LUNCUSDT,SELL,LIMIT,1701917106381,2486,0.2228766
1000LUNCUSDT,SELL,LIMIT,1701917109331,386,0.2227721
1000LUNCUSDT,SELL,LIMIT,1701917111715,3403,0.2224058
1000LUNCUSDT,SELL,LIMIT,1701917115084,311,0.2219601
1000LUNCUSDT,SELL,LIMIT,1701917122153,21479,0.2218657
1000LUNCUSDT,SELL,LIMIT,1701917123628,14965,0.2217011
1000LUNCUSDT,SELL,LIMIT,1701917169123,5643,0.2215253
1000LUNCUSDT,SELL,LIMIT,1701917170365,40,0.2217165
1000LUNCUSDT,SELL,LIMIT,1701917171375,80,0.2215015
1000LUNCUSDT,SELL,LIMIT,1701917172749,670,0.2214117
1000LUNCUSDT,SELL,LIMIT,1701917253771,583,0.2211212
1000LUNCUSDT,SELL,LIMIT,1701917258727,390,0.2210065
1000LUNCUSDT,SELL,LIMIT,1701917268988,759,0.2209146
1000LUNCUSDT,SELL,LIMIT,1701917574168,1423,0.2211454
1000LUNCUSDT,SELL,LIMIT,1701917590113,42,0.2208890
1000LUNCUSDT,SELL,LIMIT,1701917610995,9527,0.2209786
1000LUNCUSDT,BUY,LIMIT,1701917838780,185,0.2257854
1000LUNCUSDT,SELL,LIMIT,1701918459806,178,0.2207268
1000LUNCUSDT,SELL,LIMIT,1701918462513,1607,0.2204707
1000LUNCUSDT,SELL,LIMIT,1701918647707,14283,0.2204751
1000LUNCUSDT,SELL,LIMIT,1701919123678,1204,0.2200318
1000LUNCUSDT,BUY,LIMIT,1701920127653,5592,0.2266951
1000LUNCUSDT,BUY,LIMIT,1701920167092,112,0.2268591
1000LUNCUSDT,SELL,LIMIT,1701921842181,2462,0.2198695
1000LUNCUSDT,SELL,LIMIT,1701921845130,1050,0.2197736
1000LUNCUSDT,BUY,LIMIT,1701922069962,44,0.2267960
1000LUNCUSDT,BUY,LIMIT,1701924305692,1248,0.2269666
1000LUNCUSDT,SELL,LIMIT,1701924772089,579,0.2206939
1000LUNCUSDT,SELL,LIMIT,1701924823572,1116,0.2202307
1000LUNCUSDT,SELL,LIMIT,1701924964597,2228,0.2198780
1000LUNCUSDT,SELL,LIMIT,1701924967095,269,0.2196745
1000LUNCUSDT,SELL,LIMIT,1701924969613,502,0.2196474
1000LUNCUSDT,SELL,LIMIT,1701924971956,26,0.2195644
1000LUNCUSDT,SELL,LIMIT,1701924974106,29,0.2195079
1000LUNCUSDT,SELL,LIMIT,1701924975465,83,0.2194334
1000LUNCUSDT,SELL,LIMIT,1701924978567,10047,0.2193718
1000LUNCUSDT,SELL,LIMIT,1701924980395,1126,0.2191903
1000LUNCUSDT,SELL,LIMIT,1701924981988,525,0.2190711
1000LUNCUSDT,SELL,LIMIT,1701925009786,577,0.2189269
1000LUNCUSDT,SELL,LIMIT,1701925013121,7593,0.2187550
1000LUNCUSDT,SELL,LIMIT,1701925014189,574,0.2186368
1000LUNCUSDT,SELL,LIMIT,1701925015788,464,0.2183890
1000LUNCUSDT,SELL,LIMIT,1701925017615,26,0.2183189
1000LUNCUSDT,SELL,LIMIT,1701925019417,990,0.2182499
1000LUNCUSDT,SELL,LIMIT,1701925027059,1246,0.2181639
1000LUNCUSDT,SELL,LIMIT,1701925028089,9179,0.2178318
1000LUNCUSDT,SELL,LIMIT,1701925029206,17130,0.2177836
1000LUNCUSDT,SELL,LIMIT,1701925084503,3108,0.2174528
1000LUNCUSDT,SELL,LIMIT,1701925086510,685,0.2174070
1000LUNCUSDT,SELL,LIMIT,1701925088443,201,0.2171271
1000LUNCUSDT,SELL,LIMIT,1701925089773,11512,0.2170924
1000LUNCUSDT,SELL,LIMIT,1701925123305,3469,0.2170309
1000LUNCUSDT,SELL,LIMIT,1701925124419,11208,0.2169066
1000LUNCUSDT,SELL,LIMIT,1701925125456,2036,0.2168341
1000LUNCUSDT,SELL,LIMIT,1701925127900,11085,0.2166243
1000LUNCUSDT,BUY,LIMIT,1701926494529,913,0.2241599
1000LUNCUSDT,SELL,LIMIT,1701926823304,2235,0.2195794
1000LUNCUSDT,BUY,LIMIT,1701926998606,11052,0.2250710
1000LUNCUSDT,BUY,LIMIT,1701927046065,10140,0.2255335
1000LUNCUSDT,BUY,LIMIT,1701927265440,1393,0.2259590
1000LUNCUSDT,BUY,LIMIT,1701927392620,2747,0.2268563
1000LUNCUSDT,BUY,LIMIT,1701927556778,1351,0.2269619
1000LUNCUSDT,BUY,LIMIT,1701927565189,22448,0.2271400
1000LUNCUSDT,BUY,LIMIT,1701927644715,103,0.2272387
1000LUNCUSDT,BUY,LIMIT,1701927837664,26,0.2282924
1000LUNCUSDT,BUY,LIMIT,1701927840257,382,0.2283279
1000LUNCUSDT,BUY,LIMIT,1701927841308,24,0.2283797
1000LUNCUSDT,BUY,LIMIT,1701928293367,2680,0.2271342
1000LUNCUSDT,SELL,LIMIT,1701928815549,10022,0.2217514
1000LUNCUSDT,BUY,LIMIT,1701928843525,2240,0.2267456
1000LUNCUSDT,SELL,LIMIT,1701929406022,22095,0.2215878
1000LUNCUSDT,SELL,LIMIT,1701929615379,191,0.2211057
1000LUNCUSDT,SELL,LIMIT,1701929617041,246,0.2210745
1000LUNCUSDT,SELL,LIMIT,1701929618427,8541,0.2210561
1000LUNCUSDT,SELL,LIMIT,1701930129756,2935,0.2205585
1000LUNCUSDT,SELL,LIMIT,1701930200106,38,0.2204486
1000LUNCUSDT,SELL,LIMIT,1701930205737,145,0.2204230
1000LUNCUSDT,SELL,LIMIT,1701930209708,2491,0.2203489
1000LUNCUSDT,SELL,LIMIT,1701930286210,103,0.2201667
1000LUNCUSDT,SELL,LIMIT,1701930493360,2647,0.2198615
1000LUNCUSDT,SELL,LIMIT,1701930681260,522,0.2195213
1000LUNCUSDT,BUY,LIMIT,1701930786334,10468,0.2219306
1000LUNCUSDT,SELL,LIMIT,1701931010041,2000,0.2192317
1000LUNCUSDT,SELL,LIMIT,1701931020079,2000,0.2189962
1000LUNCUSDT,SELL,LIMIT,1701931133735,156,0.2184241
1000LUNCUSDT,SELL,LIMIT,1701931459459,241,0.2178413
1000LUNCUSDT,SELL,LIMIT,1701931501420,10130,0.2176223
1000LUNCUSDT,SELL,LIMIT,1701931503019,22212,0.2175608
1000LUNCUSDT,SELL,LIMIT,1701931506447,227,0.2174286
1000LUNCUSDT,SELL,LIMIT,1701931515132,431,0.2172554
1000LUNCUSDT,SELL,LIMIT,1701931549199,41,0.2168474
1000LUNCUSDT,SELL,LIMIT,1701931551133,184,0.2166243
1000LUNCUSDT,SELL,LIMIT,1701931555494,213,0.2164448
1000LUNCUSDT,SELL,LIMIT,1701931569054,580,0.2131962
1000LUNCUSDT,SELL,LIMIT,1701931570059,53,0.2138392
1000LUNCUSDT,SELL,LIMIT,1701931572043,601,0.2129391
1000LUNCUSDT,SELL,LIMIT,1701931573061,2226,0.2126759
1000LUNCUSDT,SELL,LIMIT,1701931636236,238,0.2127978
1000LUNCUSDT,SELL,LIMIT,1701931643128,1250,0.2127130
1000LUNCUSDT,SELL,LIMIT,1701931650195,18697,0.2126366
1000LUNCUSDT,SELL,LIMIT,1701931651937,2232,0.2125913
1000LUNCUSDT,SELL,LIMIT,1701931653050,311,0.2123794
1000LUNCUSDT,SELL,LIMIT,1701931654167,98,0.2123467
1000LUNCUSDT,SELL,LIMIT,1701931673914,7054,0.2122080
1000LUNCUSDT,SELL,LIMIT,1701931675102,924,0.2121762
1000LUNCUSDT,SELL,LIMIT,1701931691070,2240,0.2121197
1000LUNCUSDT,SELL,LIMIT,1701931692383,380,0.2120990
1000LUNCUSDT,SELL,LIMIT,1701931693395,25,0.2120703
1000LUNCUSDT,SELL,LIMIT,1701931695612,13401,0.2119754
1000LUNCUSDT,SELL,LIMIT,1701931702373,438,0.2119563
1000LUNCUSDT,SELL,LIMIT,1701931704079,45,0.2117997
1000LUNCUSDT,SELL,LIMIT,1701931707523,6526,0.2117932
1000LUNCUSDT,SELL,LIMIT,1701931713400,1608,0.2117332
1000LUNCUSDT,SELL,LIMIT,1701931715067,475,0.2115783
1000LUNCUSDT,SELL,LIMIT,1701931716110,29,0.2115550
1000LUNCUSDT,SELL,LIMIT,1701931721240,3173,0.2114769
1000LUNCUSDT,SELL,LIMIT,1701931746434,280,0.2114642
1000LUNCUSDT,SELL,LIMIT,1701931750118,59,0.2114008
1000LUNCUSDT,SELL,LIMIT,1701931751304,185,0.2113443
1000LUNCUSDT,SELL,LIMIT,1701931752308,11125,0.2113228
1000LUNCUSDT,SELL,LIMIT,1701931753853,68,0.2111486
1000LUNCUSDT,SELL,LIMIT,1701931754880,4753,0.2110331
1000LUNCUSDT,SELL,LIMIT,1701931756105,10429,0.2107187
1000LUNCUSDT,SELL,LIMIT,1701931757201,444,0.2105990
1000LUNCUSDT,SELL,LIMIT,1701931761447,880,0.2105262
1000LUNCUSDT,SELL,LIMIT,1701931801050,3740,0.2088541
1000LUNCUSDT,SELL,LIMIT,1701931802055,475,0.2092969
1000LUNCUSDT,SELL,LIMIT,1701931804616,325,0.2081565
1000LUNCUSDT,SELL,LIMIT,1701931813176,10852,0.2083011
1000LUNCUSDT,SELL,LIMIT,1701931821591,3202,0.2082435
1000LUNCUSDT,SELL,LIMIT,1701931823446,238,0.2078781
1000LUNCUSDT,SELL,LIMIT,1701931825062,323,0.2077577
1000LUNCUSDT,SELL,LIMIT,1701931827466,1103,0.2077339
1000LUNCUSDT,SELL,LIMIT,1701931829136,4495,0.2077001
1000LUNCUSDT,SELL,LIMIT,1701931830249,4969,0.2076852
1000LUNCUSDT,SELL,LIMIT,1701931831281,1522,0.2071026
1000LUNCUSDT,SELL,LIMIT,1701931832303,1126,0.2068845
1000LUNCUSDT,SELL,LIMIT,1701931833314,1000,0.2064584
1000LUNCUSDT,SELL,LIMIT,1701931834316,2926,0.2066425
1000LUNCUSDT,SELL,LIMIT,1701931835370,2466,0.2061701
1000LUNCUSDT,SELL,LIMIT,1701931923321,352,0.2060274
1000LUNCUSDT,SELL,LIMIT,1701931925016,2270,0.2058632
1000LUNCUSDT,SELL,LIMIT,1701931926070,59569,0.2035210
1000LUNCUSDT,SELL,LIMIT,1701931927132,324,0.2053044
1000LUNCUSDT,SELL,LIMIT,1701931928134,4130,0.2053009
1000LUNCUSDT,SELL,LIMIT,1701932419341,222,0.2084126
1000LUNCUSDT,SELL,LIMIT,1701932457870,11759,0.2059589
1000LUNCUSDT,SELL,LIMIT,1701932462074,1879,0.2059554
1000LUNCUSDT,SELL,LIMIT,1701932466059,709,0.2058249
1000LUNCUSDT,SELL,LIMIT,1701932535162,100,0.2051142
1000LUNCUSDT,SELL,LIMIT,1701932617132,783,0.2048634
1000LUNCUSDT,SELL,LIMIT,1701932618158,2551,0.2049193
1000LUNCUSDT,SELL,LIMIT,1701932619274,1530,0.2047096
1000LUNCUSDT,SELL,LIMIT,1701932622309,32,0.2043455
1000LUNCUSDT,SELL,LIMIT,1701932624129,1896,0.2041909
1000LUNCUSDT,SELL,LIMIT,1701932625228,5992,0.2040365
1000LUNCUSDT,BUY,LIMIT,1701932767890,261,0.2104136
1000LUNCUSDT,BUY,LIMIT,1701932833823,15518,0.2109265
1000LUNCUSDT,BUY,LIMIT,1701932872172,2835,0.2115294
1000LUNCUSDT,BUY,LIMIT,1701932926086,9552,0.2124246
1000LUNCUSDT,BUY,LIMIT,1701932928427,911,0.2124480
1000LUNCUSDT,BUY,LIMIT,1701932960029,1016,0.2126557
1000LUNCUSDT,BUY,LIMIT,1701932999763,6533,0.2132255
1000LUNCUSDT,BUY,LIMIT,1701933009833,1060,0.2133115
1000LUNCUSDT,BUY,LIMIT,1701933035650,14841,0.2137637
1000LUNCUSDT,BUY,LIMIT,1701933039573,107,0.2137824
1000LUNCUSDT,BUY,LIMIT,1701933053301,4726,0.2139185
1000LUNCUSDT,BUY,LIMIT,1701933096130,27,0.2143424
1000LUNCUSDT,BUY,LIMIT,1701933218584,196,0.2160108
1000LUNCUSDT,SELL,LIMIT,1701933519083,8891,0.2086562
1000LUNCUSDT,SELL,LIMIT,1701933520145,466,0.2086244
1000LUNCUSDT,SELL,LIMIT,1701933521177,2637,0.2076751
1000LUNCUSDT,SELL,LIMIT,1701933522252,626,0.2074673
1000LUNCUSDT,SELL,LIMIT,1701933524024,9702,0.2073118
1000LUNCUSDT,BUY,LIMIT,1701934230706,2540,0.2116839
1000LUNCUSDT,SELL,LIMIT,1701934319412,52,0.2065052
1000LUNCUSDT,SELL,LIMIT,1701935732669,1287,0.2070064
1000LUNCUSDT,SELL,LIMIT,1701935733810,11979,0.2068378
1000LUNCUSDT,SELL,LIMIT,1701935735707,603,0.2067163
1000LUNCUSDT,SELL,LIMIT,1701935749279,23676,0.2066047
1000LUNCUSDT,SELL,LIMIT,1701936867399,288,0.2064925
1000LUNCUSDT,SELL,LIMIT,1701936877298,22455,0.2063621
1000LUNCUSDT,SELL,LIMIT,1701936879640,109,0.2063236
1000LUNCUSDT,SELL,LIMIT,1701936882446,24,0.2060206
1000LUNCUSDT,SELL,LIMIT,1701936884438,437,0.2059062
1000LUNCUSDT,SELL,LIMIT,1701936891515,17349,0.2061130
1000LUNCUSDT,SELL,LIMIT,1701936892594,3094,0.2057931
1000LUNCUSDT,SELL,LIMIT,1701936896582,42,0.2056208
1000LUNCUSDT,SELL,LIMIT,1701936900160,5717,0.2056228
1000LUNCUSDT,SELL,LIMIT,1701936903378,738,0.2055917
1000LUNCUSDT,SELL,LIMIT,1701936905026,24,0.2054815
1000LUNCUSDT,SELL,LIMIT,1701936906338,465,0.2053821
1000LUNCUSDT,SELL,LIMIT,1701936912776,96,0.2052667
1000LUNCUSDT,SELL,LIMIT,1701936917521,421,0.2052271
1000LUNCUSDT,SELL,LIMIT,1701936919280,182,0.2053481
1000LUNCUSDT,SELL,LIMIT,1701936923943,819,0.2051801
1000LUNCUSDT,SELL,LIMIT,1701936926080,391,0.2050022
1000LUNCUSDT,SELL,LIMIT,1701936966275,9389,0.2048614
1000LUNCUSDT,SELL,LIMIT,1701937307076,132,0.2060908
1000LUNCUSDT,SELL,LIMIT,1701937340762,31,0.2049006
1000LUNCUSDT,SELL,LIMIT,1701937342055,2406,0.2036691
1000LUNCUSDT,SELL,LIMIT,1701937343063,1019,0.2032996
1000LUNCUSDT,SELL,LIMIT,1701937344114,97,0.2034641
1000LUNCUSDT,SELL,LIMIT,1701937346256,2390,0.2029071
1000LUNCUSDT,SELL,LIMIT,1701937347317,1530,0.2031421
1000LUNCUSDT,SELL,LIMIT,1701937349439,611,0.2027553
1000LUNCUSDT,SELL,LIMIT,1701937350495,17862,0.2027638
1000LUNCUSDT,SELL,LIMIT,1701937353051,3116,0.2027028
1000LUNCUSDT,SELL,LIMIT,1701937354122,89,0.2024592
1000LUNCUSDT,SELL,LIMIT,1701937394127,47,0.2038821
1000LUNCUSDT,SELL,LIMIT,1701937483692,5482,0.2037838
1000LUNCUSDT,SELL,LIMIT,1701937926053,5921,0.2052137
1000LUNCUSDT,BUY,LIMIT,1701938300345,604,0.2094324
1000LUNCUSDT,BUY,LIMIT,1701938583219,243,0.2104934
1000LUNCUSDT,BUY,LIMIT,1701938767205,1207,0.2109928
1000LUNCUSDT,SELL,LIMIT,1701939269820,69,0.2048657
1000LUNCUSDT,SELL,LIMIT,1701939300322,4411,0.2044531
1000LUNCUSDT,SELL,LIMIT,1701939334328,2581,0.2044455
1000LUNCUSDT,SELL,LIMIT,1701939336089,953,0.2043669
1000LUNCUSDT,SELL,LIMIT,1701939339901,35,0.2040972
1000LUNCUSDT,SELL,LIMIT,1701939340972,1087,0.2036862
1000LUNCUSDT,SELL,LIMIT,1701939372245,91406,0.2014984
1000LUNCUSDT,SELL,LIMIT,1701939456654,580,0.2036139
1000LUNCUSDT,SELL,LIMIT,1701939460521,1420,0.2033916
1000LUNCUSDT,SELL,LIMIT,1701939576202,27137,0.2036275
1000LUNCUSDT,SELL,LIMIT,1701939873302,1500,0.2072795
1000LUNCUSDT,SELL,LIMIT,1701939961472,4313,0.2052469
1000LUNCUSDT,SELL,LIMIT,1701939999129,479,0.2049712
1000LUNCUSDT,SELL,LIMIT,1701940012521,1210,0.2044319
1000LUNCUSDT,SELL,LIMIT,1701940014400,5186,0.2044216
1000LUNCUSDT,SELL,LIMIT,1701940025248,29561,0.2036319
1000LUNCUSDT,SELL,LIMIT,1701940051989,323,0.2041579
1000LUNCUSDT,BUY,LIMIT,1701940116179,3357,0.2104121
1000LUNCUSDT,SELL,LIMIT,1701940473015,1297,0.2042668
1000LUNCUSDT,SELL,LIMIT,1701940475100,74,0.2042523
1000LUNCUSDT,SELL,LIMIT,1701940522362,9103,0.2044424
1000LUNCUSDT,SELL,LIMIT,1701940545192,965,0.2041087
1000LUNCUSDT,SELL,LIMIT,1701940554788,341,0.2041183
1000LUNCUSDT,SELL,LIMIT,1701940557252,801,0.2040785
1000LUNCUSDT,SELL,LIMIT,1701940560127,37744,0.2029209
1000LUNCUSDT,SELL,LIMIT,1701940562072,2161,0.2039297
1000LUNCUSDT,SELL,LIMIT,1701940563118,5910,0.2060833
1000LUNCUSDT,SELL,LIMIT,1701940564174,208,0.2036269
1000LUNCUSDT,SELL,LIMIT,1701940565306,8798,0.2039804
1000LUNCUSDT,SELL,LIMIT,1701940568092,242,0.2036045
1000LUNCUSDT,SELL,LIMIT,1701941026111,2113,0.2050814
1000LUNCUSDT,SELL,LIMIT,1701941146709,51,0.2043460
1000LUNCUSDT,SELL,LIMIT,1701941150312,1197,0.2045436
1000LUNCUSDT,SELL,LIMIT,1701941153270,11521,0.2040116
1000LUNCUSDT,SELL,LIMIT,1701941157262,2663,0.2037929
1000LUNCUSDT,SELL,LIMIT,1701941158751,449,0.2037349
1000LUNCUSDT,SELL,LIMIT,1701941160148,312,0.2036850
1000LUNCUSDT,SELL,LIMIT,1701941180680,4895,0.2035601
1000LUNCUSDT,SELL,LIMIT,1701941182212,1119,0.2035457
1000LUNCUSDT,SELL,LIMIT,1701941184144,4396,0.2034218
1000LUNCUSDT,SELL,LIMIT,1701941186386,22735,0.2033989
1000LUNCUSDT,SELL,LIMIT,1701941187469,100,0.2033107
1000LUNCUSDT,SELL,LIMIT,1701941189499,250,0.2031486
1000LUNCUSDT,SELL,LIMIT,1701941191182,100,0.2028917
1000LUNCUSDT,SELL,LIMIT,1701941192910,35431,0.2018059
1000LUNCUSDT,SELL,LIMIT,1701941207091,6056,0.2034505
1000LUNCUSDT,SELL,LIMIT,1701941208704,1038,0.2026793
1000LUNCUSDT,SELL,LIMIT,1701941227489,1242,0.2026628
1000LUNCUSDT,SELL,LIMIT,1701941234195,133,0.2025664
1000LUNCUSDT,SELL,LIMIT,1701941235359,1481,0.2024579
1000LUNCUSDT,SELL,LIMIT,1701941236935,3544,0.2028211
1000LUNCUSDT,SELL,LIMIT,1701941238048,2498,0.2024118
1000LUNCUSDT,SELL,LIMIT,1701941239250,1059,0.2023756
1000LUNCUSDT,SELL,LIMIT,1701941240866,9998,0.2023247
1000LUNCUSDT,SELL,LIMIT,1701941242040,10687,0.2022247
1000LUNCUSDT,SELL,LIMIT,1701941243226,8745,0.2026665
1000LUNCUSDT,SELL,LIMIT,1701941244307,3903,0.2021378
1000LUNCUSDT,SELL,LIMIT,1701941245306,1031,0.2020256
1000LUNCUSDT,SELL,LIMIT,1701941246441,17867,0.2019972
1000LUNCUSDT,SELL,LIMIT,1701941248475,1666,0.2018463
1000LUNCUSDT,SELL,LIMIT,1701941249582,2265,0.2017467
1000LUNCUSDT,SELL,LIMIT,1701941256560,491,0.2015493
1000LUNCUSDT,SELL,LIMIT,1701941429418,1593,0.2015189
1000LUNCUSDT,SELL,LIMIT,1701941441362,4339,0.2014722
1000LUNCUSDT,BUY,LIMIT,1701941535139,193,0.2083429
1000LUNCUSDT,BUY,LIMIT,1701941538530,4718,0.2085312
1000LUNCUSDT,BUY,LIMIT,1701941539863,2458,0.2087196
1000LUNCUSDT,BUY,LIMIT,1701941542104,91,0.2087899
1000LUNCUSDT,BUY,LIMIT,1701941543250,3684,0.2089083
1000LUNCUSDT,BUY,LIMIT,1701941544719,1221,0.2092725
1000LUNCUSDT,BUY,LIMIT,1701941720379,378,0.2105612
1000LUNCUSDT,BUY,LIMIT,1701941724052,12376,0.2113078
1000LUNCUSDT,BUY,LIMIT,1701941726183,155,0.2114910
1000LUNCUSDT,BUY,LIMIT,1701941752243,165,0.2113848
1000LUNCUSDT,BUY,LIMIT,1701942018169,3478,0.2119757
1000LUNCUSDT,BUY,LIMIT,1701942019405,2643,0.2121184
1000LUNCUSDT,BUY,LIMIT,1701942022789,1020,0.2122610
1000LUNCUSDT,BUY,LIMIT,1701942027251,294,0.2122796
1000LUNCUSDT,BUY,LIMIT,1701942028558,50,0.2124914
1000LUNCUSDT,BUY,LIMIT,1701942105154,72,0.2127302
1000LUNCUSDT,BUY,LIMIT,1701942106477,249,0.2127739
1000LUNCUSDT,BUY,LIMIT,1701942144280,41,0.2126928
1000LUNCUSDT,BUY,LIMIT,1701942148072,10184,0.2129494
1000LUNCUSDT,BUY,LIMIT,1701942149580,1010,0.2130571
1000LUNCUSDT,BUY,LIMIT,1701942152142,1505,0.2131428
1000LUNCUSDT,BUY,LIMIT,1701942155922,225,0.2133750
1000LUNCUSDT,BUY,LIMIT,1701942159073,152,0.2135514
1000LUNCUSDT,BUY,LIMIT,1701942177155,2756,0.2135970
1000LUNCUSDT,BUY,LIMIT,1701942180133,474,0.2136567
1000LUNCUSDT,BUY,LIMIT,1701942378207,721,0.2140161
1000LUNCUSDT,BUY,LIMIT,1701942381557,3849,0.2141551
1000LUNCUSDT,BUY,LIMIT,1701942382570,13645,0.2141402
1000LUNCUSDT,BUY,LIMIT,1701942390808,31,0.2142786
1000LUNCUSDT,BUY,LIMIT,1701942395472,2962,0.2143511
1000LUNCUSDT,BUY,LIMIT,1701942408143,113,0.2145298
1000LUNCUSDT,SELL,LIMIT,1701942610070,849,0.2078444
1000LUNCUSDT,SELL,LIMIT,1701942611445,9814,0.2077963
1000LUNCUSDT,SELL,LIMIT,1701942615562,12294,0.2072938
1000LUNCUSDT,SELL,LIMIT,1701942618493,1294,0.2072095
1000LUNCUSDT,SELL,LIMIT,1701942809848,5911,0.2071147
1000LUNCUSDT,SELL,LIMIT,1701942812766,126,0.2067294
1000LUNCUSDT,SELL,LIMIT,1701943594247,1650,0.2064578
1000LUNCUSDT,SELL,LIMIT,1701943608467,4868,0.2061888
1000LUNCUSDT,SELL,LIMIT,1701943619067,813,0.2060190
1000LUNCUSDT,BUY,LIMIT,1701943903401,120,0.2108148
1000LUNCUSDT,SELL,LIMIT,1701944216639,452,0.2071576
1000LUNCUSDT,BUY,LIMIT,1701944611142,1668,0.2124651
1000LUNCUSDT,SELL,LIMIT,1701945956553,4029,0.2058330
1000LUNCUSDT,SELL,LIMIT,1701945958762,748,0.2056555
1000LUNCUSDT,SELL,LIMIT,1701945964413,9951,0.2055479
1000LUNCUSDT,SELL,LIMIT,1701945965839,4313,0.2053806
1000LUNCUSDT,SELL,LIMIT,1701945970715,1071,0.2052589
1000LUNCUSDT,SELL,LIMIT,1701946473602,236,0.2051076
1000LUNCUSDT,SELL,LIMIT,1701946475543,25,0.2051156
1000LUNCUSDT,SELL,LIMIT,1701946477423,260,0.2050131
1000LUNCUSDT,SELL,LIMIT,1701946481416,1120,0.2049725
1000LUNCUSDT,SELL,LIMIT,1701946485514,263,0.2049046
1000LUNCUSDT,SELL,LIMIT,1701946487002,72,0.2047049
1000LUNCUSDT,SELL,LIMIT,1701946489452,608,0.2044897
1000LUNCUSDT,BUY,LIMIT,1701947867565,25,0.2110772
1000LUNCUSDT,SELL,LIMIT,1701948993352,504,0.2049796
1000LUNCUSDT,SELL,LIMIT,1701949001586,24,0.2049566
1000LUNCUSDT,SELL,LIMIT,1701949021388,6884,0.2048985
1000LUNCUSDT,SELL,LIMIT,1701949036288,9581,0.2047140
1000LUNCUSDT,SELL,LIMIT,1701949119156,800,0.2047005
1000LUNCUSDT,SELL,LIMIT,1701949203403,175,0.2043064
1000LUNCUSDT,SELL,LIMIT,1701949208427,5455,0.2042420
1000LUNCUSDT,SELL,LIMIT,1701949215948,1910,0.2041980
1000LUNCUSDT,SELL,LIMIT,1701949300923,834,0.2040895
1000LUNCUSDT,SELL,LIMIT,1701949386616,13280,0.2039942
1000LUNCUSDT,SELL,LIMIT,1701949569717,4736,0.2034968
1000LUNCUSDT,SELL,LIMIT,1701949572811,584,0.2034844
1000LUNCUSDT,SELL,LIMIT,1701949707334,961,0.2032739
1000LUNCUSDT,BUY,LIMIT,1701950766373,623,0.2096021
1000LUNCUSDT,BUY,LIMIT,1701951219371,900,0.2081131
1000LUNCUSDT,SELL,LIMIT,1701951325142,747,0.2041678
1000LUNCUSDT,BUY,LIMIT,1701951327200,18897,0.2075613
1000LUNCUSDT,BUY,LIMIT,1701951330917,1140,0.2080252
1000LUNCUSDT,SELL,LIMIT,1701951875524,1044,0.2032249
1000LUNCUSDT,SELL,LIMIT,1701951904206,332,0.2030461
1000LUNCUSDT,SELL,LIMIT,1701951915406,5323,0.2029463
1000LUNCUSDT,SELL,LIMIT,1701951917565,400,0.2029093
1000LUNCUSDT,SELL,LIMIT,1701951919516,880,0.2027687
1000LUNCUSDT,BUY,LIMIT,1701952086822,8218,0.2089833
1000LUNCUSDT,BUY,LIMIT,1701952106185,487,0.2092048
1000LUNCUSDT,BUY,LIMIT,1701952241839,7053,0.2103247
1000LUNCUSDT,BUY,LIMIT,1701952260599,12481,0.2105191
1000LUNCUSDT,BUY,LIMIT,1701952279952,2783,0.2107518
1000LUNCUSDT,BUY,LIMIT,1701952294722,870,0.2109260
1000LUNCUSDT,BUY,LIMIT,1701952321444,14624,0.2111954
1000LUNCUSDT,SELL,LIMIT,1701953228385,670,0.2049140
1000LUNCUSDT,SELL,LIMIT,1701953274321,8890,0.2051164
1000LUNCUSDT,BUY,LIMIT,1701954212215,56,0.2114078
1000LUNCUSDT,BUY,LIMIT,1701954214586,17857,0.2114747
1000LUNCUSDT,BUY,LIMIT,1701954216089,904,0.2115598
1000LUNCUSDT,BUY,LIMIT,1701954222129,330,0.2116129
1000LUNCUSDT,SELL,LIMIT,1701954583483,839,0.2053932
1000LUNCUSDT,SELL,LIMIT,1701954781370,443,0.2048110
1000LUNCUSDT,SELL,LIMIT,1701954783317,66,0.2046757
1000LUNCUSDT,SELL,LIMIT,1701954794349,917,0.2044796
1000LUNCUSDT,SELL,LIMIT,1701954800438,17926,0.2041757
1000LUNCUSDT,SELL,LIMIT,1701954850509,97,0.2037837
1000LUNCUSDT,SELL,LIMIT,1701954861115,2688,0.2036534
1000LUNCUSDT,SELL,LIMIT,1701954916177,4547,0.2036234
1000LUNCUSDT,SELL,LIMIT,1701956031108,6000,0.2035492
1000LUNCUSDT,SELL,LIMIT,1701956032334,329,0.2033373
1000LUNCUSDT,SELL,LIMIT,1701956041457,3336,0.2030887
1000LUNCUSDT,SELL,LIMIT,1701956182228,774,0.2029583
1000LUNCUSDT,SELL,LIMIT,1701956184587,10368,0.2029010
1000LUNCUSDT,SELL,LIMIT,1701956204815,1055,0.2027659
1000LUNCUSDT,SELL,LIMIT,1701956423245,1862,0.2026109
1000LUNCUSDT,SELL,LIMIT,1701956426300,1873,0.2024862
1000LUNCUSDT,SELL,LIMIT,1701956427432,13942,0.2023005
1000LUNCUSDT,SELL,LIMIT,1701956429209,2526,0.2019438
1000LUNCUSDT,SELL,LIMIT,1701956430228,2108,0.2021438
1000LUNCUSDT,SELL,LIMIT,1701956592052,86,0.2017251
1000LUNCUSDT,SELL,LIMIT,1701956594546,957,0.2016348
1000LUNCUSDT,SELL,LIMIT,1701956596389,58,0.2014582
1000LUNCUSDT,SELL,LIMIT,1701956662376,40000,0.2001885
1000LUNCUSDT,SELL,LIMIT,1701956665561,42,0.2012492
1000LUNCUSDT,SELL,LIMIT,1701956676034,530,0.2012550
1000LUNCUSDT,SELL,LIMIT,1701956681900,2041,0.2012462
1000LUNCUSDT,SELL,LIMIT,1701956698530,476,0.2011325
1000LUNCUSDT,SELL,LIMIT,1701956700144,6613,0.2010670
1000LUNCUSDT,SELL,LIMIT,1701956701255,1352,0.2009500
1000LUNCUSDT,SELL,LIMIT,1701956703241,455,0.2007665
1000LUNCUSDT,SELL,LIMIT,1701959090004,437,0.2012867
1000LUNCUSDT,BUY,LIMIT,1701959287248,1716,0.2077460
1000LUNCUSDT,BUY,LIMIT,1701959317962,126,0.2078148
1000LUNCUSDT,SELL,LIMIT,1701959724424,881,0.2034473
1000LUNCUSDT,BUY,LIMIT,1701959780517,449,0.2081003
1000LUNCUSDT,BUY,LIMIT,1701961032580,502,0.2085795
1000LUNCUSDT,BUY,LIMIT,1701961247082,2537,0.2087530
1000LUNCUSDT,BUY,LIMIT,1701961249167,255,0.2089081
1000LUNCUSDT,BUY,LIMIT,1701961256309,1356,0.2090589
1000LUNCUSDT,BUY,LIMIT,1701961263496,974,0.2092017
1000LUNCUSDT,BUY,LIMIT,1701961269295,3875,0.2093627
1000LUNCUSDT,BUY,LIMIT,1701961340428,48,0.2097723
1000LUNCUSDT,BUY,LIMIT,1701961347652,971,0.2100278
1000LUNCUSDT,BUY,LIMIT,1701961412072,452,0.2105544
1000LUNCUSDT,BUY,LIMIT,1701961420257,9655,0.2106169
1000LUNCUSDT,SELL,LIMIT,1701961604658,12367,0.2043662
1000LUNCUSDT,SELL,LIMIT,1701961629646,961,0.2038910
1000LUNCUSDT,SELL,LIMIT,1701961748548,5,0.2036333
1000LUNCUSDT,SELL,LIMIT,1701961863423,25,0.2032867
1000LUNCUSDT,BUY,LIMIT,1701962560978,222,0.2095680
1000LUNCUSDT,BUY,LIMIT,1701962671735,2907,0.2098981
1000LUNCUSDT,BUY,LIMIT,1701962699932,6269,0.2099527
1000LUNCUSDT,BUY,LIMIT,1701962842288,108,0.2099991
1000LUNCUSDT,BUY,LIMIT,1701962893768,2416,0.2110272
1000LUNCUSDT,BUY,LIMIT,1701963034632,12587,0.2104603
1000LUNCUSDT,BUY,LIMIT,1701963605245,1395,0.2113905
1000LUNCUSDT,BUY,LIMIT,1701963606312,14422,0.2115995
1000LUNCUSDT,BUY,LIMIT,1701963610155,3482,0.2121996
1000LUNCUSDT,SELL,LIMIT,1701963990326,5300,0.2057122
1000LUNCUSDT,SELL,LIMIT,1701964004833,432,0.2056417
1000LUNCUSDT,SELL,LIMIT,1701964012363,10561,0.2055627
1000LUNCUSDT,SELL,LIMIT,1701964050214,1415,0.2051277
1000LUNCUSDT,SELL,LIMIT,1701964059454,3682,0.2051028
1000LUNCUSDT,SELL,LIMIT,1701964062394,45,0.2048619
1000LUNCUSDT,SELL,LIMIT,1701964063477,2390,0.2049138
1000LUNCUSDT,SELL,LIMIT,1701964145924,1203,0.2045125
1000LUNCUSDT,SELL,LIMIT,1701964381607,939,0.2058539
1000LUNCUSDT,SELL,LIMIT,1701964723073,1886,0.2065887
1000LUNCUSDT,SELL,LIMIT,1701964731171,7168,0.2054129
1000LUNCUSDT,SELL,LIMIT,1701964753461,408,0.2043197
1000LUNCUSDT,SELL,LIMIT,1701964770474,9129,0.2043064
1000LUNCUSDT,SELL,LIMIT,1701964812796,570,0.2039791
1000LUNCUSDT,SELL,LIMIT,1701964814313,792,0.2038126
1000LUNCUSDT,SELL,LIMIT,1701964822415,1785,0.2037490
1000LUNCUSDT,SELL,LIMIT,1701964843269,280,0.2035738
1000LUNCUSDT,SELL,LIMIT,1701964861102,53,0.2033938
1000LUNCUSDT,SELL,LIMIT,1701964862362,4000,0.2032405
1000LUNCUSDT,SELL,LIMIT,1701964864358,695,0.2031901
1000LUNCUSDT,SELL,LIMIT,1701964866290,12382,0.2030778
1000LUNCUSDT,SELL,LIMIT,1701964883263,341,0.2029779
1000LUNCUSDT,SELL,LIMIT,1701964894339,3308,0.2029364
1000LUNCUSDT,SELL,LIMIT,1701964903705,164,0.2026877
1000LUNCUSDT,SELL,LIMIT,1701964906506,808,0.2026095
1000LUNCUSDT,SELL,LIMIT,1701964907602,10000,0.2024407
1000LUNCUSDT,SELL,LIMIT,1701964911508,2421,0.2023942
1000LUNCUSDT,BUY,LIMIT,1701965066526,3054,0.2051418
1000LUNCUSDT,SELL,LIMIT,1701965384366,75,0.2105163
1000LUNCUSDT,SELL,LIMIT,1701965402442,12650,0.2022045
1000LUNCUSDT,SELL,LIMIT,1701965462518,1885,0.2021498
1000LUNCUSDT,SELL,LIMIT,1701965465792,348,0.2020872
1000LUNCUSDT,SELL,LIMIT,1701965494863,9579,0.2021641
1000LUNCUSDT,SELL,LIMIT,1701965635986,14689,0.2022841
1000LUNCUSDT,SELL,LIMIT,1701965697218,473,0.2019470
1000LUNCUSDT,SELL,LIMIT,1701965725802,224,0.2014094
1000LUNCUSDT,SELL,LIMIT,1701965729927,1186,0.2012497
1000LUNCUSDT,SELL,LIMIT,1701965741791,2389,0.2010988
1000LUNCUSDT,SELL,LIMIT,1701965751325,24351,0.2011516
1000LUNCUSDT,SELL,LIMIT,1701965756225,2431,0.2011283
1000LUNCUSDT,SELL,LIMIT,1701965757736,477,0.2009961
1000LUNCUSDT,SELL,LIMIT,1701965759515,1914,0.2010494
1000LUNCUSDT,SELL,LIMIT,1701965760699,1664,0.2009410
1000LUNCUSDT,SELL,LIMIT,1701965763226,43,0.2009293
1000LUNCUSDT,SELL,LIMIT,1701965764344,296,0.2007369
1000LUNCUSDT,SELL,LIMIT,1701965766668,6930,0.2006297
1000LUNCUSDT,SELL,LIMIT,1701965769066,292,0.2005989
1000LUNCUSDT,SELL,LIMIT,1701965770076,6041,0.2005684
1000LUNCUSDT,SELL,LIMIT,1701965771107,4266,0.2005572
1000LUNCUSDT,SELL,LIMIT,1701965772205,2855,0.2004428
1000LUNCUSDT,SELL,LIMIT,1701965776338,634,0.2002779
1000LUNCUSDT,SELL,LIMIT,1701965779274,20611,0.2001459
1000LUNCUSDT,SELL,LIMIT,1701965780381,4415,0.1999930
1000LUNCUSDT,SELL,LIMIT,1701965781431,207,0.1996416
1000LUNCUSDT,SELL,LIMIT,1701965782551,120,0.1996555
1000LUNCUSDT,SELL,LIMIT,1701965784080,208,0.1995064
1000LUNCUSDT,SELL,LIMIT,1701965785144,200,0.1994190
1000LUNCUSDT,SELL,LIMIT,1701965834063,352,0.1993539
1000LUNCUSDT,SELL,LIMIT,1701965835117,24075,0.1993242
1000LUNCUSDT,SELL,LIMIT,1701965836142,5254,0.1992308
1000LUNCUSDT,SELL,LIMIT,1701965837570,888,0.1992266
1000LUNCUSDT,SELL,LIMIT,1701965840248,40000,0.1979604
1000LUNCUSDT,SELL,LIMIT,1701965842177,4266,0.1990387
1000LUNCUSDT,SELL,LIMIT,1701965844143,3588,0.1989604
1000LUNCUSDT,SELL,LIMIT,1701965845345,182,0.1989969
1000LUNCUSDT,SELL,LIMIT,1701965851147,2003,0.1989028
1000LUNCUSDT,BUY,LIMIT,1701966123981,5646,0.2061105
1000LUNCUSDT,SELL,LIMIT,1701966517894,429,0.2000314
1000LUNCUSDT,SELL,LIMIT,1701966520189,269,0.1998885
1000LUNCUSDT,BUY,LIMIT,1701966957505,5603,0.2062549
1000LUNCUSDT,BUY,LIMIT,1701966965097,12502,0.2066601
1000LUNCUSDT,BUY,LIMIT,1701966967776,188,0.2068011
1000LUNCUSDT,BUY,LIMIT,1701966970208,425,0.2068733
1000LUNCUSDT,SELL,LIMIT,1701967468898,2686,0.2006716
1000LUNCUSDT,SELL,LIMIT,1701967547319,200,0.2002351
1000LUNCUSDT,SELL,LIMIT,1701967613451,561,0.1999608
1000LUNCUSDT,SELL,LIMIT,1701967755294,2677,0.1997526
1000LUNCUSDT,SELL,LIMIT,1701967757807,424,0.1997286
1000LUNCUSDT,BUY,LIMIT,1701968156012,199,0.2060816
1000LUNCUSDT,BUY,LIMIT,1701968160430,309,0.2061695
1000LUNCUSDT,SELL,LIMIT,1701968188401,800,0.2028889
1000LUNCUSDT,BUY,LIMIT,1701968189446,55,0.2064754
1000LUNCUSDT,BUY,LIMIT,1701968477371,1768,0.2062653
1000LUNCUSDT,BUY,LIMIT,1701968651823,13663,0.2073813
1000LUNCUSDT,BUY,LIMIT,1701968722050,975,0.2075301
1000LUNCUSDT,BUY,LIMIT,1701968726228,1405,0.2075910
1000LUNCUSDT,BUY,LIMIT,1701968823263,1830,0.2080177
1000LUNCUSDT,BUY,LIMIT,1701969044737,1230,0.2085410
1000LUNCUSDT,BUY,LIMIT,1701969052615,272,0.2087539
1000LUNCUSDT,BUY,LIMIT,1701969177074,1000,0.2090786
1000LUNCUSDT,BUY,LIMIT,1701969186644,1109,0.2094355
1000LUNCUSDT,BUY,LIMIT,1701969188815,61,0.2096032
1000LUNCUSDT,BUY,LIMIT,1701969233400,20821,0.2101023
1000LUNCUSDT,BUY,LIMIT,1701969245261,6038,0.2103167
1000LUNCUSDT,BUY,LIMIT,1701969247290,5968,0.2103743
1000LUNCUSDT,SELL,LIMIT,1701969458261,116,0.2033956
1000LUNCUSDT,SELL,LIMIT,1701970938302,16953,0.2038939
1000LUNCUSDT,SELL,LIMIT,1701971044434,5557,0.2026069
1000LUNCUSDT,SELL,LIMIT,1701971046260,154,0.2022644
1000LUNCUSDT,SELL,LIMIT,1701971047424,368,0.2021937
1000LUNCUSDT,SELL,LIMIT,1701971061484,275,0.2022274
1000LUNCUSDT,SELL,LIMIT,1701974058933,1003,0.2057348
1000LUNCUSDT,SELL,LIMIT,1701974145091,2318,0.2021174
1000LUNCUSDT,SELL,LIMIT,1701974178428,1455,0.2020538
1000LUNCUSDT,SELL,LIMIT,1701974198224,922,0.2019774
1000LUNCUSDT,SELL,LIMIT,1701974210110,442,0.2019490
1000LUNCUSDT,SELL,LIMIT,1701974223170,2793,0.2018887
1000LUNCUSDT,SELL,LIMIT,1701974225386,1104,0.2018527
1000LUNCUSDT,SELL,LIMIT,1701974228355,8843,0.2017423
1000LUNCUSDT,SELL,LIMIT,1701974247560,720,0.2016054
1000LUNCUSDT,SELL,LIMIT,1701974273895,4790,0.2015177
1000LUNCUSDT,SELL,LIMIT,1701974303071,1473,0.2013166
1000LUNCUSDT,SELL,LIMIT,1701975906616,1225,0.2012065
1000LUNCUSDT,SELL,LIMIT,1701975916810,6754,0.2011799
1000LUNCUSDT,SELL,LIMIT,1701976045281,8255,0.2011248
1000LUNCUSDT,SELL,LIMIT,1701976050540,27,0.2009781
1000LUNCUSDT,SELL,LIMIT,1701976052001,6097,0.2009410
1000LUNCUSDT,SELL,LIMIT,1701976280049,222,0.2006052
1000LUNCUSDT,SELL,LIMIT,1701976281335,300,0.2006684
1000LUNCUSDT,SELL,LIMIT,1701976452351,671,0.2007424
1000LUNCUSDT,SELL,LIMIT,1701976865844,24310,0.2007622
1000LUNCUSDT,SELL,LIMIT,1701977106954,640,0.2004650
1000LUNCUSDT,SELL,LIMIT,1701977109394,548,0.2003306
1000LUNCUSDT,SELL,LIMIT,1701977112324,2062,0.2002810
1000LUNCUSDT,SELL,LIMIT,1701977167145,24817,0.2002354
1000LUNCUSDT,SELL,LIMIT,1701977169355,363,0.2001570
1000LUNCUSDT,SELL,LIMIT,1701977296319,476,0.2000791
1000LUNCUSDT,SELL,LIMIT,1701977299104,63,0.1999381
1000LUNCUSDT,SELL,LIMIT,1701977300268,24509,0.1996732
1000LUNCUSDT,SELL,LIMIT,1701977301409,2953,0.1996026
1000LUNCUSDT,SELL,LIMIT,1701977302628,24311,0.1995875
1000LUNCUSDT,SELL,LIMIT,1701977306256,710,0.1995367
1000LUNCUSDT,SELL,LIMIT,1701977315375,2207,0.1994389
1000LUNCUSDT,BUY,LIMIT,1701979438478,185,0.2055461
1000LUNCUSDT,BUY,LIMIT,1701979604809,26,0.2061219
1000LUNCUSDT,SELL,LIMIT,1701981215890,643,0.2002078
1000LUNCUSDT,SELL,LIMIT,1701981484418,338,0.2000286
1000LUNCUSDT,SELL,LIMIT,1701981524206,6178,0.1996673
1000LUNCUSDT,SELL,LIMIT,1701981540440,1181,0.1994316
1000LUNCUSDT,SELL,LIMIT,1701981542679,139,0.1993173
1000LUNCUSDT,SELL,LIMIT,1701981546486,729,0.1992871
1000LUNCUSDT,SELL,LIMIT,1701981550802,361,0.1992401
1000LUNCUSDT,SELL,LIMIT,1701981552472,8850,0.1992245
1000LUNCUSDT,SELL,LIMIT,1701981553514,14253,0.1991615
1000LUNCUSDT,SELL,LIMIT,1701981554870,184,0.1992307
1000LUNCUSDT,SELL,LIMIT,1701981579599,7428,0.1991392
1000LUNCUSDT,SELL,LIMIT,1701981581731,2774,0.1991305
1000LUNCUSDT,SELL,LIMIT,1701981591228,2606,0.1990023
1000LUNCUSDT,SELL,LIMIT,1701981592263,834,0.1987576
1000LUNCUSDT,SELL,LIMIT,1701981593491,203,0.1986753
1000LUNCUSDT,SELL,LIMIT,1701981594600,80,0.1986611
1000LUNCUSDT,SELL,LIMIT,1701981621299,7835,0.1986238
1000LUNCUSDT,SELL,LIMIT,1701981622470,7782,0.1986010
1000LUNCUSDT,SELL,LIMIT,1701981623660,585,0.1984714
1000LUNCUSDT,SELL,LIMIT,1701981624899,62,0.1983680
1000LUNCUSDT,SELL,LIMIT,1701981627075,176,0.1982778
1000LUNCUSDT,BUY,LIMIT,1701981776796,11,0.2033614
1000LUNCUSDT,BUY,LIMIT,1701981831139,1283,0.2037044
1000LUNCUSDT,BUY,LIMIT,1701982648764,7456,0.2045724
1000LUNCUSDT,BUY,LIMIT,1701983873813,1730,0.2058094
1000LUNCUSDT,BUY,LIMIT,1701983886276,16959,0.2061104
1000LUNCUSDT,BUY,LIMIT,1701983930306,1377,0.2063934
1000LUNCUSDT,BUY,LIMIT,1701983947234,6202,0.2064786
1000LUNCUSDT,BUY,LIMIT,1701984404196,7246,0.2065604
1000LUNCUSDT,BUY,LIMIT,1701984412547,503,0.2067105
1000LUNCUSDT,BUY,LIMIT,1701984414851,1780,0.2067341
1000LUNCUSDT,SELL,LIMIT,1701984584314,276,0.2027925
1000LUNCUSDT,BUY,LIMIT,1701984597276,985,0.2068973
1000LUNCUSDT,BUY,LIMIT,1701984613711,3248,0.2069530
1000LUNCUSDT,BUY,LIMIT,1701984615284,951,0.2069975
1000LUNCUSDT,BUY,LIMIT,1701984618190,12688,0.2070996
1000LUNCUSDT,BUY,LIMIT,1701984660253,491,0.2072391
1000LUNCUSDT,BUY,LIMIT,1701984767311,4407,0.2073440
1000LUNCUSDT,BUY,LIMIT,1701984770999,7897,0.2074712
1000LUNCUSDT,BUY,LIMIT,1701984773129,3684,0.2075097
1000LUNCUSDT,BUY,LIMIT,1701984780509,1748,0.2076897
1000LUNCUSDT,BUY,LIMIT,1701984814020,18309,0.2078007
1000LUNCUSDT,SELL,LIMIT,1701985134419,271,0.2036726
1000LUNCUSDT,BUY,LIMIT,1701985151053,56,0.2079773
1000LUNCUSDT,BUY,LIMIT,1701985153962,3157,0.2080630
1000LUNCUSDT,BUY,LIMIT,1701985155850,6243,0.2081076
1000LUNCUSDT,BUY,LIMIT,1701985176642,8159,0.2083048
1000LUNCUSDT,BUY,LIMIT,1701985179721,58,0.2083448
1000LUNCUSDT,BUY,LIMIT,1701985191599,12700,0.2084611
1000LUNCUSDT,BUY,LIMIT,1701985198729,58,0.2085320
1000LUNCUSDT,SELL,LIMIT,1701986693221,234,0.2016885
1000LUNCUSDT,SELL,LIMIT,1701986700410,6490,0.2013805
1000LUNCUSDT,SELL,LIMIT,1701986731143,581,0.2013503
1000LUNCUSDT,SELL,LIMIT,1701986740741,3903,0.2011847
1000LUNCUSDT,SELL,LIMIT,1701986742117,190,0.2009939
1000LUNCUSDT,SELL,LIMIT,1701986868513,724,0.2006963
1000LUNCUSDT,SELL,LIMIT,1701986881468,675,0.2005687
1000LUNCUSDT,SELL,LIMIT,1701986993429,17532,0.2004313
1000LUNCUSDT,SELL,LIMIT,1701987002389,4968,0.2003638
1000LUNCUSDT,SELL,LIMIT,1701987473663,39,0.1999727
1000LUNCUSDT,SELL,LIMIT,1701987475105,951,0.1996978
1000LUNCUSDT,SELL,LIMIT,1701987559601,3,0.3372898
1000LUNCUSDT,SELL,LIMIT,1701987574033,20595,0.1996828
1000LUNCUSDT,SELL,LIMIT,1701987575071,1196,0.1995360
1000LUNCUSDT,SELL,LIMIT,1701987584065,8991,0.1994911
1000LUNCUSDT,SELL,LIMIT,1701987592155,23753,0.1991485
1000LUNCUSDT,SELL,LIMIT,1701987593159,1144,0.1991009
1000LUNCUSDT,SELL,LIMIT,1701987595409,5195,0.1991311
1000LUNCUSDT,SELL,LIMIT,1701987677979,97,0.1989648
1000LUNCUSDT,SELL,LIMIT,1701987769094,2909,0.1986727
1000LUNCUSDT,SELL,LIMIT,1701987784021,292,0.1984852
1000LUNCUSDT,SELL,LIMIT,1701987882115,434,0.1983425
1000LUNCUSDT,SELL,LIMIT,1701987899449,297,0.1983000
1000LUNCUSDT,SELL,LIMIT,1701987910528,3093,0.1982166
1000LUNCUSDT,SELL,LIMIT,1701988302779,1029,0.1988047
1000LUNCUSDT,SELL,LIMIT,1701988338600,15580,0.1981070
1000LUNCUSDT,SELL,LIMIT,1701988340894,858,0.1980569
1000LUNCUSDT,SELL,LIMIT,1701988341981,720,0.1979332
1000LUNCUSDT,SELL,LIMIT,1701988343049,318,0.1978547
1000LUNCUSDT,SELL,LIMIT,1701988344064,79,0.1976930
1000LUNCUSDT,SELL,LIMIT,1701988345194,1400,0.1974072
1000LUNCUSDT,SELL,LIMIT,1701988353573,15949,0.1980107
1000LUNCUSDT,SELL,LIMIT,1701988381196,55,0.1973498
1000LUNCUSDT,SELL,LIMIT,1701988382216,1036,0.1972635
1000LUNCUSDT,SELL,LIMIT,1701988383227,1098,0.1968011
1000LUNCUSDT,SELL,LIMIT,1701988386111,455,0.1964547
1000LUNCUSDT,SELL,LIMIT,1701988399111,810,0.1965471
1000LUNCUSDT,SELL,LIMIT,1701988402981,27854,0.1961318
1000LUNCUSDT,SELL,LIMIT,1701988403988,1852,0.1963711
1000LUNCUSDT,SELL,LIMIT,1701988405391,13367,0.1962662
1000LUNCUSDT,SELL,LIMIT,1701988406677,370,0.1960795
1000LUNCUSDT,SELL,LIMIT,1701988408135,309,0.1960351
1000LUNCUSDT,SELL,LIMIT,1701988409296,24,0.1960126
1000LUNCUSDT,SELL,LIMIT,1701988453623,2406,0.1964209
1000LUNCUSDT,BUY,LIMIT,1701989458343,125,0.1871064
1000LUNCUSDT,BUY,LIMIT,1701990186336,1082,0.2040342
1000LUNCUSDT,SELL,LIMIT,1701991036469,201,0.1983961
1000LUNCUSDT,SELL,LIMIT,1701991708175,4384,0.1979750
1000LUNCUSDT,SELL,LIMIT,1701991769142,326,0.1975709
1000LUNCUSDT,SELL,LIMIT,1701992513172,586,0.1986213
1000LUNCUSDT,BUY,LIMIT,1701993668128,2373,0.2024907
1000LUNCUSDT,SELL,LIMIT,1701993681671,24,0.1979323
1000LUNCUSDT,SELL,LIMIT,1701993707084,570,0.1973854
1000LUNCUSDT,SELL,LIMIT,1701993723083,9381,0.1972341
1000LUNCUSDT,SELL,LIMIT,1701993737321,11873,0.1971323
1000LUNCUSDT,SELL,LIMIT,1701993741096,14247,0.1970998
1000LUNCUSDT,SELL,LIMIT,1701993758323,201,0.1968047
1000LUNCUSDT,SELL,LIMIT,1701993759344,1180,0.1968714
1000LUNCUSDT,SELL,LIMIT,1701993768460,1579,0.1967781
1000LUNCUSDT,SELL,LIMIT,1701993853110,101,0.1966986
1000LUNCUSDT,SELL,LIMIT,1701993856951,1125,0.1966647
1000LUNCUSDT,SELL,LIMIT,1701993861214,492,0.1966388
1000LUNCUSDT,SELL,LIMIT,1701993868447,5933,0.1966025
1000LUNCUSDT,SELL,LIMIT,1701993869490,1189,0.1965555
1000LUNCUSDT,SELL,LIMIT,1701993879374,409,0.1964936
1000LUNCUSDT,SELL,LIMIT,1701993883426,4973,0.1964682
1000LUNCUSDT,SELL,LIMIT,1701993902978,950,0.1964090
1000LUNCUSDT,SELL,LIMIT,1701993905078,12378,0.1963869
1000LUNCUSDT,BUY,LIMIT,1701994072617,1391,0.2017985
1000LUNCUSDT,SELL,LIMIT,1701994148383,1272,0.1986892
1000LUNCUSDT,BUY,LIMIT,1701995003068,2160,0.2029576
1000LUNCUSDT,BUY,LIMIT,1701995065095,622,0.2032147
1000LUNCUSDT,BUY,LIMIT,1701996231133,25015,0.2037433
1000LUNCUSDT,BUY,LIMIT,1701996240804,5746,0.2038177
1000LUNCUSDT,BUY,LIMIT,1701996486884,1052,0.2041975
1000LUNCUSDT,BUY,LIMIT,1701996691882,992,0.2045353
1000LUNCUSDT,SELL,LIMIT,1701997433213,1336,0.1985789
1000LUNCUSDT,SELL,LIMIT,1701997724680,9801,0.1981688
1000LUNCUSDT,SELL,LIMIT,1701998346363,223,0.1998662
1000LUNCUSDT,BUY,LIMIT,1701998383228,7494,0.2040427
1000LUNCUSDT,BUY,LIMIT,1701998790287,917,0.2046887
1000LUNCUSDT,BUY,LIMIT,1702000331194,2896,0.2052717
1000LUNCUSDT,BUY,LIMIT,1702002035521,180,0.2061467
1000LUNCUSDT,SELL,LIMIT,1702002255617,1300,0.2006731
1000LUNCUSDT,SELL,LIMIT,1702002729575,24045,0.2014572
1000LUNCUSDT,SELL,LIMIT,1702003057510,2242,0.2001257
1000LUNCUSDT,SELL,LIMIT,1702003174659,24474,0.2000388
1000LUNCUSDT,SELL,LIMIT,1702003332696,5607,0.1995276
1000LUNCUSDT,SELL,LIMIT,1702003440199,362,0.1994547
1000LUNCUSDT,SELL,LIMIT,1702003635430,420,0.1993253
1000LUNCUSDT,SELL,LIMIT,1702003640495,595,0.1992829
1000LUNCUSDT,SELL,LIMIT,1702003642958,1475,0.1992088
1000LUNCUSDT,SELL,LIMIT,1702003651479,2409,0.1990917
1000LUNCUSDT,SELL,LIMIT,1702003653456,2115,0.1996811
1000LUNCUSDT,SELL,LIMIT,1702003658275,3250,0.1990012
1000LUNCUSDT,SELL,LIMIT,1702003662363,313,0.1987984
1000LUNCUSDT,SELL,LIMIT,1702003672735,739,0.1987413
1000LUNCUSDT,SELL,LIMIT,1702003674509,24,0.1985974
1000LUNCUSDT,SELL,LIMIT,1702003677662,17459,0.1984920
1000LUNCUSDT,BUY,LIMIT,1702003699189,199,0.1836173
1000LUNCUSDT,SELL,LIMIT,1702003728983,3000,0.1983982
1000LUNCUSDT,SELL,LIMIT,1702004556583,1242,0.1989736
1000LUNCUSDT,SELL,LIMIT,1702004685746,4690,0.1982853
1000LUNCUSDT,SELL,LIMIT,1702004690956,197,0.1981995
1000LUNCUSDT,SELL,LIMIT,1702005085470,2873,0.1981882
1000LUNCUSDT,SELL,LIMIT,1702005186798,25,0.1980029
1000LUNCUSDT,SELL,LIMIT,1702005189069,3700,0.1975752
1000LUNCUSDT,SELL,LIMIT,1702005196404,3876,0.1975387
1000LUNCUSDT,BUY,LIMIT,1702005342708,29180,0.2030242
1000LUNCUSDT,BUY,LIMIT,1702005864154,4646,0.2041322
1000LUNCUSDT,SELL,LIMIT,1702006401375,3723,0.1974264
1000LUNCUSDT,SELL,LIMIT,1702006403327,244,0.1974013
1000LUNCUSDT,SELL,LIMIT,1702006428006,24968,0.1972973
1000LUNCUSDT,SELL,LIMIT,1702006455427,4964,0.1972265
1000LUNCUSDT,SELL,LIMIT,1702006460094,549,0.1970217
1000LUNCUSDT,SELL,LIMIT,1702006467305,54,0.1981619
1000LUNCUSDT,SELL,LIMIT,1702006512173,383,0.1967955
1000LUNCUSDT,SELL,LIMIT,1702006541403,2482,0.1967351
1000LUNCUSDT,SELL,LIMIT,1702006615490,346,0.1965211
1000LUNCUSDT,SELL,LIMIT,1702006638295,6351,0.1964517
1000LUNCUSDT,SELL,LIMIT,1702006640020,10110,0.1964261
1000LUNCUSDT,SELL,LIMIT,1702006707065,469,0.1962703
1000LUNCUSDT,SELL,LIMIT,1702006708373,1305,0.1962558
1000LUNCUSDT,SELL,LIMIT,1702006806088,107,0.1961068
1000LUNCUSDT,SELL,LIMIT,1702006807119,1405,0.1959906
1000LUNCUSDT,SELL,LIMIT,1702006808134,367,0.1957971
1000LUNCUSDT,SELL,LIMIT,1702006809139,1557,0.1957668
1000LUNCUSDT,SELL,LIMIT,1702006810906,2031,0.1956541
1000LUNCUSDT,SELL,LIMIT,1702006812240,47876,0.1941543
1000LUNCUSDT,SELL,LIMIT,1702006813727,4660,0.1954442
1000LUNCUSDT,SELL,LIMIT,1702006815192,13462,0.1954036
1000LUNCUSDT,SELL,LIMIT,1702006816258,92,0.1954182
1000LUNCUSDT,SELL,LIMIT,1702006817475,14737,0.1953693
1000LUNCUSDT,SELL,LIMIT,1702006818484,4667,0.1951820
1000LUNCUSDT,SELL,LIMIT,1702006820113,128,0.1950888
1000LUNCUSDT,SELL,LIMIT,1702006821146,1778,0.1950131
1000LUNCUSDT,SELL,LIMIT,1702006822288,38,0.1950160
1000LUNCUSDT,BUY,LIMIT,1702007469838,1275,0.2020418
1000LUNCUSDT,BUY,LIMIT,1702007474465,13183,0.2023095
1000LUNCUSDT,BUY,LIMIT,1702007741217,380,0.2034840
1000LUNCUSDT,BUY,LIMIT,1702007771343,120,0.2038321
1000LUNCUSDT,BUY,LIMIT,1702007805037,4852,0.2042994
1000LUNCUSDT,BUY,LIMIT,1702007807787,1981,0.2043905
1000LUNCUSDT,BUY,LIMIT,1702007809116,41,0.2045728
1000LUNCUSDT,BUY,LIMIT,1702008883562,2654,0.2028973
1000LUNCUSDT,BUY,LIMIT,1702009118631,4486,0.2045422
1000LUNCUSDT,SELL,LIMIT,1702009533810,1071,0.2004256
1000LUNCUSDT,BUY,LIMIT,1702009781395,3464,0.2049939
1000LUNCUSDT,BUY,LIMIT,1702009827298,50,0.2050666
1000LUNCUSDT,BUY,LIMIT,1702009986637,3355,0.2052593
1000LUNCUSDT,BUY,LIMIT,1702011310515,1506,0.2050622
1000LUNCUSDT,BUY,LIMIT,1702011318467,1112,0.2051927
1000LUNCUSDT,BUY,LIMIT,1702011745820,477,0.2055730
1000LUNCUSDT,BUY,LIMIT,1702011756075,53,0.2057373
1000LUNCUSDT,BUY,LIMIT,1702011786438,70,0.2058284
1000LUNCUSDT,BUY,LIMIT,1702011810485,21437,0.2059968
1000LUNCUSDT,BUY,LIMIT,1702011826801,129,0.2061392
1000LUNCUSDT,BUY,LIMIT,1702011954218,460,0.2063167
1000LUNCUSDT,BUY,LIMIT,1702011956768,3608,0.2061348
1000LUNCUSDT,BUY,LIMIT,1702012287891,203,0.2066849
1000LUNCUSDT,BUY,LIMIT,1702012289001,133,0.2068259
1000LUNCUSDT,BUY,LIMIT,1702012305341,346,0.2069970
1000LUNCUSDT,BUY,LIMIT,1702012314626,483,0.2072039
1000LUNCUSDT,BUY,LIMIT,1702012320213,6064,0.2072290
1000LUNCUSDT,BUY,LIMIT,1702012321565,76,0.2073771
1000LUNCUSDT,BUY,LIMIT,1702012724821,2574,0.2074403
1000LUNCUSDT,BUY,LIMIT,1702012825768,39006,0.2086581
1000LUNCUSDT,BUY,LIMIT,1702012827888,24886,0.2076434
1000LUNCUSDT,BUY,LIMIT,1702012828963,207,0.2076580
1000LUNCUSDT,BUY,LIMIT,1702012831443,788,0.2078089
1000LUNCUSDT,BUY,LIMIT,1702012832480,13798,0.2078194
1000LUNCUSDT,BUY,LIMIT,1702012835915,35876,0.2089104
1000LUNCUSDT,BUY,LIMIT,1702012903172,781,0.2080041
1000LUNCUSDT,BUY,LIMIT,1702012908339,8681,0.2081174
1000LUNCUSDT,BUY,LIMIT,1702012912996,3055,0.2084617
1000LUNCUSDT,BUY,LIMIT,1702012999211,1736,0.2087295
1000LUNCUSDT,BUY,LIMIT,1702013000323,1000,0.2087002
1000LUNCUSDT,BUY,LIMIT,1702013021488,120,0.2088509
1000LUNCUSDT,BUY,LIMIT,1702013056404,1192,0.2088924
1000LUNCUSDT,BUY,LIMIT,1702013061201,993,0.2091025
1000LUNCUSDT,BUY,LIMIT,1702013062560,8285,0.2093624
1000LUNCUSDT,BUY,LIMIT,1702013066073,24681,0.2096860
1000LUNCUSDT,BUY,LIMIT,1702013071356,152,0.2096470
1000LUNCUSDT,BUY,LIMIT,1702013074334,738,0.2097451
1000LUNCUSDT,BUY,LIMIT,1702013327008,129,0.2099750
1000LUNCUSDT,BUY,LIMIT,1702013375643,785,0.2099926
1000LUNCUSDT,BUY,LIMIT,1702013377318,28120,0.2105906
1000LUNCUSDT,BUY,LIMIT,1702013380453,10806,0.2102517
1000LUNCUSDT,BUY,LIMIT,1702013381586,8894,0.2103391
1000LUNCUSDT,BUY,LIMIT,1702013385297,9766,0.2104333
1000LUNCUSDT,BUY,LIMIT,1702013698657,3922,0.2105384
1000LUNCUSDT,BUY,LIMIT,1702013703484,3934,0.2106702
1000LUNCUSDT,BUY,LIMIT,1702013706661,1709,0.2108587
1000LUNCUSDT,BUY,LIMIT,1702013708352,223,0.2110098
1000LUNCUSDT,BUY,LIMIT,1702013711379,43991,0.2126224
1000LUNCUSDT,BUY,LIMIT,1702013714227,3424,0.2113290
1000LUNCUSDT,BUY,LIMIT,1702013716274,3348,0.2114170
1000LUNCUSDT,BUY,LIMIT,1702013721828,22104,0.2116134
1000LUNCUSDT,BUY,LIMIT,1702013722857,118,0.2117195
1000LUNCUSDT,BUY,LIMIT,1702013730170,910,0.2120807
1000LUNCUSDT,BUY,LIMIT,1702013731215,5844,0.2120700
1000LUNCUSDT,BUY,LIMIT,1702013735264,3517,0.2122714
1000LUNCUSDT,BUY,LIMIT,1702013736376,1371,0.2122602
1000LUNCUSDT,BUY,LIMIT,1702013740087,8737,0.2125955
1000LUNCUSDT,BUY,LIMIT,1702013743653,3142,0.2128579
1000LUNCUSDT,BUY,LIMIT,1702013747387,240,0.2130044
1000LUNCUSDT,BUY,LIMIT,1702013754007,100,0.2133415
1000LUNCUSDT,BUY,LIMIT,1702013759003,8057,0.2134791
1000LUNCUSDT,BUY,LIMIT,1702013760489,74,0.2135061
1000LUNCUSDT,BUY,LIMIT,1702013762420,590,0.2137618
1000LUNCUSDT,BUY,LIMIT,1702013763534,24649,0.2139680
1000LUNCUSDT,BUY,LIMIT,1702013765312,318,0.2139583
1000LUNCUSDT,BUY,LIMIT,1702013766457,86,0.2140085
1000LUNCUSDT,BUY,LIMIT,1702013798991,427,0.2141988
1000LUNCUSDT,BUY,LIMIT,1702013843521,25,0.2142881
1000LUNCUSDT,BUY,LIMIT,1702013847039,38,0.2142746
1000LUNCUSDT,BUY,LIMIT,1702013848199,14172,0.2144003
1000LUNCUSDT,BUY,LIMIT,1702013851485,1985,0.2145447
1000LUNCUSDT,BUY,LIMIT,1702013855747,293,0.2147702
1000LUNCUSDT,BUY,LIMIT,1702013857313,416,0.2148579
1000LUNCUSDT,BUY,LIMIT,1702013859606,1656,0.2150084
1000LUNCUSDT,SELL,LIMIT,1702013943131,21387,0.2079498
1000LUNCUSDT,SELL,LIMIT,1702013944323,432,0.2077018
1000LUNCUSDT,SELL,LIMIT,1702013945390,7083,0.2075673
1000LUNCUSDT,SELL,LIMIT,1702013950178,23378,0.2070685
1000LUNCUSDT,SELL,LIMIT,1702013951612,389,0.2069543
1000LUNCUSDT,SELL,LIMIT,1702014080524,1262,0.2062759
1000LUNCUSDT,SELL,LIMIT,1702014140302,1404,0.2054558
1000LUNCUSDT,SELL,LIMIT,1702014190376,614,0.2053609
1000LUNCUSDT,SELL,LIMIT,1702015365335,229,0.2048207
1000LUNCUSDT,SELL,LIMIT,1702015373101,622,0.2045777
1000LUNCUSDT,SELL,LIMIT,1702015443260,4449,0.2043212
1000LUNCUSDT,SELL,LIMIT,1702015444277,370,0.2043182
1000LUNCUSDT,SELL,LIMIT,1702015447475,18134,0.2042710
1000LUNCUSDT,SELL,LIMIT,1702015451432,5570,0.2041316
1000LUNCUSDT,SELL,LIMIT,1702015917306,1569,0.2037037
1000LUNCUSDT,SELL,LIMIT,1702015920159,13709,0.2033560
1000LUNCUSDT,BUY,LIMIT,1702017113050,149,0.2070935
1000LUNCUSDT,BUY,LIMIT,1702017128241,1398,0.2073916
1000LUNCUSDT,SELL,LIMIT,1702017225329,3349,0.2041692
1000LUNCUSDT,SELL,LIMIT,1702017499053,151,0.2030809
1000LUNCUSDT,SELL,LIMIT,1702017501135,2180,0.2029877
1000LUNCUSDT,SELL,LIMIT,1702017502472,7374,0.2028515
1000LUNCUSDT,SELL,LIMIT,1702017525892,39706,0.2014565
1000LUNCUSDT,SELL,LIMIT,1702017527183,5361,0.2025967
1000LUNCUSDT,SELL,LIMIT,1702019175013,7256,0.2024553
1000LUNCUSDT,SELL,LIMIT,1702019177249,3528,0.2022977
1000LUNCUSDT,SELL,LIMIT,1702019450219,889,0.2019864
1000LUNCUSDT,SELL,LIMIT,1702019477200,319,0.2018728
1000LUNCUSDT,SELL,LIMIT,1702019478253,4859,0.2017126
1000LUNCUSDT,SELL,LIMIT,1702019479350,28,0.2018285
1000LUNCUSDT,SELL,LIMIT,1702019483572,3161,0.2014980
1000LUNCUSDT,SELL,LIMIT,1702019487143,1347,0.2014678
1000LUNCUSDT,SELL,LIMIT,1702020223161,176,0.2029255
1000LUNCUSDT,SELL,LIMIT,1702020643221,24,0.2014521
1000LUNCUSDT,SELL,LIMIT,1702020653560,57,0.2012908
1000LUNCUSDT,SELL,LIMIT,1702020660411,61,0.2010950
1000LUNCUSDT,SELL,LIMIT,1702020662428,977,0.2010853
1000LUNCUSDT,SELL,LIMIT,1702020663646,1513,0.2010166
1000LUNCUSDT,SELL,LIMIT,1702020666608,23463,0.2008001
1000LUNCUSDT,SELL,LIMIT,1702021929785,4883,0.2005578
1000LUNCUSDT,SELL,LIMIT,1702022156239,1180,0.2003161
1000LUNCUSDT,SELL,LIMIT,1702022157931,7242,0.2002217
1000LUNCUSDT,SELL,LIMIT,1702022163063,11707,0.2002258
1000LUNCUSDT,SELL,LIMIT,1702022164152,4173,0.2001135
1000LUNCUSDT,SELL,LIMIT,1702022368459,246,0.2000923
1000LUNCUSDT,SELL,LIMIT,1702022372865,6815,0.2000694
1000LUNCUSDT,SELL,LIMIT,1702022377811,49,0.1999600
1000LUNCUSDT,SELL,LIMIT,1702022380148,24198,0.1996216
1000LUNCUSDT,SELL,LIMIT,1702022383365,814,0.1995381
1000LUNCUSDT,SELL,LIMIT,1702022384496,5000,0.1994881
1000LUNCUSDT,SELL,LIMIT,1702022806266,371,0.1992882
1000LUNCUSDT,SELL,LIMIT,1702022807269,17676,0.1992748
1000LUNCUSDT,SELL,LIMIT,1702022844417,1165,0.1991188
1000LUNCUSDT,SELL,LIMIT,1702022847879,2865,0.1990597
1000LUNCUSDT,SELL,LIMIT,1702023030349,953,0.1988873
1000LUNCUSDT,SELL,LIMIT,1702023032066,28,0.1986772
1000LUNCUSDT,SELL,LIMIT,1702023033110,12074,0.1986788
1000LUNCUSDT,SELL,LIMIT,1702023034285,217,0.1984992
1000LUNCUSDT,BUY,LIMIT,1702024418471,9958,0.2047236
1000LUNCUSDT,BUY,LIMIT,1702026362561,147,0.2054080
1000LUNCUSDT,BUY,LIMIT,1702026842098,957,0.2054609
1000LUNCUSDT,BUY,LIMIT,1702026938694,37,0.2056426
1000LUNCUSDT,SELL,LIMIT,1702029667061,1911,0.1987861
1000LUNCUSDT,SELL,LIMIT,1702029668393,216,0.1987977
1000LUNCUSDT,BUY,LIMIT,1702029699017,490,0.2029393
1000LUNCUSDT,SELL,LIMIT,1702029720059,202,0.1986965
1000LUNCUSDT,SELL,LIMIT,1702029721260,2808,0.1986227
1000LUNCUSDT,SELL,LIMIT,1702029825216,1024,0.1984912
1000LUNCUSDT,BUY,LIMIT,1702030057495,4847,0.2023586
1000LUNCUSDT,BUY,LIMIT,1702030755059,7000,0.2044543
1000LUNCUSDT,SELL,LIMIT,1702030842279,803,0.2002793
1000LUNCUSDT,BUY,LIMIT,1702033353193,24794,0.2059821
1000LUNCUSDT,BUY,LIMIT,1702033357215,44,0.2061327
1000LUNCUSDT,BUY,LIMIT,1702033378385,235,0.2062293
1000LUNCUSDT,BUY,LIMIT,1702033422201,134,0.2059659
1000LUNCUSDT,BUY,LIMIT,1702034616241,2147,0.2043098
1000LUNCUSDT,BUY,LIMIT,1702034783067,4904,0.2059934
1000LUNCUSDT,SELL,LIMIT,1702034923316,5,0.2014390
1000LUNCUSDT,SELL,LIMIT,1702035164063,5,0.2011509
1000LUNCUSDT,SELL,LIMIT,1702035235387,200,0.2022389
1000LUNCUSDT,SELL,LIMIT,1702035274172,774,0.2017912
1000LUNCUSDT,BUY,LIMIT,1702035774148,3815,0.2058173
1000LUNCUSDT,SELL,LIMIT,1702036759288,123,0.2001815
1000LUNCUSDT,SELL,LIMIT,1702036762948,1585,0.2001604
1000LUNCUSDT,SELL,LIMIT,1702036833866,113,0.2000589
1000LUNCUSDT,SELL,LIMIT,1702036840764,369,0.1999580
1000LUNCUSDT,SELL,LIMIT,1702036841914,9352,0.1998277
1000LUNCUSDT,SELL,LIMIT,1702036846501,389,0.1997731
1000LUNCUSDT,SELL,LIMIT,1702036855694,1387,0.1995101
1000LUNCUSDT,SELL,LIMIT,1702036864091,197,0.1992454
1000LUNCUSDT,SELL,LIMIT,1702036881118,1023,0.1991578
1000LUNCUSDT,SELL,LIMIT,1702036883433,24580,0.1991154
1000LUNCUSDT,SELL,LIMIT,1702036884583,1975,0.1990518
1000LUNCUSDT,SELL,LIMIT,1702036886475,303,0.1989681
1000LUNCUSDT,SELL,LIMIT,1702036889346,11713,0.1987976
1000LUNCUSDT,SELL,LIMIT,1702036896716,162,0.1987002
1000LUNCUSDT,SELL,LIMIT,1702037074754,25,0.1989802
1000LUNCUSDT,SELL,LIMIT,1702037082427,25,0.1989604
1000LUNCUSDT,SELL,LIMIT,1702037740720,145,0.1985981
1000LUNCUSDT,SELL,LIMIT,1702037754172,36287,0.1970760
1000LUNCUSDT,SELL,LIMIT,1702037755213,2038,0.1984310
1000LUNCUSDT,SELL,LIMIT,1702037756419,300,0.1976799
1000LUNCUSDT,SELL,LIMIT,1702037762541,156,0.1975849
1000LUNCUSDT,SELL,LIMIT,1702037763551,15000,0.1975736
1000LUNCUSDT,SELL,LIMIT,1702037769279,101,0.1974581
1000LUNCUSDT,SELL,LIMIT,1702037770382,1201,0.1974556
1000LUNCUSDT,BUY,LIMIT,1702039023196,725,0.2033217
1000LUNCUSDT,BUY,LIMIT,1702039024958,1268,0.2034212
1000LUNCUSDT,BUY,LIMIT,1702039886140,259,0.2041242
1000LUNCUSDT,BUY,LIMIT,1702040161549,537,0.2047116
1000LUNCUSDT,BUY,LIMIT,1702040289141,1716,0.2039780
1000LUNCUSDT,SELL,LIMIT,1702040531551,6729,0.2001479
1000LUNCUSDT,BUY,LIMIT,1702040719127,989,0.2048553
1000LUNCUSDT,BUY,LIMIT,1702041055084,994,0.2050744
1000LUNCUSDT,BUY,LIMIT,1702041095899,19048,0.2054725
1000LUNCUSDT,BUY,LIMIT,1702041185910,6410,0.2056074
1000LUNCUSDT,BUY,LIMIT,1702041201059,786,0.2060102
1000LUNCUSDT,BUY,LIMIT,1702041225455,1291,0.2065003
1000LUNCUSDT,BUY,LIMIT,1702041236362,24784,0.2067492
1000LUNCUSDT,BUY,LIMIT,1702041247622,2483,0.2070781
1000LUNCUSDT,BUY,LIMIT,1702041256079,12197,0.2071778
1000LUNCUSDT,BUY,LIMIT,1702041292855,1293,0.2074724
1000LUNCUSDT,BUY,LIMIT,1702041302378,974,0.2078169
1000LUNCUSDT,BUY,LIMIT,1702041304931,78,0.2078837
1000LUNCUSDT,BUY,LIMIT,1702041307005,8155,0.2079837
1000LUNCUSDT,BUY,LIMIT,1702041308169,2101,0.2080306
1000LUNCUSDT,BUY,LIMIT,1702041310220,28,0.2081615
1000LUNCUSDT,BUY,LIMIT,1702041332893,30,0.2088014
1000LUNCUSDT,BUY,LIMIT,1702041337445,1254,0.2088800
1000LUNCUSDT,BUY,LIMIT,1702041340248,862,0.2090070
1000LUNCUSDT,BUY,LIMIT,1702041344975,6693,0.2091747
1000LUNCUSDT,BUY,LIMIT,1702041351033,6263,0.2093580
1000LUNCUSDT,BUY,LIMIT,1702041354568,2797,0.2095391
1000LUNCUSDT,BUY,LIMIT,1702041411006,543,0.2096975
1000LUNCUSDT,BUY,LIMIT,1702041415315,178,0.2101010
1000LUNCUSDT,SELL,LIMIT,1702041548476,879,0.2039199
1000LUNCUSDT,SELL,LIMIT,1702041551259,2110,0.2032528
1000LUNCUSDT,SELL,LIMIT,1702041564715,11154,0.2029242
1000LUNCUSDT,SELL,LIMIT,1702041567285,4541,0.2029015
1000LUNCUSDT,SELL,LIMIT,1702041596109,4514,0.2026995
1000LUNCUSDT,SELL,LIMIT,1702041606762,1510,0.2021201
1000LUNCUSDT,SELL,LIMIT,1702041616831,56,0.2020607
1000LUNCUSDT,SELL,LIMIT,1702041931162,330,0.2093826
1000LUNCUSDT,SELL,LIMIT,1702042209236,14315,0.2014952
1000LUNCUSDT,SELL,LIMIT,1702042225113,111,0.2011889
1000LUNCUSDT,SELL,LIMIT,1702042233422,1443,0.2010081
1000LUNCUSDT,SELL,LIMIT,1702042238362,44,0.2272215
1000LUNCUSDT,SELL,LIMIT,1702042242407,4762,0.2007071
1000LUNCUSDT,SELL,LIMIT,1702042258941,24066,0.2006528
1000LUNCUSDT,SELL,LIMIT,1702042264591,5644,0.2005209
1000LUNCUSDT,SELL,LIMIT,1702042269333,48,0.2004592
1000LUNCUSDT,SELL,LIMIT,1702042273497,1928,0.2004355
1000LUNCUSDT,BUY,LIMIT,1702043197511,1393,0.2069691
1000LUNCUSDT,BUY,LIMIT,1702043199790,142,0.2071909
1000LUNCUSDT,SELL,LIMIT,1702043776122,265,0.2011544
1000LUNCUSDT,SELL,LIMIT,1702043778327,662,0.2009259
1000LUNCUSDT,SELL,LIMIT,1702043852282,1500,0.2004428
1000LUNCUSDT,SELL,LIMIT,1702043853443,319,0.2003786
1000LUNCUSDT,SELL,LIMIT,1702043937438,5555,0.2001648
1000LUNCUSDT,SELL,LIMIT,1702044319141,293,0.2001841
1000LUNCUSDT,SELL,LIMIT,1702044328071,46,0.2001652
1000LUNCUSDT,SELL,LIMIT,1702044404235,2947,0.1995957
1000LUNCUSDT,SELL,LIMIT,1702044410189,4113,0.1995371
1000LUNCUSDT,SELL,LIMIT,1702044413161,7911,0.1993315
1000LUNCUSDT,SELL,LIMIT,1702044417623,5734,0.1990601
1000LUNCUSDT,SELL,LIMIT,1702044421091,1780,0.1990791
1000LUNCUSDT,SELL,LIMIT,1702044422590,277,0.1990105
1000LUNCUSDT,SELL,LIMIT,1702044424379,458,0.1988722
1000LUNCUSDT,SELL,LIMIT,1702044425383,143,0.1988945
1000LUNCUSDT,SELL,LIMIT,1702044426710,9953,0.1986712
1000LUNCUSDT,SELL,LIMIT,1702044443270,8500,0.1986294
1000LUNCUSDT,BUY,LIMIT,1702044612190,116,0.2049429
1000LUNCUSDT,BUY,LIMIT,1702045222128,8297,0.2054386
1000LUNCUSDT,BUY,LIMIT,1702045348998,694,0.2067323
1000LUNCUSDT,BUY,LIMIT,1702045467166,1256,0.2076547
1000LUNCUSDT,BUY,LIMIT,1702045470204,650,0.2076761
1000LUNCUSDT,BUY,LIMIT,1702045646165,23840,0.2080780
1000LUNCUSDT,BUY,LIMIT,1702045648531,164,0.2081782
1000LUNCUSDT,SELL,LIMIT,1702046948499,27,0.2021603
1000LUNCUSDT,SELL,LIMIT,1702046956460,525,0.2020701
1000LUNCUSDT,SELL,LIMIT,1702047194043,1057,0.2023462
1000LUNCUSDT,SELL,LIMIT,1702047735885,160,0.2013234
1000LUNCUSDT,SELL,LIMIT,1702047797909,713,0.2025258
1000LUNCUSDT,BUY,LIMIT,1702048108127,50,0.2071106
1000LUNCUSDT,SELL,LIMIT,1702049178392,3956,0.2011595
1000LUNCUSDT,SELL,LIMIT,1702049248166,55,0.2011851
1000LUNCUSDT,SELL,LIMIT,1702049357430,1221,0.2010735
1000LUNCUSDT,SELL,LIMIT,1702049359780,7354,0.2010201
1000LUNCUSDT,SELL,LIMIT,1702049367232,6188,0.2007251
1000LUNCUSDT,SELL,LIMIT,1702049373228,1807,0.2004165
1000LUNCUSDT,SELL,LIMIT,1702049472124,1159,0.2006929
1000LUNCUSDT,SELL,LIMIT,1702049508396,18210,0.2004732
1000LUNCUSDT,SELL,LIMIT,1702049643496,4876,0.2149903
1000LUNCUSDT,SELL,LIMIT,1702050260301,150,0.2013506
1000LUNCUSDT,SELL,LIMIT,1702050475845,69,0.2012869
1000LUNCUSDT,SELL,LIMIT,1702051171922,521,0.2002382
1000LUNCUSDT,SELL,LIMIT,1702051174220,23252,0.2001964
1000LUNCUSDT,SELL,LIMIT,1702051177322,208,0.2001808
1000LUNCUSDT,SELL,LIMIT,1702051497315,9334,0.2005816
1000LUNCUSDT,BUY,LIMIT,1702051513310,1106,0.2045441
1000LUNCUSDT,SELL,LIMIT,1702051552397,289,0.2002747
1000LUNCUSDT,SELL,LIMIT,1702051576547,458,0.2000989
1000LUNCUSDT,SELL,LIMIT,1702051578792,242,0.2000671
1000LUNCUSDT,SELL,LIMIT,1702051589068,6474,0.2000084
1000LUNCUSDT,SELL,LIMIT,1702051639159,34,0.1999762
1000LUNCUSDT,SELL,LIMIT,1702051643105,86,0.1998366
1000LUNCUSDT,SELL,LIMIT,1702051644161,574,0.1998071
1000LUNCUSDT,SELL,LIMIT,1702051662001,20523,0.1997166
1000LUNCUSDT,SELL,LIMIT,1702051684155,230,0.1995570
1000LUNCUSDT,SELL,LIMIT,1702051688325,1249,0.1995255
1000LUNCUSDT,SELL,LIMIT,1702051733073,2068,0.1993602
1000LUNCUSDT,SELL,LIMIT,1702051739545,994,0.1993364
1000LUNCUSDT,SELL,LIMIT,1702051777286,92,0.1992645
1000LUNCUSDT,SELL,LIMIT,1702051780617,2149,0.1992034
1000LUNCUSDT,SELL,LIMIT,1702051783445,1800,0.1991693
1000LUNCUSDT,SELL,LIMIT,1702051828236,2699,0.1991009
1000LUNCUSDT,SELL,LIMIT,1702051836143,1358,0.1990011
1000LUNCUSDT,SELL,LIMIT,1702051838514,194,0.1989418
1000LUNCUSDT,SELL,LIMIT,1702051841527,1033,0.1989208
1000LUNCUSDT,SELL,LIMIT,1702051844179,658,0.1988612
1000LUNCUSDT,SELL,LIMIT,1702051848072,106,0.1988143
1000LUNCUSDT,SELL,LIMIT,1702051849305,1363,0.1988315
1000LUNCUSDT,SELL,LIMIT,1702051851120,88,0.1986859
1000LUNCUSDT,SELL,LIMIT,1702051852482,883,0.1986717
1000LUNCUSDT,SELL,LIMIT,1702051867687,801,0.1985610
1000LUNCUSDT,SELL,LIMIT,1702051964220,2000,0.1985347
1000LUNCUSDT,SELL,LIMIT,1702051971880,404,0.1985044
1000LUNCUSDT,SELL,LIMIT,1702051973207,577,0.1984588
1000LUNCUSDT,BUY,LIMIT,1702052161449,247,0.2028786
1000LUNCUSDT,BUY,LIMIT,1702054021273,5662,0.2048002
1000LUNCUSDT,BUY,LIMIT,1702054124238,346,0.2053888
1000LUNCUSDT,BUY,LIMIT,1702054239644,1466,0.2058188
1000LUNCUSDT,BUY,LIMIT,1702054246160,68,0.2059084
1000LUNCUSDT,BUY,LIMIT,1702054268386,269,0.2060593
1000LUNCUSDT,BUY,LIMIT,1702054387096,1021,0.2062576
1000LUNCUSDT,BUY,LIMIT,1702054426985,554,0.2069174
1000LUNCUSDT,BUY,LIMIT,1702054446208,1950,0.2073509
1000LUNCUSDT,SELL,LIMIT,1702054857799,2120,0.2016745
1000LUNCUSDT,SELL,LIMIT,1702054897332,24301,0.2015324
1000LUNCUSDT,SELL,LIMIT,1702055224468,1364,0.2009403
1000LUNCUSDT,SELL,LIMIT,1702055670504,1311,0.2181459
1000LUNCUSDT,SELL,LIMIT,1702055697807,390,0.2006632
1000LUNCUSDT,SELL,LIMIT,1702055757098,1148,0.2007153
1000LUNCUSDT,SELL,LIMIT,1702056229409,194,0.1996224
1000LUNCUSDT,SELL,LIMIT,1702056230787,493,0.1995865
1000LUNCUSDT,SELL,LIMIT,1702056233400,10377,0.1994719
1000LUNCUSDT,SELL,LIMIT,1702056239450,31,0.2023625
1000LUNCUSDT,SELL,LIMIT,1702056276463,1009,0.1998221
1000LUNCUSDT,SELL,LIMIT,1702056278346,26,0.1992456
1000LUNCUSDT,SELL,LIMIT,1702056295453,50,0.1991538
1000LUNCUSDT,SELL,LIMIT,1702056323691,13794,0.1989714
1000LUNCUSDT,SELL,LIMIT,1702056328444,1197,0.1989579
1000LUNCUSDT,SELL,LIMIT,1702056356028,5226,0.1987640
1000LUNCUSDT,SELL,LIMIT,1702056424835,910,0.1983118
1000LUNCUSDT,SELL,LIMIT,1702056431461,814,0.1980698
1000LUNCUSDT,SELL,LIMIT,1702056433112,1021,0.1980413
1000LUNCUSDT,SELL,LIMIT,1702056434857,3662,0.1979488
1000LUNCUSDT,SELL,LIMIT,1702056436249,19721,0.1978784
1000LUNCUSDT,SELL,LIMIT,1702056439295,1251,0.1977359
1000LUNCUSDT,SELL,LIMIT,1702056441873,295,0.1977711
1000LUNCUSDT,SELL,LIMIT,1702057391022,1595,0.1988529
1000LUNCUSDT,SELL,LIMIT,1702060789075,135,0.1981657
1000LUNCUSDT,SELL,LIMIT,1702060794502,195,0.1980375
1000LUNCUSDT,SELL,LIMIT,1702060797353,24872,0.1979637
1000LUNCUSDT,SELL,LIMIT,1702060831459,103,0.1978574
1000LUNCUSDT,SELL,LIMIT,1702060840434,227,0.1978411
1000LUNCUSDT,SELL,LIMIT,1702060842214,3079,0.1977295
1000LUNCUSDT,SELL,LIMIT,1702060844151,7420,0.1975942
1000LUNCUSDT,SELL,LIMIT,1702060915863,23800,0.1976734
1000LUNCUSDT,SELL,LIMIT,1702060959117,1883,0.1975843
1000LUNCUSDT,SELL,LIMIT,1702060979528,2780,0.1975268
1000LUNCUSDT,SELL,LIMIT,1702060980845,1285,0.1975006
1000LUNCUSDT,SELL,LIMIT,1702060987908,62,0.1974222
1000LUNCUSDT,SELL,LIMIT,1702060990082,6188,0.1971040
1000LUNCUSDT,SELL,LIMIT,1702060991169,219,0.1973732
1000LUNCUSDT,SELL,LIMIT,1702062798121,1545,0.1971240
1000LUNCUSDT,SELL,LIMIT,1702062810884,3479,0.1970621
1000LUNCUSDT,BUY,LIMIT,1702063881307,3020,0.2030217
1000LUNCUSDT,BUY,LIMIT,1702063938253,224,0.2031297
1000LUNCUSDT,BUY,LIMIT,1702064659675,1959,0.2033840
1000LUNCUSDT,BUY,LIMIT,1702064664102,600,0.2034655
1000LUNCUSDT,SELL,LIMIT,1702065462518,25050,0.1992908
1000LUNCUSDT,BUY,LIMIT,1702066002848,2477,0.2038331
1000LUNCUSDT,BUY,LIMIT,1702067829886,500,0.2046537
1000LUNCUSDT,BUY,LIMIT,1702068046359,7591,0.2050403
1000LUNCUSDT,BUY,LIMIT,1702068091319,33,0.2052151
1000LUNCUSDT,BUY,LIMIT,1702068094499,1654,0.2053148
1000LUNCUSDT,BUY,LIMIT,1702068203212,1971,0.2049337
1000LUNCUSDT,BUY,LIMIT,1702068578422,3429,0.2053119
1000LUNCUSDT,BUY,LIMIT,1702068840294,501,0.2049452
1000LUNCUSDT,BUY,LIMIT,1702068889224,528,0.2055851
1000LUNCUSDT,BUY,LIMIT,1702068992667,635,0.2058694
1000LUNCUSDT,BUY,LIMIT,1702069007203,6332,0.2059700
1000LUNCUSDT,BUY,LIMIT,1702069044109,1331,0.2058350
1000LUNCUSDT,BUY,LIMIT,1702069072661,646,0.2060094
1000LUNCUSDT,BUY,LIMIT,1702069078548,8189,0.2060577
1000LUNCUSDT,BUY,LIMIT,1702069194944,250,0.2063228
1000LUNCUSDT,SELL,LIMIT,1702070631460,2858,0.2003224
1000LUNCUSDT,SELL,LIMIT,1702071815135,4334,0.1997257
1000LUNCUSDT,SELL,LIMIT,1702076456755,11006,0.2002894
1000LUNCUSDT,BUY,LIMIT,1702077954364,495,0.2057552
1000LUNCUSDT,BUY,LIMIT,1702078119367,51,0.2060722
1000LUNCUSDT,BUY,LIMIT,1702078165086,352,0.2060522
1000LUNCUSDT,BUY,LIMIT,1702078168743,119,0.2062752
1000LUNCUSDT,BUY,LIMIT,1702078569645,677,0.2063569
1000LUNCUSDT,BUY,LIMIT,1702078593073,26,0.2064410
1000LUNCUSDT,BUY,LIMIT,1702078611450,5464,0.2065095
1000LUNCUSDT,BUY,LIMIT,1702078626076,7512,0.2066728
1000LUNCUSDT,SELL,LIMIT,1702078883265,1007,0.2262072
1000LUNCUSDT,BUY,LIMIT,1702079062873,1352,0.2064237
1000LUNCUSDT,BUY,LIMIT,1702080420734,498,0.2071202
1000LUNCUSDT,BUY,LIMIT,1702080470659,21446,0.2072404
1000LUNCUSDT,SELL,LIMIT,1702080974393,110,0.2033812
1000LUNCUSDT,BUY,LIMIT,1702081472298,51,0.2075035
1000LUNCUSDT,BUY,LIMIT,1702081473542,4513,0.2075139
1000LUNCUSDT,BUY,LIMIT,1702081523613,103,0.2076682
1000LUNCUSDT,BUY,LIMIT,1702081602326,300,0.2079312
1000LUNCUSDT,BUY,LIMIT,1702081676318,1435,0.2082344
1000LUNCUSDT,BUY,LIMIT,1702081687142,93,0.2081661
1000LUNCUSDT,BUY,LIMIT,1702082044053,4637,0.2083601
1000LUNCUSDT,BUY,LIMIT,1702082122817,543,0.2084246
1000LUNCUSDT,BUY,LIMIT,1702082133087,1504,0.2089335
1000LUNCUSDT,BUY,LIMIT,1702082135162,150,0.2090692
1000LUNCUSDT,BUY,LIMIT,1702082159168,1009,0.2091364
1000LUNCUSDT,BUY,LIMIT,1702082313368,8833,0.2086330
1000LUNCUSDT,SELL,LIMIT,1702082508372,1652,0.2043587
1000LUNCUSDT,SELL,LIMIT,1702082925362,247,0.2236208
1000LUNCUSDT,SELL,LIMIT,1702083715891,242,0.2022621
1000LUNCUSDT,SELL,LIMIT,1702083817328,22835,0.2022670
1000LUNCUSDT,SELL,LIMIT,1702083825247,2366,0.2020589
1000LUNCUSDT,SELL,LIMIT,1702083826360,274,0.2018651
1000LUNCUSDT,BUY,LIMIT,1702083990128,500,0.2058690
1000LUNCUSDT,SELL,LIMIT,1702084015958,423,0.2015839
1000LUNCUSDT,SELL,LIMIT,1702084042112,4336,0.2009803
1000LUNCUSDT,SELL,LIMIT,1702084049358,1415,0.2008602
1000LUNCUSDT,SELL,LIMIT,1702084051298,4861,0.2007963
1000LUNCUSDT,SELL,LIMIT,1702084062015,77,0.2005569
1000LUNCUSDT,SELL,LIMIT,1702084072031,599,0.2004590
1000LUNCUSDT,SELL,LIMIT,1702084092768,7283,0.2002870
1000LUNCUSDT,SELL,LIMIT,1702084100737,2172,0.2009428
1000LUNCUSDT,SELL,LIMIT,1702084103885,3341,0.2001638
1000LUNCUSDT,SELL,LIMIT,1702084162106,328,0.1997586
1000LUNCUSDT,SELL,LIMIT,1702084186384,329,0.1996199
1000LUNCUSDT,SELL,LIMIT,1702084189082,463,0.1995689
1000LUNCUSDT,SELL,LIMIT,1702084195116,404,0.1994504
1000LUNCUSDT,SELL,LIMIT,1702084196455,2240,0.1994387
1000LUNCUSDT,SELL,LIMIT,1702084200565,178,0.1993146
1000LUNCUSDT,SELL,LIMIT,1702084205368,1533,0.1991564
1000LUNCUSDT,BUY,LIMIT,1702085684681,255,0.2071959
1000LUNCUSDT,BUY,LIMIT,1702085708515,7811,0.2075220
1000LUNCUSDT,BUY,LIMIT,1702085770331,41,0.2081474
1000LUNCUSDT,BUY,LIMIT,1702085788350,1114,0.2083386
1000LUNCUSDT,BUY,LIMIT,1702085790085,2946,0.2084262
1000LUNCUSDT,SELL,LIMIT,1702087489493,5361,0.2017132
1000LUNCUSDT,BUY,LIMIT,1702089235758,351,0.2076790
1000LUNCUSDT,BUY,LIMIT,1702089485535,22340,0.2084230
1000LUNCUSDT,BUY,LIMIT,1702089488275,2025,0.2085286
1000LUNCUSDT,BUY,LIMIT,1702089853637,10388,0.2091488
1000LUNCUSDT,BUY,LIMIT,1702090103462,41,0.2095529
1000LUNCUSDT,BUY,LIMIT,1702090105212,2003,0.2097052
1000LUNCUSDT,BUY,LIMIT,1702090127249,1386,0.2098202
1000LUNCUSDT,BUY,LIMIT,1702090653492,1721,0.2100217
1000LUNCUSDT,BUY,LIMIT,1702090658479,12355,0.2101187
1000LUNCUSDT,BUY,LIMIT,1702090688532,2567,0.2106744
1000LUNCUSDT,BUY,LIMIT,1702090691531,2057,0.2108189
1000LUNCUSDT,BUY,LIMIT,1702090693374,10543,0.2108372
1000LUNCUSDT,BUY,LIMIT,1702090694568,2587,0.2109140
1000LUNCUSDT,BUY,LIMIT,1702090697001,4047,0.2109863
1000LUNCUSDT,BUY,LIMIT,1702090708806,5069,0.2110337
1000LUNCUSDT,BUY,LIMIT,1702090710466,3031,0.2112411
1000LUNCUSDT,BUY,LIMIT,1702090714908,149,0.2113200
1000LUNCUSDT,BUY,LIMIT,1702090719307,889,0.2115249
1000LUNCUSDT,BUY,LIMIT,1702090720835,1454,0.2115772
1000LUNCUSDT,BUY,LIMIT,1702090723018,990,0.2116343
1000LUNCUSDT,BUY,LIMIT,1702090737133,991,0.2117446
1000LUNCUSDT,SELL,LIMIT,1702091040338,286,0.2054087
1000LUNCUSDT,SELL,LIMIT,1702091614971,733,0.2036857
1000LUNCUSDT,SELL,LIMIT,1702091616226,148,0.2036121
1000LUNCUSDT,SELL,LIMIT,1702093962322,1335,0.2048445
1000LUNCUSDT,SELL,LIMIT,1702094922873,3500,0.2039246
1000LUNCUSDT,SELL,LIMIT,1702095135846,4676,0.2036569
1000LUNCUSDT,SELL,LIMIT,1702095272610,648,0.2037289
1000LUNCUSDT,SELL,LIMIT,1702095319399,553,0.2034456
1000LUNCUSDT,SELL,LIMIT,1702095323461,2374,0.2032581
1000LUNCUSDT,SELL,LIMIT,1702095411404,383,0.2031065
1000LUNCUSDT,SELL,LIMIT,1702095484065,21110,0.2031241
1000LUNCUSDT,SELL,LIMIT,1702095487502,51,0.2030169
1000LUNCUSDT,BUY,LIMIT,1702097378384,33,0.2086154
1000LUNCUSDT,SELL,LIMIT,1702098187162,35,0.2024891
1000LUNCUSDT,SELL,LIMIT,1702098190273,4890,0.2024212
1000LUNCUSDT,SELL,LIMIT,1702098192468,4393,0.2023134
1000LUNCUSDT,SELL,LIMIT,1702098193763,168,0.2022768
1000LUNCUSDT,SELL,LIMIT,1702098432064,113,0.2021581
1000LUNCUSDT,SELL,LIMIT,1702098574160,34,0.2019836
1000LUNCUSDT,SELL,LIMIT,1702098584816,23841,0.2019393
1000LUNCUSDT,SELL,LIMIT,1702099038800,299,0.2027818
1000LUNCUSDT,SELL,LIMIT,1702099148228,739,0.2025723
1000LUNCUSDT,SELL,LIMIT,1702099160546,419,0.2021680
1000LUNCUSDT,BUY,LIMIT,1702102387974,48,0.2053520
1000LUNCUSDT,BUY,LIMIT,1702102900727,2031,0.2070701
1000LUNCUSDT,BUY,LIMIT,1702103530173,1948,0.2068277
1000LUNCUSDT,SELL,LIMIT,1702103981095,965,0.2020820
1000LUNCUSDT,SELL,LIMIT,1702104015092,557,0.2016558
1000LUNCUSDT,SELL,LIMIT,1702104025608,1067,0.2015443
1000LUNCUSDT,SELL,LIMIT,1702104034144,213,0.2013581
1000LUNCUSDT,BUY,LIMIT,1702105831549,444,0.2074340
1000LUNCUSDT,BUY,LIMIT,1702105876224,6,0.2073326
1000LUNCUSDT,SELL,LIMIT,1702106908554,705,0.2015027
1000LUNCUSDT,BUY,LIMIT,1702108041795,6579,0.2068277
1000LUNCUSDT,SELL,LIMIT,1702108080323,1373,0.2031499
1000LUNCUSDT,BUY,LIMIT,1702108851499,198,0.2069520
1000LUNCUSDT,BUY,LIMIT,1702109028352,508,0.2074654
1000LUNCUSDT,BUY,LIMIT,1702109365139,4452,0.2081129
1000LUNCUSDT,BUY,LIMIT,1702109411230,800,0.2078075
1000LUNCUSDT,BUY,LIMIT,1702109723914,1550,0.2073371
1000LUNCUSDT,SELL,LIMIT,1702109725726,1336,0.2032312
1000LUNCUSDT,BUY,LIMIT,1702109891517,934,0.2080877
1000LUNCUSDT,SELL,LIMIT,1702109980499,3609,0.2046186
1000LUNCUSDT,BUY,LIMIT,1702110261325,2000,0.2083305
1000LUNCUSDT,BUY,LIMIT,1702110265329,100,0.2084290
1000LUNCUSDT,BUY,LIMIT,1702110488370,4857,0.2075510
1000LUNCUSDT,SELL,LIMIT,1702110876232,135,0.2020751
1000LUNCUSDT,SELL,LIMIT,1702110877782,6498,0.2020312
1000LUNCUSDT,SELL,LIMIT,1702110894281,3031,0.2019201
1000LUNCUSDT,SELL,LIMIT,1702110906135,159,0.2015861
1000LUNCUSDT,SELL,LIMIT,1702110907564,2059,0.2015470
1000LUNCUSDT,SELL,LIMIT,1702110913937,3094,0.2014780
1000LUNCUSDT,SELL,LIMIT,1702110931205,1723,0.2012526
1000LUNCUSDT,SELL,LIMIT,1702110935086,10365,0.2012158
1000LUNCUSDT,SELL,LIMIT,1702110936437,201,0.2011851
1000LUNCUSDT,SELL,LIMIT,1702110963051,25,0.2011257
1000LUNCUSDT,SELL,LIMIT,1702110964092,2462,0.2011354
1000LUNCUSDT,SELL,LIMIT,1702110965266,55,0.2009396
1000LUNCUSDT,SELL,LIMIT,1702110967073,45,0.2007682
1000LUNCUSDT,SELL,LIMIT,1702110968396,268,0.2006767
1000LUNCUSDT,SELL,LIMIT,1702110969678,24063,0.2005147
1000LUNCUSDT,SELL,LIMIT,1702110975435,1150,0.2003318
1000LUNCUSDT,SELL,LIMIT,1702110976443,6067,0.2003590
1000LUNCUSDT,SELL,LIMIT,1702110980678,191,0.2002355
1000LUNCUSDT,SELL,LIMIT,1702110982122,2451,0.2000511
1000LUNCUSDT,SELL,LIMIT,1702110983289,52,0.2001452
1000LUNCUSDT,SELL,LIMIT,1702110990344,25,0.1999962
1000LUNCUSDT,SELL,LIMIT,1702110993520,24652,0.1999517
1000LUNCUSDT,SELL,LIMIT,1702110995073,391,0.1999300
1000LUNCUSDT,SELL,LIMIT,1702110996246,14813,0.1998765
1000LUNCUSDT,SELL,LIMIT,1702111021090,1117,0.2000600
1000LUNCUSDT,SELL,LIMIT,1702111026108,5746,0.1997581
1000LUNCUSDT,SELL,LIMIT,1702111029171,1015,0.1996846
1000LUNCUSDT,SELL,LIMIT,1702111030283,22487,0.1994960
1000LUNCUSDT,BUY,LIMIT,1702111031400,161,0.2035360
1000LUNCUSDT,SELL,LIMIT,1702111033297,24588,0.1993238
1000LUNCUSDT,SELL,LIMIT,1702111034359,23553,0.1993596
1000LUNCUSDT,SELL,LIMIT,1702111035735,103,0.1992106
1000LUNCUSDT,SELL,LIMIT,1702111036845,606,0.1991747
1000LUNCUSDT,SELL,LIMIT,1702111039499,9823,0.1991346
1000LUNCUSDT,SELL,LIMIT,1702111040844,11255,0.1990735
1000LUNCUSDT,SELL,LIMIT,1702111042209,2922,0.1990120
1000LUNCUSDT,SELL,LIMIT,1702111043324,2045,0.1988587
1000LUNCUSDT,SELL,LIMIT,1702111044383,24178,0.1986501
1000LUNCUSDT,SELL,LIMIT,1702111045445,6478,0.1987788
1000LUNCUSDT,SELL,LIMIT,1702111046675,22878,0.1986130
1000LUNCUSDT,SELL,LIMIT,1702111378088,412,0.1985218
1000LUNCUSDT,SELL,LIMIT,1702111379315,7118,0.1984651
1000LUNCUSDT,SELL,LIMIT,1702111380466,6903,0.1984290
1000LUNCUSDT,SELL,LIMIT,1702111381680,7670,0.1985570
1000LUNCUSDT,SELL,LIMIT,1702111385749,876,0.1982998
1000LUNCUSDT,SELL,LIMIT,1702111386875,14763,0.1982641
1000LUNCUSDT,SELL,LIMIT,1702111387887,1000,0.1981617
1000LUNCUSDT,SELL,LIMIT,1702111389559,60,0.2099057
1000LUNCUSDT,SELL,LIMIT,1702111390561,26,0.1981275
1000LUNCUSDT,SELL,LIMIT,1702111391739,991,0.1981681
1000LUNCUSDT,BUY,LIMIT,1702111598707,11661,0.2041951
1000LUNCUSDT,BUY,LIMIT,1702111830271,8861,0.2050672
1000LUNCUSDT,SELL,LIMIT,1702114172379,11526,0.2000242
1000LUNCUSDT,SELL,LIMIT,1702114442967,25,0.1995660
1000LUNCUSDT,SELL,LIMIT,1702114610524,7316,0.1989807
1000LUNCUSDT,SELL,LIMIT,1702114758988,5388,0.1987847
1000LUNCUSDT,SELL,LIMIT,1702114767444,435,0.1985940
1000LUNCUSDT,SELL,LIMIT,1702114878073,778,0.1982777
1000LUNCUSDT,SELL,LIMIT,1702115082578,4651,0.1983245
1000LUNCUSDT,SELL,LIMIT,1702115172166,2455,0.1980539
1000LUNCUSDT,SELL,LIMIT,1702115173320,2648,0.1979997
1000LUNCUSDT,SELL,LIMIT,1702115174694,873,0.1976132
1000LUNCUSDT,BUY,LIMIT,1702117136411,10001,0.2042105
1000LUNCUSDT,BUY,LIMIT,1702117153279,376,0.2048193
1000LUNCUSDT,BUY,LIMIT,1702117184078,320,0.2049922
1000LUNCUSDT,SELL,LIMIT,1702117862655,6091,0.1988971
1000LUNCUSDT,SELL,LIMIT,1702119644167,4127,0.1981359
1000LUNCUSDT,SELL,LIMIT,1702119647003,2345,0.1980825
1000LUNCUSDT,SELL,LIMIT,1702119662826,7632,0.1978768
1000LUNCUSDT,SELL,LIMIT,1702119664828,953,0.1978045
1000LUNCUSDT,SELL,LIMIT,1702119666379,2776,0.1977309
1000LUNCUSDT,SELL,LIMIT,1702120949071,2358,0.1985324
1000LUNCUSDT,SELL,LIMIT,1702121170075,142,0.1976544
1000LUNCUSDT,SELL,LIMIT,1702121171409,1088,0.1975666
1000LUNCUSDT,SELL,LIMIT,1702121362745,3756,0.1974220
1000LUNCUSDT,SELL,LIMIT,1702123353552,643,0.1974197
1000LUNCUSDT,SELL,LIMIT,1702123374908,263,0.1972782
1000LUNCUSDT,SELL,LIMIT,1702123419018,2946,0.1973007
1000LUNCUSDT,SELL,LIMIT,1702123424358,319,0.1971556
1000LUNCUSDT,SELL,LIMIT,1702123429222,1001,0.1971354
1000LUNCUSDT,SELL,LIMIT,1702123430447,9734,0.1971184
1000LUNCUSDT,SELL,LIMIT,1702123431461,6789,0.1969294
1000LUNCUSDT,SELL,LIMIT,1702123432465,138,0.1969423
1000LUNCUSDT,SELL,LIMIT,1702123440084,1808,0.1965323
1000LUNCUSDT,SELL,LIMIT,1702123441118,4514,0.1962761
1000LUNCUSDT,SELL,LIMIT,1702123442200,1207,0.1961888
1000LUNCUSDT,SELL,LIMIT,1702123467971,213,0.1961611
1000LUNCUSDT,BUY,LIMIT,1702123968677,226,0.2025615
1000LUNCUSDT,SELL,LIMIT,1702125035383,2878,0.1978406
1000LUNCUSDT,SELL,LIMIT,1702125076640,2015,0.1966095
1000LUNCUSDT,SELL,LIMIT,1702125672865,167,0.1973882
1000LUNCUSDT,SELL,LIMIT,1702125675053,548,0.1978526
1000LUNCUSDT,SELL,LIMIT,1702125676313,2837,0.1968711
1000LUNCUSDT,SELL,LIMIT,1702125773098,4713,0.1961321
1000LUNCUSDT,SELL,LIMIT,1702125774210,6559,0.1961244
1000LUNCUSDT,SELL,LIMIT,1702125859753,474,0.1960723
1000LUNCUSDT,SELL,LIMIT,1702125861289,22437,0.1960400
1000LUNCUSDT,SELL,LIMIT,1702125863312,622,0.1959873
1000LUNCUSDT,SELL,LIMIT,1702125864462,51,0.1959527
1000LUNCUSDT,SELL,LIMIT,1702125865541,1266,0.1957268
1000LUNCUSDT,SELL,LIMIT,1702125880304,5220,0.1957860
1000LUNCUSDT,SELL,LIMIT,1702125882066,899,0.1951663
1000LUNCUSDT,SELL,LIMIT,1702125883075,1349,0.1945931
1000LUNCUSDT,SELL,LIMIT,1702125884129,390,0.1940239
1000LUNCUSDT,SELL,LIMIT,1702125885154,9879,0.1934688
1000LUNCUSDT,SELL,LIMIT,1702125886155,1912,0.1933608
1000LUNCUSDT,BUY,LIMIT,1702126841493,2156,0.2006618
1000LUNCUSDT,BUY,LIMIT,1702126844599,5141,0.2009209
1000LUNCUSDT,BUY,LIMIT,1702126846008,34,0.2011269
1000LUNCUSDT,SELL,LIMIT,1702127623024,2065,0.1964626
1000LUNCUSDT,SELL,LIMIT,1702127699901,107,0.1988869
1000LUNCUSDT,SELL,LIMIT,1702127874513,4410,0.1963468
1000LUNCUSDT,SELL,LIMIT,1702128546331,6713,0.1948330
1000LUNCUSDT,SELL,LIMIT,1702128571921,2823,0.1944210
1000LUNCUSDT,SELL,LIMIT,1702128572931,511,0.1943368
1000LUNCUSDT,SELL,LIMIT,1702128582531,242,0.1943633
1000LUNCUSDT,SELL,LIMIT,1702128683083,4885,0.1943173
1000LUNCUSDT,SELL,LIMIT,1702128684086,15000,0.1943068
1000LUNCUSDT,SELL,LIMIT,1702129238746,138,0.1946958
1000LUNCUSDT,SELL,LIMIT,1702129275327,3686,0.1937733
1000LUNCUSDT,SELL,LIMIT,1702129276451,3653,0.1938322
1000LUNCUSDT,SELL,LIMIT,1702129282502,2243,0.1937848
1000LUNCUSDT,SELL,LIMIT,1702130554925,510,0.1932731
1000LUNCUSDT,BUY,LIMIT,1702131357488,35,0.1995340
1000LUNCUSDT,SELL,LIMIT,1702131382720,759,0.1961783
1000LUNCUSDT,SELL,LIMIT,1702132603296,2084,0.1935847
1000LUNCUSDT,SELL,LIMIT,1702132607054,853,0.1933767
1000LUNCUSDT,SELL,LIMIT,1702132636422,7000,0.1935725
1000LUNCUSDT,SELL,LIMIT,1702132641415,3230,0.1933011
1000LUNCUSDT,SELL,LIMIT,1702132644488,1425,0.1932559
1000LUNCUSDT,SELL,LIMIT,1702132646163,1666,0.1930384
1000LUNCUSDT,SELL,LIMIT,1702132650276,1507,0.1929363
1000LUNCUSDT,SELL,LIMIT,1702132652367,604,0.1927884
1000LUNCUSDT,SELL,LIMIT,1702132653624,10255,0.1926807
1000LUNCUSDT,SELL,LIMIT,1702132671643,5267,0.1930105
1000LUNCUSDT,SELL,LIMIT,1702132708928,877,0.1929495
1000LUNCUSDT,SELL,LIMIT,1702132813649,600,0.1928224
1000LUNCUSDT,SELL,LIMIT,1702132816176,149,0.1926037
1000LUNCUSDT,SELL,LIMIT,1702132817283,1420,0.1924399
1000LUNCUSDT,SELL,LIMIT,1702132818284,2027,0.1925244
1000LUNCUSDT,SELL,LIMIT,1702132819320,146,0.1923361
1000LUNCUSDT,SELL,LIMIT,1702132820324,5247,0.1922869
1000LUNCUSDT,SELL,LIMIT,1702132822739,917,0.1919872
1000LUNCUSDT,SELL,LIMIT,1702132938295,2500,0.1920601
1000LUNCUSDT,SELL,LIMIT,1702132940844,106,0.1919535
1000LUNCUSDT,SELL,LIMIT,1702132954182,2318,0.1918886
1000LUNCUSDT,SELL,LIMIT,1702132958269,128,0.1919235
1000LUNCUSDT,SELL,LIMIT,1702132959479,2267,0.1917985
1000LUNCUSDT,SELL,LIMIT,1702132961307,2473,0.1915903
1000LUNCUSDT,SELL,LIMIT,1702132962319,40,0.1916826
1000LUNCUSDT,SELL,LIMIT,1702132964006,5182,0.1915598
1000LUNCUSDT,SELL,LIMIT,1702132994287,9630,0.1915600
1000LUNCUSDT,SELL,LIMIT,1702132995356,3298,0.1915547
1000LUNCUSDT,SELL,LIMIT,1702132996371,2992,0.1913686
1000LUNCUSDT,SELL,LIMIT,1702132997425,436,0.1912235
1000LUNCUSDT,SELL,LIMIT,1702132998459,15993,0.1909847
1000LUNCUSDT,SELL,LIMIT,1702133000160,21437,0.1907728
1000LUNCUSDT,SELL,LIMIT,1702133001208,3441,0.1906796
1000LUNCUSDT,SELL,LIMIT,1702133002541,2072,0.1906815
1000LUNCUSDT,SELL,LIMIT,1702133004034,1346,0.1906257
1000LUNCUSDT,SELL,LIMIT,1702133005099,82,0.1907335
1000LUNCUSDT,SELL,LIMIT,1702133006553,10000,0.1907128
1000LUNCUSDT,SELL,LIMIT,1702133008258,2023,0.1905255
1000LUNCUSDT,SELL,LIMIT,1702133009583,1423,0.1905975
1000LUNCUSDT,SELL,LIMIT,1702133343395,149,0.1907163
1000LUNCUSDT,SELL,LIMIT,1702133362145,4366,0.1905660
1000LUNCUSDT,SELL,LIMIT,1702134463244,944,0.1904045
1000LUNCUSDT,SELL,LIMIT,1702134464487,32233,0.1898072
1000LUNCUSDT,SELL,LIMIT,1702134465634,1311,0.1902450
1000LUNCUSDT,SELL,LIMIT,1702134466638,2497,0.1901770
1000LUNCUSDT,SELL,LIMIT,1702134469800,283,0.1901520
1000LUNCUSDT,SELL,LIMIT,1702134493221,1332,0.1901273
1000LUNCUSDT,SELL,LIMIT,1702134494453,152,0.1900401
1000LUNCUSDT,SELL,LIMIT,1702134495466,378,0.1899590
1000LUNCUSDT,SELL,LIMIT,1702134496539,2000,0.1898389
1000LUNCUSDT,SELL,LIMIT,1702134498830,33573,0.1891283
1000LUNCUSDT,SELL,LIMIT,1702134500534,125,0.1897435
1000LUNCUSDT,SELL,LIMIT,1702134502460,50,0.1897633
1000LUNCUSDT,SELL,LIMIT,1702134513116,158,0.1897300
1000LUNCUSDT,SELL,LIMIT,1702134515034,18293,0.1897103
1000LUNCUSDT,SELL,LIMIT,1702134517333,5776,0.1896831
1000LUNCUSDT,SELL,LIMIT,1702134518498,33,0.1896581
1000LUNCUSDT,SELL,LIMIT,1702134519642,18831,0.1895952
1000LUNCUSDT,SELL,LIMIT,1702134520929,7325,0.1895715
1000LUNCUSDT,SELL,LIMIT,1702134521958,234,0.1895058
1000LUNCUSDT,SELL,LIMIT,1702134523157,5098,0.1894817
1000LUNCUSDT,SELL,LIMIT,1702134524310,2500,0.1894850
1000LUNCUSDT,SELL,LIMIT,1702134525377,373,0.1894527
1000LUNCUSDT,SELL,LIMIT,1702134757765,43,0.1894335
1000LUNCUSDT,SELL,LIMIT,1702134759805,81,0.1893413
1000LUNCUSDT,SELL,LIMIT,1702134765555,1077,0.1892942
1000LUNCUSDT,SELL,LIMIT,1702134769570,308,0.1892715
1000LUNCUSDT,SELL,LIMIT,1702134798500,578,0.1892843
1000LUNCUSDT,SELL,LIMIT,1702134799655,411,0.1891971
1000LUNCUSDT,SELL,LIMIT,1702134800719,5546,0.1889528
1000LUNCUSDT,SELL,LIMIT,1702134801723,31,0.1889208
1000LUNCUSDT,SELL,LIMIT,1702134809236,6898,0.1888194
1000LUNCUSDT,SELL,LIMIT,1702134810664,24375,0.1887695
1000LUNCUSDT,SELL,LIMIT,1702134811683,3133,0.1886659
1000LUNCUSDT,SELL,LIMIT,1702134843389,25011,0.1887759
1000LUNCUSDT,SELL,LIMIT,1702134881068,243,0.1888020
1000LUNCUSDT,SELL,LIMIT,1702134885017,8258,0.1887733
1000LUNCUSDT,SELL,LIMIT,1702134937593,24977,0.1893178
1000LUNCUSDT,SELL,LIMIT,1702135414130,50,0.1894143
1000LUNCUSDT,SELL,LIMIT,1702135718157,5253,0.1888822
1000LUNCUSDT,SELL,LIMIT,1702135773252,6050,0.1886750
1000LUNCUSDT,SELL,LIMIT,1702136183022,66681,0.1875156
1000LUNCUSDT,BUY,LIMIT,1702136531403,145,0.1946327
1000LUNCUSDT,BUY,LIMIT,1702136537265,1457,0.1947671
1000LUNCUSDT,BUY,LIMIT,1702136734257,3386,0.1948720
1000LUNCUSDT,BUY,LIMIT,1702136764340,41,0.1950367
1000LUNCUSDT,BUY,LIMIT,1702136776730,3434,0.1951699
1000LUNCUSDT,BUY,LIMIT,1702136784263,1482,0.1954424
1000LUNCUSDT,BUY,LIMIT,1702136865287,18994,0.1956171
1000LUNCUSDT,BUY,LIMIT,1702136989197,260,0.1958627
1000LUNCUSDT,BUY,LIMIT,1702137127078,26109,0.1962305
1000LUNCUSDT,BUY,LIMIT,1702137150730,187,0.1964328
1000LUNCUSDT,BUY,LIMIT,1702137207859,550,0.1965392
1000LUNCUSDT,SELL,LIMIT,1702137748325,4395,0.1905906
1000LUNCUSDT,SELL,LIMIT,1702137749341,22820,0.1904589
1000LUNCUSDT,SELL,LIMIT,1702137750347,8030,0.1905569
1000LUNCUSDT,SELL,LIMIT,1702137962832,1022,0.1903167
1000LUNCUSDT,SELL,LIMIT,1702137964901,128,0.1902936
1000LUNCUSDT,SELL,LIMIT,1702137966004,829,0.1902633
1000LUNCUSDT,SELL,LIMIT,1702137967627,270,0.1901698
1000LUNCUSDT,SELL,LIMIT,1702138256236,35,0.1901256
1000LUNCUSDT,SELL,LIMIT,1702138605717,68,0.1902286
1000LUNCUSDT,SELL,LIMIT,1702138665643,1382,0.1900207
1000LUNCUSDT,SELL,LIMIT,1702138670801,7573,0.1899102
1000LUNCUSDT,SELL,LIMIT,1702138674049,582,0.1898930
1000LUNCUSDT,SELL,LIMIT,1702138675430,1247,0.1898612
1000LUNCUSDT,SELL,LIMIT,1702138689794,656,0.1894198
1000LUNCUSDT,SELL,LIMIT,1702138736468,25881,0.1891209
1000LUNCUSDT,SELL,LIMIT,1702138905436,518,0.1891213
1000LUNCUSDT,SELL,LIMIT,1702138906572,1434,0.1890481
1000LUNCUSDT,SELL,LIMIT,1702138908264,126,0.1887619
1000LUNCUSDT,SELL,LIMIT,1702138909491,1028,0.1886720
1000LUNCUSDT,SELL,LIMIT,1702138945171,1081,0.1901912
1000LUNCUSDT,SELL,LIMIT,1702138948263,831,0.1886292
1000LUNCUSDT,SELL,LIMIT,1702138950573,250,0.1886085
1000LUNCUSDT,SELL,LIMIT,1702138951877,1888,0.1885657
1000LUNCUSDT,SELL,LIMIT,1702138952989,3054,0.1884884
1000LUNCUSDT,SELL,LIMIT,1702138954314,620,0.1951532
1000LUNCUSDT,SELL,LIMIT,1702138956104,7591,0.1884162
1000LUNCUSDT,SELL,LIMIT,1702138957138,10790,0.1883846
1000LUNCUSDT,SELL,LIMIT,1702138958541,1031,0.1883833
1000LUNCUSDT,SELL,LIMIT,1702138959979,764,0.1883132
1000LUNCUSDT,SELL,LIMIT,1702138961045,155,0.1881609
1000LUNCUSDT,SELL,LIMIT,1702139008151,500,0.1882948
1000LUNCUSDT,SELL,LIMIT,1702139063164,1536,0.1880021
1000LUNCUSDT,SELL,LIMIT,1702139064354,24303,0.1879323
1000LUNCUSDT,SELL,LIMIT,1702139065533,220,0.1879042
1000LUNCUSDT,SELL,LIMIT,1702139066613,32804,0.1871331
1000LUNCUSDT,SELL,LIMIT,1702139068692,639,0.1876124
1000LUNCUSDT,SELL,LIMIT,1702139114700,32000,0.1872558
1000LUNCUSDT,SELL,LIMIT,1702139117100,615,0.1875649
1000LUNCUSDT,SELL,LIMIT,1702139118189,1350,0.1874653
1000LUNCUSDT,SELL,LIMIT,1702139119250,339,0.1873542
1000LUNCUSDT,SELL,LIMIT,1702139120351,250,0.1873318
1000LUNCUSDT,SELL,LIMIT,1702139121461,735,0.1872520
1000LUNCUSDT,SELL,LIMIT,1702139122584,19000,0.1872388
1000LUNCUSDT,SELL,LIMIT,1702139123626,8849,0.1871041
1000LUNCUSDT,SELL,LIMIT,1702139124665,3021,0.1868795
1000LUNCUSDT,SELL,LIMIT,1702139129195,52,0.1864015
1000LUNCUSDT,SELL,LIMIT,1702139165185,3875,0.1870808
1000LUNCUSDT,SELL,LIMIT,1702139262478,352,0.1863785
1000LUNCUSDT,SELL,LIMIT,1702139264073,154,0.1862310
1000LUNCUSDT,SELL,LIMIT,1702139265088,684,0.1861691
1000LUNCUSDT,SELL,LIMIT,1702139266088,656,0.1859089
1000LUNCUSDT,SELL,LIMIT,1702139267097,5789,0.1854465
1000LUNCUSDT,SELL,LIMIT,1702139268116,1129,0.1853425
1000LUNCUSDT,SELL,LIMIT,1702139269197,7920,0.1853247
1000LUNCUSDT,SELL,LIMIT,1702139270255,36283,0.1844970
1000LUNCUSDT,SELL,LIMIT,1702139271277,833,0.1852138
1000LUNCUSDT,SELL,LIMIT,1702139290078,7465,0.1854456
1000LUNCUSDT,SELL,LIMIT,1702139291149,7846,0.1854456
1000LUNCUSDT,SELL,LIMIT,1702139292177,432,0.1853125
1000LUNCUSDT,SELL,LIMIT,1702139293321,1600,0.1853125
1000LUNCUSDT,SELL,LIMIT,1702139295290,2000,0.1851576
1000LUNCUSDT,SELL,LIMIT,1702139299102,2028,0.1850090
1000LUNCUSDT,SELL,LIMIT,1702139300334,25693,0.1850247
1000LUNCUSDT,SELL,LIMIT,1702139304127,23977,0.1847777
1000LUNCUSDT,SELL,LIMIT,1702139305198,1882,0.1847908
1000LUNCUSDT,SELL,LIMIT,1702139306260,623,0.1847142
1000LUNCUSDT,SELL,LIMIT,1702139307631,5172,0.1846591
1000LUNCUSDT,BUY,LIMIT,1702139526599,14131,0.1907945
1000LUNCUSDT,BUY,LIMIT,1702139548122,4694,0.1911116
1000LUNCUSDT,SELL,LIMIT,1702140029063,4804,0.1851765
1000LUNCUSDT,SELL,LIMIT,1702140051070,10075,0.1845956
1000LUNCUSDT,SELL,LIMIT,1702140052424,2843,0.1846732
1000LUNCUSDT,SELL,LIMIT,1702140058220,3418,0.1845577
1000LUNCUSDT,SELL,LIMIT,1702140059398,2523,0.1845697
1000LUNCUSDT,SELL,LIMIT,1702140061208,97,0.1844886
1000LUNCUSDT,SELL,LIMIT,1702140722089,3319,0.1844972
1000LUNCUSDT,SELL,LIMIT,1702140723347,205,0.1845098
1000LUNCUSDT,SELL,LIMIT,1702140726249,61259,0.1828855
1000LUNCUSDT,SELL,LIMIT,1702140727726,185,0.1844343
1000LUNCUSDT,SELL,LIMIT,1702140748195,4506,0.1844077
1000LUNCUSDT,SELL,LIMIT,1702140762121,29511,0.1841366
1000LUNCUSDT,SELL,LIMIT,1702140763330,540,0.1843584
1000LUNCUSDT,SELL,LIMIT,1702140764375,1944,0.1842777
1000LUNCUSDT,SELL,LIMIT,1702140765390,2964,0.1840733
1000LUNCUSDT,SELL,LIMIT,1702140766400,369,0.1840850
1000LUNCUSDT,SELL,LIMIT,1702140767410,166,0.1838778
1000LUNCUSDT,SELL,LIMIT,1702140768579,454,0.1838001
1000LUNCUSDT,SELL,LIMIT,1702140769600,8258,0.1836026
1000LUNCUSDT,SELL,LIMIT,1702140772064,6689,0.1833082
1000LUNCUSDT,SELL,LIMIT,1702140773169,6125,0.1833082
1000LUNCUSDT,SELL,LIMIT,1702140776594,246,0.1832900
1000LUNCUSDT,SELL,LIMIT,1702140791491,7980,0.1832617
1000LUNCUSDT,SELL,LIMIT,1702140815227,5951,0.1832291
1000LUNCUSDT,SELL,LIMIT,1702140817370,1263,0.1831482
1000LUNCUSDT,SELL,LIMIT,1702140818379,2448,0.1830775
1000LUNCUSDT,SELL,LIMIT,1702140819487,381,0.1829543
1000LUNCUSDT,SELL,LIMIT,1702140821156,1234,0.1828529
1000LUNCUSDT,SELL,LIMIT,1702140822156,7955,0.1827244
1000LUNCUSDT,SELL,LIMIT,1702140823393,4699,0.1826881
1000LUNCUSDT,SELL,LIMIT,1702140825935,436,0.1826651
1000LUNCUSDT,SELL,LIMIT,1702140826950,1213,0.1826524
1000LUNCUSDT,SELL,LIMIT,1702140859197,707,0.1825871
1000LUNCUSDT,SELL,LIMIT,1702140860398,71,0.1826052
1000LUNCUSDT,SELL,LIMIT,1702140867140,2449,0.1825544
1000LUNCUSDT,BUY,LIMIT,1702141152739,628,0.1873138
1000LUNCUSDT,SELL,LIMIT,1702141186746,75,0.1837637
1000LUNCUSDT,SELL,LIMIT,1702141195582,538,0.1837905
1000LUNCUSDT,SELL,LIMIT,1702141212581,12720,0.1838157
1000LUNCUSDT,SELL,LIMIT,1702141268766,456,0.1833184
1000LUNCUSDT,SELL,LIMIT,1702141553085,53253,0.1826098
1000LUNCUSDT,SELL,LIMIT,1702141555257,411,0.1848042
1000LUNCUSDT,SELL,LIMIT,1702141559186,1000,0.1836915
1000LUNCUSDT,SELL,LIMIT,1702141562737,388,0.1834570
1000LUNCUSDT,SELL,LIMIT,1702141564517,4303,0.1833085
1000LUNCUSDT,SELL,LIMIT,1702141658244,215,0.1837144
1000LUNCUSDT,SELL,LIMIT,1702141668030,4265,0.1833976
1000LUNCUSDT,SELL,LIMIT,1702141677599,9099,0.1838467
1000LUNCUSDT,SELL,LIMIT,1702141703106,10067,0.1831600
1000LUNCUSDT,SELL,LIMIT,1702141707238,3299,0.1829578
1000LUNCUSDT,SELL,LIMIT,1702141709417,79111,0.1809781
1000LUNCUSDT,SELL,LIMIT,1702141711792,238,0.1826886
1000LUNCUSDT,SELL,LIMIT,1702141726359,101274,0.1807744
1000LUNCUSDT,SELL,LIMIT,1702141732217,3493,0.1825959
1000LUNCUSDT,SELL,LIMIT,1702141736110,1957,0.1824114
1000LUNCUSDT,SELL,LIMIT,1702141737130,4385,0.1823758
1000LUNCUSDT,SELL,LIMIT,1702141738197,286,0.1823752
1000LUNCUSDT,SELL,LIMIT,1702141739205,431,0.1818325
1000LUNCUSDT,SELL,LIMIT,1702141740228,143,0.1816811
1000LUNCUSDT,SELL,LIMIT,1702141741236,9366,0.1811201
1000LUNCUSDT,SELL,LIMIT,1702141742303,794,0.1813790
1000LUNCUSDT,SELL,LIMIT,1702141743305,5820,0.1810065
1000LUNCUSDT,SELL,LIMIT,1702141744344,3057,0.1806988
1000LUNCUSDT,SELL,LIMIT,1702141745351,240,0.1805201
1000LUNCUSDT,SELL,LIMIT,1702141747068,3515,0.1811352
1000LUNCUSDT,SELL,LIMIT,1702141836497,16957,0.1805381
1000LUNCUSDT,SELL,LIMIT,1702141837504,50523,0.1791545
1000LUNCUSDT,SELL,LIMIT,1702141840345,5066,0.1803603
1000LUNCUSDT,SELL,LIMIT,1702141841640,4996,0.1803123
1000LUNCUSDT,SELL,LIMIT,1702141842923,186,0.1802408
1000LUNCUSDT,SELL,LIMIT,1702141843995,402,0.1801982
1000LUNCUSDT,SELL,LIMIT,1702141845210,2147,0.1801184
1000LUNCUSDT,SELL,LIMIT,1702141846374,11731,0.1801081
1000LUNCUSDT,SELL,LIMIT,1702141847456,3323,0.1801038
1000LUNCUSDT,SELL,LIMIT,1702141848475,242,0.1799326
1000LUNCUSDT,SELL,LIMIT,1702141849551,1599,0.1799892
1000LUNCUSDT,SELL,LIMIT,1702141851152,1438,0.1799288
1000LUNCUSDT,SELL,LIMIT,1702141856114,2064,0.1798696
1000LUNCUSDT,SELL,LIMIT,1702141857143,40267,0.1788836
1000LUNCUSDT,BUY,LIMIT,1702141941439,618,0.1850971
1000LUNCUSDT,SELL,LIMIT,1702142090298,10500,0.1797226
1000LUNCUSDT,SELL,LIMIT,1702142443737,2291,0.1803115
1000LUNCUSDT,SELL,LIMIT,1702142461318,1228,0.1796876
1000LUNCUSDT,SELL,LIMIT,1702142462449,74,0.1796717
1000LUNCUSDT,SELL,LIMIT,1702142464544,8319,0.1796384
1000LUNCUSDT,SELL,LIMIT,1702142465724,1,0.1794348
1000LUNCUSDT,SELL,LIMIT,1702142466777,1004,0.1793881
1000LUNCUSDT,SELL,LIMIT,1702142468087,1410,0.1792892
1000LUNCUSDT,SELL,LIMIT,1702142469144,1820,0.1793287
1000LUNCUSDT,SELL,LIMIT,1702142474368,189,0.1790922
1000LUNCUSDT,BUY,LIMIT,1702142721856,547,0.1844859
1000LUNCUSDT,SELL,LIMIT,1702143026281,281,0.1811026
1000LUNCUSDT,BUY,LIMIT,1702143097415,807,0.1853794
1000LUNCUSDT,BUY,LIMIT,1702143101578,5126,0.1853731
1000LUNCUSDT,BUY,LIMIT,1702143149419,2294,0.1853947
1000LUNCUSDT,BUY,LIMIT,1702143160992,6563,0.1854689
1000LUNCUSDT,BUY,LIMIT,1702143163325,4930,0.1855018
1000LUNCUSDT,BUY,LIMIT,1702143204377,1278,0.1856592
1000LUNCUSDT,BUY,LIMIT,1702143209585,1041,0.1856872
1000LUNCUSDT,BUY,LIMIT,1702143219955,1877,0.1860812
1000LUNCUSDT,BUY,LIMIT,1702143222928,2550,0.1861066
1000LUNCUSDT,BUY,LIMIT,1702143238939,269,0.1863332
1000LUNCUSDT,BUY,LIMIT,1702143678152,66,0.1864527
1000LUNCUSDT,BUY,LIMIT,1702143679514,54,0.1864460
1000LUNCUSDT,BUY,LIMIT,1702143733260,1348,0.1865514
1000LUNCUSDT,BUY,LIMIT,1702143752186,20897,0.1868168
1000LUNCUSDT,BUY,LIMIT,1702143820092,2449,0.1871742
1000LUNCUSDT,SELL,LIMIT,1702144077236,708,0.1827562
1000LUNCUSDT,SELL,LIMIT,1702144262481,4920,0.1819027
1000LUNCUSDT,BUY,LIMIT,1702144627606,281,0.1829736
1000LUNCUSDT,BUY,LIMIT,1702144630658,27178,0.1854561
1000LUNCUSDT,SELL,LIMIT,1702144741949,1614,0.1815474
1000LUNCUSDT,SELL,LIMIT,1702144749972,168,0.1812216
1000LUNCUSDT,SELL,LIMIT,1702144753870,6736,0.1809782
1000LUNCUSDT,SELL,LIMIT,1702144797052,16237,0.1811701
1000LUNCUSDT,BUY,LIMIT,1702145819717,3480,0.1865415
1000LUNCUSDT,BUY,LIMIT,1702145877172,77,0.1871666
1000LUNCUSDT,BUY,LIMIT,1702145880902,500,0.1871811
1000LUNCUSDT,BUY,LIMIT,1702146700850,1080,0.1870215
1000LUNCUSDT,BUY,LIMIT,1702146719912,3659,0.1869711
1000LUNCUSDT,BUY,LIMIT,1702146825728,2419,0.1872275
1000LUNCUSDT,BUY,LIMIT,1702146923321,341,0.1874262
1000LUNCUSDT,BUY,LIMIT,1702146924358,28,0.1874576
1000LUNCUSDT,BUY,LIMIT,1702147143309,302,0.1881483
1000LUNCUSDT,BUY,LIMIT,1702147144417,40,0.1878127
1000LUNCUSDT,BUY,LIMIT,1702148523356,5809,0.1883420
1000LUNCUSDT,BUY,LIMIT,1702148525174,1692,0.1885574
1000LUNCUSDT,BUY,LIMIT,1702148526281,1086,0.1886183
1000LUNCUSDT,BUY,LIMIT,1702148527370,225,0.1887501
1000LUNCUSDT,BUY,LIMIT,1702148528648,4984,0.1887792
1000LUNCUSDT,BUY,LIMIT,1702148584384,80,0.1884842
1000LUNCUSDT,BUY,LIMIT,1702148667591,1344,0.1889738
1000LUNCUSDT,BUY,LIMIT,1702148678277,205,0.1890182
1000LUNCUSDT,BUY,LIMIT,1702148684080,7471,0.1891729
1000LUNCUSDT,BUY,LIMIT,1702148687196,24736,0.1892830
1000LUNCUSDT,BUY,LIMIT,1702148762137,315,0.1894583
1000LUNCUSDT,BUY,LIMIT,1702148925499,4133,0.1899318
1000LUNCUSDT,BUY,LIMIT,1702149012475,26938,0.1900754
1000LUNCUSDT,BUY,LIMIT,1702149013525,8587,0.1900115
1000LUNCUSDT,BUY,LIMIT,1702149014993,1385,0.1900630
1000LUNCUSDT,BUY,LIMIT,1702149028228,6132,0.1902842
1000LUNCUSDT,BUY,LIMIT,1702149030098,6282,0.1902948
1000LUNCUSDT,BUY,LIMIT,1702149031826,937,0.1903889
1000LUNCUSDT,BUY,LIMIT,1702149034878,38,0.1905224
1000LUNCUSDT,BUY,LIMIT,1702149041611,20617,0.1906313
1000LUNCUSDT,BUY,LIMIT,1702149046665,173,0.1907164
1000LUNCUSDT,BUY,LIMIT,1702149049107,2747,0.1907549
1000LUNCUSDT,BUY,LIMIT,1702149050498,1265,0.1907843
1000LUNCUSDT,BUY,LIMIT,1702149054682,9116,0.1909021
1000LUNCUSDT,BUY,LIMIT,1702149063915,62,0.1909775
1000LUNCUSDT,BUY,LIMIT,1702149067779,10841,0.1911795
1000LUNCUSDT,BUY,LIMIT,1702149069241,570,0.1913252
1000LUNCUSDT,BUY,LIMIT,1702149081492,8460,0.1913864
1000LUNCUSDT,BUY,LIMIT,1702149090815,203,0.1914714
1000LUNCUSDT,BUY,LIMIT,1702149092986,44,0.1914980
1000LUNCUSDT,BUY,LIMIT,1702149094436,4212,0.1916023
1000LUNCUSDT,BUY,LIMIT,1702149097391,27206,0.1917143
1000LUNCUSDT,BUY,LIMIT,1702149099070,839,0.1916891
1000LUNCUSDT,BUY,LIMIT,1702149106155,2385,0.1918898
1000LUNCUSDT,BUY,LIMIT,1702149107172,1990,0.1919791
1000LUNCUSDT,BUY,LIMIT,1702149109788,382,0.1919697
1000LUNCUSDT,BUY,LIMIT,1702149130191,1030,0.1920084
1000LUNCUSDT,BUY,LIMIT,1702149132241,441,0.1920388
1000LUNCUSDT,BUY,LIMIT,1702149133384,2438,0.1920926
1000LUNCUSDT,BUY,LIMIT,1702149135221,2425,0.1922957
1000LUNCUSDT,BUY,LIMIT,1702149136441,3280,0.1923074
1000LUNCUSDT,BUY,LIMIT,1702149140581,81,0.1923483
1000LUNCUSDT,BUY,LIMIT,1702149144688,23510,0.1924855
1000LUNCUSDT,BUY,LIMIT,1702149146095,1635,0.1926016
1000LUNCUSDT,BUY,LIMIT,1702149147225,3724,0.1926560
1000LUNCUSDT,BUY,LIMIT,1702149148427,358,0.1926742
1000LUNCUSDT,BUY,LIMIT,1702149150640,82,0.1928842
1000LUNCUSDT,BUY,LIMIT,1702149163928,81,0.1930778
1000LUNCUSDT,BUY,LIMIT,1702149167244,2251,0.1932076
1000LUNCUSDT,BUY,LIMIT,1702149171177,639,0.1933332
1000LUNCUSDT,BUY,LIMIT,1702149175884,3026,0.1933941
1000LUNCUSDT,BUY,LIMIT,1702149179286,1101,0.1935619
1000LUNCUSDT,BUY,LIMIT,1702149191159,8041,0.1936881
1000LUNCUSDT,BUY,LIMIT,1702149192267,7980,0.1938263
1000LUNCUSDT,BUY,LIMIT,1702149193401,1000,0.1942648
1000LUNCUSDT,BUY,LIMIT,1702149194444,7750,0.1944113
1000LUNCUSDT,BUY,LIMIT,1702149196402,345,0.1944410
1000LUNCUSDT,SELL,LIMIT,1702149651268,519,0.1886374
1000LUNCUSDT,SELL,LIMIT,1702149671386,866,0.1881844
1000LUNCUSDT,BUY,LIMIT,1702149722057,1409,0.1937113
1000LUNCUSDT,SELL,LIMIT,1702150731416,20690,0.1880710
1000LUNCUSDT,SELL,LIMIT,1702151436284,130,0.1879731
1000LUNCUSDT,SELL,LIMIT,1702151442182,222,0.1878991
1000LUNCUSDT,SELL,LIMIT,1702151445909,3264,0.1878722
1000LUNCUSDT,SELL,LIMIT,1702151447037,5871,0.1877379
1000LUNCUSDT,SELL,LIMIT,1702151454626,346,0.1876790
1000LUNCUSDT,SELL,LIMIT,1702151547649,1014,0.1874417
1000LUNCUSDT,SELL,LIMIT,1702151551122,321,0.1873589
1000LUNCUSDT,SELL,LIMIT,1702151600385,1157,0.1871083
1000LUNCUSDT,SELL,LIMIT,1702152677352,10234,0.1875023
1000LUNCUSDT,SELL,LIMIT,1702152956405,7822,0.1867841
1000LUNCUSDT,SELL,LIMIT,1702152961273,1526,0.1866251
1000LUNCUSDT,SELL,LIMIT,1702152963695,2341,0.1865587
1000LUNCUSDT,SELL,LIMIT,1702152967800,16480,0.1865285
1000LUNCUSDT,SELL,LIMIT,1702153013763,3111,0.1864777
1000LUNCUSDT,SELL,LIMIT,1702153019154,398,0.1864107
1000LUNCUSDT,SELL,LIMIT,1702153065021,170,0.1862633
1000LUNCUSDT,SELL,LIMIT,1702153066085,758,0.1862309
1000LUNCUSDT,SELL,LIMIT,1702153197183,112,0.1860391
1000LUNCUSDT,SELL,LIMIT,1702153200503,7853,0.1859251
1000LUNCUSDT,BUY,LIMIT,1702153646480,509,0.1887200
1000LUNCUSDT,SELL,LIMIT,1702153647905,158,0.3097450
1000LUNCUSDT,SELL,LIMIT,1702153688302,3167,0.1857034
1000LUNCUSDT,SELL,LIMIT,1702153689648,766,0.1855612
1000LUNCUSDT,SELL,LIMIT,1702153692332,1861,0.1854540
1000LUNCUSDT,SELL,LIMIT,1702153697058,1321,0.1853699
1000LUNCUSDT,BUY,LIMIT,1702153698194,6966,0.1885490
1000LUNCUSDT,SELL,LIMIT,1702153701707,4143,0.1852755
1000LUNCUSDT,SELL,LIMIT,1702153704391,15935,0.1852579
1000LUNCUSDT,SELL,LIMIT,1702153709853,1806,0.1852786
1000LUNCUSDT,SELL,LIMIT,1702153729323,364,0.1851764
1000LUNCUSDT,SELL,LIMIT,1702153731548,25815,0.1850190
1000LUNCUSDT,SELL,LIMIT,1702153878145,312,0.1852988
1000LUNCUSDT,SELL,LIMIT,1702153882293,1213,0.1849118
1000LUNCUSDT,SELL,LIMIT,1702153912278,383,0.1850072
1000LUNCUSDT,SELL,LIMIT,1702153967090,301,0.1846721
1000LUNCUSDT,SELL,LIMIT,1702153970272,7633,0.1845984
1000LUNCUSDT,SELL,LIMIT,1702156246357,891,0.1846051
1000LUNCUSDT,SELL,LIMIT,1702156249126,500,0.1845037
1000LUNCUSDT,SELL,LIMIT,1702156252155,88,0.1844126
1000LUNCUSDT,SELL,LIMIT,1702156254055,1317,0.1843215
1000LUNCUSDT,SELL,LIMIT,1702156285899,12063,0.1841924
1000LUNCUSDT,SELL,LIMIT,1702156288100,2370,0.1840819
1000LUNCUSDT,SELL,LIMIT,1702156289738,133,0.1840029
1000LUNCUSDT,SELL,LIMIT,1702156366874,3219,0.1839870
1000LUNCUSDT,SELL,LIMIT,1702156394577,96,0.1838392
1000LUNCUSDT,SELL,LIMIT,1702156529193,73,0.1835179
1000LUNCUSDT,BUY,LIMIT,1702157637115,359,0.1886915
1000LUNCUSDT,BUY,LIMIT,1702158405025,9853,0.1884432
1000LUNCUSDT,SELL,LIMIT,1702159201119,2380,0.1834808
1000LUNCUSDT,SELL,LIMIT,1702159202167,3665,0.1834266
1000LUNCUSDT,SELL,LIMIT,1702159208436,618,0.1833023
1000LUNCUSDT,SELL,LIMIT,1702159257250,9980,0.1831995
1000LUNCUSDT,SELL,LIMIT,1702159438237,369,0.1831100
1000LUNCUSDT,SELL,LIMIT,1702159440725,3499,0.1827753
1000LUNCUSDT,SELL,LIMIT,1702159442973,87,0.1827291
1000LUNCUSDT,SELL,LIMIT,1702161376918,2152,0.1834768
1000LUNCUSDT,SELL,LIMIT,1702161381391,1988,0.1836773
1000LUNCUSDT,SELL,LIMIT,1702161612573,37506,0.1823568
1000LUNCUSDT,SELL,LIMIT,1702162066171,91,0.1827791
1000LUNCUSDT,SELL,LIMIT,1702162070527,996,0.1827149
1000LUNCUSDT,SELL,LIMIT,1702162071736,877,0.1826279
1000LUNCUSDT,SELL,LIMIT,1702162075394,646,0.1824991
1000LUNCUSDT,SELL,LIMIT,1702162078693,158,0.1824513
1000LUNCUSDT,SELL,LIMIT,1702162130888,216,0.1827202
1000LUNCUSDT,SELL,LIMIT,1702162172949,198,0.1825190
1000LUNCUSDT,SELL,LIMIT,1702162178443,12943,0.1824868
1000LUNCUSDT,SELL,LIMIT,1702162180851,78,0.1829469
1000LUNCUSDT,BUY,LIMIT,1702162182704,2170,0.1860955
1000LUNCUSDT,SELL,LIMIT,1702162188054,29,0.1825339
1000LUNCUSDT,SELL,LIMIT,1702162317404,986,0.1823976
1000LUNCUSDT,SELL,LIMIT,1702162318762,8931,0.1822651
1000LUNCUSDT,SELL,LIMIT,1702162370106,216,0.1821472
1000LUNCUSDT,SELL,LIMIT,1702162371123,344,0.1821345
1000LUNCUSDT,SELL,LIMIT,1702162372136,1945,0.1819197
1000LUNCUSDT,SELL,LIMIT,1702162373212,13583,0.1818155
1000LUNCUSDT,SELL,LIMIT,1702162374365,428,0.1817976
1000LUNCUSDT,SELL,LIMIT,1702162384118,954,0.1816955
1000LUNCUSDT,SELL,LIMIT,1702162545116,27005,0.1817047
1000LUNCUSDT,SELL,LIMIT,1702162551148,709,0.1814747
1000LUNCUSDT,SELL,LIMIT,1702162552290,2346,0.1815634
1000LUNCUSDT,SELL,LIMIT,1702162560552,2734,0.1812995
1000LUNCUSDT,SELL,LIMIT,1702163927565,22,0.1819027
1000LUNCUSDT,SELL,LIMIT,1702164019176,814,0.1820116
1000LUNCUSDT,SELL,LIMIT,1702164041500,26781,0.1817443
1000LUNCUSDT,SELL,LIMIT,1702164053465,25062,0.1814968
1000LUNCUSDT,SELL,LIMIT,1702164121452,36,0.1810980
1000LUNCUSDT,SELL,LIMIT,1702164122462,28754,0.1807702
1000LUNCUSDT,SELL,LIMIT,1702164126106,2619,0.1806879
1000LUNCUSDT,SELL,LIMIT,1702164127207,264,0.1806745
1000LUNCUSDT,SELL,LIMIT,1702164128389,2081,0.1805559
1000LUNCUSDT,SELL,LIMIT,1702164133382,8452,0.1804230
1000LUNCUSDT,SELL,LIMIT,1702164134434,847,0.1800396
1000LUNCUSDT,SELL,LIMIT,1702164135456,4233,0.1798795
1000LUNCUSDT,SELL,LIMIT,1702164139193,2306,0.1796596
1000LUNCUSDT,SELL,LIMIT,1702164140326,2116,0.1795879
1000LUNCUSDT,SELL,LIMIT,1702164141421,211,0.1795125
1000LUNCUSDT,SELL,LIMIT,1702164142521,2836,0.1794740
1000LUNCUSDT,SELL,LIMIT,1702164144925,19236,0.1795679
1000LUNCUSDT,SELL,LIMIT,1702164161954,1160,0.1795663
1000LUNCUSDT,SELL,LIMIT,1702164294206,18643,0.1797468
1000LUNCUSDT,SELL,LIMIT,1702164430087,57,0.1794183
1000LUNCUSDT,SELL,LIMIT,1702164431515,37,0.1793767
1000LUNCUSDT,SELL,LIMIT,1702164433728,45541,0.1781609
1000LUNCUSDT,SELL,LIMIT,1702164435045,428,0.1791505
1000LUNCUSDT,SELL,LIMIT,1702164436088,1537,0.1791092
1000LUNCUSDT,SELL,LIMIT,1702164437232,99,0.1790020
1000LUNCUSDT,SELL,LIMIT,1702164438500,2653,0.1790462
1000LUNCUSDT,SELL,LIMIT,1702164450272,126262,0.1771473
1000LUNCUSDT,SELL,LIMIT,1702164503683,11602,0.1796241
1000LUNCUSDT,SELL,LIMIT,1702164515407,788,0.1793854
1000LUNCUSDT,SELL,LIMIT,1702164529459,1309,0.1793089
1000LUNCUSDT,SELL,LIMIT,1702164530910,13471,0.1793317
1000LUNCUSDT,SELL,LIMIT,1702164539258,623,0.1792000
1000LUNCUSDT,SELL,LIMIT,1702164541252,3063,0.1791307
1000LUNCUSDT,SELL,LIMIT,1702164542265,6662,0.1790218
1000LUNCUSDT,SELL,LIMIT,1702164543288,52426,0.1776430
1000LUNCUSDT,SELL,LIMIT,1702164544393,505,0.1789812
1000LUNCUSDT,SELL,LIMIT,1702164545417,3117,0.1787899
1000LUNCUSDT,SELL,LIMIT,1702164546636,217,0.1786940
1000LUNCUSDT,SELL,LIMIT,1702164548138,68,0.1785513
1000LUNCUSDT,SELL,LIMIT,1702164549198,12848,0.1785460
1000LUNCUSDT,BUY,LIMIT,1702164573593,46,0.1819742
1000LUNCUSDT,SELL,LIMIT,1702164581392,18220,0.1790020
1000LUNCUSDT,SELL,LIMIT,1702164675866,32,0.1796550
1000LUNCUSDT,SELL,LIMIT,1702164688413,614,0.1787644
1000LUNCUSDT,SELL,LIMIT,1702164743059,1837,0.1788238
1000LUNCUSDT,SELL,LIMIT,1702164747141,13695,0.1787446
1000LUNCUSDT,SELL,LIMIT,1702164748632,487,0.1798673
1000LUNCUSDT,SELL,LIMIT,1702164750499,2265,0.1786456
1000LUNCUSDT,SELL,LIMIT,1702164752185,4009,0.1784734
1000LUNCUSDT,SELL,LIMIT,1702164755350,4807,0.1783978
1000LUNCUSDT,SELL,LIMIT,1702164756352,14608,0.1784304
1000LUNCUSDT,SELL,LIMIT,1702164757370,370,0.1782961
1000LUNCUSDT,SELL,LIMIT,1702164758416,27578,0.1782308
1000LUNCUSDT,SELL,LIMIT,1702164759482,981,0.1781003
1000LUNCUSDT,SELL,LIMIT,1702164767821,488,0.1782595
1000LUNCUSDT,SELL,LIMIT,1702164797516,14,0.3260464
1000LUNCUSDT,SELL,LIMIT,1702164798533,655,0.1784642
1000LUNCUSDT,SELL,LIMIT,1702164800366,2842,0.1781934
1000LUNCUSDT,SELL,LIMIT,1702164801896,244,0.1780446
1000LUNCUSDT,SELL,LIMIT,1702164802945,36,0.1779621
1000LUNCUSDT,SELL,LIMIT,1702164804012,2082,0.1778112
1000LUNCUSDT,SELL,LIMIT,1702164805314,1243,0.1776667
1000LUNCUSDT,SELL,LIMIT,1702164806335,1201,0.1776318
1000LUNCUSDT,SELL,LIMIT,1702164807356,433,0.1775043
1000LUNCUSDT,SELL,LIMIT,1702164808399,33,0.1774477
1000LUNCUSDT,SELL,LIMIT,1702164809401,69355,0.1756857
1000LUNCUSDT,SELL,LIMIT,1702164810413,8809,0.1772574
1000LUNCUSDT,SELL,LIMIT,1702164811454,5231,0.1769260
1000LUNCUSDT,SELL,LIMIT,1702164812469,31,0.1764237
1000LUNCUSDT,SELL,LIMIT,1702164814638,519,0.1766802
1000LUNCUSDT,SELL,LIMIT,1702164816126,1000,0.1766337
1000LUNCUSDT,SELL,LIMIT,1702164817370,1921,0.1765837
1000LUNCUSDT,SELL,LIMIT,1702164849250,1252,0.1774081
1000LUNCUSDT,SELL,LIMIT,1702164867151,428,0.1771309
1000LUNCUSDT,SELL,LIMIT,1702164868252,1028,0.1770771
1000LUNCUSDT,BUY,LIMIT,1702166437523,37,0.1828944
1000LUNCUSDT,BUY,LIMIT,1702166438632,2737,0.1830375
1000LUNCUSDT,BUY,LIMIT,1702166440137,38,0.1830846
1000LUNCUSDT,BUY,LIMIT,1702166481708,4221,0.1832146
1000LUNCUSDT,SELL,LIMIT,1702166497296,1368,0.1844350
1000LUNCUSDT,BUY,LIMIT,1702166514661,2422,0.1832394
1000LUNCUSDT,BUY,LIMIT,1702166528510,27833,0.1835417
1000LUNCUSDT,BUY,LIMIT,1702166540817,8663,0.1837577
1000LUNCUSDT,SELL,LIMIT,1702166752791,1222,0.1791802
1000LUNCUSDT,SELL,LIMIT,1702166786661,814,0.1791307
1000LUNCUSDT,BUY,LIMIT,1702168423884,626,0.1839902
1000LUNCUSDT,BUY,LIMIT,1702168450649,11232,0.1839941
1000LUNCUSDT,BUY,LIMIT,1702168463181,3959,0.1840025
1000LUNCUSDT,BUY,LIMIT,1702168464443,8388,0.1840151
1000LUNCUSDT,BUY,LIMIT,1702168465754,2215,0.1840466
1000LUNCUSDT,BUY,LIMIT,1702168468506,2406,0.1840998
1000LUNCUSDT,BUY,LIMIT,1702168500326,3451,0.1841979
1000LUNCUSDT,BUY,LIMIT,1702168528507,609,0.1842244
