Symbol,Side,Order Type,Time,Quantity,Price
1000SHIBUSDT,BUY,LIMIT,1701066215237,5769,0.008450
1000SHIBUSDT,BUY,LIMIT,1701066284459,755835,0.008475
1000SHIBUSDT,BUY,LIMIT,1701066290768,458323,0.008477
1000SHIBUSDT,BUY,LIMIT,1701066373534,57283,0.008479
1000SHIBUSDT,BUY,LIMIT,1701066377736,20363,0.008483
1000SHIBUSDT,BUY,LIMIT,1701066466534,7262,0.008486
1000SHIBUSDT,BUY,LIMIT,1701066486059,29800,0.008493
1000SHIBUSDT,SELL,LIMIT,1701067580983,12387,0.008310
1000SHIBUSDT,SELL,LIMIT,1701068148994,58244,0.008340
1000SHIBUSDT,SELL,LIMIT,1701068151150,5130,0.008316
1000SHIBUSDT,SELL,LIMIT,1701068152803,16848,0.008277
1000SHIBUSDT,SELL,LIMIT,1701068388116,41511,0.008272
1000SHIBUSDT,BUY,LIMIT,1701068969698,314056,0.008468
1000SHIBUSDT,SELL,LIMIT,1701069803453,21956,0.008320
1000SHIBUSDT,SELL,LIMIT,1701069808149,3532,0.008324
1000SHIBUSDT,SELL,LIMIT,1701069819440,26352,0.008311
1000SHIBUSDT,SELL,LIMIT,1701069829092,100000,0.008313
1000SHIBUSDT,SELL,LIMIT,1701069886217,5905,0.008286
1000SHIBUSDT,SELL,LIMIT,1701069887977,13881,0.008286
1000SHIBUSDT,SELL,LIMIT,1701069917297,1204,0.008279
1000SHIBUSDT,SELL,LIMIT,1701069918830,836,0.008277
1000SHIBUSDT,SELL,LIMIT,1701070159379,163537,0.008303
1000SHIBUSDT,SELL,LIMIT,1701070171517,2041,0.008289
1000SHIBUSDT,SELL,LIMIT,1701070172533,54196,0.008287
1000SHIBUSDT,SELL,LIMIT,1701070439378,77421,0.008280
1000SHIBUSDT,SELL,LIMIT,1701070440819,47631,0.008264
1000SHIBUSDT,SELL,LIMIT,1701070442209,15921,0.008257
1000SHIBUSDT,BUY,LIMIT,1701071216186,6511,0.008485
1000SHIBUSDT,BUY,LIMIT,1701071260497,110527,0.008502
1000SHIBUSDT,BUY,LIMIT,1701071261551,12553,0.008508
1000SHIBUSDT,BUY,LIMIT,1701071504098,3721,0.008527
1000SHIBUSDT,BUY,LIMIT,1701071505919,1620,0.008529
1000SHIBUSDT,BUY,LIMIT,1701071508138,9996,0.008537
1000SHIBUSDT,BUY,LIMIT,1701071516098,25065,0.008540
1000SHIBUSDT,BUY,LIMIT,1701071532674,2544,0.008544
1000SHIBUSDT,BUY,LIMIT,1701071540258,84292,0.008546
1000SHIBUSDT,BUY,LIMIT,1701071614178,3727,0.008559
1000SHIBUSDT,BUY,LIMIT,1701071651510,47262,0.008562
1000SHIBUSDT,BUY,LIMIT,1701071691576,1075,0.008568
1000SHIBUSDT,BUY,LIMIT,1701071699812,1043,0.008576
1000SHIBUSDT,BUY,LIMIT,1701071706988,13225,0.008585
1000SHIBUSDT,BUY,LIMIT,1701071911148,5528,0.008596
1000SHIBUSDT,BUY,LIMIT,1701071916507,245217,0.008597
1000SHIBUSDT,BUY,LIMIT,1701071926519,80000,0.008606
1000SHIBUSDT,BUY,LIMIT,1701072101374,6003,0.008618
1000SHIBUSDT,BUY,LIMIT,1701072510172,79494,0.008629
1000SHIBUSDT,BUY,LIMIT,1701072516138,590667,0.008636
1000SHIBUSDT,BUY,LIMIT,1701072522677,7279,0.008644
1000SHIBUSDT,BUY,LIMIT,1701072565188,382905,0.008652
1000SHIBUSDT,BUY,LIMIT,1701072566415,44122,0.008654
1000SHIBUSDT,BUY,LIMIT,1701072622330,789764,0.008668
1000SHIBUSDT,BUY,LIMIT,1701072623376,25615,0.008665
1000SHIBUSDT,BUY,LIMIT,1701072643210,187791,0.008676
1000SHIBUSDT,BUY,LIMIT,1701072706239,293813,0.008692
1000SHIBUSDT,BUY,LIMIT,1701072713317,44873,0.008694
1000SHIBUSDT,BUY,LIMIT,1701072718127,24148,0.008695
1000SHIBUSDT,BUY,LIMIT,1701072763675,1792,0.008698
1000SHIBUSDT,BUY,LIMIT,1701072809419,18821,0.008711
1000SHIBUSDT,SELL,LIMIT,1701073407715,543646,0.008475
1000SHIBUSDT,SELL,LIMIT,1701073744468,27523,0.008452
1000SHIBUSDT,SELL,LIMIT,1701073883157,1037,0.008447
1000SHIBUSDT,SELL,LIMIT,1701073998949,177346,0.008442
1000SHIBUSDT,SELL,LIMIT,1701074020366,14992,0.008428
1000SHIBUSDT,SELL,LIMIT,1701074031562,68599,0.008422
1000SHIBUSDT,SELL,LIMIT,1701074346081,19759,0.008453
1000SHIBUSDT,SELL,LIMIT,1701074479343,76812,0.008405
1000SHIBUSDT,SELL,LIMIT,1701074512726,11682,0.008392
1000SHIBUSDT,SELL,LIMIT,1701074638699,29219,0.008381
1000SHIBUSDT,SELL,LIMIT,1701074753359,26690,0.008394
1000SHIBUSDT,BUY,LIMIT,1701075668023,243372,0.008493
1000SHIBUSDT,SELL,LIMIT,1701076017307,82719,0.008363
1000SHIBUSDT,SELL,LIMIT,1701076063086,792,0.008359
1000SHIBUSDT,SELL,LIMIT,1701076064478,444933,0.008360
1000SHIBUSDT,SELL,LIMIT,1701076170150,4696,0.008356
1000SHIBUSDT,SELL,LIMIT,1701076187918,7197,0.008349
1000SHIBUSDT,SELL,LIMIT,1701076781306,233535,0.008368
1000SHIBUSDT,SELL,LIMIT,1701080491483,191183,0.008386
1000SHIBUSDT,SELL,LIMIT,1701080531641,260838,0.008349
1000SHIBUSDT,SELL,LIMIT,1701080874169,38311,0.008341
1000SHIBUSDT,SELL,LIMIT,1701080879299,29229,0.008337
1000SHIBUSDT,SELL,LIMIT,1701080891726,20022,0.008335
1000SHIBUSDT,SELL,LIMIT,1701080893768,25926,0.008334
1000SHIBUSDT,SELL,LIMIT,1701081000070,19028,0.008327
1000SHIBUSDT,SELL,LIMIT,1701081004934,588564,0.008320
1000SHIBUSDT,SELL,LIMIT,1701081077817,67469,0.008316
1000SHIBUSDT,SELL,LIMIT,1701081256139,721,0.008302
1000SHIBUSDT,SELL,LIMIT,1701081257240,2552,0.008299
1000SHIBUSDT,SELL,LIMIT,1701081328664,616,0.008386
1000SHIBUSDT,SELL,LIMIT,1701081390051,7945,0.008294
1000SHIBUSDT,SELL,LIMIT,1701081406505,29488,0.008293
1000SHIBUSDT,SELL,LIMIT,1701081426989,115103,0.008291
1000SHIBUSDT,SELL,LIMIT,1701081428905,40543,0.008296
1000SHIBUSDT,SELL,LIMIT,1701081430318,216954,0.008288
1000SHIBUSDT,SELL,LIMIT,1701081438157,71766,0.008281
1000SHIBUSDT,SELL,LIMIT,1701081439205,161307,0.008279
1000SHIBUSDT,SELL,LIMIT,1701081444179,124218,0.008278
1000SHIBUSDT,SELL,LIMIT,1701081447756,248,0.008379
1000SHIBUSDT,SELL,LIMIT,1701081451060,236,0.008290
1000SHIBUSDT,SELL,LIMIT,1701081490832,1271,0.008269
1000SHIBUSDT,SELL,LIMIT,1701081496896,20000,0.008265
1000SHIBUSDT,SELL,LIMIT,1701081498032,4715,0.008266
1000SHIBUSDT,SELL,LIMIT,1701081586130,107178,0.008266
1000SHIBUSDT,SELL,LIMIT,1701081609380,591575,0.008264
1000SHIBUSDT,SELL,LIMIT,1701082442030,6029,0.008265
1000SHIBUSDT,SELL,LIMIT,1701082475646,41247,0.008261
1000SHIBUSDT,SELL,LIMIT,1701082486558,6161,0.008260
1000SHIBUSDT,SELL,LIMIT,1701082497323,252550,0.008257
1000SHIBUSDT,SELL,LIMIT,1701082618409,2267409,0.008248
1000SHIBUSDT,SELL,LIMIT,1701082664341,1782,0.008247
1000SHIBUSDT,SELL,LIMIT,1701082674279,191646,0.008240
1000SHIBUSDT,SELL,LIMIT,1701082679289,62502,0.008235
1000SHIBUSDT,SELL,LIMIT,1701082680337,30598,0.008236
1000SHIBUSDT,SELL,LIMIT,1701082692701,362586,0.008234
1000SHIBUSDT,SELL,LIMIT,1701083465094,4609675,0.008215
1000SHIBUSDT,SELL,LIMIT,1701084930362,8205,0.008279
1000SHIBUSDT,SELL,LIMIT,1701086707135,356351,0.008284
1000SHIBUSDT,SELL,LIMIT,1701086718697,318425,0.008287
1000SHIBUSDT,SELL,LIMIT,1701088537824,349121,0.008227
1000SHIBUSDT,SELL,LIMIT,1701088562571,5908,0.008225
1000SHIBUSDT,SELL,LIMIT,1701088698612,120339,0.008220
1000SHIBUSDT,SELL,LIMIT,1701088704887,46962,0.008216
1000SHIBUSDT,SELL,LIMIT,1701089921696,59489,0.008214
1000SHIBUSDT,SELL,LIMIT,1701089933175,2485,0.008209
1000SHIBUSDT,SELL,LIMIT,1701089944445,206368,0.008205
1000SHIBUSDT,SELL,LIMIT,1701090693598,3440,0.008229
1000SHIBUSDT,SELL,LIMIT,1701091160714,761,0.008200
1000SHIBUSDT,SELL,LIMIT,1701092758866,209262,0.008185
1000SHIBUSDT,SELL,LIMIT,1701092905353,9030,0.008197
1000SHIBUSDT,SELL,LIMIT,1701093048119,11080,0.008182
1000SHIBUSDT,SELL,LIMIT,1701093061375,2394,0.008181
1000SHIBUSDT,BUY,LIMIT,1701093075830,36266,0.008280
1000SHIBUSDT,SELL,LIMIT,1701093090812,16435,0.008175
1000SHIBUSDT,SELL,LIMIT,1701093106070,81992,0.008172
1000SHIBUSDT,SELL,LIMIT,1701093107439,45588,0.008171
1000SHIBUSDT,SELL,LIMIT,1701093114564,56502,0.008166
1000SHIBUSDT,SELL,LIMIT,1701093116071,2186,0.008163
1000SHIBUSDT,SELL,LIMIT,1701093131165,107519,0.008163
1000SHIBUSDT,SELL,LIMIT,1701093137158,39323,0.008152
1000SHIBUSDT,SELL,LIMIT,1701094667419,458978,0.008152
1000SHIBUSDT,SELL,LIMIT,1701094705909,120247,0.008146
1000SHIBUSDT,SELL,LIMIT,1701094855965,46191,0.008142
1000SHIBUSDT,SELL,LIMIT,1701094875309,3758,0.008140
1000SHIBUSDT,SELL,LIMIT,1701094879378,15456,0.008137
1000SHIBUSDT,SELL,LIMIT,1701094882229,2463,0.008132
1000SHIBUSDT,SELL,LIMIT,1701094969449,1218,0.008129
1000SHIBUSDT,SELL,LIMIT,1701094995224,5131,0.008128
1000SHIBUSDT,SELL,LIMIT,1701095006365,287609,0.008125
1000SHIBUSDT,SELL,LIMIT,1701095009757,11070,0.008122
1000SHIBUSDT,SELL,LIMIT,1701095130091,92953,0.008118
1000SHIBUSDT,SELL,LIMIT,1701095470327,603417,0.008117
1000SHIBUSDT,SELL,LIMIT,1701095473069,39263,0.008113
1000SHIBUSDT,SELL,LIMIT,1701095474222,12077,0.008115
1000SHIBUSDT,SELL,LIMIT,1701095476218,57429,0.008108
1000SHIBUSDT,SELL,LIMIT,1701095509122,35981,0.008107
1000SHIBUSDT,SELL,LIMIT,1701095537538,10201,0.008106
1000SHIBUSDT,SELL,LIMIT,1701095555105,49813,0.008104
1000SHIBUSDT,SELL,LIMIT,1701095577264,68569,0.008105
1000SHIBUSDT,SELL,LIMIT,1701095593446,30364,0.008099
1000SHIBUSDT,SELL,LIMIT,1701095595113,4663,0.008097
1000SHIBUSDT,SELL,LIMIT,1701095597702,50850,0.008096
1000SHIBUSDT,SELL,LIMIT,1701095599605,479332,0.008097
1000SHIBUSDT,SELL,LIMIT,1701095610319,125261,0.008090
1000SHIBUSDT,SELL,LIMIT,1701095611690,580885,0.008090
1000SHIBUSDT,SELL,LIMIT,1701097048831,614628,0.008092
1000SHIBUSDT,SELL,LIMIT,1701097073639,3630,0.008086
1000SHIBUSDT,SELL,LIMIT,1701097077217,96946,0.008084
1000SHIBUSDT,SELL,LIMIT,1701097079046,10337,0.008082
1000SHIBUSDT,SELL,LIMIT,1701097085482,35079,0.008081
1000SHIBUSDT,SELL,LIMIT,1701097088558,61905,0.008076
1000SHIBUSDT,SELL,LIMIT,1701097094208,3672,0.008079
1000SHIBUSDT,SELL,LIMIT,1701097103301,27264,0.008068
1000SHIBUSDT,BUY,LIMIT,1701097290428,460574,0.008192
1000SHIBUSDT,SELL,LIMIT,1701100186545,6815,0.008090
1000SHIBUSDT,SELL,LIMIT,1701100219556,11027,0.008122
1000SHIBUSDT,SELL,LIMIT,1701100285392,2000000,0.008076
1000SHIBUSDT,SELL,LIMIT,1701100515979,7670,0.008086
1000SHIBUSDT,SELL,LIMIT,1701100532049,144643,0.008079
1000SHIBUSDT,SELL,LIMIT,1701100552242,39117,0.008077
1000SHIBUSDT,SELL,LIMIT,1701100563412,50000,0.008279
1000SHIBUSDT,SELL,LIMIT,1701100565108,70947,0.008071
1000SHIBUSDT,SELL,LIMIT,1701100568225,65462,0.008067
1000SHIBUSDT,SELL,LIMIT,1701100572167,283684,0.008067
1000SHIBUSDT,SELL,LIMIT,1701100573375,20000,0.008068
1000SHIBUSDT,SELL,LIMIT,1701100577379,3161,0.008064
1000SHIBUSDT,SELL,LIMIT,1701100618166,31506,0.008065
1000SHIBUSDT,SELL,LIMIT,1701100627507,94586,0.008060
1000SHIBUSDT,SELL,LIMIT,1701100628914,81561,0.008058
1000SHIBUSDT,SELL,LIMIT,1701100633910,7198,0.008097
1000SHIBUSDT,SELL,LIMIT,1701101007837,1084,0.008088
1000SHIBUSDT,SELL,LIMIT,1701101044101,196470,0.008095
1000SHIBUSDT,SELL,LIMIT,1701101060143,11729,0.008089
1000SHIBUSDT,SELL,LIMIT,1701101066100,834,0.008095
1000SHIBUSDT,SELL,LIMIT,1701101082095,14968,0.008119
1000SHIBUSDT,SELL,LIMIT,1701101235327,21345,0.008117
1000SHIBUSDT,SELL,LIMIT,1701102063715,54982,0.008294
1000SHIBUSDT,SELL,LIMIT,1701102085483,446056,0.008097
1000SHIBUSDT,BUY,LIMIT,1701104796219,2149,0.008279
1000SHIBUSDT,BUY,LIMIT,1701105034824,163431,0.008301
1000SHIBUSDT,SELL,LIMIT,1701111233582,1157407,0.008092
1000SHIBUSDT,SELL,LIMIT,1701111282698,722,0.008158
1000SHIBUSDT,SELL,LIMIT,1701111592045,10306,0.008082
1000SHIBUSDT,SELL,LIMIT,1701111914314,342154,0.008098
1000SHIBUSDT,SELL,LIMIT,1701111928031,10599,0.008079
1000SHIBUSDT,SELL,LIMIT,1701111935761,71910,0.008077
1000SHIBUSDT,SELL,LIMIT,1701111937676,250317,0.008078
1000SHIBUSDT,SELL,LIMIT,1701111984205,1726,0.008068
1000SHIBUSDT,SELL,LIMIT,1701111987921,1122,0.008068
1000SHIBUSDT,SELL,LIMIT,1701112080721,2379,0.008069
1000SHIBUSDT,SELL,LIMIT,1701112195061,34276,0.008053
1000SHIBUSDT,SELL,LIMIT,1701112213123,35850,0.008052
1000SHIBUSDT,SELL,LIMIT,1701112214420,925,0.008052
1000SHIBUSDT,SELL,LIMIT,1701114158908,1650,0.008055
1000SHIBUSDT,SELL,LIMIT,1701114163301,31963,0.008051
1000SHIBUSDT,SELL,LIMIT,1701114207785,10670,0.008042
1000SHIBUSDT,SELL,LIMIT,1701114214109,9174,0.008044
1000SHIBUSDT,SELL,LIMIT,1701114216169,3746,0.008039
1000SHIBUSDT,SELL,LIMIT,1701114221849,51298,0.008039
1000SHIBUSDT,SELL,LIMIT,1701114226509,843442,0.008036
1000SHIBUSDT,SELL,LIMIT,1701114228448,29665,0.008037
1000SHIBUSDT,SELL,LIMIT,1701114232161,3753,0.008036
1000SHIBUSDT,SELL,LIMIT,1701114236260,4643,0.008031
1000SHIBUSDT,SELL,LIMIT,1701114238427,622,0.008031
1000SHIBUSDT,SELL,LIMIT,1701114242365,9823,0.008029
1000SHIBUSDT,SELL,LIMIT,1701114269390,740154,0.008027
1000SHIBUSDT,SELL,LIMIT,1701114274403,79407,0.008021
1000SHIBUSDT,SELL,LIMIT,1701114344302,35038,0.008024
1000SHIBUSDT,SELL,LIMIT,1701114351284,29469,0.008021
1000SHIBUSDT,SELL,LIMIT,1701114352849,929,0.008019
1000SHIBUSDT,SELL,LIMIT,1701114360301,57426,0.008018
1000SHIBUSDT,SELL,LIMIT,1701114451997,2852516,0.008011
1000SHIBUSDT,SELL,LIMIT,1701114455206,193663,0.008015
1000SHIBUSDT,SELL,LIMIT,1701114456284,3691,0.008028
1000SHIBUSDT,SELL,LIMIT,1701114459959,117791,0.008012
1000SHIBUSDT,SELL,LIMIT,1701114465055,23289,0.008008
1000SHIBUSDT,SELL,LIMIT,1701114470093,49281,0.008007
1000SHIBUSDT,SELL,LIMIT,1701114471426,122831,0.008005
1000SHIBUSDT,SELL,LIMIT,1701114475612,50000,0.008006
1000SHIBUSDT,SELL,LIMIT,1701114477301,65515,0.008013
1000SHIBUSDT,SELL,LIMIT,1701114478891,95807,0.008005
1000SHIBUSDT,SELL,LIMIT,1701114484302,46522,0.008005
1000SHIBUSDT,SELL,LIMIT,1701114490650,7161,0.008003
1000SHIBUSDT,SELL,LIMIT,1701114493094,10908,0.008001
1000SHIBUSDT,SELL,LIMIT,1701114496065,21482,0.007994
1000SHIBUSDT,SELL,LIMIT,1701114498407,597014,0.007996
1000SHIBUSDT,SELL,LIMIT,1701114501255,9107,0.007990
1000SHIBUSDT,SELL,LIMIT,1701114531392,4289,0.007987
1000SHIBUSDT,SELL,LIMIT,1701114533327,6666,0.007986
1000SHIBUSDT,SELL,LIMIT,1701114566504,3441132,0.007973
1000SHIBUSDT,SELL,LIMIT,1701114568710,2018,0.007983
1000SHIBUSDT,SELL,LIMIT,1701115520992,4277,0.008043
1000SHIBUSDT,SELL,LIMIT,1701116769507,308411,0.007999
1000SHIBUSDT,SELL,LIMIT,1701116832174,3207,0.007988
1000SHIBUSDT,SELL,LIMIT,1701116906518,758664,0.007978
1000SHIBUSDT,SELL,LIMIT,1701116909929,205635,0.007978
1000SHIBUSDT,SELL,LIMIT,1701116914447,3624,0.007976
1000SHIBUSDT,SELL,LIMIT,1701116990210,482342,0.007981
1000SHIBUSDT,SELL,LIMIT,1701118407314,30360,0.008014
1000SHIBUSDT,BUY,LIMIT,1701121053524,3587,0.008189
1000SHIBUSDT,SELL,LIMIT,1701121839567,53923,0.008071
1000SHIBUSDT,SELL,LIMIT,1701123096253,127947,0.008062
1000SHIBUSDT,SELL,LIMIT,1701123167071,33903,0.008060
1000SHIBUSDT,BUY,LIMIT,1701124225488,1044,0.008196
1000SHIBUSDT,BUY,LIMIT,1701129167280,175000,0.008255
1000SHIBUSDT,BUY,LIMIT,1701130968397,1175,0.008264
1000SHIBUSDT,SELL,LIMIT,1701131094715,11876,0.008165
1000SHIBUSDT,BUY,LIMIT,1701135783657,360988,0.008234
1000SHIBUSDT,SELL,LIMIT,1701143258748,7320,0.008079
1000SHIBUSDT,SELL,LIMIT,1701146916532,364049,0.008060
1000SHIBUSDT,SELL,LIMIT,1701147875092,6103,0.008044
1000SHIBUSDT,SELL,LIMIT,1701147891409,1234,0.008044
1000SHIBUSDT,SELL,LIMIT,1701147923319,1287,0.008037
1000SHIBUSDT,SELL,LIMIT,1701147930679,7626,0.008034
1000SHIBUSDT,SELL,LIMIT,1701148004209,117822,0.008028
1000SHIBUSDT,SELL,LIMIT,1701148008958,32847,0.008024
1000SHIBUSDT,SELL,LIMIT,1701148012109,93791,0.008024
1000SHIBUSDT,SELL,LIMIT,1701148252236,3365,0.008008
1000SHIBUSDT,SELL,LIMIT,1701148566291,30748,0.008046
1000SHIBUSDT,SELL,LIMIT,1701148801636,756,0.008118
1000SHIBUSDT,SELL,LIMIT,1701148972237,21314,0.008007
1000SHIBUSDT,SELL,LIMIT,1701149015363,24305,0.008003
1000SHIBUSDT,SELL,LIMIT,1701149039174,143147,0.008001
1000SHIBUSDT,SELL,LIMIT,1701149067958,3051238,0.007995
1000SHIBUSDT,SELL,LIMIT,1701149860388,902,0.007988
1000SHIBUSDT,SELL,LIMIT,1701149880191,141668,0.007988
1000SHIBUSDT,SELL,LIMIT,1701149889935,3094059,0.007983
1000SHIBUSDT,SELL,LIMIT,1701149891903,1212,0.008003
1000SHIBUSDT,SELL,LIMIT,1701149893187,159567,0.007982
1000SHIBUSDT,SELL,LIMIT,1701149895793,4884,0.007980
1000SHIBUSDT,SELL,LIMIT,1701150536183,609674,0.008011
1000SHIBUSDT,SELL,LIMIT,1701151281190,1500000,0.007993
1000SHIBUSDT,SELL,LIMIT,1701155319443,622,0.008057
1000SHIBUSDT,SELL,LIMIT,1701155464669,3191,0.008043
1000SHIBUSDT,SELL,LIMIT,1701156550208,31116,0.007999
1000SHIBUSDT,SELL,LIMIT,1701156560266,2439,0.008000
1000SHIBUSDT,SELL,LIMIT,1701156562064,231606,0.007984
1000SHIBUSDT,SELL,LIMIT,1701156874928,20749,0.008003
1000SHIBUSDT,BUY,LIMIT,1701163028602,818,0.008146
1000SHIBUSDT,BUY,LIMIT,1701170519397,20531,0.008200
1000SHIBUSDT,BUY,LIMIT,1701171047272,622,0.008209
1000SHIBUSDT,BUY,LIMIT,1701172311392,83174,0.008236
1000SHIBUSDT,BUY,LIMIT,1701180734731,3791,0.008254
1000SHIBUSDT,BUY,LIMIT,1701180805881,3064,0.008260
1000SHIBUSDT,BUY,LIMIT,1701181004828,6247,0.008265
1000SHIBUSDT,BUY,LIMIT,1701181220664,16705,0.008290
1000SHIBUSDT,BUY,LIMIT,1701181240915,87493,0.008297
1000SHIBUSDT,BUY,LIMIT,1701187271468,1719,0.008314
1000SHIBUSDT,BUY,LIMIT,1701190327125,54766,0.008340
1000SHIBUSDT,BUY,LIMIT,1701190371643,6112,0.008341
1000SHIBUSDT,BUY,LIMIT,1701192031067,5000,0.008342
1000SHIBUSDT,BUY,LIMIT,1701192035956,18514,0.008344
1000SHIBUSDT,BUY,LIMIT,1701192087213,61379,0.008350
1000SHIBUSDT,BUY,LIMIT,1701192143397,1985,0.008358
1000SHIBUSDT,BUY,LIMIT,1701192148353,1450,0.008358
1000SHIBUSDT,BUY,LIMIT,1701192187776,24815,0.008363
1000SHIBUSDT,BUY,LIMIT,1701192231838,54694,0.008364
1000SHIBUSDT,BUY,LIMIT,1701192286758,1600,0.008373
1000SHIBUSDT,BUY,LIMIT,1701194137022,4425,0.008378
1000SHIBUSDT,BUY,LIMIT,1701196151891,26433,0.008382
1000SHIBUSDT,SELL,LIMIT,1701197416622,9006,0.008220
1000SHIBUSDT,SELL,LIMIT,1701197424170,7103,0.008219
1000SHIBUSDT,BUY,LIMIT,1701197853681,12056,0.008329
1000SHIBUSDT,SELL,LIMIT,1701208907268,1137748,0.008219
1000SHIBUSDT,SELL,LIMIT,1701211895128,212045,0.008222
1000SHIBUSDT,BUY,LIMIT,1701218485525,154067,0.008393
1000SHIBUSDT,BUY,LIMIT,1701218504439,613,0.008397
1000SHIBUSDT,BUY,LIMIT,1701218609742,2462,0.008401
1000SHIBUSDT,SELL,LIMIT,1701219245317,20331,0.008292
1000SHIBUSDT,BUY,LIMIT,1701221622352,5453,0.008411
1000SHIBUSDT,BUY,LIMIT,1701222308112,653,0.008413
1000SHIBUSDT,BUY,LIMIT,1701223983985,4172,0.008413
1000SHIBUSDT,BUY,LIMIT,1701224133415,28196,0.008427
1000SHIBUSDT,BUY,LIMIT,1701234572343,35023,0.008430
1000SHIBUSDT,SELL,LIMIT,1701243938161,1395,0.008289
1000SHIBUSDT,BUY,LIMIT,1701247359926,6376,0.008414
1000SHIBUSDT,BUY,LIMIT,1701249463310,6244,0.008443
1000SHIBUSDT,SELL,LIMIT,1701253631682,4471,0.008248
1000SHIBUSDT,SELL,LIMIT,1701254375348,41392,0.008234
1000SHIBUSDT,SELL,LIMIT,1701254474322,11111,0.008224
1000SHIBUSDT,SELL,LIMIT,1701254490641,2245,0.008219
1000SHIBUSDT,SELL,LIMIT,1701254545822,12727,0.008215
1000SHIBUSDT,SELL,LIMIT,1701254551114,133398,0.008212
1000SHIBUSDT,SELL,LIMIT,1701254552304,32781,0.008211
1000SHIBUSDT,SELL,LIMIT,1701254691612,7110,0.008204
1000SHIBUSDT,SELL,LIMIT,1701254698364,1783,0.008208
1000SHIBUSDT,SELL,LIMIT,1701254705864,295175,0.008201
1000SHIBUSDT,SELL,LIMIT,1701264023797,775,0.008329
1000SHIBUSDT,SELL,LIMIT,1701267793453,10032,0.008201
1000SHIBUSDT,SELL,LIMIT,1701267797444,231351,0.008198
1000SHIBUSDT,SELL,LIMIT,1701268328086,29495,0.008194
1000SHIBUSDT,SELL,LIMIT,1701268329406,4278,0.008196
1000SHIBUSDT,SELL,LIMIT,1701268334148,1553,0.008191
1000SHIBUSDT,SELL,LIMIT,1701268456188,1308,0.008187
1000SHIBUSDT,SELL,LIMIT,1701269157205,5000,0.008183
1000SHIBUSDT,SELL,LIMIT,1701269168183,541735,0.008179
1000SHIBUSDT,SELL,LIMIT,1701269266114,1265,0.008175
1000SHIBUSDT,SELL,LIMIT,1701269267264,5072,0.008176
1000SHIBUSDT,SELL,LIMIT,1701269268374,1192,0.008172
1000SHIBUSDT,SELL,LIMIT,1701269270507,2764,0.008170
1000SHIBUSDT,SELL,LIMIT,1701269300000,43904,0.008292
1000SHIBUSDT,SELL,LIMIT,1701269340468,10659,0.008165
1000SHIBUSDT,SELL,LIMIT,1701269416938,11111,0.008164
1000SHIBUSDT,SELL,LIMIT,1701270416418,161003,0.008174
1000SHIBUSDT,SELL,LIMIT,1701270440070,634,0.008175
1000SHIBUSDT,SELL,LIMIT,1701270446506,1205,0.008294
1000SHIBUSDT,SELL,LIMIT,1701270452291,2326249,0.008159
1000SHIBUSDT,SELL,LIMIT,1701270481304,10460,0.008170
1000SHIBUSDT,SELL,LIMIT,1701270542154,11074,0.008164
1000SHIBUSDT,SELL,LIMIT,1701270556204,55901,0.008160
1000SHIBUSDT,SELL,LIMIT,1701270557708,598870,0.008159
1000SHIBUSDT,SELL,LIMIT,1701270564172,29628,0.008156
1000SHIBUSDT,SELL,LIMIT,1701270573068,1056,0.008156
1000SHIBUSDT,SELL,LIMIT,1701270575128,113349,0.008155
1000SHIBUSDT,SELL,LIMIT,1701270582633,123002,0.008152
1000SHIBUSDT,SELL,LIMIT,1701270584254,2909,0.008152
1000SHIBUSDT,SELL,LIMIT,1701270586293,1220107,0.008145
1000SHIBUSDT,SELL,LIMIT,1701270592370,3132,0.008150
1000SHIBUSDT,SELL,LIMIT,1701270616297,1625709,0.008143
1000SHIBUSDT,SELL,LIMIT,1701270619384,3005,0.008144
1000SHIBUSDT,SELL,LIMIT,1701270621244,3332,0.008137
1000SHIBUSDT,SELL,LIMIT,1701270623170,90361,0.008137
1000SHIBUSDT,SELL,LIMIT,1701270624230,14046,0.008131
1000SHIBUSDT,SELL,LIMIT,1701270767596,1530011,0.008127
1000SHIBUSDT,SELL,LIMIT,1701275182572,397132,0.008136
1000SHIBUSDT,SELL,LIMIT,1701275490493,47812,0.008125
1000SHIBUSDT,SELL,LIMIT,1701275517141,89895,0.008124
1000SHIBUSDT,SELL,LIMIT,1701275610181,62621,0.008123
1000SHIBUSDT,SELL,LIMIT,1701275823439,91462,0.008119
1000SHIBUSDT,SELL,LIMIT,1701275833199,1570,0.008118
1000SHIBUSDT,SELL,LIMIT,1701275840671,50000,0.008115
1000SHIBUSDT,SELL,LIMIT,1701275841839,7694,0.008115
1000SHIBUSDT,SELL,LIMIT,1701275842955,116587,0.008112
1000SHIBUSDT,SELL,LIMIT,1701282167236,46358,0.008168
1000SHIBUSDT,SELL,LIMIT,1701283614152,46543,0.008188
1000SHIBUSDT,SELL,LIMIT,1701283764254,6194,0.008176
1000SHIBUSDT,SELL,LIMIT,1701283871473,5568,0.008210
1000SHIBUSDT,BUY,LIMIT,1701288444160,6096,0.008295
1000SHIBUSDT,SELL,LIMIT,1701290335794,8810,0.008144
1000SHIBUSDT,SELL,LIMIT,1701290347002,142916,0.008136
1000SHIBUSDT,SELL,LIMIT,1701292014233,10000,0.008132
1000SHIBUSDT,BUY,LIMIT,1701315464269,72790,0.008323
1000SHIBUSDT,SELL,LIMIT,1701315605687,6653,0.008239
1000SHIBUSDT,SELL,LIMIT,1701323734567,2799,0.008169
1000SHIBUSDT,SELL,LIMIT,1701326991864,23832,0.008165
1000SHIBUSDT,SELL,LIMIT,1701329630151,4880,0.008173
1000SHIBUSDT,SELL,LIMIT,1701330817146,944,0.008158
1000SHIBUSDT,SELL,LIMIT,1701331588251,8000,0.008156
1000SHIBUSDT,SELL,LIMIT,1701331640084,22413,0.008149
1000SHIBUSDT,SELL,LIMIT,1701331744807,11948,0.008156
1000SHIBUSDT,SELL,LIMIT,1701333674506,114536,0.008142
1000SHIBUSDT,SELL,LIMIT,1701334186194,138475,0.008144
1000SHIBUSDT,SELL,LIMIT,1701335437008,500000,0.008136
1000SHIBUSDT,SELL,LIMIT,1701338529615,558201,0.008176
1000SHIBUSDT,SELL,LIMIT,1701349525288,3387,0.008177
1000SHIBUSDT,SELL,LIMIT,1701352531451,506,0.008197
1000SHIBUSDT,SELL,LIMIT,1701353010931,2402,0.008199
1000SHIBUSDT,SELL,LIMIT,1701353065218,5902,0.008116
1000SHIBUSDT,SELL,LIMIT,1701353081157,240905,0.008111
1000SHIBUSDT,SELL,LIMIT,1701353109541,135101,0.008111
1000SHIBUSDT,SELL,LIMIT,1701353808076,21102,0.008108
1000SHIBUSDT,SELL,LIMIT,1701353809335,24571,0.008095
1000SHIBUSDT,SELL,LIMIT,1701353810272,173340,0.008095
1000SHIBUSDT,SELL,LIMIT,1701353811346,976,0.008086
1000SHIBUSDT,SELL,LIMIT,1701364851119,26736,0.008139
1000SHIBUSDT,SELL,LIMIT,1701366167348,610756,0.008166
1000SHIBUSDT,BUY,LIMIT,1701381916542,171181,0.008332
1000SHIBUSDT,BUY,LIMIT,1701381965681,3417,0.008336
1000SHIBUSDT,BUY,LIMIT,1701382082537,35444,0.008350
1000SHIBUSDT,BUY,LIMIT,1701382084745,61390,0.008350
1000SHIBUSDT,BUY,LIMIT,1701382134691,220193,0.008354
1000SHIBUSDT,SELL,LIMIT,1701390378321,260293,0.008227
1000SHIBUSDT,SELL,LIMIT,1701390439978,2783,0.008215
1000SHIBUSDT,BUY,LIMIT,1701393695131,1332,0.008359
1000SHIBUSDT,BUY,LIMIT,1701393757114,1172,0.008362
1000SHIBUSDT,BUY,LIMIT,1701393763474,12185,0.008364
1000SHIBUSDT,BUY,LIMIT,1701393770370,19635,0.008367
1000SHIBUSDT,BUY,LIMIT,1701393774326,10444,0.008380
1000SHIBUSDT,BUY,LIMIT,1701393780517,1512,0.008387
1000SHIBUSDT,BUY,LIMIT,1701393919114,608,0.008393
1000SHIBUSDT,BUY,LIMIT,1701394245048,13231,0.008390
1000SHIBUSDT,BUY,LIMIT,1701394248275,91894,0.008398
1000SHIBUSDT,BUY,LIMIT,1701395499100,20554,0.008415
1000SHIBUSDT,BUY,LIMIT,1701395510575,606060,0.008417
1000SHIBUSDT,BUY,LIMIT,1701398181147,1601,0.008438
1000SHIBUSDT,BUY,LIMIT,1701398182167,65744,0.008434
1000SHIBUSDT,BUY,LIMIT,1701398187451,2704,0.008440
1000SHIBUSDT,BUY,LIMIT,1701398236139,18652,0.008443
1000SHIBUSDT,BUY,LIMIT,1701398699907,2702,0.008444
1000SHIBUSDT,BUY,LIMIT,1701398747004,305751,0.008445
1000SHIBUSDT,SELL,LIMIT,1701404893943,489824,0.008308
1000SHIBUSDT,BUY,LIMIT,1701405515309,668,0.008419
1000SHIBUSDT,SELL,LIMIT,1701414488413,636,0.008307
1000SHIBUSDT,SELL,LIMIT,1701416535197,23140,0.008259
1000SHIBUSDT,SELL,LIMIT,1701420020415,60060,0.008258
1000SHIBUSDT,BUY,LIMIT,1701422219528,6257,0.008421
1000SHIBUSDT,BUY,LIMIT,1701422223699,135177,0.008415
1000SHIBUSDT,BUY,LIMIT,1701422226172,19307,0.008414
1000SHIBUSDT,BUY,LIMIT,1701422230248,275715,0.008422
1000SHIBUSDT,BUY,LIMIT,1701422239095,8630,0.008420
1000SHIBUSDT,SELL,LIMIT,1701428088045,1390,0.008279
1000SHIBUSDT,SELL,LIMIT,1701438555811,609,0.008256
1000SHIBUSDT,SELL,LIMIT,1701441622581,90693,0.008266
1000SHIBUSDT,SELL,LIMIT,1701442032219,2937459,0.008238
1000SHIBUSDT,SELL,LIMIT,1701442256338,3128,0.008221
1000SHIBUSDT,SELL,LIMIT,1701443698030,42767,0.008236
1000SHIBUSDT,SELL,LIMIT,1701444353021,69118,0.008239
1000SHIBUSDT,BUY,LIMIT,1701447384578,155409,0.008375
1000SHIBUSDT,SELL,LIMIT,1701447843315,119487,0.008287
1000SHIBUSDT,BUY,LIMIT,1701447914708,12226,0.008399
1000SHIBUSDT,BUY,LIMIT,1701447920298,12225,0.008404
1000SHIBUSDT,BUY,LIMIT,1701448536764,173931,0.008412
1000SHIBUSDT,BUY,LIMIT,1701480647614,699,0.008451
1000SHIBUSDT,BUY,LIMIT,1701480868423,206557,0.008453
1000SHIBUSDT,BUY,LIMIT,1701480949361,38636,0.008457
1000SHIBUSDT,BUY,LIMIT,1701481354404,11258,0.008462
1000SHIBUSDT,BUY,LIMIT,1701481399023,18612,0.008470
1000SHIBUSDT,BUY,LIMIT,1701481474177,254596,0.008471
1000SHIBUSDT,BUY,LIMIT,1701481521299,25949,0.008474
1000SHIBUSDT,SELL,LIMIT,1701486000370,31901,0.008434
1000SHIBUSDT,SELL,LIMIT,1701486001819,218054,0.008476
1000SHIBUSDT,SELL,LIMIT,1701488235925,30109,0.008355
1000SHIBUSDT,SELL,LIMIT,1701488660341,9901,0.008348
