Symbol,Side,Order Type,Time,Quantity,Price
1000BONKUSDT,SELL,LIMIT,1700988950380,434956,0.0042194
1000BONKUSDT,SELL,LIMIT,1700988951575,7958,0.0042186
1000BONKUSDT,SELL,LIMIT,1700988965293,339356,0.0042170
1000BONKUSDT,SELL,LIMIT,1700990831239,67871,0.0041973
1000BONKUSDT,SELL,LIMIT,1700991274233,32565,0.0041881
1000BONKUSDT,SELL,LIMIT,1700991286322,6502,0.0041808
1000BONKUSDT,SELL,LIMIT,1700991305110,3704,0.0041780
1000BONKUSDT,SELL,LIMIT,1700991308782,43068,0.0041760
1000BONKUSDT,SELL,LIMIT,1700993923124,9191,0.0041719
1000BONKUSDT,SELL,LIMIT,1700994043352,4888,0.0041670
1000BONKUSDT,BUY,LIMIT,1700995732274,12545,0.0043389
1000BONKUSDT,SELL,LIMIT,1700996258281,76595,0.0041798
1000BONKUSDT,SELL,LIMIT,1700996378954,52140,0.0041739
1000BONKUSDT,SELL,LIMIT,1700996697119,9728,0.0041613
1000BONKUSDT,SELL,LIMIT,1700996708979,212064,0.0041615
1000BONKUSDT,SELL,LIMIT,1700996903216,88532,0.0041561
1000BONKUSDT,SELL,LIMIT,1700996906041,62935,0.0041478
1000BONKUSDT,SELL,LIMIT,1700997011562,178667,0.0041387
1000BONKUSDT,SELL,LIMIT,1700999432003,34058,0.0041374
1000BONKUSDT,SELL,LIMIT,1700999443361,15850,0.0041341
1000BONKUSDT,SELL,LIMIT,1700999444458,4869,0.0041341
1000BONKUSDT,SELL,LIMIT,1700999445903,1190,0.0041326
1000BONKUSDT,SELL,LIMIT,1700999448315,159640,0.0041298
1000BONKUSDT,SELL,LIMIT,1700999449362,24557,0.0041292
1000BONKUSDT,SELL,LIMIT,1700999583261,6646,0.0041168
1000BONKUSDT,SELL,LIMIT,1700999584562,12451,0.0041127
1000BONKUSDT,SELL,LIMIT,1700999613277,586702,0.0041096
1000BONKUSDT,SELL,LIMIT,1700999770104,5039,0.0040902
1000BONKUSDT,SELL,LIMIT,1700999771112,2368,0.0040874
1000BONKUSDT,SELL,LIMIT,1700999772282,38460,0.0040697
1000BONKUSDT,SELL,LIMIT,1700999773420,438903,0.0040789
1000BONKUSDT,SELL,LIMIT,1700999774668,4676,0.0040673
1000BONKUSDT,SELL,LIMIT,1700999775842,1141245,0.0040619
1000BONKUSDT,SELL,LIMIT,1700999784340,7969,0.0040616
1000BONKUSDT,SELL,LIMIT,1700999786996,1963,0.0040575
1000BONKUSDT,SELL,LIMIT,1700999814089,3382,0.0040562
1000BONKUSDT,SELL,LIMIT,1700999816375,195315,0.0040550
1000BONKUSDT,SELL,LIMIT,1700999817442,17204,0.0040552
1000BONKUSDT,SELL,LIMIT,1701000364382,49455,0.0040777
1000BONKUSDT,SELL,LIMIT,1701000488832,35059,0.0040682
1000BONKUSDT,SELL,LIMIT,1701000491205,135923,0.0040680
1000BONKUSDT,SELL,LIMIT,1701000693575,195734,0.0040611
1000BONKUSDT,SELL,LIMIT,1701000745555,1219,0.0040573
1000BONKUSDT,BUY,LIMIT,1701000989112,197500,0.0042115
1000BONKUSDT,SELL,LIMIT,1701001165004,136755,0.0040804
1000BONKUSDT,SELL,LIMIT,1701001224080,18439,0.0040719
1000BONKUSDT,BUY,LIMIT,1701002178302,7815,0.0042297
1000BONKUSDT,BUY,LIMIT,1701002337158,206954,0.0042333
1000BONKUSDT,BUY,LIMIT,1701002689134,2400,0.0042451
1000BONKUSDT,SELL,LIMIT,1701003652155,10722,0.0041123
1000BONKUSDT,BUY,LIMIT,1701003935300,4197,0.0042546
1000BONKUSDT,SELL,LIMIT,1701004646397,2999,0.0041199
1000BONKUSDT,SELL,LIMIT,1701005233575,249782,0.0041051
1000BONKUSDT,SELL,LIMIT,1701005239480,28955,0.0040987
1000BONKUSDT,SELL,LIMIT,1701005244087,1330,0.0040934
1000BONKUSDT,SELL,LIMIT,1701005245139,3431,0.0040930
1000BONKUSDT,BUY,LIMIT,1701005874741,5111,0.0042676
1000BONKUSDT,SELL,LIMIT,1701007515097,2752,0.0041153
1000BONKUSDT,SELL,LIMIT,1701007517896,116093,0.0041094
1000BONKUSDT,SELL,LIMIT,1701008144065,73059,0.0040916
1000BONKUSDT,SELL,LIMIT,1701008145247,1450,0.0040915
1000BONKUSDT,BUY,LIMIT,1701008178259,1300,0.0038487
1000BONKUSDT,SELL,LIMIT,1701008233208,16505,0.0040785
1000BONKUSDT,SELL,LIMIT,1701008245251,2940,0.0040729
1000BONKUSDT,SELL,LIMIT,1701008446620,2766,0.0040660
1000BONKUSDT,SELL,LIMIT,1701008450651,36613,0.0040600
1000BONKUSDT,SELL,LIMIT,1701008453275,937138,0.0040572
1000BONKUSDT,SELL,LIMIT,1701008455171,50169,0.0040511
1000BONKUSDT,SELL,LIMIT,1701008463317,30918,0.0040494
1000BONKUSDT,SELL,LIMIT,1701008740340,33483,0.0040451
1000BONKUSDT,SELL,LIMIT,1701008746940,43744,0.0040427
1000BONKUSDT,SELL,LIMIT,1701008965269,155317,0.0040573
1000BONKUSDT,SELL,LIMIT,1701009013511,5251,0.0040525
1000BONKUSDT,SELL,LIMIT,1701009019328,128145,0.0040485
1000BONKUSDT,SELL,LIMIT,1701009141071,6559,0.0040416
1000BONKUSDT,SELL,LIMIT,1701009142076,16767,0.0040386
1000BONKUSDT,SELL,LIMIT,1701009143309,3602,0.0040253
1000BONKUSDT,SELL,LIMIT,1701009144422,67845,0.0040369
1000BONKUSDT,SELL,LIMIT,1701009146719,10055,0.0040228
1000BONKUSDT,SELL,LIMIT,1701009148060,23316,0.0040231
1000BONKUSDT,SELL,LIMIT,1701009157531,7869,0.0040167
1000BONKUSDT,SELL,LIMIT,1701009158835,510479,0.0040141
1000BONKUSDT,SELL,LIMIT,1701009266189,2380,0.0040088
1000BONKUSDT,SELL,LIMIT,1701009322211,1600,0.0040040
1000BONKUSDT,SELL,LIMIT,1701009323267,2253,0.0040023
1000BONKUSDT,SELL,LIMIT,1701009349496,50000,0.0039945
1000BONKUSDT,SELL,LIMIT,1701010633047,2425,0.0040204
1000BONKUSDT,SELL,LIMIT,1701010731949,108300,0.0040137
1000BONKUSDT,BUY,LIMIT,1701011045163,126704,0.0041665
1000BONKUSDT,BUY,LIMIT,1701011054414,160731,0.0041717
1000BONKUSDT,SELL,LIMIT,1701011358419,222408,0.0040303
1000BONKUSDT,BUY,LIMIT,1701011533878,2436,0.0041891
1000BONKUSDT,BUY,LIMIT,1701011536379,530140,0.0042025
1000BONKUSDT,BUY,LIMIT,1701012403416,61936,0.0041892
1000BONKUSDT,SELL,LIMIT,1701012688444,94871,0.0040974
1000BONKUSDT,SELL,LIMIT,1701012952323,39058,0.0040459
1000BONKUSDT,SELL,LIMIT,1701013821954,33274,0.0040192
1000BONKUSDT,SELL,LIMIT,1701013906309,73332,0.0040055
1000BONKUSDT,SELL,LIMIT,1701013907434,4535,0.0040083
1000BONKUSDT,SELL,LIMIT,1701013909726,3078,0.0039981
1000BONKUSDT,SELL,LIMIT,1701013985377,403026,0.0039952
1000BONKUSDT,SELL,LIMIT,1701014013395,33074,0.0040000
1000BONKUSDT,SELL,LIMIT,1701014037431,312426,0.0039919
1000BONKUSDT,SELL,LIMIT,1701014040725,871440,0.0039918
1000BONKUSDT,SELL,LIMIT,1701014048116,17537,0.0039904
1000BONKUSDT,SELL,LIMIT,1701014135247,1180,0.0039888
1000BONKUSDT,SELL,LIMIT,1701014864867,11732,0.0039979
1000BONKUSDT,SELL,LIMIT,1701014868106,4770,0.0039879
1000BONKUSDT,SELL,LIMIT,1701014870403,52932,0.0039814
1000BONKUSDT,SELL,LIMIT,1701014871875,72344,0.0039770
1000BONKUSDT,SELL,LIMIT,1701014880352,25647,0.0039696
1000BONKUSDT,SELL,LIMIT,1701015168991,1188290,0.0039740
1000BONKUSDT,SELL,LIMIT,1701015227996,5440,0.0039706
1000BONKUSDT,SELL,LIMIT,1701015291095,14453,0.0039665
1000BONKUSDT,SELL,LIMIT,1701015540666,368130,0.0039569
1000BONKUSDT,SELL,LIMIT,1701015542943,304664,0.0039543
1000BONKUSDT,SELL,LIMIT,1701015545624,29002,0.0039537
1000BONKUSDT,SELL,LIMIT,1701015585847,245354,0.0039548
1000BONKUSDT,SELL,LIMIT,1701015591474,51075,0.0039509
1000BONKUSDT,SELL,LIMIT,1701015644388,22036,0.0039519
1000BONKUSDT,SELL,LIMIT,1701015646005,315077,0.0039519
1000BONKUSDT,SELL,LIMIT,1701015672585,128974,0.0039482
1000BONKUSDT,SELL,LIMIT,1701015674725,50000,0.0039469
1000BONKUSDT,SELL,LIMIT,1701015684892,127949,0.0039446
1000BONKUSDT,SELL,LIMIT,1701015748130,16923,0.0039445
1000BONKUSDT,SELL,LIMIT,1701015749307,3444,0.0039437
1000BONKUSDT,SELL,LIMIT,1701015756694,590492,0.0039550
1000BONKUSDT,SELL,LIMIT,1701015760148,153799,0.0039427
1000BONKUSDT,SELL,LIMIT,1701015832154,38992,0.0039414
1000BONKUSDT,SELL,LIMIT,1701015860226,27793,0.0039386
1000BONKUSDT,SELL,LIMIT,1701015870078,185105,0.0039237
1000BONKUSDT,SELL,LIMIT,1701015871144,6836,0.0039260
1000BONKUSDT,SELL,LIMIT,1701015872552,51521,0.0039134
1000BONKUSDT,SELL,LIMIT,1701015873572,213670,0.0039009
1000BONKUSDT,SELL,LIMIT,1701015874880,368972,0.0038991
1000BONKUSDT,SELL,LIMIT,1701015876063,49566,0.0038897
1000BONKUSDT,SELL,LIMIT,1701015880486,31416,0.0038897
1000BONKUSDT,SELL,LIMIT,1701015917774,11408,0.0039026
1000BONKUSDT,SELL,LIMIT,1701015926482,8000,0.0038856
1000BONKUSDT,SELL,LIMIT,1701015928466,31659,0.0038818
1000BONKUSDT,SELL,LIMIT,1701015930008,13164,0.0038808
1000BONKUSDT,SELL,LIMIT,1701015932065,30000,0.0038730
1000BONKUSDT,SELL,LIMIT,1701015935345,10000,0.0038704
1000BONKUSDT,SELL,LIMIT,1701015937029,2876,0.0038657
1000BONKUSDT,SELL,LIMIT,1701015939231,44866,0.0038648
1000BONKUSDT,SELL,LIMIT,1701016019229,1222,0.0038971
1000BONKUSDT,SELL,LIMIT,1701016026525,8808,0.0038939
1000BONKUSDT,SELL,LIMIT,1701016031324,1650,0.0038967
1000BONKUSDT,SELL,LIMIT,1701016033206,45018,0.0038897
1000BONKUSDT,SELL,LIMIT,1701016034512,1234,0.0038866
1000BONKUSDT,SELL,LIMIT,1701016037594,40349,0.0038845
1000BONKUSDT,SELL,LIMIT,1701016042307,13652,0.0038756
1000BONKUSDT,SELL,LIMIT,1701016043256,1369,0.0038756
1000BONKUSDT,SELL,LIMIT,1701016044633,311311,0.0041532
1000BONKUSDT,SELL,LIMIT,1701016045592,18226,0.0038729
1000BONKUSDT,SELL,LIMIT,1701016047678,4724,0.0038721
1000BONKUSDT,SELL,LIMIT,1701016060139,4635,0.0038612
1000BONKUSDT,SELL,LIMIT,1701016070856,2795,0.0038606
1000BONKUSDT,SELL,LIMIT,1701016078956,16772,0.0038620
1000BONKUSDT,SELL,LIMIT,1701016089190,363855,0.0038613
1000BONKUSDT,SELL,LIMIT,1701016100061,7800,0.0038674
1000BONKUSDT,SELL,LIMIT,1701016101119,50000,0.0038691
1000BONKUSDT,SELL,LIMIT,1701016103426,614360,0.0038673
1000BONKUSDT,SELL,LIMIT,1701016105185,8122,0.0038647
1000BONKUSDT,BUY,LIMIT,1701016152283,105082,0.0039921
1000BONKUSDT,BUY,LIMIT,1701016154973,76569,0.0039965
1000BONKUSDT,BUY,LIMIT,1701016169957,536026,0.0040065
1000BONKUSDT,BUY,LIMIT,1701016180744,762501,0.0040128
1000BONKUSDT,BUY,LIMIT,1701016731381,245799,0.0040534
1000BONKUSDT,BUY,LIMIT,1701016757161,86848,0.0040900
1000BONKUSDT,BUY,LIMIT,1701016869406,4050,0.0040657
1000BONKUSDT,SELL,LIMIT,1701017381493,108318,0.0039609
1000BONKUSDT,SELL,LIMIT,1701017505257,17238,0.0039483
1000BONKUSDT,SELL,LIMIT,1701018081677,34379,0.0039694
1000BONKUSDT,SELL,LIMIT,1701018383067,188581,0.0039557
1000BONKUSDT,SELL,LIMIT,1701018909547,330057,0.0039447
1000BONKUSDT,SELL,LIMIT,1701018941245,20000,0.0039396
1000BONKUSDT,SELL,LIMIT,1701021108471,221739,0.0039554
1000BONKUSDT,SELL,LIMIT,1701021238369,22849,0.0039488
1000BONKUSDT,SELL,LIMIT,1701021912988,35968,0.0039366
1000BONKUSDT,SELL,LIMIT,1701021937199,46056,0.0039354
1000BONKUSDT,SELL,LIMIT,1701022700169,25818,0.0039456
1000BONKUSDT,SELL,LIMIT,1701024456690,6081,0.0039201
1000BONKUSDT,BUY,LIMIT,1701025401415,87289,0.0040626
1000BONKUSDT,BUY,LIMIT,1701025435691,351317,0.0040683
1000BONKUSDT,SELL,LIMIT,1701025912165,22832,0.0039459
1000BONKUSDT,SELL,LIMIT,1701026477751,58174,0.0039409
1000BONKUSDT,SELL,LIMIT,1701026542155,235192,0.0039390
1000BONKUSDT,SELL,LIMIT,1701026568266,8905,0.0039328
1000BONKUSDT,BUY,LIMIT,1701027195619,143130,0.0040706
1000BONKUSDT,BUY,LIMIT,1701027343645,4571,0.0040781
1000BONKUSDT,BUY,LIMIT,1701027383760,22542,0.0040830
1000BONKUSDT,BUY,LIMIT,1701028508504,25169,0.0041004
1000BONKUSDT,BUY,LIMIT,1701028536840,1248,0.0041057
1000BONKUSDT,SELL,LIMIT,1701028800741,53447,0.0039729
1000BONKUSDT,SELL,LIMIT,1701029184637,456388,0.0039597
1000BONKUSDT,SELL,LIMIT,1701029234170,12842,0.0039518
1000BONKUSDT,SELL,LIMIT,1701029593231,43766,0.0039383
1000BONKUSDT,SELL,LIMIT,1701029619701,235241,0.0039293
1000BONKUSDT,BUY,LIMIT,1701030196431,17035,0.0040841
1000BONKUSDT,BUY,LIMIT,1701030285755,8738,0.0040881
1000BONKUSDT,BUY,LIMIT,1701031704289,7584,0.0041299
1000BONKUSDT,BUY,LIMIT,1701031705960,694906,0.0041510
1000BONKUSDT,BUY,LIMIT,1701032091711,88265,0.0041602
1000BONKUSDT,SELL,LIMIT,1701032732881,26253,0.0040071
1000BONKUSDT,BUY,LIMIT,1701034634877,10000,0.0041502
1000BONKUSDT,BUY,LIMIT,1701036563017,131738,0.0041563
1000BONKUSDT,BUY,LIMIT,1701036569484,2465,0.0041628
1000BONKUSDT,SELL,LIMIT,1701037010274,15146,0.0040288
1000BONKUSDT,SELL,LIMIT,1701037384057,139124,0.0040082
1000BONKUSDT,SELL,LIMIT,1701037385739,12472,0.0040082
1000BONKUSDT,SELL,LIMIT,1701039202684,109428,0.0040058
1000BONKUSDT,SELL,LIMIT,1701039725606,19198,0.0039956
1000BONKUSDT,SELL,LIMIT,1701039732457,3680,0.0039935
1000BONKUSDT,SELL,LIMIT,1701039741849,3905,0.0039867
1000BONKUSDT,SELL,LIMIT,1701039828123,19417,0.0039829
1000BONKUSDT,SELL,LIMIT,1701040050188,319722,0.0039731
1000BONKUSDT,SELL,LIMIT,1701040149061,3454,0.0039653
1000BONKUSDT,SELL,LIMIT,1701040169702,217145,0.0039611
1000BONKUSDT,SELL,LIMIT,1701043468378,310393,0.0039483
1000BONKUSDT,SELL,LIMIT,1701043643318,13266,0.0039537
1000BONKUSDT,SELL,LIMIT,1701044470937,224532,0.0039925
1000BONKUSDT,BUY,LIMIT,1701044711094,1506,0.0041219
1000BONKUSDT,BUY,LIMIT,1701045921622,2461,0.0041424
1000BONKUSDT,SELL,LIMIT,1701046353933,30182,0.0039990
1000BONKUSDT,SELL,LIMIT,1701049329359,74924,0.0039572
1000BONKUSDT,SELL,LIMIT,1701049336094,3833,0.0039427
1000BONKUSDT,SELL,LIMIT,1701049362400,348936,0.0039299
1000BONKUSDT,SELL,LIMIT,1701049369306,9210,0.0039228
1000BONKUSDT,SELL,LIMIT,1701049501036,397948,0.0039138
1000BONKUSDT,SELL,LIMIT,1701049503213,4875,0.0039102
1000BONKUSDT,SELL,LIMIT,1701049528243,4152,0.0039083
1000BONKUSDT,SELL,LIMIT,1701050691468,24752,0.0039292
1000BONKUSDT,BUY,LIMIT,1701051088131,60865,0.0040657
1000BONKUSDT,SELL,LIMIT,1701051285063,13208,0.0039246
1000BONKUSDT,SELL,LIMIT,1701051803902,86615,0.0038977
1000BONKUSDT,SELL,LIMIT,1701051807281,23715,0.0038948
1000BONKUSDT,SELL,LIMIT,1701051810092,124086,0.0038702
1000BONKUSDT,SELL,LIMIT,1701051811152,282118,0.0038820
1000BONKUSDT,SELL,LIMIT,1701051813709,1637,0.0038620
1000BONKUSDT,SELL,LIMIT,1701052564701,47896,0.0038692
1000BONKUSDT,SELL,LIMIT,1701052575415,24315,0.0038670
1000BONKUSDT,SELL,LIMIT,1701052758846,84622,0.0038544
1000BONKUSDT,SELL,LIMIT,1701052760227,855738,0.0038447
1000BONKUSDT,SELL,LIMIT,1701052764121,781031,0.0038315
1000BONKUSDT,SELL,LIMIT,1701052765262,2624,0.0038366
1000BONKUSDT,SELL,LIMIT,1701052766282,24601,0.0038154
1000BONKUSDT,SELL,LIMIT,1701052767390,36127,0.0038250
1000BONKUSDT,SELL,LIMIT,1701052769311,5348,0.0038102
1000BONKUSDT,SELL,LIMIT,1701052770548,6262,0.0038038
1000BONKUSDT,SELL,LIMIT,1701052775714,738923,0.0038000
1000BONKUSDT,SELL,LIMIT,1701054375274,136568,0.0038329
1000BONKUSDT,SELL,LIMIT,1701054383745,1226869,0.0038170
1000BONKUSDT,SELL,LIMIT,1701054440814,50000,0.0038278
1000BONKUSDT,SELL,LIMIT,1701054874215,6312,0.0038120
1000BONKUSDT,SELL,LIMIT,1701054875494,108070,0.0038022
1000BONKUSDT,SELL,LIMIT,1701054876585,39766,0.0037974
1000BONKUSDT,SELL,LIMIT,1701054877957,66589,0.0037949
1000BONKUSDT,BUY,LIMIT,1701055038747,115140,0.0039436
1000BONKUSDT,SELL,LIMIT,1701055062791,5008,0.0038146
1000BONKUSDT,SELL,LIMIT,1701055646810,29259,0.0037995
1000BONKUSDT,SELL,LIMIT,1701055647980,4041,0.0037981
1000BONKUSDT,SELL,LIMIT,1701055792215,12713,0.0037910
1000BONKUSDT,SELL,LIMIT,1701055794135,7700,0.0037709
1000BONKUSDT,SELL,LIMIT,1701055795146,69,0.0037774
1000BONKUSDT,SELL,LIMIT,1701055797071,108553,0.0037590
1000BONKUSDT,SELL,LIMIT,1701055978446,10845,0.0037628
1000BONKUSDT,SELL,LIMIT,1701055982169,853089,0.0037538
1000BONKUSDT,SELL,LIMIT,1701055983199,100145,0.0037504
1000BONKUSDT,SELL,LIMIT,1701056053415,122397,0.0037700
1000BONKUSDT,SELL,LIMIT,1701056214053,106905,0.0037486
1000BONKUSDT,SELL,LIMIT,1701056216151,360471,0.0037445
1000BONKUSDT,SELL,LIMIT,1701056217208,512931,0.0037436
1000BONKUSDT,SELL,LIMIT,1701056218260,1248246,0.0037340
1000BONKUSDT,SELL,LIMIT,1701056219267,1600,0.0037286
1000BONKUSDT,SELL,LIMIT,1701056288250,445062,0.0037275
1000BONKUSDT,SELL,LIMIT,1701056289258,1298701,0.0037203
1000BONKUSDT,SELL,LIMIT,1701056292691,143136,0.0037137
1000BONKUSDT,SELL,LIMIT,1701056296060,453500,0.0037035
1000BONKUSDT,SELL,LIMIT,1701056297289,881333,0.0037059
1000BONKUSDT,SELL,LIMIT,1701056299755,311932,0.0037019
1000BONKUSDT,SELL,LIMIT,1701056301051,336249,0.0036966
1000BONKUSDT,SELL,LIMIT,1701056302248,27864,0.0036970
1000BONKUSDT,SELL,LIMIT,1701056580546,118627,0.0037492
1000BONKUSDT,SELL,LIMIT,1701057608251,19401,0.0037488
1000BONKUSDT,SELL,LIMIT,1701057610985,4540,0.0037425
1000BONKUSDT,SELL,LIMIT,1701058948345,270039,0.0037350
1000BONKUSDT,BUY,LIMIT,1701059632534,148330,0.0039072
1000BONKUSDT,BUY,LIMIT,1701061046022,105643,0.0039362
1000BONKUSDT,SELL,LIMIT,1701063635992,34941,0.0037599
1000BONKUSDT,SELL,LIMIT,1701063712090,286522,0.0037410
