Symbol,Side,Order Type,Time,Quantity,Price
1000LUNCUSDT,BUY,LIMIT,1701064931661,3919,0.1022848
1000LUNCUSDT,BUY,LIMIT,1701064932935,6476,0.1023162
1000LUNCUSDT,SELL,LIMIT,1701065075097,4382,0.0991349
1000LUNCUSDT,SELL,LIMIT,1701065076448,45353,0.0990983
1000LUNCUSDT,SELL,LIMIT,1701065210175,21209,0.0990074
1000LUNCUSDT,SELL,LIMIT,1701065215612,186,0.0990005
1000LUNCUSDT,SELL,LIMIT,1701065217459,348,0.0989835
1000LUNCUSDT,SELL,LIMIT,1701065219212,11873,0.0988768
1000LUNCUSDT,SELL,LIMIT,1701065220286,139,0.0987824
1000LUNCUSDT,SELL,LIMIT,1701065221657,3364,0.0986863
1000LUNCUSDT,SELL,LIMIT,1701065223650,8000,0.0984907
1000LUNCUSDT,SELL,LIMIT,1701065456529,2318,0.0983424
1000LUNCUSDT,SELL,LIMIT,1701065472201,87,0.0983062
1000LUNCUSDT,SELL,LIMIT,1701065473425,2552,0.0983142
1000LUNCUSDT,SELL,LIMIT,1701065476086,321,0.0981770
1000LUNCUSDT,SELL,LIMIT,1701065477281,1662,0.0982509
1000LUNCUSDT,BUY,LIMIT,1701065558684,8778,0.1010907
1000LUNCUSDT,BUY,LIMIT,1701065586887,3474,0.1011539
1000LUNCUSDT,BUY,LIMIT,1701065589171,2607,0.1012923
1000LUNCUSDT,BUY,LIMIT,1701065591361,5702,0.1013641
1000LUNCUSDT,BUY,LIMIT,1701065663527,4617,0.1015021
1000LUNCUSDT,BUY,LIMIT,1701065673214,196,0.1016780
1000LUNCUSDT,BUY,LIMIT,1701065674280,2526,0.1017442
1000LUNCUSDT,BUY,LIMIT,1701065685604,154,0.1019194
1000LUNCUSDT,BUY,LIMIT,1701065707672,2772,0.1019992
1000LUNCUSDT,BUY,LIMIT,1701065708742,126,0.1020717
1000LUNCUSDT,BUY,LIMIT,1701065710827,2529,0.1021325
1000LUNCUSDT,BUY,LIMIT,1701065729155,606,0.1023285
1000LUNCUSDT,BUY,LIMIT,1701065730412,7204,0.1023571
1000LUNCUSDT,BUY,LIMIT,1701065732257,7448,0.1024490
1000LUNCUSDT,BUY,LIMIT,1701065733464,3635,0.1025738
1000LUNCUSDT,BUY,LIMIT,1701065736995,2424,0.1025616
1000LUNCUSDT,BUY,LIMIT,1701065738086,22726,0.1026480
1000LUNCUSDT,BUY,LIMIT,1701065739243,3563,0.1026058
1000LUNCUSDT,BUY,LIMIT,1701065740261,575,0.1026645
1000LUNCUSDT,BUY,LIMIT,1701065741844,3350,0.1027183
1000LUNCUSDT,BUY,LIMIT,1701065743113,70,0.1027439
1000LUNCUSDT,BUY,LIMIT,1701065744429,1514,0.1028489
1000LUNCUSDT,BUY,LIMIT,1701065746085,4930,0.1029490
1000LUNCUSDT,BUY,LIMIT,1701065748238,6370,0.1030992
1000LUNCUSDT,BUY,LIMIT,1701065760387,1465,0.1031404
1000LUNCUSDT,BUY,LIMIT,1701065764090,4212,0.1031697
1000LUNCUSDT,BUY,LIMIT,1701065765130,3567,0.1031638
1000LUNCUSDT,BUY,LIMIT,1701065766227,828,0.1033119
1000LUNCUSDT,BUY,LIMIT,1701065770709,133618,0.1043451
1000LUNCUSDT,BUY,LIMIT,1701065773608,1522,0.1034053
1000LUNCUSDT,BUY,LIMIT,1701065787703,1285,0.1034381
1000LUNCUSDT,SELL,LIMIT,1701065991887,4242,0.1001038
1000LUNCUSDT,SELL,LIMIT,1701066013815,107,0.0998341
1000LUNCUSDT,SELL,LIMIT,1701066145760,1239,0.0997453
1000LUNCUSDT,SELL,LIMIT,1701066307253,11695,0.0996237
1000LUNCUSDT,SELL,LIMIT,1701066308447,5897,0.0996534
1000LUNCUSDT,SELL,LIMIT,1701066309565,4720,0.0994137
1000LUNCUSDT,SELL,LIMIT,1701066311253,2955,0.0993346
1000LUNCUSDT,SELL,LIMIT,1701066312532,7945,0.0993088
1000LUNCUSDT,SELL,LIMIT,1701066386020,573,0.0992223
1000LUNCUSDT,SELL,LIMIT,1701066590818,7372,0.0991342
1000LUNCUSDT,SELL,LIMIT,1701066591837,32331,0.0990889
1000LUNCUSDT,SELL,LIMIT,1701066593073,250,0.0990571
1000LUNCUSDT,SELL,LIMIT,1701066595929,9854,0.0989664
1000LUNCUSDT,SELL,LIMIT,1701066599422,423,0.0989493
1000LUNCUSDT,SELL,LIMIT,1701066608133,8821,0.0989061
1000LUNCUSDT,SELL,LIMIT,1701066659234,1612,0.0988247
1000LUNCUSDT,SELL,LIMIT,1701066663634,1948,0.0987807
1000LUNCUSDT,SELL,LIMIT,1701066671106,20503,0.0987357
1000LUNCUSDT,BUY,LIMIT,1701066911934,1349,0.1018516
1000LUNCUSDT,BUY,LIMIT,1701066913539,32500,0.1019800
1000LUNCUSDT,BUY,LIMIT,1701066915319,303,0.1020307
1000LUNCUSDT,BUY,LIMIT,1701066916403,50065,0.1022196
1000LUNCUSDT,BUY,LIMIT,1701066917550,114,0.1023683
1000LUNCUSDT,BUY,LIMIT,1701066919055,3402,0.1024793
1000LUNCUSDT,BUY,LIMIT,1701066920492,395,0.1025686
1000LUNCUSDT,BUY,LIMIT,1701066924827,65,0.1026084
1000LUNCUSDT,BUY,LIMIT,1701066928437,4099,0.1026939
1000LUNCUSDT,BUY,LIMIT,1701066942219,99,0.1028823
1000LUNCUSDT,BUY,LIMIT,1701066943328,7480,0.1029998
1000LUNCUSDT,BUY,LIMIT,1701066944352,1939,0.1030438
1000LUNCUSDT,BUY,LIMIT,1701066945946,18400,0.1031214
1000LUNCUSDT,BUY,LIMIT,1701066966074,2605,0.1032582
1000LUNCUSDT,BUY,LIMIT,1701066969284,462,0.1033246
1000LUNCUSDT,BUY,LIMIT,1701066970358,19118,0.1033937
1000LUNCUSDT,BUY,LIMIT,1701066971457,368,0.1034351
1000LUNCUSDT,BUY,LIMIT,1701066972825,1177,0.1035467
1000LUNCUSDT,BUY,LIMIT,1701066974335,4289,0.1036292
1000LUNCUSDT,BUY,LIMIT,1701066975429,193,0.1037105
1000LUNCUSDT,BUY,LIMIT,1701066977053,183,0.1038418
1000LUNCUSDT,BUY,LIMIT,1701066978047,7054,0.1040199
1000LUNCUSDT,BUY,LIMIT,1701066979088,61,0.1043101
1000LUNCUSDT,BUY,LIMIT,1701066980093,1770,0.1046284
1000LUNCUSDT,BUY,LIMIT,1701066981170,1441,0.1045668
1000LUNCUSDT,BUY,LIMIT,1701067186225,260,0.1039875
1000LUNCUSDT,BUY,LIMIT,1701067187237,95,0.1039485
1000LUNCUSDT,BUY,LIMIT,1701067189357,3049,0.1040912
1000LUNCUSDT,BUY,LIMIT,1701067231145,1301,0.1045298
1000LUNCUSDT,BUY,LIMIT,1701067237427,4898,0.1044149
1000LUNCUSDT,BUY,LIMIT,1701067242037,100,0.1047590
1000LUNCUSDT,BUY,LIMIT,1701067243074,469,0.1047710
1000LUNCUSDT,BUY,LIMIT,1701067244131,2545,0.1048048
1000LUNCUSDT,BUY,LIMIT,1701067249961,3426,0.1048294
1000LUNCUSDT,BUY,LIMIT,1701067253080,1645,0.1048678
1000LUNCUSDT,BUY,LIMIT,1701067254340,3453,0.1048642
1000LUNCUSDT,BUY,LIMIT,1701067255355,3228,0.1050638
1000LUNCUSDT,BUY,LIMIT,1701067256356,1216,0.1051454
1000LUNCUSDT,BUY,LIMIT,1701067257377,1860,0.1051059
1000LUNCUSDT,BUY,LIMIT,1701067258382,4766,0.1053497
1000LUNCUSDT,BUY,LIMIT,1701067259396,10192,0.1054572
1000LUNCUSDT,BUY,LIMIT,1701067260434,230284,0.1067854
1000LUNCUSDT,BUY,LIMIT,1701067261520,118,0.1057355
1000LUNCUSDT,BUY,LIMIT,1701067262608,92862,0.1066669
1000LUNCUSDT,BUY,LIMIT,1701067270048,10592,0.1059914
1000LUNCUSDT,BUY,LIMIT,1701067271067,589,0.1060366
1000LUNCUSDT,BUY,LIMIT,1701067272099,61414,0.1067939
1000LUNCUSDT,BUY,LIMIT,1701067273111,1394,0.1063949
1000LUNCUSDT,BUY,LIMIT,1701067274131,7034,0.1065594
1000LUNCUSDT,BUY,LIMIT,1701067275258,753,0.1066673
1000LUNCUSDT,BUY,LIMIT,1701067276263,1066,0.1066393
1000LUNCUSDT,BUY,LIMIT,1701067285882,9167,0.1066806
1000LUNCUSDT,BUY,LIMIT,1701067289223,424,0.1066882
1000LUNCUSDT,BUY,LIMIT,1701067290279,2997,0.1068586
1000LUNCUSDT,BUY,LIMIT,1701067291374,1122,0.1068270
1000LUNCUSDT,BUY,LIMIT,1701067292382,3049,0.1069905
1000LUNCUSDT,BUY,LIMIT,1701067293472,28953,0.1070062
1000LUNCUSDT,BUY,LIMIT,1701067324679,532,0.1066425
1000LUNCUSDT,BUY,LIMIT,1701067331272,1396,0.1073062
1000LUNCUSDT,BUY,LIMIT,1701067342125,61,0.1072949
1000LUNCUSDT,BUY,LIMIT,1701067349079,1462,0.1073230
1000LUNCUSDT,BUY,LIMIT,1701067350102,1541,0.1075077
1000LUNCUSDT,BUY,LIMIT,1701067351114,6052,0.1074928
1000LUNCUSDT,BUY,LIMIT,1701067352231,808,0.1076299
1000LUNCUSDT,BUY,LIMIT,1701067353281,507,0.1076295
1000LUNCUSDT,BUY,LIMIT,1701067355305,3319,0.1076950
1000LUNCUSDT,BUY,LIMIT,1701067357202,13131,0.1076962
1000LUNCUSDT,BUY,LIMIT,1701067365053,1794,0.1077495
1000LUNCUSDT,BUY,LIMIT,1701067367494,1045,0.1077361
1000LUNCUSDT,SELL,LIMIT,1701067411170,602,0.1045583
1000LUNCUSDT,SELL,LIMIT,1701067449341,852,0.1044038
1000LUNCUSDT,SELL,LIMIT,1701067459861,1900,0.1041960
1000LUNCUSDT,SELL,LIMIT,1701067467131,3930,0.1041289
1000LUNCUSDT,SELL,LIMIT,1701067482565,5774,0.1039417
1000LUNCUSDT,SELL,LIMIT,1701067484384,13233,0.1038809
1000LUNCUSDT,BUY,LIMIT,1701067532769,12729,0.1070379
1000LUNCUSDT,BUY,LIMIT,1701067534009,1796,0.1070835
1000LUNCUSDT,BUY,LIMIT,1701067536712,788,0.1076900
1000LUNCUSDT,BUY,LIMIT,1701067538255,17724,0.1077318
1000LUNCUSDT,BUY,LIMIT,1701067539277,17326,0.1079024
1000LUNCUSDT,BUY,LIMIT,1701067540381,55,0.1078903
1000LUNCUSDT,BUY,LIMIT,1701067541390,970,0.1081027
1000LUNCUSDT,BUY,LIMIT,1701067542495,5113,0.1079655
1000LUNCUSDT,BUY,LIMIT,1701067543631,3556,0.1082585
1000LUNCUSDT,BUY,LIMIT,1701067545493,90419,0.1090666
1000LUNCUSDT,BUY,LIMIT,1701067546667,500,0.1083260
1000LUNCUSDT,BUY,LIMIT,1701067549076,16653,0.1083542
1000LUNCUSDT,BUY,LIMIT,1701067550102,33454,0.1084125
1000LUNCUSDT,BUY,LIMIT,1701067551104,112,0.1085355
1000LUNCUSDT,BUY,LIMIT,1701067552162,290,0.1087418
1000LUNCUSDT,BUY,LIMIT,1701067553163,2552,0.1086866
1000LUNCUSDT,BUY,LIMIT,1701067554205,47393,0.1089955
1000LUNCUSDT,BUY,LIMIT,1701067555217,222,0.1090088
1000LUNCUSDT,BUY,LIMIT,1701067556247,1881,0.1090504
1000LUNCUSDT,BUY,LIMIT,1701067557292,2010,0.1091707
1000LUNCUSDT,BUY,LIMIT,1701067564091,6468,0.1091792
1000LUNCUSDT,BUY,LIMIT,1701067565102,1506,0.1095041
1000LUNCUSDT,BUY,LIMIT,1701067566132,635,0.1093414
1000LUNCUSDT,BUY,LIMIT,1701067569041,447,0.1094475
1000LUNCUSDT,BUY,LIMIT,1701067574504,3127,0.1096084
1000LUNCUSDT,BUY,LIMIT,1701067576386,34483,0.1096702
1000LUNCUSDT,BUY,LIMIT,1701067578379,6411,0.1096897
1000LUNCUSDT,BUY,LIMIT,1701067580163,747,0.1097355
1000LUNCUSDT,BUY,LIMIT,1701067581245,746,0.1097099
1000LUNCUSDT,BUY,LIMIT,1701067582476,47600,0.1098731
1000LUNCUSDT,BUY,LIMIT,1701067583526,50,0.1098375
1000LUNCUSDT,BUY,LIMIT,1701067585079,208,0.1099674
1000LUNCUSDT,BUY,LIMIT,1701067586132,1791,0.1098494
1000LUNCUSDT,BUY,LIMIT,1701067587742,1063,0.1100311
1000LUNCUSDT,BUY,LIMIT,1701067589046,5786,0.1100467
1000LUNCUSDT,BUY,LIMIT,1701067590159,1000,0.1100702
1000LUNCUSDT,SELL,LIMIT,1701067622257,8701,0.1067449
1000LUNCUSDT,SELL,LIMIT,1701067624245,4271,0.1065609
1000LUNCUSDT,BUY,LIMIT,1701067632147,931,0.1096371
1000LUNCUSDT,BUY,LIMIT,1701067633315,46633,0.1096008
1000LUNCUSDT,BUY,LIMIT,1701067638300,1962,0.1100235
1000LUNCUSDT,BUY,LIMIT,1701067640066,162,0.1102397
1000LUNCUSDT,BUY,LIMIT,1701067641067,6123,0.1102189
1000LUNCUSDT,BUY,LIMIT,1701067642503,1329,0.1103141
1000LUNCUSDT,BUY,LIMIT,1701067643505,1361,0.1104199
1000LUNCUSDT,BUY,LIMIT,1701067644556,49830,0.1107689
1000LUNCUSDT,BUY,LIMIT,1701067645682,4928,0.1106555
1000LUNCUSDT,BUY,LIMIT,1701067696098,501,0.1106405
1000LUNCUSDT,BUY,LIMIT,1701067697112,2222,0.1108616
1000LUNCUSDT,BUY,LIMIT,1701067737833,3719,0.1109313
1000LUNCUSDT,BUY,LIMIT,1701067742055,459,0.1109544
1000LUNCUSDT,BUY,LIMIT,1701067743200,10604,0.1110124
1000LUNCUSDT,BUY,LIMIT,1701067744245,20116,0.1110798
1000LUNCUSDT,BUY,LIMIT,1701067745264,209,0.1110609
1000LUNCUSDT,BUY,LIMIT,1701067746308,493,0.1113874
1000LUNCUSDT,BUY,LIMIT,1701067747310,4429,0.1114195
1000LUNCUSDT,BUY,LIMIT,1701067748321,2998,0.1117659
1000LUNCUSDT,BUY,LIMIT,1701067749323,2287,0.1120440
1000LUNCUSDT,BUY,LIMIT,1701067750328,559,0.1127603
1000LUNCUSDT,BUY,LIMIT,1701067751337,422,0.1134864
1000LUNCUSDT,BUY,LIMIT,1701067752348,40786,0.1134614
1000LUNCUSDT,BUY,LIMIT,1701067753377,7013,0.1136217
1000LUNCUSDT,BUY,LIMIT,1701067754394,1760,0.1137486
1000LUNCUSDT,BUY,LIMIT,1701067770140,9910,0.1136874
1000LUNCUSDT,BUY,LIMIT,1701067782967,849,0.1136114
1000LUNCUSDT,BUY,LIMIT,1701067784015,8858,0.1139440
1000LUNCUSDT,BUY,LIMIT,1701067785099,5900,0.1139570
1000LUNCUSDT,BUY,LIMIT,1701067791246,4472,0.1140136
1000LUNCUSDT,BUY,LIMIT,1701067807218,3709,0.1140695
1000LUNCUSDT,BUY,LIMIT,1701067808247,4401,0.1140815
1000LUNCUSDT,BUY,LIMIT,1701067809305,778,0.1141343
1000LUNCUSDT,BUY,LIMIT,1701067810367,11961,0.1142237
1000LUNCUSDT,BUY,LIMIT,1701067811403,206,0.1143631
1000LUNCUSDT,BUY,LIMIT,1701067812493,51,0.1148435
1000LUNCUSDT,BUY,LIMIT,1701067814058,15083,0.1156583
1000LUNCUSDT,BUY,LIMIT,1701067815063,96065,0.1167346
1000LUNCUSDT,BUY,LIMIT,1701067816092,4808,0.1157342
1000LUNCUSDT,BUY,LIMIT,1701067817119,99099,0.1168639
1000LUNCUSDT,BUY,LIMIT,1701067818142,875,0.1158979
1000LUNCUSDT,BUY,LIMIT,1701067819201,58,0.1160758
1000LUNCUSDT,BUY,LIMIT,1701067820365,11899,0.1160697
1000LUNCUSDT,SELL,LIMIT,1701067822311,1783,0.1136109
1000LUNCUSDT,SELL,LIMIT,1701067838216,7473,0.1125325
1000LUNCUSDT,SELL,LIMIT,1701067840005,5776,0.1123802
1000LUNCUSDT,BUY,LIMIT,1701067841178,812,0.1147118
1000LUNCUSDT,BUY,LIMIT,1701067868489,317,0.1154336
1000LUNCUSDT,BUY,LIMIT,1701067874127,11123,0.1161346
1000LUNCUSDT,SELL,LIMIT,1701067938298,28113,0.1118109
1000LUNCUSDT,BUY,LIMIT,1701067952343,664,0.1151096
1000LUNCUSDT,BUY,LIMIT,1701067960371,441,0.1157718
1000LUNCUSDT,BUY,LIMIT,1701068018212,842,0.1162164
1000LUNCUSDT,BUY,LIMIT,1701068019288,9665,0.1161704
1000LUNCUSDT,BUY,LIMIT,1701068020332,19259,0.1162678
1000LUNCUSDT,BUY,LIMIT,1701068021383,5600,0.1164783
1000LUNCUSDT,BUY,LIMIT,1701068022430,1420,0.1166830
1000LUNCUSDT,BUY,LIMIT,1701068025197,2511,0.1167417
1000LUNCUSDT,BUY,LIMIT,1701068030785,52218,0.1167497
1000LUNCUSDT,BUY,LIMIT,1701068045156,33943,0.1166484
1000LUNCUSDT,BUY,LIMIT,1701068046190,980,0.1167983
1000LUNCUSDT,BUY,LIMIT,1701068047254,8042,0.1168093
1000LUNCUSDT,BUY,LIMIT,1701068051068,239,0.1169715
1000LUNCUSDT,BUY,LIMIT,1701068052085,62,0.1168799
1000LUNCUSDT,BUY,LIMIT,1701068053086,167,0.1170002
1000LUNCUSDT,BUY,LIMIT,1701068054097,45632,0.1179404
1000LUNCUSDT,BUY,LIMIT,1701068055127,74,0.1178520
1000LUNCUSDT,BUY,LIMIT,1701068072164,45872,0.1181342
1000LUNCUSDT,BUY,LIMIT,1701068073185,175,0.1179699
1000LUNCUSDT,BUY,LIMIT,1701068074230,13968,0.1180719
1000LUNCUSDT,BUY,LIMIT,1701068076362,7576,0.1182646
1000LUNCUSDT,BUY,LIMIT,1701068078085,29001,0.1185098
1000LUNCUSDT,BUY,LIMIT,1701068079502,2051,0.1182804
1000LUNCUSDT,BUY,LIMIT,1701068080985,5761,0.1183349
1000LUNCUSDT,BUY,LIMIT,1701068086082,2850,0.1185384
1000LUNCUSDT,BUY,LIMIT,1701068087124,1096,0.1185431
1000LUNCUSDT,SELL,LIMIT,1701068102055,5979,0.1146647
1000LUNCUSDT,SELL,LIMIT,1701068103316,5334,0.1148122
1000LUNCUSDT,SELL,LIMIT,1701068109073,63,0.1142214
1000LUNCUSDT,SELL,LIMIT,1701068112630,429,0.1142676
1000LUNCUSDT,BUY,LIMIT,1701068127134,589,0.1180581
1000LUNCUSDT,BUY,LIMIT,1701068129054,41793,0.1182569
1000LUNCUSDT,BUY,LIMIT,1701068130709,19842,0.1185026
1000LUNCUSDT,SELL,LIMIT,1701068145406,2554,0.1143171
1000LUNCUSDT,SELL,LIMIT,1701068147139,3005,0.1141640
1000LUNCUSDT,SELL,LIMIT,1701068148262,42767,0.1138827
1000LUNCUSDT,SELL,LIMIT,1701068150173,4418,0.1136233
1000LUNCUSDT,SELL,LIMIT,1701068151187,6498,0.1129003
1000LUNCUSDT,SELL,LIMIT,1701068152241,208,0.1129214
1000LUNCUSDT,SELL,LIMIT,1701068154086,997,0.1123427
1000LUNCUSDT,SELL,LIMIT,1701068155381,6554,0.1122470
1000LUNCUSDT,SELL,LIMIT,1701068168047,95486,0.1110670
1000LUNCUSDT,SELL,LIMIT,1701068169262,1531,0.1120622
1000LUNCUSDT,SELL,LIMIT,1701068170960,43380,0.1118133
1000LUNCUSDT,SELL,LIMIT,1701068172104,266,0.1114083
1000LUNCUSDT,BUY,LIMIT,1701068180136,17234,0.1147753
1000LUNCUSDT,BUY,LIMIT,1701068183110,26661,0.1150069
1000LUNCUSDT,BUY,LIMIT,1701068186230,1738,0.1153163
1000LUNCUSDT,BUY,LIMIT,1701068187342,45,0.1151476
1000LUNCUSDT,SELL,LIMIT,1701068207040,21198,0.1118802
1000LUNCUSDT,SELL,LIMIT,1701068227805,1783,0.1115927
1000LUNCUSDT,SELL,LIMIT,1701068277908,437,0.1114907
1000LUNCUSDT,SELL,LIMIT,1701068279782,37916,0.1113607
1000LUNCUSDT,BUY,LIMIT,1701068297958,1033,0.1145739
1000LUNCUSDT,SELL,LIMIT,1701068326721,15154,0.1114896
1000LUNCUSDT,SELL,LIMIT,1701068328219,2572,0.1112068
1000LUNCUSDT,SELL,LIMIT,1701068329247,1754,0.1110254
1000LUNCUSDT,SELL,LIMIT,1701068331874,84489,0.1100703
1000LUNCUSDT,SELL,LIMIT,1701068333081,196,0.1106206
1000LUNCUSDT,SELL,LIMIT,1701068334199,1262,0.1106218
1000LUNCUSDT,SELL,LIMIT,1701068335299,3570,0.1105908
1000LUNCUSDT,SELL,LIMIT,1701068336423,1000,0.1105528
1000LUNCUSDT,SELL,LIMIT,1701068337615,6251,0.1104421
1000LUNCUSDT,SELL,LIMIT,1701068339171,52,0.1103887
1000LUNCUSDT,SELL,LIMIT,1701068340205,214,0.1103293
1000LUNCUSDT,SELL,LIMIT,1701068347107,3539,0.1103075
1000LUNCUSDT,BUY,LIMIT,1701068391173,85,0.1136903
1000LUNCUSDT,BUY,LIMIT,1701068394301,51,0.1137772
1000LUNCUSDT,BUY,LIMIT,1701068408067,4032,0.1139709
1000LUNCUSDT,BUY,LIMIT,1701068414711,229,0.1143369
1000LUNCUSDT,BUY,LIMIT,1701068422700,4925,0.1144242
1000LUNCUSDT,BUY,LIMIT,1701068425805,6823,0.1147088
1000LUNCUSDT,BUY,LIMIT,1701068426893,41759,0.1147784
1000LUNCUSDT,BUY,LIMIT,1701068428300,35603,0.1149043
1000LUNCUSDT,BUY,LIMIT,1701068430279,6826,0.1152784
1000LUNCUSDT,BUY,LIMIT,1701068432103,548,0.1153548
1000LUNCUSDT,BUY,LIMIT,1701068436302,4291,0.1154093
1000LUNCUSDT,SELL,LIMIT,1701068491198,55,0.1120312
1000LUNCUSDT,SELL,LIMIT,1701068500116,4812,0.1118469
1000LUNCUSDT,SELL,LIMIT,1701068511607,5288,0.1116156
1000LUNCUSDT,SELL,LIMIT,1701068531818,432,0.1114761
1000LUNCUSDT,BUY,LIMIT,1701068579370,1507,0.1150877
1000LUNCUSDT,BUY,LIMIT,1701068581396,38818,0.1153051
1000LUNCUSDT,BUY,LIMIT,1701068591214,22087,0.1155716
1000LUNCUSDT,BUY,LIMIT,1701068598098,2022,0.1158027
1000LUNCUSDT,BUY,LIMIT,1701068738957,26672,0.1153682
1000LUNCUSDT,BUY,LIMIT,1701068740055,518,0.1155525
1000LUNCUSDT,BUY,LIMIT,1701068752206,22038,0.1156444
1000LUNCUSDT,BUY,LIMIT,1701068862386,8685,0.1158944
1000LUNCUSDT,BUY,LIMIT,1701068863868,6546,0.1159128
1000LUNCUSDT,BUY,LIMIT,1701068865401,5646,0.1162062
1000LUNCUSDT,BUY,LIMIT,1701068866528,1980,0.1163675
1000LUNCUSDT,BUY,LIMIT,1701068869072,8371,0.1166246
1000LUNCUSDT,BUY,LIMIT,1701068870089,4440,0.1166185
1000LUNCUSDT,BUY,LIMIT,1701068876569,588,0.1166422
1000LUNCUSDT,BUY,LIMIT,1701068879379,2651,0.1169322
1000LUNCUSDT,BUY,LIMIT,1701068881755,1511,0.1168578
1000LUNCUSDT,BUY,LIMIT,1701068882815,1681,0.1169804
1000LUNCUSDT,BUY,LIMIT,1701068884051,3816,0.1170717
1000LUNCUSDT,BUY,LIMIT,1701068886135,21975,0.1171806
1000LUNCUSDT,BUY,LIMIT,1701068898374,1922,0.1172383
1000LUNCUSDT,BUY,LIMIT,1701068899918,13079,0.1174592
1000LUNCUSDT,BUY,LIMIT,1701068905690,422,0.1174730
1000LUNCUSDT,BUY,LIMIT,1701068906779,1751,0.1175409
1000LUNCUSDT,BUY,LIMIT,1701068907921,432,0.1176525
1000LUNCUSDT,BUY,LIMIT,1701068912053,86,0.1178745
1000LUNCUSDT,BUY,LIMIT,1701068925302,560,0.1180477
1000LUNCUSDT,BUY,LIMIT,1701068927137,472,0.1180802
1000LUNCUSDT,BUY,LIMIT,1701068929250,4923,0.1181599
1000LUNCUSDT,BUY,LIMIT,1701068930524,7019,0.1181934
1000LUNCUSDT,BUY,LIMIT,1701068931870,199,0.1183192
1000LUNCUSDT,BUY,LIMIT,1701068933071,1857,0.1185829
1000LUNCUSDT,BUY,LIMIT,1701068934141,317,0.1187032
1000LUNCUSDT,BUY,LIMIT,1701068935156,1808,0.1187041
1000LUNCUSDT,BUY,LIMIT,1701068936162,10802,0.1188609
1000LUNCUSDT,BUY,LIMIT,1701068941148,16988,0.1191361
1000LUNCUSDT,BUY,LIMIT,1701068942181,58,0.1190049
1000LUNCUSDT,BUY,LIMIT,1701068943182,10955,0.1194715
1000LUNCUSDT,BUY,LIMIT,1701068944178,222,0.1193208
1000LUNCUSDT,BUY,LIMIT,1701068945372,6519,0.1195819
1000LUNCUSDT,BUY,LIMIT,1701068947870,6301,0.1196657
1000LUNCUSDT,BUY,LIMIT,1701068948980,5249,0.1196870
1000LUNCUSDT,BUY,LIMIT,1701068950000,67991,0.1204458
1000LUNCUSDT,BUY,LIMIT,1701068951053,27810,0.1199163
1000LUNCUSDT,BUY,LIMIT,1701068952089,37294,0.1203116
1000LUNCUSDT,BUY,LIMIT,1701068953236,11364,0.1201332
1000LUNCUSDT,BUY,LIMIT,1701068955584,1204,0.1201700
1000LUNCUSDT,BUY,LIMIT,1701068957002,268,0.1202726
1000LUNCUSDT,BUY,LIMIT,1701068958069,6289,0.1203300
1000LUNCUSDT,BUY,LIMIT,1701068961230,559,0.1203825
1000LUNCUSDT,BUY,LIMIT,1701068962240,32196,0.1203631
1000LUNCUSDT,BUY,LIMIT,1701068965298,1450,0.1205750
1000LUNCUSDT,BUY,LIMIT,1701068968956,5256,0.1204901
1000LUNCUSDT,BUY,LIMIT,1701068971245,2579,0.1205599
1000LUNCUSDT,BUY,LIMIT,1701068981628,200,0.1205085
1000LUNCUSDT,BUY,LIMIT,1701068983109,612,0.1206025
1000LUNCUSDT,BUY,LIMIT,1701068989050,15482,0.1206077
1000LUNCUSDT,BUY,LIMIT,1701068990109,3004,0.1206343
1000LUNCUSDT,BUY,LIMIT,1701068991113,15268,0.1207270
1000LUNCUSDT,BUY,LIMIT,1701068992130,7418,0.1208140
1000LUNCUSDT,BUY,LIMIT,1701068993268,10000,0.1209003
1000LUNCUSDT,BUY,LIMIT,1701068994278,1476,0.1210144
1000LUNCUSDT,BUY,LIMIT,1701068995284,2,0.1211335
1000LUNCUSDT,BUY,LIMIT,1701068996306,7441,0.1217171
1000LUNCUSDT,BUY,LIMIT,1701068997312,10720,0.1222042
1000LUNCUSDT,BUY,LIMIT,1701068998322,2743,0.1230871
1000LUNCUSDT,BUY,LIMIT,1701069009074,4236,0.1230934
1000LUNCUSDT,BUY,LIMIT,1701069010088,15733,0.1232938
1000LUNCUSDT,BUY,LIMIT,1701069011179,357,0.1243736
1000LUNCUSDT,BUY,LIMIT,1701069012211,352,0.1243735
1000LUNCUSDT,BUY,LIMIT,1701069013213,680,0.1247732
1000LUNCUSDT,BUY,LIMIT,1701069014226,636,0.1248477
1000LUNCUSDT,BUY,LIMIT,1701069027357,1464,0.1248561
1000LUNCUSDT,BUY,LIMIT,1701069029154,273,0.1249067
1000LUNCUSDT,BUY,LIMIT,1701069030212,1379,0.1251612
1000LUNCUSDT,BUY,LIMIT,1701069031229,4145,0.1250853
1000LUNCUSDT,SELL,LIMIT,1701069062994,3325,0.1212509
1000LUNCUSDT,SELL,LIMIT,1701069073385,8169,0.1207186
1000LUNCUSDT,SELL,LIMIT,1701069074459,380,0.1205383
1000LUNCUSDT,SELL,LIMIT,1701069080728,81,0.1204840
1000LUNCUSDT,SELL,LIMIT,1701069088247,2565,0.1201587
1000LUNCUSDT,SELL,LIMIT,1701069089871,4081,0.1200743
1000LUNCUSDT,SELL,LIMIT,1701069093911,923,0.1199545
1000LUNCUSDT,SELL,LIMIT,1701069095849,152,0.1197732
1000LUNCUSDT,SELL,LIMIT,1701069098100,41,0.1195613
1000LUNCUSDT,SELL,LIMIT,1701069099758,1329,0.1195063
1000LUNCUSDT,SELL,LIMIT,1701069101447,6363,0.1193299
1000LUNCUSDT,SELL,LIMIT,1701069103748,65,0.1192093
1000LUNCUSDT,SELL,LIMIT,1701069112379,6427,0.1191373
1000LUNCUSDT,SELL,LIMIT,1701069125216,252,0.1188923
1000LUNCUSDT,SELL,LIMIT,1701069126218,11857,0.1188960
1000LUNCUSDT,SELL,LIMIT,1701069134480,12578,0.1188335
1000LUNCUSDT,BUY,LIMIT,1701069147284,91,0.1225233
1000LUNCUSDT,BUY,LIMIT,1701069161603,4156,0.1228733
1000LUNCUSDT,SELL,LIMIT,1701069185224,4249,0.1190415
1000LUNCUSDT,SELL,LIMIT,1701069186409,256,0.1190328
1000LUNCUSDT,SELL,LIMIT,1701069187625,6930,0.1186540
1000LUNCUSDT,SELL,LIMIT,1701069188644,32761,0.1185553
1000LUNCUSDT,SELL,LIMIT,1701069189790,104,0.1183391
1000LUNCUSDT,SELL,LIMIT,1701069210133,22161,0.1181057
1000LUNCUSDT,SELL,LIMIT,1701069211310,29484,0.1179819
1000LUNCUSDT,SELL,LIMIT,1701069218705,5487,0.1179218
1000LUNCUSDT,BUY,LIMIT,1701069261098,47,0.1216934
1000LUNCUSDT,BUY,LIMIT,1701069289253,1453,0.1211494
1000LUNCUSDT,SELL,LIMIT,1701069304691,29767,0.1179267
1000LUNCUSDT,BUY,LIMIT,1701069341097,210,0.1217677
1000LUNCUSDT,BUY,LIMIT,1701069342197,3568,0.1216313
1000LUNCUSDT,BUY,LIMIT,1701069343243,593,0.1218840
1000LUNCUSDT,BUY,LIMIT,1701069344511,53,0.1222842
1000LUNCUSDT,BUY,LIMIT,1701069361100,5023,0.1223566
1000LUNCUSDT,BUY,LIMIT,1701069374258,7391,0.1223760
1000LUNCUSDT,BUY,LIMIT,1701069375262,4408,0.1223760
1000LUNCUSDT,BUY,LIMIT,1701069379863,2752,0.1226755
1000LUNCUSDT,BUY,LIMIT,1701069382203,479,0.1230392
1000LUNCUSDT,BUY,LIMIT,1701069383232,3509,0.1232376
1000LUNCUSDT,BUY,LIMIT,1701069384245,7847,0.1232130
1000LUNCUSDT,BUY,LIMIT,1701069385325,4115,0.1239478
1000LUNCUSDT,BUY,LIMIT,1701069387376,4245,0.1239615
1000LUNCUSDT,BUY,LIMIT,1701069388596,291,0.1240425
1000LUNCUSDT,BUY,LIMIT,1701069389649,18410,0.1243532
1000LUNCUSDT,BUY,LIMIT,1701069393369,2121,0.1245906
1000LUNCUSDT,BUY,LIMIT,1701069395816,4373,0.1245733
1000LUNCUSDT,BUY,LIMIT,1701069402153,2531,0.1246733
1000LUNCUSDT,BUY,LIMIT,1701069403390,425,0.1247405
1000LUNCUSDT,BUY,LIMIT,1701069404394,1115,0.1253772
1000LUNCUSDT,BUY,LIMIT,1701069405409,4020,0.1253595
1000LUNCUSDT,BUY,LIMIT,1701069406554,29902,0.1254973
1000LUNCUSDT,BUY,LIMIT,1701069408549,4200,0.1255410
1000LUNCUSDT,SELL,LIMIT,1701069418103,40249,0.1211586
1000LUNCUSDT,SELL,LIMIT,1701069419163,334,0.1213695
1000LUNCUSDT,SELL,LIMIT,1701069421131,1755,0.1207162
1000LUNCUSDT,SELL,LIMIT,1701069422136,667,0.1207706
1000LUNCUSDT,SELL,LIMIT,1701069424545,2911,0.1205017
1000LUNCUSDT,SELL,LIMIT,1701069426891,484,0.1202794
1000LUNCUSDT,SELL,LIMIT,1701069428310,325,0.1199255
1000LUNCUSDT,SELL,LIMIT,1701069457131,2424,0.1197459
1000LUNCUSDT,SELL,LIMIT,1701069460769,4045,0.1194964
1000LUNCUSDT,SELL,LIMIT,1701069463886,8298,0.1194054
1000LUNCUSDT,SELL,LIMIT,1701069483475,135,0.1190853
1000LUNCUSDT,SELL,LIMIT,1701069485068,10313,0.1188485
1000LUNCUSDT,SELL,LIMIT,1701069486119,186,0.1186934
1000LUNCUSDT,SELL,LIMIT,1701069487163,170,0.1182708
1000LUNCUSDT,SELL,LIMIT,1701069491337,14678,0.1180412
1000LUNCUSDT,SELL,LIMIT,1701069492408,2868,0.1179579
1000LUNCUSDT,SELL,LIMIT,1701069494577,13866,0.1178579
1000LUNCUSDT,SELL,LIMIT,1701069495687,2996,0.1176905
1000LUNCUSDT,SELL,LIMIT,1701069497233,3268,0.1176116
1000LUNCUSDT,SELL,LIMIT,1701069498273,3709,0.1175915
1000LUNCUSDT,SELL,LIMIT,1701069501468,10786,0.1175032
1000LUNCUSDT,SELL,LIMIT,1701069503399,1457,0.1173936
1000LUNCUSDT,SELL,LIMIT,1701069504731,1992,0.1173549
1000LUNCUSDT,SELL,LIMIT,1701069505845,122579,0.1159269
1000LUNCUSDT,SELL,LIMIT,1701069510083,31401,0.1169984
1000LUNCUSDT,SELL,LIMIT,1701069511138,234,0.1168641
1000LUNCUSDT,SELL,LIMIT,1701069512353,762,0.1167881
1000LUNCUSDT,SELL,LIMIT,1701069513386,13566,0.1164419
1000LUNCUSDT,SELL,LIMIT,1701069514397,118,0.1163615
1000LUNCUSDT,SELL,LIMIT,1701069515435,34497,0.1163593
1000LUNCUSDT,SELL,LIMIT,1701069517380,6962,0.1161788
1000LUNCUSDT,SELL,LIMIT,1701069521331,2007,0.1160485
1000LUNCUSDT,SELL,LIMIT,1701069524144,2149,0.1159448
1000LUNCUSDT,SELL,LIMIT,1701069525163,3619,0.1159730
1000LUNCUSDT,SELL,LIMIT,1701069547053,1048,0.1157919
1000LUNCUSDT,SELL,LIMIT,1701069548112,251,0.1158351
1000LUNCUSDT,SELL,LIMIT,1701069549156,591,0.1155535
1000LUNCUSDT,SELL,LIMIT,1701069550252,453,0.1153772
1000LUNCUSDT,SELL,LIMIT,1701069551274,913,0.1152569
1000LUNCUSDT,SELL,LIMIT,1701069552436,4572,0.1153653
1000LUNCUSDT,SELL,LIMIT,1701069555074,19841,0.1150478
1000LUNCUSDT,SELL,LIMIT,1701069556159,5444,0.1151351
1000LUNCUSDT,SELL,LIMIT,1701069557169,1322,0.1149743
1000LUNCUSDT,SELL,LIMIT,1701069558180,260,0.1148566
1000LUNCUSDT,BUY,LIMIT,1701069576186,2228,0.1179073
1000LUNCUSDT,BUY,LIMIT,1701069577429,415,0.1181353
1000LUNCUSDT,BUY,LIMIT,1701069588968,716,0.1185954
1000LUNCUSDT,BUY,LIMIT,1701069600754,21451,0.1188961
1000LUNCUSDT,SELL,LIMIT,1701069635076,43,0.1156590
1000LUNCUSDT,SELL,LIMIT,1701069636482,12032,0.1154897
1000LUNCUSDT,SELL,LIMIT,1701069638071,704,0.1153641
1000LUNCUSDT,SELL,LIMIT,1701069641030,5024,0.1150981
1000LUNCUSDT,SELL,LIMIT,1701069716988,828,0.1150843
1000LUNCUSDT,SELL,LIMIT,1701069726938,1652,0.1149977
1000LUNCUSDT,SELL,LIMIT,1701069728083,42546,0.1148047
1000LUNCUSDT,SELL,LIMIT,1701069729094,826,0.1147378
1000LUNCUSDT,SELL,LIMIT,1701069730410,320,0.1146443
1000LUNCUSDT,SELL,LIMIT,1701069731418,11352,0.1144782
1000LUNCUSDT,BUY,LIMIT,1701069764659,2653,0.1180254
1000LUNCUSDT,BUY,LIMIT,1701069769260,6669,0.1183352
1000LUNCUSDT,BUY,LIMIT,1701069771887,41134,0.1184966
1000LUNCUSDT,BUY,LIMIT,1701069787751,4497,0.1186800
1000LUNCUSDT,BUY,LIMIT,1701069797157,221,0.1178366
1000LUNCUSDT,SELL,LIMIT,1701069857400,21210,0.1152245
1000LUNCUSDT,SELL,LIMIT,1701069877142,9191,0.1149693
1000LUNCUSDT,SELL,LIMIT,1701069882669,437,0.1147957
1000LUNCUSDT,SELL,LIMIT,1701069887977,151,0.1152615
1000LUNCUSDT,BUY,LIMIT,1701069958218,1404,0.1185832
1000LUNCUSDT,BUY,LIMIT,1701069961786,1102,0.1187398
1000LUNCUSDT,BUY,LIMIT,1701069962904,8917,0.1188542
1000LUNCUSDT,BUY,LIMIT,1701069968215,58,0.1190400
1000LUNCUSDT,BUY,LIMIT,1701069969295,42394,0.1190882
1000LUNCUSDT,BUY,LIMIT,1701069970413,4060,0.1194303
1000LUNCUSDT,BUY,LIMIT,1701069971732,674,0.1195613
1000LUNCUSDT,BUY,LIMIT,1701069973003,348,0.1196281
1000LUNCUSDT,BUY,LIMIT,1701069975149,1703,0.1196994
1000LUNCUSDT,BUY,LIMIT,1701069977258,339,0.1199403
1000LUNCUSDT,BUY,LIMIT,1701069978370,13196,0.1198708
1000LUNCUSDT,BUY,LIMIT,1701069986036,39755,0.1200009
1000LUNCUSDT,SELL,LIMIT,1701070115461,2097,0.1164261
1000LUNCUSDT,SELL,LIMIT,1701070116552,792,0.1163664
1000LUNCUSDT,SELL,LIMIT,1701070118597,7966,0.1161439
1000LUNCUSDT,SELL,LIMIT,1701070167354,929,0.1174710
1000LUNCUSDT,BUY,LIMIT,1701070199621,1192,0.1196359
1000LUNCUSDT,BUY,LIMIT,1701070214673,8004,0.1199570
1000LUNCUSDT,BUY,LIMIT,1701070216104,1142,0.1200924
1000LUNCUSDT,BUY,LIMIT,1701070219472,10613,0.1202070
1000LUNCUSDT,BUY,LIMIT,1701070309109,2910,0.1204122
1000LUNCUSDT,BUY,LIMIT,1701070310143,5734,0.1203471
1000LUNCUSDT,BUY,LIMIT,1701070320497,15250,0.1205762
1000LUNCUSDT,SELL,LIMIT,1701070368582,3803,0.1169499
1000LUNCUSDT,SELL,LIMIT,1701070382079,2281,0.1165924
1000LUNCUSDT,SELL,LIMIT,1701070383366,1423,0.1164280
1000LUNCUSDT,SELL,LIMIT,1701070391586,42023,0.1163041
1000LUNCUSDT,SELL,LIMIT,1701070392925,15589,0.1162470
1000LUNCUSDT,SELL,LIMIT,1701070396336,4478,0.1160558
1000LUNCUSDT,SELL,LIMIT,1701070398401,28295,0.1160489
1000LUNCUSDT,SELL,LIMIT,1701070399445,40017,0.1160234
1000LUNCUSDT,BUY,LIMIT,1701070437826,1214,0.1182507
1000LUNCUSDT,SELL,LIMIT,1701070441259,20849,0.1158073
1000LUNCUSDT,SELL,LIMIT,1701070442474,2583,0.1157600
1000LUNCUSDT,SELL,LIMIT,1701070444464,3539,0.1157548
1000LUNCUSDT,BUY,LIMIT,1701070634335,5974,0.1193477
1000LUNCUSDT,BUY,LIMIT,1701070637161,675,0.1195380
1000LUNCUSDT,SELL,LIMIT,1701070665485,61,0.1158952
1000LUNCUSDT,SELL,LIMIT,1701070696051,16648,0.1155706
1000LUNCUSDT,SELL,LIMIT,1701070748138,20278,0.1155063
1000LUNCUSDT,SELL,LIMIT,1701070749308,4171,0.1153467
1000LUNCUSDT,SELL,LIMIT,1701070762186,7891,0.1152789
1000LUNCUSDT,SELL,LIMIT,1701070763520,545,0.1152297
1000LUNCUSDT,SELL,LIMIT,1701070910157,41995,0.1152516
1000LUNCUSDT,SELL,LIMIT,1701070911304,1883,0.1151743
1000LUNCUSDT,SELL,LIMIT,1701070912846,30581,0.1150663
1000LUNCUSDT,SELL,LIMIT,1701070914361,15702,0.1150475
1000LUNCUSDT,SELL,LIMIT,1701070916088,355,0.1149700
1000LUNCUSDT,SELL,LIMIT,1701070917101,42677,0.1144326
1000LUNCUSDT,SELL,LIMIT,1701070918109,4278,0.1146649
1000LUNCUSDT,SELL,LIMIT,1701070919222,2553,0.1142811
1000LUNCUSDT,SELL,LIMIT,1701070921064,1872,0.1142199
1000LUNCUSDT,SELL,LIMIT,1701070922084,4001,0.1139237
1000LUNCUSDT,SELL,LIMIT,1701070923095,726,0.1138284
1000LUNCUSDT,SELL,LIMIT,1701070924111,17405,0.1134904
1000LUNCUSDT,SELL,LIMIT,1701070925131,42575,0.1135245
1000LUNCUSDT,SELL,LIMIT,1701070926353,2317,0.1134446
1000LUNCUSDT,BUY,LIMIT,1701070990738,1018,0.1168529
1000LUNCUSDT,BUY,LIMIT,1701070992570,687,0.1172276
1000LUNCUSDT,BUY,LIMIT,1701070993604,525,0.1174404
1000LUNCUSDT,BUY,LIMIT,1701070996117,1000,0.1177928
1000LUNCUSDT,BUY,LIMIT,1701071128804,2009,0.1183592
1000LUNCUSDT,BUY,LIMIT,1701071234113,8715,0.1187758
1000LUNCUSDT,BUY,LIMIT,1701071353922,477,0.1188329
1000LUNCUSDT,BUY,LIMIT,1701071355258,15802,0.1190343
1000LUNCUSDT,BUY,LIMIT,1701071356289,4099,0.1193166
1000LUNCUSDT,SELL,LIMIT,1701071417698,1684,0.1152172
1000LUNCUSDT,SELL,LIMIT,1701071428137,3346,0.1150537
1000LUNCUSDT,SELL,LIMIT,1701071429144,1050,0.1147276
1000LUNCUSDT,SELL,LIMIT,1701071665303,267,0.1147857
1000LUNCUSDT,BUY,LIMIT,1701071858507,4610,0.1184301
1000LUNCUSDT,BUY,LIMIT,1701071861610,2114,0.1184982
1000LUNCUSDT,BUY,LIMIT,1701071862720,2772,0.1187224
1000LUNCUSDT,BUY,LIMIT,1701071865332,5576,0.1187921
1000LUNCUSDT,BUY,LIMIT,1701071867515,3474,0.1187986
1000LUNCUSDT,BUY,LIMIT,1701071871801,27802,0.1189699
1000LUNCUSDT,BUY,LIMIT,1701071873123,65,0.1190718
1000LUNCUSDT,BUY,LIMIT,1701072012418,947,0.1194155
1000LUNCUSDT,BUY,LIMIT,1701072013491,81,0.1195319
1000LUNCUSDT,BUY,LIMIT,1701072014501,2336,0.1197617
1000LUNCUSDT,BUY,LIMIT,1701072075997,723,0.1197300
1000LUNCUSDT,BUY,LIMIT,1701072077735,17260,0.1197351
1000LUNCUSDT,BUY,LIMIT,1701072088093,11145,0.1197707
1000LUNCUSDT,BUY,LIMIT,1701072092001,20253,0.1197882
1000LUNCUSDT,BUY,LIMIT,1701072095765,2583,0.1199204
1000LUNCUSDT,BUY,LIMIT,1701072103309,5473,0.1199110
1000LUNCUSDT,BUY,LIMIT,1701072105063,158,0.1199345
1000LUNCUSDT,BUY,LIMIT,1701072113590,112,0.1199530
1000LUNCUSDT,BUY,LIMIT,1701072114993,933,0.1200699
1000LUNCUSDT,SELL,LIMIT,1701072149259,71,0.1163760
1000LUNCUSDT,SELL,LIMIT,1701072150598,11911,0.1162368
1000LUNCUSDT,SELL,LIMIT,1701072190673,1049,0.1161797
1000LUNCUSDT,BUY,LIMIT,1701072229543,1000,0.1196818
1000LUNCUSDT,BUY,LIMIT,1701072245035,467,0.1198802
1000LUNCUSDT,BUY,LIMIT,1701072246795,4029,0.1199453
1000LUNCUSDT,BUY,LIMIT,1701072299216,10236,0.1202836
1000LUNCUSDT,BUY,LIMIT,1701072319305,13041,0.1203301
1000LUNCUSDT,BUY,LIMIT,1701072323061,257,0.1203642
1000LUNCUSDT,SELL,LIMIT,1701072347586,1423,0.1167914
1000LUNCUSDT,SELL,LIMIT,1701072366068,406,0.1166930
1000LUNCUSDT,SELL,LIMIT,1701072367630,18456,0.1164489
1000LUNCUSDT,SELL,LIMIT,1701072371632,9959,0.1163066
1000LUNCUSDT,SELL,LIMIT,1701072387651,969,0.1162828
1000LUNCUSDT,SELL,LIMIT,1701072396279,1322,0.1161626
1000LUNCUSDT,SELL,LIMIT,1701072420595,4390,0.1160945
1000LUNCUSDT,SELL,LIMIT,1701072421652,553,0.1160278
1000LUNCUSDT,SELL,LIMIT,1701072423584,1050,0.1159915
1000LUNCUSDT,SELL,LIMIT,1701072425709,2938,0.1159472
1000LUNCUSDT,SELL,LIMIT,1701072450467,240,0.1157452
1000LUNCUSDT,SELL,LIMIT,1701072458248,3780,0.1157543
1000LUNCUSDT,SELL,LIMIT,1701072462119,22941,0.1156637
1000LUNCUSDT,SELL,LIMIT,1701072476632,8376,0.1155564
1000LUNCUSDT,SELL,LIMIT,1701072599882,2685,0.1154442
1000LUNCUSDT,SELL,LIMIT,1701072601366,268,0.1154284
1000LUNCUSDT,SELL,LIMIT,1701072602649,8510,0.1153765
1000LUNCUSDT,BUY,LIMIT,1701072662925,1916,0.1189467
1000LUNCUSDT,BUY,LIMIT,1701072666442,428,0.1189703
1000LUNCUSDT,BUY,LIMIT,1701072667903,49,0.1190644
1000LUNCUSDT,BUY,LIMIT,1701072669044,91,0.1191139
1000LUNCUSDT,BUY,LIMIT,1701072670558,5624,0.1191989
1000LUNCUSDT,BUY,LIMIT,1701072681353,2869,0.1192139
1000LUNCUSDT,BUY,LIMIT,1701072683479,669,0.1192391
1000LUNCUSDT,BUY,LIMIT,1701072684881,971,0.1192815
1000LUNCUSDT,BUY,LIMIT,1701072686303,1861,0.1192962
1000LUNCUSDT,BUY,LIMIT,1701072925125,350,0.1195504
1000LUNCUSDT,BUY,LIMIT,1701072938186,5769,0.1197031
1000LUNCUSDT,SELL,LIMIT,1701072999514,845,0.1159639
1000LUNCUSDT,SELL,LIMIT,1701073000846,2499,0.1158828
1000LUNCUSDT,SELL,LIMIT,1701073002187,215,0.1158276
1000LUNCUSDT,BUY,LIMIT,1701073062198,29415,0.1193896
1000LUNCUSDT,BUY,LIMIT,1701073069011,628,0.1195972
1000LUNCUSDT,BUY,LIMIT,1701073100468,17056,0.1197065
1000LUNCUSDT,BUY,LIMIT,1701073104845,12688,0.1198384
1000LUNCUSDT,BUY,LIMIT,1701073111334,1763,0.1198756
1000LUNCUSDT,BUY,LIMIT,1701073112507,98,0.1199040
1000LUNCUSDT,BUY,LIMIT,1701073114390,242,0.1200461
1000LUNCUSDT,BUY,LIMIT,1701073117295,425,0.1202829
1000LUNCUSDT,BUY,LIMIT,1701073123157,159,0.1203315
1000LUNCUSDT,BUY,LIMIT,1701073125149,4239,0.1205497
1000LUNCUSDT,BUY,LIMIT,1701073126159,603,0.1205977
1000LUNCUSDT,BUY,LIMIT,1701073127233,55,0.1207104
1000LUNCUSDT,BUY,LIMIT,1701073129278,514,0.1207919
1000LUNCUSDT,BUY,LIMIT,1701073130282,407,0.1208030
1000LUNCUSDT,BUY,LIMIT,1701073131401,3626,0.1209292
1000LUNCUSDT,BUY,LIMIT,1701073371950,1489,0.1211774
1000LUNCUSDT,BUY,LIMIT,1701073373058,7811,0.1212104
1000LUNCUSDT,BUY,LIMIT,1701073374099,13719,0.1213759
1000LUNCUSDT,BUY,LIMIT,1701073375131,16791,0.1215530
1000LUNCUSDT,BUY,LIMIT,1701073376155,1960,0.1216589
1000LUNCUSDT,BUY,LIMIT,1701073377205,12383,0.1220038
1000LUNCUSDT,BUY,LIMIT,1701073378270,810,0.1218312
1000LUNCUSDT,BUY,LIMIT,1701073379488,20573,0.1221032
1000LUNCUSDT,BUY,LIMIT,1701073380871,6081,0.1221203
1000LUNCUSDT,BUY,LIMIT,1701073381880,295,0.1222458
1000LUNCUSDT,BUY,LIMIT,1701073382967,6258,0.1222541
1000LUNCUSDT,BUY,LIMIT,1701073384078,2306,0.1223426
1000LUNCUSDT,BUY,LIMIT,1701073387346,46,0.1225091
1000LUNCUSDT,BUY,LIMIT,1701073415294,8780,0.1225527
1000LUNCUSDT,BUY,LIMIT,1701073416421,359,0.1225596
1000LUNCUSDT,BUY,LIMIT,1701073419227,4496,0.1227132
1000LUNCUSDT,BUY,LIMIT,1701073420231,1400,0.1228256
1000LUNCUSDT,BUY,LIMIT,1701073421272,43,0.1228823
1000LUNCUSDT,BUY,LIMIT,1701073423229,29735,0.1230492
1000LUNCUSDT,BUY,LIMIT,1701073424270,1975,0.1230578
1000LUNCUSDT,BUY,LIMIT,1701073425283,209,0.1231154
1000LUNCUSDT,SELL,LIMIT,1701073520127,1531,0.1195714
1000LUNCUSDT,SELL,LIMIT,1701073529022,426,0.1190547
1000LUNCUSDT,SELL,LIMIT,1701073583304,908,0.1189740
1000LUNCUSDT,SELL,LIMIT,1701073590447,16656,0.1189082
1000LUNCUSDT,SELL,LIMIT,1701073593463,5151,0.1187545
1000LUNCUSDT,SELL,LIMIT,1701073595158,496,0.1187191
1000LUNCUSDT,SELL,LIMIT,1701073631929,2270,0.1186043
1000LUNCUSDT,SELL,LIMIT,1701073693362,8648,0.1185731
1000LUNCUSDT,SELL,LIMIT,1701073806497,890,0.1184377
1000LUNCUSDT,SELL,LIMIT,1701073808773,2847,0.1180589
1000LUNCUSDT,BUY,LIMIT,1701073894116,8347,0.1223032
1000LUNCUSDT,BUY,LIMIT,1701073895120,468,0.1221655
1000LUNCUSDT,BUY,LIMIT,1701073896271,15853,0.1223355
1000LUNCUSDT,BUY,LIMIT,1701073897415,1324,0.1223671
1000LUNCUSDT,BUY,LIMIT,1701073898451,543,0.1225844
1000LUNCUSDT,BUY,LIMIT,1701073901779,4640,0.1227820
1000LUNCUSDT,BUY,LIMIT,1701073902815,6111,0.1228044
1000LUNCUSDT,BUY,LIMIT,1701073906298,505,0.1230614
1000LUNCUSDT,BUY,LIMIT,1701073907526,525,0.1232517
1000LUNCUSDT,BUY,LIMIT,1701073920884,18333,0.1232454
1000LUNCUSDT,BUY,LIMIT,1701073922010,1702,0.1232775
1000LUNCUSDT,BUY,LIMIT,1701073930166,2025,0.1233242
1000LUNCUSDT,BUY,LIMIT,1701073931235,9130,0.1234736
1000LUNCUSDT,BUY,LIMIT,1701073932246,3015,0.1235525
1000LUNCUSDT,BUY,LIMIT,1701073933431,9168,0.1236012
1000LUNCUSDT,BUY,LIMIT,1701073935171,9452,0.1236624
1000LUNCUSDT,BUY,LIMIT,1701073936210,18241,0.1238764
1000LUNCUSDT,BUY,LIMIT,1701073937253,289,0.1238299
1000LUNCUSDT,BUY,LIMIT,1701073963230,328,0.1233036
1000LUNCUSDT,BUY,LIMIT,1701073969047,1426,0.1240291
1000LUNCUSDT,BUY,LIMIT,1701073970275,847,0.1240026
1000LUNCUSDT,BUY,LIMIT,1701073973046,660,0.1241560
1000LUNCUSDT,BUY,LIMIT,1701073974185,2220,0.1243397
1000LUNCUSDT,BUY,LIMIT,1701073975264,415,0.1242574
1000LUNCUSDT,BUY,LIMIT,1701073976293,1275,0.1245669
1000LUNCUSDT,BUY,LIMIT,1701073977297,1186,0.1248056
1000LUNCUSDT,BUY,LIMIT,1701073978305,19281,0.1249194
1000LUNCUSDT,BUY,LIMIT,1701073979392,1605,0.1248543
1000LUNCUSDT,BUY,LIMIT,1701073980459,767,0.1249428
1000LUNCUSDT,BUY,LIMIT,1701073996094,2089,0.1250574
1000LUNCUSDT,BUY,LIMIT,1701073997163,1858,0.1249990
1000LUNCUSDT,BUY,LIMIT,1701074003398,150,0.1250941
1000LUNCUSDT,BUY,LIMIT,1701074019812,1924,0.1250028
1000LUNCUSDT,BUY,LIMIT,1701074062343,3227,0.1251175
1000LUNCUSDT,BUY,LIMIT,1701074065820,1671,0.1251526
1000LUNCUSDT,BUY,LIMIT,1701074067081,1718,0.1251654
1000LUNCUSDT,BUY,LIMIT,1701074068265,100,0.1251667
1000LUNCUSDT,BUY,LIMIT,1701074081171,4449,0.1252131
1000LUNCUSDT,BUY,LIMIT,1701074082514,637,0.1252521
1000LUNCUSDT,SELL,LIMIT,1701074106851,7704,0.1215071
1000LUNCUSDT,SELL,LIMIT,1701074174107,2032,0.1212958
1000LUNCUSDT,BUY,LIMIT,1701074257158,673,0.1253395
1000LUNCUSDT,BUY,LIMIT,1701074281108,464,0.1254221
1000LUNCUSDT,BUY,LIMIT,1701074282280,1092,0.1254115
1000LUNCUSDT,BUY,LIMIT,1701074312573,84,0.1254664
1000LUNCUSDT,BUY,LIMIT,1701074313614,539,0.1255420
1000LUNCUSDT,BUY,LIMIT,1701074326063,567,0.1255616
1000LUNCUSDT,BUY,LIMIT,1701074327087,79127,0.1264840
1000LUNCUSDT,BUY,LIMIT,1701074328554,8693,0.1255926
1000LUNCUSDT,BUY,LIMIT,1701074337352,747,0.1256001
1000LUNCUSDT,BUY,LIMIT,1701074338367,8064,0.1258546
1000LUNCUSDT,BUY,LIMIT,1701074339374,8309,0.1261300
1000LUNCUSDT,BUY,LIMIT,1701074340390,4243,0.1263659
1000LUNCUSDT,BUY,LIMIT,1701074341494,2099,0.1263054
1000LUNCUSDT,BUY,LIMIT,1701074346081,4174,0.1266236
1000LUNCUSDT,BUY,LIMIT,1701074347083,477,0.1264064
1000LUNCUSDT,BUY,LIMIT,1701074348086,2256,0.1268229
1000LUNCUSDT,BUY,LIMIT,1701074349096,6683,0.1276179
1000LUNCUSDT,BUY,LIMIT,1701074350122,931,0.1272627
1000LUNCUSDT,BUY,LIMIT,1701074351149,2387,0.1276358
1000LUNCUSDT,BUY,LIMIT,1701074354063,25903,0.1278491
1000LUNCUSDT,BUY,LIMIT,1701074355197,19389,0.1278256
1000LUNCUSDT,BUY,LIMIT,1701074356263,7248,0.1279264
1000LUNCUSDT,BUY,LIMIT,1701074357320,82,0.1282140
1000LUNCUSDT,BUY,LIMIT,1701074358324,174,0.1282656
1000LUNCUSDT,BUY,LIMIT,1701074370048,50,0.1286314
1000LUNCUSDT,BUY,LIMIT,1701074371079,1281,0.1286251
1000LUNCUSDT,BUY,LIMIT,1701074372098,353,0.1287680
1000LUNCUSDT,BUY,LIMIT,1701074373108,4661,0.1288178
1000LUNCUSDT,BUY,LIMIT,1701074374122,371,0.1291776
1000LUNCUSDT,BUY,LIMIT,1701074375135,319,0.1291872
1000LUNCUSDT,BUY,LIMIT,1701074376140,2295,0.1294412
1000LUNCUSDT,BUY,LIMIT,1701074377147,661,0.1293615
1000LUNCUSDT,SELL,LIMIT,1701074434026,389,0.1254756
1000LUNCUSDT,SELL,LIMIT,1701074438651,13519,0.1251477
1000LUNCUSDT,SELL,LIMIT,1701074442484,19533,0.1250716
1000LUNCUSDT,SELL,LIMIT,1701074443859,70,0.1249560
1000LUNCUSDT,SELL,LIMIT,1701074445012,12879,0.1248728
1000LUNCUSDT,SELL,LIMIT,1701074454176,10559,0.1248288
1000LUNCUSDT,SELL,LIMIT,1701074455267,1483,0.1247207
1000LUNCUSDT,SELL,LIMIT,1701074457290,779,0.1245686
1000LUNCUSDT,SELL,LIMIT,1701074458641,22602,0.1244854
1000LUNCUSDT,SELL,LIMIT,1701074473467,70,0.1243381
1000LUNCUSDT,SELL,LIMIT,1701074474880,19706,0.1241050
1000LUNCUSDT,SELL,LIMIT,1701074476253,516,0.1238768
1000LUNCUSDT,SELL,LIMIT,1701074477386,800,0.1237760
1000LUNCUSDT,SELL,LIMIT,1701074495159,485,0.1234744
1000LUNCUSDT,SELL,LIMIT,1701074543960,1213,0.1233130
1000LUNCUSDT,SELL,LIMIT,1701074590018,2350,0.1232164
1000LUNCUSDT,SELL,LIMIT,1701074591020,845,0.1231771
1000LUNCUSDT,BUY,LIMIT,1701074659613,1310,0.1272758
1000LUNCUSDT,BUY,LIMIT,1701074660953,1137,0.1274468
1000LUNCUSDT,SELL,LIMIT,1701074777189,7756,0.1235032
1000LUNCUSDT,SELL,LIMIT,1701074778396,574,0.1235272
1000LUNCUSDT,SELL,LIMIT,1701074834343,3588,0.1233571
1000LUNCUSDT,SELL,LIMIT,1701074835400,19861,0.1233253
1000LUNCUSDT,SELL,LIMIT,1701074836819,8312,0.1232675
1000LUNCUSDT,SELL,LIMIT,1701074863222,383,0.1230117
1000LUNCUSDT,SELL,LIMIT,1701074864294,4697,0.1228448
1000LUNCUSDT,SELL,LIMIT,1701074883298,401,0.1225848
1000LUNCUSDT,SELL,LIMIT,1701074885465,3969,0.1226112
1000LUNCUSDT,SELL,LIMIT,1701074925453,342,0.1225277
1000LUNCUSDT,SELL,LIMIT,1701074930056,1601,0.1223424
1000LUNCUSDT,SELL,LIMIT,1701074931091,620,0.1221181
1000LUNCUSDT,SELL,LIMIT,1701074932186,1929,0.1221753
1000LUNCUSDT,SELL,LIMIT,1701074933278,8119,0.1216796
1000LUNCUSDT,SELL,LIMIT,1701074934368,1797,0.1215921
1000LUNCUSDT,SELL,LIMIT,1701074938047,2666,0.1213599
1000LUNCUSDT,SELL,LIMIT,1701074939112,6704,0.1212954
1000LUNCUSDT,SELL,LIMIT,1701074940354,7698,0.1210548
1000LUNCUSDT,SELL,LIMIT,1701074949549,25804,0.1208571
1000LUNCUSDT,SELL,LIMIT,1701074950616,14822,0.1207981
1000LUNCUSDT,SELL,LIMIT,1701074951687,331,0.1205768
1000LUNCUSDT,BUY,LIMIT,1701075026361,173,0.1245424
1000LUNCUSDT,BUY,LIMIT,1701075027808,5090,0.1245811
1000LUNCUSDT,BUY,LIMIT,1701075089594,1218,0.1247263
1000LUNCUSDT,BUY,LIMIT,1701075095091,8077,0.1249960
1000LUNCUSDT,BUY,LIMIT,1701075118350,18161,0.1250755
1000LUNCUSDT,BUY,LIMIT,1701075121339,379,0.1251866
1000LUNCUSDT,SELL,LIMIT,1701075609209,3386,0.1217652
1000LUNCUSDT,SELL,LIMIT,1701075612465,2676,0.1216170
1000LUNCUSDT,BUY,LIMIT,1701075628110,18856,0.1255480
1000LUNCUSDT,BUY,LIMIT,1701075629673,12657,0.1256367
1000LUNCUSDT,BUY,LIMIT,1701075661081,976,0.1258975
1000LUNCUSDT,BUY,LIMIT,1701075662135,66,0.1259861
1000LUNCUSDT,BUY,LIMIT,1701075669051,85,0.1261538
1000LUNCUSDT,BUY,LIMIT,1701075670099,810,0.1263022
1000LUNCUSDT,BUY,LIMIT,1701075671436,217,0.1262298
1000LUNCUSDT,BUY,LIMIT,1701075672594,657,0.1263787
1000LUNCUSDT,BUY,LIMIT,1701075676296,1210,0.1261203
1000LUNCUSDT,BUY,LIMIT,1701075805020,23293,0.1265674
1000LUNCUSDT,SELL,LIMIT,1701075981006,1023,0.1227373
1000LUNCUSDT,SELL,LIMIT,1701075992884,884,0.1224597
1000LUNCUSDT,SELL,LIMIT,1701075994135,245,0.1224069
1000LUNCUSDT,SELL,LIMIT,1701075996167,620,0.1223510
1000LUNCUSDT,SELL,LIMIT,1701075997251,381,0.1222947
1000LUNCUSDT,SELL,LIMIT,1701075999562,40047,0.1222271
1000LUNCUSDT,SELL,LIMIT,1701076001253,965,0.1220350
1000LUNCUSDT,SELL,LIMIT,1701076032142,553,0.1219236
1000LUNCUSDT,SELL,LIMIT,1701076033562,29979,0.1218610
1000LUNCUSDT,SELL,LIMIT,1701076035956,8802,0.1217886
1000LUNCUSDT,SELL,LIMIT,1701076069539,226,0.1216920
1000LUNCUSDT,SELL,LIMIT,1701076076193,301,0.1215708
1000LUNCUSDT,SELL,LIMIT,1701076082549,1783,0.1214594
1000LUNCUSDT,SELL,LIMIT,1701076084310,561,0.1214214
1000LUNCUSDT,SELL,LIMIT,1701076088573,780,0.1213134
1000LUNCUSDT,SELL,LIMIT,1701076090178,38225,0.1211293
1000LUNCUSDT,SELL,LIMIT,1701076091703,2852,0.1211250
1000LUNCUSDT,SELL,LIMIT,1701076099207,243,0.1210331
1000LUNCUSDT,SELL,LIMIT,1701076101094,20234,0.1209823
1000LUNCUSDT,SELL,LIMIT,1701076103317,46,0.1209680
1000LUNCUSDT,SELL,LIMIT,1701076104325,5153,0.1209753
1000LUNCUSDT,SELL,LIMIT,1701076105840,16000,0.1208653
1000LUNCUSDT,SELL,LIMIT,1701076106924,27550,0.1207080
1000LUNCUSDT,SELL,LIMIT,1701076108170,20325,0.1205647
1000LUNCUSDT,SELL,LIMIT,1701076109380,17448,0.1206680
1000LUNCUSDT,SELL,LIMIT,1701076214182,6209,0.1203948
1000LUNCUSDT,SELL,LIMIT,1701076215263,4366,0.1204645
1000LUNCUSDT,BUY,LIMIT,1701076270780,39632,0.1242858
1000LUNCUSDT,BUY,LIMIT,1701076273069,4427,0.1243340
1000LUNCUSDT,BUY,LIMIT,1701076274175,2622,0.1244126
1000LUNCUSDT,SELL,LIMIT,1701076417009,280,0.1215208
1000LUNCUSDT,BUY,LIMIT,1701076526082,4229,0.1244737
1000LUNCUSDT,BUY,LIMIT,1701076527307,429,0.1245230
1000LUNCUSDT,BUY,LIMIT,1701076528753,1657,0.1245723
1000LUNCUSDT,BUY,LIMIT,1701076529929,233,0.1246737
1000LUNCUSDT,BUY,LIMIT,1701076570876,7911,0.1248558
1000LUNCUSDT,BUY,LIMIT,1701076574826,677,0.1249641
1000LUNCUSDT,BUY,LIMIT,1701076620317,653,0.1250504
1000LUNCUSDT,BUY,LIMIT,1701076621641,117,0.1251311
1000LUNCUSDT,BUY,LIMIT,1701076622901,161,0.1251424
1000LUNCUSDT,BUY,LIMIT,1701076624823,430,0.1251708
1000LUNCUSDT,BUY,LIMIT,1701076628836,13141,0.1252879
1000LUNCUSDT,BUY,LIMIT,1701076647138,1430,0.1253167
1000LUNCUSDT,BUY,LIMIT,1701076648385,6987,0.1254783
1000LUNCUSDT,BUY,LIMIT,1701076699933,324,0.1241415
1000LUNCUSDT,BUY,LIMIT,1701076701496,1389,0.1246099
1000LUNCUSDT,SELL,LIMIT,1701076811451,43,0.1217810
1000LUNCUSDT,SELL,LIMIT,1701076823442,40234,0.1215166
1000LUNCUSDT,SELL,LIMIT,1701076828492,1039,0.1214205
1000LUNCUSDT,SELL,LIMIT,1701076829794,1449,0.1212420
1000LUNCUSDT,SELL,LIMIT,1701076832385,2229,0.1211850
1000LUNCUSDT,SELL,LIMIT,1701076873404,3192,0.1211417
1000LUNCUSDT,SELL,LIMIT,1701076875613,1180,0.1210775
1000LUNCUSDT,SELL,LIMIT,1701076877065,4000,0.1208303
1000LUNCUSDT,SELL,LIMIT,1701076878090,1596,0.1208211
1000LUNCUSDT,SELL,LIMIT,1701076879366,1331,0.1204587
1000LUNCUSDT,SELL,LIMIT,1701076892930,5016,0.1204789
1000LUNCUSDT,BUY,LIMIT,1701076917112,2912,0.1235647
1000LUNCUSDT,BUY,LIMIT,1701076923054,988,0.1237862
1000LUNCUSDT,BUY,LIMIT,1701076952821,5000,0.1232122
1000LUNCUSDT,SELL,LIMIT,1701076973048,8227,0.1203408
1000LUNCUSDT,SELL,LIMIT,1701076974134,2886,0.1202516
1000LUNCUSDT,SELL,LIMIT,1701076975230,1656,0.1201622
1000LUNCUSDT,SELL,LIMIT,1701076976355,4580,0.1201586
1000LUNCUSDT,SELL,LIMIT,1701076977667,4826,0.1199847
1000LUNCUSDT,SELL,LIMIT,1701076978788,133241,0.1186903
1000LUNCUSDT,SELL,LIMIT,1701076982047,1709,0.1197811
1000LUNCUSDT,SELL,LIMIT,1701076983150,6072,0.1198157
1000LUNCUSDT,SELL,LIMIT,1701076984209,4286,0.1196855
1000LUNCUSDT,SELL,LIMIT,1701076985214,104176,0.1185323
1000LUNCUSDT,SELL,LIMIT,1701076987188,2423,0.1196018
1000LUNCUSDT,SELL,LIMIT,1701076988271,5125,0.1195822
1000LUNCUSDT,SELL,LIMIT,1701076989568,16168,0.1195186
1000LUNCUSDT,SELL,LIMIT,1701076990668,2156,0.1194441
1000LUNCUSDT,SELL,LIMIT,1701076991737,1635,0.1192231
1000LUNCUSDT,SELL,LIMIT,1701076992796,3955,0.1191381
1000LUNCUSDT,SELL,LIMIT,1701076993927,9207,0.1189502
1000LUNCUSDT,SELL,LIMIT,1701076994983,5148,0.1189109
1000LUNCUSDT,SELL,LIMIT,1701076998278,17561,0.1189109
1000LUNCUSDT,SELL,LIMIT,1701077003057,604,0.1186231
1000LUNCUSDT,SELL,LIMIT,1701077004075,48277,0.1183095
1000LUNCUSDT,SELL,LIMIT,1701077005096,201,0.1184169
1000LUNCUSDT,SELL,LIMIT,1701077010106,177,0.1181948
1000LUNCUSDT,SELL,LIMIT,1701077011220,425,0.1182156
1000LUNCUSDT,SELL,LIMIT,1701077018146,204,0.1181087
1000LUNCUSDT,SELL,LIMIT,1701077024061,41426,0.1180239
1000LUNCUSDT,SELL,LIMIT,1701077025105,2697,0.1179512
1000LUNCUSDT,SELL,LIMIT,1701077026424,3907,0.1178860
1000LUNCUSDT,SELL,LIMIT,1701077027474,328,0.1178249
1000LUNCUSDT,SELL,LIMIT,1701077028484,2340,0.1175576
1000LUNCUSDT,SELL,LIMIT,1701077029494,597,0.1175867
1000LUNCUSDT,SELL,LIMIT,1701077030623,3173,0.1174238
1000LUNCUSDT,SELL,LIMIT,1701077031626,1502,0.1173498
1000LUNCUSDT,SELL,LIMIT,1701077033167,200,0.1170904
1000LUNCUSDT,SELL,LIMIT,1701077034183,11178,0.1169666
1000LUNCUSDT,SELL,LIMIT,1701077035217,43452,0.1168747
1000LUNCUSDT,SELL,LIMIT,1701077041085,793,0.1165542
1000LUNCUSDT,SELL,LIMIT,1701077043468,298,0.1165130
1000LUNCUSDT,SELL,LIMIT,1701077045161,538,0.1164409
1000LUNCUSDT,SELL,LIMIT,1701077046224,11580,0.1163996
1000LUNCUSDT,SELL,LIMIT,1701077047280,11147,0.1163061
1000LUNCUSDT,SELL,LIMIT,1701077052143,68,0.1161383
1000LUNCUSDT,SELL,LIMIT,1701077053212,2234,0.1161315
1000LUNCUSDT,SELL,LIMIT,1701077089062,569,0.1160586
1000LUNCUSDT,SELL,LIMIT,1701077090153,7332,0.1159990
1000LUNCUSDT,SELL,LIMIT,1701077116926,40623,0.1160414
1000LUNCUSDT,SELL,LIMIT,1701077122197,2297,0.1159245
1000LUNCUSDT,SELL,LIMIT,1701077124404,14638,0.1159107
1000LUNCUSDT,SELL,LIMIT,1701077125563,1891,0.1155593
1000LUNCUSDT,SELL,LIMIT,1701077126799,34876,0.1154915
1000LUNCUSDT,SELL,LIMIT,1701077165196,155,0.1154322
1000LUNCUSDT,SELL,LIMIT,1701077166216,202,0.1153027
1000LUNCUSDT,SELL,LIMIT,1701077176124,2804,0.1151797
1000LUNCUSDT,SELL,LIMIT,1701077177188,155,0.1152889
1000LUNCUSDT,SELL,LIMIT,1701077185252,4815,0.1151237
1000LUNCUSDT,SELL,LIMIT,1701077186262,1188,0.1151389
1000LUNCUSDT,SELL,LIMIT,1701077202443,12717,0.1149050
1000LUNCUSDT,SELL,LIMIT,1701077203500,12709,0.1147433
1000LUNCUSDT,BUY,LIMIT,1701077238176,6447,0.1181516
1000LUNCUSDT,BUY,LIMIT,1701077242081,5366,0.1182108
1000LUNCUSDT,BUY,LIMIT,1701077243707,13041,0.1182980
1000LUNCUSDT,BUY,LIMIT,1701077357519,5518,0.1186343
1000LUNCUSDT,BUY,LIMIT,1701077358540,714,0.1187996
1000LUNCUSDT,BUY,LIMIT,1701077361326,21021,0.1188388
1000LUNCUSDT,BUY,LIMIT,1701077363453,159,0.1190210
1000LUNCUSDT,BUY,LIMIT,1701077365182,6101,0.1191354
1000LUNCUSDT,BUY,LIMIT,1701077366206,218,0.1193342
1000LUNCUSDT,BUY,LIMIT,1701077379426,1754,0.1197118
1000LUNCUSDT,BUY,LIMIT,1701077390404,1291,0.1197814
1000LUNCUSDT,BUY,LIMIT,1701077529494,3,0.1198468
1000LUNCUSDT,BUY,LIMIT,1701077530692,42988,0.1199213
1000LUNCUSDT,BUY,LIMIT,1701077535448,2484,0.1198794
1000LUNCUSDT,BUY,LIMIT,1701077537067,2184,0.1198886
1000LUNCUSDT,BUY,LIMIT,1701077548211,2613,0.1199441
1000LUNCUSDT,BUY,LIMIT,1701077549440,36038,0.1200263
1000LUNCUSDT,BUY,LIMIT,1701077551405,51,0.1203633
1000LUNCUSDT,BUY,LIMIT,1701077552423,4248,0.1200563
1000LUNCUSDT,BUY,LIMIT,1701077648129,1456,0.1203839
1000LUNCUSDT,BUY,LIMIT,1701077736150,1591,0.1204743
1000LUNCUSDT,BUY,LIMIT,1701077742627,403,0.1206374
1000LUNCUSDT,BUY,LIMIT,1701077747220,6398,0.1207647
1000LUNCUSDT,BUY,LIMIT,1701077867579,788,0.1208909
1000LUNCUSDT,BUY,LIMIT,1701077872367,3280,0.1210073
1000LUNCUSDT,BUY,LIMIT,1701077873583,2199,0.1210744
1000LUNCUSDT,BUY,LIMIT,1701077876409,5881,0.1212141
1000LUNCUSDT,BUY,LIMIT,1701077877410,1155,0.1211142
1000LUNCUSDT,BUY,LIMIT,1701077878430,1957,0.1212884
1000LUNCUSDT,SELL,LIMIT,1701078003089,8416,0.1178132
1000LUNCUSDT,SELL,LIMIT,1701078005832,3839,0.1176450
1000LUNCUSDT,SELL,LIMIT,1701078041344,3647,0.1176012
1000LUNCUSDT,SELL,LIMIT,1701078042582,6521,0.1175752
1000LUNCUSDT,SELL,LIMIT,1701078044447,391,0.1174314
1000LUNCUSDT,SELL,LIMIT,1701078050652,423,0.1173043
1000LUNCUSDT,BUY,LIMIT,1701078126342,5188,0.1207316
1000LUNCUSDT,BUY,LIMIT,1701078311831,92,0.1207393
1000LUNCUSDT,BUY,LIMIT,1701078317853,7334,0.1208318
1000LUNCUSDT,BUY,LIMIT,1701078342355,291,0.1208550
1000LUNCUSDT,BUY,LIMIT,1701078375244,10535,0.1208656
1000LUNCUSDT,BUY,LIMIT,1701078377096,18567,0.1209251
1000LUNCUSDT,BUY,LIMIT,1701078379056,35686,0.1210592
1000LUNCUSDT,BUY,LIMIT,1701078384334,420,0.1211514
1000LUNCUSDT,BUY,LIMIT,1701078385605,1771,0.1212272
1000LUNCUSDT,BUY,LIMIT,1701078387860,8756,0.1212769
1000LUNCUSDT,BUY,LIMIT,1701078389606,17874,0.1212676
1000LUNCUSDT,BUY,LIMIT,1701078402454,17535,0.1213052
1000LUNCUSDT,BUY,LIMIT,1701078404134,7527,0.1213712
1000LUNCUSDT,BUY,LIMIT,1701078421773,525,0.1214269
1000LUNCUSDT,BUY,LIMIT,1701078424510,22709,0.1214652
1000LUNCUSDT,BUY,LIMIT,1701078425743,5045,0.1214985
1000LUNCUSDT,BUY,LIMIT,1701078426752,20598,0.1217428
1000LUNCUSDT,BUY,LIMIT,1701078428034,27548,0.1218266
1000LUNCUSDT,BUY,LIMIT,1701078429070,8569,0.1219838
1000LUNCUSDT,BUY,LIMIT,1701078430227,320,0.1220794
1000LUNCUSDT,BUY,LIMIT,1701078431443,563,0.1222170
1000LUNCUSDT,BUY,LIMIT,1701078433569,59,0.1222644
1000LUNCUSDT,BUY,LIMIT,1701078435767,3597,0.1222562
1000LUNCUSDT,BUY,LIMIT,1701078438207,3964,0.1223006
1000LUNCUSDT,BUY,LIMIT,1701078441638,4303,0.1223700
1000LUNCUSDT,BUY,LIMIT,1701078442699,9718,0.1224570
1000LUNCUSDT,SELL,LIMIT,1701078679352,14555,0.1188293
1000LUNCUSDT,SELL,LIMIT,1701078771141,6395,0.1187170
1000LUNCUSDT,SELL,LIMIT,1701078775352,1793,0.1186350
1000LUNCUSDT,SELL,LIMIT,1701078777335,2117,0.1185561
1000LUNCUSDT,SELL,LIMIT,1701078780652,4756,0.1184562
1000LUNCUSDT,SELL,LIMIT,1701078781836,5501,0.1182170
1000LUNCUSDT,SELL,LIMIT,1701078834113,6139,0.1180151
1000LUNCUSDT,SELL,LIMIT,1701078843089,3851,0.1177810
1000LUNCUSDT,SELL,LIMIT,1701078955819,133,0.1177484
1000LUNCUSDT,SELL,LIMIT,1701078959340,31043,0.1175859
1000LUNCUSDT,SELL,LIMIT,1701078961018,161,0.1175053
1000LUNCUSDT,SELL,LIMIT,1701079004134,524,0.1172387
1000LUNCUSDT,SELL,LIMIT,1701079005280,2540,0.1171861
1000LUNCUSDT,SELL,LIMIT,1701079006389,9406,0.1172027
1000LUNCUSDT,SELL,LIMIT,1701079010508,5034,0.1170547
1000LUNCUSDT,BUY,LIMIT,1701079359719,6465,0.1205924
1000LUNCUSDT,BUY,LIMIT,1701079362868,94,0.1206476
1000LUNCUSDT,BUY,LIMIT,1701079371071,1073,0.1206729
1000LUNCUSDT,BUY,LIMIT,1701079374320,448,0.1208485
1000LUNCUSDT,BUY,LIMIT,1701079379108,554,0.1208956
1000LUNCUSDT,BUY,LIMIT,1701079384224,10362,0.1209483
1000LUNCUSDT,BUY,LIMIT,1701079748007,414,0.1210998
1000LUNCUSDT,BUY,LIMIT,1701079749051,2597,0.1212343
1000LUNCUSDT,BUY,LIMIT,1701079750772,7759,0.1213000
1000LUNCUSDT,BUY,LIMIT,1701079752176,41552,0.1213564
1000LUNCUSDT,BUY,LIMIT,1701079753387,2050,0.1214585
1000LUNCUSDT,BUY,LIMIT,1701079754461,2209,0.1214591
1000LUNCUSDT,SELL,LIMIT,1701079834076,3221,0.1177714
1000LUNCUSDT,SELL,LIMIT,1701079949072,13749,0.1176080
1000LUNCUSDT,SELL,LIMIT,1701079990203,2563,0.1174563
1000LUNCUSDT,SELL,LIMIT,1701079994206,4685,0.1173161
1000LUNCUSDT,SELL,LIMIT,1701079995423,12787,0.1172201
1000LUNCUSDT,SELL,LIMIT,1701079997656,41782,0.1171429
1000LUNCUSDT,SELL,LIMIT,1701079998990,1754,0.1170357
1000LUNCUSDT,BUY,LIMIT,1701080366080,16921,0.1206871
1000LUNCUSDT,BUY,LIMIT,1701080367443,217,0.1206983
1000LUNCUSDT,BUY,LIMIT,1701080370643,42204,0.1208797
1000LUNCUSDT,BUY,LIMIT,1701080382951,3839,0.1209380
1000LUNCUSDT,BUY,LIMIT,1701080384572,677,0.1209634
1000LUNCUSDT,BUY,LIMIT,1701080392781,1120,0.1211658
1000LUNCUSDT,BUY,LIMIT,1701080393822,1039,0.1212639
1000LUNCUSDT,BUY,LIMIT,1701080396769,86,0.1213718
1000LUNCUSDT,BUY,LIMIT,1701080425059,454,0.1207936
1000LUNCUSDT,BUY,LIMIT,1701080466145,62,0.1213460
1000LUNCUSDT,BUY,LIMIT,1701080468199,2231,0.1214203
1000LUNCUSDT,BUY,LIMIT,1701081074392,4887,0.1204939
1000LUNCUSDT,BUY,LIMIT,1701081079750,458,0.1203014
1000LUNCUSDT,SELL,LIMIT,1701081091870,327,0.1177540
1000LUNCUSDT,SELL,LIMIT,1701081111148,21035,0.1176582
1000LUNCUSDT,SELL,LIMIT,1701081113400,37942,0.1176404
1000LUNCUSDT,SELL,LIMIT,1701081116082,8320,0.1175902
1000LUNCUSDT,SELL,LIMIT,1701081118326,6965,0.1175095
1000LUNCUSDT,SELL,LIMIT,1701081119440,4165,0.1175348
1000LUNCUSDT,SELL,LIMIT,1701081121088,501,0.1174713
1000LUNCUSDT,SELL,LIMIT,1701081123932,5118,0.1174578
1000LUNCUSDT,SELL,LIMIT,1701081129315,2479,0.1173689
1000LUNCUSDT,SELL,LIMIT,1701081130542,1031,0.1172041
1000LUNCUSDT,SELL,LIMIT,1701081132045,1615,0.1170419
1000LUNCUSDT,SELL,LIMIT,1701081133250,7202,0.1169222
1000LUNCUSDT,SELL,LIMIT,1701081134395,1121,0.1168596
1000LUNCUSDT,SELL,LIMIT,1701081171616,8464,0.1167883
1000LUNCUSDT,SELL,LIMIT,1701081174058,335,0.1167166
1000LUNCUSDT,SELL,LIMIT,1701081175067,8121,0.1166724
1000LUNCUSDT,SELL,LIMIT,1701081183619,542,0.1166282
1000LUNCUSDT,SELL,LIMIT,1701081255098,493,0.1165344
1000LUNCUSDT,SELL,LIMIT,1701081256098,2628,0.1164552
1000LUNCUSDT,SELL,LIMIT,1701081257137,17264,0.1163854
1000LUNCUSDT,SELL,LIMIT,1701081258176,86,0.1161491
1000LUNCUSDT,SELL,LIMIT,1701081330241,1137,0.1161009
1000LUNCUSDT,SELL,LIMIT,1701081332374,211,0.1159774
1000LUNCUSDT,SELL,LIMIT,1701081335166,1350,0.1159058
1000LUNCUSDT,SELL,LIMIT,1701081337314,86973,0.1147842
1000LUNCUSDT,SELL,LIMIT,1701081338454,910,0.1157716
1000LUNCUSDT,SELL,LIMIT,1701081396153,23240,0.1156637
1000LUNCUSDT,SELL,LIMIT,1701081398111,36794,0.1155698
1000LUNCUSDT,SELL,LIMIT,1701081399153,21114,0.1155651
1000LUNCUSDT,SELL,LIMIT,1701081405619,755,0.1155531
1000LUNCUSDT,SELL,LIMIT,1701081410298,2017,0.1155430
1000LUNCUSDT,SELL,LIMIT,1701081412107,365,0.1153677
1000LUNCUSDT,SELL,LIMIT,1701081413163,628,0.1153663
1000LUNCUSDT,SELL,LIMIT,1701081419734,841,0.1153456
1000LUNCUSDT,SELL,LIMIT,1701081420778,6000,0.1152361
1000LUNCUSDT,SELL,LIMIT,1701081422179,12321,0.1150960
1000LUNCUSDT,SELL,LIMIT,1701081423227,200,0.1150377
1000LUNCUSDT,SELL,LIMIT,1701081424262,629,0.1150596
1000LUNCUSDT,SELL,LIMIT,1701081426087,4286,0.1147739
1000LUNCUSDT,SELL,LIMIT,1701081427327,47,0.1149346
1000LUNCUSDT,SELL,LIMIT,1701081428412,3523,0.1145903
1000LUNCUSDT,SELL,LIMIT,1701081429482,1340,0.1147036
1000LUNCUSDT,SELL,LIMIT,1701081435050,4152,0.1142226
1000LUNCUSDT,SELL,LIMIT,1701081436062,11748,0.1141348
1000LUNCUSDT,SELL,LIMIT,1701081439737,5000,0.1142450
1000LUNCUSDT,SELL,LIMIT,1701081449464,125,0.1144050
1000LUNCUSDT,BUY,LIMIT,1701081516051,2373,0.1177396
1000LUNCUSDT,BUY,LIMIT,1701081530313,859,0.1179054
1000LUNCUSDT,BUY,LIMIT,1701081531401,639,0.1178403
1000LUNCUSDT,BUY,LIMIT,1701081533442,6032,0.1179910
1000LUNCUSDT,BUY,LIMIT,1701081535547,9674,0.1180724
1000LUNCUSDT,BUY,LIMIT,1701081564044,81,0.1180793
1000LUNCUSDT,BUY,LIMIT,1701081595801,2532,0.1181906
1000LUNCUSDT,BUY,LIMIT,1701081596953,5280,0.1182165
1000LUNCUSDT,BUY,LIMIT,1701081640112,217,0.1182968
1000LUNCUSDT,BUY,LIMIT,1701081652229,515,0.1183694
1000LUNCUSDT,SELL,LIMIT,1701081976340,2880,0.1152180
1000LUNCUSDT,BUY,LIMIT,1701082020034,12517,0.1175365
1000LUNCUSDT,SELL,LIMIT,1701082128424,556,0.1151074
1000LUNCUSDT,SELL,LIMIT,1701082185277,38483,0.1149298
1000LUNCUSDT,SELL,LIMIT,1701082186505,1147,0.1148926
1000LUNCUSDT,SELL,LIMIT,1701082189147,113,0.1148755
1000LUNCUSDT,SELL,LIMIT,1701082190177,9450,0.1148145
1000LUNCUSDT,SELL,LIMIT,1701082191255,7603,0.1147241
1000LUNCUSDT,SELL,LIMIT,1701082196171,352,0.1145205
1000LUNCUSDT,SELL,LIMIT,1701082204904,42735,0.1144611
1000LUNCUSDT,SELL,LIMIT,1701082206119,4959,0.1142564
1000LUNCUSDT,SELL,LIMIT,1701082207322,39541,0.1142785
1000LUNCUSDT,SELL,LIMIT,1701082208896,1117,0.1141458
1000LUNCUSDT,SELL,LIMIT,1701082209923,2276,0.1140837
1000LUNCUSDT,SELL,LIMIT,1701082210997,2522,0.1139907
1000LUNCUSDT,SELL,LIMIT,1701082212149,1709,0.1139331
1000LUNCUSDT,SELL,LIMIT,1701082213256,638,0.1139416
1000LUNCUSDT,SELL,LIMIT,1701082214274,3976,0.1139010
1000LUNCUSDT,SELL,LIMIT,1701082215400,35671,0.1137979
1000LUNCUSDT,BUY,LIMIT,1701082235796,10774,0.1172158
1000LUNCUSDT,BUY,LIMIT,1701082254342,301,0.1174426
1000LUNCUSDT,BUY,LIMIT,1701082270333,2986,0.1176300
1000LUNCUSDT,BUY,LIMIT,1701082272180,1409,0.1177172
1000LUNCUSDT,SELL,LIMIT,1701082502964,7907,0.1145907
1000LUNCUSDT,SELL,LIMIT,1701082605061,3249,0.1140757
1000LUNCUSDT,SELL,LIMIT,1701082606340,1022,0.1139379
1000LUNCUSDT,SELL,LIMIT,1701082607347,1156,0.1139107
1000LUNCUSDT,SELL,LIMIT,1701082608355,2481,0.1138075
1000LUNCUSDT,SELL,LIMIT,1701082627067,935,0.1135334
1000LUNCUSDT,SELL,LIMIT,1701082628069,877,0.1134430
1000LUNCUSDT,SELL,LIMIT,1701082629072,3068,0.1133780
1000LUNCUSDT,SELL,LIMIT,1701082630088,4325,0.1130964
1000LUNCUSDT,SELL,LIMIT,1701082631268,553,0.1131794
1000LUNCUSDT,SELL,LIMIT,1701082632274,98827,0.1117635
1000LUNCUSDT,SELL,LIMIT,1701082633290,1111,0.1128973
1000LUNCUSDT,SELL,LIMIT,1701082663512,19050,0.1129328
1000LUNCUSDT,SELL,LIMIT,1701082674108,719,0.1127040
1000LUNCUSDT,SELL,LIMIT,1701082675457,8677,0.1127301
1000LUNCUSDT,SELL,LIMIT,1701082683080,842,0.1126256
1000LUNCUSDT,SELL,LIMIT,1701082684286,1065,0.1126787
1000LUNCUSDT,SELL,LIMIT,1701082685622,21646,0.1126222
1000LUNCUSDT,BUY,LIMIT,1701082727142,4219,0.1135547
1000LUNCUSDT,BUY,LIMIT,1701082745290,4442,0.1159662
1000LUNCUSDT,BUY,LIMIT,1701082772115,916,0.1163172
1000LUNCUSDT,BUY,LIMIT,1701082789084,306,0.1163621
1000LUNCUSDT,BUY,LIMIT,1701082825186,437,0.1164711
1000LUNCUSDT,BUY,LIMIT,1701082828519,48,0.1165405
1000LUNCUSDT,BUY,LIMIT,1701082830476,21906,0.1165567
1000LUNCUSDT,BUY,LIMIT,1701082832566,18347,0.1167013
1000LUNCUSDT,BUY,LIMIT,1701082835739,2898,0.1170122
1000LUNCUSDT,BUY,LIMIT,1701082842226,276,0.1171282
1000LUNCUSDT,BUY,LIMIT,1701082845406,8802,0.1173416
1000LUNCUSDT,BUY,LIMIT,1701082846708,1967,0.1174916
1000LUNCUSDT,BUY,LIMIT,1701082848080,2015,0.1174781
1000LUNCUSDT,BUY,LIMIT,1701082874837,5889,0.1176089
1000LUNCUSDT,BUY,LIMIT,1701082916570,3656,0.1177320
1000LUNCUSDT,BUY,LIMIT,1701082919558,362,0.1178165
1000LUNCUSDT,BUY,LIMIT,1701082923075,460,0.1179332
1000LUNCUSDT,BUY,LIMIT,1701082924134,864,0.1180377
1000LUNCUSDT,BUY,LIMIT,1701082925625,1511,0.1185533
1000LUNCUSDT,BUY,LIMIT,1701082984330,12766,0.1185203
1000LUNCUSDT,BUY,LIMIT,1701082985372,43485,0.1186803
1000LUNCUSDT,BUY,LIMIT,1701082988177,29277,0.1187781
1000LUNCUSDT,BUY,LIMIT,1701082990384,1505,0.1187409
1000LUNCUSDT,BUY,LIMIT,1701082994765,275,0.1188089
1000LUNCUSDT,BUY,LIMIT,1701082996199,674,0.1188721
1000LUNCUSDT,BUY,LIMIT,1701082997291,170,0.1189310
1000LUNCUSDT,SELL,LIMIT,1701083206624,6243,0.1154312
1000LUNCUSDT,SELL,LIMIT,1701083296152,40350,0.1153452
1000LUNCUSDT,SELL,LIMIT,1701083607183,327,0.1149472
1000LUNCUSDT,SELL,LIMIT,1701083654156,3080,0.1148225
1000LUNCUSDT,SELL,LIMIT,1701083657493,1286,0.1145974
1000LUNCUSDT,SELL,LIMIT,1701083662446,199,0.1145855
1000LUNCUSDT,SELL,LIMIT,1701083665258,852,0.1144946
1000LUNCUSDT,BUY,LIMIT,1701083973845,229,0.1174767
1000LUNCUSDT,BUY,LIMIT,1701084031205,20306,0.1179870
1000LUNCUSDT,BUY,LIMIT,1701084034058,450,0.1180581
1000LUNCUSDT,BUY,LIMIT,1701084070262,22104,0.1183015
1000LUNCUSDT,BUY,LIMIT,1701084071304,1569,0.1183052
1000LUNCUSDT,BUY,LIMIT,1701084074027,29518,0.1183988
1000LUNCUSDT,BUY,LIMIT,1701084083127,691,0.1185900
1000LUNCUSDT,BUY,LIMIT,1701084084772,106,0.1186288
1000LUNCUSDT,BUY,LIMIT,1701084086482,126,0.1187208
1000LUNCUSDT,BUY,LIMIT,1701084093153,4135,0.1189800
1000LUNCUSDT,BUY,LIMIT,1701084095112,120,0.1190186
1000LUNCUSDT,BUY,LIMIT,1701084096476,129723,0.1201841
1000LUNCUSDT,BUY,LIMIT,1701084097805,3410,0.1192966
1000LUNCUSDT,BUY,LIMIT,1701084099248,22222,0.1193507
1000LUNCUSDT,BUY,LIMIT,1701084100377,6557,0.1193269
1000LUNCUSDT,BUY,LIMIT,1701084101385,152,0.1195251
1000LUNCUSDT,BUY,LIMIT,1701084102429,42152,0.1197016
1000LUNCUSDT,BUY,LIMIT,1701084322189,100,0.1191563
1000LUNCUSDT,BUY,LIMIT,1701084392752,428,0.1198272
1000LUNCUSDT,BUY,LIMIT,1701084402498,302,0.1198959
1000LUNCUSDT,BUY,LIMIT,1701084404077,180,0.1199284
1000LUNCUSDT,BUY,LIMIT,1701084413198,2260,0.1199788
1000LUNCUSDT,BUY,LIMIT,1701084415777,2308,0.1200345
1000LUNCUSDT,BUY,LIMIT,1701084417426,1008,0.1201146
1000LUNCUSDT,BUY,LIMIT,1701084418443,1700,0.1201650
1000LUNCUSDT,BUY,LIMIT,1701084420083,649,0.1204393
1000LUNCUSDT,BUY,LIMIT,1701084421234,4067,0.1202543
1000LUNCUSDT,SELL,LIMIT,1701084693094,2545,0.1165186
1000LUNCUSDT,SELL,LIMIT,1701084695368,118,0.1164579
1000LUNCUSDT,SELL,LIMIT,1701084697671,2536,0.1163695
1000LUNCUSDT,SELL,LIMIT,1701084699257,6751,0.1163365
1000LUNCUSDT,SELL,LIMIT,1701084704238,98,0.1161796
1000LUNCUSDT,SELL,LIMIT,1701084705387,452,0.1162482
1000LUNCUSDT,SELL,LIMIT,1701084763206,5529,0.1160315
1000LUNCUSDT,SELL,LIMIT,1701084764290,352,0.1160394
1000LUNCUSDT,SELL,LIMIT,1701084766843,702,0.1160008
1000LUNCUSDT,SELL,LIMIT,1701084769355,93,0.1159570
1000LUNCUSDT,SELL,LIMIT,1701084849615,1369,0.1159203
1000LUNCUSDT,SELL,LIMIT,1701084850819,3921,0.1158326
1000LUNCUSDT,SELL,LIMIT,1701084859114,127,0.1157716
1000LUNCUSDT,SELL,LIMIT,1701084861099,119,0.1157280
1000LUNCUSDT,SELL,LIMIT,1701084862252,2161,0.1156577
1000LUNCUSDT,SELL,LIMIT,1701084885616,205,0.1155026
1000LUNCUSDT,SELL,LIMIT,1701084908411,84,0.1154788
1000LUNCUSDT,SELL,LIMIT,1701084910526,1993,0.1154655
1000LUNCUSDT,SELL,LIMIT,1701084912592,924,0.1154426
1000LUNCUSDT,SELL,LIMIT,1701084915735,507,0.1152852
1000LUNCUSDT,BUY,LIMIT,1701084995924,42852,0.1190072
1000LUNCUSDT,BUY,LIMIT,1701085020284,2556,0.1191196
1000LUNCUSDT,BUY,LIMIT,1701085058446,431,0.1192812
1000LUNCUSDT,BUY,LIMIT,1701085067916,163,0.1195256
1000LUNCUSDT,BUY,LIMIT,1701085070075,2021,0.1196429
1000LUNCUSDT,BUY,LIMIT,1701085072901,28684,0.1196658
1000LUNCUSDT,BUY,LIMIT,1701085073972,24376,0.1197206
1000LUNCUSDT,BUY,LIMIT,1701085261948,5416,0.1198061
1000LUNCUSDT,SELL,LIMIT,1701085548363,732,0.1162783
1000LUNCUSDT,SELL,LIMIT,1701085555310,2529,0.1161562
1000LUNCUSDT,SELL,LIMIT,1701085570420,224,0.1159557
1000LUNCUSDT,BUY,LIMIT,1701085649584,2348,0.1197041
1000LUNCUSDT,BUY,LIMIT,1701085738736,2044,0.1198530
1000LUNCUSDT,BUY,LIMIT,1701085741298,3556,0.1198672
1000LUNCUSDT,BUY,LIMIT,1701085754686,8331,0.1199679
1000LUNCUSDT,BUY,LIMIT,1701085774094,4766,0.1200146
1000LUNCUSDT,BUY,LIMIT,1701085818171,11306,0.1201280
1000LUNCUSDT,BUY,LIMIT,1701085820891,424,0.1201072
1000LUNCUSDT,BUY,LIMIT,1701085825048,33029,0.1202282
1000LUNCUSDT,BUY,LIMIT,1701085828230,961,0.1202618
1000LUNCUSDT,BUY,LIMIT,1701085829854,2821,0.1203215
1000LUNCUSDT,BUY,LIMIT,1701085830873,43,0.1204198
1000LUNCUSDT,BUY,LIMIT,1701085842262,3106,0.1204986
1000LUNCUSDT,BUY,LIMIT,1701085844909,141,0.1204557
1000LUNCUSDT,BUY,LIMIT,1701085846435,159,0.1205293
1000LUNCUSDT,BUY,LIMIT,1701085847931,4650,0.1205388
1000LUNCUSDT,BUY,LIMIT,1701085849044,2720,0.1205841
1000LUNCUSDT,BUY,LIMIT,1701085850313,4122,0.1206326
1000LUNCUSDT,BUY,LIMIT,1701085851338,429,0.1207222
1000LUNCUSDT,BUY,LIMIT,1701085852434,4317,0.1207261
1000LUNCUSDT,BUY,LIMIT,1701085853466,4000,0.1207270
1000LUNCUSDT,SELL,LIMIT,1701085928714,9000,0.1169524
1000LUNCUSDT,SELL,LIMIT,1701085930611,62,0.1168682
1000LUNCUSDT,SELL,LIMIT,1701086111716,587,0.1166663
1000LUNCUSDT,SELL,LIMIT,1701086138122,42070,0.1164256
1000LUNCUSDT,SELL,LIMIT,1701086146932,10197,0.1163651
1000LUNCUSDT,SELL,LIMIT,1701086152970,2728,0.1163423
1000LUNCUSDT,SELL,LIMIT,1701086458060,122,0.1162310
1000LUNCUSDT,SELL,LIMIT,1701086534179,1976,0.1161519
1000LUNCUSDT,SELL,LIMIT,1701086535200,3804,0.1161431
1000LUNCUSDT,SELL,LIMIT,1701086537093,15758,0.1158963
1000LUNCUSDT,SELL,LIMIT,1701086538190,5901,0.1157331
1000LUNCUSDT,SELL,LIMIT,1701086539238,161,0.1156872
1000LUNCUSDT,SELL,LIMIT,1701086540288,95,0.1157108
1000LUNCUSDT,SELL,LIMIT,1701086547562,307,0.1154882
1000LUNCUSDT,SELL,LIMIT,1701086573378,73,0.1154413
1000LUNCUSDT,SELL,LIMIT,1701086574455,18422,0.1153892
1000LUNCUSDT,SELL,LIMIT,1701086575457,576,0.1153168
1000LUNCUSDT,SELL,LIMIT,1701086577424,5000,0.1151388
1000LUNCUSDT,SELL,LIMIT,1701086585547,2384,0.1150581
1000LUNCUSDT,SELL,LIMIT,1701086587044,7249,0.1150201
1000LUNCUSDT,SELL,LIMIT,1701086589264,304,0.1149487
1000LUNCUSDT,SELL,LIMIT,1701086590736,7955,0.1148537
1000LUNCUSDT,SELL,LIMIT,1701086601018,942,0.1147469
1000LUNCUSDT,SELL,LIMIT,1701086602135,97,0.1146529
1000LUNCUSDT,SELL,LIMIT,1701086608046,1460,0.1144764
1000LUNCUSDT,SELL,LIMIT,1701086609228,10989,0.1145342
1000LUNCUSDT,SELL,LIMIT,1701086615148,7424,0.1143786
1000LUNCUSDT,SELL,LIMIT,1701086616225,8783,0.1143111
1000LUNCUSDT,SELL,LIMIT,1701086619405,8612,0.1141853
1000LUNCUSDT,SELL,LIMIT,1701086621579,1506,0.1141925
1000LUNCUSDT,SELL,LIMIT,1701086622690,1428,0.1141652
1000LUNCUSDT,SELL,LIMIT,1701086634246,34907,0.1140363
1000LUNCUSDT,SELL,LIMIT,1701086635586,5542,0.1139759
1000LUNCUSDT,SELL,LIMIT,1701086636754,3734,0.1138963
1000LUNCUSDT,SELL,LIMIT,1701086641676,1193,0.1138093
1000LUNCUSDT,SELL,LIMIT,1701086642680,27559,0.1137460
1000LUNCUSDT,SELL,LIMIT,1701086643780,913,0.1135771
1000LUNCUSDT,SELL,LIMIT,1701086645279,2170,0.1132505
1000LUNCUSDT,SELL,LIMIT,1701086657101,27068,0.1131520
1000LUNCUSDT,SELL,LIMIT,1701086658179,5667,0.1131283
1000LUNCUSDT,SELL,LIMIT,1701086664281,5100,0.1130219
1000LUNCUSDT,SELL,LIMIT,1701086679047,581,0.1130723
1000LUNCUSDT,SELL,LIMIT,1701086684136,540,0.1129483
1000LUNCUSDT,SELL,LIMIT,1701086685179,2173,0.1126995
1000LUNCUSDT,SELL,LIMIT,1701086686311,3039,0.1126084
1000LUNCUSDT,SELL,LIMIT,1701086703842,1710,0.1125921
1000LUNCUSDT,SELL,LIMIT,1701086704908,800,0.1122942
1000LUNCUSDT,SELL,LIMIT,1701086705911,8301,0.1120657
1000LUNCUSDT,SELL,LIMIT,1701086706912,845,0.1120136
1000LUNCUSDT,SELL,LIMIT,1701086707929,34495,0.1118045
1000LUNCUSDT,SELL,LIMIT,1701086710066,51,0.1117635
1000LUNCUSDT,SELL,LIMIT,1701086711192,1063,0.1117420
1000LUNCUSDT,SELL,LIMIT,1701086714981,2429,0.1117238
1000LUNCUSDT,SELL,LIMIT,1701086716017,123348,0.1104600
1000LUNCUSDT,SELL,LIMIT,1701086717530,2596,0.1118544
1000LUNCUSDT,SELL,LIMIT,1701086718569,542,0.1113470
1000LUNCUSDT,SELL,LIMIT,1701086719643,2500,0.1111735
1000LUNCUSDT,SELL,LIMIT,1701086722923,1029,0.1112133
1000LUNCUSDT,SELL,LIMIT,1701086766101,35802,0.1111838
1000LUNCUSDT,SELL,LIMIT,1701086767142,103,0.1111403
1000LUNCUSDT,SELL,LIMIT,1701086768226,6000,0.1110998
1000LUNCUSDT,SELL,LIMIT,1701086769274,1671,0.1109425
1000LUNCUSDT,SELL,LIMIT,1701086770456,60235,0.1104229
1000LUNCUSDT,SELL,LIMIT,1701086771531,9014,0.1108307
1000LUNCUSDT,BUY,LIMIT,1701086803801,1702,0.1141024
1000LUNCUSDT,BUY,LIMIT,1701086867300,3052,0.1145411
1000LUNCUSDT,SELL,LIMIT,1701087305091,1127,0.1112540
1000LUNCUSDT,SELL,LIMIT,1701087311992,367,0.1111510
1000LUNCUSDT,SELL,LIMIT,1701087313161,281,0.1110581
1000LUNCUSDT,SELL,LIMIT,1701087314200,4064,0.1108955
1000LUNCUSDT,SELL,LIMIT,1701087316577,4760,0.1108682
1000LUNCUSDT,SELL,LIMIT,1701087324118,1854,0.1105512
1000LUNCUSDT,SELL,LIMIT,1701087325238,6551,0.1105608
1000LUNCUSDT,SELL,LIMIT,1701087327679,17997,0.1105433
1000LUNCUSDT,SELL,LIMIT,1701087349205,31006,0.1105738
1000LUNCUSDT,SELL,LIMIT,1701087352279,2596,0.1105078
1000LUNCUSDT,SELL,LIMIT,1701087353478,50543,0.1103087
1000LUNCUSDT,SELL,LIMIT,1701087354767,2720,0.1103914
1000LUNCUSDT,SELL,LIMIT,1701087362357,9672,0.1103728
1000LUNCUSDT,SELL,LIMIT,1701087363616,26,0.1102851
1000LUNCUSDT,SELL,LIMIT,1701087364788,2991,0.1101800
1000LUNCUSDT,SELL,LIMIT,1701087366041,1848,0.1101485
1000LUNCUSDT,SELL,LIMIT,1701087367343,159,0.1101375
1000LUNCUSDT,BUY,LIMIT,1701087416645,6096,0.1134731
1000LUNCUSDT,BUY,LIMIT,1701087428520,17946,0.1136575
1000LUNCUSDT,BUY,LIMIT,1701087429689,11197,0.1136989
1000LUNCUSDT,BUY,LIMIT,1701087431180,2047,0.1138767
1000LUNCUSDT,BUY,LIMIT,1701087445215,40000,0.1139381
1000LUNCUSDT,BUY,LIMIT,1701087447106,6208,0.1139830
1000LUNCUSDT,BUY,LIMIT,1701087559315,1813,0.1142074
1000LUNCUSDT,BUY,LIMIT,1701087564512,1063,0.1144163
1000LUNCUSDT,BUY,LIMIT,1701087566120,386,0.1144652
1000LUNCUSDT,BUY,LIMIT,1701087677369,492,0.1145920
1000LUNCUSDT,BUY,LIMIT,1701087695546,44015,0.1146867
1000LUNCUSDT,BUY,LIMIT,1701087698796,817,0.1147878
1000LUNCUSDT,BUY,LIMIT,1701087700906,1563,0.1149192
1000LUNCUSDT,BUY,LIMIT,1701087703380,17176,0.1150206
1000LUNCUSDT,SELL,LIMIT,1701088221163,6228,0.1116353
1000LUNCUSDT,BUY,LIMIT,1701088321914,293,0.1149896
1000LUNCUSDT,BUY,LIMIT,1701088322932,2654,0.1152148
1000LUNCUSDT,BUY,LIMIT,1701088324064,11020,0.1153998
1000LUNCUSDT,BUY,LIMIT,1701088325078,386,0.1154230
1000LUNCUSDT,BUY,LIMIT,1701088335442,4207,0.1154185
1000LUNCUSDT,BUY,LIMIT,1701088336776,5043,0.1154620
1000LUNCUSDT,BUY,LIMIT,1701088340792,43987,0.1155458
1000LUNCUSDT,BUY,LIMIT,1701088343524,177,0.1156113
1000LUNCUSDT,BUY,LIMIT,1701088344820,2571,0.1156461
1000LUNCUSDT,BUY,LIMIT,1701088345897,577,0.1156770
1000LUNCUSDT,BUY,LIMIT,1701088347192,563,0.1156841
1000LUNCUSDT,BUY,LIMIT,1701088348313,974,0.1157958
1000LUNCUSDT,BUY,LIMIT,1701088349379,10000,0.1158723
1000LUNCUSDT,SELL,LIMIT,1701088405734,647,0.1124408
1000LUNCUSDT,SELL,LIMIT,1701088408071,1893,0.1120762
1000LUNCUSDT,SELL,LIMIT,1701088414402,1218,0.1120026
1000LUNCUSDT,SELL,LIMIT,1701088417312,63,0.1118665
1000LUNCUSDT,SELL,LIMIT,1701088424141,630,0.1116628
1000LUNCUSDT,SELL,LIMIT,1701088427854,117,0.1116062
1000LUNCUSDT,SELL,LIMIT,1701088432182,283,0.1116131
1000LUNCUSDT,SELL,LIMIT,1701088458920,5930,0.1114711
1000LUNCUSDT,SELL,LIMIT,1701088465500,693,0.1113436
1000LUNCUSDT,SELL,LIMIT,1701088467376,3848,0.1113197
1000LUNCUSDT,SELL,LIMIT,1701088471348,1011,0.1112347
1000LUNCUSDT,SELL,LIMIT,1701088472382,6276,0.1111029
1000LUNCUSDT,SELL,LIMIT,1701088473397,1392,0.1109171
1000LUNCUSDT,SELL,LIMIT,1701088474416,1800,0.1106634
1000LUNCUSDT,SELL,LIMIT,1701088476319,76,0.1106451
1000LUNCUSDT,SELL,LIMIT,1701088478523,11977,0.1105699
1000LUNCUSDT,SELL,LIMIT,1701088480755,8867,0.1106245
1000LUNCUSDT,SELL,LIMIT,1701088509328,371,0.1107359
1000LUNCUSDT,SELL,LIMIT,1701088561054,40031,0.1107195
1000LUNCUSDT,SELL,LIMIT,1701088670313,54,0.1165836
1000LUNCUSDT,BUY,LIMIT,1701088896123,49,0.1139690
1000LUNCUSDT,BUY,LIMIT,1701088898411,259,0.1140795
1000LUNCUSDT,BUY,LIMIT,1701088900139,439,0.1141166
1000LUNCUSDT,BUY,LIMIT,1701088902085,374,0.1141784
1000LUNCUSDT,BUY,LIMIT,1701088905462,4643,0.1142064
1000LUNCUSDT,BUY,LIMIT,1701088910148,1635,0.1142905
1000LUNCUSDT,SELL,LIMIT,1701089018426,1,0.1108369
1000LUNCUSDT,SELL,LIMIT,1701089021739,218,0.1107396
1000LUNCUSDT,BUY,LIMIT,1701089163282,10277,0.1140451
1000LUNCUSDT,BUY,LIMIT,1701089191938,211,0.1141537
1000LUNCUSDT,BUY,LIMIT,1701089221390,2860,0.1143165
1000LUNCUSDT,BUY,LIMIT,1701089222497,445,0.1143719
1000LUNCUSDT,BUY,LIMIT,1701089224113,2406,0.1144699
1000LUNCUSDT,BUY,LIMIT,1701089230572,34709,0.1146952
1000LUNCUSDT,BUY,LIMIT,1701089232531,2234,0.1147398
1000LUNCUSDT,BUY,LIMIT,1701089234088,33312,0.1147937
1000LUNCUSDT,BUY,LIMIT,1701089254620,12999,0.1149495
1000LUNCUSDT,BUY,LIMIT,1701089256252,444,0.1150135
1000LUNCUSDT,BUY,LIMIT,1701089305611,7911,0.1150948
1000LUNCUSDT,BUY,LIMIT,1701089307266,53,0.1151262
1000LUNCUSDT,BUY,LIMIT,1701089309673,98,0.1152577
1000LUNCUSDT,BUY,LIMIT,1701089310847,9055,0.1152719
1000LUNCUSDT,BUY,LIMIT,1701089698140,1979,0.1153700
1000LUNCUSDT,BUY,LIMIT,1701090076219,5058,0.1154774
1000LUNCUSDT,BUY,LIMIT,1701090077286,29593,0.1155031
1000LUNCUSDT,BUY,LIMIT,1701090079070,276,0.1155494
1000LUNCUSDT,BUY,LIMIT,1701090138286,4428,0.1155809
1000LUNCUSDT,BUY,LIMIT,1701090139913,99,0.1157482
1000LUNCUSDT,SELL,LIMIT,1701090303062,243,0.1128393
1000LUNCUSDT,SELL,LIMIT,1701090330480,2597,0.1119687
1000LUNCUSDT,SELL,LIMIT,1701090332072,16135,0.1118519
1000LUNCUSDT,SELL,LIMIT,1701090335160,6299,0.1117984
1000LUNCUSDT,BUY,LIMIT,1701090529980,1409,0.1137555
1000LUNCUSDT,BUY,LIMIT,1701090671733,2415,0.1157030
1000LUNCUSDT,BUY,LIMIT,1701090683042,328,0.1157880
1000LUNCUSDT,BUY,LIMIT,1701090684902,2865,0.1158257
1000LUNCUSDT,BUY,LIMIT,1701090686821,10121,0.1159551
1000LUNCUSDT,BUY,LIMIT,1701090688251,87,0.1160116
1000LUNCUSDT,BUY,LIMIT,1701090691118,3437,0.1160487
1000LUNCUSDT,BUY,LIMIT,1701090692863,22231,0.1161190
1000LUNCUSDT,BUY,LIMIT,1701090693900,5849,0.1161310
1000LUNCUSDT,BUY,LIMIT,1701090695072,682,0.1163449
1000LUNCUSDT,BUY,LIMIT,1701090697390,42320,0.1163525
1000LUNCUSDT,BUY,LIMIT,1701090698757,1730,0.1165056
1000LUNCUSDT,BUY,LIMIT,1701090699774,250,0.1165279
1000LUNCUSDT,BUY,LIMIT,1701090701056,150,0.1166247
1000LUNCUSDT,BUY,LIMIT,1701090702070,52,0.1166231
1000LUNCUSDT,BUY,LIMIT,1701090705069,4201,0.1166832
1000LUNCUSDT,BUY,LIMIT,1701090706074,8537,0.1166398
1000LUNCUSDT,BUY,LIMIT,1701090707250,1872,0.1167983
1000LUNCUSDT,BUY,LIMIT,1701090714699,11861,0.1168383
1000LUNCUSDT,BUY,LIMIT,1701090715702,5052,0.1168598
1000LUNCUSDT,BUY,LIMIT,1701090885039,12539,0.1169591
1000LUNCUSDT,BUY,LIMIT,1701090886941,2628,0.1169713
1000LUNCUSDT,BUY,LIMIT,1701090891477,22212,0.1170199
1000LUNCUSDT,BUY,LIMIT,1701090910278,10652,0.1170552
1000LUNCUSDT,BUY,LIMIT,1701090916074,959,0.1171671
1000LUNCUSDT,BUY,LIMIT,1701090917101,6991,0.1173628
1000LUNCUSDT,BUY,LIMIT,1701090918222,2111,0.1174051
1000LUNCUSDT,BUY,LIMIT,1701090919295,25075,0.1174314
1000LUNCUSDT,BUY,LIMIT,1701090947829,432,0.1171092
1000LUNCUSDT,SELL,LIMIT,1701091097585,4973,0.1139467
1000LUNCUSDT,SELL,LIMIT,1701091099011,5577,0.1138485
1000LUNCUSDT,SELL,LIMIT,1701091100751,999,0.1137721
1000LUNCUSDT,SELL,LIMIT,1701091152290,6910,0.1136673
1000LUNCUSDT,BUY,LIMIT,1701091244970,32794,0.1169580
1000LUNCUSDT,SELL,LIMIT,1701091311044,44077,0.1140273
1000LUNCUSDT,SELL,LIMIT,1701091329935,3460,0.1135715
1000LUNCUSDT,SELL,LIMIT,1701091337384,4160,0.1135354
1000LUNCUSDT,SELL,LIMIT,1701091342331,394,0.1134850
1000LUNCUSDT,SELL,LIMIT,1701091362792,12514,0.1134567
1000LUNCUSDT,SELL,LIMIT,1701091377241,20535,0.1133357
1000LUNCUSDT,SELL,LIMIT,1701091379548,121,0.1132386
1000LUNCUSDT,SELL,LIMIT,1701091380556,3279,0.1132010
1000LUNCUSDT,SELL,LIMIT,1701091426130,1117,0.1131024
1000LUNCUSDT,SELL,LIMIT,1701091543695,1200,0.1130343
1000LUNCUSDT,SELL,LIMIT,1701091560444,433,0.1129145
1000LUNCUSDT,SELL,LIMIT,1701091586311,26191,0.1129140
1000LUNCUSDT,SELL,LIMIT,1701091591704,3474,0.1128808
1000LUNCUSDT,SELL,LIMIT,1701091614652,776,0.1127082
1000LUNCUSDT,BUY,LIMIT,1701091845164,9887,0.1163213
1000LUNCUSDT,BUY,LIMIT,1701092060164,4761,0.1164251
1000LUNCUSDT,BUY,LIMIT,1701092070077,1727,0.1164305
1000LUNCUSDT,BUY,LIMIT,1701092072569,438,0.1164370
1000LUNCUSDT,BUY,LIMIT,1701092074123,2254,0.1164611
1000LUNCUSDT,BUY,LIMIT,1701092076925,3629,0.1165563
1000LUNCUSDT,BUY,LIMIT,1701092081233,1492,0.1166253
1000LUNCUSDT,BUY,LIMIT,1701092082244,2209,0.1166451
1000LUNCUSDT,BUY,LIMIT,1701092083895,1187,0.1167173
1000LUNCUSDT,BUY,LIMIT,1701092137601,18451,0.1166939
1000LUNCUSDT,BUY,LIMIT,1701092156327,16164,0.1167782
1000LUNCUSDT,BUY,LIMIT,1701092158337,28372,0.1168800
1000LUNCUSDT,BUY,LIMIT,1701092161291,697,0.1169404
1000LUNCUSDT,BUY,LIMIT,1701092164005,916,0.1170009
1000LUNCUSDT,BUY,LIMIT,1701092165178,9859,0.1170663
1000LUNCUSDT,BUY,LIMIT,1701092166284,9130,0.1171750
1000LUNCUSDT,BUY,LIMIT,1701092169383,285,0.1172467
1000LUNCUSDT,BUY,LIMIT,1701092179118,5031,0.1172770
1000LUNCUSDT,BUY,LIMIT,1701092180125,125,0.1175120
1000LUNCUSDT,BUY,LIMIT,1701092182463,620,0.1175980
1000LUNCUSDT,BUY,LIMIT,1701092183772,1555,0.1176441
1000LUNCUSDT,BUY,LIMIT,1701092185215,119,0.1176711
1000LUNCUSDT,BUY,LIMIT,1701092186940,73468,0.1184174
1000LUNCUSDT,BUY,LIMIT,1701092188043,4692,0.1177910
1000LUNCUSDT,BUY,LIMIT,1701092189132,1704,0.1178231
1000LUNCUSDT,BUY,LIMIT,1701092191101,521,0.1178999
1000LUNCUSDT,BUY,LIMIT,1701092515487,42330,0.1172711
1000LUNCUSDT,BUY,LIMIT,1701092884152,212,0.1172847
1000LUNCUSDT,BUY,LIMIT,1701092904075,397,0.1179373
1000LUNCUSDT,BUY,LIMIT,1701092905112,1192,0.1179456
1000LUNCUSDT,BUY,LIMIT,1701092906242,11240,0.1180616
1000LUNCUSDT,BUY,LIMIT,1701092907268,8893,0.1180395
1000LUNCUSDT,BUY,LIMIT,1701092908290,537,0.1180897
1000LUNCUSDT,BUY,LIMIT,1701092909402,1321,0.1183101
1000LUNCUSDT,BUY,LIMIT,1701092910468,20526,0.1181950
1000LUNCUSDT,BUY,LIMIT,1701092911503,842,0.1183987
1000LUNCUSDT,BUY,LIMIT,1701092913073,6024,0.1186431
1000LUNCUSDT,BUY,LIMIT,1701092914163,527,0.1185149
1000LUNCUSDT,BUY,LIMIT,1701092915224,514,0.1187524
1000LUNCUSDT,BUY,LIMIT,1701092916237,1334,0.1187380
1000LUNCUSDT,BUY,LIMIT,1701092917290,14891,0.1188182
1000LUNCUSDT,BUY,LIMIT,1701092918357,2051,0.1189327
1000LUNCUSDT,BUY,LIMIT,1701092919397,3399,0.1188897
1000LUNCUSDT,BUY,LIMIT,1701092920453,1302,0.1190200
1000LUNCUSDT,BUY,LIMIT,1701092922207,927,0.1190497
1000LUNCUSDT,BUY,LIMIT,1701092924071,70016,0.1198054
1000LUNCUSDT,SELL,LIMIT,1701093018234,1695,0.1155280
1000LUNCUSDT,BUY,LIMIT,1701093125190,1000,0.1187188
1000LUNCUSDT,BUY,LIMIT,1701093206537,2537,0.1190836
1000LUNCUSDT,BUY,LIMIT,1701093215078,1712,0.1190513
1000LUNCUSDT,BUY,LIMIT,1701093221654,4972,0.1191094
1000LUNCUSDT,BUY,LIMIT,1701093222679,411,0.1191613
1000LUNCUSDT,BUY,LIMIT,1701093224143,2642,0.1192247
1000LUNCUSDT,BUY,LIMIT,1701093225238,606,0.1192047
1000LUNCUSDT,BUY,LIMIT,1701093226945,181,0.1192419
1000LUNCUSDT,BUY,LIMIT,1701093230054,10000,0.1193376
1000LUNCUSDT,BUY,LIMIT,1701093231044,27898,0.1192802
1000LUNCUSDT,BUY,LIMIT,1701093232162,43554,0.1195056
1000LUNCUSDT,BUY,LIMIT,1701093233236,13796,0.1194144
1000LUNCUSDT,BUY,LIMIT,1701093235333,1840,0.1196145
1000LUNCUSDT,BUY,LIMIT,1701093236495,438,0.1196772
1000LUNCUSDT,BUY,LIMIT,1701093237541,7701,0.1197702
1000LUNCUSDT,BUY,LIMIT,1701093238572,681,0.1198652
1000LUNCUSDT,BUY,LIMIT,1701093239631,44,0.1199929
1000LUNCUSDT,BUY,LIMIT,1701093256062,12260,0.1199980
1000LUNCUSDT,BUY,LIMIT,1701093257175,378,0.1200208
1000LUNCUSDT,BUY,LIMIT,1701093260401,886,0.1197876
1000LUNCUSDT,BUY,LIMIT,1701093263100,8258,0.1201692
1000LUNCUSDT,BUY,LIMIT,1701093264176,4254,0.1203079
1000LUNCUSDT,BUY,LIMIT,1701093265187,1277,0.1202502
1000LUNCUSDT,BUY,LIMIT,1701093266311,16204,0.1205059
1000LUNCUSDT,BUY,LIMIT,1701093267420,1017,0.1206335
1000LUNCUSDT,BUY,LIMIT,1701093268485,2204,0.1208125
1000LUNCUSDT,BUY,LIMIT,1701093269490,2513,0.1208670
1000LUNCUSDT,BUY,LIMIT,1701093270495,641,0.1211211
1000LUNCUSDT,BUY,LIMIT,1701093271814,3339,0.1213524
1000LUNCUSDT,BUY,LIMIT,1701093272892,74913,0.1222773
1000LUNCUSDT,BUY,LIMIT,1701093273913,3779,0.1219011
1000LUNCUSDT,BUY,LIMIT,1701093274956,642,0.1221563
1000LUNCUSDT,SELL,LIMIT,1701093306844,41114,0.1185633
1000LUNCUSDT,SELL,LIMIT,1701093310125,12654,0.1183046
1000LUNCUSDT,BUY,LIMIT,1701093442871,4038,0.1211696
1000LUNCUSDT,BUY,LIMIT,1701093446996,44920,0.1213849
1000LUNCUSDT,BUY,LIMIT,1701093452111,722,0.1215277
1000LUNCUSDT,BUY,LIMIT,1701093453491,169,0.1218329
1000LUNCUSDT,BUY,LIMIT,1701093454786,373,0.1220951
1000LUNCUSDT,BUY,LIMIT,1701093457652,950,0.1222026
1000LUNCUSDT,BUY,LIMIT,1701093459247,14996,0.1220281
1000LUNCUSDT,BUY,LIMIT,1701093460529,2653,0.1222222
1000LUNCUSDT,BUY,LIMIT,1701093461563,196,0.1223301
1000LUNCUSDT,BUY,LIMIT,1701093463208,912,0.1225116
1000LUNCUSDT,BUY,LIMIT,1701093464245,144,0.1225232
1000LUNCUSDT,BUY,LIMIT,1701093465256,26965,0.1226195
1000LUNCUSDT,BUY,LIMIT,1701093466265,306,0.1228581
1000LUNCUSDT,BUY,LIMIT,1701093467267,1114,0.1228475
1000LUNCUSDT,BUY,LIMIT,1701093470055,4402,0.1230057
1000LUNCUSDT,BUY,LIMIT,1701093471089,3572,0.1231609
1000LUNCUSDT,BUY,LIMIT,1701093472174,14592,0.1231383
1000LUNCUSDT,BUY,LIMIT,1701093473196,142,0.1232177
1000LUNCUSDT,BUY,LIMIT,1701093474219,100,0.1234827
1000LUNCUSDT,BUY,LIMIT,1701093475293,6273,0.1234030
1000LUNCUSDT,BUY,LIMIT,1701093476312,176,0.1235336
1000LUNCUSDT,BUY,LIMIT,1701093492392,444,0.1228709
1000LUNCUSDT,BUY,LIMIT,1701093500922,8902,0.1235178
1000LUNCUSDT,BUY,LIMIT,1701093502047,39725,0.1236425
1000LUNCUSDT,BUY,LIMIT,1701093503127,66,0.1237247
1000LUNCUSDT,BUY,LIMIT,1701093506117,16578,0.1239057
1000LUNCUSDT,SELL,LIMIT,1701093585175,7571,0.1197213
1000LUNCUSDT,SELL,LIMIT,1701093604436,20458,0.1195511
1000LUNCUSDT,SELL,LIMIT,1701093606061,3422,0.1194232
1000LUNCUSDT,SELL,LIMIT,1701093607225,1603,0.1194608
1000LUNCUSDT,SELL,LIMIT,1701093608566,1177,0.1193796
1000LUNCUSDT,BUY,LIMIT,1701093637113,2647,0.1230128
1000LUNCUSDT,BUY,LIMIT,1701093640043,2735,0.1233655
1000LUNCUSDT,BUY,LIMIT,1701093642860,12441,0.1233704
1000LUNCUSDT,BUY,LIMIT,1701093650222,2070,0.1226518
1000LUNCUSDT,BUY,LIMIT,1701093651453,7626,0.1236267
1000LUNCUSDT,BUY,LIMIT,1701093653648,97,0.1237469
1000LUNCUSDT,BUY,LIMIT,1701093655082,31990,0.1239057
1000LUNCUSDT,BUY,LIMIT,1701093657037,804,0.1240088
1000LUNCUSDT,BUY,LIMIT,1701093658044,6911,0.1239876
1000LUNCUSDT,BUY,LIMIT,1701093659075,767,0.1241207
1000LUNCUSDT,BUY,LIMIT,1701093661367,4342,0.1241178
1000LUNCUSDT,BUY,LIMIT,1701093675070,795,0.1243653
1000LUNCUSDT,BUY,LIMIT,1701093676113,107622,0.1254032
1000LUNCUSDT,BUY,LIMIT,1701093684113,53359,0.1246528
1000LUNCUSDT,BUY,LIMIT,1701093686279,3587,0.1243186
1000LUNCUSDT,BUY,LIMIT,1701093688089,6701,0.1244156
1000LUNCUSDT,BUY,LIMIT,1701093689100,81677,0.1253611
1000LUNCUSDT,BUY,LIMIT,1701093691054,30455,0.1245434
1000LUNCUSDT,BUY,LIMIT,1701093692237,29085,0.1246426
1000LUNCUSDT,BUY,LIMIT,1701093693248,8793,0.1249482
1000LUNCUSDT,BUY,LIMIT,1701093694277,494,0.1249592
1000LUNCUSDT,BUY,LIMIT,1701093695508,35718,0.1250790
1000LUNCUSDT,BUY,LIMIT,1701093706106,8264,0.1250936
1000LUNCUSDT,BUY,LIMIT,1701093707136,790,0.1251670
1000LUNCUSDT,BUY,LIMIT,1701093708151,732,0.1252129
1000LUNCUSDT,BUY,LIMIT,1701093709207,15711,0.1252794
1000LUNCUSDT,BUY,LIMIT,1701093710282,1042,0.1252777
1000LUNCUSDT,BUY,LIMIT,1701093765311,447,0.1249919
1000LUNCUSDT,SELL,LIMIT,1701093854698,1246,0.1211886
1000LUNCUSDT,SELL,LIMIT,1701093862727,2952,0.1211495
1000LUNCUSDT,SELL,LIMIT,1701093863945,576,0.1210411
1000LUNCUSDT,SELL,LIMIT,1701093865409,15150,0.1209058
1000LUNCUSDT,SELL,LIMIT,1701093867542,20275,0.1208825
1000LUNCUSDT,SELL,LIMIT,1701093870087,415,0.1208736
1000LUNCUSDT,SELL,LIMIT,1701093872278,18524,0.1208176
1000LUNCUSDT,SELL,LIMIT,1701093875134,15607,0.1205978
1000LUNCUSDT,SELL,LIMIT,1701093876217,3977,0.1206311
1000LUNCUSDT,SELL,LIMIT,1701093878784,165,0.1205785
1000LUNCUSDT,SELL,LIMIT,1701093879872,2018,0.1205029
1000LUNCUSDT,SELL,LIMIT,1701093883289,4494,0.1204643
1000LUNCUSDT,SELL,LIMIT,1701093886891,18026,0.1204378
1000LUNCUSDT,SELL,LIMIT,1701093912331,6469,0.1203964
1000LUNCUSDT,SELL,LIMIT,1701093916276,1381,0.1202217
1000LUNCUSDT,SELL,LIMIT,1701093924308,255,0.1200746
1000LUNCUSDT,SELL,LIMIT,1701093938291,10410,0.1198784
1000LUNCUSDT,SELL,LIMIT,1701093941104,977,0.1195879
1000LUNCUSDT,SELL,LIMIT,1701093942685,45,0.1195379
1000LUNCUSDT,SELL,LIMIT,1701093949203,9531,0.1194256
1000LUNCUSDT,SELL,LIMIT,1701093953347,223,0.1193368
1000LUNCUSDT,SELL,LIMIT,1701093954831,4511,0.1193039
1000LUNCUSDT,SELL,LIMIT,1701093958349,3500,0.1191691
1000LUNCUSDT,SELL,LIMIT,1701093960418,500,0.1190515
1000LUNCUSDT,SELL,LIMIT,1701093961809,16121,0.1188788
1000LUNCUSDT,SELL,LIMIT,1701093962865,3520,0.1186138
1000LUNCUSDT,SELL,LIMIT,1701093964190,65063,0.1175535
1000LUNCUSDT,SELL,LIMIT,1701093966730,31346,0.1181621
1000LUNCUSDT,SELL,LIMIT,1701093970078,172,0.1181242
1000LUNCUSDT,SELL,LIMIT,1701093971695,2402,0.1180704
1000LUNCUSDT,SELL,LIMIT,1701093974633,29710,0.1179955
1000LUNCUSDT,SELL,LIMIT,1701093975989,16102,0.1178704
1000LUNCUSDT,SELL,LIMIT,1701094005037,823,0.1176947
1000LUNCUSDT,SELL,LIMIT,1701094010236,5426,0.1176022
1000LUNCUSDT,SELL,LIMIT,1701094012042,2892,0.1174423
1000LUNCUSDT,SELL,LIMIT,1701094013138,80,0.1175010
1000LUNCUSDT,SELL,LIMIT,1701094014396,13885,0.1174179
1000LUNCUSDT,SELL,LIMIT,1701094021259,2897,0.1184729
1000LUNCUSDT,SELL,LIMIT,1701094031399,15275,0.1173454
1000LUNCUSDT,SELL,LIMIT,1701094033066,277,0.1170922
1000LUNCUSDT,SELL,LIMIT,1701094034106,436,0.1170181
1000LUNCUSDT,SELL,LIMIT,1701094036222,3806,0.1171726
1000LUNCUSDT,SELL,LIMIT,1701094039068,9671,0.1170061
1000LUNCUSDT,SELL,LIMIT,1701094040107,583,0.1168831
1000LUNCUSDT,SELL,LIMIT,1701094090709,51,0.1167095
1000LUNCUSDT,SELL,LIMIT,1701094110496,272,0.1167793
1000LUNCUSDT,SELL,LIMIT,1701094112067,163,0.1166524
1000LUNCUSDT,SELL,LIMIT,1701094113085,1658,0.1165219
1000LUNCUSDT,SELL,LIMIT,1701094117845,22737,0.1164841
1000LUNCUSDT,BUY,LIMIT,1701094289333,78,0.1199957
1000LUNCUSDT,BUY,LIMIT,1701094321505,42430,0.1201103
1000LUNCUSDT,BUY,LIMIT,1701094357558,5408,0.1201503
1000LUNCUSDT,BUY,LIMIT,1701094358749,237,0.1202120
1000LUNCUSDT,BUY,LIMIT,1701094360312,43,0.1202159
1000LUNCUSDT,SELL,LIMIT,1701094478644,4091,0.1165934
1000LUNCUSDT,BUY,LIMIT,1701094601599,3116,0.1201329
1000LUNCUSDT,BUY,LIMIT,1701094602636,475,0.1201600
1000LUNCUSDT,BUY,LIMIT,1701094656020,123,0.1204807
1000LUNCUSDT,BUY,LIMIT,1701094757076,855,0.1205736
1000LUNCUSDT,BUY,LIMIT,1701094758232,95,0.1205871
1000LUNCUSDT,BUY,LIMIT,1701094778597,2142,0.1207000
1000LUNCUSDT,BUY,LIMIT,1701094917319,143,0.1208402
1000LUNCUSDT,BUY,LIMIT,1701094932284,21090,0.1209110
1000LUNCUSDT,BUY,LIMIT,1701095152484,1129,0.1210379
1000LUNCUSDT,SELL,LIMIT,1701095327004,2372,0.1173738
1000LUNCUSDT,SELL,LIMIT,1701095328134,4172,0.1173296
1000LUNCUSDT,SELL,LIMIT,1701095361190,150,0.1172247
1000LUNCUSDT,SELL,LIMIT,1701095363289,143,0.1171875
1000LUNCUSDT,SELL,LIMIT,1701095372710,55,0.1171340
1000LUNCUSDT,SELL,LIMIT,1701095379236,6709,0.1170898
1000LUNCUSDT,SELL,LIMIT,1701095380889,241,0.1169923
1000LUNCUSDT,SELL,LIMIT,1701095382236,27093,0.1169623
1000LUNCUSDT,SELL,LIMIT,1701095383381,824,0.1168508
1000LUNCUSDT,SELL,LIMIT,1701095384607,14182,0.1166436
1000LUNCUSDT,SELL,LIMIT,1701095402173,70,0.1172047
1000LUNCUSDT,SELL,LIMIT,1701095407094,307,0.1163815
1000LUNCUSDT,SELL,LIMIT,1701095408131,3805,0.1164085
1000LUNCUSDT,SELL,LIMIT,1701095409404,2313,0.1162225
1000LUNCUSDT,SELL,LIMIT,1701095410664,3678,0.1161931
1000LUNCUSDT,SELL,LIMIT,1701095429579,3370,0.1175929
1000LUNCUSDT,SELL,LIMIT,1701095447636,4127,0.1166226
1000LUNCUSDT,SELL,LIMIT,1701095458100,851,0.1161278
1000LUNCUSDT,SELL,LIMIT,1701095459259,41152,0.1162717
1000LUNCUSDT,SELL,LIMIT,1701095460642,494,0.1160472
1000LUNCUSDT,SELL,LIMIT,1701095461869,74,0.1159570
1000LUNCUSDT,SELL,LIMIT,1701095462922,2380,0.1158929
1000LUNCUSDT,SELL,LIMIT,1701095463891,910,0.1157805
1000LUNCUSDT,SELL,LIMIT,1701095464960,1523,0.1155049
1000LUNCUSDT,SELL,LIMIT,1701095466259,279,0.1152402
1000LUNCUSDT,BUY,LIMIT,1701095515633,4199,0.1190523
1000LUNCUSDT,BUY,LIMIT,1701095516751,1043,0.1191646
1000LUNCUSDT,BUY,LIMIT,1701095525254,1305,0.1193957
1000LUNCUSDT,BUY,LIMIT,1701095528279,20504,0.1195217
1000LUNCUSDT,BUY,LIMIT,1701095530378,5050,0.1196337
1000LUNCUSDT,BUY,LIMIT,1701095591217,483,0.1193885
1000LUNCUSDT,BUY,LIMIT,1701095592362,2500,0.1191852
1000LUNCUSDT,BUY,LIMIT,1701095676008,556,0.1196950
1000LUNCUSDT,BUY,LIMIT,1701095712090,5050,0.1199236
1000LUNCUSDT,BUY,LIMIT,1701095714124,42473,0.1200508
1000LUNCUSDT,BUY,LIMIT,1701095717172,369,0.1201128
1000LUNCUSDT,BUY,LIMIT,1701095813064,5400,0.1203129
1000LUNCUSDT,BUY,LIMIT,1701095814131,78,0.1203591
1000LUNCUSDT,BUY,LIMIT,1701096411294,7515,0.1204295
1000LUNCUSDT,BUY,LIMIT,1701096413558,9105,0.1204474
1000LUNCUSDT,BUY,LIMIT,1701096414959,19102,0.1204911
1000LUNCUSDT,BUY,LIMIT,1701096416320,3623,0.1205417
1000LUNCUSDT,BUY,LIMIT,1701096418356,40591,0.1205966
1000LUNCUSDT,BUY,LIMIT,1701096704204,4379,0.1203560
1000LUNCUSDT,SELL,LIMIT,1701096978805,483,0.1169248
1000LUNCUSDT,SELL,LIMIT,1701097025677,4468,0.1167910
1000LUNCUSDT,SELL,LIMIT,1701097030861,6159,0.1167341
1000LUNCUSDT,SELL,LIMIT,1701097033631,12263,0.1167151
1000LUNCUSDT,SELL,LIMIT,1701097038513,18099,0.1166390
1000LUNCUSDT,SELL,LIMIT,1701097039855,41967,0.1166156
1000LUNCUSDT,SELL,LIMIT,1701097041315,20666,0.1165392
1000LUNCUSDT,SELL,LIMIT,1701097043605,2071,0.1164476
1000LUNCUSDT,SELL,LIMIT,1701097045562,14666,0.1164325
1000LUNCUSDT,SELL,LIMIT,1701097046619,1407,0.1164179
1000LUNCUSDT,BUY,LIMIT,1701097140395,2490,0.1200919
1000LUNCUSDT,BUY,LIMIT,1701097246570,76,0.1204015
1000LUNCUSDT,BUY,LIMIT,1701097252420,984,0.1204689
1000LUNCUSDT,BUY,LIMIT,1701097268886,10416,0.1206565
1000LUNCUSDT,BUY,LIMIT,1701097269953,348,0.1207799
1000LUNCUSDT,BUY,LIMIT,1701097270990,425,0.1209170
1000LUNCUSDT,BUY,LIMIT,1701097272209,3307,0.1210255
1000LUNCUSDT,BUY,LIMIT,1701097273219,2232,0.1213510
1000LUNCUSDT,BUY,LIMIT,1701097274307,5027,0.1214188
1000LUNCUSDT,BUY,LIMIT,1701097275348,1726,0.1215095
1000LUNCUSDT,BUY,LIMIT,1701097289979,19974,0.1215576
1000LUNCUSDT,BUY,LIMIT,1701097292321,8614,0.1216621
1000LUNCUSDT,BUY,LIMIT,1701097294498,86,0.1216511
1000LUNCUSDT,BUY,LIMIT,1701097295775,42208,0.1217155
1000LUNCUSDT,BUY,LIMIT,1701097297183,14699,0.1217281
1000LUNCUSDT,BUY,LIMIT,1701097298253,1939,0.1218220
1000LUNCUSDT,BUY,LIMIT,1701097400030,1878,0.1212335
1000LUNCUSDT,BUY,LIMIT,1701097416187,782,0.1216640
1000LUNCUSDT,BUY,LIMIT,1701097420212,794,0.1220513
1000LUNCUSDT,BUY,LIMIT,1701097421377,2458,0.1220336
1000LUNCUSDT,BUY,LIMIT,1701097422388,2802,0.1221363
1000LUNCUSDT,BUY,LIMIT,1701097423419,1178,0.1222213
1000LUNCUSDT,BUY,LIMIT,1701097424578,1479,0.1223768
1000LUNCUSDT,BUY,LIMIT,1701097426043,12593,0.1225220
1000LUNCUSDT,BUY,LIMIT,1701097427141,612,0.1225081
1000LUNCUSDT,BUY,LIMIT,1701097428248,5468,0.1226879
1000LUNCUSDT,BUY,LIMIT,1701097429286,990,0.1229535
1000LUNCUSDT,BUY,LIMIT,1701097430341,4213,0.1227083
1000LUNCUSDT,BUY,LIMIT,1701097447126,826,0.1230456
1000LUNCUSDT,BUY,LIMIT,1701097448239,7886,0.1231263
1000LUNCUSDT,BUY,LIMIT,1701097449591,10437,0.1232145
1000LUNCUSDT,BUY,LIMIT,1701097452058,3160,0.1232952
1000LUNCUSDT,SELL,LIMIT,1701097619433,3685,0.1195664
1000LUNCUSDT,SELL,LIMIT,1701097631123,989,0.1195069
1000LUNCUSDT,BUY,LIMIT,1701097713666,31081,0.1231164
1000LUNCUSDT,SELL,LIMIT,1701097929373,8885,0.1193264
1000LUNCUSDT,SELL,LIMIT,1701097931512,1050,0.1191949
1000LUNCUSDT,SELL,LIMIT,1701097978036,533,0.1191346
1000LUNCUSDT,SELL,LIMIT,1701097985634,164,0.1189780
1000LUNCUSDT,SELL,LIMIT,1701097988164,1551,0.1189177
1000LUNCUSDT,SELL,LIMIT,1701097998118,1899,0.1188219
1000LUNCUSDT,SELL,LIMIT,1701098000334,12376,0.1187880
1000LUNCUSDT,SELL,LIMIT,1701098002204,399,0.1186014
1000LUNCUSDT,SELL,LIMIT,1701098020061,5649,0.1185441
1000LUNCUSDT,SELL,LIMIT,1701098021394,99,0.1185913
1000LUNCUSDT,SELL,LIMIT,1701098039226,466,0.1184776
1000LUNCUSDT,SELL,LIMIT,1701098040819,176,0.1183041
1000LUNCUSDT,SELL,LIMIT,1701098042220,5968,0.1182664
1000LUNCUSDT,SELL,LIMIT,1701098043483,277,0.1181342
1000LUNCUSDT,SELL,LIMIT,1701098123033,41480,0.1180427
1000LUNCUSDT,SELL,LIMIT,1701098125171,31151,0.1179347
1000LUNCUSDT,SELL,LIMIT,1701098126315,7233,0.1178376
1000LUNCUSDT,SELL,LIMIT,1701098147167,4699,0.1177654
1000LUNCUSDT,SELL,LIMIT,1701098148995,11868,0.1177152
1000LUNCUSDT,SELL,LIMIT,1701098153075,100,0.1176634
1000LUNCUSDT,SELL,LIMIT,1701098155388,3577,0.1176432
1000LUNCUSDT,SELL,LIMIT,1701098194465,3482,0.1173660
1000LUNCUSDT,SELL,LIMIT,1701098565444,358,0.1171049
1000LUNCUSDT,SELL,LIMIT,1701098568315,7403,0.1170646
1000LUNCUSDT,SELL,LIMIT,1701098569558,1250,0.1170258
1000LUNCUSDT,SELL,LIMIT,1701098587412,1051,0.1169429
1000LUNCUSDT,SELL,LIMIT,1701098642867,41523,0.1167924
1000LUNCUSDT,SELL,LIMIT,1701098646165,408,0.1167071
1000LUNCUSDT,SELL,LIMIT,1701098768191,108337,0.1155515
1000LUNCUSDT,SELL,LIMIT,1701098769940,1995,0.1166045
1000LUNCUSDT,SELL,LIMIT,1701099182252,429,0.1165445
1000LUNCUSDT,SELL,LIMIT,1701099183694,25830,0.1165089
1000LUNCUSDT,SELL,LIMIT,1701099185293,3733,0.1164542
1000LUNCUSDT,SELL,LIMIT,1701099215672,2739,0.1164393
1000LUNCUSDT,SELL,LIMIT,1701099219087,4361,0.1162055
1000LUNCUSDT,SELL,LIMIT,1701099220105,1280,0.1162599
1000LUNCUSDT,SELL,LIMIT,1701099238370,3045,0.1160200
1000LUNCUSDT,BUY,LIMIT,1701099333009,4277,0.1197668
1000LUNCUSDT,BUY,LIMIT,1701099334554,262,0.1199645
1000LUNCUSDT,BUY,LIMIT,1701099336282,1795,0.1199819
1000LUNCUSDT,SELL,LIMIT,1701099618683,17740,0.1163123
1000LUNCUSDT,SELL,LIMIT,1701099646595,640,0.1162867
1000LUNCUSDT,SELL,LIMIT,1701099650609,41584,0.1162757
1000LUNCUSDT,SELL,LIMIT,1701099651635,423,0.1160129
1000LUNCUSDT,SELL,LIMIT,1701099673097,255,0.1158823
1000LUNCUSDT,SELL,LIMIT,1701099674278,42240,0.1159479
1000LUNCUSDT,SELL,LIMIT,1701099733958,3940,0.1158525
1000LUNCUSDT,SELL,LIMIT,1701099786038,10368,0.1157541
1000LUNCUSDT,SELL,LIMIT,1701099787072,185,0.1155866
1000LUNCUSDT,SELL,LIMIT,1701099788111,391,0.1157069
1000LUNCUSDT,SELL,LIMIT,1701099789305,3551,0.1155357
1000LUNCUSDT,SELL,LIMIT,1701099792485,16126,0.1154995
1000LUNCUSDT,SELL,LIMIT,1701100054434,16911,0.1158681
1000LUNCUSDT,SELL,LIMIT,1701100061060,6485,0.1154677
1000LUNCUSDT,SELL,LIMIT,1701100062508,46,0.1153215
1000LUNCUSDT,SELL,LIMIT,1701100065255,1850,0.1153336
1000LUNCUSDT,SELL,LIMIT,1701100070550,46,0.1152611
1000LUNCUSDT,SELL,LIMIT,1701100108826,20000,0.1152857
1000LUNCUSDT,SELL,LIMIT,1701100116594,9408,0.1152381
1000LUNCUSDT,SELL,LIMIT,1701100119208,764,0.1151729
1000LUNCUSDT,SELL,LIMIT,1701100120978,3678,0.1151470
1000LUNCUSDT,SELL,LIMIT,1701100122135,5596,0.1151281
1000LUNCUSDT,SELL,LIMIT,1701100124505,535,0.1150385
1000LUNCUSDT,SELL,LIMIT,1701100125786,667,0.1149838
1000LUNCUSDT,SELL,LIMIT,1701100126906,8484,0.1149769
1000LUNCUSDT,SELL,LIMIT,1701100132563,29073,0.1149155
1000LUNCUSDT,SELL,LIMIT,1701100133842,2008,0.1148556
1000LUNCUSDT,SELL,LIMIT,1701100134926,5912,0.1147892
1000LUNCUSDT,SELL,LIMIT,1701100136216,5383,0.1146189
1000LUNCUSDT,SELL,LIMIT,1701100137463,33860,0.1145592
1000LUNCUSDT,SELL,LIMIT,1701100140424,2744,0.1144155
1000LUNCUSDT,SELL,LIMIT,1701100142400,931,0.1143475
1000LUNCUSDT,SELL,LIMIT,1701100143540,1466,0.1143080
1000LUNCUSDT,SELL,LIMIT,1701100144544,11059,0.1140500
1000LUNCUSDT,SELL,LIMIT,1701100146125,18565,0.1138331
1000LUNCUSDT,SELL,LIMIT,1701100147315,14586,0.1139288
1000LUNCUSDT,SELL,LIMIT,1701100148428,8232,0.1137906
1000LUNCUSDT,SELL,LIMIT,1701100160019,43260,0.1140376
1000LUNCUSDT,SELL,LIMIT,1701100182331,340,0.1154440
1000LUNCUSDT,SELL,LIMIT,1701100183632,3750,0.1144611
1000LUNCUSDT,SELL,LIMIT,1701100187867,11939,0.1146202
1000LUNCUSDT,SELL,LIMIT,1701100189140,8683,0.1136878
1000LUNCUSDT,SELL,LIMIT,1701100199562,1748,0.1136514
1000LUNCUSDT,SELL,LIMIT,1701100204232,300,0.1135795
1000LUNCUSDT,SELL,LIMIT,1701100205443,2998,0.1135583
1000LUNCUSDT,SELL,LIMIT,1701100207772,371,0.1134541
1000LUNCUSDT,SELL,LIMIT,1701100208909,327,0.1132608
1000LUNCUSDT,SELL,LIMIT,1701100210383,816,0.1132101
1000LUNCUSDT,SELL,LIMIT,1701100211553,847,0.1131718
1000LUNCUSDT,BUY,LIMIT,1701100213781,13,0.0397208
1000LUNCUSDT,SELL,LIMIT,1701100215046,1301,0.1130550
1000LUNCUSDT,SELL,LIMIT,1701100216126,7458,0.1131013
1000LUNCUSDT,SELL,LIMIT,1701100219412,12684,0.1130642
1000LUNCUSDT,SELL,LIMIT,1701100222018,35707,0.1130728
1000LUNCUSDT,SELL,LIMIT,1701100268961,8502,0.1130745
1000LUNCUSDT,SELL,LIMIT,1701100270537,14670,0.1130164
1000LUNCUSDT,SELL,LIMIT,1701100275255,2355,0.1129979
1000LUNCUSDT,SELL,LIMIT,1701100281338,20769,0.1129790
1000LUNCUSDT,SELL,LIMIT,1701100282444,206,0.1137604
1000LUNCUSDT,SELL,LIMIT,1701100283736,1606,0.1129201
1000LUNCUSDT,SELL,LIMIT,1701100284820,168,0.1127615
1000LUNCUSDT,SELL,LIMIT,1701100286140,1756,0.1126939
1000LUNCUSDT,SELL,LIMIT,1701100287256,14750,0.1126712
1000LUNCUSDT,SELL,LIMIT,1701100288365,2567,0.1126701
1000LUNCUSDT,SELL,LIMIT,1701100289506,260,0.1124778
1000LUNCUSDT,SELL,LIMIT,1701100290524,1632,0.1124836
1000LUNCUSDT,SELL,LIMIT,1701100291883,9094,0.1123833
1000LUNCUSDT,SELL,LIMIT,1701100294506,401,0.1123282
1000LUNCUSDT,SELL,LIMIT,1701100303170,133,0.1123031
1000LUNCUSDT,SELL,LIMIT,1701100304236,42738,0.1122884
1000LUNCUSDT,SELL,LIMIT,1701100305411,4344,0.1122167
1000LUNCUSDT,SELL,LIMIT,1701100329039,75,0.1121589
1000LUNCUSDT,SELL,LIMIT,1701100330053,1898,0.1121391
1000LUNCUSDT,SELL,LIMIT,1701100331071,46,0.1117501
1000LUNCUSDT,SELL,LIMIT,1701100478112,8707,0.1117681
1000LUNCUSDT,SELL,LIMIT,1701100480283,13,0.1117553
1000LUNCUSDT,SELL,LIMIT,1701100482475,1270,0.1115909
1000LUNCUSDT,SELL,LIMIT,1701100484240,1521,0.1115526
1000LUNCUSDT,SELL,LIMIT,1701100485268,18855,0.1114671
1000LUNCUSDT,SELL,LIMIT,1701100486372,7546,0.1114106
1000LUNCUSDT,SELL,LIMIT,1701100487452,996,0.1112547
1000LUNCUSDT,SELL,LIMIT,1701100489084,34895,0.1111760
1000LUNCUSDT,SELL,LIMIT,1701100490086,165,0.1111317
1000LUNCUSDT,SELL,LIMIT,1701100491528,504,0.1111148
1000LUNCUSDT,SELL,LIMIT,1701100509947,98972,0.1103038
1000LUNCUSDT,SELL,LIMIT,1701100511092,5530,0.1108271
1000LUNCUSDT,SELL,LIMIT,1701100512156,10560,0.1106838
1000LUNCUSDT,SELL,LIMIT,1701100513173,3979,0.1107722
1000LUNCUSDT,SELL,LIMIT,1701100514174,500,0.1104867
1000LUNCUSDT,SELL,LIMIT,1701100515272,516,0.1104441
1000LUNCUSDT,SELL,LIMIT,1701100516293,67544,0.1098998
1000LUNCUSDT,SELL,LIMIT,1701100517430,4152,0.1102711
1000LUNCUSDT,SELL,LIMIT,1701100519568,2038,0.1102809
1000LUNCUSDT,SELL,LIMIT,1701100522350,6090,0.1111688
1000LUNCUSDT,SELL,LIMIT,1701100523440,2620,0.1103752
1000LUNCUSDT,SELL,LIMIT,1701100527069,201,0.1103660
1000LUNCUSDT,SELL,LIMIT,1701100528082,7694,0.1107062
1000LUNCUSDT,SELL,LIMIT,1701100529270,5351,0.1103258
1000LUNCUSDT,SELL,LIMIT,1701100530360,1771,0.1102653
1000LUNCUSDT,SELL,LIMIT,1701100531477,4137,0.1101565
1000LUNCUSDT,SELL,LIMIT,1701100532523,170,0.1100136
1000LUNCUSDT,SELL,LIMIT,1701100533690,2390,0.1099228
1000LUNCUSDT,SELL,LIMIT,1701100534730,10400,0.1099089
1000LUNCUSDT,SELL,LIMIT,1701100535957,56,0.1097746
1000LUNCUSDT,SELL,LIMIT,1701100537035,778,0.1097693
1000LUNCUSDT,SELL,LIMIT,1701100538067,41340,0.1096376
1000LUNCUSDT,SELL,LIMIT,1701100539086,2387,0.1095326
1000LUNCUSDT,SELL,LIMIT,1701100540133,53,0.1095848
1000LUNCUSDT,SELL,LIMIT,1701100541153,2418,0.1092724
1000LUNCUSDT,SELL,LIMIT,1701100542209,349,0.1092490
1000LUNCUSDT,SELL,LIMIT,1701100543242,13004,0.1090864
1000LUNCUSDT,SELL,LIMIT,1701100544328,51762,0.1088091
1000LUNCUSDT,SELL,LIMIT,1701100545377,6913,0.1087776
1000LUNCUSDT,SELL,LIMIT,1701100546402,1173,0.1087727
1000LUNCUSDT,SELL,LIMIT,1701100547438,5095,0.1086391
1000LUNCUSDT,SELL,LIMIT,1701100560437,5443,0.1090783
1000LUNCUSDT,SELL,LIMIT,1701100562262,18344,0.1087409
1000LUNCUSDT,SELL,LIMIT,1701100563278,842,0.1087633
1000LUNCUSDT,SELL,LIMIT,1701100564253,35420,0.1085221
1000LUNCUSDT,SELL,LIMIT,1701100565358,52,0.1085943
1000LUNCUSDT,SELL,LIMIT,1701100566381,3938,0.1079196
1000LUNCUSDT,SELL,LIMIT,1701100567393,63905,0.1075773
1000LUNCUSDT,SELL,LIMIT,1701100568597,203470,0.1065838
1000LUNCUSDT,SELL,LIMIT,1701100570083,623,0.1076534
