Symbol,Side,Order Type,Time,Quantity,Price
1000PEPEUSDT,SELL,LIMIT,1700989055166,917308,0.0011464
1000PEPEUSDT,SELL,LIMIT,1700990732801,27625,0.0011434
1000PEPEUSDT,SELL,LIMIT,1700991072058,191029,0.0011406
1000PEPEUSDT,SELL,LIMIT,1700991176199,386900,0.0011401
1000PEPEUSDT,SELL,LIMIT,1700991203330,3143306,0.0011397
1000PEPEUSDT,BUY,LIMIT,1700991662498,172314,0.0011806
1000PEPEUSDT,BUY,LIMIT,1700992083289,65295,0.0011822
1000PEPEUSDT,BUY,LIMIT,1700992463771,8618,0.0011844
1000PEPEUSDT,BUY,LIMIT,1700993133394,621891,0.0011861
1000PEPEUSDT,BUY,LIMIT,1700994192374,422581,0.0011871
1000PEPEUSDT,BUY,LIMIT,1700994258873,15940,0.0011884
1000PEPEUSDT,SELL,LIMIT,1700995801323,340620,0.0011508
1000PEPEUSDT,SELL,LIMIT,1700995845093,354286,0.0011507
1000PEPEUSDT,SELL,LIMIT,1700995865067,64463,0.0011500
1000PEPEUSDT,SELL,LIMIT,1700995867143,2096468,0.0011493
1000PEPEUSDT,SELL,LIMIT,1700995871113,14670,0.0011482
1000PEPEUSDT,SELL,LIMIT,1700996306162,852514,0.0011455
1000PEPEUSDT,SELL,LIMIT,1700996309443,2499999,0.0011436
1000PEPEUSDT,BUY,LIMIT,1700997526222,2204571,0.0011844
1000PEPEUSDT,SELL,LIMIT,1700999201039,4279415,0.0011424
1000PEPEUSDT,SELL,LIMIT,1700999217494,429368,0.0011415
1000PEPEUSDT,SELL,LIMIT,1700999771396,20478,0.0011409
1000PEPEUSDT,SELL,LIMIT,1700999849250,12908,0.0011394
1000PEPEUSDT,BUY,LIMIT,1700999931464,96391,0.0011766
1000PEPEUSDT,SELL,LIMIT,1701000074194,285351,0.0011402
1000PEPEUSDT,SELL,LIMIT,1701000420826,318386,0.0011383
1000PEPEUSDT,SELL,LIMIT,1701000422592,215241,0.0011380
1000PEPEUSDT,SELL,LIMIT,1701000589814,1461743,0.0011383
1000PEPEUSDT,SELL,LIMIT,1701000601473,6280,0.0011369
1000PEPEUSDT,SELL,LIMIT,1701001371092,87787,0.0011361
1000PEPEUSDT,SELL,LIMIT,1701001379128,7922,0.0011352
1000PEPEUSDT,SELL,LIMIT,1701001386167,6674,0.0011340
1000PEPEUSDT,SELL,LIMIT,1701001387255,55328,0.0011340
1000PEPEUSDT,SELL,LIMIT,1701001403233,1018309,0.0011336
1000PEPEUSDT,SELL,LIMIT,1701001404461,63728,0.0011336
1000PEPEUSDT,SELL,LIMIT,1701001405472,11533,0.0011332
1000PEPEUSDT,SELL,LIMIT,1701001502354,14627,0.0011346
1000PEPEUSDT,SELL,LIMIT,1701001503585,6919,0.0011327
1000PEPEUSDT,SELL,LIMIT,1701001505089,3043559,0.0011312
1000PEPEUSDT,SELL,LIMIT,1701001505946,97751,0.0011317
1000PEPEUSDT,SELL,LIMIT,1701001514041,131806,0.0011308
1000PEPEUSDT,BUY,LIMIT,1701001744909,235345,0.0011740
1000PEPEUSDT,BUY,LIMIT,1701002151939,3516443,0.0011781
1000PEPEUSDT,BUY,LIMIT,1701002168883,195869,0.0011797
1000PEPEUSDT,BUY,LIMIT,1701002325235,3461381,0.0011824
1000PEPEUSDT,SELL,LIMIT,1701004837148,1886567,0.0011400
1000PEPEUSDT,SELL,LIMIT,1701004916615,65289,0.0011385
1000PEPEUSDT,SELL,LIMIT,1701005084775,6283,0.0011358
1000PEPEUSDT,SELL,LIMIT,1701005087052,4417,0.0011353
1000PEPEUSDT,SELL,LIMIT,1701005141103,1079447,0.0011352
1000PEPEUSDT,SELL,LIMIT,1701005462447,1284246,0.0011312
1000PEPEUSDT,SELL,LIMIT,1701006166120,359810,0.0011300
1000PEPEUSDT,SELL,LIMIT,1701006167476,607792,0.0011298
1000PEPEUSDT,SELL,LIMIT,1701006171077,61125,0.0011295
1000PEPEUSDT,SELL,LIMIT,1701006195731,257566,0.0011298
1000PEPEUSDT,SELL,LIMIT,1701006208283,367811,0.0011288
1000PEPEUSDT,SELL,LIMIT,1701006218542,1896278,0.0011274
1000PEPEUSDT,SELL,LIMIT,1701008249276,324485,0.0011276
1000PEPEUSDT,SELL,LIMIT,1701008420169,68849,0.0011270
1000PEPEUSDT,SELL,LIMIT,1701008421646,2121520,0.0011268
1000PEPEUSDT,SELL,LIMIT,1701008440151,34198,0.0011257
1000PEPEUSDT,SELL,LIMIT,1701008441447,32061,0.0011239
1000PEPEUSDT,SELL,LIMIT,1701008446073,316812,0.0011227
1000PEPEUSDT,SELL,LIMIT,1701008447128,1504567,0.0011221
1000PEPEUSDT,SELL,LIMIT,1701008448305,6582,0.0011207
1000PEPEUSDT,SELL,LIMIT,1701008449314,13755,0.0011195
1000PEPEUSDT,SELL,LIMIT,1701008450338,393219,0.0011201
1000PEPEUSDT,SELL,LIMIT,1701008946776,239220,0.0011217
1000PEPEUSDT,SELL,LIMIT,1701009015216,2235529,0.0011206
1000PEPEUSDT,SELL,LIMIT,1701009268379,93153,0.0011188
1000PEPEUSDT,SELL,LIMIT,1701009275144,28068,0.0011180
1000PEPEUSDT,SELL,LIMIT,1701009276200,14867,0.0011176
1000PEPEUSDT,SELL,LIMIT,1701009277358,28548,0.0011172
1000PEPEUSDT,SELL,LIMIT,1701009279224,118637,0.0011162
1000PEPEUSDT,SELL,LIMIT,1701009280869,700488,0.0011168
1000PEPEUSDT,SELL,LIMIT,1701009282179,99064,0.0011148
1000PEPEUSDT,SELL,LIMIT,1701009285147,520517,0.0011149
1000PEPEUSDT,SELL,LIMIT,1701009288367,8895,0.0011145
1000PEPEUSDT,SELL,LIMIT,1701009290681,16970,0.0011141
1000PEPEUSDT,SELL,LIMIT,1701010292463,2182834,0.0011224
1000PEPEUSDT,SELL,LIMIT,1701010377399,6377,0.0011218
1000PEPEUSDT,SELL,LIMIT,1701010397128,30776,0.0011216
1000PEPEUSDT,SELL,LIMIT,1701010398217,84780,0.0011212
1000PEPEUSDT,SELL,LIMIT,1701010482054,46292,0.0011199
1000PEPEUSDT,SELL,LIMIT,1701010484117,883768,0.0011196
1000PEPEUSDT,SELL,LIMIT,1701010572061,85360,0.0011197
1000PEPEUSDT,SELL,LIMIT,1701010924333,32681,0.0011189
1000PEPEUSDT,BUY,LIMIT,1701011245993,817204,0.0011596
1000PEPEUSDT,SELL,LIMIT,1701011825186,89566,0.0011203
1000PEPEUSDT,BUY,LIMIT,1701012058049,23220,0.0011580
1000PEPEUSDT,SELL,LIMIT,1701013473658,835343,0.0011235
1000PEPEUSDT,SELL,LIMIT,1701013494037,153188,0.0011210
1000PEPEUSDT,SELL,LIMIT,1701013499596,69028,0.0011207
1000PEPEUSDT,SELL,LIMIT,1701013535496,8376,0.0011200
1000PEPEUSDT,SELL,LIMIT,1701013541407,49566,0.0011193
1000PEPEUSDT,SELL,LIMIT,1701013703311,237575,0.0011189
1000PEPEUSDT,SELL,LIMIT,1701013749236,270346,0.0011182
1000PEPEUSDT,SELL,LIMIT,1701013811947,1137965,0.0011176
1000PEPEUSDT,SELL,LIMIT,1701013944808,109852,0.0011158
1000PEPEUSDT,SELL,LIMIT,1701013973153,278334,0.0011139
1000PEPEUSDT,SELL,LIMIT,1701013974182,122529,0.0011138
1000PEPEUSDT,SELL,LIMIT,1701013982806,17603,0.0011334
1000PEPEUSDT,SELL,LIMIT,1701013984009,745151,0.0011127
1000PEPEUSDT,SELL,LIMIT,1701013985099,106586,0.0011138
1000PEPEUSDT,SELL,LIMIT,1701013986132,3341353,0.0011120
1000PEPEUSDT,SELL,LIMIT,1701013987479,4282,0.0011106
1000PEPEUSDT,SELL,LIMIT,1701013988946,867067,0.0011102
1000PEPEUSDT,SELL,LIMIT,1701014017088,21320,0.0011113
1000PEPEUSDT,SELL,LIMIT,1701014020197,3613746,0.0011102
1000PEPEUSDT,SELL,LIMIT,1701014022255,5035200,0.0011092
1000PEPEUSDT,SELL,LIMIT,1701014023263,239258,0.0011099
1000PEPEUSDT,SELL,LIMIT,1701014024271,2673359,0.0011092
1000PEPEUSDT,SELL,LIMIT,1701014027185,1353150,0.0011090
1000PEPEUSDT,SELL,LIMIT,1701014028193,158980,0.0011087
1000PEPEUSDT,SELL,LIMIT,1701014030332,59906,0.0011087
1000PEPEUSDT,SELL,LIMIT,1701014032434,307688,0.0011084
1000PEPEUSDT,SELL,LIMIT,1701014035124,343377,0.0011071
1000PEPEUSDT,SELL,LIMIT,1701014036230,72393,0.0011069
1000PEPEUSDT,SELL,LIMIT,1701014038984,251834,0.0011065
1000PEPEUSDT,SELL,LIMIT,1701014040166,402555,0.0011057
1000PEPEUSDT,SELL,LIMIT,1701014041504,34417,0.0011052
1000PEPEUSDT,SELL,LIMIT,1701014042886,1312795,0.0011049
1000PEPEUSDT,BUY,LIMIT,1701014095608,38156,0.0011441
1000PEPEUSDT,SELL,LIMIT,1701014119059,2685449,0.0011098
1000PEPEUSDT,SELL,LIMIT,1701014865078,898229,0.0011128
1000PEPEUSDT,SELL,LIMIT,1701014922188,38550,0.0011111
1000PEPEUSDT,SELL,LIMIT,1701015289252,17743,0.0011050
1000PEPEUSDT,SELL,LIMIT,1701015304522,344647,0.0011040
1000PEPEUSDT,SELL,LIMIT,1701015305690,255543,0.0011022
1000PEPEUSDT,SELL,LIMIT,1701015308492,494099,0.0011012
1000PEPEUSDT,SELL,LIMIT,1701015314385,655369,0.0011012
1000PEPEUSDT,SELL,LIMIT,1701015323099,76528,0.0011009
1000PEPEUSDT,SELL,LIMIT,1701015324491,28804,0.0011009
1000PEPEUSDT,BUY,LIMIT,1701015419259,702470,0.0011415
1000PEPEUSDT,SELL,LIMIT,1701015587053,617184,0.0011022
1000PEPEUSDT,SELL,LIMIT,1701015594093,4451323,0.0011008
1000PEPEUSDT,SELL,LIMIT,1701015595218,33858,0.0011001
1000PEPEUSDT,SELL,LIMIT,1701015596268,304202,0.0010999
1000PEPEUSDT,SELL,LIMIT,1701015600036,624866,0.0010997
1000PEPEUSDT,SELL,LIMIT,1701015602504,14090,0.0010991
1000PEPEUSDT,SELL,LIMIT,1701015646397,2212452,0.0010980
1000PEPEUSDT,SELL,LIMIT,1701015652704,236774,0.0010973
1000PEPEUSDT,SELL,LIMIT,1701015668577,131142,0.0010970
1000PEPEUSDT,SELL,LIMIT,1701015670100,839944,0.0010967
1000PEPEUSDT,SELL,LIMIT,1701015671242,177777,0.0010964
1000PEPEUSDT,SELL,LIMIT,1701015672316,43770,0.0010941
1000PEPEUSDT,SELL,LIMIT,1701015673300,27936,0.0010950
1000PEPEUSDT,SELL,LIMIT,1701015681274,1164047,0.0010933
1000PEPEUSDT,SELL,LIMIT,1701015682485,21458,0.0010935
1000PEPEUSDT,SELL,LIMIT,1701015685112,1750779,0.0010927
1000PEPEUSDT,SELL,LIMIT,1701015686123,2146734,0.0010927
1000PEPEUSDT,SELL,LIMIT,1701015687168,1745805,0.0010924
1000PEPEUSDT,SELL,LIMIT,1701015734201,122486,0.0010961
1000PEPEUSDT,SELL,LIMIT,1701015747147,1494549,0.0010914
1000PEPEUSDT,SELL,LIMIT,1701015749064,21146,0.0010906
1000PEPEUSDT,SELL,LIMIT,1701015750260,373851,0.0010907
1000PEPEUSDT,SELL,LIMIT,1701015757257,44023,0.0010898
1000PEPEUSDT,SELL,LIMIT,1701015758477,30392,0.0010892
1000PEPEUSDT,SELL,LIMIT,1701015759507,87907,0.0010890
1000PEPEUSDT,SELL,LIMIT,1701015760663,392660,0.0010883
1000PEPEUSDT,SELL,LIMIT,1701015762272,904667,0.0010873
1000PEPEUSDT,SELL,LIMIT,1701015763791,4401021,0.0010865
1000PEPEUSDT,SELL,LIMIT,1701015869521,254126,0.0010915
1000PEPEUSDT,SELL,LIMIT,1701015873119,123769,0.0010942
1000PEPEUSDT,SELL,LIMIT,1701015876603,141670,0.0010899
1000PEPEUSDT,SELL,LIMIT,1701016014036,27941,0.0010878
1000PEPEUSDT,SELL,LIMIT,1701016018252,146974,0.0010867
1000PEPEUSDT,SELL,LIMIT,1701016021777,425182,0.0010861
1000PEPEUSDT,SELL,LIMIT,1701016023235,4028279,0.0010855
1000PEPEUSDT,SELL,LIMIT,1701016024260,3951551,0.0010856
1000PEPEUSDT,SELL,LIMIT,1701016026492,590256,0.0010854
1000PEPEUSDT,SELL,LIMIT,1701016028672,5756984,0.0010836
1000PEPEUSDT,SELL,LIMIT,1701016029973,23609,0.0010847
1000PEPEUSDT,SELL,LIMIT,1701016031162,45816,0.0010836
1000PEPEUSDT,SELL,LIMIT,1701016032090,223194,0.0010817
1000PEPEUSDT,SELL,LIMIT,1701016033234,185341,0.0010802
1000PEPEUSDT,SELL,LIMIT,1701016034289,5881,0.0010808
1000PEPEUSDT,SELL,LIMIT,1701016037183,424680,0.0010803
1000PEPEUSDT,SELL,LIMIT,1701016038542,3607069,0.0010800
1000PEPEUSDT,SELL,LIMIT,1701016041840,3824228,0.0010828
1000PEPEUSDT,SELL,LIMIT,1701016043111,8457,0.0010776
1000PEPEUSDT,SELL,LIMIT,1701016044105,41800,0.0010775
1000PEPEUSDT,SELL,LIMIT,1701016045409,3025533,0.0010754
1000PEPEUSDT,SELL,LIMIT,1701016047109,1714971,0.0010753
1000PEPEUSDT,SELL,LIMIT,1701016048250,4401104,0.0010932
1000PEPEUSDT,SELL,LIMIT,1701016049107,295965,0.0010744
1000PEPEUSDT,SELL,LIMIT,1701016050195,156338,0.0010690
1000PEPEUSDT,SELL,LIMIT,1701016051008,8203946,0.0010684
1000PEPEUSDT,SELL,LIMIT,1701016089190,3259432,0.0010730
1000PEPEUSDT,SELL,LIMIT,1701016098587,195736,0.0010706
1000PEPEUSDT,SELL,LIMIT,1701016100001,48794,0.0010706
1000PEPEUSDT,SELL,LIMIT,1701016101601,250000,0.0010706
1000PEPEUSDT,BUY,LIMIT,1701016118568,919765,0.0011095
1000PEPEUSDT,BUY,LIMIT,1701016928169,26248,0.0011147
1000PEPEUSDT,BUY,LIMIT,1701016946165,54599,0.0011160
1000PEPEUSDT,BUY,LIMIT,1701016995274,4739,0.0011187
1000PEPEUSDT,BUY,LIMIT,1701017031303,689662,0.0011198
1000PEPEUSDT,SELL,LIMIT,1701017363120,57039,0.0010810
1000PEPEUSDT,BUY,LIMIT,1701017826717,6802,0.0011192
1000PEPEUSDT,BUY,LIMIT,1701017829412,1698507,0.0011194
1000PEPEUSDT,BUY,LIMIT,1701018331528,5343,0.0011229
1000PEPEUSDT,BUY,LIMIT,1701018540490,90661,0.0011248
1000PEPEUSDT,SELL,LIMIT,1701021806399,219364,0.0010861
1000PEPEUSDT,SELL,LIMIT,1701021835799,13931,0.0010860
1000PEPEUSDT,SELL,LIMIT,1701024538270,1162438,0.0010843
1000PEPEUSDT,SELL,LIMIT,1701024539530,11601,0.0010831
1000PEPEUSDT,SELL,LIMIT,1701024546618,29805,0.0010823
1000PEPEUSDT,SELL,LIMIT,1701024567890,31398,0.0010818
1000PEPEUSDT,BUY,LIMIT,1701025475666,1285034,0.0011173
1000PEPEUSDT,BUY,LIMIT,1701025514190,31389,0.0011186
1000PEPEUSDT,SELL,LIMIT,1701026349464,922147,0.0010858
1000PEPEUSDT,SELL,LIMIT,1701026418378,25589,0.0010821
1000PEPEUSDT,BUY,LIMIT,1701028498708,9760,0.0011231
1000PEPEUSDT,BUY,LIMIT,1701031262759,506974,0.0011284
1000PEPEUSDT,BUY,LIMIT,1701031315800,271273,0.0011288
1000PEPEUSDT,BUY,LIMIT,1701031601293,54256,0.0011318
1000PEPEUSDT,BUY,LIMIT,1701031756486,14104,0.0011357
1000PEPEUSDT,BUY,LIMIT,1701031777607,4477879,0.0011387
1000PEPEUSDT,SELL,LIMIT,1701032785107,65637,0.0010975
1000PEPEUSDT,BUY,LIMIT,1701038786441,1023700,0.0011397
1000PEPEUSDT,BUY,LIMIT,1701038794785,8945,0.0011400
1000PEPEUSDT,SELL,LIMIT,1701039743881,1210564,0.0011030
1000PEPEUSDT,SELL,LIMIT,1701039745018,134670,0.0011024
1000PEPEUSDT,SELL,LIMIT,1701039851906,506369,0.0011005
1000PEPEUSDT,SELL,LIMIT,1701040277378,235351,0.0010982
1000PEPEUSDT,SELL,LIMIT,1701040597992,70550,0.0010970
1000PEPEUSDT,SELL,LIMIT,1701043643318,107118,0.0011323
1000PEPEUSDT,SELL,LIMIT,1701048067756,1779834,0.0011023
1000PEPEUSDT,SELL,LIMIT,1701048631360,117326,0.0010977
1000PEPEUSDT,SELL,LIMIT,1701048770462,23507,0.0010958
1000PEPEUSDT,SELL,LIMIT,1701049545378,887011,0.0010939
1000PEPEUSDT,SELL,LIMIT,1701049555083,131842,0.0010932
1000PEPEUSDT,SELL,LIMIT,1701049570158,8850,0.0010917
1000PEPEUSDT,SELL,LIMIT,1701050256410,581452,0.0010910
1000PEPEUSDT,SELL,LIMIT,1701050766316,8429,0.0010899
1000PEPEUSDT,BUY,LIMIT,1701051658432,512658,0.0011285
1000PEPEUSDT,SELL,LIMIT,1701052282619,117502,0.0010901
1000PEPEUSDT,SELL,LIMIT,1701052299174,598455,0.0010859
1000PEPEUSDT,SELL,LIMIT,1701052300294,613105,0.0010880
1000PEPEUSDT,SELL,LIMIT,1701052649466,5755,0.0010847
1000PEPEUSDT,SELL,LIMIT,1701052746201,299444,0.0010825
1000PEPEUSDT,SELL,LIMIT,1701053567784,857904,0.0010819
1000PEPEUSDT,SELL,LIMIT,1701054471166,1438877,0.0010798
1000PEPEUSDT,SELL,LIMIT,1701054472832,370128,0.0010789
1000PEPEUSDT,BUY,LIMIT,1701055038747,178349,0.0011141
1000PEPEUSDT,SELL,LIMIT,1701055569284,550088,0.0010784
1000PEPEUSDT,SELL,LIMIT,1701055573222,59916,0.0010784
1000PEPEUSDT,SELL,LIMIT,1701055582750,158121,0.0010774
1000PEPEUSDT,SELL,LIMIT,1701055586288,191833,0.0010771
1000PEPEUSDT,SELL,LIMIT,1701055589320,140144,0.0010770
1000PEPEUSDT,SELL,LIMIT,1701055642344,363003,0.0010765
1000PEPEUSDT,SELL,LIMIT,1701055658367,269541,0.0010758
1000PEPEUSDT,SELL,LIMIT,1701055702689,6808843,0.0010730
1000PEPEUSDT,SELL,LIMIT,1701055754552,228088,0.0010742
1000PEPEUSDT,SELL,LIMIT,1701056007358,141401,0.0010758
1000PEPEUSDT,SELL,LIMIT,1701056017734,5594,0.0010733
1000PEPEUSDT,SELL,LIMIT,1701056018904,318900,0.0010727
1000PEPEUSDT,SELL,LIMIT,1701056027166,3341948,0.0010719
1000PEPEUSDT,SELL,LIMIT,1701056032384,13821592,0.0010659
1000PEPEUSDT,SELL,LIMIT,1701056055747,9989,0.0010711
1000PEPEUSDT,SELL,LIMIT,1701056082904,430533,0.0010706
1000PEPEUSDT,SELL,LIMIT,1701056129965,29336,0.0010702
1000PEPEUSDT,SELL,LIMIT,1701056141608,238229,0.0010683
1000PEPEUSDT,SELL,LIMIT,1701056144666,72125,0.0010675
1000PEPEUSDT,SELL,LIMIT,1701058958575,134197,0.0010773
1000PEPEUSDT,SELL,LIMIT,1701058961079,42525,0.0010769
1000PEPEUSDT,BUY,LIMIT,1701062074872,33580,0.0011168
1000PEPEUSDT,SELL,LIMIT,1701063093551,1306969,0.0010780
1000PEPEUSDT,SELL,LIMIT,1701063593137,29607,0.0010765
1000PEPEUSDT,SELL,LIMIT,1701063691242,27710,0.0010762
