Symbol,Side,Order Type,Time,Quantity,Price
1000PEPEUSDT,SELL,LIMIT,1701916840168,341128,0.0014687
1000PEPEUSDT,SELL,LIMIT,1701917233139,124786,0.0014640
1000PEPEUSDT,SELL,LIMIT,1701918548947,37919,0.0014566
1000PEPEUSDT,SELL,LIMIT,1701918640135,13521,0.0014533
1000PEPEUSDT,SELL,LIMIT,1701918641189,532868,0.0014493
1000PEPEUSDT,BUY,LIMIT,1701919005116,1307612,0.0015151
1000PEPEUSDT,BUY,LIMIT,1701921593243,282110,0.0015153
1000PEPEUSDT,BUY,LIMIT,1701921597213,7394,0.0015159
1000PEPEUSDT,BUY,LIMIT,1701921984508,110835,0.0015195
1000PEPEUSDT,BUY,LIMIT,1701921988877,1655745,0.0015210
1000PEPEUSDT,BUY,LIMIT,1701922004742,26386,0.0015226
1000PEPEUSDT,BUY,LIMIT,1701923571552,10444,0.0015276
1000PEPEUSDT,BUY,LIMIT,1701923885612,201911,0.0015344
1000PEPEUSDT,SELL,LIMIT,1701924304786,23110,0.0015016
1000PEPEUSDT,BUY,LIMIT,1701925988825,37788,0.0015277
1000PEPEUSDT,BUY,LIMIT,1701926519059,15112,0.0015304
1000PEPEUSDT,SELL,LIMIT,1701927845343,7450,0.0014801
1000PEPEUSDT,SELL,LIMIT,1701928266386,16945,0.0014742
1000PEPEUSDT,SELL,LIMIT,1701928581174,768642,0.0014702
1000PEPEUSDT,SELL,LIMIT,1701929155130,1669226,0.0014683
1000PEPEUSDT,SELL,LIMIT,1701929351602,34728,0.0014642
1000PEPEUSDT,SELL,LIMIT,1701929435080,1018138,0.0014619
1000PEPEUSDT,SELL,LIMIT,1701929455319,289615,0.0014594
1000PEPEUSDT,SELL,LIMIT,1701930909443,336835,0.0014586
1000PEPEUSDT,SELL,LIMIT,1701930935426,21669,0.0014558
1000PEPEUSDT,SELL,LIMIT,1701930940724,126024,0.0014551
1000PEPEUSDT,SELL,LIMIT,1701931035250,61026,0.0014540
1000PEPEUSDT,SELL,LIMIT,1701931036677,3631463,0.0014519
1000PEPEUSDT,SELL,LIMIT,1701931056523,8327,0.0014492
1000PEPEUSDT,SELL,LIMIT,1701931582180,1300065,0.0014477
1000PEPEUSDT,SELL,LIMIT,1701931583265,64191,0.0014468
1000PEPEUSDT,SELL,LIMIT,1701931584318,186915,0.0014471
1000PEPEUSDT,SELL,LIMIT,1701931585383,54965,0.0014452
1000PEPEUSDT,SELL,LIMIT,1701931586389,519698,0.0014460
1000PEPEUSDT,SELL,LIMIT,1701931587430,7689,0.0014443
1000PEPEUSDT,SELL,LIMIT,1701931588970,1682946,0.0014435
1000PEPEUSDT,SELL,LIMIT,1701931592035,316230,0.0014429
1000PEPEUSDT,SELL,LIMIT,1701931593163,22994,0.0014421
1000PEPEUSDT,SELL,LIMIT,1701931596421,3401360,0.0014410
1000PEPEUSDT,SELL,LIMIT,1701931651091,123225,0.0014408
1000PEPEUSDT,SELL,LIMIT,1701931652181,4714,0.0014407
1000PEPEUSDT,SELL,LIMIT,1701931654273,47303,0.0014380
1000PEPEUSDT,SELL,LIMIT,1701931655311,175847,0.0014388
1000PEPEUSDT,SELL,LIMIT,1701931756959,95913,0.0014415
1000PEPEUSDT,SELL,LIMIT,1701931807239,330352,0.0014435
1000PEPEUSDT,SELL,LIMIT,1701931822406,16946,0.0014410
1000PEPEUSDT,SELL,LIMIT,1701931834655,100000,0.0014402
1000PEPEUSDT,SELL,LIMIT,1701931928070,32242,0.0014395
1000PEPEUSDT,SELL,LIMIT,1701932417008,755,0.0015060
1000PEPEUSDT,BUY,LIMIT,1701932558073,36396,0.0014919
1000PEPEUSDT,BUY,LIMIT,1701933538800,472054,0.0014979
1000PEPEUSDT,SELL,LIMIT,1701933578064,212606,0.0014507
1000PEPEUSDT,BUY,LIMIT,1701934024488,10888,0.0015042
1000PEPEUSDT,BUY,LIMIT,1701934230705,50579,0.0015035
1000PEPEUSDT,SELL,LIMIT,1701934822504,22985,0.0014530
1000PEPEUSDT,BUY,LIMIT,1701935562328,6113,0.0015074
1000PEPEUSDT,BUY,LIMIT,1701936082687,20135,0.0015141
1000PEPEUSDT,SELL,LIMIT,1701936757064,1689029,0.0014625
1000PEPEUSDT,SELL,LIMIT,1701936831068,283522,0.0014570
1000PEPEUSDT,SELL,LIMIT,1701936849083,7791,0.0014554
1000PEPEUSDT,SELL,LIMIT,1701936858272,297349,0.0014548
1000PEPEUSDT,SELL,LIMIT,1701936860458,1303853,0.0014543
1000PEPEUSDT,SELL,LIMIT,1701936867399,31447,0.0014537
1000PEPEUSDT,SELL,LIMIT,1701936907566,16457,0.0014511
1000PEPEUSDT,SELL,LIMIT,1701936914886,371898,0.0014497
1000PEPEUSDT,SELL,LIMIT,1701936917312,133324,0.0014495
1000PEPEUSDT,SELL,LIMIT,1701936973367,22899,0.0014455
1000PEPEUSDT,BUY,LIMIT,1701937062009,425575,0.0014961
1000PEPEUSDT,SELL,LIMIT,1701937340913,40930,0.0014447
1000PEPEUSDT,SELL,LIMIT,1701937395267,148737,0.0014422
1000PEPEUSDT,SELL,LIMIT,1701937410691,40000,0.0014396
1000PEPEUSDT,SELL,LIMIT,1701937486175,3401597,0.0014378
1000PEPEUSDT,SELL,LIMIT,1701937488139,3339303,0.0014371
1000PEPEUSDT,SELL,LIMIT,1701937489634,7716,0.0014363
1000PEPEUSDT,SELL,LIMIT,1701937537160,95019,0.0014361
1000PEPEUSDT,SELL,LIMIT,1701937538793,1000000,0.0014359
1000PEPEUSDT,SELL,LIMIT,1701937706516,106713,0.0014356
1000PEPEUSDT,SELL,LIMIT,1701937710405,11401,0.0014353
1000PEPEUSDT,SELL,LIMIT,1701937711443,124870,0.0014345
1000PEPEUSDT,SELL,LIMIT,1701937761303,122468,0.0014329
1000PEPEUSDT,SELL,LIMIT,1701937765759,161379,0.0014323
1000PEPEUSDT,SELL,LIMIT,1701937901329,90054,0.0014323
1000PEPEUSDT,SELL,LIMIT,1701937911496,139757,0.0014316
1000PEPEUSDT,BUY,LIMIT,1701938236203,1716325,0.0014852
1000PEPEUSDT,BUY,LIMIT,1701938265131,189327,0.0014873
1000PEPEUSDT,BUY,LIMIT,1701938314212,311086,0.0014892
1000PEPEUSDT,BUY,LIMIT,1701938789459,12812,0.0014932
1000PEPEUSDT,SELL,LIMIT,1701939315613,18097,0.0014377
1000PEPEUSDT,SELL,LIMIT,1701939359426,183165,0.0014368
1000PEPEUSDT,SELL,LIMIT,1701939364215,263044,0.0014371
1000PEPEUSDT,SELL,LIMIT,1701939444134,755123,0.0014344
1000PEPEUSDT,SELL,LIMIT,1701939451918,288355,0.0014347
1000PEPEUSDT,SELL,LIMIT,1701939458828,264401,0.0014341
1000PEPEUSDT,SELL,LIMIT,1701939569955,242270,0.0014326
1000PEPEUSDT,SELL,LIMIT,1701939572215,69964,0.0014305
1000PEPEUSDT,SELL,LIMIT,1701939573397,2018483,0.0014289
1000PEPEUSDT,SELL,LIMIT,1701939574398,1611527,0.0014293
1000PEPEUSDT,SELL,LIMIT,1701939576101,632278,0.0014259
1000PEPEUSDT,SELL,LIMIT,1701939577165,4718,0.0014277
1000PEPEUSDT,SELL,LIMIT,1701939724488,1337711,0.0014257
1000PEPEUSDT,SELL,LIMIT,1701939726048,29104,0.0014256
1000PEPEUSDT,SELL,LIMIT,1701939873302,907612,0.0014265
1000PEPEUSDT,SELL,LIMIT,1701939878025,42727,0.0014252
1000PEPEUSDT,SELL,LIMIT,1701939893295,974658,0.0014256
1000PEPEUSDT,SELL,LIMIT,1701939929373,3790,0.0014251
1000PEPEUSDT,SELL,LIMIT,1701939963126,133518,0.0014245
1000PEPEUSDT,SELL,LIMIT,1701939966043,55662,0.0014242
1000PEPEUSDT,SELL,LIMIT,1701939967347,34627,0.0014236
1000PEPEUSDT,SELL,LIMIT,1701939969063,91496,0.0014230
1000PEPEUSDT,SELL,LIMIT,1701939971079,133797,0.0014207
1000PEPEUSDT,SELL,LIMIT,1701939972266,168847,0.0014201
1000PEPEUSDT,SELL,LIMIT,1701939973576,21250,0.0014194
1000PEPEUSDT,SELL,LIMIT,1701940013764,7267,0.0014182
1000PEPEUSDT,SELL,LIMIT,1701940015144,317420,0.0014182
1000PEPEUSDT,SELL,LIMIT,1701940020097,3967114,0.0014167
1000PEPEUSDT,SELL,LIMIT,1701940022670,1195945,0.0014167
1000PEPEUSDT,SELL,LIMIT,1701940024144,254631,0.0014161
1000PEPEUSDT,SELL,LIMIT,1701940025248,2079091,0.0014159
1000PEPEUSDT,SELL,LIMIT,1701940027182,87683,0.0014153
1000PEPEUSDT,SELL,LIMIT,1701940031505,21704,0.0014151
1000PEPEUSDT,SELL,LIMIT,1701940051989,50021,0.0014166
1000PEPEUSDT,BUY,LIMIT,1701940082513,78094,0.0014655
1000PEPEUSDT,SELL,LIMIT,1701940406894,229039,0.0014216
1000PEPEUSDT,SELL,LIMIT,1701940545192,257565,0.0014192
1000PEPEUSDT,SELL,LIMIT,1701940554788,10559,0.0014260
1000PEPEUSDT,SELL,LIMIT,1701940557252,1590389,0.0014185
1000PEPEUSDT,SELL,LIMIT,1701940559126,501736,0.0014171
1000PEPEUSDT,SELL,LIMIT,1701940560311,209224,0.0014171
1000PEPEUSDT,SELL,LIMIT,1701940561713,318076,0.0014166
1000PEPEUSDT,SELL,LIMIT,1701940563074,159122,0.0014157
1000PEPEUSDT,SELL,LIMIT,1701940564131,359478,0.0014148
1000PEPEUSDT,SELL,LIMIT,1701940565155,3208137,0.0014156
1000PEPEUSDT,SELL,LIMIT,1701940568327,244440,0.0014147
1000PEPEUSDT,SELL,LIMIT,1701940570819,286337,0.0014145
1000PEPEUSDT,SELL,LIMIT,1701940674475,954260,0.0014147
1000PEPEUSDT,SELL,LIMIT,1701940727676,275862,0.0014141
1000PEPEUSDT,SELL,LIMIT,1701941066173,98168,0.0014193
1000PEPEUSDT,SELL,LIMIT,1701941081767,112994,0.0014162
1000PEPEUSDT,SELL,LIMIT,1701941085935,14670,0.0014176
1000PEPEUSDT,SELL,LIMIT,1701941111433,14997,0.0014170
1000PEPEUSDT,SELL,LIMIT,1701941146709,3271,0.0014162
1000PEPEUSDT,SELL,LIMIT,1701941151581,429626,0.0014185
1000PEPEUSDT,SELL,LIMIT,1701941153828,254227,0.0014149
1000PEPEUSDT,SELL,LIMIT,1701941156441,2975679,0.0014139
1000PEPEUSDT,SELL,LIMIT,1701941158527,428816,0.0014129
1000PEPEUSDT,SELL,LIMIT,1701941160133,2838676,0.0014127
1000PEPEUSDT,SELL,LIMIT,1701941161607,6904,0.0014123
1000PEPEUSDT,SELL,LIMIT,1701941166171,126074,0.0014235
1000PEPEUSDT,SELL,LIMIT,1701941175765,7833,0.0014116
1000PEPEUSDT,SELL,LIMIT,1701941178239,50000,0.0014121
1000PEPEUSDT,SELL,LIMIT,1701941179368,873376,0.0014116
1000PEPEUSDT,SELL,LIMIT,1701941180545,163419,0.0014110
1000PEPEUSDT,SELL,LIMIT,1701941181704,1555981,0.0014086
1000PEPEUSDT,SELL,LIMIT,1701941183532,32778,0.0014142
1000PEPEUSDT,SELL,LIMIT,1701941184924,1767440,0.0021433
1000PEPEUSDT,SELL,LIMIT,1701941187250,2913049,0.0014102
1000PEPEUSDT,SELL,LIMIT,1701941188348,37746,0.0014370
1000PEPEUSDT,SELL,LIMIT,1701941189478,23164059,0.0013961
1000PEPEUSDT,SELL,LIMIT,1701941193194,604744,0.0014063
1000PEPEUSDT,SELL,LIMIT,1701941234655,10838,0.0014110
1000PEPEUSDT,SELL,LIMIT,1701941235995,23339,0.0014058
1000PEPEUSDT,SELL,LIMIT,1701941237301,1700000,0.0014053
1000PEPEUSDT,SELL,LIMIT,1701941238448,132548,0.0014053
1000PEPEUSDT,SELL,LIMIT,1701941240196,30511,0.0014060
1000PEPEUSDT,SELL,LIMIT,1701941242481,172491,0.0014053
1000PEPEUSDT,SELL,LIMIT,1701941244044,1426995,0.0014038
1000PEPEUSDT,SELL,LIMIT,1701941245068,1023330,0.0014033
1000PEPEUSDT,SELL,LIMIT,1701941246454,246878,0.0014028
1000PEPEUSDT,SELL,LIMIT,1701941247646,1355105,0.0014022
1000PEPEUSDT,SELL,LIMIT,1701941282919,1667946,0.0014020
1000PEPEUSDT,SELL,LIMIT,1701941302406,427408,0.0014014
1000PEPEUSDT,SELL,LIMIT,1701941346503,3537106,0.0014007
1000PEPEUSDT,BUY,LIMIT,1701941486045,352112,0.0014522
1000PEPEUSDT,BUY,LIMIT,1701941491373,701262,0.0014534
1000PEPEUSDT,BUY,LIMIT,1701941536037,16697,0.0014592
1000PEPEUSDT,BUY,LIMIT,1701941547579,2155638,0.0014620
1000PEPEUSDT,BUY,LIMIT,1701941585385,436841,0.0014635
1000PEPEUSDT,BUY,LIMIT,1701941729434,32984,0.0014658
1000PEPEUSDT,BUY,LIMIT,1701941766456,14609,0.0014686
1000PEPEUSDT,BUY,LIMIT,1701942127806,508701,0.0014667
1000PEPEUSDT,BUY,LIMIT,1701942351195,660881,0.0014740
1000PEPEUSDT,BUY,LIMIT,1701942377343,34482,0.0014786
1000PEPEUSDT,BUY,LIMIT,1701942661889,70878,0.0014842
1000PEPEUSDT,BUY,LIMIT,1701942664273,258509,0.0014848
1000PEPEUSDT,SELL,LIMIT,1701942883339,20663,0.0014315
1000PEPEUSDT,SELL,LIMIT,1701942905260,147033,0.0014299
1000PEPEUSDT,SELL,LIMIT,1701942906378,1713502,0.0014300
1000PEPEUSDT,SELL,LIMIT,1701942940095,15553,0.0014276
1000PEPEUSDT,SELL,LIMIT,1701943194486,119795,0.0014227
1000PEPEUSDT,SELL,LIMIT,1701943207353,663375,0.0014224
1000PEPEUSDT,SELL,LIMIT,1701943211408,78788,0.0014210
1000PEPEUSDT,SELL,LIMIT,1701943492212,1182069,0.0014178
1000PEPEUSDT,SELL,LIMIT,1701943639787,347222,0.0014116
1000PEPEUSDT,SELL,LIMIT,1701943655240,162431,0.0014102
1000PEPEUSDT,SELL,LIMIT,1701943679474,895904,0.0014088
1000PEPEUSDT,SELL,LIMIT,1701943687919,330539,0.0014086
1000PEPEUSDT,BUY,LIMIT,1701943803007,328851,0.0014598
1000PEPEUSDT,BUY,LIMIT,1701944714208,348675,0.0014624
1000PEPEUSDT,BUY,LIMIT,1701944796293,3464157,0.0014645
1000PEPEUSDT,BUY,LIMIT,1701944838063,3071904,0.0014655
1000PEPEUSDT,BUY,LIMIT,1701944876106,17339,0.0014628
1000PEPEUSDT,BUY,LIMIT,1701945243770,445010,0.0014708
1000PEPEUSDT,SELL,LIMIT,1701946439342,19058,0.0014191
1000PEPEUSDT,SELL,LIMIT,1701946474787,36032,0.0014176
1000PEPEUSDT,SELL,LIMIT,1701946479662,347487,0.0014172
1000PEPEUSDT,SELL,LIMIT,1701946486272,140684,0.0014171
1000PEPEUSDT,BUY,LIMIT,1701946859122,15740,0.0014690
1000PEPEUSDT,BUY,LIMIT,1701948148086,108996,0.0014776
1000PEPEUSDT,SELL,LIMIT,1701948630088,68690,0.0014262
1000PEPEUSDT,SELL,LIMIT,1701948736131,990166,0.0014244
1000PEPEUSDT,SELL,LIMIT,1701948740923,1233866,0.0014238
1000PEPEUSDT,SELL,LIMIT,1701948864003,105089,0.0014207
1000PEPEUSDT,SELL,LIMIT,1701949673025,518674,0.0014138
1000PEPEUSDT,BUY,LIMIT,1701950638850,15000,0.0014568
1000PEPEUSDT,BUY,LIMIT,1701951087370,4220,0.0014685
1000PEPEUSDT,BUY,LIMIT,1701951100311,24290,0.0014692
1000PEPEUSDT,BUY,LIMIT,1701951282256,54247,0.0014717
1000PEPEUSDT,BUY,LIMIT,1701951319018,3470776,0.0014688
1000PEPEUSDT,BUY,LIMIT,1701951324769,147278,0.0014706
1000PEPEUSDT,BUY,LIMIT,1701951340958,1039356,0.0014723
1000PEPEUSDT,SELL,LIMIT,1701951575399,27176,0.0014226
1000PEPEUSDT,SELL,LIMIT,1701951614051,6684,0.0014282
1000PEPEUSDT,BUY,LIMIT,1701952262976,6842,0.0014758
1000PEPEUSDT,BUY,LIMIT,1701952295144,25308,0.0014765
1000PEPEUSDT,BUY,LIMIT,1701952297224,47888,0.0014765
1000PEPEUSDT,BUY,LIMIT,1701953211487,14075,0.0014757
1000PEPEUSDT,BUY,LIMIT,1701953743205,481584,0.0014795
1000PEPEUSDT,BUY,LIMIT,1701953748441,14391,0.0014798
1000PEPEUSDT,BUY,LIMIT,1701953989064,3754,0.0014830
1000PEPEUSDT,BUY,LIMIT,1701954006975,415494,0.0014861
1000PEPEUSDT,BUY,LIMIT,1701954050911,21331,0.0014875
1000PEPEUSDT,BUY,LIMIT,1701954116671,50455,0.0014919
1000PEPEUSDT,SELL,LIMIT,1701954404861,399117,0.0014385
1000PEPEUSDT,SELL,LIMIT,1701954799508,261180,0.0014312
1000PEPEUSDT,SELL,LIMIT,1701954871786,1288461,0.0014304
1000PEPEUSDT,SELL,LIMIT,1701954876408,157545,0.0014299
1000PEPEUSDT,BUY,LIMIT,1701956226947,107661,0.0014769
1000PEPEUSDT,SELL,LIMIT,1701956612962,205789,0.0014290
1000PEPEUSDT,SELL,LIMIT,1701956689721,11664,0.0014238
1000PEPEUSDT,SELL,LIMIT,1701956892288,132255,0.0014236
1000PEPEUSDT,SELL,LIMIT,1701956898328,464094,0.0014232
1000PEPEUSDT,SELL,LIMIT,1701956913654,361773,0.0014218
1000PEPEUSDT,SELL,LIMIT,1701957032271,3537,0.0014212
1000PEPEUSDT,SELL,LIMIT,1701957036299,44820,0.0014198
1000PEPEUSDT,SELL,LIMIT,1701957050793,655025,0.0014179
1000PEPEUSDT,SELL,LIMIT,1701957052456,253919,0.0014174
1000PEPEUSDT,SELL,LIMIT,1701957082746,1211072,0.0014165
1000PEPEUSDT,BUY,LIMIT,1701957586091,386414,0.0014696
1000PEPEUSDT,BUY,LIMIT,1701958296290,422145,0.0014727
1000PEPEUSDT,SELL,LIMIT,1701958801077,349284,0.0014211
1000PEPEUSDT,SELL,LIMIT,1701958806208,601951,0.0014200
1000PEPEUSDT,BUY,LIMIT,1701959184149,34765,0.0014647
1000PEPEUSDT,BUY,LIMIT,1701959675309,11407,0.0014787
1000PEPEUSDT,BUY,LIMIT,1701959726789,776453,0.0014826
1000PEPEUSDT,BUY,LIMIT,1701959728947,22731,0.0014830
1000PEPEUSDT,BUY,LIMIT,1701959757093,230769,0.0014848
1000PEPEUSDT,SELL,LIMIT,1701960354510,5622,0.0014281
1000PEPEUSDT,SELL,LIMIT,1701960466319,524693,0.0014264
1000PEPEUSDT,SELL,LIMIT,1701960467468,515463,0.0014263
1000PEPEUSDT,BUY,LIMIT,1701960992490,466813,0.0014826
1000PEPEUSDT,BUY,LIMIT,1701961025231,68605,0.0014864
1000PEPEUSDT,BUY,LIMIT,1701961027779,33283,0.0014868
1000PEPEUSDT,BUY,LIMIT,1701961038336,104499,0.0014877
1000PEPEUSDT,BUY,LIMIT,1701961075323,13732,0.0014881
1000PEPEUSDT,BUY,LIMIT,1701961116887,264935,0.0014878
1000PEPEUSDT,BUY,LIMIT,1701961409837,182341,0.0014936
1000PEPEUSDT,BUY,LIMIT,1701961416155,41515,0.0014946
1000PEPEUSDT,BUY,LIMIT,1701961427459,118401,0.0014956
1000PEPEUSDT,BUY,LIMIT,1701961428800,64710,0.0014959
1000PEPEUSDT,BUY,LIMIT,1701961489081,139345,0.0014967
1000PEPEUSDT,SELL,LIMIT,1701961910345,1735361,0.0014396
1000PEPEUSDT,BUY,LIMIT,1701962390448,112255,0.0014917
1000PEPEUSDT,BUY,LIMIT,1701962409405,1151584,0.0014961
1000PEPEUSDT,BUY,LIMIT,1701962471894,165036,0.0014963
1000PEPEUSDT,BUY,LIMIT,1701962522455,75104,0.0014982
1000PEPEUSDT,BUY,LIMIT,1701962621347,17617,0.0015035
1000PEPEUSDT,BUY,LIMIT,1701962629719,292022,0.0015054
1000PEPEUSDT,BUY,LIMIT,1701962636310,106565,0.0015059
1000PEPEUSDT,BUY,LIMIT,1701962637693,774390,0.0015069
1000PEPEUSDT,BUY,LIMIT,1701962644294,4719,0.0015091
1000PEPEUSDT,BUY,LIMIT,1701962683155,516280,0.0015115
1000PEPEUSDT,BUY,LIMIT,1701962684402,437816,0.0015106
1000PEPEUSDT,BUY,LIMIT,1701962690168,258999,0.0015138
1000PEPEUSDT,BUY,LIMIT,1701962699117,693000,0.0015148
1000PEPEUSDT,BUY,LIMIT,1701962761663,6673,0.0015101
1000PEPEUSDT,BUY,LIMIT,1701962774230,595028,0.0015153
1000PEPEUSDT,BUY,LIMIT,1701962775918,145772,0.0015172
1000PEPEUSDT,BUY,LIMIT,1701962784203,1199579,0.0015182
1000PEPEUSDT,BUY,LIMIT,1701963032379,39470,0.0015195
1000PEPEUSDT,BUY,LIMIT,1701963036411,27446,0.0015198
1000PEPEUSDT,BUY,LIMIT,1701963045191,11062,0.0015221
1000PEPEUSDT,BUY,LIMIT,1701963047090,23837,0.0015241
1000PEPEUSDT,BUY,LIMIT,1701963048288,153859,0.0015247
1000PEPEUSDT,BUY,LIMIT,1701963057307,206469,0.0015253
1000PEPEUSDT,BUY,LIMIT,1701963071150,1093724,0.0015281
1000PEPEUSDT,BUY,LIMIT,1701963093574,206337,0.0015290
1000PEPEUSDT,BUY,LIMIT,1701963094797,359811,0.0015312
1000PEPEUSDT,SELL,LIMIT,1701964057242,9488,0.0014685
1000PEPEUSDT,SELL,LIMIT,1701964148690,1481817,0.0014677
1000PEPEUSDT,SELL,LIMIT,1701964149755,41654,0.0014675
1000PEPEUSDT,BUY,LIMIT,1701964157600,11988,0.0015251
1000PEPEUSDT,BUY,LIMIT,1701964192994,708869,0.0015296
1000PEPEUSDT,BUY,LIMIT,1701964195394,29920,0.0015305
1000PEPEUSDT,BUY,LIMIT,1701964228440,13690,0.0015327
1000PEPEUSDT,BUY,LIMIT,1701964233964,106086,0.0015357
1000PEPEUSDT,BUY,LIMIT,1701964237224,66277,0.0015373
1000PEPEUSDT,BUY,LIMIT,1701964238549,421542,0.0015359
1000PEPEUSDT,BUY,LIMIT,1701964251777,166491,0.0015378
1000PEPEUSDT,BUY,LIMIT,1701964260798,266026,0.0015388
1000PEPEUSDT,BUY,LIMIT,1701964267612,455976,0.0015407
1000PEPEUSDT,BUY,LIMIT,1701964402388,663683,0.0015277
1000PEPEUSDT,SELL,LIMIT,1701964724288,832472,0.0015052
1000PEPEUSDT,SELL,LIMIT,1701964771648,847630,0.0015025
1000PEPEUSDT,SELL,LIMIT,1701964820074,854787,0.0014925
1000PEPEUSDT,SELL,LIMIT,1701964897593,42862,0.0014851
1000PEPEUSDT,SELL,LIMIT,1701964906520,114747,0.0014833
1000PEPEUSDT,SELL,LIMIT,1701965000199,203947,0.0014840
1000PEPEUSDT,SELL,LIMIT,1701965300869,8221645,0.0014652
1000PEPEUSDT,BUY,LIMIT,1701965538291,94370,0.0015398
1000PEPEUSDT,BUY,LIMIT,1701965571636,1694916,0.0015439
1000PEPEUSDT,BUY,LIMIT,1701965581304,154562,0.0015455
1000PEPEUSDT,BUY,LIMIT,1701965582309,341882,0.0015457
1000PEPEUSDT,BUY,LIMIT,1701965584059,898636,0.0015462
1000PEPEUSDT,BUY,LIMIT,1701965620307,169488,0.0015489
1000PEPEUSDT,SELL,LIMIT,1701965939460,6625,0.0014806
1000PEPEUSDT,SELL,LIMIT,1701965956136,779501,0.0014778
1000PEPEUSDT,BUY,LIMIT,1701966035796,24078,0.0015299
1000PEPEUSDT,BUY,LIMIT,1701966163403,1504882,0.0015405
1000PEPEUSDT,BUY,LIMIT,1701966228368,176468,0.0015423
1000PEPEUSDT,BUY,LIMIT,1701966503332,906530,0.0015582
1000PEPEUSDT,BUY,LIMIT,1701966508114,50600,0.0015586
1000PEPEUSDT,BUY,LIMIT,1701966527100,12418,0.0015610
1000PEPEUSDT,BUY,LIMIT,1701966528512,349101,0.0015601
1000PEPEUSDT,BUY,LIMIT,1701966638694,9222,0.0015672
1000PEPEUSDT,BUY,LIMIT,1701966640654,60000,0.0015709
1000PEPEUSDT,BUY,LIMIT,1701966642828,668807,0.0015716
1000PEPEUSDT,BUY,LIMIT,1701966643963,19464,0.0015740
1000PEPEUSDT,BUY,LIMIT,1701966657015,1295676,0.0015748
1000PEPEUSDT,BUY,LIMIT,1701966665562,144656,0.0015770
1000PEPEUSDT,BUY,LIMIT,1701966691142,30000,0.0015797
1000PEPEUSDT,BUY,LIMIT,1701966760160,205880,0.0015811
1000PEPEUSDT,BUY,LIMIT,1701966767274,958266,0.0015833
1000PEPEUSDT,BUY,LIMIT,1701966773188,34717,0.0015837
1000PEPEUSDT,BUY,LIMIT,1701966774284,373309,0.0015872
1000PEPEUSDT,BUY,LIMIT,1701966779097,256410,0.0015908
1000PEPEUSDT,BUY,LIMIT,1701966783151,67458,0.0015909
1000PEPEUSDT,BUY,LIMIT,1701966786291,73258,0.0015909
1000PEPEUSDT,BUY,LIMIT,1701966787361,101018,0.0015913
1000PEPEUSDT,BUY,LIMIT,1701966788459,6881,0.0015931
1000PEPEUSDT,BUY,LIMIT,1701966790696,381184,0.0015943
1000PEPEUSDT,BUY,LIMIT,1701966792194,32892,0.0015956
1000PEPEUSDT,BUY,LIMIT,1701966802015,59797,0.0015964
1000PEPEUSDT,BUY,LIMIT,1701966809663,287531,0.0016002
1000PEPEUSDT,BUY,LIMIT,1701966813890,208229,0.0016019
1000PEPEUSDT,BUY,LIMIT,1701966816106,346522,0.0016021
1000PEPEUSDT,BUY,LIMIT,1701966817228,481052,0.0016032
1000PEPEUSDT,BUY,LIMIT,1701966832457,4343258,0.0016103
1000PEPEUSDT,BUY,LIMIT,1701966842966,522316,0.0016121
1000PEPEUSDT,BUY,LIMIT,1701966846109,3478260,0.0016147
1000PEPEUSDT,BUY,LIMIT,1701966850166,2412739,0.0016130
1000PEPEUSDT,BUY,LIMIT,1701966858831,335876,0.0016159
1000PEPEUSDT,BUY,LIMIT,1701966861886,41623,0.0016164
1000PEPEUSDT,BUY,LIMIT,1701966865156,301529,0.0016192
1000PEPEUSDT,BUY,LIMIT,1701966866603,20406,0.0016201
1000PEPEUSDT,BUY,LIMIT,1701966867953,211844,0.0016204
1000PEPEUSDT,BUY,LIMIT,1701966877573,24783,0.0016223
1000PEPEUSDT,BUY,LIMIT,1701966879500,87348,0.0016244
1000PEPEUSDT,BUY,LIMIT,1701966899044,6769,0.0016250
1000PEPEUSDT,BUY,LIMIT,1701966900391,4475658,0.0016273
1000PEPEUSDT,SELL,LIMIT,1701966914433,53652,0.0015644
1000PEPEUSDT,BUY,LIMIT,1701966960234,20337,0.0016266
1000PEPEUSDT,BUY,LIMIT,1701966962089,24327,0.0016272
1000PEPEUSDT,BUY,LIMIT,1701967144140,130875,0.0016243
1000PEPEUSDT,BUY,LIMIT,1701967168113,25677,0.0016317
1000PEPEUSDT,BUY,LIMIT,1701967169234,2078174,0.0016279
1000PEPEUSDT,BUY,LIMIT,1701967170362,74868,0.0016321
1000PEPEUSDT,BUY,LIMIT,1701967175760,3000000,0.0016359
1000PEPEUSDT,BUY,LIMIT,1701967176940,67199,0.0016373
1000PEPEUSDT,BUY,LIMIT,1701967178234,417333,0.0016386
1000PEPEUSDT,BUY,LIMIT,1701967180207,98008,0.0016404
1000PEPEUSDT,BUY,LIMIT,1701967204591,4368,0.0016419
1000PEPEUSDT,BUY,LIMIT,1701967211769,2752813,0.0016426
1000PEPEUSDT,BUY,LIMIT,1701967217257,70343,0.0016443
1000PEPEUSDT,BUY,LIMIT,1701967244092,176226,0.0016468
1000PEPEUSDT,SELL,LIMIT,1701967324901,12278,0.0015759
1000PEPEUSDT,BUY,LIMIT,1701967370685,228955,0.0016289
1000PEPEUSDT,BUY,LIMIT,1701967372875,3260,0.0016291
1000PEPEUSDT,BUY,LIMIT,1701967817115,3008644,0.0016336
1000PEPEUSDT,BUY,LIMIT,1701967819187,3938,0.0016405
1000PEPEUSDT,BUY,LIMIT,1701967821065,6607,0.0016470
1000PEPEUSDT,BUY,LIMIT,1701967822551,9757,0.0016487
1000PEPEUSDT,BUY,LIMIT,1701967823640,409350,0.0016532
1000PEPEUSDT,BUY,LIMIT,1701967825388,903397,0.0016565
1000PEPEUSDT,BUY,LIMIT,1701967832205,6740,0.0016576
1000PEPEUSDT,BUY,LIMIT,1701967835151,6552,0.0016600
1000PEPEUSDT,BUY,LIMIT,1701967840353,141127,0.0016618
1000PEPEUSDT,BUY,LIMIT,1701967846533,16373830,0.0016739
1000PEPEUSDT,BUY,LIMIT,1701967851248,892181,0.0016701
1000PEPEUSDT,BUY,LIMIT,1701967852552,150000,0.0016728
1000PEPEUSDT,BUY,LIMIT,1701967853584,279726,0.0016724
1000PEPEUSDT,BUY,LIMIT,1701967858955,13147,0.0016742
1000PEPEUSDT,SELL,LIMIT,1701967928559,580075,0.0016039
1000PEPEUSDT,SELL,LIMIT,1701967947134,3042803,0.0016009
1000PEPEUSDT,SELL,LIMIT,1701967990286,257627,0.0015931
1000PEPEUSDT,BUY,LIMIT,1701968111978,100000,0.0016463
1000PEPEUSDT,SELL,LIMIT,1701968227250,525044,0.0015847
1000PEPEUSDT,SELL,LIMIT,1701968229012,3836,0.0015834
1000PEPEUSDT,SELL,LIMIT,1701968244788,1362392,0.0015812
1000PEPEUSDT,SELL,LIMIT,1701968248905,303612,0.0015810
1000PEPEUSDT,SELL,LIMIT,1701968274840,27132,0.0015763
1000PEPEUSDT,SELL,LIMIT,1701968334207,1654313,0.0015725
1000PEPEUSDT,SELL,LIMIT,1701968446031,4539,0.0015710
1000PEPEUSDT,SELL,LIMIT,1701968457481,937500,0.0015685
1000PEPEUSDT,SELL,LIMIT,1701968479223,39043,0.0015664
1000PEPEUSDT,SELL,LIMIT,1701968488322,755696,0.0015652
1000PEPEUSDT,SELL,LIMIT,1701968574506,6421,0.0015608
1000PEPEUSDT,SELL,LIMIT,1701968662052,130996,0.0015573
1000PEPEUSDT,SELL,LIMIT,1701968672886,1185661,0.0015565
1000PEPEUSDT,SELL,LIMIT,1701968674594,563447,0.0015555
1000PEPEUSDT,SELL,LIMIT,1701968694512,823987,0.0015496
1000PEPEUSDT,SELL,LIMIT,1701968696168,3000000,0.0015478
1000PEPEUSDT,BUY,LIMIT,1701969228147,24071,0.0016136
1000PEPEUSDT,BUY,LIMIT,1701969235081,1012073,0.0016156
1000PEPEUSDT,BUY,LIMIT,1701969294478,24706,0.0016226
1000PEPEUSDT,BUY,LIMIT,1701969305887,158707,0.0016283
1000PEPEUSDT,BUY,LIMIT,1701969325135,73163,0.0016324
1000PEPEUSDT,SELL,LIMIT,1701969357843,558790,0.0015781
1000PEPEUSDT,BUY,LIMIT,1701969415388,4604,0.0016293
1000PEPEUSDT,BUY,LIMIT,1701969416413,23073,0.0016315
1000PEPEUSDT,BUY,LIMIT,1701969523292,660000,0.0016365
1000PEPEUSDT,BUY,LIMIT,1701969611295,1221495,0.0016412
1000PEPEUSDT,BUY,LIMIT,1701969616365,14039,0.0016427
1000PEPEUSDT,SELL,LIMIT,1701969692408,10960,0.0015898
1000PEPEUSDT,SELL,LIMIT,1701969694535,30862,0.0015905
1000PEPEUSDT,SELL,LIMIT,1701970028251,4396,0.0015855
1000PEPEUSDT,SELL,LIMIT,1701970046531,68610,0.0015840
1000PEPEUSDT,SELL,LIMIT,1701970216301,156594,0.0015824
1000PEPEUSDT,SELL,LIMIT,1701970221737,169194,0.0015814
1000PEPEUSDT,SELL,LIMIT,1701970268211,5124,0.0015780
1000PEPEUSDT,SELL,LIMIT,1701970322438,52023,0.0015740
1000PEPEUSDT,SELL,LIMIT,1701970326099,36307,0.0015732
1000PEPEUSDT,SELL,LIMIT,1701970483770,2816211,0.0015700
1000PEPEUSDT,BUY,LIMIT,1701970686655,329608,0.0016237
1000PEPEUSDT,SELL,LIMIT,1701970768098,3154,0.0015647
1000PEPEUSDT,SELL,LIMIT,1701970771942,281149,0.0015644
1000PEPEUSDT,SELL,LIMIT,1701970802327,348669,0.0015626
1000PEPEUSDT,SELL,LIMIT,1701970921057,135888,0.0015600
1000PEPEUSDT,SELL,LIMIT,1701970930083,2745960,0.0015567
1000PEPEUSDT,SELL,LIMIT,1701970931097,57206,0.0015572
1000PEPEUSDT,SELL,LIMIT,1701970935939,3775,0.0015549
1000PEPEUSDT,SELL,LIMIT,1701971050335,1198260,0.0015454
1000PEPEUSDT,SELL,LIMIT,1701971059352,50000,0.0015442
1000PEPEUSDT,SELL,LIMIT,1701971361944,167947,0.0015424
1000PEPEUSDT,SELL,LIMIT,1701971364291,338968,0.0015422
1000PEPEUSDT,SELL,LIMIT,1701971366686,27813,0.0015412
1000PEPEUSDT,SELL,LIMIT,1701971368796,1279533,0.0015399
1000PEPEUSDT,SELL,LIMIT,1701971375827,72598,0.0015382
1000PEPEUSDT,SELL,LIMIT,1701971377285,2485235,0.0015376
1000PEPEUSDT,BUY,LIMIT,1701971408194,3205128,0.0015918
1000PEPEUSDT,SELL,LIMIT,1701972087517,3645,0.0015505
1000PEPEUSDT,SELL,LIMIT,1701972089374,3157579,0.0015503
1000PEPEUSDT,SELL,LIMIT,1701972352242,444480,0.0015431
1000PEPEUSDT,SELL,LIMIT,1701972379526,3173822,0.0015420
1000PEPEUSDT,SELL,LIMIT,1701972833487,1330237,0.0015373
1000PEPEUSDT,SELL,LIMIT,1701972905309,893253,0.0015347
1000PEPEUSDT,SELL,LIMIT,1701972922161,822456,0.0015328
1000PEPEUSDT,SELL,LIMIT,1701972940821,114454,0.0015329
1000PEPEUSDT,SELL,LIMIT,1701972944338,176238,0.0015322
1000PEPEUSDT,SELL,LIMIT,1701974056763,34232,0.0015412
1000PEPEUSDT,SELL,LIMIT,1701974106550,1498803,0.0015309
1000PEPEUSDT,SELL,LIMIT,1701974263221,680017,0.0015305
1000PEPEUSDT,SELL,LIMIT,1701974266940,3555,0.0015298
1000PEPEUSDT,SELL,LIMIT,1701974269010,42197,0.0015296
1000PEPEUSDT,SELL,LIMIT,1701974272261,98607,0.0015286
1000PEPEUSDT,SELL,LIMIT,1701974303071,122452,0.0015382
1000PEPEUSDT,SELL,LIMIT,1701974383123,1257951,0.0015255
1000PEPEUSDT,BUY,LIMIT,1701974811560,601593,0.0015855
1000PEPEUSDT,BUY,LIMIT,1701974847039,23061,0.0015875
1000PEPEUSDT,BUY,LIMIT,1701974876087,162059,0.0015908
1000PEPEUSDT,BUY,LIMIT,1701975001077,53877,0.0015932
1000PEPEUSDT,SELL,LIMIT,1701975303585,20562,0.0015361
1000PEPEUSDT,SELL,LIMIT,1701975313018,8029,0.0015340
1000PEPEUSDT,SELL,LIMIT,1701975316197,645857,0.0015334
1000PEPEUSDT,SELL,LIMIT,1701975774095,1308947,0.0015231
1000PEPEUSDT,SELL,LIMIT,1701975782195,21619,0.0015218
1000PEPEUSDT,SELL,LIMIT,1701975783684,1491210,0.0015205
1000PEPEUSDT,SELL,LIMIT,1701975802734,238147,0.0015194
1000PEPEUSDT,SELL,LIMIT,1701975816115,819720,0.0015155
1000PEPEUSDT,SELL,LIMIT,1701976032941,1383443,0.0015138
1000PEPEUSDT,SELL,LIMIT,1701976044591,6535,0.0015129
1000PEPEUSDT,SELL,LIMIT,1701976277280,6135587,0.0015096
1000PEPEUSDT,SELL,LIMIT,1701976312343,6172,0.0015112
1000PEPEUSDT,SELL,LIMIT,1701976313756,157232,0.0015110
1000PEPEUSDT,SELL,LIMIT,1701976329037,10267995,0.0015028
1000PEPEUSDT,SELL,LIMIT,1701976454150,1135341,0.0015087
1000PEPEUSDT,SELL,LIMIT,1701976456972,346588,0.0015080
1000PEPEUSDT,SELL,LIMIT,1701976483099,457839,0.0015005
1000PEPEUSDT,SELL,LIMIT,1701976484354,128705,0.0015030
1000PEPEUSDT,SELL,LIMIT,1701976511742,3104114,0.0014977
1000PEPEUSDT,SELL,LIMIT,1701976712958,16221,0.0014962
1000PEPEUSDT,SELL,LIMIT,1701976814037,305613,0.0014953
1000PEPEUSDT,SELL,LIMIT,1701976816161,635569,0.0014951
1000PEPEUSDT,SELL,LIMIT,1701976860910,4382,0.0014936
1000PEPEUSDT,SELL,LIMIT,1701976886863,38408,0.0014919
1000PEPEUSDT,SELL,LIMIT,1701976951496,5554484,0.0014853
1000PEPEUSDT,SELL,LIMIT,1701976958482,300625,0.0014891
1000PEPEUSDT,SELL,LIMIT,1701976964703,22116,0.0014869
1000PEPEUSDT,SELL,LIMIT,1701977008017,97171,0.0014907
1000PEPEUSDT,SELL,LIMIT,1701977300268,1473391,0.0014921
1000PEPEUSDT,SELL,LIMIT,1701977304696,48768,0.0014878
1000PEPEUSDT,SELL,LIMIT,1701977330166,88093,0.0014851
1000PEPEUSDT,SELL,LIMIT,1701977919074,90500,0.0014881
1000PEPEUSDT,SELL,LIMIT,1701978092459,75761,0.0014901
1000PEPEUSDT,SELL,LIMIT,1701978101237,5841,0.0014861
1000PEPEUSDT,BUY,LIMIT,1701979400343,470224,0.0015427
1000PEPEUSDT,BUY,LIMIT,1701979596453,29634,0.0015465
1000PEPEUSDT,SELL,LIMIT,1701981590062,276079,0.0014953
1000PEPEUSDT,SELL,LIMIT,1701981604361,32104,0.0014947
1000PEPEUSDT,SELL,LIMIT,1701981605402,2825330,0.0014948
1000PEPEUSDT,SELL,LIMIT,1701981609710,35545,0.0014934
1000PEPEUSDT,SELL,LIMIT,1701981621299,460051,0.0014964
1000PEPEUSDT,SELL,LIMIT,1701981626181,919183,0.0014929
1000PEPEUSDT,BUY,LIMIT,1701982050217,5155,0.0015528
1000PEPEUSDT,BUY,LIMIT,1701983896212,524280,0.0015555
1000PEPEUSDT,BUY,LIMIT,1701984197768,346061,0.0015574
1000PEPEUSDT,BUY,LIMIT,1701984200862,4595,0.0015579
1000PEPEUSDT,BUY,LIMIT,1701984203225,656411,0.0015580
1000PEPEUSDT,BUY,LIMIT,1701984770091,18369,0.0015650
1000PEPEUSDT,BUY,LIMIT,1701984782129,295126,0.0015662
1000PEPEUSDT,SELL,LIMIT,1701985883213,779945,0.0015082
1000PEPEUSDT,BUY,LIMIT,1701986448501,6385,0.0015762
1000PEPEUSDT,BUY,LIMIT,1701986540994,3839,0.0015775
1000PEPEUSDT,BUY,LIMIT,1701986952388,10914,0.0015775
1000PEPEUSDT,BUY,LIMIT,1701987325722,4933,0.0015794
1000PEPEUSDT,SELL,LIMIT,1701987516220,674426,0.0015235
1000PEPEUSDT,SELL,LIMIT,1701987580529,3377,0.0015216
1000PEPEUSDT,SELL,LIMIT,1701987603696,128631,0.0015200
1000PEPEUSDT,SELL,LIMIT,1701987677299,102966,0.0015153
1000PEPEUSDT,BUY,LIMIT,1701988139291,117731,0.0015725
1000PEPEUSDT,SELL,LIMIT,1701988374096,2124437,0.0015151
1000PEPEUSDT,SELL,LIMIT,1701988394817,350893,0.0015129
1000PEPEUSDT,SELL,LIMIT,1701988403992,216404,0.0015097
1000PEPEUSDT,SELL,LIMIT,1701988410896,65018,0.0015082
1000PEPEUSDT,SELL,LIMIT,1701988413051,324738,0.0015070
1000PEPEUSDT,SELL,LIMIT,1701988419206,47166,0.0015055
1000PEPEUSDT,SELL,LIMIT,1701988448383,150000,0.0015025
1000PEPEUSDT,SELL,LIMIT,1701988459916,13206,0.0015023
1000PEPEUSDT,SELL,LIMIT,1701988494621,170448,0.0014993
1000PEPEUSDT,SELL,LIMIT,1701988501401,60590,0.0014955
1000PEPEUSDT,SELL,LIMIT,1701988569632,6824,0.0014944
1000PEPEUSDT,SELL,LIMIT,1701988573441,7631,0.0014935
1000PEPEUSDT,SELL,LIMIT,1701988593738,149015,0.0014919
1000PEPEUSDT,SELL,LIMIT,1701988630436,182489,0.0014894
1000PEPEUSDT,SELL,LIMIT,1701988632892,11765,0.0014866
1000PEPEUSDT,SELL,LIMIT,1701990311794,81494,0.0015024
1000PEPEUSDT,SELL,LIMIT,1701991050874,105605,0.0014950
1000PEPEUSDT,SELL,LIMIT,1701991190547,57699,0.0014966
1000PEPEUSDT,SELL,LIMIT,1701991571068,251218,0.0014925
1000PEPEUSDT,BUY,LIMIT,1701994204336,3269683,0.0015597
1000PEPEUSDT,BUY,LIMIT,1701995234087,537686,0.0015600
1000PEPEUSDT,BUY,LIMIT,1701995424001,6953,0.0015614
1000PEPEUSDT,SELL,LIMIT,1701995755956,358539,0.0015069
1000PEPEUSDT,SELL,LIMIT,1701995980461,3260799,0.0015009
1000PEPEUSDT,SELL,LIMIT,1701996287431,2028717,0.0014967
1000PEPEUSDT,SELL,LIMIT,1701996312803,327868,0.0014952
1000PEPEUSDT,SELL,LIMIT,1701996326066,52703,0.0014951
1000PEPEUSDT,SELL,LIMIT,1701996334305,3278985,0.0014941
1000PEPEUSDT,SELL,LIMIT,1701996368419,18318,0.0014912
1000PEPEUSDT,SELL,LIMIT,1701996401998,6829,0.0014905
1000PEPEUSDT,BUY,LIMIT,1701996669612,333337,0.0015506
1000PEPEUSDT,SELL,LIMIT,1701997398064,361105,0.0015028
1000PEPEUSDT,SELL,LIMIT,1701997449086,10546,0.0014970
1000PEPEUSDT,SELL,LIMIT,1701997638100,4557,0.0014897
1000PEPEUSDT,SELL,LIMIT,1701997700124,183645,0.0014885
1000PEPEUSDT,SELL,LIMIT,1701997741218,135545,0.0014861
1000PEPEUSDT,SELL,LIMIT,1701997744292,38644,0.0014857
1000PEPEUSDT,SELL,LIMIT,1701997770344,241937,0.0014824
1000PEPEUSDT,SELL,LIMIT,1701997794766,389434,0.0014811
1000PEPEUSDT,SELL,LIMIT,1701997977356,102334,0.0014829
1000PEPEUSDT,BUY,LIMIT,1701999218927,482313,0.0015579
1000PEPEUSDT,SELL,LIMIT,1702000216703,4062,0.0015081
1000PEPEUSDT,BUY,LIMIT,1702002146552,6784,0.0015554
1000PEPEUSDT,SELL,LIMIT,1702003642404,129031,0.0015131
1000PEPEUSDT,SELL,LIMIT,1702003665361,5325259,0.0015111
1000PEPEUSDT,SELL,LIMIT,1702003712986,1616105,0.0015136
1000PEPEUSDT,SELL,LIMIT,1702003772356,20591,0.0015063
1000PEPEUSDT,BUY,LIMIT,1702005034677,36644,0.0015579
1000PEPEUSDT,SELL,LIMIT,1702005159142,65716,0.0015055
1000PEPEUSDT,BUY,LIMIT,1702005327657,327911,0.0015499
1000PEPEUSDT,BUY,LIMIT,1702005342708,3057136,0.0015556
1000PEPEUSDT,BUY,LIMIT,1702005595001,99603,0.0015657
1000PEPEUSDT,BUY,LIMIT,1702005617022,113292,0.0015679
1000PEPEUSDT,BUY,LIMIT,1702005677653,138868,0.0015680
1000PEPEUSDT,SELL,LIMIT,1702005941687,128722,0.0015173
1000PEPEUSDT,SELL,LIMIT,1702006213676,1222101,0.0015135
1000PEPEUSDT,SELL,LIMIT,1702006217655,107730,0.0015128
1000PEPEUSDT,SELL,LIMIT,1702006329341,1115977,0.0015136
1000PEPEUSDT,SELL,LIMIT,1702007199076,93114,0.0015100
1000PEPEUSDT,SELL,LIMIT,1702007327273,70185,0.0015048
1000PEPEUSDT,SELL,LIMIT,1702007342446,137577,0.0015032
1000PEPEUSDT,SELL,LIMIT,1702007975671,69134,0.0014992
1000PEPEUSDT,SELL,LIMIT,1702008034094,285216,0.0014986
1000PEPEUSDT,SELL,LIMIT,1702008048690,4066,0.0014978
1000PEPEUSDT,SELL,LIMIT,1702008066096,993281,0.0014961
1000PEPEUSDT,BUY,LIMIT,1702008868644,185447,0.0015571
1000PEPEUSDT,SELL,LIMIT,1702009794101,1530931,0.0015191
1000PEPEUSDT,BUY,LIMIT,1702010013976,12070,0.0015667
1000PEPEUSDT,SELL,LIMIT,1702010140199,145387,0.0015124
1000PEPEUSDT,SELL,LIMIT,1702010327917,639,0.0015105
1000PEPEUSDT,SELL,LIMIT,1702011139804,80953,0.0015031
1000PEPEUSDT,BUY,LIMIT,1702011698339,344144,0.0015573
1000PEPEUSDT,BUY,LIMIT,1702012321565,3887,0.0015514
1000PEPEUSDT,BUY,LIMIT,1702012543833,315601,0.0015638
1000PEPEUSDT,BUY,LIMIT,1702012863589,2928371,0.0015694
1000PEPEUSDT,BUY,LIMIT,1702012894046,16260,0.0015704
1000PEPEUSDT,BUY,LIMIT,1702013089383,578788,0.0015717
1000PEPEUSDT,BUY,LIMIT,1702013157561,25715,0.0015742
1000PEPEUSDT,BUY,LIMIT,1702013210675,26283,0.0015775
1000PEPEUSDT,BUY,LIMIT,1702013287467,143053,0.0015815
1000PEPEUSDT,BUY,LIMIT,1702013313487,2731434,0.0015847
1000PEPEUSDT,SELL,LIMIT,1702013510638,798517,0.0015336
1000PEPEUSDT,SELL,LIMIT,1702013515049,45790,0.0015331
1000PEPEUSDT,BUY,LIMIT,1702013791270,33284,0.0015799
1000PEPEUSDT,SELL,LIMIT,1702014061581,804065,0.0015240
1000PEPEUSDT,SELL,LIMIT,1702014158346,10510,0.0015233
1000PEPEUSDT,BUY,LIMIT,1702014511815,18333,0.0015763
1000PEPEUSDT,SELL,LIMIT,1702015397480,4217,0.0015171
1000PEPEUSDT,BUY,LIMIT,1702016064770,20000,0.0015809
1000PEPEUSDT,BUY,LIMIT,1702016094173,392135,0.0015782
1000PEPEUSDT,SELL,LIMIT,1702016661062,129095,0.0015311
1000PEPEUSDT,SELL,LIMIT,1702017252977,1888309,0.0015242
1000PEPEUSDT,SELL,LIMIT,1702017569706,250337,0.0015224
1000PEPEUSDT,BUY,LIMIT,1702018715246,5055,0.0015788
1000PEPEUSDT,SELL,LIMIT,1702019039982,57822,0.0015229
1000PEPEUSDT,SELL,LIMIT,1702019200011,3302,0.0015184
1000PEPEUSDT,SELL,LIMIT,1702019226441,18695,0.0015164
1000PEPEUSDT,SELL,LIMIT,1702019863092,2815466,0.0015100
1000PEPEUSDT,SELL,LIMIT,1702019868327,25023,0.0015094
1000PEPEUSDT,SELL,LIMIT,1702019879412,38826,0.0015078
1000PEPEUSDT,SELL,LIMIT,1702019924780,10247,0.0015054
1000PEPEUSDT,SELL,LIMIT,1702020046301,77614,0.0015038
1000PEPEUSDT,SELL,LIMIT,1702020048967,70011,0.0015026
1000PEPEUSDT,SELL,LIMIT,1702020050204,3169170,0.0015021
1000PEPEUSDT,SELL,LIMIT,1702020055092,31980,0.0015011
1000PEPEUSDT,SELL,LIMIT,1702020057140,1200000,0.0014983
1000PEPEUSDT,SELL,LIMIT,1702020063144,3342,0.0014963
1000PEPEUSDT,SELL,LIMIT,1702020199504,3239181,0.0014942
1000PEPEUSDT,SELL,LIMIT,1702020201509,3200,0.0014937
1000PEPEUSDT,SELL,LIMIT,1702020212187,26268,0.0014935
1000PEPEUSDT,SELL,LIMIT,1702020223528,193012,0.0015288
1000PEPEUSDT,SELL,LIMIT,1702020599440,712324,0.0014912
1000PEPEUSDT,SELL,LIMIT,1702020636532,1525134,0.0014897
1000PEPEUSDT,SELL,LIMIT,1702020639632,2373075,0.0014891
1000PEPEUSDT,BUY,LIMIT,1702021986449,957695,0.0015591
1000PEPEUSDT,SELL,LIMIT,1702022523986,17367,0.0015084
1000PEPEUSDT,SELL,LIMIT,1702022552362,3290339,0.0015076
1000PEPEUSDT,SELL,LIMIT,1702023011366,801436,0.0015058
1000PEPEUSDT,SELL,LIMIT,1702023063167,220922,0.0015042
1000PEPEUSDT,BUY,LIMIT,1702023444409,3270,0.0015668
1000PEPEUSDT,SELL,LIMIT,1702025334076,7073,0.0015100
1000PEPEUSDT,SELL,LIMIT,1702025932557,12498,0.0015099
1000PEPEUSDT,SELL,LIMIT,1702026005878,189644,0.0015085
1000PEPEUSDT,SELL,LIMIT,1702026049270,31694,0.0015069
1000PEPEUSDT,BUY,LIMIT,1702026748101,3318,0.0015702
1000PEPEUSDT,BUY,LIMIT,1702026763557,3685,0.0015759
1000PEPEUSDT,BUY,LIMIT,1702026768051,916750,0.0015766
1000PEPEUSDT,BUY,LIMIT,1702026775615,3276882,0.0015790
1000PEPEUSDT,SELL,LIMIT,1702027752063,6126,0.0015213
1000PEPEUSDT,SELL,LIMIT,1702027755131,5578,0.0015212
1000PEPEUSDT,SELL,LIMIT,1702027772189,21554,0.0015189
1000PEPEUSDT,SELL,LIMIT,1702027796867,26209,0.0015160
1000PEPEUSDT,BUY,LIMIT,1702027937214,35587,0.0015633
1000PEPEUSDT,SELL,LIMIT,1702028307562,3259,0.0015126
1000PEPEUSDT,SELL,LIMIT,1702029186016,122156,0.0015064
1000PEPEUSDT,SELL,LIMIT,1702029631857,119814,0.0015006
1000PEPEUSDT,SELL,LIMIT,1702029666610,2090592,0.0014994
1000PEPEUSDT,SELL,LIMIT,1702030614759,982318,0.0014973
1000PEPEUSDT,SELL,LIMIT,1702030616224,748810,0.0014968
1000PEPEUSDT,SELL,LIMIT,1702030644340,1062665,0.0014945
1000PEPEUSDT,SELL,LIMIT,1702030662176,1065213,0.0014927
1000PEPEUSDT,SELL,LIMIT,1702031216151,214758,0.0014940
1000PEPEUSDT,BUY,LIMIT,1702032277313,3299676,0.0015464
1000PEPEUSDT,BUY,LIMIT,1702032280132,24973,0.0015468
1000PEPEUSDT,BUY,LIMIT,1702033224663,30315,0.0015537
1000PEPEUSDT,BUY,LIMIT,1702033299151,5491,0.0015553
1000PEPEUSDT,BUY,LIMIT,1702035273671,6861,0.0015646
1000PEPEUSDT,BUY,LIMIT,1702035279391,26824,0.0015659
1000PEPEUSDT,BUY,LIMIT,1702035437057,20063,0.0015711
1000PEPEUSDT,BUY,LIMIT,1702035860466,192349,0.0015754
1000PEPEUSDT,BUY,LIMIT,1702036984107,2666666,0.0015687
1000PEPEUSDT,SELL,LIMIT,1702037047190,228182,0.0015174
1000PEPEUSDT,SELL,LIMIT,1702037048304,1033725,0.0015165
1000PEPEUSDT,SELL,LIMIT,1702037173058,26162,0.0015131
1000PEPEUSDT,BUY,LIMIT,1702038113133,759144,0.0015714
1000PEPEUSDT,BUY,LIMIT,1702038481374,3528142,0.0015706
1000PEPEUSDT,SELL,LIMIT,1702040263364,2156190,0.0015194
1000PEPEUSDT,SELL,LIMIT,1702040486210,1655306,0.0015101
1000PEPEUSDT,SELL,LIMIT,1702040519142,1526597,0.0015088
1000PEPEUSDT,SELL,LIMIT,1702040635362,2649555,0.0015051
1000PEPEUSDT,SELL,LIMIT,1702040814707,420739,0.0015021
1000PEPEUSDT,SELL,LIMIT,1702041004767,16992,0.0015008
1000PEPEUSDT,SELL,LIMIT,1702041024129,3272329,0.0015004
1000PEPEUSDT,SELL,LIMIT,1702041608134,204170,0.0015008
1000PEPEUSDT,BUY,LIMIT,1702041968066,10932,0.0015558
1000PEPEUSDT,SELL,LIMIT,1702042210537,32641,0.0015030
1000PEPEUSDT,SELL,LIMIT,1702042237077,17178,0.0014996
1000PEPEUSDT,SELL,LIMIT,1702042242893,1017506,0.0014979
1000PEPEUSDT,SELL,LIMIT,1702042269107,4054,0.0014947
1000PEPEUSDT,BUY,LIMIT,1702042469909,7486,0.0015478
1000PEPEUSDT,SELL,LIMIT,1702042719087,89847,0.0014914
1000PEPEUSDT,SELL,LIMIT,1702042728260,3231070,0.0014900
1000PEPEUSDT,SELL,LIMIT,1702042729621,8628,0.0014900
1000PEPEUSDT,SELL,LIMIT,1702042776517,126124,0.0014890
1000PEPEUSDT,BUY,LIMIT,1702043716156,389105,0.0015416
1000PEPEUSDT,SELL,LIMIT,1702043774168,13434,0.0014931
1000PEPEUSDT,SELL,LIMIT,1702043788256,71313,0.0014945
1000PEPEUSDT,SELL,LIMIT,1702043808210,3291,0.0014900
1000PEPEUSDT,SELL,LIMIT,1702043836485,2154530,0.0014876
1000PEPEUSDT,SELL,LIMIT,1702043858402,670000,0.0014852
1000PEPEUSDT,SELL,LIMIT,1702043862313,3619,0.0014850
1000PEPEUSDT,SELL,LIMIT,1702043864141,402837,0.0014841
1000PEPEUSDT,SELL,LIMIT,1702043879470,226713,0.0014829
1000PEPEUSDT,SELL,LIMIT,1702043908949,96521,0.0014821
1000PEPEUSDT,SELL,LIMIT,1702043916594,452558,0.0014817
1000PEPEUSDT,SELL,LIMIT,1702043944269,166886,0.0014782
1000PEPEUSDT,SELL,LIMIT,1702043946120,5739,0.0014773
1000PEPEUSDT,SELL,LIMIT,1702043947394,6450804,0.0014739
1000PEPEUSDT,SELL,LIMIT,1702043950797,114682,0.0014757
1000PEPEUSDT,SELL,LIMIT,1702043954168,105608,0.0014762
1000PEPEUSDT,SELL,LIMIT,1702044325236,320548,0.0014800
1000PEPEUSDT,SELL,LIMIT,1702044329433,135129,0.0014775
1000PEPEUSDT,SELL,LIMIT,1702044414980,122945,0.0014747
1000PEPEUSDT,SELL,LIMIT,1702044426710,100669,0.0014846
1000PEPEUSDT,SELL,LIMIT,1702044460297,157745,0.0014739
1000PEPEUSDT,SELL,LIMIT,1702044527081,132627,0.0014731
1000PEPEUSDT,SELL,LIMIT,1702044529522,10779,0.0014728
1000PEPEUSDT,SELL,LIMIT,1702044531613,224448,0.0014721
1000PEPEUSDT,BUY,LIMIT,1702044647384,431785,0.0015256
1000PEPEUSDT,BUY,LIMIT,1702044954660,365238,0.0015273
1000PEPEUSDT,BUY,LIMIT,1702045111088,8106,0.0015374
1000PEPEUSDT,SELL,LIMIT,1702045374763,505807,0.0014910
1000PEPEUSDT,SELL,LIMIT,1702045561115,69615,0.0014856
1000PEPEUSDT,SELL,LIMIT,1702045565462,920365,0.0014850
1000PEPEUSDT,SELL,LIMIT,1702045571702,133901,0.0014843
1000PEPEUSDT,BUY,LIMIT,1702046010132,6304,0.0015383
1000PEPEUSDT,BUY,LIMIT,1702046927478,421645,0.0015419
1000PEPEUSDT,BUY,LIMIT,1702047451341,98257,0.0015460
1000PEPEUSDT,BUY,LIMIT,1702047487102,165420,0.0015495
1000PEPEUSDT,BUY,LIMIT,1702047869130,166544,0.0015625
1000PEPEUSDT,BUY,LIMIT,1702047929438,16888,0.0015685
1000PEPEUSDT,BUY,LIMIT,1702048084150,20767,0.0015695
1000PEPEUSDT,BUY,LIMIT,1702048105480,44471,0.0015723
1000PEPEUSDT,SELL,LIMIT,1702048549757,288021,0.0015151
1000PEPEUSDT,SELL,LIMIT,1702048560728,65709,0.0015141
1000PEPEUSDT,SELL,LIMIT,1702048619257,14875,0.0015134
1000PEPEUSDT,SELL,LIMIT,1702048993097,612169,0.0015127
1000PEPEUSDT,BUY,LIMIT,1702050297343,635754,0.0015640
1000PEPEUSDT,SELL,LIMIT,1702050740352,12969,0.0015092
1000PEPEUSDT,SELL,LIMIT,1702050889450,325304,0.0015029
1000PEPEUSDT,SELL,LIMIT,1702050890477,1078330,0.0015022
1000PEPEUSDT,SELL,LIMIT,1702050891946,300000,0.0015011
1000PEPEUSDT,BUY,LIMIT,1702051385352,366692,0.0015553
1000PEPEUSDT,BUY,LIMIT,1702052214272,5338,0.0015567
1000PEPEUSDT,BUY,LIMIT,1702052530226,56156,0.0015541
1000PEPEUSDT,BUY,LIMIT,1702054807453,142276,0.0015596
1000PEPEUSDT,SELL,LIMIT,1702055273297,324289,0.0015083
1000PEPEUSDT,SELL,LIMIT,1702055295208,889616,0.0015058
1000PEPEUSDT,SELL,LIMIT,1702055296887,215022,0.0015057
1000PEPEUSDT,SELL,LIMIT,1702055335626,12566,0.0015035
1000PEPEUSDT,SELL,LIMIT,1702055359117,219769,0.0015034
1000PEPEUSDT,SELL,LIMIT,1702055473500,9477,0.0015029
1000PEPEUSDT,BUY,LIMIT,1702056026282,85501,0.0015569
1000PEPEUSDT,SELL,LIMIT,1702056217955,1271269,0.0015024
1000PEPEUSDT,SELL,LIMIT,1702056284145,30310,0.0014980
1000PEPEUSDT,SELL,LIMIT,1702056286558,648011,0.0014979
1000PEPEUSDT,SELL,LIMIT,1702056292991,1449433,0.0014972
1000PEPEUSDT,SELL,LIMIT,1702056356937,175949,0.0014956
1000PEPEUSDT,SELL,LIMIT,1702056359861,145401,0.0014942
1000PEPEUSDT,SELL,LIMIT,1702056377214,357562,0.0014934
1000PEPEUSDT,SELL,LIMIT,1702056382845,527755,0.0014933
1000PEPEUSDT,SELL,LIMIT,1702056456591,120000,0.0014931
1000PEPEUSDT,SELL,LIMIT,1702056561343,61527,0.0014901
1000PEPEUSDT,BUY,LIMIT,1702057730026,274437,0.0015646
1000PEPEUSDT,SELL,LIMIT,1702059959678,1624494,0.0015066
1000PEPEUSDT,SELL,LIMIT,1702060058196,338625,0.0015053
1000PEPEUSDT,SELL,LIMIT,1702060846997,83713,0.0014994
1000PEPEUSDT,SELL,LIMIT,1702060851982,631055,0.0014976
1000PEPEUSDT,SELL,LIMIT,1702060964447,267964,0.0014919
1000PEPEUSDT,BUY,LIMIT,1702061089268,3995,0.0015431
1000PEPEUSDT,BUY,LIMIT,1702061306365,30339,0.0015459
1000PEPEUSDT,BUY,LIMIT,1702062596797,3926,0.0015509
1000PEPEUSDT,SELL,LIMIT,1702063722703,689483,0.0014987
1000PEPEUSDT,SELL,LIMIT,1702063724192,18960,0.0014969
1000PEPEUSDT,SELL,LIMIT,1702063789204,329390,0.0014941
1000PEPEUSDT,BUY,LIMIT,1702064091201,181937,0.0015528
1000PEPEUSDT,BUY,LIMIT,1702064323387,3260515,0.0015548
1000PEPEUSDT,BUY,LIMIT,1702064447343,81113,0.0015610
1000PEPEUSDT,BUY,LIMIT,1702064631293,348922,0.0015672
1000PEPEUSDT,BUY,LIMIT,1702064725066,110791,0.0015678
1000PEPEUSDT,BUY,LIMIT,1702065054718,193434,0.0015724
1000PEPEUSDT,BUY,LIMIT,1702065166432,212109,0.0015730
1000PEPEUSDT,BUY,LIMIT,1702065180242,415533,0.0015767
1000PEPEUSDT,BUY,LIMIT,1702065658183,323624,0.0015795
1000PEPEUSDT,BUY,LIMIT,1702065694156,5666,0.0015808
1000PEPEUSDT,BUY,LIMIT,1702065695746,7133,0.0015815
1000PEPEUSDT,BUY,LIMIT,1702065697335,321843,0.0015827
1000PEPEUSDT,BUY,LIMIT,1702065704538,434791,0.0015851
1000PEPEUSDT,BUY,LIMIT,1702065715829,13398,0.0015883
1000PEPEUSDT,BUY,LIMIT,1702065724160,213797,0.0015898
1000PEPEUSDT,SELL,LIMIT,1702065797576,319081,0.0015337
1000PEPEUSDT,BUY,LIMIT,1702067025034,3548,0.0015929
1000PEPEUSDT,BUY,LIMIT,1702067083226,353734,0.0015954
1000PEPEUSDT,BUY,LIMIT,1702067116239,13155,0.0015961
1000PEPEUSDT,BUY,LIMIT,1702067220710,325232,0.0015977
1000PEPEUSDT,BUY,LIMIT,1702067234767,27166,0.0015989
1000PEPEUSDT,BUY,LIMIT,1702067371122,4229,0.0016014
1000PEPEUSDT,BUY,LIMIT,1702067372229,61541,0.0016048
1000PEPEUSDT,BUY,LIMIT,1702067377067,319694,0.0016051
1000PEPEUSDT,BUY,LIMIT,1702068749123,12693,0.0016099
1000PEPEUSDT,BUY,LIMIT,1702068771878,617099,0.0016086
1000PEPEUSDT,BUY,LIMIT,1702068897927,4279,0.0014741
1000PEPEUSDT,BUY,LIMIT,1702069201157,221712,0.0016104
1000PEPEUSDT,SELL,LIMIT,1702069439009,136234,0.0015547
1000PEPEUSDT,SELL,LIMIT,1702069977349,21228,0.0015492
1000PEPEUSDT,BUY,LIMIT,1702070246950,3706,0.0016034
1000PEPEUSDT,BUY,LIMIT,1702070287365,555605,0.0016077
1000PEPEUSDT,BUY,LIMIT,1702070782099,78934,0.0016123
1000PEPEUSDT,BUY,LIMIT,1702070783279,64960,0.0016121
1000PEPEUSDT,BUY,LIMIT,1702070957589,171280,0.0016130
1000PEPEUSDT,BUY,LIMIT,1702071021938,17383,0.0016158
1000PEPEUSDT,BUY,LIMIT,1702071033526,114934,0.0016174
1000PEPEUSDT,BUY,LIMIT,1702071060933,355001,0.0016174
1000PEPEUSDT,BUY,LIMIT,1702071105271,46946,0.0016178
1000PEPEUSDT,BUY,LIMIT,1702071130155,39612,0.0016193
1000PEPEUSDT,BUY,LIMIT,1702071155549,64223,0.0016216
1000PEPEUSDT,BUY,LIMIT,1702071158198,5283,0.0016218
1000PEPEUSDT,BUY,LIMIT,1702071163244,132372,0.0016228
1000PEPEUSDT,BUY,LIMIT,1702071173114,130923,0.0016243
1000PEPEUSDT,BUY,LIMIT,1702071176175,211850,0.0016257
1000PEPEUSDT,SELL,LIMIT,1702071266616,65139,0.0015708
1000PEPEUSDT,SELL,LIMIT,1702071462994,63552,0.0015655
1000PEPEUSDT,SELL,LIMIT,1702071529522,863064,0.0015636
1000PEPEUSDT,SELL,LIMIT,1702071554792,707256,0.0015613
1000PEPEUSDT,SELL,LIMIT,1702071558847,2254000,0.0015612
1000PEPEUSDT,SELL,LIMIT,1702071654662,78584,0.0015579
1000PEPEUSDT,SELL,LIMIT,1702071826616,699059,0.0015513
1000PEPEUSDT,SELL,LIMIT,1702071862344,3124211,0.0015489
1000PEPEUSDT,BUY,LIMIT,1702073251082,2964359,0.0016006
1000PEPEUSDT,SELL,LIMIT,1702075060257,153242,0.0015430
1000PEPEUSDT,SELL,LIMIT,1702075062344,3397,0.0015419
1000PEPEUSDT,SELL,LIMIT,1702075063615,216747,0.0015387
1000PEPEUSDT,SELL,LIMIT,1702076056967,73312,0.0015362
1000PEPEUSDT,BUY,LIMIT,1702078548839,204372,0.0015926
1000PEPEUSDT,BUY,LIMIT,1702078883265,142938,0.0015907
1000PEPEUSDT,SELL,LIMIT,1702079188454,13429,0.0015487
1000PEPEUSDT,BUY,LIMIT,1702079378619,348099,0.0015983
1000PEPEUSDT,BUY,LIMIT,1702080268085,96287,0.0016113
1000PEPEUSDT,BUY,LIMIT,1702080294143,245568,0.0016121
1000PEPEUSDT,BUY,LIMIT,1702080591285,62799,0.0016150
1000PEPEUSDT,BUY,LIMIT,1702080646141,50538,0.0016191
1000PEPEUSDT,BUY,LIMIT,1702080651896,84688,0.0016195
1000PEPEUSDT,BUY,LIMIT,1702080863494,82894,0.0016218
1000PEPEUSDT,BUY,LIMIT,1702081645788,378214,0.0016242
1000PEPEUSDT,BUY,LIMIT,1702081855121,6596,0.0016273
1000PEPEUSDT,BUY,LIMIT,1702081857682,57469,0.0016289
1000PEPEUSDT,BUY,LIMIT,1702082075994,1562539,0.0016235
1000PEPEUSDT,BUY,LIMIT,1702082123509,580766,0.0016285
1000PEPEUSDT,BUY,LIMIT,1702082300224,184353,0.0016296
1000PEPEUSDT,BUY,LIMIT,1702082325116,183708,0.0016317
1000PEPEUSDT,BUY,LIMIT,1702082326314,9358,0.0016323
1000PEPEUSDT,BUY,LIMIT,1702082363594,31211,0.0016328
1000PEPEUSDT,BUY,LIMIT,1702082365034,163037,0.0016331
1000PEPEUSDT,BUY,LIMIT,1702082373156,3406357,0.0016363
1000PEPEUSDT,BUY,LIMIT,1702082530542,1201658,0.0016366
1000PEPEUSDT,BUY,LIMIT,1702082534591,147471,0.0016370
1000PEPEUSDT,BUY,LIMIT,1702082545221,46228,0.0016385
1000PEPEUSDT,BUY,LIMIT,1702082622621,48036,0.0016420
1000PEPEUSDT,BUY,LIMIT,1702082625251,1914588,0.0016418
1000PEPEUSDT,BUY,LIMIT,1702082975561,113042,0.0016409
1000PEPEUSDT,BUY,LIMIT,1702082988351,147368,0.0016429
1000PEPEUSDT,SELL,LIMIT,1702083646677,297192,0.0015776
1000PEPEUSDT,SELL,LIMIT,1702083653858,4422,0.0015759
1000PEPEUSDT,SELL,LIMIT,1702083752357,68370,0.0015719
1000PEPEUSDT,SELL,LIMIT,1702083863327,25525,0.0017217
1000PEPEUSDT,SELL,LIMIT,1702083936050,37007,0.0015661
1000PEPEUSDT,SELL,LIMIT,1702083998327,12021,0.0015640
1000PEPEUSDT,SELL,LIMIT,1702084000647,1074359,0.0015628
1000PEPEUSDT,SELL,LIMIT,1702084042065,149248,0.0015564
1000PEPEUSDT,SELL,LIMIT,1702084043355,29939,0.0015562
1000PEPEUSDT,SELL,LIMIT,1702084107527,156563,0.0015489
1000PEPEUSDT,SELL,LIMIT,1702084112631,1982940,0.0015470
1000PEPEUSDT,SELL,LIMIT,1702084193276,937500,0.0015466
1000PEPEUSDT,SELL,LIMIT,1702084207150,12140,0.0015435
1000PEPEUSDT,SELL,LIMIT,1702085449332,175377,0.0015512
1000PEPEUSDT,SELL,LIMIT,1702087258559,2396806,0.0015374
1000PEPEUSDT,SELL,LIMIT,1702087279655,132380,0.0015341
1000PEPEUSDT,SELL,LIMIT,1702087328070,122302,0.0015329
1000PEPEUSDT,SELL,LIMIT,1702087329192,6716734,0.0015280
1000PEPEUSDT,SELL,LIMIT,1702087330319,43598,0.0015326
1000PEPEUSDT,SELL,LIMIT,1702087331664,72137,0.0015310
1000PEPEUSDT,SELL,LIMIT,1702087332845,162512,0.0015297
1000PEPEUSDT,SELL,LIMIT,1702087341935,2105021,0.0015290
1000PEPEUSDT,SELL,LIMIT,1702087375850,1283697,0.0015273
1000PEPEUSDT,SELL,LIMIT,1702087466858,19485,0.0015266
1000PEPEUSDT,SELL,LIMIT,1702087468403,202717,0.0015260
1000PEPEUSDT,SELL,LIMIT,1702087816251,17872,0.0015232
1000PEPEUSDT,SELL,LIMIT,1702087821342,177407,0.0015219
1000PEPEUSDT,SELL,LIMIT,1702087867050,7816,0.0015196
1000PEPEUSDT,SELL,LIMIT,1702089673112,15788,0.0015177
1000PEPEUSDT,SELL,LIMIT,1702089684249,287237,0.0015170
1000PEPEUSDT,SELL,LIMIT,1702089686260,3219399,0.0015168
1000PEPEUSDT,SELL,LIMIT,1702090076051,477929,0.0015140
1000PEPEUSDT,BUY,LIMIT,1702091876030,414450,0.0015682
1000PEPEUSDT,BUY,LIMIT,1702091956422,2265523,0.0015712
1000PEPEUSDT,SELL,LIMIT,1702095073785,22211,0.0015219
1000PEPEUSDT,SELL,LIMIT,1702095080925,644537,0.0015205
1000PEPEUSDT,SELL,LIMIT,1702095476301,1594871,0.0015170
1000PEPEUSDT,SELL,LIMIT,1702095479241,4525,0.0015166
1000PEPEUSDT,SELL,LIMIT,1702095487432,48310,0.0015158
1000PEPEUSDT,BUY,LIMIT,1702098570516,122269,0.0015806
1000PEPEUSDT,BUY,LIMIT,1702098707340,184968,0.0015833
1000PEPEUSDT,BUY,LIMIT,1702099075118,105000,0.0015842
1000PEPEUSDT,SELL,LIMIT,1702099315658,27352,0.0015268
1000PEPEUSDT,SELL,LIMIT,1702100616225,31740,0.0015385
1000PEPEUSDT,BUY,LIMIT,1702100641816,6612,0.0015874
1000PEPEUSDT,BUY,LIMIT,1702100787380,190899,0.0015916
1000PEPEUSDT,SELL,LIMIT,1702102287162,73026,0.0015395
1000PEPEUSDT,SELL,LIMIT,1702102289219,796381,0.0015387
1000PEPEUSDT,BUY,LIMIT,1702102900727,122539,0.0015926
1000PEPEUSDT,BUY,LIMIT,1702103530173,136055,0.0016017
1000PEPEUSDT,BUY,LIMIT,1702103600472,84708,0.0016072
1000PEPEUSDT,BUY,LIMIT,1702103630187,652741,0.0016080
1000PEPEUSDT,BUY,LIMIT,1702103631238,161700,0.0016082
1000PEPEUSDT,BUY,LIMIT,1702103728013,10000,0.0016138
1000PEPEUSDT,BUY,LIMIT,1702103829846,44644,0.0016151
1000PEPEUSDT,BUY,LIMIT,1702103927323,359154,0.0016166
1000PEPEUSDT,BUY,LIMIT,1702103929068,15119,0.0016174
1000PEPEUSDT,BUY,LIMIT,1702103933774,960148,0.0016196
1000PEPEUSDT,SELL,LIMIT,1702104433019,218692,0.0015649
1000PEPEUSDT,SELL,LIMIT,1702104740438,129128,0.0015629
1000PEPEUSDT,SELL,LIMIT,1702104995329,63007,0.0015606
1000PEPEUSDT,SELL,LIMIT,1702104996832,125786,0.0015587
1000PEPEUSDT,SELL,LIMIT,1702105061648,36027,0.0015562
1000PEPEUSDT,BUY,LIMIT,1702105908477,93615,0.0016197
1000PEPEUSDT,SELL,LIMIT,1702106472442,9095,0.0015591
1000PEPEUSDT,SELL,LIMIT,1702107854985,275930,0.0015552
1000PEPEUSDT,BUY,LIMIT,1702108429152,80149,0.0016149
1000PEPEUSDT,BUY,LIMIT,1702109038584,46268,0.0016196
1000PEPEUSDT,BUY,LIMIT,1702109082657,17657,0.0016199
1000PEPEUSDT,BUY,LIMIT,1702109101812,9338,0.0016035
1000PEPEUSDT,BUY,LIMIT,1702109107873,543374,0.0016206
1000PEPEUSDT,BUY,LIMIT,1702109214420,4065,0.0016142
1000PEPEUSDT,BUY,LIMIT,1702109225576,3713,0.0016247
1000PEPEUSDT,BUY,LIMIT,1702109231077,42824,0.0016250
1000PEPEUSDT,BUY,LIMIT,1702109235122,43914,0.0016260
1000PEPEUSDT,BUY,LIMIT,1702109245179,3132243,0.0016291
1000PEPEUSDT,SELL,LIMIT,1702109533202,1613005,0.0015686
1000PEPEUSDT,BUY,LIMIT,1702109723914,383341,0.0016134
1000PEPEUSDT,BUY,LIMIT,1702110120290,9383,0.0016201
1000PEPEUSDT,BUY,LIMIT,1702110606166,40610,0.0016316
1000PEPEUSDT,BUY,LIMIT,1702110619288,96586,0.0016377
1000PEPEUSDT,BUY,LIMIT,1702110620387,13922,0.0016379
1000PEPEUSDT,BUY,LIMIT,1702110630126,887931,0.0016420
1000PEPEUSDT,BUY,LIMIT,1702110646360,8345,0.0016434
1000PEPEUSDT,BUY,LIMIT,1702110654737,92596,0.0016463
1000PEPEUSDT,BUY,LIMIT,1702110674806,1502347,0.0016472
1000PEPEUSDT,BUY,LIMIT,1702110679312,639345,0.0016482
1000PEPEUSDT,BUY,LIMIT,1702110680429,1679148,0.0016491
1000PEPEUSDT,BUY,LIMIT,1702110687187,15266,0.0016528
1000PEPEUSDT,BUY,LIMIT,1702110688479,127970,0.0016526
1000PEPEUSDT,BUY,LIMIT,1702110690359,78106,0.0016529
1000PEPEUSDT,BUY,LIMIT,1702110692155,818187,0.0016540
1000PEPEUSDT,BUY,LIMIT,1702110693259,241726,0.0016563
1000PEPEUSDT,BUY,LIMIT,1702110694391,5750,0.0016561
1000PEPEUSDT,BUY,LIMIT,1702110720392,33204,0.0016601
1000PEPEUSDT,BUY,LIMIT,1702110730159,1617167,0.0016632
1000PEPEUSDT,BUY,LIMIT,1702110737136,253012,0.0016635
1000PEPEUSDT,BUY,LIMIT,1702110754551,5095,0.0016659
1000PEPEUSDT,BUY,LIMIT,1702110755717,55234,0.0016653
1000PEPEUSDT,SELL,LIMIT,1702110823678,287876,0.0016089
1000PEPEUSDT,SELL,LIMIT,1702110865935,63691,0.0016022
1000PEPEUSDT,SELL,LIMIT,1702110878794,178126,0.0015945
1000PEPEUSDT,SELL,LIMIT,1702110887111,1225102,0.0015913
1000PEPEUSDT,SELL,LIMIT,1702110905352,277467,0.0015883
1000PEPEUSDT,SELL,LIMIT,1702110914355,960633,0.0015821
1000PEPEUSDT,SELL,LIMIT,1702110964581,55331,0.0015790
1000PEPEUSDT,SELL,LIMIT,1702110980837,662145,0.0015709
1000PEPEUSDT,SELL,LIMIT,1702110982123,507981,0.0015697
1000PEPEUSDT,SELL,LIMIT,1702110984558,23826,0.0015691
1000PEPEUSDT,SELL,LIMIT,1702110994071,812997,0.0015664
1000PEPEUSDT,SELL,LIMIT,1702111025876,14907,0.0015614
1000PEPEUSDT,SELL,LIMIT,1702111027082,369146,0.0015595
1000PEPEUSDT,SELL,LIMIT,1702111030343,1405886,0.0015587
1000PEPEUSDT,SELL,LIMIT,1702111032476,988617,0.0015568
1000PEPEUSDT,SELL,LIMIT,1702111034185,111216,0.0015608
1000PEPEUSDT,SELL,LIMIT,1702111036812,24126,0.0015564
1000PEPEUSDT,SELL,LIMIT,1702111038482,250000,0.0015533
1000PEPEUSDT,SELL,LIMIT,1702111040165,7573,0.0015528
1000PEPEUSDT,SELL,LIMIT,1702111043324,606575,0.0015667
1000PEPEUSDT,SELL,LIMIT,1702111045348,2172959,0.0015503
1000PEPEUSDT,SELL,LIMIT,1702111046394,30419,0.0015489
1000PEPEUSDT,SELL,LIMIT,1702111082427,91190,0.0015478
1000PEPEUSDT,SELL,LIMIT,1702111083608,120000,0.0015459
1000PEPEUSDT,BUY,LIMIT,1702111116140,12772,0.0016047
1000PEPEUSDT,SELL,LIMIT,1702111180716,2292483,0.0015528
1000PEPEUSDT,SELL,LIMIT,1702111199242,3199,0.0015673
1000PEPEUSDT,SELL,LIMIT,1702111346334,444598,0.0015493
1000PEPEUSDT,SELL,LIMIT,1702111375798,752977,0.0015401
1000PEPEUSDT,SELL,LIMIT,1702111377558,37738,0.0015369
1000PEPEUSDT,SELL,LIMIT,1702111379165,1915464,0.0015382
1000PEPEUSDT,SELL,LIMIT,1702111380637,8720257,0.0015289
1000PEPEUSDT,SELL,LIMIT,1702111386277,125738,0.0015357
1000PEPEUSDT,SELL,LIMIT,1702111388268,972896,0.0015327
1000PEPEUSDT,SELL,LIMIT,1702111391399,3248440,0.0015327
1000PEPEUSDT,BUY,LIMIT,1702111975264,3158733,0.0016218
1000PEPEUSDT,BUY,LIMIT,1702112147294,6246,0.0016404
1000PEPEUSDT,BUY,LIMIT,1702112350797,2138373,0.0016422
1000PEPEUSDT,BUY,LIMIT,1702112358546,249842,0.0016456
1000PEPEUSDT,BUY,LIMIT,1702112359687,1393234,0.0016531
1000PEPEUSDT,BUY,LIMIT,1702112362689,352780,0.0016584
1000PEPEUSDT,BUY,LIMIT,1702112365496,20467,0.0016641
1000PEPEUSDT,BUY,LIMIT,1702112371459,97001,0.0016704
1000PEPEUSDT,BUY,LIMIT,1702112375421,91456,0.0016740
1000PEPEUSDT,BUY,LIMIT,1702112379063,8479,0.0016744
1000PEPEUSDT,BUY,LIMIT,1702112389397,420397,0.0016746
1000PEPEUSDT,BUY,LIMIT,1702112395863,8064,0.0016762
1000PEPEUSDT,BUY,LIMIT,1702112399142,5353568,0.0016852
1000PEPEUSDT,BUY,LIMIT,1702112400307,25242,0.0016818
1000PEPEUSDT,BUY,LIMIT,1702112402486,422412,0.0016848
1000PEPEUSDT,BUY,LIMIT,1702112403629,137192,0.0016844
1000PEPEUSDT,BUY,LIMIT,1702112405169,15167,0.0016861
1000PEPEUSDT,BUY,LIMIT,1702112407460,5000,0.0016880
1000PEPEUSDT,BUY,LIMIT,1702112412322,56853,0.0016906
1000PEPEUSDT,BUY,LIMIT,1702112413769,48071,0.0016929
1000PEPEUSDT,BUY,LIMIT,1702112418042,32680,0.0016945
1000PEPEUSDT,BUY,LIMIT,1702112424168,4694,0.0016957
1000PEPEUSDT,BUY,LIMIT,1702112428267,29174,0.0016962
1000PEPEUSDT,BUY,LIMIT,1702112433460,88756,0.0016983
1000PEPEUSDT,BUY,LIMIT,1702112434480,498078,0.0017013
1000PEPEUSDT,BUY,LIMIT,1702112437319,38826,0.0017066
1000PEPEUSDT,BUY,LIMIT,1702112438623,3000000,0.0017106
1000PEPEUSDT,BUY,LIMIT,1702112441370,302341,0.0017185
1000PEPEUSDT,BUY,LIMIT,1702112442564,254161,0.0017187
1000PEPEUSDT,BUY,LIMIT,1702112446138,7522,0.0017234
1000PEPEUSDT,BUY,LIMIT,1702112450684,21670,0.0017239
1000PEPEUSDT,BUY,LIMIT,1702112453190,86827,0.0017272
1000PEPEUSDT,BUY,LIMIT,1702112470335,609198,0.0017318
1000PEPEUSDT,BUY,LIMIT,1702112471522,12949,0.0017361
1000PEPEUSDT,BUY,LIMIT,1702112472532,114581,0.0017356
1000PEPEUSDT,BUY,LIMIT,1702112473883,62147,0.0017387
1000PEPEUSDT,BUY,LIMIT,1702112476960,2982937,0.0017404
1000PEPEUSDT,BUY,LIMIT,1702112479141,2181159,0.0017433
1000PEPEUSDT,BUY,LIMIT,1702112480331,2814218,0.0017431
1000PEPEUSDT,BUY,LIMIT,1702112482068,66691,0.0017499
1000PEPEUSDT,BUY,LIMIT,1702112483174,37181,0.0017479
1000PEPEUSDT,BUY,LIMIT,1702112484193,6183,0.0017502
1000PEPEUSDT,BUY,LIMIT,1702112497974,21389,0.0017528
1000PEPEUSDT,BUY,LIMIT,1702112500366,15759,0.0017556
1000PEPEUSDT,BUY,LIMIT,1702112508045,316770,0.0017560
1000PEPEUSDT,SELL,LIMIT,1702112523151,60167,0.0016899
1000PEPEUSDT,BUY,LIMIT,1702112537987,1200,0.0017559
1000PEPEUSDT,SELL,LIMIT,1702112576765,287885,0.0016869
1000PEPEUSDT,SELL,LIMIT,1702112604274,12397,0.0016764
1000PEPEUSDT,SELL,LIMIT,1702112605359,54713,0.0016743
1000PEPEUSDT,SELL,LIMIT,1702112607579,1465244,0.0016726
1000PEPEUSDT,BUY,LIMIT,1702112629227,1368524,0.0017365
1000PEPEUSDT,SELL,LIMIT,1702112696730,29810,0.0016830
1000PEPEUSDT,SELL,LIMIT,1702112732836,11742,0.0016763
1000PEPEUSDT,SELL,LIMIT,1702112795433,91074,0.0016707
1000PEPEUSDT,SELL,LIMIT,1702112804231,377011,0.0016679
1000PEPEUSDT,SELL,LIMIT,1702112879559,436208,0.0016633
1000PEPEUSDT,BUY,LIMIT,1702112918105,584419,0.0017449
1000PEPEUSDT,BUY,LIMIT,1702112928618,476900,0.0017508
1000PEPEUSDT,BUY,LIMIT,1702112931357,45948,0.0017519
1000PEPEUSDT,BUY,LIMIT,1702112934231,2922595,0.0017567
1000PEPEUSDT,BUY,LIMIT,1702112935586,58737,0.0017582
1000PEPEUSDT,BUY,LIMIT,1702112955673,18097,0.0017620
1000PEPEUSDT,BUY,LIMIT,1702112957222,98923,0.0017649
1000PEPEUSDT,BUY,LIMIT,1702112960123,864861,0.0017665
1000PEPEUSDT,BUY,LIMIT,1702112961976,1280547,0.0017674
1000PEPEUSDT,BUY,LIMIT,1702112967548,35380,0.0017689
1000PEPEUSDT,BUY,LIMIT,1702112974756,362848,0.0017694
1000PEPEUSDT,BUY,LIMIT,1702112976854,40720,0.0017696
1000PEPEUSDT,BUY,LIMIT,1702112978501,302131,0.0017709
1000PEPEUSDT,SELL,LIMIT,1702113016448,731034,0.0017052
1000PEPEUSDT,SELL,LIMIT,1702113018388,1849421,0.0017032
1000PEPEUSDT,BUY,LIMIT,1702113083239,146980,0.0017557
1000PEPEUSDT,BUY,LIMIT,1702113112850,1230712,0.0017593
1000PEPEUSDT,BUY,LIMIT,1702113147412,87936,0.0017720
1000PEPEUSDT,BUY,LIMIT,1702113148766,18236,0.0017736
1000PEPEUSDT,BUY,LIMIT,1702113153589,4419,0.0017754
1000PEPEUSDT,BUY,LIMIT,1702113155796,115182,0.0017766
1000PEPEUSDT,BUY,LIMIT,1702113196200,861798,0.0017768
1000PEPEUSDT,BUY,LIMIT,1702113197266,417967,0.0017778
1000PEPEUSDT,BUY,LIMIT,1702113198277,58498,0.0017778
1000PEPEUSDT,BUY,LIMIT,1702113199399,18249841,0.0017934
1000PEPEUSDT,BUY,LIMIT,1702113202250,912989,0.0017817
1000PEPEUSDT,BUY,LIMIT,1702113203340,17325,0.0017815
1000PEPEUSDT,SELL,LIMIT,1702113219907,94990,0.0017190
1000PEPEUSDT,SELL,LIMIT,1702113274646,59805,0.0017130
1000PEPEUSDT,SELL,LIMIT,1702113309907,64233,0.0017143
1000PEPEUSDT,SELL,LIMIT,1702113313061,28562,0.0017116
1000PEPEUSDT,SELL,LIMIT,1702113367609,15487,0.0017039
1000PEPEUSDT,SELL,LIMIT,1702113375863,1360728,0.0017030
1000PEPEUSDT,BUY,LIMIT,1702113418329,172075,0.0017641
1000PEPEUSDT,SELL,LIMIT,1702113435543,300000,0.0016992
1000PEPEUSDT,SELL,LIMIT,1702113440773,149681,0.0016964
1000PEPEUSDT,SELL,LIMIT,1702113446396,722626,0.0016957
1000PEPEUSDT,SELL,LIMIT,1702113453097,46111,0.0016950
1000PEPEUSDT,SELL,LIMIT,1702113467339,2325288,0.0016922
1000PEPEUSDT,BUY,LIMIT,1702113612962,352618,0.0017500
1000PEPEUSDT,BUY,LIMIT,1702113671565,11586,0.0017528
1000PEPEUSDT,BUY,LIMIT,1702113692518,58139,0.0017540
1000PEPEUSDT,SELL,LIMIT,1702113799603,2605674,0.0016895
1000PEPEUSDT,SELL,LIMIT,1702113890520,2619324,0.0016841
1000PEPEUSDT,SELL,LIMIT,1702113891581,583794,0.0016834
1000PEPEUSDT,SELL,LIMIT,1702113893402,261636,0.0016833
1000PEPEUSDT,SELL,LIMIT,1702113908396,288330,0.0016814
1000PEPEUSDT,SELL,LIMIT,1702113910189,2170763,0.0016760
1000PEPEUSDT,SELL,LIMIT,1702113912211,176334,0.0016748
1000PEPEUSDT,SELL,LIMIT,1702113913468,870709,0.0016736
1000PEPEUSDT,SELL,LIMIT,1702113917460,26386,0.0016681
1000PEPEUSDT,SELL,LIMIT,1702113921347,91519,0.0016665
1000PEPEUSDT,SELL,LIMIT,1702113950778,5344,0.0016673
1000PEPEUSDT,BUY,LIMIT,1702114056366,2247921,0.0017284
1000PEPEUSDT,BUY,LIMIT,1702114098103,36164,0.0017342
1000PEPEUSDT,SELL,LIMIT,1702114171373,15351,0.0017599
1000PEPEUSDT,SELL,LIMIT,1702114399995,52174,0.0016731
1000PEPEUSDT,SELL,LIMIT,1702114632050,105141,0.0016614
1000PEPEUSDT,SELL,LIMIT,1702114642588,20335,0.0016606
1000PEPEUSDT,SELL,LIMIT,1702114647123,11730,0.0016608
1000PEPEUSDT,SELL,LIMIT,1702114651217,83998,0.0016579
1000PEPEUSDT,SELL,LIMIT,1702114652984,140652,0.0016568
1000PEPEUSDT,SELL,LIMIT,1702114674125,72994,0.0016524
1000PEPEUSDT,SELL,LIMIT,1702114675281,1052526,0.0016533
1000PEPEUSDT,SELL,LIMIT,1702114677803,25323,0.0016520
1000PEPEUSDT,SELL,LIMIT,1702114751137,42221,0.0016488
1000PEPEUSDT,SELL,LIMIT,1702114777286,8303,0.0016477
1000PEPEUSDT,SELL,LIMIT,1702114780759,80808,0.0016456
1000PEPEUSDT,SELL,LIMIT,1702114823340,173434,0.0016453
1000PEPEUSDT,SELL,LIMIT,1702114832336,1531028,0.0016443
1000PEPEUSDT,SELL,LIMIT,1702114839300,1859535,0.0016437
1000PEPEUSDT,BUY,LIMIT,1702114944539,119796,0.0017024
1000PEPEUSDT,SELL,LIMIT,1702115043521,73560,0.0016424
1000PEPEUSDT,SELL,LIMIT,1702115064068,23504,0.0016405
1000PEPEUSDT,SELL,LIMIT,1702115065319,582303,0.0016399
1000PEPEUSDT,SELL,LIMIT,1702115074740,1714409,0.0016361
1000PEPEUSDT,SELL,LIMIT,1702115076252,115982,0.0016350
1000PEPEUSDT,SELL,LIMIT,1702115080028,330368,0.0016344
1000PEPEUSDT,SELL,LIMIT,1702115093138,1516794,0.0016351
1000PEPEUSDT,SELL,LIMIT,1702115103378,1267638,0.0016330
1000PEPEUSDT,SELL,LIMIT,1702115536804,149164,0.0016419
1000PEPEUSDT,SELL,LIMIT,1702115640329,88374,0.0016322
1000PEPEUSDT,BUY,LIMIT,1702116442272,66606,0.0016994
1000PEPEUSDT,BUY,LIMIT,1702116449745,24124,0.0017011
1000PEPEUSDT,BUY,LIMIT,1702116473499,239477,0.0017021
1000PEPEUSDT,BUY,LIMIT,1702116811067,14828,0.0017148
1000PEPEUSDT,BUY,LIMIT,1702116843329,21244,0.0017183
1000PEPEUSDT,SELL,LIMIT,1702116955085,29488,0.0016617
1000PEPEUSDT,SELL,LIMIT,1702116960251,29562,0.0016610
1000PEPEUSDT,BUY,LIMIT,1702117129576,117064,0.0017170
1000PEPEUSDT,BUY,LIMIT,1702117180372,713964,0.0017243
1000PEPEUSDT,SELL,LIMIT,1702117243075,94476,0.0016665
1000PEPEUSDT,SELL,LIMIT,1702117500276,362348,0.0016628
1000PEPEUSDT,SELL,LIMIT,1702117543526,108555,0.0016588
1000PEPEUSDT,SELL,LIMIT,1702117627147,740389,0.0016547
1000PEPEUSDT,SELL,LIMIT,1702118327109,869517,0.0016539
1000PEPEUSDT,BUY,LIMIT,1702118993415,26584,0.0017209
1000PEPEUSDT,BUY,LIMIT,1702119045124,8615,0.0017214
1000PEPEUSDT,BUY,LIMIT,1702119250398,23660,0.0017193
1000PEPEUSDT,SELL,LIMIT,1702119698352,3342,0.0016622
1000PEPEUSDT,SELL,LIMIT,1702119818895,921314,0.0016590
1000PEPEUSDT,BUY,LIMIT,1702119971115,1446938,0.0017242
1000PEPEUSDT,BUY,LIMIT,1702120048307,59007,0.0017274
1000PEPEUSDT,BUY,LIMIT,1702120086768,2164852,0.0017284
1000PEPEUSDT,BUY,LIMIT,1702120120110,40867,0.0017316
1000PEPEUSDT,BUY,LIMIT,1702120154976,522159,0.0017332
1000PEPEUSDT,BUY,LIMIT,1702120191471,776683,0.0017354
1000PEPEUSDT,BUY,LIMIT,1702120305004,2927914,0.0017402
1000PEPEUSDT,SELL,LIMIT,1702120510658,32495,0.0016788
1000PEPEUSDT,BUY,LIMIT,1702120763430,733138,0.0017384
1000PEPEUSDT,SELL,LIMIT,1702120958829,130363,0.0016746
1000PEPEUSDT,SELL,LIMIT,1702120962591,73083,0.0016729
1000PEPEUSDT,SELL,LIMIT,1702121013329,35634,0.0016721
1000PEPEUSDT,SELL,LIMIT,1702121137335,156541,0.0016661
1000PEPEUSDT,SELL,LIMIT,1702121165868,2308054,0.0016648
1000PEPEUSDT,SELL,LIMIT,1702121192064,17958,0.0016610
1000PEPEUSDT,SELL,LIMIT,1702121255604,262447,0.0016594
1000PEPEUSDT,SELL,LIMIT,1702121271082,31616,0.0016569
1000PEPEUSDT,SELL,LIMIT,1702121274470,188497,0.0016565
1000PEPEUSDT,SELL,LIMIT,1702121346731,587406,0.0016523
1000PEPEUSDT,SELL,LIMIT,1702121395915,773682,0.0016519
1000PEPEUSDT,BUY,LIMIT,1702121589360,238379,0.0017109
1000PEPEUSDT,SELL,LIMIT,1702121915713,20972,0.0016538
1000PEPEUSDT,SELL,LIMIT,1702121970315,8284,0.0016506
1000PEPEUSDT,SELL,LIMIT,1702122207434,71874,0.0016474
1000PEPEUSDT,BUY,LIMIT,1702122543214,6289,0.0017030
1000PEPEUSDT,SELL,LIMIT,1702123244361,97943,0.0016467
1000PEPEUSDT,SELL,LIMIT,1702123253231,14968,0.0016451
1000PEPEUSDT,SELL,LIMIT,1702123282375,484520,0.0016430
1000PEPEUSDT,SELL,LIMIT,1702123360092,477012,0.0016407
1000PEPEUSDT,SELL,LIMIT,1702123361566,9226,0.0016406
1000PEPEUSDT,SELL,LIMIT,1702123404423,741519,0.0016396
1000PEPEUSDT,BUY,LIMIT,1702123836363,253410,0.0016976
1000PEPEUSDT,SELL,LIMIT,1702124240275,870511,0.0016356
1000PEPEUSDT,SELL,LIMIT,1702124242689,396739,0.0016348
1000PEPEUSDT,SELL,LIMIT,1702124250392,22688,0.0016333
1000PEPEUSDT,SELL,LIMIT,1702124255655,97771,0.0016324
1000PEPEUSDT,SELL,LIMIT,1702124263228,30700,0.0016318
1000PEPEUSDT,SELL,LIMIT,1702124337489,353472,0.0016287
1000PEPEUSDT,SELL,LIMIT,1702124339376,463571,0.0016267
1000PEPEUSDT,SELL,LIMIT,1702124379774,2016241,0.0016287
1000PEPEUSDT,SELL,LIMIT,1702124497193,1417099,0.0016259
1000PEPEUSDT,SELL,LIMIT,1702124499659,1184296,0.0016240
1000PEPEUSDT,SELL,LIMIT,1702124590149,5657,0.0016211
1000PEPEUSDT,BUY,LIMIT,1702124802561,212417,0.0016792
1000PEPEUSDT,SELL,LIMIT,1702125077247,2992,0.0016208
1000PEPEUSDT,SELL,LIMIT,1702125080105,712849,0.0016186
1000PEPEUSDT,SELL,LIMIT,1702125081320,46942,0.0016197
1000PEPEUSDT,SELL,LIMIT,1702125860623,1241088,0.0016169
1000PEPEUSDT,SELL,LIMIT,1702125864628,172065,0.0016145
1000PEPEUSDT,SELL,LIMIT,1702125874404,178954,0.0016139
1000PEPEUSDT,SELL,LIMIT,1702125883257,1569539,0.0016179
1000PEPEUSDT,SELL,LIMIT,1702125884294,1259446,0.0016128
1000PEPEUSDT,BUY,LIMIT,1702126298731,29724,0.0016747
1000PEPEUSDT,BUY,LIMIT,1702126785796,117230,0.0016819
1000PEPEUSDT,BUY,LIMIT,1702127041861,35449,0.0016877
1000PEPEUSDT,BUY,LIMIT,1702127697552,131352,0.0016907
1000PEPEUSDT,SELL,LIMIT,1702127908206,58837,0.0016533
1000PEPEUSDT,BUY,LIMIT,1702128126111,589235,0.0016959
1000PEPEUSDT,BUY,LIMIT,1702128251271,776700,0.0016967
1000PEPEUSDT,BUY,LIMIT,1702128431083,64482,0.0017006
1000PEPEUSDT,SELL,LIMIT,1702128662718,89202,0.0016437
1000PEPEUSDT,SELL,LIMIT,1702128686849,29861,0.0016413
1000PEPEUSDT,SELL,LIMIT,1702128789680,153856,0.0016483
1000PEPEUSDT,BUY,LIMIT,1702128828527,307667,0.0017034
1000PEPEUSDT,BUY,LIMIT,1702128845602,911814,0.0017046
1000PEPEUSDT,SELL,LIMIT,1702129168468,359633,0.0016469
1000PEPEUSDT,BUY,LIMIT,1702129485430,578139,0.0017058
1000PEPEUSDT,BUY,LIMIT,1702129588294,2238805,0.0017081
1000PEPEUSDT,SELL,LIMIT,1702130295204,7272,0.0016510
1000PEPEUSDT,SELL,LIMIT,1702130320117,100000,0.0016453
1000PEPEUSDT,SELL,LIMIT,1702130594467,23777,0.0016409
1000PEPEUSDT,SELL,LIMIT,1702130608200,45544,0.0016405
1000PEPEUSDT,SELL,LIMIT,1702130620450,389077,0.0016390
1000PEPEUSDT,BUY,LIMIT,1702130821042,403501,0.0016924
1000PEPEUSDT,BUY,LIMIT,1702131211828,397275,0.0016979
1000PEPEUSDT,SELL,LIMIT,1702132019060,10917,0.0016450
1000PEPEUSDT,SELL,LIMIT,1702132044117,2686026,0.0016418
1000PEPEUSDT,SELL,LIMIT,1702132063366,84002,0.0016381
1000PEPEUSDT,SELL,LIMIT,1702132232371,97675,0.0016350
1000PEPEUSDT,SELL,LIMIT,1702132270303,1230604,0.0016324
1000PEPEUSDT,SELL,LIMIT,1702132271413,973299,0.0016327
1000PEPEUSDT,SELL,LIMIT,1702132388268,739562,0.0016300
1000PEPEUSDT,SELL,LIMIT,1702132458396,20738,0.0016287
1000PEPEUSDT,SELL,LIMIT,1702132461068,1054139,0.0016285
1000PEPEUSDT,SELL,LIMIT,1702132464893,1234939,0.0016273
1000PEPEUSDT,SELL,LIMIT,1702132484974,61515,0.0016251
1000PEPEUSDT,SELL,LIMIT,1702132585603,405516,0.0016245
1000PEPEUSDT,SELL,LIMIT,1702132599532,8408,0.0016265
1000PEPEUSDT,SELL,LIMIT,1702132652543,3041,0.0016198
1000PEPEUSDT,SELL,LIMIT,1702132676211,216113,0.0016200
1000PEPEUSDT,SELL,LIMIT,1702132819287,103528,0.0016184
1000PEPEUSDT,SELL,LIMIT,1702132822296,365827,0.0016164
1000PEPEUSDT,SELL,LIMIT,1702132921705,89200,0.0016134
1000PEPEUSDT,SELL,LIMIT,1702132923683,926483,0.0016133
1000PEPEUSDT,SELL,LIMIT,1702132953135,82646,0.0016434
1000PEPEUSDT,SELL,LIMIT,1702132992429,29228,0.0016116
1000PEPEUSDT,SELL,LIMIT,1702132994946,59648,0.0016097
1000PEPEUSDT,SELL,LIMIT,1702132996176,15283,0.0016073
1000PEPEUSDT,SELL,LIMIT,1702132997827,216677,0.0016059
1000PEPEUSDT,SELL,LIMIT,1702132999228,15913,0.0016053
1000PEPEUSDT,SELL,LIMIT,1702133000341,3323,0.0016009
1000PEPEUSDT,SELL,LIMIT,1702133001432,6236,0.0016025
1000PEPEUSDT,SELL,LIMIT,1702133003493,1000000,0.0015983
1000PEPEUSDT,SELL,LIMIT,1702133004649,1487270,0.0015989
1000PEPEUSDT,SELL,LIMIT,1702133005863,1476969,0.0015960
1000PEPEUSDT,SELL,LIMIT,1702133007102,664966,0.0015948
1000PEPEUSDT,SELL,LIMIT,1702133008363,11918,0.0015934
1000PEPEUSDT,SELL,LIMIT,1702133009470,3025901,0.0015922
1000PEPEUSDT,SELL,LIMIT,1702133321216,11051,0.0016050
1000PEPEUSDT,SELL,LIMIT,1702133327052,609793,0.0016024
1000PEPEUSDT,SELL,LIMIT,1702133330283,45795,0.0016005
1000PEPEUSDT,SELL,LIMIT,1702133331919,3501,0.0015989
1000PEPEUSDT,SELL,LIMIT,1702133334191,349552,0.0015979
1000PEPEUSDT,SELL,LIMIT,1702133622759,44931,0.0015967
1000PEPEUSDT,BUY,LIMIT,1702133879591,30710,0.0016603
1000PEPEUSDT,SELL,LIMIT,1702134125547,188785,0.0016099
1000PEPEUSDT,SELL,LIMIT,1702134143718,256632,0.0016067
1000PEPEUSDT,SELL,LIMIT,1702134166897,96115,0.0016063
1000PEPEUSDT,SELL,LIMIT,1702134322739,187627,0.0016050
1000PEPEUSDT,SELL,LIMIT,1702134512225,156608,0.0015917
1000PEPEUSDT,SELL,LIMIT,1702134513392,888261,0.0015918
1000PEPEUSDT,SELL,LIMIT,1702134514400,140865,0.0015913
1000PEPEUSDT,SELL,LIMIT,1702134793222,84089,0.0015899
1000PEPEUSDT,SELL,LIMIT,1702134831069,27925,0.0015892
1000PEPEUSDT,SELL,LIMIT,1702134878742,174992,0.0015887
1000PEPEUSDT,SELL,LIMIT,1702134882304,109774,0.0015883
1000PEPEUSDT,SELL,LIMIT,1702134884569,32101,0.0015870
1000PEPEUSDT,SELL,LIMIT,1702134947655,356408,0.0015862
1000PEPEUSDT,BUY,LIMIT,1702135846514,53610,0.0016461
1000PEPEUSDT,BUY,LIMIT,1702136019287,2305519,0.0016472
1000PEPEUSDT,SELL,LIMIT,1702136184800,3211,0.0015926
1000PEPEUSDT,BUY,LIMIT,1702136734531,37432,0.0016499
1000PEPEUSDT,BUY,LIMIT,1702136736332,338426,0.0016510
1000PEPEUSDT,BUY,LIMIT,1702136748507,32892,0.0016571
1000PEPEUSDT,SELL,LIMIT,1702137698694,30419,0.0016125
1000PEPEUSDT,SELL,LIMIT,1702137721415,3044472,0.0016099
1000PEPEUSDT,BUY,LIMIT,1702137880568,2160804,0.0016632
1000PEPEUSDT,SELL,LIMIT,1702138654372,646011,0.0016073
1000PEPEUSDT,SELL,LIMIT,1702138689596,599771,0.0016069
1000PEPEUSDT,SELL,LIMIT,1702138692244,305362,0.0016054
1000PEPEUSDT,SELL,LIMIT,1702138694592,15657,0.0016048
1000PEPEUSDT,SELL,LIMIT,1702138699329,4641,0.0016042
1000PEPEUSDT,SELL,LIMIT,1702138949118,382457,0.0015996
1000PEPEUSDT,SELL,LIMIT,1702138953249,221460,0.0015973
1000PEPEUSDT,SELL,LIMIT,1702138963988,1079847,0.0015973
1000PEPEUSDT,SELL,LIMIT,1702139008151,100000,0.0015898
1000PEPEUSDT,SELL,LIMIT,1702139124340,23358,0.0015895
1000PEPEUSDT,SELL,LIMIT,1702139264810,21489,0.0015880
1000PEPEUSDT,SELL,LIMIT,1702139267474,44197,0.0015879
1000PEPEUSDT,SELL,LIMIT,1702139270933,244881,0.0015878
1000PEPEUSDT,SELL,LIMIT,1702139273144,285871,0.0015872
1000PEPEUSDT,SELL,LIMIT,1702139274338,512563,0.0015864
1000PEPEUSDT,SELL,LIMIT,1702139278749,223294,0.0015844
1000PEPEUSDT,SELL,LIMIT,1702139279811,191446,0.0015836
1000PEPEUSDT,SELL,LIMIT,1702139282328,5129995,0.0015780
1000PEPEUSDT,SELL,LIMIT,1702139286375,903059,0.0015786
1000PEPEUSDT,SELL,LIMIT,1702139292804,200042,0.0015782
1000PEPEUSDT,SELL,LIMIT,1702139294150,151047,0.0015779
1000PEPEUSDT,SELL,LIMIT,1702139295160,209290,0.0015772
1000PEPEUSDT,BUY,LIMIT,1702139347377,135168,0.0016336
1000PEPEUSDT,SELL,LIMIT,1702139473484,14510,0.0015775
1000PEPEUSDT,BUY,LIMIT,1702139718869,127368,0.0016485
1000PEPEUSDT,BUY,LIMIT,1702140484480,175234,0.0016613
1000PEPEUSDT,BUY,LIMIT,1702140511808,1069261,0.0016646
1000PEPEUSDT,BUY,LIMIT,1702140538233,145722,0.0016687
1000PEPEUSDT,BUY,LIMIT,1702141208001,100343,0.0016705
1000PEPEUSDT,SELL,LIMIT,1702141212235,58553,0.0016188
1000PEPEUSDT,BUY,LIMIT,1702141301072,27282,0.0016716
1000PEPEUSDT,BUY,LIMIT,1702141333901,53939,0.0016721
1000PEPEUSDT,BUY,LIMIT,1702141336051,37845,0.0016735
1000PEPEUSDT,SELL,LIMIT,1702141563391,56147,0.0016097
1000PEPEUSDT,SELL,LIMIT,1702141667069,69032,0.0016097
1000PEPEUSDT,SELL,LIMIT,1702141679158,305270,0.0016028
1000PEPEUSDT,SELL,LIMIT,1702141703823,130000,0.0016017
1000PEPEUSDT,SELL,LIMIT,1702141705939,341802,0.0016008
1000PEPEUSDT,SELL,LIMIT,1702141708331,196027,0.0015993
1000PEPEUSDT,SELL,LIMIT,1702141726185,743416,0.0015987
1000PEPEUSDT,SELL,LIMIT,1702141740644,342896,0.0015975
1000PEPEUSDT,SELL,LIMIT,1702141752444,12037,0.0015948
1000PEPEUSDT,SELL,LIMIT,1702141848544,67576,0.0015881
1000PEPEUSDT,BUY,LIMIT,1702142414586,33801,0.0016535
1000PEPEUSDT,SELL,LIMIT,1702142750425,28688,0.0016018
1000PEPEUSDT,SELL,LIMIT,1702142777497,407799,0.0016044
1000PEPEUSDT,SELL,LIMIT,1702143022203,136449,0.0015903
1000PEPEUSDT,SELL,LIMIT,1702144031897,69839,0.0015958
1000PEPEUSDT,SELL,LIMIT,1702144120300,342942,0.0015952
1000PEPEUSDT,SELL,LIMIT,1702144627130,4276,0.0016146
1000PEPEUSDT,SELL,LIMIT,1702144629067,929610,0.0016071
1000PEPEUSDT,SELL,LIMIT,1702144704435,4650892,0.0015924
1000PEPEUSDT,SELL,LIMIT,1702144789356,19527,0.0015857
1000PEPEUSDT,SELL,LIMIT,1702144812091,536354,0.0015830
1000PEPEUSDT,SELL,LIMIT,1702144844534,937547,0.0015807
1000PEPEUSDT,SELL,LIMIT,1702144865827,184195,0.0015773
1000PEPEUSDT,SELL,LIMIT,1702144944094,1713139,0.0015763
1000PEPEUSDT,SELL,LIMIT,1702144947177,2222,0.0015686
1000PEPEUSDT,SELL,LIMIT,1702144948234,61768,0.0015745
1000PEPEUSDT,SELL,LIMIT,1702144950227,633192,0.0015635
1000PEPEUSDT,SELL,LIMIT,1702144951351,19535,0.0015654
1000PEPEUSDT,SELL,LIMIT,1702144957603,6460,0.0015718
1000PEPEUSDT,SELL,LIMIT,1702145021965,264785,0.0015670
1000PEPEUSDT,BUY,LIMIT,1702145184944,62500,0.0016308
1000PEPEUSDT,BUY,LIMIT,1702145265124,800488,0.0016352
1000PEPEUSDT,BUY,LIMIT,1702146914910,600000,0.0016491
1000PEPEUSDT,BUY,LIMIT,1702147207125,33882,0.0016536
1000PEPEUSDT,BUY,LIMIT,1702147428968,246533,0.0016544
1000PEPEUSDT,BUY,LIMIT,1702147819356,2176508,0.0016584
1000PEPEUSDT,BUY,LIMIT,1702147831203,3023758,0.0016607
1000PEPEUSDT,BUY,LIMIT,1702148735086,704991,0.0016618
1000PEPEUSDT,BUY,LIMIT,1702149103503,37233,0.0016636
1000PEPEUSDT,BUY,LIMIT,1702149118127,453453,0.0016650
1000PEPEUSDT,BUY,LIMIT,1702149792127,26017,0.0016680
1000PEPEUSDT,BUY,LIMIT,1702149794901,4086,0.0016683
1000PEPEUSDT,BUY,LIMIT,1702149798644,183206,0.0016690
1000PEPEUSDT,BUY,LIMIT,1702149802130,12652,0.0016699
1000PEPEUSDT,SELL,LIMIT,1702150952235,1000000,0.0016143
1000PEPEUSDT,SELL,LIMIT,1702151125787,6075,0.0016135
1000PEPEUSDT,BUY,LIMIT,1702152161997,39457,0.0016632
1000PEPEUSDT,SELL,LIMIT,1702152915116,4801,0.0016045
1000PEPEUSDT,SELL,LIMIT,1702152950135,141008,0.0016025
1000PEPEUSDT,SELL,LIMIT,1702153000775,33135,0.0015993
1000PEPEUSDT,SELL,LIMIT,1702153012676,511492,0.0015979
1000PEPEUSDT,SELL,LIMIT,1702153021923,188035,0.0015969
1000PEPEUSDT,BUY,LIMIT,1702153303149,107007,0.0016521
1000PEPEUSDT,BUY,LIMIT,1702153324180,28684,0.0016559
1000PEPEUSDT,SELL,LIMIT,1702153694256,2361040,0.0016010
1000PEPEUSDT,SELL,LIMIT,1702153700171,30459,0.0016000
1000PEPEUSDT,BUY,LIMIT,1702153704044,1431155,0.0016486
1000PEPEUSDT,SELL,LIMIT,1702153729391,145080,0.0016006
1000PEPEUSDT,SELL,LIMIT,1702153733437,11029,0.0015991
1000PEPEUSDT,SELL,LIMIT,1702153895404,4239,0.0015937
1000PEPEUSDT,SELL,LIMIT,1702154070069,23489,0.0015885
1000PEPEUSDT,SELL,LIMIT,1702154074981,9507,0.0015881
1000PEPEUSDT,BUY,LIMIT,1702155115167,666168,0.0016580
1000PEPEUSDT,BUY,LIMIT,1702155117348,4675,0.0016591
1000PEPEUSDT,SELL,LIMIT,1702156110299,43101,0.0015938
1000PEPEUSDT,SELL,LIMIT,1702156143174,62727,0.0015917
1000PEPEUSDT,SELL,LIMIT,1702156256956,291556,0.0015896
1000PEPEUSDT,SELL,LIMIT,1702156258699,5389,0.0015896
1000PEPEUSDT,SELL,LIMIT,1702156259859,120296,0.0015883
1000PEPEUSDT,SELL,LIMIT,1702156348615,3087927,0.0015865
1000PEPEUSDT,SELL,LIMIT,1702156353096,557247,0.0015860
1000PEPEUSDT,SELL,LIMIT,1702156398428,122701,0.0015835
1000PEPEUSDT,SELL,LIMIT,1702156530474,135583,0.0015818
1000PEPEUSDT,BUY,LIMIT,1702156848164,101705,0.0016402
1000PEPEUSDT,BUY,LIMIT,1702157947453,48328,0.0016555
1000PEPEUSDT,SELL,LIMIT,1702159242787,153252,0.0015973
1000PEPEUSDT,SELL,LIMIT,1702159577575,460546,0.0015964
1000PEPEUSDT,SELL,LIMIT,1702160360187,33282,0.0015984
1000PEPEUSDT,SELL,LIMIT,1702160361476,310076,0.0015979
1000PEPEUSDT,SELL,LIMIT,1702161083337,640613,0.0015872
1000PEPEUSDT,SELL,LIMIT,1702161380646,994804,0.0015881
1000PEPEUSDT,SELL,LIMIT,1702161724110,32785,0.0015815
1000PEPEUSDT,SELL,LIMIT,1702161777536,62890,0.0015797
1000PEPEUSDT,SELL,LIMIT,1702161791166,183385,0.0015794
1000PEPEUSDT,SELL,LIMIT,1702162016202,922509,0.0015777
1000PEPEUSDT,SELL,LIMIT,1702162111453,599053,0.0015778
1000PEPEUSDT,SELL,LIMIT,1702162313166,919230,0.0015758
1000PEPEUSDT,SELL,LIMIT,1702162315386,3052095,0.0015730
1000PEPEUSDT,SELL,LIMIT,1702162316417,78909,0.0015746
1000PEPEUSDT,SELL,LIMIT,1702162322160,1645816,0.0015712
1000PEPEUSDT,SELL,LIMIT,1702162343718,5694105,0.0015673
1000PEPEUSDT,SELL,LIMIT,1702162347928,12287,0.0015703
1000PEPEUSDT,SELL,LIMIT,1702162371179,89219,0.0015689
1000PEPEUSDT,SELL,LIMIT,1702162428066,1384880,0.0015687
1000PEPEUSDT,SELL,LIMIT,1702162474539,182883,0.0015651
1000PEPEUSDT,SELL,LIMIT,1702162482078,10162,0.0015637
1000PEPEUSDT,SELL,LIMIT,1702162552067,3000060,0.0015646
1000PEPEUSDT,SELL,LIMIT,1702162564235,30473,0.0015625
1000PEPEUSDT,SELL,LIMIT,1702162566245,1193991,0.0015620
1000PEPEUSDT,SELL,LIMIT,1702162579088,23421,0.0015542
1000PEPEUSDT,SELL,LIMIT,1702162580133,5781,0.0015566
1000PEPEUSDT,SELL,LIMIT,1702162585845,24543,0.0015543
1000PEPEUSDT,SELL,LIMIT,1702162588024,4997,0.0015544
1000PEPEUSDT,SELL,LIMIT,1702163077889,651854,0.0015570
1000PEPEUSDT,SELL,LIMIT,1702164051095,4909,0.0015477
1000PEPEUSDT,SELL,LIMIT,1702164052107,539501,0.0015475
1000PEPEUSDT,SELL,LIMIT,1702164053125,3699,0.0015400
1000PEPEUSDT,SELL,LIMIT,1702164055232,270548,0.0015255
1000PEPEUSDT,SELL,LIMIT,1702164056248,994018,0.0015251
1000PEPEUSDT,SELL,LIMIT,1702164084501,1180411,0.0015248
1000PEPEUSDT,SELL,LIMIT,1702164091330,20699,0.0015250
1000PEPEUSDT,SELL,LIMIT,1702164092536,74128,0.0015204
1000PEPEUSDT,SELL,LIMIT,1702164093543,368715,0.0015223
1000PEPEUSDT,SELL,LIMIT,1702164095583,118616,0.0015191
1000PEPEUSDT,SELL,LIMIT,1702164097214,1541205,0.0015184
1000PEPEUSDT,SELL,LIMIT,1702164105633,1089562,0.0015187
1000PEPEUSDT,SELL,LIMIT,1702164124138,175403,0.0015176
1000PEPEUSDT,SELL,LIMIT,1702164130071,85557,0.0015172
1000PEPEUSDT,SELL,LIMIT,1702164135036,1500000,0.0015198
1000PEPEUSDT,SELL,LIMIT,1702164142095,974854,0.0015178
1000PEPEUSDT,SELL,LIMIT,1702164246714,2698656,0.0015159
1000PEPEUSDT,SELL,LIMIT,1702164247718,204802,0.0015143
1000PEPEUSDT,SELL,LIMIT,1702164248748,4393,0.0015123
1000PEPEUSDT,SELL,LIMIT,1702164271186,1302153,0.0015118
1000PEPEUSDT,SELL,LIMIT,1702164281054,3682,0.0015114
1000PEPEUSDT,SELL,LIMIT,1702164313884,603724,0.0015130
1000PEPEUSDT,SELL,LIMIT,1702164508727,617131,0.0015133
1000PEPEUSDT,SELL,LIMIT,1702164511254,11115,0.0015130
1000PEPEUSDT,SELL,LIMIT,1702164527969,29741,0.0015135
1000PEPEUSDT,SELL,LIMIT,1702164530394,12493,0.0015142
1000PEPEUSDT,SELL,LIMIT,1702164531561,99805,0.0015137
1000PEPEUSDT,SELL,LIMIT,1702164533449,270863,0.0015144
1000PEPEUSDT,SELL,LIMIT,1702164538495,372442,0.0015147
1000PEPEUSDT,SELL,LIMIT,1702164541269,2166117,0.0015137
1000PEPEUSDT,SELL,LIMIT,1702164543117,1489105,0.0015105
1000PEPEUSDT,SELL,LIMIT,1702164544201,33950,0.0015102
1000PEPEUSDT,SELL,LIMIT,1702164545235,23657,0.0015080
1000PEPEUSDT,SELL,LIMIT,1702164546331,5047318,0.0015062
1000PEPEUSDT,SELL,LIMIT,1702164548199,6913,0.0015074
1000PEPEUSDT,SELL,LIMIT,1702164550110,5294,0.0015073
1000PEPEUSDT,SELL,LIMIT,1702164551325,87620,0.0015066
1000PEPEUSDT,SELL,LIMIT,1702164554069,10326099,0.0014982
1000PEPEUSDT,SELL,LIMIT,1702164555128,710038,0.0015052
1000PEPEUSDT,SELL,LIMIT,1702164557057,237051,0.0015048
1000PEPEUSDT,BUY,LIMIT,1702164578662,2772872,0.0015516
1000PEPEUSDT,SELL,LIMIT,1702164675106,570712,0.0015076
1000PEPEUSDT,SELL,LIMIT,1702164733098,150058,0.0015041
1000PEPEUSDT,SELL,LIMIT,1702164738053,52147,0.0015037
1000PEPEUSDT,SELL,LIMIT,1702164739098,1972598,0.0015035
1000PEPEUSDT,SELL,LIMIT,1702164742239,6728431,0.0015015
1000PEPEUSDT,SELL,LIMIT,1702164743769,75757,0.0015035
1000PEPEUSDT,SELL,LIMIT,1702164746480,662626,0.0015023
1000PEPEUSDT,SELL,LIMIT,1702164748497,535568,0.0015023
1000PEPEUSDT,SELL,LIMIT,1702164750121,73389,0.0015006
1000PEPEUSDT,SELL,LIMIT,1702164751280,113452,0.0015012
1000PEPEUSDT,SELL,LIMIT,1702164752417,196895,0.0014979
1000PEPEUSDT,SELL,LIMIT,1702164754457,92111,0.0014978
1000PEPEUSDT,SELL,LIMIT,1702164755554,1024061,0.0014976
1000PEPEUSDT,SELL,LIMIT,1702164756694,449095,0.0014967
1000PEPEUSDT,SELL,LIMIT,1702164792173,2644641,0.0014986
1000PEPEUSDT,SELL,LIMIT,1702164798447,7452,0.0014983
1000PEPEUSDT,SELL,LIMIT,1702164799700,1829869,0.0014968
1000PEPEUSDT,SELL,LIMIT,1702164801616,45339,0.0014970
1000PEPEUSDT,SELL,LIMIT,1702164802642,3005600,0.0014959
1000PEPEUSDT,SELL,LIMIT,1702164803976,3459816,0.0014953
1000PEPEUSDT,SELL,LIMIT,1702164805210,7549787,0.0014891
1000PEPEUSDT,SELL,LIMIT,1702164806351,88134,0.0014970
1000PEPEUSDT,SELL,LIMIT,1702164807459,29618332,0.0014805
1000PEPEUSDT,SELL,LIMIT,1702164809400,4425,0.0014928
1000PEPEUSDT,SELL,LIMIT,1702164810537,17371,0.0014890
1000PEPEUSDT,SELL,LIMIT,1702164811563,3251707,0.0014889
1000PEPEUSDT,SELL,LIMIT,1702164812769,425512,0.0014879
1000PEPEUSDT,SELL,LIMIT,1702164854007,698973,0.0014891
1000PEPEUSDT,BUY,LIMIT,1702166007379,41498,0.0015568
1000PEPEUSDT,BUY,LIMIT,1702166479554,64386,0.0015646
1000PEPEUSDT,SELL,LIMIT,1702166849881,62037,0.0015084
1000PEPEUSDT,SELL,LIMIT,1702167757973,1001051,0.0015087
1000PEPEUSDT,BUY,LIMIT,1702167764791,3276,0.0015517
1000PEPEUSDT,BUY,LIMIT,1702167887236,3703,0.0015546
1000PEPEUSDT,SELL,LIMIT,1702168150686,5102,0.0015316
1000PEPEUSDT,SELL,LIMIT,1702170550683,113558,0.0015128
1000PEPEUSDT,SELL,LIMIT,1702170957220,315942,0.0015084
1000PEPEUSDT,SELL,LIMIT,1702172122250,280116,0.0015145
1000PEPEUSDT,SELL,LIMIT,1702172123348,148910,0.0015145
1000PEPEUSDT,SELL,LIMIT,1702173776024,290876,0.0015148
1000PEPEUSDT,SELL,LIMIT,1702173990095,200319,0.0015123
1000PEPEUSDT,SELL,LIMIT,1702174016309,27107,0.0015108
1000PEPEUSDT,SELL,LIMIT,1702174513643,170476,0.0015078
1000PEPEUSDT,SELL,LIMIT,1702174554566,35139,0.0015063
1000PEPEUSDT,BUY,LIMIT,1702175003388,19369,0.0015660
1000PEPEUSDT,SELL,LIMIT,1702175543219,13690,0.0015077
1000PEPEUSDT,SELL,LIMIT,1702176570765,34244,0.0015078
1000PEPEUSDT,SELL,LIMIT,1702176968506,277234,0.0015046
1000PEPEUSDT,SELL,LIMIT,1702176971193,33159,0.0015038
1000PEPEUSDT,SELL,LIMIT,1702177011218,6485,0.0015013
1000PEPEUSDT,SELL,LIMIT,1702177012422,580392,0.0015017
1000PEPEUSDT,SELL,LIMIT,1702177036039,148393,0.0015009
1000PEPEUSDT,SELL,LIMIT,1702178721378,243366,0.0014983
1000PEPEUSDT,SELL,LIMIT,1702178723448,393210,0.0014982
1000PEPEUSDT,SELL,LIMIT,1702178753227,976773,0.0014966
1000PEPEUSDT,SELL,LIMIT,1702178838403,98980,0.0014955
1000PEPEUSDT,SELL,LIMIT,1702178928159,95789,0.0014947
1000PEPEUSDT,SELL,LIMIT,1702178971130,199088,0.0014936
1000PEPEUSDT,BUY,LIMIT,1702180338135,16840,0.0015568
1000PEPEUSDT,BUY,LIMIT,1702180360986,2072899,0.0015601
1000PEPEUSDT,BUY,LIMIT,1702180374810,14054,0.0015613
1000PEPEUSDT,BUY,LIMIT,1702180610821,117833,0.0015719
1000PEPEUSDT,SELL,LIMIT,1702181533785,4657,0.0015154
1000PEPEUSDT,SELL,LIMIT,1702181539267,2084590,0.0015141
1000PEPEUSDT,SELL,LIMIT,1702181563732,807941,0.0015135
1000PEPEUSDT,BUY,LIMIT,1702181884787,6880,0.0015678
1000PEPEUSDT,BUY,LIMIT,1702182277445,1263836,0.0015735
1000PEPEUSDT,BUY,LIMIT,1702186180225,12438,0.0015783
1000PEPEUSDT,BUY,LIMIT,1702186197422,3308,0.0015793
1000PEPEUSDT,BUY,LIMIT,1702186250319,1029331,0.0015799
1000PEPEUSDT,BUY,LIMIT,1702186306344,238753,0.0015822
1000PEPEUSDT,BUY,LIMIT,1702186316260,300000,0.0015842
1000PEPEUSDT,BUY,LIMIT,1702186486917,5944,0.0015869
1000PEPEUSDT,BUY,LIMIT,1702187924905,62483,0.0015962
1000PEPEUSDT,BUY,LIMIT,1702187937132,12278,0.0015968
1000PEPEUSDT,SELL,LIMIT,1702188387872,115104,0.0015330
1000PEPEUSDT,SELL,LIMIT,1702189080020,120690,0.0015289
1000PEPEUSDT,SELL,LIMIT,1702189871044,60695,0.0015220
1000PEPEUSDT,BUY,LIMIT,1702190728216,171888,0.0015771
1000PEPEUSDT,SELL,LIMIT,1702191012476,1033336,0.0015209
1000PEPEUSDT,SELL,LIMIT,1702191095402,1126,0.0015180
1000PEPEUSDT,SELL,LIMIT,1702191100317,886584,0.0015171
1000PEPEUSDT,SELL,LIMIT,1702191109105,142284,0.0015153
1000PEPEUSDT,SELL,LIMIT,1702191988709,1050859,0.0015139
1000PEPEUSDT,SELL,LIMIT,1702192546232,55098,0.0015113
1000PEPEUSDT,SELL,LIMIT,1702192673368,137198,0.0015108
1000PEPEUSDT,SELL,LIMIT,1702192696584,40875,0.0015094
1000PEPEUSDT,SELL,LIMIT,1702192708989,13912,0.0015074
1000PEPEUSDT,SELL,LIMIT,1702192741912,27011,0.0015055
1000PEPEUSDT,SELL,LIMIT,1702192806449,9706,0.0015042
1000PEPEUSDT,SELL,LIMIT,1702192828272,18579,0.0015039
1000PEPEUSDT,SELL,LIMIT,1702192881768,662051,0.0015016
1000PEPEUSDT,SELL,LIMIT,1702192883717,1954453,0.0015005
1000PEPEUSDT,SELL,LIMIT,1702193719928,1532178,0.0015036
1000PEPEUSDT,SELL,LIMIT,1702193848645,100000,0.0014993
1000PEPEUSDT,SELL,LIMIT,1702193851490,37130,0.0014988
1000PEPEUSDT,BUY,LIMIT,1702195129070,2865142,0.0015657
1000PEPEUSDT,SELL,LIMIT,1702195607517,280737,0.0015149
1000PEPEUSDT,SELL,LIMIT,1702195689324,240391,0.0015124
1000PEPEUSDT,SELL,LIMIT,1702195717349,88708,0.0015130
1000PEPEUSDT,SELL,LIMIT,1702196160291,18366,0.0015110
1000PEPEUSDT,SELL,LIMIT,1702196667856,12520,0.0015060
1000PEPEUSDT,SELL,LIMIT,1702196674386,386372,0.0015050
1000PEPEUSDT,SELL,LIMIT,1702196719164,5661,0.0015040
1000PEPEUSDT,SELL,LIMIT,1702197057416,324781,0.0015006
1000PEPEUSDT,SELL,LIMIT,1702197085611,19781,0.0014984
1000PEPEUSDT,BUY,LIMIT,1702197199619,321477,0.0015573
1000PEPEUSDT,SELL,LIMIT,1702197417041,662302,0.0015052
1000PEPEUSDT,BUY,LIMIT,1702198365370,225337,0.0015613
1000PEPEUSDT,BUY,LIMIT,1702199255434,44850,0.0015673
1000PEPEUSDT,BUY,LIMIT,1702199333495,169771,0.0015676
1000PEPEUSDT,BUY,LIMIT,1702199431656,31166,0.0015689
1000PEPEUSDT,SELL,LIMIT,1702200329773,672979,0.0015161
1000PEPEUSDT,SELL,LIMIT,1702200332293,8401,0.0015155
1000PEPEUSDT,SELL,LIMIT,1702200353212,151599,0.0015146
1000PEPEUSDT,SELL,LIMIT,1702200447177,981425,0.0015126
1000PEPEUSDT,SELL,LIMIT,1702200448923,112058,0.0015125
1000PEPEUSDT,SELL,LIMIT,1702200765438,979431,0.0015064
1000PEPEUSDT,SELL,LIMIT,1702200788051,10000,0.0015047
1000PEPEUSDT,SELL,LIMIT,1702200802312,13058,0.0015040
1000PEPEUSDT,SELL,LIMIT,1702200886235,32191,0.0015021
1000PEPEUSDT,SELL,LIMIT,1702200891835,27649,0.0015013
1000PEPEUSDT,SELL,LIMIT,1702200929753,82132,0.0015010
1000PEPEUSDT,BUY,LIMIT,1702200972371,276588,0.0015527
1000PEPEUSDT,SELL,LIMIT,1702201432279,685445,0.0015003
1000PEPEUSDT,SELL,LIMIT,1702201480473,1821933,0.0014987
1000PEPEUSDT,SELL,LIMIT,1702202082134,687543,0.0014974
1000PEPEUSDT,SELL,LIMIT,1702202083515,16012,0.0014970
1000PEPEUSDT,SELL,LIMIT,1702202085093,5268,0.0014969
1000PEPEUSDT,SELL,LIMIT,1702202111871,86207,0.0014940
1000PEPEUSDT,SELL,LIMIT,1702202164366,570071,0.0014926
1000PEPEUSDT,SELL,LIMIT,1702202195146,106208,0.0014909
1000PEPEUSDT,SELL,LIMIT,1702202196270,330716,0.0014905
1000PEPEUSDT,SELL,LIMIT,1702202206681,3939,0.0014895
1000PEPEUSDT,SELL,LIMIT,1702202208553,18543,0.0014881
1000PEPEUSDT,SELL,LIMIT,1702202222177,78387,0.0014872
1000PEPEUSDT,SELL,LIMIT,1702202223382,116204,0.0014873
1000PEPEUSDT,SELL,LIMIT,1702202256295,3254361,0.0014855
1000PEPEUSDT,SELL,LIMIT,1702202261419,72481,0.0014852
1000PEPEUSDT,SELL,LIMIT,1702202262435,286456,0.0014854
1000PEPEUSDT,SELL,LIMIT,1702202263802,30794,0.0014850
1000PEPEUSDT,SELL,LIMIT,1702202267739,32270,0.0014850
1000PEPEUSDT,SELL,LIMIT,1702202272710,171101,0.0014850
1000PEPEUSDT,SELL,LIMIT,1702202273752,140337,0.0014850
1000PEPEUSDT,SELL,LIMIT,1702202277159,2803047,0.0014845
1000PEPEUSDT,SELL,LIMIT,1702202278178,39091,0.0014845
1000PEPEUSDT,SELL,LIMIT,1702202280603,66306,0.0014834
1000PEPEUSDT,SELL,LIMIT,1702202290684,489961,0.0014829
1000PEPEUSDT,SELL,LIMIT,1702202294179,918156,0.0014810
1000PEPEUSDT,SELL,LIMIT,1702202295248,984337,0.0014817
1000PEPEUSDT,SELL,LIMIT,1702202322399,24829,0.0014810
1000PEPEUSDT,SELL,LIMIT,1702202324456,152844,0.0014801
1000PEPEUSDT,SELL,LIMIT,1702202367519,160167,0.0014793
1000PEPEUSDT,SELL,LIMIT,1702202370270,4456,0.0014783
1000PEPEUSDT,SELL,LIMIT,1702202371283,1296176,0.0014777
1000PEPEUSDT,SELL,LIMIT,1702202372514,330207,0.0014776
1000PEPEUSDT,SELL,LIMIT,1702202374162,43540,0.0014766
1000PEPEUSDT,SELL,LIMIT,1702202375186,321812,0.0014773
1000PEPEUSDT,SELL,LIMIT,1702202376804,1431253,0.0014764
1000PEPEUSDT,SELL,LIMIT,1702202379361,7372,0.0014770
1000PEPEUSDT,SELL,LIMIT,1702202380362,3299,0.0014774
1000PEPEUSDT,SELL,LIMIT,1702202386406,1748353,0.0014779
1000PEPEUSDT,SELL,LIMIT,1702202388245,623510,0.0014776
1000PEPEUSDT,SELL,LIMIT,1702202390549,1300126,0.0014781
1000PEPEUSDT,SELL,LIMIT,1702202393404,1957202,0.0014783
1000PEPEUSDT,BUY,LIMIT,1702202603367,194329,0.0015380
1000PEPEUSDT,BUY,LIMIT,1702202693461,109539,0.0015455
1000PEPEUSDT,BUY,LIMIT,1702203871338,17564,0.0015581
1000PEPEUSDT,BUY,LIMIT,1702203939435,83440,0.0015601
1000PEPEUSDT,SELL,LIMIT,1702204711117,1935677,0.0015068
1000PEPEUSDT,SELL,LIMIT,1702204715262,93942,0.0015063
1000PEPEUSDT,BUY,LIMIT,1702205276834,169931,0.0015663
1000PEPEUSDT,BUY,LIMIT,1702205279724,72258,0.0015668
1000PEPEUSDT,BUY,LIMIT,1702205733638,82591,0.0015687
1000PEPEUSDT,BUY,LIMIT,1702205781291,37579,0.0015690
1000PEPEUSDT,BUY,LIMIT,1702205891224,3282132,0.0015697
1000PEPEUSDT,BUY,LIMIT,1702206079992,3564,0.0015735
1000PEPEUSDT,SELL,LIMIT,1702206426305,967741,0.0015193
1000PEPEUSDT,SELL,LIMIT,1702207857948,938892,0.0015104
1000PEPEUSDT,SELL,LIMIT,1702208148266,100094,0.0015091
1000PEPEUSDT,SELL,LIMIT,1702208320771,3263197,0.0015064
1000PEPEUSDT,SELL,LIMIT,1702208893377,2423,0.0015162
1000PEPEUSDT,BUY,LIMIT,1702210005050,18081,0.0015604
1000PEPEUSDT,BUY,LIMIT,1702210090997,13630,0.0015612
1000PEPEUSDT,SELL,LIMIT,1702211796165,10605,0.0015071
1000PEPEUSDT,SELL,LIMIT,1702211816246,3252311,0.0015061
1000PEPEUSDT,SELL,LIMIT,1702212094897,9125,0.0015059
1000PEPEUSDT,SELL,LIMIT,1702212096796,15956,0.0015056
1000PEPEUSDT,BUY,LIMIT,1702212846771,11535,0.0015686
1000PEPEUSDT,BUY,LIMIT,1702213253052,499265,0.0015700
1000PEPEUSDT,SELL,LIMIT,1702214843886,8180,0.0015151
1000PEPEUSDT,BUY,LIMIT,1702215465550,3251926,0.0015673
1000PEPEUSDT,BUY,LIMIT,1702215708619,267412,0.0015701
1000PEPEUSDT,BUY,LIMIT,1702216150549,32218,0.0015722
1000PEPEUSDT,SELL,LIMIT,1702216683814,5742,0.0015314
1000PEPEUSDT,BUY,LIMIT,1702217132665,8023,0.0015740
1000PEPEUSDT,BUY,LIMIT,1702217175933,67098,0.0015744
1000PEPEUSDT,BUY,LIMIT,1702217184020,195241,0.0015750
1000PEPEUSDT,BUY,LIMIT,1702217215210,113053,0.0015757
1000PEPEUSDT,BUY,LIMIT,1702217227249,95105,0.0015764
1000PEPEUSDT,BUY,LIMIT,1702217229044,1550988,0.0015771
1000PEPEUSDT,BUY,LIMIT,1702217230659,39836,0.0015777
1000PEPEUSDT,BUY,LIMIT,1702217231859,13280,0.0015785
1000PEPEUSDT,BUY,LIMIT,1702217248638,530896,0.0015797
1000PEPEUSDT,BUY,LIMIT,1702217479707,3267,0.0015810
1000PEPEUSDT,BUY,LIMIT,1702217512827,5023,0.0015819
1000PEPEUSDT,SELL,LIMIT,1702218877680,22131,0.0015274
1000PEPEUSDT,SELL,LIMIT,1702218888818,3049171,0.0015256
1000PEPEUSDT,BUY,LIMIT,1702219684316,53726,0.0015824
1000PEPEUSDT,BUY,LIMIT,1702219769180,132512,0.0015871
1000PEPEUSDT,SELL,LIMIT,1702221229556,80409,0.0015229
1000PEPEUSDT,SELL,LIMIT,1702221230571,321312,0.0015227
1000PEPEUSDT,BUY,LIMIT,1702222122673,3157371,0.0015783
1000PEPEUSDT,BUY,LIMIT,1702223173594,238807,0.0015853
1000PEPEUSDT,BUY,LIMIT,1702223319342,13291,0.0015885
1000PEPEUSDT,BUY,LIMIT,1702224068011,4655,0.0015770
1000PEPEUSDT,BUY,LIMIT,1702224436743,29182,0.0015892
1000PEPEUSDT,SELL,LIMIT,1702225702150,18476,0.0015336
1000PEPEUSDT,SELL,LIMIT,1702225744388,63897,0.0015326
1000PEPEUSDT,SELL,LIMIT,1702226199096,288757,0.0015263
1000PEPEUSDT,SELL,LIMIT,1702226958146,656781,0.0015317
1000PEPEUSDT,BUY,LIMIT,1702227473078,33202,0.0015820
1000PEPEUSDT,SELL,LIMIT,1702228534671,26741,0.0015281
1000PEPEUSDT,SELL,LIMIT,1702228556706,34362,0.0015260
1000PEPEUSDT,SELL,LIMIT,1702229322200,638137,0.0015169
1000PEPEUSDT,SELL,LIMIT,1702229339249,25031,0.0015162
1000PEPEUSDT,SELL,LIMIT,1702230619082,312499,0.0015162
1000PEPEUSDT,SELL,LIMIT,1702230621281,5723,0.0015143
1000PEPEUSDT,BUY,LIMIT,1702231398134,508821,0.0015754
1000PEPEUSDT,BUY,LIMIT,1702231421415,102247,0.0015772
1000PEPEUSDT,BUY,LIMIT,1702232307586,353325,0.0015786
1000PEPEUSDT,BUY,LIMIT,1702232748867,1000000,0.0015800
1000PEPEUSDT,BUY,LIMIT,1702232785025,6290,0.0015806
1000PEPEUSDT,BUY,LIMIT,1702233661761,4668,0.0015867
1000PEPEUSDT,BUY,LIMIT,1702233688388,2415298,0.0015880
1000PEPEUSDT,SELL,LIMIT,1702234113497,19600,0.0015324
1000PEPEUSDT,BUY,LIMIT,1702234684176,176874,0.0015884
1000PEPEUSDT,BUY,LIMIT,1702234744258,1667937,0.0015892
1000PEPEUSDT,BUY,LIMIT,1702234770391,1648843,0.0015899
1000PEPEUSDT,BUY,LIMIT,1702234803373,68675,0.0015908
1000PEPEUSDT,BUY,LIMIT,1702235259658,26801,0.0015933
1000PEPEUSDT,BUY,LIMIT,1702235267263,3196930,0.0015956
1000PEPEUSDT,SELL,LIMIT,1702237721615,207727,0.0015418
1000PEPEUSDT,BUY,LIMIT,1702238479074,160449,0.0015985
1000PEPEUSDT,BUY,LIMIT,1702238480154,12977,0.0015978
1000PEPEUSDT,BUY,LIMIT,1702238835245,36999,0.0015995
1000PEPEUSDT,BUY,LIMIT,1702238837131,1199428,0.0016001
1000PEPEUSDT,BUY,LIMIT,1702238839021,260991,0.0016004
1000PEPEUSDT,BUY,LIMIT,1702238840252,545201,0.0016010
1000PEPEUSDT,BUY,LIMIT,1702238955429,67492,0.0016016
1000PEPEUSDT,BUY,LIMIT,1702239096169,26162,0.0016047
1000PEPEUSDT,BUY,LIMIT,1702239148539,16661,0.0016062
1000PEPEUSDT,BUY,LIMIT,1702239324625,1525431,0.0016081
1000PEPEUSDT,BUY,LIMIT,1702239547415,5758,0.0016096
1000PEPEUSDT,BUY,LIMIT,1702239560725,3636,0.0016107
1000PEPEUSDT,BUY,LIMIT,1702239872172,12280,0.0016124
1000PEPEUSDT,BUY,LIMIT,1702240375900,165860,0.0016085
1000PEPEUSDT,SELL,LIMIT,1702240455977,87502,0.0015673
1000PEPEUSDT,SELL,LIMIT,1702240530066,58248,0.0015673
1000PEPEUSDT,BUY,LIMIT,1702240536520,20080,0.0016134
1000PEPEUSDT,BUY,LIMIT,1702240714618,2981986,0.0016118
1000PEPEUSDT,BUY,LIMIT,1702240742545,1425416,0.0016071
1000PEPEUSDT,SELL,LIMIT,1702240744744,7263,0.0015786
1000PEPEUSDT,BUY,LIMIT,1702240758446,1313197,0.0016074
1000PEPEUSDT,BUY,LIMIT,1702240764155,64164,0.0016116
1000PEPEUSDT,SELL,LIMIT,1702240836704,419608,0.0015601
1000PEPEUSDT,SELL,LIMIT,1702240883013,226786,0.0015614
1000PEPEUSDT,BUY,LIMIT,1702241059294,7589042,0.0016207
1000PEPEUSDT,BUY,LIMIT,1702241061875,8357,0.0016151
1000PEPEUSDT,BUY,LIMIT,1702241066415,190777,0.0016154
1000PEPEUSDT,BUY,LIMIT,1702241077664,12932,0.0016164
1000PEPEUSDT,BUY,LIMIT,1702241078885,36077,0.0016166
1000PEPEUSDT,SELL,LIMIT,1702241182472,181,0.0015645
1000PEPEUSDT,BUY,LIMIT,1702241546842,1180083,0.0016190
1000PEPEUSDT,BUY,LIMIT,1702241558941,226713,0.0016203
1000PEPEUSDT,BUY,LIMIT,1702241561221,2796112,0.0016223
1000PEPEUSDT,BUY,LIMIT,1702241562413,975542,0.0016221
1000PEPEUSDT,BUY,LIMIT,1702241563448,7635105,0.0016312
1000PEPEUSDT,BUY,LIMIT,1702241565220,257778,0.0016252
1000PEPEUSDT,BUY,LIMIT,1702241575300,646168,0.0016275
1000PEPEUSDT,BUY,LIMIT,1702241632215,1400000,0.0016291
1000PEPEUSDT,BUY,LIMIT,1702241746997,243579,0.0016305
1000PEPEUSDT,BUY,LIMIT,1702241778347,130115,0.0016307
1000PEPEUSDT,BUY,LIMIT,1702241781357,13192,0.0016320
1000PEPEUSDT,BUY,LIMIT,1702241881222,14737,0.0016331
1000PEPEUSDT,BUY,LIMIT,1702241920979,258925,0.0016352
1000PEPEUSDT,BUY,LIMIT,1702241923905,33386,0.0016357
1000PEPEUSDT,BUY,LIMIT,1702242206318,814532,0.0016359
1000PEPEUSDT,BUY,LIMIT,1702242209667,55183,0.0016362
1000PEPEUSDT,BUY,LIMIT,1702242211275,122145,0.0016364
1000PEPEUSDT,BUY,LIMIT,1702242217602,4702,0.0016370
1000PEPEUSDT,BUY,LIMIT,1702242251683,306372,0.0016396
1000PEPEUSDT,BUY,LIMIT,1702242299471,1286084,0.0016421
1000PEPEUSDT,BUY,LIMIT,1702242304373,675337,0.0016439
1000PEPEUSDT,BUY,LIMIT,1702242306128,5983060,0.0016487
1000PEPEUSDT,BUY,LIMIT,1702242352183,1270228,0.0016470
1000PEPEUSDT,BUY,LIMIT,1702242355694,266614,0.0016478
1000PEPEUSDT,BUY,LIMIT,1702242379892,127388,0.0016481
1000PEPEUSDT,BUY,LIMIT,1702242403441,2348243,0.0016487
1000PEPEUSDT,BUY,LIMIT,1702242425817,34109,0.0016505
1000PEPEUSDT,BUY,LIMIT,1702242461958,391194,0.0016527
1000PEPEUSDT,BUY,LIMIT,1702242464324,10293,0.0016534
1000PEPEUSDT,BUY,LIMIT,1702242470067,409464,0.0016542
1000PEPEUSDT,BUY,LIMIT,1702242500759,1871418,0.0016556
1000PEPEUSDT,BUY,LIMIT,1702242503390,1049475,0.0016572
1000PEPEUSDT,BUY,LIMIT,1702243102423,4029,0.0016456
1000PEPEUSDT,SELL,LIMIT,1702243543828,15749,0.0015926
1000PEPEUSDT,SELL,LIMIT,1702243622330,61881,0.0015842
1000PEPEUSDT,SELL,LIMIT,1702243629672,92581,0.0015840
1000PEPEUSDT,SELL,LIMIT,1702243637676,110624,0.0015831
1000PEPEUSDT,SELL,LIMIT,1702243638679,30334,0.0015830
1000PEPEUSDT,BUY,LIMIT,1702244361591,23942,0.0016402
1000PEPEUSDT,SELL,LIMIT,1702245683793,1576239,0.0015851
1000PEPEUSDT,BUY,LIMIT,1702246326427,115696,0.0016430
1000PEPEUSDT,BUY,LIMIT,1702247020970,10011,0.0016503
1000PEPEUSDT,BUY,LIMIT,1702248112366,211354,0.0016524
1000PEPEUSDT,BUY,LIMIT,1702249230359,59418,0.0016572
1000PEPEUSDT,SELL,LIMIT,1702249584786,12139,0.0015996
1000PEPEUSDT,SELL,LIMIT,1702249730083,240339,0.0015976
1000PEPEUSDT,SELL,LIMIT,1702249957244,28712,0.0015967
1000PEPEUSDT,SELL,LIMIT,1702250045150,640716,0.0015932
1000PEPEUSDT,SELL,LIMIT,1702250104289,10965,0.0015910
1000PEPEUSDT,SELL,LIMIT,1702250106588,1540726,0.0015888
1000PEPEUSDT,SELL,LIMIT,1702250299529,433361,0.0015832
1000PEPEUSDT,SELL,LIMIT,1702250549789,774518,0.0015798
1000PEPEUSDT,SELL,LIMIT,1702250552810,521013,0.0015781
1000PEPEUSDT,BUY,LIMIT,1702253338968,8369,0.0016377
1000PEPEUSDT,BUY,LIMIT,1702253349535,3347,0.0016387
1000PEPEUSDT,SELL,LIMIT,1702253495323,458034,0.0015833
1000PEPEUSDT,SELL,LIMIT,1702253524127,524334,0.0015821
1000PEPEUSDT,SELL,LIMIT,1702253583630,211536,0.0015795
1000PEPEUSDT,SELL,LIMIT,1702253668326,13113,0.0015753
1000PEPEUSDT,SELL,LIMIT,1702253673468,141427,0.0015746
1000PEPEUSDT,SELL,LIMIT,1702253674507,12451,0.0015749
1000PEPEUSDT,SELL,LIMIT,1702253883331,14896,0.0015704
1000PEPEUSDT,SELL,LIMIT,1702254173088,46352,0.0015741
1000PEPEUSDT,SELL,LIMIT,1702254476700,3190030,0.0015703
1000PEPEUSDT,SELL,LIMIT,1702254562565,948545,0.0015665
1000PEPEUSDT,SELL,LIMIT,1702254564509,1146168,0.0015651
1000PEPEUSDT,SELL,LIMIT,1702255510383,225907,0.0015648
1000PEPEUSDT,SELL,LIMIT,1702255560921,144872,0.0015646
1000PEPEUSDT,SELL,LIMIT,1702255901343,16423,0.0015678
1000PEPEUSDT,SELL,LIMIT,1702256067549,156710,0.0015627
1000PEPEUSDT,SELL,LIMIT,1702256095119,2787758,0.0015618
1000PEPEUSDT,SELL,LIMIT,1702256098230,16321,0.0015605
1000PEPEUSDT,SELL,LIMIT,1702256099380,379660,0.0015578
1000PEPEUSDT,SELL,LIMIT,1702256106462,2210679,0.0015564
1000PEPEUSDT,SELL,LIMIT,1702256109580,128390,0.0015557
1000PEPEUSDT,SELL,LIMIT,1702256428760,29691,0.0015551
1000PEPEUSDT,SELL,LIMIT,1702256432777,80916,0.0015548
1000PEPEUSDT,SELL,LIMIT,1702256437345,706239,0.0015550
1000PEPEUSDT,SELL,LIMIT,1702256456708,124737,0.0015530
1000PEPEUSDT,SELL,LIMIT,1702256487170,5039,0.0015524
1000PEPEUSDT,SELL,LIMIT,1702256509308,767268,0.0015502
1000PEPEUSDT,SELL,LIMIT,1702256575182,129685,0.0015508
