Symbol,Side,Order Type,Time,Quantity,Price
1000FLOKIUSDT,BUY,LIMIT,1701923840404,6963,0.0404837
1000FLOKIUSDT,BUY,LIMIT,1701925708469,154,0.0406786
1000FLOKIUSDT,BUY,LIMIT,1701929622150,12608,0.0410564
1000FLOKIUSDT,BUY,LIMIT,1701931961015,667,0.0414276
1000FLOKIUSDT,SELL,LIMIT,1701939359426,13825,0.0391151
1000FLOKIUSDT,SELL,LIMIT,1701939409570,496,0.0390805
1000FLOKIUSDT,SELL,LIMIT,1701939572580,11342,0.0389943
1000FLOKIUSDT,SELL,LIMIT,1701939727471,152,0.0416990
1000FLOKIUSDT,SELL,LIMIT,1701940024257,10743,0.0390179
1000FLOKIUSDT,SELL,LIMIT,1701940556655,27836,0.0389836
1000FLOKIUSDT,SELL,LIMIT,1701940559154,21338,0.0389393
1000FLOKIUSDT,SELL,LIMIT,1701940560311,13700,0.0389393
1000FLOKIUSDT,SELL,LIMIT,1701940561713,12595,0.0389131
1000FLOKIUSDT,SELL,LIMIT,1701940563074,4478,0.0388885
1000FLOKIUSDT,SELL,LIMIT,1701940564360,82060,0.0388808
1000FLOKIUSDT,SELL,LIMIT,1701940567096,14144,0.0388579
1000FLOKIUSDT,SELL,LIMIT,1701940674475,44569,0.0387979
1000FLOKIUSDT,SELL,LIMIT,1701941070049,150,0.0387172
1000FLOKIUSDT,SELL,LIMIT,1701941077374,44280,0.0386298
1000FLOKIUSDT,SELL,LIMIT,1701941081767,2482,0.0385586
1000FLOKIUSDT,SELL,LIMIT,1701941146709,118,0.0386217
1000FLOKIUSDT,SELL,LIMIT,1701941152373,791,0.0384943
1000FLOKIUSDT,SELL,LIMIT,1701941153919,3420,0.0384787
1000FLOKIUSDT,SELL,LIMIT,1701941157092,25193,0.0384199
1000FLOKIUSDT,SELL,LIMIT,1701941158527,28216,0.0383830
1000FLOKIUSDT,SELL,LIMIT,1701941159742,2509,0.0383830
1000FLOKIUSDT,SELL,LIMIT,1701941174021,8986,0.0383475
1000FLOKIUSDT,SELL,LIMIT,1701941182379,42524,0.0383134
1000FLOKIUSDT,SELL,LIMIT,1701941185230,5722,0.0383127
1000FLOKIUSDT,SELL,LIMIT,1701941187679,25143,0.0382947
1000FLOKIUSDT,SELL,LIMIT,1701941189027,20000,0.0382947
1000FLOKIUSDT,SELL,LIMIT,1701941190274,757,0.0382168
1000FLOKIUSDT,SELL,LIMIT,1701941193194,23036,0.0381323
1000FLOKIUSDT,SELL,LIMIT,1701941195626,12465,0.0381086
1000FLOKIUSDT,SELL,LIMIT,1701941225670,3000,0.0385203
1000FLOKIUSDT,SELL,LIMIT,1701941239927,3642,0.0382715
1000FLOKIUSDT,SELL,LIMIT,1701941245545,32955,0.0382028
1000FLOKIUSDT,SELL,LIMIT,1701941248774,8318,0.0381646
1000FLOKIUSDT,SELL,LIMIT,1701941250360,474,0.0381498
1000FLOKIUSDT,SELL,LIMIT,1701950598908,15310,0.0383009
1000FLOKIUSDT,SELL,LIMIT,1701950638850,700,0.0382580
1000FLOKIUSDT,BUY,LIMIT,1701956271553,523,0.0410489
1000FLOKIUSDT,BUY,LIMIT,1701956295241,12236,0.0411668
1000FLOKIUSDT,BUY,LIMIT,1701960782606,24228,0.0412584
1000FLOKIUSDT,BUY,LIMIT,1701961309262,5284,0.0413516
1000FLOKIUSDT,BUY,LIMIT,1701962883399,44150,0.0415833
1000FLOKIUSDT,BUY,LIMIT,1701963892152,12073,0.0418973
1000FLOKIUSDT,BUY,LIMIT,1701966666068,89605,0.0424988
1000FLOKIUSDT,BUY,LIMIT,1701966783151,1798,0.0423696
1000FLOKIUSDT,BUY,LIMIT,1701966966641,858,0.0426229
1000FLOKIUSDT,BUY,LIMIT,1701966969580,15075,0.0426305
1000FLOKIUSDT,SELL,LIMIT,1701973299207,1252,0.0398959
1000FLOKIUSDT,SELL,LIMIT,1701973664103,1188,0.0399578
1000FLOKIUSDT,SELL,LIMIT,1701974303071,1583,0.0397266
1000FLOKIUSDT,BUY,LIMIT,1701984682132,124409,0.0427855
1000FLOKIUSDT,BUY,LIMIT,1701984683304,3404,0.0428500
1000FLOKIUSDT,BUY,LIMIT,1701984690432,6992,0.0429000
1000FLOKIUSDT,BUY,LIMIT,1701984734790,34146,0.0430418
1000FLOKIUSDT,SELL,LIMIT,1702002262000,444,0.0404207
1000FLOKIUSDT,SELL,LIMIT,1702014124634,9260,0.0399831
1000FLOKIUSDT,BUY,LIMIT,1702015876055,3542,0.0421770
1000FLOKIUSDT,SELL,LIMIT,1702028381060,1000,0.0399158
1000FLOKIUSDT,SELL,LIMIT,1702028382255,1389,0.0399192
1000FLOKIUSDT,SELL,LIMIT,1702028393505,307,0.0399082
1000FLOKIUSDT,SELL,LIMIT,1702031814324,14300,0.0396280
1000FLOKIUSDT,SELL,LIMIT,1702043191496,393,0.0395841
1000FLOKIUSDT,SELL,LIMIT,1702043192521,47456,0.0395323
1000FLOKIUSDT,SELL,LIMIT,1702043200313,3412,0.0394081
1000FLOKIUSDT,SELL,LIMIT,1702043206454,4111,0.0393589
1000FLOKIUSDT,BUY,LIMIT,1702043692406,56439,0.0410753
1000FLOKIUSDT,SELL,LIMIT,1702043839109,188,0.0393566
1000FLOKIUSDT,SELL,LIMIT,1702043841346,168,0.0393500
1000FLOKIUSDT,SELL,LIMIT,1702043843714,3500,0.0393420
1000FLOKIUSDT,SELL,LIMIT,1702043968340,1754,0.0393022
1000FLOKIUSDT,SELL,LIMIT,1702044412377,1147,0.0394413
1000FLOKIUSDT,SELL,LIMIT,1702044774889,4789,0.0392318
1000FLOKIUSDT,SELL,LIMIT,1702045403586,1203,0.0392042
1000FLOKIUSDT,SELL,LIMIT,1702045414447,14584,0.0390973
1000FLOKIUSDT,SELL,LIMIT,1702045522392,16864,0.0390196
1000FLOKIUSDT,SELL,LIMIT,1702045544657,77669,0.0390151
1000FLOKIUSDT,SELL,LIMIT,1702045589408,46273,0.0389559
1000FLOKIUSDT,SELL,LIMIT,1702045593034,74229,0.0389027
1000FLOKIUSDT,BUY,LIMIT,1702052161449,1229,0.0414053
1000FLOKIUSDT,BUY,LIMIT,1702052530226,1919,0.0414666
1000FLOKIUSDT,BUY,LIMIT,1702054500145,29050,0.0423040
1000FLOKIUSDT,BUY,LIMIT,1702054501430,4438,0.0423888
1000FLOKIUSDT,BUY,LIMIT,1702054503468,13576,0.0425290
1000FLOKIUSDT,BUY,LIMIT,1702054506123,122940,0.0426588
1000FLOKIUSDT,BUY,LIMIT,1702054508182,685,0.0426675
1000FLOKIUSDT,BUY,LIMIT,1702061089268,153,0.0414426
1000FLOKIUSDT,SELL,LIMIT,1702069082486,4951,0.0405790
1000FLOKIUSDT,BUY,LIMIT,1702078548839,16039,0.0420883
1000FLOKIUSDT,BUY,LIMIT,1702081267603,468,0.0423093
1000FLOKIUSDT,BUY,LIMIT,1702082132728,2836,0.0426829
1000FLOKIUSDT,BUY,LIMIT,1702082957417,4724,0.0427787
1000FLOKIUSDT,BUY,LIMIT,1702093133692,4060,0.0430235
1000FLOKIUSDT,BUY,LIMIT,1702093137716,10229,0.0430778
1000FLOKIUSDT,BUY,LIMIT,1702094027745,145,0.0431790
1000FLOKIUSDT,BUY,LIMIT,1702094067515,2850,0.0431819
1000FLOKIUSDT,BUY,LIMIT,1702094491677,1867,0.0432430
1000FLOKIUSDT,BUY,LIMIT,1702094637546,27819,0.0432357
1000FLOKIUSDT,BUY,LIMIT,1702095871503,405,0.0432684
1000FLOKIUSDT,BUY,LIMIT,1702102060954,5251,0.0428931
1000FLOKIUSDT,BUY,LIMIT,1702103596910,14360,0.0430675
1000FLOKIUSDT,BUY,LIMIT,1702107151100,5068,0.0430387
1000FLOKIUSDT,BUY,LIMIT,1702107811169,2691,0.0432702
1000FLOKIUSDT,BUY,LIMIT,1702107972321,438,0.0431867
1000FLOKIUSDT,BUY,LIMIT,1702107984470,2806,0.0432131
1000FLOKIUSDT,BUY,LIMIT,1702109210138,405,0.0432255
1000FLOKIUSDT,BUY,LIMIT,1702109247961,1883,0.0432377
1000FLOKIUSDT,BUY,LIMIT,1702109271248,1136,0.0432301
1000FLOKIUSDT,BUY,LIMIT,1702109303498,406,0.0432324
1000FLOKIUSDT,BUY,LIMIT,1702109513599,1430,0.0430753
1000FLOKIUSDT,BUY,LIMIT,1702109743209,12617,0.0432060
1000FLOKIUSDT,BUY,LIMIT,1702109756395,624,0.0432385
1000FLOKIUSDT,BUY,LIMIT,1702109782465,970,0.0432888
1000FLOKIUSDT,SELL,LIMIT,1702111035735,281,0.0405814
1000FLOKIUSDT,SELL,LIMIT,1702111038681,500,0.0404953
1000FLOKIUSDT,SELL,LIMIT,1702111043761,3361,0.0404885
1000FLOKIUSDT,SELL,LIMIT,1702111045522,1,0.0404231
1000FLOKIUSDT,SELL,LIMIT,1702111048505,2446,0.0403564
1000FLOKIUSDT,SELL,LIMIT,1702111375260,3284,0.0403176
1000FLOKIUSDT,SELL,LIMIT,1702111376416,2634,0.0403102
1000FLOKIUSDT,SELL,LIMIT,1702111377858,835,0.0402957
1000FLOKIUSDT,SELL,LIMIT,1702111379207,117980,0.0402679
1000FLOKIUSDT,SELL,LIMIT,1702111380962,2008,0.0402016
1000FLOKIUSDT,SELL,LIMIT,1702111384665,1178,0.0400980
1000FLOKIUSDT,SELL,LIMIT,1702111387791,7377,0.0400950
1000FLOKIUSDT,SELL,LIMIT,1702111392105,269,0.0400051
1000FLOKIUSDT,BUY,LIMIT,1702113154642,3762,0.0436366
1000FLOKIUSDT,BUY,LIMIT,1702113203356,6440,0.0437961
1000FLOKIUSDT,BUY,LIMIT,1702113256254,155,0.0439291
1000FLOKIUSDT,BUY,LIMIT,1702113288783,123,0.0441931
1000FLOKIUSDT,SELL,LIMIT,1702115064328,12895,0.0410196
1000FLOKIUSDT,SELL,LIMIT,1702129809599,8000,0.0418093
1000FLOKIUSDT,SELL,LIMIT,1702132999530,94001,0.0409378
1000FLOKIUSDT,SELL,LIMIT,1702133008794,3778,0.0407558
1000FLOKIUSDT,SELL,LIMIT,1702133367285,1167,0.0407361
1000FLOKIUSDT,SELL,LIMIT,1702133368484,3156,0.0407305
1000FLOKIUSDT,SELL,LIMIT,1702134821897,100000,0.0405842
1000FLOKIUSDT,SELL,LIMIT,1702138954080,1,0.0410331
1000FLOKIUSDT,SELL,LIMIT,1702139165185,23317,0.0407855
1000FLOKIUSDT,SELL,LIMIT,1702139268246,176,0.0407902
1000FLOKIUSDT,SELL,LIMIT,1702141692235,5182,0.0405035
1000FLOKIUSDT,SELL,LIMIT,1702141747669,20701,0.0403395
1000FLOKIUSDT,SELL,LIMIT,1702141845391,5930,0.0402934
1000FLOKIUSDT,SELL,LIMIT,1702141850459,2890,0.0402236
1000FLOKIUSDT,SELL,LIMIT,1702142787579,1417,0.0402135
1000FLOKIUSDT,SELL,LIMIT,1702153694256,44584,0.0404067
1000FLOKIUSDT,SELL,LIMIT,1702153699343,723,0.0403746
1000FLOKIUSDT,SELL,LIMIT,1702154045514,471,0.0401687
1000FLOKIUSDT,SELL,LIMIT,1702154048062,92308,0.0401476
1000FLOKIUSDT,SELL,LIMIT,1702162111453,17942,0.0405525
1000FLOKIUSDT,SELL,LIMIT,1702164244343,1440,0.0401112
1000FLOKIUSDT,SELL,LIMIT,1702164247147,18782,0.0401017
1000FLOKIUSDT,SELL,LIMIT,1702164270516,2381,0.0400846
1000FLOKIUSDT,SELL,LIMIT,1702164283093,1422,0.0400638
1000FLOKIUSDT,SELL,LIMIT,1702164292060,17793,0.0400611
1000FLOKIUSDT,SELL,LIMIT,1702164297828,3067,0.0400172
1000FLOKIUSDT,SELL,LIMIT,1702164451140,1561,0.0399550
1000FLOKIUSDT,SELL,LIMIT,1702164458635,118,0.0399290
1000FLOKIUSDT,SELL,LIMIT,1702164461872,5284,0.0399273
1000FLOKIUSDT,SELL,LIMIT,1702164463063,806,0.0399187
1000FLOKIUSDT,SELL,LIMIT,1702164533874,360,0.0398787
1000FLOKIUSDT,SELL,LIMIT,1702164536411,637,0.0398554
1000FLOKIUSDT,SELL,LIMIT,1702164542584,29389,0.0398230
1000FLOKIUSDT,SELL,LIMIT,1702164545689,14351,0.0397900
1000FLOKIUSDT,SELL,LIMIT,1702164548199,415,0.0397514
1000FLOKIUSDT,SELL,LIMIT,1702164686884,10000,0.0397843
1000FLOKIUSDT,SELL,LIMIT,1702164688818,1255,0.0397759
1000FLOKIUSDT,SELL,LIMIT,1702164749525,713,0.0396744
1000FLOKIUSDT,SELL,LIMIT,1702164751275,11000,0.0398272
1000FLOKIUSDT,SELL,LIMIT,1702164752647,11785,0.0396159
1000FLOKIUSDT,SELL,LIMIT,1702164756488,937,0.0396972
1000FLOKIUSDT,SELL,LIMIT,1702164757955,7186,0.0395669
1000FLOKIUSDT,SELL,LIMIT,1702164764130,10823,0.0395433
1000FLOKIUSDT,SELL,LIMIT,1702164770240,15882,0.0395126
1000FLOKIUSDT,SELL,LIMIT,1702164799700,121950,0.0395682
1000FLOKIUSDT,SELL,LIMIT,1702164802045,6928,0.0395102
1000FLOKIUSDT,SELL,LIMIT,1702164803480,24671,0.0394924
1000FLOKIUSDT,SELL,LIMIT,1702164805478,16220,0.0394456
1000FLOKIUSDT,SELL,LIMIT,1702164807211,10000,0.0394067
1000FLOKIUSDT,SELL,LIMIT,1702164808243,123,0.0393630
1000FLOKIUSDT,SELL,LIMIT,1702164809290,2626,0.0393613
1000FLOKIUSDT,SELL,LIMIT,1702164810509,2645,0.0393228
1000FLOKIUSDT,SELL,LIMIT,1702164867070,13141,0.0394834
1000FLOKIUSDT,SELL,LIMIT,1702197072821,1191,0.0393092
1000FLOKIUSDT,SELL,LIMIT,1702200323450,158,0.0392062
1000FLOKIUSDT,SELL,LIMIT,1702200325389,4194,0.0391767
1000FLOKIUSDT,SELL,LIMIT,1702200326828,684,0.0391500
1000FLOKIUSDT,SELL,LIMIT,1702200328703,3780,0.0390254
1000FLOKIUSDT,SELL,LIMIT,1702200330640,5085,0.0389983
1000FLOKIUSDT,SELL,LIMIT,1702200335307,90411,0.0389436
1000FLOKIUSDT,SELL,LIMIT,1702200336552,535,0.0389632
1000FLOKIUSDT,SELL,LIMIT,1702200343497,8889,0.0389009
1000FLOKIUSDT,SELL,LIMIT,1702200345595,4567,0.0388910
1000FLOKIUSDT,SELL,LIMIT,1702200347228,763,0.0388565
1000FLOKIUSDT,SELL,LIMIT,1702200754791,12309,0.0387983
1000FLOKIUSDT,SELL,LIMIT,1702200764102,29034,0.0387846
1000FLOKIUSDT,SELL,LIMIT,1702200765408,36589,0.0387746
1000FLOKIUSDT,SELL,LIMIT,1702200796114,1223,0.0387689
1000FLOKIUSDT,SELL,LIMIT,1702200876110,1034,0.0386845
1000FLOKIUSDT,SELL,LIMIT,1702200891145,22095,0.0386415
1000FLOKIUSDT,SELL,LIMIT,1702200892217,5163,0.0386513
1000FLOKIUSDT,SELL,LIMIT,1702200940375,945,0.0386178
1000FLOKIUSDT,SELL,LIMIT,1702201442816,44889,0.0385873
1000FLOKIUSDT,SELL,LIMIT,1702201474426,1000,0.0385418
1000FLOKIUSDT,SELL,LIMIT,1702201483122,140,0.0385291
1000FLOKIUSDT,SELL,LIMIT,1702202043767,2808,0.0385261
1000FLOKIUSDT,SELL,LIMIT,1702202054479,48495,0.0384749
1000FLOKIUSDT,SELL,LIMIT,1702202056094,292,0.0384732
1000FLOKIUSDT,SELL,LIMIT,1702202157133,1204,0.0384007
1000FLOKIUSDT,SELL,LIMIT,1702202180782,7119,0.0383936
1000FLOKIUSDT,SELL,LIMIT,1702202202479,1877,0.0383744
1000FLOKIUSDT,SELL,LIMIT,1702202216678,4567,0.0383743
1000FLOKIUSDT,SELL,LIMIT,1702202259087,356,0.0383457
1000FLOKIUSDT,SELL,LIMIT,1702202262251,2752,0.0383349
1000FLOKIUSDT,SELL,LIMIT,1702202264329,203,0.0383377
1000FLOKIUSDT,SELL,LIMIT,1702202267802,1826,0.0383744
1000FLOKIUSDT,SELL,LIMIT,1702202282759,119352,0.0383159
1000FLOKIUSDT,SELL,LIMIT,1702202291289,2790,0.0382993
1000FLOKIUSDT,SELL,LIMIT,1702202293915,6851,0.0382610
1000FLOKIUSDT,SELL,LIMIT,1702202295384,47158,0.0382496
1000FLOKIUSDT,SELL,LIMIT,1702202297147,13704,0.0382103
1000FLOKIUSDT,SELL,LIMIT,1702202298159,130,0.0382221
1000FLOKIUSDT,SELL,LIMIT,1702202309270,3588,0.0381852
1000FLOKIUSDT,SELL,LIMIT,1702202316207,13224,0.0381778
1000FLOKIUSDT,SELL,LIMIT,1702202321045,1638,0.0381613
1000FLOKIUSDT,SELL,LIMIT,1702202322402,24162,0.0381464
1000FLOKIUSDT,SELL,LIMIT,1702202323432,6157,0.0381302
1000FLOKIUSDT,SELL,LIMIT,1702202325353,219,0.0381094
1000FLOKIUSDT,SELL,LIMIT,1702202369829,3646,0.0381773
1000FLOKIUSDT,SELL,LIMIT,1702202373555,5033,0.0382103
1000FLOKIUSDT,SELL,LIMIT,1702202379361,190,0.0381727
1000FLOKIUSDT,SELL,LIMIT,1702202380362,118,0.0381322
1000FLOKIUSDT,SELL,LIMIT,1702202384871,13195,0.0381121
1000FLOKIUSDT,SELL,LIMIT,1702202386569,4446,0.0381025
1000FLOKIUSDT,BUY,LIMIT,1702240397362,8157,0.0416816
1000FLOKIUSDT,BUY,LIMIT,1702240461382,482,0.0417011
1000FLOKIUSDT,SELL,LIMIT,1702240530066,434,0.0401561
1000FLOKIUSDT,BUY,LIMIT,1702240537280,2377,0.0417889
1000FLOKIUSDT,SELL,LIMIT,1702240755425,1084,0.0401409
1000FLOKIUSDT,SELL,LIMIT,1702240757365,11300,0.0401311
1000FLOKIUSDT,SELL,LIMIT,1702241074520,3,0.0400794
1000FLOKIUSDT,SELL,LIMIT,1702241117786,165,0.0401003
1000FLOKIUSDT,SELL,LIMIT,1702241182471,5,0.0401137
1000FLOKIUSDT,SELL,LIMIT,1702247114880,1805,0.0399405
1000FLOKIUSDT,SELL,LIMIT,1702254173088,2019,0.0400331
1000FLOKIUSDT,SELL,LIMIT,1702255480467,1404,0.0398273
1000FLOKIUSDT,SELL,LIMIT,1702256140517,1346,0.0395479
1000FLOKIUSDT,SELL,LIMIT,1702256457025,810,0.0394606
1000FLOKIUSDT,SELL,LIMIT,1702256575182,2030,0.0393721
1000FLOKIUSDT,SELL,LIMIT,1702256583390,405,0.0396040
1000FLOKIUSDT,SELL,LIMIT,1702256672077,3119,0.0392705
1000FLOKIUSDT,SELL,LIMIT,1702256915671,22570,0.0389511
1000FLOKIUSDT,SELL,LIMIT,1702256923936,5063,0.0388837
1000FLOKIUSDT,SELL,LIMIT,1702256927732,17106,0.0388528
1000FLOKIUSDT,SELL,LIMIT,1702256994800,496,0.0388632
1000FLOKIUSDT,SELL,LIMIT,1702257008136,12890,0.0388184
1000FLOKIUSDT,SELL,LIMIT,1702259539072,1579,0.0397737
1000FLOKIUSDT,SELL,LIMIT,1702260430282,14261,0.0401709
1000FLOKIUSDT,SELL,LIMIT,1702260618634,53376,0.0392506
1000FLOKIUSDT,SELL,LIMIT,1702260630893,22840,0.0393202
1000FLOKIUSDT,SELL,LIMIT,1702260632328,4880,0.0390222
1000FLOKIUSDT,SELL,LIMIT,1702260633530,4567,0.0389952
1000FLOKIUSDT,SELL,LIMIT,1702260634949,23247,0.0389622
1000FLOKIUSDT,SELL,LIMIT,1702260637238,22555,0.0389261
1000FLOKIUSDT,SELL,LIMIT,1702260690469,1971,0.0390291
1000FLOKIUSDT,SELL,LIMIT,1702260699262,27479,0.0388666
1000FLOKIUSDT,SELL,LIMIT,1702260707165,6781,0.0388259
1000FLOKIUSDT,SELL,LIMIT,1702260708263,603,0.0387611
1000FLOKIUSDT,SELL,LIMIT,1702260709622,9962,0.0390242
1000FLOKIUSDT,SELL,LIMIT,1702260711571,966,0.0387907
1000FLOKIUSDT,SELL,LIMIT,1702260714453,1780,0.0387391
1000FLOKIUSDT,SELL,LIMIT,1702260715825,81644,0.0387971
1000FLOKIUSDT,SELL,LIMIT,1702260717212,49314,0.0387295
1000FLOKIUSDT,SELL,LIMIT,1702260719395,997,0.0386262
1000FLOKIUSDT,SELL,LIMIT,1702260720652,94920,0.0386929
1000FLOKIUSDT,SELL,LIMIT,1702260721849,188,0.0384691
1000FLOKIUSDT,SELL,LIMIT,1702260723335,2624,0.0384225
1000FLOKIUSDT,SELL,LIMIT,1702260724461,20000,0.0383760
1000FLOKIUSDT,SELL,LIMIT,1702260725529,10569,0.0383520
1000FLOKIUSDT,SELL,LIMIT,1702260726606,82,0.0383520
1000FLOKIUSDT,SELL,LIMIT,1702260727684,5127,0.0383064
1000FLOKIUSDT,SELL,LIMIT,1702260729089,1177,0.0386098
1000FLOKIUSDT,SELL,LIMIT,1702260730224,23148,0.0383183
1000FLOKIUSDT,SELL,LIMIT,1702260731253,1033,0.0382902
1000FLOKIUSDT,SELL,LIMIT,1702260732398,30088,0.0382395
1000FLOKIUSDT,SELL,LIMIT,1702260733430,5973,0.0381892
1000FLOKIUSDT,SELL,LIMIT,1702260734475,58038,0.0381211
1000FLOKIUSDT,SELL,LIMIT,1702260735653,4188,0.0381573
1000FLOKIUSDT,SELL,LIMIT,1702260736854,2764,0.0386408
1000FLOKIUSDT,SELL,LIMIT,1702260738613,401,0.0385719
1000FLOKIUSDT,SELL,LIMIT,1702260740368,1046,0.0380070
1000FLOKIUSDT,SELL,LIMIT,1702260741393,18000,0.0380567
1000FLOKIUSDT,SELL,LIMIT,1702260742512,2379,0.0378817
1000FLOKIUSDT,SELL,LIMIT,1702260744177,100000,0.0376945
1000FLOKIUSDT,SELL,LIMIT,1702260745443,661375,0.0374812
1000FLOKIUSDT,SELL,LIMIT,1702260746450,1238,0.0375631
1000FLOKIUSDT,SELL,LIMIT,1702260748477,21173,0.0371795
1000FLOKIUSDT,SELL,LIMIT,1702260749536,3361,0.0370579
1000FLOKIUSDT,SELL,LIMIT,1702260750641,20648,0.0368214
1000FLOKIUSDT,SELL,LIMIT,1702260752631,244,0.0368076
1000FLOKIUSDT,SELL,LIMIT,1702260753791,17001,0.0368076
1000FLOKIUSDT,SELL,LIMIT,1702260754811,1378638,0.0360865
1000FLOKIUSDT,SELL,LIMIT,1702260755882,18926,0.0366508
1000FLOKIUSDT,SELL,LIMIT,1702260756974,7017,0.0365446
1000FLOKIUSDT,SELL,LIMIT,1702260758216,7939,0.0365198
1000FLOKIUSDT,SELL,LIMIT,1702260759255,19155,0.0364724
1000FLOKIUSDT,SELL,LIMIT,1702260760270,33776,0.0364493
1000FLOKIUSDT,SELL,LIMIT,1702260761351,109170,0.0362725
1000FLOKIUSDT,SELL,LIMIT,1702260762549,103115,0.0360877
1000FLOKIUSDT,SELL,LIMIT,1702260763567,22124,0.0362205
1000FLOKIUSDT,SELL,LIMIT,1702260764754,242,0.0362909
1000FLOKIUSDT,SELL,LIMIT,1702260766139,500,0.0362909
1000FLOKIUSDT,SELL,LIMIT,1702260767151,243,0.0362125
1000FLOKIUSDT,SELL,LIMIT,1702260768206,165,0.0358819
1000FLOKIUSDT,SELL,LIMIT,1702260769554,4973,0.0358258
1000FLOKIUSDT,SELL,LIMIT,1702260770868,595,0.0357640
1000FLOKIUSDT,SELL,LIMIT,1702260771880,3459,0.0356730
1000FLOKIUSDT,SELL,LIMIT,1702260773017,10346,0.0356859
1000FLOKIUSDT,SELL,LIMIT,1702260774088,796,0.0355916
1000FLOKIUSDT,SELL,LIMIT,1702260775131,4862,0.0356325
1000FLOKIUSDT,SELL,LIMIT,1702260776328,20688,0.0355148
1000FLOKIUSDT,SELL,LIMIT,1702260777336,1910,0.0354943
1000FLOKIUSDT,SELL,LIMIT,1702260778329,242,0.0354098
1000FLOKIUSDT,SELL,LIMIT,1702260779372,2056,0.0354140
1000FLOKIUSDT,SELL,LIMIT,1702260780873,8392,0.0354015
1000FLOKIUSDT,SELL,LIMIT,1702260782038,243,0.0353982
1000FLOKIUSDT,SELL,LIMIT,1702260783049,243,0.0352916
1000FLOKIUSDT,SELL,LIMIT,1702260784271,25000,0.0353050
1000FLOKIUSDT,SELL,LIMIT,1702260785312,27214,0.0353267
1000FLOKIUSDT,BUY,LIMIT,1702260786380,1000,0.0368169
1000FLOKIUSDT,SELL,LIMIT,1702260787462,7460,0.0353843
1000FLOKIUSDT,SELL,LIMIT,1702260788511,50218,0.0353922
1000FLOKIUSDT,SELL,LIMIT,1702260789599,118449,0.0355330
1000FLOKIUSDT,SELL,LIMIT,1702260790912,1033,0.0354774
1000FLOKIUSDT,SELL,LIMIT,1702260792050,8039,0.0357887
1000FLOKIUSDT,SELL,LIMIT,1702260793517,2109,0.0360913
1000FLOKIUSDT,SELL,LIMIT,1702260794578,1158,0.0360913
1000FLOKIUSDT,SELL,LIMIT,1702260795912,29527,0.0361205
1000FLOKIUSDT,SELL,LIMIT,1702260797316,1347,0.0361621
1000FLOKIUSDT,SELL,LIMIT,1702260798491,2710,0.0361132
1000FLOKIUSDT,SELL,LIMIT,1702260799596,21485,0.0360791
1000FLOKIUSDT,SELL,LIMIT,1702260800724,4424,0.0361096
1000FLOKIUSDT,SELL,LIMIT,1702260801757,1251,0.0359790
1000FLOKIUSDT,SELL,LIMIT,1702260803311,6054,0.0358294
1000FLOKIUSDT,SELL,LIMIT,1702260804355,1709,0.0357463
1000FLOKIUSDT,SELL,LIMIT,1702260805385,969,0.0355167
1000FLOKIUSDT,SELL,LIMIT,1702260806497,12379,0.0355456
1000FLOKIUSDT,SELL,LIMIT,1702260807608,3029,0.0354932
1000FLOKIUSDT,SELL,LIMIT,1702260808623,1257,0.0354022
1000FLOKIUSDT,SELL,LIMIT,1702260810220,6620,0.0352559
1000FLOKIUSDT,SELL,LIMIT,1702260811356,50000,0.0352213
1000FLOKIUSDT,SELL,LIMIT,1702260812363,1263,0.0352042
1000FLOKIUSDT,SELL,LIMIT,1702260813536,11000,0.0352042
1000FLOKIUSDT,SELL,LIMIT,1702260814678,1488,0.0352554
1000FLOKIUSDT,SELL,LIMIT,1702260816738,2324,0.0352809
1000FLOKIUSDT,SELL,LIMIT,1702260818102,20908,0.0369854
1000FLOKIUSDT,SELL,LIMIT,1702260822646,29663,0.0357396
1000FLOKIUSDT,SELL,LIMIT,1702260824795,9263,0.0355817
1000FLOKIUSDT,SELL,LIMIT,1702260826143,9491,0.0354271
1000FLOKIUSDT,SELL,LIMIT,1702260828317,58698,0.0354271
1000FLOKIUSDT,SELL,LIMIT,1702260834359,10261,0.0352625
1000FLOKIUSDT,SELL,LIMIT,1702260835437,138748,0.0352037
1000FLOKIUSDT,SELL,LIMIT,1702260836482,881,0.0351329
1000FLOKIUSDT,SELL,LIMIT,1702260837852,12150,0.0352267
1000FLOKIUSDT,BUY,LIMIT,1702260849989,1938,0.0371465
1000FLOKIUSDT,SELL,LIMIT,1702260854942,906,0.0358242
1000FLOKIUSDT,SELL,LIMIT,1702260948874,575,0.0362450
1000FLOKIUSDT,BUY,LIMIT,1702261108926,747,0.0380663
1000FLOKIUSDT,SELL,LIMIT,1702262615563,3153,0.0364709
1000FLOKIUSDT,BUY,LIMIT,1702266384408,12526,0.0393896
