Symbol,Side,Order Type,Time,Quantity,Price
1000BONKUSDT,SELL,LIMIT,1700845614871,11571,0.0039364
1000BONKUSDT,BUY,LIMIT,1700845876509,137810,0.0040688
1000BONKUSDT,SELL,LIMIT,1700847191838,23788,0.0039551
1000BONKUSDT,BUY,LIMIT,1700847983748,253438,0.0040892
1000BONKUSDT,SELL,LIMIT,1700848630264,3579,0.0039974
1000BONKUSDT,SELL,LIMIT,1700848691332,289710,0.0039875
1000BONKUSDT,SELL,LIMIT,1700849704444,30402,0.0039714
1000BONKUSDT,SELL,LIMIT,1700849723211,11309,0.0039642
1000BONKUSDT,SELL,LIMIT,1700849728067,63950,0.0039628
1000BONKUSDT,SELL,LIMIT,1700849729326,2730,0.0039621
1000BONKUSDT,SELL,LIMIT,1700849816240,33996,0.0039435
1000BONKUSDT,SELL,LIMIT,1700849885954,39991,0.0039386
1000BONKUSDT,BUY,LIMIT,1700850843141,23843,0.0040689
1000BONKUSDT,SELL,LIMIT,1700851190358,2421,0.0039311
1000BONKUSDT,SELL,LIMIT,1700851192341,230618,0.0039220
1000BONKUSDT,BUY,LIMIT,1700851913720,37650,0.0041269
1000BONKUSDT,BUY,LIMIT,1700851952620,16585,0.0041301
1000BONKUSDT,BUY,LIMIT,1700852224427,73928,0.0041381
1000BONKUSDT,BUY,LIMIT,1700852276345,71545,0.0041497
1000BONKUSDT,BUY,LIMIT,1700852402201,1228199,0.0041520
1000BONKUSDT,BUY,LIMIT,1700852430263,918148,0.0041569
1000BONKUSDT,BUY,LIMIT,1700852434157,1647,0.0041688
1000BONKUSDT,BUY,LIMIT,1700852436657,21841,0.0041703
1000BONKUSDT,BUY,LIMIT,1700852463464,14698,0.0041909
1000BONKUSDT,BUY,LIMIT,1700852481587,354008,0.0042006
1000BONKUSDT,BUY,LIMIT,1700852483782,2034,0.0042038
1000BONKUSDT,BUY,LIMIT,1700852484940,362724,0.0042178
1000BONKUSDT,BUY,LIMIT,1700852494177,1253490,0.0042272
1000BONKUSDT,SELL,LIMIT,1700852685350,60708,0.0040707
1000BONKUSDT,BUY,LIMIT,1700852936181,1250,0.0042185
1000BONKUSDT,BUY,LIMIT,1700853175118,1005191,0.0042371
1000BONKUSDT,BUY,LIMIT,1700853176232,1913538,0.0042499
1000BONKUSDT,BUY,LIMIT,1700853177285,13717,0.0042420
1000BONKUSDT,BUY,LIMIT,1700853597043,3783,0.0042513
1000BONKUSDT,BUY,LIMIT,1700853604782,4698099,0.0042912
1000BONKUSDT,BUY,LIMIT,1700853621886,807786,0.0042612
1000BONKUSDT,BUY,LIMIT,1700853653932,8320,0.0042721
1000BONKUSDT,SELL,LIMIT,1700853745179,179158,0.0041085
1000BONKUSDT,BUY,LIMIT,1700853770172,2208,0.0042778
1000BONKUSDT,BUY,LIMIT,1700854178042,311232,0.0042836
1000BONKUSDT,BUY,LIMIT,1700854263279,19287,0.0042875
1000BONKUSDT,BUY,LIMIT,1700854264335,675896,0.0042912
1000BONKUSDT,BUY,LIMIT,1700854281060,35923,0.0042898
1000BONKUSDT,BUY,LIMIT,1700854306159,159395,0.0042972
1000BONKUSDT,BUY,LIMIT,1700854309926,233988,0.0042981
1000BONKUSDT,SELL,LIMIT,1700854579940,15583,0.0041337
1000BONKUSDT,SELL,LIMIT,1700855011863,32981,0.0041321
1000BONKUSDT,SELL,LIMIT,1700855286781,7869,0.0041223
1000BONKUSDT,SELL,LIMIT,1700855352138,3797,0.0041152
1000BONKUSDT,SELL,LIMIT,1700855353374,11785,0.0041122
1000BONKUSDT,SELL,LIMIT,1700855356992,962428,0.0041088
1000BONKUSDT,SELL,LIMIT,1700855361283,31658,0.0040959
1000BONKUSDT,SELL,LIMIT,1700855787476,175401,0.0040760
1000BONKUSDT,SELL,LIMIT,1700855831487,1266,0.0040612
1000BONKUSDT,SELL,LIMIT,1700856931037,604439,0.0040560
1000BONKUSDT,SELL,LIMIT,1700859109368,13437,0.0040834
1000BONKUSDT,SELL,LIMIT,1700859162168,39413,0.0040495
1000BONKUSDT,SELL,LIMIT,1700859911197,1451,0.0040390
1000BONKUSDT,SELL,LIMIT,1700859976890,65533,0.0040359
1000BONKUSDT,SELL,LIMIT,1700859978568,1558594,0.0040130
1000BONKUSDT,BUY,LIMIT,1700860361395,15784,0.0041854
1000BONKUSDT,SELL,LIMIT,1700860881655,3407,0.0041271
1000BONKUSDT,SELL,LIMIT,1700863121938,131779,0.0040902
1000BONKUSDT,SELL,LIMIT,1700863948568,2333,0.0045326
1000BONKUSDT,SELL,LIMIT,1700866935971,20144,0.0040330
1000BONKUSDT,SELL,LIMIT,1700867177412,52385,0.0040052
1000BONKUSDT,SELL,LIMIT,1700867372182,22305,0.0040004
1000BONKUSDT,SELL,LIMIT,1700867376165,10337,0.0039976
1000BONKUSDT,SELL,LIMIT,1700867378360,819740,0.0039824
1000BONKUSDT,SELL,LIMIT,1700867387392,6316,0.0039663
1000BONKUSDT,SELL,LIMIT,1700868255932,75908,0.0040081
1000BONKUSDT,BUY,LIMIT,1700870923886,190207,0.0041803
1000BONKUSDT,BUY,LIMIT,1700871271370,4478,0.0042240
1000BONKUSDT,SELL,LIMIT,1700872622285,2822,0.0040681
1000BONKUSDT,SELL,LIMIT,1700872729475,142618,0.0040470
1000BONKUSDT,BUY,LIMIT,1700873265194,20184,0.0042644
1000BONKUSDT,BUY,LIMIT,1700874646261,10965,0.0042352
1000BONKUSDT,BUY,LIMIT,1700874776091,676410,0.0042702
1000BONKUSDT,BUY,LIMIT,1700874778232,163985,0.0042763
1000BONKUSDT,BUY,LIMIT,1700874816917,8507,0.0042854
1000BONKUSDT,BUY,LIMIT,1700874846691,38814,0.0042908
1000BONKUSDT,BUY,LIMIT,1700874884095,1194189,0.0043001
1000BONKUSDT,BUY,LIMIT,1700875195769,21586,0.0043083
1000BONKUSDT,BUY,LIMIT,1700875199787,3630,0.0043099
1000BONKUSDT,SELL,LIMIT,1700875313278,301144,0.0041422
1000BONKUSDT,BUY,LIMIT,1700875677091,9541,0.0043114
1000BONKUSDT,BUY,LIMIT,1700875681430,62757,0.0043294
1000BONKUSDT,SELL,LIMIT,1700875961245,5623,0.0041698
1000BONKUSDT,BUY,LIMIT,1700876460242,184481,0.0043427
1000BONKUSDT,BUY,LIMIT,1700876461395,4761,0.0043440
1000BONKUSDT,BUY,LIMIT,1700876469278,105921,0.0043474
1000BONKUSDT,BUY,LIMIT,1700876561202,71918,0.0043493
1000BONKUSDT,BUY,LIMIT,1700877323841,132939,0.0043584
1000BONKUSDT,BUY,LIMIT,1700877383517,13708,0.0043607
1000BONKUSDT,BUY,LIMIT,1700877387150,60681,0.0043706
1000BONKUSDT,BUY,LIMIT,1700877405305,8511,0.0043764
1000BONKUSDT,BUY,LIMIT,1700877407101,15130,0.0043801
1000BONKUSDT,BUY,LIMIT,1700877423823,19314,0.0043962
1000BONKUSDT,BUY,LIMIT,1700877548156,319481,0.0044138
1000BONKUSDT,BUY,LIMIT,1700877567559,574542,0.0044276
1000BONKUSDT,BUY,LIMIT,1700877570496,31129,0.0044365
1000BONKUSDT,BUY,LIMIT,1700877574092,91988,0.0044438
1000BONKUSDT,SELL,LIMIT,1700877673209,6719,0.0042713
1000BONKUSDT,SELL,LIMIT,1700878142655,159555,0.0042494
1000BONKUSDT,SELL,LIMIT,1700878404196,17702,0.0042292
1000BONKUSDT,SELL,LIMIT,1700878622061,122136,0.0042252
1000BONKUSDT,SELL,LIMIT,1700879070125,699,0.0041871
1000BONKUSDT,SELL,LIMIT,1700879081440,1133641,0.0041830
1000BONKUSDT,BUY,LIMIT,1700879456836,1127726,0.0043355
1000BONKUSDT,BUY,LIMIT,1700879725552,65529,0.0044075
