Symbol,Side,Order Type,Time,Quantity,Price
1000BONKUSDT,SELL,LIMIT,1701065309500,54899,0.0037339
1000BONKUSDT,SELL,LIMIT,1701065311292,74001,0.0037322
1000BONKUSDT,SELL,LIMIT,1701065381640,79854,0.0037302
1000BONKUSDT,BUY,LIMIT,1701065736706,3198,0.0038862
1000BONKUSDT,SELL,LIMIT,1701066229784,18784,0.0037417
1000BONKUSDT,SELL,LIMIT,1701066232200,1448,0.0037379
1000BONKUSDT,SELL,LIMIT,1701066950959,10032,0.0037357
1000BONKUSDT,SELL,LIMIT,1701066952873,17046,0.0037275
1000BONKUSDT,SELL,LIMIT,1701067255355,48390,0.0037420
1000BONKUSDT,SELL,LIMIT,1701067309363,4437,0.0037231
1000BONKUSDT,SELL,LIMIT,1701067311024,71344,0.0037120
1000BONKUSDT,SELL,LIMIT,1701067751374,66576,0.0037350
1000BONKUSDT,SELL,LIMIT,1701067813901,828842,0.0037218
1000BONKUSDT,SELL,LIMIT,1701067816247,231646,0.0037105
1000BONKUSDT,SELL,LIMIT,1701067853807,23239,0.0037135
1000BONKUSDT,SELL,LIMIT,1701067892219,50746,0.0036994
1000BONKUSDT,SELL,LIMIT,1701068048611,20343,0.0036950
1000BONKUSDT,SELL,LIMIT,1701068049670,5488,0.0036933
1000BONKUSDT,SELL,LIMIT,1701068051048,24888,0.0036927
1000BONKUSDT,SELL,LIMIT,1701068073475,236208,0.0036944
1000BONKUSDT,SELL,LIMIT,1701068146213,13981,0.0036957
1000BONKUSDT,SELL,LIMIT,1701068169398,16551,0.0036866
1000BONKUSDT,SELL,LIMIT,1701068179086,3000,0.0036800
1000BONKUSDT,SELL,LIMIT,1701068180151,47528,0.0036839
1000BONKUSDT,SELL,LIMIT,1701068250547,250098,0.0036697
1000BONKUSDT,SELL,LIMIT,1701068252782,9407,0.0036660
1000BONKUSDT,SELL,LIMIT,1701068255365,194286,0.0036595
1000BONKUSDT,SELL,LIMIT,1701068893604,4169,0.0036719
1000BONKUSDT,SELL,LIMIT,1701068967465,2736,0.0036580
1000BONKUSDT,SELL,LIMIT,1701068979003,217758,0.0036556
1000BONKUSDT,SELL,LIMIT,1701068983073,8648,0.0036534
1000BONKUSDT,SELL,LIMIT,1701068986249,72113,0.0036518
1000BONKUSDT,SELL,LIMIT,1701068987769,359227,0.0036459
1000BONKUSDT,SELL,LIMIT,1701068989480,12379,0.0036487
1000BONKUSDT,BUY,LIMIT,1701068996261,11988,0.0037656
1000BONKUSDT,SELL,LIMIT,1701068999066,191764,0.0036456
1000BONKUSDT,SELL,LIMIT,1701069001067,754736,0.0036448
1000BONKUSDT,SELL,LIMIT,1701069003297,123249,0.0036427
1000BONKUSDT,SELL,LIMIT,1701069031115,139477,0.0036588
1000BONKUSDT,SELL,LIMIT,1701069161555,121163,0.0036391
1000BONKUSDT,SELL,LIMIT,1701069170543,26048,0.0036365
1000BONKUSDT,SELL,LIMIT,1701069172471,84602,0.0036345
1000BONKUSDT,SELL,LIMIT,1701069219227,663788,0.0036326
1000BONKUSDT,SELL,LIMIT,1701069221291,1465,0.0036316
1000BONKUSDT,SELL,LIMIT,1701069225180,221884,0.0036269
1000BONKUSDT,SELL,LIMIT,1701069226191,52438,0.0036235
1000BONKUSDT,SELL,LIMIT,1701069227486,75315,0.0036208
1000BONKUSDT,SELL,LIMIT,1701069228511,114718,0.0036197
1000BONKUSDT,SELL,LIMIT,1701069303320,13330,0.0036156
1000BONKUSDT,SELL,LIMIT,1701069304809,64151,0.0036103
1000BONKUSDT,SELL,LIMIT,1701069308228,108226,0.0036086
1000BONKUSDT,SELL,LIMIT,1701069348147,1170682,0.0036099
1000BONKUSDT,SELL,LIMIT,1701069353144,4359,0.0036059
1000BONKUSDT,SELL,LIMIT,1701069382321,12370,0.0036046
1000BONKUSDT,SELL,LIMIT,1701069398793,10000,0.0036038
1000BONKUSDT,SELL,LIMIT,1701069399814,44227,0.0035999
1000BONKUSDT,SELL,LIMIT,1701069404147,23207,0.0035930
1000BONKUSDT,SELL,LIMIT,1701069405152,885299,0.0035917
1000BONKUSDT,SELL,LIMIT,1701069406423,170000,0.0035891
1000BONKUSDT,SELL,LIMIT,1701069408099,54235,0.0035874
1000BONKUSDT,SELL,LIMIT,1701069409291,1241,0.0035864
1000BONKUSDT,SELL,LIMIT,1701069410301,18328,0.0035842
1000BONKUSDT,SELL,LIMIT,1701069413115,172981,0.0035827
1000BONKUSDT,SELL,LIMIT,1701069512614,13600,0.0035883
1000BONKUSDT,SELL,LIMIT,1701069522418,2706,0.0035930
1000BONKUSDT,SELL,LIMIT,1701069575421,21148,0.0036057
1000BONKUSDT,SELL,LIMIT,1701069643583,11553,0.0036126
1000BONKUSDT,SELL,LIMIT,1701069666289,6770,0.0035947
1000BONKUSDT,SELL,LIMIT,1701069677702,655000,0.0035794
1000BONKUSDT,SELL,LIMIT,1701069682309,2934,0.0035771
1000BONKUSDT,SELL,LIMIT,1701069683426,17651,0.0035767
1000BONKUSDT,SELL,LIMIT,1701069789349,18264,0.0035703
1000BONKUSDT,SELL,LIMIT,1701069799031,25611,0.0035817
1000BONKUSDT,SELL,LIMIT,1701069819124,23472,0.0035709
1000BONKUSDT,SELL,LIMIT,1701069826044,33951,0.0035686
1000BONKUSDT,SELL,LIMIT,1701069834724,3820,0.0035692
1000BONKUSDT,SELL,LIMIT,1701069837774,274725,0.0035661
1000BONKUSDT,SELL,LIMIT,1701069883930,2323,0.0035884
1000BONKUSDT,SELL,LIMIT,1701069886792,400000,0.0035904
1000BONKUSDT,BUY,LIMIT,1701070151629,27529,0.0037431
1000BONKUSDT,BUY,LIMIT,1701070625206,204428,0.0037873
1000BONKUSDT,SELL,LIMIT,1701070700818,126135,0.0036546
1000BONKUSDT,SELL,LIMIT,1701070764731,45681,0.0036399
1000BONKUSDT,SELL,LIMIT,1701071314597,11825,0.0036153
1000BONKUSDT,SELL,LIMIT,1701071369627,87239,0.0036131
1000BONKUSDT,SELL,LIMIT,1701072252262,13242,0.0036079
1000BONKUSDT,BUY,LIMIT,1701072876380,182530,0.0037710
1000BONKUSDT,SELL,LIMIT,1701073415400,76814,0.0036451
1000BONKUSDT,BUY,LIMIT,1701073730290,83609,0.0037924
1000BONKUSDT,SELL,LIMIT,1701074042849,29718,0.0036626
1000BONKUSDT,SELL,LIMIT,1701077181053,439339,0.0036766
1000BONKUSDT,BUY,LIMIT,1701078230847,68795,0.0038270
1000BONKUSDT,SELL,LIMIT,1701079011821,372281,0.0036800
1000BONKUSDT,SELL,LIMIT,1701079044081,1489,0.0036758
1000BONKUSDT,SELL,LIMIT,1701079076385,126067,0.0036740
1000BONKUSDT,SELL,LIMIT,1701079217392,99985,0.0036671
1000BONKUSDT,BUY,LIMIT,1701079642549,70041,0.0037986
1000BONKUSDT,BUY,LIMIT,1701079644879,948887,0.0038094
1000BONKUSDT,SELL,LIMIT,1701079857507,19627,0.0036798
1000BONKUSDT,SELL,LIMIT,1701080089072,64262,0.0036742
1000BONKUSDT,SELL,LIMIT,1701080248479,44338,0.0036632
1000BONKUSDT,SELL,LIMIT,1701080374575,36019,0.0036564
1000BONKUSDT,SELL,LIMIT,1701080405188,6462,0.0036513
1000BONKUSDT,SELL,LIMIT,1701080481735,22956,0.0036457
1000BONKUSDT,SELL,LIMIT,1701080486829,158094,0.0036445
1000BONKUSDT,BUY,LIMIT,1701080651221,8924,0.0037655
1000BONKUSDT,SELL,LIMIT,1701080806277,107310,0.0036318
1000BONKUSDT,SELL,LIMIT,1701080809098,14392,0.0036298
1000BONKUSDT,SELL,LIMIT,1701081425159,10759,0.0036380
1000BONKUSDT,SELL,LIMIT,1701081492755,1850,0.0036171
1000BONKUSDT,SELL,LIMIT,1701081545669,528680,0.0036020
1000BONKUSDT,SELL,LIMIT,1701081546813,5124,0.0036003
1000BONKUSDT,SELL,LIMIT,1701081574191,243522,0.0035919
1000BONKUSDT,SELL,LIMIT,1701081625516,21132,0.0035725
1000BONKUSDT,BUY,LIMIT,1701081837639,119426,0.0037192
1000BONKUSDT,SELL,LIMIT,1701081874226,176344,0.0035863
1000BONKUSDT,SELL,LIMIT,1701082009044,274500,0.0035808
1000BONKUSDT,SELL,LIMIT,1701082208896,34677,0.0035910
1000BONKUSDT,BUY,LIMIT,1701082300322,1376,0.0037170
1000BONKUSDT,SELL,LIMIT,1701082433812,1365,0.0035955
1000BONKUSDT,SELL,LIMIT,1701082471243,13421,0.0035776
1000BONKUSDT,SELL,LIMIT,1701082474729,5935,0.0035724
1000BONKUSDT,SELL,LIMIT,1701082475902,5669,0.0035658
1000BONKUSDT,SELL,LIMIT,1701082478958,644400,0.0035647
1000BONKUSDT,SELL,LIMIT,1701082488448,29854,0.0035612
1000BONKUSDT,SELL,LIMIT,1701082490982,19104,0.0035604
1000BONKUSDT,SELL,LIMIT,1701082592500,16159,0.0035750
1000BONKUSDT,SELL,LIMIT,1701082698812,150000,0.0035625
1000BONKUSDT,SELL,LIMIT,1701083111300,3450,0.0035806
1000BONKUSDT,BUY,LIMIT,1701084203330,68984,0.0037243
1000BONKUSDT,SELL,LIMIT,1701084926076,2567,0.0035635
1000BONKUSDT,SELL,LIMIT,1701084932202,78721,0.0035623
1000BONKUSDT,BUY,LIMIT,1701086725132,2315,0.0037120
1000BONKUSDT,BUY,LIMIT,1701087441181,627987,0.0037131
1000BONKUSDT,SELL,LIMIT,1701088048541,139092,0.0035746
1000BONKUSDT,SELL,LIMIT,1701088058681,6307,0.0035699
1000BONKUSDT,SELL,LIMIT,1701088079036,12530,0.0035644
1000BONKUSDT,SELL,LIMIT,1701088084307,348128,0.0035630
1000BONKUSDT,SELL,LIMIT,1701088098054,524195,0.0035661
1000BONKUSDT,SELL,LIMIT,1701088170777,335921,0.0035628
1000BONKUSDT,SELL,LIMIT,1701088710047,19785,0.0035778
1000BONKUSDT,BUY,LIMIT,1701089388525,15747,0.0037324
1000BONKUSDT,BUY,LIMIT,1701089395734,303202,0.0037392
1000BONKUSDT,BUY,LIMIT,1701089424374,84368,0.0037382
1000BONKUSDT,SELL,LIMIT,1701090083415,17440,0.0036003
1000BONKUSDT,SELL,LIMIT,1701091161902,69531,0.0036089
1000BONKUSDT,SELL,LIMIT,1701092133043,418030,0.0036077
1000BONKUSDT,SELL,LIMIT,1701092704041,68272,0.0035887
1000BONKUSDT,SELL,LIMIT,1701092705156,197102,0.0035786
1000BONKUSDT,SELL,LIMIT,1701092706238,293575,0.0035793
1000BONKUSDT,SELL,LIMIT,1701093058194,1697282,0.0035552
1000BONKUSDT,SELL,LIMIT,1701093062970,174245,0.0035544
1000BONKUSDT,SELL,LIMIT,1701093071047,231784,0.0035408
1000BONKUSDT,SELL,LIMIT,1701093072199,2142,0.0035526
1000BONKUSDT,SELL,LIMIT,1701093073202,16728,0.0035289
1000BONKUSDT,SELL,LIMIT,1701093074325,61785,0.0035282
1000BONKUSDT,SELL,LIMIT,1701093075369,67320,0.0035212
1000BONKUSDT,SELL,LIMIT,1701093077642,42954,0.0035174
1000BONKUSDT,SELL,LIMIT,1701093079075,6962,0.0035131
1000BONKUSDT,SELL,LIMIT,1701093080365,755185,0.0035072
1000BONKUSDT,BUY,LIMIT,1701093100006,22379,0.0036352
1000BONKUSDT,SELL,LIMIT,1701093137204,10425,0.0035345
1000BONKUSDT,SELL,LIMIT,1701093150518,502130,0.0035227
1000BONKUSDT,SELL,LIMIT,1701093164438,112798,0.0035177
1000BONKUSDT,SELL,LIMIT,1701094296019,140885,0.0035601
1000BONKUSDT,SELL,LIMIT,1701094305062,33995,0.0035569
1000BONKUSDT,SELL,LIMIT,1701094350366,5469,0.0035567
1000BONKUSDT,SELL,LIMIT,1701094428402,331526,0.0035443
1000BONKUSDT,SELL,LIMIT,1701094532357,3475,0.0035439
1000BONKUSDT,SELL,LIMIT,1701094706416,245056,0.0035244
1000BONKUSDT,SELL,LIMIT,1701094947705,795380,0.0035210
1000BONKUSDT,SELL,LIMIT,1701094982108,125269,0.0035188
1000BONKUSDT,SELL,LIMIT,1701094994696,31094,0.0035172
1000BONKUSDT,SELL,LIMIT,1701095088942,1422,0.0035143
1000BONKUSDT,SELL,LIMIT,1701095095612,136157,0.0035092
1000BONKUSDT,SELL,LIMIT,1701095149267,10945,0.0035071
1000BONKUSDT,SELL,LIMIT,1701095152048,24823,0.0034999
1000BONKUSDT,SELL,LIMIT,1701095335642,42957,0.0035006
1000BONKUSDT,SELL,LIMIT,1701095341165,176538,0.0034960
1000BONKUSDT,SELL,LIMIT,1701095342187,73460,0.0034714
1000BONKUSDT,SELL,LIMIT,1701095343271,224790,0.0034694
1000BONKUSDT,SELL,LIMIT,1701095344525,6462,0.0034684
1000BONKUSDT,SELL,LIMIT,1701095501369,11519,0.0034841
1000BONKUSDT,SELL,LIMIT,1701095530051,1042535,0.0034889
1000BONKUSDT,SELL,LIMIT,1701095546132,13737,0.0034769
1000BONKUSDT,SELL,LIMIT,1701095552229,1512,0.0034756
1000BONKUSDT,SELL,LIMIT,1701095592924,19015,0.0034932
1000BONKUSDT,BUY,LIMIT,1701095841225,153810,0.0037257
1000BONKUSDT,BUY,LIMIT,1701095842472,60792,0.0036159
1000BONKUSDT,BUY,LIMIT,1701095845337,120551,0.0037407
1000BONKUSDT,BUY,LIMIT,1701095848825,15000,0.0037591
1000BONKUSDT,BUY,LIMIT,1701095850040,118958,0.0037629
1000BONKUSDT,BUY,LIMIT,1701095851127,102215,0.0038078
1000BONKUSDT,BUY,LIMIT,1701095852290,42883,0.0037793
1000BONKUSDT,BUY,LIMIT,1701095858579,308854,0.0038285
1000BONKUSDT,BUY,LIMIT,1701095863142,60081,0.0038313
1000BONKUSDT,BUY,LIMIT,1701095864239,307055,0.0038313
1000BONKUSDT,BUY,LIMIT,1701096099559,74267,0.0038332
1000BONKUSDT,BUY,LIMIT,1701096181429,16247,0.0038293
1000BONKUSDT,SELL,LIMIT,1701096268052,3473,0.0036619
1000BONKUSDT,SELL,LIMIT,1701096272402,68667,0.0036454
1000BONKUSDT,BUY,LIMIT,1701096282157,4372,0.0037744
1000BONKUSDT,BUY,LIMIT,1701096303491,377491,0.0037854
1000BONKUSDT,SELL,LIMIT,1701096741740,7029,0.0036118
1000BONKUSDT,SELL,LIMIT,1701096746263,46936,0.0035984
1000BONKUSDT,SELL,LIMIT,1701096753499,218503,0.0035905
1000BONKUSDT,SELL,LIMIT,1701096799418,31072,0.0035887
1000BONKUSDT,SELL,LIMIT,1701096934287,34889,0.0035857
1000BONKUSDT,SELL,LIMIT,1701096945053,30286,0.0035768
1000BONKUSDT,SELL,LIMIT,1701096979844,2162,0.0035467
1000BONKUSDT,SELL,LIMIT,1701097061860,3408,0.0035368
1000BONKUSDT,SELL,LIMIT,1701097063252,136762,0.0035354
1000BONKUSDT,SELL,LIMIT,1701097079323,2154,0.0035313
1000BONKUSDT,SELL,LIMIT,1701097083369,401776,0.0035260
1000BONKUSDT,SELL,LIMIT,1701097101874,95842,0.0035258
1000BONKUSDT,SELL,LIMIT,1701097191107,41711,0.0035221
1000BONKUSDT,BUY,LIMIT,1701097415886,48517,0.0036872
1000BONKUSDT,SELL,LIMIT,1701098557064,56762,0.0036101
1000BONKUSDT,SELL,LIMIT,1701098748540,236457,0.0036073
1000BONKUSDT,BUY,LIMIT,1701099901316,301763,0.0037630
1000BONKUSDT,SELL,LIMIT,1701100029424,4094,0.0036428
1000BONKUSDT,SELL,LIMIT,1701100183542,41055,0.0037239
1000BONKUSDT,SELL,LIMIT,1701100503364,43463,0.0036062
1000BONKUSDT,SELL,LIMIT,1701100505372,1592,0.0035978
1000BONKUSDT,SELL,LIMIT,1701100507222,65222,0.0035953
1000BONKUSDT,SELL,LIMIT,1701100515979,14039,0.0035953
1000BONKUSDT,SELL,LIMIT,1701100525870,5122,0.0035770
1000BONKUSDT,SELL,LIMIT,1701100527243,3248,0.0035723
1000BONKUSDT,SELL,LIMIT,1701100536389,247594,0.0035917
1000BONKUSDT,SELL,LIMIT,1701100573013,813200,0.0035845
1000BONKUSDT,SELL,LIMIT,1701100725292,1344130,0.0035717
1000BONKUSDT,SELL,LIMIT,1701100733070,11637,0.0035682
1000BONKUSDT,BUY,LIMIT,1701101072488,8335,0.0037209
1000BONKUSDT,SELL,LIMIT,1701101497664,544529,0.0036195
1000BONKUSDT,SELL,LIMIT,1701102144677,238903,0.0035986
1000BONKUSDT,SELL,LIMIT,1701102234129,2864,0.0035829
1000BONKUSDT,SELL,LIMIT,1701107058413,131442,0.0036968
1000BONKUSDT,SELL,LIMIT,1701107926895,5270,0.0036633
1000BONKUSDT,BUY,LIMIT,1701108218163,67876,0.0038068
1000BONKUSDT,BUY,LIMIT,1701108764454,42919,0.0038294
1000BONKUSDT,SELL,LIMIT,1701111068231,60000,0.0037375
1000BONKUSDT,SELL,LIMIT,1701111213114,114700,0.0036888
1000BONKUSDT,SELL,LIMIT,1701111235176,13280,0.0036786
1000BONKUSDT,SELL,LIMIT,1701111827461,100000,0.0036727
1000BONKUSDT,SELL,LIMIT,1701112014589,7606,0.0036613
1000BONKUSDT,SELL,LIMIT,1701112025133,25363,0.0036265
1000BONKUSDT,SELL,LIMIT,1701112061568,414733,0.0035988
1000BONKUSDT,SELL,LIMIT,1701112080721,8892,0.0035907
1000BONKUSDT,BUY,LIMIT,1701112261787,15670,0.0037133
1000BONKUSDT,SELL,LIMIT,1701113978677,139838,0.0036157
1000BONKUSDT,SELL,LIMIT,1701114264298,55882,0.0035843
1000BONKUSDT,SELL,LIMIT,1701114275870,2336,0.0035855
1000BONKUSDT,SELL,LIMIT,1701114462995,130345,0.0035795
1000BONKUSDT,SELL,LIMIT,1701114471425,242467,0.0035797
1000BONKUSDT,SELL,LIMIT,1701114496818,59123,0.0035730
1000BONKUSDT,SELL,LIMIT,1701114502744,261233,0.0035727
1000BONKUSDT,SELL,LIMIT,1701114514212,9714,0.0035550
1000BONKUSDT,SELL,LIMIT,1701114515234,289321,0.0035556
1000BONKUSDT,BUY,LIMIT,1701116350396,100366,0.0037526
1000BONKUSDT,SELL,LIMIT,1701116895062,19837,0.0035933
1000BONKUSDT,SELL,LIMIT,1701117216285,9155,0.0036082
1000BONKUSDT,SELL,LIMIT,1701117951300,23423,0.0035591
1000BONKUSDT,SELL,LIMIT,1701118644522,438059,0.0035815
1000BONKUSDT,BUY,LIMIT,1701121395057,270529,0.0037970
1000BONKUSDT,BUY,LIMIT,1701122503740,9601,0.0038190
1000BONKUSDT,BUY,LIMIT,1701124256398,4738,0.0038212
1000BONKUSDT,BUY,LIMIT,1701125569884,548245,0.0038260
1000BONKUSDT,BUY,LIMIT,1701127053877,1354,0.0038530
1000BONKUSDT,BUY,LIMIT,1701128021443,263157,0.0038752
1000BONKUSDT,BUY,LIMIT,1701129886266,891559,0.0038827
1000BONKUSDT,BUY,LIMIT,1701129941080,12621,0.0038939
1000BONKUSDT,BUY,LIMIT,1701129943045,118813,0.0039058
1000BONKUSDT,BUY,LIMIT,1701130710318,220881,0.0038796
1000BONKUSDT,BUY,LIMIT,1701131037863,130683,0.0039068
1000BONKUSDT,BUY,LIMIT,1701131041651,7864,0.0039190
1000BONKUSDT,BUY,LIMIT,1701131772205,5202,0.0039224
1000BONKUSDT,BUY,LIMIT,1701131796072,1494,0.0039250
1000BONKUSDT,BUY,LIMIT,1701131845049,140711,0.0039315
1000BONKUSDT,SELL,LIMIT,1701134717535,59259,0.0037543
1000BONKUSDT,BUY,LIMIT,1701136288207,5938,0.0039527
1000BONKUSDT,SELL,LIMIT,1701136936773,576590,0.0037516
1000BONKUSDT,BUY,LIMIT,1701137789852,41411,0.0039541
1000BONKUSDT,BUY,LIMIT,1701140802503,571250,0.0039880
1000BONKUSDT,BUY,LIMIT,1701141224989,730757,0.0040145
1000BONKUSDT,BUY,LIMIT,1701142037705,4266,0.0040300
1000BONKUSDT,SELL,LIMIT,1701143219900,3292,0.0039048
1000BONKUSDT,SELL,LIMIT,1701144045267,1842,0.0038460
1000BONKUSDT,SELL,LIMIT,1701144182275,1525,0.0038355
1000BONKUSDT,SELL,LIMIT,1701144183305,11624,0.0038358
1000BONKUSDT,SELL,LIMIT,1701144355432,160760,0.0038178
1000BONKUSDT,SELL,LIMIT,1701144362126,88040,0.0038167
1000BONKUSDT,SELL,LIMIT,1701145557658,16424,0.0037698
1000BONKUSDT,SELL,LIMIT,1701145560118,32021,0.0037696
1000BONKUSDT,SELL,LIMIT,1701145568358,100638,0.0037632
1000BONKUSDT,SELL,LIMIT,1701145593239,116652,0.0037572
1000BONKUSDT,SELL,LIMIT,1701145993069,2959,0.0037392
1000BONKUSDT,SELL,LIMIT,1701146001794,978078,0.0037358
1000BONKUSDT,SELL,LIMIT,1701147081326,120900,0.0037180
1000BONKUSDT,SELL,LIMIT,1701147829200,38306,0.0037161
1000BONKUSDT,SELL,LIMIT,1701147842955,75070,0.0037143
1000BONKUSDT,SELL,LIMIT,1701147844264,17551,0.0037022
1000BONKUSDT,SELL,LIMIT,1701147881389,130541,0.0036947
1000BONKUSDT,SELL,LIMIT,1701147883164,3590,0.0036856
1000BONKUSDT,SELL,LIMIT,1701147888166,31890,0.0036962
1000BONKUSDT,SELL,LIMIT,1701147891409,1639,0.0036817
1000BONKUSDT,SELL,LIMIT,1701147894854,21053,0.0036792
1000BONKUSDT,SELL,LIMIT,1701147905112,21007,0.0036677
1000BONKUSDT,SELL,LIMIT,1701149098940,65572,0.0036640
1000BONKUSDT,SELL,LIMIT,1701149187264,19051,0.0036532
1000BONKUSDT,SELL,LIMIT,1701149188276,131648,0.0036426
1000BONKUSDT,BUY,LIMIT,1701149367077,7796,0.0037776
1000BONKUSDT,SELL,LIMIT,1701150498363,53977,0.0036427
1000BONKUSDT,SELL,LIMIT,1701150586442,61113,0.0036295
1000BONKUSDT,SELL,LIMIT,1701150878675,418789,0.0036274
1000BONKUSDT,BUY,LIMIT,1701150916029,2965,0.0037537
1000BONKUSDT,SELL,LIMIT,1701151256152,24824,0.0036554
1000BONKUSDT,BUY,LIMIT,1701151434372,2009,0.0037647
1000BONKUSDT,BUY,LIMIT,1701152010209,21145,0.0038026
1000BONKUSDT,BUY,LIMIT,1701152141408,1345895,0.0038118
1000BONKUSDT,SELL,LIMIT,1701155329334,45738,0.0036830
1000BONKUSDT,SELL,LIMIT,1701155469412,955016,0.0036644
1000BONKUSDT,SELL,LIMIT,1701155529786,164237,0.0036656
1000BONKUSDT,SELL,LIMIT,1701155532213,65179,0.0036612
1000BONKUSDT,SELL,LIMIT,1701155536274,1467,0.0036564
1000BONKUSDT,SELL,LIMIT,1701155670125,490618,0.0036436
1000BONKUSDT,SELL,LIMIT,1701156510038,181263,0.0036113
1000BONKUSDT,BUY,LIMIT,1701156752075,2090,0.0037405
1000BONKUSDT,SELL,LIMIT,1701159409710,4981,0.0037182
1000BONKUSDT,BUY,LIMIT,1701159704294,156467,0.0038161
1000BONKUSDT,BUY,LIMIT,1701160290196,371570,0.0038405
1000BONKUSDT,BUY,LIMIT,1701160512943,134504,0.0038503
1000BONKUSDT,BUY,LIMIT,1701161091002,17667,0.0038647
1000BONKUSDT,SELL,LIMIT,1701162474535,790095,0.0037102
1000BONKUSDT,SELL,LIMIT,1701162476180,12753,0.0037092
1000BONKUSDT,BUY,LIMIT,1701163288822,40647,0.0038956
1000BONKUSDT,SELL,LIMIT,1701164019621,4062,0.0037654
1000BONKUSDT,SELL,LIMIT,1701164041128,57035,0.0037609
1000BONKUSDT,BUY,LIMIT,1701164363171,5311,0.0039205
1000BONKUSDT,BUY,LIMIT,1701164515259,3972,0.0039399
1000BONKUSDT,BUY,LIMIT,1701164522467,9527,0.0039470
1000BONKUSDT,BUY,LIMIT,1701165461617,16615,0.0039744
1000BONKUSDT,BUY,LIMIT,1701165467257,189853,0.0039761
1000BONKUSDT,SELL,LIMIT,1701166291788,130954,0.0038523
1000BONKUSDT,SELL,LIMIT,1701166326188,257212,0.0038354
1000BONKUSDT,SELL,LIMIT,1701166327284,20430,0.0038337
1000BONKUSDT,BUY,LIMIT,1701167571269,476993,0.0040057
1000BONKUSDT,BUY,LIMIT,1701167790310,24478,0.0040250
1000BONKUSDT,BUY,LIMIT,1701167930667,11365,0.0040417
1000BONKUSDT,BUY,LIMIT,1701168021755,12738,0.0040487
1000BONKUSDT,BUY,LIMIT,1701168042177,54274,0.0040537
1000BONKUSDT,BUY,LIMIT,1701168060143,300360,0.0040552
1000BONKUSDT,BUY,LIMIT,1701168075030,331409,0.0040665
1000BONKUSDT,BUY,LIMIT,1701168202716,148094,0.0040714
1000BONKUSDT,BUY,LIMIT,1701168254575,16726,0.0040811
1000BONKUSDT,SELL,LIMIT,1701168470253,91286,0.0039327
1000BONKUSDT,SELL,LIMIT,1701168547554,609335,0.0039280
1000BONKUSDT,SELL,LIMIT,1701168549751,149124,0.0039259
1000BONKUSDT,SELL,LIMIT,1701168564121,30897,0.0039200
1000BONKUSDT,BUY,LIMIT,1701169081750,104792,0.0040891
1000BONKUSDT,SELL,LIMIT,1701169496061,32094,0.0039451
1000BONKUSDT,SELL,LIMIT,1701169672701,1989,0.0039407
1000BONKUSDT,BUY,LIMIT,1701170005420,24793,0.0040891
1000BONKUSDT,BUY,LIMIT,1701170023299,56544,0.0041032
1000BONKUSDT,BUY,LIMIT,1701170081465,117187,0.0041180
1000BONKUSDT,SELL,LIMIT,1701170126200,26294,0.0039726
1000BONKUSDT,SELL,LIMIT,1701170135282,27258,0.0039702
1000BONKUSDT,SELL,LIMIT,1701170252657,90602,0.0039602
1000BONKUSDT,SELL,LIMIT,1701170295435,69413,0.0039320
1000BONKUSDT,SELL,LIMIT,1701170304421,59820,0.0039310
1000BONKUSDT,BUY,LIMIT,1701171450570,2721,0.0041332
1000BONKUSDT,BUY,LIMIT,1701171465082,2961,0.0041407
1000BONKUSDT,BUY,LIMIT,1701171474335,18359,0.0041485
1000BONKUSDT,BUY,LIMIT,1701171475440,3546,0.0041586
1000BONKUSDT,BUY,LIMIT,1701171507623,541008,0.0041746
1000BONKUSDT,BUY,LIMIT,1701171509396,20226,0.0041826
1000BONKUSDT,BUY,LIMIT,1701171512287,349667,0.0041868
1000BONKUSDT,BUY,LIMIT,1701171543244,2340,0.0041960
1000BONKUSDT,BUY,LIMIT,1701171579098,5816,0.0042043
1000BONKUSDT,BUY,LIMIT,1701171580805,5653,0.0042097
1000BONKUSDT,SELL,LIMIT,1701171990465,10864,0.0040532
1000BONKUSDT,SELL,LIMIT,1701172019815,19982,0.0040473
1000BONKUSDT,SELL,LIMIT,1701172211153,365893,0.0040453
1000BONKUSDT,SELL,LIMIT,1701172220572,15974,0.0040416
1000BONKUSDT,SELL,LIMIT,1701172250450,35230,0.0040377
1000BONKUSDT,SELL,LIMIT,1701172806364,23664,0.0040271
1000BONKUSDT,SELL,LIMIT,1701172830038,59787,0.0040239
1000BONKUSDT,SELL,LIMIT,1701172968443,32685,0.0040190
1000BONKUSDT,BUY,LIMIT,1701173176143,1214795,0.0041921
1000BONKUSDT,BUY,LIMIT,1701173199230,6465,0.0041977
1000BONKUSDT,SELL,LIMIT,1701173233380,19304,0.0040652
1000BONKUSDT,SELL,LIMIT,1701173293251,8298,0.0040520
1000BONKUSDT,BUY,LIMIT,1701173809559,384482,0.0041949
1000BONKUSDT,SELL,LIMIT,1701174012706,20776,0.0040576
1000BONKUSDT,SELL,LIMIT,1701174025570,50937,0.0040501
1000BONKUSDT,SELL,LIMIT,1701174092328,15668,0.0040385
1000BONKUSDT,SELL,LIMIT,1701174329347,184897,0.0040273
1000BONKUSDT,SELL,LIMIT,1701174335285,33385,0.0040197
1000BONKUSDT,BUY,LIMIT,1701174424903,43654,0.0041605
1000BONKUSDT,BUY,LIMIT,1701174689178,404140,0.0041915
1000BONKUSDT,SELL,LIMIT,1701175146116,16630,0.0040489
1000BONKUSDT,SELL,LIMIT,1701175411803,52089,0.0040508
1000BONKUSDT,BUY,LIMIT,1701175635103,6383,0.0041911
1000BONKUSDT,BUY,LIMIT,1701175636361,27192,0.0041953
1000BONKUSDT,BUY,LIMIT,1701175733186,30065,0.0041962
1000BONKUSDT,BUY,LIMIT,1701175852616,64931,0.0041981
1000BONKUSDT,SELL,LIMIT,1701175932737,4552,0.0040484
1000BONKUSDT,SELL,LIMIT,1701176464090,1232,0.0040269
1000BONKUSDT,SELL,LIMIT,1701176465487,414285,0.0040219
1000BONKUSDT,SELL,LIMIT,1701176485076,12482,0.0040190
1000BONKUSDT,SELL,LIMIT,1701176494129,2281,0.0040152
1000BONKUSDT,BUY,LIMIT,1701176511284,7875,0.0041630
1000BONKUSDT,SELL,LIMIT,1701176586264,615280,0.0040211
1000BONKUSDT,SELL,LIMIT,1701176587618,137940,0.0040144
1000BONKUSDT,SELL,LIMIT,1701176590244,4256,0.0040104
1000BONKUSDT,SELL,LIMIT,1701176592083,2020,0.0040007
1000BONKUSDT,SELL,LIMIT,1701176593473,4712,0.0040076
1000BONKUSDT,SELL,LIMIT,1701176650659,21190,0.0039995
1000BONKUSDT,SELL,LIMIT,1701176716299,631591,0.0039870
1000BONKUSDT,SELL,LIMIT,1701176719291,4046,0.0039746
1000BONKUSDT,SELL,LIMIT,1701176721337,224124,0.0039771
1000BONKUSDT,SELL,LIMIT,1701176742667,71954,0.0039723
1000BONKUSDT,SELL,LIMIT,1701176747998,20285,0.0039674
1000BONKUSDT,BUY,LIMIT,1701176951476,6232,0.0041137
1000BONKUSDT,BUY,LIMIT,1701177184482,468743,0.0041248
1000BONKUSDT,BUY,LIMIT,1701177186024,129658,0.0041265
1000BONKUSDT,BUY,LIMIT,1701177526363,48808,0.0041473
1000BONKUSDT,BUY,LIMIT,1701177915639,2440,0.0041641
1000BONKUSDT,BUY,LIMIT,1701179160011,16487,0.0041811
1000BONKUSDT,BUY,LIMIT,1701179615562,51628,0.0041921
1000BONKUSDT,BUY,LIMIT,1701179617862,6322,0.0041934
1000BONKUSDT,BUY,LIMIT,1701179620002,67458,0.0041949
1000BONKUSDT,BUY,LIMIT,1701179625130,59074,0.0042017
1000BONKUSDT,BUY,LIMIT,1701179841150,92210,0.0042134
1000BONKUSDT,BUY,LIMIT,1701179944317,36629,0.0042147
1000BONKUSDT,BUY,LIMIT,1701180013376,89786,0.0042217
1000BONKUSDT,BUY,LIMIT,1701180017859,4911,0.0042269
1000BONKUSDT,BUY,LIMIT,1701180048732,2146,0.0042365
1000BONKUSDT,BUY,LIMIT,1701180050666,10710,0.0042375
1000BONKUSDT,BUY,LIMIT,1701180052190,184327,0.0042396
1000BONKUSDT,BUY,LIMIT,1701180070145,12450,0.0042417
1000BONKUSDT,BUY,LIMIT,1701180106201,42669,0.0042481
1000BONKUSDT,BUY,LIMIT,1701180553530,69227,0.0042545
1000BONKUSDT,BUY,LIMIT,1701180555137,32924,0.0042735
1000BONKUSDT,BUY,LIMIT,1701180557300,32068,0.0042775
1000BONKUSDT,BUY,LIMIT,1701180630543,122666,0.0042796
1000BONKUSDT,BUY,LIMIT,1701180635603,7372,0.0042853
1000BONKUSDT,BUY,LIMIT,1701180637289,75353,0.0042882
1000BONKUSDT,BUY,LIMIT,1701180640489,5001,0.0042912
1000BONKUSDT,BUY,LIMIT,1701180647760,398152,0.0042946
1000BONKUSDT,BUY,LIMIT,1701180706232,2180,0.0042972
1000BONKUSDT,BUY,LIMIT,1701180708201,4480,0.0043094
1000BONKUSDT,BUY,LIMIT,1701180709296,104876,0.0043146
1000BONKUSDT,BUY,LIMIT,1701180787112,8501,0.0043193
1000BONKUSDT,BUY,LIMIT,1701180799245,4020,0.0043239
1000BONKUSDT,BUY,LIMIT,1701180801435,29216,0.0043341
1000BONKUSDT,SELL,LIMIT,1701180959164,147236,0.0041809
1000BONKUSDT,SELL,LIMIT,1701181172704,13115,0.0041676
1000BONKUSDT,SELL,LIMIT,1701181214178,30020,0.0041585
1000BONKUSDT,SELL,LIMIT,1701181263963,22104,0.0041575
1000BONKUSDT,SELL,LIMIT,1701181265521,54366,0.0041526
1000BONKUSDT,SELL,LIMIT,1701181267615,700000,0.0041507
1000BONKUSDT,SELL,LIMIT,1701181349065,6609,0.0041405
1000BONKUSDT,BUY,LIMIT,1701181523244,108266,0.0042820
1000BONKUSDT,SELL,LIMIT,1701181572482,95693,0.0041291
1000BONKUSDT,BUY,LIMIT,1701181665131,64510,0.0042777
1000BONKUSDT,BUY,LIMIT,1701181830093,189260,0.0042910
1000BONKUSDT,BUY,LIMIT,1701181855368,42132,0.0043015
1000BONKUSDT,BUY,LIMIT,1701181856649,98189,0.0043035
1000BONKUSDT,SELL,LIMIT,1701182261132,54304,0.0041651
1000BONKUSDT,SELL,LIMIT,1701182317201,72179,0.0041592
1000BONKUSDT,SELL,LIMIT,1701182509037,47732,0.0041452
1000BONKUSDT,SELL,LIMIT,1701182717403,6160,0.0041236
1000BONKUSDT,SELL,LIMIT,1701182746857,221303,0.0041114
1000BONKUSDT,SELL,LIMIT,1701182748222,208261,0.0040925
1000BONKUSDT,BUY,LIMIT,1701182878999,584294,0.0042515
1000BONKUSDT,BUY,LIMIT,1701183041173,8346,0.0042741
1000BONKUSDT,SELL,LIMIT,1701183314155,18366,0.0041182
1000BONKUSDT,SELL,LIMIT,1701183376939,47454,0.0041044
1000BONKUSDT,BUY,LIMIT,1701183638924,62199,0.0042494
1000BONKUSDT,BUY,LIMIT,1701183646991,4713,0.0042566
1000BONKUSDT,BUY,LIMIT,1701183649308,5040,0.0042579
1000BONKUSDT,BUY,LIMIT,1701183652027,210855,0.0042617
1000BONKUSDT,SELL,LIMIT,1701184126425,19155,0.0041191
1000BONKUSDT,SELL,LIMIT,1701184175466,39537,0.0041165
1000BONKUSDT,SELL,LIMIT,1701184184876,31538,0.0041107
1000BONKUSDT,SELL,LIMIT,1701184843395,18708,0.0041144
1000BONKUSDT,SELL,LIMIT,1701184888902,389635,0.0041014
1000BONKUSDT,SELL,LIMIT,1701184892634,58870,0.0040949
1000BONKUSDT,SELL,LIMIT,1701185227707,25570,0.0040910
1000BONKUSDT,SELL,LIMIT,1701185379367,33545,0.0040946
1000BONKUSDT,SELL,LIMIT,1701185394646,13660,0.0040893
1000BONKUSDT,SELL,LIMIT,1701185417347,233998,0.0040850
1000BONKUSDT,SELL,LIMIT,1701185419519,19683,0.0040770
1000BONKUSDT,SELL,LIMIT,1701185420762,14844,0.0040682
1000BONKUSDT,BUY,LIMIT,1701186180108,85161,0.0042321
1000BONKUSDT,SELL,LIMIT,1701187105737,27531,0.0041336
1000BONKUSDT,BUY,LIMIT,1701187239133,16922,0.0042582
1000BONKUSDT,SELL,LIMIT,1701187882737,2362,0.0041034
1000BONKUSDT,SELL,LIMIT,1701188564178,47592,0.0040940
1000BONKUSDT,SELL,LIMIT,1701188719384,1222,0.0040877
1000BONKUSDT,SELL,LIMIT,1701188768106,7486,0.0042340
1000BONKUSDT,SELL,LIMIT,1701188836531,11681,0.0040842
1000BONKUSDT,SELL,LIMIT,1701188837734,8259,0.0040815
1000BONKUSDT,SELL,LIMIT,1701188942784,6592,0.0040770
1000BONKUSDT,SELL,LIMIT,1701189273154,669791,0.0040871
1000BONKUSDT,SELL,LIMIT,1701189556513,3224,0.0040668
1000BONKUSDT,SELL,LIMIT,1701189590265,49143,0.0040581
1000BONKUSDT,BUY,LIMIT,1701189872370,242723,0.0042362
1000BONKUSDT,BUY,LIMIT,1701190029798,38536,0.0042413
1000BONKUSDT,BUY,LIMIT,1701190296211,3100695,0.0042950
1000BONKUSDT,BUY,LIMIT,1701190336940,1155112,0.0042755
1000BONKUSDT,BUY,LIMIT,1701190346085,14113,0.0042851
1000BONKUSDT,BUY,LIMIT,1701190391339,15452,0.0043221
1000BONKUSDT,BUY,LIMIT,1701190393204,866097,0.0043239
1000BONKUSDT,BUY,LIMIT,1701190452296,92213,0.0043430
1000BONKUSDT,BUY,LIMIT,1701190453914,3104,0.0043453
1000BONKUSDT,BUY,LIMIT,1701190455123,46878,0.0043472
1000BONKUSDT,BUY,LIMIT,1701192087623,1153,0.0042566
1000BONKUSDT,BUY,LIMIT,1701192139206,47795,0.0042720
1000BONKUSDT,BUY,LIMIT,1701192172121,12913,0.0043004
1000BONKUSDT,BUY,LIMIT,1701192385376,195405,0.0043448
1000BONKUSDT,SELL,LIMIT,1701192411300,95097,0.0041905
1000BONKUSDT,SELL,LIMIT,1701192413431,1191,0.0041853
1000BONKUSDT,SELL,LIMIT,1701192415227,471855,0.0041827
1000BONKUSDT,BUY,LIMIT,1701192640597,14471,0.0042868
1000BONKUSDT,BUY,LIMIT,1701192738328,10431,0.0043184
1000BONKUSDT,SELL,LIMIT,1701192997736,119569,0.0041648
1000BONKUSDT,SELL,LIMIT,1701193021747,236688,0.0041349
1000BONKUSDT,SELL,LIMIT,1701193167211,45509,0.0041514
1000BONKUSDT,SELL,LIMIT,1701193565348,9183,0.0041343
1000BONKUSDT,BUY,LIMIT,1701194224794,45029,0.0042792
1000BONKUSDT,SELL,LIMIT,1701194263292,3134,0.0041283
1000BONKUSDT,BUY,LIMIT,1701194808023,59837,0.0042699
1000BONKUSDT,BUY,LIMIT,1701194909243,360902,0.0042759
1000BONKUSDT,BUY,LIMIT,1701194948150,16733,0.0042872
1000BONKUSDT,BUY,LIMIT,1701195158688,48943,0.0043017
1000BONKUSDT,SELL,LIMIT,1701195967639,131123,0.0041602
1000BONKUSDT,SELL,LIMIT,1701196049434,2900,0.0041558
1000BONKUSDT,SELL,LIMIT,1701196681660,9860,0.0041119
1000BONKUSDT,SELL,LIMIT,1701196703639,859623,0.0041014
1000BONKUSDT,SELL,LIMIT,1701196829545,3095,0.0040932
1000BONKUSDT,BUY,LIMIT,1701197258256,13869,0.0042268
1000BONKUSDT,SELL,LIMIT,1701197425178,263737,0.0040876
1000BONKUSDT,SELL,LIMIT,1701197434222,3007,0.0040822
1000BONKUSDT,SELL,LIMIT,1701197538442,37755,0.0040632
1000BONKUSDT,BUY,LIMIT,1701197574231,2660,0.0041662
1000BONKUSDT,BUY,LIMIT,1701197852024,19017,0.0042246
1000BONKUSDT,BUY,LIMIT,1701197856333,1464130,0.0042115
1000BONKUSDT,SELL,LIMIT,1701197859770,210659,0.0041070
1000BONKUSDT,BUY,LIMIT,1701198101755,3801,0.0042396
1000BONKUSDT,BUY,LIMIT,1701198614400,25169,0.0042637
1000BONKUSDT,BUY,LIMIT,1701198773236,183211,0.0042678
1000BONKUSDT,BUY,LIMIT,1701199107827,7537,0.0042758
1000BONKUSDT,BUY,LIMIT,1701199123275,137395,0.0042807
1000BONKUSDT,BUY,LIMIT,1701199125049,600810,0.0042837
1000BONKUSDT,BUY,LIMIT,1701199497426,16485,0.0042921
1000BONKUSDT,SELL,LIMIT,1701199660039,55291,0.0041384
1000BONKUSDT,SELL,LIMIT,1701200408972,79273,0.0041278
1000BONKUSDT,BUY,LIMIT,1701200479059,24189,0.0042902
1000BONKUSDT,BUY,LIMIT,1701200481043,63647,0.0042990
1000BONKUSDT,SELL,LIMIT,1701201029532,2375,0.0041249
1000BONKUSDT,SELL,LIMIT,1701202665197,69975,0.0040934
1000BONKUSDT,SELL,LIMIT,1701202667672,9445,0.0040931
1000BONKUSDT,SELL,LIMIT,1701203155784,97105,0.0040816
1000BONKUSDT,BUY,LIMIT,1701203984143,1330,0.0042278
1000BONKUSDT,BUY,LIMIT,1701203985826,25823,0.0042293
1000BONKUSDT,BUY,LIMIT,1701204414823,29828,0.0042822
1000BONKUSDT,BUY,LIMIT,1701204912699,7685,0.0043104
1000BONKUSDT,BUY,LIMIT,1701205159380,130070,0.0042984
1000BONKUSDT,SELL,LIMIT,1701206046687,161424,0.0041597
1000BONKUSDT,SELL,LIMIT,1701206586529,1295,0.0041484
1000BONKUSDT,SELL,LIMIT,1701206755064,47445,0.0041373
1000BONKUSDT,SELL,LIMIT,1701206941526,25085,0.0041119
1000BONKUSDT,SELL,LIMIT,1701207588037,2302,0.0040961
1000BONKUSDT,SELL,LIMIT,1701207641967,6436,0.0040861
1000BONKUSDT,SELL,LIMIT,1701207689603,43175,0.0040777
1000BONKUSDT,SELL,LIMIT,1701208675301,160205,0.0040926
1000BONKUSDT,SELL,LIMIT,1701209246900,5358,0.0040877
1000BONKUSDT,BUY,LIMIT,1701209347865,1963,0.0042308
1000BONKUSDT,SELL,LIMIT,1701209419369,111505,0.0040802
1000BONKUSDT,SELL,LIMIT,1701209437816,55698,0.0040674
1000BONKUSDT,SELL,LIMIT,1701209475583,9939,0.0040587
1000BONKUSDT,SELL,LIMIT,1701209477602,19723,0.0040548
1000BONKUSDT,SELL,LIMIT,1701209478703,42811,0.0040484
1000BONKUSDT,SELL,LIMIT,1701209494493,124122,0.0040466
1000BONKUSDT,BUY,LIMIT,1701209531108,2686,0.0041903
1000BONKUSDT,SELL,LIMIT,1701211917245,675646,0.0040393
1000BONKUSDT,SELL,LIMIT,1701211920856,70522,0.0040346
1000BONKUSDT,SELL,LIMIT,1701211932834,4944,0.0040223
1000BONKUSDT,SELL,LIMIT,1701211966082,4823,0.0040162
1000BONKUSDT,SELL,LIMIT,1701211967923,1551,0.0040143
1000BONKUSDT,SELL,LIMIT,1701211969195,15959,0.0040124
1000BONKUSDT,BUY,LIMIT,1701212030128,2845,0.0041646
1000BONKUSDT,BUY,LIMIT,1701215940699,4708,0.0041379
1000BONKUSDT,SELL,LIMIT,1701215972358,1205960,0.0040739
1000BONKUSDT,SELL,LIMIT,1701216380204,9203,0.0040545
1000BONKUSDT,BUY,LIMIT,1701216864561,94950,0.0041817
1000BONKUSDT,BUY,LIMIT,1701219656435,250000,0.0042009
1000BONKUSDT,SELL,LIMIT,1701220067921,3139,0.0040475
1000BONKUSDT,SELL,LIMIT,1701220207146,10340,0.0040401
1000BONKUSDT,SELL,LIMIT,1701220368870,4104,0.0040297
1000BONKUSDT,BUY,LIMIT,1701220590109,2273,0.0041830
1000BONKUSDT,SELL,LIMIT,1701221150186,639299,0.0040246
1000BONKUSDT,SELL,LIMIT,1701221197851,8296,0.0040174
1000BONKUSDT,BUY,LIMIT,1701223034610,13710,0.0042237
1000BONKUSDT,SELL,LIMIT,1701226072871,20000,0.0040544
1000BONKUSDT,SELL,LIMIT,1701226247255,21354,0.0040503
1000BONKUSDT,SELL,LIMIT,1701226479005,273536,0.0040332
1000BONKUSDT,BUY,LIMIT,1701232953698,12229,0.0042856
1000BONKUSDT,BUY,LIMIT,1701233032332,53328,0.0042885
1000BONKUSDT,BUY,LIMIT,1701233042340,78268,0.0042973
1000BONKUSDT,BUY,LIMIT,1701233195926,7652,0.0043046
1000BONKUSDT,BUY,LIMIT,1701233406508,21663,0.0043132
1000BONKUSDT,BUY,LIMIT,1701233416931,92677,0.0043202
1000BONKUSDT,BUY,LIMIT,1701233420185,70471,0.0043261
1000BONKUSDT,BUY,LIMIT,1701233421375,86491,0.0043290
1000BONKUSDT,BUY,LIMIT,1701233541324,31395,0.0043361
1000BONKUSDT,BUY,LIMIT,1701235758797,2337,0.0043518
1000BONKUSDT,BUY,LIMIT,1701235760228,90530,0.0043550
1000BONKUSDT,SELL,LIMIT,1701236115547,1014898,0.0041758
1000BONKUSDT,SELL,LIMIT,1701236267142,679676,0.0041556
1000BONKUSDT,SELL,LIMIT,1701236269525,619550,0.0041487
1000BONKUSDT,SELL,LIMIT,1701236580247,183559,0.0041527
1000BONKUSDT,BUY,LIMIT,1701239474199,6738,0.0043282
1000BONKUSDT,BUY,LIMIT,1701239615425,31626,0.0043609
1000BONKUSDT,BUY,LIMIT,1701239620410,2523,0.0043619
1000BONKUSDT,BUY,LIMIT,1701239641344,27707,0.0043784
1000BONKUSDT,BUY,LIMIT,1701239643173,291783,0.0043828
1000BONKUSDT,BUY,LIMIT,1701239644182,15630,0.0043833
1000BONKUSDT,BUY,LIMIT,1701239713977,44015,0.0043955
1000BONKUSDT,BUY,LIMIT,1701239728763,29904,0.0043980
1000BONKUSDT,BUY,LIMIT,1701239780223,34163,0.0044037
1000BONKUSDT,BUY,LIMIT,1701240057780,7521,0.0044187
1000BONKUSDT,BUY,LIMIT,1701240079710,24207,0.0044251
1000BONKUSDT,BUY,LIMIT,1701240280201,2535733,0.0044586
1000BONKUSDT,BUY,LIMIT,1701240310293,80150,0.0044359
1000BONKUSDT,BUY,LIMIT,1701240376373,8308,0.0044445
1000BONKUSDT,BUY,LIMIT,1701240581078,1247,0.0044595
1000BONKUSDT,BUY,LIMIT,1701240583179,1163997,0.0044636
1000BONKUSDT,BUY,LIMIT,1701240584512,4119,0.0044659
1000BONKUSDT,BUY,LIMIT,1701240586156,31270,0.0044664
1000BONKUSDT,BUY,LIMIT,1701240613556,1750,0.0044729
1000BONKUSDT,BUY,LIMIT,1701240616136,176310,0.0044782
1000BONKUSDT,BUY,LIMIT,1701240627096,774747,0.0044796
1000BONKUSDT,BUY,LIMIT,1701240684241,122850,0.0044826
1000BONKUSDT,BUY,LIMIT,1701240717135,106602,0.0044855
1000BONKUSDT,BUY,LIMIT,1701240845482,30635,0.0044904
1000BONKUSDT,SELL,LIMIT,1701240903756,112917,0.0043382
1000BONKUSDT,BUY,LIMIT,1701241462308,1379670,0.0044665
1000BONKUSDT,BUY,LIMIT,1701241736244,99459,0.0044775
1000BONKUSDT,SELL,LIMIT,1701242194780,301224,0.0043221
1000BONKUSDT,SELL,LIMIT,1701242241393,9087,0.0043130
1000BONKUSDT,BUY,LIMIT,1701242412684,42837,0.0044663
1000BONKUSDT,SELL,LIMIT,1701243123107,2866,0.0043140
1000BONKUSDT,SELL,LIMIT,1701243129749,92309,0.0043111
1000BONKUSDT,SELL,LIMIT,1701243321135,47250,0.0042915
1000BONKUSDT,BUY,LIMIT,1701243673441,72137,0.0044524
1000BONKUSDT,BUY,LIMIT,1701243937225,2590672,0.0044605
1000BONKUSDT,BUY,LIMIT,1701244385967,39581,0.0044571
1000BONKUSDT,BUY,LIMIT,1701244753352,15164,0.0044898
1000BONKUSDT,BUY,LIMIT,1701244848176,4433,0.0044946
1000BONKUSDT,BUY,LIMIT,1701244882195,13358,0.0044974
1000BONKUSDT,BUY,LIMIT,1701244884190,11427,0.0045038
1000BONKUSDT,BUY,LIMIT,1701244885782,18463,0.0045104
1000BONKUSDT,BUY,LIMIT,1701245093483,26603,0.0044619
1000BONKUSDT,BUY,LIMIT,1701245096224,13434,0.0044635
1000BONKUSDT,SELL,LIMIT,1701245593918,3532,0.0043073
1000BONKUSDT,BUY,LIMIT,1701246350040,320839,0.0044596
1000BONKUSDT,BUY,LIMIT,1701246355286,527191,0.0044671
1000BONKUSDT,BUY,LIMIT,1701247383894,4878,0.0044649
1000BONKUSDT,BUY,LIMIT,1701247390082,105132,0.0044613
1000BONKUSDT,SELL,LIMIT,1701247403046,52933,0.0043321
1000BONKUSDT,BUY,LIMIT,1701247559231,37587,0.0044771
1000BONKUSDT,BUY,LIMIT,1701247966517,5042,0.0045145
1000BONKUSDT,BUY,LIMIT,1701247970292,575594,0.0045156
1000BONKUSDT,BUY,LIMIT,1701248197749,62706,0.0045266
1000BONKUSDT,BUY,LIMIT,1701248659549,20591,0.0045144
1000BONKUSDT,BUY,LIMIT,1701248734305,23836,0.0045302
1000BONKUSDT,BUY,LIMIT,1701248740285,2961,0.0045373
1000BONKUSDT,BUY,LIMIT,1701248741327,433715,0.0045392
1000BONKUSDT,BUY,LIMIT,1701249089673,55160,0.0045518
1000BONKUSDT,BUY,LIMIT,1701249113646,72690,0.0045610
1000BONKUSDT,BUY,LIMIT,1701249570198,10720,0.0045775
1000BONKUSDT,BUY,LIMIT,1701249580101,37666,0.0045877
1000BONKUSDT,BUY,LIMIT,1701249610107,192604,0.0045889
1000BONKUSDT,BUY,LIMIT,1701249621717,16170,0.0045924
1000BONKUSDT,BUY,LIMIT,1701249627058,10273,0.0045957
1000BONKUSDT,BUY,LIMIT,1701249659849,6156,0.0046009
1000BONKUSDT,BUY,LIMIT,1701249696363,56043,0.0046120
1000BONKUSDT,BUY,LIMIT,1701249697600,2287,0.0046203
1000BONKUSDT,BUY,LIMIT,1701249699380,351793,0.0046211
1000BONKUSDT,BUY,LIMIT,1701249700614,3628,0.0046260
1000BONKUSDT,BUY,LIMIT,1701249702186,34342,0.0046291
1000BONKUSDT,BUY,LIMIT,1701249705248,3601,0.0045917
1000BONKUSDT,SELL,LIMIT,1701249999248,729742,0.0044353
1000BONKUSDT,SELL,LIMIT,1701250278935,22012,0.0044034
1000BONKUSDT,SELL,LIMIT,1701250289383,223636,0.0043921
1000BONKUSDT,SELL,LIMIT,1701250336754,519911,0.0043881
1000BONKUSDT,BUY,LIMIT,1701250579110,23297,0.0045388
1000BONKUSDT,SELL,LIMIT,1701250922059,123467,0.0043916
1000BONKUSDT,BUY,LIMIT,1701251081178,28651,0.0044858
1000BONKUSDT,SELL,LIMIT,1701251083962,1609,0.0043780
1000BONKUSDT,BUY,LIMIT,1701251249053,898472,0.0045429
1000BONKUSDT,BUY,LIMIT,1701251406661,8249,0.0045558
1000BONKUSDT,BUY,LIMIT,1701251417169,617333,0.0045707
1000BONKUSDT,SELL,LIMIT,1701251597724,11913,0.0043946
1000BONKUSDT,SELL,LIMIT,1701251605435,45809,0.0043718
1000BONKUSDT,SELL,LIMIT,1701251618319,2872,0.0043586
1000BONKUSDT,BUY,LIMIT,1701251743457,3291,0.0045211
1000BONKUSDT,BUY,LIMIT,1701251750508,1382,0.0045289
1000BONKUSDT,SELL,LIMIT,1701251973457,5750,0.0043993
1000BONKUSDT,SELL,LIMIT,1701253163165,202575,0.0043805
1000BONKUSDT,SELL,LIMIT,1701253339185,1534,0.0043791
1000BONKUSDT,SELL,LIMIT,1701253383144,294380,0.0043669
1000BONKUSDT,SELL,LIMIT,1701253412868,16264,0.0044033
1000BONKUSDT,SELL,LIMIT,1701253706522,296870,0.0043709
1000BONKUSDT,SELL,LIMIT,1701254054080,149525,0.0043510
1000BONKUSDT,SELL,LIMIT,1701254055204,834771,0.0043498
1000BONKUSDT,SELL,LIMIT,1701254058801,12936,0.0043485
1000BONKUSDT,SELL,LIMIT,1701254075805,8307,0.0043384
1000BONKUSDT,SELL,LIMIT,1701254082125,91066,0.0043256
1000BONKUSDT,SELL,LIMIT,1701254414172,393034,0.0043277
1000BONKUSDT,SELL,LIMIT,1701254418025,45084,0.0043132
1000BONKUSDT,BUY,LIMIT,1701254861546,5166,0.0045114
1000BONKUSDT,BUY,LIMIT,1701254871489,117997,0.0045244
1000BONKUSDT,BUY,LIMIT,1701255003953,62006,0.0045306
1000BONKUSDT,BUY,LIMIT,1701255010882,79545,0.0045432
1000BONKUSDT,SELL,LIMIT,1701255466579,841558,0.0043434
1000BONKUSDT,SELL,LIMIT,1701255544671,65468,0.0043244
1000BONKUSDT,BUY,LIMIT,1701255824828,14976,0.0045198
1000BONKUSDT,BUY,LIMIT,1701257126968,45503,0.0045160
1000BONKUSDT,BUY,LIMIT,1701257273384,3587,0.0045194
1000BONKUSDT,BUY,LIMIT,1701257902419,12562,0.0045003
1000BONKUSDT,BUY,LIMIT,1701259070427,20405,0.0044848
1000BONKUSDT,SELL,LIMIT,1701259248183,165685,0.0043743
1000BONKUSDT,SELL,LIMIT,1701259323159,1980,0.0043444
1000BONKUSDT,SELL,LIMIT,1701260232784,6198,0.0043491
1000BONKUSDT,SELL,LIMIT,1701260362207,43654,0.0042893
1000BONKUSDT,SELL,LIMIT,1701260363263,4506597,0.0042497
1000BONKUSDT,BUY,LIMIT,1701260788093,1963,0.0044918
1000BONKUSDT,SELL,LIMIT,1701261012915,48621,0.0043256
1000BONKUSDT,SELL,LIMIT,1701262778988,318447,0.0042685
1000BONKUSDT,SELL,LIMIT,1701262962351,7908,0.0042553
1000BONKUSDT,SELL,LIMIT,1701263224409,2001,0.0042467
1000BONKUSDT,SELL,LIMIT,1701263226029,161053,0.0042427
1000BONKUSDT,SELL,LIMIT,1701263311888,9057,0.0042407
1000BONKUSDT,SELL,LIMIT,1701263313915,127551,0.0042345
1000BONKUSDT,SELL,LIMIT,1701263459836,21855,0.0042319
1000BONKUSDT,SELL,LIMIT,1701263549758,225047,0.0042231
1000BONKUSDT,SELL,LIMIT,1701263557969,3765,0.0042210
1000BONKUSDT,SELL,LIMIT,1701264382992,105370,0.0042191
1000BONKUSDT,SELL,LIMIT,1701264384162,6571,0.0042162
1000BONKUSDT,SELL,LIMIT,1701264389491,97074,0.0042143
1000BONKUSDT,SELL,LIMIT,1701264416170,4739,0.0042112
1000BONKUSDT,SELL,LIMIT,1701264418133,33659,0.0042076
1000BONKUSDT,SELL,LIMIT,1701264421670,189503,0.0042050
1000BONKUSDT,SELL,LIMIT,1701264596184,3337,0.0041980
1000BONKUSDT,SELL,LIMIT,1701264616273,3171,0.0041914
1000BONKUSDT,SELL,LIMIT,1701264660143,171693,0.0041903
1000BONKUSDT,SELL,LIMIT,1701265106342,46772,0.0041906
1000BONKUSDT,SELL,LIMIT,1701265117533,2102,0.0041857
1000BONKUSDT,SELL,LIMIT,1701265215107,21533,0.0041788
1000BONKUSDT,SELL,LIMIT,1701265258673,253502,0.0041775
1000BONKUSDT,SELL,LIMIT,1701265282666,7938,0.0041763
1000BONKUSDT,SELL,LIMIT,1701267394715,276010,0.0042023
1000BONKUSDT,SELL,LIMIT,1701268854667,89836,0.0041840
1000BONKUSDT,SELL,LIMIT,1701269718324,35963,0.0041586
1000BONKUSDT,SELL,LIMIT,1701269739138,4477,0.0041549
1000BONKUSDT,SELL,LIMIT,1701270110539,114895,0.0041332
1000BONKUSDT,SELL,LIMIT,1701270112164,2964,0.0041257
1000BONKUSDT,SELL,LIMIT,1701270212176,13850,0.0041200
1000BONKUSDT,SELL,LIMIT,1701270251826,59642,0.0041153
1000BONKUSDT,SELL,LIMIT,1701270305703,122575,0.0041096
1000BONKUSDT,SELL,LIMIT,1701270410162,89890,0.0041072
1000BONKUSDT,SELL,LIMIT,1701270412171,53602,0.0041045
1000BONKUSDT,SELL,LIMIT,1701270462077,23255,0.0040860
1000BONKUSDT,SELL,LIMIT,1701270463252,27638,0.0040806
1000BONKUSDT,SELL,LIMIT,1701270572332,8736,0.0040774
1000BONKUSDT,SELL,LIMIT,1701270759286,4419,0.0040642
1000BONKUSDT,SELL,LIMIT,1701270851741,20026,0.0040607
1000BONKUSDT,BUY,LIMIT,1701272559113,13128,0.0042753
1000BONKUSDT,BUY,LIMIT,1701272574229,4573,0.0042797
1000BONKUSDT,SELL,LIMIT,1701273363133,2919,0.0041209
1000BONKUSDT,SELL,LIMIT,1701273376419,73825,0.0041165
1000BONKUSDT,SELL,LIMIT,1701274128362,12081,0.0041201
1000BONKUSDT,SELL,LIMIT,1701274561326,1433,0.0040989
1000BONKUSDT,BUY,LIMIT,1701274864149,323863,0.0042461
1000BONKUSDT,SELL,LIMIT,1701275263254,10928,0.0041064
1000BONKUSDT,SELL,LIMIT,1701275909100,27314,0.0040897
1000BONKUSDT,BUY,LIMIT,1701279066281,29916,0.0042525
1000BONKUSDT,BUY,LIMIT,1701279387026,6228,0.0042564
1000BONKUSDT,BUY,LIMIT,1701281416187,359104,0.0042631
1000BONKUSDT,BUY,LIMIT,1701283720305,65697,0.0042750
1000BONKUSDT,BUY,LIMIT,1701283845226,339112,0.0042885
1000BONKUSDT,BUY,LIMIT,1701284474354,1403,0.0042599
1000BONKUSDT,SELL,LIMIT,1701284604579,1146931,0.0041320
1000BONKUSDT,SELL,LIMIT,1701285416856,329881,0.0041161
1000BONKUSDT,SELL,LIMIT,1701285500278,81739,0.0041084
1000BONKUSDT,SELL,LIMIT,1701285745318,24043,0.0040902
1000BONKUSDT,BUY,LIMIT,1701285805358,6811,0.0042319
1000BONKUSDT,BUY,LIMIT,1701286033345,62147,0.0042368
1000BONKUSDT,SELL,LIMIT,1701290039071,2354,0.0040831
1000BONKUSDT,SELL,LIMIT,1701290151486,35185,0.0040813
1000BONKUSDT,SELL,LIMIT,1701290184548,1763305,0.0040659
1000BONKUSDT,SELL,LIMIT,1701290342113,127528,0.0040692
1000BONKUSDT,SELL,LIMIT,1701290370384,1195018,0.0040720
1000BONKUSDT,SELL,LIMIT,1701293103955,103066,0.0040559
1000BONKUSDT,SELL,LIMIT,1701293127022,14341,0.0040547
1000BONKUSDT,SELL,LIMIT,1701293187676,5436,0.0040492
1000BONKUSDT,SELL,LIMIT,1701293936990,30622,0.0040368
1000BONKUSDT,BUY,LIMIT,1701295786959,38172,0.0041909
1000BONKUSDT,SELL,LIMIT,1701296124680,67009,0.0040464
1000BONKUSDT,SELL,LIMIT,1701296471847,202606,0.0040241
1000BONKUSDT,SELL,LIMIT,1701298085268,1762,0.0040183
1000BONKUSDT,SELL,LIMIT,1701298198304,1115015,0.0040089
1000BONKUSDT,SELL,LIMIT,1701298200057,1831,0.0039922
1000BONKUSDT,SELL,LIMIT,1701298201240,93791,0.0039904
1000BONKUSDT,SELL,LIMIT,1701298202275,3223,0.0039788
1000BONKUSDT,SELL,LIMIT,1701298203432,2237915,0.0039667
1000BONKUSDT,SELL,LIMIT,1701299118137,23073,0.0039992
1000BONKUSDT,BUY,LIMIT,1701301406095,18082,0.0041519
1000BONKUSDT,SELL,LIMIT,1701309352330,192227,0.0039909
1000BONKUSDT,SELL,LIMIT,1701310987069,142811,0.0039696
1000BONKUSDT,BUY,LIMIT,1701315407208,2762,0.0042016
1000BONKUSDT,BUY,LIMIT,1701315410212,3596,0.0042039
1000BONKUSDT,SELL,LIMIT,1701315974587,2986,0.0050214
1000BONKUSDT,BUY,LIMIT,1701317343002,10371,0.0042073
1000BONKUSDT,SELL,LIMIT,1701321232227,12071,0.0040344
1000BONKUSDT,SELL,LIMIT,1701321593513,46305,0.0040112
1000BONKUSDT,BUY,LIMIT,1701324998802,92474,0.0041368
1000BONKUSDT,BUY,LIMIT,1701325124262,13872,0.0041518
1000BONKUSDT,SELL,LIMIT,1701326441593,4523,0.0040287
1000BONKUSDT,SELL,LIMIT,1701326610060,14014,0.0040122
1000BONKUSDT,BUY,LIMIT,1701327752133,5165,0.0041498
1000BONKUSDT,BUY,LIMIT,1701327803365,1777,0.0041536
1000BONKUSDT,SELL,LIMIT,1701328973228,4212,0.0040133
1000BONKUSDT,SELL,LIMIT,1701329424785,498840,0.0039741
1000BONKUSDT,SELL,LIMIT,1701329471152,4265,0.0039683
1000BONKUSDT,SELL,LIMIT,1701330817146,5902,0.0039795
1000BONKUSDT,SELL,LIMIT,1701332008753,132544,0.0039684
1000BONKUSDT,SELL,LIMIT,1701332054196,3255,0.0039648
1000BONKUSDT,SELL,LIMIT,1701332108066,3896,0.0039592
1000BONKUSDT,SELL,LIMIT,1701332119042,82331,0.0039545
1000BONKUSDT,SELL,LIMIT,1701332180654,322334,0.0039459
1000BONKUSDT,SELL,LIMIT,1701332197273,153786,0.0039415
1000BONKUSDT,SELL,LIMIT,1701332241499,32243,0.0039403
1000BONKUSDT,SELL,LIMIT,1701332292763,22296,0.0039440
1000BONKUSDT,SELL,LIMIT,1701332786407,3750,0.0039440
1000BONKUSDT,SELL,LIMIT,1701333034745,1373,0.0039372
1000BONKUSDT,SELL,LIMIT,1701333052618,625988,0.0039361
1000BONKUSDT,SELL,LIMIT,1701333062319,236778,0.0039343
1000BONKUSDT,SELL,LIMIT,1701333097982,6330,0.0039278
1000BONKUSDT,SELL,LIMIT,1701333112177,10590,0.0039230
1000BONKUSDT,SELL,LIMIT,1701333113368,100000,0.0039088
1000BONKUSDT,SELL,LIMIT,1701333124698,1749,0.0039076
1000BONKUSDT,SELL,LIMIT,1701334644204,47632,0.0039051
1000BONKUSDT,SELL,LIMIT,1701334652166,14577,0.0039020
1000BONKUSDT,BUY,LIMIT,1701339449243,2586,0.0040433
1000BONKUSDT,BUY,LIMIT,1701340301892,7175,0.0040552
1000BONKUSDT,BUY,LIMIT,1701342890440,623300,0.0040728
1000BONKUSDT,BUY,LIMIT,1701342913359,31842,0.0040801
1000BONKUSDT,BUY,LIMIT,1701344611067,228493,0.0040966
1000BONKUSDT,BUY,LIMIT,1701346864746,23494,0.0041212
1000BONKUSDT,SELL,LIMIT,1701347843641,10413,0.0039661
1000BONKUSDT,SELL,LIMIT,1701347868049,2391,0.0039621
1000BONKUSDT,BUY,LIMIT,1701348117711,89761,0.0041177
1000BONKUSDT,BUY,LIMIT,1701348541182,246913,0.0041301
1000BONKUSDT,BUY,LIMIT,1701348544188,3305,0.0041303
1000BONKUSDT,BUY,LIMIT,1701348584901,47965,0.0041381
1000BONKUSDT,SELL,LIMIT,1701348836488,306673,0.0039954
1000BONKUSDT,SELL,LIMIT,1701352515503,171116,0.0039018
1000BONKUSDT,SELL,LIMIT,1701352533105,17054,0.0038939
1000BONKUSDT,SELL,LIMIT,1701352550990,490702,0.0038926
1000BONKUSDT,SELL,LIMIT,1701352553590,574669,0.0038889
1000BONKUSDT,SELL,LIMIT,1701352591654,83052,0.0038884
1000BONKUSDT,SELL,LIMIT,1701352604222,1270,0.0038852
1000BONKUSDT,SELL,LIMIT,1701352858136,422482,0.0038837
1000BONKUSDT,SELL,LIMIT,1701352924260,1942,0.0038741
1000BONKUSDT,SELL,LIMIT,1701352934203,4900,0.0038724
1000BONKUSDT,SELL,LIMIT,1701353048936,1229,0.0038676
1000BONKUSDT,SELL,LIMIT,1701353064242,69388,0.0038614
1000BONKUSDT,SELL,LIMIT,1701353065411,1710,0.0038614
1000BONKUSDT,SELL,LIMIT,1701354934381,222511,0.0038766
1000BONKUSDT,SELL,LIMIT,1701354935902,1473,0.0038760
1000BONKUSDT,BUY,LIMIT,1701355898123,55207,0.0039959
1000BONKUSDT,SELL,LIMIT,1701359395495,4496,0.0038593
1000BONKUSDT,SELL,LIMIT,1701363424055,60189,0.0038559
1000BONKUSDT,SELL,LIMIT,1701364373792,2497,0.0038584
1000BONKUSDT,SELL,LIMIT,1701364789321,1717,0.0038515
1000BONKUSDT,SELL,LIMIT,1701364990955,98350,0.0038491
1000BONKUSDT,SELL,LIMIT,1701365025685,198244,0.0038475
1000BONKUSDT,SELL,LIMIT,1701369616304,36484,0.0038462
1000BONKUSDT,SELL,LIMIT,1701369712503,441460,0.0038424
1000BONKUSDT,SELL,LIMIT,1701369715563,100000,0.0038381
1000BONKUSDT,SELL,LIMIT,1701370263611,18673,0.0038288
1000BONKUSDT,SELL,LIMIT,1701370265649,90738,0.0038276
1000BONKUSDT,SELL,LIMIT,1701370410096,479797,0.0038219
1000BONKUSDT,SELL,LIMIT,1701370424220,135401,0.0038187
1000BONKUSDT,SELL,LIMIT,1701370470450,54467,0.0038130
1000BONKUSDT,SELL,LIMIT,1701370471549,287189,0.0038131
1000BONKUSDT,SELL,LIMIT,1701370701516,66838,0.0038087
1000BONKUSDT,SELL,LIMIT,1701370706075,26200,0.0038059
1000BONKUSDT,SELL,LIMIT,1701370728858,21898,0.0038024
1000BONKUSDT,BUY,LIMIT,1701371633030,94007,0.0039536
1000BONKUSDT,SELL,LIMIT,1701373255699,128336,0.0038181
1000BONKUSDT,SELL,LIMIT,1701373620265,4292,0.0038151
1000BONKUSDT,BUY,LIMIT,1701377228758,256864,0.0039628
1000BONKUSDT,SELL,LIMIT,1701381518257,25715,0.0038170
1000BONKUSDT,SELL,LIMIT,1701381519455,171215,0.0038172
1000BONKUSDT,SELL,LIMIT,1701386263157,7417,0.0038044
1000BONKUSDT,SELL,LIMIT,1701390435196,55020,0.0037948
1000BONKUSDT,SELL,LIMIT,1701390436241,163160,0.0037966
1000BONKUSDT,SELL,LIMIT,1701390437285,3010,0.0037786
1000BONKUSDT,SELL,LIMIT,1701390438499,870717,0.0037819
1000BONKUSDT,SELL,LIMIT,1701390439978,8395,0.0037784
1000BONKUSDT,SELL,LIMIT,1701390448631,2542,0.0037756
1000BONKUSDT,SELL,LIMIT,1701390630633,38127,0.0037673
1000BONKUSDT,SELL,LIMIT,1701390632264,3972,0.0037651
1000BONKUSDT,SELL,LIMIT,1701390641159,642352,0.0037621
1000BONKUSDT,SELL,LIMIT,1701390644107,2400,0.0037607
1000BONKUSDT,SELL,LIMIT,1701390652806,87413,0.0037590
1000BONKUSDT,SELL,LIMIT,1701394311435,996744,0.0038411
1000BONKUSDT,BUY,LIMIT,1701394665973,1534,0.0039813
1000BONKUSDT,BUY,LIMIT,1701394670267,332236,0.0039944
1000BONKUSDT,BUY,LIMIT,1701394778372,4062,0.0040241
1000BONKUSDT,BUY,LIMIT,1701394785050,78337,0.0040417
1000BONKUSDT,BUY,LIMIT,1701396489062,197200,0.0040158
1000BONKUSDT,SELL,LIMIT,1701396672201,158084,0.0039008
1000BONKUSDT,BUY,LIMIT,1701397373067,7824,0.0040433
1000BONKUSDT,BUY,LIMIT,1701398544939,78288,0.0040876
1000BONKUSDT,SELL,LIMIT,1701401891855,971688,0.0039503
1000BONKUSDT,SELL,LIMIT,1701401948844,85427,0.0039420
1000BONKUSDT,BUY,LIMIT,1701404801414,933300,0.0040866
1000BONKUSDT,BUY,LIMIT,1701404833722,20000,0.0040916
1000BONKUSDT,SELL,LIMIT,1701404893470,11342,0.0039636
1000BONKUSDT,BUY,LIMIT,1701405148192,143701,0.0041151
1000BONKUSDT,BUY,LIMIT,1701405555787,6429,0.0041259
1000BONKUSDT,BUY,LIMIT,1701405612162,5334,0.0041442
1000BONKUSDT,BUY,LIMIT,1701405658328,203032,0.0041521
1000BONKUSDT,BUY,LIMIT,1701405853448,1244871,0.0041354
1000BONKUSDT,SELL,LIMIT,1701405995011,2744,0.0040064
1000BONKUSDT,SELL,LIMIT,1701407166730,1131270,0.0039807
1000BONKUSDT,BUY,LIMIT,1701407752213,274045,0.0041128
1000BONKUSDT,SELL,LIMIT,1701412954958,8809,0.0039509
1000BONKUSDT,BUY,LIMIT,1701420451314,1329,0.0040933
1000BONKUSDT,SELL,LIMIT,1701422864661,44751,0.0039583
1000BONKUSDT,SELL,LIMIT,1701422904459,169737,0.0039497
1000BONKUSDT,BUY,LIMIT,1701424169706,35466,0.0041206
1000BONKUSDT,SELL,LIMIT,1701427506914,571129,0.0039474
1000BONKUSDT,SELL,LIMIT,1701427968247,328010,0.0039382
1000BONKUSDT,SELL,LIMIT,1701428212778,110445,0.0039299
1000BONKUSDT,SELL,LIMIT,1701428715165,15602,0.0039243
1000BONKUSDT,SELL,LIMIT,1701428716370,298587,0.0039250
1000BONKUSDT,SELL,LIMIT,1701431308889,1465,0.0039229
1000BONKUSDT,SELL,LIMIT,1701434652305,15676,0.0039061
1000BONKUSDT,SELL,LIMIT,1701435037606,145138,0.0038869
1000BONKUSDT,SELL,LIMIT,1701435375251,2458,0.0038667
1000BONKUSDT,BUY,LIMIT,1701436643408,82210,0.0040133
1000BONKUSDT,BUY,LIMIT,1701440664544,97389,0.0040104
1000BONKUSDT,SELL,LIMIT,1701441791083,1268743,0.0039020
1000BONKUSDT,SELL,LIMIT,1701442033094,51865,0.0038810
1000BONKUSDT,SELL,LIMIT,1701442035611,2505,0.0038829
1000BONKUSDT,SELL,LIMIT,1701442305278,35336,0.0038687
1000BONKUSDT,SELL,LIMIT,1701442324457,12568,0.0038671
1000BONKUSDT,SELL,LIMIT,1701442527664,38167,0.0038523
1000BONKUSDT,SELL,LIMIT,1701442532094,10399,0.0038488
1000BONKUSDT,SELL,LIMIT,1701443684710,208221,0.0038691
1000BONKUSDT,SELL,LIMIT,1701444418115,174647,0.0038592
1000BONKUSDT,BUY,LIMIT,1701446926092,302675,0.0040700
1000BONKUSDT,BUY,LIMIT,1701452349335,4609,0.0040790
1000BONKUSDT,SELL,LIMIT,1701453795368,5238,0.0039798
1000BONKUSDT,SELL,LIMIT,1701461072902,29620,0.0039521
1000BONKUSDT,SELL,LIMIT,1701461270966,27024,0.0039410
1000BONKUSDT,SELL,LIMIT,1701462039062,366217,0.0039233
1000BONKUSDT,SELL,LIMIT,1701462111149,8003,0.0039223
1000BONKUSDT,SELL,LIMIT,1701462112776,1246527,0.0039203
1000BONKUSDT,BUY,LIMIT,1701462704299,9490,0.0041007
1000BONKUSDT,SELL,LIMIT,1701466452185,1141988,0.0039469
1000BONKUSDT,BUY,LIMIT,1701471810237,40552,0.0040798
1000BONKUSDT,SELL,LIMIT,1701472714284,34065,0.0039544
1000BONKUSDT,BUY,LIMIT,1701479839851,112268,0.0041120
1000BONKUSDT,BUY,LIMIT,1701480719830,3000,0.0041629
1000BONKUSDT,BUY,LIMIT,1701484063174,752091,0.0042037
1000BONKUSDT,BUY,LIMIT,1701484067187,1010619,0.0042130
1000BONKUSDT,BUY,LIMIT,1701484139286,123019,0.0042124
1000BONKUSDT,BUY,LIMIT,1701485992360,2426,0.0041863
1000BONKUSDT,BUY,LIMIT,1701485999593,5564,0.0040777
1000BONKUSDT,BUY,LIMIT,1701486001470,11352,0.0041874
1000BONKUSDT,SELL,LIMIT,1701486002559,108738,0.0046876
1000BONKUSDT,BUY,LIMIT,1701486005542,2500,0.0041899
1000BONKUSDT,BUY,LIMIT,1701486006744,143410,0.0041899
1000BONKUSDT,BUY,LIMIT,1701487309903,124470,0.0042231
1000BONKUSDT,SELL,LIMIT,1701488236312,2807,0.0041003
1000BONKUSDT,BUY,LIMIT,1701488825139,97417,0.0042518
1000BONKUSDT,BUY,LIMIT,1701488909352,3487,0.0042397
1000BONKUSDT,SELL,LIMIT,1701490202038,1297,0.0040937
1000BONKUSDT,BUY,LIMIT,1701492676806,151326,0.0042601
1000BONKUSDT,BUY,LIMIT,1701493249560,79684,0.0042686
1000BONKUSDT,BUY,LIMIT,1701493608178,68153,0.0042975
1000BONKUSDT,BUY,LIMIT,1701493951517,116015,0.0043075
1000BONKUSDT,BUY,LIMIT,1701493978079,8820,0.0043130
1000BONKUSDT,BUY,LIMIT,1701494897807,1026811,0.0043388
1000BONKUSDT,BUY,LIMIT,1701494909823,231950,0.0043399
1000BONKUSDT,BUY,LIMIT,1701494921266,485100,0.0043429
1000BONKUSDT,BUY,LIMIT,1701495235247,8820,0.0043573
1000BONKUSDT,BUY,LIMIT,1701495249319,9626,0.0043622
1000BONKUSDT,BUY,LIMIT,1701495475936,4954,0.0043774
1000BONKUSDT,BUY,LIMIT,1701495987136,889370,0.0043940
1000BONKUSDT,BUY,LIMIT,1701495988216,61235,0.0043969
1000BONKUSDT,BUY,LIMIT,1701496013963,1096207,0.0044022
1000BONKUSDT,SELL,LIMIT,1701496524772,182224,0.0042368
1000BONKUSDT,BUY,LIMIT,1701497123535,6087,0.0044177
1000BONKUSDT,BUY,LIMIT,1701497125368,18679,0.0044195
1000BONKUSDT,BUY,LIMIT,1701497594510,4813,0.0044398
1000BONKUSDT,BUY,LIMIT,1701497596543,1215953,0.0044432
1000BONKUSDT,BUY,LIMIT,1701497725487,114350,0.0044484
1000BONKUSDT,SELL,LIMIT,1701498336600,95014,0.0043050
1000BONKUSDT,BUY,LIMIT,1701499525598,19782,0.0044731
1000BONKUSDT,BUY,LIMIT,1701499527236,65449,0.0044752
1000BONKUSDT,BUY,LIMIT,1701499529306,1821,0.0044809
1000BONKUSDT,SELL,LIMIT,1701499642323,121535,0.0043232
1000BONKUSDT,SELL,LIMIT,1701499647356,30794,0.0043152
1000BONKUSDT,SELL,LIMIT,1701499789749,64338,0.0043009
1000BONKUSDT,BUY,LIMIT,1701500704039,83480,0.0045037
1000BONKUSDT,BUY,LIMIT,1701500763540,53504,0.0045105
1000BONKUSDT,SELL,LIMIT,1701501414197,24487,0.0043238
1000BONKUSDT,SELL,LIMIT,1701501721668,429675,0.0043051
1000BONKUSDT,SELL,LIMIT,1701502194551,636941,0.0042802
1000BONKUSDT,SELL,LIMIT,1701502196267,231620,0.0042650
1000BONKUSDT,SELL,LIMIT,1701502440635,166363,0.0042817
1000BONKUSDT,SELL,LIMIT,1701503493114,9639,0.0042958
1000BONKUSDT,BUY,LIMIT,1701504176792,23550,0.0044432
1000BONKUSDT,BUY,LIMIT,1701505023594,22951,0.0044631
1000BONKUSDT,BUY,LIMIT,1701505426383,39297,0.0044744
1000BONKUSDT,SELL,LIMIT,1701505484426,198090,0.0043093
1000BONKUSDT,SELL,LIMIT,1701505928293,71108,0.0043174
1000BONKUSDT,SELL,LIMIT,1701506546418,20538,0.0043019
1000BONKUSDT,SELL,LIMIT,1701506919548,76537,0.0042816
1000BONKUSDT,SELL,LIMIT,1701507506066,40949,0.0042575
1000BONKUSDT,SELL,LIMIT,1701507698096,62341,0.0042555
1000BONKUSDT,SELL,LIMIT,1701507737376,24804,0.0042477
1000BONKUSDT,SELL,LIMIT,1701507779282,1421,0.0042371
1000BONKUSDT,SELL,LIMIT,1701507791419,15621,0.0042365
1000BONKUSDT,SELL,LIMIT,1701507795367,1263,0.0042326
1000BONKUSDT,SELL,LIMIT,1701507875077,30247,0.0042293
1000BONKUSDT,BUY,LIMIT,1701509178806,12669,0.0044488
1000BONKUSDT,BUY,LIMIT,1701509325406,10839,0.0044959
1000BONKUSDT,BUY,LIMIT,1701509375365,7671,0.0045115
1000BONKUSDT,BUY,LIMIT,1701509394138,14417,0.0045193
1000BONKUSDT,BUY,LIMIT,1701509409024,232559,0.0045255
1000BONKUSDT,BUY,LIMIT,1701509413339,5775,0.0045377
1000BONKUSDT,BUY,LIMIT,1701509417415,681905,0.0045405
1000BONKUSDT,BUY,LIMIT,1701509422806,942299,0.0045697
1000BONKUSDT,BUY,LIMIT,1701509450235,28636,0.0045741
1000BONKUSDT,BUY,LIMIT,1701509485411,3758,0.0045837
1000BONKUSDT,BUY,LIMIT,1701509493516,17013,0.0046010
1000BONKUSDT,BUY,LIMIT,1701509496153,514149,0.0046061
1000BONKUSDT,BUY,LIMIT,1701509499267,1982,0.0046118
1000BONKUSDT,BUY,LIMIT,1701509529838,45041,0.0046201
1000BONKUSDT,BUY,LIMIT,1701509542600,1474,0.0046338
1000BONKUSDT,BUY,LIMIT,1701509545646,38656,0.0046415
1000BONKUSDT,BUY,LIMIT,1701509548199,669946,0.0046431
1000BONKUSDT,BUY,LIMIT,1701509643341,31056,0.0046437
1000BONKUSDT,SELL,LIMIT,1701509705146,21886,0.0044787
1000BONKUSDT,SELL,LIMIT,1701509707655,230399,0.0044766
1000BONKUSDT,SELL,LIMIT,1701509708731,1063672,0.0044710
1000BONKUSDT,SELL,LIMIT,1701509718807,499058,0.0044653
1000BONKUSDT,SELL,LIMIT,1701510004651,44181,0.0044375
1000BONKUSDT,BUY,LIMIT,1701510051492,44137,0.0045772
1000BONKUSDT,BUY,LIMIT,1701510058817,874293,0.0046051
1000BONKUSDT,BUY,LIMIT,1701510209155,8914,0.0046319
1000BONKUSDT,BUY,LIMIT,1701510227385,29979,0.0046402
1000BONKUSDT,SELL,LIMIT,1701510395778,10924,0.0044560
1000BONKUSDT,SELL,LIMIT,1701510426206,84598,0.0044498
1000BONKUSDT,SELL,LIMIT,1701510540998,25066,0.0044346
1000BONKUSDT,SELL,LIMIT,1701510573618,47129,0.0044188
