Symbol,Side,Order Type,Time,Quantity,Price
1000FLOKIUSDT,SELL,LIMIT,1700848183368,587,0.0321188
1000FLOKIUSDT,BUY,LIMIT,1700883954165,175,0.0339593
1000FLOKIUSDT,BUY,LIMIT,1700886353100,76152,0.0340852
1000FLOKIUSDT,BUY,LIMIT,1700886366556,386,0.0341162
1000FLOKIUSDT,BUY,LIMIT,1700886379961,1536,0.0341639
1000FLOKIUSDT,BUY,LIMIT,1700886385034,36991,0.0342011
1000FLOKIUSDT,BUY,LIMIT,1700886401477,25086,0.0342602
1000FLOKIUSDT,BUY,LIMIT,1700886409935,155,0.0342757
1000FLOKIUSDT,BUY,LIMIT,1700886416936,17741,0.0343019
1000FLOKIUSDT,BUY,LIMIT,1700886725478,135913,0.0343825
1000FLOKIUSDT,BUY,LIMIT,1700901749089,4731,0.0347049
1000FLOKIUSDT,BUY,LIMIT,1700901898212,3017,0.0347119
1000FLOKIUSDT,BUY,LIMIT,1700901902232,13323,0.0347403
1000FLOKIUSDT,BUY,LIMIT,1700901909352,93635,0.0347961
1000FLOKIUSDT,BUY,LIMIT,1700901917875,1780,0.0348479
1000FLOKIUSDT,BUY,LIMIT,1700901938336,220,0.0349189
1000FLOKIUSDT,BUY,LIMIT,1700901952150,279,0.0349933
1000FLOKIUSDT,BUY,LIMIT,1700902377431,8029,0.0351394
1000FLOKIUSDT,BUY,LIMIT,1700903023032,1095,0.0352970
1000FLOKIUSDT,BUY,LIMIT,1700903643345,14,0.0355852
1000FLOKIUSDT,BUY,LIMIT,1700903644768,168,0.0355996
1000FLOKIUSDT,BUY,LIMIT,1700903902789,409,0.0357513
1000FLOKIUSDT,BUY,LIMIT,1700903937562,188,0.0357880
1000FLOKIUSDT,BUY,LIMIT,1700904904226,2412,0.0350267
1000FLOKIUSDT,SELL,LIMIT,1700907347191,5698,0.0333522
1000FLOKIUSDT,SELL,LIMIT,1700907588435,1753,0.0332672
1000FLOKIUSDT,SELL,LIMIT,1700907659561,57240,0.0332213
1000FLOKIUSDT,SELL,LIMIT,1700907661174,5722,0.0332096
1000FLOKIUSDT,SELL,LIMIT,1700909978338,3019,0.0330731
1000FLOKIUSDT,SELL,LIMIT,1700909981503,5739,0.0330221
1000FLOKIUSDT,SELL,LIMIT,1700909983377,2158,0.0330126
1000FLOKIUSDT,SELL,LIMIT,1700911191095,1876,0.0329246
1000FLOKIUSDT,SELL,LIMIT,1700911384515,11119,0.0328202
1000FLOKIUSDT,SELL,LIMIT,1700911386305,704,0.0328078
1000FLOKIUSDT,SELL,LIMIT,1700911394481,3000,0.0337663
1000FLOKIUSDT,SELL,LIMIT,1700911459863,1995,0.0327593
1000FLOKIUSDT,SELL,LIMIT,1700911462223,2424,0.0327544
1000FLOKIUSDT,SELL,LIMIT,1700911477344,10000,0.0327617
1000FLOKIUSDT,SELL,LIMIT,1700911486590,20000,0.0326870
1000FLOKIUSDT,SELL,LIMIT,1700912169393,5952,0.0326266
1000FLOKIUSDT,SELL,LIMIT,1700912175195,135213,0.0326083
1000FLOKIUSDT,SELL,LIMIT,1700912227488,6518,0.0325441
1000FLOKIUSDT,SELL,LIMIT,1700912252189,4901,0.0325418
1000FLOKIUSDT,SELL,LIMIT,1700912270983,4470,0.0325019
1000FLOKIUSDT,SELL,LIMIT,1700912294754,9231,0.0324686
1000FLOKIUSDT,SELL,LIMIT,1700912503259,193,0.0324407
1000FLOKIUSDT,SELL,LIMIT,1700912697441,150,0.0323069
1000FLOKIUSDT,SELL,LIMIT,1700912893085,101238,0.0322690
1000FLOKIUSDT,SELL,LIMIT,1700912894491,751,0.0322974
1000FLOKIUSDT,SELL,LIMIT,1700933077239,21254,0.0329848
1000FLOKIUSDT,BUY,LIMIT,1700933594233,722,0.0347518
