Symbol,Side,Order Type,Time,Quantity,Price
1000SHIBUSDT,SELL,LIMIT,1701918127388,884,0.009674
1000SHIBUSDT,SELL,LIMIT,1701918506084,754,0.009629
1000SHIBUSDT,SELL,LIMIT,1701918509167,14280,0.009627
1000SHIBUSDT,SELL,LIMIT,1701918510214,4963,0.009627
1000SHIBUSDT,SELL,LIMIT,1701918558076,10193,0.009617
1000SHIBUSDT,SELL,LIMIT,1701918584269,20000,0.009613
1000SHIBUSDT,SELL,LIMIT,1701918640300,153394,0.009606
1000SHIBUSDT,BUY,LIMIT,1701924215825,47344,0.009909
1000SHIBUSDT,SELL,LIMIT,1701931821772,2621,0.009653
1000SHIBUSDT,SELL,LIMIT,1701931829246,5107,0.009651
1000SHIBUSDT,SELL,LIMIT,1701932454020,3999,0.009634
1000SHIBUSDT,SELL,LIMIT,1701932464722,2544,0.009632
1000SHIBUSDT,SELL,LIMIT,1701932481402,45320,0.009626
1000SHIBUSDT,SELL,LIMIT,1701932498591,135320,0.009623
1000SHIBUSDT,SELL,LIMIT,1701932635292,1934,0.009622
1000SHIBUSDT,BUY,LIMIT,1701934230706,509,0.009795
1000SHIBUSDT,SELL,LIMIT,1701936923611,51679,0.009620
1000SHIBUSDT,SELL,LIMIT,1701936925861,1016,0.009620
1000SHIBUSDT,SELL,LIMIT,1701936969595,499701,0.009618
1000SHIBUSDT,SELL,LIMIT,1701936971403,195050,0.009613
1000SHIBUSDT,SELL,LIMIT,1701936973408,26040,0.009607
1000SHIBUSDT,SELL,LIMIT,1701936974414,1484,0.009607
1000SHIBUSDT,SELL,LIMIT,1701936981726,106855,0.009599
1000SHIBUSDT,SELL,LIMIT,1701936991650,14923,0.009601
1000SHIBUSDT,SELL,LIMIT,1701937252910,1549,0.009598
1000SHIBUSDT,SELL,LIMIT,1701937258954,10258,0.009597
1000SHIBUSDT,SELL,LIMIT,1701937263309,3865,0.009595
1000SHIBUSDT,SELL,LIMIT,1701937268614,19676,0.009592
1000SHIBUSDT,SELL,LIMIT,1701937271721,1749,0.009590
1000SHIBUSDT,SELL,LIMIT,1701937318601,55824,0.009589
1000SHIBUSDT,SELL,LIMIT,1701937322379,2067,0.009584
1000SHIBUSDT,SELL,LIMIT,1701937323439,11635,0.009586
1000SHIBUSDT,SELL,LIMIT,1701937324623,8094,0.009584
1000SHIBUSDT,SELL,LIMIT,1701937326224,1534,0.009583
1000SHIBUSDT,SELL,LIMIT,1701937327235,238000,0.009582
1000SHIBUSDT,SELL,LIMIT,1701937328317,93217,0.009582
1000SHIBUSDT,SELL,LIMIT,1701937332392,17132,0.009581
1000SHIBUSDT,SELL,LIMIT,1701937340913,22914,0.009582
1000SHIBUSDT,SELL,LIMIT,1701937344343,2597,0.009580
1000SHIBUSDT,SELL,LIMIT,1701937345392,20648,0.009576
1000SHIBUSDT,SELL,LIMIT,1701937346807,7472,0.009574
1000SHIBUSDT,SELL,LIMIT,1701937348046,15582,0.009572
1000SHIBUSDT,SELL,LIMIT,1701937349234,26154,0.009564
1000SHIBUSDT,SELL,LIMIT,1701937350346,963,0.009557
1000SHIBUSDT,SELL,LIMIT,1701937369208,107576,0.009564
1000SHIBUSDT,SELL,LIMIT,1701937398400,8347,0.009556
1000SHIBUSDT,SELL,LIMIT,1701937401230,18800,0.009555
1000SHIBUSDT,SELL,LIMIT,1701937468071,30737,0.009554
1000SHIBUSDT,SELL,LIMIT,1701937470487,23700,0.009553
1000SHIBUSDT,SELL,LIMIT,1701937471491,4363280,0.009533
1000SHIBUSDT,SELL,LIMIT,1701937473081,162318,0.009548
1000SHIBUSDT,SELL,LIMIT,1701937478304,4683,0.009549
1000SHIBUSDT,SELL,LIMIT,1701937484093,846387,0.009538
1000SHIBUSDT,SELL,LIMIT,1701937485315,6279,0.009541
1000SHIBUSDT,SELL,LIMIT,1701937486458,9642,0.009539
1000SHIBUSDT,SELL,LIMIT,1701937488034,2615,0.009538
1000SHIBUSDT,SELL,LIMIT,1701939280461,714,0.009534
1000SHIBUSDT,SELL,LIMIT,1701939324351,9115,0.009532
1000SHIBUSDT,SELL,LIMIT,1701939326217,3635,0.009532
1000SHIBUSDT,SELL,LIMIT,1701939332026,17729,0.009531
1000SHIBUSDT,SELL,LIMIT,1701939347158,69565,0.009531
1000SHIBUSDT,SELL,LIMIT,1701939348211,986,0.009529
1000SHIBUSDT,SELL,LIMIT,1701939349465,26290,0.009528
1000SHIBUSDT,SELL,LIMIT,1701939350480,61420,0.009529
1000SHIBUSDT,SELL,LIMIT,1701939351714,1891,0.009526
1000SHIBUSDT,SELL,LIMIT,1701939355810,46373,0.009521
1000SHIBUSDT,SELL,LIMIT,1701939358113,99909,0.009519
1000SHIBUSDT,SELL,LIMIT,1701939359207,4421,0.009520
1000SHIBUSDT,SELL,LIMIT,1701939360257,42707,0.009516
1000SHIBUSDT,SELL,LIMIT,1701939361425,279636,0.009514
1000SHIBUSDT,SELL,LIMIT,1701939365160,520,0.009514
1000SHIBUSDT,SELL,LIMIT,1701939366275,1719,0.009515
1000SHIBUSDT,SELL,LIMIT,1701939368232,12594,0.009512
1000SHIBUSDT,SELL,LIMIT,1701939369626,366486,0.009511
1000SHIBUSDT,SELL,LIMIT,1701939372192,27064,0.009506
1000SHIBUSDT,SELL,LIMIT,1701939373298,2539,0.009509
1000SHIBUSDT,SELL,LIMIT,1701939392136,859,0.009504
1000SHIBUSDT,SELL,LIMIT,1701939458828,39808,0.009505
1000SHIBUSDT,SELL,LIMIT,1701939472707,216044,0.009502
1000SHIBUSDT,SELL,LIMIT,1701939474212,194534,0.009503
1000SHIBUSDT,SELL,LIMIT,1701939475673,242905,0.009501
1000SHIBUSDT,SELL,LIMIT,1701939549370,349096,0.009500
1000SHIBUSDT,SELL,LIMIT,1701939555499,423298,0.009500
1000SHIBUSDT,SELL,LIMIT,1701939562215,46342,0.009497
1000SHIBUSDT,SELL,LIMIT,1701939563436,16597,0.009498
1000SHIBUSDT,SELL,LIMIT,1701939567426,1739,0.009497
1000SHIBUSDT,SELL,LIMIT,1701939568568,80000,0.009494
1000SHIBUSDT,SELL,LIMIT,1701939571319,29608,0.009489
1000SHIBUSDT,SELL,LIMIT,1701939572562,9941,0.009493
1000SHIBUSDT,SELL,LIMIT,1701939575155,16455,0.009489
1000SHIBUSDT,SELL,LIMIT,1701939576202,1716000,0.009482
1000SHIBUSDT,SELL,LIMIT,1701939873302,43320,0.009517
1000SHIBUSDT,SELL,LIMIT,1701939966390,4904,0.009490
1000SHIBUSDT,SELL,LIMIT,1701939970610,76367,0.009488
1000SHIBUSDT,SELL,LIMIT,1701939971910,502,0.009487
1000SHIBUSDT,SELL,LIMIT,1701939973211,22505,0.009484
1000SHIBUSDT,SELL,LIMIT,1701939974243,30849,0.009483
1000SHIBUSDT,SELL,LIMIT,1701939975767,5935,0.009481
1000SHIBUSDT,SELL,LIMIT,1701939999279,1027,0.009804
1000SHIBUSDT,SELL,LIMIT,1701940451814,278810,0.009479
1000SHIBUSDT,SELL,LIMIT,1701940453807,4492,0.009480
1000SHIBUSDT,SELL,LIMIT,1701940457816,2264,0.009479
1000SHIBUSDT,SELL,LIMIT,1701940465037,28907,0.009478
1000SHIBUSDT,SELL,LIMIT,1701940467838,174881,0.009478
1000SHIBUSDT,SELL,LIMIT,1701940471327,23142,0.009476
1000SHIBUSDT,SELL,LIMIT,1701940522361,21479,0.009475
1000SHIBUSDT,SELL,LIMIT,1701940523432,23682,0.009472
1000SHIBUSDT,SELL,LIMIT,1701940524623,536,0.009470
1000SHIBUSDT,SELL,LIMIT,1701940528962,360527,0.009468
1000SHIBUSDT,SELL,LIMIT,1701940536547,26397,0.009467
1000SHIBUSDT,SELL,LIMIT,1701940555281,21163,0.009463
1000SHIBUSDT,SELL,LIMIT,1701940556326,14295,0.009457
1000SHIBUSDT,SELL,LIMIT,1701940558810,1008,0.009459
1000SHIBUSDT,SELL,LIMIT,1701940560092,4522653,0.009439
1000SHIBUSDT,SELL,LIMIT,1701940561477,125603,0.010412
1000SHIBUSDT,SELL,LIMIT,1701940562493,1000,0.009450
1000SHIBUSDT,SELL,LIMIT,1701940564131,84099,0.009449
1000SHIBUSDT,SELL,LIMIT,1701940565134,20144,0.009447
1000SHIBUSDT,SELL,LIMIT,1701940566551,33645,0.009446
1000SHIBUSDT,SELL,LIMIT,1701940568054,303475,0.009441
1000SHIBUSDT,SELL,LIMIT,1701940569070,42249,0.009440
1000SHIBUSDT,SELL,LIMIT,1701940571291,2227,0.009439
1000SHIBUSDT,SELL,LIMIT,1701940667193,147577,0.009440
1000SHIBUSDT,SELL,LIMIT,1701940668289,56156,0.009439
1000SHIBUSDT,SELL,LIMIT,1701940671095,10428,0.009433
1000SHIBUSDT,SELL,LIMIT,1701940673190,11525,0.009433
1000SHIBUSDT,SELL,LIMIT,1701940674333,13969,0.009430
1000SHIBUSDT,SELL,LIMIT,1701940675463,213663,0.009425
1000SHIBUSDT,SELL,LIMIT,1701941020931,20000,0.009445
1000SHIBUSDT,SELL,LIMIT,1701941067076,59567,0.009432
1000SHIBUSDT,SELL,LIMIT,1701941073919,229861,0.009425
1000SHIBUSDT,SELL,LIMIT,1701941075468,10984,0.009423
1000SHIBUSDT,SELL,LIMIT,1701941110065,129500,0.009417
1000SHIBUSDT,SELL,LIMIT,1701941112350,115496,0.009416
1000SHIBUSDT,SELL,LIMIT,1701941146709,509,0.009417
1000SHIBUSDT,SELL,LIMIT,1701941148524,5481,0.009416
1000SHIBUSDT,SELL,LIMIT,1701941150635,514771,0.009409
1000SHIBUSDT,SELL,LIMIT,1701941152219,1271,0.009408
1000SHIBUSDT,SELL,LIMIT,1701941154814,13059,0.009408
1000SHIBUSDT,SELL,LIMIT,1701941156357,618,0.009404
1000SHIBUSDT,SELL,LIMIT,1701941159280,14013,0.009402
1000SHIBUSDT,SELL,LIMIT,1701941160295,460117,0.009396
1000SHIBUSDT,SELL,LIMIT,1701941167251,90000,0.009396
1000SHIBUSDT,SELL,LIMIT,1701941169589,208849,0.009396
1000SHIBUSDT,SELL,LIMIT,1701941173241,201797,0.009393
1000SHIBUSDT,SELL,LIMIT,1701941174939,31044,0.009396
1000SHIBUSDT,SELL,LIMIT,1701941176498,73765,0.009394
1000SHIBUSDT,SELL,LIMIT,1701941179087,130691,0.009391
1000SHIBUSDT,SELL,LIMIT,1701941180198,45925,0.009386
1000SHIBUSDT,SELL,LIMIT,1701941181747,512688,0.009385
1000SHIBUSDT,SELL,LIMIT,1701941182876,12282,0.009382
1000SHIBUSDT,SELL,LIMIT,1701941184069,37560,0.009378
1000SHIBUSDT,SELL,LIMIT,1701941185106,28967,0.009373
1000SHIBUSDT,SELL,LIMIT,1701941186304,188775,0.009372
1000SHIBUSDT,SELL,LIMIT,1701941187763,250000,0.009377
1000SHIBUSDT,SELL,LIMIT,1701941188952,81807,0.009372
1000SHIBUSDT,SELL,LIMIT,1701941190104,57322,0.009368
1000SHIBUSDT,SELL,LIMIT,1701941191117,92950,0.009367
1000SHIBUSDT,SELL,LIMIT,1701941192608,3463,0.009369
1000SHIBUSDT,SELL,LIMIT,1701941206498,426718,0.009364
1000SHIBUSDT,SELL,LIMIT,1701941207503,52356,0.009362
1000SHIBUSDT,SELL,LIMIT,1701941225394,318813,0.009362
1000SHIBUSDT,SELL,LIMIT,1701941233397,57921,0.009359
1000SHIBUSDT,SELL,LIMIT,1701941234547,631,0.009356
1000SHIBUSDT,SELL,LIMIT,1701941236819,518403,0.009357
1000SHIBUSDT,SELL,LIMIT,1701941238244,350000,0.009346
1000SHIBUSDT,SELL,LIMIT,1701941239336,46645,0.009351
1000SHIBUSDT,SELL,LIMIT,1701941241554,159053,0.009339
1000SHIBUSDT,SELL,LIMIT,1701941242739,520,0.009335
1000SHIBUSDT,SELL,LIMIT,1701941244325,50000,0.009333
1000SHIBUSDT,SELL,LIMIT,1701941245578,4991,0.009330
1000SHIBUSDT,SELL,LIMIT,1701941246583,686,0.009329
1000SHIBUSDT,SELL,LIMIT,1701941249983,1462,0.009329
1000SHIBUSDT,SELL,LIMIT,1701941255191,1355,0.009331
1000SHIBUSDT,SELL,LIMIT,1701941256313,64,0.009334
1000SHIBUSDT,BUY,LIMIT,1701941728911,17185,0.009584
1000SHIBUSDT,SELL,LIMIT,1701942174072,14175,0.009471
1000SHIBUSDT,SELL,LIMIT,1701943657810,95203,0.009447
1000SHIBUSDT,SELL,LIMIT,1701946611731,315872,0.009486
1000SHIBUSDT,BUY,LIMIT,1701951324769,25819,0.009600
1000SHIBUSDT,BUY,LIMIT,1701953096610,25912,0.009660
1000SHIBUSDT,BUY,LIMIT,1701954065306,132712,0.009697
1000SHIBUSDT,BUY,LIMIT,1701954120340,207660,0.009705
1000SHIBUSDT,BUY,LIMIT,1701954122517,1145,0.009707
1000SHIBUSDT,BUY,LIMIT,1701959765821,48723,0.009712
1000SHIBUSDT,BUY,LIMIT,1701960914380,9447,0.009717
1000SHIBUSDT,BUY,LIMIT,1701960924069,34001,0.009723
1000SHIBUSDT,BUY,LIMIT,1701961006939,15724,0.009727
1000SHIBUSDT,BUY,LIMIT,1701961071260,492404,0.009731
1000SHIBUSDT,BUY,LIMIT,1701961078675,3175,0.009735
1000SHIBUSDT,BUY,LIMIT,1701961407892,921,0.009746
1000SHIBUSDT,BUY,LIMIT,1701962696609,1039,0.009764
1000SHIBUSDT,BUY,LIMIT,1701962810397,2123274,0.009790
1000SHIBUSDT,BUY,LIMIT,1701962818182,53841,0.009788
1000SHIBUSDT,BUY,LIMIT,1701962828659,276020,0.009790
1000SHIBUSDT,BUY,LIMIT,1701962835573,3485,0.009790
1000SHIBUSDT,BUY,LIMIT,1701962846893,2348,0.009794
1000SHIBUSDT,BUY,LIMIT,1701962976047,93080,0.009802
1000SHIBUSDT,BUY,LIMIT,1701963021774,17095,0.009810
1000SHIBUSDT,BUY,LIMIT,1701963320962,150000,0.009814
1000SHIBUSDT,BUY,LIMIT,1701963337254,843,0.009818
1000SHIBUSDT,BUY,LIMIT,1701963339728,10025,0.009821
1000SHIBUSDT,BUY,LIMIT,1701963358872,1471683,0.009833
1000SHIBUSDT,BUY,LIMIT,1701963582027,88986,0.009832
1000SHIBUSDT,BUY,LIMIT,1701963583841,545,0.009832
1000SHIBUSDT,BUY,LIMIT,1701963608974,40961,0.009835
1000SHIBUSDT,BUY,LIMIT,1701963687312,507509,0.009842
1000SHIBUSDT,SELL,LIMIT,1701965065083,1487307,0.009670
1000SHIBUSDT,BUY,LIMIT,1701965906717,4580,0.009864
1000SHIBUSDT,BUY,LIMIT,1701966120008,523,0.009877
1000SHIBUSDT,BUY,LIMIT,1701966138212,118823,0.009880
1000SHIBUSDT,BUY,LIMIT,1701966850166,1066715,0.009878
1000SHIBUSDT,BUY,LIMIT,1701966888422,31235,0.009887
1000SHIBUSDT,BUY,LIMIT,1701967271225,34701,0.009897
1000SHIBUSDT,BUY,LIMIT,1701969618687,10793,0.009861
1000SHIBUSDT,SELL,LIMIT,1701970285357,28395,0.009731
1000SHIBUSDT,SELL,LIMIT,1701973299207,5226,0.009765
1000SHIBUSDT,BUY,LIMIT,1701973901248,93733,0.009904
1000SHIBUSDT,SELL,LIMIT,1701974759807,146065,0.009701
1000SHIBUSDT,SELL,LIMIT,1701976452352,11566,0.009654
1000SHIBUSDT,SELL,LIMIT,1701977161421,12839,0.009644
1000SHIBUSDT,SELL,LIMIT,1701977165470,13853,0.009631
1000SHIBUSDT,SELL,LIMIT,1701977167145,523134,0.009625
1000SHIBUSDT,SELL,LIMIT,1701977293073,5043,0.009620
1000SHIBUSDT,SELL,LIMIT,1701977297268,1240,0.009617
1000SHIBUSDT,SELL,LIMIT,1701977301921,92540,0.009614
1000SHIBUSDT,SELL,LIMIT,1701978100150,127037,0.009607
1000SHIBUSDT,SELL,LIMIT,1701978256209,95445,0.009605
1000SHIBUSDT,SELL,LIMIT,1701978260661,291155,0.009602
1000SHIBUSDT,SELL,LIMIT,1701978282219,56125,0.009597
1000SHIBUSDT,SELL,LIMIT,1701978292223,412186,0.009594
1000SHIBUSDT,SELL,LIMIT,1701978296058,709,0.009589
1000SHIBUSDT,SELL,LIMIT,1701978303026,100370,0.009587
1000SHIBUSDT,BUY,LIMIT,1701981142381,908,0.009722
1000SHIBUSDT,SELL,LIMIT,1701981554344,2059848,0.009591
1000SHIBUSDT,SELL,LIMIT,1701981615472,15315,0.009591
1000SHIBUSDT,BUY,LIMIT,1701984526373,90,0.009818
1000SHIBUSDT,BUY,LIMIT,1701984593186,90831,0.009837
1000SHIBUSDT,BUY,LIMIT,1701984788813,52211,0.009860
1000SHIBUSDT,BUY,LIMIT,1701985780082,40988,0.009857
1000SHIBUSDT,BUY,LIMIT,1701985931307,61646,0.009882
1000SHIBUSDT,BUY,LIMIT,1701985987475,5368,0.009894
1000SHIBUSDT,BUY,LIMIT,1701986035456,679,0.009904
1000SHIBUSDT,BUY,LIMIT,1701986040229,2956,0.009918
1000SHIBUSDT,BUY,LIMIT,1701986043662,20996,0.009920
1000SHIBUSDT,BUY,LIMIT,1701986083586,758,0.009925
1000SHIBUSDT,BUY,LIMIT,1701986118320,1629,0.009931
1000SHIBUSDT,BUY,LIMIT,1701986132889,3165,0.009936
1000SHIBUSDT,BUY,LIMIT,1701986138793,5781,0.009939
1000SHIBUSDT,SELL,LIMIT,1701987592155,268230,0.009718
1000SHIBUSDT,SELL,LIMIT,1701988399111,164506,0.009734
1000SHIBUSDT,SELL,LIMIT,1701988538689,118054,0.009680
1000SHIBUSDT,SELL,LIMIT,1701988578216,190391,0.009676
1000SHIBUSDT,SELL,LIMIT,1701988587522,49161,0.009672
1000SHIBUSDT,SELL,LIMIT,1702002205582,1247,0.009761
1000SHIBUSDT,SELL,LIMIT,1702002743042,12898,0.009762
1000SHIBUSDT,SELL,LIMIT,1702003712840,4615,0.009762
1000SHIBUSDT,SELL,LIMIT,1702005362141,535,0.009768
1000SHIBUSDT,BUY,LIMIT,1702005634097,7599,0.009926
1000SHIBUSDT,BUY,LIMIT,1702005816564,4945,0.009928
1000SHIBUSDT,BUY,LIMIT,1702006447972,26001,0.009940
1000SHIBUSDT,BUY,LIMIT,1702006535490,1583,0.009947
1000SHIBUSDT,BUY,LIMIT,1702006541877,3645,0.009954
1000SHIBUSDT,BUY,LIMIT,1702006669104,103183,0.009947
1000SHIBUSDT,BUY,LIMIT,1702006893403,20000,0.009937
1000SHIBUSDT,BUY,LIMIT,1702007154541,2849,0.009949
1000SHIBUSDT,BUY,LIMIT,1702008866975,320833,0.009965
1000SHIBUSDT,BUY,LIMIT,1702008873057,75037,0.009970
1000SHIBUSDT,BUY,LIMIT,1702008893241,44982,0.009979
1000SHIBUSDT,BUY,LIMIT,1702008897414,12164,0.009982
1000SHIBUSDT,BUY,LIMIT,1702008921976,510568,0.009990
1000SHIBUSDT,BUY,LIMIT,1702009005200,7025,0.009995
1000SHIBUSDT,BUY,LIMIT,1702010021902,48460,0.010002
1000SHIBUSDT,BUY,LIMIT,1702010023339,510047,0.010003
1000SHIBUSDT,BUY,LIMIT,1702010087859,69082,0.010005
1000SHIBUSDT,BUY,LIMIT,1702011502938,983,0.010009
1000SHIBUSDT,BUY,LIMIT,1702011578087,61634,0.010013
1000SHIBUSDT,BUY,LIMIT,1702011579119,5146,0.010012
1000SHIBUSDT,BUY,LIMIT,1702011910559,3734,0.010020
1000SHIBUSDT,BUY,LIMIT,1702011914165,6796,0.010023
1000SHIBUSDT,BUY,LIMIT,1702011921998,3399,0.010024
1000SHIBUSDT,BUY,LIMIT,1702011969655,57121,0.010024
1000SHIBUSDT,BUY,LIMIT,1702012177915,4583,0.010030
1000SHIBUSDT,BUY,LIMIT,1702012179103,154282,0.010032
1000SHIBUSDT,BUY,LIMIT,1702012180385,98365,0.010030
1000SHIBUSDT,BUY,LIMIT,1702012182625,331129,0.010036
1000SHIBUSDT,BUY,LIMIT,1702012211274,865,0.010037
1000SHIBUSDT,BUY,LIMIT,1702012212877,15020,0.010039
1000SHIBUSDT,BUY,LIMIT,1702012347664,80537,0.010048
1000SHIBUSDT,BUY,LIMIT,1702012376374,1046,0.010052
1000SHIBUSDT,BUY,LIMIT,1702012540692,45193,0.010044
1000SHIBUSDT,BUY,LIMIT,1702013373442,25760,0.010023
1000SHIBUSDT,BUY,LIMIT,1702014003226,1000,0.010057
1000SHIBUSDT,BUY,LIMIT,1702014247529,14205,0.010059
1000SHIBUSDT,BUY,LIMIT,1702014286613,2506,0.010062
1000SHIBUSDT,BUY,LIMIT,1702014347939,120000,0.010064
1000SHIBUSDT,BUY,LIMIT,1702014365097,3340,0.010066
1000SHIBUSDT,BUY,LIMIT,1702014382050,12207,0.010073
1000SHIBUSDT,BUY,LIMIT,1702014386838,5032,0.010074
1000SHIBUSDT,BUY,LIMIT,1702014441794,146721,0.010078
1000SHIBUSDT,BUY,LIMIT,1702014459138,4385,0.010096
1000SHIBUSDT,BUY,LIMIT,1702014466704,401861,0.010100
1000SHIBUSDT,BUY,LIMIT,1702015455922,910,0.010105
1000SHIBUSDT,BUY,LIMIT,1702015830736,29366,0.010111
1000SHIBUSDT,BUY,LIMIT,1702015864230,22118,0.010119
1000SHIBUSDT,BUY,LIMIT,1702015865250,383555,0.010124
1000SHIBUSDT,BUY,LIMIT,1702015873360,3389,0.010129
1000SHIBUSDT,BUY,LIMIT,1702015904170,281605,0.010136
1000SHIBUSDT,BUY,LIMIT,1702015989455,830,0.010135
1000SHIBUSDT,BUY,LIMIT,1702016064770,5000,0.010131
1000SHIBUSDT,BUY,LIMIT,1702016273072,196226,0.010140
1000SHIBUSDT,BUY,LIMIT,1702016275359,1527,0.010142
1000SHIBUSDT,BUY,LIMIT,1702016277231,7079,0.010154
1000SHIBUSDT,SELL,LIMIT,1702017517732,683,0.009875
1000SHIBUSDT,SELL,LIMIT,1702017537485,5494,0.009873
1000SHIBUSDT,SELL,LIMIT,1702017569106,4656,0.009867
1000SHIBUSDT,SELL,LIMIT,1702017759169,18556,0.009843
1000SHIBUSDT,SELL,LIMIT,1702017764161,7511,0.009835
1000SHIBUSDT,SELL,LIMIT,1702017846183,248929,0.009828
1000SHIBUSDT,BUY,LIMIT,1702018380321,163910,0.009990
1000SHIBUSDT,SELL,LIMIT,1702020055448,109891,0.009853
1000SHIBUSDT,SELL,LIMIT,1702020578065,13228,0.009804
1000SHIBUSDT,SELL,LIMIT,1702020629353,5000,0.009793
1000SHIBUSDT,SELL,LIMIT,1702020631375,40939,0.009786
1000SHIBUSDT,SELL,LIMIT,1702020644284,409867,0.009776
1000SHIBUSDT,SELL,LIMIT,1702020654726,2364,0.009774
1000SHIBUSDT,SELL,LIMIT,1702020666608,377682,0.009773
1000SHIBUSDT,BUY,LIMIT,1702021281256,35459,0.010093
1000SHIBUSDT,BUY,LIMIT,1702021307663,1186,0.010100
1000SHIBUSDT,BUY,LIMIT,1702021308756,53586,0.010108
1000SHIBUSDT,BUY,LIMIT,1702021309845,45260,0.010115
1000SHIBUSDT,BUY,LIMIT,1702021312141,772,0.010123
1000SHIBUSDT,BUY,LIMIT,1702021333502,124387,0.010145
1000SHIBUSDT,BUY,LIMIT,1702021335331,49780,0.010156
1000SHIBUSDT,BUY,LIMIT,1702021341413,93952,0.010168
1000SHIBUSDT,BUY,LIMIT,1702021342497,25998,0.010186
1000SHIBUSDT,BUY,LIMIT,1702021347336,118799,0.010199
1000SHIBUSDT,BUY,LIMIT,1702021366053,117594,0.010207
1000SHIBUSDT,BUY,LIMIT,1702021368269,12745,0.010214
1000SHIBUSDT,BUY,LIMIT,1702021369280,498753,0.010223
1000SHIBUSDT,BUY,LIMIT,1702021372553,16949,0.010246
1000SHIBUSDT,BUY,LIMIT,1702021397245,15385,0.010253
1000SHIBUSDT,BUY,LIMIT,1702021398460,35898,0.010253
1000SHIBUSDT,BUY,LIMIT,1702021400964,16368,0.010259
1000SHIBUSDT,BUY,LIMIT,1702021434497,122004,0.010266
1000SHIBUSDT,BUY,LIMIT,1702021435659,12661,0.010284
1000SHIBUSDT,BUY,LIMIT,1702021454814,8724,0.010288
1000SHIBUSDT,BUY,LIMIT,1702021507266,190592,0.010296
1000SHIBUSDT,BUY,LIMIT,1702021508483,27440,0.010300
1000SHIBUSDT,BUY,LIMIT,1702021515222,974067,0.010322
1000SHIBUSDT,BUY,LIMIT,1702021516502,41595,0.010317
1000SHIBUSDT,BUY,LIMIT,1702021517548,2345,0.010322
1000SHIBUSDT,BUY,LIMIT,1702021520025,169333,0.010331
1000SHIBUSDT,BUY,LIMIT,1702021526149,76590,0.010334
1000SHIBUSDT,BUY,LIMIT,1702021528658,21970,0.010338
1000SHIBUSDT,SELL,LIMIT,1702022508575,329925,0.010039
1000SHIBUSDT,SELL,LIMIT,1702022947806,30578,0.010022
1000SHIBUSDT,SELL,LIMIT,1702025162655,64595,0.009979
1000SHIBUSDT,SELL,LIMIT,1702025166885,124613,0.009967
1000SHIBUSDT,SELL,LIMIT,1702025301826,34242,0.009958
1000SHIBUSDT,SELL,LIMIT,1702026234141,117930,0.009931
1000SHIBUSDT,SELL,LIMIT,1702026235451,844,0.009930
1000SHIBUSDT,SELL,LIMIT,1702029010358,83174,0.009919
1000SHIBUSDT,SELL,LIMIT,1702029163601,135054,0.009915
1000SHIBUSDT,SELL,LIMIT,1702029167063,228303,0.009912
1000SHIBUSDT,SELL,LIMIT,1702029175711,36612,0.009908
1000SHIBUSDT,SELL,LIMIT,1702029249430,78550,0.009893
1000SHIBUSDT,SELL,LIMIT,1702029253294,198216,0.009892
1000SHIBUSDT,SELL,LIMIT,1702029290427,16039,0.009888
1000SHIBUSDT,BUY,LIMIT,1702034736440,5989,0.010076
1000SHIBUSDT,SELL,LIMIT,1702034788057,991321,0.009946
1000SHIBUSDT,BUY,LIMIT,1702035164063,39,0.010086
1000SHIBUSDT,BUY,LIMIT,1702035254343,5099,0.010095
1000SHIBUSDT,BUY,LIMIT,1702035439938,109757,0.010112
1000SHIBUSDT,BUY,LIMIT,1702035734214,6888,0.010128
1000SHIBUSDT,BUY,LIMIT,1702035848359,4087,0.010141
1000SHIBUSDT,BUY,LIMIT,1702036109715,975,0.010123
1000SHIBUSDT,BUY,LIMIT,1702036193639,721,0.010137
1000SHIBUSDT,SELL,LIMIT,1702037074754,3198,0.009938
1000SHIBUSDT,BUY,LIMIT,1702037873941,43152,0.010050
1000SHIBUSDT,BUY,LIMIT,1702037975232,177619,0.010111
1000SHIBUSDT,SELL,LIMIT,1702038468095,6165,0.010015
1000SHIBUSDT,BUY,LIMIT,1702038481100,318683,0.010134
1000SHIBUSDT,SELL,LIMIT,1702042237108,46250,0.009928
1000SHIBUSDT,SELL,LIMIT,1702042239970,156129,0.009921
1000SHIBUSDT,BUY,LIMIT,1702042848218,21376,0.010058
1000SHIBUSDT,SELL,LIMIT,1702043990238,498484,0.009899
1000SHIBUSDT,SELL,LIMIT,1702044494950,6263,0.009885
1000SHIBUSDT,SELL,LIMIT,1702044514003,9641,0.009879
1000SHIBUSDT,BUY,LIMIT,1702045885456,9038,0.010118
1000SHIBUSDT,BUY,LIMIT,1702046366199,250250,0.010107
1000SHIBUSDT,SELL,LIMIT,1702047194043,39520,0.009973
1000SHIBUSDT,SELL,LIMIT,1702047586316,15000,0.009978
1000SHIBUSDT,SELL,LIMIT,1702047622194,472949,0.010009
1000SHIBUSDT,BUY,LIMIT,1702047708838,5902,0.010116
1000SHIBUSDT,SELL,LIMIT,1702048131161,126877,0.009991
1000SHIBUSDT,SELL,LIMIT,1702048993097,14790,0.009993
1000SHIBUSDT,SELL,LIMIT,1702050795848,40116,0.009931
1000SHIBUSDT,SELL,LIMIT,1702051700135,4950,0.009962
1000SHIBUSDT,BUY,LIMIT,1702051903142,592,0.010077
1000SHIBUSDT,BUY,LIMIT,1702052161449,5011,0.010090
1000SHIBUSDT,BUY,LIMIT,1702053445380,4268,0.010145
1000SHIBUSDT,SELL,LIMIT,1702055323059,6547,0.010014
1000SHIBUSDT,BUY,LIMIT,1702055998016,7893,0.010176
1000SHIBUSDT,BUY,LIMIT,1702056003493,1840,0.010178
1000SHIBUSDT,BUY,LIMIT,1702056040871,45005,0.010191
1000SHIBUSDT,BUY,LIMIT,1702056077657,17002,0.010197
1000SHIBUSDT,BUY,LIMIT,1702056086292,1300,0.010201
1000SHIBUSDT,BUY,LIMIT,1702056087801,15285,0.010204
1000SHIBUSDT,BUY,LIMIT,1702056097256,1867,0.010208
1000SHIBUSDT,BUY,LIMIT,1702056104314,3882,0.010214
1000SHIBUSDT,BUY,LIMIT,1702056110100,10209,0.010216
1000SHIBUSDT,BUY,LIMIT,1702056111869,11261,0.010218
1000SHIBUSDT,BUY,LIMIT,1702060186471,1243,0.010090
1000SHIBUSDT,BUY,LIMIT,1702061089268,586,0.010116
1000SHIBUSDT,BUY,LIMIT,1702064193186,50986,0.010228
1000SHIBUSDT,BUY,LIMIT,1702064194714,23622,0.010231
1000SHIBUSDT,BUY,LIMIT,1702064214110,20044,0.010245
1000SHIBUSDT,BUY,LIMIT,1702064218106,14271,0.010248
1000SHIBUSDT,BUY,LIMIT,1702064576171,117777,0.010259
1000SHIBUSDT,BUY,LIMIT,1702065755955,15052,0.010265
1000SHIBUSDT,BUY,LIMIT,1702065942715,13226,0.010255
1000SHIBUSDT,BUY,LIMIT,1702065954159,45029,0.010271
1000SHIBUSDT,BUY,LIMIT,1702065957843,2743,0.010275
1000SHIBUSDT,BUY,LIMIT,1702065965229,33267,0.010279
1000SHIBUSDT,BUY,LIMIT,1702065976554,1395,0.010284
1000SHIBUSDT,BUY,LIMIT,1702065995667,3081,0.010291
1000SHIBUSDT,BUY,LIMIT,1702066017058,14111,0.010294
1000SHIBUSDT,BUY,LIMIT,1702066020416,190235,0.010297
1000SHIBUSDT,BUY,LIMIT,1702066104951,29241,0.010300
1000SHIBUSDT,BUY,LIMIT,1702066222852,42871,0.010301
1000SHIBUSDT,BUY,LIMIT,1702066248174,315538,0.010308
1000SHIBUSDT,BUY,LIMIT,1702066265173,29661,0.010314
1000SHIBUSDT,BUY,LIMIT,1702067590378,240883,0.010248
1000SHIBUSDT,BUY,LIMIT,1702068578422,141760,0.010290
1000SHIBUSDT,BUY,LIMIT,1702068652528,500,0.010288
1000SHIBUSDT,BUY,LIMIT,1702068663440,126762,0.010294
1000SHIBUSDT,BUY,LIMIT,1702068884416,17495,0.010307
1000SHIBUSDT,SELL,LIMIT,1702069043525,5010,0.010206
1000SHIBUSDT,BUY,LIMIT,1702069704607,6786,0.010320
1000SHIBUSDT,BUY,LIMIT,1702069714142,76815,0.010323
1000SHIBUSDT,BUY,LIMIT,1702069749120,7432,0.010323
1000SHIBUSDT,BUY,LIMIT,1702069757491,331703,0.010325
1000SHIBUSDT,BUY,LIMIT,1702069760104,10962,0.010338
1000SHIBUSDT,BUY,LIMIT,1702069761177,59135,0.010331
1000SHIBUSDT,BUY,LIMIT,1702069766758,10643,0.010341
1000SHIBUSDT,BUY,LIMIT,1702069768739,18650,0.010356
1000SHIBUSDT,BUY,LIMIT,1702069769896,14928,0.010359
1000SHIBUSDT,BUY,LIMIT,1702069771257,563,0.010361
1000SHIBUSDT,BUY,LIMIT,1702069772603,6460,0.010368
1000SHIBUSDT,BUY,LIMIT,1702069781413,392651,0.010379
1000SHIBUSDT,BUY,LIMIT,1702069782543,3174,0.010382
1000SHIBUSDT,BUY,LIMIT,1702069784040,77717,0.010388
1000SHIBUSDT,BUY,LIMIT,1702069785539,588,0.010390
1000SHIBUSDT,BUY,LIMIT,1702069810922,80702,0.010392
1000SHIBUSDT,BUY,LIMIT,1702069815401,170163,0.010392
1000SHIBUSDT,BUY,LIMIT,1702069817600,4388,0.010396
1000SHIBUSDT,BUY,LIMIT,1702069826428,22685,0.010398
1000SHIBUSDT,BUY,LIMIT,1702069837108,120159,0.010400
1000SHIBUSDT,BUY,LIMIT,1702069842195,32809,0.010406
1000SHIBUSDT,BUY,LIMIT,1702069843487,13491,0.010412
1000SHIBUSDT,BUY,LIMIT,1702069860206,75628,0.010420
1000SHIBUSDT,BUY,LIMIT,1702069861718,130426,0.010423
1000SHIBUSDT,BUY,LIMIT,1702070184322,38918,0.010429
1000SHIBUSDT,BUY,LIMIT,1702070192100,8577,0.010438
1000SHIBUSDT,BUY,LIMIT,1702070196169,25200,0.010439
1000SHIBUSDT,BUY,LIMIT,1702070212615,25742,0.010438
1000SHIBUSDT,BUY,LIMIT,1702070228226,87200,0.010445
1000SHIBUSDT,BUY,LIMIT,1702070235662,450090,0.010449
1000SHIBUSDT,BUY,LIMIT,1702070287365,219000,0.010440
1000SHIBUSDT,BUY,LIMIT,1702070345256,19497,0.010454
1000SHIBUSDT,BUY,LIMIT,1702070361125,1100,0.010461
1000SHIBUSDT,BUY,LIMIT,1702070398603,26584,0.010462
1000SHIBUSDT,BUY,LIMIT,1702070418149,8516,0.010464
1000SHIBUSDT,BUY,LIMIT,1702070445826,4246,0.010467
1000SHIBUSDT,BUY,LIMIT,1702070447781,7556,0.010467
1000SHIBUSDT,BUY,LIMIT,1702070451047,269322,0.010472
1000SHIBUSDT,BUY,LIMIT,1702070458174,81763,0.010474
1000SHIBUSDT,BUY,LIMIT,1702070590308,1241,0.010478
1000SHIBUSDT,BUY,LIMIT,1702070594108,95164,0.010479
1000SHIBUSDT,BUY,LIMIT,1702070595736,144698,0.010484
1000SHIBUSDT,BUY,LIMIT,1702070600692,6286,0.010484
1000SHIBUSDT,BUY,LIMIT,1702070605092,37740,0.010495
1000SHIBUSDT,BUY,LIMIT,1702070611297,2750,0.010492
1000SHIBUSDT,BUY,LIMIT,1702070627332,37728,0.010489
1000SHIBUSDT,BUY,LIMIT,1702070630003,90000,0.010492
1000SHIBUSDT,SELL,LIMIT,1702070661153,1225,0.010378
1000SHIBUSDT,BUY,LIMIT,1702070735327,3584,0.010476
1000SHIBUSDT,BUY,LIMIT,1702070895513,67512,0.010477
1000SHIBUSDT,BUY,LIMIT,1702070916808,34828,0.010465
1000SHIBUSDT,SELL,LIMIT,1702071742885,273510,0.010215
1000SHIBUSDT,SELL,LIMIT,1702071754629,13586,0.010211
1000SHIBUSDT,SELL,LIMIT,1702071816558,224305,0.010197
1000SHIBUSDT,SELL,LIMIT,1702071817595,32915,0.010194
1000SHIBUSDT,SELL,LIMIT,1702072319242,71907,0.010180
1000SHIBUSDT,BUY,LIMIT,1702072671667,2065,0.010336
1000SHIBUSDT,BUY,LIMIT,1702073599655,22284,0.010379
1000SHIBUSDT,SELL,LIMIT,1702074739079,23601,0.010174
1000SHIBUSDT,SELL,LIMIT,1702077378778,123250,0.010177
1000SHIBUSDT,SELL,LIMIT,1702077402388,2513,0.010144
1000SHIBUSDT,BUY,LIMIT,1702078182281,89300,0.010274
1000SHIBUSDT,BUY,LIMIT,1702078502987,598,0.010275
1000SHIBUSDT,BUY,LIMIT,1702078609448,4640,0.010277
1000SHIBUSDT,SELL,LIMIT,1702079107962,18260,0.010127
1000SHIBUSDT,BUY,LIMIT,1702080227364,76547,0.010298
1000SHIBUSDT,BUY,LIMIT,1702080276661,20120,0.010304
1000SHIBUSDT,BUY,LIMIT,1702081229517,209454,0.010343
1000SHIBUSDT,BUY,LIMIT,1702081403994,8349,0.010310
1000SHIBUSDT,BUY,LIMIT,1702081626343,156303,0.010349
1000SHIBUSDT,BUY,LIMIT,1702081661282,14670,0.010350
1000SHIBUSDT,BUY,LIMIT,1702081781454,500,0.010361
1000SHIBUSDT,BUY,LIMIT,1702082044060,7363,0.010343
1000SHIBUSDT,BUY,LIMIT,1702082048971,91371,0.010344
1000SHIBUSDT,BUY,LIMIT,1702082477044,48798,0.010351
1000SHIBUSDT,BUY,LIMIT,1702082625251,369459,0.010347
1000SHIBUSDT,BUY,LIMIT,1702083502201,7417,0.010328
1000SHIBUSDT,SELL,LIMIT,1702083648399,29800,0.010183
1000SHIBUSDT,SELL,LIMIT,1702084006774,164333,0.010119
1000SHIBUSDT,SELL,LIMIT,1702084014270,96955,0.010116
1000SHIBUSDT,SELL,LIMIT,1702084022234,2908,0.010106
1000SHIBUSDT,SELL,LIMIT,1702084023315,306445,0.010099
1000SHIBUSDT,SELL,LIMIT,1702084055450,71485,0.010096
1000SHIBUSDT,SELL,LIMIT,1702084058290,97465,0.010090
1000SHIBUSDT,SELL,LIMIT,1702084059567,43675,0.010093
1000SHIBUSDT,SELL,LIMIT,1702084067433,55473,0.010088
1000SHIBUSDT,SELL,LIMIT,1702084069671,72016,0.010085
1000SHIBUSDT,SELL,LIMIT,1702084076225,497,0.010079
1000SHIBUSDT,SELL,LIMIT,1702084092285,25000,0.010075
1000SHIBUSDT,SELL,LIMIT,1702084093725,24164,0.010073
1000SHIBUSDT,SELL,LIMIT,1702084138585,7118,0.010069
1000SHIBUSDT,SELL,LIMIT,1702084146116,213280,0.010067
1000SHIBUSDT,SELL,LIMIT,1702084197011,24740,0.010060
1000SHIBUSDT,BUY,LIMIT,1702085555501,93,0.010251
1000SHIBUSDT,BUY,LIMIT,1702085900320,40922,0.010292
1000SHIBUSDT,BUY,LIMIT,1702085901360,4848,0.010290
1000SHIBUSDT,SELL,LIMIT,1702091249426,3383,0.010276
1000SHIBUSDT,BUY,LIMIT,1702091933373,3514,0.010381
1000SHIBUSDT,BUY,LIMIT,1702093628601,16217,0.010406
1000SHIBUSDT,BUY,LIMIT,1702093668725,8601,0.010411
1000SHIBUSDT,BUY,LIMIT,1702093691997,4760,0.010420
1000SHIBUSDT,BUY,LIMIT,1702093924376,20173,0.010440
1000SHIBUSDT,BUY,LIMIT,1702093940036,2885,0.010452
1000SHIBUSDT,BUY,LIMIT,1702093947202,1994,0.010457
1000SHIBUSDT,BUY,LIMIT,1702093951350,584,0.010466
1000SHIBUSDT,BUY,LIMIT,1702093972675,10839,0.010469
1000SHIBUSDT,BUY,LIMIT,1702093992508,117891,0.010471
1000SHIBUSDT,BUY,LIMIT,1702094106387,78214,0.010474
1000SHIBUSDT,BUY,LIMIT,1702094617865,4788,0.010427
1000SHIBUSDT,BUY,LIMIT,1702094637317,4456,0.010428
1000SHIBUSDT,BUY,LIMIT,1702096022009,8997,0.010482
1000SHIBUSDT,BUY,LIMIT,1702096358528,21240,0.010471
1000SHIBUSDT,BUY,LIMIT,1702096716431,7791,0.010496
1000SHIBUSDT,BUY,LIMIT,1702096726135,2718,0.010509
1000SHIBUSDT,BUY,LIMIT,1702096727253,776,0.010506
1000SHIBUSDT,BUY,LIMIT,1702101204887,198773,0.010407
1000SHIBUSDT,BUY,LIMIT,1702102060954,22482,0.010422
1000SHIBUSDT,BUY,LIMIT,1702102151032,206517,0.010413
1000SHIBUSDT,BUY,LIMIT,1702103600472,2802,0.010416
1000SHIBUSDT,BUY,LIMIT,1702105908476,14551,0.010445
1000SHIBUSDT,BUY,LIMIT,1702107206906,3034,0.010419
1000SHIBUSDT,BUY,LIMIT,1702107645563,54201,0.010442
1000SHIBUSDT,BUY,LIMIT,1702107780060,1316,0.010474
1000SHIBUSDT,BUY,LIMIT,1702107798620,1955,0.010503
1000SHIBUSDT,BUY,LIMIT,1702107991083,8789,0.010504
1000SHIBUSDT,BUY,LIMIT,1702108224430,9066,0.010489
1000SHIBUSDT,BUY,LIMIT,1702108532625,152311,0.010500
1000SHIBUSDT,BUY,LIMIT,1702108544895,14599,0.010496
1000SHIBUSDT,BUY,LIMIT,1702108549221,8494,0.010401
1000SHIBUSDT,BUY,LIMIT,1702108556863,69611,0.010496
1000SHIBUSDT,BUY,LIMIT,1702108948869,1800,0.010499
1000SHIBUSDT,BUY,LIMIT,1702109102696,17683,0.010491
1000SHIBUSDT,BUY,LIMIT,1702109244834,8250,0.010499
1000SHIBUSDT,BUY,LIMIT,1702109247961,6332,0.010498
1000SHIBUSDT,BUY,LIMIT,1702109271248,4443,0.010500
1000SHIBUSDT,BUY,LIMIT,1702109414644,61410,0.010484
1000SHIBUSDT,BUY,LIMIT,1702109416204,8189,0.010484
1000SHIBUSDT,BUY,LIMIT,1702109641216,2609,0.010461
1000SHIBUSDT,BUY,LIMIT,1702109721604,50000,0.010231
1000SHIBUSDT,SELL,LIMIT,1702109723914,18969,0.010354
1000SHIBUSDT,BUY,LIMIT,1702109741906,20058,0.010470
1000SHIBUSDT,BUY,LIMIT,1702109775928,50000,0.010482
1000SHIBUSDT,BUY,LIMIT,1702109910618,23543,0.010476
1000SHIBUSDT,BUY,LIMIT,1702110238246,8143,0.010471
1000SHIBUSDT,SELL,LIMIT,1702110915488,17849,0.010246
1000SHIBUSDT,SELL,LIMIT,1702110922753,160522,0.010242
1000SHIBUSDT,SELL,LIMIT,1702110946398,83164,0.010233
1000SHIBUSDT,SELL,LIMIT,1702110967487,15884,0.010224
1000SHIBUSDT,SELL,LIMIT,1702110972706,489,0.010212
1000SHIBUSDT,SELL,LIMIT,1702110974399,6703,0.010205
1000SHIBUSDT,SELL,LIMIT,1702110978335,28754,0.010203
1000SHIBUSDT,SELL,LIMIT,1702110979426,480399,0.010198
1000SHIBUSDT,SELL,LIMIT,1702110980812,4041,0.010187
1000SHIBUSDT,SELL,LIMIT,1702110982123,55738,0.010223
1000SHIBUSDT,SELL,LIMIT,1702110983332,50992,0.010182
1000SHIBUSDT,SELL,LIMIT,1702110984418,20000,0.010420
1000SHIBUSDT,SELL,LIMIT,1702110986336,765,0.010182
1000SHIBUSDT,SELL,LIMIT,1702110993224,168524,0.010172
1000SHIBUSDT,SELL,LIMIT,1702110996734,480300,0.010165
1000SHIBUSDT,SELL,LIMIT,1702111028249,327988,0.010155
1000SHIBUSDT,SELL,LIMIT,1702111029425,3979,0.010154
1000SHIBUSDT,SELL,LIMIT,1702111032364,20401,0.010157
1000SHIBUSDT,SELL,LIMIT,1702111035492,67089,0.010153
1000SHIBUSDT,SELL,LIMIT,1702111037107,370945,0.010131
1000SHIBUSDT,SELL,LIMIT,1702111038200,40000,0.010139
1000SHIBUSDT,SELL,LIMIT,1702111040619,120146,0.010120
1000SHIBUSDT,SELL,LIMIT,1702111041828,524106,0.010114
1000SHIBUSDT,SELL,LIMIT,1702111043324,188120,0.010106
1000SHIBUSDT,SELL,LIMIT,1702111044558,483509,0.010106
1000SHIBUSDT,SELL,LIMIT,1702111045569,333660,0.010095
1000SHIBUSDT,SELL,LIMIT,1702111046669,23089,0.010097
1000SHIBUSDT,SELL,LIMIT,1702111082427,11946,0.010100
1000SHIBUSDT,SELL,LIMIT,1702111200144,197702,0.010089
1000SHIBUSDT,SELL,LIMIT,1702111203439,32954,0.010087
1000SHIBUSDT,SELL,LIMIT,1702111207171,70952,0.010084
1000SHIBUSDT,SELL,LIMIT,1702111208496,437610,0.010085
1000SHIBUSDT,SELL,LIMIT,1702111377735,38422,0.010082
1000SHIBUSDT,SELL,LIMIT,1702111380424,33408,0.010078
1000SHIBUSDT,SELL,LIMIT,1702111382841,9070,0.010070
1000SHIBUSDT,SELL,LIMIT,1702111385219,159963,0.010065
1000SHIBUSDT,SELL,LIMIT,1702111386773,5562,0.010067
1000SHIBUSDT,SELL,LIMIT,1702111388268,364024,0.010064
1000SHIBUSDT,SELL,LIMIT,1702111389351,36359,0.010046
1000SHIBUSDT,SELL,LIMIT,1702111390516,20544,0.010044
1000SHIBUSDT,SELL,LIMIT,1702111391827,1150,0.010034
1000SHIBUSDT,SELL,LIMIT,1702111393064,1158636,0.010023
1000SHIBUSDT,BUY,LIMIT,1702113962195,524,0.010402
1000SHIBUSDT,BUY,LIMIT,1702113971575,490,0.010410
1000SHIBUSDT,BUY,LIMIT,1702113980398,148157,0.010410
1000SHIBUSDT,BUY,LIMIT,1702114252036,490152,0.010383
1000SHIBUSDT,SELL,LIMIT,1702114674125,6101,0.010236
1000SHIBUSDT,BUY,LIMIT,1702117052472,1342199,0.010432
1000SHIBUSDT,BUY,LIMIT,1702117096739,3496,0.010433
1000SHIBUSDT,BUY,LIMIT,1702117130895,179423,0.010465
1000SHIBUSDT,BUY,LIMIT,1702117161350,705,0.010472
1000SHIBUSDT,BUY,LIMIT,1702117213119,1920,0.010489
1000SHIBUSDT,BUY,LIMIT,1702117420666,1289,0.010502
1000SHIBUSDT,BUY,LIMIT,1702118536746,18624,0.010509
1000SHIBUSDT,BUY,LIMIT,1702118804712,3575,0.010513
1000SHIBUSDT,SELL,LIMIT,1702119252845,836,0.010672
1000SHIBUSDT,SELL,LIMIT,1702121126871,14419,0.010231
1000SHIBUSDT,SELL,LIMIT,1702121150470,2768,0.010220
1000SHIBUSDT,SELL,LIMIT,1702124853878,9864,0.010183
1000SHIBUSDT,SELL,LIMIT,1702124915378,7989,0.010180
1000SHIBUSDT,SELL,LIMIT,1702124918039,46286,0.010171
1000SHIBUSDT,SELL,LIMIT,1702125021606,79410,0.010167
1000SHIBUSDT,SELL,LIMIT,1702125024971,67991,0.010164
1000SHIBUSDT,SELL,LIMIT,1702125075878,693,0.010181
1000SHIBUSDT,SELL,LIMIT,1702125882890,269078,0.010202
1000SHIBUSDT,SELL,LIMIT,1702127635971,36161,0.010201
1000SHIBUSDT,SELL,LIMIT,1702127832870,22427,0.010194
1000SHIBUSDT,SELL,LIMIT,1702128602553,189400,0.010156
1000SHIBUSDT,SELL,LIMIT,1702128656824,1863,0.010147
1000SHIBUSDT,SELL,LIMIT,1702128687188,5000,0.010133
1000SHIBUSDT,SELL,LIMIT,1702128705167,483605,0.010124
1000SHIBUSDT,SELL,LIMIT,1702128706607,535,0.010123
1000SHIBUSDT,SELL,LIMIT,1702132708928,9065,0.010157
1000SHIBUSDT,SELL,LIMIT,1702132815729,3670,0.010135
1000SHIBUSDT,SELL,LIMIT,1702132837512,3287,0.010126
1000SHIBUSDT,SELL,LIMIT,1702132902436,1467,0.010135
1000SHIBUSDT,SELL,LIMIT,1702132953140,39363,0.010120
1000SHIBUSDT,SELL,LIMIT,1702132965110,48449,0.010112
1000SHIBUSDT,SELL,LIMIT,1702132966238,86285,0.010109
1000SHIBUSDT,SELL,LIMIT,1702132967326,29647,0.010101
1000SHIBUSDT,SELL,LIMIT,1702132983103,25449,0.010095
1000SHIBUSDT,SELL,LIMIT,1702132991323,15306,0.010094
1000SHIBUSDT,SELL,LIMIT,1702132996224,19747,0.010088
1000SHIBUSDT,SELL,LIMIT,1702132997457,85727,0.010108
1000SHIBUSDT,SELL,LIMIT,1702132999633,2825,0.010077
1000SHIBUSDT,SELL,LIMIT,1702133003397,4567334,0.010057
1000SHIBUSDT,SELL,LIMIT,1702133004773,6697,0.010071
1000SHIBUSDT,SELL,LIMIT,1702133006076,2488,0.010132
1000SHIBUSDT,SELL,LIMIT,1702133007286,36415,0.010246
1000SHIBUSDT,SELL,LIMIT,1702133008313,4712,0.010055
1000SHIBUSDT,SELL,LIMIT,1702133009420,16775,0.010048
1000SHIBUSDT,SELL,LIMIT,1702133331554,2335984,0.010055
1000SHIBUSDT,SELL,LIMIT,1702133332768,1187938,0.010052
1000SHIBUSDT,SELL,LIMIT,1702133394359,1895,0.010060
