Symbol,Side,Order Type,Time,Quantity,Price
1000LUNCUSDT,SELL,LIMIT,1700989227259,5905,0.0790074
1000LUNCUSDT,SELL,LIMIT,1700990913014,315,0.0789257
1000LUNCUSDT,SELL,LIMIT,1700990914694,13402,0.0788500
1000LUNCUSDT,SELL,LIMIT,1700990919783,9748,0.0787746
1000LUNCUSDT,SELL,LIMIT,1700990958340,21423,0.0786965
1000LUNCUSDT,SELL,LIMIT,1700990961908,309,0.0785910
1000LUNCUSDT,SELL,LIMIT,1700991001258,62421,0.0783865
1000LUNCUSDT,SELL,LIMIT,1700991002826,2198,0.0783238
1000LUNCUSDT,SELL,LIMIT,1700993599878,31861,0.0782801
1000LUNCUSDT,SELL,LIMIT,1700994820504,26315,0.0782389
1000LUNCUSDT,SELL,LIMIT,1700994900117,23300,0.0781431
1000LUNCUSDT,SELL,LIMIT,1700995270606,61199,0.0781220
1000LUNCUSDT,SELL,LIMIT,1700995274022,784,0.0781113
1000LUNCUSDT,SELL,LIMIT,1700995275781,150,0.0780533
1000LUNCUSDT,BUY,LIMIT,1700996137545,3041,0.0805542
1000LUNCUSDT,BUY,LIMIT,1700996853070,5482,0.0814845
1000LUNCUSDT,BUY,LIMIT,1700996873299,877,0.0816680
1000LUNCUSDT,BUY,LIMIT,1700997588885,27481,0.0818083
1000LUNCUSDT,BUY,LIMIT,1700997642085,15642,0.0821513
1000LUNCUSDT,BUY,LIMIT,1700997648109,5038,0.0821652
1000LUNCUSDT,BUY,LIMIT,1700997670028,41120,0.0822630
1000LUNCUSDT,BUY,LIMIT,1700998735234,2399,0.0825081
1000LUNCUSDT,BUY,LIMIT,1700998938084,7793,0.0826833
1000LUNCUSDT,BUY,LIMIT,1700999773542,1351,0.0827371
1000LUNCUSDT,BUY,LIMIT,1700999931464,1328,0.0827492
1000LUNCUSDT,BUY,LIMIT,1701000182318,1991,0.0827044
1000LUNCUSDT,BUY,LIMIT,1701000231284,511,0.0828906
1000LUNCUSDT,SELL,LIMIT,1701000435531,2612,0.0805048
1000LUNCUSDT,SELL,LIMIT,1701000551427,8964,0.0804005
1000LUNCUSDT,SELL,LIMIT,1701000605609,667,0.0802702
1000LUNCUSDT,SELL,LIMIT,1701000615703,20197,0.0802143
1000LUNCUSDT,SELL,LIMIT,1701000617520,74,0.0801838
1000LUNCUSDT,SELL,LIMIT,1701000620494,7644,0.0801485
1000LUNCUSDT,SELL,LIMIT,1701000637192,763,0.0800761
1000LUNCUSDT,SELL,LIMIT,1701000644337,2422,0.0799251
1000LUNCUSDT,SELL,LIMIT,1701001500438,4510,0.0828452
1000LUNCUSDT,SELL,LIMIT,1701001503071,12885,0.0820151
1000LUNCUSDT,SELL,LIMIT,1701002410207,12780,0.0797275
1000LUNCUSDT,SELL,LIMIT,1701002411267,37337,0.0796700
1000LUNCUSDT,SELL,LIMIT,1701002495221,36850,0.0797545
1000LUNCUSDT,SELL,LIMIT,1701005171712,24576,0.0797620
1000LUNCUSDT,SELL,LIMIT,1701005173506,10332,0.0797248
1000LUNCUSDT,BUY,LIMIT,1701006918141,32535,0.0827792
1000LUNCUSDT,BUY,LIMIT,1701006920079,702,0.0829916
1000LUNCUSDT,SELL,LIMIT,1701007979059,1093,0.0804360
1000LUNCUSDT,SELL,LIMIT,1701008258232,3165,0.0802015
1000LUNCUSDT,SELL,LIMIT,1701008372987,110,0.0800768
1000LUNCUSDT,SELL,LIMIT,1701008446602,498,0.0798990
1000LUNCUSDT,SELL,LIMIT,1701008449241,15423,0.0799686
1000LUNCUSDT,SELL,LIMIT,1701008450323,40000,0.0798891
1000LUNCUSDT,SELL,LIMIT,1701008465979,1216,0.0798180
1000LUNCUSDT,SELL,LIMIT,1701008480174,2957,0.0797227
1000LUNCUSDT,SELL,LIMIT,1701008674579,21208,0.0796164
1000LUNCUSDT,SELL,LIMIT,1701008694681,979,0.0795749
1000LUNCUSDT,SELL,LIMIT,1701009179266,61234,0.0798998
1000LUNCUSDT,SELL,LIMIT,1701009261678,10578,0.0797730
1000LUNCUSDT,SELL,LIMIT,1701009264156,192,0.0809203
1000LUNCUSDT,SELL,LIMIT,1701009266265,32097,0.0794720
1000LUNCUSDT,SELL,LIMIT,1701009267613,59669,0.0794690
1000LUNCUSDT,SELL,LIMIT,1701009269051,2000,0.0793489
1000LUNCUSDT,SELL,LIMIT,1701009270308,1169,0.0792916
1000LUNCUSDT,SELL,LIMIT,1701009271563,61946,0.0791993
1000LUNCUSDT,SELL,LIMIT,1701009273102,1239,0.0789024
1000LUNCUSDT,SELL,LIMIT,1701009274146,3136,0.0790631
1000LUNCUSDT,SELL,LIMIT,1701009275231,4323,0.0787852
1000LUNCUSDT,SELL,LIMIT,1701009277071,3798,0.0786698
1000LUNCUSDT,SELL,LIMIT,1701009278322,13499,0.0786655
1000LUNCUSDT,SELL,LIMIT,1701009281528,3279,0.0786517
1000LUNCUSDT,SELL,LIMIT,1701009288659,336,0.0786626
1000LUNCUSDT,SELL,LIMIT,1701009290349,3647,0.0785734
1000LUNCUSDT,SELL,LIMIT,1701010655674,1509,0.0789186
1000LUNCUSDT,SELL,LIMIT,1701010659349,74,0.0788748
1000LUNCUSDT,SELL,LIMIT,1701010747256,637,0.0790912
1000LUNCUSDT,BUY,LIMIT,1701010997409,1201,0.0814311
1000LUNCUSDT,BUY,LIMIT,1701011028464,36873,0.0815629
1000LUNCUSDT,BUY,LIMIT,1701011049441,3750,0.0817440
1000LUNCUSDT,BUY,LIMIT,1701011092475,63,0.0818459
1000LUNCUSDT,BUY,LIMIT,1701011142027,3070,0.0820260
1000LUNCUSDT,BUY,LIMIT,1701011237797,30959,0.0823408
1000LUNCUSDT,BUY,LIMIT,1701011319327,4042,0.0825411
1000LUNCUSDT,BUY,LIMIT,1701011322342,3955,0.0826878
1000LUNCUSDT,BUY,LIMIT,1701011460423,8880,0.0830738
1000LUNCUSDT,BUY,LIMIT,1701011481587,124756,0.0837196
1000LUNCUSDT,BUY,LIMIT,1701011484356,964,0.0831101
1000LUNCUSDT,BUY,LIMIT,1701011496378,1104,0.0832910
1000LUNCUSDT,BUY,LIMIT,1701011504651,343,0.0833588
1000LUNCUSDT,BUY,LIMIT,1701011519009,11288,0.0834627
1000LUNCUSDT,BUY,LIMIT,1701011520291,484,0.0835974
1000LUNCUSDT,BUY,LIMIT,1701011524604,24408,0.0836684
1000LUNCUSDT,BUY,LIMIT,1701011631794,16509,0.0839180
1000LUNCUSDT,BUY,LIMIT,1701011639269,8116,0.0839712
1000LUNCUSDT,BUY,LIMIT,1701011640838,74981,0.0842430
1000LUNCUSDT,BUY,LIMIT,1701011680064,9170,0.0840114
1000LUNCUSDT,BUY,LIMIT,1701011681629,376,0.0840287
1000LUNCUSDT,BUY,LIMIT,1701011686852,6384,0.0840518
1000LUNCUSDT,BUY,LIMIT,1701011688732,24489,0.0840485
1000LUNCUSDT,BUY,LIMIT,1701011690967,3231,0.0840551
1000LUNCUSDT,BUY,LIMIT,1701011693501,127,0.0840626
1000LUNCUSDT,BUY,LIMIT,1701011703094,1291,0.0842246
1000LUNCUSDT,BUY,LIMIT,1701011704098,3970,0.0842401
1000LUNCUSDT,BUY,LIMIT,1701011705607,1810,0.0843310
1000LUNCUSDT,BUY,LIMIT,1701011717369,300,0.0844126
1000LUNCUSDT,BUY,LIMIT,1701011723088,3252,0.0846519
1000LUNCUSDT,BUY,LIMIT,1701011759228,198,0.0846948
1000LUNCUSDT,BUY,LIMIT,1701011766166,11654,0.0847602
1000LUNCUSDT,BUY,LIMIT,1701011767371,1414,0.0848158
1000LUNCUSDT,BUY,LIMIT,1701011782953,569,0.0848398
1000LUNCUSDT,BUY,LIMIT,1701011789658,7079,0.0848409
1000LUNCUSDT,BUY,LIMIT,1701011792221,9930,0.0848943
1000LUNCUSDT,BUY,LIMIT,1701011881133,134,0.0849499
1000LUNCUSDT,BUY,LIMIT,1701011882991,77165,0.0852962
1000LUNCUSDT,BUY,LIMIT,1701011888882,4092,0.0850673
1000LUNCUSDT,BUY,LIMIT,1701011924025,3506,0.0853455
1000LUNCUSDT,BUY,LIMIT,1701011931042,59618,0.0854513
1000LUNCUSDT,BUY,LIMIT,1701011932224,474,0.0853973
1000LUNCUSDT,BUY,LIMIT,1701011936301,32701,0.0855065
1000LUNCUSDT,BUY,LIMIT,1701011941345,62227,0.0855818
1000LUNCUSDT,BUY,LIMIT,1701012179164,2977,0.0856063
1000LUNCUSDT,BUY,LIMIT,1701012202952,391,0.0856580
1000LUNCUSDT,BUY,LIMIT,1701012210750,4377,0.0857702
1000LUNCUSDT,BUY,LIMIT,1701012216679,35263,0.0858343
1000LUNCUSDT,BUY,LIMIT,1701012218040,25880,0.0858774
1000LUNCUSDT,BUY,LIMIT,1701012219135,59115,0.0858894
1000LUNCUSDT,BUY,LIMIT,1701012351791,1207,0.0860200
1000LUNCUSDT,BUY,LIMIT,1701012357365,243,0.0860836
1000LUNCUSDT,BUY,LIMIT,1701012358525,2281,0.0860711
1000LUNCUSDT,BUY,LIMIT,1701012411058,6414,0.0862010
1000LUNCUSDT,BUY,LIMIT,1701012446059,168776,0.0871295
1000LUNCUSDT,BUY,LIMIT,1701012448296,6297,0.0863701
1000LUNCUSDT,BUY,LIMIT,1701012450212,4365,0.0863969
1000LUNCUSDT,BUY,LIMIT,1701012451348,130,0.0865345
1000LUNCUSDT,BUY,LIMIT,1701012453149,3614,0.0865958
1000LUNCUSDT,BUY,LIMIT,1701012462182,15521,0.0867096
1000LUNCUSDT,BUY,LIMIT,1701012465010,779,0.0867513
1000LUNCUSDT,BUY,LIMIT,1701012472828,2797,0.0868995
1000LUNCUSDT,BUY,LIMIT,1701012474465,428,0.0870416
1000LUNCUSDT,BUY,LIMIT,1701012483074,6148,0.0873568
1000LUNCUSDT,BUY,LIMIT,1701012484131,1549,0.0873624
1000LUNCUSDT,BUY,LIMIT,1701012485261,41263,0.0875409
1000LUNCUSDT,BUY,LIMIT,1701012486515,94,0.0877211
1000LUNCUSDT,BUY,LIMIT,1701012496750,39163,0.0878163
1000LUNCUSDT,BUY,LIMIT,1701012501439,383,0.0878928
1000LUNCUSDT,BUY,LIMIT,1701012508509,74566,0.0881723
1000LUNCUSDT,BUY,LIMIT,1701012522141,14633,0.0879122
1000LUNCUSDT,BUY,LIMIT,1701012531130,6566,0.0880743
1000LUNCUSDT,BUY,LIMIT,1701012532375,2800,0.0880842
1000LUNCUSDT,BUY,LIMIT,1701012553728,2383,0.0882479
1000LUNCUSDT,BUY,LIMIT,1701012554920,8963,0.0883138
1000LUNCUSDT,BUY,LIMIT,1701012555939,124,0.0884108
1000LUNCUSDT,BUY,LIMIT,1701012557137,1949,0.0884900
1000LUNCUSDT,BUY,LIMIT,1701012562406,58407,0.0885710
1000LUNCUSDT,BUY,LIMIT,1701012566721,32062,0.0886031
1000LUNCUSDT,BUY,LIMIT,1701012569109,34,0.0886474
1000LUNCUSDT,BUY,LIMIT,1701012571277,59171,0.0887011
1000LUNCUSDT,BUY,LIMIT,1701012573037,633,0.0887515
1000LUNCUSDT,SELL,LIMIT,1701012622047,5815,0.0859250
1000LUNCUSDT,SELL,LIMIT,1701012623170,608,0.0859299
1000LUNCUSDT,BUY,LIMIT,1701012651446,9888,0.0883736
1000LUNCUSDT,BUY,LIMIT,1701012653657,577,0.0883962
1000LUNCUSDT,BUY,LIMIT,1701012656605,10202,0.0885775
1000LUNCUSDT,BUY,LIMIT,1701012671046,337,0.0887754
1000LUNCUSDT,BUY,LIMIT,1701012673119,92067,0.0893367
1000LUNCUSDT,BUY,LIMIT,1701012674415,4230,0.0888144
1000LUNCUSDT,BUY,LIMIT,1701012677532,109097,0.0895889
1000LUNCUSDT,BUY,LIMIT,1701012681226,62,0.0890273
1000LUNCUSDT,BUY,LIMIT,1701012682704,634,0.0890561
1000LUNCUSDT,BUY,LIMIT,1701012684108,982,0.0892354
1000LUNCUSDT,BUY,LIMIT,1701012685286,763,0.0892325
1000LUNCUSDT,BUY,LIMIT,1701012689295,861,0.0893554
1000LUNCUSDT,BUY,LIMIT,1701012690793,5898,0.0894182
1000LUNCUSDT,BUY,LIMIT,1701012693393,2579,0.0894395
1000LUNCUSDT,BUY,LIMIT,1701012702642,79,0.0894590
1000LUNCUSDT,BUY,LIMIT,1701012705475,3247,0.0895234
1000LUNCUSDT,BUY,LIMIT,1701012713317,15241,0.0895917
1000LUNCUSDT,BUY,LIMIT,1701012716112,11627,0.0896650
1000LUNCUSDT,BUY,LIMIT,1701012728369,108,0.0896712
1000LUNCUSDT,BUY,LIMIT,1701012851191,13985,0.0897766
1000LUNCUSDT,BUY,LIMIT,1701012852359,3617,0.0897526
1000LUNCUSDT,BUY,LIMIT,1701012869373,477,0.0899864
1000LUNCUSDT,BUY,LIMIT,1701012870608,2496,0.0900152
1000LUNCUSDT,BUY,LIMIT,1701012872537,6298,0.0900633
1000LUNCUSDT,BUY,LIMIT,1701012874026,628,0.0901164
1000LUNCUSDT,BUY,LIMIT,1701012972486,311,0.0896815
1000LUNCUSDT,BUY,LIMIT,1701012988999,892,0.0899912
1000LUNCUSDT,BUY,LIMIT,1701012992505,237,0.0900920
1000LUNCUSDT,BUY,LIMIT,1701013010784,6097,0.0901836
1000LUNCUSDT,BUY,LIMIT,1701013013467,790,0.0902621
1000LUNCUSDT,BUY,LIMIT,1701013015724,80,0.0902836
1000LUNCUSDT,BUY,LIMIT,1701013017164,5681,0.0902968
1000LUNCUSDT,BUY,LIMIT,1701013020183,94,0.0903950
1000LUNCUSDT,BUY,LIMIT,1701013021484,293,0.0904079
1000LUNCUSDT,BUY,LIMIT,1701013022653,16021,0.0906588
1000LUNCUSDT,BUY,LIMIT,1701013023676,2262,0.0913465
1000LUNCUSDT,BUY,LIMIT,1701013055098,17311,0.0911979
1000LUNCUSDT,BUY,LIMIT,1701013057183,5894,0.0914003
1000LUNCUSDT,BUY,LIMIT,1701013058436,15144,0.0915324
1000LUNCUSDT,BUY,LIMIT,1701013059590,12221,0.0918451
1000LUNCUSDT,BUY,LIMIT,1701013060616,850,0.0919605
1000LUNCUSDT,BUY,LIMIT,1701013061736,13078,0.0920410
1000LUNCUSDT,BUY,LIMIT,1701013078799,1175,0.0920675
1000LUNCUSDT,BUY,LIMIT,1701013080282,8888,0.0920912
1000LUNCUSDT,BUY,LIMIT,1701013082124,939,0.0922008
1000LUNCUSDT,BUY,LIMIT,1701013084216,19537,0.0923490
1000LUNCUSDT,BUY,LIMIT,1701013085228,3015,0.0924150
1000LUNCUSDT,BUY,LIMIT,1701013086353,4679,0.0924346
1000LUNCUSDT,BUY,LIMIT,1701013088082,10232,0.0926484
1000LUNCUSDT,BUY,LIMIT,1701013123058,55011,0.0927147
1000LUNCUSDT,BUY,LIMIT,1701013124089,129,0.0927102
1000LUNCUSDT,BUY,LIMIT,1701013125165,2567,0.0927859
1000LUNCUSDT,BUY,LIMIT,1701013127709,30161,0.0928222
1000LUNCUSDT,BUY,LIMIT,1701013131621,102834,0.0935267
1000LUNCUSDT,BUY,LIMIT,1701013133346,2735,0.0929331
1000LUNCUSDT,BUY,LIMIT,1701013135048,61,0.0930457
1000LUNCUSDT,BUY,LIMIT,1701013136424,601,0.0930649
1000LUNCUSDT,BUY,LIMIT,1701013137465,2404,0.0933874
1000LUNCUSDT,BUY,LIMIT,1701013138603,4490,0.0934322
1000LUNCUSDT,BUY,LIMIT,1701013146723,15362,0.0936635
1000LUNCUSDT,BUY,LIMIT,1701013149052,80725,0.0941373
1000LUNCUSDT,BUY,LIMIT,1701013150271,26120,0.0937360
1000LUNCUSDT,BUY,LIMIT,1701013151727,29251,0.0937513
1000LUNCUSDT,BUY,LIMIT,1701013153042,13628,0.0939172
1000LUNCUSDT,BUY,LIMIT,1701013154229,951,0.0938043
1000LUNCUSDT,BUY,LIMIT,1701013155248,3762,0.0939878
1000LUNCUSDT,BUY,LIMIT,1701013156278,3334,0.0939471
1000LUNCUSDT,BUY,LIMIT,1701013157496,33992,0.0939989
1000LUNCUSDT,SELL,LIMIT,1701013180045,7100,0.0913242
1000LUNCUSDT,SELL,LIMIT,1701013181141,20635,0.0912628
1000LUNCUSDT,BUY,LIMIT,1701013271245,5532,0.0941016
1000LUNCUSDT,BUY,LIMIT,1701013272292,10761,0.0941572
1000LUNCUSDT,BUY,LIMIT,1701013273422,2222,0.0942470
1000LUNCUSDT,BUY,LIMIT,1701013274460,35210,0.0942468
1000LUNCUSDT,BUY,LIMIT,1701013275501,2560,0.0943048
1000LUNCUSDT,BUY,LIMIT,1701013285466,6808,0.0942827
1000LUNCUSDT,BUY,LIMIT,1701013287379,12193,0.0944827
1000LUNCUSDT,BUY,LIMIT,1701013314324,472,0.0945492
1000LUNCUSDT,BUY,LIMIT,1701013315389,3012,0.0946568
1000LUNCUSDT,BUY,LIMIT,1701013316400,282,0.0946972
1000LUNCUSDT,BUY,LIMIT,1701013317455,2717,0.0949676
1000LUNCUSDT,BUY,LIMIT,1701013318539,1943,0.0951951
1000LUNCUSDT,BUY,LIMIT,1701013320768,35539,0.0952833
1000LUNCUSDT,BUY,LIMIT,1701013324202,2406,0.0953048
1000LUNCUSDT,BUY,LIMIT,1701013404674,30956,0.0947459
1000LUNCUSDT,BUY,LIMIT,1701013418469,1241,0.0950785
1000LUNCUSDT,SELL,LIMIT,1701013477512,320,0.0921067
1000LUNCUSDT,SELL,LIMIT,1701013478797,1241,0.0920930
1000LUNCUSDT,SELL,LIMIT,1701013481112,1224,0.0920164
1000LUNCUSDT,SELL,LIMIT,1701013489324,5895,0.0918329
1000LUNCUSDT,SELL,LIMIT,1701013490333,4963,0.0919603
1000LUNCUSDT,SELL,LIMIT,1701013505461,2455,0.0916999
1000LUNCUSDT,SELL,LIMIT,1701013515253,20519,0.0916653
1000LUNCUSDT,SELL,LIMIT,1701013519464,615,0.0916291
1000LUNCUSDT,SELL,LIMIT,1701013520922,348,0.0914792
1000LUNCUSDT,SELL,LIMIT,1701013522148,7103,0.0913422
1000LUNCUSDT,SELL,LIMIT,1701013523316,10156,0.0914233
1000LUNCUSDT,SELL,LIMIT,1701013524366,175,0.0912666
1000LUNCUSDT,SELL,LIMIT,1701013526342,268,0.0911401
1000LUNCUSDT,SELL,LIMIT,1701013528271,13442,0.0910882
1000LUNCUSDT,SELL,LIMIT,1701013529373,20189,0.0909216
1000LUNCUSDT,SELL,LIMIT,1701013530381,4258,0.0904986
1000LUNCUSDT,SELL,LIMIT,1701013532163,278,0.0903853
1000LUNCUSDT,SELL,LIMIT,1701013533489,65,0.0904274
1000LUNCUSDT,SELL,LIMIT,1701013535293,168,0.0903140
1000LUNCUSDT,SELL,LIMIT,1701013536513,3079,0.0902920
1000LUNCUSDT,SELL,LIMIT,1701013537523,4447,0.0899187
1000LUNCUSDT,BUY,LIMIT,1701013575156,21671,0.0930159
1000LUNCUSDT,BUY,LIMIT,1701013576313,804,0.0932959
1000LUNCUSDT,BUY,LIMIT,1701013577327,20417,0.0930531
1000LUNCUSDT,BUY,LIMIT,1701013578354,5113,0.0934339
1000LUNCUSDT,BUY,LIMIT,1701013579764,111,0.0935867
1000LUNCUSDT,BUY,LIMIT,1701013581061,48404,0.0938216
1000LUNCUSDT,BUY,LIMIT,1701013582144,12308,0.0938285
1000LUNCUSDT,BUY,LIMIT,1701013583432,300,0.0939332
1000LUNCUSDT,BUY,LIMIT,1701013596268,6295,0.0945158
1000LUNCUSDT,BUY,LIMIT,1701013599052,16311,0.0947435
1000LUNCUSDT,BUY,LIMIT,1701013600260,80,0.0947655
1000LUNCUSDT,SELL,LIMIT,1701013698994,2419,0.0922067
1000LUNCUSDT,SELL,LIMIT,1701013704784,5624,0.0921586
1000LUNCUSDT,BUY,LIMIT,1701013708774,6111,0.0938573
1000LUNCUSDT,SELL,LIMIT,1701013710126,300,0.0919707
1000LUNCUSDT,SELL,LIMIT,1701013711132,10679,0.0917552
1000LUNCUSDT,SELL,LIMIT,1701013712430,53078,0.0914993
1000LUNCUSDT,SELL,LIMIT,1701013713450,8288,0.0915605
1000LUNCUSDT,BUY,LIMIT,1701013770189,7462,0.0944854
1000LUNCUSDT,BUY,LIMIT,1701013884867,857,0.0945224
1000LUNCUSDT,BUY,LIMIT,1701013899598,26375,0.0946739
1000LUNCUSDT,BUY,LIMIT,1701013901064,537,0.0948607
1000LUNCUSDT,BUY,LIMIT,1701013926027,2685,0.0949741
1000LUNCUSDT,BUY,LIMIT,1701013927157,2081,0.0951881
1000LUNCUSDT,BUY,LIMIT,1701013928186,10113,0.0952500
1000LUNCUSDT,BUY,LIMIT,1701013929376,5777,0.0951722
1000LUNCUSDT,BUY,LIMIT,1701013931617,619,0.0952618
1000LUNCUSDT,SELL,LIMIT,1701014156993,17632,0.0924063
1000LUNCUSDT,SELL,LIMIT,1701014158197,14581,0.0922269
1000LUNCUSDT,SELL,LIMIT,1701014159501,10888,0.0923016
1000LUNCUSDT,SELL,LIMIT,1701014160995,13401,0.0921389
1000LUNCUSDT,SELL,LIMIT,1701014163121,10860,0.0919804
1000LUNCUSDT,SELL,LIMIT,1701014164159,32041,0.0918593
1000LUNCUSDT,SELL,LIMIT,1701014166426,321,0.0918032
1000LUNCUSDT,SELL,LIMIT,1701014171174,639,0.0915043
1000LUNCUSDT,BUY,LIMIT,1701014317040,63,0.0947087
1000LUNCUSDT,BUY,LIMIT,1701014319414,53707,0.0949275
1000LUNCUSDT,BUY,LIMIT,1701014456075,4207,0.0948217
1000LUNCUSDT,BUY,LIMIT,1701014457083,23008,0.0948039
1000LUNCUSDT,BUY,LIMIT,1701014460139,22056,0.0949102
1000LUNCUSDT,BUY,LIMIT,1701014461546,7120,0.0950565
1000LUNCUSDT,BUY,LIMIT,1701014465365,445,0.0951153
1000LUNCUSDT,BUY,LIMIT,1701014470526,26735,0.0952693
1000LUNCUSDT,BUY,LIMIT,1701014472032,267,0.0954816
1000LUNCUSDT,BUY,LIMIT,1701014473043,390,0.0954455
1000LUNCUSDT,BUY,LIMIT,1701014474052,57,0.0956384
1000LUNCUSDT,BUY,LIMIT,1701014482975,2548,0.0957526
1000LUNCUSDT,BUY,LIMIT,1701014486429,12604,0.0958412
1000LUNCUSDT,BUY,LIMIT,1701014487452,67240,0.0962115
1000LUNCUSDT,BUY,LIMIT,1701014489089,10768,0.0962045
1000LUNCUSDT,BUY,LIMIT,1701014490094,13085,0.0962286
1000LUNCUSDT,BUY,LIMIT,1701014491258,765,0.0962644
1000LUNCUSDT,BUY,LIMIT,1701014507182,7015,0.0963725
1000LUNCUSDT,BUY,LIMIT,1701014552432,13291,0.0964283
1000LUNCUSDT,BUY,LIMIT,1701014553471,4538,0.0964980
1000LUNCUSDT,BUY,LIMIT,1701014556740,18393,0.0965329
1000LUNCUSDT,BUY,LIMIT,1701014561133,9269,0.0965998
1000LUNCUSDT,BUY,LIMIT,1701014562204,4538,0.0965762
1000LUNCUSDT,BUY,LIMIT,1701014563685,2025,0.0966581
1000LUNCUSDT,BUY,LIMIT,1701014565284,12705,0.0967048
1000LUNCUSDT,BUY,LIMIT,1701014566823,711,0.0967454
1000LUNCUSDT,BUY,LIMIT,1701014578055,5263,0.0968810
1000LUNCUSDT,BUY,LIMIT,1701014579187,1371,0.0968533
1000LUNCUSDT,BUY,LIMIT,1701014581261,1718,0.0969625
1000LUNCUSDT,BUY,LIMIT,1701014582477,1719,0.0969634
1000LUNCUSDT,BUY,LIMIT,1701014583811,4538,0.0970135
1000LUNCUSDT,BUY,LIMIT,1701014585155,12647,0.0970472
1000LUNCUSDT,BUY,LIMIT,1701014586231,141,0.0970286
1000LUNCUSDT,BUY,LIMIT,1701014587307,186,0.0972745
1000LUNCUSDT,BUY,LIMIT,1701014588366,45983,0.0973051
1000LUNCUSDT,BUY,LIMIT,1701014590330,5980,0.0974108
1000LUNCUSDT,BUY,LIMIT,1701014591394,5649,0.0973909
1000LUNCUSDT,BUY,LIMIT,1701014593282,5920,0.0974928
1000LUNCUSDT,BUY,LIMIT,1701014594353,2352,0.0975203
1000LUNCUSDT,BUY,LIMIT,1701014595466,234,0.0975382
1000LUNCUSDT,BUY,LIMIT,1701014605248,3222,0.0975806
1000LUNCUSDT,BUY,LIMIT,1701014606326,1711,0.0975937
1000LUNCUSDT,BUY,LIMIT,1701014608053,2860,0.0976349
1000LUNCUSDT,BUY,LIMIT,1701014609166,12844,0.0976198
1000LUNCUSDT,BUY,LIMIT,1701014614132,8452,0.0976896
1000LUNCUSDT,BUY,LIMIT,1701014615156,750,0.0977355
1000LUNCUSDT,BUY,LIMIT,1701014616160,14516,0.0979008
1000LUNCUSDT,BUY,LIMIT,1701014617211,3039,0.0979008
1000LUNCUSDT,BUY,LIMIT,1701014618215,134,0.0980095
1000LUNCUSDT,BUY,LIMIT,1701014619294,2885,0.0980240
1000LUNCUSDT,BUY,LIMIT,1701014620359,239,0.0980964
1000LUNCUSDT,BUY,LIMIT,1701014621400,531,0.0980763
1000LUNCUSDT,BUY,LIMIT,1701014629563,1495,0.0982127
1000LUNCUSDT,BUY,LIMIT,1701014630617,9284,0.0983194
1000LUNCUSDT,BUY,LIMIT,1701014631644,507,0.0984673
1000LUNCUSDT,BUY,LIMIT,1701014632750,849,0.0987240
1000LUNCUSDT,BUY,LIMIT,1701014633757,445,0.0989248
1000LUNCUSDT,BUY,LIMIT,1701014702138,1200,0.0989541
1000LUNCUSDT,BUY,LIMIT,1701014704483,21313,0.0989302
1000LUNCUSDT,BUY,LIMIT,1701014709287,5048,0.0990416
1000LUNCUSDT,BUY,LIMIT,1701014710294,215,0.0991857
1000LUNCUSDT,BUY,LIMIT,1701014712127,34935,0.0995871
1000LUNCUSDT,BUY,LIMIT,1701014713130,399,0.0995240
1000LUNCUSDT,BUY,LIMIT,1701014715063,11601,0.0996358
1000LUNCUSDT,BUY,LIMIT,1701014716073,4845,0.0996294
1000LUNCUSDT,BUY,LIMIT,1701014772448,1000,0.0997120
1000LUNCUSDT,BUY,LIMIT,1701014773646,1783,0.0997310
1000LUNCUSDT,BUY,LIMIT,1701014774708,7061,0.0998156
1000LUNCUSDT,BUY,LIMIT,1701014776249,4966,0.0998678
1000LUNCUSDT,BUY,LIMIT,1701014777320,2941,0.0998755
1000LUNCUSDT,BUY,LIMIT,1701014779171,13221,0.1000889
1000LUNCUSDT,BUY,LIMIT,1701014780175,45616,0.1001946
1000LUNCUSDT,BUY,LIMIT,1701014782130,13591,0.1003606
1000LUNCUSDT,BUY,LIMIT,1701014783207,19933,0.1003479
1000LUNCUSDT,BUY,LIMIT,1701014784234,5126,0.1003972
1000LUNCUSDT,BUY,LIMIT,1701014785297,1052,0.1005142
1000LUNCUSDT,BUY,LIMIT,1701014786387,3160,0.1005104
1000LUNCUSDT,BUY,LIMIT,1701014787491,9242,0.1005525
1000LUNCUSDT,BUY,LIMIT,1701014796338,4500,0.1006170
1000LUNCUSDT,BUY,LIMIT,1701014808050,1510,0.1007736
1000LUNCUSDT,BUY,LIMIT,1701014809111,49000,0.1006768
1000LUNCUSDT,BUY,LIMIT,1701014810118,20072,0.1012536
1000LUNCUSDT,BUY,LIMIT,1701014811145,1865,0.1010373
1000LUNCUSDT,BUY,LIMIT,1701014812167,141,0.1015626
1000LUNCUSDT,BUY,LIMIT,1701014813131,936,0.1020706
1000LUNCUSDT,BUY,LIMIT,1701014814225,11928,0.1021405
1000LUNCUSDT,BUY,LIMIT,1701014815227,185,0.1023555
1000LUNCUSDT,BUY,LIMIT,1701014816228,990,0.1029998
1000LUNCUSDT,BUY,LIMIT,1701014857050,24743,0.1024947
1000LUNCUSDT,BUY,LIMIT,1701014858089,74,0.1032207
1000LUNCUSDT,BUY,LIMIT,1701014859094,1816,0.1037024
1000LUNCUSDT,BUY,LIMIT,1701014860101,21260,0.1036677
1000LUNCUSDT,BUY,LIMIT,1701014861144,1991,0.1044823
1000LUNCUSDT,BUY,LIMIT,1701014862146,631,0.1045265
1000LUNCUSDT,BUY,LIMIT,1701014864097,3430,0.1048264
1000LUNCUSDT,BUY,LIMIT,1701014865117,2844,0.1047606
1000LUNCUSDT,BUY,LIMIT,1701014866262,76236,0.1054391
1000LUNCUSDT,BUY,LIMIT,1701014867325,3,0.1049543
1000LUNCUSDT,BUY,LIMIT,1701014868478,497,0.1050518
1000LUNCUSDT,BUY,LIMIT,1701014870045,33848,0.1053080
1000LUNCUSDT,BUY,LIMIT,1701014871109,6418,0.1054230
1000LUNCUSDT,BUY,LIMIT,1701014872251,818,0.1055843
1000LUNCUSDT,BUY,LIMIT,1701014878239,337,0.1056063
1000LUNCUSDT,BUY,LIMIT,1701014879993,5780,0.1056794
1000LUNCUSDT,BUY,LIMIT,1701014885307,2567,0.1057581
1000LUNCUSDT,BUY,LIMIT,1701014887150,11164,0.1057627
1000LUNCUSDT,BUY,LIMIT,1701014888209,105,0.1057871
1000LUNCUSDT,BUY,LIMIT,1701014906091,8698,0.1059100
1000LUNCUSDT,BUY,LIMIT,1701014907126,9848,0.1058146
1000LUNCUSDT,BUY,LIMIT,1701014908190,10932,0.1060508
1000LUNCUSDT,BUY,LIMIT,1701014909221,3108,0.1061504
1000LUNCUSDT,BUY,LIMIT,1701014910370,19845,0.1063750
1000LUNCUSDT,BUY,LIMIT,1701014914261,2631,0.1062013
1000LUNCUSDT,BUY,LIMIT,1701014915889,181,0.1063859
1000LUNCUSDT,BUY,LIMIT,1701014917138,2909,0.1064677
1000LUNCUSDT,BUY,LIMIT,1701014918207,3167,0.1065219
1000LUNCUSDT,BUY,LIMIT,1701014919248,25080,0.1065545
1000LUNCUSDT,BUY,LIMIT,1701014920250,459,0.1070790
1000LUNCUSDT,BUY,LIMIT,1701014921276,1032,0.1070585
1000LUNCUSDT,BUY,LIMIT,1701014922314,2417,0.1071453
1000LUNCUSDT,BUY,LIMIT,1701014923340,27881,0.1074347
1000LUNCUSDT,BUY,LIMIT,1701014924452,3299,0.1081839
1000LUNCUSDT,BUY,LIMIT,1701014931822,474,0.1083167
1000LUNCUSDT,BUY,LIMIT,1701014932840,43050,0.1085324
1000LUNCUSDT,BUY,LIMIT,1701014933887,4179,0.1089187
1000LUNCUSDT,BUY,LIMIT,1701014934931,4154,0.1091067
1000LUNCUSDT,BUY,LIMIT,1701014936059,20409,0.1096238
1000LUNCUSDT,BUY,LIMIT,1701014937066,887,0.1101251
1000LUNCUSDT,SELL,LIMIT,1701014945449,2878,0.1066925
1000LUNCUSDT,BUY,LIMIT,1701014955079,3898,0.1097863
1000LUNCUSDT,BUY,LIMIT,1701014957260,257,0.1105176
1000LUNCUSDT,SELL,LIMIT,1701014965229,11297,0.1068526
1000LUNCUSDT,SELL,LIMIT,1701014967409,5832,0.1066604
1000LUNCUSDT,SELL,LIMIT,1701014969039,11955,0.1063118
1000LUNCUSDT,SELL,LIMIT,1701014970105,4716,0.1061981
1000LUNCUSDT,SELL,LIMIT,1701014972366,108,0.1054590
1000LUNCUSDT,SELL,LIMIT,1701014973407,4674,0.1056670
1000LUNCUSDT,SELL,LIMIT,1701014974483,3204,0.1046052
1000LUNCUSDT,SELL,LIMIT,1701014993124,13027,0.1041830
1000LUNCUSDT,SELL,LIMIT,1701014994407,524,0.1043924
1000LUNCUSDT,SELL,LIMIT,1701014995414,6670,0.1039869
1000LUNCUSDT,SELL,LIMIT,1701014996432,15961,0.1036633
1000LUNCUSDT,SELL,LIMIT,1701014998055,5708,0.1026068
1000LUNCUSDT,SELL,LIMIT,1701014999144,2204,0.1028835
1000LUNCUSDT,SELL,LIMIT,1701015006369,32905,0.1023699
1000LUNCUSDT,SELL,LIMIT,1701015007399,478,0.1023722
1000LUNCUSDT,BUY,LIMIT,1701015016756,810,0.1046828
1000LUNCUSDT,BUY,LIMIT,1701015026704,353,0.1052346
1000LUNCUSDT,BUY,LIMIT,1701015028341,10163,0.1053426
1000LUNCUSDT,BUY,LIMIT,1701015029993,24236,0.1054999
1000LUNCUSDT,BUY,LIMIT,1701015031090,627,0.1058493
1000LUNCUSDT,BUY,LIMIT,1701015032288,2236,0.1061536
1000LUNCUSDT,BUY,LIMIT,1701015040691,4811,0.1066637
1000LUNCUSDT,SELL,LIMIT,1701015058260,23573,0.1039652
1000LUNCUSDT,SELL,LIMIT,1701015066105,10675,0.1034993
1000LUNCUSDT,BUY,LIMIT,1701015082191,3377,0.1068742
1000LUNCUSDT,BUY,LIMIT,1701015083662,17664,0.1069717
1000LUNCUSDT,BUY,LIMIT,1701015084726,4670,0.1071525
1000LUNCUSDT,BUY,LIMIT,1701015086698,192,0.1075270
1000LUNCUSDT,BUY,LIMIT,1701015101940,108,0.1076592
1000LUNCUSDT,SELL,LIMIT,1701015122207,825,0.1041398
1000LUNCUSDT,SELL,LIMIT,1701015123773,15079,0.1038741
1000LUNCUSDT,SELL,LIMIT,1701015124874,6803,0.1037567
1000LUNCUSDT,SELL,LIMIT,1701015126035,12856,0.1034768
1000LUNCUSDT,SELL,LIMIT,1701015127279,32769,0.1031523
1000LUNCUSDT,SELL,LIMIT,1701015128419,10459,0.1031080
1000LUNCUSDT,SELL,LIMIT,1701015129479,352,0.1028231
1000LUNCUSDT,SELL,LIMIT,1701015186429,6861,0.1026226
1000LUNCUSDT,SELL,LIMIT,1701015187603,121,0.1022948
1000LUNCUSDT,SELL,LIMIT,1701015191110,48053,0.1019460
1000LUNCUSDT,SELL,LIMIT,1701015192212,8882,0.1018127
1000LUNCUSDT,SELL,LIMIT,1701015193318,1236,0.1015882
1000LUNCUSDT,SELL,LIMIT,1701015194357,2995,0.1012727
1000LUNCUSDT,SELL,LIMIT,1701015195563,36192,0.1010808
1000LUNCUSDT,SELL,LIMIT,1701015198382,3778,0.1009760
1000LUNCUSDT,SELL,LIMIT,1701015200066,10008,0.1009439
1000LUNCUSDT,SELL,LIMIT,1701015201120,31204,0.1009607
1000LUNCUSDT,SELL,LIMIT,1701015204298,900,0.1011118
1000LUNCUSDT,BUY,LIMIT,1701015228401,3438,0.1041443
1000LUNCUSDT,SELL,LIMIT,1701015246656,3992,0.1012190
1000LUNCUSDT,SELL,LIMIT,1701015248046,372,0.1007894
1000LUNCUSDT,SELL,LIMIT,1701015249063,45719,0.1006557
1000LUNCUSDT,SELL,LIMIT,1701015250123,5697,0.1006021
1000LUNCUSDT,SELL,LIMIT,1701015251497,9030,0.1004019
1000LUNCUSDT,SELL,LIMIT,1701015252513,212,0.1000736
1000LUNCUSDT,SELL,LIMIT,1701015253544,1926,0.0999373
1000LUNCUSDT,BUY,LIMIT,1701015269045,830,0.1034786
1000LUNCUSDT,BUY,LIMIT,1701015270197,7025,0.1033649
1000LUNCUSDT,BUY,LIMIT,1701015274286,29401,0.1040202
1000LUNCUSDT,BUY,LIMIT,1701015275443,1836,0.1042270
1000LUNCUSDT,BUY,LIMIT,1701015280363,8808,0.1045294
1000LUNCUSDT,BUY,LIMIT,1701015282272,6858,0.1046118
1000LUNCUSDT,BUY,LIMIT,1701015283301,11457,0.1048170
1000LUNCUSDT,BUY,LIMIT,1701015284855,4924,0.1049227
1000LUNCUSDT,BUY,LIMIT,1701015286661,413,0.1049791
1000LUNCUSDT,SELL,LIMIT,1701015321218,4792,0.1020996
1000LUNCUSDT,SELL,LIMIT,1701015324028,4593,0.1017379
1000LUNCUSDT,SELL,LIMIT,1701015325078,6803,0.1017413
1000LUNCUSDT,SELL,LIMIT,1701015347382,115,0.1014501
1000LUNCUSDT,SELL,LIMIT,1701015353094,27635,0.1013562
1000LUNCUSDT,SELL,LIMIT,1701015354539,1099,0.1014607
1000LUNCUSDT,SELL,LIMIT,1701015356860,57,0.1013451
1000LUNCUSDT,SELL,LIMIT,1701015358198,1065,0.1011126
1000LUNCUSDT,SELL,LIMIT,1701015365878,2267,0.1010164
1000LUNCUSDT,SELL,LIMIT,1701015367331,9335,0.1008417
1000LUNCUSDT,SELL,LIMIT,1701015368653,15850,0.1005985
1000LUNCUSDT,SELL,LIMIT,1701015369766,2886,0.1004148
1000LUNCUSDT,SELL,LIMIT,1701015419259,2548,0.1003960
1000LUNCUSDT,SELL,LIMIT,1701015424509,48826,0.1003669
1000LUNCUSDT,SELL,LIMIT,1701015426295,286,0.1002072
1000LUNCUSDT,SELL,LIMIT,1701015428134,2883,0.0998603
1000LUNCUSDT,SELL,LIMIT,1701015429152,809,0.0997531
1000LUNCUSDT,SELL,LIMIT,1701015430166,22707,0.0995231
1000LUNCUSDT,SELL,LIMIT,1701015431194,4075,0.0993139
1000LUNCUSDT,SELL,LIMIT,1701015432274,150,0.0992028
1000LUNCUSDT,SELL,LIMIT,1701015433287,5392,0.0991180
1000LUNCUSDT,SELL,LIMIT,1701015476057,26005,0.0989979
1000LUNCUSDT,SELL,LIMIT,1701015477095,2180,0.0988970
1000LUNCUSDT,SELL,LIMIT,1701015478132,877,0.0988406
1000LUNCUSDT,SELL,LIMIT,1701015479186,14312,0.0987051
1000LUNCUSDT,SELL,LIMIT,1701015480227,1257,0.0987158
1000LUNCUSDT,SELL,LIMIT,1701015481286,1583,0.0985720
1000LUNCUSDT,SELL,LIMIT,1701015482481,1555,0.0985365
1000LUNCUSDT,SELL,LIMIT,1701015483577,14202,0.0984791
1000LUNCUSDT,SELL,LIMIT,1701015499213,1,0.0983458
1000LUNCUSDT,SELL,LIMIT,1701015500231,678,0.0984103
1000LUNCUSDT,SELL,LIMIT,1701015502117,4487,0.0983084
1000LUNCUSDT,SELL,LIMIT,1701015503140,378,0.0983042
1000LUNCUSDT,BUY,LIMIT,1701015536358,20953,0.1012901
1000LUNCUSDT,BUY,LIMIT,1701015537376,50115,0.1017320
1000LUNCUSDT,BUY,LIMIT,1701015541663,50085,0.1018066
1000LUNCUSDT,BUY,LIMIT,1701015545306,139,0.1018026
1000LUNCUSDT,BUY,LIMIT,1701015549210,698,0.1020576
1000LUNCUSDT,BUY,LIMIT,1701015551868,5795,0.1022513
1000LUNCUSDT,BUY,LIMIT,1701015554125,751,0.1023270
1000LUNCUSDT,BUY,LIMIT,1701015556785,1404,0.1024780
1000LUNCUSDT,BUY,LIMIT,1701015558395,11870,0.1025819
1000LUNCUSDT,SELL,LIMIT,1701015574642,20420,0.0994134
1000LUNCUSDT,SELL,LIMIT,1701015576105,4976,0.0992586
1000LUNCUSDT,SELL,LIMIT,1701015577230,1392,0.0992445
1000LUNCUSDT,SELL,LIMIT,1701015638243,246,0.1068504
1000LUNCUSDT,BUY,LIMIT,1701015647249,7342,0.1020521
1000LUNCUSDT,BUY,LIMIT,1701015649890,49552,0.1023272
1000LUNCUSDT,SELL,LIMIT,1701015675291,2627,0.0993133
1000LUNCUSDT,SELL,LIMIT,1701015682352,100,0.0998029
1000LUNCUSDT,BUY,LIMIT,1701015697196,49775,0.1024109
1000LUNCUSDT,BUY,LIMIT,1701015699492,49800,0.1025410
1000LUNCUSDT,BUY,LIMIT,1701015704058,21864,0.1026321
1000LUNCUSDT,BUY,LIMIT,1701015705117,2488,0.1027032
1000LUNCUSDT,BUY,LIMIT,1701015709230,440,0.1027302
1000LUNCUSDT,BUY,LIMIT,1701015710341,4948,0.1030285
1000LUNCUSDT,BUY,LIMIT,1701015711904,13797,0.1030845
1000LUNCUSDT,BUY,LIMIT,1701015713702,10066,0.1031138
1000LUNCUSDT,BUY,LIMIT,1701015716107,1000,0.1034598
1000LUNCUSDT,BUY,LIMIT,1701015727765,2211,0.1034491
1000LUNCUSDT,BUY,LIMIT,1701015732297,91,0.1036326
1000LUNCUSDT,BUY,LIMIT,1701015733707,2555,0.1037111
1000LUNCUSDT,SELL,LIMIT,1701015741519,22245,0.1004910
1000LUNCUSDT,SELL,LIMIT,1701015809031,3923,0.1002217
1000LUNCUSDT,SELL,LIMIT,1701015810087,310,0.0999285
1000LUNCUSDT,SELL,LIMIT,1701015827481,1752,0.0997867
1000LUNCUSDT,SELL,LIMIT,1701015830442,375,0.0997044
1000LUNCUSDT,SELL,LIMIT,1701015831606,20708,0.0995183
1000LUNCUSDT,SELL,LIMIT,1701015848034,97,0.0991554
1000LUNCUSDT,SELL,LIMIT,1701015849099,969,0.0991205
1000LUNCUSDT,SELL,LIMIT,1701015857052,192,0.0990762
1000LUNCUSDT,SELL,LIMIT,1701015861588,81,0.0989117
1000LUNCUSDT,SELL,LIMIT,1701015863066,12534,0.0988247
1000LUNCUSDT,SELL,LIMIT,1701015865740,2419,0.0987936
1000LUNCUSDT,SELL,LIMIT,1701015867248,6544,0.0987075
1000LUNCUSDT,SELL,LIMIT,1701015873572,2331,0.0991669
1000LUNCUSDT,BUY,LIMIT,1701015913109,47962,0.1016946
1000LUNCUSDT,BUY,LIMIT,1701016030241,73,0.1019257
1000LUNCUSDT,BUY,LIMIT,1701016031283,2244,0.1017684
1000LUNCUSDT,BUY,LIMIT,1701016035515,1557,0.1012981
1000LUNCUSDT,SELL,LIMIT,1701016042798,41273,0.1002035
1000LUNCUSDT,SELL,LIMIT,1701016044145,13190,0.0995543
1000LUNCUSDT,SELL,LIMIT,1701016045546,880,0.0999774
1000LUNCUSDT,SELL,LIMIT,1701016046582,5115,0.0993836
1000LUNCUSDT,SELL,LIMIT,1701016047759,535,0.0993466
1000LUNCUSDT,SELL,LIMIT,1701016049329,255,0.0993664
1000LUNCUSDT,BUY,LIMIT,1701016051107,49,0.1009998
1000LUNCUSDT,BUY,LIMIT,1701016092542,55,0.1019804
1000LUNCUSDT,BUY,LIMIT,1701016094039,526,0.1020111
1000LUNCUSDT,SELL,LIMIT,1701016100062,137,0.1000938
1000LUNCUSDT,SELL,LIMIT,1701016101196,74,0.1001008
1000LUNCUSDT,SELL,LIMIT,1701016103214,3417,0.1001807
1000LUNCUSDT,BUY,LIMIT,1701016108785,49906,0.1021700
1000LUNCUSDT,BUY,LIMIT,1701016112430,24922,0.1021901
1000LUNCUSDT,BUY,LIMIT,1701016114307,20062,0.1023962
1000LUNCUSDT,BUY,LIMIT,1701016115398,13261,0.1024313
1000LUNCUSDT,BUY,LIMIT,1701016117126,1918,0.1026903
1000LUNCUSDT,BUY,LIMIT,1701016148547,5671,0.1030558
1000LUNCUSDT,BUY,LIMIT,1701016151522,5426,0.1031635
1000LUNCUSDT,BUY,LIMIT,1701016153075,51,0.1033313
1000LUNCUSDT,BUY,LIMIT,1701016157512,19671,0.1035048
1000LUNCUSDT,BUY,LIMIT,1701016159697,7384,0.1035662
1000LUNCUSDT,SELL,LIMIT,1701016227819,3373,0.1004704
1000LUNCUSDT,SELL,LIMIT,1701016230027,1882,0.1003412
1000LUNCUSDT,SELL,LIMIT,1701016239512,9769,0.1000727
1000LUNCUSDT,SELL,LIMIT,1701016242360,48680,0.1000415
1000LUNCUSDT,SELL,LIMIT,1701016251253,4162,0.0998998
1000LUNCUSDT,SELL,LIMIT,1701016258726,99,0.0998543
1000LUNCUSDT,SELL,LIMIT,1701016260564,54,0.0998295
1000LUNCUSDT,SELL,LIMIT,1701016262397,105,0.0996850
1000LUNCUSDT,SELL,LIMIT,1701016268118,745,0.0995466
1000LUNCUSDT,SELL,LIMIT,1701016269246,8332,0.0994855
1000LUNCUSDT,SELL,LIMIT,1701016270403,1888,0.0994918
1000LUNCUSDT,SELL,LIMIT,1701016271557,473,0.0993179
1000LUNCUSDT,SELL,LIMIT,1701016283826,9926,0.0992331
1000LUNCUSDT,SELL,LIMIT,1701016292794,3959,0.0990329
1000LUNCUSDT,SELL,LIMIT,1701016294871,2990,0.0988892
1000LUNCUSDT,SELL,LIMIT,1701016296527,1009,0.0987995
1000LUNCUSDT,SELL,LIMIT,1701016301455,397,0.0987214
1000LUNCUSDT,SELL,LIMIT,1701016302648,1629,0.0984316
1000LUNCUSDT,SELL,LIMIT,1701016307086,724,0.0982502
1000LUNCUSDT,SELL,LIMIT,1701016308081,39653,0.0983015
1000LUNCUSDT,SELL,LIMIT,1701016309126,203,0.0979720
1000LUNCUSDT,SELL,LIMIT,1701016310126,1454,0.0977694
1000LUNCUSDT,SELL,LIMIT,1701016311266,2046,0.0975935
1000LUNCUSDT,SELL,LIMIT,1701016316235,441,0.0975745
1000LUNCUSDT,SELL,LIMIT,1701016317273,1382,0.0972897
1000LUNCUSDT,SELL,LIMIT,1701016318275,10090,0.0971905
1000LUNCUSDT,SELL,LIMIT,1701016319358,529,0.0969395
1000LUNCUSDT,SELL,LIMIT,1701016326315,9068,0.0969496
1000LUNCUSDT,SELL,LIMIT,1701016327299,988,0.0969006
1000LUNCUSDT,SELL,LIMIT,1701016328459,15413,0.0967103
1000LUNCUSDT,SELL,LIMIT,1701016329461,37439,0.0964066
1000LUNCUSDT,SELL,LIMIT,1701016330493,129,0.0962131
1000LUNCUSDT,SELL,LIMIT,1701016374562,4752,0.0961353
1000LUNCUSDT,SELL,LIMIT,1701016375612,985,0.0959084
1000LUNCUSDT,SELL,LIMIT,1701016376622,14179,0.0956357
1000LUNCUSDT,SELL,LIMIT,1701016378266,2003,0.0955994
1000LUNCUSDT,SELL,LIMIT,1701016384209,84,0.0955982
1000LUNCUSDT,SELL,LIMIT,1701016385215,812,0.0954720
1000LUNCUSDT,SELL,LIMIT,1701016386274,866,0.0953993
1000LUNCUSDT,SELL,LIMIT,1701016387279,4725,0.0952522
1000LUNCUSDT,SELL,LIMIT,1701016389265,3370,0.0951906
1000LUNCUSDT,SELL,LIMIT,1701016391136,25017,0.0951349
1000LUNCUSDT,SELL,LIMIT,1701016392323,18352,0.0951096
1000LUNCUSDT,SELL,LIMIT,1701016427262,676,0.0951200
1000LUNCUSDT,SELL,LIMIT,1701016430432,2126,0.0954576
1000LUNCUSDT,SELL,LIMIT,1701016432445,1000,0.0951167
1000LUNCUSDT,SELL,LIMIT,1701016434107,10862,0.0950730
1000LUNCUSDT,SELL,LIMIT,1701016435195,14635,0.0950676
1000LUNCUSDT,SELL,LIMIT,1701016436268,1129,0.0950594
1000LUNCUSDT,SELL,LIMIT,1701016438894,15103,0.0950335
1000LUNCUSDT,SELL,LIMIT,1701016444874,12566,0.0949884
1000LUNCUSDT,SELL,LIMIT,1701016446068,83,0.0949593
1000LUNCUSDT,SELL,LIMIT,1701016447220,1639,0.0948907
1000LUNCUSDT,SELL,LIMIT,1701016448961,2059,0.0948445
1000LUNCUSDT,SELL,LIMIT,1701016449969,84,0.0948041
1000LUNCUSDT,SELL,LIMIT,1701016451059,20026,0.0944138
1000LUNCUSDT,SELL,LIMIT,1701016453268,600,0.0943838
1000LUNCUSDT,SELL,LIMIT,1701016506077,1056,0.0943639
1000LUNCUSDT,SELL,LIMIT,1701016508513,9475,0.0943266
1000LUNCUSDT,BUY,LIMIT,1701016555479,1830,0.0971811
1000LUNCUSDT,BUY,LIMIT,1701016578435,1771,0.0974030
1000LUNCUSDT,BUY,LIMIT,1701016581185,2947,0.0977601
1000LUNCUSDT,SELL,LIMIT,1701016619235,6388,0.0946531
1000LUNCUSDT,SELL,LIMIT,1701016623817,5668,0.0945893
1000LUNCUSDT,SELL,LIMIT,1701016626985,32569,0.0945894
1000LUNCUSDT,SELL,LIMIT,1701016629794,24754,0.0944782
1000LUNCUSDT,SELL,LIMIT,1701016631164,482,0.0941995
1000LUNCUSDT,SELL,LIMIT,1701016632185,433,0.0942207
1000LUNCUSDT,SELL,LIMIT,1701016633211,4535,0.0937594
1000LUNCUSDT,SELL,LIMIT,1701016635188,15486,0.0934065
1000LUNCUSDT,SELL,LIMIT,1701016636301,6000,0.0935136
1000LUNCUSDT,SELL,LIMIT,1701016637369,9832,0.0931963
1000LUNCUSDT,SELL,LIMIT,1701016638479,3672,0.0932484
1000LUNCUSDT,SELL,LIMIT,1701016652441,13517,0.0931661
1000LUNCUSDT,SELL,LIMIT,1701016654036,659,0.0927212
1000LUNCUSDT,SELL,LIMIT,1701016655041,3647,0.0929247
1000LUNCUSDT,SELL,LIMIT,1701016664583,3044,0.0926224
1000LUNCUSDT,SELL,LIMIT,1701016667188,3221,0.0925820
1000LUNCUSDT,SELL,LIMIT,1701016668590,20490,0.0925375
1000LUNCUSDT,BUY,LIMIT,1701016699607,1056,0.0954761
1000LUNCUSDT,BUY,LIMIT,1701016709177,486,0.0955450
1000LUNCUSDT,BUY,LIMIT,1701016712651,35310,0.0956917
1000LUNCUSDT,BUY,LIMIT,1701016739949,282,0.0958125
1000LUNCUSDT,BUY,LIMIT,1701016741101,9559,0.0958612
1000LUNCUSDT,BUY,LIMIT,1701016743964,499,0.0958612
1000LUNCUSDT,BUY,LIMIT,1701016746485,7743,0.0959490
1000LUNCUSDT,BUY,LIMIT,1701016795084,330,0.0960727
1000LUNCUSDT,BUY,LIMIT,1701016796282,1414,0.0961173
1000LUNCUSDT,BUY,LIMIT,1701016805875,12939,0.0963843
1000LUNCUSDT,BUY,LIMIT,1701016811663,461,0.0964649
1000LUNCUSDT,BUY,LIMIT,1701016814094,61,0.0965976
1000LUNCUSDT,BUY,LIMIT,1701016815314,1054,0.0967051
1000LUNCUSDT,BUY,LIMIT,1701016818837,10557,0.0968392
1000LUNCUSDT,BUY,LIMIT,1701016821556,4058,0.0969407
1000LUNCUSDT,BUY,LIMIT,1701016823177,1433,0.0971738
1000LUNCUSDT,BUY,LIMIT,1701016845301,199923,0.0983612
1000LUNCUSDT,BUY,LIMIT,1701016846438,378,0.0972825
1000LUNCUSDT,SELL,LIMIT,1701016896601,28597,0.0944713
1000LUNCUSDT,SELL,LIMIT,1701016968823,141,0.0943863
1000LUNCUSDT,SELL,LIMIT,1701016971606,883,0.0942108
1000LUNCUSDT,SELL,LIMIT,1701016973463,4874,0.0939425
1000LUNCUSDT,BUY,LIMIT,1701017043451,5368,0.0971093
1000LUNCUSDT,BUY,LIMIT,1701017044542,13733,0.0971019
1000LUNCUSDT,BUY,LIMIT,1701017054834,3901,0.0973137
1000LUNCUSDT,BUY,LIMIT,1701017061358,8787,0.0974768
1000LUNCUSDT,BUY,LIMIT,1701017062456,667,0.0976252
1000LUNCUSDT,BUY,LIMIT,1701017063497,3115,0.0976122
1000LUNCUSDT,BUY,LIMIT,1701017066257,1579,0.0979410
1000LUNCUSDT,BUY,LIMIT,1701017067349,9368,0.0979008
1000LUNCUSDT,BUY,LIMIT,1701017069046,51829,0.0982658
1000LUNCUSDT,BUY,LIMIT,1701017072059,2025,0.0981332
1000LUNCUSDT,BUY,LIMIT,1701017078269,408,0.0981619
1000LUNCUSDT,BUY,LIMIT,1701017079485,24963,0.0982285
1000LUNCUSDT,BUY,LIMIT,1701017088983,1524,0.0982708
1000LUNCUSDT,SELL,LIMIT,1701017121163,3711,0.0954005
1000LUNCUSDT,SELL,LIMIT,1701017140071,46474,0.0951872
1000LUNCUSDT,SELL,LIMIT,1701017141421,13554,0.0952535
1000LUNCUSDT,SELL,LIMIT,1701017142445,4350,0.0950880
1000LUNCUSDT,SELL,LIMIT,1701017145373,2738,0.0949991
1000LUNCUSDT,BUY,LIMIT,1701017170181,3955,0.0979173
1000LUNCUSDT,BUY,LIMIT,1701017209294,11810,0.0981670
1000LUNCUSDT,BUY,LIMIT,1701017217535,9344,0.0982842
1000LUNCUSDT,BUY,LIMIT,1701017221031,2205,0.0984116
1000LUNCUSDT,BUY,LIMIT,1701017224130,52077,0.0983909
1000LUNCUSDT,BUY,LIMIT,1701017232603,638,0.0984498
1000LUNCUSDT,BUY,LIMIT,1701017234125,1045,0.0985648
1000LUNCUSDT,SELL,LIMIT,1701017374399,809,0.0953477
1000LUNCUSDT,SELL,LIMIT,1701017376716,13203,0.0952705
1000LUNCUSDT,SELL,LIMIT,1701017377760,76,0.0951263
1000LUNCUSDT,SELL,LIMIT,1701017383259,85,0.0949348
1000LUNCUSDT,SELL,LIMIT,1701017384532,1616,0.0949455
1000LUNCUSDT,SELL,LIMIT,1701017386405,3065,0.0949146
1000LUNCUSDT,SELL,LIMIT,1701017411222,4234,0.0948432
1000LUNCUSDT,SELL,LIMIT,1701017413430,1830,0.0948769
1000LUNCUSDT,SELL,LIMIT,1701017416387,26542,0.0947528
1000LUNCUSDT,SELL,LIMIT,1701017417405,478,0.0947481
1000LUNCUSDT,SELL,LIMIT,1701017422172,2000,0.0946947
1000LUNCUSDT,SELL,LIMIT,1701017423518,411,0.0944678
1000LUNCUSDT,SELL,LIMIT,1701017434319,1318,0.0943510
1000LUNCUSDT,SELL,LIMIT,1701017455928,26082,0.0939523
1000LUNCUSDT,SELL,LIMIT,1701017496963,739,0.0947852
1000LUNCUSDT,BUY,LIMIT,1701017543954,6539,0.0968525
1000LUNCUSDT,BUY,LIMIT,1701017760586,353,0.0972856
1000LUNCUSDT,BUY,LIMIT,1701017842838,4623,0.0973474
1000LUNCUSDT,BUY,LIMIT,1701017844167,20875,0.0975349
1000LUNCUSDT,BUY,LIMIT,1701017851969,994,0.0975846
1000LUNCUSDT,SELL,LIMIT,1701017977625,202,0.0945960
1000LUNCUSDT,SELL,LIMIT,1701017981807,14351,0.0944024
1000LUNCUSDT,SELL,LIMIT,1701018014145,2482,0.0942760
1000LUNCUSDT,SELL,LIMIT,1701018015153,851,0.0942462
1000LUNCUSDT,SELL,LIMIT,1701018023048,10823,0.0940620
1000LUNCUSDT,SELL,LIMIT,1701018024153,104,0.0940987
1000LUNCUSDT,SELL,LIMIT,1701018025278,450,0.0939606
1000LUNCUSDT,SELL,LIMIT,1701018026491,254,0.0939956
1000LUNCUSDT,SELL,LIMIT,1701018027566,11575,0.0937507
1000LUNCUSDT,SELL,LIMIT,1701018029079,2782,0.0936315
1000LUNCUSDT,SELL,LIMIT,1701018030169,5434,0.0936220
1000LUNCUSDT,SELL,LIMIT,1701018031937,216,0.0935189
1000LUNCUSDT,BUY,LIMIT,1701018064035,3058,0.0965642
1000LUNCUSDT,BUY,LIMIT,1701018069121,2113,0.0966907
1000LUNCUSDT,BUY,LIMIT,1701018077696,1794,0.0969738
1000LUNCUSDT,BUY,LIMIT,1701018126757,17962,0.0969827
1000LUNCUSDT,BUY,LIMIT,1701018148444,35029,0.0971455
1000LUNCUSDT,BUY,LIMIT,1701018191769,5990,0.0974310
1000LUNCUSDT,SELL,LIMIT,1701018370114,1758,0.0945105
1000LUNCUSDT,BUY,LIMIT,1701018536625,135,0.0965595
1000LUNCUSDT,SELL,LIMIT,1701018694598,4638,0.0943542
1000LUNCUSDT,SELL,LIMIT,1701018696411,160,0.0943099
1000LUNCUSDT,SELL,LIMIT,1701018699086,278,0.0941782
1000LUNCUSDT,SELL,LIMIT,1701018700273,9483,0.0942035
1000LUNCUSDT,SELL,LIMIT,1701018702604,6309,0.0938531
1000LUNCUSDT,SELL,LIMIT,1701018707524,5400,0.0938346
1000LUNCUSDT,SELL,LIMIT,1701018709350,239,0.0937850
1000LUNCUSDT,SELL,LIMIT,1701018711343,52094,0.0936930
1000LUNCUSDT,SELL,LIMIT,1701018712373,582,0.0937217
1000LUNCUSDT,SELL,LIMIT,1701018715057,204,0.0934423
1000LUNCUSDT,SELL,LIMIT,1701018717713,1585,0.0934282
1000LUNCUSDT,SELL,LIMIT,1701018719174,2731,0.0932370
1000LUNCUSDT,SELL,LIMIT,1701018760083,5263,0.0931191
1000LUNCUSDT,SELL,LIMIT,1701018761106,3161,0.0930714
1000LUNCUSDT,SELL,LIMIT,1701018762274,377,0.0927260
1000LUNCUSDT,SELL,LIMIT,1701018763362,1443,0.0925903
1000LUNCUSDT,SELL,LIMIT,1701018771186,12141,0.0925390
1000LUNCUSDT,SELL,LIMIT,1701018772413,1930,0.0925788
1000LUNCUSDT,SELL,LIMIT,1701018773419,1524,0.0924520
1000LUNCUSDT,SELL,LIMIT,1701018802176,3832,0.0925203
1000LUNCUSDT,SELL,LIMIT,1701018813100,56,0.0924190
1000LUNCUSDT,SELL,LIMIT,1701018822617,5576,0.0924166
1000LUNCUSDT,SELL,LIMIT,1701018824059,6891,0.0923234
1000LUNCUSDT,BUY,LIMIT,1701018908032,6395,0.0951392
1000LUNCUSDT,SELL,LIMIT,1701018995059,1044,0.0923013
1000LUNCUSDT,SELL,LIMIT,1701018996078,22683,0.0922824
1000LUNCUSDT,SELL,LIMIT,1701018999794,315,0.0921657
1000LUNCUSDT,SELL,LIMIT,1701019001080,345,0.0921108
1000LUNCUSDT,SELL,LIMIT,1701019002092,6136,0.0917603
1000LUNCUSDT,SELL,LIMIT,1701019003103,19318,0.0917548
1000LUNCUSDT,SELL,LIMIT,1701019004110,250,0.0915346
1000LUNCUSDT,SELL,LIMIT,1701019005092,658,0.0915433
1000LUNCUSDT,BUY,LIMIT,1701019056688,17854,0.0944368
1000LUNCUSDT,BUY,LIMIT,1701019060373,53007,0.0946853
1000LUNCUSDT,BUY,LIMIT,1701019076232,6830,0.0951013
1000LUNCUSDT,BUY,LIMIT,1701019077307,10125,0.0949757
1000LUNCUSDT,BUY,LIMIT,1701019078356,1393,0.0951487
1000LUNCUSDT,BUY,LIMIT,1701019082180,5236,0.0952888
1000LUNCUSDT,BUY,LIMIT,1701019091435,7020,0.0953107
1000LUNCUSDT,BUY,LIMIT,1701019093182,18098,0.0955570
1000LUNCUSDT,BUY,LIMIT,1701019192294,249,0.0955573
1000LUNCUSDT,BUY,LIMIT,1701019291474,29,0.0940803
1000LUNCUSDT,BUY,LIMIT,1701019292510,53498,0.0957412
1000LUNCUSDT,BUY,LIMIT,1701019310694,13302,0.0958306
1000LUNCUSDT,BUY,LIMIT,1701019313078,53236,0.0959360
1000LUNCUSDT,BUY,LIMIT,1701019314409,14821,0.0959326
1000LUNCUSDT,BUY,LIMIT,1701019317442,9118,0.0960380
1000LUNCUSDT,BUY,LIMIT,1701019327426,26511,0.0961671
1000LUNCUSDT,BUY,LIMIT,1701019329122,53517,0.0962127
1000LUNCUSDT,BUY,LIMIT,1701019330449,3618,0.0961932
1000LUNCUSDT,BUY,LIMIT,1701019331528,5830,0.0963714
1000LUNCUSDT,BUY,LIMIT,1701019333375,1678,0.0964826
1000LUNCUSDT,BUY,LIMIT,1701019335043,7986,0.0965874
1000LUNCUSDT,BUY,LIMIT,1701019336568,467,0.0966416
1000LUNCUSDT,BUY,LIMIT,1701019337806,292,0.0966800
1000LUNCUSDT,BUY,LIMIT,1701019344652,1411,0.0967576
1000LUNCUSDT,BUY,LIMIT,1701019745708,967,0.0967898
1000LUNCUSDT,BUY,LIMIT,1701019751676,987,0.0968274
1000LUNCUSDT,BUY,LIMIT,1701019753440,1115,0.0968569
1000LUNCUSDT,BUY,LIMIT,1701019762217,20324,0.0969764
1000LUNCUSDT,BUY,LIMIT,1701019765056,106,0.0972977
1000LUNCUSDT,BUY,LIMIT,1701019766266,2672,0.0972764
1000LUNCUSDT,BUY,LIMIT,1701019767483,111,0.0973348
1000LUNCUSDT,BUY,LIMIT,1701019772240,2147,0.0973859
1000LUNCUSDT,SELL,LIMIT,1701020207481,5519,0.0944811
1000LUNCUSDT,BUY,LIMIT,1701020270049,1285,0.0974909
1000LUNCUSDT,BUY,LIMIT,1701020271055,78,0.0974316
1000LUNCUSDT,BUY,LIMIT,1701020303138,106,0.0975778
1000LUNCUSDT,BUY,LIMIT,1701020304320,2240,0.0976349
1000LUNCUSDT,BUY,LIMIT,1701020305368,54,0.0976356
1000LUNCUSDT,BUY,LIMIT,1701020306674,5208,0.0977400
1000LUNCUSDT,BUY,LIMIT,1701020317052,15347,0.0979009
1000LUNCUSDT,BUY,LIMIT,1701020318110,1478,0.0978414
1000LUNCUSDT,BUY,LIMIT,1701020319281,17027,0.0980271
1000LUNCUSDT,BUY,LIMIT,1701020320442,419,0.0979560
1000LUNCUSDT,BUY,LIMIT,1701020321671,1223,0.0980861
1000LUNCUSDT,BUY,LIMIT,1701020322816,7026,0.0981585
1000LUNCUSDT,BUY,LIMIT,1701020324544,4972,0.0982067
1000LUNCUSDT,BUY,LIMIT,1701020326035,126,0.0982362
1000LUNCUSDT,BUY,LIMIT,1701020328038,3346,0.0984133
1000LUNCUSDT,BUY,LIMIT,1701020329098,23121,0.0983650
1000LUNCUSDT,BUY,LIMIT,1701020332267,469,0.0984677
1000LUNCUSDT,BUY,LIMIT,1701020336096,617,0.0984756
1000LUNCUSDT,BUY,LIMIT,1701020520424,5477,0.0985191
1000LUNCUSDT,SELL,LIMIT,1701020837794,1215,0.0954804
1000LUNCUSDT,SELL,LIMIT,1701020840038,4570,0.0953534
1000LUNCUSDT,SELL,LIMIT,1701020841136,3423,0.0954023
1000LUNCUSDT,SELL,LIMIT,1701020842297,4379,0.0952345
1000LUNCUSDT,SELL,LIMIT,1701020843333,3132,0.0951982
1000LUNCUSDT,SELL,LIMIT,1701020844653,25765,0.0951314
1000LUNCUSDT,SELL,LIMIT,1701020880465,1414,0.0950474
1000LUNCUSDT,SELL,LIMIT,1701020886071,5191,0.0948923
1000LUNCUSDT,SELL,LIMIT,1701021120496,548,0.0948341
1000LUNCUSDT,SELL,LIMIT,1701021124420,143,0.0947357
1000LUNCUSDT,SELL,LIMIT,1701021228608,15565,0.0944998
1000LUNCUSDT,BUY,LIMIT,1701021363162,563,0.0973308
1000LUNCUSDT,BUY,LIMIT,1701021366117,6467,0.0973825
1000LUNCUSDT,BUY,LIMIT,1701021367932,508,0.0974035
1000LUNCUSDT,BUY,LIMIT,1701021369398,1926,0.0973984
1000LUNCUSDT,SELL,LIMIT,1701021615553,9565,0.0944836
1000LUNCUSDT,SELL,LIMIT,1701021641727,45531,0.0944058
1000LUNCUSDT,SELL,LIMIT,1701021664224,2349,0.0942443
1000LUNCUSDT,SELL,LIMIT,1701021666353,67,0.0942214
1000LUNCUSDT,SELL,LIMIT,1701021667371,197,0.0940085
1000LUNCUSDT,SELL,LIMIT,1701021668384,317,0.0937282
1000LUNCUSDT,SELL,LIMIT,1701021669411,1391,0.0938543
1000LUNCUSDT,SELL,LIMIT,1701021736380,974,0.0938868
1000LUNCUSDT,SELL,LIMIT,1701021765815,118,0.0934715
1000LUNCUSDT,SELL,LIMIT,1701021767012,97,0.0934271
1000LUNCUSDT,SELL,LIMIT,1701021769136,42614,0.0931796
1000LUNCUSDT,SELL,LIMIT,1701021770327,1074,0.0931558
1000LUNCUSDT,SELL,LIMIT,1701021782116,106419,0.0921988
1000LUNCUSDT,SELL,LIMIT,1701021785044,497,0.0928938
1000LUNCUSDT,SELL,LIMIT,1701021788069,2263,0.0928464
1000LUNCUSDT,SELL,LIMIT,1701021789204,3079,0.0928565
1000LUNCUSDT,SELL,LIMIT,1701021800208,3624,0.0928459
1000LUNCUSDT,SELL,LIMIT,1701021801501,8455,0.0928224
1000LUNCUSDT,SELL,LIMIT,1701021872095,1560,0.0927663
1000LUNCUSDT,BUY,LIMIT,1701022033450,322,0.0954862
1000LUNCUSDT,BUY,LIMIT,1701022035235,104,0.0956685
1000LUNCUSDT,BUY,LIMIT,1701022037005,10712,0.0957370
1000LUNCUSDT,BUY,LIMIT,1701022469093,4211,0.0958072
1000LUNCUSDT,BUY,LIMIT,1701022470320,35891,0.0958825
1000LUNCUSDT,BUY,LIMIT,1701022472862,472,0.0959362
1000LUNCUSDT,BUY,LIMIT,1701022474187,1621,0.0960145
1000LUNCUSDT,BUY,LIMIT,1701022476168,1186,0.0962000
1000LUNCUSDT,BUY,LIMIT,1701022953266,11451,0.0963000
1000LUNCUSDT,BUY,LIMIT,1701022994684,6062,0.0963739
1000LUNCUSDT,BUY,LIMIT,1701022997947,3852,0.0964627
1000LUNCUSDT,BUY,LIMIT,1701023074093,5874,0.0965264
1000LUNCUSDT,BUY,LIMIT,1701023083938,26136,0.0965965
1000LUNCUSDT,BUY,LIMIT,1701023085084,52776,0.0966450
1000LUNCUSDT,BUY,LIMIT,1701023123964,2844,0.0966699
1000LUNCUSDT,BUY,LIMIT,1701023133069,2110,0.0967607
1000LUNCUSDT,BUY,LIMIT,1701023135106,620,0.0967728
1000LUNCUSDT,BUY,LIMIT,1701023148432,12962,0.0968140
1000LUNCUSDT,BUY,LIMIT,1701023153523,20148,0.0968547
1000LUNCUSDT,BUY,LIMIT,1701023570009,52405,0.0970727
1000LUNCUSDT,BUY,LIMIT,1701023583145,2982,0.0972119
1000LUNCUSDT,BUY,LIMIT,1701023585310,3214,0.0973170
1000LUNCUSDT,BUY,LIMIT,1701023586315,600,0.0972767
1000LUNCUSDT,BUY,LIMIT,1701023588487,20219,0.0974784
1000LUNCUSDT,BUY,LIMIT,1701023610283,1908,0.0975139
1000LUNCUSDT,BUY,LIMIT,1701023612112,401,0.0976197
1000LUNCUSDT,BUY,LIMIT,1701023613197,5021,0.0975826
1000LUNCUSDT,BUY,LIMIT,1701023614426,404,0.0977423
1000LUNCUSDT,BUY,LIMIT,1701023616076,594,0.0978906
1000LUNCUSDT,BUY,LIMIT,1701023617207,26562,0.0979008
1000LUNCUSDT,BUY,LIMIT,1701023760483,2296,0.0977503
1000LUNCUSDT,BUY,LIMIT,1701023934022,62,0.0979882
1000LUNCUSDT,BUY,LIMIT,1701023935033,36580,0.0983944
1000LUNCUSDT,BUY,LIMIT,1701023936651,249,0.0985247
1000LUNCUSDT,BUY,LIMIT,1701023937676,52235,0.0986203
1000LUNCUSDT,BUY,LIMIT,1701023938747,6942,0.0986200
1000LUNCUSDT,BUY,LIMIT,1701023960092,80123,0.0992061
1000LUNCUSDT,BUY,LIMIT,1701023963177,92,0.0986803
1000LUNCUSDT,BUY,LIMIT,1701023966055,1085,0.0987883
1000LUNCUSDT,BUY,LIMIT,1701023970279,64363,0.0991115
1000LUNCUSDT,BUY,LIMIT,1701023971374,74391,0.0992845
1000LUNCUSDT,BUY,LIMIT,1701023973116,2335,0.0988935
1000LUNCUSDT,BUY,LIMIT,1701023974250,5228,0.0990850
1000LUNCUSDT,BUY,LIMIT,1701023976134,6169,0.0991962
1000LUNCUSDT,BUY,LIMIT,1701023977146,5533,0.0991494
1000LUNCUSDT,BUY,LIMIT,1701023983566,723,0.0992862
1000LUNCUSDT,BUY,LIMIT,1701023984729,1049,0.0993024
1000LUNCUSDT,BUY,LIMIT,1701023987396,794,0.0993911
1000LUNCUSDT,BUY,LIMIT,1701023988413,20313,0.0994225
1000LUNCUSDT,BUY,LIMIT,1701023989615,100000,0.1002559
1000LUNCUSDT,BUY,LIMIT,1701023991628,2487,0.0996109
1000LUNCUSDT,BUY,LIMIT,1701023993152,88,0.0997177
1000LUNCUSDT,BUY,LIMIT,1701023994215,10604,0.0998376
1000LUNCUSDT,BUY,LIMIT,1701023996126,1259,0.0999079
1000LUNCUSDT,BUY,LIMIT,1701023997150,2525,0.0999082
1000LUNCUSDT,BUY,LIMIT,1701023998194,16930,0.0999577
1000LUNCUSDT,BUY,LIMIT,1701023999256,3154,0.0999407
1000LUNCUSDT,BUY,LIMIT,1701024002041,21955,0.1003230
1000LUNCUSDT,BUY,LIMIT,1701024003021,1834,0.1003400
1000LUNCUSDT,BUY,LIMIT,1701024008051,22081,0.1005252
1000LUNCUSDT,BUY,LIMIT,1701024021857,1238,0.1004056
1000LUNCUSDT,BUY,LIMIT,1701024045314,239,0.1005646
1000LUNCUSDT,BUY,LIMIT,1701024049056,623,0.1006169
1000LUNCUSDT,BUY,LIMIT,1701024050304,713,0.1007021
1000LUNCUSDT,BUY,LIMIT,1701024051835,19374,0.1007227
1000LUNCUSDT,BUY,LIMIT,1701024058461,7209,0.1007808
1000LUNCUSDT,BUY,LIMIT,1701024060418,1398,0.1008156
1000LUNCUSDT,BUY,LIMIT,1701024062833,39216,0.1008493
1000LUNCUSDT,BUY,LIMIT,1701024081088,24085,0.1008621
1000LUNCUSDT,BUY,LIMIT,1701024082227,15543,0.1008884
1000LUNCUSDT,BUY,LIMIT,1701024086237,4378,0.1009142
1000LUNCUSDT,SELL,LIMIT,1701024114137,101,0.0975697
1000LUNCUSDT,SELL,LIMIT,1701024128053,127,0.0973929
1000LUNCUSDT,SELL,LIMIT,1701024129184,2514,0.0972363
1000LUNCUSDT,SELL,LIMIT,1701024130386,376,0.0971761
1000LUNCUSDT,SELL,LIMIT,1701024333857,49914,0.0971156
1000LUNCUSDT,SELL,LIMIT,1701024337106,6067,0.0969520
1000LUNCUSDT,SELL,LIMIT,1701024338450,7151,0.0968797
1000LUNCUSDT,SELL,LIMIT,1701024339582,80,0.0966088
1000LUNCUSDT,SELL,LIMIT,1701024340713,2518,0.0964636
1000LUNCUSDT,SELL,LIMIT,1701024362188,12422,0.0963980
1000LUNCUSDT,SELL,LIMIT,1701024363259,8619,0.0963963
1000LUNCUSDT,SELL,LIMIT,1701024364747,8056,0.0962906
1000LUNCUSDT,SELL,LIMIT,1701024365924,1168,0.0961897
1000LUNCUSDT,BUY,LIMIT,1701024554696,30377,0.0989861
1000LUNCUSDT,BUY,LIMIT,1701024606091,16469,0.0991192
1000LUNCUSDT,BUY,LIMIT,1701024611447,5139,0.0992945
1000LUNCUSDT,BUY,LIMIT,1701024615042,4241,0.0993428
1000LUNCUSDT,BUY,LIMIT,1701024680411,44976,0.0993573
1000LUNCUSDT,BUY,LIMIT,1701024687308,20729,0.0993955
1000LUNCUSDT,BUY,LIMIT,1701024848170,919,0.0995712
1000LUNCUSDT,BUY,LIMIT,1701024850769,5120,0.0995962
1000LUNCUSDT,BUY,LIMIT,1701024852498,8360,0.0996001
1000LUNCUSDT,BUY,LIMIT,1701024855406,345,0.0996297
1000LUNCUSDT,BUY,LIMIT,1701024856647,178,0.0996765
1000LUNCUSDT,BUY,LIMIT,1701024873292,5764,0.0997058
1000LUNCUSDT,BUY,LIMIT,1701024883194,2877,0.0997191
1000LUNCUSDT,BUY,LIMIT,1701024974056,25854,0.0997772
1000LUNCUSDT,BUY,LIMIT,1701024976107,1801,0.0997913
1000LUNCUSDT,BUY,LIMIT,1701024988836,13415,0.0998446
1000LUNCUSDT,BUY,LIMIT,1701024992558,6991,0.0998707
1000LUNCUSDT,BUY,LIMIT,1701024994271,2380,0.0999942
1000LUNCUSDT,BUY,LIMIT,1701025009220,10616,0.1000753
1000LUNCUSDT,BUY,LIMIT,1701025012159,1943,0.1000896
1000LUNCUSDT,BUY,LIMIT,1701025025049,22021,0.1001953
1000LUNCUSDT,BUY,LIMIT,1701025026077,12712,0.1001443
1000LUNCUSDT,BUY,LIMIT,1701025028675,4074,0.1002313
1000LUNCUSDT,BUY,LIMIT,1701025056418,60,0.1002973
1000LUNCUSDT,BUY,LIMIT,1701025060910,19514,0.1003235
1000LUNCUSDT,BUY,LIMIT,1701025069857,324,0.1003645
1000LUNCUSDT,BUY,LIMIT,1701025072858,15002,0.1003804
1000LUNCUSDT,BUY,LIMIT,1701025075592,461,0.1004923
1000LUNCUSDT,BUY,LIMIT,1701025086205,167,0.1005801
1000LUNCUSDT,SELL,LIMIT,1701025152068,1944,0.0974387
1000LUNCUSDT,SELL,LIMIT,1701025153305,1183,0.0974913
1000LUNCUSDT,BUY,LIMIT,1701025242531,5073,0.1005023
1000LUNCUSDT,BUY,LIMIT,1701025246753,102,0.1006403
1000LUNCUSDT,BUY,LIMIT,1701025249366,2106,0.1007195
1000LUNCUSDT,BUY,LIMIT,1701025309198,321,0.1007724
1000LUNCUSDT,BUY,LIMIT,1701025310618,24663,0.1007835
1000LUNCUSDT,BUY,LIMIT,1701025324388,11232,0.1008473
1000LUNCUSDT,SELL,LIMIT,1701025445107,2024,0.0978131
1000LUNCUSDT,SELL,LIMIT,1701025446440,3034,0.0977777
1000LUNCUSDT,SELL,LIMIT,1701025447811,2506,0.0976808
1000LUNCUSDT,SELL,LIMIT,1701025448981,14884,0.0975717
1000LUNCUSDT,SELL,LIMIT,1701025450368,100,0.0975109
1000LUNCUSDT,SELL,LIMIT,1701025757311,949,0.0991420
1000LUNCUSDT,SELL,LIMIT,1701025764146,317,0.0980685
1000LUNCUSDT,SELL,LIMIT,1701025821378,422,0.0974445
1000LUNCUSDT,SELL,LIMIT,1701025824827,1454,0.0973526
1000LUNCUSDT,SELL,LIMIT,1701025923871,230,0.0971952
1000LUNCUSDT,SELL,LIMIT,1701025926725,10791,0.0971111
1000LUNCUSDT,SELL,LIMIT,1701025928058,50505,0.0970655
1000LUNCUSDT,SELL,LIMIT,1701025929119,193,0.0968737
1000LUNCUSDT,SELL,LIMIT,1701025979396,199,0.0966233
1000LUNCUSDT,SELL,LIMIT,1701025998647,6678,0.0965241
1000LUNCUSDT,BUY,LIMIT,1701026394483,14299,0.0996466
1000LUNCUSDT,BUY,LIMIT,1701026398442,304,0.0998556
1000LUNCUSDT,BUY,LIMIT,1701026399949,54,0.0998996
1000LUNCUSDT,BUY,LIMIT,1701026402597,10441,0.0999505
1000LUNCUSDT,BUY,LIMIT,1701026404265,1197,0.1001194
1000LUNCUSDT,BUY,LIMIT,1701026519247,7779,0.1002372
1000LUNCUSDT,BUY,LIMIT,1701026520249,1971,0.1002306
1000LUNCUSDT,BUY,LIMIT,1701026618198,48371,0.1003425
1000LUNCUSDT,BUY,LIMIT,1701026619258,2706,0.1003550
1000LUNCUSDT,BUY,LIMIT,1701027063170,43160,0.1003655
1000LUNCUSDT,BUY,LIMIT,1701027067515,1696,0.1004173
1000LUNCUSDT,SELL,LIMIT,1701027316196,5037,0.0973407
1000LUNCUSDT,SELL,LIMIT,1701027317409,1040,0.0971772
1000LUNCUSDT,BUY,LIMIT,1701027338205,121,0.1001589
1000LUNCUSDT,BUY,LIMIT,1701027371253,170,0.1004654
1000LUNCUSDT,BUY,LIMIT,1701027372445,289,0.1004503
1000LUNCUSDT,BUY,LIMIT,1701027373939,2812,0.1007562
1000LUNCUSDT,BUY,LIMIT,1701027375234,435,0.1008269
1000LUNCUSDT,BUY,LIMIT,1701027376279,5821,0.1009112
1000LUNCUSDT,BUY,LIMIT,1701027378095,2088,0.1011412
1000LUNCUSDT,BUY,LIMIT,1701027379099,1559,0.1012253
1000LUNCUSDT,BUY,LIMIT,1701027380136,44355,0.1012151
1000LUNCUSDT,BUY,LIMIT,1701027381142,193,0.1019671
1000LUNCUSDT,BUY,LIMIT,1701027382151,4933,0.1019357
1000LUNCUSDT,BUY,LIMIT,1701027414449,381,0.1015628
1000LUNCUSDT,BUY,LIMIT,1701027451155,38924,0.1023136
1000LUNCUSDT,BUY,LIMIT,1701027452202,1022,0.1022888
1000LUNCUSDT,BUY,LIMIT,1701027453351,23173,0.1023555
1000LUNCUSDT,BUY,LIMIT,1701027454397,2240,0.1025580
1000LUNCUSDT,BUY,LIMIT,1701027455400,119,0.1024289
1000LUNCUSDT,BUY,LIMIT,1701027456431,326,0.1026192
1000LUNCUSDT,BUY,LIMIT,1701027457492,5639,0.1029433
1000LUNCUSDT,BUY,LIMIT,1701027459080,90996,0.1037687
1000LUNCUSDT,BUY,LIMIT,1701027460140,3236,0.1029998
1000LUNCUSDT,BUY,LIMIT,1701027461190,531,0.1034103
1000LUNCUSDT,BUY,LIMIT,1701027462246,2544,0.1032541
1000LUNCUSDT,BUY,LIMIT,1701027463278,45622,0.1035573
1000LUNCUSDT,BUY,LIMIT,1701027464294,186,0.1035563
1000LUNCUSDT,BUY,LIMIT,1701027466123,50276,0.1037449
1000LUNCUSDT,BUY,LIMIT,1701027477035,1011,0.1037955
1000LUNCUSDT,BUY,LIMIT,1701027478053,2881,0.1037028
1000LUNCUSDT,BUY,LIMIT,1701027481325,13176,0.1039401
1000LUNCUSDT,BUY,LIMIT,1701027482375,5017,0.1039735
1000LUNCUSDT,BUY,LIMIT,1701027485047,5640,0.1040364
1000LUNCUSDT,BUY,LIMIT,1701027486057,5003,0.1040418
1000LUNCUSDT,BUY,LIMIT,1701027487067,10180,0.1043477
1000LUNCUSDT,BUY,LIMIT,1701027488090,323,0.1042440
1000LUNCUSDT,BUY,LIMIT,1701027489342,148441,0.1053168
1000LUNCUSDT,BUY,LIMIT,1701027547118,18185,0.1041081
1000LUNCUSDT,BUY,LIMIT,1701027548357,3811,0.1040736
1000LUNCUSDT,SELL,LIMIT,1701027607455,21626,0.1007901
1000LUNCUSDT,SELL,LIMIT,1701027609394,3263,0.1007525
1000LUNCUSDT,SELL,LIMIT,1701027611271,72,0.1007242
1000LUNCUSDT,SELL,LIMIT,1701027613548,39609,0.1006040
1000LUNCUSDT,SELL,LIMIT,1701027674449,351,0.1003866
1000LUNCUSDT,SELL,LIMIT,1701027820920,775,0.1000535
1000LUNCUSDT,SELL,LIMIT,1701027843351,1999,0.0996865
1000LUNCUSDT,SELL,LIMIT,1701027844952,283,0.0996189
1000LUNCUSDT,SELL,LIMIT,1701027849080,11910,0.0994666
1000LUNCUSDT,BUY,LIMIT,1701027996413,49657,0.1025918
1000LUNCUSDT,SELL,LIMIT,1701028034083,353,0.0995270
1000LUNCUSDT,SELL,LIMIT,1701028039465,1952,0.0995493
1000LUNCUSDT,SELL,LIMIT,1701028053939,1684,0.0994708
1000LUNCUSDT,BUY,LIMIT,1701028255147,95,0.1024250
1000LUNCUSDT,BUY,LIMIT,1701028257422,21331,0.1024757
1000LUNCUSDT,BUY,LIMIT,1701028259608,198,0.1025834
1000LUNCUSDT,SELL,LIMIT,1701028745623,1950,0.0993434
1000LUNCUSDT,SELL,LIMIT,1701028755588,501,0.0992992
1000LUNCUSDT,SELL,LIMIT,1701028761443,68,0.0992244
1000LUNCUSDT,SELL,LIMIT,1701028762572,7055,0.0991055
1000LUNCUSDT,SELL,LIMIT,1701028764125,4290,0.0990003
1000LUNCUSDT,SELL,LIMIT,1701028766288,7848,0.0989038
1000LUNCUSDT,SELL,LIMIT,1701028767314,5267,0.0988325
1000LUNCUSDT,SELL,LIMIT,1701028768338,1981,0.0987754
1000LUNCUSDT,SELL,LIMIT,1701028977729,2480,0.0987249
1000LUNCUSDT,SELL,LIMIT,1701028979532,2632,0.0987074
1000LUNCUSDT,SELL,LIMIT,1701028995122,992,0.0986738
1000LUNCUSDT,SELL,LIMIT,1701028997836,3478,0.0986279
1000LUNCUSDT,SELL,LIMIT,1701029001112,1865,0.0986046
1000LUNCUSDT,SELL,LIMIT,1701029002395,1727,0.0985195
1000LUNCUSDT,SELL,LIMIT,1701029003404,2475,0.0984755
1000LUNCUSDT,SELL,LIMIT,1701029004473,24099,0.0983887
1000LUNCUSDT,SELL,LIMIT,1701029005475,7884,0.0982902
1000LUNCUSDT,SELL,LIMIT,1701029007068,189,0.0981332
1000LUNCUSDT,SELL,LIMIT,1701029008206,6369,0.0982543
1000LUNCUSDT,SELL,LIMIT,1701029009296,8031,0.0980594
1000LUNCUSDT,SELL,LIMIT,1701029032276,264,0.0979703
1000LUNCUSDT,SELL,LIMIT,1701029035660,183,0.0979282
1000LUNCUSDT,SELL,LIMIT,1701029042130,621,0.0978761
1000LUNCUSDT,SELL,LIMIT,1701029047260,4941,0.0977830
1000LUNCUSDT,SELL,LIMIT,1701029048749,2191,0.0976767
1000LUNCUSDT,SELL,LIMIT,1701029050485,7430,0.0975957
1000LUNCUSDT,SELL,LIMIT,1701029064690,1717,0.0975402
1000LUNCUSDT,SELL,LIMIT,1701029066220,1491,0.0974492
1000LUNCUSDT,SELL,LIMIT,1701029068955,9166,0.0973798
1000LUNCUSDT,SELL,LIMIT,1701029071161,17481,0.0973436
1000LUNCUSDT,SELL,LIMIT,1701029073750,486,0.0973000
1000LUNCUSDT,SELL,LIMIT,1701029089231,540,0.0972092
1000LUNCUSDT,SELL,LIMIT,1701029103201,1918,0.0969680
1000LUNCUSDT,SELL,LIMIT,1701029104215,4545,0.0970399
1000LUNCUSDT,SELL,LIMIT,1701029105328,401,0.0966826
1000LUNCUSDT,SELL,LIMIT,1701029107052,1972,0.0963523
1000LUNCUSDT,SELL,LIMIT,1701029108064,5673,0.0963048
1000LUNCUSDT,BUY,LIMIT,1701029166928,1568,0.0992497
1000LUNCUSDT,BUY,LIMIT,1701029168999,8916,0.0994044
1000LUNCUSDT,BUY,LIMIT,1701029170211,2044,0.0996757
1000LUNCUSDT,BUY,LIMIT,1701029171405,24360,0.0995870
1000LUNCUSDT,BUY,LIMIT,1701029187029,265,0.0997886
1000LUNCUSDT,BUY,LIMIT,1701029231518,819,0.0998577
1000LUNCUSDT,BUY,LIMIT,1701029233171,4234,0.0999404
1000LUNCUSDT,BUY,LIMIT,1701029237015,87,0.0999858
1000LUNCUSDT,BUY,LIMIT,1701029351218,457,0.1001171
1000LUNCUSDT,BUY,LIMIT,1701029428716,3054,0.1002484
1000LUNCUSDT,BUY,LIMIT,1701029433606,607,0.1003901
1000LUNCUSDT,BUY,LIMIT,1701029436443,9698,0.1004415
1000LUNCUSDT,BUY,LIMIT,1701029441256,20378,0.1005509
1000LUNCUSDT,BUY,LIMIT,1701029443144,2803,0.1007358
1000LUNCUSDT,BUY,LIMIT,1701029650671,773,0.1007583
1000LUNCUSDT,BUY,LIMIT,1701029659859,1662,0.1007981
1000LUNCUSDT,BUY,LIMIT,1701029674201,139,0.1008488
1000LUNCUSDT,BUY,LIMIT,1701029712112,342,0.1009101
1000LUNCUSDT,BUY,LIMIT,1701029713758,1577,0.1009227
1000LUNCUSDT,BUY,LIMIT,1701029717351,121,0.1010519
1000LUNCUSDT,BUY,LIMIT,1701029720321,54,0.1011242
1000LUNCUSDT,BUY,LIMIT,1701029726246,28347,0.1013296
1000LUNCUSDT,BUY,LIMIT,1701029728419,1919,0.1013395
1000LUNCUSDT,BUY,LIMIT,1701029729690,3610,0.1013806
1000LUNCUSDT,BUY,LIMIT,1701029731178,37711,0.1014089
1000LUNCUSDT,BUY,LIMIT,1701029750844,1553,0.1014717
1000LUNCUSDT,BUY,LIMIT,1701029754320,6,0.1014836
1000LUNCUSDT,BUY,LIMIT,1701029757286,8709,0.1015150
1000LUNCUSDT,SELL,LIMIT,1701029917209,19015,0.0984666
1000LUNCUSDT,BUY,LIMIT,1701030075346,31040,0.1014701
1000LUNCUSDT,BUY,LIMIT,1701030178338,10717,0.1015191
1000LUNCUSDT,BUY,LIMIT,1701030197749,301,0.1016793
1000LUNCUSDT,BUY,LIMIT,1701030207233,14333,0.1018081
1000LUNCUSDT,BUY,LIMIT,1701030208396,51070,0.1018861
1000LUNCUSDT,BUY,LIMIT,1701030209442,2177,0.1021489
1000LUNCUSDT,BUY,LIMIT,1701030210709,10018,0.1021982
1000LUNCUSDT,BUY,LIMIT,1701030213147,2994,0.1023013
1000LUNCUSDT,BUY,LIMIT,1701030453118,3327,0.1026292
1000LUNCUSDT,BUY,LIMIT,1701030454158,68,0.1023744
1000LUNCUSDT,BUY,LIMIT,1701030455325,595,0.1027065
1000LUNCUSDT,BUY,LIMIT,1701030457410,3376,0.1027657
1000LUNCUSDT,BUY,LIMIT,1701030458491,139,0.1028384
1000LUNCUSDT,SELL,LIMIT,1701030990035,583,0.0996524
1000LUNCUSDT,SELL,LIMIT,1701030996288,4651,0.0993733
1000LUNCUSDT,SELL,LIMIT,1701031234907,7087,0.0993329
1000LUNCUSDT,SELL,LIMIT,1701031236406,560,0.0992856
1000LUNCUSDT,SELL,LIMIT,1701031239592,747,0.0992463
1000LUNCUSDT,SELL,LIMIT,1701031242220,440,0.0991809
1000LUNCUSDT,SELL,LIMIT,1701031243559,117,0.0991366
1000LUNCUSDT,SELL,LIMIT,1701031246021,1179,0.0991111
1000LUNCUSDT,SELL,LIMIT,1701031250045,4834,0.0989721
1000LUNCUSDT,SELL,LIMIT,1701031252977,182,0.0989382
1000LUNCUSDT,SELL,LIMIT,1701031278576,12387,0.0988905
1000LUNCUSDT,SELL,LIMIT,1701031284170,2997,0.0988141
1000LUNCUSDT,SELL,LIMIT,1701031286890,26540,0.0988042
1000LUNCUSDT,SELL,LIMIT,1701031304413,245,0.0987295
1000LUNCUSDT,SELL,LIMIT,1701031311096,2089,0.0986609
1000LUNCUSDT,BUY,LIMIT,1701031514578,3491,0.1016409
1000LUNCUSDT,BUY,LIMIT,1701031590373,242,0.1015033
1000LUNCUSDT,BUY,LIMIT,1701031605135,1234,0.1018334
1000LUNCUSDT,BUY,LIMIT,1701031606174,50025,0.1019290
1000LUNCUSDT,BUY,LIMIT,1701031679409,3967,0.1019906
1000LUNCUSDT,BUY,LIMIT,1701031742972,459,0.1020947
1000LUNCUSDT,BUY,LIMIT,1701031744055,83,0.1021949
1000LUNCUSDT,BUY,LIMIT,1701031745151,2732,0.1023165
1000LUNCUSDT,BUY,LIMIT,1701031758016,1646,0.1023375
1000LUNCUSDT,BUY,LIMIT,1701031780724,66,0.1024498
1000LUNCUSDT,BUY,LIMIT,1701031783542,325,0.1025602
1000LUNCUSDT,BUY,LIMIT,1701031784620,524,0.1026701
1000LUNCUSDT,BUY,LIMIT,1701031785622,3100,0.1030813
1000LUNCUSDT,BUY,LIMIT,1701031786795,493,0.1031978
1000LUNCUSDT,BUY,LIMIT,1701031787893,22947,0.1035505
1000LUNCUSDT,BUY,LIMIT,1701031789340,27173,0.1036480
1000LUNCUSDT,BUY,LIMIT,1701031975735,3697,0.1020550
1000LUNCUSDT,BUY,LIMIT,1701032476111,2730,0.1038087
1000LUNCUSDT,BUY,LIMIT,1701032477113,93765,0.1045599
1000LUNCUSDT,BUY,LIMIT,1701032478170,24519,0.1039897
1000LUNCUSDT,BUY,LIMIT,1701032480436,1807,0.1039656
1000LUNCUSDT,BUY,LIMIT,1701032494058,1013,0.1041011
1000LUNCUSDT,BUY,LIMIT,1701032495066,49058,0.1041912
1000LUNCUSDT,BUY,LIMIT,1701032496161,599,0.1043137
1000LUNCUSDT,BUY,LIMIT,1701032497425,5390,0.1044653
1000LUNCUSDT,SELL,LIMIT,1701032732424,9394,0.1011851
1000LUNCUSDT,SELL,LIMIT,1701032797799,4098,0.1009824
1000LUNCUSDT,SELL,LIMIT,1701032800275,1576,0.1008911
1000LUNCUSDT,SELL,LIMIT,1701032801343,13538,0.1006581
1000LUNCUSDT,SELL,LIMIT,1701032802397,197,0.1007788
1000LUNCUSDT,BUY,LIMIT,1701032996029,2506,0.1038157
1000LUNCUSDT,BUY,LIMIT,1701033058831,10492,0.1040236
1000LUNCUSDT,BUY,LIMIT,1701033060355,5928,0.1040497
1000LUNCUSDT,BUY,LIMIT,1701033061429,3394,0.1040787
1000LUNCUSDT,BUY,LIMIT,1701033464891,81,0.1041317
1000LUNCUSDT,BUY,LIMIT,1701033502831,18789,0.1042420
1000LUNCUSDT,SELL,LIMIT,1701033595067,3518,0.1010926
1000LUNCUSDT,SELL,LIMIT,1701033626111,134,0.1009285
1000LUNCUSDT,SELL,LIMIT,1701033709795,8730,0.1008282
1000LUNCUSDT,SELL,LIMIT,1701033712792,72,0.1007866
1000LUNCUSDT,SELL,LIMIT,1701033713811,543,0.1004720
1000LUNCUSDT,SELL,LIMIT,1701033714918,9320,0.0999119
1000LUNCUSDT,SELL,LIMIT,1701033716006,2077,0.0997870
1000LUNCUSDT,SELL,LIMIT,1701033717406,4554,0.0997150
1000LUNCUSDT,SELL,LIMIT,1701033723720,514,0.0996868
1000LUNCUSDT,SELL,LIMIT,1701033724806,1824,0.0996677
1000LUNCUSDT,SELL,LIMIT,1701033785799,9202,0.0995807
1000LUNCUSDT,SELL,LIMIT,1701033786807,753,0.0995599
1000LUNCUSDT,SELL,LIMIT,1701033787869,40380,0.0993592
1000LUNCUSDT,SELL,LIMIT,1701033788927,49057,0.0993133
1000LUNCUSDT,SELL,LIMIT,1701034002543,9397,0.0991818
1000LUNCUSDT,SELL,LIMIT,1701034010262,8772,0.0991194
1000LUNCUSDT,SELL,LIMIT,1701034012926,4025,0.0990800
1000LUNCUSDT,SELL,LIMIT,1701034038664,1166,0.0990440
1000LUNCUSDT,SELL,LIMIT,1701034040323,5600,0.0990579
1000LUNCUSDT,SELL,LIMIT,1701034041362,6119,0.0989919
1000LUNCUSDT,SELL,LIMIT,1701034043056,999,0.0989185
1000LUNCUSDT,SELL,LIMIT,1701034044161,415,0.0989357
1000LUNCUSDT,SELL,LIMIT,1701034047753,12218,0.0988414
1000LUNCUSDT,BUY,LIMIT,1701034118259,149,0.1017667
1000LUNCUSDT,SELL,LIMIT,1701034244539,315,0.0988141
1000LUNCUSDT,SELL,LIMIT,1701034463492,48520,0.0987770
1000LUNCUSDT,SELL,LIMIT,1701034466491,103,0.0987542
1000LUNCUSDT,SELL,LIMIT,1701034470861,15868,0.0986725
1000LUNCUSDT,SELL,LIMIT,1701034472194,720,0.0985966
1000LUNCUSDT,SELL,LIMIT,1701034473221,3213,0.0985299
1000LUNCUSDT,SELL,LIMIT,1701034474312,78,0.0985474
1000LUNCUSDT,SELL,LIMIT,1701034475342,11668,0.0984096
1000LUNCUSDT,SELL,LIMIT,1701034476413,419,0.0984659
1000LUNCUSDT,SELL,LIMIT,1701034477542,4982,0.0983783
1000LUNCUSDT,SELL,LIMIT,1701034508074,310,0.0983329
1000LUNCUSDT,SELL,LIMIT,1701034510107,268,0.0982990
1000LUNCUSDT,SELL,LIMIT,1701034514627,315,0.0982590
1000LUNCUSDT,SELL,LIMIT,1701034517367,49800,0.0982248
1000LUNCUSDT,SELL,LIMIT,1701034520148,256,0.0981833
1000LUNCUSDT,SELL,LIMIT,1701034621295,676,0.0980576
1000LUNCUSDT,SELL,LIMIT,1701034625242,2643,0.0980398
1000LUNCUSDT,SELL,LIMIT,1701034626299,6152,0.0980429
1000LUNCUSDT,SELL,LIMIT,1701034627511,19547,0.0980037
1000LUNCUSDT,SELL,LIMIT,1701034628835,972,0.0979418
1000LUNCUSDT,SELL,LIMIT,1701034629956,1124,0.0978892
1000LUNCUSDT,SELL,LIMIT,1701034631105,16377,0.0978154
1000LUNCUSDT,SELL,LIMIT,1701034632355,1413,0.0977751
1000LUNCUSDT,SELL,LIMIT,1701034633589,19432,0.0977469
1000LUNCUSDT,SELL,LIMIT,1701034634877,1000,0.0976218
1000LUNCUSDT,SELL,LIMIT,1701034638462,8911,0.0975821
1000LUNCUSDT,SELL,LIMIT,1701035179529,2171,0.0975595
1000LUNCUSDT,SELL,LIMIT,1701035181721,18343,0.0975495
1000LUNCUSDT,SELL,LIMIT,1701035183782,1447,0.0975358
1000LUNCUSDT,BUY,LIMIT,1701035811292,328,0.1006042
1000LUNCUSDT,BUY,LIMIT,1701035812452,4556,0.1006848
1000LUNCUSDT,BUY,LIMIT,1701035827235,3269,0.1008123
1000LUNCUSDT,BUY,LIMIT,1701035829221,370,0.1010133
1000LUNCUSDT,BUY,LIMIT,1701035837241,18598,0.1011804
1000LUNCUSDT,BUY,LIMIT,1701035840154,12794,0.1012147
1000LUNCUSDT,BUY,LIMIT,1701035841911,2125,0.1012604
1000LUNCUSDT,BUY,LIMIT,1701036229911,16470,0.1013458
1000LUNCUSDT,BUY,LIMIT,1701036447206,616,0.1013941
1000LUNCUSDT,BUY,LIMIT,1701036450693,104,0.1014792
1000LUNCUSDT,BUY,LIMIT,1701036459155,50226,0.1015210
1000LUNCUSDT,BUY,LIMIT,1701036471279,13162,0.1015857
1000LUNCUSDT,BUY,LIMIT,1701036474572,12230,0.1016310
1000LUNCUSDT,BUY,LIMIT,1701036673830,8983,0.1017778
1000LUNCUSDT,SELL,LIMIT,1701036802091,33338,0.0985397
1000LUNCUSDT,SELL,LIMIT,1701036840066,1014,0.0985789
1000LUNCUSDT,SELL,LIMIT,1701036862529,7690,0.0985332
1000LUNCUSDT,SELL,LIMIT,1701036864620,979,0.0984105
1000LUNCUSDT,BUY,LIMIT,1701037118901,3963,0.1013153
1000LUNCUSDT,BUY,LIMIT,1701037153378,5369,0.1018129
1000LUNCUSDT,BUY,LIMIT,1701037210093,1690,0.1018915
1000LUNCUSDT,SELL,LIMIT,1701039084162,20814,0.0987918
1000LUNCUSDT,SELL,LIMIT,1701039086157,332,0.0985817
1000LUNCUSDT,SELL,LIMIT,1701039087407,3627,0.0985539
1000LUNCUSDT,SELL,LIMIT,1701039119341,937,0.0983824
1000LUNCUSDT,SELL,LIMIT,1701039120366,2530,0.0982848
1000LUNCUSDT,SELL,LIMIT,1701039121395,24912,0.0982841
1000LUNCUSDT,SELL,LIMIT,1701039122618,23552,0.0981341
1000LUNCUSDT,SELL,LIMIT,1701039155269,10374,0.0980201
1000LUNCUSDT,SELL,LIMIT,1701039156316,69,0.0980502
1000LUNCUSDT,SELL,LIMIT,1701039157667,382,0.0979661
1000LUNCUSDT,SELL,LIMIT,1701039158812,1203,0.0979165
1000LUNCUSDT,SELL,LIMIT,1701039160771,5858,0.0978729
1000LUNCUSDT,SELL,LIMIT,1701039177205,50175,0.0976606
1000LUNCUSDT,SELL,LIMIT,1701039182275,10710,0.0975871
1000LUNCUSDT,SELL,LIMIT,1701039185055,1759,0.0974997
1000LUNCUSDT,SELL,LIMIT,1701039186199,40788,0.0973644
1000LUNCUSDT,SELL,LIMIT,1701039190666,12954,0.0973357
1000LUNCUSDT,SELL,LIMIT,1701039729621,10068,0.0973535
1000LUNCUSDT,SELL,LIMIT,1701039732327,3420,0.0973334
1000LUNCUSDT,SELL,LIMIT,1701039775339,22089,0.0973215
1000LUNCUSDT,SELL,LIMIT,1701039777150,91,0.0971873
1000LUNCUSDT,SELL,LIMIT,1701039778177,1201,0.0972499
1000LUNCUSDT,SELL,LIMIT,1701039779853,25731,0.0971379
1000LUNCUSDT,SELL,LIMIT,1701039782061,2055,0.0970082
1000LUNCUSDT,SELL,LIMIT,1701039783838,169,0.0969922
1000LUNCUSDT,SELL,LIMIT,1701039785039,49691,0.0967244
1000LUNCUSDT,SELL,LIMIT,1701039786052,3534,0.0967227
1000LUNCUSDT,SELL,LIMIT,1701039847371,5741,0.0966897
1000LUNCUSDT,SELL,LIMIT,1701039849972,1280,0.0966152
1000LUNCUSDT,SELL,LIMIT,1701039919804,1953,0.0978627
1000LUNCUSDT,BUY,LIMIT,1701040099549,1021,0.0998600
1000LUNCUSDT,BUY,LIMIT,1701040100768,152,0.0999006
1000LUNCUSDT,BUY,LIMIT,1701040113486,1711,0.0999641
1000LUNCUSDT,BUY,LIMIT,1701040234259,182,0.1000277
1000LUNCUSDT,BUY,LIMIT,1701040236494,2369,0.1001194
1000LUNCUSDT,BUY,LIMIT,1701040239183,17541,0.1002224
1000LUNCUSDT,BUY,LIMIT,1701040678788,436,0.1002463
1000LUNCUSDT,BUY,LIMIT,1701040682182,225,0.1002780
1000LUNCUSDT,BUY,LIMIT,1701040683241,49816,0.1003075
1000LUNCUSDT,BUY,LIMIT,1701040917042,191,0.1004196
1000LUNCUSDT,BUY,LIMIT,1701040919152,22170,0.1004720
1000LUNCUSDT,BUY,LIMIT,1701040920263,225,0.1005624
1000LUNCUSDT,BUY,LIMIT,1701040921361,1311,0.1006906
1000LUNCUSDT,BUY,LIMIT,1701040930276,3335,0.1008008
1000LUNCUSDT,BUY,LIMIT,1701040951963,5941,0.1009089
1000LUNCUSDT,BUY,LIMIT,1701040953124,52,0.1009413
1000LUNCUSDT,BUY,LIMIT,1701040954268,949,0.1009593
1000LUNCUSDT,BUY,LIMIT,1701040957513,3952,0.1010464
1000LUNCUSDT,BUY,LIMIT,1701040960533,302,0.1011717
1000LUNCUSDT,BUY,LIMIT,1701041162218,1481,0.1014303
1000LUNCUSDT,BUY,LIMIT,1701041163259,3155,0.1012737
1000LUNCUSDT,BUY,LIMIT,1701041632024,1517,0.1014348
1000LUNCUSDT,BUY,LIMIT,1701041884036,4186,0.1016314
1000LUNCUSDT,BUY,LIMIT,1701041885210,12314,0.1017152
1000LUNCUSDT,BUY,LIMIT,1701041886263,10216,0.1017358
1000LUNCUSDT,SELL,LIMIT,1701042574087,9349,0.0984508
1000LUNCUSDT,SELL,LIMIT,1701042575134,479,0.0983823
1000LUNCUSDT,SELL,LIMIT,1701042581895,312,0.0983364
1000LUNCUSDT,BUY,LIMIT,1701042584637,100,0.0999404
1000LUNCUSDT,BUY,LIMIT,1701043244028,2981,0.1014195
1000LUNCUSDT,BUY,LIMIT,1701043245554,602,0.1014813
1000LUNCUSDT,BUY,LIMIT,1701043251019,2886,0.1016786
1000LUNCUSDT,BUY,LIMIT,1701043571243,115,0.1008938
1000LUNCUSDT,BUY,LIMIT,1701043614130,19055,0.1018889
1000LUNCUSDT,BUY,LIMIT,1701043616052,24217,0.1020823
1000LUNCUSDT,BUY,LIMIT,1701043617062,16682,0.1021309
1000LUNCUSDT,BUY,LIMIT,1701043619048,2186,0.1022781
1000LUNCUSDT,BUY,LIMIT,1701043620267,27626,0.1021902
1000LUNCUSDT,BUY,LIMIT,1701043631855,1461,0.1023276
1000LUNCUSDT,BUY,LIMIT,1701043635516,569,0.1023603
1000LUNCUSDT,BUY,LIMIT,1701043638133,15102,0.1024141
1000LUNCUSDT,BUY,LIMIT,1701043639169,2454,0.1024466
1000LUNCUSDT,BUY,LIMIT,1701043640176,126684,0.1035206
1000LUNCUSDT,BUY,LIMIT,1701043642125,2090,0.1026333
1000LUNCUSDT,BUY,LIMIT,1701043643141,1107,0.1028780
1000LUNCUSDT,BUY,LIMIT,1701043644210,4501,0.1029000
1000LUNCUSDT,BUY,LIMIT,1701043645341,26292,0.1031348
1000LUNCUSDT,BUY,LIMIT,1701043646417,251,0.1032125
1000LUNCUSDT,BUY,LIMIT,1701043658571,4967,0.1032733
1000LUNCUSDT,BUY,LIMIT,1701043660237,28082,0.1033302
1000LUNCUSDT,BUY,LIMIT,1701043661297,10813,0.1033452
1000LUNCUSDT,BUY,LIMIT,1701043662384,1530,0.1033989
1000LUNCUSDT,BUY,LIMIT,1701043686236,11629,0.1034227
1000LUNCUSDT,BUY,LIMIT,1701043689474,1392,0.1034722
1000LUNCUSDT,BUY,LIMIT,1701043700498,5447,0.1035029
1000LUNCUSDT,BUY,LIMIT,1701043703311,245,0.1035572
1000LUNCUSDT,BUY,LIMIT,1701043741602,120,0.1036003
1000LUNCUSDT,BUY,LIMIT,1701043743536,4411,0.1036308
1000LUNCUSDT,SELL,LIMIT,1701043870148,4360,0.1002119
1000LUNCUSDT,SELL,LIMIT,1701043871473,18114,0.1001080
1000LUNCUSDT,SELL,LIMIT,1701043875549,81,0.1000175
1000LUNCUSDT,SELL,LIMIT,1701043878370,16184,0.0999259
1000LUNCUSDT,BUY,LIMIT,1701044209818,714,0.1029287
1000LUNCUSDT,BUY,LIMIT,1701044213149,16295,0.1029730
1000LUNCUSDT,BUY,LIMIT,1701044215705,327,0.1031568
1000LUNCUSDT,BUY,LIMIT,1701044217234,47657,0.1031879
1000LUNCUSDT,SELL,LIMIT,1701044291868,2824,0.1002743
1000LUNCUSDT,SELL,LIMIT,1701044297386,16919,0.0999593
1000LUNCUSDT,BUY,LIMIT,1701044374597,2240,0.1029397
1000LUNCUSDT,BUY,LIMIT,1701044387352,495,0.1031344
1000LUNCUSDT,BUY,LIMIT,1701044454000,12016,0.1033901
1000LUNCUSDT,BUY,LIMIT,1701044457219,80,0.0913185
1000LUNCUSDT,BUY,LIMIT,1701044459602,208,0.1035250
1000LUNCUSDT,SELL,LIMIT,1701044551232,1682,0.1002694
1000LUNCUSDT,SELL,LIMIT,1701044564259,48923,0.1001766
1000LUNCUSDT,SELL,LIMIT,1701044566215,8623,0.0997766
1000LUNCUSDT,SELL,LIMIT,1701044567256,996,0.0998335
1000LUNCUSDT,SELL,LIMIT,1701044590264,12588,0.0996865
1000LUNCUSDT,SELL,LIMIT,1701044591394,2037,0.0997151
1000LUNCUSDT,SELL,LIMIT,1701044593906,501,0.0995214
1000LUNCUSDT,SELL,LIMIT,1701044669329,3051,0.0993645
1000LUNCUSDT,SELL,LIMIT,1701044704647,234,0.0993542
1000LUNCUSDT,SELL,LIMIT,1701044705668,9512,0.0993106
1000LUNCUSDT,SELL,LIMIT,1701044709138,1538,0.0991320
1000LUNCUSDT,SELL,LIMIT,1701044710871,177,0.0990971
1000LUNCUSDT,SELL,LIMIT,1701044711976,28554,0.0990641
1000LUNCUSDT,SELL,LIMIT,1701044714654,59,0.0989298
1000LUNCUSDT,SELL,LIMIT,1701044731146,30000,0.0988819
1000LUNCUSDT,SELL,LIMIT,1701044733505,1316,0.0988365
1000LUNCUSDT,SELL,LIMIT,1701045076389,4223,0.0987269
1000LUNCUSDT,SELL,LIMIT,1701045080756,47630,0.0986193
1000LUNCUSDT,SELL,LIMIT,1701045085293,2324,0.0985796
1000LUNCUSDT,SELL,LIMIT,1701045103908,3564,0.0984349
1000LUNCUSDT,SELL,LIMIT,1701045105105,131,0.0983835
1000LUNCUSDT,SELL,LIMIT,1701045108414,8090,0.0983121
1000LUNCUSDT,SELL,LIMIT,1701045110663,354,0.0982354
1000LUNCUSDT,SELL,LIMIT,1701045116067,43478,0.0982042
1000LUNCUSDT,SELL,LIMIT,1701045118293,7426,0.0981665
1000LUNCUSDT,SELL,LIMIT,1701045217473,50037,0.0981975
1000LUNCUSDT,SELL,LIMIT,1701045233585,838,0.0980658
1000LUNCUSDT,SELL,LIMIT,1701045236145,6089,0.0980507
1000LUNCUSDT,SELL,LIMIT,1701045238547,266,0.0980191
1000LUNCUSDT,SELL,LIMIT,1701045241038,439,0.0979124
1000LUNCUSDT,SELL,LIMIT,1701045242040,49945,0.0978828
1000LUNCUSDT,SELL,LIMIT,1701045243109,148,0.0978258
1000LUNCUSDT,SELL,LIMIT,1701045244679,4653,0.0977623
1000LUNCUSDT,SELL,LIMIT,1701045246130,1583,0.0977228
1000LUNCUSDT,SELL,LIMIT,1701045248355,3279,0.0976771
1000LUNCUSDT,SELL,LIMIT,1701045249431,2417,0.0976474
1000LUNCUSDT,SELL,LIMIT,1701045254796,2660,0.0975305
1000LUNCUSDT,SELL,LIMIT,1701045273871,255,0.0975162
1000LUNCUSDT,SELL,LIMIT,1701045277779,100,0.0974312
1000LUNCUSDT,SELL,LIMIT,1701045283394,29252,0.0973470
1000LUNCUSDT,SELL,LIMIT,1701045285068,7467,0.0972459
1000LUNCUSDT,SELL,LIMIT,1701045286088,7225,0.0972611
1000LUNCUSDT,SELL,LIMIT,1701045340054,5024,0.0971165
1000LUNCUSDT,SELL,LIMIT,1701045341685,48875,0.0970845
1000LUNCUSDT,SELL,LIMIT,1701045342925,68,0.0970282
1000LUNCUSDT,SELL,LIMIT,1701045344477,3514,0.0969076
1000LUNCUSDT,SELL,LIMIT,1701045345775,1974,0.0967847
1000LUNCUSDT,SELL,LIMIT,1701045346974,10092,0.0967537
1000LUNCUSDT,SELL,LIMIT,1701045350099,1120,0.0966854
1000LUNCUSDT,SELL,LIMIT,1701045351320,895,0.0966576
1000LUNCUSDT,SELL,LIMIT,1701045352392,1617,0.0965967
1000LUNCUSDT,SELL,LIMIT,1701045353396,4293,0.0965187
1000LUNCUSDT,SELL,LIMIT,1701045354397,12236,0.0964090
1000LUNCUSDT,BUY,LIMIT,1701045445517,15750,0.0994601
1000LUNCUSDT,BUY,LIMIT,1701045500844,1716,0.0996441
1000LUNCUSDT,BUY,LIMIT,1701045520706,1431,0.0999675
1000LUNCUSDT,BUY,LIMIT,1701045534074,510,0.1001047
1000LUNCUSDT,SELL,LIMIT,1701045629385,366,0.0972752
1000LUNCUSDT,SELL,LIMIT,1701045630576,3743,0.0970973
1000LUNCUSDT,SELL,LIMIT,1701045682547,24725,0.0969989
1000LUNCUSDT,SELL,LIMIT,1701045693241,2480,0.0968439
1000LUNCUSDT,SELL,LIMIT,1701045694556,908,0.0968110
1000LUNCUSDT,SELL,LIMIT,1701045773270,179,0.0965242
1000LUNCUSDT,SELL,LIMIT,1701045774306,1323,0.0962043
1000LUNCUSDT,SELL,LIMIT,1701045775319,2384,0.0960622
1000LUNCUSDT,SELL,LIMIT,1701045776338,430,0.0958055
1000LUNCUSDT,SELL,LIMIT,1701045778080,792,0.0956050
1000LUNCUSDT,SELL,LIMIT,1701045779140,400,0.0955031
1000LUNCUSDT,SELL,LIMIT,1701045780167,846,0.0951990
1000LUNCUSDT,SELL,LIMIT,1701045781152,2055,0.0954138
1000LUNCUSDT,SELL,LIMIT,1701045782238,9266,0.0950786
1000LUNCUSDT,SELL,LIMIT,1701045783289,2642,0.0949931
1000LUNCUSDT,SELL,LIMIT,1701045784305,2099,0.0950116
1000LUNCUSDT,SELL,LIMIT,1701045786099,4141,0.0947975
1000LUNCUSDT,SELL,LIMIT,1701045787148,61028,0.0945334
1000LUNCUSDT,SELL,LIMIT,1701045802553,15637,0.0949213
1000LUNCUSDT,SELL,LIMIT,1701045805175,3031,0.0946441
1000LUNCUSDT,SELL,LIMIT,1701045811130,2308,0.0946013
1000LUNCUSDT,SELL,LIMIT,1701045867214,2651,0.0945727
1000LUNCUSDT,SELL,LIMIT,1701045868270,55,0.0945317
1000LUNCUSDT,SELL,LIMIT,1701045869373,91,0.0945069
1000LUNCUSDT,SELL,LIMIT,1701045870435,223,0.0944383
1000LUNCUSDT,SELL,LIMIT,1701045871500,22504,0.0943937
1000LUNCUSDT,BUY,LIMIT,1701045977371,523,0.0974743
1000LUNCUSDT,BUY,LIMIT,1701045980118,728,0.0976260
1000LUNCUSDT,SELL,LIMIT,1701046086110,9645,0.0952058
1000LUNCUSDT,SELL,LIMIT,1701046111646,4198,0.0948182
1000LUNCUSDT,BUY,LIMIT,1701046153363,325,0.0976273
1000LUNCUSDT,BUY,LIMIT,1701046154682,8365,0.0976976
1000LUNCUSDT,BUY,LIMIT,1701046157533,6582,0.0978739
1000LUNCUSDT,BUY,LIMIT,1701046160461,3930,0.0979674
1000LUNCUSDT,BUY,LIMIT,1701046162137,97,0.0979985
1000LUNCUSDT,BUY,LIMIT,1701046163449,856,0.0980224
1000LUNCUSDT,BUY,LIMIT,1701046165364,265,0.0982038
1000LUNCUSDT,BUY,LIMIT,1701046221068,2683,0.0984819
1000LUNCUSDT,BUY,LIMIT,1701046228636,258,0.0985471
1000LUNCUSDT,BUY,LIMIT,1701046466534,24429,0.0988385
1000LUNCUSDT,BUY,LIMIT,1701046814776,609,0.0985059
1000LUNCUSDT,SELL,LIMIT,1701046873411,183,0.0966900
1000LUNCUSDT,SELL,LIMIT,1701046878780,3437,0.0958330
1000LUNCUSDT,SELL,LIMIT,1701046881609,127,0.0956274
1000LUNCUSDT,SELL,LIMIT,1701046960446,5433,0.0955169
1000LUNCUSDT,BUY,LIMIT,1701047027222,5922,0.0984567
1000LUNCUSDT,BUY,LIMIT,1701047029699,340,0.0985828
1000LUNCUSDT,BUY,LIMIT,1701047036222,5765,0.0987578
1000LUNCUSDT,BUY,LIMIT,1701047050430,1559,0.0987753
1000LUNCUSDT,BUY,LIMIT,1701047106796,2626,0.0989621
1000LUNCUSDT,BUY,LIMIT,1701047109137,14439,0.0990358
1000LUNCUSDT,BUY,LIMIT,1701047110150,68,0.0990655
1000LUNCUSDT,BUY,LIMIT,1701047111183,977,0.0990554
1000LUNCUSDT,BUY,LIMIT,1701047112425,24163,0.0992101
1000LUNCUSDT,BUY,LIMIT,1701047114504,5149,0.0992877
1000LUNCUSDT,BUY,LIMIT,1701047141096,51387,0.0993595
1000LUNCUSDT,BUY,LIMIT,1701047143240,5685,0.0994938
1000LUNCUSDT,SELL,LIMIT,1701047575282,1064,0.0964812
1000LUNCUSDT,SELL,LIMIT,1701047609303,5581,0.0963132
1000LUNCUSDT,SELL,LIMIT,1701047722462,535,0.0962548
1000LUNCUSDT,BUY,LIMIT,1701047879623,152,0.0989838
1000LUNCUSDT,BUY,LIMIT,1701047891086,4114,0.0990519
1000LUNCUSDT,BUY,LIMIT,1701047892326,8100,0.0990787
1000LUNCUSDT,BUY,LIMIT,1701048068073,364,0.0992150
1000LUNCUSDT,SELL,LIMIT,1701048390075,2301,0.0977845
1000LUNCUSDT,SELL,LIMIT,1701048514295,8750,0.0962141
1000LUNCUSDT,SELL,LIMIT,1701048521048,87,0.0959332
1000LUNCUSDT,SELL,LIMIT,1701048522240,2092,0.0959300
1000LUNCUSDT,SELL,LIMIT,1701048524554,672,0.0958725
1000LUNCUSDT,SELL,LIMIT,1701048527095,15306,0.0958548
1000LUNCUSDT,SELL,LIMIT,1701048556201,8005,0.0957057
1000LUNCUSDT,SELL,LIMIT,1701048557397,2013,0.0957323
1000LUNCUSDT,SELL,LIMIT,1701048562425,7136,0.0956197
1000LUNCUSDT,SELL,LIMIT,1701048572097,1117,0.0954979
1000LUNCUSDT,SELL,LIMIT,1701048812662,2197,0.0954847
1000LUNCUSDT,SELL,LIMIT,1701048866500,51109,0.0954040
1000LUNCUSDT,SELL,LIMIT,1701049046267,30124,0.0952487
1000LUNCUSDT,BUY,LIMIT,1701049146116,3574,0.0981373
1000LUNCUSDT,BUY,LIMIT,1701049160096,975,0.0983488
1000LUNCUSDT,BUY,LIMIT,1701049161279,5179,0.0984209
1000LUNCUSDT,BUY,LIMIT,1701049188048,204,0.0986673
1000LUNCUSDT,BUY,LIMIT,1701049289463,38462,0.0988135
1000LUNCUSDT,BUY,LIMIT,1701049326518,2752,0.0989249
1000LUNCUSDT,BUY,LIMIT,1701049328762,143,0.0989818
1000LUNCUSDT,BUY,LIMIT,1701049388798,1347,0.0985019
1000LUNCUSDT,BUY,LIMIT,1701049647596,875,0.0990522
1000LUNCUSDT,BUY,LIMIT,1701049657318,4800,0.0992381
1000LUNCUSDT,BUY,LIMIT,1701049664914,3218,0.0993648
1000LUNCUSDT,BUY,LIMIT,1701049779077,5225,0.0994375
1000LUNCUSDT,BUY,LIMIT,1701049780171,9504,0.0995916
1000LUNCUSDT,BUY,LIMIT,1701049783212,853,0.0997377
1000LUNCUSDT,BUY,LIMIT,1701049784535,7772,0.0997796
1000LUNCUSDT,BUY,LIMIT,1701049786001,10575,0.0998315
1000LUNCUSDT,SELL,LIMIT,1701049918978,800,0.0967612
1000LUNCUSDT,SELL,LIMIT,1701050114759,8955,0.0966122
1000LUNCUSDT,SELL,LIMIT,1701050120414,3351,0.0965744
1000LUNCUSDT,SELL,LIMIT,1701050315378,11261,0.0964322
1000LUNCUSDT,SELL,LIMIT,1701050418428,1281,0.0961107
1000LUNCUSDT,SELL,LIMIT,1701050421157,8259,0.0960988
1000LUNCUSDT,SELL,LIMIT,1701050530501,85,0.0970635
1000LUNCUSDT,SELL,LIMIT,1701051236775,9186,0.0959580
1000LUNCUSDT,SELL,LIMIT,1701051246142,379,0.0958317
1000LUNCUSDT,SELL,LIMIT,1701051335166,4635,0.0959769
1000LUNCUSDT,BUY,LIMIT,1701051559601,1893,0.0987839
1000LUNCUSDT,BUY,LIMIT,1701051560775,331,0.0987977
1000LUNCUSDT,SELL,LIMIT,1701051911324,108,0.0971004
1000LUNCUSDT,SELL,LIMIT,1701052495285,190,0.0958048
1000LUNCUSDT,SELL,LIMIT,1701052498533,6159,0.0956405
1000LUNCUSDT,SELL,LIMIT,1701052499755,174,0.0955631
1000LUNCUSDT,SELL,LIMIT,1701052551961,50477,0.0957501
1000LUNCUSDT,SELL,LIMIT,1701052570601,2450,0.0955422
1000LUNCUSDT,SELL,LIMIT,1701052572250,41016,0.0955108
1000LUNCUSDT,SELL,LIMIT,1701052573517,2128,0.0954814
1000LUNCUSDT,SELL,LIMIT,1701052576643,196,0.0954519
1000LUNCUSDT,SELL,LIMIT,1701052581018,39919,0.0953644
1000LUNCUSDT,SELL,LIMIT,1701052583331,7068,0.0952423
1000LUNCUSDT,SELL,LIMIT,1701052584523,105,0.0951674
1000LUNCUSDT,SELL,LIMIT,1701052622296,3960,0.0951403
1000LUNCUSDT,SELL,LIMIT,1701052624577,4000,0.0949926
1000LUNCUSDT,SELL,LIMIT,1701052647475,1669,0.0950840
1000LUNCUSDT,SELL,LIMIT,1701052896141,1738,0.0949284
1000LUNCUSDT,SELL,LIMIT,1701052898405,423,0.0948691
1000LUNCUSDT,SELL,LIMIT,1701052899956,1839,0.0948220
1000LUNCUSDT,SELL,LIMIT,1701052902306,11344,0.0947288
1000LUNCUSDT,SELL,LIMIT,1701052919350,51690,0.0945999
1000LUNCUSDT,SELL,LIMIT,1701052953455,3564,0.0944841
1000LUNCUSDT,SELL,LIMIT,1701052954479,1562,0.0942680
1000LUNCUSDT,SELL,LIMIT,1701052955520,751,0.0938462
1000LUNCUSDT,SELL,LIMIT,1701052957090,175,0.0936218
1000LUNCUSDT,SELL,LIMIT,1701052958120,815,0.0936288
1000LUNCUSDT,SELL,LIMIT,1701052959128,899,0.0935908
1000LUNCUSDT,SELL,LIMIT,1701052960214,16433,0.0936062
1000LUNCUSDT,BUY,LIMIT,1701054044045,1081,0.0975946
1000LUNCUSDT,BUY,LIMIT,1701054067306,22806,0.0977724
1000LUNCUSDT,BUY,LIMIT,1701054068459,1355,0.0977852
1000LUNCUSDT,BUY,LIMIT,1701054211058,15601,0.0979008
1000LUNCUSDT,BUY,LIMIT,1701054212854,234,0.0979474
1000LUNCUSDT,BUY,LIMIT,1701054214108,51449,0.0980811
1000LUNCUSDT,BUY,LIMIT,1701054215163,52067,0.0981218
1000LUNCUSDT,BUY,LIMIT,1701054236306,794,0.0982524
1000LUNCUSDT,BUY,LIMIT,1701054237361,266,0.0982789
1000LUNCUSDT,BUY,LIMIT,1701054238574,896,0.0984908
1000LUNCUSDT,BUY,LIMIT,1701054244153,51668,0.0986176
1000LUNCUSDT,BUY,LIMIT,1701054245180,278,0.0986487
1000LUNCUSDT,SELL,LIMIT,1701054439586,65,0.0978274
1000LUNCUSDT,SELL,LIMIT,1701054468550,4064,0.0953014
1000LUNCUSDT,SELL,LIMIT,1701054521529,56,0.0952132
1000LUNCUSDT,SELL,LIMIT,1701054928351,49982,0.0949020
1000LUNCUSDT,SELL,LIMIT,1701054951685,2127,0.0948718
1000LUNCUSDT,SELL,LIMIT,1701054980446,362,0.0948223
1000LUNCUSDT,SELL,LIMIT,1701055038746,52143,0.0946639
1000LUNCUSDT,SELL,LIMIT,1701055054103,505,0.0944686
1000LUNCUSDT,SELL,LIMIT,1701055056367,15592,0.0944063
1000LUNCUSDT,SELL,LIMIT,1701055059309,5025,0.0943130
1000LUNCUSDT,SELL,LIMIT,1701055062791,199,0.0943180
1000LUNCUSDT,SELL,LIMIT,1701055074051,237,0.0942271
1000LUNCUSDT,SELL,LIMIT,1701055083289,5204,0.0941778
1000LUNCUSDT,SELL,LIMIT,1701055090331,239,0.0940492
1000LUNCUSDT,SELL,LIMIT,1701055337190,5675,0.0936901
1000LUNCUSDT,SELL,LIMIT,1701055343116,9302,0.0935692
1000LUNCUSDT,SELL,LIMIT,1701055344200,1231,0.0935438
1000LUNCUSDT,SELL,LIMIT,1701055346316,973,0.0934192
1000LUNCUSDT,SELL,LIMIT,1701055348537,141,0.0934153
1000LUNCUSDT,SELL,LIMIT,1701055691254,12538,0.0938026
1000LUNCUSDT,SELL,LIMIT,1701055997003,333,0.0935641
1000LUNCUSDT,SELL,LIMIT,1701056007358,1208,0.0934206
1000LUNCUSDT,SELL,LIMIT,1701056009084,7914,0.0933887
1000LUNCUSDT,SELL,LIMIT,1701056010152,3030,0.0933563
1000LUNCUSDT,SELL,LIMIT,1701056011259,66397,0.0930103
1000LUNCUSDT,SELL,LIMIT,1701056012365,518,0.0932433
1000LUNCUSDT,SELL,LIMIT,1701056014655,664,0.0932012
1000LUNCUSDT,SELL,LIMIT,1701056032437,213,0.0931619
1000LUNCUSDT,SELL,LIMIT,1701056037114,49413,0.0931377
1000LUNCUSDT,SELL,LIMIT,1701056038389,156,0.0931263
1000LUNCUSDT,SELL,LIMIT,1701056039550,33520,0.0930747
1000LUNCUSDT,SELL,LIMIT,1701056041658,3491,0.0930605
1000LUNCUSDT,SELL,LIMIT,1701056043057,921,0.0929476
1000LUNCUSDT,SELL,LIMIT,1701056044082,1438,0.0929037
1000LUNCUSDT,SELL,LIMIT,1701056045218,1229,0.0928964
1000LUNCUSDT,SELL,LIMIT,1701056050924,591,0.0928918
1000LUNCUSDT,SELL,LIMIT,1701056053416,2431,0.0928324
1000LUNCUSDT,SELL,LIMIT,1701056054889,5329,0.0928153
1000LUNCUSDT,SELL,LIMIT,1701056057118,23812,0.0928079
1000LUNCUSDT,SELL,LIMIT,1701056090996,4809,0.0929413
1000LUNCUSDT,SELL,LIMIT,1701056138293,51,0.0930698
1000LUNCUSDT,SELL,LIMIT,1701056140142,51,0.0930586
1000LUNCUSDT,SELL,LIMIT,1701056158467,51,0.0929948
1000LUNCUSDT,SELL,LIMIT,1701056302248,1698,0.0934653
1000LUNCUSDT,BUY,LIMIT,1701056381066,17179,0.0956192
1000LUNCUSDT,BUY,LIMIT,1701056417187,9486,0.0957797
1000LUNCUSDT,BUY,LIMIT,1701056489586,2571,0.0958256
1000LUNCUSDT,SELL,LIMIT,1701056751174,347,0.0930211
1000LUNCUSDT,SELL,LIMIT,1701056754469,26184,0.0929659
1000LUNCUSDT,SELL,LIMIT,1701056891115,8194,0.0930646
1000LUNCUSDT,SELL,LIMIT,1701056892256,21747,0.0928560
1000LUNCUSDT,SELL,LIMIT,1701056895152,3974,0.0927633
1000LUNCUSDT,SELL,LIMIT,1701056896696,1096,0.0926471
1000LUNCUSDT,SELL,LIMIT,1701056898272,198,0.0926167
1000LUNCUSDT,SELL,LIMIT,1701056899365,7790,0.0925270
1000LUNCUSDT,SELL,LIMIT,1701056900426,52910,0.0925270
1000LUNCUSDT,SELL,LIMIT,1701056914087,1377,0.0924513
1000LUNCUSDT,SELL,LIMIT,1701056915945,6408,0.0924448
1000LUNCUSDT,SELL,LIMIT,1701057694190,2998,0.0925394
1000LUNCUSDT,SELL,LIMIT,1701057774933,1689,0.0924431
1000LUNCUSDT,SELL,LIMIT,1701057778264,68,0.0924264
1000LUNCUSDT,SELL,LIMIT,1701057779503,984,0.0924001
1000LUNCUSDT,SELL,LIMIT,1701057781124,985,0.0923440
1000LUNCUSDT,SELL,LIMIT,1701057783112,105,0.0922762
1000LUNCUSDT,SELL,LIMIT,1701057784356,52073,0.0923203
1000LUNCUSDT,BUY,LIMIT,1701058346048,15667,0.0953695
1000LUNCUSDT,BUY,LIMIT,1701058348217,541,0.0954761
1000LUNCUSDT,BUY,LIMIT,1701058349844,9092,0.0955304
1000LUNCUSDT,BUY,LIMIT,1701058350909,18958,0.0955695
1000LUNCUSDT,BUY,LIMIT,1701058455336,16023,0.0955860
1000LUNCUSDT,BUY,LIMIT,1701058461303,3260,0.0956737
1000LUNCUSDT,BUY,LIMIT,1701058469620,19289,0.0957653
1000LUNCUSDT,SELL,LIMIT,1701058826214,2150,0.0927538
1000LUNCUSDT,SELL,LIMIT,1701058828211,536,0.0926572
1000LUNCUSDT,SELL,LIMIT,1701058860337,26856,0.0925232
1000LUNCUSDT,SELL,LIMIT,1701058869532,23852,0.0923292
1000LUNCUSDT,SELL,LIMIT,1701058914057,86,0.0923020
1000LUNCUSDT,SELL,LIMIT,1701058919954,15000,0.0922731
1000LUNCUSDT,SELL,LIMIT,1701058954505,6321,0.0922515
1000LUNCUSDT,SELL,LIMIT,1701058956233,30259,0.0921202
1000LUNCUSDT,SELL,LIMIT,1701058957274,892,0.0921213
1000LUNCUSDT,SELL,LIMIT,1701058958297,63847,0.0918671
1000LUNCUSDT,SELL,LIMIT,1701058959391,53699,0.0919840
1000LUNCUSDT,SELL,LIMIT,1701058960928,698,0.0918679
1000LUNCUSDT,SELL,LIMIT,1701058961930,62034,0.0915540
1000LUNCUSDT,SELL,LIMIT,1701058963183,59,0.0916665
1000LUNCUSDT,SELL,LIMIT,1701058977382,133816,0.0907938
1000LUNCUSDT,SELL,LIMIT,1701058978395,2908,0.0915599
1000LUNCUSDT,SELL,LIMIT,1701058983119,795,0.0915456
1000LUNCUSDT,SELL,LIMIT,1701058985537,981,0.0915456
1000LUNCUSDT,SELL,LIMIT,1701058986658,9463,0.0914507
1000LUNCUSDT,SELL,LIMIT,1701058988211,52341,0.0914270
1000LUNCUSDT,SELL,LIMIT,1701058989268,478,0.0914352
1000LUNCUSDT,BUY,LIMIT,1701059095818,2569,0.0942749
1000LUNCUSDT,BUY,LIMIT,1701059190839,8856,0.0951317
1000LUNCUSDT,BUY,LIMIT,1701059193529,3588,0.0951489
1000LUNCUSDT,BUY,LIMIT,1701059204049,38362,0.0952465
1000LUNCUSDT,BUY,LIMIT,1701059244521,1592,0.0956599
1000LUNCUSDT,BUY,LIMIT,1701059247813,28645,0.0957011
1000LUNCUSDT,BUY,LIMIT,1701059487139,18082,0.0957693
1000LUNCUSDT,BUY,LIMIT,1701059489508,110,0.0958895
1000LUNCUSDT,BUY,LIMIT,1701059491464,1067,0.0959403
1000LUNCUSDT,BUY,LIMIT,1701059494174,16038,0.0960640
1000LUNCUSDT,BUY,LIMIT,1701059496557,402,0.0961514
1000LUNCUSDT,BUY,LIMIT,1701059499524,52971,0.0962589
1000LUNCUSDT,BUY,LIMIT,1701059502183,19318,0.0963405
1000LUNCUSDT,BUY,LIMIT,1701059503249,19528,0.0964880
1000LUNCUSDT,BUY,LIMIT,1701059506185,1124,0.0965146
1000LUNCUSDT,BUY,LIMIT,1701059507381,3560,0.0965350
1000LUNCUSDT,BUY,LIMIT,1701059509994,12814,0.0965093
1000LUNCUSDT,BUY,LIMIT,1701059512055,526,0.0966213
1000LUNCUSDT,BUY,LIMIT,1701059513401,501,0.0966579
1000LUNCUSDT,BUY,LIMIT,1701059519247,3388,0.0967215
1000LUNCUSDT,BUY,LIMIT,1701059520727,1065,0.0967532
1000LUNCUSDT,BUY,LIMIT,1701059521916,777,0.0968185
1000LUNCUSDT,BUY,LIMIT,1701059538289,53689,0.0969507
1000LUNCUSDT,BUY,LIMIT,1701059539334,764,0.0968245
1000LUNCUSDT,BUY,LIMIT,1701059540462,18816,0.0969741
1000LUNCUSDT,BUY,LIMIT,1701059543105,82,0.0971523
1000LUNCUSDT,BUY,LIMIT,1701059708946,10623,0.0972314
1000LUNCUSDT,SELL,LIMIT,1701059767466,358,0.0976056
1000LUNCUSDT,BUY,LIMIT,1701060433636,52465,0.0971252
1000LUNCUSDT,BUY,LIMIT,1701060437430,4526,0.0972965
1000LUNCUSDT,BUY,LIMIT,1701060439489,3043,0.0973096
1000LUNCUSDT,BUY,LIMIT,1701060441152,1589,0.0974135
1000LUNCUSDT,BUY,LIMIT,1701060442197,1338,0.0974619
1000LUNCUSDT,BUY,LIMIT,1701060443284,3916,0.0975237
1000LUNCUSDT,BUY,LIMIT,1701060451323,301,0.0976172
1000LUNCUSDT,BUY,LIMIT,1701060476250,2221,0.0976378
1000LUNCUSDT,BUY,LIMIT,1701060477787,15543,0.0976519
1000LUNCUSDT,BUY,LIMIT,1701060479023,23721,0.0976711
1000LUNCUSDT,BUY,LIMIT,1701060480417,6386,0.0977673
1000LUNCUSDT,BUY,LIMIT,1701060481516,2368,0.0979504
1000LUNCUSDT,BUY,LIMIT,1701060482545,18263,0.0980775
1000LUNCUSDT,BUY,LIMIT,1701060483578,1902,0.0981232
1000LUNCUSDT,BUY,LIMIT,1701060484800,2861,0.0982331
1000LUNCUSDT,BUY,LIMIT,1701060486163,1879,0.0982893
1000LUNCUSDT,BUY,LIMIT,1701060487176,6502,0.0983669
1000LUNCUSDT,SELL,LIMIT,1701060820642,28774,0.0954316
1000LUNCUSDT,SELL,LIMIT,1701060896282,5139,0.0953138
1000LUNCUSDT,SELL,LIMIT,1701060897385,806,0.0952952
1000LUNCUSDT,SELL,LIMIT,1701061440012,3519,0.0950795
1000LUNCUSDT,SELL,LIMIT,1701061444463,92,0.0950205
1000LUNCUSDT,SELL,LIMIT,1701061465105,5700,0.0948970
1000LUNCUSDT,BUY,LIMIT,1701061758147,7025,0.0977942
1000LUNCUSDT,BUY,LIMIT,1701061810399,94,0.0978562
1000LUNCUSDT,BUY,LIMIT,1701061861630,26206,0.0981920
1000LUNCUSDT,BUY,LIMIT,1701061867447,3113,0.0982189
1000LUNCUSDT,BUY,LIMIT,1701061913012,6533,0.0984108
1000LUNCUSDT,BUY,LIMIT,1701061914500,15398,0.0985168
1000LUNCUSDT,BUY,LIMIT,1701062030154,110,0.0985231
1000LUNCUSDT,BUY,LIMIT,1701062031475,1277,0.0985364
1000LUNCUSDT,BUY,LIMIT,1701062032633,68,0.0985817
1000LUNCUSDT,BUY,LIMIT,1701062033785,1030,0.0986077
1000LUNCUSDT,BUY,LIMIT,1701062036346,23510,0.0986812
1000LUNCUSDT,BUY,LIMIT,1701062037730,76,0.0987846
1000LUNCUSDT,BUY,LIMIT,1701062039469,2053,0.0988244
1000LUNCUSDT,BUY,LIMIT,1701062043171,4051,0.0988535
1000LUNCUSDT,BUY,LIMIT,1701062044557,1384,0.0988783
1000LUNCUSDT,BUY,LIMIT,1701062048263,51546,0.0989206
1000LUNCUSDT,BUY,LIMIT,1701062049549,1947,0.0989446
1000LUNCUSDT,BUY,LIMIT,1701062050616,1175,0.0990127
1000LUNCUSDT,BUY,LIMIT,1701062051646,2122,0.0992698
1000LUNCUSDT,BUY,LIMIT,1701062052715,1425,0.0993707
1000LUNCUSDT,BUY,LIMIT,1701062053717,38073,0.0994069
1000LUNCUSDT,BUY,LIMIT,1701062056085,290,0.0995117
1000LUNCUSDT,BUY,LIMIT,1701062057401,7114,0.0995048
1000LUNCUSDT,BUY,LIMIT,1701062063820,688,0.0995264
1000LUNCUSDT,BUY,LIMIT,1701062068313,53,0.0996113
1000LUNCUSDT,BUY,LIMIT,1701062072072,16894,0.0996476
1000LUNCUSDT,BUY,LIMIT,1701062073083,261254,0.1009899
1000LUNCUSDT,BUY,LIMIT,1701062074088,10280,0.0998113
1000LUNCUSDT,BUY,LIMIT,1701062075140,2679,0.0997788
1000LUNCUSDT,BUY,LIMIT,1701062083703,4448,0.0999032
1000LUNCUSDT,BUY,LIMIT,1701062091221,7048,0.0998811
1000LUNCUSDT,BUY,LIMIT,1701062092405,9196,0.0999086
1000LUNCUSDT,BUY,LIMIT,1701062200929,31562,0.0997324
1000LUNCUSDT,BUY,LIMIT,1701062203064,10333,0.0999523
1000LUNCUSDT,BUY,LIMIT,1701062204275,24138,0.0999309
1000LUNCUSDT,BUY,LIMIT,1701062206430,461,0.0999929
1000LUNCUSDT,BUY,LIMIT,1701062207655,48548,0.1000467
1000LUNCUSDT,BUY,LIMIT,1701062225211,43063,0.1002029
1000LUNCUSDT,BUY,LIMIT,1701062226904,7694,0.1003062
1000LUNCUSDT,BUY,LIMIT,1701062238087,5529,0.1000910
1000LUNCUSDT,BUY,LIMIT,1701062256113,1814,0.1003929
1000LUNCUSDT,BUY,LIMIT,1701062257196,1321,0.1003431
1000LUNCUSDT,SELL,LIMIT,1701062473487,29693,0.0973171
1000LUNCUSDT,SELL,LIMIT,1701062481228,253,0.0972190
1000LUNCUSDT,SELL,LIMIT,1701062734227,2379,0.0971579
1000LUNCUSDT,SELL,LIMIT,1701062735490,5101,0.0970948
1000LUNCUSDT,SELL,LIMIT,1701062743128,752,0.0970431
1000LUNCUSDT,SELL,LIMIT,1701062746714,10404,0.0969299
1000LUNCUSDT,SELL,LIMIT,1701062747869,783,0.0968294
1000LUNCUSDT,SELL,LIMIT,1701062786089,25316,0.0967696
1000LUNCUSDT,SELL,LIMIT,1701062791820,175,0.0966917
1000LUNCUSDT,SELL,LIMIT,1701062793432,160,0.0966578
1000LUNCUSDT,SELL,LIMIT,1701062827429,2452,0.0965654
1000LUNCUSDT,SELL,LIMIT,1701062832859,1210,0.0965498
1000LUNCUSDT,SELL,LIMIT,1701062843727,23731,0.0964974
1000LUNCUSDT,SELL,LIMIT,1701062848308,1000,0.0964883
1000LUNCUSDT,SELL,LIMIT,1701062954348,30959,0.0964632
1000LUNCUSDT,SELL,LIMIT,1701062965801,9760,0.0963909
1000LUNCUSDT,SELL,LIMIT,1701062967473,861,0.0962944
1000LUNCUSDT,SELL,LIMIT,1701063015312,136,0.0962191
1000LUNCUSDT,SELL,LIMIT,1701063083567,11597,0.0960810
1000LUNCUSDT,SELL,LIMIT,1701063086793,4574,0.0958930
1000LUNCUSDT,BUY,LIMIT,1701063231128,298,0.0988922
1000LUNCUSDT,BUY,LIMIT,1701063264651,2912,0.0990891
1000LUNCUSDT,BUY,LIMIT,1701063274476,1387,0.0993294
1000LUNCUSDT,BUY,LIMIT,1701063276630,654,0.0994532
1000LUNCUSDT,BUY,LIMIT,1701063290213,17426,0.0995172
1000LUNCUSDT,BUY,LIMIT,1701063298801,38788,0.0996138
1000LUNCUSDT,BUY,LIMIT,1701063304619,139,0.0996738
1000LUNCUSDT,BUY,LIMIT,1701063306070,27132,0.0997388
1000LUNCUSDT,BUY,LIMIT,1701063390407,22006,0.0998513
1000LUNCUSDT,BUY,LIMIT,1701063594619,51171,0.1004263
1000LUNCUSDT,BUY,LIMIT,1701063617089,515,0.1004575
1000LUNCUSDT,BUY,LIMIT,1701063618224,16636,0.1004388
1000LUNCUSDT,BUY,LIMIT,1701063620235,7763,0.1005389
1000LUNCUSDT,BUY,LIMIT,1701063621274,543,0.1005287
1000LUNCUSDT,BUY,LIMIT,1701063624610,1570,0.1006805
1000LUNCUSDT,BUY,LIMIT,1701063625944,667,0.1006890
1000LUNCUSDT,BUY,LIMIT,1701063627329,163,0.1007228
1000LUNCUSDT,BUY,LIMIT,1701063633499,1097,0.1007594
1000LUNCUSDT,BUY,LIMIT,1701063636160,8547,0.1007868
1000LUNCUSDT,BUY,LIMIT,1701063638025,978,0.1008010
1000LUNCUSDT,BUY,LIMIT,1701063639063,521,0.1008254
1000LUNCUSDT,BUY,LIMIT,1701063640325,17971,0.1008434
1000LUNCUSDT,BUY,LIMIT,1701063641449,1622,0.1009046
1000LUNCUSDT,BUY,LIMIT,1701063642506,2027,0.1009791
1000LUNCUSDT,BUY,LIMIT,1701063643558,793,0.1010133
1000LUNCUSDT,BUY,LIMIT,1701063645186,84378,0.1018566
1000LUNCUSDT,BUY,LIMIT,1701064019373,1526,0.1012423
1000LUNCUSDT,BUY,LIMIT,1701064020434,62,0.1012966
1000LUNCUSDT,BUY,LIMIT,1701064021477,1232,0.1014191
1000LUNCUSDT,BUY,LIMIT,1701064023065,6431,0.1016497
1000LUNCUSDT,BUY,LIMIT,1701064025092,228,0.1017280
1000LUNCUSDT,BUY,LIMIT,1701064026174,14941,0.1017799
1000LUNCUSDT,BUY,LIMIT,1701064027342,1837,0.1018351
1000LUNCUSDT,BUY,LIMIT,1701064028717,62415,0.1023177
1000LUNCUSDT,BUY,LIMIT,1701064030146,822,0.1021187
1000LUNCUSDT,BUY,LIMIT,1701064036189,1275,0.1020154
1000LUNCUSDT,BUY,LIMIT,1701064115140,7199,0.1021260
1000LUNCUSDT,BUY,LIMIT,1701064116320,67146,0.1025754
1000LUNCUSDT,BUY,LIMIT,1701064117404,42144,0.1021953
1000LUNCUSDT,BUY,LIMIT,1701064118734,127498,0.1031671
1000LUNCUSDT,BUY,LIMIT,1701064121117,204,0.1023223
1000LUNCUSDT,BUY,LIMIT,1701064123517,7196,0.1022951
