Symbol,Side,Order Type,Time,Quantity,Price
1000FLOKIUSDT,SELL,LIMIT,1701067748377,20274,0.0309703
1000FLOKIUSDT,SELL,LIMIT,1701068197267,4021,0.0307151
1000FLOKIUSDT,SELL,LIMIT,1701068334611,53036,0.0306559
1000FLOKIUSDT,SELL,LIMIT,1701068374811,737987,0.0305262
1000FLOKIUSDT,SELL,LIMIT,1701069557683,625,0.0306872
1000FLOKIUSDT,SELL,LIMIT,1701069639216,6404,0.0306574
1000FLOKIUSDT,SELL,LIMIT,1701069791217,2412,0.0306302
1000FLOKIUSDT,SELL,LIMIT,1701069799514,1471,0.0306111
1000FLOKIUSDT,SELL,LIMIT,1701069809308,26331,0.0305765
1000FLOKIUSDT,SELL,LIMIT,1701069810335,4415,0.0305599
1000FLOKIUSDT,SELL,LIMIT,1701069825095,6470,0.0305213
1000FLOKIUSDT,SELL,LIMIT,1701069828908,3850,0.0305175
1000FLOKIUSDT,SELL,LIMIT,1701069836434,2948,0.0305056
1000FLOKIUSDT,SELL,LIMIT,1701069842240,6141,0.0304957
1000FLOKIUSDT,SELL,LIMIT,1701069857852,7610,0.0304450
1000FLOKIUSDT,SELL,LIMIT,1701069883218,24838,0.0304074
1000FLOKIUSDT,SELL,LIMIT,1701069896797,61017,0.0304009
1000FLOKIUSDT,SELL,LIMIT,1701069900715,50871,0.0303912
1000FLOKIUSDT,SELL,LIMIT,1701069902118,6593,0.0303861
1000FLOKIUSDT,SELL,LIMIT,1701070173994,3132,0.0303395
1000FLOKIUSDT,SELL,LIMIT,1701081207194,3023,0.0303113
1000FLOKIUSDT,SELL,LIMIT,1701081332693,1768,0.0302951
1000FLOKIUSDT,SELL,LIMIT,1701081436459,14802,0.0302740
1000FLOKIUSDT,SELL,LIMIT,1701081444124,2323,0.0302464
1000FLOKIUSDT,SELL,LIMIT,1701081451738,1600,0.0302425
1000FLOKIUSDT,SELL,LIMIT,1701081454759,623,0.0302230
1000FLOKIUSDT,SELL,LIMIT,1701081487590,2111,0.0301927
1000FLOKIUSDT,SELL,LIMIT,1701081490153,6277,0.0301896
1000FLOKIUSDT,SELL,LIMIT,1701081496922,9700,0.0301808
1000FLOKIUSDT,SELL,LIMIT,1701081498117,5964,0.0301693
1000FLOKIUSDT,SELL,LIMIT,1701081499122,13554,0.0301496
1000FLOKIUSDT,SELL,LIMIT,1701081585754,771,0.0301556
1000FLOKIUSDT,SELL,LIMIT,1701082054742,7893,0.0301395
1000FLOKIUSDT,SELL,LIMIT,1701082126191,53299,0.0301043
1000FLOKIUSDT,SELL,LIMIT,1701082139277,2994,0.0300768
1000FLOKIUSDT,SELL,LIMIT,1701082584487,2973,0.0300877
1000FLOKIUSDT,SELL,LIMIT,1701082632807,12735,0.0300275
1000FLOKIUSDT,SELL,LIMIT,1701082688945,354,0.0300273
1000FLOKIUSDT,SELL,LIMIT,1701082692628,247,0.0300216
1000FLOKIUSDT,SELL,LIMIT,1701082697818,4252,0.0300175
1000FLOKIUSDT,SELL,LIMIT,1701082707491,1420,0.0300138
1000FLOKIUSDT,SELL,LIMIT,1701097088558,4429,0.0301857
1000FLOKIUSDT,SELL,LIMIT,1701100284953,2014,0.0302429
1000FLOKIUSDT,SELL,LIMIT,1701100287318,6630,0.0303209
1000FLOKIUSDT,SELL,LIMIT,1701100573906,20313,0.0302014
1000FLOKIUSDT,SELL,LIMIT,1701100618166,3717,0.0301946
1000FLOKIUSDT,SELL,LIMIT,1701101007837,461,0.0302231
1000FLOKIUSDT,SELL,LIMIT,1701114234550,209,0.0300352
1000FLOKIUSDT,SELL,LIMIT,1701114261760,237,0.0299839
1000FLOKIUSDT,SELL,LIMIT,1701114274403,21564,0.0299503
1000FLOKIUSDT,SELL,LIMIT,1701114352849,248,0.0299587
1000FLOKIUSDT,SELL,LIMIT,1701114469566,306,0.0299129
1000FLOKIUSDT,SELL,LIMIT,1701114472743,37787,0.0299100
1000FLOKIUSDT,SELL,LIMIT,1701114476985,10340,0.0299453
1000FLOKIUSDT,SELL,LIMIT,1701114489469,9273,0.0299195
1000FLOKIUSDT,SELL,LIMIT,1701117177222,26516,0.0300543
1000FLOKIUSDT,SELL,LIMIT,1701127053877,162,0.0307260
1000FLOKIUSDT,SELL,LIMIT,1701148136460,3260,0.0302852
1000FLOKIUSDT,SELL,LIMIT,1701149888286,156,0.0301197
1000FLOKIUSDT,SELL,LIMIT,1701149892067,39246,0.0300937
1000FLOKIUSDT,BUY,LIMIT,1701165407092,294,0.0323122
1000FLOKIUSDT,BUY,LIMIT,1701165430831,963,0.0323872
1000FLOKIUSDT,BUY,LIMIT,1701166019315,1515,0.0326494
1000FLOKIUSDT,BUY,LIMIT,1701166025408,5702,0.0326777
1000FLOKIUSDT,BUY,LIMIT,1701166030108,29994,0.0327071
1000FLOKIUSDT,BUY,LIMIT,1701166038227,4904,0.0326919
1000FLOKIUSDT,BUY,LIMIT,1701166141007,1494,0.0331568
1000FLOKIUSDT,BUY,LIMIT,1701166143921,10638,0.0332114
1000FLOKIUSDT,BUY,LIMIT,1701166146536,37120,0.0332328
1000FLOKIUSDT,BUY,LIMIT,1701166677868,52221,0.0333683
1000FLOKIUSDT,BUY,LIMIT,1701166704274,12928,0.0334167
1000FLOKIUSDT,BUY,LIMIT,1701168030727,12488,0.0335346
1000FLOKIUSDT,BUY,LIMIT,1701168346578,4438,0.0335905
1000FLOKIUSDT,BUY,LIMIT,1701168555469,4493,0.0336364
1000FLOKIUSDT,SELL,LIMIT,1701169746722,517,0.0313187
1000FLOKIUSDT,SELL,LIMIT,1701169770200,18487,0.0313014
1000FLOKIUSDT,SELL,LIMIT,1701169799108,91185,0.0312675
1000FLOKIUSDT,SELL,LIMIT,1701169801241,533,0.0312515
1000FLOKIUSDT,SELL,LIMIT,1701169804309,609,0.0311745
1000FLOKIUSDT,SELL,LIMIT,1701170954371,271,0.0310719
1000FLOKIUSDT,SELL,LIMIT,1701170963714,30826,0.0310621
1000FLOKIUSDT,SELL,LIMIT,1701170973261,36012,0.0310357
1000FLOKIUSDT,SELL,LIMIT,1701171114186,41521,0.0309969
1000FLOKIUSDT,SELL,LIMIT,1701171116179,174,0.0309858
1000FLOKIUSDT,SELL,LIMIT,1701174632204,17963,0.0309237
1000FLOKIUSDT,SELL,LIMIT,1701176136380,153109,0.0308599
1000FLOKIUSDT,SELL,LIMIT,1701176545757,1849,0.0308343
1000FLOKIUSDT,SELL,LIMIT,1701176716274,1572,0.0308249
1000FLOKIUSDT,SELL,LIMIT,1701176740184,2102,0.0307771
