Symbol,Side,Order Type,Time,Quantity,Price
1INCHUSDT,BUY,LIMIT,1701922369321,1400,0.3816
1INCHUSDT,BUY,LIMIT,1701925498354,974,0.3884
1INCHUSDT,BUY,LIMIT,1701928461472,15,0.3888
1INCHUSDT,BUY,LIMIT,1701928755037,320,0.3892
1INCHUSDT,BUY,LIMIT,1701928972637,199,0.3913
1INCHUSDT,BUY,LIMIT,1701928975144,17957,0.3936
1INCHUSDT,BUY,LIMIT,1701929052873,84,0.3926
1INCHUSDT,SELL,LIMIT,1701934073707,75,0.3788
1INCHUSDT,SELL,LIMIT,1701940023307,1645,0.3700
1INCHUSDT,SELL,LIMIT,1701940560311,51,0.3676
1INCHUSDT,SELL,LIMIT,1701940564131,76,0.3667
1INCHUSDT,SELL,LIMIT,1701940568054,238,0.3691
1INCHUSDT,SELL,LIMIT,1701940673465,56,0.3665
1INCHUSDT,SELL,LIMIT,1701940675463,240,0.3665
1INCHUSDT,SELL,LIMIT,1701941038851,139,0.3662
1INCHUSDT,SELL,LIMIT,1701941063236,43,0.3654
1INCHUSDT,SELL,LIMIT,1701941075456,2611,0.3650
1INCHUSDT,SELL,LIMIT,1701941145217,9791,0.3648
1INCHUSDT,SELL,LIMIT,1701941148078,921,0.3647
1INCHUSDT,SELL,LIMIT,1701941151035,248,0.3646
1INCHUSDT,SELL,LIMIT,1701941154542,4144,0.3640
1INCHUSDT,SELL,LIMIT,1701941157388,1259,0.3639
1INCHUSDT,SELL,LIMIT,1701941158751,281,0.3635
1INCHUSDT,SELL,LIMIT,1701941174060,10000,0.3635
1INCHUSDT,SELL,LIMIT,1701941176299,4810,0.3631
1INCHUSDT,SELL,LIMIT,1701941180546,24,0.3627
1INCHUSDT,SELL,LIMIT,1701941182070,248,0.3629
1INCHUSDT,SELL,LIMIT,1701941184194,118,0.3626
1INCHUSDT,SELL,LIMIT,1701941186031,78,0.3624
1INCHUSDT,SELL,LIMIT,1701941187036,261,0.3622
1INCHUSDT,SELL,LIMIT,1701941189699,49,0.3616
1INCHUSDT,SELL,LIMIT,1701941238073,143,0.3617
1INCHUSDT,SELL,LIMIT,1701941245756,1849,0.3614
1INCHUSDT,SELL,LIMIT,1701941248116,61,0.3611
1INCHUSDT,SELL,LIMIT,1701941255191,81,0.3614
1INCHUSDT,SELL,LIMIT,1701941256313,31,0.3609
1INCHUSDT,BUY,LIMIT,1701966311039,53,0.3895
1INCHUSDT,BUY,LIMIT,1701968152790,55,0.3899
1INCHUSDT,SELL,LIMIT,1701978277801,400,0.3742
1INCHUSDT,BUY,LIMIT,1701986706949,84,0.3928
1INCHUSDT,BUY,LIMIT,1701986952388,19,0.3921
1INCHUSDT,BUY,LIMIT,1701993820629,3488,0.3938
1INCHUSDT,BUY,LIMIT,1701994160380,416,0.3945
1INCHUSDT,BUY,LIMIT,1701994162092,17,0.3951
1INCHUSDT,BUY,LIMIT,1701994167486,203,0.3961
1INCHUSDT,BUY,LIMIT,1701994303504,288,0.3985
1INCHUSDT,BUY,LIMIT,1701994313846,648,0.3990
1INCHUSDT,BUY,LIMIT,1701994317369,2566,0.3993
1INCHUSDT,BUY,LIMIT,1701995581690,53,0.4013
1INCHUSDT,BUY,LIMIT,1701995630323,17,0.4019
1INCHUSDT,BUY,LIMIT,1701995637296,708,0.4022
1INCHUSDT,BUY,LIMIT,1702007154540,74,0.3991
1INCHUSDT,BUY,LIMIT,1702015976343,13,0.3985
1INCHUSDT,SELL,LIMIT,1702020223939,715,0.3863
1INCHUSDT,BUY,LIMIT,1702035094209,1723,0.4047
1INCHUSDT,BUY,LIMIT,1702035717757,93,0.4051
1INCHUSDT,SELL,LIMIT,1702037082427,13,0.3917
1INCHUSDT,BUY,LIMIT,1702045183331,65,0.4068
1INCHUSDT,BUY,LIMIT,1702045719402,13087,0.4082
1INCHUSDT,BUY,LIMIT,1702048737056,3442,0.4088
1INCHUSDT,BUY,LIMIT,1702048758041,2547,0.4094
1INCHUSDT,BUY,LIMIT,1702048782675,267,0.4097
1INCHUSDT,SELL,LIMIT,1702050737341,4,0.3987
1INCHUSDT,BUY,LIMIT,1702052081720,56,0.4084
1INCHUSDT,BUY,LIMIT,1702052530227,184,0.4097
1INCHUSDT,BUY,LIMIT,1702061359079,730,0.4130
1INCHUSDT,BUY,LIMIT,1702068271511,115,0.4142
1INCHUSDT,BUY,LIMIT,1702068614237,2738,0.4148
1INCHUSDT,BUY,LIMIT,1702069078918,123,0.4152
1INCHUSDT,SELL,LIMIT,1702069749120,187,0.4035
1INCHUSDT,BUY,LIMIT,1702070184498,11200,0.4154
1INCHUSDT,SELL,LIMIT,1702072127513,2689,0.4058
1INCHUSDT,BUY,LIMIT,1702074771498,858,0.4174
1INCHUSDT,BUY,LIMIT,1702074809552,488,0.4177
1INCHUSDT,BUY,LIMIT,1702075129319,517,0.4183
1INCHUSDT,BUY,LIMIT,1702075943544,10000,0.4190
1INCHUSDT,BUY,LIMIT,1702075945758,1898,0.4192
1INCHUSDT,BUY,LIMIT,1702077681460,2200,0.4173
1INCHUSDT,BUY,LIMIT,1702080779238,184,0.4177
1INCHUSDT,BUY,LIMIT,1702081007317,7535,0.4182
1INCHUSDT,BUY,LIMIT,1702081997875,5864,0.4196
1INCHUSDT,BUY,LIMIT,1702082001214,792,0.4197
1INCHUSDT,BUY,LIMIT,1702082071457,283,0.4198
1INCHUSDT,BUY,LIMIT,1702082752245,500,0.4216
1INCHUSDT,BUY,LIMIT,1702082906103,806,0.4221
1INCHUSDT,BUY,LIMIT,1702082955258,23,0.4228
1INCHUSDT,BUY,LIMIT,1702082978901,664,0.4232
1INCHUSDT,SELL,LIMIT,1702084201226,290,0.4046
1INCHUSDT,SELL,LIMIT,1702091223087,364,0.4129
1INCHUSDT,BUY,LIMIT,1702093296010,1603,0.4236
1INCHUSDT,BUY,LIMIT,1702094731534,2677,0.4253
1INCHUSDT,BUY,LIMIT,1702096691762,604,0.4275
1INCHUSDT,BUY,LIMIT,1702108066144,621,0.4247
1INCHUSDT,BUY,LIMIT,1702108567482,57,0.4243
1INCHUSDT,BUY,LIMIT,1702108950278,99,0.4241
1INCHUSDT,BUY,LIMIT,1702109514107,126,0.4241
1INCHUSDT,BUY,LIMIT,1702109762377,467,0.4240
1INCHUSDT,SELL,LIMIT,1702109978858,16,0.4133
1INCHUSDT,SELL,LIMIT,1702110711677,115,0.4120
1INCHUSDT,SELL,LIMIT,1702110968990,455,0.4088
1INCHUSDT,SELL,LIMIT,1702110974398,174,0.4072
1INCHUSDT,SELL,LIMIT,1702110980420,11967,0.4059
1INCHUSDT,SELL,LIMIT,1702110982526,523,0.4058
1INCHUSDT,SELL,LIMIT,1702111037177,1353,0.4039
1INCHUSDT,SELL,LIMIT,1702111039352,79,0.4035
1INCHUSDT,SELL,LIMIT,1702111042237,68,0.4036
1INCHUSDT,SELL,LIMIT,1702111043721,2000,0.4214
1INCHUSDT,SELL,LIMIT,1702111046675,104,0.4027
1INCHUSDT,SELL,LIMIT,1702111378260,1605,0.4022
1INCHUSDT,SELL,LIMIT,1702111381556,32,0.4015
1INCHUSDT,SELL,LIMIT,1702111387180,47,0.4008
1INCHUSDT,SELL,LIMIT,1702111388601,424,0.4007
1INCHUSDT,BUY,LIMIT,1702113444408,85,0.4186
1INCHUSDT,BUY,LIMIT,1702123729582,96,0.4250
1INCHUSDT,SELL,LIMIT,1702125075878,17,0.4111
1INCHUSDT,SELL,LIMIT,1702125473112,119,0.4119
1INCHUSDT,SELL,LIMIT,1702132996483,724,0.4045
