Symbol,Side,Order Type,Time,Quantity,Price
1INCHUSDT,BUY,LIMIT,1701922369321,1400,0.3816
1INCHUSDT,BUY,LIMIT,1701925498354,974,0.3884
1INCHUSDT,BUY,LIMIT,1701928461472,15,0.3888
1INCHUSDT,BUY,LIMIT,1701928755037,320,0.3892
1INCHUSDT,BUY,LIMIT,1701928972637,199,0.3913
1INCHUSDT,BUY,LIMIT,1701928975144,17957,0.3936
1INCHUSDT,BUY,LIMIT,1701929052873,84,0.3926
1INCHUSDT,SELL,LIMIT,1701934073707,75,0.3788
1INCHUSDT,SELL,LIMIT,1701940023307,1645,0.3700
1INCHUSDT,SELL,LIMIT,1701940560311,51,0.3676
1INCHUSDT,SELL,LIMIT,1701940564131,76,0.3667
1INCHUSDT,SELL,LIMIT,1701940568054,238,0.3691
1INCHUSDT,SELL,LIMIT,1701940673465,56,0.3665
1INCHUSDT,SELL,LIMIT,1701940675463,240,0.3665
1INCHUSDT,SELL,LIMIT,1701941038851,139,0.3662
1INCHUSDT,SELL,LIMIT,1701941063236,43,0.3654
1INCHUSDT,SELL,LIMIT,1701941075456,2611,0.3650
1INCHUSDT,SELL,LIMIT,1701941145217,9791,0.3648
1INCHUSDT,SELL,LIMIT,1701941148078,921,0.3647
1INCHUSDT,SELL,LIMIT,1701941151035,248,0.3646
1INCHUSDT,SELL,LIMIT,1701941154542,4144,0.3640
1INCHUSDT,SELL,LIMIT,1701941157388,1259,0.3639
1INCHUSDT,SELL,LIMIT,1701941158751,281,0.3635
1INCHUSDT,SELL,LIMIT,1701941174060,10000,0.3635
1INCHUSDT,SELL,LIMIT,1701941176299,4810,0.3631
1INCHUSDT,SELL,LIMIT,1701941180546,24,0.3627
1INCHUSDT,SELL,LIMIT,1701941182070,248,0.3629
1INCHUSDT,SELL,LIMIT,1701941184194,118,0.3626
1INCHUSDT,SELL,LIMIT,1701941186031,78,0.3624
1INCHUSDT,SELL,LIMIT,1701941187036,261,0.3622
1INCHUSDT,SELL,LIMIT,1701941189699,49,0.3616
1INCHUSDT,SELL,LIMIT,1701941238073,143,0.3617
1INCHUSDT,SELL,LIMIT,1701941245756,1849,0.3614
1INCHUSDT,SELL,LIMIT,1701941248116,61,0.3611
1INCHUSDT,SELL,LIMIT,1701941255191,81,0.3614
1INCHUSDT,SELL,LIMIT,1701941256313,31,0.3609
1INCHUSDT,BUY,LIMIT,1701966311039,53,0.3895
1INCHUSDT,BUY,LIMIT,1701968152790,55,0.3899
1INCHUSDT,SELL,LIMIT,1701978277801,400,0.3742
1INCHUSDT,BUY,LIMIT,1701986706949,84,0.3928
1INCHUSDT,BUY,LIMIT,1701986952388,19,0.3921
1INCHUSDT,BUY,LIMIT,1701993820629,3488,0.3938
1INCHUSDT,BUY,LIMIT,1701994160380,416,0.3945
1INCHUSDT,BUY,LIMIT,1701994162092,17,0.3951
1INCHUSDT,BUY,LIMIT,1701994167486,203,0.3961
1INCHUSDT,BUY,LIMIT,1701994303504,288,0.3985
1INCHUSDT,BUY,LIMIT,1701994313846,648,0.3990
1INCHUSDT,BUY,LIMIT,1701994317369,2566,0.3993
1INCHUSDT,BUY,LIMIT,1701995581690,53,0.4013
1INCHUSDT,BUY,LIMIT,1701995630323,17,0.4019
1INCHUSDT,BUY,LIMIT,1701995637296,708,0.4022
1INCHUSDT,BUY,LIMIT,1702007154540,74,0.3991
1INCHUSDT,BUY,LIMIT,1702015976343,13,0.3985
1INCHUSDT,SELL,LIMIT,1702020223939,715,0.3863
1INCHUSDT,BUY,LIMIT,1702035094209,1723,0.4047
1INCHUSDT,BUY,LIMIT,1702035717757,93,0.4051
1INCHUSDT,SELL,LIMIT,1702037082427,13,0.3917
1INCHUSDT,BUY,LIMIT,1702045183331,65,0.4068
1INCHUSDT,BUY,LIMIT,1702045719402,13087,0.4082
1INCHUSDT,BUY,LIMIT,1702048737056,3442,0.4088
1INCHUSDT,BUY,LIMIT,1702048758041,2547,0.4094
1INCHUSDT,BUY,LIMIT,1702048782675,267,0.4097
1INCHUSDT,SELL,LIMIT,1702050737341,4,0.3987
1INCHUSDT,BUY,LIMIT,1702052081720,56,0.4084
1INCHUSDT,BUY,LIMIT,1702052530227,184,0.4097
1INCHUSDT,BUY,LIMIT,1702061359079,730,0.4130
1INCHUSDT,BUY,LIMIT,1702068271511,115,0.4142
1INCHUSDT,BUY,LIMIT,1702068614237,2738,0.4148
1INCHUSDT,BUY,LIMIT,1702069078918,123,0.4152
1INCHUSDT,SELL,LIMIT,1702069749120,187,0.4035
1INCHUSDT,BUY,LIMIT,1702070184498,11200,0.4154
1INCHUSDT,SELL,LIMIT,1702072127513,2689,0.4058
1INCHUSDT,BUY,LIMIT,1702074771498,858,0.4174
1INCHUSDT,BUY,LIMIT,1702074809552,488,0.4177
1INCHUSDT,BUY,LIMIT,1702075129319,517,0.4183
1INCHUSDT,BUY,LIMIT,1702075943544,10000,0.4190
1INCHUSDT,BUY,LIMIT,1702075945758,1898,0.4192
1INCHUSDT,BUY,LIMIT,1702077681460,2200,0.4173
1INCHUSDT,BUY,LIMIT,1702080779238,184,0.4177
1INCHUSDT,BUY,LIMIT,1702081007317,7535,0.4182
1INCHUSDT,BUY,LIMIT,1702081997875,5864,0.4196
1INCHUSDT,BUY,LIMIT,1702082001214,792,0.4197
1INCHUSDT,BUY,LIMIT,1702082071457,283,0.4198
1INCHUSDT,BUY,LIMIT,1702082752245,500,0.4216
1INCHUSDT,BUY,LIMIT,1702082906103,806,0.4221
1INCHUSDT,BUY,LIMIT,1702082955258,23,0.4228
1INCHUSDT,BUY,LIMIT,1702082978901,664,0.4232
1INCHUSDT,SELL,LIMIT,1702084201226,290,0.4046
1INCHUSDT,SELL,LIMIT,1702091223087,364,0.4129
1INCHUSDT,BUY,LIMIT,1702093296010,1603,0.4236
1INCHUSDT,BUY,LIMIT,1702094731534,2677,0.4253
1INCHUSDT,BUY,LIMIT,1702096691762,604,0.4275
1INCHUSDT,BUY,LIMIT,1702108066144,621,0.4247
1INCHUSDT,BUY,LIMIT,1702108567482,57,0.4243
1INCHUSDT,BUY,LIMIT,1702108950278,99,0.4241
1INCHUSDT,BUY,LIMIT,1702109514107,126,0.4241
1INCHUSDT,BUY,LIMIT,1702109762377,467,0.4240
1INCHUSDT,SELL,LIMIT,1702109978858,16,0.4133
1INCHUSDT,SELL,LIMIT,1702110711677,115,0.4120
1INCHUSDT,SELL,LIMIT,1702110968990,455,0.4088
1INCHUSDT,SELL,LIMIT,1702110974398,174,0.4072
1INCHUSDT,SELL,LIMIT,1702110980420,11967,0.4059
1INCHUSDT,SELL,LIMIT,1702110982526,523,0.4058
1INCHUSDT,SELL,LIMIT,1702111037177,1353,0.4039
1INCHUSDT,SELL,LIMIT,1702111039352,79,0.4035
1INCHUSDT,SELL,LIMIT,1702111042237,68,0.4036
1INCHUSDT,SELL,LIMIT,1702111043721,2000,0.4214
1INCHUSDT,SELL,LIMIT,1702111046675,104,0.4027
1INCHUSDT,SELL,LIMIT,1702111378260,1605,0.4022
1INCHUSDT,SELL,LIMIT,1702111381556,32,0.4015
1INCHUSDT,SELL,LIMIT,1702111387180,47,0.4008
1INCHUSDT,SELL,LIMIT,1702111388601,424,0.4007
1INCHUSDT,BUY,LIMIT,1702113444408,85,0.4186
1INCHUSDT,BUY,LIMIT,1702123729582,96,0.4250
1INCHUSDT,SELL,LIMIT,1702125075878,17,0.4111
1INCHUSDT,SELL,LIMIT,1702125473112,119,0.4119
1INCHUSDT,SELL,LIMIT,1702132996483,724,0.4045
1INCHUSDT,SELL,LIMIT,1702139300076,1904,0.4060
1INCHUSDT,SELL,LIMIT,1702141844462,282,0.4038
1INCHUSDT,SELL,LIMIT,1702141849375,116,0.4033
1INCHUSDT,SELL,LIMIT,1702144911253,13,0.4047
1INCHUSDT,SELL,LIMIT,1702161321355,1787,0.4100
1INCHUSDT,SELL,LIMIT,1702164529541,1232,0.4017
1INCHUSDT,SELL,LIMIT,1702164539166,603,0.4013
1INCHUSDT,SELL,LIMIT,1702164542244,1221,0.4011
1INCHUSDT,SELL,LIMIT,1702164543435,95,0.4008
1INCHUSDT,SELL,LIMIT,1702164544604,15,0.4008
1INCHUSDT,SELL,LIMIT,1702164546023,61,0.4006
1INCHUSDT,SELL,LIMIT,1702164746830,143,0.4003
1INCHUSDT,SELL,LIMIT,1702164748306,4584,0.3999
1INCHUSDT,SELL,LIMIT,1702164749398,60,0.3998
1INCHUSDT,SELL,LIMIT,1702164751172,359,0.3989
1INCHUSDT,SELL,LIMIT,1702164767180,1076,0.3988
1INCHUSDT,SELL,LIMIT,1702164796042,7860,0.3987
1INCHUSDT,SELL,LIMIT,1702164799294,884,0.3985
1INCHUSDT,SELL,LIMIT,1702164800468,60,0.3982
1INCHUSDT,SELL,LIMIT,1702164801529,11996,0.4037
1INCHUSDT,SELL,LIMIT,1702164802719,1452,0.3981
1INCHUSDT,SELL,LIMIT,1702164805337,475,0.3973
1INCHUSDT,SELL,LIMIT,1702164806482,230,0.3969
1INCHUSDT,SELL,LIMIT,1702164808242,13,0.3959
1INCHUSDT,SELL,LIMIT,1702164809280,181,0.3962
1INCHUSDT,SELL,LIMIT,1702164810678,1219,0.3958
1INCHUSDT,SELL,LIMIT,1702193912448,60,0.3992
1INCHUSDT,SELL,LIMIT,1702197085506,735,0.3989
1INCHUSDT,SELL,LIMIT,1702200325003,12,0.3959
1INCHUSDT,SELL,LIMIT,1702200326413,333,0.3957
1INCHUSDT,SELL,LIMIT,1702200332137,820,0.3953
1INCHUSDT,SELL,LIMIT,1702200618205,1445,0.3947
1INCHUSDT,SELL,LIMIT,1702200619955,340,0.3946
1INCHUSDT,SELL,LIMIT,1702200650082,5721,0.3940
1INCHUSDT,SELL,LIMIT,1702200702719,77,0.3939
1INCHUSDT,SELL,LIMIT,1702200782595,144,0.3928
1INCHUSDT,SELL,LIMIT,1702200792224,76,0.3927
1INCHUSDT,SELL,LIMIT,1702200793991,1288,0.3926
1INCHUSDT,SELL,LIMIT,1702200889465,3936,0.3918
1INCHUSDT,SELL,LIMIT,1702200927412,4343,0.3916
1INCHUSDT,SELL,LIMIT,1702200940198,2135,0.3908
1INCHUSDT,SELL,LIMIT,1702200941382,127,0.3907
1INCHUSDT,SELL,LIMIT,1702201475309,47,0.3903
1INCHUSDT,SELL,LIMIT,1702201494493,912,0.3899
1INCHUSDT,SELL,LIMIT,1702201909128,2798,0.3897
1INCHUSDT,SELL,LIMIT,1702201911914,1724,0.3897
1INCHUSDT,SELL,LIMIT,1702201913232,13,0.3894
1INCHUSDT,SELL,LIMIT,1702201945182,1340,0.3888
1INCHUSDT,SELL,LIMIT,1702201946390,7345,0.3886
1INCHUSDT,SELL,LIMIT,1702201964011,2783,0.3885
1INCHUSDT,SELL,LIMIT,1702202046148,624,0.3881
1INCHUSDT,SELL,LIMIT,1702202053986,3091,0.3878
1INCHUSDT,SELL,LIMIT,1702202081920,47777,0.3834
1INCHUSDT,SELL,LIMIT,1702202083255,62019,0.3832
1INCHUSDT,SELL,LIMIT,1702202150687,1377,0.3869
1INCHUSDT,SELL,LIMIT,1702202157133,119,0.3866
1INCHUSDT,SELL,LIMIT,1702202158290,3157,0.3867
1INCHUSDT,SELL,LIMIT,1702202275571,134,0.3864
1INCHUSDT,SELL,LIMIT,1702202289201,1299,0.3863
1INCHUSDT,SELL,LIMIT,1702202291399,22,0.3862
1INCHUSDT,SELL,LIMIT,1702202297577,4,0.3858
1INCHUSDT,SELL,LIMIT,1702202318310,432,0.3856
1INCHUSDT,SELL,LIMIT,1702202321228,189,0.3852
1INCHUSDT,SELL,LIMIT,1702202323407,9927,0.3849
1INCHUSDT,SELL,LIMIT,1702202324456,411,0.3852
1INCHUSDT,SELL,LIMIT,1702202363357,500,0.3853
1INCHUSDT,SELL,LIMIT,1702202371876,1146,0.3851
1INCHUSDT,SELL,LIMIT,1702202380131,432,0.3843
1INCHUSDT,SELL,LIMIT,1702202382885,1196,0.3840
1INCHUSDT,SELL,LIMIT,1702216683814,33,0.3922
1INCHUSDT,SELL,LIMIT,1702226959866,24,0.3980
1INCHUSDT,SELL,LIMIT,1702241182472,2,0.4008
1INCHUSDT,BUY,LIMIT,1702241750243,884,0.4113
1INCHUSDT,SELL,LIMIT,1702256248489,491,0.3909
1INCHUSDT,SELL,LIMIT,1702256435230,447,0.3907
1INCHUSDT,SELL,LIMIT,1702256576032,12300,0.3890
1INCHUSDT,SELL,LIMIT,1702256609296,6065,0.3884
1INCHUSDT,SELL,LIMIT,1702256783453,3089,0.3868
1INCHUSDT,SELL,LIMIT,1702256849736,658,0.3864
1INCHUSDT,SELL,LIMIT,1702256911884,26,0.3857
1INCHUSDT,SELL,LIMIT,1702256917248,301,0.3848
1INCHUSDT,SELL,LIMIT,1702256928531,374,0.3847
1INCHUSDT,SELL,LIMIT,1702256971237,217,0.3845
1INCHUSDT,SELL,LIMIT,1702256976311,244,0.3842
1INCHUSDT,SELL,LIMIT,1702256978189,12865,0.3839
1INCHUSDT,SELL,LIMIT,1702256990959,4737,0.3838
1INCHUSDT,SELL,LIMIT,1702256994246,1345,0.3834
1INCHUSDT,SELL,LIMIT,1702256996832,149,0.3863
1INCHUSDT,SELL,LIMIT,1702260434702,2515,0.3828
1INCHUSDT,SELL,LIMIT,1702260438045,2088,0.3822
1INCHUSDT,SELL,LIMIT,1702260442847,2680,0.3817
1INCHUSDT,SELL,LIMIT,1702260625528,35747,0.3783
1INCHUSDT,SELL,LIMIT,1702260627017,2186,0.3812
1INCHUSDT,SELL,LIMIT,1702260628281,177,0.3809
1INCHUSDT,SELL,LIMIT,1702260629973,1889,0.3803
1INCHUSDT,SELL,LIMIT,1702260631172,1018,0.3800
1INCHUSDT,SELL,LIMIT,1702260633275,5454,0.3796
1INCHUSDT,SELL,LIMIT,1702260635725,241,0.3791
1INCHUSDT,SELL,LIMIT,1702260637068,3828,0.3789
1INCHUSDT,SELL,LIMIT,1702260690194,1229,0.3786
1INCHUSDT,SELL,LIMIT,1702260691438,3502,0.3787
1INCHUSDT,SELL,LIMIT,1702260693340,79,0.3786
1INCHUSDT,SELL,LIMIT,1702260695433,2405,0.3781
1INCHUSDT,SELL,LIMIT,1702260699738,48,0.3778
1INCHUSDT,SELL,LIMIT,1702260701115,18,0.3776
1INCHUSDT,SELL,LIMIT,1702260707137,874,0.3769
1INCHUSDT,SELL,LIMIT,1702260708151,47328,0.3732
1INCHUSDT,SELL,LIMIT,1702260709289,2471,0.3765
1INCHUSDT,SELL,LIMIT,1702260711250,1990,0.3764
1INCHUSDT,BUY,LIMIT,1702260712446,2413,0.3829
1INCHUSDT,SELL,LIMIT,1702260713948,617,0.3760
1INCHUSDT,SELL,LIMIT,1702260714961,375,0.3757
1INCHUSDT,SELL,LIMIT,1702260716216,236,0.3753
1INCHUSDT,SELL,LIMIT,1702260717378,41,0.3748
1INCHUSDT,SELL,LIMIT,1702260718643,378,0.3746
1INCHUSDT,SELL,LIMIT,1702260719712,24,0.3733
1INCHUSDT,SELL,LIMIT,1702260721037,164,0.3733
1INCHUSDT,SELL,LIMIT,1702260722646,11910,0.3740
1INCHUSDT,SELL,LIMIT,1702260723801,5861,0.3732
1INCHUSDT,SELL,LIMIT,1702260724842,62,0.3725
1INCHUSDT,SELL,LIMIT,1702260725997,3063,0.3726
1INCHUSDT,SELL,LIMIT,1702260728019,536,0.3723
1INCHUSDT,SELL,LIMIT,1702260729164,64,0.3715
1INCHUSDT,SELL,LIMIT,1702260730470,3080,0.3713
1INCHUSDT,SELL,LIMIT,1702260732112,106,0.3715
1INCHUSDT,SELL,LIMIT,1702260733627,48,0.3712
1INCHUSDT,SELL,LIMIT,1702260735827,66,0.3708
1INCHUSDT,SELL,LIMIT,1702260737417,230,0.3706
1INCHUSDT,SELL,LIMIT,1702260738454,242,0.3706
1INCHUSDT,SELL,LIMIT,1702260740525,154,0.3698
1INCHUSDT,SELL,LIMIT,1702260741519,9400,0.3699
1INCHUSDT,SELL,LIMIT,1702260742892,2367,0.3685
1INCHUSDT,SELL,LIMIT,1702260744093,4505,0.3683
1INCHUSDT,SELL,LIMIT,1702260745418,16951,0.3673
1INCHUSDT,SELL,LIMIT,1702260746650,706,0.3669
1INCHUSDT,SELL,LIMIT,1702260747885,76,0.3667
1INCHUSDT,SELL,LIMIT,1702260749495,85,0.3670
1INCHUSDT,SELL,LIMIT,1702260750945,514,0.3662
1INCHUSDT,SELL,LIMIT,1702260752668,951,0.3659
1INCHUSDT,SELL,LIMIT,1702260753745,4433,0.3660
1INCHUSDT,SELL,LIMIT,1702260755026,239,0.3657
1INCHUSDT,SELL,LIMIT,1702260756076,49,0.3641
1INCHUSDT,SELL,LIMIT,1702260757246,3609,0.3639
1INCHUSDT,SELL,LIMIT,1702260758344,39,0.3626
1INCHUSDT,SELL,LIMIT,1702260759363,22218,0.3600
1INCHUSDT,SELL,LIMIT,1702260760454,25,0.3597
1INCHUSDT,SELL,LIMIT,1702260761556,4716,0.3599
1INCHUSDT,SELL,LIMIT,1702260762556,5170,0.3571
1INCHUSDT,SELL,LIMIT,1702260763564,1446,0.3575
1INCHUSDT,SELL,LIMIT,1702260764754,25,0.3556
1INCHUSDT,SELL,LIMIT,1702260765845,1962,0.3561
1INCHUSDT,SELL,LIMIT,1702260766859,2810,0.3557
1INCHUSDT,SELL,LIMIT,1702260767880,648,0.3544
1INCHUSDT,SELL,LIMIT,1702260768920,357,0.3543
1INCHUSDT,SELL,LIMIT,1702260769950,73,0.3532
1INCHUSDT,SELL,LIMIT,1702260771053,13,0.3525
1INCHUSDT,SELL,LIMIT,1702260772057,15000,0.3502
1INCHUSDT,SELL,LIMIT,1702260773183,72,0.3489
1INCHUSDT,SELL,LIMIT,1702260774470,129,0.3501
1INCHUSDT,SELL,LIMIT,1702260775602,25,0.3497
1INCHUSDT,SELL,LIMIT,1702260776916,25,0.3473
1INCHUSDT,SELL,LIMIT,1702260778008,6729,0.3474
1INCHUSDT,SELL,LIMIT,1702260779031,3214,0.3465
1INCHUSDT,SELL,LIMIT,1702260781231,6746,0.3468
1INCHUSDT,SELL,LIMIT,1702260782331,4880,0.3461
1INCHUSDT,SELL,LIMIT,1702260783488,120,0.3439
1INCHUSDT,SELL,LIMIT,1702260784675,90,0.3439
1INCHUSDT,SELL,LIMIT,1702260785712,148,0.3428
1INCHUSDT,SELL,LIMIT,1702260786808,8538,0.3418
1INCHUSDT,SELL,LIMIT,1702260788148,25316,0.3392
1INCHUSDT,SELL,LIMIT,1702260789178,1261,0.3390
1INCHUSDT,SELL,LIMIT,1702260790305,618,0.3389
1INCHUSDT,SELL,LIMIT,1702260791383,1250,0.3394
1INCHUSDT,SELL,LIMIT,1702260792437,303,0.3388
1INCHUSDT,SELL,LIMIT,1702260793708,87,0.3368
1INCHUSDT,SELL,LIMIT,1702260794720,17,0.3367
1INCHUSDT,SELL,LIMIT,1702260795723,23,0.3361
1INCHUSDT,SELL,LIMIT,1702260796897,22,0.3382
1INCHUSDT,SELL,LIMIT,1702260798092,541,0.3371
1INCHUSDT,SELL,LIMIT,1702260799277,1231,0.3362
1INCHUSDT,SELL,LIMIT,1702260800764,25,0.3364
1INCHUSDT,SELL,LIMIT,1702260802214,814,0.3369
1INCHUSDT,SELL,LIMIT,1702260803401,32,0.3370
1INCHUSDT,SELL,LIMIT,1702260804445,577,0.3367
1INCHUSDT,SELL,LIMIT,1702260805544,115,0.3367
1INCHUSDT,SELL,LIMIT,1702260806655,1,0.3367
1INCHUSDT,SELL,LIMIT,1702260807798,51,0.3369
1INCHUSDT,SELL,LIMIT,1702260809058,197,0.3369
1INCHUSDT,SELL,LIMIT,1702260810099,167,0.3373
1INCHUSDT,SELL,LIMIT,1702260811329,1913,0.3365
1INCHUSDT,SELL,LIMIT,1702260812810,130,0.3366
1INCHUSDT,SELL,LIMIT,1702260813925,1682,0.3366
1INCHUSDT,SELL,LIMIT,1702260814941,38,0.3361
1INCHUSDT,SELL,LIMIT,1702260815988,231,0.3358
1INCHUSDT,SELL,LIMIT,1702260818101,166,0.3356
1INCHUSDT,SELL,LIMIT,1702260819449,722,0.3407
1INCHUSDT,SELL,LIMIT,1702260820815,3414,0.3362
1INCHUSDT,SELL,LIMIT,1702260821816,130,0.3356
1INCHUSDT,SELL,LIMIT,1702260822895,2000,0.3357
1INCHUSDT,SELL,LIMIT,1702260824087,1655,0.3361
1INCHUSDT,SELL,LIMIT,1702260834832,298,0.3431
1INCHUSDT,BUY,LIMIT,1702260874336,40,0.3613
1INCHUSDT,BUY,LIMIT,1702261832228,47,0.3743
1INCHUSDT,SELL,LIMIT,1702262615562,320,0.3601
1INCHUSDT,SELL,LIMIT,1702265724235,27,0.3700
1INCHUSDT,SELL,LIMIT,1702266101500,27,0.3714
