Symbol,Side,Order Type,Time,Quantity,Price
AAVEUSDT,BUY,LIMIT,1701920910379,3.5,99.223
AAVEUSDT,BUY,LIMIT,1701922002207,51.3,99.571
AAVEUSDT,SELL,LIMIT,1701937343098,0.9,96.362
AAVEUSDT,SELL,LIMIT,1701937529957,10.4,96.256
AAVEUSDT,SELL,LIMIT,1701939365408,5.0,96.195
AAVEUSDT,SELL,LIMIT,1701939570874,30.4,95.957
AAVEUSDT,SELL,LIMIT,1701939975223,0.5,95.840
AAVEUSDT,SELL,LIMIT,1701940032401,0.2,95.680
AAVEUSDT,SELL,LIMIT,1701940513869,5.6,95.629
AAVEUSDT,SELL,LIMIT,1701940563111,1.8,95.316
AAVEUSDT,SELL,LIMIT,1701940569277,8.1,95.656
AAVEUSDT,SELL,LIMIT,1701941064230,0.5,95.086
AAVEUSDT,SELL,LIMIT,1701941083044,1.0,94.984
AAVEUSDT,SELL,LIMIT,1701941156179,10.5,94.767
AAVEUSDT,SELL,LIMIT,1701941157936,1.8,94.723
AAVEUSDT,SELL,LIMIT,1701941171101,10.3,94.637
AAVEUSDT,SELL,LIMIT,1701941172138,0.9,94.649
AAVEUSDT,SELL,LIMIT,1701941184095,9.8,94.513
AAVEUSDT,SELL,LIMIT,1701941186706,1.5,95.617
AAVEUSDT,SELL,LIMIT,1701941188425,24.4,95.602
AAVEUSDT,SELL,LIMIT,1701941189915,8.5,94.290
AAVEUSDT,SELL,LIMIT,1701941236159,25.5,94.358
AAVEUSDT,SELL,LIMIT,1701941239760,13.8,94.222
AAVEUSDT,SELL,LIMIT,1701941245572,7.9,94.157
AAVEUSDT,SELL,LIMIT,1701941411689,0.2,94.054
AAVEUSDT,SELL,LIMIT,1701941413352,0.5,94.023
AAVEUSDT,SELL,LIMIT,1701941417781,78.6,93.668
AAVEUSDT,SELL,LIMIT,1701941422657,2.6,93.875
AAVEUSDT,SELL,LIMIT,1701941480209,1.8,93.788
AAVEUSDT,SELL,LIMIT,1701941499056,2.0,93.749
AAVEUSDT,SELL,LIMIT,1701941519466,5.1,93.688
AAVEUSDT,SELL,LIMIT,1701941521376,12.9,93.626
AAVEUSDT,SELL,LIMIT,1701941522642,0.1,93.598
AAVEUSDT,SELL,LIMIT,1701941523802,1.0,93.583
AAVEUSDT,SELL,LIMIT,1701941525273,18.1,93.489
AAVEUSDT,SELL,LIMIT,1701941526713,7.9,93.427
AAVEUSDT,SELL,LIMIT,1701941543317,0.2,93.358
AAVEUSDT,SELL,LIMIT,1701941544443,0.1,93.331
AAVEUSDT,SELL,LIMIT,1701941552237,1.2,93.307
AAVEUSDT,SELL,LIMIT,1701941554077,10.7,93.267
AAVEUSDT,SELL,LIMIT,1701943653390,0.4,94.273
AAVEUSDT,SELL,LIMIT,1701943672222,3.2,94.241
AAVEUSDT,SELL,LIMIT,1701951901293,1.3,95.283
AAVEUSDT,BUY,LIMIT,1701953976591,0.1,98.347
AAVEUSDT,SELL,LIMIT,1701954849760,0.3,95.140
AAVEUSDT,BUY,LIMIT,1701962686690,0.1,99.083
AAVEUSDT,BUY,LIMIT,1701963591503,0.3,100.217
AAVEUSDT,SELL,LIMIT,1701964734131,0.1,97.064
AAVEUSDT,BUY,LIMIT,1701965058187,1.2,100.048
AAVEUSDT,BUY,LIMIT,1701965112212,15.6,100.194
AAVEUSDT,BUY,LIMIT,1701965565321,5.3,101.032
AAVEUSDT,SELL,LIMIT,1701965961675,24.3,97.521
AAVEUSDT,BUY,LIMIT,1701966973015,0.5,101.043
AAVEUSDT,BUY,LIMIT,1701968412457,1.0,101.185
AAVEUSDT,BUY,LIMIT,1701969404748,1.0,100.961
AAVEUSDT,SELL,LIMIT,1701970937173,4.2,97.681
AAVEUSDT,SELL,LIMIT,1701970982195,0.5,97.639
AAVEUSDT,BUY,LIMIT,1701971753363,8.1,100.982
AAVEUSDT,SELL,LIMIT,1701974102194,0.1,97.483
AAVEUSDT,SELL,LIMIT,1701974304172,22.2,97.304
AAVEUSDT,SELL,LIMIT,1701977157157,10.0,96.661
AAVEUSDT,SELL,LIMIT,1701977271492,0.3,96.493
AAVEUSDT,SELL,LIMIT,1701977298059,21.3,96.341
AAVEUSDT,SELL,LIMIT,1701978086104,2.0,96.283
AAVEUSDT,SELL,LIMIT,1701978088237,1.5,96.262
AAVEUSDT,SELL,LIMIT,1701981623196,2.7,96.146
AAVEUSDT,BUY,LIMIT,1701984527673,20.1,100.830
AAVEUSDT,SELL,LIMIT,1701990002663,8.4,96.747
AAVEUSDT,BUY,LIMIT,1701993668128,4.8,100.386
AAVEUSDT,BUY,LIMIT,1701993740038,1.0,100.533
AAVEUSDT,BUY,LIMIT,1701993934926,2.8,100.675
AAVEUSDT,BUY,LIMIT,1701993981204,0.2,100.917
AAVEUSDT,BUY,LIMIT,1701994595029,105.8,101.957
AAVEUSDT,BUY,LIMIT,1701994826132,0.6,101.607
AAVEUSDT,BUY,LIMIT,1701994881222,2.5,101.399
AAVEUSDT,SELL,LIMIT,1701996172139,49.8,97.448
AAVEUSDT,SELL,LIMIT,1701996330839,6.9,97.177
AAVEUSDT,SELL,LIMIT,1702002165253,0.1,97.253
AAVEUSDT,BUY,LIMIT,1702003964388,0.3,100.298
AAVEUSDT,BUY,LIMIT,1702004071099,6.0,100.532
AAVEUSDT,BUY,LIMIT,1702007011916,2.9,101.239
AAVEUSDT,BUY,LIMIT,1702016000853,83.4,102.610
AAVEUSDT,BUY,LIMIT,1702016037273,22.2,102.301
AAVEUSDT,SELL,LIMIT,1702017734044,2.5,98.608
AAVEUSDT,SELL,LIMIT,1702019171221,10.9,98.416
AAVEUSDT,SELL,LIMIT,1702019176637,1.9,98.332
AAVEUSDT,SELL,LIMIT,1702020224393,0.6,98.058
AAVEUSDT,SELL,LIMIT,1702020301656,0.9,97.923
AAVEUSDT,SELL,LIMIT,1702020530518,0.2,97.850
AAVEUSDT,SELL,LIMIT,1702020638705,10.0,97.643
AAVEUSDT,SELL,LIMIT,1702023062827,25.7,97.508
AAVEUSDT,SELL,LIMIT,1702025947917,1.0,97.146
AAVEUSDT,BUY,LIMIT,1702032287393,34.2,100.858
AAVEUSDT,BUY,LIMIT,1702035162707,0.4,101.278
AAVEUSDT,BUY,LIMIT,1702035451421,15.8,101.175
AAVEUSDT,BUY,LIMIT,1702035734215,0.2,101.841
AAVEUSDT,BUY,LIMIT,1702036072383,1.0,96.388
AAVEUSDT,BUY,LIMIT,1702038044676,0.1,101.743
AAVEUSDT,SELL,LIMIT,1702040482051,1.0,98.446
AAVEUSDT,SELL,LIMIT,1702042055430,1.0,97.913
AAVEUSDT,SELL,LIMIT,1702042066136,4.2,97.897
AAVEUSDT,SELL,LIMIT,1702042131838,6.4,97.810
AAVEUSDT,SELL,LIMIT,1702042212039,1.8,97.591
AAVEUSDT,SELL,LIMIT,1702042236500,0.3,97.278
AAVEUSDT,SELL,LIMIT,1702042240558,1.4,97.108
AAVEUSDT,SELL,LIMIT,1702042272085,1.0,97.103
AAVEUSDT,SELL,LIMIT,1702042274212,1.1,97.063
AAVEUSDT,BUY,LIMIT,1702042982658,0.3,99.045
AAVEUSDT,SELL,LIMIT,1702043839186,1.1,96.847
AAVEUSDT,SELL,LIMIT,1702043864564,1.4,96.701
AAVEUSDT,SELL,LIMIT,1702044412119,32.8,96.545
AAVEUSDT,SELL,LIMIT,1702044424842,1.4,96.475
AAVEUSDT,SELL,LIMIT,1702044516180,2.4,96.350
AAVEUSDT,BUY,LIMIT,1702045133713,5.6,99.818
AAVEUSDT,BUY,LIMIT,1702045786104,8.2,100.071
AAVEUSDT,BUY,LIMIT,1702045787344,1.0,100.073
AAVEUSDT,SELL,LIMIT,1702045885456,5.5,97.161
AAVEUSDT,BUY,LIMIT,1702046049390,0.5,100.246
AAVEUSDT,SELL,LIMIT,1702047203254,13.8,96.717
AAVEUSDT,SELL,LIMIT,1702048451055,0.5,96.398
AAVEUSDT,SELL,LIMIT,1702048452075,25.0,96.224
AAVEUSDT,SELL,LIMIT,1702049562831,0.2,96.080
AAVEUSDT,SELL,LIMIT,1702049617786,0.4,96.054
AAVEUSDT,SELL,LIMIT,1702049620934,15.4,95.968
AAVEUSDT,SELL,LIMIT,1702050023768,0.1,95.695
AAVEUSDT,SELL,LIMIT,1702050026139,0.3,95.629
AAVEUSDT,SELL,LIMIT,1702051004567,1.4,95.641
AAVEUSDT,SELL,LIMIT,1702051011780,3.0,95.591
AAVEUSDT,SELL,LIMIT,1702051082260,7.9,95.581
AAVEUSDT,SELL,LIMIT,1702051090709,0.8,95.570
AAVEUSDT,SELL,LIMIT,1702051097324,0.2,95.515
AAVEUSDT,SELL,LIMIT,1702051101253,3.1,95.479
AAVEUSDT,SELL,LIMIT,1702051604388,6.1,95.429
AAVEUSDT,SELL,LIMIT,1702051619901,1.3,95.390
AAVEUSDT,SELL,LIMIT,1702051623472,17.3,95.359
AAVEUSDT,BUY,LIMIT,1702052161449,0.5,98.937
AAVEUSDT,BUY,LIMIT,1702052598329,2.4,99.319
AAVEUSDT,SELL,LIMIT,1702054111423,1.2,95.810
AAVEUSDT,SELL,LIMIT,1702055316327,0.9,95.275
AAVEUSDT,SELL,LIMIT,1702055321930,0.3,95.250
AAVEUSDT,SELL,LIMIT,1702055322993,3.5,95.238
AAVEUSDT,SELL,LIMIT,1702055334190,0.5,95.190
AAVEUSDT,SELL,LIMIT,1702055335507,0.5,95.165
AAVEUSDT,SELL,LIMIT,1702055338618,3.1,95.051
AAVEUSDT,SELL,LIMIT,1702055347089,0.8,95.001
AAVEUSDT,SELL,LIMIT,1702055348204,31.3,94.992
AAVEUSDT,SELL,LIMIT,1702056284157,9.8,94.808
AAVEUSDT,SELL,LIMIT,1702056286827,14.6,94.774
AAVEUSDT,SELL,LIMIT,1702056442346,1.1,94.884
AAVEUSDT,SELL,LIMIT,1702056508578,0.4,94.616
AAVEUSDT,SELL,LIMIT,1702056543053,1.5,94.516
AAVEUSDT,SELL,LIMIT,1702056551345,6.0,94.510
AAVEUSDT,SELL,LIMIT,1702056562151,1.0,94.521
AAVEUSDT,BUY,LIMIT,1702061306071,16.5,98.879
AAVEUSDT,BUY,LIMIT,1702065742957,0.7,99.511
AAVEUSDT,BUY,LIMIT,1702065942715,3.0,99.619
AAVEUSDT,BUY,LIMIT,1702066091781,1.4,99.691
AAVEUSDT,BUY,LIMIT,1702069048992,1.0,99.893
AAVEUSDT,BUY,LIMIT,1702070626128,0.4,99.723
AAVEUSDT,BUY,LIMIT,1702071301048,0.2,99.964
AAVEUSDT,SELL,LIMIT,1702072671667,0.4,96.999
AAVEUSDT,BUY,LIMIT,1702075534410,22.3,99.794
AAVEUSDT,SELL,LIMIT,1702077828678,1.0,97.272
AAVEUSDT,BUY,LIMIT,1702078548701,2.5,100.497
AAVEUSDT,SELL,LIMIT,1702078609448,0.9,97.587
AAVEUSDT,BUY,LIMIT,1702079446050,43.6,100.804
AAVEUSDT,BUY,LIMIT,1702080186938,0.3,101.067
AAVEUSDT,SELL,LIMIT,1702080268085,0.2,98.087
AAVEUSDT,BUY,LIMIT,1702080335542,1.7,101.163
AAVEUSDT,BUY,LIMIT,1702080336644,0.3,101.243
AAVEUSDT,BUY,LIMIT,1702080687269,1.5,101.029
AAVEUSDT,BUY,LIMIT,1702080754255,2.6,101.186
AAVEUSDT,BUY,LIMIT,1702080768624,52.2,101.273
AAVEUSDT,BUY,LIMIT,1702081229517,22.2,101.556
AAVEUSDT,BUY,LIMIT,1702081529720,1.0,101.771
AAVEUSDT,SELL,LIMIT,1702081661282,0.4,98.698
AAVEUSDT,BUY,LIMIT,1702081785982,9.3,101.966
AAVEUSDT,SELL,LIMIT,1702083647471,37.0,98.946
AAVEUSDT,SELL,LIMIT,1702083794126,0.3,98.723
AAVEUSDT,SELL,LIMIT,1702084103930,50.8,98.145
AAVEUSDT,SELL,LIMIT,1702084219663,49.7,97.436
AAVEUSDT,BUY,LIMIT,1702085857886,12.0,101.720
AAVEUSDT,BUY,LIMIT,1702085901360,2.6,101.631
AAVEUSDT,BUY,LIMIT,1702091266960,0.5,101.890
AAVEUSDT,BUY,LIMIT,1702091837684,0.3,102.109
AAVEUSDT,BUY,LIMIT,1702091934127,1.0,102.088
AAVEUSDT,BUY,LIMIT,1702092602436,1.1,102.663
AAVEUSDT,BUY,LIMIT,1702093556674,2.6,103.054
AAVEUSDT,SELL,LIMIT,1702096521068,0.5,99.436
AAVEUSDT,SELL,LIMIT,1702096884856,0.4,99.199
AAVEUSDT,SELL,LIMIT,1702097270683,0.9,99.524
AAVEUSDT,SELL,LIMIT,1702099309886,10.6,99.215
AAVEUSDT,BUY,LIMIT,1702103212393,3.1,103.110
AAVEUSDT,SELL,LIMIT,1702103465217,106.4,99.515
AAVEUSDT,BUY,LIMIT,1702103723270,0.3,103.100
AAVEUSDT,BUY,LIMIT,1702103925451,0.3,103.527
AAVEUSDT,BUY,LIMIT,1702104227782,1.3,103.454
AAVEUSDT,BUY,LIMIT,1702104505077,1.5,103.578
AAVEUSDT,BUY,LIMIT,1702106501806,0.1,104.097
AAVEUSDT,BUY,LIMIT,1702106711410,154.9,104.992
AAVEUSDT,BUY,LIMIT,1702106713790,3.1,104.298
AAVEUSDT,BUY,LIMIT,1702106841433,0.9,104.490
AAVEUSDT,BUY,LIMIT,1702106891576,5.9,104.303
AAVEUSDT,BUY,LIMIT,1702107194886,3.5,104.166
AAVEUSDT,BUY,LIMIT,1702107521640,42.2,104.389
AAVEUSDT,BUY,LIMIT,1702108041795,17.1,104.397
AAVEUSDT,BUY,LIMIT,1702108208749,0.6,104.439
AAVEUSDT,BUY,LIMIT,1702108293834,1.3,104.494
AAVEUSDT,BUY,LIMIT,1702108306773,12.4,104.500
AAVEUSDT,BUY,LIMIT,1702108556863,6.1,104.626
AAVEUSDT,BUY,LIMIT,1702108951658,1.5,104.730
AAVEUSDT,BUY,LIMIT,1702109102696,0.8,104.830
AAVEUSDT,BUY,LIMIT,1702109111482,5.5,104.861
AAVEUSDT,BUY,LIMIT,1702109195135,10.1,104.899
AAVEUSDT,BUY,LIMIT,1702109197354,0.1,104.903
AAVEUSDT,BUY,LIMIT,1702109317145,19.2,105.041
AAVEUSDT,BUY,LIMIT,1702109416204,0.3,105.022
AAVEUSDT,BUY,LIMIT,1702109566492,0.2,104.621
AAVEUSDT,BUY,LIMIT,1702109780750,0.1,105.263
AAVEUSDT,BUY,LIMIT,1702109841622,19.8,105.405
AAVEUSDT,BUY,LIMIT,1702109852653,30.1,105.427
AAVEUSDT,BUY,LIMIT,1702109925240,10.5,104.421
AAVEUSDT,BUY,LIMIT,1702109991879,3.0,105.741
AAVEUSDT,BUY,LIMIT,1702110000628,82.7,106.227
AAVEUSDT,BUY,LIMIT,1702110115800,9.9,105.935
AAVEUSDT,BUY,LIMIT,1702110204247,106.0,106.597
AAVEUSDT,BUY,LIMIT,1702110209898,0.5,106.053
AAVEUSDT,BUY,LIMIT,1702110212833,0.6,106.065
AAVEUSDT,BUY,LIMIT,1702110216567,12.2,106.088
AAVEUSDT,BUY,LIMIT,1702110238246,15.5,106.179
AAVEUSDT,BUY,LIMIT,1702110258191,0.3,106.216
AAVEUSDT,BUY,LIMIT,1702110727457,0.2,106.145
AAVEUSDT,SELL,LIMIT,1702110890142,5.2,102.431
AAVEUSDT,SELL,LIMIT,1702110897666,0.2,102.136
AAVEUSDT,SELL,LIMIT,1702110971741,10.9,101.367
AAVEUSDT,SELL,LIMIT,1702110976351,0.1,101.160
AAVEUSDT,SELL,LIMIT,1702110980335,12.8,101.705
AAVEUSDT,SELL,LIMIT,1702110992763,12.0,100.865
AAVEUSDT,SELL,LIMIT,1702111032983,48.6,100.785
AAVEUSDT,SELL,LIMIT,1702111035464,19.7,100.618
AAVEUSDT,SELL,LIMIT,1702111036635,2.3,100.392
AAVEUSDT,SELL,LIMIT,1702111042570,0.4,100.379
AAVEUSDT,SELL,LIMIT,1702111043730,100.0,99.132
AAVEUSDT,SELL,LIMIT,1702111045446,2.4,99.607
AAVEUSDT,SELL,LIMIT,1702111181446,0.1,100.285
AAVEUSDT,SELL,LIMIT,1702111200761,0.3,99.803
AAVEUSDT,SELL,LIMIT,1702111369082,97.2,99.029
AAVEUSDT,SELL,LIMIT,1702111370667,19.7,99.373
AAVEUSDT,SELL,LIMIT,1702111378801,50.8,99.070
AAVEUSDT,SELL,LIMIT,1702111380770,18.6,98.892
AAVEUSDT,SELL,LIMIT,1702111387296,5.2,98.937
AAVEUSDT,BUY,LIMIT,1702112423958,0.5,103.296
AAVEUSDT,BUY,LIMIT,1702112427392,1.6,103.336
AAVEUSDT,SELL,LIMIT,1702112753382,48.9,100.166
AAVEUSDT,BUY,LIMIT,1702112974503,0.2,103.214
AAVEUSDT,BUY,LIMIT,1702113083328,0.6,103.469
AAVEUSDT,SELL,LIMIT,1702114563336,7.1,100.787
AAVEUSDT,SELL,LIMIT,1702114647964,8.7,100.648
AAVEUSDT,SELL,LIMIT,1702114877400,23.5,100.202
AAVEUSDT,SELL,LIMIT,1702115080532,0.3,99.808
AAVEUSDT,SELL,LIMIT,1702121346816,7.4,99.532
AAVEUSDT,SELL,LIMIT,1702121362226,45.2,99.457
AAVEUSDT,SELL,LIMIT,1702122325214,2.3,99.334
AAVEUSDT,SELL,LIMIT,1702122436010,0.8,99.236
AAVEUSDT,SELL,LIMIT,1702124261185,1.6,100.003
AAVEUSDT,SELL,LIMIT,1702125021405,0.1,99.505
AAVEUSDT,BUY,LIMIT,1702125473113,20.0,102.679
AAVEUSDT,BUY,LIMIT,1702128854375,37.6,103.074
AAVEUSDT,SELL,LIMIT,1702132788345,10.8,100.014
AAVEUSDT,SELL,LIMIT,1702132865069,1.4,99.568
AAVEUSDT,SELL,LIMIT,1702132922215,12.3,99.463
AAVEUSDT,SELL,LIMIT,1702132996835,7.9,99.109
AAVEUSDT,SELL,LIMIT,1702133004389,5.6,98.809
AAVEUSDT,SELL,LIMIT,1702133006472,12.3,98.688
AAVEUSDT,SELL,LIMIT,1702134491179,1.1,98.471
AAVEUSDT,SELL,LIMIT,1702134532449,0.1,98.315
AAVEUSDT,SELL,LIMIT,1702135413439,1.0,98.290
AAVEUSDT,SELL,LIMIT,1702135603264,0.9,98.186
AAVEUSDT,SELL,LIMIT,1702135720535,0.6,98.089
AAVEUSDT,SELL,LIMIT,1702135734808,2.8,98.040
AAVEUSDT,SELL,LIMIT,1702135764996,4.3,97.759
AAVEUSDT,BUY,LIMIT,1702137175086,1.3,102.010
AAVEUSDT,BUY,LIMIT,1702138487379,3.1,103.350
AAVEUSDT,SELL,LIMIT,1702139125576,23.2,98.930
AAVEUSDT,SELL,LIMIT,1702139275424,7.0,98.309
AAVEUSDT,SELL,LIMIT,1702139276927,12.8,98.302
AAVEUSDT,SELL,LIMIT,1702139279827,2.8,98.316
AAVEUSDT,BUY,LIMIT,1702139521511,0.5,101.828
AAVEUSDT,SELL,LIMIT,1702141554284,0.2,98.270
AAVEUSDT,SELL,LIMIT,1702141702764,0.5,97.797
AAVEUSDT,SELL,LIMIT,1702141706195,2.9,97.583
AAVEUSDT,SELL,LIMIT,1702141756148,12.8,97.788
AAVEUSDT,SELL,LIMIT,1702141799492,2.6,97.489
AAVEUSDT,SELL,LIMIT,1702141849454,8.9,97.366
AAVEUSDT,SELL,LIMIT,1702141851290,1.7,97.308
AAVEUSDT,SELL,LIMIT,1702141858213,0.2,97.096
AAVEUSDT,SELL,LIMIT,1702141859485,126.3,96.493
AAVEUSDT,SELL,LIMIT,1702144709558,0.5,97.452
AAVEUSDT,SELL,LIMIT,1702144792753,0.4,97.315
AAVEUSDT,SELL,LIMIT,1702152931674,0.2,97.850
AAVEUSDT,SELL,LIMIT,1702152933059,5.0,97.825
AAVEUSDT,SELL,LIMIT,1702152940336,8.3,97.775
AAVEUSDT,SELL,LIMIT,1702153012007,0.2,97.673
AAVEUSDT,SELL,LIMIT,1702156376838,30.8,97.192
AAVEUSDT,BUY,LIMIT,1702161780638,2.3,102.012
AAVEUSDT,SELL,LIMIT,1702164090838,0.6,98.296
AAVEUSDT,SELL,LIMIT,1702164504329,1.2,97.657
AAVEUSDT,SELL,LIMIT,1702164543109,0.1,97.362
AAVEUSDT,SELL,LIMIT,1702164545235,0.3,97.318
AAVEUSDT,SELL,LIMIT,1702164546344,12.3,97.362
AAVEUSDT,SELL,LIMIT,1702164711963,0.2,97.089
AAVEUSDT,SELL,LIMIT,1702164743661,1.9,97.151
AAVEUSDT,SELL,LIMIT,1702164745529,69.9,96.758
AAVEUSDT,SELL,LIMIT,1702164747439,25.6,96.706
AAVEUSDT,SELL,LIMIT,1702164748501,34.0,96.628
AAVEUSDT,SELL,LIMIT,1702164750114,0.4,96.529
AAVEUSDT,SELL,LIMIT,1702164752574,2.0,96.494
AAVEUSDT,SELL,LIMIT,1702164800964,61.5,96.320
AAVEUSDT,SELL,LIMIT,1702164802283,13.5,96.374
AAVEUSDT,SELL,LIMIT,1702164803869,3.2,96.314
AAVEUSDT,SELL,LIMIT,1702164804909,19.4,96.219
AAVEUSDT,SELL,LIMIT,1702164806774,6.2,96.131
AAVEUSDT,SELL,LIMIT,1702164808243,0.2,96.028
AAVEUSDT,SELL,LIMIT,1702164810805,0.7,96.079
AAVEUSDT,BUY,LIMIT,1702186658477,20.2,100.860
AAVEUSDT,SELL,LIMIT,1702193716249,0.6,97.000
AAVEUSDT,SELL,LIMIT,1702197044886,2.8,96.479
AAVEUSDT,SELL,LIMIT,1702198460885,0.2,96.589
AAVEUSDT,SELL,LIMIT,1702198489877,0.5,96.444
AAVEUSDT,SELL,LIMIT,1702200284032,50.8,96.077
AAVEUSDT,SELL,LIMIT,1702200324595,3.3,96.003
AAVEUSDT,SELL,LIMIT,1702200330797,3.0,95.815
AAVEUSDT,SELL,LIMIT,1702200332098,28.0,95.802
AAVEUSDT,SELL,LIMIT,1702200333127,1.9,95.761
AAVEUSDT,SELL,LIMIT,1702200335512,0.1,95.776
AAVEUSDT,SELL,LIMIT,1702200402169,2.5,95.707
AAVEUSDT,SELL,LIMIT,1702200450300,1.7,95.694
AAVEUSDT,SELL,LIMIT,1702200510131,41.2,95.573
AAVEUSDT,SELL,LIMIT,1702200623107,7.2,95.565
AAVEUSDT,SELL,LIMIT,1702200717646,1.0,95.513
AAVEUSDT,SELL,LIMIT,1702200761081,12.3,95.420
AAVEUSDT,SELL,LIMIT,1702200763515,19.9,95.394
AAVEUSDT,SELL,LIMIT,1702200765529,0.4,95.374
AAVEUSDT,SELL,LIMIT,1702200766547,0.2,95.338
AAVEUSDT,SELL,LIMIT,1702200802416,1.9,95.291
AAVEUSDT,SELL,LIMIT,1702200828670,9.9,95.213
AAVEUSDT,SELL,LIMIT,1702200834751,0.1,95.178
AAVEUSDT,SELL,LIMIT,1702200881132,4.2,95.115
AAVEUSDT,SELL,LIMIT,1702200882392,18.7,95.125
AAVEUSDT,SELL,LIMIT,1702200890191,50.4,95.012
AAVEUSDT,SELL,LIMIT,1702200937425,0.1,94.898
AAVEUSDT,SELL,LIMIT,1702200939090,1.0,94.887
AAVEUSDT,SELL,LIMIT,1702200942028,0.3,94.882
AAVEUSDT,SELL,LIMIT,1702202158697,3.0,94.916
AAVEUSDT,SELL,LIMIT,1702202251251,19.8,94.840
AAVEUSDT,SELL,LIMIT,1702202253402,0.5,94.834
AAVEUSDT,SELL,LIMIT,1702202257012,0.5,94.820
AAVEUSDT,SELL,LIMIT,1702202262251,3.1,94.761
AAVEUSDT,SELL,LIMIT,1702202263357,1.9,94.771
AAVEUSDT,SELL,LIMIT,1702202269423,61.0,94.614
AAVEUSDT,SELL,LIMIT,1702202272939,24.5,94.736
AAVEUSDT,SELL,LIMIT,1702202277831,1.3,94.774
AAVEUSDT,SELL,LIMIT,1702202289989,0.1,94.703
AAVEUSDT,SELL,LIMIT,1702202292043,0.3,94.647
AAVEUSDT,SELL,LIMIT,1702202295139,2.3,94.614
AAVEUSDT,BUY,LIMIT,1702202314298,0.2,97.442
AAVEUSDT,SELL,LIMIT,1702202318310,1.7,94.640
AAVEUSDT,SELL,LIMIT,1702202323812,1.4,94.592
AAVEUSDT,SELL,LIMIT,1702202369309,3.0,94.520
AAVEUSDT,SELL,LIMIT,1702202371627,1.4,94.477
AAVEUSDT,SELL,LIMIT,1702202375520,4.3,94.432
AAVEUSDT,SELL,LIMIT,1702202380131,1.7,94.395
AAVEUSDT,SELL,LIMIT,1702202382969,0.4,94.364
AAVEUSDT,SELL,LIMIT,1702202384938,9.3,94.377
AAVEUSDT,SELL,LIMIT,1702202387089,1.8,94.314
AAVEUSDT,SELL,LIMIT,1702202388420,6.4,94.328
AAVEUSDT,SELL,LIMIT,1702202390001,0.3,94.206
AAVEUSDT,SELL,LIMIT,1702202397595,4.1,94.206
AAVEUSDT,BUY,LIMIT,1702219723132,2.0,99.532
AAVEUSDT,BUY,LIMIT,1702221493082,1.7,99.788
AAVEUSDT,SELL,LIMIT,1702224637735,0.2,96.452
AAVEUSDT,SELL,LIMIT,1702224717875,0.6,96.305
AAVEUSDT,SELL,LIMIT,1702225715346,10.3,96.474
AAVEUSDT,SELL,LIMIT,1702226092281,5.0,96.144
AAVEUSDT,SELL,LIMIT,1702228845513,0.1,95.590
AAVEUSDT,SELL,LIMIT,1702229214645,23.5,95.499
AAVEUSDT,SELL,LIMIT,1702229299138,0.5,95.434
AAVEUSDT,SELL,LIMIT,1702229300586,6.8,95.421
AAVEUSDT,SELL,LIMIT,1702229943606,6.0,95.290
AAVEUSDT,BUY,LIMIT,1702232181671,0.1,98.807
AAVEUSDT,SELL,LIMIT,1702235697922,0.1,96.077
AAVEUSDT,BUY,LIMIT,1702240714100,3.4,99.493
AAVEUSDT,BUY,LIMIT,1702240725080,19.7,99.532
AAVEUSDT,SELL,LIMIT,1702240778710,10.3,96.738
AAVEUSDT,BUY,LIMIT,1702240779748,5.3,99.687
AAVEUSDT,SELL,LIMIT,1702243633598,11.0,96.580
AAVEUSDT,SELL,LIMIT,1702243648512,12.7,96.498
AAVEUSDT,SELL,LIMIT,1702243703080,3.4,96.413
AAVEUSDT,SELL,LIMIT,1702250289759,6.1,95.983
AAVEUSDT,SELL,LIMIT,1702256122396,11.2,95.561
AAVEUSDT,SELL,LIMIT,1702256327059,3.4,95.365
AAVEUSDT,SELL,LIMIT,1702256490939,1.6,95.129
AAVEUSDT,SELL,LIMIT,1702256559337,0.4,95.011
AAVEUSDT,SELL,LIMIT,1702256585133,1.4,94.916
AAVEUSDT,SELL,LIMIT,1702256609157,3.4,94.890
AAVEUSDT,SELL,LIMIT,1702256614354,10.0,94.794
AAVEUSDT,SELL,LIMIT,1702256620300,4.0,94.714
AAVEUSDT,SELL,LIMIT,1702256660356,10.6,94.688
AAVEUSDT,SELL,LIMIT,1702256726410,5.0,94.600
AAVEUSDT,SELL,LIMIT,1702256908288,1.3,94.555
AAVEUSDT,SELL,LIMIT,1702256921752,2.5,94.508
AAVEUSDT,SELL,LIMIT,1702256984183,0.1,94.325
AAVEUSDT,SELL,LIMIT,1702256994484,0.8,94.270
AAVEUSDT,SELL,LIMIT,1702257008536,12.7,94.235
AAVEUSDT,SELL,LIMIT,1702260290713,1.2,94.396
AAVEUSDT,SELL,LIMIT,1702260423117,35.4,94.259
AAVEUSDT,SELL,LIMIT,1702260429314,3.2,94.145
AAVEUSDT,SELL,LIMIT,1702260430613,130.1,93.588
AAVEUSDT,SELL,LIMIT,1702260432199,0.5,94.005
AAVEUSDT,SELL,LIMIT,1702260434953,9.8,93.930
AAVEUSDT,SELL,LIMIT,1702260436564,64.2,93.654
AAVEUSDT,SELL,LIMIT,1702260439217,5.3,93.707
AAVEUSDT,SELL,LIMIT,1702260440330,0.3,93.728
AAVEUSDT,SELL,LIMIT,1702260441425,24.8,93.652
AAVEUSDT,SELL,LIMIT,1702260443887,9.8,93.634
AAVEUSDT,SELL,LIMIT,1702260618458,41.7,93.603
AAVEUSDT,SELL,LIMIT,1702260620030,46.0,93.591
AAVEUSDT,SELL,LIMIT,1702260622472,5.0,93.585
AAVEUSDT,SELL,LIMIT,1702260623706,9.9,93.550
AAVEUSDT,SELL,LIMIT,1702260624842,48.8,93.537
AAVEUSDT,SELL,LIMIT,1702260626461,0.4,93.483
AAVEUSDT,SELL,LIMIT,1702260628235,0.4,93.344
AAVEUSDT,SELL,LIMIT,1702260629392,39.9,93.349
AAVEUSDT,SELL,LIMIT,1702260630466,25.5,93.206
AAVEUSDT,SELL,LIMIT,1702260631509,1.2,92.852
AAVEUSDT,SELL,LIMIT,1702260632553,0.3,92.882
AAVEUSDT,SELL,LIMIT,1702260633588,9.5,92.763
AAVEUSDT,SELL,LIMIT,1702260634722,9.3,92.661
AAVEUSDT,SELL,LIMIT,1702260636266,0.1,92.625
AAVEUSDT,SELL,LIMIT,1702260637585,5.7,92.640
AAVEUSDT,SELL,LIMIT,1702260638624,105.5,92.155
AAVEUSDT,SELL,LIMIT,1702260689084,3.0,92.580
AAVEUSDT,SELL,LIMIT,1702260691081,0.1,92.518
AAVEUSDT,SELL,LIMIT,1702260692259,1.0,92.565
AAVEUSDT,SELL,LIMIT,1702260693289,20.0,92.388
AAVEUSDT,SELL,LIMIT,1702260694422,0.1,92.414
AAVEUSDT,SELL,LIMIT,1702260698081,25.0,92.227
AAVEUSDT,SELL,LIMIT,1702260699547,4.5,92.196
AAVEUSDT,SELL,LIMIT,1702260700610,3.0,92.130
AAVEUSDT,SELL,LIMIT,1702260707252,0.2,92.238
AAVEUSDT,SELL,LIMIT,1702260708347,19.6,92.056
AAVEUSDT,SELL,LIMIT,1702260709655,7.0,92.072
AAVEUSDT,SELL,LIMIT,1702260710934,0.4,92.035
AAVEUSDT,SELL,LIMIT,1702260712245,1.0,91.944
AAVEUSDT,SELL,LIMIT,1702260713317,7.5,91.928
AAVEUSDT,SELL,LIMIT,1702260714295,50.8,92.802
AAVEUSDT,SELL,LIMIT,1702260715581,0.6,91.805
AAVEUSDT,SELL,LIMIT,1702260716585,2.0,91.737
AAVEUSDT,SELL,LIMIT,1702260717592,0.5,91.571
AAVEUSDT,SELL,LIMIT,1702260718624,10.0,91.370
AAVEUSDT,SELL,LIMIT,1702260719647,243.9,90.624
AAVEUSDT,SELL,LIMIT,1702260720698,6.0,91.162
AAVEUSDT,SELL,LIMIT,1702260721727,0.6,91.032
AAVEUSDT,SELL,LIMIT,1702260722836,19.0,90.870
AAVEUSDT,SELL,LIMIT,1702260723965,0.8,90.805
AAVEUSDT,SELL,LIMIT,1702260725042,4.5,90.567
AAVEUSDT,SELL,LIMIT,1702260726069,596.9,89.045
AAVEUSDT,SELL,LIMIT,1702260727421,10.0,89.844
AAVEUSDT,SELL,LIMIT,1702260728484,36.9,89.644
AAVEUSDT,SELL,LIMIT,1702260729514,17.8,89.537
AAVEUSDT,SELL,LIMIT,1702260730499,0.1,89.273
AAVEUSDT,SELL,LIMIT,1702260731715,29.3,89.268
AAVEUSDT,SELL,LIMIT,1702260733627,0.3,89.015
AAVEUSDT,SELL,LIMIT,1702260734659,34.9,89.094
AAVEUSDT,SELL,LIMIT,1702260736393,4.5,89.125
AAVEUSDT,SELL,LIMIT,1702260738865,2.5,89.511
AAVEUSDT,SELL,LIMIT,1702260741072,43.4,89.630
AAVEUSDT,SELL,LIMIT,1702260742652,8.0,89.703
AAVEUSDT,SELL,LIMIT,1702260743656,6.9,89.960
AAVEUSDT,SELL,LIMIT,1702260744870,9.8,117.373
AAVEUSDT,SELL,LIMIT,1702260746417,2.5,89.795
AAVEUSDT,SELL,LIMIT,1702260747633,0.1,89.508
AAVEUSDT,SELL,LIMIT,1702260749045,100.0,89.099
AAVEUSDT,SELL,LIMIT,1702260750291,2.3,91.047
AAVEUSDT,SELL,LIMIT,1702260751503,5.7,89.531
AAVEUSDT,SELL,LIMIT,1702260752823,1.0,89.595
AAVEUSDT,SELL,LIMIT,1702260754277,30.9,89.484
AAVEUSDT,SELL,LIMIT,1702260755516,4.0,89.340
AAVEUSDT,SELL,LIMIT,1702260756564,50.2,88.888
AAVEUSDT,SELL,LIMIT,1702260757568,2.5,88.919
AAVEUSDT,SELL,LIMIT,1702260758583,0.8,88.548
AAVEUSDT,SELL,LIMIT,1702260759615,20.3,88.764
AAVEUSDT,SELL,LIMIT,1702260760584,0.3,88.074
AAVEUSDT,SELL,LIMIT,1702260761764,220.6,87.551
AAVEUSDT,SELL,LIMIT,1702260763033,0.2,88.172
AAVEUSDT,SELL,LIMIT,1702260764107,10.5,88.017
AAVEUSDT,SELL,LIMIT,1702260765225,1.6,88.014
AAVEUSDT,SELL,LIMIT,1702260766487,40.6,87.864
AAVEUSDT,SELL,LIMIT,1702260767542,0.2,87.880
AAVEUSDT,SELL,LIMIT,1702260768619,2.5,87.565
AAVEUSDT,SELL,LIMIT,1702260769574,1.0,87.374
AAVEUSDT,SELL,LIMIT,1702260770677,8.7,87.312
AAVEUSDT,SELL,LIMIT,1702260771750,0.5,87.163
AAVEUSDT,SELL,LIMIT,1702260772770,0.9,87.122
AAVEUSDT,SELL,LIMIT,1702260773981,9.2,87.104
AAVEUSDT,SELL,LIMIT,1702260775067,10.7,87.022
AAVEUSDT,SELL,LIMIT,1702260776068,1.8,86.754
AAVEUSDT,SELL,LIMIT,1702260777211,4.1,86.718
AAVEUSDT,SELL,LIMIT,1702260778206,0.2,86.758
AAVEUSDT,SELL,LIMIT,1702260779342,1.7,86.706
AAVEUSDT,SELL,LIMIT,1702260780487,0.9,86.719
AAVEUSDT,SELL,LIMIT,1702260781572,15.9,86.776
AAVEUSDT,SELL,LIMIT,1702260782832,3.0,86.653
AAVEUSDT,SELL,LIMIT,1702260783865,43.4,86.902
AAVEUSDT,SELL,LIMIT,1702260784890,4.6,86.904
AAVEUSDT,SELL,LIMIT,1702260785958,6.7,87.176
AAVEUSDT,SELL,LIMIT,1702260787416,0.2,86.884
AAVEUSDT,SELL,LIMIT,1702260788435,0.2,86.786
AAVEUSDT,SELL,LIMIT,1702260789565,210.5,86.252
AAVEUSDT,SELL,LIMIT,1702260790727,83.4,86.406
AAVEUSDT,SELL,LIMIT,1702260791730,20.1,86.828
AAVEUSDT,SELL,LIMIT,1702260792993,0.7,86.780
AAVEUSDT,SELL,LIMIT,1702260794253,1.7,86.695
AAVEUSDT,SELL,LIMIT,1702260795296,0.2,86.572
AAVEUSDT,SELL,LIMIT,1702260796327,9.3,86.630
AAVEUSDT,SELL,LIMIT,1702260797334,0.1,86.595
AAVEUSDT,SELL,LIMIT,1702260799178,4.1,86.586
AAVEUSDT,SELL,LIMIT,1702260800202,70.0,86.380
AAVEUSDT,SELL,LIMIT,1702260801276,0.3,86.402
AAVEUSDT,SELL,LIMIT,1702260802463,0.8,87.500
AAVEUSDT,SELL,LIMIT,1702260803599,58.9,86.494
AAVEUSDT,SELL,LIMIT,1702260805403,2.4,86.377
AAVEUSDT,SELL,LIMIT,1702260806472,5.0,86.352
AAVEUSDT,SELL,LIMIT,1702260807739,5.1,86.238
AAVEUSDT,SELL,LIMIT,1702260808778,1.4,86.293
AAVEUSDT,SELL,LIMIT,1702260809828,53.2,86.247
AAVEUSDT,SELL,LIMIT,1702260810846,3.2,86.191
AAVEUSDT,SELL,LIMIT,1702260812081,119.6,85.744
AAVEUSDT,SELL,LIMIT,1702260813265,5.4,86.126
AAVEUSDT,SELL,LIMIT,1702260814499,15.2,86.087
AAVEUSDT,SELL,LIMIT,1702260815670,9.8,87.357
AAVEUSDT,SELL,LIMIT,1702260817187,66.0,85.927
AAVEUSDT,SELL,LIMIT,1702260818197,3.0,85.848
AAVEUSDT,SELL,LIMIT,1702260819209,50.0,85.853
AAVEUSDT,SELL,LIMIT,1702260820232,5.1,86.263
AAVEUSDT,SELL,LIMIT,1702260821367,1.9,85.520
AAVEUSDT,SELL,LIMIT,1702260822481,59.9,85.477
AAVEUSDT,SELL,LIMIT,1702260823708,19.1,85.495
AAVEUSDT,SELL,LIMIT,1702260834802,10.5,85.730
AAVEUSDT,BUY,LIMIT,1702260861356,0.2,89.461
AAVEUSDT,SELL,LIMIT,1702260977903,0.3,88.238
AAVEUSDT,BUY,LIMIT,1702261105851,27.7,91.818
AAVEUSDT,SELL,LIMIT,1702261600453,3.9,89.339
AAVEUSDT,BUY,LIMIT,1702262135729,0.7,93.144
AAVEUSDT,SELL,LIMIT,1702262505668,32.7,89.718
AAVEUSDT,SELL,LIMIT,1702262618729,1.1,88.943
AAVEUSDT,SELL,LIMIT,1702265724235,0.1,90.788
AAVEUSDT,BUY,LIMIT,1702265863374,8.4,93.758
AAVEUSDT,SELL,LIMIT,1702266101500,0.1,91.291
AAVEUSDT,SELL,LIMIT,1702267204805,33.4,91.254
