Symbol,Side,Order Type,Time,Quantity,Price
AAVEUSDT,BUY,LIMIT,1701065721152,4.2,98.345
AAVEUSDT,SELL,LIMIT,1701067746925,5.0,95.132
AAVEUSDT,SELL,LIMIT,1701067848227,0.7,94.878
AAVEUSDT,SELL,LIMIT,1701068095337,10.3,94.783
AAVEUSDT,SELL,LIMIT,1701068234170,1.2,94.511
AAVEUSDT,BUY,LIMIT,1701068950984,5.0,97.263
AAVEUSDT,SELL,LIMIT,1701069199613,0.2,94.268
AAVEUSDT,SELL,LIMIT,1701069226262,1.5,94.150
AAVEUSDT,SELL,LIMIT,1701069231003,5.0,94.100
AAVEUSDT,SELL,LIMIT,1701069490041,0.2,94.080
AAVEUSDT,SELL,LIMIT,1701069495581,7.0,94.037
AAVEUSDT,SELL,LIMIT,1701069512288,0.2,93.950
AAVEUSDT,SELL,LIMIT,1701069516170,0.3,93.902
AAVEUSDT,SELL,LIMIT,1701069523771,1.5,93.869
AAVEUSDT,SELL,LIMIT,1701069573181,33.0,93.817
AAVEUSDT,SELL,LIMIT,1701069635740,4.3,93.753
AAVEUSDT,SELL,LIMIT,1701069858160,7.0,93.589
AAVEUSDT,SELL,LIMIT,1701069859247,5.2,93.502
AAVEUSDT,SELL,LIMIT,1701069862463,10.4,93.480
AAVEUSDT,SELL,LIMIT,1701069877362,2.9,93.360
AAVEUSDT,SELL,LIMIT,1701069892334,10.0,93.284
AAVEUSDT,SELL,LIMIT,1701069897398,1.5,93.244
AAVEUSDT,SELL,LIMIT,1701070442222,1.0,93.204
AAVEUSDT,BUY,LIMIT,1701071913781,0.6,97.139
AAVEUSDT,SELL,LIMIT,1701074847296,0.1,94.325
AAVEUSDT,SELL,LIMIT,1701076907456,4.6,94.744
AAVEUSDT,BUY,LIMIT,1701077399082,0.2,97.259
AAVEUSDT,SELL,LIMIT,1701080487047,0.1,94.002
AAVEUSDT,BUY,LIMIT,1701081118326,0.3,96.378
AAVEUSDT,SELL,LIMIT,1701081460167,3.9,93.365
AAVEUSDT,SELL,LIMIT,1701082124037,5.4,93.231
AAVEUSDT,SELL,LIMIT,1701082675332,20.6,93.114
AAVEUSDT,SELL,LIMIT,1701082679520,0.7,93.040
AAVEUSDT,SELL,LIMIT,1701082686578,0.1,93.026
AAVEUSDT,BUY,LIMIT,1701083033220,3.6,96.628
AAVEUSDT,BUY,LIMIT,1701085869352,1.1,97.024
AAVEUSDT,SELL,LIMIT,1701089983308,0.4,93.452
AAVEUSDT,SELL,LIMIT,1701095476847,16.7,93.100
AAVEUSDT,SELL,LIMIT,1701095547356,0.3,92.982
AAVEUSDT,SELL,LIMIT,1701097080872,0.1,92.808
AAVEUSDT,SELL,LIMIT,1701097091993,4.1,92.792
AAVEUSDT,SELL,LIMIT,1701097097281,2.0,92.759
AAVEUSDT,SELL,LIMIT,1701097100684,0.1,92.714
AAVEUSDT,BUY,LIMIT,1701097411115,30.6,96.434
AAVEUSDT,BUY,LIMIT,1701097422172,40.3,96.495
AAVEUSDT,BUY,LIMIT,1701098494249,0.2,96.954
AAVEUSDT,SELL,LIMIT,1701100145261,2.3,93.363
AAVEUSDT,SELL,LIMIT,1701100643335,4.0,92.896
AAVEUSDT,SELL,LIMIT,1701101007837,0.1,93.270
AAVEUSDT,SELL,LIMIT,1701101140921,2.9,93.250
AAVEUSDT,BUY,LIMIT,1701108151579,24.4,96.594
AAVEUSDT,SELL,LIMIT,1701111561197,4.6,93.181
AAVEUSDT,SELL,LIMIT,1701112046228,40.6,93.070
AAVEUSDT,SELL,LIMIT,1701114227216,20.2,92.674
AAVEUSDT,SELL,LIMIT,1701114229662,1.4,92.614
AAVEUSDT,SELL,LIMIT,1701114230730,3.0,92.565
AAVEUSDT,SELL,LIMIT,1701114232621,250.0,91.779
AAVEUSDT,SELL,LIMIT,1701114233717,4.1,92.518
AAVEUSDT,SELL,LIMIT,1701114236360,0.2,92.479
AAVEUSDT,SELL,LIMIT,1701114239131,0.3,92.406
AAVEUSDT,SELL,LIMIT,1701114335513,9.8,92.336
AAVEUSDT,SELL,LIMIT,1701114341996,3.0,92.288
AAVEUSDT,SELL,LIMIT,1701114353685,4.0,92.202
AAVEUSDT,SELL,LIMIT,1701114357318,0.8,92.219
AAVEUSDT,SELL,LIMIT,1701114368763,0.1,92.293
AAVEUSDT,SELL,LIMIT,1701114463769,0.1,92.197
AAVEUSDT,BUY,LIMIT,1701114468449,0.7,94.976
AAVEUSDT,SELL,LIMIT,1701114471426,5.2,92.121
AAVEUSDT,SELL,LIMIT,1701114475095,0.3,92.048
AAVEUSDT,SELL,LIMIT,1701114478314,2.9,92.011
AAVEUSDT,SELL,LIMIT,1701114496302,1.7,92.146
AAVEUSDT,SELL,LIMIT,1701117030550,39.4,92.405
AAVEUSDT,SELL,LIMIT,1701117455055,5.8,92.604
AAVEUSDT,BUY,LIMIT,1701126387084,0.8,97.037
AAVEUSDT,BUY,LIMIT,1701126438981,0.3,97.104
AAVEUSDT,BUY,LIMIT,1701126793691,0.4,97.351
AAVEUSDT,BUY,LIMIT,1701127447062,263.7,98.440
AAVEUSDT,BUY,LIMIT,1701129607216,88.1,98.352
AAVEUSDT,BUY,LIMIT,1701129609532,1.6,98.355
AAVEUSDT,BUY,LIMIT,1701129611514,1.0,98.488
AAVEUSDT,BUY,LIMIT,1701129628216,1.6,98.969
AAVEUSDT,BUY,LIMIT,1701129629255,0.1,98.927
AAVEUSDT,BUY,LIMIT,1701129636234,1.9,99.156
AAVEUSDT,BUY,LIMIT,1701129663136,0.2,99.414
AAVEUSDT,BUY,LIMIT,1701129664200,4.1,99.405
AAVEUSDT,BUY,LIMIT,1701129684251,23.5,99.582
AAVEUSDT,BUY,LIMIT,1701129691425,0.8,99.788
AAVEUSDT,SELL,LIMIT,1701129757895,13.1,95.916
AAVEUSDT,SELL,LIMIT,1701131391237,1.4,94.712
AAVEUSDT,BUY,LIMIT,1701132230391,2.9,97.748
AAVEUSDT,SELL,LIMIT,1701143059911,3.3,93.679
AAVEUSDT,SELL,LIMIT,1701144306909,17.2,93.392
AAVEUSDT,SELL,LIMIT,1701147945264,0.1,93.017
AAVEUSDT,SELL,LIMIT,1701149061203,9.9,92.559
AAVEUSDT,SELL,LIMIT,1701149771344,2.1,92.473
AAVEUSDT,SELL,LIMIT,1701149876240,3.9,92.301
AAVEUSDT,SELL,LIMIT,1701149879757,76.8,91.999
AAVEUSDT,SELL,LIMIT,1701149880767,1.3,92.256
AAVEUSDT,SELL,LIMIT,1701151250198,45.5,92.151
AAVEUSDT,SELL,LIMIT,1701151273582,32.0,92.108
AAVEUSDT,SELL,LIMIT,1701154333013,15.0,92.753
AAVEUSDT,SELL,LIMIT,1701156014920,0.4,92.502
AAVEUSDT,SELL,LIMIT,1701156566809,0.8,92.216
AAVEUSDT,SELL,LIMIT,1701168521328,53.1,92.130
AAVEUSDT,SELL,LIMIT,1701168611537,1.5,91.932
AAVEUSDT,SELL,LIMIT,1701168612692,0.8,91.912
AAVEUSDT,BUY,LIMIT,1701169528460,2.6,95.148
AAVEUSDT,BUY,LIMIT,1701170338996,11.5,95.361
AAVEUSDT,BUY,LIMIT,1701171142282,0.3,95.700
AAVEUSDT,SELL,LIMIT,1701173732220,0.1,91.902
AAVEUSDT,SELL,LIMIT,1701173733298,0.6,91.890
AAVEUSDT,SELL,LIMIT,1701173870262,0.3,91.875
AAVEUSDT,SELL,LIMIT,1701174460113,10.3,91.847
AAVEUSDT,SELL,LIMIT,1701174465121,53.0,91.804
AAVEUSDT,SELL,LIMIT,1701174591493,0.1,91.793
AAVEUSDT,SELL,LIMIT,1701174631303,1.4,91.733
AAVEUSDT,SELL,LIMIT,1701174632662,9.2,91.723
AAVEUSDT,SELL,LIMIT,1701174661787,0.1,91.689
AAVEUSDT,SELL,LIMIT,1701176954350,0.8,91.541
AAVEUSDT,BUY,LIMIT,1701178316111,5.6,95.228
AAVEUSDT,BUY,LIMIT,1701179617276,1.0,95.439
AAVEUSDT,BUY,LIMIT,1701179749415,4.7,95.686
AAVEUSDT,BUY,LIMIT,1701181588115,4.4,95.811
AAVEUSDT,SELL,LIMIT,1701185892163,5.6,92.630
AAVEUSDT,BUY,LIMIT,1701186192592,11.0,96.148
AAVEUSDT,BUY,LIMIT,1701186364057,8.2,96.391
AAVEUSDT,BUY,LIMIT,1701187066940,1.6,96.050
AAVEUSDT,BUY,LIMIT,1701188808118,13.1,97.076
AAVEUSDT,BUY,LIMIT,1701189035560,0.5,97.900
AAVEUSDT,BUY,LIMIT,1701189047436,1.6,98.117
AAVEUSDT,BUY,LIMIT,1701189051107,0.7,98.361
AAVEUSDT,BUY,LIMIT,1701189072238,40.3,98.470
AAVEUSDT,BUY,LIMIT,1701189082136,0.8,98.978
AAVEUSDT,BUY,LIMIT,1701189093507,0.1,99.263
AAVEUSDT,BUY,LIMIT,1701189097778,7.1,99.503
AAVEUSDT,BUY,LIMIT,1701192159846,0.6,100.154
AAVEUSDT,SELL,LIMIT,1701193857746,16.3,96.625
AAVEUSDT,BUY,LIMIT,1701197853681,1.0,99.642
AAVEUSDT,BUY,LIMIT,1701197862395,7.6,99.632
AAVEUSDT,SELL,LIMIT,1701200493251,57.8,96.655
AAVEUSDT,BUY,LIMIT,1701206300418,0.4,99.534
AAVEUSDT,SELL,LIMIT,1701211019225,25.7,96.102
AAVEUSDT,SELL,LIMIT,1701216845949,29.4,94.805
AAVEUSDT,BUY,LIMIT,1701240067073,0.4,99.624
AAVEUSDT,BUY,LIMIT,1701244943643,15.7,99.657
AAVEUSDT,BUY,LIMIT,1701247359925,0.8,99.596
AAVEUSDT,BUY,LIMIT,1701248659549,2.0,99.865
AAVEUSDT,BUY,LIMIT,1701249391996,4.6,100.045
AAVEUSDT,BUY,LIMIT,1701249571235,8.2,100.123
AAVEUSDT,SELL,LIMIT,1701252255451,4.0,96.427
AAVEUSDT,SELL,LIMIT,1701253157042,1.6,96.132
AAVEUSDT,SELL,LIMIT,1701254053428,2.0,95.729
AAVEUSDT,SELL,LIMIT,1701254196278,48.5,95.516
AAVEUSDT,SELL,LIMIT,1701254200214,3.0,95.468
AAVEUSDT,SELL,LIMIT,1701254418157,1.4,95.095
AAVEUSDT,SELL,LIMIT,1701254420128,13.4,95.090
AAVEUSDT,BUY,LIMIT,1701263162817,4.2,99.399
AAVEUSDT,SELL,LIMIT,1701269158264,5.0,95.712
AAVEUSDT,SELL,LIMIT,1701269403468,1.0,95.230
AAVEUSDT,SELL,LIMIT,1701270547347,103.3,94.685
AAVEUSDT,SELL,LIMIT,1701270587309,3.3,94.903
AAVEUSDT,SELL,LIMIT,1701270592566,1.4,94.891
AAVEUSDT,SELL,LIMIT,1701270833745,3.0,94.718
AAVEUSDT,BUY,LIMIT,1701271728219,0.3,98.174
AAVEUSDT,SELL,LIMIT,1701275529154,1.6,94.313
AAVEUSDT,SELL,LIMIT,1701275569112,19.8,94.173
AAVEUSDT,SELL,LIMIT,1701275841077,4.1,94.016
AAVEUSDT,SELL,LIMIT,1701275842245,10.0,94.020
AAVEUSDT,BUY,LIMIT,1701280160599,5.7,98.410
AAVEUSDT,SELL,LIMIT,1701290152961,3.3,95.134
AAVEUSDT,SELL,LIMIT,1701290361695,28.5,94.914
AAVEUSDT,BUY,LIMIT,1701305231064,26.6,97.892
AAVEUSDT,SELL,LIMIT,1701306422465,0.1,94.184
AAVEUSDT,SELL,LIMIT,1701306429265,6.4,94.139
AAVEUSDT,SELL,LIMIT,1701306534687,15.7,94.100
AAVEUSDT,SELL,LIMIT,1701309614200,4.8,94.005
AAVEUSDT,SELL,LIMIT,1701310824127,0.7,93.927
AAVEUSDT,BUY,LIMIT,1701324616404,3.0,97.815
AAVEUSDT,BUY,LIMIT,1701328377762,9.8,97.947
AAVEUSDT,SELL,LIMIT,1701331744177,5.0,94.220
AAVEUSDT,SELL,LIMIT,1701333556344,0.8,93.672
AAVEUSDT,SELL,LIMIT,1701333686373,9.0,93.620
AAVEUSDT,SELL,LIMIT,1701333727738,7.8,93.596
AAVEUSDT,BUY,LIMIT,1701337885097,1.0,97.059
AAVEUSDT,BUY,LIMIT,1701351669318,51.9,98.066
AAVEUSDT,BUY,LIMIT,1701369277143,0.6,98.984
AAVEUSDT,BUY,LIMIT,1701369323279,0.1,99.070
AAVEUSDT,BUY,LIMIT,1701387262506,2.4,99.631
AAVEUSDT,BUY,LIMIT,1701389618449,6.1,99.898
AAVEUSDT,BUY,LIMIT,1701389825339,1.9,100.338
AAVEUSDT,BUY,LIMIT,1701389837535,0.1,100.393
AAVEUSDT,BUY,LIMIT,1701390173960,5.3,100.746
AAVEUSDT,BUY,LIMIT,1701390694885,0.1,100.834
AAVEUSDT,BUY,LIMIT,1701390978407,2.1,101.016
AAVEUSDT,SELL,LIMIT,1701391647226,1.9,98.246
AAVEUSDT,SELL,LIMIT,1701391836941,3.5,97.514
AAVEUSDT,BUY,LIMIT,1701393748414,10.0,100.574
AAVEUSDT,BUY,LIMIT,1701394423407,0.7,101.204
AAVEUSDT,BUY,LIMIT,1701394795985,11.3,101.374
AAVEUSDT,BUY,LIMIT,1701398237932,27.3,101.926
AAVEUSDT,BUY,LIMIT,1701398411391,12.1,101.843
AAVEUSDT,BUY,LIMIT,1701399013396,1.8,101.865
AAVEUSDT,BUY,LIMIT,1701405515308,0.1,101.557
AAVEUSDT,BUY,LIMIT,1701408442604,7.9,102.020
AAVEUSDT,SELL,LIMIT,1701410769149,14.0,98.289
AAVEUSDT,BUY,LIMIT,1701422241232,3.0,101.141
AAVEUSDT,BUY,LIMIT,1701424003200,13.2,101.464
AAVEUSDT,BUY,LIMIT,1701424655555,1.2,101.919
AAVEUSDT,BUY,LIMIT,1701424674161,9.9,101.995
AAVEUSDT,SELL,LIMIT,1701435035996,0.6,98.179
AAVEUSDT,SELL,LIMIT,1701442324925,4.6,98.670
AAVEUSDT,BUY,LIMIT,1701446122552,10.9,101.898
AAVEUSDT,BUY,LIMIT,1701446277239,4.1,102.351
AAVEUSDT,BUY,LIMIT,1701446280147,17.6,102.489
AAVEUSDT,BUY,LIMIT,1701446475357,1.7,102.530
AAVEUSDT,BUY,LIMIT,1701447126047,16.8,102.775
AAVEUSDT,BUY,LIMIT,1701447178166,25.3,102.900
AAVEUSDT,BUY,LIMIT,1701447180792,60.6,103.096
AAVEUSDT,BUY,LIMIT,1701447646865,8.3,102.759
AAVEUSDT,BUY,LIMIT,1701447904312,0.9,103.047
AAVEUSDT,BUY,LIMIT,1701447914707,2.3,103.253
AAVEUSDT,BUY,LIMIT,1701447920298,2.5,103.198
AAVEUSDT,BUY,LIMIT,1701448533570,0.5,102.841
AAVEUSDT,SELL,LIMIT,1701459183331,2.3,99.088
AAVEUSDT,SELL,LIMIT,1701459261352,16.1,99.027
AAVEUSDT,SELL,LIMIT,1701471141558,0.1,98.922
AAVEUSDT,BUY,LIMIT,1701479967007,2.0,102.113
AAVEUSDT,BUY,LIMIT,1701482979358,11.3,102.663
AAVEUSDT,BUY,LIMIT,1701485993992,0.3,102.342
AAVEUSDT,BUY,LIMIT,1701485997419,14.9,102.352
AAVEUSDT,BUY,LIMIT,1701486002858,19.9,84.958
AAVEUSDT,BUY,LIMIT,1701486006595,9.8,102.484
AAVEUSDT,BUY,LIMIT,1701489503069,0.5,102.399
AAVEUSDT,BUY,LIMIT,1701497293458,0.6,102.960
AAVEUSDT,BUY,LIMIT,1701500315583,10.5,103.063
AAVEUSDT,BUY,LIMIT,1701500789588,1.0,103.177
AAVEUSDT,BUY,LIMIT,1701500870554,0.5,103.331
AAVEUSDT,BUY,LIMIT,1701500960363,0.1,103.391
AAVEUSDT,BUY,LIMIT,1701500962071,0.8,103.421
AAVEUSDT,BUY,LIMIT,1701500969048,1.0,103.533
AAVEUSDT,BUY,LIMIT,1701500971991,5.6,103.592
AAVEUSDT,BUY,LIMIT,1701501018145,2.1,103.824
AAVEUSDT,BUY,LIMIT,1701501027393,1.6,103.861
AAVEUSDT,BUY,LIMIT,1701501038402,1.2,103.965
AAVEUSDT,BUY,LIMIT,1701501039458,2.0,103.960
AAVEUSDT,BUY,LIMIT,1701504767929,0.4,104.233
AAVEUSDT,BUY,LIMIT,1701506396065,1.3,104.279
AAVEUSDT,BUY,LIMIT,1701506439307,20.4,104.385
AAVEUSDT,BUY,LIMIT,1701508564399,21.5,104.631
