Symbol,Side,Order Type,Time,Quantity,Price
AAVEUSDT,BUY,LIMIT,1701065721152,4.2,98.345
AAVEUSDT,SELL,LIMIT,1701067746925,5.0,95.132
AAVEUSDT,SELL,LIMIT,1701067848227,0.7,94.878
AAVEUSDT,SELL,LIMIT,1701068095337,10.3,94.783
AAVEUSDT,SELL,LIMIT,1701068234170,1.2,94.511
AAVEUSDT,BUY,LIMIT,1701068950984,5.0,97.263
AAVEUSDT,SELL,LIMIT,1701069199613,0.2,94.268
AAVEUSDT,SELL,LIMIT,1701069226262,1.5,94.150
AAVEUSDT,SELL,LIMIT,1701069231003,5.0,94.100
AAVEUSDT,SELL,LIMIT,1701069490041,0.2,94.080
AAVEUSDT,SELL,LIMIT,1701069495581,7.0,94.037
AAVEUSDT,SELL,LIMIT,1701069512288,0.2,93.950
AAVEUSDT,SELL,LIMIT,1701069516170,0.3,93.902
AAVEUSDT,SELL,LIMIT,1701069523771,1.5,93.869
AAVEUSDT,SELL,LIMIT,1701069573181,33.0,93.817
AAVEUSDT,SELL,LIMIT,1701069635740,4.3,93.753
AAVEUSDT,SELL,LIMIT,1701069858160,7.0,93.589
AAVEUSDT,SELL,LIMIT,1701069859247,5.2,93.502
AAVEUSDT,SELL,LIMIT,1701069862463,10.4,93.480
AAVEUSDT,SELL,LIMIT,1701069877362,2.9,93.360
AAVEUSDT,SELL,LIMIT,1701069892334,10.0,93.284
AAVEUSDT,SELL,LIMIT,1701069897398,1.5,93.244
AAVEUSDT,SELL,LIMIT,1701070442222,1.0,93.204
AAVEUSDT,BUY,LIMIT,1701071913781,0.6,97.139
AAVEUSDT,SELL,LIMIT,1701074847296,0.1,94.325
AAVEUSDT,SELL,LIMIT,1701076907456,4.6,94.744
AAVEUSDT,BUY,LIMIT,1701077399082,0.2,97.259
AAVEUSDT,SELL,LIMIT,1701080487047,0.1,94.002
AAVEUSDT,BUY,LIMIT,1701081118326,0.3,96.378
AAVEUSDT,SELL,LIMIT,1701081460167,3.9,93.365
AAVEUSDT,SELL,LIMIT,1701082124037,5.4,93.231
AAVEUSDT,SELL,LIMIT,1701082675332,20.6,93.114
AAVEUSDT,SELL,LIMIT,1701082679520,0.7,93.040
AAVEUSDT,SELL,LIMIT,1701082686578,0.1,93.026
AAVEUSDT,BUY,LIMIT,1701083033220,3.6,96.628
AAVEUSDT,BUY,LIMIT,1701085869352,1.1,97.024
AAVEUSDT,SELL,LIMIT,1701089983308,0.4,93.452
AAVEUSDT,SELL,LIMIT,1701095476847,16.7,93.100
AAVEUSDT,SELL,LIMIT,1701095547356,0.3,92.982
AAVEUSDT,SELL,LIMIT,1701097080872,0.1,92.808
AAVEUSDT,SELL,LIMIT,1701097091993,4.1,92.792
AAVEUSDT,SELL,LIMIT,1701097097281,2.0,92.759
AAVEUSDT,SELL,LIMIT,1701097100684,0.1,92.714
AAVEUSDT,BUY,LIMIT,1701097411115,30.6,96.434
AAVEUSDT,BUY,LIMIT,1701097422172,40.3,96.495
AAVEUSDT,BUY,LIMIT,1701098494249,0.2,96.954
AAVEUSDT,SELL,LIMIT,1701100145261,2.3,93.363
AAVEUSDT,SELL,LIMIT,1701100643335,4.0,92.896
AAVEUSDT,SELL,LIMIT,1701101007837,0.1,93.270
AAVEUSDT,SELL,LIMIT,1701101140921,2.9,93.250
AAVEUSDT,BUY,LIMIT,1701108151579,24.4,96.594
AAVEUSDT,SELL,LIMIT,1701111561197,4.6,93.181
AAVEUSDT,SELL,LIMIT,1701112046228,40.6,93.070
AAVEUSDT,SELL,LIMIT,1701114227216,20.2,92.674
AAVEUSDT,SELL,LIMIT,1701114229662,1.4,92.614
AAVEUSDT,SELL,LIMIT,1701114230730,3.0,92.565
AAVEUSDT,SELL,LIMIT,1701114232621,250.0,91.779
AAVEUSDT,SELL,LIMIT,1701114233717,4.1,92.518
AAVEUSDT,SELL,LIMIT,1701114236360,0.2,92.479
AAVEUSDT,SELL,LIMIT,1701114239131,0.3,92.406
AAVEUSDT,SELL,LIMIT,1701114335513,9.8,92.336
AAVEUSDT,SELL,LIMIT,1701114341996,3.0,92.288
AAVEUSDT,SELL,LIMIT,1701114353685,4.0,92.202
AAVEUSDT,SELL,LIMIT,1701114357318,0.8,92.219
AAVEUSDT,SELL,LIMIT,1701114368763,0.1,92.293
AAVEUSDT,SELL,LIMIT,1701114463769,0.1,92.197
AAVEUSDT,BUY,LIMIT,1701114468449,0.7,94.976
AAVEUSDT,SELL,LIMIT,1701114471426,5.2,92.121
AAVEUSDT,SELL,LIMIT,1701114475095,0.3,92.048
AAVEUSDT,SELL,LIMIT,1701114478314,2.9,92.011
AAVEUSDT,SELL,LIMIT,1701114496302,1.7,92.146
AAVEUSDT,SELL,LIMIT,1701117030550,39.4,92.405
AAVEUSDT,SELL,LIMIT,1701117455055,5.8,92.604
AAVEUSDT,BUY,LIMIT,1701126387084,0.8,97.037
AAVEUSDT,BUY,LIMIT,1701126438981,0.3,97.104
AAVEUSDT,BUY,LIMIT,1701126793691,0.4,97.351
AAVEUSDT,BUY,LIMIT,1701127447062,263.7,98.440
AAVEUSDT,BUY,LIMIT,1701129607216,88.1,98.352
AAVEUSDT,BUY,LIMIT,1701129609532,1.6,98.355
AAVEUSDT,BUY,LIMIT,1701129611514,1.0,98.488
AAVEUSDT,BUY,LIMIT,1701129628216,1.6,98.969
AAVEUSDT,BUY,LIMIT,1701129629255,0.1,98.927
AAVEUSDT,BUY,LIMIT,1701129636234,1.9,99.156
AAVEUSDT,BUY,LIMIT,1701129663136,0.2,99.414
AAVEUSDT,BUY,LIMIT,1701129664200,4.1,99.405
AAVEUSDT,BUY,LIMIT,1701129684251,23.5,99.582
AAVEUSDT,BUY,LIMIT,1701129691425,0.8,99.788
AAVEUSDT,SELL,LIMIT,1701129757895,13.1,95.916
AAVEUSDT,SELL,LIMIT,1701131391237,1.4,94.712
AAVEUSDT,BUY,LIMIT,1701132230391,2.9,97.748
AAVEUSDT,SELL,LIMIT,1701143059911,3.3,93.679
AAVEUSDT,SELL,LIMIT,1701144306909,17.2,93.392
AAVEUSDT,SELL,LIMIT,1701147945264,0.1,93.017
AAVEUSDT,SELL,LIMIT,1701149061203,9.9,92.559
AAVEUSDT,SELL,LIMIT,1701149771344,2.1,92.473
AAVEUSDT,SELL,LIMIT,1701149876240,3.9,92.301
AAVEUSDT,SELL,LIMIT,1701149879757,76.8,91.999
AAVEUSDT,SELL,LIMIT,1701149880767,1.3,92.256
AAVEUSDT,SELL,LIMIT,1701151250198,45.5,92.151
AAVEUSDT,SELL,LIMIT,1701151273582,32.0,92.108
AAVEUSDT,SELL,LIMIT,1701154333013,15.0,92.753
AAVEUSDT,SELL,LIMIT,1701156014920,0.4,92.502
AAVEUSDT,SELL,LIMIT,1701156566809,0.8,92.216
AAVEUSDT,SELL,LIMIT,1701168521328,53.1,92.130
AAVEUSDT,SELL,LIMIT,1701168611537,1.5,91.932
AAVEUSDT,SELL,LIMIT,1701168612692,0.8,91.912
AAVEUSDT,BUY,LIMIT,1701169528460,2.6,95.148
AAVEUSDT,BUY,LIMIT,1701170338996,11.5,95.361
AAVEUSDT,BUY,LIMIT,1701171142282,0.3,95.700
AAVEUSDT,SELL,LIMIT,1701173732220,0.1,91.902
AAVEUSDT,SELL,LIMIT,1701173733298,0.6,91.890
AAVEUSDT,SELL,LIMIT,1701173870262,0.3,91.875
AAVEUSDT,SELL,LIMIT,1701174460113,10.3,91.847
AAVEUSDT,SELL,LIMIT,1701174465121,53.0,91.804
AAVEUSDT,SELL,LIMIT,1701174591493,0.1,91.793
AAVEUSDT,SELL,LIMIT,1701174631303,1.4,91.733
AAVEUSDT,SELL,LIMIT,1701174632662,9.2,91.723
AAVEUSDT,SELL,LIMIT,1701174661787,0.1,91.689
AAVEUSDT,SELL,LIMIT,1701176954350,0.8,91.541
AAVEUSDT,BUY,LIMIT,1701178316111,5.6,95.228
AAVEUSDT,BUY,LIMIT,1701179617276,1.0,95.439
