Symbol,Side,Order Type,Time,Quantity,Price
AAVEUSDT,BUY,LIMIT,1701920910379,3.5,99.223
AAVEUSDT,BUY,LIMIT,1701922002207,51.3,99.571
AAVEUSDT,SELL,LIMIT,1701937343098,0.9,96.362
AAVEUSDT,SELL,LIMIT,1701937529957,10.4,96.256
AAVEUSDT,SELL,LIMIT,1701939365408,5.0,96.195
AAVEUSDT,SELL,LIMIT,1701939570874,30.4,95.957
AAVEUSDT,SELL,LIMIT,1701939975223,0.5,95.840
AAVEUSDT,SELL,LIMIT,1701940032401,0.2,95.680
AAVEUSDT,SELL,LIMIT,1701940513869,5.6,95.629
AAVEUSDT,SELL,LIMIT,1701940563111,1.8,95.316
AAVEUSDT,SELL,LIMIT,1701940569277,8.1,95.656
AAVEUSDT,SELL,LIMIT,1701941064230,0.5,95.086
AAVEUSDT,SELL,LIMIT,1701941083044,1.0,94.984
AAVEUSDT,SELL,LIMIT,1701941156179,10.5,94.767
AAVEUSDT,SELL,LIMIT,1701941157936,1.8,94.723
AAVEUSDT,SELL,LIMIT,1701941171101,10.3,94.637
AAVEUSDT,SELL,LIMIT,1701941172138,0.9,94.649
AAVEUSDT,SELL,LIMIT,1701941184095,9.8,94.513
AAVEUSDT,SELL,LIMIT,1701941186706,1.5,95.617
AAVEUSDT,SELL,LIMIT,1701941188425,24.4,95.602
AAVEUSDT,SELL,LIMIT,1701941189915,8.5,94.290
AAVEUSDT,SELL,LIMIT,1701941236159,25.5,94.358
AAVEUSDT,SELL,LIMIT,1701941239760,13.8,94.222
AAVEUSDT,SELL,LIMIT,1701941245572,7.9,94.157
AAVEUSDT,SELL,LIMIT,1701941411689,0.2,94.054
AAVEUSDT,SELL,LIMIT,1701941413352,0.5,94.023
AAVEUSDT,SELL,LIMIT,1701941417781,78.6,93.668
AAVEUSDT,SELL,LIMIT,1701941422657,2.6,93.875
AAVEUSDT,SELL,LIMIT,1701941480209,1.8,93.788
AAVEUSDT,SELL,LIMIT,1701941499056,2.0,93.749
AAVEUSDT,SELL,LIMIT,1701941519466,5.1,93.688
AAVEUSDT,SELL,LIMIT,1701941521376,12.9,93.626
AAVEUSDT,SELL,LIMIT,1701941522642,0.1,93.598
AAVEUSDT,SELL,LIMIT,1701941523802,1.0,93.583
AAVEUSDT,SELL,LIMIT,1701941525273,18.1,93.489
AAVEUSDT,SELL,LIMIT,1701941526713,7.9,93.427
AAVEUSDT,SELL,LIMIT,1701941543317,0.2,93.358
AAVEUSDT,SELL,LIMIT,1701941544443,0.1,93.331
AAVEUSDT,SELL,LIMIT,1701941552237,1.2,93.307
AAVEUSDT,SELL,LIMIT,1701941554077,10.7,93.267
AAVEUSDT,SELL,LIMIT,1701943653390,0.4,94.273
AAVEUSDT,SELL,LIMIT,1701943672222,3.2,94.241
AAVEUSDT,SELL,LIMIT,1701951901293,1.3,95.283
AAVEUSDT,BUY,LIMIT,1701953976591,0.1,98.347
AAVEUSDT,SELL,LIMIT,1701954849760,0.3,95.140
AAVEUSDT,BUY,LIMIT,1701962686690,0.1,99.083
AAVEUSDT,BUY,LIMIT,1701963591503,0.3,100.217
AAVEUSDT,SELL,LIMIT,1701964734131,0.1,97.064
AAVEUSDT,BUY,LIMIT,1701965058187,1.2,100.048
AAVEUSDT,BUY,LIMIT,1701965112212,15.6,100.194
AAVEUSDT,BUY,LIMIT,1701965565321,5.3,101.032
AAVEUSDT,SELL,LIMIT,1701965961675,24.3,97.521
AAVEUSDT,BUY,LIMIT,1701966973015,0.5,101.043
AAVEUSDT,BUY,LIMIT,1701968412457,1.0,101.185
AAVEUSDT,BUY,LIMIT,1701969404748,1.0,100.961
AAVEUSDT,SELL,LIMIT,1701970937173,4.2,97.681
AAVEUSDT,SELL,LIMIT,1701970982195,0.5,97.639
AAVEUSDT,BUY,LIMIT,1701971753363,8.1,100.982
AAVEUSDT,SELL,LIMIT,1701974102194,0.1,97.483
AAVEUSDT,SELL,LIMIT,1701974304172,22.2,97.304
AAVEUSDT,SELL,LIMIT,1701977157157,10.0,96.661
AAVEUSDT,SELL,LIMIT,1701977271492,0.3,96.493
AAVEUSDT,SELL,LIMIT,1701977298059,21.3,96.341
AAVEUSDT,SELL,LIMIT,1701978086104,2.0,96.283
AAVEUSDT,SELL,LIMIT,1701978088237,1.5,96.262
AAVEUSDT,SELL,LIMIT,1701981623196,2.7,96.146
AAVEUSDT,BUY,LIMIT,1701984527673,20.1,100.830
AAVEUSDT,SELL,LIMIT,1701990002663,8.4,96.747
AAVEUSDT,BUY,LIMIT,1701993668128,4.8,100.386
AAVEUSDT,BUY,LIMIT,1701993740038,1.0,100.533
AAVEUSDT,BUY,LIMIT,1701993934926,2.8,100.675
AAVEUSDT,BUY,LIMIT,1701993981204,0.2,100.917
AAVEUSDT,BUY,LIMIT,1701994595029,105.8,101.957
AAVEUSDT,BUY,LIMIT,1701994826132,0.6,101.607
AAVEUSDT,BUY,LIMIT,1701994881222,2.5,101.399
AAVEUSDT,SELL,LIMIT,1701996172139,49.8,97.448
AAVEUSDT,SELL,LIMIT,1701996330839,6.9,97.177
AAVEUSDT,SELL,LIMIT,1702002165253,0.1,97.253
AAVEUSDT,BUY,LIMIT,1702003964388,0.3,100.298
AAVEUSDT,BUY,LIMIT,1702004071099,6.0,100.532
AAVEUSDT,BUY,LIMIT,1702007011916,2.9,101.239
AAVEUSDT,BUY,LIMIT,1702016000853,83.4,102.610
AAVEUSDT,BUY,LIMIT,1702016037273,22.2,102.301
AAVEUSDT,SELL,LIMIT,1702017734044,2.5,98.608
AAVEUSDT,SELL,LIMIT,1702019171221,10.9,98.416
AAVEUSDT,SELL,LIMIT,1702019176637,1.9,98.332
AAVEUSDT,SELL,LIMIT,1702020224393,0.6,98.058
AAVEUSDT,SELL,LIMIT,1702020301656,0.9,97.923
AAVEUSDT,SELL,LIMIT,1702020530518,0.2,97.850
AAVEUSDT,SELL,LIMIT,1702020638705,10.0,97.643
AAVEUSDT,SELL,LIMIT,1702023062827,25.7,97.508
AAVEUSDT,SELL,LIMIT,1702025947917,1.0,97.146
AAVEUSDT,BUY,LIMIT,1702032287393,34.2,100.858
AAVEUSDT,BUY,LIMIT,1702035162707,0.4,101.278
AAVEUSDT,BUY,LIMIT,1702035451421,15.8,101.175
AAVEUSDT,BUY,LIMIT,1702035734215,0.2,101.841
AAVEUSDT,BUY,LIMIT,1702036072383,1.0,96.388
AAVEUSDT,BUY,LIMIT,1702038044676,0.1,101.743
AAVEUSDT,SELL,LIMIT,1702040482051,1.0,98.446
AAVEUSDT,SELL,LIMIT,1702042055430,1.0,97.913
AAVEUSDT,SELL,LIMIT,1702042066136,4.2,97.897
AAVEUSDT,SELL,LIMIT,1702042131838,6.4,97.810
AAVEUSDT,SELL,LIMIT,1702042212039,1.8,97.591
AAVEUSDT,SELL,LIMIT,1702042236500,0.3,97.278
AAVEUSDT,SELL,LIMIT,1702042240558,1.4,97.108
AAVEUSDT,SELL,LIMIT,1702042272085,1.0,97.103
AAVEUSDT,SELL,LIMIT,1702042274212,1.1,97.063
AAVEUSDT,BUY,LIMIT,1702042982658,0.3,99.045
AAVEUSDT,SELL,LIMIT,1702043839186,1.1,96.847
AAVEUSDT,SELL,LIMIT,1702043864564,1.4,96.701
AAVEUSDT,SELL,LIMIT,1702044412119,32.8,96.545
AAVEUSDT,SELL,LIMIT,1702044424842,1.4,96.475
AAVEUSDT,SELL,LIMIT,1702044516180,2.4,96.350
AAVEUSDT,BUY,LIMIT,1702045133713,5.6,99.818
AAVEUSDT,BUY,LIMIT,1702045786104,8.2,100.071
AAVEUSDT,BUY,LIMIT,1702045787344,1.0,100.073
AAVEUSDT,SELL,LIMIT,1702045885456,5.5,97.161
AAVEUSDT,BUY,LIMIT,1702046049390,0.5,100.246
AAVEUSDT,SELL,LIMIT,1702047203254,13.8,96.717
AAVEUSDT,SELL,LIMIT,1702048451055,0.5,96.398
AAVEUSDT,SELL,LIMIT,1702048452075,25.0,96.224
AAVEUSDT,SELL,LIMIT,1702049562831,0.2,96.080
AAVEUSDT,SELL,LIMIT,1702049617786,0.4,96.054
AAVEUSDT,SELL,LIMIT,1702049620934,15.4,95.968
AAVEUSDT,SELL,LIMIT,1702050023768,0.1,95.695
AAVEUSDT,SELL,LIMIT,1702050026139,0.3,95.629
AAVEUSDT,SELL,LIMIT,1702051004567,1.4,95.641
AAVEUSDT,SELL,LIMIT,1702051011780,3.0,95.591
AAVEUSDT,SELL,LIMIT,1702051082260,7.9,95.581
AAVEUSDT,SELL,LIMIT,1702051090709,0.8,95.570
AAVEUSDT,SELL,LIMIT,1702051097324,0.2,95.515
AAVEUSDT,SELL,LIMIT,1702051101253,3.1,95.479
AAVEUSDT,SELL,LIMIT,1702051604388,6.1,95.429
AAVEUSDT,SELL,LIMIT,1702051619901,1.3,95.390
AAVEUSDT,SELL,LIMIT,1702051623472,17.3,95.359
AAVEUSDT,BUY,LIMIT,1702052161449,0.5,98.937
AAVEUSDT,BUY,LIMIT,1702052598329,2.4,99.319
AAVEUSDT,SELL,LIMIT,1702054111423,1.2,95.810
AAVEUSDT,SELL,LIMIT,1702055316327,0.9,95.275
AAVEUSDT,SELL,LIMIT,1702055321930,0.3,95.250
AAVEUSDT,SELL,LIMIT,1702055322993,3.5,95.238
AAVEUSDT,SELL,LIMIT,1702055334190,0.5,95.190
AAVEUSDT,SELL,LIMIT,1702055335507,0.5,95.165
AAVEUSDT,SELL,LIMIT,1702055338618,3.1,95.051
AAVEUSDT,SELL,LIMIT,1702055347089,0.8,95.001
AAVEUSDT,SELL,LIMIT,1702055348204,31.3,94.992
AAVEUSDT,SELL,LIMIT,1702056284157,9.8,94.808
AAVEUSDT,SELL,LIMIT,1702056286827,14.6,94.774
AAVEUSDT,SELL,LIMIT,1702056442346,1.1,94.884
AAVEUSDT,SELL,LIMIT,1702056508578,0.4,94.616
AAVEUSDT,SELL,LIMIT,1702056543053,1.5,94.516
AAVEUSDT,SELL,LIMIT,1702056551345,6.0,94.510
AAVEUSDT,SELL,LIMIT,1702056562151,1.0,94.521
AAVEUSDT,BUY,LIMIT,1702061306071,16.5,98.879
AAVEUSDT,BUY,LIMIT,1702065742957,0.7,99.511
AAVEUSDT,BUY,LIMIT,1702065942715,3.0,99.619
AAVEUSDT,BUY,LIMIT,1702066091781,1.4,99.691
AAVEUSDT,BUY,LIMIT,1702069048992,1.0,99.893
AAVEUSDT,BUY,LIMIT,1702070626128,0.4,99.723
AAVEUSDT,BUY,LIMIT,1702071301048,0.2,99.964
AAVEUSDT,SELL,LIMIT,1702072671667,0.4,96.999
AAVEUSDT,BUY,LIMIT,1702075534410,22.3,99.794
AAVEUSDT,SELL,LIMIT,1702077828678,1.0,97.272
AAVEUSDT,BUY,LIMIT,1702078548701,2.5,100.497
AAVEUSDT,SELL,LIMIT,1702078609448,0.9,97.587
AAVEUSDT,BUY,LIMIT,1702079446050,43.6,100.804
AAVEUSDT,BUY,LIMIT,1702080186938,0.3,101.067
AAVEUSDT,SELL,LIMIT,1702080268085,0.2,98.087
AAVEUSDT,BUY,LIMIT,1702080335542,1.7,101.163
AAVEUSDT,BUY,LIMIT,1702080336644,0.3,101.243
AAVEUSDT,BUY,LIMIT,1702080687269,1.5,101.029
AAVEUSDT,BUY,LIMIT,1702080754255,2.6,101.186
AAVEUSDT,BUY,LIMIT,1702080768624,52.2,101.273
AAVEUSDT,BUY,LIMIT,1702081229517,22.2,101.556
AAVEUSDT,BUY,LIMIT,1702081529720,1.0,101.771
AAVEUSDT,SELL,LIMIT,1702081661282,0.4,98.698
AAVEUSDT,BUY,LIMIT,1702081785982,9.3,101.966
AAVEUSDT,SELL,LIMIT,1702083647471,37.0,98.946
AAVEUSDT,SELL,LIMIT,1702083794126,0.3,98.723
AAVEUSDT,SELL,LIMIT,1702084103930,50.8,98.145
AAVEUSDT,SELL,LIMIT,1702084219663,49.7,97.436
AAVEUSDT,BUY,LIMIT,1702085857886,12.0,101.720
AAVEUSDT,BUY,LIMIT,1702085901360,2.6,101.631
AAVEUSDT,BUY,LIMIT,1702091266960,0.5,101.890
AAVEUSDT,BUY,LIMIT,1702091837684,0.3,102.109
AAVEUSDT,BUY,LIMIT,1702091934127,1.0,102.088
AAVEUSDT,BUY,LIMIT,1702092602436,1.1,102.663
AAVEUSDT,BUY,LIMIT,1702093556674,2.6,103.054
AAVEUSDT,SELL,LIMIT,1702096521068,0.5,99.436
AAVEUSDT,SELL,LIMIT,1702096884856,0.4,99.199
AAVEUSDT,SELL,LIMIT,1702097270683,0.9,99.524
AAVEUSDT,SELL,LIMIT,1702099309886,10.6,99.215
AAVEUSDT,BUY,LIMIT,1702103212393,3.1,103.110
AAVEUSDT,SELL,LIMIT,1702103465217,106.4,99.515
AAVEUSDT,BUY,LIMIT,1702103723270,0.3,103.100
AAVEUSDT,BUY,LIMIT,1702103925451,0.3,103.527
AAVEUSDT,BUY,LIMIT,1702104227782,1.3,103.454
AAVEUSDT,BUY,LIMIT,1702104505077,1.5,103.578
AAVEUSDT,BUY,LIMIT,1702106501806,0.1,104.097
AAVEUSDT,BUY,LIMIT,1702106711410,154.9,104.992
AAVEUSDT,BUY,LIMIT,1702106713790,3.1,104.298
AAVEUSDT,BUY,LIMIT,1702106841433,0.9,104.490
AAVEUSDT,BUY,LIMIT,1702106891576,5.9,104.303
AAVEUSDT,BUY,LIMIT,1702107194886,3.5,104.166
AAVEUSDT,BUY,LIMIT,1702107521640,42.2,104.389
AAVEUSDT,BUY,LIMIT,1702108041795,17.1,104.397
AAVEUSDT,BUY,LIMIT,1702108208749,0.6,104.439
AAVEUSDT,BUY,LIMIT,1702108293834,1.3,104.494
AAVEUSDT,BUY,LIMIT,1702108306773,12.4,104.500
AAVEUSDT,BUY,LIMIT,1702108556863,6.1,104.626
AAVEUSDT,BUY,LIMIT,1702108951658,1.5,104.730
AAVEUSDT,BUY,LIMIT,1702109102696,0.8,104.830
AAVEUSDT,BUY,LIMIT,1702109111482,5.5,104.861
AAVEUSDT,BUY,LIMIT,1702109195135,10.1,104.899
AAVEUSDT,BUY,LIMIT,1702109197354,0.1,104.903
AAVEUSDT,BUY,LIMIT,1702109317145,19.2,105.041
AAVEUSDT,BUY,LIMIT,1702109416204,0.3,105.022
AAVEUSDT,BUY,LIMIT,1702109566492,0.2,104.621
AAVEUSDT,BUY,LIMIT,1702109780750,0.1,105.263
AAVEUSDT,BUY,LIMIT,1702109841622,19.8,105.405
AAVEUSDT,BUY,LIMIT,1702109852653,30.1,105.427
AAVEUSDT,BUY,LIMIT,1702109925240,10.5,104.421
AAVEUSDT,BUY,LIMIT,1702109991879,3.0,105.741
AAVEUSDT,BUY,LIMIT,1702110000628,82.7,106.227
AAVEUSDT,BUY,LIMIT,1702110115800,9.9,105.935
AAVEUSDT,BUY,LIMIT,1702110204247,106.0,106.597
AAVEUSDT,BUY,LIMIT,1702110209898,0.5,106.053
AAVEUSDT,BUY,LIMIT,1702110212833,0.6,106.065
AAVEUSDT,BUY,LIMIT,1702110216567,12.2,106.088
AAVEUSDT,BUY,LIMIT,1702110238246,15.5,106.179
AAVEUSDT,BUY,LIMIT,1702110258191,0.3,106.216
AAVEUSDT,BUY,LIMIT,1702110727457,0.2,106.145
AAVEUSDT,SELL,LIMIT,1702110890142,5.2,102.431
AAVEUSDT,SELL,LIMIT,1702110897666,0.2,102.136
AAVEUSDT,SELL,LIMIT,1702110971741,10.9,101.367
AAVEUSDT,SELL,LIMIT,1702110976351,0.1,101.160
AAVEUSDT,SELL,LIMIT,1702110980335,12.8,101.705
AAVEUSDT,SELL,LIMIT,1702110992763,12.0,100.865
AAVEUSDT,SELL,LIMIT,1702111032983,48.6,100.785
AAVEUSDT,SELL,LIMIT,1702111035464,19.7,100.618
AAVEUSDT,SELL,LIMIT,1702111036635,2.3,100.392
AAVEUSDT,SELL,LIMIT,1702111042570,0.4,100.379
AAVEUSDT,SELL,LIMIT,1702111043730,100.0,99.132
AAVEUSDT,SELL,LIMIT,1702111045446,2.4,99.607
AAVEUSDT,SELL,LIMIT,1702111181446,0.1,100.285
AAVEUSDT,SELL,LIMIT,1702111200761,0.3,99.803
AAVEUSDT,SELL,LIMIT,1702111369082,97.2,99.029
AAVEUSDT,SELL,LIMIT,1702111370667,19.7,99.373
AAVEUSDT,SELL,LIMIT,1702111378801,50.8,99.070
AAVEUSDT,SELL,LIMIT,1702111380770,18.6,98.892
AAVEUSDT,SELL,LIMIT,1702111387296,5.2,98.937
AAVEUSDT,BUY,LIMIT,1702112423958,0.5,103.296
AAVEUSDT,BUY,LIMIT,1702112427392,1.6,103.336
AAVEUSDT,SELL,LIMIT,1702112753382,48.9,100.166
AAVEUSDT,BUY,LIMIT,1702112974503,0.2,103.214
AAVEUSDT,BUY,LIMIT,1702113083328,0.6,103.469
AAVEUSDT,SELL,LIMIT,1702114563336,7.1,100.787
AAVEUSDT,SELL,LIMIT,1702114647964,8.7,100.648
AAVEUSDT,SELL,LIMIT,1702114877400,23.5,100.202
AAVEUSDT,SELL,LIMIT,1702115080532,0.3,99.808
AAVEUSDT,SELL,LIMIT,1702121346816,7.4,99.532
AAVEUSDT,SELL,LIMIT,1702121362226,45.2,99.457
AAVEUSDT,SELL,LIMIT,1702122325214,2.3,99.334
AAVEUSDT,SELL,LIMIT,1702122436010,0.8,99.236
AAVEUSDT,SELL,LIMIT,1702124261185,1.6,100.003
AAVEUSDT,SELL,LIMIT,1702125021405,0.1,99.505
AAVEUSDT,BUY,LIMIT,1702125473113,20.0,102.679
AAVEUSDT,BUY,LIMIT,1702128854375,37.6,103.074
AAVEUSDT,SELL,LIMIT,1702132788345,10.8,100.014
AAVEUSDT,SELL,LIMIT,1702132865069,1.4,99.568
AAVEUSDT,SELL,LIMIT,1702132922215,12.3,99.463
AAVEUSDT,SELL,LIMIT,1702132996835,7.9,99.109
AAVEUSDT,SELL,LIMIT,1702133004389,5.6,98.809
AAVEUSDT,SELL,LIMIT,1702133006472,12.3,98.688
