Symbol,Side,Order Type,Time,Quantity,Price
AAVEUSDT,SELL,LIMIT,1700849790063,0.5,95.799
AAVEUSDT,SELL,LIMIT,1700853470905,5.0,95.437
AAVEUSDT,BUY,LIMIT,1700859045323,26.4,98.091
AAVEUSDT,SELL,LIMIT,1700863949083,4.1,95.771
AAVEUSDT,BUY,LIMIT,1700864509161,25.7,99.127
AAVEUSDT,BUY,LIMIT,1700865493231,21.5,99.711
AAVEUSDT,BUY,LIMIT,1700865517159,3.2,99.900
AAVEUSDT,BUY,LIMIT,1700865667735,2.5,100.042
AAVEUSDT,BUY,LIMIT,1700865808674,1.4,100.245
AAVEUSDT,BUY,LIMIT,1700865983270,10.3,100.363
AAVEUSDT,BUY,LIMIT,1700866072038,0.1,100.481
AAVEUSDT,BUY,LIMIT,1700867602429,10.1,100.117
AAVEUSDT,BUY,LIMIT,1700870349062,3.8,100.552
AAVEUSDT,BUY,LIMIT,1700870351168,10.3,100.593
AAVEUSDT,BUY,LIMIT,1700870352643,2.9,100.607
AAVEUSDT,BUY,LIMIT,1700871244391,8.0,100.604
AAVEUSDT,BUY,LIMIT,1700872534833,2.1,101.212
AAVEUSDT,SELL,LIMIT,1700874810496,5.0,97.333
AAVEUSDT,SELL,LIMIT,1700875406746,0.8,97.004
AAVEUSDT,BUY,LIMIT,1700876364972,5.9,100.357
AAVEUSDT,BUY,LIMIT,1700879439822,2.6,101.077
AAVEUSDT,BUY,LIMIT,1700879498975,7.5,101.355
AAVEUSDT,BUY,LIMIT,1700879542318,10.3,101.417
AAVEUSDT,BUY,LIMIT,1700879563431,47.0,101.418
AAVEUSDT,BUY,LIMIT,1700879590386,20.5,101.454
AAVEUSDT,BUY,LIMIT,1700879697114,0.2,101.558
AAVEUSDT,BUY,LIMIT,1700879699719,51.6,101.696
AAVEUSDT,BUY,LIMIT,1700879706055,0.1,101.746
AAVEUSDT,BUY,LIMIT,1700879708505,0.1,101.909
AAVEUSDT,BUY,LIMIT,1700879868150,0.8,101.966
AAVEUSDT,BUY,LIMIT,1700879891406,11.4,102.088
AAVEUSDT,BUY,LIMIT,1700881961147,0.3,101.180
AAVEUSDT,BUY,LIMIT,1700883954164,0.1,101.155
AAVEUSDT,SELL,LIMIT,1700884603049,0.5,97.867
AAVEUSDT,SELL,LIMIT,1700884735191,3.0,97.599
AAVEUSDT,BUY,LIMIT,1700897299517,0.5,100.523
AAVEUSDT,BUY,LIMIT,1700898558175,27.9,100.531
AAVEUSDT,BUY,LIMIT,1700898925064,2.5,100.753
AAVEUSDT,SELL,LIMIT,1700904768239,0.5,96.932
AAVEUSDT,SELL,LIMIT,1700908146405,0.2,96.604
AAVEUSDT,SELL,LIMIT,1700908462035,3.0,96.499
AAVEUSDT,SELL,LIMIT,1700912295375,7.3,96.147
AAVEUSDT,SELL,LIMIT,1700912458832,20.8,95.997
AAVEUSDT,BUY,LIMIT,1700917125361,11.7,99.691
AAVEUSDT,BUY,LIMIT,1700917217047,0.4,99.736
AAVEUSDT,BUY,LIMIT,1700919910426,0.1,100.759
AAVEUSDT,BUY,LIMIT,1700919956571,15.3,101.001
AAVEUSDT,BUY,LIMIT,1700919980076,1.2,101.300
AAVEUSDT,BUY,LIMIT,1700920010188,2.9,101.395
AAVEUSDT,BUY,LIMIT,1700920319951,0.3,102.078
AAVEUSDT,SELL,LIMIT,1700920841716,49.7,98.475
AAVEUSDT,BUY,LIMIT,1700921820812,2.1,101.776
AAVEUSDT,BUY,LIMIT,1700921837629,2.6,101.857
AAVEUSDT,BUY,LIMIT,1700922004331,1.6,102.258
AAVEUSDT,BUY,LIMIT,1700922058207,69.3,102.817
AAVEUSDT,BUY,LIMIT,1700922317121,0.5,102.683
AAVEUSDT,BUY,LIMIT,1700922329311,6.7,102.877
AAVEUSDT,BUY,LIMIT,1700922332440,1.0,102.966
AAVEUSDT,BUY,LIMIT,1700922340149,7.6,103.052
AAVEUSDT,BUY,LIMIT,1700922343600,0.1,103.193
AAVEUSDT,BUY,LIMIT,1700922352130,1.9,103.234
AAVEUSDT,BUY,LIMIT,1700922354307,10.0,103.252
AAVEUSDT,BUY,LIMIT,1700922364076,5.2,103.317
AAVEUSDT,BUY,LIMIT,1700922812829,20.0,103.141
AAVEUSDT,SELL,LIMIT,1700924290460,0.5,98.491
AAVEUSDT,BUY,LIMIT,1700924349164,0.9,102.042
AAVEUSDT,SELL,LIMIT,1700924465511,13.0,98.390
AAVEUSDT,SELL,LIMIT,1700924471412,8.5,98.350
AAVEUSDT,SELL,LIMIT,1700924488645,0.9,98.227
AAVEUSDT,SELL,LIMIT,1700925772669,0.7,98.087
AAVEUSDT,SELL,LIMIT,1700926476701,0.3,98.014
AAVEUSDT,BUY,LIMIT,1700927538055,0.9,101.501
AAVEUSDT,BUY,LIMIT,1700927679500,2.2,101.605
AAVEUSDT,SELL,LIMIT,1700929847221,0.2,98.158
AAVEUSDT,SELL,LIMIT,1700930479532,0.1,98.030
AAVEUSDT,SELL,LIMIT,1700934028016,0.2,97.805
AAVEUSDT,SELL,LIMIT,1700935203642,12.1,97.724
AAVEUSDT,SELL,LIMIT,1700936347422,1.8,97.595
AAVEUSDT,SELL,LIMIT,1700940386889,0.7,97.553
