Symbol,Side,Order Type,Time,Quantity,Price
ADAUSDT,SELL,LIMIT,1701915814614,2896,0.44253
ADAUSDT,SELL,LIMIT,1701917910611,37083,0.44139
ADAUSDT,SELL,LIMIT,1701918127388,12,0.44324
ADAUSDT,SELL,LIMIT,1701918516310,1725,0.44261
ADAUSDT,SELL,LIMIT,1701918563552,452,0.44278
ADAUSDT,SELL,LIMIT,1701918894647,11013,0.44191
ADAUSDT,SELL,LIMIT,1701919105061,8391,0.44161
ADAUSDT,SELL,LIMIT,1701921805452,1457,0.44218
ADAUSDT,BUY,LIMIT,1701922171513,11253,0.44995
ADAUSDT,BUY,LIMIT,1701922178145,246,0.45019
ADAUSDT,BUY,LIMIT,1701922180315,624,0.45024
ADAUSDT,BUY,LIMIT,1701922274359,813,0.45042
ADAUSDT,BUY,LIMIT,1701922494297,900,0.44991
ADAUSDT,BUY,LIMIT,1701923316083,100,0.45047
ADAUSDT,BUY,LIMIT,1701923830462,28,0.45068
ADAUSDT,BUY,LIMIT,1701923850163,3094,0.45094
ADAUSDT,BUY,LIMIT,1701923939409,353,0.45111
ADAUSDT,BUY,LIMIT,1701923978664,369,0.45120
ADAUSDT,BUY,LIMIT,1701923986196,2262,0.45131
ADAUSDT,BUY,LIMIT,1701924009171,323,0.45155
ADAUSDT,BUY,LIMIT,1701924024634,49,0.45162
ADAUSDT,BUY,LIMIT,1701924268359,150,0.45191
ADAUSDT,BUY,LIMIT,1701924285525,1195,0.45216
ADAUSDT,BUY,LIMIT,1701924940973,322,0.45252
ADAUSDT,BUY,LIMIT,1701925195718,52,0.45326
ADAUSDT,BUY,LIMIT,1701925197707,265,0.45344
ADAUSDT,BUY,LIMIT,1701925200216,42,0.45357
ADAUSDT,BUY,LIMIT,1701925201570,253,0.45368
ADAUSDT,BUY,LIMIT,1701925203798,306,0.45387
ADAUSDT,BUY,LIMIT,1701925305849,66,0.45235
ADAUSDT,BUY,LIMIT,1701925988825,69,0.45149
ADAUSDT,SELL,LIMIT,1701926145592,5515,0.44663
ADAUSDT,BUY,LIMIT,1701926519569,98,0.45269
ADAUSDT,BUY,LIMIT,1701926619285,2314,0.45325
ADAUSDT,BUY,LIMIT,1701926711348,1342,0.45483
ADAUSDT,BUY,LIMIT,1701926714035,5,0.45489
ADAUSDT,BUY,LIMIT,1701926720609,395,0.45501
ADAUSDT,BUY,LIMIT,1701927388827,26,0.45542
ADAUSDT,BUY,LIMIT,1701927414307,1836,0.45568
ADAUSDT,BUY,LIMIT,1701927417000,5083,0.45578
ADAUSDT,BUY,LIMIT,1701927419092,3389,0.45587
ADAUSDT,BUY,LIMIT,1701927621072,998,0.45466
ADAUSDT,SELL,LIMIT,1701930384601,278,0.44678
ADAUSDT,SELL,LIMIT,1701930465684,620,0.44674
ADAUSDT,SELL,LIMIT,1701931525508,1051,0.44648
ADAUSDT,SELL,LIMIT,1701931566383,526,0.44628
ADAUSDT,SELL,LIMIT,1701931584095,19,0.44600
ADAUSDT,SELL,LIMIT,1701931587144,165,0.44595
ADAUSDT,SELL,LIMIT,1701931588220,594,0.44590
ADAUSDT,SELL,LIMIT,1701931643128,274,0.44561
ADAUSDT,SELL,LIMIT,1701931675335,488,0.44526
ADAUSDT,BUY,LIMIT,1701932877254,177,0.45064
ADAUSDT,SELL,LIMIT,1701934821952,321,0.44470
ADAUSDT,SELL,LIMIT,1701935585474,1676,0.44414
ADAUSDT,SELL,LIMIT,1701935594102,1159,0.44398
ADAUSDT,SELL,LIMIT,1701935610823,248,0.44376
ADAUSDT,SELL,LIMIT,1701936782045,526,0.44342
ADAUSDT,SELL,LIMIT,1701936819524,37,0.44311
ADAUSDT,SELL,LIMIT,1701936827211,22,0.44307
ADAUSDT,SELL,LIMIT,1701936834071,657,0.44292
ADAUSDT,SELL,LIMIT,1701936846138,664,0.44291
ADAUSDT,SELL,LIMIT,1701936868102,24,0.44268
ADAUSDT,SELL,LIMIT,1701936907147,5558,0.44215
ADAUSDT,SELL,LIMIT,1701936912190,162,0.44208
ADAUSDT,SELL,LIMIT,1701936914334,32,0.44186
ADAUSDT,SELL,LIMIT,1701936923561,144,0.44175
ADAUSDT,SELL,LIMIT,1701936925146,589,0.44172
ADAUSDT,SELL,LIMIT,1701936956541,60,0.44165
ADAUSDT,SELL,LIMIT,1701936969936,4489,0.44151
ADAUSDT,SELL,LIMIT,1701936971547,20,0.44127
ADAUSDT,SELL,LIMIT,1701936974231,173,0.44126
ADAUSDT,SELL,LIMIT,1701936977082,444,0.44125
ADAUSDT,SELL,LIMIT,1701936980151,1000,0.44118
ADAUSDT,SELL,LIMIT,1701936986350,583,0.44100
ADAUSDT,SELL,LIMIT,1701936987439,340,0.44111
ADAUSDT,SELL,LIMIT,1701937320810,309,0.44105
ADAUSDT,SELL,LIMIT,1701937330315,1890,0.44053
ADAUSDT,SELL,LIMIT,1701937340913,264,0.44053
ADAUSDT,SELL,LIMIT,1701937343751,164,0.44043
ADAUSDT,SELL,LIMIT,1701937344996,3885,0.44037
ADAUSDT,SELL,LIMIT,1701937369531,3752,0.44012
ADAUSDT,SELL,LIMIT,1701937392723,614,0.44009
ADAUSDT,SELL,LIMIT,1701937395184,68,0.43997
ADAUSDT,SELL,LIMIT,1701937396552,11178,0.43999
ADAUSDT,SELL,LIMIT,1701937398134,475,0.43986
ADAUSDT,SELL,LIMIT,1701937516346,18,0.43962
ADAUSDT,SELL,LIMIT,1701937525321,308,0.43953
ADAUSDT,SELL,LIMIT,1701937526484,13002,0.43945
ADAUSDT,SELL,LIMIT,1701937819555,65,0.43909
ADAUSDT,SELL,LIMIT,1701937821337,1452,0.43891
ADAUSDT,SELL,LIMIT,1701937822822,94,0.43882
ADAUSDT,SELL,LIMIT,1701939043049,1580,0.43876
ADAUSDT,SELL,LIMIT,1701939044415,1000,0.43872
ADAUSDT,SELL,LIMIT,1701939046278,245,0.43870
ADAUSDT,SELL,LIMIT,1701939052056,19,0.43830
ADAUSDT,SELL,LIMIT,1701939053412,337,0.43820
ADAUSDT,SELL,LIMIT,1701939119363,16,0.43799
ADAUSDT,SELL,LIMIT,1701939359426,1819,0.43800
ADAUSDT,SELL,LIMIT,1701939371410,460,0.43791
ADAUSDT,SELL,LIMIT,1701939375258,1218,0.43791
ADAUSDT,SELL,LIMIT,1701939378091,19037,0.43749
ADAUSDT,SELL,LIMIT,1701939379109,788,0.43765
ADAUSDT,SELL,LIMIT,1701939381013,104695,0.43570
ADAUSDT,SELL,LIMIT,1701939445578,252,0.43737
ADAUSDT,SELL,LIMIT,1701939456152,13402,0.43724
ADAUSDT,SELL,LIMIT,1701939526851,3924,0.43821
ADAUSDT,SELL,LIMIT,1701939568505,1251,0.43725
ADAUSDT,SELL,LIMIT,1701939570240,1620,0.43680
ADAUSDT,SELL,LIMIT,1701939572593,378,0.43655
ADAUSDT,SELL,LIMIT,1701939882481,2407,0.43731
ADAUSDT,SELL,LIMIT,1701939972965,2834,0.43681
ADAUSDT,SELL,LIMIT,1701939976208,12,0.43651
ADAUSDT,SELL,LIMIT,1701940011479,341,0.43651
ADAUSDT,SELL,LIMIT,1701940013401,101,0.43648
ADAUSDT,SELL,LIMIT,1701940014512,49012,0.43519
ADAUSDT,SELL,LIMIT,1701940018019,1122,0.43629
ADAUSDT,SELL,LIMIT,1701940020184,3426,0.43613
ADAUSDT,SELL,LIMIT,1701940024388,200,0.43602
ADAUSDT,SELL,LIMIT,1701940025988,348,0.43588
ADAUSDT,SELL,LIMIT,1701940028457,886,0.43573
ADAUSDT,SELL,LIMIT,1701940048437,278,0.43582
ADAUSDT,SELL,LIMIT,1701940407781,561,0.43622
ADAUSDT,SELL,LIMIT,1701940451494,303,0.43569
ADAUSDT,SELL,LIMIT,1701940453120,180,0.43549
ADAUSDT,SELL,LIMIT,1701940472393,19,0.43539
ADAUSDT,SELL,LIMIT,1701940513325,3067,0.43526
ADAUSDT,SELL,LIMIT,1701940515493,37,0.43522
ADAUSDT,SELL,LIMIT,1701940518426,1069,0.43512
ADAUSDT,SELL,LIMIT,1701940520835,294,0.43513
ADAUSDT,SELL,LIMIT,1701940523916,48,0.43502
ADAUSDT,SELL,LIMIT,1701940552288,903,0.43536
ADAUSDT,SELL,LIMIT,1701940554402,5000,0.43502
ADAUSDT,SELL,LIMIT,1701940556293,70,0.43486
ADAUSDT,SELL,LIMIT,1701940558968,1411,0.43460
ADAUSDT,SELL,LIMIT,1701940560086,13,0.44640
ADAUSDT,SELL,LIMIT,1701940561095,108,0.43425
ADAUSDT,SELL,LIMIT,1701940562681,34,0.43424
ADAUSDT,SELL,LIMIT,1701940564108,2178,0.43394
ADAUSDT,SELL,LIMIT,1701940565280,238,0.43397
ADAUSDT,SELL,LIMIT,1701940567602,444,0.43377
ADAUSDT,SELL,LIMIT,1701940569519,247,0.43363
ADAUSDT,SELL,LIMIT,1701940675702,73,0.43422
ADAUSDT,SELL,LIMIT,1701941064465,853,0.43357
ADAUSDT,SELL,LIMIT,1701941067272,508,0.43343
ADAUSDT,SELL,LIMIT,1701941071686,13,0.43324
ADAUSDT,SELL,LIMIT,1701941074828,663,0.43323
ADAUSDT,SELL,LIMIT,1701941109594,529,0.43321
ADAUSDT,SELL,LIMIT,1701941111353,3734,0.43320
ADAUSDT,BUY,LIMIT,1701941146709,16,0.43777
ADAUSDT,SELL,LIMIT,1701941149033,4000,0.43333
ADAUSDT,SELL,LIMIT,1701941154476,2041,0.43283
ADAUSDT,SELL,LIMIT,1701941159374,2890,0.43289
ADAUSDT,SELL,LIMIT,1701941164132,93,0.43276
ADAUSDT,SELL,LIMIT,1701941170616,199048,0.42889
ADAUSDT,SELL,LIMIT,1701941172115,1370,0.43247
ADAUSDT,SELL,LIMIT,1701941173966,163,0.43230
ADAUSDT,SELL,LIMIT,1701941175335,5110,0.43219
ADAUSDT,SELL,LIMIT,1701941176656,1571,0.43196
ADAUSDT,SELL,LIMIT,1701941180146,1861,0.43184
ADAUSDT,SELL,LIMIT,1701941181384,5693,0.43174
ADAUSDT,SELL,LIMIT,1701941182533,54,0.43167
ADAUSDT,SELL,LIMIT,1701941184120,14,0.43156
ADAUSDT,SELL,LIMIT,1701941185225,49,0.43136
ADAUSDT,SELL,LIMIT,1701941186344,7787,0.43136
ADAUSDT,SELL,LIMIT,1701941187430,5654,0.43128
ADAUSDT,SELL,LIMIT,1701941188439,14175,0.43102
ADAUSDT,SELL,LIMIT,1701941189574,1000,0.43071
ADAUSDT,SELL,LIMIT,1701941193171,400,0.43090
ADAUSDT,SELL,LIMIT,1701941208704,350,0.43061
ADAUSDT,SELL,LIMIT,1701941232312,226,0.43048
ADAUSDT,SELL,LIMIT,1701941234348,1229,0.43014
ADAUSDT,SELL,LIMIT,1701941235461,339,0.43039
ADAUSDT,SELL,LIMIT,1701941236795,206,0.43024
ADAUSDT,SELL,LIMIT,1701941237959,8371,0.43187
ADAUSDT,SELL,LIMIT,1701941239201,1389,0.43003
ADAUSDT,SELL,LIMIT,1701941244970,268,0.43004
ADAUSDT,SELL,LIMIT,1701941246250,3603,0.43004
ADAUSDT,SELL,LIMIT,1701941247317,279711,0.42525
ADAUSDT,SELL,LIMIT,1701941256257,2116,0.42952
ADAUSDT,BUY,LIMIT,1701942083999,72,0.43973
ADAUSDT,BUY,LIMIT,1701942118225,34,0.43986
ADAUSDT,BUY,LIMIT,1701942174072,81,0.42681
ADAUSDT,BUY,LIMIT,1701942372050,595,0.44143
ADAUSDT,BUY,LIMIT,1701942376524,1,0.44179
ADAUSDT,BUY,LIMIT,1701942418232,844,0.44210
ADAUSDT,BUY,LIMIT,1701942421076,325,0.44220
ADAUSDT,BUY,LIMIT,1701942446521,4268,0.44230
ADAUSDT,BUY,LIMIT,1701942459205,40,0.44260
ADAUSDT,BUY,LIMIT,1701942460292,598,0.44268
ADAUSDT,BUY,LIMIT,1701942488227,41,0.44100
ADAUSDT,BUY,LIMIT,1701942514453,709,0.44294
ADAUSDT,BUY,LIMIT,1701942534102,1541,0.44245
ADAUSDT,BUY,LIMIT,1701942637299,5450,0.44373
ADAUSDT,BUY,LIMIT,1701942639539,2103,0.44378
ADAUSDT,BUY,LIMIT,1701942641533,218,0.44396
ADAUSDT,BUY,LIMIT,1701942644665,182,0.44412
ADAUSDT,BUY,LIMIT,1701942662230,1651,0.44433
ADAUSDT,SELL,LIMIT,1701946480701,41,0.43407
ADAUSDT,SELL,LIMIT,1701946493397,1444,0.43371
ADAUSDT,SELL,LIMIT,1701946495172,3176,0.43343
ADAUSDT,SELL,LIMIT,1701946633306,11366,0.43255
ADAUSDT,SELL,LIMIT,1701946636818,495,0.43236
ADAUSDT,SELL,LIMIT,1701949748097,29,0.43242
ADAUSDT,SELL,LIMIT,1701950639228,11309,0.43304
ADAUSDT,SELL,LIMIT,1701950640995,4821,0.43182
ADAUSDT,BUY,LIMIT,1701951318535,1190,0.43777
ADAUSDT,BUY,LIMIT,1701951346184,2304,0.43751
ADAUSDT,SELL,LIMIT,1701951921317,500,0.43184
ADAUSDT,SELL,LIMIT,1701952845147,59,0.43543
ADAUSDT,SELL,LIMIT,1701953386444,66,0.43536
ADAUSDT,BUY,LIMIT,1701953976591,1,0.44019
ADAUSDT,BUY,LIMIT,1701954140366,473,0.44048
ADAUSDT,BUY,LIMIT,1701954149498,590,0.44074
ADAUSDT,BUY,LIMIT,1701954155643,419,0.44087
ADAUSDT,BUY,LIMIT,1701954180060,14,0.44119
ADAUSDT,BUY,LIMIT,1701954193982,2294,0.44152
ADAUSDT,SELL,LIMIT,1701956142927,48,0.43325
ADAUSDT,SELL,LIMIT,1701956578243,325,0.43333
ADAUSDT,SELL,LIMIT,1701956629045,844,0.43296
ADAUSDT,SELL,LIMIT,1701956908105,146,0.43253
ADAUSDT,SELL,LIMIT,1701956913275,364,0.43235
ADAUSDT,BUY,LIMIT,1701961038611,440,0.44047
ADAUSDT,BUY,LIMIT,1701961307617,1617,0.44073
ADAUSDT,BUY,LIMIT,1701962196271,366,0.44029
ADAUSDT,BUY,LIMIT,1701962458590,12,0.44172
ADAUSDT,BUY,LIMIT,1701962461485,1597,0.44192
ADAUSDT,BUY,LIMIT,1701962515876,23,0.44209
ADAUSDT,BUY,LIMIT,1701962531621,100,0.44224
ADAUSDT,BUY,LIMIT,1701962560853,186,0.44240
ADAUSDT,BUY,LIMIT,1701962591282,12,0.44251
ADAUSDT,BUY,LIMIT,1701962599288,11439,0.44270
ADAUSDT,BUY,LIMIT,1701962651229,64,0.44286
ADAUSDT,BUY,LIMIT,1701962671179,12,0.44296
ADAUSDT,BUY,LIMIT,1701962704115,8573,0.44321
ADAUSDT,BUY,LIMIT,1701962708444,227,0.44322
ADAUSDT,BUY,LIMIT,1701962712177,1546,0.44327
ADAUSDT,BUY,LIMIT,1701962765180,403,0.44336
ADAUSDT,BUY,LIMIT,1701962772333,32,0.44344
ADAUSDT,BUY,LIMIT,1701962773450,8619,0.44345
ADAUSDT,BUY,LIMIT,1701962835275,308,0.44440
ADAUSDT,BUY,LIMIT,1701962836937,840,0.44445
ADAUSDT,BUY,LIMIT,1701962842934,157,0.44441
ADAUSDT,BUY,LIMIT,1701962844271,915,0.44451
ADAUSDT,BUY,LIMIT,1701962870513,1224,0.44459
ADAUSDT,BUY,LIMIT,1701963022134,24,0.44476
ADAUSDT,BUY,LIMIT,1701963023511,500,0.44448
ADAUSDT,BUY,LIMIT,1701963024522,12,0.44476
ADAUSDT,BUY,LIMIT,1701963028826,101,0.44495
ADAUSDT,BUY,LIMIT,1701963030815,26,0.44507
ADAUSDT,BUY,LIMIT,1701963041355,837,0.44531
ADAUSDT,BUY,LIMIT,1701963043237,220,0.44536
ADAUSDT,BUY,LIMIT,1701963315991,246,0.44574
ADAUSDT,BUY,LIMIT,1701963317588,482,0.44581
ADAUSDT,BUY,LIMIT,1701963326614,517,0.44609
ADAUSDT,BUY,LIMIT,1701963330259,9906,0.44622
ADAUSDT,BUY,LIMIT,1701963335431,300,0.44638
ADAUSDT,BUY,LIMIT,1701963336923,6445,0.44645
ADAUSDT,BUY,LIMIT,1701963347436,1020,0.44679
ADAUSDT,BUY,LIMIT,1701963685251,12,0.44667
ADAUSDT,BUY,LIMIT,1701963871017,2000,0.44705
ADAUSDT,BUY,LIMIT,1701965058187,293,0.44682
ADAUSDT,BUY,LIMIT,1701965201277,5215,0.44812
ADAUSDT,BUY,LIMIT,1701965218361,1962,0.44856
ADAUSDT,BUY,LIMIT,1701965246080,3500,0.44863
ADAUSDT,BUY,LIMIT,1701965315108,245,0.44889
ADAUSDT,BUY,LIMIT,1701965327060,368,0.44901
ADAUSDT,BUY,LIMIT,1701965885113,2000,0.44925
ADAUSDT,BUY,LIMIT,1701965888110,915,0.44931
ADAUSDT,BUY,LIMIT,1701965898238,207,0.44968
ADAUSDT,BUY,LIMIT,1701965900953,2826,0.44988
ADAUSDT,BUY,LIMIT,1701965902655,1150,0.44994
ADAUSDT,BUY,LIMIT,1701965906717,117,0.45006
ADAUSDT,BUY,LIMIT,1701965909846,28716,0.45086
ADAUSDT,BUY,LIMIT,1701966133301,6606,0.45048
ADAUSDT,BUY,LIMIT,1701966134460,3549,0.45052
ADAUSDT,BUY,LIMIT,1701966163496,11296,0.45078
ADAUSDT,BUY,LIMIT,1701966195500,121,0.45114
ADAUSDT,BUY,LIMIT,1701966210138,94,0.45126
ADAUSDT,BUY,LIMIT,1701966211500,13,0.45123
ADAUSDT,BUY,LIMIT,1701966212537,4151,0.45128
ADAUSDT,BUY,LIMIT,1701966333134,471,0.45160
ADAUSDT,BUY,LIMIT,1701966367359,229,0.45201
ADAUSDT,BUY,LIMIT,1701966393101,69,0.45205
ADAUSDT,BUY,LIMIT,1701966419079,4987,0.45212
ADAUSDT,BUY,LIMIT,1701966703003,68272,0.45222
ADAUSDT,BUY,LIMIT,1701966812254,41,0.45234
ADAUSDT,BUY,LIMIT,1701966815239,35,0.45239
ADAUSDT,BUY,LIMIT,1701966817114,17,0.45247
ADAUSDT,BUY,LIMIT,1701966850167,854,0.45235
ADAUSDT,BUY,LIMIT,1701966871236,58044,0.45437
ADAUSDT,BUY,LIMIT,1701966958150,2650,0.45311
ADAUSDT,BUY,LIMIT,1701966961416,291,0.45316
ADAUSDT,BUY,LIMIT,1701967060543,44755,0.45445
ADAUSDT,BUY,LIMIT,1701967082170,116,0.45335
ADAUSDT,BUY,LIMIT,1701967173261,922,0.45376
ADAUSDT,BUY,LIMIT,1701967176188,169,0.45388
ADAUSDT,BUY,LIMIT,1701967181041,224,0.45398
ADAUSDT,BUY,LIMIT,1701967248673,207,0.45467
ADAUSDT,BUY,LIMIT,1701967258356,2477,0.45485
ADAUSDT,BUY,LIMIT,1701967294681,1153,0.45517
ADAUSDT,BUY,LIMIT,1701967312596,400,0.45543
ADAUSDT,BUY,LIMIT,1701967492384,450,0.45556
ADAUSDT,BUY,LIMIT,1701967514034,30,0.45572
ADAUSDT,BUY,LIMIT,1701967815233,5214,0.45470
ADAUSDT,BUY,LIMIT,1701967888608,10000,0.45607
ADAUSDT,BUY,LIMIT,1701967890467,87,0.45622
ADAUSDT,BUY,LIMIT,1701967893299,74,0.45626
ADAUSDT,BUY,LIMIT,1701967895152,2000,0.45632
ADAUSDT,BUY,LIMIT,1701967905476,35,0.45654
ADAUSDT,BUY,LIMIT,1701967908402,131,0.45677
ADAUSDT,BUY,LIMIT,1701967952298,52382,0.45845
ADAUSDT,BUY,LIMIT,1701967978152,86,0.45710
ADAUSDT,BUY,LIMIT,1701967980695,53,0.45723
ADAUSDT,BUY,LIMIT,1701967983234,186,0.45731
ADAUSDT,BUY,LIMIT,1701967985191,889,0.45739
ADAUSDT,BUY,LIMIT,1701967986547,1000,0.45741
ADAUSDT,BUY,LIMIT,1701968413659,150,0.45757
ADAUSDT,BUY,LIMIT,1701968437999,298,0.45773
ADAUSDT,BUY,LIMIT,1701968473397,198,0.45791
ADAUSDT,BUY,LIMIT,1701968508094,1309,0.45813
ADAUSDT,BUY,LIMIT,1701968509375,400,0.45820
ADAUSDT,BUY,LIMIT,1701968534158,50000,0.45976
ADAUSDT,BUY,LIMIT,1701968564148,1147,0.45874
ADAUSDT,BUY,LIMIT,1701968565256,35,0.45862
ADAUSDT,BUY,LIMIT,1701968574106,120,0.45893
ADAUSDT,BUY,LIMIT,1701968598169,120,0.45902
ADAUSDT,BUY,LIMIT,1701968599365,75,0.45901
ADAUSDT,BUY,LIMIT,1701968602772,400,0.45920
ADAUSDT,BUY,LIMIT,1701968615951,332,0.45931
ADAUSDT,BUY,LIMIT,1701968619557,8314,0.45943
ADAUSDT,BUY,LIMIT,1701968621044,36,0.45948
ADAUSDT,BUY,LIMIT,1701968622060,2248,0.45958
ADAUSDT,BUY,LIMIT,1701968626163,522,0.45971
ADAUSDT,BUY,LIMIT,1701968627220,13,0.45974
ADAUSDT,BUY,LIMIT,1701968630389,994,0.46001
ADAUSDT,BUY,LIMIT,1701968632547,981,0.46006
ADAUSDT,BUY,LIMIT,1701968634113,1382,0.46008
ADAUSDT,BUY,LIMIT,1701968801748,29,0.46028
ADAUSDT,BUY,LIMIT,1701968805356,56,0.46031
ADAUSDT,BUY,LIMIT,1701968812413,5836,0.46048
ADAUSDT,BUY,LIMIT,1701968814371,691,0.46060
ADAUSDT,BUY,LIMIT,1701968816496,14,0.46063
ADAUSDT,BUY,LIMIT,1701968822304,118,0.46068
ADAUSDT,BUY,LIMIT,1701968823460,1851,0.46072
ADAUSDT,BUY,LIMIT,1701968831149,112,0.46088
ADAUSDT,BUY,LIMIT,1701969175268,335,0.46100
ADAUSDT,BUY,LIMIT,1701969176515,119,0.46100
ADAUSDT,BUY,LIMIT,1701969186418,2168,0.46112
ADAUSDT,BUY,LIMIT,1701969217859,1492,0.46115
ADAUSDT,BUY,LIMIT,1701969230068,1173,0.46147
ADAUSDT,BUY,LIMIT,1701969313973,13618,0.46166
ADAUSDT,BUY,LIMIT,1701969315458,895,0.46163
ADAUSDT,BUY,LIMIT,1701969392144,68,0.46164
ADAUSDT,BUY,LIMIT,1701969399761,128,0.46179
ADAUSDT,BUY,LIMIT,1701969437458,805,0.46176
ADAUSDT,BUY,LIMIT,1701969620222,7392,0.46073
ADAUSDT,BUY,LIMIT,1701969621462,47156,0.46079
ADAUSDT,BUY,LIMIT,1701969645167,229,0.46107
ADAUSDT,BUY,LIMIT,1701970083656,4831,0.46082
ADAUSDT,BUY,LIMIT,1701970207373,603,0.46039
ADAUSDT,SELL,LIMIT,1701970712003,136,0.45357
ADAUSDT,SELL,LIMIT,1701970718690,38,0.45325
ADAUSDT,SELL,LIMIT,1701970913493,225,0.45187
ADAUSDT,SELL,LIMIT,1701970997870,7341,0.45114
ADAUSDT,SELL,LIMIT,1701971050622,97,0.45067
ADAUSDT,SELL,LIMIT,1701971052392,229,0.45045
ADAUSDT,SELL,LIMIT,1701971059071,342,0.45034
ADAUSDT,SELL,LIMIT,1701971355081,9371,0.44989
ADAUSDT,SELL,LIMIT,1701971372649,21754,0.44911
ADAUSDT,SELL,LIMIT,1701971376486,458,0.44913
ADAUSDT,SELL,LIMIT,1701971380286,39,0.44891
ADAUSDT,BUY,LIMIT,1701971753362,1975,0.45654
ADAUSDT,BUY,LIMIT,1701971970217,531,0.45749
ADAUSDT,SELL,LIMIT,1701974087652,63,0.44921
ADAUSDT,SELL,LIMIT,1701974303515,1255,0.44806
ADAUSDT,SELL,LIMIT,1701974307348,4106,0.44758
ADAUSDT,SELL,LIMIT,1701974603329,11001,0.44717
ADAUSDT,SELL,LIMIT,1701974605946,110,0.44700
ADAUSDT,SELL,LIMIT,1701975492095,35,0.45281
ADAUSDT,SELL,LIMIT,1701976470276,22582,0.44760
ADAUSDT,SELL,LIMIT,1701977164537,11083,0.44726
ADAUSDT,SELL,LIMIT,1701977184817,1535,0.44692
ADAUSDT,SELL,LIMIT,1701977189090,1015,0.44677
ADAUSDT,SELL,LIMIT,1701977273213,326,0.44667
ADAUSDT,SELL,LIMIT,1701977296359,882,0.44644
ADAUSDT,SELL,LIMIT,1701977299122,978,0.44618
ADAUSDT,BUY,LIMIT,1701978954507,237,0.45445
ADAUSDT,BUY,LIMIT,1701979309974,455,0.45484
ADAUSDT,BUY,LIMIT,1701979317243,145,0.45506
ADAUSDT,BUY,LIMIT,1701979320510,405,0.45526
ADAUSDT,BUY,LIMIT,1701979378387,656,0.45545
ADAUSDT,BUY,LIMIT,1701979393199,71,0.45570
ADAUSDT,BUY,LIMIT,1701979431871,5839,0.45595
ADAUSDT,BUY,LIMIT,1701979502234,951,0.45656
ADAUSDT,BUY,LIMIT,1701979504631,15,0.45661
ADAUSDT,BUY,LIMIT,1701979524780,5347,0.45704
ADAUSDT,BUY,LIMIT,1701979526378,1490,0.45715
ADAUSDT,BUY,LIMIT,1701979568198,5271,0.45742
ADAUSDT,BUY,LIMIT,1701979575193,1107,0.45753
ADAUSDT,BUY,LIMIT,1701979585144,683,0.45783
ADAUSDT,BUY,LIMIT,1701979597255,50,0.45808
ADAUSDT,BUY,LIMIT,1701979605432,83,0.45840
ADAUSDT,BUY,LIMIT,1701979609139,946,0.45854
ADAUSDT,BUY,LIMIT,1701979846048,267,0.45921
ADAUSDT,BUY,LIMIT,1701979848796,11022,0.45942
ADAUSDT,BUY,LIMIT,1701979871108,1660,0.45947
ADAUSDT,BUY,LIMIT,1701979876386,262,0.45951
ADAUSDT,BUY,LIMIT,1701980463148,14,0.45983
ADAUSDT,SELL,LIMIT,1701981500922,13,0.45113
ADAUSDT,BUY,LIMIT,1701983247301,1887,0.45679
ADAUSDT,BUY,LIMIT,1701983250210,635,0.45700
ADAUSDT,BUY,LIMIT,1701983430608,27,0.45722
ADAUSDT,BUY,LIMIT,1701984195623,10453,0.45619
ADAUSDT,SELL,LIMIT,1701984197775,9223,0.45274
ADAUSDT,BUY,LIMIT,1701984519729,157,0.45840
ADAUSDT,BUY,LIMIT,1701984526373,1,0.45846
ADAUSDT,BUY,LIMIT,1701984528372,408,0.45861
ADAUSDT,BUY,LIMIT,1701984767803,715,0.45914
ADAUSDT,BUY,LIMIT,1701984773343,13,0.45921
ADAUSDT,BUY,LIMIT,1701986173488,22065,0.46037
ADAUSDT,BUY,LIMIT,1701986239057,11025,0.46084
ADAUSDT,BUY,LIMIT,1701986300180,473,0.46114
ADAUSDT,BUY,LIMIT,1701986302521,10986,0.46113
ADAUSDT,BUY,LIMIT,1701986467070,1500,0.46143
ADAUSDT,SELL,LIMIT,1701987559485,1685,0.45501
ADAUSDT,SELL,LIMIT,1701988410111,14,0.45334
ADAUSDT,SELL,LIMIT,1701988422664,7085,0.45303
ADAUSDT,SELL,LIMIT,1701988454259,2459,0.45308
ADAUSDT,SELL,LIMIT,1701988529233,2346,0.45276
ADAUSDT,BUY,LIMIT,1701988709545,2174,0.45988
ADAUSDT,SELL,LIMIT,1701989862060,3398,0.45257
ADAUSDT,SELL,LIMIT,1701990794108,2644,0.45232
ADAUSDT,BUY,LIMIT,1701992549393,302,0.45827
ADAUSDT,BUY,LIMIT,1701993799520,749,0.46125
ADAUSDT,SELL,LIMIT,1701996393345,25,0.45272
ADAUSDT,SELL,LIMIT,1701997734760,800,0.45168
ADAUSDT,SELL,LIMIT,1701997738240,236,0.45155
ADAUSDT,SELL,LIMIT,1701997753200,4008,0.45131
ADAUSDT,SELL,LIMIT,1701997766651,504,0.45090
ADAUSDT,SELL,LIMIT,1701998019639,241,0.45070
ADAUSDT,SELL,LIMIT,1701998021866,3300,0.45059
ADAUSDT,SELL,LIMIT,1701998122116,1707,0.45023
ADAUSDT,BUY,LIMIT,1701998567530,57697,0.45862
ADAUSDT,BUY,LIMIT,1701999736443,199,0.45911
ADAUSDT,SELL,LIMIT,1702001923562,160,0.45263
ADAUSDT,SELL,LIMIT,1702002743042,300,0.45542
ADAUSDT,BUY,LIMIT,1702002861032,4945,0.46005
ADAUSDT,BUY,LIMIT,1702003676259,263,0.45958
ADAUSDT,BUY,LIMIT,1702003964388,102,0.46036
ADAUSDT,BUY,LIMIT,1702004242192,494,0.46101
ADAUSDT,BUY,LIMIT,1702004278804,4645,0.46124
ADAUSDT,BUY,LIMIT,1702004305117,584,0.46153
ADAUSDT,BUY,LIMIT,1702004306935,15,0.46157
ADAUSDT,BUY,LIMIT,1702004359400,79,0.46188
ADAUSDT,BUY,LIMIT,1702004360691,97,0.46191
ADAUSDT,BUY,LIMIT,1702004372537,1113,0.46196
ADAUSDT,BUY,LIMIT,1702004384147,1164,0.46210
ADAUSDT,BUY,LIMIT,1702004385273,74,0.46211
ADAUSDT,BUY,LIMIT,1702005091107,20,0.46227
ADAUSDT,BUY,LIMIT,1702005106146,42,0.46233
ADAUSDT,BUY,LIMIT,1702005109675,2423,0.46239
ADAUSDT,BUY,LIMIT,1702005111341,398,0.46249
ADAUSDT,BUY,LIMIT,1702005113626,4979,0.46254
ADAUSDT,BUY,LIMIT,1702005115558,60,0.46259
ADAUSDT,BUY,LIMIT,1702005117492,5608,0.46262
ADAUSDT,BUY,LIMIT,1702005327059,5348,0.46272
ADAUSDT,BUY,LIMIT,1702005328737,15,0.46272
ADAUSDT,BUY,LIMIT,1702005558460,2048,0.46289
ADAUSDT,BUY,LIMIT,1702005579379,10940,0.46293
ADAUSDT,BUY,LIMIT,1702005626426,10936,0.46303
ADAUSDT,BUY,LIMIT,1702005628031,713,0.46305
ADAUSDT,BUY,LIMIT,1702005630194,1152,0.46309
ADAUSDT,BUY,LIMIT,1702005631306,26,0.46308
ADAUSDT,BUY,LIMIT,1702005633309,1805,0.46315
ADAUSDT,BUY,LIMIT,1702005673221,195,0.46326
ADAUSDT,BUY,LIMIT,1702005674440,619,0.46321
ADAUSDT,BUY,LIMIT,1702006077676,115,0.46346
ADAUSDT,BUY,LIMIT,1702006087213,182,0.46367
ADAUSDT,BUY,LIMIT,1702006088602,137,0.46392
ADAUSDT,BUY,LIMIT,1702006090292,1645,0.46402
ADAUSDT,BUY,LIMIT,1702006101548,1049,0.46411
ADAUSDT,BUY,LIMIT,1702006105045,1829,0.46438
ADAUSDT,BUY,LIMIT,1702006106439,91,0.46437
ADAUSDT,BUY,LIMIT,1702006107697,12868,0.46447
ADAUSDT,BUY,LIMIT,1702006110904,285,0.46458
ADAUSDT,BUY,LIMIT,1702006121331,562,0.46468
ADAUSDT,BUY,LIMIT,1702006122437,63,0.46485
ADAUSDT,BUY,LIMIT,1702006125121,152,0.46492
ADAUSDT,BUY,LIMIT,1702006126869,21934,0.46524
ADAUSDT,BUY,LIMIT,1702006131164,633,0.46499
ADAUSDT,BUY,LIMIT,1702006139965,589,0.46505
ADAUSDT,BUY,LIMIT,1702006144057,773,0.46516
ADAUSDT,BUY,LIMIT,1702006145749,17,0.46531
ADAUSDT,BUY,LIMIT,1702006149647,13,0.46540
ADAUSDT,BUY,LIMIT,1702006151686,1509,0.46541
ADAUSDT,BUY,LIMIT,1702006170181,55,0.46548
ADAUSDT,BUY,LIMIT,1702006182581,373,0.46554
ADAUSDT,BUY,LIMIT,1702006187345,516,0.46562
ADAUSDT,BUY,LIMIT,1702006189388,1000,0.46572
ADAUSDT,BUY,LIMIT,1702006190423,455,0.46570
ADAUSDT,BUY,LIMIT,1702006194240,34254,0.46686
ADAUSDT,BUY,LIMIT,1702006199059,45,0.46598
ADAUSDT,BUY,LIMIT,1702006200296,1432,0.46592
ADAUSDT,BUY,LIMIT,1702006213442,289,0.46604
ADAUSDT,BUY,LIMIT,1702006214512,571,0.46626
ADAUSDT,BUY,LIMIT,1702006218128,347,0.46625
ADAUSDT,BUY,LIMIT,1702006223313,5054,0.46644
ADAUSDT,BUY,LIMIT,1702006232053,178,0.46655
ADAUSDT,BUY,LIMIT,1702006233078,2354,0.46670
ADAUSDT,BUY,LIMIT,1702006236831,55,0.46685
ADAUSDT,BUY,LIMIT,1702006263853,178,0.46706
ADAUSDT,BUY,LIMIT,1702006265091,2091,0.46708
ADAUSDT,BUY,LIMIT,1702006335187,66,0.46708
ADAUSDT,BUY,LIMIT,1702006669105,465,0.46549
ADAUSDT,BUY,LIMIT,1702006894247,1536,0.46521
ADAUSDT,BUY,LIMIT,1702006970760,916,0.46557
ADAUSDT,BUY,LIMIT,1702007043052,116,0.46706
ADAUSDT,BUY,LIMIT,1702007096170,115,0.46591
ADAUSDT,BUY,LIMIT,1702007154541,62,0.46581
ADAUSDT,BUY,LIMIT,1702007844209,10907,0.46740
ADAUSDT,BUY,LIMIT,1702007847879,136,0.46751
ADAUSDT,BUY,LIMIT,1702007890587,1500,0.46702
ADAUSDT,BUY,LIMIT,1702008777542,430,0.46728
ADAUSDT,BUY,LIMIT,1702008792192,1959,0.46757
ADAUSDT,BUY,LIMIT,1702008809303,79824,0.46956
ADAUSDT,BUY,LIMIT,1702008810387,477,0.46784
ADAUSDT,BUY,LIMIT,1702008812295,188,0.46787
ADAUSDT,BUY,LIMIT,1702008813868,718,0.46794
ADAUSDT,BUY,LIMIT,1702008819613,132,0.46800
ADAUSDT,BUY,LIMIT,1702008822347,305,0.46810
ADAUSDT,BUY,LIMIT,1702008823452,441,0.46806
ADAUSDT,BUY,LIMIT,1702008862416,50,0.46822
ADAUSDT,BUY,LIMIT,1702008870440,3500,0.46838
ADAUSDT,BUY,LIMIT,1702008875322,64,0.46838
ADAUSDT,BUY,LIMIT,1702008877345,5400,0.46838
ADAUSDT,BUY,LIMIT,1702008884578,641,0.46836
ADAUSDT,BUY,LIMIT,1702008886690,38,0.46839
ADAUSDT,BUY,LIMIT,1702008915799,845,0.46849
ADAUSDT,BUY,LIMIT,1702008917292,1400,0.46858
ADAUSDT,BUY,LIMIT,1702008918354,2263,0.46873
ADAUSDT,BUY,LIMIT,1702008919463,1500,0.46867
ADAUSDT,BUY,LIMIT,1702009637195,1362,0.46904
ADAUSDT,BUY,LIMIT,1702009655036,5669,0.46910
ADAUSDT,BUY,LIMIT,1702009656482,173,0.46918
ADAUSDT,BUY,LIMIT,1702009669355,5616,0.46925
ADAUSDT,BUY,LIMIT,1702009676295,1937,0.46943
ADAUSDT,BUY,LIMIT,1702009679291,211,0.46948
ADAUSDT,BUY,LIMIT,1702009680312,122,0.46944
ADAUSDT,BUY,LIMIT,1702009688578,328,0.46957
ADAUSDT,BUY,LIMIT,1702009690566,4025,0.46961
ADAUSDT,BUY,LIMIT,1702009708969,507,0.46968
ADAUSDT,BUY,LIMIT,1702009710274,1244,0.46980
ADAUSDT,BUY,LIMIT,1702009712462,775,0.46983
ADAUSDT,BUY,LIMIT,1702009727250,102,0.46995
ADAUSDT,BUY,LIMIT,1702009729878,117,0.46997
ADAUSDT,BUY,LIMIT,1702009737141,698,0.47003
ADAUSDT,BUY,LIMIT,1702009738197,169,0.47005
ADAUSDT,BUY,LIMIT,1702009741094,137,0.47015
ADAUSDT,BUY,LIMIT,1702009742149,119,0.47024
ADAUSDT,BUY,LIMIT,1702009749955,385,0.47029
ADAUSDT,BUY,LIMIT,1702009751994,92,0.47038
ADAUSDT,BUY,LIMIT,1702009753480,181,0.47036
ADAUSDT,BUY,LIMIT,1702009757244,350,0.47045
ADAUSDT,BUY,LIMIT,1702009831072,1029,0.47059
ADAUSDT,BUY,LIMIT,1702009839111,97,0.47075
ADAUSDT,BUY,LIMIT,1702009840255,520,0.47085
ADAUSDT,BUY,LIMIT,1702009987727,355,0.47034
ADAUSDT,BUY,LIMIT,1702009999235,150,0.47129
ADAUSDT,BUY,LIMIT,1702010000390,2894,0.47125
ADAUSDT,BUY,LIMIT,1702010001458,20,0.47153
ADAUSDT,BUY,LIMIT,1702010010841,340,0.47172
ADAUSDT,BUY,LIMIT,1702010067081,2058,0.47194
ADAUSDT,BUY,LIMIT,1702010070623,11957,0.47203
ADAUSDT,BUY,LIMIT,1702011146331,1125,0.46929
ADAUSDT,BUY,LIMIT,1702011699193,90,0.46913
ADAUSDT,BUY,LIMIT,1702013890355,212,0.47177
ADAUSDT,BUY,LIMIT,1702013976636,3950,0.47203
ADAUSDT,BUY,LIMIT,1702013981990,77,0.47209
ADAUSDT,BUY,LIMIT,1702013983381,6812,0.47223
ADAUSDT,BUY,LIMIT,1702013985821,8895,0.47234
ADAUSDT,BUY,LIMIT,1702013988246,39970,0.47364
ADAUSDT,BUY,LIMIT,1702013989601,2443,0.47256
ADAUSDT,BUY,LIMIT,1702015817844,1010,0.47153
ADAUSDT,BUY,LIMIT,1702015829268,8155,0.47159
ADAUSDT,BUY,LIMIT,1702015872556,325,0.47272
ADAUSDT,BUY,LIMIT,1702015881630,10000,0.47281
ADAUSDT,BUY,LIMIT,1702015884116,94,0.47294
ADAUSDT,BUY,LIMIT,1702015885210,23,0.47300
ADAUSDT,BUY,LIMIT,1702015889990,15,0.47327
ADAUSDT,BUY,LIMIT,1702015898134,926,0.47370
ADAUSDT,BUY,LIMIT,1702015899403,227,0.47359
ADAUSDT,BUY,LIMIT,1702015923340,200,0.47378
ADAUSDT,BUY,LIMIT,1702015935017,70,0.47391
ADAUSDT,BUY,LIMIT,1702015941692,227,0.47396
ADAUSDT,BUY,LIMIT,1702015945409,701,0.47403
ADAUSDT,BUY,LIMIT,1702015948308,3048,0.47419
ADAUSDT,BUY,LIMIT,1702015951166,2663,0.47441
ADAUSDT,BUY,LIMIT,1702015987107,11,0.47430
ADAUSDT,BUY,LIMIT,1702015989024,79,0.47441
ADAUSDT,BUY,LIMIT,1702015998300,105,0.47448
ADAUSDT,BUY,LIMIT,1702015999924,1380,0.47458
ADAUSDT,BUY,LIMIT,1702016001472,1252,0.47460
ADAUSDT,BUY,LIMIT,1702016003467,7528,0.47494
ADAUSDT,BUY,LIMIT,1702016004491,10634,0.47486
ADAUSDT,BUY,LIMIT,1702016007922,236,0.47499
ADAUSDT,BUY,LIMIT,1702016012402,40527,0.47636
ADAUSDT,BUY,LIMIT,1702016045366,202,0.47517
ADAUSDT,BUY,LIMIT,1702016047707,608,0.47521
ADAUSDT,BUY,LIMIT,1702016050095,489,0.47525
ADAUSDT,BUY,LIMIT,1702016051331,3260,0.47524
ADAUSDT,BUY,LIMIT,1702016053714,1301,0.47538
ADAUSDT,BUY,LIMIT,1702016068471,389,0.47536
ADAUSDT,BUY,LIMIT,1702016078307,413,0.47550
ADAUSDT,BUY,LIMIT,1702016086604,704,0.47564
ADAUSDT,BUY,LIMIT,1702016087673,1334,0.47569
ADAUSDT,BUY,LIMIT,1702016245266,1400,0.47575
ADAUSDT,BUY,LIMIT,1702017005408,2660,0.47593
ADAUSDT,BUY,LIMIT,1702017008128,1526,0.47605
ADAUSDT,BUY,LIMIT,1702017030286,13,0.47608
ADAUSDT,BUY,LIMIT,1702017036697,1127,0.47613
ADAUSDT,BUY,LIMIT,1702017037717,1441,0.47615
ADAUSDT,BUY,LIMIT,1702017042205,13816,0.47633
ADAUSDT,BUY,LIMIT,1702017046481,20,0.47623
ADAUSDT,BUY,LIMIT,1702017103110,1284,0.47613
ADAUSDT,BUY,LIMIT,1702017380870,13157,0.47558
ADAUSDT,BUY,LIMIT,1702017389446,700,0.47601
ADAUSDT,BUY,LIMIT,1702017400349,2892,0.47641
ADAUSDT,BUY,LIMIT,1702017402466,600,0.47656
ADAUSDT,BUY,LIMIT,1702017404159,43559,0.47801
ADAUSDT,BUY,LIMIT,1702017407537,32342,0.47772
ADAUSDT,BUY,LIMIT,1702017413281,486,0.47689
ADAUSDT,BUY,LIMIT,1702017414310,150,0.47705
ADAUSDT,BUY,LIMIT,1702017501700,20,0.47744
ADAUSDT,BUY,LIMIT,1702017549802,247,0.47750
ADAUSDT,BUY,LIMIT,1702017551293,13,0.47775
ADAUSDT,BUY,LIMIT,1702017584659,29,0.47795
ADAUSDT,BUY,LIMIT,1702017586306,4746,0.47801
ADAUSDT,BUY,LIMIT,1702017594428,1754,0.47803
ADAUSDT,BUY,LIMIT,1702017596124,1073,0.47812
ADAUSDT,BUY,LIMIT,1702017599613,118,0.47825
ADAUSDT,BUY,LIMIT,1702017601041,24,0.47825
ADAUSDT,BUY,LIMIT,1702017602066,961,0.47839
ADAUSDT,BUY,LIMIT,1702017604736,420,0.47845
ADAUSDT,BUY,LIMIT,1702017617415,9356,0.47848
ADAUSDT,BUY,LIMIT,1702017621988,621,0.47861
ADAUSDT,BUY,LIMIT,1702017748228,1515,0.47876
ADAUSDT,BUY,LIMIT,1702017749924,722,0.47879
ADAUSDT,BUY,LIMIT,1702017756779,766,0.47891
ADAUSDT,BUY,LIMIT,1702017784507,30,0.47896
ADAUSDT,BUY,LIMIT,1702017785735,406,0.47918
ADAUSDT,BUY,LIMIT,1702017787042,10551,0.47951
ADAUSDT,BUY,LIMIT,1702017788096,500,0.47936
ADAUSDT,BUY,LIMIT,1702017789480,1817,0.47961
ADAUSDT,BUY,LIMIT,1702017793302,2098,0.47982
ADAUSDT,BUY,LIMIT,1702017805175,55,0.47976
ADAUSDT,BUY,LIMIT,1702017806243,17238,0.48001
ADAUSDT,BUY,LIMIT,1702017807818,2406,0.47986
ADAUSDT,BUY,LIMIT,1702017810302,787,0.47991
ADAUSDT,BUY,LIMIT,1702017811566,40955,0.48121
ADAUSDT,BUY,LIMIT,1702017814617,4843,0.48015
ADAUSDT,BUY,LIMIT,1702017836342,1443,0.48035
ADAUSDT,BUY,LIMIT,1702017837701,203,0.48038
ADAUSDT,BUY,LIMIT,1702017905370,439,0.48040
ADAUSDT,BUY,LIMIT,1702018094346,677,0.48049
ADAUSDT,BUY,LIMIT,1702018108195,9097,0.48056
ADAUSDT,BUY,LIMIT,1702018112421,751,0.48073
ADAUSDT,BUY,LIMIT,1702018115103,120,0.48092
ADAUSDT,BUY,LIMIT,1702018116236,13,0.48094
ADAUSDT,BUY,LIMIT,1702018126142,284,0.48121
ADAUSDT,BUY,LIMIT,1702018127206,222894,0.48603
ADAUSDT,BUY,LIMIT,1702018128267,114,0.48138
ADAUSDT,BUY,LIMIT,1702018129353,3711,0.48137
ADAUSDT,BUY,LIMIT,1702018131673,1800,0.48146
ADAUSDT,BUY,LIMIT,1702018199514,762,0.48091
ADAUSDT,BUY,LIMIT,1702018205360,38,0.48154
ADAUSDT,BUY,LIMIT,1702018303653,181,0.48161
ADAUSDT,BUY,LIMIT,1702018308499,2200,0.48166
ADAUSDT,BUY,LIMIT,1702018309538,387,0.48168
ADAUSDT,BUY,LIMIT,1702018349443,1111,0.48162
ADAUSDT,BUY,LIMIT,1702018380321,15102,0.48183
ADAUSDT,BUY,LIMIT,1702018385312,11,0.48159
ADAUSDT,BUY,LIMIT,1702018467243,100,0.48189
ADAUSDT,BUY,LIMIT,1702018468250,264,0.48198
ADAUSDT,BUY,LIMIT,1702018469549,1299,0.48201
ADAUSDT,BUY,LIMIT,1702018471048,1015,0.48223
ADAUSDT,BUY,LIMIT,1702018624920,2070,0.48229
ADAUSDT,BUY,LIMIT,1702018634843,7146,0.48238
ADAUSDT,BUY,LIMIT,1702018654109,7547,0.48219
ADAUSDT,BUY,LIMIT,1702018704735,4214,0.48239
ADAUSDT,BUY,LIMIT,1702018728090,144,0.48244
ADAUSDT,BUY,LIMIT,1702018729256,99,0.48242
ADAUSDT,BUY,LIMIT,1702018955566,1055,0.48213
ADAUSDT,BUY,LIMIT,1702018964456,1158,0.48290
ADAUSDT,BUY,LIMIT,1702018971542,295,0.48310
ADAUSDT,BUY,LIMIT,1702018998365,20,0.48313
ADAUSDT,BUY,LIMIT,1702019000493,657,0.48318
ADAUSDT,BUY,LIMIT,1702019001656,600,0.48338
ADAUSDT,BUY,LIMIT,1702019003449,10718,0.48381
ADAUSDT,BUY,LIMIT,1702019010116,6227,0.48398
ADAUSDT,BUY,LIMIT,1702019015146,90,0.48402
ADAUSDT,BUY,LIMIT,1702019021113,1754,0.48427
ADAUSDT,BUY,LIMIT,1702019023614,314,0.48452
ADAUSDT,BUY,LIMIT,1702019026218,93711,0.48655
ADAUSDT,BUY,LIMIT,1702019029184,55,0.48484
ADAUSDT,BUY,LIMIT,1702019030289,1237,0.48495
ADAUSDT,BUY,LIMIT,1702019031316,77210,0.48693
ADAUSDT,BUY,LIMIT,1702019032644,372,0.48522
ADAUSDT,BUY,LIMIT,1702019033920,2802,0.48536
ADAUSDT,BUY,LIMIT,1702019035386,1217,0.48539
ADAUSDT,BUY,LIMIT,1702019036465,4703,0.48559
ADAUSDT,BUY,LIMIT,1702019038239,8134,0.48567
ADAUSDT,BUY,LIMIT,1702019045463,65612,0.48744
ADAUSDT,BUY,LIMIT,1702019047596,24925,0.48659
ADAUSDT,BUY,LIMIT,1702019048930,215,0.48602
ADAUSDT,SELL,LIMIT,1702019359801,102,0.47694
ADAUSDT,SELL,LIMIT,1702019407014,325,0.47638
ADAUSDT,SELL,LIMIT,1702020089820,3617,0.47586
ADAUSDT,SELL,LIMIT,1702020359151,965,0.47417
ADAUSDT,SELL,LIMIT,1702020364411,5063,0.47385
ADAUSDT,SELL,LIMIT,1702020365566,24,0.47402
ADAUSDT,SELL,LIMIT,1702020367506,1028,0.47354
ADAUSDT,SELL,LIMIT,1702020369568,151,0.47342
ADAUSDT,SELL,LIMIT,1702020512156,201,0.47320
ADAUSDT,SELL,LIMIT,1702020517618,11,0.47277
ADAUSDT,SELL,LIMIT,1702020530518,46,0.47340
ADAUSDT,SELL,LIMIT,1702020630633,554,0.47263
ADAUSDT,SELL,LIMIT,1702020633049,520,0.47230
ADAUSDT,SELL,LIMIT,1702020678584,3725,0.47131
ADAUSDT,BUY,LIMIT,1702022958290,15,0.48058
ADAUSDT,BUY,LIMIT,1702022963334,107,0.48084
ADAUSDT,BUY,LIMIT,1702022967898,175,0.48127
ADAUSDT,BUY,LIMIT,1702022973289,607,0.48170
ADAUSDT,BUY,LIMIT,1702022974342,2762,0.48176
ADAUSDT,BUY,LIMIT,1702022980110,103,0.48200
ADAUSDT,BUY,LIMIT,1702022981185,850,0.48202
ADAUSDT,BUY,LIMIT,1702022983212,274,0.48210
ADAUSDT,BUY,LIMIT,1702024515522,783,0.48257
ADAUSDT,BUY,LIMIT,1702024559741,75,0.48289
ADAUSDT,BUY,LIMIT,1702024573432,1505,0.48293
ADAUSDT,BUY,LIMIT,1702024576807,1571,0.48344
ADAUSDT,BUY,LIMIT,1702024579716,16,0.48372
ADAUSDT,BUY,LIMIT,1702024581281,26,0.48376
ADAUSDT,BUY,LIMIT,1702024590398,2870,0.48429
ADAUSDT,BUY,LIMIT,1702025015750,2339,0.48489
ADAUSDT,BUY,LIMIT,1702025179902,881,0.48492
ADAUSDT,BUY,LIMIT,1702025346705,40000,0.48653
ADAUSDT,BUY,LIMIT,1702025351074,221,0.48526
ADAUSDT,BUY,LIMIT,1702025357835,3315,0.48543
ADAUSDT,BUY,LIMIT,1702025659502,2709,0.48575
ADAUSDT,BUY,LIMIT,1702025670195,523,0.48607
ADAUSDT,BUY,LIMIT,1702025798216,51,0.48653
ADAUSDT,BUY,LIMIT,1702025801041,15,0.48681
ADAUSDT,BUY,LIMIT,1702025802775,152,0.48695
ADAUSDT,BUY,LIMIT,1702025804489,17240,0.48722
ADAUSDT,BUY,LIMIT,1702026090694,1500,0.48706
ADAUSDT,BUY,LIMIT,1702026092490,100,0.48709
ADAUSDT,BUY,LIMIT,1702026094346,6899,0.48719
ADAUSDT,BUY,LIMIT,1702026096458,1739,0.48737
ADAUSDT,BUY,LIMIT,1702026122066,213,0.48979
ADAUSDT,BUY,LIMIT,1702026123101,9454,0.48961
ADAUSDT,BUY,LIMIT,1702026136308,34,0.49033
ADAUSDT,BUY,LIMIT,1702026293023,31,0.49018
ADAUSDT,BUY,LIMIT,1702026294045,9300,0.49039
ADAUSDT,BUY,LIMIT,1702026298201,21,0.49064
ADAUSDT,BUY,LIMIT,1702026299247,1375,0.49069
ADAUSDT,BUY,LIMIT,1702026470062,5350,0.49126
ADAUSDT,BUY,LIMIT,1702026471088,3577,0.49107
ADAUSDT,BUY,LIMIT,1702026571978,70,0.49167
ADAUSDT,BUY,LIMIT,1702026582156,85,0.49170
ADAUSDT,BUY,LIMIT,1702026583214,7750,0.49170
ADAUSDT,BUY,LIMIT,1702026586077,12064,0.49186
ADAUSDT,BUY,LIMIT,1702026588085,13,0.49186
ADAUSDT,BUY,LIMIT,1702026589449,6438,0.49189
ADAUSDT,BUY,LIMIT,1702026694360,8719,0.49202
ADAUSDT,BUY,LIMIT,1702026699224,192000,0.49658
ADAUSDT,BUY,LIMIT,1702026701043,660,0.49216
ADAUSDT,BUY,LIMIT,1702026702267,1317,0.49226
ADAUSDT,BUY,LIMIT,1702026704872,11,0.49240
ADAUSDT,BUY,LIMIT,1702026955727,87,0.49243
ADAUSDT,BUY,LIMIT,1702026960811,5671,0.49251
ADAUSDT,BUY,LIMIT,1702026974985,2739,0.49251
ADAUSDT,BUY,LIMIT,1702027065094,10444,0.49175
ADAUSDT,BUY,LIMIT,1702027082483,439,0.49221
ADAUSDT,BUY,LIMIT,1702027089545,792,0.49246
ADAUSDT,BUY,LIMIT,1702027101711,7729,0.49254
ADAUSDT,BUY,LIMIT,1702027104667,800,0.49258
ADAUSDT,BUY,LIMIT,1702027109781,466,0.49267
ADAUSDT,BUY,LIMIT,1702027111088,1475,0.49276
ADAUSDT,BUY,LIMIT,1702027114105,346,0.49286
ADAUSDT,BUY,LIMIT,1702027125061,1060,0.49298
ADAUSDT,BUY,LIMIT,1702027135301,83,0.49316
ADAUSDT,BUY,LIMIT,1702027390635,874,0.49333
ADAUSDT,BUY,LIMIT,1702027392180,87,0.49349
ADAUSDT,BUY,LIMIT,1702027394273,176,0.49368
ADAUSDT,BUY,LIMIT,1702027395304,34,0.49377
ADAUSDT,BUY,LIMIT,1702027398251,760,0.49398
ADAUSDT,BUY,LIMIT,1702027400602,581,0.49394
ADAUSDT,BUY,LIMIT,1702027401905,864,0.49402
ADAUSDT,BUY,LIMIT,1702027407586,62,0.49444
ADAUSDT,BUY,LIMIT,1702027417577,21294,0.49484
ADAUSDT,BUY,LIMIT,1702027419177,4476,0.49452
ADAUSDT,BUY,LIMIT,1702027422328,14,0.49455
ADAUSDT,BUY,LIMIT,1702027423428,1777,0.49467
ADAUSDT,BUY,LIMIT,1702027432672,881,0.49488
ADAUSDT,BUY,LIMIT,1702027435919,659,0.49492
ADAUSDT,BUY,LIMIT,1702027437034,313,0.49495
ADAUSDT,BUY,LIMIT,1702027438048,6449,0.49502
ADAUSDT,BUY,LIMIT,1702027439067,12,0.49518
ADAUSDT,BUY,LIMIT,1702027440160,6246,0.49526
ADAUSDT,BUY,LIMIT,1702027441267,622,0.49550
ADAUSDT,BUY,LIMIT,1702027442271,1853,0.49568
ADAUSDT,BUY,LIMIT,1702027444378,6480,0.49583
ADAUSDT,BUY,LIMIT,1702027445505,613,0.49600
ADAUSDT,BUY,LIMIT,1702027448955,3987,0.49625
ADAUSDT,BUY,LIMIT,1702027450112,1210,0.49643
ADAUSDT,BUY,LIMIT,1702027451369,688,0.49643
ADAUSDT,BUY,LIMIT,1702027452543,39,0.49646
ADAUSDT,BUY,LIMIT,1702027453645,1900,0.49661
ADAUSDT,BUY,LIMIT,1702027455218,581,0.49703
ADAUSDT,BUY,LIMIT,1702027456361,1233,0.49699
ADAUSDT,BUY,LIMIT,1702027461891,724,0.49710
ADAUSDT,BUY,LIMIT,1702027463461,22,0.49719
ADAUSDT,BUY,LIMIT,1702028499626,1332,0.49738
ADAUSDT,BUY,LIMIT,1702028502173,2730,0.49799
ADAUSDT,SELL,LIMIT,1702028554600,19,0.49115
ADAUSDT,BUY,LIMIT,1702028992612,190,0.49790
ADAUSDT,BUY,LIMIT,1702028996291,1199,0.49790
ADAUSDT,BUY,LIMIT,1702028997384,42,0.49831
ADAUSDT,BUY,LIMIT,1702028999284,37,0.49843
ADAUSDT,BUY,LIMIT,1702029000992,100,0.49852
ADAUSDT,BUY,LIMIT,1702029010490,46,0.49856
ADAUSDT,BUY,LIMIT,1702029028312,132,0.49859
ADAUSDT,BUY,LIMIT,1702029033919,1490,0.49874
ADAUSDT,BUY,LIMIT,1702029049063,42,0.49877
ADAUSDT,BUY,LIMIT,1702029050323,37610,0.50011
ADAUSDT,BUY,LIMIT,1702029066302,18,0.49900
ADAUSDT,BUY,LIMIT,1702029067364,1000,0.49904
ADAUSDT,BUY,LIMIT,1702029110098,219,0.49929
ADAUSDT,BUY,LIMIT,1702029111586,272,0.49955
ADAUSDT,BUY,LIMIT,1702029116425,13,0.49966
ADAUSDT,BUY,LIMIT,1702029125044,41142,0.50106
ADAUSDT,BUY,LIMIT,1702029875300,9309,0.49713
ADAUSDT,BUY,LIMIT,1702030055543,2297,0.49368
ADAUSDT,BUY,LIMIT,1702030058534,190,0.49702
ADAUSDT,SELL,LIMIT,1702030634939,243,0.49034
ADAUSDT,BUY,LIMIT,1702030937061,18019,0.49807
ADAUSDT,BUY,LIMIT,1702031129537,1710,0.49941
ADAUSDT,BUY,LIMIT,1702031134106,495,0.49983
ADAUSDT,BUY,LIMIT,1702031198342,14,0.49993
ADAUSDT,BUY,LIMIT,1702031199364,6264,0.50011
ADAUSDT,BUY,LIMIT,1702031235082,12,0.50014
ADAUSDT,BUY,LIMIT,1702031237205,953,0.50020
ADAUSDT,BUY,LIMIT,1702031253248,837,0.50040
ADAUSDT,BUY,LIMIT,1702031254273,4,0.50037
ADAUSDT,BUY,LIMIT,1702031255627,58,0.50050
ADAUSDT,BUY,LIMIT,1702031261947,216,0.50056
ADAUSDT,BUY,LIMIT,1702031265838,614,0.50061
ADAUSDT,BUY,LIMIT,1702031271715,122,0.50075
ADAUSDT,BUY,LIMIT,1702031272930,2064,0.50079
ADAUSDT,BUY,LIMIT,1702031274462,2328,0.50084
ADAUSDT,BUY,LIMIT,1702031278112,20059,0.50112
ADAUSDT,BUY,LIMIT,1702031279423,297,0.50089
ADAUSDT,BUY,LIMIT,1702031284105,11537,0.50105
ADAUSDT,BUY,LIMIT,1702031285372,1306,0.50095
ADAUSDT,BUY,LIMIT,1702031305701,1415,0.50099
ADAUSDT,BUY,LIMIT,1702031361545,415,0.50114
ADAUSDT,BUY,LIMIT,1702031375901,675,0.50118
ADAUSDT,BUY,LIMIT,1702031379706,337,0.50122
ADAUSDT,BUY,LIMIT,1702031381173,25278,0.50206
ADAUSDT,BUY,LIMIT,1702031471442,4023,0.50145
ADAUSDT,BUY,LIMIT,1702031473311,26,0.50152
ADAUSDT,BUY,LIMIT,1702031553133,2495,0.50165
ADAUSDT,BUY,LIMIT,1702031886357,51,0.50129
ADAUSDT,SELL,LIMIT,1702032621121,1473,0.49261
ADAUSDT,BUY,LIMIT,1702033368251,836,0.49853
ADAUSDT,BUY,LIMIT,1702033813993,3540,0.50044
ADAUSDT,BUY,LIMIT,1702033963741,20,0.50145
ADAUSDT,BUY,LIMIT,1702033979500,9224,0.50177
ADAUSDT,BUY,LIMIT,1702033986866,33,0.50183
ADAUSDT,BUY,LIMIT,1702034093268,122,0.50150
ADAUSDT,BUY,LIMIT,1702034375159,19954,0.50174
ADAUSDT,BUY,LIMIT,1702034501525,1120,0.50200
ADAUSDT,BUY,LIMIT,1702034503531,4186,0.50214
ADAUSDT,BUY,LIMIT,1702034504568,7000,0.50216
ADAUSDT,BUY,LIMIT,1702034506255,21,0.50254
ADAUSDT,BUY,LIMIT,1702034507305,822,0.50232
ADAUSDT,BUY,LIMIT,1702034509132,1013,0.50281
ADAUSDT,BUY,LIMIT,1702034510174,106,0.50281
ADAUSDT,BUY,LIMIT,1702034514494,2401,0.50284
ADAUSDT,BUY,LIMIT,1702034543085,50,0.50284
ADAUSDT,BUY,LIMIT,1702034551333,212,0.50296
ADAUSDT,BUY,LIMIT,1702034553517,7476,0.50300
ADAUSDT,BUY,LIMIT,1702034554669,123,0.50307
ADAUSDT,BUY,LIMIT,1702034603970,106,0.50313
ADAUSDT,BUY,LIMIT,1702034604979,665,0.50319
ADAUSDT,BUY,LIMIT,1702034606052,7191,0.50356
ADAUSDT,BUY,LIMIT,1702034607296,1111,0.50390
ADAUSDT,BUY,LIMIT,1702034608387,478,0.50385
ADAUSDT,BUY,LIMIT,1702034609517,3500,0.50413
ADAUSDT,BUY,LIMIT,1702034610845,783,0.50416
ADAUSDT,BUY,LIMIT,1702034612023,315,0.50429
ADAUSDT,BUY,LIMIT,1702034613082,4779,0.50455
ADAUSDT,BUY,LIMIT,1702034614120,45,0.50461
ADAUSDT,BUY,LIMIT,1702034615184,2307,0.50494
ADAUSDT,BUY,LIMIT,1702034616241,10412,0.50524
ADAUSDT,BUY,LIMIT,1702034628850,10395,0.50528
ADAUSDT,BUY,LIMIT,1702034629995,549,0.50533
ADAUSDT,BUY,LIMIT,1702034631078,408,0.50546
ADAUSDT,BUY,LIMIT,1702034632139,3645,0.50560
ADAUSDT,BUY,LIMIT,1702034633202,26,0.50608
ADAUSDT,BUY,LIMIT,1702034634229,347,0.50588
ADAUSDT,BUY,LIMIT,1702034635267,3122,0.50652
ADAUSDT,BUY,LIMIT,1702034645892,20,0.50644
ADAUSDT,BUY,LIMIT,1702034732240,164,0.50656
ADAUSDT,BUY,LIMIT,1702034733295,325,0.50680
ADAUSDT,BUY,LIMIT,1702034735120,2453,0.50686
ADAUSDT,BUY,LIMIT,1702034736419,2011,0.50690
ADAUSDT,BUY,LIMIT,1702034737454,4768,0.50701
ADAUSDT,BUY,LIMIT,1702034739390,19619,0.50738
ADAUSDT,BUY,LIMIT,1702034741080,982,0.50727
ADAUSDT,BUY,LIMIT,1702034742280,2476,0.50720
ADAUSDT,BUY,LIMIT,1702034743709,184,0.50733
ADAUSDT,BUY,LIMIT,1702034745042,9980,0.50757
ADAUSDT,BUY,LIMIT,1702034746044,632,0.50764
ADAUSDT,BUY,LIMIT,1702034747182,4135,0.50768
ADAUSDT,BUY,LIMIT,1702034748184,1563,0.50803
ADAUSDT,BUY,LIMIT,1702034749235,322,0.50819
ADAUSDT,BUY,LIMIT,1702034750934,1300,0.50843
ADAUSDT,BUY,LIMIT,1702034780145,3274,0.50808
ADAUSDT,BUY,LIMIT,1702034788347,14205,0.50866
ADAUSDT,BUY,LIMIT,1702034793068,1309,0.50884
ADAUSDT,BUY,LIMIT,1702034794175,1210,0.50873
ADAUSDT,BUY,LIMIT,1702034796932,65,0.50920
ADAUSDT,BUY,LIMIT,1702034797996,434,0.50923
ADAUSDT,BUY,LIMIT,1702034913017,485,0.50940
ADAUSDT,BUY,LIMIT,1702034914492,1938,0.50945
ADAUSDT,BUY,LIMIT,1702034915551,127,0.50948
ADAUSDT,BUY,LIMIT,1702034921161,219,0.50958
ADAUSDT,BUY,LIMIT,1702034922663,149,0.50970
ADAUSDT,BUY,LIMIT,1702034923734,881,0.50983
ADAUSDT,BUY,LIMIT,1702034994157,19133,0.50992
ADAUSDT,BUY,LIMIT,1702034996308,2789,0.50990
ADAUSDT,BUY,LIMIT,1702034997523,452,0.51015
ADAUSDT,BUY,LIMIT,1702035006104,3126,0.51042
ADAUSDT,BUY,LIMIT,1702035007123,3659,0.51051
ADAUSDT,BUY,LIMIT,1702035008285,176,0.51072
ADAUSDT,BUY,LIMIT,1702035010338,1000,0.51134
ADAUSDT,BUY,LIMIT,1702035011449,217,0.51112
ADAUSDT,BUY,LIMIT,1702035012628,11209,0.51155
ADAUSDT,BUY,LIMIT,1702035013827,249,0.51170
ADAUSDT,BUY,LIMIT,1702035028041,97,0.51182
ADAUSDT,BUY,LIMIT,1702035030255,1456,0.51195
ADAUSDT,BUY,LIMIT,1702035038326,230,0.51202
ADAUSDT,BUY,LIMIT,1702035042686,9430,0.51210
ADAUSDT,BUY,LIMIT,1702035043751,1801,0.51213
ADAUSDT,BUY,LIMIT,1702035045069,70,0.51228
ADAUSDT,BUY,LIMIT,1702035055326,1063,0.51149
ADAUSDT,BUY,LIMIT,1702035093516,1020,0.51195
ADAUSDT,BUY,LIMIT,1702035162707,216,0.51114
ADAUSDT,SELL,LIMIT,1702035190165,236,0.50596
ADAUSDT,BUY,LIMIT,1702035246018,795,0.51124
ADAUSDT,BUY,LIMIT,1702035257429,5888,0.51150
ADAUSDT,BUY,LIMIT,1702035269329,2403,0.51162
ADAUSDT,BUY,LIMIT,1702035271540,2229,0.51203
ADAUSDT,BUY,LIMIT,1702035272757,2932,0.51207
ADAUSDT,BUY,LIMIT,1702035274172,316,0.51212
ADAUSDT,BUY,LIMIT,1702035276146,1875,0.51214
ADAUSDT,BUY,LIMIT,1702035390146,683,0.51237
ADAUSDT,BUY,LIMIT,1702035397958,5051,0.51242
ADAUSDT,BUY,LIMIT,1702035403119,1545,0.51245
ADAUSDT,BUY,LIMIT,1702035411638,2694,0.51223
ADAUSDT,BUY,LIMIT,1702035420571,2215,0.51229
ADAUSDT,BUY,LIMIT,1702035424833,69,0.51247
ADAUSDT,BUY,LIMIT,1702035426252,89,0.51260
ADAUSDT,BUY,LIMIT,1702035427333,1841,0.51258
ADAUSDT,BUY,LIMIT,1702035428446,25,0.51302
ADAUSDT,BUY,LIMIT,1702035429450,9600,0.51310
ADAUSDT,BUY,LIMIT,1702035430507,18389,0.51377
ADAUSDT,BUY,LIMIT,1702035432064,14,0.51371
ADAUSDT,BUY,LIMIT,1702035434464,1204,0.51379
ADAUSDT,BUY,LIMIT,1702035436068,3453,0.51403
ADAUSDT,BUY,LIMIT,1702035437099,3864,0.51435
ADAUSDT,BUY,LIMIT,1702035438319,1146,0.51438
ADAUSDT,BUY,LIMIT,1702035439321,6994,0.51458
ADAUSDT,BUY,LIMIT,1702035440371,525,0.51458
ADAUSDT,BUY,LIMIT,1702035441376,431,0.51543
ADAUSDT,BUY,LIMIT,1702035442429,68430,0.51796
ADAUSDT,BUY,LIMIT,1702035443449,619,0.51558
ADAUSDT,BUY,LIMIT,1702035444563,3111,0.51642
ADAUSDT,BUY,LIMIT,1702035446072,369,0.51668
ADAUSDT,BUY,LIMIT,1702035447267,42,0.51657
ADAUSDT,BUY,LIMIT,1702035448509,1204,0.51673
ADAUSDT,BUY,LIMIT,1702035449860,932,0.51696
ADAUSDT,BUY,LIMIT,1702035450877,429,0.51741
ADAUSDT,BUY,LIMIT,1702035452106,780,0.51801
ADAUSDT,BUY,LIMIT,1702035455145,964,0.51807
ADAUSDT,BUY,LIMIT,1702035456302,13,0.51818
ADAUSDT,BUY,LIMIT,1702035458344,2093,0.51859
ADAUSDT,BUY,LIMIT,1702035461058,396,0.51842
ADAUSDT,BUY,LIMIT,1702035462080,10034,0.51871
ADAUSDT,BUY,LIMIT,1702035488129,21,0.51881
ADAUSDT,BUY,LIMIT,1702035490508,1395,0.51886
ADAUSDT,BUY,LIMIT,1702035697394,500,0.51754
ADAUSDT,BUY,LIMIT,1702035734214,4836,0.51818
ADAUSDT,BUY,LIMIT,1702035864292,111,0.51897
ADAUSDT,BUY,LIMIT,1702035866223,9157,0.51908
ADAUSDT,BUY,LIMIT,1702035867300,80,0.51924
ADAUSDT,BUY,LIMIT,1702035869511,1213,0.51957
ADAUSDT,BUY,LIMIT,1702035870687,13,0.51966
ADAUSDT,BUY,LIMIT,1702035900743,49,0.51837
ADAUSDT,BUY,LIMIT,1702035914065,2500,0.51974
ADAUSDT,BUY,LIMIT,1702035916951,3135,0.51994
ADAUSDT,BUY,LIMIT,1702035922308,1077,0.51990
ADAUSDT,BUY,LIMIT,1702035927225,425,0.52014
ADAUSDT,BUY,LIMIT,1702035928402,520,0.52009
ADAUSDT,BUY,LIMIT,1702035929410,20,0.52084
ADAUSDT,BUY,LIMIT,1702035930418,223,0.52143
ADAUSDT,BUY,LIMIT,1702035931434,2045,0.52186
ADAUSDT,BUY,LIMIT,1702035936254,1184,0.52217
ADAUSDT,BUY,LIMIT,1702035937278,4640,0.52215
ADAUSDT,BUY,LIMIT,1702035938339,29131,0.52352
ADAUSDT,BUY,LIMIT,1702035939403,84259,0.52457
ADAUSDT,BUY,LIMIT,1702035940417,20,0.52274
ADAUSDT,BUY,LIMIT,1702035942442,186,0.52311
ADAUSDT,BUY,LIMIT,1702035943494,240,0.52322
ADAUSDT,BUY,LIMIT,1702035944733,267,0.52337
ADAUSDT,BUY,LIMIT,1702035946255,1065,0.52352
ADAUSDT,BUY,LIMIT,1702035949305,1986,0.52354
ADAUSDT,BUY,LIMIT,1702035952071,2075,0.52380
ADAUSDT,BUY,LIMIT,1702035957188,254,0.52391
ADAUSDT,BUY,LIMIT,1702035958324,11610,0.52418
ADAUSDT,BUY,LIMIT,1702035961178,2773,0.52411
ADAUSDT,BUY,LIMIT,1702035965273,9075,0.52423
ADAUSDT,BUY,LIMIT,1702035966300,40,0.52425
ADAUSDT,BUY,LIMIT,1702035967400,164,0.52440
ADAUSDT,BUY,LIMIT,1702035968467,28970,0.52547
ADAUSDT,BUY,LIMIT,1702035970273,1781,0.52487
ADAUSDT,BUY,LIMIT,1702035971370,25,0.52504
ADAUSDT,BUY,LIMIT,1702035972677,13,0.52526
ADAUSDT,BUY,LIMIT,1702035976069,414,0.52554
ADAUSDT,BUY,LIMIT,1702035977223,617,0.52550
ADAUSDT,BUY,LIMIT,1702035980097,11,0.52567
ADAUSDT,BUY,LIMIT,1702035981129,3727,0.52571
ADAUSDT,SELL,LIMIT,1702036066486,23,0.52354
ADAUSDT,BUY,LIMIT,1702036083674,588,0.52551
ADAUSDT,BUY,LIMIT,1702036086610,1882,0.52571
ADAUSDT,BUY,LIMIT,1702036088069,2311,0.52599
ADAUSDT,BUY,LIMIT,1702036089157,1013,0.52604
ADAUSDT,BUY,LIMIT,1702036107628,150,0.52633
ADAUSDT,BUY,LIMIT,1702036109715,24,0.52631
ADAUSDT,BUY,LIMIT,1702036112449,103,0.52636
ADAUSDT,BUY,LIMIT,1702036113488,105,0.52651
ADAUSDT,BUY,LIMIT,1702036114809,312,0.52652
ADAUSDT,BUY,LIMIT,1702036144809,3599,0.52658
ADAUSDT,BUY,LIMIT,1702036145823,5678,0.52672
ADAUSDT,BUY,LIMIT,1702036147228,770,0.52715
ADAUSDT,BUY,LIMIT,1702036148260,3904,0.52718
ADAUSDT,BUY,LIMIT,1702036149926,9635,0.52730
ADAUSDT,BUY,LIMIT,1702036151145,237,0.52770
ADAUSDT,BUY,LIMIT,1702036152184,13,0.52736
ADAUSDT,BUY,LIMIT,1702036153296,124143,0.53164
ADAUSDT,BUY,LIMIT,1702036154390,386,0.52805
ADAUSDT,BUY,LIMIT,1702036155481,284,0.52865
ADAUSDT,BUY,LIMIT,1702036157074,13914,0.52899
ADAUSDT,BUY,LIMIT,1702036158080,3920,0.52887
ADAUSDT,BUY,LIMIT,1702036159191,704,0.52935
ADAUSDT,BUY,LIMIT,1702036163165,49810,0.53205
ADAUSDT,BUY,LIMIT,1702036164415,177,0.53036
ADAUSDT,BUY,LIMIT,1702036165643,500,0.53080
ADAUSDT,BUY,LIMIT,1702036176195,1186,0.53076
ADAUSDT,BUY,LIMIT,1702036188221,2607,0.53091
ADAUSDT,BUY,LIMIT,1702036189483,310,0.53090
ADAUSDT,BUY,LIMIT,1702036192190,510,0.53115
ADAUSDT,BUY,LIMIT,1702036193408,727,0.53095
ADAUSDT,BUY,LIMIT,1702036194460,899,0.53117
ADAUSDT,BUY,LIMIT,1702036199885,5378,0.53144
ADAUSDT,BUY,LIMIT,1702036200989,236,0.53153
ADAUSDT,BUY,LIMIT,1702036202153,9869,0.53177
ADAUSDT,BUY,LIMIT,1702036203207,20,0.53186
ADAUSDT,BUY,LIMIT,1702036204477,12000,0.53200
ADAUSDT,BUY,LIMIT,1702036300887,1225,0.52893
ADAUSDT,SELL,LIMIT,1702036310868,1840,0.52223
ADAUSDT,SELL,LIMIT,1702036312069,4734,0.52108
ADAUSDT,SELL,LIMIT,1702036484256,118,0.52042
ADAUSDT,SELL,LIMIT,1702036487238,781,0.52027
ADAUSDT,SELL,LIMIT,1702036504341,123,0.51989
ADAUSDT,SELL,LIMIT,1702036579291,1008,0.51942
ADAUSDT,SELL,LIMIT,1702036583390,1382,0.51930
ADAUSDT,SELL,LIMIT,1702036586796,820,0.51924
ADAUSDT,SELL,LIMIT,1702036588168,1126,0.51920
ADAUSDT,SELL,LIMIT,1702036618704,552,0.51887
ADAUSDT,SELL,LIMIT,1702036626045,904,0.51873
ADAUSDT,SELL,LIMIT,1702036627609,356,0.51815
ADAUSDT,SELL,LIMIT,1702036633109,152,0.51747
ADAUSDT,SELL,LIMIT,1702036634164,1853,0.51774
ADAUSDT,SELL,LIMIT,1702036635867,315,0.51719
ADAUSDT,SELL,LIMIT,1702036639067,5238,0.51706
ADAUSDT,SELL,LIMIT,1702036642287,381,0.51704
ADAUSDT,SELL,LIMIT,1702036643648,138,0.51688
ADAUSDT,SELL,LIMIT,1702036651196,9538,0.51628
ADAUSDT,SELL,LIMIT,1702036652197,118,0.51584
ADAUSDT,SELL,LIMIT,1702036653463,22,0.51575
ADAUSDT,SELL,LIMIT,1702037057450,1096,0.51510
ADAUSDT,SELL,LIMIT,1702037058796,1140,0.51503
ADAUSDT,SELL,LIMIT,1702037061191,1092,0.51478
ADAUSDT,SELL,LIMIT,1702037063303,1079,0.51457
ADAUSDT,SELL,LIMIT,1702037070080,63,0.51442
ADAUSDT,SELL,LIMIT,1702037082427,11,0.54903
ADAUSDT,SELL,LIMIT,1702037109219,6854,0.51370
ADAUSDT,SELL,LIMIT,1702037110338,1920,0.51343
ADAUSDT,SELL,LIMIT,1702037111414,100,0.51351
ADAUSDT,SELL,LIMIT,1702037112698,568,0.51265
ADAUSDT,SELL,LIMIT,1702037118859,7752,0.51252
ADAUSDT,SELL,LIMIT,1702037382413,424,0.51171
ADAUSDT,SELL,LIMIT,1702037385850,664,0.51158
ADAUSDT,SELL,LIMIT,1702037489052,7584,0.51118
ADAUSDT,SELL,LIMIT,1702037490115,287,0.51112
ADAUSDT,SELL,LIMIT,1702037546223,681,0.51108
ADAUSDT,SELL,LIMIT,1702037552489,174,0.51093
ADAUSDT,SELL,LIMIT,1702037560875,39,0.51076
ADAUSDT,SELL,LIMIT,1702037562700,7458,0.51068
ADAUSDT,SELL,LIMIT,1702037650846,1681,0.51013
ADAUSDT,SELL,LIMIT,1702037656262,3023,0.50959
ADAUSDT,SELL,LIMIT,1702037660542,4917,0.50928
ADAUSDT,SELL,LIMIT,1702037661544,1432,0.50914
ADAUSDT,SELL,LIMIT,1702037663837,728,0.50923
ADAUSDT,BUY,LIMIT,1702037975232,3074,0.51737
ADAUSDT,BUY,LIMIT,1702038133947,910,0.51984
ADAUSDT,BUY,LIMIT,1702038137112,952,0.52007
ADAUSDT,BUY,LIMIT,1702038149393,644,0.52063
ADAUSDT,BUY,LIMIT,1702038170329,728,0.52073
ADAUSDT,BUY,LIMIT,1702038171619,34,0.52090
ADAUSDT,BUY,LIMIT,1702038172668,12,0.52110
ADAUSDT,BUY,LIMIT,1702038224116,463,0.52121
ADAUSDT,BUY,LIMIT,1702038481100,6775,0.52009
ADAUSDT,BUY,LIMIT,1702038950424,4495,0.52154
ADAUSDT,BUY,LIMIT,1702038952164,591,0.52161
ADAUSDT,BUY,LIMIT,1702038955478,57,0.52176
ADAUSDT,BUY,LIMIT,1702038958103,3532,0.52200
ADAUSDT,BUY,LIMIT,1702039014189,372,0.52207
ADAUSDT,BUY,LIMIT,1702039016664,35,0.52249
ADAUSDT,BUY,LIMIT,1702039020113,164,0.52250
ADAUSDT,BUY,LIMIT,1702039022140,687,0.52308
ADAUSDT,BUY,LIMIT,1702039084394,16,0.52199
ADAUSDT,BUY,LIMIT,1702039097274,270,0.52239
ADAUSDT,BUY,LIMIT,1702039625190,416,0.52392
ADAUSDT,BUY,LIMIT,1702040347512,75,0.52381
ADAUSDT,BUY,LIMIT,1702040351089,701,0.52397
ADAUSDT,BUY,LIMIT,1702040354984,1099,0.52403
ADAUSDT,BUY,LIMIT,1702040423325,234,0.52417
ADAUSDT,BUY,LIMIT,1702040426330,7427,0.52428
ADAUSDT,BUY,LIMIT,1702040866381,249,0.52444
ADAUSDT,BUY,LIMIT,1702040867556,681,0.52451
ADAUSDT,BUY,LIMIT,1702040869040,30,0.52502
ADAUSDT,BUY,LIMIT,1702040870268,34,0.52514
ADAUSDT,BUY,LIMIT,1702040878614,546,0.52545
ADAUSDT,BUY,LIMIT,1702040881329,2819,0.52562
ADAUSDT,BUY,LIMIT,1702040924201,2315,0.52589
ADAUSDT,BUY,LIMIT,1702040925236,447,0.52586
ADAUSDT,BUY,LIMIT,1702040942416,5578,0.52638
ADAUSDT,BUY,LIMIT,1702041052446,105,0.52644
ADAUSDT,BUY,LIMIT,1702041068311,9628,0.52659
ADAUSDT,BUY,LIMIT,1702041069366,634,0.52694
ADAUSDT,BUY,LIMIT,1702041070454,9661,0.52724
ADAUSDT,BUY,LIMIT,1702041072583,26,0.52735
ADAUSDT,BUY,LIMIT,1702041074937,147,0.52738
ADAUSDT,BUY,LIMIT,1702041076364,2000,0.52761
ADAUSDT,BUY,LIMIT,1702041080142,217,0.52781
ADAUSDT,BUY,LIMIT,1702041084340,682,0.52786
ADAUSDT,BUY,LIMIT,1702041336282,15,0.52635
ADAUSDT,BUY,LIMIT,1702041385321,936,0.52713
ADAUSDT,BUY,LIMIT,1702041419097,11,0.52816
ADAUSDT,BUY,LIMIT,1702041420194,204,0.52824
ADAUSDT,SELL,LIMIT,1702041485468,2469,0.51850
ADAUSDT,BUY,LIMIT,1702041557266,86,0.52662
ADAUSDT,BUY,LIMIT,1702041807279,455,0.52756
ADAUSDT,BUY,LIMIT,1702041822324,34,0.52796
ADAUSDT,BUY,LIMIT,1702041969111,7171,0.52783
ADAUSDT,BUY,LIMIT,1702041971323,15647,0.52793
ADAUSDT,SELL,LIMIT,1702042237077,421,0.51870
ADAUSDT,SELL,LIMIT,1702042239141,1002,0.52299
ADAUSDT,SELL,LIMIT,1702042240813,7990,0.51899
ADAUSDT,SELL,LIMIT,1702042244363,9511,0.51831
ADAUSDT,SELL,LIMIT,1702042245416,104,0.51798
ADAUSDT,SELL,LIMIT,1702042246427,350,0.51800
ADAUSDT,SELL,LIMIT,1702042248442,227,0.51762
ADAUSDT,SELL,LIMIT,1702042268067,1352,0.51748
ADAUSDT,SELL,LIMIT,1702042270226,520,0.51726
ADAUSDT,SELL,LIMIT,1702042271361,62,0.51721
ADAUSDT,SELL,LIMIT,1702042272490,1500,0.51664
ADAUSDT,SELL,LIMIT,1702042273574,573,0.51605
ADAUSDT,SELL,LIMIT,1702042282316,586,0.51595
ADAUSDT,SELL,LIMIT,1702042346186,1186,0.51582
ADAUSDT,SELL,LIMIT,1702042348155,45,0.51565
ADAUSDT,SELL,LIMIT,1702042349203,1301,0.51551
ADAUSDT,SELL,LIMIT,1702042350415,1564,0.51547
ADAUSDT,SELL,LIMIT,1702042351588,2414,0.51524
ADAUSDT,SELL,LIMIT,1702042365597,1648,0.51521
ADAUSDT,SELL,LIMIT,1702042369163,229,0.51491
ADAUSDT,SELL,LIMIT,1702042370357,318,0.51451
ADAUSDT,SELL,LIMIT,1702042376080,3321,0.51405
ADAUSDT,SELL,LIMIT,1702042377153,147,0.51407
ADAUSDT,SELL,LIMIT,1702042379507,1291,0.51336
ADAUSDT,BUY,LIMIT,1702042541471,458,0.52129
ADAUSDT,SELL,LIMIT,1702042886077,464,0.51521
ADAUSDT,BUY,LIMIT,1702043684259,3000,0.52039
ADAUSDT,BUY,LIMIT,1702043699695,567,0.51916
ADAUSDT,SELL,LIMIT,1702043705183,1383,0.51458
ADAUSDT,SELL,LIMIT,1702043823456,432,0.51372
ADAUSDT,SELL,LIMIT,1702043835052,291,0.51365
ADAUSDT,SELL,LIMIT,1702043836067,432,0.51308
ADAUSDT,SELL,LIMIT,1702043843572,9612,0.51278
ADAUSDT,SELL,LIMIT,1702043850249,484,0.51244
ADAUSDT,SELL,LIMIT,1702043851273,38,0.51239
ADAUSDT,SELL,LIMIT,1702043852368,850,0.51211
ADAUSDT,SELL,LIMIT,1702043856389,1633,0.51189
ADAUSDT,SELL,LIMIT,1702043857411,249,0.51194
ADAUSDT,BUY,LIMIT,1702044065262,310,0.52135
ADAUSDT,BUY,LIMIT,1702044091564,2907,0.52212
ADAUSDT,BUY,LIMIT,1702044092989,9699,0.52235
ADAUSDT,BUY,LIMIT,1702044095005,38,0.52252
ADAUSDT,BUY,LIMIT,1702044098350,1259,0.52277
ADAUSDT,BUY,LIMIT,1702044167746,388,0.52307
ADAUSDT,BUY,LIMIT,1702044186057,47,0.52356
ADAUSDT,BUY,LIMIT,1702044188320,2187,0.52366
ADAUSDT,BUY,LIMIT,1702044189321,2232,0.52397
ADAUSDT,BUY,LIMIT,1702044192262,985,0.52432
ADAUSDT,BUY,LIMIT,1702044194667,490,0.52469
ADAUSDT,BUY,LIMIT,1702044197045,6,0.52477
ADAUSDT,BUY,LIMIT,1702044198215,111,0.52474
ADAUSDT,BUY,LIMIT,1702044201406,276,0.52537
ADAUSDT,BUY,LIMIT,1702044204573,508,0.52586
ADAUSDT,BUY,LIMIT,1702044212784,1440,0.52599
ADAUSDT,BUY,LIMIT,1702044213959,500,0.52623
ADAUSDT,BUY,LIMIT,1702044246757,9620,0.52636
ADAUSDT,BUY,LIMIT,1702044247827,1867,0.52651
ADAUSDT,BUY,LIMIT,1702044253754,7508,0.52663
ADAUSDT,BUY,LIMIT,1702044586255,1590,0.52732
ADAUSDT,BUY,LIMIT,1702044588415,55,0.52764
ADAUSDT,BUY,LIMIT,1702044589427,4342,0.52751
ADAUSDT,BUY,LIMIT,1702044591507,193,0.52845
ADAUSDT,BUY,LIMIT,1702044594532,1954,0.52868
ADAUSDT,BUY,LIMIT,1702044605349,575,0.52880
ADAUSDT,BUY,LIMIT,1702044619939,142,0.52831
ADAUSDT,BUY,LIMIT,1702044685148,2207,0.52905
ADAUSDT,BUY,LIMIT,1702044856254,1109,0.52960
ADAUSDT,BUY,LIMIT,1702044889073,128,0.53021
ADAUSDT,BUY,LIMIT,1702044890532,310,0.53011
ADAUSDT,BUY,LIMIT,1702044891926,7065,0.53029
ADAUSDT,BUY,LIMIT,1702044914106,3251,0.53039
ADAUSDT,BUY,LIMIT,1702044915403,320,0.53045
ADAUSDT,BUY,LIMIT,1702044919185,116,0.53072
ADAUSDT,BUY,LIMIT,1702044925062,1031,0.53091
ADAUSDT,BUY,LIMIT,1702044926245,2465,0.53075
ADAUSDT,BUY,LIMIT,1702044928448,71,0.53097
ADAUSDT,BUY,LIMIT,1702044929494,8999,0.53109
ADAUSDT,BUY,LIMIT,1702044930930,3929,0.53127
ADAUSDT,BUY,LIMIT,1702044932147,1182,0.53156
ADAUSDT,BUY,LIMIT,1702044933203,336,0.53184
ADAUSDT,BUY,LIMIT,1702044934219,49085,0.53334
ADAUSDT,BUY,LIMIT,1702044935488,4106,0.53193
ADAUSDT,BUY,LIMIT,1702044939388,3440,0.53207
ADAUSDT,BUY,LIMIT,1702044941255,443,0.53225
ADAUSDT,BUY,LIMIT,1702044943096,2064,0.53258
ADAUSDT,BUY,LIMIT,1702044944224,169,0.53252
ADAUSDT,BUY,LIMIT,1702044959593,1427,0.53263
ADAUSDT,BUY,LIMIT,1702044963067,297,0.53277
ADAUSDT,BUY,LIMIT,1702044964361,97,0.53270
ADAUSDT,BUY,LIMIT,1702044965398,1936,0.53400
ADAUSDT,BUY,LIMIT,1702044966469,462,0.53328
ADAUSDT,BUY,LIMIT,1702044968055,4581,0.53491
ADAUSDT,BUY,LIMIT,1702044969094,1708,0.53523
ADAUSDT,BUY,LIMIT,1702044970143,1695,0.53529
ADAUSDT,BUY,LIMIT,1702044971144,97,0.53568
ADAUSDT,BUY,LIMIT,1702044972484,13980,0.53675
ADAUSDT,BUY,LIMIT,1702044973509,3249,0.53649
ADAUSDT,BUY,LIMIT,1702044979089,367,0.53686
ADAUSDT,BUY,LIMIT,1702044980287,2966,0.53692
ADAUSDT,BUY,LIMIT,1702044981320,8439,0.53702
ADAUSDT,BUY,LIMIT,1702044982369,8529,0.53722
ADAUSDT,BUY,LIMIT,1702044984606,37904,0.53880
ADAUSDT,BUY,LIMIT,1702045037974,259,0.53757
ADAUSDT,BUY,LIMIT,1702045040100,69,0.53773
ADAUSDT,BUY,LIMIT,1702045045458,240,0.53772
ADAUSDT,BUY,LIMIT,1702045049229,61,0.53787
ADAUSDT,BUY,LIMIT,1702045050497,45,0.53812
ADAUSDT,BUY,LIMIT,1702045055506,1474,0.53823
ADAUSDT,BUY,LIMIT,1702045063407,655,0.53842
ADAUSDT,BUY,LIMIT,1702045069120,71,0.53896
ADAUSDT,BUY,LIMIT,1702045070151,959,0.53846
ADAUSDT,BUY,LIMIT,1702045071603,2174,0.53887
ADAUSDT,BUY,LIMIT,1702045073062,2790,0.53897
ADAUSDT,BUY,LIMIT,1702045074071,210,0.53929
ADAUSDT,BUY,LIMIT,1702045076053,2841,0.53958
ADAUSDT,BUY,LIMIT,1702045080611,2802,0.53959
ADAUSDT,BUY,LIMIT,1702045082492,279,0.53961
ADAUSDT,BUY,LIMIT,1702045084341,168167,0.54490
ADAUSDT,BUY,LIMIT,1702045085366,196,0.54001
ADAUSDT,BUY,LIMIT,1702045089167,5593,0.54030
ADAUSDT,BUY,LIMIT,1702045090310,702,0.54029
ADAUSDT,SELL,LIMIT,1702045184394,9287,0.53044
ADAUSDT,BUY,LIMIT,1702045467166,373,0.53918
ADAUSDT,SELL,LIMIT,1702045591396,160,0.52934
ADAUSDT,SELL,LIMIT,1702045623419,47,0.52910
ADAUSDT,SELL,LIMIT,1702045709706,217,0.52865
ADAUSDT,SELL,LIMIT,1702045766088,34,0.52844
ADAUSDT,SELL,LIMIT,1702045772017,5312,0.52843
ADAUSDT,SELL,LIMIT,1702045777530,28,0.52809
ADAUSDT,SELL,LIMIT,1702045788949,1965,0.52785
ADAUSDT,SELL,LIMIT,1702045791304,660,0.52766
ADAUSDT,SELL,LIMIT,1702045793191,388,0.52755
ADAUSDT,BUY,LIMIT,1702045885455,2978,0.53425
ADAUSDT,BUY,LIMIT,1702045899894,1044,0.53425
ADAUSDT,SELL,LIMIT,1702046101616,19,0.52742
ADAUSDT,SELL,LIMIT,1702046103823,871,0.52716
ADAUSDT,SELL,LIMIT,1702046105256,226,0.52692
ADAUSDT,SELL,LIMIT,1702046551197,126,0.52660
ADAUSDT,SELL,LIMIT,1702046569333,456,0.52619
ADAUSDT,SELL,LIMIT,1702046784487,2034,0.52575
ADAUSDT,SELL,LIMIT,1702046796136,221,0.52537
ADAUSDT,SELL,LIMIT,1702046815622,239,0.52491
ADAUSDT,SELL,LIMIT,1702046853229,26,0.52475
ADAUSDT,SELL,LIMIT,1702046856895,981,0.52452
ADAUSDT,SELL,LIMIT,1702046859107,18653,0.52419
ADAUSDT,SELL,LIMIT,1702046860197,93,0.52429
ADAUSDT,SELL,LIMIT,1702046861474,224,0.52428
ADAUSDT,SELL,LIMIT,1702046940951,945,0.52426
ADAUSDT,BUY,LIMIT,1702047052877,145,0.53129
ADAUSDT,BUY,LIMIT,1702047614184,280,0.52769
ADAUSDT,SELL,LIMIT,1702047620888,1204,0.52597
ADAUSDT,BUY,LIMIT,1702047624621,3574,0.53170
ADAUSDT,BUY,LIMIT,1702047700059,3767,0.53008
ADAUSDT,BUY,LIMIT,1702047846662,1157,0.53395
ADAUSDT,BUY,LIMIT,1702047857857,1060,0.53395
ADAUSDT,BUY,LIMIT,1702047859060,893,0.53411
ADAUSDT,BUY,LIMIT,1702047905277,248,0.53426
ADAUSDT,BUY,LIMIT,1702048117273,16,0.53394
ADAUSDT,BUY,LIMIT,1702048148977,314,0.53436
ADAUSDT,BUY,LIMIT,1702048156955,532,0.53438
ADAUSDT,SELL,LIMIT,1702048401654,2423,0.52716
ADAUSDT,BUY,LIMIT,1702048470258,688,0.53498
ADAUSDT,BUY,LIMIT,1702048483071,18,0.53517
ADAUSDT,BUY,LIMIT,1702048517683,4420,0.53542
ADAUSDT,BUY,LIMIT,1702048588848,17,0.53607
ADAUSDT,BUY,LIMIT,1702048608577,1417,0.53619
ADAUSDT,BUY,LIMIT,1702048609584,530,0.53617
ADAUSDT,BUY,LIMIT,1702048618931,2268,0.53675
ADAUSDT,BUY,LIMIT,1702048620281,758,0.53685
ADAUSDT,BUY,LIMIT,1702048621303,7000,0.53709
ADAUSDT,BUY,LIMIT,1702048623825,1215,0.53710
ADAUSDT,BUY,LIMIT,1702048633576,306,0.53720
ADAUSDT,BUY,LIMIT,1702048640920,423,0.53741
ADAUSDT,BUY,LIMIT,1702048642031,3333,0.53773
ADAUSDT,BUY,LIMIT,1702048644216,1374,0.53786
ADAUSDT,BUY,LIMIT,1702048948880,626,0.53811
ADAUSDT,BUY,LIMIT,1702048951123,248,0.53845
ADAUSDT,BUY,LIMIT,1702048953141,9874,0.53857
ADAUSDT,BUY,LIMIT,1702048954344,905,0.53855
ADAUSDT,BUY,LIMIT,1702048956596,6385,0.53881
ADAUSDT,BUY,LIMIT,1702048961112,12,0.53883
ADAUSDT,BUY,LIMIT,1702048965061,133,0.53900
ADAUSDT,BUY,LIMIT,1702048966240,174,0.53895
ADAUSDT,BUY,LIMIT,1702048968029,769,0.53926
ADAUSDT,BUY,LIMIT,1702048969165,1176,0.53934
ADAUSDT,BUY,LIMIT,1702048970396,93,0.53947
ADAUSDT,BUY,LIMIT,1702048976304,91,0.53970
ADAUSDT,BUY,LIMIT,1702048980607,5424,0.53999
ADAUSDT,BUY,LIMIT,1702048982588,2442,0.54021
ADAUSDT,BUY,LIMIT,1702048984143,10948,0.54056
ADAUSDT,BUY,LIMIT,1702048985236,1588,0.54047
ADAUSDT,BUY,LIMIT,1702048987003,2693,0.54049
ADAUSDT,BUY,LIMIT,1702048988164,18719,0.54098
ADAUSDT,BUY,LIMIT,1702048989263,745,0.54095
ADAUSDT,BUY,LIMIT,1702048990283,359,0.54084
ADAUSDT,BUY,LIMIT,1702048991680,327,0.54148
ADAUSDT,BUY,LIMIT,1702048998612,7088,0.54169
ADAUSDT,BUY,LIMIT,1702048999788,24,0.54178
ADAUSDT,BUY,LIMIT,1702049471150,1883,0.53851
ADAUSDT,BUY,LIMIT,1702050247065,157,0.54119
ADAUSDT,BUY,LIMIT,1702050252263,79,0.54166
ADAUSDT,BUY,LIMIT,1702050259243,13650,0.54202
ADAUSDT,BUY,LIMIT,1702050260301,100,0.54209
ADAUSDT,BUY,LIMIT,1702050303105,25,0.54216
ADAUSDT,BUY,LIMIT,1702050304449,12389,0.54227
ADAUSDT,BUY,LIMIT,1702050305702,49,0.54221
ADAUSDT,BUY,LIMIT,1702050321925,138,0.54232
ADAUSDT,BUY,LIMIT,1702050324292,3,0.54248
ADAUSDT,BUY,LIMIT,1702050345983,1520,0.54246
ADAUSDT,BUY,LIMIT,1702050348354,624,0.54255
ADAUSDT,BUY,LIMIT,1702050350111,60,0.54281
ADAUSDT,BUY,LIMIT,1702050351136,1188,0.54268
ADAUSDT,BUY,LIMIT,1702050354252,1665,0.54287
ADAUSDT,BUY,LIMIT,1702050381544,507,0.54239
ADAUSDT,BUY,LIMIT,1702050390229,3895,0.54314
ADAUSDT,BUY,LIMIT,1702050391306,37,0.54308
ADAUSDT,BUY,LIMIT,1702050392455,1217,0.54334
ADAUSDT,BUY,LIMIT,1702050394256,288,0.54363
ADAUSDT,BUY,LIMIT,1702050395539,125375,0.54733
ADAUSDT,BUY,LIMIT,1702050396974,128,0.54369
ADAUSDT,BUY,LIMIT,1702050398065,6107,0.54402
ADAUSDT,BUY,LIMIT,1702050400068,222,0.54413
ADAUSDT,BUY,LIMIT,1702050401092,456,0.54408
ADAUSDT,BUY,LIMIT,1702050403380,602,0.54418
ADAUSDT,BUY,LIMIT,1702050404530,9376,0.54425
ADAUSDT,BUY,LIMIT,1702050405607,3833,0.54455
ADAUSDT,BUY,LIMIT,1702050406668,474,0.54478
ADAUSDT,BUY,LIMIT,1702050418471,306,0.54484
ADAUSDT,BUY,LIMIT,1702050419481,14026,0.54511
ADAUSDT,BUY,LIMIT,1702050424126,481,0.54531
ADAUSDT,BUY,LIMIT,1702050425338,603,0.54526
ADAUSDT,BUY,LIMIT,1702050426379,19,0.54539
ADAUSDT,BUY,LIMIT,1702050443099,14,0.54581
ADAUSDT,BUY,LIMIT,1702050444189,23656,0.54672
ADAUSDT,BUY,LIMIT,1702050445236,80,0.54589
ADAUSDT,BUY,LIMIT,1702050446468,23,0.54613
ADAUSDT,BUY,LIMIT,1702050451191,24,0.54664
ADAUSDT,BUY,LIMIT,1702050452419,56,0.54661
ADAUSDT,BUY,LIMIT,1702050453451,142,0.54688
ADAUSDT,BUY,LIMIT,1702050454463,4992,0.54724
ADAUSDT,BUY,LIMIT,1702050455466,24,0.54713
ADAUSDT,BUY,LIMIT,1702050458352,12,0.54720
ADAUSDT,BUY,LIMIT,1702050459512,54,0.54738
ADAUSDT,BUY,LIMIT,1702050462901,4065,0.54744
ADAUSDT,BUY,LIMIT,1702050466183,10,0.54762
ADAUSDT,BUY,LIMIT,1702050467454,312,0.54771
ADAUSDT,BUY,LIMIT,1702050469677,40,0.54776
ADAUSDT,BUY,LIMIT,1702050470864,5738,0.54791
ADAUSDT,BUY,LIMIT,1702050520303,3086,0.54782
ADAUSDT,BUY,LIMIT,1702050522823,1217,0.54816
ADAUSDT,BUY,LIMIT,1702050527112,451,0.54882
ADAUSDT,BUY,LIMIT,1702050528191,36,0.54854
ADAUSDT,BUY,LIMIT,1702050529249,425,0.54899
ADAUSDT,BUY,LIMIT,1702050530641,1056,0.54924
ADAUSDT,BUY,LIMIT,1702050531767,1232,0.54937
ADAUSDT,BUY,LIMIT,1702050537770,63911,0.55151
ADAUSDT,BUY,LIMIT,1702050544622,195,0.54974
ADAUSDT,BUY,LIMIT,1702050545844,95,0.54978
ADAUSDT,BUY,LIMIT,1702050553296,942,0.54990
ADAUSDT,BUY,LIMIT,1702050554597,182,0.54999
ADAUSDT,BUY,LIMIT,1702050556218,141,0.55018
ADAUSDT,BUY,LIMIT,1702050557469,21,0.55027
ADAUSDT,BUY,LIMIT,1702050560402,53,0.55038
ADAUSDT,BUY,LIMIT,1702050723341,1038,0.55037
ADAUSDT,BUY,LIMIT,1702050725084,57,0.55057
ADAUSDT,BUY,LIMIT,1702050726153,22,0.55088
ADAUSDT,BUY,LIMIT,1702050727156,3205,0.55124
ADAUSDT,BUY,LIMIT,1702050728220,73,0.55131
ADAUSDT,BUY,LIMIT,1702050730199,6109,0.55135
ADAUSDT,BUY,LIMIT,1702050731447,2241,0.55142
ADAUSDT,BUY,LIMIT,1702051174076,17,0.55162
ADAUSDT,BUY,LIMIT,1702051175158,784,0.55156
ADAUSDT,BUY,LIMIT,1702051176205,316,0.55169
ADAUSDT,BUY,LIMIT,1702051191239,4173,0.55210
ADAUSDT,BUY,LIMIT,1702051193657,76,0.55208
ADAUSDT,BUY,LIMIT,1702051195122,5912,0.55225
ADAUSDT,BUY,LIMIT,1702051196169,137,0.55217
ADAUSDT,BUY,LIMIT,1702051217237,7556,0.55265
ADAUSDT,BUY,LIMIT,1702051218421,8112,0.55280
ADAUSDT,BUY,LIMIT,1702051219537,2304,0.55282
ADAUSDT,BUY,LIMIT,1702051221127,10900,0.55323
ADAUSDT,BUY,LIMIT,1702051223610,32,0.55305
ADAUSDT,BUY,LIMIT,1702051226382,6721,0.55323
ADAUSDT,BUY,LIMIT,1702051227395,33354,0.55495
ADAUSDT,BUY,LIMIT,1702051228416,18810,0.55418
ADAUSDT,BUY,LIMIT,1702051229701,3165,0.55402
ADAUSDT,BUY,LIMIT,1702051231695,56,0.55425
ADAUSDT,BUY,LIMIT,1702051240112,4991,0.55441
ADAUSDT,BUY,LIMIT,1702051241296,90,0.55433
ADAUSDT,BUY,LIMIT,1702051242603,56,0.55453
ADAUSDT,BUY,LIMIT,1702051244637,3743,0.55464
ADAUSDT,BUY,LIMIT,1702051253414,12970,0.55483
ADAUSDT,BUY,LIMIT,1702051254448,435,0.55496
ADAUSDT,BUY,LIMIT,1702051255518,30,0.55497
ADAUSDT,BUY,LIMIT,1702051256663,9225,0.55517
ADAUSDT,BUY,LIMIT,1702051257927,5865,0.55551
ADAUSDT,BUY,LIMIT,1702051258957,88314,0.55802
ADAUSDT,BUY,LIMIT,1702051260176,39,0.55595
ADAUSDT,BUY,LIMIT,1702051261197,371,0.55625
ADAUSDT,BUY,LIMIT,1702051265084,916,0.55652
ADAUSDT,BUY,LIMIT,1702051266134,3836,0.55646
ADAUSDT,BUY,LIMIT,1702051267147,604,0.55667
ADAUSDT,BUY,LIMIT,1702051268369,3928,0.55665
ADAUSDT,BUY,LIMIT,1702051269455,17,0.55683
ADAUSDT,BUY,LIMIT,1702051270466,694,0.55737
ADAUSDT,BUY,LIMIT,1702051271482,167,0.55723
ADAUSDT,BUY,LIMIT,1702051338293,2760,0.55697
ADAUSDT,BUY,LIMIT,1702051349120,3984,0.55732
ADAUSDT,BUY,LIMIT,1702051352173,375,0.55757
ADAUSDT,BUY,LIMIT,1702051353183,253,0.55808
ADAUSDT,BUY,LIMIT,1702051354509,257,0.55887
ADAUSDT,BUY,LIMIT,1702051355543,443,0.55951
ADAUSDT,BUY,LIMIT,1702051358068,251,0.55965
ADAUSDT,BUY,LIMIT,1702051359147,145,0.55976
ADAUSDT,BUY,LIMIT,1702051361273,187,0.56015
ADAUSDT,BUY,LIMIT,1702051362351,7982,0.56050
ADAUSDT,BUY,LIMIT,1702051363383,3348,0.56032
ADAUSDT,BUY,LIMIT,1702051364809,3537,0.56061
ADAUSDT,BUY,LIMIT,1702051371057,4971,0.56072
ADAUSDT,BUY,LIMIT,1702051372207,7696,0.56078
ADAUSDT,BUY,LIMIT,1702051373550,600,0.56102
ADAUSDT,BUY,LIMIT,1702051375145,159,0.56125
ADAUSDT,BUY,LIMIT,1702051376216,2249,0.56122
ADAUSDT,BUY,LIMIT,1702051377772,1030,0.56137
ADAUSDT,BUY,LIMIT,1702051378783,564,0.56163
ADAUSDT,BUY,LIMIT,1702051379804,312,0.56195
ADAUSDT,BUY,LIMIT,1702051382050,152,0.56202
ADAUSDT,BUY,LIMIT,1702051383101,56,0.56207
ADAUSDT,BUY,LIMIT,1702051384142,307,0.56214
ADAUSDT,BUY,LIMIT,1702051385152,15360,0.56295
ADAUSDT,BUY,LIMIT,1702051386157,1780,0.56245
ADAUSDT,BUY,LIMIT,1702051387208,143,0.56327
ADAUSDT,BUY,LIMIT,1702051388293,6362,0.56393
ADAUSDT,BUY,LIMIT,1702051389558,2191,0.56403
ADAUSDT,BUY,LIMIT,1702051390574,1079,0.56469
ADAUSDT,BUY,LIMIT,1702051392096,600,0.56471
ADAUSDT,BUY,LIMIT,1702051393158,9319,0.56497
ADAUSDT,BUY,LIMIT,1702051394198,3184,0.56519
ADAUSDT,BUY,LIMIT,1702051406183,5778,0.56553
ADAUSDT,BUY,LIMIT,1702051407555,421,0.56558
ADAUSDT,BUY,LIMIT,1702051479802,155,0.56578
ADAUSDT,BUY,LIMIT,1702051480855,4115,0.56597
ADAUSDT,BUY,LIMIT,1702051482218,8558,0.56634
ADAUSDT,BUY,LIMIT,1702051483222,83,0.56675
ADAUSDT,BUY,LIMIT,1702051484264,1093,0.56690
ADAUSDT,BUY,LIMIT,1702051485299,73,0.56744
ADAUSDT,BUY,LIMIT,1702051486301,231,0.56808
ADAUSDT,BUY,LIMIT,1702051487394,1795,0.56780
ADAUSDT,BUY,LIMIT,1702051488409,7264,0.56834
ADAUSDT,BUY,LIMIT,1702051489510,371,0.56823
ADAUSDT,BUY,LIMIT,1702051501153,125,0.56840
ADAUSDT,BUY,LIMIT,1702051502335,2249,0.56896
ADAUSDT,BUY,LIMIT,1702051503372,1246,0.56897
ADAUSDT,BUY,LIMIT,1702051504432,627,0.56917
ADAUSDT,BUY,LIMIT,1702051506053,25757,0.57087
ADAUSDT,BUY,LIMIT,1702051507073,2625,0.57012
ADAUSDT,BUY,LIMIT,1702051508095,10000,0.57030
ADAUSDT,BUY,LIMIT,1702051509226,1432,0.57062
ADAUSDT,BUY,LIMIT,1702051511196,1074,0.57088
ADAUSDT,BUY,LIMIT,1702051512272,1,0.57146
ADAUSDT,BUY,LIMIT,1702051513310,3224,0.57156
ADAUSDT,BUY,LIMIT,1702051514323,367,0.57184
ADAUSDT,BUY,LIMIT,1702051515550,1612,0.57225
ADAUSDT,SELL,LIMIT,1702051531170,1755,0.56156
ADAUSDT,SELL,LIMIT,1702051547239,530,0.56095
ADAUSDT,SELL,LIMIT,1702051548328,6600,0.56065
ADAUSDT,SELL,LIMIT,1702051557210,346,0.56029
ADAUSDT,BUY,LIMIT,1702051567883,220,0.57006
ADAUSDT,BUY,LIMIT,1702051568947,657,0.57082
ADAUSDT,BUY,LIMIT,1702051574703,108,0.57233
ADAUSDT,BUY,LIMIT,1702051577911,663,0.57277
ADAUSDT,BUY,LIMIT,1702051584076,49,0.57314
ADAUSDT,BUY,LIMIT,1702051585140,3679,0.57315
ADAUSDT,BUY,LIMIT,1702051588498,1047,0.57342
ADAUSDT,BUY,LIMIT,1702051592149,1417,0.57341
ADAUSDT,BUY,LIMIT,1702051595507,5274,0.57379
ADAUSDT,BUY,LIMIT,1702051598270,5906,0.57392
ADAUSDT,BUY,LIMIT,1702051670155,68,0.57153
ADAUSDT,SELL,LIMIT,1702051696182,2564,0.56342
ADAUSDT,SELL,LIMIT,1702051697783,6571,0.56308
ADAUSDT,SELL,LIMIT,1702051703458,326,0.56265
ADAUSDT,SELL,LIMIT,1702051706670,4047,0.56250
ADAUSDT,SELL,LIMIT,1702051707686,77,0.56192
ADAUSDT,SELL,LIMIT,1702051709336,598,0.56169
ADAUSDT,SELL,LIMIT,1702051710463,71,0.56142
ADAUSDT,SELL,LIMIT,1702051711579,39,0.56115
ADAUSDT,SELL,LIMIT,1702051712636,347,0.56072
ADAUSDT,SELL,LIMIT,1702051791349,304,0.56101
ADAUSDT,SELL,LIMIT,1702051794675,371,0.56071
ADAUSDT,SELL,LIMIT,1702051797283,4490,0.56063
ADAUSDT,SELL,LIMIT,1702051808994,2197,0.56015
ADAUSDT,SELL,LIMIT,1702051823282,3438,0.55961
ADAUSDT,SELL,LIMIT,1702051824295,404,0.55962
ADAUSDT,SELL,LIMIT,1702051843114,8655,0.55894
ADAUSDT,SELL,LIMIT,1702051844494,862,0.55883
ADAUSDT,SELL,LIMIT,1702051846168,357,0.55825
ADAUSDT,SELL,LIMIT,1702051847475,189,0.55799
ADAUSDT,SELL,LIMIT,1702051850571,9,0.55734
ADAUSDT,SELL,LIMIT,1702051867736,346,0.55727
ADAUSDT,SELL,LIMIT,1702051868876,449,0.55705
ADAUSDT,BUY,LIMIT,1702051951282,284,0.56718
ADAUSDT,BUY,LIMIT,1702051998621,40,0.56769
ADAUSDT,BUY,LIMIT,1702051999936,1101,0.56781
ADAUSDT,BUY,LIMIT,1702052006060,847,0.56803
ADAUSDT,BUY,LIMIT,1702052012107,5031,0.56851
ADAUSDT,BUY,LIMIT,1702052014252,217,0.56915
ADAUSDT,BUY,LIMIT,1702052015287,755,0.56935
ADAUSDT,BUY,LIMIT,1702052021439,1894,0.57047
ADAUSDT,BUY,LIMIT,1702052044613,577,0.56942
ADAUSDT,BUY,LIMIT,1702052121096,2100,0.57093
ADAUSDT,BUY,LIMIT,1702052122380,3360,0.57106
ADAUSDT,BUY,LIMIT,1702052126923,54,0.57133
ADAUSDT,BUY,LIMIT,1702052129767,60,0.57169
ADAUSDT,BUY,LIMIT,1702052161448,100,0.57073
ADAUSDT,SELL,LIMIT,1702052257137,272,0.56095
ADAUSDT,SELL,LIMIT,1702052258254,8078,0.56090
ADAUSDT,SELL,LIMIT,1702052280306,8802,0.56044
ADAUSDT,SELL,LIMIT,1702052281449,8790,0.56027
ADAUSDT,SELL,LIMIT,1702052283080,136,0.55992
ADAUSDT,SELL,LIMIT,1702052284135,470,0.56004
ADAUSDT,SELL,LIMIT,1702052290055,45,0.55951
ADAUSDT,SELL,LIMIT,1702052388064,1366,0.55907
ADAUSDT,SELL,LIMIT,1702052389280,42,0.55893
ADAUSDT,SELL,LIMIT,1702052391076,41,0.55841
ADAUSDT,SELL,LIMIT,1702052393163,1172,0.55833
ADAUSDT,BUY,LIMIT,1702052530226,160,0.56351
ADAUSDT,SELL,LIMIT,1702052548106,8831,0.55671
ADAUSDT,SELL,LIMIT,1702052549229,1871,0.55695
ADAUSDT,SELL,LIMIT,1702052550784,4589,0.55671
ADAUSDT,SELL,LIMIT,1702052552173,531,0.55667
ADAUSDT,BUY,LIMIT,1702052586627,766,0.56364
ADAUSDT,BUY,LIMIT,1702052588660,55,0.56420
ADAUSDT,SELL,LIMIT,1702052714406,243,0.55667
ADAUSDT,SELL,LIMIT,1702052716784,3813,0.55656
ADAUSDT,SELL,LIMIT,1702052718118,718,0.55607
ADAUSDT,SELL,LIMIT,1702052719252,6637,0.55612
ADAUSDT,SELL,LIMIT,1702052725389,219,0.55559
ADAUSDT,SELL,LIMIT,1702052726994,345,0.55527
ADAUSDT,SELL,LIMIT,1702052728128,203,0.55484
ADAUSDT,SELL,LIMIT,1702052729149,19,0.55454
ADAUSDT,SELL,LIMIT,1702052730248,1226,0.55407
ADAUSDT,SELL,LIMIT,1702052731249,439,0.55366
ADAUSDT,BUY,LIMIT,1702052829669,55,0.56066
ADAUSDT,SELL,LIMIT,1702053001711,245,0.55357
ADAUSDT,SELL,LIMIT,1702053004754,126,0.55349
ADAUSDT,BUY,LIMIT,1702053279402,4943,0.56364
ADAUSDT,BUY,LIMIT,1702053300093,275,0.56459
ADAUSDT,BUY,LIMIT,1702053304417,5736,0.56445
ADAUSDT,BUY,LIMIT,1702053306291,8975,0.56465
ADAUSDT,BUY,LIMIT,1702053511063,35,0.56492
ADAUSDT,BUY,LIMIT,1702053513421,510,0.56517
ADAUSDT,BUY,LIMIT,1702053674166,500,0.56569
ADAUSDT,BUY,LIMIT,1702053928981,1342,0.56632
ADAUSDT,BUY,LIMIT,1702053944803,682,0.56670
ADAUSDT,BUY,LIMIT,1702053947679,8936,0.56684
ADAUSDT,BUY,LIMIT,1702053953154,8938,0.56687
ADAUSDT,BUY,LIMIT,1702053980808,2117,0.56734
ADAUSDT,BUY,LIMIT,1702053982661,741,0.56760
ADAUSDT,SELL,LIMIT,1702054157529,20,0.55697
ADAUSDT,SELL,LIMIT,1702054161353,32,0.55685
ADAUSDT,SELL,LIMIT,1702054174087,34,0.55615
ADAUSDT,SELL,LIMIT,1702054179038,1084,0.55564
ADAUSDT,SELL,LIMIT,1702054183585,6548,0.55515
ADAUSDT,SELL,LIMIT,1702054199544,112,0.55428
ADAUSDT,SELL,LIMIT,1702054284869,79,0.55413
ADAUSDT,SELL,LIMIT,1702054308087,414,0.55405
ADAUSDT,SELL,LIMIT,1702054553272,320,0.55378
ADAUSDT,SELL,LIMIT,1702054554481,21,0.55391
ADAUSDT,SELL,LIMIT,1702054555713,225,0.55336
ADAUSDT,SELL,LIMIT,1702054557767,7910,0.55294
ADAUSDT,SELL,LIMIT,1702054576743,691,0.55266
ADAUSDT,SELL,LIMIT,1702054577838,258,0.55245
ADAUSDT,SELL,LIMIT,1702054579636,507,0.55211
ADAUSDT,SELL,LIMIT,1702054580773,676,0.55178
ADAUSDT,SELL,LIMIT,1702054582070,61,0.55120
ADAUSDT,SELL,LIMIT,1702054583474,355,0.55128
ADAUSDT,SELL,LIMIT,1702054585349,77,0.55096
ADAUSDT,SELL,LIMIT,1702054586352,582,0.55085
ADAUSDT,SELL,LIMIT,1702054587665,164,0.55077
ADAUSDT,SELL,LIMIT,1702054588827,4510,0.55052
ADAUSDT,SELL,LIMIT,1702054615378,1878,0.55035
ADAUSDT,SELL,LIMIT,1702054616711,708,0.55028
ADAUSDT,SELL,LIMIT,1702054617770,8970,0.55009
ADAUSDT,SELL,LIMIT,1702054619128,3654,0.54996
ADAUSDT,SELL,LIMIT,1702054959096,142,0.55446
ADAUSDT,SELL,LIMIT,1702054983303,2842,0.55193
ADAUSDT,SELL,LIMIT,1702055023171,259765,0.54366
ADAUSDT,SELL,LIMIT,1702055024464,405,0.54970
ADAUSDT,SELL,LIMIT,1702055025706,10,0.54953
ADAUSDT,SELL,LIMIT,1702055232250,356,0.54940
ADAUSDT,SELL,LIMIT,1702055233386,3372,0.54943
ADAUSDT,SELL,LIMIT,1702055234430,785,0.54876
ADAUSDT,SELL,LIMIT,1702055235434,6381,0.54742
ADAUSDT,SELL,LIMIT,1702055236722,32703,0.54597
ADAUSDT,SELL,LIMIT,1702055237786,3030,0.54731
ADAUSDT,SELL,LIMIT,1702055238824,438,0.54649
ADAUSDT,SELL,LIMIT,1702055240071,52,0.54595
ADAUSDT,SELL,LIMIT,1702055241175,121,0.54616
ADAUSDT,SELL,LIMIT,1702055269178,2845,0.55827
ADAUSDT,SELL,LIMIT,1702055284809,18,0.54578
ADAUSDT,SELL,LIMIT,1702055286113,3953,0.54555
ADAUSDT,SELL,LIMIT,1702055287177,18,0.54539
ADAUSDT,SELL,LIMIT,1702055288310,3879,0.54521
ADAUSDT,SELL,LIMIT,1702055289547,35422,0.54313
ADAUSDT,SELL,LIMIT,1702055290909,2515,0.54417
ADAUSDT,SELL,LIMIT,1702055296093,277,0.54385
ADAUSDT,SELL,LIMIT,1702055297175,1662,0.54289
ADAUSDT,SELL,LIMIT,1702055298371,2583,0.54224
ADAUSDT,SELL,LIMIT,1702055301136,8876,0.54216
ADAUSDT,SELL,LIMIT,1702055302280,4763,0.54171
ADAUSDT,SELL,LIMIT,1702055303500,1805,0.54177
ADAUSDT,SELL,LIMIT,1702055396882,255,0.54280
ADAUSDT,SELL,LIMIT,1702055501496,327,0.54163
ADAUSDT,SELL,LIMIT,1702055503562,9,0.54161
ADAUSDT,SELL,LIMIT,1702055504618,945,0.54146
ADAUSDT,SELL,LIMIT,1702055505655,940,0.54104
ADAUSDT,BUY,LIMIT,1702055607211,6748,0.54833
ADAUSDT,SELL,LIMIT,1702055724802,379,0.54078
ADAUSDT,SELL,LIMIT,1702055726853,5653,0.54076
ADAUSDT,SELL,LIMIT,1702055729887,5727,0.54068
ADAUSDT,SELL,LIMIT,1702055732122,2536,0.54061
ADAUSDT,SELL,LIMIT,1702055733467,327,0.54051
ADAUSDT,SELL,LIMIT,1702055734644,274,0.54047
ADAUSDT,SELL,LIMIT,1702055735800,3872,0.54039
ADAUSDT,SELL,LIMIT,1702055736815,236,0.53986
ADAUSDT,SELL,LIMIT,1702055737873,2328,0.53921
ADAUSDT,SELL,LIMIT,1702055739307,262,0.53900
ADAUSDT,SELL,LIMIT,1702055748410,124,0.53920
ADAUSDT,SELL,LIMIT,1702056012689,407,0.54018
ADAUSDT,SELL,LIMIT,1702056022294,294,0.53932
ADAUSDT,SELL,LIMIT,1702056049104,382,0.53877
ADAUSDT,SELL,LIMIT,1702056052711,29,0.53857
ADAUSDT,SELL,LIMIT,1702056055618,720,0.53846
ADAUSDT,SELL,LIMIT,1702056057075,853,0.53832
ADAUSDT,SELL,LIMIT,1702056058863,491,0.53823
ADAUSDT,SELL,LIMIT,1702056160067,706,0.53792
ADAUSDT,SELL,LIMIT,1702056162657,9174,0.53786
ADAUSDT,SELL,LIMIT,1702056180321,249,0.53753
ADAUSDT,SELL,LIMIT,1702056181389,1818,0.53751
ADAUSDT,SELL,LIMIT,1702056182434,428,0.53634
ADAUSDT,SELL,LIMIT,1702056183466,352,0.53687
ADAUSDT,SELL,LIMIT,1702056276463,7144,0.53591
ADAUSDT,SELL,LIMIT,1702056278083,662,0.53588
ADAUSDT,SELL,LIMIT,1702056279258,3466,0.53553
ADAUSDT,SELL,LIMIT,1702056280655,91051,0.53322
ADAUSDT,SELL,LIMIT,1702056282049,174,0.53510
ADAUSDT,SELL,LIMIT,1702056283283,12125,0.53472
ADAUSDT,SELL,LIMIT,1702056284318,37,0.53477
ADAUSDT,SELL,LIMIT,1702056434191,1582,0.53458
ADAUSDT,SELL,LIMIT,1702056435214,308,0.53457
ADAUSDT,SELL,LIMIT,1702056436556,7667,0.53419
ADAUSDT,SELL,LIMIT,1702056464477,3133,0.53386
ADAUSDT,BUY,LIMIT,1702056977283,8063,0.54367
ADAUSDT,BUY,LIMIT,1702056998543,6231,0.54378
ADAUSDT,SELL,LIMIT,1702057180427,223,0.53617
ADAUSDT,SELL,LIMIT,1702057199163,990,0.53423
ADAUSDT,SELL,LIMIT,1702057201419,147,0.53400
ADAUSDT,SELL,LIMIT,1702057228488,9242,0.53391
ADAUSDT,SELL,LIMIT,1702057229550,35,0.53379
ADAUSDT,SELL,LIMIT,1702057230572,533,0.53367
ADAUSDT,SELL,LIMIT,1702057232983,696,0.53352
ADAUSDT,SELL,LIMIT,1702057235805,371,0.53335
ADAUSDT,SELL,LIMIT,1702057237463,36,0.53311
ADAUSDT,SELL,LIMIT,1702057250141,10,0.53280
ADAUSDT,SELL,LIMIT,1702057254322,10774,0.53247
ADAUSDT,SELL,LIMIT,1702057255420,854,0.53251
ADAUSDT,SELL,LIMIT,1702057256444,208,0.53245
ADAUSDT,SELL,LIMIT,1702057257467,4925,0.53199
ADAUSDT,SELL,LIMIT,1702057258990,14,0.53173
ADAUSDT,BUY,LIMIT,1702057390322,46,0.53934
ADAUSDT,BUY,LIMIT,1702057500157,1323,0.54202
ADAUSDT,BUY,LIMIT,1702057508246,100,0.54256
ADAUSDT,BUY,LIMIT,1702057625100,332,0.54324
ADAUSDT,BUY,LIMIT,1702057627802,745,0.54311
ADAUSDT,BUY,LIMIT,1702057670267,494,0.54332
ADAUSDT,BUY,LIMIT,1702057671313,5132,0.54337
ADAUSDT,BUY,LIMIT,1702058647137,90,0.54366
ADAUSDT,BUY,LIMIT,1702058658310,132,0.54416
ADAUSDT,BUY,LIMIT,1702058697088,15,0.54430
ADAUSDT,BUY,LIMIT,1702058699081,143,0.54439
ADAUSDT,BUY,LIMIT,1702058701304,5002,0.54492
ADAUSDT,BUY,LIMIT,1702058702365,2563,0.54502
ADAUSDT,BUY,LIMIT,1702058736848,68,0.54536
ADAUSDT,BUY,LIMIT,1702058739221,9290,0.54555
ADAUSDT,SELL,LIMIT,1702058819793,2308,0.53917
ADAUSDT,SELL,LIMIT,1702058989140,186,0.53809
ADAUSDT,SELL,LIMIT,1702059627948,4858,0.53518
ADAUSDT,SELL,LIMIT,1702059986228,5176,0.53440
ADAUSDT,SELL,LIMIT,1702059987241,8973,0.53338
ADAUSDT,SELL,LIMIT,1702059988379,842,0.53409
ADAUSDT,SELL,LIMIT,1702059989593,57,0.53311
ADAUSDT,SELL,LIMIT,1702060829429,88,0.53282
ADAUSDT,SELL,LIMIT,1702060831171,9266,0.53229
ADAUSDT,SELL,LIMIT,1702060832204,648,0.53193
ADAUSDT,SELL,LIMIT,1702060833351,1254,0.53193
ADAUSDT,SELL,LIMIT,1702060834472,1607,0.53169
ADAUSDT,SELL,LIMIT,1702060836458,4141,0.53164
ADAUSDT,SELL,LIMIT,1702060838339,527,0.53148
ADAUSDT,SELL,LIMIT,1702060839686,200,0.53137
ADAUSDT,SELL,LIMIT,1702060840689,5080,0.53048
ADAUSDT,SELL,LIMIT,1702061713112,1219,0.53199
ADAUSDT,SELL,LIMIT,1702062070234,966,0.55948
ADAUSDT,SELL,LIMIT,1702063733290,55,0.53020
ADAUSDT,SELL,LIMIT,1702063768222,698,0.53024
ADAUSDT,BUY,LIMIT,1702063887062,24,0.53687
ADAUSDT,SELL,LIMIT,1702065110389,6918,0.52998
ADAUSDT,SELL,LIMIT,1702065111410,369,0.53006
ADAUSDT,SELL,LIMIT,1702065113044,37,0.52995
ADAUSDT,SELL,LIMIT,1702065114349,1644,0.52985
ADAUSDT,BUY,LIMIT,1702065296136,26,0.53727
ADAUSDT,SELL,LIMIT,1702065529050,180,0.53042
ADAUSDT,SELL,LIMIT,1702065553995,524,0.53054
ADAUSDT,BUY,LIMIT,1702065786406,3430,0.54034
ADAUSDT,BUY,LIMIT,1702065788706,1260,0.54038
ADAUSDT,BUY,LIMIT,1702065828292,140,0.54051
ADAUSDT,BUY,LIMIT,1702065844138,8293,0.54069
ADAUSDT,SELL,LIMIT,1702065861344,137,0.53452
ADAUSDT,BUY,LIMIT,1702065942715,370,0.54069
ADAUSDT,BUY,LIMIT,1702065972269,12,0.54115
ADAUSDT,BUY,LIMIT,1702065983592,85,0.54131
ADAUSDT,BUY,LIMIT,1702066091781,493,0.54133
ADAUSDT,BUY,LIMIT,1702066541659,1025,0.54145
ADAUSDT,BUY,LIMIT,1702066550238,15,0.54149
ADAUSDT,BUY,LIMIT,1702066551284,4948,0.54159
ADAUSDT,BUY,LIMIT,1702066554342,9158,0.54176
ADAUSDT,BUY,LIMIT,1702066555582,36,0.54173
ADAUSDT,BUY,LIMIT,1702067006109,1309,0.54206
ADAUSDT,BUY,LIMIT,1702067024534,4263,0.54226
ADAUSDT,BUY,LIMIT,1702067031115,88,0.54245
ADAUSDT,BUY,LIMIT,1702067033069,1399,0.54253
ADAUSDT,BUY,LIMIT,1702067034438,269,0.54303
ADAUSDT,BUY,LIMIT,1702067133426,2912,0.54337
ADAUSDT,BUY,LIMIT,1702067447591,18495,0.54379
ADAUSDT,BUY,LIMIT,1702067601703,31,0.54336
ADAUSDT,BUY,LIMIT,1702067619297,2965,0.54359
ADAUSDT,BUY,LIMIT,1702067623049,13,0.54389
ADAUSDT,BUY,LIMIT,1702067661303,1934,0.54423
ADAUSDT,BUY,LIMIT,1702067725380,53,0.54459
ADAUSDT,BUY,LIMIT,1702067731350,3439,0.54469
ADAUSDT,BUY,LIMIT,1702067732854,601,0.54485
ADAUSDT,BUY,LIMIT,1702067740550,2405,0.54471
ADAUSDT,SELL,LIMIT,1702067749826,456,0.53993
ADAUSDT,BUY,LIMIT,1702067806416,1664,0.54511
ADAUSDT,BUY,LIMIT,1702067809333,5369,0.54522
ADAUSDT,BUY,LIMIT,1702067813497,2269,0.54530
ADAUSDT,BUY,LIMIT,1702067820219,62,0.54553
ADAUSDT,BUY,LIMIT,1702067823421,1801,0.54567
ADAUSDT,BUY,LIMIT,1702067825362,64,0.54581
ADAUSDT,BUY,LIMIT,1702067999550,272,0.54606
ADAUSDT,BUY,LIMIT,1702068027807,89,0.54620
ADAUSDT,BUY,LIMIT,1702068105780,1763,0.54645
ADAUSDT,BUY,LIMIT,1702068166163,112,0.54631
ADAUSDT,BUY,LIMIT,1702068201225,5634,0.54611
ADAUSDT,BUY,LIMIT,1702068251788,7039,0.54661
ADAUSDT,BUY,LIMIT,1702068253019,130,0.54668
ADAUSDT,BUY,LIMIT,1702068255528,10,0.54675
ADAUSDT,BUY,LIMIT,1702068277076,10,0.54687
ADAUSDT,BUY,LIMIT,1702068280178,32,0.54691
ADAUSDT,BUY,LIMIT,1702068283114,3182,0.54719
ADAUSDT,BUY,LIMIT,1702068284761,43779,0.54890
ADAUSDT,BUY,LIMIT,1702068377037,18,0.54728
ADAUSDT,BUY,LIMIT,1702068537174,265,0.54762
ADAUSDT,BUY,LIMIT,1702068541453,110,0.54785
ADAUSDT,BUY,LIMIT,1702068545290,251,0.54817
ADAUSDT,BUY,LIMIT,1702068555277,27,0.54842
ADAUSDT,BUY,LIMIT,1702068556592,4643,0.54826
ADAUSDT,BUY,LIMIT,1702068568452,73,0.54879
ADAUSDT,BUY,LIMIT,1702068576858,20,0.54915
ADAUSDT,BUY,LIMIT,1702068578422,11823,0.54888
ADAUSDT,BUY,LIMIT,1702068584153,186,0.54928
ADAUSDT,BUY,LIMIT,1702068591895,774,0.54946
ADAUSDT,BUY,LIMIT,1702068594133,2708,0.54993
ADAUSDT,BUY,LIMIT,1702068595232,1697,0.54989
ADAUSDT,BUY,LIMIT,1702068613784,372,0.54943
ADAUSDT,BUY,LIMIT,1702068619643,533,0.54960
ADAUSDT,BUY,LIMIT,1702068632982,46,0.54986
ADAUSDT,BUY,LIMIT,1702068667259,3000,0.55005
ADAUSDT,BUY,LIMIT,1702068670515,9074,0.55008
ADAUSDT,BUY,LIMIT,1702068715183,41,0.54973
ADAUSDT,BUY,LIMIT,1702068821077,1010,0.55024
ADAUSDT,BUY,LIMIT,1702068823060,1744,0.55065
ADAUSDT,BUY,LIMIT,1702068858243,27,0.55106
ADAUSDT,BUY,LIMIT,1702068862399,95,0.55120
ADAUSDT,BUY,LIMIT,1702068863456,308,0.55121
ADAUSDT,BUY,LIMIT,1702068898320,732,0.55142
ADAUSDT,BUY,LIMIT,1702068995874,50,0.55046
ADAUSDT,BUY,LIMIT,1702069046630,1507,0.55018
ADAUSDT,BUY,LIMIT,1702069048992,100,0.55036
ADAUSDT,BUY,LIMIT,1702069078918,105,0.55080
ADAUSDT,BUY,LIMIT,1702069199449,173,0.55163
ADAUSDT,SELL,LIMIT,1702069533800,32,0.54151
ADAUSDT,SELL,LIMIT,1702069536058,75,0.54127
ADAUSDT,SELL,LIMIT,1702069577317,62,0.54075
ADAUSDT,SELL,LIMIT,1702069578728,3039,0.54073
ADAUSDT,SELL,LIMIT,1702069699811,21,0.54055
ADAUSDT,SELL,LIMIT,1702069720098,733,0.54025
ADAUSDT,SELL,LIMIT,1702069723285,4563,0.53994
ADAUSDT,SELL,LIMIT,1702070287810,1538,0.53983
ADAUSDT,SELL,LIMIT,1702070310827,806,0.53951
ADAUSDT,SELL,LIMIT,1702070319313,7154,0.53940
ADAUSDT,SELL,LIMIT,1702070324237,162,0.53904
ADAUSDT,SELL,LIMIT,1702070512831,360,0.53851
ADAUSDT,BUY,LIMIT,1702070630003,1200,0.54691
ADAUSDT,BUY,LIMIT,1702070653450,275,0.54643
ADAUSDT,BUY,LIMIT,1702070667062,9551,0.54767
ADAUSDT,BUY,LIMIT,1702070677001,525,0.54781
ADAUSDT,BUY,LIMIT,1702070735327,78,0.54722
ADAUSDT,BUY,LIMIT,1702070772860,19116,0.54738
ADAUSDT,BUY,LIMIT,1702071531356,2783,0.54858
ADAUSDT,BUY,LIMIT,1702071537806,1973,0.54867
ADAUSDT,SELL,LIMIT,1702071871358,2388,0.54069
ADAUSDT,BUY,LIMIT,1702071974200,9218,0.54936
ADAUSDT,BUY,LIMIT,1702072520321,1133,0.55006
ADAUSDT,BUY,LIMIT,1702072540505,2487,0.55046
ADAUSDT,BUY,LIMIT,1702072545886,173,0.55074
ADAUSDT,BUY,LIMIT,1702072547759,206,0.55086
ADAUSDT,BUY,LIMIT,1702072671666,541,0.55013
ADAUSDT,BUY,LIMIT,1702072811261,29383,0.55160
ADAUSDT,BUY,LIMIT,1702072953331,4433,0.55008
ADAUSDT,BUY,LIMIT,1702074054254,510,0.55216
ADAUSDT,BUY,LIMIT,1702074056189,51,0.55219
ADAUSDT,BUY,LIMIT,1702074063324,2034,0.55230
ADAUSDT,BUY,LIMIT,1702074090890,81,0.55243
ADAUSDT,BUY,LIMIT,1702074118212,960,0.55271
ADAUSDT,BUY,LIMIT,1702074175461,14317,0.55312
ADAUSDT,BUY,LIMIT,1702074266115,791,0.55315
ADAUSDT,BUY,LIMIT,1702074270780,325,0.55330
ADAUSDT,BUY,LIMIT,1702074285557,477,0.55361
ADAUSDT,BUY,LIMIT,1702074289418,1451,0.55380
ADAUSDT,BUY,LIMIT,1702074291092,2959,0.55397
ADAUSDT,BUY,LIMIT,1702074293800,11,0.55405
ADAUSDT,BUY,LIMIT,1702074295374,126,0.55421
ADAUSDT,BUY,LIMIT,1702074296873,4352,0.55429
ADAUSDT,BUY,LIMIT,1702074333264,453,0.55458
ADAUSDT,BUY,LIMIT,1702074339127,529,0.55466
ADAUSDT,SELL,LIMIT,1702074399610,6782,0.54464
ADAUSDT,SELL,LIMIT,1702074403977,2711,0.54399
ADAUSDT,SELL,LIMIT,1702074405202,396,0.54380
ADAUSDT,SELL,LIMIT,1702074412551,9082,0.54329
ADAUSDT,SELL,LIMIT,1702074516303,3363,0.54310
ADAUSDT,SELL,LIMIT,1702074604117,1784,0.54280
ADAUSDT,SELL,LIMIT,1702074605308,2118,0.54258
ADAUSDT,BUY,LIMIT,1702074871430,545,0.55284
ADAUSDT,BUY,LIMIT,1702074921879,9155,0.55300
ADAUSDT,BUY,LIMIT,1702074930712,8113,0.55337
ADAUSDT,BUY,LIMIT,1702074932853,224,0.55395
ADAUSDT,BUY,LIMIT,1702074934209,128,0.55442
ADAUSDT,BUY,LIMIT,1702074948997,5708,0.55489
ADAUSDT,BUY,LIMIT,1702074955043,37,0.55495
ADAUSDT,BUY,LIMIT,1702074957736,94,0.55504
ADAUSDT,BUY,LIMIT,1702074959358,58,0.55508
ADAUSDT,BUY,LIMIT,1702074960364,82,0.55514
ADAUSDT,SELL,LIMIT,1702075117360,794,0.54467
ADAUSDT,SELL,LIMIT,1702075134347,313,0.54435
ADAUSDT,SELL,LIMIT,1702075616118,794,0.54349
ADAUSDT,SELL,LIMIT,1702075629332,1550,0.54313
ADAUSDT,SELL,LIMIT,1702075631678,3175,0.54306
ADAUSDT,SELL,LIMIT,1702075963132,2256,0.54239
ADAUSDT,SELL,LIMIT,1702075980566,1601,0.54239
ADAUSDT,SELL,LIMIT,1702076283115,9125,0.54275
ADAUSDT,BUY,LIMIT,1702077155971,492,0.55229
ADAUSDT,BUY,LIMIT,1702077157293,2291,0.55250
ADAUSDT,BUY,LIMIT,1702077162432,518,0.55265
ADAUSDT,BUY,LIMIT,1702077225063,1165,0.55269
ADAUSDT,BUY,LIMIT,1702077424854,350,0.55300
ADAUSDT,BUY,LIMIT,1702077427021,232,0.55307
ADAUSDT,BUY,LIMIT,1702077616991,67,0.55372
ADAUSDT,BUY,LIMIT,1702077629401,32,0.55380
ADAUSDT,BUY,LIMIT,1702078030536,3074,0.55333
ADAUSDT,BUY,LIMIT,1702078165263,14560,0.55371
ADAUSDT,BUY,LIMIT,1702078182281,740,0.54958
ADAUSDT,BUY,LIMIT,1702078502987,55,0.55145
ADAUSDT,BUY,LIMIT,1702078504193,71,0.55144
ADAUSDT,BUY,LIMIT,1702078512603,9127,0.55138
ADAUSDT,BUY,LIMIT,1702078514101,7396,0.54031
ADAUSDT,BUY,LIMIT,1702078515431,165,0.55122
ADAUSDT,BUY,LIMIT,1702078598132,7599,0.55115
ADAUSDT,BUY,LIMIT,1702078609448,836,0.55143
ADAUSDT,BUY,LIMIT,1702078625042,3920,0.55143
ADAUSDT,BUY,LIMIT,1702078883453,11,0.53508
ADAUSDT,BUY,LIMIT,1702079069014,1416,0.55211
ADAUSDT,BUY,LIMIT,1702079187553,25,0.55024
ADAUSDT,BUY,LIMIT,1702079189297,55,0.55182
ADAUSDT,BUY,LIMIT,1702079208325,11274,0.55199
ADAUSDT,SELL,LIMIT,1702079511168,73,0.54446
ADAUSDT,SELL,LIMIT,1702079512277,11,0.54388
ADAUSDT,SELL,LIMIT,1702079555164,2040,0.54353
ADAUSDT,SELL,LIMIT,1702079611429,10,0.54327
ADAUSDT,SELL,LIMIT,1702079613820,4441,0.54316
ADAUSDT,SELL,LIMIT,1702079700166,26,0.54279
ADAUSDT,SELL,LIMIT,1702079711732,162,0.54278
ADAUSDT,SELL,LIMIT,1702079717166,1251,0.54274
ADAUSDT,SELL,LIMIT,1702080212354,186,0.54233
ADAUSDT,SELL,LIMIT,1702080230062,10,0.54225
ADAUSDT,BUY,LIMIT,1702080235703,378,0.54772
ADAUSDT,BUY,LIMIT,1702080259623,544,0.54779
ADAUSDT,BUY,LIMIT,1702080276822,229,0.54816
ADAUSDT,SELL,LIMIT,1702080284651,588,0.54214
ADAUSDT,SELL,LIMIT,1702080299842,134,0.54190
ADAUSDT,BUY,LIMIT,1702080390884,1653,0.55132
ADAUSDT,BUY,LIMIT,1702080420734,253,0.55161
ADAUSDT,BUY,LIMIT,1702080439152,64,0.55208
ADAUSDT,BUY,LIMIT,1702080452456,34,0.55271
ADAUSDT,BUY,LIMIT,1702080463536,266,0.55309
ADAUSDT,BUY,LIMIT,1702080483973,958,0.55411
ADAUSDT,BUY,LIMIT,1702080776211,1000,0.55194
ADAUSDT,BUY,LIMIT,1702080780427,55028,0.55363
ADAUSDT,BUY,LIMIT,1702080798701,1376,0.55234
ADAUSDT,BUY,LIMIT,1702081149047,214,0.55314
ADAUSDT,BUY,LIMIT,1702081183103,2620,0.55305
ADAUSDT,BUY,LIMIT,1702081279376,388,0.55245
ADAUSDT,SELL,LIMIT,1702081364752,393,0.54657
ADAUSDT,SELL,LIMIT,1702081505027,3995,0.54405
ADAUSDT,SELL,LIMIT,1702081506592,1044,0.54401
ADAUSDT,BUY,LIMIT,1702081623404,1128,0.54960
ADAUSDT,BUY,LIMIT,1702081635436,200,0.54967
ADAUSDT,BUY,LIMIT,1702081777178,2402,0.55076
ADAUSDT,BUY,LIMIT,1702081825947,10645,0.55183
ADAUSDT,BUY,LIMIT,1702081861528,1412,0.55258
ADAUSDT,BUY,LIMIT,1702081933344,2886,0.55427
ADAUSDT,BUY,LIMIT,1702081935567,13,0.55440
ADAUSDT,BUY,LIMIT,1702081939712,2160,0.55444
ADAUSDT,BUY,LIMIT,1702081955215,535,0.55518
ADAUSDT,BUY,LIMIT,1702081956251,966,0.55520
ADAUSDT,BUY,LIMIT,1702081961094,1026,0.55527
ADAUSDT,BUY,LIMIT,1702081965607,4104,0.55546
ADAUSDT,BUY,LIMIT,1702081969177,749,0.55559
ADAUSDT,BUY,LIMIT,1702081973889,335,0.55558
ADAUSDT,BUY,LIMIT,1702081974950,1267,0.55547
ADAUSDT,BUY,LIMIT,1702081978246,1357,0.55574
ADAUSDT,BUY,LIMIT,1702081979292,4600,0.55622
ADAUSDT,BUY,LIMIT,1702081980328,791,0.55581
ADAUSDT,BUY,LIMIT,1702081981389,606,0.55631
ADAUSDT,BUY,LIMIT,1702081983683,439,0.55662
ADAUSDT,BUY,LIMIT,1702082011959,1878,0.55665
ADAUSDT,BUY,LIMIT,1702082034299,441,0.55699
ADAUSDT,BUY,LIMIT,1702082037514,81,0.55725
ADAUSDT,BUY,LIMIT,1702082039431,834,0.55734
ADAUSDT,BUY,LIMIT,1702082040504,102,0.55759
ADAUSDT,BUY,LIMIT,1702082043045,4845,0.55780
ADAUSDT,BUY,LIMIT,1702082044911,338,0.55798
ADAUSDT,BUY,LIMIT,1702082047248,961,0.55877
ADAUSDT,BUY,LIMIT,1702082048398,90,0.55853
ADAUSDT,BUY,LIMIT,1702082071118,18845,0.55983
ADAUSDT,BUY,LIMIT,1702082073277,27777,0.56067
ADAUSDT,BUY,LIMIT,1702082074343,25,0.55968
ADAUSDT,BUY,LIMIT,1702082075693,62,0.55981
ADAUSDT,BUY,LIMIT,1702082077004,2397,0.56040
ADAUSDT,BUY,LIMIT,1702082080217,145,0.56046
ADAUSDT,BUY,LIMIT,1702082081243,136,0.56053
ADAUSDT,BUY,LIMIT,1702082085454,17628,0.56096
ADAUSDT,BUY,LIMIT,1702082090179,3537,0.56078
ADAUSDT,BUY,LIMIT,1702082103256,374,0.56104
ADAUSDT,BUY,LIMIT,1702082105322,137,0.56112
ADAUSDT,BUY,LIMIT,1702082236232,75,0.56124
ADAUSDT,BUY,LIMIT,1702082237808,10,0.56159
ADAUSDT,BUY,LIMIT,1702082238890,533,0.56176
ADAUSDT,BUY,LIMIT,1702082244453,2564,0.56201
ADAUSDT,BUY,LIMIT,1702082266783,591,0.56239
ADAUSDT,BUY,LIMIT,1702082268313,6874,0.56253
ADAUSDT,BUY,LIMIT,1702082292192,1339,0.56272
ADAUSDT,BUY,LIMIT,1702082294688,230,0.56303
ADAUSDT,BUY,LIMIT,1702082296791,251,0.56326
ADAUSDT,BUY,LIMIT,1702082300078,264,0.56383
ADAUSDT,BUY,LIMIT,1702082301081,1721,0.56398
ADAUSDT,BUY,LIMIT,1702082321816,2352,0.56362
ADAUSDT,BUY,LIMIT,1702082341814,21,0.56420
ADAUSDT,BUY,LIMIT,1702082406063,172,0.56474
ADAUSDT,BUY,LIMIT,1702082407079,11,0.56461
ADAUSDT,BUY,LIMIT,1702082454161,1207,0.56454
ADAUSDT,BUY,LIMIT,1702082463091,374,0.56503
ADAUSDT,BUY,LIMIT,1702082466471,8971,0.56512
ADAUSDT,BUY,LIMIT,1702082470176,59,0.56544
ADAUSDT,BUY,LIMIT,1702082471326,148,0.56545
ADAUSDT,BUY,LIMIT,1702082472767,64,0.56582
ADAUSDT,BUY,LIMIT,1702082474260,370,0.56598
ADAUSDT,BUY,LIMIT,1702082476172,382,0.56599
ADAUSDT,BUY,LIMIT,1702082488561,3591,0.56634
ADAUSDT,BUY,LIMIT,1702082491875,250,0.56639
ADAUSDT,BUY,LIMIT,1702082492919,9493,0.56654
ADAUSDT,BUY,LIMIT,1702082494041,2884,0.56721
ADAUSDT,BUY,LIMIT,1702082497332,280,0.56770
ADAUSDT,BUY,LIMIT,1702082498397,381,0.56794
ADAUSDT,BUY,LIMIT,1702082500341,1517,0.56795
ADAUSDT,BUY,LIMIT,1702082503038,448,0.56806
ADAUSDT,BUY,LIMIT,1702082504216,21,0.56814
ADAUSDT,BUY,LIMIT,1702082505346,565,0.56810
ADAUSDT,BUY,LIMIT,1702082506726,18969,0.56862
ADAUSDT,BUY,LIMIT,1702082508156,582,0.56830
ADAUSDT,BUY,LIMIT,1702082511591,1063,0.56870
ADAUSDT,BUY,LIMIT,1702082512972,138,0.56883
ADAUSDT,BUY,LIMIT,1702082514924,9143,0.56929
ADAUSDT,BUY,LIMIT,1702082516234,4314,0.56932
ADAUSDT,BUY,LIMIT,1702082518073,619,0.56953
ADAUSDT,BUY,LIMIT,1702082519240,2873,0.56982
ADAUSDT,BUY,LIMIT,1702082628878,577,0.56724
ADAUSDT,BUY,LIMIT,1702082657674,105,0.56873
ADAUSDT,BUY,LIMIT,1702082695440,1713,0.56666
ADAUSDT,SELL,LIMIT,1702082838540,508,0.55904
ADAUSDT,BUY,LIMIT,1702082887374,464,0.56501
ADAUSDT,SELL,LIMIT,1702082896575,800,0.55857
ADAUSDT,SELL,LIMIT,1702082924582,101,0.55886
ADAUSDT,SELL,LIMIT,1702083032712,133,0.55695
ADAUSDT,BUY,LIMIT,1702083156845,9288,0.56362
ADAUSDT,BUY,LIMIT,1702083168527,2152,0.56312
ADAUSDT,SELL,LIMIT,1702083183417,2429,0.55627
ADAUSDT,SELL,LIMIT,1702083188850,3940,0.55578
ADAUSDT,BUY,LIMIT,1702083227186,332,0.56185
ADAUSDT,SELL,LIMIT,1702083262234,345,0.55553
ADAUSDT,SELL,LIMIT,1702083304387,2987,0.55483
ADAUSDT,BUY,LIMIT,1702083491221,6640,0.56224
ADAUSDT,BUY,LIMIT,1702083500132,46,0.53992
ADAUSDT,BUY,LIMIT,1702083513441,15412,0.56363
ADAUSDT,SELL,LIMIT,1702083679104,4200,0.55449
ADAUSDT,SELL,LIMIT,1702083684080,558,0.55407
ADAUSDT,SELL,LIMIT,1702083685374,8439,0.55399
ADAUSDT,SELL,LIMIT,1702083708299,1347,0.55374
ADAUSDT,SELL,LIMIT,1702083716099,374,0.55331
ADAUSDT,SELL,LIMIT,1702083720314,8465,0.55314
ADAUSDT,SELL,LIMIT,1702083722012,78,0.55304
ADAUSDT,SELL,LIMIT,1702083742564,1778,0.55283
ADAUSDT,SELL,LIMIT,1702083747749,4838,0.55274
ADAUSDT,SELL,LIMIT,1702083788893,1423,0.55257
ADAUSDT,SELL,LIMIT,1702083791826,2660,0.55225
ADAUSDT,SELL,LIMIT,1702083798521,998,0.55204
ADAUSDT,SELL,LIMIT,1702083800047,21104,0.55123
ADAUSDT,SELL,LIMIT,1702083806139,1500,0.55164
ADAUSDT,SELL,LIMIT,1702083807183,1271,0.55178
ADAUSDT,SELL,LIMIT,1702083808815,170,0.55137
ADAUSDT,SELL,LIMIT,1702083809919,454,0.55134
ADAUSDT,SELL,LIMIT,1702083811016,317,0.55115
ADAUSDT,SELL,LIMIT,1702083815069,12,0.55088
ADAUSDT,SELL,LIMIT,1702083816480,80,0.55085
ADAUSDT,SELL,LIMIT,1702083818046,17675,0.55041
ADAUSDT,SELL,LIMIT,1702083855750,392,0.55032
ADAUSDT,SELL,LIMIT,1702083857407,78,0.54979
ADAUSDT,SELL,LIMIT,1702084021240,1060,0.54935
ADAUSDT,SELL,LIMIT,1702084023592,572,0.54911
ADAUSDT,SELL,LIMIT,1702084026515,23,0.54879
ADAUSDT,SELL,LIMIT,1702084027641,14,0.54843
ADAUSDT,SELL,LIMIT,1702084028832,298,0.54830
ADAUSDT,SELL,LIMIT,1702084047586,4412,0.54833
ADAUSDT,SELL,LIMIT,1702084092118,1405,0.54735
ADAUSDT,SELL,LIMIT,1702084139069,470,0.54682
ADAUSDT,SELL,LIMIT,1702084156013,1892,0.54667
ADAUSDT,SELL,LIMIT,1702084193368,1842,0.54659
ADAUSDT,SELL,LIMIT,1702084201220,128,0.54655
ADAUSDT,SELL,LIMIT,1702084215139,76,0.54642
ADAUSDT,SELL,LIMIT,1702084218224,3250,0.54584
ADAUSDT,BUY,LIMIT,1702084474379,9009,0.55655
ADAUSDT,BUY,LIMIT,1702084509256,56,0.55721
ADAUSDT,BUY,LIMIT,1702084515700,4363,0.55741
ADAUSDT,BUY,LIMIT,1702084519227,538,0.55756
ADAUSDT,BUY,LIMIT,1702084527098,9085,0.55819
ADAUSDT,BUY,LIMIT,1702084530179,6766,0.55840
ADAUSDT,BUY,LIMIT,1702084547276,540,0.56009
ADAUSDT,BUY,LIMIT,1702084548725,550,0.56026
ADAUSDT,BUY,LIMIT,1702084826194,849,0.56232
ADAUSDT,SELL,LIMIT,1702084862749,66,0.56265
ADAUSDT,BUY,LIMIT,1702084933853,165,0.56238
ADAUSDT,BUY,LIMIT,1702084935687,12746,0.56265
ADAUSDT,BUY,LIMIT,1702085002207,4372,0.56359
ADAUSDT,BUY,LIMIT,1702085006736,8073,0.56380
ADAUSDT,BUY,LIMIT,1702085010401,97,0.56393
ADAUSDT,BUY,LIMIT,1702085011538,892,0.56449
ADAUSDT,BUY,LIMIT,1702085013135,1840,0.56489
ADAUSDT,BUY,LIMIT,1702085329890,90,0.56521
ADAUSDT,BUY,LIMIT,1702085332705,961,0.56525
ADAUSDT,BUY,LIMIT,1702085361680,9044,0.56612
ADAUSDT,BUY,LIMIT,1702085388287,9097,0.56625
ADAUSDT,BUY,LIMIT,1702085508557,1481,0.56640
ADAUSDT,BUY,LIMIT,1702085520205,77,0.56684
ADAUSDT,BUY,LIMIT,1702085549695,5644,0.56765
ADAUSDT,BUY,LIMIT,1702085551222,752,0.56784
ADAUSDT,BUY,LIMIT,1702085555500,301,0.56790
ADAUSDT,BUY,LIMIT,1702085569153,8868,0.56811
ADAUSDT,BUY,LIMIT,1702085794961,2200,0.56435
ADAUSDT,BUY,LIMIT,1702085804131,2841,0.56445
ADAUSDT,BUY,LIMIT,1702085900320,1139,0.56668
ADAUSDT,BUY,LIMIT,1702085901360,2443,0.56668
ADAUSDT,SELL,LIMIT,1702086088241,1512,0.55778
ADAUSDT,SELL,LIMIT,1702086227991,58,0.55593
ADAUSDT,SELL,LIMIT,1702086477201,124,0.55519
ADAUSDT,SELL,LIMIT,1702086478352,351,0.55547
ADAUSDT,SELL,LIMIT,1702086668765,17,0.55424
ADAUSDT,SELL,LIMIT,1702086684036,8892,0.55377
ADAUSDT,SELL,LIMIT,1702087069836,8928,0.55266
ADAUSDT,SELL,LIMIT,1702087074355,477,0.55244
ADAUSDT,SELL,LIMIT,1702087078298,36,0.55232
ADAUSDT,SELL,LIMIT,1702087079375,10,0.55225
ADAUSDT,SELL,LIMIT,1702087266094,14,0.55209
ADAUSDT,SELL,LIMIT,1702087271611,287,0.55191
ADAUSDT,SELL,LIMIT,1702087278399,332,0.55123
ADAUSDT,SELL,LIMIT,1702087313947,1980,0.55072
ADAUSDT,SELL,LIMIT,1702087316717,179,0.55038
ADAUSDT,SELL,LIMIT,1702087408463,2273,0.55114
ADAUSDT,SELL,LIMIT,1702087464793,1278,0.55024
ADAUSDT,SELL,LIMIT,1702087527076,8696,0.54979
ADAUSDT,SELL,LIMIT,1702087528398,281,0.54988
ADAUSDT,SELL,LIMIT,1702087556046,8972,0.54954
ADAUSDT,SELL,LIMIT,1702087562181,792,0.54950
ADAUSDT,SELL,LIMIT,1702087574864,796,0.54930
ADAUSDT,BUY,LIMIT,1702088476410,258,0.55918
ADAUSDT,BUY,LIMIT,1702088477462,324,0.55919
ADAUSDT,BUY,LIMIT,1702088608951,161,0.56010
ADAUSDT,BUY,LIMIT,1702088610554,327,0.56019
ADAUSDT,BUY,LIMIT,1702088612203,715,0.56044
ADAUSDT,BUY,LIMIT,1702088616459,5582,0.56050
ADAUSDT,BUY,LIMIT,1702088618258,1951,0.56060
ADAUSDT,BUY,LIMIT,1702088621827,8851,0.56079
ADAUSDT,BUY,LIMIT,1702088627287,1010,0.56094
ADAUSDT,BUY,LIMIT,1702088656988,30,0.56232
ADAUSDT,BUY,LIMIT,1702088788840,292,0.56257
ADAUSDT,BUY,LIMIT,1702088873129,2048,0.56330
ADAUSDT,BUY,LIMIT,1702089215064,1301,0.56444
ADAUSDT,BUY,LIMIT,1702089286501,150,0.56482
ADAUSDT,BUY,LIMIT,1702089307389,920,0.56500
ADAUSDT,BUY,LIMIT,1702089309636,180,0.56533
ADAUSDT,BUY,LIMIT,1702089312053,8954,0.56547
ADAUSDT,BUY,LIMIT,1702089632470,2654,0.56627
ADAUSDT,BUY,LIMIT,1702089637211,1181,0.56634
ADAUSDT,BUY,LIMIT,1702090470121,1465,0.56711
ADAUSDT,BUY,LIMIT,1702090473702,618,0.56736
ADAUSDT,BUY,LIMIT,1702090476752,1922,0.56772
ADAUSDT,BUY,LIMIT,1702090493739,8913,0.56810
ADAUSDT,BUY,LIMIT,1702090501308,3684,0.56824
ADAUSDT,BUY,LIMIT,1702090503340,361,0.56845
ADAUSDT,BUY,LIMIT,1702090506899,73,0.56861
ADAUSDT,BUY,LIMIT,1702090510266,3042,0.56894
ADAUSDT,BUY,LIMIT,1702090516935,69,0.56913
ADAUSDT,BUY,LIMIT,1702090518261,1353,0.56925
ADAUSDT,BUY,LIMIT,1702090519705,892,0.56936
ADAUSDT,BUY,LIMIT,1702090521097,6119,0.56958
ADAUSDT,BUY,LIMIT,1702090522575,9,0.56950
ADAUSDT,BUY,LIMIT,1702090523669,221,0.56997
ADAUSDT,BUY,LIMIT,1702090525051,1913,0.57023
ADAUSDT,BUY,LIMIT,1702090526259,2223,0.57019
ADAUSDT,BUY,LIMIT,1702090527814,106,0.57037
ADAUSDT,BUY,LIMIT,1702090529246,15286,0.57066
ADAUSDT,BUY,LIMIT,1702090532032,427,0.57042
ADAUSDT,SELL,LIMIT,1702091214260,1346,0.56295
ADAUSDT,SELL,LIMIT,1702091222644,48,0.56350
ADAUSDT,BUY,LIMIT,1702091292555,208,0.56904
ADAUSDT,BUY,LIMIT,1702091438050,569,0.57048
ADAUSDT,BUY,LIMIT,1702091439308,390,0.57049
ADAUSDT,BUY,LIMIT,1702091448003,122,0.57059
ADAUSDT,BUY,LIMIT,1702091453136,360,0.57065
ADAUSDT,BUY,LIMIT,1702091577755,91,0.57075
ADAUSDT,BUY,LIMIT,1702091582327,2378,0.57079
ADAUSDT,BUY,LIMIT,1702091585155,477,0.57082
ADAUSDT,BUY,LIMIT,1702091586393,150,0.57095
ADAUSDT,BUY,LIMIT,1702091590064,1083,0.57108
ADAUSDT,BUY,LIMIT,1702091601107,9223,0.57152
ADAUSDT,BUY,LIMIT,1702091602134,9129,0.57121
ADAUSDT,BUY,LIMIT,1702091603213,143,0.57171
ADAUSDT,BUY,LIMIT,1702091604283,8870,0.57170
ADAUSDT,BUY,LIMIT,1702091605622,2335,0.57182
ADAUSDT,BUY,LIMIT,1702091606741,173,0.57190
ADAUSDT,BUY,LIMIT,1702091613474,35,0.57206
ADAUSDT,BUY,LIMIT,1702091633322,500,0.57230
ADAUSDT,BUY,LIMIT,1702091637931,10,0.57241
ADAUSDT,BUY,LIMIT,1702091639417,884,0.57248
ADAUSDT,BUY,LIMIT,1702091662061,500,0.57300
