Symbol,Side,Order Type,Time,Quantity,Price
ADAUSDT,BUY,LIMIT,1700846591206,56,0.39206
ADAUSDT,BUY,LIMIT,1700846790402,228,0.39277
ADAUSDT,BUY,LIMIT,1700847038840,16,0.39195
ADAUSDT,BUY,LIMIT,1700847466513,75,0.39293
ADAUSDT,BUY,LIMIT,1700848554064,39,0.39119
ADAUSDT,BUY,LIMIT,1700848632409,12087,0.39050
ADAUSDT,SELL,LIMIT,1700849902145,558,0.38551
ADAUSDT,SELL,LIMIT,1700850201507,175,0.38587
ADAUSDT,SELL,LIMIT,1700850286414,316,0.38525
ADAUSDT,BUY,LIMIT,1700850843141,254,0.38850
ADAUSDT,SELL,LIMIT,1700850845127,93,0.38462
ADAUSDT,SELL,LIMIT,1700851093864,12893,0.38440
ADAUSDT,SELL,LIMIT,1700852934539,143,0.38389
ADAUSDT,SELL,LIMIT,1700852956030,38,0.38384
ADAUSDT,SELL,LIMIT,1700852957057,4949,0.38369
ADAUSDT,SELL,LIMIT,1700852959627,1576,0.38360
ADAUSDT,SELL,LIMIT,1700852961585,883,0.38351
ADAUSDT,SELL,LIMIT,1700853756101,100,0.38342
ADAUSDT,SELL,LIMIT,1700857176175,87,0.38368
ADAUSDT,SELL,LIMIT,1700857189483,1442,0.38333
ADAUSDT,BUY,LIMIT,1700860450030,291,0.39054
ADAUSDT,SELL,LIMIT,1700863949261,1317,0.38301
ADAUSDT,SELL,LIMIT,1700863950369,103,0.38347
ADAUSDT,SELL,LIMIT,1700863951239,2714,0.38252
ADAUSDT,SELL,LIMIT,1700863953033,128,0.38522
ADAUSDT,SELL,LIMIT,1700863958950,1538,0.38240
ADAUSDT,SELL,LIMIT,1700863960159,26,0.38235
ADAUSDT,SELL,LIMIT,1700863961397,2096,0.38235
ADAUSDT,SELL,LIMIT,1700863962481,1937,0.38197
ADAUSDT,BUY,LIMIT,1700866249219,633,0.38807
ADAUSDT,SELL,LIMIT,1700866639151,20,0.38429
ADAUSDT,SELL,LIMIT,1700867292178,10936,0.38252
ADAUSDT,SELL,LIMIT,1700870631105,299,0.38353
ADAUSDT,BUY,LIMIT,1700872114866,1247,0.38920
ADAUSDT,BUY,LIMIT,1700872579671,76,0.38944
ADAUSDT,BUY,LIMIT,1700872895313,212,0.38967
ADAUSDT,BUY,LIMIT,1700876353384,41,0.38975
ADAUSDT,BUY,LIMIT,1700877098151,30,0.39071
ADAUSDT,BUY,LIMIT,1700877145314,1790,0.39096
ADAUSDT,BUY,LIMIT,1700877245376,5743,0.39099
ADAUSDT,BUY,LIMIT,1700877272222,15,0.39107
ADAUSDT,BUY,LIMIT,1700877363239,1049,0.39112
ADAUSDT,BUY,LIMIT,1700877555630,386,0.39128
ADAUSDT,BUY,LIMIT,1700877779240,14,0.39149
ADAUSDT,BUY,LIMIT,1700879527800,42,0.39168
ADAUSDT,BUY,LIMIT,1700879551062,7470,0.39200
ADAUSDT,BUY,LIMIT,1700879552205,632,0.39189
ADAUSDT,BUY,LIMIT,1700879657996,3564,0.39205
ADAUSDT,BUY,LIMIT,1700880050353,153,0.39257
ADAUSDT,BUY,LIMIT,1700880268081,5479,0.39271
ADAUSDT,BUY,LIMIT,1700880340502,34,0.39301
ADAUSDT,BUY,LIMIT,1700880345578,228,0.39305
ADAUSDT,BUY,LIMIT,1700880350963,7028,0.39319
ADAUSDT,BUY,LIMIT,1700880359345,327,0.39319
ADAUSDT,BUY,LIMIT,1700882171272,19,0.39380
ADAUSDT,BUY,LIMIT,1700882343275,40,0.39394
ADAUSDT,BUY,LIMIT,1700895769132,141,0.39413
ADAUSDT,BUY,LIMIT,1700895780191,39,0.39420
ADAUSDT,BUY,LIMIT,1700895892925,792,0.39452
ADAUSDT,BUY,LIMIT,1700898952328,75,0.39501
ADAUSDT,BUY,LIMIT,1700898964442,3452,0.39509
ADAUSDT,BUY,LIMIT,1700899027115,289,0.39518
ADAUSDT,BUY,LIMIT,1700899033327,323,0.39532
ADAUSDT,BUY,LIMIT,1700899038738,51,0.39535
ADAUSDT,BUY,LIMIT,1700899040917,134,0.39540
ADAUSDT,BUY,LIMIT,1700899043580,71,0.39544
ADAUSDT,BUY,LIMIT,1700900503780,306,0.39446
ADAUSDT,BUY,LIMIT,1700901619313,53,0.39409
ADAUSDT,SELL,LIMIT,1700908146405,94,0.38781
ADAUSDT,SELL,LIMIT,1700908432059,548,0.38798
ADAUSDT,SELL,LIMIT,1700908681168,199,0.38746
ADAUSDT,SELL,LIMIT,1700908685724,2723,0.38736
ADAUSDT,SELL,LIMIT,1700908917962,19,0.38706
ADAUSDT,SELL,LIMIT,1700908966365,2157,0.38690
ADAUSDT,SELL,LIMIT,1700908967776,1422,0.38676
ADAUSDT,BUY,LIMIT,1700909027882,1334,0.39049
ADAUSDT,SELL,LIMIT,1700909033243,3166,0.38662
ADAUSDT,SELL,LIMIT,1700909043031,7376,0.38649
ADAUSDT,SELL,LIMIT,1700909051453,166,0.38639
ADAUSDT,SELL,LIMIT,1700909059636,553,0.38625
ADAUSDT,SELL,LIMIT,1700911313350,2000,0.38666
ADAUSDT,SELL,LIMIT,1700911349220,114,0.38617
ADAUSDT,SELL,LIMIT,1700911352867,18,0.38609
ADAUSDT,SELL,LIMIT,1700911357220,6410,0.38633
ADAUSDT,SELL,LIMIT,1700911506106,296,0.38618
ADAUSDT,SELL,LIMIT,1700912248246,2238,0.38590
ADAUSDT,SELL,LIMIT,1700912404688,77,0.38575
ADAUSDT,SELL,LIMIT,1700912480607,3219,0.38540
ADAUSDT,SELL,LIMIT,1700912504024,1300,0.38527
ADAUSDT,SELL,LIMIT,1700912662819,760,0.38508
ADAUSDT,SELL,LIMIT,1700912665924,42,0.38501
ADAUSDT,BUY,LIMIT,1700914701188,2875,0.39201
ADAUSDT,BUY,LIMIT,1700915619262,67,0.39248
ADAUSDT,BUY,LIMIT,1700915706533,429,0.39290
ADAUSDT,BUY,LIMIT,1700915958419,431,0.39352
ADAUSDT,BUY,LIMIT,1700915967624,192,0.39367
ADAUSDT,BUY,LIMIT,1700915978173,252,0.39413
ADAUSDT,BUY,LIMIT,1700916026092,1877,0.39436
ADAUSDT,BUY,LIMIT,1700916167642,559,0.39463
ADAUSDT,BUY,LIMIT,1700916192599,106,0.39486
ADAUSDT,BUY,LIMIT,1700916200723,233,0.39494
ADAUSDT,BUY,LIMIT,1700916220299,523,0.39503
ADAUSDT,BUY,LIMIT,1700916665615,6344,0.39524
ADAUSDT,BUY,LIMIT,1700916669287,142,0.39537
ADAUSDT,BUY,LIMIT,1700916691820,1159,0.39564
ADAUSDT,BUY,LIMIT,1700916703769,635,0.39562
ADAUSDT,BUY,LIMIT,1700916706763,649,0.39568
ADAUSDT,BUY,LIMIT,1700916708886,257,0.39573
ADAUSDT,BUY,LIMIT,1700916718617,293,0.39591
ADAUSDT,BUY,LIMIT,1700916958808,174,0.39628
ADAUSDT,BUY,LIMIT,1700917231982,610,0.39636
ADAUSDT,BUY,LIMIT,1700917279183,1308,0.39683
ADAUSDT,BUY,LIMIT,1700917295340,6935,0.39689
ADAUSDT,BUY,LIMIT,1700917312588,24,0.39706
ADAUSDT,BUY,LIMIT,1700917351038,434,0.39721
ADAUSDT,BUY,LIMIT,1700917352090,52,0.39734
ADAUSDT,BUY,LIMIT,1700917354143,8626,0.39740
ADAUSDT,BUY,LIMIT,1700917355228,641,0.39742
ADAUSDT,BUY,LIMIT,1700917395013,378,0.39760
ADAUSDT,BUY,LIMIT,1700917418240,553,0.39772
ADAUSDT,SELL,LIMIT,1700918971259,54,0.39185
ADAUSDT,SELL,LIMIT,1700919473291,246,0.39056
ADAUSDT,SELL,LIMIT,1700921416245,609,0.38966
ADAUSDT,SELL,LIMIT,1700921503214,34,0.38936
ADAUSDT,SELL,LIMIT,1700921542806,749,0.38925
ADAUSDT,BUY,LIMIT,1700928774976,416,0.39656
ADAUSDT,BUY,LIMIT,1700937246251,1557,0.39600
ADAUSDT,BUY,LIMIT,1700937974129,1614,0.39672
ADAUSDT,BUY,LIMIT,1700938029265,17,0.39693
