Symbol,Side,Order Type,Time,Quantity,Price
ADAUSDT,BUY,LIMIT,1701065765913,2089,0.38806
ADAUSDT,BUY,LIMIT,1701065778044,7971,0.38809
ADAUSDT,BUY,LIMIT,1701067110072,171,0.38864
ADAUSDT,SELL,LIMIT,1701067750903,534,0.38326
ADAUSDT,BUY,LIMIT,1701068054068,224,0.38672
ADAUSDT,SELL,LIMIT,1701068159708,491,0.38156
ADAUSDT,BUY,LIMIT,1701069011849,70,0.38629
ADAUSDT,SELL,LIMIT,1701069526858,3668,0.38113
ADAUSDT,SELL,LIMIT,1701069549425,24,0.38085
ADAUSDT,SELL,LIMIT,1701069556123,1293,0.38067
ADAUSDT,SELL,LIMIT,1701069558097,138,0.38067
ADAUSDT,SELL,LIMIT,1701069575506,14,0.38049
ADAUSDT,SELL,LIMIT,1701069612473,997,0.38035
ADAUSDT,SELL,LIMIT,1701069632843,5128,0.38018
ADAUSDT,SELL,LIMIT,1701069639216,1938,0.37998
ADAUSDT,SELL,LIMIT,1701069640340,13017,0.38014
ADAUSDT,SELL,LIMIT,1701069776759,200,0.38038
ADAUSDT,SELL,LIMIT,1701069795705,216,0.39320
ADAUSDT,SELL,LIMIT,1701069857198,861,0.37944
ADAUSDT,SELL,LIMIT,1701069862545,27,0.37937
ADAUSDT,SELL,LIMIT,1701069880981,16,0.37917
ADAUSDT,SELL,LIMIT,1701069882468,4937,0.37906
ADAUSDT,SELL,LIMIT,1701069886217,338,0.37890
ADAUSDT,SELL,LIMIT,1701069888494,17,0.37887
ADAUSDT,SELL,LIMIT,1701069898212,568,0.37864
ADAUSDT,SELL,LIMIT,1701069899254,133446,0.37733
ADAUSDT,SELL,LIMIT,1701069901081,125,0.37844
ADAUSDT,SELL,LIMIT,1701069910018,4718,0.37838
ADAUSDT,SELL,LIMIT,1701070172362,20722,0.37792
ADAUSDT,SELL,LIMIT,1701070173617,770,0.37792
ADAUSDT,SELL,LIMIT,1701070439570,1032,0.37817
ADAUSDT,BUY,LIMIT,1701070696969,30,0.38395
ADAUSDT,BUY,LIMIT,1701072586681,500,0.38572
ADAUSDT,BUY,LIMIT,1701072615313,525,0.38594
ADAUSDT,BUY,LIMIT,1701072706023,2411,0.38636
ADAUSDT,BUY,LIMIT,1701073457850,392,0.38622
ADAUSDT,BUY,LIMIT,1701074339722,3246,0.38462
ADAUSDT,BUY,LIMIT,1701076552904,2281,0.38742
ADAUSDT,BUY,LIMIT,1701076915216,50,0.38600
ADAUSDT,BUY,LIMIT,1701077399082,22,0.38647
ADAUSDT,SELL,LIMIT,1701080560539,5000,0.38087
ADAUSDT,SELL,LIMIT,1701080617047,25,0.38045
ADAUSDT,SELL,LIMIT,1701080684151,9066,0.38030
ADAUSDT,SELL,LIMIT,1701080856199,262,0.37968
ADAUSDT,SELL,LIMIT,1701081198546,19,0.37949
ADAUSDT,SELL,LIMIT,1701081276077,88,0.37919
ADAUSDT,SELL,LIMIT,1701081437409,20,0.37869
ADAUSDT,SELL,LIMIT,1701081439266,4021,0.37848
ADAUSDT,SELL,LIMIT,1701081494211,383,0.37803
ADAUSDT,SELL,LIMIT,1701081579267,5235,0.37813
ADAUSDT,SELL,LIMIT,1701081581020,1458,0.37928
ADAUSDT,SELL,LIMIT,1701081610218,6134,0.37792
ADAUSDT,SELL,LIMIT,1701081963233,4134,0.37825
ADAUSDT,SELL,LIMIT,1701082010168,942,0.37793
ADAUSDT,SELL,LIMIT,1701082021273,154,0.37767
ADAUSDT,SELL,LIMIT,1701082118570,5000,0.37743
ADAUSDT,SELL,LIMIT,1701082122794,1510,0.37742
ADAUSDT,SELL,LIMIT,1701082671932,387,0.37734
ADAUSDT,SELL,LIMIT,1701082676136,16852,0.37713
ADAUSDT,SELL,LIMIT,1701082693351,1742,0.37710
ADAUSDT,SELL,LIMIT,1701082698392,126,0.37701
ADAUSDT,SELL,LIMIT,1701082705686,2743,0.37702
ADAUSDT,SELL,LIMIT,1701083399784,529,0.37893
ADAUSDT,SELL,LIMIT,1701084930732,22,0.37667
ADAUSDT,SELL,LIMIT,1701086578201,109,0.37851
ADAUSDT,SELL,LIMIT,1701086704682,13115,0.37862
ADAUSDT,SELL,LIMIT,1701091161437,2078,0.37655
ADAUSDT,SELL,LIMIT,1701091163207,616,0.37637
ADAUSDT,SELL,LIMIT,1701091164215,2,0.37635
ADAUSDT,SELL,LIMIT,1701092748062,6863,0.37620
ADAUSDT,SELL,LIMIT,1701092751020,90,0.37615
ADAUSDT,SELL,LIMIT,1701092759019,12078,0.37601
ADAUSDT,SELL,LIMIT,1701093055656,693,0.37593
ADAUSDT,SELL,LIMIT,1701093076422,9052,0.37583
ADAUSDT,SELL,LIMIT,1701093081997,9173,0.37582
ADAUSDT,SELL,LIMIT,1701093089399,1865,0.37575
ADAUSDT,SELL,LIMIT,1701093100475,1484,0.37565
ADAUSDT,SELL,LIMIT,1701093103897,2695,0.37565
ADAUSDT,SELL,LIMIT,1701093109241,2482,0.37561
ADAUSDT,SELL,LIMIT,1701093117049,2781,0.37545
ADAUSDT,SELL,LIMIT,1701093119640,5550,0.37546
ADAUSDT,SELL,LIMIT,1701093121160,1002,0.37543
ADAUSDT,SELL,LIMIT,1701093124412,405,0.37537
ADAUSDT,SELL,LIMIT,1701093136646,28,0.37533
ADAUSDT,SELL,LIMIT,1701093137511,16,0.37514
ADAUSDT,SELL,LIMIT,1701095546414,1990,0.37517
ADAUSDT,SELL,LIMIT,1701095549204,406,0.37510
ADAUSDT,SELL,LIMIT,1701095552406,14,0.37502
ADAUSDT,SELL,LIMIT,1701095554449,1960,0.37496
ADAUSDT,SELL,LIMIT,1701095556393,987,0.37485
ADAUSDT,SELL,LIMIT,1701095565918,1012,0.37479
ADAUSDT,SELL,LIMIT,1701095572258,101,0.37482
ADAUSDT,SELL,LIMIT,1701095574183,2362,0.37478
ADAUSDT,SELL,LIMIT,1701095587535,41742,0.37390
ADAUSDT,SELL,LIMIT,1701095590059,6146,0.37469
ADAUSDT,SELL,LIMIT,1701095591070,55,0.37463
ADAUSDT,SELL,LIMIT,1701095592555,615,0.37462
ADAUSDT,SELL,LIMIT,1701095594102,150,0.37459
ADAUSDT,SELL,LIMIT,1701095595383,521,0.37452
ADAUSDT,SELL,LIMIT,1701095597169,631,0.37446
ADAUSDT,SELL,LIMIT,1701095598503,82,0.37447
ADAUSDT,SELL,LIMIT,1701095601200,253,0.37434
ADAUSDT,SELL,LIMIT,1701095612287,26048,0.37411
ADAUSDT,SELL,LIMIT,1701095613117,549,0.37430
ADAUSDT,SELL,LIMIT,1701096792228,1508,0.37399
ADAUSDT,SELL,LIMIT,1701096797797,2826,0.37403
ADAUSDT,SELL,LIMIT,1701097015504,13165,0.37395
ADAUSDT,SELL,LIMIT,1701097022636,1407,0.37383
ADAUSDT,SELL,LIMIT,1701097032196,2163,0.37376
ADAUSDT,SELL,LIMIT,1701097035136,2274,0.37372
ADAUSDT,SELL,LIMIT,1701097079510,800,0.37370
ADAUSDT,SELL,LIMIT,1701097083182,401,0.37362
ADAUSDT,SELL,LIMIT,1701097086275,255,0.37358
ADAUSDT,SELL,LIMIT,1701097088555,1536,0.37356
ADAUSDT,SELL,LIMIT,1701097089675,50,0.37354
ADAUSDT,SELL,LIMIT,1701097091199,1839,0.37352
ADAUSDT,SELL,LIMIT,1701097096113,5061,0.37323
ADAUSDT,SELL,LIMIT,1701097102058,25,0.37315
ADAUSDT,BUY,LIMIT,1701097373905,163,0.37908
ADAUSDT,BUY,LIMIT,1701097458664,1731,0.38014
ADAUSDT,BUY,LIMIT,1701098178312,1357,0.38096
ADAUSDT,BUY,LIMIT,1701098194221,9000,0.38131
ADAUSDT,BUY,LIMIT,1701098611186,553,0.38157
ADAUSDT,SELL,LIMIT,1701100147005,13238,0.37482
ADAUSDT,SELL,LIMIT,1701100164480,2152,0.37444
ADAUSDT,SELL,LIMIT,1701100216102,595,0.37434
ADAUSDT,SELL,LIMIT,1701100221293,14,0.37488
ADAUSDT,SELL,LIMIT,1701100271052,830,0.37389
ADAUSDT,BUY,LIMIT,1701100284972,767,0.37768
ADAUSDT,SELL,LIMIT,1701100513231,4,0.37459
ADAUSDT,SELL,LIMIT,1701100529909,14,0.37413
ADAUSDT,SELL,LIMIT,1701100571216,6000,0.37361
ADAUSDT,SELL,LIMIT,1701100572847,3000,0.37361
ADAUSDT,SELL,LIMIT,1701100574420,15,0.37359
ADAUSDT,SELL,LIMIT,1701100588595,254,0.37315
ADAUSDT,SELL,LIMIT,1701100602652,23,0.37313
ADAUSDT,SELL,LIMIT,1701100606051,380,0.37296
ADAUSDT,SELL,LIMIT,1701100607069,48,0.37298
ADAUSDT,SELL,LIMIT,1701100624165,978,0.37333
ADAUSDT,SELL,LIMIT,1701100625401,10281,0.37285
ADAUSDT,SELL,LIMIT,1701100631121,65,0.37265
ADAUSDT,SELL,LIMIT,1701100640083,1852,0.37247
ADAUSDT,SELL,LIMIT,1701100641122,9451,0.37242
ADAUSDT,SELL,LIMIT,1701100780119,100,0.37302
ADAUSDT,SELL,LIMIT,1701101007837,104,0.37317
ADAUSDT,SELL,LIMIT,1701101009234,575,0.37319
ADAUSDT,SELL,LIMIT,1701101174314,3728,0.37286
ADAUSDT,SELL,LIMIT,1701103619839,56,0.37669
ADAUSDT,BUY,LIMIT,1701105109087,52,0.38191
ADAUSDT,BUY,LIMIT,1701105141533,881,0.38203
ADAUSDT,SELL,LIMIT,1701107453742,113,0.37541
ADAUSDT,SELL,LIMIT,1701107565759,4364,0.37480
ADAUSDT,SELL,LIMIT,1701107567277,648,0.37478
ADAUSDT,SELL,LIMIT,1701111097894,13196,0.37605
ADAUSDT,SELL,LIMIT,1701111637498,8553,0.37436
ADAUSDT,SELL,LIMIT,1701111643057,388,0.37433
ADAUSDT,SELL,LIMIT,1701111922493,1126,0.37438
ADAUSDT,SELL,LIMIT,1701111929486,289,0.37430
ADAUSDT,SELL,LIMIT,1701112037593,131,0.37418
ADAUSDT,SELL,LIMIT,1701112081427,45,0.37389
ADAUSDT,SELL,LIMIT,1701112143030,14,0.37406
ADAUSDT,SELL,LIMIT,1701112195384,2004,0.37349
ADAUSDT,SELL,LIMIT,1701112207264,2830,0.37342
ADAUSDT,SELL,LIMIT,1701114163936,4763,0.37314
ADAUSDT,SELL,LIMIT,1701114197146,255,0.37306
ADAUSDT,SELL,LIMIT,1701114219680,13266,0.37310
ADAUSDT,SELL,LIMIT,1701114228448,1018,0.37273
ADAUSDT,SELL,LIMIT,1701114235037,374,0.37254
ADAUSDT,SELL,LIMIT,1701114237303,1157,0.37248
ADAUSDT,SELL,LIMIT,1701114238321,3663,0.37229
ADAUSDT,SELL,LIMIT,1701114239669,307,0.37210
ADAUSDT,SELL,LIMIT,1701114241047,39,0.37208
ADAUSDT,SELL,LIMIT,1701114261066,3067,0.37202
ADAUSDT,SELL,LIMIT,1701114262313,39,0.37203
ADAUSDT,SELL,LIMIT,1701114263780,39,0.37195
ADAUSDT,SELL,LIMIT,1701114264852,646638,0.36717
ADAUSDT,SELL,LIMIT,1701114268809,1070,0.37186
ADAUSDT,SELL,LIMIT,1701114274909,580,0.37181
ADAUSDT,SELL,LIMIT,1701114277612,40,0.37180
ADAUSDT,SELL,LIMIT,1701114335210,2368,0.37176
ADAUSDT,SELL,LIMIT,1701114336330,3937,0.37162
ADAUSDT,SELL,LIMIT,1701114341840,3388,0.37151
ADAUSDT,SELL,LIMIT,1701114343037,398,0.37147
ADAUSDT,SELL,LIMIT,1701114347166,72,0.37136
ADAUSDT,SELL,LIMIT,1701114352849,20,0.37134
ADAUSDT,SELL,LIMIT,1701114353883,7759,0.37125
ADAUSDT,SELL,LIMIT,1701114356348,266128,0.36766
ADAUSDT,SELL,LIMIT,1701114357534,833,0.37086
ADAUSDT,SELL,LIMIT,1701114459228,5401,0.37136
ADAUSDT,SELL,LIMIT,1701114468452,1714,0.37098
ADAUSDT,SELL,LIMIT,1701114470204,560,0.37092
ADAUSDT,SELL,LIMIT,1701114474089,211,0.37079
ADAUSDT,SELL,LIMIT,1701114475219,1280,0.37075
ADAUSDT,SELL,LIMIT,1701114476348,12732,0.37078
ADAUSDT,SELL,LIMIT,1701114477666,267,0.37055
ADAUSDT,SELL,LIMIT,1701114494519,57,0.37048
ADAUSDT,SELL,LIMIT,1701114496696,8544,0.37029
ADAUSDT,SELL,LIMIT,1701114501130,28,0.37019
ADAUSDT,SELL,LIMIT,1701114502395,250,0.37016
ADAUSDT,SELL,LIMIT,1701114541131,63,0.37006
ADAUSDT,SELL,LIMIT,1701114542149,298,0.37005
ADAUSDT,SELL,LIMIT,1701114570296,1679,0.37017
ADAUSDT,BUY,LIMIT,1701116741138,1290,0.37186
ADAUSDT,SELL,LIMIT,1701116869074,8577,0.37039
ADAUSDT,SELL,LIMIT,1701116889277,1531,0.37000
ADAUSDT,SELL,LIMIT,1701116890308,42,0.36989
ADAUSDT,SELL,LIMIT,1701116891318,2615,0.36987
ADAUSDT,SELL,LIMIT,1701116900113,3288,0.36972
ADAUSDT,SELL,LIMIT,1701116910234,170,0.36963
ADAUSDT,SELL,LIMIT,1701116949976,60,0.36958
ADAUSDT,SELL,LIMIT,1701116952455,250,0.36955
ADAUSDT,SELL,LIMIT,1701116988014,595,0.36947
ADAUSDT,SELL,LIMIT,1701116992401,1559,0.36950
ADAUSDT,SELL,LIMIT,1701116994038,26343,0.36927
ADAUSDT,BUY,LIMIT,1701121053748,13408,0.37768
ADAUSDT,BUY,LIMIT,1701126641903,172,0.37784
ADAUSDT,BUY,LIMIT,1701126796942,726,0.37806
ADAUSDT,BUY,LIMIT,1701127485327,56,0.37870
ADAUSDT,BUY,LIMIT,1701127692289,19446,0.37906
ADAUSDT,BUY,LIMIT,1701128353280,3494,0.37934
ADAUSDT,BUY,LIMIT,1701128354429,353,0.37934
ADAUSDT,BUY,LIMIT,1701128515537,859,0.37970
ADAUSDT,BUY,LIMIT,1701129067387,2378,0.38011
ADAUSDT,BUY,LIMIT,1701129165310,424,0.38025
ADAUSDT,BUY,LIMIT,1701130964339,7430,0.38038
ADAUSDT,BUY,LIMIT,1701131541712,445,0.38127
ADAUSDT,BUY,LIMIT,1701131735127,11750,0.38150
ADAUSDT,BUY,LIMIT,1701131790108,5082,0.38171
ADAUSDT,BUY,LIMIT,1701135158937,696,0.38069
ADAUSDT,SELL,LIMIT,1701137122202,3425,0.37530
ADAUSDT,SELL,LIMIT,1701137158179,4399,0.37500
ADAUSDT,SELL,LIMIT,1701137159190,270,0.37502
ADAUSDT,SELL,LIMIT,1701137222125,972,0.37483
ADAUSDT,SELL,LIMIT,1701137433292,415,0.37430
ADAUSDT,BUY,LIMIT,1701141033788,708,0.38074
ADAUSDT,SELL,LIMIT,1701145964792,175,0.37384
ADAUSDT,SELL,LIMIT,1701145974347,38,0.37376
ADAUSDT,SELL,LIMIT,1701146011081,3857,0.37356
ADAUSDT,SELL,LIMIT,1701146023571,1910,0.37341
ADAUSDT,SELL,LIMIT,1701146778442,2910,0.37301
ADAUSDT,SELL,LIMIT,1701146841476,76,0.37279
ADAUSDT,SELL,LIMIT,1701147806319,527,0.37230
ADAUSDT,SELL,LIMIT,1701147852777,27,0.37199
ADAUSDT,SELL,LIMIT,1701147892060,14,0.37172
ADAUSDT,SELL,LIMIT,1701147923251,13150,0.37141
ADAUSDT,SELL,LIMIT,1701148163096,399,0.37053
ADAUSDT,SELL,LIMIT,1701148221078,27,0.37039
ADAUSDT,SELL,LIMIT,1701148238697,68,0.37024
ADAUSDT,SELL,LIMIT,1701148246371,778,0.37016
ADAUSDT,SELL,LIMIT,1701148538548,17,0.36993
ADAUSDT,SELL,LIMIT,1701148955369,83,0.36965
ADAUSDT,SELL,LIMIT,1701149020603,13199,0.36965
ADAUSDT,SELL,LIMIT,1701149039174,3171,0.36959
ADAUSDT,SELL,LIMIT,1701149057555,619,0.36954
ADAUSDT,SELL,LIMIT,1701149059038,1500,0.36950
ADAUSDT,SELL,LIMIT,1701149148105,185,0.36939
ADAUSDT,SELL,LIMIT,1701149771344,322,0.37001
ADAUSDT,SELL,LIMIT,1701149783736,1955,0.36969
ADAUSDT,SELL,LIMIT,1701149824099,255410,0.36617
ADAUSDT,SELL,LIMIT,1701149830769,3864,0.36952
ADAUSDT,SELL,LIMIT,1701149839391,72,0.36948
ADAUSDT,SELL,LIMIT,1701149845047,500,0.36903
ADAUSDT,SELL,LIMIT,1701149846246,371,0.36920
ADAUSDT,SELL,LIMIT,1701149856172,108811,0.36757
ADAUSDT,SELL,LIMIT,1701149869038,10001,0.36886
ADAUSDT,SELL,LIMIT,1701149870129,19,0.36881
ADAUSDT,SELL,LIMIT,1701149880995,1084,0.36877
ADAUSDT,SELL,LIMIT,1701149882040,249,0.36860
ADAUSDT,SELL,LIMIT,1701149883105,13308,0.36854
ADAUSDT,SELL,LIMIT,1701149887160,1188,0.36847
ADAUSDT,SELL,LIMIT,1701149893013,2107,0.36843
ADAUSDT,SELL,LIMIT,1701149894598,47,0.36841
ADAUSDT,SELL,LIMIT,1701149900868,157,0.36835
ADAUSDT,SELL,LIMIT,1701151263534,2256,0.36837
ADAUSDT,BUY,LIMIT,1701153365820,433,0.37498
ADAUSDT,SELL,LIMIT,1701155319443,14,0.37192
ADAUSDT,SELL,LIMIT,1701155669506,481,0.37066
ADAUSDT,SELL,LIMIT,1701156228850,22,0.37002
ADAUSDT,SELL,LIMIT,1701156393511,1171,0.36878
ADAUSDT,SELL,LIMIT,1701156480091,85,0.36873
ADAUSDT,SELL,LIMIT,1701156556195,87,0.36841
ADAUSDT,SELL,LIMIT,1701156559961,453,0.36839
ADAUSDT,SELL,LIMIT,1701156561380,227,0.36832
ADAUSDT,SELL,LIMIT,1701156573632,1289,0.36829
ADAUSDT,SELL,LIMIT,1701156857114,1350,0.36964
ADAUSDT,BUY,LIMIT,1701158101139,1331,0.37539
ADAUSDT,BUY,LIMIT,1701158120061,70,0.37553
ADAUSDT,SELL,LIMIT,1701161407804,1228,0.36907
ADAUSDT,SELL,LIMIT,1701161411092,191,0.36894
ADAUSDT,SELL,LIMIT,1701162064118,1049,0.36797
ADAUSDT,SELL,LIMIT,1701162065195,133,0.36787
ADAUSDT,SELL,LIMIT,1701162070187,4510,0.36782
ADAUSDT,BUY,LIMIT,1701164372012,34,0.37483
ADAUSDT,BUY,LIMIT,1701165004132,3068,0.37591
ADAUSDT,BUY,LIMIT,1701165030361,1457,0.37616
ADAUSDT,BUY,LIMIT,1701165090293,74,0.37634
ADAUSDT,BUY,LIMIT,1701166568225,1828,0.37651
ADAUSDT,BUY,LIMIT,1701170314387,790,0.37782
ADAUSDT,BUY,LIMIT,1701170401062,144,0.37832
ADAUSDT,BUY,LIMIT,1701170479103,330,0.37843
ADAUSDT,BUY,LIMIT,1701170608916,1052,0.37877
ADAUSDT,BUY,LIMIT,1701170616146,1410,0.37882
ADAUSDT,BUY,LIMIT,1701170625801,798,0.37896
ADAUSDT,BUY,LIMIT,1701171135184,530,0.37903
ADAUSDT,BUY,LIMIT,1701172420223,685,0.37981
ADAUSDT,BUY,LIMIT,1701172526373,13322,0.38011
ADAUSDT,BUY,LIMIT,1701172536843,378,0.38026
ADAUSDT,BUY,LIMIT,1701172540567,3422,0.38033
ADAUSDT,BUY,LIMIT,1701178518232,6892,0.38033
ADAUSDT,BUY,LIMIT,1701179145045,4815,0.38043
ADAUSDT,BUY,LIMIT,1701179178088,15,0.38054
ADAUSDT,BUY,LIMIT,1701179590296,2586,0.38102
ADAUSDT,BUY,LIMIT,1701179611116,123,0.38122
ADAUSDT,BUY,LIMIT,1701179613272,31,0.38123
ADAUSDT,BUY,LIMIT,1701179618521,5807,0.38126
ADAUSDT,BUY,LIMIT,1701179625517,1592,0.38131
ADAUSDT,BUY,LIMIT,1701179650753,791,0.38140
ADAUSDT,BUY,LIMIT,1701179668889,46118,0.38255
ADAUSDT,BUY,LIMIT,1701179712957,13266,0.38173
ADAUSDT,BUY,LIMIT,1701179735342,198,0.38192
ADAUSDT,BUY,LIMIT,1701179745262,422,0.38197
ADAUSDT,BUY,LIMIT,1701179830459,1210,0.38228
ADAUSDT,BUY,LIMIT,1701181230208,18,0.38246
ADAUSDT,BUY,LIMIT,1701181235048,128,0.38255
ADAUSDT,BUY,LIMIT,1701181260220,48,0.38254
ADAUSDT,BUY,LIMIT,1701181366648,85,0.38298
ADAUSDT,BUY,LIMIT,1701181505249,72,0.38369
ADAUSDT,BUY,LIMIT,1701181510981,21,0.38373
ADAUSDT,BUY,LIMIT,1701181624578,200,0.38413
ADAUSDT,BUY,LIMIT,1701181630813,29250,0.38453
ADAUSDT,BUY,LIMIT,1701181651548,5194,0.38432
ADAUSDT,SELL,LIMIT,1701185487795,538,0.37710
ADAUSDT,SELL,LIMIT,1701185500375,133,0.37706
ADAUSDT,SELL,LIMIT,1701185537922,943,0.37701
ADAUSDT,SELL,LIMIT,1701185547127,642,0.37680
ADAUSDT,SELL,LIMIT,1701185891180,2619,0.37630
ADAUSDT,SELL,LIMIT,1701185892297,8857,0.37629
ADAUSDT,SELL,LIMIT,1701185896854,206,0.37623
ADAUSDT,SELL,LIMIT,1701185916986,1566,0.37603
ADAUSDT,BUY,LIMIT,1701186184153,1194,0.38271
ADAUSDT,BUY,LIMIT,1701186203021,604,0.38340
ADAUSDT,BUY,LIMIT,1701186204361,510,0.38359
ADAUSDT,SELL,LIMIT,1701187283435,270,0.38059
ADAUSDT,BUY,LIMIT,1701187300240,51,0.38380
ADAUSDT,BUY,LIMIT,1701187673042,480,0.38440
ADAUSDT,BUY,LIMIT,1701187680559,35249,0.38518
ADAUSDT,BUY,LIMIT,1701188490581,686,0.38515
ADAUSDT,BUY,LIMIT,1701189445829,158,0.38406
ADAUSDT,BUY,LIMIT,1701189799085,967,0.38529
ADAUSDT,BUY,LIMIT,1701189805010,10016,0.38561
ADAUSDT,BUY,LIMIT,1701189813185,1593,0.38576
ADAUSDT,BUY,LIMIT,1701189821163,13253,0.38607
ADAUSDT,BUY,LIMIT,1701189825961,3359,0.38626
ADAUSDT,BUY,LIMIT,1701189845639,1255,0.38636
ADAUSDT,BUY,LIMIT,1701189846803,2655,0.38640
ADAUSDT,BUY,LIMIT,1701190144033,1000,0.38588
ADAUSDT,BUY,LIMIT,1701190196212,57,0.38653
ADAUSDT,BUY,LIMIT,1701190198703,171,0.38658
ADAUSDT,BUY,LIMIT,1701190209465,115,0.38673
ADAUSDT,BUY,LIMIT,1701190273464,1194,0.38686
ADAUSDT,BUY,LIMIT,1701190276096,128,0.38690
ADAUSDT,BUY,LIMIT,1701190343055,1200,0.38719
ADAUSDT,BUY,LIMIT,1701190387660,89,0.38736
ADAUSDT,SELL,LIMIT,1701192014960,209,0.39865
ADAUSDT,BUY,LIMIT,1701192032079,95,0.38749
ADAUSDT,BUY,LIMIT,1701192033655,353,0.38762
ADAUSDT,BUY,LIMIT,1701192035229,8249,0.38777
ADAUSDT,BUY,LIMIT,1701192062170,664,0.38796
ADAUSDT,BUY,LIMIT,1701192065347,15,0.38797
ADAUSDT,BUY,LIMIT,1701192072172,84,0.38838
ADAUSDT,BUY,LIMIT,1701192142110,13113,0.38835
ADAUSDT,BUY,LIMIT,1701192143279,1614,0.38850
ADAUSDT,BUY,LIMIT,1701192235806,477,0.38883
ADAUSDT,BUY,LIMIT,1701192238641,4000,0.38883
ADAUSDT,BUY,LIMIT,1701192243364,1001,0.38894
ADAUSDT,BUY,LIMIT,1701192281423,1231,0.38894
ADAUSDT,BUY,LIMIT,1701194151020,257,0.38892
ADAUSDT,BUY,LIMIT,1701194466316,118,0.38907
ADAUSDT,BUY,LIMIT,1701194471025,200,0.38917
ADAUSDT,BUY,LIMIT,1701194484186,713,0.38931
ADAUSDT,BUY,LIMIT,1701194489158,1407,0.38935
ADAUSDT,BUY,LIMIT,1701195602897,5387,0.38937
ADAUSDT,BUY,LIMIT,1701195615537,61,0.38943
ADAUSDT,BUY,LIMIT,1701195647095,10849,0.38972
ADAUSDT,BUY,LIMIT,1701195666320,77405,0.39120
ADAUSDT,BUY,LIMIT,1701195675319,20,0.39007
ADAUSDT,BUY,LIMIT,1701195676326,63,0.39010
ADAUSDT,BUY,LIMIT,1701195677605,869,0.39015
ADAUSDT,SELL,LIMIT,1701198087128,510,0.38456
ADAUSDT,BUY,LIMIT,1701200497145,14,0.38963
ADAUSDT,BUY,LIMIT,1701200544682,453,0.39011
ADAUSDT,SELL,LIMIT,1701200563420,2,0.38621
ADAUSDT,SELL,LIMIT,1701211832165,205,0.38288
ADAUSDT,SELL,LIMIT,1701211848274,989,0.38254
ADAUSDT,SELL,LIMIT,1701211879300,18,0.38232
ADAUSDT,SELL,LIMIT,1701211904526,90,0.38223
ADAUSDT,SELL,LIMIT,1701211906051,232,0.38201
ADAUSDT,SELL,LIMIT,1701211908357,593,0.38185
ADAUSDT,SELL,LIMIT,1701211936073,189,0.38165
ADAUSDT,SELL,LIMIT,1701211949298,193,0.38145
ADAUSDT,SELL,LIMIT,1701211957608,1867,0.38144
ADAUSDT,SELL,LIMIT,1701211973044,39,0.38126
ADAUSDT,SELL,LIMIT,1701211974941,125,0.38106
ADAUSDT,BUY,LIMIT,1701218015168,11264,0.38849
ADAUSDT,BUY,LIMIT,1701218253896,183,0.38894
ADAUSDT,BUY,LIMIT,1701219744093,7798,0.38916
ADAUSDT,BUY,LIMIT,1701219788124,28,0.38947
ADAUSDT,BUY,LIMIT,1701219904546,2091,0.38923
ADAUSDT,SELL,LIMIT,1701225560280,233,0.38254
ADAUSDT,SELL,LIMIT,1701227105819,2841,0.38215
ADAUSDT,SELL,LIMIT,1701229108198,359,0.38176
ADAUSDT,BUY,LIMIT,1701240720331,80,0.38892
ADAUSDT,BUY,LIMIT,1701240743697,168,0.38902
ADAUSDT,BUY,LIMIT,1701243890952,132,0.38732
ADAUSDT,SELL,LIMIT,1701246428114,39,0.38383
ADAUSDT,BUY,LIMIT,1701247419496,20,0.38913
ADAUSDT,BUY,LIMIT,1701247470256,138,0.38927
ADAUSDT,BUY,LIMIT,1701247652162,3060,0.38970
ADAUSDT,BUY,LIMIT,1701247746886,2050,0.38987
ADAUSDT,BUY,LIMIT,1701247748584,1067,0.38991
ADAUSDT,BUY,LIMIT,1701247792825,575,0.39006
ADAUSDT,BUY,LIMIT,1701247819480,48,0.39009
ADAUSDT,BUY,LIMIT,1701247821353,1000,0.39019
ADAUSDT,BUY,LIMIT,1701247822560,14,0.39032
ADAUSDT,BUY,LIMIT,1701247956339,1498,0.39057
ADAUSDT,BUY,LIMIT,1701248003287,2682,0.39063
ADAUSDT,BUY,LIMIT,1701248040266,116,0.39073
ADAUSDT,BUY,LIMIT,1701248049093,726,0.39086
ADAUSDT,BUY,LIMIT,1701248050166,542,0.39087
ADAUSDT,BUY,LIMIT,1701248083636,27,0.39090
ADAUSDT,BUY,LIMIT,1701248263273,1540,0.39109
ADAUSDT,BUY,LIMIT,1701248275609,220,0.39117
ADAUSDT,SELL,LIMIT,1701248825077,727,0.38706
ADAUSDT,SELL,LIMIT,1701252233482,316,0.38391
ADAUSDT,SELL,LIMIT,1701253171519,304,0.38373
ADAUSDT,SELL,LIMIT,1701253177497,46,0.38372
ADAUSDT,SELL,LIMIT,1701253193209,12853,0.38353
ADAUSDT,SELL,LIMIT,1701253362502,12665,0.38328
ADAUSDT,SELL,LIMIT,1701253410381,13,0.40389
ADAUSDT,SELL,LIMIT,1701253528966,244,0.38317
ADAUSDT,SELL,LIMIT,1701253586249,174,0.38316
ADAUSDT,SELL,LIMIT,1701253614759,97,0.38281
ADAUSDT,SELL,LIMIT,1701253617009,12880,0.38276
ADAUSDT,SELL,LIMIT,1701253684448,141,0.38269
ADAUSDT,SELL,LIMIT,1701254023171,1209,0.38228
ADAUSDT,SELL,LIMIT,1701254042331,6859,0.38214
ADAUSDT,SELL,LIMIT,1701254048364,25840,0.38185
ADAUSDT,SELL,LIMIT,1701254072740,2889,0.38171
ADAUSDT,SELL,LIMIT,1701254305815,56,0.38151
ADAUSDT,SELL,LIMIT,1701254336178,75,0.38146
ADAUSDT,SELL,LIMIT,1701254359581,484,0.38123
ADAUSDT,SELL,LIMIT,1701254361164,2575,0.38114
ADAUSDT,SELL,LIMIT,1701254385209,5663,0.38096
ADAUSDT,SELL,LIMIT,1701254409121,15,0.38089
ADAUSDT,SELL,LIMIT,1701254411525,13014,0.38072
ADAUSDT,SELL,LIMIT,1701254418348,300,0.38069
ADAUSDT,SELL,LIMIT,1701254419500,1000,0.38051
ADAUSDT,SELL,LIMIT,1701254647461,4448,0.38038
ADAUSDT,SELL,LIMIT,1701254648524,1033,0.38049
ADAUSDT,SELL,LIMIT,1701254658263,473,0.38014
ADAUSDT,SELL,LIMIT,1701254694285,1098,0.37987
ADAUSDT,SELL,LIMIT,1701254696175,37,0.37976
ADAUSDT,SELL,LIMIT,1701254706424,37520,0.37888
ADAUSDT,BUY,LIMIT,1701256980439,3817,0.38680
ADAUSDT,BUY,LIMIT,1701261174827,1183,0.38792
ADAUSDT,BUY,LIMIT,1701262815503,52,0.38649
ADAUSDT,SELL,LIMIT,1701263419588,258,0.38329
ADAUSDT,BUY,LIMIT,1701266672022,6700,0.38610
ADAUSDT,SELL,LIMIT,1701267790147,243,0.38081
ADAUSDT,SELL,LIMIT,1701267792213,10,0.38073
ADAUSDT,SELL,LIMIT,1701268376829,5057,0.38041
ADAUSDT,SELL,LIMIT,1701268390792,18,0.38025
ADAUSDT,SELL,LIMIT,1701268433148,357,0.38015
ADAUSDT,SELL,LIMIT,1701268453079,13,0.37983
ADAUSDT,SELL,LIMIT,1701268454751,675,0.37972
ADAUSDT,SELL,LIMIT,1701269155085,13,0.37941
ADAUSDT,SELL,LIMIT,1701269156595,51,0.37936
ADAUSDT,SELL,LIMIT,1701269260284,250,0.37925
ADAUSDT,SELL,LIMIT,1701269299155,4928,0.37891
ADAUSDT,SELL,LIMIT,1701269312394,2565,0.37887
ADAUSDT,SELL,LIMIT,1701270337190,638,0.37888
ADAUSDT,SELL,LIMIT,1701270342618,2255,0.37877
ADAUSDT,SELL,LIMIT,1701270343546,3685,0.37867
ADAUSDT,SELL,LIMIT,1701270405191,40,0.37856
ADAUSDT,SELL,LIMIT,1701270410268,1291,0.37840
ADAUSDT,SELL,LIMIT,1701270418376,68,0.37838
ADAUSDT,SELL,LIMIT,1701270438801,30,0.37823
ADAUSDT,SELL,LIMIT,1701270440185,237,0.37817
ADAUSDT,SELL,LIMIT,1701270442205,15,0.37813
ADAUSDT,SELL,LIMIT,1701270452871,1126,0.37797
ADAUSDT,SELL,LIMIT,1701270534607,248,0.37797
ADAUSDT,SELL,LIMIT,1701270541170,875,0.37767
ADAUSDT,SELL,LIMIT,1701270544163,165,0.37761
ADAUSDT,SELL,LIMIT,1701270545262,1912,0.37752
ADAUSDT,SELL,LIMIT,1701270549001,25859,0.37730
ADAUSDT,SELL,LIMIT,1701270571777,404,0.37884
ADAUSDT,SELL,LIMIT,1701270573010,21,0.37701
ADAUSDT,SELL,LIMIT,1701270584056,1331,0.37663
ADAUSDT,SELL,LIMIT,1701270585233,129234,0.37510
ADAUSDT,SELL,LIMIT,1701270587091,99,0.37643
ADAUSDT,SELL,LIMIT,1701270592566,997,0.37651
ADAUSDT,SELL,LIMIT,1701270616354,1013,0.37632
ADAUSDT,SELL,LIMIT,1701270617523,2886,0.37625
ADAUSDT,SELL,LIMIT,1701270618444,9132,0.37589
ADAUSDT,SELL,LIMIT,1701270845384,2818,0.37607
ADAUSDT,BUY,LIMIT,1701272020040,4971,0.38129
ADAUSDT,BUY,LIMIT,1701273753109,43,0.38414
ADAUSDT,BUY,LIMIT,1701273754140,19,0.38382
ADAUSDT,BUY,LIMIT,1701273756467,27,0.38479
ADAUSDT,BUY,LIMIT,1701273757539,1322,0.38606
ADAUSDT,BUY,LIMIT,1701273758884,274,0.38620
ADAUSDT,BUY,LIMIT,1701273762226,10173,0.38684
ADAUSDT,BUY,LIMIT,1701273763372,584,0.38685
ADAUSDT,BUY,LIMIT,1701274187222,25135,0.38747
ADAUSDT,BUY,LIMIT,1701274222644,172,0.38783
ADAUSDT,BUY,LIMIT,1701274228228,95,0.38800
ADAUSDT,BUY,LIMIT,1701274264747,29,0.38837
ADAUSDT,SELL,LIMIT,1701274826913,9838,0.38129
ADAUSDT,SELL,LIMIT,1701275490921,4027,0.37963
ADAUSDT,BUY,LIMIT,1701276544452,16,0.38578
ADAUSDT,BUY,LIMIT,1701276800160,131,0.38619
ADAUSDT,BUY,LIMIT,1701279963294,13117,0.38719
ADAUSDT,BUY,LIMIT,1701279966316,32492,0.38799
ADAUSDT,BUY,LIMIT,1701280161287,664,0.38814
ADAUSDT,BUY,LIMIT,1701280162293,94,0.38824
ADAUSDT,BUY,LIMIT,1701280490539,4166,0.38865
ADAUSDT,BUY,LIMIT,1701280498502,456,0.38878
ADAUSDT,BUY,LIMIT,1701280505309,1264,0.38888
ADAUSDT,BUY,LIMIT,1701280510429,18,0.38896
ADAUSDT,BUY,LIMIT,1701280515524,915,0.38906
ADAUSDT,BUY,LIMIT,1701280519726,932,0.38925
ADAUSDT,BUY,LIMIT,1701283614046,2,0.38749
ADAUSDT,SELL,LIMIT,1701283763760,154,0.38693
ADAUSDT,SELL,LIMIT,1701283835066,1931,0.38499
ADAUSDT,BUY,LIMIT,1701284489716,17,0.38843
ADAUSDT,SELL,LIMIT,1701284836755,16,0.38470
ADAUSDT,BUY,LIMIT,1701284927505,17,0.38860
ADAUSDT,BUY,LIMIT,1701284957154,17,0.38885
ADAUSDT,BUY,LIMIT,1701284958291,17,0.38883
ADAUSDT,BUY,LIMIT,1701284959455,17,0.38885
ADAUSDT,BUY,LIMIT,1701285040276,3068,0.38883
ADAUSDT,BUY,LIMIT,1701285446589,17,0.38823
ADAUSDT,BUY,LIMIT,1701286385756,16,0.38678
ADAUSDT,SELL,LIMIT,1701286600025,503,0.38235
ADAUSDT,BUY,LIMIT,1701288213854,17,0.38757
ADAUSDT,BUY,LIMIT,1701288294169,17,0.38752
ADAUSDT,BUY,LIMIT,1701288565285,17,0.38729
ADAUSDT,SELL,LIMIT,1701289626789,297,0.38193
ADAUSDT,SELL,LIMIT,1701289628148,40,0.38190
ADAUSDT,SELL,LIMIT,1701289690177,16,0.38169
ADAUSDT,SELL,LIMIT,1701290136120,189,0.38111
ADAUSDT,SELL,LIMIT,1701290177321,326,0.38099
ADAUSDT,SELL,LIMIT,1701290182813,115,0.38096
ADAUSDT,SELL,LIMIT,1701290338291,324,0.38069
ADAUSDT,SELL,LIMIT,1701290342493,76,0.38055
ADAUSDT,SELL,LIMIT,1701290345035,41,0.38043
ADAUSDT,SELL,LIMIT,1701290355194,778,0.38025
ADAUSDT,SELL,LIMIT,1701293523287,35,0.37966
ADAUSDT,SELL,LIMIT,1701293884960,18,0.37957
ADAUSDT,SELL,LIMIT,1701294430557,13,0.37935
ADAUSDT,SELL,LIMIT,1701294465024,388,0.37926
ADAUSDT,BUY,LIMIT,1701295821887,168,0.38406
ADAUSDT,SELL,LIMIT,1701300065177,249,0.38017
ADAUSDT,SELL,LIMIT,1701300263248,7014,0.37931
ADAUSDT,SELL,LIMIT,1701304567306,16,0.38087
ADAUSDT,BUY,LIMIT,1701304814367,17,0.38350
ADAUSDT,SELL,LIMIT,1701306079337,3012,0.37868
ADAUSDT,SELL,LIMIT,1701306223986,282,0.37848
ADAUSDT,SELL,LIMIT,1701306225117,1406,0.37837
ADAUSDT,SELL,LIMIT,1701306410150,2670,0.37823
ADAUSDT,SELL,LIMIT,1701306411393,103,0.37823
ADAUSDT,SELL,LIMIT,1701306428175,1414,0.37805
ADAUSDT,SELL,LIMIT,1701306429285,30,0.37802
ADAUSDT,SELL,LIMIT,1701306431847,114,0.37783
ADAUSDT,BUY,LIMIT,1701307211998,17,0.38290
ADAUSDT,SELL,LIMIT,1701309254747,79,0.37772
ADAUSDT,SELL,LIMIT,1701309260652,25,0.37760
ADAUSDT,SELL,LIMIT,1701309262712,1447,0.37749
ADAUSDT,SELL,LIMIT,1701309263730,1235,0.37741
ADAUSDT,SELL,LIMIT,1701309265609,70,0.37741
ADAUSDT,SELL,LIMIT,1701309294061,1681,0.37728
ADAUSDT,SELL,LIMIT,1701309415699,3556,0.37718
ADAUSDT,SELL,LIMIT,1701309612815,4000,0.37694
ADAUSDT,SELL,LIMIT,1701309651480,585,0.37684
ADAUSDT,SELL,LIMIT,1701310947131,1440,0.37670
ADAUSDT,SELL,LIMIT,1701310986501,1274,0.37652
ADAUSDT,BUY,LIMIT,1701317429397,742,0.38430
ADAUSDT,SELL,LIMIT,1701320498878,11734,0.37731
ADAUSDT,SELL,LIMIT,1701320519197,6541,0.37720
ADAUSDT,SELL,LIMIT,1701320811271,26,0.37710
ADAUSDT,SELL,LIMIT,1701320814454,453,0.37697
ADAUSDT,SELL,LIMIT,1701320817183,394,0.37689
ADAUSDT,SELL,LIMIT,1701320933321,7204,0.37669
ADAUSDT,SELL,LIMIT,1701321124424,2500,0.37650
ADAUSDT,SELL,LIMIT,1701321126912,5677,0.37644
ADAUSDT,SELL,LIMIT,1701321149159,146,0.37637
ADAUSDT,SELL,LIMIT,1701321452217,4359,0.37630
ADAUSDT,SELL,LIMIT,1701321486381,1203,0.37628
ADAUSDT,SELL,LIMIT,1701321618506,127774,0.37463
ADAUSDT,SELL,LIMIT,1701321620253,152,0.37615
ADAUSDT,SELL,LIMIT,1701321679502,7900,0.37613
ADAUSDT,SELL,LIMIT,1701321696032,2000,0.37606
ADAUSDT,SELL,LIMIT,1701321701643,16,0.37597
ADAUSDT,SELL,LIMIT,1701321903185,25516,0.37558
ADAUSDT,SELL,LIMIT,1701323321902,540,0.37560
ADAUSDT,SELL,LIMIT,1701323324510,257,0.37549
ADAUSDT,SELL,LIMIT,1701323356085,1805,0.37535
ADAUSDT,SELL,LIMIT,1701323363080,103,0.37536
ADAUSDT,SELL,LIMIT,1701323721156,290,0.37528
ADAUSDT,SELL,LIMIT,1701323748809,28441,0.37484
ADAUSDT,SELL,LIMIT,1701323750100,5296,0.37506
ADAUSDT,SELL,LIMIT,1701323751198,24,0.37502
ADAUSDT,SELL,LIMIT,1701323759118,1300,0.37497
ADAUSDT,SELL,LIMIT,1701323773931,6676,0.37483
ADAUSDT,SELL,LIMIT,1701324198836,135,0.37472
ADAUSDT,SELL,LIMIT,1701326813294,305,0.37498
ADAUSDT,SELL,LIMIT,1701331617159,3013,0.37460
ADAUSDT,SELL,LIMIT,1701331619983,190,0.37457
ADAUSDT,SELL,LIMIT,1701331641217,426,0.37436
ADAUSDT,SELL,LIMIT,1701331646753,1273,0.37434
ADAUSDT,SELL,LIMIT,1701331716098,6728,0.37418
ADAUSDT,SELL,LIMIT,1701331717237,82966,0.37281
ADAUSDT,SELL,LIMIT,1701331718636,115,0.37403
ADAUSDT,SELL,LIMIT,1701331720174,1306,0.37383
ADAUSDT,SELL,LIMIT,1701331721256,8757,0.37376
ADAUSDT,SELL,LIMIT,1701331722302,151,0.37377
ADAUSDT,SELL,LIMIT,1701331732044,44,0.37361
ADAUSDT,SELL,LIMIT,1701331734915,7268,0.37361
ADAUSDT,SELL,LIMIT,1701331740090,12953,0.37345
ADAUSDT,SELL,LIMIT,1701331741312,400,0.37353
ADAUSDT,SELL,LIMIT,1701331747129,903,0.37341
ADAUSDT,SELL,LIMIT,1701331777590,4057,0.37377
ADAUSDT,SELL,LIMIT,1701332787110,39,0.37335
ADAUSDT,SELL,LIMIT,1701332788813,26,0.37324
ADAUSDT,SELL,LIMIT,1701333052052,3212,0.37199
ADAUSDT,SELL,LIMIT,1701333053063,199,0.37304
ADAUSDT,SELL,LIMIT,1701333054225,4811,0.37182
ADAUSDT,SELL,LIMIT,1701333056181,4948,0.37161
ADAUSDT,SELL,LIMIT,1701333057233,3374,0.37169
ADAUSDT,SELL,LIMIT,1701333059187,186,0.37162
ADAUSDT,SELL,LIMIT,1701333062238,453,0.37143
ADAUSDT,SELL,LIMIT,1701333219097,20,0.37142
ADAUSDT,SELL,LIMIT,1701333220288,4849,0.37136
ADAUSDT,SELL,LIMIT,1701333222122,63,0.37129
ADAUSDT,SELL,LIMIT,1701333363057,763,0.37111
ADAUSDT,SELL,LIMIT,1701333485941,14,0.37096
ADAUSDT,SELL,LIMIT,1701333501066,13171,0.37088
ADAUSDT,SELL,LIMIT,1701333509370,1482,0.37086
ADAUSDT,SELL,LIMIT,1701333549445,1882,0.37076
ADAUSDT,SELL,LIMIT,1701333560355,656,0.37071
ADAUSDT,SELL,LIMIT,1701333564381,5266,0.37068
ADAUSDT,SELL,LIMIT,1701333672921,482,0.37057
ADAUSDT,SELL,LIMIT,1701333674021,25961,0.37042
ADAUSDT,SELL,LIMIT,1701333680250,568,0.37053
ADAUSDT,BUY,LIMIT,1701340170494,207,0.37728
ADAUSDT,BUY,LIMIT,1701345540242,77,0.37903
ADAUSDT,SELL,LIMIT,1701350175086,1045,0.37215
ADAUSDT,SELL,LIMIT,1701352506543,117,0.37191
ADAUSDT,SELL,LIMIT,1701352525270,11813,0.37142
ADAUSDT,SELL,LIMIT,1701352531176,1101,0.37124
ADAUSDT,SELL,LIMIT,1701352532289,62,0.37130
ADAUSDT,SELL,LIMIT,1701352999509,24,0.37118
ADAUSDT,SELL,LIMIT,1701353003869,13304,0.37088
ADAUSDT,SELL,LIMIT,1701353010710,2266,0.37069
ADAUSDT,SELL,LIMIT,1701353012373,19,0.37039
ADAUSDT,SELL,LIMIT,1701353013705,15,0.37034
ADAUSDT,SELL,LIMIT,1701353015991,17,0.37020
ADAUSDT,SELL,LIMIT,1701355166217,4714,0.37013
ADAUSDT,SELL,LIMIT,1701355202888,33,0.37007
ADAUSDT,BUY,LIMIT,1701356522350,4000,0.37709
ADAUSDT,SELL,LIMIT,1701358898138,10000,0.37368
ADAUSDT,BUY,LIMIT,1701365453992,2404,0.37787
ADAUSDT,BUY,LIMIT,1701367477113,3339,0.37809
ADAUSDT,BUY,LIMIT,1701368801062,189,0.37893
ADAUSDT,SELL,LIMIT,1701385272208,149,0.37451
ADAUSDT,BUY,LIMIT,1701393586614,16,0.37781
ADAUSDT,BUY,LIMIT,1701393588051,19,0.37777
ADAUSDT,BUY,LIMIT,1701393766724,114,0.37859
ADAUSDT,BUY,LIMIT,1701393807674,746,0.37872
ADAUSDT,BUY,LIMIT,1701393811874,11228,0.37886
ADAUSDT,BUY,LIMIT,1701393821023,1453,0.37892
ADAUSDT,BUY,LIMIT,1701393914023,545,0.37930
ADAUSDT,BUY,LIMIT,1701393967771,201,0.37949
ADAUSDT,BUY,LIMIT,1701394162562,8176,0.37975
ADAUSDT,BUY,LIMIT,1701394242227,2550,0.37995
ADAUSDT,BUY,LIMIT,1701394244066,21,0.37999
ADAUSDT,BUY,LIMIT,1701394245354,14,0.38016
ADAUSDT,BUY,LIMIT,1701394251191,989,0.38025
ADAUSDT,BUY,LIMIT,1701394570646,177,0.38034
ADAUSDT,BUY,LIMIT,1701394647308,19,0.38043
ADAUSDT,BUY,LIMIT,1701394796245,13333,0.38039
ADAUSDT,BUY,LIMIT,1701395212219,267,0.38055
ADAUSDT,BUY,LIMIT,1701395491807,22,0.38095
ADAUSDT,BUY,LIMIT,1701395505843,24,0.38102
ADAUSDT,BUY,LIMIT,1701395538612,13153,0.38125
ADAUSDT,BUY,LIMIT,1701397370365,5356,0.38142
ADAUSDT,BUY,LIMIT,1701397372739,582,0.38142
ADAUSDT,BUY,LIMIT,1701398084253,9986,0.38168
ADAUSDT,BUY,LIMIT,1701398282618,74,0.38176
ADAUSDT,BUY,LIMIT,1701398631910,17,0.38182
ADAUSDT,BUY,LIMIT,1701398634359,802,0.38207
ADAUSDT,BUY,LIMIT,1701398747484,25795,0.38262
ADAUSDT,BUY,LIMIT,1701399011093,5033,0.38249
ADAUSDT,BUY,LIMIT,1701399028183,74,0.38276
ADAUSDT,BUY,LIMIT,1701399042141,13241,0.38286
ADAUSDT,BUY,LIMIT,1701399048794,174,0.38296
ADAUSDT,SELL,LIMIT,1701401489218,192,0.37738
ADAUSDT,BUY,LIMIT,1701404037249,349,0.38083
ADAUSDT,BUY,LIMIT,1701404893470,2185,0.38098
ADAUSDT,BUY,LIMIT,1701405515309,14,0.38239
ADAUSDT,SELL,LIMIT,1701410533348,33,0.37601
ADAUSDT,SELL,LIMIT,1701410695759,95,0.37583
ADAUSDT,SELL,LIMIT,1701410870988,179,0.37551
ADAUSDT,BUY,LIMIT,1701414447899,1047,0.38131
ADAUSDT,BUY,LIMIT,1701415132233,27,0.38268
ADAUSDT,BUY,LIMIT,1701421862923,2370,0.38250
ADAUSDT,BUY,LIMIT,1701422231209,402,0.38338
ADAUSDT,BUY,LIMIT,1701422240761,94,0.38342
ADAUSDT,BUY,LIMIT,1701422246621,43391,0.38471
ADAUSDT,BUY,LIMIT,1701422317431,1320,0.38365
ADAUSDT,BUY,LIMIT,1701422319205,1065,0.37892
ADAUSDT,BUY,LIMIT,1701422320446,1453,0.38373
ADAUSDT,BUY,LIMIT,1701422324247,5000,0.38387
ADAUSDT,BUY,LIMIT,1701422348029,197,0.38390
ADAUSDT,BUY,LIMIT,1701422737603,425,0.38416
ADAUSDT,BUY,LIMIT,1701424394074,942,0.38448
ADAUSDT,BUY,LIMIT,1701424581558,2574,0.38457
ADAUSDT,BUY,LIMIT,1701424610599,14,0.38462
ADAUSDT,BUY,LIMIT,1701424620674,772,0.38469
ADAUSDT,BUY,LIMIT,1701424703144,1453,0.38465
ADAUSDT,BUY,LIMIT,1701424808061,84,0.38470
ADAUSDT,BUY,LIMIT,1701424823091,1068,0.38489
ADAUSDT,BUY,LIMIT,1701424849358,22,0.38497
ADAUSDT,BUY,LIMIT,1701424959642,2228,0.38497
ADAUSDT,BUY,LIMIT,1701425084099,10000,0.38500
ADAUSDT,SELL,LIMIT,1701434494527,670,0.37890
ADAUSDT,SELL,LIMIT,1701434677294,169,0.37898
ADAUSDT,SELL,LIMIT,1701434977655,169,0.37798
ADAUSDT,SELL,LIMIT,1701435034458,3392,0.37776
ADAUSDT,SELL,LIMIT,1701435142800,1633,0.37908
ADAUSDT,SELL,LIMIT,1701438180472,3834,0.37926
ADAUSDT,SELL,LIMIT,1701438555812,14,0.38071
ADAUSDT,SELL,LIMIT,1701440101045,7836,0.37739
ADAUSDT,SELL,LIMIT,1701440288768,1785,0.37729
ADAUSDT,SELL,LIMIT,1701440338393,18,0.37713
ADAUSDT,SELL,LIMIT,1701440352539,214,0.37707
ADAUSDT,BUY,LIMIT,1701441615034,1196,0.38343
ADAUSDT,SELL,LIMIT,1701442242100,13096,0.37811
ADAUSDT,SELL,LIMIT,1701446498919,56,0.37962
ADAUSDT,BUY,LIMIT,1701447291436,13182,0.38431
ADAUSDT,BUY,LIMIT,1701447432263,207,0.38440
ADAUSDT,BUY,LIMIT,1701447495259,27,0.38461
ADAUSDT,BUY,LIMIT,1701447509590,200,0.38471
ADAUSDT,BUY,LIMIT,1701447552713,31,0.38517
ADAUSDT,BUY,LIMIT,1701447555611,3135,0.38521
ADAUSDT,BUY,LIMIT,1701447575829,159,0.38542
ADAUSDT,BUY,LIMIT,1701447586814,729,0.38544
ADAUSDT,BUY,LIMIT,1701447914708,199,0.38570
ADAUSDT,BUY,LIMIT,1701447920298,199,0.38561
ADAUSDT,BUY,LIMIT,1701447944223,1004,0.38572
ADAUSDT,BUY,LIMIT,1701448078390,2500,0.38600
ADAUSDT,BUY,LIMIT,1701448087191,1820,0.38614
ADAUSDT,BUY,LIMIT,1701448132823,1691,0.38602
ADAUSDT,SELL,LIMIT,1701448533570,1084,0.38311
ADAUSDT,BUY,LIMIT,1701451694674,430,0.38427
ADAUSDT,BUY,LIMIT,1701460586837,1000,0.38662
ADAUSDT,SELL,LIMIT,1701460912074,389,0.38278
ADAUSDT,BUY,LIMIT,1701461016918,328,0.38701
ADAUSDT,BUY,LIMIT,1701461021496,1469,0.38705
ADAUSDT,BUY,LIMIT,1701461149289,20,0.38744
ADAUSDT,BUY,LIMIT,1701461150375,643,0.38752
ADAUSDT,BUY,LIMIT,1701479832436,3204,0.38598
ADAUSDT,BUY,LIMIT,1701480454791,2538,0.38656
ADAUSDT,BUY,LIMIT,1701482379495,437,0.38705
ADAUSDT,BUY,LIMIT,1701482540128,9202,0.38720
ADAUSDT,SELL,LIMIT,1701486003095,101,0.44290
ADAUSDT,BUY,LIMIT,1701486005976,54,0.27696
ADAUSDT,BUY,LIMIT,1701488215063,1497,0.38682
ADAUSDT,BUY,LIMIT,1701488950187,2134,0.38797
ADAUSDT,BUY,LIMIT,1701488982714,67,0.38816
ADAUSDT,BUY,LIMIT,1701488994842,14656,0.38825
ADAUSDT,BUY,LIMIT,1701489070143,642,0.38833
ADAUSDT,BUY,LIMIT,1701489619101,1352,0.38837
ADAUSDT,BUY,LIMIT,1701489637648,73,0.38842
ADAUSDT,SELL,LIMIT,1701490521472,927,0.38426
ADAUSDT,BUY,LIMIT,1701491752853,18055,0.38867
ADAUSDT,BUY,LIMIT,1701498273064,454,0.38842
ADAUSDT,BUY,LIMIT,1701499914151,1178,0.38831
ADAUSDT,BUY,LIMIT,1701500317935,2011,0.38853
ADAUSDT,BUY,LIMIT,1701500513545,115,0.38866
ADAUSDT,BUY,LIMIT,1701500536134,844,0.38871
ADAUSDT,BUY,LIMIT,1701500539249,26,0.38875
ADAUSDT,BUY,LIMIT,1701500556166,190,0.38882
ADAUSDT,BUY,LIMIT,1701500675072,133,0.38887
ADAUSDT,BUY,LIMIT,1701500677187,1086,0.38893
ADAUSDT,BUY,LIMIT,1701500684744,9300,0.38900
ADAUSDT,BUY,LIMIT,1701500708258,69,0.38905
ADAUSDT,BUY,LIMIT,1701500729767,15,0.38913
ADAUSDT,BUY,LIMIT,1701500909487,1076,0.38893
ADAUSDT,BUY,LIMIT,1701504283728,104,0.38936
ADAUSDT,BUY,LIMIT,1701504293023,2095,0.38940
ADAUSDT,BUY,LIMIT,1701504296097,197,0.38942
ADAUSDT,BUY,LIMIT,1701504299175,383,0.38944
ADAUSDT,BUY,LIMIT,1701504351687,1091,0.38980
ADAUSDT,BUY,LIMIT,1701504422571,11509,0.38993
ADAUSDT,BUY,LIMIT,1701504477473,3601,0.39013
ADAUSDT,BUY,LIMIT,1701504478704,1960,0.39017
ADAUSDT,BUY,LIMIT,1701508213116,2209,0.39041
ADAUSDT,BUY,LIMIT,1701508224396,1849,0.39049
ADAUSDT,BUY,LIMIT,1701508236160,177,0.39055
ADAUSDT,BUY,LIMIT,1701508238781,19,0.39058
ADAUSDT,BUY,LIMIT,1701508245192,48,0.39062
ADAUSDT,BUY,LIMIT,1701508266142,119,0.39062
ADAUSDT,BUY,LIMIT,1701508542059,59,0.39052
ADAUSDT,BUY,LIMIT,1701508620141,5,0.39078
ADAUSDT,BUY,LIMIT,1701508651027,363,0.39082
ADAUSDT,BUY,LIMIT,1701508689004,518,0.39090
ADAUSDT,BUY,LIMIT,1701508701668,2021,0.39093
ADAUSDT,BUY,LIMIT,1701508796829,989,0.39078
ADAUSDT,BUY,LIMIT,1701509243767,43,0.39099
ADAUSDT,BUY,LIMIT,1701509245581,1014,0.39098
ADAUSDT,BUY,LIMIT,1701509354544,4281,0.39107
ADAUSDT,BUY,LIMIT,1701509365086,2249,0.39114
ADAUSDT,BUY,LIMIT,1701509368186,703,0.39120
ADAUSDT,BUY,LIMIT,1701509416153,753,0.39130
ADAUSDT,BUY,LIMIT,1701509417696,1076,0.39138
ADAUSDT,BUY,LIMIT,1701509704208,3766,0.39149
ADAUSDT,BUY,LIMIT,1701509727014,446,0.39162
ADAUSDT,BUY,LIMIT,1701509812086,5896,0.39173
ADAUSDT,BUY,LIMIT,1701509854835,5904,0.39191
ADAUSDT,BUY,LIMIT,1701509901158,359,0.39195
ADAUSDT,BUY,LIMIT,1701509995152,51,0.39220
ADAUSDT,BUY,LIMIT,1701510012034,102,0.39242
ADAUSDT,BUY,LIMIT,1701510020024,312,0.39248
ADAUSDT,BUY,LIMIT,1701510028096,1911,0.39258
ADAUSDT,BUY,LIMIT,1701510153361,6682,0.39269
ADAUSDT,BUY,LIMIT,1701510155739,131,0.39274
ADAUSDT,BUY,LIMIT,1701510278544,10000,0.39235
