Symbol,Side,Order Type,Time,Quantity,Price
ADAUSDT,BUY,LIMIT,1701065765913,2089,0.38806
ADAUSDT,BUY,LIMIT,1701065778044,7971,0.38809
ADAUSDT,BUY,LIMIT,1701067110072,171,0.38864
ADAUSDT,SELL,LIMIT,1701067750903,534,0.38326
ADAUSDT,BUY,LIMIT,1701068054068,224,0.38672
ADAUSDT,SELL,LIMIT,1701068159708,491,0.38156
ADAUSDT,BUY,LIMIT,1701069011849,70,0.38629
ADAUSDT,SELL,LIMIT,1701069526858,3668,0.38113
ADAUSDT,SELL,LIMIT,1701069549425,24,0.38085
ADAUSDT,SELL,LIMIT,1701069556123,1293,0.38067
ADAUSDT,SELL,LIMIT,1701069558097,138,0.38067
ADAUSDT,SELL,LIMIT,1701069575506,14,0.38049
ADAUSDT,SELL,LIMIT,1701069612473,997,0.38035
ADAUSDT,SELL,LIMIT,1701069632843,5128,0.38018
ADAUSDT,SELL,LIMIT,1701069639216,1938,0.37998
ADAUSDT,SELL,LIMIT,1701069640340,13017,0.38014
ADAUSDT,SELL,LIMIT,1701069776759,200,0.38038
ADAUSDT,SELL,LIMIT,1701069795705,216,0.39320
ADAUSDT,SELL,LIMIT,1701069857198,861,0.37944
ADAUSDT,SELL,LIMIT,1701069862545,27,0.37937
ADAUSDT,SELL,LIMIT,1701069880981,16,0.37917
ADAUSDT,SELL,LIMIT,1701069882468,4937,0.37906
ADAUSDT,SELL,LIMIT,1701069886217,338,0.37890
ADAUSDT,SELL,LIMIT,1701069888494,17,0.37887
ADAUSDT,SELL,LIMIT,1701069898212,568,0.37864
ADAUSDT,SELL,LIMIT,1701069899254,133446,0.37733
ADAUSDT,SELL,LIMIT,1701069901081,125,0.37844
ADAUSDT,SELL,LIMIT,1701069910018,4718,0.37838
ADAUSDT,SELL,LIMIT,1701070172362,20722,0.37792
ADAUSDT,SELL,LIMIT,1701070173617,770,0.37792
ADAUSDT,SELL,LIMIT,1701070439570,1032,0.37817
ADAUSDT,BUY,LIMIT,1701070696969,30,0.38395
ADAUSDT,BUY,LIMIT,1701072586681,500,0.38572
ADAUSDT,BUY,LIMIT,1701072615313,525,0.38594
ADAUSDT,BUY,LIMIT,1701072706023,2411,0.38636
ADAUSDT,BUY,LIMIT,1701073457850,392,0.38622
ADAUSDT,BUY,LIMIT,1701074339722,3246,0.38462
ADAUSDT,BUY,LIMIT,1701076552904,2281,0.38742
ADAUSDT,BUY,LIMIT,1701076915216,50,0.38600
ADAUSDT,BUY,LIMIT,1701077399082,22,0.38647
ADAUSDT,SELL,LIMIT,1701080560539,5000,0.38087
ADAUSDT,SELL,LIMIT,1701080617047,25,0.38045
ADAUSDT,SELL,LIMIT,1701080684151,9066,0.38030
ADAUSDT,SELL,LIMIT,1701080856199,262,0.37968
ADAUSDT,SELL,LIMIT,1701081198546,19,0.37949
ADAUSDT,SELL,LIMIT,1701081276077,88,0.37919
ADAUSDT,SELL,LIMIT,1701081437409,20,0.37869
ADAUSDT,SELL,LIMIT,1701081439266,4021,0.37848
ADAUSDT,SELL,LIMIT,1701081494211,383,0.37803
ADAUSDT,SELL,LIMIT,1701081579267,5235,0.37813
ADAUSDT,SELL,LIMIT,1701081581020,1458,0.37928
ADAUSDT,SELL,LIMIT,1701081610218,6134,0.37792
ADAUSDT,SELL,LIMIT,1701081963233,4134,0.37825
ADAUSDT,SELL,LIMIT,1701082010168,942,0.37793
ADAUSDT,SELL,LIMIT,1701082021273,154,0.37767
ADAUSDT,SELL,LIMIT,1701082118570,5000,0.37743
ADAUSDT,SELL,LIMIT,1701082122794,1510,0.37742
ADAUSDT,SELL,LIMIT,1701082671932,387,0.37734
ADAUSDT,SELL,LIMIT,1701082676136,16852,0.37713
ADAUSDT,SELL,LIMIT,1701082693351,1742,0.37710
ADAUSDT,SELL,LIMIT,1701082698392,126,0.37701
ADAUSDT,SELL,LIMIT,1701082705686,2743,0.37702
ADAUSDT,SELL,LIMIT,1701083399784,529,0.37893
ADAUSDT,SELL,LIMIT,1701084930732,22,0.37667
ADAUSDT,SELL,LIMIT,1701086578201,109,0.37851
ADAUSDT,SELL,LIMIT,1701086704682,13115,0.37862
ADAUSDT,SELL,LIMIT,1701091161437,2078,0.37655
ADAUSDT,SELL,LIMIT,1701091163207,616,0.37637
ADAUSDT,SELL,LIMIT,1701091164215,2,0.37635
ADAUSDT,SELL,LIMIT,1701092748062,6863,0.37620
ADAUSDT,SELL,LIMIT,1701092751020,90,0.37615
ADAUSDT,SELL,LIMIT,1701092759019,12078,0.37601
ADAUSDT,SELL,LIMIT,1701093055656,693,0.37593
ADAUSDT,SELL,LIMIT,1701093076422,9052,0.37583
ADAUSDT,SELL,LIMIT,1701093081997,9173,0.37582
ADAUSDT,SELL,LIMIT,1701093089399,1865,0.37575
ADAUSDT,SELL,LIMIT,1701093100475,1484,0.37565
ADAUSDT,SELL,LIMIT,1701093103897,2695,0.37565
ADAUSDT,SELL,LIMIT,1701093109241,2482,0.37561
ADAUSDT,SELL,LIMIT,1701093117049,2781,0.37545
ADAUSDT,SELL,LIMIT,1701093119640,5550,0.37546
ADAUSDT,SELL,LIMIT,1701093121160,1002,0.37543
ADAUSDT,SELL,LIMIT,1701093124412,405,0.37537
ADAUSDT,SELL,LIMIT,1701093136646,28,0.37533
ADAUSDT,SELL,LIMIT,1701093137511,16,0.37514
ADAUSDT,SELL,LIMIT,1701095546414,1990,0.37517
ADAUSDT,SELL,LIMIT,1701095549204,406,0.37510
ADAUSDT,SELL,LIMIT,1701095552406,14,0.37502
ADAUSDT,SELL,LIMIT,1701095554449,1960,0.37496
ADAUSDT,SELL,LIMIT,1701095556393,987,0.37485
ADAUSDT,SELL,LIMIT,1701095565918,1012,0.37479
ADAUSDT,SELL,LIMIT,1701095572258,101,0.37482
ADAUSDT,SELL,LIMIT,1701095574183,2362,0.37478
ADAUSDT,SELL,LIMIT,1701095587535,41742,0.37390
ADAUSDT,SELL,LIMIT,1701095590059,6146,0.37469
ADAUSDT,SELL,LIMIT,1701095591070,55,0.37463
ADAUSDT,SELL,LIMIT,1701095592555,615,0.37462
ADAUSDT,SELL,LIMIT,1701095594102,150,0.37459
ADAUSDT,SELL,LIMIT,1701095595383,521,0.37452
ADAUSDT,SELL,LIMIT,1701095597169,631,0.37446
ADAUSDT,SELL,LIMIT,1701095598503,82,0.37447
ADAUSDT,SELL,LIMIT,1701095601200,253,0.37434
ADAUSDT,SELL,LIMIT,1701095612287,26048,0.37411
ADAUSDT,SELL,LIMIT,1701095613117,549,0.37430
ADAUSDT,SELL,LIMIT,1701096792228,1508,0.37399
ADAUSDT,SELL,LIMIT,1701096797797,2826,0.37403
ADAUSDT,SELL,LIMIT,1701097015504,13165,0.37395
ADAUSDT,SELL,LIMIT,1701097022636,1407,0.37383
ADAUSDT,SELL,LIMIT,1701097032196,2163,0.37376
ADAUSDT,SELL,LIMIT,1701097035136,2274,0.37372
ADAUSDT,SELL,LIMIT,1701097079510,800,0.37370
ADAUSDT,SELL,LIMIT,1701097083182,401,0.37362
ADAUSDT,SELL,LIMIT,1701097086275,255,0.37358
ADAUSDT,SELL,LIMIT,1701097088555,1536,0.37356
ADAUSDT,SELL,LIMIT,1701097089675,50,0.37354
ADAUSDT,SELL,LIMIT,1701097091199,1839,0.37352
ADAUSDT,SELL,LIMIT,1701097096113,5061,0.37323
ADAUSDT,SELL,LIMIT,1701097102058,25,0.37315
ADAUSDT,BUY,LIMIT,1701097373905,163,0.37908
ADAUSDT,BUY,LIMIT,1701097458664,1731,0.38014
ADAUSDT,BUY,LIMIT,1701098178312,1357,0.38096
ADAUSDT,BUY,LIMIT,1701098194221,9000,0.38131
ADAUSDT,BUY,LIMIT,1701098611186,553,0.38157
ADAUSDT,SELL,LIMIT,1701100147005,13238,0.37482
ADAUSDT,SELL,LIMIT,1701100164480,2152,0.37444
ADAUSDT,SELL,LIMIT,1701100216102,595,0.37434
ADAUSDT,SELL,LIMIT,1701100221293,14,0.37488
ADAUSDT,SELL,LIMIT,1701100271052,830,0.37389
ADAUSDT,BUY,LIMIT,1701100284972,767,0.37768
ADAUSDT,SELL,LIMIT,1701100513231,4,0.37459
ADAUSDT,SELL,LIMIT,1701100529909,14,0.37413
ADAUSDT,SELL,LIMIT,1701100571216,6000,0.37361
ADAUSDT,SELL,LIMIT,1701100572847,3000,0.37361
ADAUSDT,SELL,LIMIT,1701100574420,15,0.37359
ADAUSDT,SELL,LIMIT,1701100588595,254,0.37315
ADAUSDT,SELL,LIMIT,1701100602652,23,0.37313
ADAUSDT,SELL,LIMIT,1701100606051,380,0.37296
ADAUSDT,SELL,LIMIT,1701100607069,48,0.37298
ADAUSDT,SELL,LIMIT,1701100624165,978,0.37333
ADAUSDT,SELL,LIMIT,1701100625401,10281,0.37285
ADAUSDT,SELL,LIMIT,1701100631121,65,0.37265
ADAUSDT,SELL,LIMIT,1701100640083,1852,0.37247
ADAUSDT,SELL,LIMIT,1701100641122,9451,0.37242
ADAUSDT,SELL,LIMIT,1701100780119,100,0.37302
ADAUSDT,SELL,LIMIT,1701101007837,104,0.37317
ADAUSDT,SELL,LIMIT,1701101009234,575,0.37319
ADAUSDT,SELL,LIMIT,1701101174314,3728,0.37286
ADAUSDT,SELL,LIMIT,1701103619839,56,0.37669
ADAUSDT,BUY,LIMIT,1701105109087,52,0.38191
ADAUSDT,BUY,LIMIT,1701105141533,881,0.38203
ADAUSDT,SELL,LIMIT,1701107453742,113,0.37541
ADAUSDT,SELL,LIMIT,1701107565759,4364,0.37480
ADAUSDT,SELL,LIMIT,1701107567277,648,0.37478
ADAUSDT,SELL,LIMIT,1701111097894,13196,0.37605
ADAUSDT,SELL,LIMIT,1701111637498,8553,0.37436
ADAUSDT,SELL,LIMIT,1701111643057,388,0.37433
ADAUSDT,SELL,LIMIT,1701111922493,1126,0.37438
ADAUSDT,SELL,LIMIT,1701111929486,289,0.37430
ADAUSDT,SELL,LIMIT,1701112037593,131,0.37418
ADAUSDT,SELL,LIMIT,1701112081427,45,0.37389
ADAUSDT,SELL,LIMIT,1701112143030,14,0.37406
ADAUSDT,SELL,LIMIT,1701112195384,2004,0.37349
ADAUSDT,SELL,LIMIT,1701112207264,2830,0.37342
ADAUSDT,SELL,LIMIT,1701114163936,4763,0.37314
ADAUSDT,SELL,LIMIT,1701114197146,255,0.37306
ADAUSDT,SELL,LIMIT,1701114219680,13266,0.37310
ADAUSDT,SELL,LIMIT,1701114228448,1018,0.37273
ADAUSDT,SELL,LIMIT,1701114235037,374,0.37254
ADAUSDT,SELL,LIMIT,1701114237303,1157,0.37248
ADAUSDT,SELL,LIMIT,1701114238321,3663,0.37229
ADAUSDT,SELL,LIMIT,1701114239669,307,0.37210
ADAUSDT,SELL,LIMIT,1701114241047,39,0.37208
ADAUSDT,SELL,LIMIT,1701114261066,3067,0.37202
ADAUSDT,SELL,LIMIT,1701114262313,39,0.37203
ADAUSDT,SELL,LIMIT,1701114263780,39,0.37195
ADAUSDT,SELL,LIMIT,1701114264852,646638,0.36717
ADAUSDT,SELL,LIMIT,1701114268809,1070,0.37186
ADAUSDT,SELL,LIMIT,1701114274909,580,0.37181
ADAUSDT,SELL,LIMIT,1701114277612,40,0.37180
ADAUSDT,SELL,LIMIT,1701114335210,2368,0.37176
ADAUSDT,SELL,LIMIT,1701114336330,3937,0.37162
ADAUSDT,SELL,LIMIT,1701114341840,3388,0.37151
ADAUSDT,SELL,LIMIT,1701114343037,398,0.37147
ADAUSDT,SELL,LIMIT,1701114347166,72,0.37136
ADAUSDT,SELL,LIMIT,1701114352849,20,0.37134
ADAUSDT,SELL,LIMIT,1701114353883,7759,0.37125
ADAUSDT,SELL,LIMIT,1701114356348,266128,0.36766
ADAUSDT,SELL,LIMIT,1701114357534,833,0.37086
ADAUSDT,SELL,LIMIT,1701114459228,5401,0.37136
ADAUSDT,SELL,LIMIT,1701114468452,1714,0.37098
ADAUSDT,SELL,LIMIT,1701114470204,560,0.37092
ADAUSDT,SELL,LIMIT,1701114474089,211,0.37079
ADAUSDT,SELL,LIMIT,1701114475219,1280,0.37075
ADAUSDT,SELL,LIMIT,1701114476348,12732,0.37078
ADAUSDT,SELL,LIMIT,1701114477666,267,0.37055
ADAUSDT,SELL,LIMIT,1701114494519,57,0.37048
ADAUSDT,SELL,LIMIT,1701114496696,8544,0.37029
ADAUSDT,SELL,LIMIT,1701114501130,28,0.37019
ADAUSDT,SELL,LIMIT,1701114502395,250,0.37016
ADAUSDT,SELL,LIMIT,1701114541131,63,0.37006
ADAUSDT,SELL,LIMIT,1701114542149,298,0.37005
ADAUSDT,SELL,LIMIT,1701114570296,1679,0.37017
ADAUSDT,BUY,LIMIT,1701116741138,1290,0.37186
ADAUSDT,SELL,LIMIT,1701116869074,8577,0.37039
ADAUSDT,SELL,LIMIT,1701116889277,1531,0.37000
ADAUSDT,SELL,LIMIT,1701116890308,42,0.36989
ADAUSDT,SELL,LIMIT,1701116891318,2615,0.36987
ADAUSDT,SELL,LIMIT,1701116900113,3288,0.36972
ADAUSDT,SELL,LIMIT,1701116910234,170,0.36963
ADAUSDT,SELL,LIMIT,1701116949976,60,0.36958
ADAUSDT,SELL,LIMIT,1701116952455,250,0.36955
ADAUSDT,SELL,LIMIT,1701116988014,595,0.36947
ADAUSDT,SELL,LIMIT,1701116992401,1559,0.36950
ADAUSDT,SELL,LIMIT,1701116994038,26343,0.36927
ADAUSDT,BUY,LIMIT,1701121053748,13408,0.37768
ADAUSDT,BUY,LIMIT,1701126641903,172,0.37784
ADAUSDT,BUY,LIMIT,1701126796942,726,0.37806
ADAUSDT,BUY,LIMIT,1701127485327,56,0.37870
ADAUSDT,BUY,LIMIT,1701127692289,19446,0.37906
ADAUSDT,BUY,LIMIT,1701128353280,3494,0.37934
ADAUSDT,BUY,LIMIT,1701128354429,353,0.37934
ADAUSDT,BUY,LIMIT,1701128515537,859,0.37970
ADAUSDT,BUY,LIMIT,1701129067387,2378,0.38011
ADAUSDT,BUY,LIMIT,1701129165310,424,0.38025
ADAUSDT,BUY,LIMIT,1701130964339,7430,0.38038
ADAUSDT,BUY,LIMIT,1701131541712,445,0.38127
ADAUSDT,BUY,LIMIT,1701131735127,11750,0.38150
ADAUSDT,BUY,LIMIT,1701131790108,5082,0.38171
ADAUSDT,BUY,LIMIT,1701135158937,696,0.38069
ADAUSDT,SELL,LIMIT,1701137122202,3425,0.37530
ADAUSDT,SELL,LIMIT,1701137158179,4399,0.37500
ADAUSDT,SELL,LIMIT,1701137159190,270,0.37502
ADAUSDT,SELL,LIMIT,1701137222125,972,0.37483
ADAUSDT,SELL,LIMIT,1701137433292,415,0.37430
ADAUSDT,BUY,LIMIT,1701141033788,708,0.38074
ADAUSDT,SELL,LIMIT,1701145964792,175,0.37384
ADAUSDT,SELL,LIMIT,1701145974347,38,0.37376
ADAUSDT,SELL,LIMIT,1701146011081,3857,0.37356
ADAUSDT,SELL,LIMIT,1701146023571,1910,0.37341
ADAUSDT,SELL,LIMIT,1701146778442,2910,0.37301
ADAUSDT,SELL,LIMIT,1701146841476,76,0.37279
ADAUSDT,SELL,LIMIT,1701147806319,527,0.37230
ADAUSDT,SELL,LIMIT,1701147852777,27,0.37199
ADAUSDT,SELL,LIMIT,1701147892060,14,0.37172
ADAUSDT,SELL,LIMIT,1701147923251,13150,0.37141
ADAUSDT,SELL,LIMIT,1701148163096,399,0.37053
ADAUSDT,SELL,LIMIT,1701148221078,27,0.37039
ADAUSDT,SELL,LIMIT,1701148238697,68,0.37024
ADAUSDT,SELL,LIMIT,1701148246371,778,0.37016
ADAUSDT,SELL,LIMIT,1701148538548,17,0.36993
ADAUSDT,SELL,LIMIT,1701148955369,83,0.36965
ADAUSDT,SELL,LIMIT,1701149020603,13199,0.36965
ADAUSDT,SELL,LIMIT,1701149039174,3171,0.36959
ADAUSDT,SELL,LIMIT,1701149057555,619,0.36954
ADAUSDT,SELL,LIMIT,1701149059038,1500,0.36950
ADAUSDT,SELL,LIMIT,1701149148105,185,0.36939
ADAUSDT,SELL,LIMIT,1701149771344,322,0.37001
ADAUSDT,SELL,LIMIT,1701149783736,1955,0.36969
ADAUSDT,SELL,LIMIT,1701149824099,255410,0.36617
ADAUSDT,SELL,LIMIT,1701149830769,3864,0.36952
ADAUSDT,SELL,LIMIT,1701149839391,72,0.36948
ADAUSDT,SELL,LIMIT,1701149845047,500,0.36903
ADAUSDT,SELL,LIMIT,1701149846246,371,0.36920
ADAUSDT,SELL,LIMIT,1701149856172,108811,0.36757
ADAUSDT,SELL,LIMIT,1701149869038,10001,0.36886
ADAUSDT,SELL,LIMIT,1701149870129,19,0.36881
ADAUSDT,SELL,LIMIT,1701149880995,1084,0.36877
ADAUSDT,SELL,LIMIT,1701149882040,249,0.36860
ADAUSDT,SELL,LIMIT,1701149883105,13308,0.36854
ADAUSDT,SELL,LIMIT,1701149887160,1188,0.36847
ADAUSDT,SELL,LIMIT,1701149893013,2107,0.36843
ADAUSDT,SELL,LIMIT,1701149894598,47,0.36841
ADAUSDT,SELL,LIMIT,1701149900868,157,0.36835
ADAUSDT,SELL,LIMIT,1701151263534,2256,0.36837
ADAUSDT,BUY,LIMIT,1701153365820,433,0.37498
ADAUSDT,SELL,LIMIT,1701155319443,14,0.37192
ADAUSDT,SELL,LIMIT,1701155669506,481,0.37066
ADAUSDT,SELL,LIMIT,1701156228850,22,0.37002
ADAUSDT,SELL,LIMIT,1701156393511,1171,0.36878
ADAUSDT,SELL,LIMIT,1701156480091,85,0.36873
ADAUSDT,SELL,LIMIT,1701156556195,87,0.36841
ADAUSDT,SELL,LIMIT,1701156559961,453,0.36839
ADAUSDT,SELL,LIMIT,1701156561380,227,0.36832
ADAUSDT,SELL,LIMIT,1701156573632,1289,0.36829
ADAUSDT,SELL,LIMIT,1701156857114,1350,0.36964
ADAUSDT,BUY,LIMIT,1701158101139,1331,0.37539
ADAUSDT,BUY,LIMIT,1701158120061,70,0.37553
ADAUSDT,SELL,LIMIT,1701161407804,1228,0.36907
ADAUSDT,SELL,LIMIT,1701161411092,191,0.36894
ADAUSDT,SELL,LIMIT,1701162064118,1049,0.36797
ADAUSDT,SELL,LIMIT,1701162065195,133,0.36787
ADAUSDT,SELL,LIMIT,1701162070187,4510,0.36782
ADAUSDT,BUY,LIMIT,1701164372012,34,0.37483
ADAUSDT,BUY,LIMIT,1701165004132,3068,0.37591
ADAUSDT,BUY,LIMIT,1701165030361,1457,0.37616
ADAUSDT,BUY,LIMIT,1701165090293,74,0.37634
ADAUSDT,BUY,LIMIT,1701166568225,1828,0.37651
ADAUSDT,BUY,LIMIT,1701170314387,790,0.37782
ADAUSDT,BUY,LIMIT,1701170401062,144,0.37832
ADAUSDT,BUY,LIMIT,1701170479103,330,0.37843
ADAUSDT,BUY,LIMIT,1701170608916,1052,0.37877
ADAUSDT,BUY,LIMIT,1701170616146,1410,0.37882
ADAUSDT,BUY,LIMIT,1701170625801,798,0.37896
ADAUSDT,BUY,LIMIT,1701171135184,530,0.37903
ADAUSDT,BUY,LIMIT,1701172420223,685,0.37981
ADAUSDT,BUY,LIMIT,1701172526373,13322,0.38011
ADAUSDT,BUY,LIMIT,1701172536843,378,0.38026
ADAUSDT,BUY,LIMIT,1701172540567,3422,0.38033
ADAUSDT,BUY,LIMIT,1701178518232,6892,0.38033
ADAUSDT,BUY,LIMIT,1701179145045,4815,0.38043
ADAUSDT,BUY,LIMIT,1701179178088,15,0.38054
ADAUSDT,BUY,LIMIT,1701179590296,2586,0.38102
ADAUSDT,BUY,LIMIT,1701179611116,123,0.38122
ADAUSDT,BUY,LIMIT,1701179613272,31,0.38123
ADAUSDT,BUY,LIMIT,1701179618521,5807,0.38126
ADAUSDT,BUY,LIMIT,1701179625517,1592,0.38131
ADAUSDT,BUY,LIMIT,1701179650753,791,0.38140
ADAUSDT,BUY,LIMIT,1701179668889,46118,0.38255
