Symbol,Side,Order Type,Time,Quantity,Price
AGIXUSDT,SELL,LIMIT,1700850333409,1618,0.2970834
AGIXUSDT,SELL,LIMIT,1700851164174,669,0.2968301
AGIXUSDT,SELL,LIMIT,1700852161168,2640,0.2963251
AGIXUSDT,SELL,LIMIT,1700856897320,2885,0.2969730
AGIXUSDT,BUY,LIMIT,1700860037253,250,0.3131863
AGIXUSDT,BUY,LIMIT,1700860409047,8289,0.3135132
AGIXUSDT,BUY,LIMIT,1700860811991,9067,0.3146082
AGIXUSDT,SELL,LIMIT,1700863964786,15964,0.2988102
AGIXUSDT,BUY,LIMIT,1700871808484,636,0.3153733
AGIXUSDT,BUY,LIMIT,1700871840777,18332,0.3161714
AGIXUSDT,BUY,LIMIT,1700873564327,255,0.3171696
AGIXUSDT,BUY,LIMIT,1700873565431,202,0.3169652
AGIXUSDT,BUY,LIMIT,1700873573090,4731,0.3176656
AGIXUSDT,BUY,LIMIT,1700873946015,2315,0.3189909
AGIXUSDT,BUY,LIMIT,1700874365706,1689,0.3194984
AGIXUSDT,BUY,LIMIT,1700874767168,2078,0.3201191
AGIXUSDT,BUY,LIMIT,1700876195475,2270,0.3208224
AGIXUSDT,BUY,LIMIT,1700876202341,1629,0.3208623
AGIXUSDT,BUY,LIMIT,1700876215365,107,0.3209883
AGIXUSDT,BUY,LIMIT,1700876416413,524,0.3211792
AGIXUSDT,BUY,LIMIT,1700876433475,2827,0.3214060
AGIXUSDT,BUY,LIMIT,1700876434931,1703,0.3214929
AGIXUSDT,BUY,LIMIT,1700876437166,4574,0.3215503
AGIXUSDT,BUY,LIMIT,1700877097257,1210,0.3218420
AGIXUSDT,BUY,LIMIT,1700877143542,65,0.3223192
AGIXUSDT,BUY,LIMIT,1700877182359,36496,0.3236533
AGIXUSDT,BUY,LIMIT,1700877334218,170,0.3230760
AGIXUSDT,BUY,LIMIT,1700878385251,99,0.3198652
AGIXUSDT,BUY,LIMIT,1700881200025,4198,0.3245244
AGIXUSDT,BUY,LIMIT,1700881298137,1086,0.3249471
AGIXUSDT,BUY,LIMIT,1700881301227,316,0.3251229
AGIXUSDT,BUY,LIMIT,1700881302301,32,0.3253245
AGIXUSDT,BUY,LIMIT,1700881969853,5858,0.3238320
AGIXUSDT,BUY,LIMIT,1700882673221,16,0.3256383
AGIXUSDT,BUY,LIMIT,1700882695224,828,0.3259639
AGIXUSDT,BUY,LIMIT,1700882722652,1792,0.3260151
AGIXUSDT,BUY,LIMIT,1700883203415,403,0.3262819
AGIXUSDT,BUY,LIMIT,1700883526931,1045,0.3266262
AGIXUSDT,BUY,LIMIT,1700883598070,5730,0.3275244
AGIXUSDT,BUY,LIMIT,1700883600443,241,0.3275425
AGIXUSDT,BUY,LIMIT,1700883602177,13811,0.3277099
AGIXUSDT,BUY,LIMIT,1700883611483,15332,0.3280741
AGIXUSDT,BUY,LIMIT,1700883954164,38,0.3271921
AGIXUSDT,SELL,LIMIT,1700887686629,78,0.3070080
AGIXUSDT,SELL,LIMIT,1700887804407,6276,0.3065602
AGIXUSDT,SELL,LIMIT,1700889508992,5905,0.3055742
AGIXUSDT,SELL,LIMIT,1700890473148,84,0.3042104
AGIXUSDT,BUY,LIMIT,1700894715165,162,0.3225097
AGIXUSDT,BUY,LIMIT,1700894740484,1355,0.3227318
AGIXUSDT,BUY,LIMIT,1700897465470,1105,0.3258270
AGIXUSDT,BUY,LIMIT,1700898862208,39,0.3242035
AGIXUSDT,BUY,LIMIT,1700901898045,3820,0.3266330
AGIXUSDT,BUY,LIMIT,1700903368378,55,0.3273927
AGIXUSDT,BUY,LIMIT,1700905791059,2025,0.3282104
AGIXUSDT,BUY,LIMIT,1700906035312,189,0.3287882
AGIXUSDT,BUY,LIMIT,1700906446435,43,0.3289876
AGIXUSDT,BUY,LIMIT,1700906596343,53,0.3291375
AGIXUSDT,BUY,LIMIT,1700906598337,3467,0.3299868
AGIXUSDT,BUY,LIMIT,1700906617463,20623,0.3307191
AGIXUSDT,BUY,LIMIT,1700906622251,596,0.3304888
AGIXUSDT,BUY,LIMIT,1700907146676,6070,0.3312584
AGIXUSDT,BUY,LIMIT,1700907179152,22,0.3313262
AGIXUSDT,SELL,LIMIT,1700907199321,87,0.3186797
AGIXUSDT,BUY,LIMIT,1700907234423,104,0.3320467
AGIXUSDT,BUY,LIMIT,1700907243420,21,0.3327360
AGIXUSDT,BUY,LIMIT,1700908514781,409,0.3329840
AGIXUSDT,BUY,LIMIT,1700908535245,1724,0.3330088
AGIXUSDT,BUY,LIMIT,1700908537045,7685,0.3330984
AGIXUSDT,BUY,LIMIT,1700908549105,2383,0.3336174
AGIXUSDT,BUY,LIMIT,1700908550398,500,0.3336394
AGIXUSDT,BUY,LIMIT,1700908552460,414,0.3338328
AGIXUSDT,BUY,LIMIT,1700908554614,50,0.3339066
AGIXUSDT,BUY,LIMIT,1700908638817,6256,0.3348346
AGIXUSDT,BUY,LIMIT,1700908641265,677,0.3355556
AGIXUSDT,BUY,LIMIT,1700909330285,178,0.3357015
AGIXUSDT,BUY,LIMIT,1700909331889,2465,0.3359394
AGIXUSDT,BUY,LIMIT,1700910200408,44,0.3361499
AGIXUSDT,BUY,LIMIT,1700910236228,1166,0.3362713
AGIXUSDT,SELL,LIMIT,1700912291230,18,0.3163174
AGIXUSDT,SELL,LIMIT,1700917670156,1503,0.3164417
AGIXUSDT,SELL,LIMIT,1700917860955,1878,0.3155643
AGIXUSDT,SELL,LIMIT,1700917957444,1766,0.3146881
AGIXUSDT,SELL,LIMIT,1700918626775,7628,0.3138798
AGIXUSDT,SELL,LIMIT,1700918751512,495,0.3130253
AGIXUSDT,SELL,LIMIT,1700925603127,3314,0.3114278
AGIXUSDT,SELL,LIMIT,1700925648639,95,0.3107208
AGIXUSDT,SELL,LIMIT,1700925664130,805,0.3101447
AGIXUSDT,SELL,LIMIT,1700925687888,7780,0.3099526
