Symbol,Side,Order Type,Time,Quantity,Price
AGIXUSDT,SELL,LIMIT,1701931102681,182,0.3060858
AGIXUSDT,SELL,LIMIT,1701940048648,26,0.2985990
AGIXUSDT,SELL,LIMIT,1701940051989,98,0.2985429
AGIXUSDT,SELL,LIMIT,1701940556326,664,0.2973816
AGIXUSDT,SELL,LIMIT,1701940563775,3245,0.2970611
AGIXUSDT,SELL,LIMIT,1701941149331,54,0.2960343
AGIXUSDT,SELL,LIMIT,1701941154916,5858,0.2956637
AGIXUSDT,SELL,LIMIT,1701941171101,2442,0.2952402
AGIXUSDT,SELL,LIMIT,1701941175450,15968,0.2950490
AGIXUSDT,SELL,LIMIT,1701941182246,321,0.2948691
AGIXUSDT,SELL,LIMIT,1701941186648,5682,0.2946552
AGIXUSDT,SELL,LIMIT,1701941193339,834,0.2941260
AGIXUSDT,SELL,LIMIT,1701941234634,3495,0.2942853
AGIXUSDT,SELL,LIMIT,1701941244224,654,0.2939673
AGIXUSDT,BUY,LIMIT,1701951324769,752,0.3096720
AGIXUSDT,BUY,LIMIT,1701963160021,47,0.3142026
AGIXUSDT,BUY,LIMIT,1701964373666,27,0.3139405
AGIXUSDT,BUY,LIMIT,1701967667730,3190,0.3195878
AGIXUSDT,SELL,LIMIT,1701978288180,433,0.2998706
AGIXUSDT,BUY,LIMIT,1702016067178,65,0.3234710
AGIXUSDT,SELL,LIMIT,1702020643608,18,0.3056621
AGIXUSDT,SELL,LIMIT,1702029632367,3155,0.3041586
AGIXUSDT,BUY,LIMIT,1702036619209,160,0.3260795
AGIXUSDT,BUY,LIMIT,1702045909756,2245,0.3264368
AGIXUSDT,BUY,LIMIT,1702049622149,5437,0.3273517
AGIXUSDT,BUY,LIMIT,1702049899257,20,0.3283478
AGIXUSDT,BUY,LIMIT,1702050485999,64,0.3293773
AGIXUSDT,BUY,LIMIT,1702051568472,19,0.3293144
AGIXUSDT,BUY,LIMIT,1702052182286,1263,0.3322088
AGIXUSDT,BUY,LIMIT,1702052183529,50,0.3319999
AGIXUSDT,BUY,LIMIT,1702052188231,582,0.3327963
AGIXUSDT,BUY,LIMIT,1702052209390,1043,0.3332645
AGIXUSDT,BUY,LIMIT,1702052247175,207,0.3338591
AGIXUSDT,SELL,LIMIT,1702055761133,743,0.3141398
AGIXUSDT,BUY,LIMIT,1702060219093,146,0.3273589
AGIXUSDT,BUY,LIMIT,1702062445356,4852,0.3320122
AGIXUSDT,BUY,LIMIT,1702062504616,68,0.3333598
AGIXUSDT,BUY,LIMIT,1702064195892,199,0.3342540
AGIXUSDT,BUY,LIMIT,1702068063931,5,0.3357122
AGIXUSDT,BUY,LIMIT,1702068662066,124,0.3360132
AGIXUSDT,BUY,LIMIT,1702071073423,632,0.3366000
AGIXUSDT,BUY,LIMIT,1702071102997,2942,0.3373589
AGIXUSDT,BUY,LIMIT,1702073960968,225,0.3379624
AGIXUSDT,BUY,LIMIT,1702076976709,260,0.3385792
AGIXUSDT,BUY,LIMIT,1702076995937,281,0.3405649
AGIXUSDT,BUY,LIMIT,1702077676681,151,0.3410887
AGIXUSDT,BUY,LIMIT,1702077811681,662,0.3418221
AGIXUSDT,BUY,LIMIT,1702078671895,4983,0.3420060
AGIXUSDT,BUY,LIMIT,1702078681729,319,0.3420886
AGIXUSDT,BUY,LIMIT,1702078899545,7652,0.3431312
AGIXUSDT,BUY,LIMIT,1702078943204,675,0.3429102
AGIXUSDT,BUY,LIMIT,1702078995521,10160,0.3432870
AGIXUSDT,SELL,LIMIT,1702080268085,1560,0.3305676
AGIXUSDT,BUY,LIMIT,1702080283261,456,0.3442120
AGIXUSDT,BUY,LIMIT,1702080306197,467,0.3446303
AGIXUSDT,BUY,LIMIT,1702080307297,15015,0.3446711
AGIXUSDT,BUY,LIMIT,1702080428102,875,0.3453013
AGIXUSDT,BUY,LIMIT,1702080430328,16,0.3455703
AGIXUSDT,BUY,LIMIT,1702080769206,22,0.3465066
AGIXUSDT,BUY,LIMIT,1702081154843,2709,0.3471647
AGIXUSDT,BUY,LIMIT,1702081285996,228,0.3472664
AGIXUSDT,BUY,LIMIT,1702081700048,3238,0.3481130
AGIXUSDT,BUY,LIMIT,1702081705142,33422,0.3492945
AGIXUSDT,BUY,LIMIT,1702081809510,259,0.3492345
AGIXUSDT,BUY,LIMIT,1702081939063,794,0.3503349
AGIXUSDT,BUY,LIMIT,1702082088562,75688,0.3531169
AGIXUSDT,BUY,LIMIT,1702082111316,859,0.3512321
AGIXUSDT,BUY,LIMIT,1702082252843,457,0.3516112
AGIXUSDT,BUY,LIMIT,1702082355187,117,0.3520065
AGIXUSDT,BUY,LIMIT,1702082356381,20162,0.3525421
AGIXUSDT,BUY,LIMIT,1702082553855,792,0.3531492
AGIXUSDT,BUY,LIMIT,1702082583206,698,0.3534488
AGIXUSDT,SELL,LIMIT,1702084085940,527,0.3304210
AGIXUSDT,SELL,LIMIT,1702084508059,15891,0.3274872
AGIXUSDT,SELL,LIMIT,1702085448644,42,0.3287901
AGIXUSDT,BUY,LIMIT,1702091849774,17846,0.3452219
AGIXUSDT,BUY,LIMIT,1702104927798,436,0.3443520
AGIXUSDT,BUY,LIMIT,1702108011077,530,0.3439064
AGIXUSDT,BUY,LIMIT,1702109420255,3411,0.3432698
AGIXUSDT,BUY,LIMIT,1702109762377,455,0.3456585
AGIXUSDT,BUY,LIMIT,1702109783736,59,0.3460324
AGIXUSDT,SELL,LIMIT,1702110965110,49,0.3277075
AGIXUSDT,SELL,LIMIT,1702110972234,241,0.3272833
AGIXUSDT,SELL,LIMIT,1702110974399,87,0.3270859
AGIXUSDT,SELL,LIMIT,1702110980198,2883,0.3256320
AGIXUSDT,SELL,LIMIT,1702110981391,1535,0.3255511
AGIXUSDT,SELL,LIMIT,1702110992429,148,0.3249318
AGIXUSDT,SELL,LIMIT,1702111031400,26,0.3246716
AGIXUSDT,SELL,LIMIT,1702111035340,7405,0.3243480
AGIXUSDT,SELL,LIMIT,1702111037639,50,0.3237719
AGIXUSDT,SELL,LIMIT,1702111040107,93,0.3234672
AGIXUSDT,SELL,LIMIT,1702111041206,913,0.3235936
AGIXUSDT,SELL,LIMIT,1702111044209,14955,0.3234456
AGIXUSDT,SELL,LIMIT,1702111072231,750,0.3227445
AGIXUSDT,SELL,LIMIT,1702111375341,243,0.3220329
AGIXUSDT,SELL,LIMIT,1702111384209,1237,0.3210129
AGIXUSDT,SELL,LIMIT,1702111386090,296,0.3210052
AGIXUSDT,SELL,LIMIT,1702130653279,17,0.3294285
AGIXUSDT,SELL,LIMIT,1702133004363,496,0.3227242
AGIXUSDT,SELL,LIMIT,1702133005550,83,0.3226075
AGIXUSDT,SELL,LIMIT,1702133007358,80,0.3225601
AGIXUSDT,SELL,LIMIT,1702134547200,2858,0.3220801
AGIXUSDT,SELL,LIMIT,1702138954511,15,0.4172487
AGIXUSDT,SELL,LIMIT,1702141664092,12423,0.3210481
AGIXUSDT,SELL,LIMIT,1702141852172,5943,0.3196436
AGIXUSDT,BUY,LIMIT,1702148812684,263,0.3396515
AGIXUSDT,SELL,LIMIT,1702164281693,7468,0.3193629
AGIXUSDT,SELL,LIMIT,1702164532221,69395,0.3177636
AGIXUSDT,SELL,LIMIT,1702164535394,159,0.3184754
AGIXUSDT,SELL,LIMIT,1702164537115,34,0.3181366
AGIXUSDT,SELL,LIMIT,1702164541313,326,0.3179418
AGIXUSDT,SELL,LIMIT,1702164542376,2283,0.3178057
AGIXUSDT,SELL,LIMIT,1702164543432,10535,0.3176934
AGIXUSDT,SELL,LIMIT,1702164548268,207,0.3173296
AGIXUSDT,SELL,LIMIT,1702164686212,1202,0.3170145
AGIXUSDT,SELL,LIMIT,1702164747320,75,0.3165017
AGIXUSDT,SELL,LIMIT,1702164748397,110,0.3162876
AGIXUSDT,SELL,LIMIT,1702164750689,2506,0.3161165
AGIXUSDT,SELL,LIMIT,1702164752355,317,0.3160809
AGIXUSDT,SELL,LIMIT,1702164803491,236,0.3152512
AGIXUSDT,SELL,LIMIT,1702164806488,331,0.3148727
AGIXUSDT,SELL,LIMIT,1702164807786,290,0.3148600
AGIXUSDT,SELL,LIMIT,1702164810950,966,0.3144435
AGIXUSDT,BUY,LIMIT,1702173722646,461,0.3337890
AGIXUSDT,BUY,LIMIT,1702187001836,42,0.3363861
AGIXUSDT,SELL,LIMIT,1702192692515,181,0.3195781
AGIXUSDT,SELL,LIMIT,1702196799918,872,0.3160160
AGIXUSDT,SELL,LIMIT,1702197052922,1976,0.3152918
AGIXUSDT,SELL,LIMIT,1702197084708,6972,0.3148177
AGIXUSDT,SELL,LIMIT,1702197845458,59,0.3142072
AGIXUSDT,SELL,LIMIT,1702200298170,30,0.3132011
AGIXUSDT,SELL,LIMIT,1702200299222,2803,0.3132936
AGIXUSDT,SELL,LIMIT,1702200300593,6079,0.3128451
AGIXUSDT,SELL,LIMIT,1702200301716,3282,0.3127793
AGIXUSDT,SELL,LIMIT,1702200448321,6773,0.3118361
AGIXUSDT,SELL,LIMIT,1702200449420,286,0.3118966
AGIXUSDT,SELL,LIMIT,1702200762400,3039,0.3117381
AGIXUSDT,SELL,LIMIT,1702200794575,9088,0.3114441
AGIXUSDT,SELL,LIMIT,1702200796770,9179,0.3111859
AGIXUSDT,SELL,LIMIT,1702200888578,1968,0.3110548
AGIXUSDT,SELL,LIMIT,1702200926559,100,0.3106602
AGIXUSDT,SELL,LIMIT,1702200935518,55,0.3267561
AGIXUSDT,SELL,LIMIT,1702200939090,299,0.3102406
AGIXUSDT,SELL,LIMIT,1702201410010,529,0.3101141
AGIXUSDT,SELL,LIMIT,1702201475310,8766,0.3098281
AGIXUSDT,SELL,LIMIT,1702202157133,149,0.3092004
AGIXUSDT,SELL,LIMIT,1702202158720,162,0.3091998
AGIXUSDT,SELL,LIMIT,1702202160175,50,0.3090127
AGIXUSDT,SELL,LIMIT,1702202296114,2500,0.3083449
AGIXUSDT,SELL,LIMIT,1702202298160,16,0.3082054
AGIXUSDT,SELL,LIMIT,1702202300105,224,0.3081615
AGIXUSDT,SELL,LIMIT,1702202318310,535,0.3080172
AGIXUSDT,SELL,LIMIT,1702202323568,16,0.3079616
AGIXUSDT,SELL,LIMIT,1702202349215,3013,0.3079409
AGIXUSDT,SELL,LIMIT,1702202372848,3300,0.3078864
AGIXUSDT,SELL,LIMIT,1702202379361,35,0.3073581
AGIXUSDT,SELL,LIMIT,1702202380362,17,0.3072565
AGIXUSDT,SELL,LIMIT,1702202391224,2287,0.3067268
AGIXUSDT,SELL,LIMIT,1702202395603,7980,0.3066530
AGIXUSDT,BUY,LIMIT,1702219820523,1775,0.3291089
AGIXUSDT,BUY,LIMIT,1702240762134,304,0.3334972
AGIXUSDT,BUY,LIMIT,1702240769255,770,0.3335544
AGIXUSDT,BUY,LIMIT,1702241352256,3259,0.3348348
AGIXUSDT,SELL,LIMIT,1702256491750,374,0.3199573
AGIXUSDT,SELL,LIMIT,1702256576889,304,0.3190976
AGIXUSDT,SELL,LIMIT,1702256848547,415,0.3173331
AGIXUSDT,SELL,LIMIT,1702256913150,300,0.3159701
AGIXUSDT,SELL,LIMIT,1702256917688,1149,0.3154495
AGIXUSDT,SELL,LIMIT,1702256927200,139,0.3153204
AGIXUSDT,SELL,LIMIT,1702256979240,6396,0.3150194
AGIXUSDT,SELL,LIMIT,1702256985427,10511,0.3148048
AGIXUSDT,SELL,LIMIT,1702260248791,1,0.3198721
AGIXUSDT,SELL,LIMIT,1702260428236,61,0.3268753
AGIXUSDT,SELL,LIMIT,1702260439933,75,0.3162748
AGIXUSDT,SELL,LIMIT,1702260468988,6841,0.3153398
AGIXUSDT,SELL,LIMIT,1702260627182,21,0.3128508
AGIXUSDT,SELL,LIMIT,1702260630870,14138,0.3122357
AGIXUSDT,SELL,LIMIT,1702260632395,424,0.3121408
AGIXUSDT,SELL,LIMIT,1702260633931,820,0.3119903
AGIXUSDT,SELL,LIMIT,1702260635596,30,0.3118460
AGIXUSDT,SELL,LIMIT,1702260637758,6105,0.3114851
AGIXUSDT,SELL,LIMIT,1702260687435,3790,0.3112921
AGIXUSDT,SELL,LIMIT,1702260693796,645,0.3109596
AGIXUSDT,SELL,LIMIT,1702260699262,1724,0.3102237
AGIXUSDT,SELL,LIMIT,1702260708685,1522,0.3093288
AGIXUSDT,SELL,LIMIT,1702260710288,18,0.3091628
AGIXUSDT,SELL,LIMIT,1702260711572,156,0.3090541
AGIXUSDT,SELL,LIMIT,1702260713373,106,0.3090026
AGIXUSDT,SELL,LIMIT,1702260714847,36,0.3087465
AGIXUSDT,SELL,LIMIT,1702260717561,5636,0.3084617
AGIXUSDT,SELL,LIMIT,1702260719419,887,0.3085457
AGIXUSDT,SELL,LIMIT,1702260720582,31910,0.3075990
AGIXUSDT,SELL,LIMIT,1702260723479,3157,0.3076752
AGIXUSDT,SELL,LIMIT,1702260725215,660,0.3073944
AGIXUSDT,SELL,LIMIT,1702260726778,1408,0.3092828
AGIXUSDT,SELL,LIMIT,1702260728511,2569,0.3066188
AGIXUSDT,SELL,LIMIT,1702260729686,1344,0.3067475
AGIXUSDT,SELL,LIMIT,1702260730701,799,0.3060345
AGIXUSDT,SELL,LIMIT,1702260732754,3731,0.3053026
AGIXUSDT,SELL,LIMIT,1702260733888,76,0.3049337
AGIXUSDT,SELL,LIMIT,1702260735398,19,0.3049193
AGIXUSDT,SELL,LIMIT,1702260736417,3038,0.3050095
AGIXUSDT,SELL,LIMIT,1702260741461,3846,0.3045676
AGIXUSDT,SELL,LIMIT,1702260742952,713,0.3045978
AGIXUSDT,SELL,LIMIT,1702260744975,2054,0.3044476
AGIXUSDT,SELL,LIMIT,1702260746263,179248,0.2978236
AGIXUSDT,SELL,LIMIT,1702260748263,3228,0.3033086
AGIXUSDT,SELL,LIMIT,1702260749421,435,0.3032340
AGIXUSDT,BUY,LIMIT,1702260750821,1,0.0000000
AGIXUSDT,SELL,LIMIT,1702260752599,94,0.3044939
AGIXUSDT,SELL,LIMIT,1702260753800,298,0.3013596
AGIXUSDT,SELL,LIMIT,1702260755798,4322,0.3011824
AGIXUSDT,SELL,LIMIT,1702260757678,1066,0.3008918
AGIXUSDT,SELL,LIMIT,1702260759291,18,0.3009955
AGIXUSDT,SELL,LIMIT,1702260760455,31,0.3002946
AGIXUSDT,SELL,LIMIT,1702260761578,1263,0.3000584
AGIXUSDT,SELL,LIMIT,1702260762597,15,0.2989264
AGIXUSDT,SELL,LIMIT,1702260763816,54997,0.2968576
AGIXUSDT,SELL,LIMIT,1702260765370,14293,0.2977874
AGIXUSDT,SELL,LIMIT,1702260766617,4844,0.2974719
AGIXUSDT,SELL,LIMIT,1702260767883,31,0.2972937
AGIXUSDT,SELL,LIMIT,1702260768996,3064,0.2974123
AGIXUSDT,SELL,LIMIT,1702260770136,16,0.2966577
AGIXUSDT,SELL,LIMIT,1702260771415,1055,0.2965367
AGIXUSDT,SELL,LIMIT,1702260772596,11304,0.2970949
AGIXUSDT,SELL,LIMIT,1702260773863,656,0.2960791
AGIXUSDT,SELL,LIMIT,1702260774867,1827,0.2957127
AGIXUSDT,SELL,LIMIT,1702260775880,1745,0.2952686
AGIXUSDT,SELL,LIMIT,1702260776917,31,0.2952162
AGIXUSDT,SELL,LIMIT,1702260778207,31,0.2945335
AGIXUSDT,SELL,LIMIT,1702260779454,3643,0.2945335
AGIXUSDT,SELL,LIMIT,1702260780717,718,0.2944557
AGIXUSDT,SELL,LIMIT,1702260781894,33013,0.2938507
AGIXUSDT,SELL,LIMIT,1702260783049,31,0.2944312
AGIXUSDT,SELL,LIMIT,1702260784206,7503,0.2941586
AGIXUSDT,SELL,LIMIT,1702260786293,148,0.2942614
AGIXUSDT,SELL,LIMIT,1702260787718,15,0.2941177
AGIXUSDT,SELL,LIMIT,1702260788749,943,0.2938560
AGIXUSDT,SELL,LIMIT,1702260789829,938,0.2937531
AGIXUSDT,SELL,LIMIT,1702260792424,2015,0.2926422
AGIXUSDT,SELL,LIMIT,1702260793517,665,0.2917063
AGIXUSDT,SELL,LIMIT,1702260794592,467,0.2913867
AGIXUSDT,SELL,LIMIT,1702260795669,64,0.2921123
AGIXUSDT,SELL,LIMIT,1702260797425,20089,0.2908314
AGIXUSDT,SELL,LIMIT,1702260798566,64,0.2913398
AGIXUSDT,SELL,LIMIT,1702260799567,186,0.2907973
AGIXUSDT,SELL,LIMIT,1702260800649,3703,0.2900718
AGIXUSDT,SELL,LIMIT,1702260801650,287,0.2906862
AGIXUSDT,SELL,LIMIT,1702260803304,357,0.2899431
AGIXUSDT,SELL,LIMIT,1702260804353,19612,0.2897652
AGIXUSDT,SELL,LIMIT,1702260805360,1221,0.2897839
AGIXUSDT,SELL,LIMIT,1702260806753,210,0.2885419
AGIXUSDT,SELL,LIMIT,1702260807798,61,0.2886149
AGIXUSDT,SELL,LIMIT,1702260809272,191,0.2880601
AGIXUSDT,SELL,LIMIT,1702260810673,309,0.2873674
AGIXUSDT,SELL,LIMIT,1702260811690,65,0.2863098
AGIXUSDT,SELL,LIMIT,1702260812711,12665,0.2860837
AGIXUSDT,BUY,LIMIT,1702260814160,90,0.2973939
AGIXUSDT,SELL,LIMIT,1702260816189,1545,0.2855250
AGIXUSDT,SELL,LIMIT,1702260818047,5157,0.2854625
AGIXUSDT,SELL,LIMIT,1702260820096,9502,0.2851730
AGIXUSDT,SELL,LIMIT,1702260821193,260,0.2842508
AGIXUSDT,SELL,LIMIT,1702260823678,500,0.2846845
AGIXUSDT,SELL,LIMIT,1702260824739,482,0.2837787
AGIXUSDT,SELL,LIMIT,1702260826810,1100,0.2832547
AGIXUSDT,SELL,LIMIT,1702260830214,39615,0.2822185
AGIXUSDT,SELL,LIMIT,1702260836589,2762,0.2822697
AGIXUSDT,SELL,LIMIT,1702260840242,408,0.2822852
AGIXUSDT,SELL,LIMIT,1702262848899,328,0.2903521
AGIXUSDT,SELL,LIMIT,1702262873708,177,0.2902500
AGIXUSDT,BUY,LIMIT,1702265316734,82,0.3100275
AGIXUSDT,SELL,LIMIT,1702265724235,16,0.2989001
AGIXUSDT,BUY,LIMIT,1702266167112,68,0.3135412
