Symbol,Side,Order Type,Time,Quantity,Price
AGIXUSDT,SELL,LIMIT,1701931102681,182,0.3060858
AGIXUSDT,SELL,LIMIT,1701940048648,26,0.2985990
AGIXUSDT,SELL,LIMIT,1701940051989,98,0.2985429
AGIXUSDT,SELL,LIMIT,1701940556326,664,0.2973816
AGIXUSDT,SELL,LIMIT,1701940563775,3245,0.2970611
AGIXUSDT,SELL,LIMIT,1701941149331,54,0.2960343
AGIXUSDT,SELL,LIMIT,1701941154916,5858,0.2956637
AGIXUSDT,SELL,LIMIT,1701941171101,2442,0.2952402
AGIXUSDT,SELL,LIMIT,1701941175450,15968,0.2950490
AGIXUSDT,SELL,LIMIT,1701941182246,321,0.2948691
AGIXUSDT,SELL,LIMIT,1701941186648,5682,0.2946552
AGIXUSDT,SELL,LIMIT,1701941193339,834,0.2941260
AGIXUSDT,SELL,LIMIT,1701941234634,3495,0.2942853
AGIXUSDT,SELL,LIMIT,1701941244224,654,0.2939673
AGIXUSDT,BUY,LIMIT,1701951324769,752,0.3096720
AGIXUSDT,BUY,LIMIT,1701963160021,47,0.3142026
AGIXUSDT,BUY,LIMIT,1701964373666,27,0.3139405
AGIXUSDT,BUY,LIMIT,1701967667730,3190,0.3195878
AGIXUSDT,SELL,LIMIT,1701978288180,433,0.2998706
AGIXUSDT,BUY,LIMIT,1702016067178,65,0.3234710
AGIXUSDT,SELL,LIMIT,1702020643608,18,0.3056621
AGIXUSDT,SELL,LIMIT,1702029632367,3155,0.3041586
AGIXUSDT,BUY,LIMIT,1702036619209,160,0.3260795
AGIXUSDT,BUY,LIMIT,1702045909756,2245,0.3264368
AGIXUSDT,BUY,LIMIT,1702049622149,5437,0.3273517
AGIXUSDT,BUY,LIMIT,1702049899257,20,0.3283478
AGIXUSDT,BUY,LIMIT,1702050485999,64,0.3293773
AGIXUSDT,BUY,LIMIT,1702051568472,19,0.3293144
AGIXUSDT,BUY,LIMIT,1702052182286,1263,0.3322088
AGIXUSDT,BUY,LIMIT,1702052183529,50,0.3319999
AGIXUSDT,BUY,LIMIT,1702052188231,582,0.3327963
AGIXUSDT,BUY,LIMIT,1702052209390,1043,0.3332645
AGIXUSDT,BUY,LIMIT,1702052247175,207,0.3338591
AGIXUSDT,SELL,LIMIT,1702055761133,743,0.3141398
AGIXUSDT,BUY,LIMIT,1702060219093,146,0.3273589
AGIXUSDT,BUY,LIMIT,1702062445356,4852,0.3320122
AGIXUSDT,BUY,LIMIT,1702062504616,68,0.3333598
AGIXUSDT,BUY,LIMIT,1702064195892,199,0.3342540
AGIXUSDT,BUY,LIMIT,1702068063931,5,0.3357122
AGIXUSDT,BUY,LIMIT,1702068662066,124,0.3360132
AGIXUSDT,BUY,LIMIT,1702071073423,632,0.3366000
AGIXUSDT,BUY,LIMIT,1702071102997,2942,0.3373589
AGIXUSDT,BUY,LIMIT,1702073960968,225,0.3379624
AGIXUSDT,BUY,LIMIT,1702076976709,260,0.3385792
AGIXUSDT,BUY,LIMIT,1702076995937,281,0.3405649
AGIXUSDT,BUY,LIMIT,1702077676681,151,0.3410887
AGIXUSDT,BUY,LIMIT,1702077811681,662,0.3418221
AGIXUSDT,BUY,LIMIT,1702078671895,4983,0.3420060
AGIXUSDT,BUY,LIMIT,1702078681729,319,0.3420886
AGIXUSDT,BUY,LIMIT,1702078899545,7652,0.3431312
AGIXUSDT,BUY,LIMIT,1702078943204,675,0.3429102
AGIXUSDT,BUY,LIMIT,1702078995521,10160,0.3432870
AGIXUSDT,SELL,LIMIT,1702080268085,1560,0.3305676
AGIXUSDT,BUY,LIMIT,1702080283261,456,0.3442120
AGIXUSDT,BUY,LIMIT,1702080306197,467,0.3446303
AGIXUSDT,BUY,LIMIT,1702080307297,15015,0.3446711
AGIXUSDT,BUY,LIMIT,1702080428102,875,0.3453013
AGIXUSDT,BUY,LIMIT,1702080430328,16,0.3455703
AGIXUSDT,BUY,LIMIT,1702080769206,22,0.3465066
AGIXUSDT,BUY,LIMIT,1702081154843,2709,0.3471647
AGIXUSDT,BUY,LIMIT,1702081285996,228,0.3472664
AGIXUSDT,BUY,LIMIT,1702081700048,3238,0.3481130
AGIXUSDT,BUY,LIMIT,1702081705142,33422,0.3492945
AGIXUSDT,BUY,LIMIT,1702081809510,259,0.3492345
AGIXUSDT,BUY,LIMIT,1702081939063,794,0.3503349
AGIXUSDT,BUY,LIMIT,1702082088562,75688,0.3531169
AGIXUSDT,BUY,LIMIT,1702082111316,859,0.3512321
AGIXUSDT,BUY,LIMIT,1702082252843,457,0.3516112
AGIXUSDT,BUY,LIMIT,1702082355187,117,0.3520065
AGIXUSDT,BUY,LIMIT,1702082356381,20162,0.3525421
AGIXUSDT,BUY,LIMIT,1702082553855,792,0.3531492
AGIXUSDT,BUY,LIMIT,1702082583206,698,0.3534488
AGIXUSDT,SELL,LIMIT,1702084085940,527,0.3304210
AGIXUSDT,SELL,LIMIT,1702084508059,15891,0.3274872
AGIXUSDT,SELL,LIMIT,1702085448644,42,0.3287901
AGIXUSDT,BUY,LIMIT,1702091849774,17846,0.3452219
AGIXUSDT,BUY,LIMIT,1702104927798,436,0.3443520
AGIXUSDT,BUY,LIMIT,1702108011077,530,0.3439064
AGIXUSDT,BUY,LIMIT,1702109420255,3411,0.3432698
AGIXUSDT,BUY,LIMIT,1702109762377,455,0.3456585
AGIXUSDT,BUY,LIMIT,1702109783736,59,0.3460324
AGIXUSDT,SELL,LIMIT,1702110965110,49,0.3277075
AGIXUSDT,SELL,LIMIT,1702110972234,241,0.3272833
AGIXUSDT,SELL,LIMIT,1702110974399,87,0.3270859
AGIXUSDT,SELL,LIMIT,1702110980198,2883,0.3256320
AGIXUSDT,SELL,LIMIT,1702110981391,1535,0.3255511
AGIXUSDT,SELL,LIMIT,1702110992429,148,0.3249318
AGIXUSDT,SELL,LIMIT,1702111031400,26,0.3246716
AGIXUSDT,SELL,LIMIT,1702111035340,7405,0.3243480
AGIXUSDT,SELL,LIMIT,1702111037639,50,0.3237719
AGIXUSDT,SELL,LIMIT,1702111040107,93,0.3234672
AGIXUSDT,SELL,LIMIT,1702111041206,913,0.3235936
AGIXUSDT,SELL,LIMIT,1702111044209,14955,0.3234456
AGIXUSDT,SELL,LIMIT,1702111072231,750,0.3227445
AGIXUSDT,SELL,LIMIT,1702111375341,243,0.3220329
AGIXUSDT,SELL,LIMIT,1702111384209,1237,0.3210129
AGIXUSDT,SELL,LIMIT,1702111386090,296,0.3210052
AGIXUSDT,SELL,LIMIT,1702130653279,17,0.3294285
AGIXUSDT,SELL,LIMIT,1702133004363,496,0.3227242
AGIXUSDT,SELL,LIMIT,1702133005550,83,0.3226075
AGIXUSDT,SELL,LIMIT,1702133007358,80,0.3225601
