Symbol,Side,Order Type,Time,Quantity,Price
AGLDUSDT,SELL,LIMIT,1700867103094,316,0.8121580
AGLDUSDT,SELL,LIMIT,1700870781296,2795,0.8084948
AGLDUSDT,BUY,LIMIT,1700876314027,227,0.8473929
AGLDUSDT,SELL,LIMIT,1700877272222,7,0.8265266
AGLDUSDT,BUY,LIMIT,1700877332203,114,0.8523015
AGLDUSDT,BUY,LIMIT,1700879496805,546,0.8635143
AGLDUSDT,BUY,LIMIT,1700883116590,59,0.8690024
AGLDUSDT,BUY,LIMIT,1700883706081,882,0.9008436
AGLDUSDT,BUY,LIMIT,1700883817128,1160,0.9132481
AGLDUSDT,BUY,LIMIT,1700883954164,14,0.9054382
AGLDUSDT,SELL,LIMIT,1700883997159,3217,0.8658580
AGLDUSDT,BUY,LIMIT,1700884358144,204,0.9168445
AGLDUSDT,BUY,LIMIT,1700885683263,7,0.9227720
AGLDUSDT,BUY,LIMIT,1700885695736,115,0.9243311
AGLDUSDT,BUY,LIMIT,1700885796526,1,0.9296500
AGLDUSDT,BUY,LIMIT,1700886126147,2796,0.9451584
AGLDUSDT,BUY,LIMIT,1700886151251,115,0.9488878
AGLDUSDT,SELL,LIMIT,1700886225542,738,0.9100416
AGLDUSDT,SELL,LIMIT,1700886813070,6,0.8977459
AGLDUSDT,SELL,LIMIT,1700886864241,138,0.8943423
AGLDUSDT,SELL,LIMIT,1700886865516,108,0.8928642
AGLDUSDT,SELL,LIMIT,1700886939683,325,0.8909282
AGLDUSDT,BUY,LIMIT,1700890555912,553,0.9224898
AGLDUSDT,BUY,LIMIT,1700893147800,45,0.9276084
AGLDUSDT,SELL,LIMIT,1700901366369,184,0.8906385
AGLDUSDT,SELL,LIMIT,1700901813470,148,0.8863724
AGLDUSDT,SELL,LIMIT,1700906634200,5497,0.8831179
AGLDUSDT,BUY,LIMIT,1700907739375,767,0.9235405
AGLDUSDT,SELL,LIMIT,1700911472321,109,0.8963298
AGLDUSDT,BUY,LIMIT,1700913800147,44,0.9325680
AGLDUSDT,BUY,LIMIT,1700913829900,949,0.9340007
AGLDUSDT,SELL,LIMIT,1700917492059,218,0.9097321
AGLDUSDT,BUY,LIMIT,1700918321141,101,0.9389186
AGLDUSDT,BUY,LIMIT,1700918346340,2685,0.9453619
AGLDUSDT,BUY,LIMIT,1700922602767,30,0.9462999
AGLDUSDT,SELL,LIMIT,1700923071502,152,0.9124878
AGLDUSDT,SELL,LIMIT,1700923609103,118,0.9048761
AGLDUSDT,SELL,LIMIT,1700923672672,142,0.9039671
AGLDUSDT,SELL,LIMIT,1700924280755,221,0.9008910
AGLDUSDT,BUY,LIMIT,1700927177218,5538,0.9200523
AGLDUSDT,BUY,LIMIT,1700927696204,440,0.9217350
AGLDUSDT,BUY,LIMIT,1700927858493,7,0.9217662
AGLDUSDT,BUY,LIMIT,1700928908614,52,0.9229516
AGLDUSDT,BUY,LIMIT,1700928972554,274,0.9242984
AGLDUSDT,BUY,LIMIT,1700931796728,11,0.9216973
AGLDUSDT,BUY,LIMIT,1700932297863,1144,0.9248419
AGLDUSDT,BUY,LIMIT,1700934921684,276,0.9303402
AGLDUSDT,BUY,LIMIT,1700934975236,4985,0.9318530
AGLDUSDT,BUY,LIMIT,1700935549392,759,0.9341682
AGLDUSDT,BUY,LIMIT,1700939472060,2769,0.9386453
