Symbol,Side,Order Type,Time,Quantity,Price
AGLDUSDT,BUY,LIMIT,1701915642200,538,1.0422356
AGLDUSDT,BUY,LIMIT,1701915645797,388,1.0425261
AGLDUSDT,SELL,LIMIT,1701917574168,115,1.0039109
AGLDUSDT,SELL,LIMIT,1701918686522,21,1.0001281
AGLDUSDT,SELL,LIMIT,1701919753227,300,0.9983787
AGLDUSDT,BUY,LIMIT,1701922067214,24,1.0396671
AGLDUSDT,BUY,LIMIT,1701922122326,259,1.0406970
AGLDUSDT,BUY,LIMIT,1701923657546,10,1.0528977
AGLDUSDT,SELL,LIMIT,1701924366039,480,1.0200911
AGLDUSDT,SELL,LIMIT,1701924968201,99,1.0171107
AGLDUSDT,BUY,LIMIT,1701925172521,35,1.0464227
AGLDUSDT,SELL,LIMIT,1701929090359,108,1.0151359
AGLDUSDT,SELL,LIMIT,1701929161866,81,1.0137396
AGLDUSDT,SELL,LIMIT,1701930788243,1162,1.0086401
AGLDUSDT,BUY,LIMIT,1701933002412,19,1.0449794
AGLDUSDT,SELL,LIMIT,1701933584031,52,1.0072170
AGLDUSDT,BUY,LIMIT,1701935129357,774,1.0463735
AGLDUSDT,BUY,LIMIT,1701935722028,7,1.0470265
AGLDUSDT,SELL,LIMIT,1701936233561,692,1.0120566
AGLDUSDT,SELL,LIMIT,1701936546192,584,1.0135745
AGLDUSDT,SELL,LIMIT,1701936750630,4459,1.0103301
AGLDUSDT,SELL,LIMIT,1701936771006,47,1.0079266
AGLDUSDT,SELL,LIMIT,1701936912981,142,1.0046973
AGLDUSDT,SELL,LIMIT,1701936915148,1201,1.0043430
AGLDUSDT,SELL,LIMIT,1701936916154,147,1.0038278
AGLDUSDT,SELL,LIMIT,1701937392040,39,1.0009804
AGLDUSDT,SELL,LIMIT,1701937643272,1197,1.0052362
AGLDUSDT,SELL,LIMIT,1701937909773,193,0.9987273
AGLDUSDT,SELL,LIMIT,1701939373358,50,0.9977984
AGLDUSDT,SELL,LIMIT,1701939374732,784,0.9972120
AGLDUSDT,SELL,LIMIT,1701939444134,438,0.9969825
AGLDUSDT,SELL,LIMIT,1701939465291,18,0.9986057
AGLDUSDT,SELL,LIMIT,1701939722878,155,0.9936241
AGLDUSDT,SELL,LIMIT,1701939727471,1,0.9928801
AGLDUSDT,SELL,LIMIT,1701939904094,53,0.9925902
AGLDUSDT,SELL,LIMIT,1701939973821,303,0.9919355
AGLDUSDT,SELL,LIMIT,1701939977136,38,0.9900761
AGLDUSDT,SELL,LIMIT,1701940049251,987,0.9899295
AGLDUSDT,SELL,LIMIT,1701940050915,9,0.9891145
AGLDUSDT,SELL,LIMIT,1701940052335,19,0.9886975
AGLDUSDT,BUY,LIMIT,1701940260736,18,1.0269423
AGLDUSDT,SELL,LIMIT,1701940554272,127,0.9890977
AGLDUSDT,SELL,LIMIT,1701940556647,36,0.9953254
AGLDUSDT,SELL,LIMIT,1701940559410,226,0.9883491
AGLDUSDT,SELL,LIMIT,1701940564145,411,0.9870614
AGLDUSDT,SELL,LIMIT,1701940565157,598,0.9889608
AGLDUSDT,SELL,LIMIT,1701940566328,1243,0.9848445
AGLDUSDT,SELL,LIMIT,1701940568113,32,0.9842278
AGLDUSDT,SELL,LIMIT,1701940570067,147,0.9833359
AGLDUSDT,SELL,LIMIT,1701940571155,5,0.9832709
AGLDUSDT,SELL,LIMIT,1701941123113,259,0.9826669
AGLDUSDT,SELL,LIMIT,1701941124319,1029,0.9823032
AGLDUSDT,SELL,LIMIT,1701941150283,1843,0.9817493
AGLDUSDT,SELL,LIMIT,1701941153719,16,0.9810907
AGLDUSDT,SELL,LIMIT,1701941155600,20,0.9796807
AGLDUSDT,SELL,LIMIT,1701941159742,95,0.9799015
AGLDUSDT,SELL,LIMIT,1701941164199,291,0.9835035
AGLDUSDT,SELL,LIMIT,1701941169807,120,0.9794597
AGLDUSDT,SELL,LIMIT,1701941174752,157,0.9793038
AGLDUSDT,SELL,LIMIT,1701941177183,144,0.9788721
AGLDUSDT,SELL,LIMIT,1701941178239,270,0.9780324
AGLDUSDT,SELL,LIMIT,1701941180274,300,0.9778652
AGLDUSDT,SELL,LIMIT,1701941182437,644,0.9772710
AGLDUSDT,SELL,LIMIT,1701941185179,1156,0.9756273
AGLDUSDT,SELL,LIMIT,1701941186239,118,0.9739551
AGLDUSDT,SELL,LIMIT,1701941187240,10,0.9739251
AGLDUSDT,SELL,LIMIT,1701941188259,149,0.9736871
AGLDUSDT,SELL,LIMIT,1701941189546,1978,0.9721579
AGLDUSDT,SELL,LIMIT,1701941191009,5,0.9720605
AGLDUSDT,SELL,LIMIT,1701941247114,313,0.9742266
AGLDUSDT,BUY,LIMIT,1701941505217,361,1.0122619
AGLDUSDT,BUY,LIMIT,1701941770571,351,1.0167406
AGLDUSDT,BUY,LIMIT,1701942351672,714,1.0213508
AGLDUSDT,BUY,LIMIT,1701942592275,5,1.0291151
AGLDUSDT,SELL,LIMIT,1701944501839,232,0.9973628
AGLDUSDT,SELL,LIMIT,1701945967009,998,0.9941929
AGLDUSDT,SELL,LIMIT,1701946006493,7,0.9930421
AGLDUSDT,SELL,LIMIT,1701946429113,6,0.9925014
AGLDUSDT,SELL,LIMIT,1701948838695,232,0.9948961
AGLDUSDT,SELL,LIMIT,1701948863528,98,0.9938379
AGLDUSDT,SELL,LIMIT,1701950644128,2338,0.9884589
AGLDUSDT,BUY,LIMIT,1701953581090,950,1.0317316
AGLDUSDT,BUY,LIMIT,1701953976591,1,1.0312370
AGLDUSDT,BUY,LIMIT,1701959551000,2484,1.0329191
AGLDUSDT,SELL,LIMIT,1701960697947,55,0.9946684
AGLDUSDT,BUY,LIMIT,1701962490978,92,1.0247049
AGLDUSDT,BUY,LIMIT,1701965854732,83,1.0388591
AGLDUSDT,BUY,LIMIT,1701965885144,336,1.0402651
AGLDUSDT,SELL,LIMIT,1701968685662,379,1.0044168
AGLDUSDT,SELL,LIMIT,1701970961522,675,1.0050052
AGLDUSDT,SELL,LIMIT,1701971015899,1220,1.0037249
AGLDUSDT,SELL,LIMIT,1701972569372,153,1.0106527
AGLDUSDT,SELL,LIMIT,1701977330153,975,0.9944281
AGLDUSDT,SELL,LIMIT,1701978253957,37,0.9912056
AGLDUSDT,SELL,LIMIT,1701987561241,1649,1.0000540
AGLDUSDT,SELL,LIMIT,1701988453535,62,0.9947843
AGLDUSDT,SELL,LIMIT,1701988459915,72,0.9948566
AGLDUSDT,SELL,LIMIT,1701996045495,2701,1.0034352
AGLDUSDT,SELL,LIMIT,1701996129387,7,1.0005282
AGLDUSDT,SELL,LIMIT,1701999992825,20,0.9989311
AGLDUSDT,SELL,LIMIT,1702002126537,219,0.9880522
AGLDUSDT,SELL,LIMIT,1702002128736,1552,0.9876555
AGLDUSDT,SELL,LIMIT,1702002165253,105,0.9869215
AGLDUSDT,SELL,LIMIT,1702002241080,3031,0.9855303
AGLDUSDT,SELL,LIMIT,1702002244161,21,0.9848681
AGLDUSDT,SELL,LIMIT,1702003340446,218,0.9811815
AGLDUSDT,SELL,LIMIT,1702003342280,268,0.9803291
AGLDUSDT,BUY,LIMIT,1702007050925,269,1.0290137
AGLDUSDT,BUY,LIMIT,1702012540692,350,1.0282846
AGLDUSDT,BUY,LIMIT,1702013633778,5,1.0357100
AGLDUSDT,SELL,LIMIT,1702015645303,6,1.0028241
AGLDUSDT,SELL,LIMIT,1702019103564,596,0.9921255
AGLDUSDT,SELL,LIMIT,1702019926364,9,0.9882378
AGLDUSDT,SELL,LIMIT,1702020626422,11,0.9818984
AGLDUSDT,SELL,LIMIT,1702020642916,197,0.9813028
AGLDUSDT,SELL,LIMIT,1702020647621,1576,0.9795112
AGLDUSDT,SELL,LIMIT,1702029073549,1014,0.9808702
AGLDUSDT,SELL,LIMIT,1702029214020,5,0.9781106
AGLDUSDT,SELL,LIMIT,1702029229068,6,0.9763377
AGLDUSDT,SELL,LIMIT,1702036066873,130,0.9869528
AGLDUSDT,BUY,LIMIT,1702039097275,17,1.0152385
AGLDUSDT,BUY,LIMIT,1702044086490,50,1.0128033
AGLDUSDT,SELL,LIMIT,1702044404390,5,0.9817765
AGLDUSDT,SELL,LIMIT,1702049471981,20,0.9845329
AGLDUSDT,BUY,LIMIT,1702052252875,84,1.0222967
AGLDUSDT,SELL,LIMIT,1702055314219,25,0.9826131
AGLDUSDT,BUY,LIMIT,1702060812189,9,1.0253111
AGLDUSDT,BUY,LIMIT,1702061270270,53,1.0292191
AGLDUSDT,BUY,LIMIT,1702078591064,518,1.0386964
AGLDUSDT,BUY,LIMIT,1702080420734,263,1.0462667
AGLDUSDT,BUY,LIMIT,1702080444907,30,1.0467533
AGLDUSDT,BUY,LIMIT,1702081276259,2372,1.0491184
AGLDUSDT,BUY,LIMIT,1702081663250,311,1.0517867
AGLDUSDT,BUY,LIMIT,1702081669212,1014,1.0531023
AGLDUSDT,BUY,LIMIT,1702082282428,90,1.0574127
AGLDUSDT,SELL,LIMIT,1702087398318,766,1.0158284
AGLDUSDT,SELL,LIMIT,1702087497096,388,1.0138693
AGLDUSDT,SELL,LIMIT,1702095200165,54,1.0094817
AGLDUSDT,SELL,LIMIT,1702099749777,243,1.0032792
AGLDUSDT,BUY,LIMIT,1702102926752,44,1.0390474
AGLDUSDT,BUY,LIMIT,1702103600472,36,1.0428719
AGLDUSDT,BUY,LIMIT,1702108710678,151,1.0518293
AGLDUSDT,SELL,LIMIT,1702109780750,8,1.0239118
AGLDUSDT,SELL,LIMIT,1702110912680,733,1.0087745
AGLDUSDT,SELL,LIMIT,1702110970799,815,1.0048312
AGLDUSDT,SELL,LIMIT,1702110976059,488,1.0036843
AGLDUSDT,SELL,LIMIT,1702110977171,205,1.0023360
AGLDUSDT,SELL,LIMIT,1702110982923,154,0.9991392
AGLDUSDT,SELL,LIMIT,1702111028573,843,0.9965136
AGLDUSDT,SELL,LIMIT,1702111030180,755,0.9950538
AGLDUSDT,SELL,LIMIT,1702111031386,14,0.9952601
AGLDUSDT,SELL,LIMIT,1702111037902,33,0.9913566
AGLDUSDT,SELL,LIMIT,1702111041418,437,0.9906282
AGLDUSDT,SELL,LIMIT,1702111043320,1919,0.9890158
AGLDUSDT,SELL,LIMIT,1702111044794,192,1.0077925
AGLDUSDT,SELL,LIMIT,1702111376343,1465,0.9896450
AGLDUSDT,SELL,LIMIT,1702111380770,132,0.9846159
AGLDUSDT,SELL,LIMIT,1702111382571,4566,0.9839768
AGLDUSDT,SELL,LIMIT,1702111387485,4878,0.9822716
AGLDUSDT,SELL,LIMIT,1702111389188,817,0.9815395
AGLDUSDT,SELL,LIMIT,1702115629641,1208,0.9986492
AGLDUSDT,SELL,LIMIT,1702120617528,1038,0.9984572
AGLDUSDT,SELL,LIMIT,1702127909853,4877,0.9981590
AGLDUSDT,SELL,LIMIT,1702132827196,4964,0.9875082
AGLDUSDT,SELL,LIMIT,1702133001984,3629,0.9827590
AGLDUSDT,SELL,LIMIT,1702138642001,264,0.9988595
AGLDUSDT,SELL,LIMIT,1702138954674,291,0.9956194
AGLDUSDT,SELL,LIMIT,1702141564518,5,0.9891265
AGLDUSDT,SELL,LIMIT,1702141672302,982,0.9840997
AGLDUSDT,SELL,LIMIT,1702141675836,251,0.9833435
AGLDUSDT,SELL,LIMIT,1702144884944,187,0.9932495
AGLDUSDT,SELL,LIMIT,1702162436233,1195,0.9962342
AGLDUSDT,SELL,LIMIT,1702164515326,521,0.9865700
AGLDUSDT,SELL,LIMIT,1702164673298,1394,0.9839166
AGLDUSDT,SELL,LIMIT,1702164767466,179,0.9800785
AGLDUSDT,SELL,LIMIT,1702164772116,1025,0.9805390
AGLDUSDT,SELL,LIMIT,1702164792046,19,0.9800928
AGLDUSDT,SELL,LIMIT,1702164800564,14,0.9784709
AGLDUSDT,SELL,LIMIT,1702164801641,77,0.9799179
AGLDUSDT,SELL,LIMIT,1702164803590,770,0.9761009
AGLDUSDT,SELL,LIMIT,1702164805283,1573,0.9741607
AGLDUSDT,SELL,LIMIT,1702164806289,18,0.9754582
AGLDUSDT,SELL,LIMIT,1702164807483,1727,0.9731920
AGLDUSDT,SELL,LIMIT,1702164808505,2452,0.9637155
AGLDUSDT,SELL,LIMIT,1702164809661,1945,0.9617998
AGLDUSDT,SELL,LIMIT,1702164810747,393,0.9636847
AGLDUSDT,SELL,LIMIT,1702164815942,2398,0.9624329
AGLDUSDT,BUY,LIMIT,1702165842093,50,1.0088860
AGLDUSDT,SELL,LIMIT,1702189871406,458,0.9847627
AGLDUSDT,SELL,LIMIT,1702189872489,303,0.9851308
AGLDUSDT,SELL,LIMIT,1702192220615,5,0.9826062
AGLDUSDT,SELL,LIMIT,1702192920138,26,0.9784045
AGLDUSDT,SELL,LIMIT,1702196683841,400,0.9813560
AGLDUSDT,SELL,LIMIT,1702196685367,289,0.9812083
AGLDUSDT,SELL,LIMIT,1702197085499,200,0.9763062
AGLDUSDT,SELL,LIMIT,1702200280610,8,0.9783021
AGLDUSDT,SELL,LIMIT,1702200289768,10,0.9784006
AGLDUSDT,SELL,LIMIT,1702200891125,960,0.9699296
AGLDUSDT,SELL,LIMIT,1702202077355,91,0.9629401
AGLDUSDT,SELL,LIMIT,1702202157133,48,0.9622466
AGLDUSDT,SELL,LIMIT,1702202262951,9,0.9589659
AGLDUSDT,SELL,LIMIT,1702202325384,216,0.9571031
AGLDUSDT,SELL,LIMIT,1702202381228,1006,0.9544292
AGLDUSDT,SELL,LIMIT,1702202388067,98,0.9546721
AGLDUSDT,SELL,LIMIT,1702202393176,10,0.9534300
AGLDUSDT,SELL,LIMIT,1702202394254,50,0.9539160
AGLDUSDT,SELL,LIMIT,1702202395690,29,0.9532812
AGLDUSDT,BUY,LIMIT,1702210750097,20,1.0061624
AGLDUSDT,SELL,LIMIT,1702226957702,12,0.9979049
AGLDUSDT,SELL,LIMIT,1702230160612,131,0.9810370
AGLDUSDT,SELL,LIMIT,1702238269769,392,0.9915011
AGLDUSDT,BUY,LIMIT,1702242578311,30,1.0343626
AGLDUSDT,BUY,LIMIT,1702242738402,130,1.0356408
AGLDUSDT,BUY,LIMIT,1702242775229,13,1.0366194
AGLDUSDT,BUY,LIMIT,1702242998150,899,1.0414776
AGLDUSDT,BUY,LIMIT,1702243008363,8,1.0433723
AGLDUSDT,BUY,LIMIT,1702249202310,6,1.0272007
AGLDUSDT,SELL,LIMIT,1702256446330,19,0.9879943
AGLDUSDT,SELL,LIMIT,1702256719030,621,0.9822575
AGLDUSDT,BUY,LIMIT,1702257894821,152,1.0207177
AGLDUSDT,SELL,LIMIT,1702260439590,101,0.9811128
AGLDUSDT,SELL,LIMIT,1702260630501,6,0.9752903
AGLDUSDT,SELL,LIMIT,1702260698727,1463,0.9685990
AGLDUSDT,SELL,LIMIT,1702260707374,383,0.9672178
AGLDUSDT,SELL,LIMIT,1702260708748,230,0.9682043
AGLDUSDT,SELL,LIMIT,1702260710289,6,0.9668626
AGLDUSDT,SELL,LIMIT,1702260711376,210,0.9659641
AGLDUSDT,SELL,LIMIT,1702260714340,120,1.0466090
AGLDUSDT,SELL,LIMIT,1702260720303,24,0.9613699
AGLDUSDT,SELL,LIMIT,1702260723402,5015,0.9605727
AGLDUSDT,SELL,LIMIT,1702260725890,1000,0.9677702
AGLDUSDT,SELL,LIMIT,1702260730224,961,0.9565789
AGLDUSDT,SELL,LIMIT,1702260731398,17,0.9537159
AGLDUSDT,SELL,LIMIT,1702260732562,12190,0.9455028
AGLDUSDT,SELL,LIMIT,1702260733627,5,0.9532305
AGLDUSDT,SELL,LIMIT,1702260735001,18,0.9503189
AGLDUSDT,SELL,LIMIT,1702260737648,987,0.9434218
AGLDUSDT,SELL,LIMIT,1702260738660,4520,0.9475638
AGLDUSDT,SELL,LIMIT,1702260739779,596,0.9438450
AGLDUSDT,SELL,LIMIT,1702260740872,109,0.9416169
AGLDUSDT,SELL,LIMIT,1702260742525,56,0.9405072
AGLDUSDT,SELL,LIMIT,1702260743707,1187,0.9382677
AGLDUSDT,SELL,LIMIT,1702260745248,432,0.9368165
AGLDUSDT,SELL,LIMIT,1702260746710,18,0.9333439
AGLDUSDT,SELL,LIMIT,1702260747725,1001,0.9328838
AGLDUSDT,SELL,LIMIT,1702260749360,2260,0.9328675
AGLDUSDT,SELL,LIMIT,1702260751786,9,0.9289852
AGLDUSDT,SELL,LIMIT,1702260752824,20,0.9242412
AGLDUSDT,SELL,LIMIT,1702260753858,322,0.9248827
AGLDUSDT,SELL,LIMIT,1702260754945,301,0.9233115
AGLDUSDT,SELL,LIMIT,1702260756917,195,0.9162245
AGLDUSDT,SELL,LIMIT,1702260757968,516,0.9161655
AGLDUSDT,SELL,LIMIT,1702260759502,12803,0.9067076
AGLDUSDT,SELL,LIMIT,1702260760520,288,0.9124001
AGLDUSDT,SELL,LIMIT,1702260761577,312,0.9094401
AGLDUSDT,SELL,LIMIT,1702260762827,16,0.9000872
AGLDUSDT,SELL,LIMIT,1702260763839,405,0.8993482
AGLDUSDT,SELL,LIMIT,1702260764877,30,0.8990541
AGLDUSDT,SELL,LIMIT,1702260766560,90,0.8932315
AGLDUSDT,SELL,LIMIT,1702260767611,57,0.8860948
AGLDUSDT,SELL,LIMIT,1702260770338,1142,0.8846103
AGLDUSDT,SELL,LIMIT,1702260771349,1818,0.8770727
AGLDUSDT,SELL,LIMIT,1702260772682,357,0.8811567
AGLDUSDT,SELL,LIMIT,1702260774468,143,0.8747786
AGLDUSDT,SELL,LIMIT,1702260775580,14,0.8746832
AGLDUSDT,SELL,LIMIT,1702260777749,36,0.8758790
AGLDUSDT,SELL,LIMIT,1702260778816,10,0.8719186
AGLDUSDT,SELL,LIMIT,1702260780991,152,0.8707592
AGLDUSDT,SELL,LIMIT,1702260782193,69,0.8744189
AGLDUSDT,SELL,LIMIT,1702260784011,2,0.8728296
AGLDUSDT,SELL,LIMIT,1702260785493,511,0.9020416
AGLDUSDT,SELL,LIMIT,1702260786942,2699,0.8810651
AGLDUSDT,SELL,LIMIT,1702260788470,1565,0.8791465
AGLDUSDT,SELL,LIMIT,1702260789588,9649,0.8751036
AGLDUSDT,SELL,LIMIT,1702260790980,414,0.8830911
AGLDUSDT,SELL,LIMIT,1702260792239,50,0.8843572
AGLDUSDT,SELL,LIMIT,1702260793472,163,0.8855440
AGLDUSDT,SELL,LIMIT,1702260795030,18,0.8845301
AGLDUSDT,SELL,LIMIT,1702260796379,70,0.8834783
AGLDUSDT,SELL,LIMIT,1702260797487,27,0.8832052
AGLDUSDT,SELL,LIMIT,1702260799420,30,0.8837356
AGLDUSDT,SELL,LIMIT,1702260800429,338,0.8826674
AGLDUSDT,SELL,LIMIT,1702260802247,48,0.8846186
AGLDUSDT,SELL,LIMIT,1702260803691,6,0.8868941
AGLDUSDT,SELL,LIMIT,1702260805394,272,0.8853724
AGLDUSDT,SELL,LIMIT,1702260806466,310,0.8837237
AGLDUSDT,SELL,LIMIT,1702260807614,28,0.8816211
AGLDUSDT,SELL,LIMIT,1702260808665,277,0.8816211
AGLDUSDT,SELL,LIMIT,1702260811200,158,0.8834925
AGLDUSDT,SELL,LIMIT,1702260814160,24,0.8768741
AGLDUSDT,SELL,LIMIT,1702260815275,149,0.8766303
AGLDUSDT,SELL,LIMIT,1702260816738,82,0.8777458
AGLDUSDT,SELL,LIMIT,1702260818418,24,0.8772680
AGLDUSDT,SELL,LIMIT,1702260820575,862,0.8795501
AGLDUSDT,SELL,LIMIT,1702260822251,9,0.8791126
AGLDUSDT,SELL,LIMIT,1702260826169,429,0.8828776
AGLDUSDT,BUY,LIMIT,1702260827399,18,0.9097445
AGLDUSDT,SELL,LIMIT,1702260828401,141,0.8843331
AGLDUSDT,BUY,LIMIT,1702260845161,323,0.9252773
AGLDUSDT,BUY,LIMIT,1702260853765,942,0.9279983
AGLDUSDT,BUY,LIMIT,1702260856058,7,0.9281004
AGLDUSDT,BUY,LIMIT,1702261309663,1603,0.9538192
AGLDUSDT,SELL,LIMIT,1702262565845,13,0.9145009
