Symbol,Side,Order Type,Time,Quantity,Price
AGLDUSDT,SELL,LIMIT,1700996269588,903,0.9142649
AGLDUSDT,SELL,LIMIT,1700996297834,80,0.9133740
AGLDUSDT,SELL,LIMIT,1700996365086,224,0.9119721
AGLDUSDT,SELL,LIMIT,1701000334673,1724,0.9252082
AGLDUSDT,BUY,LIMIT,1701001797090,155,0.9610973
AGLDUSDT,BUY,LIMIT,1701001926274,1924,0.9653354
AGLDUSDT,BUY,LIMIT,1701002011287,2300,0.9686668
AGLDUSDT,BUY,LIMIT,1701002041251,43,0.9710903
AGLDUSDT,BUY,LIMIT,1701002042254,547,0.9704113
AGLDUSDT,SELL,LIMIT,1701002470958,203,0.9366496
AGLDUSDT,BUY,LIMIT,1701002823263,2662,0.9715670
AGLDUSDT,BUY,LIMIT,1701003408030,4958,0.9741993
AGLDUSDT,BUY,LIMIT,1701003954125,42,0.9796512
AGLDUSDT,SELL,LIMIT,1701004361280,294,0.9417865
AGLDUSDT,SELL,LIMIT,1701004967294,11,0.9391290
AGLDUSDT,SELL,LIMIT,1701008158078,313,0.9240989
AGLDUSDT,SELL,LIMIT,1701008223065,93,0.9210240
AGLDUSDT,SELL,LIMIT,1701008283708,593,0.9206894
AGLDUSDT,SELL,LIMIT,1701008327972,26,0.9198586
AGLDUSDT,BUY,LIMIT,1701009287651,123,0.9479029
AGLDUSDT,SELL,LIMIT,1701010896868,753,0.9158990
AGLDUSDT,SELL,LIMIT,1701011467153,407,0.9243884
AGLDUSDT,SELL,LIMIT,1701011859342,205,0.9194913
AGLDUSDT,SELL,LIMIT,1701013081456,5328,0.9185848
AGLDUSDT,SELL,LIMIT,1701013107413,313,0.9174291
AGLDUSDT,SELL,LIMIT,1701013507651,2136,0.9111251
AGLDUSDT,SELL,LIMIT,1701013515261,2165,0.9104964
AGLDUSDT,BUY,LIMIT,1701013696804,14,0.9375935
AGLDUSDT,SELL,LIMIT,1701013871529,399,0.9104163
AGLDUSDT,SELL,LIMIT,1701014673195,323,0.9196366
AGLDUSDT,SELL,LIMIT,1701014945434,3077,0.9097706
AGLDUSDT,SELL,LIMIT,1701014975414,352,0.9072698
AGLDUSDT,SELL,LIMIT,1701015231208,161,0.9051524
AGLDUSDT,SELL,LIMIT,1701015659094,117,0.9048726
AGLDUSDT,SELL,LIMIT,1701015749169,543,0.9017841
AGLDUSDT,SELL,LIMIT,1701015757360,153,0.9006105
AGLDUSDT,SELL,LIMIT,1701015758372,39,0.9000528
AGLDUSDT,SELL,LIMIT,1701015760170,5271,0.8959322
AGLDUSDT,SELL,LIMIT,1701015762240,1924,0.8946863
AGLDUSDT,SELL,LIMIT,1701015845077,1169,0.8988553
AGLDUSDT,SELL,LIMIT,1701015867567,157,0.8983929
AGLDUSDT,SELL,LIMIT,1701016025195,555,0.8941619
AGLDUSDT,SELL,LIMIT,1701016026200,81,0.8915130
AGLDUSDT,SELL,LIMIT,1701016031971,52,0.8897081
AGLDUSDT,SELL,LIMIT,1701016033362,3414,0.8889952
AGLDUSDT,SELL,LIMIT,1701016038223,72,0.8889104
AGLDUSDT,SELL,LIMIT,1701016039717,42,0.8881761
AGLDUSDT,SELL,LIMIT,1701016043256,6,0.8876424
AGLDUSDT,SELL,LIMIT,1701016044715,5319,0.8857466
AGLDUSDT,SELL,LIMIT,1701016045939,2304,0.8876870
AGLDUSDT,SELL,LIMIT,1701016048190,63,0.8837007
AGLDUSDT,SELL,LIMIT,1701016050985,546,0.8835529
AGLDUSDT,SELL,LIMIT,1701016100062,46,0.8858014
AGLDUSDT,SELL,LIMIT,1701016102470,26,0.8856112
AGLDUSDT,BUY,LIMIT,1701018350911,55,0.9441901
AGLDUSDT,BUY,LIMIT,1701019865886,323,0.9473237
AGLDUSDT,SELL,LIMIT,1701021788069,144,0.9226722
AGLDUSDT,BUY,LIMIT,1701023481155,536,0.9498117
AGLDUSDT,BUY,LIMIT,1701023974458,24,0.9471996
AGLDUSDT,SELL,LIMIT,1701026349464,1251,0.9230575
AGLDUSDT,SELL,LIMIT,1701037850917,3852,0.9146325
AGLDUSDT,BUY,LIMIT,1701043780478,6,0.9460500
AGLDUSDT,BUY,LIMIT,1701044321685,12,0.9515513
AGLDUSDT,SELL,LIMIT,1701045875480,168,0.9214384
AGLDUSDT,SELL,LIMIT,1701046086236,1563,0.9177198
AGLDUSDT,SELL,LIMIT,1701047367691,60,0.9066335
AGLDUSDT,SELL,LIMIT,1701047427552,37,0.9050080
AGLDUSDT,SELL,LIMIT,1701048061430,6,0.8996401
AGLDUSDT,BUY,LIMIT,1701053291356,3279,0.9329259
AGLDUSDT,SELL,LIMIT,1701055062792,21,0.8992644
AGLDUSDT,SELL,LIMIT,1701056065089,522,0.8964919
AGLDUSDT,SELL,LIMIT,1701056165740,870,0.8905672
AGLDUSDT,SELL,LIMIT,1701058877651,2000,0.8882722
AGLDUSDT,SELL,LIMIT,1701059769270,49,0.8851519
AGLDUSDT,SELL,LIMIT,1701059835137,292,0.8830774
AGLDUSDT,SELL,LIMIT,1701059854741,21,0.8827823
AGLDUSDT,SELL,LIMIT,1701059885052,459,0.8824696
AGLDUSDT,SELL,LIMIT,1701059886292,577,0.8814301
AGLDUSDT,SELL,LIMIT,1701059918609,1354,0.8794319
