Symbol,Side,Order Type,Time,Quantity,Price
ALGOUSDT,SELL,LIMIT,1701067869154,850.1,0.1327
ALGOUSDT,SELL,LIMIT,1701067870706,320.9,0.1326
ALGOUSDT,SELL,LIMIT,1701069635846,18103.5,0.1315
ALGOUSDT,SELL,LIMIT,1701069723982,57.1,0.1314
ALGOUSDT,SELL,LIMIT,1701069825855,80.2,0.1312
ALGOUSDT,SELL,LIMIT,1701069853223,13429.2,0.1310
ALGOUSDT,SELL,LIMIT,1701069882590,1136.5,0.1309
ALGOUSDT,SELL,LIMIT,1701069886217,366.3,0.1309
ALGOUSDT,SELL,LIMIT,1701069901990,1424.5,0.1308
ALGOUSDT,SELL,LIMIT,1701069914367,2630.1,0.1307
ALGOUSDT,SELL,LIMIT,1701070172007,47.7,0.1306
ALGOUSDT,SELL,LIMIT,1701070173270,3659.0,0.1306
ALGOUSDT,SELL,LIMIT,1701070438279,457.1,0.1305
ALGOUSDT,SELL,LIMIT,1701070442931,4609.0,0.1305
ALGOUSDT,BUY,LIMIT,1701073602347,659.6,0.1361
ALGOUSDT,SELL,LIMIT,1701077399082,2360.1,0.1317
ALGOUSDT,SELL,LIMIT,1701080707374,11992.1,0.1307
ALGOUSDT,SELL,LIMIT,1701080759074,546.2,0.1307
ALGOUSDT,SELL,LIMIT,1701080784505,876.5,0.1305
ALGOUSDT,SELL,LIMIT,1701081195329,9736.9,0.1303
ALGOUSDT,SELL,LIMIT,1701081330002,13657.0,0.1301
ALGOUSDT,SELL,LIMIT,1701081430294,8337.2,0.1297
ALGOUSDT,SELL,LIMIT,1701081488037,7199.4,0.1294
ALGOUSDT,SELL,LIMIT,1701081578963,3554.6,0.1296
ALGOUSDT,SELL,LIMIT,1701082126032,1316.4,0.1293
ALGOUSDT,SELL,LIMIT,1701082127891,8765.5,0.1293
ALGOUSDT,SELL,LIMIT,1701082687202,2172.1,0.1292
ALGOUSDT,SELL,LIMIT,1701082696926,356.3,0.1292
ALGOUSDT,BUY,LIMIT,1701090916681,382.1,0.1344
ALGOUSDT,BUY,LIMIT,1701091307086,3275.2,0.1347
ALGOUSDT,BUY,LIMIT,1701091361949,268.3,0.1349
ALGOUSDT,SELL,LIMIT,1701094852460,11086.4,0.1297
ALGOUSDT,SELL,LIMIT,1701096804290,1200.0,0.1292
ALGOUSDT,SELL,LIMIT,1701097041084,1000.0,0.1290
ALGOUSDT,SELL,LIMIT,1701097099528,576.0,0.1287
ALGOUSDT,SELL,LIMIT,1701097102058,39.2,0.1287
ALGOUSDT,BUY,LIMIT,1701097366164,15302.2,0.1333
ALGOUSDT,SELL,LIMIT,1701099094308,2293.4,0.1296
ALGOUSDT,SELL,LIMIT,1701099188380,103.7,0.1295
ALGOUSDT,SELL,LIMIT,1701100572191,23641.0,0.1284
ALGOUSDT,SELL,LIMIT,1701100603260,9681.9,0.1283
ALGOUSDT,SELL,LIMIT,1701100641256,598.5,0.1282
ALGOUSDT,BUY,LIMIT,1701104684163,411.5,0.1338
ALGOUSDT,SELL,LIMIT,1701107023977,36103.8,0.1296
ALGOUSDT,SELL,LIMIT,1701107469337,902.8,0.1293
ALGOUSDT,SELL,LIMIT,1701111572840,1138.0,0.1286
ALGOUSDT,SELL,LIMIT,1701114163103,11170.2,0.1281
ALGOUSDT,SELL,LIMIT,1701114238267,4046.5,0.1278
ALGOUSDT,SELL,LIMIT,1701114255573,35579.1,0.1278
ALGOUSDT,SELL,LIMIT,1701114262272,4646.3,0.1277
ALGOUSDT,SELL,LIMIT,1701114264532,1902.6,0.1276
ALGOUSDT,SELL,LIMIT,1701114352848,53.8,0.1275
ALGOUSDT,SELL,LIMIT,1701114458310,563.0,0.1274
ALGOUSDT,SELL,LIMIT,1701114468178,79.5,0.1274
ALGOUSDT,SELL,LIMIT,1701114469263,8642.3,0.1273
ALGOUSDT,BUY,LIMIT,1701115938088,15246.6,0.1322
ALGOUSDT,SELL,LIMIT,1701116810678,1279.1,0.1276
ALGOUSDT,SELL,LIMIT,1701116890403,1501.1,0.1274
ALGOUSDT,BUY,LIMIT,1701126705412,75.5,0.1334
ALGOUSDT,BUY,LIMIT,1701127496503,16820.5,0.1336
ALGOUSDT,SELL,LIMIT,1701137378646,189.4,0.1286
ALGOUSDT,SELL,LIMIT,1701146037020,1357.9,0.1287
ALGOUSDT,SELL,LIMIT,1701147914468,102.4,0.1282
ALGOUSDT,SELL,LIMIT,1701148130230,41015.7,0.1278
ALGOUSDT,SELL,LIMIT,1701148176200,1145.0,0.1277
ALGOUSDT,SELL,LIMIT,1701148936904,190114.0,0.1264
ALGOUSDT,SELL,LIMIT,1701149773041,1495.2,0.1272
ALGOUSDT,SELL,LIMIT,1701149824991,40.0,0.1271
ALGOUSDT,SELL,LIMIT,1701149832698,7587.2,0.1271
ALGOUSDT,SELL,LIMIT,1701149845576,9579.2,0.1270
ALGOUSDT,SELL,LIMIT,1701149848064,44.3,0.1269
ALGOUSDT,SELL,LIMIT,1701149849743,284.0,0.1269
ALGOUSDT,SELL,LIMIT,1701149857189,470.7,0.1268
ALGOUSDT,SELL,LIMIT,1701149891973,100.0,0.1267
ALGOUSDT,BUY,LIMIT,1701152388124,777.7,0.1316
ALGOUSDT,SELL,LIMIT,1701155792733,44.3,0.1281
ALGOUSDT,SELL,LIMIT,1701156272534,166.4,0.1279
ALGOUSDT,SELL,LIMIT,1701162056528,49.4,0.1282
ALGOUSDT,BUY,LIMIT,1701164735453,5204.9,0.1335
ALGOUSDT,BUY,LIMIT,1701172146043,7662.8,0.1346
ALGOUSDT,BUY,LIMIT,1701172376123,322.9,0.1349
ALGOUSDT,SELL,LIMIT,1701185801900,716.0,0.1302
ALGOUSDT,BUY,LIMIT,1701190198862,3257.6,0.1363
ALGOUSDT,BUY,LIMIT,1701192032922,1552.7,0.1365
ALGOUSDT,SELL,LIMIT,1701194838312,669.6,0.1318
ALGOUSDT,SELL,LIMIT,1701197403394,437.6,0.1316
ALGOUSDT,SELL,LIMIT,1701207852000,371.7,0.1315
ALGOUSDT,SELL,LIMIT,1701207858042,151.8,0.1315
ALGOUSDT,SELL,LIMIT,1701211848202,4147.0,0.1311
ALGOUSDT,SELL,LIMIT,1701211903769,3139.0,0.1310
ALGOUSDT,SELL,LIMIT,1701216848572,165.7,0.1305
ALGOUSDT,SELL,LIMIT,1701229069945,3241.2,0.1298
ALGOUSDT,SELL,LIMIT,1701236109873,4490.9,0.1296
ALGOUSDT,BUY,LIMIT,1701247629125,37678.9,0.1351
ALGOUSDT,SELL,LIMIT,1701250178622,373.6,0.1312
ALGOUSDT,SELL,LIMIT,1701254271949,499.3,0.1297
ALGOUSDT,SELL,LIMIT,1701254406898,9964.8,0.1292
ALGOUSDT,SELL,LIMIT,1701254418286,19615.3,0.1296
ALGOUSDT,SELL,LIMIT,1701254420219,222.5,0.1291
