Symbol,Side,Order Type,Time,Quantity,Price
ALGOUSDT,SELL,LIMIT,1700849763168,3269.7,0.1321
ALGOUSDT,BUY,LIMIT,1700852491400,37509.3,0.1359
ALGOUSDT,BUY,LIMIT,1700864374832,424.2,0.1352
ALGOUSDT,SELL,LIMIT,1700868938197,5000.0,0.1315
ALGOUSDT,BUY,LIMIT,1700875698767,3753.7,0.1364
ALGOUSDT,BUY,LIMIT,1700877756418,657.4,0.1377
ALGOUSDT,BUY,LIMIT,1700879281717,61.6,0.1381
ALGOUSDT,BUY,LIMIT,1700880186158,1716.7,0.1384
ALGOUSDT,BUY,LIMIT,1700883338305,138.7,0.1393
ALGOUSDT,BUY,LIMIT,1700896128192,1798.7,0.1401
ALGOUSDT,BUY,LIMIT,1700896197483,1492.5,0.1406
ALGOUSDT,BUY,LIMIT,1700896199422,1157.0,0.1407
ALGOUSDT,BUY,LIMIT,1700896275833,3024.2,0.1409
ALGOUSDT,BUY,LIMIT,1700896280959,1566.8,0.1411
ALGOUSDT,BUY,LIMIT,1700896685650,1095.6,0.1414
ALGOUSDT,BUY,LIMIT,1700896865434,4989.6,0.1417
ALGOUSDT,BUY,LIMIT,1700896877301,3957.4,0.1418
ALGOUSDT,BUY,LIMIT,1700897210761,1554.9,0.1422
ALGOUSDT,BUY,LIMIT,1700897327645,7241.9,0.1425
ALGOUSDT,BUY,LIMIT,1700897394052,7232.4,0.1426
ALGOUSDT,BUY,LIMIT,1700897395578,3855.0,0.1426
ALGOUSDT,BUY,LIMIT,1700897487274,799.6,0.1429
ALGOUSDT,BUY,LIMIT,1700897488462,372.4,0.1430
ALGOUSDT,BUY,LIMIT,1700897496165,258.5,0.1430
ALGOUSDT,BUY,LIMIT,1700897725443,59.5,0.1434
ALGOUSDT,BUY,LIMIT,1700897733601,8054.2,0.1435
ALGOUSDT,BUY,LIMIT,1700898676356,637.8,0.1436
ALGOUSDT,BUY,LIMIT,1700898911063,1460.9,0.1437
ALGOUSDT,BUY,LIMIT,1700898912097,1666.0,0.1437
ALGOUSDT,BUY,LIMIT,1700899656841,46.2,0.1436
ALGOUSDT,SELL,LIMIT,1700902789163,407.4,0.1377
ALGOUSDT,SELL,LIMIT,1700902798904,2900.2,0.1376
ALGOUSDT,SELL,LIMIT,1700903220531,11256.8,0.1375
ALGOUSDT,SELL,LIMIT,1700903560965,3571.4,0.1373
ALGOUSDT,SELL,LIMIT,1700904216831,184.4,0.1371
ALGOUSDT,SELL,LIMIT,1700904260590,129.2,0.1371
ALGOUSDT,SELL,LIMIT,1700904931125,2128.8,0.1368
ALGOUSDT,SELL,LIMIT,1700908685671,1075.2,0.1362
ALGOUSDT,SELL,LIMIT,1700911305606,3706.5,0.1358
ALGOUSDT,SELL,LIMIT,1700911501382,423.1,0.1356
ALGOUSDT,SELL,LIMIT,1700911510384,811.8,0.1355
ALGOUSDT,SELL,LIMIT,1700912249138,7361.8,0.1352
ALGOUSDT,SELL,LIMIT,1700912489184,4321.5,0.1374
ALGOUSDT,SELL,LIMIT,1700912505042,2211.9,0.1352
ALGOUSDT,SELL,LIMIT,1700912554574,3915.4,0.1349
ALGOUSDT,BUY,LIMIT,1700914869312,5113.3,0.1403
ALGOUSDT,BUY,LIMIT,1700917553718,451.3,0.1415
ALGOUSDT,SELL,LIMIT,1700925647487,1110.2,0.1373
ALGOUSDT,BUY,LIMIT,1700927641171,7007.8,0.1419
ALGOUSDT,BUY,LIMIT,1700928284129,191.6,0.1421
