Symbol,Side,Order Type,Time,Quantity,Price
ALGOUSDT,BUY,LIMIT,1701916216068,3262.3,0.1623
ALGOUSDT,BUY,LIMIT,1701916293259,211.2,0.1625
ALGOUSDT,BUY,LIMIT,1701916602777,202.5,0.1629
ALGOUSDT,BUY,LIMIT,1701916641786,12903.7,0.1632
ALGOUSDT,BUY,LIMIT,1701916697754,64.3,0.1634
ALGOUSDT,BUY,LIMIT,1701916714464,6555.5,0.1635
ALGOUSDT,BUY,LIMIT,1701917080258,1669.8,0.1638
ALGOUSDT,BUY,LIMIT,1701917130199,8951.0,0.1640
ALGOUSDT,SELL,LIMIT,1701917802593,3069.9,0.1580
ALGOUSDT,BUY,LIMIT,1701917972052,543.3,0.1635
ALGOUSDT,SELL,LIMIT,1701918560909,1089.2,0.1573
ALGOUSDT,SELL,LIMIT,1701918565968,17887.1,0.1573
ALGOUSDT,SELL,LIMIT,1701918613667,2989.7,0.1571
ALGOUSDT,BUY,LIMIT,1701919023580,44.0,0.1617
ALGOUSDT,BUY,LIMIT,1701920089035,306.3,0.1630
ALGOUSDT,BUY,LIMIT,1701925194357,6347.2,0.1620
ALGOUSDT,BUY,LIMIT,1701925752281,916.3,0.1625
ALGOUSDT,BUY,LIMIT,1701926028525,74.2,0.1626
ALGOUSDT,BUY,LIMIT,1701926170355,7606.1,0.1633
ALGOUSDT,BUY,LIMIT,1701926800176,2532.3,0.1643
ALGOUSDT,BUY,LIMIT,1701926808080,2038.3,0.1643
ALGOUSDT,BUY,LIMIT,1701926945852,38.8,0.1643
ALGOUSDT,BUY,LIMIT,1701927259601,83.9,0.1644
ALGOUSDT,BUY,LIMIT,1701927267335,77.9,0.1644
ALGOUSDT,BUY,LIMIT,1701927378470,107.0,0.1645
ALGOUSDT,BUY,LIMIT,1701927407516,3875.5,0.1646
ALGOUSDT,BUY,LIMIT,1701927409076,7223.8,0.1647
ALGOUSDT,BUY,LIMIT,1701927429580,5555.5,0.1647
ALGOUSDT,BUY,LIMIT,1701927512088,28973.3,0.1650
ALGOUSDT,BUY,LIMIT,1701927537109,517.3,0.1650
ALGOUSDT,BUY,LIMIT,1701927879363,758.1,0.1652
ALGOUSDT,BUY,LIMIT,1701927881601,1183.4,0.1651
ALGOUSDT,BUY,LIMIT,1701927891233,9344.0,0.1652
ALGOUSDT,BUY,LIMIT,1701927900920,275.1,0.1652
ALGOUSDT,BUY,LIMIT,1701928081282,847.2,0.1656
ALGOUSDT,SELL,LIMIT,1701929526869,5230.7,0.1593
ALGOUSDT,BUY,LIMIT,1701932015395,243.7,0.1660
ALGOUSDT,BUY,LIMIT,1701932503424,95.9,0.1661
ALGOUSDT,BUY,LIMIT,1701932949320,2941.2,0.1663
ALGOUSDT,BUY,LIMIT,1701932955298,776.4,0.1663
ALGOUSDT,BUY,LIMIT,1701932964194,2212.4,0.1664
ALGOUSDT,BUY,LIMIT,1701933431737,875.8,0.1667
ALGOUSDT,BUY,LIMIT,1701933667789,1163.9,0.1667
ALGOUSDT,BUY,LIMIT,1701933670224,52.5,0.1668
ALGOUSDT,SELL,LIMIT,1701933831086,11432.9,0.1608
ALGOUSDT,SELL,LIMIT,1701934261150,1640.2,0.1601
ALGOUSDT,BUY,LIMIT,1701934313294,865.5,0.1656
ALGOUSDT,BUY,LIMIT,1701934314536,402.7,0.1657
ALGOUSDT,SELL,LIMIT,1701934509411,30073.2,0.1606
ALGOUSDT,SELL,LIMIT,1701936189463,1183.2,0.1596
ALGOUSDT,SELL,LIMIT,1701936753396,91.1,0.1591
ALGOUSDT,SELL,LIMIT,1701936874227,62.6,0.1589
ALGOUSDT,SELL,LIMIT,1701936922927,1749.5,0.1584
ALGOUSDT,SELL,LIMIT,1701937303921,20080.6,0.1584
ALGOUSDT,SELL,LIMIT,1701937379278,377.8,0.1579
ALGOUSDT,BUY,LIMIT,1701938641417,187.5,0.1633
ALGOUSDT,BUY,LIMIT,1701938789990,41.8,0.1637
ALGOUSDT,SELL,LIMIT,1701939340614,783.8,0.1575
ALGOUSDT,SELL,LIMIT,1701940050098,25000.0,0.1567
ALGOUSDT,SELL,LIMIT,1701940300246,13782.1,0.1570
ALGOUSDT,SELL,LIMIT,1701940427264,180.3,0.1565
ALGOUSDT,SELL,LIMIT,1701940429812,9209.9,0.1565
ALGOUSDT,SELL,LIMIT,1701940453742,30006.1,0.1564
ALGOUSDT,SELL,LIMIT,1701940544383,23101.6,0.1560
ALGOUSDT,SELL,LIMIT,1701940555859,88.7,0.1557
ALGOUSDT,SELL,LIMIT,1701940563087,1236.8,0.1582
ALGOUSDT,SELL,LIMIT,1701940565661,819.3,0.1553
ALGOUSDT,SELL,LIMIT,1701940720574,1628.7,0.1552
ALGOUSDT,SELL,LIMIT,1701941020429,668.2,0.1564
ALGOUSDT,BUY,LIMIT,1701941146709,37.7,0.1592
ALGOUSDT,SELL,LIMIT,1701941148805,1000.0,0.1545
ALGOUSDT,SELL,LIMIT,1701941150287,1671.7,0.1544
ALGOUSDT,SELL,LIMIT,1701941158853,1124.4,0.1542
ALGOUSDT,SELL,LIMIT,1701941168082,3148.6,0.1541
ALGOUSDT,SELL,LIMIT,1701941187488,1877.1,0.1537
ALGOUSDT,SELL,LIMIT,1701941189303,5434.7,0.1536
ALGOUSDT,SELL,LIMIT,1701941244841,2479.0,0.1535
ALGOUSDT,SELL,LIMIT,1701941246193,50.0,0.1535
ALGOUSDT,BUY,LIMIT,1701941397887,349.8,0.1588
ALGOUSDT,SELL,LIMIT,1701941437763,2013.9,0.1543
ALGOUSDT,BUY,LIMIT,1701942368034,329.9,0.1614
ALGOUSDT,BUY,LIMIT,1701943340649,282.1,0.1626
ALGOUSDT,SELL,LIMIT,1701943569527,34.4,0.1567
ALGOUSDT,SELL,LIMIT,1701944450708,3293.6,0.1564
ALGOUSDT,SELL,LIMIT,1701946473601,1522.1,0.1567
ALGOUSDT,BUY,LIMIT,1701953341563,45.2,0.1612
ALGOUSDT,BUY,LIMIT,1701953976590,0.1,0.1614
ALGOUSDT,SELL,LIMIT,1701954866221,3881.3,0.1556
ALGOUSDT,SELL,LIMIT,1701956897314,6482.9,0.1548
ALGOUSDT,SELL,LIMIT,1701960183301,717.4,0.1546
ALGOUSDT,BUY,LIMIT,1701960994713,7546.9,0.1602
ALGOUSDT,BUY,LIMIT,1701962686690,0.1,0.1605
ALGOUSDT,SELL,LIMIT,1701964014226,12092.2,0.1564
ALGOUSDT,SELL,LIMIT,1701964839405,415.4,0.1570
ALGOUSDT,BUY,LIMIT,1701967278170,176.4,0.1633
ALGOUSDT,BUY,LIMIT,1701967382723,77.1,0.1637
ALGOUSDT,BUY,LIMIT,1701967421535,250.0,0.1639
ALGOUSDT,BUY,LIMIT,1701967855279,1567.5,0.1644
ALGOUSDT,BUY,LIMIT,1701968091857,74.1,0.1646
ALGOUSDT,BUY,LIMIT,1701968111484,2724.1,0.1648
ALGOUSDT,BUY,LIMIT,1701968165544,2099.8,0.1649
ALGOUSDT,SELL,LIMIT,1701968467283,827.5,0.1595
ALGOUSDT,SELL,LIMIT,1701968938532,17316.0,0.1586
ALGOUSDT,SELL,LIMIT,1701976869492,308.8,0.1576
ALGOUSDT,SELL,LIMIT,1701978105977,802.0,0.1570
ALGOUSDT,BUY,LIMIT,1701979508037,3294.0,0.1625
ALGOUSDT,BUY,LIMIT,1701979900699,35.0,0.1630
ALGOUSDT,SELL,LIMIT,1701980944633,17883.4,0.1573
ALGOUSDT,SELL,LIMIT,1701981419458,205.2,0.1566
ALGOUSDT,SELL,LIMIT,1701981619039,1212.3,0.1562
ALGOUSDT,BUY,LIMIT,1701984285249,182.3,0.1644
ALGOUSDT,BUY,LIMIT,1701984526373,0.2,0.1646
ALGOUSDT,BUY,LIMIT,1701988190684,52.3,0.1655
ALGOUSDT,BUY,LIMIT,1701988303708,607.4,0.1656
ALGOUSDT,SELL,LIMIT,1701988368239,1476.5,0.1613
ALGOUSDT,BUY,LIMIT,1701989795411,930.9,0.1658
ALGOUSDT,BUY,LIMIT,1701991153733,6088.6,0.1663
ALGOUSDT,SELL,LIMIT,1701991428054,2971.8,0.1609
ALGOUSDT,BUY,LIMIT,1701992619805,1258.7,0.1669
ALGOUSDT,BUY,LIMIT,1701992630365,64.8,0.1669
ALGOUSDT,BUY,LIMIT,1701992663438,1648.4,0.1670
ALGOUSDT,BUY,LIMIT,1701992795271,1088.1,0.1674
ALGOUSDT,SELL,LIMIT,1701997753781,1500.0,0.1604
ALGOUSDT,BUY,LIMIT,1702001141455,117.7,0.1672
ALGOUSDT,BUY,LIMIT,1702002508141,474.6,0.1677
ALGOUSDT,BUY,LIMIT,1702002632288,1957.0,0.1677
ALGOUSDT,BUY,LIMIT,1702002636092,602.3,0.1678
ALGOUSDT,BUY,LIMIT,1702004078474,2782.6,0.1680
ALGOUSDT,BUY,LIMIT,1702005494917,303.3,0.1680
ALGOUSDT,BUY,LIMIT,1702005563473,1218.2,0.1683
ALGOUSDT,BUY,LIMIT,1702005632693,2294.6,0.1685
ALGOUSDT,BUY,LIMIT,1702005635441,788.7,0.1685
ALGOUSDT,BUY,LIMIT,1702006433992,12925.0,0.1690
ALGOUSDT,BUY,LIMIT,1702006477120,132.0,0.1691
ALGOUSDT,BUY,LIMIT,1702006906151,299.5,0.1693
ALGOUSDT,BUY,LIMIT,1702006913107,4252.1,0.1694
ALGOUSDT,BUY,LIMIT,1702006915090,1717.5,0.1694
ALGOUSDT,BUY,LIMIT,1702006928390,2256.8,0.1698
ALGOUSDT,BUY,LIMIT,1702006936323,1909.9,0.1699
ALGOUSDT,BUY,LIMIT,1702007154540,171.3,0.1701
ALGOUSDT,BUY,LIMIT,1702008552262,387.5,0.1703
ALGOUSDT,BUY,LIMIT,1702008616292,3678.0,0.1706
ALGOUSDT,SELL,LIMIT,1702011836490,863.8,0.1641
ALGOUSDT,BUY,LIMIT,1702019046150,0.8,0.1681
ALGOUSDT,SELL,LIMIT,1702019077326,5028.4,0.1631
ALGOUSDT,SELL,LIMIT,1702020223939,6409.1,0.1623
ALGOUSDT,SELL,LIMIT,1702020512758,1172.7,0.1618
ALGOUSDT,SELL,LIMIT,1702020678840,1985.0,0.1614
ALGOUSDT,BUY,LIMIT,1702020959742,54.8,0.1671
ALGOUSDT,BUY,LIMIT,1702021810296,384.0,0.1686
ALGOUSDT,BUY,LIMIT,1702026980269,292.9,0.1702
ALGOUSDT,BUY,LIMIT,1702027334156,12221.8,0.1711
ALGOUSDT,BUY,LIMIT,1702027337883,657.4,0.1711
ALGOUSDT,BUY,LIMIT,1702027376089,1249.1,0.1714
ALGOUSDT,BUY,LIMIT,1702027396069,3647.1,0.1715
ALGOUSDT,BUY,LIMIT,1702027402178,3933.5,0.1715
ALGOUSDT,BUY,LIMIT,1702027407692,506.9,0.1717
ALGOUSDT,SELL,LIMIT,1702029727212,92.5,0.1650
ALGOUSDT,BUY,LIMIT,1702030396403,800.0,0.1709
ALGOUSDT,BUY,LIMIT,1702031463217,455.8,0.1717
ALGOUSDT,BUY,LIMIT,1702031660078,160.2,0.1720
ALGOUSDT,BUY,LIMIT,1702031719539,1197.5,0.1722
ALGOUSDT,BUY,LIMIT,1702031755820,4589.0,0.1723
ALGOUSDT,BUY,LIMIT,1702031885164,330.1,0.1724
ALGOUSDT,BUY,LIMIT,1702031890060,6032.0,0.1725
ALGOUSDT,BUY,LIMIT,1702034615656,250.0,0.1727
ALGOUSDT,BUY,LIMIT,1702034641387,1587.3,0.1733
ALGOUSDT,BUY,LIMIT,1702034643298,294.7,0.1733
ALGOUSDT,BUY,LIMIT,1702034645896,634.1,0.1734
ALGOUSDT,BUY,LIMIT,1702034654391,6341.1,0.1734
ALGOUSDT,BUY,LIMIT,1702034658895,5454.6,0.1741
ALGOUSDT,BUY,LIMIT,1702034663408,356.7,0.1742
ALGOUSDT,BUY,LIMIT,1702034681817,1805.7,0.1744
ALGOUSDT,BUY,LIMIT,1702034683926,629388.6,0.1800
ALGOUSDT,BUY,LIMIT,1702034736366,29.6,0.0000
ALGOUSDT,BUY,LIMIT,1702035163103,58.3,0.1749
ALGOUSDT,BUY,LIMIT,1702035164599,5053.1,0.1751
ALGOUSDT,BUY,LIMIT,1702035168098,564.4,0.1752
ALGOUSDT,BUY,LIMIT,1702035253170,5992.4,0.1755
ALGOUSDT,BUY,LIMIT,1702035338995,344.4,0.1758
ALGOUSDT,BUY,LIMIT,1702035439952,8920.0,0.1758
ALGOUSDT,BUY,LIMIT,1702035451142,2229.3,0.1759
ALGOUSDT,BUY,LIMIT,1702035463739,539.3,0.1760
ALGOUSDT,BUY,LIMIT,1702035485137,4393.2,0.1762
ALGOUSDT,BUY,LIMIT,1702035558059,10207.0,0.1766
ALGOUSDT,BUY,LIMIT,1702035561179,47145.3,0.1774
ALGOUSDT,BUY,LIMIT,1702035564791,1621.5,0.1769
ALGOUSDT,BUY,LIMIT,1702035936254,3690.0,0.1764
ALGOUSDT,BUY,LIMIT,1702036083674,281.7,0.1761
ALGOUSDT,BUY,LIMIT,1702036181685,513.6,0.1771
ALGOUSDT,BUY,LIMIT,1702036541401,887.9,0.1772
ALGOUSDT,BUY,LIMIT,1702036565936,18.6,0.1773
ALGOUSDT,BUY,LIMIT,1702036585126,203.5,0.1774
ALGOUSDT,BUY,LIMIT,1702037526115,2944.5,0.1766
ALGOUSDT,BUY,LIMIT,1702037533293,66.7,0.1768
ALGOUSDT,BUY,LIMIT,1702037958103,239.5,0.1774
ALGOUSDT,BUY,LIMIT,1702038022638,16834.1,0.1777
ALGOUSDT,BUY,LIMIT,1702040571066,162.6,0.1784
ALGOUSDT,BUY,LIMIT,1702040578110,64.1,0.1786
ALGOUSDT,BUY,LIMIT,1702040585747,14052.6,0.1787
ALGOUSDT,BUY,LIMIT,1702040592097,4978.3,0.1788
ALGOUSDT,BUY,LIMIT,1702040604434,7883.4,0.1790
ALGOUSDT,BUY,LIMIT,1702041932251,3044.0,0.1791
ALGOUSDT,BUY,LIMIT,1702041953072,1343.1,0.1795
ALGOUSDT,BUY,LIMIT,1702041957033,18816.6,0.1796
ALGOUSDT,BUY,LIMIT,1702041982277,147492.6,0.1813
ALGOUSDT,BUY,LIMIT,1702041984266,1214.6,0.1798
ALGOUSDT,BUY,LIMIT,1702041989327,19464.9,0.1798
ALGOUSDT,BUY,LIMIT,1702041990420,28236.3,0.1799
ALGOUSDT,BUY,LIMIT,1702042019327,228.9,0.1803
ALGOUSDT,BUY,LIMIT,1702042111203,12172.8,0.1807
ALGOUSDT,SELL,LIMIT,1702042159757,828.7,0.1749
ALGOUSDT,SELL,LIMIT,1702042164948,3388.4,0.1748
ALGOUSDT,SELL,LIMIT,1702042215868,3952.8,0.1743
ALGOUSDT,SELL,LIMIT,1702042225310,6644.5,0.1741
ALGOUSDT,BUY,LIMIT,1702042800350,614.5,0.1812
ALGOUSDT,BUY,LIMIT,1702042804765,500.0,0.1813
ALGOUSDT,BUY,LIMIT,1702042820413,28089.8,0.1815
ALGOUSDT,BUY,LIMIT,1702043062307,38.5,0.1814
ALGOUSDT,BUY,LIMIT,1702043086330,98.6,0.1820
ALGOUSDT,BUY,LIMIT,1702043087628,557.9,0.1820
ALGOUSDT,BUY,LIMIT,1702043105948,97.4,0.1822
ALGOUSDT,SELL,LIMIT,1702043213676,272.7,0.1759
ALGOUSDT,SELL,LIMIT,1702043893111,4694.3,0.1748
ALGOUSDT,SELL,LIMIT,1702044056851,3199.6,0.1745
ALGOUSDT,SELL,LIMIT,1702044500690,1930.4,0.1740
ALGOUSDT,SELL,LIMIT,1702044504153,1465.2,0.1738
ALGOUSDT,SELL,LIMIT,1702045490098,56.2,0.1742
ALGOUSDT,BUY,LIMIT,1702045937683,137.2,0.1801
ALGOUSDT,BUY,LIMIT,1702045950910,172.4,0.1804
ALGOUSDT,BUY,LIMIT,1702047758589,2629.4,0.1824
ALGOUSDT,SELL,LIMIT,1702047911425,69.2,0.1767
ALGOUSDT,BUY,LIMIT,1702048969720,1831.5,0.1815
ALGOUSDT,SELL,LIMIT,1702049147357,3861.1,0.1757
ALGOUSDT,BUY,LIMIT,1702049703552,1076.3,0.1819
ALGOUSDT,BUY,LIMIT,1702049727387,7061.0,0.1820
ALGOUSDT,BUY,LIMIT,1702049737940,1511.0,0.1823
ALGOUSDT,BUY,LIMIT,1702050099467,2300.3,0.1831
ALGOUSDT,BUY,LIMIT,1702050110379,422.5,0.1833
ALGOUSDT,BUY,LIMIT,1702050111806,12224.9,0.1835
ALGOUSDT,BUY,LIMIT,1702050126229,2451.0,0.1838
ALGOUSDT,BUY,LIMIT,1702050329007,3897.6,0.1836
ALGOUSDT,BUY,LIMIT,1702050600749,691.1,0.1839
ALGOUSDT,BUY,LIMIT,1702050694181,34.2,0.1840
ALGOUSDT,BUY,LIMIT,1702051006121,700.0,0.1842
ALGOUSDT,BUY,LIMIT,1702051012060,18432.0,0.1844
ALGOUSDT,BUY,LIMIT,1702051014758,61.9,0.1845
ALGOUSDT,BUY,LIMIT,1702051020089,8451.2,0.1845
ALGOUSDT,BUY,LIMIT,1702051022177,187.3,0.1846
ALGOUSDT,BUY,LIMIT,1702051100476,11381.8,0.1847
ALGOUSDT,BUY,LIMIT,1702051489290,118812.6,0.1862
ALGOUSDT,BUY,LIMIT,1702051493842,67.9,0.1851
ALGOUSDT,BUY,LIMIT,1702051501763,432.2,0.1853
ALGOUSDT,BUY,LIMIT,1702051504473,96.8,0.1854
ALGOUSDT,BUY,LIMIT,1702051520533,1318.0,0.1858
ALGOUSDT,BUY,LIMIT,1702051522692,1734.0,0.1858
ALGOUSDT,BUY,LIMIT,1702051525417,319.2,0.1859
ALGOUSDT,BUY,LIMIT,1702051526991,1147.0,0.1860
ALGOUSDT,BUY,LIMIT,1702051532403,312.6,0.1861
ALGOUSDT,BUY,LIMIT,1702051552503,144.3,0.1865
ALGOUSDT,BUY,LIMIT,1702051554639,14738.0,0.1866
ALGOUSDT,BUY,LIMIT,1702051556023,227.4,0.1869
ALGOUSDT,BUY,LIMIT,1702051557658,96.1,0.1870
ALGOUSDT,SELL,LIMIT,1702051638612,11112.6,0.1794
ALGOUSDT,BUY,LIMIT,1702051848276,544.2,0.1858
ALGOUSDT,BUY,LIMIT,1702051903142,32.6,0.1857
ALGOUSDT,BUY,LIMIT,1702052161448,297.4,0.1857
ALGOUSDT,BUY,LIMIT,1702052185524,9611.6,0.1865
ALGOUSDT,BUY,LIMIT,1702052241130,287.2,0.1873
ALGOUSDT,BUY,LIMIT,1702052242181,33.4,0.1873
ALGOUSDT,BUY,LIMIT,1702052246607,6136.1,0.1876
ALGOUSDT,BUY,LIMIT,1702052264150,30.5,0.1879
ALGOUSDT,BUY,LIMIT,1702052267242,3185.1,0.1879
ALGOUSDT,BUY,LIMIT,1702052530226,261.4,0.1870
ALGOUSDT,BUY,LIMIT,1702052588660,122.5,0.1873
ALGOUSDT,BUY,LIMIT,1702052596729,29.0,0.1874
ALGOUSDT,BUY,LIMIT,1702052947445,379.4,0.1882
ALGOUSDT,SELL,LIMIT,1702053211207,7658.8,0.1814
ALGOUSDT,BUY,LIMIT,1702054275111,1706.6,0.1869
ALGOUSDT,SELL,LIMIT,1702054603913,2715.6,0.1804
ALGOUSDT,SELL,LIMIT,1702054612022,3072.1,0.1802
ALGOUSDT,SELL,LIMIT,1702054622407,26672.3,0.1801
ALGOUSDT,SELL,LIMIT,1702055009140,775.0,0.1799
ALGOUSDT,SELL,LIMIT,1702055302972,2316.2,0.1794
ALGOUSDT,SELL,LIMIT,1702056228346,28.0,0.1789
ALGOUSDT,SELL,LIMIT,1702056257438,868.6,0.1786
ALGOUSDT,SELL,LIMIT,1702056268458,27173.9,0.1785
ALGOUSDT,SELL,LIMIT,1702056270334,2468.4,0.1785
ALGOUSDT,SELL,LIMIT,1702056281278,26630.4,0.1783
ALGOUSDT,SELL,LIMIT,1702057427735,6144.1,0.1772
ALGOUSDT,SELL,LIMIT,1702059824858,899.2,0.1771
ALGOUSDT,SELL,LIMIT,1702060818908,4806.4,0.1768
ALGOUSDT,SELL,LIMIT,1702060826092,1067.6,0.1767
ALGOUSDT,SELL,LIMIT,1702061503222,2754.0,0.1764
ALGOUSDT,SELL,LIMIT,1702061504227,1830.5,0.1763
ALGOUSDT,SELL,LIMIT,1702061677986,3666.2,0.1762
ALGOUSDT,SELL,LIMIT,1702062890609,16523.2,0.1759
ALGOUSDT,SELL,LIMIT,1702063650961,1576.2,0.1757
ALGOUSDT,SELL,LIMIT,1702063751911,72.2,0.1755
ALGOUSDT,BUY,LIMIT,1702064110278,20571.2,0.1819
ALGOUSDT,BUY,LIMIT,1702064465504,45.8,0.1825
ALGOUSDT,BUY,LIMIT,1702064602561,1725.2,0.1826
ALGOUSDT,SELL,LIMIT,1702066060124,817.6,0.1780
ALGOUSDT,BUY,LIMIT,1702068155591,83.3,0.1832
ALGOUSDT,BUY,LIMIT,1702068593608,14366.5,0.1833
ALGOUSDT,BUY,LIMIT,1702068943254,5466.0,0.1832
ALGOUSDT,BUY,LIMIT,1702068954881,27.8,0.1834
ALGOUSDT,BUY,LIMIT,1702069078918,295.8,0.1833
ALGOUSDT,BUY,LIMIT,1702069119124,150.7,0.1838
ALGOUSDT,BUY,LIMIT,1702069270055,40.8,0.1840
ALGOUSDT,BUY,LIMIT,1702070628262,37.9,0.1845
ALGOUSDT,BUY,LIMIT,1702070677941,68.0,0.1847
ALGOUSDT,BUY,LIMIT,1702074989386,598.0,0.1861
ALGOUSDT,BUY,LIMIT,1702075124276,400.0,0.1865
ALGOUSDT,BUY,LIMIT,1702076414189,688.9,0.1867
ALGOUSDT,BUY,LIMIT,1702076775763,15627.3,0.1870
ALGOUSDT,BUY,LIMIT,1702077139782,14960.8,0.1873
ALGOUSDT,BUY,LIMIT,1702078139120,10607.5,0.1877
ALGOUSDT,BUY,LIMIT,1702078147092,8428.4,0.1877
ALGOUSDT,BUY,LIMIT,1702078154922,1216.9,0.1878
ALGOUSDT,BUY,LIMIT,1702078176108,2773.1,0.1879
ALGOUSDT,BUY,LIMIT,1702078189202,421.9,0.1879
ALGOUSDT,BUY,LIMIT,1702078601309,3514.7,0.1877
ALGOUSDT,BUY,LIMIT,1702079051017,3523.8,0.1879
ALGOUSDT,SELL,LIMIT,1702080134896,20515.7,0.1816
ALGOUSDT,SELL,LIMIT,1702080136230,4511.6,0.1815
ALGOUSDT,BUY,LIMIT,1702080613082,3081.1,0.1878
ALGOUSDT,BUY,LIMIT,1702081177088,440.1,0.1884
ALGOUSDT,BUY,LIMIT,1702081178245,661.0,0.1883
ALGOUSDT,BUY,LIMIT,1702081188914,2381.2,0.1885
ALGOUSDT,BUY,LIMIT,1702081197560,566.3,0.1885
ALGOUSDT,BUY,LIMIT,1702081199225,4363.0,0.1885
ALGOUSDT,BUY,LIMIT,1702081245120,25760.6,0.1889
ALGOUSDT,BUY,LIMIT,1702081246192,32.2,0.1891
ALGOUSDT,BUY,LIMIT,1702081251284,16638.9,0.1893
ALGOUSDT,BUY,LIMIT,1702081253767,114.3,0.1893
ALGOUSDT,BUY,LIMIT,1702081260097,447.6,0.1894
ALGOUSDT,BUY,LIMIT,1702081280949,400.0,0.1895
ALGOUSDT,BUY,LIMIT,1702081288260,223.6,0.1896
ALGOUSDT,BUY,LIMIT,1702081289388,2014.8,0.1896
ALGOUSDT,BUY,LIMIT,1702081306990,49.9,0.1898
ALGOUSDT,BUY,LIMIT,1702081310004,202.8,0.1898
ALGOUSDT,BUY,LIMIT,1702081422489,1416.6,0.1891
ALGOUSDT,BUY,LIMIT,1702081502188,2575.2,0.1899
ALGOUSDT,BUY,LIMIT,1702081514652,13500.0,0.1901
ALGOUSDT,BUY,LIMIT,1702081635436,500.0,0.1900
ALGOUSDT,BUY,LIMIT,1702081646395,8008.7,0.1901
ALGOUSDT,BUY,LIMIT,1702081649121,28.1,0.1901
ALGOUSDT,BUY,LIMIT,1702081756455,4027.2,0.1902
ALGOUSDT,BUY,LIMIT,1702081761159,1997.1,0.1902
ALGOUSDT,BUY,LIMIT,1702081762429,19485.3,0.1903
ALGOUSDT,BUY,LIMIT,1702081764196,960.2,0.1903
ALGOUSDT,BUY,LIMIT,1702081849233,17605.4,0.1903
ALGOUSDT,BUY,LIMIT,1702081853256,0.1,0.1903
ALGOUSDT,BUY,LIMIT,1702081856124,201.5,0.1904
ALGOUSDT,BUY,LIMIT,1702081857162,110.5,0.1907
ALGOUSDT,BUY,LIMIT,1702081858473,3404.7,0.1908
ALGOUSDT,BUY,LIMIT,1702081903188,112.6,0.1911
ALGOUSDT,BUY,LIMIT,1702081906283,5613.8,0.1912
ALGOUSDT,BUY,LIMIT,1702081907845,2826.4,0.1912
ALGOUSDT,BUY,LIMIT,1702082044911,924.2,0.1903
ALGOUSDT,BUY,LIMIT,1702082193434,1244.0,0.1912
ALGOUSDT,BUY,LIMIT,1702082211418,770.5,0.1913
ALGOUSDT,BUY,LIMIT,1702082217070,6428.4,0.1913
ALGOUSDT,BUY,LIMIT,1702082314123,67.0,0.1914
ALGOUSDT,BUY,LIMIT,1702082316394,172.4,0.1914
ALGOUSDT,BUY,LIMIT,1702082345532,1920.4,0.1916
ALGOUSDT,BUY,LIMIT,1702082671360,188.2,0.1908
ALGOUSDT,BUY,LIMIT,1702083511330,20927.0,0.1911
ALGOUSDT,SELL,LIMIT,1702084025050,445.5,0.1839
ALGOUSDT,SELL,LIMIT,1702084027271,29.0,0.1838
ALGOUSDT,SELL,LIMIT,1702084090105,3156.5,0.1832
ALGOUSDT,SELL,LIMIT,1702084102725,26526.0,0.1829
ALGOUSDT,BUY,LIMIT,1702085555501,289.2,0.1870
ALGOUSDT,BUY,LIMIT,1702085875237,500.0,0.1880
ALGOUSDT,BUY,LIMIT,1702086068196,141.4,0.1883
ALGOUSDT,SELL,LIMIT,1702086961197,51.3,0.1819
ALGOUSDT,BUY,LIMIT,1702087618927,7240.0,0.1891
ALGOUSDT,BUY,LIMIT,1702088356154,12359.6,0.1895
ALGOUSDT,BUY,LIMIT,1702088731125,225.0,0.1902
ALGOUSDT,BUY,LIMIT,1702090282204,38.6,0.1909
ALGOUSDT,BUY,LIMIT,1702090552087,1253.6,0.1913
ALGOUSDT,BUY,LIMIT,1702090707248,3100.6,0.1915
ALGOUSDT,BUY,LIMIT,1702090908940,1291.9,0.1918
ALGOUSDT,SELL,LIMIT,1702091249426,54.0,0.1864
ALGOUSDT,BUY,LIMIT,1702091258057,1486.9,0.1920
ALGOUSDT,BUY,LIMIT,1702091299160,1675.0,0.1922
ALGOUSDT,BUY,LIMIT,1702091372615,254.4,0.1924
ALGOUSDT,BUY,LIMIT,1702091383535,2803.3,0.1927
ALGOUSDT,BUY,LIMIT,1702091385594,318.9,0.1928
ALGOUSDT,BUY,LIMIT,1702091438062,81.5,0.1931
ALGOUSDT,BUY,LIMIT,1702091439318,823.9,0.1932
ALGOUSDT,BUY,LIMIT,1702091444168,568.6,0.1937
ALGOUSDT,BUY,LIMIT,1702091445181,168432.6,0.1963
ALGOUSDT,BUY,LIMIT,1702091446474,240.0,0.1937
ALGOUSDT,BUY,LIMIT,1702091597053,6.3,0.1938
ALGOUSDT,BUY,LIMIT,1702091598406,1928.6,0.1939
ALGOUSDT,BUY,LIMIT,1702091768261,26950.6,0.1934
ALGOUSDT,BUY,LIMIT,1702091824281,18071.9,0.1940
ALGOUSDT,BUY,LIMIT,1702091825593,500.0,0.1942
ALGOUSDT,BUY,LIMIT,1702091853442,8234.3,0.1944
ALGOUSDT,BUY,LIMIT,1702092339050,2645.4,0.1947
ALGOUSDT,BUY,LIMIT,1702092343421,108.3,0.1947
ALGOUSDT,BUY,LIMIT,1702092580732,27304.7,0.1942
ALGOUSDT,BUY,LIMIT,1702093177631,24290.0,0.1943
ALGOUSDT,BUY,LIMIT,1702093318817,21827.4,0.1949
ALGOUSDT,BUY,LIMIT,1702093423282,17787.2,0.1951
ALGOUSDT,BUY,LIMIT,1702093436203,23711.1,0.1953
ALGOUSDT,BUY,LIMIT,1702093467189,12279.7,0.1955
ALGOUSDT,BUY,LIMIT,1702093469406,2383.9,0.1956
ALGOUSDT,BUY,LIMIT,1702093478497,2388.7,0.1956
ALGOUSDT,BUY,LIMIT,1702093606491,1296.3,0.1955
ALGOUSDT,BUY,LIMIT,1702093724298,543.4,0.1960
ALGOUSDT,BUY,LIMIT,1702093743403,284.3,0.1962
ALGOUSDT,BUY,LIMIT,1702093744491,509.0,0.1963
ALGOUSDT,BUY,LIMIT,1702093767173,694.7,0.1964
ALGOUSDT,BUY,LIMIT,1702093771179,237.9,0.1964
ALGOUSDT,BUY,LIMIT,1702093778176,1007.2,0.1965
ALGOUSDT,BUY,LIMIT,1702093779670,628.6,0.1966
ALGOUSDT,BUY,LIMIT,1702093783584,44.1,0.1967
ALGOUSDT,BUY,LIMIT,1702094256382,428.3,0.1968
ALGOUSDT,BUY,LIMIT,1702094283210,3778.7,0.1970
ALGOUSDT,BUY,LIMIT,1702094294318,234.6,0.1972
ALGOUSDT,BUY,LIMIT,1702094298314,35945.1,0.1979
ALGOUSDT,BUY,LIMIT,1702094301803,294.1,0.1974
ALGOUSDT,BUY,LIMIT,1702094303575,117.4,0.1975
ALGOUSDT,BUY,LIMIT,1702094305048,2797.3,0.1977
ALGOUSDT,BUY,LIMIT,1702094306367,922.5,0.1978
ALGOUSDT,BUY,LIMIT,1702094567213,461.8,0.1975
ALGOUSDT,BUY,LIMIT,1702094608932,29.4,0.1975
ALGOUSDT,SELL,LIMIT,1702094794773,415.1,0.1917
ALGOUSDT,BUY,LIMIT,1702094801374,1855.1,0.1977
ALGOUSDT,BUY,LIMIT,1702094811644,64.9,0.1980
ALGOUSDT,BUY,LIMIT,1702094819309,1790.1,0.1983
ALGOUSDT,SELL,LIMIT,1702094914688,1859.8,0.1916
ALGOUSDT,BUY,LIMIT,1702094957889,115.3,0.1975
ALGOUSDT,SELL,LIMIT,1702094976366,1125.0,0.1915
ALGOUSDT,BUY,LIMIT,1702095099158,37.2,0.1986
ALGOUSDT,BUY,LIMIT,1702095100384,567.8,0.1985
ALGOUSDT,BUY,LIMIT,1702095106987,222.2,0.1987
ALGOUSDT,BUY,LIMIT,1702095113544,19963.2,0.1989
ALGOUSDT,BUY,LIMIT,1702095380164,16.6,0.1991
ALGOUSDT,SELL,LIMIT,1702095638285,87.2,0.1919
ALGOUSDT,SELL,LIMIT,1702095676900,3724.1,0.1917
ALGOUSDT,BUY,LIMIT,1702095928401,15959.6,0.1990
ALGOUSDT,BUY,LIMIT,1702096252603,10526.3,0.1994
ALGOUSDT,BUY,LIMIT,1702096268503,116.9,0.1996
ALGOUSDT,BUY,LIMIT,1702096358528,418.7,0.1995
ALGOUSDT,BUY,LIMIT,1702096365130,74.8,0.1996
ALGOUSDT,BUY,LIMIT,1702096430230,7269.9,0.1997
ALGOUSDT,BUY,LIMIT,1702096469485,5845.0,0.1999
ALGOUSDT,BUY,LIMIT,1702096508707,171.1,0.2001
ALGOUSDT,SELL,LIMIT,1702096521068,71.6,0.1942
ALGOUSDT,BUY,LIMIT,1702096555297,787.3,0.2002
ALGOUSDT,BUY,LIMIT,1702096576008,4000.0,0.2004
ALGOUSDT,BUY,LIMIT,1702096601996,10160.2,0.2006
ALGOUSDT,BUY,LIMIT,1702096641210,20000.0,0.2009
ALGOUSDT,BUY,LIMIT,1702096782840,687.9,0.2013
ALGOUSDT,BUY,LIMIT,1702096786794,140.2,0.2013
ALGOUSDT,SELL,LIMIT,1702096901085,576.5,0.1944
ALGOUSDT,BUY,LIMIT,1702096989017,79.9,0.2014
ALGOUSDT,BUY,LIMIT,1702096998302,9765.2,0.2014
ALGOUSDT,BUY,LIMIT,1702097032104,1532.9,0.2019
ALGOUSDT,SELL,LIMIT,1702097146338,776.2,0.1951
ALGOUSDT,SELL,LIMIT,1702097284402,14163.8,0.1945
ALGOUSDT,BUY,LIMIT,1702097507702,350.2,0.2017
ALGOUSDT,BUY,LIMIT,1702097542217,28954.4,0.2021
ALGOUSDT,BUY,LIMIT,1702097547505,89.9,0.2019
ALGOUSDT,BUY,LIMIT,1702097633562,55174.1,0.2028
ALGOUSDT,BUY,LIMIT,1702097780006,844.6,0.2020
ALGOUSDT,BUY,LIMIT,1702097781046,236.5,0.2023
ALGOUSDT,BUY,LIMIT,1702097782067,29.6,0.2023
ALGOUSDT,BUY,LIMIT,1702097843424,800.0,0.2026
ALGOUSDT,BUY,LIMIT,1702097849637,391.5,0.2026
ALGOUSDT,SELL,LIMIT,1702098029391,1533.8,0.1958
ALGOUSDT,SELL,LIMIT,1702098367905,2396.3,0.1955
ALGOUSDT,SELL,LIMIT,1702098409209,1253.1,0.1954
ALGOUSDT,SELL,LIMIT,1702098411358,1808.9,0.1952
ALGOUSDT,SELL,LIMIT,1702098429220,453.7,0.1950
ALGOUSDT,SELL,LIMIT,1702098485138,12562.8,0.1949
ALGOUSDT,SELL,LIMIT,1702098559494,21928.1,0.1944
ALGOUSDT,SELL,LIMIT,1702098595467,459.5,0.1944
ALGOUSDT,BUY,LIMIT,1702099044440,996.5,0.2009
ALGOUSDT,BUY,LIMIT,1702099299256,245.3,0.2018
ALGOUSDT,SELL,LIMIT,1702099618562,113.1,0.1949
ALGOUSDT,SELL,LIMIT,1702099620052,1519.5,0.1948
ALGOUSDT,BUY,LIMIT,1702099763409,30.3,0.2017
ALGOUSDT,BUY,LIMIT,1702099806548,32.6,0.2021
ALGOUSDT,SELL,LIMIT,1702100072739,4760.2,0.1952
ALGOUSDT,SELL,LIMIT,1702100131383,3028.4,0.1947
ALGOUSDT,BUY,LIMIT,1702100250498,1551.9,0.2007
ALGOUSDT,SELL,LIMIT,1702100267237,1914.2,0.1946
ALGOUSDT,SELL,LIMIT,1702100295055,46.0,0.1943
ALGOUSDT,SELL,LIMIT,1702100332438,2243.9,0.1942
ALGOUSDT,SELL,LIMIT,1702100346462,10318.5,0.1939
ALGOUSDT,SELL,LIMIT,1702100349280,7270.1,0.1939
ALGOUSDT,SELL,LIMIT,1702101150765,40.0,0.1932
ALGOUSDT,BUY,LIMIT,1702101213467,30.4,0.1987
ALGOUSDT,SELL,LIMIT,1702101902997,168.1,0.1926
ALGOUSDT,SELL,LIMIT,1702101951221,4765.3,0.1925
ALGOUSDT,SELL,LIMIT,1702101975489,227.3,0.1921
ALGOUSDT,SELL,LIMIT,1702102095292,2521.4,0.1920
ALGOUSDT,SELL,LIMIT,1702102105838,2499.6,0.1919
ALGOUSDT,SELL,LIMIT,1702102119698,2851.6,0.1916
ALGOUSDT,SELL,LIMIT,1702102126143,1513.6,0.1915
ALGOUSDT,SELL,LIMIT,1702102241155,1562.7,0.1914
ALGOUSDT,SELL,LIMIT,1702102269641,1368.2,0.1911
ALGOUSDT,BUY,LIMIT,1702102809508,6618.3,0.1963
ALGOUSDT,BUY,LIMIT,1702102812102,191.7,0.1968
ALGOUSDT,BUY,LIMIT,1702103212393,1188.1,0.1967
ALGOUSDT,BUY,LIMIT,1702103290286,434.2,0.1966
ALGOUSDT,SELL,LIMIT,1702103424309,193.8,0.1905
ALGOUSDT,SELL,LIMIT,1702103490089,3887.8,0.1903
ALGOUSDT,SELL,LIMIT,1702104072065,16963.8,0.1901
ALGOUSDT,SELL,LIMIT,1702104199367,6942.2,0.1899
ALGOUSDT,BUY,LIMIT,1702104704771,67.9,0.1597
ALGOUSDT,BUY,LIMIT,1702104768476,8871.2,0.1966
ALGOUSDT,SELL,LIMIT,1702105375191,700.0,0.1896
ALGOUSDT,BUY,LIMIT,1702105755042,368.9,0.1962
ALGOUSDT,BUY,LIMIT,1702105876224,6.7,0.1966
ALGOUSDT,BUY,LIMIT,1702107161098,319.3,0.1977
ALGOUSDT,BUY,LIMIT,1702107354122,240.5,0.1983
ALGOUSDT,BUY,LIMIT,1702107355786,262.6,0.1984
ALGOUSDT,BUY,LIMIT,1702107458658,145.8,0.1986
ALGOUSDT,BUY,LIMIT,1702107973814,6799.1,0.1993
ALGOUSDT,BUY,LIMIT,1702107982569,7531.8,0.1990
ALGOUSDT,BUY,LIMIT,1702107991122,130.6,0.1989
ALGOUSDT,BUY,LIMIT,1702108050985,100.0,0.1988
ALGOUSDT,BUY,LIMIT,1702108148064,1530.2,0.1997
ALGOUSDT,BUY,LIMIT,1702108153234,130716.9,0.2014
ALGOUSDT,BUY,LIMIT,1702108225166,54.6,0.2003
ALGOUSDT,BUY,LIMIT,1702108929214,1537.7,0.2015
ALGOUSDT,BUY,LIMIT,1702109021229,519.2,0.2022
ALGOUSDT,BUY,LIMIT,1702109036153,946.8,0.2023
ALGOUSDT,BUY,LIMIT,1702109040659,321.7,0.2024
ALGOUSDT,BUY,LIMIT,1702109103488,2684.5,0.2024
ALGOUSDT,BUY,LIMIT,1702109107754,20000.0,0.2026
ALGOUSDT,BUY,LIMIT,1702109150135,9201.7,0.2027
ALGOUSDT,BUY,LIMIT,1702109189523,2039.0,0.2029
ALGOUSDT,BUY,LIMIT,1702109194298,1263.0,0.2029
ALGOUSDT,BUY,LIMIT,1702109196213,1786.0,0.2030
ALGOUSDT,BUY,LIMIT,1702109325121,1320.4,0.2033
ALGOUSDT,BUY,LIMIT,1702109354813,718.4,0.2035
ALGOUSDT,BUY,LIMIT,1702109359571,62.5,0.2035
ALGOUSDT,BUY,LIMIT,1702109362310,1118.9,0.2036
ALGOUSDT,BUY,LIMIT,1702109365294,523.9,0.2037
ALGOUSDT,BUY,LIMIT,1702109385991,7251.2,0.2039
ALGOUSDT,BUY,LIMIT,1702109388196,1921.3,0.2041
ALGOUSDT,BUY,LIMIT,1702109389797,53.8,0.2041
ALGOUSDT,BUY,LIMIT,1702109391286,148.8,0.2042
ALGOUSDT,BUY,LIMIT,1702109393137,47.9,0.2043
ALGOUSDT,BUY,LIMIT,1702109394145,73.9,0.2043
ALGOUSDT,BUY,LIMIT,1702109411924,1526.8,0.2042
ALGOUSDT,BUY,LIMIT,1702109477126,580.9,0.2044
ALGOUSDT,BUY,LIMIT,1702109484757,87.1,0.2045
ALGOUSDT,BUY,LIMIT,1702109487204,7119.1,0.2045
ALGOUSDT,BUY,LIMIT,1702109489803,54.5,0.2046
ALGOUSDT,BUY,LIMIT,1702109491020,508.1,0.2047
ALGOUSDT,BUY,LIMIT,1702109497872,1638.6,0.2049
ALGOUSDT,BUY,LIMIT,1702109501680,80.2,0.2049
ALGOUSDT,BUY,LIMIT,1702109514106,9666.4,0.2049
ALGOUSDT,BUY,LIMIT,1702109613060,4731.0,0.2047
ALGOUSDT,BUY,LIMIT,1702109673269,446.8,0.2051
ALGOUSDT,BUY,LIMIT,1702109674418,617.9,0.2051
ALGOUSDT,BUY,LIMIT,1702109772205,24937.6,0.2045
ALGOUSDT,BUY,LIMIT,1702109838157,2264.7,0.2053
ALGOUSDT,BUY,LIMIT,1702109840087,833.2,0.2054
ALGOUSDT,BUY,LIMIT,1702109880370,1856.0,0.2054
ALGOUSDT,BUY,LIMIT,1702109891439,152499.0,0.2081
ALGOUSDT,BUY,LIMIT,1702109897738,26.6,0.2055
ALGOUSDT,BUY,LIMIT,1702109900737,3815.8,0.2056
ALGOUSDT,BUY,LIMIT,1702109928370,39.2,0.2058
ALGOUSDT,BUY,LIMIT,1702109966828,174.7,0.2062
ALGOUSDT,BUY,LIMIT,1702109986750,315.5,0.2062
ALGOUSDT,BUY,LIMIT,1702109988485,6576.1,0.2063
ALGOUSDT,BUY,LIMIT,1702110009799,170.7,0.2065
ALGOUSDT,BUY,LIMIT,1702110011256,25920.1,0.2068
ALGOUSDT,BUY,LIMIT,1702110015781,185.8,0.2067
ALGOUSDT,BUY,LIMIT,1702110019052,1682.8,0.2067
ALGOUSDT,BUY,LIMIT,1702110022650,710.5,0.2068
ALGOUSDT,BUY,LIMIT,1702110023665,510.8,0.2068
ALGOUSDT,BUY,LIMIT,1702110045707,389.2,0.2069
ALGOUSDT,BUY,LIMIT,1702110166390,140.0,0.2054
ALGOUSDT,BUY,LIMIT,1702110173836,510.2,0.2050
ALGOUSDT,BUY,LIMIT,1702110283405,13545.1,0.2061
ALGOUSDT,BUY,LIMIT,1702110500846,9610.6,0.2069
ALGOUSDT,BUY,LIMIT,1702110502094,1698.5,0.2069
ALGOUSDT,BUY,LIMIT,1702110509416,94.9,0.2071
ALGOUSDT,BUY,LIMIT,1702110701699,2524.9,0.2070
ALGOUSDT,SELL,LIMIT,1702110858718,355.1,0.1985
ALGOUSDT,SELL,LIMIT,1702110882269,2517.6,0.1979
ALGOUSDT,SELL,LIMIT,1702110904178,3320.2,0.1978
ALGOUSDT,SELL,LIMIT,1702110908319,24789.2,0.1978
ALGOUSDT,SELL,LIMIT,1702110911290,6197.2,0.1975
ALGOUSDT,SELL,LIMIT,1702110970061,39.6,0.1970
ALGOUSDT,SELL,LIMIT,1702110971360,51.4,0.1968
ALGOUSDT,SELL,LIMIT,1702110978423,4789.7,0.1963
ALGOUSDT,SELL,LIMIT,1702110982459,750.2,0.1961
ALGOUSDT,SELL,LIMIT,1702110984318,3418.5,0.1959
ALGOUSDT,SELL,LIMIT,1702110985675,2833.6,0.1957
ALGOUSDT,SELL,LIMIT,1702111029134,156.1,0.1955
ALGOUSDT,SELL,LIMIT,1702111032364,2297.4,0.1953
ALGOUSDT,SELL,LIMIT,1702111035020,3040.0,0.1952
ALGOUSDT,SELL,LIMIT,1702111036342,324.4,0.1948
ALGOUSDT,SELL,LIMIT,1702111037621,498.2,0.1947
ALGOUSDT,SELL,LIMIT,1702111039241,8345.1,0.1947
ALGOUSDT,SELL,LIMIT,1702111042328,4808.3,0.1940
ALGOUSDT,SELL,LIMIT,1702111045894,7425.7,0.1937
ALGOUSDT,BUY,LIMIT,1702111053173,90.3,0.2007
ALGOUSDT,SELL,LIMIT,1702111186469,514.2,0.1947
ALGOUSDT,BUY,LIMIT,1702111255047,60.7,0.2010
ALGOUSDT,BUY,LIMIT,1702111262445,357.8,0.2014
ALGOUSDT,SELL,LIMIT,1702111369445,110.0,0.1934
ALGOUSDT,SELL,LIMIT,1702111370690,200.0,0.1932
ALGOUSDT,SELL,LIMIT,1702111372897,45.0,0.1931
ALGOUSDT,SELL,LIMIT,1702111377735,2689.7,0.1928
ALGOUSDT,SELL,LIMIT,1702111380297,59.7,0.1926
ALGOUSDT,SELL,LIMIT,1702111381525,1233.5,0.1930
ALGOUSDT,SELL,LIMIT,1702111385794,1277.0,0.1936
ALGOUSDT,BUY,LIMIT,1702111448705,1530.1,0.1996
ALGOUSDT,BUY,LIMIT,1702111565019,15430.8,0.2012
ALGOUSDT,BUY,LIMIT,1702111631970,439.8,0.2020
ALGOUSDT,SELL,LIMIT,1702111938450,23320.0,0.1954
ALGOUSDT,SELL,LIMIT,1702112181837,200.7,0.1949
ALGOUSDT,SELL,LIMIT,1702112186486,2447.0,0.1947
ALGOUSDT,SELL,LIMIT,1702112197845,8549.9,0.1945
ALGOUSDT,SELL,LIMIT,1702112335384,565.2,0.1942
ALGOUSDT,BUY,LIMIT,1702112482112,1669.8,0.2023
ALGOUSDT,BUY,LIMIT,1702112661140,469.1,0.2023
ALGOUSDT,BUY,LIMIT,1702112672079,462.9,0.2029
ALGOUSDT,SELL,LIMIT,1702112877798,500.0,0.1959
ALGOUSDT,SELL,LIMIT,1702112885770,55.2,0.1956
ALGOUSDT,BUY,LIMIT,1702113442604,131.1,0.2026
ALGOUSDT,BUY,LIMIT,1702113444275,32.7,0.2027
ALGOUSDT,BUY,LIMIT,1702113662053,2630.1,0.2034
ALGOUSDT,BUY,LIMIT,1702113663247,63.8,0.2034
ALGOUSDT,BUY,LIMIT,1702113795379,659.6,0.2037
ALGOUSDT,BUY,LIMIT,1702113830987,1116.4,0.2042
ALGOUSDT,SELL,LIMIT,1702113847645,3215.0,0.1991
ALGOUSDT,BUY,LIMIT,1702113895382,1798.8,0.2046
ALGOUSDT,BUY,LIMIT,1702114020487,700.0,0.2053
ALGOUSDT,BUY,LIMIT,1702114037292,8388.6,0.2056
ALGOUSDT,SELL,LIMIT,1702114397199,305.4,0.1985
ALGOUSDT,BUY,LIMIT,1702114426285,5000.0,0.2066
ALGOUSDT,BUY,LIMIT,1702114496065,3776.7,0.2072
ALGOUSDT,SELL,LIMIT,1702114680437,1962.7,0.1997
ALGOUSDT,SELL,LIMIT,1702114855588,660.7,0.1987
ALGOUSDT,SELL,LIMIT,1702114869286,1809.1,0.1985
ALGOUSDT,SELL,LIMIT,1702115023497,455.4,0.1996
ALGOUSDT,SELL,LIMIT,1702115095953,956.3,0.1989
ALGOUSDT,SELL,LIMIT,1702115102492,2103.8,0.1996
ALGOUSDT,SELL,LIMIT,1702115257311,5225.9,0.1982
ALGOUSDT,SELL,LIMIT,1702115258450,3817.3,0.1980
ALGOUSDT,SELL,LIMIT,1702115539426,24764.6,0.1978
ALGOUSDT,SELL,LIMIT,1702115542326,1318.1,0.1978
ALGOUSDT,SELL,LIMIT,1702115621300,1912.5,0.1971
ALGOUSDT,SELL,LIMIT,1702115626825,677.8,0.1970
ALGOUSDT,SELL,LIMIT,1702115629067,1782.4,0.1969
ALGOUSDT,SELL,LIMIT,1702115637856,2557.6,0.1968
ALGOUSDT,SELL,LIMIT,1702115715208,247.5,0.1970
ALGOUSDT,SELL,LIMIT,1702115876678,4372.6,0.1965
ALGOUSDT,BUY,LIMIT,1702116035059,206.0,0.2030
ALGOUSDT,SELL,LIMIT,1702117376858,25.1,0.1958
ALGOUSDT,SELL,LIMIT,1702117400427,50.0,0.1956
ALGOUSDT,SELL,LIMIT,1702117483928,30.8,0.1954
ALGOUSDT,SELL,LIMIT,1702117625438,1527.7,0.1953
ALGOUSDT,BUY,LIMIT,1702118635942,246.1,0.2043
ALGOUSDT,BUY,LIMIT,1702119270775,3401.4,0.2046
ALGOUSDT,BUY,LIMIT,1702119429641,620.0,0.2049
ALGOUSDT,SELL,LIMIT,1702120374106,161.3,0.1985
ALGOUSDT,SELL,LIMIT,1702120375196,191.3,0.1986
ALGOUSDT,SELL,LIMIT,1702120601405,3317.0,0.1986
ALGOUSDT,SELL,LIMIT,1702121134790,24000.0,0.1980
ALGOUSDT,SELL,LIMIT,1702121164559,1107.2,0.1976
ALGOUSDT,SELL,LIMIT,1702121786823,404.7,0.1975
ALGOUSDT,SELL,LIMIT,1702122250485,49.0,0.1970
ALGOUSDT,SELL,LIMIT,1702122282798,39.8,0.1969
ALGOUSDT,SELL,LIMIT,1702122301196,3199.0,0.1969
ALGOUSDT,BUY,LIMIT,1702122645030,486.8,0.2042
ALGOUSDT,BUY,LIMIT,1702123008580,25.3,0.2039
ALGOUSDT,BUY,LIMIT,1702123994415,8359.3,0.2056
ALGOUSDT,BUY,LIMIT,1702124173213,250.0,0.2063
ALGOUSDT,BUY,LIMIT,1702124727285,739.1,0.2053
ALGOUSDT,BUY,LIMIT,1702125541348,340.5,0.2068
ALGOUSDT,BUY,LIMIT,1702125585573,850.5,0.2076
ALGOUSDT,BUY,LIMIT,1702125588851,10874.5,0.2078
ALGOUSDT,BUY,LIMIT,1702125594073,545.3,0.2080
ALGOUSDT,BUY,LIMIT,1702125597395,2976.1,0.2082
ALGOUSDT,BUY,LIMIT,1702125598490,1258.8,0.2081
ALGOUSDT,BUY,LIMIT,1702125605249,1491.4,0.2089
ALGOUSDT,SELL,LIMIT,1702125647387,1216.5,0.2015
ALGOUSDT,SELL,LIMIT,1702125660586,3915.2,0.2014
ALGOUSDT,SELL,LIMIT,1702125849261,1185.2,0.2005
ALGOUSDT,SELL,LIMIT,1702125883468,1370.1,0.2003
ALGOUSDT,BUY,LIMIT,1702126032342,983.0,0.2085
ALGOUSDT,BUY,LIMIT,1702126149343,32.2,0.2092
ALGOUSDT,BUY,LIMIT,1702126154407,544.1,0.2093
ALGOUSDT,BUY,LIMIT,1702126155522,239.7,0.2093
ALGOUSDT,BUY,LIMIT,1702126159188,21949.1,0.2097
ALGOUSDT,BUY,LIMIT,1702126379363,4396.9,0.2097
ALGOUSDT,BUY,LIMIT,1702126406596,145.4,0.2100
ALGOUSDT,BUY,LIMIT,1702126409088,1175.5,0.2100
ALGOUSDT,BUY,LIMIT,1702126475499,28345.2,0.2104
ALGOUSDT,BUY,LIMIT,1702126486562,7958.6,0.2102
ALGOUSDT,BUY,LIMIT,1702126517256,201.8,0.2104
ALGOUSDT,BUY,LIMIT,1702126543094,2022.2,0.2105
ALGOUSDT,BUY,LIMIT,1702126549652,1494.7,0.2107
ALGOUSDT,BUY,LIMIT,1702126553082,1717.0,0.2109
ALGOUSDT,BUY,LIMIT,1702126584734,340.2,0.2110
ALGOUSDT,BUY,LIMIT,1702126586087,598.6,0.2111
ALGOUSDT,BUY,LIMIT,1702126752996,27.1,0.2112
ALGOUSDT,BUY,LIMIT,1702126805485,2538.4,0.2113
ALGOUSDT,BUY,LIMIT,1702126814327,3931.9,0.2114
ALGOUSDT,BUY,LIMIT,1702126824552,11758.0,0.2116
ALGOUSDT,BUY,LIMIT,1702126857898,60.8,0.2117
ALGOUSDT,BUY,LIMIT,1702126866238,7820.3,0.2118
ALGOUSDT,BUY,LIMIT,1702126872791,312.0,0.2119
ALGOUSDT,BUY,LIMIT,1702126894030,5067.0,0.2121
ALGOUSDT,BUY,LIMIT,1702126895885,6647.4,0.2125
ALGOUSDT,BUY,LIMIT,1702126899552,726.5,0.2126
ALGOUSDT,BUY,LIMIT,1702126913610,150.0,0.2130
ALGOUSDT,BUY,LIMIT,1702126916931,880.6,0.2131
ALGOUSDT,BUY,LIMIT,1702126918092,280.7,0.2132
ALGOUSDT,BUY,LIMIT,1702126919145,477.4,0.2133
ALGOUSDT,SELL,LIMIT,1702126998488,7642.5,0.2057
ALGOUSDT,BUY,LIMIT,1702127468100,2796.7,0.2139
ALGOUSDT,BUY,LIMIT,1702127469337,56.3,0.2136
ALGOUSDT,BUY,LIMIT,1702127471109,3362.1,0.2140
ALGOUSDT,BUY,LIMIT,1702127476019,1713.7,0.2142
ALGOUSDT,BUY,LIMIT,1702127501587,16016.1,0.2145
ALGOUSDT,BUY,LIMIT,1702127508997,38.3,0.2146
ALGOUSDT,BUY,LIMIT,1702127516335,150.5,0.2147
ALGOUSDT,BUY,LIMIT,1702127518576,64.5,0.2147
ALGOUSDT,BUY,LIMIT,1702127521353,7902.8,0.2148
ALGOUSDT,BUY,LIMIT,1702127524994,815.7,0.2151
ALGOUSDT,BUY,LIMIT,1702127528531,8768.3,0.2152
ALGOUSDT,BUY,LIMIT,1702127529680,12705.0,0.2154
ALGOUSDT,BUY,LIMIT,1702127531430,31.3,0.2156
ALGOUSDT,BUY,LIMIT,1702127532628,22288.7,0.2157
ALGOUSDT,BUY,LIMIT,1702127682212,395.1,0.2155
ALGOUSDT,BUY,LIMIT,1702127706502,16057.9,0.2158
ALGOUSDT,BUY,LIMIT,1702127710296,953.3,0.2159
ALGOUSDT,BUY,LIMIT,1702127711411,1455.3,0.2159
ALGOUSDT,BUY,LIMIT,1702127716498,112.0,0.2164
ALGOUSDT,SELL,LIMIT,1702127749698,461.3,0.2089
ALGOUSDT,SELL,LIMIT,1702127838865,642.1,0.2083
ALGOUSDT,BUY,LIMIT,1702128174241,112080.2,0.2175
ALGOUSDT,BUY,LIMIT,1702128182723,190.7,0.2160
ALGOUSDT,BUY,LIMIT,1702128198688,4499.3,0.2166
ALGOUSDT,BUY,LIMIT,1702128263053,33.2,0.2168
ALGOUSDT,BUY,LIMIT,1702128284130,276.1,0.2169
ALGOUSDT,BUY,LIMIT,1702128285414,53.7,0.2176
ALGOUSDT,BUY,LIMIT,1702128286432,100.8,0.2179
ALGOUSDT,BUY,LIMIT,1702128287454,100.9,0.2177
ALGOUSDT,BUY,LIMIT,1702128301187,121065.3,0.2200
ALGOUSDT,BUY,LIMIT,1702128329168,1731.9,0.2187
ALGOUSDT,BUY,LIMIT,1702128330383,2.0,0.2182
ALGOUSDT,BUY,LIMIT,1702128331467,502.5,0.2191
ALGOUSDT,BUY,LIMIT,1702128332581,41.9,0.2193
ALGOUSDT,BUY,LIMIT,1702128334297,2025.4,0.2194
ALGOUSDT,BUY,LIMIT,1702128335320,22606.0,0.2196
ALGOUSDT,BUY,LIMIT,1702128337921,9115.6,0.2198
ALGOUSDT,BUY,LIMIT,1702128344613,12518.0,0.2199
ALGOUSDT,BUY,LIMIT,1702128372432,7271.5,0.2201
ALGOUSDT,BUY,LIMIT,1702128374223,2326.2,0.2201
ALGOUSDT,BUY,LIMIT,1702128383428,13022.6,0.2202
ALGOUSDT,BUY,LIMIT,1702128384776,820.6,0.2203
ALGOUSDT,BUY,LIMIT,1702128388083,1872.9,0.2204
ALGOUSDT,BUY,LIMIT,1702128390576,18337.4,0.2204
ALGOUSDT,BUY,LIMIT,1702128417315,7276.4,0.2202
ALGOUSDT,BUY,LIMIT,1702128597542,4304.3,0.2209
ALGOUSDT,BUY,LIMIT,1702128651508,17475.1,0.2210
ALGOUSDT,BUY,LIMIT,1702128656023,24.9,0.2212
ALGOUSDT,BUY,LIMIT,1702128657056,248.3,0.2213
ALGOUSDT,BUY,LIMIT,1702128658309,36.5,0.2216
ALGOUSDT,BUY,LIMIT,1702128659541,1230.9,0.2215
ALGOUSDT,BUY,LIMIT,1702128661284,265.4,0.2217
ALGOUSDT,BUY,LIMIT,1702128663295,72.1,0.2218
ALGOUSDT,BUY,LIMIT,1702128668858,1184.0,0.2219
ALGOUSDT,BUY,LIMIT,1702128712326,500.1,0.2219
ALGOUSDT,BUY,LIMIT,1702128713442,268.4,0.2220
ALGOUSDT,BUY,LIMIT,1702128731450,3305.9,0.2220
ALGOUSDT,BUY,LIMIT,1702128733236,50.0,0.2220
ALGOUSDT,BUY,LIMIT,1702128734603,2029.5,0.2221
ALGOUSDT,BUY,LIMIT,1702128776990,5301.9,0.2224
ALGOUSDT,BUY,LIMIT,1702128791066,6155.6,0.2225
ALGOUSDT,BUY,LIMIT,1702128802387,8367.6,0.2227
ALGOUSDT,BUY,LIMIT,1702128803617,190.6,0.2227
ALGOUSDT,BUY,LIMIT,1702128805553,7584.8,0.2228
ALGOUSDT,BUY,LIMIT,1702128806601,315.3,0.2229
ALGOUSDT,BUY,LIMIT,1702128807624,14404.8,0.2228
ALGOUSDT,BUY,LIMIT,1702128837521,3638.3,0.2225
ALGOUSDT,BUY,LIMIT,1702128898187,1364.1,0.2230
ALGOUSDT,BUY,LIMIT,1702128901106,741.3,0.2230
ALGOUSDT,BUY,LIMIT,1702128910434,401.7,0.2233
ALGOUSDT,BUY,LIMIT,1702128912028,151.9,0.2234
ALGOUSDT,SELL,LIMIT,1702128951941,62.8,0.2154
ALGOUSDT,BUY,LIMIT,1702129031661,1792.1,0.2232
ALGOUSDT,SELL,LIMIT,1702129120701,1469.1,0.2159
ALGOUSDT,SELL,LIMIT,1702129135270,1372.7,0.2157
ALGOUSDT,SELL,LIMIT,1702129137766,10055.6,0.2156
ALGOUSDT,SELL,LIMIT,1702129170229,1745.2,0.2154
ALGOUSDT,SELL,LIMIT,1702129183003,2179.1,0.2149
ALGOUSDT,SELL,LIMIT,1702129195360,23.0,0.2147
ALGOUSDT,SELL,LIMIT,1702129200468,1703.3,0.2147
ALGOUSDT,SELL,LIMIT,1702129229895,5572.0,0.2148
ALGOUSDT,SELL,LIMIT,1702129280896,339.5,0.2143
ALGOUSDT,SELL,LIMIT,1702129285137,313.6,0.2141
ALGOUSDT,SELL,LIMIT,1702129290847,340.1,0.2139
ALGOUSDT,SELL,LIMIT,1702129292596,1223.8,0.2138
ALGOUSDT,SELL,LIMIT,1702129459170,4069.3,0.2132
ALGOUSDT,SELL,LIMIT,1702129464720,10253.7,0.2126
ALGOUSDT,SELL,LIMIT,1702129465735,200.9,0.2125
ALGOUSDT,SELL,LIMIT,1702129467034,4503.7,0.2123
ALGOUSDT,SELL,LIMIT,1702129478637,2000.0,0.2116
ALGOUSDT,BUY,LIMIT,1702129759056,232.1,0.2194
ALGOUSDT,BUY,LIMIT,1702129784345,1465.0,0.2200
ALGOUSDT,SELL,LIMIT,1702129961164,74.3,0.2133
ALGOUSDT,SELL,LIMIT,1702129990636,16200.1,0.2132
ALGOUSDT,BUY,LIMIT,1702130150140,230.9,0.2207
ALGOUSDT,BUY,LIMIT,1702130151680,3867.6,0.2208
ALGOUSDT,BUY,LIMIT,1702130305961,461.2,0.2210
ALGOUSDT,BUY,LIMIT,1702130317895,166.4,0.2211
ALGOUSDT,BUY,LIMIT,1702130332385,5519.7,0.2215
ALGOUSDT,BUY,LIMIT,1702130335333,22664.1,0.2216
ALGOUSDT,BUY,LIMIT,1702130413104,1008.0,0.2218
ALGOUSDT,BUY,LIMIT,1702130456347,2869.6,0.2217
ALGOUSDT,BUY,LIMIT,1702130559297,9407.9,0.2222
ALGOUSDT,BUY,LIMIT,1702130695391,11446.9,0.2227
ALGOUSDT,BUY,LIMIT,1702130813778,2777.7,0.2231
ALGOUSDT,BUY,LIMIT,1702130835968,3727.7,0.2235
ALGOUSDT,BUY,LIMIT,1702130837385,37.1,0.2236
ALGOUSDT,BUY,LIMIT,1702130839341,6689.3,0.2242
ALGOUSDT,BUY,LIMIT,1702130842393,368.0,0.2243
ALGOUSDT,BUY,LIMIT,1702130859085,271.9,0.2244
ALGOUSDT,BUY,LIMIT,1702130860104,706.9,0.2244
ALGOUSDT,BUY,LIMIT,1702130861260,1980.5,0.2249
ALGOUSDT,BUY,LIMIT,1702130869483,30.1,0.2251
ALGOUSDT,BUY,LIMIT,1702130871418,30029.1,0.2259
ALGOUSDT,BUY,LIMIT,1702130889410,13061.1,0.2256
ALGOUSDT,BUY,LIMIT,1702130890414,2262.9,0.2255
ALGOUSDT,BUY,LIMIT,1702130894424,2628.0,0.2258
ALGOUSDT,BUY,LIMIT,1702130899109,1593.3,0.2262
ALGOUSDT,BUY,LIMIT,1702130900728,13568.7,0.2264
ALGOUSDT,BUY,LIMIT,1702130902255,132.8,0.2265
ALGOUSDT,SELL,LIMIT,1702130986720,12457.2,0.2184
ALGOUSDT,SELL,LIMIT,1702130991647,898.0,0.2179
ALGOUSDT,SELL,LIMIT,1702131001086,2027.0,0.2177
ALGOUSDT,SELL,LIMIT,1702131098162,21170.1,0.2175
ALGOUSDT,SELL,LIMIT,1702131105900,8929.3,0.2174
ALGOUSDT,SELL,LIMIT,1702131108858,22380.2,0.2172
ALGOUSDT,BUY,LIMIT,1702131171368,1739.4,0.2253
ALGOUSDT,SELL,LIMIT,1702131205266,1124.6,0.2179
ALGOUSDT,SELL,LIMIT,1702131377973,698.7,0.2182
ALGOUSDT,SELL,LIMIT,1702131402263,94.2,0.2182
ALGOUSDT,SELL,LIMIT,1702131460399,135.5,0.2174
ALGOUSDT,SELL,LIMIT,1702131506766,1139.4,0.2173
ALGOUSDT,SELL,LIMIT,1702131517219,1048.4,0.2172
ALGOUSDT,SELL,LIMIT,1702131531460,2294.1,0.2167
ALGOUSDT,SELL,LIMIT,1702131674428,1232.5,0.2164
ALGOUSDT,SELL,LIMIT,1702131686082,589.5,0.2160
ALGOUSDT,SELL,LIMIT,1702131732146,6273.1,0.2157
ALGOUSDT,SELL,LIMIT,1702131733160,85.7,0.2156
ALGOUSDT,SELL,LIMIT,1702132126304,31.8,0.2164
ALGOUSDT,SELL,LIMIT,1702132128355,683.4,0.2162
ALGOUSDT,SELL,LIMIT,1702132148977,352.2,0.2159
ALGOUSDT,SELL,LIMIT,1702132270446,1815.7,0.2159
ALGOUSDT,SELL,LIMIT,1702132274140,1114.4,0.2159
ALGOUSDT,SELL,LIMIT,1702132281392,145.6,0.2157
ALGOUSDT,SELL,LIMIT,1702132292160,1356.8,0.2158
ALGOUSDT,SELL,LIMIT,1702132293954,649.0,0.2155
ALGOUSDT,SELL,LIMIT,1702132299505,1175.5,0.2153
ALGOUSDT,SELL,LIMIT,1702132307128,9718.3,0.2152
ALGOUSDT,SELL,LIMIT,1702132311085,621.1,0.2150
ALGOUSDT,SELL,LIMIT,1702132375365,10630.7,0.2147
ALGOUSDT,SELL,LIMIT,1702132481803,140.4,0.2147
ALGOUSDT,SELL,LIMIT,1702132484598,22534.8,0.2146
ALGOUSDT,SELL,LIMIT,1702132487277,22.9,0.2144
ALGOUSDT,SELL,LIMIT,1702132490397,1147.4,0.2142
ALGOUSDT,SELL,LIMIT,1702132493614,943.6,0.2141
ALGOUSDT,SELL,LIMIT,1702132500486,233.3,0.2141
ALGOUSDT,SELL,LIMIT,1702132547927,1191.0,0.2146
ALGOUSDT,SELL,LIMIT,1702132568121,592.1,0.2139
ALGOUSDT,SELL,LIMIT,1702132569171,143.6,0.2139
ALGOUSDT,SELL,LIMIT,1702132571750,1073.4,0.2138
ALGOUSDT,SELL,LIMIT,1702132600115,51.8,0.2166
ALGOUSDT,SELL,LIMIT,1702132602111,253.9,0.2137
ALGOUSDT,SELL,LIMIT,1702132604097,1304.9,0.2136
ALGOUSDT,SELL,LIMIT,1702132610307,3005.1,0.2136
ALGOUSDT,SELL,LIMIT,1702132674995,1000.4,0.2134
ALGOUSDT,SELL,LIMIT,1702132685526,7365.0,0.2134
ALGOUSDT,SELL,LIMIT,1702132688475,226.7,0.2131
ALGOUSDT,SELL,LIMIT,1702132697587,1052.0,0.2129
ALGOUSDT,SELL,LIMIT,1702132711514,4024.3,0.2128
ALGOUSDT,SELL,LIMIT,1702132819522,106.4,0.2125
ALGOUSDT,SELL,LIMIT,1702132821560,904.2,0.2124
ALGOUSDT,SELL,LIMIT,1702132823426,9548.0,0.2123
ALGOUSDT,SELL,LIMIT,1702132879647,624.4,0.2128
ALGOUSDT,SELL,LIMIT,1702132881229,180.5,0.2129
ALGOUSDT,SELL,LIMIT,1702132916787,93.6,0.2132
ALGOUSDT,SELL,LIMIT,1702132964444,1382.1,0.2123
ALGOUSDT,SELL,LIMIT,1702132966204,674.5,0.2123
ALGOUSDT,SELL,LIMIT,1702132996794,11576.7,0.2122
ALGOUSDT,SELL,LIMIT,1702133000892,23.7,0.2119
ALGOUSDT,SELL,LIMIT,1702133002393,200.0,0.2118
ALGOUSDT,SELL,LIMIT,1702133003426,169.5,0.2118
ALGOUSDT,SELL,LIMIT,1702133004429,33769.7,0.2110
ALGOUSDT,SELL,LIMIT,1702133005892,8218.7,0.2114
ALGOUSDT,SELL,LIMIT,1702133007049,69.1,0.2114
ALGOUSDT,SELL,LIMIT,1702133008430,8628.3,0.2112
ALGOUSDT,SELL,LIMIT,1702133017193,772.0,0.2115
ALGOUSDT,BUY,LIMIT,1702133166185,2381.6,0.2187
ALGOUSDT,BUY,LIMIT,1702133169149,5593.3,0.2189
ALGOUSDT,BUY,LIMIT,1702133198315,22325.5,0.2192
ALGOUSDT,BUY,LIMIT,1702133222519,1637.7,0.2196
ALGOUSDT,BUY,LIMIT,1702133240150,647.7,0.2201
ALGOUSDT,SELL,LIMIT,1702133320915,468.5,0.2124
ALGOUSDT,SELL,LIMIT,1702133323544,26.2,0.2123
ALGOUSDT,SELL,LIMIT,1702133327239,11094.2,0.2122
ALGOUSDT,SELL,LIMIT,1702133331720,2509.7,0.2117
ALGOUSDT,SELL,LIMIT,1702133338374,494.8,0.2114
ALGOUSDT,BUY,LIMIT,1702133408522,5318.7,0.2187
ALGOUSDT,BUY,LIMIT,1702133409700,8500.0,0.2189
ALGOUSDT,BUY,LIMIT,1702133603254,660.5,0.2197
ALGOUSDT,BUY,LIMIT,1702133637782,642.2,0.2200
