Symbol,Side,Order Type,Time,Quantity,Price
ALICEUSDT,BUY,LIMIT,1700857945267,779.0,1.111
ALICEUSDT,BUY,LIMIT,1700858327691,560.8,1.113
ALICEUSDT,BUY,LIMIT,1700858356949,565.5,1.114
ALICEUSDT,SELL,LIMIT,1700866862280,335.1,1.055
ALICEUSDT,BUY,LIMIT,1700871780535,5.1,1.118
ALICEUSDT,BUY,LIMIT,1700871781636,37.5,1.118
ALICEUSDT,BUY,LIMIT,1700873252783,1064.6,1.122
ALICEUSDT,BUY,LIMIT,1700873255436,17.8,1.124
ALICEUSDT,BUY,LIMIT,1700873257306,57.5,1.125
ALICEUSDT,BUY,LIMIT,1700873259319,15.4,1.126
ALICEUSDT,BUY,LIMIT,1700873260951,45.1,1.129
ALICEUSDT,BUY,LIMIT,1700873261997,15.7,1.130
ALICEUSDT,BUY,LIMIT,1700877804731,449.3,1.133
ALICEUSDT,BUY,LIMIT,1700877806191,198.1,1.134
ALICEUSDT,BUY,LIMIT,1700877809359,20.0,1.135
ALICEUSDT,BUY,LIMIT,1700877829728,113.2,1.137
ALICEUSDT,BUY,LIMIT,1700877832101,29.2,1.138
ALICEUSDT,BUY,LIMIT,1700877833333,307.2,1.139
ALICEUSDT,BUY,LIMIT,1700877844782,2270.7,1.141
ALICEUSDT,BUY,LIMIT,1700877845910,6138.8,1.144
ALICEUSDT,BUY,LIMIT,1700877847674,19.4,1.144
ALICEUSDT,BUY,LIMIT,1700877861124,1919.6,1.145
ALICEUSDT,BUY,LIMIT,1700877862470,787.5,1.146
ALICEUSDT,BUY,LIMIT,1700877926941,35.8,1.147
ALICEUSDT,BUY,LIMIT,1700877927988,113.8,1.147
ALICEUSDT,BUY,LIMIT,1700877959328,26.4,1.150
ALICEUSDT,BUY,LIMIT,1700877961184,53.9,1.151
ALICEUSDT,BUY,LIMIT,1700877966224,2929.8,1.152
ALICEUSDT,BUY,LIMIT,1700877968127,1372.2,1.154
ALICEUSDT,BUY,LIMIT,1700877969272,184.4,1.153
ALICEUSDT,BUY,LIMIT,1700878980215,16.0,1.157
ALICEUSDT,BUY,LIMIT,1700879004654,78.8,1.160
ALICEUSDT,BUY,LIMIT,1700879012702,166.4,1.161
ALICEUSDT,BUY,LIMIT,1700879217544,268.1,1.162
ALICEUSDT,BUY,LIMIT,1700879234051,9.3,1.163
ALICEUSDT,BUY,LIMIT,1700880183088,387.0,1.164
ALICEUSDT,BUY,LIMIT,1700880206715,12.6,1.165
ALICEUSDT,BUY,LIMIT,1700880235251,1350.1,1.165
ALICEUSDT,BUY,LIMIT,1700880703504,36.8,1.168
ALICEUSDT,BUY,LIMIT,1700880871278,138.9,1.171
ALICEUSDT,BUY,LIMIT,1700880908521,64.2,1.173
ALICEUSDT,BUY,LIMIT,1700881098641,145.0,1.174
ALICEUSDT,BUY,LIMIT,1700881100765,98.9,1.175
ALICEUSDT,BUY,LIMIT,1700881109840,432.2,1.176
ALICEUSDT,BUY,LIMIT,1700881174106,9.8,1.179
ALICEUSDT,BUY,LIMIT,1700881175199,538.8,1.180
ALICEUSDT,BUY,LIMIT,1700881176904,4324.2,1.180
ALICEUSDT,BUY,LIMIT,1700881179623,16183.5,1.185
ALICEUSDT,BUY,LIMIT,1700881182164,10.9,1.181
ALICEUSDT,BUY,LIMIT,1700881183846,36.4,1.183
ALICEUSDT,BUY,LIMIT,1700881921046,228.4,1.190
ALICEUSDT,BUY,LIMIT,1700881922189,911.7,1.188
ALICEUSDT,BUY,LIMIT,1700881924840,1598.0,1.194
