Symbol,Side,Order Type,Time,Quantity,Price
ALICEUSDT,BUY,LIMIT,1701925601110,38.0,1.209
ALICEUSDT,BUY,LIMIT,1701931134258,66.2,1.222
ALICEUSDT,BUY,LIMIT,1701931163347,393.3,1.224
ALICEUSDT,BUY,LIMIT,1701932392284,17.0,1.234
ALICEUSDT,BUY,LIMIT,1701933623371,16.8,1.241
ALICEUSDT,SELL,LIMIT,1701940016875,9.0,1.161
ALICEUSDT,SELL,LIMIT,1701940022403,4.1,1.161
ALICEUSDT,SELL,LIMIT,1701940564276,8.2,1.151
ALICEUSDT,SELL,LIMIT,1701940565872,4.2,1.151
ALICEUSDT,SELL,LIMIT,1701941175860,22.0,1.139
ALICEUSDT,SELL,LIMIT,1701941187472,4.2,1.138
ALICEUSDT,SELL,LIMIT,1701941239584,3332.4,1.146
ALICEUSDT,SELL,LIMIT,1701941246212,55.1,1.134
ALICEUSDT,BUY,LIMIT,1701951313253,38.8,1.212
ALICEUSDT,BUY,LIMIT,1701953976590,0.1,1.228
ALICEUSDT,BUY,LIMIT,1701965400017,2655.2,1.249
ALICEUSDT,BUY,LIMIT,1701965767365,324.4,1.259
ALICEUSDT,BUY,LIMIT,1701965812114,924.6,1.263
ALICEUSDT,BUY,LIMIT,1701970110094,62.6,1.266
ALICEUSDT,SELL,LIMIT,1701976689822,1607.2,1.202
ALICEUSDT,SELL,LIMIT,1702003664967,46.1,1.201
ALICEUSDT,BUY,LIMIT,1702007154541,22.8,1.265
ALICEUSDT,SELL,LIMIT,1702011910559,4.1,1.207
ALICEUSDT,BUY,LIMIT,1702016741296,42.6,1.260
ALICEUSDT,SELL,LIMIT,1702017113624,554.2,1.208
ALICEUSDT,SELL,LIMIT,1702020530518,6.6,1.194
ALICEUSDT,BUY,LIMIT,1702051362351,3707.1,1.260
ALICEUSDT,BUY,LIMIT,1702052530226,63.6,1.273
ALICEUSDT,BUY,LIMIT,1702053523492,16.8,1.275
ALICEUSDT,BUY,LIMIT,1702057012091,138.7,1.281
ALICEUSDT,BUY,LIMIT,1702064541236,33.9,1.296
ALICEUSDT,BUY,LIMIT,1702080420735,100.1,1.301
ALICEUSDT,BUY,LIMIT,1702080613476,4021.0,1.304
ALICEUSDT,BUY,LIMIT,1702080692018,43.0,1.307
ALICEUSDT,BUY,LIMIT,1702080768624,2777.8,1.305
ALICEUSDT,BUY,LIMIT,1702080777380,71.3,1.307
ALICEUSDT,BUY,LIMIT,1702081293701,3330.3,1.312
ALICEUSDT,BUY,LIMIT,1702081984546,82.0,1.317
ALICEUSDT,BUY,LIMIT,1702083363945,4202.8,1.322
ALICEUSDT,BUY,LIMIT,1702083366349,433.4,1.322
ALICEUSDT,BUY,LIMIT,1702083373997,6422.7,1.325
ALICEUSDT,SELL,LIMIT,1702083647471,1403.9,1.268
ALICEUSDT,BUY,LIMIT,1702084089255,5.0,1.301
ALICEUSDT,BUY,LIMIT,1702097468352,17.0,1.309
ALICEUSDT,BUY,LIMIT,1702097628236,54.2,1.309
ALICEUSDT,BUY,LIMIT,1702107195438,124.1,1.315
ALICEUSDT,BUY,LIMIT,1702107347080,253.2,1.316
ALICEUSDT,BUY,LIMIT,1702107981258,16.3,1.318
ALICEUSDT,BUY,LIMIT,1702108259588,16.4,1.321
ALICEUSDT,BUY,LIMIT,1702109437300,95.7,1.324
ALICEUSDT,BUY,LIMIT,1702109514107,40.4,1.324
ALICEUSDT,SELL,LIMIT,1702110670123,3.5,1.266
ALICEUSDT,SELL,LIMIT,1702110975902,558.9,1.249
ALICEUSDT,BUY,LIMIT,1702111031400,46.6,1.290
ALICEUSDT,SELL,LIMIT,1702111044126,603.8,1.231
ALICEUSDT,SELL,LIMIT,1702111045190,100.0,1.230
ALICEUSDT,SELL,LIMIT,1702111046806,30.9,1.229
ALICEUSDT,SELL,LIMIT,1702111378992,154.5,1.226
ALICEUSDT,BUY,LIMIT,1702116516362,4.5,1.335
ALICEUSDT,BUY,LIMIT,1702116842995,485.5,1.345
ALICEUSDT,BUY,LIMIT,1702118248913,87.8,1.349
ALICEUSDT,SELL,LIMIT,1702134528895,79.7,1.247
ALICEUSDT,SELL,LIMIT,1702134884626,248.6,1.246
ALICEUSDT,SELL,LIMIT,1702137937697,156.4,1.265
ALICEUSDT,SELL,LIMIT,1702139108267,107.8,1.244
ALICEUSDT,SELL,LIMIT,1702139212228,2200.0,1.243
ALICEUSDT,SELL,LIMIT,1702141700638,492.0,1.237
ALICEUSDT,SELL,LIMIT,1702141846649,100.0,1.233
ALICEUSDT,SELL,LIMIT,1702143019418,15.5,1.237
ALICEUSDT,SELL,LIMIT,1702154074750,125.0,1.242
ALICEUSDT,SELL,LIMIT,1702164270629,11.1,1.236
ALICEUSDT,SELL,LIMIT,1702164685003,78.3,1.231
ALICEUSDT,SELL,LIMIT,1702164754097,577.0,1.229
ALICEUSDT,SELL,LIMIT,1702164799190,159.9,1.226
ALICEUSDT,SELL,LIMIT,1702164801586,178.4,1.225
ALICEUSDT,SELL,LIMIT,1702164809480,38.4,1.220
ALICEUSDT,SELL,LIMIT,1702164810815,539.0,1.219
ALICEUSDT,SELL,LIMIT,1702193666087,47.7,1.242
ALICEUSDT,BUY,LIMIT,1702195854443,258.5,1.325
ALICEUSDT,SELL,LIMIT,1702200928405,779.4,1.263
ALICEUSDT,SELL,LIMIT,1702201325450,2861.6,1.244
ALICEUSDT,SELL,LIMIT,1702201384100,189.8,1.243
ALICEUSDT,SELL,LIMIT,1702201411372,9.9,1.241
ALICEUSDT,SELL,LIMIT,1702202065724,302.3,1.238
ALICEUSDT,SELL,LIMIT,1702202267739,39.0,1.233
ALICEUSDT,SELL,LIMIT,1702202289419,1371.5,1.232
ALICEUSDT,SELL,LIMIT,1702202323387,18.3,1.229
ALICEUSDT,SELL,LIMIT,1702202379158,30.9,1.227
ALICEUSDT,SELL,LIMIT,1702202383202,324.2,1.226
ALICEUSDT,SELL,LIMIT,1702202384707,6.8,1.224
ALICEUSDT,BUY,LIMIT,1702232826797,259.6,1.299
ALICEUSDT,BUY,LIMIT,1702240751060,40.0,1.308
ALICEUSDT,SELL,LIMIT,1702250294349,17.4,1.243
ALICEUSDT,SELL,LIMIT,1702256620301,77.5,1.232
ALICEUSDT,SELL,LIMIT,1702256912563,309.6,1.227
ALICEUSDT,SELL,LIMIT,1702256916488,514.0,1.227
ALICEUSDT,SELL,LIMIT,1702256994320,2519.8,1.223
ALICEUSDT,SELL,LIMIT,1702260290890,970.7,1.231
ALICEUSDT,SELL,LIMIT,1702260436687,4.9,1.221
ALICEUSDT,SELL,LIMIT,1702260441763,155.8,1.220
ALICEUSDT,SELL,LIMIT,1702260625427,12.6,1.218
ALICEUSDT,SELL,LIMIT,1702260629232,382.6,1.216
ALICEUSDT,SELL,LIMIT,1702260630686,65.5,1.216
ALICEUSDT,SELL,LIMIT,1702260632018,100.0,1.214
ALICEUSDT,SELL,LIMIT,1702260633536,1653.9,1.212
ALICEUSDT,SELL,LIMIT,1702260637149,157.4,1.208
ALICEUSDT,SELL,LIMIT,1702260668412,749.0,1.208
ALICEUSDT,SELL,LIMIT,1702260695822,1519.0,1.205
ALICEUSDT,SELL,LIMIT,1702260700718,1547.6,1.203
ALICEUSDT,SELL,LIMIT,1702260707509,152.2,1.202
ALICEUSDT,SELL,LIMIT,1702260709351,57.6,1.202
ALICEUSDT,SELL,LIMIT,1702260712157,23.2,1.200
ALICEUSDT,SELL,LIMIT,1702260714319,1583.5,1.200
ALICEUSDT,SELL,LIMIT,1702260715563,535.8,1.199
ALICEUSDT,SELL,LIMIT,1702260716805,4.2,1.198
ALICEUSDT,SELL,LIMIT,1702260718601,8.0,1.195
ALICEUSDT,SELL,LIMIT,1702260720390,374.3,1.218
ALICEUSDT,SELL,LIMIT,1702260721406,198.1,1.193
ALICEUSDT,SELL,LIMIT,1702260722628,117.9,1.193
ALICEUSDT,SELL,LIMIT,1702260724959,76.9,1.208
ALICEUSDT,SELL,LIMIT,1702260726432,48.0,1.190
ALICEUSDT,SELL,LIMIT,1702260727616,18.6,1.189
ALICEUSDT,SELL,LIMIT,1702260730380,3930.8,1.187
ALICEUSDT,SELL,LIMIT,1702260731866,273.3,1.186
ALICEUSDT,SELL,LIMIT,1702260733267,149.6,1.184
ALICEUSDT,SELL,LIMIT,1702260734490,1917.1,1.184
ALICEUSDT,SELL,LIMIT,1702260735827,8.3,1.185
ALICEUSDT,SELL,LIMIT,1702260737386,425.0,1.184
ALICEUSDT,SELL,LIMIT,1702260738405,136.0,1.183
ALICEUSDT,SELL,LIMIT,1702260740895,69.5,1.182
ALICEUSDT,SELL,LIMIT,1702260741983,464.5,1.178
ALICEUSDT,SELL,LIMIT,1702260743001,188.9,1.181
ALICEUSDT,SELL,LIMIT,1702260744808,331.9,1.169
ALICEUSDT,SELL,LIMIT,1702260745934,500.0,1.166
ALICEUSDT,SELL,LIMIT,1702260747021,870.2,1.164
ALICEUSDT,SELL,LIMIT,1702260749011,45.0,1.164
ALICEUSDT,SELL,LIMIT,1702260750031,223.1,1.159
ALICEUSDT,SELL,LIMIT,1702260751134,120.6,1.157
ALICEUSDT,SELL,LIMIT,1702260752746,1903.2,1.161
ALICEUSDT,SELL,LIMIT,1702260753772,25.9,1.158
ALICEUSDT,SELL,LIMIT,1702260755132,8076.9,1.153
ALICEUSDT,SELL,LIMIT,1702260756534,7415.3,1.150
ALICEUSDT,SELL,LIMIT,1702260757885,15.5,1.154
ALICEUSDT,SELL,LIMIT,1702260759336,772.4,1.154
ALICEUSDT,SELL,LIMIT,1702260760620,245.8,1.141
ALICEUSDT,SELL,LIMIT,1702260761823,80.6,1.146
ALICEUSDT,SELL,LIMIT,1702260762964,1000.0,1.142
ALICEUSDT,SELL,LIMIT,1702260764066,385.5,1.142
ALICEUSDT,SELL,LIMIT,1702260765625,489.4,1.140
ALICEUSDT,SELL,LIMIT,1702260766585,76.0,1.139
ALICEUSDT,SELL,LIMIT,1702260768031,247.4,1.136
ALICEUSDT,SELL,LIMIT,1702260769069,983.5,1.137
ALICEUSDT,SELL,LIMIT,1702260770536,91.3,1.132
ALICEUSDT,SELL,LIMIT,1702260771562,1062.5,1.133
ALICEUSDT,SELL,LIMIT,1702260772724,636.3,1.129
ALICEUSDT,SELL,LIMIT,1702260773764,799.3,1.127
ALICEUSDT,SELL,LIMIT,1702260774778,133.6,1.126
ALICEUSDT,SELL,LIMIT,1702260775788,1317.8,1.118
ALICEUSDT,SELL,LIMIT,1702260776868,7.9,1.112
ALICEUSDT,SELL,LIMIT,1702260777874,184.7,1.112
ALICEUSDT,SELL,LIMIT,1702260778948,81.0,1.106
ALICEUSDT,SELL,LIMIT,1702260780382,44.3,1.101
ALICEUSDT,SELL,LIMIT,1702260781435,15.8,1.104
ALICEUSDT,SELL,LIMIT,1702260782566,498.8,1.104
ALICEUSDT,SELL,LIMIT,1702260783837,32.4,1.100
ALICEUSDT,SELL,LIMIT,1702260784892,16.7,1.100
ALICEUSDT,SELL,LIMIT,1702260785895,982.5,1.098
ALICEUSDT,SELL,LIMIT,1702260788961,162.0,1.102
ALICEUSDT,SELL,LIMIT,1702260790045,700.0,1.101
ALICEUSDT,SELL,LIMIT,1702260791132,811.1,1.096
ALICEUSDT,SELL,LIMIT,1702260792437,44.6,1.122
ALICEUSDT,SELL,LIMIT,1702260793436,281.1,1.090
ALICEUSDT,SELL,LIMIT,1702260794463,849.3,1.090
ALICEUSDT,SELL,LIMIT,1702260795634,820.1,1.087
ALICEUSDT,SELL,LIMIT,1702260797311,15963.0,1.081
ALICEUSDT,SELL,LIMIT,1702260798487,31.0,1.084
ALICEUSDT,SELL,LIMIT,1702260799605,625.6,1.083
ALICEUSDT,SELL,LIMIT,1702260800631,150.9,1.076
ALICEUSDT,SELL,LIMIT,1702260801638,82.4,1.078
ALICEUSDT,SELL,LIMIT,1702260802954,0.9,1.069
ALICEUSDT,SELL,LIMIT,1702260804796,82.7,1.072
ALICEUSDT,SELL,LIMIT,1702260806106,778.4,1.073
ALICEUSDT,SELL,LIMIT,1702260807264,470.5,1.061
ALICEUSDT,SELL,LIMIT,1702260808403,18.0,1.066
ALICEUSDT,SELL,LIMIT,1702260809522,39.9,1.067
ALICEUSDT,SELL,LIMIT,1702260811221,5622.4,1.053
ALICEUSDT,SELL,LIMIT,1702260812249,64.0,1.048
ALICEUSDT,SELL,LIMIT,1702260813254,476.0,1.050
ALICEUSDT,SELL,LIMIT,1702260814260,517.2,1.045
ALICEUSDT,SELL,LIMIT,1702260815276,978.0,1.047
ALICEUSDT,SELL,LIMIT,1702260817115,749.3,1.047
ALICEUSDT,SELL,LIMIT,1702260818417,23.0,1.048
ALICEUSDT,SELL,LIMIT,1702260865816,4.7,1.086
ALICEUSDT,BUY,LIMIT,1702261747073,17.6,1.181
ALICEUSDT,SELL,LIMIT,1702262615562,102.0,1.117
ALICEUSDT,SELL,LIMIT,1702262873708,46.2,1.109
ALICEUSDT,SELL,LIMIT,1702265906990,313.6,1.145
ALICEUSDT,BUY,LIMIT,1702266306684,315.5,1.192
