Symbol,Side,Order Type,Time,Quantity,Price
ALICEUSDT,SELL,LIMIT,1700990767193,37.9,1.152
ALICEUSDT,SELL,LIMIT,1700990977969,153.1,1.147
ALICEUSDT,SELL,LIMIT,1700991007721,340.0,1.147
ALICEUSDT,BUY,LIMIT,1700995030523,114.8,1.233
ALICEUSDT,BUY,LIMIT,1700999021061,1256.9,1.248
ALICEUSDT,BUY,LIMIT,1700999040172,3000.0,1.257
ALICEUSDT,BUY,LIMIT,1700999041318,34.2,1.258
ALICEUSDT,BUY,LIMIT,1700999042331,3.1,1.258
ALICEUSDT,BUY,LIMIT,1700999043684,1812.5,1.259
ALICEUSDT,BUY,LIMIT,1700999048933,87.3,1.260
ALICEUSDT,BUY,LIMIT,1700999051121,16.2,1.261
ALICEUSDT,BUY,LIMIT,1700999052459,109.9,1.261
ALICEUSDT,BUY,LIMIT,1700999059133,955.1,1.267
ALICEUSDT,BUY,LIMIT,1700999060259,130.5,1.268
ALICEUSDT,BUY,LIMIT,1700999061515,64.0,1.268
ALICEUSDT,BUY,LIMIT,1700999062654,236.5,1.269
ALICEUSDT,BUY,LIMIT,1700999871067,47.8,1.274
ALICEUSDT,BUY,LIMIT,1700999872133,23.0,1.270
ALICEUSDT,BUY,LIMIT,1700999873877,31.5,1.277
ALICEUSDT,BUY,LIMIT,1700999885980,780.0,1.285
ALICEUSDT,BUY,LIMIT,1700999887083,3459.6,1.288
ALICEUSDT,BUY,LIMIT,1700999888147,364.3,1.288
ALICEUSDT,BUY,LIMIT,1700999896027,4.7,1.291
ALICEUSDT,BUY,LIMIT,1700999897035,97.5,1.291
ALICEUSDT,BUY,LIMIT,1700999898363,51.7,1.295
ALICEUSDT,BUY,LIMIT,1700999899609,670.0,1.298
ALICEUSDT,BUY,LIMIT,1700999906453,5.0,1.299
ALICEUSDT,BUY,LIMIT,1700999907623,2442.0,1.301
ALICEUSDT,BUY,LIMIT,1700999923567,24.0,1.302
ALICEUSDT,BUY,LIMIT,1700999931464,45.7,1.301
ALICEUSDT,BUY,LIMIT,1700999933245,721.1,1.301
ALICEUSDT,BUY,LIMIT,1700999939571,70.4,1.305
ALICEUSDT,SELL,LIMIT,1701001501566,40.1,1.269
ALICEUSDT,BUY,LIMIT,1701001612483,22.4,1.308
ALICEUSDT,BUY,LIMIT,1701001617132,2411.6,1.310
ALICEUSDT,BUY,LIMIT,1701002547266,784.2,1.311
ALICEUSDT,BUY,LIMIT,1701002569359,74.0,1.313
ALICEUSDT,BUY,LIMIT,1701002599214,71.6,1.315
ALICEUSDT,BUY,LIMIT,1701002603070,780.5,1.315
ALICEUSDT,BUY,LIMIT,1701002604291,784.3,1.315
ALICEUSDT,BUY,LIMIT,1701002608171,498.9,1.317
ALICEUSDT,BUY,LIMIT,1701002624058,54.6,1.318
ALICEUSDT,BUY,LIMIT,1701002627950,376.2,1.318
ALICEUSDT,BUY,LIMIT,1701002683142,33.0,1.319
ALICEUSDT,BUY,LIMIT,1701002685783,88.6,1.319
ALICEUSDT,BUY,LIMIT,1701002695324,79.3,1.319
ALICEUSDT,BUY,LIMIT,1701002961555,59.3,1.319
ALICEUSDT,BUY,LIMIT,1701003075552,334.8,1.324
ALICEUSDT,BUY,LIMIT,1701003079916,160.0,1.326
ALICEUSDT,BUY,LIMIT,1701003081614,5.3,1.325
ALICEUSDT,BUY,LIMIT,1701003087070,17.1,1.327
ALICEUSDT,BUY,LIMIT,1701003138333,15.6,1.329
ALICEUSDT,BUY,LIMIT,1701003195366,17.9,1.331
ALICEUSDT,BUY,LIMIT,1701003197074,40.4,1.332
ALICEUSDT,BUY,LIMIT,1701003198121,544.2,1.332
ALICEUSDT,BUY,LIMIT,1701003268268,666.2,1.336
ALICEUSDT,BUY,LIMIT,1701004060462,293.1,1.338
ALICEUSDT,BUY,LIMIT,1701005302535,2231.7,1.329
ALICEUSDT,BUY,LIMIT,1701005801894,22.1,1.338
ALICEUSDT,BUY,LIMIT,1701005830712,67.6,1.339
ALICEUSDT,BUY,LIMIT,1701005852989,262.4,1.340
ALICEUSDT,BUY,LIMIT,1701005857238,125.0,1.340
ALICEUSDT,BUY,LIMIT,1701005861158,964.3,1.343
ALICEUSDT,BUY,LIMIT,1701005862457,31.2,1.344
ALICEUSDT,BUY,LIMIT,1701005867072,50.0,1.348
ALICEUSDT,BUY,LIMIT,1701005868873,193.2,1.349
ALICEUSDT,BUY,LIMIT,1701005955661,327.5,1.351
ALICEUSDT,BUY,LIMIT,1701006200521,21.5,1.339
ALICEUSDT,BUY,LIMIT,1701007428054,62.6,1.353
ALICEUSDT,BUY,LIMIT,1701007431794,3875.9,1.354
ALICEUSDT,BUY,LIMIT,1701007434128,360.5,1.356
ALICEUSDT,BUY,LIMIT,1701007442774,26.9,1.358
ALICEUSDT,SELL,LIMIT,1701008919036,218.3,1.262
ALICEUSDT,SELL,LIMIT,1701008950671,78.3,1.259
ALICEUSDT,SELL,LIMIT,1701008986469,1590.2,1.259
ALICEUSDT,SELL,LIMIT,1701008990226,5.0,1.256
ALICEUSDT,SELL,LIMIT,1701008999843,411.9,1.255
ALICEUSDT,SELL,LIMIT,1701009227459,4.0,1.253
ALICEUSDT,SELL,LIMIT,1701009230610,758.7,1.253
ALICEUSDT,SELL,LIMIT,1701009233229,2326.7,1.251
ALICEUSDT,SELL,LIMIT,1701009258415,1302.3,1.249
ALICEUSDT,SELL,LIMIT,1701009263207,12.3,1.248
ALICEUSDT,SELL,LIMIT,1701009372690,61.3,1.242
ALICEUSDT,SELL,LIMIT,1701009383229,43.6,1.241
ALICEUSDT,SELL,LIMIT,1701009394553,58.6,1.240
ALICEUSDT,SELL,LIMIT,1701009409461,199.7,1.239
ALICEUSDT,SELL,LIMIT,1701010170180,175.5,1.235
ALICEUSDT,SELL,LIMIT,1701010172881,605.1,1.234
ALICEUSDT,SELL,LIMIT,1701010174828,289.0,1.233
ALICEUSDT,SELL,LIMIT,1701010202246,1746.1,1.232
ALICEUSDT,SELL,LIMIT,1701010673005,50.4,1.230
ALICEUSDT,SELL,LIMIT,1701010698156,77.3,1.229
ALICEUSDT,SELL,LIMIT,1701010699385,29.3,1.229
ALICEUSDT,SELL,LIMIT,1701010813489,310.0,1.226
ALICEUSDT,SELL,LIMIT,1701010836945,27.5,1.223
ALICEUSDT,SELL,LIMIT,1701010884190,1657.8,1.222
ALICEUSDT,SELL,LIMIT,1701013061047,175.0,1.214
ALICEUSDT,SELL,LIMIT,1701013070130,5.4,1.213
ALICEUSDT,SELL,LIMIT,1701013087122,63.8,1.213
ALICEUSDT,SELL,LIMIT,1701013411452,201.4,1.206
ALICEUSDT,SELL,LIMIT,1701013419032,40.0,1.205
ALICEUSDT,SELL,LIMIT,1701013426812,15.2,1.203
ALICEUSDT,SELL,LIMIT,1701013507651,617.6,1.205
ALICEUSDT,SELL,LIMIT,1701013517703,18.4,1.202
ALICEUSDT,SELL,LIMIT,1701013522053,587.3,1.201
ALICEUSDT,SELL,LIMIT,1701013532235,48.0,1.200
ALICEUSDT,SELL,LIMIT,1701013554535,382.3,1.198
ALICEUSDT,SELL,LIMIT,1701013556012,5.5,1.197
ALICEUSDT,SELL,LIMIT,1701013695531,190.1,1.196
ALICEUSDT,SELL,LIMIT,1701013753059,228.2,1.193
ALICEUSDT,SELL,LIMIT,1701013974095,33.9,1.200
ALICEUSDT,BUY,LIMIT,1701014025235,261.6,1.239
ALICEUSDT,SELL,LIMIT,1701014060335,185.1,1.196
ALICEUSDT,SELL,LIMIT,1701014141485,12.7,1.193
ALICEUSDT,SELL,LIMIT,1701014326174,2822.2,1.191
ALICEUSDT,SELL,LIMIT,1701014587078,1963.0,1.197
ALICEUSDT,SELL,LIMIT,1701015212726,236.9,1.188
ALICEUSDT,SELL,LIMIT,1701015638413,744.0,1.183
ALICEUSDT,SELL,LIMIT,1701015644439,2301.6,1.183
ALICEUSDT,SELL,LIMIT,1701015648158,381.3,1.181
ALICEUSDT,SELL,LIMIT,1701015670359,3940.1,1.180
ALICEUSDT,SELL,LIMIT,1701015675383,22.8,1.180
ALICEUSDT,SELL,LIMIT,1701015678573,15.2,1.179
ALICEUSDT,SELL,LIMIT,1701015687369,104.7,1.177
ALICEUSDT,SELL,LIMIT,1701015741294,13.3,1.174
ALICEUSDT,SELL,LIMIT,1701015758205,3572.6,1.172
ALICEUSDT,SELL,LIMIT,1701015870160,41.2,1.171
ALICEUSDT,SELL,LIMIT,1701015883097,672.4,1.168
ALICEUSDT,SELL,LIMIT,1701016027522,279.9,1.165
ALICEUSDT,SELL,LIMIT,1701016028836,786.7,1.164
ALICEUSDT,SELL,LIMIT,1701016031325,16.1,1.164
ALICEUSDT,SELL,LIMIT,1701016032240,1200.4,1.164
ALICEUSDT,SELL,LIMIT,1701016033221,685.3,1.163
ALICEUSDT,SELL,LIMIT,1701016038397,1791.3,1.164
ALICEUSDT,SELL,LIMIT,1701016043541,125.9,1.159
ALICEUSDT,SELL,LIMIT,1701016044579,186.8,1.199
ALICEUSDT,SELL,LIMIT,1701016046582,286.6,1.160
ALICEUSDT,SELL,LIMIT,1701016047320,342.4,1.160
ALICEUSDT,SELL,LIMIT,1701016078099,699.8,1.157
ALICEUSDT,SELL,LIMIT,1701016079247,1055.7,1.157
ALICEUSDT,SELL,LIMIT,1701016095022,422.3,1.156
ALICEUSDT,SELL,LIMIT,1701016098679,341.1,1.155
ALICEUSDT,SELL,LIMIT,1701016100062,51.0,1.154
ALICEUSDT,SELL,LIMIT,1701016102325,76.1,1.153
ALICEUSDT,SELL,LIMIT,1701016103105,156.2,1.153
ALICEUSDT,SELL,LIMIT,1701018031937,33.5,1.172
ALICEUSDT,BUY,LIMIT,1701021770700,45.9,1.229
ALICEUSDT,BUY,LIMIT,1701029946307,24.4,1.244
ALICEUSDT,BUY,LIMIT,1701030454000,4187.6,1.254
ALICEUSDT,BUY,LIMIT,1701030460891,41.8,1.255
ALICEUSDT,BUY,LIMIT,1701030462564,6.7,1.260
ALICEUSDT,BUY,LIMIT,1701031263322,468.8,1.271
ALICEUSDT,BUY,LIMIT,1701044360375,10.1,1.261
ALICEUSDT,SELL,LIMIT,1701050841426,45.5,1.191
ALICEUSDT,SELL,LIMIT,1701052957347,171.2,1.189
ALICEUSDT,SELL,LIMIT,1701054472080,249.2,1.182
ALICEUSDT,SELL,LIMIT,1701055062791,32.2,1.184
ALICEUSDT,SELL,LIMIT,1701055679310,67.0,1.177
ALICEUSDT,SELL,LIMIT,1701055771903,280.3,1.176
ALICEUSDT,SELL,LIMIT,1701056053525,278.0,1.174
ALICEUSDT,SELL,LIMIT,1701056088761,3399.2,1.173
ALICEUSDT,SELL,LIMIT,1701056090325,5.6,1.171
ALICEUSDT,SELL,LIMIT,1701062966122,9.2,1.168
ALICEUSDT,SELL,LIMIT,1701063026876,122.4,1.165
ALICEUSDT,SELL,LIMIT,1701063079322,95.1,1.164
ALICEUSDT,SELL,LIMIT,1701063108002,4059.0,1.163
ALICEUSDT,SELL,LIMIT,1701063333555,25.0,1.158
ALICEUSDT,SELL,LIMIT,1701063348732,5.0,1.157
ALICEUSDT,SELL,LIMIT,1701063643221,226.9,1.157
ALICEUSDT,SELL,LIMIT,1701063679175,22.1,1.155
ALICEUSDT,SELL,LIMIT,1701063689100,382.2,1.154
ALICEUSDT,SELL,LIMIT,1701064066420,279.7,1.149
