Symbol,Side,Order Type,Time,Quantity,Price
ALICEUSDT,BUY,LIMIT,1700857945267,779.0,1.111
ALICEUSDT,BUY,LIMIT,1700858327691,560.8,1.113
ALICEUSDT,BUY,LIMIT,1700858356949,565.5,1.114
ALICEUSDT,SELL,LIMIT,1700866862280,335.1,1.055
ALICEUSDT,BUY,LIMIT,1700871780535,5.1,1.118
ALICEUSDT,BUY,LIMIT,1700871781636,37.5,1.118
ALICEUSDT,BUY,LIMIT,1700873252783,1064.6,1.122
ALICEUSDT,BUY,LIMIT,1700873255436,17.8,1.124
ALICEUSDT,BUY,LIMIT,1700873257306,57.5,1.125
ALICEUSDT,BUY,LIMIT,1700873259319,15.4,1.126
ALICEUSDT,BUY,LIMIT,1700873260951,45.1,1.129
ALICEUSDT,BUY,LIMIT,1700873261997,15.7,1.130
ALICEUSDT,BUY,LIMIT,1700877804731,449.3,1.133
ALICEUSDT,BUY,LIMIT,1700877806191,198.1,1.134
ALICEUSDT,BUY,LIMIT,1700877809359,20.0,1.135
ALICEUSDT,BUY,LIMIT,1700877829728,113.2,1.137
ALICEUSDT,BUY,LIMIT,1700877832101,29.2,1.138
ALICEUSDT,BUY,LIMIT,1700877833333,307.2,1.139
ALICEUSDT,BUY,LIMIT,1700877844782,2270.7,1.141
ALICEUSDT,BUY,LIMIT,1700877845910,6138.8,1.144
ALICEUSDT,BUY,LIMIT,1700877847674,19.4,1.144
ALICEUSDT,BUY,LIMIT,1700877861124,1919.6,1.145
ALICEUSDT,BUY,LIMIT,1700877862470,787.5,1.146
ALICEUSDT,BUY,LIMIT,1700877926941,35.8,1.147
ALICEUSDT,BUY,LIMIT,1700877927988,113.8,1.147
ALICEUSDT,BUY,LIMIT,1700877959328,26.4,1.150
ALICEUSDT,BUY,LIMIT,1700877961184,53.9,1.151
ALICEUSDT,BUY,LIMIT,1700877966224,2929.8,1.152
ALICEUSDT,BUY,LIMIT,1700877968127,1372.2,1.154
ALICEUSDT,BUY,LIMIT,1700877969272,184.4,1.153
ALICEUSDT,BUY,LIMIT,1700878980215,16.0,1.157
ALICEUSDT,BUY,LIMIT,1700879004654,78.8,1.160
ALICEUSDT,BUY,LIMIT,1700879012702,166.4,1.161
ALICEUSDT,BUY,LIMIT,1700879217544,268.1,1.162
ALICEUSDT,BUY,LIMIT,1700879234051,9.3,1.163
ALICEUSDT,BUY,LIMIT,1700880183088,387.0,1.164
ALICEUSDT,BUY,LIMIT,1700880206715,12.6,1.165
ALICEUSDT,BUY,LIMIT,1700880235251,1350.1,1.165
ALICEUSDT,BUY,LIMIT,1700880703504,36.8,1.168
ALICEUSDT,BUY,LIMIT,1700880871278,138.9,1.171
ALICEUSDT,BUY,LIMIT,1700880908521,64.2,1.173
ALICEUSDT,BUY,LIMIT,1700881098641,145.0,1.174
ALICEUSDT,BUY,LIMIT,1700881100765,98.9,1.175
ALICEUSDT,BUY,LIMIT,1700881109840,432.2,1.176
ALICEUSDT,BUY,LIMIT,1700881174106,9.8,1.179
ALICEUSDT,BUY,LIMIT,1700881175199,538.8,1.180
ALICEUSDT,BUY,LIMIT,1700881176904,4324.2,1.180
ALICEUSDT,BUY,LIMIT,1700881179623,16183.5,1.185
ALICEUSDT,BUY,LIMIT,1700881182164,10.9,1.181
ALICEUSDT,BUY,LIMIT,1700881183846,36.4,1.183
ALICEUSDT,BUY,LIMIT,1700881921046,228.4,1.190
ALICEUSDT,BUY,LIMIT,1700881922189,911.7,1.188
ALICEUSDT,BUY,LIMIT,1700881924840,1598.0,1.194
ALICEUSDT,BUY,LIMIT,1700882887437,858.6,1.197
ALICEUSDT,BUY,LIMIT,1700882904394,1431.2,1.197
ALICEUSDT,BUY,LIMIT,1700882919886,682.1,1.197
ALICEUSDT,BUY,LIMIT,1700883954164,8.4,1.190
ALICEUSDT,BUY,LIMIT,1700890242067,3408.9,1.171
ALICEUSDT,BUY,LIMIT,1700897480028,4.3,1.197
ALICEUSDT,BUY,LIMIT,1700897483718,541.5,1.198
ALICEUSDT,BUY,LIMIT,1700897523229,91.1,1.199
ALICEUSDT,BUY,LIMIT,1700897616448,219.3,1.204
ALICEUSDT,BUY,LIMIT,1700897792420,59.7,1.206
ALICEUSDT,BUY,LIMIT,1700897794350,29.8,1.207
ALICEUSDT,BUY,LIMIT,1700897811369,159.3,1.207
ALICEUSDT,BUY,LIMIT,1700897813441,28.7,1.207
ALICEUSDT,BUY,LIMIT,1700898170444,104.8,1.209
ALICEUSDT,BUY,LIMIT,1700898345069,1253.9,1.210
ALICEUSDT,BUY,LIMIT,1700898364858,432.5,1.213
ALICEUSDT,BUY,LIMIT,1700898409056,1639.3,1.222
ALICEUSDT,BUY,LIMIT,1700898410081,1498.7,1.223
ALICEUSDT,BUY,LIMIT,1700898761261,27.0,1.225
ALICEUSDT,BUY,LIMIT,1700898926218,61.2,1.228
ALICEUSDT,BUY,LIMIT,1700898944894,1715.1,1.228
ALICEUSDT,BUY,LIMIT,1700898948050,6.3,1.230
ALICEUSDT,BUY,LIMIT,1700899017575,583.3,1.233
ALICEUSDT,BUY,LIMIT,1700899325676,688.0,1.234
ALICEUSDT,BUY,LIMIT,1700899357041,30.0,1.237
ALICEUSDT,BUY,LIMIT,1700899358350,21.2,1.240
ALICEUSDT,BUY,LIMIT,1700899366437,1842.1,1.242
ALICEUSDT,SELL,LIMIT,1700901468285,677.9,1.147
ALICEUSDT,SELL,LIMIT,1700907958842,8.3,1.142
ALICEUSDT,SELL,LIMIT,1700908036030,4.9,1.140
ALICEUSDT,SELL,LIMIT,1700908252862,905.0,1.136
ALICEUSDT,SELL,LIMIT,1700908452074,19.3,1.134
ALICEUSDT,SELL,LIMIT,1700909039052,23.8,1.130
ALICEUSDT,SELL,LIMIT,1700912256307,677.4,1.129
ALICEUSDT,SELL,LIMIT,1700912663281,165.7,1.122
ALICEUSDT,BUY,LIMIT,1700919895578,23.5,1.202
ALICEUSDT,BUY,LIMIT,1700922651119,158.2,1.214
ALICEUSDT,BUY,LIMIT,1700927899429,468.3,1.221
ALICEUSDT,BUY,LIMIT,1700928111766,90.3,1.223
ALICEUSDT,SELL,LIMIT,1700928128175,5.2,1.185
ALICEUSDT,BUY,LIMIT,1700931796728,8.4,1.215
