Symbol,Side,Order Type,Time,Quantity,Price
ALICEUSDT,BUY,LIMIT,1701067203658,5.5,1.228
ALICEUSDT,SELL,LIMIT,1701069857198,46.9,1.144
ALICEUSDT,SELL,LIMIT,1701069859626,299.2,1.144
ALICEUSDT,SELL,LIMIT,1701069869114,83.4,1.142
ALICEUSDT,SELL,LIMIT,1701069874987,7.1,1.141
ALICEUSDT,BUY,LIMIT,1701069896237,8.5,1.076
ALICEUSDT,SELL,LIMIT,1701069899640,500.0,1.140
ALICEUSDT,SELL,LIMIT,1701069901802,750.0,1.139
ALICEUSDT,SELL,LIMIT,1701069913098,25.8,1.139
ALICEUSDT,SELL,LIMIT,1701069914124,491.7,1.138
ALICEUSDT,SELL,LIMIT,1701069918485,4.3,1.136
ALICEUSDT,SELL,LIMIT,1701070167354,68.6,1.140
ALICEUSDT,SELL,LIMIT,1701070172016,112.5,1.156
ALICEUSDT,BUY,LIMIT,1701077399082,1.2,1.211
ALICEUSDT,BUY,LIMIT,1701081498132,64.7,1.143
ALICEUSDT,SELL,LIMIT,1701082118277,171.1,1.152
ALICEUSDT,SELL,LIMIT,1701082620218,50.7,1.141
ALICEUSDT,SELL,LIMIT,1701100336079,0.1,1.146
ALICEUSDT,BUY,LIMIT,1701100529751,153.8,1.178
ALICEUSDT,BUY,LIMIT,1701100537019,809.7,1.188
ALICEUSDT,SELL,LIMIT,1701100571216,600.0,1.140
ALICEUSDT,SELL,LIMIT,1701100643685,2275.5,1.138
ALICEUSDT,SELL,LIMIT,1701100782632,20.0,1.138
ALICEUSDT,SELL,LIMIT,1701114163336,72.5,1.148
ALICEUSDT,SELL,LIMIT,1701114214428,175.0,1.148
ALICEUSDT,BUY,LIMIT,1701114234428,135.0,1.188
ALICEUSDT,SELL,LIMIT,1701114265627,107.3,1.144
ALICEUSDT,SELL,LIMIT,1701114368763,7.9,1.143
ALICEUSDT,SELL,LIMIT,1701114469632,257.5,1.141
ALICEUSDT,SELL,LIMIT,1701117093338,390.2,1.135
ALICEUSDT,BUY,LIMIT,1701121738756,151.0,1.189
ALICEUSDT,BUY,LIMIT,1701123182161,23.3,1.184
ALICEUSDT,SELL,LIMIT,1701147801060,20.0,1.133
ALICEUSDT,SELL,LIMIT,1701147802337,8.8,1.133
ALICEUSDT,SELL,LIMIT,1701147850153,184.1,1.132
ALICEUSDT,SELL,LIMIT,1701147859219,167.7,1.132
ALICEUSDT,SELL,LIMIT,1701147860590,96.4,1.131
ALICEUSDT,SELL,LIMIT,1701147881733,137.0,1.130
ALICEUSDT,SELL,LIMIT,1701147891409,5.0,1.129
ALICEUSDT,SELL,LIMIT,1701147986171,24.8,1.128
ALICEUSDT,SELL,LIMIT,1701147996341,70.6,1.127
ALICEUSDT,SELL,LIMIT,1701148008583,254.4,1.127
ALICEUSDT,SELL,LIMIT,1701148044349,23.9,1.127
ALICEUSDT,SELL,LIMIT,1701148052101,84.4,1.126
ALICEUSDT,SELL,LIMIT,1701148231146,3204.0,1.123
ALICEUSDT,SELL,LIMIT,1701148233475,18.9,1.123
ALICEUSDT,SELL,LIMIT,1701148241098,285.0,1.122
ALICEUSDT,SELL,LIMIT,1701148940103,210.5,1.121
ALICEUSDT,SELL,LIMIT,1701148941277,30.5,1.121
ALICEUSDT,SELL,LIMIT,1701149753185,30.9,1.121
ALICEUSDT,SELL,LIMIT,1701149843183,273.6,1.118
ALICEUSDT,SELL,LIMIT,1701149844517,118.6,1.117
ALICEUSDT,SELL,LIMIT,1701149850417,851.0,1.117
ALICEUSDT,SELL,LIMIT,1701149851941,100.0,1.117
ALICEUSDT,SELL,LIMIT,1701149882644,104.2,1.115
ALICEUSDT,SELL,LIMIT,1701149886938,195.1,1.116
ALICEUSDT,SELL,LIMIT,1701149889041,205.7,1.115
ALICEUSDT,BUY,LIMIT,1701153458221,5.6,1.199
ALICEUSDT,BUY,LIMIT,1701153459283,194.7,1.202
ALICEUSDT,BUY,LIMIT,1701153485390,15.8,1.207
ALICEUSDT,BUY,LIMIT,1701160298678,1077.5,1.217
ALICEUSDT,BUY,LIMIT,1701160505455,114.0,1.219
ALICEUSDT,BUY,LIMIT,1701160615837,8.9,1.224
ALICEUSDT,SELL,LIMIT,1701165781825,5.9,1.153
ALICEUSDT,SELL,LIMIT,1701192756295,98.2,1.159
ALICEUSDT,BUY,LIMIT,1701195635733,263.0,1.200
ALICEUSDT,BUY,LIMIT,1701200474717,50.8,1.192
ALICEUSDT,SELL,LIMIT,1701201638946,61.5,1.149
ALICEUSDT,SELL,LIMIT,1701202054063,1235.7,1.142
ALICEUSDT,SELL,LIMIT,1701206779074,54.5,1.131
ALICEUSDT,SELL,LIMIT,1701207173373,631.3,1.129
ALICEUSDT,SELL,LIMIT,1701207689267,262.7,1.127
ALICEUSDT,SELL,LIMIT,1701209593213,23.8,1.121
ALICEUSDT,SELL,LIMIT,1701209718734,11.3,1.120
ALICEUSDT,SELL,LIMIT,1701210957302,79.8,1.120
ALICEUSDT,SELL,LIMIT,1701211864695,25.0,1.119
ALICEUSDT,SELL,LIMIT,1701211939228,133.6,1.117
ALICEUSDT,SELL,LIMIT,1701211987974,170.0,1.116
ALICEUSDT,SELL,LIMIT,1701212002870,353.9,1.115
ALICEUSDT,SELL,LIMIT,1701216431201,83.7,1.114
ALICEUSDT,SELL,LIMIT,1701216432789,16.1,1.113
ALICEUSDT,SELL,LIMIT,1701216437803,104.0,1.113
ALICEUSDT,SELL,LIMIT,1701216924157,379.9,1.111
ALICEUSDT,SELL,LIMIT,1701217003120,113.9,1.110
ALICEUSDT,SELL,LIMIT,1701220809577,50.4,1.108
ALICEUSDT,SELL,LIMIT,1701220834644,535.4,1.107
ALICEUSDT,SELL,LIMIT,1701220902775,647.1,1.106
ALICEUSDT,SELL,LIMIT,1701220939275,725.7,1.103
ALICEUSDT,SELL,LIMIT,1701220981244,4374.5,1.103
ALICEUSDT,SELL,LIMIT,1701221012401,142.5,1.102
ALICEUSDT,SELL,LIMIT,1701221023069,81.8,1.099
ALICEUSDT,SELL,LIMIT,1701221848293,37.5,1.095
ALICEUSDT,SELL,LIMIT,1701221853221,61.3,1.093
ALICEUSDT,SELL,LIMIT,1701221854335,246.3,1.093
ALICEUSDT,SELL,LIMIT,1701222568027,4.2,1.092
ALICEUSDT,SELL,LIMIT,1701222613573,107.1,1.090
ALICEUSDT,SELL,LIMIT,1701222615703,35.4,1.090
ALICEUSDT,SELL,LIMIT,1701222619945,34.4,1.089
ALICEUSDT,SELL,LIMIT,1701225549732,874.1,1.088
ALICEUSDT,SELL,LIMIT,1701225667798,82.3,1.088
ALICEUSDT,SELL,LIMIT,1701225675281,173.5,1.086
ALICEUSDT,SELL,LIMIT,1701225697133,820.0,1.086
ALICEUSDT,SELL,LIMIT,1701225743547,1266.7,1.085
ALICEUSDT,SELL,LIMIT,1701225786019,363.4,1.085
ALICEUSDT,SELL,LIMIT,1701225791473,150.0,1.084
ALICEUSDT,SELL,LIMIT,1701225802390,17.5,1.082
ALICEUSDT,SELL,LIMIT,1701225804452,1000.0,1.081
ALICEUSDT,SELL,LIMIT,1701245098067,691.1,1.107
ALICEUSDT,SELL,LIMIT,1701248346028,24.2,1.111
ALICEUSDT,SELL,LIMIT,1701248659549,26.3,1.111
ALICEUSDT,SELL,LIMIT,1701265511044,3153.3,1.081
ALICEUSDT,SELL,LIMIT,1701265693813,1675.0,1.076
ALICEUSDT,SELL,LIMIT,1701265696366,76.1,1.076
ALICEUSDT,SELL,LIMIT,1701267390552,4.6,1.075
ALICEUSDT,SELL,LIMIT,1701267497159,22.7,1.073
ALICEUSDT,SELL,LIMIT,1701267541422,153.0,1.073
ALICEUSDT,SELL,LIMIT,1701267793987,51.9,1.072
ALICEUSDT,SELL,LIMIT,1701267797972,52.3,1.072
ALICEUSDT,SELL,LIMIT,1701267799762,89.4,1.071
ALICEUSDT,SELL,LIMIT,1701268096581,53.9,1.071
ALICEUSDT,SELL,LIMIT,1701268227220,8.7,1.071
ALICEUSDT,SELL,LIMIT,1701268287312,184.4,1.070
ALICEUSDT,SELL,LIMIT,1701268326130,42.1,1.070
ALICEUSDT,SELL,LIMIT,1701268328559,325.0,1.068
ALICEUSDT,SELL,LIMIT,1701268901437,93.2,1.067
ALICEUSDT,SELL,LIMIT,1701269265046,52.6,1.066
ALICEUSDT,SELL,LIMIT,1701269280394,176.6,1.065
ALICEUSDT,SELL,LIMIT,1701269286251,31.6,1.064
ALICEUSDT,SELL,LIMIT,1701269302255,905.3,1.064
ALICEUSDT,SELL,LIMIT,1701270417423,88.2,1.065
ALICEUSDT,SELL,LIMIT,1701270480361,298.2,1.064
ALICEUSDT,SELL,LIMIT,1701270514442,432.3,1.064
ALICEUSDT,SELL,LIMIT,1701270571364,19.5,1.063
ALICEUSDT,SELL,LIMIT,1701270585080,20.9,1.068
ALICEUSDT,SELL,LIMIT,1701270591551,130.4,1.060
ALICEUSDT,SELL,LIMIT,1701270604826,170.4,1.060
ALICEUSDT,SELL,LIMIT,1701270615146,83.9,1.059
ALICEUSDT,SELL,LIMIT,1701270619657,207.3,1.058
ALICEUSDT,SELL,LIMIT,1701275147887,33.1,1.067
ALICEUSDT,SELL,LIMIT,1701284959289,1263.0,1.078
ALICEUSDT,SELL,LIMIT,1701288287798,0.5,1.081
ALICEUSDT,SELL,LIMIT,1701290151221,6.8,1.080
ALICEUSDT,SELL,LIMIT,1701290336809,79.7,1.077
ALICEUSDT,BUY,LIMIT,1701296761214,61.9,1.133
ALICEUSDT,BUY,LIMIT,1701299476773,181.4,1.133
ALICEUSDT,BUY,LIMIT,1701303760000,37.8,1.132
ALICEUSDT,BUY,LIMIT,1701315414772,18.9,1.139
ALICEUSDT,BUY,LIMIT,1701315497693,14.8,1.149
ALICEUSDT,BUY,LIMIT,1701315540306,38.6,1.149
ALICEUSDT,SELL,LIMIT,1701315606809,596.7,1.104
ALICEUSDT,BUY,LIMIT,1701316285012,1838.1,1.150
ALICEUSDT,BUY,LIMIT,1701317031179,78.0,1.153
ALICEUSDT,BUY,LIMIT,1701317032397,84.0,1.153
ALICEUSDT,BUY,LIMIT,1701320420034,187.5,1.134
ALICEUSDT,BUY,LIMIT,1701320478889,92.5,1.136
ALICEUSDT,BUY,LIMIT,1701321693210,268.3,1.133
ALICEUSDT,SELL,LIMIT,1701330938400,5.3,1.103
ALICEUSDT,BUY,LIMIT,1701342949688,106.6,1.141
ALICEUSDT,SELL,LIMIT,1701349705119,692.8,1.091
ALICEUSDT,SELL,LIMIT,1701355164357,276.6,1.065
ALICEUSDT,SELL,LIMIT,1701355588488,1617.6,1.062
ALICEUSDT,SELL,LIMIT,1701441612035,36.8,1.117
ALICEUSDT,SELL,LIMIT,1701447911841,233.2,1.082
ALICEUSDT,BUY,LIMIT,1701451555854,296.8,1.139
ALICEUSDT,SELL,LIMIT,1701476721160,371.1,1.084
ALICEUSDT,SELL,LIMIT,1701485999106,160.0,1.091
ALICEUSDT,SELL,LIMIT,1701486002311,285.9,1.091
ALICEUSDT,SELL,LIMIT,1701486004105,370.5,1.092
ALICEUSDT,BUY,LIMIT,1701487855988,170.0,1.138
ALICEUSDT,BUY,LIMIT,1701498268268,598.5,1.141
ALICEUSDT,BUY,LIMIT,1701498358218,93.3,1.142
ALICEUSDT,BUY,LIMIT,1701499537935,165.1,1.143
ALICEUSDT,BUY,LIMIT,1701499554364,287.9,1.143
