Symbol,Side,Order Type,Time,Quantity,Price
ALPHAUSDT,SELL,LIMIT,1700991057139,810,0.09707
ALPHAUSDT,BUY,LIMIT,1700991696717,7841,0.10075
ALPHAUSDT,BUY,LIMIT,1700993122129,142,0.10156
ALPHAUSDT,BUY,LIMIT,1700993262754,3554,0.10198
ALPHAUSDT,BUY,LIMIT,1700993266805,26213,0.10205
ALPHAUSDT,BUY,LIMIT,1700993803291,3264,0.10228
ALPHAUSDT,BUY,LIMIT,1700994883553,5009,0.10280
ALPHAUSDT,SELL,LIMIT,1700995837370,478,0.09899
ALPHAUSDT,SELL,LIMIT,1700996258128,624,0.09874
ALPHAUSDT,BUY,LIMIT,1700996515321,1943,0.10209
ALPHAUSDT,BUY,LIMIT,1700997509372,20594,0.10292
ALPHAUSDT,BUY,LIMIT,1700997514574,752,0.10294
ALPHAUSDT,BUY,LIMIT,1700997527657,918,0.10299
ALPHAUSDT,BUY,LIMIT,1700997548250,843,0.10302
ALPHAUSDT,BUY,LIMIT,1700997556770,4684,0.10311
ALPHAUSDT,BUY,LIMIT,1700997601598,8101,0.10325
ALPHAUSDT,BUY,LIMIT,1700997604549,103,0.10335
ALPHAUSDT,BUY,LIMIT,1700997614929,540,0.10344
ALPHAUSDT,BUY,LIMIT,1700997621686,4738,0.10349
ALPHAUSDT,BUY,LIMIT,1700997674505,407,0.10368
ALPHAUSDT,BUY,LIMIT,1700997684392,1092,0.10440
ALPHAUSDT,BUY,LIMIT,1700997687524,342,0.10466
ALPHAUSDT,BUY,LIMIT,1700997694947,19102,0.10501
ALPHAUSDT,SELL,LIMIT,1700997731253,1762,0.10114
ALPHAUSDT,SELL,LIMIT,1700997839162,1436,0.10025
ALPHAUSDT,BUY,LIMIT,1700998283982,6714,0.10378
ALPHAUSDT,SELL,LIMIT,1700998571735,972,0.10079
ALPHAUSDT,BUY,LIMIT,1701000163043,50,0.10476
ALPHAUSDT,BUY,LIMIT,1701000187547,17945,0.10481
ALPHAUSDT,SELL,LIMIT,1701000398001,667,0.10119
ALPHAUSDT,SELL,LIMIT,1701000723694,2067,0.10116
ALPHAUSDT,SELL,LIMIT,1701000847968,6602,0.10079
ALPHAUSDT,SELL,LIMIT,1701000849093,328,0.10062
ALPHAUSDT,SELL,LIMIT,1701000910750,48728,0.10056
ALPHAUSDT,BUY,LIMIT,1701001091227,27073,0.10418
ALPHAUSDT,BUY,LIMIT,1701001097848,6612,0.10432
ALPHAUSDT,BUY,LIMIT,1701001105914,26651,0.10461
ALPHAUSDT,BUY,LIMIT,1701001227229,18405,0.10524
ALPHAUSDT,BUY,LIMIT,1701001229323,36463,0.10539
ALPHAUSDT,SELL,LIMIT,1701001407758,998,0.10179
ALPHAUSDT,BUY,LIMIT,1701001533373,23100,0.10502
ALPHAUSDT,BUY,LIMIT,1701002004298,3278,0.10580
ALPHAUSDT,BUY,LIMIT,1701002005333,1217,0.10600
ALPHAUSDT,BUY,LIMIT,1701002006381,17503,0.10606
ALPHAUSDT,BUY,LIMIT,1701002016792,35224,0.10616
ALPHAUSDT,BUY,LIMIT,1701002067366,463,0.10616
ALPHAUSDT,SELL,LIMIT,1701002108946,8860,0.10253
ALPHAUSDT,BUY,LIMIT,1701002727960,448,0.10592
ALPHAUSDT,SELL,LIMIT,1701002810022,425,0.10251
ALPHAUSDT,SELL,LIMIT,1701003023863,199,0.10221
ALPHAUSDT,SELL,LIMIT,1701003084704,492,0.10215
ALPHAUSDT,SELL,LIMIT,1701003848237,3941,0.10195
ALPHAUSDT,SELL,LIMIT,1701003891430,72,0.10172
ALPHAUSDT,SELL,LIMIT,1701003903376,176,0.10165
ALPHAUSDT,SELL,LIMIT,1701003906596,803,0.10149
ALPHAUSDT,SELL,LIMIT,1701003958385,48,0.10108
ALPHAUSDT,SELL,LIMIT,1701004021841,3706,0.10104
ALPHAUSDT,SELL,LIMIT,1701005024061,17616,0.10076
ALPHAUSDT,SELL,LIMIT,1701005027534,30676,0.10069
ALPHAUSDT,SELL,LIMIT,1701005035117,2435,0.10062
ALPHAUSDT,SELL,LIMIT,1701005037664,6567,0.10039
ALPHAUSDT,SELL,LIMIT,1701005038815,960,0.09989
ALPHAUSDT,SELL,LIMIT,1701005632398,391,0.09983
ALPHAUSDT,SELL,LIMIT,1701007352172,3093,0.10046
ALPHAUSDT,SELL,LIMIT,1701008379346,330,0.10045
ALPHAUSDT,SELL,LIMIT,1701008382690,3982,0.10034
ALPHAUSDT,SELL,LIMIT,1701008440049,4512,0.10033
ALPHAUSDT,SELL,LIMIT,1701009014746,107,0.09983
ALPHAUSDT,SELL,LIMIT,1701009017438,1022,0.09960
ALPHAUSDT,SELL,LIMIT,1701009030335,3824,0.09938
ALPHAUSDT,SELL,LIMIT,1701009032424,3082,0.09917
ALPHAUSDT,SELL,LIMIT,1701009289273,18018,0.09934
ALPHAUSDT,BUY,LIMIT,1701009607359,5331,0.10326
ALPHAUSDT,BUY,LIMIT,1701009623070,520,0.10337
ALPHAUSDT,BUY,LIMIT,1701009625090,50,0.10339
ALPHAUSDT,SELL,LIMIT,1701010811495,3205,0.09893
ALPHAUSDT,SELL,LIMIT,1701010835580,2660,0.09884
ALPHAUSDT,SELL,LIMIT,1701010907294,583,0.09856
ALPHAUSDT,SELL,LIMIT,1701010908390,19450,0.09852
ALPHAUSDT,BUY,LIMIT,1701011087233,1704,0.10266
ALPHAUSDT,SELL,LIMIT,1701011816303,453,0.09891
ALPHAUSDT,BUY,LIMIT,1701012344552,50,0.10284
ALPHAUSDT,BUY,LIMIT,1701013321219,4420,0.10333
ALPHAUSDT,SELL,LIMIT,1701013708207,184,0.09942
ALPHAUSDT,SELL,LIMIT,1701013736058,5800,0.09930
ALPHAUSDT,SELL,LIMIT,1701013818080,74,0.09907
ALPHAUSDT,SELL,LIMIT,1701013965252,1069,0.09855
ALPHAUSDT,SELL,LIMIT,1701014037242,268,0.09838
ALPHAUSDT,SELL,LIMIT,1701014038821,58,0.09817
ALPHAUSDT,BUY,LIMIT,1701014933357,166,0.10116
ALPHAUSDT,SELL,LIMIT,1701015658189,643,0.09840
ALPHAUSDT,SELL,LIMIT,1701015670198,15278,0.09812
ALPHAUSDT,SELL,LIMIT,1701015739057,16453,0.09741
ALPHAUSDT,SELL,LIMIT,1701015740137,1935,0.09731
ALPHAUSDT,SELL,LIMIT,1701015762500,18738,0.09742
ALPHAUSDT,SELL,LIMIT,1701015997115,34492,0.09734
ALPHAUSDT,SELL,LIMIT,1701015999226,10000,0.09720
ALPHAUSDT,SELL,LIMIT,1701016005979,248,0.09713
ALPHAUSDT,SELL,LIMIT,1701016014081,490,0.09715
ALPHAUSDT,SELL,LIMIT,1701016019925,368,0.09707
ALPHAUSDT,SELL,LIMIT,1701016031324,215,0.09702
ALPHAUSDT,SELL,LIMIT,1701016034160,5736,0.09677
ALPHAUSDT,SELL,LIMIT,1701016035153,252,0.09677
ALPHAUSDT,SELL,LIMIT,1701016036407,4805,0.09663
ALPHAUSDT,SELL,LIMIT,1701016042461,4082,0.09673
ALPHAUSDT,SELL,LIMIT,1701016044578,3389,0.09673
ALPHAUSDT,SELL,LIMIT,1701016045458,1926,0.09659
ALPHAUSDT,SELL,LIMIT,1701016046388,41625,0.09659
ALPHAUSDT,BUY,LIMIT,1701016047252,1098,0.09939
ALPHAUSDT,SELL,LIMIT,1701016048054,100,0.09654
ALPHAUSDT,SELL,LIMIT,1701016049175,3772,0.09634
ALPHAUSDT,SELL,LIMIT,1701016050246,1085,0.09591
ALPHAUSDT,SELL,LIMIT,1701016051035,2085,0.09596
ALPHAUSDT,SELL,LIMIT,1701016100062,540,0.09636
ALPHAUSDT,BUY,LIMIT,1701016160153,317,0.10021
ALPHAUSDT,SELL,LIMIT,1701017459450,211,0.09704
ALPHAUSDT,SELL,LIMIT,1701018024319,11009,0.09748
ALPHAUSDT,BUY,LIMIT,1701018485662,400,0.10144
ALPHAUSDT,BUY,LIMIT,1701019339932,5050,0.10143
ALPHAUSDT,SELL,LIMIT,1701020177563,26236,0.09881
ALPHAUSDT,SELL,LIMIT,1701022965042,26350,0.09816
ALPHAUSDT,SELL,LIMIT,1701022968870,170,0.09811
ALPHAUSDT,SELL,LIMIT,1701023274418,2165,0.09774
ALPHAUSDT,SELL,LIMIT,1701023378210,22268,0.09765
ALPHAUSDT,BUY,LIMIT,1701023984851,73,0.10100
ALPHAUSDT,SELL,LIMIT,1701029206298,7069,0.09833
ALPHAUSDT,BUY,LIMIT,1701030025605,48159,0.10225
ALPHAUSDT,BUY,LIMIT,1701030059455,754,0.10235
ALPHAUSDT,SELL,LIMIT,1701030949128,4962,0.09880
ALPHAUSDT,BUY,LIMIT,1701031590373,61,0.10219
ALPHAUSDT,BUY,LIMIT,1701031763208,122,0.10257
ALPHAUSDT,BUY,LIMIT,1701033005820,3940,0.10308
ALPHAUSDT,BUY,LIMIT,1701036417087,260,0.10287
ALPHAUSDT,BUY,LIMIT,1701037355905,5928,0.10366
ALPHAUSDT,SELL,LIMIT,1701038310089,17140,0.10006
ALPHAUSDT,SELL,LIMIT,1701039824143,331,0.09997
ALPHAUSDT,SELL,LIMIT,1701040048064,921,0.09952
ALPHAUSDT,SELL,LIMIT,1701040054932,165,0.09944
ALPHAUSDT,BUY,LIMIT,1701040241467,3340,0.10285
ALPHAUSDT,SELL,LIMIT,1701042370960,1331,0.09905
ALPHAUSDT,SELL,LIMIT,1701043522321,39405,0.09891
ALPHAUSDT,SELL,LIMIT,1701043544247,753,0.09883
ALPHAUSDT,SELL,LIMIT,1701043594409,1290,0.09867
ALPHAUSDT,SELL,LIMIT,1701043599202,652,0.09866
ALPHAUSDT,SELL,LIMIT,1701043613804,34878,0.09861
ALPHAUSDT,SELL,LIMIT,1701043677333,24826,0.09859
ALPHAUSDT,BUY,LIMIT,1701046553285,1994,0.10216
ALPHAUSDT,BUY,LIMIT,1701046567296,19842,0.10171
ALPHAUSDT,SELL,LIMIT,1701046669409,820,0.09905
ALPHAUSDT,BUY,LIMIT,1701046868074,2801,0.10200
ALPHAUSDT,SELL,LIMIT,1701048044259,1588,0.09887
ALPHAUSDT,SELL,LIMIT,1701048241095,4568,0.09843
ALPHAUSDT,SELL,LIMIT,1701048870904,52299,0.09824
ALPHAUSDT,SELL,LIMIT,1701048942760,9838,0.09828
ALPHAUSDT,SELL,LIMIT,1701048971567,9390,0.09824
ALPHAUSDT,SELL,LIMIT,1701049023178,350,0.09816
ALPHAUSDT,SELL,LIMIT,1701049053760,235,0.09817
ALPHAUSDT,SELL,LIMIT,1701049318230,49475,0.09786
ALPHAUSDT,SELL,LIMIT,1701052280094,500,0.09818
ALPHAUSDT,SELL,LIMIT,1701052720692,9859,0.09769
ALPHAUSDT,SELL,LIMIT,1701056053415,2518,0.09708
ALPHAUSDT,SELL,LIMIT,1701056136646,68,0.09684
ALPHAUSDT,SELL,LIMIT,1701056140318,72,0.09682
ALPHAUSDT,SELL,LIMIT,1701056144111,927,0.09659
ALPHAUSDT,SELL,LIMIT,1701056176212,8241,0.09662
ALPHAUSDT,BUY,LIMIT,1701058103200,2606,0.10110
ALPHAUSDT,SELL,LIMIT,1701062562538,2107,0.09731
