Symbol,Side,Order Type,Time,Quantity,Price
ALPHAUSDT,BUY,LIMIT,1701923853865,1231,0.10050
ALPHAUSDT,BUY,LIMIT,1701931165220,258,0.10272
ALPHAUSDT,BUY,LIMIT,1701931270019,351,0.10340
ALPHAUSDT,BUY,LIMIT,1701931336373,1742,0.10461
ALPHAUSDT,BUY,LIMIT,1701931362094,9950,0.10560
ALPHAUSDT,SELL,LIMIT,1701931509994,9906,0.10208
ALPHAUSDT,SELL,LIMIT,1701932431225,3362,0.10248
ALPHAUSDT,SELL,LIMIT,1701932863310,197,0.10187
ALPHAUSDT,SELL,LIMIT,1701933855597,3841,0.10132
ALPHAUSDT,SELL,LIMIT,1701936127909,4368,0.10101
ALPHAUSDT,SELL,LIMIT,1701936626710,1109,0.10075
ALPHAUSDT,BUY,LIMIT,1701937496531,532,0.10516
ALPHAUSDT,SELL,LIMIT,1701937754364,6699,0.10128
ALPHAUSDT,SELL,LIMIT,1701939164244,1401,0.10088
ALPHAUSDT,SELL,LIMIT,1701939375447,3243,0.10044
ALPHAUSDT,SELL,LIMIT,1701939517153,2368,0.10011
ALPHAUSDT,SELL,LIMIT,1701939519050,1958,0.10004
ALPHAUSDT,SELL,LIMIT,1701940055488,604,0.09961
ALPHAUSDT,SELL,LIMIT,1701940063162,2179,0.09960
ALPHAUSDT,SELL,LIMIT,1701940556815,3526,0.09961
ALPHAUSDT,SELL,LIMIT,1701940564235,7200,0.09949
ALPHAUSDT,SELL,LIMIT,1701940569338,958,0.09928
ALPHAUSDT,SELL,LIMIT,1701941030147,936,0.09904
ALPHAUSDT,SELL,LIMIT,1701941051842,679,0.09896
ALPHAUSDT,SELL,LIMIT,1701941178938,19305,0.09845
ALPHAUSDT,SELL,LIMIT,1701941180037,3686,0.09815
ALPHAUSDT,SELL,LIMIT,1701941186476,2011,0.09823
ALPHAUSDT,SELL,LIMIT,1701941187671,9554,0.09812
ALPHAUSDT,SELL,LIMIT,1701941189782,7801,0.09801
ALPHAUSDT,SELL,LIMIT,1701941236819,49691,0.09856
ALPHAUSDT,SELL,LIMIT,1701941246184,1002,0.09808
ALPHAUSDT,SELL,LIMIT,1701947194989,21587,0.10023
ALPHAUSDT,SELL,LIMIT,1701948740106,680,0.09995
ALPHAUSDT,BUY,LIMIT,1701951298027,8196,0.10325
ALPHAUSDT,SELL,LIMIT,1701953000420,21553,0.10147
ALPHAUSDT,SELL,LIMIT,1701961222684,2284,0.10184
ALPHAUSDT,SELL,LIMIT,1701963798849,1500,0.10183
ALPHAUSDT,SELL,LIMIT,1701963801179,2762,0.10181
ALPHAUSDT,BUY,LIMIT,1701968280289,6855,0.10545
ALPHAUSDT,BUY,LIMIT,1701968358375,3815,0.10623
ALPHAUSDT,SELL,LIMIT,1701970793290,5583,0.10228
ALPHAUSDT,SELL,LIMIT,1701970921263,4358,0.10219
ALPHAUSDT,SELL,LIMIT,1701970986586,1280,0.10208
ALPHAUSDT,SELL,LIMIT,1701970997303,353,0.10183
ALPHAUSDT,BUY,LIMIT,1701971589557,565,0.10507
ALPHAUSDT,SELL,LIMIT,1701974024311,1362,0.10152
ALPHAUSDT,SELL,LIMIT,1701977305748,604,0.10027
ALPHAUSDT,BUY,LIMIT,1701984745289,493,0.10497
ALPHAUSDT,SELL,LIMIT,1701988452885,8441,0.10097
ALPHAUSDT,BUY,LIMIT,1701995360378,901,0.10540
ALPHAUSDT,SELL,LIMIT,1701996150112,3860,0.10174
ALPHAUSDT,SELL,LIMIT,1701997775424,23657,0.10080
ALPHAUSDT,BUY,LIMIT,1702006869287,500,0.10561
ALPHAUSDT,BUY,LIMIT,1702016693398,1030,0.10666
ALPHAUSDT,SELL,LIMIT,1702020503609,48,0.10207
ALPHAUSDT,SELL,LIMIT,1702020518477,4256,0.10196
ALPHAUSDT,SELL,LIMIT,1702020579469,23798,0.10157
ALPHAUSDT,BUY,LIMIT,1702034903260,13173,0.10651
ALPHAUSDT,SELL,LIMIT,1702037074754,49,0.10296
ALPHAUSDT,SELL,LIMIT,1702037164718,48440,0.10285
ALPHAUSDT,SELL,LIMIT,1702038044676,40,0.10317
ALPHAUSDT,BUY,LIMIT,1702040135671,670,0.10741
ALPHAUSDT,BUY,LIMIT,1702041850547,1619,0.10842
ALPHAUSDT,BUY,LIMIT,1702041900999,3986,0.10880
ALPHAUSDT,SELL,LIMIT,1702044323184,31901,0.10339
ALPHAUSDT,BUY,LIMIT,1702050466184,6009,0.10712
ALPHAUSDT,BUY,LIMIT,1702051568472,65,0.10729
ALPHAUSDT,BUY,LIMIT,1702052601243,780,0.10744
ALPHAUSDT,BUY,LIMIT,1702053445379,661,0.10738
ALPHAUSDT,SELL,LIMIT,1702055269190,4235,0.10453
ALPHAUSDT,BUY,LIMIT,1702055859124,85,0.10997
ALPHAUSDT,BUY,LIMIT,1702055873101,5095,0.11014
ALPHAUSDT,BUY,LIMIT,1702056035835,11544,0.11054
ALPHAUSDT,BUY,LIMIT,1702056045512,1500,0.11058
ALPHAUSDT,SELL,LIMIT,1702056198541,1734,0.10681
ALPHAUSDT,BUY,LIMIT,1702056241438,827,0.11076
ALPHAUSDT,BUY,LIMIT,1702056244876,4546,0.11085
ALPHAUSDT,BUY,LIMIT,1702056448570,185508,0.11173
ALPHAUSDT,BUY,LIMIT,1702056449606,41,0.11104
ALPHAUSDT,BUY,LIMIT,1702056450857,150,0.11166
ALPHAUSDT,SELL,LIMIT,1702056493076,43586,0.10791
ALPHAUSDT,BUY,LIMIT,1702057389092,24991,0.11209
ALPHAUSDT,BUY,LIMIT,1702057417252,569,0.11228
ALPHAUSDT,SELL,LIMIT,1702057742504,10174,0.10815
ALPHAUSDT,SELL,LIMIT,1702057808051,907,0.10786
ALPHAUSDT,SELL,LIMIT,1702058382178,132,0.10748
ALPHAUSDT,SELL,LIMIT,1702058487279,1545,0.10679
ALPHAUSDT,BUY,LIMIT,1702059531380,1106,0.11048
ALPHAUSDT,BUY,LIMIT,1702060267514,7339,0.11063
ALPHAUSDT,SELL,LIMIT,1702063796109,14034,0.10643
ALPHAUSDT,BUY,LIMIT,1702063938641,9792,0.11021
ALPHAUSDT,SELL,LIMIT,1702065365988,37448,0.10735
ALPHAUSDT,BUY,LIMIT,1702066102323,581,0.11062
ALPHAUSDT,BUY,LIMIT,1702068983722,765,0.11076
ALPHAUSDT,BUY,LIMIT,1702069078918,462,0.11103
ALPHAUSDT,SELL,LIMIT,1702074958709,401,0.10689
ALPHAUSDT,BUY,LIMIT,1702078502987,57,0.11084
ALPHAUSDT,SELL,LIMIT,1702083825629,6196,0.10806
ALPHAUSDT,SELL,LIMIT,1702084027321,1828,0.10761
ALPHAUSDT,BUY,LIMIT,1702091956703,73,0.11035
ALPHAUSDT,BUY,LIMIT,1702104834274,946,0.11201
ALPHAUSDT,BUY,LIMIT,1702107216595,698,0.11267
ALPHAUSDT,BUY,LIMIT,1702107296715,588,0.11329
ALPHAUSDT,SELL,LIMIT,1702107397981,10100,0.10945
ALPHAUSDT,BUY,LIMIT,1702107991122,206,0.11296
ALPHAUSDT,BUY,LIMIT,1702108063949,1044,0.11361
ALPHAUSDT,BUY,LIMIT,1702108083525,21655,0.11388
ALPHAUSDT,BUY,LIMIT,1702108087691,648,0.11400
ALPHAUSDT,SELL,LIMIT,1702108307988,5410,0.11011
ALPHAUSDT,BUY,LIMIT,1702109244834,1426,0.11361
ALPHAUSDT,BUY,LIMIT,1702109514107,1887,0.11365
ALPHAUSDT,SELL,LIMIT,1702110430343,897,0.10931
ALPHAUSDT,SELL,LIMIT,1702110863263,2278,0.10887
ALPHAUSDT,SELL,LIMIT,1702110864774,21510,0.10882
ALPHAUSDT,SELL,LIMIT,1702110868854,490,0.10871
ALPHAUSDT,SELL,LIMIT,1702110975116,12238,0.10767
ALPHAUSDT,SELL,LIMIT,1702110977804,5762,0.10767
ALPHAUSDT,SELL,LIMIT,1702110992754,458,0.10736
ALPHAUSDT,SELL,LIMIT,1702111037600,11213,0.10709
ALPHAUSDT,SELL,LIMIT,1702111044783,4352,0.10670
ALPHAUSDT,SELL,LIMIT,1702111201597,3392,0.10694
ALPHAUSDT,SELL,LIMIT,1702111373187,30279,0.10656
ALPHAUSDT,SELL,LIMIT,1702111374514,545,0.10652
ALPHAUSDT,SELL,LIMIT,1702111377216,1136,0.10624
ALPHAUSDT,SELL,LIMIT,1702111378470,829,0.10607
ALPHAUSDT,SELL,LIMIT,1702111380332,2744,0.10561
ALPHAUSDT,SELL,LIMIT,1702111381531,844,0.10559
ALPHAUSDT,SELL,LIMIT,1702111386904,8192,0.10577
ALPHAUSDT,BUY,LIMIT,1702111398833,9999,0.10947
ALPHAUSDT,SELL,LIMIT,1702112887194,489,0.10783
ALPHAUSDT,SELL,LIMIT,1702114841446,3276,0.10821
ALPHAUSDT,SELL,LIMIT,1702132602359,28618,0.10742
ALPHAUSDT,SELL,LIMIT,1702133005955,93,0.10593
ALPHAUSDT,SELL,LIMIT,1702133007037,480,0.10593
ALPHAUSDT,SELL,LIMIT,1702133008800,1916,0.10571
