Symbol,Side,Order Type,Time,Quantity,Price
ALPHAUSDT,BUY,LIMIT,1701923853865,1231,0.10050
ALPHAUSDT,BUY,LIMIT,1701931165220,258,0.10272
ALPHAUSDT,BUY,LIMIT,1701931270019,351,0.10340
ALPHAUSDT,BUY,LIMIT,1701931336373,1742,0.10461
ALPHAUSDT,BUY,LIMIT,1701931362094,9950,0.10560
ALPHAUSDT,SELL,LIMIT,1701931509994,9906,0.10208
ALPHAUSDT,SELL,LIMIT,1701932431225,3362,0.10248
ALPHAUSDT,SELL,LIMIT,1701932863310,197,0.10187
ALPHAUSDT,SELL,LIMIT,1701933855597,3841,0.10132
ALPHAUSDT,SELL,LIMIT,1701936127909,4368,0.10101
ALPHAUSDT,SELL,LIMIT,1701936626710,1109,0.10075
ALPHAUSDT,BUY,LIMIT,1701937496531,532,0.10516
ALPHAUSDT,SELL,LIMIT,1701937754364,6699,0.10128
ALPHAUSDT,SELL,LIMIT,1701939164244,1401,0.10088
ALPHAUSDT,SELL,LIMIT,1701939375447,3243,0.10044
ALPHAUSDT,SELL,LIMIT,1701939517153,2368,0.10011
ALPHAUSDT,SELL,LIMIT,1701939519050,1958,0.10004
ALPHAUSDT,SELL,LIMIT,1701940055488,604,0.09961
ALPHAUSDT,SELL,LIMIT,1701940063162,2179,0.09960
ALPHAUSDT,SELL,LIMIT,1701940556815,3526,0.09961
ALPHAUSDT,SELL,LIMIT,1701940564235,7200,0.09949
ALPHAUSDT,SELL,LIMIT,1701940569338,958,0.09928
ALPHAUSDT,SELL,LIMIT,1701941030147,936,0.09904
ALPHAUSDT,SELL,LIMIT,1701941051842,679,0.09896
ALPHAUSDT,SELL,LIMIT,1701941178938,19305,0.09845
ALPHAUSDT,SELL,LIMIT,1701941180037,3686,0.09815
ALPHAUSDT,SELL,LIMIT,1701941186476,2011,0.09823
ALPHAUSDT,SELL,LIMIT,1701941187671,9554,0.09812
ALPHAUSDT,SELL,LIMIT,1701941189782,7801,0.09801
ALPHAUSDT,SELL,LIMIT,1701941236819,49691,0.09856
ALPHAUSDT,SELL,LIMIT,1701941246184,1002,0.09808
ALPHAUSDT,SELL,LIMIT,1701947194989,21587,0.10023
ALPHAUSDT,SELL,LIMIT,1701948740106,680,0.09995
ALPHAUSDT,BUY,LIMIT,1701951298027,8196,0.10325
ALPHAUSDT,SELL,LIMIT,1701953000420,21553,0.10147
ALPHAUSDT,SELL,LIMIT,1701961222684,2284,0.10184
ALPHAUSDT,SELL,LIMIT,1701963798849,1500,0.10183
ALPHAUSDT,SELL,LIMIT,1701963801179,2762,0.10181
ALPHAUSDT,BUY,LIMIT,1701968280289,6855,0.10545
ALPHAUSDT,BUY,LIMIT,1701968358375,3815,0.10623
ALPHAUSDT,SELL,LIMIT,1701970793290,5583,0.10228
ALPHAUSDT,SELL,LIMIT,1701970921263,4358,0.10219
ALPHAUSDT,SELL,LIMIT,1701970986586,1280,0.10208
ALPHAUSDT,SELL,LIMIT,1701970997303,353,0.10183
ALPHAUSDT,BUY,LIMIT,1701971589557,565,0.10507
ALPHAUSDT,SELL,LIMIT,1701974024311,1362,0.10152
ALPHAUSDT,SELL,LIMIT,1701977305748,604,0.10027
ALPHAUSDT,BUY,LIMIT,1701984745289,493,0.10497
ALPHAUSDT,SELL,LIMIT,1701988452885,8441,0.10097
ALPHAUSDT,BUY,LIMIT,1701995360378,901,0.10540
ALPHAUSDT,SELL,LIMIT,1701996150112,3860,0.10174
ALPHAUSDT,SELL,LIMIT,1701997775424,23657,0.10080
ALPHAUSDT,BUY,LIMIT,1702006869287,500,0.10561
ALPHAUSDT,BUY,LIMIT,1702016693398,1030,0.10666
ALPHAUSDT,SELL,LIMIT,1702020503609,48,0.10207
ALPHAUSDT,SELL,LIMIT,1702020518477,4256,0.10196
ALPHAUSDT,SELL,LIMIT,1702020579469,23798,0.10157
ALPHAUSDT,BUY,LIMIT,1702034903260,13173,0.10651
ALPHAUSDT,SELL,LIMIT,1702037074754,49,0.10296
ALPHAUSDT,SELL,LIMIT,1702037164718,48440,0.10285
ALPHAUSDT,SELL,LIMIT,1702038044676,40,0.10317
ALPHAUSDT,BUY,LIMIT,1702040135671,670,0.10741
ALPHAUSDT,BUY,LIMIT,1702041850547,1619,0.10842
ALPHAUSDT,BUY,LIMIT,1702041900999,3986,0.10880
ALPHAUSDT,SELL,LIMIT,1702044323184,31901,0.10339
ALPHAUSDT,BUY,LIMIT,1702050466184,6009,0.10712
ALPHAUSDT,BUY,LIMIT,1702051568472,65,0.10729
ALPHAUSDT,BUY,LIMIT,1702052601243,780,0.10744
ALPHAUSDT,BUY,LIMIT,1702053445379,661,0.10738
ALPHAUSDT,SELL,LIMIT,1702055269190,4235,0.10453
ALPHAUSDT,BUY,LIMIT,1702055859124,85,0.10997
ALPHAUSDT,BUY,LIMIT,1702055873101,5095,0.11014
ALPHAUSDT,BUY,LIMIT,1702056035835,11544,0.11054
ALPHAUSDT,BUY,LIMIT,1702056045512,1500,0.11058
ALPHAUSDT,SELL,LIMIT,1702056198541,1734,0.10681
ALPHAUSDT,BUY,LIMIT,1702056241438,827,0.11076
ALPHAUSDT,BUY,LIMIT,1702056244876,4546,0.11085
ALPHAUSDT,BUY,LIMIT,1702056448570,185508,0.11173
ALPHAUSDT,BUY,LIMIT,1702056449606,41,0.11104
ALPHAUSDT,BUY,LIMIT,1702056450857,150,0.11166
ALPHAUSDT,SELL,LIMIT,1702056493076,43586,0.10791
ALPHAUSDT,BUY,LIMIT,1702057389092,24991,0.11209
ALPHAUSDT,BUY,LIMIT,1702057417252,569,0.11228
ALPHAUSDT,SELL,LIMIT,1702057742504,10174,0.10815
ALPHAUSDT,SELL,LIMIT,1702057808051,907,0.10786
ALPHAUSDT,SELL,LIMIT,1702058382178,132,0.10748
ALPHAUSDT,SELL,LIMIT,1702058487279,1545,0.10679
ALPHAUSDT,BUY,LIMIT,1702059531380,1106,0.11048
ALPHAUSDT,BUY,LIMIT,1702060267514,7339,0.11063
ALPHAUSDT,SELL,LIMIT,1702063796109,14034,0.10643
ALPHAUSDT,BUY,LIMIT,1702063938641,9792,0.11021
ALPHAUSDT,SELL,LIMIT,1702065365988,37448,0.10735
ALPHAUSDT,BUY,LIMIT,1702066102323,581,0.11062
ALPHAUSDT,BUY,LIMIT,1702068983722,765,0.11076
ALPHAUSDT,BUY,LIMIT,1702069078918,462,0.11103
ALPHAUSDT,SELL,LIMIT,1702074958709,401,0.10689
ALPHAUSDT,BUY,LIMIT,1702078502987,57,0.11084
ALPHAUSDT,SELL,LIMIT,1702083825629,6196,0.10806
ALPHAUSDT,SELL,LIMIT,1702084027321,1828,0.10761
ALPHAUSDT,BUY,LIMIT,1702091956703,73,0.11035
ALPHAUSDT,BUY,LIMIT,1702104834274,946,0.11201
ALPHAUSDT,BUY,LIMIT,1702107216595,698,0.11267
ALPHAUSDT,BUY,LIMIT,1702107296715,588,0.11329
ALPHAUSDT,SELL,LIMIT,1702107397981,10100,0.10945
ALPHAUSDT,BUY,LIMIT,1702107991122,206,0.11296
ALPHAUSDT,BUY,LIMIT,1702108063949,1044,0.11361
ALPHAUSDT,BUY,LIMIT,1702108083525,21655,0.11388
ALPHAUSDT,BUY,LIMIT,1702108087691,648,0.11400
ALPHAUSDT,SELL,LIMIT,1702108307988,5410,0.11011
ALPHAUSDT,BUY,LIMIT,1702109244834,1426,0.11361
ALPHAUSDT,BUY,LIMIT,1702109514107,1887,0.11365
ALPHAUSDT,SELL,LIMIT,1702110430343,897,0.10931
ALPHAUSDT,SELL,LIMIT,1702110863263,2278,0.10887
ALPHAUSDT,SELL,LIMIT,1702110864774,21510,0.10882
ALPHAUSDT,SELL,LIMIT,1702110868854,490,0.10871
ALPHAUSDT,SELL,LIMIT,1702110975116,12238,0.10767
ALPHAUSDT,SELL,LIMIT,1702110977804,5762,0.10767
ALPHAUSDT,SELL,LIMIT,1702110992754,458,0.10736
ALPHAUSDT,SELL,LIMIT,1702111037600,11213,0.10709
ALPHAUSDT,SELL,LIMIT,1702111044783,4352,0.10670
ALPHAUSDT,SELL,LIMIT,1702111201597,3392,0.10694
ALPHAUSDT,SELL,LIMIT,1702111373187,30279,0.10656
ALPHAUSDT,SELL,LIMIT,1702111374514,545,0.10652
ALPHAUSDT,SELL,LIMIT,1702111377216,1136,0.10624
ALPHAUSDT,SELL,LIMIT,1702111378470,829,0.10607
ALPHAUSDT,SELL,LIMIT,1702111380332,2744,0.10561
ALPHAUSDT,SELL,LIMIT,1702111381531,844,0.10559
ALPHAUSDT,SELL,LIMIT,1702111386904,8192,0.10577
ALPHAUSDT,BUY,LIMIT,1702111398833,9999,0.10947
ALPHAUSDT,SELL,LIMIT,1702112887194,489,0.10783
ALPHAUSDT,SELL,LIMIT,1702114841446,3276,0.10821
ALPHAUSDT,SELL,LIMIT,1702132602359,28618,0.10742
ALPHAUSDT,SELL,LIMIT,1702133005955,93,0.10593
ALPHAUSDT,SELL,LIMIT,1702133007037,480,0.10593
ALPHAUSDT,SELL,LIMIT,1702133008800,1916,0.10571
ALPHAUSDT,SELL,LIMIT,1702135262187,37865,0.10567
ALPHAUSDT,SELL,LIMIT,1702135665561,4187,0.10553
ALPHAUSDT,SELL,LIMIT,1702135686222,649,0.10535
ALPHAUSDT,SELL,LIMIT,1702139118699,406,0.10621
ALPHAUSDT,SELL,LIMIT,1702139122904,923,0.10608
ALPHAUSDT,SELL,LIMIT,1702141590497,37348,0.10544
ALPHAUSDT,SELL,LIMIT,1702141638484,416,0.10534
ALPHAUSDT,SELL,LIMIT,1702141685559,2283,0.10529
ALPHAUSDT,SELL,LIMIT,1702141693269,4569,0.10514
ALPHAUSDT,SELL,LIMIT,1702141696913,34569,0.10502
ALPHAUSDT,SELL,LIMIT,1702141700591,593,0.10485
ALPHAUSDT,SELL,LIMIT,1702145028219,969,0.10520
ALPHAUSDT,SELL,LIMIT,1702164537560,100,0.10508
ALPHAUSDT,SELL,LIMIT,1702164548792,13657,0.10488
ALPHAUSDT,SELL,LIMIT,1702164550070,3848,0.10485
ALPHAUSDT,SELL,LIMIT,1702164746593,2498,0.10465
ALPHAUSDT,SELL,LIMIT,1702164753097,3186,0.10451
ALPHAUSDT,SELL,LIMIT,1702164756450,319,0.10434
ALPHAUSDT,SELL,LIMIT,1702164775306,458,0.10426
ALPHAUSDT,SELL,LIMIT,1702164800922,47,0.10425
ALPHAUSDT,SELL,LIMIT,1702164802174,43083,0.10423
ALPHAUSDT,SELL,LIMIT,1702164803600,2750,0.10417
ALPHAUSDT,SELL,LIMIT,1702164805274,9677,0.10401
ALPHAUSDT,SELL,LIMIT,1702164806552,445,0.10413
ALPHAUSDT,SELL,LIMIT,1702164808242,46,0.10379
ALPHAUSDT,SELL,LIMIT,1702164809426,275,0.10376
ALPHAUSDT,SELL,LIMIT,1702164811487,1185,0.10375
ALPHAUSDT,SELL,LIMIT,1702164867151,788,0.10401
ALPHAUSDT,SELL,LIMIT,1702164869310,4201,0.10401
ALPHAUSDT,BUY,LIMIT,1702167718239,3039,0.10899
ALPHAUSDT,SELL,LIMIT,1702181447961,6384,0.10743
ALPHAUSDT,SELL,LIMIT,1702184895173,45691,0.10734
ALPHAUSDT,SELL,LIMIT,1702192891355,724,0.10667
ALPHAUSDT,BUY,LIMIT,1702194245414,672,0.11021
ALPHAUSDT,SELL,LIMIT,1702200450224,1290,0.10581
ALPHAUSDT,SELL,LIMIT,1702200546579,7226,0.10562
ALPHAUSDT,SELL,LIMIT,1702200729189,2408,0.10537
ALPHAUSDT,SELL,LIMIT,1702200931634,500,0.10504
ALPHAUSDT,SELL,LIMIT,1702200937480,21782,0.10504
ALPHAUSDT,SELL,LIMIT,1702201479379,175,0.10514
ALPHAUSDT,SELL,LIMIT,1702202257622,531,0.10491
ALPHAUSDT,SELL,LIMIT,1702202267739,457,0.10484
ALPHAUSDT,SELL,LIMIT,1702202290269,551,0.10471
ALPHAUSDT,SELL,LIMIT,1702202301007,144,0.10445
ALPHAUSDT,SELL,LIMIT,1702202375657,2694,0.10408
ALPHAUSDT,SELL,LIMIT,1702202379598,2476,0.10412
ALPHAUSDT,BUY,LIMIT,1702211082819,8460,0.10951
ALPHAUSDT,BUY,LIMIT,1702224123821,470,0.11109
ALPHAUSDT,SELL,LIMIT,1702225470352,976,0.10715
ALPHAUSDT,SELL,LIMIT,1702230141992,11336,0.10646
ALPHAUSDT,SELL,LIMIT,1702234425223,15553,0.10797
ALPHAUSDT,SELL,LIMIT,1702235721054,884,0.10770
ALPHAUSDT,SELL,LIMIT,1702235842161,146,0.10761
ALPHAUSDT,BUY,LIMIT,1702240957830,18587,0.11160
ALPHAUSDT,SELL,LIMIT,1702245717890,774,0.10705
ALPHAUSDT,SELL,LIMIT,1702252573152,45337,0.10797
ALPHAUSDT,SELL,LIMIT,1702256509308,14245,0.10632
ALPHAUSDT,SELL,LIMIT,1702256576898,1206,0.10629
ALPHAUSDT,SELL,LIMIT,1702256579395,2631,0.10616
ALPHAUSDT,SELL,LIMIT,1702256580487,3817,0.10616
ALPHAUSDT,SELL,LIMIT,1702256606753,2500,0.10614
ALPHAUSDT,SELL,LIMIT,1702256610138,9631,0.10595
ALPHAUSDT,SELL,LIMIT,1702256620301,907,0.10591
ALPHAUSDT,SELL,LIMIT,1702256621471,15192,0.10592
ALPHAUSDT,SELL,LIMIT,1702256883157,6715,0.10572
ALPHAUSDT,SELL,LIMIT,1702256909377,12040,0.10555
ALPHAUSDT,SELL,LIMIT,1702256916340,22977,0.10524
ALPHAUSDT,SELL,LIMIT,1702256930057,2730,0.10519
ALPHAUSDT,SELL,LIMIT,1702257009370,894,0.10497
ALPHAUSDT,SELL,LIMIT,1702260290890,11639,0.10625
ALPHAUSDT,SELL,LIMIT,1702260624236,1387,0.10493
ALPHAUSDT,SELL,LIMIT,1702260632817,10893,0.10466
ALPHAUSDT,SELL,LIMIT,1702260633903,7269,0.10443
ALPHAUSDT,SELL,LIMIT,1702260635679,12120,0.10415
ALPHAUSDT,SELL,LIMIT,1702260637549,670,0.10401
ALPHAUSDT,SELL,LIMIT,1702260695737,2796,0.10419
ALPHAUSDT,SELL,LIMIT,1702260696923,1824,0.10419
ALPHAUSDT,SELL,LIMIT,1702260701294,233,0.10390
ALPHAUSDT,SELL,LIMIT,1702260705655,1198,0.10377
ALPHAUSDT,SELL,LIMIT,1702260706953,7457,0.10375
ALPHAUSDT,SELL,LIMIT,1702260708172,460,0.10376
ALPHAUSDT,SELL,LIMIT,1702260709230,467,0.10370
ALPHAUSDT,SELL,LIMIT,1702260710288,54,0.10370
ALPHAUSDT,BUY,LIMIT,1702260711572,236,0.10673
ALPHAUSDT,SELL,LIMIT,1702260713650,727,0.10366
ALPHAUSDT,SELL,LIMIT,1702260716805,69,0.10340
ALPHAUSDT,SELL,LIMIT,1702260717816,282,0.10347
ALPHAUSDT,SELL,LIMIT,1702260718882,5827,0.10318
ALPHAUSDT,SELL,LIMIT,1702260719888,446,0.10304
ALPHAUSDT,BUY,LIMIT,1702260722333,143,0.10508
ALPHAUSDT,SELL,LIMIT,1702260723749,26041,0.10186
ALPHAUSDT,SELL,LIMIT,1702260724933,3613,0.10175
ALPHAUSDT,SELL,LIMIT,1702260726841,4608,0.10205
ALPHAUSDT,SELL,LIMIT,1702260727903,5334,0.10196
ALPHAUSDT,SELL,LIMIT,1702260735827,361,0.10159
ALPHAUSDT,SELL,LIMIT,1702260736856,1064,0.10146
ALPHAUSDT,SELL,LIMIT,1702260737860,535,0.10127
ALPHAUSDT,SELL,LIMIT,1702260738865,3116,0.10092
ALPHAUSDT,SELL,LIMIT,1702260740510,313,0.10077
ALPHAUSDT,SELL,LIMIT,1702260741491,20443,0.10081
ALPHAUSDT,SELL,LIMIT,1702260742719,907,0.10050
ALPHAUSDT,SELL,LIMIT,1702260743914,2754,0.10050
ALPHAUSDT,SELL,LIMIT,1702260744986,798,0.10250
ALPHAUSDT,SELL,LIMIT,1702260746069,27742,0.10044
ALPHAUSDT,SELL,LIMIT,1702260747171,4309,0.10008
ALPHAUSDT,SELL,LIMIT,1702260748244,9,0.09972
ALPHAUSDT,SELL,LIMIT,1702260749440,13684,0.09989
ALPHAUSDT,SELL,LIMIT,1702260750457,582,0.09878
ALPHAUSDT,SELL,LIMIT,1702260751504,104,0.09915
ALPHAUSDT,SELL,LIMIT,1702260752684,3614,0.09889
ALPHAUSDT,SELL,LIMIT,1702260753743,1821,0.09849
ALPHAUSDT,SELL,LIMIT,1702260754748,23418,0.09853
ALPHAUSDT,SELL,LIMIT,1702260756426,45,0.09824
ALPHAUSDT,SELL,LIMIT,1702260757568,2158,0.09787
ALPHAUSDT,SELL,LIMIT,1702260758574,4127,0.09811
ALPHAUSDT,SELL,LIMIT,1702260759584,6482,0.09787
ALPHAUSDT,SELL,LIMIT,1702260760704,3771,0.09746
ALPHAUSDT,SELL,LIMIT,1702260761770,1407,0.09742
ALPHAUSDT,SELL,LIMIT,1702260762790,35386,0.09713
ALPHAUSDT,SELL,LIMIT,1702260764030,1174,0.09638
ALPHAUSDT,SELL,LIMIT,1702260765058,20960,0.09622
ALPHAUSDT,SELL,LIMIT,1702260766185,18001,0.09654
ALPHAUSDT,SELL,LIMIT,1702260767222,9104,0.09582
ALPHAUSDT,SELL,LIMIT,1702260768268,714,0.09567
ALPHAUSDT,SELL,LIMIT,1702260769625,35247,0.09549
ALPHAUSDT,SELL,LIMIT,1702260771045,394,0.09547
ALPHAUSDT,SELL,LIMIT,1702260772080,120,0.09495
ALPHAUSDT,SELL,LIMIT,1702260773610,1034,0.09605
ALPHAUSDT,SELL,LIMIT,1702260774755,53,0.09472
ALPHAUSDT,SELL,LIMIT,1702260775817,7989,0.09396
ALPHAUSDT,SELL,LIMIT,1702260777441,28,0.09376
ALPHAUSDT,SELL,LIMIT,1702260778455,5000,0.09267
ALPHAUSDT,SELL,LIMIT,1702260779535,18513,0.09348
ALPHAUSDT,SELL,LIMIT,1702260781677,100,0.09251
ALPHAUSDT,SELL,LIMIT,1702260782704,18301,0.09169
ALPHAUSDT,SELL,LIMIT,1702260783783,12175,0.09192
ALPHAUSDT,SELL,LIMIT,1702260784921,9245,0.09148
ALPHAUSDT,SELL,LIMIT,1702260785932,16834,0.09145
ALPHAUSDT,SELL,LIMIT,1702260786942,9275,0.09094
ALPHAUSDT,SELL,LIMIT,1702260788053,2342,0.09079
ALPHAUSDT,SELL,LIMIT,1702260789310,5000,0.09265
ALPHAUSDT,SELL,LIMIT,1702260791132,10657,0.09284
ALPHAUSDT,SELL,LIMIT,1702260792889,1064,0.09286
ALPHAUSDT,SELL,LIMIT,1702260794445,925,0.09139
ALPHAUSDT,SELL,LIMIT,1702260796250,335,0.09081
ALPHAUSDT,SELL,LIMIT,1702260797486,320,0.09157
ALPHAUSDT,SELL,LIMIT,1702260799204,497,0.09103
ALPHAUSDT,SELL,LIMIT,1702260800225,9417,0.09099
ALPHAUSDT,SELL,LIMIT,1702260801278,109,0.09111
ALPHAUSDT,SELL,LIMIT,1702260802392,24402,0.09112
ALPHAUSDT,SELL,LIMIT,1702260803537,103369,0.09065
ALPHAUSDT,SELL,LIMIT,1702260805119,1936,0.09111
ALPHAUSDT,SELL,LIMIT,1702260806372,5970,0.09158
ALPHAUSDT,SELL,LIMIT,1702260807446,3851,0.09124
ALPHAUSDT,SELL,LIMIT,1702260809318,20000,0.09111
ALPHAUSDT,SELL,LIMIT,1702260811000,6072,0.09116
ALPHAUSDT,SELL,LIMIT,1702260812085,2484,0.09074
ALPHAUSDT,SELL,LIMIT,1702260813272,80,0.09040
ALPHAUSDT,SELL,LIMIT,1702260814294,617,0.09012
ALPHAUSDT,SELL,LIMIT,1702260815449,214,0.09010
ALPHAUSDT,SELL,LIMIT,1702260817115,6374,0.09047
ALPHAUSDT,SELL,LIMIT,1702260818449,404,0.08995
ALPHAUSDT,SELL,LIMIT,1702260828429,105,0.09244
ALPHAUSDT,BUY,LIMIT,1702260838018,5165,0.09772
ALPHAUSDT,BUY,LIMIT,1702260874336,300,0.09913
ALPHAUSDT,BUY,LIMIT,1702260886117,2363,0.09881
ALPHAUSDT,SELL,LIMIT,1702261251260,132,0.09739
ALPHAUSDT,SELL,LIMIT,1702262873709,538,0.09652
