Symbol,Side,Order Type,Time,Quantity,Price
ALPHAUSDT,SELL,LIMIT,1701064933341,80,0.09623
ALPHAUSDT,SELL,LIMIT,1701064946166,57507,0.09606
ALPHAUSDT,SELL,LIMIT,1701065092261,797,0.09600
ALPHAUSDT,BUY,LIMIT,1701065551289,948,0.09963
ALPHAUSDT,SELL,LIMIT,1701067315123,15884,0.09606
ALPHAUSDT,SELL,LIMIT,1701067418714,3967,0.09563
ALPHAUSDT,SELL,LIMIT,1701067505654,2980,0.09561
ALPHAUSDT,SELL,LIMIT,1701067517999,1081,0.09559
ALPHAUSDT,SELL,LIMIT,1701067765918,99493,0.09493
ALPHAUSDT,SELL,LIMIT,1701067767044,2495,0.09525
ALPHAUSDT,SELL,LIMIT,1701067845054,3451,0.09502
ALPHAUSDT,SELL,LIMIT,1701067846597,249,0.09500
ALPHAUSDT,SELL,LIMIT,1701068090824,2392,0.09491
ALPHAUSDT,SELL,LIMIT,1701068119312,1793,0.09479
ALPHAUSDT,SELL,LIMIT,1701068120386,602,0.09472
ALPHAUSDT,SELL,LIMIT,1701068129686,1839,0.09478
ALPHAUSDT,SELL,LIMIT,1701068168519,4922,0.09463
ALPHAUSDT,SELL,LIMIT,1701068173505,301,0.09461
ALPHAUSDT,SELL,LIMIT,1701068175100,431,0.09445
ALPHAUSDT,SELL,LIMIT,1701068285373,27,0.09471
ALPHAUSDT,BUY,LIMIT,1701068997072,2635,0.09818
ALPHAUSDT,SELL,LIMIT,1701069630493,4053,0.09505
ALPHAUSDT,SELL,LIMIT,1701069806329,625,0.09467
ALPHAUSDT,SELL,LIMIT,1701069834105,86,0.09450
ALPHAUSDT,SELL,LIMIT,1701069866445,79,0.09445
ALPHAUSDT,SELL,LIMIT,1701069886102,2942,0.09425
ALPHAUSDT,SELL,LIMIT,1701069897279,303,0.09415
ALPHAUSDT,SELL,LIMIT,1701069899573,7025,0.09416
ALPHAUSDT,BUY,LIMIT,1701073969383,88,0.09891
ALPHAUSDT,BUY,LIMIT,1701075917305,89,0.09940
ALPHAUSDT,SELL,LIMIT,1701077036007,102,0.09677
ALPHAUSDT,SELL,LIMIT,1701081183249,4113,0.09646
ALPHAUSDT,BUY,LIMIT,1701081328156,111,0.09903
ALPHAUSDT,BUY,LIMIT,1701081383479,109,0.09904
ALPHAUSDT,SELL,LIMIT,1701082696926,479,0.09590
ALPHAUSDT,SELL,LIMIT,1701084863174,16540,0.09592
ALPHAUSDT,BUY,LIMIT,1701085405055,548,0.10069
ALPHAUSDT,BUY,LIMIT,1701085937645,208,0.10119
ALPHAUSDT,BUY,LIMIT,1701086071192,263,0.10152
ALPHAUSDT,BUY,LIMIT,1701089606724,37688,0.10264
ALPHAUSDT,BUY,LIMIT,1701090708382,3709,0.10250
ALPHAUSDT,BUY,LIMIT,1701097402997,8105,0.10372
ALPHAUSDT,BUY,LIMIT,1701097700861,369,0.10438
ALPHAUSDT,BUY,LIMIT,1701097841850,15550,0.10507
ALPHAUSDT,BUY,LIMIT,1701097844281,427,0.10516
ALPHAUSDT,BUY,LIMIT,1701097850200,19936,0.10526
ALPHAUSDT,BUY,LIMIT,1701097853732,2255,0.10537
ALPHAUSDT,BUY,LIMIT,1701097856380,724,0.10574
ALPHAUSDT,SELL,LIMIT,1701097985201,809,0.10217
ALPHAUSDT,BUY,LIMIT,1701098205544,17147,0.10526
ALPHAUSDT,BUY,LIMIT,1701098235288,1674,0.10588
ALPHAUSDT,BUY,LIMIT,1701098298574,153,0.10644
ALPHAUSDT,SELL,LIMIT,1701099196173,102,0.10208
ALPHAUSDT,SELL,LIMIT,1701099791263,1295,0.10154
ALPHAUSDT,SELL,LIMIT,1701100055010,23858,0.10115
ALPHAUSDT,SELL,LIMIT,1701100075353,319,0.10099
ALPHAUSDT,SELL,LIMIT,1701100084228,51525,0.10062
ALPHAUSDT,SELL,LIMIT,1701100108376,688,0.10042
ALPHAUSDT,SELL,LIMIT,1701100125893,51509,0.10029
ALPHAUSDT,SELL,LIMIT,1701100127851,51530,0.10016
ALPHAUSDT,SELL,LIMIT,1701100130041,1957,0.10019
ALPHAUSDT,SELL,LIMIT,1701100141577,904,0.09995
ALPHAUSDT,SELL,LIMIT,1701100150922,51562,0.09982
ALPHAUSDT,SELL,LIMIT,1701100219853,3704,0.09941
ALPHAUSDT,SELL,LIMIT,1701100514390,44,0.11469
ALPHAUSDT,SELL,LIMIT,1701100537675,3086,0.10007
ALPHAUSDT,SELL,LIMIT,1701100620158,2465,0.09937
ALPHAUSDT,SELL,LIMIT,1701100642325,1889,0.09937
ALPHAUSDT,BUY,LIMIT,1701100850926,53,0.10296
ALPHAUSDT,SELL,LIMIT,1701101022502,9996,0.10091
ALPHAUSDT,SELL,LIMIT,1701101164723,2306,0.10026
ALPHAUSDT,SELL,LIMIT,1701101566190,5994,0.09885
ALPHAUSDT,SELL,LIMIT,1701101567324,594,0.09874
ALPHAUSDT,SELL,LIMIT,1701101571051,1632,0.09872
ALPHAUSDT,BUY,LIMIT,1701101817796,4029,0.10214
ALPHAUSDT,SELL,LIMIT,1701102702040,14339,0.09877
ALPHAUSDT,SELL,LIMIT,1701102703091,3251,0.09857
ALPHAUSDT,SELL,LIMIT,1701102705262,49746,0.09853
ALPHAUSDT,SELL,LIMIT,1701102767161,1293,0.09829
ALPHAUSDT,SELL,LIMIT,1701102770181,710,0.09820
ALPHAUSDT,SELL,LIMIT,1701103047455,846,0.09781
ALPHAUSDT,BUY,LIMIT,1701103154411,3482,0.10130
ALPHAUSDT,BUY,LIMIT,1701103450508,12545,0.10161
ALPHAUSDT,SELL,LIMIT,1701110723190,9833,0.09843
ALPHAUSDT,SELL,LIMIT,1701111195388,1975,0.09815
ALPHAUSDT,SELL,LIMIT,1701111227100,13000,0.09804
ALPHAUSDT,SELL,LIMIT,1701112120201,500,0.09765
ALPHAUSDT,SELL,LIMIT,1701112128178,50200,0.09740
ALPHAUSDT,SELL,LIMIT,1701112161488,1624,0.09728
ALPHAUSDT,SELL,LIMIT,1701112211856,5030,0.09718
ALPHAUSDT,SELL,LIMIT,1701112216848,6821,0.09715
ALPHAUSDT,SELL,LIMIT,1701113896027,3084,0.09753
ALPHAUSDT,SELL,LIMIT,1701113906267,76,0.09747
ALPHAUSDT,SELL,LIMIT,1701114235058,30459,0.09694
ALPHAUSDT,SELL,LIMIT,1701114267086,2047,0.09690
ALPHAUSDT,SELL,LIMIT,1701114475745,192,0.09663
ALPHAUSDT,SELL,LIMIT,1701114479061,17985,0.09643
ALPHAUSDT,SELL,LIMIT,1701114493492,108,0.09640
ALPHAUSDT,BUY,LIMIT,1701115883776,3701,0.10081
ALPHAUSDT,SELL,LIMIT,1701116678418,33,0.09718
ALPHAUSDT,SELL,LIMIT,1701119004959,51,0.09626
ALPHAUSDT,BUY,LIMIT,1701119760227,3503,0.10021
ALPHAUSDT,SELL,LIMIT,1701121874424,7911,0.09774
ALPHAUSDT,BUY,LIMIT,1701130934385,6585,0.10152
ALPHAUSDT,SELL,LIMIT,1701135265502,47164,0.09614
ALPHAUSDT,SELL,LIMIT,1701135307201,614,0.09600
ALPHAUSDT,SELL,LIMIT,1701136083496,16110,0.09570
ALPHAUSDT,SELL,LIMIT,1701136959934,23285,0.09550
ALPHAUSDT,SELL,LIMIT,1701137485861,4163,0.09489
ALPHAUSDT,SELL,LIMIT,1701142789009,190,0.09479
ALPHAUSDT,SELL,LIMIT,1701144377708,13286,0.09447
ALPHAUSDT,SELL,LIMIT,1701144387723,918,0.09435
ALPHAUSDT,SELL,LIMIT,1701145982211,2861,0.09396
ALPHAUSDT,SELL,LIMIT,1701145983232,1,0.09411
ALPHAUSDT,SELL,LIMIT,1701146003240,208,0.09381
ALPHAUSDT,SELL,LIMIT,1701146016876,37294,0.09364
ALPHAUSDT,SELL,LIMIT,1701146595518,5224,0.09345
ALPHAUSDT,SELL,LIMIT,1701147065179,873,0.09472
ALPHAUSDT,SELL,LIMIT,1701147441801,1300,0.09322
ALPHAUSDT,SELL,LIMIT,1701147524213,6113,0.09295
ALPHAUSDT,SELL,LIMIT,1701147869249,29126,0.09279
ALPHAUSDT,SELL,LIMIT,1701147871893,10752,0.09264
ALPHAUSDT,SELL,LIMIT,1701147875453,49284,0.09231
ALPHAUSDT,SELL,LIMIT,1701147879043,1791,0.09223
ALPHAUSDT,SELL,LIMIT,1701147883850,1778,0.09214
ALPHAUSDT,SELL,LIMIT,1701147891408,60,0.09217
ALPHAUSDT,SELL,LIMIT,1701147943479,4426,0.09232
ALPHAUSDT,SELL,LIMIT,1701148247825,3493,0.09208
ALPHAUSDT,SELL,LIMIT,1701149801062,5737,0.09213
ALPHAUSDT,SELL,LIMIT,1701149824070,93,0.09222
ALPHAUSDT,SELL,LIMIT,1701149866136,14827,0.09188
ALPHAUSDT,SELL,LIMIT,1701149868424,1068,0.09177
ALPHAUSDT,SELL,LIMIT,1701151263535,7071,0.09207
ALPHAUSDT,SELL,LIMIT,1701155856862,8946,0.09218
ALPHAUSDT,SELL,LIMIT,1701156358206,389,0.09176
ALPHAUSDT,SELL,LIMIT,1701161618170,790,0.09155
ALPHAUSDT,SELL,LIMIT,1701161676606,1073,0.09140
ALPHAUSDT,SELL,LIMIT,1701161683439,250,0.09138
ALPHAUSDT,SELL,LIMIT,1701162038224,647,0.09113
ALPHAUSDT,BUY,LIMIT,1701169164409,823,0.09451
ALPHAUSDT,BUY,LIMIT,1701172275264,58,0.09538
ALPHAUSDT,SELL,LIMIT,1701173227240,1597,0.09200
ALPHAUSDT,BUY,LIMIT,1701179906490,2136,0.09550
ALPHAUSDT,BUY,LIMIT,1701181926907,3387,0.09538
ALPHAUSDT,SELL,LIMIT,1701185323246,53056,0.09240
ALPHAUSDT,SELL,LIMIT,1701185402890,1057,0.09223
ALPHAUSDT,SELL,LIMIT,1701191161163,3166,0.09329
ALPHAUSDT,SELL,LIMIT,1701196216223,50,0.09356
ALPHAUSDT,SELL,LIMIT,1701197379019,1733,0.09317
ALPHAUSDT,SELL,LIMIT,1701197406253,26121,0.09303
ALPHAUSDT,SELL,LIMIT,1701197415195,10000,0.09292
ALPHAUSDT,SELL,LIMIT,1701197441087,340,0.09280
ALPHAUSDT,SELL,LIMIT,1701197449715,130,0.09278
ALPHAUSDT,SELL,LIMIT,1701197518300,262,0.09272
ALPHAUSDT,SELL,LIMIT,1701197853680,4117,0.09286
ALPHAUSDT,SELL,LIMIT,1701197856602,1,1.03091
ALPHAUSDT,BUY,LIMIT,1701200488168,108,0.09622
ALPHAUSDT,BUY,LIMIT,1701200523379,2779,0.09629
ALPHAUSDT,SELL,LIMIT,1701201634629,440,0.09297
ALPHAUSDT,SELL,LIMIT,1701207855154,97,0.09278
ALPHAUSDT,SELL,LIMIT,1701216954924,4687,0.09267
ALPHAUSDT,BUY,LIMIT,1701217757939,20519,0.09597
ALPHAUSDT,BUY,LIMIT,1701218446595,993,0.09670
ALPHAUSDT,BUY,LIMIT,1701220337347,14398,0.09701
ALPHAUSDT,BUY,LIMIT,1701224138074,4975,0.09718
ALPHAUSDT,BUY,LIMIT,1701247955287,582,0.09684
ALPHAUSDT,SELL,LIMIT,1701254055499,8316,0.09246
ALPHAUSDT,SELL,LIMIT,1701254063471,195,0.09238
ALPHAUSDT,SELL,LIMIT,1701254426270,126,0.09185
ALPHAUSDT,BUY,LIMIT,1701256370201,2135,0.09549
ALPHAUSDT,SELL,LIMIT,1701262913058,1733,0.09212
ALPHAUSDT,SELL,LIMIT,1701269274789,3351,0.09192
ALPHAUSDT,SELL,LIMIT,1701269293213,6035,0.09162
ALPHAUSDT,SELL,LIMIT,1701270411370,419,0.09201
ALPHAUSDT,SELL,LIMIT,1701270615296,1107,0.09129
ALPHAUSDT,SELL,LIMIT,1701270618238,105,0.09129
ALPHAUSDT,SELL,LIMIT,1701270765466,53538,0.09141
ALPHAUSDT,BUY,LIMIT,1701271716469,10309,0.09460
ALPHAUSDT,BUY,LIMIT,1701272306325,15024,0.09510
ALPHAUSDT,BUY,LIMIT,1701273804813,15314,0.09553
ALPHAUSDT,SELL,LIMIT,1701284956997,3715,0.09307
ALPHAUSDT,SELL,LIMIT,1701284960131,40000,0.09297
ALPHAUSDT,SELL,LIMIT,1701288287798,6,0.09277
ALPHAUSDT,BUY,LIMIT,1701295456870,711,0.09613
ALPHAUSDT,SELL,LIMIT,1701306430090,347,0.09233
ALPHAUSDT,BUY,LIMIT,1701329254600,204,0.09811
ALPHAUSDT,BUY,LIMIT,1701329269052,732,0.09851
ALPHAUSDT,BUY,LIMIT,1701329279217,14960,0.09855
ALPHAUSDT,SELL,LIMIT,1701331664094,258,0.09518
ALPHAUSDT,BUY,LIMIT,1701333115340,1408,0.09858
ALPHAUSDT,BUY,LIMIT,1701333132871,836,0.09881
ALPHAUSDT,SELL,LIMIT,1701336956678,429,0.09550
ALPHAUSDT,SELL,LIMIT,1701337081648,217,0.09526
ALPHAUSDT,BUY,LIMIT,1701344517114,575,0.09971
ALPHAUSDT,BUY,LIMIT,1701344529514,243,0.09975
ALPHAUSDT,BUY,LIMIT,1701346331037,20000,0.09988
ALPHAUSDT,BUY,LIMIT,1701347989238,739,0.10045
ALPHAUSDT,BUY,LIMIT,1701347990392,40567,0.10044
ALPHAUSDT,BUY,LIMIT,1701348349425,3392,0.10064
ALPHAUSDT,BUY,LIMIT,1701349371226,3697,0.10125
ALPHAUSDT,SELL,LIMIT,1701349473372,11788,0.09774
ALPHAUSDT,SELL,LIMIT,1701349590109,422,0.09703
ALPHAUSDT,SELL,LIMIT,1701349591243,99,0.09698
ALPHAUSDT,SELL,LIMIT,1701349592248,38709,0.09694
ALPHAUSDT,SELL,LIMIT,1701352262560,2106,0.09634
ALPHAUSDT,SELL,LIMIT,1701353005615,10669,0.09581
ALPHAUSDT,SELL,LIMIT,1701355004141,98,0.09534
ALPHAUSDT,SELL,LIMIT,1701355061550,510,0.09528
ALPHAUSDT,SELL,LIMIT,1701358743508,9582,0.09525
ALPHAUSDT,SELL,LIMIT,1701364552346,7373,0.09503
ALPHAUSDT,SELL,LIMIT,1701367528074,236,0.09467
ALPHAUSDT,SELL,LIMIT,1701370091439,62,0.09453
ALPHAUSDT,SELL,LIMIT,1701370126858,162,0.09446
ALPHAUSDT,SELL,LIMIT,1701373671121,14989,0.09435
ALPHAUSDT,SELL,LIMIT,1701373672285,52149,0.09434
ALPHAUSDT,SELL,LIMIT,1701374187011,63,0.09429
ALPHAUSDT,SELL,LIMIT,1701374255167,621,0.09419
ALPHAUSDT,SELL,LIMIT,1701374256191,1442,0.09414
ALPHAUSDT,SELL,LIMIT,1701385165246,2094,0.09418
ALPHAUSDT,SELL,LIMIT,1701385254227,3808,0.09416
ALPHAUSDT,SELL,LIMIT,1701385311598,3020,0.09403
ALPHAUSDT,SELL,LIMIT,1701392459684,47,0.09440
ALPHAUSDT,SELL,LIMIT,1701392493496,516,0.09434
