Symbol,Side,Order Type,Time,Quantity,Price
ANKRUSDT,SELL,LIMIT,1701931102681,1106,0.027404
ANKRUSDT,SELL,LIMIT,1701938342224,2392,0.026912
ANKRUSDT,SELL,LIMIT,1701939913931,593,0.026579
ANKRUSDT,SELL,LIMIT,1701940005811,183688,0.026569
ANKRUSDT,SELL,LIMIT,1701940557201,40000,0.026800
ANKRUSDT,SELL,LIMIT,1701940568508,939,0.026381
ANKRUSDT,SELL,LIMIT,1701940572365,4154,0.026368
ANKRUSDT,SELL,LIMIT,1701940579065,36330,0.026360
ANKRUSDT,SELL,LIMIT,1701941026111,12127,0.026370
ANKRUSDT,SELL,LIMIT,1701941059488,906048,0.026003
ANKRUSDT,SELL,LIMIT,1701941061365,20509,0.026313
ANKRUSDT,SELL,LIMIT,1701941064125,148,0.026300
ANKRUSDT,SELL,LIMIT,1701941074890,9535,0.026297
ANKRUSDT,SELL,LIMIT,1701941105351,257,0.026275
ANKRUSDT,SELL,LIMIT,1701941109280,92261,0.026261
ANKRUSDT,SELL,LIMIT,1701941112272,7340,0.026254
ANKRUSDT,SELL,LIMIT,1701941154078,4812,0.026235
ANKRUSDT,SELL,LIMIT,1701941161084,6882,0.026180
ANKRUSDT,SELL,LIMIT,1701941172665,21501,0.026166
ANKRUSDT,SELL,LIMIT,1701941176934,383,0.026156
ANKRUSDT,SELL,LIMIT,1701941181877,1414,0.026127
ANKRUSDT,SELL,LIMIT,1701941188406,17365,0.026113
ANKRUSDT,SELL,LIMIT,1701941190680,18809,0.026061
ANKRUSDT,SELL,LIMIT,1701941192906,90072,0.026065
ANKRUSDT,SELL,LIMIT,1701941194209,182907,0.026041
ANKRUSDT,SELL,LIMIT,1701941207799,1574,0.026039
ANKRUSDT,SELL,LIMIT,1701941239214,2154,0.026026
ANKRUSDT,SELL,LIMIT,1701941245162,1155,0.026010
ANKRUSDT,SELL,LIMIT,1701941246493,41189,0.026022
ANKRUSDT,SELL,LIMIT,1701953976590,1,0.026894
ANKRUSDT,BUY,LIMIT,1701962686690,1,0.027533
ANKRUSDT,BUY,LIMIT,1701967840249,8821,0.028137
ANKRUSDT,BUY,LIMIT,1701969741297,365,0.028375
ANKRUSDT,BUY,LIMIT,1701970626459,3685,0.028474
ANKRUSDT,SELL,LIMIT,1701986564261,166,0.027821
ANKRUSDT,SELL,LIMIT,1701987528447,5854,0.027738
ANKRUSDT,SELL,LIMIT,1701996234088,3149,0.027740
ANKRUSDT,BUY,LIMIT,1702007154541,1013,0.028370
ANKRUSDT,SELL,LIMIT,1702013765397,8817,0.027618
ANKRUSDT,BUY,LIMIT,1702051568472,222,0.028612
ANKRUSDT,BUY,LIMIT,1702061638327,199,0.028820
ANKRUSDT,BUY,LIMIT,1702064195892,1415,0.028886
ANKRUSDT,BUY,LIMIT,1702080152333,21889,0.029108
ANKRUSDT,BUY,LIMIT,1702080281516,5062,0.029147
ANKRUSDT,BUY,LIMIT,1702080779238,3060,0.029204
ANKRUSDT,BUY,LIMIT,1702082044060,3775,0.029231
ANKRUSDT,BUY,LIMIT,1702082106889,2612,0.029269
ANKRUSDT,BUY,LIMIT,1702082123509,31567,0.029259
ANKRUSDT,BUY,LIMIT,1702082493427,51885,0.029129
ANKRUSDT,BUY,LIMIT,1702083126195,2245,0.029219
ANKRUSDT,SELL,LIMIT,1702084089255,700,0.028389
ANKRUSDT,BUY,LIMIT,1702095871503,2056,0.029516
ANKRUSDT,BUY,LIMIT,1702096034203,102104,0.029510
ANKRUSDT,BUY,LIMIT,1702097468352,910,0.029574
ANKRUSDT,BUY,LIMIT,1702102061668,353,0.029576
ANKRUSDT,BUY,LIMIT,1702102356638,903,0.029527
ANKRUSDT,BUY,LIMIT,1702107991122,1122,0.029390
ANKRUSDT,BUY,LIMIT,1702108301568,899,0.029520
ANKRUSDT,BUY,LIMIT,1702109532632,533,0.029593
ANKRUSDT,SELL,LIMIT,1702109570536,156698,0.028982
ANKRUSDT,SELL,LIMIT,1702110972234,1546,0.028668
ANKRUSDT,SELL,LIMIT,1702110974399,1456,0.028672
ANKRUSDT,SELL,LIMIT,1702111038412,11610,0.028406
ANKRUSDT,SELL,LIMIT,1702111040207,80000,0.028393
ANKRUSDT,SELL,LIMIT,1702111387739,92768,0.028216
ANKRUSDT,SELL,LIMIT,1702133005546,297,0.028509
ANKRUSDT,SELL,LIMIT,1702139270841,588,0.029171
ANKRUSDT,SELL,LIMIT,1702140825935,5263,0.028566
ANKRUSDT,SELL,LIMIT,1702141732217,6049,0.028464
ANKRUSDT,SELL,LIMIT,1702157414205,8544,0.028532
ANKRUSDT,SELL,LIMIT,1702164435045,847,0.028416
ANKRUSDT,SELL,LIMIT,1702164608938,2763,0.028281
ANKRUSDT,SELL,LIMIT,1702164750114,1012,0.028168
ANKRUSDT,SELL,LIMIT,1702164803406,32826,0.028076
ANKRUSDT,SELL,LIMIT,1702164807343,3465,0.028099
ANKRUSDT,SELL,LIMIT,1702164808558,328,0.028027
ANKRUSDT,SELL,LIMIT,1702164810486,343,0.027955
ANKRUSDT,SELL,LIMIT,1702193405351,1441,0.028665
ANKRUSDT,BUY,LIMIT,1702193666087,2205,0.029269
ANKRUSDT,SELL,LIMIT,1702200731736,280,0.028046
ANKRUSDT,SELL,LIMIT,1702200751066,1724,0.028031
ANKRUSDT,SELL,LIMIT,1702200762400,34258,0.028006
ANKRUSDT,SELL,LIMIT,1702200926880,20000,0.027988
ANKRUSDT,SELL,LIMIT,1702200940842,289,0.027946
ANKRUSDT,SELL,LIMIT,1702201476116,1942,0.027921
ANKRUSDT,SELL,LIMIT,1702202056424,841,0.027859
ANKRUSDT,SELL,LIMIT,1702202258323,87627,0.027826
ANKRUSDT,SELL,LIMIT,1702202259391,15896,0.027809
ANKRUSDT,SELL,LIMIT,1702202267739,1731,0.027820
ANKRUSDT,SELL,LIMIT,1702202290782,238805,0.027693
ANKRUSDT,SELL,LIMIT,1702202293409,15519,0.027790
ANKRUSDT,SELL,LIMIT,1702202307268,189727,0.027726
ANKRUSDT,SELL,LIMIT,1702202318310,6224,0.027738
ANKRUSDT,SELL,LIMIT,1702202325560,6848,0.027722
ANKRUSDT,SELL,LIMIT,1702202335840,6877,0.027704
ANKRUSDT,SELL,LIMIT,1702202364829,1154,0.027678
ANKRUSDT,SELL,LIMIT,1702202373493,19619,0.027634
ANKRUSDT,SELL,LIMIT,1702202379386,3482,0.027622
ANKRUSDT,SELL,LIMIT,1702202382470,29157,0.027607
ANKRUSDT,SELL,LIMIT,1702202390659,5769,0.027561
ANKRUSDT,SELL,LIMIT,1702235729224,4987,0.027907
ANKRUSDT,SELL,LIMIT,1702236186355,599,0.027886
ANKRUSDT,SELL,LIMIT,1702240742023,262,0.028175
ANKRUSDT,SELL,LIMIT,1702247677386,2969,0.028141
ANKRUSDT,SELL,LIMIT,1702256470526,2729,0.027528
ANKRUSDT,SELL,LIMIT,1702256509308,21614,0.027464
ANKRUSDT,SELL,LIMIT,1702256553828,65118,0.027458
ANKRUSDT,SELL,LIMIT,1702256616102,21891,0.027424
ANKRUSDT,SELL,LIMIT,1702256621473,43354,0.027404
ANKRUSDT,SELL,LIMIT,1702256730285,40000,0.027354
ANKRUSDT,SELL,LIMIT,1702256778403,3903,0.027333
ANKRUSDT,SELL,LIMIT,1702256844174,28422,0.027316
ANKRUSDT,SELL,LIMIT,1702256895000,15997,0.027295
ANKRUSDT,SELL,LIMIT,1702256915902,29957,0.027246
ANKRUSDT,SELL,LIMIT,1702257011363,4929,0.027171
ANKRUSDT,SELL,LIMIT,1702260430616,1414,0.027335
ANKRUSDT,SELL,LIMIT,1702260436610,96012,0.027139
ANKRUSDT,SELL,LIMIT,1702260438048,12259,0.027132
ANKRUSDT,SELL,LIMIT,1702260439933,862,0.027122
ANKRUSDT,SELL,LIMIT,1702260442772,265802,0.026966
ANKRUSDT,SELL,LIMIT,1702260445590,20659,0.027072
ANKRUSDT,SELL,LIMIT,1702260625763,4272,0.027016
ANKRUSDT,SELL,LIMIT,1702260628581,7525,0.026968
ANKRUSDT,SELL,LIMIT,1702260631589,12636,0.026964
ANKRUSDT,SELL,LIMIT,1702260632929,22229,0.026956
ANKRUSDT,SELL,LIMIT,1702260636028,17617,0.026921
ANKRUSDT,SELL,LIMIT,1702260677688,47793,0.026882
ANKRUSDT,SELL,LIMIT,1702260695250,7975,0.026873
ANKRUSDT,SELL,LIMIT,1702260696923,3045,0.026863
ANKRUSDT,SELL,LIMIT,1702260699185,6633,0.026849
ANKRUSDT,SELL,LIMIT,1702260708295,18789,0.026811
ANKRUSDT,SELL,LIMIT,1702260710288,420,0.026797
ANKRUSDT,SELL,LIMIT,1702260711571,1766,0.026793
ANKRUSDT,SELL,LIMIT,1702260713316,17149,0.026734
ANKRUSDT,SELL,LIMIT,1702260714491,8101,0.026734
ANKRUSDT,SELL,LIMIT,1702260716216,13173,0.026727
ANKRUSDT,SELL,LIMIT,1702260717764,62703,0.026761
ANKRUSDT,SELL,LIMIT,1702260718887,245808,0.026540
ANKRUSDT,SELL,LIMIT,1702260721844,7802,0.026601
ANKRUSDT,SELL,LIMIT,1702260723398,8145,0.026615
ANKRUSDT,SELL,LIMIT,1702260726089,22223,0.026542
ANKRUSDT,SELL,LIMIT,1702260727511,7931,0.026489
ANKRUSDT,SELL,LIMIT,1702260730701,9316,0.026506
ANKRUSDT,SELL,LIMIT,1702260733261,20260,0.026492
ANKRUSDT,SELL,LIMIT,1702260735767,876,0.026485
ANKRUSDT,SELL,LIMIT,1702260736903,2623,0.026453
ANKRUSDT,BUY,LIMIT,1702260739161,804,0.026929
ANKRUSDT,SELL,LIMIT,1702260740352,19434,0.026339
ANKRUSDT,SELL,LIMIT,1702260741447,3423,0.026358
ANKRUSDT,SELL,LIMIT,1702260742652,9811,0.026338
ANKRUSDT,SELL,LIMIT,1702260744866,1408,0.026284
ANKRUSDT,SELL,LIMIT,1702260746091,11323,0.026264
ANKRUSDT,SELL,LIMIT,1702260747223,6660,0.026260
ANKRUSDT,SELL,LIMIT,1702260748502,6660,0.026207
ANKRUSDT,SELL,LIMIT,1702260749531,68420,0.026151
ANKRUSDT,SELL,LIMIT,1702260750693,1131,0.026143
ANKRUSDT,SELL,LIMIT,1702260752621,765,0.026125
ANKRUSDT,SELL,LIMIT,1702260753661,4780,0.026138
ANKRUSDT,SELL,LIMIT,1702260755516,6460,0.026094
ANKRUSDT,SELL,LIMIT,1702260756593,104451,0.026046
ANKRUSDT,SELL,LIMIT,1702260757678,19151,0.026012
ANKRUSDT,SELL,LIMIT,1702260758782,7736,0.026011
ANKRUSDT,SELL,LIMIT,1702260760046,229495,0.025945
ANKRUSDT,SELL,LIMIT,1702260761178,19982,0.025999
ANKRUSDT,SELL,LIMIT,1702260762550,1175,0.025892
ANKRUSDT,SELL,LIMIT,1702260763616,37259,0.025966
ANKRUSDT,SELL,LIMIT,1702260764640,5784,0.025874
ANKRUSDT,SELL,LIMIT,1702260765650,3,0.025815
ANKRUSDT,SELL,LIMIT,1702260766715,353,0.025790
ANKRUSDT,SELL,LIMIT,1702260767791,10822,0.025704
ANKRUSDT,SELL,LIMIT,1702260768806,1068,0.025691
ANKRUSDT,SELL,LIMIT,1702260769738,1474,0.025790
ANKRUSDT,SELL,LIMIT,1702260770915,873,0.025626
ANKRUSDT,SELL,LIMIT,1702260771920,1000,0.025595
ANKRUSDT,SELL,LIMIT,1702260772975,8636,0.025579
ANKRUSDT,SELL,LIMIT,1702260774483,14000,0.025512
ANKRUSDT,SELL,LIMIT,1702260775602,351,0.025475
ANKRUSDT,SELL,LIMIT,1702260776868,392,0.025531
ANKRUSDT,SELL,LIMIT,1702260778008,16849,0.025448
ANKRUSDT,SELL,LIMIT,1702260779091,1570,0.025279
ANKRUSDT,SELL,LIMIT,1702260780648,567816,0.025021
ANKRUSDT,SELL,LIMIT,1702260781846,4398,0.025272
ANKRUSDT,SELL,LIMIT,1702260783049,351,0.025267
ANKRUSDT,SELL,LIMIT,1702260784111,6128,0.025219
ANKRUSDT,SELL,LIMIT,1702260785115,2005,0.025183
ANKRUSDT,SELL,LIMIT,1702260786942,35423,0.025062
ANKRUSDT,SELL,LIMIT,1702260788460,1451,0.025088
ANKRUSDT,SELL,LIMIT,1702260789573,332,0.025079
ANKRUSDT,SELL,LIMIT,1702260790649,52926,0.025305
ANKRUSDT,SELL,LIMIT,1702260791737,264906,0.025132
ANKRUSDT,SELL,LIMIT,1702260792991,35906,0.025055
ANKRUSDT,SELL,LIMIT,1702260794253,6729,0.024976
ANKRUSDT,SELL,LIMIT,1702260796548,36677,0.024969
ANKRUSDT,SELL,LIMIT,1702260797611,36902,0.024959
ANKRUSDT,SELL,LIMIT,1702260798739,2222,0.024961
ANKRUSDT,SELL,LIMIT,1702260799893,395,0.024849
ANKRUSDT,SELL,LIMIT,1702260800941,466,0.024816
ANKRUSDT,SELL,LIMIT,1702260802215,10684,0.024736
ANKRUSDT,SELL,LIMIT,1702260803329,1969,0.024575
ANKRUSDT,SELL,LIMIT,1702260804343,7814,0.024707
ANKRUSDT,SELL,LIMIT,1702260805363,39845,0.024409
ANKRUSDT,SELL,LIMIT,1702260806515,800,0.024846
ANKRUSDT,SELL,LIMIT,1702260807762,1295,0.024416
ANKRUSDT,SELL,LIMIT,1702260809103,421326,0.024179
ANKRUSDT,SELL,LIMIT,1702260810365,6492,0.024407
ANKRUSDT,SELL,LIMIT,1702260811405,14733,0.024361
ANKRUSDT,SELL,LIMIT,1702260812940,78242,0.024399
ANKRUSDT,SELL,LIMIT,1702260814260,39582,0.024396
ANKRUSDT,SELL,LIMIT,1702260815281,4730,0.024396
ANKRUSDT,SELL,LIMIT,1702260816429,51240,0.024332
ANKRUSDT,SELL,LIMIT,1702260818147,1031,0.024346
ANKRUSDT,SELL,LIMIT,1702260819422,20193,0.024373
ANKRUSDT,SELL,LIMIT,1702260820558,5558,0.024308
ANKRUSDT,SELL,LIMIT,1702260824621,6777,0.024308
ANKRUSDT,SELL,LIMIT,1702261832228,1443,0.025899
ANKRUSDT,BUY,LIMIT,1702264199071,3614,0.026274
ANKRUSDT,SELL,LIMIT,1702265724235,179,0.026127
ANKRUSDT,SELL,LIMIT,1702266101500,179,0.026235
