Symbol,Side,Order Type,Time,Quantity,Price
ANTUSDT,SELL,LIMIT,1701940470575,49.2,5.589
ANTUSDT,SELL,LIMIT,1701941181326,363.6,5.540
ANTUSDT,SELL,LIMIT,1701941185861,36.3,5.534
ANTUSDT,SELL,LIMIT,1701941237219,93.7,5.531
ANTUSDT,SELL,LIMIT,1701941243061,176.1,5.528
ANTUSDT,BUY,LIMIT,1701951247244,10.7,5.797
ANTUSDT,BUY,LIMIT,1701953976591,1.0,5.824
ANTUSDT,BUY,LIMIT,1701964229367,70.2,5.981
ANTUSDT,BUY,LIMIT,1701964234277,85.2,5.982
ANTUSDT,BUY,LIMIT,1701965496547,9.8,6.008
ANTUSDT,BUY,LIMIT,1701965598285,27.6,6.020
ANTUSDT,BUY,LIMIT,1701965809689,60.6,6.027
ANTUSDT,BUY,LIMIT,1701972318218,42.7,6.025
ANTUSDT,BUY,LIMIT,1701974854032,195.8,6.045
ANTUSDT,BUY,LIMIT,1701974856968,22.6,6.047
ANTUSDT,BUY,LIMIT,1701974865840,2.5,6.049
ANTUSDT,BUY,LIMIT,1701975021254,3.7,6.059
ANTUSDT,BUY,LIMIT,1701984530457,1.1,6.074
ANTUSDT,BUY,LIMIT,1701984537730,1.1,6.078
ANTUSDT,BUY,LIMIT,1701984583544,142.3,6.084
ANTUSDT,BUY,LIMIT,1701984641217,8.9,6.085
ANTUSDT,BUY,LIMIT,1701984653129,13.8,6.096
ANTUSDT,BUY,LIMIT,1701984661236,732.6,6.097
ANTUSDT,BUY,LIMIT,1701984783431,0.3,6.106
ANTUSDT,BUY,LIMIT,1701984795883,54.1,6.115
ANTUSDT,BUY,LIMIT,1702002303699,7.0,6.132
ANTUSDT,BUY,LIMIT,1702003856677,833.3,6.124
ANTUSDT,BUY,LIMIT,1702003882987,70.1,6.144
ANTUSDT,BUY,LIMIT,1702003893051,0.9,6.144
ANTUSDT,BUY,LIMIT,1702003979717,21.6,6.160
ANTUSDT,BUY,LIMIT,1702005654646,80.2,6.130
ANTUSDT,BUY,LIMIT,1702006586374,13.7,6.128
ANTUSDT,BUY,LIMIT,1702007154541,4.8,6.134
ANTUSDT,BUY,LIMIT,1702032742230,15.5,6.096
ANTUSDT,BUY,LIMIT,1702036163397,309.6,6.115
ANTUSDT,BUY,LIMIT,1702039326363,20.0,6.105
ANTUSDT,BUY,LIMIT,1702046934973,16.7,6.089
ANTUSDT,BUY,LIMIT,1702047693540,80.1,6.093
ANTUSDT,BUY,LIMIT,1702047700364,10.6,6.102
ANTUSDT,BUY,LIMIT,1702047709397,231.3,6.116
ANTUSDT,BUY,LIMIT,1702053445380,11.6,6.080
ANTUSDT,BUY,LIMIT,1702061347828,9.1,6.064
ANTUSDT,BUY,LIMIT,1702070664230,2.0,6.102
ANTUSDT,BUY,LIMIT,1702070755491,583.4,6.112
ANTUSDT,SELL,LIMIT,1702072125368,41.6,5.900
ANTUSDT,BUY,LIMIT,1702078177083,289.8,6.091
ANTUSDT,BUY,LIMIT,1702096192339,16.8,6.119
ANTUSDT,BUY,LIMIT,1702103513579,8.0,6.137
ANTUSDT,BUY,LIMIT,1702108007579,101.9,6.158
ANTUSDT,BUY,LIMIT,1702109210138,5.1,6.176
ANTUSDT,BUY,LIMIT,1702109244833,58.6,6.176
ANTUSDT,BUY,LIMIT,1702109776976,16.7,6.179
ANTUSDT,BUY,LIMIT,1702110389839,44.6,6.208
ANTUSDT,SELL,LIMIT,1702110970061,1.3,5.948
ANTUSDT,SELL,LIMIT,1702110974399,1.3,5.948
ANTUSDT,SELL,LIMIT,1702110995056,32.2,5.927
ANTUSDT,BUY,LIMIT,1702111031400,15.7,6.112
ANTUSDT,SELL,LIMIT,1702111043648,16.4,5.916
ANTUSDT,SELL,LIMIT,1702115032215,315.8,5.915
ANTUSDT,SELL,LIMIT,1702133006403,219.8,5.856
ANTUSDT,SELL,LIMIT,1702139010087,41.5,5.898
ANTUSDT,SELL,LIMIT,1702139274760,5.0,5.884
ANTUSDT,SELL,LIMIT,1702141590497,86.0,5.877
ANTUSDT,SELL,LIMIT,1702141868394,3.8,5.847
ANTUSDT,SELL,LIMIT,1702153875165,417.8,5.863
ANTUSDT,SELL,LIMIT,1702156350947,2.2,5.865
ANTUSDT,SELL,LIMIT,1702164544816,1300.0,5.836
ANTUSDT,SELL,LIMIT,1702164548197,15.2,5.857
ANTUSDT,SELL,LIMIT,1702164746285,117.3,5.852
ANTUSDT,SELL,LIMIT,1702164747320,2.3,5.848
ANTUSDT,SELL,LIMIT,1702164801507,9.8,5.848
ANTUSDT,SELL,LIMIT,1702164808209,87.0,5.830
ANTUSDT,SELL,LIMIT,1702164811308,3.3,5.829
ANTUSDT,SELL,LIMIT,1702164870014,289.4,5.819
ANTUSDT,BUY,LIMIT,1702188002238,17.6,6.093
ANTUSDT,SELL,LIMIT,1702200401225,9.6,5.833
ANTUSDT,SELL,LIMIT,1702201469862,74.6,5.816
ANTUSDT,SELL,LIMIT,1702202113885,5.2,5.810
ANTUSDT,SELL,LIMIT,1702202267739,8.3,5.809
ANTUSDT,SELL,LIMIT,1702202318311,29.8,5.805
ANTUSDT,SELL,LIMIT,1702202380363,1.7,5.797
ANTUSDT,BUY,LIMIT,1702210697855,54.8,6.024
ANTUSDT,BUY,LIMIT,1702211887092,4.5,6.037
ANTUSDT,BUY,LIMIT,1702212828193,85.9,6.048
ANTUSDT,BUY,LIMIT,1702240751953,44.6,6.108
ANTUSDT,SELL,LIMIT,1702256627263,0.9,5.819
ANTUSDT,SELL,LIMIT,1702256915671,330.0,5.805
ANTUSDT,SELL,LIMIT,1702256921752,44.7,5.806
ANTUSDT,SELL,LIMIT,1702257008257,24.7,5.800
ANTUSDT,SELL,LIMIT,1702260430608,35.4,5.784
ANTUSDT,SELL,LIMIT,1702260440398,285.6,5.766
ANTUSDT,SELL,LIMIT,1702260621428,56.4,5.764
ANTUSDT,SELL,LIMIT,1702260632597,1098.3,5.738
ANTUSDT,SELL,LIMIT,1702260634204,353.7,5.764
ANTUSDT,SELL,LIMIT,1702260697262,586.0,5.736
ANTUSDT,SELL,LIMIT,1702260709230,8.4,5.729
ANTUSDT,SELL,LIMIT,1702260710289,1.0,5.719
ANTUSDT,BUY,LIMIT,1702260711570,19.7,5.893
ANTUSDT,SELL,LIMIT,1702260715012,68.8,5.714
ANTUSDT,SELL,LIMIT,1702260716609,18.9,5.713
ANTUSDT,SELL,LIMIT,1702260717879,71.2,5.704
ANTUSDT,SELL,LIMIT,1702260719296,69.5,5.703
ANTUSDT,SELL,LIMIT,1702260721374,82.4,5.698
ANTUSDT,SELL,LIMIT,1702260723952,549.4,5.698
ANTUSDT,SELL,LIMIT,1702260725269,380.9,5.782
ANTUSDT,SELL,LIMIT,1702260727613,83.4,5.698
ANTUSDT,SELL,LIMIT,1702260729163,180.1,5.698
ANTUSDT,SELL,LIMIT,1702260730225,327.8,5.697
ANTUSDT,SELL,LIMIT,1702260731396,3.2,5.693
ANTUSDT,SELL,LIMIT,1702260732823,33.4,5.687
ANTUSDT,SELL,LIMIT,1702260735827,4.1,5.688
ANTUSDT,SELL,LIMIT,1702260737088,58.9,5.675
ANTUSDT,SELL,LIMIT,1702260739458,14.5,5.671
ANTUSDT,SELL,LIMIT,1702260740562,188.1,5.669
ANTUSDT,SELL,LIMIT,1702260744805,43.2,5.661
ANTUSDT,SELL,LIMIT,1702260746086,18.8,5.655
ANTUSDT,BUY,LIMIT,1702260749479,17.7,5.823
ANTUSDT,SELL,LIMIT,1702260751612,47.7,5.650
ANTUSDT,BUY,LIMIT,1702260752822,12.1,5.821
ANTUSDT,SELL,LIMIT,1702260754585,52.5,5.646
ANTUSDT,SELL,LIMIT,1702260755663,7.5,5.792
ANTUSDT,SELL,LIMIT,1702260756974,118.8,5.635
ANTUSDT,SELL,LIMIT,1702260758020,2.1,5.632
ANTUSDT,SELL,LIMIT,1702260759404,2.4,5.631
ANTUSDT,SELL,LIMIT,1702260760456,0.9,5.626
ANTUSDT,SELL,LIMIT,1702260762597,0.9,5.606
ANTUSDT,SELL,LIMIT,1702260763652,278.5,5.624
ANTUSDT,SELL,LIMIT,1702260764755,0.9,5.612
ANTUSDT,SELL,LIMIT,1702260766604,50.0,5.603
ANTUSDT,SELL,LIMIT,1702260767810,190.0,5.596
ANTUSDT,SELL,LIMIT,1702260768876,0.9,5.583
ANTUSDT,SELL,LIMIT,1702260770035,50.2,5.571
ANTUSDT,SELL,LIMIT,1702260771572,11.9,5.558
ANTUSDT,SELL,LIMIT,1702260772683,95.7,5.552
ANTUSDT,SELL,LIMIT,1702260774380,17.3,5.566
ANTUSDT,SELL,LIMIT,1702260775481,0.9,5.494
ANTUSDT,SELL,LIMIT,1702260776775,25.5,5.498
ANTUSDT,SELL,LIMIT,1702260778163,48.2,5.587
ANTUSDT,SELL,LIMIT,1702260779212,0.9,5.532
ANTUSDT,SELL,LIMIT,1702260780487,16.6,5.445
ANTUSDT,SELL,LIMIT,1702260781532,33.2,5.448
ANTUSDT,SELL,LIMIT,1702260782559,167.1,5.403
ANTUSDT,SELL,LIMIT,1702260783588,162.5,5.381
ANTUSDT,SELL,LIMIT,1702260784663,1.1,5.385
ANTUSDT,SELL,LIMIT,1702260787577,23.7,5.378
ANTUSDT,SELL,LIMIT,1702260788662,195.1,5.346
ANTUSDT,SELL,LIMIT,1702260789835,0.9,5.342
ANTUSDT,SELL,LIMIT,1702260791588,3088.0,5.303
ANTUSDT,SELL,LIMIT,1702260793358,22.6,5.331
ANTUSDT,SELL,LIMIT,1702260795381,33.0,5.283
ANTUSDT,SELL,LIMIT,1702260796466,458.0,5.260
ANTUSDT,SELL,LIMIT,1702260797534,505.9,5.247
ANTUSDT,SELL,LIMIT,1702260799243,24.9,5.449
ANTUSDT,SELL,LIMIT,1702260800766,0.9,5.243
ANTUSDT,SELL,LIMIT,1702260801847,9.4,5.243
ANTUSDT,SELL,LIMIT,1702260803455,50.3,5.184
ANTUSDT,SELL,LIMIT,1702260805283,69.3,5.191
ANTUSDT,SELL,LIMIT,1702260806618,5.6,5.169
ANTUSDT,SELL,LIMIT,1702260807631,54.9,5.136
ANTUSDT,SELL,LIMIT,1702260809043,266.2,5.133
ANTUSDT,SELL,LIMIT,1702260810310,1.0,5.058
ANTUSDT,SELL,LIMIT,1702260811367,3.2,5.110
ANTUSDT,SELL,LIMIT,1702260813264,86.4,5.062
ANTUSDT,SELL,LIMIT,1702260818098,33.9,5.032
ANTUSDT,BUY,LIMIT,1702260840392,8.2,5.519
ANTUSDT,SELL,LIMIT,1702260978032,75.7,5.479
ANTUSDT,SELL,LIMIT,1702262615562,20.7,5.541
ANTUSDT,SELL,LIMIT,1702262779197,431.1,5.560
ANTUSDT,BUY,LIMIT,1702265949139,0.9,5.799
