Symbol,Side,Order Type,Time,Quantity,Price
APEUSDT,SELL,LIMIT,1700991156135,7,1.7245
APEUSDT,SELL,LIMIT,1700991159407,144,1.7231
APEUSDT,SELL,LIMIT,1700991172511,85,1.7207
APEUSDT,SELL,LIMIT,1700991174353,415,1.7198
APEUSDT,SELL,LIMIT,1700991234334,432,1.7177
APEUSDT,SELL,LIMIT,1700991240309,855,1.7168
APEUSDT,SELL,LIMIT,1700991246477,14,1.7159
APEUSDT,SELL,LIMIT,1700991247734,2843,1.7155
APEUSDT,SELL,LIMIT,1700991264795,54,1.7123
APEUSDT,SELL,LIMIT,1700991276062,25,1.7121
APEUSDT,SELL,LIMIT,1700991290136,28,1.7112
APEUSDT,BUY,LIMIT,1700992458327,200,1.7595
APEUSDT,BUY,LIMIT,1700992794897,43,1.7627
APEUSDT,SELL,LIMIT,1700994895569,2860,1.7175
APEUSDT,SELL,LIMIT,1700995606004,78,1.7152
APEUSDT,SELL,LIMIT,1700995697646,654,1.7103
APEUSDT,SELL,LIMIT,1700995699039,194,1.7094
APEUSDT,SELL,LIMIT,1700995801519,2860,1.7081
APEUSDT,SELL,LIMIT,1700995810127,32,1.7071
APEUSDT,SELL,LIMIT,1700995812311,100,1.7070
APEUSDT,SELL,LIMIT,1700995828358,19,1.7049
APEUSDT,SELL,LIMIT,1700995884229,844,1.7041
APEUSDT,SELL,LIMIT,1700995914408,13,1.7032
APEUSDT,SELL,LIMIT,1700995916429,281,1.7031
APEUSDT,SELL,LIMIT,1700995919421,580,1.7028
APEUSDT,SELL,LIMIT,1700995920425,1668,1.7018
APEUSDT,SELL,LIMIT,1700996007726,146,1.7008
APEUSDT,SELL,LIMIT,1700996144193,531,1.7006
APEUSDT,BUY,LIMIT,1700996210496,32,1.7260
APEUSDT,BUY,LIMIT,1700996327805,26,1.7247
APEUSDT,SELL,LIMIT,1700999219279,30,1.7132
APEUSDT,SELL,LIMIT,1701000449875,48,1.7045
APEUSDT,SELL,LIMIT,1701000557376,168,1.7088
APEUSDT,SELL,LIMIT,1701000611458,215,1.7019
APEUSDT,SELL,LIMIT,1701000653150,22,1.6988
APEUSDT,SELL,LIMIT,1701000660126,8,1.6979
APEUSDT,SELL,LIMIT,1701001437483,111,1.7052
APEUSDT,SELL,LIMIT,1701001501756,184,1.7012
APEUSDT,BUY,LIMIT,1701003225006,572,1.7355
APEUSDT,SELL,LIMIT,1701003894202,5,1.7158
APEUSDT,SELL,LIMIT,1701004923066,363,1.6966
APEUSDT,SELL,LIMIT,1701004924437,231,1.6959
APEUSDT,SELL,LIMIT,1701005074151,178,1.6937
APEUSDT,SELL,LIMIT,1701005084079,248,1.6918
APEUSDT,SELL,LIMIT,1701005156646,56,1.6911
APEUSDT,SELL,LIMIT,1701005455977,141,1.6895
APEUSDT,SELL,LIMIT,1701005457256,489,1.6882
APEUSDT,SELL,LIMIT,1701005467837,2891,1.6877
APEUSDT,SELL,LIMIT,1701005471217,635,1.6863
APEUSDT,SELL,LIMIT,1701005474055,548,1.6854
APEUSDT,SELL,LIMIT,1701005979136,25,1.6838
APEUSDT,SELL,LIMIT,1701006010071,134,1.6831
APEUSDT,SELL,LIMIT,1701006028305,17,1.6805
APEUSDT,SELL,LIMIT,1701006115082,2917,1.6802
APEUSDT,SELL,LIMIT,1701006139262,36,1.6793
APEUSDT,SELL,LIMIT,1701006199913,408,1.6957
APEUSDT,SELL,LIMIT,1701008405924,406,1.6778
APEUSDT,SELL,LIMIT,1701008412508,5000,1.6762
APEUSDT,SELL,LIMIT,1701008413794,715,1.6768
APEUSDT,SELL,LIMIT,1701008422883,15,1.6739
APEUSDT,SELL,LIMIT,1701008436210,2406,1.6730
APEUSDT,SELL,LIMIT,1701008437352,224,1.6727
APEUSDT,SELL,LIMIT,1701008438359,1579,1.6721
APEUSDT,SELL,LIMIT,1701008439364,543,1.6716
APEUSDT,SELL,LIMIT,1701008441970,5518,1.6710
APEUSDT,SELL,LIMIT,1701008444158,872,1.6711
APEUSDT,SELL,LIMIT,1701008449316,643,1.6708
APEUSDT,SELL,LIMIT,1701008451061,2185,1.6704
APEUSDT,SELL,LIMIT,1701008602898,257,1.6701
APEUSDT,SELL,LIMIT,1701009014095,54,1.6731
APEUSDT,SELL,LIMIT,1701009264127,5000,1.6689
APEUSDT,SELL,LIMIT,1701009271513,14,1.6684
APEUSDT,SELL,LIMIT,1701009276092,4,1.6679
APEUSDT,SELL,LIMIT,1701009277135,3,1.6665
APEUSDT,SELL,LIMIT,1701009278399,289,1.6669
APEUSDT,SELL,LIMIT,1701009280188,129,1.6667
APEUSDT,SELL,LIMIT,1701009281283,60,1.6655
APEUSDT,SELL,LIMIT,1701009289197,71,1.6652
APEUSDT,SELL,LIMIT,1701009290429,29,1.6648
APEUSDT,BUY,LIMIT,1701009500670,406,1.7069
APEUSDT,SELL,LIMIT,1701010474495,58,1.6792
APEUSDT,BUY,LIMIT,1701011118966,297,1.7164
APEUSDT,SELL,LIMIT,1701013475523,106,1.6668
APEUSDT,SELL,LIMIT,1701013479884,77,1.6661
APEUSDT,SELL,LIMIT,1701013506440,227,1.6646
APEUSDT,SELL,LIMIT,1701013507766,47,1.6645
APEUSDT,SELL,LIMIT,1701013513830,216,1.6636
APEUSDT,SELL,LIMIT,1701013530133,10,1.6625
APEUSDT,SELL,LIMIT,1701013531143,83,1.6626
APEUSDT,SELL,LIMIT,1701013532824,206,1.6625
APEUSDT,SELL,LIMIT,1701013534282,812,1.6622
APEUSDT,SELL,LIMIT,1701013536878,23,1.6619
APEUSDT,SELL,LIMIT,1701013538133,58,1.6616
APEUSDT,SELL,LIMIT,1701013547373,88,1.6613
APEUSDT,SELL,LIMIT,1701013707064,1096,1.6605
APEUSDT,SELL,LIMIT,1701013708208,117,1.6606
APEUSDT,SELL,LIMIT,1701013727246,708,1.6600
APEUSDT,SELL,LIMIT,1701013728498,35,1.6594
APEUSDT,SELL,LIMIT,1701013730933,6,1.6588
APEUSDT,SELL,LIMIT,1701013732675,231,1.6579
APEUSDT,SELL,LIMIT,1701013734337,1318,1.6579
APEUSDT,SELL,LIMIT,1701013735341,30,1.6580
APEUSDT,SELL,LIMIT,1701013738202,65,1.6575
APEUSDT,SELL,LIMIT,1701013743330,4,1.6569
APEUSDT,SELL,LIMIT,1701013744358,54,1.6566
APEUSDT,SELL,LIMIT,1701013824101,33,1.6565
APEUSDT,SELL,LIMIT,1701013831252,56,1.6561
APEUSDT,SELL,LIMIT,1701013850393,2621,1.6557
APEUSDT,SELL,LIMIT,1701013852276,107,1.6552
APEUSDT,SELL,LIMIT,1701013853315,1475,1.6552
APEUSDT,SELL,LIMIT,1701013854562,75,1.6530
APEUSDT,SELL,LIMIT,1701013857948,154,1.6534
APEUSDT,SELL,LIMIT,1701013859189,106,1.6533
APEUSDT,SELL,LIMIT,1701013860283,1713,1.6525
APEUSDT,SELL,LIMIT,1701013864408,375,1.6518
APEUSDT,SELL,LIMIT,1701013952570,579,1.6513
APEUSDT,SELL,LIMIT,1701013954221,143,1.6503
APEUSDT,SELL,LIMIT,1701013956065,15278,1.6485
APEUSDT,SELL,LIMIT,1701013957639,1000,1.6499
APEUSDT,SELL,LIMIT,1701013964210,138,1.6481
APEUSDT,SELL,LIMIT,1701013966492,1742,1.6477
APEUSDT,SELL,LIMIT,1701013968032,70,1.6474
APEUSDT,SELL,LIMIT,1701013973825,34,1.6468
APEUSDT,SELL,LIMIT,1701013991592,312,1.6470
APEUSDT,SELL,LIMIT,1701013993917,23276,1.6434
APEUSDT,SELL,LIMIT,1701013999621,51,1.6457
APEUSDT,SELL,LIMIT,1701014018762,9000,1.6446
APEUSDT,SELL,LIMIT,1701014921311,4,1.6602
APEUSDT,BUY,LIMIT,1701014933342,236,1.6827
APEUSDT,SELL,LIMIT,1701015638084,369,1.6522
APEUSDT,SELL,LIMIT,1701015640991,2500,1.6516
APEUSDT,SELL,LIMIT,1701015664638,11,1.6483
APEUSDT,SELL,LIMIT,1701015684297,148,1.6453
APEUSDT,SELL,LIMIT,1701015685458,3382,1.6512
APEUSDT,SELL,LIMIT,1701015686255,114,1.6517
APEUSDT,SELL,LIMIT,1701015735482,3,1.6451
APEUSDT,SELL,LIMIT,1701015744293,812,1.6439
APEUSDT,SELL,LIMIT,1701015746319,747,1.6436
APEUSDT,SELL,LIMIT,1701015747649,1131,1.6432
APEUSDT,SELL,LIMIT,1701015759169,859,1.6415
APEUSDT,SELL,LIMIT,1701015761470,3,1.6415
APEUSDT,SELL,LIMIT,1701015764258,1232,1.6410
APEUSDT,SELL,LIMIT,1701015785844,14,1.6403
APEUSDT,SELL,LIMIT,1701015825099,55,1.6453
APEUSDT,SELL,LIMIT,1701015872412,276,1.6478
APEUSDT,SELL,LIMIT,1701016004932,30,1.6419
APEUSDT,SELL,LIMIT,1701016012550,7,1.6428
APEUSDT,SELL,LIMIT,1701016016810,148,1.6411
APEUSDT,SELL,LIMIT,1701016019063,3,1.6396
APEUSDT,SELL,LIMIT,1701016020292,1463,1.6371
APEUSDT,SELL,LIMIT,1701016021382,936,1.6390
APEUSDT,SELL,LIMIT,1701016028546,27,1.6371
APEUSDT,SELL,LIMIT,1701016030065,20,1.6369
APEUSDT,SELL,LIMIT,1701016031046,85,1.6358
APEUSDT,SELL,LIMIT,1701016032708,13309,1.6339
APEUSDT,SELL,LIMIT,1701016033894,18,1.6351
APEUSDT,SELL,LIMIT,1701016034841,405,1.6341
APEUSDT,SELL,LIMIT,1701016037126,118,1.6322
APEUSDT,SELL,LIMIT,1701016038980,3000,1.6310
APEUSDT,SELL,LIMIT,1701016041066,1333,1.6264
APEUSDT,SELL,LIMIT,1701016042125,8,1.6265
APEUSDT,SELL,LIMIT,1701016043382,16,1.6264
APEUSDT,SELL,LIMIT,1701016044284,173,1.6235
APEUSDT,SELL,LIMIT,1701016045210,236,1.6330
APEUSDT,SELL,LIMIT,1701016046135,109,1.6220
APEUSDT,SELL,LIMIT,1701016047175,147,1.6219
APEUSDT,SELL,LIMIT,1701016047988,15,1.6206
APEUSDT,SELL,LIMIT,1701016049355,4,1.6206
APEUSDT,SELL,LIMIT,1701016051274,1379,1.6221
APEUSDT,SELL,LIMIT,1701016098176,230,1.6200
APEUSDT,SELL,LIMIT,1701016099216,4344,1.6183
APEUSDT,SELL,LIMIT,1701016100277,160,1.6194
APEUSDT,SELL,LIMIT,1701016101274,2892,1.6181
APEUSDT,SELL,LIMIT,1701016102136,9,1.6180
APEUSDT,SELL,LIMIT,1701016102875,1374,1.6168
APEUSDT,BUY,LIMIT,1701019387202,738,1.6694
APEUSDT,SELL,LIMIT,1701024588120,606,1.6321
APEUSDT,SELL,LIMIT,1701025024737,3023,1.6279
APEUSDT,SELL,LIMIT,1701025340492,64,1.6220
APEUSDT,SELL,LIMIT,1701025342146,372,1.6210
APEUSDT,SELL,LIMIT,1701025420136,61,1.6201
APEUSDT,SELL,LIMIT,1701026002020,57,1.6155
APEUSDT,SELL,LIMIT,1701026318046,263,1.6156
APEUSDT,SELL,LIMIT,1701026319355,6,1.6157
APEUSDT,SELL,LIMIT,1701027223047,232,1.6138
APEUSDT,SELL,LIMIT,1701027224172,575,1.6150
APEUSDT,SELL,LIMIT,1701027225500,404,1.6135
APEUSDT,SELL,LIMIT,1701027530163,312,1.6117
APEUSDT,SELL,LIMIT,1701027652944,478,1.6116
APEUSDT,SELL,LIMIT,1701027687290,31,1.6089
APEUSDT,SELL,LIMIT,1701027688292,311,1.6095
APEUSDT,SELL,LIMIT,1701027689814,29,1.6080
APEUSDT,SELL,LIMIT,1701029008106,2216,1.6166
APEUSDT,SELL,LIMIT,1701031740375,28,1.6355
APEUSDT,BUY,LIMIT,1701036231166,154,1.6638
APEUSDT,BUY,LIMIT,1701036376354,122,1.6697
APEUSDT,BUY,LIMIT,1701036425674,1399,1.6710
APEUSDT,BUY,LIMIT,1701037373769,496,1.6765
APEUSDT,BUY,LIMIT,1701037400115,3039,1.6770
APEUSDT,BUY,LIMIT,1701037447391,3099,1.6785
APEUSDT,SELL,LIMIT,1701039941252,142,1.6348
APEUSDT,SELL,LIMIT,1701039948430,1178,1.6345
APEUSDT,SELL,LIMIT,1701040237331,55,1.6322
APEUSDT,SELL,LIMIT,1701040606704,740,1.6292
APEUSDT,SELL,LIMIT,1701041246538,3010,1.6283
APEUSDT,SELL,LIMIT,1701041263196,64,1.6273
APEUSDT,BUY,LIMIT,1701044615483,237,1.6668
APEUSDT,BUY,LIMIT,1701045070378,9,1.6699
APEUSDT,BUY,LIMIT,1701045610510,25,1.6753
APEUSDT,BUY,LIMIT,1701045756244,72,1.6721
APEUSDT,BUY,LIMIT,1701045819110,4276,1.6724
APEUSDT,SELL,LIMIT,1701048056694,2969,1.6302
APEUSDT,SELL,LIMIT,1701049279381,754,1.6233
APEUSDT,SELL,LIMIT,1701049342325,301,1.6175
APEUSDT,SELL,LIMIT,1701049547290,21,1.6154
APEUSDT,SELL,LIMIT,1701049555032,700,1.6145
APEUSDT,SELL,LIMIT,1701049560102,399,1.6119
APEUSDT,SELL,LIMIT,1701049561327,24,1.6126
APEUSDT,SELL,LIMIT,1701049576842,1599,1.6111
APEUSDT,SELL,LIMIT,1701050230072,65,1.6094
APEUSDT,SELL,LIMIT,1701050232286,8852,1.6059
APEUSDT,SELL,LIMIT,1701050239253,88,1.6070
APEUSDT,SELL,LIMIT,1701050243343,1616,1.6067
APEUSDT,SELL,LIMIT,1701050252205,16,1.6062
APEUSDT,SELL,LIMIT,1701050267186,261,1.6060
APEUSDT,SELL,LIMIT,1701050410128,2182,1.6054
APEUSDT,SELL,LIMIT,1701050643283,682,1.6045
APEUSDT,SELL,LIMIT,1701050769384,458,1.6032
APEUSDT,SELL,LIMIT,1701051345337,600,1.6030
APEUSDT,SELL,LIMIT,1701051351260,24258,1.5997
APEUSDT,SELL,LIMIT,1701051357104,59,1.6010
APEUSDT,SELL,LIMIT,1701051359412,500,1.6004
APEUSDT,SELL,LIMIT,1701051360557,185,1.5990
APEUSDT,SELL,LIMIT,1701051564978,10,1.5986
APEUSDT,SELL,LIMIT,1701051580144,539,1.5986
APEUSDT,SELL,LIMIT,1701051581313,1507,1.5979
APEUSDT,SELL,LIMIT,1701051582719,252,1.5959
APEUSDT,SELL,LIMIT,1701051611284,173,1.5956
APEUSDT,SELL,LIMIT,1701051613669,109,1.5951
APEUSDT,SELL,LIMIT,1701051619213,230,1.5948
APEUSDT,SELL,LIMIT,1701051620273,230,1.5948
APEUSDT,SELL,LIMIT,1701051633352,66,1.5945
APEUSDT,SELL,LIMIT,1701051634514,1768,1.5941
APEUSDT,SELL,LIMIT,1701051642107,174,1.5935
APEUSDT,BUY,LIMIT,1701051733611,4,1.6209
APEUSDT,SELL,LIMIT,1701052647456,3060,1.6040
APEUSDT,SELL,LIMIT,1701052842203,66,1.6072
APEUSDT,SELL,LIMIT,1701053159919,750,1.6014
APEUSDT,SELL,LIMIT,1701056038749,141,1.6044
APEUSDT,SELL,LIMIT,1701056051484,4056,1.6036
APEUSDT,SELL,LIMIT,1701056053415,146,1.6017
APEUSDT,SELL,LIMIT,1701056101179,1525,1.5997
APEUSDT,BUY,LIMIT,1701059614945,29,1.6444
APEUSDT,BUY,LIMIT,1701061211396,19,1.6479
