Symbol,Side,Order Type,Time,Quantity,Price
APEUSDT,SELL,LIMIT,1701918304099,1283,1.6053
APEUSDT,SELL,LIMIT,1701918305310,110,1.6050
APEUSDT,SELL,LIMIT,1701918365409,334,1.6041
APEUSDT,SELL,LIMIT,1701918367874,42,1.6034
APEUSDT,SELL,LIMIT,1701918373985,5,1.6031
APEUSDT,SELL,LIMIT,1701918383316,14,1.6031
APEUSDT,SELL,LIMIT,1701918508673,3060,1.5992
APEUSDT,BUY,LIMIT,1701923850437,10,1.6383
APEUSDT,BUY,LIMIT,1701924760708,395,1.6500
APEUSDT,BUY,LIMIT,1701924780067,1500,1.6511
APEUSDT,BUY,LIMIT,1701927004538,26,1.6681
APEUSDT,SELL,LIMIT,1701936875200,50,1.6166
APEUSDT,SELL,LIMIT,1701936898650,3033,1.6157
APEUSDT,SELL,LIMIT,1701937821180,635,1.6079
APEUSDT,SELL,LIMIT,1701937824839,30595,1.6033
APEUSDT,SELL,LIMIT,1701937838411,457,1.6060
APEUSDT,SELL,LIMIT,1701939361744,3054,1.6024
APEUSDT,SELL,LIMIT,1701939562007,600,1.5981
APEUSDT,SELL,LIMIT,1701939576149,169,1.5967
APEUSDT,SELL,LIMIT,1701939577643,5,1.5959
APEUSDT,SELL,LIMIT,1701939578747,741,1.5951
APEUSDT,SELL,LIMIT,1701939691562,151,1.5959
APEUSDT,SELL,LIMIT,1701939972965,1308,1.5927
APEUSDT,SELL,LIMIT,1701939986929,1089,1.5913
APEUSDT,SELL,LIMIT,1701940003130,226,1.5906
APEUSDT,SELL,LIMIT,1701940013499,21,1.5884
APEUSDT,SELL,LIMIT,1701940015805,9513,1.5856
APEUSDT,SELL,LIMIT,1701940021893,6,1.5858
APEUSDT,SELL,LIMIT,1701940474408,1702,1.5846
APEUSDT,SELL,LIMIT,1701940524538,314,1.5829
APEUSDT,SELL,LIMIT,1701940554273,109,1.5822
APEUSDT,SELL,LIMIT,1701940555574,17,1.5822
APEUSDT,SELL,LIMIT,1701940559804,61,1.5811
APEUSDT,SELL,LIMIT,1701940561269,1371,1.5801
APEUSDT,SELL,LIMIT,1701940562931,148,1.5841
APEUSDT,SELL,LIMIT,1701940565420,11,1.5788
APEUSDT,SELL,LIMIT,1701940579288,42,1.5784
APEUSDT,SELL,LIMIT,1701940675463,18,1.5785
APEUSDT,SELL,LIMIT,1701940686241,117,1.5769
APEUSDT,SELL,LIMIT,1701940687578,203,1.5771
APEUSDT,SELL,LIMIT,1701941072804,3,1.5764
APEUSDT,SELL,LIMIT,1701941074126,821,1.5755
APEUSDT,SELL,LIMIT,1701941146790,121,1.5741
APEUSDT,SELL,LIMIT,1701941149218,75,1.5729
APEUSDT,SELL,LIMIT,1701941153276,12,1.5728
APEUSDT,SELL,LIMIT,1701941154370,354,1.5720
APEUSDT,SELL,LIMIT,1701941156837,174,1.5721
APEUSDT,SELL,LIMIT,1701941158651,730,1.5720
APEUSDT,SELL,LIMIT,1701941160129,11,1.5715
APEUSDT,SELL,LIMIT,1701941164199,9316,1.5695
APEUSDT,SELL,LIMIT,1701941169638,406,1.5703
APEUSDT,SELL,LIMIT,1701941174399,308,1.5697
APEUSDT,SELL,LIMIT,1701941176252,187,1.5681
APEUSDT,SELL,LIMIT,1701941177494,154,1.5685
APEUSDT,SELL,LIMIT,1701941179091,74,1.5674
APEUSDT,SELL,LIMIT,1701941184657,321,1.5674
APEUSDT,SELL,LIMIT,1701941186254,605,1.5666
APEUSDT,SELL,LIMIT,1701941187622,159,1.5658
APEUSDT,SELL,LIMIT,1701941189175,159,1.5639
APEUSDT,SELL,LIMIT,1701941192069,1008,1.5632
APEUSDT,SELL,LIMIT,1701941193312,689,1.5631
APEUSDT,SELL,LIMIT,1701941234195,30,1.5627
APEUSDT,SELL,LIMIT,1701941237810,29,1.5620
APEUSDT,SELL,LIMIT,1701941239843,891,1.5624
APEUSDT,SELL,LIMIT,1701941244224,37,1.5599
APEUSDT,SELL,LIMIT,1701941245438,176,1.5594
APEUSDT,SELL,LIMIT,1701941247163,100,1.5590
APEUSDT,SELL,LIMIT,1701941248307,10,1.5579
APEUSDT,SELL,LIMIT,1701941255485,4,1.5588
APEUSDT,SELL,LIMIT,1701941256584,77,1.5570
APEUSDT,BUY,LIMIT,1701951324663,274,1.6141
APEUSDT,BUY,LIMIT,1701953563069,25,1.6249
APEUSDT,BUY,LIMIT,1701953612434,27,1.6253
APEUSDT,BUY,LIMIT,1701954099786,187,1.6277
APEUSDT,BUY,LIMIT,1701954111886,1255,1.6279
APEUSDT,BUY,LIMIT,1701962781373,50,1.6385
APEUSDT,BUY,LIMIT,1701962877969,283,1.6422
APEUSDT,BUY,LIMIT,1701962958221,162,1.6439
APEUSDT,BUY,LIMIT,1701963022670,2500,1.6456
APEUSDT,BUY,LIMIT,1701963468133,17,1.6500
APEUSDT,BUY,LIMIT,1701963782959,1386,1.6578
APEUSDT,BUY,LIMIT,1701966771216,18,1.6727
APEUSDT,BUY,LIMIT,1701966774623,59,1.6738
APEUSDT,BUY,LIMIT,1701966787431,313,1.6746
APEUSDT,BUY,LIMIT,1701966815216,15743,1.6797
APEUSDT,BUY,LIMIT,1701966850168,864,1.6801
APEUSDT,BUY,LIMIT,1701966870095,4,1.6814
APEUSDT,BUY,LIMIT,1701966928823,7,1.6834
APEUSDT,BUY,LIMIT,1701966946782,241,1.6847
APEUSDT,BUY,LIMIT,1701966957449,10,1.6876
APEUSDT,BUY,LIMIT,1701966969147,8,1.6893
APEUSDT,BUY,LIMIT,1701967242791,589,1.6868
APEUSDT,BUY,LIMIT,1701969702880,246,1.6950
APEUSDT,SELL,LIMIT,1701970479369,124,1.6614
APEUSDT,SELL,LIMIT,1701971004412,225,1.6483
APEUSDT,SELL,LIMIT,1701971378136,1294,1.6436
APEUSDT,BUY,LIMIT,1701971753363,75,1.6445
APEUSDT,SELL,LIMIT,1701974056679,338,1.6830
APEUSDT,SELL,LIMIT,1701974317523,149,1.6352
APEUSDT,SELL,LIMIT,1701976685465,9,1.6309
APEUSDT,SELL,LIMIT,1701976870406,174,1.6292
APEUSDT,SELL,LIMIT,1701977187486,1836,1.6244
APEUSDT,SELL,LIMIT,1701977297679,4286,1.6216
APEUSDT,SELL,LIMIT,1701978257283,949,1.6182
APEUSDT,SELL,LIMIT,1701978277801,148,1.6182
APEUSDT,BUY,LIMIT,1701983436812,269,1.6667
APEUSDT,BUY,LIMIT,1701985444510,152,1.6939
APEUSDT,BUY,LIMIT,1701985453529,8,1.6964
APEUSDT,BUY,LIMIT,1701985467081,912,1.6978
APEUSDT,BUY,LIMIT,1701985494387,22,1.6980
APEUSDT,BUY,LIMIT,1701985516346,520,1.6987
APEUSDT,BUY,LIMIT,1701985520677,75,1.6991
APEUSDT,BUY,LIMIT,1701986169087,34552,1.7122
APEUSDT,BUY,LIMIT,1701986173560,23,1.7093
APEUSDT,BUY,LIMIT,1701986178801,279,1.7110
APEUSDT,BUY,LIMIT,1701986225087,32,1.7123
APEUSDT,SELL,LIMIT,1701987530352,2055,1.6671
APEUSDT,SELL,LIMIT,1701987634477,325,1.6636
APEUSDT,SELL,LIMIT,1701987690037,3,1.6624
APEUSDT,SELL,LIMIT,1701987704136,300,1.6586
APEUSDT,SELL,LIMIT,1701988476741,857,1.6466
APEUSDT,SELL,LIMIT,1701991036469,20,1.6483
APEUSDT,SELL,LIMIT,1701997742134,58,1.6418
APEUSDT,BUY,LIMIT,1701998572331,334,1.6629
APEUSDT,BUY,LIMIT,1702005645762,152,1.6878
APEUSDT,BUY,LIMIT,1702005647342,18,1.6889
APEUSDT,BUY,LIMIT,1702006208561,10,1.6964
APEUSDT,BUY,LIMIT,1702006669105,10,1.6958
APEUSDT,BUY,LIMIT,1702006970760,15,1.6944
APEUSDT,BUY,LIMIT,1702007154541,17,1.6949
APEUSDT,BUY,LIMIT,1702010016047,17,1.6892
APEUSDT,BUY,LIMIT,1702016154522,585,1.6879
APEUSDT,BUY,LIMIT,1702018380321,21,1.6802
APEUSDT,SELL,LIMIT,1702020191050,15,1.6451
APEUSDT,SELL,LIMIT,1702020192358,46,1.6445
APEUSDT,SELL,LIMIT,1702020222914,212,1.6429
APEUSDT,SELL,LIMIT,1702020534558,646,1.6397
APEUSDT,SELL,LIMIT,1702020540501,8017,1.6380
APEUSDT,SELL,LIMIT,1702020641455,5,1.6369
APEUSDT,SELL,LIMIT,1702020660302,150,1.6351
APEUSDT,SELL,LIMIT,1702020664782,437,1.6343
APEUSDT,SELL,LIMIT,1702029660669,21,1.6399
APEUSDT,SELL,LIMIT,1702032588341,5,1.6805
APEUSDT,BUY,LIMIT,1702033287356,325,1.6732
APEUSDT,BUY,LIMIT,1702033295391,411,1.6742
APEUSDT,BUY,LIMIT,1702034093268,15,1.6704
APEUSDT,BUY,LIMIT,1702035170119,121,1.6806
APEUSDT,BUY,LIMIT,1702035180274,28,1.6812
APEUSDT,BUY,LIMIT,1702035734215,10,1.6818
APEUSDT,SELL,LIMIT,1702035900743,43,1.6616
APEUSDT,SELL,LIMIT,1702035930756,366,1.6622
APEUSDT,SELL,LIMIT,1702035937226,63,1.6607
APEUSDT,BUY,LIMIT,1702038630728,223,1.6943
APEUSDT,BUY,LIMIT,1702042985337,13,1.6863
APEUSDT,BUY,LIMIT,1702045692427,42,1.6909
APEUSDT,BUY,LIMIT,1702045885456,52,1.6945
APEUSDT,BUY,LIMIT,1702047825974,976,1.7098
APEUSDT,BUY,LIMIT,1702047970164,60,1.7140
APEUSDT,BUY,LIMIT,1702047980271,33,1.7155
APEUSDT,BUY,LIMIT,1702051504648,50,1.7107
APEUSDT,SELL,LIMIT,1702051520184,192,1.6897
APEUSDT,SELL,LIMIT,1702051584267,11,1.6961
APEUSDT,BUY,LIMIT,1702051721003,415,1.7169
APEUSDT,BUY,LIMIT,1702051738446,100,1.7179
APEUSDT,BUY,LIMIT,1702051982594,15,1.7216
APEUSDT,BUY,LIMIT,1702052090809,131,1.7191
APEUSDT,BUY,LIMIT,1702052155188,44,1.7222
APEUSDT,BUY,LIMIT,1702052157013,7,1.7225
APEUSDT,BUY,LIMIT,1702052188577,15,1.7257
APEUSDT,BUY,LIMIT,1702052279280,1205,1.7270
APEUSDT,BUY,LIMIT,1702052280685,29,1.7279
APEUSDT,BUY,LIMIT,1702052338660,45,1.7293
APEUSDT,BUY,LIMIT,1702052341275,298,1.7298
APEUSDT,BUY,LIMIT,1702053187278,18,1.7330
APEUSDT,BUY,LIMIT,1702053197405,24,1.7333
APEUSDT,BUY,LIMIT,1702053203177,104,1.7340
APEUSDT,BUY,LIMIT,1702053315118,14,1.7350
APEUSDT,BUY,LIMIT,1702053445380,25,1.7331
APEUSDT,BUY,LIMIT,1702062071415,147,1.7289
APEUSDT,BUY,LIMIT,1702062174967,1287,1.7311
APEUSDT,BUY,LIMIT,1702062441276,62,1.7355
APEUSDT,BUY,LIMIT,1702062451543,6,1.7360
APEUSDT,BUY,LIMIT,1702062756074,36,1.7378
APEUSDT,BUY,LIMIT,1702063756580,26,1.7330
APEUSDT,BUY,LIMIT,1702064015991,157,1.7388
APEUSDT,BUY,LIMIT,1702064061699,4316,1.7405
APEUSDT,BUY,LIMIT,1702064739417,1085,1.7413
APEUSDT,BUY,LIMIT,1702065209338,20,1.7421
APEUSDT,BUY,LIMIT,1702065213582,221,1.7425
APEUSDT,BUY,LIMIT,1702065222835,2639,1.7439
APEUSDT,BUY,LIMIT,1702065226269,99,1.7440
APEUSDT,BUY,LIMIT,1702065235198,105,1.7447
APEUSDT,BUY,LIMIT,1702065236328,33,1.7449
APEUSDT,BUY,LIMIT,1702065352634,125,1.7472
APEUSDT,BUY,LIMIT,1702065361439,221,1.7490
APEUSDT,BUY,LIMIT,1702065362529,12,1.7495
APEUSDT,BUY,LIMIT,1702065942715,86,1.7503
APEUSDT,BUY,LIMIT,1702066027411,652,1.7515
APEUSDT,BUY,LIMIT,1702066109675,14,1.7522
APEUSDT,BUY,LIMIT,1702066758188,3,1.7559
APEUSDT,BUY,LIMIT,1702066794304,10,1.7571
APEUSDT,BUY,LIMIT,1702066803154,7,1.7579
APEUSDT,BUY,LIMIT,1702068238866,129,1.7469
APEUSDT,BUY,LIMIT,1702068652527,8,1.7547
APEUSDT,BUY,LIMIT,1702068792162,7,1.7533
APEUSDT,BUY,LIMIT,1702070663197,7,1.7402
APEUSDT,BUY,LIMIT,1702070895514,198,1.7462
APEUSDT,BUY,LIMIT,1702072671667,12,1.7581
APEUSDT,BUY,LIMIT,1702072781124,6423,1.7593
APEUSDT,BUY,LIMIT,1702072936250,2,1.7589
APEUSDT,BUY,LIMIT,1702073427716,12,1.7607
APEUSDT,BUY,LIMIT,1702073445442,2300,1.7610
APEUSDT,BUY,LIMIT,1702073448130,8,1.7612
APEUSDT,BUY,LIMIT,1702073449159,9,1.7612
APEUSDT,BUY,LIMIT,1702073451796,62,1.7618
APEUSDT,SELL,LIMIT,1702074268949,293,1.7337
APEUSDT,BUY,LIMIT,1702075585092,12,1.7621
APEUSDT,BUY,LIMIT,1702075604075,5,1.7632
APEUSDT,BUY,LIMIT,1702075692885,40,1.7642
APEUSDT,BUY,LIMIT,1702076678455,144,1.7657
APEUSDT,BUY,LIMIT,1702076679765,25,1.7665
APEUSDT,BUY,LIMIT,1702076714350,1016,1.7673
APEUSDT,BUY,LIMIT,1702076731651,32,1.7695
APEUSDT,BUY,LIMIT,1702076740652,131,1.7719
APEUSDT,BUY,LIMIT,1702076752667,85,1.7728
APEUSDT,BUY,LIMIT,1702076756866,741,1.7739
APEUSDT,BUY,LIMIT,1702076771769,150,1.7750
APEUSDT,BUY,LIMIT,1702076881205,2865,1.7790
APEUSDT,BUY,LIMIT,1702078561725,573,1.7795
APEUSDT,BUY,LIMIT,1702078609448,54,1.7804
APEUSDT,BUY,LIMIT,1702078611333,7,1.7807
APEUSDT,BUY,LIMIT,1702078717577,201,1.7818
APEUSDT,BUY,LIMIT,1702078727096,69,1.7825
APEUSDT,BUY,LIMIT,1702078755347,22,1.7826
APEUSDT,BUY,LIMIT,1702079990082,24,1.7714
APEUSDT,BUY,LIMIT,1702080006714,152,1.7717
APEUSDT,BUY,LIMIT,1702080186938,10,1.7791
APEUSDT,BUY,LIMIT,1702080332619,195,1.7877
APEUSDT,BUY,LIMIT,1702080337110,124,1.7885
APEUSDT,BUY,LIMIT,1702080342599,29084,1.7939
APEUSDT,BUY,LIMIT,1702080373535,78,1.7905
APEUSDT,BUY,LIMIT,1702080385278,566,1.7923
APEUSDT,BUY,LIMIT,1702080390211,10,1.7931
APEUSDT,BUY,LIMIT,1702080403028,22,1.7936
APEUSDT,BUY,LIMIT,1702080404372,324,1.7937
APEUSDT,BUY,LIMIT,1702080415153,99,1.7949
APEUSDT,BUY,LIMIT,1702080420087,991,1.7955
APEUSDT,BUY,LIMIT,1702080454395,178,1.7962
APEUSDT,BUY,LIMIT,1702080574222,12651,1.7996
APEUSDT,BUY,LIMIT,1702080576084,1800,1.7985
APEUSDT,BUY,LIMIT,1702080584223,137,1.7992
APEUSDT,BUY,LIMIT,1702080585422,1428,1.7994
APEUSDT,BUY,LIMIT,1702080591700,15,1.8013
APEUSDT,BUY,LIMIT,1702080687268,77,1.8033
APEUSDT,BUY,LIMIT,1702080990941,101,1.7992
APEUSDT,BUY,LIMIT,1702081229517,300,1.7960
APEUSDT,BUY,LIMIT,1702081277507,22,1.8046
APEUSDT,BUY,LIMIT,1702081284237,220,1.8059
APEUSDT,BUY,LIMIT,1702081286846,247,1.8063
APEUSDT,BUY,LIMIT,1702081288241,79,1.8066
APEUSDT,BUY,LIMIT,1702081292833,6744,1.8082
APEUSDT,BUY,LIMIT,1702081294133,530,1.8081
APEUSDT,BUY,LIMIT,1702081297227,85,1.8106
APEUSDT,BUY,LIMIT,1702081302709,4,1.8115
APEUSDT,BUY,LIMIT,1702081312186,256,1.8118
APEUSDT,BUY,LIMIT,1702081471313,142,1.8097
APEUSDT,SELL,LIMIT,1702081655089,17,1.8015
APEUSDT,BUY,LIMIT,1702081661282,19,1.8102
APEUSDT,BUY,LIMIT,1702081663162,42,1.8098
APEUSDT,BUY,LIMIT,1702081664225,7,1.8103
APEUSDT,BUY,LIMIT,1702081674183,3,1.8120
APEUSDT,BUY,LIMIT,1702081754150,8170,1.8127
APEUSDT,BUY,LIMIT,1702081933476,65,1.8141
APEUSDT,BUY,LIMIT,1702081942030,18,1.8147
APEUSDT,BUY,LIMIT,1702081946509,20,1.8160
APEUSDT,BUY,LIMIT,1702081965588,560,1.8182
APEUSDT,BUY,LIMIT,1702081975060,2396,1.8207
APEUSDT,BUY,LIMIT,1702081979107,333,1.8232
APEUSDT,BUY,LIMIT,1702081980363,58,1.8226
APEUSDT,BUY,LIMIT,1702081981898,85,1.8249
APEUSDT,BUY,LIMIT,1702081982949,242,1.8257
APEUSDT,BUY,LIMIT,1702081998346,202,1.8299
APEUSDT,BUY,LIMIT,1702082029246,306,1.8334
APEUSDT,BUY,LIMIT,1702082030333,567,1.8330
APEUSDT,BUY,LIMIT,1702082048970,543,1.8320
APEUSDT,BUY,LIMIT,1702082075251,159,1.8352
APEUSDT,BUY,LIMIT,1702082076428,54,1.8365
APEUSDT,BUY,LIMIT,1702082096090,523,1.8379
APEUSDT,SELL,LIMIT,1702083876095,47,1.7762
APEUSDT,SELL,LIMIT,1702083914060,354,1.7738
APEUSDT,SELL,LIMIT,1702084009798,55,1.7694
APEUSDT,SELL,LIMIT,1702084094260,583,1.7621
APEUSDT,SELL,LIMIT,1702084106521,121,1.7576
APEUSDT,SELL,LIMIT,1702085801269,13,1.7980
APEUSDT,BUY,LIMIT,1702085900320,264,1.8026
APEUSDT,BUY,LIMIT,1702085901360,29,1.8016
APEUSDT,SELL,LIMIT,1702089682059,694,1.7537
APEUSDT,BUY,LIMIT,1702091756922,9,1.7903
APEUSDT,BUY,LIMIT,1702091763858,20,1.7895
APEUSDT,BUY,LIMIT,1702091933373,20,1.7955
APEUSDT,BUY,LIMIT,1702092496493,98,1.7984
APEUSDT,BUY,LIMIT,1702094500470,159,1.8060
APEUSDT,BUY,LIMIT,1702094558076,362,1.8066
APEUSDT,BUY,LIMIT,1702094584317,48,1.8040
APEUSDT,BUY,LIMIT,1702094610915,1655,1.8066
APEUSDT,BUY,LIMIT,1702094617865,149,1.8066
APEUSDT,BUY,LIMIT,1702094630139,482,1.8075
APEUSDT,BUY,LIMIT,1702096358528,94,1.8078
APEUSDT,SELL,LIMIT,1702097630266,6,1.7852
APEUSDT,BUY,LIMIT,1702097662665,1042,1.8080
APEUSDT,BUY,LIMIT,1702097844119,25,1.7867
APEUSDT,SELL,LIMIT,1702099038800,12,1.7853
APEUSDT,SELL,LIMIT,1702100364793,56,1.7617
APEUSDT,BUY,LIMIT,1702101644302,827,1.7729
APEUSDT,BUY,LIMIT,1702103600472,25,1.8011
APEUSDT,BUY,LIMIT,1702105925681,52,1.8127
APEUSDT,BUY,LIMIT,1702106081224,13,1.8127
APEUSDT,BUY,LIMIT,1702107195438,123,1.8137
APEUSDT,BUY,LIMIT,1702107206906,46,1.8136
APEUSDT,BUY,LIMIT,1702107768151,9,1.8254
APEUSDT,BUY,LIMIT,1702107949289,732,1.8284
APEUSDT,BUY,LIMIT,1702107981077,1629,1.8320
APEUSDT,BUY,LIMIT,1702107986137,831,1.8333
APEUSDT,BUY,LIMIT,1702107991122,12,1.8338
APEUSDT,BUY,LIMIT,1702108012801,27,1.8356
APEUSDT,BUY,LIMIT,1702108040060,79,1.8381
APEUSDT,BUY,LIMIT,1702108055466,225,1.8407
APEUSDT,BUY,LIMIT,1702108069056,2544,1.8410
APEUSDT,SELL,LIMIT,1702108077280,35,1.8162
APEUSDT,SELL,LIMIT,1702108281959,10,1.8080
APEUSDT,BUY,LIMIT,1702108293834,44,1.8308
APEUSDT,BUY,LIMIT,1702108359269,54,1.8332
APEUSDT,BUY,LIMIT,1702108549221,106,1.8348
APEUSDT,BUY,LIMIT,1702108942914,1415,1.8426
APEUSDT,BUY,LIMIT,1702108945731,164,1.8432
APEUSDT,BUY,LIMIT,1702109009190,140,1.8429
APEUSDT,BUY,LIMIT,1702109087384,418,1.8440
APEUSDT,BUY,LIMIT,1702109101892,1059,1.8459
APEUSDT,BUY,LIMIT,1702109107236,13,1.8473
APEUSDT,BUY,LIMIT,1702109108493,300,1.8469
APEUSDT,BUY,LIMIT,1702109111053,124,1.8480
APEUSDT,BUY,LIMIT,1702109188685,2762,1.8507
APEUSDT,BUY,LIMIT,1702109207917,283,1.8521
APEUSDT,BUY,LIMIT,1702109260517,1264,1.8534
APEUSDT,BUY,LIMIT,1702109278667,1386,1.8541
APEUSDT,BUY,LIMIT,1702109357354,181,1.8570
APEUSDT,BUY,LIMIT,1702109364106,2824,1.8588
APEUSDT,BUY,LIMIT,1702109416204,34,1.8590
APEUSDT,BUY,LIMIT,1702109419437,590,1.8585
APEUSDT,BUY,LIMIT,1702109498180,110,1.8591
APEUSDT,BUY,LIMIT,1702109511726,82,1.8606
APEUSDT,BUY,LIMIT,1702109768133,1513,1.8559
APEUSDT,BUY,LIMIT,1702110135368,356,1.8616
APEUSDT,SELL,LIMIT,1702110238246,27,1.8341
APEUSDT,SELL,LIMIT,1702110882269,265,1.8092
APEUSDT,SELL,LIMIT,1702110913276,3,1.8076
APEUSDT,SELL,LIMIT,1702110914710,276,1.8054
APEUSDT,SELL,LIMIT,1702110970061,3,1.8035
APEUSDT,SELL,LIMIT,1702110972234,81,1.8023
APEUSDT,SELL,LIMIT,1702110974398,35,1.8003
APEUSDT,SELL,LIMIT,1702110977171,123,1.7965
APEUSDT,SELL,LIMIT,1702110978208,72,1.7968
APEUSDT,SELL,LIMIT,1702110983331,628,1.7929
APEUSDT,SELL,LIMIT,1702111028489,3144,1.7879
APEUSDT,SELL,LIMIT,1702111030197,4,1.7866
APEUSDT,SELL,LIMIT,1702111031400,11,1.7854
APEUSDT,SELL,LIMIT,1702111033390,275,1.7873
APEUSDT,SELL,LIMIT,1702111036406,794,1.7821
APEUSDT,SELL,LIMIT,1702111041156,2794,1.7806
APEUSDT,SELL,LIMIT,1702111042519,57,1.7806
APEUSDT,SELL,LIMIT,1702111044310,1446,1.7819
APEUSDT,SELL,LIMIT,1702111045870,551,1.7756
APEUSDT,SELL,LIMIT,1702111375173,272,1.7715
APEUSDT,SELL,LIMIT,1702111386581,74,1.7715
APEUSDT,SELL,LIMIT,1702112084173,996,1.7823
APEUSDT,SELL,LIMIT,1702112363590,5483,1.7859
APEUSDT,BUY,LIMIT,1702113369540,124,1.8299
APEUSDT,BUY,LIMIT,1702114345304,1051,1.8429
APEUSDT,SELL,LIMIT,1702115079511,1618,1.7927
APEUSDT,SELL,LIMIT,1702115103720,638,1.7910
APEUSDT,BUY,LIMIT,1702116954395,688,1.8493
APEUSDT,BUY,LIMIT,1702116975051,61,1.8509
APEUSDT,BUY,LIMIT,1702117500739,57,1.8648
APEUSDT,BUY,LIMIT,1702117507242,53,1.8694
APEUSDT,SELL,LIMIT,1702119145284,13,1.8294
APEUSDT,SELL,LIMIT,1702119877338,80,1.8152
APEUSDT,SELL,LIMIT,1702119945243,138,1.8117
APEUSDT,SELL,LIMIT,1702120480185,33,1.8083
APEUSDT,SELL,LIMIT,1702120510820,41,1.8072
APEUSDT,SELL,LIMIT,1702121367119,205,1.7929
APEUSDT,SELL,LIMIT,1702122362685,2394,1.7886
APEUSDT,SELL,LIMIT,1702123424729,900,1.7857
APEUSDT,SELL,LIMIT,1702125021405,3,1.7893
APEUSDT,BUY,LIMIT,1702126473586,2400,1.8451
APEUSDT,BUY,LIMIT,1702126709752,103,1.8517
APEUSDT,BUY,LIMIT,1702126790589,590,1.8552
APEUSDT,SELL,LIMIT,1702127994429,68,1.8120
APEUSDT,SELL,LIMIT,1702128342394,29,1.8098
APEUSDT,SELL,LIMIT,1702128633253,49,1.8074
APEUSDT,SELL,LIMIT,1702128672457,40,1.8046
APEUSDT,SELL,LIMIT,1702132795282,1186,1.7914
APEUSDT,SELL,LIMIT,1702132918326,591,1.7890
APEUSDT,SELL,LIMIT,1702132921583,966,1.7869
APEUSDT,SELL,LIMIT,1702132923388,542,1.7869
APEUSDT,SELL,LIMIT,1702132968845,12,1.7846
APEUSDT,SELL,LIMIT,1702132993148,21,1.7832
APEUSDT,SELL,LIMIT,1702132994373,431,1.7814
APEUSDT,SELL,LIMIT,1702132995752,1150,1.7814
APEUSDT,SELL,LIMIT,1702132998444,915,1.7808
APEUSDT,SELL,LIMIT,1702133000760,348,1.7790
APEUSDT,SELL,LIMIT,1702133002046,1426,1.7782
APEUSDT,SELL,LIMIT,1702133003493,5000,1.7754
APEUSDT,SELL,LIMIT,1702133004636,654,1.7785
APEUSDT,SELL,LIMIT,1702133006532,211,1.7757
APEUSDT,SELL,LIMIT,1702133007708,94,1.7747
APEUSDT,SELL,LIMIT,1702133389516,67,1.7727
APEUSDT,SELL,LIMIT,1702134407699,691,1.7716
APEUSDT,SELL,LIMIT,1702134496065,629,1.7704
APEUSDT,SELL,LIMIT,1702134503647,127,1.7686
APEUSDT,SELL,LIMIT,1702134509069,1442,1.7674
APEUSDT,SELL,LIMIT,1702134823320,980,1.7667
APEUSDT,SELL,LIMIT,1702134852802,30,1.7658
APEUSDT,SELL,LIMIT,1702134854162,313,1.7652
APEUSDT,SELL,LIMIT,1702134885164,162,1.7622
APEUSDT,SELL,LIMIT,1702134886241,24,1.7618
APEUSDT,BUY,LIMIT,1702136566093,412,1.8152
APEUSDT,BUY,LIMIT,1702136731835,51,1.8177
APEUSDT,BUY,LIMIT,1702137159069,3,1.8229
APEUSDT,SELL,LIMIT,1702139008151,50,1.7854
APEUSDT,SELL,LIMIT,1702139119126,43,1.8313
APEUSDT,SELL,LIMIT,1702139289094,54,1.7752
APEUSDT,SELL,LIMIT,1702139298851,21,1.7729
APEUSDT,SELL,LIMIT,1702141645184,37,1.7750
APEUSDT,SELL,LIMIT,1702141658244,30,1.7738
APEUSDT,SELL,LIMIT,1702141705384,20,1.7718
APEUSDT,SELL,LIMIT,1702141746506,54,1.7690
APEUSDT,SELL,LIMIT,1702141777746,1382,1.7675
APEUSDT,SELL,LIMIT,1702141849149,120,1.7644
APEUSDT,SELL,LIMIT,1702142075491,29,1.7651
APEUSDT,SELL,LIMIT,1702142968088,211,1.7715
APEUSDT,SELL,LIMIT,1702144257638,307,1.7725
APEUSDT,SELL,LIMIT,1702144627343,49,1.7970
APEUSDT,SELL,LIMIT,1702144644232,38,1.7798
APEUSDT,SELL,LIMIT,1702144702224,40,1.7749
APEUSDT,SELL,LIMIT,1702144797052,2335,1.7668
APEUSDT,SELL,LIMIT,1702145028219,531,1.7626
APEUSDT,SELL,LIMIT,1702156347107,59,1.7809
APEUSDT,SELL,LIMIT,1702156361798,304,1.7787
APEUSDT,SELL,LIMIT,1702156372391,94,1.7773
APEUSDT,SELL,LIMIT,1702156385755,2754,1.7763
APEUSDT,BUY,LIMIT,1702159929195,43,1.8118
APEUSDT,SELL,LIMIT,1702161388669,228,1.8116
APEUSDT,SELL,LIMIT,1702164309006,1122,1.7896
APEUSDT,SELL,LIMIT,1702164531192,179,1.8001
APEUSDT,SELL,LIMIT,1702164533093,216,1.7831
APEUSDT,SELL,LIMIT,1702164542198,288,1.7813
APEUSDT,SELL,LIMIT,1702164544517,48,1.7797
APEUSDT,SELL,LIMIT,1702164546328,27,1.7809
APEUSDT,SELL,LIMIT,1702164548085,24,1.7801
APEUSDT,SELL,LIMIT,1702164549100,6,1.7791
APEUSDT,SELL,LIMIT,1702164569438,1560,1.7833
APEUSDT,SELL,LIMIT,1702164747288,304,1.7744
APEUSDT,SELL,LIMIT,1702164749087,5,1.7725
APEUSDT,SELL,LIMIT,1702164750443,4878,1.7746
APEUSDT,SELL,LIMIT,1702164752230,6,1.7720
APEUSDT,SELL,LIMIT,1702164800043,3008,1.7695
APEUSDT,SELL,LIMIT,1702164801586,112,1.7672
APEUSDT,SELL,LIMIT,1702164803697,423,1.7677
APEUSDT,SELL,LIMIT,1702164806206,58,1.7656
APEUSDT,SELL,LIMIT,1702164808201,2196,1.7640
APEUSDT,SELL,LIMIT,1702164809432,30,1.7620
APEUSDT,SELL,LIMIT,1702164810486,232,1.7628
APEUSDT,SELL,LIMIT,1702165344419,218,1.7673
APEUSDT,BUY,LIMIT,1702168243299,600,1.8461
APEUSDT,BUY,LIMIT,1702168278736,3,1.8489
APEUSDT,BUY,LIMIT,1702168314159,3078,1.8520
APEUSDT,BUY,LIMIT,1702169382394,146,1.8530
APEUSDT,SELL,LIMIT,1702170625679,376,1.8092
APEUSDT,SELL,LIMIT,1702170949097,70,1.8031
APEUSDT,SELL,LIMIT,1702170974501,1195,1.8013
APEUSDT,BUY,LIMIT,1702173707794,104,1.8330
APEUSDT,BUY,LIMIT,1702175710512,2400,1.8554
APEUSDT,BUY,LIMIT,1702179650669,8,1.8646
APEUSDT,BUY,LIMIT,1702179952190,1825,1.8678
APEUSDT,BUY,LIMIT,1702179974479,32,1.8703
APEUSDT,BUY,LIMIT,1702179975786,31,1.8712
APEUSDT,BUY,LIMIT,1702180058547,49,1.8753
APEUSDT,BUY,LIMIT,1702180068292,1156,1.8760
APEUSDT,BUY,LIMIT,1702180194369,11,1.8762
APEUSDT,BUY,LIMIT,1702180200776,1,1.8783
APEUSDT,BUY,LIMIT,1702180206323,28,1.8791
APEUSDT,BUY,LIMIT,1702180214081,200,1.8813
APEUSDT,BUY,LIMIT,1702180215219,478,1.8814
APEUSDT,BUY,LIMIT,1702180217375,3,1.8848
APEUSDT,BUY,LIMIT,1702180221238,2189,1.8860
APEUSDT,BUY,LIMIT,1702180227808,41,1.8871
APEUSDT,BUY,LIMIT,1702180229351,296,1.8881
APEUSDT,BUY,LIMIT,1702180290050,17,1.8895
APEUSDT,BUY,LIMIT,1702180294579,300,1.8905
APEUSDT,BUY,LIMIT,1702180321110,12,1.8912
APEUSDT,BUY,LIMIT,1702180322183,38,1.8913
APEUSDT,BUY,LIMIT,1702180341350,1394,1.8933
APEUSDT,SELL,LIMIT,1702181962952,50,1.8673
APEUSDT,BUY,LIMIT,1702182018713,146,1.8974
APEUSDT,BUY,LIMIT,1702182019864,1084,1.8979
APEUSDT,BUY,LIMIT,1702183149374,409,1.8855
APEUSDT,SELL,LIMIT,1702188916026,498,1.8468
APEUSDT,SELL,LIMIT,1702189297205,21,1.8428
APEUSDT,SELL,LIMIT,1702189424176,1662,1.8376
APEUSDT,SELL,LIMIT,1702189827173,51,1.8349
APEUSDT,BUY,LIMIT,1702190242348,8,1.8569
APEUSDT,SELL,LIMIT,1702190341628,143,1.8304
APEUSDT,SELL,LIMIT,1702190913588,5985,1.8260
APEUSDT,SELL,LIMIT,1702190936039,1401,1.8259
APEUSDT,SELL,LIMIT,1702191046330,160,1.8241
APEUSDT,SELL,LIMIT,1702192546262,100,1.8162
APEUSDT,SELL,LIMIT,1702192548697,138,1.8155
APEUSDT,SELL,LIMIT,1702192724668,6,1.8135
APEUSDT,SELL,LIMIT,1702192728106,2634,1.8130
APEUSDT,SELL,LIMIT,1702192883106,35,1.8059
APEUSDT,SELL,LIMIT,1702193690939,794,1.8033
APEUSDT,SELL,LIMIT,1702193695362,531,1.8027
APEUSDT,SELL,LIMIT,1702193706799,1209,1.8019
APEUSDT,SELL,LIMIT,1702193716249,22,1.8024
APEUSDT,SELL,LIMIT,1702193717398,32,1.8009
APEUSDT,SELL,LIMIT,1702193846363,81,1.7984
APEUSDT,SELL,LIMIT,1702193858133,107,1.7959
APEUSDT,SELL,LIMIT,1702196516433,1810,1.8100
APEUSDT,SELL,LIMIT,1702196701589,71,1.8007
APEUSDT,SELL,LIMIT,1702196804799,516,1.7970
APEUSDT,SELL,LIMIT,1702197073697,4,1.7923
APEUSDT,SELL,LIMIT,1702197076756,5,1.7913
APEUSDT,SELL,LIMIT,1702197078339,5,1.7903
APEUSDT,SELL,LIMIT,1702197079471,23,1.7911
APEUSDT,SELL,LIMIT,1702197082326,2955,1.7892
APEUSDT,SELL,LIMIT,1702197086013,70,1.7892
APEUSDT,SELL,LIMIT,1702200328655,38,1.7878
APEUSDT,SELL,LIMIT,1702200336387,732,1.7870
APEUSDT,SELL,LIMIT,1702200612903,107,1.7849
APEUSDT,SELL,LIMIT,1702200623519,40,1.7849
APEUSDT,SELL,LIMIT,1702200625232,18,1.7844
APEUSDT,SELL,LIMIT,1702200732083,1328,1.7832
APEUSDT,SELL,LIMIT,1702200734273,112,1.7826
APEUSDT,SELL,LIMIT,1702200759857,3114,1.7819
APEUSDT,SELL,LIMIT,1702200761573,18,1.7815
APEUSDT,SELL,LIMIT,1702200801203,1843,1.7791
APEUSDT,SELL,LIMIT,1702200890219,3935,1.7772
APEUSDT,SELL,LIMIT,1702200939431,2699,1.7751
APEUSDT,SELL,LIMIT,1702200941069,1808,1.7729
APEUSDT,SELL,LIMIT,1702201475250,226,1.7761
APEUSDT,SELL,LIMIT,1702202053494,134,1.7717
APEUSDT,SELL,LIMIT,1702202088218,554,1.7709
APEUSDT,SELL,LIMIT,1702202156148,1101,1.7699
APEUSDT,SELL,LIMIT,1702202158341,801,1.7675
APEUSDT,SELL,LIMIT,1702202264406,1000,1.7670
APEUSDT,SELL,LIMIT,1702202267739,28,1.7668
APEUSDT,SELL,LIMIT,1702202270523,13,1.7665
APEUSDT,SELL,LIMIT,1702202272860,20,1.7665
APEUSDT,SELL,LIMIT,1702202289371,32,1.7665
APEUSDT,SELL,LIMIT,1702202290515,5,1.7655
APEUSDT,SELL,LIMIT,1702202298160,5,1.9161
APEUSDT,SELL,LIMIT,1702202299534,41,1.7638
APEUSDT,SELL,LIMIT,1702202316999,335,1.7628
APEUSDT,SELL,LIMIT,1702202318101,448,1.7621
APEUSDT,SELL,LIMIT,1702202319397,313,1.7616
APEUSDT,SELL,LIMIT,1702202320743,279,1.7618
APEUSDT,SELL,LIMIT,1702202323468,2739,1.7602
APEUSDT,SELL,LIMIT,1702202325353,100,1.7605
APEUSDT,SELL,LIMIT,1702202370076,549,1.7591
APEUSDT,SELL,LIMIT,1702202371133,748,1.7582
APEUSDT,SELL,LIMIT,1702202372314,95,1.7575
APEUSDT,SELL,LIMIT,1702202374172,2413,1.7565
APEUSDT,SELL,LIMIT,1702202379885,170,1.7577
APEUSDT,SELL,LIMIT,1702202380969,84,1.7556
APEUSDT,SELL,LIMIT,1702202382308,22,1.7553
APEUSDT,SELL,LIMIT,1702202383500,8336,1.7537
APEUSDT,SELL,LIMIT,1702202387112,240,1.7549
APEUSDT,SELL,LIMIT,1702202390549,1065,1.7546
APEUSDT,SELL,LIMIT,1702202392383,61,1.7547
APEUSDT,SELL,LIMIT,1702202399291,266,1.7590
APEUSDT,SELL,LIMIT,1702202400357,44,1.7579
APEUSDT,SELL,LIMIT,1702202404626,14,1.7550
APEUSDT,BUY,LIMIT,1702210662280,52,1.8218
APEUSDT,BUY,LIMIT,1702225323220,1019,1.8197
APEUSDT,SELL,LIMIT,1702230171814,147,1.7839
APEUSDT,SELL,LIMIT,1702230256314,60,1.7797
APEUSDT,SELL,LIMIT,1702230290148,1254,1.7761
APEUSDT,SELL,LIMIT,1702230291262,38,1.7784
APEUSDT,SELL,LIMIT,1702230332408,195,1.7748
APEUSDT,SELL,LIMIT,1702230739390,40,1.7732
APEUSDT,BUY,LIMIT,1702232890537,162,1.8238
APEUSDT,SELL,LIMIT,1702235729224,141,1.7777
APEUSDT,SELL,LIMIT,1702236186355,9,1.7784
APEUSDT,BUY,LIMIT,1702237884469,43,1.8022
APEUSDT,SELL,LIMIT,1702240742023,5,1.7983
APEUSDT,BUY,LIMIT,1702240764155,55,1.8226
APEUSDT,BUY,LIMIT,1702240797656,91,1.8234
APEUSDT,BUY,LIMIT,1702241077191,271,1.8260
APEUSDT,SELL,LIMIT,1702241182472,1,1.8013
APEUSDT,BUY,LIMIT,1702241316030,620,1.8302
APEUSDT,BUY,LIMIT,1702241344397,28,1.8312
APEUSDT,SELL,LIMIT,1702242221299,3,1.8061
APEUSDT,SELL,LIMIT,1702243182806,38,1.8070
APEUSDT,SELL,LIMIT,1702243712527,85,1.7909
APEUSDT,SELL,LIMIT,1702243741410,137,1.7890
APEUSDT,SELL,LIMIT,1702250135343,27,1.7766
APEUSDT,SELL,LIMIT,1702250146148,53,1.7753
APEUSDT,SELL,LIMIT,1702250148610,6,1.7719
APEUSDT,SELL,LIMIT,1702250280261,832,1.7715
APEUSDT,SELL,LIMIT,1702250297995,151,1.7701
APEUSDT,SELL,LIMIT,1702250299679,24,1.7693
APEUSDT,SELL,LIMIT,1702250301635,258,1.7676
APEUSDT,SELL,LIMIT,1702250305841,97,1.7674
APEUSDT,SELL,LIMIT,1702250545160,16,1.7675
APEUSDT,SELL,LIMIT,1702250546489,606,1.7661
APEUSDT,SELL,LIMIT,1702250553085,1063,1.7661
APEUSDT,SELL,LIMIT,1702255588287,23,1.7689
APEUSDT,SELL,LIMIT,1702256099277,416,1.7653
APEUSDT,SELL,LIMIT,1702256179536,83,1.7649
APEUSDT,SELL,LIMIT,1702256435230,184,1.7633
APEUSDT,SELL,LIMIT,1702256436320,100,1.7631
APEUSDT,SELL,LIMIT,1702256438075,355,1.7621
APEUSDT,SELL,LIMIT,1702256439265,27,1.7610
APEUSDT,SELL,LIMIT,1702256441278,365,1.7604
APEUSDT,SELL,LIMIT,1702256483245,6060,1.7596
APEUSDT,SELL,LIMIT,1702256502601,118,1.7587
APEUSDT,SELL,LIMIT,1702256504242,55,1.7576
APEUSDT,SELL,LIMIT,1702256505338,1136,1.7578
APEUSDT,SELL,LIMIT,1702256548262,2473,1.7570
APEUSDT,SELL,LIMIT,1702256556099,500,1.7586
APEUSDT,SELL,LIMIT,1702256564611,28,1.7562
APEUSDT,SELL,LIMIT,1702256567177,2203,1.7551
APEUSDT,SELL,LIMIT,1702256568481,60,1.7546
APEUSDT,SELL,LIMIT,1702256579594,129,1.7549
APEUSDT,SELL,LIMIT,1702256582139,142,1.7542
APEUSDT,SELL,LIMIT,1702256610292,12,1.7539
APEUSDT,SELL,LIMIT,1702256612106,25,1.7515
APEUSDT,SELL,LIMIT,1702256613169,2661,1.7504
APEUSDT,SELL,LIMIT,1702256614338,3,1.7481
APEUSDT,SELL,LIMIT,1702256615343,1584,1.7466
APEUSDT,SELL,LIMIT,1702256620872,30,1.7450
APEUSDT,SELL,LIMIT,1702256717042,7000,1.7459
APEUSDT,SELL,LIMIT,1702256729755,275,1.7447
APEUSDT,SELL,LIMIT,1702256910612,479,1.7436
APEUSDT,SELL,LIMIT,1702256913052,200,1.7440
APEUSDT,SELL,LIMIT,1702256914227,219,1.7431
APEUSDT,SELL,LIMIT,1702256915230,1124,1.7413
APEUSDT,SELL,LIMIT,1702256916302,1047,1.7397
APEUSDT,SELL,LIMIT,1702256917816,962,1.7394
APEUSDT,SELL,LIMIT,1702256920799,382,1.7386
APEUSDT,SELL,LIMIT,1702256922009,1256,1.7369
APEUSDT,SELL,LIMIT,1702256996173,282,1.7354
APEUSDT,SELL,LIMIT,1702256997252,64,1.7356
APEUSDT,SELL,LIMIT,1702256998821,13975,1.7337
APEUSDT,SELL,LIMIT,1702257010287,109,1.7340
APEUSDT,SELL,LIMIT,1702260323331,302,1.7436
APEUSDT,SELL,LIMIT,1702260411274,2732,1.7466
APEUSDT,SELL,LIMIT,1702260426285,72,1.7407
APEUSDT,SELL,LIMIT,1702260431014,40,1.7387
APEUSDT,SELL,LIMIT,1702260437164,3974,1.7551
APEUSDT,SELL,LIMIT,1702260439253,12,1.7333
APEUSDT,SELL,LIMIT,1702260440956,27,1.7327
APEUSDT,SELL,LIMIT,1702260442456,120,1.7321
APEUSDT,SELL,LIMIT,1702260446687,82,1.7298
APEUSDT,SELL,LIMIT,1702260466519,5559,1.7287
APEUSDT,SELL,LIMIT,1702260614486,91,1.7292
APEUSDT,SELL,LIMIT,1702260616318,253,1.7278
APEUSDT,SELL,LIMIT,1702260617337,71,1.7279
APEUSDT,SELL,LIMIT,1702260618446,239,1.7264
APEUSDT,SELL,LIMIT,1702260621130,705,1.7256
APEUSDT,SELL,LIMIT,1702260622304,12,1.7249
APEUSDT,SELL,LIMIT,1702260624109,59,1.7242
APEUSDT,SELL,LIMIT,1702260625156,30,1.7239
APEUSDT,SELL,LIMIT,1702260626232,69,1.7237
APEUSDT,SELL,LIMIT,1702260628508,29,1.7228
APEUSDT,SELL,LIMIT,1702260629712,31,1.7228
APEUSDT,SELL,LIMIT,1702260630741,234,1.7218
APEUSDT,SELL,LIMIT,1702260631900,117,1.7202
APEUSDT,SELL,LIMIT,1702260634351,502,1.7201
APEUSDT,SELL,LIMIT,1702260635496,70,1.7193
APEUSDT,SELL,LIMIT,1702260636500,219,1.7185
APEUSDT,SELL,LIMIT,1702260637531,52,1.7159
APEUSDT,SELL,LIMIT,1702260688720,703,1.7165
APEUSDT,SELL,LIMIT,1702260690379,110,1.7148
APEUSDT,SELL,LIMIT,1702260692805,115,1.7148
APEUSDT,SELL,LIMIT,1702260695560,2785,1.7126
APEUSDT,SELL,LIMIT,1702260697882,19,1.7128
APEUSDT,SELL,LIMIT,1702260700390,660,1.7217
APEUSDT,SELL,LIMIT,1702260706024,50,1.7110
APEUSDT,SELL,LIMIT,1702260707750,55,1.7097
APEUSDT,SELL,LIMIT,1702260708777,5431,1.7085
APEUSDT,SELL,LIMIT,1702260709995,84,1.7078
APEUSDT,SELL,LIMIT,1702260711144,352,1.7064
APEUSDT,SELL,LIMIT,1702260712378,88,1.7057
APEUSDT,SELL,LIMIT,1702260713428,389,1.7075
APEUSDT,SELL,LIMIT,1702260714546,28,1.7036
APEUSDT,SELL,LIMIT,1702260715744,107,1.7018
APEUSDT,SELL,LIMIT,1702260717610,91,1.7008
APEUSDT,SELL,LIMIT,1702260718798,241,1.7003
APEUSDT,SELL,LIMIT,1702260720148,29,1.7002
APEUSDT,SELL,LIMIT,1702260721600,128,1.7003
APEUSDT,SELL,LIMIT,1702260722628,61,1.6960
APEUSDT,SELL,LIMIT,1702260723689,66,1.6960
APEUSDT,SELL,LIMIT,1702260724802,2683,1.6944
APEUSDT,SELL,LIMIT,1702260725822,14,1.6954
APEUSDT,SELL,LIMIT,1702260727448,27,1.6893
APEUSDT,SELL,LIMIT,1702260729485,3320,1.6922
APEUSDT,SELL,LIMIT,1702260730535,168,1.6871
APEUSDT,SELL,LIMIT,1702260731596,953,1.6871
APEUSDT,SELL,LIMIT,1702260732817,1299,1.6881
APEUSDT,SELL,LIMIT,1702260734609,106,1.6885
APEUSDT,SELL,LIMIT,1702260735998,23440,1.6835
APEUSDT,SELL,LIMIT,1702260737118,300,1.6830
APEUSDT,SELL,LIMIT,1702260738200,1,1.6820
APEUSDT,SELL,LIMIT,1702260739402,6,1.6802
APEUSDT,SELL,LIMIT,1702260740486,121,1.6771
APEUSDT,SELL,LIMIT,1702260741500,263,1.6755
APEUSDT,SELL,LIMIT,1702260742608,33,1.6749
APEUSDT,SELL,LIMIT,1702260743633,1123,1.6735
APEUSDT,SELL,LIMIT,1702260744784,526,1.6738
APEUSDT,SELL,LIMIT,1702260746097,876,1.6714
APEUSDT,SELL,LIMIT,1702260747633,37,1.6727
APEUSDT,SELL,LIMIT,1702260748736,15,1.7355
APEUSDT,SELL,LIMIT,1702260749743,369,1.6665
APEUSDT,SELL,LIMIT,1702260750745,39,1.6683
APEUSDT,SELL,LIMIT,1702260752253,436,1.6667
APEUSDT,SELL,LIMIT,1702260753438,106,1.6645
APEUSDT,SELL,LIMIT,1702260754470,4704,1.6626
APEUSDT,SELL,LIMIT,1702260755491,3225,1.6607
APEUSDT,SELL,LIMIT,1702260756492,508,1.6569
APEUSDT,SELL,LIMIT,1702260757506,319,1.6570
APEUSDT,SELL,LIMIT,1702260758604,250,1.6553
APEUSDT,SELL,LIMIT,1702260759652,312,1.6609
APEUSDT,SELL,LIMIT,1702260760627,5994,1.6509
APEUSDT,SELL,LIMIT,1702260761778,109,1.6437
APEUSDT,SELL,LIMIT,1702260762784,200,1.6387
APEUSDT,SELL,LIMIT,1702260763789,4135,1.6405
APEUSDT,SELL,LIMIT,1702260765022,4754,1.6397
APEUSDT,SELL,LIMIT,1702260766049,42,1.6360
APEUSDT,SELL,LIMIT,1702260767074,53,1.6333
APEUSDT,SELL,LIMIT,1702260768140,1475,1.6298
APEUSDT,SELL,LIMIT,1702260769193,261,1.6295
APEUSDT,SELL,LIMIT,1702260770172,18,1.6274
APEUSDT,SELL,LIMIT,1702260771416,139,1.6243
APEUSDT,SELL,LIMIT,1702260772507,81,1.6113
APEUSDT,SELL,LIMIT,1702260773567,13986,1.6097
APEUSDT,SELL,LIMIT,1702260774575,527,1.6088
APEUSDT,SELL,LIMIT,1702260775592,463,1.6039
APEUSDT,SELL,LIMIT,1702260776612,142,1.6031
APEUSDT,SELL,LIMIT,1702260778008,2176,1.6046
APEUSDT,SELL,LIMIT,1702260779088,11,1.6005
APEUSDT,SELL,LIMIT,1702260780262,20,1.5992
APEUSDT,SELL,LIMIT,1702260781358,631,1.5962
APEUSDT,SELL,LIMIT,1702260782401,14,1.5970
APEUSDT,SELL,LIMIT,1702260783434,177,1.5987
APEUSDT,SELL,LIMIT,1702260784597,4833,1.5917
APEUSDT,SELL,LIMIT,1702260785607,16,1.5886
APEUSDT,SELL,LIMIT,1702260786743,7564,1.5768
APEUSDT,SELL,LIMIT,1702260787835,2783,1.5894
APEUSDT,SELL,LIMIT,1702260788845,162,1.5831
APEUSDT,SELL,LIMIT,1702260789849,5779,1.5821
APEUSDT,SELL,LIMIT,1702260791060,223,1.5783
APEUSDT,SELL,LIMIT,1702260792174,32,1.5781
APEUSDT,SELL,LIMIT,1702260793203,105,1.5780
APEUSDT,SELL,LIMIT,1702260794246,1784,1.5761
APEUSDT,SELL,LIMIT,1702260795382,4703,1.5713
APEUSDT,SELL,LIMIT,1702260796484,622,1.5717
APEUSDT,SELL,LIMIT,1702260797545,236,1.5650
APEUSDT,SELL,LIMIT,1702260798549,1671,1.5682
APEUSDT,SELL,LIMIT,1702260799562,112,1.5637
APEUSDT,SELL,LIMIT,1702260800589,650,1.5531
APEUSDT,SELL,LIMIT,1702260801636,1988,1.5564
APEUSDT,SELL,LIMIT,1702260802652,1290,1.5551
APEUSDT,SELL,LIMIT,1702260803681,622,1.5520
APEUSDT,SELL,LIMIT,1702260804720,111,1.5534
APEUSDT,SELL,LIMIT,1702260805802,202,1.5514
APEUSDT,SELL,LIMIT,1702260806811,294,1.5487
APEUSDT,SELL,LIMIT,1702260807831,3500,1.5481
APEUSDT,SELL,LIMIT,1702260808858,19,1.5458
APEUSDT,SELL,LIMIT,1702260809919,472,1.5407
APEUSDT,SELL,LIMIT,1702260811283,17,1.5450
APEUSDT,SELL,LIMIT,1702260812352,1182,1.5417
APEUSDT,SELL,LIMIT,1702260813627,257,1.5449
APEUSDT,SELL,LIMIT,1702260814733,66,1.5438
APEUSDT,SELL,LIMIT,1702260817712,30,1.5518
APEUSDT,SELL,LIMIT,1702260818784,2036,1.5518
APEUSDT,SELL,LIMIT,1702260820575,121,1.5527
APEUSDT,SELL,LIMIT,1702260821861,1361,1.5483
APEUSDT,SELL,LIMIT,1702260823292,21,1.5487
APEUSDT,SELL,LIMIT,1702260834489,111,1.5733
APEUSDT,BUY,LIMIT,1702260850769,178,1.6156
APEUSDT,BUY,LIMIT,1702261832228,21,1.6833
APEUSDT,SELL,LIMIT,1702261904342,55,1.6635
APEUSDT,SELL,LIMIT,1702262514443,28,1.6393
APEUSDT,SELL,LIMIT,1702262560879,159,1.6344
APEUSDT,SELL,LIMIT,1702262569130,266,1.6322
APEUSDT,SELL,LIMIT,1702262614255,68,1.6299
APEUSDT,SELL,LIMIT,1702262616415,5053,1.6272
APEUSDT,SELL,LIMIT,1702262617545,1848,1.6272
APEUSDT,SELL,LIMIT,1702262626141,127,1.6265
APEUSDT,SELL,LIMIT,1702262628328,1174,1.6253
APEUSDT,SELL,LIMIT,1702262873708,32,1.6254
APEUSDT,SELL,LIMIT,1702265724235,3,1.6691
APEUSDT,SELL,LIMIT,1702265891419,2505,1.6748
APEUSDT,SELL,LIMIT,1702266792136,1257,1.6631
APEUSDT,SELL,LIMIT,1702267184521,147,1.6593
