Symbol,Side,Order Type,Time,Quantity,Price
APEUSDT,BUY,LIMIT,1700846113158,63,1.4743
APEUSDT,BUY,LIMIT,1700846743030,1103,1.4849
APEUSDT,BUY,LIMIT,1700847468873,662,1.4866
APEUSDT,BUY,LIMIT,1700856662792,856,1.4884
APEUSDT,BUY,LIMIT,1700856882036,3417,1.4919
APEUSDT,BUY,LIMIT,1700861400048,7,1.4966
APEUSDT,BUY,LIMIT,1700861892044,160,1.5025
APEUSDT,BUY,LIMIT,1700861924702,13674,1.5055
APEUSDT,SELL,LIMIT,1700862260948,5,1.4811
APEUSDT,BUY,LIMIT,1700862587116,3401,1.5067
APEUSDT,SELL,LIMIT,1700863955837,1,1.4724
APEUSDT,SELL,LIMIT,1700863963536,1179,1.4715
APEUSDT,SELL,LIMIT,1700864119816,414,1.4652
APEUSDT,BUY,LIMIT,1700865489511,271,1.5090
APEUSDT,BUY,LIMIT,1700865502200,216,1.5103
APEUSDT,SELL,LIMIT,1700867072883,139,1.4705
APEUSDT,SELL,LIMIT,1700867076286,27,1.4752
APEUSDT,SELL,LIMIT,1700867373270,500,1.4649
APEUSDT,BUY,LIMIT,1700869323354,508,1.5042
APEUSDT,BUY,LIMIT,1700871802232,571,1.5152
APEUSDT,BUY,LIMIT,1700871809512,10,1.5162
APEUSDT,BUY,LIMIT,1700871814067,73,1.5166
APEUSDT,BUY,LIMIT,1700871828936,1130,1.5189
APEUSDT,BUY,LIMIT,1700871835650,274,1.5196
APEUSDT,BUY,LIMIT,1700871841442,38,1.5205
APEUSDT,BUY,LIMIT,1700871890470,3604,1.5225
APEUSDT,BUY,LIMIT,1700871997928,14,1.5255
APEUSDT,BUY,LIMIT,1700872014212,150,1.5260
APEUSDT,BUY,LIMIT,1700872016816,183,1.5266
APEUSDT,BUY,LIMIT,1700873464556,147,1.5082
APEUSDT,BUY,LIMIT,1700874352566,844,1.5074
APEUSDT,BUY,LIMIT,1700874788098,89,1.5057
APEUSDT,BUY,LIMIT,1700877175710,107,1.5281
APEUSDT,BUY,LIMIT,1700878164839,59,1.5306
APEUSDT,BUY,LIMIT,1700878211042,1422,1.5326
APEUSDT,BUY,LIMIT,1700878213457,105,1.5328
APEUSDT,SELL,LIMIT,1700878269043,2,1.5152
APEUSDT,BUY,LIMIT,1700878277419,3454,1.5362
APEUSDT,BUY,LIMIT,1700878366087,396,1.5367
APEUSDT,BUY,LIMIT,1700878369374,68,1.5381
APEUSDT,BUY,LIMIT,1700878377466,21,1.5394
APEUSDT,SELL,LIMIT,1700878394608,84,1.5201
APEUSDT,SELL,LIMIT,1700878718260,483,1.5225
APEUSDT,BUY,LIMIT,1700879232261,3319,1.5437
APEUSDT,BUY,LIMIT,1700879290443,73,1.5449
APEUSDT,BUY,LIMIT,1700879306430,3297,1.5458
APEUSDT,BUY,LIMIT,1700879566745,284,1.5489
APEUSDT,BUY,LIMIT,1700879589078,2704,1.5495
APEUSDT,BUY,LIMIT,1700879591293,37,1.5507
APEUSDT,BUY,LIMIT,1700879616127,72,1.5521
APEUSDT,BUY,LIMIT,1700879727269,70,1.5538
APEUSDT,BUY,LIMIT,1700879942298,676,1.5544
APEUSDT,BUY,LIMIT,1700879948070,272,1.5553
APEUSDT,BUY,LIMIT,1700882010628,1,1.5582
APEUSDT,BUY,LIMIT,1700882179695,391,1.5592
APEUSDT,BUY,LIMIT,1700882203120,4,1.5605
APEUSDT,BUY,LIMIT,1700882217892,6,1.5621
APEUSDT,BUY,LIMIT,1700882236373,398,1.5628
APEUSDT,BUY,LIMIT,1700882241004,15,1.5635
APEUSDT,BUY,LIMIT,1700882258435,295,1.5646
APEUSDT,BUY,LIMIT,1700882263156,167,1.5655
APEUSDT,BUY,LIMIT,1700882264390,444,1.5650
APEUSDT,BUY,LIMIT,1700882413934,34,1.5700
APEUSDT,BUY,LIMIT,1700882417727,7,1.5704
APEUSDT,BUY,LIMIT,1700882427504,60,1.5711
APEUSDT,BUY,LIMIT,1700882438053,1174,1.5720
APEUSDT,BUY,LIMIT,1700882449624,92,1.5742
APEUSDT,BUY,LIMIT,1700882462624,377,1.5747
APEUSDT,BUY,LIMIT,1700882468896,9,1.5753
APEUSDT,BUY,LIMIT,1700882487457,70,1.5763
APEUSDT,BUY,LIMIT,1700882509939,2594,1.5781
APEUSDT,BUY,LIMIT,1700882630972,170,1.5788
APEUSDT,BUY,LIMIT,1700882632494,180,1.5788
APEUSDT,BUY,LIMIT,1700883230581,1091,1.5817
APEUSDT,BUY,LIMIT,1700883232408,13,1.5817
APEUSDT,BUY,LIMIT,1700883338770,437,1.5819
APEUSDT,BUY,LIMIT,1700883340836,1454,1.5822
APEUSDT,BUY,LIMIT,1700883345374,595,1.5829
APEUSDT,BUY,LIMIT,1700883347507,5,1.5841
APEUSDT,BUY,LIMIT,1700883348740,145,1.5851
APEUSDT,BUY,LIMIT,1700883371589,787,1.5873
APEUSDT,BUY,LIMIT,1700883377154,52,1.5888
APEUSDT,BUY,LIMIT,1700883381298,753,1.5908
APEUSDT,BUY,LIMIT,1700883387375,278,1.5924
APEUSDT,BUY,LIMIT,1700883390295,97,1.5949
APEUSDT,BUY,LIMIT,1700883398299,48,1.5956
APEUSDT,BUY,LIMIT,1700883399774,814,1.5966
APEUSDT,BUY,LIMIT,1700883412148,438,1.5989
APEUSDT,BUY,LIMIT,1700883718342,54,1.6010
APEUSDT,BUY,LIMIT,1700883724045,35,1.6021
APEUSDT,BUY,LIMIT,1700883759947,18,1.6041
APEUSDT,BUY,LIMIT,1700883886151,1128,1.6044
APEUSDT,BUY,LIMIT,1700883954165,5,1.6023
APEUSDT,BUY,LIMIT,1700884024942,143,1.6048
APEUSDT,BUY,LIMIT,1700884049060,82,1.6073
APEUSDT,BUY,LIMIT,1700884057785,2300,1.6093
APEUSDT,BUY,LIMIT,1700884063835,1490,1.6107
APEUSDT,BUY,LIMIT,1700884064985,65,1.6114
APEUSDT,BUY,LIMIT,1700884070203,138,1.6134
APEUSDT,BUY,LIMIT,1700884073958,142,1.6126
APEUSDT,BUY,LIMIT,1700884075498,680,1.6143
APEUSDT,SELL,LIMIT,1700884204535,189,1.5774
APEUSDT,BUY,LIMIT,1700884749538,975,1.6145
APEUSDT,BUY,LIMIT,1700884757736,8,1.6162
APEUSDT,BUY,LIMIT,1700884778473,1053,1.6167
APEUSDT,BUY,LIMIT,1700884780390,33,1.6180
APEUSDT,BUY,LIMIT,1700884786435,68,1.6188
APEUSDT,BUY,LIMIT,1700884810209,375,1.6223
APEUSDT,BUY,LIMIT,1700884816838,167,1.6233
APEUSDT,BUY,LIMIT,1700884818058,145,1.6239
APEUSDT,BUY,LIMIT,1700884819200,29,1.6250
APEUSDT,BUY,LIMIT,1700884821468,703,1.6261
APEUSDT,BUY,LIMIT,1700884822469,76,1.6275
APEUSDT,BUY,LIMIT,1700884834761,275,1.6297
APEUSDT,BUY,LIMIT,1700884836004,88,1.6306
APEUSDT,BUY,LIMIT,1700884837126,29,1.6351
APEUSDT,BUY,LIMIT,1700884838162,520,1.6353
APEUSDT,BUY,LIMIT,1700884839169,30,1.6361
APEUSDT,BUY,LIMIT,1700884843037,369,1.6377
APEUSDT,BUY,LIMIT,1700884844747,509,1.6381
APEUSDT,BUY,LIMIT,1700884849567,463,1.6384
APEUSDT,BUY,LIMIT,1700884853331,401,1.6387
APEUSDT,BUY,LIMIT,1700884855269,216,1.6398
APEUSDT,BUY,LIMIT,1700884856460,638,1.6425
APEUSDT,BUY,LIMIT,1700884864174,49,1.6429
APEUSDT,BUY,LIMIT,1700884865405,175,1.6450
APEUSDT,BUY,LIMIT,1700884884087,132,1.6464
APEUSDT,BUY,LIMIT,1700884897143,85,1.6483
APEUSDT,BUY,LIMIT,1700884900015,375,1.6484
APEUSDT,BUY,LIMIT,1700884902541,641,1.6506
APEUSDT,BUY,LIMIT,1700884925213,417,1.6503
APEUSDT,BUY,LIMIT,1700884926324,772,1.6529
APEUSDT,BUY,LIMIT,1700884930191,30867,1.6603
APEUSDT,BUY,LIMIT,1700884963796,126,1.6586
APEUSDT,BUY,LIMIT,1700884980897,511,1.6599
APEUSDT,BUY,LIMIT,1700884984688,729,1.6614
APEUSDT,BUY,LIMIT,1700885919751,797,1.6564
APEUSDT,BUY,LIMIT,1700885990218,743,1.6616
APEUSDT,BUY,LIMIT,1700885995701,46,1.6628
APEUSDT,BUY,LIMIT,1700886014360,65,1.6637
APEUSDT,BUY,LIMIT,1700886020366,660,1.6639
APEUSDT,BUY,LIMIT,1700886021864,26355,1.6692
APEUSDT,BUY,LIMIT,1700886023033,1206,1.6694
APEUSDT,BUY,LIMIT,1700886027084,181,1.6716
APEUSDT,BUY,LIMIT,1700886028539,8144,1.6742
APEUSDT,BUY,LIMIT,1700886040684,1800,1.6756
APEUSDT,BUY,LIMIT,1700886044110,283,1.6762
APEUSDT,BUY,LIMIT,1700886054226,128,1.6771
APEUSDT,BUY,LIMIT,1700886087165,656,1.6781
APEUSDT,BUY,LIMIT,1700886088270,410,1.6788
APEUSDT,BUY,LIMIT,1700886093125,1770,1.6790
APEUSDT,BUY,LIMIT,1700886094574,26,1.6803
APEUSDT,BUY,LIMIT,1700886101109,332,1.6805
APEUSDT,SELL,LIMIT,1700886410066,57,1.6324
APEUSDT,SELL,LIMIT,1700886539369,748,1.6189
APEUSDT,SELL,LIMIT,1700886648828,153,1.6121
APEUSDT,SELL,LIMIT,1700886689362,48,1.6087
APEUSDT,SELL,LIMIT,1700886690564,66,1.6068
APEUSDT,SELL,LIMIT,1700886693667,1525,1.6067
APEUSDT,SELL,LIMIT,1700886702276,25,1.6042
APEUSDT,SELL,LIMIT,1700886912742,10,1.6002
APEUSDT,SELL,LIMIT,1700886941903,154,1.5997
APEUSDT,SELL,LIMIT,1700886946556,28,1.5969
APEUSDT,BUY,LIMIT,1700888108439,57,1.6471
APEUSDT,BUY,LIMIT,1700888459951,86,1.6524
APEUSDT,BUY,LIMIT,1700888620005,348,1.6611
APEUSDT,BUY,LIMIT,1700888693058,370,1.6583
APEUSDT,BUY,LIMIT,1700888812857,138,1.6621
APEUSDT,SELL,LIMIT,1700889602235,152,1.6154
APEUSDT,SELL,LIMIT,1700889627367,347,1.6124
APEUSDT,BUY,LIMIT,1700890233773,1116,1.6409
APEUSDT,BUY,LIMIT,1700890856351,7,1.6563
APEUSDT,BUY,LIMIT,1700890959033,802,1.6586
APEUSDT,BUY,LIMIT,1700890981146,469,1.6597
APEUSDT,BUY,LIMIT,1700890998814,51,1.6626
APEUSDT,BUY,LIMIT,1700891068698,869,1.6673
APEUSDT,BUY,LIMIT,1700891187384,8,1.6724
APEUSDT,BUY,LIMIT,1700891206442,499,1.6752
APEUSDT,SELL,LIMIT,1700891486601,38,1.6287
APEUSDT,BUY,LIMIT,1700892632939,191,1.6703
APEUSDT,BUY,LIMIT,1700892644971,40,1.6725
APEUSDT,BUY,LIMIT,1700892781839,30,1.6752
APEUSDT,BUY,LIMIT,1700892847850,31,1.6771
APEUSDT,BUY,LIMIT,1700892932797,198,1.6786
APEUSDT,BUY,LIMIT,1700892978335,334,1.6808
APEUSDT,BUY,LIMIT,1700892985176,10,1.6816
APEUSDT,BUY,LIMIT,1700893001246,522,1.6818
APEUSDT,BUY,LIMIT,1700893002671,7,1.6826
APEUSDT,BUY,LIMIT,1700893084594,3252,1.6843
APEUSDT,BUY,LIMIT,1700893110082,41,1.6878
APEUSDT,BUY,LIMIT,1700893111264,14,1.6863
APEUSDT,BUY,LIMIT,1700893113553,22,1.6871
APEUSDT,BUY,LIMIT,1700893147800,527,1.6899
APEUSDT,BUY,LIMIT,1700893159595,1958,1.6916
APEUSDT,BUY,LIMIT,1700893167040,184,1.6939
APEUSDT,BUY,LIMIT,1700893168180,3583,1.6945
APEUSDT,BUY,LIMIT,1700893174697,6000,1.6962
APEUSDT,BUY,LIMIT,1700893177342,168,1.6959
APEUSDT,BUY,LIMIT,1700893178383,16,1.6960
APEUSDT,BUY,LIMIT,1700893179636,21,1.6967
APEUSDT,BUY,LIMIT,1700893185274,2109,1.6974
APEUSDT,BUY,LIMIT,1700893195107,615,1.6981
APEUSDT,SELL,LIMIT,1700893649769,29,1.6526
APEUSDT,SELL,LIMIT,1700893677538,8,1.6522
APEUSDT,SELL,LIMIT,1700893712294,413,1.6508
APEUSDT,BUY,LIMIT,1700893962499,587,1.6949
APEUSDT,BUY,LIMIT,1700894020338,320,1.6979
APEUSDT,BUY,LIMIT,1700894024128,1,1.6984
APEUSDT,BUY,LIMIT,1700894054663,687,1.7010
APEUSDT,BUY,LIMIT,1700894055794,48,1.7011
APEUSDT,BUY,LIMIT,1700894057434,580,1.7024
APEUSDT,BUY,LIMIT,1700894062217,192,1.7045
APEUSDT,BUY,LIMIT,1700894065715,19,1.7054
APEUSDT,BUY,LIMIT,1700894110176,366,1.7061
APEUSDT,BUY,LIMIT,1700894112031,1660,1.7067
APEUSDT,BUY,LIMIT,1700894113395,3441,1.7076
APEUSDT,BUY,LIMIT,1700894118429,311,1.7082
APEUSDT,BUY,LIMIT,1700894145241,933,1.7105
APEUSDT,BUY,LIMIT,1700894146359,923,1.7128
APEUSDT,BUY,LIMIT,1700894150173,237,1.7154
APEUSDT,BUY,LIMIT,1700894152652,113,1.7155
APEUSDT,BUY,LIMIT,1700894160059,2171,1.7175
APEUSDT,BUY,LIMIT,1700894188134,110,1.7185
APEUSDT,BUY,LIMIT,1700894189780,42,1.7198
APEUSDT,BUY,LIMIT,1700894192930,100,1.7211
APEUSDT,BUY,LIMIT,1700894197662,584,1.7226
APEUSDT,BUY,LIMIT,1700894210058,12390,1.7245
APEUSDT,BUY,LIMIT,1700894211130,3203,1.7235
APEUSDT,BUY,LIMIT,1700894217347,290,1.7240
APEUSDT,BUY,LIMIT,1700894369617,12015,1.7261
APEUSDT,BUY,LIMIT,1700894377905,3000,1.7257
APEUSDT,BUY,LIMIT,1700894379359,3140,1.7272
APEUSDT,BUY,LIMIT,1700894389934,305,1.7272
APEUSDT,BUY,LIMIT,1700894395432,393,1.7280
APEUSDT,BUY,LIMIT,1700894400026,16,1.7301
APEUSDT,BUY,LIMIT,1700894409119,4,1.7292
APEUSDT,BUY,LIMIT,1700894410406,6929,1.7310
APEUSDT,BUY,LIMIT,1700894498340,16,1.7302
APEUSDT,BUY,LIMIT,1700894508944,733,1.7307
APEUSDT,BUY,LIMIT,1700894511262,21,1.7313
APEUSDT,BUY,LIMIT,1700894522498,2212,1.7320
APEUSDT,SELL,LIMIT,1700894782393,319,1.6826
APEUSDT,SELL,LIMIT,1700894784267,256,1.6816
APEUSDT,SELL,LIMIT,1700894889340,11,1.6807
APEUSDT,SELL,LIMIT,1700895013256,492,1.6801
APEUSDT,SELL,LIMIT,1700895160560,43,1.6767
APEUSDT,SELL,LIMIT,1700895175257,8,1.6753
APEUSDT,SELL,LIMIT,1700895176309,232,1.6748
APEUSDT,SELL,LIMIT,1700895335781,176,1.6726
APEUSDT,SELL,LIMIT,1700895378132,14,1.6716
APEUSDT,SELL,LIMIT,1700895393351,23,1.6708
APEUSDT,SELL,LIMIT,1700895759570,214,1.6694
APEUSDT,SELL,LIMIT,1700895763236,17,1.6678
APEUSDT,SELL,LIMIT,1700895769260,393,1.6665
APEUSDT,SELL,LIMIT,1700895773647,290,1.6645
APEUSDT,SELL,LIMIT,1700895781043,15,1.6641
APEUSDT,BUY,LIMIT,1700896661151,1314,1.6872
APEUSDT,SELL,LIMIT,1700897647967,208,1.6616
APEUSDT,SELL,LIMIT,1700897654975,3114,1.6609
APEUSDT,SELL,LIMIT,1700897676049,21,1.6604
APEUSDT,SELL,LIMIT,1700897678415,131,1.6599
APEUSDT,SELL,LIMIT,1700897690107,390,1.6593
APEUSDT,SELL,LIMIT,1700897691273,23,1.6592
APEUSDT,SELL,LIMIT,1700897692484,931,1.6586
APEUSDT,SELL,LIMIT,1700897700007,22,1.6583
APEUSDT,SELL,LIMIT,1700899499594,355,1.6568
APEUSDT,SELL,LIMIT,1700899502013,2876,1.6564
APEUSDT,SELL,LIMIT,1700901911333,2960,1.6552
APEUSDT,SELL,LIMIT,1700901917983,13,1.6543
APEUSDT,SELL,LIMIT,1700901922281,105,1.6538
APEUSDT,SELL,LIMIT,1700901988780,9,1.6527
APEUSDT,SELL,LIMIT,1700901990470,204,1.6524
APEUSDT,SELL,LIMIT,1700901993433,741,1.6519
APEUSDT,SELL,LIMIT,1700902025158,144,1.6522
APEUSDT,SELL,LIMIT,1700902143703,479,1.6517
APEUSDT,SELL,LIMIT,1700902154040,208,1.6512
APEUSDT,SELL,LIMIT,1700902167495,11,1.6509
APEUSDT,SELL,LIMIT,1700902171612,2712,1.6486
APEUSDT,SELL,LIMIT,1700902189711,537,1.6483
APEUSDT,SELL,LIMIT,1700902193188,3,1.6481
APEUSDT,SELL,LIMIT,1700902317041,121,1.6472
APEUSDT,SELL,LIMIT,1700902318054,3,1.6465
APEUSDT,SELL,LIMIT,1700902355129,67,1.6447
APEUSDT,SELL,LIMIT,1700902356154,3,1.6445
APEUSDT,SELL,LIMIT,1700902361841,235,1.6438
APEUSDT,SELL,LIMIT,1700902370209,436,1.6432
APEUSDT,SELL,LIMIT,1700902372325,45,1.6421
APEUSDT,SELL,LIMIT,1700902373411,6,1.6421
APEUSDT,SELL,LIMIT,1700902439490,2991,1.6419
APEUSDT,SELL,LIMIT,1700902463131,542,1.6411
APEUSDT,SELL,LIMIT,1700902777306,98,1.6404
APEUSDT,SELL,LIMIT,1700902987068,892,1.6388
APEUSDT,SELL,LIMIT,1700902990538,11,1.6373
APEUSDT,SELL,LIMIT,1700902998620,1113,1.6368
APEUSDT,SELL,LIMIT,1700903005923,2984,1.6359
APEUSDT,SELL,LIMIT,1700905923294,12,1.8188
APEUSDT,BUY,LIMIT,1700905992178,1502,1.6802
APEUSDT,BUY,LIMIT,1700909870318,16,1.6849
APEUSDT,BUY,LIMIT,1700910215461,1137,1.6838
APEUSDT,BUY,LIMIT,1700911044088,37,1.6867
APEUSDT,BUY,LIMIT,1700911065496,29,1.6870
APEUSDT,BUY,LIMIT,1700911067435,1211,1.6872
APEUSDT,BUY,LIMIT,1700911068654,303,1.6877
APEUSDT,BUY,LIMIT,1700911070981,241,1.6883
APEUSDT,BUY,LIMIT,1700911074607,1000,1.6885
APEUSDT,BUY,LIMIT,1700911085889,1612,1.6887
APEUSDT,BUY,LIMIT,1700911101619,15,1.6897
APEUSDT,SELL,LIMIT,1700911227801,21,1.6561
APEUSDT,BUY,LIMIT,1700911775382,30,1.6916
APEUSDT,BUY,LIMIT,1700911787207,21,1.6922
APEUSDT,BUY,LIMIT,1700911792465,249,1.6931
APEUSDT,BUY,LIMIT,1700911968367,2240,1.6912
APEUSDT,BUY,LIMIT,1700912024561,2772,1.6944
APEUSDT,SELL,LIMIT,1700912230276,23,1.6644
APEUSDT,BUY,LIMIT,1700912423125,292,1.6869
APEUSDT,SELL,LIMIT,1700912491211,100,1.6577
APEUSDT,BUY,LIMIT,1700912908118,25,1.6863
APEUSDT,BUY,LIMIT,1700913837084,76,1.6959
APEUSDT,BUY,LIMIT,1700913866664,1545,1.6975
APEUSDT,BUY,LIMIT,1700913879871,117,1.6980
APEUSDT,BUY,LIMIT,1700913886155,229,1.6984
APEUSDT,BUY,LIMIT,1700913901565,543,1.6995
APEUSDT,BUY,LIMIT,1700914021126,35,1.7005
APEUSDT,BUY,LIMIT,1700914037055,808,1.7010
APEUSDT,BUY,LIMIT,1700914044458,293,1.7020
APEUSDT,BUY,LIMIT,1700916413294,14,1.7039
APEUSDT,BUY,LIMIT,1700916414320,16,1.7025
APEUSDT,BUY,LIMIT,1700916421862,28,1.7034
APEUSDT,BUY,LIMIT,1700916425206,25,1.7076
APEUSDT,BUY,LIMIT,1700916426239,819,1.7046
APEUSDT,BUY,LIMIT,1700916437533,182,1.7094
APEUSDT,BUY,LIMIT,1700916470369,122,1.7099
APEUSDT,BUY,LIMIT,1700916479450,432,1.7101
APEUSDT,BUY,LIMIT,1700916480544,119,1.7116
APEUSDT,BUY,LIMIT,1700916670438,1055,1.7120
APEUSDT,BUY,LIMIT,1700916673180,2977,1.7126
APEUSDT,BUY,LIMIT,1700916674398,2393,1.7122
APEUSDT,BUY,LIMIT,1700916679072,595,1.7131
APEUSDT,BUY,LIMIT,1700916686089,63,1.7134
APEUSDT,BUY,LIMIT,1700916687106,5,1.7140
APEUSDT,BUY,LIMIT,1700916707148,197,1.7159
APEUSDT,SELL,LIMIT,1700917285657,16,1.7445
APEUSDT,BUY,LIMIT,1700919692396,5,1.7168
APEUSDT,BUY,LIMIT,1700919696667,75,1.7174
APEUSDT,BUY,LIMIT,1700919729767,2743,1.7183
APEUSDT,BUY,LIMIT,1700919816454,768,1.7186
APEUSDT,BUY,LIMIT,1700919847211,639,1.7195
APEUSDT,BUY,LIMIT,1700919848228,215,1.7193
APEUSDT,BUY,LIMIT,1700919895578,13,1.7188
APEUSDT,BUY,LIMIT,1700920088542,33,1.7207
APEUSDT,BUY,LIMIT,1700920090294,521,1.7220
APEUSDT,BUY,LIMIT,1700920091371,1486,1.7231
APEUSDT,BUY,LIMIT,1700920092630,364,1.7239
APEUSDT,BUY,LIMIT,1700920096195,48,1.7251
APEUSDT,BUY,LIMIT,1700920105092,733,1.7267
APEUSDT,BUY,LIMIT,1700920106501,1526,1.7273
APEUSDT,BUY,LIMIT,1700920115640,332,1.7277
APEUSDT,BUY,LIMIT,1700920132441,157,1.7285
APEUSDT,BUY,LIMIT,1700920136114,6,1.7291
APEUSDT,BUY,LIMIT,1700920137151,852,1.7301
APEUSDT,BUY,LIMIT,1700920138214,2967,1.7304
APEUSDT,BUY,LIMIT,1700920287769,179,1.7307
APEUSDT,BUY,LIMIT,1700920288823,6,1.7319
APEUSDT,BUY,LIMIT,1700920289930,413,1.7321
APEUSDT,BUY,LIMIT,1700920293106,1059,1.7349
APEUSDT,BUY,LIMIT,1700920294324,266,1.7351
APEUSDT,BUY,LIMIT,1700920297308,488,1.7357
APEUSDT,BUY,LIMIT,1700920301135,998,1.7367
APEUSDT,BUY,LIMIT,1700920302323,4789,1.7383
APEUSDT,BUY,LIMIT,1700920303427,15,1.7374
APEUSDT,BUY,LIMIT,1700920316274,1139,1.7383
APEUSDT,BUY,LIMIT,1700920317478,27,1.7382
APEUSDT,BUY,LIMIT,1700920319131,24,1.7392
APEUSDT,BUY,LIMIT,1700920320382,280,1.7412
APEUSDT,BUY,LIMIT,1700920348983,35,1.7406
APEUSDT,BUY,LIMIT,1700920351608,1588,1.7408
APEUSDT,BUY,LIMIT,1700920356323,706,1.7412
APEUSDT,BUY,LIMIT,1700920395048,33,1.7423
APEUSDT,BUY,LIMIT,1700920396128,315,1.7422
APEUSDT,BUY,LIMIT,1700920397223,282,1.7438
APEUSDT,BUY,LIMIT,1700920401492,4325,1.7447
APEUSDT,BUY,LIMIT,1700920403090,4460,1.7456
APEUSDT,BUY,LIMIT,1700920405109,6,1.7457
APEUSDT,BUY,LIMIT,1700920406115,7,1.7468
APEUSDT,BUY,LIMIT,1700920407159,240,1.7466
APEUSDT,BUY,LIMIT,1700920409667,492,1.7474
APEUSDT,BUY,LIMIT,1700920413496,273,1.7484
APEUSDT,BUY,LIMIT,1700920418931,78,1.7494
APEUSDT,BUY,LIMIT,1700920420257,228,1.7500
APEUSDT,BUY,LIMIT,1700920425232,9,1.7518
APEUSDT,BUY,LIMIT,1700920428866,5308,1.7517
APEUSDT,BUY,LIMIT,1700920431187,371,1.7531
APEUSDT,BUY,LIMIT,1700920432279,53,1.7534
APEUSDT,BUY,LIMIT,1700920437141,200,1.7549
APEUSDT,BUY,LIMIT,1700920441062,2205,1.7544
APEUSDT,BUY,LIMIT,1700920446238,340,1.7549
APEUSDT,BUY,LIMIT,1700920448793,75,1.7551
APEUSDT,BUY,LIMIT,1700920450458,10,1.7560
APEUSDT,BUY,LIMIT,1700920454391,269,1.7564
APEUSDT,BUY,LIMIT,1700920526083,306,1.7571
APEUSDT,BUY,LIMIT,1700920527228,2376,1.7567
APEUSDT,BUY,LIMIT,1700920545203,1016,1.7564
APEUSDT,SELL,LIMIT,1700921122183,74,1.7079
APEUSDT,SELL,LIMIT,1700921195863,250,1.7051
APEUSDT,SELL,LIMIT,1700921198833,57,1.7052
APEUSDT,SELL,LIMIT,1700921206840,1456,1.7042
APEUSDT,SELL,LIMIT,1700921397026,137,1.7037
APEUSDT,SELL,LIMIT,1700921534175,57,1.7009
APEUSDT,SELL,LIMIT,1700921543358,412,1.6965
APEUSDT,SELL,LIMIT,1700921751550,904,1.6963
APEUSDT,SELL,LIMIT,1700921756345,255,1.6957
APEUSDT,SELL,LIMIT,1700921766928,19,1.6947
APEUSDT,SELL,LIMIT,1700921769615,77,1.6926
APEUSDT,SELL,LIMIT,1700921901124,78,1.6902
APEUSDT,SELL,LIMIT,1700922153045,2946,1.6887
APEUSDT,SELL,LIMIT,1700922175483,62,1.6874
APEUSDT,BUY,LIMIT,1700923811975,126,1.7340
APEUSDT,BUY,LIMIT,1700923824713,376,1.7374
APEUSDT,BUY,LIMIT,1700923827844,116,1.7398
APEUSDT,BUY,LIMIT,1700923829434,900,1.7397
APEUSDT,BUY,LIMIT,1700923831465,91,1.7420
APEUSDT,SELL,LIMIT,1700925418384,294,1.6951
APEUSDT,SELL,LIMIT,1700925640083,883,1.6894
APEUSDT,SELL,LIMIT,1700925643057,494,1.6887
APEUSDT,SELL,LIMIT,1700925651107,1041,1.6849
APEUSDT,SELL,LIMIT,1700925656849,138,1.6851
APEUSDT,SELL,LIMIT,1700925660791,314,1.6842
APEUSDT,SELL,LIMIT,1700925669310,546,1.6838
APEUSDT,SELL,LIMIT,1700925700369,455,1.6820
APEUSDT,SELL,LIMIT,1700926085378,420,1.6828
APEUSDT,SELL,LIMIT,1700926093000,192,1.6811
APEUSDT,SELL,LIMIT,1700927339378,10,1.6800
APEUSDT,BUY,LIMIT,1700928502517,304,1.7167
APEUSDT,BUY,LIMIT,1700929014436,308,1.7256
APEUSDT,BUY,LIMIT,1700929020098,190,1.7267
APEUSDT,BUY,LIMIT,1700929802574,32,1.7269
APEUSDT,BUY,LIMIT,1700929826727,146,1.7278
APEUSDT,BUY,LIMIT,1700929940257,149,1.7280
APEUSDT,BUY,LIMIT,1700929977072,295,1.7295
APEUSDT,BUY,LIMIT,1700929982690,6,1.7297
APEUSDT,BUY,LIMIT,1700930093348,100,1.7303
APEUSDT,BUY,LIMIT,1700930096135,856,1.7309
APEUSDT,BUY,LIMIT,1700930291356,1470,1.7335
APEUSDT,BUY,LIMIT,1700930303075,42,1.7350
APEUSDT,BUY,LIMIT,1700930305559,73,1.7350
APEUSDT,BUY,LIMIT,1700930593197,4,1.7359
APEUSDT,BUY,LIMIT,1700931078368,318,1.7295
APEUSDT,BUY,LIMIT,1700931232170,193,1.7363
APEUSDT,BUY,LIMIT,1700931245557,8,1.7374
APEUSDT,BUY,LIMIT,1700931796728,8,1.7346
APEUSDT,BUY,LIMIT,1700933268046,87,1.7380
APEUSDT,BUY,LIMIT,1700933279379,67,1.7382
APEUSDT,BUY,LIMIT,1700933471555,297,1.7398
APEUSDT,BUY,LIMIT,1700933475044,47,1.7404
APEUSDT,BUY,LIMIT,1700933479773,31,1.7410
APEUSDT,BUY,LIMIT,1700933481127,21,1.7418
APEUSDT,BUY,LIMIT,1700933482375,300,1.7423
APEUSDT,BUY,LIMIT,1700933523776,311,1.7474
APEUSDT,SELL,LIMIT,1700933565630,296,1.7184
APEUSDT,BUY,LIMIT,1700934239037,1849,1.7312
APEUSDT,SELL,LIMIT,1700935460438,30,1.6984
APEUSDT,SELL,LIMIT,1700935462256,204,1.6968
APEUSDT,SELL,LIMIT,1700935851387,2547,1.6930
APEUSDT,SELL,LIMIT,1700936078392,141,1.6901
APEUSDT,SELL,LIMIT,1700936080456,20,1.6896
APEUSDT,SELL,LIMIT,1700936081881,5,1.6895
APEUSDT,SELL,LIMIT,1700936244376,58,1.6893
APEUSDT,BUY,LIMIT,1700936498947,10,1.7136
APEUSDT,SELL,LIMIT,1700936608958,28,1.6885
APEUSDT,SELL,LIMIT,1700936610405,53,1.6884
APEUSDT,SELL,LIMIT,1700936637299,345,1.6871
APEUSDT,SELL,LIMIT,1700937764683,142,1.6866
APEUSDT,SELL,LIMIT,1700937767156,696,1.6864
APEUSDT,SELL,LIMIT,1700937938750,50,1.6853
APEUSDT,SELL,LIMIT,1700938032238,239,1.6832
APEUSDT,SELL,LIMIT,1700938034068,1416,1.6823
APEUSDT,SELL,LIMIT,1700938035431,72,1.6820
APEUSDT,BUY,LIMIT,1700938483408,51,1.7036
APEUSDT,SELL,LIMIT,1700940113353,307,1.6832
APEUSDT,SELL,LIMIT,1700940288436,105,1.6791
APEUSDT,SELL,LIMIT,1700940290159,23,1.6783
APEUSDT,SELL,LIMIT,1700940291239,480,1.6787
APEUSDT,SELL,LIMIT,1700940341133,317,1.6774
