Symbol,Side,Order Type,Time,Quantity,Price
API3USDT,BUY,LIMIT,1701930687109,3.7,1.4947
API3USDT,SELL,LIMIT,1701936923049,178.5,1.4461
API3USDT,SELL,LIMIT,1701937824802,62.8,1.4403
API3USDT,SELL,LIMIT,1701940471208,20.3,1.4258
API3USDT,SELL,LIMIT,1701941111624,4.1,1.4111
API3USDT,SELL,LIMIT,1701941150945,1791.9,1.4086
API3USDT,SELL,LIMIT,1701941175059,3363.1,1.4057
API3USDT,SELL,LIMIT,1701941176273,16.9,1.4053
API3USDT,SELL,LIMIT,1701941180037,218.2,1.4049
API3USDT,SELL,LIMIT,1701941191413,128.9,1.4032
API3USDT,SELL,LIMIT,1701941207798,206.8,1.4022
API3USDT,SELL,LIMIT,1701941236263,21.8,1.4018
API3USDT,BUY,LIMIT,1701953976591,0.1,1.5017
API3USDT,SELL,LIMIT,1701956122687,226.4,1.4497
API3USDT,BUY,LIMIT,1701959502332,1.0,1.4999
API3USDT,BUY,LIMIT,1701962686690,0.1,1.5120
API3USDT,BUY,LIMIT,1701966795130,439.4,1.5289
API3USDT,SELL,LIMIT,1701974644203,18.9,1.4961
API3USDT,SELL,LIMIT,1701974759807,948.4,1.4954
API3USDT,SELL,LIMIT,1701981418469,1981.8,1.4869
API3USDT,SELL,LIMIT,1701988477875,1104.4,1.5004
API3USDT,BUY,LIMIT,1702007154540,18.8,1.5832
API3USDT,SELL,LIMIT,1702011922108,6.6,1.5285
API3USDT,SELL,LIMIT,1702020190142,2333.1,1.5291
API3USDT,SELL,LIMIT,1702020556530,145.2,1.5234
API3USDT,SELL,LIMIT,1702026044289,13.9,1.5221
API3USDT,SELL,LIMIT,1702026064608,19.4,1.5191
API3USDT,SELL,LIMIT,1702034735507,3148.8,1.5403
API3USDT,SELL,LIMIT,1702040834188,1823.5,1.5326
API3USDT,BUY,LIMIT,1702048108127,4.9,1.5927
API3USDT,BUY,LIMIT,1702064195892,42.0,1.5934
API3USDT,BUY,LIMIT,1702080687268,115.3,1.6114
API3USDT,BUY,LIMIT,1702081564893,72.6,1.6172
API3USDT,SELL,LIMIT,1702081802038,55.6,1.5673
API3USDT,SELL,LIMIT,1702083763176,299.2,1.5657
API3USDT,SELL,LIMIT,1702084071881,515.3,1.5557
API3USDT,BUY,LIMIT,1702097270491,58.6,1.6317
API3USDT,BUY,LIMIT,1702097394162,3.4,1.6383
API3USDT,SELL,LIMIT,1702098962380,61.6,1.5724
API3USDT,BUY,LIMIT,1702105903298,4.2,1.6385
API3USDT,BUY,LIMIT,1702106683213,63.9,1.6467
API3USDT,BUY,LIMIT,1702106950226,394.2,1.6547
API3USDT,BUY,LIMIT,1702106951422,13.1,1.6586
API3USDT,BUY,LIMIT,1702106981051,150.0,1.6654
API3USDT,SELL,LIMIT,1702107990218,474.9,1.6179
API3USDT,BUY,LIMIT,1702108081565,742.8,1.6718
API3USDT,SELL,LIMIT,1702109147177,59.8,1.6124
API3USDT,SELL,LIMIT,1702109148418,92.6,1.6099
API3USDT,BUY,LIMIT,1702109514107,96.5,1.6556
API3USDT,BUY,LIMIT,1702110068345,10.0,1.6577
API3USDT,SELL,LIMIT,1702110710180,480.7,1.6017
API3USDT,SELL,LIMIT,1702110863346,59.8,1.5977
API3USDT,SELL,LIMIT,1702110866550,8.6,1.5973
API3USDT,SELL,LIMIT,1702110887792,1040.4,1.5925
API3USDT,SELL,LIMIT,1702110983522,4.3,1.5778
API3USDT,SELL,LIMIT,1702111038756,1061.2,1.5723
API3USDT,SELL,LIMIT,1702111044564,1088.0,1.5693
API3USDT,SELL,LIMIT,1702111045594,4.1,1.5661
API3USDT,SELL,LIMIT,1702111378281,5510.0,1.5492
API3USDT,SELL,LIMIT,1702111383004,281.5,1.5518
API3USDT,SELL,LIMIT,1702111387534,895.2,1.5514
API3USDT,SELL,LIMIT,1702111389577,2663.0,1.5506
API3USDT,SELL,LIMIT,1702111392744,403.6,1.5503
API3USDT,BUY,LIMIT,1702111882719,3.5,1.6277
API3USDT,SELL,LIMIT,1702114564472,4.9,1.5906
API3USDT,BUY,LIMIT,1702115731975,45.4,1.6303
API3USDT,BUY,LIMIT,1702116368774,30.5,1.6403
API3USDT,SELL,LIMIT,1702133001448,19.0,1.5650
API3USDT,SELL,LIMIT,1702135240945,166.3,1.5957
API3USDT,SELL,LIMIT,1702135242222,42.3,1.5922
API3USDT,SELL,LIMIT,1702135245881,180.8,1.5922
API3USDT,SELL,LIMIT,1702135322558,1081.3,1.5887
API3USDT,SELL,LIMIT,1702139118246,17.3,1.5782
API3USDT,SELL,LIMIT,1702141632218,316.1,1.5725
API3USDT,SELL,LIMIT,1702141638757,64.0,1.5714
API3USDT,SELL,LIMIT,1702153754366,2624.8,1.5801
API3USDT,SELL,LIMIT,1702164533312,185.2,1.5769
API3USDT,SELL,LIMIT,1702164808243,3.2,1.5564
API3USDT,SELL,LIMIT,1702164810630,632.7,1.5572
API3USDT,SELL,LIMIT,1702164871836,309.2,1.5562
API3USDT,BUY,LIMIT,1702180805419,19.0,1.6490
API3USDT,SELL,LIMIT,1702192149905,102.6,1.5852
API3USDT,SELL,LIMIT,1702193855868,240.1,1.5716
API3USDT,SELL,LIMIT,1702193937199,591.3,1.5701
API3USDT,SELL,LIMIT,1702196157265,7.0,1.5685
API3USDT,SELL,LIMIT,1702200765874,24.2,1.5495
API3USDT,SELL,LIMIT,1702200795052,3005.2,1.5477
API3USDT,SELL,LIMIT,1702200796121,422.3,1.5453
API3USDT,SELL,LIMIT,1702200800778,475.7,1.5445
API3USDT,SELL,LIMIT,1702200935324,12.2,1.5419
API3USDT,SELL,LIMIT,1702200936384,9.0,1.5419
API3USDT,SELL,LIMIT,1702200939090,122.4,1.5407
API3USDT,SELL,LIMIT,1702202087374,381.9,1.5372
API3USDT,SELL,LIMIT,1702202158168,68.8,1.5369
API3USDT,SELL,LIMIT,1702202263234,103.9,1.5362
API3USDT,SELL,LIMIT,1702202265246,869.3,1.5357
API3USDT,SELL,LIMIT,1702202267739,31.4,1.5362
API3USDT,SELL,LIMIT,1702202268823,1773.5,1.5356
API3USDT,SELL,LIMIT,1702202294194,120.5,1.5295
API3USDT,SELL,LIMIT,1702202305912,1268.6,1.5293
API3USDT,SELL,LIMIT,1702202321269,133.9,1.5265
API3USDT,SELL,LIMIT,1702202323087,20.5,1.5242
API3USDT,SELL,LIMIT,1702202324112,15.2,1.5252
API3USDT,SELL,LIMIT,1702202374392,1247.8,1.5225
API3USDT,SELL,LIMIT,1702202381360,1250.0,1.5212
API3USDT,SELL,LIMIT,1702202383042,61.6,1.5203
API3USDT,SELL,LIMIT,1702230188507,5.8,1.5481
API3USDT,BUY,LIMIT,1702239595382,5.7,1.6572
API3USDT,BUY,LIMIT,1702240156248,376.3,1.6775
API3USDT,SELL,LIMIT,1702241286588,914.5,1.6078
API3USDT,BUY,LIMIT,1702243422072,9.0,1.6878
API3USDT,BUY,LIMIT,1702243795081,190.0,1.6995
API3USDT,BUY,LIMIT,1702243799447,299.5,1.7032
API3USDT,BUY,LIMIT,1702244415457,18.1,1.6827
API3USDT,SELL,LIMIT,1702246137838,394.7,1.6154
API3USDT,SELL,LIMIT,1702250169302,20.0,1.6076
API3USDT,SELL,LIMIT,1702250240918,296.0,1.6057
API3USDT,SELL,LIMIT,1702253522024,254.3,1.6094
API3USDT,SELL,LIMIT,1702256315320,61.0,1.5957
API3USDT,SELL,LIMIT,1702256427603,133.1,1.5941
API3USDT,SELL,LIMIT,1702256613132,176.7,1.5838
API3USDT,SELL,LIMIT,1702256614354,124.4,1.5833
API3USDT,SELL,LIMIT,1702256620302,61.3,1.5827
API3USDT,SELL,LIMIT,1702256727653,869.7,1.5801
API3USDT,SELL,LIMIT,1702256729035,76.5,1.5794
API3USDT,SELL,LIMIT,1702256913827,1838.1,1.5777
API3USDT,SELL,LIMIT,1702256917825,2969.9,1.5741
API3USDT,SELL,LIMIT,1702260429688,216.1,1.7835
API3USDT,SELL,LIMIT,1702260433764,114.8,1.5755
API3USDT,SELL,LIMIT,1702260629034,173.2,1.5711
API3USDT,SELL,LIMIT,1702260633220,13.4,1.5671
API3USDT,SELL,LIMIT,1702260635512,65.2,1.5653
API3USDT,SELL,LIMIT,1702260693110,758.2,1.5586
API3USDT,SELL,LIMIT,1702260694243,17.0,1.5588
API3USDT,SELL,LIMIT,1702260697245,46.8,1.5576
API3USDT,SELL,LIMIT,1702260706735,578.8,1.5550
API3USDT,SELL,LIMIT,1702260708555,253.9,1.5519
API3USDT,SELL,LIMIT,1702260710288,3.7,1.5517
API3USDT,BUY,LIMIT,1702260711570,73.9,1.5978
API3USDT,SELL,LIMIT,1702260714252,4.0,1.5488
API3USDT,SELL,LIMIT,1702260715425,618.8,1.5453
API3USDT,SELL,LIMIT,1702260716977,3017.8,1.5453
API3USDT,SELL,LIMIT,1702260717988,606.7,1.5448
API3USDT,SELL,LIMIT,1702260719886,100.0,1.5421
API3USDT,SELL,LIMIT,1702260722394,90.4,1.5428
API3USDT,SELL,LIMIT,1702260723672,1238.7,1.5403
API3USDT,SELL,LIMIT,1702260725496,1315.6,1.5379
API3USDT,SELL,LIMIT,1702260728826,284.6,1.5363
API3USDT,SELL,LIMIT,1702260730557,110.4,1.5361
API3USDT,SELL,LIMIT,1702260732113,1000.0,1.5361
API3USDT,SELL,LIMIT,1702260733617,218.5,1.5318
API3USDT,SELL,LIMIT,1702260736864,15703.5,1.5157
API3USDT,SELL,LIMIT,1702260738561,65.2,1.5213
API3USDT,SELL,LIMIT,1702260739779,314.1,1.5213
API3USDT,SELL,LIMIT,1702260740850,91.8,1.5185
API3USDT,SELL,LIMIT,1702260742137,15216.7,1.5052
API3USDT,SELL,LIMIT,1702260745307,3054.0,1.5119
API3USDT,SELL,LIMIT,1702260746613,1054.6,1.5106
API3USDT,SELL,LIMIT,1702260747633,123.5,1.5019
API3USDT,SELL,LIMIT,1702260748860,7558.0,1.4905
API3USDT,SELL,LIMIT,1702260750733,3.7,1.5008
API3USDT,SELL,LIMIT,1702260752382,185.1,1.4966
API3USDT,SELL,LIMIT,1702260753372,157.6,1.4975
API3USDT,SELL,LIMIT,1702260754620,85.0,1.4907
API3USDT,SELL,LIMIT,1702260755635,211.1,1.4896
API3USDT,SELL,LIMIT,1702260757824,606.0,1.4872
API3USDT,SELL,LIMIT,1702260759549,1147.6,1.4878
API3USDT,SELL,LIMIT,1702260760704,253.4,1.4821
API3USDT,SELL,LIMIT,1702260761983,3.7,1.4821
API3USDT,SELL,LIMIT,1702260763131,74.7,1.4768
API3USDT,SELL,LIMIT,1702260764831,561.7,1.4746
API3USDT,SELL,LIMIT,1702260766301,3340.6,1.4724
API3USDT,SELL,LIMIT,1702260767461,40.1,1.4706
API3USDT,SELL,LIMIT,1702260768638,2.6,1.4670
API3USDT,SELL,LIMIT,1702260769813,65.0,1.4616
API3USDT,SELL,LIMIT,1702260770913,970.8,1.4572
API3USDT,SELL,LIMIT,1702260772499,156.3,1.4566
API3USDT,SELL,LIMIT,1702260773610,131.2,1.4565
API3USDT,SELL,LIMIT,1702260774658,3.7,1.4469
API3USDT,SELL,LIMIT,1702260775679,155.3,1.4497
API3USDT,SELL,LIMIT,1702260778378,113.5,1.4298
API3USDT,SELL,LIMIT,1702260780200,195.2,1.4198
API3USDT,SELL,LIMIT,1702260781847,19.6,1.4265
API3USDT,SELL,LIMIT,1702260782867,43.6,1.4167
API3USDT,SELL,LIMIT,1702260784079,790.9,1.4219
API3USDT,SELL,LIMIT,1702260785114,31.7,1.4101
API3USDT,SELL,LIMIT,1702260786942,633.3,1.4136
API3USDT,BUY,LIMIT,1702260788471,137.0,1.4557
API3USDT,SELL,LIMIT,1702260789630,57.7,1.4121
API3USDT,SELL,LIMIT,1702260790868,15.2,1.4024
API3USDT,SELL,LIMIT,1702260793575,6.6,1.3994
API3USDT,SELL,LIMIT,1702260794592,122.2,1.3989
API3USDT,SELL,LIMIT,1702260795768,122.7,1.3931
API3USDT,SELL,LIMIT,1702260797120,3.7,1.3921
API3USDT,SELL,LIMIT,1702260798217,108.9,1.3862
API3USDT,SELL,LIMIT,1702260799253,344.4,1.3846
API3USDT,SELL,LIMIT,1702260800395,43.6,1.3816
API3USDT,SELL,LIMIT,1702260801458,43.6,1.3791
API3USDT,SELL,LIMIT,1702260802604,488.8,1.3760
API3USDT,SELL,LIMIT,1702260803906,19.8,1.3717
API3USDT,SELL,LIMIT,1702260805023,154.1,1.3716
API3USDT,SELL,LIMIT,1702260806144,400.0,1.3706
API3USDT,SELL,LIMIT,1702260807398,1223.3,1.3644
API3USDT,SELL,LIMIT,1702260808580,7324.1,1.3545
API3USDT,SELL,LIMIT,1702260810206,454.8,1.3640
API3USDT,SELL,LIMIT,1702260811262,693.3,1.3588
API3USDT,SELL,LIMIT,1702260812790,500.0,1.3551
API3USDT,SELL,LIMIT,1702260813833,721.9,1.3578
API3USDT,SELL,LIMIT,1702260815161,13.2,1.3588
API3USDT,SELL,LIMIT,1702260818450,24.6,1.3630
API3USDT,SELL,LIMIT,1702260820472,3599.6,1.3651
API3USDT,BUY,LIMIT,1702260856058,10.8,1.4627
API3USDT,BUY,LIMIT,1702260886117,158.1,1.4845
API3USDT,SELL,LIMIT,1702262615563,169.1,1.4519
API3USDT,SELL,LIMIT,1702262843106,71.9,1.4492
API3USDT,SELL,LIMIT,1702262873708,35.6,1.4477
