Symbol,Side,Order Type,Time,Quantity,Price
APTUSDT,SELL,LIMIT,1700990791215,112.8,7.29733
APTUSDT,SELL,LIMIT,1700991052110,5.9,7.27971
APTUSDT,SELL,LIMIT,1700991053298,1.9,7.27807
APTUSDT,SELL,LIMIT,1700991233064,19.4,7.26692
APTUSDT,SELL,LIMIT,1700996299782,6.1,7.25306
APTUSDT,SELL,LIMIT,1701001502066,7.6,7.22334
APTUSDT,SELL,LIMIT,1701001503312,41.7,7.21932
APTUSDT,SELL,LIMIT,1701001504485,2.5,7.22253
APTUSDT,SELL,LIMIT,1701001505224,0.8,7.21719
APTUSDT,SELL,LIMIT,1701006201214,200.0,7.22773
APTUSDT,SELL,LIMIT,1701008445305,58.2,7.22871
APTUSDT,SELL,LIMIT,1701008449268,20.9,7.22436
APTUSDT,SELL,LIMIT,1701009014196,10.0,7.21830
APTUSDT,SELL,LIMIT,1701009263761,3.4,7.21125
APTUSDT,SELL,LIMIT,1701009274182,24.8,7.20887
APTUSDT,SELL,LIMIT,1701009278902,68.1,7.19885
APTUSDT,SELL,LIMIT,1701009280395,678.7,7.19364
APTUSDT,SELL,LIMIT,1701009283948,13.4,7.18841
APTUSDT,SELL,LIMIT,1701009288619,61.4,7.17819
APTUSDT,SELL,LIMIT,1701009289709,9.1,7.18071
APTUSDT,SELL,LIMIT,1701009290683,683.6,7.16213
APTUSDT,SELL,LIMIT,1701014015099,677.5,7.15991
APTUSDT,SELL,LIMIT,1701014019157,45.9,7.15815
APTUSDT,SELL,LIMIT,1701014034520,659.3,7.15581
APTUSDT,SELL,LIMIT,1701014037480,367.1,7.15553
APTUSDT,SELL,LIMIT,1701014041833,25.9,7.15442
APTUSDT,SELL,LIMIT,1701014055722,57.8,7.15803
APTUSDT,SELL,LIMIT,1701014059331,1.0,7.14749
APTUSDT,SELL,LIMIT,1701015327323,259.2,7.17853
APTUSDT,SELL,LIMIT,1701015640991,600.0,7.16096
APTUSDT,SELL,LIMIT,1701015644389,13.7,7.15826
APTUSDT,SELL,LIMIT,1701015671633,315.2,7.14517
APTUSDT,SELL,LIMIT,1701015675086,300.0,7.13729
APTUSDT,SELL,LIMIT,1701015676196,68.0,7.14276
APTUSDT,SELL,LIMIT,1701015682352,3.2,7.12849
APTUSDT,SELL,LIMIT,1701015683845,20.2,7.13716
APTUSDT,SELL,LIMIT,1701015684704,46.6,7.12315
APTUSDT,SELL,LIMIT,1701015687021,11.8,7.11612
APTUSDT,SELL,LIMIT,1701015747802,73.7,7.11827
APTUSDT,SELL,LIMIT,1701015749292,4.2,7.11796
APTUSDT,SELL,LIMIT,1701015760146,65.8,7.11550
APTUSDT,SELL,LIMIT,1701015761509,40.5,7.11386
APTUSDT,SELL,LIMIT,1701015763214,261.4,7.11500
APTUSDT,SELL,LIMIT,1701015872804,68.1,7.11900
APTUSDT,SELL,LIMIT,1701016013558,1.8,7.10174
APTUSDT,SELL,LIMIT,1701016019482,29.4,7.09605
APTUSDT,SELL,LIMIT,1701016020550,385.0,7.08764
APTUSDT,SELL,LIMIT,1701016027189,17.7,7.08538
APTUSDT,SELL,LIMIT,1701016030287,151.1,7.07806
APTUSDT,SELL,LIMIT,1701016031384,178.0,7.07419
APTUSDT,SELL,LIMIT,1701016032318,34.7,7.07769
APTUSDT,SELL,LIMIT,1701016033236,67.1,7.07309
APTUSDT,SELL,LIMIT,1701016034141,6.0,7.07087
APTUSDT,SELL,LIMIT,1701016035049,270.2,7.05524
APTUSDT,SELL,LIMIT,1701016036052,85.3,7.05510
APTUSDT,SELL,LIMIT,1701016042061,166.2,7.05330
APTUSDT,SELL,LIMIT,1701016043074,927.2,7.03653
APTUSDT,SELL,LIMIT,1701016044075,2.3,7.04347
APTUSDT,SELL,LIMIT,1701016045032,30.2,7.04200
APTUSDT,SELL,LIMIT,1701016045791,48.3,7.02415
APTUSDT,SELL,LIMIT,1701016047147,1.8,7.01330
APTUSDT,SELL,LIMIT,1701016048228,15.6,7.00714
APTUSDT,SELL,LIMIT,1701016049253,691.9,6.98681
APTUSDT,SELL,LIMIT,1701016095206,12.3,6.99880
APTUSDT,SELL,LIMIT,1701016098197,1530.3,6.97064
APTUSDT,SELL,LIMIT,1701016100060,21.0,6.98735
APTUSDT,SELL,LIMIT,1701016102463,680.3,6.98347
APTUSDT,SELL,LIMIT,1701016103424,0.7,6.98304
APTUSDT,BUY,LIMIT,1701020044959,68.2,7.27483
APTUSDT,BUY,LIMIT,1701020336183,28.6,7.27787
APTUSDT,SELL,LIMIT,1701022007467,1.3,7.09611
APTUSDT,BUY,LIMIT,1701029846080,69.5,7.30790
APTUSDT,BUY,LIMIT,1701031111262,363.2,7.35386
APTUSDT,BUY,LIMIT,1701031654446,24.4,7.36690
APTUSDT,BUY,LIMIT,1701031747967,13.9,7.37516
APTUSDT,BUY,LIMIT,1701045201285,25.1,7.40102
APTUSDT,BUY,LIMIT,1701045341994,74.0,7.40841
APTUSDT,BUY,LIMIT,1701045501607,41.8,7.44022
APTUSDT,SELL,LIMIT,1701049222349,72.9,7.19632
APTUSDT,SELL,LIMIT,1701050873321,123.0,7.15689
APTUSDT,SELL,LIMIT,1701051347424,2.8,7.18912
APTUSDT,SELL,LIMIT,1701052283153,254.9,7.14638
APTUSDT,SELL,LIMIT,1701052639071,133.1,7.13896
APTUSDT,SELL,LIMIT,1701052805779,265.1,7.12401
APTUSDT,SELL,LIMIT,1701052856283,169.4,7.11849
APTUSDT,SELL,LIMIT,1701053159919,520.0,7.11062
APTUSDT,SELL,LIMIT,1701053172085,5.6,7.10743
APTUSDT,SELL,LIMIT,1701055172652,180.0,7.08685
APTUSDT,SELL,LIMIT,1701056043348,6.7,7.06136
APTUSDT,SELL,LIMIT,1701056053994,152.1,7.05305
APTUSDT,SELL,LIMIT,1701056055280,14.2,7.04932
APTUSDT,SELL,LIMIT,1701056130318,3.0,7.04242
APTUSDT,SELL,LIMIT,1701056136687,18.8,7.03945
APTUSDT,SELL,LIMIT,1701056155627,70.6,7.03667
