Symbol,Side,Order Type,Time,Quantity,Price
APTUSDT,SELL,LIMIT,1701067750903,29.6,7.12153
APTUSDT,SELL,LIMIT,1701068163087,117.7,7.06947
APTUSDT,SELL,LIMIT,1701068173556,444.2,7.06232
APTUSDT,SELL,LIMIT,1701068197439,348.7,7.06534
APTUSDT,SELL,LIMIT,1701068332773,2.0,7.05883
APTUSDT,SELL,LIMIT,1701069011319,14.6,7.08539
APTUSDT,SELL,LIMIT,1701069404789,7.0,7.07579
APTUSDT,SELL,LIMIT,1701069809796,27.8,7.02240
APTUSDT,SELL,LIMIT,1701069842110,37.5,7.01852
APTUSDT,SELL,LIMIT,1701069844805,68.4,7.01768
APTUSDT,SELL,LIMIT,1701069854886,210.1,7.01367
APTUSDT,SELL,LIMIT,1701069860157,689.6,7.01052
APTUSDT,SELL,LIMIT,1701069891217,1.6,7.00059
APTUSDT,SELL,LIMIT,1701069901802,350.0,6.99693
APTUSDT,SELL,LIMIT,1701070168268,696.7,6.99386
APTUSDT,SELL,LIMIT,1701070171225,13.9,6.98963
APTUSDT,SELL,LIMIT,1701070174092,34.2,6.98796
APTUSDT,SELL,LIMIT,1701070438770,77.5,6.98335
APTUSDT,SELL,LIMIT,1701070439715,1.1,6.98291
APTUSDT,SELL,LIMIT,1701071217299,139.4,7.07491
APTUSDT,BUY,LIMIT,1701077399082,7.0,7.18214
APTUSDT,SELL,LIMIT,1701080526790,16.1,6.98107
APTUSDT,SELL,LIMIT,1701080532927,163.2,6.97925
APTUSDT,SELL,LIMIT,1701080536727,165.0,6.97847
APTUSDT,SELL,LIMIT,1701080745503,362.9,6.97345
APTUSDT,SELL,LIMIT,1701080750355,15.6,6.97218
APTUSDT,SELL,LIMIT,1701080776175,100.0,6.96999
APTUSDT,SELL,LIMIT,1701080777370,144.4,6.96702
APTUSDT,SELL,LIMIT,1701080876203,695.0,6.96465
APTUSDT,SELL,LIMIT,1701081166923,17.7,6.96288
APTUSDT,SELL,LIMIT,1701081191109,34.9,6.96299
APTUSDT,SELL,LIMIT,1701081202179,21.7,6.96152
APTUSDT,SELL,LIMIT,1701081328622,413.5,6.95676
APTUSDT,SELL,LIMIT,1701081434593,25.4,6.95289
APTUSDT,SELL,LIMIT,1701081438160,2291.2,6.92472
APTUSDT,SELL,LIMIT,1701081442102,214.1,6.94915
APTUSDT,SELL,LIMIT,1701081451377,2.9,6.94781
APTUSDT,SELL,LIMIT,1701081454529,110.5,6.94452
APTUSDT,SELL,LIMIT,1701081487450,27.3,6.94195
APTUSDT,SELL,LIMIT,1701081489052,19.7,6.94024
APTUSDT,SELL,LIMIT,1701081610103,2.0,6.93635
APTUSDT,SELL,LIMIT,1701082023093,141.8,6.94884
APTUSDT,SELL,LIMIT,1701082655713,2.0,6.93512
APTUSDT,SELL,LIMIT,1701082690678,10.9,6.93342
APTUSDT,SELL,LIMIT,1701082693176,20.7,6.93683
APTUSDT,SELL,LIMIT,1701082694393,35.8,6.93218
APTUSDT,SELL,LIMIT,1701082696926,6.7,6.93085
APTUSDT,SELL,LIMIT,1701082698418,3.0,6.92788
APTUSDT,SELL,LIMIT,1701082700272,14.1,6.92553
APTUSDT,SELL,LIMIT,1701082705582,14.5,6.91757
APTUSDT,SELL,LIMIT,1701082728100,74.3,6.91864
APTUSDT,SELL,LIMIT,1701084664319,53.5,6.91592
APTUSDT,SELL,LIMIT,1701084913785,6.2,6.91103
APTUSDT,SELL,LIMIT,1701084914890,26.2,6.90876
APTUSDT,SELL,LIMIT,1701084930393,13.9,6.91386
APTUSDT,SELL,LIMIT,1701084931283,282.1,6.90691
APTUSDT,SELL,LIMIT,1701089984402,285.7,6.89926
APTUSDT,SELL,LIMIT,1701091163392,168.2,6.89212
APTUSDT,SELL,LIMIT,1701092748563,146.8,6.88546
APTUSDT,SELL,LIMIT,1701093116184,269.4,6.88246
APTUSDT,SELL,LIMIT,1701093118149,37.3,6.86321
APTUSDT,SELL,LIMIT,1701093137334,194.4,6.84931
APTUSDT,BUY,LIMIT,1701093235501,26.9,7.02240
APTUSDT,SELL,LIMIT,1701095123252,7.1,6.85674
APTUSDT,SELL,LIMIT,1701095543236,233.7,6.84784
APTUSDT,SELL,LIMIT,1701095546448,13.5,6.84782
APTUSDT,SELL,LIMIT,1701095550137,45.5,6.84730
APTUSDT,SELL,LIMIT,1701095551276,9.4,6.84728
APTUSDT,SELL,LIMIT,1701095602153,67.9,6.84145
APTUSDT,SELL,LIMIT,1701095612076,3.2,6.83931
APTUSDT,SELL,LIMIT,1701096737227,14.0,6.83728
APTUSDT,SELL,LIMIT,1701096793508,3.9,6.83565
APTUSDT,SELL,LIMIT,1701096798450,14.3,6.83505
APTUSDT,SELL,LIMIT,1701096941575,34.8,6.82828
APTUSDT,SELL,LIMIT,1701097007421,1.3,6.82442
APTUSDT,SELL,LIMIT,1701097010462,18.0,6.82277
APTUSDT,SELL,LIMIT,1701097019873,24.2,6.81844
APTUSDT,SELL,LIMIT,1701097034007,41.5,6.81777
APTUSDT,SELL,LIMIT,1701097044148,92.4,6.81850
APTUSDT,SELL,LIMIT,1701097051969,59.0,6.81642
APTUSDT,SELL,LIMIT,1701097055373,7.7,6.81526
APTUSDT,SELL,LIMIT,1701097069168,14.9,6.81353
APTUSDT,SELL,LIMIT,1701097072053,336.6,6.81343
APTUSDT,SELL,LIMIT,1701097075659,1318.5,6.79700
APTUSDT,SELL,LIMIT,1701097078978,27.9,6.80890
APTUSDT,SELL,LIMIT,1701097081076,144.7,6.80882
APTUSDT,SELL,LIMIT,1701097091983,686.6,6.80880
APTUSDT,SELL,LIMIT,1701097100115,269.4,6.80320
APTUSDT,SELL,LIMIT,1701097672198,54.0,6.86632
APTUSDT,SELL,LIMIT,1701100130414,8.3,6.82703
APTUSDT,SELL,LIMIT,1701100218535,129.1,6.81329
APTUSDT,SELL,LIMIT,1701100220312,397.6,6.81062
APTUSDT,SELL,LIMIT,1701100510321,713.2,6.82323
APTUSDT,SELL,LIMIT,1701100537306,47.6,6.81654
APTUSDT,SELL,LIMIT,1701100563879,278.0,6.80989
APTUSDT,SELL,LIMIT,1701100574150,426.0,6.80191
APTUSDT,SELL,LIMIT,1701100630704,302.8,6.79299
APTUSDT,SELL,LIMIT,1701100632577,1.6,6.79149
APTUSDT,SELL,LIMIT,1701100640319,10.1,6.78912
APTUSDT,SELL,LIMIT,1701100641186,16.6,6.78906
APTUSDT,SELL,LIMIT,1701100643335,45.0,6.78840
APTUSDT,SELL,LIMIT,1701101142343,40.6,6.81012
APTUSDT,SELL,LIMIT,1701102067099,67.6,6.84071
APTUSDT,SELL,LIMIT,1701112136871,32.9,6.81670
APTUSDT,SELL,LIMIT,1701114216855,135.5,6.80533
APTUSDT,SELL,LIMIT,1701114261807,1.4,6.78547
APTUSDT,SELL,LIMIT,1701114352849,1.0,6.78612
APTUSDT,SELL,LIMIT,1701114355055,54.4,6.77886
APTUSDT,SELL,LIMIT,1701114356146,11.0,6.77979
APTUSDT,SELL,LIMIT,1701114468038,1.1,6.77276
APTUSDT,SELL,LIMIT,1701114469181,53.6,6.76931
APTUSDT,SELL,LIMIT,1701114471088,22.9,6.76800
APTUSDT,SELL,LIMIT,1701114474203,28.9,6.76776
APTUSDT,SELL,LIMIT,1701114476261,27.4,6.76613
APTUSDT,SELL,LIMIT,1701114496152,1791.6,6.73918
APTUSDT,SELL,LIMIT,1701114522548,34.8,6.76369
APTUSDT,SELL,LIMIT,1701116890827,17.3,6.77360
APTUSDT,SELL,LIMIT,1701117177245,33.5,6.77181
APTUSDT,SELL,LIMIT,1701117187250,9.9,6.76944
APTUSDT,SELL,LIMIT,1701118497832,3.2,6.78349
APTUSDT,BUY,LIMIT,1701120683171,14.2,6.97438
APTUSDT,BUY,LIMIT,1701128059453,1.4,7.02216
APTUSDT,SELL,LIMIT,1701136925613,3.6,6.84860
APTUSDT,SELL,LIMIT,1701136927656,336.7,6.84692
APTUSDT,SELL,LIMIT,1701144373245,2.2,6.78836
APTUSDT,SELL,LIMIT,1701146601273,719.8,6.77317
APTUSDT,SELL,LIMIT,1701147456159,253.2,6.76336
APTUSDT,SELL,LIMIT,1701147834716,93.1,6.75798
APTUSDT,SELL,LIMIT,1701147866419,35.0,6.75222
APTUSDT,SELL,LIMIT,1701147872085,147.1,6.74757
APTUSDT,SELL,LIMIT,1701147873567,150.5,6.74528
APTUSDT,SELL,LIMIT,1701147876697,1038.4,6.73556
APTUSDT,SELL,LIMIT,1701147879780,166.0,6.74400
APTUSDT,SELL,LIMIT,1701147881338,27.2,6.74385
APTUSDT,SELL,LIMIT,1701147900056,26.0,6.74018
APTUSDT,SELL,LIMIT,1701147909687,69.8,6.73845
APTUSDT,SELL,LIMIT,1701147915724,356.6,6.73163
APTUSDT,SELL,LIMIT,1701147918335,29.7,6.72805
APTUSDT,SELL,LIMIT,1701147927760,720.0,6.72369
APTUSDT,SELL,LIMIT,1701148116006,104.0,6.71685
APTUSDT,SELL,LIMIT,1701148136460,33.8,6.71221
APTUSDT,SELL,LIMIT,1701148171009,103.9,6.71141
APTUSDT,SELL,LIMIT,1701148184683,281.4,6.70809
APTUSDT,SELL,LIMIT,1701148186503,35.2,6.70486
APTUSDT,SELL,LIMIT,1701148203131,38.3,6.70286
APTUSDT,SELL,LIMIT,1701148221788,2353.5,6.67819
APTUSDT,SELL,LIMIT,1701148241397,42.2,6.69957
APTUSDT,SELL,LIMIT,1701148260057,10.0,6.69538
APTUSDT,SELL,LIMIT,1701148566216,108.1,6.71582
APTUSDT,SELL,LIMIT,1701148940175,4.8,6.69441
APTUSDT,SELL,LIMIT,1701148942157,210.0,6.69338
APTUSDT,SELL,LIMIT,1701149067819,71.1,6.69340
APTUSDT,SELL,LIMIT,1701149760184,11.6,6.69394
APTUSDT,SELL,LIMIT,1701149770034,110.0,6.69143
APTUSDT,SELL,LIMIT,1701149772436,4.9,6.68778
APTUSDT,SELL,LIMIT,1701149776083,53.4,6.68898
APTUSDT,SELL,LIMIT,1701149841801,924.8,6.67900
APTUSDT,SELL,LIMIT,1701149843298,23.2,6.68240
APTUSDT,SELL,LIMIT,1701149844695,42.1,6.67677
APTUSDT,SELL,LIMIT,1701149845729,1000.0,6.66833
APTUSDT,SELL,LIMIT,1701149847122,159.4,6.67599
APTUSDT,SELL,LIMIT,1701149850275,30.1,6.67454
APTUSDT,SELL,LIMIT,1701149853704,13.9,6.67242
APTUSDT,SELL,LIMIT,1701149854951,440.5,6.67077
APTUSDT,SELL,LIMIT,1701149859229,31.0,6.66647
APTUSDT,SELL,LIMIT,1701149872084,289.6,6.66822
APTUSDT,SELL,LIMIT,1701149879946,481.7,6.66673
APTUSDT,SELL,LIMIT,1701149882065,13.9,6.66596
APTUSDT,SELL,LIMIT,1701149895793,10.0,6.66271
APTUSDT,SELL,LIMIT,1701156563090,13.1,6.68912
APTUSDT,BUY,LIMIT,1701171727784,13.6,6.94908
APTUSDT,BUY,LIMIT,1701172472894,43.2,6.96709
APTUSDT,BUY,LIMIT,1701189814528,31.3,7.05261
APTUSDT,BUY,LIMIT,1701189821310,45.5,7.06077
APTUSDT,BUY,LIMIT,1701190007137,20.2,7.06984
APTUSDT,BUY,LIMIT,1701192036675,2.5,7.10634
APTUSDT,BUY,LIMIT,1701192059714,5.9,7.11159
APTUSDT,BUY,LIMIT,1701192676926,40.7,7.13411
APTUSDT,SELL,LIMIT,1701197836404,22.4,7.34574
APTUSDT,SELL,LIMIT,1701197850244,3.2,6.97095
APTUSDT,BUY,LIMIT,1701197853681,14.2,7.11222
APTUSDT,SELL,LIMIT,1701197856583,16.5,6.97131
APTUSDT,SELL,LIMIT,1701214737091,19.2,6.92259
APTUSDT,SELL,LIMIT,1701216842065,91.9,6.92245
APTUSDT,SELL,LIMIT,1701216845590,76.9,6.91993
APTUSDT,SELL,LIMIT,1701216849006,5.4,6.91748
APTUSDT,BUY,LIMIT,1701226449685,0.1,7.08072
APTUSDT,BUY,LIMIT,1701247359926,7.4,7.14070
APTUSDT,BUY,LIMIT,1701247563369,4.2,7.15147
APTUSDT,BUY,LIMIT,1701248268406,170.8,7.19581
APTUSDT,BUY,LIMIT,1701249339184,1000.0,7.21971
APTUSDT,SELL,LIMIT,1701249496302,2.5,7.06351
APTUSDT,SELL,LIMIT,1701253412138,3.7,6.98983
APTUSDT,SELL,LIMIT,1701253586249,6.6,6.98644
APTUSDT,SELL,LIMIT,1701254053375,4.4,6.96776
APTUSDT,SELL,LIMIT,1701254066980,49.2,6.95955
APTUSDT,SELL,LIMIT,1701254360502,16.8,6.94362
APTUSDT,SELL,LIMIT,1701264613293,149.1,6.91351
APTUSDT,SELL,LIMIT,1701264635570,85.0,6.90070
APTUSDT,SELL,LIMIT,1701267726936,177.6,6.89277
APTUSDT,SELL,LIMIT,1701267760133,38.5,6.88654
APTUSDT,SELL,LIMIT,1701267774795,119.1,6.88426
APTUSDT,SELL,LIMIT,1701267776330,83.8,6.88297
APTUSDT,SELL,LIMIT,1701268366047,24.6,6.88084
APTUSDT,SELL,LIMIT,1701268436226,52.4,6.87124
APTUSDT,SELL,LIMIT,1701268454509,563.2,6.86752
APTUSDT,SELL,LIMIT,1701269157303,28.5,6.85774
APTUSDT,SELL,LIMIT,1701270437890,7.1,6.84618
APTUSDT,SELL,LIMIT,1701270453022,2.8,6.84059
APTUSDT,SELL,LIMIT,1701270573109,353.8,6.83634
APTUSDT,SELL,LIMIT,1701270575636,12.4,6.82793
APTUSDT,SELL,LIMIT,1701270577637,7.3,6.82651
APTUSDT,SELL,LIMIT,1701270581845,14.0,6.82689
APTUSDT,SELL,LIMIT,1701270610414,501.7,6.81706
APTUSDT,SELL,LIMIT,1701270614635,220.2,6.80968
APTUSDT,SELL,LIMIT,1701270616694,170.7,6.80719
APTUSDT,SELL,LIMIT,1701270617917,44.0,6.80247
APTUSDT,SELL,LIMIT,1701270619942,37.4,6.79834
APTUSDT,SELL,LIMIT,1701275841077,57.0,6.82154
APTUSDT,BUY,LIMIT,1701279652916,98.1,7.04944
APTUSDT,BUY,LIMIT,1701279672181,77.0,7.05198
APTUSDT,BUY,LIMIT,1701279690040,13.4,7.05468
APTUSDT,SELL,LIMIT,1701285555947,1.0,6.92820
APTUSDT,SELL,LIMIT,1701288287798,0.4,6.94882
APTUSDT,BUY,LIMIT,1701303868003,127.5,7.12130
APTUSDT,BUY,LIMIT,1701303920549,11.7,7.12594
APTUSDT,BUY,LIMIT,1701303933455,34.1,7.12818
APTUSDT,SELL,LIMIT,1701304429834,198.4,6.98520
APTUSDT,BUY,LIMIT,1701311991161,34.0,7.08263
APTUSDT,BUY,LIMIT,1701317053111,39.9,7.13311
APTUSDT,BUY,LIMIT,1701317224136,44.0,7.13525
APTUSDT,SELL,LIMIT,1701327054235,0.2,6.93503
APTUSDT,SELL,LIMIT,1701328281392,3.1,6.98904
APTUSDT,SELL,LIMIT,1701331439060,1.4,6.92406
APTUSDT,SELL,LIMIT,1701333557150,138.7,6.87603
APTUSDT,SELL,LIMIT,1701333561970,0.9,6.87291
APTUSDT,SELL,LIMIT,1701333564773,2.8,6.87060
APTUSDT,BUY,LIMIT,1701344170104,23.2,7.13304
APTUSDT,BUY,LIMIT,1701344254359,420.6,7.14189
APTUSDT,BUY,LIMIT,1701344364153,111.8,7.16060
APTUSDT,BUY,LIMIT,1701344388129,1.2,7.16877
APTUSDT,BUY,LIMIT,1701344433374,1.4,7.17964
APTUSDT,BUY,LIMIT,1701344498254,138.5,7.19130
APTUSDT,SELL,LIMIT,1701345227352,37.6,6.99900
APTUSDT,SELL,LIMIT,1701349516054,66.6,6.95795
APTUSDT,SELL,LIMIT,1701353011098,45.6,6.90810
APTUSDT,SELL,LIMIT,1701353013896,3.2,6.90169
APTUSDT,SELL,LIMIT,1701353045262,3.9,6.90230
APTUSDT,SELL,LIMIT,1701353062314,272.9,6.89615
APTUSDT,SELL,LIMIT,1701370285466,2.3,6.88042
APTUSDT,SELL,LIMIT,1701390384149,11.3,6.86333
APTUSDT,SELL,LIMIT,1701390439978,1.2,6.86071
APTUSDT,BUY,LIMIT,1701393879555,2.2,7.06717
APTUSDT,BUY,LIMIT,1701394228248,8.8,7.10156
APTUSDT,BUY,LIMIT,1701394683698,19.7,7.11611
APTUSDT,BUY,LIMIT,1701394797555,346.3,7.12056
APTUSDT,BUY,LIMIT,1701399011155,25.7,7.11959
APTUSDT,BUY,LIMIT,1701405515309,0.8,7.13852
APTUSDT,BUY,LIMIT,1701421805237,199.0,7.11671
APTUSDT,BUY,LIMIT,1701424690666,329.2,7.16619
APTUSDT,BUY,LIMIT,1701424844937,43.1,7.18059
APTUSDT,SELL,LIMIT,1701434875722,141.9,6.94589
APTUSDT,SELL,LIMIT,1701435028669,5.7,6.94394
APTUSDT,SELL,LIMIT,1701442250228,71.2,6.91208
APTUSDT,BUY,LIMIT,1701447542229,392.9,7.12322
APTUSDT,SELL,LIMIT,1701448432637,21.3,7.01020
APTUSDT,SELL,LIMIT,1701455136149,11.7,6.95339
APTUSDT,SELL,LIMIT,1701481039090,29.2,7.02341
APTUSDT,BUY,LIMIT,1701485767269,7.0,7.18033
APTUSDT,SELL,LIMIT,1701486000166,90.5,7.55351
APTUSDT,BUY,LIMIT,1701486003149,76.1,7.17867
APTUSDT,SELL,LIMIT,1701486004387,0.8,7.03710
APTUSDT,BUY,LIMIT,1701486007061,4.0,7.18533
APTUSDT,BUY,LIMIT,1701486008222,295.4,7.18517
APTUSDT,BUY,LIMIT,1701488199521,100.0,7.18074
APTUSDT,BUY,LIMIT,1701499979361,577.0,7.21451
APTUSDT,BUY,LIMIT,1701500277233,14.7,7.22634
APTUSDT,BUY,LIMIT,1701500351856,43.4,7.23786
APTUSDT,BUY,LIMIT,1701500646235,222.1,7.23894
APTUSDT,BUY,LIMIT,1701502421302,19.8,7.24922
APTUSDT,BUY,LIMIT,1701506716556,42.4,7.28543
