Symbol,Side,Order Type,Time,Quantity,Price
APTUSDT,BUY,LIMIT,1701921913700,139.9,7.55467
APTUSDT,BUY,LIMIT,1701921929238,19.0,7.57303
APTUSDT,BUY,LIMIT,1701921941110,20.7,7.59786
APTUSDT,BUY,LIMIT,1701922215489,2.9,7.62467
APTUSDT,BUY,LIMIT,1701922348443,467.1,7.68656
APTUSDT,BUY,LIMIT,1701925043006,20.0,7.72982
APTUSDT,BUY,LIMIT,1701925476316,27.0,7.76300
APTUSDT,BUY,LIMIT,1701925511824,434.8,7.77789
APTUSDT,SELL,LIMIT,1701929954299,11.5,7.53777
APTUSDT,SELL,LIMIT,1701931651471,52.0,7.50393
APTUSDT,SELL,LIMIT,1701931652893,46.8,7.50303
APTUSDT,SELL,LIMIT,1701931807499,52.0,7.50619
APTUSDT,BUY,LIMIT,1701934230705,10.0,7.69216
APTUSDT,SELL,LIMIT,1701936914313,304.5,7.49459
APTUSDT,SELL,LIMIT,1701936923522,52.0,7.48993
APTUSDT,SELL,LIMIT,1701936968159,104.0,7.48144
APTUSDT,SELL,LIMIT,1701936969366,52.0,7.48144
APTUSDT,SELL,LIMIT,1701936980246,93.6,7.47649
APTUSDT,SELL,LIMIT,1701936981377,52.0,7.47476
APTUSDT,SELL,LIMIT,1701937344986,52.0,7.47523
APTUSDT,SELL,LIMIT,1701937386525,52.0,7.47455
APTUSDT,SELL,LIMIT,1701939558161,24.4,7.45714
APTUSDT,SELL,LIMIT,1701939559754,0.9,7.45632
APTUSDT,SELL,LIMIT,1701939569707,85.7,7.45064
APTUSDT,SELL,LIMIT,1701940475100,14.8,7.43741
APTUSDT,SELL,LIMIT,1701940561477,1000.0,7.39375
APTUSDT,SELL,LIMIT,1701940562551,67.1,7.41173
APTUSDT,SELL,LIMIT,1701940566328,189.5,7.39620
APTUSDT,SELL,LIMIT,1701940568306,30.0,7.39587
APTUSDT,SELL,LIMIT,1701940693497,1.0,7.38992
APTUSDT,SELL,LIMIT,1701941153255,314.1,7.35209
APTUSDT,SELL,LIMIT,1701941159223,172.4,7.35761
APTUSDT,SELL,LIMIT,1701941162423,26.6,7.34363
APTUSDT,SELL,LIMIT,1701941174226,11.9,7.34121
APTUSDT,SELL,LIMIT,1701941176094,2.1,7.34039
APTUSDT,SELL,LIMIT,1701941181326,190.3,7.33246
APTUSDT,SELL,LIMIT,1701941182915,216.5,7.31790
APTUSDT,SELL,LIMIT,1701941187281,11.7,7.30945
APTUSDT,SELL,LIMIT,1701941188347,2.9,7.30366
APTUSDT,SELL,LIMIT,1701941189359,10.0,7.29864
APTUSDT,SELL,LIMIT,1701941190469,51.2,7.30250
APTUSDT,SELL,LIMIT,1701941206196,8.1,7.30622
APTUSDT,SELL,LIMIT,1701941237273,8.3,7.29587
APTUSDT,SELL,LIMIT,1701941239131,52.4,7.28218
APTUSDT,SELL,LIMIT,1701941243061,52.5,7.28740
APTUSDT,SELL,LIMIT,1701941248951,6.6,7.27632
APTUSDT,SELL,LIMIT,1701941271429,31.3,7.27191
APTUSDT,BUY,LIMIT,1701941656695,100.0,7.52646
APTUSDT,BUY,LIMIT,1701941679939,5.5,7.52883
APTUSDT,BUY,LIMIT,1701942214756,52.4,7.59135
APTUSDT,BUY,LIMIT,1701947793048,33.4,7.66889
APTUSDT,BUY,LIMIT,1701948190372,35.1,7.74565
APTUSDT,BUY,LIMIT,1701953976590,0.1,7.72933
APTUSDT,SELL,LIMIT,1701956558757,136.9,7.49497
APTUSDT,BUY,LIMIT,1701959178618,447.8,7.70883
APTUSDT,BUY,LIMIT,1701961116887,217.9,7.75240
APTUSDT,BUY,LIMIT,1701961305645,108.0,7.76245
APTUSDT,BUY,LIMIT,1701961339022,9.0,7.76122
APTUSDT,BUY,LIMIT,1701961431347,7.0,7.77292
APTUSDT,BUY,LIMIT,1701962650457,12.4,7.79172
APTUSDT,BUY,LIMIT,1701962667742,6.5,7.77406
APTUSDT,BUY,LIMIT,1701962686690,0.1,7.79528
APTUSDT,BUY,LIMIT,1701963004267,27.2,7.83368
APTUSDT,BUY,LIMIT,1701963560991,383.1,7.84511
APTUSDT,BUY,LIMIT,1701963684939,30.1,7.86830
APTUSDT,BUY,LIMIT,1701965091020,13.2,7.89294
APTUSDT,BUY,LIMIT,1701965219290,118.1,7.92116
APTUSDT,BUY,LIMIT,1701965220359,44.7,7.91534
APTUSDT,BUY,LIMIT,1701965340222,327.9,7.93620
APTUSDT,BUY,LIMIT,1701965441268,12.8,7.94404
APTUSDT,BUY,LIMIT,1701965754215,110.0,7.97642
APTUSDT,BUY,LIMIT,1701965755920,81.1,7.97709
APTUSDT,BUY,LIMIT,1701965884773,16.9,7.99037
APTUSDT,BUY,LIMIT,1701965891222,23.5,8.00898
APTUSDT,BUY,LIMIT,1701966085807,197.2,8.02550
APTUSDT,BUY,LIMIT,1701966090954,26.4,8.03337
APTUSDT,BUY,LIMIT,1701966092193,4251.6,8.08255
APTUSDT,BUY,LIMIT,1701966093828,70.8,8.04366
APTUSDT,BUY,LIMIT,1701966109114,64.2,8.05847
APTUSDT,BUY,LIMIT,1701966114764,341.0,8.06320
APTUSDT,BUY,LIMIT,1701966119521,186.8,8.07046
APTUSDT,BUY,LIMIT,1701966237201,4.6,8.09592
APTUSDT,BUY,LIMIT,1701966290097,45.7,8.10871
APTUSDT,BUY,LIMIT,1701966292961,3.6,8.10974
APTUSDT,SELL,LIMIT,1701966520671,1.1,7.86442
APTUSDT,BUY,LIMIT,1701966817371,46.8,8.11326
APTUSDT,BUY,LIMIT,1701966831080,237.9,8.12056
APTUSDT,BUY,LIMIT,1701966850166,1000.5,8.13459
APTUSDT,BUY,LIMIT,1701967819727,49.0,8.08592
APTUSDT,BUY,LIMIT,1701968127068,288.9,8.12421
APTUSDT,BUY,LIMIT,1701968151034,54.2,8.13197
APTUSDT,BUY,LIMIT,1701968152625,112.4,8.13339
APTUSDT,BUY,LIMIT,1701968160904,2.2,8.14396
APTUSDT,BUY,LIMIT,1701968165544,43.6,8.15055
APTUSDT,BUY,LIMIT,1701968186764,30.6,8.15584
APTUSDT,SELL,LIMIT,1701968696164,21.0,7.87199
APTUSDT,BUY,LIMIT,1701969723586,288.1,8.15781
APTUSDT,BUY,LIMIT,1701969794124,5.5,8.16230
APTUSDT,BUY,LIMIT,1701969932349,4132.1,8.21143
APTUSDT,BUY,LIMIT,1701969998098,1.0,8.17171
APTUSDT,SELL,LIMIT,1701971374274,258.3,7.89115
APTUSDT,BUY,LIMIT,1701972091991,14.0,8.18760
APTUSDT,BUY,LIMIT,1701972160848,35.2,8.19268
APTUSDT,BUY,LIMIT,1701972175038,322.7,8.19680
APTUSDT,BUY,LIMIT,1701972427507,8.6,8.20353
APTUSDT,BUY,LIMIT,1701972434076,507.8,8.21602
APTUSDT,BUY,LIMIT,1701972438209,50.1,8.22531
APTUSDT,BUY,LIMIT,1701972512308,140.0,8.24327
APTUSDT,BUY,LIMIT,1701972539865,57.4,8.24517
APTUSDT,BUY,LIMIT,1701972623830,1444.6,8.27981
APTUSDT,BUY,LIMIT,1701972636084,52.7,8.25975
APTUSDT,BUY,LIMIT,1701972658100,46.6,8.26473
APTUSDT,BUY,LIMIT,1701972681087,384.3,8.27810
APTUSDT,BUY,LIMIT,1701972693501,8.7,8.28375
APTUSDT,BUY,LIMIT,1701972695637,51.9,8.29001
APTUSDT,SELL,LIMIT,1701973112629,596.2,8.03886
APTUSDT,SELL,LIMIT,1701973148694,86.7,8.01429
APTUSDT,SELL,LIMIT,1701973195254,41.9,7.99133
APTUSDT,SELL,LIMIT,1701973218265,18.2,7.97919
APTUSDT,SELL,LIMIT,1701974306348,3.1,7.94248
APTUSDT,SELL,LIMIT,1701974932534,171.9,7.92793
APTUSDT,SELL,LIMIT,1701976172263,620.2,7.89639
APTUSDT,SELL,LIMIT,1701976309361,65.2,7.88020
APTUSDT,SELL,LIMIT,1701976319477,22.4,7.86905
APTUSDT,SELL,LIMIT,1701976466119,2.4,7.85182
APTUSDT,SELL,LIMIT,1701976684091,17.0,7.84477
APTUSDT,SELL,LIMIT,1701976862231,36.5,7.83237
APTUSDT,SELL,LIMIT,1701976870029,171.6,7.83021
APTUSDT,SELL,LIMIT,1701977185012,63.6,7.81535
APTUSDT,SELL,LIMIT,1701977992454,62.7,7.78708
APTUSDT,SELL,LIMIT,1701978104584,26.3,7.76958
APTUSDT,SELL,LIMIT,1701978109708,108.9,7.76868
APTUSDT,SELL,LIMIT,1701978255303,1708.5,7.74167
APTUSDT,BUY,LIMIT,1701979568198,34.5,7.95678
APTUSDT,BUY,LIMIT,1701982887279,636.9,8.00498
APTUSDT,BUY,LIMIT,1701984771694,25.0,8.06493
APTUSDT,BUY,LIMIT,1701985578442,4.3,8.08047
APTUSDT,SELL,LIMIT,1701989981798,52.4,7.82879
APTUSDT,SELL,LIMIT,1701991031098,99.3,7.79952
APTUSDT,SELL,LIMIT,1701991036468,11.0,7.79824
APTUSDT,SELL,LIMIT,1701991168327,2.4,7.79633
APTUSDT,SELL,LIMIT,1701991532238,200.0,7.78834
APTUSDT,SELL,LIMIT,1701991542777,0.8,7.78545
APTUSDT,BUY,LIMIT,1701993648423,15.6,8.05708
APTUSDT,SELL,LIMIT,1702000184924,124.1,7.78847
APTUSDT,SELL,LIMIT,1702002184595,136.3,7.80645
APTUSDT,BUY,LIMIT,1702003978449,1065.3,7.95889
APTUSDT,BUY,LIMIT,1702006362317,1.5,8.06923
APTUSDT,SELL,LIMIT,1702007096293,1.5,10.31017
APTUSDT,BUY,LIMIT,1702007154541,3.6,8.09919
APTUSDT,BUY,LIMIT,1702007738119,6.1,8.12191
APTUSDT,BUY,LIMIT,1702008918252,625.0,8.14808
APTUSDT,BUY,LIMIT,1702009265171,10.5,8.16503
APTUSDT,BUY,LIMIT,1702009591228,6.1,8.19669
APTUSDT,BUY,LIMIT,1702009595258,90.5,8.20148
APTUSDT,BUY,LIMIT,1702009607558,135.1,8.22451
APTUSDT,BUY,LIMIT,1702009896848,12.1,8.26706
APTUSDT,BUY,LIMIT,1702009902835,138.1,8.26994
APTUSDT,BUY,LIMIT,1702009911381,326.4,8.27175
APTUSDT,BUY,LIMIT,1702009938921,25.3,8.28359
APTUSDT,BUY,LIMIT,1702009968282,0.8,8.28988
APTUSDT,BUY,LIMIT,1702010001508,359.0,8.29875
APTUSDT,BUY,LIMIT,1702010013463,125.0,8.30049
APTUSDT,BUY,LIMIT,1702010018972,25.1,8.30708
APTUSDT,SELL,LIMIT,1702010254389,60.7,8.06442
APTUSDT,SELL,LIMIT,1702010340130,7.5,8.04583
APTUSDT,BUY,LIMIT,1702016154522,55.0,8.24477
APTUSDT,BUY,LIMIT,1702016741296,6.8,8.27392
APTUSDT,BUY,LIMIT,1702018205600,1262.4,8.29007
APTUSDT,BUY,LIMIT,1702018333275,13.6,8.31296
APTUSDT,BUY,LIMIT,1702018355274,284.0,8.33068
APTUSDT,BUY,LIMIT,1702018356356,71.5,8.33249
APTUSDT,BUY,LIMIT,1702018508298,4.3,8.33600
APTUSDT,BUY,LIMIT,1702018511273,58.1,8.33759
APTUSDT,BUY,LIMIT,1702018530388,0.4,8.34462
APTUSDT,BUY,LIMIT,1702018616099,1.8,8.35281
APTUSDT,BUY,LIMIT,1702018631520,6.4,8.35716
APTUSDT,BUY,LIMIT,1702019377655,7.6,8.38200
APTUSDT,BUY,LIMIT,1702019385307,118.4,8.38257
APTUSDT,BUY,LIMIT,1702019391195,47.1,8.38428
APTUSDT,BUY,LIMIT,1702019450166,3.1,8.39588
APTUSDT,BUY,LIMIT,1702019451977,125.0,8.39716
APTUSDT,BUY,LIMIT,1702019461647,0.7,8.40653
APTUSDT,SELL,LIMIT,1702020115849,2.8,8.14425
APTUSDT,SELL,LIMIT,1702020223939,56.8,8.11752
APTUSDT,SELL,LIMIT,1702020225599,591.7,8.11068
APTUSDT,SELL,LIMIT,1702020530518,1.2,8.11074
APTUSDT,SELL,LIMIT,1702020533512,5.0,8.10946
APTUSDT,SELL,LIMIT,1702020575521,133.4,8.10626
APTUSDT,SELL,LIMIT,1702020628395,4.8,8.09201
APTUSDT,SELL,LIMIT,1702020669882,1.7,8.06695
APTUSDT,SELL,LIMIT,1702022343970,99.4,8.05431
APTUSDT,SELL,LIMIT,1702022534766,35.8,8.07417
APTUSDT,SELL,LIMIT,1702022536760,2.7,8.03845
APTUSDT,SELL,LIMIT,1702022554183,5.0,8.07000
APTUSDT,BUY,LIMIT,1702023254527,24.8,8.30402
APTUSDT,BUY,LIMIT,1702023446484,12.2,8.31789
APTUSDT,SELL,LIMIT,1702025934783,0.9,8.07235
APTUSDT,SELL,LIMIT,1702025936659,1.0,8.06806
APTUSDT,BUY,LIMIT,1702027270959,133.2,8.33890
APTUSDT,BUY,LIMIT,1702027309158,3.2,8.34356
APTUSDT,BUY,LIMIT,1702028869416,12.8,8.40948
APTUSDT,BUY,LIMIT,1702028870721,23.0,8.41200
APTUSDT,BUY,LIMIT,1702028920204,6.6,8.42503
APTUSDT,BUY,LIMIT,1702028921955,5.1,8.42883
APTUSDT,BUY,LIMIT,1702028933339,8.5,8.44042
APTUSDT,BUY,LIMIT,1702030960395,605.1,8.42826
APTUSDT,BUY,LIMIT,1702031553199,458.5,8.45338
APTUSDT,BUY,LIMIT,1702031863069,64.9,8.46579
APTUSDT,BUY,LIMIT,1702032368453,30.2,8.47962
APTUSDT,BUY,LIMIT,1702032373088,58.1,8.48407
APTUSDT,BUY,LIMIT,1702032382926,149.8,8.49764
APTUSDT,BUY,LIMIT,1702032395244,2819.0,8.54149
APTUSDT,BUY,LIMIT,1702032402291,53.9,8.50885
APTUSDT,BUY,LIMIT,1702032406346,91.1,8.50839
APTUSDT,BUY,LIMIT,1702032409514,602.4,8.51259
APTUSDT,BUY,LIMIT,1702032420240,426.4,8.51898
APTUSDT,BUY,LIMIT,1702032588341,23.7,8.53281
APTUSDT,BUY,LIMIT,1702032590101,42.5,8.53587
APTUSDT,BUY,LIMIT,1702032617359,7.3,8.54247
APTUSDT,BUY,LIMIT,1702032618689,145.7,8.54283
APTUSDT,BUY,LIMIT,1702032912829,1.0,8.54553
APTUSDT,BUY,LIMIT,1702033295391,58.6,8.53046
APTUSDT,BUY,LIMIT,1702035174241,982.3,8.55413
APTUSDT,BUY,LIMIT,1702035708119,188.8,8.56269
APTUSDT,BUY,LIMIT,1702035709390,6.5,8.56632
APTUSDT,BUY,LIMIT,1702035726059,24.0,8.57500
APTUSDT,BUY,LIMIT,1702035729717,110.0,8.58007
APTUSDT,BUY,LIMIT,1702035749350,377.1,8.58467
APTUSDT,BUY,LIMIT,1702035751087,593.6,8.58875
APTUSDT,BUY,LIMIT,1702035753808,148.7,8.59214
APTUSDT,BUY,LIMIT,1702035759170,74.2,8.59488
APTUSDT,BUY,LIMIT,1702035760969,13.1,8.59529
APTUSDT,BUY,LIMIT,1702035767246,42.2,8.60270
APTUSDT,BUY,LIMIT,1702035769038,800.0,8.61600
APTUSDT,BUY,LIMIT,1702035772382,93.0,8.60674
APTUSDT,BUY,LIMIT,1702035787469,148.4,8.60800
APTUSDT,BUY,LIMIT,1702035803245,67.3,8.60868
APTUSDT,BUY,LIMIT,1702035811090,113.0,8.61069
APTUSDT,BUY,LIMIT,1702035944287,20.0,8.56611
APTUSDT,BUY,LIMIT,1702036158412,60.0,8.52339
APTUSDT,BUY,LIMIT,1702036193639,3.5,8.54273
APTUSDT,BUY,LIMIT,1702036418689,17.7,8.61465
APTUSDT,BUY,LIMIT,1702036424843,13.3,8.61862
APTUSDT,BUY,LIMIT,1702036432198,80.1,8.62154
APTUSDT,BUY,LIMIT,1702036434512,0.6,8.62254
APTUSDT,SELL,LIMIT,1702036797336,13.8,8.35993
APTUSDT,SELL,LIMIT,1702036805993,117.2,8.35376
APTUSDT,SELL,LIMIT,1702036889576,7.8,8.34203
APTUSDT,SELL,LIMIT,1702036893472,1.5,8.34070
APTUSDT,SELL,LIMIT,1702036931272,59.4,8.32100
APTUSDT,SELL,LIMIT,1702037074754,0.7,8.28644
APTUSDT,SELL,LIMIT,1702037081066,3.0,8.28243
APTUSDT,SELL,LIMIT,1702037168304,0.6,8.28109
APTUSDT,SELL,LIMIT,1702037188901,6.5,8.27699
APTUSDT,SELL,LIMIT,1702040524289,200.0,8.26121
APTUSDT,SELL,LIMIT,1702042237512,256.7,8.27691
APTUSDT,SELL,LIMIT,1702042240265,163.1,8.26816
APTUSDT,BUY,LIMIT,1702042840049,141.3,8.52556
APTUSDT,BUY,LIMIT,1702042864706,30.9,8.54305
APTUSDT,BUY,LIMIT,1702043701453,130.0,8.52749
APTUSDT,SELL,LIMIT,1702045632625,67.2,8.37936
APTUSDT,BUY,LIMIT,1702048108495,151.3,8.58977
APTUSDT,BUY,LIMIT,1702048115251,23.6,8.60458
APTUSDT,BUY,LIMIT,1702048226367,79.7,8.62750
APTUSDT,SELL,LIMIT,1702049613522,590.8,8.29798
APTUSDT,SELL,LIMIT,1702050737341,0.2,8.32789
APTUSDT,BUY,LIMIT,1702051512551,9221.2,8.60949
APTUSDT,BUY,LIMIT,1702051606814,2.5,8.57687
APTUSDT,BUY,LIMIT,1702051612036,73.0,8.59278
APTUSDT,BUY,LIMIT,1702051616355,21.3,8.59531
APTUSDT,BUY,LIMIT,1702051681183,62.8,8.63302
APTUSDT,BUY,LIMIT,1702051682238,75.1,8.62989
APTUSDT,BUY,LIMIT,1702051692663,277.7,8.63948
APTUSDT,BUY,LIMIT,1702051726159,158.2,8.64538
APTUSDT,BUY,LIMIT,1702052161449,6.0,8.62655
APTUSDT,BUY,LIMIT,1702052473362,1.0,8.66069
APTUSDT,BUY,LIMIT,1702052482108,201.3,8.66653
APTUSDT,BUY,LIMIT,1702052483890,14.3,8.66948
APTUSDT,BUY,LIMIT,1702052488474,10.0,8.68921
APTUSDT,BUY,LIMIT,1702052489947,13.9,8.69127
APTUSDT,BUY,LIMIT,1702052491430,39.1,8.69465
APTUSDT,BUY,LIMIT,1702052494530,50.1,8.69974
APTUSDT,BUY,LIMIT,1702052498931,37.9,8.70299
APTUSDT,BUY,LIMIT,1702052501363,152.0,8.71418
APTUSDT,BUY,LIMIT,1702052502635,25.1,8.71523
APTUSDT,BUY,LIMIT,1702052522364,964.4,8.73557
APTUSDT,BUY,LIMIT,1702052526337,1.9,8.71879
APTUSDT,BUY,LIMIT,1702052529044,7.2,8.72506
APTUSDT,BUY,LIMIT,1702052530226,8.9,8.72135
APTUSDT,BUY,LIMIT,1702052588660,4.2,8.71635
APTUSDT,BUY,LIMIT,1702052614543,164.9,8.73524
APTUSDT,SELL,LIMIT,1702055231600,121.5,8.37241
APTUSDT,SELL,LIMIT,1702055236872,100.0,8.36372
APTUSDT,SELL,LIMIT,1702055297194,3.5,8.34170
APTUSDT,SELL,LIMIT,1702055681432,535.2,8.32741
APTUSDT,SELL,LIMIT,1702056274304,23.1,8.30825
APTUSDT,SELL,LIMIT,1702056672391,239.5,8.28242
APTUSDT,BUY,LIMIT,1702061468268,62.5,8.58315
APTUSDT,BUY,LIMIT,1702061631303,10.3,8.58677
APTUSDT,BUY,LIMIT,1702065704538,18.3,8.55879
APTUSDT,SELL,LIMIT,1702065797670,98.3,8.39138
APTUSDT,BUY,LIMIT,1702067639890,2.1,8.56717
APTUSDT,BUY,LIMIT,1702068613784,53.1,8.56783
APTUSDT,BUY,LIMIT,1702069417108,365.6,8.54812
APTUSDT,SELL,LIMIT,1702069672937,0.8,8.34081
APTUSDT,BUY,LIMIT,1702069749120,8.9,8.49981
APTUSDT,SELL,LIMIT,1702069825088,5.8,8.31210
APTUSDT,SELL,LIMIT,1702069977994,3.6,8.30929
APTUSDT,SELL,LIMIT,1702070545133,2.8,8.29293
APTUSDT,BUY,LIMIT,1702080082094,1.8,8.60127
APTUSDT,BUY,LIMIT,1702080104119,22.4,8.60698
APTUSDT,BUY,LIMIT,1702080420734,23.4,8.63348
APTUSDT,BUY,LIMIT,1702080520567,59.2,8.67070
APTUSDT,BUY,LIMIT,1702080541491,32.6,8.67500
APTUSDT,BUY,LIMIT,1702080566139,13.5,8.70330
APTUSDT,BUY,LIMIT,1702081007317,353.6,8.67864
APTUSDT,BUY,LIMIT,1702081676318,28.4,8.63772
APTUSDT,SELL,LIMIT,1702082513111,3.0,8.47531
APTUSDT,SELL,LIMIT,1702084032628,4.4,8.44988
APTUSDT,SELL,LIMIT,1702084292230,579.7,8.42772
APTUSDT,BUY,LIMIT,1702084472144,15.2,8.68614
APTUSDT,BUY,LIMIT,1702084543315,3.1,8.72126
APTUSDT,BUY,LIMIT,1702084554542,66.6,8.74205
APTUSDT,BUY,LIMIT,1702084555703,2.5,8.74414
APTUSDT,BUY,LIMIT,1702084560219,237.6,8.75185
APTUSDT,BUY,LIMIT,1702084561228,35.9,8.74964
APTUSDT,BUY,LIMIT,1702084588035,200.0,8.75339
APTUSDT,BUY,LIMIT,1702084589363,957.1,8.77609
APTUSDT,BUY,LIMIT,1702084591571,23.7,8.76164
APTUSDT,BUY,LIMIT,1702084602614,71.8,8.76965
APTUSDT,BUY,LIMIT,1702084638069,74.7,8.77484
APTUSDT,BUY,LIMIT,1702084639200,6.5,8.77652
APTUSDT,BUY,LIMIT,1702084649978,2.6,8.78539
APTUSDT,BUY,LIMIT,1702084651403,119.3,8.79271
APTUSDT,BUY,LIMIT,1702084653958,12.8,8.79859
APTUSDT,BUY,LIMIT,1702084799162,118.0,8.82698
APTUSDT,BUY,LIMIT,1702084803694,1.9,8.83242
APTUSDT,BUY,LIMIT,1702084852137,33.5,8.83709
APTUSDT,BUY,LIMIT,1702084874444,102.5,8.83792
APTUSDT,BUY,LIMIT,1702085673107,68.4,8.84279
APTUSDT,BUY,LIMIT,1702085685002,256.6,8.84549
APTUSDT,BUY,LIMIT,1702085686560,25.0,8.84822
APTUSDT,BUY,LIMIT,1702085691841,2.5,8.85038
APTUSDT,BUY,LIMIT,1702085702257,6.2,8.85479
APTUSDT,BUY,LIMIT,1702085704284,903.4,8.87137
APTUSDT,BUY,LIMIT,1702085705483,469.8,8.85857
APTUSDT,BUY,LIMIT,1702085783078,21.3,8.85238
APTUSDT,BUY,LIMIT,1702085853430,1.4,8.86949
APTUSDT,BUY,LIMIT,1702085857123,212.3,8.86989
APTUSDT,BUY,LIMIT,1702085866615,14.2,8.87474
APTUSDT,BUY,LIMIT,1702085869197,7.5,8.87774
APTUSDT,BUY,LIMIT,1702086047143,23.6,8.88292
APTUSDT,SELL,LIMIT,1702086960127,2.7,8.60780
APTUSDT,SELL,LIMIT,1702087111263,13.6,8.59105
APTUSDT,SELL,LIMIT,1702087165124,5.6,8.56038
APTUSDT,SELL,LIMIT,1702087753170,72.4,8.46212
APTUSDT,BUY,LIMIT,1702091766742,600.0,8.68185
APTUSDT,BUY,LIMIT,1702092923440,9766.0,8.77500
APTUSDT,BUY,LIMIT,1702094610915,288.0,8.73972
APTUSDT,SELL,LIMIT,1702094794773,14.1,8.56945
APTUSDT,BUY,LIMIT,1702096358528,20.9,8.74502
APTUSDT,SELL,LIMIT,1702100525770,53.1,8.44867
APTUSDT,BUY,LIMIT,1702102172155,22.1,8.65316
APTUSDT,BUY,LIMIT,1702103511159,21.1,8.67691
APTUSDT,BUY,LIMIT,1702103600472,5.0,8.68299
APTUSDT,BUY,LIMIT,1702105970089,35.0,8.69565
APTUSDT,BUY,LIMIT,1702106048414,1.1,8.70060
APTUSDT,BUY,LIMIT,1702107339328,31.4,8.71852
APTUSDT,BUY,LIMIT,1702108358162,0.6,8.75367
APTUSDT,BUY,LIMIT,1702109244834,2.8,8.75794
APTUSDT,BUY,LIMIT,1702109416423,4.7,8.75165
APTUSDT,BUY,LIMIT,1702109512846,60.2,8.75095
APTUSDT,BUY,LIMIT,1702109514107,42.0,8.75100
APTUSDT,BUY,LIMIT,1702109741906,12.0,8.73745
APTUSDT,BUY,LIMIT,1702109768133,71.6,8.74397
APTUSDT,BUY,LIMIT,1702109771759,39.1,8.74597
APTUSDT,BUY,LIMIT,1702109818266,57.9,8.75971
APTUSDT,SELL,LIMIT,1702110076211,25.0,8.67350
APTUSDT,BUY,LIMIT,1702110258259,117.6,8.76845
APTUSDT,BUY,LIMIT,1702110362185,20.0,8.78659
APTUSDT,SELL,LIMIT,1702110912955,3.3,8.52711
APTUSDT,SELL,LIMIT,1702110970061,0.8,8.50760
APTUSDT,SELL,LIMIT,1702110972234,10.9,8.49995
APTUSDT,SELL,LIMIT,1702110974399,8.2,8.49408
APTUSDT,SELL,LIMIT,1702111024457,115.8,8.45959
APTUSDT,SELL,LIMIT,1702111027086,95.9,8.44981
APTUSDT,SELL,LIMIT,1702111029953,355.7,8.44166
APTUSDT,SELL,LIMIT,1702111033754,13.3,8.42138
APTUSDT,SELL,LIMIT,1702111037167,81.5,8.41031
APTUSDT,SELL,LIMIT,1702111038664,23.2,8.40667
APTUSDT,SELL,LIMIT,1702111040127,123.4,8.39873
APTUSDT,SELL,LIMIT,1702111041156,580.7,8.38672
APTUSDT,SELL,LIMIT,1702111042862,0.6,8.38886
APTUSDT,SELL,LIMIT,1702111044209,594.3,8.38493
APTUSDT,SELL,LIMIT,1702111046510,31.4,8.38658
APTUSDT,SELL,LIMIT,1702111048089,2761.4,8.35399
APTUSDT,SELL,LIMIT,1702111379239,232.8,8.37780
APTUSDT,SELL,LIMIT,1702111380986,63.7,8.36249
APTUSDT,SELL,LIMIT,1702111382042,40.0,8.36179
APTUSDT,SELL,LIMIT,1702111387531,68.0,8.33369
APTUSDT,SELL,LIMIT,1702111388977,1390.1,8.30732
APTUSDT,BUY,LIMIT,1702112975596,23.7,8.72837
APTUSDT,SELL,LIMIT,1702114122758,10.7,8.56556
APTUSDT,SELL,LIMIT,1702114752393,117.3,8.54513
APTUSDT,SELL,LIMIT,1702115026546,115.6,8.50776
APTUSDT,SELL,LIMIT,1702115101242,134.3,8.47880
APTUSDT,BUY,LIMIT,1702119160298,13.2,8.81728
APTUSDT,BUY,LIMIT,1702120621930,23.8,8.84306
APTUSDT,BUY,LIMIT,1702120641154,8.0,8.85287
APTUSDT,SELL,LIMIT,1702122194273,65.4,8.52290
APTUSDT,SELL,LIMIT,1702122279523,409.1,8.50885
APTUSDT,SELL,LIMIT,1702122281020,2.6,8.50672
APTUSDT,SELL,LIMIT,1702122283060,577.0,8.50536
APTUSDT,BUY,LIMIT,1702122835894,87.4,8.75804
APTUSDT,SELL,LIMIT,1702125024680,74.8,8.49367
APTUSDT,BUY,LIMIT,1702128984620,5.7,8.76930
APTUSDT,SELL,LIMIT,1702132686105,16.0,8.54276
APTUSDT,SELL,LIMIT,1702132815729,10.7,8.52920
APTUSDT,SELL,LIMIT,1702132850707,38.6,8.51203
APTUSDT,SELL,LIMIT,1702132999531,582.1,8.46355
APTUSDT,SELL,LIMIT,1702133002068,75.9,8.45402
APTUSDT,SELL,LIMIT,1702133005085,17.1,8.43012
APTUSDT,SELL,LIMIT,1702133007424,145.7,8.41175
APTUSDT,SELL,LIMIT,1702133008463,448.8,8.40913
