Symbol,Side,Order Type,Time,Quantity,Price
ARBUSDT,SELL,LIMIT,1701918521191,364.4,1.057915
ARBUSDT,BUY,LIMIT,1701925412338,281.6,1.100274
ARBUSDT,BUY,LIMIT,1701925580361,23.2,1.103196
ARBUSDT,SELL,LIMIT,1701934567913,216.0,1.072380
ARBUSDT,SELL,LIMIT,1701936983244,458.7,1.068878
ARBUSDT,SELL,LIMIT,1701937292216,1508.4,1.068549
ARBUSDT,SELL,LIMIT,1701937396192,1130.4,1.064182
ARBUSDT,SELL,LIMIT,1701937839668,154.5,1.060990
ARBUSDT,SELL,LIMIT,1701937901126,308.2,1.061394
ARBUSDT,SELL,LIMIT,1701937911259,415.4,1.060797
ARBUSDT,SELL,LIMIT,1701939462401,1155.5,1.059249
ARBUSDT,SELL,LIMIT,1701939474238,103.7,1.058471
ARBUSDT,SELL,LIMIT,1701939568433,500.0,1.053499
ARBUSDT,SELL,LIMIT,1701939570677,44.5,1.052750
ARBUSDT,SELL,LIMIT,1701939688891,263.7,1.052325
ARBUSDT,SELL,LIMIT,1701939705365,4627.0,1.050957
ARBUSDT,SELL,LIMIT,1701940470113,7.0,1.049376
ARBUSDT,SELL,LIMIT,1701940472191,1867.7,1.049031
ARBUSDT,SELL,LIMIT,1701940523571,26.6,1.048815
ARBUSDT,SELL,LIMIT,1701940524774,170.7,1.048717
ARBUSDT,SELL,LIMIT,1701940554272,303.3,1.047404
ARBUSDT,SELL,LIMIT,1701940555277,38.6,1.047404
ARBUSDT,SELL,LIMIT,1701940556751,3675.7,1.046583
ARBUSDT,SELL,LIMIT,1701940560094,1000.0,1.056134
ARBUSDT,SELL,LIMIT,1701940561248,3361.7,1.046456
ARBUSDT,SELL,LIMIT,1701940562551,459.1,1.046345
ARBUSDT,SELL,LIMIT,1701940563901,491.3,1.046325
ARBUSDT,SELL,LIMIT,1701940566328,1748.1,1.045382
ARBUSDT,SELL,LIMIT,1701940568889,326.2,1.045118
ARBUSDT,SELL,LIMIT,1701940570751,1184.8,1.045032
ARBUSDT,SELL,LIMIT,1701940708588,99.4,1.044887
ARBUSDT,SELL,LIMIT,1701940711399,663.7,1.044666
ARBUSDT,SELL,LIMIT,1701940715519,136.2,1.044563
ARBUSDT,SELL,LIMIT,1701941040379,52.3,1.044412
ARBUSDT,SELL,LIMIT,1701941059443,933.9,1.044325
ARBUSDT,SELL,LIMIT,1701941060740,485.9,1.044428
ARBUSDT,SELL,LIMIT,1701941066374,523.3,1.044002
ARBUSDT,SELL,LIMIT,1701941067405,3727.4,1.044093
ARBUSDT,SELL,LIMIT,1701941069330,195.0,1.043796
ARBUSDT,SELL,LIMIT,1701941070404,835.9,1.043163
ARBUSDT,SELL,LIMIT,1701941074077,290.9,1.042301
ARBUSDT,SELL,LIMIT,1701941076467,268.1,1.042291
ARBUSDT,SELL,LIMIT,1701941112848,320.6,1.042207
ARBUSDT,SELL,LIMIT,1701941146709,4.6,1.042781
ARBUSDT,SELL,LIMIT,1701941149812,381.8,1.046141
ARBUSDT,SELL,LIMIT,1701941151486,12538.7,1.039240
ARBUSDT,SELL,LIMIT,1701941154230,1023.6,1.040926
ARBUSDT,SELL,LIMIT,1701941155453,157.8,1.040675
ARBUSDT,SELL,LIMIT,1701941158200,1211.4,1.039782
ARBUSDT,SELL,LIMIT,1701941159627,295.5,1.039607
ARBUSDT,SELL,LIMIT,1701941173839,3542.1,1.038693
ARBUSDT,SELL,LIMIT,1701941175507,6003.1,1.037480
ARBUSDT,SELL,LIMIT,1701941176800,1772.9,1.037570
ARBUSDT,SELL,LIMIT,1701941179049,969.8,1.037681
ARBUSDT,SELL,LIMIT,1701941180178,26682.3,1.033860
ARBUSDT,SELL,LIMIT,1701941181275,1393.0,1.036970
ARBUSDT,SELL,LIMIT,1701941182323,791.9,1.037081
ARBUSDT,SELL,LIMIT,1701941183375,3767.3,1.036489
ARBUSDT,SELL,LIMIT,1701941184485,32.4,1.036144
ARBUSDT,SELL,LIMIT,1701941186878,553.4,1.035881
ARBUSDT,SELL,LIMIT,1701941188077,5061.5,1.039475
ARBUSDT,SELL,LIMIT,1701941189281,801.5,1.034476
ARBUSDT,SELL,LIMIT,1701941190356,29.7,1.033014
ARBUSDT,SELL,LIMIT,1701941191406,460.4,1.032892
ARBUSDT,SELL,LIMIT,1701941192905,211.6,1.032659
ARBUSDT,SELL,LIMIT,1701941237218,602.7,1.033064
ARBUSDT,SELL,LIMIT,1701941239173,10000.0,1.030512
ARBUSDT,SELL,LIMIT,1701941245078,1915.0,1.032136
ARBUSDT,SELL,LIMIT,1701941246325,21.4,1.032082
ARBUSDT,SELL,LIMIT,1701941248116,6.1,1.031041
ARBUSDT,SELL,LIMIT,1701941256313,4.6,1.030975
ARBUSDT,BUY,LIMIT,1701941769111,48.4,1.058342
ARBUSDT,SELL,LIMIT,1701942366051,47.1,1.048657
ARBUSDT,SELL,LIMIT,1701951324552,210.1,1.049586
ARBUSDT,SELL,LIMIT,1701951444302,9.5,1.052732
ARBUSDT,BUY,LIMIT,1701952368100,658.6,1.070208
ARBUSDT,BUY,LIMIT,1701953976591,126.0,1.074340
ARBUSDT,SELL,LIMIT,1701954849760,28.2,1.059207
ARBUSDT,BUY,LIMIT,1701961405206,501.8,1.078569
ARBUSDT,BUY,LIMIT,1701962187487,2589.1,1.083216
ARBUSDT,BUY,LIMIT,1701962388421,4681.6,1.088685
ARBUSDT,BUY,LIMIT,1701962431799,13.6,1.090277
ARBUSDT,BUY,LIMIT,1701962532026,4975.4,1.093456
ARBUSDT,BUY,LIMIT,1701962647640,1916.6,1.096983
ARBUSDT,BUY,LIMIT,1701962659107,56.7,1.097639
ARBUSDT,BUY,LIMIT,1701962686635,32.6,1.100883
ARBUSDT,BUY,LIMIT,1701962709873,4236.8,1.102118
ARBUSDT,BUY,LIMIT,1701962756087,247.9,1.103768
ARBUSDT,BUY,LIMIT,1701962758552,851.4,1.105093
ARBUSDT,BUY,LIMIT,1701962759558,132.2,1.105508
ARBUSDT,BUY,LIMIT,1701962764571,164.2,1.105931
ARBUSDT,BUY,LIMIT,1701962778373,1122.5,1.108108
ARBUSDT,BUY,LIMIT,1701962787801,25.0,1.108495
ARBUSDT,BUY,LIMIT,1701962791435,824.9,1.108815
ARBUSDT,BUY,LIMIT,1701962817518,50.0,1.112058
ARBUSDT,BUY,LIMIT,1701962834792,436.2,1.114887
ARBUSDT,BUY,LIMIT,1701962972485,186.6,1.115634
ARBUSDT,BUY,LIMIT,1701962986978,274.9,1.117439
ARBUSDT,BUY,LIMIT,1701962999438,9.3,1.118532
ARBUSDT,BUY,LIMIT,1701963004267,1308.0,1.118169
ARBUSDT,BUY,LIMIT,1701963044462,2214.8,1.119736
ARBUSDT,BUY,LIMIT,1701963047445,19.5,1.121186
ARBUSDT,BUY,LIMIT,1701963112548,215.6,1.122071
ARBUSDT,BUY,LIMIT,1701963118187,1091.5,1.123076
ARBUSDT,BUY,LIMIT,1701963165277,18.6,1.129634
ARBUSDT,BUY,LIMIT,1701963337387,118.6,1.131368
ARBUSDT,BUY,LIMIT,1701964226696,73.5,1.134023
ARBUSDT,BUY,LIMIT,1701964237131,1237.5,1.135037
ARBUSDT,BUY,LIMIT,1701964251722,3582.7,1.137274
ARBUSDT,BUY,LIMIT,1701964261312,153.8,1.138773
ARBUSDT,BUY,LIMIT,1701964266892,17.8,1.139591
ARBUSDT,BUY,LIMIT,1701964276606,397.0,1.140041
ARBUSDT,BUY,LIMIT,1701964367641,136.7,1.141645
ARBUSDT,BUY,LIMIT,1701964374304,331.6,1.143472
ARBUSDT,BUY,LIMIT,1701964378573,2700.0,1.144745
ARBUSDT,BUY,LIMIT,1701964380987,603.4,1.145079
ARBUSDT,BUY,LIMIT,1701964427257,755.5,1.147275
ARBUSDT,BUY,LIMIT,1701964455951,145.1,1.147857
ARBUSDT,BUY,LIMIT,1701964578415,41.3,1.149181
ARBUSDT,BUY,LIMIT,1701964832051,6269.5,1.152572
ARBUSDT,BUY,LIMIT,1701965003193,1102.5,1.151920
ARBUSDT,BUY,LIMIT,1701965017988,303.9,1.154029
ARBUSDT,BUY,LIMIT,1701965028042,278.0,1.155075
ARBUSDT,BUY,LIMIT,1701965033279,477.0,1.155593
ARBUSDT,BUY,LIMIT,1701965041673,420.1,1.156305
ARBUSDT,BUY,LIMIT,1701965056388,150.0,1.154930
ARBUSDT,BUY,LIMIT,1701965077739,456.5,1.156963
ARBUSDT,BUY,LIMIT,1701965083315,534.8,1.158186
ARBUSDT,BUY,LIMIT,1701965086941,3379.6,1.158986
ARBUSDT,BUY,LIMIT,1701965101219,1449.9,1.160605
ARBUSDT,BUY,LIMIT,1701965124030,1276.3,1.161504
ARBUSDT,BUY,LIMIT,1701965125371,124.8,1.162938
ARBUSDT,BUY,LIMIT,1701965128068,684.4,1.164959
ARBUSDT,BUY,LIMIT,1701965130870,549.7,1.165051
ARBUSDT,BUY,LIMIT,1701965325279,7262.8,1.169002
ARBUSDT,BUY,LIMIT,1701965358258,1079.5,1.168519
ARBUSDT,BUY,LIMIT,1701965362843,899.3,1.169359
ARBUSDT,SELL,LIMIT,1701965452339,452.0,1.153740
ARBUSDT,BUY,LIMIT,1701965497665,43.3,1.172709
ARBUSDT,BUY,LIMIT,1701965513626,307.6,1.174414
ARBUSDT,BUY,LIMIT,1701965519340,374.3,1.175105
ARBUSDT,BUY,LIMIT,1701965527383,846.1,1.176166
ARBUSDT,BUY,LIMIT,1701965528633,550.2,1.177198
ARBUSDT,BUY,LIMIT,1701965534879,3514.4,1.177797
ARBUSDT,BUY,LIMIT,1701965536405,51.2,1.177869
ARBUSDT,BUY,LIMIT,1701965540395,342.4,1.179164
ARBUSDT,BUY,LIMIT,1701965575619,8.2,1.181112
ARBUSDT,BUY,LIMIT,1701965577045,20.5,1.182043
ARBUSDT,BUY,LIMIT,1701965578241,31.1,1.182515
ARBUSDT,BUY,LIMIT,1701965598843,195.1,1.184273
ARBUSDT,BUY,LIMIT,1701965599922,82.4,1.184923
ARBUSDT,SELL,LIMIT,1701965730506,180.8,1.152687
ARBUSDT,BUY,LIMIT,1701966135264,2404.2,1.183876
ARBUSDT,BUY,LIMIT,1701966260019,72.5,1.185230
ARBUSDT,BUY,LIMIT,1701966350630,12.6,1.187557
ARBUSDT,BUY,LIMIT,1701966353652,60.8,1.187958
ARBUSDT,BUY,LIMIT,1701966355225,184.6,1.188981
ARBUSDT,BUY,LIMIT,1701966367566,912.9,1.189707
ARBUSDT,BUY,LIMIT,1701966444399,5284.8,1.193672
ARBUSDT,BUY,LIMIT,1701966640654,30.0,1.186583
ARBUSDT,BUY,LIMIT,1701966850166,6280.4,1.195889
ARBUSDT,BUY,LIMIT,1701966857422,731.1,1.195802
ARBUSDT,BUY,LIMIT,1701966861387,407.4,1.196281
ARBUSDT,BUY,LIMIT,1701966870080,293.8,1.197456
ARBUSDT,BUY,LIMIT,1701966973015,25.6,1.197642
ARBUSDT,BUY,LIMIT,1701967165362,22.4,1.198415
ARBUSDT,BUY,LIMIT,1701967166570,64.9,1.198760
ARBUSDT,BUY,LIMIT,1701967170137,18.2,1.199550
ARBUSDT,BUY,LIMIT,1701967178394,979.8,1.200360
ARBUSDT,BUY,LIMIT,1701967180263,78.4,1.200523
ARBUSDT,BUY,LIMIT,1701967181572,246.5,1.202090
ARBUSDT,BUY,LIMIT,1701967240830,1541.3,1.202439
ARBUSDT,BUY,LIMIT,1701967256369,593.0,1.203771
ARBUSDT,BUY,LIMIT,1701967975617,466.7,1.204777
ARBUSDT,BUY,LIMIT,1701968152790,9.3,1.200057
ARBUSDT,SELL,LIMIT,1701968663466,114.0,1.169884
ARBUSDT,SELL,LIMIT,1701968671189,119.5,1.169656
ARBUSDT,SELL,LIMIT,1701968684050,4.7,1.168333
ARBUSDT,SELL,LIMIT,1701968689261,1259.1,1.166564
ARBUSDT,SELL,LIMIT,1701968691303,412.7,1.166043
ARBUSDT,SELL,LIMIT,1701968694733,2345.3,1.165557
ARBUSDT,SELL,LIMIT,1701968696164,143.5,1.165077
ARBUSDT,SELL,LIMIT,1701968907538,1305.0,1.165565
ARBUSDT,SELL,LIMIT,1701968942986,926.8,1.164473
ARBUSDT,SELL,LIMIT,1701968950739,476.7,1.163814
ARBUSDT,SELL,LIMIT,1701968951946,661.5,1.163283
ARBUSDT,SELL,LIMIT,1701969152786,421.7,1.161152
ARBUSDT,SELL,LIMIT,1701969757552,2500.0,1.172667
ARBUSDT,SELL,LIMIT,1701971370268,121.7,1.160489
ARBUSDT,SELL,LIMIT,1701971372432,46.1,1.159834
ARBUSDT,SELL,LIMIT,1701971373644,153.2,1.159730
ARBUSDT,SELL,LIMIT,1701971378077,118.0,1.159018
ARBUSDT,SELL,LIMIT,1701972646261,4200.2,1.166817
ARBUSDT,SELL,LIMIT,1701973328489,460.2,1.158770
ARBUSDT,SELL,LIMIT,1701973331224,226.5,1.158499
ARBUSDT,BUY,LIMIT,1701975028385,59.1,1.189392
ARBUSDT,SELL,LIMIT,1701976662501,321.6,1.157511
ARBUSDT,SELL,LIMIT,1701976685316,268.5,1.155923
ARBUSDT,SELL,LIMIT,1701976838985,84.7,1.154754
ARBUSDT,SELL,LIMIT,1701976883782,17.5,1.153400
ARBUSDT,SELL,LIMIT,1701976885510,4266.9,1.152715
ARBUSDT,SELL,LIMIT,1701976892843,212.6,1.151830
ARBUSDT,SELL,LIMIT,1701976940398,271.4,1.150737
ARBUSDT,SELL,LIMIT,1701976958325,3.9,1.150549
ARBUSDT,SELL,LIMIT,1701976961465,1278.7,1.150335
ARBUSDT,SELL,LIMIT,1701977145123,100.7,1.149078
ARBUSDT,SELL,LIMIT,1701977161304,22.0,1.148563
ARBUSDT,SELL,LIMIT,1701977165045,1389.0,1.148276
ARBUSDT,SELL,LIMIT,1701977167436,175.6,1.147900
ARBUSDT,SELL,LIMIT,1701977170279,689.7,1.147087
ARBUSDT,SELL,LIMIT,1701977175906,3503.2,1.146580
ARBUSDT,SELL,LIMIT,1701977188937,517.9,1.148069
ARBUSDT,SELL,LIMIT,1701977241354,260.5,1.146099
ARBUSDT,SELL,LIMIT,1701977283979,364.0,1.145068
ARBUSDT,SELL,LIMIT,1701977289129,16200.6,1.141908
ARBUSDT,SELL,LIMIT,1701977293695,144.1,1.144120
ARBUSDT,SELL,LIMIT,1701977296384,2142.4,1.143894
ARBUSDT,SELL,LIMIT,1701977297404,7.2,1.143000
ARBUSDT,SELL,LIMIT,1701977298740,42.1,1.141999
ARBUSDT,SELL,LIMIT,1701977308958,1000.0,1.142499
ARBUSDT,SELL,LIMIT,1701977317511,693.8,1.142404
ARBUSDT,SELL,LIMIT,1701977336385,1113.8,1.141068
ARBUSDT,SELL,LIMIT,1701977338321,43.2,1.140525
ARBUSDT,SELL,LIMIT,1701977359473,42431.0,1.135751
ARBUSDT,SELL,LIMIT,1701978011142,17192.5,1.134566
ARBUSDT,SELL,LIMIT,1701978084269,1227.5,1.137207
ARBUSDT,SELL,LIMIT,1701978085523,69.6,1.136364
ARBUSDT,SELL,LIMIT,1701978093697,749.2,1.136234
ARBUSDT,SELL,LIMIT,1701978255303,4247.6,1.137037
ARBUSDT,SELL,LIMIT,1701978277801,234.0,1.136540
ARBUSDT,BUY,LIMIT,1701983906864,20.2,1.171081
ARBUSDT,BUY,LIMIT,1701984497072,51.1,1.172871
ARBUSDT,BUY,LIMIT,1701984526341,435.3,1.173353
ARBUSDT,BUY,LIMIT,1701984547312,52.4,1.174808
ARBUSDT,BUY,LIMIT,1701984553456,140.5,1.175096
ARBUSDT,BUY,LIMIT,1701984555161,108.9,1.175224
ARBUSDT,BUY,LIMIT,1701984572467,38.6,1.175993
ARBUSDT,BUY,LIMIT,1701984773250,1867.0,1.178333
ARBUSDT,BUY,LIMIT,1701988382921,63.7,1.159868
ARBUSDT,SELL,LIMIT,1701988470620,16.8,1.151002
ARBUSDT,SELL,LIMIT,1701989994079,53.6,1.143677
ARBUSDT,SELL,LIMIT,1701991036331,4312.1,1.145586
ARBUSDT,BUY,LIMIT,1701993015838,1873.3,1.178380
ARBUSDT,BUY,LIMIT,1701993646326,1288.8,1.182347
ARBUSDT,BUY,LIMIT,1701993650281,147.9,1.182763
ARBUSDT,BUY,LIMIT,1701993747180,209.9,1.184379
ARBUSDT,BUY,LIMIT,1701994826851,8403.4,1.187909
ARBUSDT,BUY,LIMIT,1701994907245,679.6,1.186302
ARBUSDT,BUY,LIMIT,1701994946133,43.5,1.187581
ARBUSDT,SELL,LIMIT,1701997729243,416.7,1.159905
ARBUSDT,SELL,LIMIT,1701997731072,5.9,1.156917
ARBUSDT,SELL,LIMIT,1701997735288,517.3,1.156802
ARBUSDT,SELL,LIMIT,1701997746547,1039.1,1.155625
ARBUSDT,BUY,LIMIT,1702002283212,9.7,1.189596
ARBUSDT,BUY,LIMIT,1702002295328,1192.0,1.190666
ARBUSDT,BUY,LIMIT,1702002296449,135.5,1.191063
ARBUSDT,BUY,LIMIT,1702002300346,82.5,1.191227
ARBUSDT,BUY,LIMIT,1702002334541,2008.5,1.191636
ARBUSDT,BUY,LIMIT,1702002336181,36.2,1.192101
ARBUSDT,BUY,LIMIT,1702002380579,1187.1,1.193202
ARBUSDT,BUY,LIMIT,1702002411396,224.8,1.193567
ARBUSDT,SELL,LIMIT,1702002715278,58.4,1.173988
ARBUSDT,SELL,LIMIT,1702002738859,12516.7,1.172701
ARBUSDT,BUY,LIMIT,1702003931736,20.3,1.195416
ARBUSDT,BUY,LIMIT,1702003933709,86.8,1.196656
ARBUSDT,BUY,LIMIT,1702003946398,302.5,1.197719
ARBUSDT,BUY,LIMIT,1702003957013,858.0,1.198777
ARBUSDT,BUY,LIMIT,1702003978167,719.5,1.200119
ARBUSDT,BUY,LIMIT,1702004042022,500.0,1.202210
ARBUSDT,BUY,LIMIT,1702004086331,4237.2,1.204116
ARBUSDT,BUY,LIMIT,1702004218610,2016.1,1.205471
ARBUSDT,SELL,LIMIT,1702005364456,553.8,1.172215
ARBUSDT,SELL,LIMIT,1702005943117,6.1,1.169910
ARBUSDT,BUY,LIMIT,1702006482461,221.7,1.182771
ARBUSDT,BUY,LIMIT,1702006899686,1695.7,1.187683
ARBUSDT,BUY,LIMIT,1702007154540,25.7,1.190802
ARBUSDT,BUY,LIMIT,1702007847879,4.5,1.189107
ARBUSDT,BUY,LIMIT,1702008919479,20000.0,1.199445
ARBUSDT,BUY,LIMIT,1702009156765,127.5,1.199135
ARBUSDT,BUY,LIMIT,1702010668806,19881.8,1.192496
ARBUSDT,SELL,LIMIT,1702011139902,965.0,1.169982
ARBUSDT,BUY,LIMIT,1702013373442,440.0,1.180440
ARBUSDT,SELL,LIMIT,1702013677096,500.0,1.163666
ARBUSDT,BUY,LIMIT,1702015987107,4.4,1.185182
ARBUSDT,BUY,LIMIT,1702017853507,144.4,1.193498
ARBUSDT,BUY,LIMIT,1702017868873,432.0,1.193803
ARBUSDT,BUY,LIMIT,1702017871443,97.6,1.194140
ARBUSDT,BUY,LIMIT,1702018094608,541.3,1.197765
ARBUSDT,BUY,LIMIT,1702018673592,520.9,1.200566
ARBUSDT,BUY,LIMIT,1702019046150,0.6,1.192008
ARBUSDT,SELL,LIMIT,1702020223985,205.3,1.167420
ARBUSDT,SELL,LIMIT,1702020502005,138.1,1.169541
ARBUSDT,SELL,LIMIT,1702020564367,2237.3,1.167522
ARBUSDT,SELL,LIMIT,1702020594511,289.8,1.163587
ARBUSDT,SELL,LIMIT,1702020635862,238.9,1.161987
ARBUSDT,SELL,LIMIT,1702020637452,741.7,1.161447
ARBUSDT,SELL,LIMIT,1702020639152,1918.2,1.161207
ARBUSDT,SELL,LIMIT,1702020640184,1117.9,1.160694
ARBUSDT,SELL,LIMIT,1702020658065,314.9,1.159600
ARBUSDT,SELL,LIMIT,1702020668186,72.0,1.158107
ARBUSDT,SELL,LIMIT,1702022046253,46.4,1.157421
ARBUSDT,SELL,LIMIT,1702022080296,59.8,1.157036
ARBUSDT,SELL,LIMIT,1702022099967,4.8,1.156964
ARBUSDT,SELL,LIMIT,1702022233544,173.6,1.155282
ARBUSDT,SELL,LIMIT,1702022235682,158.0,1.153239
ARBUSDT,SELL,LIMIT,1702022403728,3247.0,1.153687
ARBUSDT,SELL,LIMIT,1702022511089,3868.1,1.153201
ARBUSDT,SELL,LIMIT,1702022512249,26.2,1.152846
ARBUSDT,SELL,LIMIT,1702022513285,606.6,1.152194
ARBUSDT,SELL,LIMIT,1702022514503,58.9,1.151999
ARBUSDT,SELL,LIMIT,1702022516018,1760.7,1.151387
ARBUSDT,SELL,LIMIT,1702022573319,2137.4,1.151984
ARBUSDT,SELL,LIMIT,1702022842864,300.0,1.152643
ARBUSDT,SELL,LIMIT,1702025216517,242.9,1.148210
ARBUSDT,SELL,LIMIT,1702025501441,170.3,1.146020
ARBUSDT,SELL,LIMIT,1702026688692,18.1,1.144069
ARBUSDT,SELL,LIMIT,1702026925338,78.2,1.143195
ARBUSDT,SELL,LIMIT,1702026926507,279.4,1.142783
ARBUSDT,BUY,LIMIT,1702034616241,1110.1,1.172291
ARBUSDT,BUY,LIMIT,1702035734215,42.9,1.176563
ARBUSDT,BUY,LIMIT,1702035929053,9.0,1.174493
ARBUSDT,SELL,LIMIT,1702036732095,427.0,1.161936
ARBUSDT,BUY,LIMIT,1702038044676,5.5,1.179319
ARBUSDT,BUY,LIMIT,1702038445458,133.1,1.182925
ARBUSDT,BUY,LIMIT,1702038488222,5.0,1.184612
ARBUSDT,BUY,LIMIT,1702042129910,7.3,1.175911
ARBUSDT,SELL,LIMIT,1702043823843,1110.0,1.147274
ARBUSDT,SELL,LIMIT,1702043832730,690.5,1.147033
ARBUSDT,SELL,LIMIT,1702043932467,463.2,1.145029
ARBUSDT,SELL,LIMIT,1702044001205,301.2,1.144447
ARBUSDT,SELL,LIMIT,1702044970206,6.3,1.169597
ARBUSDT,BUY,LIMIT,1702046022751,2432.6,1.175461
ARBUSDT,BUY,LIMIT,1702046065938,177.1,1.178688
ARBUSDT,BUY,LIMIT,1702046076201,173.3,1.178979
ARBUSDT,BUY,LIMIT,1702046133510,259.0,1.180682
ARBUSDT,BUY,LIMIT,1702046146103,294.9,1.181206
ARBUSDT,BUY,LIMIT,1702046152229,142.6,1.181498
ARBUSDT,BUY,LIMIT,1702046153918,42.6,1.181994
ARBUSDT,BUY,LIMIT,1702046716640,84.3,1.179015
ARBUSDT,SELL,LIMIT,1702047624621,995.8,1.164791
ARBUSDT,BUY,LIMIT,1702047700059,1173.5,1.178730
ARBUSDT,BUY,LIMIT,1702048850492,181.0,1.178428
ARBUSDT,SELL,LIMIT,1702051817829,335.0,1.153637
ARBUSDT,BUY,LIMIT,1702052161449,43.3,1.171386
ARBUSDT,BUY,LIMIT,1702053445379,60.0,1.175309
ARBUSDT,SELL,LIMIT,1702055335863,1725.6,1.149545
ARBUSDT,SELL,LIMIT,1702055685035,1078.7,1.147837
ARBUSDT,SELL,LIMIT,1702056157118,928.6,1.151683
ARBUSDT,SELL,LIMIT,1702056625692,1278.2,1.145250
ARBUSDT,BUY,LIMIT,1702062094746,5.0,1.167968
ARBUSDT,BUY,LIMIT,1702065626609,97.7,1.173663
ARBUSDT,BUY,LIMIT,1702065942715,116.6,1.173481
ARBUSDT,BUY,LIMIT,1702066060124,134.4,1.175259
ARBUSDT,BUY,LIMIT,1702066227110,10.6,1.175510
ARBUSDT,BUY,LIMIT,1702066856987,286.6,1.176777
ARBUSDT,SELL,LIMIT,1702067660028,1100.0,1.163309
ARBUSDT,BUY,LIMIT,1702068954881,4.3,1.177925
ARBUSDT,SELL,LIMIT,1702070556252,128.1,1.162265
ARBUSDT,BUY,LIMIT,1702070628873,475.5,1.174572
ARBUSDT,BUY,LIMIT,1702072671667,43.3,1.181694
ARBUSDT,BUY,LIMIT,1702072814805,228.1,1.183604
ARBUSDT,BUY,LIMIT,1702078502987,5.0,1.175562
ARBUSDT,BUY,LIMIT,1702078609448,157.2,1.175726
ARBUSDT,BUY,LIMIT,1702078961294,311.7,1.175562
ARBUSDT,BUY,LIMIT,1702080268085,64.7,1.175016
ARBUSDT,BUY,LIMIT,1702081585139,5.0,1.182553
ARBUSDT,BUY,LIMIT,1702081776368,25.6,1.184985
ARBUSDT,BUY,LIMIT,1702081785982,231.0,1.185041
ARBUSDT,BUY,LIMIT,1702081828631,2702.6,1.185587
ARBUSDT,BUY,LIMIT,1702082012346,43.0,1.184858
ARBUSDT,BUY,LIMIT,1702082076298,3835.0,1.187518
ARBUSDT,BUY,LIMIT,1702082084142,9.1,1.187725
ARBUSDT,BUY,LIMIT,1702082106889,80.1,1.188442
ARBUSDT,BUY,LIMIT,1702082891041,2551.3,1.187243
ARBUSDT,BUY,LIMIT,1702082928683,145.8,1.187258
ARBUSDT,SELL,LIMIT,1702084100777,84.2,1.159037
ARBUSDT,SELL,LIMIT,1702084102987,0.1,47.161438
ARBUSDT,SELL,LIMIT,1702084104227,3903.9,1.157952
ARBUSDT,SELL,LIMIT,1702084202852,352.8,1.154527
ARBUSDT,BUY,LIMIT,1702085900320,356.4,1.176215
ARBUSDT,BUY,LIMIT,1702085901360,44.1,1.176114
ARBUSDT,BUY,LIMIT,1702091762207,1065.1,1.174137
ARBUSDT,BUY,LIMIT,1702094796704,343.6,1.186691
ARBUSDT,BUY,LIMIT,1702097273907,434.1,1.191036
ARBUSDT,BUY,LIMIT,1702097387306,259.7,1.193236
ARBUSDT,BUY,LIMIT,1702097746082,306.3,1.198116
ARBUSDT,BUY,LIMIT,1702097751316,2280.0,1.198239
ARBUSDT,BUY,LIMIT,1702097766194,1080.8,1.198444
ARBUSDT,BUY,LIMIT,1702097788307,444.1,1.199078
ARBUSDT,BUY,LIMIT,1702097833363,453.8,1.199854
ARBUSDT,BUY,LIMIT,1702098143545,207.3,1.201283
ARBUSDT,BUY,LIMIT,1702098226726,4.5,1.202869
ARBUSDT,BUY,LIMIT,1702098271865,257.3,1.203812
ARBUSDT,BUY,LIMIT,1702098314769,4.5,1.205398
ARBUSDT,BUY,LIMIT,1702098317345,1094.8,1.207037
ARBUSDT,BUY,LIMIT,1702098318414,1787.6,1.205867
ARBUSDT,BUY,LIMIT,1702098328208,500.0,1.207518
ARBUSDT,BUY,LIMIT,1702098504072,1902.7,1.209239
ARBUSDT,BUY,LIMIT,1702098506540,694.0,1.211083
ARBUSDT,BUY,LIMIT,1702098512556,190.4,1.211654
ARBUSDT,BUY,LIMIT,1702098617810,53.1,1.212398
ARBUSDT,BUY,LIMIT,1702098676020,60.9,1.212943
ARBUSDT,BUY,LIMIT,1702098679552,925.2,1.213768
ARBUSDT,BUY,LIMIT,1702098814318,34.6,1.215127
ARBUSDT,BUY,LIMIT,1702098815505,5250.2,1.215667
ARBUSDT,BUY,LIMIT,1702098824526,453.5,1.214866
ARBUSDT,BUY,LIMIT,1702098845115,1876.0,1.215660
ARBUSDT,BUY,LIMIT,1702098919293,3246.4,1.215772
ARBUSDT,BUY,LIMIT,1702098924407,23883.4,1.220050
ARBUSDT,BUY,LIMIT,1702098926519,1840.1,1.216395
ARBUSDT,BUY,LIMIT,1702098934481,37.3,1.217150
ARBUSDT,BUY,LIMIT,1702098940843,522.0,1.217536
ARBUSDT,BUY,LIMIT,1702098975089,34.8,1.219072
ARBUSDT,BUY,LIMIT,1702098976406,1730.4,1.218906
ARBUSDT,BUY,LIMIT,1702098985562,8.6,1.219341
ARBUSDT,BUY,LIMIT,1702099048403,965.7,1.219829
ARBUSDT,BUY,LIMIT,1702099065116,1246.9,1.220287
ARBUSDT,BUY,LIMIT,1702099066417,152.4,1.220374
ARBUSDT,BUY,LIMIT,1702099075118,235.0,1.220942
ARBUSDT,BUY,LIMIT,1702099083732,2000.0,1.220986
ARBUSDT,BUY,LIMIT,1702099125838,341.4,1.222330
ARBUSDT,BUY,LIMIT,1702101760389,287.4,1.221916
ARBUSDT,BUY,LIMIT,1702101767725,23.9,1.222611
ARBUSDT,BUY,LIMIT,1702101769216,100.0,1.223017
ARBUSDT,BUY,LIMIT,1702101789431,342.2,1.224275
ARBUSDT,BUY,LIMIT,1702102042269,20.8,1.226181
ARBUSDT,BUY,LIMIT,1702102050527,664.4,1.226356
ARBUSDT,BUY,LIMIT,1702102054392,577.9,1.226515
ARBUSDT,BUY,LIMIT,1702102058529,31.3,1.227426
ARBUSDT,BUY,LIMIT,1702102060980,168.6,1.228817
ARBUSDT,BUY,LIMIT,1702102067280,602.4,1.229747
ARBUSDT,BUY,LIMIT,1702102069599,11.7,1.229958
ARBUSDT,BUY,LIMIT,1702102071350,400.0,1.230996
ARBUSDT,BUY,LIMIT,1702102089290,884.3,1.232022
ARBUSDT,BUY,LIMIT,1702102117951,600.1,1.233023
ARBUSDT,BUY,LIMIT,1702102154131,86.0,1.233233
ARBUSDT,BUY,LIMIT,1702102162140,523.1,1.234094
ARBUSDT,BUY,LIMIT,1702107339328,134.9,1.226288
ARBUSDT,BUY,LIMIT,1702107978162,39.5,1.231146
ARBUSDT,BUY,LIMIT,1702108043320,545.7,1.235279
ARBUSDT,BUY,LIMIT,1702108224430,74.4,1.234366
ARBUSDT,BUY,LIMIT,1702108289231,3320.6,1.235618
ARBUSDT,BUY,LIMIT,1702108293834,15.6,1.235754
ARBUSDT,BUY,LIMIT,1702108301511,322.3,1.235944
ARBUSDT,BUY,LIMIT,1702108310412,268.5,1.236226
ARBUSDT,BUY,LIMIT,1702109194343,40.3,1.238513
ARBUSDT,BUY,LIMIT,1702109204708,128.8,1.239478
ARBUSDT,BUY,LIMIT,1702109208591,1170.0,1.240337
ARBUSDT,BUY,LIMIT,1702109214420,80.0,1.241351
ARBUSDT,BUY,LIMIT,1702109231916,47.7,1.241504
ARBUSDT,BUY,LIMIT,1702109235352,36.8,1.241882
ARBUSDT,BUY,LIMIT,1702109244833,138.4,1.242086
ARBUSDT,BUY,LIMIT,1702109246058,695.0,1.242230
ARBUSDT,BUY,LIMIT,1702109247425,120.9,1.242363
ARBUSDT,BUY,LIMIT,1702109741906,86.4,1.240520
ARBUSDT,BUY,LIMIT,1702109756395,44.4,1.242070
ARBUSDT,BUY,LIMIT,1702109782029,8.8,1.243531
ARBUSDT,BUY,LIMIT,1702109788136,50.7,1.243786
ARBUSDT,BUY,LIMIT,1702109827477,132.4,1.241027
ARBUSDT,BUY,LIMIT,1702110086211,1208.1,1.244159
ARBUSDT,BUY,LIMIT,1702110089419,1201.4,1.244329
ARBUSDT,BUY,LIMIT,1702110202223,21.1,1.243363
ARBUSDT,BUY,LIMIT,1702110282671,103.7,1.246507
ARBUSDT,BUY,LIMIT,1702110285528,57.7,1.247090
ARBUSDT,BUY,LIMIT,1702110360128,1429.6,1.248495
ARBUSDT,BUY,LIMIT,1702110383155,128.2,1.250170
ARBUSDT,SELL,LIMIT,1702110852027,375.1,1.214903
ARBUSDT,SELL,LIMIT,1702110865350,226.0,1.212103
ARBUSDT,SELL,LIMIT,1702110873068,620.3,1.209904
ARBUSDT,SELL,LIMIT,1702110874198,4068.0,1.209061
ARBUSDT,SELL,LIMIT,1702110910625,272.4,1.206857
ARBUSDT,SELL,LIMIT,1702110968990,530.2,1.207320
ARBUSDT,SELL,LIMIT,1702110973558,28.2,1.205647
ARBUSDT,SELL,LIMIT,1702110977171,217.1,1.203259
ARBUSDT,SELL,LIMIT,1702110978290,4071.6,1.203931
ARBUSDT,SELL,LIMIT,1702110979311,891.7,1.202769
ARBUSDT,SELL,LIMIT,1702110984357,220.5,1.200533
ARBUSDT,SELL,LIMIT,1702111024621,1705.0,1.199636
ARBUSDT,SELL,LIMIT,1702111027265,251.2,1.199039
ARBUSDT,BUY,LIMIT,1702111030249,37.4,1.212531
ARBUSDT,BUY,LIMIT,1702111031400,6.9,1.213034
ARBUSDT,SELL,LIMIT,1702111034817,957.3,1.197490
ARBUSDT,SELL,LIMIT,1702111037306,1887.0,1.195197
ARBUSDT,SELL,LIMIT,1702111039463,4213.3,1.196714
ARBUSDT,SELL,LIMIT,1702111041288,419.7,1.193249
ARBUSDT,SELL,LIMIT,1702111042295,1153.3,1.191763
ARBUSDT,SELL,LIMIT,1702111043691,142.2,1.190361
ARBUSDT,SELL,LIMIT,1702111044794,557.0,1.185321
ARBUSDT,SELL,LIMIT,1702111045960,296.6,1.185317
ARBUSDT,SELL,LIMIT,1702111047983,1077.5,1.181360
ARBUSDT,SELL,LIMIT,1702111375884,241.8,1.183338
ARBUSDT,SELL,LIMIT,1702111378065,131.8,1.182142
ARBUSDT,SELL,LIMIT,1702111379165,3277.8,1.179913
ARBUSDT,SELL,LIMIT,1702111385197,18909.8,1.174024
ARBUSDT,SELL,LIMIT,1702111386281,193.2,1.176558
ARBUSDT,SELL,LIMIT,1702111387435,806.7,1.177488
ARBUSDT,SELL,LIMIT,1702111389210,7588.8,1.172561
ARBUSDT,SELL,LIMIT,1702111950132,4.8,1.194612
ARBUSDT,BUY,LIMIT,1702113543048,209.0,1.206283
ARBUSDT,SELL,LIMIT,1702115073227,1253.1,1.182075
ARBUSDT,SELL,LIMIT,1702115074288,346.9,1.181367
ARBUSDT,SELL,LIMIT,1702115081054,276.5,1.180259
ARBUSDT,SELL,LIMIT,1702115082221,4157.6,1.178119
ARBUSDT,SELL,LIMIT,1702115094528,9.3,1.177122
ARBUSDT,SELL,LIMIT,1702115612714,435.1,1.175940
ARBUSDT,SELL,LIMIT,1702115614512,300.1,1.174590
ARBUSDT,SELL,LIMIT,1702115615738,2819.0,1.173328
ARBUSDT,SELL,LIMIT,1702115618920,911.4,1.172787
ARBUSDT,SELL,LIMIT,1702115620297,1265.2,1.172274
ARBUSDT,SELL,LIMIT,1702115622595,896.3,1.171884
ARBUSDT,SELL,LIMIT,1702115627796,108.4,1.171191
ARBUSDT,SELL,LIMIT,1702115715276,4157.3,1.173727
ARBUSDT,SELL,LIMIT,1702116394655,5.2,1.176767
ARBUSDT,SELL,LIMIT,1702128683601,119.9,1.173159
ARBUSDT,SELL,LIMIT,1702132859248,842.6,1.175903
ARBUSDT,SELL,LIMIT,1702132922117,459.9,1.172815
ARBUSDT,SELL,LIMIT,1702132939411,4.5,1.171677
ARBUSDT,SELL,LIMIT,1702132942640,3081.5,1.171565
ARBUSDT,SELL,LIMIT,1702132968413,200.0,1.170815
ARBUSDT,SELL,LIMIT,1702132981873,41.8,1.170609
ARBUSDT,SELL,LIMIT,1702132986143,617.2,1.170197
ARBUSDT,SELL,LIMIT,1702132993322,523.5,1.169690
ARBUSDT,SELL,LIMIT,1702132994477,817.3,1.169668
ARBUSDT,SELL,LIMIT,1702132995625,105.4,1.166968
ARBUSDT,SELL,LIMIT,1702132996795,36.5,1.166093
ARBUSDT,SELL,LIMIT,1702132999530,4082.5,1.165396
ARBUSDT,SELL,LIMIT,1702133000535,1534.2,1.164028
ARBUSDT,SELL,LIMIT,1702133001560,321.9,1.163679
ARBUSDT,SELL,LIMIT,1702133002648,814.5,1.162600
ARBUSDT,SELL,LIMIT,1702133003708,422.2,1.161538
ARBUSDT,SELL,LIMIT,1702133004892,169.3,1.157809
ARBUSDT,SELL,LIMIT,1702133005944,58.6,1.157809
ARBUSDT,SELL,LIMIT,1702133007015,293.8,1.157696
ARBUSDT,SELL,LIMIT,1702133008625,5018.8,1.152899
ARBUSDT,SELL,LIMIT,1702133009764,2026.7,1.153291
