Symbol,Side,Order Type,Time,Quantity,Price
ARBUSDT,SELL,LIMIT,1701067751151,736.0,1.030165
ARBUSDT,SELL,LIMIT,1701068286686,46.9,1.013136
ARBUSDT,SELL,LIMIT,1701069556123,240.6,1.008264
ARBUSDT,SELL,LIMIT,1701069598746,4894.7,1.008033
ARBUSDT,SELL,LIMIT,1701069612112,285.8,1.007242
ARBUSDT,SELL,LIMIT,1701069632787,19.2,1.006825
ARBUSDT,SELL,LIMIT,1701069637974,258.8,1.005832
ARBUSDT,SELL,LIMIT,1701069639216,659.2,1.005805
ARBUSDT,SELL,LIMIT,1701069802231,682.0,1.005530
ARBUSDT,SELL,LIMIT,1701069803700,201.7,1.005512
ARBUSDT,SELL,LIMIT,1701069833090,55.5,1.004955
ARBUSDT,SELL,LIMIT,1701069836912,216.9,1.004910
ARBUSDT,SELL,LIMIT,1701069853285,73.3,1.007383
ARBUSDT,SELL,LIMIT,1701069855395,15928.6,1.001802
ARBUSDT,SELL,LIMIT,1701069857320,140.8,1.004405
ARBUSDT,SELL,LIMIT,1701069863153,2516.2,1.004633
ARBUSDT,SELL,LIMIT,1701069876699,630.5,1.004277
ARBUSDT,SELL,LIMIT,1701069881085,715.5,1.004077
ARBUSDT,SELL,LIMIT,1701069885886,24.4,1.003524
ARBUSDT,SELL,LIMIT,1701069896817,720.9,1.003186
ARBUSDT,SELL,LIMIT,1701069899144,31857.4,0.999395
ARBUSDT,SELL,LIMIT,1701069901363,724.4,1.002593
ARBUSDT,SELL,LIMIT,1701069909954,2844.9,1.002103
ARBUSDT,SELL,LIMIT,1701069915196,202.0,1.001894
ARBUSDT,SELL,LIMIT,1701069916663,231.9,1.001797
ARBUSDT,SELL,LIMIT,1701070023480,3160.0,1.001379
ARBUSDT,SELL,LIMIT,1701070025093,294.8,1.001356
ARBUSDT,SELL,LIMIT,1701070061697,7026.6,1.000013
ARBUSDT,SELL,LIMIT,1701070063054,103.2,1.000837
ARBUSDT,SELL,LIMIT,1701070064114,241.8,1.000309
ARBUSDT,SELL,LIMIT,1701070070073,180.7,0.999920
ARBUSDT,SELL,LIMIT,1701070071302,112.5,0.999893
ARBUSDT,SELL,LIMIT,1701070073970,2048.6,0.999447
ARBUSDT,SELL,LIMIT,1701070075300,425.0,0.999354
ARBUSDT,SELL,LIMIT,1701070076630,1000.0,0.998723
ARBUSDT,SELL,LIMIT,1701070108463,2909.0,0.998598
ARBUSDT,SELL,LIMIT,1701070110610,2133.0,0.998548
ARBUSDT,SELL,LIMIT,1701070112212,331.7,0.998347
ARBUSDT,SELL,LIMIT,1701070167300,99.7,0.998127
ARBUSDT,SELL,LIMIT,1701070168292,57.7,0.997746
ARBUSDT,SELL,LIMIT,1701070169495,69.6,0.997295
ARBUSDT,SELL,LIMIT,1701070171482,136.9,0.996867
ARBUSDT,SELL,LIMIT,1701070173234,174.2,0.996137
ARBUSDT,SELL,LIMIT,1701070356359,500.1,1.007402
ARBUSDT,SELL,LIMIT,1701070437220,1475.5,0.996244
ARBUSDT,SELL,LIMIT,1701070438458,96.6,0.995873
ARBUSDT,SELL,LIMIT,1701070440942,103.0,0.995980
ARBUSDT,SELL,LIMIT,1701070853689,4.9,1.006451
ARBUSDT,SELL,LIMIT,1701074349799,64.5,1.028354
ARBUSDT,SELL,LIMIT,1701080765676,978.4,1.000491
ARBUSDT,SELL,LIMIT,1701080779311,4930.9,0.999983
ARBUSDT,SELL,LIMIT,1701081329068,344.2,0.996178
ARBUSDT,SELL,LIMIT,1701081436072,72.8,0.995446
ARBUSDT,SELL,LIMIT,1701081439366,10935.7,0.992818
ARBUSDT,SELL,LIMIT,1701081440399,427.0,0.995081
ARBUSDT,SELL,LIMIT,1701081447756,27.8,0.994986
ARBUSDT,SELL,LIMIT,1701081451060,30.5,0.995028
ARBUSDT,SELL,LIMIT,1701081453185,30.7,0.994813
ARBUSDT,SELL,LIMIT,1701081486961,154.1,0.994642
ARBUSDT,SELL,LIMIT,1701081488827,226.7,0.994436
ARBUSDT,SELL,LIMIT,1701081584295,241.2,0.994221
ARBUSDT,SELL,LIMIT,1701081609380,4690.4,0.994060
ARBUSDT,SELL,LIMIT,1701081951055,4.8,0.996926
ARBUSDT,SELL,LIMIT,1701082123423,40.1,0.993963
ARBUSDT,SELL,LIMIT,1701082125653,506.1,0.993586
ARBUSDT,SELL,LIMIT,1701082150010,7651.8,0.991667
ARBUSDT,SELL,LIMIT,1701082668501,8.6,0.992754
ARBUSDT,SELL,LIMIT,1701082672168,3812.0,0.992606
ARBUSDT,SELL,LIMIT,1701082674271,1908.7,0.992033
ARBUSDT,SELL,LIMIT,1701082694393,258.6,0.991623
ARBUSDT,SELL,LIMIT,1701082698106,797.5,0.991349
ARBUSDT,SELL,LIMIT,1701082700125,11.1,0.991343
ARBUSDT,SELL,LIMIT,1701082702410,223.9,0.991235
ARBUSDT,SELL,LIMIT,1701082729154,857.6,0.990428
ARBUSDT,SELL,LIMIT,1701084930831,4280.6,1.000020
ARBUSDT,SELL,LIMIT,1701093108675,500.0,0.992953
ARBUSDT,SELL,LIMIT,1701093117373,150.0,0.992677
ARBUSDT,SELL,LIMIT,1701094608135,439.1,0.994451
ARBUSDT,SELL,LIMIT,1701095531055,997.5,0.992767
ARBUSDT,SELL,LIMIT,1701095543236,1377.9,0.992578
ARBUSDT,SELL,LIMIT,1701095590141,320.3,0.991743
ARBUSDT,SELL,LIMIT,1701096684815,395.6,0.990503
ARBUSDT,SELL,LIMIT,1701096725198,77.4,0.990410
ARBUSDT,SELL,LIMIT,1701097006115,295.7,0.989874
ARBUSDT,SELL,LIMIT,1701097029266,1589.7,0.989352
ARBUSDT,SELL,LIMIT,1701097048311,1281.6,0.988655
ARBUSDT,SELL,LIMIT,1701097058208,997.8,0.988514
ARBUSDT,SELL,LIMIT,1701097069053,172.1,0.988341
ARBUSDT,SELL,LIMIT,1701097071260,2394.5,0.988241
ARBUSDT,SELL,LIMIT,1701097073859,162.8,0.987870
ARBUSDT,SELL,LIMIT,1701097088410,8629.8,0.985653
ARBUSDT,SELL,LIMIT,1701097093507,1434.7,0.987123
ARBUSDT,SELL,LIMIT,1701097099337,41675.7,0.983507
ARBUSDT,SELL,LIMIT,1701097101335,58.3,0.985959
ARBUSDT,SELL,LIMIT,1701097102537,5.0,0.985834
ARBUSDT,SELL,LIMIT,1701100219107,3787.9,0.990957
ARBUSDT,SELL,LIMIT,1701100570438,141.4,0.989676
ARBUSDT,SELL,LIMIT,1701100618166,249.3,0.988766
ARBUSDT,SELL,LIMIT,1701100641212,299.0,0.986839
ARBUSDT,SELL,LIMIT,1701100815905,1421.8,0.988277
ARBUSDT,SELL,LIMIT,1701102045347,21.2,0.994479
ARBUSDT,SELL,LIMIT,1701104216796,1500.0,1.000099
ARBUSDT,BUY,LIMIT,1701109147195,227.8,1.015501
ARBUSDT,SELL,LIMIT,1701111819004,122.1,1.011823
ARBUSDT,SELL,LIMIT,1701111880089,118.8,0.998563
ARBUSDT,SELL,LIMIT,1701114158908,10.0,0.994042
ARBUSDT,SELL,LIMIT,1701114231416,1519.4,0.991494
ARBUSDT,SELL,LIMIT,1701114234141,6.0,1.022881
ARBUSDT,SELL,LIMIT,1701114237067,584.3,0.990097
ARBUSDT,SELL,LIMIT,1701114238677,1144.1,0.990072
ARBUSDT,SELL,LIMIT,1701114261548,464.3,0.989329
ARBUSDT,SELL,LIMIT,1701114263716,4992.5,0.989169
ARBUSDT,SELL,LIMIT,1701114275125,2221.2,0.989166
ARBUSDT,SELL,LIMIT,1701114352848,103.5,0.988947
ARBUSDT,SELL,LIMIT,1701114354935,188.6,0.988839
ARBUSDT,SELL,LIMIT,1701114360187,122.1,0.988732
ARBUSDT,SELL,LIMIT,1701114471120,1559.6,0.988532
ARBUSDT,SELL,LIMIT,1701114472357,6.8,0.988113
ARBUSDT,SELL,LIMIT,1701114473890,107.4,0.987744
ARBUSDT,SELL,LIMIT,1701114476154,1583.3,0.987283
ARBUSDT,SELL,LIMIT,1701114492082,557.6,0.986520
ARBUSDT,SELL,LIMIT,1701114495151,2067.0,0.986283
ARBUSDT,SELL,LIMIT,1701114496188,47.2,0.985739
ARBUSDT,SELL,LIMIT,1701115193955,2474.5,0.993681
ARBUSDT,SELL,LIMIT,1701117189089,904.6,0.989775
ARBUSDT,BUY,LIMIT,1701118437392,494.0,1.002379
ARBUSDT,SELL,LIMIT,1701120706384,63.2,1.003149
ARBUSDT,SELL,LIMIT,1701123575668,62.8,1.011516
ARBUSDT,SELL,LIMIT,1701126099134,70.0,1.004810
ARBUSDT,BUY,LIMIT,1701126542164,4999.9,1.019664
ARBUSDT,BUY,LIMIT,1701126615048,25.0,1.020032
ARBUSDT,BUY,LIMIT,1701126650871,3226.7,1.020943
ARBUSDT,SELL,LIMIT,1701126784943,5.7,1.064725
ARBUSDT,BUY,LIMIT,1701128039597,121.0,1.024907
ARBUSDT,SELL,LIMIT,1701135903645,3139.3,1.007204
ARBUSDT,SELL,LIMIT,1701137245458,568.8,1.002240
ARBUSDT,SELL,LIMIT,1701143342699,1993.6,1.002952
ARBUSDT,SELL,LIMIT,1701146559783,1001.7,0.999847
ARBUSDT,SELL,LIMIT,1701147438719,49.6,0.995365
ARBUSDT,SELL,LIMIT,1701147878912,4322.3,0.994676
ARBUSDT,SELL,LIMIT,1701147893476,2176.8,0.994315
ARBUSDT,SELL,LIMIT,1701147896003,3138.4,0.994002
ARBUSDT,SELL,LIMIT,1701148114147,207.3,0.992023
ARBUSDT,SELL,LIMIT,1701148137137,477.5,0.991375
ARBUSDT,SELL,LIMIT,1701148220473,94.0,0.990858
ARBUSDT,SELL,LIMIT,1701148260057,162.3,0.990186
ARBUSDT,SELL,LIMIT,1701148803962,1195.9,0.994174
ARBUSDT,SELL,LIMIT,1701149110154,246.9,0.988384
ARBUSDT,SELL,LIMIT,1701149693291,119716.3,0.975680
ARBUSDT,SELL,LIMIT,1701149773677,982.3,0.987014
ARBUSDT,SELL,LIMIT,1701149845081,342.3,0.986431
ARBUSDT,SELL,LIMIT,1701149873655,390.2,0.985788
ARBUSDT,SELL,LIMIT,1701149880369,146.4,0.985558
ARBUSDT,SELL,LIMIT,1701149881724,87.7,0.985226
ARBUSDT,SELL,LIMIT,1701149882985,2500.0,0.985037
ARBUSDT,SELL,LIMIT,1701149889291,2213.5,0.983957
ARBUSDT,SELL,LIMIT,1701149893758,2934.8,0.983267
ARBUSDT,SELL,LIMIT,1701149895793,44.9,0.983522
ARBUSDT,SELL,LIMIT,1701149897494,3537.1,0.983069
ARBUSDT,SELL,LIMIT,1701150675042,38.5,0.982838
ARBUSDT,SELL,LIMIT,1701150686765,418.9,0.982754
ARBUSDT,SELL,LIMIT,1701151095829,2081.2,0.982329
ARBUSDT,SELL,LIMIT,1701151105791,3630.5,0.982151
ARBUSDT,SELL,LIMIT,1701151207367,3348.7,0.981851
ARBUSDT,SELL,LIMIT,1701151209324,2990.7,0.981514
ARBUSDT,SELL,LIMIT,1701151260221,14015.5,0.978358
ARBUSDT,SELL,LIMIT,1701151263534,1472.0,0.980237
ARBUSDT,SELL,LIMIT,1701151269661,98.8,0.980147
ARBUSDT,SELL,LIMIT,1701151273582,2976.1,0.980074
ARBUSDT,SELL,LIMIT,1701156509915,85.3,0.983009
ARBUSDT,SELL,LIMIT,1701156563090,288.4,0.982156
ARBUSDT,BUY,LIMIT,1701172462497,808.9,1.017052
ARBUSDT,BUY,LIMIT,1701172465214,578.8,1.017407
ARBUSDT,SELL,LIMIT,1701173229483,850.0,1.002273
ARBUSDT,BUY,LIMIT,1701178477514,336.0,1.018373
ARBUSDT,BUY,LIMIT,1701178517209,4209.0,1.019290
ARBUSDT,SELL,LIMIT,1701187244896,423.3,1.005332
ARBUSDT,BUY,LIMIT,1701189646256,85.0,1.022820
ARBUSDT,BUY,LIMIT,1701189821650,96.8,1.026015
ARBUSDT,SELL,LIMIT,1701190174360,293.8,1.018104
ARBUSDT,BUY,LIMIT,1701190213176,30.0,1.027958
ARBUSDT,BUY,LIMIT,1701190276540,251.0,1.028756
ARBUSDT,BUY,LIMIT,1701190334234,537.8,1.029341
ARBUSDT,BUY,LIMIT,1701190338714,285.3,1.029648
ARBUSDT,BUY,LIMIT,1701190979052,118.5,1.030524
ARBUSDT,BUY,LIMIT,1701192055833,468.5,1.031681
ARBUSDT,BUY,LIMIT,1701192068224,48.3,1.032729
ARBUSDT,BUY,LIMIT,1701192069514,24.4,1.033208
ARBUSDT,BUY,LIMIT,1701192143353,251.1,1.034948
ARBUSDT,BUY,LIMIT,1701192168916,4943.1,1.036134
ARBUSDT,BUY,LIMIT,1701192281283,103.5,1.035921
ARBUSDT,BUY,LIMIT,1701194222781,1043.5,1.037555
ARBUSDT,SELL,LIMIT,1701196215862,37.1,1.019327
ARBUSDT,SELL,LIMIT,1701197853304,245.0,1.094391
ARBUSDT,SELL,LIMIT,1701197859770,658.2,1.016664
ARBUSDT,SELL,LIMIT,1701200503903,3790.2,1.020369
ARBUSDT,SELL,LIMIT,1701211843329,4897.0,1.013317
ARBUSDT,SELL,LIMIT,1701211902343,383.4,1.010475
ARBUSDT,SELL,LIMIT,1701211928162,70.2,1.009597
ARBUSDT,SELL,LIMIT,1701211929448,2931.6,1.009543
ARBUSDT,SELL,LIMIT,1701211945347,2666.3,1.009157
ARBUSDT,SELL,LIMIT,1701214739120,261.2,1.007682
ARBUSDT,SELL,LIMIT,1701216475094,3443.9,1.006609
ARBUSDT,BUY,LIMIT,1701218110155,9.8,1.010543
ARBUSDT,BUY,LIMIT,1701218694715,55.9,1.025887
ARBUSDT,SELL,LIMIT,1701219624312,7.5,1.013365
ARBUSDT,SELL,LIMIT,1701219645919,81.0,1.018161
ARBUSDT,BUY,LIMIT,1701240365865,451.3,1.029813
ARBUSDT,BUY,LIMIT,1701245404000,66.3,1.030283
ARBUSDT,BUY,LIMIT,1701245436260,332.0,1.030055
ARBUSDT,BUY,LIMIT,1701246066120,4999.5,1.026023
ARBUSDT,BUY,LIMIT,1701247563153,46.6,1.030624
ARBUSDT,BUY,LIMIT,1701247573921,127.4,1.032874
ARBUSDT,BUY,LIMIT,1701247576633,51.4,1.033025
ARBUSDT,BUY,LIMIT,1701247619018,315.8,1.033161
ARBUSDT,BUY,LIMIT,1701247783304,181.5,1.033564
ARBUSDT,BUY,LIMIT,1701247810390,93.4,1.033864
ARBUSDT,BUY,LIMIT,1701247820853,696.1,1.034167
ARBUSDT,BUY,LIMIT,1701247846457,107.4,1.033785
ARBUSDT,BUY,LIMIT,1701248054940,74.0,1.034685
ARBUSDT,BUY,LIMIT,1701248244094,161.2,1.035679
ARBUSDT,BUY,LIMIT,1701248721597,3653.6,1.035021
ARBUSDT,SELL,LIMIT,1701253161286,458.7,1.103600
ARBUSDT,SELL,LIMIT,1701253409741,92.9,1.012906
ARBUSDT,SELL,LIMIT,1701253586249,35.0,1.010899
ARBUSDT,SELL,LIMIT,1701253651462,235.9,1.009434
ARBUSDT,SELL,LIMIT,1701253986254,99.7,1.008896
ARBUSDT,SELL,LIMIT,1701254006816,100.4,1.007628
ARBUSDT,SELL,LIMIT,1701254011515,282.1,1.007130
ARBUSDT,SELL,LIMIT,1701254016596,137.7,1.007019
ARBUSDT,SELL,LIMIT,1701254060445,4904.3,1.007041
ARBUSDT,SELL,LIMIT,1701254254046,39.8,1.006923
ARBUSDT,SELL,LIMIT,1701254333296,216.4,1.005466
ARBUSDT,SELL,LIMIT,1701254337816,48.9,1.005124
ARBUSDT,SELL,LIMIT,1701254356116,142.1,1.004676
ARBUSDT,SELL,LIMIT,1701254358869,1950.8,1.003836
ARBUSDT,SELL,LIMIT,1701254360330,9.2,1.003627
ARBUSDT,SELL,LIMIT,1701254408449,131.2,1.001964
ARBUSDT,SELL,LIMIT,1701254411338,748.6,1.001661
ARBUSDT,SELL,LIMIT,1701254419990,200.4,1.000993
ARBUSDT,SELL,LIMIT,1701254485049,24.0,1.002838
ARBUSDT,SELL,LIMIT,1701254660202,476.4,1.000434
ARBUSDT,SELL,LIMIT,1701254705763,253.6,1.000141
ARBUSDT,SELL,LIMIT,1701268454444,383.4,0.999621
ARBUSDT,SELL,LIMIT,1701268456265,83.4,0.999069
ARBUSDT,SELL,LIMIT,1701269155717,185.7,0.998994
ARBUSDT,SELL,LIMIT,1701269157180,10.3,0.998505
ARBUSDT,SELL,LIMIT,1701269158228,43.8,0.998894
ARBUSDT,SELL,LIMIT,1701269261801,145.1,0.997596
ARBUSDT,SELL,LIMIT,1701269294649,4291.5,0.996864
ARBUSDT,SELL,LIMIT,1701270337719,19.2,0.995968
ARBUSDT,SELL,LIMIT,1701270389463,362.6,0.995202
ARBUSDT,SELL,LIMIT,1701270409817,780.3,0.995013
ARBUSDT,SELL,LIMIT,1701270419612,1177.0,0.994929
ARBUSDT,SELL,LIMIT,1701270451433,458.3,0.994633
ARBUSDT,SELL,LIMIT,1701270558894,1272.8,0.994664
ARBUSDT,SELL,LIMIT,1701270572442,42.9,0.994356
ARBUSDT,SELL,LIMIT,1701270575654,397.0,0.993879
ARBUSDT,SELL,LIMIT,1701270576850,276.6,0.993370
ARBUSDT,SELL,LIMIT,1701270585567,4816.6,0.992662
ARBUSDT,SELL,LIMIT,1701270613211,750.0,0.992144
ARBUSDT,SELL,LIMIT,1701270617260,413.2,0.991068
ARBUSDT,SELL,LIMIT,1701270743735,121.4,0.990219
ARBUSDT,SELL,LIMIT,1701270755257,1152.1,0.989828
ARBUSDT,SELL,LIMIT,1701270784724,3826.4,0.989413
ARBUSDT,SELL,LIMIT,1701270787397,907.9,0.989148
ARBUSDT,SELL,LIMIT,1701270838237,169.7,0.988731
ARBUSDT,SELL,LIMIT,1701270839397,1972.3,0.988645
ARBUSDT,SELL,LIMIT,1701270841356,27.0,0.990636
ARBUSDT,SELL,LIMIT,1701270845793,4879.8,0.988180
ARBUSDT,SELL,LIMIT,1701270919594,41.4,0.987623
ARBUSDT,SELL,LIMIT,1701284473458,146.9,1.009532
ARBUSDT,SELL,LIMIT,1701284960136,3385.4,1.001836
ARBUSDT,BUY,LIMIT,1701285056757,14.1,1.015679
ARBUSDT,SELL,LIMIT,1701285107250,245.8,1.004346
ARBUSDT,SELL,LIMIT,1701285489228,475.5,1.003587
ARBUSDT,SELL,LIMIT,1701293898160,195.4,0.996069
ARBUSDT,BUY,LIMIT,1701305768652,13.0,1.017511
ARBUSDT,SELL,LIMIT,1701309263159,692.3,0.996885
ARBUSDT,BUY,LIMIT,1701313683038,2819.2,1.016504
ARBUSDT,BUY,LIMIT,1701316269607,47.3,1.020012
ARBUSDT,BUY,LIMIT,1701316479213,17.8,1.020314
ARBUSDT,BUY,LIMIT,1701317317380,15.0,1.022041
ARBUSDT,BUY,LIMIT,1701326892723,10.7,1.015779
ARBUSDT,SELL,LIMIT,1701330196178,3104.6,1.001312
ARBUSDT,SELL,LIMIT,1701332604456,25.8,0.997170
ARBUSDT,SELL,LIMIT,1701333549537,3038.3,0.995937
ARBUSDT,SELL,LIMIT,1701333635329,222.6,0.995077
ARBUSDT,BUY,LIMIT,1701345606915,18.0,1.020417
