Symbol,Side,Order Type,Time,Quantity,Price
ARBUSDT,SELL,LIMIT,1700995960465,101.8,1.049957
ARBUSDT,SELL,LIMIT,1700996134343,4670.5,1.048442
ARBUSDT,SELL,LIMIT,1700996145330,412.2,1.049698
ARBUSDT,SELL,LIMIT,1700996297640,10.8,1.047246
ARBUSDT,SELL,LIMIT,1700999451119,903.7,1.045794
ARBUSDT,SELL,LIMIT,1700999500959,939.6,1.045683
ARBUSDT,SELL,LIMIT,1700999543392,228.6,1.045488
ARBUSDT,SELL,LIMIT,1700999845022,813.3,1.044526
ARBUSDT,SELL,LIMIT,1701000078168,18.7,1.044118
ARBUSDT,SELL,LIMIT,1701000215651,49.3,1.044028
ARBUSDT,SELL,LIMIT,1701000323334,522.0,1.042638
ARBUSDT,SELL,LIMIT,1701000489041,279.5,1.042408
ARBUSDT,SELL,LIMIT,1701000583174,22.3,1.041799
ARBUSDT,SELL,LIMIT,1701000605058,71.5,1.040484
ARBUSDT,SELL,LIMIT,1701001377193,11.0,1.039588
ARBUSDT,SELL,LIMIT,1701001378546,2876.7,1.039398
ARBUSDT,SELL,LIMIT,1701001502096,338.6,1.036941
ARBUSDT,SELL,LIMIT,1701001503025,1736.5,1.036572
ARBUSDT,SELL,LIMIT,1701001504111,938.2,1.036978
ARBUSDT,SELL,LIMIT,1701006334136,379.9,1.037973
ARBUSDT,SELL,LIMIT,1701008395148,726.3,1.038840
ARBUSDT,SELL,LIMIT,1701008441968,4694.2,1.036842
ARBUSDT,SELL,LIMIT,1701008448042,473.3,1.035288
ARBUSDT,SELL,LIMIT,1701008450380,247.0,1.036343
ARBUSDT,SELL,LIMIT,1701008943597,17.6,1.034825
ARBUSDT,SELL,LIMIT,1701008945058,3301.8,1.033826
ARBUSDT,SELL,LIMIT,1701008946081,10.0,1.033152
ARBUSDT,SELL,LIMIT,1701009003080,530.0,1.031770
ARBUSDT,SELL,LIMIT,1701009008877,498.1,1.031131
ARBUSDT,SELL,LIMIT,1701009013106,3059.6,1.030846
ARBUSDT,SELL,LIMIT,1701009014624,76.0,1.030303
ARBUSDT,SELL,LIMIT,1701009017674,100.0,1.030046
ARBUSDT,SELL,LIMIT,1701009263216,1840.2,1.029960
ARBUSDT,SELL,LIMIT,1701009288126,205.8,1.028767
ARBUSDT,SELL,LIMIT,1701009289425,227.0,1.028469
ARBUSDT,SELL,LIMIT,1701010913814,411.8,1.029032
ARBUSDT,SELL,LIMIT,1701010922617,15.0,1.028311
ARBUSDT,SELL,LIMIT,1701013685292,539.6,1.031275
ARBUSDT,SELL,LIMIT,1701013871529,521.1,1.028530
ARBUSDT,SELL,LIMIT,1701013909236,293.9,1.028391
ARBUSDT,SELL,LIMIT,1701013943630,3000.0,1.027817
ARBUSDT,SELL,LIMIT,1701013952450,767.4,1.027250
ARBUSDT,SELL,LIMIT,1701013957034,275.4,1.027051
ARBUSDT,SELL,LIMIT,1701013959229,2296.2,1.026773
ARBUSDT,SELL,LIMIT,1701013960558,925.1,1.026643
ARBUSDT,SELL,LIMIT,1701013963589,188.0,1.025817
ARBUSDT,SELL,LIMIT,1701013995548,107.8,1.025989
ARBUSDT,SELL,LIMIT,1701013998518,1330.9,1.025543
ARBUSDT,SELL,LIMIT,1701014009832,111.2,1.025388
ARBUSDT,SELL,LIMIT,1701014014787,696.1,1.025369
ARBUSDT,SELL,LIMIT,1701014023621,8101.0,1.023547
ARBUSDT,SELL,LIMIT,1701014027891,227.2,1.024806
ARBUSDT,SELL,LIMIT,1701014029141,113.0,1.024146
ARBUSDT,SELL,LIMIT,1701014031020,1040.7,1.023197
ARBUSDT,BUY,LIMIT,1701014039009,102.9,0.977242
ARBUSDT,SELL,LIMIT,1701014040084,29.0,1.022486
ARBUSDT,SELL,LIMIT,1701014069740,4724.6,1.023190
ARBUSDT,SELL,LIMIT,1701014993294,938.4,1.027697
ARBUSDT,SELL,LIMIT,1701015331292,1474.6,1.024714
ARBUSDT,SELL,LIMIT,1701015601388,142.8,1.024289
ARBUSDT,SELL,LIMIT,1701015637318,93.6,1.023245
ARBUSDT,SELL,LIMIT,1701015644388,143.6,1.022827
ARBUSDT,SELL,LIMIT,1701015674274,162.5,1.021469
ARBUSDT,SELL,LIMIT,1701015680166,212.2,1.021199
ARBUSDT,SELL,LIMIT,1701015682415,739.9,1.021105
ARBUSDT,SELL,LIMIT,1701015684096,379.9,1.019707
ARBUSDT,SELL,LIMIT,1701015684906,161.9,1.020027
ARBUSDT,SELL,LIMIT,1701015685860,2046.9,1.019528
ARBUSDT,SELL,LIMIT,1701015732385,12.2,1.019238
ARBUSDT,SELL,LIMIT,1701015749495,3980.9,1.018566
ARBUSDT,SELL,LIMIT,1701015760135,12.6,1.018057
ARBUSDT,SELL,LIMIT,1701015761722,2500.0,1.018048
ARBUSDT,SELL,LIMIT,1701015763075,205.9,1.018008
ARBUSDT,SELL,LIMIT,1701015839284,981.7,1.017264
ARBUSDT,SELL,LIMIT,1701015841275,29.6,1.017223
ARBUSDT,SELL,LIMIT,1701015947409,965.7,1.016996
ARBUSDT,SELL,LIMIT,1701015989262,182.3,1.016895
ARBUSDT,SELL,LIMIT,1701015990898,2688.1,1.016692
ARBUSDT,SELL,LIMIT,1701015992559,3584.3,1.016305
ARBUSDT,SELL,LIMIT,1701015993925,167.4,1.015784
ARBUSDT,SELL,LIMIT,1701016001086,2412.1,1.015290
ARBUSDT,SELL,LIMIT,1701016014859,143.3,1.014967
ARBUSDT,SELL,LIMIT,1701016016392,1592.7,1.014944
ARBUSDT,SELL,LIMIT,1701016023682,247.8,1.017159
ARBUSDT,SELL,LIMIT,1701016026807,2674.6,1.014184
ARBUSDT,SELL,LIMIT,1701016028394,188.2,1.014072
ARBUSDT,SELL,LIMIT,1701016030442,32.1,1.013446
ARBUSDT,SELL,LIMIT,1701016031463,491.2,1.012191
ARBUSDT,SELL,LIMIT,1701016032370,75.8,1.012442
ARBUSDT,SELL,LIMIT,1701016033255,398.3,1.011517
ARBUSDT,SELL,LIMIT,1701016034202,1865.2,1.009991
ARBUSDT,SELL,LIMIT,1701016037293,132.6,1.009811
ARBUSDT,SELL,LIMIT,1701016040327,1115.2,1.009710
ARBUSDT,SELL,LIMIT,1701016042074,185.7,1.009360
ARBUSDT,SELL,LIMIT,1701016043256,5.7,1.008814
ARBUSDT,SELL,LIMIT,1701016044199,1428.5,1.008563
ARBUSDT,SELL,LIMIT,1701016045125,131.8,1.008084
ARBUSDT,SELL,LIMIT,1701016046008,79.1,1.008039
ARBUSDT,SELL,LIMIT,1701016047151,137.2,1.007421
ARBUSDT,SELL,LIMIT,1701016048109,3846.1,1.006763
ARBUSDT,SELL,LIMIT,1701016049216,1181.4,1.006425
ARBUSDT,SELL,LIMIT,1701016093600,1778.7,1.006645
ARBUSDT,SELL,LIMIT,1701016098645,187.0,1.005992
ARBUSDT,SELL,LIMIT,1701016099881,386.6,1.005377
ARBUSDT,SELL,LIMIT,1701016101122,37.6,1.005115
ARBUSDT,SELL,LIMIT,1701016102412,19.9,1.004442
ARBUSDT,SELL,LIMIT,1701016103261,2187.6,1.004560
ARBUSDT,BUY,LIMIT,1701019010130,11.9,1.031933
ARBUSDT,BUY,LIMIT,1701031591796,18.3,1.044075
ARBUSDT,BUY,LIMIT,1701031604236,128.9,1.045707
ARBUSDT,BUY,LIMIT,1701036434142,3584.7,1.049050
ARBUSDT,SELL,LIMIT,1701045774577,482.5,1.039445
ARBUSDT,BUY,LIMIT,1701045819110,11638.9,1.050085
ARBUSDT,SELL,LIMIT,1701049585533,47.9,1.023041
ARBUSDT,SELL,LIMIT,1701050668439,23.5,1.022827
ARBUSDT,SELL,LIMIT,1701050766316,12.5,1.022032
ARBUSDT,SELL,LIMIT,1701050799059,10.2,1.021634
ARBUSDT,SELL,LIMIT,1701050848809,37.3,1.020702
ARBUSDT,SELL,LIMIT,1701052282619,576.2,1.018809
ARBUSDT,SELL,LIMIT,1701052645083,322.4,1.018807
ARBUSDT,SELL,LIMIT,1701052851350,26.9,1.017744
ARBUSDT,SELL,LIMIT,1701052872274,4881.8,1.017397
ARBUSDT,SELL,LIMIT,1701052880707,28.0,1.017205
ARBUSDT,SELL,LIMIT,1701054429182,8.9,1.015210
ARBUSDT,SELL,LIMIT,1701054575700,4824.7,1.013998
ARBUSDT,SELL,LIMIT,1701054620926,1598.1,1.013445
ARBUSDT,SELL,LIMIT,1701055608675,1081.1,1.012828
ARBUSDT,SELL,LIMIT,1701055613253,319.7,1.012741
ARBUSDT,SELL,LIMIT,1701055689987,767.2,1.012411
ARBUSDT,SELL,LIMIT,1701055698416,17.5,1.012098
ARBUSDT,SELL,LIMIT,1701056052865,531.6,1.010587
ARBUSDT,SELL,LIMIT,1701056133896,2347.2,1.009606
ARBUSDT,SELL,LIMIT,1701056141373,475.1,1.009209
ARBUSDT,SELL,LIMIT,1701056144518,432.3,1.009140
ARBUSDT,SELL,LIMIT,1701056247077,1611.8,1.007862
