Symbol,Side,Order Type,Time,Quantity,Price
ARKMUSDT,SELL,LIMIT,1701067873495,4272,0.4375527
ARKMUSDT,BUY,LIMIT,1701068020904,108,0.4549099
ARKMUSDT,SELL,LIMIT,1701069530117,4360,0.4331640
ARKMUSDT,SELL,LIMIT,1701069575131,647,0.4322944
ARKMUSDT,SELL,LIMIT,1701069638752,276,0.4314093
ARKMUSDT,SELL,LIMIT,1701069797146,7115,0.4311021
ARKMUSDT,SELL,LIMIT,1701069800000,347,0.4308362
ARKMUSDT,SELL,LIMIT,1701069801268,1,0.4304646
ARKMUSDT,SELL,LIMIT,1701069812345,42,0.4297256
ARKMUSDT,SELL,LIMIT,1701069813595,1068,0.4294905
ARKMUSDT,SELL,LIMIT,1701069855722,747,0.4276889
ARKMUSDT,SELL,LIMIT,1701069860805,41,0.4270616
ARKMUSDT,SELL,LIMIT,1701069863274,122,0.4269207
ARKMUSDT,SELL,LIMIT,1701069883599,61887,0.4243231
ARKMUSDT,SELL,LIMIT,1701069885297,1205,0.4265679
ARKMUSDT,SELL,LIMIT,1701069887247,528,0.4263012
ARKMUSDT,SELL,LIMIT,1701069896430,44,0.4263001
ARKMUSDT,SELL,LIMIT,1701069898869,6772,0.4256111
ARKMUSDT,BUY,LIMIT,1701072961848,18,0.4627957
ARKMUSDT,SELL,LIMIT,1701082447285,19,0.4321937
ARKMUSDT,SELL,LIMIT,1701082482308,894,0.4310910
ARKMUSDT,SELL,LIMIT,1701082692184,1,0.4293508
ARKMUSDT,SELL,LIMIT,1701095612152,39,0.4281669
ARKMUSDT,SELL,LIMIT,1701097092369,446,0.4252591
ARKMUSDT,SELL,LIMIT,1701100029464,12,0.4235845
ARKMUSDT,SELL,LIMIT,1701100091245,1064,0.4232777
ARKMUSDT,SELL,LIMIT,1701100160177,2356,0.4223770
ARKMUSDT,SELL,LIMIT,1701100266233,318,0.4215672
ARKMUSDT,SELL,LIMIT,1701100552676,9980,0.4207414
ARKMUSDT,SELL,LIMIT,1701100575145,75,0.4201420
ARKMUSDT,SELL,LIMIT,1701100640421,453,0.4190383
ARKMUSDT,SELL,LIMIT,1701100642557,142,0.4190441
ARKMUSDT,SELL,LIMIT,1701102071791,556,0.4234019
ARKMUSDT,BUY,LIMIT,1701104216796,2000,0.4425072
ARKMUSDT,SELL,LIMIT,1701111069119,2308,0.4292546
ARKMUSDT,SELL,LIMIT,1701111200048,645,0.4247184
ARKMUSDT,SELL,LIMIT,1701111827461,1000,0.4243343
ARKMUSDT,SELL,LIMIT,1701111860679,11414,0.4241441
ARKMUSDT,SELL,LIMIT,1701112159192,228,0.4214893
ARKMUSDT,SELL,LIMIT,1701114232981,941,0.4190921
ARKMUSDT,SELL,LIMIT,1701114237264,1296,0.4184113
ARKMUSDT,SELL,LIMIT,1701114240283,5705,0.4183687
ARKMUSDT,SELL,LIMIT,1701114345214,1017,0.4181271
ARKMUSDT,SELL,LIMIT,1701114352850,18,0.4180752
ARKMUSDT,SELL,LIMIT,1701114471176,64,0.4179668
ARKMUSDT,SELL,LIMIT,1701114478352,1,0.4173090
ARKMUSDT,SELL,LIMIT,1701116983992,400,0.4162738
ARKMUSDT,SELL,LIMIT,1701118069392,283,0.4140660
ARKMUSDT,BUY,LIMIT,1701121764633,14,0.4365550
ARKMUSDT,SELL,LIMIT,1701121839061,1784,0.4195747
ARKMUSDT,SELL,LIMIT,1701137378158,1924,0.4174482
ARKMUSDT,SELL,LIMIT,1701145566202,200,0.4196814
ARKMUSDT,SELL,LIMIT,1701145984865,194,0.4131109
ARKMUSDT,SELL,LIMIT,1701145986762,698,0.4129434
ARKMUSDT,SELL,LIMIT,1701145988224,173,0.4113883
ARKMUSDT,SELL,LIMIT,1701147899823,232,0.4101141
ARKMUSDT,SELL,LIMIT,1701147936715,242,0.4086966
ARKMUSDT,SELL,LIMIT,1701147937720,489,0.4085679
ARKMUSDT,SELL,LIMIT,1701148173066,2318,0.4083232
ARKMUSDT,SELL,LIMIT,1701148214121,34,0.4080221
ARKMUSDT,SELL,LIMIT,1701148534681,64,0.4075745
ARKMUSDT,SELL,LIMIT,1701149114605,138,0.4065389
ARKMUSDT,SELL,LIMIT,1701149851888,12,0.4052202
ARKMUSDT,SELL,LIMIT,1701149879405,7473,0.4045898
ARKMUSDT,SELL,LIMIT,1701151263535,1690,0.4078567
ARKMUSDT,BUY,LIMIT,1701171249770,87,0.4401267
ARKMUSDT,BUY,LIMIT,1701185302338,51,0.4462203
ARKMUSDT,BUY,LIMIT,1701187051115,14,0.4409306
ARKMUSDT,BUY,LIMIT,1701190990701,1497,0.4575706
ARKMUSDT,BUY,LIMIT,1701191695567,6872,0.4583311
ARKMUSDT,SELL,LIMIT,1701192159846,133,0.4428912
ARKMUSDT,BUY,LIMIT,1701197862395,3190,0.4572660
ARKMUSDT,BUY,LIMIT,1701200368115,12,0.4715545
ARKMUSDT,BUY,LIMIT,1701200404180,986,0.4730397
ARKMUSDT,BUY,LIMIT,1701200565471,1118,0.4743842
ARKMUSDT,BUY,LIMIT,1701200723264,518,0.4772321
ARKMUSDT,BUY,LIMIT,1701200734467,519,0.4773144
ARKMUSDT,BUY,LIMIT,1701203586262,1497,0.4885714
ARKMUSDT,BUY,LIMIT,1701203589560,420,0.4899712
ARKMUSDT,BUY,LIMIT,1701203591074,1100,0.4903940
ARKMUSDT,BUY,LIMIT,1701203599859,33,0.4915191
ARKMUSDT,BUY,LIMIT,1701203615835,914,0.4937876
ARKMUSDT,SELL,LIMIT,1701210232334,1015,0.4554655
ARKMUSDT,SELL,LIMIT,1701216763791,31,0.4485707
ARKMUSDT,SELL,LIMIT,1701216858364,514,0.4482981
ARKMUSDT,BUY,LIMIT,1701240158466,4367,0.4807034
ARKMUSDT,SELL,LIMIT,1701240803862,252,0.4616781
ARKMUSDT,BUY,LIMIT,1701243611226,192,0.4852140
ARKMUSDT,SELL,LIMIT,1701250240027,57,0.4520157
ARKMUSDT,SELL,LIMIT,1701252232095,256,0.4503265
ARKMUSDT,SELL,LIMIT,1701253412927,402,0.4476516
ARKMUSDT,SELL,LIMIT,1701253700293,56,0.4464341
ARKMUSDT,SELL,LIMIT,1701254063041,269,0.4447215
ARKMUSDT,SELL,LIMIT,1701254306000,42,0.4442151
ARKMUSDT,SELL,LIMIT,1701254356096,1354,0.4429473
ARKMUSDT,SELL,LIMIT,1701254418183,399,0.4411304
ARKMUSDT,SELL,LIMIT,1701264338423,1620,0.4396696
ARKMUSDT,SELL,LIMIT,1701264378659,56,0.4388142
ARKMUSDT,SELL,LIMIT,1701264442257,890,0.4383848
ARKMUSDT,SELL,LIMIT,1701264499178,11,0.4380449
ARKMUSDT,SELL,LIMIT,1701264511621,24,0.4365482
ARKMUSDT,SELL,LIMIT,1701264517833,77,0.4356972
ARKMUSDT,SELL,LIMIT,1701269264514,602,0.4338039
ARKMUSDT,SELL,LIMIT,1701270617089,660,0.4334060
ARKMUSDT,SELL,LIMIT,1701270618238,20,0.4330621
ARKMUSDT,BUY,LIMIT,1701278565229,4284,0.4664780
ARKMUSDT,BUY,LIMIT,1701279246875,2606,0.4684870
ARKMUSDT,SELL,LIMIT,1701284959670,127,0.4522245
ARKMUSDT,SELL,LIMIT,1701288287798,2,0.4473581
ARKMUSDT,SELL,LIMIT,1701297703511,3159,0.4619099
ARKMUSDT,BUY,LIMIT,1701297705311,2999,0.4745625
ARKMUSDT,BUY,LIMIT,1701305137556,55,0.4755745
ARKMUSDT,BUY,LIMIT,1701305199291,594,0.4764376
ARKMUSDT,BUY,LIMIT,1701305222719,459,0.4768048
ARKMUSDT,BUY,LIMIT,1701320781611,8287,0.4777054
ARKMUSDT,BUY,LIMIT,1701320786510,295,0.4791748
ARKMUSDT,BUY,LIMIT,1701320798444,349,0.4805395
ARKMUSDT,BUY,LIMIT,1701320838178,40,0.4821004
ARKMUSDT,BUY,LIMIT,1701320890070,4270,0.4831800
ARKMUSDT,BUY,LIMIT,1701320941111,48,0.4840039
ARKMUSDT,BUY,LIMIT,1701320942355,31,0.4842673
ARKMUSDT,BUY,LIMIT,1701320951304,858,0.4845093
ARKMUSDT,BUY,LIMIT,1701322722048,9076,0.4913084
ARKMUSDT,SELL,LIMIT,1701326360953,3062,0.4593050
ARKMUSDT,SELL,LIMIT,1701336187317,188,0.4531116
ARKMUSDT,SELL,LIMIT,1701336265326,2421,0.4525804
ARKMUSDT,SELL,LIMIT,1701336604762,483,0.4508711
ARKMUSDT,SELL,LIMIT,1701347735154,212,0.4466123
ARKMUSDT,SELL,LIMIT,1701347778075,9235,0.4437029
ARKMUSDT,SELL,LIMIT,1701347790364,95,0.4430827
ARKMUSDT,SELL,LIMIT,1701352509067,107,0.4409833
ARKMUSDT,SELL,LIMIT,1701352924178,1504,0.4403292
ARKMUSDT,SELL,LIMIT,1701352927197,60,0.4400832
ARKMUSDT,SELL,LIMIT,1701353011331,1046,0.4387461
ARKMUSDT,SELL,LIMIT,1701353013211,396,0.4385513
ARKMUSDT,SELL,LIMIT,1701355539173,9661,0.4346283
ARKMUSDT,SELL,LIMIT,1701370397364,73,0.4316793
ARKMUSDT,SELL,LIMIT,1701370408360,196,0.4310682
ARKMUSDT,SELL,LIMIT,1701390385005,14,0.4297697
ARKMUSDT,SELL,LIMIT,1701390631579,887,0.4282772
ARKMUSDT,BUY,LIMIT,1701395532506,293,0.4621164
ARKMUSDT,BUY,LIMIT,1701400915829,1671,0.4627899
ARKMUSDT,BUY,LIMIT,1701400927076,31,0.4645672
ARKMUSDT,BUY,LIMIT,1701401093287,572,0.4662348
ARKMUSDT,BUY,LIMIT,1701401176041,65,0.4703537
ARKMUSDT,SELL,LIMIT,1701418752524,1386,0.4498549
ARKMUSDT,SELL,LIMIT,1701443406358,3042,0.4492285
ARKMUSDT,SELL,LIMIT,1701447381414,13,0.4654062
ARKMUSDT,BUY,LIMIT,1701459948559,48,0.4864297
ARKMUSDT,SELL,LIMIT,1701476313967,2605,0.4584441
ARKMUSDT,BUY,LIMIT,1701486006329,4479,0.4670804
ARKMUSDT,BUY,LIMIT,1701488946945,13,0.4818480
ARKMUSDT,BUY,LIMIT,1701493795743,2927,0.4924927
ARKMUSDT,BUY,LIMIT,1701495925958,23,0.4941515
ARKMUSDT,BUY,LIMIT,1701501231161,103,0.4990466
