Symbol,Side,Order Type,Time,Quantity,Price
ARKMUSDT,SELL,LIMIT,1701917762068,83,0.4768742
ARKMUSDT,SELL,LIMIT,1701917793034,58,0.4768504
ARKMUSDT,SELL,LIMIT,1701917828011,979,0.4764998
ARKMUSDT,SELL,LIMIT,1701918335117,48,0.4754794
ARKMUSDT,SELL,LIMIT,1701918384423,360,0.4751323
ARKMUSDT,SELL,LIMIT,1701918405144,200,0.4748696
ARKMUSDT,SELL,LIMIT,1701918518945,827,0.4736326
ARKMUSDT,SELL,LIMIT,1701918540444,1531,0.4730929
ARKMUSDT,SELL,LIMIT,1701931928070,108,0.4880753
ARKMUSDT,SELL,LIMIT,1701937387360,11,0.4819107
ARKMUSDT,SELL,LIMIT,1701940556663,1232,0.4761953
ARKMUSDT,SELL,LIMIT,1701940559821,5008,0.4760119
ARKMUSDT,SELL,LIMIT,1701940564579,5436,0.4758640
ARKMUSDT,SELL,LIMIT,1701940567056,781,0.4750109
ARKMUSDT,SELL,LIMIT,1701941071391,6129,0.4726269
ARKMUSDT,SELL,LIMIT,1701941155445,2520,0.4717663
ARKMUSDT,SELL,LIMIT,1701941174047,95,0.4708307
ARKMUSDT,SELL,LIMIT,1701941177064,400,0.4705667
ARKMUSDT,SELL,LIMIT,1701941178089,1460,0.4683785
ARKMUSDT,SELL,LIMIT,1701941192524,5,0.4681305
ARKMUSDT,SELL,LIMIT,1701941195991,344,0.4676931
ARKMUSDT,SELL,LIMIT,1701941243564,245,0.4681930
ARKMUSDT,SELL,LIMIT,1701941247683,79,0.4676807
ARKMUSDT,SELL,LIMIT,1701941257045,401,0.4670310
ARKMUSDT,SELL,LIMIT,1701941354309,194,0.4693017
ARKMUSDT,BUY,LIMIT,1701954052144,5966,0.5182428
ARKMUSDT,BUY,LIMIT,1701954055821,205,0.5184163
ARKMUSDT,BUY,LIMIT,1701960596348,914,0.5281151
ARKMUSDT,BUY,LIMIT,1701961017696,2475,0.5301490
ARKMUSDT,BUY,LIMIT,1701962377899,1677,0.5441229
ARKMUSDT,BUY,LIMIT,1701962466172,2397,0.5473657
ARKMUSDT,BUY,LIMIT,1701962489655,1246,0.5515196
ARKMUSDT,BUY,LIMIT,1701963315458,320,0.5533511
ARKMUSDT,BUY,LIMIT,1701963333378,443,0.5577179
ARKMUSDT,SELL,LIMIT,1701991572685,659,0.5054945
ARKMUSDT,SELL,LIMIT,1702000752679,609,0.5072579
ARKMUSDT,BUY,LIMIT,1702007154540,56,0.5361523
ARKMUSDT,SELL,LIMIT,1702020395225,38,0.5043657
ARKMUSDT,SELL,LIMIT,1702020575076,3797,0.5007626
ARKMUSDT,SELL,LIMIT,1702020640117,437,0.4995202
ARKMUSDT,SELL,LIMIT,1702020642691,9589,0.4991839
ARKMUSDT,SELL,LIMIT,1702022265086,952,0.4987590
ARKMUSDT,SELL,LIMIT,1702023555770,995,0.4977740
ARKMUSDT,SELL,LIMIT,1702037074754,10,0.5067581
ARKMUSDT,SELL,LIMIT,1702044436761,60,0.5036061
ARKMUSDT,BUY,LIMIT,1702048955119,57,0.5465563
ARKMUSDT,BUY,LIMIT,1702052530227,145,0.5496195
ARKMUSDT,BUY,LIMIT,1702057097282,4053,0.5510040
ARKMUSDT,BUY,LIMIT,1702061270270,74,0.5514365
ARKMUSDT,BUY,LIMIT,1702066538275,113,0.5578388
ARKMUSDT,BUY,LIMIT,1702070084668,370,0.5671019
ARKMUSDT,BUY,LIMIT,1702070973612,275,0.5674552
ARKMUSDT,BUY,LIMIT,1702080420734,277,0.5635824
ARKMUSDT,BUY,LIMIT,1702081614600,9037,0.5718871
ARKMUSDT,BUY,LIMIT,1702081616046,39,0.5723667
ARKMUSDT,BUY,LIMIT,1702082987769,30,0.5703916
ARKMUSDT,SELL,LIMIT,1702087378126,3615,0.5358142
ARKMUSDT,BUY,LIMIT,1702094567296,1290,0.5686434
ARKMUSDT,BUY,LIMIT,1702097912401,90,0.5637540
ARKMUSDT,SELL,LIMIT,1702101357505,90,0.5337081
ARKMUSDT,BUY,LIMIT,1702107952993,102,0.5602023
ARKMUSDT,BUY,LIMIT,1702107985715,60,0.5629202
ARKMUSDT,BUY,LIMIT,1702107991122,25,0.5629990
ARKMUSDT,BUY,LIMIT,1702109244834,115,0.5698740
ARKMUSDT,BUY,LIMIT,1702109780749,20,0.5716221
ARKMUSDT,BUY,LIMIT,1702110001515,144,0.5731619
ARKMUSDT,SELL,LIMIT,1702111027370,18,0.5344847
ARKMUSDT,SELL,LIMIT,1702111040706,788,0.5318101
ARKMUSDT,SELL,LIMIT,1702111043558,410,0.5312693
ARKMUSDT,SELL,LIMIT,1702111046427,88,0.5305081
ARKMUSDT,SELL,LIMIT,1702111051107,9,0.5243638
ARKMUSDT,SELL,LIMIT,1702111384266,173,0.5261163
ARKMUSDT,BUY,LIMIT,1702112708774,9,0.5637914
ARKMUSDT,SELL,LIMIT,1702114994878,32,0.5337026
ARKMUSDT,SELL,LIMIT,1702120869247,1489,0.5243516
ARKMUSDT,SELL,LIMIT,1702120994785,147,0.5237611
ARKMUSDT,SELL,LIMIT,1702121088208,951,0.5227613
ARKMUSDT,SELL,LIMIT,1702121090250,627,0.5212836
ARKMUSDT,SELL,LIMIT,1702121092161,2625,0.5195230
ARKMUSDT,SELL,LIMIT,1702121093734,364,0.5193895
ARKMUSDT,SELL,LIMIT,1702121095554,541,0.5193009
ARKMUSDT,SELL,LIMIT,1702133007625,597,0.5196674
ARKMUSDT,SELL,LIMIT,1702134526090,238,0.5181057
ARKMUSDT,SELL,LIMIT,1702134885883,146,0.5170701
ARKMUSDT,SELL,LIMIT,1702134887553,333,0.5159733
ARKMUSDT,SELL,LIMIT,1702134899309,2029,0.5156143
ARKMUSDT,SELL,LIMIT,1702134902622,364,0.5154761
ARKMUSDT,SELL,LIMIT,1702139291149,1726,0.5177707
ARKMUSDT,SELL,LIMIT,1702141692235,471,0.5148921
ARKMUSDT,SELL,LIMIT,1702141703377,739,0.5138060
ARKMUSDT,SELL,LIMIT,1702141705533,645,0.5137119
ARKMUSDT,SELL,LIMIT,1702141706780,1122,0.5132204
ARKMUSDT,SELL,LIMIT,1702141860102,628,0.5120821
ARKMUSDT,SELL,LIMIT,1702141861448,33,0.5121454
ARKMUSDT,SELL,LIMIT,1702143029910,375,0.5168521
ARKMUSDT,SELL,LIMIT,1702164504201,2432,0.5124548
ARKMUSDT,SELL,LIMIT,1702164541544,381,0.5117561
ARKMUSDT,SELL,LIMIT,1702164543299,9216,0.5110701
ARKMUSDT,SELL,LIMIT,1702164545166,69,0.5107887
ARKMUSDT,SELL,LIMIT,1702164691508,262,0.5099727
ARKMUSDT,SELL,LIMIT,1702164693483,20,0.5089951
ARKMUSDT,SELL,LIMIT,1702164706103,56,0.5083433
ARKMUSDT,SELL,LIMIT,1702164748094,179,0.5087681
ARKMUSDT,SELL,LIMIT,1702164759230,3105,0.5077177
ARKMUSDT,SELL,LIMIT,1702164765905,7094,0.5069298
ARKMUSDT,SELL,LIMIT,1702164799785,38,0.5064641
ARKMUSDT,SELL,LIMIT,1702164801730,242,0.5060812
ARKMUSDT,SELL,LIMIT,1702164802953,451,0.5057602
ARKMUSDT,SELL,LIMIT,1702164805397,2999,0.5046206
ARKMUSDT,SELL,LIMIT,1702164806674,6935,0.5048675
ARKMUSDT,SELL,LIMIT,1702164809016,2355,0.5041154
ARKMUSDT,SELL,LIMIT,1702196515117,10,0.5075927
ARKMUSDT,SELL,LIMIT,1702196550610,34,0.5073092
ARKMUSDT,SELL,LIMIT,1702196575684,375,0.5061439
ARKMUSDT,SELL,LIMIT,1702197086269,4895,0.5050240
ARKMUSDT,SELL,LIMIT,1702197839444,111,0.5037268
ARKMUSDT,SELL,LIMIT,1702198175267,342,0.5029961
ARKMUSDT,SELL,LIMIT,1702198194822,290,0.5024576
ARKMUSDT,SELL,LIMIT,1702198264405,313,0.5021096
ARKMUSDT,SELL,LIMIT,1702198265701,2520,0.5009510
ARKMUSDT,SELL,LIMIT,1702200283125,217,0.5012749
ARKMUSDT,SELL,LIMIT,1702200726691,2652,0.4989600
ARKMUSDT,SELL,LIMIT,1702200765438,2832,0.4975040
ARKMUSDT,SELL,LIMIT,1702200774305,59,0.4957259
ARKMUSDT,SELL,LIMIT,1702200786506,2369,0.4965516
ARKMUSDT,SELL,LIMIT,1702200796999,195,0.4960023
ARKMUSDT,SELL,LIMIT,1702200893090,10,0.4965661
ARKMUSDT,SELL,LIMIT,1702200921671,7940,0.4955861
ARKMUSDT,SELL,LIMIT,1702200926344,82,0.4952921
ARKMUSDT,SELL,LIMIT,1702200928443,1020,0.4950018
ARKMUSDT,SELL,LIMIT,1702200934652,286,0.4940464
ARKMUSDT,SELL,LIMIT,1702200937746,3849,0.4938139
ARKMUSDT,SELL,LIMIT,1702200938903,1995,0.4935102
ARKMUSDT,SELL,LIMIT,1702201356118,660,0.4914383
ARKMUSDT,SELL,LIMIT,1702201357126,1883,0.4916311
ARKMUSDT,SELL,LIMIT,1702201415230,735,0.4902550
ARKMUSDT,SELL,LIMIT,1702202157133,91,0.4918230
ARKMUSDT,SELL,LIMIT,1702202317091,10,0.4903109
ARKMUSDT,SELL,LIMIT,1702202322513,254,0.4899103
ARKMUSDT,SELL,LIMIT,1702202325259,2438,0.4897262
ARKMUSDT,SELL,LIMIT,1702202327740,436,0.4892400
ARKMUSDT,SELL,LIMIT,1702202363075,154,0.4893161
ARKMUSDT,SELL,LIMIT,1702202369175,59,0.4889464
ARKMUSDT,SELL,LIMIT,1702202402070,440,0.4881697
ARKMUSDT,SELL,LIMIT,1702202408779,48,0.4880450
ARKMUSDT,SELL,LIMIT,1702225323220,3286,0.5048615
ARKMUSDT,SELL,LIMIT,1702250546489,506,0.5050385
ARKMUSDT,SELL,LIMIT,1702256572543,1616,0.4969581
ARKMUSDT,SELL,LIMIT,1702256608827,477,0.4993198
ARKMUSDT,SELL,LIMIT,1702256615343,214,0.4957821
ARKMUSDT,SELL,LIMIT,1702256756302,4492,0.4939850
ARKMUSDT,SELL,LIMIT,1702256911442,1800,0.4925304
ARKMUSDT,SELL,LIMIT,1702256914118,289,0.4921739
ARKMUSDT,SELL,LIMIT,1702256917972,108,0.4917087
ARKMUSDT,SELL,LIMIT,1702260431575,539,0.5719792
ARKMUSDT,SELL,LIMIT,1702260434749,1017,0.4940511
ARKMUSDT,SELL,LIMIT,1702260687830,250,0.4904722
ARKMUSDT,SELL,LIMIT,1702260689461,42,0.4901576
ARKMUSDT,SELL,LIMIT,1702260690586,2934,0.4899375
ARKMUSDT,SELL,LIMIT,1702260696460,77,0.4889309
ARKMUSDT,SELL,LIMIT,1702260700088,656,0.4884845
ARKMUSDT,SELL,LIMIT,1702260701344,438,0.4887217
ARKMUSDT,SELL,LIMIT,1702260702536,10,0.4880201
ARKMUSDT,SELL,LIMIT,1702260704729,9970,0.4866648
ARKMUSDT,SELL,LIMIT,1702260707342,4895,0.4852751
ARKMUSDT,SELL,LIMIT,1702260709225,179,0.4841152
ARKMUSDT,SELL,LIMIT,1702260710275,4901,0.4846021
ARKMUSDT,SELL,LIMIT,1702260711571,74,0.4846591
ARKMUSDT,SELL,LIMIT,1702260712756,309,0.4843309
ARKMUSDT,SELL,LIMIT,1702260714595,666,0.4829204
ARKMUSDT,SELL,LIMIT,1702260715669,9247,0.4829204
ARKMUSDT,SELL,LIMIT,1702260718132,2682,0.4826614
ARKMUSDT,SELL,LIMIT,1702260719553,1707,0.4824520
ARKMUSDT,SELL,LIMIT,1702260720993,398,0.4821495
ARKMUSDT,SELL,LIMIT,1702260722275,429,0.4816877
ARKMUSDT,SELL,LIMIT,1702260724417,57,0.4805944
ARKMUSDT,SELL,LIMIT,1702260726192,1283,0.4804989
ARKMUSDT,SELL,LIMIT,1702260728492,6906,0.4795850
ARKMUSDT,SELL,LIMIT,1702260730549,5775,0.4790107
ARKMUSDT,SELL,LIMIT,1702260732086,461,0.4793350
ARKMUSDT,SELL,LIMIT,1702260733516,21,0.4783042
ARKMUSDT,SELL,LIMIT,1702260734582,22,0.4777702
ARKMUSDT,SELL,LIMIT,1702260736450,3771,0.4776288
ARKMUSDT,SELL,LIMIT,1702260737741,27869,0.4752897
ARKMUSDT,SELL,LIMIT,1702260738889,1062,0.4758056
ARKMUSDT,SELL,LIMIT,1702260741182,9658,0.4756545
ARKMUSDT,SELL,LIMIT,1702260742188,77,0.4743751
ARKMUSDT,SELL,LIMIT,1702260745213,1535,0.4736028
ARKMUSDT,SELL,LIMIT,1702260746323,3919,0.4731935
ARKMUSDT,SELL,LIMIT,1702260748727,43,0.4726736
ARKMUSDT,SELL,LIMIT,1702260749816,4049,0.4716700
ARKMUSDT,SELL,LIMIT,1702260750840,95,0.4722129
ARKMUSDT,SELL,LIMIT,1702260751900,11,0.4712273
ARKMUSDT,SELL,LIMIT,1702260753093,16074,0.4685083
ARKMUSDT,SELL,LIMIT,1702260754226,81,0.4672164
ARKMUSDT,SELL,LIMIT,1702260755402,1249,0.4645932
ARKMUSDT,SELL,LIMIT,1702260756413,887,0.4645042
ARKMUSDT,SELL,LIMIT,1702260758670,429,0.4640009
ARKMUSDT,SELL,LIMIT,1702260759672,46231,0.4584416
ARKMUSDT,SELL,LIMIT,1702260760677,15,0.4614071
ARKMUSDT,SELL,LIMIT,1702260761793,4984,0.4581342
ARKMUSDT,SELL,LIMIT,1702260762796,1192,0.4592004
ARKMUSDT,SELL,LIMIT,1702260764153,939,0.4582007
ARKMUSDT,SELL,LIMIT,1702260765183,285,0.4544336
ARKMUSDT,SELL,LIMIT,1702260766462,3351,0.4544336
ARKMUSDT,SELL,LIMIT,1702260767554,1566,0.4541745
ARKMUSDT,SELL,LIMIT,1702260768648,466,0.4533998
ARKMUSDT,SELL,LIMIT,1702260769773,1014,0.4506186
ARKMUSDT,SELL,LIMIT,1702260770852,192,0.4501790
ARKMUSDT,SELL,LIMIT,1702260771937,127,0.4484094
ARKMUSDT,SELL,LIMIT,1702260773030,294,0.4484249
ARKMUSDT,SELL,LIMIT,1702260774317,894,0.4481327
ARKMUSDT,SELL,LIMIT,1702260775581,15,0.4475428
ARKMUSDT,SELL,LIMIT,1702260776614,10009,0.4420074
ARKMUSDT,SELL,LIMIT,1702260777617,2946,0.4419387
ARKMUSDT,SELL,LIMIT,1702260779091,900,0.4413210
ARKMUSDT,SELL,LIMIT,1702260780494,1007,0.4409162
ARKMUSDT,SELL,LIMIT,1702260781649,7283,0.4412360
ARKMUSDT,SELL,LIMIT,1702260782834,40,0.4403421
ARKMUSDT,SELL,LIMIT,1702260784763,36,0.4410651
ARKMUSDT,SELL,LIMIT,1702260787035,71,0.4402923
ARKMUSDT,SELL,LIMIT,1702260788880,603,0.4406571
ARKMUSDT,SELL,LIMIT,1702260790033,2563,0.4371481
ARKMUSDT,SELL,LIMIT,1702260791287,55,0.4365772
ARKMUSDT,SELL,LIMIT,1702260792354,1484,0.4350540
ARKMUSDT,SELL,LIMIT,1702260793807,64,0.4345290
ARKMUSDT,SELL,LIMIT,1702260795020,156,0.4344835
ARKMUSDT,SELL,LIMIT,1702260796047,26,0.4330706
ARKMUSDT,SELL,LIMIT,1702260797311,7047,0.4319552
ARKMUSDT,SELL,LIMIT,1702260798356,703,0.4289656
ARKMUSDT,SELL,LIMIT,1702260800173,1882,0.4287179
ARKMUSDT,SELL,LIMIT,1702260801276,41,0.4267371
ARKMUSDT,SELL,LIMIT,1702260802481,1209,0.4267370
ARKMUSDT,SELL,LIMIT,1702260803660,99,0.4243871
ARKMUSDT,SELL,LIMIT,1702260805363,984,0.4234992
ARKMUSDT,SELL,LIMIT,1702260806552,1300,0.4253094
ARKMUSDT,SELL,LIMIT,1702260807739,675,0.4229949
ARKMUSDT,SELL,LIMIT,1702260809177,1187,0.4215705
ARKMUSDT,SELL,LIMIT,1702260810184,200,0.4221742
ARKMUSDT,SELL,LIMIT,1702260811218,805,0.4333315
ARKMUSDT,SELL,LIMIT,1702260812222,152,0.4165903
ARKMUSDT,SELL,LIMIT,1702260813258,1416,0.4199727
ARKMUSDT,SELL,LIMIT,1702260814542,1914,0.4164915
ARKMUSDT,SELL,LIMIT,1702260816193,960,0.4159111
ARKMUSDT,SELL,LIMIT,1702260817517,383,0.4185930
ARKMUSDT,SELL,LIMIT,1702260818603,62,0.4152250
ARKMUSDT,SELL,LIMIT,1702260821074,1071,0.4160037
ARKMUSDT,BUY,LIMIT,1702260863437,3523,0.4580059
ARKMUSDT,BUY,LIMIT,1702261112456,19,0.4804788
ARKMUSDT,SELL,LIMIT,1702262617372,17,0.4559868
