Symbol,Side,Order Type,Time,Quantity,Price
ARKUSDT,SELL,LIMIT,1701923586580,18,1.0146021
ARKUSDT,SELL,LIMIT,1701937345189,8,1.0103591
ARKUSDT,SELL,LIMIT,1701940547471,10,1.0002641
ARKUSDT,SELL,LIMIT,1701940555423,139,1.0001671
ARKUSDT,SELL,LIMIT,1701940568757,841,0.9973605
ARKUSDT,SELL,LIMIT,1701940697270,2000,0.9952955
ARKUSDT,SELL,LIMIT,1701940703052,198,0.9948624
ARKUSDT,SELL,LIMIT,1701940704413,163,0.9949627
ARKUSDT,SELL,LIMIT,1701941160661,8,0.9927642
ARKUSDT,SELL,LIMIT,1701941175097,1916,0.9915913
ARKUSDT,SELL,LIMIT,1701941182092,37,0.9905601
ARKUSDT,SELL,LIMIT,1701941183212,75,0.9895541
ARKUSDT,SELL,LIMIT,1701941185575,400,1.0080099
ARKUSDT,SELL,LIMIT,1701941187077,365,0.9886861
ARKUSDT,SELL,LIMIT,1701941193350,543,0.9876656
ARKUSDT,SELL,LIMIT,1701941237717,164,0.9865944
ARKUSDT,SELL,LIMIT,1701941239131,22,0.9864432
ARKUSDT,SELL,LIMIT,1701941248616,198,0.9863524
ARKUSDT,SELL,LIMIT,1701941269690,396,0.9850060
ARKUSDT,SELL,LIMIT,1701941271038,27,0.9847842
ARKUSDT,SELL,LIMIT,1701941272535,2,0.9844824
ARKUSDT,SELL,LIMIT,1701941278390,15,0.9839286
ARKUSDT,BUY,LIMIT,1701953976591,1,1.0697490
ARKUSDT,BUY,LIMIT,1701966884531,942,1.0808623
ARKUSDT,BUY,LIMIT,1701970399954,195,1.0875514
ARKUSDT,BUY,LIMIT,1701970534519,342,1.0892574
ARKUSDT,SELL,LIMIT,1701971014023,5,1.0196359
ARKUSDT,SELL,LIMIT,1702035672997,13,1.0304115
ARKUSDT,SELL,LIMIT,1702037074754,10,1.0293641
ARKUSDT,BUY,LIMIT,1702037881282,44,1.0959669
ARKUSDT,SELL,LIMIT,1702052174121,689,1.0335076
ARKUSDT,BUY,LIMIT,1702052531582,88,1.0995472
ARKUSDT,BUY,LIMIT,1702052555317,48,1.0997803
ARKUSDT,BUY,LIMIT,1702078943204,279,1.1027835
ARKUSDT,SELL,LIMIT,1702102074178,580,1.0488611
ARKUSDT,BUY,LIMIT,1702104564286,13,1.1214292
ARKUSDT,SELL,LIMIT,1702108366514,207,1.0779307
ARKUSDT,SELL,LIMIT,1702110910900,689,1.0506048
ARKUSDT,SELL,LIMIT,1702111046427,45,1.0389644
ARKUSDT,SELL,LIMIT,1702111049057,221,1.0378748
ARKUSDT,SELL,LIMIT,1702111070614,25,1.0366044
ARKUSDT,SELL,LIMIT,1702111378289,170,1.0354470
ARKUSDT,SELL,LIMIT,1702132993171,1262,1.0270989
ARKUSDT,SELL,LIMIT,1702133008400,1205,1.0244580
ARKUSDT,SELL,LIMIT,1702133010258,5389,1.0226168
ARKUSDT,SELL,LIMIT,1702133011303,130,1.0216641
ARKUSDT,SELL,LIMIT,1702141846015,921,1.0219615
ARKUSDT,SELL,LIMIT,1702141848506,500,1.0237338
ARKUSDT,SELL,LIMIT,1702142075678,1007,1.0193107
ARKUSDT,SELL,LIMIT,1702144790133,64,1.0218951
ARKUSDT,SELL,LIMIT,1702153695334,2080,1.0223080
ARKUSDT,SELL,LIMIT,1702153899248,77,1.0176483
ARKUSDT,SELL,LIMIT,1702164513496,189,1.0198500
ARKUSDT,SELL,LIMIT,1702164684578,5478,1.0167190
ARKUSDT,SELL,LIMIT,1702164686552,112,1.0163430
ARKUSDT,SELL,LIMIT,1702164688931,13,1.0153221
ARKUSDT,SELL,LIMIT,1702164749301,453,1.0132279
ARKUSDT,SELL,LIMIT,1702164750504,755,1.0128263
ARKUSDT,SELL,LIMIT,1702164805803,1904,1.0110309
ARKUSDT,SELL,LIMIT,1702164807920,1202,1.0101354
ARKUSDT,SELL,LIMIT,1702164811013,1068,1.0098668
ARKUSDT,SELL,LIMIT,1702164870039,427,1.0097055
ARKUSDT,SELL,LIMIT,1702164938242,111,1.0069723
ARKUSDT,SELL,LIMIT,1702164939290,82,1.0079673
ARKUSDT,BUY,LIMIT,1702180853154,118,1.0841227
ARKUSDT,SELL,LIMIT,1702181300485,19,1.0227588
ARKUSDT,SELL,LIMIT,1702192874140,139,1.0166613
ARKUSDT,SELL,LIMIT,1702196679460,21,1.0255274
ARKUSDT,SELL,LIMIT,1702200240167,22,1.0105230
ARKUSDT,SELL,LIMIT,1702200736591,309,1.0066668
ARKUSDT,SELL,LIMIT,1702200738207,18,1.0065141
ARKUSDT,SELL,LIMIT,1702200764462,185,1.0057312
ARKUSDT,SELL,LIMIT,1702200790850,920,1.0054836
ARKUSDT,SELL,LIMIT,1702200839706,187,1.0038514
ARKUSDT,SELL,LIMIT,1702200842391,5,1.0028834
ARKUSDT,SELL,LIMIT,1702200846483,1922,1.0023940
ARKUSDT,SELL,LIMIT,1702200870085,189,1.0016070
ARKUSDT,SELL,LIMIT,1702200894181,1898,1.0013041
ARKUSDT,SELL,LIMIT,1702200897415,24,1.0004490
ARKUSDT,SELL,LIMIT,1702200919921,7,1.0001815
ARKUSDT,SELL,LIMIT,1702200938249,39,0.9997754
ARKUSDT,SELL,LIMIT,1702200939379,114,0.9988393
ARKUSDT,SELL,LIMIT,1702201409576,600,0.9989073
ARKUSDT,SELL,LIMIT,1702202253402,46,0.9989052
ARKUSDT,SELL,LIMIT,1702202288907,290,0.9987021
ARKUSDT,SELL,LIMIT,1702202290617,9,0.9979013
ARKUSDT,SELL,LIMIT,1702202323130,40,0.9974511
ARKUSDT,SELL,LIMIT,1702202347730,1434,0.9972174
ARKUSDT,SELL,LIMIT,1702202352257,119,0.9965691
ARKUSDT,SELL,LIMIT,1702202370221,208,0.9952061
ARKUSDT,SELL,LIMIT,1702202381084,1758,0.9949089
ARKUSDT,SELL,LIMIT,1702202389526,13,0.9944917
ARKUSDT,SELL,LIMIT,1702219698421,196,1.0124861
ARKUSDT,BUY,LIMIT,1702237091778,65,1.1001904
ARKUSDT,BUY,LIMIT,1702237513950,76,1.1052884
ARKUSDT,BUY,LIMIT,1702237522205,1211,1.1056035
ARKUSDT,SELL,LIMIT,1702256620301,93,1.0176785
ARKUSDT,SELL,LIMIT,1702256623101,45,1.0170533
ARKUSDT,SELL,LIMIT,1702256921342,10,1.0123891
ARKUSDT,SELL,LIMIT,1702256980042,327,1.0109415
ARKUSDT,SELL,LIMIT,1702257005323,3675,1.0107212
ARKUSDT,SELL,LIMIT,1702257007102,100,1.0101578
ARKUSDT,SELL,LIMIT,1702260430629,180,1.0094791
ARKUSDT,SELL,LIMIT,1702260437361,16,1.0090538
ARKUSDT,SELL,LIMIT,1702260442718,1071,1.0077831
ARKUSDT,SELL,LIMIT,1702260614076,191,1.0056338
ARKUSDT,SELL,LIMIT,1702260626203,99,1.0026891
ARKUSDT,SELL,LIMIT,1702260627620,29,1.0026838
ARKUSDT,SELL,LIMIT,1702260631199,98,1.0022332
ARKUSDT,SELL,LIMIT,1702260632201,464,1.0018982
ARKUSDT,SELL,LIMIT,1702260635027,266,1.0014590
ARKUSDT,SELL,LIMIT,1702260667002,5,1.0004523
ARKUSDT,SELL,LIMIT,1702260668209,56,1.0016895
ARKUSDT,SELL,LIMIT,1702260688697,201,1.0001893
ARKUSDT,SELL,LIMIT,1702260695737,189,0.9994196
ARKUSDT,SELL,LIMIT,1702260699262,528,1.0001671
ARKUSDT,SELL,LIMIT,1702260710288,12,0.9991001
ARKUSDT,SELL,LIMIT,1702260711571,35,0.9991001
ARKUSDT,SELL,LIMIT,1702260713742,1671,0.9992737
ARKUSDT,SELL,LIMIT,1702260714987,374,0.9994230
ARKUSDT,SELL,LIMIT,1702260718736,607,0.9981540
ARKUSDT,SELL,LIMIT,1702260724579,701,0.9965117
ARKUSDT,SELL,LIMIT,1702260725794,685,0.9965950
ARKUSDT,SELL,LIMIT,1702260727924,964,0.9962019
ARKUSDT,SELL,LIMIT,1702260730582,287,0.9959388
ARKUSDT,SELL,LIMIT,1702260731928,68,0.9954671
ARKUSDT,SELL,LIMIT,1702260735446,959,0.9960475
ARKUSDT,SELL,LIMIT,1702260736469,90,0.9952090
ARKUSDT,SELL,LIMIT,1702260737552,14,0.9925890
ARKUSDT,SELL,LIMIT,1702260738980,380,0.9915515
ARKUSDT,SELL,LIMIT,1702260741487,6936,0.9868072
ARKUSDT,SELL,LIMIT,1702260742562,30,0.9869374
ARKUSDT,SELL,LIMIT,1702260744254,204,0.9865578
ARKUSDT,SELL,LIMIT,1702260745544,191,0.9864303
ARKUSDT,SELL,LIMIT,1702260747543,559,0.9866996
ARKUSDT,SELL,LIMIT,1702260748583,169,0.9853857
ARKUSDT,SELL,LIMIT,1702260749738,14,0.9873715
ARKUSDT,SELL,LIMIT,1702260751849,98,0.9869660
ARKUSDT,SELL,LIMIT,1702260753374,1249,0.9845386
ARKUSDT,SELL,LIMIT,1702260755234,5,0.9838207
ARKUSDT,SELL,LIMIT,1702260757722,18,0.9874475
ARKUSDT,SELL,LIMIT,1702260759323,1155,0.9834320
ARKUSDT,SELL,LIMIT,1702260760573,8,0.9837921
ARKUSDT,SELL,LIMIT,1702260762090,38,0.9821517
ARKUSDT,SELL,LIMIT,1702260763195,353,0.9922676
ARKUSDT,SELL,LIMIT,1702260764220,154,0.9799330
ARKUSDT,SELL,LIMIT,1702260765344,350,0.9797837
ARKUSDT,SELL,LIMIT,1702260766495,2884,0.9797836
ARKUSDT,SELL,LIMIT,1702260767550,5000,0.9875543
ARKUSDT,SELL,LIMIT,1702260768681,2948,0.9792411
ARKUSDT,SELL,LIMIT,1702260769660,16,0.9791044
ARKUSDT,SELL,LIMIT,1702260770756,407,0.9761049
ARKUSDT,SELL,LIMIT,1702260771801,1043,0.9788806
ARKUSDT,SELL,LIMIT,1702260773146,74944,0.9613661
ARKUSDT,SELL,LIMIT,1702260774352,40,0.9638826
ARKUSDT,SELL,LIMIT,1702260775410,85,0.9903041
ARKUSDT,SELL,LIMIT,1702260776414,2951,0.9663747
ARKUSDT,SELL,LIMIT,1702260778324,933,0.9613231
ARKUSDT,SELL,LIMIT,1702260779391,98,0.9629739
ARKUSDT,SELL,LIMIT,1702260780409,201,0.9958630
ARKUSDT,SELL,LIMIT,1702260781419,1058,0.9553913
ARKUSDT,SELL,LIMIT,1702260782810,305,1.0536786
ARKUSDT,SELL,LIMIT,1702260783819,494,0.9435989
ARKUSDT,SELL,LIMIT,1702260784829,1120,0.9496319
ARKUSDT,SELL,LIMIT,1702260786292,28,0.9505862
ARKUSDT,SELL,LIMIT,1702260787302,1725,0.9529498
ARKUSDT,SELL,LIMIT,1702260788377,6958,0.9545641
ARKUSDT,SELL,LIMIT,1702260789558,1360,0.9440848
ARKUSDT,SELL,LIMIT,1702260790638,493,0.9430019
ARKUSDT,SELL,LIMIT,1702260791648,9000,0.9437071
ARKUSDT,SELL,LIMIT,1702260792854,161,0.9433576
ARKUSDT,SELL,LIMIT,1702260793875,1016,0.9528940
ARKUSDT,SELL,LIMIT,1702260795538,1902,0.9420944
ARKUSDT,SELL,LIMIT,1702260796546,1097,0.9377990
ARKUSDT,SELL,LIMIT,1702260797561,5542,0.9367787
ARKUSDT,SELL,LIMIT,1702260798571,69,0.9262472
ARKUSDT,SELL,LIMIT,1702260799652,305,0.9252367
ARKUSDT,SELL,LIMIT,1702260800694,4,0.9229657
ARKUSDT,SELL,LIMIT,1702260801706,151,0.9024321
ARKUSDT,SELL,LIMIT,1702260802716,24,0.9080962
ARKUSDT,SELL,LIMIT,1702260804174,633,0.9047328
ARKUSDT,SELL,LIMIT,1702260805497,41,0.9121565
ARKUSDT,SELL,LIMIT,1702260806503,2200,0.9223150
ARKUSDT,SELL,LIMIT,1702260807580,1366,0.9093140
ARKUSDT,SELL,LIMIT,1702260808620,270,0.8988875
ARKUSDT,SELL,LIMIT,1702260809685,2180,0.8988875
ARKUSDT,SELL,LIMIT,1702260810723,7,0.8985295
ARKUSDT,SELL,LIMIT,1702260811900,397,0.8963353
ARKUSDT,SELL,LIMIT,1702260812923,28,0.8950803
ARKUSDT,SELL,LIMIT,1702260814160,22,0.8836588
ARKUSDT,SELL,LIMIT,1702260815224,132,0.8913124
ARKUSDT,SELL,LIMIT,1702260816388,4298,0.8826328
ARKUSDT,SELL,LIMIT,1702260817468,5,0.8836707
ARKUSDT,SELL,LIMIT,1702260818472,715,0.8765125
ARKUSDT,SELL,LIMIT,1702260819961,8165,0.8766986
ARKUSDT,SELL,LIMIT,1702260822815,215,0.8767343
ARKUSDT,SELL,LIMIT,1702260828878,4223,0.8913426
ARKUSDT,SELL,LIMIT,1702260832442,39,0.8832246
ARKUSDT,BUY,LIMIT,1702260845161,1542,0.9402686
ARKUSDT,BUY,LIMIT,1702260861356,14,0.9639770
ARKUSDT,SELL,LIMIT,1702262627309,125,0.9269530
ARKUSDT,BUY,LIMIT,1702264992598,112,1.0055568
