Symbol,Side,Order Type,Time,Quantity,Price
ARKUSDT,BUY,LIMIT,1701067258476,4,1.2629557
ARKUSDT,SELL,LIMIT,1701067351316,1635,1.2323726
ARKUSDT,SELL,LIMIT,1701067550582,30,1.2308331
ARKUSDT,SELL,LIMIT,1701067552201,172,1.2309301
ARKUSDT,SELL,LIMIT,1701067553894,126,1.2337613
ARKUSDT,SELL,LIMIT,1701067566035,237,1.2330504
ARKUSDT,SELL,LIMIT,1701067644596,1730,1.2285376
ARKUSDT,BUY,LIMIT,1701067750192,64,1.2992429
ARKUSDT,SELL,LIMIT,1701067753329,11,1.2288988
ARKUSDT,SELL,LIMIT,1701067814369,9,1.2281171
ARKUSDT,SELL,LIMIT,1701067843651,1374,1.2254088
ARKUSDT,SELL,LIMIT,1701067870275,200,1.2234709
ARKUSDT,SELL,LIMIT,1701068053478,11,1.2240431
ARKUSDT,SELL,LIMIT,1701068372037,97,1.2167137
ARKUSDT,SELL,LIMIT,1701068399831,174,1.2146341
ARKUSDT,SELL,LIMIT,1701068996147,248,1.2182678
ARKUSDT,BUY,LIMIT,1701068998143,4,1.2925470
ARKUSDT,SELL,LIMIT,1701069114241,242,1.2130337
ARKUSDT,SELL,LIMIT,1701069174119,27,1.2122678
ARKUSDT,SELL,LIMIT,1701069184381,1461,1.2113550
ARKUSDT,SELL,LIMIT,1701069205033,82,1.2251391
ARKUSDT,SELL,LIMIT,1701069284371,1674,1.2102459
ARKUSDT,SELL,LIMIT,1701069309847,243,1.2095223
ARKUSDT,SELL,LIMIT,1701069326353,134,1.2093772
ARKUSDT,SELL,LIMIT,1701069328054,306,1.2083134
ARKUSDT,SELL,LIMIT,1701069339844,157,1.2079131
ARKUSDT,SELL,LIMIT,1701069341288,13,1.2077301
ARKUSDT,SELL,LIMIT,1701069346799,19,1.2073811
ARKUSDT,SELL,LIMIT,1701069366599,118,1.2069326
ARKUSDT,SELL,LIMIT,1701069371182,1431,1.2064861
ARKUSDT,SELL,LIMIT,1701069394335,936,1.2058821
ARKUSDT,SELL,LIMIT,1701069396243,78,1.2058038
ARKUSDT,SELL,LIMIT,1701069431966,154,1.2051104
ARKUSDT,SELL,LIMIT,1701069433138,945,1.2048587
ARKUSDT,SELL,LIMIT,1701069482654,188,1.2048560
ARKUSDT,SELL,LIMIT,1701069519802,7,1.2046962
ARKUSDT,SELL,LIMIT,1701069526876,140,1.2044113
ARKUSDT,SELL,LIMIT,1701069547166,69,1.2010039
ARKUSDT,SELL,LIMIT,1701069548185,1594,1.2022464
ARKUSDT,SELL,LIMIT,1701069549251,14,1.2002004
ARKUSDT,SELL,LIMIT,1701069550264,4258,1.1979208
ARKUSDT,SELL,LIMIT,1701069552387,18,1.1978417
ARKUSDT,SELL,LIMIT,1701069555572,99,1.1976155
ARKUSDT,SELL,LIMIT,1701069558062,6414,1.1974970
ARKUSDT,SELL,LIMIT,1701069560327,1246,1.1972521
ARKUSDT,SELL,LIMIT,1701069561422,215,1.1969873
ARKUSDT,SELL,LIMIT,1701069562647,38,1.1959255
ARKUSDT,SELL,LIMIT,1701069573722,378,1.1945681
ARKUSDT,SELL,LIMIT,1701069578078,15,1.1946250
ARKUSDT,SELL,LIMIT,1701069586665,15,1.1943841
ARKUSDT,SELL,LIMIT,1701069591336,225,1.1939482
ARKUSDT,SELL,LIMIT,1701069593180,182,1.1938281
ARKUSDT,SELL,LIMIT,1701069595058,1046,1.1932379
ARKUSDT,SELL,LIMIT,1701069621835,105,1.1927982
ARKUSDT,SELL,LIMIT,1701069638443,3130,1.1938761
ARKUSDT,SELL,LIMIT,1701069796090,17,1.1946521
ARKUSDT,SELL,LIMIT,1701069804454,4456,1.1945585
ARKUSDT,SELL,LIMIT,1701069806634,54,1.1946521
ARKUSDT,SELL,LIMIT,1701069817038,96,1.1923874
ARKUSDT,SELL,LIMIT,1701069818613,60,1.1921643
ARKUSDT,SELL,LIMIT,1701069819980,1852,1.1919132
ARKUSDT,SELL,LIMIT,1701069821181,23,1.1916682
ARKUSDT,SELL,LIMIT,1701069822356,19,1.1912001
ARKUSDT,SELL,LIMIT,1701069823386,8,1.1888044
ARKUSDT,SELL,LIMIT,1701069824954,492,1.1876681
ARKUSDT,SELL,LIMIT,1701069826028,95,1.1875500
ARKUSDT,SELL,LIMIT,1701069836297,7,1.1864832
ARKUSDT,SELL,LIMIT,1701069837556,92,1.1864135
ARKUSDT,SELL,LIMIT,1701069850334,3,1.1860487
ARKUSDT,SELL,LIMIT,1701069855202,15,1.1872801
ARKUSDT,SELL,LIMIT,1701069878433,300,1.1852525
ARKUSDT,SELL,LIMIT,1701069880055,184,1.1848590
ARKUSDT,SELL,LIMIT,1701069881706,150,1.1844246
ARKUSDT,SELL,LIMIT,1701069884771,32,1.1840791
ARKUSDT,SELL,LIMIT,1701069885941,3000,1.1835639
ARKUSDT,SELL,LIMIT,1701069893235,417,1.1833007
ARKUSDT,SELL,LIMIT,1701069895173,5341,1.1823061
ARKUSDT,SELL,LIMIT,1701069896212,2253,1.1811189
ARKUSDT,SELL,LIMIT,1701069899202,3559,1.1791286
ARKUSDT,SELL,LIMIT,1701069900203,73,1.1801427
ARKUSDT,SELL,LIMIT,1701070061118,251,1.1887621
ARKUSDT,SELL,LIMIT,1701070165193,69,1.1840778
ARKUSDT,SELL,LIMIT,1701070168773,68,1.1820421
ARKUSDT,SELL,LIMIT,1701070440108,183,1.1831522
ARKUSDT,SELL,LIMIT,1701071235474,5,1.1911774
ARKUSDT,SELL,LIMIT,1701073904510,1000,1.1747619
ARKUSDT,SELL,LIMIT,1701073906266,10,1.1738769
ARKUSDT,SELL,LIMIT,1701073907296,205,1.1741274
ARKUSDT,SELL,LIMIT,1701073908764,638,1.1724491
ARKUSDT,SELL,LIMIT,1701073910342,36,1.1723969
ARKUSDT,SELL,LIMIT,1701073912311,20,1.1718408
ARKUSDT,SELL,LIMIT,1701073918889,92,1.1714750
ARKUSDT,SELL,LIMIT,1701073921750,160,1.1710695
ARKUSDT,SELL,LIMIT,1701073969138,60,1.1731996
ARKUSDT,SELL,LIMIT,1701074032069,7,1.1699237
ARKUSDT,SELL,LIMIT,1701074033187,369,1.1698094
ARKUSDT,SELL,LIMIT,1701074034764,143,1.1656993
ARKUSDT,SELL,LIMIT,1701074035815,148,1.1648617
ARKUSDT,SELL,LIMIT,1701074043416,325,1.1644038
ARKUSDT,SELL,LIMIT,1701074050069,29,1.1643094
ARKUSDT,SELL,LIMIT,1701074082628,58,1.1654118
ARKUSDT,SELL,LIMIT,1701074171140,136,1.1637478
ARKUSDT,SELL,LIMIT,1701074173603,13,1.1634381
ARKUSDT,SELL,LIMIT,1701074176364,659,1.1619631
ARKUSDT,SELL,LIMIT,1701074178763,3603,1.1623520
ARKUSDT,SELL,LIMIT,1701074183890,597,1.1611465
ARKUSDT,SELL,LIMIT,1701074184899,146,1.1603024
ARKUSDT,SELL,LIMIT,1701074349752,2391,1.1638926
ARKUSDT,SELL,LIMIT,1701074376836,47,1.1710859
ARKUSDT,SELL,LIMIT,1701074463160,16,1.1598649
ARKUSDT,SELL,LIMIT,1701074529310,18,1.1641570
ARKUSDT,SELL,LIMIT,1701074626773,152,1.1629327
ARKUSDT,SELL,LIMIT,1701074712005,38,1.1646128
ARKUSDT,SELL,LIMIT,1701074771685,50,1.1593472
ARKUSDT,SELL,LIMIT,1701074773160,37,1.1585586
ARKUSDT,SELL,LIMIT,1701074774198,65,1.1588881
ARKUSDT,SELL,LIMIT,1701074775420,87,1.1579838
ARKUSDT,SELL,LIMIT,1701074776467,360,1.1573761
ARKUSDT,SELL,LIMIT,1701074780729,92,1.1571237
ARKUSDT,SELL,LIMIT,1701074781769,219,1.1563935
ARKUSDT,SELL,LIMIT,1701074783974,214,1.1555446
ARKUSDT,SELL,LIMIT,1701074785779,25693,1.1392875
ARKUSDT,SELL,LIMIT,1701074796486,565,1.1543457
ARKUSDT,SELL,LIMIT,1701074797510,438,1.1541335
ARKUSDT,SELL,LIMIT,1701074798733,576,1.1524753
ARKUSDT,SELL,LIMIT,1701074823086,55,1.1516668
ARKUSDT,SELL,LIMIT,1701074849212,817,1.1513669
ARKUSDT,SELL,LIMIT,1701074850664,1003,1.1505580
ARKUSDT,SELL,LIMIT,1701074852344,1314,1.1497149
ARKUSDT,SELL,LIMIT,1701074853404,79,1.1492289
ARKUSDT,SELL,LIMIT,1701074862865,8,1.1502261
ARKUSDT,SELL,LIMIT,1701074874968,7661,1.1493915
ARKUSDT,SELL,LIMIT,1701074934204,43,1.1485451
ARKUSDT,SELL,LIMIT,1701074952064,1513,1.1497411
ARKUSDT,SELL,LIMIT,1701074988509,790,1.1474427
ARKUSDT,SELL,LIMIT,1701074990360,152,1.1468509
ARKUSDT,SELL,LIMIT,1701074992528,17,1.1465848
ARKUSDT,SELL,LIMIT,1701074996313,32,1.1465523
ARKUSDT,SELL,LIMIT,1701075008570,207,1.1461704
ARKUSDT,BUY,LIMIT,1701078747546,113,1.2440130
ARKUSDT,BUY,LIMIT,1701078763036,2157,1.2453433
ARKUSDT,BUY,LIMIT,1701078801532,1300,1.2455162
ARKUSDT,BUY,LIMIT,1701078806362,469,1.2459664
ARKUSDT,BUY,LIMIT,1701078841794,99,1.2471208
ARKUSDT,BUY,LIMIT,1701078843423,77,1.2480412
ARKUSDT,BUY,LIMIT,1701078860262,3839,1.2494110
ARKUSDT,BUY,LIMIT,1701079467216,5,1.2538895
ARKUSDT,BUY,LIMIT,1701079471861,41,1.2545571
ARKUSDT,BUY,LIMIT,1701079656190,1813,1.2586762
ARKUSDT,BUY,LIMIT,1701079664092,81,1.2606246
ARKUSDT,BUY,LIMIT,1701079672401,47,1.2609311
ARKUSDT,SELL,LIMIT,1701080999158,192,1.1706931
ARKUSDT,SELL,LIMIT,1701081039615,1065,1.1716631
ARKUSDT,SELL,LIMIT,1701081439079,14264,1.1535511
ARKUSDT,SELL,LIMIT,1701081452163,6,1.1680046
ARKUSDT,SELL,LIMIT,1701081488822,1058,1.1602261
ARKUSDT,SELL,LIMIT,1701081793219,2544,1.1592441
ARKUSDT,SELL,LIMIT,1701081794341,6485,1.1589591
ARKUSDT,SELL,LIMIT,1701081968230,298,1.1578345
ARKUSDT,SELL,LIMIT,1701082008329,42,1.1563251
ARKUSDT,SELL,LIMIT,1701082010881,81,1.1556188
ARKUSDT,SELL,LIMIT,1701082048995,82,1.1549185
ARKUSDT,SELL,LIMIT,1701082057317,164,1.1542675
ARKUSDT,SELL,LIMIT,1701082064547,753,1.1528956
ARKUSDT,SELL,LIMIT,1701082069261,634,1.1527253
ARKUSDT,SELL,LIMIT,1701082106167,24,1.1492497
ARKUSDT,SELL,LIMIT,1701082110870,92,1.1480838
ARKUSDT,SELL,LIMIT,1701082124883,51,1.1475022
ARKUSDT,SELL,LIMIT,1701082127061,155,1.1459208
ARKUSDT,SELL,LIMIT,1701082630376,152,1.1486732
ARKUSDT,SELL,LIMIT,1701082653505,34,1.1481711
ARKUSDT,SELL,LIMIT,1701082671057,350,1.1469114
ARKUSDT,SELL,LIMIT,1701082688204,415,1.1461521
ARKUSDT,SELL,LIMIT,1701082693059,294,1.1452936
ARKUSDT,SELL,LIMIT,1701082698233,69,1.1444664
ARKUSDT,SELL,LIMIT,1701082699493,1179,1.1437864
ARKUSDT,SELL,LIMIT,1701082700594,27,1.1425972
ARKUSDT,SELL,LIMIT,1701082722675,252,1.1418491
ARKUSDT,BUY,LIMIT,1701084479175,3,1.2266110
ARKUSDT,SELL,LIMIT,1701084848656,451,1.1412907
ARKUSDT,SELL,LIMIT,1701084850170,810,1.1410019
ARKUSDT,SELL,LIMIT,1701084931335,1,1.1431461
ARKUSDT,SELL,LIMIT,1701088838306,159,1.1406927
ARKUSDT,SELL,LIMIT,1701093252759,228,1.1537882
ARKUSDT,BUY,LIMIT,1701093273742,24,1.2253380
ARKUSDT,BUY,LIMIT,1701093533214,32,1.2227825
ARKUSDT,SELL,LIMIT,1701094642186,279,1.1402401
ARKUSDT,SELL,LIMIT,1701094643343,102,1.1399693
ARKUSDT,SELL,LIMIT,1701094691234,136,1.1382439
ARKUSDT,SELL,LIMIT,1701094722478,34,1.1376818
ARKUSDT,SELL,LIMIT,1701094857288,13,1.1362482
ARKUSDT,SELL,LIMIT,1701094879273,5,1.1362987
ARKUSDT,SELL,LIMIT,1701094882749,27,1.1358864
ARKUSDT,SELL,LIMIT,1701094884859,21,1.1358645
ARKUSDT,SELL,LIMIT,1701094888486,169,1.1357406
ARKUSDT,SELL,LIMIT,1701094893442,8,1.1356643
ARKUSDT,SELL,LIMIT,1701094903305,131,1.1352758
ARKUSDT,SELL,LIMIT,1701094914028,165,1.1350995
ARKUSDT,SELL,LIMIT,1701094950093,40,1.1346821
ARKUSDT,SELL,LIMIT,1701094951133,463,1.1345623
ARKUSDT,SELL,LIMIT,1701094952144,50,1.1337170
ARKUSDT,SELL,LIMIT,1701095235923,108,1.1318235
ARKUSDT,SELL,LIMIT,1701095237556,65,1.1309480
ARKUSDT,SELL,LIMIT,1701095238889,116,1.1303513
ARKUSDT,SELL,LIMIT,1701095242821,119,1.1301567
ARKUSDT,SELL,LIMIT,1701095296525,842,1.1300017
ARKUSDT,SELL,LIMIT,1701095297696,925,1.1293444
ARKUSDT,SELL,LIMIT,1701095342074,210,1.1288825
ARKUSDT,SELL,LIMIT,1701095343231,47,1.1291313
ARKUSDT,SELL,LIMIT,1701095513205,19,1.1327527
ARKUSDT,SELL,LIMIT,1701095530124,6,1.1314081
ARKUSDT,SELL,LIMIT,1701095563206,868,1.1309713
ARKUSDT,SELL,LIMIT,1701095589213,67,1.1286981
ARKUSDT,SELL,LIMIT,1701095590324,720,1.1278538
ARKUSDT,SELL,LIMIT,1701095591364,5945,1.1263715
ARKUSDT,SELL,LIMIT,1701095592555,171,1.1250061
ARKUSDT,SELL,LIMIT,1701096729546,46,1.1283030
ARKUSDT,SELL,LIMIT,1701096842525,216,1.1286028
ARKUSDT,SELL,LIMIT,1701097027376,1662,1.1270431
ARKUSDT,SELL,LIMIT,1701097057758,51,1.1252971
ARKUSDT,SELL,LIMIT,1701097100116,163,1.1244241
ARKUSDT,SELL,LIMIT,1701097102206,4248,1.1243017
ARKUSDT,SELL,LIMIT,1701097249668,7,1.1242376
ARKUSDT,SELL,LIMIT,1701097485793,6,1.1328587
ARKUSDT,SELL,LIMIT,1701099234136,30,1.1238469
ARKUSDT,SELL,LIMIT,1701099235284,260,1.1231009
ARKUSDT,SELL,LIMIT,1701099236466,88,1.1231687
ARKUSDT,SELL,LIMIT,1701099237596,31,1.1223468
ARKUSDT,SELL,LIMIT,1701099238621,56,1.1214486
ARKUSDT,SELL,LIMIT,1701100146800,856,1.1369333
ARKUSDT,SELL,LIMIT,1701100305417,50,1.1435225
ARKUSDT,SELL,LIMIT,1701100528976,1060,1.1366461
ARKUSDT,SELL,LIMIT,1701100567242,1303,1.1359357
ARKUSDT,SELL,LIMIT,1701100570087,3,1.1346091
ARKUSDT,BUY,LIMIT,1701101005078,25,1.2017514
ARKUSDT,SELL,LIMIT,1701101007837,17,1.1367431
ARKUSDT,SELL,LIMIT,1701101067253,490,1.1370341
ARKUSDT,BUY,LIMIT,1701101073839,43,1.2074690
ARKUSDT,SELL,LIMIT,1701101102157,677,1.1408228
ARKUSDT,SELL,LIMIT,1701102047474,169,1.1392651
ARKUSDT,BUY,LIMIT,1701103192151,1,0.0000000
ARKUSDT,BUY,LIMIT,1701103536737,207,1.2034105
ARKUSDT,BUY,LIMIT,1701103855817,1252,1.2027310
ARKUSDT,BUY,LIMIT,1701105818200,15,1.2095992
ARKUSDT,BUY,LIMIT,1701106322461,4877,1.2178946
ARKUSDT,BUY,LIMIT,1701106379677,84,1.2199841
ARKUSDT,BUY,LIMIT,1701106502334,288,1.2207729
ARKUSDT,SELL,LIMIT,1701111110133,194,1.1221049
ARKUSDT,SELL,LIMIT,1701111151066,1500,1.1218493
ARKUSDT,SELL,LIMIT,1701111191075,29,1.2154725
ARKUSDT,SELL,LIMIT,1701111201010,6,1.1205261
ARKUSDT,SELL,LIMIT,1701111204109,73,1.1191920
ARKUSDT,SELL,LIMIT,1701111205216,33,1.1198439
ARKUSDT,SELL,LIMIT,1701111206262,260,1.1178917
ARKUSDT,SELL,LIMIT,1701111207536,800,1.1148497
ARKUSDT,SELL,LIMIT,1701111208560,34,1.1140824
ARKUSDT,SELL,LIMIT,1701111210318,1803,1.1135202
ARKUSDT,SELL,LIMIT,1701111214222,135,1.1115936
ARKUSDT,SELL,LIMIT,1701111215273,630,1.1107359
ARKUSDT,BUY,LIMIT,1701111410731,1951,1.1826804
ARKUSDT,SELL,LIMIT,1701111412728,3410,1.1143361
ARKUSDT,SELL,LIMIT,1701111565482,311,1.1110961
ARKUSDT,SELL,LIMIT,1701111568397,30,1.1105219
ARKUSDT,SELL,LIMIT,1701111570660,2238,1.1103399
ARKUSDT,SELL,LIMIT,1701111573170,185,1.1096332
ARKUSDT,SELL,LIMIT,1701111839563,101,1.1120896
ARKUSDT,SELL,LIMIT,1701111876555,84,1.1104461
ARKUSDT,SELL,LIMIT,1701111938143,630,1.1099645
ARKUSDT,SELL,LIMIT,1701111941073,171,1.1083512
ARKUSDT,SELL,LIMIT,1701111942090,560,1.1086973
ARKUSDT,SELL,LIMIT,1701111947038,69,1.1080100
ARKUSDT,SELL,LIMIT,1701111948080,8,1.1074582
ARKUSDT,SELL,LIMIT,1701111949163,634,1.1079333
ARKUSDT,SELL,LIMIT,1701111951417,63,1.1069055
ARKUSDT,SELL,LIMIT,1701111954082,683,1.1066790
ARKUSDT,SELL,LIMIT,1701111955125,243,1.1055814
ARKUSDT,SELL,LIMIT,1701111956303,42,1.1047221
ARKUSDT,SELL,LIMIT,1701111957712,3723,1.1064507
ARKUSDT,SELL,LIMIT,1701111976249,272,1.1042854
ARKUSDT,SELL,LIMIT,1701111978126,85,1.1041713
ARKUSDT,SELL,LIMIT,1701111987125,808,1.1032984
ARKUSDT,SELL,LIMIT,1701111988136,293,1.1030247
ARKUSDT,SELL,LIMIT,1701111989541,84,1.1028805
ARKUSDT,SELL,LIMIT,1701111997141,856,1.1022321
ARKUSDT,SELL,LIMIT,1701112030090,6508,1.1001563
ARKUSDT,SELL,LIMIT,1701112041311,34,1.1020768
ARKUSDT,SELL,LIMIT,1701112073464,598,1.0988864
ARKUSDT,SELL,LIMIT,1701112075744,154,1.0979508
ARKUSDT,SELL,LIMIT,1701112116224,15,1.0967198
ARKUSDT,SELL,LIMIT,1701112117571,89,1.0965633
ARKUSDT,SELL,LIMIT,1701112121343,2048,1.0961102
ARKUSDT,SELL,LIMIT,1701112122436,15,1.0960610
ARKUSDT,SELL,LIMIT,1701112130133,37,1.0949085
ARKUSDT,SELL,LIMIT,1701112133578,721,1.0928199
ARKUSDT,SELL,LIMIT,1701112146144,576,1.0892742
ARKUSDT,SELL,LIMIT,1701112147151,10,1.0917579
ARKUSDT,SELL,LIMIT,1701112148185,42,1.0869520
ARKUSDT,SELL,LIMIT,1701112149246,66,1.0875040
ARKUSDT,SELL,LIMIT,1701112157408,173,1.0858579
ARKUSDT,SELL,LIMIT,1701112158408,538,1.0866581
ARKUSDT,SELL,LIMIT,1701112159493,507,1.0800863
ARKUSDT,SELL,LIMIT,1701112160746,225,1.0780861
ARKUSDT,SELL,LIMIT,1701113293919,117,1.0994951
ARKUSDT,SELL,LIMIT,1701113297998,161,1.0992439
ARKUSDT,SELL,LIMIT,1701114235510,1063,1.0939370
ARKUSDT,SELL,LIMIT,1701114264662,116,1.0936624
ARKUSDT,SELL,LIMIT,1701114274180,42,1.0934161
ARKUSDT,SELL,LIMIT,1701114277157,166,1.0933751
ARKUSDT,SELL,LIMIT,1701114352848,4,1.0931548
ARKUSDT,SELL,LIMIT,1701114354064,581,1.0928021
ARKUSDT,SELL,LIMIT,1701114357936,32,1.0921398
ARKUSDT,SELL,LIMIT,1701114465449,19,1.0925500
ARKUSDT,SELL,LIMIT,1701114468400,29,1.0915424
ARKUSDT,SELL,LIMIT,1701114471425,1567,1.0910947
ARKUSDT,SELL,LIMIT,1701114475227,4471,1.0894531
ARKUSDT,SELL,LIMIT,1701114477203,82,1.0880353
ARKUSDT,SELL,LIMIT,1701114501429,59,1.0897871
ARKUSDT,SELL,LIMIT,1701114518302,1689,1.0888410
ARKUSDT,SELL,LIMIT,1701114526114,1300,1.0854160
ARKUSDT,SELL,LIMIT,1701114528766,1783,1.0852541
ARKUSDT,SELL,LIMIT,1701114530115,75,1.0851795
ARKUSDT,SELL,LIMIT,1701116551632,17,1.0902212
ARKUSDT,SELL,LIMIT,1701116608013,164,1.0862662
ARKUSDT,SELL,LIMIT,1701116744279,8175,1.0819043
ARKUSDT,SELL,LIMIT,1701116802126,700,1.0811612
ARKUSDT,SELL,LIMIT,1701116894474,17,1.0796763
ARKUSDT,SELL,LIMIT,1701116903888,170,1.0798255
ARKUSDT,SELL,LIMIT,1701116911202,854,1.0796891
ARKUSDT,SELL,LIMIT,1701117006073,2461,1.0780604
ARKUSDT,SELL,LIMIT,1701117007459,117,1.0781456
ARKUSDT,SELL,LIMIT,1701117216285,84,1.0835059
ARKUSDT,BUY,LIMIT,1701118497833,13,1.1538020
ARKUSDT,BUY,LIMIT,1701120889413,52,1.1735713
ARKUSDT,BUY,LIMIT,1701120925736,172,1.1761959
ARKUSDT,BUY,LIMIT,1701120929945,11,1.1764819
ARKUSDT,BUY,LIMIT,1701121728298,79,1.1748180
ARKUSDT,BUY,LIMIT,1701121764633,7,1.1738910
ARKUSDT,SELL,LIMIT,1701121839061,750,1.1050601
ARKUSDT,SELL,LIMIT,1701123061370,10,1.1057059
ARKUSDT,BUY,LIMIT,1701123155879,1233,1.1740394
ARKUSDT,BUY,LIMIT,1701123160285,141,1.1740520
ARKUSDT,BUY,LIMIT,1701124114921,5321,1.1783397
ARKUSDT,BUY,LIMIT,1701124130183,195,1.1790598
ARKUSDT,BUY,LIMIT,1701124163115,399,1.1795554
ARKUSDT,BUY,LIMIT,1701124364427,3588,1.1805066
ARKUSDT,BUY,LIMIT,1701125725280,27,1.1813040
ARKUSDT,BUY,LIMIT,1701125776317,168,1.1837328
ARKUSDT,BUY,LIMIT,1701127053877,5,1.1795962
ARKUSDT,BUY,LIMIT,1701127896767,66,1.1862498
ARKUSDT,BUY,LIMIT,1701130067534,68,1.1863888
ARKUSDT,BUY,LIMIT,1701130618663,176,1.1684629
ARKUSDT,BUY,LIMIT,1701131886486,4450,1.1767763
ARKUSDT,SELL,LIMIT,1701132928806,130,1.1111958
ARKUSDT,SELL,LIMIT,1701133435172,462,1.0953939
ARKUSDT,SELL,LIMIT,1701133544461,294,1.0922351
ARKUSDT,SELL,LIMIT,1701133552148,489,1.0919761
ARKUSDT,SELL,LIMIT,1701133553365,118,1.0917462
ARKUSDT,SELL,LIMIT,1701133585656,2504,1.0897240
ARKUSDT,SELL,LIMIT,1701133586990,20,1.0891532
ARKUSDT,SELL,LIMIT,1701133589089,817,1.0888543
ARKUSDT,SELL,LIMIT,1701133596837,58,1.0880002
ARKUSDT,SELL,LIMIT,1701133835041,15,1.0871001
ARKUSDT,SELL,LIMIT,1701133839202,24,1.0852698
ARKUSDT,SELL,LIMIT,1701133849038,5,1.0843557
ARKUSDT,SELL,LIMIT,1701133850178,52,1.0844805
ARKUSDT,SELL,LIMIT,1701133894099,218,1.0840736
ARKUSDT,SELL,LIMIT,1701133905078,32,1.0836882
ARKUSDT,SELL,LIMIT,1701133906167,175,1.0832280
ARKUSDT,SELL,LIMIT,1701133909007,19,1.0829725
ARKUSDT,SELL,LIMIT,1701133985183,483,1.0822200
ARKUSDT,SELL,LIMIT,1701133993583,363,1.0819178
ARKUSDT,SELL,LIMIT,1701134005040,18,1.0810293
ARKUSDT,SELL,LIMIT,1701134743042,604,1.0776139
ARKUSDT,SELL,LIMIT,1701134744088,232,1.0772986
ARKUSDT,SELL,LIMIT,1701134747320,1389,1.0771003
ARKUSDT,SELL,LIMIT,1701134753327,2392,1.0751304
ARKUSDT,SELL,LIMIT,1701134754434,58,1.0736893
ARKUSDT,SELL,LIMIT,1701134755785,372,1.0732042
ARKUSDT,SELL,LIMIT,1701134759373,1681,1.0729220
ARKUSDT,SELL,LIMIT,1701134760439,5,1.0731664
ARKUSDT,SELL,LIMIT,1701135021342,28,1.0724592
ARKUSDT,SELL,LIMIT,1701135024798,765,1.0722979
ARKUSDT,SELL,LIMIT,1701135030458,338,1.0718375
ARKUSDT,SELL,LIMIT,1701135035481,875,1.0713238
ARKUSDT,SELL,LIMIT,1701135037771,77,1.0710256
ARKUSDT,SELL,LIMIT,1701135155618,526,1.0709570
ARKUSDT,SELL,LIMIT,1701135210235,1592,1.0697113
ARKUSDT,SELL,LIMIT,1701135212427,9,1.0698681
ARKUSDT,SELL,LIMIT,1701135242177,520,1.0688782
ARKUSDT,BUY,LIMIT,1701135252119,112,1.1359861
ARKUSDT,SELL,LIMIT,1701135276097,175,1.0690871
ARKUSDT,SELL,LIMIT,1701135279930,437,1.0684737
ARKUSDT,SELL,LIMIT,1701135282536,14,1.0683193
ARKUSDT,SELL,LIMIT,1701135307748,800,1.0685867
ARKUSDT,SELL,LIMIT,1701135308844,22,1.0681393
ARKUSDT,SELL,LIMIT,1701135310214,42,1.0650688
ARKUSDT,SELL,LIMIT,1701135314191,8550,1.0649381
ARKUSDT,SELL,LIMIT,1701135315918,54,1.0646953
ARKUSDT,SELL,LIMIT,1701135318081,4,1.0633123
ARKUSDT,SELL,LIMIT,1701135319090,489,1.0630864
ARKUSDT,SELL,LIMIT,1701135324081,169,1.0615038
ARKUSDT,SELL,LIMIT,1701135325083,8093,1.0573653
ARKUSDT,SELL,LIMIT,1701135370115,9,1.0569617
ARKUSDT,SELL,LIMIT,1701135371408,159,1.0567502
ARKUSDT,SELL,LIMIT,1701135372410,36,1.0544323
ARKUSDT,SELL,LIMIT,1701136932116,47,1.0523316
ARKUSDT,SELL,LIMIT,1701136934062,1837,1.0511114
ARKUSDT,SELL,LIMIT,1701136935247,18,1.0508443
ARKUSDT,SELL,LIMIT,1701136946145,756,1.0496495
ARKUSDT,SELL,LIMIT,1701136947362,26,1.0477099
ARKUSDT,SELL,LIMIT,1701136957060,184,1.0461247
ARKUSDT,SELL,LIMIT,1701136958092,44,1.0466099
ARKUSDT,SELL,LIMIT,1701136959446,191,1.0437021
ARKUSDT,SELL,LIMIT,1701136960584,166,1.0425142
ARKUSDT,SELL,LIMIT,1701136965162,27,1.0423389
ARKUSDT,SELL,LIMIT,1701137007209,71,1.0423179
ARKUSDT,SELL,LIMIT,1701137036188,967,1.0418709
ARKUSDT,SELL,LIMIT,1701137037721,620,1.0415897
ARKUSDT,SELL,LIMIT,1701137242642,60,1.0439208
ARKUSDT,SELL,LIMIT,1701137278117,306,1.0408839
ARKUSDT,SELL,LIMIT,1701137352870,73,1.0404903
ARKUSDT,SELL,LIMIT,1701137354215,9,1.0401359
ARKUSDT,SELL,LIMIT,1701137360177,94,1.0379333
ARKUSDT,SELL,LIMIT,1701137361178,190,1.0394656
ARKUSDT,SELL,LIMIT,1701137362410,10,1.0355926
ARKUSDT,SELL,LIMIT,1701137411062,10,1.0345169
ARKUSDT,SELL,LIMIT,1701137413234,144,1.0342951
ARKUSDT,SELL,LIMIT,1701137414324,248,1.0343651
ARKUSDT,SELL,LIMIT,1701137438221,174,1.0334413
ARKUSDT,BUY,LIMIT,1701138490208,5,1.1201070
ARKUSDT,BUY,LIMIT,1701138492533,18,1.1219155
ARKUSDT,BUY,LIMIT,1701138500486,170,1.1295162
ARKUSDT,BUY,LIMIT,1701138539632,186,1.1285706
ARKUSDT,BUY,LIMIT,1701138541923,2859,1.1300760
ARKUSDT,SELL,LIMIT,1701141398995,58,1.0369810
ARKUSDT,SELL,LIMIT,1701141459541,15,1.0354813
ARKUSDT,SELL,LIMIT,1701144102407,142,1.0335854
ARKUSDT,SELL,LIMIT,1701144104541,5,1.0333903
ARKUSDT,SELL,LIMIT,1701144107438,1307,1.0328986
ARKUSDT,SELL,LIMIT,1701144224093,12,1.0325668
ARKUSDT,SELL,LIMIT,1701144225177,136,1.0325501
ARKUSDT,SELL,LIMIT,1701144234081,24,1.0312522
ARKUSDT,SELL,LIMIT,1701144236177,206,1.0306344
ARKUSDT,SELL,LIMIT,1701144237381,677,1.0297866
ARKUSDT,SELL,LIMIT,1701144239320,22,1.0293821
ARKUSDT,SELL,LIMIT,1701144261353,65,1.0290431
ARKUSDT,SELL,LIMIT,1701144379650,1718,1.0293880
ARKUSDT,SELL,LIMIT,1701144382491,195,1.0280832
ARKUSDT,SELL,LIMIT,1701144383593,160,1.0255052
ARKUSDT,SELL,LIMIT,1701144385966,26,1.0254429
ARKUSDT,SELL,LIMIT,1701144391161,72,1.0249280
ARKUSDT,SELL,LIMIT,1701144392239,367,1.0248867
ARKUSDT,SELL,LIMIT,1701145607250,111,1.0290731
ARKUSDT,SELL,LIMIT,1701146040148,16,1.0250729
ARKUSDT,SELL,LIMIT,1701146063083,26750,1.0110250
ARKUSDT,SELL,LIMIT,1701146064200,6,1.0246544
ARKUSDT,SELL,LIMIT,1701146065403,433,1.0243191
ARKUSDT,SELL,LIMIT,1701146066704,250,1.0240819
ARKUSDT,SELL,LIMIT,1701147879211,1008,1.0391393
ARKUSDT,SELL,LIMIT,1701147891408,5,1.0394521
ARKUSDT,SELL,LIMIT,1701148033091,200,1.0383747
ARKUSDT,SELL,LIMIT,1701148064261,8,1.0372546
ARKUSDT,SELL,LIMIT,1701148113969,20,1.0357012
ARKUSDT,SELL,LIMIT,1701148184683,301,1.0343821
ARKUSDT,SELL,LIMIT,1701148994148,461,1.0310636
ARKUSDT,SELL,LIMIT,1701148995851,368,1.0302201
ARKUSDT,SELL,LIMIT,1701149103214,80,1.0294010
ARKUSDT,SELL,LIMIT,1701149136092,62,1.0288151
ARKUSDT,SELL,LIMIT,1701149845290,60,1.0233296
ARKUSDT,SELL,LIMIT,1701149860615,200,1.0222122
ARKUSDT,SELL,LIMIT,1701149871038,6,1.0219108
ARKUSDT,SELL,LIMIT,1701149872165,60,1.0220106
ARKUSDT,SELL,LIMIT,1701150298152,12,1.0186035
ARKUSDT,SELL,LIMIT,1701150299151,180,1.0165929
ARKUSDT,SELL,LIMIT,1701150300167,193,1.0166203
ARKUSDT,SELL,LIMIT,1701150688154,27,1.0146778
ARKUSDT,SELL,LIMIT,1701150689362,8180,1.0143000
ARKUSDT,SELL,LIMIT,1701150690364,2166,1.0102890
ARKUSDT,SELL,LIMIT,1701150692262,670,1.0102367
ARKUSDT,SELL,LIMIT,1701150715540,239,1.0100551
ARKUSDT,SELL,LIMIT,1701151108487,271,1.0089941
ARKUSDT,SELL,LIMIT,1701151110758,40,1.0082905
ARKUSDT,SELL,LIMIT,1701151263534,284,1.0089817
ARKUSDT,SELL,LIMIT,1701151284244,298,1.0078310
ARKUSDT,SELL,LIMIT,1701151286400,6,1.0073072
ARKUSDT,BUY,LIMIT,1701152393167,69,1.0911214
ARKUSDT,BUY,LIMIT,1701152442807,325,1.0941334
ARKUSDT,SELL,LIMIT,1701155303201,61,1.0251968
ARKUSDT,SELL,LIMIT,1701155738747,92,1.0196571
ARKUSDT,SELL,LIMIT,1701156480620,757,1.0111281
ARKUSDT,BUY,LIMIT,1701158457042,494,1.0958178
ARKUSDT,BUY,LIMIT,1701159744815,68,1.0986824
ARKUSDT,BUY,LIMIT,1701159868170,107,1.1012796
ARKUSDT,BUY,LIMIT,1701164667198,11,1.1033241
ARKUSDT,SELL,LIMIT,1701168147913,94,1.0325670
ARKUSDT,SELL,LIMIT,1701168628084,57,1.0415849
ARKUSDT,BUY,LIMIT,1701169306380,1043,1.1077298
ARKUSDT,BUY,LIMIT,1701169522497,191,1.1078845
ARKUSDT,BUY,LIMIT,1701169997257,22,1.1129121
ARKUSDT,BUY,LIMIT,1701169998513,37,1.1137301
ARKUSDT,BUY,LIMIT,1701170036415,314,1.1141539
ARKUSDT,BUY,LIMIT,1701170395037,929,1.1173550
ARKUSDT,BUY,LIMIT,1701170650102,15,1.1190769
ARKUSDT,BUY,LIMIT,1701170660068,82,1.1201066
ARKUSDT,BUY,LIMIT,1701170693312,657,1.1226224
ARKUSDT,BUY,LIMIT,1701170717964,185,1.1194529
ARKUSDT,BUY,LIMIT,1701170957400,92,1.1215670
ARKUSDT,BUY,LIMIT,1701172107272,2914,1.1239345
ARKUSDT,BUY,LIMIT,1701172109541,135,1.1256842
ARKUSDT,BUY,LIMIT,1701172112423,105,1.1261211
ARKUSDT,BUY,LIMIT,1701172121036,1325,1.1279259
ARKUSDT,BUY,LIMIT,1701172122106,31,1.1283758
ARKUSDT,BUY,LIMIT,1701172125716,2819,1.1294747
ARKUSDT,BUY,LIMIT,1701172394229,40,1.1283285
ARKUSDT,BUY,LIMIT,1701172439284,5,1.1310962
ARKUSDT,BUY,LIMIT,1701172531056,902,1.1314945
ARKUSDT,BUY,LIMIT,1701172532183,117,1.1321823
ARKUSDT,BUY,LIMIT,1701172610488,5,1.1332465
ARKUSDT,BUY,LIMIT,1701172613017,22,1.1355746
ARKUSDT,BUY,LIMIT,1701184058281,94,1.1152761
ARKUSDT,SELL,LIMIT,1701185858652,107,1.0439601
ARKUSDT,SELL,LIMIT,1701185919220,5455,1.0426545
ARKUSDT,BUY,LIMIT,1701186047086,5327,1.1104991
ARKUSDT,BUY,LIMIT,1701187212120,191,1.1215321
ARKUSDT,SELL,LIMIT,1701189995745,777,1.0636414
ARKUSDT,SELL,LIMIT,1701189996887,144,1.0636414
ARKUSDT,BUY,LIMIT,1701190711100,498,1.1380160
ARKUSDT,BUY,LIMIT,1701190713208,704,1.1381070
ARKUSDT,BUY,LIMIT,1701190858519,277,1.1390558
ARKUSDT,BUY,LIMIT,1701190886003,18,1.1399546
ARKUSDT,BUY,LIMIT,1701190903917,7,1.1406059
ARKUSDT,BUY,LIMIT,1701190945051,910,1.1412733
ARKUSDT,BUY,LIMIT,1701190947060,654,1.1417356
ARKUSDT,SELL,LIMIT,1701192402609,535,1.0763511
ARKUSDT,BUY,LIMIT,1701192662055,49,1.1458750
ARKUSDT,BUY,LIMIT,1701192663950,196,1.1459507
ARKUSDT,BUY,LIMIT,1701192768009,45,1.1427955
ARKUSDT,BUY,LIMIT,1701195627792,1784,1.1477031
ARKUSDT,SELL,LIMIT,1701197529803,757,1.0697513
ARKUSDT,SELL,LIMIT,1701197845033,93,1.0750578
ARKUSDT,BUY,LIMIT,1701200475413,5,1.1434962
ARKUSDT,SELL,LIMIT,1701202786917,373,1.0724761
ARKUSDT,SELL,LIMIT,1701203437253,432,1.0670647
ARKUSDT,SELL,LIMIT,1701203544450,209,1.0649011
ARKUSDT,SELL,LIMIT,1701211892581,105,1.0756500
ARKUSDT,SELL,LIMIT,1701211907272,78,1.0752569
ARKUSDT,BUY,LIMIT,1701217495829,18,1.1503191
ARKUSDT,BUY,LIMIT,1701217517931,20,1.1533159
ARKUSDT,BUY,LIMIT,1701217518990,429,1.1541204
ARKUSDT,BUY,LIMIT,1701217523232,47,1.1556316
ARKUSDT,BUY,LIMIT,1701217524693,9330,1.1575388
ARKUSDT,BUY,LIMIT,1701218204647,95,1.1584323
ARKUSDT,BUY,LIMIT,1701218211553,1092,1.1609738
ARKUSDT,BUY,LIMIT,1701219662997,42,1.1619520
ARKUSDT,SELL,LIMIT,1701227257476,7541,1.0675498
ARKUSDT,SELL,LIMIT,1701227585573,1819,1.0641813
ARKUSDT,SELL,LIMIT,1701228034559,300,1.0631111
ARKUSDT,SELL,LIMIT,1701236109070,53,1.0593544
ARKUSDT,SELL,LIMIT,1701236161165,56,1.0580773
ARKUSDT,SELL,LIMIT,1701236169085,151,1.0574161
ARKUSDT,SELL,LIMIT,1701236179495,2569,1.0564137
ARKUSDT,SELL,LIMIT,1701236180741,1289,1.0562843
ARKUSDT,SELL,LIMIT,1701236265085,9002,1.0556069
ARKUSDT,SELL,LIMIT,1701236269239,140,1.0548013
ARKUSDT,SELL,LIMIT,1701238057944,99,1.0535149
ARKUSDT,SELL,LIMIT,1701238069065,1831,1.0533130
ARKUSDT,SELL,LIMIT,1701238083886,66,1.0532653
ARKUSDT,SELL,LIMIT,1701238214217,40,1.0531212
ARKUSDT,SELL,LIMIT,1701238215267,180,1.0531230
ARKUSDT,SELL,LIMIT,1701238233181,53,1.0524251
ARKUSDT,SELL,LIMIT,1701238236409,4432,1.0521432
ARKUSDT,SELL,LIMIT,1701238241332,1236,1.0514084
ARKUSDT,SELL,LIMIT,1701238257951,79,1.0503674
ARKUSDT,SELL,LIMIT,1701238602260,450,1.0520829
ARKUSDT,SELL,LIMIT,1701239278165,11,1.0536558
ARKUSDT,SELL,LIMIT,1701241090010,1958,1.0618874
ARKUSDT,SELL,LIMIT,1701241221027,310,1.0614260
ARKUSDT,SELL,LIMIT,1701243502251,239,1.0528626
ARKUSDT,SELL,LIMIT,1701243637050,15,1.0530095
ARKUSDT,BUY,LIMIT,1701243940698,869,1.1168963
ARKUSDT,SELL,LIMIT,1701245093405,1,1.0583671
ARKUSDT,BUY,LIMIT,1701246495086,32,1.1237296
ARKUSDT,SELL,LIMIT,1701247389275,1033,1.0617621
ARKUSDT,SELL,LIMIT,1701248558570,116,1.0599191
ARKUSDT,SELL,LIMIT,1701250870634,2724,1.0565533
ARKUSDT,SELL,LIMIT,1701253412138,17,1.0558757
ARKUSDT,SELL,LIMIT,1701254069546,3222,1.0498324
ARKUSDT,SELL,LIMIT,1701254130046,228,1.0492669
ARKUSDT,SELL,LIMIT,1701254131201,50,1.0490472
ARKUSDT,SELL,LIMIT,1701254230823,54,1.0466779
ARKUSDT,SELL,LIMIT,1701254415432,15,1.0440146
ARKUSDT,SELL,LIMIT,1701254417594,41,1.0436735
ARKUSDT,SELL,LIMIT,1701254431052,2000,1.0433282
ARKUSDT,SELL,LIMIT,1701254650768,572,1.0423214
ARKUSDT,SELL,LIMIT,1701254684291,86,1.0413286
ARKUSDT,SELL,LIMIT,1701254685341,11,1.0408629
ARKUSDT,SELL,LIMIT,1701254706800,199,1.0403952
ARKUSDT,SELL,LIMIT,1701255013112,3142,1.0447213
ARKUSDT,SELL,LIMIT,1701255133815,372,1.0446249
ARKUSDT,SELL,LIMIT,1701259690811,360,1.0475031
ARKUSDT,SELL,LIMIT,1701260331517,108,1.0396405
ARKUSDT,SELL,LIMIT,1701260337173,86,1.0390175
ARKUSDT,SELL,LIMIT,1701260342624,59,1.0386359
ARKUSDT,SELL,LIMIT,1701260593228,83,1.0376026
ARKUSDT,SELL,LIMIT,1701260600178,13,1.0373404
ARKUSDT,SELL,LIMIT,1701260613357,7201,1.0367125
ARKUSDT,SELL,LIMIT,1701260615660,121,1.0365733
ARKUSDT,SELL,LIMIT,1701260632190,46,1.0360982
ARKUSDT,SELL,LIMIT,1701262102073,90,1.0356288
ARKUSDT,SELL,LIMIT,1701262119380,216,1.0352503
ARKUSDT,SELL,LIMIT,1701262597976,3,1.0338769
ARKUSDT,SELL,LIMIT,1701262604317,2434,1.0329980
ARKUSDT,SELL,LIMIT,1701262756803,1105,1.0312862
ARKUSDT,SELL,LIMIT,1701262812745,3452,1.0303876
ARKUSDT,SELL,LIMIT,1701262819495,796,1.0300780
ARKUSDT,SELL,LIMIT,1701263878871,167,1.0290611
ARKUSDT,SELL,LIMIT,1701263894240,142,1.0285946
ARKUSDT,SELL,LIMIT,1701263901145,4149,1.0279181
ARKUSDT,SELL,LIMIT,1701263915418,305,1.0272614
ARKUSDT,SELL,LIMIT,1701263992512,30,1.0268501
ARKUSDT,SELL,LIMIT,1701264086443,1592,1.0277223
ARKUSDT,SELL,LIMIT,1701264157690,132,1.0261851
ARKUSDT,SELL,LIMIT,1701264159669,159,1.0258111
ARKUSDT,SELL,LIMIT,1701264191779,10,1.0240858
ARKUSDT,SELL,LIMIT,1701264199421,431,1.0227300
ARKUSDT,SELL,LIMIT,1701264201285,9,1.0206939
ARKUSDT,SELL,LIMIT,1701264308422,1481,1.0208281
ARKUSDT,SELL,LIMIT,1701264327498,43,1.0201424
ARKUSDT,SELL,LIMIT,1701264367587,13,1.0188809
ARKUSDT,SELL,LIMIT,1701264400966,53,1.0186220
ARKUSDT,SELL,LIMIT,1701264402027,184,1.0178581
ARKUSDT,SELL,LIMIT,1701264414068,13,1.0156080
ARKUSDT,SELL,LIMIT,1701264415280,215,1.0162105
ARKUSDT,SELL,LIMIT,1701268357325,53,1.0209251
ARKUSDT,SELL,LIMIT,1701269295558,51,1.0199852
ARKUSDT,SELL,LIMIT,1701269973104,218,1.0230591
ARKUSDT,SELL,LIMIT,1701270341004,36,1.0213582
ARKUSDT,SELL,LIMIT,1701270484085,2801,1.0212861
ARKUSDT,SELL,LIMIT,1701270580703,55,1.0199657
ARKUSDT,SELL,LIMIT,1701270583914,47,1.0196673
ARKUSDT,SELL,LIMIT,1701270587375,161,1.0193688
ARKUSDT,SELL,LIMIT,1701270614400,287,1.0187026
ARKUSDT,SELL,LIMIT,1701281379553,490,1.0220436
ARKUSDT,SELL,LIMIT,1701281697252,113,1.0205359
ARKUSDT,SELL,LIMIT,1701282368201,325,1.0214101
ARKUSDT,SELL,LIMIT,1701283871833,91,1.0308662
ARKUSDT,SELL,LIMIT,1701284473357,422,1.0252460
ARKUSDT,SELL,LIMIT,1701284928010,62,1.0242231
ARKUSDT,SELL,LIMIT,1701284958383,89,1.0246478
ARKUSDT,SELL,LIMIT,1701284960139,5,1.0246479
ARKUSDT,SELL,LIMIT,1701285496107,204,1.0224587
ARKUSDT,SELL,LIMIT,1701288287798,11,1.0268421
ARKUSDT,SELL,LIMIT,1701303289158,733,1.0237019
ARKUSDT,SELL,LIMIT,1701304316347,10,1.0234827
ARKUSDT,SELL,LIMIT,1701305443931,73,1.0147803
ARKUSDT,SELL,LIMIT,1701305573340,358,1.0138431
ARKUSDT,SELL,LIMIT,1701305577573,1420,1.0132155
ARKUSDT,SELL,LIMIT,1701305593524,1872,1.0112305
ARKUSDT,SELL,LIMIT,1701305598440,271,1.0107188
ARKUSDT,SELL,LIMIT,1701305635559,66,1.0099330
ARKUSDT,SELL,LIMIT,1701305639571,86,1.0096981
ARKUSDT,SELL,LIMIT,1701305834473,84,1.0088445
ARKUSDT,SELL,LIMIT,1701305898821,203,1.0081386
ARKUSDT,SELL,LIMIT,1701305937389,15,1.0074056
ARKUSDT,SELL,LIMIT,1701305960075,123,1.0069412
ARKUSDT,SELL,LIMIT,1701305964430,881,1.0058641
ARKUSDT,SELL,LIMIT,1701305965679,259,1.0056358
ARKUSDT,SELL,LIMIT,1701305967871,2304,1.0054222
ARKUSDT,SELL,LIMIT,1701306082261,1675,1.0051588
ARKUSDT,SELL,LIMIT,1701306120412,207,1.0047548
ARKUSDT,SELL,LIMIT,1701306123096,99,1.0045687
ARKUSDT,SELL,LIMIT,1701306124137,366,1.0041942
ARKUSDT,SELL,LIMIT,1701306159725,1269,1.0035812
ARKUSDT,SELL,LIMIT,1701306170399,56,1.0034132
ARKUSDT,SELL,LIMIT,1701306176209,37,1.0033212
ARKUSDT,SELL,LIMIT,1701306181367,930,1.0029853
ARKUSDT,SELL,LIMIT,1701306197197,2233,1.0020704
ARKUSDT,SELL,LIMIT,1701306430051,3212,1.0018161
ARKUSDT,SELL,LIMIT,1701306431539,56,1.0017493
ARKUSDT,SELL,LIMIT,1701306433212,55,1.0011055
ARKUSDT,SELL,LIMIT,1701306436364,71,1.0004848
ARKUSDT,SELL,LIMIT,1701308834402,766,1.0175970
ARKUSDT,BUY,LIMIT,1701311768155,38,1.0885376
ARKUSDT,BUY,LIMIT,1701312445185,1125,1.0912176
ARKUSDT,BUY,LIMIT,1701312560621,23,1.0933691
ARKUSDT,BUY,LIMIT,1701315355184,66,1.1027074
ARKUSDT,BUY,LIMIT,1701315356371,20,1.1030675
ARKUSDT,BUY,LIMIT,1701315366232,213,1.1037560
ARKUSDT,SELL,LIMIT,1701320432982,3484,1.0293641
ARKUSDT,SELL,LIMIT,1701321244876,3484,1.0231908
ARKUSDT,SELL,LIMIT,1701322794064,860,1.0190423
ARKUSDT,SELL,LIMIT,1701323712194,17,1.0188698
ARKUSDT,SELL,LIMIT,1701323723047,383,1.0163188
ARKUSDT,SELL,LIMIT,1701330982374,415,1.0229230
ARKUSDT,SELL,LIMIT,1701332326601,235,1.0107647
ARKUSDT,SELL,LIMIT,1701332464133,300,1.0093329
ARKUSDT,SELL,LIMIT,1701332473982,30,1.0069784
ARKUSDT,SELL,LIMIT,1701332770225,70,1.0055551
ARKUSDT,SELL,LIMIT,1701335539605,18,1.0053178
ARKUSDT,SELL,LIMIT,1701336451419,36,1.0084512
ARKUSDT,BUY,LIMIT,1701345546059,2325,1.0917827
ARKUSDT,SELL,LIMIT,1701349534118,118,1.0234471
ARKUSDT,SELL,LIMIT,1701353045637,177,1.0094619
ARKUSDT,SELL,LIMIT,1701355059651,1000,1.0061612
ARKUSDT,SELL,LIMIT,1701355319861,340,1.0054742
ARKUSDT,BUY,LIMIT,1701360114923,1298,1.0871876
ARKUSDT,BUY,LIMIT,1701367976187,429,1.0935736
ARKUSDT,SELL,LIMIT,1701393625365,137,1.0504241
ARKUSDT,BUY,LIMIT,1701394226200,21,1.0970073
ARKUSDT,BUY,LIMIT,1701395513626,3032,1.0941924
ARKUSDT,SELL,LIMIT,1701398573836,544,1.0302952
ARKUSDT,BUY,LIMIT,1701399701656,14,1.0968871
ARKUSDT,BUY,LIMIT,1701405515310,5,1.0957074
ARKUSDT,SELL,LIMIT,1701422239458,769,1.0313564
ARKUSDT,BUY,LIMIT,1701424581558,260,1.1032016
ARKUSDT,BUY,LIMIT,1701425343500,17,1.1096993
ARKUSDT,BUY,LIMIT,1701434556519,193,1.0979376
ARKUSDT,SELL,LIMIT,1701434973942,3763,1.0327591
ARKUSDT,SELL,LIMIT,1701441612403,11,1.0336994
ARKUSDT,SELL,LIMIT,1701442248207,1010,1.0232247
ARKUSDT,SELL,LIMIT,1701442371084,371,1.0222318
ARKUSDT,BUY,LIMIT,1701447907197,359,1.0930917
ARKUSDT,BUY,LIMIT,1701448437365,3,1.0943210
ARKUSDT,SELL,LIMIT,1701448495742,826,1.0359390
ARKUSDT,SELL,LIMIT,1701448627237,186,1.0451140
ARKUSDT,SELL,LIMIT,1701449961572,682,1.0320219
ARKUSDT,BUY,LIMIT,1701475400422,88,1.1112329
ARKUSDT,BUY,LIMIT,1701475416330,302,1.1132023
ARKUSDT,BUY,LIMIT,1701475418444,536,1.1145194
ARKUSDT,BUY,LIMIT,1701475448513,103,1.1155583
ARKUSDT,BUY,LIMIT,1701475468374,12,1.1206088
ARKUSDT,BUY,LIMIT,1701475471696,8,1.1234547
ARKUSDT,BUY,LIMIT,1701475544112,191,1.1300727
ARKUSDT,BUY,LIMIT,1701475896616,9388,1.1277511
ARKUSDT,BUY,LIMIT,1701478798891,88,1.1239573
ARKUSDT,BUY,LIMIT,1701485923452,55,1.1379832
ARKUSDT,BUY,LIMIT,1701485953666,826,1.1396410
ARKUSDT,BUY,LIMIT,1701485964458,278,1.1413991
ARKUSDT,BUY,LIMIT,1701485975249,96,1.1423533
ARKUSDT,BUY,LIMIT,1701485993635,182,1.1442198
ARKUSDT,SELL,LIMIT,1701486001913,439,1.2460348
ARKUSDT,SELL,LIMIT,1701486003006,36,1.0794161
ARKUSDT,SELL,LIMIT,1701486005195,2011,1.0797071
ARKUSDT,SELL,LIMIT,1701486006227,6911,1.0799076
ARKUSDT,BUY,LIMIT,1701486012618,27,1.1475233
ARKUSDT,BUY,LIMIT,1701486069383,90,1.1547800
ARKUSDT,BUY,LIMIT,1701486698723,11,1.1565481
ARKUSDT,BUY,LIMIT,1701486703091,85,1.1572056
ARKUSDT,BUY,LIMIT,1701486763907,212,1.1609998
ARKUSDT,BUY,LIMIT,1701486887940,100,1.1623550
ARKUSDT,BUY,LIMIT,1701487306126,94,1.1622560
ARKUSDT,BUY,LIMIT,1701487418760,8,1.1654938
ARKUSDT,BUY,LIMIT,1701487439443,1885,1.1690997
ARKUSDT,BUY,LIMIT,1701487985136,324,1.1752494
ARKUSDT,BUY,LIMIT,1701488012239,2,1.1770781
ARKUSDT,SELL,LIMIT,1701489874446,37,1.0872765
ARKUSDT,SELL,LIMIT,1701492994787,27,1.0773716
ARKUSDT,SELL,LIMIT,1701493902475,200,1.0683895
ARKUSDT,SELL,LIMIT,1701493973982,4179,1.0679324
ARKUSDT,SELL,LIMIT,1701493979140,35,1.0671558
ARKUSDT,SELL,LIMIT,1701493982622,19,1.0663938
ARKUSDT,SELL,LIMIT,1701494034714,5,1.0660481
ARKUSDT,SELL,LIMIT,1701494743071,184,1.0723545
ARKUSDT,SELL,LIMIT,1701502738329,42,1.0772814
ARKUSDT,SELL,LIMIT,1701504498794,10,1.0841691
