Symbol,Side,Order Type,Time,Quantity,Price
ARKUSDT,SELL,LIMIT,1700988951137,3375,1.4755168
ARKUSDT,SELL,LIMIT,1700988965585,130,1.4751070
ARKUSDT,SELL,LIMIT,1700988967522,277,1.4750256
ARKUSDT,SELL,LIMIT,1700989005501,667,1.4730212
ARKUSDT,SELL,LIMIT,1700989230028,12,1.4723229
ARKUSDT,SELL,LIMIT,1700989301659,256,1.4717497
ARKUSDT,SELL,LIMIT,1700989609210,1708,1.4698524
ARKUSDT,SELL,LIMIT,1700989658061,315,1.4670002
ARKUSDT,BUY,LIMIT,1700993755514,2686,1.5963604
ARKUSDT,SELL,LIMIT,1700996278326,205,1.4758486
ARKUSDT,SELL,LIMIT,1700996291572,1588,1.4708039
ARKUSDT,SELL,LIMIT,1700996396611,1842,1.4703244
ARKUSDT,SELL,LIMIT,1700996444144,20,1.4685991
ARKUSDT,SELL,LIMIT,1700996482510,30,1.4629828
ARKUSDT,SELL,LIMIT,1700996502129,114,1.4612610
ARKUSDT,SELL,LIMIT,1700996579417,497,1.4593924
ARKUSDT,SELL,LIMIT,1700996584094,629,1.4591273
ARKUSDT,SELL,LIMIT,1700996612366,646,1.4583559
ARKUSDT,SELL,LIMIT,1700996615306,376,1.4575360
ARKUSDT,SELL,LIMIT,1700996636194,77,1.4548973
ARKUSDT,SELL,LIMIT,1700996637293,10,1.4531245
ARKUSDT,SELL,LIMIT,1700996639363,183,1.4529850
ARKUSDT,SELL,LIMIT,1700996680926,59,1.4525531
ARKUSDT,SELL,LIMIT,1700996682378,29,1.4523886
ARKUSDT,SELL,LIMIT,1700996687452,16,1.4511334
ARKUSDT,SELL,LIMIT,1700996692509,1380,1.4502225
ARKUSDT,SELL,LIMIT,1700996694778,262,1.4500113
ARKUSDT,SELL,LIMIT,1700996697633,496,1.4492191
ARKUSDT,SELL,LIMIT,1700996708941,484,1.4479164
ARKUSDT,SELL,LIMIT,1700996729437,83,1.4469237
ARKUSDT,SELL,LIMIT,1700996731245,42,1.4463824
ARKUSDT,BUY,LIMIT,1700999833990,151,1.5681579
ARKUSDT,BUY,LIMIT,1701000505224,996,1.5755408
ARKUSDT,BUY,LIMIT,1701001501176,60,1.5558998
ARKUSDT,BUY,LIMIT,1701001585295,64,1.5906259
ARKUSDT,BUY,LIMIT,1701001590917,129,1.5909776
ARKUSDT,SELL,LIMIT,1701003894202,6,1.4838897
ARKUSDT,SELL,LIMIT,1701005444803,1231,1.4680158
ARKUSDT,SELL,LIMIT,1701005449566,57,1.4666601
ARKUSDT,SELL,LIMIT,1701005457957,714,1.4634982
ARKUSDT,SELL,LIMIT,1701005674414,346,1.4627555
ARKUSDT,SELL,LIMIT,1701006016617,78,1.4585571
ARKUSDT,SELL,LIMIT,1701006084037,294,1.4588538
ARKUSDT,SELL,LIMIT,1701006096681,455,1.4573345
ARKUSDT,SELL,LIMIT,1701006117043,60,1.4541098
ARKUSDT,SELL,LIMIT,1701006142162,27,1.4529238
ARKUSDT,SELL,LIMIT,1701006143253,215,1.4532098
ARKUSDT,SELL,LIMIT,1701006208166,1188,1.4529778
ARKUSDT,SELL,LIMIT,1701006261132,8,1.4521501
ARKUSDT,SELL,LIMIT,1701006292474,165,1.4508494
ARKUSDT,SELL,LIMIT,1701006472000,11,1.4487747
ARKUSDT,SELL,LIMIT,1701007417515,35,1.4605045
ARKUSDT,SELL,LIMIT,1701008441054,22,1.4563096
ARKUSDT,SELL,LIMIT,1701008447219,983,1.4553881
ARKUSDT,SELL,LIMIT,1701008845119,32,1.4575335
ARKUSDT,SELL,LIMIT,1701009257470,973,1.4556791
ARKUSDT,SELL,LIMIT,1701010466392,233,1.4674585
ARKUSDT,SELL,LIMIT,1701013185074,4,1.4485651
ARKUSDT,SELL,LIMIT,1701013186096,50,1.4471547
ARKUSDT,SELL,LIMIT,1701013189870,65,1.4454753
ARKUSDT,SELL,LIMIT,1701013202052,107,1.4441347
ARKUSDT,SELL,LIMIT,1701013205392,848,1.4428545
ARKUSDT,SELL,LIMIT,1701013233627,109,1.4421767
ARKUSDT,SELL,LIMIT,1701013234823,107,1.4420564
ARKUSDT,SELL,LIMIT,1701013236181,31,1.4411859
ARKUSDT,SELL,LIMIT,1701013239846,1658,1.4411573
ARKUSDT,SELL,LIMIT,1701013248036,103,1.4396001
ARKUSDT,SELL,LIMIT,1701013249090,429,1.4382555
ARKUSDT,SELL,LIMIT,1701013253403,2320,1.4388421
ARKUSDT,SELL,LIMIT,1701013371301,46,1.4475491
ARKUSDT,SELL,LIMIT,1701013488106,2093,1.4374397
ARKUSDT,SELL,LIMIT,1701013490059,133,1.4344713
ARKUSDT,SELL,LIMIT,1701013508063,132,1.4358474
ARKUSDT,SELL,LIMIT,1701013517260,3044,1.4352195
ARKUSDT,SELL,LIMIT,1701013532542,4868,1.4343924
ARKUSDT,SELL,LIMIT,1701013540160,150,1.4339642
ARKUSDT,SELL,LIMIT,1701013555316,4,1.4335801
ARKUSDT,SELL,LIMIT,1701013570044,30,1.4330436
ARKUSDT,SELL,LIMIT,1701013603053,111,1.4323125
ARKUSDT,SELL,LIMIT,1701013604092,525,1.4329320
ARKUSDT,SELL,LIMIT,1701013635137,228,1.4317491
ARKUSDT,SELL,LIMIT,1701013636382,569,1.4317996
ARKUSDT,SELL,LIMIT,1701013639260,545,1.4313803
ARKUSDT,SELL,LIMIT,1701013640557,6,1.4309302
ARKUSDT,SELL,LIMIT,1701013642976,2804,1.4305040
ARKUSDT,SELL,LIMIT,1701013653359,1252,1.4297227
ARKUSDT,SELL,LIMIT,1701013655744,653,1.4296975
ARKUSDT,SELL,LIMIT,1701013656819,48,1.4292593
ARKUSDT,SELL,LIMIT,1701013663069,1562,1.4271827
ARKUSDT,SELL,LIMIT,1701013664247,68,1.4282106
ARKUSDT,SELL,LIMIT,1701013670202,32,1.4266169
ARKUSDT,SELL,LIMIT,1701013671297,911,1.4258976
ARKUSDT,SELL,LIMIT,1701013672348,3391,1.4258648
ARKUSDT,SELL,LIMIT,1701013673354,158,1.4257985
ARKUSDT,SELL,LIMIT,1701013680372,30,1.4239539
ARKUSDT,SELL,LIMIT,1701013705895,800,1.4228458
ARKUSDT,SELL,LIMIT,1701013715213,110,1.4224247
ARKUSDT,SELL,LIMIT,1701013716374,68,1.4217714
ARKUSDT,SELL,LIMIT,1701013731479,665,1.4202579
ARKUSDT,SELL,LIMIT,1701013736164,51,1.4201273
ARKUSDT,SELL,LIMIT,1701013741937,67,1.4181269
ARKUSDT,SELL,LIMIT,1701013762207,427,1.4182517
ARKUSDT,SELL,LIMIT,1701013767151,37,1.4169630
ARKUSDT,SELL,LIMIT,1701013768228,95,1.4167813
ARKUSDT,SELL,LIMIT,1701013773251,11,1.4164349
ARKUSDT,SELL,LIMIT,1701013774384,1933,1.4142057
ARKUSDT,SELL,LIMIT,1701013792187,214,1.4131034
ARKUSDT,SELL,LIMIT,1701013793456,544,1.4130726
ARKUSDT,SELL,LIMIT,1701013796835,62,1.4110471
ARKUSDT,SELL,LIMIT,1701013798930,145,1.4105345
ARKUSDT,SELL,LIMIT,1701013812435,899,1.4103009
ARKUSDT,SELL,LIMIT,1701013814408,1674,1.4093677
ARKUSDT,SELL,LIMIT,1701013816758,1500,1.4088447
ARKUSDT,SELL,LIMIT,1701013819164,122,1.4083691
ARKUSDT,SELL,LIMIT,1701013821954,131,1.4077177
ARKUSDT,SELL,LIMIT,1701013823383,22,1.4076735
ARKUSDT,SELL,LIMIT,1701013826628,4695,1.4071623
ARKUSDT,SELL,LIMIT,1701013828064,17,1.4069892
ARKUSDT,SELL,LIMIT,1701013830299,150,1.4050390
ARKUSDT,SELL,LIMIT,1701013831466,8336,1.4009736
ARKUSDT,SELL,LIMIT,1701013836043,43,1.4048184
ARKUSDT,SELL,LIMIT,1701013855220,12964,1.3899742
ARKUSDT,SELL,LIMIT,1701013861212,115,1.4025943
ARKUSDT,SELL,LIMIT,1701013862219,73,1.4029874
ARKUSDT,SELL,LIMIT,1701013877156,184,1.4010898
ARKUSDT,SELL,LIMIT,1701013878920,829,1.3992341
ARKUSDT,SELL,LIMIT,1701013881486,199,1.3988997
ARKUSDT,SELL,LIMIT,1701013882726,1140,1.3988577
ARKUSDT,SELL,LIMIT,1701013887352,74,1.3985549
ARKUSDT,SELL,LIMIT,1701013892728,1166,1.3985497
ARKUSDT,SELL,LIMIT,1701013894521,10,1.3979121
ARKUSDT,SELL,LIMIT,1701013898058,28,1.3970535
ARKUSDT,SELL,LIMIT,1701013899266,136,1.3963929
ARKUSDT,SELL,LIMIT,1701013901712,307,1.3950180
ARKUSDT,SELL,LIMIT,1701013902755,256,1.3943530
ARKUSDT,SELL,LIMIT,1701013907056,3192,1.3914403
ARKUSDT,SELL,LIMIT,1701013908101,290,1.3937875
ARKUSDT,SELL,LIMIT,1701013918199,430,1.3889551
ARKUSDT,SELL,LIMIT,1701013923194,1075,1.3882017
ARKUSDT,SELL,LIMIT,1701013924211,222,1.3877520
ARKUSDT,SELL,LIMIT,1701013929557,43,1.3872921
ARKUSDT,SELL,LIMIT,1701013934227,712,1.3871319
ARKUSDT,SELL,LIMIT,1701013939831,343,1.3844415
ARKUSDT,SELL,LIMIT,1701013950053,12,1.3838488
ARKUSDT,SELL,LIMIT,1701013952506,10,1.3828542
ARKUSDT,SELL,LIMIT,1701013954115,11,1.3805776
ARKUSDT,SELL,LIMIT,1701013955200,652,1.3804568
ARKUSDT,SELL,LIMIT,1701013957529,1234,1.3801393
ARKUSDT,SELL,LIMIT,1701013959106,3000,1.3789459
ARKUSDT,SELL,LIMIT,1701013960136,9,1.3798864
ARKUSDT,SELL,LIMIT,1701013964055,1411,1.3782136
ARKUSDT,SELL,LIMIT,1701013969037,804,1.3777901
ARKUSDT,SELL,LIMIT,1701013970116,7924,1.3749250
ARKUSDT,SELL,LIMIT,1701013971706,39,1.3770394
ARKUSDT,SELL,LIMIT,1701013974239,38,1.3761985
ARKUSDT,SELL,LIMIT,1701013975244,3387,1.3750890
ARKUSDT,SELL,LIMIT,1701013978828,74,1.3746109
ARKUSDT,SELL,LIMIT,1701013980413,65,1.3727151
ARKUSDT,SELL,LIMIT,1701013987149,123,1.3718756
ARKUSDT,SELL,LIMIT,1701013993261,14,1.3714548
ARKUSDT,SELL,LIMIT,1701013996421,55,1.3692209
ARKUSDT,SELL,LIMIT,1701013997512,65,1.3707389
ARKUSDT,SELL,LIMIT,1701013999096,5,1.3683041
ARKUSDT,SELL,LIMIT,1701014000273,262,1.3683041
ARKUSDT,SELL,LIMIT,1701014001282,6435,1.3667876
ARKUSDT,SELL,LIMIT,1701014002290,15,1.3676003
ARKUSDT,SELL,LIMIT,1701014007393,1244,1.3665393
ARKUSDT,SELL,LIMIT,1701014011095,754,1.3645417
ARKUSDT,SELL,LIMIT,1701014012183,3300,1.3635583
ARKUSDT,SELL,LIMIT,1701014014489,100,1.3630653
ARKUSDT,SELL,LIMIT,1701014016837,169,1.3618135
ARKUSDT,SELL,LIMIT,1701014020081,6281,1.3614482
ARKUSDT,SELL,LIMIT,1701014021121,14,1.3614079
ARKUSDT,SELL,LIMIT,1701014022293,190,1.3598674
ARKUSDT,SELL,LIMIT,1701014027609,3455,1.3597631
ARKUSDT,SELL,LIMIT,1701014028639,282,1.3582312
ARKUSDT,SELL,LIMIT,1701014037337,6993,1.3576952
ARKUSDT,SELL,LIMIT,1701014039948,128,1.3560109
ARKUSDT,SELL,LIMIT,1701014042208,17,1.3559383
ARKUSDT,SELL,LIMIT,1701014043228,664,1.3553413
ARKUSDT,BUY,LIMIT,1701014048312,7,1.4140806
ARKUSDT,SELL,LIMIT,1701014052059,474,1.3521996
ARKUSDT,SELL,LIMIT,1701014053271,663,1.3502547
ARKUSDT,SELL,LIMIT,1701014055214,1462,1.3498286
ARKUSDT,SELL,LIMIT,1701014056354,1999,1.3498818
ARKUSDT,SELL,LIMIT,1701014058099,100,1.3484997
ARKUSDT,SELL,LIMIT,1701014059351,668,1.3481225
ARKUSDT,SELL,LIMIT,1701014062272,222,1.3942963
ARKUSDT,SELL,LIMIT,1701014063879,169,1.3476549
ARKUSDT,SELL,LIMIT,1701014065099,42,1.3468328
ARKUSDT,SELL,LIMIT,1701014068093,2038,1.3458154
ARKUSDT,SELL,LIMIT,1701014069187,32,1.3443501
ARKUSDT,SELL,LIMIT,1701014078340,8401,1.3388476
ARKUSDT,SELL,LIMIT,1701014079351,1,1.3428302
ARKUSDT,SELL,LIMIT,1701014089044,49,1.3400552
ARKUSDT,SELL,LIMIT,1701014090172,1338,1.3402385
ARKUSDT,SELL,LIMIT,1701014114051,46,1.3388126
ARKUSDT,SELL,LIMIT,1701014115087,1012,1.3385592
ARKUSDT,SELL,LIMIT,1701014116180,240,1.3384601
ARKUSDT,SELL,LIMIT,1701014118088,1370,1.3370619
ARKUSDT,SELL,LIMIT,1701014119091,26,1.3371675
ARKUSDT,SELL,LIMIT,1701014120124,130,1.3365541
ARKUSDT,SELL,LIMIT,1701014122071,2295,1.3340550
ARKUSDT,SELL,LIMIT,1701014123262,71,1.3327480
ARKUSDT,SELL,LIMIT,1701014124536,67,1.3324428
ARKUSDT,SELL,LIMIT,1701014126094,21,1.3322961
ARKUSDT,SELL,LIMIT,1701014130074,156,1.3303737
ARKUSDT,SELL,LIMIT,1701014131239,3,1.3287064
ARKUSDT,SELL,LIMIT,1701014132360,169,1.3257647
ARKUSDT,SELL,LIMIT,1701014141600,30,1.3240524
ARKUSDT,SELL,LIMIT,1701014143155,124,1.3231646
ARKUSDT,SELL,LIMIT,1701014145056,384,1.3226658
ARKUSDT,SELL,LIMIT,1701014146119,36,1.3210144
ARKUSDT,SELL,LIMIT,1701014151117,102,1.3194880
ARKUSDT,SELL,LIMIT,1701014156371,23,1.3186765
ARKUSDT,SELL,LIMIT,1701014161802,911,1.3168515
ARKUSDT,SELL,LIMIT,1701014169134,1934,1.3162765
ARKUSDT,SELL,LIMIT,1701014182057,188,1.3154624
ARKUSDT,BUY,LIMIT,1701014403725,32,1.4114297
ARKUSDT,BUY,LIMIT,1701014406805,7,1.3981902
ARKUSDT,BUY,LIMIT,1701014409639,50,1.4084033
ARKUSDT,BUY,LIMIT,1701014417100,4,1.3798195
ARKUSDT,BUY,LIMIT,1701014425334,618,1.4086111
ARKUSDT,BUY,LIMIT,1701014469387,89,1.4135780
ARKUSDT,BUY,LIMIT,1701014471532,148,1.4155920
ARKUSDT,BUY,LIMIT,1701014529137,94,1.4180000
ARKUSDT,BUY,LIMIT,1701014604234,87,1.4268876
ARKUSDT,BUY,LIMIT,1701014651671,146,1.4322421
ARKUSDT,BUY,LIMIT,1701014932815,19,1.4385908
ARKUSDT,BUY,LIMIT,1701014942163,6531,1.4407284
ARKUSDT,BUY,LIMIT,1701014943731,147,1.4427523
ARKUSDT,BUY,LIMIT,1701014961075,229,1.4439352
ARKUSDT,SELL,LIMIT,1701015610408,34,1.3385828
ARKUSDT,SELL,LIMIT,1701015622269,1697,1.3343857
ARKUSDT,SELL,LIMIT,1701015640990,2500,1.3310934
ARKUSDT,SELL,LIMIT,1701015646849,2563,1.3286757
ARKUSDT,SELL,LIMIT,1701015668517,15,1.3215950
ARKUSDT,SELL,LIMIT,1701015673227,387,1.3259756
ARKUSDT,SELL,LIMIT,1701015674425,249,1.3210507
ARKUSDT,SELL,LIMIT,1701015681621,515,1.3232581
ARKUSDT,SELL,LIMIT,1701015685692,208,1.3256603
ARKUSDT,SELL,LIMIT,1701015700833,144,1.3208684
ARKUSDT,SELL,LIMIT,1701015705334,7,1.3205298
ARKUSDT,SELL,LIMIT,1701015716671,1067,1.3174713
ARKUSDT,SELL,LIMIT,1701015718087,139,1.3161603
ARKUSDT,SELL,LIMIT,1701015724173,106,1.3158810
ARKUSDT,SELL,LIMIT,1701015761720,3000,1.3156824
ARKUSDT,SELL,LIMIT,1701015775638,144,1.3126591
ARKUSDT,SELL,LIMIT,1701015777784,225,1.3082329
ARKUSDT,SELL,LIMIT,1701015832379,1,1.3030011
ARKUSDT,SELL,LIMIT,1701015835057,121,1.3019041
ARKUSDT,SELL,LIMIT,1701015837550,327,1.3013378
ARKUSDT,SELL,LIMIT,1701015841302,2131,1.2992109
ARKUSDT,SELL,LIMIT,1701015851010,408,1.2969166
ARKUSDT,SELL,LIMIT,1701015854110,146,1.2960296
ARKUSDT,SELL,LIMIT,1701015896061,284,1.2928161
ARKUSDT,SELL,LIMIT,1701015903898,592,1.2923672
ARKUSDT,SELL,LIMIT,1701015906119,1088,1.2862088
ARKUSDT,SELL,LIMIT,1701015907331,586,1.2847303
ARKUSDT,SELL,LIMIT,1701015909720,2703,1.2852495
ARKUSDT,SELL,LIMIT,1701015910896,6292,1.2826610
ARKUSDT,SELL,LIMIT,1701015912168,829,1.2817571
ARKUSDT,SELL,LIMIT,1701016014036,22,1.2833101
ARKUSDT,SELL,LIMIT,1701016028959,719,1.2893241
ARKUSDT,SELL,LIMIT,1701016030424,63,1.3062282
ARKUSDT,SELL,LIMIT,1701016033221,406,1.2863171
ARKUSDT,SELL,LIMIT,1701016035507,41,1.2848621
ARKUSDT,SELL,LIMIT,1701016042690,390,1.2873543
ARKUSDT,SELL,LIMIT,1701016043804,1198,1.3259920
ARKUSDT,SELL,LIMIT,1701016045464,25,1.2837951
ARKUSDT,SELL,LIMIT,1701016047196,34,1.2813701
ARKUSDT,SELL,LIMIT,1701016048477,1045,1.2814671
ARKUSDT,SELL,LIMIT,1701016049464,69,1.2815641
ARKUSDT,SELL,LIMIT,1701016051095,47,1.2811019
ARKUSDT,SELL,LIMIT,1701016078304,58,1.2805941
ARKUSDT,SELL,LIMIT,1701016089536,64,1.2765201
ARKUSDT,SELL,LIMIT,1701016094042,137,1.2763852
ARKUSDT,SELL,LIMIT,1701016096038,76,1.2745663
ARKUSDT,SELL,LIMIT,1701016098393,58,1.2737191
ARKUSDT,SELL,LIMIT,1701016100097,66,1.2718641
ARKUSDT,SELL,LIMIT,1701016101119,150,1.2718641
ARKUSDT,SELL,LIMIT,1701016102747,85,1.2712990
ARKUSDT,SELL,LIMIT,1701016123516,2,1.2705832
ARKUSDT,SELL,LIMIT,1701016131263,72,1.2701881
ARKUSDT,SELL,LIMIT,1701016132285,342,1.2660369
ARKUSDT,SELL,LIMIT,1701016133303,372,1.2669548
ARKUSDT,SELL,LIMIT,1701016134383,80,1.2655643
ARKUSDT,SELL,LIMIT,1701016135386,144,1.2511881
ARKUSDT,SELL,LIMIT,1701016136398,52,1.2535993
ARKUSDT,SELL,LIMIT,1701016137410,2627,1.2458853
ARKUSDT,SELL,LIMIT,1701016138442,3103,1.2396245
ARKUSDT,SELL,LIMIT,1701016541143,1883,1.2606909
ARKUSDT,BUY,LIMIT,1701016859055,55,1.3661921
ARKUSDT,BUY,LIMIT,1701016860083,548,1.3740269
ARKUSDT,BUY,LIMIT,1701016862578,81,1.3772977
ARKUSDT,BUY,LIMIT,1701016864370,990,1.3815837
ARKUSDT,BUY,LIMIT,1701016865708,65,1.3916130
ARKUSDT,BUY,LIMIT,1701016898438,48,1.3952690
ARKUSDT,BUY,LIMIT,1701016956106,183,1.3996860
ARKUSDT,BUY,LIMIT,1701016957300,109,1.3996961
ARKUSDT,BUY,LIMIT,1701016967536,379,1.4009514
ARKUSDT,BUY,LIMIT,1701016973702,15,1.4013569
ARKUSDT,BUY,LIMIT,1701016975701,13,1.4018625
ARKUSDT,BUY,LIMIT,1701016994444,134,1.4089656
ARKUSDT,BUY,LIMIT,1701017069046,1204,1.3943449
ARKUSDT,SELL,LIMIT,1701017207274,1576,1.2782403
ARKUSDT,SELL,LIMIT,1701017208873,1197,1.2723947
ARKUSDT,SELL,LIMIT,1701017209985,373,1.2637661
ARKUSDT,SELL,LIMIT,1701017211979,31,1.2612750
ARKUSDT,SELL,LIMIT,1701017213652,879,1.2579014
ARKUSDT,SELL,LIMIT,1701017215575,27,1.2561645
ARKUSDT,SELL,LIMIT,1701017235883,2046,1.2543592
ARKUSDT,SELL,LIMIT,1701017242299,817,1.2528889
ARKUSDT,SELL,LIMIT,1701017399165,1119,1.2522379
ARKUSDT,SELL,LIMIT,1701017401029,279,1.2516800
ARKUSDT,SELL,LIMIT,1701017402291,217,1.2507712
ARKUSDT,SELL,LIMIT,1701017403318,171,1.2510036
ARKUSDT,SELL,LIMIT,1701017436078,2000,1.2502597
ARKUSDT,SELL,LIMIT,1701017437565,455,1.2497790
ARKUSDT,BUY,LIMIT,1701017830673,50,1.3566272
ARKUSDT,SELL,LIMIT,1701018020337,739,1.2535843
ARKUSDT,SELL,LIMIT,1701018021834,53,1.2500727
ARKUSDT,SELL,LIMIT,1701018023675,241,1.2478978
ARKUSDT,SELL,LIMIT,1701018047156,21,1.2456507
ARKUSDT,SELL,LIMIT,1701018048245,800,1.2445245
ARKUSDT,BUY,LIMIT,1701018575545,2886,1.3586794
ARKUSDT,BUY,LIMIT,1701018582581,149,1.3629841
ARKUSDT,BUY,LIMIT,1701018583899,450,1.3698964
ARKUSDT,BUY,LIMIT,1701018590076,376,1.3733051
ARKUSDT,BUY,LIMIT,1701018801554,10000,1.3645440
ARKUSDT,BUY,LIMIT,1701019252494,2199,1.3834071
ARKUSDT,BUY,LIMIT,1701019257540,2292,1.3857360
ARKUSDT,BUY,LIMIT,1701019270590,157,1.3903933
ARKUSDT,BUY,LIMIT,1701019272789,1847,1.3912059
ARKUSDT,BUY,LIMIT,1701019308821,48,1.3945208
ARKUSDT,BUY,LIMIT,1701019318663,156,1.3971905
ARKUSDT,BUY,LIMIT,1701019490418,440,1.3995079
ARKUSDT,BUY,LIMIT,1701019515290,14,1.4010825
ARKUSDT,BUY,LIMIT,1701019516894,120,1.4014355
ARKUSDT,SELL,LIMIT,1701022573902,365,1.3010733
ARKUSDT,SELL,LIMIT,1701022578902,199,1.3001177
ARKUSDT,SELL,LIMIT,1701022580226,1611,1.2998737
ARKUSDT,SELL,LIMIT,1701022582372,586,1.2988224
ARKUSDT,SELL,LIMIT,1701023139109,44,1.3010358
ARKUSDT,SELL,LIMIT,1701023175519,1388,1.3000911
ARKUSDT,SELL,LIMIT,1701023392792,110,1.2967751
ARKUSDT,SELL,LIMIT,1701023393803,3005,1.2965121
ARKUSDT,SELL,LIMIT,1701023431644,46,1.2939330
ARKUSDT,SELL,LIMIT,1701023444447,775,1.2936024
ARKUSDT,SELL,LIMIT,1701023984851,31,1.3067915
ARKUSDT,SELL,LIMIT,1701024472237,367,1.2902362
ARKUSDT,SELL,LIMIT,1701024473283,352,1.2900686
ARKUSDT,SELL,LIMIT,1701024474906,22,1.2850376
ARKUSDT,SELL,LIMIT,1701025024737,2524,1.2962111
ARKUSDT,SELL,LIMIT,1701025757311,39,1.2869684
ARKUSDT,SELL,LIMIT,1701025769719,440,1.2865111
ARKUSDT,SELL,LIMIT,1701025840000,147,1.2833983
ARKUSDT,SELL,LIMIT,1701025884136,36,1.2824479
ARKUSDT,SELL,LIMIT,1701025920281,250,1.2822228
ARKUSDT,SELL,LIMIT,1701025922271,25,1.2820368
ARKUSDT,SELL,LIMIT,1701025923365,8,1.2800208
ARKUSDT,SELL,LIMIT,1701025949718,13,1.2773622
ARKUSDT,SELL,LIMIT,1701025957063,115,1.2750317
ARKUSDT,SELL,LIMIT,1701025960672,290,1.2755291
ARKUSDT,SELL,LIMIT,1701025962892,13,1.2740494
ARKUSDT,SELL,LIMIT,1701025964535,168,1.2740365
ARKUSDT,SELL,LIMIT,1701025967171,528,1.2734648
ARKUSDT,SELL,LIMIT,1701025968191,772,1.2731763
ARKUSDT,SELL,LIMIT,1701025978309,17,1.2702590
ARKUSDT,SELL,LIMIT,1701025981074,318,1.2678242
ARKUSDT,SELL,LIMIT,1701025983073,136,1.2648989
ARKUSDT,SELL,LIMIT,1701025986661,61,1.2667671
ARKUSDT,SELL,LIMIT,1701026068687,523,1.2631086
ARKUSDT,SELL,LIMIT,1701026786152,191,1.2605858
ARKUSDT,SELL,LIMIT,1701026827154,9,1.2599653
ARKUSDT,SELL,LIMIT,1701026828270,815,1.2601071
ARKUSDT,SELL,LIMIT,1701026837118,17,1.2582768
ARKUSDT,SELL,LIMIT,1701026939361,37,1.2563546
ARKUSDT,SELL,LIMIT,1701026994438,55,1.2546651
ARKUSDT,SELL,LIMIT,1701027246547,7054,1.2527072
ARKUSDT,SELL,LIMIT,1701027312179,556,1.2514368
ARKUSDT,SELL,LIMIT,1701027318312,73,1.2512095
ARKUSDT,SELL,LIMIT,1701027819129,500,1.2504349
ARKUSDT,SELL,LIMIT,1701027843153,21,1.2500562
ARKUSDT,SELL,LIMIT,1701027883230,634,1.2492281
ARKUSDT,SELL,LIMIT,1701027924077,28,1.2460783
ARKUSDT,SELL,LIMIT,1701027926639,151,1.2433368
ARKUSDT,SELL,LIMIT,1701027933597,7,1.2420428
ARKUSDT,SELL,LIMIT,1701027941404,213,1.2405238
ARKUSDT,SELL,LIMIT,1701027942405,1,1.2409613
ARKUSDT,SELL,LIMIT,1701028327079,58,1.2385631
ARKUSDT,SELL,LIMIT,1701028328084,5587,1.2374990
ARKUSDT,SELL,LIMIT,1701028329333,6787,1.2344690
ARKUSDT,SELL,LIMIT,1701028333297,308,1.2345000
ARKUSDT,SELL,LIMIT,1701028348704,5000,1.2334943
ARKUSDT,SELL,LIMIT,1701028357876,91,1.2335312
ARKUSDT,SELL,LIMIT,1701028376299,136,1.2323128
ARKUSDT,SELL,LIMIT,1701028377439,91,1.2321107
ARKUSDT,SELL,LIMIT,1701028378543,41,1.2318001
ARKUSDT,SELL,LIMIT,1701028379585,197,1.2290843
ARKUSDT,SELL,LIMIT,1701028380589,92,1.2285001
ARKUSDT,SELL,LIMIT,1701028896038,22,1.2260537
ARKUSDT,SELL,LIMIT,1701028897058,724,1.2248023
ARKUSDT,SELL,LIMIT,1701028898059,214,1.2237788
ARKUSDT,SELL,LIMIT,1701028899276,9,1.2236288
ARKUSDT,SELL,LIMIT,1701028900440,185,1.2233719
ARKUSDT,SELL,LIMIT,1701028901463,1073,1.2227169
ARKUSDT,BUY,LIMIT,1701029107955,19,1.3044533
ARKUSDT,BUY,LIMIT,1701029320683,17,1.3353456
ARKUSDT,BUY,LIMIT,1701029336051,23,1.3383679
ARKUSDT,BUY,LIMIT,1701029337204,1548,1.3390988
ARKUSDT,BUY,LIMIT,1701029338590,443,1.3397482
ARKUSDT,BUY,LIMIT,1701029839076,1196,1.3415012
ARKUSDT,BUY,LIMIT,1701029929163,298,1.3473986
ARKUSDT,BUY,LIMIT,1701030419284,7,1.3546946
ARKUSDT,BUY,LIMIT,1701030525290,33,1.3574186
ARKUSDT,BUY,LIMIT,1701030531944,11,1.3584412
ARKUSDT,BUY,LIMIT,1701030828092,249,1.3621595
ARKUSDT,BUY,LIMIT,1701030829097,39,1.3749218
ARKUSDT,BUY,LIMIT,1701030830151,30,1.3784872
ARKUSDT,BUY,LIMIT,1701031298341,74,1.3734865
ARKUSDT,BUY,LIMIT,1701031800882,24,1.3723720
ARKUSDT,BUY,LIMIT,1701040306377,29,1.3578841
ARKUSDT,BUY,LIMIT,1701040580377,511,1.3665708
ARKUSDT,SELL,LIMIT,1701043064842,1085,1.2730014
ARKUSDT,SELL,LIMIT,1701043417301,273,1.2608980
ARKUSDT,SELL,LIMIT,1701043418310,6964,1.2601426
ARKUSDT,SELL,LIMIT,1701043425294,193,1.2593012
ARKUSDT,SELL,LIMIT,1701043426766,46,1.2588607
ARKUSDT,SELL,LIMIT,1701043430715,1603,1.2581499
ARKUSDT,SELL,LIMIT,1701043431769,169,1.2573532
ARKUSDT,SELL,LIMIT,1701043460978,96,1.2561636
ARKUSDT,SELL,LIMIT,1701043462181,24,1.2549619
ARKUSDT,SELL,LIMIT,1701043467008,257,1.2541902
ARKUSDT,SELL,LIMIT,1701043484433,196,1.2539660
ARKUSDT,SELL,LIMIT,1701043487218,435,1.2534560
ARKUSDT,SELL,LIMIT,1701043492891,226,1.2528377
ARKUSDT,BUY,LIMIT,1701043643893,287,1.3286981
ARKUSDT,BUY,LIMIT,1701045802554,275,1.3332188
ARKUSDT,SELL,LIMIT,1701045898023,7,1.2516768
ARKUSDT,SELL,LIMIT,1701045903852,37,1.2513628
ARKUSDT,SELL,LIMIT,1701045905487,66,1.2510570
ARKUSDT,SELL,LIMIT,1701045908636,36,1.2502047
ARKUSDT,SELL,LIMIT,1701045929288,34,1.2495413
ARKUSDT,SELL,LIMIT,1701045930818,11,1.2485122
ARKUSDT,SELL,LIMIT,1701045946725,3005,1.2473336
ARKUSDT,SELL,LIMIT,1701045949283,179,1.2465059
ARKUSDT,SELL,LIMIT,1701045985187,303,1.2446164
ARKUSDT,SELL,LIMIT,1701045986243,12,1.2447022
ARKUSDT,SELL,LIMIT,1701045998782,62,1.2431916
ARKUSDT,SELL,LIMIT,1701046041301,7,1.2407953
ARKUSDT,SELL,LIMIT,1701046042690,82,1.2396276
ARKUSDT,SELL,LIMIT,1701046046266,151,1.2395067
ARKUSDT,SELL,LIMIT,1701046049083,195,1.2387058
ARKUSDT,SELL,LIMIT,1701046063395,63,1.2380177
ARKUSDT,SELL,LIMIT,1701048390693,33,1.2573141
ARKUSDT,BUY,LIMIT,1701049422522,6,1.3488173
ARKUSDT,BUY,LIMIT,1701049779629,179,1.3519659
ARKUSDT,BUY,LIMIT,1701050023610,136,1.3529619
ARKUSDT,BUY,LIMIT,1701050132066,324,1.3586827
ARKUSDT,BUY,LIMIT,1701050145652,12,1.3604632
ARKUSDT,BUY,LIMIT,1701050153330,6,1.3613006
ARKUSDT,BUY,LIMIT,1701050162418,1265,1.3625516
ARKUSDT,BUY,LIMIT,1701050169845,42,1.3636152
ARKUSDT,BUY,LIMIT,1701050220321,1931,1.3670138
ARKUSDT,BUY,LIMIT,1701050227031,633,1.3693677
ARKUSDT,BUY,LIMIT,1701050420542,7,1.3715746
ARKUSDT,BUY,LIMIT,1701050422574,91,1.3728477
ARKUSDT,SELL,LIMIT,1701052439417,47,1.2564065
ARKUSDT,SELL,LIMIT,1701052671944,68,1.2540283
ARKUSDT,SELL,LIMIT,1701052858057,9,1.2520938
ARKUSDT,SELL,LIMIT,1701054440814,150,1.2488691
ARKUSDT,SELL,LIMIT,1701054456240,65,1.2477601
ARKUSDT,SELL,LIMIT,1701054470277,3050,1.2459704
ARKUSDT,SELL,LIMIT,1701054652712,97,1.2440970
ARKUSDT,SELL,LIMIT,1701054653919,445,1.2426759
ARKUSDT,SELL,LIMIT,1701054655115,1074,1.2412651
ARKUSDT,SELL,LIMIT,1701054660186,391,1.2418259
ARKUSDT,SELL,LIMIT,1701054946471,5,1.2390609
ARKUSDT,SELL,LIMIT,1701054949022,198,1.2379000
ARKUSDT,SELL,LIMIT,1701054952974,214,1.2375540
ARKUSDT,SELL,LIMIT,1701054979548,1017,1.2389584
ARKUSDT,SELL,LIMIT,1701055038746,151,1.2372764
ARKUSDT,SELL,LIMIT,1701055065091,39,1.2379141
ARKUSDT,SELL,LIMIT,1701055593870,230,1.2367976
ARKUSDT,SELL,LIMIT,1701055605067,100,1.2349111
ARKUSDT,SELL,LIMIT,1701055606141,61,1.2352601
ARKUSDT,SELL,LIMIT,1701055615130,625,1.2337715
ARKUSDT,SELL,LIMIT,1701055694068,4,1.2354891
ARKUSDT,SELL,LIMIT,1701056054349,81,1.2366557
ARKUSDT,SELL,LIMIT,1701056062821,34,1.2327770
ARKUSDT,SELL,LIMIT,1701056065045,4,1.2326091
ARKUSDT,SELL,LIMIT,1701056068634,154,1.2315951
ARKUSDT,SELL,LIMIT,1701056069649,323,1.2315544
ARKUSDT,SELL,LIMIT,1701056070744,109,1.2308859
ARKUSDT,SELL,LIMIT,1701056071916,142,1.2297234
ARKUSDT,SELL,LIMIT,1701056084455,102,1.2288937
ARKUSDT,SELL,LIMIT,1701056085905,24,1.2284240
ARKUSDT,SELL,LIMIT,1701056093321,383,1.2283237
ARKUSDT,SELL,LIMIT,1701056108268,214,1.2274232
ARKUSDT,SELL,LIMIT,1701056112170,86,1.2275128
ARKUSDT,SELL,LIMIT,1701056163683,200,1.2270955
ARKUSDT,SELL,LIMIT,1701056181824,101,1.2265693
ARKUSDT,SELL,LIMIT,1701056190703,364,1.2261487
ARKUSDT,SELL,LIMIT,1701056191931,350,1.2260054
ARKUSDT,SELL,LIMIT,1701056193446,7,1.2257783
ARKUSDT,SELL,LIMIT,1701056196091,773,1.2255681
ARKUSDT,SELL,LIMIT,1701056868026,15,1.2349207
ARKUSDT,SELL,LIMIT,1701058860337,1067,1.2261049
ARKUSDT,SELL,LIMIT,1701058862584,3104,1.2244279
ARKUSDT,SELL,LIMIT,1701058863792,317,1.2233157
ARKUSDT,SELL,LIMIT,1701058871478,78,1.2228561
ARKUSDT,SELL,LIMIT,1701058874114,2476,1.2213777
ARKUSDT,SELL,LIMIT,1701058875354,20,1.2213830
ARKUSDT,SELL,LIMIT,1701058905748,180,1.2202621
ARKUSDT,SELL,LIMIT,1701058956664,47,1.2194299
ARKUSDT,SELL,LIMIT,1701058974306,427,1.2182611
ARKUSDT,SELL,LIMIT,1701058998106,57,1.2170552
ARKUSDT,SELL,LIMIT,1701058999120,16,1.2164391
ARKUSDT,SELL,LIMIT,1701059005492,13,1.2154189
ARKUSDT,SELL,LIMIT,1701059007363,56,1.2147386
ARKUSDT,SELL,LIMIT,1701059042910,182,1.2142597
ARKUSDT,SELL,LIMIT,1701059044767,19,1.2142602
ARKUSDT,SELL,LIMIT,1701059127057,9,1.2139339
ARKUSDT,SELL,LIMIT,1701059168996,144,1.2131801
ARKUSDT,SELL,LIMIT,1701059226012,28,1.2130328
ARKUSDT,SELL,LIMIT,1701059256287,95,1.2126666
ARKUSDT,SELL,LIMIT,1701059262175,59,1.2122870
ARKUSDT,SELL,LIMIT,1701059268934,1988,1.2120546
ARKUSDT,SELL,LIMIT,1701059725074,79,1.2099346
ARKUSDT,SELL,LIMIT,1701059726276,484,1.2100634
ARKUSDT,SELL,LIMIT,1701060628861,2428,1.2082151
ARKUSDT,SELL,LIMIT,1701060630645,891,1.2078939
ARKUSDT,SELL,LIMIT,1701060633047,166,1.2075643
ARKUSDT,SELL,LIMIT,1701060651420,8,1.2069768
ARKUSDT,SELL,LIMIT,1701060706079,140,1.2063335
ARKUSDT,SELL,LIMIT,1701060707368,508,1.2063251
ARKUSDT,SELL,LIMIT,1701060710181,542,1.2061014
ARKUSDT,SELL,LIMIT,1701060719305,1025,1.2054890
ARKUSDT,SELL,LIMIT,1701060724634,100,1.2053544
ARKUSDT,SELL,LIMIT,1701060765378,3694,1.2042646
ARKUSDT,BUY,LIMIT,1701061751139,181,1.3050206
ARKUSDT,BUY,LIMIT,1701061948669,125,1.3067415
ARKUSDT,BUY,LIMIT,1701061949777,25,1.3083047
ARKUSDT,BUY,LIMIT,1701061978434,14,1.3087265
ARKUSDT,BUY,LIMIT,1701063843589,35,1.3104403
ARKUSDT,BUY,LIMIT,1701063849748,65,1.3105190
ARKUSDT,BUY,LIMIT,1701063868550,9,1.3111447
ARKUSDT,BUY,LIMIT,1701063870809,163,1.3123948
ARKUSDT,BUY,LIMIT,1701063985600,175,1.3133542
