Symbol,Side,Order Type,Time,Quantity,Price
ARPAUSDT,SELL,LIMIT,1701941155364,4565,0.05019
ARPAUSDT,SELL,LIMIT,1701941169050,852,0.05017
ARPAUSDT,SELL,LIMIT,1701941175314,379,0.05015
ARPAUSDT,SELL,LIMIT,1701941185209,2188,0.05009
ARPAUSDT,SELL,LIMIT,1701941237265,2000,0.04997
ARPAUSDT,SELL,LIMIT,1701941239094,11502,0.04993
ARPAUSDT,SELL,LIMIT,1701941240577,23804,0.04994
ARPAUSDT,SELL,LIMIT,1701941245292,11361,0.04990
ARPAUSDT,BUY,LIMIT,1701963897831,3548,0.05399
ARPAUSDT,BUY,LIMIT,1701965931364,360,0.05485
ARPAUSDT,BUY,LIMIT,1701967173520,6876,0.05501
ARPAUSDT,BUY,LIMIT,1701968111189,1270,0.05529
ARPAUSDT,BUY,LIMIT,1701968112238,503,0.05530
ARPAUSDT,SELL,LIMIT,1701977298131,36920,0.05147
ARPAUSDT,SELL,LIMIT,1701977314817,7131,0.05143
ARPAUSDT,SELL,LIMIT,1702002165254,2798,0.05259
ARPAUSDT,BUY,LIMIT,1702007017540,6455,0.05537
ARPAUSDT,BUY,LIMIT,1702007154541,522,0.05542
ARPAUSDT,BUY,LIMIT,1702009426924,2541,0.05579
ARPAUSDT,BUY,LIMIT,1702009429262,742,0.05580
ARPAUSDT,SELL,LIMIT,1702020223211,3703,0.05252
ARPAUSDT,BUY,LIMIT,1702035894590,2300,0.05515
ARPAUSDT,BUY,LIMIT,1702064195892,1227,0.05546
ARPAUSDT,SELL,LIMIT,1702067590379,20293,0.05379
ARPAUSDT,BUY,LIMIT,1702069046687,377,0.05617
ARPAUSDT,BUY,LIMIT,1702072832153,5152,0.05631
ARPAUSDT,BUY,LIMIT,1702078177083,32766,0.05659
ARPAUSDT,BUY,LIMIT,1702080768079,92302,0.05688
ARPAUSDT,BUY,LIMIT,1702081567387,91584,0.05694
ARPAUSDT,BUY,LIMIT,1702081777341,1002,0.05706
ARPAUSDT,SELL,LIMIT,1702108482399,94139,0.05473
ARPAUSDT,SELL,LIMIT,1702109231641,5815,0.05479
ARPAUSDT,BUY,LIMIT,1702109244834,765,0.05700
ARPAUSDT,BUY,LIMIT,1702110068752,94139,0.05703
ARPAUSDT,SELL,LIMIT,1702111031400,2542,0.05365
ARPAUSDT,SELL,LIMIT,1702111046973,20873,0.05364
ARPAUSDT,SELL,LIMIT,1702111373183,893,0.05319
ARPAUSDT,SELL,LIMIT,1702111378372,9109,0.05312
ARPAUSDT,SELL,LIMIT,1702111380388,890,0.05309
ARPAUSDT,SELL,LIMIT,1702111386281,4744,0.05297
ARPAUSDT,SELL,LIMIT,1702139292249,449,0.05285
ARPAUSDT,SELL,LIMIT,1702141563200,206,0.05275
ARPAUSDT,SELL,LIMIT,1702141842084,1646,0.05249
ARPAUSDT,SELL,LIMIT,1702141843264,3638,0.05254
ARPAUSDT,SELL,LIMIT,1702141847322,2449,0.05241
ARPAUSDT,SELL,LIMIT,1702141849833,4804,0.05237
ARPAUSDT,SELL,LIMIT,1702141852471,2933,0.05257
ARPAUSDT,SELL,LIMIT,1702153866433,3091,0.05283
ARPAUSDT,SELL,LIMIT,1702164608938,1846,0.05261
ARPAUSDT,SELL,LIMIT,1702164803829,1839,0.05240
ARPAUSDT,SELL,LIMIT,1702164807474,16764,0.05234
ARPAUSDT,SELL,LIMIT,1702164808563,8370,0.05231
ARPAUSDT,SELL,LIMIT,1702164811119,3859,0.05223
ARPAUSDT,SELL,LIMIT,1702164812769,11957,0.05220
ARPAUSDT,SELL,LIMIT,1702164817421,20798,0.05235
ARPAUSDT,BUY,LIMIT,1702189389115,6359,0.05644
ARPAUSDT,SELL,LIMIT,1702200881874,90958,0.05226
ARPAUSDT,SELL,LIMIT,1702200919623,1562,0.05216
ARPAUSDT,SELL,LIMIT,1702200935573,36512,0.05212
ARPAUSDT,SELL,LIMIT,1702202153401,636,0.05205
ARPAUSDT,SELL,LIMIT,1702202156100,1828,0.05205
ARPAUSDT,SELL,LIMIT,1702202157134,901,0.05200
ARPAUSDT,SELL,LIMIT,1702202253232,3048,0.05193
ARPAUSDT,SELL,LIMIT,1702202275915,13976,0.05186
ARPAUSDT,SELL,LIMIT,1702202281081,549,0.05184
ARPAUSDT,SELL,LIMIT,1702202282395,689,0.05184
ARPAUSDT,SELL,LIMIT,1702202327164,545,0.05172
ARPAUSDT,SELL,LIMIT,1702202363465,18389,0.05162
ARPAUSDT,SELL,LIMIT,1702202365275,3686,0.05160
ARPAUSDT,SELL,LIMIT,1702202368843,18035,0.05158
ARPAUSDT,SELL,LIMIT,1702202371876,5740,0.05154
ARPAUSDT,SELL,LIMIT,1702202374577,184,0.05154
ARPAUSDT,SELL,LIMIT,1702202381537,2267,0.05153
ARPAUSDT,SELL,LIMIT,1702256917390,1825,0.05191
ARPAUSDT,SELL,LIMIT,1702256918426,37777,0.05179
ARPAUSDT,SELL,LIMIT,1702260439933,363,0.05162
ARPAUSDT,SELL,LIMIT,1702260440956,179,0.05160
ARPAUSDT,SELL,LIMIT,1702260447097,83165,0.05154
ARPAUSDT,SELL,LIMIT,1702260620837,7877,0.05146
ARPAUSDT,SELL,LIMIT,1702260623884,4615,0.05145
ARPAUSDT,SELL,LIMIT,1702260626585,5723,0.05159
ARPAUSDT,SELL,LIMIT,1702260627879,8282,0.05141
ARPAUSDT,SELL,LIMIT,1702260629176,17295,0.05136
ARPAUSDT,SELL,LIMIT,1702260630645,21370,0.05145
ARPAUSDT,SELL,LIMIT,1702260632100,14364,0.05133
ARPAUSDT,SELL,LIMIT,1702260634939,2377,0.05130
ARPAUSDT,SELL,LIMIT,1702260701268,6067,0.05109
ARPAUSDT,SELL,LIMIT,1702260703353,87879,0.05104
ARPAUSDT,SELL,LIMIT,1702260707725,9064,0.05101
ARPAUSDT,SELL,LIMIT,1702260710227,19376,0.05096
ARPAUSDT,SELL,LIMIT,1702260711255,10284,0.05089
ARPAUSDT,SELL,LIMIT,1702260714517,10000,0.05081
ARPAUSDT,SELL,LIMIT,1702260715540,9363,0.05075
ARPAUSDT,SELL,LIMIT,1702260718199,8694,0.05072
ARPAUSDT,SELL,LIMIT,1702260719882,74057,0.05069
ARPAUSDT,SELL,LIMIT,1702260724403,9029,0.05143
ARPAUSDT,SELL,LIMIT,1702260725699,17792,0.05060
ARPAUSDT,SELL,LIMIT,1702260730145,6938,0.05058
ARPAUSDT,SELL,LIMIT,1702260731792,222,0.05057
ARPAUSDT,SELL,LIMIT,1702260733398,16403,0.05057
ARPAUSDT,SELL,LIMIT,1702260734566,1831,0.05105
ARPAUSDT,SELL,LIMIT,1702260736024,822,0.05055
ARPAUSDT,SELL,LIMIT,1702260738100,9611,0.05051
ARPAUSDT,SELL,LIMIT,1702260739629,63569,0.05049
ARPAUSDT,SELL,LIMIT,1702260740665,3004,0.05050
ARPAUSDT,SELL,LIMIT,1702260741923,55,0.05047
ARPAUSDT,SELL,LIMIT,1702260743167,9582,0.05063
ARPAUSDT,SELL,LIMIT,1702260744458,7322,0.05043
ARPAUSDT,SELL,LIMIT,1702260745563,863,0.05188
ARPAUSDT,SELL,LIMIT,1702260747703,1879,0.05038
ARPAUSDT,SELL,LIMIT,1702260749579,396,0.05034
ARPAUSDT,SELL,LIMIT,1702260750849,12664,0.05033
ARPAUSDT,SELL,LIMIT,1702260751949,18518,0.05045
ARPAUSDT,SELL,LIMIT,1702260753059,5822,0.05031
ARPAUSDT,SELL,LIMIT,1702260754226,1181,0.05026
ARPAUSDT,SELL,LIMIT,1702260755806,18019,0.05023
ARPAUSDT,SELL,LIMIT,1702260757259,21784,0.05015
ARPAUSDT,SELL,LIMIT,1702260759352,84389,0.05007
ARPAUSDT,SELL,LIMIT,1702260760568,112,0.05029
ARPAUSDT,SELL,LIMIT,1702260761660,3427,0.05001
ARPAUSDT,SELL,LIMIT,1702260762689,223,0.04980
ARPAUSDT,SELL,LIMIT,1702260763848,5593,0.04977
ARPAUSDT,SELL,LIMIT,1702260765505,4041,0.04977
ARPAUSDT,SELL,LIMIT,1702260766547,6488,0.04973
ARPAUSDT,SELL,LIMIT,1702260767640,314,0.04964
ARPAUSDT,SELL,LIMIT,1702260768643,10020,0.04966
ARPAUSDT,SELL,LIMIT,1702260769558,49955,0.04963
ARPAUSDT,SELL,LIMIT,1702260770842,9158,0.04941
ARPAUSDT,SELL,LIMIT,1702260771858,851,0.05096
ARPAUSDT,SELL,LIMIT,1702260772946,894,0.04918
ARPAUSDT,SELL,LIMIT,1702260774471,868,0.04923
ARPAUSDT,SELL,LIMIT,1702260775666,1984,0.04921
ARPAUSDT,SELL,LIMIT,1702260777762,96,0.04917
ARPAUSDT,SELL,LIMIT,1702260778846,16765,0.04957
ARPAUSDT,SELL,LIMIT,1702260780169,11152,0.04904
ARPAUSDT,SELL,LIMIT,1702260781187,968,0.04887
ARPAUSDT,SELL,LIMIT,1702260782686,1435,0.04871
ARPAUSDT,SELL,LIMIT,1702260783722,6572,0.04868
ARPAUSDT,SELL,LIMIT,1702260784810,98819,0.04860
ARPAUSDT,SELL,LIMIT,1702260785832,6757,0.04838
ARPAUSDT,SELL,LIMIT,1702260786942,18695,0.04829
ARPAUSDT,SELL,LIMIT,1702260788054,3845,0.04832
ARPAUSDT,SELL,LIMIT,1702260789149,20577,0.04829
ARPAUSDT,SELL,LIMIT,1702260791132,26581,0.04834
ARPAUSDT,SELL,LIMIT,1702260792306,391,0.04805
ARPAUSDT,SELL,LIMIT,1702260793514,3292,0.04793
ARPAUSDT,SELL,LIMIT,1702260794539,7357,0.04812
ARPAUSDT,SELL,LIMIT,1702260796137,33568,0.04769
ARPAUSDT,SELL,LIMIT,1702260797487,632,0.04783
ARPAUSDT,SELL,LIMIT,1702260799323,2781,0.04759
ARPAUSDT,SELL,LIMIT,1702260800329,35391,0.04754
ARPAUSDT,SELL,LIMIT,1702260801337,279,0.04746
ARPAUSDT,SELL,LIMIT,1702260803311,4874,0.04744
ARPAUSDT,SELL,LIMIT,1702260804368,1922,0.04720
ARPAUSDT,SELL,LIMIT,1702260805469,9250,0.04714
ARPAUSDT,SELL,LIMIT,1702260806600,37639,0.04754
ARPAUSDT,SELL,LIMIT,1702260807906,97,0.04705
ARPAUSDT,SELL,LIMIT,1702260810303,92061,0.04701
ARPAUSDT,SELL,LIMIT,1702260811605,15245,0.04705
ARPAUSDT,SELL,LIMIT,1702260814073,5247,0.04701
ARPAUSDT,BUY,LIMIT,1702260815122,218,0.04877
ARPAUSDT,SELL,LIMIT,1702260818151,32784,0.04670
ARPAUSDT,SELL,LIMIT,1702260819240,8375,0.04673
ARPAUSDT,SELL,LIMIT,1702260820606,2600,0.04665
ARPAUSDT,SELL,LIMIT,1702260822238,361,0.04679
ARPAUSDT,BUY,LIMIT,1702260904721,836,0.05043
ARPAUSDT,SELL,LIMIT,1702261327367,314,0.04887
ARPAUSDT,SELL,LIMIT,1702262615562,2574,0.04804
ARPAUSDT,SELL,LIMIT,1702262873709,1073,0.04808
