Symbol,Side,Order Type,Time,Quantity,Price
ARUSDT,BUY,LIMIT,1701072012124,62.1,7.619
ARUSDT,BUY,LIMIT,1701072516213,457.1,7.625
ARUSDT,BUY,LIMIT,1701072523434,1.0,7.628
ARUSDT,BUY,LIMIT,1701072678138,24.3,7.644
ARUSDT,SELL,LIMIT,1701075201108,664.9,7.350
ARUSDT,SELL,LIMIT,1701081438404,7.1,7.331
ARUSDT,SELL,LIMIT,1701082676444,1.4,7.288
ARUSDT,SELL,LIMIT,1701082703178,49.1,7.282
ARUSDT,SELL,LIMIT,1701092890909,48.8,7.317
ARUSDT,BUY,LIMIT,1701093341175,1.2,7.572
ARUSDT,SELL,LIMIT,1701095515236,35.8,7.277
ARUSDT,SELL,LIMIT,1701097044148,123.8,7.253
ARUSDT,SELL,LIMIT,1701097065878,319.4,7.253
ARUSDT,SELL,LIMIT,1701100626186,29.3,7.252
ARUSDT,SELL,LIMIT,1701100878258,7.6,7.230
ARUSDT,SELL,LIMIT,1701101167441,51.2,7.223
ARUSDT,BUY,LIMIT,1701101656608,287.5,7.487
ARUSDT,SELL,LIMIT,1701111581054,345.0,7.265
ARUSDT,SELL,LIMIT,1701112139334,646.0,7.245
ARUSDT,SELL,LIMIT,1701114163445,1.4,7.219
ARUSDT,SELL,LIMIT,1701114205080,26.0,7.209
ARUSDT,SELL,LIMIT,1701114217309,8.2,7.207
ARUSDT,SELL,LIMIT,1701114236342,0.7,7.225
ARUSDT,SELL,LIMIT,1701114239972,138.3,7.195
ARUSDT,SELL,LIMIT,1701114264184,9.0,7.186
ARUSDT,SELL,LIMIT,1701114352848,0.8,7.185
ARUSDT,SELL,LIMIT,1701114463769,1.1,7.178
ARUSDT,SELL,LIMIT,1701114475669,53.9,7.202
ARUSDT,SELL,LIMIT,1701114476769,426.8,7.172
ARUSDT,SELL,LIMIT,1701114479037,659.1,7.160
ARUSDT,SELL,LIMIT,1701114481554,111.5,7.153
ARUSDT,SELL,LIMIT,1701114483907,30.5,7.151
ARUSDT,SELL,LIMIT,1701114568945,10.6,7.147
ARUSDT,BUY,LIMIT,1701114661537,20.8,7.402
ARUSDT,SELL,LIMIT,1701117177245,12.4,7.169
ARUSDT,SELL,LIMIT,1701123661423,34.8,7.220
ARUSDT,BUY,LIMIT,1701125960273,132.4,7.498
ARUSDT,BUY,LIMIT,1701128028428,0.2,7.555
ARUSDT,SELL,LIMIT,1701143254319,40.4,7.227
ARUSDT,SELL,LIMIT,1701145131130,25.2,7.236
ARUSDT,SELL,LIMIT,1701145967225,20.8,7.198
ARUSDT,SELL,LIMIT,1701148008276,678.7,7.161
ARUSDT,SELL,LIMIT,1701148100591,0.9,7.131
ARUSDT,SELL,LIMIT,1701148137225,148.7,7.126
ARUSDT,SELL,LIMIT,1701148139188,0.7,7.123
ARUSDT,SELL,LIMIT,1701148162268,9.6,7.121
ARUSDT,SELL,LIMIT,1701148163546,46.6,7.109
ARUSDT,SELL,LIMIT,1701148239281,340.7,7.115
ARUSDT,SELL,LIMIT,1701148941628,70.4,7.108
ARUSDT,SELL,LIMIT,1701149158387,91.8,7.098
ARUSDT,SELL,LIMIT,1701149195180,258.0,7.090
ARUSDT,SELL,LIMIT,1701149196266,18.1,7.090
ARUSDT,SELL,LIMIT,1701149198069,2.0,7.081
ARUSDT,SELL,LIMIT,1701149201911,55.2,7.083
ARUSDT,SELL,LIMIT,1701149830588,244.0,7.069
ARUSDT,SELL,LIMIT,1701149834665,443.6,7.062
ARUSDT,SELL,LIMIT,1701149838622,215.0,7.061
ARUSDT,SELL,LIMIT,1701149843611,8.3,7.062
ARUSDT,SELL,LIMIT,1701149851578,449.2,7.058
ARUSDT,SELL,LIMIT,1701149890378,3.1,7.053
ARUSDT,SELL,LIMIT,1701149891487,15.7,7.049
ARUSDT,SELL,LIMIT,1701149893600,445.9,7.043
ARUSDT,BUY,LIMIT,1701151820367,15.3,7.343
ARUSDT,BUY,LIMIT,1701164433243,13.8,7.479
ARUSDT,SELL,LIMIT,1701176731168,27.2,7.260
ARUSDT,BUY,LIMIT,1701190139054,43.5,7.650
ARUSDT,SELL,LIMIT,1701191234487,25.1,7.405
ARUSDT,SELL,LIMIT,1701201945686,37.0,7.440
ARUSDT,BUY,LIMIT,1701204266452,7.8,7.676
ARUSDT,BUY,LIMIT,1701206011789,186.5,7.713
ARUSDT,BUY,LIMIT,1701206204358,36.5,7.822
ARUSDT,BUY,LIMIT,1701206715046,1.9,7.878
ARUSDT,BUY,LIMIT,1701206741180,19.9,7.883
ARUSDT,BUY,LIMIT,1701206772021,86.2,7.910
ARUSDT,BUY,LIMIT,1701206880750,36.5,7.916
ARUSDT,BUY,LIMIT,1701207323349,42.7,7.934
ARUSDT,SELL,LIMIT,1701207689202,43.2,7.655
ARUSDT,BUY,LIMIT,1701207904259,8.5,7.980
ARUSDT,BUY,LIMIT,1701208581156,6.9,8.039
ARUSDT,BUY,LIMIT,1701213222898,113.9,8.055
ARUSDT,BUY,LIMIT,1701213254222,7.4,8.059
ARUSDT,BUY,LIMIT,1701213262010,13.6,8.064
ARUSDT,BUY,LIMIT,1701213417924,2.5,8.075
ARUSDT,SELL,LIMIT,1701214319086,156.5,7.819
ARUSDT,SELL,LIMIT,1701216437105,295.0,7.785
ARUSDT,BUY,LIMIT,1701238342262,288.0,8.069
ARUSDT,BUY,LIMIT,1701238434153,2.0,8.107
ARUSDT,BUY,LIMIT,1701238543084,25.3,8.126
ARUSDT,BUY,LIMIT,1701239878283,7.9,8.153
ARUSDT,BUY,LIMIT,1701240223747,295.2,8.181
ARUSDT,BUY,LIMIT,1701241214474,51.2,8.243
ARUSDT,BUY,LIMIT,1701241268872,1.2,8.256
ARUSDT,BUY,LIMIT,1701243597359,50.5,8.108
ARUSDT,BUY,LIMIT,1701247359925,7.0,8.127
ARUSDT,BUY,LIMIT,1701248659549,9.0,8.150
ARUSDT,SELL,LIMIT,1701250266387,36.3,7.858
ARUSDT,SELL,LIMIT,1701254405750,2.3,7.799
ARUSDT,SELL,LIMIT,1701254692058,124.5,7.784
ARUSDT,BUY,LIMIT,1701255559315,97.1,8.089
ARUSDT,BUY,LIMIT,1701256439538,1.4,8.104
ARUSDT,SELL,LIMIT,1701260349507,313.7,7.811
ARUSDT,BUY,LIMIT,1701266444368,2.0,8.025
ARUSDT,BUY,LIMIT,1701271496062,72.6,8.087
ARUSDT,BUY,LIMIT,1701271498278,302.0,8.094
ARUSDT,BUY,LIMIT,1701271507955,2.5,8.101
ARUSDT,SELL,LIMIT,1701272523480,257.5,7.881
ARUSDT,SELL,LIMIT,1701272829180,218.0,7.823
ARUSDT,SELL,LIMIT,1701275012898,12.6,7.770
ARUSDT,SELL,LIMIT,1701275016401,0.7,7.756
ARUSDT,SELL,LIMIT,1701275048719,37.6,7.715
ARUSDT,SELL,LIMIT,1701275245327,10.4,7.709
ARUSDT,SELL,LIMIT,1701275464310,7.1,7.697
ARUSDT,SELL,LIMIT,1701275496406,297.2,7.669
ARUSDT,SELL,LIMIT,1701275503846,6.9,7.662
ARUSDT,SELL,LIMIT,1701275506144,17.6,7.660
ARUSDT,SELL,LIMIT,1701275507163,34.7,7.662
ARUSDT,SELL,LIMIT,1701275804124,30.0,7.634
ARUSDT,SELL,LIMIT,1701275839286,6.5,7.620
ARUSDT,BUY,LIMIT,1701278040956,4.6,7.940
ARUSDT,BUY,LIMIT,1701278477553,1.9,7.948
ARUSDT,SELL,LIMIT,1701284474844,24.1,7.743
ARUSDT,SELL,LIMIT,1701285831532,7.4,7.694
ARUSDT,SELL,LIMIT,1701293883646,5.8,7.600
ARUSDT,SELL,LIMIT,1701293886306,4.6,7.593
ARUSDT,SELL,LIMIT,1701294697274,18.3,7.582
ARUSDT,SELL,LIMIT,1701294699010,136.1,7.580
ARUSDT,SELL,LIMIT,1701306286083,26.4,7.564
ARUSDT,SELL,LIMIT,1701306412722,4.0,7.561
ARUSDT,SELL,LIMIT,1701306430938,15.0,7.556
ARUSDT,SELL,LIMIT,1701306437252,6.8,7.551
ARUSDT,SELL,LIMIT,1701309462179,173.4,7.546
ARUSDT,SELL,LIMIT,1701309762102,1.1,7.527
ARUSDT,SELL,LIMIT,1701309869078,2.7,7.517
ARUSDT,SELL,LIMIT,1701309881496,7.7,7.514
ARUSDT,BUY,LIMIT,1701316080280,27.9,7.866
ARUSDT,SELL,LIMIT,1701320478889,19.8,7.615
ARUSDT,BUY,LIMIT,1701330938400,1.8,7.896
ARUSDT,SELL,LIMIT,1701333700884,300.0,7.576
ARUSDT,BUY,LIMIT,1701336611742,2.9,7.902
ARUSDT,BUY,LIMIT,1701340523145,629.3,7.952
ARUSDT,SELL,LIMIT,1701352305215,79.2,7.685
ARUSDT,SELL,LIMIT,1701352524592,8.2,7.664
ARUSDT,SELL,LIMIT,1701353010906,11.5,7.634
ARUSDT,BUY,LIMIT,1701368530156,60.7,7.963
ARUSDT,BUY,LIMIT,1701394009181,62.9,8.000
ARUSDT,BUY,LIMIT,1701394075209,493.8,8.006
ARUSDT,BUY,LIMIT,1701398988769,9.3,8.051
ARUSDT,BUY,LIMIT,1701405515309,0.7,8.059
ARUSDT,SELL,LIMIT,1701410212657,521.4,7.754
ARUSDT,BUY,LIMIT,1701414501426,59.2,8.045
ARUSDT,SELL,LIMIT,1701422246330,1.7,7.928
ARUSDT,BUY,LIMIT,1701424718148,361.2,8.190
ARUSDT,BUY,LIMIT,1701425075381,4.7,8.205
ARUSDT,BUY,LIMIT,1701426969303,11.1,8.271
ARUSDT,BUY,LIMIT,1701426974276,16.4,8.309
ARUSDT,BUY,LIMIT,1701427537076,195.1,8.350
ARUSDT,BUY,LIMIT,1701427791151,5.8,8.375
ARUSDT,BUY,LIMIT,1701427974203,10.3,8.391
ARUSDT,BUY,LIMIT,1701427975466,1.3,8.413
ARUSDT,BUY,LIMIT,1701428497919,243.5,8.482
ARUSDT,BUY,LIMIT,1701430226419,596.4,8.478
ARUSDT,BUY,LIMIT,1701430680219,13.3,8.510
ARUSDT,BUY,LIMIT,1701431014053,3.5,8.520
ARUSDT,BUY,LIMIT,1701431932210,7.0,8.529
ARUSDT,BUY,LIMIT,1701431940540,68.8,8.546
ARUSDT,BUY,LIMIT,1701431941625,299.3,8.557
ARUSDT,BUY,LIMIT,1701432039151,4.1,8.560
ARUSDT,SELL,LIMIT,1701433338265,166.8,8.267
ARUSDT,SELL,LIMIT,1701433343946,23.2,8.259
ARUSDT,SELL,LIMIT,1701433358054,4.6,8.253
ARUSDT,SELL,LIMIT,1701433506536,35.6,8.211
ARUSDT,SELL,LIMIT,1701433704464,9.8,8.204
ARUSDT,SELL,LIMIT,1701433864848,57.2,8.187
ARUSDT,SELL,LIMIT,1701434037798,56.4,8.168
ARUSDT,SELL,LIMIT,1701434682742,59.4,8.173
ARUSDT,SELL,LIMIT,1701434869832,235.5,8.159
ARUSDT,SELL,LIMIT,1701437715620,16.4,8.216
ARUSDT,SELL,LIMIT,1701438508843,10.6,8.178
ARUSDT,SELL,LIMIT,1701439749310,0.8,8.159
ARUSDT,BUY,LIMIT,1701441488363,82.5,8.462
ARUSDT,BUY,LIMIT,1701442937827,1.2,8.471
ARUSDT,BUY,LIMIT,1701444927270,18.5,8.529
ARUSDT,BUY,LIMIT,1701446761201,136.6,8.565
ARUSDT,BUY,LIMIT,1701446766287,6.0,8.575
ARUSDT,BUY,LIMIT,1701446769170,0.9,8.579
ARUSDT,BUY,LIMIT,1701446774294,41.1,8.587
ARUSDT,BUY,LIMIT,1701446883384,227.2,8.625
ARUSDT,BUY,LIMIT,1701447004557,310.6,8.648
ARUSDT,BUY,LIMIT,1701447140611,37.1,8.679
ARUSDT,BUY,LIMIT,1701447142578,20.7,8.688
ARUSDT,BUY,LIMIT,1701447174245,809.0,8.715
ARUSDT,BUY,LIMIT,1701447176535,14.8,8.693
ARUSDT,BUY,LIMIT,1701447196538,41.6,8.697
ARUSDT,BUY,LIMIT,1701447198656,2.9,8.708
ARUSDT,BUY,LIMIT,1701447203005,8.8,8.711
ARUSDT,BUY,LIMIT,1701447204501,158.5,8.718
ARUSDT,BUY,LIMIT,1701447209177,116.7,8.724
ARUSDT,BUY,LIMIT,1701447211922,332.8,8.727
ARUSDT,BUY,LIMIT,1701447317160,4.7,8.740
ARUSDT,BUY,LIMIT,1701447318275,382.7,8.741
ARUSDT,BUY,LIMIT,1701447325893,38.1,8.751
ARUSDT,BUY,LIMIT,1701447348147,126.1,8.765
ARUSDT,BUY,LIMIT,1701447351259,17.5,8.768
ARUSDT,BUY,LIMIT,1701447620082,12.6,8.785
ARUSDT,BUY,LIMIT,1701447911841,38.7,8.736
ARUSDT,SELL,LIMIT,1701449050240,3.6,8.410
ARUSDT,BUY,LIMIT,1701451138217,1.9,8.649
ARUSDT,BUY,LIMIT,1701451305174,507.7,8.663
ARUSDT,BUY,LIMIT,1701451543215,32.1,8.652
ARUSDT,SELL,LIMIT,1701452811834,19.7,8.382
ARUSDT,BUY,LIMIT,1701453276393,81.9,8.689
ARUSDT,BUY,LIMIT,1701453795687,200.0,8.686
ARUSDT,SELL,LIMIT,1701457208671,28.5,8.357
ARUSDT,SELL,LIMIT,1701459087539,47.0,8.339
ARUSDT,SELL,LIMIT,1701461953925,18.4,8.314
ARUSDT,SELL,LIMIT,1701462002539,2.2,8.304
ARUSDT,SELL,LIMIT,1701471367881,1.1,8.281
ARUSDT,SELL,LIMIT,1701475528906,475.7,8.264
ARUSDT,SELL,LIMIT,1701475575331,16.9,8.258
ARUSDT,SELL,LIMIT,1701475576371,36.8,8.246
ARUSDT,SELL,LIMIT,1701475591314,125.0,8.235
ARUSDT,SELL,LIMIT,1701475744471,2.8,8.219
ARUSDT,SELL,LIMIT,1701476965125,4.3,8.207
ARUSDT,SELL,LIMIT,1701481410344,56.7,8.192
ARUSDT,SELL,LIMIT,1701481417300,16.5,8.187
ARUSDT,SELL,LIMIT,1701481468589,2.9,8.186
ARUSDT,BUY,LIMIT,1701485997681,1.3,8.434
ARUSDT,BUY,LIMIT,1701486002223,0.1,8.435
ARUSDT,SELL,LIMIT,1701486004388,0.1,8.190
ARUSDT,SELL,LIMIT,1701486720464,543.9,8.195
ARUSDT,BUY,LIMIT,1701491323645,50.6,8.477
ARUSDT,SELL,LIMIT,1701503177526,11.9,8.256
ARUSDT,BUY,LIMIT,1701507924798,3.7,8.595
