Symbol,Side,Order Type,Time,Quantity,Price
ARUSDT,SELL,LIMIT,1701941169047,64.0,7.782
ARUSDT,SELL,LIMIT,1701941175288,367.9,7.775
ARUSDT,SELL,LIMIT,1701941182779,22.6,7.758
ARUSDT,SELL,LIMIT,1701941188336,459.2,7.748
ARUSDT,SELL,LIMIT,1701941190900,3.8,7.737
ARUSDT,SELL,LIMIT,1701941246212,9.7,7.728
ARUSDT,BUY,LIMIT,1701953976590,0.1,8.200
ARUSDT,SELL,LIMIT,1701962686635,2.3,7.968
ARUSDT,BUY,LIMIT,1701964373666,1.7,8.266
ARUSDT,BUY,LIMIT,1701966333320,12.9,8.378
ARUSDT,BUY,LIMIT,1701966851844,1.5,8.442
ARUSDT,BUY,LIMIT,1701967155660,13.2,8.466
ARUSDT,BUY,LIMIT,1701967243035,6.0,8.476
ARUSDT,BUY,LIMIT,1701968152791,1.2,8.625
ARUSDT,BUY,LIMIT,1701969230321,2.6,8.578
ARUSDT,SELL,LIMIT,1701970223101,60.0,8.320
ARUSDT,SELL,LIMIT,1701971379498,129.4,8.235
ARUSDT,BUY,LIMIT,1701972012698,310.0,8.572
ARUSDT,SELL,LIMIT,1701976451277,11.5,8.156
ARUSDT,SELL,LIMIT,1701977272462,6.7,8.117
ARUSDT,BUY,LIMIT,1701986105379,57.7,8.645
ARUSDT,BUY,LIMIT,1701986109293,21.2,8.660
ARUSDT,SELL,LIMIT,1701986222072,29.2,8.359
ARUSDT,SELL,LIMIT,1701987601005,283.9,8.308
ARUSDT,BUY,LIMIT,1701994927862,258.4,8.650
ARUSDT,BUY,LIMIT,1701995111249,5.9,8.680
ARUSDT,BUY,LIMIT,1701995223132,0.7,8.699
ARUSDT,SELL,LIMIT,1701997628166,16.4,8.296
ARUSDT,SELL,LIMIT,1702003692363,500.0,8.141
ARUSDT,SELL,LIMIT,1702003700525,20.0,8.168
ARUSDT,SELL,LIMIT,1702003714816,81.7,8.141
ARUSDT,BUY,LIMIT,1702007154541,3.4,8.596
ARUSDT,SELL,LIMIT,1702010336758,2.3,8.274
ARUSDT,SELL,LIMIT,1702017589291,4.3,8.202
ARUSDT,BUY,LIMIT,1702020955128,265.3,8.478
ARUSDT,BUY,LIMIT,1702033357625,94.6,8.543
ARUSDT,BUY,LIMIT,1702035162027,45.5,8.531
ARUSDT,SELL,LIMIT,1702037165948,425.1,8.280
ARUSDT,SELL,LIMIT,1702037170171,53.6,8.274
ARUSDT,SELL,LIMIT,1702039798094,226.0,8.276
ARUSDT,SELL,LIMIT,1702040219621,56.8,8.248
ARUSDT,SELL,LIMIT,1702040541460,14.2,8.220
ARUSDT,SELL,LIMIT,1702042237307,6.3,8.202
ARUSDT,SELL,LIMIT,1702042240093,0.7,8.191
ARUSDT,SELL,LIMIT,1702042241193,201.5,8.186
ARUSDT,SELL,LIMIT,1702042349105,342.5,8.161
ARUSDT,SELL,LIMIT,1702047225465,2.3,8.253
ARUSDT,BUY,LIMIT,1702048270913,114.4,8.576
ARUSDT,SELL,LIMIT,1702055240147,15.0,8.406
ARUSDT,BUY,LIMIT,1702057728095,56.7,8.724
ARUSDT,SELL,LIMIT,1702058953822,282.0,8.387
ARUSDT,BUY,LIMIT,1702066078442,300.0,8.689
ARUSDT,SELL,LIMIT,1702069820128,1.5,8.368
ARUSDT,BUY,LIMIT,1702070501329,20.8,8.698
ARUSDT,BUY,LIMIT,1702070629190,593.1,8.718
ARUSDT,SELL,LIMIT,1702071692925,52.1,8.457
ARUSDT,BUY,LIMIT,1702080236397,114.6,8.852
ARUSDT,BUY,LIMIT,1702080420734,18.8,8.852
ARUSDT,BUY,LIMIT,1702080550820,17.7,8.848
ARUSDT,BUY,LIMIT,1702081984547,11.7,8.878
ARUSDT,BUY,LIMIT,1702082111316,51.9,8.893
ARUSDT,BUY,LIMIT,1702082716176,1.8,8.902
ARUSDT,SELL,LIMIT,1702084051149,344.0,8.550
ARUSDT,BUY,LIMIT,1702093186259,7.2,8.837
ARUSDT,BUY,LIMIT,1702096398041,32.4,8.873
ARUSDT,BUY,LIMIT,1702097185105,8.2,8.872
ARUSDT,BUY,LIMIT,1702097672290,2.5,8.886
ARUSDT,BUY,LIMIT,1702103115836,363.8,8.945
ARUSDT,BUY,LIMIT,1702104716244,12.9,8.978
ARUSDT,BUY,LIMIT,1702105697104,26.9,9.021
ARUSDT,SELL,LIMIT,1702108295359,22.1,8.740
ARUSDT,BUY,LIMIT,1702108301568,2.3,8.997
ARUSDT,BUY,LIMIT,1702109244834,8.3,8.985
ARUSDT,BUY,LIMIT,1702109514107,5.9,8.984
ARUSDT,SELL,LIMIT,1702110969584,15.9,8.583
ARUSDT,SELL,LIMIT,1702110972234,19.0,8.574
ARUSDT,SELL,LIMIT,1702111028319,34.0,8.524
ARUSDT,SELL,LIMIT,1702111032575,1.1,8.510
ARUSDT,SELL,LIMIT,1702111038756,111.4,8.500
ARUSDT,SELL,LIMIT,1702111044657,20.0,8.497
ARUSDT,SELL,LIMIT,1702111046510,58.8,8.498
ARUSDT,SELL,LIMIT,1702111085443,0.7,8.475
ARUSDT,SELL,LIMIT,1702111373888,11.7,8.439
ARUSDT,SELL,LIMIT,1702111381031,90.2,8.399
ARUSDT,SELL,LIMIT,1702111385241,8.4,8.387
ARUSDT,SELL,LIMIT,1702115081064,267.7,8.509
ARUSDT,SELL,LIMIT,1702128630301,2.3,8.510
ARUSDT,SELL,LIMIT,1702132588491,28.5,8.481
ARUSDT,SELL,LIMIT,1702132876427,238.6,8.468
ARUSDT,SELL,LIMIT,1702132924094,129.0,8.421
ARUSDT,SELL,LIMIT,1702132997441,583.1,8.388
ARUSDT,SELL,LIMIT,1702134500298,20.9,8.379
ARUSDT,SELL,LIMIT,1702134881478,279.4,8.349
ARUSDT,SELL,LIMIT,1702141558227,70.9,8.330
ARUSDT,SELL,LIMIT,1702141608132,32.3,8.328
ARUSDT,SELL,LIMIT,1702141704098,2.7,8.300
ARUSDT,SELL,LIMIT,1702141705398,16.9,8.301
ARUSDT,SELL,LIMIT,1702141706988,1.2,8.295
ARUSDT,SELL,LIMIT,1702141758089,5.9,8.290
ARUSDT,SELL,LIMIT,1702141844443,164.3,8.285
ARUSDT,SELL,LIMIT,1702141850459,13.8,8.268
ARUSDT,SELL,LIMIT,1702144795283,251.1,8.256
ARUSDT,SELL,LIMIT,1702151486334,5.6,8.290
ARUSDT,SELL,LIMIT,1702151609877,62.8,8.279
ARUSDT,SELL,LIMIT,1702153011709,19.7,8.245
ARUSDT,SELL,LIMIT,1702153013968,20.8,8.230
ARUSDT,SELL,LIMIT,1702156330801,36.3,8.187
ARUSDT,BUY,LIMIT,1702158033353,83.4,8.513
ARUSDT,SELL,LIMIT,1702162543321,29.5,8.162
ARUSDT,SELL,LIMIT,1702164147482,1.8,8.143
ARUSDT,SELL,LIMIT,1702164207190,0.9,8.134
ARUSDT,SELL,LIMIT,1702164211909,30.2,8.121
ARUSDT,SELL,LIMIT,1702164227111,2.2,8.105
ARUSDT,SELL,LIMIT,1702164529449,21.8,8.085
ARUSDT,SELL,LIMIT,1702164530559,16.4,8.084
ARUSDT,SELL,LIMIT,1702164538322,0.6,8.080
ARUSDT,SELL,LIMIT,1702164541109,55.3,8.052
ARUSDT,SELL,LIMIT,1702164687989,40.2,8.030
ARUSDT,SELL,LIMIT,1702164745362,15.0,8.016
ARUSDT,SELL,LIMIT,1702164747193,11.6,8.011
ARUSDT,SELL,LIMIT,1702164750114,2.3,8.006
ARUSDT,SELL,LIMIT,1702164752562,7.8,8.003
ARUSDT,SELL,LIMIT,1702164800987,27.5,7.994
ARUSDT,SELL,LIMIT,1702164805317,2.7,7.982
ARUSDT,SELL,LIMIT,1702164808037,209.1,7.981
ARUSDT,SELL,LIMIT,1702164809749,2.5,7.972
ARUSDT,SELL,LIMIT,1702164868392,1.8,7.963
ARUSDT,SELL,LIMIT,1702164871425,20.2,7.961
ARUSDT,SELL,LIMIT,1702177854191,1.9,8.137
ARUSDT,SELL,LIMIT,1702178181482,26.7,8.130
ARUSDT,SELL,LIMIT,1702192695397,13.4,8.088
ARUSDT,SELL,LIMIT,1702192759529,42.7,8.108
ARUSDT,SELL,LIMIT,1702193855541,4.2,8.031
ARUSDT,SELL,LIMIT,1702196680119,53.9,8.032
ARUSDT,SELL,LIMIT,1702196790339,11.2,8.012
ARUSDT,SELL,LIMIT,1702197084720,24.6,7.996
ARUSDT,SELL,LIMIT,1702197858342,3.0,7.986
ARUSDT,SELL,LIMIT,1702200378674,23.5,7.963
ARUSDT,SELL,LIMIT,1702200725126,4.8,7.950
ARUSDT,SELL,LIMIT,1702200726728,75.8,7.948
ARUSDT,SELL,LIMIT,1702200736867,29.9,7.942
ARUSDT,SELL,LIMIT,1702200739778,4.1,7.939
ARUSDT,SELL,LIMIT,1702200890189,23.1,7.941
ARUSDT,SELL,LIMIT,1702200937175,31.0,7.917
ARUSDT,SELL,LIMIT,1702201474662,124.8,7.904
ARUSDT,SELL,LIMIT,1702202056435,57.1,7.888
ARUSDT,SELL,LIMIT,1702202082268,12.2,7.887
ARUSDT,SELL,LIMIT,1702202157133,5.7,7.887
ARUSDT,SELL,LIMIT,1702202264034,120.5,7.881
ARUSDT,SELL,LIMIT,1702202265272,38.3,7.879
ARUSDT,SELL,LIMIT,1702202267004,9.4,7.874
ARUSDT,SELL,LIMIT,1702202277318,5.9,7.871
ARUSDT,SELL,LIMIT,1702202290596,22.4,7.867
ARUSDT,SELL,LIMIT,1702202300230,114.6,7.856
ARUSDT,SELL,LIMIT,1702202318309,20.1,7.863
ARUSDT,SELL,LIMIT,1702202326412,2.8,7.854
ARUSDT,SELL,LIMIT,1702202380362,0.6,7.837
ARUSDT,SELL,LIMIT,1702202381390,21.0,7.836
ARUSDT,SELL,LIMIT,1702202383124,2.4,7.834
ARUSDT,SELL,LIMIT,1702202391224,56.9,7.830
ARUSDT,SELL,LIMIT,1702202395618,2.4,7.821
ARUSDT,BUY,LIMIT,1702221428167,61.6,8.266
ARUSDT,BUY,LIMIT,1702221493331,67.4,8.276
ARUSDT,BUY,LIMIT,1702221530232,7.0,8.285
ARUSDT,SELL,LIMIT,1702225686822,122.3,8.014
ARUSDT,BUY,LIMIT,1702233982353,71.3,8.306
ARUSDT,BUY,LIMIT,1702238573906,24.6,8.330
ARUSDT,BUY,LIMIT,1702239151263,20.0,8.343
ARUSDT,BUY,LIMIT,1702240746822,17.2,8.405
ARUSDT,BUY,LIMIT,1702249216617,2.7,8.461
ARUSDT,BUY,LIMIT,1702253270953,36.6,8.491
ARUSDT,SELL,LIMIT,1702255603520,69.6,8.122
ARUSDT,SELL,LIMIT,1702256724030,7.9,7.995
ARUSDT,SELL,LIMIT,1702256993294,81.7,7.956
ARUSDT,SELL,LIMIT,1702260437604,3.6,7.982
ARUSDT,SELL,LIMIT,1702260633596,21.8,7.905
ARUSDT,SELL,LIMIT,1702260634970,21.8,7.901
ARUSDT,SELL,LIMIT,1702260636267,0.7,7.892
ARUSDT,SELL,LIMIT,1702260708007,64.0,7.862
ARUSDT,SELL,LIMIT,1702260709201,309.0,7.862
ARUSDT,SELL,LIMIT,1702260710289,0.7,7.847
ARUSDT,SELL,LIMIT,1702260711571,11.9,7.848
ARUSDT,SELL,LIMIT,1702260712678,20.0,7.846
ARUSDT,SELL,LIMIT,1702260714253,183.9,7.831
ARUSDT,SELL,LIMIT,1702260717688,7.0,7.817
ARUSDT,SELL,LIMIT,1702260719418,25.0,7.797
ARUSDT,BUY,LIMIT,1702260721504,30.8,7.983
ARUSDT,SELL,LIMIT,1702260722628,23.6,7.793
ARUSDT,SELL,LIMIT,1702260724658,20.6,7.786
ARUSDT,SELL,LIMIT,1702260730224,171.4,7.777
ARUSDT,SELL,LIMIT,1702260732069,183.9,7.767
ARUSDT,SELL,LIMIT,1702260733275,6.3,7.761
ARUSDT,SELL,LIMIT,1702260734319,68.6,7.740
ARUSDT,SELL,LIMIT,1702260736393,59.4,7.714
ARUSDT,SELL,LIMIT,1702260737461,56.3,7.701
ARUSDT,SELL,LIMIT,1702260738458,118.8,7.711
ARUSDT,SELL,LIMIT,1702260739952,475.7,7.706
ARUSDT,SELL,LIMIT,1702260740993,22.6,7.697
ARUSDT,SELL,LIMIT,1702260742619,145.8,7.659
ARUSDT,SELL,LIMIT,1702260743651,49.9,7.645
ARUSDT,SELL,LIMIT,1702260744862,60.4,7.650
ARUSDT,SELL,LIMIT,1702260746885,36.3,7.633
ARUSDT,SELL,LIMIT,1702260748124,13.0,7.624
ARUSDT,SELL,LIMIT,1702260749495,8.0,7.613
ARUSDT,SELL,LIMIT,1702260752645,19.2,7.595
ARUSDT,SELL,LIMIT,1702260753673,66.4,7.631
ARUSDT,SELL,LIMIT,1702260755051,1.8,7.593
ARUSDT,SELL,LIMIT,1702260756703,149.2,7.565
ARUSDT,SELL,LIMIT,1702260757810,9.0,7.553
ARUSDT,SELL,LIMIT,1702260759039,432.5,7.532
ARUSDT,SELL,LIMIT,1702260760125,0.6,7.530
ARUSDT,SELL,LIMIT,1702260761213,155.9,7.921
ARUSDT,SELL,LIMIT,1702260762596,0.6,7.522
ARUSDT,SELL,LIMIT,1702260763765,6.3,7.520
ARUSDT,SELL,LIMIT,1702260765627,4.3,7.517
ARUSDT,SELL,LIMIT,1702260766715,1.9,7.518
ARUSDT,SELL,LIMIT,1702260767765,104.1,7.514
ARUSDT,SELL,LIMIT,1702260768886,1.4,7.518
ARUSDT,SELL,LIMIT,1702260769837,608.7,7.549
ARUSDT,SELL,LIMIT,1702260770958,32.6,7.514
ARUSDT,SELL,LIMIT,1702260772044,62.9,7.503
ARUSDT,SELL,LIMIT,1702260773460,24.1,7.500
ARUSDT,SELL,LIMIT,1702260774470,9.7,7.512
ARUSDT,SELL,LIMIT,1702260775538,50.6,7.500
ARUSDT,SELL,LIMIT,1702260776916,1.3,7.493
ARUSDT,SELL,LIMIT,1702260778207,1.3,7.496
ARUSDT,SELL,LIMIT,1702260779660,8.0,7.488
ARUSDT,SELL,LIMIT,1702260781593,1.3,7.489
ARUSDT,SELL,LIMIT,1702260782727,1.2,8.760
ARUSDT,SELL,LIMIT,1702260783795,3.4,7.484
ARUSDT,SELL,LIMIT,1702260784810,234.3,7.484
ARUSDT,SELL,LIMIT,1702260786250,959.0,7.455
ARUSDT,SELL,LIMIT,1702260787408,294.3,7.477
ARUSDT,SELL,LIMIT,1702260788465,194.5,7.601
ARUSDT,SELL,LIMIT,1702260789489,328.0,7.467
ARUSDT,SELL,LIMIT,1702260790531,12.0,7.470
ARUSDT,SELL,LIMIT,1702260791575,61.8,7.464
ARUSDT,SELL,LIMIT,1702260792582,4.9,7.400
ARUSDT,SELL,LIMIT,1702260793708,3.4,7.373
ARUSDT,SELL,LIMIT,1702260794799,12.2,7.365
ARUSDT,SELL,LIMIT,1702260796247,7.6,7.359
ARUSDT,SELL,LIMIT,1702260797363,3.5,7.788
ARUSDT,SELL,LIMIT,1702260798377,7.9,7.584
ARUSDT,SELL,LIMIT,1702260799440,2018.4,7.254
ARUSDT,SELL,LIMIT,1702260800441,13.1,7.295
ARUSDT,SELL,LIMIT,1702260801463,2.9,7.323
ARUSDT,SELL,LIMIT,1702260802827,13.9,7.293
ARUSDT,SELL,LIMIT,1702260803850,7.1,7.277
ARUSDT,SELL,LIMIT,1702260805364,65.0,7.261
ARUSDT,SELL,LIMIT,1702260806621,22.8,7.257
ARUSDT,SELL,LIMIT,1702260807739,54.1,7.254
ARUSDT,SELL,LIMIT,1702260808958,39.8,7.260
ARUSDT,SELL,LIMIT,1702260810290,586.5,7.265
ARUSDT,SELL,LIMIT,1702260812218,620.2,7.262
ARUSDT,SELL,LIMIT,1702260813265,63.5,7.265
ARUSDT,SELL,LIMIT,1702260818280,1.2,7.270
ARUSDT,SELL,LIMIT,1702260820983,16.3,7.333
ARUSDT,SELL,LIMIT,1702260822588,55.1,7.288
ARUSDT,SELL,LIMIT,1702260832627,26.8,7.287
ARUSDT,BUY,LIMIT,1702260874336,5.0,7.579
ARUSDT,BUY,LIMIT,1702260876726,0.2,7.575
ARUSDT,SELL,LIMIT,1702260987333,75.3,7.397
ARUSDT,SELL,LIMIT,1702261596290,1.4,7.497
ARUSDT,SELL,LIMIT,1702262615563,17.0,7.401
ARUSDT,SELL,LIMIT,1702262873708,7.0,7.398
ARUSDT,BUY,LIMIT,1702265431090,5.3,7.886
ARUSDT,SELL,LIMIT,1702265724235,0.7,7.687
ARUSDT,SELL,LIMIT,1702266101500,0.7,7.735
ARUSDT,SELL,LIMIT,1702267222546,38.4,7.686
