Symbol,Side,Order Type,Time,Quantity,Price
ASTRUSDT,SELL,LIMIT,1701937824802,214,0.0692273
ASTRUSDT,SELL,LIMIT,1701941156498,8608,0.0678821
ASTRUSDT,SELL,LIMIT,1701941181070,14021,0.0684635
ASTRUSDT,SELL,LIMIT,1701941186413,8444,0.0675418
ASTRUSDT,SELL,LIMIT,1701941190809,6153,0.0673457
ASTRUSDT,SELL,LIMIT,1701941247476,82142,0.0672536
ASTRUSDT,BUY,LIMIT,1701965313259,1423,0.0726322
ASTRUSDT,BUY,LIMIT,1702012974529,205,0.0730855
ASTRUSDT,BUY,LIMIT,1702028755344,141,0.0743136
ASTRUSDT,BUY,LIMIT,1702028756771,1555,0.0744181
ASTRUSDT,BUY,LIMIT,1702028769099,13815,0.0744535
ASTRUSDT,BUY,LIMIT,1702028779258,280,0.0749836
ASTRUSDT,BUY,LIMIT,1702028792439,2205,0.0751509
ASTRUSDT,BUY,LIMIT,1702028794660,2450,0.0752584
ASTRUSDT,BUY,LIMIT,1702053526786,938,0.0741030
ASTRUSDT,BUY,LIMIT,1702053719350,102,0.0742782
ASTRUSDT,BUY,LIMIT,1702059582130,152,0.0755070
ASTRUSDT,BUY,LIMIT,1702069603115,60,0.0757741
ASTRUSDT,BUY,LIMIT,1702069649649,95,0.0765070
ASTRUSDT,BUY,LIMIT,1702069652760,274,0.0765637
ASTRUSDT,BUY,LIMIT,1702070750318,214,0.0761059
ASTRUSDT,BUY,LIMIT,1702080420734,2163,0.0754436
ASTRUSDT,BUY,LIMIT,1702088438167,3025,0.0771302
ASTRUSDT,BUY,LIMIT,1702088735961,121,0.0773485
ASTRUSDT,BUY,LIMIT,1702088743795,81,0.0774152
ASTRUSDT,BUY,LIMIT,1702089613474,1390,0.0775642
ASTRUSDT,BUY,LIMIT,1702103810905,190,0.0780460
ASTRUSDT,BUY,LIMIT,1702108950939,4247,0.0774000
ASTRUSDT,SELL,LIMIT,1702109101219,5555,0.0742547
ASTRUSDT,BUY,LIMIT,1702109953380,205,0.0774487
ASTRUSDT,BUY,LIMIT,1702110068345,370,0.0774997
ASTRUSDT,BUY,LIMIT,1702110592364,2392,0.0770908
ASTRUSDT,SELL,LIMIT,1702110936140,27900,0.0734708
ASTRUSDT,SELL,LIMIT,1702110968990,4039,0.0733923
ASTRUSDT,SELL,LIMIT,1702110974398,719,0.0732633
ASTRUSDT,SELL,LIMIT,1702111033090,48954,0.0728328
ASTRUSDT,SELL,LIMIT,1702111038411,8635,0.0726835
ASTRUSDT,SELL,LIMIT,1702111045446,2836,0.0725495
ASTRUSDT,SELL,LIMIT,1702111380177,133,0.0722413
ASTRUSDT,SELL,LIMIT,1702111387544,6573,0.0722251
ASTRUSDT,SELL,LIMIT,1702111389551,3127,0.0720930
ASTRUSDT,SELL,LIMIT,1702133004441,1000,0.0737000
ASTRUSDT,SELL,LIMIT,1702141701616,1000,0.0739775
ASTRUSDT,SELL,LIMIT,1702164533096,4458,0.0730689
ASTRUSDT,SELL,LIMIT,1702164753366,728,0.0725974
ASTRUSDT,SELL,LIMIT,1702164801730,1329,0.0725165
ASTRUSDT,SELL,LIMIT,1702164804353,17213,0.0724991
ASTRUSDT,SELL,LIMIT,1702164806085,16595,0.0724227
ASTRUSDT,SELL,LIMIT,1702164808243,68,0.0723692
ASTRUSDT,SELL,LIMIT,1702164809480,670,0.0723633
ASTRUSDT,SELL,LIMIT,1702164811420,1379,0.0723505
ASTRUSDT,SELL,LIMIT,1702164821460,26065,0.0724613
ASTRUSDT,SELL,LIMIT,1702164848237,26539,0.0724791
ASTRUSDT,SELL,LIMIT,1702164867446,990,0.0723249
ASTRUSDT,SELL,LIMIT,1702164942548,281,0.0723833
ASTRUSDT,SELL,LIMIT,1702197891063,6455,0.0723181
ASTRUSDT,SELL,LIMIT,1702198475744,26319,0.0722798
ASTRUSDT,SELL,LIMIT,1702198477098,1792,0.0722526
ASTRUSDT,SELL,LIMIT,1702198480024,13163,0.0722460
ASTRUSDT,SELL,LIMIT,1702200414267,194,0.0721613
ASTRUSDT,SELL,LIMIT,1702200433148,9389,0.0721030
ASTRUSDT,SELL,LIMIT,1702200449831,4268,0.0720283
ASTRUSDT,SELL,LIMIT,1702200569211,330,0.0720015
ASTRUSDT,SELL,LIMIT,1702200704529,3045,0.0719370
ASTRUSDT,SELL,LIMIT,1702200731672,32191,0.0718969
ASTRUSDT,SELL,LIMIT,1702200792224,751,0.0717868
ASTRUSDT,SELL,LIMIT,1702200802400,3976,0.0717666
ASTRUSDT,SELL,LIMIT,1702200937211,7723,0.0716003
ASTRUSDT,SELL,LIMIT,1702201487306,5719,0.0715387
ASTRUSDT,SELL,LIMIT,1702201489953,13962,0.0715057
ASTRUSDT,SELL,LIMIT,1702202147073,6000,0.0712877
ASTRUSDT,SELL,LIMIT,1702202253402,663,0.0712030
ASTRUSDT,SELL,LIMIT,1702202292078,196,0.0711256
ASTRUSDT,SELL,LIMIT,1702202295173,13557,0.0710420
ASTRUSDT,SELL,LIMIT,1702202296227,578,0.0710514
ASTRUSDT,SELL,LIMIT,1702202298159,155,0.0709841
ASTRUSDT,SELL,LIMIT,1702202318311,1812,0.0709815
ASTRUSDT,SELL,LIMIT,1702202323568,148,0.0709283
ASTRUSDT,SELL,LIMIT,1702202379361,337,0.0708085
ASTRUSDT,SELL,LIMIT,1702202380363,66,0.0708010
ASTRUSDT,SELL,LIMIT,1702202388473,16783,0.0707945
ASTRUSDT,SELL,LIMIT,1702202390881,3139,0.0707476
ASTRUSDT,SELL,LIMIT,1702202395443,6803,0.0707374
ASTRUSDT,BUY,LIMIT,1702240762134,846,0.0775524
ASTRUSDT,SELL,LIMIT,1702260431164,258,0.0727838
ASTRUSDT,SELL,LIMIT,1702260440842,12454,0.0725974
ASTRUSDT,SELL,LIMIT,1702260627617,905,0.0722952
ASTRUSDT,SELL,LIMIT,1702260628733,81,0.0722918
ASTRUSDT,SELL,LIMIT,1702260630147,2624,0.0722549
ASTRUSDT,SELL,LIMIT,1702260632297,26435,0.0721984
ASTRUSDT,SELL,LIMIT,1702260635476,1534,0.0720484
ASTRUSDT,SELL,LIMIT,1702260636553,2703,0.0721197
ASTRUSDT,SELL,LIMIT,1702260667986,5206,0.0719749
ASTRUSDT,SELL,LIMIT,1702260696191,13565,0.0717813
ASTRUSDT,SELL,LIMIT,1702260697245,1848,0.0717574
ASTRUSDT,SELL,LIMIT,1702260707807,7534,0.0716780
ASTRUSDT,SELL,LIMIT,1702260708828,34125,0.0715329
ASTRUSDT,SELL,LIMIT,1702260710288,78,0.0713968
ASTRUSDT,SELL,LIMIT,1702260711572,547,0.0713178
ASTRUSDT,SELL,LIMIT,1702260715366,1088,0.0713645
ASTRUSDT,SELL,LIMIT,1702260716776,14711,0.0712989
ASTRUSDT,SELL,LIMIT,1702260718259,3329,0.0713529
ASTRUSDT,SELL,LIMIT,1702260722624,33847,0.0711901
ASTRUSDT,SELL,LIMIT,1702260723672,52683,0.0711730
ASTRUSDT,SELL,LIMIT,1702260724959,27326,0.0711230
ASTRUSDT,SELL,LIMIT,1702260730225,13345,0.0710283
ASTRUSDT,SELL,LIMIT,1702260733365,5268,0.0709635
ASTRUSDT,SELL,LIMIT,1702260734903,1972,0.0724276
ASTRUSDT,SELL,LIMIT,1702260736679,807,0.0709587
ASTRUSDT,SELL,LIMIT,1702260737680,13197,0.0709619
ASTRUSDT,SELL,LIMIT,1702260738704,26322,0.0709643
ASTRUSDT,SELL,LIMIT,1702260741592,3518,0.0708330
ASTRUSDT,SELL,LIMIT,1702260742639,617,0.0707725
ASTRUSDT,SELL,LIMIT,1702260744177,50000,0.0707727
ASTRUSDT,SELL,LIMIT,1702260745371,263,0.0706260
ASTRUSDT,SELL,LIMIT,1702260748656,24506,0.0706696
ASTRUSDT,SELL,LIMIT,1702260749724,13189,0.0704619
ASTRUSDT,SELL,LIMIT,1702260750865,7071,0.0705420
ASTRUSDT,SELL,LIMIT,1702260752825,263,0.0702901
ASTRUSDT,SELL,LIMIT,1702260755199,57,0.0702854
ASTRUSDT,SELL,LIMIT,1702260756230,2404,0.0702660
ASTRUSDT,SELL,LIMIT,1702260757595,26123,0.0701330
ASTRUSDT,SELL,LIMIT,1702260758784,738,0.0701375
ASTRUSDT,SELL,LIMIT,1702260760005,1,0.0700631
ASTRUSDT,SELL,LIMIT,1702260761119,689,0.0699497
ASTRUSDT,SELL,LIMIT,1702260762145,1415,0.0699038
ASTRUSDT,SELL,LIMIT,1702260763172,2684,0.0699258
ASTRUSDT,SELL,LIMIT,1702260764253,176434,0.0697074
ASTRUSDT,SELL,LIMIT,1702260765441,13100,0.0698056
ASTRUSDT,SELL,LIMIT,1702260766488,56737,0.0696002
ASTRUSDT,SELL,LIMIT,1702260767663,497,0.0698237
ASTRUSDT,SELL,LIMIT,1702260769004,1212,0.0695349
ASTRUSDT,SELL,LIMIT,1702260770918,13945,0.0694418
ASTRUSDT,SELL,LIMIT,1702260772015,4576,0.0695497
ASTRUSDT,SELL,LIMIT,1702260773289,3501,0.0693620
ASTRUSDT,SELL,LIMIT,1702260774385,23147,0.0692236
ASTRUSDT,SELL,LIMIT,1702260775481,135,0.0690539
ASTRUSDT,SELL,LIMIT,1702260776913,16065,0.0690071
ASTRUSDT,SELL,LIMIT,1702260778208,135,0.0689631
ASTRUSDT,SELL,LIMIT,1702260779301,13551,0.0688437
ASTRUSDT,SELL,LIMIT,1702260780562,2676,0.0689308
ASTRUSDT,SELL,LIMIT,1702260781594,135,0.0688496
ASTRUSDT,SELL,LIMIT,1702260782596,7595,0.0687594
ASTRUSDT,SELL,LIMIT,1702260783659,1609,0.0686154
ASTRUSDT,SELL,LIMIT,1702260784817,135,0.0685582
ASTRUSDT,SELL,LIMIT,1702260785877,13654,0.0686046
ASTRUSDT,SELL,LIMIT,1702260786943,13546,0.0686182
ASTRUSDT,SELL,LIMIT,1702260788339,20881,0.0683085
ASTRUSDT,SELL,LIMIT,1702260789393,135,0.0683932
ASTRUSDT,SELL,LIMIT,1702260790421,132,0.0682261
ASTRUSDT,SELL,LIMIT,1702260792315,3227,0.0682238
ASTRUSDT,SELL,LIMIT,1702260793414,700,0.0684765
ASTRUSDT,SELL,LIMIT,1702260794592,1496,0.0676221
ASTRUSDT,SELL,LIMIT,1702260795965,15345,0.0675194
ASTRUSDT,SELL,LIMIT,1702260797045,1470,0.0674009
ASTRUSDT,SELL,LIMIT,1702260798066,2673,0.0672460
ASTRUSDT,SELL,LIMIT,1702260799277,5222,0.0672815
ASTRUSDT,SELL,LIMIT,1702260800461,26911,0.0672324
ASTRUSDT,SELL,LIMIT,1702260802679,62861,0.0671902
ASTRUSDT,SELL,LIMIT,1702260804355,521,0.0671232
ASTRUSDT,SELL,LIMIT,1702260805681,16568,0.0670745
ASTRUSDT,SELL,LIMIT,1702260807045,11993,0.0669287
ASTRUSDT,SELL,LIMIT,1702260808045,30049,0.0668330
ASTRUSDT,SELL,LIMIT,1702260809194,176,0.0666699
ASTRUSDT,SELL,LIMIT,1702260811206,135,0.0666225
ASTRUSDT,SELL,LIMIT,1702260812222,4298,0.0665312
ASTRUSDT,SELL,LIMIT,1702260813264,13673,0.0661707
ASTRUSDT,SELL,LIMIT,1702260814479,12475,0.0664375
ASTRUSDT,SELL,LIMIT,1702260815556,1584,0.0662277
ASTRUSDT,SELL,LIMIT,1702260817880,1971,0.0662149
ASTRUSDT,SELL,LIMIT,1702260819292,681,0.0658662
ASTRUSDT,BUY,LIMIT,1702260856058,425,0.0707223
ASTRUSDT,SELL,LIMIT,1702264424585,186,0.0697994
ASTRUSDT,SELL,LIMIT,1702265724235,135,0.0699973
ASTRUSDT,SELL,LIMIT,1702266101500,135,0.0704915
