Symbol,Side,Order Type,Time,Quantity,Price
ATAUSDT,SELL,LIMIT,1701068147469,3146,0.0913
ATAUSDT,SELL,LIMIT,1701068175697,4611,0.0911
ATAUSDT,SELL,LIMIT,1701069389651,105,0.0911
ATAUSDT,SELL,LIMIT,1701069518282,3372,0.0911
ATAUSDT,SELL,LIMIT,1701069555706,5842,0.0908
ATAUSDT,SELL,LIMIT,1701069856433,400,0.0903
ATAUSDT,SELL,LIMIT,1701070174790,3692,0.0898
ATAUSDT,SELL,LIMIT,1701081193005,209,0.0901
ATAUSDT,SELL,LIMIT,1701082140360,1,0.0898
ATAUSDT,SELL,LIMIT,1701082647432,816,0.0896
ATAUSDT,SELL,LIMIT,1701082652361,468,0.0895
ATAUSDT,SELL,LIMIT,1701084664697,433,0.0895
ATAUSDT,SELL,LIMIT,1701097079051,566,0.0890
ATAUSDT,SELL,LIMIT,1701097080504,23,0.0889
ATAUSDT,SELL,LIMIT,1701112223488,2500,0.0885
ATAUSDT,SELL,LIMIT,1701114352850,86,0.0881
ATAUSDT,SELL,LIMIT,1701114355681,4374,0.0881
ATAUSDT,SELL,LIMIT,1701114357400,4595,0.0881
ATAUSDT,SELL,LIMIT,1701114475430,31660,0.0877
ATAUSDT,SELL,LIMIT,1701114501378,220,0.0877
ATAUSDT,BUY,LIMIT,1701136525132,942,0.0942
ATAUSDT,BUY,LIMIT,1701180365094,10000,0.0973
ATAUSDT,BUY,LIMIT,1701189811043,6351,0.0990
ATAUSDT,BUY,LIMIT,1701191913769,5154,0.0985
ATAUSDT,BUY,LIMIT,1701201882745,84,0.1007
ATAUSDT,BUY,LIMIT,1701201891576,21208,0.1013
ATAUSDT,BUY,LIMIT,1701203321106,19818,0.1012
ATAUSDT,BUY,LIMIT,1701203621199,6359,0.1016
ATAUSDT,BUY,LIMIT,1701203626440,12873,0.1019
ATAUSDT,BUY,LIMIT,1701203664111,4874,0.1021
ATAUSDT,BUY,LIMIT,1701204416253,54,0.1025
ATAUSDT,SELL,LIMIT,1701216861611,276,0.0954
ATAUSDT,SELL,LIMIT,1701216879053,3956,0.0953
ATAUSDT,SELL,LIMIT,1701236171530,1258,0.0950
ATAUSDT,SELL,LIMIT,1701269259494,1993,0.0938
ATAUSDT,SELL,LIMIT,1701270452738,695,0.0932
ATAUSDT,BUY,LIMIT,1701284489716,64,0.0976
ATAUSDT,SELL,LIMIT,1701284835311,63,0.0939
ATAUSDT,SELL,LIMIT,1701284836488,63,0.0939
ATAUSDT,SELL,LIMIT,1701284927553,63,0.0939
ATAUSDT,SELL,LIMIT,1701284957010,63,0.0941
ATAUSDT,SELL,LIMIT,1701284958137,63,0.0940
ATAUSDT,SELL,LIMIT,1701284959263,63,0.0940
ATAUSDT,SELL,LIMIT,1701284960345,63,0.0940
ATAUSDT,SELL,LIMIT,1701285433242,63,0.0941
ATAUSDT,SELL,LIMIT,1701286335293,63,0.0938
ATAUSDT,SELL,LIMIT,1701286362119,63,0.0937
ATAUSDT,BUY,LIMIT,1701286366357,64,0.0975
ATAUSDT,SELL,LIMIT,1701286599467,63,0.0937
ATAUSDT,BUY,LIMIT,1701286602396,64,0.0974
ATAUSDT,SELL,LIMIT,1701286623127,63,0.0937
ATAUSDT,SELL,LIMIT,1701288213576,63,0.0940
ATAUSDT,SELL,LIMIT,1701288565285,63,0.0939
ATAUSDT,SELL,LIMIT,1701289429711,63,0.0938
ATAUSDT,SELL,LIMIT,1701289623095,189,0.0938
ATAUSDT,SELL,LIMIT,1701289637272,127,0.0936
ATAUSDT,SELL,LIMIT,1701289705877,63,0.0936
ATAUSDT,SELL,LIMIT,1701289725305,63,0.0936
ATAUSDT,SELL,LIMIT,1701289870871,63,0.0935
ATAUSDT,SELL,LIMIT,1701290249082,63,0.0934
ATAUSDT,SELL,LIMIT,1701290430501,127,0.0930
ATAUSDT,SELL,LIMIT,1701291993470,127,0.0932
ATAUSDT,SELL,LIMIT,1701299463742,63,0.0933
ATAUSDT,SELL,LIMIT,1701304079552,63,0.0936
ATAUSDT,SELL,LIMIT,1701304720291,63,0.0936
ATAUSDT,SELL,LIMIT,1701305409232,63,0.0936
ATAUSDT,SELL,LIMIT,1701305680039,63,0.0936
ATAUSDT,BUY,LIMIT,1701305992498,64,0.0971
ATAUSDT,SELL,LIMIT,1701306084666,63,0.0933
ATAUSDT,SELL,LIMIT,1701306428628,64,0.0928
ATAUSDT,SELL,LIMIT,1701306429678,63,0.0928
ATAUSDT,SELL,LIMIT,1701306436330,12487,0.0928
ATAUSDT,BUY,LIMIT,1701307129166,64,0.0969
ATAUSDT,SELL,LIMIT,1701309417864,127,0.0930
ATAUSDT,SELL,LIMIT,1701315592911,52356,0.0939
ATAUSDT,SELL,LIMIT,1701333679544,63,0.0926
ATAUSDT,BUY,LIMIT,1701344174975,2139,0.0983
ATAUSDT,SELL,LIMIT,1701391705319,63,0.0941
ATAUSDT,BUY,LIMIT,1701442025512,1561,0.0975
ATAUSDT,SELL,LIMIT,1701486004387,3,0.0948
