Symbol,Side,Order Type,Time,Quantity,Price
ATAUSDT,SELL,LIMIT,1701918558349,1850,0.1028
ATAUSDT,SELL,LIMIT,1701940013716,3828,0.1020
ATAUSDT,SELL,LIMIT,1701940450179,32723,0.1018
ATAUSDT,SELL,LIMIT,1701940557464,1146,0.1016
ATAUSDT,SELL,LIMIT,1701940567836,6293,0.1011
ATAUSDT,SELL,LIMIT,1701940569038,1966,0.1012
ATAUSDT,SELL,LIMIT,1701940570062,6041,0.1011
ATAUSDT,SELL,LIMIT,1701940714372,5952,0.1010
ATAUSDT,SELL,LIMIT,1701941069157,8328,0.1009
ATAUSDT,SELL,LIMIT,1701941070368,1876,0.1009
ATAUSDT,SELL,LIMIT,1701941153184,2119,0.1003
ATAUSDT,SELL,LIMIT,1701941161623,119,0.1003
ATAUSDT,SELL,LIMIT,1701941180976,10168,0.1000
ATAUSDT,SELL,LIMIT,1701941182320,40772,0.0999
ATAUSDT,SELL,LIMIT,1701941185059,1537,0.0999
ATAUSDT,SELL,LIMIT,1701941189759,350,0.0997
ATAUSDT,SELL,LIMIT,1701941246347,455,0.0996
ATAUSDT,BUY,LIMIT,1702011358672,291,0.1094
ATAUSDT,BUY,LIMIT,1702015969912,57,0.1120
ATAUSDT,BUY,LIMIT,1702035163382,513,0.1113
ATAUSDT,BUY,LIMIT,1702044970823,137,0.1107
ATAUSDT,BUY,LIMIT,1702052601243,488,0.1117
ATAUSDT,BUY,LIMIT,1702053445379,680,0.1117
ATAUSDT,BUY,LIMIT,1702065945165,43,0.1114
ATAUSDT,BUY,LIMIT,1702066538275,523,0.1118
ATAUSDT,BUY,LIMIT,1702067590379,11984,0.1119
ATAUSDT,BUY,LIMIT,1702068983722,735,0.1124
ATAUSDT,BUY,LIMIT,1702080681046,199,0.1133
ATAUSDT,BUY,LIMIT,1702080687269,958,0.1134
ATAUSDT,BUY,LIMIT,1702081007317,22786,0.1136
ATAUSDT,BUY,LIMIT,1702081267603,157,0.1136
ATAUSDT,BUY,LIMIT,1702081298302,435,0.1137
ATAUSDT,BUY,LIMIT,1702082712146,11737,0.1145
ATAUSDT,BUY,LIMIT,1702083218405,248,0.1145
ATAUSDT,BUY,LIMIT,1702083325208,8741,0.1146
ATAUSDT,BUY,LIMIT,1702083552601,25005,0.1150
ATAUSDT,BUY,LIMIT,1702091266960,1390,0.1147
ATAUSDT,BUY,LIMIT,1702092092273,521,0.1155
ATAUSDT,BUY,LIMIT,1702092102793,1032,0.1156
ATAUSDT,BUY,LIMIT,1702103244874,450,0.1152
ATAUSDT,BUY,LIMIT,1702107296715,584,0.1147
ATAUSDT,BUY,LIMIT,1702107522243,9182,0.1139
ATAUSDT,BUY,LIMIT,1702107991122,195,0.1151
ATAUSDT,BUY,LIMIT,1702108071031,143,0.1152
ATAUSDT,BUY,LIMIT,1702108705441,982,0.1157
ATAUSDT,BUY,LIMIT,1702109298400,397,0.1159
ATAUSDT,BUY,LIMIT,1702109339360,819,0.1161
ATAUSDT,SELL,LIMIT,1702111031400,73,0.1089
ATAUSDT,SELL,LIMIT,1702111191310,13792,0.1084
ATAUSDT,SELL,LIMIT,1702111199511,36320,0.1082
ATAUSDT,SELL,LIMIT,1702111372103,957,0.1079
ATAUSDT,SELL,LIMIT,1702111375926,363,0.1078
ATAUSDT,SELL,LIMIT,1702111377387,439,0.1076
ATAUSDT,SELL,LIMIT,1702111381037,1754,0.1073
ATAUSDT,SELL,LIMIT,1702111388069,1691,0.1072
ATAUSDT,SELL,LIMIT,1702113521498,882,0.1097
ATAUSDT,SELL,LIMIT,1702133007275,1468,0.1075
ATAUSDT,SELL,LIMIT,1702164212849,10396,0.1081
ATAUSDT,SELL,LIMIT,1702164683989,18222,0.1075
ATAUSDT,SELL,LIMIT,1702164686051,1141,0.1073
ATAUSDT,SELL,LIMIT,1702164750114,442,0.1072
ATAUSDT,SELL,LIMIT,1702164803349,19308,0.1067
ATAUSDT,SELL,LIMIT,1702164805684,17973,0.1069
ATAUSDT,SELL,LIMIT,1702164807242,801,0.1066
ATAUSDT,SELL,LIMIT,1702164809480,413,0.1063
ATAUSDT,SELL,LIMIT,1702200332813,5006,0.1063
ATAUSDT,SELL,LIMIT,1702200730579,3217,0.1062
ATAUSDT,SELL,LIMIT,1702200764458,250,0.1060
ATAUSDT,SELL,LIMIT,1702200900096,702,0.1057
ATAUSDT,SELL,LIMIT,1702200903734,462,0.1057
ATAUSDT,SELL,LIMIT,1702201372461,82,0.1055
ATAUSDT,SELL,LIMIT,1702201409133,1045,0.1050
ATAUSDT,SELL,LIMIT,1702202067220,13332,0.1048
ATAUSDT,SELL,LIMIT,1702202114378,912,0.1045
ATAUSDT,SELL,LIMIT,1702202153569,9153,0.1044
ATAUSDT,SELL,LIMIT,1702202157134,448,0.1042
ATAUSDT,SELL,LIMIT,1702202266195,567,0.1042
ATAUSDT,SELL,LIMIT,1702202298469,829,0.1042
ATAUSDT,SELL,LIMIT,1702202323311,746,0.1039
ATAUSDT,SELL,LIMIT,1702202326164,4267,0.1040
ATAUSDT,SELL,LIMIT,1702202372248,4254,0.1039
ATAUSDT,SELL,LIMIT,1702202388414,200,0.1036
ATAUSDT,SELL,LIMIT,1702260630693,1285,0.1058
ATAUSDT,SELL,LIMIT,1702260706482,580,0.1045
ATAUSDT,SELL,LIMIT,1702260708172,448,0.1040
ATAUSDT,SELL,LIMIT,1702260710287,164,0.1039
ATAUSDT,BUY,LIMIT,1702260711572,375,0.1081
ATAUSDT,SELL,LIMIT,1702260713745,11581,0.1039
ATAUSDT,SELL,LIMIT,1702260715677,1978,0.1035
ATAUSDT,SELL,LIMIT,1702260717735,1,0.1035
ATAUSDT,SELL,LIMIT,1702260719411,9231,0.1093
ATAUSDT,SELL,LIMIT,1702260722933,313,0.1033
ATAUSDT,SELL,LIMIT,1702260724467,406,0.1031
ATAUSDT,SELL,LIMIT,1702260725767,50000,0.1043
ATAUSDT,SELL,LIMIT,1702260727983,120,0.1028
ATAUSDT,SELL,LIMIT,1702260729748,3335,0.1028
ATAUSDT,SELL,LIMIT,1702260733293,7547,0.1027
ATAUSDT,SELL,LIMIT,1702260736071,2142,0.1024
ATAUSDT,SELL,LIMIT,1702260737852,38169,0.1023
ATAUSDT,SELL,LIMIT,1702260739025,18181,0.1023
ATAUSDT,SELL,LIMIT,1702260742965,2681,0.1022
ATAUSDT,SELL,LIMIT,1702260744936,3390,0.1019
ATAUSDT,SELL,LIMIT,1702260746529,61,0.1026
ATAUSDT,SELL,LIMIT,1702260747580,91,0.1016
ATAUSDT,SELL,LIMIT,1702260748675,18757,0.1017
ATAUSDT,SELL,LIMIT,1702260750283,4983,0.1024
ATAUSDT,SELL,LIMIT,1702260752825,181,0.1012
ATAUSDT,SELL,LIMIT,1702260754060,8849,0.1011
ATAUSDT,SELL,LIMIT,1702260755332,406,0.1012
ATAUSDT,SELL,LIMIT,1702260756553,13170,0.1010
ATAUSDT,SELL,LIMIT,1702260758020,121,0.1009
ATAUSDT,SELL,LIMIT,1702260759039,2311,0.1005
ATAUSDT,SELL,LIMIT,1702260760270,9451,0.1007
ATAUSDT,SELL,LIMIT,1702260761905,3891,0.1008
ATAUSDT,SELL,LIMIT,1702260763098,3731,0.1004
ATAUSDT,SELL,LIMIT,1702260764697,5983,0.1002
ATAUSDT,SELL,LIMIT,1702260766665,13723,0.1010
ATAUSDT,SELL,LIMIT,1702260768031,4472,0.1000
ATAUSDT,SELL,LIMIT,1702260769741,184,0.0994
ATAUSDT,SELL,LIMIT,1702260770930,2203,0.0989
ATAUSDT,SELL,LIMIT,1702260771950,89,0.0992
ATAUSDT,SELL,LIMIT,1702260773115,226,0.0991
ATAUSDT,SELL,LIMIT,1702260774352,14581,0.0991
ATAUSDT,SELL,LIMIT,1702260775404,13712,0.0986
ATAUSDT,SELL,LIMIT,1702260776868,123,0.0985
ATAUSDT,SELL,LIMIT,1702260778285,1149,0.0976
ATAUSDT,SELL,LIMIT,1702260779330,14083,0.0975
ATAUSDT,SELL,LIMIT,1702260781847,427,0.0967
ATAUSDT,SELL,LIMIT,1702260783436,28707,0.0968
ATAUSDT,SELL,LIMIT,1702260784922,16964,0.0963
ATAUSDT,SELL,LIMIT,1702260786281,777,0.0963
ATAUSDT,SELL,LIMIT,1702260787526,3164,0.0961
ATAUSDT,SELL,LIMIT,1702260788665,1509,0.0958
ATAUSDT,SELL,LIMIT,1702260789720,110,0.0957
ATAUSDT,SELL,LIMIT,1702260790739,1203,0.0952
ATAUSDT,SELL,LIMIT,1702260791806,2542,0.0956
ATAUSDT,SELL,LIMIT,1702260792823,738,0.0950
ATAUSDT,SELL,LIMIT,1702260794263,1292,0.0950
ATAUSDT,SELL,LIMIT,1702260796049,100,0.0948
ATAUSDT,SELL,LIMIT,1702260797414,27203,0.0942
ATAUSDT,SELL,LIMIT,1702260798487,898,0.0942
ATAUSDT,SELL,LIMIT,1702260800163,121,0.0943
ATAUSDT,SELL,LIMIT,1702260801277,218,0.0941
ATAUSDT,SELL,LIMIT,1702260802514,584,0.0935
ATAUSDT,SELL,LIMIT,1702260803906,196,0.0931
ATAUSDT,SELL,LIMIT,1702260805309,5743,0.0931
ATAUSDT,SELL,LIMIT,1702260806494,4245,0.0937
ATAUSDT,SELL,LIMIT,1702260807740,489,0.0930
ATAUSDT,SELL,LIMIT,1702260809186,905,0.0927
ATAUSDT,SELL,LIMIT,1702260810458,4880,0.0926
ATAUSDT,SELL,LIMIT,1702260811468,34130,0.0928
ATAUSDT,SELL,LIMIT,1702260813745,4562,0.0921
ATAUSDT,SELL,LIMIT,1702260814813,13203,0.0919
ATAUSDT,SELL,LIMIT,1702260818280,71,0.0921
ATAUSDT,BUY,LIMIT,1702260840392,561,0.0969
ATAUSDT,BUY,LIMIT,1702260849989,820,0.0980
ATAUSDT,SELL,LIMIT,1702262873708,527,0.0979
