Symbol,Side,Order Type,Time,Quantity,Price
ATOMUSDT,SELL,LIMIT,1701918652239,2.18,9.665
ATOMUSDT,BUY,LIMIT,1701923962159,39.65,9.947
ATOMUSDT,BUY,LIMIT,1701925545700,173.18,9.983
ATOMUSDT,BUY,LIMIT,1701926726409,5.67,10.021
ATOMUSDT,BUY,LIMIT,1701926732317,0.52,10.031
ATOMUSDT,BUY,LIMIT,1701927621072,42.45,10.039
ATOMUSDT,SELL,LIMIT,1701928969142,7.20,9.843
ATOMUSDT,SELL,LIMIT,1701931820682,1.60,9.813
ATOMUSDT,SELL,LIMIT,1701931821910,1.45,9.811
ATOMUSDT,SELL,LIMIT,1701933585174,0.51,9.803
ATOMUSDT,BUY,LIMIT,1701936289237,214.87,10.005
ATOMUSDT,BUY,LIMIT,1701937111985,2.50,10.005
ATOMUSDT,SELL,LIMIT,1701937369208,78.96,9.796
ATOMUSDT,SELL,LIMIT,1701937394863,69.29,9.789
ATOMUSDT,SELL,LIMIT,1701937707000,1.00,9.770
ATOMUSDT,SELL,LIMIT,1701937715778,7.50,9.764
ATOMUSDT,SELL,LIMIT,1701937841320,16.39,9.754
ATOMUSDT,SELL,LIMIT,1701937901401,28.97,9.752
ATOMUSDT,SELL,LIMIT,1701938902722,14.26,9.899
ATOMUSDT,SELL,LIMIT,1701939278502,2036.96,9.719
ATOMUSDT,SELL,LIMIT,1701939340367,8.84,9.732
ATOMUSDT,SELL,LIMIT,1701939393254,751.09,9.716
ATOMUSDT,SELL,LIMIT,1701939565050,139.19,9.704
ATOMUSDT,SELL,LIMIT,1701939974182,23.52,9.683
ATOMUSDT,SELL,LIMIT,1701940023930,300.00,9.672
ATOMUSDT,SELL,LIMIT,1701940025013,80.96,9.671
ATOMUSDT,SELL,LIMIT,1701940048437,15.25,9.660
ATOMUSDT,SELL,LIMIT,1701940512116,0.51,9.655
ATOMUSDT,SELL,LIMIT,1701940513256,29.29,9.655
ATOMUSDT,SELL,LIMIT,1701940531382,49.05,9.649
ATOMUSDT,SELL,LIMIT,1701940533405,40.84,9.645
ATOMUSDT,SELL,LIMIT,1701940539046,3.00,9.643
ATOMUSDT,SELL,LIMIT,1701940545062,24.28,9.634
ATOMUSDT,SELL,LIMIT,1701940554225,68.76,9.627
ATOMUSDT,SELL,LIMIT,1701940557313,2.21,9.626
ATOMUSDT,SELL,LIMIT,1701940558550,34.66,9.622
ATOMUSDT,SELL,LIMIT,1701940560156,45.82,9.620
ATOMUSDT,SELL,LIMIT,1701940562131,58.88,9.617
ATOMUSDT,SELL,LIMIT,1701940563208,316.89,9.618
ATOMUSDT,SELL,LIMIT,1701940564239,73.44,9.613
ATOMUSDT,SELL,LIMIT,1701940565390,50.00,9.612
ATOMUSDT,SELL,LIMIT,1701940566742,59.72,9.609
ATOMUSDT,SELL,LIMIT,1701940568194,16.40,9.608
ATOMUSDT,SELL,LIMIT,1701941026562,6.04,9.603
ATOMUSDT,SELL,LIMIT,1701941037123,47.56,9.599
ATOMUSDT,SELL,LIMIT,1701941066066,215.74,9.594
ATOMUSDT,SELL,LIMIT,1701941067298,7.29,9.592
ATOMUSDT,SELL,LIMIT,1701941068719,16.32,9.588
ATOMUSDT,SELL,LIMIT,1701941069738,96.08,9.586
ATOMUSDT,SELL,LIMIT,1701941074617,31.01,9.579
ATOMUSDT,SELL,LIMIT,1701941154405,21.86,9.573
ATOMUSDT,SELL,LIMIT,1701941158751,10.83,9.568
ATOMUSDT,SELL,LIMIT,1701941161969,2.98,9.568
ATOMUSDT,SELL,LIMIT,1701941163216,26.37,9.561
ATOMUSDT,SELL,LIMIT,1701941164418,68.65,9.557
ATOMUSDT,SELL,LIMIT,1701941169042,72.58,9.550
ATOMUSDT,SELL,LIMIT,1701941170138,48.76,9.554
ATOMUSDT,SELL,LIMIT,1701941173330,71.79,9.547
ATOMUSDT,SELL,LIMIT,1701941174373,151.21,9.548
ATOMUSDT,SELL,LIMIT,1701941175435,3.89,9.541
ATOMUSDT,SELL,LIMIT,1701941176628,5123.35,9.503
ATOMUSDT,SELL,LIMIT,1701941177844,5.51,9.530
ATOMUSDT,SELL,LIMIT,1701941179166,9.03,9.527
ATOMUSDT,SELL,LIMIT,1701941180993,74.59,9.526
ATOMUSDT,SELL,LIMIT,1701941184788,156.38,9.528
ATOMUSDT,SELL,LIMIT,1701941187229,23.05,9.517
ATOMUSDT,SELL,LIMIT,1701941188320,39.93,9.519
ATOMUSDT,SELL,LIMIT,1701941189360,38.40,9.513
ATOMUSDT,SELL,LIMIT,1701941190408,454.98,9.515
ATOMUSDT,SELL,LIMIT,1701941237314,300.00,9.511
ATOMUSDT,SELL,LIMIT,1701941238421,204.83,9.511
ATOMUSDT,SELL,LIMIT,1701941239785,74.50,9.508
ATOMUSDT,SELL,LIMIT,1701941243292,21.90,9.504
ATOMUSDT,SELL,LIMIT,1701941244933,85.52,9.502
ATOMUSDT,SELL,LIMIT,1701941246453,164.77,9.496
ATOMUSDT,SELL,LIMIT,1701941254128,0.64,9.495
ATOMUSDT,SELL,LIMIT,1701941271951,166.06,9.495
ATOMUSDT,BUY,LIMIT,1701943295227,5.31,9.792
ATOMUSDT,SELL,LIMIT,1701943657810,99.33,9.596
ATOMUSDT,SELL,LIMIT,1701944448058,200.00,9.584
ATOMUSDT,SELL,LIMIT,1701949392726,0.53,9.555
ATOMUSDT,SELL,LIMIT,1701949407157,13.10,9.552
ATOMUSDT,SELL,LIMIT,1701949725371,81.04,9.534
ATOMUSDT,SELL,LIMIT,1701950638823,17.04,9.526
ATOMUSDT,BUY,LIMIT,1701953976591,0.01,9.749
ATOMUSDT,SELL,LIMIT,1701954849760,7.53,9.620
ATOMUSDT,SELL,LIMIT,1701957141590,1029.33,9.587
ATOMUSDT,SELL,LIMIT,1701958631073,3.87,9.577
ATOMUSDT,SELL,LIMIT,1701958642006,300.15,9.575
ATOMUSDT,SELL,LIMIT,1701958660852,371.06,9.568
ATOMUSDT,SELL,LIMIT,1701958807532,32.32,9.566
ATOMUSDT,BUY,LIMIT,1701961331262,82.62,9.776
ATOMUSDT,BUY,LIMIT,1701961332331,0.57,9.777
ATOMUSDT,BUY,LIMIT,1701962531621,5.00,9.786
ATOMUSDT,BUY,LIMIT,1701962843405,533.93,9.828
ATOMUSDT,BUY,LIMIT,1701963004267,16.10,9.835
ATOMUSDT,BUY,LIMIT,1701963128556,5.65,9.875
ATOMUSDT,BUY,LIMIT,1701963343068,626.38,9.898
ATOMUSDT,SELL,LIMIT,1701964403525,0.03,69.704
ATOMUSDT,BUY,LIMIT,1701964562320,238.36,9.889
ATOMUSDT,SELL,LIMIT,1701964911721,337.48,9.721
ATOMUSDT,SELL,LIMIT,1701964918683,5.07,9.716
ATOMUSDT,BUY,LIMIT,1701965126803,1.50,9.902
ATOMUSDT,BUY,LIMIT,1701965528472,7.56,9.900
ATOMUSDT,BUY,LIMIT,1701966333134,18.51,9.973
ATOMUSDT,BUY,LIMIT,1701966394205,732.70,9.979
ATOMUSDT,BUY,LIMIT,1701967103485,110.71,9.995
ATOMUSDT,BUY,LIMIT,1701967175498,50.00,10.009
ATOMUSDT,BUY,LIMIT,1701967815233,302.61,9.996
ATOMUSDT,BUY,LIMIT,1701968152872,36.90,10.013
ATOMUSDT,BUY,LIMIT,1701969620592,407.53,10.032
ATOMUSDT,BUY,LIMIT,1701969748703,21.88,10.045
ATOMUSDT,BUY,LIMIT,1701969817697,75.19,10.054
ATOMUSDT,SELL,LIMIT,1701971002987,44.33,9.862
ATOMUSDT,SELL,LIMIT,1701971014484,29.19,9.857
ATOMUSDT,SELL,LIMIT,1701971016866,132.16,9.852
ATOMUSDT,SELL,LIMIT,1701971060079,180.54,9.840
ATOMUSDT,BUY,LIMIT,1701971753363,63.41,10.021
ATOMUSDT,SELL,LIMIT,1701974264888,36.36,9.833
ATOMUSDT,SELL,LIMIT,1701974281803,34.86,9.827
ATOMUSDT,SELL,LIMIT,1701976321198,1.30,9.801
ATOMUSDT,SELL,LIMIT,1701976332751,9.42,9.799
ATOMUSDT,SELL,LIMIT,1701976483208,69.68,9.790
ATOMUSDT,SELL,LIMIT,1701976869189,1006.13,9.780
ATOMUSDT,SELL,LIMIT,1701976871189,106.35,9.778
ATOMUSDT,SELL,LIMIT,1701976966690,2.76,9.775
ATOMUSDT,SELL,LIMIT,1701977184817,119.46,9.759
ATOMUSDT,SELL,LIMIT,1701977294540,5.02,9.746
ATOMUSDT,SELL,LIMIT,1701978202172,85.08,9.723
ATOMUSDT,SELL,LIMIT,1701978232914,292.95,9.715
ATOMUSDT,SELL,LIMIT,1701978236258,69.40,9.711
ATOMUSDT,SELL,LIMIT,1701978276699,134.21,9.704
ATOMUSDT,SELL,LIMIT,1701978277801,53.90,9.704
ATOMUSDT,BUY,LIMIT,1701983032431,10.42,9.924
ATOMUSDT,BUY,LIMIT,1701983244198,27.27,9.966
ATOMUSDT,BUY,LIMIT,1701983439520,101.58,9.975
ATOMUSDT,BUY,LIMIT,1701983474640,105.31,9.985
ATOMUSDT,BUY,LIMIT,1701984503790,0.96,10.037
ATOMUSDT,BUY,LIMIT,1701984549729,50.05,10.050
ATOMUSDT,BUY,LIMIT,1701984772156,40.58,10.065
ATOMUSDT,BUY,LIMIT,1701986458254,61.00,10.075
ATOMUSDT,BUY,LIMIT,1701986506186,94.29,10.083
ATOMUSDT,BUY,LIMIT,1701986525070,328.28,10.092
ATOMUSDT,BUY,LIMIT,1701987528447,1.08,10.067
ATOMUSDT,SELL,LIMIT,1701988364467,996.41,9.898
ATOMUSDT,SELL,LIMIT,1701988462186,538.55,9.873
ATOMUSDT,SELL,LIMIT,1701988466417,532.57,9.872
ATOMUSDT,SELL,LIMIT,1701988481746,207.25,9.871
ATOMUSDT,SELL,LIMIT,1701988497176,45.31,9.868
ATOMUSDT,SELL,LIMIT,1701988881376,151.59,9.860
ATOMUSDT,SELL,LIMIT,1701989489421,113.79,9.854
ATOMUSDT,SELL,LIMIT,1701989541233,19.64,9.829
ATOMUSDT,SELL,LIMIT,1701989542246,76.94,9.825
ATOMUSDT,SELL,LIMIT,1701989546597,150.71,9.819
ATOMUSDT,BUY,LIMIT,1701995049632,16.12,10.012
ATOMUSDT,SELL,LIMIT,1701996250347,444.45,9.841
ATOMUSDT,SELL,LIMIT,1701997736606,1.43,9.791
ATOMUSDT,SELL,LIMIT,1702001025139,53.37,9.856
ATOMUSDT,BUY,LIMIT,1702005313753,1.21,10.066
ATOMUSDT,BUY,LIMIT,1702006199147,41.69,10.066
ATOMUSDT,BUY,LIMIT,1702008857079,86.90,10.093
ATOMUSDT,BUY,LIMIT,1702008976263,2.00,10.108
ATOMUSDT,BUY,LIMIT,1702009676987,54.18,10.087
ATOMUSDT,SELL,LIMIT,1702013879372,5.57,9.908
ATOMUSDT,BUY,LIMIT,1702015817844,27.35,10.095
ATOMUSDT,BUY,LIMIT,1702015943776,128.61,10.104
ATOMUSDT,BUY,LIMIT,1702015946372,14.46,10.105
ATOMUSDT,BUY,LIMIT,1702015989024,10.41,10.108
ATOMUSDT,BUY,LIMIT,1702016731648,16.45,10.123
ATOMUSDT,BUY,LIMIT,1702016738991,40.00,10.126
ATOMUSDT,BUY,LIMIT,1702016748108,42.47,10.132
ATOMUSDT,SELL,LIMIT,1702016876677,5.88,10.007
ATOMUSDT,BUY,LIMIT,1702018380321,7.55,10.081
ATOMUSDT,BUY,LIMIT,1702018530388,0.47,10.107
ATOMUSDT,SELL,LIMIT,1702019164689,424.57,9.943
ATOMUSDT,SELL,LIMIT,1702019544361,30.69,9.939
ATOMUSDT,SELL,LIMIT,1702020415488,55.59,9.882
ATOMUSDT,SELL,LIMIT,1702020472357,994.18,9.871
ATOMUSDT,SELL,LIMIT,1702020541159,335.18,9.849
ATOMUSDT,SELL,LIMIT,1702020663447,249.80,9.834
ATOMUSDT,SELL,LIMIT,1702020668858,52.80,9.821
ATOMUSDT,BUY,LIMIT,1702026357108,21.42,10.123
ATOMUSDT,BUY,LIMIT,1702026373554,785.60,10.132
ATOMUSDT,BUY,LIMIT,1702026440378,28.86,10.144
ATOMUSDT,BUY,LIMIT,1702026459367,31.84,10.152
ATOMUSDT,BUY,LIMIT,1702026477336,263.84,10.163
ATOMUSDT,SELL,LIMIT,1702029129424,7.67,9.967
ATOMUSDT,BUY,LIMIT,1702032855834,638.57,10.174
ATOMUSDT,BUY,LIMIT,1702032917160,10.93,10.185
ATOMUSDT,BUY,LIMIT,1702032956615,257.64,10.198
ATOMUSDT,BUY,LIMIT,1702034093268,5.14,10.169
ATOMUSDT,BUY,LIMIT,1702034594084,552.16,10.202
ATOMUSDT,BUY,LIMIT,1702035162393,0.85,10.225
ATOMUSDT,BUY,LIMIT,1702035174266,30.00,10.234
ATOMUSDT,BUY,LIMIT,1702035450185,7.58,10.218
ATOMUSDT,BUY,LIMIT,1702035620566,63.51,10.237
ATOMUSDT,BUY,LIMIT,1702035635222,16.07,10.239
ATOMUSDT,BUY,LIMIT,1702035734215,3.39,10.240
ATOMUSDT,BUY,LIMIT,1702036083674,5.06,10.235
ATOMUSDT,SELL,LIMIT,1702036155130,279.58,10.117
ATOMUSDT,BUY,LIMIT,1702036326379,102.14,10.247
ATOMUSDT,BUY,LIMIT,1702036397858,14.28,10.249
ATOMUSDT,BUY,LIMIT,1702038053171,1.28,10.257
ATOMUSDT,BUY,LIMIT,1702038481100,1020.16,10.270
ATOMUSDT,BUY,LIMIT,1702038483995,15.69,10.269
ATOMUSDT,SELL,LIMIT,1702038498616,8.24,10.445
ATOMUSDT,BUY,LIMIT,1702038502191,6.00,10.276
ATOMUSDT,BUY,LIMIT,1702038588560,3.06,10.295
ATOMUSDT,BUY,LIMIT,1702038602570,491.72,10.299
ATOMUSDT,BUY,LIMIT,1702038605440,92.78,10.304
ATOMUSDT,BUY,LIMIT,1702038627254,157.79,10.308
ATOMUSDT,BUY,LIMIT,1702039057404,715.86,10.314
ATOMUSDT,BUY,LIMIT,1702039084394,0.66,10.316
ATOMUSDT,BUY,LIMIT,1702039097274,23.29,10.318
ATOMUSDT,BUY,LIMIT,1702039125682,74.36,10.320
ATOMUSDT,BUY,LIMIT,1702039196065,18.33,10.309
ATOMUSDT,BUY,LIMIT,1702039869459,0.76,10.326
ATOMUSDT,BUY,LIMIT,1702040026097,29.81,10.332
ATOMUSDT,SELL,LIMIT,1702040263364,934.22,10.110
ATOMUSDT,SELL,LIMIT,1702040266212,85.59,10.107
ATOMUSDT,SELL,LIMIT,1702040268184,138.09,10.084
ATOMUSDT,SELL,LIMIT,1702040271046,14.16,10.072
ATOMUSDT,SELL,LIMIT,1702040272540,710.48,10.067
ATOMUSDT,SELL,LIMIT,1702040274407,15.27,10.054
ATOMUSDT,SELL,LIMIT,1702042239247,1.78,10.084
ATOMUSDT,BUY,LIMIT,1702043510162,23.75,10.274
ATOMUSDT,BUY,LIMIT,1702043669553,39.27,10.287
ATOMUSDT,BUY,LIMIT,1702043693271,201.92,10.289
ATOMUSDT,SELL,LIMIT,1702043698512,10.61,10.176
ATOMUSDT,BUY,LIMIT,1702044018456,4.91,10.316
ATOMUSDT,BUY,LIMIT,1702044218826,10.57,10.342
ATOMUSDT,SELL,LIMIT,1702044404675,17.43,10.132
ATOMUSDT,BUY,LIMIT,1702047948792,979.43,10.343
ATOMUSDT,BUY,LIMIT,1702047968088,24.11,10.345
ATOMUSDT,BUY,LIMIT,1702047972191,49.95,10.352
ATOMUSDT,BUY,LIMIT,1702047973944,3.84,10.363
ATOMUSDT,BUY,LIMIT,1702048012238,32.88,10.369
ATOMUSDT,BUY,LIMIT,1702048017808,56.35,10.375
ATOMUSDT,BUY,LIMIT,1702048019922,0.60,10.378
ATOMUSDT,BUY,LIMIT,1702048033892,12.21,10.380
ATOMUSDT,BUY,LIMIT,1702048035079,308.64,10.384
ATOMUSDT,BUY,LIMIT,1702048041340,224.50,10.398
ATOMUSDT,BUY,LIMIT,1702048050177,4.06,10.399
ATOMUSDT,BUY,LIMIT,1702048056125,1710.76,10.421
ATOMUSDT,BUY,LIMIT,1702048058108,2.39,10.403
ATOMUSDT,BUY,LIMIT,1702048222423,56.20,10.409
ATOMUSDT,BUY,LIMIT,1702048225484,16.67,10.409
ATOMUSDT,BUY,LIMIT,1702048321609,63.43,10.428
ATOMUSDT,BUY,LIMIT,1702049773355,143.26,10.436
ATOMUSDT,BUY,LIMIT,1702049791785,229.68,10.442
ATOMUSDT,BUY,LIMIT,1702049793943,8.58,10.444
ATOMUSDT,BUY,LIMIT,1702049799615,42.51,10.444
ATOMUSDT,BUY,LIMIT,1702049817216,594.04,10.456
ATOMUSDT,BUY,LIMIT,1702049820066,0.85,10.464
ATOMUSDT,BUY,LIMIT,1702049988807,8.56,10.466
ATOMUSDT,BUY,LIMIT,1702050159294,315.19,10.473
ATOMUSDT,BUY,LIMIT,1702050168073,10.34,10.478
ATOMUSDT,BUY,LIMIT,1702050169360,72.77,10.477
ATOMUSDT,BUY,LIMIT,1702050185541,10.60,10.483
ATOMUSDT,BUY,LIMIT,1702050261055,2.02,10.490
ATOMUSDT,BUY,LIMIT,1702050298492,4926.85,10.530
ATOMUSDT,BUY,LIMIT,1702050301562,56.40,10.494
ATOMUSDT,BUY,LIMIT,1702050310071,9.83,10.497
ATOMUSDT,BUY,LIMIT,1702050436006,4.29,10.519
ATOMUSDT,BUY,LIMIT,1702050447227,150.08,10.530
ATOMUSDT,BUY,LIMIT,1702050454463,97.28,10.533
ATOMUSDT,BUY,LIMIT,1702050477194,459.99,10.543
ATOMUSDT,BUY,LIMIT,1702050535071,78.80,10.546
ATOMUSDT,SELL,LIMIT,1702050803370,15.78,10.340
ATOMUSDT,BUY,LIMIT,1702051257194,14.52,10.505
ATOMUSDT,BUY,LIMIT,1702051320217,541.64,10.533
ATOMUSDT,BUY,LIMIT,1702051503061,199.78,10.543
ATOMUSDT,BUY,LIMIT,1702051514586,16.00,10.554
ATOMUSDT,SELL,LIMIT,1702051903142,0.02,10.418
ATOMUSDT,BUY,LIMIT,1702052044286,6.05,10.563
ATOMUSDT,BUY,LIMIT,1702052045538,0.60,10.564
ATOMUSDT,BUY,LIMIT,1702052046582,49.78,10.565
ATOMUSDT,BUY,LIMIT,1702052054220,176.16,10.573
ATOMUSDT,BUY,LIMIT,1702052069547,115.89,10.580
ATOMUSDT,BUY,LIMIT,1702052075784,2.48,10.583
ATOMUSDT,BUY,LIMIT,1702052077687,3.31,10.583
ATOMUSDT,BUY,LIMIT,1702052090809,68.87,10.590
ATOMUSDT,BUY,LIMIT,1702052151094,0.90,10.598
ATOMUSDT,BUY,LIMIT,1702052161448,4.97,10.602
ATOMUSDT,BUY,LIMIT,1702052164029,53.23,10.603
ATOMUSDT,BUY,LIMIT,1702052499545,18.63,10.608
ATOMUSDT,BUY,LIMIT,1702052529062,804.34,10.609
ATOMUSDT,BUY,LIMIT,1702052530227,6.97,10.609
ATOMUSDT,BUY,LIMIT,1702052621380,17.63,10.590
ATOMUSDT,BUY,LIMIT,1702052632647,447.40,10.638
ATOMUSDT,BUY,LIMIT,1702052641840,0.89,10.638
ATOMUSDT,BUY,LIMIT,1702052648793,4000.00,10.682
ATOMUSDT,BUY,LIMIT,1702052656458,67.63,10.653
ATOMUSDT,BUY,LIMIT,1702052658057,5.45,10.670
ATOMUSDT,BUY,LIMIT,1702052659379,169.78,10.658
ATOMUSDT,BUY,LIMIT,1702052663162,153.39,10.680
ATOMUSDT,BUY,LIMIT,1702052777121,711.18,10.680
ATOMUSDT,BUY,LIMIT,1702052784063,28.55,10.692
ATOMUSDT,BUY,LIMIT,1702052787039,812.16,10.695
ATOMUSDT,BUY,LIMIT,1702052788117,947.86,10.698
ATOMUSDT,BUY,LIMIT,1702052797056,353.17,10.706
ATOMUSDT,BUY,LIMIT,1702052798350,10.60,10.710
ATOMUSDT,BUY,LIMIT,1702052799386,274.22,10.710
ATOMUSDT,BUY,LIMIT,1702052805944,90.66,10.712
ATOMUSDT,BUY,LIMIT,1702053179361,19.18,10.722
ATOMUSDT,BUY,LIMIT,1702053250299,0.83,10.741
ATOMUSDT,BUY,LIMIT,1702053251341,330.00,10.742
ATOMUSDT,BUY,LIMIT,1702053284293,400.00,10.745
ATOMUSDT,BUY,LIMIT,1702054806044,707.81,10.732
ATOMUSDT,SELL,LIMIT,1702055301451,10.02,10.520
ATOMUSDT,SELL,LIMIT,1702055304189,468.68,10.518
ATOMUSDT,SELL,LIMIT,1702055308306,93.86,10.508
ATOMUSDT,SELL,LIMIT,1702055351278,4.24,10.491
ATOMUSDT,SELL,LIMIT,1702055752339,9.39,10.475
ATOMUSDT,SELL,LIMIT,1702056274044,77.99,10.450
ATOMUSDT,SELL,LIMIT,1702056455898,9.45,10.435
ATOMUSDT,SELL,LIMIT,1702056562147,17.51,10.440
ATOMUSDT,BUY,LIMIT,1702058098592,150.39,10.636
ATOMUSDT,SELL,LIMIT,1702060549768,315.56,10.432
ATOMUSDT,SELL,LIMIT,1702062374264,2.84,10.404
ATOMUSDT,SELL,LIMIT,1702062375381,2.07,10.408
ATOMUSDT,SELL,LIMIT,1702063195711,285.58,10.395
ATOMUSDT,SELL,LIMIT,1702063944987,84.67,10.385
ATOMUSDT,SELL,LIMIT,1702064553268,222.77,10.381
ATOMUSDT,SELL,LIMIT,1702065027208,209.44,10.366
ATOMUSDT,SELL,LIMIT,1702065524118,121.25,10.402
ATOMUSDT,BUY,LIMIT,1702065541819,8.86,10.524
ATOMUSDT,BUY,LIMIT,1702065942715,14.37,10.526
ATOMUSDT,BUY,LIMIT,1702066078443,224.06,10.541
ATOMUSDT,BUY,LIMIT,1702066422509,745.98,10.563
ATOMUSDT,BUY,LIMIT,1702067963400,64.73,10.583
ATOMUSDT,BUY,LIMIT,1702068229047,42.28,10.583
ATOMUSDT,BUY,LIMIT,1702068619642,19.04,10.572
ATOMUSDT,BUY,LIMIT,1702068817358,119.58,10.582
ATOMUSDT,BUY,LIMIT,1702070184498,192.00,10.534
ATOMUSDT,BUY,LIMIT,1702070873733,7.02,10.539
ATOMUSDT,BUY,LIMIT,1702070895513,72.01,10.545
ATOMUSDT,SELL,LIMIT,1702071735523,102.56,10.379
ATOMUSDT,SELL,LIMIT,1702071803754,24.23,10.370
ATOMUSDT,SELL,LIMIT,1702071815887,117.92,10.365
ATOMUSDT,SELL,LIMIT,1702071820432,3.75,10.361
ATOMUSDT,SELL,LIMIT,1702072122018,5.64,10.360
ATOMUSDT,BUY,LIMIT,1702072671666,21.28,10.534
ATOMUSDT,BUY,LIMIT,1702072954524,46.16,10.496
ATOMUSDT,SELL,LIMIT,1702073930011,6.76,10.384
ATOMUSDT,SELL,LIMIT,1702074407456,58.34,10.347
ATOMUSDT,SELL,LIMIT,1702074519757,43.18,10.341
ATOMUSDT,SELL,LIMIT,1702075262054,190.26,10.325
ATOMUSDT,SELL,LIMIT,1702075270107,133.93,10.318
ATOMUSDT,SELL,LIMIT,1702075363584,728.59,10.309
ATOMUSDT,SELL,LIMIT,1702075529223,215.59,10.318
ATOMUSDT,SELL,LIMIT,1702076365560,147.87,10.301
ATOMUSDT,SELL,LIMIT,1702076926061,41.72,10.295
ATOMUSDT,SELL,LIMIT,1702076927890,74.58,10.291
ATOMUSDT,SELL,LIMIT,1702077222089,6.30,10.289
ATOMUSDT,SELL,LIMIT,1702077752221,7.88,10.285
ATOMUSDT,SELL,LIMIT,1702077753696,19.21,10.281
ATOMUSDT,SELL,LIMIT,1702077759999,8.36,10.278
ATOMUSDT,BUY,LIMIT,1702078182357,1033.30,10.435
ATOMUSDT,BUY,LIMIT,1702078609448,18.40,10.445
ATOMUSDT,BUY,LIMIT,1702080022974,13.00,10.491
ATOMUSDT,BUY,LIMIT,1702080402587,12.77,10.487
ATOMUSDT,BUY,LIMIT,1702080687269,11.92,10.498
ATOMUSDT,BUY,LIMIT,1702081183104,54.36,10.503
ATOMUSDT,BUY,LIMIT,1702081227179,12.46,10.507
ATOMUSDT,BUY,LIMIT,1702081229517,50.06,10.510
ATOMUSDT,BUY,LIMIT,1702081245323,18.00,10.527
ATOMUSDT,BUY,LIMIT,1702081302791,4.53,10.535
ATOMUSDT,BUY,LIMIT,1702081350717,55.42,10.537
ATOMUSDT,SELL,LIMIT,1702081364752,14.08,10.416
ATOMUSDT,BUY,LIMIT,1702081414017,1.82,10.552
ATOMUSDT,BUY,LIMIT,1702081457816,70.90,10.557
ATOMUSDT,BUY,LIMIT,1702081623404,83.66,10.575
ATOMUSDT,BUY,LIMIT,1702081647617,300.00,10.574
ATOMUSDT,BUY,LIMIT,1702081663162,7.05,10.579
ATOMUSDT,BUY,LIMIT,1702081664225,0.99,10.578
ATOMUSDT,BUY,LIMIT,1702081703804,72.96,10.581
ATOMUSDT,BUY,LIMIT,1702081734869,187.92,10.588
ATOMUSDT,BUY,LIMIT,1702081754150,1979.71,10.635
ATOMUSDT,BUY,LIMIT,1702081775459,615.84,10.627
ATOMUSDT,BUY,LIMIT,1702081818139,638.32,10.630
ATOMUSDT,BUY,LIMIT,1702081825947,1004.21,10.639
ATOMUSDT,BUY,LIMIT,1702081983683,10.39,10.639
ATOMUSDT,BUY,LIMIT,1702082319106,6.08,10.654
ATOMUSDT,BUY,LIMIT,1702082378344,374.95,10.670
ATOMUSDT,BUY,LIMIT,1702082441745,11.70,10.676
ATOMUSDT,BUY,LIMIT,1702082518324,14.38,10.690
ATOMUSDT,BUY,LIMIT,1702082536030,2380.37,10.729
ATOMUSDT,BUY,LIMIT,1702082974938,24.16,10.702
ATOMUSDT,BUY,LIMIT,1702083126195,24.16,10.683
ATOMUSDT,BUY,LIMIT,1702083590513,39.04,10.738
ATOMUSDT,BUY,LIMIT,1702083602994,181.41,10.741
ATOMUSDT,BUY,LIMIT,1702083617530,27.97,10.754
ATOMUSDT,BUY,LIMIT,1702083624025,0.66,10.760
ATOMUSDT,BUY,LIMIT,1702083625495,7.15,10.760
ATOMUSDT,BUY,LIMIT,1702083634547,3.02,10.762
ATOMUSDT,BUY,LIMIT,1702083646194,106.07,10.768
ATOMUSDT,BUY,LIMIT,1702083653094,100.38,10.773
ATOMUSDT,BUY,LIMIT,1702083655358,28.88,10.776
ATOMUSDT,BUY,LIMIT,1702083674883,41.97,10.796
ATOMUSDT,BUY,LIMIT,1702083679398,854.79,10.798
ATOMUSDT,BUY,LIMIT,1702083681206,2.38,10.800
ATOMUSDT,BUY,LIMIT,1702083687477,433.50,10.805
ATOMUSDT,BUY,LIMIT,1702083689101,74.38,10.806
ATOMUSDT,BUY,LIMIT,1702083692346,4.95,10.812
ATOMUSDT,BUY,LIMIT,1702083721381,2457.95,10.841
ATOMUSDT,BUY,LIMIT,1702083725229,1.74,10.822
ATOMUSDT,BUY,LIMIT,1702083726820,0.16,10.824
ATOMUSDT,BUY,LIMIT,1702083733854,2.72,10.823
ATOMUSDT,BUY,LIMIT,1702083736919,72.40,10.828
ATOMUSDT,BUY,LIMIT,1702083744178,3.70,10.835
ATOMUSDT,BUY,LIMIT,1702083769078,71.21,10.845
ATOMUSDT,BUY,LIMIT,1702083771266,45.68,10.848
ATOMUSDT,SELL,LIMIT,1702083860469,2.60,10.771
ATOMUSDT,SELL,LIMIT,1702083900714,88.69,10.620
ATOMUSDT,SELL,LIMIT,1702083925427,250.87,10.608
ATOMUSDT,SELL,LIMIT,1702084082610,861.13,10.565
ATOMUSDT,SELL,LIMIT,1702084089255,7.00,10.560
ATOMUSDT,SELL,LIMIT,1702084090405,14.31,10.575
ATOMUSDT,BUY,LIMIT,1702085900320,24.36,10.847
ATOMUSDT,BUY,LIMIT,1702085901360,27.34,10.847
ATOMUSDT,SELL,LIMIT,1702086667840,213.93,10.606
ATOMUSDT,SELL,LIMIT,1702087285903,0.56,10.549
ATOMUSDT,SELL,LIMIT,1702087463466,0.63,10.539
ATOMUSDT,BUY,LIMIT,1702091252447,15.80,10.747
ATOMUSDT,BUY,LIMIT,1702091601107,58.87,10.748
ATOMUSDT,BUY,LIMIT,1702091756252,293.85,10.762
ATOMUSDT,BUY,LIMIT,1702091785825,2.15,10.767
ATOMUSDT,BUY,LIMIT,1702092200468,44.29,10.796
ATOMUSDT,BUY,LIMIT,1702092602375,25.53,10.807
ATOMUSDT,BUY,LIMIT,1702094617864,142.65,10.802
ATOMUSDT,BUY,LIMIT,1702094632726,100.00,10.807
ATOMUSDT,BUY,LIMIT,1702094637317,13.80,10.808
ATOMUSDT,SELL,LIMIT,1702094640017,1.53,10.680
ATOMUSDT,BUY,LIMIT,1702094842792,69.83,10.830
ATOMUSDT,BUY,LIMIT,1702094845224,49.62,10.832
ATOMUSDT,BUY,LIMIT,1702095757614,1.50,10.856
ATOMUSDT,BUY,LIMIT,1702095764308,120.97,10.860
ATOMUSDT,BUY,LIMIT,1702095774161,95.87,10.858
ATOMUSDT,BUY,LIMIT,1702095875052,144.50,10.865
ATOMUSDT,SELL,LIMIT,1702096521068,0.65,10.722
ATOMUSDT,BUY,LIMIT,1702097314230,1.14,10.869
ATOMUSDT,BUY,LIMIT,1702097363134,1.11,10.873
ATOMUSDT,BUY,LIMIT,1702097379324,5.74,10.877
ATOMUSDT,BUY,LIMIT,1702097380553,3.86,10.877
ATOMUSDT,BUY,LIMIT,1702097381664,0.04,10.880
ATOMUSDT,BUY,LIMIT,1702097383682,1.89,10.886
ATOMUSDT,BUY,LIMIT,1702097408279,53.33,10.894
ATOMUSDT,BUY,LIMIT,1702097418465,83.29,10.901
ATOMUSDT,BUY,LIMIT,1702097662665,22.89,10.904
ATOMUSDT,BUY,LIMIT,1702097844119,83.41,10.903
ATOMUSDT,BUY,LIMIT,1702097847451,3.51,10.903
ATOMUSDT,BUY,LIMIT,1702097849637,6.76,10.904
ATOMUSDT,BUY,LIMIT,1702098130307,3.20,10.913
ATOMUSDT,BUY,LIMIT,1702098132341,6.21,10.915
ATOMUSDT,BUY,LIMIT,1702098140271,10.25,10.918
ATOMUSDT,BUY,LIMIT,1702098144040,173.06,10.918
ATOMUSDT,BUY,LIMIT,1702098145482,9.18,10.920
ATOMUSDT,BUY,LIMIT,1702098147164,408.20,10.924
ATOMUSDT,BUY,LIMIT,1702098148274,85.18,10.928
ATOMUSDT,BUY,LIMIT,1702098151996,2.71,10.929
ATOMUSDT,BUY,LIMIT,1702098156183,10.00,10.936
ATOMUSDT,BUY,LIMIT,1702098157519,10.05,10.940
ATOMUSDT,SELL,LIMIT,1702100074087,31.33,10.710
ATOMUSDT,BUY,LIMIT,1702101204887,58.82,10.852
ATOMUSDT,BUY,LIMIT,1702102060552,9.88,10.889
ATOMUSDT,BUY,LIMIT,1702102361560,12.77,10.841
ATOMUSDT,BUY,LIMIT,1702102817230,7.89,10.906
ATOMUSDT,BUY,LIMIT,1702102929864,12.72,10.922
ATOMUSDT,BUY,LIMIT,1702103074403,5.00,10.902
ATOMUSDT,BUY,LIMIT,1702103111875,96.84,10.908
ATOMUSDT,BUY,LIMIT,1702103212393,17.20,10.918
ATOMUSDT,BUY,LIMIT,1702103376621,24.26,10.890
ATOMUSDT,BUY,LIMIT,1702103600472,3.87,10.868
ATOMUSDT,BUY,LIMIT,1702103638369,346.28,10.891
ATOMUSDT,BUY,LIMIT,1702105117071,28.22,10.925
ATOMUSDT,BUY,LIMIT,1702105471348,3.64,10.942
ATOMUSDT,BUY,LIMIT,1702105480724,30.00,10.945
ATOMUSDT,BUY,LIMIT,1702105484082,8.88,10.946
ATOMUSDT,BUY,LIMIT,1702105485550,15.00,10.949
ATOMUSDT,BUY,LIMIT,1702105487133,6.75,10.950
ATOMUSDT,BUY,LIMIT,1702105490081,3.37,10.955
ATOMUSDT,BUY,LIMIT,1702105689138,63.14,10.968
ATOMUSDT,BUY,LIMIT,1702105690341,225.80,10.965
ATOMUSDT,BUY,LIMIT,1702105695650,93.18,10.970
ATOMUSDT,BUY,LIMIT,1702105921476,16.43,10.971
ATOMUSDT,BUY,LIMIT,1702105924496,108.26,10.974
ATOMUSDT,BUY,LIMIT,1702105926641,498.50,10.980
ATOMUSDT,BUY,LIMIT,1702105969324,122.41,10.989
ATOMUSDT,BUY,LIMIT,1702105984276,0.03,10.997
ATOMUSDT,BUY,LIMIT,1702106018123,305.75,11.007
ATOMUSDT,BUY,LIMIT,1702106043008,369.35,11.018
ATOMUSDT,BUY,LIMIT,1702106064318,80.79,11.022
ATOMUSDT,BUY,LIMIT,1702106074162,5.45,11.024
ATOMUSDT,BUY,LIMIT,1702106888279,52.50,10.949
ATOMUSDT,BUY,LIMIT,1702107294105,105.35,11.012
ATOMUSDT,BUY,LIMIT,1702107332379,117.45,11.027
ATOMUSDT,BUY,LIMIT,1702107358392,55.31,11.044
ATOMUSDT,BUY,LIMIT,1702107522247,71.79,11.017
ATOMUSDT,BUY,LIMIT,1702107523814,55.48,11.019
ATOMUSDT,BUY,LIMIT,1702107991122,2.08,11.030
ATOMUSDT,BUY,LIMIT,1702108054444,42.52,11.032
ATOMUSDT,BUY,LIMIT,1702108057132,200.00,11.032
ATOMUSDT,BUY,LIMIT,1702108293834,11.81,11.030
ATOMUSDT,BUY,LIMIT,1702108306773,98.09,11.033
ATOMUSDT,BUY,LIMIT,1702108319063,58.83,11.034
ATOMUSDT,BUY,LIMIT,1702108359269,6.23,11.025
ATOMUSDT,BUY,LIMIT,1702108532625,747.71,11.028
ATOMUSDT,BUY,LIMIT,1702108541442,301.74,11.039
ATOMUSDT,BUY,LIMIT,1702108549221,33.96,11.042
ATOMUSDT,BUY,LIMIT,1702108551320,115.92,11.043
ATOMUSDT,BUY,LIMIT,1702108556863,63.18,11.047
ATOMUSDT,BUY,LIMIT,1702108661049,1.00,11.064
ATOMUSDT,BUY,LIMIT,1702108662713,50.00,11.065
ATOMUSDT,BUY,LIMIT,1702108674845,2.29,11.076
ATOMUSDT,BUY,LIMIT,1702108937292,41.52,11.071
ATOMUSDT,SELL,LIMIT,1702109101219,100.00,10.975
ATOMUSDT,BUY,LIMIT,1702109102696,77.21,11.075
ATOMUSDT,BUY,LIMIT,1702109210138,1.42,11.083
ATOMUSDT,BUY,LIMIT,1702109370444,12.62,11.076
ATOMUSDT,BUY,LIMIT,1702109416204,15.21,11.074
ATOMUSDT,BUY,LIMIT,1702109420255,278.05,11.075
ATOMUSDT,BUY,LIMIT,1702109429463,14.65,11.087
ATOMUSDT,BUY,LIMIT,1702109457301,10.22,11.091
ATOMUSDT,BUY,LIMIT,1702109473114,1125.00,11.105
ATOMUSDT,BUY,LIMIT,1702109476745,320.85,11.103
ATOMUSDT,BUY,LIMIT,1702109485085,4.95,11.104
ATOMUSDT,BUY,LIMIT,1702109512483,39.87,11.108
ATOMUSDT,BUY,LIMIT,1702109514362,2.47,11.109
ATOMUSDT,BUY,LIMIT,1702109520329,5497.16,11.167
ATOMUSDT,BUY,LIMIT,1702109522321,5819.06,11.180
ATOMUSDT,BUY,LIMIT,1702109773516,4.64,11.104
ATOMUSDT,BUY,LIMIT,1702109779545,12.35,11.110
ATOMUSDT,BUY,LIMIT,1702109827477,31.01,11.126
ATOMUSDT,BUY,LIMIT,1702109838661,5.30,11.132
ATOMUSDT,BUY,LIMIT,1702109843289,1.08,11.133
ATOMUSDT,BUY,LIMIT,1702109844450,3.79,11.133
ATOMUSDT,BUY,LIMIT,1702109925240,502.52,11.126
ATOMUSDT,BUY,LIMIT,1702110068345,2.73,11.098
ATOMUSDT,BUY,LIMIT,1702110133496,9.94,11.153
ATOMUSDT,BUY,LIMIT,1702110134598,4.09,11.141
ATOMUSDT,BUY,LIMIT,1702110145412,413.03,11.164
ATOMUSDT,BUY,LIMIT,1702110173166,13.64,11.178
ATOMUSDT,BUY,LIMIT,1702110174332,1556.67,11.192
ATOMUSDT,BUY,LIMIT,1702110237122,11.72,11.189
ATOMUSDT,BUY,LIMIT,1702110246652,203.47,11.194
ATOMUSDT,BUY,LIMIT,1702110263773,46.83,11.205
ATOMUSDT,BUY,LIMIT,1702110273394,10.57,11.212
ATOMUSDT,BUY,LIMIT,1702110276342,70.41,11.216
ATOMUSDT,BUY,LIMIT,1702110315199,639.46,11.218
ATOMUSDT,BUY,LIMIT,1702110363243,918.91,11.232
ATOMUSDT,BUY,LIMIT,1702110371251,142.25,11.235
ATOMUSDT,BUY,LIMIT,1702110377267,54.34,11.246
ATOMUSDT,BUY,LIMIT,1702110382383,177.03,11.253
ATOMUSDT,BUY,LIMIT,1702110392592,2000.00,11.283
ATOMUSDT,BUY,LIMIT,1702110415842,18.43,11.264
ATOMUSDT,BUY,LIMIT,1702110431254,1.92,11.271
ATOMUSDT,BUY,LIMIT,1702110445481,1.18,11.274
ATOMUSDT,SELL,LIMIT,1702110711414,223.14,11.049
ATOMUSDT,BUY,LIMIT,1702110745311,40.00,11.276
ATOMUSDT,BUY,LIMIT,1702110748920,64.80,11.285
ATOMUSDT,BUY,LIMIT,1702110750615,1354.00,11.303
ATOMUSDT,BUY,LIMIT,1702110752263,0.02,11.293
ATOMUSDT,BUY,LIMIT,1702110757425,1124.57,11.316
ATOMUSDT,BUY,LIMIT,1702110759566,39.40,11.309
ATOMUSDT,BUY,LIMIT,1702110769514,3.05,11.315
ATOMUSDT,BUY,LIMIT,1702110771766,12.12,11.318
ATOMUSDT,BUY,LIMIT,1702110793908,674.61,11.332
ATOMUSDT,SELL,LIMIT,1702110925334,88.84,11.108
ATOMUSDT,BUY,LIMIT,1702110965110,1.33,11.213
ATOMUSDT,SELL,LIMIT,1702110970061,0.67,11.081
ATOMUSDT,SELL,LIMIT,1702110975524,222.88,11.063
ATOMUSDT,SELL,LIMIT,1702110977790,11.23,11.034
ATOMUSDT,SELL,LIMIT,1702110979395,567.43,11.026
ATOMUSDT,SELL,LIMIT,1702110980629,932.39,11.137
ATOMUSDT,SELL,LIMIT,1702110982344,895.49,11.004
ATOMUSDT,SELL,LIMIT,1702110983525,30.00,11.045
ATOMUSDT,SELL,LIMIT,1702111027750,2.97,10.974
ATOMUSDT,SELL,LIMIT,1702111029106,114.06,10.963
ATOMUSDT,SELL,LIMIT,1702111030586,44.80,10.968
ATOMUSDT,SELL,LIMIT,1702111032476,125.79,10.959
ATOMUSDT,SELL,LIMIT,1702111036122,109.85,10.941
ATOMUSDT,SELL,LIMIT,1702111037490,892.61,10.933
ATOMUSDT,SELL,LIMIT,1702111039345,155.36,10.921
ATOMUSDT,SELL,LIMIT,1702111040450,91.29,11.677
ATOMUSDT,SELL,LIMIT,1702111041610,152.63,10.897
ATOMUSDT,SELL,LIMIT,1702111042862,0.47,10.891
ATOMUSDT,SELL,LIMIT,1702111045597,68.64,10.878
ATOMUSDT,SELL,LIMIT,1702111065571,4.93,10.883
ATOMUSDT,SELL,LIMIT,1702111068440,22.92,10.866
ATOMUSDT,SELL,LIMIT,1702111188637,9.29,10.891
ATOMUSDT,SELL,LIMIT,1702111203439,15.58,10.848
ATOMUSDT,SELL,LIMIT,1702111368468,49.95,10.827
ATOMUSDT,SELL,LIMIT,1702111370263,3.11,10.817
ATOMUSDT,SELL,LIMIT,1702111371582,2.79,10.817
ATOMUSDT,SELL,LIMIT,1702111373583,930.28,10.786
ATOMUSDT,SELL,LIMIT,1702111376197,9.53,10.771
ATOMUSDT,SELL,LIMIT,1702111377295,65.00,10.765
ATOMUSDT,SELL,LIMIT,1702111378470,10.54,10.751
ATOMUSDT,SELL,LIMIT,1702111379618,152.65,10.759
ATOMUSDT,SELL,LIMIT,1702111381525,85.66,10.750
ATOMUSDT,SELL,LIMIT,1702111386335,134.46,10.750
ATOMUSDT,SELL,LIMIT,1702111387464,273.99,10.732
ATOMUSDT,SELL,LIMIT,1702111390676,73.22,10.727
ATOMUSDT,BUY,LIMIT,1702111639828,256.59,11.061
ATOMUSDT,BUY,LIMIT,1702111684485,34.76,11.092
ATOMUSDT,BUY,LIMIT,1702111936287,706.27,11.129
ATOMUSDT,BUY,LIMIT,1702112564079,125.66,11.168
ATOMUSDT,BUY,LIMIT,1702112629010,456.21,11.242
ATOMUSDT,BUY,LIMIT,1702112642304,905.71,11.257
ATOMUSDT,BUY,LIMIT,1702113285011,3.37,11.195
ATOMUSDT,BUY,LIMIT,1702113922538,7556.12,11.331
ATOMUSDT,SELL,LIMIT,1702115001015,192.92,11.043
ATOMUSDT,SELL,LIMIT,1702115003383,262.67,11.033
ATOMUSDT,SELL,LIMIT,1702115077454,888.78,11.006
ATOMUSDT,SELL,LIMIT,1702115081131,691.86,11.004
ATOMUSDT,SELL,LIMIT,1702115100450,20.92,11.000
ATOMUSDT,SELL,LIMIT,1702115615182,491.15,10.970
ATOMUSDT,SELL,LIMIT,1702115625167,10.97,10.973
ATOMUSDT,BUY,LIMIT,1702115732348,11.08,11.250
ATOMUSDT,SELL,LIMIT,1702115994675,190.66,11.051
ATOMUSDT,BUY,LIMIT,1702116839514,95.02,11.340
ATOMUSDT,BUY,LIMIT,1702116842618,35.09,11.354
ATOMUSDT,BUY,LIMIT,1702116848465,0.57,11.362
ATOMUSDT,BUY,LIMIT,1702116849991,4.05,11.367
ATOMUSDT,BUY,LIMIT,1702116853526,931.58,11.380
ATOMUSDT,BUY,LIMIT,1702116869277,250.52,11.381
ATOMUSDT,BUY,LIMIT,1702116870802,6.46,11.382
ATOMUSDT,SELL,LIMIT,1702117698948,1.19,11.122
ATOMUSDT,SELL,LIMIT,1702117738776,601.91,11.103
ATOMUSDT,SELL,LIMIT,1702118913654,1049.33,11.044
ATOMUSDT,SELL,LIMIT,1702119530258,23.00,11.032
ATOMUSDT,SELL,LIMIT,1702120368239,47.99,10.999
ATOMUSDT,SELL,LIMIT,1702120590566,22.85,10.968
ATOMUSDT,SELL,LIMIT,1702120982374,4486.31,10.908
ATOMUSDT,SELL,LIMIT,1702121096069,0.47,10.917
ATOMUSDT,SELL,LIMIT,1702121196339,18.44,10.901
ATOMUSDT,SELL,LIMIT,1702122169054,40.00,10.881
ATOMUSDT,SELL,LIMIT,1702122283060,896.15,10.873
ATOMUSDT,SELL,LIMIT,1702122296251,355.90,10.867
ATOMUSDT,SELL,LIMIT,1702122317226,81.49,10.858
ATOMUSDT,SELL,LIMIT,1702122359626,42.50,10.844
ATOMUSDT,SELL,LIMIT,1702122375981,26.61,10.840
ATOMUSDT,BUY,LIMIT,1702123558492,177.42,11.087
ATOMUSDT,SELL,LIMIT,1702125058914,6.43,10.896
ATOMUSDT,SELL,LIMIT,1702125066316,61.28,10.894
ATOMUSDT,SELL,LIMIT,1702125406732,433.68,10.863
ATOMUSDT,SELL,LIMIT,1702125746331,1883.92,10.833
ATOMUSDT,SELL,LIMIT,1702125752881,30.06,10.853
ATOMUSDT,SELL,LIMIT,1702128533848,35.77,10.846
ATOMUSDT,SELL,LIMIT,1702128628139,1650.00,10.804
ATOMUSDT,SELL,LIMIT,1702128629302,544.28,10.831
ATOMUSDT,SELL,LIMIT,1702128630953,85.81,10.810
ATOMUSDT,SELL,LIMIT,1702128685464,912.95,10.802
ATOMUSDT,SELL,LIMIT,1702132386111,30.09,10.787
ATOMUSDT,SELL,LIMIT,1702132450831,908.69,10.785
ATOMUSDT,SELL,LIMIT,1702132456253,100.00,10.782
ATOMUSDT,SELL,LIMIT,1702132459418,6.30,10.767
ATOMUSDT,SELL,LIMIT,1702132460423,307.66,10.763
ATOMUSDT,SELL,LIMIT,1702132507890,6.26,10.765
ATOMUSDT,SELL,LIMIT,1702132602148,3341.72,10.723
ATOMUSDT,SELL,LIMIT,1702132604232,1.04,10.751
ATOMUSDT,SELL,LIMIT,1702132605989,448.90,10.745
ATOMUSDT,SELL,LIMIT,1702132609700,19.86,10.731
ATOMUSDT,SELL,LIMIT,1702132705677,477.89,10.725
ATOMUSDT,SELL,LIMIT,1702132970133,40.48,10.704
ATOMUSDT,SELL,LIMIT,1702132971486,24.56,10.698
ATOMUSDT,SELL,LIMIT,1702132991500,72.15,10.699
ATOMUSDT,SELL,LIMIT,1702132992813,90.51,10.692
ATOMUSDT,SELL,LIMIT,1702132994358,4.18,10.684
ATOMUSDT,SELL,LIMIT,1702132995613,1.26,10.672
ATOMUSDT,SELL,LIMIT,1702132996849,67.82,10.668
ATOMUSDT,SELL,LIMIT,1702132999530,443.84,10.668
ATOMUSDT,SELL,LIMIT,1702133000892,0.46,10.663
ATOMUSDT,SELL,LIMIT,1702133004034,52.03,10.672
ATOMUSDT,SELL,LIMIT,1702133005090,150.09,10.651
ATOMUSDT,SELL,LIMIT,1702133006553,1000.00,10.637
ATOMUSDT,SELL,LIMIT,1702133007609,747.67,10.646
ATOMUSDT,SELL,LIMIT,1702133008827,15.70,10.637
ATOMUSDT,SELL,LIMIT,1702133010611,144.72,10.629
ATOMUSDT,SELL,LIMIT,1702133376579,70.42,10.648
ATOMUSDT,SELL,LIMIT,1702133394618,139.03,10.643
