Symbol,Side,Order Type,Time,Quantity,Price
ATOMUSDT,SELL,LIMIT,1700989518126,475.96,9.691
ATOMUSDT,SELL,LIMIT,1700989520125,60.40,9.689
ATOMUSDT,SELL,LIMIT,1700989939438,3.00,9.684
ATOMUSDT,SELL,LIMIT,1700990442511,4.07,9.680
ATOMUSDT,SELL,LIMIT,1700990537478,46.03,9.674
ATOMUSDT,SELL,LIMIT,1700990539114,81.31,9.672
ATOMUSDT,SELL,LIMIT,1700990548396,551.86,9.667
ATOMUSDT,SELL,LIMIT,1700990550205,27.40,9.666
ATOMUSDT,SELL,LIMIT,1700990754803,1.01,9.660
ATOMUSDT,SELL,LIMIT,1700990783038,101.70,9.654
ATOMUSDT,SELL,LIMIT,1700990870860,99.95,9.649
ATOMUSDT,SELL,LIMIT,1700990890893,13.47,9.645
ATOMUSDT,SELL,LIMIT,1700990897317,11.07,9.643
ATOMUSDT,SELL,LIMIT,1700990900577,893.00,9.642
ATOMUSDT,SELL,LIMIT,1700990925139,52.04,9.632
ATOMUSDT,SELL,LIMIT,1700990933194,403.45,9.629
ATOMUSDT,SELL,LIMIT,1700990950207,503.03,9.623
ATOMUSDT,SELL,LIMIT,1700990958452,29.92,9.618
ATOMUSDT,SELL,LIMIT,1700991121971,142.23,9.617
ATOMUSDT,SELL,LIMIT,1700991153573,0.58,9.613
ATOMUSDT,SELL,LIMIT,1700991157911,224.88,9.611
ATOMUSDT,SELL,LIMIT,1700991213720,47.84,9.600
ATOMUSDT,SELL,LIMIT,1700991214949,1020.54,9.599
ATOMUSDT,SELL,LIMIT,1700991217756,16.48,9.596
ATOMUSDT,SELL,LIMIT,1700992900022,21.62,9.619
ATOMUSDT,SELL,LIMIT,1700994244019,3988.39,9.566
ATOMUSDT,SELL,LIMIT,1700994396205,12.81,9.589
ATOMUSDT,SELL,LIMIT,1700994403921,49.52,9.588
ATOMUSDT,SELL,LIMIT,1700994410367,182.66,9.585
ATOMUSDT,BUY,LIMIT,1700995207805,18.34,9.783
ATOMUSDT,BUY,LIMIT,1700995210100,0.98,9.784
ATOMUSDT,BUY,LIMIT,1700995427585,4.22,9.797
ATOMUSDT,SELL,LIMIT,1700999093972,266.96,9.587
ATOMUSDT,SELL,LIMIT,1700999191132,1015.53,9.576
ATOMUSDT,SELL,LIMIT,1700999193381,515.51,9.572
ATOMUSDT,SELL,LIMIT,1700999199128,162.03,9.570
ATOMUSDT,SELL,LIMIT,1700999322825,51.07,9.564
ATOMUSDT,SELL,LIMIT,1701000490423,199.77,9.571
ATOMUSDT,SELL,LIMIT,1701000618019,28.12,9.560
ATOMUSDT,SELL,LIMIT,1701000619361,2.95,9.558
ATOMUSDT,SELL,LIMIT,1701000716183,22.86,9.549
ATOMUSDT,SELL,LIMIT,1701001502638,3.92,9.538
ATOMUSDT,SELL,LIMIT,1701001504180,6.78,9.535
ATOMUSDT,SELL,LIMIT,1701001513997,549.56,9.523
ATOMUSDT,BUY,LIMIT,1701002698293,25.26,9.746
ATOMUSDT,BUY,LIMIT,1701002699511,2.15,9.747
ATOMUSDT,BUY,LIMIT,1701002709693,218.37,9.752
ATOMUSDT,BUY,LIMIT,1701002750816,0.61,9.754
ATOMUSDT,BUY,LIMIT,1701002814855,16.33,9.766
ATOMUSDT,BUY,LIMIT,1701002825774,14.97,9.770
ATOMUSDT,BUY,LIMIT,1701002839500,115.28,9.774
ATOMUSDT,SELL,LIMIT,1701005471638,8.27,9.550
ATOMUSDT,BUY,LIMIT,1701006431966,1.74,9.730
ATOMUSDT,BUY,LIMIT,1701006479350,1039.71,9.772
ATOMUSDT,BUY,LIMIT,1701006497090,932.64,9.776
ATOMUSDT,SELL,LIMIT,1701008018286,3.13,9.570
ATOMUSDT,SELL,LIMIT,1701008173266,53.55,9.550
ATOMUSDT,SELL,LIMIT,1701008414355,58.10,9.539
ATOMUSDT,SELL,LIMIT,1701008440199,150.00,9.524
ATOMUSDT,SELL,LIMIT,1701008441719,5.71,9.521
ATOMUSDT,SELL,LIMIT,1701008443064,195.13,9.519
ATOMUSDT,SELL,LIMIT,1701008444499,259.25,9.517
ATOMUSDT,SELL,LIMIT,1701008446689,40.83,9.505
ATOMUSDT,SELL,LIMIT,1701008448369,5.09,9.504
ATOMUSDT,SELL,LIMIT,1701008451555,0.69,9.493
ATOMUSDT,SELL,LIMIT,1701008490354,248.48,9.492
ATOMUSDT,SELL,LIMIT,1701008494669,53.39,9.491
ATOMUSDT,SELL,LIMIT,1701008496960,26.00,9.491
ATOMUSDT,SELL,LIMIT,1701009012617,34.76,9.488
ATOMUSDT,SELL,LIMIT,1701009259359,2.07,9.483
ATOMUSDT,SELL,LIMIT,1701009260585,6.07,9.482
ATOMUSDT,SELL,LIMIT,1701009262317,3.09,9.479
ATOMUSDT,SELL,LIMIT,1701009263375,3.64,9.479
ATOMUSDT,SELL,LIMIT,1701009268470,36.19,9.477
ATOMUSDT,SELL,LIMIT,1701009287678,19.92,9.471
ATOMUSDT,BUY,LIMIT,1701011579166,3.06,9.693
ATOMUSDT,BUY,LIMIT,1701012557677,1.93,9.681
ATOMUSDT,SELL,LIMIT,1701013818080,16.54,9.473
ATOMUSDT,SELL,LIMIT,1701013872262,155.99,9.470
ATOMUSDT,SELL,LIMIT,1701013900351,209.87,9.467
ATOMUSDT,SELL,LIMIT,1701013902206,1.52,9.463
ATOMUSDT,SELL,LIMIT,1701013953986,7.06,9.463
ATOMUSDT,SELL,LIMIT,1701013955814,11.88,9.461
ATOMUSDT,SELL,LIMIT,1701013957163,30.77,9.458
ATOMUSDT,SELL,LIMIT,1701013965270,75.16,9.457
ATOMUSDT,SELL,LIMIT,1701013967198,420.16,9.452
ATOMUSDT,SELL,LIMIT,1701013995548,42.23,9.448
ATOMUSDT,SELL,LIMIT,1701014014787,60.20,9.450
ATOMUSDT,SELL,LIMIT,1701014042839,310.02,9.445
ATOMUSDT,SELL,LIMIT,1701014055781,61.90,9.436
ATOMUSDT,SELL,LIMIT,1701014057434,8.00,9.426
ATOMUSDT,SELL,LIMIT,1701014059012,201.63,9.425
ATOMUSDT,SELL,LIMIT,1701014060672,167.35,9.423
ATOMUSDT,SELL,LIMIT,1701014914261,25.38,9.476
ATOMUSDT,SELL,LIMIT,1701015210690,3.12,9.452
ATOMUSDT,SELL,LIMIT,1701015254552,114.98,9.439
ATOMUSDT,SELL,LIMIT,1701015597357,66.12,9.424
ATOMUSDT,SELL,LIMIT,1701015635317,9.78,9.417
ATOMUSDT,SELL,LIMIT,1701015647507,16.80,9.409
ATOMUSDT,SELL,LIMIT,1701015648824,10.00,9.400
ATOMUSDT,SELL,LIMIT,1701015649887,21.10,9.397
ATOMUSDT,SELL,LIMIT,1701015651526,3.96,9.391
ATOMUSDT,SELL,LIMIT,1701015653852,12.15,9.382
ATOMUSDT,SELL,LIMIT,1701015659094,11.36,9.380
ATOMUSDT,SELL,LIMIT,1701015661824,29.21,9.375
ATOMUSDT,SELL,LIMIT,1701015664704,36.65,9.377
ATOMUSDT,SELL,LIMIT,1701015670060,62.05,9.361
ATOMUSDT,SELL,LIMIT,1701015671139,70.97,9.372
ATOMUSDT,SELL,LIMIT,1701015673945,54.02,9.358
ATOMUSDT,SELL,LIMIT,1701015680760,292.26,9.357
ATOMUSDT,SELL,LIMIT,1701015683608,4.69,9.353
ATOMUSDT,SELL,LIMIT,1701015685834,17.96,9.346
ATOMUSDT,SELL,LIMIT,1701015746236,5.00,9.344
ATOMUSDT,SELL,LIMIT,1701015747532,299.57,9.344
ATOMUSDT,SELL,LIMIT,1701015758459,3.26,9.341
ATOMUSDT,SELL,LIMIT,1701015759697,28.00,9.338
ATOMUSDT,SELL,LIMIT,1701015761724,500.00,9.339
ATOMUSDT,SELL,LIMIT,1701015806483,1381.16,9.333
ATOMUSDT,SELL,LIMIT,1701015839469,1.04,9.338
ATOMUSDT,SELL,LIMIT,1701015840757,6.20,9.325
ATOMUSDT,SELL,LIMIT,1701015841851,45.27,9.317
ATOMUSDT,SELL,LIMIT,1701015993250,12.90,9.314
ATOMUSDT,SELL,LIMIT,1701015994471,3593.97,9.289
ATOMUSDT,SELL,LIMIT,1701016002319,1553.75,9.300
ATOMUSDT,SELL,LIMIT,1701016011076,167.97,9.308
ATOMUSDT,SELL,LIMIT,1701016013457,71.56,9.307
ATOMUSDT,SELL,LIMIT,1701016018012,5.76,9.304
ATOMUSDT,SELL,LIMIT,1701016019187,532.91,9.297
ATOMUSDT,SELL,LIMIT,1701016020475,2615.39,9.273
ATOMUSDT,SELL,LIMIT,1701016024260,228.33,9.299
ATOMUSDT,SELL,LIMIT,1701016026488,61.21,9.288
ATOMUSDT,SELL,LIMIT,1701016029128,25.48,9.283
ATOMUSDT,SELL,LIMIT,1701016030174,26.25,9.284
ATOMUSDT,SELL,LIMIT,1701016031114,17.09,9.272
ATOMUSDT,SELL,LIMIT,1701016032907,4.88,9.267
ATOMUSDT,SELL,LIMIT,1701016036036,32.34,9.284
ATOMUSDT,SELL,LIMIT,1701016037164,80.22,9.264
ATOMUSDT,SELL,LIMIT,1701016040644,36.72,9.257
ATOMUSDT,SELL,LIMIT,1701016041855,23.29,9.257
ATOMUSDT,SELL,LIMIT,1701016043221,2002.79,9.234
ATOMUSDT,SELL,LIMIT,1701016044399,188.96,9.252
ATOMUSDT,SELL,LIMIT,1701016046108,639.08,9.241
ATOMUSDT,SELL,LIMIT,1701016047329,250.00,9.228
ATOMUSDT,SELL,LIMIT,1701016049036,80.67,9.227
ATOMUSDT,SELL,LIMIT,1701016079488,25.76,9.332
ATOMUSDT,SELL,LIMIT,1701016095572,0.53,9.247
ATOMUSDT,SELL,LIMIT,1701016098461,955.83,9.233
ATOMUSDT,SELL,LIMIT,1701016100061,9.00,9.226
ATOMUSDT,SELL,LIMIT,1701016101402,1.00,9.232
ATOMUSDT,SELL,LIMIT,1701016104446,1.54,9.219
ATOMUSDT,BUY,LIMIT,1701016398214,4.74,9.441
ATOMUSDT,BUY,LIMIT,1701016935116,7.46,9.491
ATOMUSDT,SELL,LIMIT,1701021770700,25.68,9.470
ATOMUSDT,BUY,LIMIT,1701022030484,4.65,9.530
ATOMUSDT,BUY,LIMIT,1701022059954,92.46,9.536
ATOMUSDT,BUY,LIMIT,1701022076200,79.73,9.541
ATOMUSDT,BUY,LIMIT,1701022107117,417.52,9.551
ATOMUSDT,BUY,LIMIT,1701022158223,35.30,9.556
ATOMUSDT,BUY,LIMIT,1701022160579,811.52,9.568
ATOMUSDT,BUY,LIMIT,1701022162369,2.71,9.570
ATOMUSDT,BUY,LIMIT,1701022364203,347.88,9.599
ATOMUSDT,BUY,LIMIT,1701022478966,1.05,9.616
ATOMUSDT,BUY,LIMIT,1701022483907,64.95,9.620
ATOMUSDT,BUY,LIMIT,1701022535223,7.90,9.639
ATOMUSDT,BUY,LIMIT,1701022634372,33.08,9.654
ATOMUSDT,BUY,LIMIT,1701022645404,143.57,9.664
ATOMUSDT,BUY,LIMIT,1701022647762,37.21,9.666
ATOMUSDT,BUY,LIMIT,1701022741517,115.18,9.675
ATOMUSDT,SELL,LIMIT,1701023160914,0.98,9.480
ATOMUSDT,SELL,LIMIT,1701023173362,217.45,9.470
ATOMUSDT,SELL,LIMIT,1701023175239,0.60,9.463
ATOMUSDT,BUY,LIMIT,1701024169279,10.10,9.665
ATOMUSDT,BUY,LIMIT,1701024600615,32.70,9.688
ATOMUSDT,BUY,LIMIT,1701025039884,382.27,9.708
ATOMUSDT,BUY,LIMIT,1701025042897,1044.33,9.711
ATOMUSDT,BUY,LIMIT,1701025110964,19.79,9.721
ATOMUSDT,BUY,LIMIT,1701025130403,168.47,9.731
ATOMUSDT,BUY,LIMIT,1701025186073,32.28,9.741
ATOMUSDT,BUY,LIMIT,1701025403023,10299.72,9.832
ATOMUSDT,BUY,LIMIT,1701025404403,625.00,9.752
ATOMUSDT,BUY,LIMIT,1701025458318,38.46,9.773
ATOMUSDT,BUY,LIMIT,1701025463292,771.94,9.777
ATOMUSDT,BUY,LIMIT,1701025468999,14.14,9.778
ATOMUSDT,BUY,LIMIT,1701025505087,72.10,9.781
ATOMUSDT,BUY,LIMIT,1701025509980,59.40,9.782
ATOMUSDT,BUY,LIMIT,1701025511159,1.38,9.783
ATOMUSDT,BUY,LIMIT,1701025558236,104.05,9.800
ATOMUSDT,BUY,LIMIT,1701026068320,9.98,9.805
ATOMUSDT,BUY,LIMIT,1701026082989,17.37,9.811
ATOMUSDT,BUY,LIMIT,1701026234370,333.03,9.830
ATOMUSDT,BUY,LIMIT,1701026236245,12.69,9.838
ATOMUSDT,BUY,LIMIT,1701026239073,4.08,9.849
ATOMUSDT,BUY,LIMIT,1701027193949,144.51,9.852
ATOMUSDT,BUY,LIMIT,1701027214368,42.38,9.866
ATOMUSDT,BUY,LIMIT,1701027232407,93.75,9.871
ATOMUSDT,BUY,LIMIT,1701027244171,65.11,9.875
ATOMUSDT,BUY,LIMIT,1701027248182,0.71,9.877
ATOMUSDT,BUY,LIMIT,1701027255360,15.89,9.878
ATOMUSDT,BUY,LIMIT,1701027262703,230.27,9.880
ATOMUSDT,BUY,LIMIT,1701027282701,14.06,9.890
ATOMUSDT,BUY,LIMIT,1701027307703,58.99,9.891
ATOMUSDT,BUY,LIMIT,1701027573904,1366.62,9.907
ATOMUSDT,BUY,LIMIT,1701027577006,1.06,9.899
ATOMUSDT,BUY,LIMIT,1701027578931,62.69,9.900
ATOMUSDT,BUY,LIMIT,1701027580512,1.16,9.903
ATOMUSDT,BUY,LIMIT,1701027585516,444.82,9.908
ATOMUSDT,BUY,LIMIT,1701027743667,6.34,9.909
ATOMUSDT,BUY,LIMIT,1701028052495,1.70,9.919
ATOMUSDT,BUY,LIMIT,1701028059084,44.20,9.927
ATOMUSDT,BUY,LIMIT,1701028078075,0.94,9.941
ATOMUSDT,BUY,LIMIT,1701028177318,3.17,9.948
ATOMUSDT,BUY,LIMIT,1701028216233,165.00,9.953
ATOMUSDT,BUY,LIMIT,1701028343694,3.43,9.963
ATOMUSDT,BUY,LIMIT,1701028348366,102.34,9.964
ATOMUSDT,BUY,LIMIT,1701028359411,149.09,9.968
ATOMUSDT,BUY,LIMIT,1701028372083,5.99,9.972
ATOMUSDT,BUY,LIMIT,1701028373927,62.11,9.978
ATOMUSDT,BUY,LIMIT,1701028379917,7.61,9.982
ATOMUSDT,BUY,LIMIT,1701028382098,15.05,9.984
ATOMUSDT,BUY,LIMIT,1701028439660,125.26,9.988
ATOMUSDT,BUY,LIMIT,1701028446224,15.39,9.990
ATOMUSDT,BUY,LIMIT,1701028459948,429.44,9.997
ATOMUSDT,BUY,LIMIT,1701028501334,125.11,10.005
ATOMUSDT,BUY,LIMIT,1701028526665,9.51,10.009
ATOMUSDT,BUY,LIMIT,1701028593830,66.65,10.012
ATOMUSDT,BUY,LIMIT,1701028608216,1.47,10.024
ATOMUSDT,SELL,LIMIT,1701028833045,0.58,9.835
ATOMUSDT,SELL,LIMIT,1701028837201,0.90,9.829
ATOMUSDT,SELL,LIMIT,1701028842114,75.32,9.826
ATOMUSDT,BUY,LIMIT,1701028945410,101.14,10.016
ATOMUSDT,SELL,LIMIT,1701029202275,108.65,9.811
ATOMUSDT,SELL,LIMIT,1701029215232,18.41,9.807
ATOMUSDT,SELL,LIMIT,1701029221162,151.45,9.792
ATOMUSDT,SELL,LIMIT,1701029225801,97.17,9.775
ATOMUSDT,BUY,LIMIT,1701029650891,119.37,9.933
ATOMUSDT,BUY,LIMIT,1701029657902,992.54,9.954
ATOMUSDT,BUY,LIMIT,1701030530808,104.95,9.996
ATOMUSDT,BUY,LIMIT,1701030566409,122.34,10.000
ATOMUSDT,BUY,LIMIT,1701030652299,96.88,10.001
ATOMUSDT,BUY,LIMIT,1701030691378,0.61,10.028
ATOMUSDT,BUY,LIMIT,1701030706393,11.25,10.033
ATOMUSDT,BUY,LIMIT,1701030710044,592.99,10.035
ATOMUSDT,SELL,LIMIT,1701031034733,932.51,9.842
ATOMUSDT,SELL,LIMIT,1701031036330,0.51,9.838
ATOMUSDT,SELL,LIMIT,1701031093691,35.11,9.822
ATOMUSDT,SELL,LIMIT,1701031118275,226.60,9.812
ATOMUSDT,SELL,LIMIT,1701031126100,0.58,9.809
ATOMUSDT,SELL,LIMIT,1701031422887,30.12,9.793
ATOMUSDT,SELL,LIMIT,1701031474541,99.22,9.770
ATOMUSDT,BUY,LIMIT,1701031591526,15.69,9.919
ATOMUSDT,SELL,LIMIT,1701032935763,870.43,9.751
ATOMUSDT,BUY,LIMIT,1701036365267,759.83,9.964
ATOMUSDT,BUY,LIMIT,1701036368124,0.55,9.968
ATOMUSDT,BUY,LIMIT,1701036376471,1.61,9.976
ATOMUSDT,BUY,LIMIT,1701036415310,15.82,9.983
ATOMUSDT,BUY,LIMIT,1701036423170,1.97,9.984
ATOMUSDT,BUY,LIMIT,1701036442141,57.81,9.994
ATOMUSDT,BUY,LIMIT,1701036445439,0.71,9.999
ATOMUSDT,SELL,LIMIT,1701039785164,11.83,9.837
ATOMUSDT,BUY,LIMIT,1701041049933,0.81,10.003
ATOMUSDT,BUY,LIMIT,1701041115850,49.23,10.005
ATOMUSDT,BUY,LIMIT,1701041128446,24.38,10.013
ATOMUSDT,BUY,LIMIT,1701041610782,20.40,10.022
ATOMUSDT,BUY,LIMIT,1701042025323,1.35,10.036
ATOMUSDT,BUY,LIMIT,1701042032200,0.60,10.039
ATOMUSDT,BUY,LIMIT,1701042062613,1012.76,10.045
ATOMUSDT,BUY,LIMIT,1701042064279,80.75,10.045
ATOMUSDT,BUY,LIMIT,1701042066969,52.93,10.047
ATOMUSDT,BUY,LIMIT,1701042068473,65.00,10.047
ATOMUSDT,BUY,LIMIT,1701042109472,202.94,10.050
ATOMUSDT,BUY,LIMIT,1701042113768,10.03,10.051
ATOMUSDT,BUY,LIMIT,1701042190171,5.00,10.058
ATOMUSDT,BUY,LIMIT,1701042235062,2.39,10.061
ATOMUSDT,BUY,LIMIT,1701042321352,81.30,10.061
ATOMUSDT,SELL,LIMIT,1701042894041,848.29,9.871
ATOMUSDT,SELL,LIMIT,1701042997052,1.12,9.854
ATOMUSDT,SELL,LIMIT,1701043471329,137.66,9.827
ATOMUSDT,SELL,LIMIT,1701043473943,28.71,9.811
ATOMUSDT,SELL,LIMIT,1701043524885,2.06,9.804
ATOMUSDT,SELL,LIMIT,1701044059071,22.06,9.780
ATOMUSDT,SELL,LIMIT,1701044060079,671.81,9.799
ATOMUSDT,SELL,LIMIT,1701044062134,22.40,9.758
ATOMUSDT,SELL,LIMIT,1701044064772,10.04,9.753
ATOMUSDT,SELL,LIMIT,1701044259205,35.15,9.750
ATOMUSDT,SELL,LIMIT,1701044261478,84.34,9.738
ATOMUSDT,SELL,LIMIT,1701044262915,0.60,9.729
ATOMUSDT,SELL,LIMIT,1701044269174,86.23,9.717
ATOMUSDT,SELL,LIMIT,1701045786326,37.39,9.869
ATOMUSDT,SELL,LIMIT,1701046301751,4.92,9.711
ATOMUSDT,SELL,LIMIT,1701046303242,85.12,9.708
ATOMUSDT,SELL,LIMIT,1701046309348,23.08,9.706
ATOMUSDT,SELL,LIMIT,1701046315744,58.58,9.703
ATOMUSDT,SELL,LIMIT,1701046502332,100.00,9.689
ATOMUSDT,SELL,LIMIT,1701046617175,6.10,9.677
ATOMUSDT,SELL,LIMIT,1701047397466,165.53,9.667
ATOMUSDT,SELL,LIMIT,1701048920270,50.00,9.664
ATOMUSDT,SELL,LIMIT,1701049365010,72.14,9.655
ATOMUSDT,SELL,LIMIT,1701049367531,304.38,9.651
ATOMUSDT,SELL,LIMIT,1701049375401,5044.92,9.619
ATOMUSDT,SELL,LIMIT,1701049565839,34.33,9.644
ATOMUSDT,SELL,LIMIT,1701049569477,52.46,9.637
ATOMUSDT,SELL,LIMIT,1701050335043,144.73,9.659
ATOMUSDT,SELL,LIMIT,1701050691468,7.54,9.664
ATOMUSDT,SELL,LIMIT,1701052291212,953.91,9.648
ATOMUSDT,SELL,LIMIT,1701052654075,461.30,9.627
ATOMUSDT,SELL,LIMIT,1701052655683,279.86,9.617
ATOMUSDT,SELL,LIMIT,1701052667188,31.35,9.604
ATOMUSDT,SELL,LIMIT,1701053160463,45.36,9.597
ATOMUSDT,SELL,LIMIT,1701054486258,3.15,9.603
ATOMUSDT,SELL,LIMIT,1701054742779,40.12,9.596
ATOMUSDT,SELL,LIMIT,1701054746052,35.76,9.594
ATOMUSDT,SELL,LIMIT,1701054991789,41.15,9.586
ATOMUSDT,BUY,LIMIT,1701055038746,52.25,9.700
ATOMUSDT,SELL,LIMIT,1701055062792,2.01,9.581
ATOMUSDT,SELL,LIMIT,1701055254832,2037.48,9.567
ATOMUSDT,SELL,LIMIT,1701055540142,239.67,9.580
ATOMUSDT,SELL,LIMIT,1701055541158,15.09,9.576
ATOMUSDT,BUY,LIMIT,1701055692997,0.01,0.000
ATOMUSDT,SELL,LIMIT,1701055696138,127.41,9.577
ATOMUSDT,SELL,LIMIT,1701055753075,202.06,9.576
ATOMUSDT,SELL,LIMIT,1701055762018,28.28,9.572
ATOMUSDT,SELL,LIMIT,1701056013672,753.69,9.570
ATOMUSDT,SELL,LIMIT,1701056021052,811.62,9.556
ATOMUSDT,SELL,LIMIT,1701056024048,200.12,9.551
ATOMUSDT,SELL,LIMIT,1701056025117,740.32,9.552
ATOMUSDT,SELL,LIMIT,1701056028144,2.51,9.547
ATOMUSDT,SELL,LIMIT,1701056043489,33.87,9.544
ATOMUSDT,SELL,LIMIT,1701056053416,40.13,9.542
ATOMUSDT,SELL,LIMIT,1701056111003,0.53,9.532
ATOMUSDT,SELL,LIMIT,1701056136687,23.47,9.543
ATOMUSDT,SELL,LIMIT,1701056140142,0.57,9.707
ATOMUSDT,SELL,LIMIT,1701056155050,15.79,9.539
ATOMUSDT,SELL,LIMIT,1701056158467,0.57,9.539
ATOMUSDT,SELL,LIMIT,1701058782157,1.03,9.565
ATOMUSDT,SELL,LIMIT,1701058879116,342.74,9.556
ATOMUSDT,SELL,LIMIT,1701058983780,103.67,9.551
ATOMUSDT,SELL,LIMIT,1701059097784,42.03,9.537
ATOMUSDT,SELL,LIMIT,1701062490281,317.53,9.524
ATOMUSDT,SELL,LIMIT,1701062510844,8.33,9.515
ATOMUSDT,SELL,LIMIT,1701062513984,39.41,9.507
ATOMUSDT,SELL,LIMIT,1701062540136,35.15,9.499
ATOMUSDT,SELL,LIMIT,1701062706197,4.48,9.484
ATOMUSDT,SELL,LIMIT,1701062725488,73.77,9.480
ATOMUSDT,SELL,LIMIT,1701062729277,65.00,9.478
ATOMUSDT,SELL,LIMIT,1701063959091,27.68,9.468
