Symbol,Side,Order Type,Time,Quantity,Price
ATOMUSDT,SELL,LIMIT,1701067262706,4.29,9.536
ATOMUSDT,SELL,LIMIT,1701067320297,93.34,9.490
ATOMUSDT,SELL,LIMIT,1701067379909,0.96,9.463
ATOMUSDT,SELL,LIMIT,1701067579193,18.46,9.468
ATOMUSDT,SELL,LIMIT,1701067616950,166.01,9.454
ATOMUSDT,SELL,LIMIT,1701067636862,0.99,9.447
ATOMUSDT,SELL,LIMIT,1701067712288,2.14,9.444
ATOMUSDT,SELL,LIMIT,1701067714848,79.30,9.442
ATOMUSDT,SELL,LIMIT,1701067839149,6.15,9.432
ATOMUSDT,SELL,LIMIT,1701068092997,111.08,9.421
ATOMUSDT,SELL,LIMIT,1701068153578,80.63,9.407
ATOMUSDT,SELL,LIMIT,1701068170631,61.37,9.400
ATOMUSDT,SELL,LIMIT,1701068192482,6.43,9.399
ATOMUSDT,SELL,LIMIT,1701068197053,11.70,9.398
ATOMUSDT,SELL,LIMIT,1701068200845,18.16,9.397
ATOMUSDT,SELL,LIMIT,1701068236469,9.45,9.390
ATOMUSDT,SELL,LIMIT,1701068250409,49.32,9.386
ATOMUSDT,SELL,LIMIT,1701068388116,26.56,9.395
ATOMUSDT,BUY,LIMIT,1701068965305,20.63,9.531
ATOMUSDT,BUY,LIMIT,1701068996261,7.12,9.521
ATOMUSDT,BUY,LIMIT,1701068997280,3.03,9.382
ATOMUSDT,BUY,LIMIT,1701069011108,20.63,9.523
ATOMUSDT,BUY,LIMIT,1701069014017,1.85,9.217
ATOMUSDT,SELL,LIMIT,1701069279340,1.19,9.383
ATOMUSDT,SELL,LIMIT,1701069558402,560.87,9.376
ATOMUSDT,SELL,LIMIT,1701069569171,51.69,9.372
ATOMUSDT,SELL,LIMIT,1701069571573,5.70,9.370
ATOMUSDT,SELL,LIMIT,1701069574433,35.97,9.368
ATOMUSDT,SELL,LIMIT,1701069575506,0.96,9.364
ATOMUSDT,SELL,LIMIT,1701069635533,5.85,9.356
ATOMUSDT,SELL,LIMIT,1701069801626,11.81,9.371
ATOMUSDT,SELL,LIMIT,1701069868305,53.30,9.364
ATOMUSDT,SELL,LIMIT,1701069885962,2.14,9.353
ATOMUSDT,SELL,LIMIT,1701069887611,232.44,9.353
ATOMUSDT,SELL,LIMIT,1701069898618,1268.61,9.342
ATOMUSDT,SELL,LIMIT,1701069900097,133.52,9.345
ATOMUSDT,SELL,LIMIT,1701069901245,49.59,9.345
ATOMUSDT,SELL,LIMIT,1701070159600,345.16,9.339
ATOMUSDT,SELL,LIMIT,1701070168168,24.66,9.333
ATOMUSDT,SELL,LIMIT,1701070171731,4.12,9.331
ATOMUSDT,SELL,LIMIT,1701070173065,253.82,9.381
ATOMUSDT,SELL,LIMIT,1701070439241,202.73,9.320
ATOMUSDT,BUY,LIMIT,1701072373355,212.56,9.532
ATOMUSDT,BUY,LIMIT,1701072697254,15.78,9.577
ATOMUSDT,BUY,LIMIT,1701073654830,7.95,9.541
ATOMUSDT,BUY,LIMIT,1701074408424,22.70,9.574
ATOMUSDT,SELL,LIMIT,1701076930294,239.66,9.428
ATOMUSDT,SELL,LIMIT,1701077064632,28.40,9.393
ATOMUSDT,SELL,LIMIT,1701077113192,4.14,9.389
ATOMUSDT,SELL,LIMIT,1701077183148,53.10,9.385
ATOMUSDT,SELL,LIMIT,1701077214188,6.17,9.378
ATOMUSDT,BUY,LIMIT,1701077399082,0.19,9.504
ATOMUSDT,SELL,LIMIT,1701080517855,37.12,9.376
ATOMUSDT,SELL,LIMIT,1701080538835,39.90,9.372
ATOMUSDT,SELL,LIMIT,1701080648120,150.00,9.363
ATOMUSDT,SELL,LIMIT,1701080777744,6.32,9.355
ATOMUSDT,SELL,LIMIT,1701080779311,871.19,9.353
ATOMUSDT,SELL,LIMIT,1701080851675,897.05,9.347
ATOMUSDT,SELL,LIMIT,1701080853736,34.45,9.343
ATOMUSDT,SELL,LIMIT,1701080872718,28.48,9.340
ATOMUSDT,SELL,LIMIT,1701080892210,16.01,9.337
ATOMUSDT,SELL,LIMIT,1701081132710,50.00,9.328
ATOMUSDT,SELL,LIMIT,1701081135207,6.62,9.323
ATOMUSDT,SELL,LIMIT,1701081142730,2.63,9.317
ATOMUSDT,SELL,LIMIT,1701081194187,33.32,9.315
ATOMUSDT,SELL,LIMIT,1701081195445,1413.70,9.306
ATOMUSDT,SELL,LIMIT,1701081196845,19.45,9.307
ATOMUSDT,SELL,LIMIT,1701081198517,18.57,9.301
ATOMUSDT,SELL,LIMIT,1701081204160,26.54,9.295
ATOMUSDT,SELL,LIMIT,1701081209649,516.69,9.293
ATOMUSDT,SELL,LIMIT,1701081260080,16.44,9.289
ATOMUSDT,SELL,LIMIT,1701081438061,9.59,9.283
ATOMUSDT,SELL,LIMIT,1701081439267,186.56,9.266
ATOMUSDT,SELL,LIMIT,1701081445334,292.66,9.261
ATOMUSDT,SELL,LIMIT,1701081454030,90.89,9.264
ATOMUSDT,SELL,LIMIT,1701081493372,237.83,9.255
ATOMUSDT,SELL,LIMIT,1701081605290,74.74,9.291
ATOMUSDT,SELL,LIMIT,1701081609264,228.33,9.271
ATOMUSDT,SELL,LIMIT,1701081989116,78.14,9.268
ATOMUSDT,SELL,LIMIT,1701082616491,1.12,9.295
ATOMUSDT,SELL,LIMIT,1701082654425,40.74,9.265
ATOMUSDT,SELL,LIMIT,1701082686414,20.77,9.249
ATOMUSDT,SELL,LIMIT,1701082690569,381.23,9.236
ATOMUSDT,SELL,LIMIT,1701082692054,56.79,9.230
ATOMUSDT,SELL,LIMIT,1701082695438,15.87,9.230
ATOMUSDT,SELL,LIMIT,1701082703104,98.05,9.221
ATOMUSDT,SELL,LIMIT,1701082704333,53.87,9.221
ATOMUSDT,SELL,LIMIT,1701082726464,1363.00,9.210
ATOMUSDT,SELL,LIMIT,1701083178237,475.29,9.236
ATOMUSDT,SELL,LIMIT,1701083308972,2.20,9.209
ATOMUSDT,SELL,LIMIT,1701083314494,1.74,9.209
ATOMUSDT,SELL,LIMIT,1701083319263,105.55,9.206
ATOMUSDT,SELL,LIMIT,1701083347875,10.63,9.203
ATOMUSDT,SELL,LIMIT,1701083400226,54.61,9.201
ATOMUSDT,BUY,LIMIT,1701085516102,23.47,9.442
ATOMUSDT,SELL,LIMIT,1701087947393,382.20,9.272
ATOMUSDT,SELL,LIMIT,1701087988089,0.75,9.254
ATOMUSDT,SELL,LIMIT,1701088562571,5.17,9.247
ATOMUSDT,SELL,LIMIT,1701090038848,2.30,9.220
ATOMUSDT,SELL,LIMIT,1701090979835,25.23,9.215
ATOMUSDT,SELL,LIMIT,1701091012628,32.12,9.209
ATOMUSDT,SELL,LIMIT,1701091014283,1.14,9.209
ATOMUSDT,SELL,LIMIT,1701091160996,21.68,9.198
ATOMUSDT,SELL,LIMIT,1701091161981,512.76,9.207
ATOMUSDT,SELL,LIMIT,1701091164049,16.00,9.184
ATOMUSDT,BUY,LIMIT,1701091484889,106.00,9.394
ATOMUSDT,SELL,LIMIT,1701092226311,36.74,9.184
ATOMUSDT,SELL,LIMIT,1701092230062,18.16,9.182
ATOMUSDT,SELL,LIMIT,1701092231245,12.09,9.180
ATOMUSDT,SELL,LIMIT,1701092239060,10.50,9.176
ATOMUSDT,SELL,LIMIT,1701092433142,46.63,9.172
ATOMUSDT,SELL,LIMIT,1701092435233,70.74,9.170
ATOMUSDT,SELL,LIMIT,1701092439413,9.93,9.154
ATOMUSDT,SELL,LIMIT,1701092441410,7.23,9.152
ATOMUSDT,SELL,LIMIT,1701092456219,22.16,9.139
ATOMUSDT,SELL,LIMIT,1701092750922,18.36,9.139
ATOMUSDT,SELL,LIMIT,1701092752208,50.48,9.138
ATOMUSDT,SELL,LIMIT,1701092758529,61.72,9.134
ATOMUSDT,SELL,LIMIT,1701093053360,4.15,9.129
ATOMUSDT,SELL,LIMIT,1701093105971,5.00,9.116
ATOMUSDT,SELL,LIMIT,1701093116581,52.48,9.116
ATOMUSDT,SELL,LIMIT,1701093137236,1.06,9.110
ATOMUSDT,BUY,LIMIT,1701093411918,163.59,9.293
ATOMUSDT,SELL,LIMIT,1701093675364,6.29,9.154
ATOMUSDT,SELL,LIMIT,1701094257243,8.29,9.116
ATOMUSDT,SELL,LIMIT,1701094577250,63.41,9.101
ATOMUSDT,SELL,LIMIT,1701094622747,31.91,9.090
ATOMUSDT,SELL,LIMIT,1701094624438,800.00,9.090
ATOMUSDT,SELL,LIMIT,1701094643696,1.86,9.088
ATOMUSDT,SELL,LIMIT,1701094713572,5393.75,9.059
ATOMUSDT,SELL,LIMIT,1701094793383,0.80,9.085
ATOMUSDT,SELL,LIMIT,1701094798248,1190.60,9.081
ATOMUSDT,SELL,LIMIT,1701094799410,5.13,9.083
ATOMUSDT,SELL,LIMIT,1701094917124,2.23,9.082
ATOMUSDT,SELL,LIMIT,1701094939273,52.54,9.081
ATOMUSDT,SELL,LIMIT,1701094966839,84.78,9.078
ATOMUSDT,SELL,LIMIT,1701094983030,142.16,9.072
ATOMUSDT,SELL,LIMIT,1701094984039,6.30,9.071
ATOMUSDT,SELL,LIMIT,1701095001094,228.73,9.069
ATOMUSDT,SELL,LIMIT,1701095002306,21.04,9.069
ATOMUSDT,SELL,LIMIT,1701095530666,1284.19,9.072
ATOMUSDT,SELL,LIMIT,1701095612999,108.93,9.059
ATOMUSDT,SELL,LIMIT,1701097015477,5378.65,9.029
ATOMUSDT,SELL,LIMIT,1701097017609,116.63,9.056
ATOMUSDT,SELL,LIMIT,1701097025532,16.97,9.052
ATOMUSDT,SELL,LIMIT,1701097038300,228.43,9.047
ATOMUSDT,SELL,LIMIT,1701097047029,304.05,9.044
ATOMUSDT,SELL,LIMIT,1701097087163,0.51,9.121
ATOMUSDT,SELL,LIMIT,1701097101094,11.41,9.037
ATOMUSDT,BUY,LIMIT,1701097362637,25.64,9.212
ATOMUSDT,BUY,LIMIT,1701097364228,0.61,9.215
ATOMUSDT,BUY,LIMIT,1701097395246,32.39,9.229
ATOMUSDT,BUY,LIMIT,1701097460991,1.04,9.252
ATOMUSDT,BUY,LIMIT,1701098178099,591.79,9.293
ATOMUSDT,SELL,LIMIT,1701099235360,23.21,9.122
ATOMUSDT,SELL,LIMIT,1701099946122,46.25,9.103
ATOMUSDT,SELL,LIMIT,1701099968878,132.20,9.094
ATOMUSDT,SELL,LIMIT,1701100133031,77.43,9.080
ATOMUSDT,SELL,LIMIT,1701100141908,14.08,9.072
ATOMUSDT,SELL,LIMIT,1701100221195,19.67,9.057
ATOMUSDT,SELL,LIMIT,1701100537109,9.18,9.074
ATOMUSDT,SELL,LIMIT,1701100574293,2707.77,9.024
ATOMUSDT,SELL,LIMIT,1701100576299,96.27,9.036
ATOMUSDT,SELL,LIMIT,1701100589347,38.74,9.032
ATOMUSDT,SELL,LIMIT,1701100590888,104.04,9.032
ATOMUSDT,SELL,LIMIT,1701100594047,166.80,9.030
ATOMUSDT,SELL,LIMIT,1701100595906,8.95,9.029
ATOMUSDT,SELL,LIMIT,1701100603098,2.16,9.026
ATOMUSDT,SELL,LIMIT,1701100607317,50.00,9.025
ATOMUSDT,SELL,LIMIT,1701100618167,61.01,9.026
ATOMUSDT,SELL,LIMIT,1701100620957,1496.16,9.014
ATOMUSDT,SELL,LIMIT,1701100627793,31.00,9.022
ATOMUSDT,SELL,LIMIT,1701100640414,9.52,9.019
ATOMUSDT,SELL,LIMIT,1701100641685,216.21,9.014
ATOMUSDT,SELL,LIMIT,1701100644150,20.00,9.048
ATOMUSDT,SELL,LIMIT,1701101051828,105.42,9.087
ATOMUSDT,SELL,LIMIT,1701101071224,3.84,9.083
ATOMUSDT,SELL,LIMIT,1701101140921,30.97,9.065
ATOMUSDT,SELL,LIMIT,1701102138516,19.09,9.111
ATOMUSDT,BUY,LIMIT,1701102484685,1.63,9.245
ATOMUSDT,BUY,LIMIT,1701104971934,285.96,9.283
ATOMUSDT,BUY,LIMIT,1701105033042,2.44,9.315
ATOMUSDT,BUY,LIMIT,1701105034237,3.83,9.311
ATOMUSDT,SELL,LIMIT,1701105625333,1.59,9.109
ATOMUSDT,SELL,LIMIT,1701107415960,4.90,9.071
ATOMUSDT,SELL,LIMIT,1701111568597,346.81,9.051
ATOMUSDT,SELL,LIMIT,1701111594249,44.05,9.043
ATOMUSDT,SELL,LIMIT,1701111829089,22.94,9.060
ATOMUSDT,SELL,LIMIT,1701112056272,200.82,9.026
ATOMUSDT,SELL,LIMIT,1701112081404,200.21,9.021
ATOMUSDT,SELL,LIMIT,1701112083121,19.22,9.015
ATOMUSDT,SELL,LIMIT,1701112111134,7.25,9.013
ATOMUSDT,SELL,LIMIT,1701112118274,16.44,9.010
ATOMUSDT,SELL,LIMIT,1701112120036,701.91,9.007
ATOMUSDT,SELL,LIMIT,1701114197061,15.00,8.998
ATOMUSDT,SELL,LIMIT,1701114199445,654.25,8.996
ATOMUSDT,SELL,LIMIT,1701114201038,1.00,8.993
ATOMUSDT,SELL,LIMIT,1701114202146,20.00,8.993
ATOMUSDT,SELL,LIMIT,1701114203168,16.34,8.993
ATOMUSDT,SELL,LIMIT,1701114204597,3.72,8.992
ATOMUSDT,SELL,LIMIT,1701114205902,1.15,8.989
ATOMUSDT,SELL,LIMIT,1701114207216,9.21,8.988
ATOMUSDT,SELL,LIMIT,1701114219680,1097.45,8.982
ATOMUSDT,SELL,LIMIT,1701114228448,63.25,8.982
ATOMUSDT,SELL,LIMIT,1701114229584,34.07,8.979
ATOMUSDT,SELL,LIMIT,1701114233218,846.84,8.978
ATOMUSDT,SELL,LIMIT,1701114235207,49.01,8.977
ATOMUSDT,SELL,LIMIT,1701114238220,43.96,8.971
ATOMUSDT,SELL,LIMIT,1701114239492,6.94,8.968
ATOMUSDT,SELL,LIMIT,1701114341237,42.10,8.975
ATOMUSDT,SELL,LIMIT,1701114352850,0.86,8.969
ATOMUSDT,SELL,LIMIT,1701114354614,20.08,8.967
ATOMUSDT,SELL,LIMIT,1701114356311,11.23,8.965
ATOMUSDT,SELL,LIMIT,1701114453488,4789.25,8.935
ATOMUSDT,SELL,LIMIT,1701114454715,13700.36,8.872
ATOMUSDT,SELL,LIMIT,1701114458726,560.87,8.955
ATOMUSDT,SELL,LIMIT,1701114462229,37.64,8.954
ATOMUSDT,SELL,LIMIT,1701114463464,50.35,8.954
ATOMUSDT,SELL,LIMIT,1701114464886,8.40,8.953
ATOMUSDT,SELL,LIMIT,1701114465896,9.25,8.952
ATOMUSDT,SELL,LIMIT,1701114470118,1100.11,8.951
ATOMUSDT,SELL,LIMIT,1701114471207,123.90,8.950
ATOMUSDT,SELL,LIMIT,1701114473123,50.00,8.951
ATOMUSDT,SELL,LIMIT,1701114474993,3.01,8.949
ATOMUSDT,SELL,LIMIT,1701114476252,8.61,8.944
ATOMUSDT,SELL,LIMIT,1701114478096,80.10,8.935
ATOMUSDT,SELL,LIMIT,1701114479346,10.00,8.939
ATOMUSDT,SELL,LIMIT,1701114486426,4.08,8.931
ATOMUSDT,SELL,LIMIT,1701114489049,43.21,8.923
ATOMUSDT,SELL,LIMIT,1701114494259,205.30,8.914
ATOMUSDT,SELL,LIMIT,1701114495382,2.06,8.918
ATOMUSDT,BUY,LIMIT,1701114757309,10.00,9.094
ATOMUSDT,SELL,LIMIT,1701116767288,76.42,8.936
ATOMUSDT,SELL,LIMIT,1701116828787,57.98,8.921
ATOMUSDT,SELL,LIMIT,1701116832642,29.37,8.914
ATOMUSDT,SELL,LIMIT,1701116868418,3.57,8.908
ATOMUSDT,SELL,LIMIT,1701116883354,10.59,8.907
ATOMUSDT,SELL,LIMIT,1701117174271,300.00,8.968
ATOMUSDT,SELL,LIMIT,1701117453627,2.97,8.963
ATOMUSDT,BUY,LIMIT,1701120914524,8.85,9.152
ATOMUSDT,BUY,LIMIT,1701121003538,115.91,9.171
ATOMUSDT,SELL,LIMIT,1701121653174,16.34,9.057
ATOMUSDT,BUY,LIMIT,1701121764633,0.88,9.159
ATOMUSDT,BUY,LIMIT,1701126175642,173.12,9.237
ATOMUSDT,BUY,LIMIT,1701126230988,77.45,9.244
ATOMUSDT,BUY,LIMIT,1701126240964,0.98,9.258
ATOMUSDT,BUY,LIMIT,1701126244356,1.91,9.264
ATOMUSDT,BUY,LIMIT,1701126262144,14.71,9.273
ATOMUSDT,BUY,LIMIT,1701126571152,16.37,9.279
ATOMUSDT,BUY,LIMIT,1701126575140,23.81,9.282
ATOMUSDT,BUY,LIMIT,1701126578784,68.16,9.286
ATOMUSDT,BUY,LIMIT,1701126580759,0.72,9.291
ATOMUSDT,BUY,LIMIT,1701126635639,96.20,9.309
ATOMUSDT,BUY,LIMIT,1701126637510,5545.69,9.345
ATOMUSDT,BUY,LIMIT,1701126641903,8.43,9.312
ATOMUSDT,BUY,LIMIT,1701127500246,4.65,9.314
ATOMUSDT,BUY,LIMIT,1701128007317,0.11,9.324
ATOMUSDT,BUY,LIMIT,1701128286600,21.56,9.336
ATOMUSDT,BUY,LIMIT,1701128516293,10.28,9.347
ATOMUSDT,BUY,LIMIT,1701129048765,52.39,9.358
ATOMUSDT,BUY,LIMIT,1701129156135,9.57,9.367
ATOMUSDT,SELL,LIMIT,1701130375592,59.32,9.190
ATOMUSDT,SELL,LIMIT,1701130417087,35.82,9.184
ATOMUSDT,BUY,LIMIT,1701131857400,739.31,9.367
ATOMUSDT,BUY,LIMIT,1701132120378,8.00,9.391
ATOMUSDT,BUY,LIMIT,1701132124466,3.17,9.376
ATOMUSDT,BUY,LIMIT,1701132187047,6.26,9.396
ATOMUSDT,SELL,LIMIT,1701132931338,9.98,9.281
ATOMUSDT,SELL,LIMIT,1701134257888,25.66,9.206
ATOMUSDT,BUY,LIMIT,1701135145034,40.63,9.268
ATOMUSDT,SELL,LIMIT,1701136968610,3.38,9.180
ATOMUSDT,SELL,LIMIT,1701137112049,19.92,9.137
ATOMUSDT,SELL,LIMIT,1701137114232,0.56,9.116
ATOMUSDT,SELL,LIMIT,1701137199035,105.87,9.115
ATOMUSDT,SELL,LIMIT,1701137200638,11.95,9.113
ATOMUSDT,SELL,LIMIT,1701137312825,1076.54,9.107
ATOMUSDT,SELL,LIMIT,1701145640638,0.80,9.087
ATOMUSDT,SELL,LIMIT,1701145955476,3.57,9.071
ATOMUSDT,SELL,LIMIT,1701146019249,284.60,9.061
ATOMUSDT,SELL,LIMIT,1701147918335,6.38,9.032
ATOMUSDT,SELL,LIMIT,1701147926134,1.32,9.027
ATOMUSDT,SELL,LIMIT,1701147930680,32.80,9.024
ATOMUSDT,SELL,LIMIT,1701148008752,426.73,9.019
ATOMUSDT,SELL,LIMIT,1701148086104,358.84,9.014
ATOMUSDT,SELL,LIMIT,1701148107030,1.03,9.011
ATOMUSDT,SELL,LIMIT,1701148136331,2.40,8.994
ATOMUSDT,SELL,LIMIT,1701148152364,273.63,8.982
ATOMUSDT,SELL,LIMIT,1701148220575,4.05,8.962
ATOMUSDT,SELL,LIMIT,1701148227665,50.11,8.938
ATOMUSDT,SELL,LIMIT,1701148229102,24.65,8.935
ATOMUSDT,SELL,LIMIT,1701148236827,54.56,8.917
ATOMUSDT,SELL,LIMIT,1701148239474,551.26,8.916
ATOMUSDT,SELL,LIMIT,1701149690343,100.00,8.913
ATOMUSDT,SELL,LIMIT,1701149771344,8.36,8.919
ATOMUSDT,SELL,LIMIT,1701149834664,10.00,8.912
ATOMUSDT,SELL,LIMIT,1701149843846,21.89,8.907
ATOMUSDT,SELL,LIMIT,1701149845342,5.05,8.903
ATOMUSDT,SELL,LIMIT,1701149846435,33.69,8.898
ATOMUSDT,SELL,LIMIT,1701149847438,26.96,8.885
ATOMUSDT,SELL,LIMIT,1701149849396,10.70,8.880
ATOMUSDT,SELL,LIMIT,1701149851288,29.25,8.874
ATOMUSDT,SELL,LIMIT,1701149856432,56.67,8.865
ATOMUSDT,SELL,LIMIT,1701149868061,4.27,8.864
ATOMUSDT,SELL,LIMIT,1701149871047,5.00,8.864
ATOMUSDT,SELL,LIMIT,1701149876316,107.37,8.860
ATOMUSDT,SELL,LIMIT,1701149880767,12.18,8.863
ATOMUSDT,SELL,LIMIT,1701149887301,1266.26,8.858
ATOMUSDT,SELL,LIMIT,1701149889140,100.00,8.859
ATOMUSDT,SELL,LIMIT,1701149895085,15.82,8.858
ATOMUSDT,SELL,LIMIT,1701150576462,28.77,8.855
ATOMUSDT,SELL,LIMIT,1701150579081,33.00,8.854
ATOMUSDT,SELL,LIMIT,1701150580088,4000.00,8.828
ATOMUSDT,SELL,LIMIT,1701150581111,160.66,8.848
ATOMUSDT,SELL,LIMIT,1701150582335,261.01,8.848
ATOMUSDT,SELL,LIMIT,1701151203148,0.77,8.846
ATOMUSDT,SELL,LIMIT,1701151238084,1559.70,8.832
ATOMUSDT,SELL,LIMIT,1701151239116,17.52,8.838
ATOMUSDT,SELL,LIMIT,1701151247431,4.02,8.836
ATOMUSDT,SELL,LIMIT,1701151248592,75.74,8.835
ATOMUSDT,SELL,LIMIT,1701151251570,484.35,8.833
ATOMUSDT,SELL,LIMIT,1701151254216,9.43,8.832
ATOMUSDT,SELL,LIMIT,1701151263535,17.58,8.831
ATOMUSDT,SELL,LIMIT,1701151274815,32.76,8.829
ATOMUSDT,SELL,LIMIT,1701151279403,5.12,8.826
ATOMUSDT,SELL,LIMIT,1701151280884,173.48,8.824
ATOMUSDT,SELL,LIMIT,1701155656466,76.84,8.832
ATOMUSDT,SELL,LIMIT,1701155687514,22.70,8.814
ATOMUSDT,SELL,LIMIT,1701155690106,93.75,8.803
ATOMUSDT,SELL,LIMIT,1701155693348,49.64,8.801
ATOMUSDT,SELL,LIMIT,1701155695896,344.79,8.800
ATOMUSDT,SELL,LIMIT,1701156013282,2.31,8.798
ATOMUSDT,SELL,LIMIT,1701156014874,2.38,8.796
ATOMUSDT,SELL,LIMIT,1701156016089,40.48,8.795
ATOMUSDT,SELL,LIMIT,1701156017201,102.36,8.795
ATOMUSDT,SELL,LIMIT,1701156019265,21.47,8.794
ATOMUSDT,SELL,LIMIT,1701156020321,226.29,8.793
ATOMUSDT,SELL,LIMIT,1701156219211,2052.55,8.775
ATOMUSDT,SELL,LIMIT,1701156227513,375.10,8.790
ATOMUSDT,SELL,LIMIT,1701156247303,78.36,8.788
ATOMUSDT,SELL,LIMIT,1701156251118,1254.00,8.781
ATOMUSDT,SELL,LIMIT,1701156254350,15.89,8.781
ATOMUSDT,SELL,LIMIT,1701156256432,2227.42,8.761
ATOMUSDT,SELL,LIMIT,1701156266510,44.07,8.775
ATOMUSDT,SELL,LIMIT,1701156268065,1129.65,8.773
ATOMUSDT,SELL,LIMIT,1701156269701,696.91,8.771
ATOMUSDT,SELL,LIMIT,1701156271926,32.63,8.768
ATOMUSDT,SELL,LIMIT,1701156281111,3.25,8.766
ATOMUSDT,SELL,LIMIT,1701156319371,5.39,8.764
ATOMUSDT,SELL,LIMIT,1701156364571,98.76,8.762
ATOMUSDT,SELL,LIMIT,1701156365708,59.46,8.761
ATOMUSDT,SELL,LIMIT,1701156368296,16.00,8.751
ATOMUSDT,SELL,LIMIT,1701156549720,28.48,8.750
ATOMUSDT,SELL,LIMIT,1701156561051,2.42,8.741
ATOMUSDT,SELL,LIMIT,1701156565808,292.82,8.741
ATOMUSDT,SELL,LIMIT,1701156568691,1.00,8.738
ATOMUSDT,SELL,LIMIT,1701156620277,2.14,8.765
ATOMUSDT,BUY,LIMIT,1701157919074,33.94,8.922
ATOMUSDT,SELL,LIMIT,1701162068253,1.39,8.791
ATOMUSDT,BUY,LIMIT,1701163509034,2.29,8.972
ATOMUSDT,BUY,LIMIT,1701163856584,43.85,8.990
ATOMUSDT,SELL,LIMIT,1701163962243,4.11,8.880
ATOMUSDT,BUY,LIMIT,1701164224416,100.00,8.998
ATOMUSDT,BUY,LIMIT,1701164338449,1126.88,9.026
ATOMUSDT,BUY,LIMIT,1701164392169,160.80,9.027
ATOMUSDT,BUY,LIMIT,1701164433584,36.94,9.037
ATOMUSDT,BUY,LIMIT,1701170250126,20.98,9.051
ATOMUSDT,BUY,LIMIT,1701171085257,8.39,9.066
ATOMUSDT,SELL,LIMIT,1701171859254,4.92,8.946
ATOMUSDT,SELL,LIMIT,1701176704714,115.68,8.904
ATOMUSDT,BUY,LIMIT,1701177852931,9.64,9.078
ATOMUSDT,BUY,LIMIT,1701177867292,13.10,9.091
ATOMUSDT,BUY,LIMIT,1701177947353,396.96,9.116
ATOMUSDT,BUY,LIMIT,1701177971190,187.68,9.127
ATOMUSDT,BUY,LIMIT,1701178022044,13.62,9.154
ATOMUSDT,BUY,LIMIT,1701179064997,0.62,9.158
ATOMUSDT,BUY,LIMIT,1701179625611,20.92,9.175
ATOMUSDT,BUY,LIMIT,1701179671392,32.12,9.187
ATOMUSDT,BUY,LIMIT,1701179681280,20.98,9.191
ATOMUSDT,BUY,LIMIT,1701179701158,2.90,9.202
ATOMUSDT,SELL,LIMIT,1701185404588,122.75,9.025
ATOMUSDT,SELL,LIMIT,1701185923177,2.45,8.990
ATOMUSDT,SELL,LIMIT,1701187802089,6.00,9.058
ATOMUSDT,SELL,LIMIT,1701187931165,39.12,9.022
ATOMUSDT,SELL,LIMIT,1701187972318,584.11,9.022
ATOMUSDT,BUY,LIMIT,1701188053612,111.04,9.141
ATOMUSDT,BUY,LIMIT,1701188216327,42.35,9.158
ATOMUSDT,BUY,LIMIT,1701189488318,13.74,9.217
ATOMUSDT,BUY,LIMIT,1701189597322,9.20,9.229
ATOMUSDT,BUY,LIMIT,1701189606898,34.90,9.232
ATOMUSDT,BUY,LIMIT,1701189608179,1.86,9.238
ATOMUSDT,BUY,LIMIT,1701189684131,27.04,9.248
ATOMUSDT,BUY,LIMIT,1701189727419,7.62,9.266
ATOMUSDT,BUY,LIMIT,1701189975176,50.12,9.290
ATOMUSDT,BUY,LIMIT,1701190213242,1.13,9.295
ATOMUSDT,BUY,LIMIT,1701190373143,223.17,9.297
ATOMUSDT,BUY,LIMIT,1701192014748,14.72,9.325
ATOMUSDT,BUY,LIMIT,1701192310576,137.79,9.343
ATOMUSDT,BUY,LIMIT,1701192317893,2316.59,9.365
ATOMUSDT,BUY,LIMIT,1701193312508,6.80,9.361
ATOMUSDT,SELL,LIMIT,1701194782048,16.77,9.171
ATOMUSDT,BUY,LIMIT,1701195677605,20.08,9.317
ATOMUSDT,BUY,LIMIT,1701198086466,16.37,9.328
ATOMUSDT,BUY,LIMIT,1701198227759,47.09,9.340
ATOMUSDT,BUY,LIMIT,1701200473345,2.94,9.367
ATOMUSDT,BUY,LIMIT,1701200475242,140.12,9.375
ATOMUSDT,BUY,LIMIT,1701200523130,736.17,9.367
ATOMUSDT,BUY,LIMIT,1701204026041,4.15,9.344
ATOMUSDT,SELL,LIMIT,1701210962092,2.50,9.177
ATOMUSDT,SELL,LIMIT,1701210964483,70.76,9.174
ATOMUSDT,SELL,LIMIT,1701211906934,39.40,9.170
ATOMUSDT,SELL,LIMIT,1701211911585,5.43,9.168
ATOMUSDT,SELL,LIMIT,1701211912883,182.33,9.165
ATOMUSDT,SELL,LIMIT,1701211931762,1.93,9.158
ATOMUSDT,SELL,LIMIT,1701211935883,2.43,9.152
ATOMUSDT,SELL,LIMIT,1701211945183,221.92,9.143
ATOMUSDT,SELL,LIMIT,1701211946654,333.00,9.137
ATOMUSDT,SELL,LIMIT,1701211953128,40.22,9.134
ATOMUSDT,SELL,LIMIT,1701236046290,15.49,9.158
ATOMUSDT,SELL,LIMIT,1701236165157,2.54,9.139
ATOMUSDT,SELL,LIMIT,1701239347334,1.04,9.186
ATOMUSDT,SELL,LIMIT,1701242730310,150.78,9.165
ATOMUSDT,SELL,LIMIT,1701243459007,116.62,9.158
ATOMUSDT,BUY,LIMIT,1701247759190,1084.95,9.345
ATOMUSDT,BUY,LIMIT,1701247819037,13.33,9.347
ATOMUSDT,BUY,LIMIT,1701248016846,5.97,9.365
ATOMUSDT,SELL,LIMIT,1701250240155,11.54,9.172
ATOMUSDT,SELL,LIMIT,1701251534846,0.78,9.245
ATOMUSDT,SELL,LIMIT,1701254183040,23.66,9.132
ATOMUSDT,SELL,LIMIT,1701254184095,6.37,9.117
ATOMUSDT,SELL,LIMIT,1701254185163,402.50,9.126
ATOMUSDT,SELL,LIMIT,1701254194135,1286.58,9.103
ATOMUSDT,SELL,LIMIT,1701254253715,18.00,9.095
ATOMUSDT,SELL,LIMIT,1701254258861,3.22,9.093
ATOMUSDT,SELL,LIMIT,1701254261590,697.12,9.090
ATOMUSDT,SELL,LIMIT,1701254264420,338.05,9.088
ATOMUSDT,SELL,LIMIT,1701254405907,40.94,9.086
ATOMUSDT,SELL,LIMIT,1701254407162,42.08,9.074
ATOMUSDT,SELL,LIMIT,1701254409167,645.99,9.069
ATOMUSDT,SELL,LIMIT,1701254411619,1656.81,9.043
ATOMUSDT,SELL,LIMIT,1701254418169,114.97,9.052
ATOMUSDT,SELL,LIMIT,1701254419290,588.73,9.050
ATOMUSDT,BUY,LIMIT,1701254689258,254.83,9.136
ATOMUSDT,BUY,LIMIT,1701262476159,23.26,9.290
ATOMUSDT,BUY,LIMIT,1701262485163,2.30,9.291
ATOMUSDT,BUY,LIMIT,1701263052676,56.76,9.301
ATOMUSDT,SELL,LIMIT,1701265655963,84.71,9.111
ATOMUSDT,SELL,LIMIT,1701266382815,2.05,9.098
ATOMUSDT,SELL,LIMIT,1701267588132,37.57,9.092
ATOMUSDT,SELL,LIMIT,1701268332598,511.90,9.061
ATOMUSDT,SELL,LIMIT,1701268454305,300.00,9.049
ATOMUSDT,SELL,LIMIT,1701268841144,8.02,9.042
ATOMUSDT,SELL,LIMIT,1701268889706,23.48,9.034
ATOMUSDT,SELL,LIMIT,1701268897755,873.88,9.033
ATOMUSDT,SELL,LIMIT,1701269309418,3.67,9.024
ATOMUSDT,SELL,LIMIT,1701269311445,56.02,9.017
ATOMUSDT,SELL,LIMIT,1701269335546,1.79,9.014
ATOMUSDT,SELL,LIMIT,1701270343569,11.56,9.023
ATOMUSDT,SELL,LIMIT,1701270409538,55.51,9.013
ATOMUSDT,SELL,LIMIT,1701270569321,4058.00,8.971
ATOMUSDT,SELL,LIMIT,1701270570586,25.80,8.996
ATOMUSDT,SELL,LIMIT,1701270573475,277.07,8.990
ATOMUSDT,SELL,LIMIT,1701270585271,42.52,8.983
ATOMUSDT,SELL,LIMIT,1701270586598,10.02,8.981
ATOMUSDT,SELL,LIMIT,1701270590753,10.06,8.979
ATOMUSDT,SELL,LIMIT,1701270614446,269.79,8.977
ATOMUSDT,SELL,LIMIT,1701270616289,160.69,8.972
ATOMUSDT,SELL,LIMIT,1701270617190,5.72,8.970
ATOMUSDT,SELL,LIMIT,1701270619091,266.00,8.968
ATOMUSDT,SELL,LIMIT,1701270762823,4.45,8.958
ATOMUSDT,SELL,LIMIT,1701270765595,904.56,8.956
ATOMUSDT,BUY,LIMIT,1701272255510,36.23,9.134
ATOMUSDT,SELL,LIMIT,1701274676549,15.51,9.037
ATOMUSDT,SELL,LIMIT,1701275833700,148.45,8.997
ATOMUSDT,SELL,LIMIT,1701275838286,103.65,8.990
ATOMUSDT,SELL,LIMIT,1701275839331,32.87,8.990
ATOMUSDT,SELL,LIMIT,1701275842160,92.74,8.983
ATOMUSDT,BUY,LIMIT,1701279420216,411.09,9.201
ATOMUSDT,BUY,LIMIT,1701279638196,4.39,9.219
ATOMUSDT,BUY,LIMIT,1701279678868,1.01,9.230
ATOMUSDT,BUY,LIMIT,1701280028523,92.60,9.256
ATOMUSDT,BUY,LIMIT,1701280166855,247.90,9.273
ATOMUSDT,BUY,LIMIT,1701280169059,9.10,9.276
ATOMUSDT,BUY,LIMIT,1701284489716,0.67,9.281
ATOMUSDT,SELL,LIMIT,1701284835312,0.66,9.149
ATOMUSDT,SELL,LIMIT,1701284836488,0.66,11.481
ATOMUSDT,BUY,LIMIT,1701284927505,0.67,9.259
ATOMUSDT,SELL,LIMIT,1701284957010,0.66,9.162
ATOMUSDT,SELL,LIMIT,1701284958110,0.66,9.161
ATOMUSDT,SELL,LIMIT,1701284959258,0.66,9.161
ATOMUSDT,SELL,LIMIT,1701284960345,0.66,9.161
ATOMUSDT,SELL,LIMIT,1701285433084,0.66,9.148
ATOMUSDT,SELL,LIMIT,1701285652653,0.66,9.149
ATOMUSDT,SELL,LIMIT,1701286334148,0.66,9.143
ATOMUSDT,BUY,LIMIT,1701286335293,0.02,9.252
ATOMUSDT,SELL,LIMIT,1701286364472,0.65,9.138
ATOMUSDT,BUY,LIMIT,1701286367253,0.67,9.248
ATOMUSDT,SELL,LIMIT,1701286385539,0.66,9.140
ATOMUSDT,SELL,LIMIT,1701286571042,0.66,9.143
ATOMUSDT,BUY,LIMIT,1701288213854,0.67,9.281
ATOMUSDT,SELL,LIMIT,1701288287798,0.12,9.160
ATOMUSDT,BUY,LIMIT,1701288294169,0.67,9.274
ATOMUSDT,SELL,LIMIT,1701288564698,0.66,9.170
ATOMUSDT,SELL,LIMIT,1701288739250,0.67,9.172
ATOMUSDT,SELL,LIMIT,1701289579166,0.66,9.147
ATOMUSDT,BUY,LIMIT,1701289637272,0.67,9.245
ATOMUSDT,SELL,LIMIT,1701290339476,0.66,9.132
ATOMUSDT,SELL,LIMIT,1701291123956,0.66,9.114
ATOMUSDT,SELL,LIMIT,1701291993237,162.19,9.098
ATOMUSDT,SELL,LIMIT,1701292015477,24.53,9.087
ATOMUSDT,BUY,LIMIT,1701295472915,0.94,8.813
ATOMUSDT,SELL,LIMIT,1701300221918,68.44,9.152
ATOMUSDT,BUY,LIMIT,1701301641021,32.41,9.279
ATOMUSDT,SELL,LIMIT,1701304125098,0.66,9.168
ATOMUSDT,BUY,LIMIT,1701304567306,0.67,9.299
ATOMUSDT,BUY,LIMIT,1701304608300,2.35,9.295
ATOMUSDT,SELL,LIMIT,1701304737255,0.66,9.162
ATOMUSDT,BUY,LIMIT,1701304814367,0.67,9.261
ATOMUSDT,SELL,LIMIT,1701304842339,0.66,9.150
ATOMUSDT,SELL,LIMIT,1701304849801,0.66,9.149
ATOMUSDT,SELL,LIMIT,1701305737733,0.66,9.173
ATOMUSDT,BUY,LIMIT,1701305918622,0.01,9.259
ATOMUSDT,SELL,LIMIT,1701306081152,0.66,9.128
ATOMUSDT,SELL,LIMIT,1701306135832,34.47,9.102
ATOMUSDT,SELL,LIMIT,1701306245183,372.59,9.095
ATOMUSDT,SELL,LIMIT,1701306255416,843.61,9.093
ATOMUSDT,SELL,LIMIT,1701306426593,0.66,9.073
ATOMUSDT,SELL,LIMIT,1701306428755,1.47,9.071
ATOMUSDT,SELL,LIMIT,1701306433967,0.66,9.064
ATOMUSDT,BUY,LIMIT,1701307129166,0.67,9.245
ATOMUSDT,SELL,LIMIT,1701307211998,0.66,9.125
ATOMUSDT,SELL,LIMIT,1701309652135,0.66,9.109
ATOMUSDT,BUY,LIMIT,1701312591231,27.63,9.307
ATOMUSDT,BUY,LIMIT,1701315694026,3.01,9.312
ATOMUSDT,BUY,LIMIT,1701317245972,76.75,9.330
ATOMUSDT,BUY,LIMIT,1701317316209,66.82,9.337
ATOMUSDT,BUY,LIMIT,1701317319157,83.94,9.339
ATOMUSDT,BUY,LIMIT,1701317422898,46.43,9.341
ATOMUSDT,BUY,LIMIT,1701318948979,57.73,9.353
ATOMUSDT,SELL,LIMIT,1701321737098,572.50,9.169
ATOMUSDT,BUY,LIMIT,1701326654839,3.35,9.383
ATOMUSDT,BUY,LIMIT,1701328339952,53.26,9.383
ATOMUSDT,BUY,LIMIT,1701328368705,58.54,9.388
ATOMUSDT,BUY,LIMIT,1701329130842,154.14,9.398
ATOMUSDT,BUY,LIMIT,1701329797672,1.05,9.409
ATOMUSDT,SELL,LIMIT,1701329948470,3.79,9.189
ATOMUSDT,SELL,LIMIT,1701330758712,455.55,9.182
ATOMUSDT,SELL,LIMIT,1701330862600,3.41,9.156
ATOMUSDT,SELL,LIMIT,1701331906763,7.00,9.127
ATOMUSDT,SELL,LIMIT,1701332336387,200.00,9.119
ATOMUSDT,SELL,LIMIT,1701332343724,34.80,9.115
ATOMUSDT,SELL,LIMIT,1701332369053,1341.96,9.096
ATOMUSDT,SELL,LIMIT,1701333554557,0.66,9.098
ATOMUSDT,BUY,LIMIT,1701337161031,129.25,9.356
ATOMUSDT,BUY,LIMIT,1701337275835,54.05,9.371
ATOMUSDT,SELL,LIMIT,1701338564468,0.66,9.225
ATOMUSDT,BUY,LIMIT,1701342874701,6.66,9.414
ATOMUSDT,BUY,LIMIT,1701342875722,152.61,9.419
ATOMUSDT,BUY,LIMIT,1701342929787,83.85,9.422
ATOMUSDT,BUY,LIMIT,1701343152224,197.66,9.425
ATOMUSDT,SELL,LIMIT,1701349527360,2.22,9.221
ATOMUSDT,SELL,LIMIT,1701352508943,112.22,9.186
ATOMUSDT,SELL,LIMIT,1701352514569,9.89,9.181
ATOMUSDT,SELL,LIMIT,1701352518404,119.30,9.178
ATOMUSDT,SELL,LIMIT,1701352524559,214.70,9.175
ATOMUSDT,SELL,LIMIT,1701352942515,4.00,9.173
ATOMUSDT,SELL,LIMIT,1701352947267,12.48,9.166
ATOMUSDT,BUY,LIMIT,1701357421082,10.81,9.351
ATOMUSDT,BUY,LIMIT,1701357435075,10.82,9.362
ATOMUSDT,SELL,LIMIT,1701358773834,11.01,9.203
ATOMUSDT,SELL,LIMIT,1701364690444,77.50,9.238
ATOMUSDT,SELL,LIMIT,1701364716881,102.44,9.232
ATOMUSDT,SELL,LIMIT,1701378200628,5.00,9.190
ATOMUSDT,SELL,LIMIT,1701378464179,3.15,9.182
ATOMUSDT,BUY,LIMIT,1701380180504,113.47,9.329
ATOMUSDT,SELL,LIMIT,1701388942190,2.11,9.179
ATOMUSDT,SELL,LIMIT,1701388967181,25.08,9.171
ATOMUSDT,SELL,LIMIT,1701389566484,39.26,9.158
ATOMUSDT,SELL,LIMIT,1701389790889,66.08,9.152
ATOMUSDT,SELL,LIMIT,1701389792812,1084.64,9.149
ATOMUSDT,SELL,LIMIT,1701389851404,4.91,9.147
ATOMUSDT,SELL,LIMIT,1701390390676,188.22,9.129
ATOMUSDT,SELL,LIMIT,1701390406904,64.66,9.127
ATOMUSDT,SELL,LIMIT,1701390437243,12.10,9.127
ATOMUSDT,SELL,LIMIT,1701390634369,75.55,9.122
ATOMUSDT,SELL,LIMIT,1701390639360,1.26,9.121
ATOMUSDT,SELL,LIMIT,1701390643556,7.59,9.120
ATOMUSDT,BUY,LIMIT,1701394083770,136.84,9.373
ATOMUSDT,BUY,LIMIT,1701394156116,11.31,9.384
ATOMUSDT,BUY,LIMIT,1701395916247,20.94,9.414
ATOMUSDT,BUY,LIMIT,1701397367550,446.56,9.425
ATOMUSDT,BUY,LIMIT,1701401696330,4.21,9.395
ATOMUSDT,BUY,LIMIT,1701403987705,550.12,9.429
ATOMUSDT,BUY,LIMIT,1701404197715,142.99,9.423
ATOMUSDT,BUY,LIMIT,1701404895044,83.09,9.449
ATOMUSDT,BUY,LIMIT,1701405080309,1.79,9.458
ATOMUSDT,BUY,LIMIT,1701405290164,43.18,9.459
ATOMUSDT,BUY,LIMIT,1701405291356,21.48,9.460
ATOMUSDT,BUY,LIMIT,1701405311600,19.91,9.464
ATOMUSDT,BUY,LIMIT,1701405359140,292.26,9.471
ATOMUSDT,BUY,LIMIT,1701405373889,82.64,9.476
ATOMUSDT,BUY,LIMIT,1701405515309,0.59,9.471
ATOMUSDT,BUY,LIMIT,1701405880094,458.70,9.452
ATOMUSDT,BUY,LIMIT,1701407476794,54.47,9.479
ATOMUSDT,BUY,LIMIT,1701408376455,78.20,9.495
ATOMUSDT,BUY,LIMIT,1701408406456,1.07,9.497
ATOMUSDT,SELL,LIMIT,1701410873669,19.00,9.292
ATOMUSDT,SELL,LIMIT,1701416829399,1.85,9.277
ATOMUSDT,BUY,LIMIT,1701422218424,3.87,9.427
ATOMUSDT,SELL,LIMIT,1701422230136,10.07,9.345
ATOMUSDT,BUY,LIMIT,1701422241121,3.96,9.466
ATOMUSDT,BUY,LIMIT,1701422319205,275.12,9.468
ATOMUSDT,BUY,LIMIT,1701424394073,49.45,9.474
ATOMUSDT,BUY,LIMIT,1701424643088,1085.46,9.485
