Symbol,Side,Order Type,Time,Quantity,Price
AVAXUSDT,SELL,LIMIT,1700989428832,35,21.1046
AVAXUSDT,SELL,LIMIT,1700989431433,105,21.1037
AVAXUSDT,SELL,LIMIT,1700989433095,48,21.1022
AVAXUSDT,SELL,LIMIT,1700991018702,49,21.0702
AVAXUSDT,SELL,LIMIT,1700991199139,99,21.0457
AVAXUSDT,SELL,LIMIT,1700995807136,100,21.0124
AVAXUSDT,SELL,LIMIT,1700995809335,233,21.0085
AVAXUSDT,SELL,LIMIT,1700995813171,11,21.0024
AVAXUSDT,SELL,LIMIT,1700995869766,30,20.9972
AVAXUSDT,SELL,LIMIT,1700995965243,143,20.9877
AVAXUSDT,SELL,LIMIT,1700996100936,88,20.9678
AVAXUSDT,SELL,LIMIT,1700996116403,14,20.9609
AVAXUSDT,SELL,LIMIT,1700996121743,73,20.9573
AVAXUSDT,SELL,LIMIT,1700996135470,4,20.9550
AVAXUSDT,SELL,LIMIT,1700996137776,3,20.9525
AVAXUSDT,SELL,LIMIT,1700996185335,11,20.9449
AVAXUSDT,SELL,LIMIT,1700996187060,119,20.9401
AVAXUSDT,SELL,LIMIT,1700999809366,22,20.9169
AVAXUSDT,SELL,LIMIT,1700999816631,35,20.9188
AVAXUSDT,SELL,LIMIT,1701000423302,235,20.9189
AVAXUSDT,SELL,LIMIT,1701000568916,1,20.9090
AVAXUSDT,SELL,LIMIT,1701000574037,2,20.9052
AVAXUSDT,SELL,LIMIT,1701000608482,235,20.9013
AVAXUSDT,SELL,LIMIT,1701000643675,108,20.8964
AVAXUSDT,SELL,LIMIT,1701000824383,9,20.8674
AVAXUSDT,SELL,LIMIT,1701001502297,4,20.8517
AVAXUSDT,SELL,LIMIT,1701001503639,5,20.8346
AVAXUSDT,SELL,LIMIT,1701001505686,98,20.8210
AVAXUSDT,BUY,LIMIT,1701002230691,72,21.2568
AVAXUSDT,BUY,LIMIT,1701002242264,33,21.2658
AVAXUSDT,BUY,LIMIT,1701002296683,180,21.2826
AVAXUSDT,BUY,LIMIT,1701002326154,3,21.3014
AVAXUSDT,SELL,LIMIT,1701005144815,2,20.9003
AVAXUSDT,SELL,LIMIT,1701005463306,24,20.9385
AVAXUSDT,SELL,LIMIT,1701006198587,21,20.8689
AVAXUSDT,SELL,LIMIT,1701006217890,14,20.8722
AVAXUSDT,SELL,LIMIT,1701008183073,46,20.8702
AVAXUSDT,SELL,LIMIT,1701008440550,14,20.8146
AVAXUSDT,SELL,LIMIT,1701008443389,466,20.7915
AVAXUSDT,SELL,LIMIT,1701008444693,30,20.7751
AVAXUSDT,SELL,LIMIT,1701008446130,3,20.7499
AVAXUSDT,SELL,LIMIT,1701008447172,17,20.7505
AVAXUSDT,SELL,LIMIT,1701008448211,156,20.7272
AVAXUSDT,SELL,LIMIT,1701008449374,1000,20.7088
AVAXUSDT,SELL,LIMIT,1701008451017,104,20.7266
AVAXUSDT,SELL,LIMIT,1701008946039,224,20.7178
AVAXUSDT,SELL,LIMIT,1701009011671,238,20.7099
AVAXUSDT,SELL,LIMIT,1701009013729,56,20.7014
AVAXUSDT,SELL,LIMIT,1701009015071,42,20.6855
AVAXUSDT,SELL,LIMIT,1701009016146,185,20.6795
AVAXUSDT,SELL,LIMIT,1701009017213,7,20.6750
AVAXUSDT,SELL,LIMIT,1701009253454,31,20.6711
AVAXUSDT,SELL,LIMIT,1701009262210,1,20.6654
AVAXUSDT,SELL,LIMIT,1701009263705,68,20.6615
AVAXUSDT,SELL,LIMIT,1701009273952,473,20.6248
AVAXUSDT,SELL,LIMIT,1701009279182,17,20.6286
AVAXUSDT,SELL,LIMIT,1701009287421,235,20.6212
AVAXUSDT,SELL,LIMIT,1701009289425,8,20.6193
AVAXUSDT,SELL,LIMIT,1701010861237,19,20.6214
AVAXUSDT,SELL,LIMIT,1701010864405,15,20.6193
AVAXUSDT,SELL,LIMIT,1701010868484,25,20.6099
AVAXUSDT,SELL,LIMIT,1701010871031,5,20.6006
AVAXUSDT,SELL,LIMIT,1701010873221,239,20.5962
AVAXUSDT,SELL,LIMIT,1701010874505,561,20.5662
AVAXUSDT,SELL,LIMIT,1701010877267,300,20.5764
AVAXUSDT,SELL,LIMIT,1701010913667,26,20.5750
AVAXUSDT,SELL,LIMIT,1701010923967,70,20.5704
AVAXUSDT,SELL,LIMIT,1701010926368,31,20.5673
AVAXUSDT,BUY,LIMIT,1701012675108,4,21.0231
AVAXUSDT,BUY,LIMIT,1701012762318,13,21.0560
AVAXUSDT,SELL,LIMIT,1701013668429,1,20.7243
AVAXUSDT,SELL,LIMIT,1701013749459,22,20.6461
AVAXUSDT,SELL,LIMIT,1701013824101,3,20.6544
AVAXUSDT,SELL,LIMIT,1701013868657,3,20.6428
AVAXUSDT,SELL,LIMIT,1701013965220,42,20.6244
AVAXUSDT,SELL,LIMIT,1701013969478,8,20.6196
AVAXUSDT,SELL,LIMIT,1701013994047,14,20.6082
AVAXUSDT,SELL,LIMIT,1701014043191,110,20.5832
AVAXUSDT,SELL,LIMIT,1701014055722,17,20.5804
AVAXUSDT,SELL,LIMIT,1701014063461,26,20.5747
AVAXUSDT,SELL,LIMIT,1701014118088,23,20.5726
AVAXUSDT,SELL,LIMIT,1701014870942,3,20.7083
AVAXUSDT,SELL,LIMIT,1701015640990,600,20.5377
AVAXUSDT,SELL,LIMIT,1701015642809,45,20.5597
AVAXUSDT,SELL,LIMIT,1701015644150,8,20.5491
AVAXUSDT,SELL,LIMIT,1701015668577,12,20.5510
AVAXUSDT,SELL,LIMIT,1701015670308,22,20.5428
AVAXUSDT,SELL,LIMIT,1701015672360,12,20.5256
AVAXUSDT,SELL,LIMIT,1701015673527,11,20.5178
AVAXUSDT,SELL,LIMIT,1701015682140,71,20.4956
AVAXUSDT,SELL,LIMIT,1701015683845,6,20.4956
AVAXUSDT,SELL,LIMIT,1701015684626,29,20.4627
AVAXUSDT,SELL,LIMIT,1701015685692,90,20.4586
AVAXUSDT,SELL,LIMIT,1701015723482,2,20.4563
AVAXUSDT,SELL,LIMIT,1701015726185,40,20.4543
AVAXUSDT,SELL,LIMIT,1701015727209,7,20.4557
AVAXUSDT,SELL,LIMIT,1701015729301,468,20.4338
AVAXUSDT,SELL,LIMIT,1701015730414,1,20.4499
AVAXUSDT,SELL,LIMIT,1701015732161,107,20.4340
AVAXUSDT,SELL,LIMIT,1701015733852,193,20.4280
AVAXUSDT,SELL,LIMIT,1701015735261,23,20.4240
AVAXUSDT,SELL,LIMIT,1701015740703,43,20.4445
AVAXUSDT,SELL,LIMIT,1701015748526,190,20.4168
AVAXUSDT,SELL,LIMIT,1701015751050,1175,20.3850
AVAXUSDT,SELL,LIMIT,1701015758433,7,20.4191
AVAXUSDT,SELL,LIMIT,1701015761107,2774,20.3084
AVAXUSDT,SELL,LIMIT,1701015805703,30,20.4486
AVAXUSDT,SELL,LIMIT,1701015840185,15,20.4292
AVAXUSDT,SELL,LIMIT,1701015842618,239,20.4199
AVAXUSDT,SELL,LIMIT,1701015869249,30,20.4115
AVAXUSDT,SELL,LIMIT,1701015870342,241,20.4095
AVAXUSDT,SELL,LIMIT,1701015872098,6,20.3984
AVAXUSDT,SELL,LIMIT,1701015873141,4,20.3958
AVAXUSDT,SELL,LIMIT,1701015874243,30,20.3773
AVAXUSDT,SELL,LIMIT,1701015876226,30,20.3703
AVAXUSDT,SELL,LIMIT,1701015949122,8,20.5327
AVAXUSDT,SELL,LIMIT,1701016004942,17,20.3849
AVAXUSDT,SELL,LIMIT,1701016014167,56,20.3761
AVAXUSDT,SELL,LIMIT,1701016016034,49,20.3629
AVAXUSDT,SELL,LIMIT,1701016017212,117,20.3664
AVAXUSDT,SELL,LIMIT,1701016020644,1,20.3544
AVAXUSDT,SELL,LIMIT,1701016026098,43,20.3480
AVAXUSDT,SELL,LIMIT,1701016027490,151,20.3500
AVAXUSDT,SELL,LIMIT,1701016028645,94,20.3422
AVAXUSDT,SELL,LIMIT,1701016030240,85,20.3213
AVAXUSDT,SELL,LIMIT,1701016031232,8,20.2929
AVAXUSDT,SELL,LIMIT,1701016032140,29,20.2891
AVAXUSDT,SELL,LIMIT,1701016033046,42,20.2562
AVAXUSDT,SELL,LIMIT,1701016033875,289,20.1983
AVAXUSDT,SELL,LIMIT,1701016034853,25,20.1896
AVAXUSDT,SELL,LIMIT,1701016035765,85,20.1828
AVAXUSDT,SELL,LIMIT,1701016036934,16,20.1740
AVAXUSDT,SELL,LIMIT,1701016038105,60,20.1689
AVAXUSDT,SELL,LIMIT,1701016039897,83,20.1530
AVAXUSDT,SELL,LIMIT,1701016041201,63,20.1517
AVAXUSDT,SELL,LIMIT,1701016042197,7,20.1459
AVAXUSDT,SELL,LIMIT,1701016043212,2,23.5309
AVAXUSDT,SELL,LIMIT,1701016044166,25,20.1205
AVAXUSDT,SELL,LIMIT,1701016045078,1,20.1170
AVAXUSDT,SELL,LIMIT,1701016045870,31,20.0970
AVAXUSDT,SELL,LIMIT,1701016047184,155,20.0666
AVAXUSDT,SELL,LIMIT,1701016048018,120,20.0647
AVAXUSDT,SELL,LIMIT,1701016048857,456,20.0305
AVAXUSDT,SELL,LIMIT,1701016050313,79,20.0404
AVAXUSDT,SELL,LIMIT,1701016051425,7,20.0362
AVAXUSDT,SELL,LIMIT,1701016098441,4,20.0698
AVAXUSDT,SELL,LIMIT,1701016100060,7,20.0546
AVAXUSDT,SELL,LIMIT,1701016101095,19,20.0355
AVAXUSDT,SELL,LIMIT,1701016102075,7,20.0355
AVAXUSDT,SELL,LIMIT,1701016103344,60,20.0521
AVAXUSDT,BUY,LIMIT,1701016153995,11,20.4306
AVAXUSDT,SELL,LIMIT,1701016269959,20,20.1717
AVAXUSDT,SELL,LIMIT,1701018108037,1,20.2468
AVAXUSDT,BUY,LIMIT,1701019365283,152,20.6335
AVAXUSDT,BUY,LIMIT,1701022361557,491,20.7584
AVAXUSDT,BUY,LIMIT,1701027961076,16,20.7622
AVAXUSDT,BUY,LIMIT,1701027962263,8,20.7610
AVAXUSDT,BUY,LIMIT,1701028387306,30,20.7725
AVAXUSDT,BUY,LIMIT,1701028399730,5,20.7813
AVAXUSDT,BUY,LIMIT,1701028404276,32,20.7857
AVAXUSDT,BUY,LIMIT,1701028406129,122,20.7912
AVAXUSDT,BUY,LIMIT,1701028439189,4,20.8212
AVAXUSDT,BUY,LIMIT,1701028445222,20,20.8289
AVAXUSDT,BUY,LIMIT,1701028450432,8,20.8411
AVAXUSDT,BUY,LIMIT,1701028529324,1,20.8837
AVAXUSDT,BUY,LIMIT,1701028726381,41,20.9282
AVAXUSDT,BUY,LIMIT,1701028752154,1,20.9426
AVAXUSDT,BUY,LIMIT,1701028753308,260,20.9485
AVAXUSDT,BUY,LIMIT,1701028809489,41,20.9596
AVAXUSDT,BUY,LIMIT,1701028869086,186,20.9799
AVAXUSDT,BUY,LIMIT,1701028908712,1,20.9965
AVAXUSDT,BUY,LIMIT,1701028910607,53,21.0078
AVAXUSDT,BUY,LIMIT,1701028952299,3,21.0309
AVAXUSDT,BUY,LIMIT,1701028998786,42,21.0372
AVAXUSDT,BUY,LIMIT,1701029016092,13,21.0635
AVAXUSDT,BUY,LIMIT,1701029080238,12,21.0790
AVAXUSDT,BUY,LIMIT,1701029149499,42,21.1238
AVAXUSDT,BUY,LIMIT,1701029160815,4,21.1328
AVAXUSDT,BUY,LIMIT,1701029312253,56,21.1612
AVAXUSDT,BUY,LIMIT,1701029317623,78,21.1735
AVAXUSDT,BUY,LIMIT,1701029424526,307,21.2012
AVAXUSDT,BUY,LIMIT,1701029469880,276,21.2046
AVAXUSDT,BUY,LIMIT,1701030430214,14,21.2103
AVAXUSDT,BUY,LIMIT,1701030559437,7,21.2291
AVAXUSDT,BUY,LIMIT,1701030632523,98,21.2488
AVAXUSDT,BUY,LIMIT,1701030642083,1,21.2647
AVAXUSDT,BUY,LIMIT,1701030944178,11,21.3017
AVAXUSDT,BUY,LIMIT,1701030984679,10,21.3219
AVAXUSDT,BUY,LIMIT,1701030991055,3,21.3262
AVAXUSDT,BUY,LIMIT,1701031008683,5,21.3459
AVAXUSDT,BUY,LIMIT,1701031088316,3,21.3667
AVAXUSDT,BUY,LIMIT,1701031094043,5,21.3797
AVAXUSDT,BUY,LIMIT,1701031117707,775,21.4212
AVAXUSDT,BUY,LIMIT,1701031140141,132,21.3958
AVAXUSDT,BUY,LIMIT,1701031149240,45,21.3985
AVAXUSDT,BUY,LIMIT,1701031152448,93,21.4158
AVAXUSDT,BUY,LIMIT,1701031164999,4,21.4202
AVAXUSDT,BUY,LIMIT,1701031592214,156,21.4547
AVAXUSDT,BUY,LIMIT,1701031607361,51,21.4598
AVAXUSDT,BUY,LIMIT,1701031653446,33,21.4727
AVAXUSDT,BUY,LIMIT,1701031676134,14,21.4688
AVAXUSDT,BUY,LIMIT,1701031743205,88,21.4784
AVAXUSDT,BUY,LIMIT,1701031745054,24,21.4852
AVAXUSDT,BUY,LIMIT,1701031750279,179,21.5038
AVAXUSDT,BUY,LIMIT,1701031756369,250,21.5161
AVAXUSDT,BUY,LIMIT,1701031801322,1,21.4899
AVAXUSDT,BUY,LIMIT,1701031886394,1174,21.5836
AVAXUSDT,SELL,LIMIT,1701032802642,12,21.1278
AVAXUSDT,SELL,LIMIT,1701033675098,41,21.0642
AVAXUSDT,SELL,LIMIT,1701033710336,17,21.0345
AVAXUSDT,SELL,LIMIT,1701033713445,44,21.0274
AVAXUSDT,BUY,LIMIT,1701036159915,22,21.3622
AVAXUSDT,BUY,LIMIT,1701036167132,236,21.3771
AVAXUSDT,BUY,LIMIT,1701036374918,12,21.4117
AVAXUSDT,SELL,LIMIT,1701039617853,75,21.0202
AVAXUSDT,SELL,LIMIT,1701039708006,159,21.0077
AVAXUSDT,SELL,LIMIT,1701039718542,26,20.9933
AVAXUSDT,SELL,LIMIT,1701039725762,226,20.9886
AVAXUSDT,SELL,LIMIT,1701039729098,1,20.9809
AVAXUSDT,SELL,LIMIT,1701039741852,5,20.9672
AVAXUSDT,SELL,LIMIT,1701039744931,25,20.9641
AVAXUSDT,SELL,LIMIT,1701039962399,235,20.9339
AVAXUSDT,SELL,LIMIT,1701040283184,144,20.9261
AVAXUSDT,SELL,LIMIT,1701040334377,233,20.9178
AVAXUSDT,SELL,LIMIT,1701040344617,6,20.9114
AVAXUSDT,SELL,LIMIT,1701040586652,28,20.9046
AVAXUSDT,SELL,LIMIT,1701040604892,23,20.8968
AVAXUSDT,SELL,LIMIT,1701040606186,3,20.8951
AVAXUSDT,SELL,LIMIT,1701043550053,42,20.8883
AVAXUSDT,SELL,LIMIT,1701043551407,1,20.8881
AVAXUSDT,SELL,LIMIT,1701043553182,5,20.8791
AVAXUSDT,BUY,LIMIT,1701044454173,237,21.2924
AVAXUSDT,BUY,LIMIT,1701044482347,5,21.3208
AVAXUSDT,BUY,LIMIT,1701044920125,2,21.3792
AVAXUSDT,BUY,LIMIT,1701045568249,2,21.3578
AVAXUSDT,SELL,LIMIT,1701046510517,50,20.9904
AVAXUSDT,SELL,LIMIT,1701046518970,4,20.9836
AVAXUSDT,BUY,LIMIT,1701046868074,18,21.2658
AVAXUSDT,BUY,LIMIT,1701047201284,90,21.3069
AVAXUSDT,SELL,LIMIT,1701048273448,235,20.9539
AVAXUSDT,SELL,LIMIT,1701049056380,4,20.9412
AVAXUSDT,SELL,LIMIT,1701049463309,8,20.8687
AVAXUSDT,SELL,LIMIT,1701049560591,28,20.8435
AVAXUSDT,SELL,LIMIT,1701049561651,2,20.8212
AVAXUSDT,SELL,LIMIT,1701050746487,44,20.8064
AVAXUSDT,SELL,LIMIT,1701050749906,238,20.8034
AVAXUSDT,SELL,LIMIT,1701050752031,4,20.7979
AVAXUSDT,SELL,LIMIT,1701050753852,18,20.7951
AVAXUSDT,SELL,LIMIT,1701050755149,42,20.7908
AVAXUSDT,SELL,LIMIT,1701050834123,519,20.7631
AVAXUSDT,SELL,LIMIT,1701051857761,94,20.7790
AVAXUSDT,BUY,LIMIT,1701052027438,2,20.9609
AVAXUSDT,SELL,LIMIT,1701052260790,59,20.7525
AVAXUSDT,SELL,LIMIT,1701052640339,211,20.7416
AVAXUSDT,SELL,LIMIT,1701052641393,37,20.7350
AVAXUSDT,SELL,LIMIT,1701052647475,25,20.7236
AVAXUSDT,SELL,LIMIT,1701052873315,5,20.7040
AVAXUSDT,SELL,LIMIT,1701052881234,20,20.6988
AVAXUSDT,SELL,LIMIT,1701053010384,10,20.6854
AVAXUSDT,SELL,LIMIT,1701053011999,10,20.6746
AVAXUSDT,SELL,LIMIT,1701053013208,145,20.6727
AVAXUSDT,SELL,LIMIT,1701053017544,6,20.6672
AVAXUSDT,SELL,LIMIT,1701053034277,1088,20.6203
AVAXUSDT,SELL,LIMIT,1701053185056,153,20.6340
AVAXUSDT,SELL,LIMIT,1701053187248,77,20.6329
AVAXUSDT,SELL,LIMIT,1701053195234,305,20.6211
AVAXUSDT,SELL,LIMIT,1701053197479,238,20.6218
AVAXUSDT,SELL,LIMIT,1701054468240,163,20.6177
AVAXUSDT,SELL,LIMIT,1701054471803,1,20.6156
AVAXUSDT,SELL,LIMIT,1701054485824,130,20.6043
AVAXUSDT,SELL,LIMIT,1701054620305,470,20.6073
AVAXUSDT,SELL,LIMIT,1701054974866,28,20.5963
AVAXUSDT,SELL,LIMIT,1701054995708,66,20.5843
AVAXUSDT,SELL,LIMIT,1701055062216,77,20.5770
AVAXUSDT,SELL,LIMIT,1701055454746,91,20.5714
AVAXUSDT,SELL,LIMIT,1701055472194,15,20.5615
AVAXUSDT,SELL,LIMIT,1701055473242,45,20.5610
AVAXUSDT,SELL,LIMIT,1701055615644,10,20.5396
AVAXUSDT,SELL,LIMIT,1701055630304,62,20.5364
AVAXUSDT,SELL,LIMIT,1701055689390,38,20.5299
AVAXUSDT,SELL,LIMIT,1701055695191,23,20.5266
AVAXUSDT,SELL,LIMIT,1701055704186,3,20.5290
AVAXUSDT,SELL,LIMIT,1701055769235,36,20.5214
AVAXUSDT,SELL,LIMIT,1701055773019,2,20.5158
AVAXUSDT,SELL,LIMIT,1701055963675,505,20.4861
AVAXUSDT,SELL,LIMIT,1701055964889,74,20.4985
AVAXUSDT,SELL,LIMIT,1701056025330,120,20.4828
AVAXUSDT,SELL,LIMIT,1701056027171,31,20.4750
AVAXUSDT,SELL,LIMIT,1701056054641,18,20.4670
AVAXUSDT,SELL,LIMIT,1701056063442,26,20.4591
AVAXUSDT,SELL,LIMIT,1701056064625,19,20.4552
AVAXUSDT,SELL,LIMIT,1701056143440,29,20.4336
AVAXUSDT,SELL,LIMIT,1701056152157,193,20.4258
AVAXUSDT,SELL,LIMIT,1701056154526,47,20.4232
AVAXUSDT,SELL,LIMIT,1701056155627,19,20.4241
AVAXUSDT,SELL,LIMIT,1701056158195,13,20.4193
AVAXUSDT,SELL,LIMIT,1701056229808,54,20.4120
AVAXUSDT,SELL,LIMIT,1701056305446,72,20.4430
AVAXUSDT,SELL,LIMIT,1701056866096,1,20.5115
