Symbol,Side,Order Type,Time,Quantity,Price
AVAXUSDT,BUY,LIMIT,1701066245240,108,21.0172
AVAXUSDT,SELL,LIMIT,1701067496084,2,20.7081
AVAXUSDT,SELL,LIMIT,1701067750903,10,20.6896
AVAXUSDT,BUY,LIMIT,1701067815314,220,20.0377
AVAXUSDT,SELL,LIMIT,1701067838498,20,20.6369
AVAXUSDT,SELL,LIMIT,1701067848194,1,20.6118
AVAXUSDT,SELL,LIMIT,1701067853520,50,20.6037
AVAXUSDT,SELL,LIMIT,1701067858533,53,20.6028
AVAXUSDT,SELL,LIMIT,1701067866290,40,20.5860
AVAXUSDT,SELL,LIMIT,1701068079716,239,20.5750
AVAXUSDT,SELL,LIMIT,1701068146241,70,20.5239
AVAXUSDT,SELL,LIMIT,1701068154065,33,20.5025
AVAXUSDT,SELL,LIMIT,1701068166243,14,20.4776
AVAXUSDT,SELL,LIMIT,1701068171838,19,20.4658
AVAXUSDT,SELL,LIMIT,1701068281868,10,20.4594
AVAXUSDT,SELL,LIMIT,1701068329276,239,20.4289
AVAXUSDT,SELL,LIMIT,1701068991600,20,20.5269
AVAXUSDT,SELL,LIMIT,1701069429271,65,20.5008
AVAXUSDT,SELL,LIMIT,1701069549242,59,20.3871
AVAXUSDT,SELL,LIMIT,1701069556212,1,20.3799
AVAXUSDT,SELL,LIMIT,1701069569171,47,20.3732
AVAXUSDT,SELL,LIMIT,1701069571239,25,20.3654
AVAXUSDT,SELL,LIMIT,1701069573104,173,20.3585
AVAXUSDT,SELL,LIMIT,1701069635145,9,20.3335
AVAXUSDT,SELL,LIMIT,1701069636202,11,20.3448
AVAXUSDT,SELL,LIMIT,1701069637450,3,20.3282
AVAXUSDT,SELL,LIMIT,1701069640204,212,20.3199
AVAXUSDT,SELL,LIMIT,1701069826980,121,20.3127
AVAXUSDT,SELL,LIMIT,1701069831544,47,20.3128
AVAXUSDT,SELL,LIMIT,1701069857198,11,20.3163
AVAXUSDT,SELL,LIMIT,1701069860987,4,20.3117
AVAXUSDT,SELL,LIMIT,1701069870381,26,20.3033
AVAXUSDT,SELL,LIMIT,1701069878360,1,20.2844
AVAXUSDT,SELL,LIMIT,1701069880083,31,20.2727
AVAXUSDT,SELL,LIMIT,1701069881252,3,20.2737
AVAXUSDT,SELL,LIMIT,1701069884528,17,20.2682
AVAXUSDT,SELL,LIMIT,1701069886103,19,20.2746
AVAXUSDT,SELL,LIMIT,1701069896030,234,20.2559
AVAXUSDT,SELL,LIMIT,1701069897283,4,20.2628
AVAXUSDT,SELL,LIMIT,1701069898865,545,20.2239
AVAXUSDT,SELL,LIMIT,1701069901837,243,20.2362
AVAXUSDT,SELL,LIMIT,1701070169497,36,20.2309
AVAXUSDT,SELL,LIMIT,1701070171262,139,20.2343
AVAXUSDT,SELL,LIMIT,1701070173121,4,20.2045
AVAXUSDT,SELL,LIMIT,1701070356359,151,20.2944
AVAXUSDT,SELL,LIMIT,1701070438770,23,20.2135
AVAXUSDT,SELL,LIMIT,1701070439712,15,20.1979
AVAXUSDT,SELL,LIMIT,1701070441287,8,20.1893
AVAXUSDT,SELL,LIMIT,1701070442715,46,20.1845
AVAXUSDT,BUY,LIMIT,1701072749239,228,20.7331
AVAXUSDT,SELL,LIMIT,1701074803483,34,20.3747
AVAXUSDT,SELL,LIMIT,1701074936991,133,20.3395
AVAXUSDT,BUY,LIMIT,1701076592327,15,20.7463
AVAXUSDT,SELL,LIMIT,1701077399082,3,20.4541
AVAXUSDT,BUY,LIMIT,1701078490675,5,20.7620
AVAXUSDT,SELL,LIMIT,1701080528558,30,20.3930
AVAXUSDT,SELL,LIMIT,1701080533333,42,20.3917
AVAXUSDT,SELL,LIMIT,1701080708268,1,20.3418
AVAXUSDT,SELL,LIMIT,1701080715184,36,20.3521
AVAXUSDT,SELL,LIMIT,1701081133426,1,20.3087
AVAXUSDT,SELL,LIMIT,1701081134817,133,20.2915
AVAXUSDT,SELL,LIMIT,1701081166489,100,20.2702
AVAXUSDT,SELL,LIMIT,1701081195328,1,20.2536
AVAXUSDT,SELL,LIMIT,1701081437113,2,20.2062
AVAXUSDT,SELL,LIMIT,1701081438493,99,20.2076
AVAXUSDT,SELL,LIMIT,1701081439803,378,20.1797
AVAXUSDT,SELL,LIMIT,1701081450123,180,20.1939
AVAXUSDT,SELL,LIMIT,1701081451319,49,20.1855
AVAXUSDT,SELL,LIMIT,1701081452858,23,20.1795
AVAXUSDT,SELL,LIMIT,1701081453963,43,20.1728
AVAXUSDT,SELL,LIMIT,1701081456300,33,20.1697
AVAXUSDT,SELL,LIMIT,1701081487610,237,20.1648
AVAXUSDT,SELL,LIMIT,1701081490548,244,20.1543
AVAXUSDT,BUY,LIMIT,1701081499222,1,20.3673
AVAXUSDT,SELL,LIMIT,1701081609822,12,20.1566
AVAXUSDT,SELL,LIMIT,1701082023093,10,20.1751
AVAXUSDT,SELL,LIMIT,1701082212046,60,20.1787
AVAXUSDT,BUY,LIMIT,1701082561200,21,20.5361
AVAXUSDT,SELL,LIMIT,1701082658158,151,20.2076
AVAXUSDT,SELL,LIMIT,1701082674212,13,20.1998
AVAXUSDT,SELL,LIMIT,1701082687202,57,20.2049
AVAXUSDT,SELL,LIMIT,1701082692469,1,20.2020
AVAXUSDT,SELL,LIMIT,1701082699567,5,20.1916
AVAXUSDT,SELL,LIMIT,1701082705557,14,20.1861
AVAXUSDT,BUY,LIMIT,1701082845672,246,20.5718
AVAXUSDT,BUY,LIMIT,1701082850117,38,20.5772
AVAXUSDT,SELL,LIMIT,1701084664319,5,20.3046
AVAXUSDT,BUY,LIMIT,1701085048469,89,20.6308
AVAXUSDT,BUY,LIMIT,1701085854237,3,20.7100
AVAXUSDT,BUY,LIMIT,1701088890731,114,20.7323
AVAXUSDT,BUY,LIMIT,1701089260093,120,20.7791
AVAXUSDT,BUY,LIMIT,1701089266640,1,20.7996
AVAXUSDT,BUY,LIMIT,1701089269710,5,20.8048
AVAXUSDT,SELL,LIMIT,1701089863417,8,20.4441
AVAXUSDT,SELL,LIMIT,1701089873728,97,20.4289
AVAXUSDT,SELL,LIMIT,1701089876296,26,20.4222
AVAXUSDT,SELL,LIMIT,1701089930245,143,20.4052
AVAXUSDT,BUY,LIMIT,1701091162478,11,20.6095
AVAXUSDT,SELL,LIMIT,1701092758492,11,20.3659
AVAXUSDT,SELL,LIMIT,1701092888265,341,20.3748
AVAXUSDT,SELL,LIMIT,1701093108513,10,20.3204
AVAXUSDT,SELL,LIMIT,1701093109558,131,20.3140
AVAXUSDT,SELL,LIMIT,1701093116511,352,20.2909
AVAXUSDT,SELL,LIMIT,1701093119218,282,20.2906
AVAXUSDT,SELL,LIMIT,1701093135950,3,20.2793
AVAXUSDT,SELL,LIMIT,1701093137004,8,20.2681
AVAXUSDT,SELL,LIMIT,1701093138444,194,20.2723
AVAXUSDT,SELL,LIMIT,1701094400906,2,20.2922
AVAXUSDT,SELL,LIMIT,1701094483342,26,20.2539
AVAXUSDT,SELL,LIMIT,1701094484874,243,20.2484
AVAXUSDT,SELL,LIMIT,1701094498226,21,20.2444
AVAXUSDT,SELL,LIMIT,1701094516155,52,20.2283
AVAXUSDT,SELL,LIMIT,1701094559237,109,20.2096
AVAXUSDT,SELL,LIMIT,1701094571311,3,20.2021
AVAXUSDT,SELL,LIMIT,1701094574096,56,20.2011
AVAXUSDT,SELL,LIMIT,1701094576346,10,20.1899
AVAXUSDT,SELL,LIMIT,1701095007332,3,20.1882
AVAXUSDT,SELL,LIMIT,1701095093230,179,20.1793
AVAXUSDT,SELL,LIMIT,1701095105127,4,20.1727
AVAXUSDT,SELL,LIMIT,1701095378189,172,20.1574
AVAXUSDT,SELL,LIMIT,1701095383361,32,20.1517
AVAXUSDT,SELL,LIMIT,1701095384469,485,20.1352
AVAXUSDT,SELL,LIMIT,1701095543046,7,20.1433
AVAXUSDT,SELL,LIMIT,1701095544176,734,20.1138
AVAXUSDT,SELL,LIMIT,1701095550493,231,20.1310
AVAXUSDT,SELL,LIMIT,1701095553251,21,20.1269
AVAXUSDT,SELL,LIMIT,1701095612152,7,20.1306
AVAXUSDT,SELL,LIMIT,1701096201521,9,20.1211
AVAXUSDT,SELL,LIMIT,1701096210455,16,20.1105
AVAXUSDT,SELL,LIMIT,1701096226108,12,20.1067
AVAXUSDT,SELL,LIMIT,1701096282014,63,20.0994
AVAXUSDT,SELL,LIMIT,1701096286771,1,20.0981
AVAXUSDT,SELL,LIMIT,1701096466678,3,20.0891
AVAXUSDT,SELL,LIMIT,1701096472578,29,20.0750
AVAXUSDT,SELL,LIMIT,1701096474057,35,20.0734
AVAXUSDT,SELL,LIMIT,1701096723259,7,20.0965
AVAXUSDT,SELL,LIMIT,1701096774121,28,20.0746
AVAXUSDT,SELL,LIMIT,1701096963526,41,20.0618
AVAXUSDT,SELL,LIMIT,1701096964563,1,20.0565
AVAXUSDT,SELL,LIMIT,1701097015504,242,20.0585
AVAXUSDT,SELL,LIMIT,1701097019340,23,20.0495
AVAXUSDT,SELL,LIMIT,1701097020502,34,20.0527
AVAXUSDT,SELL,LIMIT,1701097027421,33,20.0470
AVAXUSDT,SELL,LIMIT,1701097030312,10,20.0363
AVAXUSDT,SELL,LIMIT,1701097034161,5,20.0356
AVAXUSDT,SELL,LIMIT,1701097036143,1199,19.9975
AVAXUSDT,SELL,LIMIT,1701097037256,15,20.0319
AVAXUSDT,SELL,LIMIT,1701097042966,93,20.0275
AVAXUSDT,SELL,LIMIT,1701097044952,1,20.0200
AVAXUSDT,SELL,LIMIT,1701097046695,4,20.0188
AVAXUSDT,SELL,LIMIT,1701097076233,2,20.0257
AVAXUSDT,SELL,LIMIT,1701097081077,46,20.0212
AVAXUSDT,SELL,LIMIT,1701097093443,25,20.0143
AVAXUSDT,SELL,LIMIT,1701097099111,246,20.0109
AVAXUSDT,SELL,LIMIT,1701097100105,18,20.0100
AVAXUSDT,SELL,LIMIT,1701097101324,8,19.9952
AVAXUSDT,SELL,LIMIT,1701097102416,9,19.9933
AVAXUSDT,BUY,LIMIT,1701097694048,6,20.3863
AVAXUSDT,BUY,LIMIT,1701098323164,115,20.4876
AVAXUSDT,SELL,LIMIT,1701100216506,28,20.1266
AVAXUSDT,SELL,LIMIT,1701100237932,4,20.1105
AVAXUSDT,SELL,LIMIT,1701100241040,61,20.0990
AVAXUSDT,SELL,LIMIT,1701100242225,71,20.0807
AVAXUSDT,SELL,LIMIT,1701100536779,64,20.1039
AVAXUSDT,SELL,LIMIT,1701100564549,1150,20.0462
AVAXUSDT,SELL,LIMIT,1701100570133,15,20.0651
AVAXUSDT,SELL,LIMIT,1701100571168,40,20.0708
AVAXUSDT,SELL,LIMIT,1701100587312,90,20.0453
AVAXUSDT,SELL,LIMIT,1701100593138,32,20.0388
AVAXUSDT,SELL,LIMIT,1701100602685,51,20.0312
AVAXUSDT,SELL,LIMIT,1701100608836,75,20.0194
AVAXUSDT,SELL,LIMIT,1701100623281,11,20.0149
AVAXUSDT,SELL,LIMIT,1701100625064,65,20.0072
AVAXUSDT,SELL,LIMIT,1701100640286,3,20.0022
AVAXUSDT,SELL,LIMIT,1701100815253,459,20.0081
AVAXUSDT,SELL,LIMIT,1701101007837,2,20.0759
AVAXUSDT,SELL,LIMIT,1701101020966,27,20.1508
AVAXUSDT,SELL,LIMIT,1701102048320,24,20.1521
AVAXUSDT,SELL,LIMIT,1701102079563,4,20.6213
AVAXUSDT,BUY,LIMIT,1701103538807,8,20.4622
AVAXUSDT,BUY,LIMIT,1701103546761,31,20.4741
AVAXUSDT,BUY,LIMIT,1701104292324,52,20.5565
AVAXUSDT,BUY,LIMIT,1701104442501,194,20.5997
AVAXUSDT,BUY,LIMIT,1701104464947,1,20.6141
AVAXUSDT,BUY,LIMIT,1701104474216,247,20.6293
AVAXUSDT,BUY,LIMIT,1701104493689,10,20.6413
AVAXUSDT,SELL,LIMIT,1701107438229,85,20.2361
AVAXUSDT,SELL,LIMIT,1701107441304,1,20.2349
AVAXUSDT,SELL,LIMIT,1701107450870,1,20.2278
AVAXUSDT,SELL,LIMIT,1701107455277,3,20.2250
AVAXUSDT,SELL,LIMIT,1701107458161,4,20.2223
AVAXUSDT,SELL,LIMIT,1701107466552,95,20.2163
AVAXUSDT,SELL,LIMIT,1701107567157,44,20.1756
AVAXUSDT,SELL,LIMIT,1701107780373,244,20.1621
AVAXUSDT,SELL,LIMIT,1701110365104,119,20.1318
AVAXUSDT,SELL,LIMIT,1701110438305,4,20.1162
AVAXUSDT,BUY,LIMIT,1701110624754,2,20.2819
AVAXUSDT,SELL,LIMIT,1701111192772,74,20.0918
AVAXUSDT,SELL,LIMIT,1701111226813,18,20.0712
AVAXUSDT,SELL,LIMIT,1701111235912,7,20.0660
AVAXUSDT,SELL,LIMIT,1701111573187,159,20.0433
AVAXUSDT,SELL,LIMIT,1701111612203,143,20.0385
AVAXUSDT,SELL,LIMIT,1701111818452,2,20.0813
AVAXUSDT,SELL,LIMIT,1701112033253,10,20.0275
AVAXUSDT,SELL,LIMIT,1701112053704,1,20.0189
AVAXUSDT,SELL,LIMIT,1701112055229,81,20.0099
AVAXUSDT,SELL,LIMIT,1701112080721,4,20.0125
AVAXUSDT,SELL,LIMIT,1701112082483,37,20.0081
AVAXUSDT,SELL,LIMIT,1701112111696,40,20.0026
AVAXUSDT,SELL,LIMIT,1701112113307,45,19.9995
AVAXUSDT,SELL,LIMIT,1701112120351,5,19.9888
AVAXUSDT,SELL,LIMIT,1701112122990,2,19.9849
AVAXUSDT,SELL,LIMIT,1701112169726,26,19.9798
AVAXUSDT,SELL,LIMIT,1701112170987,97,19.9777
AVAXUSDT,SELL,LIMIT,1701112175151,98,19.9749
AVAXUSDT,SELL,LIMIT,1701112176155,12,19.9685
AVAXUSDT,SELL,LIMIT,1701112178029,10,19.9610
AVAXUSDT,SELL,LIMIT,1701112179265,24,19.9587
AVAXUSDT,SELL,LIMIT,1701112186607,12,19.9583
AVAXUSDT,SELL,LIMIT,1701112188838,131,19.9570
AVAXUSDT,SELL,LIMIT,1701112197628,99,19.9504
AVAXUSDT,SELL,LIMIT,1701112198792,5,19.9485
AVAXUSDT,SELL,LIMIT,1701112199858,74,19.9424
AVAXUSDT,SELL,LIMIT,1701112200888,56,19.9410
AVAXUSDT,SELL,LIMIT,1701112202708,26,19.9383
AVAXUSDT,SELL,LIMIT,1701114161363,1,20.0536
AVAXUSDT,SELL,LIMIT,1701114208100,19,20.0015
AVAXUSDT,SELL,LIMIT,1701114226510,180,19.9974
AVAXUSDT,SELL,LIMIT,1701114228448,17,19.9914
AVAXUSDT,SELL,LIMIT,1701114238491,91,19.9583
AVAXUSDT,SELL,LIMIT,1701114261834,12,19.9482
AVAXUSDT,SELL,LIMIT,1701114264264,3,19.9351
AVAXUSDT,SELL,LIMIT,1701114265275,73,19.9319
AVAXUSDT,SELL,LIMIT,1701114277240,350,19.9251
AVAXUSDT,SELL,LIMIT,1701114340731,75,19.9381
AVAXUSDT,SELL,LIMIT,1701114344209,648,19.9032
AVAXUSDT,SELL,LIMIT,1701114346861,1,19.9235
AVAXUSDT,SELL,LIMIT,1701114350435,3,19.9108
AVAXUSDT,SELL,LIMIT,1701114351670,256,19.8954
AVAXUSDT,SELL,LIMIT,1701114352670,463,19.8676
AVAXUSDT,SELL,LIMIT,1701114353689,39,19.8591
AVAXUSDT,SELL,LIMIT,1701114354935,9,19.8476
AVAXUSDT,SELL,LIMIT,1701114356123,60,19.8349
AVAXUSDT,SELL,LIMIT,1701114357161,8,19.8080
AVAXUSDT,SELL,LIMIT,1701114358167,495,19.7914
AVAXUSDT,SELL,LIMIT,1701114454950,34,19.8457
AVAXUSDT,SELL,LIMIT,1701114465153,61,19.8060
AVAXUSDT,SELL,LIMIT,1701114466287,14,19.8051
AVAXUSDT,SELL,LIMIT,1701114468669,14,19.8045
AVAXUSDT,SELL,LIMIT,1701114470207,7,19.8021
AVAXUSDT,SELL,LIMIT,1701114471415,14,19.8000
AVAXUSDT,SELL,LIMIT,1701114472535,1,19.7802
AVAXUSDT,SELL,LIMIT,1701114474548,4,19.7790
AVAXUSDT,SELL,LIMIT,1701114475587,221,19.7602
AVAXUSDT,SELL,LIMIT,1701114476749,157,19.7528
AVAXUSDT,SELL,LIMIT,1701114478131,192,19.7391
AVAXUSDT,SELL,LIMIT,1701114491672,145,19.7593
AVAXUSDT,SELL,LIMIT,1701114493806,35,19.7592
AVAXUSDT,SELL,LIMIT,1701114494972,4,19.7849
AVAXUSDT,SELL,LIMIT,1701114496369,176,19.7538
AVAXUSDT,SELL,LIMIT,1701114522548,12,19.7478
AVAXUSDT,SELL,LIMIT,1701116550092,36,19.8572
AVAXUSDT,SELL,LIMIT,1701116634865,59,19.8476
AVAXUSDT,SELL,LIMIT,1701116829610,23,19.7980
AVAXUSDT,SELL,LIMIT,1701116832539,99,19.7892
AVAXUSDT,SELL,LIMIT,1701116990210,317,19.7633
AVAXUSDT,SELL,LIMIT,1701117115473,5,19.7800
AVAXUSDT,SELL,LIMIT,1701117187250,8,19.7693
AVAXUSDT,BUY,LIMIT,1701120807194,5,20.2464
AVAXUSDT,BUY,LIMIT,1701120808743,180,20.2524
AVAXUSDT,BUY,LIMIT,1701120826677,146,20.2768
AVAXUSDT,BUY,LIMIT,1701121001454,4,20.3156
AVAXUSDT,BUY,LIMIT,1701121007517,14,20.3192
AVAXUSDT,BUY,LIMIT,1701123200737,5,20.2032
AVAXUSDT,SELL,LIMIT,1701124270473,16,20.1148
AVAXUSDT,BUY,LIMIT,1701126148065,136,20.3593
AVAXUSDT,BUY,LIMIT,1701126342293,72,20.3633
AVAXUSDT,BUY,LIMIT,1701127479247,1,20.4490
AVAXUSDT,BUY,LIMIT,1701127790599,3,20.4712
AVAXUSDT,BUY,LIMIT,1701128503138,15,20.5088
AVAXUSDT,SELL,LIMIT,1701130437293,82,20.1594
AVAXUSDT,BUY,LIMIT,1701131930136,1,20.5401
AVAXUSDT,BUY,LIMIT,1701132318806,4,20.5517
AVAXUSDT,SELL,LIMIT,1701135084584,28,20.1635
AVAXUSDT,SELL,LIMIT,1701137217060,2,20.0908
AVAXUSDT,SELL,LIMIT,1701137273843,39,20.0644
AVAXUSDT,SELL,LIMIT,1701145855767,1,20.0424
AVAXUSDT,SELL,LIMIT,1701145946559,88,20.0344
AVAXUSDT,SELL,LIMIT,1701145955404,3,20.0276
AVAXUSDT,SELL,LIMIT,1701146030886,98,20.0024
AVAXUSDT,SELL,LIMIT,1701146035093,81,19.9951
AVAXUSDT,SELL,LIMIT,1701146067078,490,19.9632
AVAXUSDT,SELL,LIMIT,1701146541643,1,19.9760
AVAXUSDT,SELL,LIMIT,1701146899547,5,19.9646
AVAXUSDT,SELL,LIMIT,1701146960431,111,19.9450
AVAXUSDT,SELL,LIMIT,1701147798030,492,19.9123
AVAXUSDT,SELL,LIMIT,1701147843195,59,19.9173
AVAXUSDT,SELL,LIMIT,1701147876706,76,19.8886
AVAXUSDT,SELL,LIMIT,1701147878180,21,19.8723
AVAXUSDT,SELL,LIMIT,1701147879202,2,19.8726
AVAXUSDT,SELL,LIMIT,1701147893876,32,19.8656
AVAXUSDT,SELL,LIMIT,1701147895617,71,19.8868
AVAXUSDT,SELL,LIMIT,1701147991335,14,19.8591
AVAXUSDT,SELL,LIMIT,1701148008823,48,19.8697
AVAXUSDT,SELL,LIMIT,1701148049358,21,19.8296
AVAXUSDT,SELL,LIMIT,1701148122499,662,19.7978
AVAXUSDT,SELL,LIMIT,1701148134109,125,19.8229
AVAXUSDT,SELL,LIMIT,1701148135856,51,19.8094
AVAXUSDT,SELL,LIMIT,1701148145464,189,19.8088
AVAXUSDT,SELL,LIMIT,1701148239249,9,19.7648
AVAXUSDT,SELL,LIMIT,1701148247293,561,19.7358
AVAXUSDT,SELL,LIMIT,1701148253915,81,19.7510
AVAXUSDT,SELL,LIMIT,1701148773346,29,19.7709
AVAXUSDT,SELL,LIMIT,1701148849156,15,19.7388
AVAXUSDT,SELL,LIMIT,1701148903906,37,19.7376
AVAXUSDT,SELL,LIMIT,1701148905832,1,19.7357
AVAXUSDT,SELL,LIMIT,1701148915704,10,19.7309
AVAXUSDT,SELL,LIMIT,1701148918285,83,19.7257
AVAXUSDT,SELL,LIMIT,1701148926810,2,19.7216
AVAXUSDT,SELL,LIMIT,1701148933016,69,19.7175
AVAXUSDT,SELL,LIMIT,1701148934108,1,19.6895
AVAXUSDT,SELL,LIMIT,1701148935120,1,19.6773
AVAXUSDT,SELL,LIMIT,1701148936207,90,19.6666
AVAXUSDT,SELL,LIMIT,1701148959030,8,19.6603
AVAXUSDT,SELL,LIMIT,1701148972237,6,19.6666
AVAXUSDT,SELL,LIMIT,1701148985349,18,19.6567
AVAXUSDT,SELL,LIMIT,1701149018081,80,19.6516
AVAXUSDT,SELL,LIMIT,1701149019378,71,19.6483
AVAXUSDT,SELL,LIMIT,1701149021924,99,19.6417
AVAXUSDT,SELL,LIMIT,1701149067819,15,19.6503
AVAXUSDT,SELL,LIMIT,1701149111485,53,19.6418
AVAXUSDT,SELL,LIMIT,1701149501305,12,19.6396
AVAXUSDT,SELL,LIMIT,1701149502344,597,19.6131
AVAXUSDT,SELL,LIMIT,1701149687579,19,19.6256
AVAXUSDT,SELL,LIMIT,1701149689090,15,19.6139
AVAXUSDT,SELL,LIMIT,1701149690260,35,19.6182
AVAXUSDT,SELL,LIMIT,1701149691259,17,19.6044
AVAXUSDT,SELL,LIMIT,1701149693544,7,19.5845
AVAXUSDT,SELL,LIMIT,1701149697968,121,19.5826
AVAXUSDT,SELL,LIMIT,1701149699157,3,19.5777
AVAXUSDT,SELL,LIMIT,1701149700370,31,19.5771
AVAXUSDT,SELL,LIMIT,1701149761260,7,19.5897
AVAXUSDT,SELL,LIMIT,1701149771344,7,19.5806
AVAXUSDT,SELL,LIMIT,1701149773281,7,19.5727
AVAXUSDT,SELL,LIMIT,1701149830769,194,19.5718
AVAXUSDT,SELL,LIMIT,1701149841120,21,19.5678
AVAXUSDT,SELL,LIMIT,1701149843611,3,19.5627
AVAXUSDT,SELL,LIMIT,1701149845136,424,19.5470
AVAXUSDT,SELL,LIMIT,1701149846206,16,19.5610
AVAXUSDT,SELL,LIMIT,1701149847267,33,19.5464
AVAXUSDT,SELL,LIMIT,1701149848449,10,19.5482
AVAXUSDT,SELL,LIMIT,1701149853887,48,19.5443
AVAXUSDT,SELL,LIMIT,1701149858981,5,19.5457
AVAXUSDT,SELL,LIMIT,1701149860640,10,19.5433
AVAXUSDT,SELL,LIMIT,1701149865368,12,19.5382
AVAXUSDT,SELL,LIMIT,1701149868674,7,19.5346
AVAXUSDT,SELL,LIMIT,1701149871174,340,19.5235
AVAXUSDT,SELL,LIMIT,1701149872263,14,19.5267
AVAXUSDT,SELL,LIMIT,1701149876157,121,19.5246
AVAXUSDT,SELL,LIMIT,1701149878314,1716,19.4696
AVAXUSDT,SELL,LIMIT,1701149879522,116,19.5041
AVAXUSDT,SELL,LIMIT,1701149880565,24,19.4921
AVAXUSDT,SELL,LIMIT,1701149881655,67,19.4778
AVAXUSDT,SELL,LIMIT,1701149883491,3,19.4732
AVAXUSDT,SELL,LIMIT,1701149891627,20,19.4719
AVAXUSDT,SELL,LIMIT,1701149893063,55,19.4800
AVAXUSDT,SELL,LIMIT,1701149895296,80,19.4695
AVAXUSDT,SELL,LIMIT,1701151247040,32,19.4599
AVAXUSDT,SELL,LIMIT,1701151248104,21,19.4576
AVAXUSDT,SELL,LIMIT,1701151249195,3,19.4390
AVAXUSDT,SELL,LIMIT,1701151263084,75,19.4547
AVAXUSDT,SELL,LIMIT,1701151266870,2,19.4522
AVAXUSDT,SELL,LIMIT,1701151270801,76,19.4480
AVAXUSDT,SELL,LIMIT,1701151273582,155,19.4584
AVAXUSDT,BUY,LIMIT,1701154729678,28,19.8941
AVAXUSDT,SELL,LIMIT,1701156263277,78,19.5436
AVAXUSDT,SELL,LIMIT,1701156281444,19,19.5345
AVAXUSDT,SELL,LIMIT,1701156319076,2,19.5204
AVAXUSDT,SELL,LIMIT,1701156325840,59,19.5183
AVAXUSDT,SELL,LIMIT,1701156370745,20,19.5012
AVAXUSDT,SELL,LIMIT,1701156372761,254,19.4862
AVAXUSDT,SELL,LIMIT,1701156394165,5,19.4755
AVAXUSDT,SELL,LIMIT,1701156509244,50,19.4804
AVAXUSDT,SELL,LIMIT,1701156555900,44,19.4456
AVAXUSDT,SELL,LIMIT,1701156561260,13,19.4388
AVAXUSDT,SELL,LIMIT,1701156562377,620,19.4120
AVAXUSDT,SELL,LIMIT,1701156566195,636,19.4131
AVAXUSDT,SELL,LIMIT,1701156568061,14,19.4314
AVAXUSDT,SELL,LIMIT,1701156569282,12,19.4308
AVAXUSDT,BUY,LIMIT,1701158083755,94,19.8474
AVAXUSDT,BUY,LIMIT,1701160587333,37,19.8709
AVAXUSDT,SELL,LIMIT,1701162023394,95,19.5016
AVAXUSDT,BUY,LIMIT,1701164282454,197,19.9226
AVAXUSDT,BUY,LIMIT,1701164401761,34,19.9636
AVAXUSDT,BUY,LIMIT,1701164433232,253,19.9731
AVAXUSDT,BUY,LIMIT,1701164449768,61,19.9858
AVAXUSDT,BUY,LIMIT,1701164455865,253,19.9884
AVAXUSDT,BUY,LIMIT,1701164468047,60,20.0019
AVAXUSDT,BUY,LIMIT,1701164729224,10,20.0091
AVAXUSDT,BUY,LIMIT,1701164927324,14,20.0422
AVAXUSDT,BUY,LIMIT,1701164929154,1,20.0474
AVAXUSDT,BUY,LIMIT,1701164930971,1,20.0523
AVAXUSDT,BUY,LIMIT,1701170489138,17,20.1350
AVAXUSDT,BUY,LIMIT,1701170490286,3,20.1350
AVAXUSDT,BUY,LIMIT,1701171007343,5,20.1750
AVAXUSDT,BUY,LIMIT,1701171047264,3,20.1842
AVAXUSDT,BUY,LIMIT,1701171048996,67,20.1856
AVAXUSDT,BUY,LIMIT,1701172323947,252,20.2388
AVAXUSDT,BUY,LIMIT,1701172390284,632,20.2795
AVAXUSDT,BUY,LIMIT,1701172564192,23,20.2799
AVAXUSDT,BUY,LIMIT,1701178248291,7,20.3558
AVAXUSDT,BUY,LIMIT,1701178257166,18,20.3723
AVAXUSDT,BUY,LIMIT,1701178287175,871,20.4140
AVAXUSDT,BUY,LIMIT,1701178345212,502,20.4119
AVAXUSDT,BUY,LIMIT,1701179120154,3,20.4353
AVAXUSDT,BUY,LIMIT,1701179131296,2,20.4472
AVAXUSDT,BUY,LIMIT,1701179147126,58,20.4575
AVAXUSDT,BUY,LIMIT,1701179168460,15,20.4608
AVAXUSDT,BUY,LIMIT,1701179590678,36,20.4802
AVAXUSDT,BUY,LIMIT,1701179620798,70,20.5112
AVAXUSDT,BUY,LIMIT,1701179659637,92,20.5246
AVAXUSDT,BUY,LIMIT,1701179666144,13,20.5288
AVAXUSDT,BUY,LIMIT,1701179667487,10,20.5307
AVAXUSDT,BUY,LIMIT,1701179717087,1,20.5379
AVAXUSDT,SELL,LIMIT,1701184400413,208,20.1213
AVAXUSDT,SELL,LIMIT,1701185600822,3,20.1040
AVAXUSDT,SELL,LIMIT,1701185846364,27,20.0854
AVAXUSDT,SELL,LIMIT,1701185852104,36,20.0778
AVAXUSDT,SELL,LIMIT,1701185917092,85,19.9898
AVAXUSDT,SELL,LIMIT,1701185918133,38,20.0573
AVAXUSDT,BUY,LIMIT,1701187417882,29,20.5230
AVAXUSDT,BUY,LIMIT,1701189803525,3,20.5529
AVAXUSDT,BUY,LIMIT,1701189807397,17,20.5654
AVAXUSDT,BUY,LIMIT,1701189813135,3,20.5706
AVAXUSDT,BUY,LIMIT,1701189814319,12,20.5742
AVAXUSDT,BUY,LIMIT,1701189820670,46,20.5837
AVAXUSDT,BUY,LIMIT,1701189842145,6,20.5824
AVAXUSDT,BUY,LIMIT,1701190201860,18,20.6237
AVAXUSDT,BUY,LIMIT,1701190207217,9,20.6446
AVAXUSDT,BUY,LIMIT,1701190208298,5,20.6466
AVAXUSDT,BUY,LIMIT,1701190272728,107,20.6537
AVAXUSDT,BUY,LIMIT,1701190275287,2,20.6832
AVAXUSDT,BUY,LIMIT,1701190277395,322,20.6995
AVAXUSDT,BUY,LIMIT,1701190312344,243,20.7041
AVAXUSDT,BUY,LIMIT,1701190313351,1246,20.7541
AVAXUSDT,BUY,LIMIT,1701190316458,4,20.7215
AVAXUSDT,BUY,LIMIT,1701190348173,200,20.7320
AVAXUSDT,BUY,LIMIT,1701190354293,40,20.7393
AVAXUSDT,BUY,LIMIT,1701190531474,6,20.7452
AVAXUSDT,BUY,LIMIT,1701190533138,48,20.7565
AVAXUSDT,BUY,LIMIT,1701190534515,5,20.7580
AVAXUSDT,BUY,LIMIT,1701190915777,2,20.7870
AVAXUSDT,BUY,LIMIT,1701190933330,12,20.8010
AVAXUSDT,BUY,LIMIT,1701190955478,8,20.8088
AVAXUSDT,BUY,LIMIT,1701190957169,144,20.8121
AVAXUSDT,SELL,LIMIT,1701191241555,5,20.4301
AVAXUSDT,BUY,LIMIT,1701192066220,11,20.8363
AVAXUSDT,BUY,LIMIT,1701192068501,318,20.8454
AVAXUSDT,BUY,LIMIT,1701192143568,39,20.8256
AVAXUSDT,BUY,LIMIT,1701192154339,3,20.8462
AVAXUSDT,BUY,LIMIT,1701192173525,116,20.8583
AVAXUSDT,BUY,LIMIT,1701192272317,15,20.8732
AVAXUSDT,BUY,LIMIT,1701192281283,8,20.8877
AVAXUSDT,BUY,LIMIT,1701193133098,164,20.9029
AVAXUSDT,BUY,LIMIT,1701193283285,2,20.9245
AVAXUSDT,BUY,LIMIT,1701193289161,492,20.9487
AVAXUSDT,BUY,LIMIT,1701193492400,8,20.9541
AVAXUSDT,BUY,LIMIT,1701193504696,10,20.9632
AVAXUSDT,SELL,LIMIT,1701194820994,14,20.5922
AVAXUSDT,SELL,LIMIT,1701194891952,60,20.5585
AVAXUSDT,SELL,LIMIT,1701196215862,3,20.6551
AVAXUSDT,SELL,LIMIT,1701197404283,12,20.5534
AVAXUSDT,SELL,LIMIT,1701197423468,9,20.4860
AVAXUSDT,SELL,LIMIT,1701197424390,41,20.4913
AVAXUSDT,SELL,LIMIT,1701197537935,17,20.4659
AVAXUSDT,SELL,LIMIT,1701197558397,16,20.4606
AVAXUSDT,SELL,LIMIT,1701197560522,98,20.4602
AVAXUSDT,SELL,LIMIT,1701197568267,24,20.4541
AVAXUSDT,SELL,LIMIT,1701197572756,195,20.4520
AVAXUSDT,SELL,LIMIT,1701197576175,13,20.4397
AVAXUSDT,BUY,LIMIT,1701197850751,921,20.7767
AVAXUSDT,SELL,LIMIT,1701197853682,1,20.5458
AVAXUSDT,SELL,LIMIT,1701197857006,41,20.6410
AVAXUSDT,BUY,LIMIT,1701197862395,24,20.7545
AVAXUSDT,BUY,LIMIT,1701197977587,341,20.7551
AVAXUSDT,BUY,LIMIT,1701200474482,9,20.7724
AVAXUSDT,BUY,LIMIT,1701200494677,7,20.8696
AVAXUSDT,BUY,LIMIT,1701200496869,4,20.8738
AVAXUSDT,BUY,LIMIT,1701201306150,5,20.0598
AVAXUSDT,BUY,LIMIT,1701201376346,1,20.8346
AVAXUSDT,BUY,LIMIT,1701201635236,1,20.8061
AVAXUSDT,BUY,LIMIT,1701208416494,48,20.7535
AVAXUSDT,SELL,LIMIT,1701211895910,2,20.5412
AVAXUSDT,SELL,LIMIT,1701211906449,102,20.4517
AVAXUSDT,SELL,LIMIT,1701211973099,24,20.4287
AVAXUSDT,SELL,LIMIT,1701212003693,19,20.4102
AVAXUSDT,BUY,LIMIT,1701212999106,1,20.7736
AVAXUSDT,BUY,LIMIT,1701213416817,151,20.8812
AVAXUSDT,BUY,LIMIT,1701215867457,56,20.7740
AVAXUSDT,SELL,LIMIT,1701216966264,22,20.4695
AVAXUSDT,BUY,LIMIT,1701217206223,72,20.8805
AVAXUSDT,BUY,LIMIT,1701217222076,14,20.8928
AVAXUSDT,BUY,LIMIT,1701217226505,35,20.9022
AVAXUSDT,BUY,LIMIT,1701217241575,14,20.9102
AVAXUSDT,BUY,LIMIT,1701217286332,268,20.9344
AVAXUSDT,BUY,LIMIT,1701217295478,1,20.9423
AVAXUSDT,BUY,LIMIT,1701217460385,52,20.9509
AVAXUSDT,BUY,LIMIT,1701217463459,12,20.9568
AVAXUSDT,BUY,LIMIT,1701217486045,37,20.9811
AVAXUSDT,BUY,LIMIT,1701217927039,170,21.0023
AVAXUSDT,BUY,LIMIT,1701218033170,1,21.0132
AVAXUSDT,BUY,LIMIT,1701218037373,43,21.0191
AVAXUSDT,BUY,LIMIT,1701218040624,2,21.0276
AVAXUSDT,BUY,LIMIT,1701218049140,35,21.0334
AVAXUSDT,BUY,LIMIT,1701218052219,215,21.0350
AVAXUSDT,BUY,LIMIT,1701218055165,206,21.0412
AVAXUSDT,BUY,LIMIT,1701218056281,363,21.0603
AVAXUSDT,BUY,LIMIT,1701218090390,106,21.0564
AVAXUSDT,BUY,LIMIT,1701221410241,40,21.0477
AVAXUSDT,SELL,LIMIT,1701223234064,24,20.7125
AVAXUSDT,SELL,LIMIT,1701223361219,107,20.6896
AVAXUSDT,SELL,LIMIT,1701223422050,22,20.6540
AVAXUSDT,SELL,LIMIT,1701223521913,3,20.6387
AVAXUSDT,SELL,LIMIT,1701223571672,10,20.6293
AVAXUSDT,BUY,LIMIT,1701229925303,1,20.9222
AVAXUSDT,BUY,LIMIT,1701235093295,8,21.0497
AVAXUSDT,BUY,LIMIT,1701235120138,77,21.0648
AVAXUSDT,SELL,LIMIT,1701236282012,78,20.6572
AVAXUSDT,BUY,LIMIT,1701238157351,55,21.0390
AVAXUSDT,BUY,LIMIT,1701238298384,39,21.0266
AVAXUSDT,SELL,LIMIT,1701239347142,15,20.8164
AVAXUSDT,BUY,LIMIT,1701239912097,42,21.0946
AVAXUSDT,BUY,LIMIT,1701239915367,13,21.0964
AVAXUSDT,BUY,LIMIT,1701239929173,50,21.0933
AVAXUSDT,BUY,LIMIT,1701240046295,31,21.1076
AVAXUSDT,BUY,LIMIT,1701240047527,24,21.1150
AVAXUSDT,BUY,LIMIT,1701240052087,1,21.1373
AVAXUSDT,BUY,LIMIT,1701240068722,6,21.1548
AVAXUSDT,BUY,LIMIT,1701240119423,116,21.1536
AVAXUSDT,BUY,LIMIT,1701240135058,5,21.1604
AVAXUSDT,BUY,LIMIT,1701240223101,1,21.1694
AVAXUSDT,BUY,LIMIT,1701240238801,1,21.1874
AVAXUSDT,BUY,LIMIT,1701240245460,13,21.1898
AVAXUSDT,BUY,LIMIT,1701240370305,76,21.2021
AVAXUSDT,BUY,LIMIT,1701240373443,19,21.2161
AVAXUSDT,BUY,LIMIT,1701240375840,3,21.2243
AVAXUSDT,BUY,LIMIT,1701240430263,230,21.2482
AVAXUSDT,BUY,LIMIT,1701240431497,15,21.2644
AVAXUSDT,BUY,LIMIT,1701240447876,4,21.2758
AVAXUSDT,BUY,LIMIT,1701240453041,56,21.2755
AVAXUSDT,BUY,LIMIT,1701240473165,40,21.2873
AVAXUSDT,BUY,LIMIT,1701240491559,7,21.2936
AVAXUSDT,BUY,LIMIT,1701240519877,324,21.3150
AVAXUSDT,BUY,LIMIT,1701240522552,7,21.3086
AVAXUSDT,BUY,LIMIT,1701240572498,1,21.3147
AVAXUSDT,BUY,LIMIT,1701240599410,4,21.3334
AVAXUSDT,BUY,LIMIT,1701240601595,13,21.3377
AVAXUSDT,BUY,LIMIT,1701240617751,243,21.3490
AVAXUSDT,BUY,LIMIT,1701240623255,36,21.3565
AVAXUSDT,BUY,LIMIT,1701240624638,168,21.3670
AVAXUSDT,BUY,LIMIT,1701240644414,49,21.3779
AVAXUSDT,BUY,LIMIT,1701240646209,1205,21.4214
AVAXUSDT,BUY,LIMIT,1701240680190,238,21.3949
AVAXUSDT,BUY,LIMIT,1701240716753,6,21.4063
AVAXUSDT,BUY,LIMIT,1701240733658,889,21.4541
AVAXUSDT,BUY,LIMIT,1701240738481,4,21.4244
AVAXUSDT,BUY,LIMIT,1701240741297,9,21.4326
AVAXUSDT,BUY,LIMIT,1701240752325,1,21.4480
AVAXUSDT,BUY,LIMIT,1701241226695,90,21.4635
AVAXUSDT,BUY,LIMIT,1701241467080,12,21.4702
AVAXUSDT,BUY,LIMIT,1701241494057,210,21.4785
AVAXUSDT,BUY,LIMIT,1701241495096,5,21.4836
AVAXUSDT,BUY,LIMIT,1701241507323,12,21.4976
AVAXUSDT,BUY,LIMIT,1701241561304,15,21.5054
AVAXUSDT,SELL,LIMIT,1701243175279,234,21.1645
AVAXUSDT,SELL,LIMIT,1701243409379,33,21.0910
AVAXUSDT,SELL,LIMIT,1701243520403,45,21.0467
AVAXUSDT,SELL,LIMIT,1701243611749,1,21.0601
AVAXUSDT,BUY,LIMIT,1701243890951,49,21.3315
AVAXUSDT,SELL,LIMIT,1701244687279,36,21.0121
AVAXUSDT,BUY,LIMIT,1701244943643,50,21.3170
AVAXUSDT,BUY,LIMIT,1701245106474,73,21.2793
AVAXUSDT,BUY,LIMIT,1701246235164,234,21.3600
AVAXUSDT,BUY,LIMIT,1701246355026,2,21.4278
AVAXUSDT,BUY,LIMIT,1701246758177,29,21.3343
AVAXUSDT,BUY,LIMIT,1701246986739,44,21.4447
AVAXUSDT,BUY,LIMIT,1701247566204,16,21.5144
AVAXUSDT,BUY,LIMIT,1701247575287,7,21.5147
AVAXUSDT,BUY,LIMIT,1701247578382,78,21.5178
AVAXUSDT,BUY,LIMIT,1701247580155,236,21.5307
AVAXUSDT,BUY,LIMIT,1701247581446,396,21.5389
AVAXUSDT,BUY,LIMIT,1701247617110,201,21.5380
AVAXUSDT,BUY,LIMIT,1701247618304,76,21.5385
AVAXUSDT,BUY,LIMIT,1701247792881,215,21.5771
AVAXUSDT,BUY,LIMIT,1701247810403,2,21.5788
AVAXUSDT,BUY,LIMIT,1701247819706,39,21.5592
AVAXUSDT,BUY,LIMIT,1701247849420,19,21.5928
AVAXUSDT,BUY,LIMIT,1701247859854,1,21.5952
AVAXUSDT,BUY,LIMIT,1701247943442,514,21.6427
AVAXUSDT,BUY,LIMIT,1701248032268,1,21.6261
AVAXUSDT,BUY,LIMIT,1701248033936,7,21.6330
AVAXUSDT,BUY,LIMIT,1701248036398,39,21.6385
AVAXUSDT,BUY,LIMIT,1701248043382,57,21.6347
AVAXUSDT,BUY,LIMIT,1701248047215,51,21.6422
AVAXUSDT,BUY,LIMIT,1701248051182,3,21.6531
AVAXUSDT,BUY,LIMIT,1701248053092,10,21.6590
AVAXUSDT,BUY,LIMIT,1701248055421,7,21.6626
AVAXUSDT,BUY,LIMIT,1701248260185,14,21.6437
AVAXUSDT,BUY,LIMIT,1701248659549,4,21.5878
AVAXUSDT,BUY,LIMIT,1701248720036,190,21.5979
AVAXUSDT,BUY,LIMIT,1701248727740,33,21.6641
AVAXUSDT,BUY,LIMIT,1701248868598,5,21.6735
AVAXUSDT,SELL,LIMIT,1701249967068,7,21.3389
AVAXUSDT,SELL,LIMIT,1701250011006,16,21.2784
AVAXUSDT,SELL,LIMIT,1701250156415,28,21.2538
AVAXUSDT,SELL,LIMIT,1701250169738,1,21.2410
AVAXUSDT,SELL,LIMIT,1701250205512,7,21.2232
AVAXUSDT,SELL,LIMIT,1701250212317,232,21.2164
AVAXUSDT,SELL,LIMIT,1701250213495,13,21.2104
AVAXUSDT,SELL,LIMIT,1701250222189,12,21.1852
AVAXUSDT,SELL,LIMIT,1701250241336,3,21.1813
AVAXUSDT,SELL,LIMIT,1701250242603,13,21.1787
AVAXUSDT,SELL,LIMIT,1701252167192,21,21.1147
AVAXUSDT,SELL,LIMIT,1701252184193,112,21.0827
AVAXUSDT,SELL,LIMIT,1701252198102,172,21.0653
AVAXUSDT,SELL,LIMIT,1701252228346,43,21.0594
AVAXUSDT,SELL,LIMIT,1701252236179,85,21.0345
AVAXUSDT,SELL,LIMIT,1701252237510,234,21.0249
AVAXUSDT,SELL,LIMIT,1701253307361,42,21.0475
AVAXUSDT,SELL,LIMIT,1701253361097,34,21.0176
AVAXUSDT,SELL,LIMIT,1701253412138,2,21.0353
AVAXUSDT,SELL,LIMIT,1701253615154,161,20.9802
AVAXUSDT,SELL,LIMIT,1701253616253,30,20.9648
AVAXUSDT,SELL,LIMIT,1701254008343,58,20.9424
AVAXUSDT,SELL,LIMIT,1701254009403,13,20.9410
AVAXUSDT,SELL,LIMIT,1701254012392,22,20.9309
AVAXUSDT,SELL,LIMIT,1701254044237,7,20.9209
AVAXUSDT,SELL,LIMIT,1701254052628,2,20.9151
AVAXUSDT,SELL,LIMIT,1701254067775,38,20.8694
AVAXUSDT,SELL,LIMIT,1701254069670,465,20.8624
AVAXUSDT,SELL,LIMIT,1701254382071,45,20.8423
AVAXUSDT,SELL,LIMIT,1701254383518,22,20.8392
AVAXUSDT,SELL,LIMIT,1701254405750,1,20.8443
AVAXUSDT,SELL,LIMIT,1701254411252,3,20.8032
AVAXUSDT,SELL,LIMIT,1701254416122,53,20.7808
AVAXUSDT,SELL,LIMIT,1701254417125,90,20.7665
AVAXUSDT,SELL,LIMIT,1701254418805,20,20.7574
AVAXUSDT,SELL,LIMIT,1701254419990,21,20.7486
AVAXUSDT,SELL,LIMIT,1701254706256,7,20.7668
AVAXUSDT,BUY,LIMIT,1701257559374,32,21.1853
AVAXUSDT,BUY,LIMIT,1701257634053,46,21.2108
AVAXUSDT,BUY,LIMIT,1701257648261,132,21.2217
AVAXUSDT,BUY,LIMIT,1701258700223,32,21.2634
AVAXUSDT,BUY,LIMIT,1701258703326,238,21.2660
AVAXUSDT,BUY,LIMIT,1701258736501,19,21.2796
AVAXUSDT,BUY,LIMIT,1701258808213,2,21.3131
AVAXUSDT,BUY,LIMIT,1701259279009,10,21.3232
AVAXUSDT,BUY,LIMIT,1701259444797,32,21.3429
AVAXUSDT,BUY,LIMIT,1701259465141,121,21.3545
AVAXUSDT,SELL,LIMIT,1701259815163,3,20.9974
AVAXUSDT,SELL,LIMIT,1701260286261,58,20.9793
AVAXUSDT,SELL,LIMIT,1701260301946,8,20.9549
AVAXUSDT,BUY,LIMIT,1701261626504,237,21.3065
AVAXUSDT,BUY,LIMIT,1701264150121,92,21.1198
AVAXUSDT,SELL,LIMIT,1701264386587,7,20.8983
AVAXUSDT,SELL,LIMIT,1701264393155,17,20.8850
AVAXUSDT,SELL,LIMIT,1701264394361,236,20.8809
AVAXUSDT,SELL,LIMIT,1701264396350,10,20.8745
AVAXUSDT,SELL,LIMIT,1701264398556,66,20.8664
AVAXUSDT,SELL,LIMIT,1701264399733,53,20.8653
AVAXUSDT,SELL,LIMIT,1701264401279,3,20.8612
AVAXUSDT,SELL,LIMIT,1701264414466,55,20.8578
AVAXUSDT,SELL,LIMIT,1701264418536,13,20.8343
AVAXUSDT,BUY,LIMIT,1701266669110,47,21.2454
AVAXUSDT,BUY,LIMIT,1701266670386,12,21.1991
AVAXUSDT,BUY,LIMIT,1701266684340,9,21.2999
AVAXUSDT,BUY,LIMIT,1701266687813,8,21.3120
AVAXUSDT,BUY,LIMIT,1701267052642,1,21.3255
AVAXUSDT,SELL,LIMIT,1701268376485,8,20.8595
AVAXUSDT,SELL,LIMIT,1701269150544,34,20.8238
AVAXUSDT,SELL,LIMIT,1701269155330,12,20.8178
AVAXUSDT,SELL,LIMIT,1701269258233,37,20.8016
AVAXUSDT,SELL,LIMIT,1701269292380,237,20.7746
AVAXUSDT,SELL,LIMIT,1701269293309,3,20.7796
AVAXUSDT,SELL,LIMIT,1701270418787,227,20.8573
AVAXUSDT,SELL,LIMIT,1701270452243,253,20.8167
AVAXUSDT,SELL,LIMIT,1701270548108,5,20.8108
AVAXUSDT,SELL,LIMIT,1701270568616,44,20.7934
AVAXUSDT,SELL,LIMIT,1701270571777,42,20.7698
AVAXUSDT,SELL,LIMIT,1701270584077,1,20.7622
AVAXUSDT,SELL,LIMIT,1701270585907,34,20.7541
AVAXUSDT,SELL,LIMIT,1701270587775,33,20.7398
AVAXUSDT,SELL,LIMIT,1701270616281,44,20.6899
AVAXUSDT,SELL,LIMIT,1701270618236,1,20.6861
AVAXUSDT,BUY,LIMIT,1701271738521,141,21.0938
AVAXUSDT,BUY,LIMIT,1701271754418,2,21.1013
AVAXUSDT,BUY,LIMIT,1701272021161,18,21.1488
AVAXUSDT,BUY,LIMIT,1701272367084,1,21.2150
AVAXUSDT,BUY,LIMIT,1701272450679,6,21.2335
AVAXUSDT,BUY,LIMIT,1701273114421,46,21.2862
AVAXUSDT,BUY,LIMIT,1701273137247,141,21.3018
AVAXUSDT,BUY,LIMIT,1701273605441,6,21.3786
AVAXUSDT,BUY,LIMIT,1701273620193,213,21.3886
AVAXUSDT,BUY,LIMIT,1701273764847,1,21.4237
AVAXUSDT,BUY,LIMIT,1701273828361,475,21.4493
AVAXUSDT,BUY,LIMIT,1701273830246,143,21.4337
AVAXUSDT,BUY,LIMIT,1701273834875,1201,21.4948
AVAXUSDT,SELL,LIMIT,1701274123666,45,21.0173
AVAXUSDT,SELL,LIMIT,1701274693339,1,20.9915
AVAXUSDT,SELL,LIMIT,1701275433734,178,20.9405
AVAXUSDT,SELL,LIMIT,1701275442724,77,20.9116
AVAXUSDT,SELL,LIMIT,1701275478428,77,20.8834
AVAXUSDT,SELL,LIMIT,1701275610479,3,20.8395
AVAXUSDT,SELL,LIMIT,1701275637153,10,20.8110
AVAXUSDT,SELL,LIMIT,1701275696341,108,20.7974
AVAXUSDT,SELL,LIMIT,1701275701202,50,20.7846
AVAXUSDT,SELL,LIMIT,1701275706402,137,20.7760
AVAXUSDT,SELL,LIMIT,1701275810450,5,20.7716
AVAXUSDT,SELL,LIMIT,1701275814207,14,20.7661
AVAXUSDT,SELL,LIMIT,1701275834772,182,20.7487
AVAXUSDT,SELL,LIMIT,1701275839113,100,20.7358
AVAXUSDT,SELL,LIMIT,1701275842160,61,20.7512
AVAXUSDT,SELL,LIMIT,1701277556681,12,20.7165
AVAXUSDT,BUY,LIMIT,1701279656502,24,21.1481
AVAXUSDT,BUY,LIMIT,1701279674840,3,21.1702
AVAXUSDT,BUY,LIMIT,1701279690289,1,21.1793
AVAXUSDT,BUY,LIMIT,1701279854042,2,21.2089
AVAXUSDT,BUY,LIMIT,1701279861421,2,21.2225
AVAXUSDT,BUY,LIMIT,1701279870595,14,21.2425
AVAXUSDT,BUY,LIMIT,1701279963454,3,21.2674
AVAXUSDT,BUY,LIMIT,1701279966129,1,21.2737
AVAXUSDT,SELL,LIMIT,1701281305490,9,20.8983
AVAXUSDT,BUY,LIMIT,1701283811542,36,21.1844
AVAXUSDT,SELL,LIMIT,1701289931036,9,20.8363
AVAXUSDT,SELL,LIMIT,1701290124096,8,20.8062
AVAXUSDT,SELL,LIMIT,1701290141383,5,20.7971
AVAXUSDT,SELL,LIMIT,1701290308165,28,20.7784
AVAXUSDT,SELL,LIMIT,1701290335123,67,20.7411
AVAXUSDT,SELL,LIMIT,1701290336393,207,20.7534
AVAXUSDT,SELL,LIMIT,1701290354123,2,20.7233
AVAXUSDT,SELL,LIMIT,1701290355212,27,20.7252
AVAXUSDT,SELL,LIMIT,1701290370397,8,20.7191
AVAXUSDT,SELL,LIMIT,1701292016597,88,20.7778
AVAXUSDT,BUY,LIMIT,1701295196595,28,21.1773
AVAXUSDT,BUY,LIMIT,1701295256882,5,21.1966
AVAXUSDT,BUY,LIMIT,1701295374232,87,21.2637
AVAXUSDT,BUY,LIMIT,1701295409766,93,21.2951
AVAXUSDT,BUY,LIMIT,1701295434838,465,21.3363
AVAXUSDT,BUY,LIMIT,1701295457469,234,21.3335
AVAXUSDT,BUY,LIMIT,1701295472915,10,21.3909
AVAXUSDT,BUY,LIMIT,1701295477202,5,21.3941
AVAXUSDT,SELL,LIMIT,1701298906885,120,20.9558
AVAXUSDT,SELL,LIMIT,1701300221918,20,20.9269
AVAXUSDT,SELL,LIMIT,1701300264183,176,20.9109
AVAXUSDT,BUY,LIMIT,1701303856463,13,21.3158
AVAXUSDT,BUY,LIMIT,1701303933796,54,21.3728
AVAXUSDT,BUY,LIMIT,1701304569134,32,21.3895
AVAXUSDT,SELL,LIMIT,1701305523461,11,21.5081
AVAXUSDT,SELL,LIMIT,1701306078918,46,20.9711
AVAXUSDT,SELL,LIMIT,1701306089091,26,20.9320
AVAXUSDT,SELL,LIMIT,1701306225386,1,20.8786
AVAXUSDT,SELL,LIMIT,1701306251152,70,20.8743
AVAXUSDT,SELL,LIMIT,1701306427803,107,20.8430
AVAXUSDT,SELL,LIMIT,1701306429399,45,20.8359
AVAXUSDT,SELL,LIMIT,1701306436056,3,20.8249
AVAXUSDT,SELL,LIMIT,1701306586369,3,20.8121
AVAXUSDT,SELL,LIMIT,1701306588187,4,20.8071
AVAXUSDT,SELL,LIMIT,1701306594849,1,20.7938
AVAXUSDT,SELL,LIMIT,1701309381413,300,20.7663
AVAXUSDT,SELL,LIMIT,1701309611894,4,20.7442
AVAXUSDT,SELL,LIMIT,1701309614894,7,20.7345
AVAXUSDT,BUY,LIMIT,1701311990556,1,21.1005
AVAXUSDT,BUY,LIMIT,1701312005328,23,21.2758
AVAXUSDT,BUY,LIMIT,1701312268905,1,21.3493
AVAXUSDT,BUY,LIMIT,1701312322470,9,21.3650
AVAXUSDT,BUY,LIMIT,1701312339648,30,21.3972
AVAXUSDT,BUY,LIMIT,1701312394054,24,21.4296
AVAXUSDT,BUY,LIMIT,1701312553448,8,21.4315
AVAXUSDT,BUY,LIMIT,1701312561179,2,21.4430
AVAXUSDT,BUY,LIMIT,1701312567219,227,21.4537
AVAXUSDT,BUY,LIMIT,1701313132359,1,21.5207
AVAXUSDT,BUY,LIMIT,1701313144416,3,21.5338
AVAXUSDT,BUY,LIMIT,1701313219075,405,21.5504
AVAXUSDT,BUY,LIMIT,1701314177290,38,21.5480
AVAXUSDT,BUY,LIMIT,1701314232446,17,21.5604
AVAXUSDT,BUY,LIMIT,1701315708494,25,21.4772
AVAXUSDT,BUY,LIMIT,1701316136277,2,21.5399
AVAXUSDT,SELL,LIMIT,1701317525161,3,21.2824
AVAXUSDT,SELL,LIMIT,1701319928486,76,21.1637
AVAXUSDT,SELL,LIMIT,1701320889314,1,21.2025
AVAXUSDT,BUY,LIMIT,1701320903156,14,21.4224
AVAXUSDT,SELL,LIMIT,1701323617097,1,21.1805
AVAXUSDT,SELL,LIMIT,1701323714553,5,21.1667
AVAXUSDT,SELL,LIMIT,1701323734567,1,21.1528
AVAXUSDT,SELL,LIMIT,1701323739217,65,21.1524
AVAXUSDT,SELL,LIMIT,1701323742915,1,21.1344
AVAXUSDT,SELL,LIMIT,1701323747677,15,21.1297
AVAXUSDT,SELL,LIMIT,1701323749261,127,21.1225
AVAXUSDT,BUY,LIMIT,1701324766879,1,21.4966
AVAXUSDT,BUY,LIMIT,1701325172122,177,21.5595
AVAXUSDT,SELL,LIMIT,1701326794892,33,21.1319
AVAXUSDT,SELL,LIMIT,1701326879280,2,21.0891
AVAXUSDT,SELL,LIMIT,1701326881109,53,21.0793
AVAXUSDT,SELL,LIMIT,1701326926267,90,21.0618
AVAXUSDT,SELL,LIMIT,1701326957411,223,21.0508
AVAXUSDT,SELL,LIMIT,1701327043291,65,21.0204
AVAXUSDT,SELL,LIMIT,1701327050202,234,21.0101
AVAXUSDT,SELL,LIMIT,1701328702823,6,20.9881
AVAXUSDT,SELL,LIMIT,1701329102447,466,20.9464
AVAXUSDT,SELL,LIMIT,1701329639478,233,20.9370
AVAXUSDT,SELL,LIMIT,1701330038542,62,20.9319
AVAXUSDT,SELL,LIMIT,1701330149133,811,20.8864
AVAXUSDT,BUY,LIMIT,1701330938400,1,21.1341
AVAXUSDT,SELL,LIMIT,1701331644664,1056,20.8532
AVAXUSDT,SELL,LIMIT,1701331648050,4,20.8871
AVAXUSDT,SELL,LIMIT,1701331759693,8,20.8581
AVAXUSDT,SELL,LIMIT,1701333556108,6,20.8203
AVAXUSDT,SELL,LIMIT,1701333558040,186,20.8184
AVAXUSDT,SELL,LIMIT,1701333565927,2,20.8136
AVAXUSDT,SELL,LIMIT,1701333700884,50,20.8475
AVAXUSDT,BUY,LIMIT,1701341112073,8,21.1788
AVAXUSDT,BUY,LIMIT,1701344530495,41,21.1420
AVAXUSDT,BUY,LIMIT,1701345540236,43,21.2099
AVAXUSDT,BUY,LIMIT,1701348493692,4,21.2545
AVAXUSDT,SELL,LIMIT,1701349334333,2,20.9683
AVAXUSDT,SELL,LIMIT,1701349666770,49,20.8958
AVAXUSDT,SELL,LIMIT,1701350128163,80,20.8677
AVAXUSDT,BUY,LIMIT,1701351977348,54,21.2038
AVAXUSDT,BUY,LIMIT,1701352036042,18,21.2695
AVAXUSDT,SELL,LIMIT,1701352212323,2,20.9256
AVAXUSDT,SELL,LIMIT,1701352488050,1007,20.8427
AVAXUSDT,SELL,LIMIT,1701352508943,51,20.8602
AVAXUSDT,SELL,LIMIT,1701352525419,61,20.8408
AVAXUSDT,SELL,LIMIT,1701352936575,7,20.7963
AVAXUSDT,SELL,LIMIT,1701352944110,19,20.7742
AVAXUSDT,SELL,LIMIT,1701353002204,1,20.7632
AVAXUSDT,SELL,LIMIT,1701353004586,51,20.7479
AVAXUSDT,SELL,LIMIT,1701353010906,16,20.7458
AVAXUSDT,SELL,LIMIT,1701353012184,2,20.7451
AVAXUSDT,SELL,LIMIT,1701353013290,33,20.7390
AVAXUSDT,SELL,LIMIT,1701353016358,3,20.7348
AVAXUSDT,BUY,LIMIT,1701357247332,205,21.1361
AVAXUSDT,BUY,LIMIT,1701357261357,1,21.1377
AVAXUSDT,BUY,LIMIT,1701357412908,12,21.1892
AVAXUSDT,BUY,LIMIT,1701357600667,41,21.2147
AVAXUSDT,BUY,LIMIT,1701357610856,3,21.2252
AVAXUSDT,BUY,LIMIT,1701357811418,1,21.2496
AVAXUSDT,BUY,LIMIT,1701358342046,62,21.2771
AVAXUSDT,SELL,LIMIT,1701359413167,203,20.8997
AVAXUSDT,SELL,LIMIT,1701360311832,8,20.9241
AVAXUSDT,SELL,LIMIT,1701363593453,19,20.8725
AVAXUSDT,SELL,LIMIT,1701369729346,27,21.0937
AVAXUSDT,BUY,LIMIT,1701375946778,1,21.3008
AVAXUSDT,BUY,LIMIT,1701376052652,6,21.3040
AVAXUSDT,BUY,LIMIT,1701376131483,8,21.3300
AVAXUSDT,BUY,LIMIT,1701376220688,30,21.3367
AVAXUSDT,BUY,LIMIT,1701376314109,45,21.3467
AVAXUSDT,BUY,LIMIT,1701376470057,2,21.3525
AVAXUSDT,BUY,LIMIT,1701376667732,3,21.4059
AVAXUSDT,BUY,LIMIT,1701376809072,238,21.4406
AVAXUSDT,BUY,LIMIT,1701376821902,270,21.4475
AVAXUSDT,BUY,LIMIT,1701376881413,10,21.4457
AVAXUSDT,BUY,LIMIT,1701377667762,21,21.5225
AVAXUSDT,BUY,LIMIT,1701377960864,7,21.5677
AVAXUSDT,BUY,LIMIT,1701378072115,28,21.5785
AVAXUSDT,BUY,LIMIT,1701378110467,6,21.5818
AVAXUSDT,BUY,LIMIT,1701379869076,8,21.5853
AVAXUSDT,BUY,LIMIT,1701380046947,338,21.5990
AVAXUSDT,BUY,LIMIT,1701380057703,32,21.5991
AVAXUSDT,BUY,LIMIT,1701380101225,15,21.5994
AVAXUSDT,BUY,LIMIT,1701380178987,98,21.6073
AVAXUSDT,BUY,LIMIT,1701380180504,48,21.6137
AVAXUSDT,SELL,LIMIT,1701381680060,23,21.2076
AVAXUSDT,BUY,LIMIT,1701382423776,2,21.5612
AVAXUSDT,SELL,LIMIT,1701389377534,56,21.1746
AVAXUSDT,SELL,LIMIT,1701389380472,28,21.1673
AVAXUSDT,SELL,LIMIT,1701389615249,27,21.1510
AVAXUSDT,SELL,LIMIT,1701390316297,60,21.1378
AVAXUSDT,SELL,LIMIT,1701390341341,1,21.1330
AVAXUSDT,SELL,LIMIT,1701390363405,102,21.1272
AVAXUSDT,SELL,LIMIT,1701390381850,8,21.1137
AVAXUSDT,SELL,LIMIT,1701390389375,8,21.0867
AVAXUSDT,SELL,LIMIT,1701390390676,73,21.0816
AVAXUSDT,SELL,LIMIT,1701390392027,1,21.0745
AVAXUSDT,SELL,LIMIT,1701390397922,4,21.0725
AVAXUSDT,SELL,LIMIT,1701390464237,6,21.0624
AVAXUSDT,SELL,LIMIT,1701390585515,2,21.0505
AVAXUSDT,SELL,LIMIT,1701390587398,25,21.0495
AVAXUSDT,SELL,LIMIT,1701390626891,30,21.0392
AVAXUSDT,SELL,LIMIT,1701390632579,28,21.0328
AVAXUSDT,SELL,LIMIT,1701390671220,29,21.0728
AVAXUSDT,BUY,LIMIT,1701393520520,49,21.4026
AVAXUSDT,BUY,LIMIT,1701393618318,8,21.4547
AVAXUSDT,BUY,LIMIT,1701393669619,53,21.4678
AVAXUSDT,BUY,LIMIT,1701393745813,20,21.4873
AVAXUSDT,BUY,LIMIT,1701393748414,155,21.5027
AVAXUSDT,BUY,LIMIT,1701393789263,1,21.5519
AVAXUSDT,BUY,LIMIT,1701393811874,23,21.5561
AVAXUSDT,BUY,LIMIT,1701393876271,126,21.5972
AVAXUSDT,BUY,LIMIT,1701393879115,139,21.6939
AVAXUSDT,BUY,LIMIT,1701393880185,5,21.6513
AVAXUSDT,BUY,LIMIT,1701393905329,142,21.6871
AVAXUSDT,BUY,LIMIT,1701393908342,428,21.7145
AVAXUSDT,BUY,LIMIT,1701393910263,14,21.7085
AVAXUSDT,BUY,LIMIT,1701393912092,24,21.7255
AVAXUSDT,BUY,LIMIT,1701393913222,7,21.7146
AVAXUSDT,BUY,LIMIT,1701393915062,77,21.7532
AVAXUSDT,BUY,LIMIT,1701393927398,36,21.7601
AVAXUSDT,BUY,LIMIT,1701393928954,228,21.7823
AVAXUSDT,BUY,LIMIT,1701393972310,4,21.7880
AVAXUSDT,BUY,LIMIT,1701393973431,44,21.7869
AVAXUSDT,BUY,LIMIT,1701394006186,5,21.8694
AVAXUSDT,BUY,LIMIT,1701394007296,313,21.8400
AVAXUSDT,BUY,LIMIT,1701394008789,1061,21.9266
AVAXUSDT,BUY,LIMIT,1701394012132,51,21.8926
AVAXUSDT,BUY,LIMIT,1701394032152,25,21.9017
AVAXUSDT,BUY,LIMIT,1701394039600,9,21.9157
AVAXUSDT,BUY,LIMIT,1701394062676,55,21.9322
AVAXUSDT,BUY,LIMIT,1701394142139,53,21.9539
AVAXUSDT,BUY,LIMIT,1701394143376,165,21.9612
AVAXUSDT,BUY,LIMIT,1701394144502,12,21.9595
AVAXUSDT,BUY,LIMIT,1701394147272,12,21.9928
AVAXUSDT,BUY,LIMIT,1701394154035,17,21.9991
AVAXUSDT,BUY,LIMIT,1701394155108,230,22.0173
AVAXUSDT,BUY,LIMIT,1701394156920,217,22.0569
AVAXUSDT,BUY,LIMIT,1701394162050,2,22.0802
AVAXUSDT,BUY,LIMIT,1701394163075,2,22.0807
AVAXUSDT,BUY,LIMIT,1701394166599,22,22.0885
AVAXUSDT,BUY,LIMIT,1701394173225,180,22.0942
AVAXUSDT,BUY,LIMIT,1701394174263,12,22.0935
AVAXUSDT,BUY,LIMIT,1701394226200,1,22.1039
AVAXUSDT,BUY,LIMIT,1701394234836,258,22.1150
AVAXUSDT,BUY,LIMIT,1701394236031,15,22.1194
AVAXUSDT,BUY,LIMIT,1701394241778,16,22.1341
AVAXUSDT,BUY,LIMIT,1701394244101,252,22.1593
AVAXUSDT,BUY,LIMIT,1701394245068,38,22.1420
AVAXUSDT,BUY,LIMIT,1701394246336,1,22.1968
AVAXUSDT,BUY,LIMIT,1701394247358,275,22.1879
AVAXUSDT,BUY,LIMIT,1701394250004,112,22.2050
AVAXUSDT,BUY,LIMIT,1701394251488,69,22.2113
AVAXUSDT,BUY,LIMIT,1701394327096,29,22.2378
AVAXUSDT,BUY,LIMIT,1701394328234,2,22.2344
AVAXUSDT,BUY,LIMIT,1701394329479,4,22.2382
AVAXUSDT,SELL,LIMIT,1701395100469,26,21.7014
AVAXUSDT,BUY,LIMIT,1701395958925,22,22.1061
AVAXUSDT,BUY,LIMIT,1701395972363,54,22.1403
AVAXUSDT,BUY,LIMIT,1701396014261,2,22.1703
AVAXUSDT,BUY,LIMIT,1701396018645,100,22.1828
AVAXUSDT,BUY,LIMIT,1701396401254,227,22.2142
AVAXUSDT,BUY,LIMIT,1701396422835,35,22.2435
AVAXUSDT,BUY,LIMIT,1701399019863,51,22.2051
AVAXUSDT,BUY,LIMIT,1701399085140,280,22.2622
AVAXUSDT,BUY,LIMIT,1701400726158,1,22.2562
AVAXUSDT,BUY,LIMIT,1701400824067,130,22.2661
AVAXUSDT,BUY,LIMIT,1701400826972,1,22.2627
AVAXUSDT,BUY,LIMIT,1701401237124,5,22.2685
AVAXUSDT,BUY,LIMIT,1701401238320,2,22.2684
AVAXUSDT,BUY,LIMIT,1701401240082,22,22.2823
AVAXUSDT,BUY,LIMIT,1701401241229,457,22.2958
AVAXUSDT,BUY,LIMIT,1701402373139,8,22.3001
AVAXUSDT,BUY,LIMIT,1701402374337,211,22.3000
AVAXUSDT,BUY,LIMIT,1701402376208,1,22.3076
AVAXUSDT,BUY,LIMIT,1701402377608,59,22.3155
AVAXUSDT,BUY,LIMIT,1701402387549,710,22.3453
AVAXUSDT,BUY,LIMIT,1701402403223,1,22.3337
AVAXUSDT,BUY,LIMIT,1701402404292,78,22.3269
AVAXUSDT,BUY,LIMIT,1701402763958,63,22.3410
AVAXUSDT,BUY,LIMIT,1701402766221,37,22.3499
AVAXUSDT,BUY,LIMIT,1701402771866,63,22.3569
AVAXUSDT,BUY,LIMIT,1701402791102,71,22.3621
AVAXUSDT,BUY,LIMIT,1701402792573,13,22.3788
AVAXUSDT,BUY,LIMIT,1701402794483,1,22.3839
AVAXUSDT,BUY,LIMIT,1701402796783,396,22.3996
AVAXUSDT,BUY,LIMIT,1701402800340,1,22.4052
AVAXUSDT,BUY,LIMIT,1701402801382,48,22.3910
AVAXUSDT,BUY,LIMIT,1701402808591,513,22.4412
AVAXUSDT,BUY,LIMIT,1701402810260,2,22.4246
AVAXUSDT,BUY,LIMIT,1701402813421,85,22.4338
AVAXUSDT,BUY,LIMIT,1701402815933,129,22.4373
AVAXUSDT,BUY,LIMIT,1701402820246,24,22.4430
AVAXUSDT,BUY,LIMIT,1701402821812,59,22.4494
AVAXUSDT,BUY,LIMIT,1701403004299,127,22.4586
AVAXUSDT,BUY,LIMIT,1701403006126,86,22.4691
AVAXUSDT,BUY,LIMIT,1701403035234,40,22.4791
AVAXUSDT,BUY,LIMIT,1701403201346,66,22.4916
AVAXUSDT,BUY,LIMIT,1701403203269,1,22.5026
AVAXUSDT,BUY,LIMIT,1701403237058,66,22.5045
AVAXUSDT,BUY,LIMIT,1701403240400,4,22.5149
AVAXUSDT,BUY,LIMIT,1701403241583,67,22.5229
AVAXUSDT,BUY,LIMIT,1701403243061,92,22.5301
AVAXUSDT,BUY,LIMIT,1701403244434,14,22.5261
AVAXUSDT,BUY,LIMIT,1701403493185,93,22.5443
AVAXUSDT,BUY,LIMIT,1701403500143,56,22.5490
AVAXUSDT,BUY,LIMIT,1701403502445,212,22.5508
AVAXUSDT,BUY,LIMIT,1701403596058,19,22.5837
AVAXUSDT,BUY,LIMIT,1701403597441,51,22.5871
AVAXUSDT,BUY,LIMIT,1701403598592,5,22.5813
AVAXUSDT,BUY,LIMIT,1701403600224,64,22.5887
AVAXUSDT,BUY,LIMIT,1701403601330,11,22.5877
AVAXUSDT,BUY,LIMIT,1701403605151,10,22.5982
AVAXUSDT,BUY,LIMIT,1701403662730,1,22.6033
AVAXUSDT,BUY,LIMIT,1701403987563,8,22.5964
AVAXUSDT,BUY,LIMIT,1701404035350,6,22.6108
AVAXUSDT,BUY,LIMIT,1701404037249,8,22.6429
AVAXUSDT,BUY,LIMIT,1701404039455,59,22.6523
AVAXUSDT,BUY,LIMIT,1701404040548,2,22.6672
AVAXUSDT,BUY,LIMIT,1701404046232,595,22.7059
AVAXUSDT,BUY,LIMIT,1701404054050,180,22.7106
AVAXUSDT,BUY,LIMIT,1701404055256,9,22.7165
AVAXUSDT,BUY,LIMIT,1701404057370,1182,22.7667
AVAXUSDT,BUY,LIMIT,1701404063091,1,22.7336
AVAXUSDT,BUY,LIMIT,1701404086449,34,22.7387
AVAXUSDT,SELL,LIMIT,1701404712847,4,22.3316
AVAXUSDT,BUY,LIMIT,1701404894771,228,22.5454
AVAXUSDT,SELL,LIMIT,1701405049147,35,22.2876
AVAXUSDT,SELL,LIMIT,1701405052250,2,22.2659
AVAXUSDT,BUY,LIMIT,1701405515308,1,22.5560
AVAXUSDT,BUY,LIMIT,1701405963416,450,22.6171
AVAXUSDT,SELL,LIMIT,1701407793660,68,22.2536
AVAXUSDT,SELL,LIMIT,1701408261069,5,22.2172
AVAXUSDT,SELL,LIMIT,1701408791185,3,22.1665
AVAXUSDT,SELL,LIMIT,1701408792457,11,22.1649
AVAXUSDT,SELL,LIMIT,1701408824156,15,22.1352
AVAXUSDT,SELL,LIMIT,1701409852639,33,22.1136
AVAXUSDT,SELL,LIMIT,1701409909131,21,22.1006
AVAXUSDT,SELL,LIMIT,1701409915102,16,22.0929
AVAXUSDT,SELL,LIMIT,1701410070122,219,22.0873
AVAXUSDT,SELL,LIMIT,1701411258598,53,21.9959
AVAXUSDT,BUY,LIMIT,1701414499325,30,22.4975
AVAXUSDT,BUY,LIMIT,1701414727002,1,22.4865
AVAXUSDT,BUY,LIMIT,1701414953656,297,22.5162
AVAXUSDT,BUY,LIMIT,1701422224276,125,22.4130
AVAXUSDT,BUY,LIMIT,1701422232050,3,22.4845
AVAXUSDT,BUY,LIMIT,1701422240122,138,22.4534
AVAXUSDT,BUY,LIMIT,1701422241222,45,22.5089
AVAXUSDT,BUY,LIMIT,1701422317431,22,22.5292
AVAXUSDT,BUY,LIMIT,1701422342750,17,22.5322
AVAXUSDT,BUY,LIMIT,1701422637472,56,22.5558
AVAXUSDT,BUY,LIMIT,1701423075741,30,22.5728
AVAXUSDT,BUY,LIMIT,1701424007546,39,22.6163
AVAXUSDT,BUY,LIMIT,1701424706162,19,22.5968
AVAXUSDT,BUY,LIMIT,1701424804305,36,22.6008
AVAXUSDT,BUY,LIMIT,1701424835525,35,22.6242
AVAXUSDT,BUY,LIMIT,1701424839319,4,22.6442
AVAXUSDT,BUY,LIMIT,1701424845603,31,22.6550
AVAXUSDT,BUY,LIMIT,1701424960568,40,22.6502
AVAXUSDT,BUY,LIMIT,1701425071806,5,22.6627
AVAXUSDT,BUY,LIMIT,1701425074086,9,22.6647
AVAXUSDT,BUY,LIMIT,1701425080190,19,22.6710
AVAXUSDT,BUY,LIMIT,1701425084736,13,22.6779
AVAXUSDT,SELL,LIMIT,1701425954303,9,22.2581
