Symbol,Side,Order Type,Time,Quantity,Price
AVAXUSDT,SELL,LIMIT,1701915090006,5,25.9703
AVAXUSDT,SELL,LIMIT,1701915455393,69,25.9127
AVAXUSDT,SELL,LIMIT,1701915545812,1,25.8928
AVAXUSDT,SELL,LIMIT,1701915782624,108,25.8519
AVAXUSDT,SELL,LIMIT,1701915977007,1,25.8228
AVAXUSDT,BUY,LIMIT,1701916920180,68,26.3038
AVAXUSDT,BUY,LIMIT,1701917394673,18,26.3730
AVAXUSDT,SELL,LIMIT,1701918563552,7,25.8402
AVAXUSDT,SELL,LIMIT,1701918946068,1,26.0630
AVAXUSDT,BUY,LIMIT,1701920857778,9,26.4432
AVAXUSDT,BUY,LIMIT,1701921024741,128,26.4808
AVAXUSDT,BUY,LIMIT,1701921896509,3,26.5734
AVAXUSDT,BUY,LIMIT,1701921978350,189,26.6214
AVAXUSDT,BUY,LIMIT,1701922073349,6,26.6271
AVAXUSDT,BUY,LIMIT,1701923848316,30,26.5485
AVAXUSDT,BUY,LIMIT,1701924120567,2,26.6711
AVAXUSDT,BUY,LIMIT,1701924124196,11,26.6962
AVAXUSDT,BUY,LIMIT,1701924194368,2,26.7421
AVAXUSDT,BUY,LIMIT,1701924212189,5,26.7534
AVAXUSDT,BUY,LIMIT,1701924279012,21,26.7711
AVAXUSDT,BUY,LIMIT,1701924357005,1,26.7492
AVAXUSDT,BUY,LIMIT,1701925668398,6,26.8309
AVAXUSDT,BUY,LIMIT,1701925693771,69,26.8374
AVAXUSDT,BUY,LIMIT,1701926637426,57,26.8822
AVAXUSDT,BUY,LIMIT,1701926648137,77,26.9144
AVAXUSDT,BUY,LIMIT,1701926650302,7,26.9279
AVAXUSDT,BUY,LIMIT,1701926681637,10,26.9541
AVAXUSDT,BUY,LIMIT,1701926734507,100,26.9826
AVAXUSDT,BUY,LIMIT,1701926934156,15,26.9867
AVAXUSDT,BUY,LIMIT,1701926938347,177,26.9925
AVAXUSDT,BUY,LIMIT,1701926941766,7,27.0175
AVAXUSDT,BUY,LIMIT,1701926962788,3,27.0360
AVAXUSDT,BUY,LIMIT,1701926968339,51,27.0500
AVAXUSDT,BUY,LIMIT,1701926973349,187,27.0613
AVAXUSDT,BUY,LIMIT,1701926985362,9,27.0784
AVAXUSDT,BUY,LIMIT,1701926987748,5,27.0860
AVAXUSDT,BUY,LIMIT,1701927330716,1,27.1300
AVAXUSDT,BUY,LIMIT,1701927333296,3,27.1474
AVAXUSDT,BUY,LIMIT,1701927621071,12,27.0576
AVAXUSDT,BUY,LIMIT,1701928385116,106,27.1717
AVAXUSDT,BUY,LIMIT,1701928386213,51,27.1591
AVAXUSDT,BUY,LIMIT,1701928459260,191,27.2121
AVAXUSDT,BUY,LIMIT,1701928518472,11,27.2393
AVAXUSDT,SELL,LIMIT,1701929067174,11,26.7328
AVAXUSDT,SELL,LIMIT,1701930054291,1,26.5715
AVAXUSDT,SELL,LIMIT,1701930062544,47,26.5518
AVAXUSDT,SELL,LIMIT,1701930325772,3,26.5173
AVAXUSDT,SELL,LIMIT,1701930340414,9,26.4982
AVAXUSDT,SELL,LIMIT,1701930770895,185,26.4438
AVAXUSDT,BUY,LIMIT,1701930786176,28,26.7188
AVAXUSDT,SELL,LIMIT,1701930889349,21,26.4295
AVAXUSDT,SELL,LIMIT,1701931561915,56,26.3888
AVAXUSDT,SELL,LIMIT,1701931578222,93,26.3430
AVAXUSDT,SELL,LIMIT,1701931584270,37,26.3008
AVAXUSDT,SELL,LIMIT,1701931615130,42,26.2995
AVAXUSDT,SELL,LIMIT,1701931660483,2,26.2808
AVAXUSDT,SELL,LIMIT,1701931805225,1,26.2534
AVAXUSDT,SELL,LIMIT,1701931807499,12,26.2432
AVAXUSDT,SELL,LIMIT,1701932376524,54,26.2214
AVAXUSDT,SELL,LIMIT,1701932378195,17,26.2120
AVAXUSDT,SELL,LIMIT,1701933023292,200,26.2033
AVAXUSDT,BUY,LIMIT,1701935063561,13,26.7950
AVAXUSDT,BUY,LIMIT,1701936174907,188,26.8952
AVAXUSDT,SELL,LIMIT,1701936905387,32,26.3599
AVAXUSDT,SELL,LIMIT,1701936907617,1,26.3452
AVAXUSDT,SELL,LIMIT,1701936914525,2,26.3164
AVAXUSDT,SELL,LIMIT,1701936977016,60,26.2633
AVAXUSDT,SELL,LIMIT,1701937386525,6,26.2401
AVAXUSDT,SELL,LIMIT,1701937391915,33,26.2173
AVAXUSDT,SELL,LIMIT,1701937393966,1,26.2058
AVAXUSDT,SELL,LIMIT,1701937398081,113,26.1805
AVAXUSDT,SELL,LIMIT,1701937466682,3,26.1761
AVAXUSDT,SELL,LIMIT,1701937468351,14,26.1678
AVAXUSDT,SELL,LIMIT,1701937473811,18,26.1494
AVAXUSDT,SELL,LIMIT,1701937477488,256,26.1313
AVAXUSDT,SELL,LIMIT,1701937480983,10,26.1294
AVAXUSDT,SELL,LIMIT,1701937485836,55,26.1236
AVAXUSDT,SELL,LIMIT,1701937492408,37,26.1336
AVAXUSDT,SELL,LIMIT,1701937495538,2,26.1190
AVAXUSDT,SELL,LIMIT,1701937745310,11,26.1337
AVAXUSDT,SELL,LIMIT,1701937820483,55,26.1385
AVAXUSDT,SELL,LIMIT,1701937905777,54,26.1179
AVAXUSDT,SELL,LIMIT,1701937908372,29,26.1140
AVAXUSDT,SELL,LIMIT,1701937910240,16,26.1053
AVAXUSDT,SELL,LIMIT,1701937911301,56,26.0989
AVAXUSDT,SELL,LIMIT,1701938127027,65,26.2136
AVAXUSDT,SELL,LIMIT,1701939314673,38,26.3766
AVAXUSDT,SELL,LIMIT,1701939359426,17,26.3264
AVAXUSDT,SELL,LIMIT,1701939360497,13,26.2365
AVAXUSDT,SELL,LIMIT,1701939367244,29,26.2054
AVAXUSDT,SELL,LIMIT,1701939372880,188,26.1933
AVAXUSDT,SELL,LIMIT,1701939394384,47,26.1730
AVAXUSDT,SELL,LIMIT,1701939404538,5,26.1727
AVAXUSDT,SELL,LIMIT,1701939453708,99,26.1432
AVAXUSDT,SELL,LIMIT,1701939455340,30,26.1410
AVAXUSDT,SELL,LIMIT,1701939472760,40,26.1009
AVAXUSDT,SELL,LIMIT,1701939479118,15,26.0813
AVAXUSDT,SELL,LIMIT,1701939480153,1,26.0894
AVAXUSDT,SELL,LIMIT,1701939569087,2,26.0673
AVAXUSDT,SELL,LIMIT,1701939572739,1,26.0412
AVAXUSDT,BUY,LIMIT,1701939801245,48,26.5840
AVAXUSDT,SELL,LIMIT,1701939953109,91,26.2203
AVAXUSDT,SELL,LIMIT,1701939968988,18,26.2230
AVAXUSDT,SELL,LIMIT,1701940011479,5,26.1641
AVAXUSDT,SELL,LIMIT,1701940450231,36,26.1544
AVAXUSDT,SELL,LIMIT,1701940453543,14,26.1235
AVAXUSDT,SELL,LIMIT,1701940475100,2,26.1019
AVAXUSDT,SELL,LIMIT,1701940522712,27,26.0927
AVAXUSDT,SELL,LIMIT,1701940554273,10,26.0611
AVAXUSDT,SELL,LIMIT,1701940556315,303,26.0247
AVAXUSDT,SELL,LIMIT,1701940558779,7,26.0577
AVAXUSDT,SELL,LIMIT,1701940561843,17,26.0442
AVAXUSDT,SELL,LIMIT,1701940563116,2,26.0342
AVAXUSDT,SELL,LIMIT,1701940564359,1,26.0300
AVAXUSDT,SELL,LIMIT,1701940565493,29,26.0250
AVAXUSDT,SELL,LIMIT,1701940568298,189,25.9854
AVAXUSDT,BUY,LIMIT,1701940825573,133,26.5262
AVAXUSDT,BUY,LIMIT,1701940829582,14,26.5564
AVAXUSDT,BUY,LIMIT,1701940832395,190,26.5725
AVAXUSDT,BUY,LIMIT,1701940855007,190,26.6206
AVAXUSDT,BUY,LIMIT,1701940860165,5,26.6258
AVAXUSDT,BUY,LIMIT,1701940869271,77,26.6871
AVAXUSDT,SELL,LIMIT,1701941038607,18,26.2760
AVAXUSDT,SELL,LIMIT,1701941070840,145,26.2498
AVAXUSDT,SELL,LIMIT,1701941153426,1,26.2503
AVAXUSDT,SELL,LIMIT,1701941177430,5,26.1606
AVAXUSDT,SELL,LIMIT,1701941180146,23,26.1630
AVAXUSDT,SELL,LIMIT,1701941184219,185,26.1161
AVAXUSDT,SELL,LIMIT,1701941186249,29,26.0982
AVAXUSDT,SELL,LIMIT,1701941187469,5,26.0816
AVAXUSDT,SELL,LIMIT,1701941189462,7,26.0798
AVAXUSDT,SELL,LIMIT,1701941190949,79,26.0509
AVAXUSDT,SELL,LIMIT,1701941192071,46,26.0229
AVAXUSDT,SELL,LIMIT,1701941207407,200,26.0829
AVAXUSDT,SELL,LIMIT,1701941238209,50,26.0342
AVAXUSDT,SELL,LIMIT,1701941245415,1,26.0272
AVAXUSDT,SELL,LIMIT,1701941247145,22,26.0564
AVAXUSDT,BUY,LIMIT,1701941530370,3,26.5796
AVAXUSDT,BUY,LIMIT,1701941532229,110,26.5950
AVAXUSDT,BUY,LIMIT,1701941558406,190,26.6668
AVAXUSDT,BUY,LIMIT,1701941560074,3,26.6778
AVAXUSDT,BUY,LIMIT,1701941586345,3,26.7468
AVAXUSDT,BUY,LIMIT,1701941588293,1,26.7518
AVAXUSDT,BUY,LIMIT,1701941589754,15,26.7578
AVAXUSDT,BUY,LIMIT,1701941648412,84,26.7878
AVAXUSDT,BUY,LIMIT,1701941689173,2,26.8905
AVAXUSDT,BUY,LIMIT,1701941693399,24,26.9036
AVAXUSDT,BUY,LIMIT,1701941694739,11,26.9114
AVAXUSDT,BUY,LIMIT,1701941724450,134,26.9780
AVAXUSDT,BUY,LIMIT,1701941726268,33,26.9914
AVAXUSDT,BUY,LIMIT,1701941727275,6,27.0093
AVAXUSDT,BUY,LIMIT,1701941728880,120,27.0209
AVAXUSDT,BUY,LIMIT,1701941731333,18,27.0402
AVAXUSDT,BUY,LIMIT,1701941745871,50,27.0831
AVAXUSDT,BUY,LIMIT,1701941765197,39,27.0874
AVAXUSDT,BUY,LIMIT,1701941769075,1,27.0929
AVAXUSDT,BUY,LIMIT,1701941770458,122,27.1154
AVAXUSDT,BUY,LIMIT,1701941771509,552,27.1499
AVAXUSDT,BUY,LIMIT,1701941773150,6,27.1278
AVAXUSDT,BUY,LIMIT,1701941774198,1,27.1253
AVAXUSDT,BUY,LIMIT,1701941777544,8,27.1441
AVAXUSDT,BUY,LIMIT,1701941780174,4,27.1535
AVAXUSDT,BUY,LIMIT,1701941784121,6,27.1633
AVAXUSDT,BUY,LIMIT,1701941793981,5,27.1837
AVAXUSDT,BUY,LIMIT,1701941795322,139,27.1932
AVAXUSDT,BUY,LIMIT,1701941796536,22,27.2115
AVAXUSDT,SELL,LIMIT,1701941849487,2,26.7017
AVAXUSDT,BUY,LIMIT,1701941992781,104,27.2235
AVAXUSDT,BUY,LIMIT,1701941999927,1,27.2356
AVAXUSDT,BUY,LIMIT,1701942004982,242,27.2567
AVAXUSDT,BUY,LIMIT,1701942007784,2,27.2725
AVAXUSDT,BUY,LIMIT,1701942010432,1,27.2859
AVAXUSDT,BUY,LIMIT,1701942011470,21,27.3010
AVAXUSDT,BUY,LIMIT,1701942014325,23,27.3176
AVAXUSDT,BUY,LIMIT,1701942017401,61,27.3278
AVAXUSDT,BUY,LIMIT,1701942019130,1,27.3414
AVAXUSDT,BUY,LIMIT,1701942020236,3,27.3342
AVAXUSDT,BUY,LIMIT,1701942021265,6,27.3724
AVAXUSDT,BUY,LIMIT,1701942022274,538,27.3872
AVAXUSDT,BUY,LIMIT,1701942023524,168,27.3780
AVAXUSDT,BUY,LIMIT,1701942026080,5,27.3936
AVAXUSDT,BUY,LIMIT,1701942027247,1,27.4149
AVAXUSDT,BUY,LIMIT,1701942176674,1,27.3326
AVAXUSDT,SELL,LIMIT,1701942324035,1,26.8575
AVAXUSDT,SELL,LIMIT,1701942325439,28,26.8290
AVAXUSDT,SELL,LIMIT,1701942327108,10,26.8050
AVAXUSDT,BUY,LIMIT,1701942351023,93,27.2867
AVAXUSDT,BUY,LIMIT,1701942423223,121,27.4280
AVAXUSDT,BUY,LIMIT,1701942425328,1,27.4416
AVAXUSDT,BUY,LIMIT,1701942426357,174,27.4665
AVAXUSDT,BUY,LIMIT,1701942446521,157,27.4921
AVAXUSDT,BUY,LIMIT,1701942454065,152,27.5012
AVAXUSDT,BUY,LIMIT,1701942455493,5,27.5038
AVAXUSDT,BUY,LIMIT,1701942456553,22,27.5233
AVAXUSDT,BUY,LIMIT,1701942459469,4,27.5246
AVAXUSDT,BUY,LIMIT,1701942506029,4,27.5468
AVAXUSDT,BUY,LIMIT,1701942507254,5,27.5668
AVAXUSDT,BUY,LIMIT,1701942508274,1,27.6135
AVAXUSDT,BUY,LIMIT,1701942531092,82,27.6365
AVAXUSDT,BUY,LIMIT,1701942532386,4,27.6869
AVAXUSDT,BUY,LIMIT,1701942534102,42,27.7092
AVAXUSDT,BUY,LIMIT,1701942548274,14,27.7296
AVAXUSDT,BUY,LIMIT,1701942550301,3,27.7469
AVAXUSDT,BUY,LIMIT,1701942554740,62,27.7598
AVAXUSDT,BUY,LIMIT,1701942557046,29,27.7860
AVAXUSDT,BUY,LIMIT,1701942562144,82,27.7989
AVAXUSDT,BUY,LIMIT,1701942564232,101,27.8055
AVAXUSDT,BUY,LIMIT,1701942565388,19,27.8095
AVAXUSDT,BUY,LIMIT,1701942566776,4,27.8213
AVAXUSDT,BUY,LIMIT,1701942661108,3,27.8396
AVAXUSDT,BUY,LIMIT,1701942662159,859,27.8950
AVAXUSDT,BUY,LIMIT,1701942663222,105,27.8659
AVAXUSDT,BUY,LIMIT,1701942973070,2,27.7911
AVAXUSDT,BUY,LIMIT,1701942975150,23,27.8359
AVAXUSDT,BUY,LIMIT,1701942979602,108,27.8631
AVAXUSDT,BUY,LIMIT,1701942981903,34,27.8725
AVAXUSDT,BUY,LIMIT,1701942983115,21,27.8946
AVAXUSDT,BUY,LIMIT,1701942985060,58,27.9116
AVAXUSDT,BUY,LIMIT,1701942986119,12,27.9055
AVAXUSDT,BUY,LIMIT,1701942988182,65,27.9181
AVAXUSDT,BUY,LIMIT,1701943002376,1,27.9149
AVAXUSDT,BUY,LIMIT,1701943009344,155,27.9278
AVAXUSDT,BUY,LIMIT,1701943011084,3,27.9519
AVAXUSDT,BUY,LIMIT,1701943012190,6,27.9530
AVAXUSDT,BUY,LIMIT,1701943013808,12,27.9580
AVAXUSDT,BUY,LIMIT,1701943120361,13,27.9695
AVAXUSDT,BUY,LIMIT,1701943121366,4,27.9726
AVAXUSDT,BUY,LIMIT,1701943128566,16,27.9727
AVAXUSDT,BUY,LIMIT,1701943129821,46,27.9770
AVAXUSDT,BUY,LIMIT,1701943132166,10,28.0127
AVAXUSDT,BUY,LIMIT,1701943133379,67,28.0000
AVAXUSDT,BUY,LIMIT,1701943137155,2,28.0179
AVAXUSDT,BUY,LIMIT,1701943256292,1,28.0323
AVAXUSDT,SELL,LIMIT,1701943373150,7,27.4877
AVAXUSDT,SELL,LIMIT,1701943375170,20,27.4643
AVAXUSDT,SELL,LIMIT,1701943412281,72,27.4382
AVAXUSDT,SELL,LIMIT,1701943604152,150,27.3532
AVAXUSDT,SELL,LIMIT,1701943606079,180,27.3364
AVAXUSDT,SELL,LIMIT,1701943607328,96,27.3151
AVAXUSDT,SELL,LIMIT,1701943615548,40,27.3129
AVAXUSDT,SELL,LIMIT,1701943617061,138,27.2850
AVAXUSDT,SELL,LIMIT,1701943618959,43,27.2835
AVAXUSDT,SELL,LIMIT,1701943666773,12,27.2565
AVAXUSDT,SELL,LIMIT,1701943668522,11,27.2438
AVAXUSDT,SELL,LIMIT,1701943673077,49,27.2331
AVAXUSDT,SELL,LIMIT,1701943834222,11,27.2301
AVAXUSDT,SELL,LIMIT,1701943839800,66,27.2175
AVAXUSDT,SELL,LIMIT,1701943894740,1,27.2033
AVAXUSDT,SELL,LIMIT,1701943926320,10,27.1426
AVAXUSDT,SELL,LIMIT,1701943928819,30,27.1285
AVAXUSDT,SELL,LIMIT,1701944035849,29,27.0324
AVAXUSDT,BUY,LIMIT,1701945169026,12,27.5666
AVAXUSDT,BUY,LIMIT,1701945170299,4,27.5754
AVAXUSDT,BUY,LIMIT,1701945208645,10,27.6625
AVAXUSDT,BUY,LIMIT,1701945209993,177,27.6678
AVAXUSDT,BUY,LIMIT,1701945218080,10,27.7126
AVAXUSDT,BUY,LIMIT,1701945241132,367,27.7539
AVAXUSDT,BUY,LIMIT,1701945395152,2,27.7696
AVAXUSDT,SELL,LIMIT,1701945557582,1,27.2498
AVAXUSDT,SELL,LIMIT,1701945591226,146,27.2186
AVAXUSDT,SELL,LIMIT,1701945614341,5,27.2001
AVAXUSDT,SELL,LIMIT,1701945675146,55,27.1799
AVAXUSDT,SELL,LIMIT,1701946512161,38,27.1615
AVAXUSDT,SELL,LIMIT,1701946521537,27,27.1180
AVAXUSDT,BUY,LIMIT,1701946965199,51,27.6367
AVAXUSDT,SELL,LIMIT,1701947401416,7,27.1080
AVAXUSDT,SELL,LIMIT,1701947552957,61,27.0540
AVAXUSDT,SELL,LIMIT,1701947993154,1,27.0008
AVAXUSDT,SELL,LIMIT,1701947996142,92,26.9669
AVAXUSDT,SELL,LIMIT,1701948731089,8,26.9473
AVAXUSDT,SELL,LIMIT,1701948734074,18,26.8860
AVAXUSDT,SELL,LIMIT,1701948735130,6,26.9150
AVAXUSDT,SELL,LIMIT,1701948739243,136,26.8597
AVAXUSDT,SELL,LIMIT,1701948740416,1,26.8554
AVAXUSDT,SELL,LIMIT,1701948753975,10,26.8151
AVAXUSDT,SELL,LIMIT,1701948853887,5,26.8019
AVAXUSDT,SELL,LIMIT,1701948855076,182,26.7463
AVAXUSDT,SELL,LIMIT,1701948856310,94,26.7430
AVAXUSDT,SELL,LIMIT,1701948903992,18,26.7173
AVAXUSDT,SELL,LIMIT,1701948906079,63,26.7029
AVAXUSDT,SELL,LIMIT,1701948908907,3,26.6928
AVAXUSDT,SELL,LIMIT,1701948922089,37,26.6858
AVAXUSDT,SELL,LIMIT,1701948927237,23,26.6806
AVAXUSDT,SELL,LIMIT,1701948935318,184,26.6574
AVAXUSDT,SELL,LIMIT,1701948938251,173,26.6468
AVAXUSDT,SELL,LIMIT,1701948953215,62,26.5845
AVAXUSDT,SELL,LIMIT,1701948954420,217,26.6235
AVAXUSDT,SELL,LIMIT,1701948956993,1,26.5816
AVAXUSDT,SELL,LIMIT,1701948964507,22,26.5792
AVAXUSDT,SELL,LIMIT,1701948967837,108,26.5795
AVAXUSDT,SELL,LIMIT,1701949097471,55,26.5028
AVAXUSDT,SELL,LIMIT,1701949102174,2,26.4775
AVAXUSDT,SELL,LIMIT,1701949113381,3,26.4563
AVAXUSDT,SELL,LIMIT,1701949117483,11,26.4450
AVAXUSDT,SELL,LIMIT,1701949119156,6,26.4342
AVAXUSDT,SELL,LIMIT,1701949126154,64,26.4169
AVAXUSDT,SELL,LIMIT,1701949127198,1,26.4191
AVAXUSDT,SELL,LIMIT,1701949154278,186,26.4075
AVAXUSDT,SELL,LIMIT,1701949188203,3,26.3919
AVAXUSDT,SELL,LIMIT,1701949191444,11,26.3667
AVAXUSDT,SELL,LIMIT,1701949192830,371,26.3410
AVAXUSDT,SELL,LIMIT,1701949194525,66,26.3576
AVAXUSDT,SELL,LIMIT,1701949205017,1017,26.2748
AVAXUSDT,SELL,LIMIT,1701949206268,79,26.2915
AVAXUSDT,SELL,LIMIT,1701949207917,1169,26.2040
AVAXUSDT,SELL,LIMIT,1701949396165,23,26.2432
AVAXUSDT,SELL,LIMIT,1701949397389,1,26.2396
AVAXUSDT,SELL,LIMIT,1701950553216,567,26.2022
AVAXUSDT,SELL,LIMIT,1701950581325,169,26.2219
AVAXUSDT,SELL,LIMIT,1701950582861,9,26.2157
AVAXUSDT,SELL,LIMIT,1701950584729,141,26.2074
AVAXUSDT,SELL,LIMIT,1701950596298,13,26.2022
AVAXUSDT,SELL,LIMIT,1701950631901,97,26.2023
AVAXUSDT,SELL,LIMIT,1701950651708,87,26.2132
AVAXUSDT,SELL,LIMIT,1701950676310,10,26.1715
AVAXUSDT,BUY,LIMIT,1701952303798,10,26.8209
AVAXUSDT,BUY,LIMIT,1701952362087,1,26.8775
AVAXUSDT,BUY,LIMIT,1701953214639,77,27.0619
AVAXUSDT,BUY,LIMIT,1701953467362,16,27.0665
AVAXUSDT,BUY,LIMIT,1701953976589,1,26.9521
AVAXUSDT,SELL,LIMIT,1701954416162,19,26.5588
AVAXUSDT,SELL,LIMIT,1701954527622,185,26.5361
AVAXUSDT,SELL,LIMIT,1701954584343,109,26.4291
AVAXUSDT,SELL,LIMIT,1701954924776,11,26.4051
AVAXUSDT,SELL,LIMIT,1701954928665,73,26.4001
AVAXUSDT,SELL,LIMIT,1701955360897,186,26.3786
AVAXUSDT,SELL,LIMIT,1701955411506,1,26.3515
AVAXUSDT,SELL,LIMIT,1701955418684,11,26.3291
AVAXUSDT,SELL,LIMIT,1701956572595,89,26.3252
AVAXUSDT,SELL,LIMIT,1701956591609,76,26.2959
AVAXUSDT,SELL,LIMIT,1701956614302,1,26.2772
AVAXUSDT,SELL,LIMIT,1701956883614,8,26.2293
AVAXUSDT,SELL,LIMIT,1701956892757,5,26.1877
AVAXUSDT,SELL,LIMIT,1701956905039,537,26.0812
AVAXUSDT,SELL,LIMIT,1701956906296,5,26.1662
AVAXUSDT,SELL,LIMIT,1701956922090,6,26.0964
AVAXUSDT,SELL,LIMIT,1701956923385,28,26.0820
AVAXUSDT,SELL,LIMIT,1701956956822,8,26.0664
AVAXUSDT,SELL,LIMIT,1701956961171,20,26.0530
AVAXUSDT,SELL,LIMIT,1701956969151,8,26.0458
AVAXUSDT,SELL,LIMIT,1701957032562,5,26.0389
AVAXUSDT,SELL,LIMIT,1701958622738,79,26.0244
AVAXUSDT,SELL,LIMIT,1701958625348,62,26.0166
AVAXUSDT,SELL,LIMIT,1701958626357,72,26.0154
AVAXUSDT,SELL,LIMIT,1701958628560,12,26.0124
AVAXUSDT,SELL,LIMIT,1701958654707,8,26.0006
AVAXUSDT,SELL,LIMIT,1701958657376,44,25.9931
AVAXUSDT,SELL,LIMIT,1701958658823,142,25.9864
AVAXUSDT,SELL,LIMIT,1701958736016,11,25.9784
AVAXUSDT,SELL,LIMIT,1701958740397,2,25.9754
AVAXUSDT,SELL,LIMIT,1701958743625,549,25.9346
AVAXUSDT,SELL,LIMIT,1701958745509,368,25.9371
AVAXUSDT,SELL,LIMIT,1701958746537,38,25.9264
AVAXUSDT,SELL,LIMIT,1701958762045,2,25.8623
AVAXUSDT,SELL,LIMIT,1701958788452,37,25.8453
AVAXUSDT,SELL,LIMIT,1701958789498,35,25.8372
AVAXUSDT,SELL,LIMIT,1701958790853,1,25.8355
AVAXUSDT,SELL,LIMIT,1701958797567,2,25.8082
AVAXUSDT,SELL,LIMIT,1701958798913,9,25.8029
AVAXUSDT,SELL,LIMIT,1701958800475,102,25.7883
AVAXUSDT,BUY,LIMIT,1701959576113,110,26.5108
AVAXUSDT,BUY,LIMIT,1701959718007,36,26.4209
AVAXUSDT,BUY,LIMIT,1701959720168,7,26.5531
AVAXUSDT,SELL,LIMIT,1701960172458,16,26.0280
AVAXUSDT,BUY,LIMIT,1701961307072,9,26.5244
AVAXUSDT,BUY,LIMIT,1701961324546,7,26.5601
AVAXUSDT,BUY,LIMIT,1701961413232,18,26.5931
AVAXUSDT,BUY,LIMIT,1701962457279,2,26.6357
AVAXUSDT,BUY,LIMIT,1701962493089,34,26.6851
AVAXUSDT,BUY,LIMIT,1701962522455,3,26.7378
AVAXUSDT,BUY,LIMIT,1701962832265,2,26.6405
AVAXUSDT,BUY,LIMIT,1701962939764,4,26.7354
AVAXUSDT,BUY,LIMIT,1701963021376,1,26.7625
AVAXUSDT,BUY,LIMIT,1701963033388,68,26.7702
AVAXUSDT,BUY,LIMIT,1701963438586,1,26.7163
AVAXUSDT,BUY,LIMIT,1701963599811,11,26.7538
AVAXUSDT,BUY,LIMIT,1701963699102,85,26.8706
AVAXUSDT,BUY,LIMIT,1701963726747,142,26.8973
AVAXUSDT,BUY,LIMIT,1701963731725,39,26.9097
AVAXUSDT,BUY,LIMIT,1701963865136,40,26.9406
AVAXUSDT,BUY,LIMIT,1701964059454,39,26.8443
AVAXUSDT,BUY,LIMIT,1701964504067,2,26.9667
AVAXUSDT,BUY,LIMIT,1701964512951,4,26.9731
AVAXUSDT,BUY,LIMIT,1701964527317,45,26.9813
AVAXUSDT,BUY,LIMIT,1701964534206,14,27.0254
AVAXUSDT,BUY,LIMIT,1701964536187,7,27.0410
AVAXUSDT,BUY,LIMIT,1701964998423,10,27.0811
AVAXUSDT,BUY,LIMIT,1701964999664,25,27.0938
AVAXUSDT,BUY,LIMIT,1701965033121,1,27.1238
AVAXUSDT,BUY,LIMIT,1701965034171,29,27.1269
AVAXUSDT,BUY,LIMIT,1701965042035,185,27.1417
AVAXUSDT,SELL,LIMIT,1701965054054,2,26.9122
AVAXUSDT,BUY,LIMIT,1701965058186,8,27.1448
AVAXUSDT,BUY,LIMIT,1701965059461,300,27.1594
AVAXUSDT,BUY,LIMIT,1701965127469,20,27.1737
AVAXUSDT,BUY,LIMIT,1701965143116,60,27.1809
AVAXUSDT,BUY,LIMIT,1701965146901,1,27.1875
AVAXUSDT,BUY,LIMIT,1701965903928,3,27.0234
AVAXUSDT,SELL,LIMIT,1701968152872,1,26.7960
AVAXUSDT,BUY,LIMIT,1701968186764,2,27.0709
AVAXUSDT,BUY,LIMIT,1701969406533,2,27.0847
AVAXUSDT,BUY,LIMIT,1701969587869,3,27.0924
AVAXUSDT,BUY,LIMIT,1701969620222,204,27.1302
AVAXUSDT,BUY,LIMIT,1701969621511,20,27.0633
AVAXUSDT,BUY,LIMIT,1701969635390,71,27.1347
AVAXUSDT,BUY,LIMIT,1701969720084,84,27.1810
AVAXUSDT,BUY,LIMIT,1701969908175,1,27.2170
AVAXUSDT,BUY,LIMIT,1701969910268,59,27.2283
AVAXUSDT,BUY,LIMIT,1701969938822,282,27.2962
AVAXUSDT,BUY,LIMIT,1701969958518,36,27.2673
AVAXUSDT,BUY,LIMIT,1701970063467,3,27.2683
AVAXUSDT,BUY,LIMIT,1701970158319,350,27.3471
AVAXUSDT,BUY,LIMIT,1701970176871,56,27.3226
AVAXUSDT,BUY,LIMIT,1701970181052,50,27.3475
AVAXUSDT,SELL,LIMIT,1701970610597,26,26.8851
AVAXUSDT,SELL,LIMIT,1701970719146,20,26.8597
AVAXUSDT,SELL,LIMIT,1701970918197,5,26.7708
AVAXUSDT,SELL,LIMIT,1701970990287,49,26.7407
AVAXUSDT,SELL,LIMIT,1701970997870,37,26.7557
AVAXUSDT,SELL,LIMIT,1701970999042,11,26.7166
AVAXUSDT,SELL,LIMIT,1701971045064,43,26.6492
AVAXUSDT,SELL,LIMIT,1701971063026,36,26.6317
AVAXUSDT,SELL,LIMIT,1701971355478,7,26.5469
AVAXUSDT,SELL,LIMIT,1701971357086,12,26.5427
AVAXUSDT,SELL,LIMIT,1701971365219,2,26.5525
AVAXUSDT,SELL,LIMIT,1701971372652,1,26.5247
AVAXUSDT,SELL,LIMIT,1701971375360,34,26.5032
AVAXUSDT,SELL,LIMIT,1701971376747,69,26.4887
AVAXUSDT,SELL,LIMIT,1701971379753,12,26.4769
AVAXUSDT,SELL,LIMIT,1701971382630,84,26.4719
AVAXUSDT,SELL,LIMIT,1701971383690,2,26.4558
AVAXUSDT,BUY,LIMIT,1701971978399,22,27.0442
AVAXUSDT,SELL,LIMIT,1701972662923,189,26.7683
AVAXUSDT,SELL,LIMIT,1701973299207,23,26.6793
AVAXUSDT,SELL,LIMIT,1701974154887,8,26.5815
AVAXUSDT,SELL,LIMIT,1701975257576,14,26.5049
AVAXUSDT,SELL,LIMIT,1701975393480,32,26.4930
AVAXUSDT,SELL,LIMIT,1701976458544,30,26.4959
AVAXUSDT,SELL,LIMIT,1701976817093,9,26.4247
AVAXUSDT,SELL,LIMIT,1701976821363,31,26.4147
AVAXUSDT,SELL,LIMIT,1701976826146,58,26.3980
AVAXUSDT,SELL,LIMIT,1701976860031,41,26.3899
AVAXUSDT,SELL,LIMIT,1701976861206,3,26.3801
AVAXUSDT,SELL,LIMIT,1701976950279,115,26.3685
AVAXUSDT,SELL,LIMIT,1701976963485,19,26.3536
AVAXUSDT,SELL,LIMIT,1701977156236,17,26.3202
AVAXUSDT,SELL,LIMIT,1701977166051,219,26.2918
AVAXUSDT,SELL,LIMIT,1701977175154,6,26.2949
AVAXUSDT,SELL,LIMIT,1701977188937,38,26.3034
AVAXUSDT,SELL,LIMIT,1701977271744,5,26.2922
AVAXUSDT,SELL,LIMIT,1701977273134,72,26.2610
AVAXUSDT,SELL,LIMIT,1701977275044,30,26.2508
AVAXUSDT,SELL,LIMIT,1701978255303,138,26.2780
AVAXUSDT,BUY,LIMIT,1701979846696,14,26.7284
AVAXUSDT,BUY,LIMIT,1701979848039,3,26.7913
AVAXUSDT,SELL,LIMIT,1701980305003,172,26.8074
AVAXUSDT,SELL,LIMIT,1701981555218,186,26.2301
AVAXUSDT,SELL,LIMIT,1701981556541,82,26.2372
AVAXUSDT,SELL,LIMIT,1701981601049,13,26.2136
AVAXUSDT,BUY,LIMIT,1701983002312,7,26.9280
AVAXUSDT,BUY,LIMIT,1701983005063,29,26.9415
AVAXUSDT,BUY,LIMIT,1701983017050,1,26.9604
AVAXUSDT,SELL,LIMIT,1701984107561,14,26.3482
AVAXUSDT,SELL,LIMIT,1701984123331,11,26.3097
AVAXUSDT,SELL,LIMIT,1701984243086,11,26.2021
AVAXUSDT,SELL,LIMIT,1701984244356,2,26.2036
AVAXUSDT,SELL,LIMIT,1701984246452,3,26.1827
AVAXUSDT,SELL,LIMIT,1701984252443,64,26.1717
AVAXUSDT,SELL,LIMIT,1701984255079,175,26.1533
AVAXUSDT,SELL,LIMIT,1701984325113,10,26.1450
AVAXUSDT,SELL,LIMIT,1701984330770,158,26.1426
AVAXUSDT,BUY,LIMIT,1701984526373,1,0.0000
AVAXUSDT,BUY,LIMIT,1701984582968,10,26.4308
AVAXUSDT,BUY,LIMIT,1701984771250,5,26.4952
AVAXUSDT,BUY,LIMIT,1701985096834,104,26.4067
AVAXUSDT,BUY,LIMIT,1701987314187,2,26.7714
AVAXUSDT,SELL,LIMIT,1701988418519,4,26.2604
AVAXUSDT,SELL,LIMIT,1701988422665,33,26.2626
AVAXUSDT,SELL,LIMIT,1701988456118,74,26.2508
AVAXUSDT,SELL,LIMIT,1701988555492,13,26.2145
AVAXUSDT,SELL,LIMIT,1701988594967,3,26.2041
AVAXUSDT,SELL,LIMIT,1701989624263,27,26.1512
AVAXUSDT,SELL,LIMIT,1701989631620,180,26.1307
AVAXUSDT,SELL,LIMIT,1701989633479,75,26.1253
AVAXUSDT,SELL,LIMIT,1701990058489,1,26.1067
AVAXUSDT,SELL,LIMIT,1701990067099,18,26.1026
AVAXUSDT,SELL,LIMIT,1701990843955,9,26.0735
AVAXUSDT,SELL,LIMIT,1701990864621,1,26.0641
AVAXUSDT,SELL,LIMIT,1701990870442,59,26.0615
AVAXUSDT,SELL,LIMIT,1701991036331,119,26.0572
AVAXUSDT,SELL,LIMIT,1701991222042,104,26.0383
AVAXUSDT,SELL,LIMIT,1701991432769,133,26.0311
AVAXUSDT,SELL,LIMIT,1701991442473,80,26.0147
AVAXUSDT,SELL,LIMIT,1701992761271,4,26.1879
AVAXUSDT,BUY,LIMIT,1701993761134,15,26.5037
AVAXUSDT,BUY,LIMIT,1701993788790,128,26.5350
AVAXUSDT,BUY,LIMIT,1701993928131,22,26.6310
AVAXUSDT,BUY,LIMIT,1701993938926,190,26.6480
AVAXUSDT,BUY,LIMIT,1701993959533,28,26.6746
AVAXUSDT,BUY,LIMIT,1701994019651,21,26.7075
AVAXUSDT,BUY,LIMIT,1701994033618,1,26.7246
AVAXUSDT,BUY,LIMIT,1701994247148,4,26.7612
AVAXUSDT,BUY,LIMIT,1701994969777,58,26.7387
AVAXUSDT,SELL,LIMIT,1701995744856,15,26.2439
AVAXUSDT,SELL,LIMIT,1701996105070,3,26.1419
AVAXUSDT,SELL,LIMIT,1701996107587,5,26.1422
AVAXUSDT,SELL,LIMIT,1701996368384,190,26.0496
AVAXUSDT,BUY,LIMIT,1701998362246,4,26.6071
AVAXUSDT,BUY,LIMIT,1701998364976,7,26.6094
AVAXUSDT,BUY,LIMIT,1701998368338,107,26.6277
AVAXUSDT,SELL,LIMIT,1702002729498,1,26.1681
AVAXUSDT,SELL,LIMIT,1702002740838,55,26.1512
AVAXUSDT,SELL,LIMIT,1702002907627,8,26.1047
AVAXUSDT,SELL,LIMIT,1702002923725,36,26.0665
AVAXUSDT,SELL,LIMIT,1702003267569,60,26.0018
AVAXUSDT,SELL,LIMIT,1702003277541,17,25.9899
AVAXUSDT,SELL,LIMIT,1702003442690,1,25.9857
AVAXUSDT,BUY,LIMIT,1702003653722,2,26.0830
AVAXUSDT,SELL,LIMIT,1702003728983,80,25.9855
AVAXUSDT,SELL,LIMIT,1702003759235,18,25.9769
AVAXUSDT,SELL,LIMIT,1702003765486,116,25.9732
AVAXUSDT,SELL,LIMIT,1702003768413,24,25.9642
AVAXUSDT,SELL,LIMIT,1702003769668,159,25.9497
AVAXUSDT,SELL,LIMIT,1702003770715,16,25.9485
AVAXUSDT,BUY,LIMIT,1702004071099,9,26.3695
AVAXUSDT,SELL,LIMIT,1702004974096,46,25.9435
AVAXUSDT,SELL,LIMIT,1702004975739,4,25.9375
AVAXUSDT,SELL,LIMIT,1702004977445,3,25.9358
AVAXUSDT,SELL,LIMIT,1702004979539,377,25.9092
AVAXUSDT,BUY,LIMIT,1702005487567,34,26.4620
AVAXUSDT,BUY,LIMIT,1702005576681,5,26.5488
AVAXUSDT,BUY,LIMIT,1702005641276,25,26.5749
AVAXUSDT,BUY,LIMIT,1702005643159,10,26.5939
AVAXUSDT,BUY,LIMIT,1702005645860,2,26.5829
AVAXUSDT,BUY,LIMIT,1702005799814,153,26.6499
AVAXUSDT,BUY,LIMIT,1702005803582,2,26.6475
AVAXUSDT,BUY,LIMIT,1702005816564,457,26.6614
AVAXUSDT,BUY,LIMIT,1702005821876,1649,26.7340
AVAXUSDT,BUY,LIMIT,1702006461858,260,26.5449
AVAXUSDT,BUY,LIMIT,1702006643993,1,26.7240
AVAXUSDT,BUY,LIMIT,1702006661367,2,26.7575
AVAXUSDT,BUY,LIMIT,1702006666513,2,26.7631
AVAXUSDT,BUY,LIMIT,1702006669104,19,26.7712
AVAXUSDT,BUY,LIMIT,1702006673735,51,26.8015
AVAXUSDT,BUY,LIMIT,1702006883418,72,26.7711
AVAXUSDT,BUY,LIMIT,1702006890307,57,26.8069
AVAXUSDT,BUY,LIMIT,1702006893415,24,26.8125
AVAXUSDT,BUY,LIMIT,1702006895297,307,26.8323
AVAXUSDT,BUY,LIMIT,1702006898195,22,26.8350
AVAXUSDT,BUY,LIMIT,1702007011384,5,26.9441
AVAXUSDT,BUY,LIMIT,1702007095195,3,26.9798
AVAXUSDT,SELL,LIMIT,1702008465779,50,26.4244
AVAXUSDT,BUY,LIMIT,1702008869603,14,26.7614
AVAXUSDT,BUY,LIMIT,1702008883562,19,26.7950
AVAXUSDT,BUY,LIMIT,1702008918357,5,26.4112
AVAXUSDT,BUY,LIMIT,1702008995094,3,26.9511
AVAXUSDT,BUY,LIMIT,1702009472474,1,27.0222
AVAXUSDT,BUY,LIMIT,1702009525264,32,27.0533
AVAXUSDT,BUY,LIMIT,1702009595519,6,27.0563
AVAXUSDT,BUY,LIMIT,1702009602109,124,27.0723
AVAXUSDT,BUY,LIMIT,1702009604265,18,27.0901
AVAXUSDT,BUY,LIMIT,1702009606407,148,27.0918
AVAXUSDT,BUY,LIMIT,1702009642804,2,27.1053
AVAXUSDT,BUY,LIMIT,1702009657282,9,27.1318
AVAXUSDT,BUY,LIMIT,1702009669355,107,27.1410
AVAXUSDT,BUY,LIMIT,1702009676987,71,27.1546
AVAXUSDT,BUY,LIMIT,1702009679437,58,27.1560
AVAXUSDT,BUY,LIMIT,1702009680650,22,27.1828
AVAXUSDT,BUY,LIMIT,1702010274218,9,27.2691
AVAXUSDT,BUY,LIMIT,1702010285936,80,27.2871
AVAXUSDT,BUY,LIMIT,1702010287323,378,27.3222
AVAXUSDT,BUY,LIMIT,1702011146331,50,27.3237
AVAXUSDT,BUY,LIMIT,1702011149188,2148,27.5365
AVAXUSDT,BUY,LIMIT,1702011589926,24,27.4129
AVAXUSDT,BUY,LIMIT,1702011633291,1,27.4208
AVAXUSDT,BUY,LIMIT,1702011691198,5,27.4595
AVAXUSDT,BUY,LIMIT,1702011692766,33,27.4707
AVAXUSDT,SELL,LIMIT,1702012037149,183,26.9437
AVAXUSDT,SELL,LIMIT,1702012252149,8,26.9025
AVAXUSDT,SELL,LIMIT,1702012289898,15,26.8429
AVAXUSDT,SELL,LIMIT,1702013877406,8,26.8196
AVAXUSDT,SELL,LIMIT,1702014272263,32,26.7387
AVAXUSDT,BUY,LIMIT,1702015707708,13,27.2647
AVAXUSDT,BUY,LIMIT,1702015879342,1,24.5891
AVAXUSDT,BUY,LIMIT,1702015896474,1,27.3077
AVAXUSDT,BUY,LIMIT,1702015946372,14,27.3466
AVAXUSDT,BUY,LIMIT,1702016003819,108,27.4268
AVAXUSDT,BUY,LIMIT,1702016283612,2,27.4787
AVAXUSDT,BUY,LIMIT,1702016289064,130,27.5020
AVAXUSDT,BUY,LIMIT,1702016299200,7,27.5331
AVAXUSDT,SELL,LIMIT,1702016876677,2,27.1168
AVAXUSDT,SELL,LIMIT,1702017508811,26,26.9622
AVAXUSDT,SELL,LIMIT,1702017517536,54,26.9460
AVAXUSDT,SELL,LIMIT,1702017545703,183,26.9455
AVAXUSDT,SELL,LIMIT,1702017582209,16,26.9185
AVAXUSDT,SELL,LIMIT,1702017588140,157,26.9120
AVAXUSDT,SELL,LIMIT,1702017646421,183,26.8814
AVAXUSDT,SELL,LIMIT,1702017796349,137,26.8429
AVAXUSDT,BUY,LIMIT,1702018094608,33,27.0243
AVAXUSDT,BUY,LIMIT,1702018523966,1,27.2968
AVAXUSDT,BUY,LIMIT,1702018634843,176,27.2978
AVAXUSDT,BUY,LIMIT,1702018654109,170,27.2967
AVAXUSDT,BUY,LIMIT,1702019904992,19,27.5473
AVAXUSDT,BUY,LIMIT,1702019906255,10,27.5756
AVAXUSDT,SELL,LIMIT,1702020114114,126,27.0891
AVAXUSDT,SELL,LIMIT,1702020188458,16,27.0355
AVAXUSDT,SELL,LIMIT,1702020518187,3,26.8906
AVAXUSDT,SELL,LIMIT,1702020519213,56,26.8708
AVAXUSDT,SELL,LIMIT,1702020527117,13,26.8513
AVAXUSDT,SELL,LIMIT,1702020532221,18,26.8444
AVAXUSDT,SELL,LIMIT,1702020666608,107,26.8063
AVAXUSDT,BUY,LIMIT,1702020937844,7,27.3584
AVAXUSDT,SELL,LIMIT,1702022553948,4,26.7235
AVAXUSDT,SELL,LIMIT,1702022557459,9,26.6921
AVAXUSDT,BUY,LIMIT,1702025600311,185,27.3391
AVAXUSDT,BUY,LIMIT,1702025631154,15,27.3806
AVAXUSDT,BUY,LIMIT,1702025632228,2,27.3838
AVAXUSDT,BUY,LIMIT,1702025669702,1,27.4042
AVAXUSDT,BUY,LIMIT,1702025693947,1,27.4158
AVAXUSDT,BUY,LIMIT,1702025703197,1,27.4566
AVAXUSDT,SELL,LIMIT,1702025902364,3,26.9385
AVAXUSDT,BUY,LIMIT,1702027089545,8,27.3735
AVAXUSDT,BUY,LIMIT,1702027101710,179,27.3942
AVAXUSDT,BUY,LIMIT,1702027384620,68,27.4822
AVAXUSDT,BUY,LIMIT,1702029559047,12,27.5139
AVAXUSDT,BUY,LIMIT,1702029617317,13,27.5331
AVAXUSDT,BUY,LIMIT,1702029623890,1,27.5411
AVAXUSDT,SELL,LIMIT,1702030655371,56,27.0315
AVAXUSDT,SELL,LIMIT,1702030662298,2,26.9988
AVAXUSDT,BUY,LIMIT,1702031285434,28,27.4132
AVAXUSDT,BUY,LIMIT,1702031875157,4,27.4771
AVAXUSDT,BUY,LIMIT,1702031886357,2,27.5254
AVAXUSDT,BUY,LIMIT,1702032554629,1546,27.4471
AVAXUSDT,BUY,LIMIT,1702034783067,119,27.5419
AVAXUSDT,BUY,LIMIT,1702034875088,65,27.5543
AVAXUSDT,BUY,LIMIT,1702034880754,20,27.5867
AVAXUSDT,BUY,LIMIT,1702035163138,1,27.6211
AVAXUSDT,BUY,LIMIT,1702035164183,3,27.6413
AVAXUSDT,BUY,LIMIT,1702035165325,68,27.6336
AVAXUSDT,SELL,LIMIT,1702035172562,8,27.3987
AVAXUSDT,BUY,LIMIT,1702035244636,45,27.4589
AVAXUSDT,BUY,LIMIT,1702035357789,2,27.6471
AVAXUSDT,BUY,LIMIT,1702035410490,16,27.6610
AVAXUSDT,BUY,LIMIT,1702035416341,4,27.6766
AVAXUSDT,BUY,LIMIT,1702035434037,28,27.6800
AVAXUSDT,BUY,LIMIT,1702035440072,14,27.7020
AVAXUSDT,BUY,LIMIT,1702035444258,8,27.7033
AVAXUSDT,BUY,LIMIT,1702035453113,29,27.7175
AVAXUSDT,BUY,LIMIT,1702035459382,9,27.7317
AVAXUSDT,BUY,LIMIT,1702035460460,8,27.7578
AVAXUSDT,BUY,LIMIT,1702035461503,18,27.7734
AVAXUSDT,BUY,LIMIT,1702035490319,67,27.8010
AVAXUSDT,BUY,LIMIT,1702035494364,4,27.8002
AVAXUSDT,BUY,LIMIT,1702035562362,13,27.8470
AVAXUSDT,BUY,LIMIT,1702035564854,1,27.8591
AVAXUSDT,BUY,LIMIT,1702035605279,2,27.9160
AVAXUSDT,BUY,LIMIT,1702035606579,4,27.8612
AVAXUSDT,BUY,LIMIT,1702035734214,14,27.8364
AVAXUSDT,BUY,LIMIT,1702035774148,57,27.8370
AVAXUSDT,BUY,LIMIT,1702035937226,6,27.8254
AVAXUSDT,BUY,LIMIT,1702035965428,19,27.8063
AVAXUSDT,BUY,LIMIT,1702036067418,57,27.7574
AVAXUSDT,BUY,LIMIT,1702036080602,444,27.8139
AVAXUSDT,BUY,LIMIT,1702036193639,1,27.7199
AVAXUSDT,BUY,LIMIT,1702036836499,4,27.7156
AVAXUSDT,SELL,LIMIT,1702036888379,1,27.4351
AVAXUSDT,SELL,LIMIT,1702036932352,2,27.3728
AVAXUSDT,SELL,LIMIT,1702037656560,32,27.2531
AVAXUSDT,BUY,LIMIT,1702038063318,19,27.6485
AVAXUSDT,BUY,LIMIT,1702038481374,164,27.6420
AVAXUSDT,BUY,LIMIT,1702038663833,11,27.5627
AVAXUSDT,SELL,LIMIT,1702039519984,1,27.1740
AVAXUSDT,SELL,LIMIT,1702039522633,19,27.1630
AVAXUSDT,SELL,LIMIT,1702040218863,36,27.1193
AVAXUSDT,SELL,LIMIT,1702040282346,2,27.1149
AVAXUSDT,SELL,LIMIT,1702040376482,116,27.1128
AVAXUSDT,SELL,LIMIT,1702040410837,1,27.0975
AVAXUSDT,SELL,LIMIT,1702040437995,62,27.0923
AVAXUSDT,SELL,LIMIT,1702040482449,36,27.0169
AVAXUSDT,SELL,LIMIT,1702040488342,13,27.0124
AVAXUSDT,SELL,LIMIT,1702040745329,4,27.0215
AVAXUSDT,SELL,LIMIT,1702040813633,1,26.9657
AVAXUSDT,SELL,LIMIT,1702040815360,17,26.9580
AVAXUSDT,SELL,LIMIT,1702040817107,40,26.9407
AVAXUSDT,SELL,LIMIT,1702040969466,60,26.9168
AVAXUSDT,SELL,LIMIT,1702040974817,1,26.9138
AVAXUSDT,SELL,LIMIT,1702040994507,98,26.9035
AVAXUSDT,SELL,LIMIT,1702040997189,13,26.9014
AVAXUSDT,SELL,LIMIT,1702042227206,22,27.1341
AVAXUSDT,BUY,LIMIT,1702042982658,2,27.4125
AVAXUSDT,BUY,LIMIT,1702042985337,1,27.4188
AVAXUSDT,BUY,LIMIT,1702043318170,4,27.5494
AVAXUSDT,BUY,LIMIT,1702043376468,4,27.5702
AVAXUSDT,BUY,LIMIT,1702043693271,30,27.5591
AVAXUSDT,SELL,LIMIT,1702044480003,14,27.0743
AVAXUSDT,BUY,LIMIT,1702045083787,4,27.6791
AVAXUSDT,BUY,LIMIT,1702045164879,4,27.7128
AVAXUSDT,BUY,LIMIT,1702045202934,80,27.7252
AVAXUSDT,BUY,LIMIT,1702045345032,17,27.7618
AVAXUSDT,BUY,LIMIT,1702045346289,3,27.7772
AVAXUSDT,BUY,LIMIT,1702045367253,11,27.7919
AVAXUSDT,BUY,LIMIT,1702045368298,22,27.8331
AVAXUSDT,BUY,LIMIT,1702045374763,36,27.8963
AVAXUSDT,BUY,LIMIT,1702045416882,3,27.9473
AVAXUSDT,BUY,LIMIT,1702045423468,2,27.9523
AVAXUSDT,BUY,LIMIT,1702045425134,7,27.9624
AVAXUSDT,BUY,LIMIT,1702045458649,23,27.9724
AVAXUSDT,BUY,LIMIT,1702045465205,34,27.9825
AVAXUSDT,BUY,LIMIT,1702045470158,3,27.9884
AVAXUSDT,BUY,LIMIT,1702045471451,356,28.0136
AVAXUSDT,BUY,LIMIT,1702045473613,75,28.0112
AVAXUSDT,BUY,LIMIT,1702045475112,9,28.0335
AVAXUSDT,BUY,LIMIT,1702045476333,34,28.0233
AVAXUSDT,BUY,LIMIT,1702045492383,19,28.0534
AVAXUSDT,BUY,LIMIT,1702045493433,14,28.0355
AVAXUSDT,BUY,LIMIT,1702045494861,20,28.0802
AVAXUSDT,BUY,LIMIT,1702045501329,280,28.1120
AVAXUSDT,BUY,LIMIT,1702045507106,96,28.1164
AVAXUSDT,BUY,LIMIT,1702045689053,4,28.1228
AVAXUSDT,BUY,LIMIT,1702045690144,32,28.1301
AVAXUSDT,BUY,LIMIT,1702045692427,118,28.1521
AVAXUSDT,BUY,LIMIT,1702045696703,13,28.1607
AVAXUSDT,BUY,LIMIT,1702045702872,10,28.1779
AVAXUSDT,BUY,LIMIT,1702045704332,36,28.1830
AVAXUSDT,BUY,LIMIT,1702045706130,10,28.1915
AVAXUSDT,BUY,LIMIT,1702045707212,7,28.1990
AVAXUSDT,BUY,LIMIT,1702045710842,4,28.2304
AVAXUSDT,BUY,LIMIT,1702045713654,11,28.2530
AVAXUSDT,BUY,LIMIT,1702045720692,47,28.2579
AVAXUSDT,BUY,LIMIT,1702045722959,5,28.2627
AVAXUSDT,BUY,LIMIT,1702045724321,15,28.2714
AVAXUSDT,BUY,LIMIT,1702045726051,14,28.3129
AVAXUSDT,BUY,LIMIT,1702045729921,180,28.3269
AVAXUSDT,BUY,LIMIT,1702045732779,1,28.3664
AVAXUSDT,BUY,LIMIT,1702045733920,3,28.3740
AVAXUSDT,BUY,LIMIT,1702045736055,10,28.3965
AVAXUSDT,BUY,LIMIT,1702045737205,10,28.4002
AVAXUSDT,BUY,LIMIT,1702045744528,5,28.4053
AVAXUSDT,BUY,LIMIT,1702045745823,36,28.4194
AVAXUSDT,BUY,LIMIT,1702045885455,1681,28.5131
AVAXUSDT,BUY,LIMIT,1702045888087,15,28.4296
AVAXUSDT,BUY,LIMIT,1702045892587,964,28.5206
AVAXUSDT,BUY,LIMIT,1702045893847,109,28.4724
AVAXUSDT,BUY,LIMIT,1702045896084,113,28.4740
AVAXUSDT,BUY,LIMIT,1702045897212,15,28.4757
AVAXUSDT,BUY,LIMIT,1702045898379,13,28.5020
AVAXUSDT,BUY,LIMIT,1702045899458,101,28.5186
AVAXUSDT,BUY,LIMIT,1702045913685,4,28.5231
AVAXUSDT,BUY,LIMIT,1702045914719,3,28.5406
AVAXUSDT,BUY,LIMIT,1702045990398,2,28.5514
AVAXUSDT,BUY,LIMIT,1702045991412,900,28.6355
AVAXUSDT,BUY,LIMIT,1702045992457,4,28.5925
AVAXUSDT,BUY,LIMIT,1702045993612,180,28.6056
AVAXUSDT,BUY,LIMIT,1702045996097,287,28.6269
AVAXUSDT,BUY,LIMIT,1702045997113,13,28.6117
AVAXUSDT,BUY,LIMIT,1702046003715,6,28.6373
AVAXUSDT,BUY,LIMIT,1702046006745,89,28.6427
AVAXUSDT,BUY,LIMIT,1702046036200,65,28.6116
AVAXUSDT,BUY,LIMIT,1702046052406,205,28.6404
AVAXUSDT,BUY,LIMIT,1702046053497,838,28.7170
AVAXUSDT,BUY,LIMIT,1702046055064,30,28.6990
AVAXUSDT,BUY,LIMIT,1702046159612,186,28.6862
AVAXUSDT,BUY,LIMIT,1702046668175,1,28.5624
AVAXUSDT,BUY,LIMIT,1702046717089,9,28.5729
AVAXUSDT,SELL,LIMIT,1702046764727,6,28.1027
AVAXUSDT,SELL,LIMIT,1702047144340,4,28.0264
AVAXUSDT,SELL,LIMIT,1702047145581,5,27.9790
AVAXUSDT,SELL,LIMIT,1702047149962,2,27.9581
AVAXUSDT,SELL,LIMIT,1702047164560,6,27.9383
AVAXUSDT,SELL,LIMIT,1702047166403,1,27.9146
AVAXUSDT,SELL,LIMIT,1702047178521,5,27.8903
AVAXUSDT,SELL,LIMIT,1702047182655,44,27.8791
AVAXUSDT,SELL,LIMIT,1702047185769,246,27.8498
AVAXUSDT,SELL,LIMIT,1702047209112,78,27.8072
AVAXUSDT,BUY,LIMIT,1702047545933,3,27.9676
AVAXUSDT,BUY,LIMIT,1702048056125,362,28.3409
AVAXUSDT,SELL,LIMIT,1702050319406,90,27.9133
AVAXUSDT,SELL,LIMIT,1702050400676,176,27.8722
AVAXUSDT,BUY,LIMIT,1702050454463,48,28.1821
AVAXUSDT,SELL,LIMIT,1702050550290,1,27.8559
AVAXUSDT,SELL,LIMIT,1702050566830,7,27.8500
AVAXUSDT,SELL,LIMIT,1702050587314,169,27.7952
AVAXUSDT,SELL,LIMIT,1702050697450,177,27.7345
AVAXUSDT,SELL,LIMIT,1702050698495,116,27.7354
AVAXUSDT,SELL,LIMIT,1702050699948,47,27.7232
AVAXUSDT,SELL,LIMIT,1702050716606,93,27.7195
AVAXUSDT,SELL,LIMIT,1702050717794,60,27.7148
AVAXUSDT,SELL,LIMIT,1702050784441,17,27.6839
AVAXUSDT,SELL,LIMIT,1702050795109,29,27.6793
AVAXUSDT,SELL,LIMIT,1702050816931,16,27.6437
AVAXUSDT,SELL,LIMIT,1702050846760,42,27.6261
AVAXUSDT,SELL,LIMIT,1702050852146,46,27.6183
AVAXUSDT,SELL,LIMIT,1702050887903,7,27.6046
AVAXUSDT,SELL,LIMIT,1702050948195,1,27.5912
AVAXUSDT,BUY,LIMIT,1702051257194,12,27.9375
AVAXUSDT,BUY,LIMIT,1702051382050,1,27.9418
AVAXUSDT,BUY,LIMIT,1702051485396,45,27.9080
AVAXUSDT,BUY,LIMIT,1702051584539,1,27.9322
AVAXUSDT,BUY,LIMIT,1702051588675,13,27.9810
AVAXUSDT,BUY,LIMIT,1702052161449,1,27.9838
AVAXUSDT,BUY,LIMIT,1702052482530,1188,28.1126
AVAXUSDT,BUY,LIMIT,1702052530226,3,28.0465
AVAXUSDT,BUY,LIMIT,1702052588660,2,28.1112
AVAXUSDT,BUY,LIMIT,1702052662831,24,28.1499
AVAXUSDT,BUY,LIMIT,1702053174260,342,28.1432
AVAXUSDT,BUY,LIMIT,1702053214983,3,28.1516
AVAXUSDT,SELL,LIMIT,1702055009750,1,27.8581
AVAXUSDT,SELL,LIMIT,1702055305428,3,27.7368
AVAXUSDT,SELL,LIMIT,1702055314816,14,27.6977
AVAXUSDT,SELL,LIMIT,1702055316114,42,27.6962
AVAXUSDT,SELL,LIMIT,1702055321436,40,27.6860
AVAXUSDT,SELL,LIMIT,1702055322850,177,27.6739
AVAXUSDT,SELL,LIMIT,1702055337320,36,27.6554
AVAXUSDT,BUY,LIMIT,1702055879267,9,28.2376
AVAXUSDT,BUY,LIMIT,1702055948377,173,28.2898
AVAXUSDT,BUY,LIMIT,1702055965088,5,28.3127
AVAXUSDT,BUY,LIMIT,1702056000200,11,28.3834
AVAXUSDT,SELL,LIMIT,1702056271136,1,27.9517
AVAXUSDT,BUY,LIMIT,1702057133639,4,28.4026
AVAXUSDT,BUY,LIMIT,1702057138195,177,28.4690
AVAXUSDT,SELL,LIMIT,1702059704738,3,28.8818
AVAXUSDT,BUY,LIMIT,1702060669185,1,28.4038
AVAXUSDT,BUY,LIMIT,1702060679451,1,28.5193
AVAXUSDT,BUY,LIMIT,1702060682874,40,28.5209
AVAXUSDT,BUY,LIMIT,1702060711574,33,28.5420
AVAXUSDT,BUY,LIMIT,1702060714005,356,28.5800
AVAXUSDT,BUY,LIMIT,1702061021618,20,28.5857
AVAXUSDT,BUY,LIMIT,1702062008130,5,28.6349
AVAXUSDT,BUY,LIMIT,1702062009155,1,28.6367
AVAXUSDT,BUY,LIMIT,1702062069030,1,17.8583
AVAXUSDT,BUY,LIMIT,1702062070077,8,28.7540
AVAXUSDT,BUY,LIMIT,1702062071122,18,28.9376
AVAXUSDT,BUY,LIMIT,1702062072127,4,28.9549
AVAXUSDT,BUY,LIMIT,1702062073144,11,28.9740
AVAXUSDT,BUY,LIMIT,1702062077207,7,28.9817
AVAXUSDT,BUY,LIMIT,1702062078762,7,28.9955
AVAXUSDT,BUY,LIMIT,1702062079775,150,29.0120
AVAXUSDT,BUY,LIMIT,1702062094746,1,29.0298
AVAXUSDT,BUY,LIMIT,1702062096246,2,29.0355
AVAXUSDT,BUY,LIMIT,1702062097375,11,29.0349
AVAXUSDT,BUY,LIMIT,1702062099649,4,29.0426
AVAXUSDT,BUY,LIMIT,1702062111401,5,29.0567
AVAXUSDT,BUY,LIMIT,1702062113446,102,29.0585
AVAXUSDT,BUY,LIMIT,1702062115250,3,29.0716
AVAXUSDT,BUY,LIMIT,1702062120353,18,29.0755
AVAXUSDT,BUY,LIMIT,1702062127127,26,29.0853
AVAXUSDT,BUY,LIMIT,1702062135072,274,29.1117
AVAXUSDT,BUY,LIMIT,1702062136120,16,29.1295
AVAXUSDT,BUY,LIMIT,1702062137404,33,29.1208
AVAXUSDT,BUY,LIMIT,1702062139973,188,29.1336
AVAXUSDT,BUY,LIMIT,1702062141056,94,29.1356
AVAXUSDT,BUY,LIMIT,1702062143522,1,29.1521
AVAXUSDT,BUY,LIMIT,1702062153891,49,29.1639
AVAXUSDT,BUY,LIMIT,1702062155185,22,29.1717
AVAXUSDT,BUY,LIMIT,1702062156226,5,29.1654
AVAXUSDT,BUY,LIMIT,1702062171675,35,29.1808
AVAXUSDT,BUY,LIMIT,1702062174375,2,29.1967
AVAXUSDT,BUY,LIMIT,1702062176080,76,29.2025
AVAXUSDT,BUY,LIMIT,1702062177137,100,29.2051
AVAXUSDT,BUY,LIMIT,1702062252915,77,29.2133
AVAXUSDT,SELL,LIMIT,1702062412363,26,28.6653
AVAXUSDT,BUY,LIMIT,1702063722250,48,29.1462
AVAXUSDT,BUY,LIMIT,1702064087072,4,29.1272
AVAXUSDT,BUY,LIMIT,1702064107076,118,29.1870
AVAXUSDT,BUY,LIMIT,1702064617082,20,29.2198
AVAXUSDT,BUY,LIMIT,1702064619257,829,29.2814
AVAXUSDT,BUY,LIMIT,1702064620364,375,29.2745
AVAXUSDT,BUY,LIMIT,1702064621429,501,29.2841
AVAXUSDT,BUY,LIMIT,1702064623063,15,29.2601
AVAXUSDT,BUY,LIMIT,1702064632076,2,29.2659
AVAXUSDT,BUY,LIMIT,1702064671934,11,29.2675
AVAXUSDT,BUY,LIMIT,1702064673272,18,29.2773
AVAXUSDT,BUY,LIMIT,1702064675216,44,29.2800
AVAXUSDT,BUY,LIMIT,1702064678158,85,29.2938
AVAXUSDT,BUY,LIMIT,1702064679749,4,29.2967
AVAXUSDT,BUY,LIMIT,1702064720355,172,29.3108
AVAXUSDT,BUY,LIMIT,1702064721985,1,29.3144
AVAXUSDT,BUY,LIMIT,1702064723173,254,29.3353
AVAXUSDT,BUY,LIMIT,1702064726733,3,29.3270
AVAXUSDT,BUY,LIMIT,1702064729189,1116,29.4205
AVAXUSDT,BUY,LIMIT,1702064730195,2119,29.5305
AVAXUSDT,BUY,LIMIT,1702064731443,4,29.3603
AVAXUSDT,BUY,LIMIT,1702064732503,7,29.3670
AVAXUSDT,BUY,LIMIT,1702064734100,1,29.3827
AVAXUSDT,BUY,LIMIT,1702064737062,54,29.4064
AVAXUSDT,BUY,LIMIT,1702064738144,1,29.3944
AVAXUSDT,BUY,LIMIT,1702064759685,135,29.4169
AVAXUSDT,BUY,LIMIT,1702064803182,2,29.4290
AVAXUSDT,BUY,LIMIT,1702064811423,1000,29.5068
AVAXUSDT,BUY,LIMIT,1702064812479,117,29.4429
AVAXUSDT,BUY,LIMIT,1702064815277,33,29.4515
AVAXUSDT,BUY,LIMIT,1702064817094,3,29.4544
AVAXUSDT,BUY,LIMIT,1702064927426,39,29.4726
AVAXUSDT,BUY,LIMIT,1702064932485,8,29.4758
AVAXUSDT,BUY,LIMIT,1702064936512,15,29.4896
AVAXUSDT,BUY,LIMIT,1702064942183,1,29.5055
AVAXUSDT,BUY,LIMIT,1702064943277,8,29.4983
AVAXUSDT,BUY,LIMIT,1702064944307,2,29.5145
AVAXUSDT,BUY,LIMIT,1702064945405,7,29.5119
AVAXUSDT,BUY,LIMIT,1702065292391,52,29.5218
AVAXUSDT,BUY,LIMIT,1702065293714,3,29.5435
AVAXUSDT,BUY,LIMIT,1702065296136,1,29.5686
AVAXUSDT,BUY,LIMIT,1702065297410,13,29.5657
AVAXUSDT,BUY,LIMIT,1702065413114,9,29.5792
AVAXUSDT,BUY,LIMIT,1702065431110,45,29.5870
AVAXUSDT,BUY,LIMIT,1702065432313,5,29.5912
AVAXUSDT,BUY,LIMIT,1702065433966,2,29.5999
AVAXUSDT,BUY,LIMIT,1702065509588,1,29.6052
AVAXUSDT,BUY,LIMIT,1702065515231,12,29.6083
AVAXUSDT,BUY,LIMIT,1702065518003,1,29.6139
AVAXUSDT,BUY,LIMIT,1702065521287,310,29.6417
AVAXUSDT,BUY,LIMIT,1702065541346,6,29.6269
AVAXUSDT,BUY,LIMIT,1702065563779,25,29.6407
AVAXUSDT,BUY,LIMIT,1702065573922,112,29.6459
AVAXUSDT,BUY,LIMIT,1702065581389,5,29.6572
AVAXUSDT,BUY,LIMIT,1702065715262,3,29.6690
AVAXUSDT,BUY,LIMIT,1702065718123,75,29.6773
AVAXUSDT,BUY,LIMIT,1702065719290,5,29.6802
AVAXUSDT,BUY,LIMIT,1702065722428,1547,29.7820
AVAXUSDT,BUY,LIMIT,1702065731077,8,29.6903
AVAXUSDT,BUY,LIMIT,1702065735167,14,29.6958
AVAXUSDT,BUY,LIMIT,1702065736330,5,29.6931
AVAXUSDT,BUY,LIMIT,1702065742479,13,29.7007
AVAXUSDT,BUY,LIMIT,1702065747690,3,29.7149
AVAXUSDT,BUY,LIMIT,1702065748780,5,29.6580
AVAXUSDT,BUY,LIMIT,1702065751795,28,29.7287
AVAXUSDT,BUY,LIMIT,1702065817358,35,29.7397
AVAXUSDT,BUY,LIMIT,1702065819412,37,29.7462
AVAXUSDT,BUY,LIMIT,1702065820564,34,29.7479
AVAXUSDT,BUY,LIMIT,1702065841423,10,29.7716
AVAXUSDT,BUY,LIMIT,1702065844138,330,29.7978
AVAXUSDT,BUY,LIMIT,1702065860586,57,29.7903
AVAXUSDT,BUY,LIMIT,1702065862193,1,29.7928
AVAXUSDT,BUY,LIMIT,1702065869428,3,29.8058
AVAXUSDT,BUY,LIMIT,1702065871408,165,29.8310
AVAXUSDT,BUY,LIMIT,1702065872695,26,29.8334
AVAXUSDT,BUY,LIMIT,1702065876087,42,29.8510
AVAXUSDT,BUY,LIMIT,1702065877323,5,29.8468
AVAXUSDT,BUY,LIMIT,1702065878787,3,29.8645
AVAXUSDT,BUY,LIMIT,1702065911052,159,29.8668
AVAXUSDT,BUY,LIMIT,1702065923717,22,29.8769
AVAXUSDT,BUY,LIMIT,1702065927270,150,29.8855
AVAXUSDT,BUY,LIMIT,1702065928518,117,29.8778
AVAXUSDT,BUY,LIMIT,1702065930263,14,29.8874
AVAXUSDT,BUY,LIMIT,1702065931569,190,29.8915
AVAXUSDT,BUY,LIMIT,1702065934179,13,29.8972
AVAXUSDT,BUY,LIMIT,1702065942715,11,29.9031
AVAXUSDT,BUY,LIMIT,1702066054067,20,29.9268
AVAXUSDT,BUY,LIMIT,1702066055195,1,29.9266
AVAXUSDT,BUY,LIMIT,1702066080591,49,29.9317
AVAXUSDT,BUY,LIMIT,1702066087163,4,29.9450
AVAXUSDT,BUY,LIMIT,1702066090684,145,29.9458
AVAXUSDT,BUY,LIMIT,1702066091781,8,29.9540
AVAXUSDT,SELL,LIMIT,1702066145698,167,29.3861
AVAXUSDT,SELL,LIMIT,1702066178754,45,29.3686
AVAXUSDT,SELL,LIMIT,1702066181380,25,29.3377
AVAXUSDT,SELL,LIMIT,1702066255886,18,29.3227
AVAXUSDT,SELL,LIMIT,1702066259304,61,29.2942
AVAXUSDT,SELL,LIMIT,1702066280449,39,29.2599
AVAXUSDT,SELL,LIMIT,1702066572214,3,29.0746
AVAXUSDT,SELL,LIMIT,1702066580223,34,29.0592
AVAXUSDT,SELL,LIMIT,1702066582227,48,29.0536
AVAXUSDT,SELL,LIMIT,1702066599246,27,29.0403
AVAXUSDT,SELL,LIMIT,1702066601811,153,29.0178
AVAXUSDT,BUY,LIMIT,1702067639890,2,29.5138
AVAXUSDT,BUY,LIMIT,1702067740550,90,29.5520
AVAXUSDT,BUY,LIMIT,1702068046296,10,29.6205
AVAXUSDT,BUY,LIMIT,1702068070256,40,29.6431
AVAXUSDT,BUY,LIMIT,1702068201225,56,29.6183
AVAXUSDT,BUY,LIMIT,1702068255272,11,29.6067
AVAXUSDT,BUY,LIMIT,1702068580235,194,29.6910
AVAXUSDT,BUY,LIMIT,1702068586355,54,29.6966
AVAXUSDT,BUY,LIMIT,1702068589064,11,29.7243
AVAXUSDT,BUY,LIMIT,1702068591653,7,29.7253
AVAXUSDT,BUY,LIMIT,1702068597094,7,29.7305
AVAXUSDT,BUY,LIMIT,1702068608236,11,29.7337
AVAXUSDT,BUY,LIMIT,1702068613783,27,29.7466
AVAXUSDT,BUY,LIMIT,1702068619642,4,29.7569
AVAXUSDT,BUY,LIMIT,1702068772010,345,29.7903
AVAXUSDT,BUY,LIMIT,1702068786054,16,29.7712
AVAXUSDT,BUY,LIMIT,1702068792162,2,29.7721
AVAXUSDT,BUY,LIMIT,1702068862399,2,29.6866
AVAXUSDT,BUY,LIMIT,1702069043203,38,29.6846
AVAXUSDT,BUY,LIMIT,1702069072661,2,29.6808
AVAXUSDT,SELL,LIMIT,1702069611314,8,29.2245
AVAXUSDT,SELL,LIMIT,1702069612416,38,29.2201
AVAXUSDT,SELL,LIMIT,1702069721492,35,29.2184
AVAXUSDT,SELL,LIMIT,1702069767549,11,29.1925
AVAXUSDT,SELL,LIMIT,1702070194397,1,29.1570
AVAXUSDT,SELL,LIMIT,1702070195430,102,29.1617
AVAXUSDT,BUY,LIMIT,1702070228226,6,29.5205
AVAXUSDT,BUY,LIMIT,1702070558342,9,29.4716
AVAXUSDT,BUY,LIMIT,1702070608651,7,29.4009
AVAXUSDT,BUY,LIMIT,1702070629718,23,29.3816
AVAXUSDT,BUY,LIMIT,1702070772860,346,29.5396
AVAXUSDT,SELL,LIMIT,1702071756126,51,29.0732
AVAXUSDT,SELL,LIMIT,1702071757274,1,29.0714
AVAXUSDT,BUY,LIMIT,1702072145330,12,29.5868
AVAXUSDT,BUY,LIMIT,1702072241464,401,29.6625
AVAXUSDT,BUY,LIMIT,1702072283476,2,29.6972
AVAXUSDT,BUY,LIMIT,1702072287114,94,29.6968
AVAXUSDT,BUY,LIMIT,1702072517064,170,29.8141
AVAXUSDT,BUY,LIMIT,1702072650321,68,29.7784
AVAXUSDT,BUY,LIMIT,1702072665139,17,29.8200
AVAXUSDT,BUY,LIMIT,1702072671666,16,29.8250
AVAXUSDT,BUY,LIMIT,1702072673561,170,29.8293
AVAXUSDT,BUY,LIMIT,1702072804331,300,29.8100
AVAXUSDT,BUY,LIMIT,1702072944738,650,29.8777
AVAXUSDT,BUY,LIMIT,1702072946756,2,29.8336
AVAXUSDT,BUY,LIMIT,1702072951406,73,29.8450
AVAXUSDT,BUY,LIMIT,1702072952977,124,29.8655
AVAXUSDT,BUY,LIMIT,1702072954112,21,29.8774
AVAXUSDT,BUY,LIMIT,1702072958145,5,29.8985
AVAXUSDT,BUY,LIMIT,1702072972026,18,29.9134
AVAXUSDT,BUY,LIMIT,1702072974228,1,29.9337
AVAXUSDT,BUY,LIMIT,1702072980846,3,29.9512
AVAXUSDT,BUY,LIMIT,1702072982167,3,29.9624
AVAXUSDT,BUY,LIMIT,1702072986157,2,29.9646
AVAXUSDT,BUY,LIMIT,1702072987238,36,29.9657
AVAXUSDT,BUY,LIMIT,1702073006276,38,29.9688
AVAXUSDT,BUY,LIMIT,1702073010007,1,29.9748
AVAXUSDT,BUY,LIMIT,1702073011713,4,29.9757
AVAXUSDT,BUY,LIMIT,1702073014131,17,30.0021
AVAXUSDT,BUY,LIMIT,1702073015152,95,30.0092
AVAXUSDT,BUY,LIMIT,1702073018667,35,30.0188
AVAXUSDT,BUY,LIMIT,1702073021393,79,30.0274
AVAXUSDT,BUY,LIMIT,1702073599655,15,29.9801
AVAXUSDT,BUY,LIMIT,1702073699168,79,30.0288
AVAXUSDT,BUY,LIMIT,1702073700345,81,30.0270
AVAXUSDT,BUY,LIMIT,1702073701845,246,30.0467
AVAXUSDT,BUY,LIMIT,1702073724070,4,30.0496
AVAXUSDT,BUY,LIMIT,1702073725167,1,30.0416
AVAXUSDT,BUY,LIMIT,1702073858065,66,30.0559
AVAXUSDT,BUY,LIMIT,1702073874315,38,30.0640
AVAXUSDT,BUY,LIMIT,1702073876592,450,30.1194
AVAXUSDT,BUY,LIMIT,1702073884504,8,30.0927
AVAXUSDT,BUY,LIMIT,1702073914269,141,30.0985
AVAXUSDT,BUY,LIMIT,1702073965585,13,30.1093
AVAXUSDT,BUY,LIMIT,1702073979560,1,30.1162
AVAXUSDT,BUY,LIMIT,1702073981260,42,30.1178
AVAXUSDT,BUY,LIMIT,1702074331278,6,30.1266
AVAXUSDT,BUY,LIMIT,1702074351710,39,30.1326
AVAXUSDT,BUY,LIMIT,1702074493968,102,30.1431
AVAXUSDT,BUY,LIMIT,1702075176601,1,30.1459
AVAXUSDT,BUY,LIMIT,1702075199086,424,30.1803
AVAXUSDT,BUY,LIMIT,1702075252506,50,30.1583
AVAXUSDT,BUY,LIMIT,1702075264684,57,30.1642
AVAXUSDT,BUY,LIMIT,1702075461796,398,30.2025
AVAXUSDT,BUY,LIMIT,1702075464362,1,30.1804
AVAXUSDT,BUY,LIMIT,1702075477363,10,30.1843
AVAXUSDT,BUY,LIMIT,1702075481339,1,30.1969
AVAXUSDT,BUY,LIMIT,1702075482345,2,30.2572
AVAXUSDT,BUY,LIMIT,1702075483366,15,30.2473
AVAXUSDT,BUY,LIMIT,1702075484513,25,30.3331
AVAXUSDT,BUY,LIMIT,1702075485550,1,30.3425
AVAXUSDT,BUY,LIMIT,1702075511201,15,30.3748
AVAXUSDT,BUY,LIMIT,1702075514503,1,30.3776
AVAXUSDT,BUY,LIMIT,1702075519160,146,30.3899
AVAXUSDT,BUY,LIMIT,1702075521190,152,30.4064
AVAXUSDT,BUY,LIMIT,1702075522218,39,30.4288
AVAXUSDT,BUY,LIMIT,1702075523249,2,30.4579
AVAXUSDT,BUY,LIMIT,1702075526812,7,30.4444
AVAXUSDT,BUY,LIMIT,1702075527988,8,30.4613
AVAXUSDT,BUY,LIMIT,1702075529071,3,30.5020
AVAXUSDT,BUY,LIMIT,1702075531128,979,30.6027
AVAXUSDT,BUY,LIMIT,1702075532348,7,30.5284
AVAXUSDT,BUY,LIMIT,1702075533507,1,30.5371
AVAXUSDT,BUY,LIMIT,1702075535365,211,30.5777
AVAXUSDT,BUY,LIMIT,1702075536418,5,30.5890
AVAXUSDT,BUY,LIMIT,1702075556328,70,30.5732
AVAXUSDT,SELL,LIMIT,1702075746329,1,30.0100
AVAXUSDT,SELL,LIMIT,1702075829385,4,29.9493
AVAXUSDT,SELL,LIMIT,1702075975072,18,29.8798
AVAXUSDT,SELL,LIMIT,1702075976332,9,29.8671
AVAXUSDT,SELL,LIMIT,1702076046418,16,29.8012
AVAXUSDT,SELL,LIMIT,1702076225612,7,29.7921
AVAXUSDT,SELL,LIMIT,1702076248932,9,29.7494
AVAXUSDT,SELL,LIMIT,1702076250675,6,29.7139
AVAXUSDT,BUY,LIMIT,1702076745568,3,30.3624
AVAXUSDT,BUY,LIMIT,1702076748402,59,30.3820
AVAXUSDT,BUY,LIMIT,1702076749469,5,30.3998
AVAXUSDT,BUY,LIMIT,1702076750712,1,30.4096
AVAXUSDT,BUY,LIMIT,1702076753088,11,30.4202
AVAXUSDT,BUY,LIMIT,1702076785611,66,30.4584
AVAXUSDT,BUY,LIMIT,1702077033276,331,30.4909
AVAXUSDT,BUY,LIMIT,1702077663395,6,30.4860
AVAXUSDT,BUY,LIMIT,1702077756588,2,30.5136
AVAXUSDT,BUY,LIMIT,1702077828776,2,30.5281
AVAXUSDT,BUY,LIMIT,1702077862754,1,30.5956
AVAXUSDT,BUY,LIMIT,1702077875116,68,30.6410
AVAXUSDT,BUY,LIMIT,1702077876184,1,30.6332
AVAXUSDT,BUY,LIMIT,1702077931188,1,30.6632
AVAXUSDT,BUY,LIMIT,1702077932905,5,30.6682
AVAXUSDT,BUY,LIMIT,1702077933999,2,30.6689
AVAXUSDT,BUY,LIMIT,1702077936107,12,30.6835
AVAXUSDT,BUY,LIMIT,1702077938277,17,30.6894
AVAXUSDT,BUY,LIMIT,1702077939423,344,30.7292
AVAXUSDT,BUY,LIMIT,1702077940582,71,30.7184
AVAXUSDT,BUY,LIMIT,1702077941651,13,30.7224
AVAXUSDT,BUY,LIMIT,1702077945371,2,30.7325
AVAXUSDT,BUY,LIMIT,1702077948131,5,30.7428
AVAXUSDT,BUY,LIMIT,1702078030536,63,30.7337
AVAXUSDT,BUY,LIMIT,1702078059667,366,30.7791
AVAXUSDT,BUY,LIMIT,1702078061256,8,30.7633
AVAXUSDT,BUY,LIMIT,1702078064323,337,30.7926
AVAXUSDT,BUY,LIMIT,1702078133337,33,30.7753
AVAXUSDT,BUY,LIMIT,1702078134721,420,30.8139
AVAXUSDT,BUY,LIMIT,1702078136085,9,30.7875
AVAXUSDT,BUY,LIMIT,1702078157684,5,30.7910
AVAXUSDT,BUY,LIMIT,1702078165263,862,30.8537
AVAXUSDT,BUY,LIMIT,1702078166952,1,30.7958
AVAXUSDT,BUY,LIMIT,1702078168466,1,30.8006
AVAXUSDT,BUY,LIMIT,1702078169509,82,30.8028
AVAXUSDT,BUY,LIMIT,1702078171577,230,30.8285
AVAXUSDT,BUY,LIMIT,1702078173266,11,30.8263
AVAXUSDT,BUY,LIMIT,1702078182058,10,30.8883
AVAXUSDT,BUY,LIMIT,1702078183130,213,30.8853
AVAXUSDT,BUY,LIMIT,1702078374234,2,30.8958
AVAXUSDT,BUY,LIMIT,1702078380895,34,30.9004
AVAXUSDT,BUY,LIMIT,1702078382626,5,30.9015
AVAXUSDT,BUY,LIMIT,1702078502987,1,30.8160
AVAXUSDT,BUY,LIMIT,1702078504193,8,30.8186
AVAXUSDT,BUY,LIMIT,1702078514100,101,30.7680
AVAXUSDT,BUY,LIMIT,1702078607708,12,30.6655
AVAXUSDT,BUY,LIMIT,1702078609448,2,30.8178
AVAXUSDT,BUY,LIMIT,1702078884170,1,30.6847
AVAXUSDT,BUY,LIMIT,1702078943204,7,30.8374
AVAXUSDT,BUY,LIMIT,1702079062079,4,30.8605
AVAXUSDT,BUY,LIMIT,1702079086165,851,30.9039
AVAXUSDT,BUY,LIMIT,1702079126959,167,30.9058
AVAXUSDT,BUY,LIMIT,1702079133294,22,30.9089
AVAXUSDT,BUY,LIMIT,1702079151096,16,30.9202
AVAXUSDT,BUY,LIMIT,1702079152915,4,30.9249
AVAXUSDT,BUY,LIMIT,1702079158570,2,30.9315
AVAXUSDT,BUY,LIMIT,1702079160156,10,30.9362
AVAXUSDT,BUY,LIMIT,1702079163376,31,30.9386
AVAXUSDT,BUY,LIMIT,1702079165042,454,30.9800
AVAXUSDT,BUY,LIMIT,1702079174202,6,30.9418
AVAXUSDT,BUY,LIMIT,1702079191977,45,30.9459
AVAXUSDT,BUY,LIMIT,1702079208327,38,30.9459
AVAXUSDT,BUY,LIMIT,1702079220439,48,30.9540
AVAXUSDT,BUY,LIMIT,1702079222107,13,30.9647
AVAXUSDT,BUY,LIMIT,1702079225296,60,30.9722
AVAXUSDT,SELL,LIMIT,1702079978276,12,30.3066
AVAXUSDT,SELL,LIMIT,1702079982324,163,30.2849
AVAXUSDT,SELL,LIMIT,1702079987069,50,30.2762
AVAXUSDT,SELL,LIMIT,1702079993122,13,30.2511
AVAXUSDT,SELL,LIMIT,1702079994143,3,30.2578
AVAXUSDT,BUY,LIMIT,1702080059222,46,30.7613
AVAXUSDT,BUY,LIMIT,1702080065402,36,30.8334
AVAXUSDT,BUY,LIMIT,1702080073259,13,30.8498
AVAXUSDT,BUY,LIMIT,1702080097467,2,30.9301
AVAXUSDT,BUY,LIMIT,1702080104119,9,30.9613
AVAXUSDT,BUY,LIMIT,1702080111067,5,30.9847
AVAXUSDT,BUY,LIMIT,1702080113157,2,30.9970
AVAXUSDT,BUY,LIMIT,1702080114284,41,31.0094
AVAXUSDT,BUY,LIMIT,1702080115462,8,31.0021
AVAXUSDT,BUY,LIMIT,1702080116819,23,31.0098
AVAXUSDT,BUY,LIMIT,1702080143132,1,31.0254
AVAXUSDT,BUY,LIMIT,1702080145616,8,31.0312
AVAXUSDT,BUY,LIMIT,1702080146669,230,31.0471
AVAXUSDT,BUY,LIMIT,1702080148480,2,31.0419
AVAXUSDT,BUY,LIMIT,1702080158952,70,31.0458
AVAXUSDT,BUY,LIMIT,1702080186196,11,31.0491
AVAXUSDT,BUY,LIMIT,1702080198574,4,31.0577
AVAXUSDT,BUY,LIMIT,1702080201095,389,31.0950
AVAXUSDT,BUY,LIMIT,1702080219196,10,31.0699
AVAXUSDT,BUY,LIMIT,1702080220255,36,31.0719
AVAXUSDT,BUY,LIMIT,1702080223724,5,31.0877
AVAXUSDT,BUY,LIMIT,1702080225489,16,31.0952
AVAXUSDT,BUY,LIMIT,1702080226792,2,31.1055
AVAXUSDT,BUY,LIMIT,1702080230826,10,31.1124
AVAXUSDT,BUY,LIMIT,1702080235058,4,31.1683
AVAXUSDT,BUY,LIMIT,1702080236125,44,31.1558
AVAXUSDT,BUY,LIMIT,1702080242226,53,31.1722
AVAXUSDT,BUY,LIMIT,1702080244038,28,31.1879
AVAXUSDT,BUY,LIMIT,1702080245636,18,31.1983
AVAXUSDT,BUY,LIMIT,1702080246843,16,31.2130
AVAXUSDT,BUY,LIMIT,1702080248252,178,31.2264
AVAXUSDT,BUY,LIMIT,1702080249383,3,31.2541
AVAXUSDT,BUY,LIMIT,1702080250561,19,31.2541
AVAXUSDT,BUY,LIMIT,1702080254089,3,31.2626
AVAXUSDT,BUY,LIMIT,1702080255144,32,31.2819
AVAXUSDT,BUY,LIMIT,1702080256395,12,31.2726
AVAXUSDT,BUY,LIMIT,1702080257406,21,31.2826
AVAXUSDT,BUY,LIMIT,1702080259051,45,31.3445
AVAXUSDT,BUY,LIMIT,1702080260143,1,31.3539
AVAXUSDT,BUY,LIMIT,1702080261175,122,31.3800
AVAXUSDT,BUY,LIMIT,1702080262191,74,31.4080
AVAXUSDT,BUY,LIMIT,1702080263367,1,31.4463
AVAXUSDT,BUY,LIMIT,1702080266185,8,31.4507
AVAXUSDT,BUY,LIMIT,1702080267393,685,31.4941
AVAXUSDT,BUY,LIMIT,1702080268567,62,31.4578
AVAXUSDT,BUY,LIMIT,1702080269698,9,31.4918
AVAXUSDT,BUY,LIMIT,1702080271131,2,31.5091
AVAXUSDT,BUY,LIMIT,1702080272279,16,31.5316
AVAXUSDT,BUY,LIMIT,1702080274180,34,31.5411
AVAXUSDT,BUY,LIMIT,1702080275342,2,31.5674
AVAXUSDT,BUY,LIMIT,1702080276413,29,31.5833
AVAXUSDT,BUY,LIMIT,1702080317072,28,31.5109
AVAXUSDT,SELL,LIMIT,1702080321690,26,31.0938
AVAXUSDT,BUY,LIMIT,1702080518004,3,31.4163
AVAXUSDT,BUY,LIMIT,1702080555554,34,31.5329
AVAXUSDT,BUY,LIMIT,1702080688078,16,31.5708
AVAXUSDT,BUY,LIMIT,1702080750076,3,31.6026
AVAXUSDT,BUY,LIMIT,1702080754225,50,31.6050
AVAXUSDT,BUY,LIMIT,1702080758494,241,31.6383
AVAXUSDT,BUY,LIMIT,1702080760206,4,31.6237
AVAXUSDT,BUY,LIMIT,1702080763074,1,31.6356
AVAXUSDT,BUY,LIMIT,1702080764137,6,31.6622
AVAXUSDT,BUY,LIMIT,1702080765207,92,31.6574
AVAXUSDT,BUY,LIMIT,1702080766267,7,31.6866
AVAXUSDT,BUY,LIMIT,1702080767652,5,31.7128
AVAXUSDT,BUY,LIMIT,1702080769168,159,31.7158
AVAXUSDT,BUY,LIMIT,1702080775192,4,31.7339
AVAXUSDT,BUY,LIMIT,1702080776211,45,31.7590
AVAXUSDT,BUY,LIMIT,1702080777525,1593,31.8521
AVAXUSDT,BUY,LIMIT,1702080778567,268,31.7843
AVAXUSDT,BUY,LIMIT,1702080779576,2,31.7908
AVAXUSDT,BUY,LIMIT,1702080781489,5,31.8219
AVAXUSDT,BUY,LIMIT,1702080782753,20,31.8303
AVAXUSDT,BUY,LIMIT,1702080791167,25,31.8328
AVAXUSDT,BUY,LIMIT,1702080792375,159,31.8316
AVAXUSDT,BUY,LIMIT,1702080795908,20,31.8437
AVAXUSDT,BUY,LIMIT,1702080798065,75,31.8771
AVAXUSDT,BUY,LIMIT,1702080799322,5,31.8558
AVAXUSDT,BUY,LIMIT,1702080803425,75,31.8831
AVAXUSDT,BUY,LIMIT,1702080805161,17,31.9035
AVAXUSDT,BUY,LIMIT,1702080806342,13,31.9093
AVAXUSDT,SELL,LIMIT,1702081038414,15,31.3024
AVAXUSDT,SELL,LIMIT,1702081039419,157,31.2967
AVAXUSDT,BUY,LIMIT,1702081246522,25,31.8334
AVAXUSDT,BUY,LIMIT,1702081279376,3,31.8049
AVAXUSDT,BUY,LIMIT,1702081284874,3,31.8460
AVAXUSDT,BUY,LIMIT,1702081295235,4,31.9295
AVAXUSDT,BUY,LIMIT,1702081296501,16,31.9303
AVAXUSDT,BUY,LIMIT,1702081297670,126,31.9399
AVAXUSDT,BUY,LIMIT,1702081299066,25,31.9589
AVAXUSDT,BUY,LIMIT,1702081301186,20,31.9619
AVAXUSDT,BUY,LIMIT,1702081347236,9,31.9672
AVAXUSDT,BUY,LIMIT,1702081355239,2,31.9723
AVAXUSDT,BUY,LIMIT,1702081403143,220,32.0239
AVAXUSDT,BUY,LIMIT,1702081404195,2,32.0095
AVAXUSDT,BUY,LIMIT,1702081407966,6,32.0193
AVAXUSDT,BUY,LIMIT,1702081409409,2,32.0273
AVAXUSDT,BUY,LIMIT,1702081455708,54,32.0302
AVAXUSDT,BUY,LIMIT,1702081511352,20,32.0326
AVAXUSDT,BUY,LIMIT,1702081559002,100,32.0236
AVAXUSDT,BUY,LIMIT,1702081562416,32,32.0464
AVAXUSDT,BUY,LIMIT,1702081635436,2,31.9127
AVAXUSDT,BUY,LIMIT,1702081674183,4,31.9267
AVAXUSDT,BUY,LIMIT,1702081703628,768,32.0674
AVAXUSDT,BUY,LIMIT,1702081734869,144,32.0002
AVAXUSDT,BUY,LIMIT,1702081777177,40,31.9674
AVAXUSDT,BUY,LIMIT,1702081933344,22,31.9057
AVAXUSDT,BUY,LIMIT,1702081955215,8,31.9539
AVAXUSDT,BUY,LIMIT,1702081973889,7,31.9846
AVAXUSDT,BUY,LIMIT,1702081974950,51,31.9898
AVAXUSDT,BUY,LIMIT,1702082037373,25,31.9559
AVAXUSDT,BUY,LIMIT,1702082071228,753,32.0440
AVAXUSDT,BUY,LIMIT,1702082075062,9,32.0132
AVAXUSDT,BUY,LIMIT,1702082105322,2,31.9278
AVAXUSDT,BUY,LIMIT,1702082300224,27,31.9620
AVAXUSDT,SELL,LIMIT,1702082398538,2,31.4040
AVAXUSDT,SELL,LIMIT,1702082428746,50,31.3977
AVAXUSDT,SELL,LIMIT,1702082473038,21,31.3829
AVAXUSDT,SELL,LIMIT,1702082476441,23,31.3711
AVAXUSDT,SELL,LIMIT,1702082478336,3,31.3540
AVAXUSDT,SELL,LIMIT,1702082485159,39,31.3457
AVAXUSDT,SELL,LIMIT,1702082515692,156,31.3303
AVAXUSDT,SELL,LIMIT,1702082517579,19,31.3218
AVAXUSDT,SELL,LIMIT,1702082519011,23,31.3121
AVAXUSDT,BUY,LIMIT,1702082657674,1,31.7178
AVAXUSDT,BUY,LIMIT,1702083156845,17,31.4841
AVAXUSDT,BUY,LIMIT,1702083491307,37,31.8921
AVAXUSDT,BUY,LIMIT,1702083501541,26,31.9271
AVAXUSDT,SELL,LIMIT,1702083648399,12,31.3883
AVAXUSDT,SELL,LIMIT,1702083720614,2,31.3375
AVAXUSDT,SELL,LIMIT,1702083936241,8,31.3024
AVAXUSDT,SELL,LIMIT,1702084013506,36,31.2723
AVAXUSDT,SELL,LIMIT,1702084045472,1,31.2497
AVAXUSDT,SELL,LIMIT,1702084054330,24,31.2230
AVAXUSDT,SELL,LIMIT,1702084070354,24,31.1984
AVAXUSDT,SELL,LIMIT,1702084072672,157,31.1924
AVAXUSDT,SELL,LIMIT,1702084074202,62,31.1784
AVAXUSDT,SELL,LIMIT,1702084090350,6,31.1715
AVAXUSDT,SELL,LIMIT,1702084092552,34,31.1611
AVAXUSDT,SELL,LIMIT,1702084100210,50,31.1128
AVAXUSDT,SELL,LIMIT,1702084101355,116,31.1214
AVAXUSDT,SELL,LIMIT,1702084102987,201,31.0775
AVAXUSDT,SELL,LIMIT,1702084165177,33,31.0861
AVAXUSDT,SELL,LIMIT,1702084166371,2,31.0934
AVAXUSDT,SELL,LIMIT,1702084174701,149,31.0766
AVAXUSDT,SELL,LIMIT,1702084194474,69,31.0493
AVAXUSDT,SELL,LIMIT,1702084223272,14,31.0454
AVAXUSDT,SELL,LIMIT,1702084224769,39,31.0371
AVAXUSDT,BUY,LIMIT,1702085543058,14,31.6861
AVAXUSDT,BUY,LIMIT,1702085549359,52,31.7062
AVAXUSDT,BUY,LIMIT,1702085550947,23,31.7084
AVAXUSDT,BUY,LIMIT,1702085555500,157,31.7369
AVAXUSDT,BUY,LIMIT,1702085599317,6,31.8274
AVAXUSDT,BUY,LIMIT,1702085601580,11,31.8457
AVAXUSDT,BUY,LIMIT,1702085626868,5,31.8527
AVAXUSDT,BUY,LIMIT,1702085715006,15,31.8549
AVAXUSDT,BUY,LIMIT,1702085717109,75,31.8673
AVAXUSDT,BUY,LIMIT,1702085727248,1,31.9225
AVAXUSDT,BUY,LIMIT,1702085740945,1,31.9543
AVAXUSDT,BUY,LIMIT,1702085763364,22,31.9910
AVAXUSDT,BUY,LIMIT,1702085766073,63,32.0236
AVAXUSDT,BUY,LIMIT,1702085788163,3,32.0541
AVAXUSDT,BUY,LIMIT,1702085789961,141,32.0690
AVAXUSDT,BUY,LIMIT,1702085792590,1,32.0840
AVAXUSDT,BUY,LIMIT,1702085793618,4,32.1110
AVAXUSDT,BUY,LIMIT,1702085794716,2,32.1316
AVAXUSDT,BUY,LIMIT,1702085800373,157,32.1568
AVAXUSDT,BUY,LIMIT,1702085801582,460,32.2003
AVAXUSDT,BUY,LIMIT,1702085803211,13,32.1881
AVAXUSDT,BUY,LIMIT,1702085804236,32,32.1869
AVAXUSDT,BUY,LIMIT,1702085805417,8,32.1994
AVAXUSDT,BUY,LIMIT,1702085808317,80,32.2023
AVAXUSDT,BUY,LIMIT,1702085810601,2,32.2041
AVAXUSDT,BUY,LIMIT,1702085811714,4,32.2087
AVAXUSDT,BUY,LIMIT,1702085814197,2,32.2283
AVAXUSDT,BUY,LIMIT,1702085815236,8,32.2252
AVAXUSDT,BUY,LIMIT,1702085816244,13,32.2432
AVAXUSDT,BUY,LIMIT,1702085817573,8,32.2725
AVAXUSDT,BUY,LIMIT,1702085819257,159,32.2743
AVAXUSDT,BUY,LIMIT,1702085940005,1,32.2782
AVAXUSDT,BUY,LIMIT,1702085941150,30,32.2834
AVAXUSDT,BUY,LIMIT,1702085942207,78,32.2969
AVAXUSDT,BUY,LIMIT,1702085945296,1,32.3117
AVAXUSDT,BUY,LIMIT,1702085946408,95,32.3111
AVAXUSDT,BUY,LIMIT,1702085948773,66,32.3212
AVAXUSDT,BUY,LIMIT,1702085950784,12,32.3343
AVAXUSDT,BUY,LIMIT,1702085951807,48,32.3378
AVAXUSDT,BUY,LIMIT,1702085953097,156,32.3383
AVAXUSDT,BUY,LIMIT,1702085955238,15,32.3444
AVAXUSDT,BUY,LIMIT,1702085956351,36,32.3426
AVAXUSDT,BUY,LIMIT,1702085959128,157,32.3498
AVAXUSDT,BUY,LIMIT,1702085960164,7,32.3494
AVAXUSDT,BUY,LIMIT,1702085962069,57,32.3759
AVAXUSDT,BUY,LIMIT,1702086497656,525,32.2977
AVAXUSDT,SELL,LIMIT,1702086665543,10,31.7377
AVAXUSDT,SELL,LIMIT,1702086667205,155,31.7004
AVAXUSDT,SELL,LIMIT,1702086675258,5,31.6651
AVAXUSDT,SELL,LIMIT,1702086678438,103,31.6539
AVAXUSDT,SELL,LIMIT,1702086683339,155,31.5968
AVAXUSDT,SELL,LIMIT,1702086730568,155,31.5696
AVAXUSDT,SELL,LIMIT,1702086731571,62,31.5596
AVAXUSDT,SELL,LIMIT,1702086733137,15,31.5346
AVAXUSDT,SELL,LIMIT,1702086870178,117,31.3574
AVAXUSDT,SELL,LIMIT,1702086871240,65,31.3953
AVAXUSDT,SELL,LIMIT,1702086906931,140,31.2891
AVAXUSDT,SELL,LIMIT,1702086956267,8,31.2805
AVAXUSDT,SELL,LIMIT,1702086958249,157,31.2641
AVAXUSDT,SELL,LIMIT,1702086959404,781,31.1896
AVAXUSDT,SELL,LIMIT,1702086961184,13,31.2271
AVAXUSDT,SELL,LIMIT,1702087124314,62,31.2226
AVAXUSDT,SELL,LIMIT,1702087138261,70,31.1874
AVAXUSDT,SELL,LIMIT,1702087139284,158,31.0486
AVAXUSDT,SELL,LIMIT,1702087140488,5,31.1358
AVAXUSDT,SELL,LIMIT,1702087149192,9,31.0235
AVAXUSDT,SELL,LIMIT,1702087154104,35,31.0121
AVAXUSDT,SELL,LIMIT,1702087206259,4,31.0041
AVAXUSDT,SELL,LIMIT,1702087208786,152,30.9943
AVAXUSDT,SELL,LIMIT,1702087210538,9,30.9836
AVAXUSDT,SELL,LIMIT,1702087214743,97,30.9473
AVAXUSDT,SELL,LIMIT,1702087217796,78,30.9409
AVAXUSDT,SELL,LIMIT,1702087326340,47,30.9171
AVAXUSDT,SELL,LIMIT,1702087327430,4,30.9272
AVAXUSDT,SELL,LIMIT,1702087328455,13,30.8619
AVAXUSDT,SELL,LIMIT,1702087329483,6,30.8345
AVAXUSDT,SELL,LIMIT,1702087338127,10,30.7897
AVAXUSDT,SELL,LIMIT,1702087340097,6,30.7746
AVAXUSDT,SELL,LIMIT,1702087341761,24,30.7621
AVAXUSDT,SELL,LIMIT,1702087347203,8,30.7460
AVAXUSDT,SELL,LIMIT,1702087348444,3,30.7517
AVAXUSDT,SELL,LIMIT,1702087351200,3,30.7299
AVAXUSDT,SELL,LIMIT,1702087352757,7,30.7258
AVAXUSDT,SELL,LIMIT,1702087353770,106,30.7082
AVAXUSDT,SELL,LIMIT,1702087377494,113,30.6663
AVAXUSDT,SELL,LIMIT,1702087378511,385,30.6403
AVAXUSDT,SELL,LIMIT,1702087457261,118,30.6242
AVAXUSDT,SELL,LIMIT,1702087462742,5,30.6149
AVAXUSDT,SELL,LIMIT,1702087463944,10,30.5675
AVAXUSDT,SELL,LIMIT,1702087465046,4,30.5292
AVAXUSDT,SELL,LIMIT,1702087466348,2,30.5345
AVAXUSDT,SELL,LIMIT,1702087467606,16,30.5197
AVAXUSDT,SELL,LIMIT,1702087741152,2,30.7629
AVAXUSDT,BUY,LIMIT,1702088298252,5,31.2158
AVAXUSDT,BUY,LIMIT,1702088347308,162,31.2551
AVAXUSDT,BUY,LIMIT,1702088400884,1,31.3210
AVAXUSDT,BUY,LIMIT,1702088480470,34,31.3677
AVAXUSDT,BUY,LIMIT,1702088482304,33,31.3750
AVAXUSDT,BUY,LIMIT,1702088507747,7,31.4042
AVAXUSDT,BUY,LIMIT,1702089067500,1,31.5125
AVAXUSDT,BUY,LIMIT,1702089311286,147,31.5584
AVAXUSDT,BUY,LIMIT,1702089782393,23,31.6903
AVAXUSDT,BUY,LIMIT,1702089863533,45,31.7509
AVAXUSDT,BUY,LIMIT,1702089871351,16,31.7698
AVAXUSDT,BUY,LIMIT,1702089908635,8,31.8177
AVAXUSDT,BUY,LIMIT,1702090554066,4,31.8309
AVAXUSDT,BUY,LIMIT,1702090636055,1,31.8555
AVAXUSDT,BUY,LIMIT,1702090638062,29,31.8589
AVAXUSDT,BUY,LIMIT,1702090643265,1,31.8869
AVAXUSDT,BUY,LIMIT,1702090659286,50,31.9452
AVAXUSDT,SELL,LIMIT,1702091249340,4,31.7467
AVAXUSDT,BUY,LIMIT,1702091252447,10,32.0375
AVAXUSDT,BUY,LIMIT,1702091266960,1,32.0143
AVAXUSDT,BUY,LIMIT,1702091724369,186,32.0702
AVAXUSDT,BUY,LIMIT,1702091727263,157,32.0656
AVAXUSDT,BUY,LIMIT,1702091746765,86,32.1221
AVAXUSDT,BUY,LIMIT,1702091768261,161,32.1253
AVAXUSDT,BUY,LIMIT,1702091779009,89,32.1444
AVAXUSDT,BUY,LIMIT,1702091784669,157,32.1536
AVAXUSDT,BUY,LIMIT,1702091786479,12,32.1669
AVAXUSDT,BUY,LIMIT,1702091820961,1,32.1817
AVAXUSDT,BUY,LIMIT,1702091928370,1,32.1811
AVAXUSDT,BUY,LIMIT,1702091934127,3,32.1861
AVAXUSDT,BUY,LIMIT,1702091950335,2,32.2138
AVAXUSDT,BUY,LIMIT,1702092200421,87,32.1647
AVAXUSDT,BUY,LIMIT,1702092331123,34,32.2406
AVAXUSDT,BUY,LIMIT,1702092344064,13,32.2556
AVAXUSDT,BUY,LIMIT,1702092346645,4,32.2668
AVAXUSDT,BUY,LIMIT,1702092347669,8,32.2928
AVAXUSDT,BUY,LIMIT,1702092423319,118,32.3340
AVAXUSDT,BUY,LIMIT,1702092450981,3,32.3386
AVAXUSDT,BUY,LIMIT,1702092464131,56,32.3481
AVAXUSDT,BUY,LIMIT,1702092580129,305,32.2977
AVAXUSDT,BUY,LIMIT,1702092581924,72,32.2725
AVAXUSDT,BUY,LIMIT,1702092600258,7,32.3120
AVAXUSDT,BUY,LIMIT,1702092602375,5,32.3281
AVAXUSDT,SELL,LIMIT,1702093350050,12,31.7031
AVAXUSDT,SELL,LIMIT,1702093359243,3,31.6657
AVAXUSDT,SELL,LIMIT,1702093379518,55,31.6467
AVAXUSDT,SELL,LIMIT,1702093381156,5,31.6365
AVAXUSDT,BUY,LIMIT,1702094550829,2,32.2020
AVAXUSDT,BUY,LIMIT,1702094552163,1,32.2040
AVAXUSDT,BUY,LIMIT,1702094558222,123,32.2663
AVAXUSDT,BUY,LIMIT,1702094559304,4,32.2556
AVAXUSDT,BUY,LIMIT,1702094579197,254,32.3183
AVAXUSDT,BUY,LIMIT,1702094580260,8,32.3095
AVAXUSDT,BUY,LIMIT,1702094616202,3,32.2765
AVAXUSDT,BUY,LIMIT,1702094617864,19,32.2926
AVAXUSDT,BUY,LIMIT,1702094626958,7,32.3093
AVAXUSDT,BUY,LIMIT,1702094836294,11,32.1920
AVAXUSDT,SELL,LIMIT,1702094933385,126,31.6930
AVAXUSDT,SELL,LIMIT,1702095050114,7,31.5369
AVAXUSDT,SELL,LIMIT,1702095052385,25,31.5160
AVAXUSDT,SELL,LIMIT,1702095077398,2,31.4960
AVAXUSDT,SELL,LIMIT,1702095098015,776,31.3778
AVAXUSDT,SELL,LIMIT,1702095258053,608,31.3298
AVAXUSDT,BUY,LIMIT,1702096358528,6,31.7832
AVAXUSDT,SELL,LIMIT,1702097048174,149,31.3541
AVAXUSDT,SELL,LIMIT,1702097060695,1,31.3436
AVAXUSDT,BUY,LIMIT,1702097212156,15,31.8818
AVAXUSDT,BUY,LIMIT,1702097281772,16,31.9450
AVAXUSDT,BUY,LIMIT,1702097548299,118,31.9550
AVAXUSDT,BUY,LIMIT,1702097551859,17,31.9605
AVAXUSDT,BUY,LIMIT,1702097555348,15,31.9781
AVAXUSDT,BUY,LIMIT,1702097557182,3,31.9923
AVAXUSDT,BUY,LIMIT,1702097656104,65,32.1228
AVAXUSDT,BUY,LIMIT,1702097660610,2,32.1198
AVAXUSDT,BUY,LIMIT,1702098096087,32,32.1764
AVAXUSDT,BUY,LIMIT,1702098162088,9,32.2305
AVAXUSDT,BUY,LIMIT,1702099077679,300,32.0623
AVAXUSDT,SELL,LIMIT,1702099205104,74,31.5821
AVAXUSDT,SELL,LIMIT,1702099657512,21,31.5009
AVAXUSDT,BUY,LIMIT,1702100456348,13,32.0786
AVAXUSDT,BUY,LIMIT,1702100649911,126,32.0957
AVAXUSDT,BUY,LIMIT,1702100872896,157,32.1707
AVAXUSDT,BUY,LIMIT,1702100956022,169,32.1602
AVAXUSDT,BUY,LIMIT,1702101200168,9,32.1784
AVAXUSDT,BUY,LIMIT,1702101204887,807,32.2562
AVAXUSDT,BUY,LIMIT,1702101234646,50,32.2207
AVAXUSDT,BUY,LIMIT,1702101644302,35,32.1549
AVAXUSDT,BUY,LIMIT,1702102074178,20,32.0455
AVAXUSDT,BUY,LIMIT,1702102078277,123,32.0586
AVAXUSDT,BUY,LIMIT,1702102150362,5,32.0964
AVAXUSDT,BUY,LIMIT,1702102322402,27,32.2746
AVAXUSDT,BUY,LIMIT,1702102330366,784,32.3347
AVAXUSDT,BUY,LIMIT,1702102332853,4,32.2880
AVAXUSDT,BUY,LIMIT,1702102344105,4,32.3102
AVAXUSDT,BUY,LIMIT,1702102345325,6,32.3272
AVAXUSDT,SELL,LIMIT,1702102356638,2,32.0438
AVAXUSDT,BUY,LIMIT,1702102393002,1,32.0470
AVAXUSDT,SELL,LIMIT,1702102408797,23,31.7134
AVAXUSDT,SELL,LIMIT,1702102430249,34,31.6671
AVAXUSDT,SELL,LIMIT,1702102461543,24,31.6267
AVAXUSDT,SELL,LIMIT,1702102467961,4,31.6191
AVAXUSDT,SELL,LIMIT,1702102472892,9,31.5893
AVAXUSDT,SELL,LIMIT,1702102478273,4,31.5799
AVAXUSDT,SELL,LIMIT,1702102494143,3,31.5700
AVAXUSDT,SELL,LIMIT,1702102495230,2,31.5735
AVAXUSDT,SELL,LIMIT,1702102497116,14,31.5458
AVAXUSDT,BUY,LIMIT,1702102616946,3,32.0985
AVAXUSDT,BUY,LIMIT,1702102643277,21,32.2228
AVAXUSDT,BUY,LIMIT,1702102645512,1,32.2263
AVAXUSDT,BUY,LIMIT,1702102653511,1,32.2891
AVAXUSDT,BUY,LIMIT,1702102809508,50,32.2195
AVAXUSDT,BUY,LIMIT,1702102900727,14,32.1067
AVAXUSDT,BUY,LIMIT,1702102906902,1,32.1176
AVAXUSDT,BUY,LIMIT,1702103091189,1,32.1870
AVAXUSDT,BUY,LIMIT,1702103113625,41,32.2151
AVAXUSDT,BUY,LIMIT,1702103212393,24,32.2455
AVAXUSDT,BUY,LIMIT,1702103376621,4,32.2227
AVAXUSDT,BUY,LIMIT,1702103463514,1,32.2870
AVAXUSDT,BUY,LIMIT,1702103510447,6,32.2256
AVAXUSDT,BUY,LIMIT,1702103513212,6,32.3147
AVAXUSDT,BUY,LIMIT,1702103568063,8,32.3749
AVAXUSDT,BUY,LIMIT,1702103569319,79,32.3969
AVAXUSDT,BUY,LIMIT,1702103570646,30,32.4012
AVAXUSDT,BUY,LIMIT,1702103572386,54,32.4289
AVAXUSDT,BUY,LIMIT,1702103591286,63,32.4286
AVAXUSDT,BUY,LIMIT,1702103593681,3,32.4317
AVAXUSDT,BUY,LIMIT,1702103594762,1,32.4472
AVAXUSDT,BUY,LIMIT,1702103596061,7,32.5038
AVAXUSDT,BUY,LIMIT,1702103597187,18,32.4724
AVAXUSDT,BUY,LIMIT,1702103600472,2,32.5007
AVAXUSDT,BUY,LIMIT,1702103602222,11,32.5071
AVAXUSDT,BUY,LIMIT,1702103603299,39,32.5061
AVAXUSDT,BUY,LIMIT,1702103604574,182,32.5277
AVAXUSDT,BUY,LIMIT,1702103607168,55,32.5238
AVAXUSDT,BUY,LIMIT,1702103608595,94,32.5272
AVAXUSDT,BUY,LIMIT,1702103609710,4,32.5413
AVAXUSDT,BUY,LIMIT,1702103610765,1580,32.6979
AVAXUSDT,BUY,LIMIT,1702103618066,2,32.5832
AVAXUSDT,BUY,LIMIT,1702103619143,7,32.5938
AVAXUSDT,BUY,LIMIT,1702103620321,1,32.6006
AVAXUSDT,BUY,LIMIT,1702103622540,166,32.6158
AVAXUSDT,BUY,LIMIT,1702103624683,103,32.6152
AVAXUSDT,BUY,LIMIT,1702103625711,10,32.6159
AVAXUSDT,BUY,LIMIT,1702103638369,129,32.6109
AVAXUSDT,BUY,LIMIT,1702103697271,11,32.6235
AVAXUSDT,BUY,LIMIT,1702103698465,25,32.6228
AVAXUSDT,SELL,LIMIT,1702104032229,6,31.9894
AVAXUSDT,SELL,LIMIT,1702104055803,29,31.9790
AVAXUSDT,BUY,LIMIT,1702104491276,24,32.5870
AVAXUSDT,BUY,LIMIT,1702104492499,7,32.5915
AVAXUSDT,BUY,LIMIT,1702104613415,4,32.6020
AVAXUSDT,BUY,LIMIT,1702104986409,39,32.3903
AVAXUSDT,SELL,LIMIT,1702105321311,6,31.9221
AVAXUSDT,SELL,LIMIT,1702105322386,16,31.9188
AVAXUSDT,BUY,LIMIT,1702105409755,13,32.3278
AVAXUSDT,SELL,LIMIT,1702105609030,1,31.9109
AVAXUSDT,SELL,LIMIT,1702105619229,70,31.8960
AVAXUSDT,SELL,LIMIT,1702105624434,40,31.8759
AVAXUSDT,SELL,LIMIT,1702105630011,1,31.8666
AVAXUSDT,SELL,LIMIT,1702105732818,18,31.8646
AVAXUSDT,SELL,LIMIT,1702105755988,67,31.8307
AVAXUSDT,BUY,LIMIT,1702105907763,13,32.4795
AVAXUSDT,BUY,LIMIT,1702105911695,20,32.4894
AVAXUSDT,BUY,LIMIT,1702105923085,44,32.5755
AVAXUSDT,BUY,LIMIT,1702105924112,6,32.5681
AVAXUSDT,SELL,LIMIT,1702106206583,10,31.8883
AVAXUSDT,SELL,LIMIT,1702106217120,128,31.8621
AVAXUSDT,BUY,LIMIT,1702106477964,8,32.4112
AVAXUSDT,BUY,LIMIT,1702106765748,9,32.5821
AVAXUSDT,BUY,LIMIT,1702106767229,12,32.6147
AVAXUSDT,BUY,LIMIT,1702106773103,4,32.6298
AVAXUSDT,BUY,LIMIT,1702106779196,1,32.6317
AVAXUSDT,BUY,LIMIT,1702106781443,4,32.6400
AVAXUSDT,BUY,LIMIT,1702106785601,13,32.6485
AVAXUSDT,BUY,LIMIT,1702106788163,1,32.6533
AVAXUSDT,BUY,LIMIT,1702106789259,1,32.6633
AVAXUSDT,BUY,LIMIT,1702106808112,73,32.6901
AVAXUSDT,BUY,LIMIT,1702106809580,1,32.6767
AVAXUSDT,BUY,LIMIT,1702106866137,29,32.6968
AVAXUSDT,BUY,LIMIT,1702106867153,155,32.6999
AVAXUSDT,BUY,LIMIT,1702106870303,44,32.7044
AVAXUSDT,BUY,LIMIT,1702106905351,287,32.6790
AVAXUSDT,BUY,LIMIT,1702106925994,250,32.7321
AVAXUSDT,BUY,LIMIT,1702106930330,32,32.7142
AVAXUSDT,BUY,LIMIT,1702106965842,46,32.6702
AVAXUSDT,BUY,LIMIT,1702107130132,63,32.7160
AVAXUSDT,BUY,LIMIT,1702107133859,3,32.7292
AVAXUSDT,BUY,LIMIT,1702107135272,7,32.7385
AVAXUSDT,BUY,LIMIT,1702107138726,175,32.7579
AVAXUSDT,BUY,LIMIT,1702107140076,19,32.7536
AVAXUSDT,BUY,LIMIT,1702107141099,10,32.7825
AVAXUSDT,BUY,LIMIT,1702107142277,117,32.8037
AVAXUSDT,BUY,LIMIT,1702107143490,326,32.8262
AVAXUSDT,BUY,LIMIT,1702107144758,79,32.8125
AVAXUSDT,BUY,LIMIT,1702107146424,15,32.8598
AVAXUSDT,BUY,LIMIT,1702107147471,88,32.8189
AVAXUSDT,BUY,LIMIT,1702107148962,1,32.8849
AVAXUSDT,BUY,LIMIT,1702107149978,97,32.8963
AVAXUSDT,BUY,LIMIT,1702107151017,12,32.9196
AVAXUSDT,BUY,LIMIT,1702107154259,178,32.9387
AVAXUSDT,BUY,LIMIT,1702107159298,6,32.9353
AVAXUSDT,BUY,LIMIT,1702107161050,115,32.9369
AVAXUSDT,BUY,LIMIT,1702107193189,40,32.9317
AVAXUSDT,BUY,LIMIT,1702107194936,34,32.9400
AVAXUSDT,BUY,LIMIT,1702107202218,667,33.0085
AVAXUSDT,BUY,LIMIT,1702107203341,229,32.9645
AVAXUSDT,SELL,LIMIT,1702107284448,1,32.2693
AVAXUSDT,SELL,LIMIT,1702107287161,1,32.2619
AVAXUSDT,BUY,LIMIT,1702107295144,1,32.7077
AVAXUSDT,BUY,LIMIT,1702107476322,135,32.7107
AVAXUSDT,BUY,LIMIT,1702107511274,9,32.6885
AVAXUSDT,BUY,LIMIT,1702107524332,53,32.7087
AVAXUSDT,BUY,LIMIT,1702107631965,1,32.6194
AVAXUSDT,BUY,LIMIT,1702107975195,774,32.8106
AVAXUSDT,BUY,LIMIT,1702107978909,55,32.8490
AVAXUSDT,BUY,LIMIT,1702107980239,27,32.8846
AVAXUSDT,BUY,LIMIT,1702107981969,76,32.8846
AVAXUSDT,BUY,LIMIT,1702107983018,120,32.9132
AVAXUSDT,BUY,LIMIT,1702108011077,14,32.9109
AVAXUSDT,BUY,LIMIT,1702108014117,2,32.9159
AVAXUSDT,BUY,LIMIT,1702108018414,12,32.9601
AVAXUSDT,BUY,LIMIT,1702108019484,3,32.9599
AVAXUSDT,BUY,LIMIT,1702108054444,6,32.9308
AVAXUSDT,BUY,LIMIT,1702108060450,16,32.9695
AVAXUSDT,BUY,LIMIT,1702108061651,14,33.0056
AVAXUSDT,BUY,LIMIT,1702108064081,110,33.0453
AVAXUSDT,BUY,LIMIT,1702108065220,153,33.0184
AVAXUSDT,BUY,LIMIT,1702108067886,2,33.0474
AVAXUSDT,BUY,LIMIT,1702108103041,14,33.0708
AVAXUSDT,BUY,LIMIT,1702108104059,157,33.0956
AVAXUSDT,BUY,LIMIT,1702108105075,2,33.0938
AVAXUSDT,BUY,LIMIT,1702108107917,1,33.0974
AVAXUSDT,BUY,LIMIT,1702108109551,75,33.1044
AVAXUSDT,BUY,LIMIT,1702108112124,84,33.1167
AVAXUSDT,BUY,LIMIT,1702108116628,24,33.1149
AVAXUSDT,BUY,LIMIT,1702108117699,272,33.1445
AVAXUSDT,BUY,LIMIT,1702108152509,3,33.1263
AVAXUSDT,BUY,LIMIT,1702108155194,14,33.1317
AVAXUSDT,BUY,LIMIT,1702108156284,1,33.1502
AVAXUSDT,SELL,LIMIT,1702108236533,1,32.8663
AVAXUSDT,BUY,LIMIT,1702108293834,9,32.9539
AVAXUSDT,BUY,LIMIT,1702108353230,5,33.0239
AVAXUSDT,BUY,LIMIT,1702108358696,10,33.0266
AVAXUSDT,BUY,LIMIT,1702108361228,85,32.9699
AVAXUSDT,BUY,LIMIT,1702108362395,35,33.0378
AVAXUSDT,BUY,LIMIT,1702108365710,7,33.0421
AVAXUSDT,BUY,LIMIT,1702108367281,60,33.0478
AVAXUSDT,BUY,LIMIT,1702108532626,2,33.0031
AVAXUSDT,BUY,LIMIT,1702108544895,6,32.9871
AVAXUSDT,BUY,LIMIT,1702108550088,6,33.0135
AVAXUSDT,BUY,LIMIT,1702108555051,36,33.0198
AVAXUSDT,BUY,LIMIT,1702108560111,3,33.0029
AVAXUSDT,BUY,LIMIT,1702108570132,39,33.0608
AVAXUSDT,BUY,LIMIT,1702108817954,15,33.1166
AVAXUSDT,BUY,LIMIT,1702108821185,13,33.1133
AVAXUSDT,BUY,LIMIT,1702108841117,25,33.1768
AVAXUSDT,BUY,LIMIT,1702108882938,4,33.1842
AVAXUSDT,BUY,LIMIT,1702108884300,55,33.1747
AVAXUSDT,BUY,LIMIT,1702108887875,2,33.1948
AVAXUSDT,BUY,LIMIT,1702108896459,2,33.2033
AVAXUSDT,BUY,LIMIT,1702108898549,141,33.1987
AVAXUSDT,BUY,LIMIT,1702108907254,4,33.1960
AVAXUSDT,BUY,LIMIT,1702108921666,82,33.2036
AVAXUSDT,BUY,LIMIT,1702108923247,2,33.2113
AVAXUSDT,BUY,LIMIT,1702108924997,135,33.2133
AVAXUSDT,BUY,LIMIT,1702108926132,1,33.2250
AVAXUSDT,BUY,LIMIT,1702108927164,745,33.2902
AVAXUSDT,BUY,LIMIT,1702108928251,7,33.2706
AVAXUSDT,BUY,LIMIT,1702108929721,50,33.2863
AVAXUSDT,BUY,LIMIT,1702108930728,2,33.3281
AVAXUSDT,BUY,LIMIT,1702108931809,2,33.3356
AVAXUSDT,BUY,LIMIT,1702108934203,54,33.3563
AVAXUSDT,BUY,LIMIT,1702108935274,2,33.3779
AVAXUSDT,BUY,LIMIT,1702108936347,3,33.3822
AVAXUSDT,BUY,LIMIT,1702108938075,8,33.4585
AVAXUSDT,BUY,LIMIT,1702108939195,32,33.4543
AVAXUSDT,BUY,LIMIT,1702108940239,9,33.4941
AVAXUSDT,BUY,LIMIT,1702108941240,22,33.4945
AVAXUSDT,BUY,LIMIT,1702108942266,64,33.5023
AVAXUSDT,BUY,LIMIT,1702108994547,12,33.5201
AVAXUSDT,BUY,LIMIT,1702108997764,5,33.5416
AVAXUSDT,BUY,LIMIT,1702109002584,310,33.5716
AVAXUSDT,BUY,LIMIT,1702109004048,25,33.5583
AVAXUSDT,BUY,LIMIT,1702109005320,8,33.5504
AVAXUSDT,BUY,LIMIT,1702109006324,10,33.6053
AVAXUSDT,BUY,LIMIT,1702109007394,5,33.5932
AVAXUSDT,BUY,LIMIT,1702109008402,20,33.6082
AVAXUSDT,BUY,LIMIT,1702109009445,41,33.6226
AVAXUSDT,BUY,LIMIT,1702109012030,44,33.6300
AVAXUSDT,BUY,LIMIT,1702109021460,508,33.6743
AVAXUSDT,BUY,LIMIT,1702109022599,320,33.6640
AVAXUSDT,BUY,LIMIT,1702109024142,6,33.6405
AVAXUSDT,BUY,LIMIT,1702109025292,3,33.6871
AVAXUSDT,BUY,LIMIT,1702109026907,46,33.6888
AVAXUSDT,BUY,LIMIT,1702109027948,9,33.7090
AVAXUSDT,BUY,LIMIT,1702109030580,2,33.7173
AVAXUSDT,BUY,LIMIT,1702109031894,15,33.7202
AVAXUSDT,BUY,LIMIT,1702109040607,70,33.7404
AVAXUSDT,BUY,LIMIT,1702109098094,6,33.7459
AVAXUSDT,BUY,LIMIT,1702109099167,1,33.7637
AVAXUSDT,BUY,LIMIT,1702109100277,3,33.7540
AVAXUSDT,BUY,LIMIT,1702109101293,15,33.8372
AVAXUSDT,BUY,LIMIT,1702109102406,33,33.8318
AVAXUSDT,BUY,LIMIT,1702109103488,68,33.8526
AVAXUSDT,BUY,LIMIT,1702109105216,2852,34.2412
AVAXUSDT,BUY,LIMIT,1702109107172,118,33.8802
AVAXUSDT,BUY,LIMIT,1702109108234,77,33.9333
AVAXUSDT,BUY,LIMIT,1702109109277,10,33.9231
AVAXUSDT,BUY,LIMIT,1702109110296,2,33.9354
AVAXUSDT,BUY,LIMIT,1702109111300,46,33.9729
AVAXUSDT,BUY,LIMIT,1702109112326,35,33.9779
AVAXUSDT,BUY,LIMIT,1702109113487,2,33.9871
AVAXUSDT,BUY,LIMIT,1702109371915,1,33.7706
AVAXUSDT,BUY,LIMIT,1702109416214,5,33.7320
AVAXUSDT,BUY,LIMIT,1702109472684,5,33.7772
AVAXUSDT,BUY,LIMIT,1702109474842,25,33.7762
AVAXUSDT,BUY,LIMIT,1702109485812,45,33.8666
AVAXUSDT,BUY,LIMIT,1702109506768,85,33.9103
AVAXUSDT,BUY,LIMIT,1702109510170,67,33.9446
AVAXUSDT,BUY,LIMIT,1702109512829,1,33.9692
AVAXUSDT,BUY,LIMIT,1702109514013,1,33.9724
AVAXUSDT,BUY,LIMIT,1702109531070,3,34.0048
AVAXUSDT,SELL,LIMIT,1702109532978,3,33.8149
AVAXUSDT,BUY,LIMIT,1702109557122,1423,34.2049
AVAXUSDT,BUY,LIMIT,1702109558140,7,34.0501
AVAXUSDT,BUY,LIMIT,1702109559183,422,34.1487
AVAXUSDT,BUY,LIMIT,1702109560427,3,34.1038
AVAXUSDT,BUY,LIMIT,1702109567053,2,34.1265
AVAXUSDT,BUY,LIMIT,1702109634797,3,34.0825
AVAXUSDT,BUY,LIMIT,1702109642401,24,34.1305
AVAXUSDT,BUY,LIMIT,1702109643426,16,34.1350
AVAXUSDT,BUY,LIMIT,1702109645086,2,34.1572
AVAXUSDT,BUY,LIMIT,1702109646522,55,34.1858
AVAXUSDT,BUY,LIMIT,1702109722238,3,33.9880
AVAXUSDT,BUY,LIMIT,1702109723837,8,33.6631
AVAXUSDT,BUY,LIMIT,1702109741906,7,33.8644
AVAXUSDT,BUY,LIMIT,1702109751572,32,33.9499
AVAXUSDT,BUY,LIMIT,1702109772204,148,34.0165
AVAXUSDT,BUY,LIMIT,1702109775928,11,34.0976
AVAXUSDT,BUY,LIMIT,1702109777054,1500,34.2314
AVAXUSDT,BUY,LIMIT,1702109779121,59,34.1500
AVAXUSDT,BUY,LIMIT,1702109781298,129,34.1755
AVAXUSDT,BUY,LIMIT,1702109783736,1,34.1732
AVAXUSDT,BUY,LIMIT,1702109891517,2,34.0240
AVAXUSDT,BUY,LIMIT,1702109986423,1,33.2030
AVAXUSDT,BUY,LIMIT,1702110088266,108,33.8797
AVAXUSDT,BUY,LIMIT,1702110111204,145,34.0502
AVAXUSDT,BUY,LIMIT,1702110258258,56,33.9936
AVAXUSDT,BUY,LIMIT,1702110276343,9,33.9830
AVAXUSDT,BUY,LIMIT,1702110289393,31,34.0332
AVAXUSDT,BUY,LIMIT,1702110292011,12,34.0631
AVAXUSDT,BUY,LIMIT,1702110592445,5,34.1324
AVAXUSDT,BUY,LIMIT,1702110630126,35,34.0670
AVAXUSDT,SELL,LIMIT,1702110866266,5,33.5091
AVAXUSDT,SELL,LIMIT,1702110873066,35,33.4536
AVAXUSDT,SELL,LIMIT,1702110874374,3,33.3667
AVAXUSDT,SELL,LIMIT,1702110875667,5,33.3738
AVAXUSDT,SELL,LIMIT,1702110876807,12,33.3444
AVAXUSDT,SELL,LIMIT,1702110882269,22,33.3444
AVAXUSDT,SELL,LIMIT,1702110888466,8,33.3355
AVAXUSDT,SELL,LIMIT,1702110894787,2,33.3129
AVAXUSDT,SELL,LIMIT,1702110896856,136,33.3112
AVAXUSDT,SELL,LIMIT,1702110901120,53,33.3066
AVAXUSDT,SELL,LIMIT,1702110904104,42,33.2852
AVAXUSDT,SELL,LIMIT,1702110905184,51,33.2992
AVAXUSDT,SELL,LIMIT,1702110907209,4,33.3003
AVAXUSDT,SELL,LIMIT,1702110908279,1,33.2138
AVAXUSDT,SELL,LIMIT,1702110910502,147,33.1908
AVAXUSDT,SELL,LIMIT,1702110912619,29,33.1780
AVAXUSDT,SELL,LIMIT,1702110913711,53,33.1560
AVAXUSDT,SELL,LIMIT,1702110969881,4,33.1322
AVAXUSDT,SELL,LIMIT,1702110971152,7,33.0898
AVAXUSDT,SELL,LIMIT,1702110972994,22,33.0691
AVAXUSDT,SELL,LIMIT,1702110974261,12,33.0415
AVAXUSDT,SELL,LIMIT,1702110977804,26,33.0001
AVAXUSDT,SELL,LIMIT,1702110978827,127,32.9921
AVAXUSDT,SELL,LIMIT,1702110979852,4,32.9872
AVAXUSDT,SELL,LIMIT,1702110981196,10,32.9644
AVAXUSDT,SELL,LIMIT,1702110983241,148,32.9619
AVAXUSDT,SELL,LIMIT,1702110984796,81,32.9491
AVAXUSDT,SELL,LIMIT,1702110993091,298,32.8988
AVAXUSDT,SELL,LIMIT,1702110994351,31,32.9296
AVAXUSDT,SELL,LIMIT,1702111022550,25,32.9020
AVAXUSDT,SELL,LIMIT,1702111024189,41,32.8863
AVAXUSDT,SELL,LIMIT,1702111026102,149,32.8664
AVAXUSDT,SELL,LIMIT,1702111028249,97,32.7964
AVAXUSDT,SELL,LIMIT,1702111029415,50,32.8368
AVAXUSDT,SELL,LIMIT,1702111030497,49,32.7947
AVAXUSDT,SELL,LIMIT,1702111031510,1,32.7679
AVAXUSDT,SELL,LIMIT,1702111032896,7,32.7344
AVAXUSDT,SELL,LIMIT,1702111034150,85,32.7068
AVAXUSDT,SELL,LIMIT,1702111035735,1,32.6873
AVAXUSDT,SELL,LIMIT,1702111036939,8,32.6571
AVAXUSDT,SELL,LIMIT,1702111037954,58,32.5501
AVAXUSDT,BUY,LIMIT,1702111039186,3,32.8524
AVAXUSDT,SELL,LIMIT,1702111042519,17,32.5623
AVAXUSDT,SELL,LIMIT,1702111043556,47,32.4892
AVAXUSDT,BUY,LIMIT,1702111045465,2,32.8166
AVAXUSDT,BUY,LIMIT,1702111050862,76,33.0681
AVAXUSDT,SELL,LIMIT,1702111187103,1,32.4525
AVAXUSDT,SELL,LIMIT,1702111188621,31,32.4861
AVAXUSDT,SELL,LIMIT,1702111190293,69,32.4081
AVAXUSDT,SELL,LIMIT,1702111191355,304,32.3465
AVAXUSDT,SELL,LIMIT,1702111192587,2,32.3667
AVAXUSDT,SELL,LIMIT,1702111199133,59,32.3369
AVAXUSDT,SELL,LIMIT,1702111200135,119,32.3263
AVAXUSDT,SELL,LIMIT,1702111201515,1,32.3182
AVAXUSDT,SELL,LIMIT,1702111203303,93,32.2781
AVAXUSDT,SELL,LIMIT,1702111365766,114,32.3590
AVAXUSDT,SELL,LIMIT,1702111370063,2,32.3720
AVAXUSDT,SELL,LIMIT,1702111372730,114,32.2608
AVAXUSDT,SELL,LIMIT,1702111376031,31,32.2797
AVAXUSDT,SELL,LIMIT,1702111377735,23,32.2690
AVAXUSDT,SELL,LIMIT,1702111380174,11,32.2089
AVAXUSDT,SELL,LIMIT,1702111381253,1,32.2060
AVAXUSDT,BUY,LIMIT,1702111382660,1,32.5307
AVAXUSDT,SELL,LIMIT,1702111385546,1,32.1877
AVAXUSDT,SELL,LIMIT,1702111386580,10,32.1731
AVAXUSDT,SELL,LIMIT,1702111387615,81,32.1454
AVAXUSDT,SELL,LIMIT,1702111389125,2,32.2357
AVAXUSDT,SELL,LIMIT,1702111390480,31,32.1005
AVAXUSDT,BUY,LIMIT,1702111454609,75,32.7493
AVAXUSDT,BUY,LIMIT,1702111528089,14,32.8016
AVAXUSDT,BUY,LIMIT,1702111531221,109,32.8127
AVAXUSDT,BUY,LIMIT,1702111542782,153,32.8863
AVAXUSDT,BUY,LIMIT,1702111544003,17,32.9084
AVAXUSDT,BUY,LIMIT,1702111556004,21,32.9349
AVAXUSDT,BUY,LIMIT,1702111564901,18,32.9647
AVAXUSDT,BUY,LIMIT,1702111570066,3,32.9936
AVAXUSDT,BUY,LIMIT,1702111581318,100,33.0451
AVAXUSDT,BUY,LIMIT,1702111582460,15,33.0723
AVAXUSDT,BUY,LIMIT,1702111592662,1,33.1685
AVAXUSDT,BUY,LIMIT,1702111644729,36,33.2263
AVAXUSDT,BUY,LIMIT,1702111650209,5,33.2813
AVAXUSDT,BUY,LIMIT,1702111677756,14,33.2934
AVAXUSDT,BUY,LIMIT,1702111706606,17,33.3200
AVAXUSDT,BUY,LIMIT,1702111711200,3,33.4023
AVAXUSDT,BUY,LIMIT,1702111786241,304,33.4898
AVAXUSDT,SELL,LIMIT,1702111853954,94,32.8113
AVAXUSDT,SELL,LIMIT,1702111855084,53,32.7927
AVAXUSDT,SELL,LIMIT,1702112000303,70,32.7454
AVAXUSDT,SELL,LIMIT,1702112049891,150,32.7148
AVAXUSDT,SELL,LIMIT,1702112051523,6,32.6608
AVAXUSDT,SELL,LIMIT,1702112053020,4,32.6329
AVAXUSDT,SELL,LIMIT,1702112060091,9,32.6133
AVAXUSDT,SELL,LIMIT,1702112063469,9,32.6004
AVAXUSDT,SELL,LIMIT,1702112082463,1,32.5743
AVAXUSDT,SELL,LIMIT,1702112084226,4,32.5515
AVAXUSDT,SELL,LIMIT,1702112087824,25,32.5497
AVAXUSDT,SELL,LIMIT,1702112089963,8,32.5440
AVAXUSDT,SELL,LIMIT,1702112191569,6,32.5131
AVAXUSDT,SELL,LIMIT,1702112203939,16,32.4770
AVAXUSDT,SELL,LIMIT,1702112206819,3,32.4533
AVAXUSDT,SELL,LIMIT,1702112208475,1,32.4522
AVAXUSDT,SELL,LIMIT,1702112294290,50,32.4191
AVAXUSDT,SELL,LIMIT,1702112295869,4,32.4148
AVAXUSDT,SELL,LIMIT,1702112300683,152,32.3903
AVAXUSDT,SELL,LIMIT,1702112312741,24,32.3644
AVAXUSDT,SELL,LIMIT,1702112314595,1,32.3637
AVAXUSDT,SELL,LIMIT,1702112315670,302,32.3079
AVAXUSDT,SELL,LIMIT,1702112316737,96,32.3299
AVAXUSDT,SELL,LIMIT,1702112317931,132,32.3120
AVAXUSDT,SELL,LIMIT,1702112320922,1,32.2942
AVAXUSDT,SELL,LIMIT,1702112322022,2,32.2826
AVAXUSDT,BUY,LIMIT,1702112496325,10,32.9268
AVAXUSDT,BUY,LIMIT,1702112595113,153,33.0500
AVAXUSDT,BUY,LIMIT,1702112618503,28,33.1089
AVAXUSDT,BUY,LIMIT,1702112646044,1,33.1304
AVAXUSDT,BUY,LIMIT,1702112647620,19,33.1314
AVAXUSDT,SELL,LIMIT,1702112854709,21,32.5112
AVAXUSDT,SELL,LIMIT,1702112890283,107,32.4140
AVAXUSDT,BUY,LIMIT,1702113409030,8,33.0503
AVAXUSDT,BUY,LIMIT,1702113428096,2,33.0966
AVAXUSDT,BUY,LIMIT,1702113443045,115,33.1270
AVAXUSDT,BUY,LIMIT,1702113445645,8,33.1458
AVAXUSDT,BUY,LIMIT,1702113467227,1,33.2213
AVAXUSDT,BUY,LIMIT,1702113473985,12,33.2307
AVAXUSDT,BUY,LIMIT,1702113537973,47,33.2470
AVAXUSDT,BUY,LIMIT,1702113540215,8,33.0362
AVAXUSDT,BUY,LIMIT,1702113545581,145,33.2610
AVAXUSDT,BUY,LIMIT,1702113604523,152,33.2908
AVAXUSDT,BUY,LIMIT,1702113649015,72,33.2570
AVAXUSDT,BUY,LIMIT,1702113741656,53,32.8779
AVAXUSDT,BUY,LIMIT,1702113781163,4,33.2094
AVAXUSDT,SELL,LIMIT,1702113910862,2,32.9021
AVAXUSDT,BUY,LIMIT,1702114172379,35,33.2484
AVAXUSDT,SELL,LIMIT,1702114829095,68,32.6523
AVAXUSDT,SELL,LIMIT,1702114832336,123,32.6551
AVAXUSDT,SELL,LIMIT,1702114836271,2,32.6323
AVAXUSDT,SELL,LIMIT,1702114839162,151,32.6070
AVAXUSDT,SELL,LIMIT,1702114884540,24,32.5873
AVAXUSDT,SELL,LIMIT,1702114886985,151,32.5722
AVAXUSDT,SELL,LIMIT,1702114926089,12,32.5597
AVAXUSDT,SELL,LIMIT,1702114985785,4,32.5381
AVAXUSDT,SELL,LIMIT,1702115001723,6,32.4893
AVAXUSDT,SELL,LIMIT,1702115023497,16,32.4883
AVAXUSDT,SELL,LIMIT,1702115026328,4,32.4689
AVAXUSDT,SELL,LIMIT,1702115030356,30,32.4385
AVAXUSDT,SELL,LIMIT,1702115079209,11,32.4042
AVAXUSDT,SELL,LIMIT,1702115081064,152,32.3945
AVAXUSDT,SELL,LIMIT,1702115094673,152,32.3956
AVAXUSDT,SELL,LIMIT,1702115102491,18,32.3654
AVAXUSDT,SELL,LIMIT,1702115621299,14,32.3787
AVAXUSDT,BUY,LIMIT,1702116168782,96,32.9576
AVAXUSDT,BUY,LIMIT,1702116205347,3,32.9910
AVAXUSDT,BUY,LIMIT,1702116755376,152,33.1107
AVAXUSDT,BUY,LIMIT,1702116759090,61,33.1294
AVAXUSDT,BUY,LIMIT,1702116767875,70,33.1414
AVAXUSDT,BUY,LIMIT,1702116778166,134,33.1801
AVAXUSDT,BUY,LIMIT,1702117080801,1,33.2698
AVAXUSDT,SELL,LIMIT,1702117738776,151,32.7390
AVAXUSDT,BUY,LIMIT,1702118190242,93,33.3331
AVAXUSDT,BUY,LIMIT,1702118196616,90,33.3488
AVAXUSDT,BUY,LIMIT,1702118198052,7,33.3579
AVAXUSDT,BUY,LIMIT,1702118199525,10,33.4141
AVAXUSDT,BUY,LIMIT,1702118201821,10,33.4231
AVAXUSDT,BUY,LIMIT,1702118202935,5,33.4564
AVAXUSDT,BUY,LIMIT,1702118456291,1,33.4640
AVAXUSDT,BUY,LIMIT,1702118481155,19,33.4870
AVAXUSDT,BUY,LIMIT,1702118482160,1,33.4914
AVAXUSDT,BUY,LIMIT,1702118519067,12,33.5373
AVAXUSDT,BUY,LIMIT,1702118521027,150,33.5522
AVAXUSDT,BUY,LIMIT,1702119147025,74,33.5666
AVAXUSDT,BUY,LIMIT,1702119220729,15,33.6249
AVAXUSDT,BUY,LIMIT,1702119248692,10,33.6131
AVAXUSDT,BUY,LIMIT,1702119256405,2,33.6516
AVAXUSDT,BUY,LIMIT,1702119268217,145,33.6623
AVAXUSDT,BUY,LIMIT,1702119685142,23,33.6819
AVAXUSDT,BUY,LIMIT,1702119686221,152,33.6858
AVAXUSDT,BUY,LIMIT,1702119690057,79,33.7043
AVAXUSDT,BUY,LIMIT,1702119713418,8,33.7234
AVAXUSDT,BUY,LIMIT,1702119720157,22,33.7634
AVAXUSDT,BUY,LIMIT,1702119722045,28,33.7744
AVAXUSDT,BUY,LIMIT,1702119723051,303,33.8184
AVAXUSDT,BUY,LIMIT,1702119724098,9,33.8362
AVAXUSDT,BUY,LIMIT,1702119934139,373,33.7864
AVAXUSDT,BUY,LIMIT,1702120047269,15,33.8423
AVAXUSDT,BUY,LIMIT,1702120048358,1,33.8340
AVAXUSDT,BUY,LIMIT,1702120053106,233,33.8854
AVAXUSDT,BUY,LIMIT,1702120068889,1,33.8812
AVAXUSDT,BUY,LIMIT,1702120069990,15,33.8867
AVAXUSDT,BUY,LIMIT,1702120113792,281,33.9211
AVAXUSDT,BUY,LIMIT,1702120117909,15,33.9051
AVAXUSDT,BUY,LIMIT,1702120119403,1,33.9161
AVAXUSDT,BUY,LIMIT,1702120120785,2,33.9211
AVAXUSDT,BUY,LIMIT,1702120142229,3,33.9319
AVAXUSDT,BUY,LIMIT,1702120144095,2,33.9611
AVAXUSDT,BUY,LIMIT,1702120150012,90,34.0022
AVAXUSDT,BUY,LIMIT,1702120191863,1,33.9993
AVAXUSDT,BUY,LIMIT,1702120199462,47,34.0085
AVAXUSDT,BUY,LIMIT,1702120205038,1,34.0121
AVAXUSDT,BUY,LIMIT,1702120210635,9,34.0260
AVAXUSDT,BUY,LIMIT,1702120215069,17,34.0398
AVAXUSDT,BUY,LIMIT,1702120216134,8,34.0443
AVAXUSDT,BUY,LIMIT,1702120222335,50,34.0571
AVAXUSDT,BUY,LIMIT,1702120224181,10,34.0670
AVAXUSDT,BUY,LIMIT,1702120299032,2,34.0881
AVAXUSDT,BUY,LIMIT,1702120310402,1,34.0934
AVAXUSDT,BUY,LIMIT,1702120311439,1,34.0969
AVAXUSDT,BUY,LIMIT,1702120442205,22,34.0356
AVAXUSDT,BUY,LIMIT,1702120450966,8,34.1040
AVAXUSDT,BUY,LIMIT,1702120459063,12,34.1637
AVAXUSDT,BUY,LIMIT,1702120463715,15,34.1708
AVAXUSDT,BUY,LIMIT,1702120471534,27,34.1916
AVAXUSDT,BUY,LIMIT,1702120485413,37,34.1977
AVAXUSDT,BUY,LIMIT,1702120489356,113,34.2001
AVAXUSDT,BUY,LIMIT,1702120490545,3,34.2064
AVAXUSDT,BUY,LIMIT,1702120501539,100,34.2141
AVAXUSDT,BUY,LIMIT,1702120503356,22,34.2162
AVAXUSDT,BUY,LIMIT,1702120525120,40,34.1971
AVAXUSDT,SELL,LIMIT,1702120591288,1,33.5692
AVAXUSDT,BUY,LIMIT,1702120750183,21,34.1589
AVAXUSDT,BUY,LIMIT,1702120849240,4,34.2263
AVAXUSDT,BUY,LIMIT,1702120850389,64,34.2374
AVAXUSDT,BUY,LIMIT,1702120851423,44,34.2548
AVAXUSDT,BUY,LIMIT,1702120852501,45,34.2702
AVAXUSDT,BUY,LIMIT,1702120866247,1,34.3172
AVAXUSDT,BUY,LIMIT,1702120867259,383,34.3729
AVAXUSDT,BUY,LIMIT,1702120868970,3,34.3467
AVAXUSDT,BUY,LIMIT,1702120871726,23,34.3613
AVAXUSDT,BUY,LIMIT,1702120873741,8,34.3641
AVAXUSDT,BUY,LIMIT,1702120885337,97,34.3670
AVAXUSDT,BUY,LIMIT,1702120888213,22,34.3802
AVAXUSDT,BUY,LIMIT,1702120889354,14,34.3805
AVAXUSDT,BUY,LIMIT,1702120891084,29,34.4482
AVAXUSDT,BUY,LIMIT,1702120892168,11,34.4269
AVAXUSDT,BUY,LIMIT,1702120893298,10,34.4502
AVAXUSDT,BUY,LIMIT,1702120945588,3,34.3993
AVAXUSDT,BUY,LIMIT,1702120949070,26,34.4553
AVAXUSDT,BUY,LIMIT,1702120950102,3,34.4555
AVAXUSDT,BUY,LIMIT,1702120951215,22,34.4637
AVAXUSDT,SELL,LIMIT,1702121075627,6,33.7826
AVAXUSDT,SELL,LIMIT,1702121079075,31,33.7631
AVAXUSDT,SELL,LIMIT,1702121159862,18,33.6997
AVAXUSDT,SELL,LIMIT,1702121162341,147,33.6650
AVAXUSDT,SELL,LIMIT,1702121163413,111,33.6485
AVAXUSDT,SELL,LIMIT,1702121164576,4,33.6354
AVAXUSDT,SELL,LIMIT,1702121356862,3,33.6432
AVAXUSDT,SELL,LIMIT,1702121362850,11,33.5722
AVAXUSDT,SELL,LIMIT,1702121509133,1,33.5008
AVAXUSDT,SELL,LIMIT,1702121663812,147,33.4891
AVAXUSDT,SELL,LIMIT,1702121724086,7,33.4593
AVAXUSDT,SELL,LIMIT,1702121727135,292,33.4198
AVAXUSDT,SELL,LIMIT,1702121728748,35,33.4261
AVAXUSDT,SELL,LIMIT,1702122332749,63,33.4131
AVAXUSDT,SELL,LIMIT,1702122366365,4,33.4036
AVAXUSDT,SELL,LIMIT,1702122367420,4,33.4029
AVAXUSDT,BUY,LIMIT,1702122823128,10,33.8857
AVAXUSDT,SELL,LIMIT,1702123134756,13,33.3883
AVAXUSDT,SELL,LIMIT,1702123249103,39,33.3884
AVAXUSDT,SELL,LIMIT,1702123254401,10,33.3731
AVAXUSDT,SELL,LIMIT,1702123264014,34,33.3612
AVAXUSDT,SELL,LIMIT,1702123283218,10,33.3354
AVAXUSDT,SELL,LIMIT,1702123284954,4,33.3269
AVAXUSDT,SELL,LIMIT,1702123286509,17,33.3223
AVAXUSDT,SELL,LIMIT,1702123288282,23,33.3035
AVAXUSDT,SELL,LIMIT,1702123436223,67,33.2917
AVAXUSDT,SELL,LIMIT,1702123437662,1,33.2843
AVAXUSDT,SELL,LIMIT,1702123439610,89,33.2736
AVAXUSDT,SELL,LIMIT,1702123442051,13,33.2607
AVAXUSDT,BUY,LIMIT,1702123615302,1,33.9626
AVAXUSDT,BUY,LIMIT,1702123618701,12,33.9683
AVAXUSDT,BUY,LIMIT,1702123624379,5,33.9987
AVAXUSDT,BUY,LIMIT,1702123766068,47,34.0773
AVAXUSDT,BUY,LIMIT,1702123776124,3,34.0976
AVAXUSDT,BUY,LIMIT,1702123786415,31,34.1020
AVAXUSDT,BUY,LIMIT,1702123788810,81,34.1166
AVAXUSDT,BUY,LIMIT,1702123790302,9,34.1198
AVAXUSDT,SELL,LIMIT,1702124272960,85,33.5342
AVAXUSDT,SELL,LIMIT,1702124284392,14,33.4873
AVAXUSDT,SELL,LIMIT,1702124336856,25,33.4477
AVAXUSDT,SELL,LIMIT,1702124342173,4,33.4073
AVAXUSDT,SELL,LIMIT,1702124344464,5,33.4056
AVAXUSDT,SELL,LIMIT,1702124346976,31,33.4019
AVAXUSDT,SELL,LIMIT,1702124379272,52,33.3500
AVAXUSDT,SELL,LIMIT,1702124381415,7,33.3434
AVAXUSDT,SELL,LIMIT,1702124382719,10,33.3240
AVAXUSDT,SELL,LIMIT,1702124398117,21,33.2922
AVAXUSDT,BUY,LIMIT,1702124714325,2,33.7106
AVAXUSDT,BUY,LIMIT,1702124798069,3,33.8376
AVAXUSDT,BUY,LIMIT,1702124924645,11,33.9516
AVAXUSDT,BUY,LIMIT,1702124929245,62,33.9762
AVAXUSDT,BUY,LIMIT,1702125473154,98,33.9853
AVAXUSDT,SELL,LIMIT,1702125757377,1,33.6636
AVAXUSDT,SELL,LIMIT,1702125851903,102,33.3739
AVAXUSDT,SELL,LIMIT,1702125853647,148,33.3612
AVAXUSDT,SELL,LIMIT,1702125862978,8,33.3310
AVAXUSDT,SELL,LIMIT,1702125876817,100,33.3044
AVAXUSDT,SELL,LIMIT,1702125879555,14,33.2928
AVAXUSDT,SELL,LIMIT,1702125882271,8,33.2746
AVAXUSDT,SELL,LIMIT,1702125897839,98,33.2695
AVAXUSDT,SELL,LIMIT,1702125901381,56,33.2623
AVAXUSDT,BUY,LIMIT,1702127630199,149,33.7052
AVAXUSDT,SELL,LIMIT,1702127863564,24,33.2560
AVAXUSDT,SELL,LIMIT,1702127865222,2,33.2358
AVAXUSDT,SELL,LIMIT,1702127867424,3,33.2182
AVAXUSDT,SELL,LIMIT,1702127869039,17,33.1866
AVAXUSDT,BUY,LIMIT,1702127897095,339,33.5796
AVAXUSDT,SELL,LIMIT,1702127996517,3,33.1763
AVAXUSDT,SELL,LIMIT,1702127999193,22,33.1728
AVAXUSDT,SELL,LIMIT,1702128164160,18,33.1533
AVAXUSDT,SELL,LIMIT,1702128170078,15,33.1355
AVAXUSDT,SELL,LIMIT,1702128172247,148,33.1303
AVAXUSDT,SELL,LIMIT,1702128402977,13,33.1166
AVAXUSDT,SELL,LIMIT,1702128404058,1,33.1147
AVAXUSDT,SELL,LIMIT,1702128412208,294,33.0865
AVAXUSDT,SELL,LIMIT,1702128414248,2,33.1039
AVAXUSDT,SELL,LIMIT,1702128415526,6,33.0868
AVAXUSDT,SELL,LIMIT,1702128540747,4,33.0628
AVAXUSDT,SELL,LIMIT,1702128541782,19,33.0477
AVAXUSDT,SELL,LIMIT,1702128544024,1,33.0362
AVAXUSDT,SELL,LIMIT,1702128547671,289,33.0073
AVAXUSDT,SELL,LIMIT,1702128550263,300,32.9972
AVAXUSDT,SELL,LIMIT,1702128551668,111,33.0185
AVAXUSDT,SELL,LIMIT,1702128557269,112,32.9941
AVAXUSDT,SELL,LIMIT,1702128574706,1,32.9860
AVAXUSDT,SELL,LIMIT,1702128684937,60,32.9694
AVAXUSDT,SELL,LIMIT,1702128691527,94,32.9516
AVAXUSDT,SELL,LIMIT,1702128694335,25,32.9492
AVAXUSDT,BUY,LIMIT,1702128856745,40,33.5438
AVAXUSDT,SELL,LIMIT,1702129256599,11,33.0319
AVAXUSDT,SELL,LIMIT,1702129274510,5,32.9096
AVAXUSDT,SELL,LIMIT,1702129275586,6,32.9079
AVAXUSDT,SELL,LIMIT,1702129278040,2,32.8871
AVAXUSDT,SELL,LIMIT,1702129279715,49,32.8854
AVAXUSDT,SELL,LIMIT,1702129282260,21,32.8818
AVAXUSDT,SELL,LIMIT,1702129283333,14,32.8722
AVAXUSDT,SELL,LIMIT,1702129324310,295,32.8313
AVAXUSDT,SELL,LIMIT,1702129325420,2,32.8472
AVAXUSDT,SELL,LIMIT,1702129326905,22,32.8415
AVAXUSDT,SELL,LIMIT,1702129335835,18,32.8370
AVAXUSDT,SELL,LIMIT,1702129337681,216,32.8011
AVAXUSDT,SELL,LIMIT,1702129366018,3,32.9098
AVAXUSDT,SELL,LIMIT,1702129492681,49,32.8086
AVAXUSDT,SELL,LIMIT,1702129498296,16,32.8038
AVAXUSDT,SELL,LIMIT,1702129505301,31,32.7963
AVAXUSDT,SELL,LIMIT,1702129506571,13,32.7990
AVAXUSDT,BUY,LIMIT,1702130074676,14,33.4143
AVAXUSDT,BUY,LIMIT,1702130076541,31,33.4193
AVAXUSDT,BUY,LIMIT,1702130164691,50,33.4605
AVAXUSDT,BUY,LIMIT,1702130319390,72,33.4817
AVAXUSDT,BUY,LIMIT,1702130803155,102,33.5245
AVAXUSDT,BUY,LIMIT,1702130807536,49,33.5360
AVAXUSDT,BUY,LIMIT,1702130810513,16,33.5444
AVAXUSDT,BUY,LIMIT,1702130845299,9,33.5982
AVAXUSDT,BUY,LIMIT,1702130856103,2,33.6289
AVAXUSDT,BUY,LIMIT,1702130859078,8,33.6371
AVAXUSDT,BUY,LIMIT,1702131216707,1,33.6837
AVAXUSDT,BUY,LIMIT,1702131271811,567,33.7765
AVAXUSDT,BUY,LIMIT,1702131276111,12,33.7311
AVAXUSDT,SELL,LIMIT,1702131823934,3,33.1238
AVAXUSDT,SELL,LIMIT,1702131833806,27,33.0884
AVAXUSDT,SELL,LIMIT,1702132379046,4,33.2414
AVAXUSDT,SELL,LIMIT,1702132583575,3,33.1878
AVAXUSDT,SELL,LIMIT,1702132608342,3,33.0760
AVAXUSDT,SELL,LIMIT,1702132609595,3,33.0335
AVAXUSDT,SELL,LIMIT,1702132641322,18,33.1145
AVAXUSDT,SELL,LIMIT,1702132652475,11,33.0470
AVAXUSDT,SELL,LIMIT,1702132670233,1,33.0010
AVAXUSDT,SELL,LIMIT,1702132686997,23,32.9925
AVAXUSDT,SELL,LIMIT,1702132688475,1,32.9741
AVAXUSDT,SELL,LIMIT,1702132697587,9,32.9707
AVAXUSDT,SELL,LIMIT,1702132705587,3,32.9272
AVAXUSDT,SELL,LIMIT,1702132793675,148,32.9180
AVAXUSDT,SELL,LIMIT,1702132798204,7,32.8909
AVAXUSDT,SELL,LIMIT,1702132799213,22,32.9013
AVAXUSDT,SELL,LIMIT,1702132805448,62,32.8866
AVAXUSDT,SELL,LIMIT,1702132819522,6,32.8820
AVAXUSDT,SELL,LIMIT,1702132821214,15,32.8707
AVAXUSDT,SELL,LIMIT,1702132822237,14,32.8699
AVAXUSDT,SELL,LIMIT,1702132825482,26,32.8458
AVAXUSDT,SELL,LIMIT,1702132827603,1,32.8334
AVAXUSDT,SELL,LIMIT,1702132828720,97,32.8291
AVAXUSDT,SELL,LIMIT,1702132859248,29,32.9318
AVAXUSDT,SELL,LIMIT,1702132916787,2,32.8450
AVAXUSDT,SELL,LIMIT,1702132921320,4,32.8062
AVAXUSDT,SELL,LIMIT,1702132937823,1,32.8039
AVAXUSDT,SELL,LIMIT,1702132938972,1,32.8002
AVAXUSDT,SELL,LIMIT,1702132959090,9,32.7843
AVAXUSDT,SELL,LIMIT,1702132960147,126,32.7814
AVAXUSDT,SELL,LIMIT,1702132964331,24,32.7491
AVAXUSDT,SELL,LIMIT,1702132966135,1,32.7301
AVAXUSDT,SELL,LIMIT,1702132967187,6,32.7340
AVAXUSDT,SELL,LIMIT,1702132986404,3,32.7181
AVAXUSDT,SELL,LIMIT,1702132988962,22,32.7100
AVAXUSDT,SELL,LIMIT,1702132990272,4,32.6955
AVAXUSDT,SELL,LIMIT,1702132991349,14,32.6960
AVAXUSDT,SELL,LIMIT,1702132992444,8,32.7139
AVAXUSDT,SELL,LIMIT,1702132993856,9,32.6916
AVAXUSDT,SELL,LIMIT,1702132994914,32,32.6912
AVAXUSDT,SELL,LIMIT,1702132996045,12,32.6464
AVAXUSDT,SELL,LIMIT,1702132997048,101,32.6199
AVAXUSDT,SELL,LIMIT,1702132998486,55,32.5989
AVAXUSDT,SELL,LIMIT,1702133000892,1,32.5988
AVAXUSDT,SELL,LIMIT,1702133001947,3,32.5513
AVAXUSDT,SELL,LIMIT,1702133003245,82,32.5166
AVAXUSDT,SELL,LIMIT,1702133004266,7,32.5199
AVAXUSDT,SELL,LIMIT,1702133006154,3,32.4929
AVAXUSDT,SELL,LIMIT,1702133007270,2,32.4830
AVAXUSDT,SELL,LIMIT,1702133008794,10,32.4848
AVAXUSDT,SELL,LIMIT,1702133017193,7,32.6154
AVAXUSDT,BUY,LIMIT,1702133165247,2,33.2199
AVAXUSDT,SELL,LIMIT,1702133315760,24,32.5985
AVAXUSDT,SELL,LIMIT,1702133321331,1,32.5449
AVAXUSDT,SELL,LIMIT,1702133323323,2,32.5296
AVAXUSDT,SELL,LIMIT,1702133331216,148,32.4739
AVAXUSDT,SELL,LIMIT,1702133398497,8,32.4680
AVAXUSDT,BUY,LIMIT,1702133843161,12,33.1374
AVAXUSDT,BUY,LIMIT,1702133868305,1,33.1901
AVAXUSDT,BUY,LIMIT,1702133872339,150,33.2206
AVAXUSDT,BUY,LIMIT,1702133878069,64,33.2492
AVAXUSDT,BUY,LIMIT,1702134219088,8,33.2646
AVAXUSDT,BUY,LIMIT,1702134224525,4,33.2770
AVAXUSDT,BUY,LIMIT,1702134227265,199,33.3137
AVAXUSDT,BUY,LIMIT,1702134230243,90,33.3101
AVAXUSDT,BUY,LIMIT,1702134236348,100,33.3310
AVAXUSDT,BUY,LIMIT,1702134239390,22,33.3428
AVAXUSDT,BUY,LIMIT,1702134248212,209,33.3604
AVAXUSDT,BUY,LIMIT,1702134254290,99,33.3648
AVAXUSDT,SELL,LIMIT,1702134360784,16,32.7620
AVAXUSDT,SELL,LIMIT,1702134405804,11,32.7390
AVAXUSDT,SELL,LIMIT,1702134884717,11,32.5500
AVAXUSDT,SELL,LIMIT,1702134886241,1,32.5742
AVAXUSDT,BUY,LIMIT,1702135344302,152,33.2414
AVAXUSDT,BUY,LIMIT,1702135375766,45,33.2956
AVAXUSDT,SELL,LIMIT,1702135789472,51,32.8070
AVAXUSDT,BUY,LIMIT,1702136019868,151,33.3510
AVAXUSDT,BUY,LIMIT,1702136029976,1,33.4012
AVAXUSDT,BUY,LIMIT,1702136031425,38,33.4093
AVAXUSDT,BUY,LIMIT,1702136069637,5,33.4103
AVAXUSDT,BUY,LIMIT,1702136080223,213,33.4290
AVAXUSDT,SELL,LIMIT,1702137608523,9,32.8015
AVAXUSDT,SELL,LIMIT,1702137932181,4,32.7624
AVAXUSDT,SELL,LIMIT,1702137933930,34,32.7500
AVAXUSDT,SELL,LIMIT,1702137937355,11,32.7286
AVAXUSDT,SELL,LIMIT,1702138176789,12,32.6485
AVAXUSDT,SELL,LIMIT,1702138185107,2,32.6409
AVAXUSDT,SELL,LIMIT,1702138214571,22,32.6375
AVAXUSDT,SELL,LIMIT,1702138300188,6,32.6267
AVAXUSDT,SELL,LIMIT,1702138301310,8,32.6145
AVAXUSDT,SELL,LIMIT,1702138367881,43,32.5846
AVAXUSDT,SELL,LIMIT,1702138396145,8,32.5801
AVAXUSDT,SELL,LIMIT,1702138401297,21,32.5735
AVAXUSDT,SELL,LIMIT,1702138403151,3,32.5665
AVAXUSDT,SELL,LIMIT,1702138411072,45,32.5385
AVAXUSDT,SELL,LIMIT,1702138421550,4,32.5351
AVAXUSDT,SELL,LIMIT,1702138423918,1,32.5295
AVAXUSDT,SELL,LIMIT,1702138535775,1,32.4974
AVAXUSDT,SELL,LIMIT,1702138625475,3,32.4822
AVAXUSDT,SELL,LIMIT,1702138628260,2,32.4750
AVAXUSDT,SELL,LIMIT,1702138630381,21,32.4674
AVAXUSDT,SELL,LIMIT,1702138638534,10,32.4647
AVAXUSDT,SELL,LIMIT,1702138640513,5,32.4611
AVAXUSDT,SELL,LIMIT,1702138641524,2,32.4602
AVAXUSDT,SELL,LIMIT,1702138643526,2,32.4563
AVAXUSDT,SELL,LIMIT,1702138645036,2,32.4415
AVAXUSDT,SELL,LIMIT,1702138660064,1,32.4290
AVAXUSDT,SELL,LIMIT,1702138663293,13,32.3934
AVAXUSDT,SELL,LIMIT,1702138696228,9,32.3865
AVAXUSDT,SELL,LIMIT,1702138697588,95,32.3889
AVAXUSDT,SELL,LIMIT,1702138698631,104,32.3755
AVAXUSDT,SELL,LIMIT,1702138722214,221,32.3332
AVAXUSDT,SELL,LIMIT,1702138723482,9,32.3418
AVAXUSDT,SELL,LIMIT,1702138725264,46,32.3286
AVAXUSDT,SELL,LIMIT,1702138726747,136,32.3024
AVAXUSDT,SELL,LIMIT,1702138728756,5,32.2991
AVAXUSDT,SELL,LIMIT,1702138783218,1,32.2980
AVAXUSDT,SELL,LIMIT,1702138787494,2,32.2785
AVAXUSDT,SELL,LIMIT,1702138788544,3,32.2787
AVAXUSDT,SELL,LIMIT,1702138789776,8,32.2516
AVAXUSDT,SELL,LIMIT,1702138904329,152,32.2390
AVAXUSDT,SELL,LIMIT,1702138905355,64,32.2408
AVAXUSDT,SELL,LIMIT,1702138906688,3,32.2292
AVAXUSDT,SELL,LIMIT,1702138907758,25,32.1883
AVAXUSDT,SELL,LIMIT,1702138908944,46,32.1730
AVAXUSDT,SELL,LIMIT,1702138924347,151,32.1844
AVAXUSDT,SELL,LIMIT,1702138947235,2,32.1485
AVAXUSDT,SELL,LIMIT,1702138949118,19,32.1425
AVAXUSDT,SELL,LIMIT,1702138950579,29,32.1419
AVAXUSDT,SELL,LIMIT,1702138955199,12,32.3888
AVAXUSDT,SELL,LIMIT,1702138972059,48,32.1368
AVAXUSDT,SELL,LIMIT,1702138975589,134,32.1311
AVAXUSDT,SELL,LIMIT,1702138976866,2,32.1223
AVAXUSDT,SELL,LIMIT,1702138977953,147,32.1209
AVAXUSDT,SELL,LIMIT,1702138979176,11,32.0849
AVAXUSDT,SELL,LIMIT,1702138994174,95,32.0548
AVAXUSDT,SELL,LIMIT,1702138995271,18,32.0710
AVAXUSDT,SELL,LIMIT,1702139008151,5,32.0633
AVAXUSDT,BUY,LIMIT,1702139115637,2,32.1298
AVAXUSDT,SELL,LIMIT,1702139116796,24,32.0490
AVAXUSDT,SELL,LIMIT,1702139117847,1,32.0403
AVAXUSDT,SELL,LIMIT,1702139119134,39,31.9848
AVAXUSDT,SELL,LIMIT,1702139120186,15,31.9708
AVAXUSDT,SELL,LIMIT,1702139121267,144,31.9424
AVAXUSDT,SELL,LIMIT,1702139122708,44,31.9277
AVAXUSDT,SELL,LIMIT,1702139124340,1,31.9251
AVAXUSDT,SELL,LIMIT,1702139126268,5,31.9230
AVAXUSDT,SELL,LIMIT,1702139129555,384,31.8953
AVAXUSDT,SELL,LIMIT,1702139162848,5,31.9744
AVAXUSDT,SELL,LIMIT,1702139201353,392,32.0002
AVAXUSDT,SELL,LIMIT,1702139262969,13,32.0490
AVAXUSDT,SELL,LIMIT,1702139266089,26,32.0124
AVAXUSDT,SELL,LIMIT,1702139275444,45,31.9665
AVAXUSDT,SELL,LIMIT,1702139278090,6,31.9478
AVAXUSDT,SELL,LIMIT,1702139284114,41,31.9056
AVAXUSDT,SELL,LIMIT,1702139290078,73,31.8239
AVAXUSDT,SELL,LIMIT,1702139291244,7,31.8292
AVAXUSDT,SELL,LIMIT,1702139292289,9,31.8161
AVAXUSDT,SELL,LIMIT,1702139295119,82,31.8168
AVAXUSDT,SELL,LIMIT,1702139296554,3,31.8212
AVAXUSDT,SELL,LIMIT,1702139299159,111,31.7920
AVAXUSDT,SELL,LIMIT,1702139300442,33,31.8020
