Symbol,Side,Order Type,Time,Quantity,Price
AVAXUSDT,BUY,LIMIT,1700846794370,21,21.5092
AVAXUSDT,SELL,LIMIT,1700847509306,96,21.0879
AVAXUSDT,SELL,LIMIT,1700847889055,32,21.0532
AVAXUSDT,SELL,LIMIT,1700847900103,1,21.0466
AVAXUSDT,SELL,LIMIT,1700847902840,5,21.0398
AVAXUSDT,SELL,LIMIT,1700848189085,3,21.0229
AVAXUSDT,SELL,LIMIT,1700848289037,497,20.9900
AVAXUSDT,SELL,LIMIT,1700848299399,28,20.9874
AVAXUSDT,SELL,LIMIT,1700848301092,87,20.9772
AVAXUSDT,SELL,LIMIT,1700850205580,30,20.9696
AVAXUSDT,SELL,LIMIT,1700850617248,20,20.9454
AVAXUSDT,SELL,LIMIT,1700850618539,60,20.9354
AVAXUSDT,SELL,LIMIT,1700850665821,2,20.9306
AVAXUSDT,SELL,LIMIT,1700850697534,9,20.9267
AVAXUSDT,SELL,LIMIT,1700850707299,6,20.9155
AVAXUSDT,SELL,LIMIT,1700850844108,64,20.9106
AVAXUSDT,SELL,LIMIT,1700851181580,1,20.9072
AVAXUSDT,SELL,LIMIT,1700851249270,135,20.9015
AVAXUSDT,SELL,LIMIT,1700851250364,65,20.8734
AVAXUSDT,SELL,LIMIT,1700851520810,9,20.8446
AVAXUSDT,SELL,LIMIT,1700851568097,7,20.8387
AVAXUSDT,SELL,LIMIT,1700853749360,235,20.8405
AVAXUSDT,SELL,LIMIT,1700853899555,2,20.8437
AVAXUSDT,BUY,LIMIT,1700859047164,10,21.2010
AVAXUSDT,BUY,LIMIT,1700859513565,2,21.2630
AVAXUSDT,BUY,LIMIT,1700860287714,9,21.2864
AVAXUSDT,BUY,LIMIT,1700860306819,3,21.2748
AVAXUSDT,BUY,LIMIT,1700860598943,55,21.3211
AVAXUSDT,SELL,LIMIT,1700863018388,27,20.9252
AVAXUSDT,SELL,LIMIT,1700863281219,20,20.8718
AVAXUSDT,SELL,LIMIT,1700863827194,31,20.8552
AVAXUSDT,SELL,LIMIT,1700863847242,58,20.8436
AVAXUSDT,SELL,LIMIT,1700863913126,1,20.8285
AVAXUSDT,SELL,LIMIT,1700863930458,67,20.8274
AVAXUSDT,SELL,LIMIT,1700863937462,9,20.8241
AVAXUSDT,SELL,LIMIT,1700863938916,2,20.7844
AVAXUSDT,SELL,LIMIT,1700863940262,116,20.7841
AVAXUSDT,SELL,LIMIT,1700863948513,90,20.7468
AVAXUSDT,SELL,LIMIT,1700863949473,1,20.7431
AVAXUSDT,SELL,LIMIT,1700863950392,18,20.7284
AVAXUSDT,SELL,LIMIT,1700863951284,46,20.7081
AVAXUSDT,SELL,LIMIT,1700863953117,39,20.6975
AVAXUSDT,SELL,LIMIT,1700863956590,6,20.6837
AVAXUSDT,SELL,LIMIT,1700863958207,18,20.6717
AVAXUSDT,SELL,LIMIT,1700863959786,11,20.6590
AVAXUSDT,SELL,LIMIT,1700863961351,25,20.6217
AVAXUSDT,SELL,LIMIT,1700863962490,8,20.6141
AVAXUSDT,SELL,LIMIT,1700863963536,2,20.6135
AVAXUSDT,SELL,LIMIT,1700867049849,27,20.6599
AVAXUSDT,SELL,LIMIT,1700867060577,4,20.6563
AVAXUSDT,SELL,LIMIT,1700867071526,29,20.6508
AVAXUSDT,SELL,LIMIT,1700867179517,3,20.6418
AVAXUSDT,SELL,LIMIT,1700867373270,110,20.6342
AVAXUSDT,SELL,LIMIT,1700870636094,7,20.6932
AVAXUSDT,SELL,LIMIT,1700870648787,610,20.6221
AVAXUSDT,SELL,LIMIT,1700870650262,5,20.6401
AVAXUSDT,BUY,LIMIT,1700876046085,3,21.1294
AVAXUSDT,BUY,LIMIT,1700876304668,3,21.1780
AVAXUSDT,BUY,LIMIT,1700876346135,17,21.1944
AVAXUSDT,BUY,LIMIT,1700876360916,59,21.1967
AVAXUSDT,BUY,LIMIT,1700876366437,481,21.2235
AVAXUSDT,BUY,LIMIT,1700876586412,5,21.2706
AVAXUSDT,BUY,LIMIT,1700876589357,19,21.2715
AVAXUSDT,BUY,LIMIT,1700876617032,17,21.2918
AVAXUSDT,BUY,LIMIT,1700876765006,2,21.3321
AVAXUSDT,BUY,LIMIT,1700876906223,2,21.3517
AVAXUSDT,BUY,LIMIT,1700876931552,205,21.3753
AVAXUSDT,BUY,LIMIT,1700876936374,1,21.3771
AVAXUSDT,BUY,LIMIT,1700877094218,3,21.3918
AVAXUSDT,BUY,LIMIT,1700877098902,160,21.4046
AVAXUSDT,BUY,LIMIT,1700877100025,4,21.4113
AVAXUSDT,BUY,LIMIT,1700877138602,6,21.4193
AVAXUSDT,BUY,LIMIT,1700877143061,1,21.4327
AVAXUSDT,BUY,LIMIT,1700877151284,2,21.4508
AVAXUSDT,BUY,LIMIT,1700877153203,5,21.4509
AVAXUSDT,BUY,LIMIT,1700877184698,102,21.4535
AVAXUSDT,BUY,LIMIT,1700877292703,7,21.4712
AVAXUSDT,BUY,LIMIT,1700877308422,23,21.4838
AVAXUSDT,BUY,LIMIT,1700877364132,8,21.5178
AVAXUSDT,BUY,LIMIT,1700877757413,36,21.5455
AVAXUSDT,SELL,LIMIT,1700878906113,21,21.1183
AVAXUSDT,SELL,LIMIT,1700879090344,4,21.0643
AVAXUSDT,SELL,LIMIT,1700879092373,88,21.0529
AVAXUSDT,BUY,LIMIT,1700879650747,231,21.5287
AVAXUSDT,BUY,LIMIT,1700879652071,74,21.5431
AVAXUSDT,BUY,LIMIT,1700883005983,86,21.5601
AVAXUSDT,BUY,LIMIT,1700883085743,1,21.5676
AVAXUSDT,SELL,LIMIT,1700885475338,190,21.1765
AVAXUSDT,SELL,LIMIT,1700885555494,24,21.1627
AVAXUSDT,SELL,LIMIT,1700886785078,66,21.1435
AVAXUSDT,SELL,LIMIT,1700886906864,6,21.0882
AVAXUSDT,SELL,LIMIT,1700886918255,1,21.0844
AVAXUSDT,SELL,LIMIT,1700886949466,43,21.0789
AVAXUSDT,SELL,LIMIT,1700886960445,3,21.0717
AVAXUSDT,SELL,LIMIT,1700889545433,1,21.0224
AVAXUSDT,SELL,LIMIT,1700889547823,37,21.0003
AVAXUSDT,SELL,LIMIT,1700889697049,8,20.9960
AVAXUSDT,BUY,LIMIT,1700894987148,1,21.2949
AVAXUSDT,BUY,LIMIT,1700895732014,1,21.2946
AVAXUSDT,SELL,LIMIT,1700896280252,144,21.0696
AVAXUSDT,BUY,LIMIT,1700896657109,2,20.6040
AVAXUSDT,BUY,LIMIT,1700899655158,1,21.3172
AVAXUSDT,SELL,LIMIT,1700903513229,1,20.9875
AVAXUSDT,SELL,LIMIT,1700903543857,188,20.9673
AVAXUSDT,SELL,LIMIT,1700904383201,13,20.9480
AVAXUSDT,SELL,LIMIT,1700904384539,3,20.9415
AVAXUSDT,SELL,LIMIT,1700904746071,78,20.9256
AVAXUSDT,SELL,LIMIT,1700904749960,40,20.9209
AVAXUSDT,SELL,LIMIT,1700904763518,54,20.9173
AVAXUSDT,SELL,LIMIT,1700906967208,242,20.9143
AVAXUSDT,SELL,LIMIT,1700907393467,25,20.8785
AVAXUSDT,SELL,LIMIT,1700907396196,134,20.8659
AVAXUSDT,SELL,LIMIT,1700907562597,31,20.8577
AVAXUSDT,SELL,LIMIT,1700907925637,10,20.8446
AVAXUSDT,SELL,LIMIT,1700907930201,11,20.8359
AVAXUSDT,SELL,LIMIT,1700907958089,452,20.8143
AVAXUSDT,SELL,LIMIT,1700908408232,71,20.8032
AVAXUSDT,SELL,LIMIT,1700908442323,1,20.7952
AVAXUSDT,SELL,LIMIT,1700908450314,14,20.7834
AVAXUSDT,SELL,LIMIT,1700908602021,78,20.7825
AVAXUSDT,SELL,LIMIT,1700908651653,2,20.7724
AVAXUSDT,SELL,LIMIT,1700908891648,51,20.7661
AVAXUSDT,SELL,LIMIT,1700908893001,49,20.7638
AVAXUSDT,SELL,LIMIT,1700908895016,188,20.7576
AVAXUSDT,SELL,LIMIT,1700908957942,139,20.7486
AVAXUSDT,SELL,LIMIT,1700908963176,9,20.7448
AVAXUSDT,SELL,LIMIT,1700908971682,237,20.7399
AVAXUSDT,SELL,LIMIT,1700909000498,1,20.7235
AVAXUSDT,SELL,LIMIT,1700909038311,14,20.7224
AVAXUSDT,SELL,LIMIT,1700909039338,3,20.7206
AVAXUSDT,SELL,LIMIT,1700909042132,61,20.7150
AVAXUSDT,SELL,LIMIT,1700909060240,88,20.7134
AVAXUSDT,SELL,LIMIT,1700909502801,4,20.7092
AVAXUSDT,SELL,LIMIT,1700909667701,124,20.7000
AVAXUSDT,SELL,LIMIT,1700911145872,47,20.6991
AVAXUSDT,SELL,LIMIT,1700911147012,80,20.6926
AVAXUSDT,SELL,LIMIT,1700911148564,93,20.6902
AVAXUSDT,SELL,LIMIT,1700911151779,147,20.6799
AVAXUSDT,SELL,LIMIT,1700911163312,29,20.6778
AVAXUSDT,SELL,LIMIT,1700911312405,237,20.6726
AVAXUSDT,SELL,LIMIT,1700911316269,13,20.6711
AVAXUSDT,SELL,LIMIT,1700911329842,3,20.6662
AVAXUSDT,SELL,LIMIT,1700911358270,8,20.6641
AVAXUSDT,SELL,LIMIT,1700911365313,30,20.6545
AVAXUSDT,SELL,LIMIT,1700912041052,27,20.6518
AVAXUSDT,SELL,LIMIT,1700912200356,169,20.6459
AVAXUSDT,SELL,LIMIT,1700912223526,13,20.6358
AVAXUSDT,SELL,LIMIT,1700912226240,10,20.6318
AVAXUSDT,SELL,LIMIT,1700912232193,63,20.6278
AVAXUSDT,SELL,LIMIT,1700912286340,219,20.6176
AVAXUSDT,SELL,LIMIT,1700912293806,4,20.6145
AVAXUSDT,SELL,LIMIT,1700912294903,6,20.6123
AVAXUSDT,SELL,LIMIT,1700912412299,3,20.6078
AVAXUSDT,SELL,LIMIT,1700912414094,119,20.6059
AVAXUSDT,SELL,LIMIT,1700912423125,8,20.5992
AVAXUSDT,SELL,LIMIT,1700912424244,224,20.6032
AVAXUSDT,SELL,LIMIT,1700912425360,48,20.5978
AVAXUSDT,SELL,LIMIT,1700912426372,239,20.5915
AVAXUSDT,SELL,LIMIT,1700912427527,18,20.5707
AVAXUSDT,SELL,LIMIT,1700912428897,8,20.5668
AVAXUSDT,SELL,LIMIT,1700912504311,1,20.5620
AVAXUSDT,SELL,LIMIT,1700912585236,7,20.5518
AVAXUSDT,SELL,LIMIT,1700912587926,15,20.5458
AVAXUSDT,SELL,LIMIT,1700912679124,19,20.5468
AVAXUSDT,BUY,LIMIT,1700917125361,55,20.9484
AVAXUSDT,SELL,LIMIT,1700917567235,39,20.7005
AVAXUSDT,BUY,LIMIT,1700924568509,6,21.0423
AVAXUSDT,BUY,LIMIT,1700927338408,10,21.0719
AVAXUSDT,BUY,LIMIT,1700928706477,5,21.1678
AVAXUSDT,BUY,LIMIT,1700928736663,66,21.1808
AVAXUSDT,BUY,LIMIT,1700928756157,37,21.1864
AVAXUSDT,BUY,LIMIT,1700932198895,13,21.2040
AVAXUSDT,BUY,LIMIT,1700932251542,144,21.2191
AVAXUSDT,BUY,LIMIT,1700932511652,4,21.2370
AVAXUSDT,BUY,LIMIT,1700932525199,1,21.2414
AVAXUSDT,BUY,LIMIT,1700932540378,33,21.2461
AVAXUSDT,BUY,LIMIT,1700933748533,125,21.2819
AVAXUSDT,BUY,LIMIT,1700933772827,273,21.2955
AVAXUSDT,BUY,LIMIT,1700933777081,324,21.3069
AVAXUSDT,BUY,LIMIT,1700933881038,71,21.3073
AVAXUSDT,BUY,LIMIT,1700933903808,28,21.3124
AVAXUSDT,BUY,LIMIT,1700933914711,44,21.3131
AVAXUSDT,BUY,LIMIT,1700936851501,243,21.2988
