Symbol,Side,Order Type,Time,Quantity,Price
AXSUSDT,BUY,LIMIT,1701929554919,18,7.23352
AXSUSDT,BUY,LIMIT,1701929556263,303,7.23620
AXSUSDT,BUY,LIMIT,1701929875138,7,7.23960
AXSUSDT,BUY,LIMIT,1701929891822,9,7.25866
AXSUSDT,BUY,LIMIT,1701930246038,18,7.32494
AXSUSDT,BUY,LIMIT,1701930283829,22,7.35847
AXSUSDT,BUY,LIMIT,1701930377209,1,7.37502
AXSUSDT,BUY,LIMIT,1701930420257,12,7.39059
AXSUSDT,BUY,LIMIT,1701930425976,30,7.40371
AXSUSDT,BUY,LIMIT,1701930743305,141,7.42111
AXSUSDT,SELL,LIMIT,1701931197731,677,7.22415
AXSUSDT,BUY,LIMIT,1701933077471,12,7.36750
AXSUSDT,BUY,LIMIT,1701934272213,2,7.45974
AXSUSDT,SELL,LIMIT,1701936620141,35,7.27053
AXSUSDT,SELL,LIMIT,1701936882367,2,7.15894
AXSUSDT,SELL,LIMIT,1701936886966,2266,7.14040
AXSUSDT,SELL,LIMIT,1701939376534,2,7.11254
AXSUSDT,SELL,LIMIT,1701939500919,80,7.10017
AXSUSDT,SELL,LIMIT,1701940024275,55,7.07948
AXSUSDT,SELL,LIMIT,1701940036466,372,7.07367
AXSUSDT,SELL,LIMIT,1701940556769,5970,7.08968
AXSUSDT,SELL,LIMIT,1701940560007,131,7.05322
AXSUSDT,SELL,LIMIT,1701940561278,281,7.04462
AXSUSDT,SELL,LIMIT,1701940563390,879,7.04130
AXSUSDT,SELL,LIMIT,1701940567613,158,7.03518
AXSUSDT,SELL,LIMIT,1701940570843,23,7.03105
AXSUSDT,SELL,LIMIT,1701940986494,94,7.01750
AXSUSDT,SELL,LIMIT,1701941040541,10,7.01592
AXSUSDT,SELL,LIMIT,1701941081172,54,6.99374
AXSUSDT,SELL,LIMIT,1701941104559,50,6.99206
AXSUSDT,SELL,LIMIT,1701941112481,22,6.98624
AXSUSDT,SELL,LIMIT,1701941162180,36,6.97774
AXSUSDT,SELL,LIMIT,1701941183102,136,6.96246
AXSUSDT,SELL,LIMIT,1701941185106,7,6.96849
AXSUSDT,SELL,LIMIT,1701941236427,35,6.94809
AXSUSDT,SELL,LIMIT,1701941239949,2,6.93889
AXSUSDT,SELL,LIMIT,1701941243321,13,6.96372
AXSUSDT,SELL,LIMIT,1701941246454,169,6.93117
AXSUSDT,SELL,LIMIT,1701941339789,40,6.96924
AXSUSDT,BUY,LIMIT,1701942510777,16,7.24846
AXSUSDT,BUY,LIMIT,1701948519056,36,7.27117
AXSUSDT,BUY,LIMIT,1701951355086,29,7.25166
AXSUSDT,BUY,LIMIT,1701951387219,12,7.25326
AXSUSDT,BUY,LIMIT,1701952173152,5,7.28067
AXSUSDT,BUY,LIMIT,1701952220846,174,7.29033
AXSUSDT,BUY,LIMIT,1701953976589,1,7.35095
AXSUSDT,BUY,LIMIT,1701954026845,186,7.35930
AXSUSDT,BUY,LIMIT,1701959502332,1,7.31764
AXSUSDT,SELL,LIMIT,1701959762835,9,7.23613
AXSUSDT,BUY,LIMIT,1701962683424,43,7.30019
AXSUSDT,BUY,LIMIT,1701962686690,1,7.30898
AXSUSDT,SELL,LIMIT,1701964378547,10,7.21090
AXSUSDT,BUY,LIMIT,1701965086399,24,7.30327
AXSUSDT,SELL,LIMIT,1701966850168,1397,7.24436
AXSUSDT,BUY,LIMIT,1701970177693,11,7.37039
AXSUSDT,BUY,LIMIT,1701970181295,633,7.37085
AXSUSDT,BUY,LIMIT,1701970200798,19,7.37071
AXSUSDT,BUY,LIMIT,1701972009008,14,7.39537
AXSUSDT,SELL,LIMIT,1701973752402,1,11.23160
AXSUSDT,SELL,LIMIT,1701977195744,468,7.18631
AXSUSDT,SELL,LIMIT,1701977298524,289,7.18661
AXSUSDT,SELL,LIMIT,1701977345388,48,7.17556
AXSUSDT,BUY,LIMIT,1701984526373,1,7.33839
AXSUSDT,SELL,LIMIT,1701988354774,5,7.28861
AXSUSDT,SELL,LIMIT,1701991036469,5,7.24613
AXSUSDT,BUY,LIMIT,1701992718351,6,7.39260
AXSUSDT,BUY,LIMIT,1701993681671,1,7.39059
AXSUSDT,BUY,LIMIT,1702002872388,6,7.24416
AXSUSDT,BUY,LIMIT,1702003676259,23,7.29935
AXSUSDT,SELL,LIMIT,1702007011384,10,7.26533
AXSUSDT,SELL,LIMIT,1702020194278,4,7.16916
AXSUSDT,SELL,LIMIT,1702020222437,8,7.16234
AXSUSDT,SELL,LIMIT,1702020518187,7,7.15994
AXSUSDT,SELL,LIMIT,1702020639845,30,7.13899
AXSUSDT,SELL,LIMIT,1702020642583,30,7.13660
AXSUSDT,BUY,LIMIT,1702022558174,3,7.22752
AXSUSDT,SELL,LIMIT,1702026005042,37,7.11332
AXSUSDT,SELL,LIMIT,1702026006196,4,7.11610
AXSUSDT,BUY,LIMIT,1702034297982,31,7.33172
AXSUSDT,BUY,LIMIT,1702035174266,3,7.35687
AXSUSDT,BUY,LIMIT,1702043951027,139,7.37304
AXSUSDT,BUY,LIMIT,1702046024374,9,7.45916
AXSUSDT,BUY,LIMIT,1702046067903,15,7.48505
AXSUSDT,BUY,LIMIT,1702048438202,39,7.46191
AXSUSDT,BUY,LIMIT,1702050531568,282,7.50315
AXSUSDT,SELL,LIMIT,1702050737341,1,8.18839
AXSUSDT,BUY,LIMIT,1702051221873,279,7.46800
AXSUSDT,BUY,LIMIT,1702051275110,9,7.52378
AXSUSDT,BUY,LIMIT,1702051308536,27,7.53672
AXSUSDT,BUY,LIMIT,1702051329527,340,7.54001
AXSUSDT,BUY,LIMIT,1702051334439,21,7.54177
AXSUSDT,BUY,LIMIT,1702051336184,68,7.54559
AXSUSDT,BUY,LIMIT,1702051339532,2,7.55103
AXSUSDT,BUY,LIMIT,1702051343518,1450,7.56161
AXSUSDT,BUY,LIMIT,1702051353348,313,7.55951
AXSUSDT,BUY,LIMIT,1702051362791,46,7.56172
AXSUSDT,BUY,LIMIT,1702051371468,17,7.56821
AXSUSDT,BUY,LIMIT,1702052161449,6,7.54511
AXSUSDT,BUY,LIMIT,1702052530226,11,7.55719
AXSUSDT,BUY,LIMIT,1702052621558,14,7.57090
AXSUSDT,BUY,LIMIT,1702052673918,5,7.57799
AXSUSDT,BUY,LIMIT,1702054331933,461,7.58353
AXSUSDT,BUY,LIMIT,1702054337534,24,7.58814
AXSUSDT,BUY,LIMIT,1702054338665,4,7.59037
AXSUSDT,BUY,LIMIT,1702054340820,419,7.59117
AXSUSDT,BUY,LIMIT,1702054355306,40,7.59322
AXSUSDT,BUY,LIMIT,1702054360857,70,7.59552
AXSUSDT,BUY,LIMIT,1702054384300,66,7.60542
AXSUSDT,BUY,LIMIT,1702054392014,397,7.61003
AXSUSDT,BUY,LIMIT,1702054398126,124,7.61476
AXSUSDT,BUY,LIMIT,1702054402616,533,7.61713
AXSUSDT,BUY,LIMIT,1702054840584,57,7.62371
AXSUSDT,BUY,LIMIT,1702054842711,20,7.62982
AXSUSDT,SELL,LIMIT,1702056276781,353,7.48845
AXSUSDT,BUY,LIMIT,1702056760075,1467,7.63086
AXSUSDT,BUY,LIMIT,1702056840757,43,7.63302
AXSUSDT,BUY,LIMIT,1702056843429,20,7.63424
AXSUSDT,BUY,LIMIT,1702056870138,3493,7.65148
AXSUSDT,BUY,LIMIT,1702056877338,28,7.65011
AXSUSDT,BUY,LIMIT,1702056879190,44,7.65123
AXSUSDT,BUY,LIMIT,1702056950424,71,7.65724
AXSUSDT,BUY,LIMIT,1702056956529,167,7.66037
AXSUSDT,BUY,LIMIT,1702056961414,191,7.66166
AXSUSDT,BUY,LIMIT,1702057050837,27,7.66391
AXSUSDT,BUY,LIMIT,1702057053207,9,7.66396
AXSUSDT,SELL,LIMIT,1702057398095,548,7.52287
AXSUSDT,BUY,LIMIT,1702064734978,700,7.68027
AXSUSDT,SELL,LIMIT,1702066061477,3,7.57204
AXSUSDT,BUY,LIMIT,1702066731180,46,7.68091
AXSUSDT,BUY,LIMIT,1702066920861,30,7.68814
AXSUSDT,BUY,LIMIT,1702069043203,228,7.67183
AXSUSDT,BUY,LIMIT,1702070184498,397,7.64502
AXSUSDT,BUY,LIMIT,1702072954524,74,7.65753
AXSUSDT,BUY,LIMIT,1702073838818,185,7.69703
AXSUSDT,BUY,LIMIT,1702073851339,2,7.69840
AXSUSDT,BUY,LIMIT,1702073888110,61,7.70738
AXSUSDT,BUY,LIMIT,1702073965193,54,7.71142
AXSUSDT,BUY,LIMIT,1702073979987,1,7.71698
AXSUSDT,BUY,LIMIT,1702073986123,4,7.72497
AXSUSDT,BUY,LIMIT,1702073992510,150,7.72531
AXSUSDT,BUY,LIMIT,1702076630865,803,7.73304
AXSUSDT,BUY,LIMIT,1702076659436,322,7.73560
AXSUSDT,BUY,LIMIT,1702076661559,320,7.73611
AXSUSDT,BUY,LIMIT,1702076693287,118,7.74333
AXSUSDT,BUY,LIMIT,1702076704076,177,7.74830
AXSUSDT,BUY,LIMIT,1702076705408,1002,7.75147
AXSUSDT,BUY,LIMIT,1702076709119,156,7.74920
AXSUSDT,BUY,LIMIT,1702076747425,42,7.75411
AXSUSDT,BUY,LIMIT,1702076749469,32,7.75537
AXSUSDT,BUY,LIMIT,1702076811614,3455,7.76854
AXSUSDT,BUY,LIMIT,1702076812863,350,7.76401
AXSUSDT,BUY,LIMIT,1702076945362,22,7.76926
AXSUSDT,BUY,LIMIT,1702076947576,28,7.76926
AXSUSDT,BUY,LIMIT,1702079066808,77,7.74138
AXSUSDT,BUY,LIMIT,1702080276822,13,7.73614
AXSUSDT,BUY,LIMIT,1702080669997,92,7.78098
AXSUSDT,BUY,LIMIT,1702080687269,12,7.78798
AXSUSDT,BUY,LIMIT,1702080691663,30,7.79472
AXSUSDT,BUY,LIMIT,1702080696540,92,7.80280
AXSUSDT,BUY,LIMIT,1702080709043,996,7.80763
AXSUSDT,BUY,LIMIT,1702080715611,28,7.81226
AXSUSDT,BUY,LIMIT,1702080729350,112,7.82059
AXSUSDT,BUY,LIMIT,1702080732278,787,7.82862
AXSUSDT,BUY,LIMIT,1702080733432,593,7.83084
AXSUSDT,BUY,LIMIT,1702080749118,210,7.83594
AXSUSDT,BUY,LIMIT,1702080755106,35,7.84383
AXSUSDT,BUY,LIMIT,1702080756222,287,7.84354
AXSUSDT,BUY,LIMIT,1702080763186,2,7.84955
AXSUSDT,BUY,LIMIT,1702080764436,67,7.85247
AXSUSDT,BUY,LIMIT,1702080765456,125,7.85031
AXSUSDT,BUY,LIMIT,1702080953673,102,7.86036
AXSUSDT,BUY,LIMIT,1702080956370,344,7.86779
AXSUSDT,BUY,LIMIT,1702080957819,327,7.86994
AXSUSDT,BUY,LIMIT,1702080960958,17,7.87167
AXSUSDT,BUY,LIMIT,1702080964125,61,7.88378
AXSUSDT,BUY,LIMIT,1702080978074,149,7.88597
AXSUSDT,BUY,LIMIT,1702080979178,582,7.88774
AXSUSDT,BUY,LIMIT,1702080990528,27,7.89195
AXSUSDT,BUY,LIMIT,1702080994076,753,7.89665
AXSUSDT,BUY,LIMIT,1702080995187,1,7.89257
AXSUSDT,BUY,LIMIT,1702081245323,52,7.84168
AXSUSDT,BUY,LIMIT,1702081350717,62,7.84178
AXSUSDT,BUY,LIMIT,1702081403994,40,7.86448
AXSUSDT,BUY,LIMIT,1702081635436,15,7.80052
AXSUSDT,BUY,LIMIT,1702083403478,312,7.90668
AXSUSDT,BUY,LIMIT,1702083405228,318,7.90935
AXSUSDT,BUY,LIMIT,1702083407092,414,7.91123
AXSUSDT,BUY,LIMIT,1702083417106,720,7.91345
AXSUSDT,BUY,LIMIT,1702083419391,56,7.92712
AXSUSDT,BUY,LIMIT,1702085555501,43,7.71374
AXSUSDT,BUY,LIMIT,1702085814878,50,7.75891
AXSUSDT,BUY,LIMIT,1702092344064,55,7.75726
AXSUSDT,BUY,LIMIT,1702094610915,541,7.75830
AXSUSDT,BUY,LIMIT,1702103212393,95,7.78641
AXSUSDT,BUY,LIMIT,1702103376622,15,7.78241
AXSUSDT,BUY,LIMIT,1702103510292,8,7.77709
AXSUSDT,BUY,LIMIT,1702103679813,21,7.78845
AXSUSDT,BUY,LIMIT,1702105689810,62,7.80016
AXSUSDT,BUY,LIMIT,1702105727031,100,7.81662
AXSUSDT,BUY,LIMIT,1702105839946,111,7.82670
AXSUSDT,BUY,LIMIT,1702108938268,85,7.85082
AXSUSDT,BUY,LIMIT,1702109209082,9,7.85627
AXSUSDT,BUY,LIMIT,1702109532978,24,7.86189
AXSUSDT,SELL,LIMIT,1702109566492,2,7.75850
AXSUSDT,BUY,LIMIT,1702109743209,187,7.86327
AXSUSDT,BUY,LIMIT,1702109787113,18,7.87447
AXSUSDT,BUY,LIMIT,1702110293742,1234,7.89277
AXSUSDT,SELL,LIMIT,1702110974253,200,7.67085
AXSUSDT,SELL,LIMIT,1702110980627,650,7.65562
AXSUSDT,SELL,LIMIT,1702110982595,7,7.65440
AXSUSDT,SELL,LIMIT,1702110986354,18,7.65048
AXSUSDT,SELL,LIMIT,1702111029135,2,7.63234
AXSUSDT,SELL,LIMIT,1702111032364,35,7.62553
AXSUSDT,SELL,LIMIT,1702111034085,20,7.62520
AXSUSDT,SELL,LIMIT,1702111040054,7,7.61241
AXSUSDT,SELL,LIMIT,1702111041156,641,7.60404
AXSUSDT,SELL,LIMIT,1702111042862,1,7.60404
AXSUSDT,SELL,LIMIT,1702111044126,294,7.58759
AXSUSDT,SELL,LIMIT,1702111045830,703,7.60436
AXSUSDT,SELL,LIMIT,1702111071266,197,7.58241
AXSUSDT,SELL,LIMIT,1702111072287,263,7.58171
AXSUSDT,SELL,LIMIT,1702111081116,100,7.57084
AXSUSDT,SELL,LIMIT,1702111201177,645,7.56736
AXSUSDT,SELL,LIMIT,1702111374138,372,7.55196
AXSUSDT,SELL,LIMIT,1702111375819,39,7.54360
AXSUSDT,SELL,LIMIT,1702111377667,1,7.53972
AXSUSDT,SELL,LIMIT,1702111382653,176,7.52142
AXSUSDT,SELL,LIMIT,1702111386123,13,7.51687
AXSUSDT,SELL,LIMIT,1702111392426,10,7.51066
AXSUSDT,BUY,LIMIT,1702111835778,6,7.76814
AXSUSDT,BUY,LIMIT,1702113148766,2,7.72306
AXSUSDT,BUY,LIMIT,1702114042133,90,7.84199
AXSUSDT,BUY,LIMIT,1702114069969,1,7.86181
AXSUSDT,BUY,LIMIT,1702114073757,3205,7.87562
AXSUSDT,BUY,LIMIT,1702114075596,654,7.87520
AXSUSDT,SELL,LIMIT,1702115078198,114,7.67301
AXSUSDT,BUY,LIMIT,1702126020525,3,7.87038
AXSUSDT,SELL,LIMIT,1702132828214,10,7.61715
AXSUSDT,SELL,LIMIT,1702132922041,39,7.61457
AXSUSDT,SELL,LIMIT,1702132986354,3,7.59165
AXSUSDT,SELL,LIMIT,1702132997450,22,7.56672
AXSUSDT,SELL,LIMIT,1702133002190,96,7.55525
AXSUSDT,SELL,LIMIT,1702133003493,500,7.55506
AXSUSDT,SELL,LIMIT,1702133006210,157,7.55118
AXSUSDT,SELL,LIMIT,1702139008151,10,7.63266
AXSUSDT,SELL,LIMIT,1702139197199,4,7.62299
AXSUSDT,SELL,LIMIT,1702141695402,271,7.62498
AXSUSDT,SELL,LIMIT,1702153869548,644,7.60211
AXSUSDT,SELL,LIMIT,1702153915848,234,7.59578
AXSUSDT,SELL,LIMIT,1702156362960,16,7.56788
AXSUSDT,BUY,LIMIT,1702160931866,18,7.81289
AXSUSDT,SELL,LIMIT,1702164548916,390,7.60525
AXSUSDT,SELL,LIMIT,1702164748094,12,7.58406
AXSUSDT,SELL,LIMIT,1702164767816,92,7.56320
AXSUSDT,SELL,LIMIT,1702164797885,3143,7.55564
AXSUSDT,SELL,LIMIT,1702164800454,5,7.55513
AXSUSDT,SELL,LIMIT,1702164801936,13,7.62635
AXSUSDT,SELL,LIMIT,1702164808038,434,7.53329
AXSUSDT,SELL,LIMIT,1702164809729,363,7.52656
AXSUSDT,SELL,LIMIT,1702164811638,1,7.52381
AXSUSDT,SELL,LIMIT,1702164870550,299,7.52306
AXSUSDT,BUY,LIMIT,1702166819172,6,7.84385
AXSUSDT,SELL,LIMIT,1702177030082,259,7.64614
AXSUSDT,SELL,LIMIT,1702178325293,22,7.62597
AXSUSDT,SELL,LIMIT,1702191208175,93,7.67176
AXSUSDT,BUY,LIMIT,1702193315177,9,7.93766
AXSUSDT,BUY,LIMIT,1702193317493,115,7.94013
AXSUSDT,BUY,LIMIT,1702193328329,1017,7.94881
AXSUSDT,BUY,LIMIT,1702193342070,60,7.95675
AXSUSDT,BUY,LIMIT,1702193435201,528,7.96238
AXSUSDT,BUY,LIMIT,1702193476303,106,7.96589
AXSUSDT,BUY,LIMIT,1702193477392,13,7.96355
AXSUSDT,BUY,LIMIT,1702193478399,59,7.97070
AXSUSDT,BUY,LIMIT,1702193480339,10,7.98156
AXSUSDT,BUY,LIMIT,1702193481469,14,7.97737
AXSUSDT,BUY,LIMIT,1702193482784,60,7.98659
AXSUSDT,BUY,LIMIT,1702193662485,5,7.98754
AXSUSDT,BUY,LIMIT,1702193668261,894,7.99542
AXSUSDT,BUY,LIMIT,1702193685995,37,7.99870
AXSUSDT,BUY,LIMIT,1702193688515,255,8.00096
AXSUSDT,BUY,LIMIT,1702194304770,12,8.01249
AXSUSDT,BUY,LIMIT,1702194307735,4,8.02075
AXSUSDT,BUY,LIMIT,1702194312289,21,8.02686
AXSUSDT,BUY,LIMIT,1702196540225,1,8.04093
AXSUSDT,BUY,LIMIT,1702196562089,3,8.04715
AXSUSDT,BUY,LIMIT,1702196566380,1,8.05721
AXSUSDT,BUY,LIMIT,1702196572088,516,8.05761
AXSUSDT,BUY,LIMIT,1702196581188,35,8.06584
AXSUSDT,BUY,LIMIT,1702196582420,12,8.06655
AXSUSDT,BUY,LIMIT,1702196629264,9,8.08368
AXSUSDT,BUY,LIMIT,1702196631625,615,8.09005
AXSUSDT,BUY,LIMIT,1702196736114,600,8.08589
AXSUSDT,BUY,LIMIT,1702196748138,292,8.09856
AXSUSDT,BUY,LIMIT,1702196751700,47,8.09944
AXSUSDT,BUY,LIMIT,1702196753349,253,8.10280
AXSUSDT,BUY,LIMIT,1702196756090,1,8.10479
AXSUSDT,SELL,LIMIT,1702197442682,21,7.86377
AXSUSDT,SELL,LIMIT,1702197444272,21,7.86148
AXSUSDT,SELL,LIMIT,1702197625841,148,7.85209
AXSUSDT,SELL,LIMIT,1702197651022,7,7.84598
AXSUSDT,SELL,LIMIT,1702197675024,2,7.83187
AXSUSDT,SELL,LIMIT,1702197709294,39,7.82650
AXSUSDT,SELL,LIMIT,1702197750948,24,7.81334
AXSUSDT,SELL,LIMIT,1702197768025,115,7.79091
AXSUSDT,SELL,LIMIT,1702197769331,1207,7.78522
AXSUSDT,SELL,LIMIT,1702200335956,8,7.73217
AXSUSDT,SELL,LIMIT,1702200346153,1561,7.72113
AXSUSDT,SELL,LIMIT,1702200474110,1,7.69918
AXSUSDT,SELL,LIMIT,1702200769458,257,7.69429
AXSUSDT,SELL,LIMIT,1702200889335,635,7.70626
AXSUSDT,SELL,LIMIT,1702200940403,1,7.73523
AXSUSDT,SELL,LIMIT,1702200941443,65,7.68612
AXSUSDT,SELL,LIMIT,1702201409280,4,7.67427
AXSUSDT,SELL,LIMIT,1702201761100,126,7.65618
AXSUSDT,SELL,LIMIT,1702201766018,1000,7.64031
AXSUSDT,SELL,LIMIT,1702202084859,113,7.62040
AXSUSDT,SELL,LIMIT,1702202151341,500,7.62356
AXSUSDT,SELL,LIMIT,1702202157163,64,7.62569
AXSUSDT,SELL,LIMIT,1702202258273,3398,7.60310
AXSUSDT,SELL,LIMIT,1702202259458,148,7.61237
AXSUSDT,SELL,LIMIT,1702202264065,2,7.60667
AXSUSDT,SELL,LIMIT,1702202265540,25,7.59960
AXSUSDT,SELL,LIMIT,1702202267739,6,7.59285
AXSUSDT,SELL,LIMIT,1702202271293,2,7.59434
AXSUSDT,SELL,LIMIT,1702202292700,1256,7.58753
AXSUSDT,SELL,LIMIT,1702202323935,13,7.59068
AXSUSDT,SELL,LIMIT,1702202325353,23,7.58967
AXSUSDT,SELL,LIMIT,1702202353657,370,7.58739
AXSUSDT,SELL,LIMIT,1702202371284,256,7.58888
AXSUSDT,SELL,LIMIT,1702202375179,43,7.58364
AXSUSDT,SELL,LIMIT,1702202380132,23,7.57574
AXSUSDT,SELL,LIMIT,1702202396211,205,7.56460
AXSUSDT,SELL,LIMIT,1702202399346,606,7.56281
AXSUSDT,SELL,LIMIT,1702202401071,148,7.55812
AXSUSDT,BUY,LIMIT,1702205446319,162,7.86094
AXSUSDT,BUY,LIMIT,1702205480678,324,7.87214
AXSUSDT,BUY,LIMIT,1702205509440,59,7.89576
AXSUSDT,BUY,LIMIT,1702205510601,134,7.89608
AXSUSDT,BUY,LIMIT,1702206959353,65,7.94707
AXSUSDT,SELL,LIMIT,1702218394429,63,7.73575
AXSUSDT,SELL,LIMIT,1702218880406,32,7.71420
AXSUSDT,SELL,LIMIT,1702227593223,379,7.75886
AXSUSDT,SELL,LIMIT,1702228785515,34,7.69631
AXSUSDT,SELL,LIMIT,1702229303912,4,7.66977
AXSUSDT,SELL,LIMIT,1702229309327,31,7.66552
AXSUSDT,SELL,LIMIT,1702229403138,202,7.66272
AXSUSDT,SELL,LIMIT,1702229765126,16,7.65829
AXSUSDT,SELL,LIMIT,1702229841372,26,7.65279
AXSUSDT,SELL,LIMIT,1702229945216,1,7.64137
AXSUSDT,SELL,LIMIT,1702230102837,68,7.63627
AXSUSDT,SELL,LIMIT,1702230108924,74,7.63585
AXSUSDT,SELL,LIMIT,1702230117248,52,7.63332
AXSUSDT,SELL,LIMIT,1702230174093,559,7.62155
AXSUSDT,BUY,LIMIT,1702236229636,33,7.81071
AXSUSDT,BUY,LIMIT,1702239833243,363,7.88905
AXSUSDT,BUY,LIMIT,1702240744804,77,7.92145
AXSUSDT,BUY,LIMIT,1702241015239,59,7.92921
AXSUSDT,BUY,LIMIT,1702241025281,38,7.93079
AXSUSDT,BUY,LIMIT,1702241068333,634,7.93933
AXSUSDT,BUY,LIMIT,1702242552983,10,7.93549
AXSUSDT,SELL,LIMIT,1702250572332,631,7.72148
AXSUSDT,SELL,LIMIT,1702255319136,32,7.66678
AXSUSDT,SELL,LIMIT,1702256492926,27,7.61094
AXSUSDT,SELL,LIMIT,1702256495304,47,7.59186
AXSUSDT,SELL,LIMIT,1702256496310,5,7.60317
AXSUSDT,SELL,LIMIT,1702256559035,105,7.58633
AXSUSDT,SELL,LIMIT,1702256576032,632,7.58091
AXSUSDT,SELL,LIMIT,1702256581141,1,7.57661
AXSUSDT,SELL,LIMIT,1702256587529,504,7.57068
AXSUSDT,SELL,LIMIT,1702256606511,61,7.56448
AXSUSDT,SELL,LIMIT,1702256608180,30,7.56433
AXSUSDT,SELL,LIMIT,1702256610420,141,7.56433
AXSUSDT,SELL,LIMIT,1702256620301,12,7.56052
AXSUSDT,SELL,LIMIT,1702256622150,129,7.55809
AXSUSDT,SELL,LIMIT,1702256623645,279,7.55280
AXSUSDT,SELL,LIMIT,1702256625865,182,7.54743
AXSUSDT,SELL,LIMIT,1702256724029,6,7.54493
AXSUSDT,SELL,LIMIT,1702256848547,86,7.53260
AXSUSDT,SELL,LIMIT,1702256901234,2588,7.51863
AXSUSDT,SELL,LIMIT,1702256911921,887,7.52064
AXSUSDT,SELL,LIMIT,1702256918150,8,7.49854
AXSUSDT,SELL,LIMIT,1702256920627,2,7.49678
AXSUSDT,SELL,LIMIT,1702256922430,117,7.49576
AXSUSDT,SELL,LIMIT,1702256996688,4,7.48965
AXSUSDT,SELL,LIMIT,1702257008459,68,7.47869
AXSUSDT,SELL,LIMIT,1702260151034,1,7.56831
AXSUSDT,SELL,LIMIT,1702260427832,631,7.48503
AXSUSDT,SELL,LIMIT,1702260429455,81,7.47606
AXSUSDT,SELL,LIMIT,1702260432496,4,7.46913
AXSUSDT,SELL,LIMIT,1702260434188,90,7.46097
AXSUSDT,SELL,LIMIT,1702260436808,6,7.48549
AXSUSDT,SELL,LIMIT,1702260438466,140,7.45977
AXSUSDT,SELL,LIMIT,1702260439850,15,7.45836
AXSUSDT,SELL,LIMIT,1702260440956,10,7.45126
AXSUSDT,SELL,LIMIT,1702260443349,85,7.44953
AXSUSDT,SELL,LIMIT,1702260446098,6,7.44601
AXSUSDT,SELL,LIMIT,1702260449107,802,7.43813
AXSUSDT,SELL,LIMIT,1702260618351,643,7.44628
AXSUSDT,SELL,LIMIT,1702260626680,1,7.43732
AXSUSDT,SELL,LIMIT,1702260628210,1074,7.43277
AXSUSDT,SELL,LIMIT,1702260630256,2,7.43204
AXSUSDT,SELL,LIMIT,1702260631266,537,7.42817
AXSUSDT,SELL,LIMIT,1702260632382,46,7.42589
AXSUSDT,SELL,LIMIT,1702260633744,100,7.41960
AXSUSDT,SELL,LIMIT,1702260635015,1440,7.41376
AXSUSDT,SELL,LIMIT,1702260636287,227,7.41644
AXSUSDT,SELL,LIMIT,1702260637728,150,7.39733
AXSUSDT,SELL,LIMIT,1702260667580,17,7.39537
AXSUSDT,SELL,LIMIT,1702260687272,1172,7.38427
AXSUSDT,SELL,LIMIT,1702260690505,275,7.38102
AXSUSDT,SELL,LIMIT,1702260695804,12794,7.35184
AXSUSDT,SELL,LIMIT,1702260697245,12,7.37473
AXSUSDT,SELL,LIMIT,1702260698817,34,7.38208
AXSUSDT,SELL,LIMIT,1702260700675,4,7.37171
AXSUSDT,SELL,LIMIT,1702260705084,112,7.36329
AXSUSDT,SELL,LIMIT,1702260707835,7,7.37074
AXSUSDT,SELL,LIMIT,1702260708961,12,7.35364
AXSUSDT,SELL,LIMIT,1702260709995,80,7.34626
AXSUSDT,BUY,LIMIT,1702260711570,15,7.43677
AXSUSDT,SELL,LIMIT,1702260713248,94,7.34380
AXSUSDT,SELL,LIMIT,1702260714195,28,7.34031
AXSUSDT,SELL,LIMIT,1702260715455,14,7.35608
AXSUSDT,SELL,LIMIT,1702260716626,21,7.34149
AXSUSDT,SELL,LIMIT,1702260717732,97,7.30992
AXSUSDT,SELL,LIMIT,1702260718879,4,7.30638
AXSUSDT,SELL,LIMIT,1702260720379,1,7.29986
AXSUSDT,SELL,LIMIT,1702260721433,200,7.29784
AXSUSDT,SELL,LIMIT,1702260722659,2,7.34197
AXSUSDT,SELL,LIMIT,1702260724919,50,7.29140
AXSUSDT,SELL,LIMIT,1702260726331,255,7.27606
AXSUSDT,SELL,LIMIT,1702260727514,21,7.27401
AXSUSDT,SELL,LIMIT,1702260728750,1,7.27315
AXSUSDT,SELL,LIMIT,1702260730496,192,7.27223
AXSUSDT,SELL,LIMIT,1702260731733,665,7.27223
AXSUSDT,SELL,LIMIT,1702260733428,13,7.26876
AXSUSDT,SELL,LIMIT,1702260736446,108,7.24605
AXSUSDT,SELL,LIMIT,1702260737453,4,7.23654
AXSUSDT,SELL,LIMIT,1702260739401,9,7.23400
AXSUSDT,SELL,LIMIT,1702260740510,89,7.22634
AXSUSDT,SELL,LIMIT,1702260741489,199,7.20722
AXSUSDT,SELL,LIMIT,1702260742651,56,7.20294
AXSUSDT,SELL,LIMIT,1702260743851,5,7.20308
AXSUSDT,SELL,LIMIT,1702260744930,76,7.19113
AXSUSDT,SELL,LIMIT,1702260746097,667,7.19355
AXSUSDT,SELL,LIMIT,1702260747544,63,7.18905
AXSUSDT,SELL,LIMIT,1702260748635,199,7.18273
AXSUSDT,SELL,LIMIT,1702260750304,235,7.19456
AXSUSDT,SELL,LIMIT,1702260752404,27,7.17647
AXSUSDT,SELL,LIMIT,1702260753676,267,7.18856
AXSUSDT,SELL,LIMIT,1702260755342,841,7.15546
AXSUSDT,SELL,LIMIT,1702260756455,25,7.15239
AXSUSDT,SELL,LIMIT,1702260757568,66,7.13297
AXSUSDT,SELL,LIMIT,1702260758763,25,7.12955
AXSUSDT,SELL,LIMIT,1702260759810,629,7.14986
AXSUSDT,SELL,LIMIT,1702260760869,1,7.13024
AXSUSDT,SELL,LIMIT,1702260761925,100,7.12651
AXSUSDT,SELL,LIMIT,1702260763034,1,7.10061
AXSUSDT,SELL,LIMIT,1702260764244,1,7.10061
AXSUSDT,SELL,LIMIT,1702260765350,10,7.11057
AXSUSDT,SELL,LIMIT,1702260766362,689,7.09103
AXSUSDT,SELL,LIMIT,1702260767387,229,7.09289
AXSUSDT,SELL,LIMIT,1702260768395,200,7.08620
AXSUSDT,SELL,LIMIT,1702260769421,53,7.09239
AXSUSDT,BUY,LIMIT,1702260770558,330,7.14723
AXSUSDT,SELL,LIMIT,1702260771698,5,7.05484
AXSUSDT,SELL,LIMIT,1702260772703,119,7.05240
AXSUSDT,SELL,LIMIT,1702260773765,63,7.04700
AXSUSDT,SELL,LIMIT,1702260774801,78,7.03999
AXSUSDT,SELL,LIMIT,1702260775878,1,7.03116
AXSUSDT,SELL,LIMIT,1702260776916,2,7.03740
AXSUSDT,SELL,LIMIT,1702260778207,2,7.01701
AXSUSDT,SELL,LIMIT,1702260779247,102,7.02238
AXSUSDT,SELL,LIMIT,1702260780391,5,7.01969
AXSUSDT,SELL,LIMIT,1702260781412,258,7.01655
AXSUSDT,SELL,LIMIT,1702260782931,4320,7.01463
AXSUSDT,SELL,LIMIT,1702260784003,200,7.02429
AXSUSDT,SELL,LIMIT,1702260785007,13,7.02429
AXSUSDT,SELL,LIMIT,1702260786444,12,7.01085
AXSUSDT,SELL,LIMIT,1702260787717,2,7.03451
AXSUSDT,SELL,LIMIT,1702260788911,10,7.01823
AXSUSDT,SELL,LIMIT,1702260790343,4,7.02179
AXSUSDT,SELL,LIMIT,1702260791525,3,7.02055
AXSUSDT,SELL,LIMIT,1702260792566,195,6.99986
AXSUSDT,SELL,LIMIT,1702260793616,31,6.96480
AXSUSDT,SELL,LIMIT,1702260794684,31,6.97406
AXSUSDT,SELL,LIMIT,1702260795885,41,6.96702
AXSUSDT,SELL,LIMIT,1702260796922,150,6.96533
AXSUSDT,SELL,LIMIT,1702260798293,9,6.95672
AXSUSDT,SELL,LIMIT,1702260799319,3401,6.95393
AXSUSDT,SELL,LIMIT,1702260800545,4,6.94823
AXSUSDT,SELL,LIMIT,1702260801648,10,7.01760
AXSUSDT,SELL,LIMIT,1702260803443,135,6.94066
AXSUSDT,SELL,LIMIT,1702260804468,508,6.94971
AXSUSDT,SELL,LIMIT,1702260805612,14,6.94850
AXSUSDT,SELL,LIMIT,1702260806678,1,6.95337
AXSUSDT,SELL,LIMIT,1702260807740,31,6.95396
AXSUSDT,SELL,LIMIT,1702260808975,10,7.01873
AXSUSDT,SELL,LIMIT,1702260810264,113,6.93093
AXSUSDT,SELL,LIMIT,1702260811279,2,7.34621
AXSUSDT,SELL,LIMIT,1702260812353,405,6.92842
AXSUSDT,SELL,LIMIT,1702260814239,31,6.94162
AXSUSDT,SELL,LIMIT,1702260817115,102,6.94796
AXSUSDT,SELL,LIMIT,1702260818280,2,6.91492
AXSUSDT,SELL,LIMIT,1702260821817,3,6.93256
AXSUSDT,SELL,LIMIT,1702260823684,12,6.93298
AXSUSDT,SELL,LIMIT,1702260825655,99,6.91673
AXSUSDT,SELL,LIMIT,1702260827045,89,6.93177
AXSUSDT,BUY,LIMIT,1702260840392,7,7.08123
AXSUSDT,BUY,LIMIT,1702260849989,14,7.06463
AXSUSDT,SELL,LIMIT,1702260861356,3,7.04945
AXSUSDT,BUY,LIMIT,1702260932602,165,7.20812
AXSUSDT,SELL,LIMIT,1702262564076,66,7.09604
AXSUSDT,SELL,LIMIT,1702262566052,235,7.09278
AXSUSDT,SELL,LIMIT,1702262617361,217,7.07391
AXSUSDT,SELL,LIMIT,1702262626141,35,7.07026
AXSUSDT,SELL,LIMIT,1702262873708,7,7.05007
AXSUSDT,BUY,LIMIT,1702265354834,704,7.32783
AXSUSDT,SELL,LIMIT,1702265724235,1,7.24222
AXSUSDT,BUY,LIMIT,1702265764472,43,7.35658
AXSUSDT,BUY,LIMIT,1702265942794,664,7.36474
