Symbol,Side,Order Type,Time,Quantity,Price
AXSUSDT,BUY,LIMIT,1701065688678,10,7.13225
AXSUSDT,BUY,LIMIT,1701065717078,3,7.14594
AXSUSDT,BUY,LIMIT,1701065748430,13,7.10020
AXSUSDT,BUY,LIMIT,1701065832329,5,7.16714
AXSUSDT,BUY,LIMIT,1701065836995,16,7.17301
AXSUSDT,BUY,LIMIT,1701065869622,42,7.18428
AXSUSDT,BUY,LIMIT,1701065888736,1,7.20732
AXSUSDT,BUY,LIMIT,1701065892122,1,7.20886
AXSUSDT,BUY,LIMIT,1701065898650,10,7.21376
AXSUSDT,BUY,LIMIT,1701067259247,46,7.12082
AXSUSDT,SELL,LIMIT,1701067271524,95,7.05157
AXSUSDT,BUY,LIMIT,1701067551163,22,7.12348
AXSUSDT,BUY,LIMIT,1701067576386,708,7.12380
AXSUSDT,BUY,LIMIT,1701067750752,284,7.08974
AXSUSDT,BUY,LIMIT,1701067773247,1592,7.11161
AXSUSDT,SELL,LIMIT,1701067847923,54,6.98593
AXSUSDT,SELL,LIMIT,1701067869420,1,6.96977
AXSUSDT,SELL,LIMIT,1701068020904,1,6.97430
AXSUSDT,SELL,LIMIT,1701068046451,358,6.96899
AXSUSDT,BUY,LIMIT,1701068054222,680,7.02164
AXSUSDT,SELL,LIMIT,1701068068962,3,6.96156
AXSUSDT,BUY,LIMIT,1701068074853,15,7.04476
AXSUSDT,SELL,LIMIT,1701068100112,148,6.95076
AXSUSDT,SELL,LIMIT,1701068172312,12,6.94523
AXSUSDT,BUY,LIMIT,1701068944266,108,7.06178
AXSUSDT,SELL,LIMIT,1701068996910,1,6.99977
AXSUSDT,BUY,LIMIT,1701068998143,2,7.08479
AXSUSDT,BUY,LIMIT,1701069010806,9,7.09043
AXSUSDT,BUY,LIMIT,1701069013049,7,7.09274
AXSUSDT,BUY,LIMIT,1701069014302,4,7.09377
AXSUSDT,BUY,LIMIT,1701069031207,30,7.09733
AXSUSDT,SELL,LIMIT,1701069486050,220,7.01963
AXSUSDT,BUY,LIMIT,1701069498984,106,7.09616
AXSUSDT,SELL,LIMIT,1701069547568,25,6.98581
AXSUSDT,SELL,LIMIT,1701069573714,50,6.97979
AXSUSDT,SELL,LIMIT,1701069799097,18,6.97929
AXSUSDT,SELL,LIMIT,1701069824257,23,6.95990
AXSUSDT,SELL,LIMIT,1701069876631,50,6.93861
AXSUSDT,SELL,LIMIT,1701069880673,33,6.93016
AXSUSDT,SELL,LIMIT,1701069882076,147,6.92943
AXSUSDT,SELL,LIMIT,1701069883218,315,6.92699
AXSUSDT,SELL,LIMIT,1701069884234,229,6.90588
AXSUSDT,SELL,LIMIT,1701069885249,2,6.90169
AXSUSDT,SELL,LIMIT,1701069886301,3,6.89879
AXSUSDT,SELL,LIMIT,1701070041089,47,6.88314
AXSUSDT,SELL,LIMIT,1701070042148,1,6.88842
AXSUSDT,SELL,LIMIT,1701070064244,9,6.89016
AXSUSDT,SELL,LIMIT,1701070070310,142,6.88147
AXSUSDT,SELL,LIMIT,1701070111320,27,6.88061
AXSUSDT,SELL,LIMIT,1701070169905,3,6.88644
AXSUSDT,SELL,LIMIT,1701070173387,148,6.88346
AXSUSDT,BUY,LIMIT,1701072178984,4,7.05451
AXSUSDT,BUY,LIMIT,1701072187205,7,7.06575
AXSUSDT,BUY,LIMIT,1701072191828,1,7.07289
AXSUSDT,BUY,LIMIT,1701072318103,5,7.08172
AXSUSDT,BUY,LIMIT,1701072690965,97,7.09256
AXSUSDT,BUY,LIMIT,1701073749699,646,7.12182
AXSUSDT,BUY,LIMIT,1701073751107,87,7.12290
AXSUSDT,BUY,LIMIT,1701073858083,94,7.15462
AXSUSDT,BUY,LIMIT,1701073862018,921,7.16024
AXSUSDT,BUY,LIMIT,1701073900247,225,7.15999
AXSUSDT,BUY,LIMIT,1701074338102,7,7.16306
AXSUSDT,BUY,LIMIT,1701074340691,1,7.15444
AXSUSDT,BUY,LIMIT,1701074352894,73,7.17372
AXSUSDT,BUY,LIMIT,1701074357685,54,7.17869
AXSUSDT,BUY,LIMIT,1701074385205,418,7.18560
AXSUSDT,BUY,LIMIT,1701075021136,2,7.15567
AXSUSDT,BUY,LIMIT,1701075981332,208,7.19231
AXSUSDT,BUY,LIMIT,1701075991526,14,7.19730
AXSUSDT,BUY,LIMIT,1701075997135,21,7.20310
AXSUSDT,BUY,LIMIT,1701076025458,54,7.21957
AXSUSDT,BUY,LIMIT,1701076027964,356,7.22636
AXSUSDT,BUY,LIMIT,1701076042241,2,7.23058
AXSUSDT,BUY,LIMIT,1701076048678,1,7.23242
AXSUSDT,BUY,LIMIT,1701076053015,33,7.23335
AXSUSDT,BUY,LIMIT,1701076057156,58,7.23892
AXSUSDT,BUY,LIMIT,1701076077641,14,7.24874
AXSUSDT,SELL,LIMIT,1701077031969,1,7.73516
AXSUSDT,SELL,LIMIT,1701077034996,1,7.07592
AXSUSDT,SELL,LIMIT,1701077399082,1,7.10810
AXSUSDT,SELL,LIMIT,1701078607333,15,7.04834
AXSUSDT,SELL,LIMIT,1701078613159,94,7.03250
AXSUSDT,SELL,LIMIT,1701078760663,292,7.00092
AXSUSDT,SELL,LIMIT,1701078764632,49,6.99229
AXSUSDT,SELL,LIMIT,1701078767350,667,6.98884
AXSUSDT,SELL,LIMIT,1701078768373,11,6.98130
AXSUSDT,SELL,LIMIT,1701078772476,144,6.97833
AXSUSDT,SELL,LIMIT,1701078779051,33,6.97195
AXSUSDT,SELL,LIMIT,1701078780146,3,6.97377
AXSUSDT,SELL,LIMIT,1701078789961,5,6.96816
AXSUSDT,SELL,LIMIT,1701078798480,3,6.96227
AXSUSDT,SELL,LIMIT,1701078947118,29,6.95338
AXSUSDT,SELL,LIMIT,1701078950863,276,6.95219
AXSUSDT,SELL,LIMIT,1701078956152,2,6.94963
AXSUSDT,SELL,LIMIT,1701078958459,9,6.94798
AXSUSDT,SELL,LIMIT,1701079346049,2,6.93816
AXSUSDT,SELL,LIMIT,1701079348079,79,6.93438
AXSUSDT,SELL,LIMIT,1701081134255,10,7.00922
AXSUSDT,SELL,LIMIT,1701081328391,2,6.97569
AXSUSDT,SELL,LIMIT,1701081423123,9,7.00123
AXSUSDT,SELL,LIMIT,1701081435661,142,6.97988
AXSUSDT,SELL,LIMIT,1701081457177,33,6.97037
AXSUSDT,SELL,LIMIT,1701081932239,59,6.96077
AXSUSDT,SELL,LIMIT,1701081961254,32,6.96698
AXSUSDT,SELL,LIMIT,1701082016082,23,6.93155
AXSUSDT,SELL,LIMIT,1701082019970,48,6.92765
AXSUSDT,SELL,LIMIT,1701082021129,141,6.92431
AXSUSDT,SELL,LIMIT,1701082023640,69,6.91352
AXSUSDT,SELL,LIMIT,1701082026082,18,6.90816
AXSUSDT,SELL,LIMIT,1701082029275,122,6.90471
AXSUSDT,SELL,LIMIT,1701082030344,4,6.90508
AXSUSDT,SELL,LIMIT,1701082036130,294,6.89685
AXSUSDT,SELL,LIMIT,1701082038083,6,6.88843
AXSUSDT,SELL,LIMIT,1701082039386,62,6.88910
AXSUSDT,SELL,LIMIT,1701082041738,245,6.88597
AXSUSDT,SELL,LIMIT,1701082149204,23,6.88136
AXSUSDT,SELL,LIMIT,1701082150224,8,6.88005
AXSUSDT,SELL,LIMIT,1701082160252,1,6.87747
AXSUSDT,SELL,LIMIT,1701082162118,695,6.87231
AXSUSDT,SELL,LIMIT,1701082163131,115,6.87040
AXSUSDT,SELL,LIMIT,1701082187690,1,6.86832
AXSUSDT,SELL,LIMIT,1701082200323,71,6.86464
AXSUSDT,SELL,LIMIT,1701082203326,79,6.86198
AXSUSDT,SELL,LIMIT,1701082205438,1,6.86139
AXSUSDT,SELL,LIMIT,1701082206497,1332,6.83866
AXSUSDT,SELL,LIMIT,1701082208014,8,6.83809
AXSUSDT,SELL,LIMIT,1701082211140,151,6.83473
AXSUSDT,SELL,LIMIT,1701082215159,195,6.82919
AXSUSDT,SELL,LIMIT,1701082220133,200,6.82431
AXSUSDT,SELL,LIMIT,1701082227083,8,6.82189
AXSUSDT,SELL,LIMIT,1701082243234,403,6.82098
AXSUSDT,SELL,LIMIT,1701082263585,14,6.81962
AXSUSDT,SELL,LIMIT,1701082265651,36,6.81884
AXSUSDT,SELL,LIMIT,1701082469295,22,6.81528
AXSUSDT,SELL,LIMIT,1701082472694,1,6.80773
AXSUSDT,SELL,LIMIT,1701082475145,350,6.80555
AXSUSDT,SELL,LIMIT,1701082478062,47,6.80014
AXSUSDT,SELL,LIMIT,1701082479146,1,6.79880
AXSUSDT,SELL,LIMIT,1701082480278,25,6.79490
AXSUSDT,SELL,LIMIT,1701082485098,17,6.79085
AXSUSDT,SELL,LIMIT,1701082488051,3,6.78111
AXSUSDT,SELL,LIMIT,1701082489250,284,6.78050
AXSUSDT,SELL,LIMIT,1701082493698,619,6.77836
AXSUSDT,SELL,LIMIT,1701082495091,1,6.77531
AXSUSDT,SELL,LIMIT,1701082498892,20,6.77318
AXSUSDT,SELL,LIMIT,1701082534931,1,6.76871
AXSUSDT,SELL,LIMIT,1701082536871,127,6.76791
AXSUSDT,SELL,LIMIT,1701082540477,1,6.76167
AXSUSDT,SELL,LIMIT,1701082545233,422,6.75713
AXSUSDT,SELL,LIMIT,1701082561612,4,6.75328
AXSUSDT,SELL,LIMIT,1701082603749,771,6.75674
AXSUSDT,SELL,LIMIT,1701082606183,25,6.74643
AXSUSDT,SELL,LIMIT,1701082612783,3565,6.73727
AXSUSDT,SELL,LIMIT,1701082614402,97,6.74258
AXSUSDT,SELL,LIMIT,1701082616175,203,6.73680
AXSUSDT,SELL,LIMIT,1701082617375,28,6.72523
AXSUSDT,SELL,LIMIT,1701082619436,63,6.72001
AXSUSDT,SELL,LIMIT,1701082620492,71,6.72092
AXSUSDT,SELL,LIMIT,1701082621838,12,6.71491
AXSUSDT,SELL,LIMIT,1701082628160,70,6.71399
AXSUSDT,SELL,LIMIT,1701082629377,4,6.71156
AXSUSDT,SELL,LIMIT,1701082631089,10,6.69709
AXSUSDT,SELL,LIMIT,1701082632307,1174,6.70129
AXSUSDT,SELL,LIMIT,1701082634762,957,6.69268
AXSUSDT,SELL,LIMIT,1701082636245,60,6.69244
AXSUSDT,SELL,LIMIT,1701082638161,661,6.67862
AXSUSDT,SELL,LIMIT,1701082639320,683,6.68774
AXSUSDT,SELL,LIMIT,1701082642546,60,6.67946
AXSUSDT,SELL,LIMIT,1701082645187,1,6.66993
AXSUSDT,SELL,LIMIT,1701082675832,21,6.67936
AXSUSDT,SELL,LIMIT,1701082699567,9,6.66896
AXSUSDT,SELL,LIMIT,1701082703169,1,6.66701
AXSUSDT,BUY,LIMIT,1701082896442,522,6.84488
AXSUSDT,SELL,LIMIT,1701084887881,662,6.72573
AXSUSDT,BUY,LIMIT,1701086601095,169,6.85664
AXSUSDT,SELL,LIMIT,1701086706320,6,6.77809
AXSUSDT,SELL,LIMIT,1701087324211,1,6.82264
AXSUSDT,SELL,LIMIT,1701088561054,672,6.74294
AXSUSDT,BUY,LIMIT,1701089678705,5,6.91322
AXSUSDT,BUY,LIMIT,1701090666986,657,6.91763
AXSUSDT,BUY,LIMIT,1701090809559,39,6.93184
AXSUSDT,BUY,LIMIT,1701090839077,6,6.94131
AXSUSDT,BUY,LIMIT,1701090840682,132,6.94171
AXSUSDT,SELL,LIMIT,1701092254619,48,6.74813
AXSUSDT,SELL,LIMIT,1701092347096,3,6.73291
AXSUSDT,SELL,LIMIT,1701092404887,51,6.72238
AXSUSDT,SELL,LIMIT,1701092408410,34,6.71888
AXSUSDT,SELL,LIMIT,1701092913861,19,6.71602
AXSUSDT,SELL,LIMIT,1701092941870,642,6.70651
AXSUSDT,SELL,LIMIT,1701093133164,51,6.70175
AXSUSDT,SELL,LIMIT,1701093136245,82,6.70108
AXSUSDT,SELL,LIMIT,1701093237199,30,6.82561
AXSUSDT,SELL,LIMIT,1701093270988,147,6.77737
AXSUSDT,SELL,LIMIT,1701093272805,3,6.87396
AXSUSDT,SELL,LIMIT,1701093476138,230,6.77037
AXSUSDT,SELL,LIMIT,1701093637328,399,6.73635
AXSUSDT,SELL,LIMIT,1701093675845,1,6.74144
AXSUSDT,BUY,LIMIT,1701093683326,11,6.79684
AXSUSDT,BUY,LIMIT,1701093686460,175,6.81598
AXSUSDT,SELL,LIMIT,1701093694356,87,6.74494
AXSUSDT,SELL,LIMIT,1701093706448,21,6.74140
AXSUSDT,SELL,LIMIT,1701093708030,62,6.73401
AXSUSDT,SELL,LIMIT,1701094407084,57,6.68633
AXSUSDT,SELL,LIMIT,1701094414284,11,6.68106
AXSUSDT,SELL,LIMIT,1701094435526,733,6.67850
AXSUSDT,SELL,LIMIT,1701094446417,81,6.67381
AXSUSDT,SELL,LIMIT,1701094451075,11,6.66942
AXSUSDT,SELL,LIMIT,1701094943084,1,6.68550
AXSUSDT,SELL,LIMIT,1701095006163,208,6.65652
AXSUSDT,SELL,LIMIT,1701095007185,155,6.66251
AXSUSDT,SELL,LIMIT,1701095010623,563,6.64947
AXSUSDT,SELL,LIMIT,1701095012056,469,6.64092
AXSUSDT,SELL,LIMIT,1701095013066,200,6.64294
AXSUSDT,SELL,LIMIT,1701095017880,1,6.63853
AXSUSDT,SELL,LIMIT,1701095122141,64,6.65129
AXSUSDT,SELL,LIMIT,1701095147420,136,6.63644
AXSUSDT,SELL,LIMIT,1701095383381,26,6.65347
AXSUSDT,SELL,LIMIT,1701095396794,9,6.64810
AXSUSDT,SELL,LIMIT,1701095613996,2,6.63907
AXSUSDT,SELL,LIMIT,1701095618442,10,6.63428
AXSUSDT,SELL,LIMIT,1701096125768,1,6.63303
AXSUSDT,SELL,LIMIT,1701096156286,3,6.61858
AXSUSDT,SELL,LIMIT,1701096157880,2049,6.61297
AXSUSDT,SELL,LIMIT,1701096656274,286,6.61333
AXSUSDT,SELL,LIMIT,1701096679223,14,6.60753
AXSUSDT,SELL,LIMIT,1701096681481,87,6.60188
AXSUSDT,SELL,LIMIT,1701096683320,71,6.59764
AXSUSDT,SELL,LIMIT,1701096684429,6,6.59518
AXSUSDT,SELL,LIMIT,1701096695607,47,6.59209
AXSUSDT,SELL,LIMIT,1701096729320,150,6.59451
AXSUSDT,SELL,LIMIT,1701097085178,1,6.59021
AXSUSDT,SELL,LIMIT,1701097089269,11,6.58709
AXSUSDT,SELL,LIMIT,1701097098409,5,6.58281
AXSUSDT,SELL,LIMIT,1701097217667,1,6.57526
AXSUSDT,SELL,LIMIT,1701100175878,348,6.64151
AXSUSDT,SELL,LIMIT,1701100537675,80,6.65154
AXSUSDT,SELL,LIMIT,1701100565117,1,6.64286
AXSUSDT,SELL,LIMIT,1701100570087,2,6.64276
AXSUSDT,SELL,LIMIT,1701100574472,10,6.63623
AXSUSDT,BUY,LIMIT,1701100993936,13,6.41901
AXSUSDT,SELL,LIMIT,1701101007837,6,6.65785
AXSUSDT,SELL,LIMIT,1701101060052,17,6.66411
AXSUSDT,SELL,LIMIT,1701101140921,41,6.63507
AXSUSDT,BUY,LIMIT,1701101346686,17,6.77494
AXSUSDT,BUY,LIMIT,1701101360654,8,6.78310
AXSUSDT,BUY,LIMIT,1701101363972,7,6.78541
AXSUSDT,BUY,LIMIT,1701102042778,1122,6.77818
AXSUSDT,BUY,LIMIT,1701102084491,708,6.77496
AXSUSDT,BUY,LIMIT,1701104015981,6,6.74908
AXSUSDT,SELL,LIMIT,1701107567789,367,6.66111
AXSUSDT,BUY,LIMIT,1701107709387,2,6.50517
AXSUSDT,SELL,LIMIT,1701111093096,8,6.67538
AXSUSDT,SELL,LIMIT,1701111233582,237,6.65992
AXSUSDT,SELL,LIMIT,1701111242598,563,6.63521
AXSUSDT,SELL,LIMIT,1701111443864,7,6.63112
AXSUSDT,SELL,LIMIT,1701111573858,14,6.62492
AXSUSDT,SELL,LIMIT,1701111576391,3,6.61806
AXSUSDT,SELL,LIMIT,1701111658174,4,6.62543
AXSUSDT,SELL,LIMIT,1701111852275,24,6.64411
AXSUSDT,SELL,LIMIT,1701112052212,20,6.61682
AXSUSDT,SELL,LIMIT,1701112080722,3,6.61457
AXSUSDT,SELL,LIMIT,1701112126388,24,6.60102
AXSUSDT,SELL,LIMIT,1701112329636,2,6.60911
AXSUSDT,SELL,LIMIT,1701114162318,227,6.59639
AXSUSDT,SELL,LIMIT,1701114234588,231,6.59086
AXSUSDT,SELL,LIMIT,1701114274045,91,6.57651
AXSUSDT,SELL,LIMIT,1701114341083,138,6.56957
AXSUSDT,SELL,LIMIT,1701114343366,322,6.55559
AXSUSDT,SELL,LIMIT,1701114359877,388,6.55265
AXSUSDT,SELL,LIMIT,1701114368763,1,6.56538
AXSUSDT,SELL,LIMIT,1701114460958,47,6.55941
AXSUSDT,SELL,LIMIT,1701114473629,9,6.55197
AXSUSDT,SELL,LIMIT,1701114480606,8,6.54935
AXSUSDT,SELL,LIMIT,1701114491933,502,6.54251
AXSUSDT,SELL,LIMIT,1701114496115,2,6.53917
AXSUSDT,SELL,LIMIT,1701114533926,48,6.53571
AXSUSDT,SELL,LIMIT,1701114568167,793,6.53480
AXSUSDT,SELL,LIMIT,1701116684221,21,6.67880
AXSUSDT,SELL,LIMIT,1701116981648,22,6.54848
AXSUSDT,SELL,LIMIT,1701117177245,51,6.54848
AXSUSDT,SELL,LIMIT,1701117270005,4,6.55428
AXSUSDT,SELL,LIMIT,1701118959294,1,6.61179
AXSUSDT,BUY,LIMIT,1701119214996,9,6.71948
AXSUSDT,BUY,LIMIT,1701119256069,96,6.73115
AXSUSDT,BUY,LIMIT,1701120771959,108,6.80109
AXSUSDT,SELL,LIMIT,1701120812856,2,6.72462
AXSUSDT,BUY,LIMIT,1701121061200,3,6.81480
AXSUSDT,BUY,LIMIT,1701121368482,148,6.83831
AXSUSDT,BUY,LIMIT,1701121377158,70,6.84061
AXSUSDT,BUY,LIMIT,1701121381624,66,6.84192
AXSUSDT,BUY,LIMIT,1701121790431,38,6.82705
AXSUSDT,SELL,LIMIT,1701123265239,1,6.75610
AXSUSDT,BUY,LIMIT,1701125477516,13,6.85023
AXSUSDT,SELL,LIMIT,1701126099134,7,6.75821
AXSUSDT,SELL,LIMIT,1701127053877,1,6.75219
AXSUSDT,BUY,LIMIT,1701127520006,21,6.85409
AXSUSDT,BUY,LIMIT,1701127628689,506,6.87022
AXSUSDT,BUY,LIMIT,1701127644553,4,6.87680
AXSUSDT,BUY,LIMIT,1701127699116,119,6.89385
AXSUSDT,BUY,LIMIT,1701127700164,116,6.90478
AXSUSDT,BUY,LIMIT,1701127711143,36,6.91277
AXSUSDT,BUY,LIMIT,1701127811229,152,6.91557
AXSUSDT,BUY,LIMIT,1701128048704,12,6.90780
AXSUSDT,BUY,LIMIT,1701128366230,29,6.92545
AXSUSDT,BUY,LIMIT,1701129626690,368,6.92109
AXSUSDT,BUY,LIMIT,1701129628622,37,6.92216
AXSUSDT,BUY,LIMIT,1701129632162,300,6.92869
AXSUSDT,SELL,LIMIT,1701130018143,474,6.74539
AXSUSDT,SELL,LIMIT,1701130047303,727,6.72964
AXSUSDT,SELL,LIMIT,1701130088027,122,6.72401
AXSUSDT,BUY,LIMIT,1701130904111,366,6.90914
AXSUSDT,BUY,LIMIT,1701130924894,70,6.92668
AXSUSDT,BUY,LIMIT,1701131114186,223,6.94109
AXSUSDT,BUY,LIMIT,1701131115405,28,6.94232
AXSUSDT,BUY,LIMIT,1701131223099,17,6.95146
AXSUSDT,BUY,LIMIT,1701131224929,113,6.95598
AXSUSDT,BUY,LIMIT,1701131228163,6,6.96239
AXSUSDT,BUY,LIMIT,1701131240228,24,6.97259
AXSUSDT,BUY,LIMIT,1701131247863,94,6.97617
AXSUSDT,BUY,LIMIT,1701131251611,9,6.98012
AXSUSDT,BUY,LIMIT,1701131258555,1177,6.99224
AXSUSDT,BUY,LIMIT,1701131262865,15,6.99281
AXSUSDT,BUY,LIMIT,1701131264962,364,7.00020
AXSUSDT,BUY,LIMIT,1701131270877,1,7.00421
AXSUSDT,BUY,LIMIT,1701131277464,13,7.01033
AXSUSDT,SELL,LIMIT,1701131676290,23,6.81226
AXSUSDT,SELL,LIMIT,1701132928847,14,6.84245
AXSUSDT,SELL,LIMIT,1701133123526,7,6.76314
AXSUSDT,SELL,LIMIT,1701133783103,10,6.73364
AXSUSDT,SELL,LIMIT,1701134271797,158,6.71802
AXSUSDT,SELL,LIMIT,1701134290098,63,6.71608
AXSUSDT,SELL,LIMIT,1701134350047,150,6.68561
AXSUSDT,SELL,LIMIT,1701137314275,2,6.66975
AXSUSDT,SELL,LIMIT,1701137315485,72,6.66952
AXSUSDT,SELL,LIMIT,1701137321213,60,6.66643
AXSUSDT,SELL,LIMIT,1701138242365,450,6.65696
AXSUSDT,SELL,LIMIT,1701138244284,1,6.65203
AXSUSDT,SELL,LIMIT,1701138245296,2431,6.64478
AXSUSDT,SELL,LIMIT,1701138247220,12,6.64713
AXSUSDT,SELL,LIMIT,1701142554486,6,6.63105
AXSUSDT,SELL,LIMIT,1701142571148,1,6.62759
AXSUSDT,SELL,LIMIT,1701142582517,36,6.62550
AXSUSDT,SELL,LIMIT,1701144299499,1,6.60255
AXSUSDT,SELL,LIMIT,1701144376338,37,6.59616
AXSUSDT,SELL,LIMIT,1701144378265,184,6.59254
AXSUSDT,SELL,LIMIT,1701144413929,74,6.58937
AXSUSDT,SELL,LIMIT,1701144809086,13,6.56984
AXSUSDT,SELL,LIMIT,1701144832113,60,6.56079
AXSUSDT,SELL,LIMIT,1701144833254,608,6.55793
AXSUSDT,SELL,LIMIT,1701145112784,14,6.55376
AXSUSDT,SELL,LIMIT,1701145124735,470,6.55249
AXSUSDT,SELL,LIMIT,1701145131081,185,6.54964
AXSUSDT,SELL,LIMIT,1701145135038,30,6.54230
AXSUSDT,SELL,LIMIT,1701145136111,15,6.54139
AXSUSDT,SELL,LIMIT,1701145137430,100,6.53911
AXSUSDT,SELL,LIMIT,1701145142958,252,6.53730
AXSUSDT,SELL,LIMIT,1701145959686,20,6.54152
AXSUSDT,SELL,LIMIT,1701145980560,71,6.53178
AXSUSDT,SELL,LIMIT,1701146000517,122,6.52297
AXSUSDT,SELL,LIMIT,1701146002788,22,6.51675
AXSUSDT,SELL,LIMIT,1701146022871,32,6.51467
AXSUSDT,SELL,LIMIT,1701146040776,244,6.50854
AXSUSDT,SELL,LIMIT,1701146047831,2,6.50611
AXSUSDT,SELL,LIMIT,1701146059131,41,6.50568
AXSUSDT,SELL,LIMIT,1701146060195,1,6.50492
AXSUSDT,SELL,LIMIT,1701146218181,45,6.50267
AXSUSDT,SELL,LIMIT,1701146250369,47,6.49975
AXSUSDT,SELL,LIMIT,1701146499341,108,6.49544
AXSUSDT,SELL,LIMIT,1701146501452,329,6.48912
AXSUSDT,SELL,LIMIT,1701146502510,244,6.48543
AXSUSDT,SELL,LIMIT,1701146505159,96,6.48412
AXSUSDT,SELL,LIMIT,1701146510358,1,6.48178
AXSUSDT,SELL,LIMIT,1701146511369,7,6.47658
AXSUSDT,SELL,LIMIT,1701146531771,70,6.47592
AXSUSDT,SELL,LIMIT,1701146537033,854,6.47361
AXSUSDT,SELL,LIMIT,1701146904106,381,6.47084
AXSUSDT,SELL,LIMIT,1701146905160,421,6.46695
AXSUSDT,SELL,LIMIT,1701146912486,12,6.46151
AXSUSDT,SELL,LIMIT,1701146926047,1,6.46077
AXSUSDT,SELL,LIMIT,1701146927136,7,6.45828
AXSUSDT,SELL,LIMIT,1701146928411,894,6.45558
AXSUSDT,SELL,LIMIT,1701147344376,218,6.45598
AXSUSDT,SELL,LIMIT,1701147346214,30,6.45573
AXSUSDT,SELL,LIMIT,1701147347437,1,6.45563
AXSUSDT,SELL,LIMIT,1701147440668,7,6.45464
AXSUSDT,SELL,LIMIT,1701147445278,8,6.45291
AXSUSDT,SELL,LIMIT,1701147448125,2,6.45084
AXSUSDT,SELL,LIMIT,1701147489643,200,6.44960
AXSUSDT,SELL,LIMIT,1701147797140,14,6.44732
AXSUSDT,SELL,LIMIT,1701147806589,31,6.44438
AXSUSDT,SELL,LIMIT,1701147809818,5,6.44107
AXSUSDT,SELL,LIMIT,1701147811105,40,6.43598
AXSUSDT,SELL,LIMIT,1701147812132,2,6.43354
AXSUSDT,SELL,LIMIT,1701147813235,159,6.43083
AXSUSDT,SELL,LIMIT,1701147815073,2606,6.42514
AXSUSDT,SELL,LIMIT,1701147876245,6,6.43111
AXSUSDT,SELL,LIMIT,1701147887973,3,6.42648
AXSUSDT,SELL,LIMIT,1701147890831,27,6.42614
AXSUSDT,SELL,LIMIT,1701147892419,1,6.42537
AXSUSDT,SELL,LIMIT,1701147895053,5,6.41976
AXSUSDT,SELL,LIMIT,1701147931943,6,6.41875
AXSUSDT,SELL,LIMIT,1701147942080,73,6.40873
AXSUSDT,SELL,LIMIT,1701147943108,9,6.40846
AXSUSDT,SELL,LIMIT,1701147957111,29,6.40713
AXSUSDT,SELL,LIMIT,1701147959094,2,6.40510
AXSUSDT,SELL,LIMIT,1701148124156,14,6.41103
AXSUSDT,BUY,LIMIT,1701148847102,1,6.41290
AXSUSDT,SELL,LIMIT,1701148941048,424,6.41201
AXSUSDT,SELL,LIMIT,1701149830972,280,6.40064
AXSUSDT,SELL,LIMIT,1701149841975,5,6.39804
AXSUSDT,SELL,LIMIT,1701149845729,1000,6.39397
AXSUSDT,SELL,LIMIT,1701149847128,4,6.39497
AXSUSDT,SELL,LIMIT,1701149848206,161,6.39118
AXSUSDT,SELL,LIMIT,1701149849255,2,6.38855
AXSUSDT,SELL,LIMIT,1701149850718,8,6.38584
AXSUSDT,SELL,LIMIT,1701149852089,500,6.38209
AXSUSDT,SELL,LIMIT,1701149853368,194,6.38180
AXSUSDT,SELL,LIMIT,1701149860931,2,6.37620
AXSUSDT,SELL,LIMIT,1701149884837,1,6.37569
AXSUSDT,SELL,LIMIT,1701149887784,223,6.37524
AXSUSDT,SELL,LIMIT,1701149890995,246,6.37439
AXSUSDT,SELL,LIMIT,1701151263536,15,6.40896
AXSUSDT,BUY,LIMIT,1701152884715,779,6.57727
AXSUSDT,BUY,LIMIT,1701153043065,14,6.58698
AXSUSDT,BUY,LIMIT,1701153121597,35,6.60830
AXSUSDT,BUY,LIMIT,1701153189963,53,6.62231
AXSUSDT,BUY,LIMIT,1701153216276,3,6.63403
AXSUSDT,BUY,LIMIT,1701153339863,59,6.67313
AXSUSDT,BUY,LIMIT,1701153347509,46,6.68232
AXSUSDT,BUY,LIMIT,1701153358364,88,6.68198
AXSUSDT,BUY,LIMIT,1701153487279,29,6.73315
AXSUSDT,BUY,LIMIT,1701153509111,15,6.76889
AXSUSDT,BUY,LIMIT,1701153521045,356,6.77963
AXSUSDT,BUY,LIMIT,1701153525128,1,6.78485
AXSUSDT,BUY,LIMIT,1701153526230,1,6.78275
AXSUSDT,BUY,LIMIT,1701153531314,72,6.80291
AXSUSDT,BUY,LIMIT,1701153538585,19,6.81777
AXSUSDT,BUY,LIMIT,1701153555171,35,6.83172
AXSUSDT,BUY,LIMIT,1701153575308,745,6.85689
AXSUSDT,BUY,LIMIT,1701153585384,2,6.87570
AXSUSDT,BUY,LIMIT,1701153615950,87,6.88438
AXSUSDT,SELL,LIMIT,1701153769594,171,6.71284
AXSUSDT,BUY,LIMIT,1701154462459,14,6.88764
AXSUSDT,BUY,LIMIT,1701154478613,17,6.90812
AXSUSDT,BUY,LIMIT,1701154482399,52,6.91247
AXSUSDT,BUY,LIMIT,1701154485259,65,6.92239
AXSUSDT,BUY,LIMIT,1701154486330,9,6.93185
AXSUSDT,SELL,LIMIT,1701154938240,690,6.75294
AXSUSDT,BUY,LIMIT,1701154997336,15,6.95311
AXSUSDT,BUY,LIMIT,1701154998380,85,6.97196
AXSUSDT,BUY,LIMIT,1701155003491,38,7.00883
AXSUSDT,BUY,LIMIT,1701155004569,22,7.03842
AXSUSDT,BUY,LIMIT,1701155006173,1000,7.06663
AXSUSDT,SELL,LIMIT,1701155100079,114,6.86709
AXSUSDT,SELL,LIMIT,1701155102644,209,6.86328
AXSUSDT,SELL,LIMIT,1701155109500,25,6.84495
AXSUSDT,SELL,LIMIT,1701155110900,6,6.84434
AXSUSDT,SELL,LIMIT,1701155297492,268,6.74647
AXSUSDT,SELL,LIMIT,1701155334174,7,6.72701
AXSUSDT,SELL,LIMIT,1701155338170,2000,6.70576
AXSUSDT,SELL,LIMIT,1701155347415,32,6.69691
AXSUSDT,SELL,LIMIT,1701155488162,51,6.68092
AXSUSDT,SELL,LIMIT,1701155496742,45,6.66579
AXSUSDT,SELL,LIMIT,1701155634194,158,6.64198
AXSUSDT,SELL,LIMIT,1701155637697,21,6.63853
AXSUSDT,SELL,LIMIT,1701155647852,47,6.63095
AXSUSDT,SELL,LIMIT,1701156398367,56,6.66776
AXSUSDT,SELL,LIMIT,1701156527453,29,6.66676
AXSUSDT,SELL,LIMIT,1701156558377,4,6.62488
AXSUSDT,SELL,LIMIT,1701156562069,365,6.62057
AXSUSDT,SELL,LIMIT,1701156568649,21,6.61435
AXSUSDT,SELL,LIMIT,1701156595863,345,6.60274
AXSUSDT,SELL,LIMIT,1701156679229,177,6.60010
AXSUSDT,SELL,LIMIT,1701156682084,48,6.59056
AXSUSDT,SELL,LIMIT,1701156686282,28,6.58741
AXSUSDT,SELL,LIMIT,1701156687298,105,6.58814
AXSUSDT,SELL,LIMIT,1701156689266,208,6.58347
AXSUSDT,SELL,LIMIT,1701156691431,2390,6.57438
AXSUSDT,SELL,LIMIT,1701156696334,338,6.57608
AXSUSDT,SELL,LIMIT,1701156718957,111,6.56735
AXSUSDT,SELL,LIMIT,1701157033140,5,6.55210
AXSUSDT,SELL,LIMIT,1701157057599,30,6.54809
AXSUSDT,BUY,LIMIT,1701160892978,4,6.75273
AXSUSDT,BUY,LIMIT,1701160967401,77,6.75810
AXSUSDT,BUY,LIMIT,1701161004253,55,6.76684
AXSUSDT,BUY,LIMIT,1701162920410,61,6.84999
AXSUSDT,SELL,LIMIT,1701164009359,48,6.70905
AXSUSDT,SELL,LIMIT,1701164015079,5,6.69689
AXSUSDT,SELL,LIMIT,1701167304149,12,6.65458
AXSUSDT,SELL,LIMIT,1701168056487,309,6.67856
AXSUSDT,SELL,LIMIT,1701173736320,7,6.63562
AXSUSDT,SELL,LIMIT,1701173744282,84,6.63403
AXSUSDT,SELL,LIMIT,1701176574080,185,6.61048
AXSUSDT,SELL,LIMIT,1701176598375,76,6.60810
AXSUSDT,SELL,LIMIT,1701176637473,50,6.60676
AXSUSDT,SELL,LIMIT,1701176691594,47,6.60021
AXSUSDT,SELL,LIMIT,1701176695389,9,6.59708
AXSUSDT,SELL,LIMIT,1701176957110,9,6.58352
AXSUSDT,SELL,LIMIT,1701176969151,158,6.58000
AXSUSDT,BUY,LIMIT,1701181577531,90,6.74221
AXSUSDT,BUY,LIMIT,1701185234138,1,6.81124
AXSUSDT,SELL,LIMIT,1701186198688,2,6.70752
AXSUSDT,BUY,LIMIT,1701186203325,13,6.78605
AXSUSDT,SELL,LIMIT,1701187805494,141,6.67278
AXSUSDT,BUY,LIMIT,1701188216327,67,6.76089
AXSUSDT,BUY,LIMIT,1701188514952,5,6.69355
AXSUSDT,BUY,LIMIT,1701189842145,15,6.79706
AXSUSDT,BUY,LIMIT,1701190209056,23,6.82077
AXSUSDT,BUY,LIMIT,1701190274396,45,6.83548
AXSUSDT,BUY,LIMIT,1701190384191,769,6.84460
AXSUSDT,BUY,LIMIT,1701190931368,50,6.89591
AXSUSDT,SELL,LIMIT,1701192058265,10,6.75244
AXSUSDT,BUY,LIMIT,1701196216524,2,6.82159
AXSUSDT,BUY,LIMIT,1701197838335,3,6.79565
AXSUSDT,SELL,LIMIT,1701197860461,114,6.71845
AXSUSDT,BUY,LIMIT,1701197862395,152,6.79955
AXSUSDT,SELL,LIMIT,1701198352413,106,6.74129
AXSUSDT,SELL,LIMIT,1701211906934,11,6.71184
AXSUSDT,SELL,LIMIT,1701211933050,3,6.70245
AXSUSDT,SELL,LIMIT,1701211958288,568,6.69368
AXSUSDT,SELL,LIMIT,1701216910309,154,6.66227
AXSUSDT,SELL,LIMIT,1701219622740,41,6.75324
AXSUSDT,SELL,LIMIT,1701223359234,4,6.66695
AXSUSDT,SELL,LIMIT,1701223462696,8,6.65984
AXSUSDT,SELL,LIMIT,1701223468052,139,6.65598
AXSUSDT,SELL,LIMIT,1701223469224,28,6.65565
AXSUSDT,SELL,LIMIT,1701223578839,5,6.63174
AXSUSDT,SELL,LIMIT,1701225287422,16,6.62618
AXSUSDT,SELL,LIMIT,1701225289072,116,6.62478
AXSUSDT,SELL,LIMIT,1701236037164,280,6.59795
AXSUSDT,SELL,LIMIT,1701243619039,2,6.60144
AXSUSDT,BUY,LIMIT,1701246657210,7,6.70463
AXSUSDT,SELL,LIMIT,1701248153190,11,6.67400
AXSUSDT,BUY,LIMIT,1701248270081,21,6.75494
AXSUSDT,SELL,LIMIT,1701248346028,5,6.66874
AXSUSDT,SELL,LIMIT,1701248543269,220,6.66301
AXSUSDT,SELL,LIMIT,1701252235078,245,6.58309
AXSUSDT,SELL,LIMIT,1701252236384,700,6.57710
AXSUSDT,SELL,LIMIT,1701253618709,14,6.57576
AXSUSDT,SELL,LIMIT,1701254048364,734,6.56284
AXSUSDT,SELL,LIMIT,1701254052048,176,6.55646
AXSUSDT,SELL,LIMIT,1701254055335,297,6.55141
AXSUSDT,SELL,LIMIT,1701254060317,2605,6.54328
AXSUSDT,SELL,LIMIT,1701254253898,321,6.54212
AXSUSDT,SELL,LIMIT,1701254292478,338,6.53740
AXSUSDT,SELL,LIMIT,1701254300020,32,6.53471
AXSUSDT,SELL,LIMIT,1701254304119,5,6.52895
AXSUSDT,SELL,LIMIT,1701254359225,43,6.52543
AXSUSDT,SELL,LIMIT,1701254370242,5,6.51780
AXSUSDT,SELL,LIMIT,1701254412299,206,6.50801
AXSUSDT,SELL,LIMIT,1701254416170,2,6.50565
AXSUSDT,SELL,LIMIT,1701254474322,33,6.50307
AXSUSDT,SELL,LIMIT,1701254665395,465,6.49321
AXSUSDT,SELL,LIMIT,1701254668830,45,6.48894
