Symbol,Side,Order Type,Time,Quantity,Price
BADGERUSDT,SELL,LIMIT,1701067865877,7,3.464028
BADGERUSDT,SELL,LIMIT,1701068105734,406,3.442576
BADGERUSDT,BUY,LIMIT,1701068996261,10,3.548532
BADGERUSDT,SELL,LIMIT,1701069227607,1134,3.425644
BADGERUSDT,SELL,LIMIT,1701069242033,7,3.424403
BADGERUSDT,SELL,LIMIT,1701069335988,3481,3.399551
BADGERUSDT,SELL,LIMIT,1701069509148,174,3.407237
BADGERUSDT,SELL,LIMIT,1701069534630,22,3.398024
BADGERUSDT,SELL,LIMIT,1701069538097,30,3.397299
BADGERUSDT,SELL,LIMIT,1701069637974,140,3.397266
BADGERUSDT,SELL,LIMIT,1701069885598,13,3.395782
BADGERUSDT,SELL,LIMIT,1701069888653,140,3.393342
BADGERUSDT,SELL,LIMIT,1701070172641,10,3.384713
BADGERUSDT,SELL,LIMIT,1701070174189,68,3.383227
BADGERUSDT,BUY,LIMIT,1701075928576,15,3.541010
BADGERUSDT,SELL,LIMIT,1701081488037,271,3.391934
BADGERUSDT,SELL,LIMIT,1701092740294,38,3.394620
BADGERUSDT,SELL,LIMIT,1701094568575,300,3.400094
BADGERUSDT,SELL,LIMIT,1701094997882,20,3.375699
BADGERUSDT,SELL,LIMIT,1701095002474,5,3.374309
BADGERUSDT,SELL,LIMIT,1701095530835,118,3.402945
BADGERUSDT,SELL,LIMIT,1701095613833,197,3.368949
BADGERUSDT,SELL,LIMIT,1701096811282,288,3.360588
BADGERUSDT,SELL,LIMIT,1701097097172,15,3.380721
BADGERUSDT,SELL,LIMIT,1701100529454,55,3.453653
BADGERUSDT,SELL,LIMIT,1701101007837,1,3.367716
BADGERUSDT,SELL,LIMIT,1701107455855,20,3.393461
BADGERUSDT,SELL,LIMIT,1701107469868,38,3.388879
BADGERUSDT,SELL,LIMIT,1701111581054,800,3.376581
BADGERUSDT,SELL,LIMIT,1701112131694,75,3.363397
BADGERUSDT,SELL,LIMIT,1701114342370,92,3.350396
BADGERUSDT,SELL,LIMIT,1701114352849,2,3.349440
BADGERUSDT,SELL,LIMIT,1701114394108,665,3.351914
BADGERUSDT,SELL,LIMIT,1701114458421,2,3.337045
BADGERUSDT,SELL,LIMIT,1701114477104,60,3.329355
BADGERUSDT,BUY,LIMIT,1701137393548,3,3.506076
BADGERUSDT,SELL,LIMIT,1701142553127,33,3.404651
BADGERUSDT,SELL,LIMIT,1701144384038,160,3.393787
BADGERUSDT,SELL,LIMIT,1701147891409,5,3.375912
BADGERUSDT,SELL,LIMIT,1701148223588,12,3.355072
BADGERUSDT,SELL,LIMIT,1701149850053,289,3.344198
BADGERUSDT,SELL,LIMIT,1701149898855,74,3.337640
BADGERUSDT,SELL,LIMIT,1701150575995,4,3.346731
BADGERUSDT,SELL,LIMIT,1701156394013,70,3.326946
BADGERUSDT,SELL,LIMIT,1701156509983,200,3.371183
BADGERUSDT,SELL,LIMIT,1701183603803,70,3.423297
BADGERUSDT,BUY,LIMIT,1701200475235,106,3.637631
BADGERUSDT,BUY,LIMIT,1701201091868,7,3.637278
BADGERUSDT,BUY,LIMIT,1701226457155,701,3.684177
BADGERUSDT,BUY,LIMIT,1701226565596,932,3.722141
BADGERUSDT,SELL,LIMIT,1701227121181,2,3.642575
BADGERUSDT,BUY,LIMIT,1701229770087,2361,3.845744
BADGERUSDT,BUY,LIMIT,1701230434901,12,3.863786
BADGERUSDT,SELL,LIMIT,1701230890148,655,3.739464
BADGERUSDT,SELL,LIMIT,1701230902713,52,3.735366
BADGERUSDT,BUY,LIMIT,1701231232227,849,3.871711
BADGERUSDT,SELL,LIMIT,1701232096193,105,3.768796
BADGERUSDT,SELL,LIMIT,1701232282210,1039,3.744912
BADGERUSDT,SELL,LIMIT,1701232357403,20,3.704831
BADGERUSDT,SELL,LIMIT,1701233845656,223,3.690719
BADGERUSDT,SELL,LIMIT,1701239272058,177,3.608600
BADGERUSDT,SELL,LIMIT,1701239308427,158,3.605794
BADGERUSDT,SELL,LIMIT,1701240225317,14,3.646858
BADGERUSDT,BUY,LIMIT,1701247359925,17,3.781890
BADGERUSDT,SELL,LIMIT,1701250266696,220,3.638665
BADGERUSDT,SELL,LIMIT,1701253694101,6,3.601343
BADGERUSDT,SELL,LIMIT,1701254411805,178,3.602484
BADGERUSDT,SELL,LIMIT,1701254545707,102,3.593196
BADGERUSDT,SELL,LIMIT,1701264182134,669,3.652096
BADGERUSDT,SELL,LIMIT,1701265488443,11,3.648747
BADGERUSDT,SELL,LIMIT,1701267492880,902,3.611346
BADGERUSDT,SELL,LIMIT,1701269339962,34,3.573037
BADGERUSDT,SELL,LIMIT,1701269782271,108,3.568552
BADGERUSDT,SELL,LIMIT,1701270387702,274,3.559920
BADGERUSDT,SELL,LIMIT,1701270505059,18,3.549230
BADGERUSDT,SELL,LIMIT,1701270615540,125,3.541764
BADGERUSDT,SELL,LIMIT,1701270616594,33,3.539843
BADGERUSDT,SELL,LIMIT,1701270835478,104,3.534456
BADGERUSDT,SELL,LIMIT,1701270843315,24,3.532702
BADGERUSDT,SELL,LIMIT,1701288725221,257,3.615490
BADGERUSDT,SELL,LIMIT,1701293877789,32,3.558127
BADGERUSDT,SELL,LIMIT,1701306214217,30,3.544775
BADGERUSDT,SELL,LIMIT,1701306417443,190,3.531561
BADGERUSDT,SELL,LIMIT,1701307669682,349,3.539010
BADGERUSDT,SELL,LIMIT,1701309435512,7,3.511432
BADGERUSDT,SELL,LIMIT,1701309458327,933,3.512511
BADGERUSDT,SELL,LIMIT,1701309609908,320,3.509968
BADGERUSDT,SELL,LIMIT,1701309611794,6,3.508514
BADGERUSDT,SELL,LIMIT,1701309612801,1088,3.507156
BADGERUSDT,SELL,LIMIT,1701335529402,52,3.503035
BADGERUSDT,SELL,LIMIT,1701349578190,15,3.529031
BADGERUSDT,SELL,LIMIT,1701350175516,60,3.515716
BADGERUSDT,SELL,LIMIT,1701352985203,224,3.495990
BADGERUSDT,SELL,LIMIT,1701353014854,272,3.487776
BADGERUSDT,SELL,LIMIT,1701355588287,608,3.473681
BADGERUSDT,SELL,LIMIT,1701355596149,115,3.472150
BADGERUSDT,SELL,LIMIT,1701358723076,514,3.476884
BADGERUSDT,SELL,LIMIT,1701360273167,80,3.460118
BADGERUSDT,BUY,LIMIT,1701394556181,285,3.642382
BADGERUSDT,BUY,LIMIT,1701405515309,2,3.684450
BADGERUSDT,SELL,LIMIT,1701424821654,19,3.681931
BADGERUSDT,SELL,LIMIT,1701431527763,86,3.636405
BADGERUSDT,SELL,LIMIT,1701442266494,50,3.577521
BADGERUSDT,BUY,LIMIT,1701486006744,158,3.854444
BADGERUSDT,BUY,LIMIT,1701486526739,111,3.907126
BADGERUSDT,BUY,LIMIT,1701487331262,251,4.010785
BADGERUSDT,SELL,LIMIT,1701487518266,6,3.877721
BADGERUSDT,SELL,LIMIT,1701487522339,9,3.864152
BADGERUSDT,SELL,LIMIT,1701488295074,95,3.890601
BADGERUSDT,BUY,LIMIT,1701488351043,27,4.033539
BADGERUSDT,SELL,LIMIT,1701488416218,225,3.896713
BADGERUSDT,SELL,LIMIT,1701488418560,50,3.880960
BADGERUSDT,SELL,LIMIT,1701488470128,4763,3.853245
BADGERUSDT,SELL,LIMIT,1701488503031,11,3.854715
BADGERUSDT,SELL,LIMIT,1701488505650,63,3.853361
BADGERUSDT,SELL,LIMIT,1701488516067,64,3.840294
BADGERUSDT,SELL,LIMIT,1701488725151,8,3.820791
BADGERUSDT,BUY,LIMIT,1701489247745,72,3.987266
BADGERUSDT,BUY,LIMIT,1701490231327,543,4.035655
BADGERUSDT,BUY,LIMIT,1701490399433,9,4.045790
BADGERUSDT,BUY,LIMIT,1701491112239,3,4.072442
BADGERUSDT,BUY,LIMIT,1701491122008,1347,4.079488
BADGERUSDT,BUY,LIMIT,1701491197369,14,4.089545
BADGERUSDT,BUY,LIMIT,1701491214177,10,4.118307
BADGERUSDT,BUY,LIMIT,1701491218207,55,4.127520
BADGERUSDT,BUY,LIMIT,1701491263289,3,4.139778
BADGERUSDT,BUY,LIMIT,1701491266254,4,4.141098
BADGERUSDT,BUY,LIMIT,1701491448786,12,4.147956
BADGERUSDT,BUY,LIMIT,1701491458196,336,4.151335
BADGERUSDT,BUY,LIMIT,1701491460225,1223,4.168942
BADGERUSDT,BUY,LIMIT,1701491461314,637,4.182815
BADGERUSDT,BUY,LIMIT,1701491507069,227,4.183143
BADGERUSDT,BUY,LIMIT,1701491508138,6,4.186628
BADGERUSDT,SELL,LIMIT,1701491587815,1215,4.029883
BADGERUSDT,BUY,LIMIT,1701491839164,539,4.178560
BADGERUSDT,BUY,LIMIT,1701491843557,269,4.188541
BADGERUSDT,SELL,LIMIT,1701492027093,351,4.005232
BADGERUSDT,BUY,LIMIT,1701492195991,14,4.206591
BADGERUSDT,SELL,LIMIT,1701492249330,307,4.053213
BADGERUSDT,SELL,LIMIT,1701492252770,19,4.046528
BADGERUSDT,BUY,LIMIT,1701492373570,5,4.188118
BADGERUSDT,BUY,LIMIT,1701492515477,727,4.214013
BADGERUSDT,BUY,LIMIT,1701492570506,189,4.221447
BADGERUSDT,BUY,LIMIT,1701492596647,66,4.241792
BADGERUSDT,BUY,LIMIT,1701492599254,8,4.249006
BADGERUSDT,BUY,LIMIT,1701492603414,6,4.255393
BADGERUSDT,BUY,LIMIT,1701492700286,302,4.259796
BADGERUSDT,BUY,LIMIT,1701492701454,6,4.264568
BADGERUSDT,BUY,LIMIT,1701492739267,7,4.273953
BADGERUSDT,BUY,LIMIT,1701492740560,98,4.278516
BADGERUSDT,BUY,LIMIT,1701492743257,129,4.283041
BADGERUSDT,BUY,LIMIT,1701492756062,50,4.284691
BADGERUSDT,BUY,LIMIT,1701492772154,73,4.287783
BADGERUSDT,BUY,LIMIT,1701492773286,101,4.293514
BADGERUSDT,SELL,LIMIT,1701492802582,13,4.144969
BADGERUSDT,SELL,LIMIT,1701492815316,9,4.138541
BADGERUSDT,SELL,LIMIT,1701492895192,13,4.135581
BADGERUSDT,SELL,LIMIT,1701492897456,68,4.126188
BADGERUSDT,SELL,LIMIT,1701493255225,5,4.096257
BADGERUSDT,SELL,LIMIT,1701493261597,8,4.095047
BADGERUSDT,BUY,LIMIT,1701493288345,78,4.240357
BADGERUSDT,BUY,LIMIT,1701493461222,7,4.282318
BADGERUSDT,SELL,LIMIT,1701493546586,5,4.130911
BADGERUSDT,BUY,LIMIT,1701493801714,2,4.293923
BADGERUSDT,SELL,LIMIT,1701493855308,20,4.140808
BADGERUSDT,BUY,LIMIT,1701494135430,336,4.287480
BADGERUSDT,BUY,LIMIT,1701494219832,4009,4.334552
BADGERUSDT,BUY,LIMIT,1701494227481,9,4.305938
BADGERUSDT,BUY,LIMIT,1701494251223,6725,4.359659
BADGERUSDT,BUY,LIMIT,1701494258469,2,4.318708
BADGERUSDT,BUY,LIMIT,1701494265177,14,4.328879
BADGERUSDT,SELL,LIMIT,1701494457876,199,4.173788
BADGERUSDT,BUY,LIMIT,1701494752869,4,4.334895
BADGERUSDT,SELL,LIMIT,1701494831958,419,4.179611
BADGERUSDT,SELL,LIMIT,1701494876751,346,4.166043
BADGERUSDT,SELL,LIMIT,1701494878117,25,4.162016
BADGERUSDT,SELL,LIMIT,1701494888729,1179,4.156049
BADGERUSDT,SELL,LIMIT,1701494889846,257,4.153326
BADGERUSDT,SELL,LIMIT,1701495013388,453,4.120569
BADGERUSDT,SELL,LIMIT,1701495110797,3,4.088807
BADGERUSDT,SELL,LIMIT,1701495112048,488,4.077172
BADGERUSDT,SELL,LIMIT,1701495162446,29,4.051648
BADGERUSDT,SELL,LIMIT,1701495163572,49,4.032505
BADGERUSDT,SELL,LIMIT,1701495164781,3,4.023158
BADGERUSDT,SELL,LIMIT,1701495323494,80,4.019557
BADGERUSDT,SELL,LIMIT,1701495327600,119,4.007000
BADGERUSDT,SELL,LIMIT,1701495374097,23,3.998442
BADGERUSDT,SELL,LIMIT,1701495424698,24,4.003494
BADGERUSDT,SELL,LIMIT,1701495555315,5,3.990939
BADGERUSDT,SELL,LIMIT,1701495603362,109,3.985534
BADGERUSDT,SELL,LIMIT,1701495614137,1223,3.976345
BADGERUSDT,SELL,LIMIT,1701495615337,1218,3.978049
BADGERUSDT,BUY,LIMIT,1701495715280,523,4.152764
BADGERUSDT,BUY,LIMIT,1701495808909,670,4.159719
BADGERUSDT,BUY,LIMIT,1701496047290,33,4.178120
BADGERUSDT,SELL,LIMIT,1701496717160,302,4.053346
BADGERUSDT,SELL,LIMIT,1701496718310,1207,4.053860
BADGERUSDT,SELL,LIMIT,1701496719616,312,4.046133
BADGERUSDT,SELL,LIMIT,1701496733315,19,4.038273
BADGERUSDT,SELL,LIMIT,1701498176103,1212,4.040982
BADGERUSDT,SELL,LIMIT,1701499047301,32,4.008294
BADGERUSDT,SELL,LIMIT,1701499968430,1225,3.993558
BADGERUSDT,SELL,LIMIT,1701500356342,2,3.981618
BADGERUSDT,BUY,LIMIT,1701500762159,42,4.136893
BADGERUSDT,BUY,LIMIT,1701500880341,36,4.153119
BADGERUSDT,BUY,LIMIT,1701501118030,31,4.166512
BADGERUSDT,SELL,LIMIT,1701501945004,1084,4.023722
BADGERUSDT,BUY,LIMIT,1701503248645,173,4.183007
BADGERUSDT,BUY,LIMIT,1701504811456,3,4.222622
BADGERUSDT,SELL,LIMIT,1701504996234,24,4.064756
BADGERUSDT,SELL,LIMIT,1701505167696,352,4.048121
BADGERUSDT,SELL,LIMIT,1701505265138,48,4.033767
BADGERUSDT,SELL,LIMIT,1701506426216,206,4.025776
BADGERUSDT,SELL,LIMIT,1701506433734,60,4.015169
BADGERUSDT,SELL,LIMIT,1701506614499,68,4.007062
