Symbol,Side,Order Type,Time,Quantity,Price
BAKEUSDT,BUY,LIMIT,1700988731364,722,0.1499
BAKEUSDT,BUY,LIMIT,1700988736679,862,0.1500
BAKEUSDT,BUY,LIMIT,1700988795046,420,0.1500
BAKEUSDT,BUY,LIMIT,1700988796902,18845,0.1502
BAKEUSDT,BUY,LIMIT,1700989940965,1071,0.1504
BAKEUSDT,BUY,LIMIT,1700990063649,25510,0.1506
BAKEUSDT,BUY,LIMIT,1700990065841,146,0.1508
BAKEUSDT,BUY,LIMIT,1700990532672,148,0.1510
BAKEUSDT,BUY,LIMIT,1700990534068,89878,0.1520
BAKEUSDT,BUY,LIMIT,1700990554707,112,0.1513
BAKEUSDT,BUY,LIMIT,1700990558205,127,0.1513
BAKEUSDT,BUY,LIMIT,1700990559303,598,0.1515
BAKEUSDT,BUY,LIMIT,1700990578544,10300,0.1517
BAKEUSDT,BUY,LIMIT,1700990857143,17909,0.1520
BAKEUSDT,BUY,LIMIT,1700991424202,652,0.1523
BAKEUSDT,BUY,LIMIT,1700991425397,3000,0.1524
BAKEUSDT,BUY,LIMIT,1700991504145,1158,0.1529
BAKEUSDT,BUY,LIMIT,1700991517006,2000,0.1534
BAKEUSDT,BUY,LIMIT,1700991523343,2020,0.1536
BAKEUSDT,BUY,LIMIT,1700991539323,3338,0.1537
BAKEUSDT,BUY,LIMIT,1700991542889,4857,0.1539
BAKEUSDT,BUY,LIMIT,1700991543915,9980,0.1539
BAKEUSDT,BUY,LIMIT,1700991983243,75,0.1542
BAKEUSDT,BUY,LIMIT,1700991988064,1183,0.1547
BAKEUSDT,BUY,LIMIT,1700992013097,147,0.1555
BAKEUSDT,BUY,LIMIT,1700992300481,13881,0.1553
BAKEUSDT,SELL,LIMIT,1700992523394,363,0.1501
BAKEUSDT,SELL,LIMIT,1700992551249,28866,0.1497
BAKEUSDT,SELL,LIMIT,1700992552312,2347,0.1498
BAKEUSDT,SELL,LIMIT,1700992571890,16393,0.1496
BAKEUSDT,BUY,LIMIT,1700992949354,393,0.1551
BAKEUSDT,BUY,LIMIT,1700992954262,2031,0.1559
BAKEUSDT,BUY,LIMIT,1700992961268,897,0.1568
BAKEUSDT,BUY,LIMIT,1700992962372,14011,0.1563
BAKEUSDT,BUY,LIMIT,1700992963778,369,0.1570
BAKEUSDT,BUY,LIMIT,1700992980291,391,0.1571
BAKEUSDT,BUY,LIMIT,1700992992557,10757,0.1580
BAKEUSDT,BUY,LIMIT,1700992995485,2466,0.1583
BAKEUSDT,BUY,LIMIT,1700992996732,1642,0.1584
BAKEUSDT,BUY,LIMIT,1700992998000,55488,0.1595
BAKEUSDT,SELL,LIMIT,1700993266804,2018,0.1525
BAKEUSDT,SELL,LIMIT,1700993396682,641,0.1525
BAKEUSDT,SELL,LIMIT,1700993785422,96,0.1527
BAKEUSDT,BUY,LIMIT,1700994035711,413,0.1572
BAKEUSDT,SELL,LIMIT,1700994307522,7013,0.1530
BAKEUSDT,SELL,LIMIT,1700994416876,4691,0.1523
BAKEUSDT,SELL,LIMIT,1700995616068,3687,0.1514
BAKEUSDT,SELL,LIMIT,1700995629693,797,0.1514
BAKEUSDT,SELL,LIMIT,1700996170203,3104,0.1510
BAKEUSDT,SELL,LIMIT,1700998005790,1950,0.1508
BAKEUSDT,SELL,LIMIT,1700998950133,10460,0.1497
BAKEUSDT,SELL,LIMIT,1700999199724,188,0.1492
BAKEUSDT,SELL,LIMIT,1701000600153,197,0.1481
BAKEUSDT,SELL,LIMIT,1701001503511,174,0.1483
BAKEUSDT,SELL,LIMIT,1701001515006,8132,0.1477
BAKEUSDT,BUY,LIMIT,1701002825210,33244,0.1532
BAKEUSDT,BUY,LIMIT,1701003174246,7288,0.1546
BAKEUSDT,BUY,LIMIT,1701004077597,95,0.1547
BAKEUSDT,BUY,LIMIT,1701005373990,55,0.1555
BAKEUSDT,BUY,LIMIT,1701006543719,461,0.1560
BAKEUSDT,SELL,LIMIT,1701008228566,2067,0.1507
BAKEUSDT,SELL,LIMIT,1701008234473,2954,0.1505
BAKEUSDT,BUY,LIMIT,1701008741373,4590,0.1546
BAKEUSDT,SELL,LIMIT,1701009139234,1913,0.1490
BAKEUSDT,SELL,LIMIT,1701009271341,23445,0.1486
BAKEUSDT,BUY,LIMIT,1701009682011,7096,0.1542
BAKEUSDT,BUY,LIMIT,1701010032240,1576,0.1549
BAKEUSDT,BUY,LIMIT,1701011487562,32851,0.1551
BAKEUSDT,SELL,LIMIT,1701011794273,123,0.1498
BAKEUSDT,SELL,LIMIT,1701012940969,2902,0.1489
BAKEUSDT,BUY,LIMIT,1701013328240,8675,0.1541
BAKEUSDT,SELL,LIMIT,1701013818601,3384,0.1484
BAKEUSDT,SELL,LIMIT,1701013824101,175,0.1482
BAKEUSDT,SELL,LIMIT,1701013973925,823,0.1476
BAKEUSDT,SELL,LIMIT,1701014032441,142,0.1471
BAKEUSDT,SELL,LIMIT,1701014041116,6780,0.1471
BAKEUSDT,BUY,LIMIT,1701014503826,6269,0.1528
BAKEUSDT,BUY,LIMIT,1701014815306,1975,0.1533
BAKEUSDT,SELL,LIMIT,1701014921311,38,0.1491
BAKEUSDT,SELL,LIMIT,1701015749717,4783,0.1471
BAKEUSDT,SELL,LIMIT,1701016014081,329,0.1470
BAKEUSDT,SELL,LIMIT,1701016019925,141,0.1468
BAKEUSDT,SELL,LIMIT,1701016042307,649,0.1461
BAKEUSDT,SELL,LIMIT,1701016045376,5754,0.1457
BAKEUSDT,SELL,LIMIT,1701016048174,82,0.1457
BAKEUSDT,SELL,LIMIT,1701016050390,7990,0.1463
BAKEUSDT,SELL,LIMIT,1701016095338,1063,0.1456
BAKEUSDT,SELL,LIMIT,1701016096400,60,0.1454
BAKEUSDT,SELL,LIMIT,1701016098082,1474,0.1454
BAKEUSDT,SELL,LIMIT,1701016100062,260,0.1451
BAKEUSDT,SELL,LIMIT,1701016101221,951,0.1450
BAKEUSDT,SELL,LIMIT,1701016102385,3405,0.1448
BAKEUSDT,SELL,LIMIT,1701016103420,637,0.1449
BAKEUSDT,SELL,LIMIT,1701016295695,20327,0.1461
BAKEUSDT,SELL,LIMIT,1701016302142,22768,0.1460
BAKEUSDT,BUY,LIMIT,1701016743000,315,0.1524
BAKEUSDT,SELL,LIMIT,1701017294784,377,0.1479
BAKEUSDT,SELL,LIMIT,1701017464855,11845,0.1475
BAKEUSDT,SELL,LIMIT,1701017930372,370,0.1476
BAKEUSDT,SELL,LIMIT,1701018203207,3107,0.1469
BAKEUSDT,BUY,LIMIT,1701018242458,23833,0.1520
BAKEUSDT,BUY,LIMIT,1701018284010,60,0.1523
BAKEUSDT,SELL,LIMIT,1701021680602,411,0.1504
BAKEUSDT,BUY,LIMIT,1701022260179,3000,0.1536
BAKEUSDT,BUY,LIMIT,1701024102895,10468,0.1531
BAKEUSDT,BUY,LIMIT,1701025950397,1216,0.1543
BAKEUSDT,BUY,LIMIT,1701026752494,101,0.1549
BAKEUSDT,BUY,LIMIT,1701026760900,1034,0.1549
BAKEUSDT,SELL,LIMIT,1701029079607,5153,0.1495
BAKEUSDT,BUY,LIMIT,1701031590373,42,0.1544
BAKEUSDT,SELL,LIMIT,1701032802423,1536,0.1501
BAKEUSDT,SELL,LIMIT,1701032805696,139,0.1501
BAKEUSDT,BUY,LIMIT,1701036083087,4611,0.1566
BAKEUSDT,BUY,LIMIT,1701036088465,2367,0.1567
BAKEUSDT,BUY,LIMIT,1701037195051,3925,0.1580
BAKEUSDT,SELL,LIMIT,1701039934446,1799,0.1522
BAKEUSDT,SELL,LIMIT,1701040046529,772,0.1517
BAKEUSDT,BUY,LIMIT,1701042729243,94,0.1582
BAKEUSDT,SELL,LIMIT,1701043584903,858,0.1529
BAKEUSDT,BUY,LIMIT,1701043926047,258,0.1584
BAKEUSDT,BUY,LIMIT,1701044349643,2277,0.1584
BAKEUSDT,BUY,LIMIT,1701044448464,702,0.1586
BAKEUSDT,BUY,LIMIT,1701044461058,296,0.1590
BAKEUSDT,BUY,LIMIT,1701044462203,24209,0.1590
BAKEUSDT,BUY,LIMIT,1701044480764,73,0.1591
BAKEUSDT,BUY,LIMIT,1701044482082,17204,0.1594
BAKEUSDT,BUY,LIMIT,1701044846234,176,0.1596
BAKEUSDT,BUY,LIMIT,1701044849150,2377,0.1596
BAKEUSDT,BUY,LIMIT,1701044939319,272,0.1599
BAKEUSDT,BUY,LIMIT,1701044977194,663,0.1603
BAKEUSDT,SELL,LIMIT,1701046173883,3957,0.1545
BAKEUSDT,SELL,LIMIT,1701046599759,31867,0.1536
BAKEUSDT,SELL,LIMIT,1701047715888,539,0.1525
BAKEUSDT,SELL,LIMIT,1701048125305,7187,0.1511
BAKEUSDT,SELL,LIMIT,1701049580475,395,0.1503
BAKEUSDT,SELL,LIMIT,1701050535545,1295,0.1498
BAKEUSDT,SELL,LIMIT,1701050678369,3648,0.1496
BAKEUSDT,SELL,LIMIT,1701050851954,103,0.1492
BAKEUSDT,SELL,LIMIT,1701051359875,666,0.1493
BAKEUSDT,SELL,LIMIT,1701053163564,2180,0.1492
BAKEUSDT,SELL,LIMIT,1701055062791,126,0.1494
BAKEUSDT,SELL,LIMIT,1701055551649,221,0.1492
BAKEUSDT,SELL,LIMIT,1701055569888,507,0.1491
BAKEUSDT,SELL,LIMIT,1701055840152,608,0.1489
BAKEUSDT,SELL,LIMIT,1701055845593,4500,0.1489
BAKEUSDT,SELL,LIMIT,1701056053416,3287,0.1484
BAKEUSDT,SELL,LIMIT,1701056169291,1038,0.1481
BAKEUSDT,SELL,LIMIT,1701056244614,796,0.1480
BAKEUSDT,BUY,LIMIT,1701058249114,40,0.1542
BAKEUSDT,SELL,LIMIT,1701059155661,11419,0.1489
BAKEUSDT,SELL,LIMIT,1701060133018,18266,0.1484
BAKEUSDT,SELL,LIMIT,1701062709127,2995,0.1477
BAKEUSDT,SELL,LIMIT,1701062757875,65,0.1475
BAKEUSDT,SELL,LIMIT,1701063314148,33,0.1473
BAKEUSDT,SELL,LIMIT,1701063346852,202,0.1471
BAKEUSDT,SELL,LIMIT,1701063683146,1030,0.1468
