Symbol,Side,Order Type,Time,Quantity,Price
BAKEUSDT,BUY,LIMIT,1701065275942,3305,0.1583
BAKEUSDT,BUY,LIMIT,1701065319254,2643,0.1587
BAKEUSDT,BUY,LIMIT,1701065332891,40,0.1590
BAKEUSDT,BUY,LIMIT,1701065722278,1047,0.1585
BAKEUSDT,SELL,LIMIT,1701066126159,4326,0.1532
BAKEUSDT,SELL,LIMIT,1701067459123,39,0.1530
BAKEUSDT,SELL,LIMIT,1701067553287,2212,0.1540
BAKEUSDT,SELL,LIMIT,1701067644854,1602,0.1531
BAKEUSDT,SELL,LIMIT,1701067749092,218,0.1527
BAKEUSDT,BUY,LIMIT,1701067814886,2371,0.1571
BAKEUSDT,SELL,LIMIT,1701067856370,814,0.1523
BAKEUSDT,SELL,LIMIT,1701068114097,3299,0.1521
BAKEUSDT,SELL,LIMIT,1701068806241,1187,0.1522
BAKEUSDT,SELL,LIMIT,1701068843070,249,0.1512
BAKEUSDT,SELL,LIMIT,1701069184428,9054,0.1500
BAKEUSDT,SELL,LIMIT,1701069237253,5074,0.1497
BAKEUSDT,SELL,LIMIT,1701069512476,1245,0.1493
BAKEUSDT,SELL,LIMIT,1701069517943,3156,0.1492
BAKEUSDT,SELL,LIMIT,1701069523126,4,0.1491
BAKEUSDT,SELL,LIMIT,1701069543221,1956,0.1487
BAKEUSDT,SELL,LIMIT,1701069545358,7438,0.1485
BAKEUSDT,SELL,LIMIT,1701069548016,411,0.1485
BAKEUSDT,SELL,LIMIT,1701069557872,140,0.1485
BAKEUSDT,SELL,LIMIT,1701069575826,350,0.1484
BAKEUSDT,SELL,LIMIT,1701069792126,681,0.1479
BAKEUSDT,SELL,LIMIT,1701069794324,455,0.1481
BAKEUSDT,SELL,LIMIT,1701069799675,1277,0.1478
BAKEUSDT,SELL,LIMIT,1701069855101,38,0.1477
BAKEUSDT,SELL,LIMIT,1701069857044,137,0.1476
BAKEUSDT,SELL,LIMIT,1701069865292,962,0.1475
BAKEUSDT,SELL,LIMIT,1701070168621,2634,0.1479
BAKEUSDT,SELL,LIMIT,1701070172955,39,0.1472
BAKEUSDT,SELL,LIMIT,1701074109265,189,0.1500
BAKEUSDT,SELL,LIMIT,1701081437362,331,0.1524
BAKEUSDT,BUY,LIMIT,1701081523203,557,0.1569
BAKEUSDT,SELL,LIMIT,1701082016999,6202,0.1517
BAKEUSDT,SELL,LIMIT,1701082018897,600,0.1517
BAKEUSDT,SELL,LIMIT,1701082055355,572,0.1508
BAKEUSDT,SELL,LIMIT,1701082537673,54,0.1509
BAKEUSDT,SELL,LIMIT,1701083163263,515,0.1521
BAKEUSDT,SELL,LIMIT,1701083196952,5841,0.1513
BAKEUSDT,SELL,LIMIT,1701083726154,1467,0.1505
BAKEUSDT,SELL,LIMIT,1701084599151,1965,0.1518
BAKEUSDT,SELL,LIMIT,1701084721316,1551,0.1509
BAKEUSDT,BUY,LIMIT,1701084980690,435,0.1565
BAKEUSDT,BUY,LIMIT,1701085020199,2318,0.1570
BAKEUSDT,SELL,LIMIT,1701086141141,141,0.1532
BAKEUSDT,SELL,LIMIT,1701087772380,3694,0.1531
BAKEUSDT,SELL,LIMIT,1701088478406,302,0.1538
BAKEUSDT,SELL,LIMIT,1701088600462,3132,0.1528
BAKEUSDT,BUY,LIMIT,1701090545093,110,0.1596
BAKEUSDT,SELL,LIMIT,1701091105407,4179,0.1525
BAKEUSDT,SELL,LIMIT,1701091930758,9901,0.1520
BAKEUSDT,BUY,LIMIT,1701092872940,1829,0.1575
BAKEUSDT,BUY,LIMIT,1701092926008,557,0.1578
BAKEUSDT,BUY,LIMIT,1701093735271,38,0.1598
BAKEUSDT,BUY,LIMIT,1701093737112,193,0.1599
BAKEUSDT,SELL,LIMIT,1701093943510,608,0.1546
BAKEUSDT,SELL,LIMIT,1701094191398,3077,0.1536
BAKEUSDT,SELL,LIMIT,1701095446309,138,0.1556
BAKEUSDT,SELL,LIMIT,1701095596461,32,0.1527
BAKEUSDT,SELL,LIMIT,1701096118119,4731,0.1531
BAKEUSDT,SELL,LIMIT,1701096179293,14990,0.1526
BAKEUSDT,SELL,LIMIT,1701096281861,16193,0.1523
BAKEUSDT,SELL,LIMIT,1701096481951,41,0.1520
BAKEUSDT,SELL,LIMIT,1701097039933,2506,0.1511
BAKEUSDT,SELL,LIMIT,1701097099498,22140,0.1512
BAKEUSDT,SELL,LIMIT,1701097101340,1485,0.1511
BAKEUSDT,SELL,LIMIT,1701098892072,23084,0.1531
BAKEUSDT,SELL,LIMIT,1701099981099,1399,0.1519
BAKEUSDT,SELL,LIMIT,1701100065255,916,0.1513
BAKEUSDT,SELL,LIMIT,1701100131274,8366,0.1513
BAKEUSDT,SELL,LIMIT,1701100283948,11617,0.1511
BAKEUSDT,SELL,LIMIT,1701100292239,2112,0.1505
BAKEUSDT,SELL,LIMIT,1701100527569,22974,0.1509
BAKEUSDT,SELL,LIMIT,1701100573679,411,0.1504
BAKEUSDT,SELL,LIMIT,1701100578092,1595,0.1504
BAKEUSDT,SELL,LIMIT,1701100621592,235,0.1500
BAKEUSDT,SELL,LIMIT,1701100642056,800,0.1498
BAKEUSDT,SELL,LIMIT,1701100773585,12642,0.1496
BAKEUSDT,SELL,LIMIT,1701101073475,9917,0.1500
BAKEUSDT,SELL,LIMIT,1701101167394,1742,0.1493
BAKEUSDT,SELL,LIMIT,1701101176565,121,0.1492
BAKEUSDT,SELL,LIMIT,1701101181619,3770,0.1491
BAKEUSDT,SELL,LIMIT,1701101183075,500,0.1488
BAKEUSDT,BUY,LIMIT,1701103371753,643,0.1585
BAKEUSDT,BUY,LIMIT,1701104227601,2262,0.1590
BAKEUSDT,BUY,LIMIT,1701104230384,820,0.1591
BAKEUSDT,BUY,LIMIT,1701105033107,724,0.1591
BAKEUSDT,SELL,LIMIT,1701107401168,3367,0.1546
BAKEUSDT,BUY,LIMIT,1701111423890,4864,0.1584
BAKEUSDT,SELL,LIMIT,1701111908572,15974,0.1533
BAKEUSDT,SELL,LIMIT,1701112091278,822,0.1528
BAKEUSDT,SELL,LIMIT,1701112125608,937,0.1527
BAKEUSDT,SELL,LIMIT,1701112950880,57,0.1539
BAKEUSDT,SELL,LIMIT,1701114035496,7382,0.1529
BAKEUSDT,SELL,LIMIT,1701114036743,1536,0.1528
BAKEUSDT,SELL,LIMIT,1701114205295,87,0.1521
BAKEUSDT,SELL,LIMIT,1701114227696,31973,0.1521
BAKEUSDT,SELL,LIMIT,1701114366757,688,0.1515
BAKEUSDT,SELL,LIMIT,1701114544252,32028,0.1510
BAKEUSDT,SELL,LIMIT,1701115598211,4059,0.1517
BAKEUSDT,SELL,LIMIT,1701116768121,265,0.1511
BAKEUSDT,SELL,LIMIT,1701116871057,2811,0.1508
BAKEUSDT,BUY,LIMIT,1701118885859,1768,0.1556
BAKEUSDT,BUY,LIMIT,1701119024173,6880,0.1559
BAKEUSDT,BUY,LIMIT,1701119441253,256,0.1574
BAKEUSDT,BUY,LIMIT,1701123993935,570,0.1599
BAKEUSDT,BUY,LIMIT,1701124021472,2464,0.1602
BAKEUSDT,BUY,LIMIT,1701124028156,1590,0.1603
BAKEUSDT,BUY,LIMIT,1701124029374,2848,0.1603
BAKEUSDT,BUY,LIMIT,1701124051113,268,0.1607
BAKEUSDT,BUY,LIMIT,1701124055082,3533,0.1608
BAKEUSDT,BUY,LIMIT,1701124056124,1999,0.1609
BAKEUSDT,BUY,LIMIT,1701124070210,1012,0.1611
BAKEUSDT,BUY,LIMIT,1701124084047,87,0.1612
BAKEUSDT,BUY,LIMIT,1701124088187,104,0.1613
BAKEUSDT,BUY,LIMIT,1701124112335,74,0.1617
BAKEUSDT,BUY,LIMIT,1701124115139,245,0.1619
BAKEUSDT,BUY,LIMIT,1701124116334,114,0.1621
BAKEUSDT,BUY,LIMIT,1701124131668,2149,0.1624
BAKEUSDT,BUY,LIMIT,1701125395149,7384,0.1619
BAKEUSDT,BUY,LIMIT,1701126134096,77,0.1628
BAKEUSDT,BUY,LIMIT,1701127013167,400,0.1632
BAKEUSDT,BUY,LIMIT,1701127053877,33,0.1632
BAKEUSDT,BUY,LIMIT,1701127116717,1178,0.1633
BAKEUSDT,BUY,LIMIT,1701127133052,83,0.1634
BAKEUSDT,BUY,LIMIT,1701127228388,795,0.1638
BAKEUSDT,BUY,LIMIT,1701127241756,341,0.1640
BAKEUSDT,BUY,LIMIT,1701127243526,1400,0.1641
BAKEUSDT,BUY,LIMIT,1701128385251,24388,0.1644
BAKEUSDT,BUY,LIMIT,1701128391907,361,0.1645
BAKEUSDT,BUY,LIMIT,1701128395231,302,0.1645
BAKEUSDT,BUY,LIMIT,1701128692008,325,0.1646
BAKEUSDT,BUY,LIMIT,1701129049704,2,0.1648
BAKEUSDT,BUY,LIMIT,1701129051658,38,0.1648
BAKEUSDT,BUY,LIMIT,1701129102591,11624,0.1650
BAKEUSDT,BUY,LIMIT,1701129106546,52,0.1650
BAKEUSDT,BUY,LIMIT,1701129585078,7997,0.1652
BAKEUSDT,BUY,LIMIT,1701129710214,479,0.1656
BAKEUSDT,BUY,LIMIT,1701129892434,526,0.1658
BAKEUSDT,BUY,LIMIT,1701129895905,54395,0.1666
BAKEUSDT,BUY,LIMIT,1701129898915,7790,0.1659
BAKEUSDT,BUY,LIMIT,1701129904719,3958,0.1661
BAKEUSDT,BUY,LIMIT,1701129977237,2047,0.1662
BAKEUSDT,BUY,LIMIT,1701130012861,660,0.1667
BAKEUSDT,BUY,LIMIT,1701130018112,100,0.1668
BAKEUSDT,BUY,LIMIT,1701130020561,3253,0.1669
BAKEUSDT,SELL,LIMIT,1701130290084,626,0.1604
BAKEUSDT,BUY,LIMIT,1701130704000,4092,0.1656
BAKEUSDT,BUY,LIMIT,1701130706679,4482,0.1658
BAKEUSDT,SELL,LIMIT,1701132596214,556,0.1609
BAKEUSDT,SELL,LIMIT,1701132649664,134,0.1604
BAKEUSDT,SELL,LIMIT,1701133418049,59,0.1594
BAKEUSDT,SELL,LIMIT,1701133551937,9137,0.1592
BAKEUSDT,SELL,LIMIT,1701134161215,175,0.1588
BAKEUSDT,BUY,LIMIT,1701136015168,1552,0.1644
BAKEUSDT,BUY,LIMIT,1701136280119,2184,0.1647
BAKEUSDT,BUY,LIMIT,1701136286888,8817,0.1648
BAKEUSDT,BUY,LIMIT,1701136344945,18970,0.1653
BAKEUSDT,SELL,LIMIT,1701136893840,13298,0.1597
BAKEUSDT,SELL,LIMIT,1701137136173,13111,0.1586
BAKEUSDT,SELL,LIMIT,1701137240640,514,0.1578
BAKEUSDT,SELL,LIMIT,1701137464172,39,0.1571
BAKEUSDT,BUY,LIMIT,1701138299222,9259,0.1662
BAKEUSDT,BUY,LIMIT,1701138337342,1537,0.1665
BAKEUSDT,BUY,LIMIT,1701138351209,658,0.1673
BAKEUSDT,BUY,LIMIT,1701138366631,5533,0.1679
BAKEUSDT,BUY,LIMIT,1701138368051,260,0.1681
BAKEUSDT,BUY,LIMIT,1701138427600,1502,0.1679
BAKEUSDT,BUY,LIMIT,1701138919488,1534,0.1666
BAKEUSDT,BUY,LIMIT,1701139008386,2722,0.1684
BAKEUSDT,BUY,LIMIT,1701139013694,595,0.1687
BAKEUSDT,BUY,LIMIT,1701139017952,19,0.1688
BAKEUSDT,BUY,LIMIT,1701139049174,223,0.1693
BAKEUSDT,BUY,LIMIT,1701139056505,9824,0.1695
BAKEUSDT,BUY,LIMIT,1701139095681,23233,0.1696
BAKEUSDT,BUY,LIMIT,1701139098250,217,0.1699
BAKEUSDT,BUY,LIMIT,1701139101453,61,0.1702
BAKEUSDT,BUY,LIMIT,1701139189156,2537,0.1704
BAKEUSDT,BUY,LIMIT,1701139190703,10373,0.1705
BAKEUSDT,BUY,LIMIT,1701139357070,23640,0.1692
BAKEUSDT,BUY,LIMIT,1701139451183,1991,0.1693
BAKEUSDT,BUY,LIMIT,1701139459325,1183,0.1694
BAKEUSDT,BUY,LIMIT,1701139466732,1256,0.1699
BAKEUSDT,BUY,LIMIT,1701139482415,421,0.1703
BAKEUSDT,BUY,LIMIT,1701139548497,333,0.1707
BAKEUSDT,BUY,LIMIT,1701139551679,18438,0.1708
BAKEUSDT,BUY,LIMIT,1701139554273,257,0.1708
BAKEUSDT,BUY,LIMIT,1701139555535,2036,0.1711
BAKEUSDT,BUY,LIMIT,1701139558573,1453,0.1710
BAKEUSDT,BUY,LIMIT,1701140015074,1958,0.1714
BAKEUSDT,BUY,LIMIT,1701140267325,4784,0.1717
BAKEUSDT,BUY,LIMIT,1701140641292,246,0.1718
BAKEUSDT,BUY,LIMIT,1701140692994,304,0.1720
BAKEUSDT,BUY,LIMIT,1701140695453,211,0.1721
BAKEUSDT,BUY,LIMIT,1701140742876,779,0.1723
BAKEUSDT,BUY,LIMIT,1701140765814,701,0.1723
BAKEUSDT,BUY,LIMIT,1701140803154,63,0.1724
BAKEUSDT,BUY,LIMIT,1701140835839,7645,0.1725
BAKEUSDT,BUY,LIMIT,1701140843330,19101,0.1727
BAKEUSDT,BUY,LIMIT,1701140846748,3003,0.1730
BAKEUSDT,BUY,LIMIT,1701140847862,2139,0.1732
BAKEUSDT,BUY,LIMIT,1701140852193,659,0.1734
BAKEUSDT,BUY,LIMIT,1701140854262,9921,0.1735
BAKEUSDT,BUY,LIMIT,1701140858423,149,0.1736
BAKEUSDT,BUY,LIMIT,1701140869058,60,0.1738
BAKEUSDT,BUY,LIMIT,1701140871439,3589,0.1741
BAKEUSDT,BUY,LIMIT,1701140916920,1468,0.1744
BAKEUSDT,BUY,LIMIT,1701140918860,61,0.1746
BAKEUSDT,SELL,LIMIT,1701141021073,2189,0.1686
BAKEUSDT,SELL,LIMIT,1701141030064,1259,0.1684
BAKEUSDT,SELL,LIMIT,1701141037494,1401,0.1679
BAKEUSDT,SELL,LIMIT,1701141085567,8838,0.1672
BAKEUSDT,SELL,LIMIT,1701141118893,432,0.1660
BAKEUSDT,SELL,LIMIT,1701141256856,7663,0.1653
BAKEUSDT,SELL,LIMIT,1701141259070,2170,0.1653
BAKEUSDT,SELL,LIMIT,1701141262436,4017,0.1651
BAKEUSDT,SELL,LIMIT,1701141264275,595,0.1650
BAKEUSDT,SELL,LIMIT,1701141417361,1238,0.1648
BAKEUSDT,SELL,LIMIT,1701141423469,719,0.1647
BAKEUSDT,SELL,LIMIT,1701141441652,4145,0.1642
BAKEUSDT,SELL,LIMIT,1701141449455,179,0.1641
BAKEUSDT,BUY,LIMIT,1701141488160,1325,0.1698
BAKEUSDT,BUY,LIMIT,1701141649397,748,0.1709
BAKEUSDT,BUY,LIMIT,1701141854588,18317,0.1736
BAKEUSDT,SELL,LIMIT,1701141903892,874,0.1675
BAKEUSDT,SELL,LIMIT,1701141909631,446,0.1669
BAKEUSDT,SELL,LIMIT,1701142348583,3403,0.1657
BAKEUSDT,SELL,LIMIT,1701142448199,8344,0.1655
BAKEUSDT,SELL,LIMIT,1701142455810,156,0.1655
BAKEUSDT,SELL,LIMIT,1701142583959,747,0.1653
BAKEUSDT,BUY,LIMIT,1701143113172,110,0.1723
BAKEUSDT,BUY,LIMIT,1701143715857,1000,0.1727
BAKEUSDT,BUY,LIMIT,1701143722285,17827,0.1728
BAKEUSDT,SELL,LIMIT,1701144029764,58,0.1662
BAKEUSDT,BUY,LIMIT,1701144073124,2013,0.1724
BAKEUSDT,BUY,LIMIT,1701144554150,255,0.1731
BAKEUSDT,BUY,LIMIT,1701144556229,32,0.1736
BAKEUSDT,BUY,LIMIT,1701144578425,10098,0.1746
BAKEUSDT,BUY,LIMIT,1701144580213,430,0.1751
BAKEUSDT,BUY,LIMIT,1701144581340,7338,0.1750
BAKEUSDT,BUY,LIMIT,1701144582448,69,0.1757
BAKEUSDT,BUY,LIMIT,1701144594080,63,0.1762
BAKEUSDT,BUY,LIMIT,1701144595182,29308,0.1762
BAKEUSDT,BUY,LIMIT,1701144599151,19254,0.1767
BAKEUSDT,BUY,LIMIT,1701144600396,292,0.1767
BAKEUSDT,BUY,LIMIT,1701144638341,219,0.1769
BAKEUSDT,BUY,LIMIT,1701144641088,2484,0.1770
BAKEUSDT,BUY,LIMIT,1701144642154,118,0.1770
BAKEUSDT,BUY,LIMIT,1701144643178,112,0.1777
BAKEUSDT,BUY,LIMIT,1701144647793,29515,0.1777
BAKEUSDT,SELL,LIMIT,1701144742931,93,0.1712
BAKEUSDT,SELL,LIMIT,1701144793697,3484,0.1704
BAKEUSDT,BUY,LIMIT,1701144814291,774,0.1767
BAKEUSDT,SELL,LIMIT,1701144853458,20000,0.1707
BAKEUSDT,SELL,LIMIT,1701145044033,59,0.1702
BAKEUSDT,SELL,LIMIT,1701145203884,28885,0.1698
BAKEUSDT,BUY,LIMIT,1701145222408,5800,0.1758
BAKEUSDT,SELL,LIMIT,1701145627928,91,0.1691
BAKEUSDT,SELL,LIMIT,1701145650988,593,0.1690
BAKEUSDT,SELL,LIMIT,1701146221176,390,0.1685
BAKEUSDT,SELL,LIMIT,1701146245732,1456,0.1684
BAKEUSDT,SELL,LIMIT,1701146247088,47,0.1682
BAKEUSDT,SELL,LIMIT,1701146250426,3103,0.1682
BAKEUSDT,SELL,LIMIT,1701146290074,441,0.1681
BAKEUSDT,BUY,LIMIT,1701146698929,20754,0.1744
BAKEUSDT,BUY,LIMIT,1701146738027,871,0.1744
BAKEUSDT,BUY,LIMIT,1701147116789,30,0.1752
BAKEUSDT,BUY,LIMIT,1701147118329,2191,0.1755
BAKEUSDT,BUY,LIMIT,1701147121360,609,0.1755
BAKEUSDT,BUY,LIMIT,1701147327104,122,0.1752
BAKEUSDT,SELL,LIMIT,1701147448544,173,0.1694
BAKEUSDT,SELL,LIMIT,1701147490692,108,0.1692
BAKEUSDT,SELL,LIMIT,1701147614063,1355,0.1684
BAKEUSDT,SELL,LIMIT,1701147758773,31,0.1680
BAKEUSDT,SELL,LIMIT,1701147908188,8813,0.1666
BAKEUSDT,SELL,LIMIT,1701147918333,3638,0.1664
BAKEUSDT,SELL,LIMIT,1701147923578,59,0.1662
BAKEUSDT,SELL,LIMIT,1701147925181,457,0.1661
BAKEUSDT,BUY,LIMIT,1701148377438,2932,0.1728
BAKEUSDT,BUY,LIMIT,1701148383477,1166,0.1729
BAKEUSDT,BUY,LIMIT,1701148384491,1315,0.1732
BAKEUSDT,SELL,LIMIT,1701148731396,1751,0.1681
BAKEUSDT,SELL,LIMIT,1701148744313,1217,0.1678
BAKEUSDT,SELL,LIMIT,1701148759888,90,0.1677
BAKEUSDT,BUY,LIMIT,1701148839319,143,0.1737
BAKEUSDT,BUY,LIMIT,1701148899141,1263,0.1742
BAKEUSDT,SELL,LIMIT,1701149009874,27352,0.1675
BAKEUSDT,SELL,LIMIT,1701149012917,175,0.1673
BAKEUSDT,BUY,LIMIT,1701149144879,4000,0.1728
BAKEUSDT,BUY,LIMIT,1701149300835,14037,0.1733
BAKEUSDT,SELL,LIMIT,1701149410155,64,0.1682
BAKEUSDT,SELL,LIMIT,1701149453953,431,0.1677
BAKEUSDT,SELL,LIMIT,1701149479828,475,0.1673
BAKEUSDT,SELL,LIMIT,1701149492386,14481,0.1672
BAKEUSDT,SELL,LIMIT,1701149507340,7024,0.1669
BAKEUSDT,SELL,LIMIT,1701149884333,5285,0.1664
BAKEUSDT,BUY,LIMIT,1701149981758,149,0.1725
BAKEUSDT,BUY,LIMIT,1701149984255,130,0.1727
BAKEUSDT,BUY,LIMIT,1701150051505,339,0.1735
BAKEUSDT,BUY,LIMIT,1701150053916,159,0.1736
BAKEUSDT,BUY,LIMIT,1701150055875,6510,0.1736
BAKEUSDT,BUY,LIMIT,1701150063393,731,0.1740
BAKEUSDT,BUY,LIMIT,1701150100454,98,0.1745
BAKEUSDT,BUY,LIMIT,1701150103686,2540,0.1746
BAKEUSDT,BUY,LIMIT,1701150105057,174,0.1749
BAKEUSDT,BUY,LIMIT,1701150112270,1020,0.1751
BAKEUSDT,BUY,LIMIT,1701150194141,107,0.1750
BAKEUSDT,SELL,LIMIT,1701150338106,105,0.1685
BAKEUSDT,BUY,LIMIT,1701150503813,35,0.1747
BAKEUSDT,SELL,LIMIT,1701151235333,228,0.1688
BAKEUSDT,SELL,LIMIT,1701151248007,16969,0.1686
BAKEUSDT,SELL,LIMIT,1701151249514,56,0.1685
BAKEUSDT,SELL,LIMIT,1701151255338,8146,0.1684
BAKEUSDT,SELL,LIMIT,1701151257117,1709,0.1683
BAKEUSDT,SELL,LIMIT,1701151258412,22729,0.1682
BAKEUSDT,SELL,LIMIT,1701151263536,4079,0.1683
BAKEUSDT,BUY,LIMIT,1701151373054,2991,0.1744
BAKEUSDT,SELL,LIMIT,1701151565311,5882,0.1685
BAKEUSDT,BUY,LIMIT,1701151824194,326,0.1750
BAKEUSDT,BUY,LIMIT,1701151866718,881,0.1752
BAKEUSDT,BUY,LIMIT,1701151870767,160,0.1753
BAKEUSDT,BUY,LIMIT,1701151880807,199,0.1754
BAKEUSDT,BUY,LIMIT,1701151939399,4893,0.1756
BAKEUSDT,BUY,LIMIT,1701151980692,180,0.1757
BAKEUSDT,BUY,LIMIT,1701151996219,35,0.1758
BAKEUSDT,BUY,LIMIT,1701151999852,901,0.1759
BAKEUSDT,BUY,LIMIT,1701152003472,54,0.1760
BAKEUSDT,BUY,LIMIT,1701152349487,373,0.1762
BAKEUSDT,BUY,LIMIT,1701152355736,28901,0.1763
BAKEUSDT,SELL,LIMIT,1701152450378,514,0.1700
BAKEUSDT,SELL,LIMIT,1701152505338,194,0.1698
BAKEUSDT,SELL,LIMIT,1701152514150,28835,0.1696
BAKEUSDT,SELL,LIMIT,1701152536273,219,0.1692
BAKEUSDT,SELL,LIMIT,1701152710251,2734,0.1690
BAKEUSDT,SELL,LIMIT,1701152801859,50,0.1688
BAKEUSDT,SELL,LIMIT,1701152811754,1583,0.1680
BAKEUSDT,SELL,LIMIT,1701153150835,411,0.1678
BAKEUSDT,BUY,LIMIT,1701153314387,3061,0.1736
BAKEUSDT,BUY,LIMIT,1701153429738,4261,0.1734
BAKEUSDT,BUY,LIMIT,1701153940396,402,0.1745
BAKEUSDT,BUY,LIMIT,1701154029610,43,0.1749
BAKEUSDT,SELL,LIMIT,1701154261013,78,0.1688
BAKEUSDT,SELL,LIMIT,1701155104856,174,0.1684
BAKEUSDT,SELL,LIMIT,1701155357746,100,0.1682
BAKEUSDT,SELL,LIMIT,1701155378173,3443,0.1680
BAKEUSDT,SELL,LIMIT,1701155613278,185,0.1677
BAKEUSDT,SELL,LIMIT,1701155651255,1390,0.1675
BAKEUSDT,SELL,LIMIT,1701155658162,43,0.1674
BAKEUSDT,SELL,LIMIT,1701155706213,5076,0.1671
BAKEUSDT,SELL,LIMIT,1701155712512,1210,0.1668
BAKEUSDT,SELL,LIMIT,1701155943032,2534,0.1664
BAKEUSDT,SELL,LIMIT,1701156034652,2433,0.1663
BAKEUSDT,SELL,LIMIT,1701156035923,2707,0.1661
BAKEUSDT,SELL,LIMIT,1701156148563,3848,0.1660
BAKEUSDT,SELL,LIMIT,1701156150525,299,0.1658
BAKEUSDT,SELL,LIMIT,1701156151745,591,0.1657
BAKEUSDT,SELL,LIMIT,1701156155890,808,0.1657
BAKEUSDT,SELL,LIMIT,1701156164628,147,0.1657
BAKEUSDT,SELL,LIMIT,1701156168877,86,0.1655
BAKEUSDT,SELL,LIMIT,1701156191160,29299,0.1652
BAKEUSDT,SELL,LIMIT,1701156208336,293,0.1652
BAKEUSDT,SELL,LIMIT,1701156209664,100,0.1651
BAKEUSDT,SELL,LIMIT,1701156227104,7549,0.1648
BAKEUSDT,SELL,LIMIT,1701156228850,156,0.1648
BAKEUSDT,SELL,LIMIT,1701156234834,3801,0.1649
BAKEUSDT,SELL,LIMIT,1701156236972,100,0.1648
BAKEUSDT,SELL,LIMIT,1701156266396,246,0.1647
BAKEUSDT,SELL,LIMIT,1701156268579,5777,0.1646
BAKEUSDT,SELL,LIMIT,1701156270069,48,0.1646
BAKEUSDT,SELL,LIMIT,1701156273131,1062,0.1643
BAKEUSDT,SELL,LIMIT,1701156274223,570,0.1640
BAKEUSDT,SELL,LIMIT,1701156275284,3067,0.1640
BAKEUSDT,SELL,LIMIT,1701156279791,157,0.1638
BAKEUSDT,SELL,LIMIT,1701156351250,326,0.1635
BAKEUSDT,SELL,LIMIT,1701156352273,43242,0.1629
BAKEUSDT,SELL,LIMIT,1701156353365,4024,0.1625
BAKEUSDT,SELL,LIMIT,1701156365127,487,0.1623
BAKEUSDT,SELL,LIMIT,1701156422103,470,0.1618
BAKEUSDT,SELL,LIMIT,1701156423111,1157,0.1613
BAKEUSDT,SELL,LIMIT,1701156424153,21025,0.1611
BAKEUSDT,SELL,LIMIT,1701156425297,11126,0.1612
BAKEUSDT,SELL,LIMIT,1701156457074,717,0.1628
BAKEUSDT,BUY,LIMIT,1701156582090,444,0.1676
BAKEUSDT,BUY,LIMIT,1701156602149,19452,0.1678
BAKEUSDT,SELL,LIMIT,1701156873170,2091,0.1624
BAKEUSDT,SELL,LIMIT,1701156974828,790,0.1623
BAKEUSDT,SELL,LIMIT,1701157044885,37,0.1621
BAKEUSDT,BUY,LIMIT,1701157397858,7501,0.1695
BAKEUSDT,BUY,LIMIT,1701157934459,606,0.1703
BAKEUSDT,BUY,LIMIT,1701157944244,2300,0.1706
BAKEUSDT,BUY,LIMIT,1701158472073,654,0.1718
BAKEUSDT,BUY,LIMIT,1701158478583,3272,0.1721
BAKEUSDT,BUY,LIMIT,1701158483653,596,0.1721
BAKEUSDT,BUY,LIMIT,1701158487553,6050,0.1722
BAKEUSDT,BUY,LIMIT,1701158504454,31,0.1725
BAKEUSDT,BUY,LIMIT,1701158598385,2469,0.1725
BAKEUSDT,BUY,LIMIT,1701158601419,627,0.1728
BAKEUSDT,SELL,LIMIT,1701158884372,738,0.1664
BAKEUSDT,SELL,LIMIT,1701158893258,13681,0.1659
BAKEUSDT,SELL,LIMIT,1701158916985,5310,0.1657
BAKEUSDT,BUY,LIMIT,1701159453260,623,0.1703
BAKEUSDT,BUY,LIMIT,1701159690025,147,0.1707
BAKEUSDT,BUY,LIMIT,1701159696227,2619,0.1709
BAKEUSDT,BUY,LIMIT,1701159711314,31,0.1711
BAKEUSDT,BUY,LIMIT,1701160348268,1486,0.1719
BAKEUSDT,BUY,LIMIT,1701160358343,1633,0.1721
BAKEUSDT,BUY,LIMIT,1701160404586,597,0.1725
BAKEUSDT,BUY,LIMIT,1701160411420,2951,0.1727
BAKEUSDT,SELL,LIMIT,1701160924230,5732,0.1671
BAKEUSDT,SELL,LIMIT,1701160946162,47,0.1668
BAKEUSDT,SELL,LIMIT,1701160951714,2967,0.1666
BAKEUSDT,BUY,LIMIT,1701162120216,950,0.1720
BAKEUSDT,BUY,LIMIT,1701162137962,202,0.1722
BAKEUSDT,BUY,LIMIT,1701162142324,4241,0.1723
BAKEUSDT,BUY,LIMIT,1701162187573,3726,0.1732
BAKEUSDT,BUY,LIMIT,1701162233940,1418,0.1736
BAKEUSDT,BUY,LIMIT,1701162235155,10558,0.1738
BAKEUSDT,SELL,LIMIT,1701162600672,96,0.1676
BAKEUSDT,BUY,LIMIT,1701162654565,483,0.1727
BAKEUSDT,SELL,LIMIT,1701163781056,36,0.1672
BAKEUSDT,SELL,LIMIT,1701163982597,1443,0.1669
BAKEUSDT,BUY,LIMIT,1701164377502,53,0.1732
BAKEUSDT,BUY,LIMIT,1701164392706,75,0.1733
BAKEUSDT,BUY,LIMIT,1701164395858,1807,0.1733
BAKEUSDT,BUY,LIMIT,1701164398043,229,0.1734
BAKEUSDT,BUY,LIMIT,1701164411376,7732,0.1734
BAKEUSDT,BUY,LIMIT,1701164465568,5827,0.1737
BAKEUSDT,BUY,LIMIT,1701164485397,14564,0.1739
BAKEUSDT,BUY,LIMIT,1701164486988,16188,0.1739
BAKEUSDT,BUY,LIMIT,1701164551164,7322,0.1740
BAKEUSDT,BUY,LIMIT,1701164552830,39,0.1742
BAKEUSDT,BUY,LIMIT,1701164561037,3717,0.1743
BAKEUSDT,BUY,LIMIT,1701164562117,11505,0.1743
BAKEUSDT,BUY,LIMIT,1701165202208,1855,0.1738
BAKEUSDT,SELL,LIMIT,1701165623707,3031,0.1683
BAKEUSDT,SELL,LIMIT,1701165743398,1936,0.1681
BAKEUSDT,SELL,LIMIT,1701165797728,552,0.1676
BAKEUSDT,SELL,LIMIT,1701165810468,585,0.1675
BAKEUSDT,BUY,LIMIT,1701166516521,52,0.1742
BAKEUSDT,BUY,LIMIT,1701166535030,40,0.1743
BAKEUSDT,BUY,LIMIT,1701166667957,11352,0.1743
BAKEUSDT,BUY,LIMIT,1701166907609,814,0.1747
BAKEUSDT,BUY,LIMIT,1701166908889,1126,0.1749
BAKEUSDT,BUY,LIMIT,1701166910528,1363,0.1750
BAKEUSDT,SELL,LIMIT,1701167213228,3750,0.1684
BAKEUSDT,SELL,LIMIT,1701167682283,3437,0.1677
BAKEUSDT,BUY,LIMIT,1701168488481,1174,0.1734
BAKEUSDT,BUY,LIMIT,1701168491868,1299,0.1736
BAKEUSDT,BUY,LIMIT,1701168499103,48,0.1738
BAKEUSDT,BUY,LIMIT,1701168612798,2155,0.1738
BAKEUSDT,BUY,LIMIT,1701168712135,176,0.1745
BAKEUSDT,BUY,LIMIT,1701169034125,2273,0.1747
BAKEUSDT,BUY,LIMIT,1701169035389,346,0.1750
BAKEUSDT,BUY,LIMIT,1701169037430,50,0.1753
BAKEUSDT,BUY,LIMIT,1701169231105,2849,0.1756
BAKEUSDT,BUY,LIMIT,1701169233662,1728,0.1759
BAKEUSDT,BUY,LIMIT,1701169708979,561,0.1746
BAKEUSDT,SELL,LIMIT,1701170065758,2609,0.1691
BAKEUSDT,BUY,LIMIT,1701170792246,7350,0.1740
BAKEUSDT,BUY,LIMIT,1701170900699,36,0.1745
BAKEUSDT,BUY,LIMIT,1701170927101,290,0.1751
BAKEUSDT,BUY,LIMIT,1701170967282,2328,0.1754
BAKEUSDT,BUY,LIMIT,1701170980105,4390,0.1759
BAKEUSDT,BUY,LIMIT,1701170990407,693,0.1762
BAKEUSDT,BUY,LIMIT,1701171011938,22000,0.1763
BAKEUSDT,BUY,LIMIT,1701171038211,1802,0.1765
BAKEUSDT,BUY,LIMIT,1701171039845,3138,0.1767
BAKEUSDT,BUY,LIMIT,1701171041190,1400,0.1768
BAKEUSDT,BUY,LIMIT,1701171081081,29338,0.1772
BAKEUSDT,BUY,LIMIT,1701171082391,95,0.1770
BAKEUSDT,BUY,LIMIT,1701171083908,2166,0.1772
BAKEUSDT,SELL,LIMIT,1701171363246,10708,0.1696
BAKEUSDT,BUY,LIMIT,1701171986951,413,0.1749
BAKEUSDT,BUY,LIMIT,1701172389048,6859,0.1755
BAKEUSDT,BUY,LIMIT,1701172697072,1300,0.1766
BAKEUSDT,BUY,LIMIT,1701172863740,574,0.1772
BAKEUSDT,BUY,LIMIT,1701172868166,6248,0.1774
BAKEUSDT,BUY,LIMIT,1701172870063,202,0.1774
BAKEUSDT,BUY,LIMIT,1701172872180,429,0.1775
BAKEUSDT,BUY,LIMIT,1701172881208,990,0.1776
BAKEUSDT,SELL,LIMIT,1701173014923,782,0.1716
BAKEUSDT,BUY,LIMIT,1701173767434,863,0.1773
BAKEUSDT,BUY,LIMIT,1701175009523,222,0.1775
BAKEUSDT,BUY,LIMIT,1701175010958,900,0.1776
BAKEUSDT,BUY,LIMIT,1701175020215,320,0.1778
BAKEUSDT,BUY,LIMIT,1701175021343,570,0.1778
BAKEUSDT,BUY,LIMIT,1701175022534,7151,0.1782
BAKEUSDT,BUY,LIMIT,1701175024112,351,0.1786
BAKEUSDT,BUY,LIMIT,1701175025182,169,0.1786
BAKEUSDT,SELL,LIMIT,1701175087089,549,0.1725
BAKEUSDT,BUY,LIMIT,1701175360474,646,0.1779
BAKEUSDT,SELL,LIMIT,1701176510350,585,0.1706
BAKEUSDT,SELL,LIMIT,1701176601189,519,0.1700
BAKEUSDT,SELL,LIMIT,1701176641638,87510,0.1683
BAKEUSDT,SELL,LIMIT,1701176682807,3184,0.1693
BAKEUSDT,BUY,LIMIT,1701177059090,3000,0.1746
BAKEUSDT,BUY,LIMIT,1701177290417,5080,0.1749
BAKEUSDT,BUY,LIMIT,1701178305059,5216,0.1756
BAKEUSDT,SELL,LIMIT,1701178532053,1425,0.1693
BAKEUSDT,SELL,LIMIT,1701178577875,1096,0.1690
BAKEUSDT,SELL,LIMIT,1701178679777,942,0.1688
BAKEUSDT,SELL,LIMIT,1701178740291,6222,0.1683
BAKEUSDT,SELL,LIMIT,1701179027432,1716,0.1680
BAKEUSDT,SELL,LIMIT,1701179453471,17191,0.1676
BAKEUSDT,SELL,LIMIT,1701179456208,292,0.1674
BAKEUSDT,SELL,LIMIT,1701180203387,800,0.1674
BAKEUSDT,SELL,LIMIT,1701180209250,5721,0.1672
BAKEUSDT,SELL,LIMIT,1701180211703,63,0.1672
BAKEUSDT,BUY,LIMIT,1701180452028,1108,0.1733
BAKEUSDT,BUY,LIMIT,1701180537698,335,0.1741
BAKEUSDT,SELL,LIMIT,1701181341718,92,0.1678
BAKEUSDT,BUY,LIMIT,1701182452400,3503,0.1747
BAKEUSDT,BUY,LIMIT,1701182456070,455,0.1748
BAKEUSDT,BUY,LIMIT,1701182458481,9667,0.1756
BAKEUSDT,BUY,LIMIT,1701182509319,2070,0.1764
BAKEUSDT,BUY,LIMIT,1701182929440,567,0.1766
BAKEUSDT,BUY,LIMIT,1701182932616,296,0.1767
BAKEUSDT,BUY,LIMIT,1701183203226,791,0.1767
BAKEUSDT,BUY,LIMIT,1701183692969,3358,0.1770
BAKEUSDT,BUY,LIMIT,1701183851408,379,0.1771
BAKEUSDT,SELL,LIMIT,1701184187184,5720,0.1714
BAKEUSDT,BUY,LIMIT,1701185654082,2297,0.1767
BAKEUSDT,BUY,LIMIT,1701185703428,724,0.1771
BAKEUSDT,BUY,LIMIT,1701185749242,174,0.1772
BAKEUSDT,BUY,LIMIT,1701185768056,55,0.1776
BAKEUSDT,BUY,LIMIT,1701186088860,116,0.1777
BAKEUSDT,BUY,LIMIT,1701186090063,630,0.1779
BAKEUSDT,BUY,LIMIT,1701186114250,461,0.1784
BAKEUSDT,BUY,LIMIT,1701186115473,3531,0.1786
BAKEUSDT,BUY,LIMIT,1701186117784,10000,0.1787
BAKEUSDT,BUY,LIMIT,1701186119289,605,0.1789
BAKEUSDT,BUY,LIMIT,1701186120528,295,0.1789
BAKEUSDT,BUY,LIMIT,1701186124314,165,0.1789
BAKEUSDT,BUY,LIMIT,1701186125331,319,0.1792
BAKEUSDT,BUY,LIMIT,1701186126574,1584,0.1794
BAKEUSDT,BUY,LIMIT,1701186127853,89,0.1794
BAKEUSDT,BUY,LIMIT,1701186128930,233,0.1795
BAKEUSDT,BUY,LIMIT,1701186136170,17675,0.1797
BAKEUSDT,BUY,LIMIT,1701186177073,148,0.1798
BAKEUSDT,BUY,LIMIT,1701186178152,3743,0.1799
BAKEUSDT,BUY,LIMIT,1701186200480,857,0.1800
BAKEUSDT,BUY,LIMIT,1701186204130,49,0.1800
BAKEUSDT,BUY,LIMIT,1701186205491,30,0.1800
BAKEUSDT,BUY,LIMIT,1701186215180,5255,0.1801
BAKEUSDT,BUY,LIMIT,1701186217526,2692,0.1802
BAKEUSDT,BUY,LIMIT,1701186220727,130,0.1802
BAKEUSDT,BUY,LIMIT,1701186234164,1449,0.1803
BAKEUSDT,BUY,LIMIT,1701186238057,2065,0.1804
BAKEUSDT,BUY,LIMIT,1701186239072,2099,0.1804
BAKEUSDT,BUY,LIMIT,1701186293492,3635,0.1804
BAKEUSDT,BUY,LIMIT,1701186304220,4796,0.1805
BAKEUSDT,BUY,LIMIT,1701186309184,813,0.1806
BAKEUSDT,BUY,LIMIT,1701186322681,468,0.1809
BAKEUSDT,BUY,LIMIT,1701186324105,13640,0.1809
BAKEUSDT,BUY,LIMIT,1701186326539,1794,0.1810
BAKEUSDT,BUY,LIMIT,1701186328044,390,0.1811
BAKEUSDT,BUY,LIMIT,1701186329184,5748,0.1810
BAKEUSDT,BUY,LIMIT,1701186330542,14127,0.1813
BAKEUSDT,BUY,LIMIT,1701186333230,184,0.1815
BAKEUSDT,BUY,LIMIT,1701186334450,1965,0.1814
BAKEUSDT,BUY,LIMIT,1701186357109,4038,0.1816
BAKEUSDT,BUY,LIMIT,1701186359882,5740,0.1816
BAKEUSDT,BUY,LIMIT,1701186361565,13948,0.1816
BAKEUSDT,BUY,LIMIT,1701186391266,23614,0.1817
BAKEUSDT,SELL,LIMIT,1701186554437,171,0.1743
BAKEUSDT,BUY,LIMIT,1701186569498,294,0.1802
BAKEUSDT,BUY,LIMIT,1701186570928,564,0.1806
BAKEUSDT,BUY,LIMIT,1701186857309,196,0.1805
BAKEUSDT,BUY,LIMIT,1701186866777,139,0.1811
BAKEUSDT,BUY,LIMIT,1701186870425,1325,0.1815
BAKEUSDT,BUY,LIMIT,1701186871879,186,0.1817
BAKEUSDT,BUY,LIMIT,1701186875070,38,0.1821
BAKEUSDT,BUY,LIMIT,1701186881066,343,0.1822
BAKEUSDT,BUY,LIMIT,1701186885137,2517,0.1825
BAKEUSDT,BUY,LIMIT,1701186893418,120,0.1826
BAKEUSDT,BUY,LIMIT,1701186896052,155,0.1827
BAKEUSDT,BUY,LIMIT,1701186899236,3231,0.1829
BAKEUSDT,BUY,LIMIT,1701186902107,1000,0.1830
BAKEUSDT,BUY,LIMIT,1701187210765,236,0.1823
BAKEUSDT,BUY,LIMIT,1701187219115,63,0.1818
BAKEUSDT,BUY,LIMIT,1701187271154,68,0.1828
BAKEUSDT,BUY,LIMIT,1701187275334,557,0.1829
BAKEUSDT,BUY,LIMIT,1701187326240,4955,0.1831
BAKEUSDT,BUY,LIMIT,1701187360965,596,0.1831
BAKEUSDT,SELL,LIMIT,1701187449482,519,0.1767
BAKEUSDT,SELL,LIMIT,1701187499671,555,0.1764
BAKEUSDT,SELL,LIMIT,1701187510335,1301,0.1759
BAKEUSDT,SELL,LIMIT,1701187515949,580,0.1756
BAKEUSDT,BUY,LIMIT,1701187942339,11581,0.1810
BAKEUSDT,BUY,LIMIT,1701187965054,112,0.1815
BAKEUSDT,BUY,LIMIT,1701187966428,1413,0.1815
BAKEUSDT,SELL,LIMIT,1701188779176,2203,0.1751
BAKEUSDT,BUY,LIMIT,1701189022453,147,0.1811
BAKEUSDT,BUY,LIMIT,1701189451298,10575,0.1809
BAKEUSDT,BUY,LIMIT,1701189475323,1191,0.1813
BAKEUSDT,BUY,LIMIT,1701189493086,4158,0.1815
BAKEUSDT,BUY,LIMIT,1701189500167,1780,0.1815
BAKEUSDT,BUY,LIMIT,1701189814795,5000,0.1822
BAKEUSDT,BUY,LIMIT,1701189847484,961,0.1825
BAKEUSDT,BUY,LIMIT,1701189849782,3395,0.1825
BAKEUSDT,BUY,LIMIT,1701189958537,6724,0.1828
BAKEUSDT,BUY,LIMIT,1701189996002,446,0.1813
BAKEUSDT,BUY,LIMIT,1701189997065,1287,0.1818
BAKEUSDT,BUY,LIMIT,1701190003661,608,0.1831
BAKEUSDT,BUY,LIMIT,1701190015172,6310,0.1832
BAKEUSDT,BUY,LIMIT,1701190016249,30909,0.1835
BAKEUSDT,BUY,LIMIT,1701190018848,857,0.1837
BAKEUSDT,BUY,LIMIT,1701190020275,442,0.1840
BAKEUSDT,BUY,LIMIT,1701190021403,6866,0.1841
BAKEUSDT,BUY,LIMIT,1701190023330,1800,0.1841
BAKEUSDT,BUY,LIMIT,1701190029905,3953,0.1841
BAKEUSDT,SELL,LIMIT,1701190115060,226,0.1779
BAKEUSDT,SELL,LIMIT,1701191186777,7382,0.1771
BAKEUSDT,SELL,LIMIT,1701191257228,96,0.1763
BAKEUSDT,BUY,LIMIT,1701192014482,56,0.1821
BAKEUSDT,BUY,LIMIT,1701192026368,154,0.1825
BAKEUSDT,BUY,LIMIT,1701192067358,352,0.1827
BAKEUSDT,BUY,LIMIT,1701192143444,12315,0.1830
BAKEUSDT,BUY,LIMIT,1701192155152,8303,0.1830
BAKEUSDT,BUY,LIMIT,1701192271605,28126,0.1830
BAKEUSDT,BUY,LIMIT,1701192318125,2857,0.1831
BAKEUSDT,BUY,LIMIT,1701192627734,582,0.1827
BAKEUSDT,BUY,LIMIT,1701192640597,403,0.1825
BAKEUSDT,BUY,LIMIT,1701192688428,492,0.1822
BAKEUSDT,SELL,LIMIT,1701194767542,139,0.1758
BAKEUSDT,BUY,LIMIT,1701195228009,24642,0.1828
BAKEUSDT,BUY,LIMIT,1701195234364,2793,0.1830
BAKEUSDT,BUY,LIMIT,1701195478331,42,0.1832
BAKEUSDT,BUY,LIMIT,1701195518848,1456,0.1836
BAKEUSDT,BUY,LIMIT,1701195521347,2032,0.1838
BAKEUSDT,BUY,LIMIT,1701195533168,49,0.1840
BAKEUSDT,BUY,LIMIT,1701195538560,569,0.1842
BAKEUSDT,BUY,LIMIT,1701195540237,234,0.1844
BAKEUSDT,BUY,LIMIT,1701195541367,143,0.1844
BAKEUSDT,BUY,LIMIT,1701195542475,17436,0.1845
BAKEUSDT,BUY,LIMIT,1701195544348,1776,0.1846
BAKEUSDT,BUY,LIMIT,1701195550794,8872,0.1846
BAKEUSDT,BUY,LIMIT,1701195566377,15485,0.1847
BAKEUSDT,BUY,LIMIT,1701195567974,4821,0.1848
BAKEUSDT,BUY,LIMIT,1701195570969,102,0.1848
BAKEUSDT,BUY,LIMIT,1701195575189,153,0.1849
BAKEUSDT,BUY,LIMIT,1701195576258,61,0.1849
BAKEUSDT,BUY,LIMIT,1701195577402,757,0.1853
BAKEUSDT,BUY,LIMIT,1701195578690,5850,0.1854
BAKEUSDT,BUY,LIMIT,1701195582639,1151,0.1855
BAKEUSDT,BUY,LIMIT,1701195583808,8000,0.1856
BAKEUSDT,BUY,LIMIT,1701195615631,1448,0.1855
BAKEUSDT,BUY,LIMIT,1701195637597,3850,0.1856
BAKEUSDT,BUY,LIMIT,1701195642448,860,0.1857
BAKEUSDT,BUY,LIMIT,1701195644361,3077,0.1858
BAKEUSDT,BUY,LIMIT,1701195645479,7847,0.1859
BAKEUSDT,BUY,LIMIT,1701195648000,7615,0.1860
BAKEUSDT,BUY,LIMIT,1701195651890,4035,0.1861
BAKEUSDT,BUY,LIMIT,1701195654453,31,0.1861
BAKEUSDT,BUY,LIMIT,1701195655848,4283,0.1862
BAKEUSDT,BUY,LIMIT,1701196213695,3243,0.1839
BAKEUSDT,BUY,LIMIT,1701196241714,385,0.1853
BAKEUSDT,BUY,LIMIT,1701196695051,1485,0.1860
BAKEUSDT,BUY,LIMIT,1701196716423,37787,0.1866
BAKEUSDT,BUY,LIMIT,1701196735058,2171,0.1863
BAKEUSDT,BUY,LIMIT,1701196736316,658,0.1863
BAKEUSDT,BUY,LIMIT,1701196737528,2342,0.1864
BAKEUSDT,BUY,LIMIT,1701196742045,40707,0.1873
BAKEUSDT,BUY,LIMIT,1701196743232,261,0.1867
BAKEUSDT,BUY,LIMIT,1701196744270,3030,0.1867
BAKEUSDT,BUY,LIMIT,1701196746759,43,0.1868
BAKEUSDT,BUY,LIMIT,1701196748069,11862,0.1868
BAKEUSDT,BUY,LIMIT,1701196920080,3803,0.1858
BAKEUSDT,BUY,LIMIT,1701196940118,342,0.1869
BAKEUSDT,BUY,LIMIT,1701196942800,224,0.1870
BAKEUSDT,BUY,LIMIT,1701196945974,1161,0.1870
BAKEUSDT,BUY,LIMIT,1701196956170,7846,0.1870
BAKEUSDT,BUY,LIMIT,1701196979569,1500,0.1870
BAKEUSDT,BUY,LIMIT,1701197016448,613,0.1867
BAKEUSDT,SELL,LIMIT,1701197223956,1296,0.1805
BAKEUSDT,SELL,LIMIT,1701197423394,13276,0.1797
BAKEUSDT,SELL,LIMIT,1701197427603,53,0.1795
BAKEUSDT,BUY,LIMIT,1701197838785,1600,0.1855
BAKEUSDT,BUY,LIMIT,1701197840106,3455,0.1860
BAKEUSDT,BUY,LIMIT,1701197843208,11817,0.1864
BAKEUSDT,BUY,LIMIT,1701197847841,561,0.1864
BAKEUSDT,BUY,LIMIT,1701197850340,3582,0.1857
BAKEUSDT,BUY,LIMIT,1701197853126,819,0.1658
BAKEUSDT,SELL,LIMIT,1701197856450,922,0.1863
BAKEUSDT,BUY,LIMIT,1701197859608,11396,0.1868
BAKEUSDT,BUY,LIMIT,1701197862394,8479,0.1868
BAKEUSDT,BUY,LIMIT,1701197874480,7850,0.1868
BAKEUSDT,BUY,LIMIT,1701197879137,1320,0.1872
BAKEUSDT,BUY,LIMIT,1701197880290,9149,0.1871
BAKEUSDT,BUY,LIMIT,1701197882097,217,0.1872
BAKEUSDT,BUY,LIMIT,1701197884386,307,0.1873
BAKEUSDT,BUY,LIMIT,1701197885466,1292,0.1872
BAKEUSDT,BUY,LIMIT,1701197908188,69,0.1873
BAKEUSDT,BUY,LIMIT,1701197910124,132,0.1874
BAKEUSDT,BUY,LIMIT,1701197911114,1788,0.1875
BAKEUSDT,BUY,LIMIT,1701197912135,1231,0.1874
BAKEUSDT,BUY,LIMIT,1701197914117,30706,0.1878
BAKEUSDT,BUY,LIMIT,1701197916093,58,0.1877
BAKEUSDT,BUY,LIMIT,1701197917248,1219,0.1877
BAKEUSDT,BUY,LIMIT,1701197918363,1001,0.1882
BAKEUSDT,BUY,LIMIT,1701197921045,217,0.1883
BAKEUSDT,BUY,LIMIT,1701197922068,5923,0.1883
BAKEUSDT,BUY,LIMIT,1701197948194,2941,0.1882
BAKEUSDT,BUY,LIMIT,1701197969307,164,0.1886
BAKEUSDT,BUY,LIMIT,1701197970329,196092,0.1917
BAKEUSDT,BUY,LIMIT,1701197971515,833,0.1889
BAKEUSDT,BUY,LIMIT,1701197973486,6944,0.1891
BAKEUSDT,BUY,LIMIT,1701197974515,57,0.1891
BAKEUSDT,BUY,LIMIT,1701197975580,13994,0.1894
BAKEUSDT,BUY,LIMIT,1701197976633,4739,0.1898
BAKEUSDT,BUY,LIMIT,1701197977746,672,0.1900
BAKEUSDT,BUY,LIMIT,1701197979106,7790,0.1919
BAKEUSDT,BUY,LIMIT,1701197980177,29,0.1911
BAKEUSDT,SELL,LIMIT,1701198025863,521,0.1829
BAKEUSDT,BUY,LIMIT,1701198066908,2659,0.1895
BAKEUSDT,BUY,LIMIT,1701198071201,134,0.1903
BAKEUSDT,BUY,LIMIT,1701198074896,4519,0.1912
BAKEUSDT,BUY,LIMIT,1701198076237,2309,0.1917
BAKEUSDT,BUY,LIMIT,1701198077337,3572,0.1915
BAKEUSDT,BUY,LIMIT,1701198084543,8493,0.1920
BAKEUSDT,BUY,LIMIT,1701198085827,264,0.1920
BAKEUSDT,BUY,LIMIT,1701198087062,64,0.1922
BAKEUSDT,BUY,LIMIT,1701198088228,82,0.1923
BAKEUSDT,BUY,LIMIT,1701198089246,2300,0.1925
BAKEUSDT,BUY,LIMIT,1701198090303,580,0.1928
BAKEUSDT,BUY,LIMIT,1701198091323,1335,0.1930
BAKEUSDT,SELL,LIMIT,1701198093087,1321,0.1857
BAKEUSDT,SELL,LIMIT,1701198130469,26372,0.1857
BAKEUSDT,SELL,LIMIT,1701198195480,256,0.1837
BAKEUSDT,BUY,LIMIT,1701198231182,1688,0.1899
BAKEUSDT,SELL,LIMIT,1701198260804,58,0.1838
BAKEUSDT,SELL,LIMIT,1701198484954,1177,0.1827
BAKEUSDT,SELL,LIMIT,1701198504177,8841,0.1831
BAKEUSDT,SELL,LIMIT,1701198521354,1100,0.1824
BAKEUSDT,SELL,LIMIT,1701198524761,10578,0.1820
BAKEUSDT,SELL,LIMIT,1701198539256,3832,0.1821
BAKEUSDT,BUY,LIMIT,1701198671572,918,0.1885
BAKEUSDT,SELL,LIMIT,1701198827122,1125,0.1823
BAKEUSDT,SELL,LIMIT,1701198944347,734,0.1819
BAKEUSDT,BUY,LIMIT,1701199130772,7319,0.1886
BAKEUSDT,BUY,LIMIT,1701199132428,391,0.1891
BAKEUSDT,BUY,LIMIT,1701199288260,305,0.1892
BAKEUSDT,BUY,LIMIT,1701199737021,265,0.1897
BAKEUSDT,BUY,LIMIT,1701200179188,257,0.1899
BAKEUSDT,BUY,LIMIT,1701200469843,625,0.1910
BAKEUSDT,BUY,LIMIT,1701200471480,520,0.1910
BAKEUSDT,BUY,LIMIT,1701200474717,1548,0.1914
BAKEUSDT,BUY,LIMIT,1701200497199,1321,0.1916
BAKEUSDT,BUY,LIMIT,1701200523380,1985,0.1919
BAKEUSDT,BUY,LIMIT,1701200812832,1073,0.1902
BAKEUSDT,BUY,LIMIT,1701201635583,1799,0.1889
BAKEUSDT,BUY,LIMIT,1701201637418,974,0.1898
BAKEUSDT,BUY,LIMIT,1701201652055,591,0.1899
BAKEUSDT,SELL,LIMIT,1701201741758,95,0.1838
BAKEUSDT,SELL,LIMIT,1701202578125,529,0.1815
BAKEUSDT,SELL,LIMIT,1701202599063,740,0.1815
BAKEUSDT,SELL,LIMIT,1701202636454,80,0.1811
BAKEUSDT,BUY,LIMIT,1701203281283,120,0.1881
BAKEUSDT,BUY,LIMIT,1701205180066,33,0.1875
BAKEUSDT,SELL,LIMIT,1701205491242,229,0.1810
BAKEUSDT,BUY,LIMIT,1701206331788,121,0.1872
BAKEUSDT,SELL,LIMIT,1701207105019,61898,0.1797
BAKEUSDT,SELL,LIMIT,1701207154280,661,0.1800
BAKEUSDT,SELL,LIMIT,1701209398953,769,0.1797
BAKEUSDT,BUY,LIMIT,1701210507228,3691,0.1864
BAKEUSDT,BUY,LIMIT,1701211715215,869,0.1867
BAKEUSDT,SELL,LIMIT,1701211899516,680,0.1802
BAKEUSDT,SELL,LIMIT,1701211942231,646,0.1798
BAKEUSDT,SELL,LIMIT,1701211948872,97,0.1799
BAKEUSDT,SELL,LIMIT,1701212476673,1446,0.1794
BAKEUSDT,SELL,LIMIT,1701212526280,64599,0.1778
BAKEUSDT,SELL,LIMIT,1701212527513,562,0.1789
BAKEUSDT,SELL,LIMIT,1701212529271,11160,0.1789
BAKEUSDT,BUY,LIMIT,1701212701078,24207,0.1857
BAKEUSDT,BUY,LIMIT,1701213471299,1616,0.1871
BAKEUSDT,BUY,LIMIT,1701213473958,150,0.1873
BAKEUSDT,SELL,LIMIT,1701214734243,27759,0.1805
BAKEUSDT,BUY,LIMIT,1701215940939,6269,0.1864
BAKEUSDT,BUY,LIMIT,1701216008325,39,0.1869
BAKEUSDT,BUY,LIMIT,1701216042470,27233,0.1872
BAKEUSDT,BUY,LIMIT,1701216046550,34,0.1874
BAKEUSDT,BUY,LIMIT,1701216063638,4835,0.1879
BAKEUSDT,BUY,LIMIT,1701216092930,2959,0.1884
BAKEUSDT,SELL,LIMIT,1701216159297,1228,0.1809
BAKEUSDT,SELL,LIMIT,1701216165680,5723,0.1808
BAKEUSDT,SELL,LIMIT,1701216241327,37,0.1798
BAKEUSDT,SELL,LIMIT,1701216370487,9323,0.1788
BAKEUSDT,SELL,LIMIT,1701216376830,83,0.1788
BAKEUSDT,BUY,LIMIT,1701218577999,678,0.1878
BAKEUSDT,BUY,LIMIT,1701219651479,6802,0.1868
BAKEUSDT,SELL,LIMIT,1701219968028,1097,0.1807
BAKEUSDT,BUY,LIMIT,1701220278421,2019,0.1854
BAKEUSDT,SELL,LIMIT,1701220558001,1809,0.1789
BAKEUSDT,SELL,LIMIT,1701220583896,2577,0.1782
BAKEUSDT,SELL,LIMIT,1701220618131,1358,0.1778
BAKEUSDT,SELL,LIMIT,1701220619569,3680,0.1775
BAKEUSDT,SELL,LIMIT,1701220621183,266,0.1773
BAKEUSDT,SELL,LIMIT,1701220622372,62,0.1771
BAKEUSDT,SELL,LIMIT,1701220673639,1951,0.1762
BAKEUSDT,SELL,LIMIT,1701220676658,11269,0.1761
BAKEUSDT,SELL,LIMIT,1701220807406,45,0.1761
BAKEUSDT,BUY,LIMIT,1701220930170,277,0.1821
BAKEUSDT,BUY,LIMIT,1701221079200,5708,0.1827
BAKEUSDT,BUY,LIMIT,1701222094488,625,0.1833
BAKEUSDT,SELL,LIMIT,1701222645976,52,0.1772
BAKEUSDT,BUY,LIMIT,1701223759568,124,0.1834
BAKEUSDT,BUY,LIMIT,1701223762440,67,0.1835
BAKEUSDT,BUY,LIMIT,1701223779613,11111,0.1839
BAKEUSDT,BUY,LIMIT,1701223941438,667,0.1850
BAKEUSDT,BUY,LIMIT,1701223984118,75,0.1861
BAKEUSDT,BUY,LIMIT,1701224003107,686,0.1872
BAKEUSDT,BUY,LIMIT,1701224004146,516,0.1872
BAKEUSDT,SELL,LIMIT,1701224218334,167,0.1807
BAKEUSDT,SELL,LIMIT,1701224924817,31,0.1805
BAKEUSDT,BUY,LIMIT,1701225665351,2115,0.1868
BAKEUSDT,BUY,LIMIT,1701227737631,127,0.1885
BAKEUSDT,BUY,LIMIT,1701227953420,4370,0.1888
BAKEUSDT,BUY,LIMIT,1701227955074,28,0.1890
BAKEUSDT,BUY,LIMIT,1701227956152,63,0.1892
BAKEUSDT,SELL,LIMIT,1701228460872,5654,0.1819
BAKEUSDT,BUY,LIMIT,1701231973002,147,0.1880
BAKEUSDT,SELL,LIMIT,1701235728434,1193,0.1811
BAKEUSDT,SELL,LIMIT,1701235949352,454,0.1802
BAKEUSDT,SELL,LIMIT,1701236090957,826,0.1800
BAKEUSDT,SELL,LIMIT,1701236102357,116,0.1798
BAKEUSDT,BUY,LIMIT,1701237758090,328,0.1851
BAKEUSDT,BUY,LIMIT,1701243611052,2491,0.1838
BAKEUSDT,BUY,LIMIT,1701244016198,28663,0.1828
BAKEUSDT,SELL,LIMIT,1701244252389,3415,0.1776
BAKEUSDT,SELL,LIMIT,1701244452247,569,0.1773
BAKEUSDT,BUY,LIMIT,1701244760082,6232,0.1838
BAKEUSDT,BUY,LIMIT,1701245093405,110,0.0738
BAKEUSDT,BUY,LIMIT,1701245280291,715,0.1847
BAKEUSDT,BUY,LIMIT,1701245683336,10330,0.1860
BAKEUSDT,BUY,LIMIT,1701245738136,558,0.1865
BAKEUSDT,BUY,LIMIT,1701246088166,434,0.1866
BAKEUSDT,BUY,LIMIT,1701246094009,531,0.1867
BAKEUSDT,BUY,LIMIT,1701246235165,17055,0.1868
BAKEUSDT,SELL,LIMIT,1701246349703,7,0.2008
BAKEUSDT,BUY,LIMIT,1701246367763,41,0.1842
BAKEUSDT,BUY,LIMIT,1701246521468,2857,0.1864
BAKEUSDT,BUY,LIMIT,1701247381205,2706,0.1863
BAKEUSDT,BUY,LIMIT,1701247566257,111,0.1863
BAKEUSDT,SELL,LIMIT,1701247780400,1305,0.1804
BAKEUSDT,SELL,LIMIT,1701248209349,539,0.1799
BAKEUSDT,BUY,LIMIT,1701248659549,1422,0.1852
BAKEUSDT,BUY,LIMIT,1701249023601,319,0.1859
BAKEUSDT,BUY,LIMIT,1701249069543,4724,0.1860
BAKEUSDT,BUY,LIMIT,1701249087419,589,0.1862
BAKEUSDT,BUY,LIMIT,1701249635764,1179,0.1865
BAKEUSDT,SELL,LIMIT,1701249693145,998,0.1808
BAKEUSDT,SELL,LIMIT,1701249890777,12530,0.1801
BAKEUSDT,SELL,LIMIT,1701249941809,59,0.1801
BAKEUSDT,SELL,LIMIT,1701250175827,92,0.1791
BAKEUSDT,SELL,LIMIT,1701250272443,7117,0.1778
BAKEUSDT,SELL,LIMIT,1701250287029,18515,0.1778
BAKEUSDT,SELL,LIMIT,1701250856484,9224,0.1771
BAKEUSDT,SELL,LIMIT,1701250876595,2847,0.1769
BAKEUSDT,SELL,LIMIT,1701251238854,664,0.1765
BAKEUSDT,SELL,LIMIT,1701251261592,1900,0.1765
BAKEUSDT,SELL,LIMIT,1701251263441,2259,0.1764
BAKEUSDT,SELL,LIMIT,1701251315607,549,0.1760
BAKEUSDT,SELL,LIMIT,1701251321133,10595,0.1757
BAKEUSDT,SELL,LIMIT,1701251322223,30,0.1755
BAKEUSDT,SELL,LIMIT,1701251335135,2806,0.1751
BAKEUSDT,SELL,LIMIT,1701251336227,39,0.1750
BAKEUSDT,SELL,LIMIT,1701251545962,544,0.1747
BAKEUSDT,SELL,LIMIT,1701251547252,408,0.1745
BAKEUSDT,SELL,LIMIT,1701251550813,146,0.1744
BAKEUSDT,SELL,LIMIT,1701251613474,354,0.1743
BAKEUSDT,SELL,LIMIT,1701252820014,88,0.1746
BAKEUSDT,SELL,LIMIT,1701252851325,12063,0.1743
BAKEUSDT,SELL,LIMIT,1701252852418,4903,0.1740
BAKEUSDT,SELL,LIMIT,1701252861946,354,0.1738
BAKEUSDT,SELL,LIMIT,1701252872140,3292,0.1735
BAKEUSDT,SELL,LIMIT,1701253000436,3299,0.1729
BAKEUSDT,SELL,LIMIT,1701253105391,5517,0.1725
BAKEUSDT,SELL,LIMIT,1701253161307,1605,0.1722
BAKEUSDT,SELL,LIMIT,1701253169532,1199,0.1722
BAKEUSDT,SELL,LIMIT,1701253412408,217,0.1724
BAKEUSDT,SELL,LIMIT,1701254034746,1706,0.1721
BAKEUSDT,SELL,LIMIT,1701254360176,545,0.1721
BAKEUSDT,SELL,LIMIT,1701254418186,73,0.1715
BAKEUSDT,SELL,LIMIT,1701254690684,237,0.1718
BAKEUSDT,BUY,LIMIT,1701254900184,110,0.1782
BAKEUSDT,SELL,LIMIT,1701255445003,126,0.1720
BAKEUSDT,SELL,LIMIT,1701259049831,11244,0.1725
BAKEUSDT,SELL,LIMIT,1701259094695,17898,0.1722
BAKEUSDT,SELL,LIMIT,1701259099734,67,0.1721
BAKEUSDT,SELL,LIMIT,1701259243079,28394,0.1716
BAKEUSDT,SELL,LIMIT,1701259304004,120,0.1711
BAKEUSDT,SELL,LIMIT,1701259663804,246,0.1707
BAKEUSDT,SELL,LIMIT,1701262778124,295,0.1708
BAKEUSDT,BUY,LIMIT,1701263091438,3255,0.1767
BAKEUSDT,SELL,LIMIT,1701264318991,5344,0.1708
BAKEUSDT,SELL,LIMIT,1701264364798,2790,0.1704
BAKEUSDT,SELL,LIMIT,1701264415043,914,0.1700
BAKEUSDT,SELL,LIMIT,1701267267261,2932,0.1715
BAKEUSDT,BUY,LIMIT,1701269022199,32,0.1772
BAKEUSDT,SELL,LIMIT,1701270446664,10217,0.1729
BAKEUSDT,SELL,LIMIT,1701270843205,100382,0.1721
BAKEUSDT,SELL,LIMIT,1701271160264,6781,0.1721
BAKEUSDT,BUY,LIMIT,1701271741475,906,0.1776
BAKEUSDT,BUY,LIMIT,1701273193567,2298,0.1774
BAKEUSDT,SELL,LIMIT,1701273959830,106,0.1709
BAKEUSDT,SELL,LIMIT,1701274040039,652,0.1699
BAKEUSDT,SELL,LIMIT,1701274041831,93,0.1698
BAKEUSDT,BUY,LIMIT,1701274985827,29,0.1777
BAKEUSDT,BUY,LIMIT,1701275421300,197,0.1789
BAKEUSDT,SELL,LIMIT,1701275775112,284,0.1727
BAKEUSDT,SELL,LIMIT,1701275810167,22465,0.1725
BAKEUSDT,SELL,LIMIT,1701275842160,3063,0.1721
BAKEUSDT,BUY,LIMIT,1701276815145,14277,0.1785
BAKEUSDT,BUY,LIMIT,1701277242495,348,0.1797
BAKEUSDT,BUY,LIMIT,1701277826315,404,0.1805
BAKEUSDT,BUY,LIMIT,1701278317290,6583,0.1814
BAKEUSDT,BUY,LIMIT,1701278336274,300,0.1817
BAKEUSDT,BUY,LIMIT,1701278555871,40,0.1821
BAKEUSDT,BUY,LIMIT,1701278559231,576,0.1821
BAKEUSDT,BUY,LIMIT,1701278567738,275,0.1823
BAKEUSDT,BUY,LIMIT,1701283765192,1152,0.1803
BAKEUSDT,SELL,LIMIT,1701285206227,9986,0.1741
BAKEUSDT,SELL,LIMIT,1701285263227,13871,0.1735
BAKEUSDT,SELL,LIMIT,1701285328981,245,0.1733
BAKEUSDT,SELL,LIMIT,1701285376562,1982,0.1731
BAKEUSDT,BUY,LIMIT,1701286079627,123,0.1785
BAKEUSDT,SELL,LIMIT,1701288287798,29,0.1740
BAKEUSDT,BUY,LIMIT,1701290783402,134,0.1796
BAKEUSDT,BUY,LIMIT,1701290897182,53,0.1800
BAKEUSDT,BUY,LIMIT,1701294276237,84,0.1817
BAKEUSDT,BUY,LIMIT,1701294302143,29,0.1825
BAKEUSDT,SELL,LIMIT,1701295738380,303,0.1757
BAKEUSDT,BUY,LIMIT,1701306132653,1662,0.1816
BAKEUSDT,BUY,LIMIT,1701307760076,1606,0.1823
BAKEUSDT,SELL,LIMIT,1701309978394,6745,0.1731
BAKEUSDT,SELL,LIMIT,1701313969251,4128,0.1720
BAKEUSDT,BUY,LIMIT,1701315393945,1097,0.1788
BAKEUSDT,BUY,LIMIT,1701315607169,1468,0.1780
BAKEUSDT,BUY,LIMIT,1701316326197,44,0.1812
BAKEUSDT,BUY,LIMIT,1701316397406,600,0.1813
BAKEUSDT,BUY,LIMIT,1701316464102,25295,0.1815
BAKEUSDT,BUY,LIMIT,1701316857411,763,0.1825
BAKEUSDT,BUY,LIMIT,1701319699617,27891,0.1828
BAKEUSDT,BUY,LIMIT,1701319706901,97,0.1833
BAKEUSDT,BUY,LIMIT,1701320523061,3524,0.1835
BAKEUSDT,BUY,LIMIT,1701320532625,333,0.1836
BAKEUSDT,BUY,LIMIT,1701321807749,4146,0.1830
BAKEUSDT,BUY,LIMIT,1701322509362,1175,0.1838
BAKEUSDT,BUY,LIMIT,1701324849973,546,0.1847
BAKEUSDT,BUY,LIMIT,1701324857954,2143,0.1849
BAKEUSDT,BUY,LIMIT,1701325177150,40,0.1856
BAKEUSDT,BUY,LIMIT,1701325373412,31976,0.1862
BAKEUSDT,BUY,LIMIT,1701325609060,56,0.1866
BAKEUSDT,BUY,LIMIT,1701325614127,2256,0.1867
BAKEUSDT,BUY,LIMIT,1701325623485,5583,0.1876
BAKEUSDT,BUY,LIMIT,1701326564177,1188,0.1878
BAKEUSDT,SELL,LIMIT,1701327054235,2,0.1811
BAKEUSDT,BUY,LIMIT,1701327176107,1699,0.1884
BAKEUSDT,BUY,LIMIT,1701327187568,274,0.1887
BAKEUSDT,BUY,LIMIT,1701327201134,3278,0.1890
BAKEUSDT,SELL,LIMIT,1701327801409,34,0.1817
BAKEUSDT,BUY,LIMIT,1701331335020,655,0.1869
BAKEUSDT,SELL,LIMIT,1701331731757,3442,0.1797
BAKEUSDT,BUY,LIMIT,1701334145729,18532,0.1856
BAKEUSDT,SELL,LIMIT,1701336626160,268,0.1780
BAKEUSDT,SELL,LIMIT,1701336757096,3329,0.1772
BAKEUSDT,SELL,LIMIT,1701336815004,4174,0.1758
BAKEUSDT,SELL,LIMIT,1701336827042,167,0.1752
BAKEUSDT,SELL,LIMIT,1701336851178,48,0.1751
BAKEUSDT,SELL,LIMIT,1701336859380,3661,0.1747
BAKEUSDT,SELL,LIMIT,1701336870547,22533,0.1746
BAKEUSDT,SELL,LIMIT,1701336882150,261,0.1743
BAKEUSDT,SELL,LIMIT,1701337033044,6068,0.1737
BAKEUSDT,SELL,LIMIT,1701337034836,382,0.1735
BAKEUSDT,BUY,LIMIT,1701337431859,5958,0.1805
BAKEUSDT,BUY,LIMIT,1701337608639,922,0.1823
BAKEUSDT,BUY,LIMIT,1701337867383,327,0.1826
BAKEUSDT,SELL,LIMIT,1701343143199,22432,0.1800
BAKEUSDT,SELL,LIMIT,1701343556795,27233,0.1796
BAKEUSDT,SELL,LIMIT,1701343573101,7476,0.1795
BAKEUSDT,SELL,LIMIT,1701344751933,6871,0.1794
BAKEUSDT,SELL,LIMIT,1701344764318,2554,0.1793
BAKEUSDT,SELL,LIMIT,1701344814278,13713,0.1788
BAKEUSDT,SELL,LIMIT,1701344820573,13617,0.1787
BAKEUSDT,SELL,LIMIT,1701345999347,1084,0.1782
BAKEUSDT,SELL,LIMIT,1701347778057,2999,0.1756
BAKEUSDT,SELL,LIMIT,1701349093194,4698,0.1758
BAKEUSDT,SELL,LIMIT,1701349244526,239,0.1744
BAKEUSDT,SELL,LIMIT,1701349449192,4371,0.1739
BAKEUSDT,SELL,LIMIT,1701352095396,2521,0.1751
BAKEUSDT,BUY,LIMIT,1701352536807,7258,0.1809
BAKEUSDT,BUY,LIMIT,1701354170779,38,0.1822
BAKEUSDT,SELL,LIMIT,1701354850319,218,0.1760
BAKEUSDT,BUY,LIMIT,1701358939496,3849,0.1818
BAKEUSDT,SELL,LIMIT,1701360552532,1048,0.1762
BAKEUSDT,SELL,LIMIT,1701360997430,3703,0.1754
BAKEUSDT,SELL,LIMIT,1701361829407,7905,0.1748
BAKEUSDT,BUY,LIMIT,1701370585669,2461,0.1847
BAKEUSDT,BUY,LIMIT,1701372938092,480,0.1856
BAKEUSDT,BUY,LIMIT,1701373139129,297,0.1861
BAKEUSDT,BUY,LIMIT,1701373956246,1689,0.1864
BAKEUSDT,BUY,LIMIT,1701373997111,1125,0.1865
BAKEUSDT,BUY,LIMIT,1701375960164,562,0.1867
BAKEUSDT,BUY,LIMIT,1701377168891,269,0.1875
BAKEUSDT,BUY,LIMIT,1701377738404,97,0.1877
BAKEUSDT,BUY,LIMIT,1701378107633,3221,0.1883
BAKEUSDT,BUY,LIMIT,1701379410085,149,0.1891
BAKEUSDT,BUY,LIMIT,1701379432399,6468,0.1896
BAKEUSDT,BUY,LIMIT,1701379847064,792,0.1902
BAKEUSDT,BUY,LIMIT,1701379848320,446,0.1901
BAKEUSDT,BUY,LIMIT,1701379872228,681,0.1904
BAKEUSDT,BUY,LIMIT,1701379877161,417,0.1911
BAKEUSDT,BUY,LIMIT,1701379879449,7248,0.1911
BAKEUSDT,BUY,LIMIT,1701379895129,514,0.1915
BAKEUSDT,BUY,LIMIT,1701379896318,2076,0.1917
BAKEUSDT,BUY,LIMIT,1701379897348,403,0.1916
BAKEUSDT,BUY,LIMIT,1701379902299,575,0.1917
BAKEUSDT,BUY,LIMIT,1701379904054,8650,0.1920
BAKEUSDT,SELL,LIMIT,1701381696066,1531,0.1823
BAKEUSDT,BUY,LIMIT,1701382054261,17731,0.1875
BAKEUSDT,SELL,LIMIT,1701382429791,2626,0.1816
BAKEUSDT,SELL,LIMIT,1701384150821,4710,0.1810
BAKEUSDT,SELL,LIMIT,1701384193576,119,0.1806
BAKEUSDT,SELL,LIMIT,1701384196928,161,0.1804
BAKEUSDT,BUY,LIMIT,1701389036369,36,0.1869
BAKEUSDT,BUY,LIMIT,1701389984173,1300,0.1875
BAKEUSDT,SELL,LIMIT,1701390641159,13639,0.1806
BAKEUSDT,BUY,LIMIT,1701391263203,88,0.1880
BAKEUSDT,SELL,LIMIT,1701392459684,1,0.1814
BAKEUSDT,BUY,LIMIT,1701394555210,16625,0.1866
BAKEUSDT,BUY,LIMIT,1701396110999,657,0.1865
BAKEUSDT,BUY,LIMIT,1701396732433,540,0.1885
BAKEUSDT,SELL,LIMIT,1701397388158,6659,0.1839
BAKEUSDT,SELL,LIMIT,1701399186758,627,0.1818
BAKEUSDT,BUY,LIMIT,1701400858989,620,0.1874
BAKEUSDT,SELL,LIMIT,1701402395363,1076,0.1808
BAKEUSDT,SELL,LIMIT,1701403330660,572,0.1800
BAKEUSDT,SELL,LIMIT,1701403357493,931,0.1796
BAKEUSDT,SELL,LIMIT,1701412640241,301,0.1786
BAKEUSDT,SELL,LIMIT,1701413012055,720,0.1782
BAKEUSDT,SELL,LIMIT,1701413603591,4535,0.1778
BAKEUSDT,SELL,LIMIT,1701414553472,2303,0.1769
BAKEUSDT,SELL,LIMIT,1701414575975,162,0.1767
BAKEUSDT,BUY,LIMIT,1701415648363,333,0.1834
BAKEUSDT,SELL,LIMIT,1701416840609,2268,0.1766
BAKEUSDT,BUY,LIMIT,1701422321763,2931,0.1843
BAKEUSDT,SELL,LIMIT,1701423354491,2254,0.1768
BAKEUSDT,SELL,LIMIT,1701423372208,1473,0.1767
BAKEUSDT,SELL,LIMIT,1701423396308,1624,0.1765
BAKEUSDT,BUY,LIMIT,1701424822895,1670,0.1840
BAKEUSDT,SELL,LIMIT,1701426754750,382,0.1773
