Symbol,Side,Order Type,Time,Quantity,Price
BAKEUSDT,SELL,LIMIT,1701914953146,18,0.2756
BAKEUSDT,SELL,LIMIT,1701915251299,4713,0.2728
BAKEUSDT,SELL,LIMIT,1701916265328,2389,0.2720
BAKEUSDT,BUY,LIMIT,1701916495134,226,0.2821
BAKEUSDT,SELL,LIMIT,1701916805361,3904,0.2727
BAKEUSDT,SELL,LIMIT,1701916954484,3487,0.2723
BAKEUSDT,SELL,LIMIT,1701917171465,339,0.2712
BAKEUSDT,SELL,LIMIT,1701917229057,1795,0.2697
BAKEUSDT,SELL,LIMIT,1701917231299,2771,0.2695
BAKEUSDT,SELL,LIMIT,1701917243037,44314,0.2675
BAKEUSDT,SELL,LIMIT,1701917274058,1986,0.2690
BAKEUSDT,SELL,LIMIT,1701917574886,5,0.2708
BAKEUSDT,SELL,LIMIT,1701917590621,2441,0.2686
BAKEUSDT,SELL,LIMIT,1701917604079,8000,0.2685
BAKEUSDT,SELL,LIMIT,1701917606232,82,0.2682
BAKEUSDT,SELL,LIMIT,1701917609021,98,0.2680
BAKEUSDT,SELL,LIMIT,1701917610277,3079,0.2676
BAKEUSDT,SELL,LIMIT,1701917621852,114,0.2674
BAKEUSDT,BUY,LIMIT,1701917779504,124,0.2766
BAKEUSDT,BUY,LIMIT,1701918054611,28,0.2777
BAKEUSDT,SELL,LIMIT,1701918358983,4396,0.2677
BAKEUSDT,SELL,LIMIT,1701918366278,148,0.2675
BAKEUSDT,SELL,LIMIT,1701918530617,78,0.2669
BAKEUSDT,SELL,LIMIT,1701918536459,71,0.2669
BAKEUSDT,SELL,LIMIT,1701918600367,820,0.2663
BAKEUSDT,SELL,LIMIT,1701918602705,9210,0.2662
BAKEUSDT,SELL,LIMIT,1701918604766,157,0.2658
BAKEUSDT,SELL,LIMIT,1701918608269,276,0.2651
BAKEUSDT,SELL,LIMIT,1701918610548,89,0.2648
BAKEUSDT,SELL,LIMIT,1701918615130,80,0.2651
BAKEUSDT,SELL,LIMIT,1701918623344,73,0.2647
BAKEUSDT,SELL,LIMIT,1701918625216,576,0.2640
BAKEUSDT,SELL,LIMIT,1701918647964,4867,0.2663
BAKEUSDT,BUY,LIMIT,1701918944730,15541,0.2743
BAKEUSDT,BUY,LIMIT,1701918946068,39,0.2746
BAKEUSDT,BUY,LIMIT,1701918947347,65,0.2746
BAKEUSDT,BUY,LIMIT,1701918959551,6121,0.2753
BAKEUSDT,SELL,LIMIT,1701919102606,504,0.2653
BAKEUSDT,BUY,LIMIT,1701919105869,15712,0.2728
BAKEUSDT,BUY,LIMIT,1701919154474,5228,0.2756
BAKEUSDT,BUY,LIMIT,1701919259151,921,0.2765
BAKEUSDT,BUY,LIMIT,1701919267480,28,0.2767
BAKEUSDT,BUY,LIMIT,1701919850673,2932,0.2777
BAKEUSDT,SELL,LIMIT,1701920335343,717,0.2676
BAKEUSDT,BUY,LIMIT,1701920599794,179,0.2779
BAKEUSDT,BUY,LIMIT,1701920724693,176,0.2781
BAKEUSDT,BUY,LIMIT,1701920757944,4257,0.2785
BAKEUSDT,BUY,LIMIT,1701920913977,9205,0.2802
BAKEUSDT,BUY,LIMIT,1701920916666,4051,0.2805
BAKEUSDT,BUY,LIMIT,1701920923866,7345,0.2807
BAKEUSDT,BUY,LIMIT,1701921278340,473,0.2813
BAKEUSDT,BUY,LIMIT,1701921285662,151,0.2818
BAKEUSDT,BUY,LIMIT,1701921287716,346,0.2820
BAKEUSDT,BUY,LIMIT,1701921626522,190,0.2824
BAKEUSDT,BUY,LIMIT,1701921639383,1464,0.2826
BAKEUSDT,BUY,LIMIT,1701921642951,747,0.2831
BAKEUSDT,BUY,LIMIT,1701921824218,1209,0.2830
BAKEUSDT,SELL,LIMIT,1701922120699,8992,0.2726
BAKEUSDT,SELL,LIMIT,1701922124954,208,0.2723
BAKEUSDT,SELL,LIMIT,1701922415666,349,0.2714
BAKEUSDT,SELL,LIMIT,1701922439502,14853,0.2711
BAKEUSDT,SELL,LIMIT,1701922713336,2129,0.2715
BAKEUSDT,SELL,LIMIT,1701923180171,18096,0.2702
BAKEUSDT,SELL,LIMIT,1701923182925,1852,0.2697
BAKEUSDT,BUY,LIMIT,1701923924217,12896,0.2787
BAKEUSDT,SELL,LIMIT,1701924077974,2903,0.2702
BAKEUSDT,SELL,LIMIT,1701924152546,176,0.2698
BAKEUSDT,SELL,LIMIT,1701924168183,30,0.2696
BAKEUSDT,SELL,LIMIT,1701924323785,249,0.2694
BAKEUSDT,SELL,LIMIT,1701924344249,39,0.2692
BAKEUSDT,SELL,LIMIT,1701924794902,175,0.2680
BAKEUSDT,SELL,LIMIT,1701924843830,370,0.2678
BAKEUSDT,SELL,LIMIT,1701924968596,109,0.2673
BAKEUSDT,SELL,LIMIT,1701925126257,1599,0.2666
BAKEUSDT,SELL,LIMIT,1701925155205,18408,0.2661
BAKEUSDT,SELL,LIMIT,1701925384062,5487,0.2650
BAKEUSDT,SELL,LIMIT,1701925385381,10383,0.2653
BAKEUSDT,SELL,LIMIT,1701925389862,10122,0.2650
BAKEUSDT,SELL,LIMIT,1701925391030,4041,0.2645
BAKEUSDT,SELL,LIMIT,1701925392442,782,0.2636
BAKEUSDT,SELL,LIMIT,1701925393656,32,0.2635
BAKEUSDT,SELL,LIMIT,1701925395226,67,0.2623
BAKEUSDT,SELL,LIMIT,1701925396254,2867,0.2619
BAKEUSDT,SELL,LIMIT,1701925427102,167,0.2615
BAKEUSDT,SELL,LIMIT,1701925428343,33,0.2609
BAKEUSDT,BUY,LIMIT,1701925636385,645,0.2715
BAKEUSDT,BUY,LIMIT,1701925653089,932,0.2723
BAKEUSDT,BUY,LIMIT,1701925656243,1684,0.2724
BAKEUSDT,BUY,LIMIT,1701925717702,18804,0.2731
BAKEUSDT,SELL,LIMIT,1701926203464,227,0.2631
BAKEUSDT,BUY,LIMIT,1701926434645,940,0.2736
BAKEUSDT,BUY,LIMIT,1701926446777,2840,0.2743
BAKEUSDT,BUY,LIMIT,1701926602697,373,0.2740
BAKEUSDT,BUY,LIMIT,1701926611424,720,0.2753
BAKEUSDT,BUY,LIMIT,1701926925648,20,0.2762
BAKEUSDT,BUY,LIMIT,1701926995151,1093,0.2769
BAKEUSDT,BUY,LIMIT,1701926996388,102,0.2769
BAKEUSDT,SELL,LIMIT,1701927385023,799,0.2681
BAKEUSDT,BUY,LIMIT,1701927501342,32,0.2777
BAKEUSDT,BUY,LIMIT,1701927502359,187,0.2776
BAKEUSDT,BUY,LIMIT,1701927537970,442,0.2783
BAKEUSDT,BUY,LIMIT,1701927551434,2213,0.2786
BAKEUSDT,BUY,LIMIT,1701927573731,35,0.2788
BAKEUSDT,BUY,LIMIT,1701927594120,469,0.2791
BAKEUSDT,BUY,LIMIT,1701927607200,1622,0.2793
BAKEUSDT,BUY,LIMIT,1701927859261,871,0.2783
BAKEUSDT,SELL,LIMIT,1701927870227,99,0.2697
BAKEUSDT,SELL,LIMIT,1701927902642,11353,0.2692
BAKEUSDT,BUY,LIMIT,1701928523894,18409,0.2794
BAKEUSDT,BUY,LIMIT,1701928827461,286,0.2799
BAKEUSDT,BUY,LIMIT,1701928830480,442,0.2803
BAKEUSDT,BUY,LIMIT,1701928843525,1838,0.2804
BAKEUSDT,BUY,LIMIT,1701929689363,36,0.2808
BAKEUSDT,BUY,LIMIT,1701929781724,574,0.2814
BAKEUSDT,SELL,LIMIT,1701929863123,1469,0.2714
BAKEUSDT,SELL,LIMIT,1701929864274,233,0.2713
BAKEUSDT,BUY,LIMIT,1701929865538,8694,0.2794
BAKEUSDT,BUY,LIMIT,1701929905039,430,0.2797
BAKEUSDT,SELL,LIMIT,1701930133189,3742,0.2692
BAKEUSDT,SELL,LIMIT,1701930310595,13639,0.2688
BAKEUSDT,SELL,LIMIT,1701930362536,487,0.2677
BAKEUSDT,SELL,LIMIT,1701930387366,687,0.2676
BAKEUSDT,SELL,LIMIT,1701930923416,3849,0.2681
BAKEUSDT,SELL,LIMIT,1701931182097,125,0.2673
BAKEUSDT,SELL,LIMIT,1701931247428,146,0.2663
BAKEUSDT,SELL,LIMIT,1701931356355,921,0.2660
BAKEUSDT,SELL,LIMIT,1701931362855,147,0.2658
BAKEUSDT,SELL,LIMIT,1701931450086,159,0.2653
BAKEUSDT,SELL,LIMIT,1701931551054,4414,0.2642
BAKEUSDT,BUY,LIMIT,1701931572829,1,0.2720
BAKEUSDT,SELL,LIMIT,1701931584060,4989,0.2640
BAKEUSDT,SELL,LIMIT,1701931590307,29,0.2638
BAKEUSDT,SELL,LIMIT,1701931603077,480,0.2635
BAKEUSDT,BUY,LIMIT,1701931696125,1864,0.2733
BAKEUSDT,BUY,LIMIT,1701931697507,773,0.2735
BAKEUSDT,BUY,LIMIT,1701931723810,2602,0.2736
BAKEUSDT,SELL,LIMIT,1701931801311,202,0.2641
BAKEUSDT,SELL,LIMIT,1701931803592,13684,0.2634
BAKEUSDT,SELL,LIMIT,1701931804894,13531,0.2625
BAKEUSDT,BUY,LIMIT,1701931896144,1721,0.2723
BAKEUSDT,SELL,LIMIT,1701932923382,19,0.2623
BAKEUSDT,SELL,LIMIT,1701932945354,85,0.2620
BAKEUSDT,SELL,LIMIT,1701933071688,2516,0.2622
BAKEUSDT,SELL,LIMIT,1701933076404,77,0.2617
BAKEUSDT,SELL,LIMIT,1701933078050,101,0.2615
BAKEUSDT,SELL,LIMIT,1701933079302,40,0.2616
BAKEUSDT,BUY,LIMIT,1701933131702,314,0.2706
BAKEUSDT,SELL,LIMIT,1701933482420,18435,0.2620
BAKEUSDT,SELL,LIMIT,1701933483972,49,0.2619
BAKEUSDT,SELL,LIMIT,1701933487395,20,0.2616
BAKEUSDT,SELL,LIMIT,1701933489185,1045,0.2613
BAKEUSDT,SELL,LIMIT,1701933490307,727,0.2612
BAKEUSDT,SELL,LIMIT,1701933581723,1597,0.2611
BAKEUSDT,BUY,LIMIT,1701933989362,20,0.2699
BAKEUSDT,BUY,LIMIT,1701934029377,1252,0.2703
BAKEUSDT,BUY,LIMIT,1701934230706,213,0.2709
BAKEUSDT,SELL,LIMIT,1701934712048,1867,0.2615
BAKEUSDT,SELL,LIMIT,1701934713181,913,0.2615
BAKEUSDT,SELL,LIMIT,1701934728581,8682,0.2600
BAKEUSDT,SELL,LIMIT,1701934730262,18867,0.2599
BAKEUSDT,SELL,LIMIT,1701934732899,82,0.2598
BAKEUSDT,SELL,LIMIT,1701934736679,1694,0.2597
BAKEUSDT,SELL,LIMIT,1701934743430,166,0.2595
BAKEUSDT,SELL,LIMIT,1701934744471,5000,0.2595
BAKEUSDT,BUY,LIMIT,1701935008487,944,0.2696
BAKEUSDT,SELL,LIMIT,1701935188665,7452,0.2604
BAKEUSDT,SELL,LIMIT,1701935498108,908,0.2598
BAKEUSDT,SELL,LIMIT,1701935499340,2193,0.2594
BAKEUSDT,SELL,LIMIT,1701935501151,190,0.2590
BAKEUSDT,SELL,LIMIT,1701935502166,515,0.2586
BAKEUSDT,SELL,LIMIT,1701935503202,51,0.2586
BAKEUSDT,SELL,LIMIT,1701935504399,45,0.2584
BAKEUSDT,SELL,LIMIT,1701935518418,110,0.2579
BAKEUSDT,SELL,LIMIT,1701935961475,634,0.2587
BAKEUSDT,SELL,LIMIT,1701935964229,211,0.2579
BAKEUSDT,SELL,LIMIT,1701935970269,32,0.2574
BAKEUSDT,SELL,LIMIT,1701935971373,1754,0.2575
BAKEUSDT,SELL,LIMIT,1701935974697,1807,0.2572
BAKEUSDT,SELL,LIMIT,1701935975767,6528,0.2569
BAKEUSDT,SELL,LIMIT,1701935978371,2837,0.2570
BAKEUSDT,BUY,LIMIT,1701936014261,9530,0.2664
BAKEUSDT,BUY,LIMIT,1701936038581,377,0.2679
BAKEUSDT,BUY,LIMIT,1701936039736,408,0.2682
BAKEUSDT,BUY,LIMIT,1701936043642,30,0.2684
BAKEUSDT,BUY,LIMIT,1701936051886,1171,0.2697
BAKEUSDT,BUY,LIMIT,1701936073847,228,0.2722
BAKEUSDT,BUY,LIMIT,1701936075546,176,0.2727
BAKEUSDT,SELL,LIMIT,1701936099229,8267,0.2620
BAKEUSDT,SELL,LIMIT,1701936101255,877,0.2617
BAKEUSDT,SELL,LIMIT,1701936546192,944,0.2612
BAKEUSDT,SELL,LIMIT,1701936760775,5001,0.2610
BAKEUSDT,SELL,LIMIT,1701936867399,435,0.2596
BAKEUSDT,SELL,LIMIT,1701936918551,48,0.2587
BAKEUSDT,SELL,LIMIT,1701936925285,18807,0.2580
BAKEUSDT,BUY,LIMIT,1701937109783,1865,0.2685
BAKEUSDT,BUY,LIMIT,1701937115069,56,0.2687
BAKEUSDT,BUY,LIMIT,1701937132045,1222,0.2690
BAKEUSDT,SELL,LIMIT,1701937196443,1141,0.2596
BAKEUSDT,SELL,LIMIT,1701937353756,932,0.2583
BAKEUSDT,BUY,LIMIT,1701937600211,1995,0.2687
BAKEUSDT,BUY,LIMIT,1701937614894,9784,0.2689
BAKEUSDT,BUY,LIMIT,1701937630904,41,0.2698
BAKEUSDT,SELL,LIMIT,1701937821559,807,0.2594
BAKEUSDT,BUY,LIMIT,1701937985825,378,0.2695
BAKEUSDT,BUY,LIMIT,1701938024792,731,0.2708
BAKEUSDT,BUY,LIMIT,1701938030895,24,0.2720
BAKEUSDT,BUY,LIMIT,1701938032101,17816,0.2722
BAKEUSDT,SELL,LIMIT,1701938083230,19,0.2607
BAKEUSDT,SELL,LIMIT,1701938093653,18654,0.2590
BAKEUSDT,SELL,LIMIT,1701938104456,1085,0.2586
BAKEUSDT,SELL,LIMIT,1701938120953,838,0.2579
BAKEUSDT,SELL,LIMIT,1701938126483,7904,0.2565
BAKEUSDT,SELL,LIMIT,1701938129079,20,0.2559
BAKEUSDT,SELL,LIMIT,1701938130095,870,0.2561
BAKEUSDT,SELL,LIMIT,1701938132592,58,0.2552
BAKEUSDT,SELL,LIMIT,1701938133815,1021,0.2549
BAKEUSDT,SELL,LIMIT,1701938211666,3768,0.2548
BAKEUSDT,SELL,LIMIT,1701938218043,2657,0.2541
BAKEUSDT,SELL,LIMIT,1701938219067,315,0.2543
BAKEUSDT,SELL,LIMIT,1701938395060,215,0.2533
BAKEUSDT,SELL,LIMIT,1701938396061,1500,0.2530
BAKEUSDT,SELL,LIMIT,1701938397112,257,0.2521
BAKEUSDT,SELL,LIMIT,1701938398433,399,0.2521
BAKEUSDT,BUY,LIMIT,1701938413308,91,0.2612
BAKEUSDT,SELL,LIMIT,1701938450188,26,0.2520
BAKEUSDT,BUY,LIMIT,1701938466167,14682,0.2610
BAKEUSDT,BUY,LIMIT,1701938673039,71,0.2633
BAKEUSDT,BUY,LIMIT,1701938717540,683,0.2635
BAKEUSDT,BUY,LIMIT,1701938729935,2319,0.2641
BAKEUSDT,BUY,LIMIT,1701938747780,106,0.2642
BAKEUSDT,BUY,LIMIT,1701938782059,354,0.2651
BAKEUSDT,BUY,LIMIT,1701938810731,3952,0.2654
BAKEUSDT,BUY,LIMIT,1701938890850,7544,0.2659
BAKEUSDT,BUY,LIMIT,1701938896205,5865,0.2664
BAKEUSDT,BUY,LIMIT,1701938904753,555,0.2669
BAKEUSDT,BUY,LIMIT,1701938941742,3173,0.2670
BAKEUSDT,SELL,LIMIT,1701939090532,44,0.2567
BAKEUSDT,SELL,LIMIT,1701939092331,7849,0.2562
BAKEUSDT,SELL,LIMIT,1701939112520,29,0.2553
BAKEUSDT,SELL,LIMIT,1701939124009,3576,0.2556
BAKEUSDT,SELL,LIMIT,1701939278253,1056,0.2556
BAKEUSDT,BUY,LIMIT,1701939312594,300,0.2632
BAKEUSDT,SELL,LIMIT,1701939383474,10308,0.2550
BAKEUSDT,SELL,LIMIT,1701939384602,1136,0.2546
BAKEUSDT,SELL,LIMIT,1701939444134,2268,0.2538
BAKEUSDT,SELL,LIMIT,1701939472920,2248,0.2530
BAKEUSDT,SELL,LIMIT,1701939530990,175,0.2526
BAKEUSDT,SELL,LIMIT,1701939573966,788,0.2534
BAKEUSDT,SELL,LIMIT,1701939792843,366,0.2529
BAKEUSDT,SELL,LIMIT,1701939795799,95,0.2521
BAKEUSDT,BUY,LIMIT,1701939836836,1891,0.2628
BAKEUSDT,BUY,LIMIT,1701939839723,193,0.2633
BAKEUSDT,BUY,LIMIT,1701939841732,3252,0.2635
BAKEUSDT,SELL,LIMIT,1701939930942,140,0.2546
BAKEUSDT,BUY,LIMIT,1701939999342,13832,0.2623
BAKEUSDT,SELL,LIMIT,1701940224487,4431,0.2542
BAKEUSDT,SELL,LIMIT,1701940406949,862,0.2528
BAKEUSDT,SELL,LIMIT,1701940429371,106,0.2523
BAKEUSDT,SELL,LIMIT,1701940469451,1000,0.2524
BAKEUSDT,SELL,LIMIT,1701940471941,535,0.2522
BAKEUSDT,SELL,LIMIT,1701940475201,3861,0.2513
BAKEUSDT,SELL,LIMIT,1701940552986,1671,0.2515
BAKEUSDT,SELL,LIMIT,1701940556252,1898,0.2508
BAKEUSDT,SELL,LIMIT,1701940559000,915,0.2507
BAKEUSDT,SELL,LIMIT,1701940560156,1700,0.2509
BAKEUSDT,SELL,LIMIT,1701940562072,6740,0.2509
BAKEUSDT,SELL,LIMIT,1701940563767,63,0.2515
BAKEUSDT,BUY,LIMIT,1701940589074,2033,0.2604
BAKEUSDT,BUY,LIMIT,1701940606591,2322,0.2610
BAKEUSDT,SELL,LIMIT,1701941022286,3107,0.2506
BAKEUSDT,SELL,LIMIT,1701941023315,57,0.2506
BAKEUSDT,SELL,LIMIT,1701941035138,174,0.2504
BAKEUSDT,SELL,LIMIT,1701941036170,8997,0.2502
BAKEUSDT,SELL,LIMIT,1701941037430,9139,0.2497
BAKEUSDT,SELL,LIMIT,1701941038555,3799,0.2496
BAKEUSDT,SELL,LIMIT,1701941073953,8802,0.2495
BAKEUSDT,SELL,LIMIT,1701941158751,369,0.2501
BAKEUSDT,SELL,LIMIT,1701941160661,20,0.2499
BAKEUSDT,SELL,LIMIT,1701941161685,558,0.2566
BAKEUSDT,SELL,LIMIT,1701941185802,89,0.2500
BAKEUSDT,SELL,LIMIT,1701941187114,169,0.2497
BAKEUSDT,SELL,LIMIT,1701941189458,5000,0.2495
BAKEUSDT,SELL,LIMIT,1701941226477,80534,0.2476
BAKEUSDT,SELL,LIMIT,1701941231133,180,0.2493
BAKEUSDT,SELL,LIMIT,1701941233449,174,0.2492
BAKEUSDT,SELL,LIMIT,1701941237218,2562,0.2490
BAKEUSDT,SELL,LIMIT,1701941238381,2299,0.2487
BAKEUSDT,SELL,LIMIT,1701941239395,36,0.2472
BAKEUSDT,SELL,LIMIT,1701941240399,1355,0.2479
BAKEUSDT,SELL,LIMIT,1701941244247,61795,0.2445
BAKEUSDT,SELL,LIMIT,1701941245978,5284,0.2462
BAKEUSDT,SELL,LIMIT,1701941247114,667,0.2462
BAKEUSDT,SELL,LIMIT,1701941271246,753,0.2460
BAKEUSDT,SELL,LIMIT,1701941276062,720,0.2459
BAKEUSDT,BUY,LIMIT,1701941291073,10519,0.2549
BAKEUSDT,BUY,LIMIT,1701941323598,1063,0.2552
BAKEUSDT,SELL,LIMIT,1701941513416,2104,0.2489
BAKEUSDT,BUY,LIMIT,1701941681737,1734,0.2589
BAKEUSDT,BUY,LIMIT,1701941684200,8437,0.2594
BAKEUSDT,SELL,LIMIT,1701941847745,72,0.2501
BAKEUSDT,SELL,LIMIT,1701941930923,126,0.2496
BAKEUSDT,SELL,LIMIT,1701941939300,98,0.2495
BAKEUSDT,BUY,LIMIT,1701942101411,3078,0.2584
BAKEUSDT,BUY,LIMIT,1701942104528,1968,0.2587
BAKEUSDT,BUY,LIMIT,1701942191759,2120,0.2599
BAKEUSDT,SELL,LIMIT,1701942280884,116,0.2507
BAKEUSDT,SELL,LIMIT,1701942295763,273,0.2501
BAKEUSDT,BUY,LIMIT,1701942370655,900,0.2594
BAKEUSDT,BUY,LIMIT,1701942418450,11330,0.2605
BAKEUSDT,BUY,LIMIT,1701942426403,10713,0.2610
BAKEUSDT,SELL,LIMIT,1701942654050,455,0.2598
BAKEUSDT,BUY,LIMIT,1701942914090,3234,0.2617
BAKEUSDT,BUY,LIMIT,1701942927513,7258,0.2619
BAKEUSDT,BUY,LIMIT,1701942980335,5035,0.2619
BAKEUSDT,SELL,LIMIT,1701943171721,8333,0.2528
BAKEUSDT,BUY,LIMIT,1701943213151,7052,0.2619
BAKEUSDT,BUY,LIMIT,1701943214283,1794,0.2620
BAKEUSDT,BUY,LIMIT,1701943215483,781,0.2622
BAKEUSDT,BUY,LIMIT,1701943224342,19432,0.2623
BAKEUSDT,BUY,LIMIT,1701943240077,194,0.2625
BAKEUSDT,BUY,LIMIT,1701943241197,13786,0.2625
BAKEUSDT,BUY,LIMIT,1701943255373,29,0.2627
BAKEUSDT,BUY,LIMIT,1701943257688,2776,0.2628
BAKEUSDT,BUY,LIMIT,1701943259284,1167,0.2629
BAKEUSDT,BUY,LIMIT,1701943260591,4082,0.2634
BAKEUSDT,BUY,LIMIT,1701943295151,308,0.2635
BAKEUSDT,BUY,LIMIT,1701943296247,1455,0.2634
BAKEUSDT,BUY,LIMIT,1701943309185,1658,0.2637
BAKEUSDT,SELL,LIMIT,1701943367402,266,0.2544
BAKEUSDT,SELL,LIMIT,1701943582417,541,0.2524
BAKEUSDT,SELL,LIMIT,1701943611093,3886,0.2521
BAKEUSDT,SELL,LIMIT,1701943628541,167,0.2516
BAKEUSDT,BUY,LIMIT,1701944167793,27,0.2608
BAKEUSDT,SELL,LIMIT,1701944354502,184,0.2520
BAKEUSDT,SELL,LIMIT,1701944366995,285,0.2516
BAKEUSDT,SELL,LIMIT,1701944368034,8269,0.2514
BAKEUSDT,SELL,LIMIT,1701944369654,136,0.2511
BAKEUSDT,SELL,LIMIT,1701944392411,212,0.2510
BAKEUSDT,SELL,LIMIT,1701944562744,52,0.2499
BAKEUSDT,SELL,LIMIT,1701944912144,10391,0.2497
BAKEUSDT,BUY,LIMIT,1701945240375,3901,0.2587
BAKEUSDT,SELL,LIMIT,1701945412198,405,0.2492
BAKEUSDT,SELL,LIMIT,1701945528104,142,0.2489
BAKEUSDT,SELL,LIMIT,1701945744775,187,0.2494
BAKEUSDT,BUY,LIMIT,1701945851420,1343,0.2577
BAKEUSDT,BUY,LIMIT,1701945852578,1161,0.2578
BAKEUSDT,SELL,LIMIT,1701945973856,14011,0.2488
BAKEUSDT,SELL,LIMIT,1701946430132,680,0.2486
BAKEUSDT,SELL,LIMIT,1701946468613,2026,0.2486
BAKEUSDT,SELL,LIMIT,1701946470306,185,0.2485
BAKEUSDT,SELL,LIMIT,1701946479747,396,0.2483
BAKEUSDT,SELL,LIMIT,1701946499914,358,0.2481
BAKEUSDT,SELL,LIMIT,1701946615997,16960,0.2478
BAKEUSDT,SELL,LIMIT,1701946618168,36220,0.2466
BAKEUSDT,SELL,LIMIT,1701946659452,471,0.2475
BAKEUSDT,SELL,LIMIT,1701946762478,28,0.2473
BAKEUSDT,SELL,LIMIT,1701947116189,2814,0.2476
BAKEUSDT,SELL,LIMIT,1701947245547,1222,0.2469
BAKEUSDT,BUY,LIMIT,1701947794863,34,0.2562
BAKEUSDT,BUY,LIMIT,1701947859006,27,0.2564
BAKEUSDT,SELL,LIMIT,1701948486711,304,0.2474
BAKEUSDT,SELL,LIMIT,1701948490512,17056,0.2472
BAKEUSDT,SELL,LIMIT,1701948492886,21,0.2471
BAKEUSDT,SELL,LIMIT,1701948535206,2113,0.2467
BAKEUSDT,SELL,LIMIT,1701948536345,3418,0.2467
BAKEUSDT,SELL,LIMIT,1701948538875,106,0.2458
BAKEUSDT,SELL,LIMIT,1701948965301,983,0.2453
BAKEUSDT,SELL,LIMIT,1701948966541,1922,0.2454
BAKEUSDT,SELL,LIMIT,1701948973471,29,0.2451
BAKEUSDT,SELL,LIMIT,1701949209361,232,0.2449
BAKEUSDT,SELL,LIMIT,1701950548097,1122,0.2447
BAKEUSDT,SELL,LIMIT,1701950549127,964,0.2448
BAKEUSDT,BUY,LIMIT,1701950638850,100,0.2519
BAKEUSDT,SELL,LIMIT,1701950670272,216,0.2445
BAKEUSDT,SELL,LIMIT,1701950671309,3288,0.2445
BAKEUSDT,SELL,LIMIT,1701950731075,43,0.2442
BAKEUSDT,SELL,LIMIT,1701950732091,164,0.2444
BAKEUSDT,SELL,LIMIT,1701950734407,1939,0.2435
BAKEUSDT,SELL,LIMIT,1701950735474,53,0.2435
BAKEUSDT,BUY,LIMIT,1701951076533,20112,0.2534
BAKEUSDT,BUY,LIMIT,1701951078258,150,0.2534
BAKEUSDT,BUY,LIMIT,1701951245180,10263,0.2531
BAKEUSDT,SELL,LIMIT,1701951306158,1600,0.2469
BAKEUSDT,BUY,LIMIT,1701951324769,838,0.2539
BAKEUSDT,BUY,LIMIT,1701951349085,1011,0.2547
BAKEUSDT,BUY,LIMIT,1701951351049,38,0.2550
BAKEUSDT,BUY,LIMIT,1701951373154,3455,0.2550
BAKEUSDT,BUY,LIMIT,1701951386257,5079,0.2559
BAKEUSDT,BUY,LIMIT,1701951387400,8800,0.2567
BAKEUSDT,BUY,LIMIT,1701952315889,261,0.2569
BAKEUSDT,BUY,LIMIT,1701952845147,67,0.2558
BAKEUSDT,BUY,LIMIT,1701953186168,1909,0.2559
BAKEUSDT,BUY,LIMIT,1701953386496,4009,0.2547
BAKEUSDT,BUY,LIMIT,1701953976591,1,0.2557
BAKEUSDT,BUY,LIMIT,1701953989511,4667,0.2569
BAKEUSDT,SELL,LIMIT,1701954421215,156,0.2474
BAKEUSDT,SELL,LIMIT,1701954473937,794,0.2470
BAKEUSDT,SELL,LIMIT,1701954541945,1568,0.2463
BAKEUSDT,BUY,LIMIT,1701955042081,418,0.2543
BAKEUSDT,BUY,LIMIT,1701955045370,1002,0.2543
BAKEUSDT,SELL,LIMIT,1701956152851,673,0.2481
BAKEUSDT,SELL,LIMIT,1701956157593,6763,0.2478
BAKEUSDT,BUY,LIMIT,1701956185162,16309,0.2565
BAKEUSDT,BUY,LIMIT,1701956218366,4988,0.2578
BAKEUSDT,BUY,LIMIT,1701956220723,210,0.2583
BAKEUSDT,BUY,LIMIT,1701956222840,158,0.2591
BAKEUSDT,SELL,LIMIT,1701956556724,544,0.2492
BAKEUSDT,SELL,LIMIT,1701956599514,650,0.2488
BAKEUSDT,SELL,LIMIT,1701958523323,3174,0.2484
BAKEUSDT,SELL,LIMIT,1701958654201,472,0.2475
BAKEUSDT,BUY,LIMIT,1701959244211,4561,0.2554
BAKEUSDT,BUY,LIMIT,1701959398862,1230,0.2571
BAKEUSDT,BUY,LIMIT,1701959507791,4946,0.2577
BAKEUSDT,BUY,LIMIT,1701959532279,14473,0.2579
BAKEUSDT,BUY,LIMIT,1701959557061,2608,0.2571
BAKEUSDT,BUY,LIMIT,1701959607113,33,0.2579
BAKEUSDT,BUY,LIMIT,1701959665734,3404,0.2567
BAKEUSDT,BUY,LIMIT,1701959809461,25,0.2583
BAKEUSDT,SELL,LIMIT,1701959891518,4853,0.2501
BAKEUSDT,BUY,LIMIT,1701960001338,14895,0.2587
BAKEUSDT,SELL,LIMIT,1701960170978,4250,0.2498
BAKEUSDT,SELL,LIMIT,1701960328378,708,0.2488
BAKEUSDT,SELL,LIMIT,1701960453392,170,0.2487
BAKEUSDT,SELL,LIMIT,1701960549113,1378,0.2485
BAKEUSDT,SELL,LIMIT,1701960555206,1189,0.2482
BAKEUSDT,SELL,LIMIT,1701960567515,3949,0.2478
BAKEUSDT,SELL,LIMIT,1701960585307,265,0.2477
BAKEUSDT,SELL,LIMIT,1701960598012,585,0.2474
BAKEUSDT,SELL,LIMIT,1701960602352,3880,0.2474
BAKEUSDT,SELL,LIMIT,1701960619396,2070,0.2481
BAKEUSDT,SELL,LIMIT,1701960693541,203,0.2472
BAKEUSDT,SELL,LIMIT,1701960712311,52,0.2470
BAKEUSDT,BUY,LIMIT,1701961068687,8994,0.2563
BAKEUSDT,BUY,LIMIT,1701961075323,106,0.2567
BAKEUSDT,BUY,LIMIT,1701961287266,23,0.2569
BAKEUSDT,BUY,LIMIT,1701961424982,3290,0.2577
BAKEUSDT,BUY,LIMIT,1701961432170,10052,0.2579
BAKEUSDT,SELL,LIMIT,1701962360220,58,0.2477
BAKEUSDT,SELL,LIMIT,1701962362692,32,0.2476
BAKEUSDT,SELL,LIMIT,1701962371190,17793,0.2474
BAKEUSDT,BUY,LIMIT,1701962754565,20,0.2563
BAKEUSDT,SELL,LIMIT,1701963222930,29,0.2484
BAKEUSDT,SELL,LIMIT,1701963371684,19723,0.2475
BAKEUSDT,SELL,LIMIT,1701963423731,315,0.2469
BAKEUSDT,SELL,LIMIT,1701963442508,802,0.2467
BAKEUSDT,SELL,LIMIT,1701963445099,6219,0.2465
BAKEUSDT,SELL,LIMIT,1701963454438,3627,0.2463
BAKEUSDT,SELL,LIMIT,1701963456070,60,0.2462
BAKEUSDT,SELL,LIMIT,1701963648029,571,0.2460
BAKEUSDT,SELL,LIMIT,1701963658400,1921,0.2458
BAKEUSDT,BUY,LIMIT,1701963686238,73,0.2520
BAKEUSDT,SELL,LIMIT,1701963715138,447,0.2455
BAKEUSDT,SELL,LIMIT,1701963717364,33,0.2453
BAKEUSDT,SELL,LIMIT,1701963721685,2372,0.2451
BAKEUSDT,SELL,LIMIT,1701963769043,1436,0.2451
BAKEUSDT,SELL,LIMIT,1701963770047,8768,0.2440
BAKEUSDT,SELL,LIMIT,1701963771058,332,0.2433
BAKEUSDT,SELL,LIMIT,1701963772278,952,0.2435
BAKEUSDT,SELL,LIMIT,1701963775048,327,0.2432
BAKEUSDT,SELL,LIMIT,1701963776075,1220,0.2432
BAKEUSDT,SELL,LIMIT,1701963793469,256,0.2428
BAKEUSDT,SELL,LIMIT,1701963794617,314,0.2426
BAKEUSDT,SELL,LIMIT,1701963795709,7,0.2415
BAKEUSDT,SELL,LIMIT,1701963797055,11383,0.2406
BAKEUSDT,SELL,LIMIT,1701963798130,3440,0.2411
BAKEUSDT,SELL,LIMIT,1701963799169,10,0.2405
BAKEUSDT,SELL,LIMIT,1701963808212,237,0.2404
BAKEUSDT,SELL,LIMIT,1701963809457,4868,0.2403
BAKEUSDT,SELL,LIMIT,1701963810536,161,0.2401
BAKEUSDT,SELL,LIMIT,1701963811732,356,0.2400
BAKEUSDT,SELL,LIMIT,1701963820212,1246,0.2398
BAKEUSDT,SELL,LIMIT,1701963821615,2478,0.2398
BAKEUSDT,SELL,LIMIT,1701963848031,1776,0.2396
BAKEUSDT,SELL,LIMIT,1701963849139,106,0.2395
BAKEUSDT,SELL,LIMIT,1701963850174,399,0.2394
BAKEUSDT,BUY,LIMIT,1701963871438,67,0.2481
BAKEUSDT,BUY,LIMIT,1701963872862,801,0.2486
BAKEUSDT,SELL,LIMIT,1701963964821,94,0.2409
BAKEUSDT,SELL,LIMIT,1701963972302,48,0.2404
BAKEUSDT,SELL,LIMIT,1701963987960,878,0.2393
BAKEUSDT,SELL,LIMIT,1701963990907,421,0.2392
BAKEUSDT,SELL,LIMIT,1701963992150,376,0.2392
BAKEUSDT,SELL,LIMIT,1701963994358,202,0.2388
BAKEUSDT,SELL,LIMIT,1701963998112,992,0.2387
BAKEUSDT,SELL,LIMIT,1701963999126,138,0.2385
BAKEUSDT,SELL,LIMIT,1701964015466,11622,0.2384
BAKEUSDT,SELL,LIMIT,1701964198262,107,0.2379
BAKEUSDT,SELL,LIMIT,1701964199831,3532,0.2378
BAKEUSDT,SELL,LIMIT,1701964201127,665,0.2375
BAKEUSDT,SELL,LIMIT,1701964202135,168,0.2373
BAKEUSDT,SELL,LIMIT,1701964203307,4922,0.2372
BAKEUSDT,SELL,LIMIT,1701964374194,5115,0.2395
BAKEUSDT,SELL,LIMIT,1701964397381,918,0.2384
BAKEUSDT,SELL,LIMIT,1701964481654,324,0.2371
BAKEUSDT,SELL,LIMIT,1701964482987,2071,0.2368
BAKEUSDT,SELL,LIMIT,1701964607822,734,0.2372
BAKEUSDT,SELL,LIMIT,1701964610616,330,0.2370
BAKEUSDT,SELL,LIMIT,1701964630234,50,0.2366
BAKEUSDT,SELL,LIMIT,1701964632292,145,0.2362
BAKEUSDT,SELL,LIMIT,1701964643817,2771,0.2361
BAKEUSDT,SELL,LIMIT,1701964645068,809,0.2360
BAKEUSDT,SELL,LIMIT,1701964647337,571,0.2359
BAKEUSDT,SELL,LIMIT,1701964648567,208,0.2359
BAKEUSDT,SELL,LIMIT,1701964650587,120,0.2359
BAKEUSDT,SELL,LIMIT,1701964653796,269,0.2357
BAKEUSDT,SELL,LIMIT,1701964655034,19095,0.2357
BAKEUSDT,SELL,LIMIT,1701964661351,192,0.2356
BAKEUSDT,SELL,LIMIT,1701964662412,148,0.2355
BAKEUSDT,SELL,LIMIT,1701964663494,2567,0.2353
BAKEUSDT,SELL,LIMIT,1701964664931,1560,0.2352
BAKEUSDT,SELL,LIMIT,1701964667192,245,0.2350
BAKEUSDT,SELL,LIMIT,1701964668343,7,0.2351
BAKEUSDT,SELL,LIMIT,1701964686350,588,0.2348
BAKEUSDT,SELL,LIMIT,1701964726635,10,0.2347
BAKEUSDT,SELL,LIMIT,1701964727953,2374,0.2345
BAKEUSDT,SELL,LIMIT,1701964729106,19661,0.2342
BAKEUSDT,SELL,LIMIT,1701964730218,5836,0.2342
BAKEUSDT,SELL,LIMIT,1701964731231,8200,0.2337
BAKEUSDT,SELL,LIMIT,1701964732547,1241,0.2334
BAKEUSDT,SELL,LIMIT,1701964734824,1693,0.2342
BAKEUSDT,SELL,LIMIT,1701964736000,21,0.2333
BAKEUSDT,BUY,LIMIT,1701964753312,200,0.2414
BAKEUSDT,BUY,LIMIT,1701964814551,2352,0.2433
BAKEUSDT,BUY,LIMIT,1701964816737,222,0.2445
BAKEUSDT,SELL,LIMIT,1701964862218,1600,0.2376
BAKEUSDT,SELL,LIMIT,1701964897134,5931,0.2373
BAKEUSDT,SELL,LIMIT,1701964921536,72,0.2372
BAKEUSDT,BUY,LIMIT,1701964974183,531,0.2458
BAKEUSDT,SELL,LIMIT,1701965065268,1000,0.2381
BAKEUSDT,BUY,LIMIT,1701965144196,18314,0.2467
BAKEUSDT,BUY,LIMIT,1701965146416,703,0.2471
BAKEUSDT,SELL,LIMIT,1701965320062,791,0.2381
BAKEUSDT,SELL,LIMIT,1701965334986,2685,0.2374
BAKEUSDT,SELL,LIMIT,1701965336057,20236,0.2369
BAKEUSDT,BUY,LIMIT,1701965746392,156,0.2466
BAKEUSDT,BUY,LIMIT,1701965969080,447,0.2469
BAKEUSDT,BUY,LIMIT,1701965997997,2145,0.2475
BAKEUSDT,BUY,LIMIT,1701966069115,225,0.2481
BAKEUSDT,BUY,LIMIT,1701966110924,278,0.2485
BAKEUSDT,SELL,LIMIT,1701966150322,5921,0.2402
BAKEUSDT,SELL,LIMIT,1701966181452,2216,0.2388
BAKEUSDT,SELL,LIMIT,1701966444955,97,0.2379
BAKEUSDT,SELL,LIMIT,1701966446327,631,0.2378
BAKEUSDT,BUY,LIMIT,1701966755936,98,0.2467
BAKEUSDT,SELL,LIMIT,1701966934083,911,0.2396
BAKEUSDT,SELL,LIMIT,1701966935485,5092,0.2394
BAKEUSDT,SELL,LIMIT,1701966938901,98,0.2393
BAKEUSDT,SELL,LIMIT,1701966960567,2755,0.2389
BAKEUSDT,SELL,LIMIT,1701966996794,12757,0.2383
BAKEUSDT,SELL,LIMIT,1701967568616,2020,0.2374
BAKEUSDT,SELL,LIMIT,1701968277838,2165,0.2376
BAKEUSDT,BUY,LIMIT,1701968404059,3182,0.2466
BAKEUSDT,BUY,LIMIT,1701969175394,138,0.2478
BAKEUSDT,BUY,LIMIT,1701969230380,695,0.2495
BAKEUSDT,BUY,LIMIT,1701969404843,17651,0.2500
BAKEUSDT,BUY,LIMIT,1701969620118,1466,0.2500
BAKEUSDT,SELL,LIMIT,1701969853321,1645,0.2413
BAKEUSDT,SELL,LIMIT,1701969902127,847,0.2413
BAKEUSDT,SELL,LIMIT,1701969907216,813,0.2409
BAKEUSDT,SELL,LIMIT,1701969920755,39,0.2408
BAKEUSDT,SELL,LIMIT,1701969939143,22,0.2408
BAKEUSDT,SELL,LIMIT,1701970284290,353,0.2522
BAKEUSDT,SELL,LIMIT,1701970328293,9735,0.2406
BAKEUSDT,SELL,LIMIT,1701970377612,2040,0.2403
BAKEUSDT,BUY,LIMIT,1701970390535,2164,0.2479
BAKEUSDT,SELL,LIMIT,1701971013709,4007,0.2401
BAKEUSDT,SELL,LIMIT,1701971053061,5465,0.2397
BAKEUSDT,SELL,LIMIT,1701971054505,818,0.2396
BAKEUSDT,SELL,LIMIT,1701971055554,879,0.2394
BAKEUSDT,SELL,LIMIT,1701971056743,7363,0.2392
BAKEUSDT,SELL,LIMIT,1701971058019,158,0.2390
BAKEUSDT,SELL,LIMIT,1701971061484,27,0.2401
BAKEUSDT,BUY,LIMIT,1701971114335,10576,0.2474
BAKEUSDT,SELL,LIMIT,1701971171493,18944,0.2399
BAKEUSDT,SELL,LIMIT,1701971378734,11982,0.2389
BAKEUSDT,SELL,LIMIT,1701971381059,20325,0.2388
BAKEUSDT,SELL,LIMIT,1701971382244,1379,0.2387
BAKEUSDT,SELL,LIMIT,1701971384689,366,0.2385
BAKEUSDT,BUY,LIMIT,1701971415371,126,0.2469
BAKEUSDT,BUY,LIMIT,1701971590306,232,0.2489
BAKEUSDT,SELL,LIMIT,1701972346677,423,0.2406
BAKEUSDT,SELL,LIMIT,1701973296848,1339,0.2416
BAKEUSDT,BUY,LIMIT,1701973752395,112,0.2485
BAKEUSDT,SELL,LIMIT,1701973874098,11756,0.2408
BAKEUSDT,SELL,LIMIT,1701974027582,32,0.2407
BAKEUSDT,SELL,LIMIT,1701974065994,285,0.2402
BAKEUSDT,SELL,LIMIT,1701974068576,33,0.2401
BAKEUSDT,SELL,LIMIT,1701974072279,8310,0.2398
BAKEUSDT,BUY,LIMIT,1701974819425,52,0.2488
BAKEUSDT,BUY,LIMIT,1701975539576,5016,0.2489
BAKEUSDT,BUY,LIMIT,1701975717328,1228,0.2495
BAKEUSDT,BUY,LIMIT,1701975721626,618,0.2497
BAKEUSDT,SELL,LIMIT,1701976186721,278,0.2406
BAKEUSDT,SELL,LIMIT,1701976240716,24,0.2401
BAKEUSDT,SELL,LIMIT,1701976316259,5516,0.2399
BAKEUSDT,SELL,LIMIT,1701976317323,2448,0.2396
BAKEUSDT,SELL,LIMIT,1701976318757,262,0.2397
BAKEUSDT,SELL,LIMIT,1701976482573,168,0.2395
BAKEUSDT,SELL,LIMIT,1701977144548,99840,0.2383
BAKEUSDT,SELL,LIMIT,1701977164876,6053,0.2398
BAKEUSDT,SELL,LIMIT,1701977335823,82662,0.2380
BAKEUSDT,BUY,LIMIT,1701977514400,3669,0.2478
BAKEUSDT,BUY,LIMIT,1701977585881,20542,0.2482
BAKEUSDT,BUY,LIMIT,1701977659853,6657,0.2488
BAKEUSDT,SELL,LIMIT,1701978086170,1,0.5281
BAKEUSDT,BUY,LIMIT,1701978252591,431,0.2485
BAKEUSDT,BUY,LIMIT,1701978798995,273,0.2497
BAKEUSDT,BUY,LIMIT,1701978961320,20383,0.2501
BAKEUSDT,BUY,LIMIT,1701979377818,6509,0.2504
BAKEUSDT,BUY,LIMIT,1701979407109,10377,0.2507
BAKEUSDT,SELL,LIMIT,1701979696725,62,0.2425
BAKEUSDT,BUY,LIMIT,1701981776796,19,0.2501
BAKEUSDT,BUY,LIMIT,1701983445797,1,0.2503
BAKEUSDT,BUY,LIMIT,1701984844099,2047,0.2513
BAKEUSDT,BUY,LIMIT,1701984892239,759,0.2514
BAKEUSDT,BUY,LIMIT,1701984893266,34,0.2515
BAKEUSDT,BUY,LIMIT,1701984936609,3116,0.2518
BAKEUSDT,SELL,LIMIT,1701985124046,6943,0.2436
BAKEUSDT,SELL,LIMIT,1701987219206,16365,0.2419
BAKEUSDT,SELL,LIMIT,1701987481842,2191,0.2417
BAKEUSDT,SELL,LIMIT,1701987560041,2156,0.2472
BAKEUSDT,SELL,LIMIT,1701987572262,119,0.2417
BAKEUSDT,SELL,LIMIT,1701987582207,1774,0.2415
BAKEUSDT,SELL,LIMIT,1701987583780,24,0.2415
BAKEUSDT,SELL,LIMIT,1701987614656,2452,0.2412
BAKEUSDT,SELL,LIMIT,1701987705378,14296,0.2411
BAKEUSDT,SELL,LIMIT,1701988259934,20696,0.2416
BAKEUSDT,SELL,LIMIT,1701988329085,2405,0.2409
BAKEUSDT,SELL,LIMIT,1701988399686,147,0.2406
BAKEUSDT,SELL,LIMIT,1701988408757,1451,0.2408
BAKEUSDT,SELL,LIMIT,1701988425387,4137,0.2403
BAKEUSDT,SELL,LIMIT,1701988433763,1535,0.2401
BAKEUSDT,SELL,LIMIT,1701988459915,608,0.2403
BAKEUSDT,SELL,LIMIT,1701988462378,207,0.2405
BAKEUSDT,SELL,LIMIT,1701988477410,579,0.2401
BAKEUSDT,BUY,LIMIT,1701989640568,90,0.2489
BAKEUSDT,SELL,LIMIT,1701990456925,1,0.2409
BAKEUSDT,SELL,LIMIT,1701991036468,201,0.2406
BAKEUSDT,BUY,LIMIT,1701992199476,249,0.2490
BAKEUSDT,BUY,LIMIT,1701992640278,294,0.2497
BAKEUSDT,BUY,LIMIT,1701992803133,19067,0.2501
BAKEUSDT,BUY,LIMIT,1701994874102,612,0.2505
BAKEUSDT,BUY,LIMIT,1701994877500,5597,0.2508
BAKEUSDT,SELL,LIMIT,1701995899343,1914,0.2409
BAKEUSDT,SELL,LIMIT,1701996070214,209,0.2407
BAKEUSDT,SELL,LIMIT,1701996076255,1018,0.2406
BAKEUSDT,SELL,LIMIT,1701997041333,251,0.2396
BAKEUSDT,SELL,LIMIT,1701997050069,21,0.2391
BAKEUSDT,SELL,LIMIT,1701997051336,213,0.2393
BAKEUSDT,SELL,LIMIT,1701997087673,19000,0.2389
BAKEUSDT,SELL,LIMIT,1701997277148,1128,0.2386
BAKEUSDT,SELL,LIMIT,1701997292225,504,0.2385
BAKEUSDT,SELL,LIMIT,1701997296977,590,0.2384
BAKEUSDT,SELL,LIMIT,1701997320318,10212,0.2382
BAKEUSDT,SELL,LIMIT,1701997327271,1121,0.2381
BAKEUSDT,SELL,LIMIT,1701997328688,1028,0.2380
BAKEUSDT,SELL,LIMIT,1701997408098,612,0.2386
BAKEUSDT,SELL,LIMIT,1701997554074,469,0.2377
BAKEUSDT,SELL,LIMIT,1701997555344,2856,0.2371
BAKEUSDT,SELL,LIMIT,1701997556441,141,0.2376
BAKEUSDT,SELL,LIMIT,1701997977356,272,0.2371
BAKEUSDT,SELL,LIMIT,1701998430410,36,0.2370
BAKEUSDT,SELL,LIMIT,1701998452389,9192,0.2369
BAKEUSDT,SELL,LIMIT,1701998516500,38,0.2369
BAKEUSDT,SELL,LIMIT,1701998618562,357,0.2366
BAKEUSDT,SELL,LIMIT,1701998620434,447,0.2362
BAKEUSDT,BUY,LIMIT,1701999174237,3800,0.2451
BAKEUSDT,BUY,LIMIT,1701999272304,12463,0.2454
BAKEUSDT,BUY,LIMIT,1701999273395,407,0.2454
BAKEUSDT,BUY,LIMIT,1701999300216,162,0.2456
BAKEUSDT,BUY,LIMIT,1701999613472,834,0.2461
BAKEUSDT,SELL,LIMIT,1701999914621,403,0.2377
BAKEUSDT,SELL,LIMIT,1702000004258,1605,0.2364
BAKEUSDT,BUY,LIMIT,1702000449676,895,0.2457
BAKEUSDT,SELL,LIMIT,1702000912382,1747,0.2372
BAKEUSDT,SELL,LIMIT,1702001842084,5541,0.2363
BAKEUSDT,SELL,LIMIT,1702001853907,535,0.2362
BAKEUSDT,SELL,LIMIT,1702001865759,149,0.2360
BAKEUSDT,SELL,LIMIT,1702001874452,1867,0.2359
BAKEUSDT,SELL,LIMIT,1702001877708,35,0.2358
BAKEUSDT,SELL,LIMIT,1702002077962,357,0.2360
BAKEUSDT,SELL,LIMIT,1702002205188,7074,0.2362
BAKEUSDT,SELL,LIMIT,1702002206302,59,0.2362
BAKEUSDT,SELL,LIMIT,1702002216588,634,0.2360
BAKEUSDT,SELL,LIMIT,1702002224148,6871,0.2356
BAKEUSDT,BUY,LIMIT,1702002359249,2310,0.2440
BAKEUSDT,BUY,LIMIT,1702002360434,255,0.2442
BAKEUSDT,BUY,LIMIT,1702002368479,2812,0.2467
BAKEUSDT,BUY,LIMIT,1702002369785,583,0.2470
BAKEUSDT,BUY,LIMIT,1702002373325,10508,0.2487
BAKEUSDT,BUY,LIMIT,1702002377198,417,0.2488
BAKEUSDT,BUY,LIMIT,1702002396263,387,0.2497
BAKEUSDT,BUY,LIMIT,1702002398177,24,0.2499
BAKEUSDT,BUY,LIMIT,1702002408085,3149,0.2504
BAKEUSDT,BUY,LIMIT,1702002409332,462,0.2516
BAKEUSDT,BUY,LIMIT,1702002410443,3935,0.2530
BAKEUSDT,BUY,LIMIT,1702002412088,14546,0.2535
BAKEUSDT,BUY,LIMIT,1702002413663,3465,0.2543
BAKEUSDT,BUY,LIMIT,1702002419674,207,0.2544
BAKEUSDT,SELL,LIMIT,1702002439320,242,0.2447
BAKEUSDT,SELL,LIMIT,1702002440798,5670,0.2441
BAKEUSDT,BUY,LIMIT,1702002619900,4697,0.2497
BAKEUSDT,BUY,LIMIT,1702002727411,20517,0.2522
BAKEUSDT,SELL,LIMIT,1702002883144,218,0.2448
BAKEUSDT,SELL,LIMIT,1702003004614,20118,0.2436
BAKEUSDT,SELL,LIMIT,1702003006831,1818,0.2432
BAKEUSDT,SELL,LIMIT,1702003027061,299,0.2475
BAKEUSDT,SELL,LIMIT,1702003057510,674,0.2433
BAKEUSDT,SELL,LIMIT,1702003161655,1881,0.2421
BAKEUSDT,SELL,LIMIT,1702003332696,2904,0.2416
BAKEUSDT,SELL,LIMIT,1702003391076,3163,0.2411
BAKEUSDT,SELL,LIMIT,1702003506119,359,0.2405
BAKEUSDT,SELL,LIMIT,1702003628011,250,0.2399
BAKEUSDT,SELL,LIMIT,1702003629766,372,0.2397
BAKEUSDT,SELL,LIMIT,1702003653310,15000,0.2434
BAKEUSDT,SELL,LIMIT,1702003655197,778,0.2395
BAKEUSDT,SELL,LIMIT,1702003660151,4051,0.2397
BAKEUSDT,SELL,LIMIT,1702003666604,19466,0.2394
BAKEUSDT,SELL,LIMIT,1702003699189,302,0.2393
BAKEUSDT,SELL,LIMIT,1702003725202,222,0.2401
BAKEUSDT,BUY,LIMIT,1702003909849,266,0.2468
BAKEUSDT,SELL,LIMIT,1702004065385,5067,0.2389
BAKEUSDT,SELL,LIMIT,1702004523861,2182,0.2402
BAKEUSDT,SELL,LIMIT,1702004556414,300,0.2406
BAKEUSDT,SELL,LIMIT,1702004774884,614,0.2391
BAKEUSDT,SELL,LIMIT,1702004814057,114,0.2389
BAKEUSDT,SELL,LIMIT,1702004817205,20542,0.2386
BAKEUSDT,SELL,LIMIT,1702005325071,169,0.2383
BAKEUSDT,BUY,LIMIT,1702005799642,1448,0.2482
BAKEUSDT,BUY,LIMIT,1702005807923,3580,0.2483
BAKEUSDT,SELL,LIMIT,1702006370195,283,0.2400
BAKEUSDT,BUY,LIMIT,1702006420065,131,0.2486
BAKEUSDT,BUY,LIMIT,1702006421141,5354,0.2490
BAKEUSDT,BUY,LIMIT,1702007956062,6406,0.2545
BAKEUSDT,BUY,LIMIT,1702008051184,54,0.2547
BAKEUSDT,BUY,LIMIT,1702008091457,107,0.2551
BAKEUSDT,BUY,LIMIT,1702008121740,101,0.2551
BAKEUSDT,BUY,LIMIT,1702008123292,59,0.2553
BAKEUSDT,SELL,LIMIT,1702008274058,797,0.2460
BAKEUSDT,SELL,LIMIT,1702008289360,8734,0.2454
BAKEUSDT,SELL,LIMIT,1702008325103,2708,0.2449
BAKEUSDT,SELL,LIMIT,1702009326354,3079,0.2427
BAKEUSDT,SELL,LIMIT,1702009815268,20242,0.2423
BAKEUSDT,SELL,LIMIT,1702009817241,312,0.2422
BAKEUSDT,SELL,LIMIT,1702009818337,67,0.2421
BAKEUSDT,SELL,LIMIT,1702010156714,13226,0.2414
BAKEUSDT,SELL,LIMIT,1702010328318,167,0.2412
BAKEUSDT,SELL,LIMIT,1702010887057,1834,0.2411
BAKEUSDT,BUY,LIMIT,1702011401283,2724,0.2489
BAKEUSDT,BUY,LIMIT,1702011453940,5059,0.2493
BAKEUSDT,SELL,LIMIT,1702011728143,1640,0.2423
BAKEUSDT,SELL,LIMIT,1702012862115,3485,0.2413
BAKEUSDT,SELL,LIMIT,1702014032125,598,0.2402
BAKEUSDT,BUY,LIMIT,1702015989455,26,0.2494
BAKEUSDT,BUY,LIMIT,1702016095171,22,0.2500
BAKEUSDT,BUY,LIMIT,1702016230689,628,0.2508
BAKEUSDT,SELL,LIMIT,1702017070826,56,0.2427
BAKEUSDT,SELL,LIMIT,1702017449805,470,0.2428
BAKEUSDT,BUY,LIMIT,1702017926647,55,0.2518
BAKEUSDT,BUY,LIMIT,1702017937494,6028,0.2521
BAKEUSDT,BUY,LIMIT,1702018119471,66,0.2523
BAKEUSDT,BUY,LIMIT,1702018333013,10980,0.2531
BAKEUSDT,BUY,LIMIT,1702018385611,11392,0.2534
BAKEUSDT,BUY,LIMIT,1702018628502,2882,0.2545
BAKEUSDT,BUY,LIMIT,1702018935108,523,0.2556
BAKEUSDT,BUY,LIMIT,1702018936118,9484,0.2548
BAKEUSDT,BUY,LIMIT,1702018957614,15542,0.2561
BAKEUSDT,BUY,LIMIT,1702018958940,26,0.2562
BAKEUSDT,BUY,LIMIT,1702018962132,818,0.2562
BAKEUSDT,BUY,LIMIT,1702019487081,2524,0.2576
BAKEUSDT,BUY,LIMIT,1702019488223,80,0.2565
BAKEUSDT,BUY,LIMIT,1702019965654,1909,0.2580
BAKEUSDT,BUY,LIMIT,1702019971058,1019,0.2582
BAKEUSDT,BUY,LIMIT,1702019972268,2345,0.2583
BAKEUSDT,BUY,LIMIT,1702019993095,202,0.2589
BAKEUSDT,BUY,LIMIT,1702019994358,42,0.2592
BAKEUSDT,BUY,LIMIT,1702019996309,34,0.2599
BAKEUSDT,BUY,LIMIT,1702019998291,27,0.2601
BAKEUSDT,BUY,LIMIT,1702020002657,4066,0.2606
BAKEUSDT,BUY,LIMIT,1702020004613,646,0.2608
BAKEUSDT,BUY,LIMIT,1702020008809,14810,0.2613
BAKEUSDT,BUY,LIMIT,1702020024260,5196,0.2617
BAKEUSDT,BUY,LIMIT,1702020037322,517,0.2620
BAKEUSDT,BUY,LIMIT,1702020040189,20,0.2624
BAKEUSDT,SELL,LIMIT,1702020068224,2819,0.2530
BAKEUSDT,SELL,LIMIT,1702020463637,24,0.2507
BAKEUSDT,SELL,LIMIT,1702020509985,93,0.2484
BAKEUSDT,SELL,LIMIT,1702020511386,2003,0.2481
BAKEUSDT,SELL,LIMIT,1702020546307,6483,0.2462
BAKEUSDT,SELL,LIMIT,1702020642165,7145,0.2462
BAKEUSDT,BUY,LIMIT,1702020772166,228,0.2541
BAKEUSDT,BUY,LIMIT,1702020942669,26,0.2564
BAKEUSDT,BUY,LIMIT,1702021053750,3145,0.2568
BAKEUSDT,BUY,LIMIT,1702021149436,376,0.2570
BAKEUSDT,SELL,LIMIT,1702021887700,609,0.2480
BAKEUSDT,SELL,LIMIT,1702021905107,322,0.2477
BAKEUSDT,SELL,LIMIT,1702021966133,341,0.2472
BAKEUSDT,SELL,LIMIT,1702022555377,5428,0.2475
BAKEUSDT,BUY,LIMIT,1702022623926,47,0.2565
BAKEUSDT,SELL,LIMIT,1702023010981,390,0.2490
BAKEUSDT,SELL,LIMIT,1702023063639,5097,0.2486
BAKEUSDT,SELL,LIMIT,1702023105050,1279,0.2479
BAKEUSDT,BUY,LIMIT,1702023633249,3500,0.2583
BAKEUSDT,BUY,LIMIT,1702024099084,20,0.2593
BAKEUSDT,SELL,LIMIT,1702024385299,46,0.2515
BAKEUSDT,SELL,LIMIT,1702024795229,13577,0.2507
BAKEUSDT,SELL,LIMIT,1702024826793,4602,0.2496
BAKEUSDT,SELL,LIMIT,1702024844005,669,0.2495
BAKEUSDT,SELL,LIMIT,1702025078253,110,0.2483
BAKEUSDT,BUY,LIMIT,1702026359080,2438,0.2582
BAKEUSDT,SELL,LIMIT,1702026518040,2486,0.2490
BAKEUSDT,SELL,LIMIT,1702026788632,1746,0.2481
BAKEUSDT,SELL,LIMIT,1702026791139,596,0.2480
BAKEUSDT,SELL,LIMIT,1702028487299,408,0.2481
BAKEUSDT,SELL,LIMIT,1702028517646,798,0.2477
BAKEUSDT,SELL,LIMIT,1702028782246,649,0.2470
BAKEUSDT,BUY,LIMIT,1702029310451,807,0.2564
BAKEUSDT,BUY,LIMIT,1702029351433,2539,0.2566
BAKEUSDT,SELL,LIMIT,1702030158035,4082,0.2485
BAKEUSDT,SELL,LIMIT,1702031169702,2787,0.2476
BAKEUSDT,SELL,LIMIT,1702031825679,180,0.2462
BAKEUSDT,SELL,LIMIT,1702031868138,122,0.2457
BAKEUSDT,SELL,LIMIT,1702031869374,200,0.2459
BAKEUSDT,SELL,LIMIT,1702031883065,7297,0.2456
BAKEUSDT,SELL,LIMIT,1702031895363,2784,0.2455
BAKEUSDT,SELL,LIMIT,1702032288921,78,0.2453
BAKEUSDT,SELL,LIMIT,1702032311435,613,0.2452
BAKEUSDT,SELL,LIMIT,1702032324138,2186,0.2445
BAKEUSDT,BUY,LIMIT,1702033002885,402,0.2533
BAKEUSDT,BUY,LIMIT,1702034543085,40,0.2543
BAKEUSDT,SELL,LIMIT,1702034788057,24819,0.2517
BAKEUSDT,BUY,LIMIT,1702034981739,5255,0.2554
BAKEUSDT,BUY,LIMIT,1702035196280,125,0.2551
BAKEUSDT,SELL,LIMIT,1702035249275,3598,0.2477
BAKEUSDT,BUY,LIMIT,1702035612800,3375,0.2557
BAKEUSDT,SELL,LIMIT,1702035788228,78,0.2482
BAKEUSDT,BUY,LIMIT,1702035900743,123,0.2554
BAKEUSDT,SELL,LIMIT,1702036069291,1411,0.2470
BAKEUSDT,SELL,LIMIT,1702037074754,21,0.2458
BAKEUSDT,SELL,LIMIT,1702037081867,17599,0.2456
BAKEUSDT,BUY,LIMIT,1702038319725,144,0.2537
BAKEUSDT,SELL,LIMIT,1702038474496,9365,0.2468
BAKEUSDT,BUY,LIMIT,1702038499513,749,0.2542
BAKEUSDT,BUY,LIMIT,1702038555765,15523,0.2543
BAKEUSDT,SELL,LIMIT,1702038656017,487,0.2471
BAKEUSDT,BUY,LIMIT,1702039489332,689,0.2569
BAKEUSDT,BUY,LIMIT,1702039490410,3154,0.2569
BAKEUSDT,BUY,LIMIT,1702039842332,56719,0.2605
BAKEUSDT,BUY,LIMIT,1702040063838,82,0.2600
BAKEUSDT,BUY,LIMIT,1702040086351,410,0.2605
BAKEUSDT,BUY,LIMIT,1702040116312,7435,0.2613
BAKEUSDT,BUY,LIMIT,1702040123575,1227,0.2614
BAKEUSDT,BUY,LIMIT,1702040130348,83,0.2617
BAKEUSDT,BUY,LIMIT,1702040246090,1892,0.2631
BAKEUSDT,BUY,LIMIT,1702040249160,31,0.2634
BAKEUSDT,BUY,LIMIT,1702040260285,300,0.2636
BAKEUSDT,BUY,LIMIT,1702040265612,57,0.2643
BAKEUSDT,BUY,LIMIT,1702040266701,214,0.2644
BAKEUSDT,BUY,LIMIT,1702040267935,539,0.2666
BAKEUSDT,BUY,LIMIT,1702040285070,56,0.2666
BAKEUSDT,BUY,LIMIT,1702040286894,126,0.2670
BAKEUSDT,BUY,LIMIT,1702040288422,517,0.2674
BAKEUSDT,BUY,LIMIT,1702040290754,1835,0.2675
BAKEUSDT,BUY,LIMIT,1702040293171,677,0.2676
BAKEUSDT,BUY,LIMIT,1702040294298,934,0.2677
BAKEUSDT,BUY,LIMIT,1702040303456,59,0.2681
BAKEUSDT,BUY,LIMIT,1702040306641,14344,0.2684
BAKEUSDT,SELL,LIMIT,1702040356140,31,0.2561
BAKEUSDT,SELL,LIMIT,1702040358633,2158,0.2558
BAKEUSDT,SELL,LIMIT,1702040476872,89,0.2534
BAKEUSDT,SELL,LIMIT,1702040808365,8982,0.2520
BAKEUSDT,SELL,LIMIT,1702040852507,76,0.2509
BAKEUSDT,SELL,LIMIT,1702040854686,24245,0.2505
BAKEUSDT,SELL,LIMIT,1702041031674,3400,0.2507
BAKEUSDT,SELL,LIMIT,1702041309542,32,0.2505
BAKEUSDT,SELL,LIMIT,1702041315822,2611,0.2503
BAKEUSDT,SELL,LIMIT,1702041730266,1187,0.2500
BAKEUSDT,SELL,LIMIT,1702041739361,9783,0.2496
BAKEUSDT,SELL,LIMIT,1702042402308,3312,0.2493
BAKEUSDT,SELL,LIMIT,1702042405022,138,0.2491
BAKEUSDT,SELL,LIMIT,1702042608614,1000,0.2487
BAKEUSDT,SELL,LIMIT,1702042773419,1644,0.2484
BAKEUSDT,SELL,LIMIT,1702042778713,1149,0.2483
BAKEUSDT,SELL,LIMIT,1702042800421,33,0.2481
BAKEUSDT,SELL,LIMIT,1702042804074,1197,0.2478
BAKEUSDT,SELL,LIMIT,1702042805111,399,0.2477
BAKEUSDT,BUY,LIMIT,1702043060203,3029,0.2572
BAKEUSDT,SELL,LIMIT,1702043099507,196,0.2492
BAKEUSDT,SELL,LIMIT,1702043949080,8147,0.2481
BAKEUSDT,SELL,LIMIT,1702043969122,1931,0.2476
BAKEUSDT,BUY,LIMIT,1702046065938,570,0.2561
BAKEUSDT,BUY,LIMIT,1702046303506,11718,0.2568
BAKEUSDT,SELL,LIMIT,1702046876556,1545,0.2489
BAKEUSDT,SELL,LIMIT,1702047090302,634,0.2486
BAKEUSDT,SELL,LIMIT,1702047625893,147,0.2476
BAKEUSDT,SELL,LIMIT,1702047686930,418,0.2473
BAKEUSDT,SELL,LIMIT,1702047700392,119,0.2479
BAKEUSDT,SELL,LIMIT,1702047852917,2407,0.2471
BAKEUSDT,SELL,LIMIT,1702047860802,3000,0.2469
BAKEUSDT,SELL,LIMIT,1702047966387,96,0.2467
BAKEUSDT,SELL,LIMIT,1702048023581,41,0.2464
BAKEUSDT,SELL,LIMIT,1702048026290,119,0.2461
BAKEUSDT,SELL,LIMIT,1702048029221,841,0.2460
BAKEUSDT,SELL,LIMIT,1702048100567,119,0.2458
BAKEUSDT,SELL,LIMIT,1702048109613,3881,0.2456
BAKEUSDT,SELL,LIMIT,1702048132236,78,0.2455
BAKEUSDT,SELL,LIMIT,1702048165509,10351,0.2454
BAKEUSDT,SELL,LIMIT,1702048207685,11000,0.2453
BAKEUSDT,SELL,LIMIT,1702048268305,197,0.2450
BAKEUSDT,SELL,LIMIT,1702048276226,161,0.2447
BAKEUSDT,SELL,LIMIT,1702048277794,409,0.2444
BAKEUSDT,SELL,LIMIT,1702048470258,1156,0.2452
BAKEUSDT,SELL,LIMIT,1702048866154,331,0.2440
BAKEUSDT,SELL,LIMIT,1702048868270,74,0.2439
BAKEUSDT,SELL,LIMIT,1702048870167,207,0.2435
BAKEUSDT,SELL,LIMIT,1702048873861,2767,0.2433
BAKEUSDT,SELL,LIMIT,1702049333288,743,0.2431
BAKEUSDT,SELL,LIMIT,1702049345470,8013,0.2426
BAKEUSDT,SELL,LIMIT,1702049347217,20,0.2425
BAKEUSDT,SELL,LIMIT,1702049353127,16282,0.2421
BAKEUSDT,SELL,LIMIT,1702049387096,14634,0.2420
BAKEUSDT,SELL,LIMIT,1702049396414,10941,0.2420
BAKEUSDT,SELL,LIMIT,1702049714244,2029,0.2417
BAKEUSDT,SELL,LIMIT,1702049833753,43,0.2416
BAKEUSDT,SELL,LIMIT,1702049840132,1560,0.2413
BAKEUSDT,SELL,LIMIT,1702049841350,2168,0.2413
BAKEUSDT,SELL,LIMIT,1702049871781,4512,0.2408
BAKEUSDT,SELL,LIMIT,1702050475845,107,0.2420
BAKEUSDT,SELL,LIMIT,1702051581696,1240,0.2413
BAKEUSDT,SELL,LIMIT,1702051873964,268,0.2412
BAKEUSDT,BUY,LIMIT,1702052595785,832,0.2499
BAKEUSDT,BUY,LIMIT,1702052602375,950,0.2500
BAKEUSDT,SELL,LIMIT,1702053214363,275,0.2429
BAKEUSDT,SELL,LIMIT,1702053306609,1012,0.2419
BAKEUSDT,BUY,LIMIT,1702053667159,5660,0.2504
BAKEUSDT,SELL,LIMIT,1702054069189,553,0.2421
BAKEUSDT,SELL,LIMIT,1702054108129,20325,0.2419
BAKEUSDT,SELL,LIMIT,1702055241132,939,0.2417
BAKEUSDT,SELL,LIMIT,1702055266658,1696,0.2415
BAKEUSDT,SELL,LIMIT,1702055270568,129,0.2413
BAKEUSDT,SELL,LIMIT,1702055271631,20407,0.2407
BAKEUSDT,SELL,LIMIT,1702055288075,188,0.2406
BAKEUSDT,SELL,LIMIT,1702055290175,8169,0.2405
BAKEUSDT,SELL,LIMIT,1702055291213,20,0.2406
BAKEUSDT,SELL,LIMIT,1702055294241,301,0.2402
BAKEUSDT,SELL,LIMIT,1702055295321,698,0.2403
BAKEUSDT,SELL,LIMIT,1702055298110,1167,0.2400
BAKEUSDT,SELL,LIMIT,1702055299151,4454,0.2399
BAKEUSDT,SELL,LIMIT,1702055302461,1557,0.2398
BAKEUSDT,SELL,LIMIT,1702055306405,158,0.2398
BAKEUSDT,SELL,LIMIT,1702055471819,477,0.2404
BAKEUSDT,SELL,LIMIT,1702055481591,100,0.2404
BAKEUSDT,SELL,LIMIT,1702055686411,3764,0.2395
BAKEUSDT,SELL,LIMIT,1702055687664,87,0.2395
BAKEUSDT,SELL,LIMIT,1702055692510,238,0.2395
BAKEUSDT,SELL,LIMIT,1702055753488,717,0.2393
BAKEUSDT,SELL,LIMIT,1702055763113,921,0.2392
BAKEUSDT,SELL,LIMIT,1702055789283,324,0.2387
BAKEUSDT,SELL,LIMIT,1702055790314,2135,0.2389
BAKEUSDT,SELL,LIMIT,1702055888536,19827,0.2384
BAKEUSDT,SELL,LIMIT,1702055895388,9967,0.2384
BAKEUSDT,SELL,LIMIT,1702055901556,2059,0.2382
BAKEUSDT,SELL,LIMIT,1702056283134,259,0.2386
BAKEUSDT,SELL,LIMIT,1702058510615,12544,0.2393
BAKEUSDT,BUY,LIMIT,1702058803252,1396,0.2480
BAKEUSDT,SELL,LIMIT,1702060929897,2036,0.2403
BAKEUSDT,SELL,LIMIT,1702060931062,590,0.2400
BAKEUSDT,BUY,LIMIT,1702061853454,25,0.2497
BAKEUSDT,BUY,LIMIT,1702063191220,182,0.2496
BAKEUSDT,SELL,LIMIT,1702064148109,1307,0.2436
BAKEUSDT,BUY,LIMIT,1702064192387,318,0.2502
BAKEUSDT,BUY,LIMIT,1702064739023,1140,0.2510
BAKEUSDT,SELL,LIMIT,1702065560219,375,0.2442
BAKEUSDT,BUY,LIMIT,1702066093939,6477,0.2509
BAKEUSDT,BUY,LIMIT,1702068660075,565,0.2527
BAKEUSDT,BUY,LIMIT,1702068714974,3924,0.2536
BAKEUSDT,BUY,LIMIT,1702068768754,4949,0.2537
BAKEUSDT,SELL,LIMIT,1702069493907,88,0.2454
BAKEUSDT,BUY,LIMIT,1702070562089,678,0.2468
BAKEUSDT,BUY,LIMIT,1702070611297,20,0.2519
BAKEUSDT,SELL,LIMIT,1702070628162,289,0.2446
BAKEUSDT,BUY,LIMIT,1702070885228,461,0.2529
BAKEUSDT,BUY,LIMIT,1702070942820,32,0.2532
BAKEUSDT,SELL,LIMIT,1702071712583,2876,0.2450
BAKEUSDT,SELL,LIMIT,1702071815618,162,0.2442
BAKEUSDT,SELL,LIMIT,1702075935582,2434,0.2447
BAKEUSDT,SELL,LIMIT,1702076056276,313,0.2441
BAKEUSDT,SELL,LIMIT,1702076287693,510,0.2443
BAKEUSDT,SELL,LIMIT,1702076460115,1203,0.2432
BAKEUSDT,SELL,LIMIT,1702076461227,116,0.2431
BAKEUSDT,SELL,LIMIT,1702077940037,9745,0.2434
BAKEUSDT,SELL,LIMIT,1702078607709,2709,0.2453
BAKEUSDT,SELL,LIMIT,1702078887156,6500,0.2442
BAKEUSDT,BUY,LIMIT,1702079186344,405,0.2523
BAKEUSDT,SELL,LIMIT,1702080059771,734,0.2461
BAKEUSDT,BUY,LIMIT,1702080392825,496,0.2544
BAKEUSDT,BUY,LIMIT,1702080420734,675,0.2545
BAKEUSDT,BUY,LIMIT,1702080515392,3073,0.2552
BAKEUSDT,BUY,LIMIT,1702080581197,1369,0.2546
BAKEUSDT,BUY,LIMIT,1702080762474,216,0.2576
BAKEUSDT,BUY,LIMIT,1702080763539,998,0.2575
BAKEUSDT,SELL,LIMIT,1702081511352,100,0.2496
BAKEUSDT,BUY,LIMIT,1702081631960,15438,0.2568
BAKEUSDT,BUY,LIMIT,1702081761159,1512,0.2564
BAKEUSDT,BUY,LIMIT,1702081885798,1032,0.2581
BAKEUSDT,BUY,LIMIT,1702081893544,1220,0.2583
BAKEUSDT,BUY,LIMIT,1702082150797,30,0.2589
BAKEUSDT,BUY,LIMIT,1702083006286,1878,0.2613
BAKEUSDT,SELL,LIMIT,1702083194812,4298,0.2527
BAKEUSDT,SELL,LIMIT,1702083635298,18283,0.2519
BAKEUSDT,SELL,LIMIT,1702083645047,3678,0.2515
BAKEUSDT,SELL,LIMIT,1702083649073,4650,0.2507
BAKEUSDT,SELL,LIMIT,1702083817332,445,0.2494
BAKEUSDT,BUY,LIMIT,1702084507630,594,0.2583
BAKEUSDT,SELL,LIMIT,1702084728414,1104,0.2510
BAKEUSDT,BUY,LIMIT,1702085503188,1310,0.2610
BAKEUSDT,BUY,LIMIT,1702085576671,3061,0.2619
BAKEUSDT,BUY,LIMIT,1702085647266,20,0.2625
BAKEUSDT,BUY,LIMIT,1702085754876,95,0.2635
BAKEUSDT,BUY,LIMIT,1702085847273,19351,0.2643
BAKEUSDT,BUY,LIMIT,1702085874512,265010,0.2712
BAKEUSDT,BUY,LIMIT,1702085876652,934,0.2650
BAKEUSDT,BUY,LIMIT,1702085891994,796,0.2660
BAKEUSDT,BUY,LIMIT,1702085898992,834,0.2662
BAKEUSDT,BUY,LIMIT,1702085903674,1335,0.2666
BAKEUSDT,BUY,LIMIT,1702085920018,388,0.2669
BAKEUSDT,SELL,LIMIT,1702086326422,761,0.2549
BAKEUSDT,SELL,LIMIT,1702086361642,31,0.2542
BAKEUSDT,SELL,LIMIT,1702086389313,1057,0.2537
BAKEUSDT,SELL,LIMIT,1702087143976,17984,0.2531
BAKEUSDT,SELL,LIMIT,1702087258559,14419,0.2517
BAKEUSDT,SELL,LIMIT,1702087745485,489,0.2492
BAKEUSDT,SELL,LIMIT,1702087890495,20,0.2486
BAKEUSDT,BUY,LIMIT,1702089336035,260,0.2563
BAKEUSDT,SELL,LIMIT,1702089658414,297,0.2473
BAKEUSDT,SELL,LIMIT,1702089660906,29,0.2471
BAKEUSDT,BUY,LIMIT,1702092000124,42,0.2567
BAKEUSDT,BUY,LIMIT,1702092170990,34,0.2568
BAKEUSDT,BUY,LIMIT,1702092617219,413,0.2575
BAKEUSDT,BUY,LIMIT,1702093282478,10500,0.2586
BAKEUSDT,BUY,LIMIT,1702093362468,96,0.2596
BAKEUSDT,SELL,LIMIT,1702093515198,1370,0.2510
BAKEUSDT,SELL,LIMIT,1702093670935,186,0.2504
BAKEUSDT,BUY,LIMIT,1702094073646,140,0.2629
BAKEUSDT,SELL,LIMIT,1702094240899,1601,0.2522
BAKEUSDT,BUY,LIMIT,1702094543456,43,0.2608
BAKEUSDT,BUY,LIMIT,1702094801533,109,0.2646
BAKEUSDT,SELL,LIMIT,1702098257410,3093,0.2532
BAKEUSDT,BUY,LIMIT,1702098570516,99,0.2610
BAKEUSDT,SELL,LIMIT,1702098608614,350,0.2531
BAKEUSDT,SELL,LIMIT,1702099160547,544,0.2523
BAKEUSDT,SELL,LIMIT,1702099165766,584,0.2517
BAKEUSDT,SELL,LIMIT,1702099319314,343,0.2509
BAKEUSDT,SELL,LIMIT,1702099366352,30,0.2502
BAKEUSDT,BUY,LIMIT,1702100247324,11639,0.2593
BAKEUSDT,BUY,LIMIT,1702101541147,96,0.2632
BAKEUSDT,SELL,LIMIT,1702102194595,282,0.2563
BAKEUSDT,BUY,LIMIT,1702103528937,1847,0.2621
BAKEUSDT,BUY,LIMIT,1702103840456,5478,0.2652
BAKEUSDT,BUY,LIMIT,1702103856788,2885,0.2661
BAKEUSDT,BUY,LIMIT,1702104607095,306,0.2647
BAKEUSDT,SELL,LIMIT,1702104981934,324,0.2573
BAKEUSDT,SELL,LIMIT,1702105183251,5393,0.2561
BAKEUSDT,SELL,LIMIT,1702105205945,957,0.2558
BAKEUSDT,SELL,LIMIT,1702105307112,8332,0.2544
BAKEUSDT,SELL,LIMIT,1702106541390,155,0.2530
BAKEUSDT,SELL,LIMIT,1702106569590,96,0.2524
BAKEUSDT,BUY,LIMIT,1702106667185,12795,0.2608
BAKEUSDT,BUY,LIMIT,1702107720178,1106,0.2624
BAKEUSDT,SELL,LIMIT,1702107886229,1530,0.2567
BAKEUSDT,SELL,LIMIT,1702109085487,4251,0.2560
BAKEUSDT,SELL,LIMIT,1702109149054,60,0.2555
BAKEUSDT,SELL,LIMIT,1702109247961,49,0.2553
BAKEUSDT,BUY,LIMIT,1702109502162,29,0.2636
BAKEUSDT,BUY,LIMIT,1702109741906,290,0.2631
BAKEUSDT,BUY,LIMIT,1702109771759,939,0.2634
BAKEUSDT,BUY,LIMIT,1702109780749,43,0.2634
BAKEUSDT,SELL,LIMIT,1702109809402,100341,0.2532
BAKEUSDT,SELL,LIMIT,1702109939165,344,0.2549
BAKEUSDT,SELL,LIMIT,1702109960917,700,0.2545
BAKEUSDT,SELL,LIMIT,1702110382450,1007,0.2544
BAKEUSDT,SELL,LIMIT,1702110495210,1074,0.2551
BAKEUSDT,SELL,LIMIT,1702110751474,386,0.2535
BAKEUSDT,SELL,LIMIT,1702110801442,41,0.2529
BAKEUSDT,SELL,LIMIT,1702110875631,78,0.2519
BAKEUSDT,SELL,LIMIT,1702110877386,40,0.2518
BAKEUSDT,SELL,LIMIT,1702110900671,1754,0.2513
BAKEUSDT,SELL,LIMIT,1702110906259,2195,0.2511
BAKEUSDT,SELL,LIMIT,1702110908113,13560,0.2509
BAKEUSDT,SELL,LIMIT,1702110909163,3582,0.2510
BAKEUSDT,SELL,LIMIT,1702110910185,1959,0.2491
BAKEUSDT,SELL,LIMIT,1702110911376,6321,0.2489
BAKEUSDT,SELL,LIMIT,1702110912424,2350,0.2479
BAKEUSDT,SELL,LIMIT,1702110970288,15516,0.2478
BAKEUSDT,SELL,LIMIT,1702110974252,656,0.2473
BAKEUSDT,SELL,LIMIT,1702110976340,30402,0.2464
BAKEUSDT,SELL,LIMIT,1702110979754,985,0.2470
BAKEUSDT,SELL,LIMIT,1702110980952,4896,0.2469
BAKEUSDT,SELL,LIMIT,1702110982318,744,0.2465
BAKEUSDT,SELL,LIMIT,1702110983436,77,0.2467
BAKEUSDT,SELL,LIMIT,1702111027751,155,0.2474
BAKEUSDT,SELL,LIMIT,1702111035088,2473,0.2464
BAKEUSDT,SELL,LIMIT,1702111036121,3824,0.2460
BAKEUSDT,SELL,LIMIT,1702111037215,193,0.2463
BAKEUSDT,SELL,LIMIT,1702111038249,551,0.2460
BAKEUSDT,SELL,LIMIT,1702111043324,4034,0.2453
BAKEUSDT,SELL,LIMIT,1702111044657,489,0.2453
BAKEUSDT,SELL,LIMIT,1702111045741,1882,0.2453
BAKEUSDT,SELL,LIMIT,1702111046750,775,0.2452
BAKEUSDT,SELL,LIMIT,1702111199069,191,0.2450
BAKEUSDT,SELL,LIMIT,1702111200121,1701,0.2441
BAKEUSDT,SELL,LIMIT,1702111201167,639,0.2431
BAKEUSDT,SELL,LIMIT,1702111202267,197,0.2431
BAKEUSDT,SELL,LIMIT,1702111204059,14535,0.2427
BAKEUSDT,SELL,LIMIT,1702111366387,109,0.2437
BAKEUSDT,SELL,LIMIT,1702111381003,3715,0.2430
BAKEUSDT,SELL,LIMIT,1702111382335,1136,0.2428
BAKEUSDT,SELL,LIMIT,1702111385219,8983,0.2424
BAKEUSDT,SELL,LIMIT,1702111386278,45,0.2422
BAKEUSDT,SELL,LIMIT,1702111388096,967,0.2419
BAKEUSDT,SELL,LIMIT,1702111390985,28117,0.2414
BAKEUSDT,BUY,LIMIT,1702111588563,2365,0.2542
BAKEUSDT,BUY,LIMIT,1702111868323,23,0.2577
BAKEUSDT,SELL,LIMIT,1702112240797,1186,0.2487
BAKEUSDT,SELL,LIMIT,1702113119976,1412,0.2463
BAKEUSDT,BUY,LIMIT,1702113414045,19928,0.2558
BAKEUSDT,SELL,LIMIT,1702113980486,3050,0.2465
BAKEUSDT,SELL,LIMIT,1702114568100,2566,0.2519
BAKEUSDT,SELL,LIMIT,1702114658073,263,0.2455
BAKEUSDT,SELL,LIMIT,1702115261134,17088,0.2437
BAKEUSDT,BUY,LIMIT,1702116729986,563,0.2531
BAKEUSDT,BUY,LIMIT,1702119108776,1006,0.2551
BAKEUSDT,BUY,LIMIT,1702119247444,178,0.2555
BAKEUSDT,BUY,LIMIT,1702119305262,10114,0.2562
BAKEUSDT,SELL,LIMIT,1702120554920,187,0.2478
BAKEUSDT,SELL,LIMIT,1702120611133,1177,0.2475
BAKEUSDT,SELL,LIMIT,1702120807378,2361,0.2474
BAKEUSDT,SELL,LIMIT,1702121048295,493,0.2468
BAKEUSDT,SELL,LIMIT,1702122180949,661,0.2461
BAKEUSDT,SELL,LIMIT,1702122308867,510,0.2457
BAKEUSDT,BUY,LIMIT,1702123431686,915,0.2563
BAKEUSDT,BUY,LIMIT,1702123806390,1732,0.2570
BAKEUSDT,SELL,LIMIT,1702125081683,215,0.2479
BAKEUSDT,SELL,LIMIT,1702125721581,13358,0.2474
BAKEUSDT,SELL,LIMIT,1702125756159,20,0.2467
BAKEUSDT,SELL,LIMIT,1702125881272,71,0.2466
BAKEUSDT,SELL,LIMIT,1702126964077,3023,0.2473
BAKEUSDT,SELL,LIMIT,1702127636280,6460,0.2476
BAKEUSDT,BUY,LIMIT,1702127908076,2,0.2499
BAKEUSDT,SELL,LIMIT,1702132333552,29,0.2465
BAKEUSDT,SELL,LIMIT,1702132349586,10670,0.2463
BAKEUSDT,SELL,LIMIT,1702132383199,2524,0.2455
BAKEUSDT,SELL,LIMIT,1702132410005,200,0.2451
BAKEUSDT,SELL,LIMIT,1702132427161,148,0.2448
BAKEUSDT,SELL,LIMIT,1702132429245,25,0.2448
BAKEUSDT,SELL,LIMIT,1702132606978,765,0.2445
BAKEUSDT,SELL,LIMIT,1702132608222,2377,0.2441
BAKEUSDT,SELL,LIMIT,1702132688218,1017,0.2437
BAKEUSDT,SELL,LIMIT,1702132702260,114,0.2433
BAKEUSDT,SELL,LIMIT,1702132703333,2349,0.2436
BAKEUSDT,SELL,LIMIT,1702132992645,5263,0.2429
BAKEUSDT,SELL,LIMIT,1702132995027,195,0.2427
BAKEUSDT,SELL,LIMIT,1702133000527,20237,0.2426
BAKEUSDT,SELL,LIMIT,1702133002371,5237,0.2424
BAKEUSDT,SELL,LIMIT,1702133003482,20,0.2419
BAKEUSDT,SELL,LIMIT,1702133005012,342,0.2419
BAKEUSDT,SELL,LIMIT,1702133007302,1350,0.2418
BAKEUSDT,SELL,LIMIT,1702133008360,4272,0.2418
BAKEUSDT,SELL,LIMIT,1702133320189,1002,0.2434
BAKEUSDT,SELL,LIMIT,1702134523532,431,0.2419
BAKEUSDT,SELL,LIMIT,1702134889401,2871,0.2411
BAKEUSDT,SELL,LIMIT,1702134890512,35,0.2411
BAKEUSDT,SELL,LIMIT,1702134936494,20048,0.2409
BAKEUSDT,SELL,LIMIT,1702134937724,3552,0.2408
BAKEUSDT,SELL,LIMIT,1702134948150,6364,0.2407
BAKEUSDT,SELL,LIMIT,1702135299226,5240,0.2406
BAKEUSDT,SELL,LIMIT,1702135303852,2358,0.2405
BAKEUSDT,BUY,LIMIT,1702136016742,8082,0.2487
BAKEUSDT,SELL,LIMIT,1702138913144,1847,0.2411
BAKEUSDT,SELL,LIMIT,1702138928138,2887,0.2409
BAKEUSDT,SELL,LIMIT,1702138955458,1482,0.2412
BAKEUSDT,SELL,LIMIT,1702139008151,300,0.2406
BAKEUSDT,SELL,LIMIT,1702139109926,208,0.2404
BAKEUSDT,SELL,LIMIT,1702139114500,636,0.2404
BAKEUSDT,SELL,LIMIT,1702139115933,6502,0.2401
BAKEUSDT,SELL,LIMIT,1702139120170,159,0.2401
BAKEUSDT,SELL,LIMIT,1702139121224,70,0.2399
BAKEUSDT,SELL,LIMIT,1702139125444,1455,0.2398
BAKEUSDT,SELL,LIMIT,1702139127135,1563,0.2398
BAKEUSDT,SELL,LIMIT,1702139128277,697,0.2397
BAKEUSDT,SELL,LIMIT,1702139129873,148,0.2396
BAKEUSDT,SELL,LIMIT,1702139131456,396,0.2396
BAKEUSDT,SELL,LIMIT,1702139220189,2262,0.2392
BAKEUSDT,SELL,LIMIT,1702139222259,1370,0.2392
BAKEUSDT,SELL,LIMIT,1702139232104,9991,0.2390
BAKEUSDT,SELL,LIMIT,1702139241766,45,0.2388
BAKEUSDT,SELL,LIMIT,1702139251362,151,0.2387
BAKEUSDT,SELL,LIMIT,1702139255313,5500,0.2387
BAKEUSDT,SELL,LIMIT,1702139266228,415,0.2386
BAKEUSDT,SELL,LIMIT,1702139267511,516,0.2385
BAKEUSDT,SELL,LIMIT,1702139268544,4142,0.2382
BAKEUSDT,SELL,LIMIT,1702139277409,20127,0.2380
BAKEUSDT,SELL,LIMIT,1702139279320,19417,0.2380
BAKEUSDT,SELL,LIMIT,1702139290468,1000,0.2378
BAKEUSDT,SELL,LIMIT,1702139294896,204,0.2379
BAKEUSDT,SELL,LIMIT,1702139300800,59213,0.2363
BAKEUSDT,SELL,LIMIT,1702140852472,334,0.2378
BAKEUSDT,SELL,LIMIT,1702140879094,565,0.2379
BAKEUSDT,SELL,LIMIT,1702140938617,201,0.2378
BAKEUSDT,SELL,LIMIT,1702141051308,10076,0.2378
BAKEUSDT,SELL,LIMIT,1702141267157,68,0.2376
BAKEUSDT,SELL,LIMIT,1702141268230,370,0.2376
BAKEUSDT,SELL,LIMIT,1702141270703,7047,0.2374
BAKEUSDT,SELL,LIMIT,1702141521846,78,0.2372
BAKEUSDT,SELL,LIMIT,1702141538032,3855,0.2372
BAKEUSDT,SELL,LIMIT,1702141539949,12924,0.2373
BAKEUSDT,SELL,LIMIT,1702141544211,1024,0.2371
BAKEUSDT,SELL,LIMIT,1702141551223,52,0.2370
BAKEUSDT,SELL,LIMIT,1702141552245,70,0.2370
BAKEUSDT,SELL,LIMIT,1702141553439,428,0.2369
BAKEUSDT,SELL,LIMIT,1702141556231,226,0.2371
BAKEUSDT,SELL,LIMIT,1702141557495,583,0.2367
BAKEUSDT,SELL,LIMIT,1702141559186,4375,0.2361
BAKEUSDT,SELL,LIMIT,1702141564518,21,0.2361
BAKEUSDT,SELL,LIMIT,1702141657398,70,0.2360
BAKEUSDT,SELL,LIMIT,1702141661996,7933,0.2358
BAKEUSDT,SELL,LIMIT,1702141663028,194045,0.2309
BAKEUSDT,SELL,LIMIT,1702141665400,403,0.2357
BAKEUSDT,SELL,LIMIT,1702141692234,4096,0.2355
BAKEUSDT,SELL,LIMIT,1702141693610,1000,0.2354
BAKEUSDT,SELL,LIMIT,1702141703213,298,0.2350
BAKEUSDT,SELL,LIMIT,1702141704476,999,0.2352
BAKEUSDT,SELL,LIMIT,1702141706024,300,0.2351
BAKEUSDT,SELL,LIMIT,1702141745607,781,0.2353
BAKEUSDT,SELL,LIMIT,1702141848616,1582,0.2350
BAKEUSDT,SELL,LIMIT,1702142777167,71226,0.2345
BAKEUSDT,SELL,LIMIT,1702143022346,1244,0.2361
BAKEUSDT,BUY,LIMIT,1702143217275,1663,0.2441
BAKEUSDT,SELL,LIMIT,1702144789141,415,0.2357
BAKEUSDT,SELL,LIMIT,1702144794073,133,0.2357
BAKEUSDT,BUY,LIMIT,1702145322238,303,0.2445
BAKEUSDT,BUY,LIMIT,1702145825134,1884,0.2451
BAKEUSDT,BUY,LIMIT,1702146345085,166,0.2456
BAKEUSDT,BUY,LIMIT,1702146348204,47,0.2457
BAKEUSDT,BUY,LIMIT,1702150608873,22,0.2470
BAKEUSDT,SELL,LIMIT,1702152922429,3816,0.2386
BAKEUSDT,SELL,LIMIT,1702152938679,20582,0.2384
BAKEUSDT,SELL,LIMIT,1702153695145,304,0.2377
BAKEUSDT,SELL,LIMIT,1702153854119,186,0.2372
BAKEUSDT,SELL,LIMIT,1702153911976,10000,0.2369
BAKEUSDT,BUY,LIMIT,1702153987493,10000,0.2442
BAKEUSDT,SELL,LIMIT,1702156143395,2576,0.2385
BAKEUSDT,SELL,LIMIT,1702156165194,371,0.2371
BAKEUSDT,SELL,LIMIT,1702156337443,133,0.2368
BAKEUSDT,SELL,LIMIT,1702156373230,302,0.2362
BAKEUSDT,BUY,LIMIT,1702157858731,334,0.2454
BAKEUSDT,SELL,LIMIT,1702159926910,382,0.3469
BAKEUSDT,SELL,LIMIT,1702160598729,215,0.2381
BAKEUSDT,SELL,LIMIT,1702161380170,7986,0.2376
BAKEUSDT,SELL,LIMIT,1702161742619,1394,0.2371
BAKEUSDT,SELL,LIMIT,1702162111359,1951,0.2366
BAKEUSDT,SELL,LIMIT,1702162233386,101,0.2363
BAKEUSDT,SELL,LIMIT,1702162414116,1878,0.2357
BAKEUSDT,SELL,LIMIT,1702162532664,886,0.2350
BAKEUSDT,SELL,LIMIT,1702162551148,156,0.2355
BAKEUSDT,SELL,LIMIT,1702162566077,1003,0.2349
BAKEUSDT,SELL,LIMIT,1702162580246,71,0.2348
BAKEUSDT,SELL,LIMIT,1702162581352,954,0.2349
BAKEUSDT,BUY,LIMIT,1702162844281,14738,0.2434
BAKEUSDT,SELL,LIMIT,1702164301964,2404,0.2349
BAKEUSDT,SELL,LIMIT,1702164512145,277,0.2347
BAKEUSDT,SELL,LIMIT,1702164513310,3979,0.2347
BAKEUSDT,SELL,LIMIT,1702164514324,2012,0.2346
BAKEUSDT,SELL,LIMIT,1702164515469,631,0.2340
BAKEUSDT,SELL,LIMIT,1702164530187,8880,0.2339
BAKEUSDT,SELL,LIMIT,1702164533311,675,0.2337
BAKEUSDT,SELL,LIMIT,1702164535998,35000,0.2328
BAKEUSDT,SELL,LIMIT,1702164546160,1004,0.2336
BAKEUSDT,SELL,LIMIT,1702164547421,65,0.2336
BAKEUSDT,SELL,LIMIT,1702164548791,7031,0.2335
BAKEUSDT,SELL,LIMIT,1702164567530,3242,0.2335
BAKEUSDT,SELL,LIMIT,1702164579234,1781,0.2334
BAKEUSDT,SELL,LIMIT,1702164583769,23,0.2335
BAKEUSDT,SELL,LIMIT,1702164590216,575,0.2333
BAKEUSDT,SELL,LIMIT,1702164591287,478,0.2330
BAKEUSDT,SELL,LIMIT,1702164593588,14,0.2330
BAKEUSDT,SELL,LIMIT,1702164684353,4147,0.2334
BAKEUSDT,SELL,LIMIT,1702164687135,27,0.2330
BAKEUSDT,SELL,LIMIT,1702164688761,713,0.2331
BAKEUSDT,SELL,LIMIT,1702164747361,192,0.2329
BAKEUSDT,SELL,LIMIT,1702164748590,10287,0.2328
BAKEUSDT,SELL,LIMIT,1702164750412,911,0.2328
BAKEUSDT,SELL,LIMIT,1702164752862,2203,0.2327
BAKEUSDT,SELL,LIMIT,1702164754215,8120,0.2326
BAKEUSDT,SELL,LIMIT,1702164755475,169,0.2325
BAKEUSDT,SELL,LIMIT,1702164756623,1230,0.2323
BAKEUSDT,SELL,LIMIT,1702164758255,69,0.2322
BAKEUSDT,SELL,LIMIT,1702164772406,3237,0.2323
BAKEUSDT,SELL,LIMIT,1702164791316,705,0.2326
BAKEUSDT,SELL,LIMIT,1702164797802,362,0.2324
BAKEUSDT,SELL,LIMIT,1702164799190,829,0.2323
BAKEUSDT,SELL,LIMIT,1702164800670,342,0.2320
BAKEUSDT,SELL,LIMIT,1702164801676,604,0.2318
BAKEUSDT,SELL,LIMIT,1702164802959,9159,0.2319
BAKEUSDT,SELL,LIMIT,1702164804418,2000,0.2317
BAKEUSDT,SELL,LIMIT,1702164805610,90000,0.2297
BAKEUSDT,SELL,LIMIT,1702164807265,802,0.2310
BAKEUSDT,SELL,LIMIT,1702164808289,424,0.2310
BAKEUSDT,SELL,LIMIT,1702164809348,80,0.2303
BAKEUSDT,SELL,LIMIT,1702164810380,1084,0.2300
BAKEUSDT,SELL,LIMIT,1702164811470,1719,0.2301
BAKEUSDT,SELL,LIMIT,1702164812481,2746,0.2297
BAKEUSDT,SELL,LIMIT,1702164813904,6498,0.2299
BAKEUSDT,SELL,LIMIT,1702164815199,13103,0.2303
BAKEUSDT,SELL,LIMIT,1702167966337,209,0.2349
BAKEUSDT,SELL,LIMIT,1702173034814,11782,0.2361
BAKEUSDT,SELL,LIMIT,1702174461896,21,0.2365
BAKEUSDT,SELL,LIMIT,1702174855139,598,0.2369
BAKEUSDT,BUY,LIMIT,1702176037619,30,0.2468
BAKEUSDT,BUY,LIMIT,1702176111184,208,0.2475
BAKEUSDT,BUY,LIMIT,1702177330066,486,0.2474
BAKEUSDT,BUY,LIMIT,1702177363585,228,0.2479
BAKEUSDT,BUY,LIMIT,1702178606929,144,0.2495
BAKEUSDT,BUY,LIMIT,1702178613704,9300,0.2503
BAKEUSDT,BUY,LIMIT,1702178625291,102,0.2506
BAKEUSDT,BUY,LIMIT,1702178628793,1046,0.2509
BAKEUSDT,BUY,LIMIT,1702178687874,66,0.2511
BAKEUSDT,BUY,LIMIT,1702178742071,294,0.2516
BAKEUSDT,BUY,LIMIT,1702178755082,104210,0.2542
BAKEUSDT,BUY,LIMIT,1702178759166,82,0.2522
BAKEUSDT,BUY,LIMIT,1702179047202,89,0.2524
BAKEUSDT,BUY,LIMIT,1702179056555,1612,0.2536
BAKEUSDT,BUY,LIMIT,1702179057979,29022,0.2547
BAKEUSDT,BUY,LIMIT,1702179060937,16135,0.2545
BAKEUSDT,BUY,LIMIT,1702179062166,20491,0.2549
BAKEUSDT,BUY,LIMIT,1702179067907,2344,0.2552
BAKEUSDT,BUY,LIMIT,1702179070349,4149,0.2561
BAKEUSDT,BUY,LIMIT,1702179075403,23,0.2569
BAKEUSDT,BUY,LIMIT,1702179076549,67,0.2569
BAKEUSDT,BUY,LIMIT,1702179081836,3434,0.2572
BAKEUSDT,BUY,LIMIT,1702179083583,945,0.2574
BAKEUSDT,BUY,LIMIT,1702179086747,432,0.2578
BAKEUSDT,BUY,LIMIT,1702179092524,1513,0.2583
BAKEUSDT,BUY,LIMIT,1702179117353,9165,0.2587
BAKEUSDT,BUY,LIMIT,1702179155972,428,0.2594
BAKEUSDT,BUY,LIMIT,1702179159670,2908,0.2595
BAKEUSDT,BUY,LIMIT,1702179164530,380,0.2595
BAKEUSDT,BUY,LIMIT,1702179172688,121,0.2599
BAKEUSDT,BUY,LIMIT,1702179189137,6171,0.2608
BAKEUSDT,BUY,LIMIT,1702179229775,456,0.2609
BAKEUSDT,BUY,LIMIT,1702179237578,18489,0.2611
BAKEUSDT,BUY,LIMIT,1702179257269,121,0.2617
BAKEUSDT,BUY,LIMIT,1702179259765,303,0.2618
BAKEUSDT,SELL,LIMIT,1702179274122,19387,0.2523
BAKEUSDT,SELL,LIMIT,1702179294590,5047,0.2517
BAKEUSDT,BUY,LIMIT,1702179379100,784,0.2614
BAKEUSDT,BUY,LIMIT,1702179491674,4437,0.2622
BAKEUSDT,BUY,LIMIT,1702179493207,162,0.2624
BAKEUSDT,BUY,LIMIT,1702179578658,334,0.2631
BAKEUSDT,BUY,LIMIT,1702179777006,236,0.2640
BAKEUSDT,BUY,LIMIT,1702179781711,1059,0.2641
BAKEUSDT,SELL,LIMIT,1702179834763,5217,0.2545
BAKEUSDT,SELL,LIMIT,1702179836014,1960,0.2544
BAKEUSDT,SELL,LIMIT,1702179855355,19305,0.2540
BAKEUSDT,SELL,LIMIT,1702179868226,4987,0.2530
BAKEUSDT,SELL,LIMIT,1702179948084,11340,0.2521
BAKEUSDT,BUY,LIMIT,1702180853154,377,0.2649
BAKEUSDT,SELL,LIMIT,1702180965972,436,0.2548
BAKEUSDT,SELL,LIMIT,1702180993367,30,0.2540
BAKEUSDT,SELL,LIMIT,1702181019001,17868,0.2526
BAKEUSDT,SELL,LIMIT,1702181026400,8150,0.2523
BAKEUSDT,SELL,LIMIT,1702181060191,74,0.2517
BAKEUSDT,SELL,LIMIT,1702181078836,383,0.2513
BAKEUSDT,SELL,LIMIT,1702181116639,49,0.2504
BAKEUSDT,SELL,LIMIT,1702181324140,51,0.2516
BAKEUSDT,SELL,LIMIT,1702181333747,657,0.2511
BAKEUSDT,SELL,LIMIT,1702181412856,2005,0.2509
BAKEUSDT,SELL,LIMIT,1702181428341,511,0.2500
BAKEUSDT,SELL,LIMIT,1702181573628,500,0.2505
BAKEUSDT,SELL,LIMIT,1702181593836,1000,0.2498
BAKEUSDT,SELL,LIMIT,1702181628538,197,0.2499
BAKEUSDT,SELL,LIMIT,1702181671191,15485,0.2495
BAKEUSDT,SELL,LIMIT,1702181674733,6313,0.2490
BAKEUSDT,SELL,LIMIT,1702181722326,693,0.2487
BAKEUSDT,BUY,LIMIT,1702183543270,5920,0.2646
BAKEUSDT,BUY,LIMIT,1702183903226,396,0.2650
BAKEUSDT,BUY,LIMIT,1702184370164,22591,0.2680
BAKEUSDT,BUY,LIMIT,1702184383152,1550,0.2678
BAKEUSDT,BUY,LIMIT,1702184907948,28,0.2654
BAKEUSDT,BUY,LIMIT,1702184924060,3873,0.2665
BAKEUSDT,BUY,LIMIT,1702185148974,387,0.2683
BAKEUSDT,BUY,LIMIT,1702185172695,293,0.2690
BAKEUSDT,SELL,LIMIT,1702185211045,7243,0.2597
BAKEUSDT,BUY,LIMIT,1702185455506,6210,0.2682
BAKEUSDT,BUY,LIMIT,1702185476053,558,0.2689
BAKEUSDT,BUY,LIMIT,1702185483372,2777,0.2701
BAKEUSDT,BUY,LIMIT,1702185598483,785,0.2704
BAKEUSDT,BUY,LIMIT,1702185946866,4489,0.2705
BAKEUSDT,BUY,LIMIT,1702185952734,19815,0.2710
BAKEUSDT,BUY,LIMIT,1702185982576,25,0.2714
BAKEUSDT,BUY,LIMIT,1702185984935,34,0.2721
BAKEUSDT,BUY,LIMIT,1702186160159,876,0.2721
BAKEUSDT,BUY,LIMIT,1702186164832,1583,0.2724
BAKEUSDT,BUY,LIMIT,1702186173998,289,0.2725
BAKEUSDT,BUY,LIMIT,1702186269750,876,0.2729
BAKEUSDT,SELL,LIMIT,1702186646093,253,0.2638
BAKEUSDT,SELL,LIMIT,1702186647100,24,0.2640
BAKEUSDT,SELL,LIMIT,1702186807641,180,0.2625
BAKEUSDT,SELL,LIMIT,1702186999606,4174,0.2619
BAKEUSDT,SELL,LIMIT,1702187020000,109,0.2615
BAKEUSDT,SELL,LIMIT,1702187112477,1094,0.2612
BAKEUSDT,SELL,LIMIT,1702187114073,184,0.2608
BAKEUSDT,SELL,LIMIT,1702187115460,22,0.2608
BAKEUSDT,SELL,LIMIT,1702187116950,5242,0.2605
BAKEUSDT,SELL,LIMIT,1702187520168,4160,0.2599
BAKEUSDT,SELL,LIMIT,1702187523149,4145,0.2595
BAKEUSDT,SELL,LIMIT,1702187553148,2095,0.2595
BAKEUSDT,SELL,LIMIT,1702187621934,534,0.2589
BAKEUSDT,BUY,LIMIT,1702188057586,1521,0.2680
BAKEUSDT,BUY,LIMIT,1702188288777,376,0.2707
BAKEUSDT,BUY,LIMIT,1702188292155,729,0.2711
BAKEUSDT,SELL,LIMIT,1702188579397,3750,0.2615
BAKEUSDT,SELL,LIMIT,1702188621085,13151,0.2608
BAKEUSDT,BUY,LIMIT,1702188779471,971,0.2707
BAKEUSDT,BUY,LIMIT,1702189327476,74,0.2723
BAKEUSDT,BUY,LIMIT,1702189483628,2255,0.2741
BAKEUSDT,BUY,LIMIT,1702189492454,112,0.2744
BAKEUSDT,BUY,LIMIT,1702189501693,1446,0.2750
BAKEUSDT,BUY,LIMIT,1702189503656,115,0.2755
BAKEUSDT,BUY,LIMIT,1702189505860,988,0.2755
BAKEUSDT,BUY,LIMIT,1702189507273,3740,0.2761
BAKEUSDT,BUY,LIMIT,1702189608583,757,0.2775
BAKEUSDT,BUY,LIMIT,1702189609874,2571,0.2777
BAKEUSDT,BUY,LIMIT,1702189611346,1527,0.2778
BAKEUSDT,BUY,LIMIT,1702189612446,1197,0.2780
BAKEUSDT,BUY,LIMIT,1702189613577,139,0.2781
BAKEUSDT,BUY,LIMIT,1702189626777,30,0.2782
BAKEUSDT,BUY,LIMIT,1702189629302,12049,0.2792
BAKEUSDT,BUY,LIMIT,1702189631328,989,0.2795
BAKEUSDT,BUY,LIMIT,1702189635450,218,0.2799
BAKEUSDT,BUY,LIMIT,1702189640642,16840,0.2803
BAKEUSDT,BUY,LIMIT,1702189644310,217,0.2805
BAKEUSDT,BUY,LIMIT,1702189646099,1333,0.2808
BAKEUSDT,BUY,LIMIT,1702189647549,868,0.2808
BAKEUSDT,BUY,LIMIT,1702189651034,245,0.2810
BAKEUSDT,BUY,LIMIT,1702189653359,298,0.2812
BAKEUSDT,BUY,LIMIT,1702189656179,2991,0.2819
BAKEUSDT,BUY,LIMIT,1702189701270,515,0.2826
BAKEUSDT,BUY,LIMIT,1702189795206,2660,0.2829
BAKEUSDT,BUY,LIMIT,1702189797214,734,0.2830
BAKEUSDT,SELL,LIMIT,1702189810732,2554,0.2736
BAKEUSDT,BUY,LIMIT,1702189834482,200,0.2835
BAKEUSDT,BUY,LIMIT,1702189841357,64,0.2838
BAKEUSDT,BUY,LIMIT,1702189871004,4779,0.2847
BAKEUSDT,BUY,LIMIT,1702189894267,12001,0.2849
BAKEUSDT,BUY,LIMIT,1702189896391,1000,0.2850
BAKEUSDT,BUY,LIMIT,1702189904058,17702,0.2855
BAKEUSDT,BUY,LIMIT,1702189910418,8000,0.2860
BAKEUSDT,BUY,LIMIT,1702189917269,1632,0.2864
BAKEUSDT,BUY,LIMIT,1702189921859,96370,0.2895
BAKEUSDT,BUY,LIMIT,1702189933238,3326,0.2870
BAKEUSDT,SELL,LIMIT,1702189972109,14819,0.2765
BAKEUSDT,SELL,LIMIT,1702189973281,287,0.2758
BAKEUSDT,BUY,LIMIT,1702189989139,739,0.2850
BAKEUSDT,BUY,LIMIT,1702189999143,19,0.2878
BAKEUSDT,BUY,LIMIT,1702190015138,32,0.2882
BAKEUSDT,BUY,LIMIT,1702190016530,1456,0.2884
BAKEUSDT,BUY,LIMIT,1702190098154,799,0.2893
BAKEUSDT,BUY,LIMIT,1702190102330,176,0.2894
BAKEUSDT,BUY,LIMIT,1702190107640,618,0.2896
BAKEUSDT,BUY,LIMIT,1702190110708,3923,0.2902
BAKEUSDT,BUY,LIMIT,1702190112906,319,0.2902
BAKEUSDT,SELL,LIMIT,1702190159877,8741,0.2804
BAKEUSDT,SELL,LIMIT,1702190214650,2476,0.2795
BAKEUSDT,SELL,LIMIT,1702190225179,198,0.2786
BAKEUSDT,SELL,LIMIT,1702190228089,42,0.2782
BAKEUSDT,SELL,LIMIT,1702190236848,225,0.2768
BAKEUSDT,SELL,LIMIT,1702190240109,146,0.2764
BAKEUSDT,SELL,LIMIT,1702190303379,1396,0.2783
BAKEUSDT,SELL,LIMIT,1702190318701,1615,0.2775
BAKEUSDT,SELL,LIMIT,1702190402938,173,0.2762
BAKEUSDT,SELL,LIMIT,1702190465245,30,0.2758
BAKEUSDT,SELL,LIMIT,1702190466689,100,0.2756
BAKEUSDT,SELL,LIMIT,1702190817394,42,0.2752
BAKEUSDT,SELL,LIMIT,1702190818804,1749,0.2751
BAKEUSDT,SELL,LIMIT,1702190826345,1659,0.2743
BAKEUSDT,SELL,LIMIT,1702190829119,3447,0.2740
BAKEUSDT,SELL,LIMIT,1702190862544,3444,0.2737
BAKEUSDT,SELL,LIMIT,1702190907035,1757,0.2728
BAKEUSDT,SELL,LIMIT,1702191013384,356,0.2722
BAKEUSDT,SELL,LIMIT,1702191038042,335,0.2717
BAKEUSDT,SELL,LIMIT,1702191157098,87,0.2739
BAKEUSDT,BUY,LIMIT,1702191192444,16122,0.2810
BAKEUSDT,BUY,LIMIT,1702191199094,48,0.2814
BAKEUSDT,BUY,LIMIT,1702191208792,524,0.2815
BAKEUSDT,SELL,LIMIT,1702191310378,1602,0.2721
BAKEUSDT,SELL,LIMIT,1702191321703,1569,0.2715
BAKEUSDT,SELL,LIMIT,1702191328266,5000,0.2713
BAKEUSDT,SELL,LIMIT,1702191331915,26,0.2708
BAKEUSDT,SELL,LIMIT,1702191333197,781,0.2706
BAKEUSDT,SELL,LIMIT,1702191355409,518,0.2705
BAKEUSDT,SELL,LIMIT,1702191383415,1619,0.2704
BAKEUSDT,SELL,LIMIT,1702191399956,786,0.2699
BAKEUSDT,SELL,LIMIT,1702191431396,7859,0.2696
BAKEUSDT,SELL,LIMIT,1702191432428,1796,0.2698
BAKEUSDT,SELL,LIMIT,1702191557331,929,0.2715
BAKEUSDT,BUY,LIMIT,1702191729093,256,0.2798
BAKEUSDT,SELL,LIMIT,1702192044736,207,0.2720
BAKEUSDT,SELL,LIMIT,1702192068436,9101,0.2715
BAKEUSDT,SELL,LIMIT,1702192098877,34,0.2700
BAKEUSDT,SELL,LIMIT,1702192307550,55,0.2692
BAKEUSDT,SELL,LIMIT,1702192325657,2705,0.2693
BAKEUSDT,SELL,LIMIT,1702192484414,232,0.2697
BAKEUSDT,SELL,LIMIT,1702192493145,1726,0.2685
BAKEUSDT,SELL,LIMIT,1702192505869,38,0.2683
BAKEUSDT,BUY,LIMIT,1702192578443,58,0.2778
BAKEUSDT,BUY,LIMIT,1702192591986,245,0.2784
BAKEUSDT,SELL,LIMIT,1702192650151,3317,0.2683
BAKEUSDT,SELL,LIMIT,1702192697060,87,0.2704
BAKEUSDT,SELL,LIMIT,1702192726158,779,0.2670
BAKEUSDT,SELL,LIMIT,1702192727366,375,0.2671
BAKEUSDT,SELL,LIMIT,1702192935426,107,0.2672
BAKEUSDT,SELL,LIMIT,1702193072741,9094,0.2669
BAKEUSDT,SELL,LIMIT,1702193082152,1513,0.2668
BAKEUSDT,SELL,LIMIT,1702193091120,1,0.2666
BAKEUSDT,SELL,LIMIT,1702193093198,2032,0.2665
BAKEUSDT,SELL,LIMIT,1702193110889,1031,0.2664
BAKEUSDT,SELL,LIMIT,1702193112246,168,0.2663
BAKEUSDT,SELL,LIMIT,1702193115482,40,0.2659
BAKEUSDT,SELL,LIMIT,1702193116628,1392,0.2653
BAKEUSDT,BUY,LIMIT,1702193299337,1725,0.2751
BAKEUSDT,BUY,LIMIT,1702193302358,1990,0.2756
BAKEUSDT,SELL,LIMIT,1702193542857,581,0.2659
BAKEUSDT,SELL,LIMIT,1702193610441,67,0.2649
BAKEUSDT,SELL,LIMIT,1702193611697,2360,0.2646
BAKEUSDT,SELL,LIMIT,1702193716108,75,0.2646
BAKEUSDT,BUY,LIMIT,1702193793335,63,0.2735
BAKEUSDT,SELL,LIMIT,1702193918993,145,0.2640
BAKEUSDT,SELL,LIMIT,1702193921926,1721,0.2638
BAKEUSDT,SELL,LIMIT,1702193923012,2778,0.2634
BAKEUSDT,SELL,LIMIT,1702193937153,2780,0.2630
BAKEUSDT,SELL,LIMIT,1702194049011,84,0.2628
BAKEUSDT,SELL,LIMIT,1702194588221,47,0.2623
BAKEUSDT,SELL,LIMIT,1702194589283,304,0.2623
BAKEUSDT,SELL,LIMIT,1702194590845,81,0.2620
BAKEUSDT,SELL,LIMIT,1702194593159,5000,0.2618
BAKEUSDT,BUY,LIMIT,1702195319371,68,0.2734
BAKEUSDT,BUY,LIMIT,1702195426098,5556,0.2755
BAKEUSDT,SELL,LIMIT,1702195516399,52,0.2647
BAKEUSDT,SELL,LIMIT,1702195525387,1000,0.2646
BAKEUSDT,SELL,LIMIT,1702195551812,86,0.2645
BAKEUSDT,SELL,LIMIT,1702196140337,1680,0.2652
BAKEUSDT,SELL,LIMIT,1702196172208,188,0.2647
BAKEUSDT,SELL,LIMIT,1702196339444,490,0.2643
BAKEUSDT,SELL,LIMIT,1702196446963,1156,0.2639
BAKEUSDT,SELL,LIMIT,1702196479420,8578,0.2629
BAKEUSDT,SELL,LIMIT,1702196480425,298,0.2624
BAKEUSDT,SELL,LIMIT,1702196505827,4548,0.2620
BAKEUSDT,SELL,LIMIT,1702196543386,19,0.2617
BAKEUSDT,SELL,LIMIT,1702196546733,24,0.2615
BAKEUSDT,SELL,LIMIT,1702196548272,3100,0.2613
BAKEUSDT,SELL,LIMIT,1702196558540,8724,0.2616
BAKEUSDT,SELL,LIMIT,1702196566430,4623,0.2611
BAKEUSDT,SELL,LIMIT,1702196568792,4066,0.2611
BAKEUSDT,SELL,LIMIT,1702196586760,242,0.2614
BAKEUSDT,SELL,LIMIT,1702196613554,1822,0.2602
BAKEUSDT,SELL,LIMIT,1702196620568,210,0.2600
BAKEUSDT,SELL,LIMIT,1702196626880,2728,0.2597
BAKEUSDT,SELL,LIMIT,1702197051181,2394,0.2596
BAKEUSDT,SELL,LIMIT,1702197053870,482,0.2594
BAKEUSDT,SELL,LIMIT,1702197085496,463,0.2596
BAKEUSDT,BUY,LIMIT,1702197199702,142,0.2693
BAKEUSDT,SELL,LIMIT,1702197842193,60,0.2609
BAKEUSDT,SELL,LIMIT,1702198131260,334,0.2610
BAKEUSDT,SELL,LIMIT,1702198240626,3107,0.2607
BAKEUSDT,SELL,LIMIT,1702198257036,34,0.2598
BAKEUSDT,SELL,LIMIT,1702198259176,46,0.2596
BAKEUSDT,SELL,LIMIT,1702198318681,408,0.2592
BAKEUSDT,SELL,LIMIT,1702198320550,917,0.2589
BAKEUSDT,BUY,LIMIT,1702198420164,13257,0.2697
BAKEUSDT,BUY,LIMIT,1702198963517,9441,0.2700
BAKEUSDT,BUY,LIMIT,1702199688091,66,0.2709
BAKEUSDT,BUY,LIMIT,1702199783056,388,0.2713
BAKEUSDT,SELL,LIMIT,1702200162991,1183,0.2608
BAKEUSDT,SELL,LIMIT,1702200167891,53,0.2605
BAKEUSDT,SELL,LIMIT,1702200170799,18825,0.2604
BAKEUSDT,SELL,LIMIT,1702200314676,325,0.2599
BAKEUSDT,SELL,LIMIT,1702200319532,14685,0.2595
BAKEUSDT,SELL,LIMIT,1702200450474,16802,0.2602
BAKEUSDT,SELL,LIMIT,1702200731295,300,0.2610
BAKEUSDT,SELL,LIMIT,1702200773464,2148,0.2609
BAKEUSDT,SELL,LIMIT,1702200780396,423,0.2606
BAKEUSDT,SELL,LIMIT,1702200891208,3278,0.2594
BAKEUSDT,SELL,LIMIT,1702200930499,298,0.2595
BAKEUSDT,SELL,LIMIT,1702200933108,138,0.2594
BAKEUSDT,SELL,LIMIT,1702200936109,34,0.2593
BAKEUSDT,SELL,LIMIT,1702200937379,415,0.2589
BAKEUSDT,SELL,LIMIT,1702200941249,13812,0.2588
BAKEUSDT,BUY,LIMIT,1702200998113,1857,0.2689
BAKEUSDT,BUY,LIMIT,1702201030949,3205,0.2692
BAKEUSDT,BUY,LIMIT,1702201035953,26,0.2693
BAKEUSDT,SELL,LIMIT,1702201360220,781,0.2604
BAKEUSDT,SELL,LIMIT,1702201388106,296,0.2588
BAKEUSDT,SELL,LIMIT,1702201389369,2606,0.2595
BAKEUSDT,SELL,LIMIT,1702201392482,2550,0.2582
BAKEUSDT,SELL,LIMIT,1702201455186,277,0.2581
BAKEUSDT,SELL,LIMIT,1702201470118,288,0.2579
BAKEUSDT,SELL,LIMIT,1702201526213,4791,0.2578
BAKEUSDT,SELL,LIMIT,1702201527306,17547,0.2570
BAKEUSDT,SELL,LIMIT,1702201528560,400,0.2563
BAKEUSDT,SELL,LIMIT,1702201529565,500,0.2560
BAKEUSDT,SELL,LIMIT,1702201531667,3342,0.2559
BAKEUSDT,SELL,LIMIT,1702201773742,17089,0.2561
BAKEUSDT,SELL,LIMIT,1702202075506,11703,0.2567
BAKEUSDT,SELL,LIMIT,1702202158592,524,0.2560
BAKEUSDT,SELL,LIMIT,1702202242089,1067,0.2556
BAKEUSDT,SELL,LIMIT,1702202243643,1328,0.2554
BAKEUSDT,SELL,LIMIT,1702202245073,339,0.2554
BAKEUSDT,SELL,LIMIT,1702202248553,30,0.2553
BAKEUSDT,SELL,LIMIT,1702202272070,818,0.2551
BAKEUSDT,SELL,LIMIT,1702202273223,18967,0.2554
BAKEUSDT,SELL,LIMIT,1702202275282,4657,0.2549
BAKEUSDT,SELL,LIMIT,1702202276297,1241,0.2550
BAKEUSDT,SELL,LIMIT,1702202277856,1932,0.2540
BAKEUSDT,SELL,LIMIT,1702202289478,1225,0.2545
BAKEUSDT,SELL,LIMIT,1702202291623,196,0.2545
BAKEUSDT,SELL,LIMIT,1702202294132,52,0.2546
BAKEUSDT,SELL,LIMIT,1702202323252,24,0.2550
BAKEUSDT,SELL,LIMIT,1702202324876,5277,0.2548
BAKEUSDT,SELL,LIMIT,1702202373555,1492,0.2548
BAKEUSDT,SELL,LIMIT,1702202380319,100,0.2539
BAKEUSDT,SELL,LIMIT,1702202382289,2710,0.2540
BAKEUSDT,SELL,LIMIT,1702202395905,4559,0.2542
BAKEUSDT,BUY,LIMIT,1702202539232,1544,0.2637
BAKEUSDT,BUY,LIMIT,1702202551745,360,0.2643
BAKEUSDT,BUY,LIMIT,1702203186218,9491,0.2657
BAKEUSDT,BUY,LIMIT,1702203253121,454,0.2663
BAKEUSDT,BUY,LIMIT,1702203651079,1008,0.2668
BAKEUSDT,BUY,LIMIT,1702203719952,1020,0.2674
BAKEUSDT,SELL,LIMIT,1702204039007,54,0.2603
BAKEUSDT,BUY,LIMIT,1702204393929,92,0.2698
BAKEUSDT,SELL,LIMIT,1702205158502,14986,0.2625
BAKEUSDT,BUY,LIMIT,1702205563266,6372,0.2720
BAKEUSDT,SELL,LIMIT,1702205801863,9304,0.2635
BAKEUSDT,SELL,LIMIT,1702206029055,4791,0.2628
BAKEUSDT,SELL,LIMIT,1702206030134,266,0.2630
BAKEUSDT,SELL,LIMIT,1702206166383,178,0.2626
BAKEUSDT,SELL,LIMIT,1702207027444,907,0.2622
BAKEUSDT,SELL,LIMIT,1702207346471,292,0.2619
BAKEUSDT,BUY,LIMIT,1702207528694,22,0.2703
BAKEUSDT,SELL,LIMIT,1702207838306,187,0.2609
BAKEUSDT,BUY,LIMIT,1702208365184,350,0.2701
BAKEUSDT,SELL,LIMIT,1702208601239,3020,0.2602
BAKEUSDT,SELL,LIMIT,1702208738666,1411,0.2598
BAKEUSDT,SELL,LIMIT,1702208746728,948,0.2596
BAKEUSDT,SELL,LIMIT,1702208803412,46,0.2595
BAKEUSDT,SELL,LIMIT,1702208804442,378,0.2592
BAKEUSDT,SELL,LIMIT,1702208837159,594,0.2587
BAKEUSDT,BUY,LIMIT,1702209791485,18825,0.2707
BAKEUSDT,BUY,LIMIT,1702209803822,184,0.2714
BAKEUSDT,BUY,LIMIT,1702209820598,4294,0.2718
BAKEUSDT,BUY,LIMIT,1702209828672,302,0.2721
BAKEUSDT,SELL,LIMIT,1702210797832,286,0.2622
BAKEUSDT,SELL,LIMIT,1702210860505,3685,0.2620
BAKEUSDT,SELL,LIMIT,1702210862109,72,0.2618
BAKEUSDT,BUY,LIMIT,1702211846730,475,0.2714
BAKEUSDT,BUY,LIMIT,1702211888643,38,0.2724
BAKEUSDT,BUY,LIMIT,1702212304658,5662,0.2725
BAKEUSDT,BUY,LIMIT,1702212609246,1160,0.2735
BAKEUSDT,BUY,LIMIT,1702212610551,860,0.2738
BAKEUSDT,BUY,LIMIT,1702213062137,72,0.2742
BAKEUSDT,BUY,LIMIT,1702213082602,16561,0.2746
BAKEUSDT,SELL,LIMIT,1702213275188,18454,0.2652
BAKEUSDT,SELL,LIMIT,1702213276200,6354,0.2652
BAKEUSDT,SELL,LIMIT,1702213291618,9248,0.2651
BAKEUSDT,SELL,LIMIT,1702213351041,213,0.2649
BAKEUSDT,BUY,LIMIT,1702213958707,38,0.2750
BAKEUSDT,BUY,LIMIT,1702214038635,898,0.2751
BAKEUSDT,BUY,LIMIT,1702214308280,182,0.2752
BAKEUSDT,BUY,LIMIT,1702214318197,702,0.2754
BAKEUSDT,BUY,LIMIT,1702214339408,323,0.2757
BAKEUSDT,BUY,LIMIT,1702214340458,2797,0.2757
BAKEUSDT,BUY,LIMIT,1702214349244,345,0.2760
BAKEUSDT,SELL,LIMIT,1702214675745,32,0.2665
BAKEUSDT,SELL,LIMIT,1702214782160,365,0.2648
BAKEUSDT,SELL,LIMIT,1702214801837,959,0.2648
BAKEUSDT,SELL,LIMIT,1702214818174,14519,0.2644
BAKEUSDT,SELL,LIMIT,1702214819297,643,0.2641
BAKEUSDT,BUY,LIMIT,1702216023111,62,0.2742
BAKEUSDT,SELL,LIMIT,1702216531775,247,0.2643
BAKEUSDT,BUY,LIMIT,1702217589878,7656,0.2743
BAKEUSDT,BUY,LIMIT,1702217937458,578,0.2757
BAKEUSDT,BUY,LIMIT,1702217960423,210,0.2760
BAKEUSDT,BUY,LIMIT,1702218131400,210,0.2771
BAKEUSDT,BUY,LIMIT,1702218138087,2350,0.2775
BAKEUSDT,BUY,LIMIT,1702218145682,2662,0.2777
BAKEUSDT,BUY,LIMIT,1702218157390,49,0.2778
BAKEUSDT,BUY,LIMIT,1702218158444,8612,0.2780
BAKEUSDT,BUY,LIMIT,1702218167390,126,0.2785
BAKEUSDT,BUY,LIMIT,1702218173016,146,0.2785
BAKEUSDT,SELL,LIMIT,1702218335570,84,0.2721
BAKEUSDT,BUY,LIMIT,1702218925311,2155,0.2786
BAKEUSDT,BUY,LIMIT,1702218929110,51,0.2788
BAKEUSDT,BUY,LIMIT,1702218930583,6277,0.2787
BAKEUSDT,BUY,LIMIT,1702218941404,1526,0.2791
BAKEUSDT,BUY,LIMIT,1702218943282,8261,0.2793
BAKEUSDT,BUY,LIMIT,1702218949398,177,0.2795
BAKEUSDT,BUY,LIMIT,1702218960956,2783,0.2798
BAKEUSDT,BUY,LIMIT,1702218995000,228,0.2799
BAKEUSDT,BUY,LIMIT,1702219001189,20,0.2801
BAKEUSDT,SELL,LIMIT,1702219082289,7329,0.2712
BAKEUSDT,SELL,LIMIT,1702219091477,637,0.2709
BAKEUSDT,SELL,LIMIT,1702219154276,2649,0.2699
BAKEUSDT,BUY,LIMIT,1702219483076,294,0.2798
BAKEUSDT,SELL,LIMIT,1702219624239,5077,0.2696
BAKEUSDT,SELL,LIMIT,1702219625605,5954,0.2697
BAKEUSDT,SELL,LIMIT,1702219649356,4749,0.2694
BAKEUSDT,SELL,LIMIT,1702219689160,50,0.2688
BAKEUSDT,SELL,LIMIT,1702219692119,25,0.2682
BAKEUSDT,SELL,LIMIT,1702219693182,135,0.2686
BAKEUSDT,SELL,LIMIT,1702219694926,34,0.2678
BAKEUSDT,SELL,LIMIT,1702219698143,5401,0.2677
BAKEUSDT,SELL,LIMIT,1702219702457,1161,0.2676
BAKEUSDT,BUY,LIMIT,1702220074981,51,0.2773
BAKEUSDT,BUY,LIMIT,1702220711562,118,0.2789
BAKEUSDT,SELL,LIMIT,1702220910874,1390,0.2694
BAKEUSDT,BUY,LIMIT,1702221494191,6676,0.2801
BAKEUSDT,BUY,LIMIT,1702221528821,200,0.2804
BAKEUSDT,BUY,LIMIT,1702221598853,192,0.2808
BAKEUSDT,BUY,LIMIT,1702221733930,135,0.2812
BAKEUSDT,BUY,LIMIT,1702221741448,810,0.2813
BAKEUSDT,BUY,LIMIT,1702222056534,10295,0.2823
BAKEUSDT,SELL,LIMIT,1702222205214,147,0.2731
BAKEUSDT,SELL,LIMIT,1702222249669,1757,0.2728
BAKEUSDT,SELL,LIMIT,1702222254409,71,0.2727
BAKEUSDT,SELL,LIMIT,1702222321577,67,0.2716
BAKEUSDT,SELL,LIMIT,1702222426999,23,0.2713
BAKEUSDT,SELL,LIMIT,1702222480292,2729,0.2711
BAKEUSDT,SELL,LIMIT,1702222484470,534,0.2708
BAKEUSDT,SELL,LIMIT,1702222509218,10841,0.2707
BAKEUSDT,SELL,LIMIT,1702222616793,71,0.2705
BAKEUSDT,SELL,LIMIT,1702222622319,408,0.2704
BAKEUSDT,SELL,LIMIT,1702222666152,939,0.2693
BAKEUSDT,SELL,LIMIT,1702222667451,3312,0.2695
BAKEUSDT,SELL,LIMIT,1702223256588,72,0.2687
BAKEUSDT,SELL,LIMIT,1702223266181,183,0.2684
BAKEUSDT,SELL,LIMIT,1702223388656,24,0.2682
BAKEUSDT,SELL,LIMIT,1702223631310,4770,0.2676
BAKEUSDT,SELL,LIMIT,1702223657378,2347,0.2675
BAKEUSDT,SELL,LIMIT,1702223669554,53,0.2674
BAKEUSDT,SELL,LIMIT,1702223895540,299,0.2694
BAKEUSDT,BUY,LIMIT,1702224008628,929,0.2771
BAKEUSDT,BUY,LIMIT,1702224042769,134,0.2776
BAKEUSDT,BUY,LIMIT,1702224108796,33,0.2781
BAKEUSDT,SELL,LIMIT,1702224244802,69,0.2684
BAKEUSDT,SELL,LIMIT,1702224268125,1752,0.2683
BAKEUSDT,SELL,LIMIT,1702224277787,5563,0.2681
BAKEUSDT,SELL,LIMIT,1702224349999,233,0.2673
BAKEUSDT,SELL,LIMIT,1702224352137,87,0.2671
BAKEUSDT,SELL,LIMIT,1702224353167,201,0.2670
BAKEUSDT,SELL,LIMIT,1702224391065,1506,0.2656
BAKEUSDT,SELL,LIMIT,1702224392219,1947,0.2664
BAKEUSDT,SELL,LIMIT,1702224425185,66,0.2646
BAKEUSDT,SELL,LIMIT,1702224426577,385,0.2646
BAKEUSDT,SELL,LIMIT,1702224438477,879,0.2635
BAKEUSDT,SELL,LIMIT,1702224439684,2240,0.2634
BAKEUSDT,SELL,LIMIT,1702224452834,379,0.2635
BAKEUSDT,SELL,LIMIT,1702224524277,1234,0.2633
BAKEUSDT,SELL,LIMIT,1702224525475,438,0.2632
BAKEUSDT,SELL,LIMIT,1702224527172,9090,0.2629
BAKEUSDT,SELL,LIMIT,1702224656090,383,0.2626
BAKEUSDT,SELL,LIMIT,1702224662931,129,0.2626
BAKEUSDT,SELL,LIMIT,1702225079312,3683,0.2634
BAKEUSDT,SELL,LIMIT,1702225584080,457,0.2629
BAKEUSDT,SELL,LIMIT,1702225585140,187,0.2629
BAKEUSDT,SELL,LIMIT,1702225587518,136,0.2628
BAKEUSDT,SELL,LIMIT,1702225588629,287,0.2627
BAKEUSDT,SELL,LIMIT,1702225591105,4427,0.2623
BAKEUSDT,SELL,LIMIT,1702225592127,20,0.2620
BAKEUSDT,BUY,LIMIT,1702225926600,18775,0.2721
BAKEUSDT,BUY,LIMIT,1702225934295,263,0.2724
BAKEUSDT,SELL,LIMIT,1702226045606,92,0.2633
BAKEUSDT,BUY,LIMIT,1702226321519,272,0.2715
BAKEUSDT,BUY,LIMIT,1702226675919,18719,0.2723
BAKEUSDT,BUY,LIMIT,1702226818499,162,0.2725
BAKEUSDT,SELL,LIMIT,1702226839558,215,0.2628
BAKEUSDT,SELL,LIMIT,1702226851139,39,0.2625
BAKEUSDT,SELL,LIMIT,1702226890704,156,0.2623
BAKEUSDT,SELL,LIMIT,1702226899181,10789,0.2619
BAKEUSDT,SELL,LIMIT,1702226903320,2914,0.2616
BAKEUSDT,SELL,LIMIT,1702226905074,3718,0.2615
BAKEUSDT,SELL,LIMIT,1702226906354,15356,0.2613
BAKEUSDT,SELL,LIMIT,1702226923298,35,0.2612
BAKEUSDT,SELL,LIMIT,1702226930387,1086,0.2610
BAKEUSDT,SELL,LIMIT,1702226931696,1970,0.2609
BAKEUSDT,SELL,LIMIT,1702226933067,1466,0.2604
BAKEUSDT,SELL,LIMIT,1702226934431,1847,0.2605
BAKEUSDT,BUY,LIMIT,1702227464429,2784,0.2701
BAKEUSDT,BUY,LIMIT,1702227465624,15442,0.2704
BAKEUSDT,SELL,LIMIT,1702230172105,18492,0.2619
BAKEUSDT,SELL,LIMIT,1702230282610,36,0.2644
BAKEUSDT,BUY,LIMIT,1702230797731,98,0.2714
BAKEUSDT,BUY,LIMIT,1702231375856,1102,0.2717
BAKEUSDT,SELL,LIMIT,1702232409371,226,0.2621
BAKEUSDT,BUY,LIMIT,1702233155241,857,0.2700
BAKEUSDT,SELL,LIMIT,1702238269769,6229,0.2625
BAKEUSDT,SELL,LIMIT,1702238688023,1388,0.2625
BAKEUSDT,SELL,LIMIT,1702238791861,659,0.2617
BAKEUSDT,BUY,LIMIT,1702239670750,206,0.2712
BAKEUSDT,BUY,LIMIT,1702239838533,207,0.2716
BAKEUSDT,SELL,LIMIT,1702240177255,480,0.2633
BAKEUSDT,BUY,LIMIT,1702240178967,267,0.2706
BAKEUSDT,BUY,LIMIT,1702240567247,1874,0.2715
BAKEUSDT,BUY,LIMIT,1702240613804,15374,0.2711
BAKEUSDT,BUY,LIMIT,1702240761505,784,0.2717
BAKEUSDT,BUY,LIMIT,1702240764155,375,0.2719
BAKEUSDT,BUY,LIMIT,1702241322437,621,0.2728
BAKEUSDT,BUY,LIMIT,1702241395572,63,0.2731
BAKEUSDT,SELL,LIMIT,1702242208652,405,0.2637
BAKEUSDT,BUY,LIMIT,1702242691635,300,0.2707
BAKEUSDT,SELL,LIMIT,1702242737147,620,0.2632
BAKEUSDT,SELL,LIMIT,1702242771918,179,0.2626
BAKEUSDT,SELL,LIMIT,1702242814538,456,0.2623
BAKEUSDT,SELL,LIMIT,1702243687362,135,0.2614
BAKEUSDT,SELL,LIMIT,1702243688720,24,0.2613
BAKEUSDT,SELL,LIMIT,1702243690313,376,0.2610
BAKEUSDT,SELL,LIMIT,1702243691335,68,0.2610
BAKEUSDT,SELL,LIMIT,1702243692575,61,0.2606
BAKEUSDT,BUY,LIMIT,1702244719186,13150,0.2706
BAKEUSDT,SELL,LIMIT,1702245710941,600,0.2609
BAKEUSDT,SELL,LIMIT,1702246675708,67,0.2607
BAKEUSDT,SELL,LIMIT,1702246728596,20,0.2605
BAKEUSDT,SELL,LIMIT,1702246800249,26,0.2603
BAKEUSDT,SELL,LIMIT,1702246801252,15205,0.2603
BAKEUSDT,SELL,LIMIT,1702246803614,2892,0.2599
BAKEUSDT,SELL,LIMIT,1702248115181,363,0.2598
BAKEUSDT,SELL,LIMIT,1702248117265,115,0.2596
BAKEUSDT,SELL,LIMIT,1702248263118,1029,0.2592
BAKEUSDT,SELL,LIMIT,1702248264149,13761,0.2591
BAKEUSDT,SELL,LIMIT,1702250101344,768,0.2591
BAKEUSDT,SELL,LIMIT,1702250107098,10000,0.2589
BAKEUSDT,SELL,LIMIT,1702250108406,954,0.2589
BAKEUSDT,SELL,LIMIT,1702250110435,6737,0.2585
BAKEUSDT,SELL,LIMIT,1702250160583,21,0.2584
BAKEUSDT,SELL,LIMIT,1702250251521,40,0.2583
BAKEUSDT,SELL,LIMIT,1702250284526,6993,0.2581
BAKEUSDT,SELL,LIMIT,1702250292573,43,0.2580
BAKEUSDT,SELL,LIMIT,1702250300184,162,0.2577
BAKEUSDT,SELL,LIMIT,1702250302270,67,0.2578
BAKEUSDT,BUY,LIMIT,1702250811316,53,0.2672
BAKEUSDT,SELL,LIMIT,1702250984152,2056,0.2578
BAKEUSDT,BUY,LIMIT,1702251737524,9820,0.2671
BAKEUSDT,SELL,LIMIT,1702253909151,26790,0.2567
BAKEUSDT,SELL,LIMIT,1702254053536,4546,0.2573
BAKEUSDT,SELL,LIMIT,1702254054578,19,0.2571
BAKEUSDT,SELL,LIMIT,1702254065179,1507,0.2569
BAKEUSDT,SELL,LIMIT,1702254650441,1500,0.2604
BAKEUSDT,SELL,LIMIT,1702255582137,10123,0.2587
BAKEUSDT,SELL,LIMIT,1702255928728,41,0.2583
BAKEUSDT,SELL,LIMIT,1702256169028,543,0.2577
BAKEUSDT,SELL,LIMIT,1702256496040,14003,0.2570
BAKEUSDT,SELL,LIMIT,1702256606033,13,0.2567
BAKEUSDT,SELL,LIMIT,1702256607391,152,0.2565
BAKEUSDT,SELL,LIMIT,1702256608969,1978,0.2561
BAKEUSDT,SELL,LIMIT,1702256610545,2306,0.2555
BAKEUSDT,SELL,LIMIT,1702256612747,4361,0.2556
BAKEUSDT,SELL,LIMIT,1702256614759,1168,0.2556
BAKEUSDT,SELL,LIMIT,1702256616264,29,0.2555
BAKEUSDT,SELL,LIMIT,1702256620301,371,0.2554
BAKEUSDT,SELL,LIMIT,1702256692253,536,0.2555
BAKEUSDT,SELL,LIMIT,1702256716311,33,0.2554
BAKEUSDT,SELL,LIMIT,1702256726384,18512,0.2554
BAKEUSDT,SELL,LIMIT,1702256907745,17977,0.2558
BAKEUSDT,SELL,LIMIT,1702256915484,46849,0.2537
BAKEUSDT,SELL,LIMIT,1702256916801,20602,0.2550
BAKEUSDT,SELL,LIMIT,1702256918390,1131,0.2551
BAKEUSDT,SELL,LIMIT,1702256919554,44,0.2548
BAKEUSDT,SELL,LIMIT,1702256920578,16759,0.2545
BAKEUSDT,SELL,LIMIT,1702256922453,1706,0.2545
BAKEUSDT,SELL,LIMIT,1702256923738,17644,0.2543
BAKEUSDT,SELL,LIMIT,1702256928319,4925,0.2541
BAKEUSDT,SELL,LIMIT,1702256996220,67,0.2540
BAKEUSDT,SELL,LIMIT,1702256999318,453,0.2540
BAKEUSDT,SELL,LIMIT,1702257004238,4659,0.2539
BAKEUSDT,SELL,LIMIT,1702257005535,41,0.2538
BAKEUSDT,SELL,LIMIT,1702257007531,1202,0.2535
BAKEUSDT,SELL,LIMIT,1702257009217,2226,0.2534
BAKEUSDT,BUY,LIMIT,1702258303136,206,0.2652
BAKEUSDT,BUY,LIMIT,1702258888976,237,0.2673
BAKEUSDT,BUY,LIMIT,1702258892337,380,0.2676
BAKEUSDT,BUY,LIMIT,1702258946522,996,0.2681
BAKEUSDT,BUY,LIMIT,1702259061447,632,0.2682
BAKEUSDT,BUY,LIMIT,1702259410335,111,0.2682
BAKEUSDT,SELL,LIMIT,1702260326855,18588,0.2582
BAKEUSDT,SELL,LIMIT,1702260430638,591,0.2568
BAKEUSDT,SELL,LIMIT,1702260442630,975,0.2559
BAKEUSDT,SELL,LIMIT,1702260443795,6139,0.2556
BAKEUSDT,SELL,LIMIT,1702260468213,17950,0.2541
BAKEUSDT,SELL,LIMIT,1702260484851,12278,0.2545
BAKEUSDT,SELL,LIMIT,1702260616146,300,0.2540
BAKEUSDT,SELL,LIMIT,1702260618351,18618,0.2539
BAKEUSDT,SELL,LIMIT,1702260626728,1532,0.2538
BAKEUSDT,SELL,LIMIT,1702260627823,18824,0.2536
BAKEUSDT,SELL,LIMIT,1702260630228,134,0.2533
BAKEUSDT,SELL,LIMIT,1702260631520,2973,0.2531
BAKEUSDT,SELL,LIMIT,1702260632549,29091,0.2519
BAKEUSDT,SELL,LIMIT,1702260633603,53011,0.2514
BAKEUSDT,SELL,LIMIT,1702260634687,10921,0.2528
BAKEUSDT,SELL,LIMIT,1702260636175,118,0.2523
BAKEUSDT,SELL,LIMIT,1702260637279,81,0.2521
BAKEUSDT,SELL,LIMIT,1702260639765,377,0.2517
BAKEUSDT,SELL,LIMIT,1702260667137,2576,0.2517
BAKEUSDT,SELL,LIMIT,1702260687388,2202,0.2527
BAKEUSDT,SELL,LIMIT,1702260690154,1652,0.2525
BAKEUSDT,SELL,LIMIT,1702260695647,27,0.2517
BAKEUSDT,SELL,LIMIT,1702260696759,6937,0.2516
BAKEUSDT,SELL,LIMIT,1702260697882,176,0.2515
BAKEUSDT,SELL,LIMIT,1702260699261,4153,0.2513
BAKEUSDT,SELL,LIMIT,1702260700423,2526,0.2513
BAKEUSDT,SELL,LIMIT,1702260701447,319,0.2505
BAKEUSDT,SELL,LIMIT,1702260702450,826,0.2510
BAKEUSDT,SELL,LIMIT,1702260707672,2226,0.2506
BAKEUSDT,SELL,LIMIT,1702260708914,9016,0.2501
BAKEUSDT,SELL,LIMIT,1702260709920,14981,0.2502
BAKEUSDT,SELL,LIMIT,1702260710923,122,0.2496
BAKEUSDT,SELL,LIMIT,1702260712142,1449,0.2494
BAKEUSDT,SELL,LIMIT,1702260713226,1454,0.2489
BAKEUSDT,SELL,LIMIT,1702260714235,3164,0.2487
BAKEUSDT,SELL,LIMIT,1702260716806,21,0.2481
BAKEUSDT,SELL,LIMIT,1702260717853,17164,0.2484
BAKEUSDT,SELL,LIMIT,1702260718963,150,0.2472
BAKEUSDT,SELL,LIMIT,1702260720054,700,0.2471
BAKEUSDT,SELL,LIMIT,1702260721231,208,0.2466
BAKEUSDT,SELL,LIMIT,1702260722346,8159,0.2489
BAKEUSDT,SELL,LIMIT,1702260723552,20,0.2458
BAKEUSDT,SELL,LIMIT,1702260724556,28527,0.2446
BAKEUSDT,SELL,LIMIT,1702260725550,60,0.2451
BAKEUSDT,SELL,LIMIT,1702260726590,11000,0.2441
BAKEUSDT,SELL,LIMIT,1702260727988,180,0.2442
BAKEUSDT,SELL,LIMIT,1702260729113,6637,0.2434
BAKEUSDT,SELL,LIMIT,1702260730142,1225,0.2433
BAKEUSDT,SELL,LIMIT,1702260731324,144,0.2430
BAKEUSDT,SELL,LIMIT,1702260732583,7823,0.2424
BAKEUSDT,SELL,LIMIT,1702260733632,2318,0.2423
BAKEUSDT,SELL,LIMIT,1702260735337,74881,0.2406
BAKEUSDT,SELL,LIMIT,1702260736584,9185,0.2421
BAKEUSDT,SELL,LIMIT,1702260737930,143,0.2421
BAKEUSDT,SELL,LIMIT,1702260739164,6000,0.2417
BAKEUSDT,SELL,LIMIT,1702260740197,1573,0.2417
BAKEUSDT,SELL,LIMIT,1702260741605,39313,0.2402
BAKEUSDT,SELL,LIMIT,1702260742658,893,0.2412
BAKEUSDT,SELL,LIMIT,1702260743706,850,0.2404
BAKEUSDT,SELL,LIMIT,1702260744814,16256,0.2412
BAKEUSDT,SELL,LIMIT,1702260745849,294,0.2404
BAKEUSDT,SELL,LIMIT,1702260746866,1118,0.2404
BAKEUSDT,SELL,LIMIT,1702260747869,16852,0.2427
BAKEUSDT,SELL,LIMIT,1702260748973,22,0.2396
BAKEUSDT,SELL,LIMIT,1702260750051,336,0.2394
BAKEUSDT,SELL,LIMIT,1702260751466,911,0.2388
BAKEUSDT,SELL,LIMIT,1702260752622,22345,0.2559
BAKEUSDT,SELL,LIMIT,1702260753726,91858,0.2374
BAKEUSDT,SELL,LIMIT,1702260755382,16424,0.2397
BAKEUSDT,SELL,LIMIT,1702260756492,1588,0.2387
BAKEUSDT,SELL,LIMIT,1702260757534,278,0.2387
BAKEUSDT,SELL,LIMIT,1702260758570,8361,0.2380
BAKEUSDT,SELL,LIMIT,1702260759659,1561,0.2373
BAKEUSDT,SELL,LIMIT,1702260760658,1648,0.2380
BAKEUSDT,SELL,LIMIT,1702260761691,7000,0.2372
BAKEUSDT,SELL,LIMIT,1702260762692,12936,0.2365
BAKEUSDT,SELL,LIMIT,1702260763794,348,0.2363
BAKEUSDT,SELL,LIMIT,1702260764833,154,0.2366
BAKEUSDT,SELL,LIMIT,1702260766139,275,0.2365
BAKEUSDT,SELL,LIMIT,1702260767153,8371,0.2351
BAKEUSDT,SELL,LIMIT,1702260768188,7700,0.2347
BAKEUSDT,SELL,LIMIT,1702260769400,697,0.2347
BAKEUSDT,SELL,LIMIT,1702260770423,7184,0.2358
BAKEUSDT,SELL,LIMIT,1702260771519,38,0.2347
BAKEUSDT,SELL,LIMIT,1702260772499,175,0.2338
BAKEUSDT,SELL,LIMIT,1702260773729,114,0.2342
BAKEUSDT,SELL,LIMIT,1702260774801,1512,0.2331
BAKEUSDT,SELL,LIMIT,1702260775802,21,0.2330
BAKEUSDT,SELL,LIMIT,1702260776848,44,0.2323
BAKEUSDT,SELL,LIMIT,1702260777850,1100,0.2318
BAKEUSDT,SELL,LIMIT,1702260779061,4825,0.2318
BAKEUSDT,SELL,LIMIT,1702260780382,37037,0.2300
BAKEUSDT,SELL,LIMIT,1702260781419,1808,0.2307
BAKEUSDT,SELL,LIMIT,1702260782426,1255,0.2297
BAKEUSDT,SELL,LIMIT,1702260783413,1660,0.2306
BAKEUSDT,SELL,LIMIT,1702260784486,2023,0.2292
BAKEUSDT,SELL,LIMIT,1702260785686,378,0.2285
BAKEUSDT,SELL,LIMIT,1702260786702,4559,0.2285
BAKEUSDT,SELL,LIMIT,1702260787736,149,0.2281
BAKEUSDT,SELL,LIMIT,1702260788874,4009,0.2276
BAKEUSDT,SELL,LIMIT,1702260789877,71,0.2258
BAKEUSDT,SELL,LIMIT,1702260791033,408,0.2258
BAKEUSDT,SELL,LIMIT,1702260792206,76998,0.2230
BAKEUSDT,SELL,LIMIT,1702260793387,130,0.2226
BAKEUSDT,SELL,LIMIT,1702260794419,624,0.2225
BAKEUSDT,SELL,LIMIT,1702260795564,79,0.2240
BAKEUSDT,SELL,LIMIT,1702260796612,846,0.2228
BAKEUSDT,SELL,LIMIT,1702260797758,1645,0.2226
BAKEUSDT,SELL,LIMIT,1702260798972,2004,0.2226
BAKEUSDT,SELL,LIMIT,1702260799980,123191,0.2196
BAKEUSDT,SELL,LIMIT,1702260801070,67,0.2201
BAKEUSDT,SELL,LIMIT,1702260802085,14138,0.2193
BAKEUSDT,SELL,LIMIT,1702260803182,4374,0.2167
BAKEUSDT,SELL,LIMIT,1702260804294,186,0.2148
BAKEUSDT,SELL,LIMIT,1702260805293,6547,0.2143
BAKEUSDT,SELL,LIMIT,1702260806353,400,0.2147
BAKEUSDT,BUY,LIMIT,1702260807365,55,0.1916
BAKEUSDT,SELL,LIMIT,1702260808416,948,0.2140
BAKEUSDT,SELL,LIMIT,1702260809531,3156,0.2143
BAKEUSDT,SELL,LIMIT,1702260810547,48560,0.2129
BAKEUSDT,SELL,LIMIT,1702260811556,20250,0.2131
BAKEUSDT,SELL,LIMIT,1702260812843,70176,0.2108
BAKEUSDT,SELL,LIMIT,1702260813855,1733,0.2119
BAKEUSDT,SELL,LIMIT,1702260815122,74,0.2127
BAKEUSDT,SELL,LIMIT,1702260816134,4071,0.2117
BAKEUSDT,SELL,LIMIT,1702260817140,84,0.2099
BAKEUSDT,SELL,LIMIT,1702260818323,444,0.2111
BAKEUSDT,SELL,LIMIT,1702260819621,4622,0.2101
BAKEUSDT,BUY,LIMIT,1702260821397,1187,0.2175
BAKEUSDT,BUY,LIMIT,1702260822562,61502,0.2240
BAKEUSDT,BUY,LIMIT,1702260823592,806,0.2240
BAKEUSDT,SELL,LIMIT,1702260831807,678,0.2193
BAKEUSDT,BUY,LIMIT,1702260836753,416,0.2289
BAKEUSDT,BUY,LIMIT,1702260840393,147,0.2295
BAKEUSDT,SELL,LIMIT,1702260842825,4645,0.2235
BAKEUSDT,BUY,LIMIT,1702260845161,6758,0.2319
BAKEUSDT,BUY,LIMIT,1702260853109,14310,0.2325
BAKEUSDT,BUY,LIMIT,1702260861356,37,0.2347
BAKEUSDT,BUY,LIMIT,1702260864782,1871,0.2357
BAKEUSDT,BUY,LIMIT,1702260874336,100,0.2364
BAKEUSDT,BUY,LIMIT,1702260876726,6,0.2367
BAKEUSDT,SELL,LIMIT,1702260977033,15901,0.2334
BAKEUSDT,SELL,LIMIT,1702260981150,8510,0.2322
BAKEUSDT,SELL,LIMIT,1702260984156,10720,0.2321
BAKEUSDT,SELL,LIMIT,1702260985198,26,0.2318
BAKEUSDT,BUY,LIMIT,1702261058913,9075,0.2432
BAKEUSDT,BUY,LIMIT,1702261312433,2327,0.2445
BAKEUSDT,SELL,LIMIT,1702261435252,1015,0.2415
BAKEUSDT,SELL,LIMIT,1702261482299,141,0.2364
BAKEUSDT,SELL,LIMIT,1702261483537,15507,0.2367
BAKEUSDT,SELL,LIMIT,1702261547151,2414,0.2353
BAKEUSDT,SELL,LIMIT,1702261549378,4161,0.2352
BAKEUSDT,SELL,LIMIT,1702261579002,115,0.2349
BAKEUSDT,SELL,LIMIT,1702261590316,1250,0.2322
BAKEUSDT,SELL,LIMIT,1702261599619,21440,0.2328
BAKEUSDT,BUY,LIMIT,1702261830852,1902,0.2431
BAKEUSDT,SELL,LIMIT,1702261948650,57,0.2347
BAKEUSDT,SELL,LIMIT,1702261974701,3094,0.2344
BAKEUSDT,SELL,LIMIT,1702262173113,363,0.2348
BAKEUSDT,SELL,LIMIT,1702262354225,2240,0.2328
BAKEUSDT,SELL,LIMIT,1702262611470,665,0.2323
BAKEUSDT,SELL,LIMIT,1702262615562,494,0.2320
BAKEUSDT,SELL,LIMIT,1702262627557,20938,0.2316
BAKEUSDT,SELL,LIMIT,1702262632312,647,0.2314
BAKEUSDT,SELL,LIMIT,1702262780549,992,0.2314
BAKEUSDT,SELL,LIMIT,1702262846966,426,0.2305
BAKEUSDT,SELL,LIMIT,1702262848814,5108,0.2300
BAKEUSDT,SELL,LIMIT,1702262873708,224,0.2299
BAKEUSDT,BUY,LIMIT,1702263156380,24,0.2397
BAKEUSDT,SELL,LIMIT,1702263390404,215,0.2332
BAKEUSDT,BUY,LIMIT,1702263628172,41,0.2420
BAKEUSDT,BUY,LIMIT,1702263994064,2133,0.2428
BAKEUSDT,BUY,LIMIT,1702265696035,10000,0.2468
BAKEUSDT,BUY,LIMIT,1702265926135,495,0.2475
BAKEUSDT,BUY,LIMIT,1702265939066,366,0.2499
BAKEUSDT,BUY,LIMIT,1702265947671,27,0.2511
BAKEUSDT,BUY,LIMIT,1702265960123,858,0.2547
BAKEUSDT,SELL,LIMIT,1702266036928,223,0.2452
BAKEUSDT,SELL,LIMIT,1702266062509,2651,0.2443
BAKEUSDT,SELL,LIMIT,1702266325890,391,0.2433
BAKEUSDT,SELL,LIMIT,1702267082918,1640,0.2501
BAKEUSDT,BUY,LIMIT,1702267661856,12234,0.2562
