Symbol,Side,Order Type,Time,Quantity,Price
BALUSDT,SELL,LIMIT,1701937356817,8.5,4.145
BALUSDT,SELL,LIMIT,1701940415773,6.1,4.211
BALUSDT,SELL,LIMIT,1701940556393,928.7,4.107
BALUSDT,SELL,LIMIT,1701940566087,47.0,4.099
BALUSDT,SELL,LIMIT,1701940569428,166.0,4.094
BALUSDT,SELL,LIMIT,1701940586750,510.1,4.085
BALUSDT,SELL,LIMIT,1701941154396,4.0,4.101
BALUSDT,SELL,LIMIT,1701941176281,1109.0,4.056
BALUSDT,SELL,LIMIT,1701941180460,117.3,4.054
BALUSDT,SELL,LIMIT,1701941182900,46.6,4.050
BALUSDT,SELL,LIMIT,1701941184448,133.2,4.047
BALUSDT,SELL,LIMIT,1701941186343,56.0,4.044
BALUSDT,SELL,LIMIT,1701941188490,58.7,4.038
BALUSDT,SELL,LIMIT,1701941189613,180.8,4.037
BALUSDT,SELL,LIMIT,1701941243061,46.4,4.035
BALUSDT,SELL,LIMIT,1701941245145,67.4,4.032
BALUSDT,SELL,LIMIT,1701941247114,46.3,4.032
BALUSDT,SELL,LIMIT,1701941256257,255.2,4.028
BALUSDT,BUY,LIMIT,1701966096596,8.9,4.357
BALUSDT,SELL,LIMIT,1701968240466,11.1,4.315
BALUSDT,SELL,LIMIT,1701977303937,29.5,4.207
BALUSDT,BUY,LIMIT,1702007154541,6.5,4.391
BALUSDT,BUY,LIMIT,1702007204073,12.6,4.393
BALUSDT,BUY,LIMIT,1702035271039,2.0,4.386
BALUSDT,SELL,LIMIT,1702050601131,21.8,4.271
BALUSDT,BUY,LIMIT,1702051501763,12.6,4.359
BALUSDT,SELL,LIMIT,1702056625692,118.1,4.251
BALUSDT,BUY,LIMIT,1702064195892,9.3,4.378
BALUSDT,BUY,LIMIT,1702068285726,6.5,4.417
BALUSDT,BUY,LIMIT,1702069371339,11.1,4.414
BALUSDT,BUY,LIMIT,1702071473319,8.1,4.419
BALUSDT,BUY,LIMIT,1702078882703,4.8,4.387
BALUSDT,BUY,LIMIT,1702080431566,6.7,4.424
BALUSDT,BUY,LIMIT,1702080965541,13.1,4.430
BALUSDT,BUY,LIMIT,1702082245304,4.0,4.450
BALUSDT,BUY,LIMIT,1702084803694,3.4,4.433
BALUSDT,BUY,LIMIT,1702092104190,19.1,4.461
BALUSDT,BUY,LIMIT,1702092580629,6.7,4.466
BALUSDT,BUY,LIMIT,1702095991937,3.4,4.459
BALUSDT,BUY,LIMIT,1702096471227,81.2,4.470
BALUSDT,BUY,LIMIT,1702096635375,5.6,4.474
BALUSDT,BUY,LIMIT,1702097878233,9.8,4.475
BALUSDT,BUY,LIMIT,1702099571198,4.0,4.460
BALUSDT,BUY,LIMIT,1702101698815,349.4,4.483
BALUSDT,BUY,LIMIT,1702103510370,9.8,4.490
BALUSDT,BUY,LIMIT,1702105732432,2.7,4.496
BALUSDT,BUY,LIMIT,1702106682993,38.6,4.513
BALUSDT,SELL,LIMIT,1702107150680,7.0,4.412
BALUSDT,BUY,LIMIT,1702107978163,9.7,4.507
BALUSDT,BUY,LIMIT,1702107991122,10.3,4.506
BALUSDT,BUY,LIMIT,1702109244834,24.8,4.529
BALUSDT,SELL,LIMIT,1702109748126,0.8,4.442
BALUSDT,BUY,LIMIT,1702110074647,102.2,4.543
BALUSDT,BUY,LIMIT,1702110979082,5.3,4.467
BALUSDT,SELL,LIMIT,1702111037177,396.9,4.362
BALUSDT,SELL,LIMIT,1702111382711,564.0,4.315
BALUSDT,SELL,LIMIT,1702111386281,53.0,4.316
BALUSDT,SELL,LIMIT,1702111387787,46.4,4.310
BALUSDT,SELL,LIMIT,1702111389577,821.2,4.295
BALUSDT,SELL,LIMIT,1702133001941,22.3,4.309
BALUSDT,SELL,LIMIT,1702139298298,4.6,4.302
BALUSDT,SELL,LIMIT,1702141692235,52.7,4.290
BALUSDT,SELL,LIMIT,1702141859804,11.0,4.266
BALUSDT,SELL,LIMIT,1702144884944,25.7,4.281
BALUSDT,SELL,LIMIT,1702153645431,5.9,4.303
BALUSDT,SELL,LIMIT,1702164529394,58.2,4.274
BALUSDT,SELL,LIMIT,1702164546259,14.4,4.263
BALUSDT,SELL,LIMIT,1702164750114,11.0,4.259
BALUSDT,SELL,LIMIT,1702164808242,1.2,4.239
BALUSDT,SELL,LIMIT,1702164809638,263.6,4.236
BALUSDT,SELL,LIMIT,1702201491710,1130.6,4.234
BALUSDT,SELL,LIMIT,1702201796355,1.3,4.229
BALUSDT,SELL,LIMIT,1702201980902,1.2,4.227
BALUSDT,SELL,LIMIT,1702202056436,54.6,4.220
BALUSDT,SELL,LIMIT,1702202267739,11.4,4.220
BALUSDT,SELL,LIMIT,1702202295752,5.9,4.209
BALUSDT,SELL,LIMIT,1702202318310,40.5,4.204
BALUSDT,SELL,LIMIT,1702202324064,23.3,4.200
BALUSDT,SELL,LIMIT,1702202371519,374.0,4.200
BALUSDT,SELL,LIMIT,1702202380131,40.5,4.193
BALUSDT,SELL,LIMIT,1702202396931,19.2,4.186
BALUSDT,SELL,LIMIT,1702254152541,3.8,4.518
BALUSDT,SELL,LIMIT,1702256606742,47.5,4.258
BALUSDT,SELL,LIMIT,1702256620300,45.1,4.250
BALUSDT,SELL,LIMIT,1702260443413,1195.6,4.208
BALUSDT,SELL,LIMIT,1702260633577,1142.0,4.198
BALUSDT,SELL,LIMIT,1702260637586,11.4,4.403
BALUSDT,SELL,LIMIT,1702260697145,395.8,4.173
BALUSDT,SELL,LIMIT,1702260708327,11.9,4.172
BALUSDT,SELL,LIMIT,1702260710029,63.7,4.164
BALUSDT,SELL,LIMIT,1702260711704,301.7,4.163
BALUSDT,SELL,LIMIT,1702260713256,1232.8,4.152
BALUSDT,SELL,LIMIT,1702260714415,0.6,4.157
BALUSDT,SELL,LIMIT,1702260715608,28.8,4.147
BALUSDT,SELL,LIMIT,1702260716805,1.2,4.147
BALUSDT,SELL,LIMIT,1702260718736,271.5,4.143
BALUSDT,SELL,LIMIT,1702260720647,46.4,4.139
BALUSDT,SELL,LIMIT,1702260722646,2362.3,4.103
BALUSDT,SELL,LIMIT,1702260725730,411.7,4.132
BALUSDT,SELL,LIMIT,1702260727605,942.6,4.145
BALUSDT,SELL,LIMIT,1702260728896,9.0,4.120
BALUSDT,SELL,LIMIT,1702260730701,60.8,4.118
BALUSDT,SELL,LIMIT,1702260732564,832.3,4.118
BALUSDT,SELL,LIMIT,1702260733809,34.2,4.113
BALUSDT,SELL,LIMIT,1702260735827,5.5,4.109
BALUSDT,SELL,LIMIT,1702260737415,17.0,4.110
BALUSDT,SELL,LIMIT,1702260738922,10.3,4.104
BALUSDT,SELL,LIMIT,1702260741795,444.9,4.091
BALUSDT,SELL,LIMIT,1702260743439,144.4,4.091
BALUSDT,SELL,LIMIT,1702260744591,257.2,4.089
BALUSDT,SELL,LIMIT,1702260745687,438.0,4.081
BALUSDT,SELL,LIMIT,1702260747632,139.5,4.075
BALUSDT,SELL,LIMIT,1702260748954,173.1,4.080
BALUSDT,SELL,LIMIT,1702260750051,36.6,4.073
BALUSDT,SELL,LIMIT,1702260752695,754.3,4.063
BALUSDT,SELL,LIMIT,1702260754032,46.7,4.051
BALUSDT,SELL,LIMIT,1702260756014,258.6,4.052
BALUSDT,SELL,LIMIT,1702260757433,30.0,4.037
BALUSDT,SELL,LIMIT,1702260758646,48.9,4.035
BALUSDT,BUY,LIMIT,1702260760081,0.7,4.113
BALUSDT,SELL,LIMIT,1702260761587,111.9,4.025
BALUSDT,SELL,LIMIT,1702260762596,1.2,4.005
BALUSDT,SELL,LIMIT,1702260763643,29.1,3.984
BALUSDT,SELL,LIMIT,1702260764721,22.6,3.976
BALUSDT,SELL,LIMIT,1702260765722,2.4,3.981
BALUSDT,SELL,LIMIT,1702260766715,2.4,3.959
BALUSDT,SELL,LIMIT,1702260767882,2.4,3.972
BALUSDT,SELL,LIMIT,1702260769106,34.2,3.972
BALUSDT,SELL,LIMIT,1702260770184,1088.8,3.912
BALUSDT,SELL,LIMIT,1702260771355,105.6,3.940
BALUSDT,SELL,LIMIT,1702260772507,22.2,4.131
BALUSDT,SELL,LIMIT,1702260774415,32.7,3.904
BALUSDT,SELL,LIMIT,1702260775480,2.4,3.870
BALUSDT,SELL,LIMIT,1702260776509,49.6,3.870
BALUSDT,SELL,LIMIT,1702260777658,15.8,3.865
BALUSDT,SELL,LIMIT,1702260778693,767.6,3.881
BALUSDT,SELL,LIMIT,1702260779908,5.6,3.868
BALUSDT,SELL,LIMIT,1702260781030,25.1,3.876
BALUSDT,SELL,LIMIT,1702260782039,2.4,3.858
BALUSDT,SELL,LIMIT,1702260783049,2.4,3.846
BALUSDT,SELL,LIMIT,1702260784177,46.5,3.824
BALUSDT,SELL,LIMIT,1702260785738,2670.5,3.773
BALUSDT,SELL,LIMIT,1702260786942,231.5,3.818
BALUSDT,SELL,LIMIT,1702260788161,359.6,3.818
BALUSDT,SELL,LIMIT,1702260789229,4.9,3.809
BALUSDT,SELL,LIMIT,1702260790466,24.3,3.807
BALUSDT,SELL,LIMIT,1702260791498,1245.6,3.813
BALUSDT,SELL,LIMIT,1702260793118,10.4,3.797
BALUSDT,SELL,LIMIT,1702260794181,172.5,3.802
BALUSDT,SELL,LIMIT,1702260796256,22.0,3.782
BALUSDT,SELL,LIMIT,1702260797487,7.8,3.780
BALUSDT,SELL,LIMIT,1702260798895,93.7,3.780
BALUSDT,SELL,LIMIT,1702260799904,658.9,3.747
BALUSDT,SELL,LIMIT,1702260801278,2.6,3.747
BALUSDT,BUY,LIMIT,1702260804146,39.6,3.450
BALUSDT,SELL,LIMIT,1702260805649,5686.8,3.734
BALUSDT,SELL,LIMIT,1702260807467,64.0,3.778
BALUSDT,SELL,LIMIT,1702260808561,23.9,3.780
BALUSDT,SELL,LIMIT,1702260809982,103.3,3.780
BALUSDT,SELL,LIMIT,1702260811480,180.4,3.752
BALUSDT,SELL,LIMIT,1702260812980,186.1,3.752
BALUSDT,SELL,LIMIT,1702260814160,65.9,3.756
BALUSDT,SELL,LIMIT,1702260816086,3076.9,3.706
BALUSDT,SELL,LIMIT,1702260817132,190.8,3.721
BALUSDT,SELL,LIMIT,1702260818280,1.2,3.712
BALUSDT,BUY,LIMIT,1702260955474,1.4,4.068
BALUSDT,SELL,LIMIT,1702263643804,93.5,3.997
BALUSDT,SELL,LIMIT,1702267488980,28.3,4.027
