Symbol,Side,Order Type,Time,Quantity,Price
BANDUSDT,BUY,LIMIT,1701925414352,121.8,1.5868
BANDUSDT,BUY,LIMIT,1701936374118,25.1,1.6071
BANDUSDT,SELL,LIMIT,1701937369524,4.2,1.5380
BANDUSDT,SELL,LIMIT,1701940558136,12.9,1.5179
BANDUSDT,SELL,LIMIT,1701941040217,61.3,1.5135
BANDUSDT,SELL,LIMIT,1701941149212,218.1,1.5082
BANDUSDT,SELL,LIMIT,1701941160538,14.4,1.5026
BANDUSDT,SELL,LIMIT,1701941171766,47.0,1.5000
BANDUSDT,SELL,LIMIT,1701941180037,265.8,1.5012
BANDUSDT,SELL,LIMIT,1701941182299,733.5,1.5007
BANDUSDT,SELL,LIMIT,1701941184764,2000.0,1.4976
BANDUSDT,SELL,LIMIT,1701941187992,3208.3,1.4921
BANDUSDT,SELL,LIMIT,1701941237908,1517.1,1.4956
BANDUSDT,SELL,LIMIT,1701941239131,192.2,1.4963
BANDUSDT,SELL,LIMIT,1701941246453,473.6,1.4935
BANDUSDT,BUY,LIMIT,1701953976590,0.1,1.5863
BANDUSDT,BUY,LIMIT,1701959502332,1.0,1.5717
BANDUSDT,BUY,LIMIT,1701962686690,1.0,1.5875
BANDUSDT,BUY,LIMIT,1701962765145,167.6,1.5885
BANDUSDT,BUY,LIMIT,1701968152790,7.1,1.6038
BANDUSDT,BUY,LIMIT,1701969421753,101.2,1.6128
BANDUSDT,BUY,LIMIT,1701969537293,18.4,1.6212
BANDUSDT,BUY,LIMIT,1701969619347,31.7,1.6248
BANDUSDT,BUY,LIMIT,1701969746477,6.4,1.6286
BANDUSDT,BUY,LIMIT,1701969752094,234.8,1.6301
BANDUSDT,BUY,LIMIT,1701970214750,66.3,1.6593
BANDUSDT,SELL,LIMIT,1701970917104,239.2,1.5900
BANDUSDT,SELL,LIMIT,1701970976720,256.9,1.5819
BANDUSDT,SELL,LIMIT,1701971059249,300.0,1.5725
BANDUSDT,SELL,LIMIT,1701971188414,300.0,1.5731
BANDUSDT,BUY,LIMIT,1701971552204,73.8,1.6368
BANDUSDT,SELL,LIMIT,1701974305779,162.5,1.5665
BANDUSDT,SELL,LIMIT,1701975647818,3117.3,1.5620
BANDUSDT,SELL,LIMIT,1701976186172,1060.5,1.5628
BANDUSDT,SELL,LIMIT,1701977297150,67.5,1.5539
BANDUSDT,SELL,LIMIT,1701977300005,5.4,1.5526
BANDUSDT,SELL,LIMIT,1701978252994,22.1,1.5602
BANDUSDT,SELL,LIMIT,1701978277801,378.0,1.5507
BANDUSDT,SELL,LIMIT,1701978294221,243.9,1.5498
BANDUSDT,SELL,LIMIT,1701978295302,3.9,1.5488
BANDUSDT,BUY,LIMIT,1701985516346,387.4,1.6085
BANDUSDT,SELL,LIMIT,1701988453879,3185.8,1.5459
BANDUSDT,SELL,LIMIT,1701991480357,193.7,1.5420
BANDUSDT,SELL,LIMIT,1701997596202,7.5,1.5562
BANDUSDT,SELL,LIMIT,1702003691012,5576.0,1.5340
BANDUSDT,SELL,LIMIT,1702003723205,526.1,1.5400
BANDUSDT,SELL,LIMIT,1702012038136,234.1,1.5883
BANDUSDT,SELL,LIMIT,1702015301968,1018.0,1.6025
BANDUSDT,SELL,LIMIT,1702015462266,521.2,1.5962
BANDUSDT,BUY,LIMIT,1702018470541,1167.3,1.6814
BANDUSDT,BUY,LIMIT,1702018545016,80.0,1.6847
BANDUSDT,BUY,LIMIT,1702018702135,139.9,1.6884
BANDUSDT,BUY,LIMIT,1702020924704,14.3,1.6753
BANDUSDT,SELL,LIMIT,1702025911632,3.5,1.6090
BANDUSDT,SELL,LIMIT,1702026004131,4.8,1.6062
BANDUSDT,SELL,LIMIT,1702026311462,437.4,1.6004
BANDUSDT,SELL,LIMIT,1702029988958,69.5,1.6143
BANDUSDT,SELL,LIMIT,1702029996463,1463.9,1.6113
BANDUSDT,BUY,LIMIT,1702033910629,15.4,1.6704
BANDUSDT,BUY,LIMIT,1702035432703,242.8,1.6672
BANDUSDT,SELL,LIMIT,1702037169422,5.5,1.6023
BANDUSDT,BUY,LIMIT,1702038877355,22.2,1.6759
BANDUSDT,SELL,LIMIT,1702040523508,911.4,1.6133
BANDUSDT,SELL,LIMIT,1702042235828,814.5,1.6027
BANDUSDT,SELL,LIMIT,1702042238564,3043.0,1.6011
BANDUSDT,SELL,LIMIT,1702042246247,389.3,1.5992
BANDUSDT,BUY,LIMIT,1702043787102,21.8,1.6874
BANDUSDT,BUY,LIMIT,1702044060151,14.9,1.6913
BANDUSDT,BUY,LIMIT,1702044076457,242.9,1.6958
BANDUSDT,BUY,LIMIT,1702044083122,3201.5,1.7015
BANDUSDT,BUY,LIMIT,1702044117311,58.4,1.7030
BANDUSDT,BUY,LIMIT,1702044138178,3.2,1.7087
BANDUSDT,BUY,LIMIT,1702044139484,11.6,1.7079
BANDUSDT,SELL,LIMIT,1702045004088,469.2,1.6434
BANDUSDT,SELL,LIMIT,1702045173723,19.7,1.6353
BANDUSDT,SELL,LIMIT,1702045903539,1928.6,1.6193
BANDUSDT,SELL,LIMIT,1702047550142,256.3,1.6190
BANDUSDT,SELL,LIMIT,1702050866085,356.1,1.6096
BANDUSDT,BUY,LIMIT,1702051568472,4.2,1.6716
BANDUSDT,BUY,LIMIT,1702052530227,43.6,1.6738
BANDUSDT,SELL,LIMIT,1702052956223,87.6,1.6166
BANDUSDT,BUY,LIMIT,1702053636513,9.9,1.6733
BANDUSDT,BUY,LIMIT,1702065623884,168.0,1.6776
BANDUSDT,BUY,LIMIT,1702068652528,3.1,1.6845
BANDUSDT,BUY,LIMIT,1702080317072,1.4,1.6978
BANDUSDT,SELL,LIMIT,1702084100737,135.3,1.6302
BANDUSDT,BUY,LIMIT,1702098507520,13.6,1.7039
BANDUSDT,BUY,LIMIT,1702104505077,121.2,1.7108
BANDUSDT,BUY,LIMIT,1702105057409,149.4,1.7135
BANDUSDT,BUY,LIMIT,1702105097551,146.1,1.7199
BANDUSDT,BUY,LIMIT,1702105099638,12.9,1.7202
BANDUSDT,BUY,LIMIT,1702105162092,1196.8,1.7255
BANDUSDT,BUY,LIMIT,1702105163200,260.9,1.7257
BANDUSDT,BUY,LIMIT,1702105694159,436.6,1.7242
BANDUSDT,BUY,LIMIT,1702105715334,320.4,1.7268
BANDUSDT,BUY,LIMIT,1702105812129,0.1,1.7293
BANDUSDT,BUY,LIMIT,1702105918229,601.7,1.7439
BANDUSDT,BUY,LIMIT,1702105920253,73.1,1.7461
BANDUSDT,BUY,LIMIT,1702105924603,78.2,1.7469
BANDUSDT,BUY,LIMIT,1702107188324,76.0,1.7646
BANDUSDT,BUY,LIMIT,1702107194539,284.0,1.7657
BANDUSDT,BUY,LIMIT,1702107844927,350.0,1.7671
BANDUSDT,BUY,LIMIT,1702107981637,17.5,1.7620
BANDUSDT,BUY,LIMIT,1702108535551,167.3,1.7724
BANDUSDT,BUY,LIMIT,1702108557102,6.5,1.7749
BANDUSDT,BUY,LIMIT,1702108562225,1151.7,1.7753
BANDUSDT,BUY,LIMIT,1702109244834,16.8,1.7609
BANDUSDT,SELL,LIMIT,1702109979972,5.0,1.7016
BANDUSDT,SELL,LIMIT,1702110146403,265.8,1.7000
BANDUSDT,SELL,LIMIT,1702110736245,257.5,1.6873
BANDUSDT,SELL,LIMIT,1702110743894,2906.8,1.6852
BANDUSDT,SELL,LIMIT,1702110764779,2534.5,1.6816
BANDUSDT,SELL,LIMIT,1702110876056,288.3,1.6783
BANDUSDT,SELL,LIMIT,1702110884275,65.3,1.6741
BANDUSDT,SELL,LIMIT,1702110968990,230.1,1.6644
BANDUSDT,SELL,LIMIT,1702110976024,45.0,1.6617
BANDUSDT,SELL,LIMIT,1702111036250,29.0,1.6493
BANDUSDT,SELL,LIMIT,1702111037738,576.9,1.6466
BANDUSDT,SELL,LIMIT,1702111038756,1120.1,1.6455
BANDUSDT,SELL,LIMIT,1702111040149,38.7,1.6454
BANDUSDT,SELL,LIMIT,1702111041369,30.7,1.6453
BANDUSDT,SELL,LIMIT,1702111043962,78.3,1.6417
BANDUSDT,SELL,LIMIT,1702111045709,291.6,1.6389
BANDUSDT,SELL,LIMIT,1702111206934,145.4,1.6377
BANDUSDT,SELL,LIMIT,1702111379412,2.9,1.6363
BANDUSDT,SELL,LIMIT,1702111380529,170.8,1.6316
BANDUSDT,SELL,LIMIT,1702111389092,105.2,1.6290
BANDUSDT,BUY,LIMIT,1702111426324,32.8,1.6937
BANDUSDT,BUY,LIMIT,1702111586433,538.3,1.7061
BANDUSDT,SELL,LIMIT,1702112191233,89.0,1.6520
BANDUSDT,SELL,LIMIT,1702112889076,43.5,1.6527
BANDUSDT,SELL,LIMIT,1702115089184,21.0,1.6479
BANDUSDT,SELL,LIMIT,1702121064127,187.3,1.6860
BANDUSDT,SELL,LIMIT,1702121093657,8.7,1.6815
BANDUSDT,SELL,LIMIT,1702124105181,3.5,1.6885
BANDUSDT,SELL,LIMIT,1702127663276,267.7,1.6744
BANDUSDT,SELL,LIMIT,1702132822538,294.2,1.6577
BANDUSDT,SELL,LIMIT,1702133006154,301.1,1.6519
BANDUSDT,SELL,LIMIT,1702133007963,517.5,1.6460
BANDUSDT,BUY,LIMIT,1702133156124,168.3,1.7123
