Symbol,Side,Order Type,Time,Quantity,Price
BATUSDT,BUY,LIMIT,1701931408187,176.4,0.2451
BATUSDT,SELL,LIMIT,1701936904185,1562.3,0.2374
BATUSDT,SELL,LIMIT,1701937392570,414.7,0.2364
BATUSDT,SELL,LIMIT,1701937813113,10799.5,0.2360
BATUSDT,SELL,LIMIT,1701937816108,338.5,0.2360
BATUSDT,SELL,LIMIT,1701939366286,2087.8,0.2353
BATUSDT,SELL,LIMIT,1701940472381,3968.0,0.2334
BATUSDT,SELL,LIMIT,1701940556575,7320.1,0.2326
BATUSDT,SELL,LIMIT,1701941162156,288.9,0.2302
BATUSDT,SELL,LIMIT,1701941183099,124.4,0.2296
BATUSDT,SELL,LIMIT,1701941188077,20465.4,0.2292
BATUSDT,SELL,LIMIT,1701941191297,1578.2,0.2291
BATUSDT,SELL,LIMIT,1701941192401,255.0,0.2291
BATUSDT,SELL,LIMIT,1701941234348,1460.0,0.2309
BATUSDT,SELL,LIMIT,1701941238200,545.4,0.2290
BATUSDT,BUY,LIMIT,1701941687382,1945.7,0.2389
BATUSDT,BUY,LIMIT,1701962194498,1255.1,0.2445
BATUSDT,SELL,LIMIT,1701964049236,2051.7,0.2377
BATUSDT,BUY,LIMIT,1701965574189,555.1,0.2465
BATUSDT,BUY,LIMIT,1701968703334,77.1,0.2493
BATUSDT,BUY,LIMIT,1701968704472,2514.6,0.2504
BATUSDT,SELL,LIMIT,1701971002102,1598.1,0.2395
BATUSDT,BUY,LIMIT,1701983451113,99.3,0.2478
BATUSDT,BUY,LIMIT,1701993674172,1240.2,0.2485
BATUSDT,BUY,LIMIT,1702015958629,522.3,0.2509
BATUSDT,SELL,LIMIT,1702019694887,154.9,0.2415
BATUSDT,BUY,LIMIT,1702035592911,210.8,0.2506
BATUSDT,BUY,LIMIT,1702036083674,148.0,0.2505
BATUSDT,BUY,LIMIT,1702038140647,5987.3,0.2510
BATUSDT,BUY,LIMIT,1702038185639,809.7,0.2515
BATUSDT,BUY,LIMIT,1702038643526,1000.0,0.2522
BATUSDT,SELL,LIMIT,1702042245678,46.1,0.2434
BATUSDT,BUY,LIMIT,1702051501763,223.0,0.2544
BATUSDT,BUY,LIMIT,1702052530227,288.2,0.2556
BATUSDT,BUY,LIMIT,1702053213316,137.7,0.2563
BATUSDT,BUY,LIMIT,1702053602290,399.2,0.2566
BATUSDT,SELL,LIMIT,1702055305118,1000.0,0.2461
BATUSDT,BUY,LIMIT,1702068694867,612.5,0.2556
BATUSDT,BUY,LIMIT,1702069078918,198.2,0.2562
BATUSDT,BUY,LIMIT,1702077937926,1197.8,0.2584
BATUSDT,BUY,LIMIT,1702077947349,1881.9,0.2588
BATUSDT,BUY,LIMIT,1702079468801,742.2,0.2591
BATUSDT,BUY,LIMIT,1702081762826,435.7,0.2583
BATUSDT,BUY,LIMIT,1702082981941,644.6,0.2570
BATUSDT,BUY,LIMIT,1702082990059,42.1,0.2591
BATUSDT,BUY,LIMIT,1702083501123,320.5,0.2589
BATUSDT,BUY,LIMIT,1702092344064,1234.9,0.2592
BATUSDT,BUY,LIMIT,1702095871503,62.8,0.2603
BATUSDT,SELL,LIMIT,1702101850977,3909.3,0.2507
BATUSDT,BUY,LIMIT,1702102399787,477.7,0.2588
BATUSDT,BUY,LIMIT,1702103212393,1158.0,0.2604
BATUSDT,BUY,LIMIT,1702103376622,512.7,0.2603
BATUSDT,BUY,LIMIT,1702107522473,106.0,0.2597
BATUSDT,BUY,LIMIT,1702107985715,177.7,0.2602
BATUSDT,BUY,LIMIT,1702108224430,241.3,0.2606
BATUSDT,BUY,LIMIT,1702109244834,152.5,0.2612
BATUSDT,BUY,LIMIT,1702109780749,44.2,0.2620
BATUSDT,BUY,LIMIT,1702109782979,272.2,0.2621
BATUSDT,BUY,LIMIT,1702109987653,1019.9,0.2620
BATUSDT,BUY,LIMIT,1702110588681,18468.8,0.2625
BATUSDT,SELL,LIMIT,1702110915415,1423.8,0.2515
BATUSDT,SELL,LIMIT,1702111373610,18129.9,0.2483
BATUSDT,SELL,LIMIT,1702111377667,35.3,0.2479
BATUSDT,BUY,LIMIT,1702116491787,23.9,0.2630
BATUSDT,BUY,LIMIT,1702116513219,76.1,0.2634
BATUSDT,SELL,LIMIT,1702121188597,1948.5,0.2515
BATUSDT,SELL,LIMIT,1702132778392,171.9,0.2535
BATUSDT,SELL,LIMIT,1702132790551,271.7,0.2533
BATUSDT,SELL,LIMIT,1702133007359,46.3,0.2517
BATUSDT,SELL,LIMIT,1702133380043,2713.2,0.2514
