Symbol,Side,Order Type,Time,Quantity,Price
BATUSDT,SELL,LIMIT,1701068163084,367.4,0.2070
BATUSDT,SELL,LIMIT,1701068165714,62.5,0.2069
BATUSDT,SELL,LIMIT,1701068360302,135.7,0.2066
BATUSDT,SELL,LIMIT,1701069513339,37.7,0.2063
BATUSDT,SELL,LIMIT,1701069810849,9995.0,0.2054
BATUSDT,SELL,LIMIT,1701069826960,218.6,0.2053
BATUSDT,SELL,LIMIT,1701069851498,11.6,0.2051
BATUSDT,SELL,LIMIT,1701069880518,10.9,0.2050
BATUSDT,SELL,LIMIT,1701069886830,150.0,0.2048
BATUSDT,BUY,LIMIT,1701076553271,56.5,0.2135
BATUSDT,SELL,LIMIT,1701081135252,12.5,0.2066
BATUSDT,SELL,LIMIT,1701097019340,2249.3,0.2048
BATUSDT,SELL,LIMIT,1701112087127,9584.9,0.2034
BATUSDT,SELL,LIMIT,1701112178815,141.8,0.2030
BATUSDT,SELL,LIMIT,1701114239209,1233.3,0.2024
BATUSDT,SELL,LIMIT,1701114352849,35.5,0.2022
BATUSDT,SELL,LIMIT,1701114471540,288.9,0.2017
BATUSDT,BUY,LIMIT,1701119534365,308.6,0.2088
BATUSDT,SELL,LIMIT,1701146616298,219.5,0.2043
BATUSDT,SELL,LIMIT,1701149771344,468.4,0.2022
BATUSDT,SELL,LIMIT,1701151263536,3672.2,0.2016
BATUSDT,BUY,LIMIT,1701152257885,141.2,0.2090
BATUSDT,BUY,LIMIT,1701154436409,378.5,0.2102
BATUSDT,BUY,LIMIT,1701168977345,10321.9,0.2112
BATUSDT,BUY,LIMIT,1701168978485,198.9,0.2112
BATUSDT,BUY,LIMIT,1701169201416,37.6,0.2117
BATUSDT,BUY,LIMIT,1701192072173,2356.7,0.2153
BATUSDT,BUY,LIMIT,1701192157880,3004.7,0.2157
BATUSDT,BUY,LIMIT,1701192689645,165.1,0.2160
BATUSDT,BUY,LIMIT,1701239346009,190.9,0.2143
BATUSDT,BUY,LIMIT,1701247319138,186.7,0.2175
BATUSDT,BUY,LIMIT,1701248625643,8000.0,0.2195
BATUSDT,BUY,LIMIT,1701248627414,33.4,0.2196
BATUSDT,BUY,LIMIT,1701248687376,86.9,0.2199
BATUSDT,SELL,LIMIT,1701249368550,2594.6,0.2124
BATUSDT,SELL,LIMIT,1701249647397,55.5,0.2121
BATUSDT,SELL,LIMIT,1701249650038,2430.0,0.2121
BATUSDT,SELL,LIMIT,1701249982429,5924.7,0.2108
BATUSDT,BUY,LIMIT,1701252154127,775.4,0.2173
BATUSDT,SELL,LIMIT,1701253174720,50.8,0.2099
BATUSDT,BUY,LIMIT,1701253347052,1571.0,0.2156
BATUSDT,SELL,LIMIT,1701253617060,38.0,0.2098
BATUSDT,BUY,LIMIT,1701260213631,72.5,0.2172
BATUSDT,BUY,LIMIT,1701260468546,47.2,0.2190
BATUSDT,BUY,LIMIT,1701260479268,2216.9,0.2192
BATUSDT,BUY,LIMIT,1701260491276,282.8,0.2198
BATUSDT,BUY,LIMIT,1701260527687,548.4,0.2210
BATUSDT,BUY,LIMIT,1701260710819,14198.2,0.2212
BATUSDT,BUY,LIMIT,1701261011222,431.9,0.2216
BATUSDT,BUY,LIMIT,1701261015557,310.3,0.2217
BATUSDT,BUY,LIMIT,1701261100233,44.2,0.2220
BATUSDT,BUY,LIMIT,1701261519283,532.0,0.2221
BATUSDT,BUY,LIMIT,1701261527273,111.8,0.2222
BATUSDT,BUY,LIMIT,1701261598383,132.4,0.2228
BATUSDT,BUY,LIMIT,1701261599529,236.7,0.2229
BATUSDT,BUY,LIMIT,1701261918150,3297.5,0.2234
BATUSDT,BUY,LIMIT,1701261919421,30.0,0.2235
BATUSDT,BUY,LIMIT,1701261920481,1066.3,0.2236
BATUSDT,BUY,LIMIT,1701261923208,93.8,0.2237
BATUSDT,BUY,LIMIT,1701261950179,9026.1,0.2243
BATUSDT,BUY,LIMIT,1701261951343,935.8,0.2242
BATUSDT,BUY,LIMIT,1701261953851,233.8,0.2244
BATUSDT,BUY,LIMIT,1701261955800,58.2,0.2246
BATUSDT,BUY,LIMIT,1701262059425,1349.6,0.2254
BATUSDT,BUY,LIMIT,1701262064508,301.7,0.2257
BATUSDT,BUY,LIMIT,1701262547011,112.5,0.2264
BATUSDT,BUY,LIMIT,1701262609474,94.2,0.2269
BATUSDT,BUY,LIMIT,1701262721089,158.4,0.2280
BATUSDT,BUY,LIMIT,1701262733350,755.6,0.2286
BATUSDT,BUY,LIMIT,1701262736588,113.7,0.2290
BATUSDT,BUY,LIMIT,1701262769165,668.6,0.2301
BATUSDT,BUY,LIMIT,1701262772473,2285.0,0.2308
BATUSDT,BUY,LIMIT,1701262796265,2441.6,0.2310
BATUSDT,BUY,LIMIT,1701262814059,1292.9,0.2318
BATUSDT,SELL,LIMIT,1701262931240,2957.6,0.2236
BATUSDT,SELL,LIMIT,1701263105282,9215.4,0.2229
BATUSDT,SELL,LIMIT,1701263107154,56.7,0.2224
BATUSDT,SELL,LIMIT,1701263108309,22.1,0.2223
BATUSDT,SELL,LIMIT,1701263114535,4027.3,0.2223
BATUSDT,SELL,LIMIT,1701263120737,434.8,0.2216
BATUSDT,SELL,LIMIT,1701263230237,1136.9,0.2208
BATUSDT,BUY,LIMIT,1701263468989,462.7,0.2289
BATUSDT,BUY,LIMIT,1701263473121,857.4,0.2297
BATUSDT,BUY,LIMIT,1701263767080,27.9,0.2323
BATUSDT,BUY,LIMIT,1701264027878,199.8,0.2311
BATUSDT,SELL,LIMIT,1701264088494,9905.9,0.2239
BATUSDT,BUY,LIMIT,1701264251933,882.2,0.2310
BATUSDT,BUY,LIMIT,1701264435340,883.0,0.2310
BATUSDT,BUY,LIMIT,1701264462469,879.5,0.2321
BATUSDT,BUY,LIMIT,1701264497120,877.9,0.2323
BATUSDT,BUY,LIMIT,1701264506458,165.4,0.2333
BATUSDT,BUY,LIMIT,1701264517118,215.8,0.2343
BATUSDT,BUY,LIMIT,1701264523279,316.1,0.2347
BATUSDT,BUY,LIMIT,1701264525134,640.0,0.2351
BATUSDT,BUY,LIMIT,1701264529281,2855.1,0.2355
BATUSDT,BUY,LIMIT,1701264531541,426.6,0.2353
BATUSDT,BUY,LIMIT,1701264537373,690.5,0.2363
BATUSDT,BUY,LIMIT,1701264540371,27.0,0.2365
BATUSDT,BUY,LIMIT,1701264544032,15060.2,0.2371
BATUSDT,BUY,LIMIT,1701264545086,88.8,0.2367
BATUSDT,BUY,LIMIT,1701264598752,225.2,0.2372
BATUSDT,BUY,LIMIT,1701264600478,3211.1,0.2374
BATUSDT,SELL,LIMIT,1701264622173,5662.8,0.2292
BATUSDT,SELL,LIMIT,1701264630044,3585.8,0.2286
BATUSDT,SELL,LIMIT,1701264665796,531.3,0.2270
BATUSDT,BUY,LIMIT,1701264701280,917.9,0.2342
BATUSDT,SELL,LIMIT,1701265454850,6165.0,0.2230
BATUSDT,SELL,LIMIT,1701265465696,21684.8,0.2223
BATUSDT,SELL,LIMIT,1701265707629,748.3,0.2247
BATUSDT,SELL,LIMIT,1701265801451,6818.8,0.2237
BATUSDT,SELL,LIMIT,1701266416879,1722.8,0.2227
BATUSDT,SELL,LIMIT,1701266496209,183.2,0.2207
BATUSDT,SELL,LIMIT,1701266533395,8077.6,0.2201
BATUSDT,SELL,LIMIT,1701266571105,757.1,0.2198
BATUSDT,SELL,LIMIT,1701267799943,750.6,0.2220
BATUSDT,SELL,LIMIT,1701268734706,3118.0,0.2187
BATUSDT,SELL,LIMIT,1701268860713,25.0,0.2175
BATUSDT,SELL,LIMIT,1701270342244,1437.1,0.2180
BATUSDT,SELL,LIMIT,1701270671427,119.9,0.2174
BATUSDT,SELL,LIMIT,1701271081890,49.6,0.2174
BATUSDT,SELL,LIMIT,1701271210323,1825.7,0.2173
BATUSDT,BUY,LIMIT,1701272401219,88.5,0.2255
BATUSDT,SELL,LIMIT,1701273452315,154.3,0.2189
BATUSDT,SELL,LIMIT,1701273656559,1000.0,0.2181
BATUSDT,BUY,LIMIT,1701273991159,707.7,0.2266
BATUSDT,SELL,LIMIT,1701274612870,292.2,0.2210
BATUSDT,BUY,LIMIT,1701274727840,76.7,0.2288
BATUSDT,BUY,LIMIT,1701275158983,613.1,0.2289
BATUSDT,SELL,LIMIT,1701275476514,2414.8,0.2201
BATUSDT,SELL,LIMIT,1701275532922,2214.4,0.2194
BATUSDT,SELL,LIMIT,1701275812179,12998.7,0.2180
BATUSDT,SELL,LIMIT,1701277259071,95.9,0.2183
BATUSDT,SELL,LIMIT,1701277360828,2497.4,0.2176
BATUSDT,SELL,LIMIT,1701277836530,22609.9,0.2168
BATUSDT,SELL,LIMIT,1701277838152,433.3,0.2167
BATUSDT,SELL,LIMIT,1701277859612,389.8,0.2164
BATUSDT,SELL,LIMIT,1701277861332,396.2,0.2160
BATUSDT,SELL,LIMIT,1701277866171,168.1,0.2159
BATUSDT,SELL,LIMIT,1701277981161,50.7,0.2157
BATUSDT,SELL,LIMIT,1701278050753,3320.0,0.2161
BATUSDT,BUY,LIMIT,1701283836047,1161.8,0.2257
BATUSDT,BUY,LIMIT,1701283842855,22593.7,0.2259
BATUSDT,BUY,LIMIT,1701284489716,154.2,0.2279
BATUSDT,BUY,LIMIT,1701284835311,27.4,0.2273
BATUSDT,BUY,LIMIT,1701284836488,27.3,0.2273
BATUSDT,BUY,LIMIT,1701284926953,140.8,0.2289
BATUSDT,BUY,LIMIT,1701284927983,27.4,0.2289
BATUSDT,BUY,LIMIT,1701284956993,140.4,0.2287
BATUSDT,BUY,LIMIT,1701284958109,140.8,0.2288
BATUSDT,BUY,LIMIT,1701284959257,140.2,0.2288
BATUSDT,BUY,LIMIT,1701284960290,140.9,0.2288
BATUSDT,BUY,LIMIT,1701285056194,2969.6,0.2295
BATUSDT,BUY,LIMIT,1701285070376,254.9,0.2295
BATUSDT,SELL,LIMIT,1701285240488,631.7,0.2218
BATUSDT,BUY,LIMIT,1701285330427,140.4,0.2289
BATUSDT,SELL,LIMIT,1701285338065,25.5,0.2224
BATUSDT,BUY,LIMIT,1701285432588,254.9,0.2290
BATUSDT,BUY,LIMIT,1701285433731,140.8,0.2290
BATUSDT,SELL,LIMIT,1701285446589,25.5,0.2223
BATUSDT,BUY,LIMIT,1701285502299,254.9,0.2297
BATUSDT,BUY,LIMIT,1701285503715,2977.6,0.2298
BATUSDT,BUY,LIMIT,1701285515180,140.3,0.2307
BATUSDT,BUY,LIMIT,1701285516450,140.8,0.2304
BATUSDT,BUY,LIMIT,1701285653422,114.8,0.2300
BATUSDT,SELL,LIMIT,1701285843118,25.5,0.2229
BATUSDT,SELL,LIMIT,1701286005208,21113.3,0.2220
BATUSDT,SELL,LIMIT,1701286335293,25.6,0.2220
BATUSDT,SELL,LIMIT,1701286352991,25.6,0.2219
BATUSDT,BUY,LIMIT,1701286366357,27.3,0.2282
BATUSDT,SELL,LIMIT,1701286601426,25.5,0.2211
BATUSDT,BUY,LIMIT,1701286623127,27.3,0.2293
BATUSDT,BUY,LIMIT,1701286908214,140.2,0.2303
BATUSDT,BUY,LIMIT,1701286920060,268.3,0.2308
BATUSDT,BUY,LIMIT,1701287085639,2000.0,0.2311
BATUSDT,BUY,LIMIT,1701287210727,725.6,0.2312
BATUSDT,BUY,LIMIT,1701287214954,268.4,0.2318
BATUSDT,BUY,LIMIT,1701287275886,729.9,0.2320
BATUSDT,BUY,LIMIT,1701287297412,140.2,0.2322
BATUSDT,BUY,LIMIT,1701287299088,12928.3,0.2322
BATUSDT,BUY,LIMIT,1701287347752,70.7,0.2325
BATUSDT,BUY,LIMIT,1701287358180,140.3,0.2328
BATUSDT,BUY,LIMIT,1701287368381,323.1,0.2327
BATUSDT,BUY,LIMIT,1701287375831,54.4,0.2340
BATUSDT,BUY,LIMIT,1701287510068,27.4,0.2339
BATUSDT,BUY,LIMIT,1701287512253,140.8,0.2345
BATUSDT,BUY,LIMIT,1701287606511,104.7,0.2339
BATUSDT,BUY,LIMIT,1701287742641,180.5,0.2355
BATUSDT,SELL,LIMIT,1701287764085,71.4,0.2273
BATUSDT,SELL,LIMIT,1701287775971,451.7,0.2268
BATUSDT,SELL,LIMIT,1701287852397,105.4,0.2267
BATUSDT,SELL,LIMIT,1701287863224,2013.3,0.2262
BATUSDT,SELL,LIMIT,1701287865196,653.0,0.2260
BATUSDT,SELL,LIMIT,1701287973696,85.1,0.2258
BATUSDT,SELL,LIMIT,1701287978705,150.0,0.2253
BATUSDT,SELL,LIMIT,1701288213153,1005.2,0.2242
BATUSDT,SELL,LIMIT,1701288484756,70.2,0.2250
BATUSDT,SELL,LIMIT,1701288564698,25.5,0.2253
BATUSDT,SELL,LIMIT,1701288694182,54.2,0.2247
BATUSDT,SELL,LIMIT,1701288739250,25.5,0.2250
BATUSDT,SELL,LIMIT,1701289548874,52.2,0.2234
BATUSDT,SELL,LIMIT,1701289579166,25.5,0.2233
BATUSDT,SELL,LIMIT,1701289587980,25.5,0.2233
BATUSDT,SELL,LIMIT,1701289594567,815.7,0.2231
BATUSDT,SELL,LIMIT,1701289637087,24.8,0.2224
BATUSDT,SELL,LIMIT,1701289649991,1411.3,0.2223
BATUSDT,SELL,LIMIT,1701289690177,26.8,0.2223
BATUSDT,BUY,LIMIT,1701290056867,312.5,0.2298
BATUSDT,BUY,LIMIT,1701290106583,139.8,0.2309
BATUSDT,SELL,LIMIT,1701290351338,25.5,0.2239
BATUSDT,BUY,LIMIT,1701290430501,27.2,0.2306
BATUSDT,SELL,LIMIT,1701291062070,59.0,0.2228
BATUSDT,SELL,LIMIT,1701291105014,22015.4,0.2225
BATUSDT,SELL,LIMIT,1701291123956,54.2,0.2223
BATUSDT,SELL,LIMIT,1701291990480,958.0,0.2226
BATUSDT,SELL,LIMIT,1701291993320,27.2,0.2218
BATUSDT,BUY,LIMIT,1701292398136,2718.3,0.2292
BATUSDT,BUY,LIMIT,1701293506678,2451.2,0.2305
BATUSDT,BUY,LIMIT,1701297499219,2247.1,0.2312
BATUSDT,BUY,LIMIT,1701297746348,699.0,0.2321
BATUSDT,BUY,LIMIT,1701297872132,354.9,0.2326
BATUSDT,BUY,LIMIT,1701300067812,140.8,0.2339
BATUSDT,SELL,LIMIT,1701300224172,1368.4,0.2257
BATUSDT,SELL,LIMIT,1701302533292,959.6,0.2245
BATUSDT,SELL,LIMIT,1701303002325,5981.8,0.2229
BATUSDT,SELL,LIMIT,1701303108518,4263.4,0.2221
BATUSDT,SELL,LIMIT,1701303129141,2867.0,0.2220
BATUSDT,SELL,LIMIT,1701303141790,22044.5,0.2218
BATUSDT,SELL,LIMIT,1701303188394,977.6,0.2217
BATUSDT,SELL,LIMIT,1701303200300,10238.6,0.2213
BATUSDT,BUY,LIMIT,1701303395262,10513.4,0.2326
BATUSDT,BUY,LIMIT,1701303396576,80.8,0.2327
BATUSDT,BUY,LIMIT,1701303407045,21466.2,0.2338
BATUSDT,BUY,LIMIT,1701303429382,139.8,0.2344
BATUSDT,BUY,LIMIT,1701303678433,139.8,0.2357
BATUSDT,BUY,LIMIT,1701303710524,68.3,0.2357
BATUSDT,BUY,LIMIT,1701303712300,3438.2,0.2358
BATUSDT,BUY,LIMIT,1701303735886,45.3,0.2363
BATUSDT,BUY,LIMIT,1701303754254,22.0,0.2367
BATUSDT,BUY,LIMIT,1701303767146,5613.7,0.2372
BATUSDT,BUY,LIMIT,1701303855755,1550.4,0.2381
BATUSDT,BUY,LIMIT,1701303876407,918.6,0.2385
BATUSDT,BUY,LIMIT,1701303880024,150.2,0.2386
BATUSDT,BUY,LIMIT,1701303893236,5288.6,0.2388
BATUSDT,BUY,LIMIT,1701303944671,1811.4,0.2395
BATUSDT,BUY,LIMIT,1701303946015,7735.6,0.2396
BATUSDT,BUY,LIMIT,1701303950586,254.9,0.2401
BATUSDT,BUY,LIMIT,1701303952293,1152.1,0.2401
BATUSDT,BUY,LIMIT,1701303973302,8562.9,0.2402
BATUSDT,BUY,LIMIT,1701303975288,139.8,0.2404
BATUSDT,BUY,LIMIT,1701304001124,1024.6,0.2404
BATUSDT,BUY,LIMIT,1701304002804,14829.9,0.2407
BATUSDT,BUY,LIMIT,1701304027442,141.0,0.2412
BATUSDT,BUY,LIMIT,1701304028837,5200.6,0.2413
BATUSDT,BUY,LIMIT,1701304032696,1481.1,0.2415
BATUSDT,BUY,LIMIT,1701304036657,4828.0,0.2418
BATUSDT,BUY,LIMIT,1701304043531,3628.1,0.2424
BATUSDT,BUY,LIMIT,1701304045319,3504.4,0.2427
BATUSDT,BUY,LIMIT,1701304048082,140.3,0.2431
BATUSDT,BUY,LIMIT,1701304050121,133.0,0.2431
BATUSDT,BUY,LIMIT,1701304052315,15821.0,0.2434
BATUSDT,BUY,LIMIT,1701304062922,4385.6,0.2436
BATUSDT,BUY,LIMIT,1701304066090,140.3,0.2440
BATUSDT,SELL,LIMIT,1701304083067,421.1,0.2346
BATUSDT,BUY,LIMIT,1701304114492,21168.5,0.2415
BATUSDT,BUY,LIMIT,1701304222199,19137.4,0.2422
BATUSDT,BUY,LIMIT,1701304234286,533.3,0.2434
BATUSDT,BUY,LIMIT,1701304239858,140.2,0.2439
BATUSDT,BUY,LIMIT,1701304241085,426.4,0.2440
BATUSDT,BUY,LIMIT,1701304247546,13481.5,0.2443
BATUSDT,BUY,LIMIT,1701304250190,140.3,0.2443
BATUSDT,BUY,LIMIT,1701304255555,4514.3,0.2444
BATUSDT,SELL,LIMIT,1701304270136,2891.0,0.2355
BATUSDT,SELL,LIMIT,1701304271964,3640.3,0.2350
BATUSDT,BUY,LIMIT,1701304348233,2229.1,0.2434
BATUSDT,BUY,LIMIT,1701304349632,183.6,0.2439
BATUSDT,BUY,LIMIT,1701304455991,134.0,0.2444
BATUSDT,BUY,LIMIT,1701304462002,946.3,0.2449
BATUSDT,BUY,LIMIT,1701304467478,3141.2,0.2452
BATUSDT,BUY,LIMIT,1701304468813,140.3,0.2456
BATUSDT,BUY,LIMIT,1701304481103,765.1,0.2457
BATUSDT,BUY,LIMIT,1701304487393,2678.5,0.2462
BATUSDT,SELL,LIMIT,1701304591111,2173.5,0.2352
BATUSDT,SELL,LIMIT,1701304592193,3541.6,0.2353
BATUSDT,SELL,LIMIT,1701304649427,16645.8,0.2341
BATUSDT,SELL,LIMIT,1701304737229,1159.5,0.2332
BATUSDT,SELL,LIMIT,1701304741739,1696.2,0.2331
BATUSDT,SELL,LIMIT,1701304745673,706.5,0.2328
BATUSDT,SELL,LIMIT,1701304831760,251.6,0.2316
BATUSDT,SELL,LIMIT,1701304837733,53.2,0.2308
BATUSDT,SELL,LIMIT,1701304843228,7048.7,0.2302
BATUSDT,SELL,LIMIT,1701304922105,1688.7,0.2288
BATUSDT,SELL,LIMIT,1701304955164,3065.6,0.2288
BATUSDT,SELL,LIMIT,1701304956833,10170.8,0.2286
BATUSDT,BUY,LIMIT,1701305135303,568.2,0.2380
BATUSDT,SELL,LIMIT,1701305398756,53.5,0.2300
BATUSDT,SELL,LIMIT,1701305433271,54.2,0.2294
BATUSDT,SELL,LIMIT,1701305525638,21430.1,0.2287
BATUSDT,SELL,LIMIT,1701305544979,1462.0,0.2283
BATUSDT,SELL,LIMIT,1701305575999,3884.3,0.2272
BATUSDT,SELL,LIMIT,1701305676531,2461.9,0.2270
BATUSDT,SELL,LIMIT,1701305695987,1113.3,0.2259
BATUSDT,SELL,LIMIT,1701305699653,7161.1,0.2258
BATUSDT,SELL,LIMIT,1701305737733,27.7,0.2250
BATUSDT,SELL,LIMIT,1701305741889,3503.1,0.2247
BATUSDT,SELL,LIMIT,1701305821094,494.3,0.2245
BATUSDT,SELL,LIMIT,1701305828942,48.3,0.2243
BATUSDT,SELL,LIMIT,1701305855299,400.0,0.2235
BATUSDT,SELL,LIMIT,1701305888015,7158.6,0.2233
BATUSDT,SELL,LIMIT,1701305902168,1114.0,0.2233
BATUSDT,SELL,LIMIT,1701305918622,25.5,0.2226
BATUSDT,SELL,LIMIT,1701306203225,3245.8,0.2221
BATUSDT,BUY,LIMIT,1701306245048,755.1,0.2299
BATUSDT,SELL,LIMIT,1701306413262,2112.8,0.2219
BATUSDT,SELL,LIMIT,1701306419206,1518.2,0.2215
BATUSDT,SELL,LIMIT,1701306422815,90.6,0.2214
BATUSDT,SELL,LIMIT,1701306434509,27.2,0.2214
BATUSDT,SELL,LIMIT,1701306500286,187.5,0.2213
BATUSDT,BUY,LIMIT,1701306877249,57.8,0.2309
BATUSDT,SELL,LIMIT,1701307211998,53.2,0.2229
BATUSDT,SELL,LIMIT,1701307449331,18664.7,0.2225
BATUSDT,SELL,LIMIT,1701308052191,1662.7,0.2239
BATUSDT,SELL,LIMIT,1701308151721,574.1,0.2223
BATUSDT,SELL,LIMIT,1701308802664,5930.6,0.2233
BATUSDT,BUY,LIMIT,1701309077270,1000.0,0.2319
BATUSDT,BUY,LIMIT,1701309274399,434.2,0.2351
BATUSDT,SELL,LIMIT,1701309378912,201.9,0.2275
BATUSDT,SELL,LIMIT,1701309607191,325.0,0.2256
BATUSDT,BUY,LIMIT,1701309781262,12401.6,0.2341
BATUSDT,SELL,LIMIT,1701310011061,103.2,0.2269
BATUSDT,SELL,LIMIT,1701310237155,74.6,0.2256
BATUSDT,SELL,LIMIT,1701310351042,312.2,0.2244
BATUSDT,SELL,LIMIT,1701313536654,1475.1,0.2237
BATUSDT,BUY,LIMIT,1701315127938,1464.6,0.2312
BATUSDT,SELL,LIMIT,1701315738437,246.7,0.2250
BATUSDT,BUY,LIMIT,1701316043242,3325.5,0.2325
BATUSDT,SELL,LIMIT,1701317211164,1746.7,0.2244
BATUSDT,SELL,LIMIT,1701319719183,1524.6,0.2215
BATUSDT,BUY,LIMIT,1701320827058,448.0,0.2279
BATUSDT,SELL,LIMIT,1701321210797,21834.0,0.2199
BATUSDT,SELL,LIMIT,1701321213438,282.6,0.2199
BATUSDT,SELL,LIMIT,1701321214860,2277.2,0.2198
BATUSDT,SELL,LIMIT,1701321218318,124.0,0.2196
BATUSDT,SELL,LIMIT,1701321290461,413.4,0.2193
BATUSDT,SELL,LIMIT,1701326924085,2981.6,0.2186
BATUSDT,SELL,LIMIT,1701326937349,2535.5,0.2185
BATUSDT,SELL,LIMIT,1701327051515,75.5,0.2183
BATUSDT,BUY,LIMIT,1701330938400,63.2,0.2257
BATUSDT,SELL,LIMIT,1701332288695,956.9,0.2179
BATUSDT,SELL,LIMIT,1701332315246,3939.3,0.2178
BATUSDT,SELL,LIMIT,1701332330474,257.1,0.2177
BATUSDT,SELL,LIMIT,1701332333126,15074.1,0.2177
BATUSDT,SELL,LIMIT,1701332334230,1090.2,0.2177
BATUSDT,BUY,LIMIT,1701332908662,276.0,0.2275
BATUSDT,SELL,LIMIT,1701335189429,220.2,0.2175
BATUSDT,SELL,LIMIT,1701335292227,262.6,0.2172
BATUSDT,SELL,LIMIT,1701335445118,2191.0,0.2168
BATUSDT,SELL,LIMIT,1701335555216,181.3,0.2167
BATUSDT,SELL,LIMIT,1701336375102,600.8,0.2165
BATUSDT,SELL,LIMIT,1701336528742,438.8,0.2165
BATUSDT,SELL,LIMIT,1701336817661,647.7,0.2162
BATUSDT,BUY,LIMIT,1701344526585,1243.8,0.2254
BATUSDT,BUY,LIMIT,1701345983523,48.1,0.2289
BATUSDT,BUY,LIMIT,1701346020214,666.6,0.2294
BATUSDT,BUY,LIMIT,1701346071406,1921.0,0.2303
BATUSDT,SELL,LIMIT,1701346570498,10003.7,0.2218
BATUSDT,SELL,LIMIT,1701346571673,22.9,0.2215
BATUSDT,SELL,LIMIT,1701349590316,394.5,0.2187
BATUSDT,SELL,LIMIT,1701355001009,22312.9,0.2171
BATUSDT,SELL,LIMIT,1701355722542,2000.0,0.2170
BATUSDT,SELL,LIMIT,1701358768113,12003.1,0.2171
BATUSDT,BUY,LIMIT,1701364190053,962.0,0.2262
BATUSDT,SELL,LIMIT,1701372827518,220.2,0.2185
BATUSDT,SELL,LIMIT,1701374246179,19504.6,0.2179
