Symbol,Side,Order Type,Time,Quantity,Price
BCHUSDT,BUY,LIMIT,1701922077307,0.299,247.51
BCHUSDT,BUY,LIMIT,1701923414214,0.489,248.77
BCHUSDT,BUY,LIMIT,1701924279012,3.240,249.42
BCHUSDT,BUY,LIMIT,1701924333863,2.674,249.47
BCHUSDT,BUY,LIMIT,1701926540302,0.099,249.69
BCHUSDT,BUY,LIMIT,1701927621072,2.100,249.78
BCHUSDT,BUY,LIMIT,1701928405693,0.523,250.40
BCHUSDT,SELL,LIMIT,1701931584374,11.377,245.50
BCHUSDT,SELL,LIMIT,1701936910135,0.729,245.07
BCHUSDT,SELL,LIMIT,1701936925835,1.017,244.77
BCHUSDT,SELL,LIMIT,1701937369190,0.109,244.27
BCHUSDT,SELL,LIMIT,1701937899302,1.128,243.73
BCHUSDT,SELL,LIMIT,1701939360276,0.567,243.08
BCHUSDT,SELL,LIMIT,1701939397651,0.418,242.81
BCHUSDT,SELL,LIMIT,1701939398976,3.446,242.77
BCHUSDT,SELL,LIMIT,1701939473608,0.554,242.67
BCHUSDT,SELL,LIMIT,1701939487576,0.962,242.59
BCHUSDT,SELL,LIMIT,1701939562475,0.131,242.32
BCHUSDT,SELL,LIMIT,1701939568433,5.000,242.24
BCHUSDT,SELL,LIMIT,1701939570816,4.118,242.12
BCHUSDT,SELL,LIMIT,1701939985035,19.580,241.92
BCHUSDT,SELL,LIMIT,1701939986091,2.011,241.13
BCHUSDT,SELL,LIMIT,1701940026152,5.000,241.08
BCHUSDT,SELL,LIMIT,1701940027433,1.983,241.08
BCHUSDT,SELL,LIMIT,1701940029808,0.779,241.01
BCHUSDT,SELL,LIMIT,1701940052508,6.048,241.00
BCHUSDT,SELL,LIMIT,1701940473138,0.660,240.96
BCHUSDT,SELL,LIMIT,1701940544916,4.000,240.90
BCHUSDT,SELL,LIMIT,1701940546501,0.120,240.89
BCHUSDT,SELL,LIMIT,1701940554607,0.232,240.83
BCHUSDT,SELL,LIMIT,1701940556100,4.000,240.45
BCHUSDT,SELL,LIMIT,1701940557155,1.471,240.70
BCHUSDT,SELL,LIMIT,1701940559226,0.205,240.48
BCHUSDT,SELL,LIMIT,1701940562072,4.058,240.25
BCHUSDT,SELL,LIMIT,1701940563115,0.256,240.25
BCHUSDT,SELL,LIMIT,1701940564873,2.199,240.15
BCHUSDT,SELL,LIMIT,1701940566328,3.801,240.14
BCHUSDT,SELL,LIMIT,1701940568263,0.360,240.07
BCHUSDT,SELL,LIMIT,1701940569503,0.083,240.08
BCHUSDT,SELL,LIMIT,1701941072404,1.411,240.02
BCHUSDT,SELL,LIMIT,1701941074633,0.325,240.00
BCHUSDT,SELL,LIMIT,1701941076339,6.880,239.99
BCHUSDT,SELL,LIMIT,1701941113288,2.335,239.97
BCHUSDT,SELL,LIMIT,1701941148194,6.777,239.85
BCHUSDT,SELL,LIMIT,1701941151034,6.000,239.81
BCHUSDT,SELL,LIMIT,1701941152305,1.796,239.75
BCHUSDT,SELL,LIMIT,1701941153748,0.184,239.55
BCHUSDT,SELL,LIMIT,1701941155225,0.373,239.48
BCHUSDT,SELL,LIMIT,1701941156385,0.148,239.48
BCHUSDT,SELL,LIMIT,1701941158635,0.166,239.37
BCHUSDT,SELL,LIMIT,1701941160860,14.529,239.34
BCHUSDT,SELL,LIMIT,1701941169468,2.016,239.36
BCHUSDT,SELL,LIMIT,1701941173592,0.677,239.30
BCHUSDT,SELL,LIMIT,1701941174904,5.000,239.22
BCHUSDT,SELL,LIMIT,1701941176374,194.972,238.20
BCHUSDT,SELL,LIMIT,1701941182188,13.596,238.93
BCHUSDT,SELL,LIMIT,1701941183278,1.113,238.91
BCHUSDT,SELL,LIMIT,1701941186476,2.443,239.23
BCHUSDT,SELL,LIMIT,1701941187491,40.000,238.61
BCHUSDT,SELL,LIMIT,1701941188899,2.042,238.67
BCHUSDT,SELL,LIMIT,1701941190101,1.570,238.56
BCHUSDT,SELL,LIMIT,1701941192250,3.845,238.37
BCHUSDT,SELL,LIMIT,1701941226134,0.349,238.57
BCHUSDT,SELL,LIMIT,1701941234082,2.037,238.52
BCHUSDT,SELL,LIMIT,1701941236427,1.605,238.52
BCHUSDT,SELL,LIMIT,1701941238221,0.251,238.32
BCHUSDT,SELL,LIMIT,1701941243100,0.814,238.46
BCHUSDT,SELL,LIMIT,1701941245787,5.656,238.27
BCHUSDT,SELL,LIMIT,1701941247029,34.389,238.10
BCHUSDT,SELL,LIMIT,1701941256257,2.839,238.13
BCHUSDT,BUY,LIMIT,1701941783843,9.221,243.73
BCHUSDT,BUY,LIMIT,1701942413496,4.918,245.05
BCHUSDT,BUY,LIMIT,1701942428546,0.306,245.23
BCHUSDT,BUY,LIMIT,1701942641473,0.221,245.43
BCHUSDT,SELL,LIMIT,1701943462449,2.965,241.75
BCHUSDT,BUY,LIMIT,1701950266490,0.915,243.78
BCHUSDT,SELL,LIMIT,1701950638025,1.161,241.36
BCHUSDT,SELL,LIMIT,1701951918598,0.400,241.84
BCHUSDT,BUY,LIMIT,1701953976591,0.001,245.88
BCHUSDT,BUY,LIMIT,1701954115408,0.095,246.08
BCHUSDT,BUY,LIMIT,1701954130322,20.580,246.12
BCHUSDT,SELL,LIMIT,1701958789498,7.000,242.60
BCHUSDT,BUY,LIMIT,1701961431259,0.918,246.32
BCHUSDT,BUY,LIMIT,1701962409057,0.100,246.70
BCHUSDT,BUY,LIMIT,1701962520230,1.103,246.90
BCHUSDT,BUY,LIMIT,1701962651506,0.859,247.06
BCHUSDT,BUY,LIMIT,1701962686336,9.069,247.16
BCHUSDT,BUY,LIMIT,1701962743835,6.151,247.22
BCHUSDT,BUY,LIMIT,1701962824627,0.086,247.57
BCHUSDT,BUY,LIMIT,1701962830498,0.194,247.69
BCHUSDT,BUY,LIMIT,1701962837502,0.751,247.87
BCHUSDT,BUY,LIMIT,1701963021684,0.100,248.06
BCHUSDT,BUY,LIMIT,1701963034478,19.350,248.30
BCHUSDT,SELL,LIMIT,1701964914358,3.339,244.07
BCHUSDT,SELL,LIMIT,1701964936257,0.273,243.74
BCHUSDT,BUY,LIMIT,1701965041673,1.961,247.32
BCHUSDT,SELL,LIMIT,1701965439827,5.000,245.11
BCHUSDT,SELL,LIMIT,1701965805155,0.084,245.38
BCHUSDT,BUY,LIMIT,1701965808512,5.444,247.62
BCHUSDT,BUY,LIMIT,1701966807522,0.794,248.72
BCHUSDT,BUY,LIMIT,1701966819266,0.822,248.82
BCHUSDT,SELL,LIMIT,1701966850168,29.561,246.31
BCHUSDT,BUY,LIMIT,1701967257175,0.456,248.95
BCHUSDT,SELL,LIMIT,1701970997700,40.376,244.90
BCHUSDT,SELL,LIMIT,1701971373766,0.082,244.44
BCHUSDT,SELL,LIMIT,1701971380301,0.094,244.33
BCHUSDT,SELL,LIMIT,1701973752402,0.030,246.22
BCHUSDT,SELL,LIMIT,1701976868063,0.827,244.20
BCHUSDT,SELL,LIMIT,1701976881254,0.613,244.12
BCHUSDT,SELL,LIMIT,1701976893388,7.676,244.14
BCHUSDT,SELL,LIMIT,1701977167145,20.508,243.90
BCHUSDT,SELL,LIMIT,1701977168657,0.430,243.78
BCHUSDT,SELL,LIMIT,1701981556300,0.681,242.70
BCHUSDT,SELL,LIMIT,1701981580219,1.019,242.58
BCHUSDT,SELL,LIMIT,1701981629153,11.854,242.46
BCHUSDT,BUY,LIMIT,1701984196107,0.086,245.61
BCHUSDT,BUY,LIMIT,1701984580344,106.265,248.34
BCHUSDT,SELL,LIMIT,1701984772134,0.889,246.69
BCHUSDT,BUY,LIMIT,1701984791050,0.289,248.20
BCHUSDT,BUY,LIMIT,1701986952388,0.123,247.97
BCHUSDT,SELL,LIMIT,1701988402981,13.364,244.87
BCHUSDT,SELL,LIMIT,1701988555245,2.855,244.26
BCHUSDT,SELL,LIMIT,1701992818804,1.344,246.10
BCHUSDT,BUY,LIMIT,1701993942141,39.612,249.04
BCHUSDT,BUY,LIMIT,1701994068626,0.299,249.02
BCHUSDT,BUY,LIMIT,1701994313961,1.453,249.29
BCHUSDT,BUY,LIMIT,1701994881222,2.220,249.41
BCHUSDT,BUY,LIMIT,1701998269348,5.000,248.64
BCHUSDT,BUY,LIMIT,1702003946565,2.648,249.15
BCHUSDT,BUY,LIMIT,1702004042359,1.638,249.19
BCHUSDT,BUY,LIMIT,1702005483194,0.580,249.64
BCHUSDT,BUY,LIMIT,1702005516979,28.108,249.89
BCHUSDT,BUY,LIMIT,1702005529491,0.447,249.95
BCHUSDT,BUY,LIMIT,1702005669890,8.151,250.16
BCHUSDT,SELL,LIMIT,1702006372825,0.360,247.60
BCHUSDT,BUY,LIMIT,1702007171901,10.276,250.45
BCHUSDT,BUY,LIMIT,1702007260517,1.627,250.52
BCHUSDT,BUY,LIMIT,1702009676987,2.435,250.45
BCHUSDT,BUY,LIMIT,1702015946372,0.558,250.07
BCHUSDT,SELL,LIMIT,1702016876677,0.302,247.70
BCHUSDT,SELL,LIMIT,1702020149179,3.975,245.71
BCHUSDT,SELL,LIMIT,1702020224324,1.989,245.21
BCHUSDT,SELL,LIMIT,1702020540399,0.082,245.04
BCHUSDT,SELL,LIMIT,1702020636511,7.272,244.84
BCHUSDT,SELL,LIMIT,1702020641580,0.402,244.70
BCHUSDT,SELL,LIMIT,1702020642799,2.109,244.65
BCHUSDT,SELL,LIMIT,1702020664097,0.474,244.51
BCHUSDT,BUY,LIMIT,1702030241568,0.619,249.73
BCHUSDT,BUY,LIMIT,1702033813994,2.000,249.88
BCHUSDT,BUY,LIMIT,1702034997068,14.504,250.61
BCHUSDT,BUY,LIMIT,1702035164063,0.002,250.48
BCHUSDT,BUY,LIMIT,1702035174241,21.809,250.67
BCHUSDT,SELL,LIMIT,1702035190165,0.600,248.12
BCHUSDT,BUY,LIMIT,1702035195854,20.242,249.37
BCHUSDT,BUY,LIMIT,1702035220399,6.917,250.79
BCHUSDT,BUY,LIMIT,1702035561764,0.427,250.89
BCHUSDT,BUY,LIMIT,1702035663792,2.907,250.99
BCHUSDT,BUY,LIMIT,1702035734215,0.100,250.94
BCHUSDT,BUY,LIMIT,1702036083674,0.171,250.98
BCHUSDT,BUY,LIMIT,1702036193639,0.034,251.01
BCHUSDT,BUY,LIMIT,1702038481100,6.203,251.19
BCHUSDT,SELL,LIMIT,1702042231626,0.149,246.57
BCHUSDT,SELL,LIMIT,1702042232733,0.396,246.44
BCHUSDT,SELL,LIMIT,1702042233753,0.800,246.41
BCHUSDT,SELL,LIMIT,1702042234786,0.898,246.40
BCHUSDT,SELL,LIMIT,1702042238542,0.201,274.26
BCHUSDT,SELL,LIMIT,1702042247194,0.421,245.98
BCHUSDT,BUY,LIMIT,1702042982658,0.047,249.24
BCHUSDT,BUY,LIMIT,1702043343354,0.356,249.69
BCHUSDT,SELL,LIMIT,1702044260567,8.137,247.14
BCHUSDT,BUY,LIMIT,1702045467166,0.955,249.04
BCHUSDT,BUY,LIMIT,1702045885456,1.080,249.48
BCHUSDT,BUY,LIMIT,1702047700059,4.111,250.54
BCHUSDT,BUY,LIMIT,1702047876544,2.018,250.86
BCHUSDT,BUY,LIMIT,1702048108127,0.053,250.81
BCHUSDT,BUY,LIMIT,1702050456356,0.813,250.51
BCHUSDT,BUY,LIMIT,1702051257194,0.744,251.02
BCHUSDT,SELL,LIMIT,1702051261232,0.405,248.59
BCHUSDT,BUY,LIMIT,1702051270893,18.836,251.20
BCHUSDT,BUY,LIMIT,1702051277830,0.251,251.31
BCHUSDT,BUY,LIMIT,1702051279630,3.066,251.35
BCHUSDT,BUY,LIMIT,1702051298216,0.161,251.54
BCHUSDT,BUY,LIMIT,1702051305706,0.342,251.66
BCHUSDT,BUY,LIMIT,1702051311336,0.081,251.89
BCHUSDT,BUY,LIMIT,1702051320094,0.388,252.02
BCHUSDT,BUY,LIMIT,1702051333165,1.208,252.40
BCHUSDT,BUY,LIMIT,1702051334396,4.173,252.45
BCHUSDT,BUY,LIMIT,1702051335459,11.079,252.93
BCHUSDT,BUY,LIMIT,1702051336476,1.709,252.83
BCHUSDT,BUY,LIMIT,1702051415459,0.758,253.13
BCHUSDT,BUY,LIMIT,1702051430440,0.461,253.33
BCHUSDT,BUY,LIMIT,1702051515200,2.351,252.88
BCHUSDT,BUY,LIMIT,1702051955204,0.844,252.47
BCHUSDT,BUY,LIMIT,1702052161449,0.201,252.89
BCHUSDT,BUY,LIMIT,1702053724918,0.313,253.48
BCHUSDT,SELL,LIMIT,1702055304821,0.153,249.52
BCHUSDT,SELL,LIMIT,1702056272334,19.267,249.62
BCHUSDT,BUY,LIMIT,1702058213913,1.000,252.88
BCHUSDT,BUY,LIMIT,1702060365090,0.982,253.77
BCHUSDT,SELL,LIMIT,1702062094746,0.050,250.20
BCHUSDT,BUY,LIMIT,1702064195892,0.155,253.67
BCHUSDT,BUY,LIMIT,1702065875623,2.333,254.24
BCHUSDT,BUY,LIMIT,1702065893553,0.082,254.28
BCHUSDT,BUY,LIMIT,1702065942715,0.237,254.30
BCHUSDT,BUY,LIMIT,1702065973325,1.202,254.42
BCHUSDT,BUY,LIMIT,1702066012965,3.883,254.53
BCHUSDT,BUY,LIMIT,1702066091781,0.467,254.58
BCHUSDT,BUY,LIMIT,1702066248644,1.885,254.69
BCHUSDT,BUY,LIMIT,1702066989151,0.257,254.78
BCHUSDT,BUY,LIMIT,1702067054272,0.240,254.88
BCHUSDT,BUY,LIMIT,1702067078607,0.501,254.90
BCHUSDT,BUY,LIMIT,1702067132922,17.046,255.03
BCHUSDT,BUY,LIMIT,1702068025354,0.190,255.12
BCHUSDT,BUY,LIMIT,1702068028400,0.295,255.14
BCHUSDT,BUY,LIMIT,1702068087469,0.124,255.24
BCHUSDT,BUY,LIMIT,1702068216250,0.243,255.56
BCHUSDT,BUY,LIMIT,1702068277148,0.473,255.66
BCHUSDT,BUY,LIMIT,1702068985100,19.744,255.18
BCHUSDT,BUY,LIMIT,1702069043203,8.761,255.39
BCHUSDT,BUY,LIMIT,1702069048992,1.000,255.37
BCHUSDT,BUY,LIMIT,1702070611297,4.074,255.02
BCHUSDT,BUY,LIMIT,1702070660724,19.327,255.18
BCHUSDT,BUY,LIMIT,1702070678188,4.708,255.25
BCHUSDT,BUY,LIMIT,1702070735327,0.134,255.14
BCHUSDT,BUY,LIMIT,1702071177375,0.942,255.72
BCHUSDT,BUY,LIMIT,1702071215004,4.908,255.86
BCHUSDT,BUY,LIMIT,1702071217045,2.784,255.89
BCHUSDT,BUY,LIMIT,1702072671667,0.047,255.54
BCHUSDT,SELL,LIMIT,1702076035156,0.176,251.39
BCHUSDT,BUY,LIMIT,1702077663931,0.304,254.03
BCHUSDT,BUY,LIMIT,1702078173333,0.115,254.34
BCHUSDT,BUY,LIMIT,1702078182357,6.480,254.48
BCHUSDT,BUY,LIMIT,1702078609448,0.198,254.59
BCHUSDT,SELL,LIMIT,1702078764399,12.613,252.37
BCHUSDT,BUY,LIMIT,1702078961630,0.373,255.11
BCHUSDT,BUY,LIMIT,1702080397728,0.296,256.17
BCHUSDT,BUY,LIMIT,1702080859310,0.137,256.24
BCHUSDT,BUY,LIMIT,1702081183104,2.418,256.07
BCHUSDT,BUY,LIMIT,1702081229517,8.091,256.14
BCHUSDT,SELL,LIMIT,1702081364752,1.132,253.58
BCHUSDT,BUY,LIMIT,1702081562739,40.000,256.52
BCHUSDT,BUY,LIMIT,1702081641200,0.082,256.28
BCHUSDT,BUY,LIMIT,1702081643931,0.358,256.36
BCHUSDT,BUY,LIMIT,1702081646391,0.125,256.37
BCHUSDT,BUY,LIMIT,1702081663162,0.234,256.39
BCHUSDT,BUY,LIMIT,1702081706761,1.685,256.44
BCHUSDT,BUY,LIMIT,1702081767086,0.359,256.67
BCHUSDT,BUY,LIMIT,1702081771529,0.102,256.69
BCHUSDT,BUY,LIMIT,1702081813826,5.212,256.99
BCHUSDT,BUY,LIMIT,1702081818175,5.000,257.05
BCHUSDT,BUY,LIMIT,1702081828632,0.105,257.17
BCHUSDT,BUY,LIMIT,1702082094847,2.096,257.13
BCHUSDT,BUY,LIMIT,1702082106887,1.500,257.27
BCHUSDT,BUY,LIMIT,1702082974938,0.301,256.81
BCHUSDT,BUY,LIMIT,1702083126195,0.754,256.70
BCHUSDT,BUY,LIMIT,1702083500194,5.000,256.33
BCHUSDT,BUY,LIMIT,1702083511276,0.729,256.33
BCHUSDT,BUY,LIMIT,1702083647471,7.283,256.20
BCHUSDT,BUY,LIMIT,1702083899224,0.301,255.47
BCHUSDT,SELL,LIMIT,1702083942270,0.258,252.54
BCHUSDT,SELL,LIMIT,1702084027243,11.117,252.41
BCHUSDT,SELL,LIMIT,1702084028317,9.992,252.37
BCHUSDT,SELL,LIMIT,1702084047549,1.566,252.10
BCHUSDT,SELL,LIMIT,1702084091186,5.178,251.49
BCHUSDT,SELL,LIMIT,1702084092741,5.096,251.44
BCHUSDT,BUY,LIMIT,1702085555501,0.954,254.68
BCHUSDT,BUY,LIMIT,1702085874241,1.485,255.64
BCHUSDT,BUY,LIMIT,1702085900320,0.047,255.68
BCHUSDT,BUY,LIMIT,1702086536138,16.496,256.41
BCHUSDT,BUY,LIMIT,1702091601107,1.754,255.41
BCHUSDT,BUY,LIMIT,1702091727483,0.248,255.38
BCHUSDT,SELL,LIMIT,1702091743027,0.081,285.60
BCHUSDT,BUY,LIMIT,1702091767063,0.699,255.39
BCHUSDT,SELL,LIMIT,1702091788085,0.001,357.70
BCHUSDT,BUY,LIMIT,1702091856317,0.086,255.48
BCHUSDT,BUY,LIMIT,1702091934127,1.000,255.96
BCHUSDT,BUY,LIMIT,1702091943938,0.176,255.98
BCHUSDT,BUY,LIMIT,1702092590443,0.406,256.08
BCHUSDT,BUY,LIMIT,1702094616202,0.410,255.78
BCHUSDT,BUY,LIMIT,1702094617865,0.494,255.78
BCHUSDT,BUY,LIMIT,1702094628258,0.915,255.72
BCHUSDT,BUY,LIMIT,1702094740271,7.420,255.92
BCHUSDT,BUY,LIMIT,1702094842795,0.584,256.11
BCHUSDT,BUY,LIMIT,1702095980068,3.239,256.72
BCHUSDT,BUY,LIMIT,1702096174310,0.567,256.61
BCHUSDT,BUY,LIMIT,1702096469236,0.798,256.84
BCHUSDT,BUY,LIMIT,1702096833751,1.200,256.97
BCHUSDT,BUY,LIMIT,1702097212156,0.769,257.00
BCHUSDT,BUY,LIMIT,1702097489383,0.137,257.32
BCHUSDT,BUY,LIMIT,1702097844119,5.285,257.20
BCHUSDT,BUY,LIMIT,1702098024401,0.582,257.48
BCHUSDT,BUY,LIMIT,1702098062168,0.671,257.61
BCHUSDT,BUY,LIMIT,1702098183158,2.076,258.31
BCHUSDT,BUY,LIMIT,1702098198125,0.082,258.38
BCHUSDT,BUY,LIMIT,1702098215393,28.789,258.66
BCHUSDT,BUY,LIMIT,1702098224100,40.113,258.75
BCHUSDT,BUY,LIMIT,1702098227076,23.401,258.65
BCHUSDT,BUY,LIMIT,1702098309433,96.443,259.52
BCHUSDT,BUY,LIMIT,1702098313005,1.571,258.77
BCHUSDT,BUY,LIMIT,1702098320252,0.176,258.81
BCHUSDT,BUY,LIMIT,1702098321434,1.309,258.81
BCHUSDT,BUY,LIMIT,1702098326060,0.500,259.02
BCHUSDT,BUY,LIMIT,1702098328849,6.562,259.13
BCHUSDT,BUY,LIMIT,1702098423018,0.780,259.27
BCHUSDT,BUY,LIMIT,1702098429271,6.250,259.30
BCHUSDT,BUY,LIMIT,1702098472307,0.104,259.35
BCHUSDT,BUY,LIMIT,1702098481225,10.925,259.48
BCHUSDT,BUY,LIMIT,1702098485520,0.742,259.54
BCHUSDT,BUY,LIMIT,1702101204887,2.354,257.52
BCHUSDT,SELL,LIMIT,1702101329640,19.372,254.72
BCHUSDT,BUY,LIMIT,1702102361560,0.762,257.75
BCHUSDT,BUY,LIMIT,1702102809508,1.765,257.91
BCHUSDT,BUY,LIMIT,1702102929864,0.759,257.97
BCHUSDT,BUY,LIMIT,1702103212393,2.157,258.75
BCHUSDT,BUY,LIMIT,1702103376622,0.754,258.70
BCHUSDT,BUY,LIMIT,1702104505077,0.942,258.17
BCHUSDT,BUY,LIMIT,1702106298706,2.159,258.43
BCHUSDT,BUY,LIMIT,1702106888279,0.544,257.46
BCHUSDT,BUY,LIMIT,1702107825455,0.101,257.85
BCHUSDT,BUY,LIMIT,1702108074303,0.739,258.85
BCHUSDT,SELL,LIMIT,1702108293834,0.045,256.70
BCHUSDT,BUY,LIMIT,1702108391947,6.615,259.42
BCHUSDT,BUY,LIMIT,1702108513287,2.797,259.37
BCHUSDT,SELL,LIMIT,1702108729814,0.026,267.10
BCHUSDT,BUY,LIMIT,1702109010082,0.800,259.27
BCHUSDT,BUY,LIMIT,1702109102696,0.308,259.41
BCHUSDT,BUY,LIMIT,1702109151519,19.607,259.48
BCHUSDT,BUY,LIMIT,1702109201208,0.216,259.83
BCHUSDT,BUY,LIMIT,1702109217114,0.136,259.93
BCHUSDT,BUY,LIMIT,1702109234212,1.965,260.09
BCHUSDT,BUY,LIMIT,1702109244834,0.353,260.15
BCHUSDT,BUY,LIMIT,1702109264947,3.181,260.35
BCHUSDT,BUY,LIMIT,1702109370444,0.181,260.35
BCHUSDT,BUY,LIMIT,1702109373612,7.727,260.44
BCHUSDT,BUY,LIMIT,1702109477131,1.193,259.77
BCHUSDT,BUY,LIMIT,1702109557621,2.000,259.32
BCHUSDT,SELL,LIMIT,1702109722238,0.214,257.02
BCHUSDT,BUY,LIMIT,1702109751572,14.142,259.63
BCHUSDT,SELL,LIMIT,1702109841926,0.033,257.19
BCHUSDT,BUY,LIMIT,1702109881353,1.952,256.17
BCHUSDT,BUY,LIMIT,1702110220094,0.188,260.61
BCHUSDT,BUY,LIMIT,1702110270242,3.589,260.81
BCHUSDT,BUY,LIMIT,1702110273111,252.451,262.63
BCHUSDT,SELL,LIMIT,1702110717455,0.582,257.13
BCHUSDT,SELL,LIMIT,1702110878272,1.362,256.20
BCHUSDT,SELL,LIMIT,1702110904274,2.026,255.96
BCHUSDT,SELL,LIMIT,1702110907175,0.304,255.73
BCHUSDT,SELL,LIMIT,1702110910574,1.823,255.67
BCHUSDT,SELL,LIMIT,1702110913601,0.398,255.62
BCHUSDT,SELL,LIMIT,1702110924064,1.544,255.48
BCHUSDT,SELL,LIMIT,1702110972234,0.177,255.07
BCHUSDT,SELL,LIMIT,1702110973728,0.080,255.03
BCHUSDT,SELL,LIMIT,1702110976154,0.189,254.84
BCHUSDT,SELL,LIMIT,1702110977790,1.500,254.77
BCHUSDT,SELL,LIMIT,1702110982451,0.848,254.61
BCHUSDT,SELL,LIMIT,1702110986015,0.146,254.41
BCHUSDT,SELL,LIMIT,1702111022918,0.322,254.22
BCHUSDT,SELL,LIMIT,1702111026632,7.764,253.82
BCHUSDT,SELL,LIMIT,1702111029155,3.301,253.72
BCHUSDT,SELL,LIMIT,1702111037169,6.746,253.02
BCHUSDT,SELL,LIMIT,1702111038420,0.086,253.00
BCHUSDT,SELL,LIMIT,1702111040204,0.853,252.67
BCHUSDT,SELL,LIMIT,1702111041595,193.072,251.50
BCHUSDT,SELL,LIMIT,1702111042862,0.082,252.46
BCHUSDT,SELL,LIMIT,1702111043952,0.116,252.22
BCHUSDT,SELL,LIMIT,1702111045469,19.147,251.68
BCHUSDT,SELL,LIMIT,1702111369464,9.695,252.09
BCHUSDT,SELL,LIMIT,1702111373073,38.519,251.73
BCHUSDT,SELL,LIMIT,1702111375495,4.410,251.74
BCHUSDT,SELL,LIMIT,1702111377771,0.692,251.68
BCHUSDT,SELL,LIMIT,1702111380426,0.217,251.40
BCHUSDT,SELL,LIMIT,1702111381525,1.062,251.34
BCHUSDT,SELL,LIMIT,1702111382720,1.023,251.21
BCHUSDT,SELL,LIMIT,1702111386335,5.857,251.07
BCHUSDT,SELL,LIMIT,1702111387425,1.571,250.97
BCHUSDT,SELL,LIMIT,1702111389420,3.098,250.72
BCHUSDT,BUY,LIMIT,1702112498709,4.000,257.18
BCHUSDT,BUY,LIMIT,1702113414392,0.456,257.66
BCHUSDT,BUY,LIMIT,1702114316669,1.848,258.57
BCHUSDT,BUY,LIMIT,1702114323665,0.100,258.54
BCHUSDT,SELL,LIMIT,1702115032382,0.304,253.91
BCHUSDT,SELL,LIMIT,1702115041122,0.079,253.83
BCHUSDT,SELL,LIMIT,1702121169568,5.137,252.45
BCHUSDT,SELL,LIMIT,1702121363728,0.079,252.33
BCHUSDT,BUY,LIMIT,1702126017269,0.503,257.78
BCHUSDT,BUY,LIMIT,1702126026142,1.473,257.83
BCHUSDT,BUY,LIMIT,1702126029322,3.619,257.91
BCHUSDT,BUY,LIMIT,1702126131268,0.300,258.50
BCHUSDT,BUY,LIMIT,1702126135308,0.195,258.60
BCHUSDT,BUY,LIMIT,1702126179930,2.686,259.03
BCHUSDT,BUY,LIMIT,1702126209615,0.173,259.32
BCHUSDT,BUY,LIMIT,1702126242194,15.000,259.75
BCHUSDT,BUY,LIMIT,1702126279371,38.189,260.09
BCHUSDT,BUY,LIMIT,1702126288462,11.463,260.34
BCHUSDT,BUY,LIMIT,1702126297493,0.517,260.64
BCHUSDT,BUY,LIMIT,1702126609470,0.500,260.84
BCHUSDT,BUY,LIMIT,1702127024023,0.851,261.02
BCHUSDT,BUY,LIMIT,1702127026154,0.808,261.20
BCHUSDT,BUY,LIMIT,1702127029319,12.661,261.51
BCHUSDT,BUY,LIMIT,1702127038212,3.708,261.69
BCHUSDT,BUY,LIMIT,1702127041271,2.163,261.91
BCHUSDT,BUY,LIMIT,1702127046455,0.082,262.09
BCHUSDT,BUY,LIMIT,1702127062680,1.830,262.36
BCHUSDT,BUY,LIMIT,1702127087389,4.731,262.70
BCHUSDT,BUY,LIMIT,1702127095293,0.131,263.04
BCHUSDT,BUY,LIMIT,1702127111406,0.888,263.23
BCHUSDT,BUY,LIMIT,1702127113072,1.185,263.47
BCHUSDT,BUY,LIMIT,1702127115299,0.084,263.88
BCHUSDT,BUY,LIMIT,1702127128154,0.743,263.94
BCHUSDT,BUY,LIMIT,1702127129172,0.316,264.08
BCHUSDT,BUY,LIMIT,1702127134913,0.464,264.12
BCHUSDT,BUY,LIMIT,1702127144516,0.493,264.24
BCHUSDT,BUY,LIMIT,1702127148308,0.456,264.40
BCHUSDT,SELL,LIMIT,1702127623538,0.295,259.16
BCHUSDT,SELL,LIMIT,1702127671541,1.833,258.61
BCHUSDT,SELL,LIMIT,1702127822477,2.000,258.06
BCHUSDT,SELL,LIMIT,1702130038684,0.077,257.81
BCHUSDT,SELL,LIMIT,1702130498122,5.078,257.70
BCHUSDT,SELL,LIMIT,1702131693441,15.605,257.10
BCHUSDT,SELL,LIMIT,1702131694990,0.252,257.08
BCHUSDT,SELL,LIMIT,1702131696329,3.404,257.02
BCHUSDT,SELL,LIMIT,1702131823208,0.661,256.90
BCHUSDT,SELL,LIMIT,1702132599044,1.397,255.93
BCHUSDT,SELL,LIMIT,1702132797367,2.711,255.28
BCHUSDT,SELL,LIMIT,1702132810054,1.849,255.23
BCHUSDT,SELL,LIMIT,1702132825222,2.908,255.02
BCHUSDT,SELL,LIMIT,1702132828592,4.314,254.93
BCHUSDT,SELL,LIMIT,1702132862626,0.116,254.83
BCHUSDT,SELL,LIMIT,1702132993210,6.894,254.68
BCHUSDT,SELL,LIMIT,1702132995499,125.000,253.70
BCHUSDT,SELL,LIMIT,1702133000237,3.835,254.07
BCHUSDT,SELL,LIMIT,1702133001267,4.043,253.86
BCHUSDT,SELL,LIMIT,1702133003505,0.829,253.64
BCHUSDT,SELL,LIMIT,1702133004892,1.959,253.64
BCHUSDT,SELL,LIMIT,1702133006486,19.426,253.47
BCHUSDT,SELL,LIMIT,1702133007553,0.365,253.55
BCHUSDT,SELL,LIMIT,1702133009091,1.933,253.45
BCHUSDT,SELL,LIMIT,1702133024059,0.400,253.34
BCHUSDT,SELL,LIMIT,1702133025219,71.188,252.58
BCHUSDT,SELL,LIMIT,1702133378383,2.000,252.84
BCHUSDT,BUY,LIMIT,1702137085345,17.374,258.40
BCHUSDT,SELL,LIMIT,1702138954511,0.165,253.91
BCHUSDT,SELL,LIMIT,1702139004896,0.178,253.62
BCHUSDT,SELL,LIMIT,1702139008151,0.500,253.56
BCHUSDT,SELL,LIMIT,1702139107146,2.052,253.47
BCHUSDT,SELL,LIMIT,1702139114690,8.682,253.44
BCHUSDT,SELL,LIMIT,1702139122962,8.786,253.37
BCHUSDT,SELL,LIMIT,1702139243659,0.146,252.96
BCHUSDT,SELL,LIMIT,1702139248204,0.719,252.91
BCHUSDT,SELL,LIMIT,1702139249361,4.832,252.91
BCHUSDT,SELL,LIMIT,1702139264333,0.286,252.79
BCHUSDT,SELL,LIMIT,1702139275425,3.603,252.50
BCHUSDT,SELL,LIMIT,1702139279772,17.178,252.46
BCHUSDT,SELL,LIMIT,1702139285545,9.613,252.37
BCHUSDT,SELL,LIMIT,1702139286561,1.363,252.24
BCHUSDT,SELL,LIMIT,1702139290995,0.070,252.19
BCHUSDT,SELL,LIMIT,1702139296554,0.336,252.10
BCHUSDT,SELL,LIMIT,1702139298206,0.254,251.94
BCHUSDT,SELL,LIMIT,1702139305598,0.290,251.84
BCHUSDT,SELL,LIMIT,1702139306757,9.901,251.80
BCHUSDT,SELL,LIMIT,1702141633227,0.129,251.96
BCHUSDT,SELL,LIMIT,1702141658245,1.474,251.86
BCHUSDT,SELL,LIMIT,1702141660235,1.463,251.57
BCHUSDT,SELL,LIMIT,1702141702199,1.318,251.44
BCHUSDT,SELL,LIMIT,1702141703938,0.923,251.42
BCHUSDT,SELL,LIMIT,1702141705629,19.076,251.40
BCHUSDT,SELL,LIMIT,1702141707296,0.923,251.27
BCHUSDT,SELL,LIMIT,1702141708328,0.381,251.31
BCHUSDT,SELL,LIMIT,1702141749554,13.418,251.27
BCHUSDT,SELL,LIMIT,1702141755531,0.923,251.26
BCHUSDT,SELL,LIMIT,1702141757916,0.923,251.19
BCHUSDT,SELL,LIMIT,1702141848305,0.323,251.64
BCHUSDT,SELL,LIMIT,1702141849351,0.923,250.95
BCHUSDT,SELL,LIMIT,1702141851307,5.012,250.91
BCHUSDT,SELL,LIMIT,1702142469452,0.084,253.64
BCHUSDT,SELL,LIMIT,1702144644398,1.210,252.58
BCHUSDT,SELL,LIMIT,1702144802285,48.353,250.67
BCHUSDT,BUY,LIMIT,1702147816167,14.850,255.72
BCHUSDT,BUY,LIMIT,1702148732066,0.799,256.15
BCHUSDT,BUY,LIMIT,1702149117150,0.107,256.68
BCHUSDT,BUY,LIMIT,1702149997138,0.591,257.05
BCHUSDT,SELL,LIMIT,1702150146339,0.689,255.04
BCHUSDT,SELL,LIMIT,1702153879162,0.407,253.20
BCHUSDT,SELL,LIMIT,1702156530546,62.222,254.21
BCHUSDT,BUY,LIMIT,1702157152657,17.650,258.19
BCHUSDT,BUY,LIMIT,1702157153854,3.043,258.30
BCHUSDT,SELL,LIMIT,1702159926401,0.133,256.93
BCHUSDT,SELL,LIMIT,1702164105712,17.822,253.11
BCHUSDT,SELL,LIMIT,1702164202487,0.740,252.59
BCHUSDT,SELL,LIMIT,1702164209614,0.195,252.41
BCHUSDT,SELL,LIMIT,1702164500584,1.479,252.27
BCHUSDT,SELL,LIMIT,1702164511494,8.000,252.17
BCHUSDT,SELL,LIMIT,1702164530273,0.175,252.06
BCHUSDT,SELL,LIMIT,1702164533079,0.858,251.90
BCHUSDT,SELL,LIMIT,1702164543238,6.300,251.60
BCHUSDT,SELL,LIMIT,1702164545235,0.371,251.49
BCHUSDT,SELL,LIMIT,1702164549578,2.018,251.48
BCHUSDT,SELL,LIMIT,1702164569438,8.620,251.61
BCHUSDT,SELL,LIMIT,1702164684272,19.764,251.44
BCHUSDT,SELL,LIMIT,1702164744302,0.294,251.25
BCHUSDT,SELL,LIMIT,1702164747642,0.100,251.04
BCHUSDT,SELL,LIMIT,1702164749284,13.899,250.86
BCHUSDT,SELL,LIMIT,1702164751602,2.951,250.80
BCHUSDT,SELL,LIMIT,1702164752940,1.461,250.75
BCHUSDT,SELL,LIMIT,1702164756052,19.624,250.69
BCHUSDT,SELL,LIMIT,1702164765383,11.727,250.64
BCHUSDT,SELL,LIMIT,1702164797885,99.941,249.63
BCHUSDT,SELL,LIMIT,1702164800320,2.099,250.33
BCHUSDT,SELL,LIMIT,1702164801469,0.685,249.77
BCHUSDT,SELL,LIMIT,1702164803010,0.903,249.75
BCHUSDT,SELL,LIMIT,1702164804234,1.161,249.75
BCHUSDT,SELL,LIMIT,1702164805706,38.607,249.47
BCHUSDT,SELL,LIMIT,1702164806712,6.165,249.74
BCHUSDT,SELL,LIMIT,1702164807953,4.303,249.52
BCHUSDT,SELL,LIMIT,1702164809167,15.393,249.36
BCHUSDT,SELL,LIMIT,1702164810320,1.832,249.23
BCHUSDT,SELL,LIMIT,1702164811459,10.674,249.33
BCHUSDT,SELL,LIMIT,1702164865543,11.968,249.30
BCHUSDT,BUY,LIMIT,1702165344419,1.770,253.21
BCHUSDT,BUY,LIMIT,1702165926109,2.485,254.20
BCHUSDT,BUY,LIMIT,1702169121916,12.182,255.82
BCHUSDT,SELL,LIMIT,1702171841143,3.638,254.24
BCHUSDT,SELL,LIMIT,1702189913486,0.584,252.58
BCHUSDT,SELL,LIMIT,1702191383679,4.055,251.63
BCHUSDT,SELL,LIMIT,1702191386357,1.514,251.62
BCHUSDT,SELL,LIMIT,1702191398113,15.939,251.45
BCHUSDT,SELL,LIMIT,1702191399315,15.425,251.51
BCHUSDT,SELL,LIMIT,1702192713787,1.964,251.18
BCHUSDT,SELL,LIMIT,1702192805463,0.195,250.87
BCHUSDT,SELL,LIMIT,1702192863316,2.804,250.75
BCHUSDT,SELL,LIMIT,1702192875713,7.744,250.55
BCHUSDT,SELL,LIMIT,1702192881339,2.408,250.46
BCHUSDT,SELL,LIMIT,1702193700362,5.832,250.36
BCHUSDT,SELL,LIMIT,1702193733171,14.416,250.22
BCHUSDT,SELL,LIMIT,1702193844659,0.400,250.18
BCHUSDT,SELL,LIMIT,1702193858209,2.127,249.86
BCHUSDT,SELL,LIMIT,1702196633780,5.000,250.43
BCHUSDT,SELL,LIMIT,1702197052726,0.500,249.74
BCHUSDT,SELL,LIMIT,1702197090380,19.661,249.38
BCHUSDT,SELL,LIMIT,1702197439215,14.594,249.54
BCHUSDT,SELL,LIMIT,1702197852107,5.000,249.22
BCHUSDT,BUY,LIMIT,1702198617179,4.364,252.12
BCHUSDT,SELL,LIMIT,1702200326233,4.461,249.02
BCHUSDT,SELL,LIMIT,1702200443074,0.204,248.85
BCHUSDT,SELL,LIMIT,1702200452053,0.083,248.61
BCHUSDT,SELL,LIMIT,1702200616525,0.083,248.59
BCHUSDT,SELL,LIMIT,1702200618432,8.429,248.55
BCHUSDT,SELL,LIMIT,1702200650081,0.440,248.45
BCHUSDT,SELL,LIMIT,1702200688287,0.082,248.30
BCHUSDT,SELL,LIMIT,1702200728593,0.793,247.91
BCHUSDT,SELL,LIMIT,1702200730145,0.952,247.82
BCHUSDT,SELL,LIMIT,1702200731161,0.093,247.79
BCHUSDT,SELL,LIMIT,1702200732382,0.012,247.62
BCHUSDT,SELL,LIMIT,1702200737434,0.946,247.45
BCHUSDT,SELL,LIMIT,1702200738589,16.971,247.42
BCHUSDT,SELL,LIMIT,1702200742005,35.000,247.18
BCHUSDT,SELL,LIMIT,1702200753523,0.079,247.48
BCHUSDT,SELL,LIMIT,1702200884951,5.000,247.33
BCHUSDT,SELL,LIMIT,1702200891635,1.654,247.15
BCHUSDT,SELL,LIMIT,1702200893029,0.100,247.14
BCHUSDT,SELL,LIMIT,1702200934489,0.845,246.97
BCHUSDT,SELL,LIMIT,1702200937134,8.731,246.86
BCHUSDT,SELL,LIMIT,1702201474034,0.779,246.88
BCHUSDT,SELL,LIMIT,1702201475418,0.783,246.80
BCHUSDT,SELL,LIMIT,1702201482714,1.194,246.68
BCHUSDT,SELL,LIMIT,1702201980199,0.063,246.61
BCHUSDT,SELL,LIMIT,1702202014765,6.106,246.58
BCHUSDT,SELL,LIMIT,1702202016787,0.394,246.58
BCHUSDT,SELL,LIMIT,1702202023135,12.080,246.48
BCHUSDT,SELL,LIMIT,1702202043605,1.865,246.31
BCHUSDT,SELL,LIMIT,1702202050558,1.104,246.13
BCHUSDT,SELL,LIMIT,1702202056152,4.636,246.09
BCHUSDT,SELL,LIMIT,1702202060684,0.880,246.00
BCHUSDT,SELL,LIMIT,1702202081919,159.898,244.95
BCHUSDT,SELL,LIMIT,1702202085200,6.107,245.85
BCHUSDT,SELL,LIMIT,1702202090128,13.927,245.85
BCHUSDT,SELL,LIMIT,1702202151028,7.046,245.92
BCHUSDT,SELL,LIMIT,1702202193570,0.082,245.80
BCHUSDT,SELL,LIMIT,1702202256472,10.541,245.74
BCHUSDT,SELL,LIMIT,1702202259389,0.880,245.62
BCHUSDT,SELL,LIMIT,1702202262251,0.973,245.47
BCHUSDT,SELL,LIMIT,1702202267739,0.196,245.47
BCHUSDT,SELL,LIMIT,1702202269588,7.671,245.47
BCHUSDT,SELL,LIMIT,1702202271404,0.485,245.43
BCHUSDT,SELL,LIMIT,1702202280117,44.117,245.16
BCHUSDT,SELL,LIMIT,1702202290576,5.000,245.23
BCHUSDT,SELL,LIMIT,1702202293436,1.315,245.15
BCHUSDT,SELL,LIMIT,1702202296212,5.472,245.03
BCHUSDT,SELL,LIMIT,1702202297521,0.314,244.97
BCHUSDT,SELL,LIMIT,1702202303613,10.000,244.45
BCHUSDT,SELL,LIMIT,1702202304834,1.465,244.37
BCHUSDT,SELL,LIMIT,1702202313316,0.200,244.30
BCHUSDT,SELL,LIMIT,1702202318310,0.704,244.29
BCHUSDT,SELL,LIMIT,1702202321080,4.830,244.17
BCHUSDT,SELL,LIMIT,1702202323168,0.511,244.11
BCHUSDT,SELL,LIMIT,1702202324363,3.523,244.08
BCHUSDT,SELL,LIMIT,1702202369180,2.000,244.07
BCHUSDT,SELL,LIMIT,1702202370292,0.704,244.09
BCHUSDT,SELL,LIMIT,1702202372486,0.704,244.11
BCHUSDT,SELL,LIMIT,1702202380131,0.704,243.94
BCHUSDT,SELL,LIMIT,1702202381492,1.109,244.01
BCHUSDT,SELL,LIMIT,1702202383248,2.314,243.90
BCHUSDT,SELL,LIMIT,1702202385049,5.912,243.86
BCHUSDT,SELL,LIMIT,1702202387136,0.704,243.89
BCHUSDT,SELL,LIMIT,1702202389092,0.704,243.86
BCHUSDT,SELL,LIMIT,1702202390401,1.999,244.29
BCHUSDT,SELL,LIMIT,1702202392728,0.474,243.84
BCHUSDT,SELL,LIMIT,1702202399114,2.028,243.59
BCHUSDT,SELL,LIMIT,1702202400126,0.704,243.56
BCHUSDT,SELL,LIMIT,1702202403355,0.195,243.56
BCHUSDT,BUY,LIMIT,1702210731187,0.258,250.17
BCHUSDT,BUY,LIMIT,1702210733374,1.833,250.23
BCHUSDT,BUY,LIMIT,1702210778134,0.303,250.35
BCHUSDT,BUY,LIMIT,1702210843218,1.391,250.44
BCHUSDT,BUY,LIMIT,1702217765173,12.142,251.08
BCHUSDT,BUY,LIMIT,1702218579004,7.694,251.20
BCHUSDT,BUY,LIMIT,1702218611449,10.358,251.38
BCHUSDT,BUY,LIMIT,1702218661175,1.196,252.02
BCHUSDT,BUY,LIMIT,1702218663191,20.138,252.13
BCHUSDT,BUY,LIMIT,1702218664578,14.461,252.13
BCHUSDT,BUY,LIMIT,1702218672024,0.174,252.36
BCHUSDT,BUY,LIMIT,1702219611813,2.142,251.32
BCHUSDT,BUY,LIMIT,1702227473078,0.200,251.48
BCHUSDT,SELL,LIMIT,1702230257849,8.806,247.53
BCHUSDT,BUY,LIMIT,1702233064381,0.805,252.21
BCHUSDT,BUY,LIMIT,1702238596401,1.215,252.32
BCHUSDT,BUY,LIMIT,1702239148354,4.000,252.27
BCHUSDT,SELL,LIMIT,1702239159588,2.685,250.16
BCHUSDT,BUY,LIMIT,1702240325249,24.019,252.55
BCHUSDT,BUY,LIMIT,1702240764155,0.399,253.14
BCHUSDT,BUY,LIMIT,1702240779058,0.401,253.15
BCHUSDT,BUY,LIMIT,1702241237105,1.256,253.73
BCHUSDT,BUY,LIMIT,1702241346357,0.290,253.70
BCHUSDT,BUY,LIMIT,1702241347575,10.000,253.56
BCHUSDT,BUY,LIMIT,1702241561087,12.012,253.84
BCHUSDT,BUY,LIMIT,1702241638361,194.204,255.11
BCHUSDT,BUY,LIMIT,1702241761337,0.481,254.18
BCHUSDT,BUY,LIMIT,1702241935234,0.115,254.53
BCHUSDT,BUY,LIMIT,1702242008381,5.523,254.65
BCHUSDT,SELL,LIMIT,1702256121242,0.345,248.86
BCHUSDT,SELL,LIMIT,1702256160638,3.540,248.75
BCHUSDT,SELL,LIMIT,1702256269686,0.085,248.38
BCHUSDT,SELL,LIMIT,1702256349834,0.094,248.25
BCHUSDT,SELL,LIMIT,1702256441518,0.584,248.00
BCHUSDT,SELL,LIMIT,1702256472492,8.666,248.10
BCHUSDT,SELL,LIMIT,1702256496954,0.194,247.77
BCHUSDT,SELL,LIMIT,1702256501195,4.064,247.47
BCHUSDT,SELL,LIMIT,1702256505477,2.993,247.33
BCHUSDT,SELL,LIMIT,1702256582637,1.530,247.21
BCHUSDT,SELL,LIMIT,1702256586603,1.000,247.20
BCHUSDT,SELL,LIMIT,1702256609431,0.417,247.08
BCHUSDT,SELL,LIMIT,1702256615692,1.825,246.86
BCHUSDT,SELL,LIMIT,1702256617676,35.427,246.58
BCHUSDT,SELL,LIMIT,1702256620605,0.191,246.61
BCHUSDT,SELL,LIMIT,1702256673063,3.004,246.41
BCHUSDT,SELL,LIMIT,1702256715249,1.635,246.25
BCHUSDT,SELL,LIMIT,1702256716580,0.746,245.99
BCHUSDT,SELL,LIMIT,1702256917547,80.042,244.84
BCHUSDT,SELL,LIMIT,1702256976595,0.479,245.31
BCHUSDT,SELL,LIMIT,1702256994800,0.299,245.11
BCHUSDT,SELL,LIMIT,1702256996201,0.144,245.48
BCHUSDT,SELL,LIMIT,1702257008485,0.296,245.03
BCHUSDT,SELL,LIMIT,1702258913128,0.161,247.15
BCHUSDT,SELL,LIMIT,1702260257451,0.311,246.88
BCHUSDT,SELL,LIMIT,1702260277309,0.180,246.81
BCHUSDT,SELL,LIMIT,1702260281044,0.074,246.73
BCHUSDT,SELL,LIMIT,1702260286379,3.000,246.18
BCHUSDT,SELL,LIMIT,1702260421205,2.752,245.92
BCHUSDT,SELL,LIMIT,1702260426048,1.403,245.74
BCHUSDT,SELL,LIMIT,1702260427582,0.704,245.51
BCHUSDT,SELL,LIMIT,1702260429771,0.704,245.23
BCHUSDT,SELL,LIMIT,1702260431155,7.121,245.00
BCHUSDT,SELL,LIMIT,1702260432305,0.704,244.91
BCHUSDT,SELL,LIMIT,1702260434352,20.000,244.86
BCHUSDT,SELL,LIMIT,1702260436830,1.400,244.65
BCHUSDT,SELL,LIMIT,1702260439246,0.022,244.34
BCHUSDT,SELL,LIMIT,1702260440363,5.952,244.27
BCHUSDT,SELL,LIMIT,1702260441519,10.126,244.27
BCHUSDT,SELL,LIMIT,1702260445954,0.833,244.26
BCHUSDT,SELL,LIMIT,1702260618027,170.612,243.20
BCHUSDT,SELL,LIMIT,1702260624286,0.161,244.00
BCHUSDT,SELL,LIMIT,1702260626056,0.612,243.99
BCHUSDT,SELL,LIMIT,1702260627142,0.226,243.93
BCHUSDT,SELL,LIMIT,1702260628414,0.704,243.69
BCHUSDT,SELL,LIMIT,1702260632295,5.252,243.55
BCHUSDT,SELL,LIMIT,1702260633407,50.000,242.99
BCHUSDT,SELL,LIMIT,1702260634513,17.562,243.46
BCHUSDT,SELL,LIMIT,1702260635572,0.082,243.28
BCHUSDT,SELL,LIMIT,1702260636695,15.597,243.12
BCHUSDT,SELL,LIMIT,1702260637727,1.036,242.99
BCHUSDT,SELL,LIMIT,1702260689121,15.259,242.90
BCHUSDT,SELL,LIMIT,1702260690188,8.572,242.99
BCHUSDT,SELL,LIMIT,1702260694004,1.907,242.81
BCHUSDT,SELL,LIMIT,1702260695396,12.042,242.78
BCHUSDT,SELL,LIMIT,1702260696923,1.557,242.59
BCHUSDT,SELL,LIMIT,1702260699786,6.853,242.60
BCHUSDT,SELL,LIMIT,1702260701089,0.132,242.53
BCHUSDT,SELL,LIMIT,1702260707196,0.232,242.47
BCHUSDT,SELL,LIMIT,1702260708129,79.531,241.61
BCHUSDT,SELL,LIMIT,1702260709230,0.201,241.95
BCHUSDT,SELL,LIMIT,1702260710244,0.119,246.67
BCHUSDT,SELL,LIMIT,1702260711571,0.584,241.77
BCHUSDT,SELL,LIMIT,1702260712740,2.362,241.69
BCHUSDT,SELL,LIMIT,1702260714253,40.295,240.96
BCHUSDT,SELL,LIMIT,1702260715355,0.593,240.67
BCHUSDT,SELL,LIMIT,1702260716486,0.318,240.79
BCHUSDT,SELL,LIMIT,1702260717761,0.224,240.25
BCHUSDT,SELL,LIMIT,1702260718790,0.080,240.38
BCHUSDT,SELL,LIMIT,1702260719880,10.840,240.31
BCHUSDT,SELL,LIMIT,1702260722949,2.024,241.43
BCHUSDT,SELL,LIMIT,1702260724046,0.960,240.16
BCHUSDT,SELL,LIMIT,1702260725127,56.049,239.20
BCHUSDT,SELL,LIMIT,1702260726472,0.717,239.83
BCHUSDT,SELL,LIMIT,1702260727683,2.623,239.96
BCHUSDT,SELL,LIMIT,1702260728896,0.154,239.96
BCHUSDT,SELL,LIMIT,1702260730139,20.000,239.82
BCHUSDT,SELL,LIMIT,1702260731242,0.091,239.63
BCHUSDT,SELL,LIMIT,1702260732818,4.218,239.36
BCHUSDT,SELL,LIMIT,1702260734384,8.387,239.71
BCHUSDT,SELL,LIMIT,1702260736661,2.785,239.18
BCHUSDT,SELL,LIMIT,1702260737731,0.468,239.08
BCHUSDT,SELL,LIMIT,1702260738795,1.049,238.92
BCHUSDT,SELL,LIMIT,1702260740388,11.985,239.16
BCHUSDT,SELL,LIMIT,1702260741400,10.307,238.41
BCHUSDT,SELL,LIMIT,1702260742464,45.293,237.86
BCHUSDT,SELL,LIMIT,1702260743656,3.000,238.13
BCHUSDT,SELL,LIMIT,1702260744705,1.209,238.34
BCHUSDT,SELL,LIMIT,1702260745821,21.000,238.47
BCHUSDT,SELL,LIMIT,1702260746930,2.016,238.13
BCHUSDT,SELL,LIMIT,1702260748189,0.120,237.96
BCHUSDT,SELL,LIMIT,1702260749230,20.725,237.96
BCHUSDT,SELL,LIMIT,1702260750240,0.479,237.55
BCHUSDT,SELL,LIMIT,1702260751487,17.606,237.18
BCHUSDT,SELL,LIMIT,1702260752617,0.065,237.33
BCHUSDT,SELL,LIMIT,1702260753948,5.527,237.36
BCHUSDT,SELL,LIMIT,1702260755110,0.108,237.27
BCHUSDT,SELL,LIMIT,1702260756624,0.010,252.43
BCHUSDT,SELL,LIMIT,1702260757629,3.992,236.50
BCHUSDT,SELL,LIMIT,1702260758634,0.767,235.80
BCHUSDT,SELL,LIMIT,1702260759671,11.000,235.52
BCHUSDT,SELL,LIMIT,1702260760656,2.244,235.32
BCHUSDT,SELL,LIMIT,1702260761847,0.297,235.32
BCHUSDT,SELL,LIMIT,1702260762919,29.663,235.09
BCHUSDT,SELL,LIMIT,1702260764064,0.118,235.32
BCHUSDT,SELL,LIMIT,1702260765243,0.733,234.67
BCHUSDT,SELL,LIMIT,1702260766552,0.086,233.95
BCHUSDT,SELL,LIMIT,1702260767788,8.000,233.93
BCHUSDT,SELL,LIMIT,1702260768862,19.158,233.69
BCHUSDT,SELL,LIMIT,1702260769802,36.546,232.40
BCHUSDT,SELL,LIMIT,1702260770915,1.200,232.54
BCHUSDT,SELL,LIMIT,1702260771955,0.092,235.66
BCHUSDT,SELL,LIMIT,1702260773000,0.133,232.16
BCHUSDT,SELL,LIMIT,1702260774014,7.896,232.16
BCHUSDT,SELL,LIMIT,1702260775024,0.786,231.12
BCHUSDT,SELL,LIMIT,1702260776152,4.654,231.35
BCHUSDT,SELL,LIMIT,1702260777144,9.071,231.35
BCHUSDT,SELL,LIMIT,1702260778179,476.379,228.47
BCHUSDT,SELL,LIMIT,1702260779211,0.160,230.81
BCHUSDT,SELL,LIMIT,1702260780268,29.629,230.41
BCHUSDT,SELL,LIMIT,1702260781363,1.258,230.12
BCHUSDT,SELL,LIMIT,1702260782374,0.509,229.93
BCHUSDT,SELL,LIMIT,1702260783435,4.426,229.93
BCHUSDT,SELL,LIMIT,1702260784530,0.082,229.60
BCHUSDT,SELL,LIMIT,1702260785638,97.288,229.29
BCHUSDT,SELL,LIMIT,1702260787065,2.234,236.19
BCHUSDT,SELL,LIMIT,1702260788233,147.809,227.03
BCHUSDT,SELL,LIMIT,1702260789297,0.433,228.78
BCHUSDT,SELL,LIMIT,1702260790466,0.440,228.68
BCHUSDT,SELL,LIMIT,1702260791525,0.500,228.15
BCHUSDT,SELL,LIMIT,1702260792585,0.432,228.60
BCHUSDT,SELL,LIMIT,1702260793623,0.198,227.41
BCHUSDT,SELL,LIMIT,1702260794724,1.549,227.27
BCHUSDT,SELL,LIMIT,1702260795905,20.000,227.30
BCHUSDT,SELL,LIMIT,1702260797244,12.307,226.70
BCHUSDT,SELL,LIMIT,1702260798292,0.013,226.51
BCHUSDT,SELL,LIMIT,1702260799317,236.962,224.54
BCHUSDT,SELL,LIMIT,1702260800350,30.240,225.43
BCHUSDT,SELL,LIMIT,1702260801481,4.181,225.40
BCHUSDT,SELL,LIMIT,1702260802701,7.596,225.48
BCHUSDT,SELL,LIMIT,1702260803719,400.000,223.27
BCHUSDT,SELL,LIMIT,1702260804732,4.919,224.94
BCHUSDT,SELL,LIMIT,1702260805820,0.373,224.86
BCHUSDT,SELL,LIMIT,1702260806822,0.301,224.26
BCHUSDT,SELL,LIMIT,1702260807830,3.002,223.10
BCHUSDT,SELL,LIMIT,1702260808975,6.000,222.23
BCHUSDT,SELL,LIMIT,1702260809982,1.586,222.23
BCHUSDT,SELL,LIMIT,1702260811054,1.261,222.15
BCHUSDT,SELL,LIMIT,1702260812062,0.256,220.55
BCHUSDT,SELL,LIMIT,1702260813108,3.859,220.54
BCHUSDT,SELL,LIMIT,1702260814230,1.058,220.45
BCHUSDT,SELL,LIMIT,1702260815295,0.573,219.41
BCHUSDT,SELL,LIMIT,1702260816310,9.129,219.39
BCHUSDT,SELL,LIMIT,1702260817313,1.123,218.44
BCHUSDT,SELL,LIMIT,1702260818322,4.581,217.03
BCHUSDT,SELL,LIMIT,1702260819327,3.220,216.29
BCHUSDT,SELL,LIMIT,1702260820345,0.345,212.19
BCHUSDT,SELL,LIMIT,1702260821355,141.420,211.94
BCHUSDT,SELL,LIMIT,1702260822895,2.000,212.64
BCHUSDT,SELL,LIMIT,1702260823903,0.145,211.64
BCHUSDT,SELL,LIMIT,1702260825433,1.886,211.36
BCHUSDT,BUY,LIMIT,1702260828973,0.400,215.92
BCHUSDT,SELL,LIMIT,1702260835246,1.548,215.31
BCHUSDT,BUY,LIMIT,1702260837535,0.474,218.61
BCHUSDT,BUY,LIMIT,1702260839407,4.940,219.71
BCHUSDT,BUY,LIMIT,1702260844981,13.448,220.60
BCHUSDT,BUY,LIMIT,1702260865283,4.777,224.62
BCHUSDT,BUY,LIMIT,1702260874320,1.319,225.89
BCHUSDT,BUY,LIMIT,1702260897621,0.855,227.98
BCHUSDT,BUY,LIMIT,1702260909293,20.402,228.74
BCHUSDT,BUY,LIMIT,1702260924744,0.500,229.94
BCHUSDT,BUY,LIMIT,1702260947888,3.240,231.08
BCHUSDT,SELL,LIMIT,1702260985113,2.221,226.77
BCHUSDT,SELL,LIMIT,1702260986529,21.758,226.77
BCHUSDT,SELL,LIMIT,1702260988600,21.801,226.42
BCHUSDT,BUY,LIMIT,1702261329061,3.268,232.50
BCHUSDT,BUY,LIMIT,1702261830852,2.663,232.74
BCHUSDT,BUY,LIMIT,1702262004655,21.638,233.13
BCHUSDT,SELL,LIMIT,1702262560763,0.450,229.70
BCHUSDT,SELL,LIMIT,1702262615563,0.512,228.97
BCHUSDT,SELL,LIMIT,1702262618382,0.310,228.82
BCHUSDT,SELL,LIMIT,1702262627228,8.758,228.56
BCHUSDT,BUY,LIMIT,1702264113407,5.399,234.62
BCHUSDT,BUY,LIMIT,1702264115860,0.324,234.66
BCHUSDT,BUY,LIMIT,1702265380870,1.000,236.33
BCHUSDT,BUY,LIMIT,1702265917952,11.195,236.54
BCHUSDT,BUY,LIMIT,1702265981216,8.825,237.17
BCHUSDT,BUY,LIMIT,1702266219195,5.696,237.24
BCHUSDT,BUY,LIMIT,1702266552601,0.087,237.19
BCHUSDT,BUY,LIMIT,1702267702685,34.236,237.91
