Symbol,Side,Order Type,Time,Quantity,Price
BCHUSDT,SELL,LIMIT,1701067750903,0.896,224.92
BCHUSDT,SELL,LIMIT,1701067861787,0.117,225.38
BCHUSDT,SELL,LIMIT,1701069427664,0.371,224.15
BCHUSDT,SELL,LIMIT,1701069639905,11.548,223.23
BCHUSDT,SELL,LIMIT,1701069850334,0.020,222.88
BCHUSDT,SELL,LIMIT,1701069852127,2.682,222.87
BCHUSDT,SELL,LIMIT,1701069884580,0.327,222.55
BCHUSDT,SELL,LIMIT,1701069887977,0.425,222.49
BCHUSDT,SELL,LIMIT,1701069893207,0.562,222.45
BCHUSDT,SELL,LIMIT,1701069896115,1.425,222.49
BCHUSDT,SELL,LIMIT,1701069899999,0.771,222.48
BCHUSDT,SELL,LIMIT,1701069901990,2.194,222.27
BCHUSDT,SELL,LIMIT,1701069910187,0.094,222.27
BCHUSDT,SELL,LIMIT,1701070167978,11.112,222.21
BCHUSDT,SELL,LIMIT,1701070172088,13.188,222.17
BCHUSDT,SELL,LIMIT,1701070439190,0.737,222.76
BCHUSDT,SELL,LIMIT,1701070442943,0.574,221.97
BCHUSDT,SELL,LIMIT,1701077399082,0.001,223.49
BCHUSDT,SELL,LIMIT,1701080752319,0.400,221.88
BCHUSDT,SELL,LIMIT,1701080754211,0.707,221.79
BCHUSDT,SELL,LIMIT,1701080781584,0.128,221.78
BCHUSDT,SELL,LIMIT,1701081196295,1.288,221.68
BCHUSDT,SELL,LIMIT,1701081197495,5.395,221.64
BCHUSDT,SELL,LIMIT,1701081198963,0.173,221.57
BCHUSDT,SELL,LIMIT,1701081210433,1.285,221.51
BCHUSDT,SELL,LIMIT,1701081322971,43.108,221.28
BCHUSDT,SELL,LIMIT,1701081328988,3.343,221.36
BCHUSDT,SELL,LIMIT,1701081437110,22.206,223.92
BCHUSDT,SELL,LIMIT,1701081440170,22.305,221.11
BCHUSDT,SELL,LIMIT,1701081441847,0.100,221.07
BCHUSDT,SELL,LIMIT,1701081452176,0.875,221.05
BCHUSDT,SELL,LIMIT,1701081487436,0.981,221.02
BCHUSDT,SELL,LIMIT,1701081493910,1.463,220.94
BCHUSDT,SELL,LIMIT,1701081605907,0.093,220.82
BCHUSDT,SELL,LIMIT,1701082141780,0.742,220.66
BCHUSDT,SELL,LIMIT,1701082653494,0.402,220.64
BCHUSDT,SELL,LIMIT,1701082654765,20.000,220.60
BCHUSDT,SELL,LIMIT,1701082676277,15.482,220.38
BCHUSDT,SELL,LIMIT,1701082701901,0.044,220.36
BCHUSDT,SELL,LIMIT,1701082708227,0.130,220.29
BCHUSDT,SELL,LIMIT,1701082709414,0.094,220.21
BCHUSDT,SELL,LIMIT,1701082720404,10.269,220.18
BCHUSDT,SELL,LIMIT,1701082726314,2.364,220.11
BCHUSDT,SELL,LIMIT,1701082727811,2.246,220.06
BCHUSDT,SELL,LIMIT,1701084930460,3.965,220.06
BCHUSDT,BUY,LIMIT,1701086563360,0.457,224.68
BCHUSDT,BUY,LIMIT,1701086565251,9.244,225.90
BCHUSDT,BUY,LIMIT,1701086566253,0.194,225.19
BCHUSDT,BUY,LIMIT,1701086569494,12.047,226.77
BCHUSDT,BUY,LIMIT,1701086578282,1.181,227.29
BCHUSDT,BUY,LIMIT,1701086581309,9.607,227.35
BCHUSDT,BUY,LIMIT,1701086585180,0.349,227.90
BCHUSDT,SELL,LIMIT,1701095611440,0.098,222.82
BCHUSDT,SELL,LIMIT,1701095612709,1.112,222.78
BCHUSDT,SELL,LIMIT,1701097094164,0.198,223.47
BCHUSDT,SELL,LIMIT,1701097101665,0.177,223.08
BCHUSDT,SELL,LIMIT,1701100219412,11.753,222.59
BCHUSDT,SELL,LIMIT,1701100221281,20.000,222.69
BCHUSDT,SELL,LIMIT,1701100238239,1.400,222.51
BCHUSDT,SELL,LIMIT,1701100580657,5.212,222.41
BCHUSDT,SELL,LIMIT,1701100594047,6.792,222.34
BCHUSDT,SELL,LIMIT,1701100640468,0.265,222.94
BCHUSDT,SELL,LIMIT,1701102045347,0.119,223.11
BCHUSDT,BUY,LIMIT,1701103482476,11.766,226.10
BCHUSDT,BUY,LIMIT,1701104760619,12.611,226.60
BCHUSDT,BUY,LIMIT,1701104987177,20.000,226.88
BCHUSDT,BUY,LIMIT,1701105033079,1.000,227.06
BCHUSDT,BUY,LIMIT,1701106288587,8.625,227.23
BCHUSDT,BUY,LIMIT,1701106289991,11.276,227.25
BCHUSDT,SELL,LIMIT,1701106575208,0.416,222.83
BCHUSDT,SELL,LIMIT,1701106576183,22.123,222.91
BCHUSDT,SELL,LIMIT,1701106578667,0.309,222.85
BCHUSDT,SELL,LIMIT,1701106747772,0.127,222.17
BCHUSDT,SELL,LIMIT,1701107163047,0.084,221.99
BCHUSDT,SELL,LIMIT,1701107170292,2.266,221.89
BCHUSDT,SELL,LIMIT,1701107404789,0.376,221.66
BCHUSDT,SELL,LIMIT,1701107427727,12.000,221.45
BCHUSDT,SELL,LIMIT,1701107434257,2.814,221.40
BCHUSDT,SELL,LIMIT,1701107455855,0.928,221.35
BCHUSDT,SELL,LIMIT,1701111220318,0.245,220.91
BCHUSDT,SELL,LIMIT,1701111223016,0.459,220.91
BCHUSDT,SELL,LIMIT,1701111227100,15.000,220.89
BCHUSDT,SELL,LIMIT,1701111550510,0.710,220.84
BCHUSDT,SELL,LIMIT,1701111567759,0.864,220.72
BCHUSDT,SELL,LIMIT,1701111914586,19.585,221.05
BCHUSDT,SELL,LIMIT,1701112179238,19.826,220.43
BCHUSDT,SELL,LIMIT,1701112191600,2.245,220.40
BCHUSDT,SELL,LIMIT,1701114144912,0.162,220.56
BCHUSDT,SELL,LIMIT,1701114163949,1.021,220.29
BCHUSDT,SELL,LIMIT,1701114166650,2.672,220.27
BCHUSDT,SELL,LIMIT,1701114228449,1.351,220.86
BCHUSDT,SELL,LIMIT,1701114231261,1.333,220.03
BCHUSDT,SELL,LIMIT,1701114234073,50.000,220.00
BCHUSDT,SELL,LIMIT,1701114238198,1.351,219.80
BCHUSDT,SELL,LIMIT,1701114239730,1.998,219.80
BCHUSDT,SELL,LIMIT,1701114259179,5.000,219.67
BCHUSDT,SELL,LIMIT,1701114275122,0.440,219.61
BCHUSDT,SELL,LIMIT,1701114277162,25.861,219.50
BCHUSDT,SELL,LIMIT,1701114288558,0.093,219.53
BCHUSDT,SELL,LIMIT,1701114305818,3.989,219.50
BCHUSDT,SELL,LIMIT,1701114334357,0.128,219.35
BCHUSDT,SELL,LIMIT,1701114337280,0.177,219.29
BCHUSDT,SELL,LIMIT,1701114340724,10.044,219.29
BCHUSDT,SELL,LIMIT,1701114353322,0.115,219.21
BCHUSDT,SELL,LIMIT,1701114356874,22.298,219.16
BCHUSDT,SELL,LIMIT,1701114383059,0.588,219.23
BCHUSDT,SELL,LIMIT,1701114456749,4.220,219.34
BCHUSDT,SELL,LIMIT,1701114459125,5.296,219.05
BCHUSDT,SELL,LIMIT,1701114466941,1.828,218.99
BCHUSDT,SELL,LIMIT,1701114474650,2.576,218.87
BCHUSDT,SELL,LIMIT,1701114475764,0.500,218.74
BCHUSDT,SELL,LIMIT,1701114476863,22.543,218.68
BCHUSDT,SELL,LIMIT,1701114489191,1.567,218.37
BCHUSDT,SELL,LIMIT,1701114490186,0.984,218.38
BCHUSDT,SELL,LIMIT,1701114495478,2.879,218.32
BCHUSDT,SELL,LIMIT,1701114501448,5.040,218.23
BCHUSDT,SELL,LIMIT,1701117114079,0.364,218.86
BCHUSDT,SELL,LIMIT,1701117158549,0.692,219.06
BCHUSDT,SELL,LIMIT,1701117191877,5.885,218.97
BCHUSDT,BUY,LIMIT,1701125561851,0.130,223.28
BCHUSDT,BUY,LIMIT,1701125863379,1.358,223.45
BCHUSDT,BUY,LIMIT,1701126373187,0.091,223.72
BCHUSDT,BUY,LIMIT,1701127386499,0.113,224.28
BCHUSDT,BUY,LIMIT,1701127500255,0.121,224.53
BCHUSDT,SELL,LIMIT,1701130747803,0.014,221.77
BCHUSDT,SELL,LIMIT,1701137238791,0.563,220.61
BCHUSDT,SELL,LIMIT,1701137313972,10.934,220.40
BCHUSDT,SELL,LIMIT,1701137348262,0.989,220.36
BCHUSDT,SELL,LIMIT,1701147878180,5.096,220.03
BCHUSDT,SELL,LIMIT,1701147881275,17.050,219.92
BCHUSDT,SELL,LIMIT,1701147898331,2.693,219.85
BCHUSDT,SELL,LIMIT,1701147923217,0.247,219.82
BCHUSDT,SELL,LIMIT,1701147926086,0.217,219.67
BCHUSDT,SELL,LIMIT,1701147947089,0.111,219.62
BCHUSDT,SELL,LIMIT,1701147948574,0.291,219.51
BCHUSDT,SELL,LIMIT,1701148008602,6.327,219.42
BCHUSDT,SELL,LIMIT,1701149057555,1.297,218.96
BCHUSDT,SELL,LIMIT,1701149067819,0.439,218.96
BCHUSDT,SELL,LIMIT,1701149111485,5.592,218.86
BCHUSDT,SELL,LIMIT,1701149848009,1.516,218.82
BCHUSDT,SELL,LIMIT,1701149853047,1.807,218.75
BCHUSDT,SELL,LIMIT,1701149854382,11.305,218.75
BCHUSDT,SELL,LIMIT,1701149857090,0.094,218.68
BCHUSDT,SELL,LIMIT,1701149876817,0.448,218.54
BCHUSDT,SELL,LIMIT,1701149880621,2.255,218.53
BCHUSDT,SELL,LIMIT,1701151263534,6.885,218.58
BCHUSDT,BUY,LIMIT,1701154366990,0.952,222.89
BCHUSDT,BUY,LIMIT,1701154369507,0.242,223.31
BCHUSDT,BUY,LIMIT,1701154371067,0.226,223.89
BCHUSDT,BUY,LIMIT,1701154372374,0.900,224.33
BCHUSDT,BUY,LIMIT,1701154373434,22.467,225.20
BCHUSDT,SELL,LIMIT,1701156562791,0.395,220.31
BCHUSDT,BUY,LIMIT,1701178354311,0.105,223.45
BCHUSDT,BUY,LIMIT,1701179617276,1.000,223.60
