Symbol,Side,Order Type,Time,Quantity,Price
BCHUSDT,SELL,LIMIT,1701067750903,0.896,224.92
BCHUSDT,SELL,LIMIT,1701067861787,0.117,225.38
BCHUSDT,SELL,LIMIT,1701069427664,0.371,224.15
BCHUSDT,SELL,LIMIT,1701069639905,11.548,223.23
BCHUSDT,SELL,LIMIT,1701069850334,0.020,222.88
BCHUSDT,SELL,LIMIT,1701069852127,2.682,222.87
BCHUSDT,SELL,LIMIT,1701069884580,0.327,222.55
BCHUSDT,SELL,LIMIT,1701069887977,0.425,222.49
BCHUSDT,SELL,LIMIT,1701069893207,0.562,222.45
BCHUSDT,SELL,LIMIT,1701069896115,1.425,222.49
BCHUSDT,SELL,LIMIT,1701069899999,0.771,222.48
BCHUSDT,SELL,LIMIT,1701069901990,2.194,222.27
BCHUSDT,SELL,LIMIT,1701069910187,0.094,222.27
BCHUSDT,SELL,LIMIT,1701070167978,11.112,222.21
BCHUSDT,SELL,LIMIT,1701070172088,13.188,222.17
BCHUSDT,SELL,LIMIT,1701070439190,0.737,222.76
BCHUSDT,SELL,LIMIT,1701070442943,0.574,221.97
BCHUSDT,SELL,LIMIT,1701077399082,0.001,223.49
BCHUSDT,SELL,LIMIT,1701080752319,0.400,221.88
BCHUSDT,SELL,LIMIT,1701080754211,0.707,221.79
BCHUSDT,SELL,LIMIT,1701080781584,0.128,221.78
BCHUSDT,SELL,LIMIT,1701081196295,1.288,221.68
BCHUSDT,SELL,LIMIT,1701081197495,5.395,221.64
BCHUSDT,SELL,LIMIT,1701081198963,0.173,221.57
BCHUSDT,SELL,LIMIT,1701081210433,1.285,221.51
BCHUSDT,SELL,LIMIT,1701081322971,43.108,221.28
BCHUSDT,SELL,LIMIT,1701081328988,3.343,221.36
BCHUSDT,SELL,LIMIT,1701081437110,22.206,223.92
BCHUSDT,SELL,LIMIT,1701081440170,22.305,221.11
BCHUSDT,SELL,LIMIT,1701081441847,0.100,221.07
BCHUSDT,SELL,LIMIT,1701081452176,0.875,221.05
BCHUSDT,SELL,LIMIT,1701081487436,0.981,221.02
BCHUSDT,SELL,LIMIT,1701081493910,1.463,220.94
BCHUSDT,SELL,LIMIT,1701081605907,0.093,220.82
BCHUSDT,SELL,LIMIT,1701082141780,0.742,220.66
BCHUSDT,SELL,LIMIT,1701082653494,0.402,220.64
BCHUSDT,SELL,LIMIT,1701082654765,20.000,220.60
BCHUSDT,SELL,LIMIT,1701082676277,15.482,220.38
BCHUSDT,SELL,LIMIT,1701082701901,0.044,220.36
BCHUSDT,SELL,LIMIT,1701082708227,0.130,220.29
BCHUSDT,SELL,LIMIT,1701082709414,0.094,220.21
BCHUSDT,SELL,LIMIT,1701082720404,10.269,220.18
BCHUSDT,SELL,LIMIT,1701082726314,2.364,220.11
BCHUSDT,SELL,LIMIT,1701082727811,2.246,220.06
BCHUSDT,SELL,LIMIT,1701084930460,3.965,220.06
BCHUSDT,BUY,LIMIT,1701086563360,0.457,224.68
BCHUSDT,BUY,LIMIT,1701086565251,9.244,225.90
BCHUSDT,BUY,LIMIT,1701086566253,0.194,225.19
BCHUSDT,BUY,LIMIT,1701086569494,12.047,226.77
BCHUSDT,BUY,LIMIT,1701086578282,1.181,227.29
BCHUSDT,BUY,LIMIT,1701086581309,9.607,227.35
BCHUSDT,BUY,LIMIT,1701086585180,0.349,227.90
BCHUSDT,SELL,LIMIT,1701095611440,0.098,222.82
BCHUSDT,SELL,LIMIT,1701095612709,1.112,222.78
BCHUSDT,SELL,LIMIT,1701097094164,0.198,223.47
BCHUSDT,SELL,LIMIT,1701097101665,0.177,223.08
BCHUSDT,SELL,LIMIT,1701100219412,11.753,222.59
BCHUSDT,SELL,LIMIT,1701100221281,20.000,222.69
BCHUSDT,SELL,LIMIT,1701100238239,1.400,222.51
BCHUSDT,SELL,LIMIT,1701100580657,5.212,222.41
BCHUSDT,SELL,LIMIT,1701100594047,6.792,222.34
BCHUSDT,SELL,LIMIT,1701100640468,0.265,222.94
BCHUSDT,SELL,LIMIT,1701102045347,0.119,223.11
BCHUSDT,BUY,LIMIT,1701103482476,11.766,226.10
BCHUSDT,BUY,LIMIT,1701104760619,12.611,226.60
BCHUSDT,BUY,LIMIT,1701104987177,20.000,226.88
BCHUSDT,BUY,LIMIT,1701105033079,1.000,227.06
BCHUSDT,BUY,LIMIT,1701106288587,8.625,227.23
BCHUSDT,BUY,LIMIT,1701106289991,11.276,227.25
BCHUSDT,SELL,LIMIT,1701106575208,0.416,222.83
BCHUSDT,SELL,LIMIT,1701106576183,22.123,222.91
BCHUSDT,SELL,LIMIT,1701106578667,0.309,222.85
BCHUSDT,SELL,LIMIT,1701106747772,0.127,222.17
BCHUSDT,SELL,LIMIT,1701107163047,0.084,221.99
BCHUSDT,SELL,LIMIT,1701107170292,2.266,221.89
BCHUSDT,SELL,LIMIT,1701107404789,0.376,221.66
BCHUSDT,SELL,LIMIT,1701107427727,12.000,221.45
BCHUSDT,SELL,LIMIT,1701107434257,2.814,221.40
BCHUSDT,SELL,LIMIT,1701107455855,0.928,221.35
BCHUSDT,SELL,LIMIT,1701111220318,0.245,220.91
BCHUSDT,SELL,LIMIT,1701111223016,0.459,220.91
BCHUSDT,SELL,LIMIT,1701111227100,15.000,220.89
BCHUSDT,SELL,LIMIT,1701111550510,0.710,220.84
BCHUSDT,SELL,LIMIT,1701111567759,0.864,220.72
BCHUSDT,SELL,LIMIT,1701111914586,19.585,221.05
BCHUSDT,SELL,LIMIT,1701112179238,19.826,220.43
BCHUSDT,SELL,LIMIT,1701112191600,2.245,220.40
BCHUSDT,SELL,LIMIT,1701114144912,0.162,220.56
BCHUSDT,SELL,LIMIT,1701114163949,1.021,220.29
BCHUSDT,SELL,LIMIT,1701114166650,2.672,220.27
BCHUSDT,SELL,LIMIT,1701114228449,1.351,220.86
BCHUSDT,SELL,LIMIT,1701114231261,1.333,220.03
BCHUSDT,SELL,LIMIT,1701114234073,50.000,220.00
BCHUSDT,SELL,LIMIT,1701114238198,1.351,219.80
BCHUSDT,SELL,LIMIT,1701114239730,1.998,219.80
BCHUSDT,SELL,LIMIT,1701114259179,5.000,219.67
BCHUSDT,SELL,LIMIT,1701114275122,0.440,219.61
BCHUSDT,SELL,LIMIT,1701114277162,25.861,219.50
BCHUSDT,SELL,LIMIT,1701114288558,0.093,219.53
BCHUSDT,SELL,LIMIT,1701114305818,3.989,219.50
BCHUSDT,SELL,LIMIT,1701114334357,0.128,219.35
BCHUSDT,SELL,LIMIT,1701114337280,0.177,219.29
BCHUSDT,SELL,LIMIT,1701114340724,10.044,219.29
BCHUSDT,SELL,LIMIT,1701114353322,0.115,219.21
BCHUSDT,SELL,LIMIT,1701114356874,22.298,219.16
BCHUSDT,SELL,LIMIT,1701114383059,0.588,219.23
BCHUSDT,SELL,LIMIT,1701114456749,4.220,219.34
BCHUSDT,SELL,LIMIT,1701114459125,5.296,219.05
BCHUSDT,SELL,LIMIT,1701114466941,1.828,218.99
BCHUSDT,SELL,LIMIT,1701114474650,2.576,218.87
BCHUSDT,SELL,LIMIT,1701114475764,0.500,218.74
BCHUSDT,SELL,LIMIT,1701114476863,22.543,218.68
BCHUSDT,SELL,LIMIT,1701114489191,1.567,218.37
BCHUSDT,SELL,LIMIT,1701114490186,0.984,218.38
BCHUSDT,SELL,LIMIT,1701114495478,2.879,218.32
BCHUSDT,SELL,LIMIT,1701114501448,5.040,218.23
BCHUSDT,SELL,LIMIT,1701117114079,0.364,218.86
BCHUSDT,SELL,LIMIT,1701117158549,0.692,219.06
BCHUSDT,SELL,LIMIT,1701117191877,5.885,218.97
BCHUSDT,BUY,LIMIT,1701125561851,0.130,223.28
BCHUSDT,BUY,LIMIT,1701125863379,1.358,223.45
BCHUSDT,BUY,LIMIT,1701126373187,0.091,223.72
BCHUSDT,BUY,LIMIT,1701127386499,0.113,224.28
BCHUSDT,BUY,LIMIT,1701127500255,0.121,224.53
BCHUSDT,SELL,LIMIT,1701130747803,0.014,221.77
BCHUSDT,SELL,LIMIT,1701137238791,0.563,220.61
BCHUSDT,SELL,LIMIT,1701137313972,10.934,220.40
BCHUSDT,SELL,LIMIT,1701137348262,0.989,220.36
BCHUSDT,SELL,LIMIT,1701147878180,5.096,220.03
BCHUSDT,SELL,LIMIT,1701147881275,17.050,219.92
BCHUSDT,SELL,LIMIT,1701147898331,2.693,219.85
BCHUSDT,SELL,LIMIT,1701147923217,0.247,219.82
BCHUSDT,SELL,LIMIT,1701147926086,0.217,219.67
BCHUSDT,SELL,LIMIT,1701147947089,0.111,219.62
BCHUSDT,SELL,LIMIT,1701147948574,0.291,219.51
BCHUSDT,SELL,LIMIT,1701148008602,6.327,219.42
BCHUSDT,SELL,LIMIT,1701149057555,1.297,218.96
BCHUSDT,SELL,LIMIT,1701149067819,0.439,218.96
BCHUSDT,SELL,LIMIT,1701149111485,5.592,218.86
BCHUSDT,SELL,LIMIT,1701149848009,1.516,218.82
BCHUSDT,SELL,LIMIT,1701149853047,1.807,218.75
BCHUSDT,SELL,LIMIT,1701149854382,11.305,218.75
BCHUSDT,SELL,LIMIT,1701149857090,0.094,218.68
BCHUSDT,SELL,LIMIT,1701149876817,0.448,218.54
BCHUSDT,SELL,LIMIT,1701149880621,2.255,218.53
BCHUSDT,SELL,LIMIT,1701151263534,6.885,218.58
BCHUSDT,BUY,LIMIT,1701154366990,0.952,222.89
BCHUSDT,BUY,LIMIT,1701154369507,0.242,223.31
BCHUSDT,BUY,LIMIT,1701154371067,0.226,223.89
BCHUSDT,BUY,LIMIT,1701154372374,0.900,224.33
BCHUSDT,BUY,LIMIT,1701154373434,22.467,225.20
BCHUSDT,SELL,LIMIT,1701156562791,0.395,220.31
BCHUSDT,BUY,LIMIT,1701178354311,0.105,223.45
BCHUSDT,BUY,LIMIT,1701179617276,1.000,223.60
BCHUSDT,SELL,LIMIT,1701186167671,0.439,221.27
BCHUSDT,BUY,LIMIT,1701189813890,1.127,224.63
BCHUSDT,BUY,LIMIT,1701191040094,0.114,225.20
BCHUSDT,BUY,LIMIT,1701191041427,0.701,225.17
BCHUSDT,SELL,LIMIT,1701192014960,0.662,223.11
BCHUSDT,BUY,LIMIT,1701192031100,207.072,226.25
BCHUSDT,BUY,LIMIT,1701192036397,2.521,225.52
BCHUSDT,BUY,LIMIT,1701192400069,1.486,225.66
BCHUSDT,BUY,LIMIT,1701206268808,0.091,225.08
BCHUSDT,SELL,LIMIT,1701214625139,14.169,222.10
BCHUSDT,SELL,LIMIT,1701243198091,12.472,222.80
BCHUSDT,SELL,LIMIT,1701243619039,0.335,223.19
BCHUSDT,BUY,LIMIT,1701243890952,0.225,224.99
BCHUSDT,BUY,LIMIT,1701246192323,0.232,225.44
BCHUSDT,BUY,LIMIT,1701247573921,0.098,225.54
BCHUSDT,BUY,LIMIT,1701247576633,0.297,225.90
BCHUSDT,BUY,LIMIT,1701247619018,0.231,225.85
BCHUSDT,BUY,LIMIT,1701247783304,0.172,225.60
BCHUSDT,BUY,LIMIT,1701247820853,0.504,225.48
BCHUSDT,BUY,LIMIT,1701247959217,0.397,226.13
BCHUSDT,BUY,LIMIT,1701248036969,17.285,226.21
BCHUSDT,BUY,LIMIT,1701248092463,8.721,226.31
BCHUSDT,BUY,LIMIT,1701248244094,0.116,225.79
BCHUSDT,BUY,LIMIT,1701248265403,13.258,226.55
BCHUSDT,BUY,LIMIT,1701248384381,0.670,226.59
BCHUSDT,BUY,LIMIT,1701248558201,5.001,226.67
BCHUSDT,BUY,LIMIT,1701248659549,0.224,226.70
BCHUSDT,BUY,LIMIT,1701248721597,3.038,226.25
BCHUSDT,BUY,LIMIT,1701248730652,0.133,226.85
BCHUSDT,BUY,LIMIT,1701249580797,0.210,227.17
BCHUSDT,BUY,LIMIT,1701251185753,0.137,227.12
BCHUSDT,BUY,LIMIT,1701251500097,7.707,227.66
BCHUSDT,BUY,LIMIT,1701251502566,4.882,227.69
BCHUSDT,BUY,LIMIT,1701251530054,0.447,227.99
BCHUSDT,BUY,LIMIT,1701251534846,0.568,228.20
BCHUSDT,BUY,LIMIT,1701253586249,0.185,226.15
BCHUSDT,SELL,LIMIT,1701254048364,44.574,222.98
BCHUSDT,SELL,LIMIT,1701254288463,0.220,222.87
BCHUSDT,SELL,LIMIT,1701254430338,0.517,223.88
BCHUSDT,SELL,LIMIT,1701254698343,21.905,222.36
BCHUSDT,SELL,LIMIT,1701264599949,27.541,221.90
BCHUSDT,SELL,LIMIT,1701264626218,11.937,221.85
BCHUSDT,SELL,LIMIT,1701268383941,2.983,221.78
BCHUSDT,SELL,LIMIT,1701268434067,5.334,221.64
BCHUSDT,SELL,LIMIT,1701268903638,0.090,221.55
BCHUSDT,SELL,LIMIT,1701269146617,0.895,221.53
BCHUSDT,SELL,LIMIT,1701269151535,2.186,221.39
BCHUSDT,SELL,LIMIT,1701269161614,0.391,221.25
BCHUSDT,SELL,LIMIT,1701269170132,22.267,221.25
BCHUSDT,SELL,LIMIT,1701269250177,0.138,221.19
BCHUSDT,SELL,LIMIT,1701269258626,1.004,221.13
BCHUSDT,SELL,LIMIT,1701269299440,0.228,221.03
BCHUSDT,SELL,LIMIT,1701269336018,1.092,220.96
BCHUSDT,SELL,LIMIT,1701269408908,0.034,220.93
BCHUSDT,SELL,LIMIT,1701270347335,0.211,220.89
BCHUSDT,SELL,LIMIT,1701270362822,22.340,220.88
BCHUSDT,SELL,LIMIT,1701270418635,0.441,220.82
BCHUSDT,SELL,LIMIT,1701270426131,3.689,220.75
BCHUSDT,SELL,LIMIT,1701270442331,6.859,220.73
BCHUSDT,SELL,LIMIT,1701270449176,3.660,220.72
BCHUSDT,SELL,LIMIT,1701270452101,0.967,220.71
BCHUSDT,SELL,LIMIT,1701270562523,0.567,220.64
BCHUSDT,SELL,LIMIT,1701270573584,11.501,220.56
BCHUSDT,SELL,LIMIT,1701270576220,15.000,220.49
BCHUSDT,SELL,LIMIT,1701270581845,0.200,220.42
BCHUSDT,SELL,LIMIT,1701270586199,0.900,220.30
BCHUSDT,SELL,LIMIT,1701270591743,8.000,220.21
BCHUSDT,SELL,LIMIT,1701270614331,10.050,220.19
BCHUSDT,SELL,LIMIT,1701270617012,0.093,220.13
BCHUSDT,SELL,LIMIT,1701270618378,0.159,220.04
BCHUSDT,SELL,LIMIT,1701270619904,9.424,219.94
BCHUSDT,SELL,LIMIT,1701275841022,0.170,221.48
BCHUSDT,BUY,LIMIT,1701279998350,0.100,225.15
BCHUSDT,BUY,LIMIT,1701280505499,20.000,225.08
BCHUSDT,BUY,LIMIT,1701284959697,0.099,225.04
BCHUSDT,SELL,LIMIT,1701288287798,0.012,222.34
BCHUSDT,BUY,LIMIT,1701289711366,0.099,224.16
BCHUSDT,BUY,LIMIT,1701289723438,0.099,224.10
BCHUSDT,SELL,LIMIT,1701290340654,3.297,221.47
BCHUSDT,BUY,LIMIT,1701304125098,0.099,224.11
BCHUSDT,BUY,LIMIT,1701304591849,0.099,224.26
BCHUSDT,BUY,LIMIT,1701304837733,0.099,224.06
BCHUSDT,BUY,LIMIT,1701308043392,0.099,223.82
BCHUSDT,SELL,LIMIT,1701319887704,0.716,221.81
BCHUSDT,SELL,LIMIT,1701326990230,2.008,220.97
BCHUSDT,SELL,LIMIT,1701330938400,0.094,221.06
BCHUSDT,SELL,LIMIT,1701331603244,1.891,221.10
BCHUSDT,SELL,LIMIT,1701331769021,1.630,220.82
BCHUSDT,SELL,LIMIT,1701331986273,2.903,220.57
BCHUSDT,SELL,LIMIT,1701332333820,0.218,220.53
BCHUSDT,SELL,LIMIT,1701332473556,6.721,220.49
BCHUSDT,SELL,LIMIT,1701332598358,0.415,220.54
BCHUSDT,SELL,LIMIT,1701333575921,0.107,220.29
BCHUSDT,SELL,LIMIT,1701333610384,3.519,220.26
BCHUSDT,SELL,LIMIT,1701333663164,0.287,220.10
BCHUSDT,SELL,LIMIT,1701333679820,0.179,220.04
BCHUSDT,SELL,LIMIT,1701353013289,3.489,220.90
BCHUSDT,SELL,LIMIT,1701355303398,0.610,229.30
BCHUSDT,SELL,LIMIT,1701378265852,2.167,219.90
BCHUSDT,SELL,LIMIT,1701378267768,9.171,219.89
BCHUSDT,SELL,LIMIT,1701378328302,0.140,219.75
BCHUSDT,SELL,LIMIT,1701378379007,0.328,219.68
BCHUSDT,SELL,LIMIT,1701378438424,0.669,219.66
BCHUSDT,SELL,LIMIT,1701378445359,0.365,219.60
BCHUSDT,SELL,LIMIT,1701378448194,1.900,219.55
BCHUSDT,SELL,LIMIT,1701378456082,1.108,219.43
BCHUSDT,SELL,LIMIT,1701378462317,3.143,219.36
BCHUSDT,SELL,LIMIT,1701378464151,4.064,219.33
BCHUSDT,SELL,LIMIT,1701378758496,10.000,219.28
BCHUSDT,SELL,LIMIT,1701378760106,3.112,219.26
BCHUSDT,SELL,LIMIT,1701378765783,0.099,219.17
BCHUSDT,SELL,LIMIT,1701378837217,0.010,219.11
BCHUSDT,SELL,LIMIT,1701378842274,0.506,219.06
BCHUSDT,SELL,LIMIT,1701387475736,22.400,220.24
BCHUSDT,BUY,LIMIT,1701393536136,7.283,222.75
BCHUSDT,BUY,LIMIT,1701393897066,22.494,222.91
BCHUSDT,BUY,LIMIT,1701394032152,5.000,223.28
BCHUSDT,BUY,LIMIT,1701394084187,1.843,223.22
BCHUSDT,BUY,LIMIT,1701394111295,12.011,223.20
BCHUSDT,BUY,LIMIT,1701394241778,2.821,223.22
BCHUSDT,BUY,LIMIT,1701394243194,1.262,223.39
BCHUSDT,BUY,LIMIT,1701395589143,0.294,223.53
BCHUSDT,BUY,LIMIT,1701398504913,0.190,223.88
BCHUSDT,BUY,LIMIT,1701398728588,4.110,223.95
BCHUSDT,BUY,LIMIT,1701399077674,0.617,224.09
BCHUSDT,BUY,LIMIT,1701399081464,9.567,224.16
BCHUSDT,BUY,LIMIT,1701403988683,2.753,224.06
BCHUSDT,BUY,LIMIT,1701404057218,0.555,224.15
BCHUSDT,BUY,LIMIT,1701418996473,3.317,225.14
BCHUSDT,BUY,LIMIT,1701420489234,0.111,225.19
BCHUSDT,BUY,LIMIT,1701421687950,1.424,225.28
BCHUSDT,BUY,LIMIT,1701421851460,1.365,225.62
BCHUSDT,BUY,LIMIT,1701421859904,7.078,225.64
BCHUSDT,BUY,LIMIT,1701421862451,0.169,225.73
BCHUSDT,BUY,LIMIT,1701421864426,0.348,225.82
BCHUSDT,BUY,LIMIT,1701421875133,5.303,225.95
BCHUSDT,BUY,LIMIT,1701421883200,12.136,226.04
BCHUSDT,BUY,LIMIT,1701422212334,0.100,226.15
BCHUSDT,BUY,LIMIT,1701422223806,0.380,226.41
BCHUSDT,BUY,LIMIT,1701422230136,0.500,226.50
BCHUSDT,BUY,LIMIT,1701422232781,0.296,226.69
BCHUSDT,BUY,LIMIT,1701422234366,0.123,226.74
BCHUSDT,BUY,LIMIT,1701422235793,4.438,226.80
BCHUSDT,BUY,LIMIT,1701422240422,13.228,226.91
BCHUSDT,BUY,LIMIT,1701422242558,22.497,227.20
BCHUSDT,BUY,LIMIT,1701423237016,21.782,227.45
BCHUSDT,SELL,LIMIT,1701439644492,9.671,222.50
BCHUSDT,SELL,LIMIT,1701439898120,10.391,222.31
BCHUSDT,SELL,LIMIT,1701439899224,13.882,222.27
BCHUSDT,SELL,LIMIT,1701440353351,2.659,222.16
BCHUSDT,SELL,LIMIT,1701442188402,2.042,222.11
BCHUSDT,SELL,LIMIT,1701442270813,0.719,221.94
BCHUSDT,SELL,LIMIT,1701442277618,0.133,221.93
BCHUSDT,SELL,LIMIT,1701442365252,4.236,221.75
BCHUSDT,BUY,LIMIT,1701443698030,1.948,224.50
BCHUSDT,SELL,LIMIT,1701446824762,0.229,222.28
BCHUSDT,BUY,LIMIT,1701447406052,1.143,224.39
BCHUSDT,BUY,LIMIT,1701447981829,1.390,225.28
BCHUSDT,BUY,LIMIT,1701448483532,1.250,225.38
BCHUSDT,BUY,LIMIT,1701450316709,0.269,225.93
BCHUSDT,BUY,LIMIT,1701460033367,0.025,82.53
BCHUSDT,BUY,LIMIT,1701461155142,1.177,226.53
BCHUSDT,BUY,LIMIT,1701463770585,0.383,226.93
BCHUSDT,SELL,LIMIT,1701464516299,0.597,224.70
BCHUSDT,BUY,LIMIT,1701483096511,0.444,226.99
BCHUSDT,SELL,LIMIT,1701485997636,1.919,227.66
BCHUSDT,BUY,LIMIT,1701486001821,0.104,208.86
BCHUSDT,SELL,LIMIT,1701486004387,0.003,224.56
BCHUSDT,BUY,LIMIT,1701486005456,4.620,226.82
BCHUSDT,BUY,LIMIT,1701491742266,0.267,227.29
BCHUSDT,BUY,LIMIT,1701492885020,0.303,227.35
BCHUSDT,BUY,LIMIT,1701498273064,0.505,226.96
BCHUSDT,BUY,LIMIT,1701508441605,1.779,227.08
BCHUSDT,BUY,LIMIT,1701508542060,0.099,227.52
BCHUSDT,BUY,LIMIT,1701508560012,0.139,227.58
BCHUSDT,BUY,LIMIT,1701508562594,2.937,227.73
BCHUSDT,BUY,LIMIT,1701508632979,8.475,227.81
BCHUSDT,BUY,LIMIT,1701508693348,1.393,227.94
BCHUSDT,BUY,LIMIT,1701510032395,0.363,228.25
BCHUSDT,BUY,LIMIT,1701510033803,2.970,228.39
BCHUSDT,BUY,LIMIT,1701510039148,0.709,228.48
BCHUSDT,BUY,LIMIT,1701510149054,2.078,228.54
BCHUSDT,BUY,LIMIT,1701510451208,0.886,228.59
BCHUSDT,BUY,LIMIT,1701510465351,0.224,228.63
BCHUSDT,BUY,LIMIT,1701510489047,8.480,228.75
BCHUSDT,BUY,LIMIT,1701510490072,0.110,228.77
BCHUSDT,BUY,LIMIT,1701510652763,0.129,228.78
BCHUSDT,BUY,LIMIT,1701510662654,0.393,228.85
BCHUSDT,BUY,LIMIT,1701510664630,1.009,228.88
