Symbol,Side,Order Type,Time,Quantity,Price
BEAMXUSDT,BUY,LIMIT,1701915202388,197174,0.0162883
BEAMXUSDT,SELL,LIMIT,1701915306339,55389,0.0157418
BEAMXUSDT,SELL,LIMIT,1701915381370,1406,0.0156444
BEAMXUSDT,SELL,LIMIT,1701915396653,37747,0.0155765
BEAMXUSDT,SELL,LIMIT,1701916036276,4030,0.0154750
BEAMXUSDT,SELL,LIMIT,1701916293266,42018,0.0154401
BEAMXUSDT,SELL,LIMIT,1701917157722,35136,0.0154253
BEAMXUSDT,SELL,LIMIT,1701917175089,21700,0.0154029
BEAMXUSDT,SELL,LIMIT,1701917182164,98973,0.0153972
BEAMXUSDT,SELL,LIMIT,1701917189727,459,0.0153825
BEAMXUSDT,SELL,LIMIT,1701917193247,11299,0.0153682
BEAMXUSDT,SELL,LIMIT,1701917195929,7252,0.0153403
BEAMXUSDT,SELL,LIMIT,1701917224611,69568,0.0153272
BEAMXUSDT,SELL,LIMIT,1701917266559,60766,0.0153167
BEAMXUSDT,SELL,LIMIT,1701918218058,2424,0.0153112
BEAMXUSDT,SELL,LIMIT,1701918219105,18806,0.0153031
BEAMXUSDT,SELL,LIMIT,1701918224431,3024,0.0152957
BEAMXUSDT,BUY,LIMIT,1701918516464,1395,0.0158733
BEAMXUSDT,BUY,LIMIT,1701918951553,230411,0.0159243
BEAMXUSDT,BUY,LIMIT,1701918955134,44297,0.0159502
BEAMXUSDT,SELL,LIMIT,1701919095177,15875,0.0154377
BEAMXUSDT,SELL,LIMIT,1701919098502,661,0.0154077
BEAMXUSDT,SELL,LIMIT,1701919103179,77033,0.0153639
BEAMXUSDT,SELL,LIMIT,1701919104991,5441,0.0153321
BEAMXUSDT,SELL,LIMIT,1701919106191,12930,0.0152660
BEAMXUSDT,SELL,LIMIT,1701919107273,85711,0.0152736
BEAMXUSDT,SELL,LIMIT,1701919262459,28541,0.0152146
BEAMXUSDT,BUY,LIMIT,1701919458752,223655,0.0157998
BEAMXUSDT,SELL,LIMIT,1701920031936,12866,0.0152717
BEAMXUSDT,SELL,LIMIT,1701920777679,116449,0.0151908
BEAMXUSDT,SELL,LIMIT,1701920779082,5798,0.0151739
BEAMXUSDT,SELL,LIMIT,1701920795812,3412,0.0151509
BEAMXUSDT,SELL,LIMIT,1701920904813,9464,0.0150878
BEAMXUSDT,SELL,LIMIT,1701920927202,7366,0.0150815
BEAMXUSDT,SELL,LIMIT,1701921017324,8034,0.0150682
BEAMXUSDT,SELL,LIMIT,1701921039548,39566,0.0150517
BEAMXUSDT,SELL,LIMIT,1701921083715,582,0.0150504
BEAMXUSDT,BUY,LIMIT,1701921197629,25061,0.0156262
BEAMXUSDT,BUY,LIMIT,1701922574758,1261,0.0156472
BEAMXUSDT,BUY,LIMIT,1701922584463,2655,0.0156627
BEAMXUSDT,BUY,LIMIT,1701922966521,17975,0.0156580
BEAMXUSDT,BUY,LIMIT,1701922994915,22376,0.0156781
BEAMXUSDT,BUY,LIMIT,1701922999423,5488,0.0156839
BEAMXUSDT,BUY,LIMIT,1701923285557,22400,0.0157705
BEAMXUSDT,BUY,LIMIT,1701923297573,1227,0.0157780
BEAMXUSDT,BUY,LIMIT,1701923317502,13378,0.0157859
BEAMXUSDT,SELL,LIMIT,1701923401943,11104,0.0152477
BEAMXUSDT,BUY,LIMIT,1701923854212,11943,0.0158354
BEAMXUSDT,BUY,LIMIT,1701923881187,16065,0.0158585
BEAMXUSDT,BUY,LIMIT,1701923894663,3112,0.0158966
BEAMXUSDT,BUY,LIMIT,1701923901681,4090,0.0159198
BEAMXUSDT,BUY,LIMIT,1701923924217,130522,0.0160404
BEAMXUSDT,BUY,LIMIT,1701923925422,302037,0.0160230
BEAMXUSDT,BUY,LIMIT,1701923927152,245194,0.0160504
BEAMXUSDT,BUY,LIMIT,1701923931138,127783,0.0160832
BEAMXUSDT,BUY,LIMIT,1701923996406,3252,0.0144194
BEAMXUSDT,BUY,LIMIT,1701924235425,13151,0.0161435
BEAMXUSDT,BUY,LIMIT,1701924237042,139438,0.0161513
BEAMXUSDT,BUY,LIMIT,1701924306626,666,0.0161669
BEAMXUSDT,BUY,LIMIT,1701924308324,9932,0.0161718
BEAMXUSDT,BUY,LIMIT,1701924338923,9436,0.0162227
BEAMXUSDT,BUY,LIMIT,1701924341323,1768,0.0162276
BEAMXUSDT,SELL,LIMIT,1701924446572,15268,0.0155964
BEAMXUSDT,BUY,LIMIT,1701924980339,17822,0.0162249
BEAMXUSDT,BUY,LIMIT,1701925122126,8836,0.0162618
BEAMXUSDT,BUY,LIMIT,1701925125448,60384,0.0162761
BEAMXUSDT,BUY,LIMIT,1701925197546,481,0.0162900
BEAMXUSDT,BUY,LIMIT,1701925206510,72260,0.0163120
BEAMXUSDT,BUY,LIMIT,1701925232765,3373,0.0163201
BEAMXUSDT,BUY,LIMIT,1701925234581,15000,0.0163260
BEAMXUSDT,BUY,LIMIT,1701925247072,5745,0.0163446
BEAMXUSDT,BUY,LIMIT,1701925259880,38226,0.0163856
BEAMXUSDT,BUY,LIMIT,1701925274821,312129,0.0164335
BEAMXUSDT,BUY,LIMIT,1701925279796,9413,0.0164629
BEAMXUSDT,SELL,LIMIT,1701925317414,45254,0.0158734
BEAMXUSDT,SELL,LIMIT,1701925333202,286147,0.0158263
BEAMXUSDT,SELL,LIMIT,1701925347619,310790,0.0157611
BEAMXUSDT,SELL,LIMIT,1701925378759,533,0.0157359
BEAMXUSDT,SELL,LIMIT,1701925613403,8283,0.0156551
BEAMXUSDT,SELL,LIMIT,1701925730592,21964,0.0156411
BEAMXUSDT,BUY,LIMIT,1701925999180,25700,0.0162355
BEAMXUSDT,BUY,LIMIT,1701926049335,14992,0.0162819
BEAMXUSDT,BUY,LIMIT,1701926050759,1405,0.0162878
BEAMXUSDT,BUY,LIMIT,1701926196440,2974,0.0162900
BEAMXUSDT,SELL,LIMIT,1701926388144,1317,0.0156604
BEAMXUSDT,BUY,LIMIT,1701926554714,49248,0.0162403
BEAMXUSDT,BUY,LIMIT,1701926568452,13170,0.0162740
BEAMXUSDT,BUY,LIMIT,1701926569846,6057,0.0162752
BEAMXUSDT,BUY,LIMIT,1701926584084,23105,0.0163254
BEAMXUSDT,BUY,LIMIT,1701926592051,1435,0.0163611
BEAMXUSDT,BUY,LIMIT,1701926602697,15745,0.0164197
BEAMXUSDT,BUY,LIMIT,1701926607541,304265,0.0164226
BEAMXUSDT,BUY,LIMIT,1701926609478,6834,0.0164355
BEAMXUSDT,BUY,LIMIT,1701926619285,25249,0.0164756
BEAMXUSDT,BUY,LIMIT,1701926671190,6322,0.0164372
BEAMXUSDT,SELL,LIMIT,1701926709052,251646,0.0159020
BEAMXUSDT,SELL,LIMIT,1701926751762,4548,0.0158612
BEAMXUSDT,BUY,LIMIT,1701927065250,3491,0.0164574
BEAMXUSDT,BUY,LIMIT,1701927079492,133627,0.0165075
BEAMXUSDT,BUY,LIMIT,1701927081188,14094,0.0165187
BEAMXUSDT,BUY,LIMIT,1701927082408,94195,0.0165368
BEAMXUSDT,BUY,LIMIT,1701927086135,16887,0.0165459
BEAMXUSDT,BUY,LIMIT,1701927089288,72368,0.0165594
BEAMXUSDT,BUY,LIMIT,1701927090855,15000,0.0165745
BEAMXUSDT,BUY,LIMIT,1701927110365,210234,0.0166061
BEAMXUSDT,BUY,LIMIT,1701927115085,9729,0.0166293
BEAMXUSDT,BUY,LIMIT,1701927120121,159637,0.0166232
BEAMXUSDT,SELL,LIMIT,1701927217648,4094,0.0160191
BEAMXUSDT,BUY,LIMIT,1701927233350,1565,0.0166412
BEAMXUSDT,BUY,LIMIT,1701927599865,22306,0.0166771
BEAMXUSDT,BUY,LIMIT,1701927601623,32176,0.0166948
BEAMXUSDT,BUY,LIMIT,1701927605047,1200,0.0166922
BEAMXUSDT,BUY,LIMIT,1701927620386,186207,0.0167075
BEAMXUSDT,BUY,LIMIT,1701927624227,20350,0.0167090
BEAMXUSDT,BUY,LIMIT,1701927988518,124081,0.0167287
BEAMXUSDT,BUY,LIMIT,1701928001179,12496,0.0167361
BEAMXUSDT,BUY,LIMIT,1701928043966,8099,0.0167443
BEAMXUSDT,BUY,LIMIT,1701928046348,31677,0.0167601
BEAMXUSDT,BUY,LIMIT,1701928047514,1793,0.0167654
BEAMXUSDT,BUY,LIMIT,1701928048803,25000,0.0167863
BEAMXUSDT,BUY,LIMIT,1701928067376,12347,0.0167938
BEAMXUSDT,BUY,LIMIT,1701928071124,41283,0.0168056
BEAMXUSDT,BUY,LIMIT,1701928074033,268189,0.0168076
BEAMXUSDT,BUY,LIMIT,1701928080207,58596,0.0168164
BEAMXUSDT,BUY,LIMIT,1701928106266,15725,0.0168247
BEAMXUSDT,BUY,LIMIT,1701928109144,20244,0.0168272
BEAMXUSDT,BUY,LIMIT,1701928110335,245848,0.0168290
BEAMXUSDT,BUY,LIMIT,1701928111421,8490,0.0168446
BEAMXUSDT,BUY,LIMIT,1701928114351,3847,0.0168497
BEAMXUSDT,BUY,LIMIT,1701928116121,1543209,0.0170067
BEAMXUSDT,BUY,LIMIT,1701928117225,5322,0.0168621
BEAMXUSDT,BUY,LIMIT,1701928118613,205581,0.0168653
BEAMXUSDT,BUY,LIMIT,1701928121726,32008,0.0168733
BEAMXUSDT,BUY,LIMIT,1701928124947,10212,0.0168770
BEAMXUSDT,BUY,LIMIT,1701928261208,772,0.0168508
BEAMXUSDT,BUY,LIMIT,1701928263822,1184,0.0168576
BEAMXUSDT,BUY,LIMIT,1701928276027,54156,0.0168639
BEAMXUSDT,BUY,LIMIT,1701928280507,6340,0.0168781
BEAMXUSDT,BUY,LIMIT,1701928282300,13061,0.0168808
BEAMXUSDT,BUY,LIMIT,1701928284209,2429,0.0168928
BEAMXUSDT,BUY,LIMIT,1701928286780,9856,0.0168990
BEAMXUSDT,BUY,LIMIT,1701928291276,309712,0.0169249
BEAMXUSDT,BUY,LIMIT,1701928292408,12801,0.0169479
BEAMXUSDT,BUY,LIMIT,1701928296012,15443,0.0169620
BEAMXUSDT,BUY,LIMIT,1701928319692,24642,0.0169672
BEAMXUSDT,BUY,LIMIT,1701928326234,35363,0.0169965
BEAMXUSDT,BUY,LIMIT,1701928327533,2436,0.0169931
BEAMXUSDT,BUY,LIMIT,1701928330598,6359,0.0170115
BEAMXUSDT,BUY,LIMIT,1701928332604,20000,0.0170138
BEAMXUSDT,BUY,LIMIT,1701928340456,1446,0.0170189
BEAMXUSDT,BUY,LIMIT,1701928354530,3882,0.0170282
BEAMXUSDT,BUY,LIMIT,1701928356365,15880,0.0170363
BEAMXUSDT,BUY,LIMIT,1701928392246,4652,0.0170576
BEAMXUSDT,BUY,LIMIT,1701928393428,449,0.0170836
BEAMXUSDT,BUY,LIMIT,1701928411987,600,0.0170629
BEAMXUSDT,BUY,LIMIT,1701928474090,16540,0.0171018
BEAMXUSDT,BUY,LIMIT,1701928485726,62406,0.0171082
BEAMXUSDT,BUY,LIMIT,1701928490379,953,0.0171199
BEAMXUSDT,BUY,LIMIT,1701928493817,1260,0.0171352
BEAMXUSDT,BUY,LIMIT,1701928517281,250000,0.0171410
BEAMXUSDT,BUY,LIMIT,1701928519705,466587,0.0172118
BEAMXUSDT,BUY,LIMIT,1701928521114,14154,0.0171716
BEAMXUSDT,BUY,LIMIT,1701928522494,35702,0.0171723
BEAMXUSDT,BUY,LIMIT,1701928528180,5011,0.0171909
BEAMXUSDT,BUY,LIMIT,1701928529491,20226,0.0171877
BEAMXUSDT,BUY,LIMIT,1701928539196,436,0.0172073
BEAMXUSDT,BUY,LIMIT,1701928541115,5825,0.0172261
BEAMXUSDT,BUY,LIMIT,1701928542390,2000,0.0172261
BEAMXUSDT,BUY,LIMIT,1701928543856,63865,0.0172414
BEAMXUSDT,SELL,LIMIT,1701928563818,44201,0.0166115
BEAMXUSDT,SELL,LIMIT,1701928615268,60008,0.0165801
BEAMXUSDT,SELL,LIMIT,1701928655892,26627,0.0165085
BEAMXUSDT,SELL,LIMIT,1701928657934,26691,0.0165003
BEAMXUSDT,SELL,LIMIT,1701928729599,9879,0.0164887
BEAMXUSDT,BUY,LIMIT,1701928815296,24504,0.0170726
BEAMXUSDT,BUY,LIMIT,1701928816945,1373,0.0170903
BEAMXUSDT,SELL,LIMIT,1701928925915,26170,0.0164552
BEAMXUSDT,SELL,LIMIT,1701928927951,9317,0.0163913
BEAMXUSDT,SELL,LIMIT,1701928949112,113661,0.0163753
BEAMXUSDT,SELL,LIMIT,1701928957557,42707,0.0163558
BEAMXUSDT,BUY,LIMIT,1701929014318,50552,0.0169458
BEAMXUSDT,SELL,LIMIT,1701929166098,2873,0.0163303
BEAMXUSDT,BUY,LIMIT,1701929543074,313,0.0168970
BEAMXUSDT,BUY,LIMIT,1701929545153,3607,0.0169159
BEAMXUSDT,BUY,LIMIT,1701929781724,14287,0.0168195
BEAMXUSDT,BUY,LIMIT,1701929832928,20745,0.0167915
BEAMXUSDT,SELL,LIMIT,1701929870142,400,0.0162685
BEAMXUSDT,SELL,LIMIT,1701929871578,2225,0.0162526
BEAMXUSDT,SELL,LIMIT,1701929872656,30470,0.0162277
BEAMXUSDT,SELL,LIMIT,1701929875638,15784,0.0162237
BEAMXUSDT,SELL,LIMIT,1701929949443,881,0.0161936
BEAMXUSDT,SELL,LIMIT,1701930368576,491,0.0161729
BEAMXUSDT,SELL,LIMIT,1701930595197,2669,0.0161572
BEAMXUSDT,SELL,LIMIT,1701930637321,17151,0.0161227
BEAMXUSDT,BUY,LIMIT,1701930847436,27563,0.0166482
BEAMXUSDT,BUY,LIMIT,1701931011138,300853,0.0165948
BEAMXUSDT,SELL,LIMIT,1701931392468,4861,0.0160390
BEAMXUSDT,SELL,LIMIT,1701931408600,17727,0.0160178
BEAMXUSDT,SELL,LIMIT,1701931413733,23338,0.0159958
BEAMXUSDT,SELL,LIMIT,1701931426123,26035,0.0159417
BEAMXUSDT,SELL,LIMIT,1701931427297,7425,0.0159407
BEAMXUSDT,SELL,LIMIT,1701931430941,29744,0.0159297
BEAMXUSDT,SELL,LIMIT,1701931432215,198508,0.0159170
BEAMXUSDT,SELL,LIMIT,1701931433249,2500,0.0158838
BEAMXUSDT,SELL,LIMIT,1701931440877,9277,0.0158651
BEAMXUSDT,SELL,LIMIT,1701931460098,18872,0.0158595
BEAMXUSDT,BUY,LIMIT,1701931569293,2000,0.0115248
BEAMXUSDT,BUY,LIMIT,1701931908915,11175,0.0165207
BEAMXUSDT,SELL,LIMIT,1701931936186,57433,0.0159271
BEAMXUSDT,SELL,LIMIT,1701931943033,2011,0.0159113
BEAMXUSDT,SELL,LIMIT,1701931952037,17023,0.0158695
BEAMXUSDT,SELL,LIMIT,1701931953455,8954,0.0157660
BEAMXUSDT,SELL,LIMIT,1701931992135,6991,0.0157370
BEAMXUSDT,SELL,LIMIT,1701931994230,1373,0.0157267
BEAMXUSDT,BUY,LIMIT,1701932009229,27067,0.0162569
BEAMXUSDT,BUY,LIMIT,1701932373288,6226,0.0162880
BEAMXUSDT,BUY,LIMIT,1701932576389,44226,0.0165045
BEAMXUSDT,SELL,LIMIT,1701932673121,20647,0.0158904
BEAMXUSDT,BUY,LIMIT,1701932709569,3468,0.0164582
BEAMXUSDT,SELL,LIMIT,1701933232039,167066,0.0159773
BEAMXUSDT,SELL,LIMIT,1701933233056,97017,0.0159732
BEAMXUSDT,BUY,LIMIT,1701933425141,23260,0.0166162
BEAMXUSDT,BUY,LIMIT,1701933464442,46307,0.0166696
BEAMXUSDT,BUY,LIMIT,1701933484265,73776,0.0167256
BEAMXUSDT,BUY,LIMIT,1701933532489,302222,0.0167709
BEAMXUSDT,BUY,LIMIT,1701933533639,24527,0.0167924
BEAMXUSDT,BUY,LIMIT,1701933535432,17292,0.0167928
BEAMXUSDT,BUY,LIMIT,1701933538800,32919,0.0168004
BEAMXUSDT,BUY,LIMIT,1701933541807,4668,0.0168607
BEAMXUSDT,BUY,LIMIT,1701933566266,328606,0.0169164
BEAMXUSDT,BUY,LIMIT,1701933631335,1456,0.0169191
BEAMXUSDT,BUY,LIMIT,1701933634373,4826,0.0169331
BEAMXUSDT,SELL,LIMIT,1701933806462,61,0.0164336
BEAMXUSDT,BUY,LIMIT,1701933818371,12740,0.0169669
BEAMXUSDT,BUY,LIMIT,1701933820215,48974,0.0169730
BEAMXUSDT,BUY,LIMIT,1701933822877,150000,0.0170000
BEAMXUSDT,BUY,LIMIT,1701933847112,13378,0.0170480
BEAMXUSDT,BUY,LIMIT,1701933848883,3669,0.0170707
BEAMXUSDT,BUY,LIMIT,1701933854366,8346,0.0171098
BEAMXUSDT,BUY,LIMIT,1701933858132,323,0.0171383
BEAMXUSDT,BUY,LIMIT,1701933859171,25906,0.0171366
BEAMXUSDT,BUY,LIMIT,1701934079083,2167,0.0171497
BEAMXUSDT,BUY,LIMIT,1701934080439,2380,0.0171717
BEAMXUSDT,BUY,LIMIT,1701934085709,5000,0.0172100
BEAMXUSDT,BUY,LIMIT,1701934152819,8452,0.0172535
BEAMXUSDT,BUY,LIMIT,1701934158157,297378,0.0172688
BEAMXUSDT,BUY,LIMIT,1701934159197,701,0.0172712
BEAMXUSDT,BUY,LIMIT,1701934174301,5639,0.0172844
BEAMXUSDT,BUY,LIMIT,1701934222322,2,0.0173002
BEAMXUSDT,BUY,LIMIT,1701934223776,8809,0.0173133
BEAMXUSDT,BUY,LIMIT,1701934226095,246435,0.0173452
BEAMXUSDT,BUY,LIMIT,1701934227457,11569,0.0173801
BEAMXUSDT,BUY,LIMIT,1701934229404,4286,0.0174012
BEAMXUSDT,BUY,LIMIT,1701934230705,279165,0.0174346
BEAMXUSDT,BUY,LIMIT,1701934234171,14773,0.0174636
BEAMXUSDT,BUY,LIMIT,1701934235216,1541,0.0174795
BEAMXUSDT,BUY,LIMIT,1701934236216,5521,0.0174967
BEAMXUSDT,BUY,LIMIT,1701934237229,293254,0.0175323
BEAMXUSDT,SELL,LIMIT,1701934251488,4473,0.0168975
BEAMXUSDT,SELL,LIMIT,1701934258350,4024,0.0168213
BEAMXUSDT,BUY,LIMIT,1701934278869,17065,0.0173578
BEAMXUSDT,SELL,LIMIT,1701934414551,192579,0.0167645
BEAMXUSDT,SELL,LIMIT,1701934474006,1134,0.0167265
BEAMXUSDT,SELL,LIMIT,1701934482143,170029,0.0167079
BEAMXUSDT,BUY,LIMIT,1701934557523,53232,0.0172732
BEAMXUSDT,SELL,LIMIT,1701934734278,911,0.0165622
BEAMXUSDT,SELL,LIMIT,1701935163046,14383,0.0165142
BEAMXUSDT,BUY,LIMIT,1701935237879,16560,0.0170985
BEAMXUSDT,BUY,LIMIT,1701935296202,26758,0.0171499
BEAMXUSDT,BUY,LIMIT,1701935524475,295857,0.0172345
BEAMXUSDT,BUY,LIMIT,1701935528315,25121,0.0172636
BEAMXUSDT,BUY,LIMIT,1701935531432,294752,0.0172958
BEAMXUSDT,BUY,LIMIT,1701935532825,30513,0.0172972
BEAMXUSDT,BUY,LIMIT,1701935533834,4298,0.0173088
BEAMXUSDT,BUY,LIMIT,1701935544913,10418,0.0173628
BEAMXUSDT,BUY,LIMIT,1701935555282,827,0.0174148
BEAMXUSDT,BUY,LIMIT,1701935557290,8166,0.0174430
BEAMXUSDT,BUY,LIMIT,1701935606330,18703,0.0174805
BEAMXUSDT,BUY,LIMIT,1701935608691,29773,0.0174971
BEAMXUSDT,BUY,LIMIT,1701935615362,36346,0.0175180
BEAMXUSDT,BUY,LIMIT,1701935618137,34001,0.0175381
BEAMXUSDT,BUY,LIMIT,1701935619197,649,0.0175382
BEAMXUSDT,BUY,LIMIT,1701935645701,3740,0.0175810
BEAMXUSDT,BUY,LIMIT,1701935646783,250647,0.0176036
BEAMXUSDT,BUY,LIMIT,1701935648072,9933,0.0176121
BEAMXUSDT,BUY,LIMIT,1701935649086,1803,0.0176390
BEAMXUSDT,BUY,LIMIT,1701935650601,38465,0.0176413
BEAMXUSDT,BUY,LIMIT,1701935652692,87804,0.0176715
BEAMXUSDT,SELL,LIMIT,1701935718356,181623,0.0169220
BEAMXUSDT,SELL,LIMIT,1701935948066,19632,0.0167971
BEAMXUSDT,SELL,LIMIT,1701935962147,56816,0.0167339
BEAMXUSDT,SELL,LIMIT,1701935964972,24564,0.0167216
BEAMXUSDT,SELL,LIMIT,1701936060419,3902,0.0166614
BEAMXUSDT,SELL,LIMIT,1701936062330,12224,0.0166470
BEAMXUSDT,SELL,LIMIT,1701936109487,114582,0.0166058
BEAMXUSDT,SELL,LIMIT,1701936904143,11838,0.0166343
BEAMXUSDT,SELL,LIMIT,1701936936091,231671,0.0165654
BEAMXUSDT,SELL,LIMIT,1701937250012,270209,0.0165312
BEAMXUSDT,SELL,LIMIT,1701937309778,800,0.0164929
BEAMXUSDT,SELL,LIMIT,1701937311539,637,0.0164741
BEAMXUSDT,SELL,LIMIT,1701937328221,59945,0.0164415
BEAMXUSDT,SELL,LIMIT,1701937336843,64086,0.0164259
BEAMXUSDT,SELL,LIMIT,1701937340540,53491,0.0164051
BEAMXUSDT,SELL,LIMIT,1701937351240,3151,0.0164123
BEAMXUSDT,SELL,LIMIT,1701937383498,316,0.0163180
BEAMXUSDT,SELL,LIMIT,1701937392603,1746,0.0162896
BEAMXUSDT,SELL,LIMIT,1701937695835,35177,0.0162600
BEAMXUSDT,SELL,LIMIT,1701937766377,1704,0.0162257
BEAMXUSDT,SELL,LIMIT,1701937821415,45128,0.0162119
BEAMXUSDT,SELL,LIMIT,1701937823322,123640,0.0161951
BEAMXUSDT,SELL,LIMIT,1701937824554,49505,0.0161925
BEAMXUSDT,SELL,LIMIT,1701938125666,93757,0.0162468
BEAMXUSDT,BUY,LIMIT,1701938197479,6144,0.0169014
BEAMXUSDT,SELL,LIMIT,1701938698460,7329,0.0162312
BEAMXUSDT,SELL,LIMIT,1701939065866,513,0.0162108
BEAMXUSDT,SELL,LIMIT,1701939090476,15483,0.0161864
BEAMXUSDT,SELL,LIMIT,1701939182168,4124,0.0161655
BEAMXUSDT,SELL,LIMIT,1701939183639,27022,0.0161561
BEAMXUSDT,SELL,LIMIT,1701939185544,258189,0.0161190
BEAMXUSDT,SELL,LIMIT,1701939272095,10461,0.0161051
BEAMXUSDT,SELL,LIMIT,1701939314072,152718,0.0160705
BEAMXUSDT,SELL,LIMIT,1701939321132,180505,0.0160824
BEAMXUSDT,SELL,LIMIT,1701939323229,817,0.0160576
BEAMXUSDT,SELL,LIMIT,1701939329544,50148,0.0160253
BEAMXUSDT,SELL,LIMIT,1701939330599,14471,0.0160190
BEAMXUSDT,SELL,LIMIT,1701939332785,13506,0.0160196
BEAMXUSDT,SELL,LIMIT,1701939339253,7658,0.0160036
BEAMXUSDT,SELL,LIMIT,1701939368502,57309,0.0159804
BEAMXUSDT,SELL,LIMIT,1701939549370,79309,0.0161792
BEAMXUSDT,BUY,LIMIT,1701939815039,21812,0.0167271
BEAMXUSDT,BUY,LIMIT,1701939820470,473,0.0167575
BEAMXUSDT,SELL,LIMIT,1701939892126,56191,0.0161461
BEAMXUSDT,SELL,LIMIT,1701940052065,5896,0.0160950
BEAMXUSDT,SELL,LIMIT,1701940419284,244200,0.0160558
BEAMXUSDT,SELL,LIMIT,1701940436351,63123,0.0160077
BEAMXUSDT,SELL,LIMIT,1701940438994,4714,0.0160037
BEAMXUSDT,SELL,LIMIT,1701940441438,1129,0.0159587
BEAMXUSDT,SELL,LIMIT,1701940451564,6935,0.0159515
BEAMXUSDT,SELL,LIMIT,1701940475462,57027,0.0159295
BEAMXUSDT,SELL,LIMIT,1701940578187,150672,0.0158680
BEAMXUSDT,SELL,LIMIT,1701940582085,39852,0.0158603
BEAMXUSDT,SELL,LIMIT,1701940680446,14571,0.0158416
BEAMXUSDT,BUY,LIMIT,1701940826882,897,0.0164697
BEAMXUSDT,SELL,LIMIT,1701941160148,8000,0.0158976
BEAMXUSDT,BUY,LIMIT,1701941161534,2596,0.0163727
BEAMXUSDT,SELL,LIMIT,1701941183738,65013,0.0158450
BEAMXUSDT,SELL,LIMIT,1701941186334,52152,0.0158310
BEAMXUSDT,SELL,LIMIT,1701941187439,3010,0.0158242
BEAMXUSDT,SELL,LIMIT,1701941189687,4673,0.0158653
BEAMXUSDT,SELL,LIMIT,1701941191009,389,0.0158143
BEAMXUSDT,SELL,LIMIT,1701941192458,962,0.0157941
BEAMXUSDT,SELL,LIMIT,1701941207334,48989,0.0159196
BEAMXUSDT,SELL,LIMIT,1701941225131,17827,0.0157532
BEAMXUSDT,SELL,LIMIT,1701941241403,454,0.0157128
BEAMXUSDT,SELL,LIMIT,1701941245552,3497,0.0156976
BEAMXUSDT,SELL,LIMIT,1701941248406,616,0.0165643
BEAMXUSDT,SELL,LIMIT,1701941301560,21224,0.0156656
BEAMXUSDT,SELL,LIMIT,1701941303870,1774,0.0156503
BEAMXUSDT,BUY,LIMIT,1701941356527,1575,0.0162059
BEAMXUSDT,BUY,LIMIT,1701941365438,4366,0.0162457
BEAMXUSDT,BUY,LIMIT,1701941674981,14729,0.0164282
BEAMXUSDT,BUY,LIMIT,1701941697655,103331,0.0164419
BEAMXUSDT,BUY,LIMIT,1701941752243,6543,0.0164532
BEAMXUSDT,BUY,LIMIT,1701941768050,1540,0.0164792
BEAMXUSDT,BUY,LIMIT,1701942190991,274824,0.0164520
BEAMXUSDT,BUY,LIMIT,1701942389746,4934,0.0165182
BEAMXUSDT,BUY,LIMIT,1701942426336,1983,0.0166484
BEAMXUSDT,BUY,LIMIT,1701942428583,1639,0.0166939
BEAMXUSDT,BUY,LIMIT,1701942446522,75618,0.0166657
BEAMXUSDT,BUY,LIMIT,1701942455383,52147,0.0167041
BEAMXUSDT,SELL,LIMIT,1701942739238,96659,0.0162138
BEAMXUSDT,SELL,LIMIT,1701942740477,161842,0.0162115
BEAMXUSDT,SELL,LIMIT,1701942837373,16443,0.0161176
BEAMXUSDT,SELL,LIMIT,1701942842519,25436,0.0160897
BEAMXUSDT,SELL,LIMIT,1701943045096,197281,0.0160408
BEAMXUSDT,BUY,LIMIT,1701943250556,37950,0.0166087
BEAMXUSDT,SELL,LIMIT,1701943349974,11797,0.0160264
BEAMXUSDT,SELL,LIMIT,1701943357049,18030,0.0160016
BEAMXUSDT,SELL,LIMIT,1701943360002,30666,0.0159847
BEAMXUSDT,SELL,LIMIT,1701943379745,104153,0.0159600
BEAMXUSDT,SELL,LIMIT,1701943501852,27138,0.0158567
BEAMXUSDT,SELL,LIMIT,1701943568124,110123,0.0158383
BEAMXUSDT,BUY,LIMIT,1701943701198,27250,0.0163289
BEAMXUSDT,BUY,LIMIT,1701943715356,24701,0.0164055
BEAMXUSDT,SELL,LIMIT,1701943873962,230597,0.0159261
BEAMXUSDT,SELL,LIMIT,1701944216639,24636,0.0157574
BEAMXUSDT,SELL,LIMIT,1701944336512,60386,0.0157350
BEAMXUSDT,SELL,LIMIT,1701944338035,10266,0.0157174
BEAMXUSDT,SELL,LIMIT,1701944461310,9552,0.0157052
BEAMXUSDT,SELL,LIMIT,1701944496490,98908,0.0156667
BEAMXUSDT,SELL,LIMIT,1701944508034,4019,0.0156610
BEAMXUSDT,SELL,LIMIT,1701944520600,88,0.0156595
BEAMXUSDT,BUY,LIMIT,1701944608512,19834,0.0162291
BEAMXUSDT,BUY,LIMIT,1701945246161,6996,0.0163574
BEAMXUSDT,BUY,LIMIT,1701945393147,3527,0.0162793
BEAMXUSDT,SELL,LIMIT,1701945526456,2602,0.0156671
BEAMXUSDT,SELL,LIMIT,1701945557247,29004,0.0156384
BEAMXUSDT,SELL,LIMIT,1701945625141,2384,0.0156273
BEAMXUSDT,BUY,LIMIT,1701946093808,7012,0.0161756
BEAMXUSDT,SELL,LIMIT,1701946170635,364,0.0155767
BEAMXUSDT,SELL,LIMIT,1701946216587,9450,0.0155174
BEAMXUSDT,SELL,LIMIT,1701946224135,13041,0.0155029
BEAMXUSDT,SELL,LIMIT,1701946257103,3770,0.0154847
BEAMXUSDT,SELL,LIMIT,1701946313278,24670,0.0154577
BEAMXUSDT,SELL,LIMIT,1701946314280,6313,0.0154196
BEAMXUSDT,SELL,LIMIT,1701946318088,8993,0.0154048
BEAMXUSDT,SELL,LIMIT,1701946337165,1083,0.0153737
BEAMXUSDT,SELL,LIMIT,1701946338430,296356,0.0153917
BEAMXUSDT,SELL,LIMIT,1701946340147,586,0.0153466
BEAMXUSDT,SELL,LIMIT,1701946358141,138863,0.0153165
BEAMXUSDT,SELL,LIMIT,1701946359169,1336,0.0153311
BEAMXUSDT,SELL,LIMIT,1701946405185,16169,0.0153108
BEAMXUSDT,SELL,LIMIT,1701946408998,6402,0.0153003
BEAMXUSDT,SELL,LIMIT,1701946420749,2941,0.0152881
BEAMXUSDT,SELL,LIMIT,1701946426015,1263,0.0152555
BEAMXUSDT,SELL,LIMIT,1701946428383,377,0.0152540
BEAMXUSDT,SELL,LIMIT,1701946429554,15777,0.0152193
BEAMXUSDT,SELL,LIMIT,1701946486324,91331,0.0152516
BEAMXUSDT,BUY,LIMIT,1701946596593,66560,0.0158574
BEAMXUSDT,SELL,LIMIT,1701946810354,6679,0.0153480
BEAMXUSDT,BUY,LIMIT,1701947724063,5692,0.0159849
BEAMXUSDT,BUY,LIMIT,1701947892837,6294,0.0161199
BEAMXUSDT,BUY,LIMIT,1701948141666,9913,0.0161371
BEAMXUSDT,BUY,LIMIT,1701948179050,12932,0.0161735
BEAMXUSDT,BUY,LIMIT,1701948314638,2313,0.0161999
BEAMXUSDT,SELL,LIMIT,1701948627329,6076,0.0157055
BEAMXUSDT,SELL,LIMIT,1701948749280,37144,0.0156278
BEAMXUSDT,BUY,LIMIT,1701949523963,45018,0.0160979
BEAMXUSDT,BUY,LIMIT,1701950307279,10813,0.0162320
BEAMXUSDT,SELL,LIMIT,1701950669247,8925,0.0157410
BEAMXUSDT,BUY,LIMIT,1701950990863,16997,0.0163153
BEAMXUSDT,BUY,LIMIT,1701951032891,11396,0.0163475
BEAMXUSDT,BUY,LIMIT,1701951245180,68670,0.0162672
BEAMXUSDT,SELL,LIMIT,1701951320149,271518,0.0157627
BEAMXUSDT,SELL,LIMIT,1701951515168,343,0.0156729
BEAMXUSDT,BUY,LIMIT,1701951791515,32609,0.0163054
BEAMXUSDT,BUY,LIMIT,1701951882906,21474,0.0163583
BEAMXUSDT,BUY,LIMIT,1701951892413,32767,0.0163615
BEAMXUSDT,BUY,LIMIT,1701952072869,128865,0.0163712
BEAMXUSDT,SELL,LIMIT,1701952429045,126765,0.0158613
BEAMXUSDT,SELL,LIMIT,1701952530146,706,0.0157303
BEAMXUSDT,SELL,LIMIT,1701952531416,58602,0.0157350
BEAMXUSDT,BUY,LIMIT,1701953026376,1351,0.0162425
BEAMXUSDT,SELL,LIMIT,1701953143414,1897,0.0157505
BEAMXUSDT,BUY,LIMIT,1701953910463,18208,0.0162163
BEAMXUSDT,BUY,LIMIT,1701954223401,77644,0.0164982
BEAMXUSDT,BUY,LIMIT,1701954239918,3972,0.0165203
BEAMXUSDT,BUY,LIMIT,1701954243047,37381,0.0165368
BEAMXUSDT,BUY,LIMIT,1701954254127,7000,0.0165680
BEAMXUSDT,BUY,LIMIT,1701954258970,5745,0.0166024
BEAMXUSDT,BUY,LIMIT,1701954286611,5095,0.0166558
BEAMXUSDT,BUY,LIMIT,1701954333900,5293,0.0166949
BEAMXUSDT,BUY,LIMIT,1701954392800,2666,0.0167059
BEAMXUSDT,BUY,LIMIT,1701954394408,42161,0.0167128
BEAMXUSDT,BUY,LIMIT,1701954444951,221906,0.0167508
BEAMXUSDT,BUY,LIMIT,1701955143732,2686,0.0166678
BEAMXUSDT,BUY,LIMIT,1701955626068,56985,0.0167598
BEAMXUSDT,SELL,LIMIT,1701956058086,414,0.0161715
BEAMXUSDT,BUY,LIMIT,1701956239897,21961,0.0168084
BEAMXUSDT,BUY,LIMIT,1701956276046,114419,0.0168443
BEAMXUSDT,BUY,LIMIT,1701956278147,3122,0.0168513
BEAMXUSDT,SELL,LIMIT,1701956831186,92846,0.0162412
BEAMXUSDT,SELL,LIMIT,1701956851661,13205,0.0162724
BEAMXUSDT,SELL,LIMIT,1701956888283,301204,0.0161511
BEAMXUSDT,SELL,LIMIT,1701956955768,5848,0.0161023
BEAMXUSDT,SELL,LIMIT,1701956956822,3947,0.0161016
BEAMXUSDT,SELL,LIMIT,1701956970462,5000,0.0160963
BEAMXUSDT,SELL,LIMIT,1701957014102,11006,0.0160305
BEAMXUSDT,SELL,LIMIT,1701958002339,29015,0.0160847
BEAMXUSDT,SELL,LIMIT,1701958098428,28669,0.0159860
BEAMXUSDT,BUY,LIMIT,1701958521762,882,0.0166066
BEAMXUSDT,SELL,LIMIT,1701959631210,52037,0.0161133
BEAMXUSDT,SELL,LIMIT,1701959654445,991,0.0160990
BEAMXUSDT,BUY,LIMIT,1701959666102,25999,0.0163359
BEAMXUSDT,SELL,LIMIT,1701959705277,28744,0.0160637
BEAMXUSDT,BUY,LIMIT,1701959863048,86096,0.0167158
BEAMXUSDT,BUY,LIMIT,1701960012686,7718,0.0168026
BEAMXUSDT,BUY,LIMIT,1701960645519,724,0.0169439
BEAMXUSDT,BUY,LIMIT,1701960670361,147708,0.0169648
BEAMXUSDT,BUY,LIMIT,1701960679479,5712,0.0169939
BEAMXUSDT,BUY,LIMIT,1701960748382,29071,0.0170276
BEAMXUSDT,BUY,LIMIT,1701960758051,50659,0.0170743
BEAMXUSDT,BUY,LIMIT,1701960774797,6846,0.0170879
BEAMXUSDT,BUY,LIMIT,1701960777404,14409,0.0171122
BEAMXUSDT,BUY,LIMIT,1701961075323,624,0.0170702
BEAMXUSDT,BUY,LIMIT,1701961328747,32696,0.0170288
BEAMXUSDT,BUY,LIMIT,1701961696588,161064,0.0170816
BEAMXUSDT,SELL,LIMIT,1701961748548,80,0.0180629
BEAMXUSDT,BUY,LIMIT,1701961956284,5428,0.0171551
BEAMXUSDT,BUY,LIMIT,1701961968115,1176,0.0171847
BEAMXUSDT,BUY,LIMIT,1701962223380,685,0.0171004
BEAMXUSDT,SELL,LIMIT,1701962658083,54759,0.0164646
BEAMXUSDT,BUY,LIMIT,1701962709733,5000,0.0169818
BEAMXUSDT,SELL,LIMIT,1701964001701,14340,0.0163960
BEAMXUSDT,BUY,LIMIT,1701964206138,117959,0.0169084
BEAMXUSDT,BUY,LIMIT,1701964241190,1955,0.0169798
BEAMXUSDT,BUY,LIMIT,1701964247784,298399,0.0169748
BEAMXUSDT,BUY,LIMIT,1701964394389,326797,0.0169502
BEAMXUSDT,BUY,LIMIT,1701964402567,70015,0.0169223
BEAMXUSDT,SELL,LIMIT,1701964507257,15954,0.0163485
BEAMXUSDT,SELL,LIMIT,1701964625899,1436,0.0162840
BEAMXUSDT,BUY,LIMIT,1701964822516,6102,0.0167486
BEAMXUSDT,SELL,LIMIT,1701964853708,5804,0.0162306
BEAMXUSDT,BUY,LIMIT,1701965012049,12202,0.0167029
BEAMXUSDT,BUY,LIMIT,1701965054601,1136,0.0167630
BEAMXUSDT,BUY,LIMIT,1701965060284,28517,0.0167587
BEAMXUSDT,BUY,LIMIT,1701965064173,32711,0.0167752
BEAMXUSDT,BUY,LIMIT,1701965067156,8679,0.0167451
BEAMXUSDT,BUY,LIMIT,1701965127018,139817,0.0168024
BEAMXUSDT,BUY,LIMIT,1701965148188,89985,0.0168306
BEAMXUSDT,BUY,LIMIT,1701965170203,128186,0.0168797
BEAMXUSDT,BUY,LIMIT,1701965178440,72501,0.0168938
BEAMXUSDT,SELL,LIMIT,1701965673815,1072,0.0162350
BEAMXUSDT,BUY,LIMIT,1701965787112,10687,0.0168550
BEAMXUSDT,BUY,LIMIT,1701965885314,50000,0.0168569
BEAMXUSDT,BUY,LIMIT,1701965889448,5859,0.0170129
BEAMXUSDT,BUY,LIMIT,1701966288139,59673,0.0170896
BEAMXUSDT,BUY,LIMIT,1701966323793,30606,0.0171097
BEAMXUSDT,BUY,LIMIT,1701966633413,661505,0.0171092
BEAMXUSDT,SELL,LIMIT,1701967738290,101138,0.0164454
BEAMXUSDT,SELL,LIMIT,1701968058936,24017,0.0163279
BEAMXUSDT,SELL,LIMIT,1701968304399,10091,0.0162514
BEAMXUSDT,SELL,LIMIT,1701968328125,667,0.0162337
BEAMXUSDT,SELL,LIMIT,1701968757090,51063,0.0162216
BEAMXUSDT,SELL,LIMIT,1701968776423,2499,0.0162062
BEAMXUSDT,SELL,LIMIT,1701968778386,1093,0.0162044
BEAMXUSDT,SELL,LIMIT,1701968870775,3877,0.0161763
BEAMXUSDT,SELL,LIMIT,1701968898126,2411,0.0161512
BEAMXUSDT,SELL,LIMIT,1701969292398,1268,0.0160714
BEAMXUSDT,SELL,LIMIT,1701969341829,2545,0.0160355
BEAMXUSDT,SELL,LIMIT,1701969347076,14645,0.0160273
BEAMXUSDT,SELL,LIMIT,1701969374751,496859,0.0159453
BEAMXUSDT,SELL,LIMIT,1701969477454,72720,0.0159433
BEAMXUSDT,SELL,LIMIT,1701969570210,63438,0.0158980
BEAMXUSDT,SELL,LIMIT,1701969975285,14679,0.0159050
BEAMXUSDT,SELL,LIMIT,1701969977366,12603,0.0158907
BEAMXUSDT,SELL,LIMIT,1701970026190,7730,0.0158295
BEAMXUSDT,SELL,LIMIT,1701970029379,41255,0.0158138
BEAMXUSDT,SELL,LIMIT,1701970278587,1207,0.0157918
BEAMXUSDT,SELL,LIMIT,1701970288465,675914,0.0156840
BEAMXUSDT,BUY,LIMIT,1701970388108,218647,0.0163453
BEAMXUSDT,BUY,LIMIT,1701970390419,1306,0.0163654
BEAMXUSDT,BUY,LIMIT,1701970391523,4616,0.0163485
BEAMXUSDT,SELL,LIMIT,1701970938302,177578,0.0158241
BEAMXUSDT,SELL,LIMIT,1701971000934,4008,0.0158026
BEAMXUSDT,SELL,LIMIT,1701971324805,35502,0.0157876
BEAMXUSDT,SELL,LIMIT,1701971692205,54649,0.0158456
BEAMXUSDT,SELL,LIMIT,1701971864269,26341,0.0158079
BEAMXUSDT,BUY,LIMIT,1701973287965,12450,0.0163764
BEAMXUSDT,SELL,LIMIT,1701973896166,32994,0.0158583
BEAMXUSDT,SELL,LIMIT,1701973972087,72429,0.0158494
BEAMXUSDT,BUY,LIMIT,1701974053755,7193,0.0163676
BEAMXUSDT,SELL,LIMIT,1701974303071,5794,0.0157677
BEAMXUSDT,SELL,LIMIT,1701974317523,6236,0.0157565
BEAMXUSDT,SELL,LIMIT,1701975315606,1217,0.0157372
BEAMXUSDT,SELL,LIMIT,1701975318157,153579,0.0157159
BEAMXUSDT,SELL,LIMIT,1701975319221,13314,0.0157191
BEAMXUSDT,SELL,LIMIT,1701975323650,55725,0.0156996
BEAMXUSDT,BUY,LIMIT,1701976084844,148002,0.0163422
BEAMXUSDT,BUY,LIMIT,1701976557053,824,0.0163800
BEAMXUSDT,SELL,LIMIT,1701977033221,55158,0.0158090
BEAMXUSDT,SELL,LIMIT,1701977164537,309015,0.0157327
BEAMXUSDT,SELL,LIMIT,1701977299370,565,0.0156723
BEAMXUSDT,SELL,LIMIT,1701977330153,219110,0.0155948
BEAMXUSDT,SELL,LIMIT,1701981237131,50741,0.0155862
BEAMXUSDT,SELL,LIMIT,1701981241414,36521,0.0155801
BEAMXUSDT,SELL,LIMIT,1701981338298,17817,0.0155650
BEAMXUSDT,SELL,LIMIT,1701981450758,2681,0.0155292
BEAMXUSDT,SELL,LIMIT,1701981459431,3250,0.0155086
BEAMXUSDT,SELL,LIMIT,1701981460514,11537,0.0154682
BEAMXUSDT,SELL,LIMIT,1701982798563,223777,0.0154150
BEAMXUSDT,SELL,LIMIT,1701982802826,581,0.0154091
BEAMXUSDT,SELL,LIMIT,1701987523506,114581,0.0154408
BEAMXUSDT,SELL,LIMIT,1701987562104,139652,0.0154173
BEAMXUSDT,SELL,LIMIT,1701987626784,34458,0.0153891
BEAMXUSDT,SELL,LIMIT,1701987640219,31750,0.0153676
BEAMXUSDT,SELL,LIMIT,1701987652531,413,0.0153646
BEAMXUSDT,SELL,LIMIT,1701987653629,11982,0.0153400
BEAMXUSDT,SELL,LIMIT,1701987664299,117650,0.0153148
BEAMXUSDT,BUY,LIMIT,1701987765516,69640,0.0158491
BEAMXUSDT,SELL,LIMIT,1701987983099,73591,0.0152833
BEAMXUSDT,SELL,LIMIT,1701988278548,31032,0.0152514
BEAMXUSDT,SELL,LIMIT,1701988279689,113120,0.0152480
BEAMXUSDT,SELL,LIMIT,1701988302779,10006,0.0152163
BEAMXUSDT,SELL,LIMIT,1701988303816,958,0.0152053
BEAMXUSDT,SELL,LIMIT,1701988308117,220063,0.0152104
BEAMXUSDT,SELL,LIMIT,1701988312064,156253,0.0152016
BEAMXUSDT,SELL,LIMIT,1701988372247,345,0.0151990
BEAMXUSDT,SELL,LIMIT,1701989009672,9951,0.0151669
BEAMXUSDT,SELL,LIMIT,1701989012128,1500,0.0151571
BEAMXUSDT,SELL,LIMIT,1701991036469,2000,0.0151517
BEAMXUSDT,SELL,LIMIT,1701991257091,627,0.0151153
BEAMXUSDT,SELL,LIMIT,1701991921378,3312,0.0151036
BEAMXUSDT,SELL,LIMIT,1701991947658,329,0.0150807
BEAMXUSDT,SELL,LIMIT,1701992919288,364,0.0150573
BEAMXUSDT,SELL,LIMIT,1701992920375,7423,0.0150261
BEAMXUSDT,SELL,LIMIT,1701992921421,11576,0.0150284
BEAMXUSDT,SELL,LIMIT,1701992923052,6614,0.0149474
BEAMXUSDT,SELL,LIMIT,1701993470683,62767,0.0149765
BEAMXUSDT,SELL,LIMIT,1701993905078,265918,0.0149553
BEAMXUSDT,SELL,LIMIT,1701994045540,6259,0.0149483
BEAMXUSDT,SELL,LIMIT,1701994054296,1224,0.0149344
BEAMXUSDT,SELL,LIMIT,1701994201146,3992,0.0148971
BEAMXUSDT,SELL,LIMIT,1701994238666,5791,0.0148738
BEAMXUSDT,SELL,LIMIT,1701994240148,5955,0.0148563
BEAMXUSDT,SELL,LIMIT,1701994244307,382,0.0148510
BEAMXUSDT,SELL,LIMIT,1701994263111,122278,0.0148484
BEAMXUSDT,SELL,LIMIT,1701994803052,15648,0.0148711
BEAMXUSDT,BUY,LIMIT,1701995372114,57909,0.0154368
BEAMXUSDT,SELL,LIMIT,1701995983766,102903,0.0148403
BEAMXUSDT,SELL,LIMIT,1701996046613,286447,0.0148394
BEAMXUSDT,SELL,LIMIT,1701996063943,56547,0.0148282
BEAMXUSDT,SELL,LIMIT,1701997190415,502,0.0148019
BEAMXUSDT,SELL,LIMIT,1701997265910,40626,0.0148008
BEAMXUSDT,SELL,LIMIT,1701997638204,12082,0.0147573
BEAMXUSDT,SELL,LIMIT,1701997639275,1258,0.0147614
BEAMXUSDT,SELL,LIMIT,1701997640345,300000,0.0147314
BEAMXUSDT,SELL,LIMIT,1701997641952,808,0.0147243
BEAMXUSDT,SELL,LIMIT,1701997645168,150048,0.0147141
BEAMXUSDT,SELL,LIMIT,1701997646494,386,0.0147137
BEAMXUSDT,SELL,LIMIT,1701997669643,9469,0.0146921
BEAMXUSDT,SELL,LIMIT,1701997708146,1841,0.0146674
BEAMXUSDT,SELL,LIMIT,1701997709564,1543,0.0146305
BEAMXUSDT,SELL,LIMIT,1701997721075,3600,0.0146194
BEAMXUSDT,SELL,LIMIT,1701997726119,12263,0.0146140
BEAMXUSDT,SELL,LIMIT,1701997727233,72015,0.0146092
BEAMXUSDT,SELL,LIMIT,1701997730703,13391,0.0145866
BEAMXUSDT,BUY,LIMIT,1701998183524,101219,0.0151181
BEAMXUSDT,SELL,LIMIT,1701998921772,14348,0.0146342
BEAMXUSDT,SELL,LIMIT,1702001571381,68630,0.0145477
BEAMXUSDT,SELL,LIMIT,1702001667749,37364,0.0145128
BEAMXUSDT,SELL,LIMIT,1702002825114,6218,0.0144581
BEAMXUSDT,SELL,LIMIT,1702002826148,755,0.0144627
BEAMXUSDT,SELL,LIMIT,1702002830045,1246,0.0144298
BEAMXUSDT,SELL,LIMIT,1702002850062,41828,0.0143602
BEAMXUSDT,SELL,LIMIT,1702002851069,40372,0.0143719
BEAMXUSDT,SELL,LIMIT,1702002854452,3648,0.0143294
BEAMXUSDT,SELL,LIMIT,1702002856698,4738,0.0143364
BEAMXUSDT,SELL,LIMIT,1702002925540,85691,0.0142594
BEAMXUSDT,SELL,LIMIT,1702002961527,29560,0.0142322
BEAMXUSDT,SELL,LIMIT,1702003653896,26421,0.0142441
BEAMXUSDT,SELL,LIMIT,1702003741918,9546,0.0142073
BEAMXUSDT,BUY,LIMIT,1702005334224,104144,0.0148202
BEAMXUSDT,BUY,LIMIT,1702008918493,3940,0.0148308
BEAMXUSDT,BUY,LIMIT,1702009042507,382,0.0149476
BEAMXUSDT,BUY,LIMIT,1702009050132,6822,0.0149603
BEAMXUSDT,BUY,LIMIT,1702009067106,19277,0.0150030
BEAMXUSDT,SELL,LIMIT,1702009485395,40834,0.0168014
BEAMXUSDT,BUY,LIMIT,1702010327917,417,0.0149773
BEAMXUSDT,SELL,LIMIT,1702012013105,35413,0.0145195
BEAMXUSDT,SELL,LIMIT,1702012030946,132967,0.0144989
BEAMXUSDT,BUY,LIMIT,1702012451919,87554,0.0149855
BEAMXUSDT,BUY,LIMIT,1702013355463,3184,0.0151410
BEAMXUSDT,BUY,LIMIT,1702013447247,6908,0.0152028
BEAMXUSDT,BUY,LIMIT,1702014212806,6640,0.0152823
BEAMXUSDT,BUY,LIMIT,1702014219864,467,0.0152895
BEAMXUSDT,BUY,LIMIT,1702014223337,686,0.0152969
BEAMXUSDT,BUY,LIMIT,1702015894511,19518,0.0153903
BEAMXUSDT,BUY,LIMIT,1702015981302,1803,0.0154324
BEAMXUSDT,BUY,LIMIT,1702017299990,21103,0.0155255
BEAMXUSDT,BUY,LIMIT,1702017446177,23492,0.0156614
BEAMXUSDT,BUY,LIMIT,1702017824705,9181,0.0156910
BEAMXUSDT,SELL,LIMIT,1702019027597,76149,0.0148352
BEAMXUSDT,SELL,LIMIT,1702019423091,23392,0.0148110
BEAMXUSDT,SELL,LIMIT,1702019676233,26565,0.0147286
BEAMXUSDT,BUY,LIMIT,1702021582138,66915,0.0153518
BEAMXUSDT,SELL,LIMIT,1702021978426,12938,0.0147434
BEAMXUSDT,SELL,LIMIT,1702022893560,34419,0.0147016
BEAMXUSDT,BUY,LIMIT,1702023174324,27381,0.0151995
BEAMXUSDT,BUY,LIMIT,1702023450842,441,0.0152690
BEAMXUSDT,BUY,LIMIT,1702023543182,13164,0.0153000
BEAMXUSDT,SELL,LIMIT,1702024265537,7283,0.0147725
BEAMXUSDT,SELL,LIMIT,1702024814511,1252,0.0147176
BEAMXUSDT,SELL,LIMIT,1702025257248,559,0.0145838
BEAMXUSDT,SELL,LIMIT,1702025312884,51778,0.0145677
BEAMXUSDT,BUY,LIMIT,1702025568130,22784,0.0150472
BEAMXUSDT,BUY,LIMIT,1702025704079,14855,0.0150691
BEAMXUSDT,BUY,LIMIT,1702026096313,338748,0.0150790
BEAMXUSDT,BUY,LIMIT,1702026172180,4432,0.0150930
BEAMXUSDT,BUY,LIMIT,1702027036467,2828,0.0151399
BEAMXUSDT,BUY,LIMIT,1702027447803,14815,0.0151995
BEAMXUSDT,SELL,LIMIT,1702034924059,1331,0.0147744
BEAMXUSDT,BUY,LIMIT,1702036123236,13646,0.0153235
BEAMXUSDT,SELL,LIMIT,1702036601594,4107,0.0148685
BEAMXUSDT,SELL,LIMIT,1702036618191,23396,0.0148336
BEAMXUSDT,SELL,LIMIT,1702037074754,334,0.0147248
BEAMXUSDT,BUY,LIMIT,1702037158489,11273,0.0152751
BEAMXUSDT,BUY,LIMIT,1702037766075,16792,0.0154599
BEAMXUSDT,BUY,LIMIT,1702037780410,35209,0.0154708
BEAMXUSDT,BUY,LIMIT,1702037811766,2116,0.0155362
BEAMXUSDT,BUY,LIMIT,1702037841126,1263,0.0156181
BEAMXUSDT,BUY,LIMIT,1702037843681,13573,0.0157231
BEAMXUSDT,BUY,LIMIT,1702037845333,318994,0.0157360
BEAMXUSDT,BUY,LIMIT,1702037856582,63028,0.0157724
BEAMXUSDT,BUY,LIMIT,1702037865059,350,0.0157881
BEAMXUSDT,BUY,LIMIT,1702037866246,628,0.0157907
BEAMXUSDT,BUY,LIMIT,1702037874427,69733,0.0158096
BEAMXUSDT,BUY,LIMIT,1702037881345,49657,0.0158585
BEAMXUSDT,BUY,LIMIT,1702037882619,114160,0.0159651
BEAMXUSDT,BUY,LIMIT,1702037883984,16909,0.0160184
BEAMXUSDT,BUY,LIMIT,1702037885441,7115,0.0160502
BEAMXUSDT,BUY,LIMIT,1702037941056,783,0.0160887
BEAMXUSDT,SELL,LIMIT,1702038076527,50075,0.0153573
BEAMXUSDT,SELL,LIMIT,1702038659779,5974,0.0152499
BEAMXUSDT,SELL,LIMIT,1702038685111,12773,0.0152294
BEAMXUSDT,BUY,LIMIT,1702040175529,58990,0.0157841
BEAMXUSDT,BUY,LIMIT,1702040289140,32667,0.0158248
BEAMXUSDT,BUY,LIMIT,1702040515280,9028,0.0159098
BEAMXUSDT,BUY,LIMIT,1702042129910,312,0.0157401
BEAMXUSDT,SELL,LIMIT,1702042238206,507,0.0152398
BEAMXUSDT,SELL,LIMIT,1702042616286,108435,0.0151359
BEAMXUSDT,SELL,LIMIT,1702042620024,44976,0.0151246
BEAMXUSDT,SELL,LIMIT,1702042776700,57553,0.0150493
BEAMXUSDT,SELL,LIMIT,1702043714535,49294,0.0150510
BEAMXUSDT,SELL,LIMIT,1702044547346,40701,0.0149988
BEAMXUSDT,SELL,LIMIT,1702047190701,39840,0.0153442
BEAMXUSDT,SELL,LIMIT,1702047621502,5468,0.0153759
BEAMXUSDT,SELL,LIMIT,1702048057559,27634,0.0153060
BEAMXUSDT,BUY,LIMIT,1702048850492,19572,0.0157616
BEAMXUSDT,SELL,LIMIT,1702049535481,3169,0.0152098
BEAMXUSDT,SELL,LIMIT,1702050690375,14356,0.0152708
BEAMXUSDT,SELL,LIMIT,1702051840249,33190,0.0153089
BEAMXUSDT,SELL,LIMIT,1702054317205,10271,0.0151161
BEAMXUSDT,SELL,LIMIT,1702055229079,624,0.0150814
BEAMXUSDT,SELL,LIMIT,1702055270233,15683,0.0150591
BEAMXUSDT,SELL,LIMIT,1702055283424,1568,0.0150427
BEAMXUSDT,SELL,LIMIT,1702055298608,4376,0.0150272
BEAMXUSDT,SELL,LIMIT,1702055473500,1029,0.0150714
BEAMXUSDT,BUY,LIMIT,1702058452084,3106,0.0155447
BEAMXUSDT,SELL,LIMIT,1702058925055,3908,0.0150087
BEAMXUSDT,SELL,LIMIT,1702059224339,10598,0.0149268
BEAMXUSDT,BUY,LIMIT,1702061341935,118811,0.0154522
BEAMXUSDT,SELL,LIMIT,1702061713111,36234,0.0149781
BEAMXUSDT,BUY,LIMIT,1702062936864,736,0.0155147
BEAMXUSDT,SELL,LIMIT,1702067564408,44901,0.0150854
BEAMXUSDT,SELL,LIMIT,1702067767017,437,0.0150339
BEAMXUSDT,SELL,LIMIT,1702067779405,59139,0.0150168
BEAMXUSDT,SELL,LIMIT,1702070427265,2643,0.0151238
BEAMXUSDT,BUY,LIMIT,1702070562089,2514,0.0157244
BEAMXUSDT,SELL,LIMIT,1702070753964,322684,0.0151882
BEAMXUSDT,BUY,LIMIT,1702075115273,355,0.0157595
BEAMXUSDT,BUY,LIMIT,1702075605304,30948,0.0158277
BEAMXUSDT,BUY,LIMIT,1702076560410,16499,0.0158802
BEAMXUSDT,BUY,LIMIT,1702076569294,19047,0.0159056
BEAMXUSDT,BUY,LIMIT,1702076580758,122691,0.0159600
BEAMXUSDT,BUY,LIMIT,1702076824129,1244,0.0159742
BEAMXUSDT,BUY,LIMIT,1702078593073,1659,0.0159743
BEAMXUSDT,BUY,LIMIT,1702078607479,6732,0.0159606
BEAMXUSDT,BUY,LIMIT,1702078668955,5352,0.0159832
BEAMXUSDT,SELL,LIMIT,1702079281533,2089,0.0152882
BEAMXUSDT,SELL,LIMIT,1702079283233,41992,0.0152851
BEAMXUSDT,SELL,LIMIT,1702079576221,185215,0.0152241
BEAMXUSDT,SELL,LIMIT,1702080124224,2142,0.0152042
BEAMXUSDT,SELL,LIMIT,1702080190269,3169,0.0151385
BEAMXUSDT,BUY,LIMIT,1702080235703,11913,0.0155832
BEAMXUSDT,BUY,LIMIT,1702081529720,12506,0.0156289
BEAMXUSDT,SELL,LIMIT,1702081614014,852,0.0151156
BEAMXUSDT,BUY,LIMIT,1702083188473,37425,0.0157343
BEAMXUSDT,SELL,LIMIT,1702083511276,5403,0.0154261
BEAMXUSDT,BUY,LIMIT,1702083816865,8678,0.0159623
BEAMXUSDT,SELL,LIMIT,1702084185159,1278,0.0153271
BEAMXUSDT,BUY,LIMIT,1702084200891,1676,0.0157672
BEAMXUSDT,BUY,LIMIT,1702085881445,6328,0.0160624
BEAMXUSDT,BUY,LIMIT,1702085910343,7838,0.0160371
BEAMXUSDT,BUY,LIMIT,1702088303386,6826,0.0161160
BEAMXUSDT,BUY,LIMIT,1702088376219,12427,0.0161880
BEAMXUSDT,SELL,LIMIT,1702093242919,2412,0.0154700
BEAMXUSDT,BUY,LIMIT,1702099808855,1000,0.0160231
BEAMXUSDT,BUY,LIMIT,1702100101333,2695,0.0161743
BEAMXUSDT,BUY,LIMIT,1702100102775,24046,0.0161791
BEAMXUSDT,BUY,LIMIT,1702100464724,60841,0.0162658
BEAMXUSDT,BUY,LIMIT,1702100831074,32781,0.0163137
BEAMXUSDT,BUY,LIMIT,1702100833332,24098,0.0163313
BEAMXUSDT,BUY,LIMIT,1702100936670,67114,0.0163987
BEAMXUSDT,BUY,LIMIT,1702101200168,31903,0.0164007
BEAMXUSDT,BUY,LIMIT,1702101585169,1710,0.0164451
BEAMXUSDT,BUY,LIMIT,1702101644542,2131,0.0164596
BEAMXUSDT,BUY,LIMIT,1702101767688,32817,0.0164966
BEAMXUSDT,BUY,LIMIT,1702101822235,465,0.0165350
BEAMXUSDT,BUY,LIMIT,1702101832838,29384,0.0165468
BEAMXUSDT,SELL,LIMIT,1702101941207,60111,0.0159862
BEAMXUSDT,SELL,LIMIT,1702103066987,32493,0.0158896
BEAMXUSDT,BUY,LIMIT,1702103452123,98036,0.0164587
BEAMXUSDT,BUY,LIMIT,1702103513092,5689,0.0164920
BEAMXUSDT,SELL,LIMIT,1702104295896,15885,0.0158446
BEAMXUSDT,SELL,LIMIT,1702108071523,20797,0.0157026
BEAMXUSDT,SELL,LIMIT,1702108106452,39551,0.0156651
BEAMXUSDT,BUY,LIMIT,1702109220029,10196,0.0162886
BEAMXUSDT,BUY,LIMIT,1702109371915,2275,0.0163826
BEAMXUSDT,SELL,LIMIT,1702109722635,1276,0.0161119
BEAMXUSDT,BUY,LIMIT,1702109725098,13522,0.0162997
BEAMXUSDT,BUY,LIMIT,1702109747578,230084,0.0164498
BEAMXUSDT,BUY,LIMIT,1702109771759,19808,0.0164704
BEAMXUSDT,BUY,LIMIT,1702109775928,20000,0.0164722
BEAMXUSDT,BUY,LIMIT,1702109780749,688,0.0164744
BEAMXUSDT,BUY,LIMIT,1702109979244,9099,0.0163590
BEAMXUSDT,BUY,LIMIT,1702109980947,92236,0.0163813
BEAMXUSDT,BUY,LIMIT,1702110088725,1069,0.0164697
BEAMXUSDT,BUY,LIMIT,1702110217397,622,0.0164663
BEAMXUSDT,SELL,LIMIT,1702110861395,974,0.0159371
BEAMXUSDT,SELL,LIMIT,1702110997857,3655,0.0157510
BEAMXUSDT,SELL,LIMIT,1702111029135,3134,0.0156967
BEAMXUSDT,SELL,LIMIT,1702111045079,12334,0.0156594
BEAMXUSDT,SELL,LIMIT,1702111358491,79134,0.0154860
BEAMXUSDT,SELL,LIMIT,1702111382389,1514,0.0155128
BEAMXUSDT,SELL,LIMIT,1702111387563,12310,0.0154286
BEAMXUSDT,SELL,LIMIT,1702114024455,33437,0.0158285
BEAMXUSDT,SELL,LIMIT,1702114300067,9031,0.0157068
BEAMXUSDT,SELL,LIMIT,1702115572249,18159,0.0154367
BEAMXUSDT,SELL,LIMIT,1702115604081,7817,0.0153562
BEAMXUSDT,SELL,LIMIT,1702115673506,193523,0.0152718
BEAMXUSDT,SELL,LIMIT,1702117304268,3201,0.0153057
BEAMXUSDT,BUY,LIMIT,1702120356894,12930,0.0163243
BEAMXUSDT,SELL,LIMIT,1702121663122,645,0.0158406
BEAMXUSDT,BUY,LIMIT,1702123176302,7231,0.0164585
BEAMXUSDT,BUY,LIMIT,1702123449168,13831,0.0165140
BEAMXUSDT,BUY,LIMIT,1702123811161,4464,0.0165883
BEAMXUSDT,BUY,LIMIT,1702123999128,784,0.0166578
BEAMXUSDT,BUY,LIMIT,1702124010172,838,0.0166707
BEAMXUSDT,SELL,LIMIT,1702124133258,310,0.0160787
BEAMXUSDT,BUY,LIMIT,1702124935362,604,0.0167050
BEAMXUSDT,BUY,LIMIT,1702124946424,7387,0.0167141
BEAMXUSDT,SELL,LIMIT,1702125012150,13457,0.0160814
BEAMXUSDT,BUY,LIMIT,1702125334217,3713,0.0167198
BEAMXUSDT,BUY,LIMIT,1702125985209,243176,0.0167649
BEAMXUSDT,BUY,LIMIT,1702126016313,30944,0.0167811
BEAMXUSDT,BUY,LIMIT,1702126022948,1249,0.0167949
BEAMXUSDT,BUY,LIMIT,1702126066270,437,0.0168188
BEAMXUSDT,BUY,LIMIT,1702126479124,62340,0.0168400
BEAMXUSDT,BUY,LIMIT,1702126486702,18561,0.0168581
BEAMXUSDT,BUY,LIMIT,1702126586087,7734,0.0168096
BEAMXUSDT,BUY,LIMIT,1702126639103,339,0.0168785
BEAMXUSDT,BUY,LIMIT,1702126675944,1279,0.0169040
BEAMXUSDT,BUY,LIMIT,1702126718325,189511,0.0169466
BEAMXUSDT,BUY,LIMIT,1702126722155,45207,0.0169583
BEAMXUSDT,SELL,LIMIT,1702127234896,17910,0.0164053
BEAMXUSDT,BUY,LIMIT,1702127255403,32161,0.0169791
BEAMXUSDT,SELL,LIMIT,1702127713386,164242,0.0162918
BEAMXUSDT,BUY,LIMIT,1702127785905,10240,0.0169484
BEAMXUSDT,BUY,LIMIT,1702127957979,13248,0.0170311
BEAMXUSDT,BUY,LIMIT,1702128037585,34631,0.0170490
BEAMXUSDT,BUY,LIMIT,1702128431082,12927,0.0170591
BEAMXUSDT,SELL,LIMIT,1702129029046,74597,0.0163876
BEAMXUSDT,SELL,LIMIT,1702129046038,527,0.0163697
BEAMXUSDT,SELL,LIMIT,1702129047197,1297,0.0163117
BEAMXUSDT,SELL,LIMIT,1702129108757,20470,0.0161988
BEAMXUSDT,SELL,LIMIT,1702130657606,3034,0.0162007
BEAMXUSDT,BUY,LIMIT,1702131037302,1978,0.0168776
BEAMXUSDT,BUY,LIMIT,1702131351505,1823,0.0170323
BEAMXUSDT,BUY,LIMIT,1702132227890,14892,0.0171086
BEAMXUSDT,BUY,LIMIT,1702132305040,4523,0.0171429
BEAMXUSDT,BUY,LIMIT,1702132324720,39606,0.0171543
BEAMXUSDT,BUY,LIMIT,1702132377899,5426,0.0172349
BEAMXUSDT,BUY,LIMIT,1702132459952,170310,0.0172996
BEAMXUSDT,BUY,LIMIT,1702132507587,49187,0.0173220
BEAMXUSDT,BUY,LIMIT,1702132508653,6290,0.0173385
BEAMXUSDT,BUY,LIMIT,1702132510452,6929,0.0173861
BEAMXUSDT,BUY,LIMIT,1702132525117,10714,0.0174013
BEAMXUSDT,BUY,LIMIT,1702132528063,3940,0.0174252
BEAMXUSDT,BUY,LIMIT,1702132532068,63961,0.0174266
BEAMXUSDT,BUY,LIMIT,1702132535444,12556,0.0174961
BEAMXUSDT,BUY,LIMIT,1702132538389,11463,0.0175055
BEAMXUSDT,BUY,LIMIT,1702132548343,83474,0.0175496
BEAMXUSDT,BUY,LIMIT,1702132549907,272465,0.0175621
BEAMXUSDT,BUY,LIMIT,1702132552043,336317,0.0175978
BEAMXUSDT,BUY,LIMIT,1702132553659,106855,0.0175849
BEAMXUSDT,BUY,LIMIT,1702132578619,2468,0.0176403
BEAMXUSDT,SELL,LIMIT,1702132610313,72174,0.0169476
BEAMXUSDT,SELL,LIMIT,1702132895590,125272,0.0168172
BEAMXUSDT,SELL,LIMIT,1702134354750,289217,0.0164625
BEAMXUSDT,SELL,LIMIT,1702134501239,13863,0.0163948
BEAMXUSDT,SELL,LIMIT,1702135265839,329,0.0163675
BEAMXUSDT,SELL,LIMIT,1702135292711,13632,0.0163443
BEAMXUSDT,SELL,LIMIT,1702135730553,718,0.0162813
BEAMXUSDT,SELL,LIMIT,1702135882257,37504,0.0162447
BEAMXUSDT,SELL,LIMIT,1702135883953,1034,0.0162413
BEAMXUSDT,SELL,LIMIT,1702136342575,198535,0.0161940
BEAMXUSDT,SELL,LIMIT,1702136408815,2426,0.0161754
BEAMXUSDT,SELL,LIMIT,1702136447611,30318,0.0161351
BEAMXUSDT,SELL,LIMIT,1702136541433,58469,0.0160978
BEAMXUSDT,BUY,LIMIT,1702136718339,60376,0.0166528
BEAMXUSDT,BUY,LIMIT,1702137646183,135892,0.0169712
BEAMXUSDT,BUY,LIMIT,1702137691158,3991,0.0170545
BEAMXUSDT,BUY,LIMIT,1702138482688,1475,0.0170002
BEAMXUSDT,BUY,LIMIT,1702139735424,40681,0.0171050
BEAMXUSDT,BUY,LIMIT,1702139996675,17000,0.0172272
BEAMXUSDT,BUY,LIMIT,1702140021228,37466,0.0172813
BEAMXUSDT,BUY,LIMIT,1702140114357,24056,0.0174035
BEAMXUSDT,BUY,LIMIT,1702140148615,292480,0.0174934
BEAMXUSDT,BUY,LIMIT,1702140152406,6015,0.0175064
BEAMXUSDT,BUY,LIMIT,1702140154353,50387,0.0175198
BEAMXUSDT,BUY,LIMIT,1702140157125,27625,0.0175379
BEAMXUSDT,BUY,LIMIT,1702140168112,14021,0.0175624
BEAMXUSDT,BUY,LIMIT,1702140479569,65555,0.0176527
BEAMXUSDT,BUY,LIMIT,1702140482213,14488,0.0176660
BEAMXUSDT,BUY,LIMIT,1702140502634,5448,0.0176925
BEAMXUSDT,BUY,LIMIT,1702140512098,284792,0.0177077
BEAMXUSDT,SELL,LIMIT,1702140535450,640,0.0170941
BEAMXUSDT,SELL,LIMIT,1702140721650,600,0.0170608
BEAMXUSDT,SELL,LIMIT,1702140838191,54635,0.0170145
BEAMXUSDT,SELL,LIMIT,1702140849115,6658,0.0170026
BEAMXUSDT,SELL,LIMIT,1702140869979,290,0.0169263
BEAMXUSDT,SELL,LIMIT,1702140876909,89565,0.0168569
BEAMXUSDT,BUY,LIMIT,1702141060703,30711,0.0174950
BEAMXUSDT,SELL,LIMIT,1702141451102,359,0.0167602
BEAMXUSDT,SELL,LIMIT,1702141461912,49281,0.0167340
BEAMXUSDT,SELL,LIMIT,1702141479368,7206,0.0167060
BEAMXUSDT,SELL,LIMIT,1702141508625,1050,0.0166616
BEAMXUSDT,SELL,LIMIT,1702141689193,35523,0.0167507
BEAMXUSDT,BUY,LIMIT,1702141718338,166193,0.0173040
BEAMXUSDT,SELL,LIMIT,1702142242181,14488,0.0168964
BEAMXUSDT,SELL,LIMIT,1702142256446,1168,0.0168704
BEAMXUSDT,BUY,LIMIT,1702142715352,9000,0.0172503
BEAMXUSDT,SELL,LIMIT,1702142829873,84805,0.0167645
BEAMXUSDT,BUY,LIMIT,1702142995114,2226,0.0173858
BEAMXUSDT,SELL,LIMIT,1702143024981,68663,0.0168539
BEAMXUSDT,BUY,LIMIT,1702143160336,10110,0.0174948
BEAMXUSDT,BUY,LIMIT,1702143243367,6028,0.0177169
BEAMXUSDT,BUY,LIMIT,1702143249152,153503,0.0177212
BEAMXUSDT,BUY,LIMIT,1702143267315,16127,0.0177647
BEAMXUSDT,BUY,LIMIT,1702143276326,315,0.0177894
BEAMXUSDT,BUY,LIMIT,1702143281289,223856,0.0178051
BEAMXUSDT,BUY,LIMIT,1702143283705,6026,0.0178222
BEAMXUSDT,BUY,LIMIT,1702143285620,20644,0.0178232
BEAMXUSDT,BUY,LIMIT,1702143295241,25966,0.0178476
BEAMXUSDT,BUY,LIMIT,1702143415025,337,0.0179166
BEAMXUSDT,BUY,LIMIT,1702143434389,22321,0.0179269
BEAMXUSDT,BUY,LIMIT,1702143509099,100313,0.0179481
BEAMXUSDT,BUY,LIMIT,1702143512339,85872,0.0179810
BEAMXUSDT,BUY,LIMIT,1702143580802,2578,0.0180079
BEAMXUSDT,SELL,LIMIT,1702143620053,577,0.0173500
BEAMXUSDT,BUY,LIMIT,1702143624462,60219,0.0178129
BEAMXUSDT,SELL,LIMIT,1702143626615,11469,0.0173379
BEAMXUSDT,SELL,LIMIT,1702143628239,2675,0.0173277
BEAMXUSDT,BUY,LIMIT,1702143731658,560,0.0180013
BEAMXUSDT,BUY,LIMIT,1702143732836,350,0.0180258
BEAMXUSDT,BUY,LIMIT,1702143734142,5184,0.0180635
BEAMXUSDT,BUY,LIMIT,1702143737676,15404,0.0180810
BEAMXUSDT,BUY,LIMIT,1702143748498,926,0.0180863
BEAMXUSDT,BUY,LIMIT,1702143751382,2650,0.0180950
BEAMXUSDT,BUY,LIMIT,1702143761494,8327,0.0180992
BEAMXUSDT,BUY,LIMIT,1702143800674,62593,0.0181409
BEAMXUSDT,BUY,LIMIT,1702143802179,40178,0.0181475
BEAMXUSDT,SELL,LIMIT,1702143836479,3930,0.0175207
BEAMXUSDT,SELL,LIMIT,1702143972921,685,0.0174730
BEAMXUSDT,SELL,LIMIT,1702143974291,26717,0.0174616
BEAMXUSDT,SELL,LIMIT,1702143975757,338,0.0174462
BEAMXUSDT,SELL,LIMIT,1702143984754,3944,0.0173619
BEAMXUSDT,BUY,LIMIT,1702144211704,6247,0.0181309
BEAMXUSDT,BUY,LIMIT,1702144224223,306,0.0181609
BEAMXUSDT,BUY,LIMIT,1702144262481,26772,0.0181910
BEAMXUSDT,BUY,LIMIT,1702144269774,40676,0.0182307
BEAMXUSDT,BUY,LIMIT,1702144294626,49806,0.0182554
BEAMXUSDT,BUY,LIMIT,1702144295933,5452,0.0182602
BEAMXUSDT,SELL,LIMIT,1702144365393,56180,0.0177431
BEAMXUSDT,BUY,LIMIT,1702144371961,35748,0.0183068
BEAMXUSDT,BUY,LIMIT,1702144427410,42281,0.0183421
BEAMXUSDT,BUY,LIMIT,1702144450829,341,0.0183521
BEAMXUSDT,BUY,LIMIT,1702144458189,32573,0.0183675
BEAMXUSDT,BUY,LIMIT,1702144468016,117270,0.0183862
BEAMXUSDT,BUY,LIMIT,1702144474186,2589,0.0184044
BEAMXUSDT,SELL,LIMIT,1702144523261,9772,0.0177349
BEAMXUSDT,SELL,LIMIT,1702144524381,171769,0.0177137
BEAMXUSDT,SELL,LIMIT,1702144528833,149179,0.0176740
BEAMXUSDT,SELL,LIMIT,1702144570173,112082,0.0176098
BEAMXUSDT,SELL,LIMIT,1702144571397,279267,0.0176039
BEAMXUSDT,SELL,LIMIT,1702144578107,4616,0.0175906
BEAMXUSDT,BUY,LIMIT,1702144602029,11604,0.0182048
BEAMXUSDT,BUY,LIMIT,1702144627281,8391,0.0181867
BEAMXUSDT,SELL,LIMIT,1702144644711,2487,0.0176718
BEAMXUSDT,SELL,LIMIT,1702144671628,1956,0.0175402
BEAMXUSDT,SELL,LIMIT,1702144757480,1570,0.0175189
BEAMXUSDT,SELL,LIMIT,1702144763406,21880,0.0174874
BEAMXUSDT,SELL,LIMIT,1702144773720,800,0.0174385
BEAMXUSDT,SELL,LIMIT,1702144780473,3195,0.0173816
BEAMXUSDT,SELL,LIMIT,1702144795615,1925,0.0174535
BEAMXUSDT,BUY,LIMIT,1702144895965,393,0.0180140
BEAMXUSDT,BUY,LIMIT,1702144903625,333,0.0180430
BEAMXUSDT,BUY,LIMIT,1702144919108,281690,0.0181013
BEAMXUSDT,BUY,LIMIT,1702145041373,7831,0.0181685
BEAMXUSDT,BUY,LIMIT,1702145099245,5325,0.0180037
BEAMXUSDT,SELL,LIMIT,1702145283593,3830,0.0175712
BEAMXUSDT,SELL,LIMIT,1702145380486,4346,0.0175608
BEAMXUSDT,SELL,LIMIT,1702145402258,24239,0.0175003
BEAMXUSDT,SELL,LIMIT,1702145488435,279673,0.0174088
BEAMXUSDT,SELL,LIMIT,1702145491073,77854,0.0173753
BEAMXUSDT,SELL,LIMIT,1702145505260,8646,0.0173539
BEAMXUSDT,SELL,LIMIT,1702145507043,178360,0.0173524
BEAMXUSDT,SELL,LIMIT,1702145510453,94876,0.0173003
BEAMXUSDT,BUY,LIMIT,1702145531686,104376,0.0179095
BEAMXUSDT,BUY,LIMIT,1702145535327,41044,0.0179590
BEAMXUSDT,BUY,LIMIT,1702145719122,73240,0.0180592
BEAMXUSDT,BUY,LIMIT,1702145722704,929,0.0180698
BEAMXUSDT,BUY,LIMIT,1702145741873,3555,0.0181321
BEAMXUSDT,BUY,LIMIT,1702145927924,120714,0.0182112
BEAMXUSDT,BUY,LIMIT,1702146017643,68399,0.0182279
BEAMXUSDT,BUY,LIMIT,1702146069738,16973,0.0182674
BEAMXUSDT,BUY,LIMIT,1702146072524,15240,0.0182959
BEAMXUSDT,BUY,LIMIT,1702146136170,2855,0.0183927
BEAMXUSDT,BUY,LIMIT,1702146148183,4715,0.0184268
BEAMXUSDT,BUY,LIMIT,1702146164128,34561,0.0184292
BEAMXUSDT,BUY,LIMIT,1702146170256,1857,0.0184385
BEAMXUSDT,BUY,LIMIT,1702146174929,1989,0.0184378
BEAMXUSDT,BUY,LIMIT,1702146178648,69444,0.0184464
BEAMXUSDT,BUY,LIMIT,1702146191205,8029,0.0184656
BEAMXUSDT,BUY,LIMIT,1702146193400,196277,0.0184860
BEAMXUSDT,BUY,LIMIT,1702146196370,85592,0.0185054
BEAMXUSDT,BUY,LIMIT,1702146198077,16766,0.0185125
BEAMXUSDT,BUY,LIMIT,1702146200344,99296,0.0185240
BEAMXUSDT,BUY,LIMIT,1702146201721,315,0.0185251
BEAMXUSDT,BUY,LIMIT,1702146308543,99727,0.0185627
BEAMXUSDT,BUY,LIMIT,1702146311428,2332,0.0185763
BEAMXUSDT,BUY,LIMIT,1702146313867,2482,0.0185857
BEAMXUSDT,BUY,LIMIT,1702146321310,218412,0.0185925
BEAMXUSDT,BUY,LIMIT,1702146335420,11310,0.0185857
BEAMXUSDT,BUY,LIMIT,1702146364486,929,0.0186196
BEAMXUSDT,BUY,LIMIT,1702146378739,26170,0.0186355
BEAMXUSDT,SELL,LIMIT,1702146426884,115195,0.0179987
BEAMXUSDT,SELL,LIMIT,1702146455124,5322,0.0179698
BEAMXUSDT,BUY,LIMIT,1702146500156,22371,0.0186013
BEAMXUSDT,BUY,LIMIT,1702146520516,17616,0.0186708
BEAMXUSDT,BUY,LIMIT,1702146534346,36017,0.0186757
BEAMXUSDT,BUY,LIMIT,1702146535523,69264,0.0186792
BEAMXUSDT,BUY,LIMIT,1702146550203,215,0.0186990
BEAMXUSDT,BUY,LIMIT,1702146551403,10938,0.0186835
BEAMXUSDT,BUY,LIMIT,1702146563309,147691,0.0186961
BEAMXUSDT,BUY,LIMIT,1702146569152,659,0.0187114
BEAMXUSDT,BUY,LIMIT,1702146576160,2208,0.0187240
BEAMXUSDT,BUY,LIMIT,1702146578699,48496,0.0187227
BEAMXUSDT,BUY,LIMIT,1702146588983,355,0.0187303
BEAMXUSDT,BUY,LIMIT,1702146611302,8892,0.0187469
BEAMXUSDT,BUY,LIMIT,1702146614089,5849,0.0187511
BEAMXUSDT,BUY,LIMIT,1702146615323,7289,0.0187563
BEAMXUSDT,BUY,LIMIT,1702146616528,250,0.0187595
BEAMXUSDT,BUY,LIMIT,1702146617754,57720,0.0187665
BEAMXUSDT,BUY,LIMIT,1702146619373,84439,0.0187803
BEAMXUSDT,BUY,LIMIT,1702146620542,22894,0.0187753
BEAMXUSDT,BUY,LIMIT,1702146633440,76068,0.0188065
BEAMXUSDT,BUY,LIMIT,1702146681067,124146,0.0188239
BEAMXUSDT,BUY,LIMIT,1702146682090,250930,0.0188569
BEAMXUSDT,BUY,LIMIT,1702146683303,84289,0.0188444
BEAMXUSDT,BUY,LIMIT,1702146684475,751543,0.0189875
BEAMXUSDT,BUY,LIMIT,1702146686293,8718,0.0188811
BEAMXUSDT,BUY,LIMIT,1702146687456,29010,0.0188800
BEAMXUSDT,BUY,LIMIT,1702146689272,270083,0.0189072
BEAMXUSDT,BUY,LIMIT,1702146690314,15831,0.0189220
BEAMXUSDT,BUY,LIMIT,1702146691864,392,0.0189238
BEAMXUSDT,SELL,LIMIT,1702146777770,246457,0.0182509
BEAMXUSDT,SELL,LIMIT,1702146783922,6920,0.0182128
BEAMXUSDT,SELL,LIMIT,1702146788193,7984,0.0181661
BEAMXUSDT,SELL,LIMIT,1702146824035,129785,0.0181260
BEAMXUSDT,BUY,LIMIT,1702146827231,72642,0.0187802
BEAMXUSDT,SELL,LIMIT,1702146945242,43106,0.0181912
BEAMXUSDT,SELL,LIMIT,1702146946264,181139,0.0181917
BEAMXUSDT,BUY,LIMIT,1702146971402,103724,0.0188617
BEAMXUSDT,SELL,LIMIT,1702147047461,78873,0.0182030
BEAMXUSDT,SELL,LIMIT,1702147049507,24133,0.0181800
BEAMXUSDT,SELL,LIMIT,1702147051081,269716,0.0181711
BEAMXUSDT,BUY,LIMIT,1702147177655,1151,0.0188783
BEAMXUSDT,BUY,LIMIT,1702147183184,11625,0.0188754
BEAMXUSDT,BUY,LIMIT,1702147184271,40179,0.0188735
BEAMXUSDT,SELL,LIMIT,1702147282248,1204,0.0182476
BEAMXUSDT,SELL,LIMIT,1702147284317,35546,0.0182115
BEAMXUSDT,SELL,LIMIT,1702147317116,1163,0.0181686
BEAMXUSDT,SELL,LIMIT,1702147319387,5567,0.0181341
BEAMXUSDT,BUY,LIMIT,1702147467353,13075,0.0187936
BEAMXUSDT,BUY,LIMIT,1702147513372,670,0.0188291
BEAMXUSDT,BUY,LIMIT,1702147516581,6400,0.0188617
BEAMXUSDT,BUY,LIMIT,1702147585223,38957,0.0189815
BEAMXUSDT,BUY,LIMIT,1702147586264,36746,0.0189998
BEAMXUSDT,BUY,LIMIT,1702147587415,27645,0.0189866
BEAMXUSDT,BUY,LIMIT,1702147647402,1661,0.0190113
BEAMXUSDT,BUY,LIMIT,1702147677626,6876,0.0190114
BEAMXUSDT,BUY,LIMIT,1702147688130,200000,0.0190345
BEAMXUSDT,BUY,LIMIT,1702147692419,66246,0.0190400
BEAMXUSDT,BUY,LIMIT,1702147694398,115306,0.0190427
BEAMXUSDT,BUY,LIMIT,1702147700669,69712,0.0190513
BEAMXUSDT,BUY,LIMIT,1702147712236,45090,0.0190954
BEAMXUSDT,BUY,LIMIT,1702147750248,280480,0.0191096
BEAMXUSDT,SELL,LIMIT,1702147787521,22284,0.0184273
BEAMXUSDT,BUY,LIMIT,1702147835187,174202,0.0190393
BEAMXUSDT,SELL,LIMIT,1702147855521,292,0.0183566
BEAMXUSDT,SELL,LIMIT,1702147856610,34404,0.0183485
BEAMXUSDT,SELL,LIMIT,1702147868108,12468,0.0183103
BEAMXUSDT,SELL,LIMIT,1702147954141,3868,0.0182972
BEAMXUSDT,SELL,LIMIT,1702147955210,51914,0.0182907
BEAMXUSDT,SELL,LIMIT,1702147957162,50174,0.0182881
BEAMXUSDT,SELL,LIMIT,1702147979299,570,0.0182814
BEAMXUSDT,SELL,LIMIT,1702147980630,4117,0.0182748
BEAMXUSDT,SELL,LIMIT,1702147982309,136463,0.0182668
BEAMXUSDT,SELL,LIMIT,1702147986845,13051,0.0181830
BEAMXUSDT,SELL,LIMIT,1702148009385,3225,0.0181462
BEAMXUSDT,SELL,LIMIT,1702148011043,13399,0.0181338
BEAMXUSDT,SELL,LIMIT,1702148012235,13919,0.0181161
BEAMXUSDT,SELL,LIMIT,1702148013272,5347,0.0180294
BEAMXUSDT,SELL,LIMIT,1702148015104,9213,0.0180127
BEAMXUSDT,SELL,LIMIT,1702148016186,277792,0.0179952
BEAMXUSDT,SELL,LIMIT,1702148099110,889,0.0179731
BEAMXUSDT,SELL,LIMIT,1702148100149,683,0.0179409
BEAMXUSDT,BUY,LIMIT,1702148110064,9068,0.0185401
BEAMXUSDT,SELL,LIMIT,1702148137221,1097,0.0179595
BEAMXUSDT,BUY,LIMIT,1702148240254,1167,0.0186598
BEAMXUSDT,BUY,LIMIT,1702148251151,18945,0.0186855
BEAMXUSDT,BUY,LIMIT,1702148275237,1118,0.0186966
BEAMXUSDT,SELL,LIMIT,1702148330248,771,0.0181302
BEAMXUSDT,SELL,LIMIT,1702148332439,8950,0.0180946
BEAMXUSDT,SELL,LIMIT,1702148357246,46505,0.0180496
BEAMXUSDT,SELL,LIMIT,1702148358522,18005,0.0180386
BEAMXUSDT,SELL,LIMIT,1702148359999,2445,0.0180153
BEAMXUSDT,SELL,LIMIT,1702148363440,1010,0.0180087
BEAMXUSDT,SELL,LIMIT,1702148364715,1344,0.0180021
BEAMXUSDT,BUY,LIMIT,1702148388199,59123,0.0186467
BEAMXUSDT,SELL,LIMIT,1702148459301,6527,0.0180727
BEAMXUSDT,SELL,LIMIT,1702148462508,5045,0.0180330
BEAMXUSDT,BUY,LIMIT,1702148493602,691,0.0162708
BEAMXUSDT,BUY,LIMIT,1702148565345,34433,0.0186870
BEAMXUSDT,SELL,LIMIT,1702148598714,366,0.0179849
BEAMXUSDT,SELL,LIMIT,1702148600056,78082,0.0179686
BEAMXUSDT,SELL,LIMIT,1702148618189,1088,0.0179101
BEAMXUSDT,BUY,LIMIT,1702148656827,300,0.0160614
BEAMXUSDT,SELL,LIMIT,1702148802554,1548,0.0179294
BEAMXUSDT,SELL,LIMIT,1702148809421,283,0.0179359
BEAMXUSDT,BUY,LIMIT,1702148956944,406,0.0185527
BEAMXUSDT,BUY,LIMIT,1702148983405,4168,0.0185898
BEAMXUSDT,BUY,LIMIT,1702149037238,229840,0.0186579
BEAMXUSDT,BUY,LIMIT,1702149038352,24922,0.0186469
BEAMXUSDT,BUY,LIMIT,1702149039763,35409,0.0186629
BEAMXUSDT,BUY,LIMIT,1702149181922,22740,0.0187638
BEAMXUSDT,BUY,LIMIT,1702149391507,20230,0.0188115
BEAMXUSDT,SELL,LIMIT,1702149415458,25815,0.0181229
BEAMXUSDT,SELL,LIMIT,1702149473111,5570,0.0180710
BEAMXUSDT,SELL,LIMIT,1702149699558,437,0.0179696
BEAMXUSDT,BUY,LIMIT,1702149951490,40877,0.0186429
BEAMXUSDT,BUY,LIMIT,1702149965682,150000,0.0186831
BEAMXUSDT,BUY,LIMIT,1702149967010,5454,0.0186980
BEAMXUSDT,BUY,LIMIT,1702149968119,28552,0.0187154
BEAMXUSDT,BUY,LIMIT,1702150144372,39839,0.0188150
BEAMXUSDT,BUY,LIMIT,1702150261200,32383,0.0188188
BEAMXUSDT,BUY,LIMIT,1702150266589,32425,0.0188683
BEAMXUSDT,BUY,LIMIT,1702150284352,2699,0.0188877
BEAMXUSDT,BUY,LIMIT,1702150286703,827,0.0188979
BEAMXUSDT,BUY,LIMIT,1702150298485,19740,0.0189070
BEAMXUSDT,BUY,LIMIT,1702150457562,231783,0.0189528
BEAMXUSDT,BUY,LIMIT,1702150469075,76015,0.0189896
BEAMXUSDT,BUY,LIMIT,1702150470397,5372,0.0189825
BEAMXUSDT,BUY,LIMIT,1702150515832,32017,0.0189999
BEAMXUSDT,BUY,LIMIT,1702150517130,270,0.0190192
BEAMXUSDT,BUY,LIMIT,1702150604197,17060,0.0190485
BEAMXUSDT,BUY,LIMIT,1702150694745,21490,0.0190600
BEAMXUSDT,SELL,LIMIT,1702150938340,5113,0.0183825
BEAMXUSDT,SELL,LIMIT,1702150941744,2944,0.0183600
BEAMXUSDT,BUY,LIMIT,1702151041345,73217,0.0190720
BEAMXUSDT,SELL,LIMIT,1702151101258,1162,0.0184211
BEAMXUSDT,BUY,LIMIT,1702151394857,7166,0.0191041
BEAMXUSDT,BUY,LIMIT,1702151399550,363,0.0191202
BEAMXUSDT,BUY,LIMIT,1702151403756,16698,0.0191293
BEAMXUSDT,BUY,LIMIT,1702151404919,13873,0.0191382
BEAMXUSDT,BUY,LIMIT,1702151411492,2410,0.0191739
BEAMXUSDT,BUY,LIMIT,1702151428454,55793,0.0191839
BEAMXUSDT,BUY,LIMIT,1702151432232,11916,0.0192136
BEAMXUSDT,BUY,LIMIT,1702151433322,159053,0.0192342
BEAMXUSDT,BUY,LIMIT,1702151437031,3941,0.0192391
BEAMXUSDT,BUY,LIMIT,1702151450112,8901,0.0192374
BEAMXUSDT,BUY,LIMIT,1702151451943,2588,0.0192439
BEAMXUSDT,BUY,LIMIT,1702151454345,40014,0.0192598
BEAMXUSDT,BUY,LIMIT,1702151465595,54626,0.0192881
BEAMXUSDT,BUY,LIMIT,1702151494887,20966,0.0193109
BEAMXUSDT,BUY,LIMIT,1702151511947,902,0.0193394
BEAMXUSDT,BUY,LIMIT,1702151550274,67370,0.0193479
BEAMXUSDT,BUY,LIMIT,1702151552973,23292,0.0193513
BEAMXUSDT,BUY,LIMIT,1702151555640,73804,0.0193644
BEAMXUSDT,SELL,LIMIT,1702151591883,23788,0.0186752
BEAMXUSDT,SELL,LIMIT,1702151595019,30000,0.0186608
BEAMXUSDT,BUY,LIMIT,1702151760791,20432,0.0193149
BEAMXUSDT,BUY,LIMIT,1702151766337,287,0.0193279
BEAMXUSDT,BUY,LIMIT,1702151777720,556,0.0193651
BEAMXUSDT,BUY,LIMIT,1702151779213,26489,0.0193762
BEAMXUSDT,BUY,LIMIT,1702151780265,263157,0.0193762
BEAMXUSDT,BUY,LIMIT,1702151781292,100514,0.0193959
BEAMXUSDT,BUY,LIMIT,1702151841353,39812,0.0194303
BEAMXUSDT,BUY,LIMIT,1702151842388,617,0.0194394
BEAMXUSDT,SELL,LIMIT,1702151972588,2612,0.0187543
BEAMXUSDT,SELL,LIMIT,1702152011202,8626,0.0187350
BEAMXUSDT,BUY,LIMIT,1702152020480,262715,0.0194113
BEAMXUSDT,BUY,LIMIT,1702152021689,130622,0.0194270
BEAMXUSDT,BUY,LIMIT,1702152077034,9933,0.0194713
BEAMXUSDT,BUY,LIMIT,1702152082077,8289,0.0194884
BEAMXUSDT,BUY,LIMIT,1702152084847,3334,0.0194921
BEAMXUSDT,BUY,LIMIT,1702152085856,6159,0.0194966
BEAMXUSDT,BUY,LIMIT,1702152101573,2629,0.0195036
BEAMXUSDT,BUY,LIMIT,1702152107969,187177,0.0195122
BEAMXUSDT,BUY,LIMIT,1702152109394,2262,0.0195306
BEAMXUSDT,BUY,LIMIT,1702152113228,19002,0.0195659
BEAMXUSDT,BUY,LIMIT,1702152134975,58148,0.0195769
BEAMXUSDT,BUY,LIMIT,1702152149650,149749,0.0195800
BEAMXUSDT,BUY,LIMIT,1702152155110,441747,0.0196854
BEAMXUSDT,BUY,LIMIT,1702152156302,25722,0.0195952
BEAMXUSDT,BUY,LIMIT,1702152157486,4422,0.0196230
BEAMXUSDT,BUY,LIMIT,1702152160200,53481,0.0196594
BEAMXUSDT,BUY,LIMIT,1702152161223,309064,0.0197104
BEAMXUSDT,BUY,LIMIT,1702152162324,6575,0.0196866
BEAMXUSDT,BUY,LIMIT,1702152163372,30352,0.0196952
BEAMXUSDT,BUY,LIMIT,1702152166067,35665,0.0197387
BEAMXUSDT,BUY,LIMIT,1702152167391,606,0.0197202
BEAMXUSDT,BUY,LIMIT,1702152170038,34247,0.0197316
BEAMXUSDT,BUY,LIMIT,1702152240803,54824,0.0197436
BEAMXUSDT,BUY,LIMIT,1702152241939,730603,0.0198919
BEAMXUSDT,BUY,LIMIT,1702152246019,2777,0.0197989
BEAMXUSDT,BUY,LIMIT,1702152247347,19521,0.0198071
BEAMXUSDT,BUY,LIMIT,1702152252920,400,0.0198317
BEAMXUSDT,BUY,LIMIT,1702152255409,5491,0.0198318
BEAMXUSDT,SELL,LIMIT,1702152321461,52781,0.0191454
BEAMXUSDT,SELL,LIMIT,1702152330183,12179,0.0191159
BEAMXUSDT,SELL,LIMIT,1702152377358,34756,0.0191138
BEAMXUSDT,SELL,LIMIT,1702152380147,12030,0.0190913
BEAMXUSDT,SELL,LIMIT,1702152383191,1889,0.0190268
BEAMXUSDT,SELL,LIMIT,1702152385390,7827,0.0190214
BEAMXUSDT,SELL,LIMIT,1702152465751,12805,0.0190039
BEAMXUSDT,SELL,LIMIT,1702152518319,532,0.0189798
BEAMXUSDT,SELL,LIMIT,1702152522375,945,0.0189764
BEAMXUSDT,SELL,LIMIT,1702152528296,98406,0.0189443
BEAMXUSDT,SELL,LIMIT,1702152535289,256701,0.0189308
BEAMXUSDT,BUY,LIMIT,1702152573571,22005,0.0196097
BEAMXUSDT,BUY,LIMIT,1702152699741,74534,0.0196280
BEAMXUSDT,BUY,LIMIT,1702152720379,259581,0.0196699
BEAMXUSDT,BUY,LIMIT,1702152740138,83478,0.0197419
BEAMXUSDT,SELL,LIMIT,1702152849371,33073,0.0190410
BEAMXUSDT,SELL,LIMIT,1702152850415,37316,0.0189605
BEAMXUSDT,SELL,LIMIT,1702152851437,5240,0.0189180
BEAMXUSDT,SELL,LIMIT,1702152858873,17123,0.0189006
BEAMXUSDT,SELL,LIMIT,1702152875498,9148,0.0188811
BEAMXUSDT,SELL,LIMIT,1702152876978,3468,0.0188745
BEAMXUSDT,SELL,LIMIT,1702152879376,3677,0.0188401
BEAMXUSDT,SELL,LIMIT,1702152925566,39049,0.0188129
BEAMXUSDT,SELL,LIMIT,1702152927883,64313,0.0188014
BEAMXUSDT,BUY,LIMIT,1702152975105,2588,0.0194628
BEAMXUSDT,BUY,LIMIT,1702152976409,5094,0.0194322
BEAMXUSDT,SELL,LIMIT,1702153051859,7782,0.0187872
BEAMXUSDT,SELL,LIMIT,1702153117147,4702,0.0191659
BEAMXUSDT,SELL,LIMIT,1702153230374,206835,0.0187596
BEAMXUSDT,SELL,LIMIT,1702153231722,31194,0.0187516
BEAMXUSDT,SELL,LIMIT,1702153236398,261369,0.0187514
BEAMXUSDT,SELL,LIMIT,1702153255633,7157,0.0187206
BEAMXUSDT,SELL,LIMIT,1702153256634,277,0.0187004
BEAMXUSDT,SELL,LIMIT,1702153257642,372,0.0186580
BEAMXUSDT,SELL,LIMIT,1702153526196,19079,0.0186336
BEAMXUSDT,SELL,LIMIT,1702153548421,318,0.0186271
BEAMXUSDT,SELL,LIMIT,1702153557116,136824,0.0186106
BEAMXUSDT,BUY,LIMIT,1702153648501,731739,0.0193605
BEAMXUSDT,SELL,LIMIT,1702153687363,80907,0.0186352
BEAMXUSDT,SELL,LIMIT,1702153691215,35000,0.0186115
BEAMXUSDT,SELL,LIMIT,1702153695512,27204,0.0186606
BEAMXUSDT,BUY,LIMIT,1702153697133,5000,0.0191065
BEAMXUSDT,SELL,LIMIT,1702153707072,3081,0.0186542
BEAMXUSDT,SELL,LIMIT,1702153709098,1500,0.0186610
BEAMXUSDT,SELL,LIMIT,1702153719503,35453,0.0186033
BEAMXUSDT,SELL,LIMIT,1702153720523,33972,0.0185820
BEAMXUSDT,SELL,LIMIT,1702153722317,178787,0.0185749
BEAMXUSDT,SELL,LIMIT,1702153725457,63457,0.0185627
BEAMXUSDT,SELL,LIMIT,1702153749083,16030,0.0185508
BEAMXUSDT,SELL,LIMIT,1702153752850,3726,0.0185286
BEAMXUSDT,SELL,LIMIT,1702153773281,35000,0.0184919
BEAMXUSDT,SELL,LIMIT,1702153775205,938,0.0184876
BEAMXUSDT,SELL,LIMIT,1702153813594,40732,0.0184688
BEAMXUSDT,SELL,LIMIT,1702153815646,43298,0.0184526
BEAMXUSDT,SELL,LIMIT,1702153825996,6559,0.0184100
BEAMXUSDT,SELL,LIMIT,1702153827506,13408,0.0184086
BEAMXUSDT,SELL,LIMIT,1702153831396,12863,0.0183964
BEAMXUSDT,SELL,LIMIT,1702153833037,102674,0.0183894
BEAMXUSDT,SELL,LIMIT,1702153834222,18337,0.0183742
BEAMXUSDT,SELL,LIMIT,1702153841040,7929,0.0183420
BEAMXUSDT,BUY,LIMIT,1702153865109,41077,0.0190000
BEAMXUSDT,SELL,LIMIT,1702153911157,99744,0.0184225
BEAMXUSDT,BUY,LIMIT,1702154027631,18441,0.0190703
BEAMXUSDT,SELL,LIMIT,1702154069370,1264,0.0183917
BEAMXUSDT,SELL,LIMIT,1702154072375,79738,0.0183639
BEAMXUSDT,SELL,LIMIT,1702154078589,662,0.0183493
BEAMXUSDT,SELL,LIMIT,1702154082880,44738,0.0183281
BEAMXUSDT,SELL,LIMIT,1702154090131,2914,0.0182961
BEAMXUSDT,SELL,LIMIT,1702154092110,41191,0.0182824
BEAMXUSDT,SELL,LIMIT,1702154093871,5272,0.0182752
BEAMXUSDT,SELL,LIMIT,1702154096479,199616,0.0182677
BEAMXUSDT,SELL,LIMIT,1702154102314,69455,0.0182324
BEAMXUSDT,SELL,LIMIT,1702154103356,62646,0.0181952
BEAMXUSDT,SELL,LIMIT,1702154104395,10023,0.0181884
BEAMXUSDT,SELL,LIMIT,1702154105611,5793,0.0181824
BEAMXUSDT,SELL,LIMIT,1702154128160,48037,0.0181622
BEAMXUSDT,BUY,LIMIT,1702154165664,40588,0.0188031
BEAMXUSDT,BUY,LIMIT,1702154181914,2497,0.0188744
BEAMXUSDT,BUY,LIMIT,1702154410314,3224,0.0188917
BEAMXUSDT,BUY,LIMIT,1702154411434,400,0.0189034
BEAMXUSDT,BUY,LIMIT,1702154471082,27741,0.0189646
BEAMXUSDT,BUY,LIMIT,1702154472105,201591,0.0189693
BEAMXUSDT,BUY,LIMIT,1702154473115,17735,0.0189749
BEAMXUSDT,BUY,LIMIT,1702154474243,4014,0.0190066
BEAMXUSDT,BUY,LIMIT,1702154476109,11687,0.0190104
BEAMXUSDT,BUY,LIMIT,1702154477721,43521,0.0190195
BEAMXUSDT,BUY,LIMIT,1702154490403,1028,0.0190838
BEAMXUSDT,BUY,LIMIT,1702154492037,144537,0.0191022
BEAMXUSDT,BUY,LIMIT,1702154501712,234382,0.0191110
BEAMXUSDT,BUY,LIMIT,1702154509200,12497,0.0191585
BEAMXUSDT,BUY,LIMIT,1702154527052,354,0.0191934
BEAMXUSDT,BUY,LIMIT,1702154529192,615,0.0192044
BEAMXUSDT,SELL,LIMIT,1702154609559,8345,0.0185463
BEAMXUSDT,SELL,LIMIT,1702154610799,2264,0.0185443
BEAMXUSDT,SELL,LIMIT,1702154621301,690,0.0185296
BEAMXUSDT,SELL,LIMIT,1702154688551,99674,0.0184573
BEAMXUSDT,SELL,LIMIT,1702154758947,25747,0.0184334
BEAMXUSDT,SELL,LIMIT,1702154763573,135414,0.0184264
BEAMXUSDT,SELL,LIMIT,1702154777116,58850,0.0183945
BEAMXUSDT,SELL,LIMIT,1702154779128,2956,0.0183845
BEAMXUSDT,SELL,LIMIT,1702154780172,10044,0.0183786
BEAMXUSDT,BUY,LIMIT,1702154823668,52633,0.0190559
BEAMXUSDT,SELL,LIMIT,1702155064523,37595,0.0183490
BEAMXUSDT,SELL,LIMIT,1702155066358,3545,0.0183340
BEAMXUSDT,SELL,LIMIT,1702155071494,2987,0.0183237
BEAMXUSDT,SELL,LIMIT,1702155074646,13521,0.0183080
BEAMXUSDT,SELL,LIMIT,1702155177132,13394,0.0182965
BEAMXUSDT,SELL,LIMIT,1702155178409,4054,0.0182993
BEAMXUSDT,SELL,LIMIT,1702155203284,11427,0.0182655
BEAMXUSDT,SELL,LIMIT,1702155326156,18391,0.0182632
BEAMXUSDT,SELL,LIMIT,1702155614955,6664,0.0182503
BEAMXUSDT,SELL,LIMIT,1702155634780,1000,0.0182042
BEAMXUSDT,SELL,LIMIT,1702155638183,48517,0.0181959
BEAMXUSDT,SELL,LIMIT,1702155658151,1712,0.0181514
BEAMXUSDT,BUY,LIMIT,1702155766966,51900,0.0188122
BEAMXUSDT,BUY,LIMIT,1702155824573,3039,0.0188842
BEAMXUSDT,SELL,LIMIT,1702155904228,153718,0.0181331
BEAMXUSDT,SELL,LIMIT,1702155905399,8579,0.0181475
BEAMXUSDT,SELL,LIMIT,1702155907178,36521,0.0181260
BEAMXUSDT,SELL,LIMIT,1702155932438,3240,0.0181030
BEAMXUSDT,SELL,LIMIT,1702156003089,1276,0.0180891
BEAMXUSDT,SELL,LIMIT,1702156007985,1703,0.0180823
BEAMXUSDT,SELL,LIMIT,1702156018041,2676,0.0180791
BEAMXUSDT,SELL,LIMIT,1702156022472,874,0.0180701
BEAMXUSDT,SELL,LIMIT,1702156025243,110123,0.0180549
BEAMXUSDT,SELL,LIMIT,1702156026292,55542,0.0180535
BEAMXUSDT,SELL,LIMIT,1702156028276,785,0.0180489
BEAMXUSDT,SELL,LIMIT,1702156032156,414,0.0180394
BEAMXUSDT,SELL,LIMIT,1702156033284,7352,0.0180317
BEAMXUSDT,SELL,LIMIT,1702156034351,19811,0.0180292
BEAMXUSDT,SELL,LIMIT,1702156035390,25914,0.0180020
BEAMXUSDT,SELL,LIMIT,1702156047915,18275,0.0179923
BEAMXUSDT,SELL,LIMIT,1702156050446,1586,0.0179774
BEAMXUSDT,SELL,LIMIT,1702156051522,569,0.0179579
BEAMXUSDT,SELL,LIMIT,1702156052627,292276,0.0179292
BEAMXUSDT,BUY,LIMIT,1702156314730,219142,0.0184894
BEAMXUSDT,SELL,LIMIT,1702156317693,314561,0.0180552
BEAMXUSDT,SELL,LIMIT,1702156348251,95306,0.0179238
BEAMXUSDT,SELL,LIMIT,1702156350254,20000,0.0179054
BEAMXUSDT,SELL,LIMIT,1702156352866,125357,0.0178945
BEAMXUSDT,SELL,LIMIT,1702156354184,1869,0.0178729
BEAMXUSDT,SELL,LIMIT,1702156356644,233679,0.0178759
BEAMXUSDT,BUY,LIMIT,1702156425444,5253,0.0185263
BEAMXUSDT,BUY,LIMIT,1702156633955,415,0.0185334
BEAMXUSDT,BUY,LIMIT,1702156657179,7162,0.0185612
BEAMXUSDT,BUY,LIMIT,1702156770548,7617,0.0186109
BEAMXUSDT,BUY,LIMIT,1702156771718,96230,0.0186226
BEAMXUSDT,SELL,LIMIT,1702157062536,10962,0.0179329
BEAMXUSDT,SELL,LIMIT,1702157063681,56479,0.0179137
BEAMXUSDT,SELL,LIMIT,1702157067404,75156,0.0178645
BEAMXUSDT,SELL,LIMIT,1702157266247,13277,0.0178488
BEAMXUSDT,SELL,LIMIT,1702157267306,162289,0.0178515
BEAMXUSDT,SELL,LIMIT,1702157269252,395,0.0178207
BEAMXUSDT,SELL,LIMIT,1702157270538,10544,0.0178231
BEAMXUSDT,SELL,LIMIT,1702157271852,21342,0.0178057
BEAMXUSDT,SELL,LIMIT,1702157273303,19425,0.0177835
BEAMXUSDT,SELL,LIMIT,1702157284648,251455,0.0177609
BEAMXUSDT,BUY,LIMIT,1702157696137,259363,0.0184277
BEAMXUSDT,BUY,LIMIT,1702157700261,590,0.0184447
BEAMXUSDT,BUY,LIMIT,1702157703455,40954,0.0184520
BEAMXUSDT,BUY,LIMIT,1702157710530,9942,0.0184818
BEAMXUSDT,BUY,LIMIT,1702157712136,27955,0.0185130
BEAMXUSDT,BUY,LIMIT,1702157808062,48382,0.0185250
BEAMXUSDT,BUY,LIMIT,1702157865709,48366,0.0185409
BEAMXUSDT,BUY,LIMIT,1702157868415,222138,0.0185740
BEAMXUSDT,BUY,LIMIT,1702157885499,20641,0.0185909
BEAMXUSDT,BUY,LIMIT,1702157889228,482,0.0186018
BEAMXUSDT,BUY,LIMIT,1702158240156,97377,0.0186623
BEAMXUSDT,BUY,LIMIT,1702158243836,2866,0.0186652
BEAMXUSDT,SELL,LIMIT,1702158377110,207563,0.0179809
BEAMXUSDT,SELL,LIMIT,1702158378255,18432,0.0179301
BEAMXUSDT,SELL,LIMIT,1702158689075,9336,0.0179015
BEAMXUSDT,SELL,LIMIT,1702158695732,765,0.0178859
BEAMXUSDT,SELL,LIMIT,1702158851974,4234,0.0178681
BEAMXUSDT,SELL,LIMIT,1702158853898,36536,0.0178343
BEAMXUSDT,SELL,LIMIT,1702159015167,2878,0.0178190
BEAMXUSDT,SELL,LIMIT,1702159058756,93371,0.0177944
BEAMXUSDT,SELL,LIMIT,1702159111617,8935,0.0177462
BEAMXUSDT,BUY,LIMIT,1702159176377,277438,0.0183736
BEAMXUSDT,SELL,LIMIT,1702159279369,211397,0.0177353
BEAMXUSDT,SELL,LIMIT,1702159387415,461,0.0177071
BEAMXUSDT,SELL,LIMIT,1702159496774,45124,0.0177389
BEAMXUSDT,SELL,LIMIT,1702159509216,338960,0.0176771
BEAMXUSDT,SELL,LIMIT,1702159515056,14143,0.0176912
BEAMXUSDT,SELL,LIMIT,1702159516159,1351,0.0176866
BEAMXUSDT,SELL,LIMIT,1702159517555,1649,0.0176781
BEAMXUSDT,SELL,LIMIT,1702159520086,51935,0.0176701
BEAMXUSDT,SELL,LIMIT,1702159522167,13339,0.0176543
BEAMXUSDT,SELL,LIMIT,1702159523356,2082,0.0176471
BEAMXUSDT,SELL,LIMIT,1702159524449,13287,0.0176430
BEAMXUSDT,SELL,LIMIT,1702159525496,4663,0.0176287
BEAMXUSDT,SELL,LIMIT,1702159527215,1384,0.0176266
BEAMXUSDT,SELL,LIMIT,1702159533356,133183,0.0176225
BEAMXUSDT,SELL,LIMIT,1702159540133,37535,0.0176103
BEAMXUSDT,SELL,LIMIT,1702159679115,1060,0.0175677
BEAMXUSDT,SELL,LIMIT,1702159680303,185329,0.0175876
BEAMXUSDT,BUY,LIMIT,1702159696641,146948,0.0182310
BEAMXUSDT,BUY,LIMIT,1702159742874,19536,0.0182488
BEAMXUSDT,BUY,LIMIT,1702159743877,1432,0.0182687
BEAMXUSDT,SELL,LIMIT,1702160001386,5793,0.0177033
BEAMXUSDT,BUY,LIMIT,1702160103879,13963,0.0182784
BEAMXUSDT,BUY,LIMIT,1702160106408,80439,0.0182954
BEAMXUSDT,SELL,LIMIT,1702160206713,9099,0.0176881
BEAMXUSDT,SELL,LIMIT,1702160210540,83822,0.0176766
BEAMXUSDT,BUY,LIMIT,1702160271358,49951,0.0182565
BEAMXUSDT,BUY,LIMIT,1702160299048,39863,0.0182932
BEAMXUSDT,SELL,LIMIT,1702160412456,27737,0.0176654
BEAMXUSDT,BUY,LIMIT,1702160533809,94412,0.0183134
BEAMXUSDT,BUY,LIMIT,1702160578472,1095,0.0183795
BEAMXUSDT,SELL,LIMIT,1702161010937,94651,0.0177048
BEAMXUSDT,SELL,LIMIT,1702161012351,25084,0.0176889
BEAMXUSDT,SELL,LIMIT,1702161098079,57568,0.0176746
BEAMXUSDT,SELL,LIMIT,1702161266406,545,0.0176049
BEAMXUSDT,SELL,LIMIT,1702161307350,1446,0.0175598
BEAMXUSDT,SELL,LIMIT,1702161310160,39144,0.0175449
BEAMXUSDT,SELL,LIMIT,1702161311191,4718,0.0175419
BEAMXUSDT,SELL,LIMIT,1702161393144,62614,0.0175286
BEAMXUSDT,SELL,LIMIT,1702161397946,2820,0.0175179
BEAMXUSDT,SELL,LIMIT,1702161399587,886,0.0175101
BEAMXUSDT,SELL,LIMIT,1702161402164,5000,0.0174986
BEAMXUSDT,SELL,LIMIT,1702161404677,86951,0.0174985
BEAMXUSDT,SELL,LIMIT,1702161507113,4088,0.0174826
BEAMXUSDT,SELL,LIMIT,1702161558829,20852,0.0174578
BEAMXUSDT,SELL,LIMIT,1702161562407,32002,0.0174434
BEAMXUSDT,SELL,LIMIT,1702161564077,100102,0.0174349
BEAMXUSDT,SELL,LIMIT,1702161565320,166996,0.0174066
BEAMXUSDT,SELL,LIMIT,1702161566351,15578,0.0174016
BEAMXUSDT,SELL,LIMIT,1702161568003,91695,0.0173889
BEAMXUSDT,SELL,LIMIT,1702161569841,7245,0.0173864
BEAMXUSDT,SELL,LIMIT,1702161959071,7690,0.0173668
BEAMXUSDT,SELL,LIMIT,1702161960384,11062,0.0173679
BEAMXUSDT,SELL,LIMIT,1702162012157,11490,0.0173523
BEAMXUSDT,SELL,LIMIT,1702162013255,115644,0.0173542
BEAMXUSDT,SELL,LIMIT,1702162131930,327,0.0173538
BEAMXUSDT,SELL,LIMIT,1702162162637,183174,0.0173414
BEAMXUSDT,SELL,LIMIT,1702162170295,133622,0.0173551
BEAMXUSDT,SELL,LIMIT,1702162207406,1168,0.0173361
BEAMXUSDT,SELL,LIMIT,1702162209408,25980,0.0173343
BEAMXUSDT,SELL,LIMIT,1702162211419,6222,0.0173318
BEAMXUSDT,SELL,LIMIT,1702162216297,207481,0.0173149
BEAMXUSDT,SELL,LIMIT,1702162217403,63078,0.0173128
BEAMXUSDT,SELL,LIMIT,1702162218997,67287,0.0173088
BEAMXUSDT,SELL,LIMIT,1702162223154,128553,0.0172944
BEAMXUSDT,SELL,LIMIT,1702162224315,5284,0.0172887
BEAMXUSDT,SELL,LIMIT,1702162225959,3290,0.0172789
BEAMXUSDT,SELL,LIMIT,1702162227126,994,0.0172667
BEAMXUSDT,SELL,LIMIT,1702162230397,160313,0.0172512
BEAMXUSDT,SELL,LIMIT,1702162259405,288,0.0172501
BEAMXUSDT,SELL,LIMIT,1702162265882,1058,0.0172495
BEAMXUSDT,SELL,LIMIT,1702162267128,160617,0.0171970
BEAMXUSDT,SELL,LIMIT,1702162268183,1333373,0.0170592
BEAMXUSDT,SELL,LIMIT,1702162269541,165639,0.0171716
BEAMXUSDT,SELL,LIMIT,1702162271228,58662,0.0171549
BEAMXUSDT,SELL,LIMIT,1702162272418,407,0.0171466
BEAMXUSDT,SELL,LIMIT,1702162354904,22521,0.0171390
BEAMXUSDT,SELL,LIMIT,1702162356241,9040,0.0171283
BEAMXUSDT,SELL,LIMIT,1702162357456,10593,0.0171107
BEAMXUSDT,SELL,LIMIT,1702162416514,10222,0.0171037
BEAMXUSDT,SELL,LIMIT,1702162423346,1201,0.0170892
BEAMXUSDT,SELL,LIMIT,1702162426397,2658,0.0170820
BEAMXUSDT,SELL,LIMIT,1702162427640,27591,0.0170662
BEAMXUSDT,SELL,LIMIT,1702162428748,88911,0.0170550
BEAMXUSDT,SELL,LIMIT,1702162430098,209749,0.0170032
BEAMXUSDT,SELL,LIMIT,1702162431173,14744,0.0169674
BEAMXUSDT,SELL,LIMIT,1702162433255,3226,0.0169344
BEAMXUSDT,BUY,LIMIT,1702162606577,37129,0.0176328
BEAMXUSDT,BUY,LIMIT,1702162609986,27341,0.0176532
BEAMXUSDT,BUY,LIMIT,1702163221177,64362,0.0177729
BEAMXUSDT,BUY,LIMIT,1702163741347,1999,0.0179056
BEAMXUSDT,BUY,LIMIT,1702163758191,9830,0.0179192
BEAMXUSDT,BUY,LIMIT,1702163759264,28795,0.0179304
BEAMXUSDT,BUY,LIMIT,1702163763341,5234,0.0179587
BEAMXUSDT,SELL,LIMIT,1702163907420,84684,0.0173477
BEAMXUSDT,SELL,LIMIT,1702164116064,92452,0.0174146
BEAMXUSDT,SELL,LIMIT,1702164212637,7027,0.0173217
BEAMXUSDT,SELL,LIMIT,1702164228436,607,0.0172663
BEAMXUSDT,SELL,LIMIT,1702164240424,27314,0.0172420
BEAMXUSDT,SELL,LIMIT,1702164242076,1345,0.0172415
BEAMXUSDT,SELL,LIMIT,1702164250645,256124,0.0172102
BEAMXUSDT,SELL,LIMIT,1702164276360,1822,0.0172406
BEAMXUSDT,SELL,LIMIT,1702164425423,124727,0.0171983
BEAMXUSDT,SELL,LIMIT,1702164436789,27279,0.0171848
BEAMXUSDT,SELL,LIMIT,1702164462902,9918,0.0171820
BEAMXUSDT,SELL,LIMIT,1702164507582,1985,0.0171390
BEAMXUSDT,SELL,LIMIT,1702164530713,10765,0.0171947
BEAMXUSDT,SELL,LIMIT,1702164542265,66457,0.0171090
BEAMXUSDT,SELL,LIMIT,1702164578749,141843,0.0172601
BEAMXUSDT,SELL,LIMIT,1702164582248,140035,0.0171444
BEAMXUSDT,SELL,LIMIT,1702164633325,243808,0.0171075
BEAMXUSDT,SELL,LIMIT,1702164643367,93651,0.0170880
BEAMXUSDT,SELL,LIMIT,1702164648694,90598,0.0170850
BEAMXUSDT,SELL,LIMIT,1702164675777,20120,0.0170669
BEAMXUSDT,SELL,LIMIT,1702164688487,9306,0.0170389
BEAMXUSDT,SELL,LIMIT,1702164689775,363,0.0170584
BEAMXUSDT,SELL,LIMIT,1702164747643,2255,0.0171278
BEAMXUSDT,SELL,LIMIT,1702164752417,3134,0.0171026
BEAMXUSDT,SELL,LIMIT,1702164798090,2720,0.0170103
BEAMXUSDT,SELL,LIMIT,1702164799700,113164,0.0170029
BEAMXUSDT,SELL,LIMIT,1702164800777,13426,0.0169828
BEAMXUSDT,SELL,LIMIT,1702164802147,56718,0.0169792
BEAMXUSDT,SELL,LIMIT,1702164806621,12165,0.0185755
BEAMXUSDT,SELL,LIMIT,1702164807864,216292,0.0169787
BEAMXUSDT,SELL,LIMIT,1702164812484,71428,0.0169562
BEAMXUSDT,SELL,LIMIT,1702164823185,6813,0.0169540
BEAMXUSDT,SELL,LIMIT,1702164840368,1750,0.0170647
BEAMXUSDT,SELL,LIMIT,1702164843410,282765,0.0169755
BEAMXUSDT,BUY,LIMIT,1702164865823,11683,0.0174045
BEAMXUSDT,BUY,LIMIT,1702165000750,3355,0.0176394
BEAMXUSDT,BUY,LIMIT,1702165004760,291,0.0176669
BEAMXUSDT,BUY,LIMIT,1702165503142,44104,0.0177070
BEAMXUSDT,SELL,LIMIT,1702165574916,29406,0.0170427
BEAMXUSDT,BUY,LIMIT,1702166055675,15147,0.0176421
BEAMXUSDT,SELL,LIMIT,1702166394872,58,0.0175961
BEAMXUSDT,SELL,LIMIT,1702166430158,19306,0.0170111
BEAMXUSDT,SELL,LIMIT,1702166454207,13389,0.0168796
BEAMXUSDT,SELL,LIMIT,1702166455293,783,0.0169281
BEAMXUSDT,SELL,LIMIT,1702166482321,23259,0.0168582
BEAMXUSDT,SELL,LIMIT,1702166483420,268200,0.0168554
BEAMXUSDT,SELL,LIMIT,1702166489309,1499,0.0168467
BEAMXUSDT,SELL,LIMIT,1702166496255,1014,0.0168179
BEAMXUSDT,SELL,LIMIT,1702166497296,249971,0.0168042
BEAMXUSDT,BUY,LIMIT,1702166795975,3306,0.0173936
BEAMXUSDT,SELL,LIMIT,1702166942910,72708,0.0168537
BEAMXUSDT,SELL,LIMIT,1702167043847,218860,0.0167841
BEAMXUSDT,SELL,LIMIT,1702167047484,26284,0.0167822
BEAMXUSDT,BUY,LIMIT,1702167128314,677,0.0174049
BEAMXUSDT,SELL,LIMIT,1702167317531,23240,0.0169099
BEAMXUSDT,BUY,LIMIT,1702167557818,13998,0.0174080
BEAMXUSDT,BUY,LIMIT,1702167810544,2000,0.0174688
BEAMXUSDT,SELL,LIMIT,1702168043154,69514,0.0168475
BEAMXUSDT,SELL,LIMIT,1702168138016,14040,0.0168155
BEAMXUSDT,BUY,LIMIT,1702168420787,1854,0.0174303
BEAMXUSDT,BUY,LIMIT,1702168530330,1682,0.0175237
BEAMXUSDT,BUY,LIMIT,1702168535237,3114,0.0175406
BEAMXUSDT,SELL,LIMIT,1702169783256,66260,0.0170087
BEAMXUSDT,BUY,LIMIT,1702170634522,99114,0.0176485
BEAMXUSDT,SELL,LIMIT,1702170955512,82222,0.0169976
BEAMXUSDT,SELL,LIMIT,1702170995935,50429,0.0169605
BEAMXUSDT,BUY,LIMIT,1702171879431,176760,0.0177117
BEAMXUSDT,BUY,LIMIT,1702171957675,29544,0.0177258
BEAMXUSDT,BUY,LIMIT,1702171965253,620,0.0177546
BEAMXUSDT,BUY,LIMIT,1702172047946,267060,0.0177502
BEAMXUSDT,BUY,LIMIT,1702172204267,400,0.0177813
BEAMXUSDT,BUY,LIMIT,1702172248824,9013,0.0178372
BEAMXUSDT,BUY,LIMIT,1702172387958,1653,0.0178976
BEAMXUSDT,SELL,LIMIT,1702172529008,50094,0.0172640
BEAMXUSDT,SELL,LIMIT,1702172706384,284575,0.0172175
BEAMXUSDT,BUY,LIMIT,1702173436574,49494,0.0178159
BEAMXUSDT,SELL,LIMIT,1702174121081,10296,0.0170148
BEAMXUSDT,SELL,LIMIT,1702174461896,296,0.0170087
BEAMXUSDT,SELL,LIMIT,1702174483523,8430,0.0169942
BEAMXUSDT,SELL,LIMIT,1702174549557,200000,0.0170047
BEAMXUSDT,SELL,LIMIT,1702174687174,2743,0.0171154
BEAMXUSDT,SELL,LIMIT,1702174953544,15823,0.0169285
BEAMXUSDT,SELL,LIMIT,1702174956133,4420,0.0169174
BEAMXUSDT,SELL,LIMIT,1702174958612,288950,0.0168981
BEAMXUSDT,SELL,LIMIT,1702174974060,13663,0.0168581
BEAMXUSDT,SELL,LIMIT,1702174975345,573,0.0168519
BEAMXUSDT,SELL,LIMIT,1702175068461,20301,0.0168151
BEAMXUSDT,BUY,LIMIT,1702175530951,31371,0.0175013
BEAMXUSDT,SELL,LIMIT,1702177155058,264984,0.0169993
BEAMXUSDT,SELL,LIMIT,1702177507773,5300,0.0168978
BEAMXUSDT,BUY,LIMIT,1702177778161,2100,0.0174793
BEAMXUSDT,BUY,LIMIT,1702178013983,23000,0.0175449
BEAMXUSDT,SELL,LIMIT,1702178166499,20518,0.0170449
BEAMXUSDT,SELL,LIMIT,1702178310087,28860,0.0169792
BEAMXUSDT,SELL,LIMIT,1702179522293,13781,0.0170715
BEAMXUSDT,SELL,LIMIT,1702179525219,66756,0.0170599
BEAMXUSDT,SELL,LIMIT,1702179537595,292,0.0170380
BEAMXUSDT,BUY,LIMIT,1702180297293,287869,0.0177390
BEAMXUSDT,BUY,LIMIT,1702180383794,134891,0.0177811
BEAMXUSDT,SELL,LIMIT,1702180898093,48105,0.0171451
BEAMXUSDT,SELL,LIMIT,1702181055506,125550,0.0171193
BEAMXUSDT,SELL,LIMIT,1702181346680,42649,0.0170605
BEAMXUSDT,SELL,LIMIT,1702181355822,82598,0.0170282
BEAMXUSDT,SELL,LIMIT,1702181451714,40332,0.0169635
BEAMXUSDT,SELL,LIMIT,1702181666909,7500,0.0169421
BEAMXUSDT,BUY,LIMIT,1702182546322,55834,0.0176224
BEAMXUSDT,BUY,LIMIT,1702184861049,16460,0.0178792
BEAMXUSDT,SELL,LIMIT,1702184937624,13873,0.0172623
BEAMXUSDT,SELL,LIMIT,1702184957967,273889,0.0172469
BEAMXUSDT,SELL,LIMIT,1702185141580,67275,0.0171847
BEAMXUSDT,SELL,LIMIT,1702186077070,1329,0.0171389
BEAMXUSDT,SELL,LIMIT,1702186217748,3315,0.0171025
BEAMXUSDT,SELL,LIMIT,1702186233077,2177,0.0170741
BEAMXUSDT,SELL,LIMIT,1702186241030,6444,0.0170556
BEAMXUSDT,SELL,LIMIT,1702186926580,2943,0.0170280
BEAMXUSDT,SELL,LIMIT,1702186952067,27878,0.0170174
BEAMXUSDT,SELL,LIMIT,1702186964243,15465,0.0170135
BEAMXUSDT,SELL,LIMIT,1702187328955,31755,0.0169667
BEAMXUSDT,BUY,LIMIT,1702187981138,436,0.0175660
BEAMXUSDT,SELL,LIMIT,1702188371941,199472,0.0169406
BEAMXUSDT,SELL,LIMIT,1702188380307,1287,0.0169258
BEAMXUSDT,SELL,LIMIT,1702188606643,17844,0.0168689
BEAMXUSDT,SELL,LIMIT,1702188610982,2913,0.0168623
BEAMXUSDT,SELL,LIMIT,1702188613989,63397,0.0168604
BEAMXUSDT,SELL,LIMIT,1702188616892,275031,0.0168498
BEAMXUSDT,SELL,LIMIT,1702188621417,6575,0.0168469
BEAMXUSDT,SELL,LIMIT,1702188627367,37051,0.0168288
BEAMXUSDT,SELL,LIMIT,1702188683318,1150,0.0168127
BEAMXUSDT,SELL,LIMIT,1702188692674,749,0.0167973
BEAMXUSDT,SELL,LIMIT,1702188714677,3423,0.0167812
BEAMXUSDT,SELL,LIMIT,1702188716149,16106,0.0167762
BEAMXUSDT,SELL,LIMIT,1702188736316,910850,0.0166587
BEAMXUSDT,SELL,LIMIT,1702188738838,306,0.0167708
BEAMXUSDT,SELL,LIMIT,1702188749083,225751,0.0167637
BEAMXUSDT,SELL,LIMIT,1702188750094,4253,0.0167142
BEAMXUSDT,SELL,LIMIT,1702188751132,19851,0.0167258
BEAMXUSDT,SELL,LIMIT,1702188753410,34418,0.0167048
BEAMXUSDT,SELL,LIMIT,1702188755793,28494,0.0166883
BEAMXUSDT,SELL,LIMIT,1702188757109,14026,0.0166749
BEAMXUSDT,SELL,LIMIT,1702188935599,5999,0.0166508
BEAMXUSDT,SELL,LIMIT,1702188937800,1717,0.0166441
BEAMXUSDT,SELL,LIMIT,1702188956069,4199,0.0166115
BEAMXUSDT,SELL,LIMIT,1702188957136,2500,0.0166316
BEAMXUSDT,SELL,LIMIT,1702188958719,121800,0.0165811
BEAMXUSDT,SELL,LIMIT,1702188961769,19062,0.0165763
BEAMXUSDT,SELL,LIMIT,1702189104597,22842,0.0165781
BEAMXUSDT,SELL,LIMIT,1702189144304,206995,0.0165692
BEAMXUSDT,SELL,LIMIT,1702189145464,1807,0.0165707
BEAMXUSDT,SELL,LIMIT,1702189148664,26334,0.0165656
BEAMXUSDT,SELL,LIMIT,1702189157155,28465,0.0165597
BEAMXUSDT,SELL,LIMIT,1702189166712,27022,0.0165494
BEAMXUSDT,SELL,LIMIT,1702189169371,32716,0.0165481
BEAMXUSDT,SELL,LIMIT,1702189171068,15451,0.0165425
BEAMXUSDT,SELL,LIMIT,1702189172136,983,0.0165398
BEAMXUSDT,BUY,LIMIT,1702189670185,146418,0.0172045
BEAMXUSDT,BUY,LIMIT,1702189676861,2479,0.0172300
BEAMXUSDT,SELL,LIMIT,1702189822416,48754,0.0165649
BEAMXUSDT,SELL,LIMIT,1702189903387,24407,0.0164931
BEAMXUSDT,SELL,LIMIT,1702189905084,13394,0.0164885
BEAMXUSDT,SELL,LIMIT,1702189913486,5456,0.0164850
BEAMXUSDT,SELL,LIMIT,1702189918168,31588,0.0164642
BEAMXUSDT,SELL,LIMIT,1702189919186,4626,0.0164815
BEAMXUSDT,SELL,LIMIT,1702189921191,5748,0.0164295
BEAMXUSDT,SELL,LIMIT,1702190016768,4367,0.0164147
BEAMXUSDT,SELL,LIMIT,1702190035187,14270,0.0164085
BEAMXUSDT,BUY,LIMIT,1702191198085,45717,0.0169973
BEAMXUSDT,SELL,LIMIT,1702191765566,1159,0.0164013
BEAMXUSDT,SELL,LIMIT,1702191785216,152409,0.0163920
BEAMXUSDT,SELL,LIMIT,1702191786883,5593,0.0163871
BEAMXUSDT,SELL,LIMIT,1702191973263,24884,0.0163809
BEAMXUSDT,SELL,LIMIT,1702191984678,629711,0.0162872
BEAMXUSDT,SELL,LIMIT,1702191986890,6025,0.0163708
BEAMXUSDT,SELL,LIMIT,1702191988080,5586,0.0163655
BEAMXUSDT,SELL,LIMIT,1702191989094,23227,0.0163632
BEAMXUSDT,SELL,LIMIT,1702192076172,14971,0.0163530
BEAMXUSDT,SELL,LIMIT,1702192093091,55648,0.0163727
BEAMXUSDT,SELL,LIMIT,1702192106354,11442,0.0163499
BEAMXUSDT,BUY,LIMIT,1702192199227,20638,0.0169547
BEAMXUSDT,BUY,LIMIT,1702192469657,20750,0.0171022
BEAMXUSDT,BUY,LIMIT,1702192607519,1826,0.0171944
BEAMXUSDT,BUY,LIMIT,1702192726918,87952,0.0172434
BEAMXUSDT,SELL,LIMIT,1702192742691,32239,0.0167234
BEAMXUSDT,SELL,LIMIT,1702192757493,8560,0.0167277
BEAMXUSDT,SELL,LIMIT,1702193089184,44066,0.0166647
BEAMXUSDT,BUY,LIMIT,1702193665856,22313,0.0172132
BEAMXUSDT,SELL,LIMIT,1702193872704,165195,0.0165604
BEAMXUSDT,BUY,LIMIT,1702194121965,2981,0.0170526
BEAMXUSDT,BUY,LIMIT,1702195141718,63016,0.0172453
BEAMXUSDT,BUY,LIMIT,1702195143342,24492,0.0172668
BEAMXUSDT,BUY,LIMIT,1702195168871,2889,0.0172858
BEAMXUSDT,BUY,LIMIT,1702195416204,88482,0.0174240
BEAMXUSDT,SELL,LIMIT,1702195749302,1250,0.0168093
BEAMXUSDT,SELL,LIMIT,1702195870292,10218,0.0167811
BEAMXUSDT,SELL,LIMIT,1702196110077,2176,0.0167528
BEAMXUSDT,SELL,LIMIT,1702196132175,2824,0.0167452
BEAMXUSDT,SELL,LIMIT,1702196719544,53463,0.0166358
BEAMXUSDT,SELL,LIMIT,1702196724957,2916,0.0166205
BEAMXUSDT,BUY,LIMIT,1702197964775,88217,0.0173192
BEAMXUSDT,BUY,LIMIT,1702198005598,56255,0.0173661
BEAMXUSDT,BUY,LIMIT,1702198011452,232695,0.0173867
BEAMXUSDT,SELL,LIMIT,1702198324421,11233,0.0166724
BEAMXUSDT,SELL,LIMIT,1702198475812,3189,0.0166475
BEAMXUSDT,SELL,LIMIT,1702199097018,87473,0.0166195
BEAMXUSDT,BUY,LIMIT,1702199912312,147492,0.0173698
BEAMXUSDT,BUY,LIMIT,1702199946829,17078,0.0174357
BEAMXUSDT,SELL,LIMIT,1702200280610,27,0.0169107
BEAMXUSDT,BUY,LIMIT,1702200448828,249354,0.0174631
BEAMXUSDT,BUY,LIMIT,1702200460126,73874,0.0174680
BEAMXUSDT,BUY,LIMIT,1702200461588,6370,0.0174668
BEAMXUSDT,BUY,LIMIT,1702200482504,15690,0.0174927
BEAMXUSDT,BUY,LIMIT,1702200489526,60645,0.0175059
BEAMXUSDT,BUY,LIMIT,1702200490581,897,0.0175130
BEAMXUSDT,BUY,LIMIT,1702200523287,549,0.0175434
BEAMXUSDT,BUY,LIMIT,1702200528177,76938,0.0175586
BEAMXUSDT,BUY,LIMIT,1702200534842,5698,0.0175745
BEAMXUSDT,BUY,LIMIT,1702200546103,3235,0.0175980
BEAMXUSDT,SELL,LIMIT,1702200683232,2237,0.0169412
BEAMXUSDT,SELL,LIMIT,1702200730552,50967,0.0168441
BEAMXUSDT,BUY,LIMIT,1702200938158,24600,0.0172317
BEAMXUSDT,SELL,LIMIT,1702200943079,2942,0.0168506
BEAMXUSDT,SELL,LIMIT,1702201123761,22280,0.0169217
BEAMXUSDT,SELL,LIMIT,1702201158662,37305,0.0168975
BEAMXUSDT,SELL,LIMIT,1702201245950,27641,0.0168403
BEAMXUSDT,SELL,LIMIT,1702201356977,5964,0.0167841
BEAMXUSDT,SELL,LIMIT,1702201360022,3802,0.0167361
BEAMXUSDT,SELL,LIMIT,1702201429278,350,0.0166752
BEAMXUSDT,SELL,LIMIT,1702202045232,5418,0.0166380
BEAMXUSDT,SELL,LIMIT,1702202046973,193102,0.0166396
BEAMXUSDT,SELL,LIMIT,1702202053508,100000,0.0166319
BEAMXUSDT,SELL,LIMIT,1702202075271,45198,0.0166208
BEAMXUSDT,SELL,LIMIT,1702202084519,1130,0.0165952
BEAMXUSDT,SELL,LIMIT,1702202086211,16646,0.0165628
BEAMXUSDT,SELL,LIMIT,1702202189557,78111,0.0165464
BEAMXUSDT,SELL,LIMIT,1702202219135,292329,0.0165132
BEAMXUSDT,SELL,LIMIT,1702202221478,118095,0.0165043
BEAMXUSDT,SELL,LIMIT,1702202292699,841239,0.0164260
BEAMXUSDT,SELL,LIMIT,1702202294194,3198,0.0166649
BEAMXUSDT,SELL,LIMIT,1702202300285,58725,0.0165105
BEAMXUSDT,SELL,LIMIT,1702202321321,7198,0.0164858
BEAMXUSDT,SELL,LIMIT,1702202322399,4109,0.0164706
BEAMXUSDT,SELL,LIMIT,1702202323536,60292,0.0164624
BEAMXUSDT,SELL,LIMIT,1702202325612,7094,0.0164683
BEAMXUSDT,SELL,LIMIT,1702202332211,2524,0.0164610
BEAMXUSDT,SELL,LIMIT,1702202365878,47547,0.0164617
BEAMXUSDT,SELL,LIMIT,1702202372388,181532,0.0165676
BEAMXUSDT,SELL,LIMIT,1702202379138,1173,0.0164440
BEAMXUSDT,SELL,LIMIT,1702202380365,4311,0.0164212
BEAMXUSDT,SELL,LIMIT,1702202382804,33561,0.0164140
BEAMXUSDT,SELL,LIMIT,1702202402439,115224,0.0163977
BEAMXUSDT,SELL,LIMIT,1702202403488,30000,0.0163599
BEAMXUSDT,BUY,LIMIT,1702202549686,54400,0.0170569
BEAMXUSDT,BUY,LIMIT,1702202552824,652,0.0171125
BEAMXUSDT,SELL,LIMIT,1702203115282,7823,0.0165702
BEAMXUSDT,SELL,LIMIT,1702203128160,27788,0.0165578
BEAMXUSDT,BUY,LIMIT,1702203330135,15962,0.0171278
BEAMXUSDT,SELL,LIMIT,1702203733309,848,0.0165340
BEAMXUSDT,SELL,LIMIT,1702204438429,486,0.0164786
BEAMXUSDT,SELL,LIMIT,1702204585885,50926,0.0164408
BEAMXUSDT,SELL,LIMIT,1702204666976,256,0.0163957
BEAMXUSDT,BUY,LIMIT,1702205581294,225523,0.0169494
BEAMXUSDT,BUY,LIMIT,1702205582322,708,0.0169496
BEAMXUSDT,BUY,LIMIT,1702205600155,15085,0.0169987
BEAMXUSDT,BUY,LIMIT,1702205651275,299125,0.0170414
BEAMXUSDT,BUY,LIMIT,1702206735418,2385,0.0171388
BEAMXUSDT,BUY,LIMIT,1702206782048,44423,0.0172053
BEAMXUSDT,BUY,LIMIT,1702206798952,13991,0.0172065
BEAMXUSDT,BUY,LIMIT,1702207122062,6011,0.0172419
BEAMXUSDT,BUY,LIMIT,1702207133923,14142,0.0172746
BEAMXUSDT,BUY,LIMIT,1702207330922,23759,0.0173182
BEAMXUSDT,SELL,LIMIT,1702207966042,399,0.0167664
BEAMXUSDT,SELL,LIMIT,1702207971046,6111,0.0167651
BEAMXUSDT,SELL,LIMIT,1702208118320,2969,0.0167536
BEAMXUSDT,SELL,LIMIT,1702208436585,24016,0.0167151
BEAMXUSDT,SELL,LIMIT,1702208535773,114693,0.0167109
BEAMXUSDT,SELL,LIMIT,1702208903084,5870,0.0166820
BEAMXUSDT,SELL,LIMIT,1702209085814,68979,0.0166939
BEAMXUSDT,BUY,LIMIT,1702209113474,20670,0.0172696
BEAMXUSDT,BUY,LIMIT,1702209886344,4858,0.0172956
BEAMXUSDT,BUY,LIMIT,1702209930362,81483,0.0173329
BEAMXUSDT,SELL,LIMIT,1702210282207,5795,0.0167208
BEAMXUSDT,BUY,LIMIT,1702210581516,80016,0.0173429
BEAMXUSDT,BUY,LIMIT,1702210585342,457,0.0173577
BEAMXUSDT,BUY,LIMIT,1702210689959,451,0.0174110
BEAMXUSDT,BUY,LIMIT,1702210719325,2702,0.0174330
BEAMXUSDT,BUY,LIMIT,1702210907135,22409,0.0174385
BEAMXUSDT,BUY,LIMIT,1702211150772,3280,0.0174613
BEAMXUSDT,SELL,LIMIT,1702211163352,77187,0.0168744
BEAMXUSDT,SELL,LIMIT,1702211178289,4656,0.0168431
BEAMXUSDT,SELL,LIMIT,1702211218148,7569,0.0167872
BEAMXUSDT,SELL,LIMIT,1702211262805,29174,0.0167556
BEAMXUSDT,SELL,LIMIT,1702211265138,30217,0.0167399
BEAMXUSDT,SELL,LIMIT,1702211399275,442,0.0166690
BEAMXUSDT,SELL,LIMIT,1702211719382,1962,0.0166643
BEAMXUSDT,SELL,LIMIT,1702211758122,58857,0.0166574
BEAMXUSDT,BUY,LIMIT,1702212345525,49853,0.0172631
BEAMXUSDT,BUY,LIMIT,1702212375189,147368,0.0172927
BEAMXUSDT,BUY,LIMIT,1702212377097,2143,0.0173086
BEAMXUSDT,BUY,LIMIT,1702212668776,114133,0.0173528
BEAMXUSDT,BUY,LIMIT,1702212698155,42462,0.0173759
BEAMXUSDT,BUY,LIMIT,1702213007159,5463,0.0174397
BEAMXUSDT,BUY,LIMIT,1702213026820,22164,0.0174934
BEAMXUSDT,BUY,LIMIT,1702213256258,151607,0.0175178
BEAMXUSDT,SELL,LIMIT,1702213391176,202034,0.0169073
BEAMXUSDT,BUY,LIMIT,1702213961267,14529,0.0173731
BEAMXUSDT,BUY,LIMIT,1702214336263,8205,0.0174568
BEAMXUSDT,SELL,LIMIT,1702215308970,2865,0.0167355
BEAMXUSDT,BUY,LIMIT,1702215424999,473,0.0173652
BEAMXUSDT,BUY,LIMIT,1702217415965,25631,0.0173594
BEAMXUSDT,BUY,LIMIT,1702217417278,146799,0.0173671
BEAMXUSDT,BUY,LIMIT,1702219552634,6070,0.0175683
BEAMXUSDT,BUY,LIMIT,1702219555363,520,0.0175778
BEAMXUSDT,BUY,LIMIT,1702219591547,8905,0.0175770
BEAMXUSDT,BUY,LIMIT,1702219619361,9000,0.0175965
BEAMXUSDT,BUY,LIMIT,1702219642236,1000,0.0176100
BEAMXUSDT,BUY,LIMIT,1702221229158,40533,0.0176817
BEAMXUSDT,BUY,LIMIT,1702221282402,27878,0.0177207
BEAMXUSDT,BUY,LIMIT,1702221309465,10193,0.0177332
BEAMXUSDT,BUY,LIMIT,1702221327996,3896,0.0177391
BEAMXUSDT,BUY,LIMIT,1702221333087,11705,0.0177421
BEAMXUSDT,BUY,LIMIT,1702221489426,9562,0.0177710
BEAMXUSDT,BUY,LIMIT,1702221508221,292195,0.0177991
BEAMXUSDT,BUY,LIMIT,1702221674426,239776,0.0178012
BEAMXUSDT,BUY,LIMIT,1702221678557,2195,0.0178128
BEAMXUSDT,SELL,LIMIT,1702221912771,37814,0.0172001
BEAMXUSDT,SELL,LIMIT,1702222191325,2700,0.0171134
BEAMXUSDT,SELL,LIMIT,1702222192441,4426,0.0171222
BEAMXUSDT,SELL,LIMIT,1702222198326,88051,0.0171016
BEAMXUSDT,BUY,LIMIT,1702224019584,7706,0.0178298
BEAMXUSDT,BUY,LIMIT,1702224108664,1858,0.0178653
BEAMXUSDT,BUY,LIMIT,1702224266104,19476,0.0178885
BEAMXUSDT,BUY,LIMIT,1702224268623,5469,0.0178887
BEAMXUSDT,BUY,LIMIT,1702224276418,85459,0.0179042
BEAMXUSDT,BUY,LIMIT,1702224656385,5865,0.0178971
BEAMXUSDT,BUY,LIMIT,1702224662309,6514,0.0179199
BEAMXUSDT,BUY,LIMIT,1702224677746,101236,0.0179340
BEAMXUSDT,BUY,LIMIT,1702224687098,110355,0.0179425
BEAMXUSDT,BUY,LIMIT,1702224688667,1646,0.0179559
BEAMXUSDT,BUY,LIMIT,1702224712131,349,0.0180045
BEAMXUSDT,BUY,LIMIT,1702224785591,882,0.0180260
BEAMXUSDT,BUY,LIMIT,1702224828666,21295,0.0180833
BEAMXUSDT,SELL,LIMIT,1702225401236,1222,0.0174097
BEAMXUSDT,SELL,LIMIT,1702225402599,355,0.0174046
BEAMXUSDT,SELL,LIMIT,1702225406734,120811,0.0173453
BEAMXUSDT,BUY,LIMIT,1702225914450,11725,0.0178905
BEAMXUSDT,BUY,LIMIT,1702225917416,25291,0.0179063
BEAMXUSDT,SELL,LIMIT,1702226185794,69973,0.0172896
BEAMXUSDT,SELL,LIMIT,1702226346362,4000,0.0172235
BEAMXUSDT,SELL,LIMIT,1702226916546,16004,0.0171856
BEAMXUSDT,SELL,LIMIT,1702227473161,700,0.0171085
BEAMXUSDT,SELL,LIMIT,1702229753479,281769,0.0171302
BEAMXUSDT,SELL,LIMIT,1702229815097,19873,0.0170661
BEAMXUSDT,BUY,LIMIT,1702230013292,10025,0.0176855
BEAMXUSDT,BUY,LIMIT,1702230884045,4190,0.0176577
BEAMXUSDT,BUY,LIMIT,1702234675586,287,0.0180488
BEAMXUSDT,BUY,LIMIT,1702234931120,17371,0.0181335
BEAMXUSDT,BUY,LIMIT,1702234938390,4625,0.0181443
BEAMXUSDT,BUY,LIMIT,1702235092861,7111,0.0181863
BEAMXUSDT,BUY,LIMIT,1702235109887,2897,0.0181996
BEAMXUSDT,BUY,LIMIT,1702235115705,468,0.0182020
BEAMXUSDT,BUY,LIMIT,1702235260105,332289,0.0182495
BEAMXUSDT,BUY,LIMIT,1702235320207,179672,0.0182373
BEAMXUSDT,BUY,LIMIT,1702235567378,67558,0.0182538
BEAMXUSDT,BUY,LIMIT,1702235586045,9822,0.0182675
BEAMXUSDT,BUY,LIMIT,1702235593690,18963,0.0182656
BEAMXUSDT,BUY,LIMIT,1702235611143,320422,0.0183087
BEAMXUSDT,BUY,LIMIT,1702235612316,3931,0.0182947
BEAMXUSDT,BUY,LIMIT,1702235626996,46257,0.0183449
BEAMXUSDT,BUY,LIMIT,1702235833998,5718,0.0183835
BEAMXUSDT,BUY,LIMIT,1702235876104,6527,0.0184278
BEAMXUSDT,BUY,LIMIT,1702235925128,6651,0.0184570
BEAMXUSDT,BUY,LIMIT,1702235934788,3100,0.0184698
BEAMXUSDT,BUY,LIMIT,1702236030282,17021,0.0185071
BEAMXUSDT,BUY,LIMIT,1702236092198,800,0.0185216
BEAMXUSDT,BUY,LIMIT,1702236111251,163674,0.0185384
BEAMXUSDT,BUY,LIMIT,1702236112875,59368,0.0185501
BEAMXUSDT,BUY,LIMIT,1702236179384,4949,0.0185732
BEAMXUSDT,BUY,LIMIT,1702236180950,63568,0.0185801
BEAMXUSDT,BUY,LIMIT,1702236182086,174681,0.0185866
BEAMXUSDT,BUY,LIMIT,1702236215221,36164,0.0186326
BEAMXUSDT,BUY,LIMIT,1702236216437,4939,0.0186347
BEAMXUSDT,BUY,LIMIT,1702236218694,6493,0.0186400
BEAMXUSDT,BUY,LIMIT,1702236228293,631,0.0186545
BEAMXUSDT,BUY,LIMIT,1702236233153,6481,0.0186620
BEAMXUSDT,BUY,LIMIT,1702236262730,548,0.0186520
BEAMXUSDT,SELL,LIMIT,1702236343762,423,0.0179347
BEAMXUSDT,SELL,LIMIT,1702236368524,1118,0.0179002
BEAMXUSDT,BUY,LIMIT,1702236496436,10653,0.0185180
BEAMXUSDT,BUY,LIMIT,1702236937273,813,0.0185719
BEAMXUSDT,BUY,LIMIT,1702236960998,14232,0.0186708
BEAMXUSDT,BUY,LIMIT,1702236962323,708,0.0186983
BEAMXUSDT,BUY,LIMIT,1702236996879,18714,0.0187357
BEAMXUSDT,BUY,LIMIT,1702236998396,146644,0.0187509
BEAMXUSDT,BUY,LIMIT,1702237113443,2345,0.0187706
BEAMXUSDT,SELL,LIMIT,1702237483925,16097,0.0180709
BEAMXUSDT,BUY,LIMIT,1702237823431,9662,0.0187643
BEAMXUSDT,BUY,LIMIT,1702237837987,9787,0.0188310
BEAMXUSDT,BUY,LIMIT,1702238373058,136067,0.0188381
BEAMXUSDT,BUY,LIMIT,1702238382149,80062,0.0188624
BEAMXUSDT,BUY,LIMIT,1702238392075,965,0.0188964
BEAMXUSDT,SELL,LIMIT,1702238436390,152185,0.0183698
BEAMXUSDT,SELL,LIMIT,1702238682314,8576,0.0182232
BEAMXUSDT,SELL,LIMIT,1702238967972,133542,0.0181513
BEAMXUSDT,SELL,LIMIT,1702238996323,92123,0.0180848
BEAMXUSDT,SELL,LIMIT,1702238999535,17913,0.0180701
BEAMXUSDT,SELL,LIMIT,1702239008865,247011,0.0180551
BEAMXUSDT,SELL,LIMIT,1702239162321,278,0.0179735
BEAMXUSDT,SELL,LIMIT,1702239200463,16491,0.0178950
BEAMXUSDT,SELL,LIMIT,1702239820607,3254,0.0178293
BEAMXUSDT,BUY,LIMIT,1702240242298,1108,0.0183835
BEAMXUSDT,BUY,LIMIT,1702240386133,3000,0.0185311
BEAMXUSDT,BUY,LIMIT,1702240603756,90,0.0185623
BEAMXUSDT,BUY,LIMIT,1702240741929,24325,0.0185969
BEAMXUSDT,BUY,LIMIT,1702240778078,5955,0.0186309
BEAMXUSDT,BUY,LIMIT,1702240959255,10961,0.0186634
BEAMXUSDT,BUY,LIMIT,1702240965440,1862,0.0186699
BEAMXUSDT,BUY,LIMIT,1702242000593,54119,0.0184869
BEAMXUSDT,SELL,LIMIT,1702242194530,42949,0.0178086
BEAMXUSDT,BUY,LIMIT,1702242461404,69236,0.0184114
BEAMXUSDT,SELL,LIMIT,1702242891041,138236,0.0177268
BEAMXUSDT,BUY,LIMIT,1702242946784,2350,0.0184237
BEAMXUSDT,SELL,LIMIT,1702243729905,95569,0.0177239
BEAMXUSDT,SELL,LIMIT,1702243983177,155365,0.0176463
BEAMXUSDT,SELL,LIMIT,1702243990440,138858,0.0176393
BEAMXUSDT,BUY,LIMIT,1702246368254,2537,0.0185113
BEAMXUSDT,SELL,LIMIT,1702247664015,27526,0.0178072
BEAMXUSDT,BUY,LIMIT,1702249001898,9405,0.0184811
BEAMXUSDT,BUY,LIMIT,1702249231308,274254,0.0185343
BEAMXUSDT,BUY,LIMIT,1702249253615,257012,0.0185835
BEAMXUSDT,BUY,LIMIT,1702249326155,54739,0.0185877
BEAMXUSDT,SELL,LIMIT,1702250178449,276243,0.0177442
BEAMXUSDT,SELL,LIMIT,1702250885657,306,0.0177002
BEAMXUSDT,SELL,LIMIT,1702250924792,3060,0.0176624
BEAMXUSDT,BUY,LIMIT,1702253805154,41372,0.0184832
BEAMXUSDT,BUY,LIMIT,1702253834533,56341,0.0185347
BEAMXUSDT,BUY,LIMIT,1702253944104,2127,0.0186184
BEAMXUSDT,BUY,LIMIT,1702254077962,5065,0.0187172
BEAMXUSDT,BUY,LIMIT,1702254079655,1177,0.0187245
BEAMXUSDT,SELL,LIMIT,1702256554391,245512,0.0177725
BEAMXUSDT,SELL,LIMIT,1702256737108,185901,0.0176299
BEAMXUSDT,SELL,LIMIT,1702256915711,542,0.0176300
BEAMXUSDT,SELL,LIMIT,1702256997166,9438,0.0175784
BEAMXUSDT,BUY,LIMIT,1702257105656,11134,0.0182541
BEAMXUSDT,BUY,LIMIT,1702257497153,69859,0.0182551
BEAMXUSDT,SELL,LIMIT,1702260181827,276977,0.0180753
BEAMXUSDT,SELL,LIMIT,1702260441199,10000,0.0179783
BEAMXUSDT,SELL,LIMIT,1702260536334,10000,0.0179054
BEAMXUSDT,SELL,LIMIT,1702260634511,22562,0.0178642
BEAMXUSDT,BUY,LIMIT,1702260703810,24507,0.0181321
BEAMXUSDT,SELL,LIMIT,1702260706252,279,0.0176318
BEAMXUSDT,SELL,LIMIT,1702260708568,42841,0.0176551
BEAMXUSDT,SELL,LIMIT,1702260713530,6077,0.0176373
BEAMXUSDT,SELL,LIMIT,1702260714596,15000,0.0177205
BEAMXUSDT,BUY,LIMIT,1702260715851,54139,0.0181473
BEAMXUSDT,BUY,LIMIT,1702260717913,25039,0.0181507
BEAMXUSDT,SELL,LIMIT,1702260719886,145000,0.0176077
BEAMXUSDT,SELL,LIMIT,1702260721265,216683,0.0176054
BEAMXUSDT,SELL,LIMIT,1702260722628,19733,0.0175959
BEAMXUSDT,SELL,LIMIT,1702260723891,200000,0.0175882
BEAMXUSDT,SELL,LIMIT,1702260725151,8592,0.0175525
BEAMXUSDT,SELL,LIMIT,1702260728068,2729,0.0176094
BEAMXUSDT,SELL,LIMIT,1702260730265,3535,0.0175031
BEAMXUSDT,SELL,LIMIT,1702260731465,2240,0.0174858
BEAMXUSDT,SELL,LIMIT,1702260733113,279,0.0174028
BEAMXUSDT,SELL,LIMIT,1702260735524,4496,0.0173416
BEAMXUSDT,SELL,LIMIT,1702260736582,42441,0.0174862
BEAMXUSDT,SELL,LIMIT,1702260737754,27059,0.0173127
BEAMXUSDT,SELL,LIMIT,1702260739076,73529,0.0172641
BEAMXUSDT,SELL,LIMIT,1702260740740,1087819,0.0172262
BEAMXUSDT,SELL,LIMIT,1702260742008,3246,0.0172041
BEAMXUSDT,SELL,LIMIT,1702260745135,1109816,0.0170719
BEAMXUSDT,SELL,LIMIT,1702260746903,324,0.0172395
BEAMXUSDT,SELL,LIMIT,1702260748846,4074,0.0171772
BEAMXUSDT,BUY,LIMIT,1702260749969,34299,0.0175645
BEAMXUSDT,SELL,LIMIT,1702260751544,15860,0.0170406
BEAMXUSDT,SELL,LIMIT,1702260752607,82272,0.0170278
BEAMXUSDT,BUY,LIMIT,1702260753931,553,0.0113399
BEAMXUSDT,SELL,LIMIT,1702260755031,134645,0.0169873
BEAMXUSDT,SELL,LIMIT,1702260757746,5551,0.0170481
BEAMXUSDT,SELL,LIMIT,1702260759512,70224,0.0169059
BEAMXUSDT,SELL,LIMIT,1702260760563,353,0.0170784
BEAMXUSDT,SELL,LIMIT,1702260761793,5000,0.0171348
BEAMXUSDT,SELL,LIMIT,1702260763239,7770,0.0169009
BEAMXUSDT,BUY,LIMIT,1702260765182,2757,0.0176490
BEAMXUSDT,SELL,LIMIT,1702260766629,1500,0.0168807
BEAMXUSDT,SELL,LIMIT,1702260767692,34369,0.0168807
BEAMXUSDT,SELL,LIMIT,1702260768806,584,0.0211150
BEAMXUSDT,BUY,LIMIT,1702260769959,6759,0.0173841
BEAMXUSDT,SELL,LIMIT,1702260771538,1916,0.0168304
BEAMXUSDT,SELL,LIMIT,1702260772596,3,0.0168154
BEAMXUSDT,SELL,LIMIT,1702260774469,8626,0.0167684
BEAMXUSDT,SELL,LIMIT,1702260775652,77914,0.0167684
BEAMXUSDT,SELL,LIMIT,1702260776703,1316,0.0170782
BEAMXUSDT,SELL,LIMIT,1702260777829,7209,0.0167195
BEAMXUSDT,SELL,LIMIT,1702260778870,211924,0.0165694
BEAMXUSDT,SELL,LIMIT,1702260780125,454742,0.0165111
BEAMXUSDT,BUY,LIMIT,1702260781375,31706,0.0169973
BEAMXUSDT,SELL,LIMIT,1702260782553,34355,0.0165103
BEAMXUSDT,SELL,LIMIT,1702260783570,3553,0.0171340
BEAMXUSDT,SELL,LIMIT,1702260784608,192634,0.0164749
BEAMXUSDT,SELL,LIMIT,1702260786282,4695,0.0165720
BEAMXUSDT,SELL,LIMIT,1702260787540,231443,0.0163319
BEAMXUSDT,SELL,LIMIT,1702260788657,50000,0.0163361
BEAMXUSDT,SELL,LIMIT,1702260790417,124766,0.0163968
BEAMXUSDT,SELL,LIMIT,1702260791477,2221,0.0162812
BEAMXUSDT,SELL,LIMIT,1702260792483,8163,0.0162566
BEAMXUSDT,SELL,LIMIT,1702260793511,2406,0.1835814
BEAMXUSDT,SELL,LIMIT,1702260794592,5275,0.0172856
BEAMXUSDT,SELL,LIMIT,1702260795747,22291,0.0162357
BEAMXUSDT,BUY,LIMIT,1702260796932,29024,0.0167345
BEAMXUSDT,SELL,LIMIT,1702260798196,20055,0.0161888
