Symbol,Side,Order Type,Time,Quantity,Price
BEAMXUSDT,BUY,LIMIT,1701915202388,197174,0.0162883
BEAMXUSDT,SELL,LIMIT,1701915306339,55389,0.0157418
BEAMXUSDT,SELL,LIMIT,1701915381370,1406,0.0156444
BEAMXUSDT,SELL,LIMIT,1701915396653,37747,0.0155765
BEAMXUSDT,SELL,LIMIT,1701916036276,4030,0.0154750
BEAMXUSDT,SELL,LIMIT,1701916293266,42018,0.0154401
BEAMXUSDT,SELL,LIMIT,1701917157722,35136,0.0154253
BEAMXUSDT,SELL,LIMIT,1701917175089,21700,0.0154029
BEAMXUSDT,SELL,LIMIT,1701917182164,98973,0.0153972
BEAMXUSDT,SELL,LIMIT,1701917189727,459,0.0153825
BEAMXUSDT,SELL,LIMIT,1701917193247,11299,0.0153682
BEAMXUSDT,SELL,LIMIT,1701917195929,7252,0.0153403
BEAMXUSDT,SELL,LIMIT,1701917224611,69568,0.0153272
BEAMXUSDT,SELL,LIMIT,1701917266559,60766,0.0153167
BEAMXUSDT,SELL,LIMIT,1701918218058,2424,0.0153112
BEAMXUSDT,SELL,LIMIT,1701918219105,18806,0.0153031
BEAMXUSDT,SELL,LIMIT,1701918224431,3024,0.0152957
BEAMXUSDT,BUY,LIMIT,1701918516464,1395,0.0158733
BEAMXUSDT,BUY,LIMIT,1701918951553,230411,0.0159243
BEAMXUSDT,BUY,LIMIT,1701918955134,44297,0.0159502
BEAMXUSDT,SELL,LIMIT,1701919095177,15875,0.0154377
BEAMXUSDT,SELL,LIMIT,1701919098502,661,0.0154077
BEAMXUSDT,SELL,LIMIT,1701919103179,77033,0.0153639
BEAMXUSDT,SELL,LIMIT,1701919104991,5441,0.0153321
BEAMXUSDT,SELL,LIMIT,1701919106191,12930,0.0152660
BEAMXUSDT,SELL,LIMIT,1701919107273,85711,0.0152736
BEAMXUSDT,SELL,LIMIT,1701919262459,28541,0.0152146
BEAMXUSDT,BUY,LIMIT,1701919458752,223655,0.0157998
BEAMXUSDT,SELL,LIMIT,1701920031936,12866,0.0152717
BEAMXUSDT,SELL,LIMIT,1701920777679,116449,0.0151908
BEAMXUSDT,SELL,LIMIT,1701920779082,5798,0.0151739
BEAMXUSDT,SELL,LIMIT,1701920795812,3412,0.0151509
BEAMXUSDT,SELL,LIMIT,1701920904813,9464,0.0150878
BEAMXUSDT,SELL,LIMIT,1701920927202,7366,0.0150815
BEAMXUSDT,SELL,LIMIT,1701921017324,8034,0.0150682
BEAMXUSDT,SELL,LIMIT,1701921039548,39566,0.0150517
BEAMXUSDT,SELL,LIMIT,1701921083715,582,0.0150504
BEAMXUSDT,BUY,LIMIT,1701921197629,25061,0.0156262
BEAMXUSDT,BUY,LIMIT,1701922574758,1261,0.0156472
BEAMXUSDT,BUY,LIMIT,1701922584463,2655,0.0156627
BEAMXUSDT,BUY,LIMIT,1701922966521,17975,0.0156580
BEAMXUSDT,BUY,LIMIT,1701922994915,22376,0.0156781
BEAMXUSDT,BUY,LIMIT,1701922999423,5488,0.0156839
BEAMXUSDT,BUY,LIMIT,1701923285557,22400,0.0157705
BEAMXUSDT,BUY,LIMIT,1701923297573,1227,0.0157780
BEAMXUSDT,BUY,LIMIT,1701923317502,13378,0.0157859
BEAMXUSDT,SELL,LIMIT,1701923401943,11104,0.0152477
BEAMXUSDT,BUY,LIMIT,1701923854212,11943,0.0158354
BEAMXUSDT,BUY,LIMIT,1701923881187,16065,0.0158585
BEAMXUSDT,BUY,LIMIT,1701923894663,3112,0.0158966
BEAMXUSDT,BUY,LIMIT,1701923901681,4090,0.0159198
BEAMXUSDT,BUY,LIMIT,1701923924217,130522,0.0160404
BEAMXUSDT,BUY,LIMIT,1701923925422,302037,0.0160230
BEAMXUSDT,BUY,LIMIT,1701923927152,245194,0.0160504
BEAMXUSDT,BUY,LIMIT,1701923931138,127783,0.0160832
BEAMXUSDT,BUY,LIMIT,1701923996406,3252,0.0144194
BEAMXUSDT,BUY,LIMIT,1701924235425,13151,0.0161435
BEAMXUSDT,BUY,LIMIT,1701924237042,139438,0.0161513
BEAMXUSDT,BUY,LIMIT,1701924306626,666,0.0161669
BEAMXUSDT,BUY,LIMIT,1701924308324,9932,0.0161718
BEAMXUSDT,BUY,LIMIT,1701924338923,9436,0.0162227
BEAMXUSDT,BUY,LIMIT,1701924341323,1768,0.0162276
BEAMXUSDT,SELL,LIMIT,1701924446572,15268,0.0155964
BEAMXUSDT,BUY,LIMIT,1701924980339,17822,0.0162249
BEAMXUSDT,BUY,LIMIT,1701925122126,8836,0.0162618
BEAMXUSDT,BUY,LIMIT,1701925125448,60384,0.0162761
BEAMXUSDT,BUY,LIMIT,1701925197546,481,0.0162900
BEAMXUSDT,BUY,LIMIT,1701925206510,72260,0.0163120
BEAMXUSDT,BUY,LIMIT,1701925232765,3373,0.0163201
BEAMXUSDT,BUY,LIMIT,1701925234581,15000,0.0163260
BEAMXUSDT,BUY,LIMIT,1701925247072,5745,0.0163446
BEAMXUSDT,BUY,LIMIT,1701925259880,38226,0.0163856
BEAMXUSDT,BUY,LIMIT,1701925274821,312129,0.0164335
BEAMXUSDT,BUY,LIMIT,1701925279796,9413,0.0164629
BEAMXUSDT,SELL,LIMIT,1701925317414,45254,0.0158734
BEAMXUSDT,SELL,LIMIT,1701925333202,286147,0.0158263
BEAMXUSDT,SELL,LIMIT,1701925347619,310790,0.0157611
BEAMXUSDT,SELL,LIMIT,1701925378759,533,0.0157359
BEAMXUSDT,SELL,LIMIT,1701925613403,8283,0.0156551
BEAMXUSDT,SELL,LIMIT,1701925730592,21964,0.0156411
BEAMXUSDT,BUY,LIMIT,1701925999180,25700,0.0162355
BEAMXUSDT,BUY,LIMIT,1701926049335,14992,0.0162819
BEAMXUSDT,BUY,LIMIT,1701926050759,1405,0.0162878
BEAMXUSDT,BUY,LIMIT,1701926196440,2974,0.0162900
BEAMXUSDT,SELL,LIMIT,1701926388144,1317,0.0156604
BEAMXUSDT,BUY,LIMIT,1701926554714,49248,0.0162403
BEAMXUSDT,BUY,LIMIT,1701926568452,13170,0.0162740
BEAMXUSDT,BUY,LIMIT,1701926569846,6057,0.0162752
BEAMXUSDT,BUY,LIMIT,1701926584084,23105,0.0163254
BEAMXUSDT,BUY,LIMIT,1701926592051,1435,0.0163611
BEAMXUSDT,BUY,LIMIT,1701926602697,15745,0.0164197
BEAMXUSDT,BUY,LIMIT,1701926607541,304265,0.0164226
BEAMXUSDT,BUY,LIMIT,1701926609478,6834,0.0164355
BEAMXUSDT,BUY,LIMIT,1701926619285,25249,0.0164756
BEAMXUSDT,BUY,LIMIT,1701926671190,6322,0.0164372
BEAMXUSDT,SELL,LIMIT,1701926709052,251646,0.0159020
BEAMXUSDT,SELL,LIMIT,1701926751762,4548,0.0158612
BEAMXUSDT,BUY,LIMIT,1701927065250,3491,0.0164574
BEAMXUSDT,BUY,LIMIT,1701927079492,133627,0.0165075
BEAMXUSDT,BUY,LIMIT,1701927081188,14094,0.0165187
BEAMXUSDT,BUY,LIMIT,1701927082408,94195,0.0165368
BEAMXUSDT,BUY,LIMIT,1701927086135,16887,0.0165459
BEAMXUSDT,BUY,LIMIT,1701927089288,72368,0.0165594
BEAMXUSDT,BUY,LIMIT,1701927090855,15000,0.0165745
BEAMXUSDT,BUY,LIMIT,1701927110365,210234,0.0166061
BEAMXUSDT,BUY,LIMIT,1701927115085,9729,0.0166293
BEAMXUSDT,BUY,LIMIT,1701927120121,159637,0.0166232
BEAMXUSDT,SELL,LIMIT,1701927217648,4094,0.0160191
BEAMXUSDT,BUY,LIMIT,1701927233350,1565,0.0166412
BEAMXUSDT,BUY,LIMIT,1701927599865,22306,0.0166771
BEAMXUSDT,BUY,LIMIT,1701927601623,32176,0.0166948
BEAMXUSDT,BUY,LIMIT,1701927605047,1200,0.0166922
BEAMXUSDT,BUY,LIMIT,1701927620386,186207,0.0167075
BEAMXUSDT,BUY,LIMIT,1701927624227,20350,0.0167090
BEAMXUSDT,BUY,LIMIT,1701927988518,124081,0.0167287
BEAMXUSDT,BUY,LIMIT,1701928001179,12496,0.0167361
BEAMXUSDT,BUY,LIMIT,1701928043966,8099,0.0167443
BEAMXUSDT,BUY,LIMIT,1701928046348,31677,0.0167601
BEAMXUSDT,BUY,LIMIT,1701928047514,1793,0.0167654
BEAMXUSDT,BUY,LIMIT,1701928048803,25000,0.0167863
BEAMXUSDT,BUY,LIMIT,1701928067376,12347,0.0167938
BEAMXUSDT,BUY,LIMIT,1701928071124,41283,0.0168056
BEAMXUSDT,BUY,LIMIT,1701928074033,268189,0.0168076
BEAMXUSDT,BUY,LIMIT,1701928080207,58596,0.0168164
BEAMXUSDT,BUY,LIMIT,1701928106266,15725,0.0168247
BEAMXUSDT,BUY,LIMIT,1701928109144,20244,0.0168272
BEAMXUSDT,BUY,LIMIT,1701928110335,245848,0.0168290
BEAMXUSDT,BUY,LIMIT,1701928111421,8490,0.0168446
BEAMXUSDT,BUY,LIMIT,1701928114351,3847,0.0168497
BEAMXUSDT,BUY,LIMIT,1701928116121,1543209,0.0170067
BEAMXUSDT,BUY,LIMIT,1701928117225,5322,0.0168621
BEAMXUSDT,BUY,LIMIT,1701928118613,205581,0.0168653
BEAMXUSDT,BUY,LIMIT,1701928121726,32008,0.0168733
BEAMXUSDT,BUY,LIMIT,1701928124947,10212,0.0168770
BEAMXUSDT,BUY,LIMIT,1701928261208,772,0.0168508
BEAMXUSDT,BUY,LIMIT,1701928263822,1184,0.0168576
BEAMXUSDT,BUY,LIMIT,1701928276027,54156,0.0168639
BEAMXUSDT,BUY,LIMIT,1701928280507,6340,0.0168781
BEAMXUSDT,BUY,LIMIT,1701928282300,13061,0.0168808
BEAMXUSDT,BUY,LIMIT,1701928284209,2429,0.0168928
BEAMXUSDT,BUY,LIMIT,1701928286780,9856,0.0168990
BEAMXUSDT,BUY,LIMIT,1701928291276,309712,0.0169249
BEAMXUSDT,BUY,LIMIT,1701928292408,12801,0.0169479
BEAMXUSDT,BUY,LIMIT,1701928296012,15443,0.0169620
BEAMXUSDT,BUY,LIMIT,1701928319692,24642,0.0169672
BEAMXUSDT,BUY,LIMIT,1701928326234,35363,0.0169965
BEAMXUSDT,BUY,LIMIT,1701928327533,2436,0.0169931
BEAMXUSDT,BUY,LIMIT,1701928330598,6359,0.0170115
BEAMXUSDT,BUY,LIMIT,1701928332604,20000,0.0170138
BEAMXUSDT,BUY,LIMIT,1701928340456,1446,0.0170189
BEAMXUSDT,BUY,LIMIT,1701928354530,3882,0.0170282
BEAMXUSDT,BUY,LIMIT,1701928356365,15880,0.0170363
BEAMXUSDT,BUY,LIMIT,1701928392246,4652,0.0170576
BEAMXUSDT,BUY,LIMIT,1701928393428,449,0.0170836
BEAMXUSDT,BUY,LIMIT,1701928411987,600,0.0170629
BEAMXUSDT,BUY,LIMIT,1701928474090,16540,0.0171018
BEAMXUSDT,BUY,LIMIT,1701928485726,62406,0.0171082
BEAMXUSDT,BUY,LIMIT,1701928490379,953,0.0171199
BEAMXUSDT,BUY,LIMIT,1701928493817,1260,0.0171352
BEAMXUSDT,BUY,LIMIT,1701928517281,250000,0.0171410
BEAMXUSDT,BUY,LIMIT,1701928519705,466587,0.0172118
BEAMXUSDT,BUY,LIMIT,1701928521114,14154,0.0171716
BEAMXUSDT,BUY,LIMIT,1701928522494,35702,0.0171723
BEAMXUSDT,BUY,LIMIT,1701928528180,5011,0.0171909
BEAMXUSDT,BUY,LIMIT,1701928529491,20226,0.0171877
BEAMXUSDT,BUY,LIMIT,1701928539196,436,0.0172073
BEAMXUSDT,BUY,LIMIT,1701928541115,5825,0.0172261
BEAMXUSDT,BUY,LIMIT,1701928542390,2000,0.0172261
BEAMXUSDT,BUY,LIMIT,1701928543856,63865,0.0172414
BEAMXUSDT,SELL,LIMIT,1701928563818,44201,0.0166115
BEAMXUSDT,SELL,LIMIT,1701928615268,60008,0.0165801
BEAMXUSDT,SELL,LIMIT,1701928655892,26627,0.0165085
BEAMXUSDT,SELL,LIMIT,1701928657934,26691,0.0165003
BEAMXUSDT,SELL,LIMIT,1701928729599,9879,0.0164887
BEAMXUSDT,BUY,LIMIT,1701928815296,24504,0.0170726
BEAMXUSDT,BUY,LIMIT,1701928816945,1373,0.0170903
BEAMXUSDT,SELL,LIMIT,1701928925915,26170,0.0164552
BEAMXUSDT,SELL,LIMIT,1701928927951,9317,0.0163913
BEAMXUSDT,SELL,LIMIT,1701928949112,113661,0.0163753
BEAMXUSDT,SELL,LIMIT,1701928957557,42707,0.0163558
BEAMXUSDT,BUY,LIMIT,1701929014318,50552,0.0169458
BEAMXUSDT,SELL,LIMIT,1701929166098,2873,0.0163303
BEAMXUSDT,BUY,LIMIT,1701929543074,313,0.0168970
BEAMXUSDT,BUY,LIMIT,1701929545153,3607,0.0169159
BEAMXUSDT,BUY,LIMIT,1701929781724,14287,0.0168195
BEAMXUSDT,BUY,LIMIT,1701929832928,20745,0.0167915
BEAMXUSDT,SELL,LIMIT,1701929870142,400,0.0162685
BEAMXUSDT,SELL,LIMIT,1701929871578,2225,0.0162526
BEAMXUSDT,SELL,LIMIT,1701929872656,30470,0.0162277
BEAMXUSDT,SELL,LIMIT,1701929875638,15784,0.0162237
BEAMXUSDT,SELL,LIMIT,1701929949443,881,0.0161936
BEAMXUSDT,SELL,LIMIT,1701930368576,491,0.0161729
BEAMXUSDT,SELL,LIMIT,1701930595197,2669,0.0161572
BEAMXUSDT,SELL,LIMIT,1701930637321,17151,0.0161227
BEAMXUSDT,BUY,LIMIT,1701930847436,27563,0.0166482
BEAMXUSDT,BUY,LIMIT,1701931011138,300853,0.0165948
BEAMXUSDT,SELL,LIMIT,1701931392468,4861,0.0160390
BEAMXUSDT,SELL,LIMIT,1701931408600,17727,0.0160178
BEAMXUSDT,SELL,LIMIT,1701931413733,23338,0.0159958
BEAMXUSDT,SELL,LIMIT,1701931426123,26035,0.0159417
BEAMXUSDT,SELL,LIMIT,1701931427297,7425,0.0159407
BEAMXUSDT,SELL,LIMIT,1701931430941,29744,0.0159297
BEAMXUSDT,SELL,LIMIT,1701931432215,198508,0.0159170
BEAMXUSDT,SELL,LIMIT,1701931433249,2500,0.0158838
BEAMXUSDT,SELL,LIMIT,1701931440877,9277,0.0158651
BEAMXUSDT,SELL,LIMIT,1701931460098,18872,0.0158595
BEAMXUSDT,BUY,LIMIT,1701931569293,2000,0.0115248
BEAMXUSDT,BUY,LIMIT,1701931908915,11175,0.0165207
BEAMXUSDT,SELL,LIMIT,1701931936186,57433,0.0159271
BEAMXUSDT,SELL,LIMIT,1701931943033,2011,0.0159113
BEAMXUSDT,SELL,LIMIT,1701931952037,17023,0.0158695
BEAMXUSDT,SELL,LIMIT,1701931953455,8954,0.0157660
BEAMXUSDT,SELL,LIMIT,1701931992135,6991,0.0157370
BEAMXUSDT,SELL,LIMIT,1701931994230,1373,0.0157267
BEAMXUSDT,BUY,LIMIT,1701932009229,27067,0.0162569
BEAMXUSDT,BUY,LIMIT,1701932373288,6226,0.0162880
BEAMXUSDT,BUY,LIMIT,1701932576389,44226,0.0165045
BEAMXUSDT,SELL,LIMIT,1701932673121,20647,0.0158904
BEAMXUSDT,BUY,LIMIT,1701932709569,3468,0.0164582
BEAMXUSDT,SELL,LIMIT,1701933232039,167066,0.0159773
BEAMXUSDT,SELL,LIMIT,1701933233056,97017,0.0159732
BEAMXUSDT,BUY,LIMIT,1701933425141,23260,0.0166162
BEAMXUSDT,BUY,LIMIT,1701933464442,46307,0.0166696
BEAMXUSDT,BUY,LIMIT,1701933484265,73776,0.0167256
BEAMXUSDT,BUY,LIMIT,1701933532489,302222,0.0167709
BEAMXUSDT,BUY,LIMIT,1701933533639,24527,0.0167924
BEAMXUSDT,BUY,LIMIT,1701933535432,17292,0.0167928
BEAMXUSDT,BUY,LIMIT,1701933538800,32919,0.0168004
BEAMXUSDT,BUY,LIMIT,1701933541807,4668,0.0168607
BEAMXUSDT,BUY,LIMIT,1701933566266,328606,0.0169164
BEAMXUSDT,BUY,LIMIT,1701933631335,1456,0.0169191
BEAMXUSDT,BUY,LIMIT,1701933634373,4826,0.0169331
BEAMXUSDT,SELL,LIMIT,1701933806462,61,0.0164336
BEAMXUSDT,BUY,LIMIT,1701933818371,12740,0.0169669
BEAMXUSDT,BUY,LIMIT,1701933820215,48974,0.0169730
BEAMXUSDT,BUY,LIMIT,1701933822877,150000,0.0170000
BEAMXUSDT,BUY,LIMIT,1701933847112,13378,0.0170480
BEAMXUSDT,BUY,LIMIT,1701933848883,3669,0.0170707
BEAMXUSDT,BUY,LIMIT,1701933854366,8346,0.0171098
BEAMXUSDT,BUY,LIMIT,1701933858132,323,0.0171383
BEAMXUSDT,BUY,LIMIT,1701933859171,25906,0.0171366
BEAMXUSDT,BUY,LIMIT,1701934079083,2167,0.0171497
BEAMXUSDT,BUY,LIMIT,1701934080439,2380,0.0171717
BEAMXUSDT,BUY,LIMIT,1701934085709,5000,0.0172100
BEAMXUSDT,BUY,LIMIT,1701934152819,8452,0.0172535
BEAMXUSDT,BUY,LIMIT,1701934158157,297378,0.0172688
BEAMXUSDT,BUY,LIMIT,1701934159197,701,0.0172712
BEAMXUSDT,BUY,LIMIT,1701934174301,5639,0.0172844
BEAMXUSDT,BUY,LIMIT,1701934222322,2,0.0173002
BEAMXUSDT,BUY,LIMIT,1701934223776,8809,0.0173133
BEAMXUSDT,BUY,LIMIT,1701934226095,246435,0.0173452
BEAMXUSDT,BUY,LIMIT,1701934227457,11569,0.0173801
BEAMXUSDT,BUY,LIMIT,1701934229404,4286,0.0174012
BEAMXUSDT,BUY,LIMIT,1701934230705,279165,0.0174346
BEAMXUSDT,BUY,LIMIT,1701934234171,14773,0.0174636
BEAMXUSDT,BUY,LIMIT,1701934235216,1541,0.0174795
BEAMXUSDT,BUY,LIMIT,1701934236216,5521,0.0174967
BEAMXUSDT,BUY,LIMIT,1701934237229,293254,0.0175323
BEAMXUSDT,SELL,LIMIT,1701934251488,4473,0.0168975
BEAMXUSDT,SELL,LIMIT,1701934258350,4024,0.0168213
BEAMXUSDT,BUY,LIMIT,1701934278869,17065,0.0173578
BEAMXUSDT,SELL,LIMIT,1701934414551,192579,0.0167645
BEAMXUSDT,SELL,LIMIT,1701934474006,1134,0.0167265
BEAMXUSDT,SELL,LIMIT,1701934482143,170029,0.0167079
BEAMXUSDT,BUY,LIMIT,1701934557523,53232,0.0172732
BEAMXUSDT,SELL,LIMIT,1701934734278,911,0.0165622
BEAMXUSDT,SELL,LIMIT,1701935163046,14383,0.0165142
BEAMXUSDT,BUY,LIMIT,1701935237879,16560,0.0170985
BEAMXUSDT,BUY,LIMIT,1701935296202,26758,0.0171499
BEAMXUSDT,BUY,LIMIT,1701935524475,295857,0.0172345
BEAMXUSDT,BUY,LIMIT,1701935528315,25121,0.0172636
BEAMXUSDT,BUY,LIMIT,1701935531432,294752,0.0172958
BEAMXUSDT,BUY,LIMIT,1701935532825,30513,0.0172972
BEAMXUSDT,BUY,LIMIT,1701935533834,4298,0.0173088
BEAMXUSDT,BUY,LIMIT,1701935544913,10418,0.0173628
BEAMXUSDT,BUY,LIMIT,1701935555282,827,0.0174148
BEAMXUSDT,BUY,LIMIT,1701935557290,8166,0.0174430
BEAMXUSDT,BUY,LIMIT,1701935606330,18703,0.0174805
BEAMXUSDT,BUY,LIMIT,1701935608691,29773,0.0174971
BEAMXUSDT,BUY,LIMIT,1701935615362,36346,0.0175180
BEAMXUSDT,BUY,LIMIT,1701935618137,34001,0.0175381
BEAMXUSDT,BUY,LIMIT,1701935619197,649,0.0175382
BEAMXUSDT,BUY,LIMIT,1701935645701,3740,0.0175810
BEAMXUSDT,BUY,LIMIT,1701935646783,250647,0.0176036
BEAMXUSDT,BUY,LIMIT,1701935648072,9933,0.0176121
BEAMXUSDT,BUY,LIMIT,1701935649086,1803,0.0176390
BEAMXUSDT,BUY,LIMIT,1701935650601,38465,0.0176413
BEAMXUSDT,BUY,LIMIT,1701935652692,87804,0.0176715
BEAMXUSDT,SELL,LIMIT,1701935718356,181623,0.0169220
BEAMXUSDT,SELL,LIMIT,1701935948066,19632,0.0167971
BEAMXUSDT,SELL,LIMIT,1701935962147,56816,0.0167339
BEAMXUSDT,SELL,LIMIT,1701935964972,24564,0.0167216
BEAMXUSDT,SELL,LIMIT,1701936060419,3902,0.0166614
BEAMXUSDT,SELL,LIMIT,1701936062330,12224,0.0166470
BEAMXUSDT,SELL,LIMIT,1701936109487,114582,0.0166058
BEAMXUSDT,SELL,LIMIT,1701936904143,11838,0.0166343
BEAMXUSDT,SELL,LIMIT,1701936936091,231671,0.0165654
BEAMXUSDT,SELL,LIMIT,1701937250012,270209,0.0165312
BEAMXUSDT,SELL,LIMIT,1701937309778,800,0.0164929
BEAMXUSDT,SELL,LIMIT,1701937311539,637,0.0164741
BEAMXUSDT,SELL,LIMIT,1701937328221,59945,0.0164415
BEAMXUSDT,SELL,LIMIT,1701937336843,64086,0.0164259
BEAMXUSDT,SELL,LIMIT,1701937340540,53491,0.0164051
BEAMXUSDT,SELL,LIMIT,1701937351240,3151,0.0164123
BEAMXUSDT,SELL,LIMIT,1701937383498,316,0.0163180
BEAMXUSDT,SELL,LIMIT,1701937392603,1746,0.0162896
BEAMXUSDT,SELL,LIMIT,1701937695835,35177,0.0162600
BEAMXUSDT,SELL,LIMIT,1701937766377,1704,0.0162257
BEAMXUSDT,SELL,LIMIT,1701937821415,45128,0.0162119
BEAMXUSDT,SELL,LIMIT,1701937823322,123640,0.0161951
BEAMXUSDT,SELL,LIMIT,1701937824554,49505,0.0161925
BEAMXUSDT,SELL,LIMIT,1701938125666,93757,0.0162468
BEAMXUSDT,BUY,LIMIT,1701938197479,6144,0.0169014
BEAMXUSDT,SELL,LIMIT,1701938698460,7329,0.0162312
BEAMXUSDT,SELL,LIMIT,1701939065866,513,0.0162108
BEAMXUSDT,SELL,LIMIT,1701939090476,15483,0.0161864
BEAMXUSDT,SELL,LIMIT,1701939182168,4124,0.0161655
BEAMXUSDT,SELL,LIMIT,1701939183639,27022,0.0161561
BEAMXUSDT,SELL,LIMIT,1701939185544,258189,0.0161190
BEAMXUSDT,SELL,LIMIT,1701939272095,10461,0.0161051
BEAMXUSDT,SELL,LIMIT,1701939314072,152718,0.0160705
BEAMXUSDT,SELL,LIMIT,1701939321132,180505,0.0160824
BEAMXUSDT,SELL,LIMIT,1701939323229,817,0.0160576
BEAMXUSDT,SELL,LIMIT,1701939329544,50148,0.0160253
BEAMXUSDT,SELL,LIMIT,1701939330599,14471,0.0160190
BEAMXUSDT,SELL,LIMIT,1701939332785,13506,0.0160196
BEAMXUSDT,SELL,LIMIT,1701939339253,7658,0.0160036
BEAMXUSDT,SELL,LIMIT,1701939368502,57309,0.0159804
BEAMXUSDT,SELL,LIMIT,1701939549370,79309,0.0161792
BEAMXUSDT,BUY,LIMIT,1701939815039,21812,0.0167271
BEAMXUSDT,BUY,LIMIT,1701939820470,473,0.0167575
BEAMXUSDT,SELL,LIMIT,1701939892126,56191,0.0161461
BEAMXUSDT,SELL,LIMIT,1701940052065,5896,0.0160950
BEAMXUSDT,SELL,LIMIT,1701940419284,244200,0.0160558
BEAMXUSDT,SELL,LIMIT,1701940436351,63123,0.0160077
BEAMXUSDT,SELL,LIMIT,1701940438994,4714,0.0160037
BEAMXUSDT,SELL,LIMIT,1701940441438,1129,0.0159587
BEAMXUSDT,SELL,LIMIT,1701940451564,6935,0.0159515
BEAMXUSDT,SELL,LIMIT,1701940475462,57027,0.0159295
BEAMXUSDT,SELL,LIMIT,1701940578187,150672,0.0158680
BEAMXUSDT,SELL,LIMIT,1701940582085,39852,0.0158603
BEAMXUSDT,SELL,LIMIT,1701940680446,14571,0.0158416
BEAMXUSDT,BUY,LIMIT,1701940826882,897,0.0164697
BEAMXUSDT,SELL,LIMIT,1701941160148,8000,0.0158976
BEAMXUSDT,BUY,LIMIT,1701941161534,2596,0.0163727
BEAMXUSDT,SELL,LIMIT,1701941183738,65013,0.0158450
BEAMXUSDT,SELL,LIMIT,1701941186334,52152,0.0158310
BEAMXUSDT,SELL,LIMIT,1701941187439,3010,0.0158242
BEAMXUSDT,SELL,LIMIT,1701941189687,4673,0.0158653
BEAMXUSDT,SELL,LIMIT,1701941191009,389,0.0158143
BEAMXUSDT,SELL,LIMIT,1701941192458,962,0.0157941
BEAMXUSDT,SELL,LIMIT,1701941207334,48989,0.0159196
BEAMXUSDT,SELL,LIMIT,1701941225131,17827,0.0157532
BEAMXUSDT,SELL,LIMIT,1701941241403,454,0.0157128
BEAMXUSDT,SELL,LIMIT,1701941245552,3497,0.0156976
BEAMXUSDT,SELL,LIMIT,1701941248406,616,0.0165643
BEAMXUSDT,SELL,LIMIT,1701941301560,21224,0.0156656
BEAMXUSDT,SELL,LIMIT,1701941303870,1774,0.0156503
BEAMXUSDT,BUY,LIMIT,1701941356527,1575,0.0162059
BEAMXUSDT,BUY,LIMIT,1701941365438,4366,0.0162457
BEAMXUSDT,BUY,LIMIT,1701941674981,14729,0.0164282
BEAMXUSDT,BUY,LIMIT,1701941697655,103331,0.0164419
BEAMXUSDT,BUY,LIMIT,1701941752243,6543,0.0164532
BEAMXUSDT,BUY,LIMIT,1701941768050,1540,0.0164792
BEAMXUSDT,BUY,LIMIT,1701942190991,274824,0.0164520
BEAMXUSDT,BUY,LIMIT,1701942389746,4934,0.0165182
BEAMXUSDT,BUY,LIMIT,1701942426336,1983,0.0166484
BEAMXUSDT,BUY,LIMIT,1701942428583,1639,0.0166939
BEAMXUSDT,BUY,LIMIT,1701942446522,75618,0.0166657
BEAMXUSDT,BUY,LIMIT,1701942455383,52147,0.0167041
BEAMXUSDT,SELL,LIMIT,1701942739238,96659,0.0162138
BEAMXUSDT,SELL,LIMIT,1701942740477,161842,0.0162115
BEAMXUSDT,SELL,LIMIT,1701942837373,16443,0.0161176
BEAMXUSDT,SELL,LIMIT,1701942842519,25436,0.0160897
BEAMXUSDT,SELL,LIMIT,1701943045096,197281,0.0160408
BEAMXUSDT,BUY,LIMIT,1701943250556,37950,0.0166087
BEAMXUSDT,SELL,LIMIT,1701943349974,11797,0.0160264
BEAMXUSDT,SELL,LIMIT,1701943357049,18030,0.0160016
BEAMXUSDT,SELL,LIMIT,1701943360002,30666,0.0159847
BEAMXUSDT,SELL,LIMIT,1701943379745,104153,0.0159600
BEAMXUSDT,SELL,LIMIT,1701943501852,27138,0.0158567
BEAMXUSDT,SELL,LIMIT,1701943568124,110123,0.0158383
BEAMXUSDT,BUY,LIMIT,1701943701198,27250,0.0163289
BEAMXUSDT,BUY,LIMIT,1701943715356,24701,0.0164055
BEAMXUSDT,SELL,LIMIT,1701943873962,230597,0.0159261
BEAMXUSDT,SELL,LIMIT,1701944216639,24636,0.0157574
BEAMXUSDT,SELL,LIMIT,1701944336512,60386,0.0157350
BEAMXUSDT,SELL,LIMIT,1701944338035,10266,0.0157174
BEAMXUSDT,SELL,LIMIT,1701944461310,9552,0.0157052
BEAMXUSDT,SELL,LIMIT,1701944496490,98908,0.0156667
BEAMXUSDT,SELL,LIMIT,1701944508034,4019,0.0156610
BEAMXUSDT,SELL,LIMIT,1701944520600,88,0.0156595
BEAMXUSDT,BUY,LIMIT,1701944608512,19834,0.0162291
BEAMXUSDT,BUY,LIMIT,1701945246161,6996,0.0163574
BEAMXUSDT,BUY,LIMIT,1701945393147,3527,0.0162793
BEAMXUSDT,SELL,LIMIT,1701945526456,2602,0.0156671
BEAMXUSDT,SELL,LIMIT,1701945557247,29004,0.0156384
BEAMXUSDT,SELL,LIMIT,1701945625141,2384,0.0156273
BEAMXUSDT,BUY,LIMIT,1701946093808,7012,0.0161756
BEAMXUSDT,SELL,LIMIT,1701946170635,364,0.0155767
BEAMXUSDT,SELL,LIMIT,1701946216587,9450,0.0155174
BEAMXUSDT,SELL,LIMIT,1701946224135,13041,0.0155029
BEAMXUSDT,SELL,LIMIT,1701946257103,3770,0.0154847
BEAMXUSDT,SELL,LIMIT,1701946313278,24670,0.0154577
BEAMXUSDT,SELL,LIMIT,1701946314280,6313,0.0154196
BEAMXUSDT,SELL,LIMIT,1701946318088,8993,0.0154048
BEAMXUSDT,SELL,LIMIT,1701946337165,1083,0.0153737
BEAMXUSDT,SELL,LIMIT,1701946338430,296356,0.0153917
BEAMXUSDT,SELL,LIMIT,1701946340147,586,0.0153466
BEAMXUSDT,SELL,LIMIT,1701946358141,138863,0.0153165
BEAMXUSDT,SELL,LIMIT,1701946359169,1336,0.0153311
BEAMXUSDT,SELL,LIMIT,1701946405185,16169,0.0153108
BEAMXUSDT,SELL,LIMIT,1701946408998,6402,0.0153003
BEAMXUSDT,SELL,LIMIT,1701946420749,2941,0.0152881
BEAMXUSDT,SELL,LIMIT,1701946426015,1263,0.0152555
BEAMXUSDT,SELL,LIMIT,1701946428383,377,0.0152540
BEAMXUSDT,SELL,LIMIT,1701946429554,15777,0.0152193
BEAMXUSDT,SELL,LIMIT,1701946486324,91331,0.0152516
BEAMXUSDT,BUY,LIMIT,1701946596593,66560,0.0158574
BEAMXUSDT,SELL,LIMIT,1701946810354,6679,0.0153480
BEAMXUSDT,BUY,LIMIT,1701947724063,5692,0.0159849
BEAMXUSDT,BUY,LIMIT,1701947892837,6294,0.0161199
BEAMXUSDT,BUY,LIMIT,1701948141666,9913,0.0161371
BEAMXUSDT,BUY,LIMIT,1701948179050,12932,0.0161735
BEAMXUSDT,BUY,LIMIT,1701948314638,2313,0.0161999
BEAMXUSDT,SELL,LIMIT,1701948627329,6076,0.0157055
BEAMXUSDT,SELL,LIMIT,1701948749280,37144,0.0156278
BEAMXUSDT,BUY,LIMIT,1701949523963,45018,0.0160979
BEAMXUSDT,BUY,LIMIT,1701950307279,10813,0.0162320
BEAMXUSDT,SELL,LIMIT,1701950669247,8925,0.0157410
BEAMXUSDT,BUY,LIMIT,1701950990863,16997,0.0163153
BEAMXUSDT,BUY,LIMIT,1701951032891,11396,0.0163475
BEAMXUSDT,BUY,LIMIT,1701951245180,68670,0.0162672
BEAMXUSDT,SELL,LIMIT,1701951320149,271518,0.0157627
BEAMXUSDT,SELL,LIMIT,1701951515168,343,0.0156729
BEAMXUSDT,BUY,LIMIT,1701951791515,32609,0.0163054
BEAMXUSDT,BUY,LIMIT,1701951882906,21474,0.0163583
BEAMXUSDT,BUY,LIMIT,1701951892413,32767,0.0163615
BEAMXUSDT,BUY,LIMIT,1701952072869,128865,0.0163712
BEAMXUSDT,SELL,LIMIT,1701952429045,126765,0.0158613
BEAMXUSDT,SELL,LIMIT,1701952530146,706,0.0157303
BEAMXUSDT,SELL,LIMIT,1701952531416,58602,0.0157350
BEAMXUSDT,BUY,LIMIT,1701953026376,1351,0.0162425
BEAMXUSDT,SELL,LIMIT,1701953143414,1897,0.0157505
BEAMXUSDT,BUY,LIMIT,1701953910463,18208,0.0162163
BEAMXUSDT,BUY,LIMIT,1701954223401,77644,0.0164982
BEAMXUSDT,BUY,LIMIT,1701954239918,3972,0.0165203
BEAMXUSDT,BUY,LIMIT,1701954243047,37381,0.0165368
BEAMXUSDT,BUY,LIMIT,1701954254127,7000,0.0165680
BEAMXUSDT,BUY,LIMIT,1701954258970,5745,0.0166024
BEAMXUSDT,BUY,LIMIT,1701954286611,5095,0.0166558
BEAMXUSDT,BUY,LIMIT,1701954333900,5293,0.0166949
BEAMXUSDT,BUY,LIMIT,1701954392800,2666,0.0167059
BEAMXUSDT,BUY,LIMIT,1701954394408,42161,0.0167128
BEAMXUSDT,BUY,LIMIT,1701954444951,221906,0.0167508
BEAMXUSDT,BUY,LIMIT,1701955143732,2686,0.0166678
BEAMXUSDT,BUY,LIMIT,1701955626068,56985,0.0167598
BEAMXUSDT,SELL,LIMIT,1701956058086,414,0.0161715
BEAMXUSDT,BUY,LIMIT,1701956239897,21961,0.0168084
BEAMXUSDT,BUY,LIMIT,1701956276046,114419,0.0168443
BEAMXUSDT,BUY,LIMIT,1701956278147,3122,0.0168513
BEAMXUSDT,SELL,LIMIT,1701956831186,92846,0.0162412
BEAMXUSDT,SELL,LIMIT,1701956851661,13205,0.0162724
BEAMXUSDT,SELL,LIMIT,1701956888283,301204,0.0161511
BEAMXUSDT,SELL,LIMIT,1701956955768,5848,0.0161023
BEAMXUSDT,SELL,LIMIT,1701956956822,3947,0.0161016
BEAMXUSDT,SELL,LIMIT,1701956970462,5000,0.0160963
BEAMXUSDT,SELL,LIMIT,1701957014102,11006,0.0160305
BEAMXUSDT,SELL,LIMIT,1701958002339,29015,0.0160847
BEAMXUSDT,SELL,LIMIT,1701958098428,28669,0.0159860
BEAMXUSDT,BUY,LIMIT,1701958521762,882,0.0166066
BEAMXUSDT,SELL,LIMIT,1701959631210,52037,0.0161133
BEAMXUSDT,SELL,LIMIT,1701959654445,991,0.0160990
BEAMXUSDT,BUY,LIMIT,1701959666102,25999,0.0163359
BEAMXUSDT,SELL,LIMIT,1701959705277,28744,0.0160637
BEAMXUSDT,BUY,LIMIT,1701959863048,86096,0.0167158
BEAMXUSDT,BUY,LIMIT,1701960012686,7718,0.0168026
BEAMXUSDT,BUY,LIMIT,1701960645519,724,0.0169439
BEAMXUSDT,BUY,LIMIT,1701960670361,147708,0.0169648
BEAMXUSDT,BUY,LIMIT,1701960679479,5712,0.0169939
BEAMXUSDT,BUY,LIMIT,1701960748382,29071,0.0170276
BEAMXUSDT,BUY,LIMIT,1701960758051,50659,0.0170743
BEAMXUSDT,BUY,LIMIT,1701960774797,6846,0.0170879
BEAMXUSDT,BUY,LIMIT,1701960777404,14409,0.0171122
BEAMXUSDT,BUY,LIMIT,1701961075323,624,0.0170702
BEAMXUSDT,BUY,LIMIT,1701961328747,32696,0.0170288
BEAMXUSDT,BUY,LIMIT,1701961696588,161064,0.0170816
BEAMXUSDT,SELL,LIMIT,1701961748548,80,0.0180629
BEAMXUSDT,BUY,LIMIT,1701961956284,5428,0.0171551
BEAMXUSDT,BUY,LIMIT,1701961968115,1176,0.0171847
BEAMXUSDT,BUY,LIMIT,1701962223380,685,0.0171004
BEAMXUSDT,SELL,LIMIT,1701962658083,54759,0.0164646
BEAMXUSDT,BUY,LIMIT,1701962709733,5000,0.0169818
BEAMXUSDT,SELL,LIMIT,1701964001701,14340,0.0163960
BEAMXUSDT,BUY,LIMIT,1701964206138,117959,0.0169084
BEAMXUSDT,BUY,LIMIT,1701964241190,1955,0.0169798
BEAMXUSDT,BUY,LIMIT,1701964247784,298399,0.0169748
BEAMXUSDT,BUY,LIMIT,1701964394389,326797,0.0169502
BEAMXUSDT,BUY,LIMIT,1701964402567,70015,0.0169223
BEAMXUSDT,SELL,LIMIT,1701964507257,15954,0.0163485
BEAMXUSDT,SELL,LIMIT,1701964625899,1436,0.0162840
BEAMXUSDT,BUY,LIMIT,1701964822516,6102,0.0167486
BEAMXUSDT,SELL,LIMIT,1701964853708,5804,0.0162306
BEAMXUSDT,BUY,LIMIT,1701965012049,12202,0.0167029
BEAMXUSDT,BUY,LIMIT,1701965054601,1136,0.0167630
BEAMXUSDT,BUY,LIMIT,1701965060284,28517,0.0167587
BEAMXUSDT,BUY,LIMIT,1701965064173,32711,0.0167752
BEAMXUSDT,BUY,LIMIT,1701965067156,8679,0.0167451
BEAMXUSDT,BUY,LIMIT,1701965127018,139817,0.0168024
BEAMXUSDT,BUY,LIMIT,1701965148188,89985,0.0168306
BEAMXUSDT,BUY,LIMIT,1701965170203,128186,0.0168797
BEAMXUSDT,BUY,LIMIT,1701965178440,72501,0.0168938
BEAMXUSDT,SELL,LIMIT,1701965673815,1072,0.0162350
BEAMXUSDT,BUY,LIMIT,1701965787112,10687,0.0168550
BEAMXUSDT,BUY,LIMIT,1701965885314,50000,0.0168569
BEAMXUSDT,BUY,LIMIT,1701965889448,5859,0.0170129
BEAMXUSDT,BUY,LIMIT,1701966288139,59673,0.0170896
BEAMXUSDT,BUY,LIMIT,1701966323793,30606,0.0171097
BEAMXUSDT,BUY,LIMIT,1701966633413,661505,0.0171092
BEAMXUSDT,SELL,LIMIT,1701967738290,101138,0.0164454
BEAMXUSDT,SELL,LIMIT,1701968058936,24017,0.0163279
BEAMXUSDT,SELL,LIMIT,1701968304399,10091,0.0162514
BEAMXUSDT,SELL,LIMIT,1701968328125,667,0.0162337
BEAMXUSDT,SELL,LIMIT,1701968757090,51063,0.0162216
BEAMXUSDT,SELL,LIMIT,1701968776423,2499,0.0162062
BEAMXUSDT,SELL,LIMIT,1701968778386,1093,0.0162044
BEAMXUSDT,SELL,LIMIT,1701968870775,3877,0.0161763
BEAMXUSDT,SELL,LIMIT,1701968898126,2411,0.0161512
BEAMXUSDT,SELL,LIMIT,1701969292398,1268,0.0160714
BEAMXUSDT,SELL,LIMIT,1701969341829,2545,0.0160355
BEAMXUSDT,SELL,LIMIT,1701969347076,14645,0.0160273
BEAMXUSDT,SELL,LIMIT,1701969374751,496859,0.0159453
BEAMXUSDT,SELL,LIMIT,1701969477454,72720,0.0159433
BEAMXUSDT,SELL,LIMIT,1701969570210,63438,0.0158980
BEAMXUSDT,SELL,LIMIT,1701969975285,14679,0.0159050
BEAMXUSDT,SELL,LIMIT,1701969977366,12603,0.0158907
BEAMXUSDT,SELL,LIMIT,1701970026190,7730,0.0158295
BEAMXUSDT,SELL,LIMIT,1701970029379,41255,0.0158138
BEAMXUSDT,SELL,LIMIT,1701970278587,1207,0.0157918
BEAMXUSDT,SELL,LIMIT,1701970288465,675914,0.0156840
BEAMXUSDT,BUY,LIMIT,1701970388108,218647,0.0163453
BEAMXUSDT,BUY,LIMIT,1701970390419,1306,0.0163654
BEAMXUSDT,BUY,LIMIT,1701970391523,4616,0.0163485
BEAMXUSDT,SELL,LIMIT,1701970938302,177578,0.0158241
BEAMXUSDT,SELL,LIMIT,1701971000934,4008,0.0158026
BEAMXUSDT,SELL,LIMIT,1701971324805,35502,0.0157876
BEAMXUSDT,SELL,LIMIT,1701971692205,54649,0.0158456
BEAMXUSDT,SELL,LIMIT,1701971864269,26341,0.0158079
BEAMXUSDT,BUY,LIMIT,1701973287965,12450,0.0163764
BEAMXUSDT,SELL,LIMIT,1701973896166,32994,0.0158583
BEAMXUSDT,SELL,LIMIT,1701973972087,72429,0.0158494
BEAMXUSDT,BUY,LIMIT,1701974053755,7193,0.0163676
BEAMXUSDT,SELL,LIMIT,1701974303071,5794,0.0157677
BEAMXUSDT,SELL,LIMIT,1701974317523,6236,0.0157565
BEAMXUSDT,SELL,LIMIT,1701975315606,1217,0.0157372
BEAMXUSDT,SELL,LIMIT,1701975318157,153579,0.0157159
BEAMXUSDT,SELL,LIMIT,1701975319221,13314,0.0157191
BEAMXUSDT,SELL,LIMIT,1701975323650,55725,0.0156996
BEAMXUSDT,BUY,LIMIT,1701976084844,148002,0.0163422
BEAMXUSDT,BUY,LIMIT,1701976557053,824,0.0163800
BEAMXUSDT,SELL,LIMIT,1701977033221,55158,0.0158090
BEAMXUSDT,SELL,LIMIT,1701977164537,309015,0.0157327
BEAMXUSDT,SELL,LIMIT,1701977299370,565,0.0156723
BEAMXUSDT,SELL,LIMIT,1701977330153,219110,0.0155948
BEAMXUSDT,SELL,LIMIT,1701981237131,50741,0.0155862
BEAMXUSDT,SELL,LIMIT,1701981241414,36521,0.0155801
BEAMXUSDT,SELL,LIMIT,1701981338298,17817,0.0155650
BEAMXUSDT,SELL,LIMIT,1701981450758,2681,0.0155292
BEAMXUSDT,SELL,LIMIT,1701981459431,3250,0.0155086
BEAMXUSDT,SELL,LIMIT,1701981460514,11537,0.0154682
BEAMXUSDT,SELL,LIMIT,1701982798563,223777,0.0154150
BEAMXUSDT,SELL,LIMIT,1701982802826,581,0.0154091
BEAMXUSDT,SELL,LIMIT,1701987523506,114581,0.0154408
BEAMXUSDT,SELL,LIMIT,1701987562104,139652,0.0154173
BEAMXUSDT,SELL,LIMIT,1701987626784,34458,0.0153891
BEAMXUSDT,SELL,LIMIT,1701987640219,31750,0.0153676
BEAMXUSDT,SELL,LIMIT,1701987652531,413,0.0153646
BEAMXUSDT,SELL,LIMIT,1701987653629,11982,0.0153400
BEAMXUSDT,SELL,LIMIT,1701987664299,117650,0.0153148
BEAMXUSDT,BUY,LIMIT,1701987765516,69640,0.0158491
BEAMXUSDT,SELL,LIMIT,1701987983099,73591,0.0152833
BEAMXUSDT,SELL,LIMIT,1701988278548,31032,0.0152514
BEAMXUSDT,SELL,LIMIT,1701988279689,113120,0.0152480
BEAMXUSDT,SELL,LIMIT,1701988302779,10006,0.0152163
BEAMXUSDT,SELL,LIMIT,1701988303816,958,0.0152053
BEAMXUSDT,SELL,LIMIT,1701988308117,220063,0.0152104
BEAMXUSDT,SELL,LIMIT,1701988312064,156253,0.0152016
BEAMXUSDT,SELL,LIMIT,1701988372247,345,0.0151990
BEAMXUSDT,SELL,LIMIT,1701989009672,9951,0.0151669
BEAMXUSDT,SELL,LIMIT,1701989012128,1500,0.0151571
BEAMXUSDT,SELL,LIMIT,1701991036469,2000,0.0151517
BEAMXUSDT,SELL,LIMIT,1701991257091,627,0.0151153
BEAMXUSDT,SELL,LIMIT,1701991921378,3312,0.0151036
BEAMXUSDT,SELL,LIMIT,1701991947658,329,0.0150807
BEAMXUSDT,SELL,LIMIT,1701992919288,364,0.0150573
BEAMXUSDT,SELL,LIMIT,1701992920375,7423,0.0150261
BEAMXUSDT,SELL,LIMIT,1701992921421,11576,0.0150284
BEAMXUSDT,SELL,LIMIT,1701992923052,6614,0.0149474
BEAMXUSDT,SELL,LIMIT,1701993470683,62767,0.0149765
BEAMXUSDT,SELL,LIMIT,1701993905078,265918,0.0149553
BEAMXUSDT,SELL,LIMIT,1701994045540,6259,0.0149483
BEAMXUSDT,SELL,LIMIT,1701994054296,1224,0.0149344
BEAMXUSDT,SELL,LIMIT,1701994201146,3992,0.0148971
BEAMXUSDT,SELL,LIMIT,1701994238666,5791,0.0148738
BEAMXUSDT,SELL,LIMIT,1701994240148,5955,0.0148563
BEAMXUSDT,SELL,LIMIT,1701994244307,382,0.0148510
BEAMXUSDT,SELL,LIMIT,1701994263111,122278,0.0148484
BEAMXUSDT,SELL,LIMIT,1701994803052,15648,0.0148711
BEAMXUSDT,BUY,LIMIT,1701995372114,57909,0.0154368
BEAMXUSDT,SELL,LIMIT,1701995983766,102903,0.0148403
BEAMXUSDT,SELL,LIMIT,1701996046613,286447,0.0148394
BEAMXUSDT,SELL,LIMIT,1701996063943,56547,0.0148282
BEAMXUSDT,SELL,LIMIT,1701997190415,502,0.0148019
BEAMXUSDT,SELL,LIMIT,1701997265910,40626,0.0148008
BEAMXUSDT,SELL,LIMIT,1701997638204,12082,0.0147573
BEAMXUSDT,SELL,LIMIT,1701997639275,1258,0.0147614
BEAMXUSDT,SELL,LIMIT,1701997640345,300000,0.0147314
BEAMXUSDT,SELL,LIMIT,1701997641952,808,0.0147243
BEAMXUSDT,SELL,LIMIT,1701997645168,150048,0.0147141
BEAMXUSDT,SELL,LIMIT,1701997646494,386,0.0147137
BEAMXUSDT,SELL,LIMIT,1701997669643,9469,0.0146921
BEAMXUSDT,SELL,LIMIT,1701997708146,1841,0.0146674
BEAMXUSDT,SELL,LIMIT,1701997709564,1543,0.0146305
BEAMXUSDT,SELL,LIMIT,1701997721075,3600,0.0146194
BEAMXUSDT,SELL,LIMIT,1701997726119,12263,0.0146140
BEAMXUSDT,SELL,LIMIT,1701997727233,72015,0.0146092
BEAMXUSDT,SELL,LIMIT,1701997730703,13391,0.0145866
BEAMXUSDT,BUY,LIMIT,1701998183524,101219,0.0151181
BEAMXUSDT,SELL,LIMIT,1701998921772,14348,0.0146342
BEAMXUSDT,SELL,LIMIT,1702001571381,68630,0.0145477
BEAMXUSDT,SELL,LIMIT,1702001667749,37364,0.0145128
BEAMXUSDT,SELL,LIMIT,1702002825114,6218,0.0144581
BEAMXUSDT,SELL,LIMIT,1702002826148,755,0.0144627
BEAMXUSDT,SELL,LIMIT,1702002830045,1246,0.0144298
BEAMXUSDT,SELL,LIMIT,1702002850062,41828,0.0143602
BEAMXUSDT,SELL,LIMIT,1702002851069,40372,0.0143719
BEAMXUSDT,SELL,LIMIT,1702002854452,3648,0.0143294
BEAMXUSDT,SELL,LIMIT,1702002856698,4738,0.0143364
BEAMXUSDT,SELL,LIMIT,1702002925540,85691,0.0142594
BEAMXUSDT,SELL,LIMIT,1702002961527,29560,0.0142322
BEAMXUSDT,SELL,LIMIT,1702003653896,26421,0.0142441
BEAMXUSDT,SELL,LIMIT,1702003741918,9546,0.0142073
BEAMXUSDT,BUY,LIMIT,1702005334224,104144,0.0148202
BEAMXUSDT,BUY,LIMIT,1702008918493,3940,0.0148308
BEAMXUSDT,BUY,LIMIT,1702009042507,382,0.0149476
BEAMXUSDT,BUY,LIMIT,1702009050132,6822,0.0149603
BEAMXUSDT,BUY,LIMIT,1702009067106,19277,0.0150030
BEAMXUSDT,SELL,LIMIT,1702009485395,40834,0.0168014
BEAMXUSDT,BUY,LIMIT,1702010327917,417,0.0149773
BEAMXUSDT,SELL,LIMIT,1702012013105,35413,0.0145195
BEAMXUSDT,SELL,LIMIT,1702012030946,132967,0.0144989
BEAMXUSDT,BUY,LIMIT,1702012451919,87554,0.0149855
BEAMXUSDT,BUY,LIMIT,1702013355463,3184,0.0151410
BEAMXUSDT,BUY,LIMIT,1702013447247,6908,0.0152028
BEAMXUSDT,BUY,LIMIT,1702014212806,6640,0.0152823
BEAMXUSDT,BUY,LIMIT,1702014219864,467,0.0152895
BEAMXUSDT,BUY,LIMIT,1702014223337,686,0.0152969
BEAMXUSDT,BUY,LIMIT,1702015894511,19518,0.0153903
BEAMXUSDT,BUY,LIMIT,1702015981302,1803,0.0154324
BEAMXUSDT,BUY,LIMIT,1702017299990,21103,0.0155255
BEAMXUSDT,BUY,LIMIT,1702017446177,23492,0.0156614
BEAMXUSDT,BUY,LIMIT,1702017824705,9181,0.0156910
BEAMXUSDT,SELL,LIMIT,1702019027597,76149,0.0148352
BEAMXUSDT,SELL,LIMIT,1702019423091,23392,0.0148110
BEAMXUSDT,SELL,LIMIT,1702019676233,26565,0.0147286
BEAMXUSDT,BUY,LIMIT,1702021582138,66915,0.0153518
BEAMXUSDT,SELL,LIMIT,1702021978426,12938,0.0147434
BEAMXUSDT,SELL,LIMIT,1702022893560,34419,0.0147016
BEAMXUSDT,BUY,LIMIT,1702023174324,27381,0.0151995
BEAMXUSDT,BUY,LIMIT,1702023450842,441,0.0152690
BEAMXUSDT,BUY,LIMIT,1702023543182,13164,0.0153000
BEAMXUSDT,SELL,LIMIT,1702024265537,7283,0.0147725
BEAMXUSDT,SELL,LIMIT,1702024814511,1252,0.0147176
BEAMXUSDT,SELL,LIMIT,1702025257248,559,0.0145838
BEAMXUSDT,SELL,LIMIT,1702025312884,51778,0.0145677
BEAMXUSDT,BUY,LIMIT,1702025568130,22784,0.0150472
BEAMXUSDT,BUY,LIMIT,1702025704079,14855,0.0150691
BEAMXUSDT,BUY,LIMIT,1702026096313,338748,0.0150790
BEAMXUSDT,BUY,LIMIT,1702026172180,4432,0.0150930
BEAMXUSDT,BUY,LIMIT,1702027036467,2828,0.0151399
BEAMXUSDT,BUY,LIMIT,1702027447803,14815,0.0151995
BEAMXUSDT,SELL,LIMIT,1702034924059,1331,0.0147744
BEAMXUSDT,BUY,LIMIT,1702036123236,13646,0.0153235
BEAMXUSDT,SELL,LIMIT,1702036601594,4107,0.0148685
BEAMXUSDT,SELL,LIMIT,1702036618191,23396,0.0148336
BEAMXUSDT,SELL,LIMIT,1702037074754,334,0.0147248
BEAMXUSDT,BUY,LIMIT,1702037158489,11273,0.0152751
BEAMXUSDT,BUY,LIMIT,1702037766075,16792,0.0154599
BEAMXUSDT,BUY,LIMIT,1702037780410,35209,0.0154708
BEAMXUSDT,BUY,LIMIT,1702037811766,2116,0.0155362
BEAMXUSDT,BUY,LIMIT,1702037841126,1263,0.0156181
BEAMXUSDT,BUY,LIMIT,1702037843681,13573,0.0157231
BEAMXUSDT,BUY,LIMIT,1702037845333,318994,0.0157360
BEAMXUSDT,BUY,LIMIT,1702037856582,63028,0.0157724
BEAMXUSDT,BUY,LIMIT,1702037865059,350,0.0157881
BEAMXUSDT,BUY,LIMIT,1702037866246,628,0.0157907
BEAMXUSDT,BUY,LIMIT,1702037874427,69733,0.0158096
BEAMXUSDT,BUY,LIMIT,1702037881345,49657,0.0158585
BEAMXUSDT,BUY,LIMIT,1702037882619,114160,0.0159651
BEAMXUSDT,BUY,LIMIT,1702037883984,16909,0.0160184
BEAMXUSDT,BUY,LIMIT,1702037885441,7115,0.0160502
BEAMXUSDT,BUY,LIMIT,1702037941056,783,0.0160887
BEAMXUSDT,SELL,LIMIT,1702038076527,50075,0.0153573
BEAMXUSDT,SELL,LIMIT,1702038659779,5974,0.0152499
BEAMXUSDT,SELL,LIMIT,1702038685111,12773,0.0152294
BEAMXUSDT,BUY,LIMIT,1702040175529,58990,0.0157841
BEAMXUSDT,BUY,LIMIT,1702040289140,32667,0.0158248
BEAMXUSDT,BUY,LIMIT,1702040515280,9028,0.0159098
BEAMXUSDT,BUY,LIMIT,1702042129910,312,0.0157401
BEAMXUSDT,SELL,LIMIT,1702042238206,507,0.0152398
BEAMXUSDT,SELL,LIMIT,1702042616286,108435,0.0151359
BEAMXUSDT,SELL,LIMIT,1702042620024,44976,0.0151246
BEAMXUSDT,SELL,LIMIT,1702042776700,57553,0.0150493
BEAMXUSDT,SELL,LIMIT,1702043714535,49294,0.0150510
BEAMXUSDT,SELL,LIMIT,1702044547346,40701,0.0149988
BEAMXUSDT,SELL,LIMIT,1702047190701,39840,0.0153442
BEAMXUSDT,SELL,LIMIT,1702047621502,5468,0.0153759
BEAMXUSDT,SELL,LIMIT,1702048057559,27634,0.0153060
BEAMXUSDT,BUY,LIMIT,1702048850492,19572,0.0157616
BEAMXUSDT,SELL,LIMIT,1702049535481,3169,0.0152098
BEAMXUSDT,SELL,LIMIT,1702050690375,14356,0.0152708
BEAMXUSDT,SELL,LIMIT,1702051840249,33190,0.0153089
BEAMXUSDT,SELL,LIMIT,1702054317205,10271,0.0151161
BEAMXUSDT,SELL,LIMIT,1702055229079,624,0.0150814
BEAMXUSDT,SELL,LIMIT,1702055270233,15683,0.0150591
BEAMXUSDT,SELL,LIMIT,1702055283424,1568,0.0150427
BEAMXUSDT,SELL,LIMIT,1702055298608,4376,0.0150272
BEAMXUSDT,SELL,LIMIT,1702055473500,1029,0.0150714
BEAMXUSDT,BUY,LIMIT,1702058452084,3106,0.0155447
BEAMXUSDT,SELL,LIMIT,1702058925055,3908,0.0150087
BEAMXUSDT,SELL,LIMIT,1702059224339,10598,0.0149268
BEAMXUSDT,BUY,LIMIT,1702061341935,118811,0.0154522
BEAMXUSDT,SELL,LIMIT,1702061713111,36234,0.0149781
BEAMXUSDT,BUY,LIMIT,1702062936864,736,0.0155147
BEAMXUSDT,SELL,LIMIT,1702067564408,44901,0.0150854
BEAMXUSDT,SELL,LIMIT,1702067767017,437,0.0150339
BEAMXUSDT,SELL,LIMIT,1702067779405,59139,0.0150168
BEAMXUSDT,SELL,LIMIT,1702070427265,2643,0.0151238
BEAMXUSDT,BUY,LIMIT,1702070562089,2514,0.0157244
BEAMXUSDT,SELL,LIMIT,1702070753964,322684,0.0151882
BEAMXUSDT,BUY,LIMIT,1702075115273,355,0.0157595
BEAMXUSDT,BUY,LIMIT,1702075605304,30948,0.0158277
BEAMXUSDT,BUY,LIMIT,1702076560410,16499,0.0158802
BEAMXUSDT,BUY,LIMIT,1702076569294,19047,0.0159056
BEAMXUSDT,BUY,LIMIT,1702076580758,122691,0.0159600
BEAMXUSDT,BUY,LIMIT,1702076824129,1244,0.0159742
BEAMXUSDT,BUY,LIMIT,1702078593073,1659,0.0159743
BEAMXUSDT,BUY,LIMIT,1702078607479,6732,0.0159606
BEAMXUSDT,BUY,LIMIT,1702078668955,5352,0.0159832
BEAMXUSDT,SELL,LIMIT,1702079281533,2089,0.0152882
BEAMXUSDT,SELL,LIMIT,1702079283233,41992,0.0152851
BEAMXUSDT,SELL,LIMIT,1702079576221,185215,0.0152241
BEAMXUSDT,SELL,LIMIT,1702080124224,2142,0.0152042
BEAMXUSDT,SELL,LIMIT,1702080190269,3169,0.0151385
BEAMXUSDT,BUY,LIMIT,1702080235703,11913,0.0155832
BEAMXUSDT,BUY,LIMIT,1702081529720,12506,0.0156289
BEAMXUSDT,SELL,LIMIT,1702081614014,852,0.0151156
BEAMXUSDT,BUY,LIMIT,1702083188473,37425,0.0157343
BEAMXUSDT,SELL,LIMIT,1702083511276,5403,0.0154261
BEAMXUSDT,BUY,LIMIT,1702083816865,8678,0.0159623
BEAMXUSDT,SELL,LIMIT,1702084185159,1278,0.0153271
BEAMXUSDT,BUY,LIMIT,1702084200891,1676,0.0157672
BEAMXUSDT,BUY,LIMIT,1702085881445,6328,0.0160624
BEAMXUSDT,BUY,LIMIT,1702085910343,7838,0.0160371
BEAMXUSDT,BUY,LIMIT,1702088303386,6826,0.0161160
BEAMXUSDT,BUY,LIMIT,1702088376219,12427,0.0161880
BEAMXUSDT,SELL,LIMIT,1702093242919,2412,0.0154700
BEAMXUSDT,BUY,LIMIT,1702099808855,1000,0.0160231
BEAMXUSDT,BUY,LIMIT,1702100101333,2695,0.0161743
BEAMXUSDT,BUY,LIMIT,1702100102775,24046,0.0161791
BEAMXUSDT,BUY,LIMIT,1702100464724,60841,0.0162658
BEAMXUSDT,BUY,LIMIT,1702100831074,32781,0.0163137
BEAMXUSDT,BUY,LIMIT,1702100833332,24098,0.0163313
BEAMXUSDT,BUY,LIMIT,1702100936670,67114,0.0163987
BEAMXUSDT,BUY,LIMIT,1702101200168,31903,0.0164007
BEAMXUSDT,BUY,LIMIT,1702101585169,1710,0.0164451
BEAMXUSDT,BUY,LIMIT,1702101644542,2131,0.0164596
BEAMXUSDT,BUY,LIMIT,1702101767688,32817,0.0164966
BEAMXUSDT,BUY,LIMIT,1702101822235,465,0.0165350
BEAMXUSDT,BUY,LIMIT,1702101832838,29384,0.0165468
BEAMXUSDT,SELL,LIMIT,1702101941207,60111,0.0159862
BEAMXUSDT,SELL,LIMIT,1702103066987,32493,0.0158896
BEAMXUSDT,BUY,LIMIT,1702103452123,98036,0.0164587
BEAMXUSDT,BUY,LIMIT,1702103513092,5689,0.0164920
BEAMXUSDT,SELL,LIMIT,1702104295896,15885,0.0158446
BEAMXUSDT,SELL,LIMIT,1702108071523,20797,0.0157026
BEAMXUSDT,SELL,LIMIT,1702108106452,39551,0.0156651
BEAMXUSDT,BUY,LIMIT,1702109220029,10196,0.0162886
BEAMXUSDT,BUY,LIMIT,1702109371915,2275,0.0163826
BEAMXUSDT,SELL,LIMIT,1702109722635,1276,0.0161119
BEAMXUSDT,BUY,LIMIT,1702109725098,13522,0.0162997
BEAMXUSDT,BUY,LIMIT,1702109747578,230084,0.0164498
BEAMXUSDT,BUY,LIMIT,1702109771759,19808,0.0164704
BEAMXUSDT,BUY,LIMIT,1702109775928,20000,0.0164722
BEAMXUSDT,BUY,LIMIT,1702109780749,688,0.0164744
BEAMXUSDT,BUY,LIMIT,1702109979244,9099,0.0163590
BEAMXUSDT,BUY,LIMIT,1702109980947,92236,0.0163813
BEAMXUSDT,BUY,LIMIT,1702110088725,1069,0.0164697
BEAMXUSDT,BUY,LIMIT,1702110217397,622,0.0164663
BEAMXUSDT,SELL,LIMIT,1702110861395,974,0.0159371
BEAMXUSDT,SELL,LIMIT,1702110997857,3655,0.0157510
BEAMXUSDT,SELL,LIMIT,1702111029135,3134,0.0156967
BEAMXUSDT,SELL,LIMIT,1702111045079,12334,0.0156594
BEAMXUSDT,SELL,LIMIT,1702111358491,79134,0.0154860
BEAMXUSDT,SELL,LIMIT,1702111382389,1514,0.0155128
BEAMXUSDT,SELL,LIMIT,1702111387563,12310,0.0154286
BEAMXUSDT,SELL,LIMIT,1702114024455,33437,0.0158285
BEAMXUSDT,SELL,LIMIT,1702114300067,9031,0.0157068
BEAMXUSDT,SELL,LIMIT,1702115572249,18159,0.0154367
BEAMXUSDT,SELL,LIMIT,1702115604081,7817,0.0153562
BEAMXUSDT,SELL,LIMIT,1702115673506,193523,0.0152718
BEAMXUSDT,SELL,LIMIT,1702117304268,3201,0.0153057
BEAMXUSDT,BUY,LIMIT,1702120356894,12930,0.0163243
BEAMXUSDT,SELL,LIMIT,1702121663122,645,0.0158406
BEAMXUSDT,BUY,LIMIT,1702123176302,7231,0.0164585
BEAMXUSDT,BUY,LIMIT,1702123449168,13831,0.0165140
BEAMXUSDT,BUY,LIMIT,1702123811161,4464,0.0165883
BEAMXUSDT,BUY,LIMIT,1702123999128,784,0.0166578
BEAMXUSDT,BUY,LIMIT,1702124010172,838,0.0166707
BEAMXUSDT,SELL,LIMIT,1702124133258,310,0.0160787
BEAMXUSDT,BUY,LIMIT,1702124935362,604,0.0167050
BEAMXUSDT,BUY,LIMIT,1702124946424,7387,0.0167141
BEAMXUSDT,SELL,LIMIT,1702125012150,13457,0.0160814
BEAMXUSDT,BUY,LIMIT,1702125334217,3713,0.0167198
BEAMXUSDT,BUY,LIMIT,1702125985209,243176,0.0167649
BEAMXUSDT,BUY,LIMIT,1702126016313,30944,0.0167811
BEAMXUSDT,BUY,LIMIT,1702126022948,1249,0.0167949
BEAMXUSDT,BUY,LIMIT,1702126066270,437,0.0168188
BEAMXUSDT,BUY,LIMIT,1702126479124,62340,0.0168400
BEAMXUSDT,BUY,LIMIT,1702126486702,18561,0.0168581
BEAMXUSDT,BUY,LIMIT,1702126586087,7734,0.0168096
BEAMXUSDT,BUY,LIMIT,1702126639103,339,0.0168785
BEAMXUSDT,BUY,LIMIT,1702126675944,1279,0.0169040
BEAMXUSDT,BUY,LIMIT,1702126718325,189511,0.0169466
BEAMXUSDT,BUY,LIMIT,1702126722155,45207,0.0169583
BEAMXUSDT,SELL,LIMIT,1702127234896,17910,0.0164053
BEAMXUSDT,BUY,LIMIT,1702127255403,32161,0.0169791
BEAMXUSDT,SELL,LIMIT,1702127713386,164242,0.0162918
BEAMXUSDT,BUY,LIMIT,1702127785905,10240,0.0169484
BEAMXUSDT,BUY,LIMIT,1702127957979,13248,0.0170311
BEAMXUSDT,BUY,LIMIT,1702128037585,34631,0.0170490
BEAMXUSDT,BUY,LIMIT,1702128431082,12927,0.0170591
BEAMXUSDT,SELL,LIMIT,1702129029046,74597,0.0163876
BEAMXUSDT,SELL,LIMIT,1702129046038,527,0.0163697
BEAMXUSDT,SELL,LIMIT,1702129047197,1297,0.0163117
BEAMXUSDT,SELL,LIMIT,1702129108757,20470,0.0161988
BEAMXUSDT,SELL,LIMIT,1702130657606,3034,0.0162007
BEAMXUSDT,BUY,LIMIT,1702131037302,1978,0.0168776
BEAMXUSDT,BUY,LIMIT,1702131351505,1823,0.0170323
BEAMXUSDT,BUY,LIMIT,1702132227890,14892,0.0171086
BEAMXUSDT,BUY,LIMIT,1702132305040,4523,0.0171429
BEAMXUSDT,BUY,LIMIT,1702132324720,39606,0.0171543
BEAMXUSDT,BUY,LIMIT,1702132377899,5426,0.0172349
BEAMXUSDT,BUY,LIMIT,1702132459952,170310,0.0172996
BEAMXUSDT,BUY,LIMIT,1702132507587,49187,0.0173220
BEAMXUSDT,BUY,LIMIT,1702132508653,6290,0.0173385
BEAMXUSDT,BUY,LIMIT,1702132510452,6929,0.0173861
BEAMXUSDT,BUY,LIMIT,1702132525117,10714,0.0174013
BEAMXUSDT,BUY,LIMIT,1702132528063,3940,0.0174252
BEAMXUSDT,BUY,LIMIT,1702132532068,63961,0.0174266
BEAMXUSDT,BUY,LIMIT,1702132535444,12556,0.0174961
BEAMXUSDT,BUY,LIMIT,1702132538389,11463,0.0175055
BEAMXUSDT,BUY,LIMIT,1702132548343,83474,0.0175496
BEAMXUSDT,BUY,LIMIT,1702132549907,272465,0.0175621
BEAMXUSDT,BUY,LIMIT,1702132552043,336317,0.0175978
BEAMXUSDT,BUY,LIMIT,1702132553659,106855,0.0175849
BEAMXUSDT,BUY,LIMIT,1702132578619,2468,0.0176403
BEAMXUSDT,SELL,LIMIT,1702132610313,72174,0.0169476
BEAMXUSDT,SELL,LIMIT,1702132895590,125272,0.0168172
