Symbol,Side,Order Type,Time,Quantity,Price
BEAMXUSDT,BUY,LIMIT,1701067263002,2461,0.0093187
BEAMXUSDT,BUY,LIMIT,1701067271146,794,0.0080144
BEAMXUSDT,BUY,LIMIT,1701067632592,76961,0.0093763
BEAMXUSDT,SELL,LIMIT,1701067696200,54671,0.0090441
BEAMXUSDT,BUY,LIMIT,1701067746401,31080,0.0092872
BEAMXUSDT,SELL,LIMIT,1701067837745,4223,0.0090199
BEAMXUSDT,SELL,LIMIT,1701068072161,55893,0.0089749
BEAMXUSDT,SELL,LIMIT,1701068996867,84075,0.0090242
BEAMXUSDT,BUY,LIMIT,1701068998143,544,0.0092517
BEAMXUSDT,SELL,LIMIT,1701069486050,225960,0.0089332
BEAMXUSDT,SELL,LIMIT,1701069522953,813,0.0089087
BEAMXUSDT,SELL,LIMIT,1701069531694,6985,0.0089065
BEAMXUSDT,SELL,LIMIT,1701069572136,3077,0.0088951
BEAMXUSDT,SELL,LIMIT,1701069576077,19283,0.0088756
BEAMXUSDT,SELL,LIMIT,1701069797990,294521,0.0088777
BEAMXUSDT,SELL,LIMIT,1701069857277,524719,0.0088832
BEAMXUSDT,SELL,LIMIT,1701069859066,17128,0.0088622
BEAMXUSDT,SELL,LIMIT,1701069900292,11269,0.0088578
BEAMXUSDT,SELL,LIMIT,1701069901989,9824,0.0088572
BEAMXUSDT,SELL,LIMIT,1701070620167,127928,0.0088213
BEAMXUSDT,SELL,LIMIT,1701070636634,7094,0.0088200
BEAMXUSDT,BUY,LIMIT,1701073168171,2530,0.0091993
BEAMXUSDT,BUY,LIMIT,1701073288351,82192,0.0092100
BEAMXUSDT,SELL,LIMIT,1701074789912,7237,0.0088684
BEAMXUSDT,SELL,LIMIT,1701074979214,3516,0.0088276
BEAMXUSDT,BUY,LIMIT,1701076917112,102627,0.0092841
BEAMXUSDT,BUY,LIMIT,1701079158748,130217,0.0093113
BEAMXUSDT,SELL,LIMIT,1701081664187,7009,0.0089368
BEAMXUSDT,SELL,LIMIT,1701082654050,1116,0.0089831
BEAMXUSDT,SELL,LIMIT,1701082696926,5122,0.0089547
BEAMXUSDT,SELL,LIMIT,1701082699567,3063,0.0089538
BEAMXUSDT,BUY,LIMIT,1701082975419,21708,0.0092825
BEAMXUSDT,BUY,LIMIT,1701084149294,226009,0.0093451
BEAMXUSDT,SELL,LIMIT,1701085728512,24121,0.0090095
BEAMXUSDT,BUY,LIMIT,1701088389863,85057,0.0093240
BEAMXUSDT,SELL,LIMIT,1701088694643,64082,0.0089551
BEAMXUSDT,SELL,LIMIT,1701092713022,1361,0.0090501
BEAMXUSDT,BUY,LIMIT,1701093589497,579,0.0094332
BEAMXUSDT,BUY,LIMIT,1701093806332,4825,0.0095550
BEAMXUSDT,BUY,LIMIT,1701093809898,11284,0.0095631
BEAMXUSDT,BUY,LIMIT,1701093839618,15000,0.0095869
BEAMXUSDT,SELL,LIMIT,1701094565314,744,0.0092077
BEAMXUSDT,SELL,LIMIT,1701096925712,16335,0.0091653
BEAMXUSDT,SELL,LIMIT,1701097024527,3203,0.0091416
BEAMXUSDT,SELL,LIMIT,1701100185202,2738,0.0089237
BEAMXUSDT,SELL,LIMIT,1701100294668,25514,0.0089056
BEAMXUSDT,SELL,LIMIT,1701101032174,387090,0.0088922
BEAMXUSDT,SELL,LIMIT,1701101174314,89722,0.0088385
BEAMXUSDT,SELL,LIMIT,1701101177208,2048,0.0088346
BEAMXUSDT,SELL,LIMIT,1701101236657,29251,0.0089565
BEAMXUSDT,SELL,LIMIT,1701101680533,6222,0.0088173
BEAMXUSDT,SELL,LIMIT,1701101698664,9276,0.0088020
BEAMXUSDT,SELL,LIMIT,1701101712699,160329,0.0087986
BEAMXUSDT,SELL,LIMIT,1701101730304,524348,0.0087915
BEAMXUSDT,SELL,LIMIT,1701101803372,141406,0.0087836
BEAMXUSDT,SELL,LIMIT,1701101814135,41721,0.0087822
BEAMXUSDT,SELL,LIMIT,1701101822865,283990,0.0087563
BEAMXUSDT,SELL,LIMIT,1701101827294,4082,0.0087533
BEAMXUSDT,SELL,LIMIT,1701101843287,11151,0.0087469
BEAMXUSDT,SELL,LIMIT,1701101844963,4043,0.0087452
BEAMXUSDT,SELL,LIMIT,1701101871042,16198,0.0087388
BEAMXUSDT,SELL,LIMIT,1701101872266,50938,0.0087307
BEAMXUSDT,SELL,LIMIT,1701101874981,25415,0.0087239
BEAMXUSDT,SELL,LIMIT,1701101905077,423636,0.0087173
BEAMXUSDT,SELL,LIMIT,1701102140104,44809,0.0086796
BEAMXUSDT,SELL,LIMIT,1701102141897,400983,0.0086755
BEAMXUSDT,SELL,LIMIT,1701102157791,540277,0.0086643
BEAMXUSDT,SELL,LIMIT,1701102393881,16409,0.0086575
BEAMXUSDT,SELL,LIMIT,1701102402063,18810,0.0086543
BEAMXUSDT,SELL,LIMIT,1701102410049,16985,0.0086442
BEAMXUSDT,SELL,LIMIT,1701102520253,103720,0.0086152
BEAMXUSDT,SELL,LIMIT,1701102603820,2521,0.0086080
BEAMXUSDT,SELL,LIMIT,1701106832493,113610,0.0085926
BEAMXUSDT,SELL,LIMIT,1701107049365,57631,0.0085886
BEAMXUSDT,SELL,LIMIT,1701107071458,130000,0.0085779
BEAMXUSDT,SELL,LIMIT,1701107442431,6337,0.0085543
BEAMXUSDT,SELL,LIMIT,1701107443448,1881,0.0085542
BEAMXUSDT,SELL,LIMIT,1701107444600,49396,0.0085519
BEAMXUSDT,SELL,LIMIT,1701107447323,62272,0.0085379
BEAMXUSDT,SELL,LIMIT,1701107470112,35726,0.0085384
BEAMXUSDT,SELL,LIMIT,1701107641320,862,0.0085229
BEAMXUSDT,SELL,LIMIT,1701107791048,53310,0.0085147
BEAMXUSDT,SELL,LIMIT,1701107802508,174215,0.0085091
BEAMXUSDT,SELL,LIMIT,1701108359398,6445,0.0085063
BEAMXUSDT,SELL,LIMIT,1701108641611,433025,0.0085350
BEAMXUSDT,SELL,LIMIT,1701108931566,78801,0.0084750
BEAMXUSDT,BUY,LIMIT,1701109184979,28992,0.0087922
BEAMXUSDT,SELL,LIMIT,1701109470069,14644,0.0084669
BEAMXUSDT,SELL,LIMIT,1701109573479,31256,0.0084513
BEAMXUSDT,SELL,LIMIT,1701109579103,2252,0.0084401
BEAMXUSDT,SELL,LIMIT,1701109768473,10577,0.0084267
BEAMXUSDT,SELL,LIMIT,1701110349801,50216,0.0084051
BEAMXUSDT,SELL,LIMIT,1701110403932,545570,0.0084001
BEAMXUSDT,SELL,LIMIT,1701110445026,1954,0.0083846
BEAMXUSDT,SELL,LIMIT,1701110450068,361993,0.0083842
BEAMXUSDT,SELL,LIMIT,1701110498823,19639,0.0083743
BEAMXUSDT,SELL,LIMIT,1701110750788,231409,0.0083610
BEAMXUSDT,SELL,LIMIT,1701111176128,13378,0.0083619
BEAMXUSDT,SELL,LIMIT,1701111190587,290258,0.0083530
BEAMXUSDT,SELL,LIMIT,1701111192380,182641,0.0083523
BEAMXUSDT,SELL,LIMIT,1701111472853,415262,0.0083444
BEAMXUSDT,SELL,LIMIT,1701111483384,20878,0.0083328
BEAMXUSDT,SELL,LIMIT,1701111633056,9534,0.0083160
BEAMXUSDT,SELL,LIMIT,1701111636962,12455,0.0083103
BEAMXUSDT,SELL,LIMIT,1701111921202,121620,0.0083282
BEAMXUSDT,SELL,LIMIT,1701112053704,2788,0.0083332
BEAMXUSDT,SELL,LIMIT,1701112159192,11101,0.0083282
BEAMXUSDT,BUY,LIMIT,1701112655589,103131,0.0086430
BEAMXUSDT,SELL,LIMIT,1701114266119,153846,0.0084511
BEAMXUSDT,SELL,LIMIT,1701114352849,877,0.0084416
BEAMXUSDT,SELL,LIMIT,1701114495233,22715,0.0084198
BEAMXUSDT,SELL,LIMIT,1701114513246,40570,0.0084132
BEAMXUSDT,BUY,LIMIT,1701115987279,2084,0.0087344
BEAMXUSDT,BUY,LIMIT,1701116381951,1316,0.0087590
BEAMXUSDT,BUY,LIMIT,1701118107189,12423,0.0087839
BEAMXUSDT,BUY,LIMIT,1701119466117,61129,0.0089300
BEAMXUSDT,BUY,LIMIT,1701121735575,22591,0.0086029
BEAMXUSDT,BUY,LIMIT,1701132082090,84576,0.0089635
BEAMXUSDT,SELL,LIMIT,1701136166335,26757,0.0086553
BEAMXUSDT,SELL,LIMIT,1701145598931,8379,0.0086497
BEAMXUSDT,SELL,LIMIT,1701145667895,29735,0.0086803
BEAMXUSDT,SELL,LIMIT,1701147895950,126442,0.0085405
BEAMXUSDT,SELL,LIMIT,1701149147653,269404,0.0084692
BEAMXUSDT,SELL,LIMIT,1701150536183,558195,0.0084239
BEAMXUSDT,SELL,LIMIT,1701151130448,13670,0.0083944
BEAMXUSDT,BUY,LIMIT,1701153277748,5373,0.0087625
BEAMXUSDT,SELL,LIMIT,1701156448343,4694,0.0084670
BEAMXUSDT,BUY,LIMIT,1701158094615,5073,0.0087748
BEAMXUSDT,SELL,LIMIT,1701160180560,300971,0.0084020
BEAMXUSDT,BUY,LIMIT,1701160457145,50000,0.0086686
BEAMXUSDT,SELL,LIMIT,1701160928682,105396,0.0083900
BEAMXUSDT,SELL,LIMIT,1701160952125,762780,0.0083618
BEAMXUSDT,SELL,LIMIT,1701160962452,1016,0.0083672
BEAMXUSDT,SELL,LIMIT,1701160989879,6895,0.0083581
BEAMXUSDT,SELL,LIMIT,1701161082174,941348,0.0082980
BEAMXUSDT,BUY,LIMIT,1701164558742,169727,0.0086818
BEAMXUSDT,SELL,LIMIT,1701165913052,304319,0.0084063
BEAMXUSDT,BUY,LIMIT,1701171040145,619605,0.0088230
BEAMXUSDT,SELL,LIMIT,1701174243990,81504,0.0085936
BEAMXUSDT,SELL,LIMIT,1701174294865,3982,0.0085818
BEAMXUSDT,BUY,LIMIT,1701177377889,1045,0.0090413
BEAMXUSDT,BUY,LIMIT,1701177390559,11218,0.0090432
BEAMXUSDT,BUY,LIMIT,1701177525196,151018,0.0090799
BEAMXUSDT,BUY,LIMIT,1701177584034,8278,0.0090856
BEAMXUSDT,BUY,LIMIT,1701177603584,17092,0.0090993
BEAMXUSDT,BUY,LIMIT,1701177623496,2702,0.0091099
BEAMXUSDT,BUY,LIMIT,1701179077780,2237,0.0091579
BEAMXUSDT,BUY,LIMIT,1701187772189,44607,0.0091954
BEAMXUSDT,BUY,LIMIT,1701189177820,162159,0.0093567
BEAMXUSDT,BUY,LIMIT,1701189179093,2569,0.0093594
BEAMXUSDT,BUY,LIMIT,1701189419055,26316,0.0093824
BEAMXUSDT,BUY,LIMIT,1701189804437,7809,0.0093830
BEAMXUSDT,SELL,LIMIT,1701190048470,182125,0.0091271
BEAMXUSDT,BUY,LIMIT,1701190654070,25000,0.0095045
BEAMXUSDT,BUY,LIMIT,1701195236511,34347,0.0094702
BEAMXUSDT,BUY,LIMIT,1701195840797,44163,0.0095601
BEAMXUSDT,BUY,LIMIT,1701197253760,8757,0.0095933
BEAMXUSDT,BUY,LIMIT,1701197374554,5130,0.0096676
BEAMXUSDT,SELL,LIMIT,1701197798011,39857,0.0093253
BEAMXUSDT,BUY,LIMIT,1701197838335,818,0.0096120
BEAMXUSDT,BUY,LIMIT,1701197859770,100340,0.0096052
BEAMXUSDT,SELL,LIMIT,1701199641521,573,0.0091728
BEAMXUSDT,SELL,LIMIT,1701204026041,4542,0.0091113
BEAMXUSDT,SELL,LIMIT,1701207132915,734,0.0092715
BEAMXUSDT,SELL,LIMIT,1701209121263,11414,0.0091964
BEAMXUSDT,SELL,LIMIT,1701214480286,116970,0.0091474
BEAMXUSDT,BUY,LIMIT,1701226457181,29310,0.0095408
BEAMXUSDT,SELL,LIMIT,1701231558717,11111,0.0091499
BEAMXUSDT,SELL,LIMIT,1701235127881,279952,0.0090944
BEAMXUSDT,SELL,LIMIT,1701239307257,4203,0.0089967
BEAMXUSDT,BUY,LIMIT,1701242604870,3925,0.0094895
BEAMXUSDT,SELL,LIMIT,1701243502334,191623,0.0091707
BEAMXUSDT,BUY,LIMIT,1701245131684,7664,0.0095557
BEAMXUSDT,BUY,LIMIT,1701245550633,35126,0.0096354
BEAMXUSDT,BUY,LIMIT,1701246113188,7804,0.0096359
BEAMXUSDT,BUY,LIMIT,1701247074101,42846,0.0098269
BEAMXUSDT,BUY,LIMIT,1701248659549,919,0.0097318
BEAMXUSDT,SELL,LIMIT,1701248850362,10303,0.0094425
BEAMXUSDT,SELL,LIMIT,1701253595000,89294,0.0091411
BEAMXUSDT,SELL,LIMIT,1701253606125,1382,0.0091223
BEAMXUSDT,SELL,LIMIT,1701253682390,538677,0.0090984
BEAMXUSDT,SELL,LIMIT,1701254286387,6526,0.0090850
BEAMXUSDT,SELL,LIMIT,1701254556522,99604,0.0090366
BEAMXUSDT,BUY,LIMIT,1701254805301,21123,0.0093122
BEAMXUSDT,SELL,LIMIT,1701255740027,64009,0.0090469
BEAMXUSDT,SELL,LIMIT,1701265533730,149941,0.0089842
BEAMXUSDT,SELL,LIMIT,1701266604271,3968,0.0089054
BEAMXUSDT,SELL,LIMIT,1701266779752,33553,0.0089016
BEAMXUSDT,SELL,LIMIT,1701267272157,755,0.0088617
BEAMXUSDT,SELL,LIMIT,1701268463798,21801,0.0088036
BEAMXUSDT,SELL,LIMIT,1701268890355,14287,0.0087799
BEAMXUSDT,SELL,LIMIT,1701268891616,10825,0.0087788
BEAMXUSDT,SELL,LIMIT,1701270340967,9603,0.0087961
BEAMXUSDT,SELL,LIMIT,1701270618826,274703,0.0087429
BEAMXUSDT,BUY,LIMIT,1701271720282,385509,0.0091041
BEAMXUSDT,BUY,LIMIT,1701271725624,279594,0.0091107
BEAMXUSDT,BUY,LIMIT,1701273758378,1764,0.0091179
BEAMXUSDT,SELL,LIMIT,1701274458640,89822,0.0088163
BEAMXUSDT,SELL,LIMIT,1701278144981,83305,0.0087609
BEAMXUSDT,BUY,LIMIT,1701278668104,2272,0.0090574
BEAMXUSDT,BUY,LIMIT,1701279187769,11156,0.0090725
BEAMXUSDT,SELL,LIMIT,1701285843593,588,0.0087320
BEAMXUSDT,SELL,LIMIT,1701285873161,350137,0.0087273
BEAMXUSDT,SELL,LIMIT,1701285876042,1534,0.0087258
BEAMXUSDT,SELL,LIMIT,1701286774106,14999,0.0087075
BEAMXUSDT,SELL,LIMIT,1701290195918,26563,0.0087102
BEAMXUSDT,BUY,LIMIT,1701296625052,11742,0.0091216
BEAMXUSDT,BUY,LIMIT,1701297599279,58856,0.0092164
BEAMXUSDT,SELL,LIMIT,1701298339491,1258,0.0089946
BEAMXUSDT,BUY,LIMIT,1701299388194,5172,0.0093304
BEAMXUSDT,SELL,LIMIT,1701303962039,1199,0.0089635
BEAMXUSDT,SELL,LIMIT,1701319887704,10839,0.0089440
BEAMXUSDT,BUY,LIMIT,1701343784440,2379,0.0093729
BEAMXUSDT,BUY,LIMIT,1701344073420,8109,0.0093973
BEAMXUSDT,BUY,LIMIT,1701344289838,77653,0.0095030
BEAMXUSDT,BUY,LIMIT,1701344403534,33618,0.0095264
BEAMXUSDT,SELL,LIMIT,1701350322350,8349,0.0091207
BEAMXUSDT,SELL,LIMIT,1701351829633,343053,0.0091563
BEAMXUSDT,SELL,LIMIT,1701352292185,48005,0.0090751
BEAMXUSDT,SELL,LIMIT,1701353040805,17215,0.0090006
BEAMXUSDT,BUY,LIMIT,1701363518211,10286,0.0093096
BEAMXUSDT,BUY,LIMIT,1701363797474,76003,0.0094452
BEAMXUSDT,BUY,LIMIT,1701363825573,387688,0.0094800
BEAMXUSDT,BUY,LIMIT,1701364445276,3224,0.0095055
BEAMXUSDT,BUY,LIMIT,1701364446295,3221,0.0095045
BEAMXUSDT,SELL,LIMIT,1701364537384,49028,0.0091851
BEAMXUSDT,SELL,LIMIT,1701364717337,2941,0.0091470
BEAMXUSDT,BUY,LIMIT,1701364967094,539607,0.0094519
BEAMXUSDT,BUY,LIMIT,1701364976572,40964,0.0094635
BEAMXUSDT,BUY,LIMIT,1701365026203,3281,0.0094913
BEAMXUSDT,SELL,LIMIT,1701366811848,124564,0.0091105
BEAMXUSDT,BUY,LIMIT,1701368790531,806,0.0094924
BEAMXUSDT,SELL,LIMIT,1701369157034,16028,0.0091784
BEAMXUSDT,SELL,LIMIT,1701373381188,5456,0.0091648
BEAMXUSDT,SELL,LIMIT,1701373385243,9177,0.0091560
BEAMXUSDT,SELL,LIMIT,1701373936249,15000,0.0091199
BEAMXUSDT,SELL,LIMIT,1701374912979,4699,0.0090919
BEAMXUSDT,BUY,LIMIT,1701379327169,36874,0.0094929
BEAMXUSDT,BUY,LIMIT,1701379448956,21180,0.0095061
BEAMXUSDT,SELL,LIMIT,1701380535149,233841,0.0092566
BEAMXUSDT,SELL,LIMIT,1701380539423,129255,0.0092493
BEAMXUSDT,BUY,LIMIT,1701382320082,532,0.0095985
BEAMXUSDT,BUY,LIMIT,1701382345851,294806,0.0096102
BEAMXUSDT,BUY,LIMIT,1701382398443,12288,0.0096268
BEAMXUSDT,SELL,LIMIT,1701382804765,132065,0.0093282
BEAMXUSDT,SELL,LIMIT,1701382830400,432933,0.0093122
BEAMXUSDT,SELL,LIMIT,1701384304133,48993,0.0092849
BEAMXUSDT,SELL,LIMIT,1701385079218,44739,0.0092420
BEAMXUSDT,SELL,LIMIT,1701385089427,19588,0.0092341
BEAMXUSDT,SELL,LIMIT,1701391016058,736,0.0092289
BEAMXUSDT,SELL,LIMIT,1701391371675,67854,0.0092190
BEAMXUSDT,SELL,LIMIT,1701391583955,84862,0.0091938
BEAMXUSDT,SELL,LIMIT,1701391749230,187872,0.0091840
BEAMXUSDT,SELL,LIMIT,1701392493496,10469,0.0091997
BEAMXUSDT,BUY,LIMIT,1701393868147,98859,0.0095460
BEAMXUSDT,BUY,LIMIT,1701400903167,17463,0.0097007
BEAMXUSDT,BUY,LIMIT,1701402590290,209907,0.0097304
BEAMXUSDT,BUY,LIMIT,1701403504319,16415,0.0098297
BEAMXUSDT,BUY,LIMIT,1701403695379,3148,0.0098384
BEAMXUSDT,BUY,LIMIT,1701403894253,77650,0.0098776
BEAMXUSDT,BUY,LIMIT,1701403900737,10952,0.0098822
BEAMXUSDT,BUY,LIMIT,1701403930283,30000,0.0098890
BEAMXUSDT,BUY,LIMIT,1701403957901,128438,0.0100063
BEAMXUSDT,BUY,LIMIT,1701403969841,3253,0.0100118
BEAMXUSDT,SELL,LIMIT,1701404233555,2537,0.0095964
BEAMXUSDT,BUY,LIMIT,1701404667330,3185,0.0099013
BEAMXUSDT,SELL,LIMIT,1701405493486,286943,0.0096004
BEAMXUSDT,SELL,LIMIT,1701405803159,16764,0.0095502
BEAMXUSDT,SELL,LIMIT,1701406888819,161655,0.0095434
BEAMXUSDT,SELL,LIMIT,1701406894881,79673,0.0095375
BEAMXUSDT,SELL,LIMIT,1701407566818,2813,0.0095414
BEAMXUSDT,SELL,LIMIT,1701408760943,20995,0.0094827
BEAMXUSDT,SELL,LIMIT,1701409575351,2385,0.0094084
BEAMXUSDT,SELL,LIMIT,1701409906200,1585,0.0093619
BEAMXUSDT,SELL,LIMIT,1701415722729,987,0.0094603
BEAMXUSDT,BUY,LIMIT,1701415812572,506343,0.0097795
BEAMXUSDT,BUY,LIMIT,1701418049235,7163,0.0098578
BEAMXUSDT,BUY,LIMIT,1701418359821,20713,0.0099157
BEAMXUSDT,BUY,LIMIT,1701418514361,12314,0.0099868
BEAMXUSDT,BUY,LIMIT,1701418689086,513,0.0099798
BEAMXUSDT,BUY,LIMIT,1701418895579,509268,0.0100123
BEAMXUSDT,BUY,LIMIT,1701419227210,218756,0.0100043
BEAMXUSDT,BUY,LIMIT,1701419290198,2506,0.0100183
BEAMXUSDT,BUY,LIMIT,1701419611311,305283,0.0100550
BEAMXUSDT,BUY,LIMIT,1701419622270,33368,0.0100626
BEAMXUSDT,BUY,LIMIT,1701419645487,28516,0.0100654
BEAMXUSDT,BUY,LIMIT,1701420032244,6027,0.0100904
BEAMXUSDT,SELL,LIMIT,1701420097364,2249,0.0097345
BEAMXUSDT,SELL,LIMIT,1701420401071,17130,0.0097097
BEAMXUSDT,SELL,LIMIT,1701420405331,74483,0.0097031
BEAMXUSDT,SELL,LIMIT,1701420421351,507,0.0096811
BEAMXUSDT,SELL,LIMIT,1701420533423,32189,0.0096695
BEAMXUSDT,SELL,LIMIT,1701420540812,43514,0.0096590
BEAMXUSDT,BUY,LIMIT,1701421214221,13578,0.0100006
BEAMXUSDT,BUY,LIMIT,1701421222277,249574,0.0100140
BEAMXUSDT,BUY,LIMIT,1701421255283,12307,0.0100439
BEAMXUSDT,BUY,LIMIT,1701421263266,225982,0.0100715
BEAMXUSDT,BUY,LIMIT,1701421291299,455546,0.0100885
BEAMXUSDT,BUY,LIMIT,1701421294013,474002,0.0101173
BEAMXUSDT,BUY,LIMIT,1701421296990,255023,0.0101277
BEAMXUSDT,BUY,LIMIT,1701421347045,281302,0.0101363
BEAMXUSDT,BUY,LIMIT,1701421349159,39814,0.0101391
BEAMXUSDT,BUY,LIMIT,1701421368252,53184,0.0101558
BEAMXUSDT,BUY,LIMIT,1701421369790,37500,0.0101626
BEAMXUSDT,BUY,LIMIT,1701421648464,507356,0.0101927
BEAMXUSDT,SELL,LIMIT,1701421715216,168499,0.0098291
BEAMXUSDT,SELL,LIMIT,1701421717702,215682,0.0098257
BEAMXUSDT,BUY,LIMIT,1701422526143,46208,0.0101878
BEAMXUSDT,SELL,LIMIT,1701422882178,517,0.0098484
BEAMXUSDT,SELL,LIMIT,1701422885918,7583,0.0098335
BEAMXUSDT,SELL,LIMIT,1701423391754,213014,0.0097596
BEAMXUSDT,SELL,LIMIT,1701423740264,44344,0.0096538
BEAMXUSDT,SELL,LIMIT,1701423751436,5363,0.0096472
BEAMXUSDT,SELL,LIMIT,1701423752489,4495,0.0096411
BEAMXUSDT,SELL,LIMIT,1701423756628,6128,0.0096185
BEAMXUSDT,BUY,LIMIT,1701423979095,1175,0.0099610
BEAMXUSDT,SELL,LIMIT,1701424287726,50761,0.0096540
BEAMXUSDT,SELL,LIMIT,1701424718914,285481,0.0095877
BEAMXUSDT,BUY,LIMIT,1701424899722,7795,0.0099996
BEAMXUSDT,SELL,LIMIT,1701425984032,69813,0.0096484
BEAMXUSDT,SELL,LIMIT,1701426343665,44810,0.0096265
BEAMXUSDT,SELL,LIMIT,1701426999945,3387,0.0095738
BEAMXUSDT,SELL,LIMIT,1701427005289,67073,0.0095696
BEAMXUSDT,SELL,LIMIT,1701427091208,2038,0.0095429
BEAMXUSDT,SELL,LIMIT,1701427094753,928,0.0095314
BEAMXUSDT,SELL,LIMIT,1701427342159,15482,0.0095240
BEAMXUSDT,SELL,LIMIT,1701427348217,140477,0.0095182
BEAMXUSDT,SELL,LIMIT,1701427357252,737553,0.0094848
BEAMXUSDT,SELL,LIMIT,1701427383164,483765,0.0095109
BEAMXUSDT,SELL,LIMIT,1701427402533,6639,0.0095001
BEAMXUSDT,SELL,LIMIT,1701428537879,1511,0.0094883
BEAMXUSDT,SELL,LIMIT,1701428585432,602179,0.0094716
BEAMXUSDT,SELL,LIMIT,1701428651276,81814,0.0094822
BEAMXUSDT,SELL,LIMIT,1701433497533,51462,0.0094463
BEAMXUSDT,SELL,LIMIT,1701434866237,249495,0.0094419
BEAMXUSDT,SELL,LIMIT,1701435037606,77295,0.0094206
BEAMXUSDT,SELL,LIMIT,1701435039115,12024,0.0094086
BEAMXUSDT,SELL,LIMIT,1701435061323,2453,0.0094040
BEAMXUSDT,SELL,LIMIT,1701435272227,19987,0.0093970
BEAMXUSDT,BUY,LIMIT,1701435362743,888,0.0097627
BEAMXUSDT,SELL,LIMIT,1701439774293,211161,0.0095224
BEAMXUSDT,SELL,LIMIT,1701439810915,69991,0.0095158
BEAMXUSDT,SELL,LIMIT,1701439907991,257758,0.0095071
BEAMXUSDT,BUY,LIMIT,1701441567474,8930,0.0098960
BEAMXUSDT,BUY,LIMIT,1701441575934,9836,0.0099207
BEAMXUSDT,BUY,LIMIT,1701441587639,62208,0.0099992
BEAMXUSDT,BUY,LIMIT,1701441839377,2000,0.0099962
BEAMXUSDT,BUY,LIMIT,1701442921727,5085,0.0100317
BEAMXUSDT,BUY,LIMIT,1701443426061,16685,0.0100395
BEAMXUSDT,BUY,LIMIT,1701443930470,63902,0.0101266
BEAMXUSDT,BUY,LIMIT,1701443954368,29754,0.0101633
BEAMXUSDT,BUY,LIMIT,1701443959563,40357,0.0101677
BEAMXUSDT,BUY,LIMIT,1701443968471,23907,0.0101757
BEAMXUSDT,BUY,LIMIT,1701443991416,157544,0.0101993
BEAMXUSDT,BUY,LIMIT,1701444086804,208305,0.0102198
BEAMXUSDT,BUY,LIMIT,1701444181068,3299,0.0102241
BEAMXUSDT,BUY,LIMIT,1701444226993,506175,0.0102393
BEAMXUSDT,SELL,LIMIT,1701444419386,124340,0.0098477
BEAMXUSDT,SELL,LIMIT,1701444435656,35860,0.0098274
BEAMXUSDT,SELL,LIMIT,1701444968761,95626,0.0097871
BEAMXUSDT,SELL,LIMIT,1701444971724,475128,0.0097545
BEAMXUSDT,BUY,LIMIT,1701445153369,23598,0.0100833
BEAMXUSDT,BUY,LIMIT,1701446469160,100662,0.0101141
BEAMXUSDT,BUY,LIMIT,1701446470256,3024,0.0101175
BEAMXUSDT,BUY,LIMIT,1701446808429,56199,0.0102176
BEAMXUSDT,BUY,LIMIT,1701447105663,16327,0.0102744
BEAMXUSDT,BUY,LIMIT,1701447129996,6669,0.0103025
BEAMXUSDT,BUY,LIMIT,1701447189181,14729,0.0103388
BEAMXUSDT,BUY,LIMIT,1701447197726,22453,0.0103646
BEAMXUSDT,BUY,LIMIT,1701447208437,44939,0.0103794
BEAMXUSDT,BUY,LIMIT,1701447209593,22547,0.0103863
BEAMXUSDT,BUY,LIMIT,1701447210702,79223,0.0103940
BEAMXUSDT,BUY,LIMIT,1701447224619,16658,0.0104121
BEAMXUSDT,BUY,LIMIT,1701447243331,37041,0.0104112
BEAMXUSDT,SELL,LIMIT,1701447249421,89674,0.0100372
BEAMXUSDT,SELL,LIMIT,1701447251480,525,0.0100274
BEAMXUSDT,SELL,LIMIT,1701447297089,110516,0.0099916
BEAMXUSDT,SELL,LIMIT,1701447305086,189000,0.0099778
BEAMXUSDT,SELL,LIMIT,1701447307140,490388,0.0099703
BEAMXUSDT,SELL,LIMIT,1701447308234,62534,0.0099676
BEAMXUSDT,SELL,LIMIT,1701447311180,10610,0.0099389
BEAMXUSDT,SELL,LIMIT,1701447415999,37380,0.0099055
BEAMXUSDT,SELL,LIMIT,1701447480303,483070,0.0099520
BEAMXUSDT,BUY,LIMIT,1701447551536,2996,0.0102223
BEAMXUSDT,BUY,LIMIT,1701447905571,9910,0.0102766
BEAMXUSDT,BUY,LIMIT,1701447916817,20019,0.0102971
BEAMXUSDT,BUY,LIMIT,1701447921310,502108,0.0102767
BEAMXUSDT,SELL,LIMIT,1701448253366,26071,0.0099577
BEAMXUSDT,SELL,LIMIT,1701448257409,7554,0.0099388
BEAMXUSDT,SELL,LIMIT,1701448263763,567,0.0099312
BEAMXUSDT,SELL,LIMIT,1701448387262,5659,0.0098828
BEAMXUSDT,BUY,LIMIT,1701448530597,24150,0.0102855
BEAMXUSDT,SELL,LIMIT,1701449143413,11441,0.0098608
BEAMXUSDT,BUY,LIMIT,1701450549095,499850,0.0102010
BEAMXUSDT,SELL,LIMIT,1701451139758,487364,0.0098188
BEAMXUSDT,BUY,LIMIT,1701452138959,11984,0.0101553
BEAMXUSDT,BUY,LIMIT,1701452148139,2431,0.0101664
BEAMXUSDT,BUY,LIMIT,1701453569204,171873,0.0102176
BEAMXUSDT,SELL,LIMIT,1701453796021,1096,0.0099196
BEAMXUSDT,BUY,LIMIT,1701454156562,24112,0.0102598
BEAMXUSDT,BUY,LIMIT,1701454469717,394896,0.0103149
BEAMXUSDT,BUY,LIMIT,1701454561247,38147,0.0103307
BEAMXUSDT,BUY,LIMIT,1701454571087,584,0.0103531
BEAMXUSDT,BUY,LIMIT,1701454714271,20536,0.0103950
BEAMXUSDT,BUY,LIMIT,1701454727721,126006,0.0104066
BEAMXUSDT,BUY,LIMIT,1701454767102,62677,0.0104431
BEAMXUSDT,BUY,LIMIT,1701454769085,35943,0.0104445
BEAMXUSDT,SELL,LIMIT,1701454937425,13512,0.0100931
BEAMXUSDT,BUY,LIMIT,1701455150885,123183,0.0104691
BEAMXUSDT,BUY,LIMIT,1701455152151,69718,0.0104748
BEAMXUSDT,BUY,LIMIT,1701455175174,5717,0.0104874
BEAMXUSDT,BUY,LIMIT,1701455541205,55599,0.0105026
BEAMXUSDT,BUY,LIMIT,1701455543050,1139,0.0105128
BEAMXUSDT,BUY,LIMIT,1701455571283,1387797,0.0105886
BEAMXUSDT,BUY,LIMIT,1701456031005,34337,0.0105609
BEAMXUSDT,BUY,LIMIT,1701456049115,228950,0.0105798
BEAMXUSDT,BUY,LIMIT,1701456050958,14637,0.0105844
BEAMXUSDT,BUY,LIMIT,1701456055197,17495,0.0105865
BEAMXUSDT,BUY,LIMIT,1701456069479,2935,0.0106020
BEAMXUSDT,BUY,LIMIT,1701456072632,2348,0.0106059
BEAMXUSDT,BUY,LIMIT,1701456079014,98917,0.0106173
BEAMXUSDT,BUY,LIMIT,1701456084110,34562,0.0106371
BEAMXUSDT,BUY,LIMIT,1701456242890,119617,0.0106568
BEAMXUSDT,SELL,LIMIT,1701456338186,170241,0.0102756
BEAMXUSDT,SELL,LIMIT,1701456340316,29708,0.0102628
BEAMXUSDT,SELL,LIMIT,1701456349633,476917,0.0102170
BEAMXUSDT,BUY,LIMIT,1701456375513,139858,0.0105724
BEAMXUSDT,BUY,LIMIT,1701456379561,7562,0.0105857
BEAMXUSDT,BUY,LIMIT,1701456518309,20000,0.0106717
BEAMXUSDT,BUY,LIMIT,1701456529677,415995,0.0106877
BEAMXUSDT,BUY,LIMIT,1701456535505,8247,0.0106947
BEAMXUSDT,BUY,LIMIT,1701456538036,476624,0.0106946
BEAMXUSDT,BUY,LIMIT,1701456546487,40896,0.0106966
BEAMXUSDT,SELL,LIMIT,1701456617196,60404,0.0102928
BEAMXUSDT,SELL,LIMIT,1701456618467,105720,0.0102843
BEAMXUSDT,SELL,LIMIT,1701456619830,1010,0.0102525
BEAMXUSDT,BUY,LIMIT,1701456717517,96227,0.0106262
BEAMXUSDT,SELL,LIMIT,1701456766523,10415,0.0102683
BEAMXUSDT,BUY,LIMIT,1701456976455,65272,0.0106199
BEAMXUSDT,SELL,LIMIT,1701457129262,191856,0.0102707
BEAMXUSDT,SELL,LIMIT,1701457165472,4171,0.0102596
BEAMXUSDT,BUY,LIMIT,1701457811245,32834,0.0106589
BEAMXUSDT,BUY,LIMIT,1701457900325,1401,0.0106783
BEAMXUSDT,BUY,LIMIT,1701458156793,96525,0.0107032
BEAMXUSDT,BUY,LIMIT,1701458171369,57009,0.0107068
BEAMXUSDT,BUY,LIMIT,1701458242622,14723,0.0107252
BEAMXUSDT,BUY,LIMIT,1701458280145,10847,0.0107378
BEAMXUSDT,BUY,LIMIT,1701458285178,24572,0.0107487
BEAMXUSDT,BUY,LIMIT,1701458286243,1001,0.0107564
BEAMXUSDT,BUY,LIMIT,1701458309262,65819,0.0107698
BEAMXUSDT,BUY,LIMIT,1701458311376,12592,0.0107713
BEAMXUSDT,BUY,LIMIT,1701458360384,145662,0.0107833
BEAMXUSDT,BUY,LIMIT,1701458362504,29420,0.0108014
BEAMXUSDT,BUY,LIMIT,1701458365412,124252,0.0108057
BEAMXUSDT,BUY,LIMIT,1701458368637,320293,0.0108250
BEAMXUSDT,BUY,LIMIT,1701458370283,25398,0.0108258
BEAMXUSDT,BUY,LIMIT,1701458371680,198350,0.0108503
BEAMXUSDT,BUY,LIMIT,1701458374735,1660,0.0108521
BEAMXUSDT,BUY,LIMIT,1701458398000,18903,0.0108637
BEAMXUSDT,BUY,LIMIT,1701458401104,95000,0.0108693
BEAMXUSDT,BUY,LIMIT,1701458402758,3510,0.0108833
BEAMXUSDT,BUY,LIMIT,1701458408715,283300,0.0108941
BEAMXUSDT,BUY,LIMIT,1701458469171,186163,0.0108986
BEAMXUSDT,BUY,LIMIT,1701458616669,144155,0.0109030
BEAMXUSDT,BUY,LIMIT,1701458629088,57386,0.0109156
BEAMXUSDT,BUY,LIMIT,1701458630490,5035,0.0109171
BEAMXUSDT,BUY,LIMIT,1701458633939,47727,0.0109268
BEAMXUSDT,BUY,LIMIT,1701458641682,81469,0.0109360
BEAMXUSDT,BUY,LIMIT,1701458666662,17983,0.0109401
BEAMXUSDT,BUY,LIMIT,1701458669486,18970,0.0109441
BEAMXUSDT,BUY,LIMIT,1701458681182,128370,0.0109563
BEAMXUSDT,BUY,LIMIT,1701458686094,172418,0.0109607
BEAMXUSDT,BUY,LIMIT,1701458687446,3653,0.0109602
BEAMXUSDT,BUY,LIMIT,1701458704729,208375,0.0109750
BEAMXUSDT,BUY,LIMIT,1701458706300,12445,0.0109938
BEAMXUSDT,BUY,LIMIT,1701458714221,277229,0.0109924
BEAMXUSDT,BUY,LIMIT,1701458715254,241173,0.0109866
BEAMXUSDT,BUY,LIMIT,1701458726097,47664,0.0110124
BEAMXUSDT,BUY,LIMIT,1701458730249,15415,0.0110161
BEAMXUSDT,BUY,LIMIT,1701458731564,58532,0.0110184
BEAMXUSDT,BUY,LIMIT,1701458732678,21120,0.0110257
BEAMXUSDT,BUY,LIMIT,1701458736492,18099,0.0110408
BEAMXUSDT,BUY,LIMIT,1701458825585,2436,0.0110489
BEAMXUSDT,BUY,LIMIT,1701458836208,17742,0.0110718
BEAMXUSDT,SELL,LIMIT,1701458861486,77266,0.0106664
BEAMXUSDT,SELL,LIMIT,1701458863112,17546,0.0106564
BEAMXUSDT,SELL,LIMIT,1701458864248,91033,0.0106542
BEAMXUSDT,SELL,LIMIT,1701458865332,33252,0.0106161
BEAMXUSDT,BUY,LIMIT,1701458886118,207222,0.0110046
BEAMXUSDT,BUY,LIMIT,1701459024880,24173,0.0110571
BEAMXUSDT,BUY,LIMIT,1701459027201,3141,0.0110718
BEAMXUSDT,BUY,LIMIT,1701459031100,22261,0.0110895
BEAMXUSDT,BUY,LIMIT,1701459037680,5705,0.0110970
BEAMXUSDT,BUY,LIMIT,1701459109891,25100,0.0110774
BEAMXUSDT,BUY,LIMIT,1701459146230,2848,0.0110983
BEAMXUSDT,BUY,LIMIT,1701459148042,123980,0.0111045
BEAMXUSDT,BUY,LIMIT,1701459152129,2401,0.0111371
BEAMXUSDT,BUY,LIMIT,1701459259120,40753,0.0111499
BEAMXUSDT,BUY,LIMIT,1701459260223,659,0.0111636
BEAMXUSDT,BUY,LIMIT,1701459263123,38730,0.0111863
BEAMXUSDT,BUY,LIMIT,1701459264246,764,0.0111884
BEAMXUSDT,BUY,LIMIT,1701459265756,2202,0.0111912
BEAMXUSDT,BUY,LIMIT,1701459297252,425106,0.0112075
BEAMXUSDT,BUY,LIMIT,1701459299302,12820,0.0112109
BEAMXUSDT,BUY,LIMIT,1701459337217,490,0.0112111
BEAMXUSDT,BUY,LIMIT,1701459343068,104727,0.0112370
BEAMXUSDT,BUY,LIMIT,1701459344407,9276,0.0112292
BEAMXUSDT,BUY,LIMIT,1701459348512,57189,0.0112414
BEAMXUSDT,SELL,LIMIT,1701459400167,13529,0.0108571
BEAMXUSDT,SELL,LIMIT,1701459401329,77097,0.0108472
BEAMXUSDT,SELL,LIMIT,1701459404357,222124,0.0108378
BEAMXUSDT,SELL,LIMIT,1701459405376,48871,0.0108191
BEAMXUSDT,BUY,LIMIT,1701459443431,42552,0.0112205
BEAMXUSDT,BUY,LIMIT,1701459451286,35996,0.0112527
BEAMXUSDT,BUY,LIMIT,1701459452751,20763,0.0112577
BEAMXUSDT,BUY,LIMIT,1701459488537,69549,0.0112677
BEAMXUSDT,BUY,LIMIT,1701459512340,1617,0.0112802
BEAMXUSDT,BUY,LIMIT,1701459522928,19104,0.0112785
BEAMXUSDT,BUY,LIMIT,1701459607100,8083,0.0112989
BEAMXUSDT,BUY,LIMIT,1701459608103,14957,0.0112883
BEAMXUSDT,BUY,LIMIT,1701459609815,20928,0.0113078
BEAMXUSDT,BUY,LIMIT,1701459613355,2116,0.0113146
BEAMXUSDT,BUY,LIMIT,1701459614820,203803,0.0113220
BEAMXUSDT,BUY,LIMIT,1701459616107,2629,0.0113653
BEAMXUSDT,BUY,LIMIT,1701459617155,258862,0.0113829
BEAMXUSDT,BUY,LIMIT,1701459618157,4320,0.0114398
BEAMXUSDT,BUY,LIMIT,1701459634459,144683,0.0114504
BEAMXUSDT,BUY,LIMIT,1701459636561,2194,0.0114483
BEAMXUSDT,BUY,LIMIT,1701459638021,184988,0.0114596
BEAMXUSDT,BUY,LIMIT,1701459655319,969,0.0114622
BEAMXUSDT,BUY,LIMIT,1701459697239,2306,0.0114725
BEAMXUSDT,BUY,LIMIT,1701459698528,42496,0.0114743
BEAMXUSDT,BUY,LIMIT,1701459699840,136568,0.0114822
BEAMXUSDT,SELL,LIMIT,1701459794519,187572,0.0110902
BEAMXUSDT,SELL,LIMIT,1701459798694,9217,0.0110774
BEAMXUSDT,SELL,LIMIT,1701459800027,141111,0.0110650
BEAMXUSDT,SELL,LIMIT,1701459805871,28281,0.0110553
BEAMXUSDT,SELL,LIMIT,1701459811328,30304,0.0110383
BEAMXUSDT,SELL,LIMIT,1701459812333,3266,0.0110320
BEAMXUSDT,BUY,LIMIT,1701459933142,431952,0.0113881
BEAMXUSDT,BUY,LIMIT,1701459934416,4467,0.0114125
BEAMXUSDT,BUY,LIMIT,1701459941797,8916,0.0114370
BEAMXUSDT,BUY,LIMIT,1701459943042,59694,0.0114542
BEAMXUSDT,BUY,LIMIT,1701459964450,4463,0.0114727
BEAMXUSDT,BUY,LIMIT,1701459970468,7776,0.0114890
BEAMXUSDT,BUY,LIMIT,1701459971665,5120,0.0115267
BEAMXUSDT,BUY,LIMIT,1701459973839,2100,0.0115355
BEAMXUSDT,BUY,LIMIT,1701459975145,52079,0.0115482
BEAMXUSDT,BUY,LIMIT,1701459976174,4541,0.0115872
BEAMXUSDT,BUY,LIMIT,1701459977274,29232,0.0116092
BEAMXUSDT,BUY,LIMIT,1701459978314,656195,0.0116526
BEAMXUSDT,BUY,LIMIT,1701460022443,12631,0.0116096
BEAMXUSDT,SELL,LIMIT,1701460031624,24667,0.0111839
BEAMXUSDT,BUY,LIMIT,1701460036875,30976,0.0115399
BEAMXUSDT,SELL,LIMIT,1701460051603,1388,0.0111612
BEAMXUSDT,SELL,LIMIT,1701460064361,6722,0.0111569
BEAMXUSDT,SELL,LIMIT,1701460067066,9646,0.0111431
BEAMXUSDT,SELL,LIMIT,1701460069170,70244,0.0110948
BEAMXUSDT,SELL,LIMIT,1701460070320,221128,0.0110760
BEAMXUSDT,BUY,LIMIT,1701460106105,16562,0.0114357
BEAMXUSDT,SELL,LIMIT,1701460178527,19447,0.0110115
BEAMXUSDT,SELL,LIMIT,1701460180572,53254,0.0110167
BEAMXUSDT,SELL,LIMIT,1701460201593,66077,0.0109970
BEAMXUSDT,SELL,LIMIT,1701460209696,12975,0.0109813
BEAMXUSDT,SELL,LIMIT,1701460211337,55840,0.0109711
BEAMXUSDT,SELL,LIMIT,1701460212428,26497,0.0109438
BEAMXUSDT,SELL,LIMIT,1701460213882,146998,0.0109095
BEAMXUSDT,BUY,LIMIT,1701460270438,2045,0.0112912
BEAMXUSDT,BUY,LIMIT,1701460271512,451589,0.0112912
BEAMXUSDT,BUY,LIMIT,1701460272602,4378,0.0112960
BEAMXUSDT,BUY,LIMIT,1701460304858,2887,0.0113004
BEAMXUSDT,BUY,LIMIT,1701460306108,59211,0.0113245
BEAMXUSDT,BUY,LIMIT,1701460307311,13043,0.0113201
BEAMXUSDT,SELL,LIMIT,1701460347547,44697,0.0109468
BEAMXUSDT,SELL,LIMIT,1701460356684,54475,0.0109322
BEAMXUSDT,SELL,LIMIT,1701460383263,9118,0.0109055
BEAMXUSDT,SELL,LIMIT,1701460432574,446687,0.0108902
BEAMXUSDT,BUY,LIMIT,1701460452319,52683,0.0112840
BEAMXUSDT,BUY,LIMIT,1701460468776,54229,0.0112865
BEAMXUSDT,BUY,LIMIT,1701460586056,10248,0.0113255
BEAMXUSDT,BUY,LIMIT,1701460587102,16814,0.0113371
BEAMXUSDT,BUY,LIMIT,1701460599877,41959,0.0113602
BEAMXUSDT,BUY,LIMIT,1701460757351,176123,0.0113531
BEAMXUSDT,BUY,LIMIT,1701460874174,149309,0.0114187
BEAMXUSDT,BUY,LIMIT,1701460881541,26240,0.0114237
BEAMXUSDT,BUY,LIMIT,1701460884281,5767,0.0114453
BEAMXUSDT,BUY,LIMIT,1701460890048,63823,0.0114629
BEAMXUSDT,BUY,LIMIT,1701460891203,64200,0.0114581
BEAMXUSDT,BUY,LIMIT,1701460902721,8304,0.0114676
BEAMXUSDT,BUY,LIMIT,1701460905881,450,0.0114782
BEAMXUSDT,SELL,LIMIT,1701461011600,103968,0.0110850
BEAMXUSDT,SELL,LIMIT,1701461013324,139345,0.0110590
BEAMXUSDT,SELL,LIMIT,1701461043724,82768,0.0110568
BEAMXUSDT,SELL,LIMIT,1701461046941,50441,0.0110437
BEAMXUSDT,SELL,LIMIT,1701461083112,88819,0.0109952
BEAMXUSDT,SELL,LIMIT,1701461084261,118274,0.0109931
BEAMXUSDT,BUY,LIMIT,1701461109228,28207,0.0113522
BEAMXUSDT,BUY,LIMIT,1701461111624,4081,0.0113669
BEAMXUSDT,BUY,LIMIT,1701461176000,81312,0.0113930
BEAMXUSDT,BUY,LIMIT,1701461217921,16046,0.0114133
BEAMXUSDT,SELL,LIMIT,1701461344775,5535,0.0110228
BEAMXUSDT,BUY,LIMIT,1701461661110,93267,0.0113806
BEAMXUSDT,BUY,LIMIT,1701461741885,40000,0.0113858
BEAMXUSDT,SELL,LIMIT,1701461811521,90194,0.0110017
BEAMXUSDT,SELL,LIMIT,1701461814302,11221,0.0109844
BEAMXUSDT,SELL,LIMIT,1701461815523,776,0.0109855
BEAMXUSDT,SELL,LIMIT,1701462006264,239454,0.0109746
BEAMXUSDT,SELL,LIMIT,1701462014346,159376,0.0109712
BEAMXUSDT,SELL,LIMIT,1701462015604,134024,0.0109705
BEAMXUSDT,SELL,LIMIT,1701462016949,93070,0.0109589
BEAMXUSDT,SELL,LIMIT,1701462023263,628,0.0109387
BEAMXUSDT,SELL,LIMIT,1701462030075,2241,0.0109333
BEAMXUSDT,SELL,LIMIT,1701462031103,1018,0.0109232
BEAMXUSDT,SELL,LIMIT,1701462038132,53325,0.0109028
BEAMXUSDT,BUY,LIMIT,1701462071262,10261,0.0112960
BEAMXUSDT,SELL,LIMIT,1701462104708,24103,0.0108866
BEAMXUSDT,SELL,LIMIT,1701462110201,86908,0.0108804
BEAMXUSDT,SELL,LIMIT,1701462123537,14702,0.0108494
BEAMXUSDT,SELL,LIMIT,1701462138020,261,0.0108596
BEAMXUSDT,SELL,LIMIT,1701462172415,453797,0.0108439
BEAMXUSDT,SELL,LIMIT,1701462173536,5325,0.0108362
BEAMXUSDT,SELL,LIMIT,1701462175658,12611,0.0108374
BEAMXUSDT,SELL,LIMIT,1701462182605,4806,0.0108302
BEAMXUSDT,BUY,LIMIT,1701462430852,256953,0.0112487
BEAMXUSDT,BUY,LIMIT,1701462431993,2574,0.0112562
BEAMXUSDT,BUY,LIMIT,1701462433608,75783,0.0112635
BEAMXUSDT,BUY,LIMIT,1701462435466,55487,0.0112689
BEAMXUSDT,BUY,LIMIT,1701462436513,95461,0.0112993
BEAMXUSDT,BUY,LIMIT,1701462438692,148321,0.0113197
BEAMXUSDT,BUY,LIMIT,1701462980523,552,0.0113425
BEAMXUSDT,BUY,LIMIT,1701463082181,1507,0.0113651
BEAMXUSDT,SELL,LIMIT,1701463355380,101401,0.0109636
BEAMXUSDT,SELL,LIMIT,1701463361525,109251,0.0109612
BEAMXUSDT,SELL,LIMIT,1701463624938,1721,0.0109486
BEAMXUSDT,SELL,LIMIT,1701463639227,284107,0.0109267
BEAMXUSDT,SELL,LIMIT,1701463642492,121833,0.0109245
BEAMXUSDT,SELL,LIMIT,1701463644004,858,0.0109028
BEAMXUSDT,SELL,LIMIT,1701463645783,447627,0.0108974
BEAMXUSDT,SELL,LIMIT,1701463661913,220734,0.0108902
BEAMXUSDT,SELL,LIMIT,1701464003758,220934,0.0108806
BEAMXUSDT,SELL,LIMIT,1701464025264,450531,0.0108575
BEAMXUSDT,SELL,LIMIT,1701464037478,70740,0.0108483
BEAMXUSDT,SELL,LIMIT,1701464364232,6425,0.0108257
BEAMXUSDT,SELL,LIMIT,1701464366213,45349,0.0107953
BEAMXUSDT,SELL,LIMIT,1701464452496,30409,0.0107823
BEAMXUSDT,SELL,LIMIT,1701464453810,224668,0.0107792
BEAMXUSDT,SELL,LIMIT,1701464455257,447322,0.0107506
BEAMXUSDT,SELL,LIMIT,1701464657588,70414,0.0107399
BEAMXUSDT,SELL,LIMIT,1701464662520,57869,0.0107327
BEAMXUSDT,SELL,LIMIT,1701464665704,1016,0.0107317
BEAMXUSDT,SELL,LIMIT,1701464667525,4096,0.0107283
BEAMXUSDT,SELL,LIMIT,1701464669893,30188,0.0107240
BEAMXUSDT,SELL,LIMIT,1701464691562,17557,0.0107100
BEAMXUSDT,BUY,LIMIT,1701464970113,464,0.0110984
BEAMXUSDT,BUY,LIMIT,1701464989351,11296,0.0111219
BEAMXUSDT,BUY,LIMIT,1701465122608,57764,0.0111338
BEAMXUSDT,BUY,LIMIT,1701465126158,3800,0.0111412
BEAMXUSDT,BUY,LIMIT,1701465128611,38337,0.0111704
BEAMXUSDT,BUY,LIMIT,1701465144349,20497,0.0111676
BEAMXUSDT,BUY,LIMIT,1701465261512,27527,0.0111941
BEAMXUSDT,SELL,LIMIT,1701465357718,3361,0.0107907
BEAMXUSDT,BUY,LIMIT,1701465700080,5471,0.0111894
BEAMXUSDT,BUY,LIMIT,1701465907133,10000,0.0112343
BEAMXUSDT,BUY,LIMIT,1701465908298,32348,0.0112185
BEAMXUSDT,BUY,LIMIT,1701466525964,66709,0.0112312
BEAMXUSDT,BUY,LIMIT,1701466939015,23320,0.0112616
BEAMXUSDT,BUY,LIMIT,1701466941576,2295,0.0112868
BEAMXUSDT,BUY,LIMIT,1701466942989,27233,0.0112942
BEAMXUSDT,BUY,LIMIT,1701466944557,14485,0.0113397
BEAMXUSDT,BUY,LIMIT,1701467013694,456,0.0113517
BEAMXUSDT,SELL,LIMIT,1701467182095,141728,0.0109559
BEAMXUSDT,SELL,LIMIT,1701467792659,134829,0.0109376
BEAMXUSDT,BUY,LIMIT,1701468353707,793,0.0113464
BEAMXUSDT,BUY,LIMIT,1701468354960,589,0.0113555
BEAMXUSDT,BUY,LIMIT,1701468358665,52324,0.0113692
BEAMXUSDT,BUY,LIMIT,1701468359974,78629,0.0113786
BEAMXUSDT,BUY,LIMIT,1701468655921,104449,0.0114087
BEAMXUSDT,BUY,LIMIT,1701468657352,1071885,0.0114847
BEAMXUSDT,BUY,LIMIT,1701468658519,3671,0.0114368
BEAMXUSDT,BUY,LIMIT,1701468659603,47133,0.0114446
BEAMXUSDT,BUY,LIMIT,1701468661242,915,0.0114599
BEAMXUSDT,BUY,LIMIT,1701468816232,47245,0.0114992
BEAMXUSDT,SELL,LIMIT,1701469080466,72258,0.0110617
BEAMXUSDT,SELL,LIMIT,1701469087299,38921,0.0110233
BEAMXUSDT,SELL,LIMIT,1701470260614,11650,0.0109912
BEAMXUSDT,SELL,LIMIT,1701470277157,62613,0.0110089
BEAMXUSDT,SELL,LIMIT,1701470973082,8458,0.0109196
BEAMXUSDT,SELL,LIMIT,1701470974141,8150,0.0109079
BEAMXUSDT,SELL,LIMIT,1701470980621,17508,0.0108836
BEAMXUSDT,SELL,LIMIT,1701471343730,120730,0.0109009
BEAMXUSDT,SELL,LIMIT,1701471676288,98403,0.0108811
BEAMXUSDT,SELL,LIMIT,1701471709629,1375,0.0108747
BEAMXUSDT,SELL,LIMIT,1701471711148,449555,0.0108579
BEAMXUSDT,SELL,LIMIT,1701471714474,70851,0.0108494
BEAMXUSDT,SELL,LIMIT,1701471715540,20000,0.0108447
BEAMXUSDT,BUY,LIMIT,1701471735174,12565,0.0112036
BEAMXUSDT,SELL,LIMIT,1701472397932,208105,0.0108259
BEAMXUSDT,SELL,LIMIT,1701472403074,20813,0.0108235
BEAMXUSDT,SELL,LIMIT,1701472813057,81557,0.0108366
BEAMXUSDT,SELL,LIMIT,1701472815616,45195,0.0108294
BEAMXUSDT,SELL,LIMIT,1701472826413,1002,0.0108123
BEAMXUSDT,SELL,LIMIT,1701473122151,3177,0.0107867
BEAMXUSDT,SELL,LIMIT,1701473280274,5556,0.0107633
BEAMXUSDT,SELL,LIMIT,1701474154429,40816,0.0108053
BEAMXUSDT,BUY,LIMIT,1701474377128,14747,0.0111818
BEAMXUSDT,BUY,LIMIT,1701474423357,302758,0.0112066
BEAMXUSDT,BUY,LIMIT,1701475173911,193419,0.0112438
BEAMXUSDT,BUY,LIMIT,1701475199835,231234,0.0112819
BEAMXUSDT,BUY,LIMIT,1701475209627,80548,0.0112889
BEAMXUSDT,SELL,LIMIT,1701475265319,114531,0.0109082
BEAMXUSDT,BUY,LIMIT,1701475571464,10090,0.0112525
BEAMXUSDT,BUY,LIMIT,1701475611874,55810,0.0112981
BEAMXUSDT,BUY,LIMIT,1701475617214,360187,0.0113041
BEAMXUSDT,BUY,LIMIT,1701475632082,9911,0.0113346
BEAMXUSDT,BUY,LIMIT,1701475718337,23493,0.0113476
BEAMXUSDT,BUY,LIMIT,1701475727224,250000,0.0113523
BEAMXUSDT,BUY,LIMIT,1701475733274,250000,0.0113603
BEAMXUSDT,BUY,LIMIT,1701475742324,272727,0.0113650
BEAMXUSDT,BUY,LIMIT,1701476059432,35313,0.0113959
BEAMXUSDT,BUY,LIMIT,1701476067399,13965,0.0114162
BEAMXUSDT,BUY,LIMIT,1701476075936,5767,0.0114310
BEAMXUSDT,SELL,LIMIT,1701476223538,130600,0.0109942
BEAMXUSDT,SELL,LIMIT,1701476349102,278840,0.0109782
BEAMXUSDT,SELL,LIMIT,1701476392483,4455,0.0109725
BEAMXUSDT,SELL,LIMIT,1701476597367,4393,0.0109533
BEAMXUSDT,BUY,LIMIT,1701476729101,3803,0.0113315
BEAMXUSDT,BUY,LIMIT,1701476736680,5853,0.0113475
BEAMXUSDT,SELL,LIMIT,1701477176150,40401,0.0109763
BEAMXUSDT,SELL,LIMIT,1701477207749,151290,0.0109621
BEAMXUSDT,BUY,LIMIT,1701477791294,50736,0.0113436
BEAMXUSDT,BUY,LIMIT,1701478419384,13367,0.0114020
BEAMXUSDT,BUY,LIMIT,1701478433405,3237,0.0114133
BEAMXUSDT,BUY,LIMIT,1701478818552,24989,0.0113810
BEAMXUSDT,SELL,LIMIT,1701479684598,111511,0.0109812
BEAMXUSDT,BUY,LIMIT,1701479836339,136396,0.0113105
BEAMXUSDT,BUY,LIMIT,1701479837512,124842,0.0113157
BEAMXUSDT,BUY,LIMIT,1701479840284,14001,0.0113173
BEAMXUSDT,BUY,LIMIT,1701479894022,48419,0.0113705
BEAMXUSDT,BUY,LIMIT,1701479919459,87946,0.0113864
BEAMXUSDT,BUY,LIMIT,1701479997414,59250,0.0114265
BEAMXUSDT,BUY,LIMIT,1701480003583,22979,0.0114456
BEAMXUSDT,BUY,LIMIT,1701480006062,122715,0.0114644
BEAMXUSDT,BUY,LIMIT,1701480016430,22044,0.0114727
BEAMXUSDT,BUY,LIMIT,1701480020048,3390,0.0114791
BEAMXUSDT,BUY,LIMIT,1701480035654,1224,0.0114922
BEAMXUSDT,BUY,LIMIT,1701480041029,18243,0.0114958
BEAMXUSDT,BUY,LIMIT,1701480083061,8193,0.0115160
BEAMXUSDT,BUY,LIMIT,1701480103710,35540,0.0115237
BEAMXUSDT,BUY,LIMIT,1701480105565,1000,0.0115452
BEAMXUSDT,BUY,LIMIT,1701480106580,111365,0.0115478
BEAMXUSDT,BUY,LIMIT,1701480107700,231883,0.0115536
BEAMXUSDT,BUY,LIMIT,1701480157151,25940,0.0115354
BEAMXUSDT,BUY,LIMIT,1701480199236,32487,0.0115733
BEAMXUSDT,BUY,LIMIT,1701480206295,9101,0.0115817
BEAMXUSDT,BUY,LIMIT,1701480425562,12292,0.0115870
BEAMXUSDT,BUY,LIMIT,1701480427076,162956,0.0115933
BEAMXUSDT,BUY,LIMIT,1701480429232,24195,0.0115996
BEAMXUSDT,BUY,LIMIT,1701480441197,2274,0.0115991
BEAMXUSDT,BUY,LIMIT,1701480460221,2269009,0.0117072
BEAMXUSDT,BUY,LIMIT,1701480467490,510,0.0116084
BEAMXUSDT,BUY,LIMIT,1701480472089,182706,0.0116170
BEAMXUSDT,BUY,LIMIT,1701480481453,1037,0.0116228
BEAMXUSDT,BUY,LIMIT,1701480487794,22339,0.0116354
BEAMXUSDT,BUY,LIMIT,1701480489138,18648,0.0116445
BEAMXUSDT,BUY,LIMIT,1701480490141,1575,0.0116411
BEAMXUSDT,BUY,LIMIT,1701480492204,100000,0.0116508
BEAMXUSDT,BUY,LIMIT,1701480493210,23969,0.0116467
BEAMXUSDT,BUY,LIMIT,1701480494580,91392,0.0116583
BEAMXUSDT,BUY,LIMIT,1701480516200,90081,0.0116720
BEAMXUSDT,BUY,LIMIT,1701480517471,663549,0.0117064
BEAMXUSDT,SELL,LIMIT,1701480602339,62373,0.0112659
BEAMXUSDT,SELL,LIMIT,1701480691759,91497,0.0112391
BEAMXUSDT,BUY,LIMIT,1701480865316,8899,0.0116258
BEAMXUSDT,BUY,LIMIT,1701480928154,195594,0.0116655
BEAMXUSDT,BUY,LIMIT,1701480938345,19895,0.0116836
BEAMXUSDT,BUY,LIMIT,1701480939396,1932,0.0116821
BEAMXUSDT,BUY,LIMIT,1701480940432,47490,0.0116847
BEAMXUSDT,BUY,LIMIT,1701480942186,80830,0.0116868
BEAMXUSDT,BUY,LIMIT,1701480943317,36298,0.0117189
BEAMXUSDT,BUY,LIMIT,1701480944327,697124,0.0117724
BEAMXUSDT,BUY,LIMIT,1701480945510,88608,0.0117429
BEAMXUSDT,BUY,LIMIT,1701480948983,893,0.0117483
BEAMXUSDT,BUY,LIMIT,1701480953840,27733,0.0117472
BEAMXUSDT,BUY,LIMIT,1701480982100,19724,0.0117530
BEAMXUSDT,BUY,LIMIT,1701480983340,14697,0.0117998
BEAMXUSDT,BUY,LIMIT,1701480984599,91427,0.0118058
BEAMXUSDT,BUY,LIMIT,1701480988085,97910,0.0118397
BEAMXUSDT,BUY,LIMIT,1701480989203,17803,0.0118268
BEAMXUSDT,BUY,LIMIT,1701480990228,328695,0.0118408
BEAMXUSDT,BUY,LIMIT,1701480992247,38257,0.0118665
BEAMXUSDT,BUY,LIMIT,1701480993366,44300,0.0118638
BEAMXUSDT,BUY,LIMIT,1701481399457,18839,0.0118206
BEAMXUSDT,BUY,LIMIT,1701481535325,17228,0.0118529
BEAMXUSDT,SELL,LIMIT,1701481596054,17045,0.0114427
BEAMXUSDT,SELL,LIMIT,1701481597130,83018,0.0113966
BEAMXUSDT,SELL,LIMIT,1701481598305,104356,0.0113958
BEAMXUSDT,SELL,LIMIT,1701481599807,154986,0.0113911
BEAMXUSDT,SELL,LIMIT,1701481601164,3672,0.0113772
BEAMXUSDT,SELL,LIMIT,1701481602405,430589,0.0113822
BEAMXUSDT,SELL,LIMIT,1701481610539,7336,0.0113512
BEAMXUSDT,SELL,LIMIT,1701481829598,36417,0.0113244
BEAMXUSDT,BUY,LIMIT,1701481953110,6961,0.0116921
BEAMXUSDT,BUY,LIMIT,1701482489926,2343,0.0117070
BEAMXUSDT,BUY,LIMIT,1701482591092,20593,0.0118136
BEAMXUSDT,BUY,LIMIT,1701482775491,137550,0.0118572
BEAMXUSDT,BUY,LIMIT,1701482776720,2878,0.0118688
BEAMXUSDT,BUY,LIMIT,1701482812766,50609,0.0118720
BEAMXUSDT,BUY,LIMIT,1701482815177,59049,0.0118904
BEAMXUSDT,BUY,LIMIT,1701482816241,2846,0.0118845
BEAMXUSDT,BUY,LIMIT,1701482817629,35779,0.0119010
BEAMXUSDT,BUY,LIMIT,1701482820946,224177,0.0119050
BEAMXUSDT,BUY,LIMIT,1701482822063,15262,0.0119110
BEAMXUSDT,BUY,LIMIT,1701482823310,5231,0.0119062
BEAMXUSDT,BUY,LIMIT,1701482824712,648837,0.0119524
BEAMXUSDT,BUY,LIMIT,1701482842051,12462,0.0119286
BEAMXUSDT,BUY,LIMIT,1701482843135,43570,0.0119220
BEAMXUSDT,BUY,LIMIT,1701482867440,235662,0.0119375
BEAMXUSDT,BUY,LIMIT,1701482872421,144066,0.0119423
BEAMXUSDT,SELL,LIMIT,1701483256244,889,0.0115025
BEAMXUSDT,SELL,LIMIT,1701483258284,5381,0.0114945
BEAMXUSDT,BUY,LIMIT,1701483544820,58804,0.0119096
BEAMXUSDT,BUY,LIMIT,1701483827591,69320,0.0118813
BEAMXUSDT,SELL,LIMIT,1701483941501,3858,0.0114744
BEAMXUSDT,SELL,LIMIT,1701483976154,1059,0.0114558
BEAMXUSDT,SELL,LIMIT,1701483983163,8649,0.0114380
BEAMXUSDT,SELL,LIMIT,1701483993272,6414,0.0114315
BEAMXUSDT,SELL,LIMIT,1701484007134,89101,0.0114217
BEAMXUSDT,SELL,LIMIT,1701484011053,3809,0.0114079
BEAMXUSDT,SELL,LIMIT,1701484012382,2517,0.0114147
BEAMXUSDT,BUY,LIMIT,1701484161140,252124,0.0118245
BEAMXUSDT,BUY,LIMIT,1701484206351,18272,0.0118457
BEAMXUSDT,SELL,LIMIT,1701484364263,81826,0.0113876
BEAMXUSDT,SELL,LIMIT,1701484514109,114323,0.0113702
BEAMXUSDT,SELL,LIMIT,1701484519512,10647,0.0113665
BEAMXUSDT,SELL,LIMIT,1701484523328,83281,0.0113510
BEAMXUSDT,SELL,LIMIT,1701484679153,80566,0.0113308
BEAMXUSDT,SELL,LIMIT,1701484683616,89960,0.0113172
BEAMXUSDT,SELL,LIMIT,1701484685504,70319,0.0112890
BEAMXUSDT,SELL,LIMIT,1701484734245,390778,0.0112154
BEAMXUSDT,SELL,LIMIT,1701484735253,5713,0.0112632
BEAMXUSDT,SELL,LIMIT,1701484736467,430107,0.0112055
BEAMXUSDT,SELL,LIMIT,1701485323061,4885,0.0111820
BEAMXUSDT,SELL,LIMIT,1701485324069,20357,0.0111899
BEAMXUSDT,SELL,LIMIT,1701485334107,18327,0.0111711
BEAMXUSDT,SELL,LIMIT,1701485335282,1569,0.0111695
BEAMXUSDT,SELL,LIMIT,1701485381377,4775,0.0111570
BEAMXUSDT,SELL,LIMIT,1701485384161,19734,0.0111486
BEAMXUSDT,SELL,LIMIT,1701485388199,167867,0.0111387
BEAMXUSDT,SELL,LIMIT,1701485392192,26840,0.0111283
BEAMXUSDT,SELL,LIMIT,1701485393359,172201,0.0111159
BEAMXUSDT,SELL,LIMIT,1701485536956,40158,0.0110928
BEAMXUSDT,SELL,LIMIT,1701485553970,1762,0.0110851
BEAMXUSDT,BUY,LIMIT,1701485587301,3972,0.0114958
BEAMXUSDT,BUY,LIMIT,1701485591343,55944,0.0115078
BEAMXUSDT,BUY,LIMIT,1701485668096,7353,0.0114893
BEAMXUSDT,BUY,LIMIT,1701485992941,1394,0.0113356
BEAMXUSDT,BUY,LIMIT,1701485995770,4506,0.0114314
BEAMXUSDT,BUY,LIMIT,1701485997419,89960,0.0115041
BEAMXUSDT,SELL,LIMIT,1701485999213,181842,0.0112605
BEAMXUSDT,BUY,LIMIT,1701486000326,17791,0.0114916
BEAMXUSDT,BUY,LIMIT,1701486001438,2000,0.0115015
BEAMXUSDT,BUY,LIMIT,1701486002509,4807,0.0115035
BEAMXUSDT,BUY,LIMIT,1701486003517,21129,0.0112798
BEAMXUSDT,BUY,LIMIT,1701486005259,56562,0.0115259
BEAMXUSDT,BUY,LIMIT,1701486006329,104979,0.0115363
BEAMXUSDT,BUY,LIMIT,1701486007546,3792,0.0115324
BEAMXUSDT,BUY,LIMIT,1701486008657,34247,0.0115476
BEAMXUSDT,BUY,LIMIT,1701486012210,633678,0.0116709
BEAMXUSDT,BUY,LIMIT,1701486013318,44429,0.0116074
BEAMXUSDT,BUY,LIMIT,1701486022187,8565,0.0116322
BEAMXUSDT,BUY,LIMIT,1701486316538,18396,0.0116443
BEAMXUSDT,SELL,LIMIT,1701486477780,21454,0.0112594
BEAMXUSDT,SELL,LIMIT,1701486617190,16181,0.0112310
BEAMXUSDT,SELL,LIMIT,1701486666521,179247,0.0112098
BEAMXUSDT,SELL,LIMIT,1701486686728,1066,0.0111943
BEAMXUSDT,SELL,LIMIT,1701486689088,292110,0.0111814
BEAMXUSDT,SELL,LIMIT,1701486694705,40059,0.0111646
BEAMXUSDT,SELL,LIMIT,1701486736305,43271,0.0111449
BEAMXUSDT,BUY,LIMIT,1701486851236,15869,0.0115281
BEAMXUSDT,SELL,LIMIT,1701487041034,248436,0.0111200
BEAMXUSDT,BUY,LIMIT,1701487429773,6531,0.0115209
BEAMXUSDT,BUY,LIMIT,1701487434900,17686,0.0115318
BEAMXUSDT,BUY,LIMIT,1701487453989,2857,0.0115448
BEAMXUSDT,SELL,LIMIT,1701487568901,3917,0.0111357
BEAMXUSDT,BUY,LIMIT,1701488078233,12920,0.0115602
BEAMXUSDT,BUY,LIMIT,1701488081366,3563,0.0115670
BEAMXUSDT,BUY,LIMIT,1701488082568,18006,0.0115733
BEAMXUSDT,BUY,LIMIT,1701488084357,37539,0.0115913
BEAMXUSDT,BUY,LIMIT,1701488248198,316631,0.0116237
BEAMXUSDT,BUY,LIMIT,1701488249938,7005,0.0116416
BEAMXUSDT,BUY,LIMIT,1701488252603,4054,0.0116438
BEAMXUSDT,SELL,LIMIT,1701488440683,10915,0.0111991
BEAMXUSDT,SELL,LIMIT,1701488453692,30083,0.0111974
BEAMXUSDT,SELL,LIMIT,1701488460944,156469,0.0111842
BEAMXUSDT,BUY,LIMIT,1701489560297,4457,0.0116068
BEAMXUSDT,SELL,LIMIT,1701489948699,130745,0.0112374
BEAMXUSDT,BUY,LIMIT,1701490399433,537,0.0115703
BEAMXUSDT,SELL,LIMIT,1701490659080,3796,0.0111744
BEAMXUSDT,SELL,LIMIT,1701490665831,176956,0.0111722
BEAMXUSDT,SELL,LIMIT,1701490668651,874,0.0111671
BEAMXUSDT,SELL,LIMIT,1701490779526,441178,0.0111280
BEAMXUSDT,SELL,LIMIT,1701490798093,55384,0.0110711
BEAMXUSDT,SELL,LIMIT,1701490802405,77633,0.0110670
BEAMXUSDT,SELL,LIMIT,1701491364847,2569,0.0110527
BEAMXUSDT,SELL,LIMIT,1701491367051,40461,0.0110459
BEAMXUSDT,SELL,LIMIT,1701491385782,16189,0.0110458
BEAMXUSDT,SELL,LIMIT,1701491394620,5131,0.0110286
BEAMXUSDT,SELL,LIMIT,1701491454082,24441,0.0110208
BEAMXUSDT,SELL,LIMIT,1701491475097,4524,0.0110038
BEAMXUSDT,SELL,LIMIT,1701491476385,27358,0.0109966
BEAMXUSDT,SELL,LIMIT,1701491564827,1920,0.0109903
BEAMXUSDT,SELL,LIMIT,1701491571235,118952,0.0109744
BEAMXUSDT,SELL,LIMIT,1701491573194,1720,0.0109679
BEAMXUSDT,BUY,LIMIT,1701491653246,46882,0.0113424
BEAMXUSDT,SELL,LIMIT,1701492009650,16471,0.0110308
BEAMXUSDT,SELL,LIMIT,1701492499379,6505,0.0110093
BEAMXUSDT,BUY,LIMIT,1701492959094,221205,0.0114260
BEAMXUSDT,BUY,LIMIT,1701493018598,35672,0.0114625
BEAMXUSDT,BUY,LIMIT,1701493168908,10000,0.0114120
BEAMXUSDT,SELL,LIMIT,1701493582701,20877,0.0110353
BEAMXUSDT,SELL,LIMIT,1701493586749,11526,0.0110329
BEAMXUSDT,BUY,LIMIT,1701494420025,318571,0.0114782
BEAMXUSDT,BUY,LIMIT,1701494435337,890,0.0115038
BEAMXUSDT,BUY,LIMIT,1701494492071,8954,0.0115385
BEAMXUSDT,BUY,LIMIT,1701494615735,796,0.0115635
BEAMXUSDT,BUY,LIMIT,1701495076368,46481,0.0115914
BEAMXUSDT,BUY,LIMIT,1701495690338,8996,0.0115462
BEAMXUSDT,SELL,LIMIT,1701496343237,8493,0.0111657
BEAMXUSDT,SELL,LIMIT,1701496474236,8831,0.0111640
BEAMXUSDT,BUY,LIMIT,1701496870207,77815,0.0115560
BEAMXUSDT,BUY,LIMIT,1701496931176,527,0.0115855
BEAMXUSDT,BUY,LIMIT,1701496946497,13108,0.0116210
BEAMXUSDT,SELL,LIMIT,1701496947831,882,0.0113969
BEAMXUSDT,BUY,LIMIT,1701496953871,743,0.0116254
BEAMXUSDT,BUY,LIMIT,1701496959102,75702,0.0116257
BEAMXUSDT,BUY,LIMIT,1701497035646,10459,0.0116349
BEAMXUSDT,BUY,LIMIT,1701497042056,17599,0.0116540
BEAMXUSDT,BUY,LIMIT,1701497050791,80954,0.0116596
BEAMXUSDT,BUY,LIMIT,1701497076416,617,0.0116670
BEAMXUSDT,BUY,LIMIT,1701497087473,12843,0.0116940
BEAMXUSDT,BUY,LIMIT,1701497089090,4583,0.0117010
BEAMXUSDT,BUY,LIMIT,1701497101425,5826,0.0117114
BEAMXUSDT,BUY,LIMIT,1701497109278,5784,0.0117150
BEAMXUSDT,BUY,LIMIT,1701497718578,701,0.0117267
BEAMXUSDT,BUY,LIMIT,1701497725025,31554,0.0117440
BEAMXUSDT,BUY,LIMIT,1701497730481,117139,0.0117462
BEAMXUSDT,BUY,LIMIT,1701497735227,1979,0.0117530
BEAMXUSDT,BUY,LIMIT,1701497744601,2438,0.0117589
BEAMXUSDT,BUY,LIMIT,1701497747203,2355,0.0117598
BEAMXUSDT,BUY,LIMIT,1701497761166,8963,0.0117632
BEAMXUSDT,SELL,LIMIT,1701497839411,46581,0.0113623
BEAMXUSDT,SELL,LIMIT,1701497948300,28606,0.0113465
BEAMXUSDT,BUY,LIMIT,1701498270168,86858,0.0117491
BEAMXUSDT,SELL,LIMIT,1701498758362,53921,0.0113396
BEAMXUSDT,SELL,LIMIT,1701498769052,10366,0.0113312
BEAMXUSDT,SELL,LIMIT,1701498957189,23278,0.0112933
BEAMXUSDT,SELL,LIMIT,1701498968003,84716,0.0112775
BEAMXUSDT,SELL,LIMIT,1701498987087,10255,0.0112637
BEAMXUSDT,BUY,LIMIT,1701499532173,2155,0.0116903
BEAMXUSDT,BUY,LIMIT,1701499536459,8721,0.0116940
BEAMXUSDT,BUY,LIMIT,1701500531833,865,0.0117438
BEAMXUSDT,BUY,LIMIT,1701500536693,149800,0.0117482
BEAMXUSDT,BUY,LIMIT,1701501010824,4588,0.0117893
BEAMXUSDT,SELL,LIMIT,1701501745930,10656,0.0113306
BEAMXUSDT,SELL,LIMIT,1701501961347,53551,0.0113634
BEAMXUSDT,BUY,LIMIT,1701502279514,4955,0.0117658
BEAMXUSDT,BUY,LIMIT,1701502463168,9169,0.0117753
BEAMXUSDT,BUY,LIMIT,1701502472909,28124,0.0117855
BEAMXUSDT,BUY,LIMIT,1701502480168,34796,0.0117890
BEAMXUSDT,BUY,LIMIT,1701502544526,7411,0.0118002
BEAMXUSDT,BUY,LIMIT,1701502547441,9858,0.0118062
BEAMXUSDT,BUY,LIMIT,1701502564529,41549,0.0118267
BEAMXUSDT,BUY,LIMIT,1701502566455,180490,0.0118270
BEAMXUSDT,BUY,LIMIT,1701502572497,39512,0.0118324
BEAMXUSDT,BUY,LIMIT,1701502574344,50336,0.0118326
BEAMXUSDT,BUY,LIMIT,1701502586327,12285,0.0118354
BEAMXUSDT,BUY,LIMIT,1701502606821,402155,0.0118487
BEAMXUSDT,BUY,LIMIT,1701502608350,16414,0.0118542
BEAMXUSDT,BUY,LIMIT,1701502610389,45158,0.0118723
BEAMXUSDT,BUY,LIMIT,1701502683353,19061,0.0118871
BEAMXUSDT,BUY,LIMIT,1701502687113,163578,0.0118887
BEAMXUSDT,BUY,LIMIT,1701502716043,434140,0.0118962
BEAMXUSDT,BUY,LIMIT,1701502978634,425015,0.0118379
BEAMXUSDT,BUY,LIMIT,1701502980148,148571,0.0118692
BEAMXUSDT,BUY,LIMIT,1701503118950,195185,0.0119024
BEAMXUSDT,BUY,LIMIT,1701503122140,192899,0.0119150
BEAMXUSDT,BUY,LIMIT,1701503123146,1653,0.0119155
BEAMXUSDT,BUY,LIMIT,1701503126497,14210,0.0119374
BEAMXUSDT,BUY,LIMIT,1701503129166,13016,0.0119426
BEAMXUSDT,BUY,LIMIT,1701503131353,2300,0.0119664
BEAMXUSDT,BUY,LIMIT,1701503132442,53884,0.0119743
BEAMXUSDT,BUY,LIMIT,1701503133606,88941,0.0119826
BEAMXUSDT,BUY,LIMIT,1701503134620,15070,0.0120491
BEAMXUSDT,BUY,LIMIT,1701503135685,17690,0.0120732
BEAMXUSDT,BUY,LIMIT,1701503137435,4338,0.0120978
BEAMXUSDT,SELL,LIMIT,1701503149395,12914,0.0116190
BEAMXUSDT,BUY,LIMIT,1701503173852,225400,0.0120149
BEAMXUSDT,BUY,LIMIT,1701503175210,106293,0.0120419
BEAMXUSDT,BUY,LIMIT,1701503176401,155793,0.0120341
BEAMXUSDT,BUY,LIMIT,1701503177465,13578,0.0121214
BEAMXUSDT,BUY,LIMIT,1701503178524,678,0.0121036
BEAMXUSDT,BUY,LIMIT,1701503354232,5847,0.0121303
BEAMXUSDT,BUY,LIMIT,1701503371065,2189,0.0121337
BEAMXUSDT,BUY,LIMIT,1701503376248,14488,0.0121359
BEAMXUSDT,BUY,LIMIT,1701503400933,807,0.0121375
BEAMXUSDT,BUY,LIMIT,1701503469134,8650,0.0121461
BEAMXUSDT,BUY,LIMIT,1701503470403,87383,0.0121543
BEAMXUSDT,BUY,LIMIT,1701503471424,229597,0.0121512
BEAMXUSDT,BUY,LIMIT,1701503472458,68507,0.0121713
BEAMXUSDT,BUY,LIMIT,1701503473476,497,0.0121781
BEAMXUSDT,BUY,LIMIT,1701503482764,44366,0.0121792
BEAMXUSDT,BUY,LIMIT,1701503496063,88044,0.0121763
BEAMXUSDT,BUY,LIMIT,1701503515024,4527,0.0121814
BEAMXUSDT,BUY,LIMIT,1701503519578,12409,0.0121891
BEAMXUSDT,BUY,LIMIT,1701503520661,14984,0.0121996
BEAMXUSDT,BUY,LIMIT,1701503522219,21450,0.0122138
BEAMXUSDT,BUY,LIMIT,1701503523578,100000,0.0122114
BEAMXUSDT,SELL,LIMIT,1701503721481,41517,0.0117902
BEAMXUSDT,SELL,LIMIT,1701504089531,52276,0.0117684
BEAMXUSDT,SELL,LIMIT,1701504090685,33296,0.0117561
BEAMXUSDT,SELL,LIMIT,1701504102162,87624,0.0117465
BEAMXUSDT,SELL,LIMIT,1701504103510,191284,0.0117223
BEAMXUSDT,SELL,LIMIT,1701504105162,77684,0.0117135
BEAMXUSDT,SELL,LIMIT,1701504116080,1989,0.0116868
BEAMXUSDT,SELL,LIMIT,1701504117149,399437,0.0116993
BEAMXUSDT,SELL,LIMIT,1701504118330,19827,0.0116803
BEAMXUSDT,BUY,LIMIT,1701504267036,2235,0.0121155
BEAMXUSDT,BUY,LIMIT,1701504268048,17867,0.0121223
BEAMXUSDT,BUY,LIMIT,1701504275629,4879,0.0121257
BEAMXUSDT,SELL,LIMIT,1701504533911,3813,0.0117056
BEAMXUSDT,SELL,LIMIT,1701504580314,10165,0.0116959
BEAMXUSDT,SELL,LIMIT,1701505365728,922,0.0116857
BEAMXUSDT,SELL,LIMIT,1701505371379,4841,0.0116670
BEAMXUSDT,BUY,LIMIT,1701505924255,45859,0.0121149
BEAMXUSDT,BUY,LIMIT,1701505931060,8418,0.0121337
BEAMXUSDT,BUY,LIMIT,1701505932182,135819,0.0121297
BEAMXUSDT,BUY,LIMIT,1701505964036,16177,0.0121692
BEAMXUSDT,BUY,LIMIT,1701505965100,622864,0.0122691
BEAMXUSDT,BUY,LIMIT,1701505966305,7595,0.0122481
BEAMXUSDT,SELL,LIMIT,1701505990963,598,0.0117494
BEAMXUSDT,BUY,LIMIT,1701506054239,416770,0.0121949
BEAMXUSDT,BUY,LIMIT,1701506055469,23680,0.0121913
BEAMXUSDT,BUY,LIMIT,1701506105286,15771,0.0122182
BEAMXUSDT,SELL,LIMIT,1701506815015,22202,0.0117797
BEAMXUSDT,SELL,LIMIT,1701506821229,6806,0.0117694
BEAMXUSDT,SELL,LIMIT,1701506843906,2008,0.0117580
BEAMXUSDT,SELL,LIMIT,1701506888554,22404,0.0117283
BEAMXUSDT,SELL,LIMIT,1701507197740,9000,0.0117061
BEAMXUSDT,BUY,LIMIT,1701507377058,101061,0.0121142
BEAMXUSDT,BUY,LIMIT,1701507378655,35795,0.0121177
BEAMXUSDT,BUY,LIMIT,1701507466579,13740,0.0121416
BEAMXUSDT,BUY,LIMIT,1701507472518,610,0.0121482
BEAMXUSDT,SELL,LIMIT,1701507604209,27123,0.0117209
BEAMXUSDT,SELL,LIMIT,1701507609342,950,0.0117000
BEAMXUSDT,SELL,LIMIT,1701507780090,128145,0.0116954
BEAMXUSDT,SELL,LIMIT,1701507875196,8121,0.0116671
BEAMXUSDT,SELL,LIMIT,1701507877417,3513,0.0116579
BEAMXUSDT,SELL,LIMIT,1701507885678,161368,0.0116404
BEAMXUSDT,SELL,LIMIT,1701507887287,2383,0.0116323
BEAMXUSDT,SELL,LIMIT,1701507888353,223467,0.0116249
BEAMXUSDT,SELL,LIMIT,1701507934123,63210,0.0116048
BEAMXUSDT,SELL,LIMIT,1701507935330,155383,0.0116052
BEAMXUSDT,SELL,LIMIT,1701507944758,25828,0.0115647
BEAMXUSDT,SELL,LIMIT,1701507962459,24452,0.0115627
BEAMXUSDT,SELL,LIMIT,1701508187041,3857,0.0115394
BEAMXUSDT,SELL,LIMIT,1701508324205,52879,0.0115225
BEAMXUSDT,SELL,LIMIT,1701508331232,49729,0.0115135
BEAMXUSDT,BUY,LIMIT,1701508470782,4516,0.0118790
BEAMXUSDT,SELL,LIMIT,1701508520373,849,0.0115085
BEAMXUSDT,SELL,LIMIT,1701508524360,102233,0.0115015
BEAMXUSDT,SELL,LIMIT,1701508536252,129703,0.0114783
BEAMXUSDT,SELL,LIMIT,1701508540844,5345,0.0114599
