Symbol,Side,Order Type,Time,Quantity,Price
BEAMXUSDT,BUY,LIMIT,1700988946048,12109,0.0101867
BEAMXUSDT,BUY,LIMIT,1700988947265,500121,0.0101922
BEAMXUSDT,BUY,LIMIT,1700988952450,13599,0.0101965
BEAMXUSDT,SELL,LIMIT,1700989389213,2472,0.0098521
BEAMXUSDT,SELL,LIMIT,1700989446302,99968,0.0098440
BEAMXUSDT,SELL,LIMIT,1700989477356,176154,0.0098384
BEAMXUSDT,SELL,LIMIT,1700990056865,496,0.0098237
BEAMXUSDT,SELL,LIMIT,1700990064754,13531,0.0098188
BEAMXUSDT,SELL,LIMIT,1700990068042,19982,0.0098100
BEAMXUSDT,SELL,LIMIT,1700990069618,170114,0.0098081
BEAMXUSDT,SELL,LIMIT,1700990072135,1567,0.0097926
BEAMXUSDT,SELL,LIMIT,1700990073149,40509,0.0097922
BEAMXUSDT,SELL,LIMIT,1700990074534,499850,0.0097788
BEAMXUSDT,SELL,LIMIT,1700990076271,11214,0.0097517
BEAMXUSDT,SELL,LIMIT,1700990080130,172414,0.0097525
BEAMXUSDT,BUY,LIMIT,1700990140593,28303,0.0100917
BEAMXUSDT,BUY,LIMIT,1700990230741,58880,0.0101310
BEAMXUSDT,BUY,LIMIT,1700990554224,33041,0.0101433
BEAMXUSDT,BUY,LIMIT,1700990717094,23648,0.0101712
BEAMXUSDT,SELL,LIMIT,1700990958452,17469,0.0098554
BEAMXUSDT,SELL,LIMIT,1700991089424,31112,0.0098079
BEAMXUSDT,BUY,LIMIT,1700991715162,56478,0.0101950
BEAMXUSDT,BUY,LIMIT,1700991716248,500953,0.0101984
BEAMXUSDT,BUY,LIMIT,1700991717621,26379,0.0101980
BEAMXUSDT,BUY,LIMIT,1700991719366,14219,0.0102043
BEAMXUSDT,BUY,LIMIT,1700991722329,1217,0.0102093
BEAMXUSDT,BUY,LIMIT,1700991730875,90270,0.0102157
BEAMXUSDT,BUY,LIMIT,1700991748399,36854,0.0102606
BEAMXUSDT,BUY,LIMIT,1700991749440,3788,0.0102285
BEAMXUSDT,BUY,LIMIT,1700991751062,33661,0.0102754
BEAMXUSDT,BUY,LIMIT,1700991752765,4996,0.0102943
BEAMXUSDT,SELL,LIMIT,1700992122048,16810,0.0099050
BEAMXUSDT,SELL,LIMIT,1700992158048,7011,0.0098929
BEAMXUSDT,SELL,LIMIT,1700992366771,1949,0.0098701
BEAMXUSDT,SELL,LIMIT,1700992444245,61519,0.0098610
BEAMXUSDT,SELL,LIMIT,1700993271934,22631,0.0098474
BEAMXUSDT,SELL,LIMIT,1700993285758,11132,0.0098458
BEAMXUSDT,SELL,LIMIT,1700993320254,20000,0.0098290
BEAMXUSDT,SELL,LIMIT,1700993621705,29916,0.0097951
BEAMXUSDT,SELL,LIMIT,1700993628562,18177,0.0097833
BEAMXUSDT,SELL,LIMIT,1700993635801,240496,0.0097806
BEAMXUSDT,SELL,LIMIT,1700993650762,22877,0.0097736
BEAMXUSDT,SELL,LIMIT,1700993686561,29927,0.0097607
BEAMXUSDT,SELL,LIMIT,1700994037124,4138,0.0097492
BEAMXUSDT,SELL,LIMIT,1700994038160,2310,0.0097497
BEAMXUSDT,SELL,LIMIT,1700994125721,80836,0.0097380
BEAMXUSDT,SELL,LIMIT,1700994144031,89429,0.0097315
BEAMXUSDT,SELL,LIMIT,1700994145356,59988,0.0097238
BEAMXUSDT,SELL,LIMIT,1700994147408,193400,0.0097169
BEAMXUSDT,SELL,LIMIT,1700994151237,497851,0.0097154
BEAMXUSDT,SELL,LIMIT,1700994168329,21494,0.0097076
BEAMXUSDT,BUY,LIMIT,1700994719147,1297,0.0100797
BEAMXUSDT,BUY,LIMIT,1700994722534,9915,0.0100815
BEAMXUSDT,BUY,LIMIT,1700994724613,524,0.0101168
BEAMXUSDT,SELL,LIMIT,1700994959332,1749,0.0097617
BEAMXUSDT,SELL,LIMIT,1700994961220,22897,0.0097585
BEAMXUSDT,SELL,LIMIT,1700995038987,140746,0.0097427
BEAMXUSDT,SELL,LIMIT,1700995512481,14270,0.0097174
BEAMXUSDT,SELL,LIMIT,1700995749989,19932,0.0097062
BEAMXUSDT,SELL,LIMIT,1700995755423,533,0.0096964
BEAMXUSDT,SELL,LIMIT,1700995756571,12242,0.0096915
BEAMXUSDT,SELL,LIMIT,1700995758756,147241,0.0096806
BEAMXUSDT,SELL,LIMIT,1700995760087,51879,0.0096746
BEAMXUSDT,SELL,LIMIT,1700995761852,5565,0.0096613
BEAMXUSDT,SELL,LIMIT,1700995763254,44041,0.0096571
BEAMXUSDT,SELL,LIMIT,1700995764298,30000,0.0096542
BEAMXUSDT,SELL,LIMIT,1700995765878,20679,0.0096466
BEAMXUSDT,SELL,LIMIT,1700995770266,66540,0.0096416
BEAMXUSDT,SELL,LIMIT,1700995774621,10714,0.0096337
BEAMXUSDT,SELL,LIMIT,1700995835159,489075,0.0096238
BEAMXUSDT,SELL,LIMIT,1700995836174,503384,0.0096247
BEAMXUSDT,SELL,LIMIT,1700995837607,10711,0.0096172
BEAMXUSDT,SELL,LIMIT,1700995838938,22335,0.0096101
BEAMXUSDT,SELL,LIMIT,1700995853612,300000,0.0096087
BEAMXUSDT,SELL,LIMIT,1700995855364,226353,0.0096045
BEAMXUSDT,SELL,LIMIT,1700995857166,6939,0.0096031
BEAMXUSDT,SELL,LIMIT,1700995858318,10291,0.0095995
BEAMXUSDT,SELL,LIMIT,1700995903241,5939,0.0095794
BEAMXUSDT,SELL,LIMIT,1700995908125,2027,0.0095659
BEAMXUSDT,SELL,LIMIT,1700995909169,122627,0.0095594
BEAMXUSDT,SELL,LIMIT,1700995910170,53026,0.0095597
BEAMXUSDT,SELL,LIMIT,1700995911618,40440,0.0095514
BEAMXUSDT,SELL,LIMIT,1700995916169,35130,0.0095449
BEAMXUSDT,SELL,LIMIT,1700995917311,46731,0.0095471
BEAMXUSDT,SELL,LIMIT,1700996145330,19837,0.0095959
BEAMXUSDT,SELL,LIMIT,1700996345925,4302,0.0095443
BEAMXUSDT,SELL,LIMIT,1700996347529,828886,0.0095021
BEAMXUSDT,SELL,LIMIT,1700996352099,3448,0.0095313
BEAMXUSDT,SELL,LIMIT,1700996353969,2423,0.0095290
BEAMXUSDT,SELL,LIMIT,1700996355293,11390,0.0095269
BEAMXUSDT,SELL,LIMIT,1700996357390,2283,0.0095110
BEAMXUSDT,SELL,LIMIT,1700996401410,5482,0.0095108
BEAMXUSDT,BUY,LIMIT,1700996580283,14788,0.0098472
BEAMXUSDT,BUY,LIMIT,1700996583228,107219,0.0098596
BEAMXUSDT,BUY,LIMIT,1700996586746,59797,0.0098644
BEAMXUSDT,BUY,LIMIT,1700996625540,37988,0.0098716
BEAMXUSDT,SELL,LIMIT,1700996861575,6616,0.0095345
BEAMXUSDT,SELL,LIMIT,1700996879214,46651,0.0095081
BEAMXUSDT,SELL,LIMIT,1700996888549,81253,0.0095059
BEAMXUSDT,SELL,LIMIT,1700996891384,32527,0.0095050
BEAMXUSDT,SELL,LIMIT,1700996892436,152577,0.0095021
BEAMXUSDT,SELL,LIMIT,1700996893975,503457,0.0094862
BEAMXUSDT,SELL,LIMIT,1700996895144,832,0.0094692
BEAMXUSDT,SELL,LIMIT,1700996896189,2241,0.0094675
BEAMXUSDT,SELL,LIMIT,1700996904729,49958,0.0094620
BEAMXUSDT,SELL,LIMIT,1700996906257,3524,0.0094573
BEAMXUSDT,SELL,LIMIT,1700996910171,2287,0.0094534
BEAMXUSDT,SELL,LIMIT,1700996917128,3173,0.0094419
BEAMXUSDT,SELL,LIMIT,1700996918250,1577,0.0094299
BEAMXUSDT,SELL,LIMIT,1700996925070,26911,0.0094204
BEAMXUSDT,SELL,LIMIT,1700996926091,1095,0.0094201
BEAMXUSDT,SELL,LIMIT,1700996940393,85086,0.0094071
BEAMXUSDT,SELL,LIMIT,1700996959174,24256,0.0093956
BEAMXUSDT,BUY,LIMIT,1700997007150,398338,0.0097334
BEAMXUSDT,BUY,LIMIT,1700997069395,70930,0.0097639
BEAMXUSDT,BUY,LIMIT,1700997107265,1311,0.0097794
BEAMXUSDT,BUY,LIMIT,1700997115847,5213,0.0097858
BEAMXUSDT,BUY,LIMIT,1700997554069,78125,0.0097871
BEAMXUSDT,BUY,LIMIT,1700997555166,6327,0.0097871
BEAMXUSDT,BUY,LIMIT,1700997573814,206838,0.0097921
BEAMXUSDT,BUY,LIMIT,1700997585134,15352,0.0098004
BEAMXUSDT,BUY,LIMIT,1700997659064,8325,0.0098177
BEAMXUSDT,BUY,LIMIT,1700997666332,53849,0.0098501
BEAMXUSDT,BUY,LIMIT,1700997668773,132302,0.0098609
BEAMXUSDT,BUY,LIMIT,1700997675657,2671,0.0098626
BEAMXUSDT,BUY,LIMIT,1700997677407,54403,0.0098677
BEAMXUSDT,BUY,LIMIT,1700997711308,10455,0.0098723
BEAMXUSDT,SELL,LIMIT,1700998508820,570,0.0095955
BEAMXUSDT,BUY,LIMIT,1700998659345,130545,0.0098952
BEAMXUSDT,BUY,LIMIT,1700998663198,53877,0.0098993
BEAMXUSDT,BUY,LIMIT,1700998674283,1156,0.0099095
BEAMXUSDT,BUY,LIMIT,1700998681121,924,0.0099105
BEAMXUSDT,BUY,LIMIT,1700998865100,541,0.0099145
BEAMXUSDT,BUY,LIMIT,1700998880851,30000,0.0099367
BEAMXUSDT,BUY,LIMIT,1700998902258,455458,0.0099435
BEAMXUSDT,BUY,LIMIT,1700998920436,81934,0.0099462
BEAMXUSDT,BUY,LIMIT,1700998923553,173212,0.0099573
BEAMXUSDT,SELL,LIMIT,1700999578264,183861,0.0096148
BEAMXUSDT,SELL,LIMIT,1700999580056,10700,0.0096071
BEAMXUSDT,SELL,LIMIT,1700999771396,6109,0.0095930
BEAMXUSDT,SELL,LIMIT,1700999799439,8261,0.0095882
BEAMXUSDT,BUY,LIMIT,1700999912429,1574,0.0099298
BEAMXUSDT,BUY,LIMIT,1700999913689,110712,0.0099371
BEAMXUSDT,SELL,LIMIT,1701000323531,5039,0.0095775
BEAMXUSDT,SELL,LIMIT,1701000445483,1555,0.0095382
BEAMXUSDT,SELL,LIMIT,1701000599073,977,0.0095175
BEAMXUSDT,SELL,LIMIT,1701000609188,6163,0.0095004
BEAMXUSDT,SELL,LIMIT,1701000631418,45823,0.0094871
BEAMXUSDT,SELL,LIMIT,1701000635779,1557,0.0094851
BEAMXUSDT,SELL,LIMIT,1701000637295,516700,0.0094836
BEAMXUSDT,SELL,LIMIT,1701000655488,1779,0.0094808
BEAMXUSDT,SELL,LIMIT,1701000660942,9478,0.0094799
BEAMXUSDT,SELL,LIMIT,1701000685410,134034,0.0094747
BEAMXUSDT,BUY,LIMIT,1701001250734,14833,0.0098055
BEAMXUSDT,BUY,LIMIT,1701001265279,77190,0.0098085
BEAMXUSDT,BUY,LIMIT,1701001275226,90376,0.0098196
BEAMXUSDT,BUY,LIMIT,1701001290585,979,0.0098247
BEAMXUSDT,BUY,LIMIT,1701001473348,14628,0.0098485
BEAMXUSDT,BUY,LIMIT,1701001599280,36435,0.0098815
BEAMXUSDT,SELL,LIMIT,1701001847399,14161,0.0095633
BEAMXUSDT,SELL,LIMIT,1701001921137,106203,0.0095403
BEAMXUSDT,SELL,LIMIT,1701002443462,27710,0.0095065
BEAMXUSDT,SELL,LIMIT,1701002444536,103839,0.0094933
BEAMXUSDT,SELL,LIMIT,1701002451371,183855,0.0094905
BEAMXUSDT,BUY,LIMIT,1701002720406,388794,0.0098489
BEAMXUSDT,BUY,LIMIT,1701002793281,5157,0.0098743
BEAMXUSDT,BUY,LIMIT,1701002815439,20006,0.0099040
BEAMXUSDT,SELL,LIMIT,1701003002124,60962,0.0095358
BEAMXUSDT,SELL,LIMIT,1701003003305,275538,0.0095479
BEAMXUSDT,SELL,LIMIT,1701004099064,71501,0.0095423
BEAMXUSDT,SELL,LIMIT,1701004125268,1748,0.0095314
BEAMXUSDT,SELL,LIMIT,1701004131424,20907,0.0095188
BEAMXUSDT,SELL,LIMIT,1701004967294,1182,0.0095703
BEAMXUSDT,SELL,LIMIT,1701005082214,4977,0.0095371
BEAMXUSDT,SELL,LIMIT,1701005166348,763,0.0095267
BEAMXUSDT,SELL,LIMIT,1701005168547,9349,0.0095196
BEAMXUSDT,SELL,LIMIT,1701005326476,773,0.0095112
BEAMXUSDT,SELL,LIMIT,1701005347515,40601,0.0095106
BEAMXUSDT,SELL,LIMIT,1701005400225,2235,0.0094885
BEAMXUSDT,SELL,LIMIT,1701005812050,242699,0.0095236
BEAMXUSDT,SELL,LIMIT,1701007842787,7925,0.0095218
BEAMXUSDT,SELL,LIMIT,1701008144165,4966,0.0095001
BEAMXUSDT,SELL,LIMIT,1701008179270,24937,0.0096474
BEAMXUSDT,SELL,LIMIT,1701008220643,5633,0.0094883
BEAMXUSDT,SELL,LIMIT,1701008260713,57285,0.0094601
BEAMXUSDT,SELL,LIMIT,1701008278096,500000,0.0094344
BEAMXUSDT,SELL,LIMIT,1701008290960,6654,0.0094303
BEAMXUSDT,SELL,LIMIT,1701008405333,9950,0.0094041
BEAMXUSDT,SELL,LIMIT,1701008433336,525,0.0094017
BEAMXUSDT,SELL,LIMIT,1701008444857,392,0.0093886
BEAMXUSDT,SELL,LIMIT,1701008446209,141050,0.0093756
BEAMXUSDT,SELL,LIMIT,1701008449483,2060,0.0093654
BEAMXUSDT,SELL,LIMIT,1701008460646,597,0.0093520
BEAMXUSDT,SELL,LIMIT,1701008541372,93787,0.0093335
BEAMXUSDT,SELL,LIMIT,1701008542489,5899,0.0093281
BEAMXUSDT,SELL,LIMIT,1701008543596,825,0.0093215
BEAMXUSDT,SELL,LIMIT,1701008803228,50120,0.0093471
BEAMXUSDT,SELL,LIMIT,1701009019328,516090,0.0093482
BEAMXUSDT,BUY,LIMIT,1701009206855,183389,0.0096685
BEAMXUSDT,BUY,LIMIT,1701009208094,797,0.0097061
BEAMXUSDT,SELL,LIMIT,1701009290410,31167,0.0093990
BEAMXUSDT,BUY,LIMIT,1701009335889,7644,0.0097462
BEAMXUSDT,BUY,LIMIT,1701009350332,10316,0.0097543
BEAMXUSDT,BUY,LIMIT,1701010069373,98798,0.0097473
BEAMXUSDT,SELL,LIMIT,1701010236263,953,0.0093933
BEAMXUSDT,SELL,LIMIT,1701010510230,104471,0.0093839
BEAMXUSDT,SELL,LIMIT,1701010512044,6171,0.0093765
BEAMXUSDT,SELL,LIMIT,1701010513093,683,0.0093755
BEAMXUSDT,SELL,LIMIT,1701010522095,16125,0.0093600
BEAMXUSDT,SELL,LIMIT,1701010523220,236044,0.0093440
BEAMXUSDT,SELL,LIMIT,1701010905464,3913,0.0093139
BEAMXUSDT,BUY,LIMIT,1701011097630,8988,0.0096450
BEAMXUSDT,BUY,LIMIT,1701011364192,27623,0.0097151
BEAMXUSDT,BUY,LIMIT,1701011371150,1309,0.0097292
BEAMXUSDT,BUY,LIMIT,1701011972825,16235,0.0097321
BEAMXUSDT,BUY,LIMIT,1701012278089,3000,0.0097634
BEAMXUSDT,SELL,LIMIT,1701012364842,4372,0.0094610
BEAMXUSDT,SELL,LIMIT,1701012514078,12064,0.0094286
BEAMXUSDT,SELL,LIMIT,1701012516607,4545,0.0094208
BEAMXUSDT,SELL,LIMIT,1701012574362,30843,0.0093985
BEAMXUSDT,SELL,LIMIT,1701012641835,26906,0.0095811
BEAMXUSDT,SELL,LIMIT,1701012688889,12911,0.0094243
BEAMXUSDT,SELL,LIMIT,1701013517170,473150,0.0094336
BEAMXUSDT,SELL,LIMIT,1701013696273,26145,0.0093748
BEAMXUSDT,SELL,LIMIT,1701013712028,5216,0.0093508
BEAMXUSDT,SELL,LIMIT,1701013957328,44742,0.0093497
BEAMXUSDT,SELL,LIMIT,1701013959619,13784,0.0093447
BEAMXUSDT,SELL,LIMIT,1701013974095,15788,0.0093277
BEAMXUSDT,SELL,LIMIT,1701013992322,30046,0.0093230
BEAMXUSDT,SELL,LIMIT,1701014025572,231613,0.0093090
BEAMXUSDT,SELL,LIMIT,1701014042839,3040,0.0093649
BEAMXUSDT,SELL,LIMIT,1701014047195,3981,0.0092863
BEAMXUSDT,SELL,LIMIT,1701014048201,36497,0.0092803
BEAMXUSDT,SELL,LIMIT,1701014049262,15258,0.0092561
BEAMXUSDT,SELL,LIMIT,1701014051038,159168,0.0092432
BEAMXUSDT,SELL,LIMIT,1701014052169,62406,0.0092427
BEAMXUSDT,SELL,LIMIT,1701014053345,644,0.0092351
BEAMXUSDT,BUY,LIMIT,1701014094938,2378,0.0095911
BEAMXUSDT,BUY,LIMIT,1701014096832,2374,0.0095931
BEAMXUSDT,BUY,LIMIT,1701014648287,4825,0.0095817
BEAMXUSDT,SELL,LIMIT,1701014860811,6000,0.0092499
BEAMXUSDT,BUY,LIMIT,1701014936146,297366,0.0095225
BEAMXUSDT,SELL,LIMIT,1701014937364,10538,0.0118683
BEAMXUSDT,SELL,LIMIT,1701015201408,3000,0.0092206
BEAMXUSDT,SELL,LIMIT,1701015249425,964,0.0092071
BEAMXUSDT,SELL,LIMIT,1701015260065,26110,0.0091683
BEAMXUSDT,SELL,LIMIT,1701015261092,5232,0.0091742
BEAMXUSDT,SELL,LIMIT,1701015262198,525764,0.0091205
BEAMXUSDT,SELL,LIMIT,1701015263359,130212,0.0091118
BEAMXUSDT,SELL,LIMIT,1701015270180,22547,0.0091063
BEAMXUSDT,SELL,LIMIT,1701015481508,147062,0.0090987
BEAMXUSDT,SELL,LIMIT,1701015498430,29394,0.0090948
BEAMXUSDT,SELL,LIMIT,1701015507595,209051,0.0090921
BEAMXUSDT,SELL,LIMIT,1701015508617,36733,0.0090909
BEAMXUSDT,SELL,LIMIT,1701015512412,990,0.0090861
BEAMXUSDT,SELL,LIMIT,1701015513495,549220,0.0090836
BEAMXUSDT,SELL,LIMIT,1701015515241,3383,0.0090770
BEAMXUSDT,SELL,LIMIT,1701015523667,77090,0.0090684
BEAMXUSDT,SELL,LIMIT,1701015527076,1984,0.0090518
BEAMXUSDT,SELL,LIMIT,1701015568918,19836,0.0090486
BEAMXUSDT,SELL,LIMIT,1701015576750,361152,0.0090447
BEAMXUSDT,SELL,LIMIT,1701015585167,88496,0.0090196
BEAMXUSDT,SELL,LIMIT,1701015603409,994702,0.0089765
BEAMXUSDT,SELL,LIMIT,1701015607294,2620,0.0090205
BEAMXUSDT,SELL,LIMIT,1701015654010,5670,0.0090149
BEAMXUSDT,SELL,LIMIT,1701015672153,8326,0.0090168
BEAMXUSDT,SELL,LIMIT,1701015673493,2322,0.0090168
BEAMXUSDT,SELL,LIMIT,1701015678054,22061,0.0090040
BEAMXUSDT,SELL,LIMIT,1701015684916,584872,0.0089908
BEAMXUSDT,SELL,LIMIT,1701015688310,22392,0.0089902
BEAMXUSDT,SELL,LIMIT,1701015690248,6358,0.0089849
BEAMXUSDT,SELL,LIMIT,1701015695239,250147,0.0089648
BEAMXUSDT,SELL,LIMIT,1701015713365,197721,0.0089489
BEAMXUSDT,SELL,LIMIT,1701015730030,450425,0.0089524
BEAMXUSDT,SELL,LIMIT,1701015747296,50423,0.0089480
BEAMXUSDT,SELL,LIMIT,1701015752171,198565,0.0089315
BEAMXUSDT,SELL,LIMIT,1701015753198,7249,0.0089349
BEAMXUSDT,SELL,LIMIT,1701015756491,9989,0.0089131
BEAMXUSDT,SELL,LIMIT,1701015759142,118390,0.0089054
BEAMXUSDT,SELL,LIMIT,1701015760140,45756,0.0088866
BEAMXUSDT,SELL,LIMIT,1701015761331,101574,0.0088820
BEAMXUSDT,SELL,LIMIT,1701015762923,63729,0.0088812
BEAMXUSDT,SELL,LIMIT,1701015763963,25000,0.0088659
BEAMXUSDT,SELL,LIMIT,1701015768141,11490,0.0088576
BEAMXUSDT,SELL,LIMIT,1701015774145,334995,0.0088141
BEAMXUSDT,BUY,LIMIT,1701015818625,10000,0.0092293
BEAMXUSDT,SELL,LIMIT,1701015877620,2036,0.0089250
BEAMXUSDT,SELL,LIMIT,1701015990034,240530,0.0089044
BEAMXUSDT,SELL,LIMIT,1701016019229,538,0.0089003
BEAMXUSDT,SELL,LIMIT,1701016031324,1123,0.0089023
BEAMXUSDT,SELL,LIMIT,1701016042646,9775,0.0088844
BEAMXUSDT,SELL,LIMIT,1701016044702,9764,0.0088682
BEAMXUSDT,SELL,LIMIT,1701016047879,50000,0.0088567
BEAMXUSDT,SELL,LIMIT,1701016048659,7849,0.0088567
BEAMXUSDT,SELL,LIMIT,1701016050688,149105,0.0088548
BEAMXUSDT,SELL,LIMIT,1701016055441,37728,0.0088300
BEAMXUSDT,SELL,LIMIT,1701016095417,149930,0.0088120
BEAMXUSDT,SELL,LIMIT,1701016098244,12,0.0088151
BEAMXUSDT,SELL,LIMIT,1701016100042,18701,0.0088221
BEAMXUSDT,SELL,LIMIT,1701016101906,500000,0.0088145
BEAMXUSDT,SELL,LIMIT,1701016111169,34498,0.0088052
BEAMXUSDT,SELL,LIMIT,1701016119548,93877,0.0087991
BEAMXUSDT,SELL,LIMIT,1701016121770,24880,0.0087952
BEAMXUSDT,SELL,LIMIT,1701016292184,15264,0.0088193
BEAMXUSDT,SELL,LIMIT,1701016294016,138982,0.0088185
BEAMXUSDT,SELL,LIMIT,1701016296331,476414,0.0088090
BEAMXUSDT,SELL,LIMIT,1701016310350,11329,0.0088094
BEAMXUSDT,BUY,LIMIT,1701016403398,15895,0.0091602
BEAMXUSDT,SELL,LIMIT,1701016555627,76177,0.0088998
BEAMXUSDT,SELL,LIMIT,1701016637369,96993,0.0089005
BEAMXUSDT,BUY,LIMIT,1701018509391,9158,0.0093039
BEAMXUSDT,BUY,LIMIT,1701018520027,21757,0.0093332
BEAMXUSDT,BUY,LIMIT,1701018547056,557948,0.0093620
BEAMXUSDT,BUY,LIMIT,1701018549503,5793,0.0093941
BEAMXUSDT,BUY,LIMIT,1701018551464,35408,0.0093968
BEAMXUSDT,BUY,LIMIT,1701018815189,50181,0.0094150
BEAMXUSDT,BUY,LIMIT,1701018954082,568230,0.0094188
BEAMXUSDT,BUY,LIMIT,1701019995294,1,0.0094216
BEAMXUSDT,BUY,LIMIT,1701020038382,226182,0.0094351
BEAMXUSDT,BUY,LIMIT,1701020275474,534371,0.0094849
BEAMXUSDT,BUY,LIMIT,1701020283422,44925,0.0094891
BEAMXUSDT,BUY,LIMIT,1701020566257,12646,0.0095128
BEAMXUSDT,BUY,LIMIT,1701020659429,11677,0.0095273
BEAMXUSDT,BUY,LIMIT,1701020665948,15707,0.0095498
BEAMXUSDT,SELL,LIMIT,1701022018587,16029,0.0091729
BEAMXUSDT,SELL,LIMIT,1701022732553,2323,0.0091672
BEAMXUSDT,BUY,LIMIT,1701023198294,450627,0.0094916
BEAMXUSDT,SELL,LIMIT,1701023298083,69296,0.0091552
BEAMXUSDT,SELL,LIMIT,1701023301197,29740,0.0091537
BEAMXUSDT,SELL,LIMIT,1701023311076,133555,0.0091444
BEAMXUSDT,SELL,LIMIT,1701023358496,461,0.0091316
BEAMXUSDT,SELL,LIMIT,1701023364799,113325,0.0091245
BEAMXUSDT,BUY,LIMIT,1701025471740,12000,0.0095135
BEAMXUSDT,SELL,LIMIT,1701026984764,353047,0.0091925
BEAMXUSDT,SELL,LIMIT,1701027920153,281097,0.0091780
BEAMXUSDT,SELL,LIMIT,1701028327335,11771,0.0091680
BEAMXUSDT,BUY,LIMIT,1701028847375,36990,0.0095222
BEAMXUSDT,BUY,LIMIT,1701029044597,536559,0.0095148
BEAMXUSDT,BUY,LIMIT,1701029418115,3266,0.0095329
BEAMXUSDT,BUY,LIMIT,1701029440128,40534,0.0095355
BEAMXUSDT,BUY,LIMIT,1701029484177,5685,0.0095469
BEAMXUSDT,BUY,LIMIT,1701029816416,394312,0.0095794
BEAMXUSDT,BUY,LIMIT,1701029833183,29125,0.0095901
BEAMXUSDT,BUY,LIMIT,1701029851202,46369,0.0096216
BEAMXUSDT,BUY,LIMIT,1701029854279,27350,0.0096371
BEAMXUSDT,BUY,LIMIT,1701030073454,10890,0.0096817
BEAMXUSDT,BUY,LIMIT,1701030709005,249864,0.0096852
BEAMXUSDT,BUY,LIMIT,1701031497962,6766,0.0096952
BEAMXUSDT,BUY,LIMIT,1701031590373,3166,0.0096780
BEAMXUSDT,BUY,LIMIT,1701031757347,36838,0.0096787
BEAMXUSDT,SELL,LIMIT,1701033388791,629,0.0093430
BEAMXUSDT,BUY,LIMIT,1701034379556,1385,0.0096996
BEAMXUSDT,BUY,LIMIT,1701034540325,35051,0.0097237
BEAMXUSDT,BUY,LIMIT,1701034691999,6747,0.0097361
BEAMXUSDT,SELL,LIMIT,1701035771403,8444,0.0094044
BEAMXUSDT,SELL,LIMIT,1701035784026,310744,0.0093981
BEAMXUSDT,BUY,LIMIT,1701036210234,32383,0.0097277
BEAMXUSDT,SELL,LIMIT,1701036664669,2516,0.0093970
BEAMXUSDT,BUY,LIMIT,1701036932879,234453,0.0097121
BEAMXUSDT,BUY,LIMIT,1701037806223,28344,0.0098131
BEAMXUSDT,SELL,LIMIT,1701040309846,65752,0.0094598
BEAMXUSDT,SELL,LIMIT,1701042021164,64347,0.0093562
BEAMXUSDT,SELL,LIMIT,1701044134477,31338,0.0093331
BEAMXUSDT,SELL,LIMIT,1701045805889,44772,0.0093142
BEAMXUSDT,SELL,LIMIT,1701046085705,524,0.0092835
BEAMXUSDT,SELL,LIMIT,1701046091692,64379,0.0092609
BEAMXUSDT,SELL,LIMIT,1701046235055,75242,0.0092520
BEAMXUSDT,SELL,LIMIT,1701046243848,250263,0.0092509
BEAMXUSDT,SELL,LIMIT,1701046245839,621,0.0092446
BEAMXUSDT,BUY,LIMIT,1701046878476,16018,0.0095321
BEAMXUSDT,SELL,LIMIT,1701046881734,178197,0.0092401
BEAMXUSDT,SELL,LIMIT,1701048281710,3095,0.0092963
BEAMXUSDT,SELL,LIMIT,1701049280198,542417,0.0092579
BEAMXUSDT,SELL,LIMIT,1701049514860,328046,0.0092463
BEAMXUSDT,SELL,LIMIT,1701051335166,44041,0.0092513
BEAMXUSDT,SELL,LIMIT,1701051625649,178591,0.0092023
BEAMXUSDT,SELL,LIMIT,1701051805373,9902,0.0091676
BEAMXUSDT,SELL,LIMIT,1701051845450,42680,0.0091656
BEAMXUSDT,SELL,LIMIT,1701051893713,7553,0.0091594
BEAMXUSDT,SELL,LIMIT,1701051911546,10280,0.0091476
BEAMXUSDT,SELL,LIMIT,1701051919845,533,0.0091363
BEAMXUSDT,SELL,LIMIT,1701051925568,545,0.0091182
BEAMXUSDT,SELL,LIMIT,1701052558066,5693,0.0090916
BEAMXUSDT,SELL,LIMIT,1701052646650,45365,0.0090826
BEAMXUSDT,SELL,LIMIT,1701052648250,11612,0.0090770
BEAMXUSDT,SELL,LIMIT,1701052722320,117835,0.0090556
BEAMXUSDT,SELL,LIMIT,1701052759213,1583,0.0090478
BEAMXUSDT,SELL,LIMIT,1701052795934,42065,0.0090439
BEAMXUSDT,SELL,LIMIT,1701052930616,9261,0.0090304
BEAMXUSDT,BUY,LIMIT,1701054237616,6383,0.0094354
BEAMXUSDT,BUY,LIMIT,1701055038747,30659,0.0093397
BEAMXUSDT,SELL,LIMIT,1701055062793,2127,0.0090551
BEAMXUSDT,SELL,LIMIT,1701055567377,2887,0.0090361
BEAMXUSDT,SELL,LIMIT,1701055698507,1034,0.0090010
BEAMXUSDT,SELL,LIMIT,1701056122930,146746,0.0089743
BEAMXUSDT,SELL,LIMIT,1701056131977,1287,0.0089691
BEAMXUSDT,BUY,LIMIT,1701056698191,49262,0.0092965
BEAMXUSDT,BUY,LIMIT,1701058145165,10954,0.0093590
BEAMXUSDT,BUY,LIMIT,1701060483326,8852,0.0093368
BEAMXUSDT,BUY,LIMIT,1701060948195,54219,0.0093734
BEAMXUSDT,SELL,LIMIT,1701062660864,9094,0.0090817
