Symbol,Side,Order Type,Time,Quantity,Price
BELUSDT,BUY,LIMIT,1701918982937,254,0.74139
BELUSDT,BUY,LIMIT,1701919001797,104,0.74486
BELUSDT,SELL,LIMIT,1701936924854,666,0.69886
BELUSDT,SELL,LIMIT,1701940557698,26,0.68905
BELUSDT,SELL,LIMIT,1701940559095,247,0.68889
BELUSDT,SELL,LIMIT,1701940568094,275,0.68703
BELUSDT,SELL,LIMIT,1701940697387,1510,0.68638
BELUSDT,SELL,LIMIT,1701941073540,470,0.68485
BELUSDT,SELL,LIMIT,1701941150455,719,0.68423
BELUSDT,SELL,LIMIT,1701941151695,6307,0.68392
BELUSDT,SELL,LIMIT,1701941169231,81,0.68179
BELUSDT,SELL,LIMIT,1701941174860,1396,0.68174
BELUSDT,SELL,LIMIT,1701941176153,848,0.68172
BELUSDT,SELL,LIMIT,1701941180037,521,0.68154
BELUSDT,SELL,LIMIT,1701941182411,1282,0.68118
BELUSDT,SELL,LIMIT,1701941193255,7058,0.67856
BELUSDT,SELL,LIMIT,1701941245301,240,0.67830
BELUSDT,SELL,LIMIT,1701941246345,143,0.67790
BELUSDT,BUY,LIMIT,1701953235494,847,0.75168
BELUSDT,BUY,LIMIT,1701953976590,1,0.74574
BELUSDT,SELL,LIMIT,1701974579233,2714,0.69954
BELUSDT,SELL,LIMIT,1701976466231,4908,0.69585
BELUSDT,SELL,LIMIT,1701976468324,412,0.69555
BELUSDT,SELL,LIMIT,1701976869711,12,0.69456
BELUSDT,SELL,LIMIT,1701977300050,9,0.69266
BELUSDT,BUY,LIMIT,1701985124288,200,0.72757
BELUSDT,SELL,LIMIT,1701988380535,41,0.69194
BELUSDT,BUY,LIMIT,1702015993981,136,0.74107
BELUSDT,BUY,LIMIT,1702015999297,372,0.74195
BELUSDT,BUY,LIMIT,1702034122196,9,0.75853
BELUSDT,BUY,LIMIT,1702034262206,184,0.76183
BELUSDT,BUY,LIMIT,1702034982169,414,0.76426
BELUSDT,BUY,LIMIT,1702035003431,69,0.76519
BELUSDT,BUY,LIMIT,1702035006467,121,0.76569
BELUSDT,BUY,LIMIT,1702037666722,70,0.76999
BELUSDT,BUY,LIMIT,1702037684284,14,0.77092
BELUSDT,BUY,LIMIT,1702037688502,2416,0.77243
BELUSDT,BUY,LIMIT,1702044970823,150,0.76246
BELUSDT,SELL,LIMIT,1702051257588,1198,0.74177
BELUSDT,BUY,LIMIT,1702051501763,47,0.77010
BELUSDT,BUY,LIMIT,1702053445380,93,0.76413
BELUSDT,BUY,LIMIT,1702053732469,14,0.76837
BELUSDT,BUY,LIMIT,1702064060253,27,0.76177
BELUSDT,BUY,LIMIT,1702067590378,1891,0.76228
BELUSDT,BUY,LIMIT,1702068934242,1987,0.76449
BELUSDT,BUY,LIMIT,1702069371339,65,0.76430
BELUSDT,BUY,LIMIT,1702078177083,3176,0.76876
BELUSDT,BUY,LIMIT,1702078502987,8,0.76775
BELUSDT,BUY,LIMIT,1702080550820,400,0.76918
BELUSDT,BUY,LIMIT,1702081832097,133,0.77295
BELUSDT,BUY,LIMIT,1702082974938,70,0.76905
BELUSDT,BUY,LIMIT,1702092204008,212,0.76437
BELUSDT,BUY,LIMIT,1702097672290,70,0.76316
BELUSDT,BUY,LIMIT,1702102356638,29,0.75943
BELUSDT,BUY,LIMIT,1702102929864,70,0.76097
BELUSDT,BUY,LIMIT,1702103366276,29,0.76428
BELUSDT,BUY,LIMIT,1702103376622,133,0.76494
BELUSDT,BUY,LIMIT,1702104981222,627,0.75745
BELUSDT,BUY,LIMIT,1702107341104,42,0.77854
BELUSDT,BUY,LIMIT,1702107357198,20,0.77942
BELUSDT,BUY,LIMIT,1702107714073,36,0.78156
BELUSDT,BUY,LIMIT,1702107768909,7494,0.78450
BELUSDT,BUY,LIMIT,1702107770507,82,0.78602
BELUSDT,BUY,LIMIT,1702108055048,13,0.79016
BELUSDT,BUY,LIMIT,1702108132692,12,0.79121
BELUSDT,BUY,LIMIT,1702108168867,1255,0.79157
BELUSDT,BUY,LIMIT,1702109360044,136,0.78866
BELUSDT,BUY,LIMIT,1702109514107,135,0.78733
BELUSDT,BUY,LIMIT,1702109756395,57,0.78881
BELUSDT,BUY,LIMIT,1702110419037,9,0.78754
BELUSDT,SELL,LIMIT,1702111046676,2806,0.73871
BELUSDT,SELL,LIMIT,1702111382927,78,0.73631
BELUSDT,SELL,LIMIT,1702111387791,280,0.73450
BELUSDT,SELL,LIMIT,1702133000193,428,0.73202
BELUSDT,SELL,LIMIT,1702133006531,132,0.73053
BELUSDT,SELL,LIMIT,1702133008794,223,0.72935
BELUSDT,SELL,LIMIT,1702133011319,2063,0.72675
