Symbol,Side,Order Type,Time,Quantity,Price
BIGTIMEUSDT,SELL,LIMIT,1701915018837,7603,0.6415837
BIGTIMEUSDT,SELL,LIMIT,1701915022188,13,0.6404200
BIGTIMEUSDT,SELL,LIMIT,1701915025014,950,0.6403606
BIGTIMEUSDT,BUY,LIMIT,1701915171602,4142,0.6662003
BIGTIMEUSDT,SELL,LIMIT,1701915320207,635,0.6437175
BIGTIMEUSDT,SELL,LIMIT,1701915452255,365,0.6416118
BIGTIMEUSDT,BUY,LIMIT,1701915913336,25,0.6643282
BIGTIMEUSDT,BUY,LIMIT,1701916049302,160,0.6660795
BIGTIMEUSDT,SELL,LIMIT,1701916144234,3124,0.6415057
BIGTIMEUSDT,BUY,LIMIT,1701916173745,99,0.6660213
BIGTIMEUSDT,BUY,LIMIT,1701916195409,8,0.6691998
BIGTIMEUSDT,BUY,LIMIT,1701916200315,62,0.6698839
BIGTIMEUSDT,SELL,LIMIT,1701916386522,7658,0.6400146
BIGTIMEUSDT,BUY,LIMIT,1701916427257,155,0.6626750
BIGTIMEUSDT,SELL,LIMIT,1701916463095,2080,0.6387642
BIGTIMEUSDT,SELL,LIMIT,1701916473109,296,0.6381880
BIGTIMEUSDT,SELL,LIMIT,1701916474631,829,0.6380355
BIGTIMEUSDT,SELL,LIMIT,1701916484690,76,0.6376708
BIGTIMEUSDT,SELL,LIMIT,1701916525976,29,0.6365267
BIGTIMEUSDT,SELL,LIMIT,1701916547108,425,0.6341646
BIGTIMEUSDT,SELL,LIMIT,1701916548146,212,0.6341408
BIGTIMEUSDT,SELL,LIMIT,1701916564143,73,0.6326994
BIGTIMEUSDT,SELL,LIMIT,1701916566604,595,0.6311847
BIGTIMEUSDT,SELL,LIMIT,1701916940248,12,0.6283736
BIGTIMEUSDT,SELL,LIMIT,1701916941518,149,0.6284635
BIGTIMEUSDT,BUY,LIMIT,1701916984265,3376,0.6517631
BIGTIMEUSDT,SELL,LIMIT,1701917153417,346,0.6284181
BIGTIMEUSDT,SELL,LIMIT,1701917166586,166,0.6281236
BIGTIMEUSDT,SELL,LIMIT,1701917255035,1937,0.6273281
BIGTIMEUSDT,SELL,LIMIT,1701917256285,192,0.6272062
BIGTIMEUSDT,SELL,LIMIT,1701917258230,670,0.6260624
BIGTIMEUSDT,SELL,LIMIT,1701917274058,7389,0.6251498
BIGTIMEUSDT,SELL,LIMIT,1701917276375,2409,0.6251772
BIGTIMEUSDT,BUY,LIMIT,1701917286811,5365,0.6477967
BIGTIMEUSDT,SELL,LIMIT,1701917491657,1817,0.6249949
BIGTIMEUSDT,SELL,LIMIT,1701917573168,737,0.6267556
BIGTIMEUSDT,SELL,LIMIT,1701917604079,4000,0.6252452
BIGTIMEUSDT,SELL,LIMIT,1701917610995,7907,0.6249421
BIGTIMEUSDT,SELL,LIMIT,1701917622624,265,0.6246262
BIGTIMEUSDT,SELL,LIMIT,1701917628576,4854,0.6245137
BIGTIMEUSDT,SELL,LIMIT,1701917629769,120,0.6243205
BIGTIMEUSDT,SELL,LIMIT,1701917739500,7023,0.6240897
BIGTIMEUSDT,SELL,LIMIT,1701917748078,2484,0.6232499
BIGTIMEUSDT,SELL,LIMIT,1701917751333,9208,0.6217531
BIGTIMEUSDT,SELL,LIMIT,1701917870488,70,0.6221382
BIGTIMEUSDT,SELL,LIMIT,1701918116185,1979,0.6189963
BIGTIMEUSDT,SELL,LIMIT,1701918117186,1031,0.6189228
BIGTIMEUSDT,SELL,LIMIT,1701918118260,395,0.6179650
BIGTIMEUSDT,SELL,LIMIT,1701918123055,344,0.6176301
BIGTIMEUSDT,SELL,LIMIT,1701918124184,149,0.6172222
BIGTIMEUSDT,SELL,LIMIT,1701918127388,23,0.6163136
BIGTIMEUSDT,SELL,LIMIT,1701918356619,765,0.6163146
BIGTIMEUSDT,SELL,LIMIT,1701918358850,489,0.6149395
BIGTIMEUSDT,SELL,LIMIT,1701918360126,1182,0.6136035
BIGTIMEUSDT,SELL,LIMIT,1701918361255,12727,0.6101669
BIGTIMEUSDT,SELL,LIMIT,1701918366458,8451,0.6114949
BIGTIMEUSDT,SELL,LIMIT,1701918368077,1525,0.6109983
BIGTIMEUSDT,SELL,LIMIT,1701918369095,3523,0.6112281
BIGTIMEUSDT,SELL,LIMIT,1701918370330,54,0.6102538
BIGTIMEUSDT,SELL,LIMIT,1701918505707,3773,0.6104388
BIGTIMEUSDT,SELL,LIMIT,1701918555421,607,0.6093415
BIGTIMEUSDT,SELL,LIMIT,1701918557520,513,0.6090920
BIGTIMEUSDT,SELL,LIMIT,1701918564079,237,0.6083759
BIGTIMEUSDT,SELL,LIMIT,1701918565234,1618,0.6081281
BIGTIMEUSDT,SELL,LIMIT,1701918574020,1505,0.6073710
BIGTIMEUSDT,SELL,LIMIT,1701918578102,215,0.6071779
BIGTIMEUSDT,SELL,LIMIT,1701918614296,25,0.6069799
BIGTIMEUSDT,SELL,LIMIT,1701918615348,190,0.6070027
BIGTIMEUSDT,SELL,LIMIT,1701918626359,7344,0.6059133
BIGTIMEUSDT,SELL,LIMIT,1701918627541,9,0.6053024
BIGTIMEUSDT,SELL,LIMIT,1701918654444,503,0.6041798
BIGTIMEUSDT,SELL,LIMIT,1701918655590,16,0.6034693
BIGTIMEUSDT,SELL,LIMIT,1701918656730,308,0.6031764
BIGTIMEUSDT,SELL,LIMIT,1701918670188,944,0.6026324
BIGTIMEUSDT,BUY,LIMIT,1701918740487,597,0.6245526
BIGTIMEUSDT,BUY,LIMIT,1701918766168,651,0.6260730
BIGTIMEUSDT,BUY,LIMIT,1701918784176,768,0.6270511
BIGTIMEUSDT,BUY,LIMIT,1701918785357,324,0.6287373
BIGTIMEUSDT,BUY,LIMIT,1701918786766,2721,0.6289843
BIGTIMEUSDT,BUY,LIMIT,1701918930612,2019,0.6312562
BIGTIMEUSDT,BUY,LIMIT,1701918959219,8076,0.6338637
BIGTIMEUSDT,BUY,LIMIT,1701918965414,16,0.6343156
BIGTIMEUSDT,BUY,LIMIT,1701919091360,74,0.6392008
BIGTIMEUSDT,BUY,LIMIT,1701919093067,890,0.6472339
BIGTIMEUSDT,BUY,LIMIT,1701919094104,20361,0.6460710
BIGTIMEUSDT,BUY,LIMIT,1701919095123,764,0.6538154
BIGTIMEUSDT,BUY,LIMIT,1701919096229,449,0.6544509
BIGTIMEUSDT,BUY,LIMIT,1701919100777,648,0.6555157
BIGTIMEUSDT,BUY,LIMIT,1701919101846,895,0.6578925
BIGTIMEUSDT,BUY,LIMIT,1701919103255,85,0.6592656
BIGTIMEUSDT,BUY,LIMIT,1701919104555,143,0.6601142
BIGTIMEUSDT,BUY,LIMIT,1701919105625,19000,0.6659922
BIGTIMEUSDT,BUY,LIMIT,1701919106672,721,0.6678557
BIGTIMEUSDT,BUY,LIMIT,1701919154866,146,0.6614995
BIGTIMEUSDT,SELL,LIMIT,1701919160022,1349,0.6383115
BIGTIMEUSDT,SELL,LIMIT,1701919161104,1917,0.6377013
BIGTIMEUSDT,SELL,LIMIT,1701919166223,15,0.6368684
BIGTIMEUSDT,SELL,LIMIT,1701919168788,24,0.6363087
BIGTIMEUSDT,SELL,LIMIT,1701919205454,46,0.6342524
BIGTIMEUSDT,SELL,LIMIT,1701919209292,30,0.6333665
BIGTIMEUSDT,SELL,LIMIT,1701919211273,2597,0.6328002
BIGTIMEUSDT,SELL,LIMIT,1701919214945,2024,0.6322720
BIGTIMEUSDT,SELL,LIMIT,1701919220833,28,0.6312252
BIGTIMEUSDT,BUY,LIMIT,1701919363245,3033,0.6532784
BIGTIMEUSDT,SELL,LIMIT,1701919510836,351,0.6299871
BIGTIMEUSDT,SELL,LIMIT,1701919515050,37,0.6280973
BIGTIMEUSDT,BUY,LIMIT,1701919584843,787,0.6473795
BIGTIMEUSDT,SELL,LIMIT,1701919765593,1972,0.6251105
BIGTIMEUSDT,BUY,LIMIT,1701920183110,35,0.6485695
BIGTIMEUSDT,SELL,LIMIT,1701920267449,413,0.6246206
BIGTIMEUSDT,SELL,LIMIT,1701920269177,1125,0.6245836
BIGTIMEUSDT,SELL,LIMIT,1701920376695,7845,0.6224729
BIGTIMEUSDT,SELL,LIMIT,1701920493367,1523,0.6212220
BIGTIMEUSDT,BUY,LIMIT,1701920757430,444,0.6440234
BIGTIMEUSDT,BUY,LIMIT,1701920799143,11,0.6444259
BIGTIMEUSDT,BUY,LIMIT,1701921103108,105,0.6456779
BIGTIMEUSDT,BUY,LIMIT,1701921261783,85,0.6464771
BIGTIMEUSDT,SELL,LIMIT,1701921330800,157,0.6224271
BIGTIMEUSDT,SELL,LIMIT,1701921336216,7834,0.6188861
BIGTIMEUSDT,SELL,LIMIT,1701921337260,112,0.6203768
BIGTIMEUSDT,SELL,LIMIT,1701921338318,504,0.6177027
BIGTIMEUSDT,SELL,LIMIT,1701921388696,40,0.6160401
BIGTIMEUSDT,SELL,LIMIT,1701921391397,3000,0.6149123
BIGTIMEUSDT,SELL,LIMIT,1701921393730,7799,0.6137546
BIGTIMEUSDT,BUY,LIMIT,1701921620140,107,0.6386282
BIGTIMEUSDT,BUY,LIMIT,1701921625342,748,0.6396564
BIGTIMEUSDT,BUY,LIMIT,1701921629646,1232,0.6405553
BIGTIMEUSDT,BUY,LIMIT,1701922017270,78,0.6477117
BIGTIMEUSDT,BUY,LIMIT,1701922076620,35,0.6480961
BIGTIMEUSDT,BUY,LIMIT,1701922079344,112,0.6486591
BIGTIMEUSDT,BUY,LIMIT,1701922080592,208,0.6497908
BIGTIMEUSDT,BUY,LIMIT,1701922085505,323,0.6504110
BIGTIMEUSDT,SELL,LIMIT,1701922130675,467,0.6276004
BIGTIMEUSDT,BUY,LIMIT,1701922178013,5785,0.6496881
BIGTIMEUSDT,SELL,LIMIT,1701922291436,1238,0.6250684
BIGTIMEUSDT,SELL,LIMIT,1701922806378,159,0.6154677
BIGTIMEUSDT,SELL,LIMIT,1701922819390,2900,0.6134333
BIGTIMEUSDT,SELL,LIMIT,1701922820907,643,0.6133040
BIGTIMEUSDT,SELL,LIMIT,1701922822224,40,0.6128139
BIGTIMEUSDT,BUY,LIMIT,1701922928883,35,0.6396978
BIGTIMEUSDT,BUY,LIMIT,1701922971667,443,0.6406295
BIGTIMEUSDT,SELL,LIMIT,1701923075170,1215,0.6172490
BIGTIMEUSDT,BUY,LIMIT,1701923266662,167,0.6418140
BIGTIMEUSDT,BUY,LIMIT,1701923290963,1126,0.6440122
BIGTIMEUSDT,BUY,LIMIT,1701923314317,181,0.6478264
BIGTIMEUSDT,BUY,LIMIT,1701923315893,1379,0.6481028
BIGTIMEUSDT,BUY,LIMIT,1701923345690,6210,0.6488262
BIGTIMEUSDT,BUY,LIMIT,1701923506298,1641,0.6528599
BIGTIMEUSDT,BUY,LIMIT,1701923507395,13,0.6530901
BIGTIMEUSDT,BUY,LIMIT,1701923515131,476,0.6551463
BIGTIMEUSDT,BUY,LIMIT,1701923517771,12,0.6555649
BIGTIMEUSDT,BUY,LIMIT,1701923555529,3817,0.6565566
BIGTIMEUSDT,BUY,LIMIT,1701923560210,416,0.6568818
BIGTIMEUSDT,BUY,LIMIT,1701923565361,1057,0.6583855
BIGTIMEUSDT,BUY,LIMIT,1701923568413,3945,0.6597533
BIGTIMEUSDT,BUY,LIMIT,1701923570113,164,0.6603035
BIGTIMEUSDT,BUY,LIMIT,1701923621309,354,0.6630682
BIGTIMEUSDT,BUY,LIMIT,1701923622676,1556,0.6642280
BIGTIMEUSDT,BUY,LIMIT,1701923848316,1840,0.6626935
BIGTIMEUSDT,BUY,LIMIT,1701923850080,254,0.6625814
BIGTIMEUSDT,BUY,LIMIT,1701923926115,1088,0.6626168
BIGTIMEUSDT,BUY,LIMIT,1701924115190,151,0.6652466
BIGTIMEUSDT,BUY,LIMIT,1701924116383,153,0.6654195
BIGTIMEUSDT,BUY,LIMIT,1701924121117,45,0.6659052
BIGTIMEUSDT,BUY,LIMIT,1701924123143,10,0.6661808
BIGTIMEUSDT,BUY,LIMIT,1701924168489,121,0.6663996
BIGTIMEUSDT,BUY,LIMIT,1701924260131,250,0.6660293
BIGTIMEUSDT,BUY,LIMIT,1701924273986,319,0.6671784
BIGTIMEUSDT,BUY,LIMIT,1701924303929,31,0.6672528
BIGTIMEUSDT,BUY,LIMIT,1701924304931,904,0.6722957
BIGTIMEUSDT,BUY,LIMIT,1701924306626,21,0.6727933
BIGTIMEUSDT,BUY,LIMIT,1701924324202,348,0.6728426
BIGTIMEUSDT,BUY,LIMIT,1701924327255,1765,0.6740752
BIGTIMEUSDT,BUY,LIMIT,1701924332259,653,0.6751627
BIGTIMEUSDT,BUY,LIMIT,1701924333287,834,0.6757508
BIGTIMEUSDT,BUY,LIMIT,1701924335164,21,0.6771749
BIGTIMEUSDT,BUY,LIMIT,1701924336211,104,0.6787125
BIGTIMEUSDT,BUY,LIMIT,1701924337401,15,0.6779101
BIGTIMEUSDT,SELL,LIMIT,1701924381266,71,0.6539748
BIGTIMEUSDT,SELL,LIMIT,1701924424100,855,0.6522133
BIGTIMEUSDT,SELL,LIMIT,1701924434204,151,0.6483522
BIGTIMEUSDT,SELL,LIMIT,1701924441367,295,0.6464176
BIGTIMEUSDT,BUY,LIMIT,1701924577161,9,0.6725300
BIGTIMEUSDT,BUY,LIMIT,1701924578627,1424,0.6734787
BIGTIMEUSDT,BUY,LIMIT,1701925495194,161,0.6718060
BIGTIMEUSDT,SELL,LIMIT,1701925648581,69,0.6465769
BIGTIMEUSDT,SELL,LIMIT,1701926207174,341,0.6465776
BIGTIMEUSDT,SELL,LIMIT,1701926211410,118,0.6460461
BIGTIMEUSDT,SELL,LIMIT,1701926237393,4948,0.6442330
BIGTIMEUSDT,SELL,LIMIT,1701926257344,16,0.6438901
BIGTIMEUSDT,BUY,LIMIT,1701926388042,2114,0.6663721
BIGTIMEUSDT,BUY,LIMIT,1701926392286,107,0.6666960
BIGTIMEUSDT,BUY,LIMIT,1701926411549,71,0.6674726
BIGTIMEUSDT,BUY,LIMIT,1701926504237,30,0.6693266
BIGTIMEUSDT,BUY,LIMIT,1701926506009,56,0.6698490
BIGTIMEUSDT,BUY,LIMIT,1701926516760,442,0.6704707
BIGTIMEUSDT,BUY,LIMIT,1701926700212,28,0.6752060
BIGTIMEUSDT,BUY,LIMIT,1701926704390,396,0.6757887
BIGTIMEUSDT,BUY,LIMIT,1701926734080,712,0.6771065
BIGTIMEUSDT,SELL,LIMIT,1701926788777,914,0.6520889
BIGTIMEUSDT,BUY,LIMIT,1701927278874,40875,0.6804779
BIGTIMEUSDT,SELL,LIMIT,1701927586122,28,0.6531681
BIGTIMEUSDT,SELL,LIMIT,1701927731063,99,0.6522027
BIGTIMEUSDT,SELL,LIMIT,1701927813188,45,0.6497833
BIGTIMEUSDT,SELL,LIMIT,1701927915101,115,0.6454987
BIGTIMEUSDT,SELL,LIMIT,1701927964605,49,0.6447701
BIGTIMEUSDT,BUY,LIMIT,1701928326982,7031,0.6703598
BIGTIMEUSDT,BUY,LIMIT,1701928328825,128,0.6709129
BIGTIMEUSDT,BUY,LIMIT,1701928346839,276,0.6709652
BIGTIMEUSDT,BUY,LIMIT,1701928387482,1395,0.6736651
BIGTIMEUSDT,BUY,LIMIT,1701928392246,11,0.6714905
BIGTIMEUSDT,BUY,LIMIT,1701928401158,150,0.6748362
BIGTIMEUSDT,BUY,LIMIT,1701928411987,82,0.6758924
BIGTIMEUSDT,BUY,LIMIT,1701928584309,82,0.6788527
BIGTIMEUSDT,BUY,LIMIT,1701928585406,403,0.6798967
BIGTIMEUSDT,BUY,LIMIT,1701928586579,2579,0.6821866
BIGTIMEUSDT,BUY,LIMIT,1701928588293,644,0.6839938
BIGTIMEUSDT,BUY,LIMIT,1701928589389,145,0.6841587
BIGTIMEUSDT,BUY,LIMIT,1701928590478,2561,0.6852334
BIGTIMEUSDT,BUY,LIMIT,1701928594122,2014,0.6866430
BIGTIMEUSDT,BUY,LIMIT,1701928595255,2655,0.6873283
BIGTIMEUSDT,BUY,LIMIT,1701928596297,2670,0.6883477
BIGTIMEUSDT,BUY,LIMIT,1701928603834,342,0.6889783
BIGTIMEUSDT,BUY,LIMIT,1701928604870,195,0.6908555
BIGTIMEUSDT,BUY,LIMIT,1701928606298,1483,0.6939560
BIGTIMEUSDT,BUY,LIMIT,1701928607373,50,0.6947480
BIGTIMEUSDT,BUY,LIMIT,1701928788140,231,0.6919547
BIGTIMEUSDT,BUY,LIMIT,1701928843525,777,0.6933704
BIGTIMEUSDT,SELL,LIMIT,1701929048965,262,0.6652925
BIGTIMEUSDT,SELL,LIMIT,1701929238888,51,0.6634851
BIGTIMEUSDT,SELL,LIMIT,1701929283261,1091,0.6624535
BIGTIMEUSDT,SELL,LIMIT,1701929296959,267,0.6612808
BIGTIMEUSDT,BUY,LIMIT,1701929785268,123,0.6776637
BIGTIMEUSDT,SELL,LIMIT,1701929887469,85,0.6608171
BIGTIMEUSDT,BUY,LIMIT,1701929905039,69,0.6705919
BIGTIMEUSDT,SELL,LIMIT,1701929932248,5339,0.6583381
BIGTIMEUSDT,SELL,LIMIT,1701929954299,206,0.6566999
BIGTIMEUSDT,SELL,LIMIT,1701929955437,281,0.6567341
BIGTIMEUSDT,SELL,LIMIT,1701929957895,1558,0.6565066
BIGTIMEUSDT,SELL,LIMIT,1701929959613,7310,0.6558678
BIGTIMEUSDT,SELL,LIMIT,1701930002855,47,0.6548068
BIGTIMEUSDT,SELL,LIMIT,1701930060085,149,0.6537935
BIGTIMEUSDT,SELL,LIMIT,1701930067924,45,0.6525952
BIGTIMEUSDT,SELL,LIMIT,1701930071196,1484,0.6518194
BIGTIMEUSDT,SELL,LIMIT,1701930073220,686,0.6504468
BIGTIMEUSDT,SELL,LIMIT,1701930208538,780,0.6495453
BIGTIMEUSDT,SELL,LIMIT,1701930216160,1463,0.6493125
BIGTIMEUSDT,SELL,LIMIT,1701930235505,329,0.6488199
BIGTIMEUSDT,SELL,LIMIT,1701930357331,186,0.6479942
BIGTIMEUSDT,SELL,LIMIT,1701930387262,659,0.6466604
BIGTIMEUSDT,SELL,LIMIT,1701930394896,182,0.6462312
BIGTIMEUSDT,SELL,LIMIT,1701930440825,145,0.6459361
BIGTIMEUSDT,SELL,LIMIT,1701930628033,80,0.6456547
BIGTIMEUSDT,SELL,LIMIT,1701930631172,434,0.6451859
BIGTIMEUSDT,SELL,LIMIT,1701930632176,58,0.6451859
BIGTIMEUSDT,SELL,LIMIT,1701930633503,2210,0.6444662
BIGTIMEUSDT,SELL,LIMIT,1701930771039,108,0.6437390
BIGTIMEUSDT,SELL,LIMIT,1701930772318,269,0.6436827
BIGTIMEUSDT,SELL,LIMIT,1701930787684,731,0.6453468
BIGTIMEUSDT,SELL,LIMIT,1701930796408,1655,0.6426741
BIGTIMEUSDT,SELL,LIMIT,1701930800086,134,0.6421420
BIGTIMEUSDT,SELL,LIMIT,1701930805101,694,0.6417414
BIGTIMEUSDT,SELL,LIMIT,1701930866051,520,0.6389792
BIGTIMEUSDT,SELL,LIMIT,1701930867129,85,0.6407962
BIGTIMEUSDT,BUY,LIMIT,1701931094946,4131,0.6614300
BIGTIMEUSDT,SELL,LIMIT,1701931310024,11,0.6378578
BIGTIMEUSDT,SELL,LIMIT,1701931311330,2361,0.6373903
BIGTIMEUSDT,SELL,LIMIT,1701931313751,253,0.6373179
BIGTIMEUSDT,SELL,LIMIT,1701931314809,13123,0.6344210
BIGTIMEUSDT,SELL,LIMIT,1701931316096,104,0.6359949
BIGTIMEUSDT,SELL,LIMIT,1701931317121,53,0.6360156
BIGTIMEUSDT,SELL,LIMIT,1701931318788,91,0.6345011
BIGTIMEUSDT,SELL,LIMIT,1701931320011,434,0.6341130
BIGTIMEUSDT,SELL,LIMIT,1701931561915,1140,0.6357456
BIGTIMEUSDT,SELL,LIMIT,1701931569734,48,0.6356273
BIGTIMEUSDT,SELL,LIMIT,1701931644092,613,0.6346796
BIGTIMEUSDT,SELL,LIMIT,1701931653777,598,0.6333869
BIGTIMEUSDT,SELL,LIMIT,1701931683404,61,0.6322601
BIGTIMEUSDT,SELL,LIMIT,1701931684551,32,0.6320732
BIGTIMEUSDT,SELL,LIMIT,1701931687120,206,0.6317243
BIGTIMEUSDT,SELL,LIMIT,1701931690336,49,0.6316586
BIGTIMEUSDT,BUY,LIMIT,1701931736903,232,0.6549031
BIGTIMEUSDT,BUY,LIMIT,1701931834655,200,0.6510524
BIGTIMEUSDT,SELL,LIMIT,1701931869536,92,0.6325358
BIGTIMEUSDT,SELL,LIMIT,1701931932904,401,0.6315111
BIGTIMEUSDT,SELL,LIMIT,1701931944209,39,0.6313011
BIGTIMEUSDT,SELL,LIMIT,1701931946134,73,0.6312489
BIGTIMEUSDT,SELL,LIMIT,1701931947504,21,0.6307602
BIGTIMEUSDT,SELL,LIMIT,1701931948646,4956,0.6302568
BIGTIMEUSDT,SELL,LIMIT,1701931949823,20,0.6284672
BIGTIMEUSDT,SELL,LIMIT,1701931951350,2747,0.6279042
BIGTIMEUSDT,SELL,LIMIT,1701932128572,222,0.6292757
BIGTIMEUSDT,BUY,LIMIT,1701932175807,233,0.6537034
BIGTIMEUSDT,BUY,LIMIT,1701932203719,3534,0.6542128
BIGTIMEUSDT,SELL,LIMIT,1701932357051,225,0.6328882
BIGTIMEUSDT,SELL,LIMIT,1701932365703,154,0.6324945
BIGTIMEUSDT,SELL,LIMIT,1701932374526,3951,0.6318350
BIGTIMEUSDT,SELL,LIMIT,1701932376859,58,0.6314564
BIGTIMEUSDT,SELL,LIMIT,1701932383010,7759,0.6309549
BIGTIMEUSDT,SELL,LIMIT,1701932385005,2392,0.6301025
BIGTIMEUSDT,SELL,LIMIT,1701933127185,387,0.6331113
BIGTIMEUSDT,SELL,LIMIT,1701933142200,6865,0.6308671
BIGTIMEUSDT,SELL,LIMIT,1701933368072,233,0.6302661
BIGTIMEUSDT,SELL,LIMIT,1701933406161,7764,0.6301318
BIGTIMEUSDT,SELL,LIMIT,1701933416798,406,0.6298556
BIGTIMEUSDT,SELL,LIMIT,1701933484380,527,0.6271133
BIGTIMEUSDT,SELL,LIMIT,1701933486086,78,0.6268075
BIGTIMEUSDT,SELL,LIMIT,1701933487141,109,0.6258093
BIGTIMEUSDT,SELL,LIMIT,1701933490290,3182,0.6250942
BIGTIMEUSDT,BUY,LIMIT,1701933720432,290,0.6505304
BIGTIMEUSDT,BUY,LIMIT,1701933728339,35,0.6510526
BIGTIMEUSDT,SELL,LIMIT,1701934254121,666,0.6268968
BIGTIMEUSDT,BUY,LIMIT,1701934559670,1462,0.6508498
BIGTIMEUSDT,BUY,LIMIT,1701935035419,2025,0.6513532
BIGTIMEUSDT,SELL,LIMIT,1701935421432,768,0.6279841
BIGTIMEUSDT,SELL,LIMIT,1701935478291,241,0.6275335
BIGTIMEUSDT,SELL,LIMIT,1701935480083,1124,0.6273201
BIGTIMEUSDT,SELL,LIMIT,1701935709363,2042,0.6268854
BIGTIMEUSDT,SELL,LIMIT,1701935741086,384,0.6265440
BIGTIMEUSDT,SELL,LIMIT,1701935924828,89,0.6252650
BIGTIMEUSDT,SELL,LIMIT,1701935959100,191,0.6248096
BIGTIMEUSDT,SELL,LIMIT,1701936047196,7481,0.6237170
BIGTIMEUSDT,SELL,LIMIT,1701936048411,460,0.6242048
BIGTIMEUSDT,SELL,LIMIT,1701936049737,9,0.6223392
BIGTIMEUSDT,SELL,LIMIT,1701936051433,4852,0.6219473
BIGTIMEUSDT,SELL,LIMIT,1701936054299,343,0.6211390
BIGTIMEUSDT,SELL,LIMIT,1701936055585,5418,0.6203311
BIGTIMEUSDT,SELL,LIMIT,1701936056728,8,0.6199918
BIGTIMEUSDT,BUY,LIMIT,1701936127309,40,0.6501958
BIGTIMEUSDT,BUY,LIMIT,1701936134962,241,0.6516851
BIGTIMEUSDT,SELL,LIMIT,1701936244393,155,0.6289850
BIGTIMEUSDT,SELL,LIMIT,1701936304764,10,0.6264390
BIGTIMEUSDT,SELL,LIMIT,1701936309991,406,0.6260192
BIGTIMEUSDT,SELL,LIMIT,1701936510399,4611,0.6244274
BIGTIMEUSDT,SELL,LIMIT,1701936513841,908,0.6224271
BIGTIMEUSDT,SELL,LIMIT,1701936517615,408,0.6220141
BIGTIMEUSDT,SELL,LIMIT,1701936538859,2597,0.6216532
BIGTIMEUSDT,SELL,LIMIT,1701936545123,443,0.6186897
BIGTIMEUSDT,SELL,LIMIT,1701936546192,1093,0.6179828
BIGTIMEUSDT,SELL,LIMIT,1701936554190,7812,0.6237049
BIGTIMEUSDT,SELL,LIMIT,1701936758168,1798,0.6178757
BIGTIMEUSDT,SELL,LIMIT,1701936760775,1501,0.6178747
BIGTIMEUSDT,SELL,LIMIT,1701936761785,151,0.6176542
BIGTIMEUSDT,SELL,LIMIT,1701936763129,230,0.6159356
BIGTIMEUSDT,SELL,LIMIT,1701936835352,2119,0.6158793
BIGTIMEUSDT,SELL,LIMIT,1701936840493,483,0.6150233
BIGTIMEUSDT,SELL,LIMIT,1701936848216,299,0.6136370
BIGTIMEUSDT,SELL,LIMIT,1701936867399,352,0.6147150
BIGTIMEUSDT,SELL,LIMIT,1701936891515,7526,0.6138521
BIGTIMEUSDT,SELL,LIMIT,1701936898390,116,0.6133110
BIGTIMEUSDT,SELL,LIMIT,1701936911728,215,0.6130334
BIGTIMEUSDT,SELL,LIMIT,1701936916378,1274,0.6129066
BIGTIMEUSDT,BUY,LIMIT,1701937087775,1402,0.6384300
BIGTIMEUSDT,SELL,LIMIT,1701937358826,150,0.6168202
BIGTIMEUSDT,SELL,LIMIT,1701937369244,652,0.6164441
BIGTIMEUSDT,SELL,LIMIT,1701937389197,18,0.6156513
BIGTIMEUSDT,SELL,LIMIT,1701937396192,1796,0.6137317
BIGTIMEUSDT,BUY,LIMIT,1701937454232,79,0.6362167
BIGTIMEUSDT,SELL,LIMIT,1701937693642,654,0.6161555
BIGTIMEUSDT,SELL,LIMIT,1701937729701,9,0.6135511
BIGTIMEUSDT,SELL,LIMIT,1701937745310,150,0.6129289
BIGTIMEUSDT,SELL,LIMIT,1701937789063,91,0.6129107
BIGTIMEUSDT,SELL,LIMIT,1701937812019,524,0.6125819
BIGTIMEUSDT,SELL,LIMIT,1701937814532,1052,0.6120064
BIGTIMEUSDT,SELL,LIMIT,1701937816091,5190,0.6098961
BIGTIMEUSDT,SELL,LIMIT,1701937817237,534,0.6112414
BIGTIMEUSDT,SELL,LIMIT,1701937818520,151,0.6098472
BIGTIMEUSDT,SELL,LIMIT,1701937826496,515,0.6088286
BIGTIMEUSDT,SELL,LIMIT,1701937829456,31438,0.6042207
BIGTIMEUSDT,SELL,LIMIT,1701937831385,483,0.6086630
BIGTIMEUSDT,SELL,LIMIT,1701937832547,4812,0.6086682
BIGTIMEUSDT,SELL,LIMIT,1701937837399,687,0.6078876
BIGTIMEUSDT,SELL,LIMIT,1701937838559,164,0.6064842
BIGTIMEUSDT,BUY,LIMIT,1701937986248,117,0.6299977
BIGTIMEUSDT,BUY,LIMIT,1701938027256,1822,0.6337362
BIGTIMEUSDT,BUY,LIMIT,1701938028393,376,0.6344917
BIGTIMEUSDT,BUY,LIMIT,1701938031292,56,0.6353832
BIGTIMEUSDT,BUY,LIMIT,1701938032717,4373,0.6356113
BIGTIMEUSDT,BUY,LIMIT,1701938047190,11,0.6363552
BIGTIMEUSDT,BUY,LIMIT,1701938049638,1091,0.6365415
BIGTIMEUSDT,BUY,LIMIT,1701938062223,77,0.6385109
BIGTIMEUSDT,BUY,LIMIT,1701938172468,1592,0.6399907
BIGTIMEUSDT,SELL,LIMIT,1701938275233,172,0.6177045
BIGTIMEUSDT,BUY,LIMIT,1701938342224,16,0.6347719
BIGTIMEUSDT,SELL,LIMIT,1701938561336,441,0.6176003
BIGTIMEUSDT,SELL,LIMIT,1701938890713,1500,0.6172878
BIGTIMEUSDT,SELL,LIMIT,1701939035754,100,0.6146779
BIGTIMEUSDT,SELL,LIMIT,1701939041288,128,0.6137844
BIGTIMEUSDT,SELL,LIMIT,1701939098084,188,0.6150704
BIGTIMEUSDT,SELL,LIMIT,1701939104029,786,0.6133710
BIGTIMEUSDT,SELL,LIMIT,1701939117597,3111,0.6108549
BIGTIMEUSDT,SELL,LIMIT,1701939124009,1573,0.6103267
BIGTIMEUSDT,SELL,LIMIT,1701939130337,112,0.6101448
BIGTIMEUSDT,SELL,LIMIT,1701939175143,3655,0.6076244
BIGTIMEUSDT,SELL,LIMIT,1701939312943,2352,0.6097576
BIGTIMEUSDT,SELL,LIMIT,1701939365408,2350,0.6066620
BIGTIMEUSDT,SELL,LIMIT,1701939367244,1963,0.6057911
BIGTIMEUSDT,SELL,LIMIT,1701939368283,2135,0.6050515
BIGTIMEUSDT,SELL,LIMIT,1701939372417,1368,0.6065457
BIGTIMEUSDT,BUY,LIMIT,1701939399427,1238,0.6279924
BIGTIMEUSDT,SELL,LIMIT,1701939444134,865,0.6076583
BIGTIMEUSDT,SELL,LIMIT,1701939455410,1226,0.6086620
BIGTIMEUSDT,SELL,LIMIT,1701939527490,51,0.6071020
BIGTIMEUSDT,SELL,LIMIT,1701939534636,94,0.6063552
BIGTIMEUSDT,SELL,LIMIT,1701939549370,4939,0.6047926
BIGTIMEUSDT,SELL,LIMIT,1701939569188,855,0.6046550
BIGTIMEUSDT,SELL,LIMIT,1701939669403,274,0.6043826
BIGTIMEUSDT,SELL,LIMIT,1701939672438,779,0.6038208
BIGTIMEUSDT,SELL,LIMIT,1701939673559,1161,0.6033864
BIGTIMEUSDT,SELL,LIMIT,1701939686067,734,0.6034285
BIGTIMEUSDT,SELL,LIMIT,1701939688079,180,0.6030264
BIGTIMEUSDT,SELL,LIMIT,1701939689118,2326,0.6022831
BIGTIMEUSDT,SELL,LIMIT,1701939690133,31,0.6022178
BIGTIMEUSDT,SELL,LIMIT,1701939691222,264,0.6010819
BIGTIMEUSDT,SELL,LIMIT,1701939692276,5804,0.6008496
BIGTIMEUSDT,SELL,LIMIT,1701939716186,4614,0.6020386
BIGTIMEUSDT,SELL,LIMIT,1701939721203,296,0.5996036
BIGTIMEUSDT,SELL,LIMIT,1701939722212,1551,0.5981093
BIGTIMEUSDT,SELL,LIMIT,1701939723238,2721,0.5965823
BIGTIMEUSDT,SELL,LIMIT,1701939724314,229,0.5959643
BIGTIMEUSDT,SELL,LIMIT,1701939725319,208,0.5960953
BIGTIMEUSDT,SELL,LIMIT,1701939726477,5000,0.5954935
BIGTIMEUSDT,BUY,LIMIT,1701939757120,2168,0.6166913
BIGTIMEUSDT,SELL,LIMIT,1701939952226,754,0.6011818
BIGTIMEUSDT,SELL,LIMIT,1701939958304,3165,0.6013531
BIGTIMEUSDT,SELL,LIMIT,1701939961472,1327,0.6005828
BIGTIMEUSDT,SELL,LIMIT,1701939966291,458,0.6017923
BIGTIMEUSDT,SELL,LIMIT,1701939971952,9,0.5992348
BIGTIMEUSDT,SELL,LIMIT,1701939975080,1168,0.5981492
BIGTIMEUSDT,SELL,LIMIT,1701939982857,2777,0.5983555
BIGTIMEUSDT,SELL,LIMIT,1701940001149,158,0.5980166
BIGTIMEUSDT,SELL,LIMIT,1701940013484,6536,0.5972192
BIGTIMEUSDT,SELL,LIMIT,1701940026423,249,0.5966985
BIGTIMEUSDT,SELL,LIMIT,1701940028060,1863,0.5958860
BIGTIMEUSDT,SELL,LIMIT,1701940032609,40,0.5953156
BIGTIMEUSDT,BUY,LIMIT,1701940094186,5448,0.6205211
BIGTIMEUSDT,BUY,LIMIT,1701940097108,15,0.6216066
BIGTIMEUSDT,BUY,LIMIT,1701940247745,81,0.6222935
BIGTIMEUSDT,SELL,LIMIT,1701940301105,45,0.6024061
BIGTIMEUSDT,SELL,LIMIT,1701940553477,76,0.5985335
BIGTIMEUSDT,SELL,LIMIT,1701940556414,2651,0.5964642
BIGTIMEUSDT,SELL,LIMIT,1701940559662,509,0.5957836
BIGTIMEUSDT,SELL,LIMIT,1701940561691,1000,0.5957864
BIGTIMEUSDT,SELL,LIMIT,1701940563175,107,0.5956681
BIGTIMEUSDT,SELL,LIMIT,1701940565338,14981,0.5925136
BIGTIMEUSDT,SELL,LIMIT,1701940566488,10,0.5948784
BIGTIMEUSDT,SELL,LIMIT,1701940568880,2384,0.5946160
BIGTIMEUSDT,SELL,LIMIT,1701940587084,1413,0.5945370
BIGTIMEUSDT,SELL,LIMIT,1701940605077,787,0.5935869
BIGTIMEUSDT,SELL,LIMIT,1701940606143,968,0.5901528
BIGTIMEUSDT,BUY,LIMIT,1701940609274,2419,0.6084394
BIGTIMEUSDT,SELL,LIMIT,1701940674395,4188,0.5880818
BIGTIMEUSDT,BUY,LIMIT,1701940765242,978,0.6123413
BIGTIMEUSDT,BUY,LIMIT,1701940815206,513,0.6163038
BIGTIMEUSDT,BUY,LIMIT,1701940824218,207,0.6170086
BIGTIMEUSDT,BUY,LIMIT,1701940825630,128,0.6194482
BIGTIMEUSDT,SELL,LIMIT,1701941038902,86,0.5962555
BIGTIMEUSDT,SELL,LIMIT,1701941050190,1191,0.5951347
BIGTIMEUSDT,SELL,LIMIT,1701941062918,268,0.5940883
BIGTIMEUSDT,SELL,LIMIT,1701941067272,513,0.5928546
BIGTIMEUSDT,SELL,LIMIT,1701941069392,5289,0.5927260
BIGTIMEUSDT,SELL,LIMIT,1701941072554,65,0.5918912
BIGTIMEUSDT,SELL,LIMIT,1701941074622,2182,0.5919738
BIGTIMEUSDT,SELL,LIMIT,1701941111433,70,0.5910373
BIGTIMEUSDT,SELL,LIMIT,1701941145368,244,0.5923473
BIGTIMEUSDT,SELL,LIMIT,1701941146709,17,0.5914018
BIGTIMEUSDT,SELL,LIMIT,1701941150312,563,0.5902532
BIGTIMEUSDT,SELL,LIMIT,1701941151579,287,0.5902121
BIGTIMEUSDT,SELL,LIMIT,1701941152983,82,0.5902106
BIGTIMEUSDT,SELL,LIMIT,1701941156055,20000,0.5856432
BIGTIMEUSDT,SELL,LIMIT,1701941158945,37756,0.5829736
BIGTIMEUSDT,SELL,LIMIT,1701941160116,296,0.5871191
BIGTIMEUSDT,SELL,LIMIT,1701941164439,3528,0.5863209
BIGTIMEUSDT,SELL,LIMIT,1701941166115,1567,0.5850352
BIGTIMEUSDT,SELL,LIMIT,1701941167396,191,0.5862817
BIGTIMEUSDT,SELL,LIMIT,1701941174021,111,0.5856711
BIGTIMEUSDT,SELL,LIMIT,1701941175676,79,0.5853037
BIGTIMEUSDT,SELL,LIMIT,1701941176805,1095,0.5843731
BIGTIMEUSDT,SELL,LIMIT,1701941181329,318,0.5839519
BIGTIMEUSDT,SELL,LIMIT,1701941183298,64,0.5861199
BIGTIMEUSDT,SELL,LIMIT,1701941187114,61,0.5850386
BIGTIMEUSDT,SELL,LIMIT,1701941188347,232,0.5847946
BIGTIMEUSDT,SELL,LIMIT,1701941189735,2000,0.5844632
BIGTIMEUSDT,SELL,LIMIT,1701941192113,29,0.5839974
BIGTIMEUSDT,SELL,LIMIT,1701941204154,18396,0.5806297
BIGTIMEUSDT,SELL,LIMIT,1701941205294,704,0.5836001
BIGTIMEUSDT,SELL,LIMIT,1701941206676,43,0.5833591
BIGTIMEUSDT,SELL,LIMIT,1701941207876,787,0.5805060
BIGTIMEUSDT,SELL,LIMIT,1701941213698,81,0.5814359
BIGTIMEUSDT,SELL,LIMIT,1701941215128,4051,0.5790144
BIGTIMEUSDT,SELL,LIMIT,1701941216149,65,0.5798420
BIGTIMEUSDT,SELL,LIMIT,1701941217208,200,0.5787307
BIGTIMEUSDT,SELL,LIMIT,1701941218724,3052,0.5786879
BIGTIMEUSDT,SELL,LIMIT,1701941228085,20,0.5784909
BIGTIMEUSDT,SELL,LIMIT,1701941229365,180,0.5784162
BIGTIMEUSDT,SELL,LIMIT,1701941231936,1327,0.5789079
BIGTIMEUSDT,SELL,LIMIT,1701941233094,862,0.5795410
BIGTIMEUSDT,SELL,LIMIT,1701941234195,43,0.5788291
BIGTIMEUSDT,SELL,LIMIT,1701941237062,82,0.5778625
BIGTIMEUSDT,SELL,LIMIT,1701941238238,879,0.5780375
BIGTIMEUSDT,SELL,LIMIT,1701941239422,435,0.5773451
BIGTIMEUSDT,SELL,LIMIT,1701941240512,233,0.5774822
BIGTIMEUSDT,SELL,LIMIT,1701941246112,32,0.5776212
BIGTIMEUSDT,SELL,LIMIT,1701941247717,2122,0.5776790
BIGTIMEUSDT,BUY,LIMIT,1701941258514,53,0.5978405
BIGTIMEUSDT,BUY,LIMIT,1701941259603,77,0.5988543
BIGTIMEUSDT,SELL,LIMIT,1701941275018,694,0.5811216
BIGTIMEUSDT,BUY,LIMIT,1701941465553,4602,0.6091877
BIGTIMEUSDT,BUY,LIMIT,1701941466792,1894,0.6092939
BIGTIMEUSDT,BUY,LIMIT,1701941494298,3124,0.6112570
BIGTIMEUSDT,BUY,LIMIT,1701941508526,434,0.6129343
BIGTIMEUSDT,BUY,LIMIT,1701941528205,149,0.6147585
BIGTIMEUSDT,BUY,LIMIT,1701941534635,4081,0.6164736
BIGTIMEUSDT,BUY,LIMIT,1701941549230,1278,0.6170643
BIGTIMEUSDT,SELL,LIMIT,1701941607112,1425,0.5937995
BIGTIMEUSDT,BUY,LIMIT,1701941718528,6100,0.6132982
BIGTIMEUSDT,BUY,LIMIT,1701941725195,3377,0.6144313
BIGTIMEUSDT,BUY,LIMIT,1701941728454,45,0.6148966
BIGTIMEUSDT,BUY,LIMIT,1701941766526,97,0.6169926
BIGTIMEUSDT,BUY,LIMIT,1701941779670,2483,0.6179401
BIGTIMEUSDT,SELL,LIMIT,1701941892081,308,0.5935147
BIGTIMEUSDT,SELL,LIMIT,1701941904248,25,0.5913479
BIGTIMEUSDT,SELL,LIMIT,1701941914668,1662,0.5896342
BIGTIMEUSDT,SELL,LIMIT,1701941917397,296,0.5882823
BIGTIMEUSDT,SELL,LIMIT,1701941929154,17,0.5879095
BIGTIMEUSDT,SELL,LIMIT,1701941931483,70,0.5872305
BIGTIMEUSDT,SELL,LIMIT,1701941939178,6246,0.5866204
BIGTIMEUSDT,BUY,LIMIT,1701941961963,19,0.6081317
BIGTIMEUSDT,BUY,LIMIT,1701942016606,8343,0.6108824
BIGTIMEUSDT,BUY,LIMIT,1701942080345,195,0.6123947
BIGTIMEUSDT,BUY,LIMIT,1701942084309,181,0.6149441
BIGTIMEUSDT,BUY,LIMIT,1701942119362,1399,0.6162532
BIGTIMEUSDT,BUY,LIMIT,1701942128941,48,0.6168916
BIGTIMEUSDT,BUY,LIMIT,1701942137082,109,0.6193642
BIGTIMEUSDT,BUY,LIMIT,1701942138128,261,0.6188195
BIGTIMEUSDT,BUY,LIMIT,1701942139165,415,0.6210164
BIGTIMEUSDT,BUY,LIMIT,1701942142016,168,0.6227059
BIGTIMEUSDT,BUY,LIMIT,1701942143027,2481,0.6268079
BIGTIMEUSDT,BUY,LIMIT,1701942144084,28192,0.6320631
BIGTIMEUSDT,BUY,LIMIT,1701942163997,833,0.6277442
BIGTIMEUSDT,SELL,LIMIT,1701942190472,171,0.6063227
BIGTIMEUSDT,SELL,LIMIT,1701942192913,178,0.6050327
BIGTIMEUSDT,SELL,LIMIT,1701942205089,183,0.6042289
BIGTIMEUSDT,SELL,LIMIT,1701942214148,1105,0.6035125
BIGTIMEUSDT,BUY,LIMIT,1701942335539,113,0.6224047
BIGTIMEUSDT,BUY,LIMIT,1701942338416,70,0.6237096
BIGTIMEUSDT,BUY,LIMIT,1701942352198,1065,0.6280097
BIGTIMEUSDT,BUY,LIMIT,1701942363660,55,0.6274701
BIGTIMEUSDT,BUY,LIMIT,1701942371603,1319,0.6283953
BIGTIMEUSDT,BUY,LIMIT,1701942372641,276,0.6294948
BIGTIMEUSDT,BUY,LIMIT,1701942425707,169,0.6263356
BIGTIMEUSDT,BUY,LIMIT,1701942434280,1439,0.6296658
BIGTIMEUSDT,BUY,LIMIT,1701942467207,41244,0.6360659
BIGTIMEUSDT,BUY,LIMIT,1701942485958,606,0.6308287
BIGTIMEUSDT,BUY,LIMIT,1701942487361,400,0.6317297
BIGTIMEUSDT,BUY,LIMIT,1701942491979,1012,0.6327246
BIGTIMEUSDT,BUY,LIMIT,1701942496369,3937,0.6332118
BIGTIMEUSDT,BUY,LIMIT,1701942499099,27,0.6345823
BIGTIMEUSDT,SELL,LIMIT,1701942622216,5623,0.6103702
BIGTIMEUSDT,SELL,LIMIT,1701942625217,8044,0.6091291
BIGTIMEUSDT,SELL,LIMIT,1701942758374,65,0.6046646
BIGTIMEUSDT,SELL,LIMIT,1701942775851,772,0.6035959
BIGTIMEUSDT,SELL,LIMIT,1701943015103,8025,0.6017812
BIGTIMEUSDT,SELL,LIMIT,1701943025559,8163,0.6008468
BIGTIMEUSDT,SELL,LIMIT,1701943032352,632,0.6004583
BIGTIMEUSDT,SELL,LIMIT,1701943038586,326,0.5998038
BIGTIMEUSDT,SELL,LIMIT,1701943049077,562,0.5994145
BIGTIMEUSDT,SELL,LIMIT,1701943069690,7892,0.5978629
BIGTIMEUSDT,SELL,LIMIT,1701943153176,1829,0.5959610
BIGTIMEUSDT,BUY,LIMIT,1701943219270,1399,0.6183689
BIGTIMEUSDT,BUY,LIMIT,1701943249473,4951,0.6204659
BIGTIMEUSDT,BUY,LIMIT,1701943301113,596,0.6220277
BIGTIMEUSDT,SELL,LIMIT,1701943673082,32,0.5983012
BIGTIMEUSDT,BUY,LIMIT,1701943706898,87,0.6198141
BIGTIMEUSDT,BUY,LIMIT,1701943733236,475,0.6223312
BIGTIMEUSDT,BUY,LIMIT,1701943739761,113,0.6242255
BIGTIMEUSDT,BUY,LIMIT,1701943750800,732,0.6250399
BIGTIMEUSDT,BUY,LIMIT,1701943801338,813,0.6268905
BIGTIMEUSDT,BUY,LIMIT,1701944123685,515,0.6228981
BIGTIMEUSDT,BUY,LIMIT,1701944128921,1473,0.6245419
BIGTIMEUSDT,SELL,LIMIT,1701944376252,814,0.6010797
BIGTIMEUSDT,SELL,LIMIT,1701944380410,1374,0.6003246
BIGTIMEUSDT,SELL,LIMIT,1701944386398,241,0.5980202
BIGTIMEUSDT,SELL,LIMIT,1701944407261,4071,0.5976159
BIGTIMEUSDT,BUY,LIMIT,1701944608434,245,0.6195191
BIGTIMEUSDT,BUY,LIMIT,1701944714516,187,0.6219391
BIGTIMEUSDT,BUY,LIMIT,1701944765168,1541,0.6243285
BIGTIMEUSDT,BUY,LIMIT,1701944768652,187,0.6237396
BIGTIMEUSDT,BUY,LIMIT,1701944819346,2902,0.6254052
BIGTIMEUSDT,BUY,LIMIT,1701945208494,1626,0.6271775
BIGTIMEUSDT,BUY,LIMIT,1701945210043,78,0.6288569
BIGTIMEUSDT,SELL,LIMIT,1701945537291,7928,0.6045483
BIGTIMEUSDT,BUY,LIMIT,1701945650711,87,0.6257452
BIGTIMEUSDT,SELL,LIMIT,1701945880356,4169,0.6021030
BIGTIMEUSDT,SELL,LIMIT,1701945914146,658,0.6017855
BIGTIMEUSDT,SELL,LIMIT,1701945935153,71,0.6014126
BIGTIMEUSDT,SELL,LIMIT,1701945953328,100,0.6005793
BIGTIMEUSDT,SELL,LIMIT,1701946052559,9,0.5980541
BIGTIMEUSDT,SELL,LIMIT,1701946069953,16,0.5977489
BIGTIMEUSDT,SELL,LIMIT,1701946079483,43,0.5975724
BIGTIMEUSDT,SELL,LIMIT,1701946107523,891,0.5963318
BIGTIMEUSDT,SELL,LIMIT,1701946110244,336,0.5951751
BIGTIMEUSDT,SELL,LIMIT,1701946111875,1601,0.5948721
BIGTIMEUSDT,SELL,LIMIT,1701946113994,37026,0.5893219
BIGTIMEUSDT,BUY,LIMIT,1701946158199,2161,0.6142696
BIGTIMEUSDT,SELL,LIMIT,1701946434069,3200,0.5947205
BIGTIMEUSDT,SELL,LIMIT,1701946437746,8261,0.5935344
BIGTIMEUSDT,SELL,LIMIT,1701946439056,636,0.5920740
BIGTIMEUSDT,SELL,LIMIT,1701946440089,89,0.5925392
BIGTIMEUSDT,SELL,LIMIT,1701946441345,330,0.5918544
BIGTIMEUSDT,SELL,LIMIT,1701946642460,157,0.5923377
BIGTIMEUSDT,SELL,LIMIT,1701946643483,576,0.5919641
BIGTIMEUSDT,BUY,LIMIT,1701946781615,8287,0.6147773
BIGTIMEUSDT,BUY,LIMIT,1701946848756,1038,0.6159592
BIGTIMEUSDT,BUY,LIMIT,1701946850142,190,0.6162946
BIGTIMEUSDT,BUY,LIMIT,1701946852526,15,0.6170658
BIGTIMEUSDT,SELL,LIMIT,1701946992155,16,0.5975833
BIGTIMEUSDT,SELL,LIMIT,1701947208373,819,0.5922522
BIGTIMEUSDT,SELL,LIMIT,1701947244348,5096,0.5914984
BIGTIMEUSDT,SELL,LIMIT,1701947314238,397,0.5910607
BIGTIMEUSDT,SELL,LIMIT,1701947317101,116,0.5907111
BIGTIMEUSDT,SELL,LIMIT,1701947322508,76,0.5892766
BIGTIMEUSDT,BUY,LIMIT,1701947436318,60,0.6132719
BIGTIMEUSDT,BUY,LIMIT,1701947447385,322,0.6141815
BIGTIMEUSDT,BUY,LIMIT,1701947472198,69,0.6157034
BIGTIMEUSDT,BUY,LIMIT,1701947733240,661,0.6173314
BIGTIMEUSDT,BUY,LIMIT,1701947772734,49,0.6171551
BIGTIMEUSDT,BUY,LIMIT,1701947781162,10,0.6183993
BIGTIMEUSDT,BUY,LIMIT,1701947788052,418,0.6189337
BIGTIMEUSDT,BUY,LIMIT,1701947859006,209,0.6058264
BIGTIMEUSDT,BUY,LIMIT,1701947910048,961,0.6204773
BIGTIMEUSDT,BUY,LIMIT,1701948095360,4241,0.6218772
BIGTIMEUSDT,BUY,LIMIT,1701948222141,67,0.6247872
BIGTIMEUSDT,BUY,LIMIT,1701948223283,1383,0.6250687
BIGTIMEUSDT,BUY,LIMIT,1701948224450,354,0.6254674
BIGTIMEUSDT,SELL,LIMIT,1701948740106,65,0.6029949
BIGTIMEUSDT,BUY,LIMIT,1701949130712,1548,0.6251773
BIGTIMEUSDT,BUY,LIMIT,1701949132005,28261,0.6315934
BIGTIMEUSDT,SELL,LIMIT,1701949245659,9,0.6013408
BIGTIMEUSDT,SELL,LIMIT,1701949246921,490,0.6008159
BIGTIMEUSDT,SELL,LIMIT,1701949286428,10,0.5998541
BIGTIMEUSDT,SELL,LIMIT,1701949322095,350,0.5983811
BIGTIMEUSDT,BUY,LIMIT,1701949516098,8206,0.6213586
BIGTIMEUSDT,SELL,LIMIT,1701949662754,35,0.6064822
BIGTIMEUSDT,SELL,LIMIT,1701950565376,66,0.6041262
BIGTIMEUSDT,SELL,LIMIT,1701950638850,50,0.6028354
BIGTIMEUSDT,SELL,LIMIT,1701950662266,443,0.6025946
BIGTIMEUSDT,BUY,LIMIT,1701950690628,650,0.6228641
BIGTIMEUSDT,BUY,LIMIT,1701950725280,952,0.6253524
BIGTIMEUSDT,BUY,LIMIT,1701950731169,757,0.6256808
BIGTIMEUSDT,BUY,LIMIT,1701950751663,3837,0.6282577
BIGTIMEUSDT,BUY,LIMIT,1701950753681,821,0.6283636
BIGTIMEUSDT,BUY,LIMIT,1701950755631,4732,0.6296794
BIGTIMEUSDT,BUY,LIMIT,1701950768614,27,0.6305701
BIGTIMEUSDT,BUY,LIMIT,1701950773124,203,0.6325127
BIGTIMEUSDT,BUY,LIMIT,1701950781201,75,0.6337628
BIGTIMEUSDT,SELL,LIMIT,1701950815428,495,0.6097022
BIGTIMEUSDT,SELL,LIMIT,1701951151029,18,0.6038350
BIGTIMEUSDT,SELL,LIMIT,1701951163862,76,0.6034482
BIGTIMEUSDT,SELL,LIMIT,1701951185152,32,0.6008267
BIGTIMEUSDT,BUY,LIMIT,1701951217687,15,0.6215812
BIGTIMEUSDT,BUY,LIMIT,1701951324793,3582,0.6197450
BIGTIMEUSDT,BUY,LIMIT,1701951327200,6937,0.6242552
BIGTIMEUSDT,BUY,LIMIT,1701951339140,813,0.6247983
BIGTIMEUSDT,BUY,LIMIT,1701951373493,8000,0.6250012
BIGTIMEUSDT,BUY,LIMIT,1701951392670,6681,0.6284120
BIGTIMEUSDT,BUY,LIMIT,1701951400028,344,0.6303748
BIGTIMEUSDT,BUY,LIMIT,1701951401352,15,0.6305557
BIGTIMEUSDT,BUY,LIMIT,1701951410710,1136,0.6338722
BIGTIMEUSDT,BUY,LIMIT,1701951425231,222,0.6340852
BIGTIMEUSDT,BUY,LIMIT,1701951427452,58,0.6349472
BIGTIMEUSDT,SELL,LIMIT,1701951482492,767,0.6122072
BIGTIMEUSDT,SELL,LIMIT,1701951483602,329,0.6117034
BIGTIMEUSDT,SELL,LIMIT,1701951491815,800,0.6112437
BIGTIMEUSDT,SELL,LIMIT,1701951637861,11,0.6057065
BIGTIMEUSDT,SELL,LIMIT,1701951678984,2634,0.6013912
BIGTIMEUSDT,SELL,LIMIT,1701951684111,126,0.6004012
BIGTIMEUSDT,BUY,LIMIT,1701952009426,239,0.6227193
BIGTIMEUSDT,BUY,LIMIT,1701952209312,7379,0.6223976
BIGTIMEUSDT,BUY,LIMIT,1701952267381,64,0.6265145
BIGTIMEUSDT,BUY,LIMIT,1701952286035,174,0.6281480
BIGTIMEUSDT,BUY,LIMIT,1701952299533,1608,0.6298671
BIGTIMEUSDT,BUY,LIMIT,1701952323203,250,0.6332914
BIGTIMEUSDT,BUY,LIMIT,1701952354594,703,0.6363293
BIGTIMEUSDT,BUY,LIMIT,1701952355928,245,0.6369963
BIGTIMEUSDT,BUY,LIMIT,1701952357536,15,0.6372063
BIGTIMEUSDT,BUY,LIMIT,1701952358862,2188,0.6386685
BIGTIMEUSDT,SELL,LIMIT,1701952373368,229,0.6167341
BIGTIMEUSDT,SELL,LIMIT,1701952374433,662,0.6158073
BIGTIMEUSDT,SELL,LIMIT,1701952408654,797,0.6151441
BIGTIMEUSDT,BUY,LIMIT,1701952507234,1308,0.6355301
BIGTIMEUSDT,BUY,LIMIT,1701952527923,713,0.6383948
BIGTIMEUSDT,BUY,LIMIT,1701952529485,332,0.6387847
BIGTIMEUSDT,BUY,LIMIT,1701952568024,31,0.6400684
BIGTIMEUSDT,BUY,LIMIT,1701952595394,25,0.6413893
BIGTIMEUSDT,SELL,LIMIT,1701952661619,3448,0.6175355
BIGTIMEUSDT,SELL,LIMIT,1701952791614,4194,0.6170096
BIGTIMEUSDT,BUY,LIMIT,1701952845147,160,0.6406407
BIGTIMEUSDT,BUY,LIMIT,1701953152512,7631,0.6360216
BIGTIMEUSDT,BUY,LIMIT,1701953178085,24,0.6383402
BIGTIMEUSDT,BUY,LIMIT,1701953183223,776,0.6385215
BIGTIMEUSDT,BUY,LIMIT,1701953186168,800,0.6419538
BIGTIMEUSDT,BUY,LIMIT,1701953265350,167,0.6429938
BIGTIMEUSDT,BUY,LIMIT,1701953266407,555,0.6424740
BIGTIMEUSDT,BUY,LIMIT,1701953344554,2845,0.6435746
BIGTIMEUSDT,BUY,LIMIT,1701953349620,14,0.6443866
BIGTIMEUSDT,BUY,LIMIT,1701953358080,277,0.6454095
BIGTIMEUSDT,BUY,LIMIT,1701953362033,8096,0.6466348
BIGTIMEUSDT,BUY,LIMIT,1701953387082,1528,0.6466510
BIGTIMEUSDT,BUY,LIMIT,1701953397492,5881,0.6467580
BIGTIMEUSDT,BUY,LIMIT,1701953401556,324,0.6477012
BIGTIMEUSDT,BUY,LIMIT,1701953458020,36,0.6474609
BIGTIMEUSDT,BUY,LIMIT,1701953472183,151,0.6481215
BIGTIMEUSDT,BUY,LIMIT,1701953474137,155,0.6484936
BIGTIMEUSDT,BUY,LIMIT,1701953475145,252,0.6489586
BIGTIMEUSDT,BUY,LIMIT,1701953480069,2119,0.6500424
BIGTIMEUSDT,BUY,LIMIT,1701953503132,5113,0.6512965
BIGTIMEUSDT,BUY,LIMIT,1701953505197,75,0.6514495
BIGTIMEUSDT,BUY,LIMIT,1701953578487,1719,0.6487457
BIGTIMEUSDT,BUY,LIMIT,1701953585505,3056,0.6479887
BIGTIMEUSDT,SELL,LIMIT,1701953667906,193,0.6248344
BIGTIMEUSDT,BUY,LIMIT,1701953749244,3758,0.6500520
BIGTIMEUSDT,BUY,LIMIT,1701953809342,7832,0.6509277
BIGTIMEUSDT,BUY,LIMIT,1701953863407,8039,0.6524405
BIGTIMEUSDT,BUY,LIMIT,1701953866951,248,0.6516707
BIGTIMEUSDT,BUY,LIMIT,1701953868194,1598,0.6534274
BIGTIMEUSDT,BUY,LIMIT,1701953870077,5634,0.6540322
BIGTIMEUSDT,BUY,LIMIT,1701953881397,88,0.6550367
BIGTIMEUSDT,BUY,LIMIT,1701953976591,1,0.6506150
BIGTIMEUSDT,BUY,LIMIT,1701954116376,45,0.6541517
BIGTIMEUSDT,BUY,LIMIT,1701954122797,1067,0.6560595
BIGTIMEUSDT,BUY,LIMIT,1701954124314,208,0.6564461
BIGTIMEUSDT,BUY,LIMIT,1701954133310,4053,0.6573684
BIGTIMEUSDT,BUY,LIMIT,1701954137271,1937,0.6577710
BIGTIMEUSDT,BUY,LIMIT,1701954138642,2392,0.6582092
BIGTIMEUSDT,BUY,LIMIT,1701954141228,49,0.6589309
BIGTIMEUSDT,BUY,LIMIT,1701954151882,88,0.6594289
BIGTIMEUSDT,BUY,LIMIT,1701954153544,4993,0.6595470
BIGTIMEUSDT,BUY,LIMIT,1701954155025,17,0.6601058
BIGTIMEUSDT,BUY,LIMIT,1701954156035,700,0.6608893
BIGTIMEUSDT,BUY,LIMIT,1701954157080,1222,0.6634425
BIGTIMEUSDT,BUY,LIMIT,1701954158090,445,0.6631586
BIGTIMEUSDT,BUY,LIMIT,1701954159283,488,0.6642627
BIGTIMEUSDT,BUY,LIMIT,1701954166093,569,0.6651732
BIGTIMEUSDT,BUY,LIMIT,1701954167112,112,0.6649357
BIGTIMEUSDT,BUY,LIMIT,1701954168131,20647,0.6704715
BIGTIMEUSDT,BUY,LIMIT,1701954171137,3318,0.6665318
BIGTIMEUSDT,BUY,LIMIT,1701954238409,5070,0.6663542
BIGTIMEUSDT,SELL,LIMIT,1701954309542,14,0.6425901
BIGTIMEUSDT,SELL,LIMIT,1701954310914,740,0.6421962
BIGTIMEUSDT,SELL,LIMIT,1701954391516,17,0.6379925
BIGTIMEUSDT,SELL,LIMIT,1701954420189,212,0.6361242
BIGTIMEUSDT,BUY,LIMIT,1701954443179,429,0.6585868
BIGTIMEUSDT,SELL,LIMIT,1701954495331,1220,0.6359215
BIGTIMEUSDT,SELL,LIMIT,1701954563203,13,0.6347764
BIGTIMEUSDT,SELL,LIMIT,1701954643370,628,0.6329266
BIGTIMEUSDT,SELL,LIMIT,1701954644892,939,0.6321423
BIGTIMEUSDT,SELL,LIMIT,1701954654228,25,0.6313725
BIGTIMEUSDT,SELL,LIMIT,1701954655648,634,0.6312489
BIGTIMEUSDT,SELL,LIMIT,1701954731166,198,0.6285159
BIGTIMEUSDT,SELL,LIMIT,1701954824069,1342,0.6269160
BIGTIMEUSDT,SELL,LIMIT,1701954825529,73,0.6267171
BIGTIMEUSDT,SELL,LIMIT,1701954826825,259,0.6262030
BIGTIMEUSDT,SELL,LIMIT,1701954830471,28,0.6254953
BIGTIMEUSDT,SELL,LIMIT,1701954960176,475,0.6255612
BIGTIMEUSDT,SELL,LIMIT,1701954969473,145,0.6250140
BIGTIMEUSDT,BUY,LIMIT,1701955029912,914,0.6491812
BIGTIMEUSDT,BUY,LIMIT,1701955038063,454,0.6496531
BIGTIMEUSDT,BUY,LIMIT,1701955320521,15,0.6526157
BIGTIMEUSDT,BUY,LIMIT,1701955322272,297,0.6535970
BIGTIMEUSDT,SELL,LIMIT,1701955408255,2298,0.6302922
BIGTIMEUSDT,SELL,LIMIT,1701955723681,26,0.6277183
BIGTIMEUSDT,SELL,LIMIT,1701956031279,9,0.6262499
BIGTIMEUSDT,SELL,LIMIT,1701956058093,16441,0.6213428
BIGTIMEUSDT,SELL,LIMIT,1701956060043,402,0.6239721
BIGTIMEUSDT,BUY,LIMIT,1701956088511,302,0.6482536
BIGTIMEUSDT,BUY,LIMIT,1701956104456,284,0.6491156
BIGTIMEUSDT,BUY,LIMIT,1701956106239,59,0.6493608
BIGTIMEUSDT,BUY,LIMIT,1701956231594,33,0.6524800
BIGTIMEUSDT,BUY,LIMIT,1701956285176,10,0.6540208
BIGTIMEUSDT,SELL,LIMIT,1701956558910,2896,0.6376474
BIGTIMEUSDT,SELL,LIMIT,1701956573154,47,0.6338842
BIGTIMEUSDT,SELL,LIMIT,1701956574436,7,0.6443038
BIGTIMEUSDT,SELL,LIMIT,1701956587180,2083,0.6298217
BIGTIMEUSDT,SELL,LIMIT,1701956591057,74,0.6285617
BIGTIMEUSDT,SELL,LIMIT,1701956599763,662,0.6286675
BIGTIMEUSDT,SELL,LIMIT,1701956665871,2597,0.6237258
BIGTIMEUSDT,SELL,LIMIT,1701956880228,6314,0.6216555
BIGTIMEUSDT,SELL,LIMIT,1701956888517,8,0.6210509
BIGTIMEUSDT,SELL,LIMIT,1701956891293,8006,0.6216862
BIGTIMEUSDT,SELL,LIMIT,1701956930437,903,0.6191949
BIGTIMEUSDT,SELL,LIMIT,1701956931849,2744,0.6184930
BIGTIMEUSDT,BUY,LIMIT,1701957371372,5447,0.6455341
BIGTIMEUSDT,BUY,LIMIT,1701957395531,236,0.6460253
BIGTIMEUSDT,BUY,LIMIT,1701957397908,473,0.6463610
BIGTIMEUSDT,SELL,LIMIT,1701957615627,1491,0.6238039
BIGTIMEUSDT,BUY,LIMIT,1701957798571,87,0.6437603
BIGTIMEUSDT,BUY,LIMIT,1701957803677,19,0.6443854
BIGTIMEUSDT,BUY,LIMIT,1701957834011,447,0.6450531
BIGTIMEUSDT,BUY,LIMIT,1701957842665,638,0.6457071
BIGTIMEUSDT,BUY,LIMIT,1701957851437,577,0.6470292
BIGTIMEUSDT,BUY,LIMIT,1701957928658,98,0.6497554
BIGTIMEUSDT,BUY,LIMIT,1701957956982,72,0.6531282
BIGTIMEUSDT,BUY,LIMIT,1701957959430,229,0.6547963
BIGTIMEUSDT,BUY,LIMIT,1701957962447,3887,0.6554945
BIGTIMEUSDT,BUY,LIMIT,1701957964465,189,0.6556626
BIGTIMEUSDT,BUY,LIMIT,1701957976312,1081,0.6568952
BIGTIMEUSDT,BUY,LIMIT,1701957981170,397,0.6575986
BIGTIMEUSDT,SELL,LIMIT,1701958020116,1193,0.6352678
BIGTIMEUSDT,BUY,LIMIT,1701958042588,130,0.6580201
BIGTIMEUSDT,BUY,LIMIT,1701958044299,772,0.6592711
BIGTIMEUSDT,BUY,LIMIT,1701958045423,1136,0.6591336
BIGTIMEUSDT,BUY,LIMIT,1701958047068,157,0.6596810
BIGTIMEUSDT,BUY,LIMIT,1701958049755,704,0.6597907
BIGTIMEUSDT,BUY,LIMIT,1701958074115,167,0.6603790
BIGTIMEUSDT,BUY,LIMIT,1701958076484,2848,0.6610583
BIGTIMEUSDT,BUY,LIMIT,1701958110861,322,0.6625228
BIGTIMEUSDT,BUY,LIMIT,1701958119457,376,0.6629074
BIGTIMEUSDT,SELL,LIMIT,1701958208023,16,0.6392362
BIGTIMEUSDT,BUY,LIMIT,1701958262048,1586,0.6638726
BIGTIMEUSDT,BUY,LIMIT,1701958267012,81,0.6642285
BIGTIMEUSDT,BUY,LIMIT,1701958268519,8,0.6646249
BIGTIMEUSDT,BUY,LIMIT,1701958274090,6312,0.6650348
BIGTIMEUSDT,BUY,LIMIT,1701958357572,997,0.6644304
BIGTIMEUSDT,SELL,LIMIT,1701958429188,180,0.6409546
BIGTIMEUSDT,SELL,LIMIT,1701958538864,82,0.6396007
BIGTIMEUSDT,SELL,LIMIT,1701958646246,936,0.6392786
BIGTIMEUSDT,BUY,LIMIT,1701959161046,577,0.6628700
BIGTIMEUSDT,BUY,LIMIT,1701959162067,332,0.6629043
BIGTIMEUSDT,BUY,LIMIT,1701959179117,9,0.6681117
BIGTIMEUSDT,BUY,LIMIT,1701959180204,71,0.6691814
BIGTIMEUSDT,BUY,LIMIT,1701959181749,281,0.6702790
BIGTIMEUSDT,BUY,LIMIT,1701959183609,304,0.6707481
BIGTIMEUSDT,BUY,LIMIT,1701959186236,436,0.6716560
BIGTIMEUSDT,BUY,LIMIT,1701959206072,1042,0.6718627
BIGTIMEUSDT,BUY,LIMIT,1701959207142,246,0.6725395
BIGTIMEUSDT,BUY,LIMIT,1701959209058,1000,0.6728680
BIGTIMEUSDT,BUY,LIMIT,1701959216045,823,0.6730776
BIGTIMEUSDT,BUY,LIMIT,1701959217062,1666,0.6730680
BIGTIMEUSDT,BUY,LIMIT,1701959224086,56,0.6736085
BIGTIMEUSDT,BUY,LIMIT,1701959225429,576,0.6737823
BIGTIMEUSDT,BUY,LIMIT,1701959266289,131,0.6748731
BIGTIMEUSDT,BUY,LIMIT,1701959269160,94,0.6749348
BIGTIMEUSDT,BUY,LIMIT,1701959271262,242,0.6757738
BIGTIMEUSDT,BUY,LIMIT,1701959280237,32,0.6762278
BIGTIMEUSDT,SELL,LIMIT,1701959414045,751,0.6511677
BIGTIMEUSDT,BUY,LIMIT,1701959496190,301,0.6777154
BIGTIMEUSDT,BUY,LIMIT,1701959532279,1261,0.6763960
BIGTIMEUSDT,BUY,LIMIT,1701959556623,225,0.6787004
BIGTIMEUSDT,BUY,LIMIT,1701959558883,834,0.6791651
BIGTIMEUSDT,BUY,LIMIT,1701959636706,8322,0.6816643
BIGTIMEUSDT,BUY,LIMIT,1701959637798,23,0.6811255
BIGTIMEUSDT,BUY,LIMIT,1701959639246,45,0.6817272
BIGTIMEUSDT,BUY,LIMIT,1701959642440,8098,0.6824213
BIGTIMEUSDT,BUY,LIMIT,1701959643520,164,0.6821337
BIGTIMEUSDT,BUY,LIMIT,1701959650488,350,0.6826928
BIGTIMEUSDT,BUY,LIMIT,1701959652287,828,0.6841204
BIGTIMEUSDT,BUY,LIMIT,1701959653309,1395,0.6831472
BIGTIMEUSDT,BUY,LIMIT,1701959654690,80832,0.7006094
BIGTIMEUSDT,BUY,LIMIT,1701959656572,6338,0.6862541
BIGTIMEUSDT,BUY,LIMIT,1701959657603,600,0.6867667
BIGTIMEUSDT,BUY,LIMIT,1701959675110,31,0.6882472
BIGTIMEUSDT,BUY,LIMIT,1701959676122,313,0.6878502
BIGTIMEUSDT,BUY,LIMIT,1701959678110,446,0.6884610
BIGTIMEUSDT,BUY,LIMIT,1701959724424,737,0.6904176
BIGTIMEUSDT,BUY,LIMIT,1701959726242,299,0.6908158
BIGTIMEUSDT,BUY,LIMIT,1701959727496,861,0.6917732
BIGTIMEUSDT,BUY,LIMIT,1701959764073,47,0.6920512
BIGTIMEUSDT,BUY,LIMIT,1701959765443,157,0.6923821
BIGTIMEUSDT,BUY,LIMIT,1701960009079,4962,0.6936116
BIGTIMEUSDT,BUY,LIMIT,1701960010342,3030,0.6931483
BIGTIMEUSDT,SELL,LIMIT,1701960089506,114,0.6668855
BIGTIMEUSDT,SELL,LIMIT,1701960113567,114,0.6656540
BIGTIMEUSDT,SELL,LIMIT,1701960122364,37,0.6649559
BIGTIMEUSDT,SELL,LIMIT,1701960148225,455,0.6638881
BIGTIMEUSDT,BUY,LIMIT,1701960242271,13,0.6885798
BIGTIMEUSDT,SELL,LIMIT,1701960294865,140,0.6662173
BIGTIMEUSDT,SELL,LIMIT,1701960296344,638,0.6653800
BIGTIMEUSDT,BUY,LIMIT,1701960444328,445,0.6869965
BIGTIMEUSDT,BUY,LIMIT,1701960471423,20,0.6877547
BIGTIMEUSDT,BUY,LIMIT,1701960473954,654,0.6883195
BIGTIMEUSDT,BUY,LIMIT,1701960492756,5160,0.6903227
BIGTIMEUSDT,BUY,LIMIT,1701960494098,2975,0.6913232
BIGTIMEUSDT,BUY,LIMIT,1701960500265,248,0.6923169
BIGTIMEUSDT,BUY,LIMIT,1701960516483,78,0.6935145
BIGTIMEUSDT,BUY,LIMIT,1701960518078,349,0.6945138
BIGTIMEUSDT,BUY,LIMIT,1701960530133,1855,0.6949676
BIGTIMEUSDT,BUY,LIMIT,1701960535674,365,0.6956555
BIGTIMEUSDT,BUY,LIMIT,1701960560695,9,0.6966796
BIGTIMEUSDT,BUY,LIMIT,1701960562269,33,0.6978131
BIGTIMEUSDT,BUY,LIMIT,1701960563308,316,0.6975962
BIGTIMEUSDT,SELL,LIMIT,1701960592298,276,0.6732896
BIGTIMEUSDT,BUY,LIMIT,1701960817893,800,0.6967560
BIGTIMEUSDT,BUY,LIMIT,1701960824039,15,0.6984339
BIGTIMEUSDT,BUY,LIMIT,1701960825327,305,0.6992246
BIGTIMEUSDT,SELL,LIMIT,1701960843077,287,0.6752828
BIGTIMEUSDT,BUY,LIMIT,1701960887934,12,0.6996378
BIGTIMEUSDT,BUY,LIMIT,1701960899628,62,0.7009389
BIGTIMEUSDT,BUY,LIMIT,1701960904273,667,0.7017127
BIGTIMEUSDT,BUY,LIMIT,1701960910134,145,0.7017338
BIGTIMEUSDT,BUY,LIMIT,1701960911316,5239,0.7020505
BIGTIMEUSDT,BUY,LIMIT,1701960912414,62,0.7020244
BIGTIMEUSDT,BUY,LIMIT,1701960914840,5325,0.7026194
BIGTIMEUSDT,BUY,LIMIT,1701960916349,23,0.7028371
BIGTIMEUSDT,BUY,LIMIT,1701960925066,156,0.7041801
BIGTIMEUSDT,BUY,LIMIT,1701960926651,61,0.7046257
BIGTIMEUSDT,BUY,LIMIT,1701960931304,1143,0.7050331
BIGTIMEUSDT,BUY,LIMIT,1701961027441,7875,0.7058207
BIGTIMEUSDT,BUY,LIMIT,1701961059202,78,0.7062727
BIGTIMEUSDT,BUY,LIMIT,1701961060369,769,0.7070088
BIGTIMEUSDT,BUY,LIMIT,1701961120600,1515,0.7051040
BIGTIMEUSDT,BUY,LIMIT,1701961234099,3203,0.7068230
BIGTIMEUSDT,BUY,LIMIT,1701961240530,5519,0.7069095
BIGTIMEUSDT,BUY,LIMIT,1701961244344,747,0.7077646
BIGTIMEUSDT,BUY,LIMIT,1701961245437,692,0.7082546
BIGTIMEUSDT,BUY,LIMIT,1701961249115,332,0.7091624
BIGTIMEUSDT,BUY,LIMIT,1701961265084,296,0.7105487
BIGTIMEUSDT,BUY,LIMIT,1701961268291,329,0.7107115
BIGTIMEUSDT,BUY,LIMIT,1701961269488,70,0.7108921
BIGTIMEUSDT,BUY,LIMIT,1701961274474,343,0.7109099
BIGTIMEUSDT,BUY,LIMIT,1701961275592,900,0.7114491
BIGTIMEUSDT,BUY,LIMIT,1701961284242,1138,0.7116302
BIGTIMEUSDT,BUY,LIMIT,1701961286557,5259,0.7121716
BIGTIMEUSDT,BUY,LIMIT,1701961288326,32,0.7129000
BIGTIMEUSDT,BUY,LIMIT,1701961290132,9223,0.7152940
BIGTIMEUSDT,BUY,LIMIT,1701961291252,227,0.7138948
BIGTIMEUSDT,BUY,LIMIT,1701961301676,500,0.7142668
BIGTIMEUSDT,BUY,LIMIT,1701961304795,35861,0.7202113
BIGTIMEUSDT,BUY,LIMIT,1701961306060,8,0.7147985
BIGTIMEUSDT,BUY,LIMIT,1701961324868,36,0.7150949
BIGTIMEUSDT,BUY,LIMIT,1701961326194,1052,0.7152362
BIGTIMEUSDT,BUY,LIMIT,1701961328641,2000,0.7155707
BIGTIMEUSDT,BUY,LIMIT,1701961331416,492,0.7157831
BIGTIMEUSDT,BUY,LIMIT,1701961332666,20,0.7159742
BIGTIMEUSDT,BUY,LIMIT,1701961339022,443,0.7162417
BIGTIMEUSDT,BUY,LIMIT,1701961340861,8,0.7169527
BIGTIMEUSDT,BUY,LIMIT,1701961342100,10,0.7185926
BIGTIMEUSDT,BUY,LIMIT,1701961343146,22,0.7180845
BIGTIMEUSDT,BUY,LIMIT,1701961345141,3968,0.7209100
BIGTIMEUSDT,BUY,LIMIT,1701961346244,3047,0.7214919
BIGTIMEUSDT,BUY,LIMIT,1701961347292,8670,0.7252127
BIGTIMEUSDT,BUY,LIMIT,1701961348315,110,0.7236060
BIGTIMEUSDT,BUY,LIMIT,1701961349438,1241,0.7238495
BIGTIMEUSDT,BUY,LIMIT,1701961350526,235,0.7241816
BIGTIMEUSDT,BUY,LIMIT,1701961371248,278,0.7248072
BIGTIMEUSDT,BUY,LIMIT,1701961385587,377,0.7252319
BIGTIMEUSDT,BUY,LIMIT,1701961392370,134,0.7262464
BIGTIMEUSDT,BUY,LIMIT,1701961395649,526,0.7271169
BIGTIMEUSDT,BUY,LIMIT,1701961397375,144,0.7273555
BIGTIMEUSDT,BUY,LIMIT,1701961399042,491,0.7275399
BIGTIMEUSDT,BUY,LIMIT,1701961400118,382,0.7280168
BIGTIMEUSDT,BUY,LIMIT,1701961432170,3533,0.7264354
BIGTIMEUSDT,BUY,LIMIT,1701961440375,3000,0.7220456
BIGTIMEUSDT,SELL,LIMIT,1701961451423,1462,0.7026732
BIGTIMEUSDT,SELL,LIMIT,1701961453855,207,0.7006052
BIGTIMEUSDT,SELL,LIMIT,1701961467341,629,0.6989233
BIGTIMEUSDT,SELL,LIMIT,1701961481981,6970,0.6985015
BIGTIMEUSDT,BUY,LIMIT,1701961506730,7025,0.7247958
BIGTIMEUSDT,BUY,LIMIT,1701961508196,1866,0.7252928
BIGTIMEUSDT,BUY,LIMIT,1701961512685,200,0.7251429
BIGTIMEUSDT,SELL,LIMIT,1701961536693,571,0.7003374
BIGTIMEUSDT,SELL,LIMIT,1701961541335,24,0.6982946
BIGTIMEUSDT,SELL,LIMIT,1701961544453,545,0.6977186
BIGTIMEUSDT,SELL,LIMIT,1701961546242,3075,0.6960761
BIGTIMEUSDT,SELL,LIMIT,1701961547439,183,0.6960738
BIGTIMEUSDT,SELL,LIMIT,1701961555614,58,0.6959596
BIGTIMEUSDT,SELL,LIMIT,1701961585402,277,0.6939322
BIGTIMEUSDT,SELL,LIMIT,1701961592863,1211,0.6930175
BIGTIMEUSDT,SELL,LIMIT,1701961596682,211,0.6923890
BIGTIMEUSDT,SELL,LIMIT,1701961602267,99,0.6910411
BIGTIMEUSDT,SELL,LIMIT,1701961606189,3541,0.6897758
BIGTIMEUSDT,SELL,LIMIT,1701961611181,114,0.6885888
BIGTIMEUSDT,SELL,LIMIT,1701961615580,562,0.6874244
BIGTIMEUSDT,SELL,LIMIT,1701961619050,358,0.6872047
BIGTIMEUSDT,SELL,LIMIT,1701961621154,2583,0.6861401
BIGTIMEUSDT,SELL,LIMIT,1701961622343,336,0.6863493
BIGTIMEUSDT,SELL,LIMIT,1701961625354,13,0.6848796
BIGTIMEUSDT,SELL,LIMIT,1701961640125,141,0.6831922
BIGTIMEUSDT,BUY,LIMIT,1701961657313,6851,0.7070300
BIGTIMEUSDT,SELL,LIMIT,1701961696526,2180,0.6821476
BIGTIMEUSDT,SELL,LIMIT,1701961738058,718,0.6814132
BIGTIMEUSDT,SELL,LIMIT,1701961739113,499,0.6811676
BIGTIMEUSDT,SELL,LIMIT,1701961741275,146,0.6807907
BIGTIMEUSDT,SELL,LIMIT,1701961744725,421,0.6804290
BIGTIMEUSDT,SELL,LIMIT,1701961746073,434,0.6784866
BIGTIMEUSDT,SELL,LIMIT,1701961747101,2962,0.6780619
BIGTIMEUSDT,SELL,LIMIT,1701961748154,16,0.6718644
BIGTIMEUSDT,SELL,LIMIT,1701961749269,515,0.6737597
BIGTIMEUSDT,SELL,LIMIT,1701961758252,432,0.6722896
BIGTIMEUSDT,SELL,LIMIT,1701961762647,85,0.6709014
BIGTIMEUSDT,SELL,LIMIT,1701961764215,838,0.6695141
BIGTIMEUSDT,SELL,LIMIT,1701961765248,3755,0.6703766
BIGTIMEUSDT,SELL,LIMIT,1701961767237,49,0.6674610
BIGTIMEUSDT,SELL,LIMIT,1701961768295,1433,0.6679765
BIGTIMEUSDT,BUY,LIMIT,1701961773269,125,0.6900994
BIGTIMEUSDT,SELL,LIMIT,1701961881334,666,0.6700252
BIGTIMEUSDT,BUY,LIMIT,1701961956730,24,0.6946098
BIGTIMEUSDT,BUY,LIMIT,1701961958275,3099,0.6947189
BIGTIMEUSDT,BUY,LIMIT,1701961959305,6684,0.6949182
BIGTIMEUSDT,BUY,LIMIT,1701961991351,368,0.6978477
BIGTIMEUSDT,SELL,LIMIT,1701962010214,130,0.6730138
BIGTIMEUSDT,BUY,LIMIT,1701962047890,6481,0.6956965
BIGTIMEUSDT,SELL,LIMIT,1701962107557,17,0.6744236
BIGTIMEUSDT,SELL,LIMIT,1701962110152,658,0.6736386
BIGTIMEUSDT,BUY,LIMIT,1701962144361,588,0.6969302
BIGTIMEUSDT,SELL,LIMIT,1701962166143,159,0.6721015
BIGTIMEUSDT,SELL,LIMIT,1701962167434,183,0.6716089
BIGTIMEUSDT,BUY,LIMIT,1701962185429,38,0.6961146
BIGTIMEUSDT,BUY,LIMIT,1701962194048,759,0.6964174
BIGTIMEUSDT,BUY,LIMIT,1701962196982,3516,0.6982352
BIGTIMEUSDT,BUY,LIMIT,1701962240375,151,0.6991405
BIGTIMEUSDT,SELL,LIMIT,1701962290376,247,0.6747090
BIGTIMEUSDT,SELL,LIMIT,1701962372268,2521,0.6714184
BIGTIMEUSDT,SELL,LIMIT,1701962652873,580,0.6734001
BIGTIMEUSDT,BUY,LIMIT,1701962686373,1098,0.6927911
BIGTIMEUSDT,BUY,LIMIT,1701963070943,174,0.6985254
BIGTIMEUSDT,BUY,LIMIT,1701963076473,816,0.6998764
BIGTIMEUSDT,BUY,LIMIT,1701963080694,2428,0.7000138
BIGTIMEUSDT,BUY,LIMIT,1701963089750,6516,0.7035140
BIGTIMEUSDT,BUY,LIMIT,1701963092963,2844,0.7051917
BIGTIMEUSDT,BUY,LIMIT,1701963123130,4268,0.7090672
BIGTIMEUSDT,BUY,LIMIT,1701963137466,1269,0.7125714
BIGTIMEUSDT,BUY,LIMIT,1701963138710,9,0.7141847
BIGTIMEUSDT,SELL,LIMIT,1701963181059,851,0.6899939
BIGTIMEUSDT,SELL,LIMIT,1701963192411,11,0.6884361
BIGTIMEUSDT,SELL,LIMIT,1701963196469,6990,0.6868631
BIGTIMEUSDT,SELL,LIMIT,1701963212751,3305,0.6856441
BIGTIMEUSDT,SELL,LIMIT,1701963214049,30,0.6848659
BIGTIMEUSDT,SELL,LIMIT,1701963218855,1632,0.6831157
BIGTIMEUSDT,BUY,LIMIT,1701963306590,112,0.7111518
BIGTIMEUSDT,BUY,LIMIT,1701963308080,1089,0.7126068
BIGTIMEUSDT,BUY,LIMIT,1701963312112,1134,0.7135711
BIGTIMEUSDT,BUY,LIMIT,1701963328300,282,0.7161867
BIGTIMEUSDT,SELL,LIMIT,1701963367025,197,0.6912918
BIGTIMEUSDT,BUY,LIMIT,1701963398587,894,0.7141676
BIGTIMEUSDT,BUY,LIMIT,1701963406830,5139,0.7165649
BIGTIMEUSDT,BUY,LIMIT,1701963441077,155,0.7174156
BIGTIMEUSDT,BUY,LIMIT,1701963442350,25,0.7172182
BIGTIMEUSDT,BUY,LIMIT,1701963452227,8681,0.7206389
BIGTIMEUSDT,BUY,LIMIT,1701963577207,63,0.7180284
BIGTIMEUSDT,SELL,LIMIT,1701963678542,98,0.6912727
BIGTIMEUSDT,SELL,LIMIT,1701963680109,56,0.6910919
BIGTIMEUSDT,BUY,LIMIT,1701963684158,500,0.7146984
BIGTIMEUSDT,BUY,LIMIT,1701963870281,135,0.7145066
BIGTIMEUSDT,SELL,LIMIT,1701963957267,3408,0.6880327
BIGTIMEUSDT,SELL,LIMIT,1701963968332,534,0.6867900
BIGTIMEUSDT,SELL,LIMIT,1701963971068,146,0.6851149
BIGTIMEUSDT,SELL,LIMIT,1701963979330,715,0.6846000
BIGTIMEUSDT,SELL,LIMIT,1701963981050,410,0.6836867
BIGTIMEUSDT,SELL,LIMIT,1701963983860,6302,0.6832976
BIGTIMEUSDT,SELL,LIMIT,1701963985096,7154,0.6823017
BIGTIMEUSDT,SELL,LIMIT,1701963986445,1004,0.6825203
BIGTIMEUSDT,SELL,LIMIT,1701963988422,2695,0.6785317
BIGTIMEUSDT,SELL,LIMIT,1701963989466,3602,0.6791239
BIGTIMEUSDT,SELL,LIMIT,1701963990907,406,0.6765290
BIGTIMEUSDT,SELL,LIMIT,1701963992858,278,0.6771876
BIGTIMEUSDT,SELL,LIMIT,1701963995116,245,0.6764109
BIGTIMEUSDT,SELL,LIMIT,1701964004474,2621,0.6767279
BIGTIMEUSDT,BUY,LIMIT,1701964061608,800,0.7007869
BIGTIMEUSDT,SELL,LIMIT,1701964122352,678,0.6759823
BIGTIMEUSDT,SELL,LIMIT,1701964139692,865,0.6747604
BIGTIMEUSDT,SELL,LIMIT,1701964145049,1133,0.6734568
BIGTIMEUSDT,SELL,LIMIT,1701964315164,44,0.6699544
BIGTIMEUSDT,SELL,LIMIT,1701964316246,289,0.6694691
BIGTIMEUSDT,SELL,LIMIT,1701964317362,109,0.6679581
BIGTIMEUSDT,SELL,LIMIT,1701964318588,78,0.6677409
BIGTIMEUSDT,SELL,LIMIT,1701964321050,72,0.6664818
BIGTIMEUSDT,SELL,LIMIT,1701964322074,32,0.6665097
BIGTIMEUSDT,SELL,LIMIT,1701964323352,59,0.6659730
BIGTIMEUSDT,SELL,LIMIT,1701964324648,4282,0.6651401
BIGTIMEUSDT,SELL,LIMIT,1701964332435,148,0.6647255
BIGTIMEUSDT,SELL,LIMIT,1701964336162,4137,0.6638357
BIGTIMEUSDT,SELL,LIMIT,1701964337184,91,0.6626299
BIGTIMEUSDT,SELL,LIMIT,1701964338759,9,0.6620071
BIGTIMEUSDT,SELL,LIMIT,1701964341105,208,0.6601816
BIGTIMEUSDT,SELL,LIMIT,1701964342263,42,0.6600406
BIGTIMEUSDT,BUY,LIMIT,1701964368387,743,0.6854397
BIGTIMEUSDT,BUY,LIMIT,1701964380067,88,0.6877832
BIGTIMEUSDT,SELL,LIMIT,1701964421711,7116,0.6634351
BIGTIMEUSDT,SELL,LIMIT,1701964444153,4533,0.6598101
BIGTIMEUSDT,SELL,LIMIT,1701964445214,2500,0.6596438
BIGTIMEUSDT,BUY,LIMIT,1701964528455,814,0.6855383
BIGTIMEUSDT,SELL,LIMIT,1701964591161,133,0.6611294
BIGTIMEUSDT,SELL,LIMIT,1701964608100,3144,0.6582058
BIGTIMEUSDT,SELL,LIMIT,1701964609203,7299,0.6577376
BIGTIMEUSDT,SELL,LIMIT,1701964610262,77,0.6547604
BIGTIMEUSDT,SELL,LIMIT,1701964611320,1222,0.6548680
BIGTIMEUSDT,SELL,LIMIT,1701964617217,978,0.6542278
BIGTIMEUSDT,SELL,LIMIT,1701964629550,23,0.6533841
BIGTIMEUSDT,BUY,LIMIT,1701964666793,3013,0.6785790
BIGTIMEUSDT,BUY,LIMIT,1701964672539,15,0.6787211
BIGTIMEUSDT,BUY,LIMIT,1701964714105,89,0.6814099
BIGTIMEUSDT,SELL,LIMIT,1701964734862,332,0.6601631
BIGTIMEUSDT,BUY,LIMIT,1701964792613,324,0.6803052
BIGTIMEUSDT,BUY,LIMIT,1701964833440,2650,0.6816568
BIGTIMEUSDT,SELL,LIMIT,1701964854450,1024,0.6566138
BIGTIMEUSDT,SELL,LIMIT,1701964859132,205,0.6545819
BIGTIMEUSDT,SELL,LIMIT,1701964862362,800,0.6546515
BIGTIMEUSDT,SELL,LIMIT,1701964873320,650,0.6597167
BIGTIMEUSDT,SELL,LIMIT,1701964896206,60,0.6538897
BIGTIMEUSDT,SELL,LIMIT,1701964897286,7341,0.6526651
BIGTIMEUSDT,SELL,LIMIT,1701964898400,152,0.6525717
BIGTIMEUSDT,SELL,LIMIT,1701964899513,87,0.6522901
BIGTIMEUSDT,SELL,LIMIT,1701964902338,57,0.6519658
BIGTIMEUSDT,SELL,LIMIT,1701964909300,6665,0.6506147
BIGTIMEUSDT,SELL,LIMIT,1701964910316,125,0.6497410
BIGTIMEUSDT,SELL,LIMIT,1701964911601,95,0.6488026
BIGTIMEUSDT,SELL,LIMIT,1701964913127,2893,0.6469352
BIGTIMEUSDT,SELL,LIMIT,1701964916246,101,0.6462360
BIGTIMEUSDT,SELL,LIMIT,1701964919131,4,0.6466543
BIGTIMEUSDT,SELL,LIMIT,1701964921119,168,0.6456776
BIGTIMEUSDT,SELL,LIMIT,1701964922658,40,0.6449260
BIGTIMEUSDT,SELL,LIMIT,1701964924183,5884,0.6439127
BIGTIMEUSDT,SELL,LIMIT,1701964934098,776,0.6449734
BIGTIMEUSDT,BUY,LIMIT,1701964953059,879,0.6678218
BIGTIMEUSDT,BUY,LIMIT,1701964994186,1377,0.6745061
BIGTIMEUSDT,BUY,LIMIT,1701964995325,14,0.6740934
BIGTIMEUSDT,BUY,LIMIT,1701965001287,365,0.6749101
BIGTIMEUSDT,BUY,LIMIT,1701965017114,255,0.6669087
BIGTIMEUSDT,BUY,LIMIT,1701965019699,647,0.6776653
BIGTIMEUSDT,BUY,LIMIT,1701965027269,1118,0.6786410
BIGTIMEUSDT,SELL,LIMIT,1701965065268,300,0.6602681
BIGTIMEUSDT,BUY,LIMIT,1701965084266,473,0.6832816
BIGTIMEUSDT,SELL,LIMIT,1701965114106,639,0.6598868
BIGTIMEUSDT,BUY,LIMIT,1701965185055,971,0.6790306
BIGTIMEUSDT,BUY,LIMIT,1701965210308,2712,0.6835887
BIGTIMEUSDT,BUY,LIMIT,1701965305243,1741,0.6862104
BIGTIMEUSDT,BUY,LIMIT,1701965313052,2141,0.6879027
BIGTIMEUSDT,SELL,LIMIT,1701965624570,649,0.6623833
BIGTIMEUSDT,SELL,LIMIT,1701965626899,10,0.6621318
BIGTIMEUSDT,SELL,LIMIT,1701965635094,238,0.6609264
BIGTIMEUSDT,SELL,LIMIT,1701965638561,984,0.6598203
BIGTIMEUSDT,SELL,LIMIT,1701965671731,75,0.6634146
BIGTIMEUSDT,SELL,LIMIT,1701965728478,4646,0.6589055
BIGTIMEUSDT,SELL,LIMIT,1701965733376,4055,0.6572849
BIGTIMEUSDT,SELL,LIMIT,1701965734389,4019,0.6570231
BIGTIMEUSDT,SELL,LIMIT,1701965738470,1892,0.6566140
BIGTIMEUSDT,SELL,LIMIT,1701965740558,985,0.6550223
BIGTIMEUSDT,BUY,LIMIT,1701966012678,900,0.6828721
BIGTIMEUSDT,BUY,LIMIT,1701966030644,408,0.6846685
BIGTIMEUSDT,BUY,LIMIT,1701966065855,1703,0.6849220
BIGTIMEUSDT,BUY,LIMIT,1701966072302,16,0.6859406
BIGTIMEUSDT,BUY,LIMIT,1701966086632,636,0.6889138
BIGTIMEUSDT,BUY,LIMIT,1701966088587,764,0.6889686
BIGTIMEUSDT,BUY,LIMIT,1701966101175,1873,0.6897079
BIGTIMEUSDT,BUY,LIMIT,1701966112946,1473,0.6920362
BIGTIMEUSDT,BUY,LIMIT,1701966163073,4836,0.6918900
BIGTIMEUSDT,BUY,LIMIT,1701966366639,65,0.6938105
BIGTIMEUSDT,BUY,LIMIT,1701966396068,129,0.6961154
BIGTIMEUSDT,BUY,LIMIT,1701966400995,141,0.6967311
BIGTIMEUSDT,BUY,LIMIT,1701966458277,1075,0.6981170
BIGTIMEUSDT,BUY,LIMIT,1701966460878,2732,0.6988488
BIGTIMEUSDT,SELL,LIMIT,1701966546957,548,0.6737953
BIGTIMEUSDT,BUY,LIMIT,1701966659280,705,0.6996806
BIGTIMEUSDT,BUY,LIMIT,1701966661664,100,0.6998390
BIGTIMEUSDT,BUY,LIMIT,1701966662807,22,0.7000566
BIGTIMEUSDT,BUY,LIMIT,1701966664519,1985,0.7006421
BIGTIMEUSDT,BUY,LIMIT,1701966665898,2331,0.7015911
BIGTIMEUSDT,SELL,LIMIT,1701966725850,352,0.6738570
BIGTIMEUSDT,BUY,LIMIT,1701966778281,6868,0.6981337
BIGTIMEUSDT,BUY,LIMIT,1701966780550,1993,0.6983192
BIGTIMEUSDT,SELL,LIMIT,1701966842966,1859,0.6736225
BIGTIMEUSDT,SELL,LIMIT,1701967103412,1457,0.6716587
BIGTIMEUSDT,SELL,LIMIT,1701967119120,146,0.6703434
BIGTIMEUSDT,SELL,LIMIT,1701967120255,3938,0.6705026
BIGTIMEUSDT,SELL,LIMIT,1701967121798,1020,0.6684558
BIGTIMEUSDT,BUY,LIMIT,1701967555671,10,0.6946873
BIGTIMEUSDT,BUY,LIMIT,1701967566475,72,0.6968213
BIGTIMEUSDT,BUY,LIMIT,1701967567745,136,0.6973643
BIGTIMEUSDT,BUY,LIMIT,1701967608280,250,0.7007329
BIGTIMEUSDT,BUY,LIMIT,1701967609307,2533,0.6999962
BIGTIMEUSDT,BUY,LIMIT,1701967621880,1022,0.7016079
BIGTIMEUSDT,BUY,LIMIT,1701967625114,5291,0.7034590
BIGTIMEUSDT,BUY,LIMIT,1701967648581,60,0.7049388
BIGTIMEUSDT,BUY,LIMIT,1701967652499,56,0.7061166
BIGTIMEUSDT,SELL,LIMIT,1701967707775,873,0.6799416
BIGTIMEUSDT,SELL,LIMIT,1701967830827,370,0.6767577
BIGTIMEUSDT,SELL,LIMIT,1701967836534,895,0.6748127
BIGTIMEUSDT,SELL,LIMIT,1701967871091,869,0.6724005
BIGTIMEUSDT,SELL,LIMIT,1701967877145,36,0.6717092
BIGTIMEUSDT,SELL,LIMIT,1701967889084,3900,0.6704501
BIGTIMEUSDT,SELL,LIMIT,1701967890494,554,0.6683164
BIGTIMEUSDT,SELL,LIMIT,1701967940239,160,0.6661331
BIGTIMEUSDT,BUY,LIMIT,1701968051237,369,0.6889290
BIGTIMEUSDT,BUY,LIMIT,1701968156792,1028,0.6909914
BIGTIMEUSDT,BUY,LIMIT,1701968200075,34,0.6899312
BIGTIMEUSDT,SELL,LIMIT,1701968275591,148,0.6664620
BIGTIMEUSDT,SELL,LIMIT,1701968280378,5681,0.6652411
BIGTIMEUSDT,SELL,LIMIT,1701968303351,9,0.6640379
BIGTIMEUSDT,SELL,LIMIT,1701968306990,95,0.6635494
BIGTIMEUSDT,SELL,LIMIT,1701968467632,573,0.6653013
BIGTIMEUSDT,BUY,LIMIT,1701968616204,742,0.6881239
BIGTIMEUSDT,BUY,LIMIT,1701968721291,1281,0.6900974
BIGTIMEUSDT,BUY,LIMIT,1701968734437,382,0.6936008
BIGTIMEUSDT,BUY,LIMIT,1701968798392,181,0.6963854
BIGTIMEUSDT,BUY,LIMIT,1701968872338,623,0.6995566
BIGTIMEUSDT,BUY,LIMIT,1701968873411,700,0.7001669
BIGTIMEUSDT,BUY,LIMIT,1701969002092,143,0.6997479
BIGTIMEUSDT,BUY,LIMIT,1701969012191,605,0.7021910
BIGTIMEUSDT,SELL,LIMIT,1701969090663,125,0.6789983
BIGTIMEUSDT,SELL,LIMIT,1701969100511,23,0.6775082
BIGTIMEUSDT,BUY,LIMIT,1701969134520,112,0.6990207
BIGTIMEUSDT,SELL,LIMIT,1701969272828,6809,0.6804763
BIGTIMEUSDT,SELL,LIMIT,1701969274956,2709,0.6798839
BIGTIMEUSDT,SELL,LIMIT,1701969458261,9,0.6833961
BIGTIMEUSDT,SELL,LIMIT,1701969840644,8,0.6751583
BIGTIMEUSDT,SELL,LIMIT,1701969867134,7234,0.6739829
BIGTIMEUSDT,SELL,LIMIT,1701969869828,19,0.6737571
BIGTIMEUSDT,BUY,LIMIT,1701969946408,1309,0.6992322
BIGTIMEUSDT,BUY,LIMIT,1701970104061,499,0.7010184
BIGTIMEUSDT,BUY,LIMIT,1701970159278,218,0.7025675
BIGTIMEUSDT,SELL,LIMIT,1701970181573,64,0.6846467
BIGTIMEUSDT,SELL,LIMIT,1701970224544,1349,0.6763878
BIGTIMEUSDT,SELL,LIMIT,1701970232428,869,0.6714012
BIGTIMEUSDT,SELL,LIMIT,1701970235279,88,0.6696698
BIGTIMEUSDT,SELL,LIMIT,1701970236299,22,0.6711689
BIGTIMEUSDT,SELL,LIMIT,1701970285942,173,0.6675790
BIGTIMEUSDT,SELL,LIMIT,1701970310154,6950,0.6628856
BIGTIMEUSDT,SELL,LIMIT,1701970311499,60,0.6628694
BIGTIMEUSDT,SELL,LIMIT,1701970314999,262,0.6618723
BIGTIMEUSDT,SELL,LIMIT,1701970327675,5454,0.6616380
BIGTIMEUSDT,SELL,LIMIT,1701970335318,1825,0.6606834
BIGTIMEUSDT,SELL,LIMIT,1701970340261,97,0.6603980
BIGTIMEUSDT,SELL,LIMIT,1701970476145,10,0.6594747
BIGTIMEUSDT,SELL,LIMIT,1701970477289,2,0.6593804
BIGTIMEUSDT,SELL,LIMIT,1701970478547,808,0.6577594
BIGTIMEUSDT,SELL,LIMIT,1701970488737,368,0.6569690
BIGTIMEUSDT,SELL,LIMIT,1701970506809,605,0.6564071
BIGTIMEUSDT,SELL,LIMIT,1701970542096,176,0.6556713
BIGTIMEUSDT,SELL,LIMIT,1701970543492,37,0.6558144
BIGTIMEUSDT,SELL,LIMIT,1701970625719,28,0.6553051
BIGTIMEUSDT,SELL,LIMIT,1701970627926,10,0.6549979
BIGTIMEUSDT,SELL,LIMIT,1701970719153,350,0.6601031
BIGTIMEUSDT,SELL,LIMIT,1701970754470,15,0.6536204
BIGTIMEUSDT,SELL,LIMIT,1701970755506,250,0.6535092
BIGTIMEUSDT,SELL,LIMIT,1701970756846,677,0.6533916
BIGTIMEUSDT,SELL,LIMIT,1701970908137,3934,0.6539416
BIGTIMEUSDT,SELL,LIMIT,1701970917125,9648,0.6508258
BIGTIMEUSDT,SELL,LIMIT,1701970918205,4679,0.6525457
BIGTIMEUSDT,SELL,LIMIT,1701970983450,640,0.6515534
BIGTIMEUSDT,SELL,LIMIT,1701971045064,987,0.6532521
BIGTIMEUSDT,SELL,LIMIT,1701971061244,75,0.6514051
BIGTIMEUSDT,BUY,LIMIT,1701971103211,11,0.6752148
BIGTIMEUSDT,SELL,LIMIT,1701971332695,3466,0.6511099
BIGTIMEUSDT,SELL,LIMIT,1701971336200,463,0.6497343
BIGTIMEUSDT,SELL,LIMIT,1701971338445,77,0.6488314
BIGTIMEUSDT,SELL,LIMIT,1701971342494,364,0.6489875
BIGTIMEUSDT,SELL,LIMIT,1701971381235,894,0.6492075
BIGTIMEUSDT,SELL,LIMIT,1701971387223,11,0.6482774
BIGTIMEUSDT,BUY,LIMIT,1701971780031,64,0.6744084
BIGTIMEUSDT,SELL,LIMIT,1701972069909,14,0.6496268
BIGTIMEUSDT,SELL,LIMIT,1701972082842,11,0.6489716
BIGTIMEUSDT,SELL,LIMIT,1701972088193,794,0.6478588
BIGTIMEUSDT,SELL,LIMIT,1701972091445,9,0.6475916
BIGTIMEUSDT,SELL,LIMIT,1701972093280,468,0.6471002
BIGTIMEUSDT,SELL,LIMIT,1701972096038,111,0.6469257
BIGTIMEUSDT,BUY,LIMIT,1701972177633,8,0.6703258
BIGTIMEUSDT,SELL,LIMIT,1701972660370,195,0.6483661
BIGTIMEUSDT,SELL,LIMIT,1701972666366,4790,0.6473635
BIGTIMEUSDT,SELL,LIMIT,1701973109625,617,0.6471861
BIGTIMEUSDT,SELL,LIMIT,1701973132683,7562,0.6464928
BIGTIMEUSDT,SELL,LIMIT,1701973136841,56,0.6458410
BIGTIMEUSDT,SELL,LIMIT,1701973255748,89,0.6453868
BIGTIMEUSDT,SELL,LIMIT,1701973257386,1519,0.6451003
BIGTIMEUSDT,SELL,LIMIT,1701973260526,164,0.6441901
BIGTIMEUSDT,SELL,LIMIT,1701973268170,294,0.6438874
BIGTIMEUSDT,SELL,LIMIT,1701973270233,104,0.6437583
BIGTIMEUSDT,SELL,LIMIT,1701973280181,15,0.6436433
BIGTIMEUSDT,SELL,LIMIT,1701973283076,57,0.6435277
BIGTIMEUSDT,BUY,LIMIT,1701973520826,1331,0.6694121
BIGTIMEUSDT,BUY,LIMIT,1701973540064,13,0.6707887
BIGTIMEUSDT,BUY,LIMIT,1701973564281,24,0.6712701
BIGTIMEUSDT,SELL,LIMIT,1701973882202,235,0.6471828
BIGTIMEUSDT,SELL,LIMIT,1701974037006,506,0.6445572
BIGTIMEUSDT,SELL,LIMIT,1701974055188,50,0.6429223
BIGTIMEUSDT,SELL,LIMIT,1701974056235,70,0.6370617
BIGTIMEUSDT,SELL,LIMIT,1701974057239,5104,0.6367292
BIGTIMEUSDT,SELL,LIMIT,1701974058278,1212,0.6287388
BIGTIMEUSDT,SELL,LIMIT,1701974059290,50,0.6288353
BIGTIMEUSDT,SELL,LIMIT,1701974225634,650,0.6325232
BIGTIMEUSDT,BUY,LIMIT,1701974399860,1562,0.6561555
BIGTIMEUSDT,BUY,LIMIT,1701974401766,254,0.6563585
BIGTIMEUSDT,SELL,LIMIT,1701974909330,564,0.6325951
BIGTIMEUSDT,SELL,LIMIT,1701974928578,80,0.6308480
BIGTIMEUSDT,SELL,LIMIT,1701974930065,440,0.6306950
BIGTIMEUSDT,SELL,LIMIT,1701974932534,3822,0.6301395
BIGTIMEUSDT,SELL,LIMIT,1701974934313,608,0.6301119
BIGTIMEUSDT,BUY,LIMIT,1701974963963,70,0.6535572
BIGTIMEUSDT,BUY,LIMIT,1701975012990,21,0.6556801
BIGTIMEUSDT,BUY,LIMIT,1701975023409,24,0.6565580
BIGTIMEUSDT,BUY,LIMIT,1701975049484,31,0.6573465
BIGTIMEUSDT,SELL,LIMIT,1701975225923,1921,0.6335518
BIGTIMEUSDT,SELL,LIMIT,1701975588917,261,0.6321844
BIGTIMEUSDT,SELL,LIMIT,1701975605253,2468,0.6312334
BIGTIMEUSDT,BUY,LIMIT,1701975745098,234,0.6565039
BIGTIMEUSDT,SELL,LIMIT,1701976189998,3671,0.6321731
BIGTIMEUSDT,SELL,LIMIT,1701976278349,361,0.6318229
BIGTIMEUSDT,SELL,LIMIT,1701976281187,10,0.6313964
BIGTIMEUSDT,SELL,LIMIT,1701976449724,112,0.6285379
BIGTIMEUSDT,SELL,LIMIT,1701976457077,3121,0.6279829
BIGTIMEUSDT,BUY,LIMIT,1701976510804,42,0.6503338
BIGTIMEUSDT,SELL,LIMIT,1701976781358,74,0.6274866
BIGTIMEUSDT,SELL,LIMIT,1701976782769,113,0.6273915
BIGTIMEUSDT,SELL,LIMIT,1701976783835,967,0.6255364
BIGTIMEUSDT,BUY,LIMIT,1701976828447,75,0.6483482
BIGTIMEUSDT,SELL,LIMIT,1701977296239,2261,0.6300122
BIGTIMEUSDT,SELL,LIMIT,1701977297873,131,0.6298091
BIGTIMEUSDT,SELL,LIMIT,1701977328962,2078,0.6300061
BIGTIMEUSDT,BUY,LIMIT,1701977554274,9,0.6527204
BIGTIMEUSDT,BUY,LIMIT,1701977576564,8,0.6535898
BIGTIMEUSDT,BUY,LIMIT,1701977585096,57,0.6542019
BIGTIMEUSDT,SELL,LIMIT,1701977744359,181,0.6315916
BIGTIMEUSDT,BUY,LIMIT,1701978690015,344,0.6549972
BIGTIMEUSDT,BUY,LIMIT,1701978700086,38,0.6552326
BIGTIMEUSDT,BUY,LIMIT,1701978890387,412,0.6568076
BIGTIMEUSDT,BUY,LIMIT,1701978894457,8,0.6577710
BIGTIMEUSDT,BUY,LIMIT,1701979297742,50,0.6561536
BIGTIMEUSDT,SELL,LIMIT,1701979668926,1475,0.6329060
BIGTIMEUSDT,SELL,LIMIT,1701979675074,3952,0.6323881
BIGTIMEUSDT,SELL,LIMIT,1701979688620,1822,0.6315920
BIGTIMEUSDT,SELL,LIMIT,1701979712974,476,0.6312749
BIGTIMEUSDT,SELL,LIMIT,1701979714425,19,0.6302864
BIGTIMEUSDT,SELL,LIMIT,1701979716091,811,0.6296780
BIGTIMEUSDT,SELL,LIMIT,1701980075500,954,0.6322716
BIGTIMEUSDT,BUY,LIMIT,1701980268224,623,0.6542711
BIGTIMEUSDT,SELL,LIMIT,1701980303287,6,0.6344386
BIGTIMEUSDT,SELL,LIMIT,1701980305003,7764,0.6351200
BIGTIMEUSDT,SELL,LIMIT,1701980504031,18,0.6340327
BIGTIMEUSDT,SELL,LIMIT,1701980508454,93,0.6338652
BIGTIMEUSDT,SELL,LIMIT,1701980575530,18,0.6288862
BIGTIMEUSDT,SELL,LIMIT,1701980585325,2520,0.6264700
BIGTIMEUSDT,BUY,LIMIT,1701980661380,80,0.6524121
BIGTIMEUSDT,BUY,LIMIT,1701980735781,1834,0.6542017
BIGTIMEUSDT,BUY,LIMIT,1701980740646,1558,0.6543703
BIGTIMEUSDT,BUY,LIMIT,1701981002344,5394,0.6564452
BIGTIMEUSDT,BUY,LIMIT,1701981010200,971,0.6582911
BIGTIMEUSDT,BUY,LIMIT,1701981024202,65,0.6593707
BIGTIMEUSDT,SELL,LIMIT,1701981472675,23,0.6340659
BIGTIMEUSDT,SELL,LIMIT,1701981505904,11,0.6311614
BIGTIMEUSDT,SELL,LIMIT,1701981627506,12682,0.6280117
BIGTIMEUSDT,BUY,LIMIT,1701982084748,359,0.6602680
BIGTIMEUSDT,BUY,LIMIT,1701982433149,1836,0.6594613
BIGTIMEUSDT,BUY,LIMIT,1701982919264,13,0.6610096
BIGTIMEUSDT,BUY,LIMIT,1701982920933,4806,0.6610354
BIGTIMEUSDT,BUY,LIMIT,1701982946970,80,0.6614906
BIGTIMEUSDT,BUY,LIMIT,1701982962710,7650,0.6625475
BIGTIMEUSDT,SELL,LIMIT,1701983092168,114,0.6397016
BIGTIMEUSDT,BUY,LIMIT,1701984496171,54,0.6619462
BIGTIMEUSDT,BUY,LIMIT,1701984526411,99,0.6595168
BIGTIMEUSDT,SELL,LIMIT,1701984809226,173,0.6390267
BIGTIMEUSDT,BUY,LIMIT,1701985123162,1364,0.6639884
BIGTIMEUSDT,BUY,LIMIT,1701985124370,58,0.6656345
BIGTIMEUSDT,BUY,LIMIT,1701985136023,10,0.6665566
BIGTIMEUSDT,BUY,LIMIT,1701985138105,13312,0.6701808
BIGTIMEUSDT,SELL,LIMIT,1701985219049,135,0.6424378
BIGTIMEUSDT,SELL,LIMIT,1701985243659,7498,0.6403933
BIGTIMEUSDT,SELL,LIMIT,1701985726192,48,0.6377056
BIGTIMEUSDT,SELL,LIMIT,1701985728655,98,0.6371290
BIGTIMEUSDT,SELL,LIMIT,1701985730649,577,0.6367742
BIGTIMEUSDT,SELL,LIMIT,1701985733380,1000,0.6362480
BIGTIMEUSDT,SELL,LIMIT,1701985734451,130,0.6351245
BIGTIMEUSDT,SELL,LIMIT,1701985807186,1997,0.6340687
BIGTIMEUSDT,SELL,LIMIT,1701985808770,13,0.6338348
BIGTIMEUSDT,SELL,LIMIT,1701986348255,110,0.6331281
BIGTIMEUSDT,SELL,LIMIT,1701986349736,7742,0.6326684
BIGTIMEUSDT,SELL,LIMIT,1701986380940,282,0.6319187
BIGTIMEUSDT,SELL,LIMIT,1701986396381,135,0.6313081
BIGTIMEUSDT,SELL,LIMIT,1701986454244,921,0.6297135
BIGTIMEUSDT,SELL,LIMIT,1701986614292,5888,0.6305187
BIGTIMEUSDT,SELL,LIMIT,1701986623594,15,0.6297335
BIGTIMEUSDT,BUY,LIMIT,1701986768137,127,0.6515526
BIGTIMEUSDT,SELL,LIMIT,1701987023477,1715,0.6288485
BIGTIMEUSDT,SELL,LIMIT,1701987028378,244,0.6279000
BIGTIMEUSDT,SELL,LIMIT,1701987029948,234,0.6271797
BIGTIMEUSDT,SELL,LIMIT,1701987067303,950,0.6266377
BIGTIMEUSDT,SELL,LIMIT,1701987068394,1331,0.6266881
BIGTIMEUSDT,BUY,LIMIT,1701987326745,345,0.6493521
BIGTIMEUSDT,SELL,LIMIT,1701987446051,144,0.6296121
BIGTIMEUSDT,SELL,LIMIT,1701987450693,1745,0.6296121
BIGTIMEUSDT,SELL,LIMIT,1701987558460,1313,0.6266304
BIGTIMEUSDT,SELL,LIMIT,1701987559465,695,0.6246970
BIGTIMEUSDT,SELL,LIMIT,1701987560484,768,0.6187882
BIGTIMEUSDT,SELL,LIMIT,1701987561496,926,0.6141976
BIGTIMEUSDT,SELL,LIMIT,1701987602080,60,0.6131254
BIGTIMEUSDT,SELL,LIMIT,1701987603309,22,0.6121562
BIGTIMEUSDT,SELL,LIMIT,1701987604332,950,0.6122683
BIGTIMEUSDT,BUY,LIMIT,1701987617217,21,0.6358494
BIGTIMEUSDT,SELL,LIMIT,1701988074487,104,0.6171399
BIGTIMEUSDT,BUY,LIMIT,1701988165324,7949,0.6411970
BIGTIMEUSDT,BUY,LIMIT,1701988218388,202,0.6407344
BIGTIMEUSDT,BUY,LIMIT,1701988221115,20,0.6419709
BIGTIMEUSDT,SELL,LIMIT,1701988259934,1304,0.6211411
BIGTIMEUSDT,SELL,LIMIT,1701988307180,146,0.6211053
BIGTIMEUSDT,SELL,LIMIT,1701988344263,145,0.6189671
BIGTIMEUSDT,SELL,LIMIT,1701988351929,1505,0.6185686
BIGTIMEUSDT,SELL,LIMIT,1701988353281,111,0.6185686
BIGTIMEUSDT,SELL,LIMIT,1701988360532,909,0.6185871
BIGTIMEUSDT,SELL,LIMIT,1701988365677,143,0.6204864
BIGTIMEUSDT,SELL,LIMIT,1701988373382,5162,0.6177574
BIGTIMEUSDT,SELL,LIMIT,1701988389612,2175,0.6163676
BIGTIMEUSDT,SELL,LIMIT,1701988391787,7965,0.6150072
BIGTIMEUSDT,SELL,LIMIT,1701988418664,161,0.6164666
BIGTIMEUSDT,SELL,LIMIT,1701988427362,7787,0.6167274
BIGTIMEUSDT,SELL,LIMIT,1701988453535,121,0.6154684
BIGTIMEUSDT,SELL,LIMIT,1701988459499,113,0.6148221
BIGTIMEUSDT,SELL,LIMIT,1701988488627,54,0.6146832
BIGTIMEUSDT,BUY,LIMIT,1701988518119,127,0.6363171
BIGTIMEUSDT,SELL,LIMIT,1701988887513,128,0.6164110
BIGTIMEUSDT,SELL,LIMIT,1701989293660,9,0.6157236
BIGTIMEUSDT,SELL,LIMIT,1701989604090,525,0.6142809
BIGTIMEUSDT,SELL,LIMIT,1701989647377,294,0.6134622
BIGTIMEUSDT,SELL,LIMIT,1701989973116,5606,0.6126201
BIGTIMEUSDT,SELL,LIMIT,1701989979991,2383,0.6121048
BIGTIMEUSDT,BUY,LIMIT,1701990081137,9,0.6354543
BIGTIMEUSDT,BUY,LIMIT,1701990092258,64,0.6372885
BIGTIMEUSDT,SELL,LIMIT,1701990596542,291,0.6135464
BIGTIMEUSDT,BUY,LIMIT,1701990657371,1604,0.6353831
BIGTIMEUSDT,SELL,LIMIT,1701991015008,73,0.6130716
BIGTIMEUSDT,SELL,LIMIT,1701991036468,150,0.6129656
BIGTIMEUSDT,SELL,LIMIT,1701991172262,689,0.6115499
BIGTIMEUSDT,SELL,LIMIT,1701991175440,100,0.6114278
BIGTIMEUSDT,SELL,LIMIT,1701991177202,87,0.6113608
BIGTIMEUSDT,SELL,LIMIT,1701991187083,215,0.6110443
BIGTIMEUSDT,SELL,LIMIT,1701991189321,25,0.6105465
BIGTIMEUSDT,SELL,LIMIT,1701991190329,34,0.6099583
BIGTIMEUSDT,SELL,LIMIT,1701991191397,939,0.6096577
BIGTIMEUSDT,SELL,LIMIT,1701992889500,534,0.6125346
BIGTIMEUSDT,SELL,LIMIT,1701992946749,1602,0.6112127
BIGTIMEUSDT,SELL,LIMIT,1701993088506,7977,0.6105252
BIGTIMEUSDT,SELL,LIMIT,1701993090495,1920,0.6091572
BIGTIMEUSDT,SELL,LIMIT,1701993091679,210,0.6088149
BIGTIMEUSDT,SELL,LIMIT,1701993098172,7469,0.6080852
BIGTIMEUSDT,SELL,LIMIT,1701993904272,16,0.6109095
BIGTIMEUSDT,SELL,LIMIT,1701994141428,321,0.6089684
BIGTIMEUSDT,SELL,LIMIT,1701994144058,7731,0.6084189
BIGTIMEUSDT,SELL,LIMIT,1701994145125,71,0.6075247
BIGTIMEUSDT,SELL,LIMIT,1701994146302,1000,0.6080779
BIGTIMEUSDT,SELL,LIMIT,1701994147364,262,0.6072882
BIGTIMEUSDT,SELL,LIMIT,1701994148383,623,0.6038632
BIGTIMEUSDT,SELL,LIMIT,1701994215085,271,0.6044749
BIGTIMEUSDT,SELL,LIMIT,1701994217159,811,0.6034808
BIGTIMEUSDT,BUY,LIMIT,1701994519504,373,0.6322939
BIGTIMEUSDT,BUY,LIMIT,1701994556719,1750,0.6345780
BIGTIMEUSDT,BUY,LIMIT,1701994667308,35,0.6356434
BIGTIMEUSDT,SELL,LIMIT,1701995439145,54,0.6130152
BIGTIMEUSDT,SELL,LIMIT,1701995612104,72,0.6112612
BIGTIMEUSDT,SELL,LIMIT,1701995617264,48,0.6111335
BIGTIMEUSDT,SELL,LIMIT,1701995629563,23,0.6111013
BIGTIMEUSDT,SELL,LIMIT,1701995737838,749,0.6083105
BIGTIMEUSDT,SELL,LIMIT,1701995752674,39,0.6079664
BIGTIMEUSDT,SELL,LIMIT,1701995763365,217,0.6067283
BIGTIMEUSDT,SELL,LIMIT,1701995972573,173,0.6034370
BIGTIMEUSDT,SELL,LIMIT,1701995973681,118,0.6030882
BIGTIMEUSDT,SELL,LIMIT,1701995982192,43,0.6026888
BIGTIMEUSDT,SELL,LIMIT,1701996039071,236,0.6027214
BIGTIMEUSDT,SELL,LIMIT,1701996040779,22,0.6026007
BIGTIMEUSDT,SELL,LIMIT,1701996041846,59,0.6018571
BIGTIMEUSDT,SELL,LIMIT,1701996042848,26,0.6007847
BIGTIMEUSDT,SELL,LIMIT,1701996044035,12581,0.5985869
BIGTIMEUSDT,SELL,LIMIT,1701996045069,1605,0.5989925
BIGTIMEUSDT,SELL,LIMIT,1701996046100,9,0.5990361
BIGTIMEUSDT,SELL,LIMIT,1701996047119,253,0.5978466
BIGTIMEUSDT,BUY,LIMIT,1701996490042,145,0.6246622
BIGTIMEUSDT,BUY,LIMIT,1701996717637,522,0.6251091
BIGTIMEUSDT,SELL,LIMIT,1701997435097,3194,0.6018351
BIGTIMEUSDT,SELL,LIMIT,1701997471646,16,0.6015735
BIGTIMEUSDT,SELL,LIMIT,1701997486390,487,0.6010996
BIGTIMEUSDT,SELL,LIMIT,1701997489643,424,0.6010044
BIGTIMEUSDT,SELL,LIMIT,1701997510293,522,0.6006960
BIGTIMEUSDT,SELL,LIMIT,1701997702911,338,0.5989941
BIGTIMEUSDT,SELL,LIMIT,1701997706102,1626,0.5989546
BIGTIMEUSDT,SELL,LIMIT,1701997717221,67,0.5985900
BIGTIMEUSDT,SELL,LIMIT,1701997719317,43,0.5982846
BIGTIMEUSDT,SELL,LIMIT,1701997721060,54,0.5977178
BIGTIMEUSDT,SELL,LIMIT,1701997722150,2997,0.5967880
BIGTIMEUSDT,SELL,LIMIT,1701997723186,27,0.5972329
BIGTIMEUSDT,SELL,LIMIT,1701997724201,10,0.5954237
BIGTIMEUSDT,SELL,LIMIT,1701997725324,17254,0.5923858
BIGTIMEUSDT,SELL,LIMIT,1701997727214,33,0.5945049
BIGTIMEUSDT,SELL,LIMIT,1701997728845,23168,0.5904555
BIGTIMEUSDT,SELL,LIMIT,1701997730212,183,0.5937381
BIGTIMEUSDT,SELL,LIMIT,1701997731274,848,0.5939903
BIGTIMEUSDT,SELL,LIMIT,1701997732609,226,0.5931650
BIGTIMEUSDT,SELL,LIMIT,1701997734809,4924,0.5930036
BIGTIMEUSDT,SELL,LIMIT,1701997746257,6332,0.5932656
BIGTIMEUSDT,SELL,LIMIT,1701997761336,132,0.5943801
BIGTIMEUSDT,SELL,LIMIT,1701998225205,790,0.6021129
BIGTIMEUSDT,SELL,LIMIT,1701998366415,138,0.5997106
BIGTIMEUSDT,SELL,LIMIT,1701999775267,30,0.5988114
BIGTIMEUSDT,SELL,LIMIT,1701999821684,105,0.5980815
BIGTIMEUSDT,SELL,LIMIT,1702000035616,4602,0.5972351
BIGTIMEUSDT,BUY,LIMIT,1702000388862,250,0.6185916
BIGTIMEUSDT,SELL,LIMIT,1702000809249,255,0.5967278
BIGTIMEUSDT,BUY,LIMIT,1702001058350,682,0.6168153
BIGTIMEUSDT,BUY,LIMIT,1702001248506,480,0.6213156
BIGTIMEUSDT,SELL,LIMIT,1702002019523,498,0.5984794
BIGTIMEUSDT,SELL,LIMIT,1702002077962,128,0.5970998
BIGTIMEUSDT,SELL,LIMIT,1702002114454,142,0.5960424
BIGTIMEUSDT,SELL,LIMIT,1702002123434,45,0.5958635
BIGTIMEUSDT,SELL,LIMIT,1702002165253,161,0.5947791
BIGTIMEUSDT,SELL,LIMIT,1702002190779,64,0.5936093
BIGTIMEUSDT,SELL,LIMIT,1702002205241,71,0.5933715
BIGTIMEUSDT,SELL,LIMIT,1702002213075,6698,0.5926832
BIGTIMEUSDT,SELL,LIMIT,1702002214147,11,0.5927407
BIGTIMEUSDT,SELL,LIMIT,1702002216588,629,0.5921651
BIGTIMEUSDT,SELL,LIMIT,1702002234601,27,0.5919426
BIGTIMEUSDT,SELL,LIMIT,1702002235708,163,0.5917451
BIGTIMEUSDT,SELL,LIMIT,1702002237340,631,0.5915061
BIGTIMEUSDT,SELL,LIMIT,1702002238358,422,0.5913064
BIGTIMEUSDT,SELL,LIMIT,1702002239416,55,0.5893540
BIGTIMEUSDT,SELL,LIMIT,1702002240481,42,0.5910526
BIGTIMEUSDT,SELL,LIMIT,1702002241649,2938,0.5891922
BIGTIMEUSDT,SELL,LIMIT,1702002252799,8,0.5888917
BIGTIMEUSDT,SELL,LIMIT,1702002255231,857,0.5880789
BIGTIMEUSDT,SELL,LIMIT,1702002256268,60,0.5877776
BIGTIMEUSDT,SELL,LIMIT,1702002262000,50,0.5875114
BIGTIMEUSDT,SELL,LIMIT,1702002607550,44,0.5886457
BIGTIMEUSDT,SELL,LIMIT,1702002641071,958,0.5882448
BIGTIMEUSDT,SELL,LIMIT,1702002648066,90,0.5873615
BIGTIMEUSDT,SELL,LIMIT,1702002649088,10,0.5860596
BIGTIMEUSDT,SELL,LIMIT,1702002650181,19,0.5836045
BIGTIMEUSDT,SELL,LIMIT,1702002651296,3261,0.5832113
BIGTIMEUSDT,SELL,LIMIT,1702002664703,195,0.5825120
BIGTIMEUSDT,SELL,LIMIT,1702002728331,255,0.5830216
BIGTIMEUSDT,SELL,LIMIT,1702002729419,21922,0.5790617
BIGTIMEUSDT,SELL,LIMIT,1702002730568,2990,0.5817226
BIGTIMEUSDT,SELL,LIMIT,1702002732127,8208,0.5816289
BIGTIMEUSDT,SELL,LIMIT,1702002733205,16,0.5814836
BIGTIMEUSDT,SELL,LIMIT,1702002734223,775,0.5811999
BIGTIMEUSDT,SELL,LIMIT,1702002735442,80,0.5805679
BIGTIMEUSDT,SELL,LIMIT,1702002736550,458,0.5803259
BIGTIMEUSDT,SELL,LIMIT,1702002738083,739,0.5787449
BIGTIMEUSDT,SELL,LIMIT,1702002739084,331,0.5778654
BIGTIMEUSDT,SELL,LIMIT,1702002740286,759,0.5774854
BIGTIMEUSDT,SELL,LIMIT,1702002743436,7742,0.5772681
BIGTIMEUSDT,SELL,LIMIT,1702002745099,719,0.5766916
BIGTIMEUSDT,SELL,LIMIT,1702002746147,98,0.5759578
BIGTIMEUSDT,SELL,LIMIT,1702002869864,50,0.5787453
BIGTIMEUSDT,SELL,LIMIT,1702002871059,600,0.5723479
BIGTIMEUSDT,SELL,LIMIT,1702002872157,111,0.5749608
BIGTIMEUSDT,SELL,LIMIT,1702002874265,1737,0.5723477
BIGTIMEUSDT,SELL,LIMIT,1702002876390,1570,0.5719857
BIGTIMEUSDT,SELL,LIMIT,1702002877409,541,0.5719832
BIGTIMEUSDT,SELL,LIMIT,1702002878489,394,0.5717459
BIGTIMEUSDT,SELL,LIMIT,1702002881950,120,0.5713263
BIGTIMEUSDT,SELL,LIMIT,1702002883025,115,0.5709369
BIGTIMEUSDT,SELL,LIMIT,1702002884052,11694,0.5678835
BIGTIMEUSDT,SELL,LIMIT,1702002885716,1098,0.5675326
BIGTIMEUSDT,SELL,LIMIT,1702002898241,38023,0.5629739
BIGTIMEUSDT,SELL,LIMIT,1702002899371,431,0.5673023
BIGTIMEUSDT,SELL,LIMIT,1702002900479,2008,0.5670702
BIGTIMEUSDT,SELL,LIMIT,1702002902069,12403,0.5651321
BIGTIMEUSDT,SELL,LIMIT,1702002904156,2167,0.5666549
BIGTIMEUSDT,SELL,LIMIT,1702002906230,14756,0.5639111
BIGTIMEUSDT,SELL,LIMIT,1702002907297,2375,0.5662969
BIGTIMEUSDT,BUY,LIMIT,1702002915526,314,0.5876753
BIGTIMEUSDT,SELL,LIMIT,1702003027061,201,0.5693301
BIGTIMEUSDT,SELL,LIMIT,1702003033269,664,0.5678821
BIGTIMEUSDT,SELL,LIMIT,1702003047813,2770,0.5669379
BIGTIMEUSDT,SELL,LIMIT,1702003049272,483,0.5660978
BIGTIMEUSDT,SELL,LIMIT,1702003052480,8039,0.5651100
BIGTIMEUSDT,SELL,LIMIT,1702003054196,6979,0.5650112
BIGTIMEUSDT,SELL,LIMIT,1702003055234,3155,0.5647688
BIGTIMEUSDT,SELL,LIMIT,1702003056286,9036,0.5641817
BIGTIMEUSDT,SELL,LIMIT,1702003057296,1892,0.5627847
BIGTIMEUSDT,SELL,LIMIT,1702003058404,2460,0.5641065
BIGTIMEUSDT,SELL,LIMIT,1702003174326,22,0.5681482
BIGTIMEUSDT,SELL,LIMIT,1702003247241,107,0.5646435
BIGTIMEUSDT,SELL,LIMIT,1702003248330,487,0.5627144
BIGTIMEUSDT,SELL,LIMIT,1702003249400,3,0.5630538
BIGTIMEUSDT,SELL,LIMIT,1702003257172,2752,0.5625823
BIGTIMEUSDT,SELL,LIMIT,1702003265992,219587,0.5460940
BIGTIMEUSDT,SELL,LIMIT,1702003267096,696,0.5621564
BIGTIMEUSDT,SELL,LIMIT,1702003268263,203,0.5605359
BIGTIMEUSDT,SELL,LIMIT,1702003270682,2754,0.5605428
BIGTIMEUSDT,SELL,LIMIT,1702003275307,72,0.5601436
BIGTIMEUSDT,SELL,LIMIT,1702003332696,2333,0.5615229
BIGTIMEUSDT,BUY,LIMIT,1702003344154,2188,0.5822857
BIGTIMEUSDT,SELL,LIMIT,1702003450825,1043,0.5623912
BIGTIMEUSDT,SELL,LIMIT,1702003629649,123,0.5612883
BIGTIMEUSDT,SELL,LIMIT,1702003651066,63,0.5597250
BIGTIMEUSDT,SELL,LIMIT,1702003652179,264,0.5597192
BIGTIMEUSDT,SELL,LIMIT,1702003653213,161,0.5504882
BIGTIMEUSDT,SELL,LIMIT,1702003654221,319,0.5565459
BIGTIMEUSDT,SELL,LIMIT,1702003655224,250,0.5498183
BIGTIMEUSDT,SELL,LIMIT,1702003656226,3840,0.5499691
BIGTIMEUSDT,SELL,LIMIT,1702003660151,1534,0.5481601
BIGTIMEUSDT,SELL,LIMIT,1702003661214,6264,0.5476152
BIGTIMEUSDT,SELL,LIMIT,1702003662379,72,0.5470811
BIGTIMEUSDT,SELL,LIMIT,1702003663403,558,0.5472878
BIGTIMEUSDT,SELL,LIMIT,1702003664705,1351,0.5451452
BIGTIMEUSDT,SELL,LIMIT,1702003666217,3030,0.5433485
BIGTIMEUSDT,SELL,LIMIT,1702003667232,359,0.5432860
BIGTIMEUSDT,SELL,LIMIT,1702003668348,240,0.5424636
BIGTIMEUSDT,SELL,LIMIT,1702003674078,38,0.5415726
BIGTIMEUSDT,SELL,LIMIT,1702003675087,4213,0.5412205
BIGTIMEUSDT,SELL,LIMIT,1702003676105,512,0.5414528
BIGTIMEUSDT,SELL,LIMIT,1702003677133,849,0.5401201
BIGTIMEUSDT,BUY,LIMIT,1702003691464,101,0.5612347
BIGTIMEUSDT,SELL,LIMIT,1702003699135,2129,0.5445374
BIGTIMEUSDT,SELL,LIMIT,1702003723629,1011,0.5458779
BIGTIMEUSDT,SELL,LIMIT,1702003775339,33,0.5418760
BIGTIMEUSDT,SELL,LIMIT,1702003776382,578,0.5414868
BIGTIMEUSDT,SELL,LIMIT,1702003777417,12,0.5412961
BIGTIMEUSDT,BUY,LIMIT,1702003880673,60,0.5641337
BIGTIMEUSDT,BUY,LIMIT,1702003938652,9009,0.5659890
BIGTIMEUSDT,SELL,LIMIT,1702004049950,178,0.5472193
BIGTIMEUSDT,SELL,LIMIT,1702004051194,439,0.5467115
BIGTIMEUSDT,SELL,LIMIT,1702004386247,478,0.5479456
BIGTIMEUSDT,SELL,LIMIT,1702004387341,830,0.5479222
BIGTIMEUSDT,SELL,LIMIT,1702004388467,697,0.5472348
BIGTIMEUSDT,SELL,LIMIT,1702004389581,869,0.5468061
BIGTIMEUSDT,SELL,LIMIT,1702004393263,89,0.5458081
BIGTIMEUSDT,SELL,LIMIT,1702004439884,1146,0.5459422
BIGTIMEUSDT,SELL,LIMIT,1702004502796,82,0.5468536
BIGTIMEUSDT,SELL,LIMIT,1702004505207,6868,0.5459307
BIGTIMEUSDT,SELL,LIMIT,1702004523861,1199,0.5448036
BIGTIMEUSDT,SELL,LIMIT,1702004546802,1856,0.5424965
BIGTIMEUSDT,SELL,LIMIT,1702004555052,22,0.5414577
BIGTIMEUSDT,SELL,LIMIT,1702004556059,2875,0.5379272
BIGTIMEUSDT,SELL,LIMIT,1702004557423,25,0.5348748
BIGTIMEUSDT,SELL,LIMIT,1702004573055,1641,0.5348127
BIGTIMEUSDT,SELL,LIMIT,1702004579764,4757,0.5341542
BIGTIMEUSDT,SELL,LIMIT,1702004580789,284,0.5338652
BIGTIMEUSDT,SELL,LIMIT,1702004582107,170,0.5338435
BIGTIMEUSDT,BUY,LIMIT,1702004760371,335,0.5590021
BIGTIMEUSDT,SELL,LIMIT,1702005027558,179,0.5404169
BIGTIMEUSDT,SELL,LIMIT,1702005050254,10,0.5389331
BIGTIMEUSDT,SELL,LIMIT,1702005085195,166,0.5361163
BIGTIMEUSDT,SELL,LIMIT,1702005086684,1193,0.5350067
BIGTIMEUSDT,SELL,LIMIT,1702005177675,11,0.5394712
BIGTIMEUSDT,SELL,LIMIT,1702005267657,184,0.5354968
BIGTIMEUSDT,SELL,LIMIT,1702005360602,3443,0.5338977
BIGTIMEUSDT,SELL,LIMIT,1702005361624,397,0.5329217
BIGTIMEUSDT,SELL,LIMIT,1702005362629,108,0.5322903
BIGTIMEUSDT,SELL,LIMIT,1702005363667,3840,0.5304403
BIGTIMEUSDT,SELL,LIMIT,1702005365130,403,0.5297586
BIGTIMEUSDT,SELL,LIMIT,1702005380896,8489,0.5293111
BIGTIMEUSDT,BUY,LIMIT,1702005404138,1567,0.5488076
BIGTIMEUSDT,SELL,LIMIT,1702005408078,1098,0.5294150
BIGTIMEUSDT,SELL,LIMIT,1702005411627,19,0.5290561
BIGTIMEUSDT,BUY,LIMIT,1702005446256,144,0.5493477
BIGTIMEUSDT,BUY,LIMIT,1702005447473,252,0.5494292
BIGTIMEUSDT,BUY,LIMIT,1702005490453,1,0.5486070
BIGTIMEUSDT,SELL,LIMIT,1702005765891,292,0.5316789
BIGTIMEUSDT,SELL,LIMIT,1702005775769,6342,0.5305994
BIGTIMEUSDT,SELL,LIMIT,1702005777205,9047,0.5301777
BIGTIMEUSDT,BUY,LIMIT,1702005805081,3149,0.5511380
BIGTIMEUSDT,SELL,LIMIT,1702005855891,102,0.5313135
BIGTIMEUSDT,SELL,LIMIT,1702005863151,408,0.5307345
BIGTIMEUSDT,SELL,LIMIT,1702005865240,859,0.5304735
BIGTIMEUSDT,BUY,LIMIT,1702005896152,2192,0.5491685
BIGTIMEUSDT,BUY,LIMIT,1702005915878,526,0.5496202
BIGTIMEUSDT,SELL,LIMIT,1702006053087,11,0.5310036
BIGTIMEUSDT,SELL,LIMIT,1702006100519,1882,0.5294675
BIGTIMEUSDT,SELL,LIMIT,1702006131681,500,0.5291070
BIGTIMEUSDT,SELL,LIMIT,1702006133718,34,0.5286249
BIGTIMEUSDT,SELL,LIMIT,1702006242182,325,0.5285303
BIGTIMEUSDT,SELL,LIMIT,1702006243424,1264,0.5284064
BIGTIMEUSDT,SELL,LIMIT,1702006244895,4763,0.5281391
BIGTIMEUSDT,SELL,LIMIT,1702006246309,130,0.5280743
BIGTIMEUSDT,SELL,LIMIT,1702006247485,125,0.5280618
BIGTIMEUSDT,SELL,LIMIT,1702006252972,200,0.5274540
BIGTIMEUSDT,SELL,LIMIT,1702006254376,189,0.5272151
BIGTIMEUSDT,SELL,LIMIT,1702006255829,11,0.5270462
BIGTIMEUSDT,BUY,LIMIT,1702006294173,362,0.5485567
BIGTIMEUSDT,BUY,LIMIT,1702006331616,9050,0.5496081
BIGTIMEUSDT,SELL,LIMIT,1702006371281,747,0.5345098
BIGTIMEUSDT,BUY,LIMIT,1702006405211,1361,0.5476798
BIGTIMEUSDT,BUY,LIMIT,1702006406894,2449,0.5466646
BIGTIMEUSDT,BUY,LIMIT,1702006757096,207,0.5511691
BIGTIMEUSDT,BUY,LIMIT,1702007129628,297,0.5519157
BIGTIMEUSDT,BUY,LIMIT,1702007139869,274,0.5535599
BIGTIMEUSDT,BUY,LIMIT,1702007257939,8234,0.5546970
BIGTIMEUSDT,BUY,LIMIT,1702007260186,541,0.5558067
BIGTIMEUSDT,BUY,LIMIT,1702007371071,62,0.5587317
BIGTIMEUSDT,SELL,LIMIT,1702007601512,817,0.5389937
BIGTIMEUSDT,BUY,LIMIT,1702007687070,898,0.5580743
BIGTIMEUSDT,BUY,LIMIT,1702007706095,88,0.5601572
BIGTIMEUSDT,BUY,LIMIT,1702007719258,1044,0.5604844
BIGTIMEUSDT,BUY,LIMIT,1702007722088,99,0.5610065
BIGTIMEUSDT,BUY,LIMIT,1702007754302,8135,0.5622064
BIGTIMEUSDT,SELL,LIMIT,1702008065765,19,0.5430993
BIGTIMEUSDT,BUY,LIMIT,1702008233447,60,0.5648417
BIGTIMEUSDT,BUY,LIMIT,1702008306144,57,0.5666797
BIGTIMEUSDT,BUY,LIMIT,1702008385225,8069,0.5670878
BIGTIMEUSDT,BUY,LIMIT,1702008393158,184,0.5672423
BIGTIMEUSDT,SELL,LIMIT,1702008474919,531,0.5473103
BIGTIMEUSDT,SELL,LIMIT,1702008486211,12,0.5467269
BIGTIMEUSDT,BUY,LIMIT,1702008652228,893,0.5653958
BIGTIMEUSDT,BUY,LIMIT,1702008655932,784,0.5656382
BIGTIMEUSDT,BUY,LIMIT,1702008744425,2416,0.5681298
BIGTIMEUSDT,BUY,LIMIT,1702008756592,32,0.5695415
BIGTIMEUSDT,BUY,LIMIT,1702008759172,9392,0.5703399
BIGTIMEUSDT,BUY,LIMIT,1702008760442,8738,0.5701610
BIGTIMEUSDT,BUY,LIMIT,1702008776141,6780,0.5711560
BIGTIMEUSDT,BUY,LIMIT,1702008786195,3112,0.5712626
BIGTIMEUSDT,BUY,LIMIT,1702008806348,59,0.5717953
BIGTIMEUSDT,BUY,LIMIT,1702008808905,802,0.5720913
BIGTIMEUSDT,BUY,LIMIT,1702008817696,20,0.5724454
BIGTIMEUSDT,BUY,LIMIT,1702008845714,69,0.5726139
BIGTIMEUSDT,BUY,LIMIT,1702008883517,74,0.5739488
BIGTIMEUSDT,SELL,LIMIT,1702008918425,21,0.5561829
BIGTIMEUSDT,SELL,LIMIT,1702009038929,2196,0.5530188
BIGTIMEUSDT,SELL,LIMIT,1702009176164,30,0.5508754
BIGTIMEUSDT,SELL,LIMIT,1702009383213,36,0.5529337
BIGTIMEUSDT,SELL,LIMIT,1702009917908,905,0.5503669
BIGTIMEUSDT,SELL,LIMIT,1702009968286,87,0.5499794
BIGTIMEUSDT,SELL,LIMIT,1702010049654,24,0.5494723
BIGTIMEUSDT,SELL,LIMIT,1702010051054,33,0.5491578
BIGTIMEUSDT,SELL,LIMIT,1702010052532,5928,0.5483496
BIGTIMEUSDT,SELL,LIMIT,1702010053741,123,0.5482508
BIGTIMEUSDT,SELL,LIMIT,1702010088269,23,0.5479319
BIGTIMEUSDT,SELL,LIMIT,1702010327917,5,0.5483845
BIGTIMEUSDT,SELL,LIMIT,1702010348457,100,0.5477359
BIGTIMEUSDT,BUY,LIMIT,1702010421007,888,0.5675243
BIGTIMEUSDT,BUY,LIMIT,1702010683377,1915,0.5691878
BIGTIMEUSDT,SELL,LIMIT,1702010806382,105,0.5471525
BIGTIMEUSDT,SELL,LIMIT,1702010811696,497,0.5468094
BIGTIMEUSDT,SELL,LIMIT,1702010818633,737,0.5461121
BIGTIMEUSDT,SELL,LIMIT,1702010820152,8899,0.5460883
BIGTIMEUSDT,SELL,LIMIT,1702010821589,15,0.5459952
BIGTIMEUSDT,SELL,LIMIT,1702010864310,184,0.5455532
BIGTIMEUSDT,SELL,LIMIT,1702010867405,32,0.5446351
BIGTIMEUSDT,SELL,LIMIT,1702010874401,70,0.5445239
BIGTIMEUSDT,SELL,LIMIT,1702011126286,323,0.5437587
BIGTIMEUSDT,BUY,LIMIT,1702011558345,12,0.5636814
BIGTIMEUSDT,SELL,LIMIT,1702011829494,25,0.5437892
BIGTIMEUSDT,SELL,LIMIT,1702011838433,1579,0.5430089
BIGTIMEUSDT,BUY,LIMIT,1702011980501,1021,0.5629296
BIGTIMEUSDT,SELL,LIMIT,1702012301956,360,0.5440777
BIGTIMEUSDT,SELL,LIMIT,1702012304916,3915,0.5435099
BIGTIMEUSDT,BUY,LIMIT,1702012807349,265,0.5628699
BIGTIMEUSDT,BUY,LIMIT,1702013036387,19,0.5646171
BIGTIMEUSDT,BUY,LIMIT,1702013056404,470,0.5671275
BIGTIMEUSDT,BUY,LIMIT,1702013057861,2663,0.5675824
BIGTIMEUSDT,BUY,LIMIT,1702013194180,1936,0.5678416
BIGTIMEUSDT,SELL,LIMIT,1702013470263,100,0.5521564
BIGTIMEUSDT,BUY,LIMIT,1702013477968,9,0.5683404
BIGTIMEUSDT,BUY,LIMIT,1702013720478,26,0.5673193
BIGTIMEUSDT,SELL,LIMIT,1702013724344,51,0.5498923
BIGTIMEUSDT,SELL,LIMIT,1702013727316,86,0.5497475
BIGTIMEUSDT,SELL,LIMIT,1702013737289,798,0.5492649
BIGTIMEUSDT,SELL,LIMIT,1702013745271,89,0.5485439
BIGTIMEUSDT,SELL,LIMIT,1702013795981,1500,0.5472044
BIGTIMEUSDT,SELL,LIMIT,1702013811565,568,0.5462713
BIGTIMEUSDT,SELL,LIMIT,1702013870324,1789,0.5451893
BIGTIMEUSDT,SELL,LIMIT,1702013887351,739,0.5441301
BIGTIMEUSDT,SELL,LIMIT,1702013906046,59,0.5431765
BIGTIMEUSDT,SELL,LIMIT,1702013907322,4442,0.5425247
BIGTIMEUSDT,SELL,LIMIT,1702013909675,905,0.5413315
BIGTIMEUSDT,SELL,LIMIT,1702013920538,6416,0.5402676
BIGTIMEUSDT,SELL,LIMIT,1702013927202,38,0.5402208
BIGTIMEUSDT,SELL,LIMIT,1702013930574,2117,0.5400132
BIGTIMEUSDT,SELL,LIMIT,1702013931699,673,0.5399208
BIGTIMEUSDT,SELL,LIMIT,1702013933748,2197,0.5392076
BIGTIMEUSDT,SELL,LIMIT,1702013934879,18,0.5387295
BIGTIMEUSDT,SELL,LIMIT,1702014007815,110,0.5383150
BIGTIMEUSDT,SELL,LIMIT,1702014019511,7869,0.5383512
BIGTIMEUSDT,SELL,LIMIT,1702014024275,121,0.5376433
BIGTIMEUSDT,SELL,LIMIT,1702014055863,205,0.5381671
BIGTIMEUSDT,BUY,LIMIT,1702014198173,13,0.5583401
BIGTIMEUSDT,BUY,LIMIT,1702014203595,118,0.5596662
BIGTIMEUSDT,SELL,LIMIT,1702014413282,448,0.5419280
BIGTIMEUSDT,SELL,LIMIT,1702014659173,1400,0.5396955
BIGTIMEUSDT,SELL,LIMIT,1702014664275,2356,0.5383234
BIGTIMEUSDT,BUY,LIMIT,1702014692742,9127,0.5550948
BIGTIMEUSDT,BUY,LIMIT,1702014968700,34,0.5577071
BIGTIMEUSDT,BUY,LIMIT,1702015220712,912,0.5599328
BIGTIMEUSDT,SELL,LIMIT,1702015315055,9053,0.5401873
BIGTIMEUSDT,SELL,LIMIT,1702015321376,436,0.5389446
BIGTIMEUSDT,BUY,LIMIT,1702015381166,417,0.5577367
BIGTIMEUSDT,BUY,LIMIT,1702015420054,545,0.5617118
BIGTIMEUSDT,BUY,LIMIT,1702015722310,54,0.5664058
BIGTIMEUSDT,SELL,LIMIT,1702015973401,592,0.5523230
BIGTIMEUSDT,BUY,LIMIT,1702016024521,527,0.5678396
BIGTIMEUSDT,BUY,LIMIT,1702016029046,38,0.5682809
BIGTIMEUSDT,BUY,LIMIT,1702016031839,4542,0.5684533
BIGTIMEUSDT,BUY,LIMIT,1702016081460,10,0.5696177
BIGTIMEUSDT,BUY,LIMIT,1702016084516,385,0.5717010
BIGTIMEUSDT,BUY,LIMIT,1702016091802,1690,0.5721797
BIGTIMEUSDT,BUY,LIMIT,1702016225810,329,0.5728011
BIGTIMEUSDT,SELL,LIMIT,1702016248695,31,0.5560205
BIGTIMEUSDT,SELL,LIMIT,1702016266135,644,0.5548630
BIGTIMEUSDT,BUY,LIMIT,1702016289521,12,0.5736705
BIGTIMEUSDT,BUY,LIMIT,1702016475823,702,0.5642131
BIGTIMEUSDT,SELL,LIMIT,1702016685194,12,0.5520844
BIGTIMEUSDT,SELL,LIMIT,1702016827282,783,0.5512239
BIGTIMEUSDT,SELL,LIMIT,1702016879375,810,0.5508496
BIGTIMEUSDT,SELL,LIMIT,1702016996448,100,0.5498703
BIGTIMEUSDT,SELL,LIMIT,1702016997642,81,0.5496815
BIGTIMEUSDT,SELL,LIMIT,1702017042232,1712,0.5486009
BIGTIMEUSDT,SELL,LIMIT,1702017045068,300,0.5476282
BIGTIMEUSDT,SELL,LIMIT,1702017047151,457,0.5470329
BIGTIMEUSDT,SELL,LIMIT,1702017048362,100,0.5465505
BIGTIMEUSDT,SELL,LIMIT,1702017128397,667,0.5489408
BIGTIMEUSDT,SELL,LIMIT,1702017233066,1016,0.5445081
BIGTIMEUSDT,SELL,LIMIT,1702017443354,579,0.5439293
BIGTIMEUSDT,SELL,LIMIT,1702017574782,204,0.5436464
BIGTIMEUSDT,SELL,LIMIT,1702017645238,1319,0.5423481
BIGTIMEUSDT,SELL,LIMIT,1702017795881,619,0.5416778
BIGTIMEUSDT,SELL,LIMIT,1702017798070,18,0.5411686
BIGTIMEUSDT,BUY,LIMIT,1702017959472,575,0.5597055
BIGTIMEUSDT,SELL,LIMIT,1702018299413,15,0.5405062
BIGTIMEUSDT,SELL,LIMIT,1702018311494,2090,0.5387426
BIGTIMEUSDT,SELL,LIMIT,1702018339930,720,0.5381299
BIGTIMEUSDT,SELL,LIMIT,1702018536484,92,0.5389339
BIGTIMEUSDT,SELL,LIMIT,1702018561439,8603,0.5377196
BIGTIMEUSDT,SELL,LIMIT,1702018562636,720,0.5373192
BIGTIMEUSDT,SELL,LIMIT,1702019024165,4983,0.5385795
BIGTIMEUSDT,SELL,LIMIT,1702019041187,618,0.5383337
BIGTIMEUSDT,SELL,LIMIT,1702019066326,518,0.5369743
BIGTIMEUSDT,SELL,LIMIT,1702019130330,150,0.5365864
BIGTIMEUSDT,SELL,LIMIT,1702019132250,2273,0.5356382
BIGTIMEUSDT,SELL,LIMIT,1702019133365,169,0.5353715
BIGTIMEUSDT,SELL,LIMIT,1702019135565,407,0.5352179
BIGTIMEUSDT,SELL,LIMIT,1702019142439,376,0.5342091
BIGTIMEUSDT,SELL,LIMIT,1702019171650,48,0.5352159
BIGTIMEUSDT,BUY,LIMIT,1702019350411,9140,0.5578248
BIGTIMEUSDT,BUY,LIMIT,1702019357195,351,0.5584080
BIGTIMEUSDT,SELL,LIMIT,1702019516818,1662,0.5367577
BIGTIMEUSDT,BUY,LIMIT,1702019828159,99,0.5570708
BIGTIMEUSDT,SELL,LIMIT,1702020204091,284,0.5367962
BIGTIMEUSDT,BUY,LIMIT,1702020265390,31,0.5560480
BIGTIMEUSDT,SELL,LIMIT,1702020518845,407,0.5412192
BIGTIMEUSDT,SELL,LIMIT,1702020644333,4545,0.5385724
BIGTIMEUSDT,SELL,LIMIT,1702020661530,11,0.5385502
BIGTIMEUSDT,BUY,LIMIT,1702020873149,231,0.5635092
BIGTIMEUSDT,BUY,LIMIT,1702020905278,77,0.5641913
BIGTIMEUSDT,BUY,LIMIT,1702020988718,9137,0.5654938
BIGTIMEUSDT,BUY,LIMIT,1702021009463,6280,0.5659905
BIGTIMEUSDT,BUY,LIMIT,1702021026338,35,0.5673125
BIGTIMEUSDT,BUY,LIMIT,1702021039120,3071,0.5685613
BIGTIMEUSDT,BUY,LIMIT,1702021277157,9,0.5707406
BIGTIMEUSDT,BUY,LIMIT,1702021278556,7630,0.5705338
BIGTIMEUSDT,BUY,LIMIT,1702021283421,400,0.5718397
BIGTIMEUSDT,BUY,LIMIT,1702021286301,490,0.5724372
BIGTIMEUSDT,SELL,LIMIT,1702021497496,53,0.5521566
BIGTIMEUSDT,SELL,LIMIT,1702021590431,422,0.5508450
BIGTIMEUSDT,SELL,LIMIT,1702021667711,131,0.5499803
BIGTIMEUSDT,BUY,LIMIT,1702022081484,89,0.5714297
BIGTIMEUSDT,BUY,LIMIT,1702022128581,5473,0.5719826
BIGTIMEUSDT,BUY,LIMIT,1702022131101,194,0.5730866
BIGTIMEUSDT,BUY,LIMIT,1702022132167,1035,0.5732558
BIGTIMEUSDT,SELL,LIMIT,1702022213935,48,0.5531413
BIGTIMEUSDT,BUY,LIMIT,1702022405733,237,0.5716665
BIGTIMEUSDT,SELL,LIMIT,1702022463179,19,0.5525284
BIGTIMEUSDT,BUY,LIMIT,1702022645261,504,0.5746022
BIGTIMEUSDT,BUY,LIMIT,1702022692917,500,0.5766852
BIGTIMEUSDT,SELL,LIMIT,1702022714605,247,0.5559294
BIGTIMEUSDT,SELL,LIMIT,1702022977064,552,0.5536080
BIGTIMEUSDT,SELL,LIMIT,1702023025104,115,0.5531807
BIGTIMEUSDT,SELL,LIMIT,1702023050158,750,0.5521555
BIGTIMEUSDT,SELL,LIMIT,1702023051570,221,0.5509431
BIGTIMEUSDT,SELL,LIMIT,1702023284186,650,0.5518956
BIGTIMEUSDT,SELL,LIMIT,1702023345765,14,0.5504320
BIGTIMEUSDT,BUY,LIMIT,1702023631176,20,0.5722194
BIGTIMEUSDT,BUY,LIMIT,1702023719297,583,0.5721739
BIGTIMEUSDT,BUY,LIMIT,1702024045215,426,0.5733761
BIGTIMEUSDT,BUY,LIMIT,1702024057308,57,0.5736508
BIGTIMEUSDT,BUY,LIMIT,1702024339768,752,0.5753682
BIGTIMEUSDT,BUY,LIMIT,1702024383282,1048,0.5771838
BIGTIMEUSDT,BUY,LIMIT,1702024474249,54,0.5774650
BIGTIMEUSDT,BUY,LIMIT,1702024499226,274,0.5776982
BIGTIMEUSDT,BUY,LIMIT,1702024501133,986,0.5781664
BIGTIMEUSDT,BUY,LIMIT,1702024502157,72,0.5794722
BIGTIMEUSDT,BUY,LIMIT,1702024756708,623,0.5798765
BIGTIMEUSDT,BUY,LIMIT,1702024757938,14,0.5805911
BIGTIMEUSDT,BUY,LIMIT,1702025423394,744,0.5809178
BIGTIMEUSDT,BUY,LIMIT,1702025432166,181,0.5810050
BIGTIMEUSDT,BUY,LIMIT,1702025433207,684,0.5810584
BIGTIMEUSDT,BUY,LIMIT,1702025439101,45,0.5811262
BIGTIMEUSDT,BUY,LIMIT,1702025442180,10409,0.5822270
BIGTIMEUSDT,BUY,LIMIT,1702025446248,580,0.5816094
BIGTIMEUSDT,SELL,LIMIT,1702026219792,1077,0.5617691
BIGTIMEUSDT,SELL,LIMIT,1702026221065,958,0.5614344
BIGTIMEUSDT,SELL,LIMIT,1702026266122,30,0.5616953
BIGTIMEUSDT,SELL,LIMIT,1702026483152,38,0.5598904
BIGTIMEUSDT,SELL,LIMIT,1702026532328,8779,0.5596472
BIGTIMEUSDT,SELL,LIMIT,1702026535111,245,0.5595026
BIGTIMEUSDT,SELL,LIMIT,1702026537198,612,0.5590955
BIGTIMEUSDT,SELL,LIMIT,1702026586160,1755,0.5582332
BIGTIMEUSDT,BUY,LIMIT,1702026679652,1349,0.5781805
BIGTIMEUSDT,BUY,LIMIT,1702026866351,891,0.5815583
BIGTIMEUSDT,BUY,LIMIT,1702027606803,2671,0.5813605
BIGTIMEUSDT,SELL,LIMIT,1702027779283,520,0.5612774
BIGTIMEUSDT,SELL,LIMIT,1702027806371,266,0.5611015
BIGTIMEUSDT,SELL,LIMIT,1702027814496,100,0.5606226
BIGTIMEUSDT,SELL,LIMIT,1702027827743,2300,0.5595899
BIGTIMEUSDT,SELL,LIMIT,1702028340040,39,0.5580763
BIGTIMEUSDT,SELL,LIMIT,1702028352838,26,0.5574026
BIGTIMEUSDT,SELL,LIMIT,1702028355946,1213,0.5568714
BIGTIMEUSDT,SELL,LIMIT,1702028358160,337,0.5555181
BIGTIMEUSDT,SELL,LIMIT,1702028359385,96,0.5563005
BIGTIMEUSDT,SELL,LIMIT,1702028360390,1360,0.5550684
BIGTIMEUSDT,SELL,LIMIT,1702028555355,4710,0.5580535
BIGTIMEUSDT,SELL,LIMIT,1702029020437,98,0.5540282
BIGTIMEUSDT,SELL,LIMIT,1702029059987,8762,0.5535369
BIGTIMEUSDT,SELL,LIMIT,1702029061165,8214,0.5530875
BIGTIMEUSDT,SELL,LIMIT,1702029062223,514,0.5522988
BIGTIMEUSDT,SELL,LIMIT,1702029063340,364,0.5510523
BIGTIMEUSDT,SELL,LIMIT,1702029065081,892,0.5479420
BIGTIMEUSDT,SELL,LIMIT,1702029066216,78,0.5476978
BIGTIMEUSDT,BUY,LIMIT,1702029747687,951,0.5702496
BIGTIMEUSDT,BUY,LIMIT,1702029765997,817,0.5709173
BIGTIMEUSDT,SELL,LIMIT,1702029935253,82,0.5489655
BIGTIMEUSDT,BUY,LIMIT,1702030200425,72,0.5622587
BIGTIMEUSDT,BUY,LIMIT,1702030368339,1004,0.5694566
BIGTIMEUSDT,BUY,LIMIT,1702030375604,58,0.5697370
BIGTIMEUSDT,BUY,LIMIT,1702030378314,894,0.5700363
BIGTIMEUSDT,SELL,LIMIT,1702030876154,8823,0.5542327
BIGTIMEUSDT,SELL,LIMIT,1702031031455,93,0.5529956
BIGTIMEUSDT,SELL,LIMIT,1702031059075,421,0.5524360
BIGTIMEUSDT,SELL,LIMIT,1702031060236,15,0.5517400
BIGTIMEUSDT,SELL,LIMIT,1702031061495,322,0.5520447
BIGTIMEUSDT,SELL,LIMIT,1702031154029,648,0.5501446
BIGTIMEUSDT,SELL,LIMIT,1702031158397,123,0.5497267
BIGTIMEUSDT,SELL,LIMIT,1702031216151,816,0.5497727
BIGTIMEUSDT,SELL,LIMIT,1702031319836,88,0.5485163
BIGTIMEUSDT,SELL,LIMIT,1702031339457,53,0.5479239
BIGTIMEUSDT,SELL,LIMIT,1702031478820,10,0.5470400
BIGTIMEUSDT,SELL,LIMIT,1702031485207,308,0.5462586
BIGTIMEUSDT,SELL,LIMIT,1702031486350,101,0.5455601
BIGTIMEUSDT,SELL,LIMIT,1702031488250,648,0.5446493
BIGTIMEUSDT,BUY,LIMIT,1702031546805,497,0.5658225
BIGTIMEUSDT,BUY,LIMIT,1702031663425,436,0.5692562
BIGTIMEUSDT,BUY,LIMIT,1702031717172,750,0.5697980
BIGTIMEUSDT,BUY,LIMIT,1702032075031,6517,0.5711005
BIGTIMEUSDT,BUY,LIMIT,1702032141331,1876,0.5715892
BIGTIMEUSDT,BUY,LIMIT,1702032173114,1710,0.5724788
BIGTIMEUSDT,BUY,LIMIT,1702032174206,10,0.5729582
BIGTIMEUSDT,BUY,LIMIT,1702032289419,8715,0.5745677
BIGTIMEUSDT,BUY,LIMIT,1702032378056,18,0.5755448
BIGTIMEUSDT,BUY,LIMIT,1702032379181,16,0.5755485
BIGTIMEUSDT,BUY,LIMIT,1702032383619,300,0.5763920
BIGTIMEUSDT,BUY,LIMIT,1702032528518,57,0.5772620
BIGTIMEUSDT,BUY,LIMIT,1702032534280,1058,0.5783285
BIGTIMEUSDT,BUY,LIMIT,1702032538753,330,0.5786068
BIGTIMEUSDT,BUY,LIMIT,1702032901482,1324,0.5797602
BIGTIMEUSDT,BUY,LIMIT,1702033635395,787,0.5821641
BIGTIMEUSDT,BUY,LIMIT,1702033636813,898,0.5823492
BIGTIMEUSDT,SELL,LIMIT,1702034598370,87,0.5600313
BIGTIMEUSDT,BUY,LIMIT,1702034782392,6932,0.5805997
BIGTIMEUSDT,SELL,LIMIT,1702035011108,2185,0.5605765
BIGTIMEUSDT,SELL,LIMIT,1702035013535,8716,0.5601696
BIGTIMEUSDT,SELL,LIMIT,1702035159138,9,0.5646367
BIGTIMEUSDT,SELL,LIMIT,1702035342602,2075,0.5595915
BIGTIMEUSDT,SELL,LIMIT,1702035344073,3542,0.5592895
BIGTIMEUSDT,SELL,LIMIT,1702035549974,309,0.5587961
BIGTIMEUSDT,SELL,LIMIT,1702035561324,824,0.5582542
BIGTIMEUSDT,SELL,LIMIT,1702035697257,784,0.5579201
BIGTIMEUSDT,BUY,LIMIT,1702035900743,12,0.5775350
BIGTIMEUSDT,SELL,LIMIT,1702036041979,62,0.5571194
BIGTIMEUSDT,SELL,LIMIT,1702036638145,27,0.5557685
BIGTIMEUSDT,SELL,LIMIT,1702036643987,4477,0.5552291
BIGTIMEUSDT,SELL,LIMIT,1702036652102,1341,0.5547038
BIGTIMEUSDT,SELL,LIMIT,1702036657070,44,0.5538828
BIGTIMEUSDT,SELL,LIMIT,1702036858239,48,0.5536879
BIGTIMEUSDT,SELL,LIMIT,1702036859357,81,0.5533272
BIGTIMEUSDT,SELL,LIMIT,1702037005335,1769,0.5526181
BIGTIMEUSDT,SELL,LIMIT,1702037085335,99,0.5505466
BIGTIMEUSDT,SELL,LIMIT,1702037087317,58,0.5502144
BIGTIMEUSDT,SELL,LIMIT,1702037157128,2582,0.5497398
BIGTIMEUSDT,SELL,LIMIT,1702037163335,1102,0.5495870
BIGTIMEUSDT,BUY,LIMIT,1702037272262,315,0.5693373
BIGTIMEUSDT,BUY,LIMIT,1702037461926,150,0.5732100
BIGTIMEUSDT,BUY,LIMIT,1702037465089,24,0.5751196
BIGTIMEUSDT,BUY,LIMIT,1702037466115,20,0.5761660
BIGTIMEUSDT,BUY,LIMIT,1702037467288,614,0.5783745
BIGTIMEUSDT,SELL,LIMIT,1702037542771,845,0.5579109
BIGTIMEUSDT,SELL,LIMIT,1702037680882,2055,0.5560644
BIGTIMEUSDT,SELL,LIMIT,1702038041250,2843,0.5520964
BIGTIMEUSDT,SELL,LIMIT,1702038294134,355,0.5508725
