Symbol,Side,Order Type,Time,Quantity,Price
BIGTIMEUSDT,SELL,LIMIT,1701065943399,1871,0.2152199
BIGTIMEUSDT,SELL,LIMIT,1701066880161,1014,0.2149932
BIGTIMEUSDT,SELL,LIMIT,1701066890956,112,0.2147731
BIGTIMEUSDT,BUY,LIMIT,1701067086252,45,0.2234744
BIGTIMEUSDT,BUY,LIMIT,1701067133774,2270,0.2246613
BIGTIMEUSDT,BUY,LIMIT,1701067144449,9008,0.2247934
BIGTIMEUSDT,SELL,LIMIT,1701067227273,748,0.2171613
BIGTIMEUSDT,SELL,LIMIT,1701067228714,22562,0.2170890
BIGTIMEUSDT,SELL,LIMIT,1701067248747,176,0.2166275
BIGTIMEUSDT,BUY,LIMIT,1701067752336,949,0.2177528
BIGTIMEUSDT,BUY,LIMIT,1701067812724,684,0.2212829
BIGTIMEUSDT,SELL,LIMIT,1701067825984,3785,0.2145629
BIGTIMEUSDT,SELL,LIMIT,1701067850709,2700,0.2138989
BIGTIMEUSDT,SELL,LIMIT,1701068089198,222,0.2132482
BIGTIMEUSDT,SELL,LIMIT,1701068157907,489,0.2130556
BIGTIMEUSDT,SELL,LIMIT,1701068756181,285,0.2112361
BIGTIMEUSDT,BUY,LIMIT,1701068997202,4403,0.2184636
BIGTIMEUSDT,BUY,LIMIT,1701069015616,2328,0.2186827
BIGTIMEUSDT,BUY,LIMIT,1701069091532,3620,0.2195983
BIGTIMEUSDT,BUY,LIMIT,1701069401256,226,0.2226767
BIGTIMEUSDT,BUY,LIMIT,1701069413243,6296,0.2229571
BIGTIMEUSDT,SELL,LIMIT,1701069464658,200,0.2164283
BIGTIMEUSDT,SELL,LIMIT,1701069817534,1150,0.2120992
BIGTIMEUSDT,SELL,LIMIT,1701069828162,24,0.2119824
BIGTIMEUSDT,SELL,LIMIT,1701069884229,3890,0.2106050
BIGTIMEUSDT,SELL,LIMIT,1701069885255,150,0.2105134
BIGTIMEUSDT,SELL,LIMIT,1701069892722,285,0.2104074
BIGTIMEUSDT,SELL,LIMIT,1701069896430,86,0.2103961
BIGTIMEUSDT,SELL,LIMIT,1701069911367,6142,0.2102947
BIGTIMEUSDT,BUY,LIMIT,1701070108463,4485,0.2161553
BIGTIMEUSDT,BUY,LIMIT,1701070225074,732,0.2182677
BIGTIMEUSDT,SELL,LIMIT,1701070637658,600,0.2130380
BIGTIMEUSDT,BUY,LIMIT,1701071259312,54,0.2202768
BIGTIMEUSDT,BUY,LIMIT,1701071382627,370,0.2208109
BIGTIMEUSDT,BUY,LIMIT,1701071896672,79,0.2209325
BIGTIMEUSDT,BUY,LIMIT,1701072617335,849,0.2220722
BIGTIMEUSDT,BUY,LIMIT,1701072643239,6887,0.2230341
BIGTIMEUSDT,BUY,LIMIT,1701072645462,206,0.2231258
BIGTIMEUSDT,BUY,LIMIT,1701072654154,82,0.2232342
BIGTIMEUSDT,BUY,LIMIT,1701072813735,2432,0.2241363
BIGTIMEUSDT,BUY,LIMIT,1701072862016,12231,0.2246894
BIGTIMEUSDT,BUY,LIMIT,1701073321738,2833,0.2256563
BIGTIMEUSDT,BUY,LIMIT,1701073324098,922,0.2260201
BIGTIMEUSDT,BUY,LIMIT,1701073332278,3678,0.2260835
BIGTIMEUSDT,SELL,LIMIT,1701074436298,38,0.2157422
BIGTIMEUSDT,SELL,LIMIT,1701074542909,37,0.2145659
BIGTIMEUSDT,SELL,LIMIT,1701074557892,3577,0.2141820
BIGTIMEUSDT,SELL,LIMIT,1701074564198,9314,0.2140892
BIGTIMEUSDT,SELL,LIMIT,1701074629396,1404,0.2135153
BIGTIMEUSDT,SELL,LIMIT,1701074773197,1162,0.2126062
BIGTIMEUSDT,SELL,LIMIT,1701074778531,76,0.2123860
BIGTIMEUSDT,SELL,LIMIT,1701074796527,452,0.2121712
BIGTIMEUSDT,SELL,LIMIT,1701074801765,1272,0.2118551
BIGTIMEUSDT,SELL,LIMIT,1701074803025,3954,0.2116012
BIGTIMEUSDT,SELL,LIMIT,1701075581245,1011,0.2105605
BIGTIMEUSDT,SELL,LIMIT,1701075841317,138,0.2103127
BIGTIMEUSDT,SELL,LIMIT,1701075855207,201,0.2097323
BIGTIMEUSDT,SELL,LIMIT,1701075856396,358,0.2098058
BIGTIMEUSDT,SELL,LIMIT,1701075865054,26,0.2096762
BIGTIMEUSDT,SELL,LIMIT,1701075876225,1289,0.2095301
BIGTIMEUSDT,SELL,LIMIT,1701075939136,103,0.2092895
BIGTIMEUSDT,SELL,LIMIT,1701075940325,255,0.2093801
BIGTIMEUSDT,SELL,LIMIT,1701075976450,94,0.2091049
BIGTIMEUSDT,SELL,LIMIT,1701075981316,54824,0.2074597
BIGTIMEUSDT,SELL,LIMIT,1701075983960,124,0.2085950
BIGTIMEUSDT,SELL,LIMIT,1701075985101,499,0.2085360
BIGTIMEUSDT,SELL,LIMIT,1701075989589,941,0.2084513
BIGTIMEUSDT,SELL,LIMIT,1701075992555,433,0.2083058
BIGTIMEUSDT,SELL,LIMIT,1701075998703,46,0.2082352
BIGTIMEUSDT,SELL,LIMIT,1701075999809,8956,0.2080962
BIGTIMEUSDT,SELL,LIMIT,1701076004913,214,0.2080158
BIGTIMEUSDT,SELL,LIMIT,1701076137239,2057,0.2075656
BIGTIMEUSDT,SELL,LIMIT,1701076138688,10197,0.2072781
BIGTIMEUSDT,SELL,LIMIT,1701076139842,71676,0.2055219
BIGTIMEUSDT,SELL,LIMIT,1701076147486,23498,0.2067728
BIGTIMEUSDT,BUY,LIMIT,1701076379617,495,0.2150148
BIGTIMEUSDT,SELL,LIMIT,1701076829376,2340,0.2094861
BIGTIMEUSDT,SELL,LIMIT,1701077175120,529,0.2082926
BIGTIMEUSDT,BUY,LIMIT,1701077759312,770,0.2179585
BIGTIMEUSDT,SELL,LIMIT,1701078973577,159,0.2105219
BIGTIMEUSDT,SELL,LIMIT,1701080481234,36,0.2093999
BIGTIMEUSDT,SELL,LIMIT,1701080491483,21404,0.2087475
BIGTIMEUSDT,SELL,LIMIT,1701080497558,1555,0.2079679
BIGTIMEUSDT,SELL,LIMIT,1701080499073,200,0.2075202
BIGTIMEUSDT,SELL,LIMIT,1701080740045,14900,0.2065911
BIGTIMEUSDT,SELL,LIMIT,1701080741389,632,0.2065758
BIGTIMEUSDT,SELL,LIMIT,1701080757584,1360,0.2062323
BIGTIMEUSDT,SELL,LIMIT,1701080758698,34,0.2060945
BIGTIMEUSDT,SELL,LIMIT,1701081040297,241,0.2053970
BIGTIMEUSDT,SELL,LIMIT,1701081099207,20418,0.2050202
BIGTIMEUSDT,SELL,LIMIT,1701081101463,44,0.2048415
BIGTIMEUSDT,SELL,LIMIT,1701081103559,53,0.2044840
BIGTIMEUSDT,SELL,LIMIT,1701081127649,59,0.2044509
BIGTIMEUSDT,SELL,LIMIT,1701081134432,17025,0.2041507
BIGTIMEUSDT,SELL,LIMIT,1701081165071,232,0.2032104
BIGTIMEUSDT,SELL,LIMIT,1701081166176,176,0.2038824
BIGTIMEUSDT,SELL,LIMIT,1701081225590,1094,0.2031051
BIGTIMEUSDT,SELL,LIMIT,1701081281410,672,0.2025903
BIGTIMEUSDT,SELL,LIMIT,1701081328119,2131,0.2023825
BIGTIMEUSDT,SELL,LIMIT,1701081330137,2802,0.2018362
BIGTIMEUSDT,SELL,LIMIT,1701081409560,6537,0.2015396
BIGTIMEUSDT,SELL,LIMIT,1701081411810,2494,0.2013592
BIGTIMEUSDT,SELL,LIMIT,1701081413225,568,0.2011665
BIGTIMEUSDT,SELL,LIMIT,1701081430890,341,0.2007640
BIGTIMEUSDT,SELL,LIMIT,1701081437967,2000,0.2006550
BIGTIMEUSDT,SELL,LIMIT,1701081441385,1744,0.2004049
BIGTIMEUSDT,SELL,LIMIT,1701081448619,167,0.2002613
BIGTIMEUSDT,SELL,LIMIT,1701081669098,1133,0.2000893
BIGTIMEUSDT,SELL,LIMIT,1701081913721,28485,0.1996917
BIGTIMEUSDT,SELL,LIMIT,1701081915417,750,0.1998289
BIGTIMEUSDT,SELL,LIMIT,1701081925216,295,0.1995421
BIGTIMEUSDT,SELL,LIMIT,1701081929029,190,0.1993996
BIGTIMEUSDT,SELL,LIMIT,1701081943572,396,0.1989313
BIGTIMEUSDT,SELL,LIMIT,1701081946735,103,0.1988660
BIGTIMEUSDT,SELL,LIMIT,1701081955479,159,0.1987494
BIGTIMEUSDT,SELL,LIMIT,1701081958113,57,0.1980441
BIGTIMEUSDT,SELL,LIMIT,1701081978261,484,0.1984005
BIGTIMEUSDT,SELL,LIMIT,1701082022826,2081,0.1993641
BIGTIMEUSDT,SELL,LIMIT,1701082057348,67324,0.1972052
BIGTIMEUSDT,SELL,LIMIT,1701082147160,176,0.1975749
BIGTIMEUSDT,SELL,LIMIT,1701082148583,84,0.1973731
BIGTIMEUSDT,SELL,LIMIT,1701082233430,10229,0.1969350
BIGTIMEUSDT,SELL,LIMIT,1701082235809,118,0.1967008
BIGTIMEUSDT,SELL,LIMIT,1701082239186,3035,0.1964177
BIGTIMEUSDT,SELL,LIMIT,1701082240221,158,0.1964554
BIGTIMEUSDT,SELL,LIMIT,1701082242383,1961,0.1962907
BIGTIMEUSDT,SELL,LIMIT,1701082271746,859,0.1960370
BIGTIMEUSDT,SELL,LIMIT,1701082276367,31,0.1957991
BIGTIMEUSDT,SELL,LIMIT,1701082285245,375,0.1957531
BIGTIMEUSDT,SELL,LIMIT,1701082287124,674,0.1955486
BIGTIMEUSDT,SELL,LIMIT,1701082316501,1565,0.1953241
BIGTIMEUSDT,BUY,LIMIT,1701082399315,1207,0.2030451
BIGTIMEUSDT,SELL,LIMIT,1701082628590,2115,0.1970986
BIGTIMEUSDT,SELL,LIMIT,1701082674630,781,0.1969415
BIGTIMEUSDT,BUY,LIMIT,1701082889378,5532,0.2046119
BIGTIMEUSDT,BUY,LIMIT,1701082974093,1518,0.2056978
BIGTIMEUSDT,BUY,LIMIT,1701083502690,870,0.2057357
BIGTIMEUSDT,SELL,LIMIT,1701084390294,7180,0.1996012
BIGTIMEUSDT,SELL,LIMIT,1701084649174,313,0.1988026
BIGTIMEUSDT,SELL,LIMIT,1701084917169,820,0.1987525
BIGTIMEUSDT,SELL,LIMIT,1701084924372,21864,0.1986373
BIGTIMEUSDT,BUY,LIMIT,1701086448130,315,0.2099703
BIGTIMEUSDT,BUY,LIMIT,1701086518728,920,0.2101967
BIGTIMEUSDT,BUY,LIMIT,1701086543860,659,0.2104001
BIGTIMEUSDT,BUY,LIMIT,1701086567315,4834,0.2106590
BIGTIMEUSDT,BUY,LIMIT,1701086737310,800,0.2107648
BIGTIMEUSDT,BUY,LIMIT,1701086851288,110,0.2111878
BIGTIMEUSDT,BUY,LIMIT,1701088283077,1667,0.2122011
BIGTIMEUSDT,BUY,LIMIT,1701088316324,1461,0.2122451
BIGTIMEUSDT,BUY,LIMIT,1701088320030,26,0.2124959
BIGTIMEUSDT,SELL,LIMIT,1701088559613,9321,0.2046065
BIGTIMEUSDT,SELL,LIMIT,1701088561072,15963,0.2043862
BIGTIMEUSDT,SELL,LIMIT,1701088732677,1627,0.2039862
BIGTIMEUSDT,BUY,LIMIT,1701088911368,6504,0.2117338
BIGTIMEUSDT,BUY,LIMIT,1701090701078,188,0.2133180
BIGTIMEUSDT,BUY,LIMIT,1701091228118,176,0.2133560
BIGTIMEUSDT,BUY,LIMIT,1701091230284,12814,0.2137122
BIGTIMEUSDT,BUY,LIMIT,1701091257886,808,0.2141020
BIGTIMEUSDT,BUY,LIMIT,1701091285864,41,0.2146303
BIGTIMEUSDT,BUY,LIMIT,1701091431384,9798,0.2151577
BIGTIMEUSDT,SELL,LIMIT,1701091970122,16493,0.2080541
BIGTIMEUSDT,SELL,LIMIT,1701091982697,2330,0.2079986
BIGTIMEUSDT,SELL,LIMIT,1701091996061,52,0.2077024
BIGTIMEUSDT,SELL,LIMIT,1701092102478,2735,0.2070640
BIGTIMEUSDT,SELL,LIMIT,1701092757695,226,0.2056778
BIGTIMEUSDT,SELL,LIMIT,1701093096142,1110,0.2038809
BIGTIMEUSDT,SELL,LIMIT,1701093734218,1444,0.2036289
BIGTIMEUSDT,SELL,LIMIT,1701094105042,14089,0.2033977
BIGTIMEUSDT,SELL,LIMIT,1701094115004,4171,0.2031541
BIGTIMEUSDT,SELL,LIMIT,1701094229094,119,0.2025262
BIGTIMEUSDT,SELL,LIMIT,1701094230997,793,0.2024445
BIGTIMEUSDT,SELL,LIMIT,1701094234144,1425,0.2020104
BIGTIMEUSDT,SELL,LIMIT,1701094255129,128,0.2017276
BIGTIMEUSDT,SELL,LIMIT,1701094293613,18037,0.2012031
BIGTIMEUSDT,SELL,LIMIT,1701095385315,52,0.2004741
BIGTIMEUSDT,SELL,LIMIT,1701095467433,54,0.2000728
BIGTIMEUSDT,SELL,LIMIT,1701095472313,574,0.1998585
BIGTIMEUSDT,SELL,LIMIT,1701095556486,1455,0.1996354
BIGTIMEUSDT,SELL,LIMIT,1701095578496,2490,0.1995831
BIGTIMEUSDT,SELL,LIMIT,1701095595939,77,0.1997581
BIGTIMEUSDT,SELL,LIMIT,1701096047941,56,0.2003382
BIGTIMEUSDT,SELL,LIMIT,1701096127377,20372,0.1993017
BIGTIMEUSDT,SELL,LIMIT,1701096170967,460,0.1991151
BIGTIMEUSDT,SELL,LIMIT,1701096216870,698,0.1988832
BIGTIMEUSDT,SELL,LIMIT,1701096229498,1026,0.1987200
BIGTIMEUSDT,SELL,LIMIT,1701096277969,9413,0.1977798
BIGTIMEUSDT,SELL,LIMIT,1701096279584,3220,0.1977087
BIGTIMEUSDT,SELL,LIMIT,1701096683576,716,0.1970986
BIGTIMEUSDT,SELL,LIMIT,1701096738155,974,0.1970986
BIGTIMEUSDT,SELL,LIMIT,1701096838426,18147,0.1965210
BIGTIMEUSDT,SELL,LIMIT,1701096908154,393,0.1961214
BIGTIMEUSDT,BUY,LIMIT,1701097339345,1309,0.2043078
BIGTIMEUSDT,SELL,LIMIT,1701097864077,5178,0.2017253
BIGTIMEUSDT,BUY,LIMIT,1701098183379,612,0.2085225
BIGTIMEUSDT,BUY,LIMIT,1701098293834,2932,0.2090536
BIGTIMEUSDT,SELL,LIMIT,1701098518188,82,0.2017703
BIGTIMEUSDT,BUY,LIMIT,1701099488134,317,0.2088955
BIGTIMEUSDT,BUY,LIMIT,1701099489633,3405,0.2091394
BIGTIMEUSDT,SELL,LIMIT,1701100536716,2811,0.2057292
BIGTIMEUSDT,SELL,LIMIT,1701100546115,1856,0.1997581
BIGTIMEUSDT,SELL,LIMIT,1701100566054,24659,0.1993641
BIGTIMEUSDT,SELL,LIMIT,1701100567101,1689,0.1991771
BIGTIMEUSDT,SELL,LIMIT,1701100568781,24504,0.1991001
BIGTIMEUSDT,BUY,LIMIT,1701100570942,965,0.2045887
BIGTIMEUSDT,SELL,LIMIT,1701100574294,66333,0.1976063
BIGTIMEUSDT,SELL,LIMIT,1701100578001,12060,0.1987635
BIGTIMEUSDT,SELL,LIMIT,1701101023133,1665,0.1993827
BIGTIMEUSDT,BUY,LIMIT,1701101046258,272,0.2038548
BIGTIMEUSDT,SELL,LIMIT,1701101115275,921,0.1978053
BIGTIMEUSDT,SELL,LIMIT,1701101407755,1500,0.1969805
BIGTIMEUSDT,BUY,LIMIT,1701101957559,129,0.2069759
BIGTIMEUSDT,BUY,LIMIT,1701101959851,584,0.2072801
BIGTIMEUSDT,SELL,LIMIT,1701102143151,87,0.2008263
BIGTIMEUSDT,BUY,LIMIT,1701102549310,884,0.2078552
BIGTIMEUSDT,BUY,LIMIT,1701102635810,7486,0.2086114
BIGTIMEUSDT,BUY,LIMIT,1701102649321,493,0.2087858
BIGTIMEUSDT,BUY,LIMIT,1701103162169,973,0.2097398
BIGTIMEUSDT,BUY,LIMIT,1701103223835,1930,0.2103847
BIGTIMEUSDT,BUY,LIMIT,1701103227556,1223,0.2105914
BIGTIMEUSDT,BUY,LIMIT,1701103231091,3250,0.2109331
BIGTIMEUSDT,BUY,LIMIT,1701103238013,567,0.2110453
BIGTIMEUSDT,BUY,LIMIT,1701103245929,6440,0.2115367
BIGTIMEUSDT,BUY,LIMIT,1701103356600,475,0.2117780
BIGTIMEUSDT,BUY,LIMIT,1701103413124,161,0.2121040
BIGTIMEUSDT,BUY,LIMIT,1701103420774,4036,0.2125663
BIGTIMEUSDT,BUY,LIMIT,1701103440378,178,0.2129440
BIGTIMEUSDT,BUY,LIMIT,1701103461272,25,0.2137107
BIGTIMEUSDT,BUY,LIMIT,1701103468210,1787,0.2140407
BIGTIMEUSDT,BUY,LIMIT,1701103550175,1887,0.2144178
BIGTIMEUSDT,BUY,LIMIT,1701103563547,25,0.2149205
BIGTIMEUSDT,BUY,LIMIT,1701103598968,727,0.2152049
BIGTIMEUSDT,BUY,LIMIT,1701103601072,25,0.2154189
BIGTIMEUSDT,BUY,LIMIT,1701103611409,1967,0.2157067
BIGTIMEUSDT,BUY,LIMIT,1701103807534,2342,0.2168661
BIGTIMEUSDT,BUY,LIMIT,1701104066839,444,0.2160506
BIGTIMEUSDT,BUY,LIMIT,1701104086559,2345,0.2164259
BIGTIMEUSDT,BUY,LIMIT,1701104120894,40,0.2174490
BIGTIMEUSDT,SELL,LIMIT,1701104238217,1642,0.2100113
BIGTIMEUSDT,SELL,LIMIT,1701104283421,130,0.2094023
BIGTIMEUSDT,SELL,LIMIT,1701104312557,6715,0.2088808
BIGTIMEUSDT,BUY,LIMIT,1701104459741,39,0.2169476
BIGTIMEUSDT,BUY,LIMIT,1701104652752,2425,0.2172724
BIGTIMEUSDT,BUY,LIMIT,1701104689512,24,0.2173119
BIGTIMEUSDT,BUY,LIMIT,1701104695303,838,0.2175233
BIGTIMEUSDT,BUY,LIMIT,1701104711082,51,0.2177652
BIGTIMEUSDT,BUY,LIMIT,1701104719105,979,0.2181417
BIGTIMEUSDT,SELL,LIMIT,1701104951287,1163,0.2103021
BIGTIMEUSDT,SELL,LIMIT,1701104952290,5109,0.2098227
BIGTIMEUSDT,SELL,LIMIT,1701105416156,5442,0.2093504
BIGTIMEUSDT,BUY,LIMIT,1701106175250,1550,0.2171154
BIGTIMEUSDT,BUY,LIMIT,1701106193595,2077,0.2173679
BIGTIMEUSDT,BUY,LIMIT,1701106215407,44,0.2180452
BIGTIMEUSDT,BUY,LIMIT,1701106228871,5099,0.2184122
BIGTIMEUSDT,SELL,LIMIT,1701106340110,97,0.2110894
BIGTIMEUSDT,SELL,LIMIT,1701106391421,783,0.2103146
BIGTIMEUSDT,SELL,LIMIT,1701106977306,7452,0.2104495
BIGTIMEUSDT,SELL,LIMIT,1701107409068,32,0.2108886
BIGTIMEUSDT,BUY,LIMIT,1701107517916,36,0.2182640
BIGTIMEUSDT,BUY,LIMIT,1701107878217,643,0.2188876
BIGTIMEUSDT,BUY,LIMIT,1701107885098,2320,0.2191365
BIGTIMEUSDT,BUY,LIMIT,1701107902168,139,0.2196646
BIGTIMEUSDT,BUY,LIMIT,1701107919778,95,0.2199412
BIGTIMEUSDT,BUY,LIMIT,1701107920933,50078,0.2214014
BIGTIMEUSDT,BUY,LIMIT,1701107922227,194,0.2205024
BIGTIMEUSDT,BUY,LIMIT,1701108146971,242,0.2213715
BIGTIMEUSDT,BUY,LIMIT,1701108958845,534,0.2205883
BIGTIMEUSDT,BUY,LIMIT,1701109039136,27,0.2206640
BIGTIMEUSDT,SELL,LIMIT,1701109092549,5270,0.2131825
BIGTIMEUSDT,SELL,LIMIT,1701109105727,261,0.2127501
BIGTIMEUSDT,SELL,LIMIT,1701109981614,1183,0.2131884
BIGTIMEUSDT,BUY,LIMIT,1701110850817,2221,0.2204199
BIGTIMEUSDT,SELL,LIMIT,1701111199675,105,0.2195282
BIGTIMEUSDT,BUY,LIMIT,1701111201018,7500,0.2188593
BIGTIMEUSDT,SELL,LIMIT,1701111244942,32,0.2144795
BIGTIMEUSDT,SELL,LIMIT,1701111409164,273,0.2136722
BIGTIMEUSDT,SELL,LIMIT,1701111486556,3493,0.2125067
BIGTIMEUSDT,SELL,LIMIT,1701111504341,4732,0.2120200
BIGTIMEUSDT,SELL,LIMIT,1701111513760,6892,0.2117881
BIGTIMEUSDT,BUY,LIMIT,1701111874376,532,0.2201098
BIGTIMEUSDT,SELL,LIMIT,1701112166502,165,0.2116192
BIGTIMEUSDT,SELL,LIMIT,1701112177145,11600,0.2112332
BIGTIMEUSDT,BUY,LIMIT,1701112488178,10642,0.2193300
BIGTIMEUSDT,BUY,LIMIT,1701112491523,3272,0.2196010
BIGTIMEUSDT,SELL,LIMIT,1701112665569,1869,0.2116751
BIGTIMEUSDT,BUY,LIMIT,1701113597661,99,0.2193358
BIGTIMEUSDT,BUY,LIMIT,1701114205080,797,0.2170077
BIGTIMEUSDT,SELL,LIMIT,1701114265028,4146,0.2097603
BIGTIMEUSDT,SELL,LIMIT,1701114368763,43,0.2101555
BIGTIMEUSDT,SELL,LIMIT,1701114460062,65,0.2091301
BIGTIMEUSDT,SELL,LIMIT,1701114466719,3406,0.2084187
BIGTIMEUSDT,SELL,LIMIT,1701114476570,119,0.2081676
BIGTIMEUSDT,SELL,LIMIT,1701114482971,811,0.2079963
BIGTIMEUSDT,SELL,LIMIT,1701114491961,4597,0.2100191
BIGTIMEUSDT,SELL,LIMIT,1701114494267,2406,0.2096235
BIGTIMEUSDT,SELL,LIMIT,1701114514437,903,0.2088219
BIGTIMEUSDT,BUY,LIMIT,1701114820928,1179,0.2169892
BIGTIMEUSDT,BUY,LIMIT,1701114822406,610,0.2171496
BIGTIMEUSDT,SELL,LIMIT,1701115230150,467,0.2091669
BIGTIMEUSDT,BUY,LIMIT,1701115699097,626,0.2163359
BIGTIMEUSDT,BUY,LIMIT,1701115772856,143,0.2164474
BIGTIMEUSDT,BUY,LIMIT,1701116071302,2665,0.2173680
BIGTIMEUSDT,SELL,LIMIT,1701116135184,3015,0.2095489
BIGTIMEUSDT,SELL,LIMIT,1701116402571,548,0.2085930
BIGTIMEUSDT,SELL,LIMIT,1701116413099,9779,0.2080531
BIGTIMEUSDT,SELL,LIMIT,1701116420595,24,0.2078842
BIGTIMEUSDT,SELL,LIMIT,1701116516050,86,0.2075625
BIGTIMEUSDT,SELL,LIMIT,1701116518080,14140,0.2075508
BIGTIMEUSDT,SELL,LIMIT,1701116519641,13577,0.2074703
BIGTIMEUSDT,SELL,LIMIT,1701116522106,374,0.2073401
BIGTIMEUSDT,SELL,LIMIT,1701116525126,235,0.2069943
BIGTIMEUSDT,SELL,LIMIT,1701116551430,26323,0.2060727
BIGTIMEUSDT,SELL,LIMIT,1701116552773,107785,0.2042753
BIGTIMEUSDT,SELL,LIMIT,1701116556752,46423,0.2047789
BIGTIMEUSDT,SELL,LIMIT,1701116584116,245,0.2056841
BIGTIMEUSDT,SELL,LIMIT,1701116898142,817,0.2054317
BIGTIMEUSDT,SELL,LIMIT,1701116916051,201,0.2053245
BIGTIMEUSDT,SELL,LIMIT,1701116981648,2560,0.2049087
BIGTIMEUSDT,SELL,LIMIT,1701117158246,70,0.2073974
BIGTIMEUSDT,BUY,LIMIT,1701117260804,579,0.2125091
BIGTIMEUSDT,BUY,LIMIT,1701117318587,732,0.2125840
BIGTIMEUSDT,SELL,LIMIT,1701117808733,2383,0.2069091
BIGTIMEUSDT,SELL,LIMIT,1701118713541,67,0.2063954
BIGTIMEUSDT,SELL,LIMIT,1701118716156,3562,0.2063322
BIGTIMEUSDT,SELL,LIMIT,1701119147794,779,0.2066280
BIGTIMEUSDT,BUY,LIMIT,1701119287576,20388,0.2139606
BIGTIMEUSDT,BUY,LIMIT,1701119299332,19092,0.2143855
BIGTIMEUSDT,BUY,LIMIT,1701119325716,3752,0.2155865
BIGTIMEUSDT,BUY,LIMIT,1701119327428,4356,0.2157556
BIGTIMEUSDT,BUY,LIMIT,1701119336404,6436,0.2170858
BIGTIMEUSDT,BUY,LIMIT,1701119342451,2324,0.2173609
BIGTIMEUSDT,BUY,LIMIT,1701119613096,3326,0.2177079
BIGTIMEUSDT,BUY,LIMIT,1701119619398,11612,0.2178777
BIGTIMEUSDT,BUY,LIMIT,1701119634899,801,0.2184320
BIGTIMEUSDT,SELL,LIMIT,1701120190169,1380,0.2099997
BIGTIMEUSDT,SELL,LIMIT,1701121273851,72,0.2090610
BIGTIMEUSDT,BUY,LIMIT,1701122267154,9672,0.2137132
BIGTIMEUSDT,SELL,LIMIT,1701122824145,1351,0.2086992
BIGTIMEUSDT,SELL,LIMIT,1701122825302,255,0.2089345
BIGTIMEUSDT,SELL,LIMIT,1701122858204,391,0.2080926
BIGTIMEUSDT,BUY,LIMIT,1701125883492,704,0.2151145
BIGTIMEUSDT,BUY,LIMIT,1701125895092,192,0.2153817
BIGTIMEUSDT,BUY,LIMIT,1701126649186,102,0.2169910
BIGTIMEUSDT,BUY,LIMIT,1701126757715,335,0.2185337
BIGTIMEUSDT,BUY,LIMIT,1701126765177,103780,0.2202402
BIGTIMEUSDT,BUY,LIMIT,1701126786363,4920,0.2195059
BIGTIMEUSDT,BUY,LIMIT,1701126793710,101228,0.2212398
BIGTIMEUSDT,BUY,LIMIT,1701126795911,7578,0.2199506
BIGTIMEUSDT,BUY,LIMIT,1701126798561,28530,0.2206280
BIGTIMEUSDT,BUY,LIMIT,1701126801249,1472,0.2204709
BIGTIMEUSDT,BUY,LIMIT,1701127053877,24,0.2203565
BIGTIMEUSDT,BUY,LIMIT,1701127063343,558,0.2208663
BIGTIMEUSDT,BUY,LIMIT,1701127085068,283,0.2213413
BIGTIMEUSDT,BUY,LIMIT,1701127409259,42476,0.2225696
BIGTIMEUSDT,BUY,LIMIT,1701127413208,1345,0.2219975
BIGTIMEUSDT,BUY,LIMIT,1701128708606,1151,0.2216837
BIGTIMEUSDT,BUY,LIMIT,1701128883782,231,0.2222054
BIGTIMEUSDT,BUY,LIMIT,1701129690284,1210,0.2221835
BIGTIMEUSDT,BUY,LIMIT,1701129711060,260,0.2224892
BIGTIMEUSDT,BUY,LIMIT,1701129712195,116,0.2224130
BIGTIMEUSDT,BUY,LIMIT,1701129714430,28,0.2225332
BIGTIMEUSDT,BUY,LIMIT,1701130197471,342,0.2232551
BIGTIMEUSDT,BUY,LIMIT,1701130199035,9392,0.2234170
BIGTIMEUSDT,BUY,LIMIT,1701130200070,2456,0.2234324
BIGTIMEUSDT,BUY,LIMIT,1701130202645,1281,0.2236306
BIGTIMEUSDT,BUY,LIMIT,1701130207813,10998,0.2237802
BIGTIMEUSDT,SELL,LIMIT,1701130275619,1237,0.2159510
BIGTIMEUSDT,SELL,LIMIT,1701130501148,992,0.2153179
BIGTIMEUSDT,SELL,LIMIT,1701130530618,12589,0.2147515
BIGTIMEUSDT,SELL,LIMIT,1701130581573,9108,0.2142297
BIGTIMEUSDT,SELL,LIMIT,1701130669352,9586,0.2131841
BIGTIMEUSDT,SELL,LIMIT,1701130671456,11919,0.2129124
BIGTIMEUSDT,SELL,LIMIT,1701130752123,13780,0.2126447
BIGTIMEUSDT,SELL,LIMIT,1701130785163,3721,0.2118268
BIGTIMEUSDT,SELL,LIMIT,1701130829245,474,0.2114305
BIGTIMEUSDT,BUY,LIMIT,1701131886601,498,0.2213656
BIGTIMEUSDT,BUY,LIMIT,1701132116318,129,0.2237320
BIGTIMEUSDT,BUY,LIMIT,1701132204574,475,0.2240478
BIGTIMEUSDT,BUY,LIMIT,1701132205964,337,0.2242827
BIGTIMEUSDT,BUY,LIMIT,1701132240058,909,0.2248904
BIGTIMEUSDT,BUY,LIMIT,1701132245600,203,0.2249260
BIGTIMEUSDT,BUY,LIMIT,1701132536901,43,0.2255928
BIGTIMEUSDT,BUY,LIMIT,1701132634292,466,0.2258067
BIGTIMEUSDT,BUY,LIMIT,1701132638566,32,0.2259156
BIGTIMEUSDT,BUY,LIMIT,1701132641171,1452,0.2260912
BIGTIMEUSDT,BUY,LIMIT,1701132642199,130,0.2260401
BIGTIMEUSDT,BUY,LIMIT,1701132666173,462,0.2267209
BIGTIMEUSDT,BUY,LIMIT,1701132667719,61306,0.2282940
BIGTIMEUSDT,BUY,LIMIT,1701132670094,4732,0.2275736
BIGTIMEUSDT,BUY,LIMIT,1701132671461,102,0.2278405
BIGTIMEUSDT,BUY,LIMIT,1701132676307,620,0.2282087
BIGTIMEUSDT,BUY,LIMIT,1701132708041,1146,0.2284153
BIGTIMEUSDT,BUY,LIMIT,1701132722094,4865,0.2284860
BIGTIMEUSDT,BUY,LIMIT,1701132724500,57,0.2289812
BIGTIMEUSDT,SELL,LIMIT,1701132922039,3734,0.2181413
BIGTIMEUSDT,SELL,LIMIT,1701133212310,173,0.2178284
BIGTIMEUSDT,SELL,LIMIT,1701133294363,208,0.2170323
BIGTIMEUSDT,SELL,LIMIT,1701133373097,2947,0.2153282
BIGTIMEUSDT,SELL,LIMIT,1701133389739,612,0.2150376
BIGTIMEUSDT,SELL,LIMIT,1701133531762,122,0.2135101
BIGTIMEUSDT,SELL,LIMIT,1701135092719,544,0.2118016
BIGTIMEUSDT,BUY,LIMIT,1701135395670,30,0.2203788
BIGTIMEUSDT,BUY,LIMIT,1701135463264,1201,0.2207217
BIGTIMEUSDT,SELL,LIMIT,1701136362458,2893,0.2112628
BIGTIMEUSDT,SELL,LIMIT,1701136394442,262,0.2102953
BIGTIMEUSDT,SELL,LIMIT,1701136399096,61,0.2099943
BIGTIMEUSDT,SELL,LIMIT,1701136400108,425,0.2099000
BIGTIMEUSDT,SELL,LIMIT,1701136403270,641,0.2097449
BIGTIMEUSDT,SELL,LIMIT,1701136538178,9270,0.2094951
BIGTIMEUSDT,SELL,LIMIT,1701136645101,162,0.2083290
BIGTIMEUSDT,SELL,LIMIT,1701136654141,1649,0.2080875
BIGTIMEUSDT,SELL,LIMIT,1701136878128,590,0.2072165
BIGTIMEUSDT,SELL,LIMIT,1701136887627,608,0.2071051
BIGTIMEUSDT,SELL,LIMIT,1701136894141,1635,0.2070185
BIGTIMEUSDT,SELL,LIMIT,1701136930504,1656,0.2068116
BIGTIMEUSDT,SELL,LIMIT,1701136935568,44447,0.2056435
BIGTIMEUSDT,SELL,LIMIT,1701136967531,159,0.2064468
BIGTIMEUSDT,SELL,LIMIT,1701136968610,165,0.2062591
BIGTIMEUSDT,SELL,LIMIT,1701136995623,525,0.2060019
BIGTIMEUSDT,SELL,LIMIT,1701137038797,1963,0.2057182
BIGTIMEUSDT,SELL,LIMIT,1701137044526,35424,0.2048684
BIGTIMEUSDT,SELL,LIMIT,1701137045721,392,0.2054631
BIGTIMEUSDT,SELL,LIMIT,1701137091210,241,0.2051017
BIGTIMEUSDT,SELL,LIMIT,1701137204465,4518,0.2044743
BIGTIMEUSDT,SELL,LIMIT,1701137213413,6576,0.2041154
BIGTIMEUSDT,SELL,LIMIT,1701137214825,866,0.2040351
BIGTIMEUSDT,SELL,LIMIT,1701137224153,936,0.2038032
BIGTIMEUSDT,SELL,LIMIT,1701137316067,59,0.2032025
BIGTIMEUSDT,SELL,LIMIT,1701137326838,20139,0.2029713
BIGTIMEUSDT,SELL,LIMIT,1701137354539,2613,0.2029387
BIGTIMEUSDT,SELL,LIMIT,1701137368280,115,0.2026707
BIGTIMEUSDT,SELL,LIMIT,1701137369785,5721,0.2026180
BIGTIMEUSDT,SELL,LIMIT,1701137379147,82806,0.2009318
BIGTIMEUSDT,SELL,LIMIT,1701137381054,27565,0.2021061
BIGTIMEUSDT,SELL,LIMIT,1701137426148,600,0.2019213
BIGTIMEUSDT,SELL,LIMIT,1701137427955,95,0.2016371
BIGTIMEUSDT,SELL,LIMIT,1701137429378,719,0.2015993
BIGTIMEUSDT,SELL,LIMIT,1701137430533,2784,0.2015304
BIGTIMEUSDT,BUY,LIMIT,1701137555105,43,0.2090660
BIGTIMEUSDT,BUY,LIMIT,1701137579622,12189,0.2092446
BIGTIMEUSDT,BUY,LIMIT,1701137690982,24,0.2083491
BIGTIMEUSDT,BUY,LIMIT,1701137784926,520,0.2111037
BIGTIMEUSDT,BUY,LIMIT,1701137898639,4018,0.2122024
BIGTIMEUSDT,BUY,LIMIT,1701138365532,5980,0.2132235
BIGTIMEUSDT,BUY,LIMIT,1701138491222,70,0.2149735
BIGTIMEUSDT,BUY,LIMIT,1701138503827,3844,0.2172711
BIGTIMEUSDT,BUY,LIMIT,1701140314008,291,0.2181861
BIGTIMEUSDT,SELL,LIMIT,1701140563295,4584,0.2106954
BIGTIMEUSDT,SELL,LIMIT,1701141119263,978,0.2105093
BIGTIMEUSDT,SELL,LIMIT,1701141210048,1274,0.2102128
BIGTIMEUSDT,SELL,LIMIT,1701141373125,1671,0.2091748
BIGTIMEUSDT,SELL,LIMIT,1701141417740,3037,0.2084004
BIGTIMEUSDT,SELL,LIMIT,1701142180316,21226,0.2078025
BIGTIMEUSDT,SELL,LIMIT,1701142221217,2,0.2073762
BIGTIMEUSDT,SELL,LIMIT,1701142719994,51,0.2061869
BIGTIMEUSDT,SELL,LIMIT,1701143168368,224,0.2051427
BIGTIMEUSDT,BUY,LIMIT,1701143804683,1689,0.2122211
BIGTIMEUSDT,SELL,LIMIT,1701145787098,163,0.2039936
BIGTIMEUSDT,SELL,LIMIT,1701147081326,980,0.2038183
BIGTIMEUSDT,SELL,LIMIT,1701147648676,585,0.2034459
BIGTIMEUSDT,SELL,LIMIT,1701147862120,22872,0.2021607
BIGTIMEUSDT,SELL,LIMIT,1701147891408,47,0.2017472
BIGTIMEUSDT,SELL,LIMIT,1701148124294,2620,0.2013160
BIGTIMEUSDT,SELL,LIMIT,1701148133185,108,0.2011372
BIGTIMEUSDT,SELL,LIMIT,1701148135009,499,0.2010597
BIGTIMEUSDT,SELL,LIMIT,1701148171709,365,0.2009964
BIGTIMEUSDT,SELL,LIMIT,1701148941049,9411,0.2009754
BIGTIMEUSDT,SELL,LIMIT,1701149008157,3094,0.2003546
BIGTIMEUSDT,SELL,LIMIT,1701149120054,78,0.2007239
BIGTIMEUSDT,SELL,LIMIT,1701149435570,27,0.2009056
BIGTIMEUSDT,SELL,LIMIT,1701149771344,239,0.1999551
BIGTIMEUSDT,SELL,LIMIT,1701149848301,4050,0.1998566
BIGTIMEUSDT,SELL,LIMIT,1701149849542,30465,0.1994688
BIGTIMEUSDT,SELL,LIMIT,1701149882485,761,0.1995526
BIGTIMEUSDT,SELL,LIMIT,1701149894627,2426,0.1994803
BIGTIMEUSDT,SELL,LIMIT,1701149896653,1466,0.1993566
BIGTIMEUSDT,BUY,LIMIT,1701150044106,377,0.2071022
BIGTIMEUSDT,SELL,LIMIT,1701150368984,1,0.2413034
BIGTIMEUSDT,SELL,LIMIT,1701151162557,199,0.1991946
BIGTIMEUSDT,SELL,LIMIT,1701151171937,1100,0.1991576
BIGTIMEUSDT,SELL,LIMIT,1701151258778,500,0.1990453
BIGTIMEUSDT,SELL,LIMIT,1701151263536,3207,0.1990144
BIGTIMEUSDT,SELL,LIMIT,1701151270763,452,0.1990144
BIGTIMEUSDT,SELL,LIMIT,1701151280064,53,0.1988702
BIGTIMEUSDT,SELL,LIMIT,1701151780239,281,0.1987892
BIGTIMEUSDT,BUY,LIMIT,1701151813138,10270,0.2059073
BIGTIMEUSDT,BUY,LIMIT,1701153290991,9334,0.2082835
BIGTIMEUSDT,BUY,LIMIT,1701153329500,1808,0.2084851
BIGTIMEUSDT,BUY,LIMIT,1701153369409,8120,0.2101843
BIGTIMEUSDT,SELL,LIMIT,1701154784382,80,0.2027762
BIGTIMEUSDT,SELL,LIMIT,1701154847269,3343,0.2020945
BIGTIMEUSDT,SELL,LIMIT,1701155529669,22871,0.2010005
BIGTIMEUSDT,SELL,LIMIT,1701155532777,7717,0.2005579
BIGTIMEUSDT,SELL,LIMIT,1701155640023,813,0.1998470
BIGTIMEUSDT,SELL,LIMIT,1701155642144,13123,0.1984361
BIGTIMEUSDT,SELL,LIMIT,1701155648175,50144,0.1973669
BIGTIMEUSDT,SELL,LIMIT,1701155650256,20491,0.1982538
BIGTIMEUSDT,SELL,LIMIT,1701155731085,1494,0.1981530
BIGTIMEUSDT,SELL,LIMIT,1701155887193,52831,0.1965014
BIGTIMEUSDT,SELL,LIMIT,1701155892283,295,0.1975683
BIGTIMEUSDT,SELL,LIMIT,1701156139248,30639,0.1970826
BIGTIMEUSDT,SELL,LIMIT,1701156141867,2075,0.1973738
BIGTIMEUSDT,SELL,LIMIT,1701156250527,80,0.1971877
BIGTIMEUSDT,SELL,LIMIT,1701156263277,4861,0.1970986
BIGTIMEUSDT,SELL,LIMIT,1701156271221,8250,0.1966885
BIGTIMEUSDT,SELL,LIMIT,1701156275341,4750,0.1965803
BIGTIMEUSDT,SELL,LIMIT,1701156278163,329,0.1965027
BIGTIMEUSDT,SELL,LIMIT,1701156280712,2929,0.1963469
BIGTIMEUSDT,SELL,LIMIT,1701156329548,920,0.1961136
BIGTIMEUSDT,SELL,LIMIT,1701156398047,388,0.1956463
BIGTIMEUSDT,SELL,LIMIT,1701156399133,25097,0.1958797
BIGTIMEUSDT,SELL,LIMIT,1701156417393,24336,0.1953439
BIGTIMEUSDT,SELL,LIMIT,1701156442648,216,0.1951676
BIGTIMEUSDT,SELL,LIMIT,1701156455102,677,0.1949468
BIGTIMEUSDT,SELL,LIMIT,1701156456558,1706,0.1948862
BIGTIMEUSDT,SELL,LIMIT,1701156464579,25,0.1946431
BIGTIMEUSDT,SELL,LIMIT,1701156509070,4500,0.1927233
BIGTIMEUSDT,SELL,LIMIT,1701156510079,3310,0.1912312
BIGTIMEUSDT,SELL,LIMIT,1701156527453,1019,0.1895811
BIGTIMEUSDT,SELL,LIMIT,1701156542206,749,0.1886148
BIGTIMEUSDT,SELL,LIMIT,1701156543219,477,0.1887179
BIGTIMEUSDT,SELL,LIMIT,1701156546521,30548,0.1881411
BIGTIMEUSDT,SELL,LIMIT,1701156639208,7451,0.1878841
BIGTIMEUSDT,SELL,LIMIT,1701156640245,2192,0.1881346
BIGTIMEUSDT,SELL,LIMIT,1701156653075,578,0.1875346
BIGTIMEUSDT,BUY,LIMIT,1701156741206,148,0.1966097
BIGTIMEUSDT,BUY,LIMIT,1701156751225,492,0.1974771
BIGTIMEUSDT,SELL,LIMIT,1701156862172,3862,0.1897565
BIGTIMEUSDT,SELL,LIMIT,1701157039783,1081,0.1885497
BIGTIMEUSDT,SELL,LIMIT,1701157041466,11176,0.1883056
BIGTIMEUSDT,BUY,LIMIT,1701157830211,304,0.1973732
BIGTIMEUSDT,SELL,LIMIT,1701158239422,10365,0.1913917
BIGTIMEUSDT,BUY,LIMIT,1701158596423,501,0.1986874
BIGTIMEUSDT,SELL,LIMIT,1701159955234,251,0.1890043
BIGTIMEUSDT,SELL,LIMIT,1701159999220,96,0.1882251
BIGTIMEUSDT,SELL,LIMIT,1701160110622,8433,0.1877735
BIGTIMEUSDT,SELL,LIMIT,1701160115897,184,0.1874030
BIGTIMEUSDT,SELL,LIMIT,1701160127321,42173,0.1864651
BIGTIMEUSDT,SELL,LIMIT,1701160128680,7034,0.1869426
BIGTIMEUSDT,SELL,LIMIT,1701160164051,28,0.1866040
BIGTIMEUSDT,SELL,LIMIT,1701160179132,1205,0.1862095
BIGTIMEUSDT,SELL,LIMIT,1701160180515,730,0.1861318
BIGTIMEUSDT,SELL,LIMIT,1701160182108,555,0.1859551
BIGTIMEUSDT,BUY,LIMIT,1701160271212,11856,0.1932900
BIGTIMEUSDT,SELL,LIMIT,1701160945623,25,0.1857118
BIGTIMEUSDT,SELL,LIMIT,1701161022855,2999,0.1856597
BIGTIMEUSDT,BUY,LIMIT,1701161557811,13164,0.1936030
BIGTIMEUSDT,SELL,LIMIT,1701162357077,432,0.1853893
BIGTIMEUSDT,SELL,LIMIT,1701162358427,798,0.1855318
BIGTIMEUSDT,SELL,LIMIT,1701162361045,7327,0.1851492
BIGTIMEUSDT,SELL,LIMIT,1701162362103,320,0.1849119
BIGTIMEUSDT,SELL,LIMIT,1701162363200,8352,0.1850482
BIGTIMEUSDT,SELL,LIMIT,1701162386889,25000,0.1847133
BIGTIMEUSDT,SELL,LIMIT,1701162423794,139,0.1846294
BIGTIMEUSDT,BUY,LIMIT,1701163028602,47,0.1922984
BIGTIMEUSDT,SELL,LIMIT,1701165906348,1913,0.1871816
BIGTIMEUSDT,SELL,LIMIT,1701165910919,178,0.1870181
BIGTIMEUSDT,BUY,LIMIT,1701166745380,275,0.1956903
BIGTIMEUSDT,SELL,LIMIT,1701167260207,28,0.1882314
BIGTIMEUSDT,SELL,LIMIT,1701167266245,730,0.1880829
BIGTIMEUSDT,SELL,LIMIT,1701167279223,2850,0.1879038
BIGTIMEUSDT,SELL,LIMIT,1701168058047,17680,0.1891503
BIGTIMEUSDT,BUY,LIMIT,1701169100513,1895,0.1944366
BIGTIMEUSDT,BUY,LIMIT,1701169140704,624,0.1954395
BIGTIMEUSDT,BUY,LIMIT,1701169180360,1342,0.1958043
BIGTIMEUSDT,BUY,LIMIT,1701170638696,6175,0.1952060
BIGTIMEUSDT,BUY,LIMIT,1701170767268,993,0.1927360
BIGTIMEUSDT,BUY,LIMIT,1701171019796,339,0.1948464
BIGTIMEUSDT,SELL,LIMIT,1701171284903,2423,0.1893980
BIGTIMEUSDT,SELL,LIMIT,1701171293790,144,0.1893108
BIGTIMEUSDT,SELL,LIMIT,1701171355358,349,0.1886850
BIGTIMEUSDT,BUY,LIMIT,1701171665614,15789,0.1962354
BIGTIMEUSDT,BUY,LIMIT,1701171872553,259,0.1970768
BIGTIMEUSDT,BUY,LIMIT,1701172073110,6767,0.1971887
BIGTIMEUSDT,BUY,LIMIT,1701172378490,87,0.1977711
BIGTIMEUSDT,BUY,LIMIT,1701172417274,172,0.1979985
BIGTIMEUSDT,BUY,LIMIT,1701172458011,3669,0.1981039
BIGTIMEUSDT,BUY,LIMIT,1701172509897,2500,0.1984203
BIGTIMEUSDT,BUY,LIMIT,1701172531260,1969,0.1985820
BIGTIMEUSDT,BUY,LIMIT,1701172569789,554,0.1992172
BIGTIMEUSDT,BUY,LIMIT,1701172680985,526,0.1997509
BIGTIMEUSDT,BUY,LIMIT,1701172755003,62,0.2004034
BIGTIMEUSDT,BUY,LIMIT,1701172761615,32,0.2006392
BIGTIMEUSDT,BUY,LIMIT,1701172880416,46,0.2008078
BIGTIMEUSDT,SELL,LIMIT,1701173293052,743,0.1933244
BIGTIMEUSDT,BUY,LIMIT,1701173398592,224,0.1999701
BIGTIMEUSDT,SELL,LIMIT,1701173613053,1311,0.1929513
BIGTIMEUSDT,BUY,LIMIT,1701174843279,23899,0.2000757
BIGTIMEUSDT,SELL,LIMIT,1701175298477,52,0.1939122
BIGTIMEUSDT,SELL,LIMIT,1701175732604,1842,0.1926994
BIGTIMEUSDT,SELL,LIMIT,1701175915121,1551,0.1921786
BIGTIMEUSDT,SELL,LIMIT,1701175934366,42,0.1915312
BIGTIMEUSDT,BUY,LIMIT,1701177151076,3807,0.1986572
BIGTIMEUSDT,SELL,LIMIT,1701179302435,253,0.1926828
BIGTIMEUSDT,SELL,LIMIT,1701180221310,300,0.1929035
BIGTIMEUSDT,SELL,LIMIT,1701180709060,241,0.1922888
BIGTIMEUSDT,SELL,LIMIT,1701180737519,71,0.1921304
BIGTIMEUSDT,SELL,LIMIT,1701180974586,1553,0.1920386
BIGTIMEUSDT,SELL,LIMIT,1701182215109,320,0.1923530
BIGTIMEUSDT,SELL,LIMIT,1701182220713,8734,0.1921736
BIGTIMEUSDT,SELL,LIMIT,1701183137501,2064,0.1917056
BIGTIMEUSDT,SELL,LIMIT,1701183154588,59,0.1915833
BIGTIMEUSDT,SELL,LIMIT,1701185119279,5486,0.1925657
BIGTIMEUSDT,SELL,LIMIT,1701185412560,236,0.1922034
BIGTIMEUSDT,SELL,LIMIT,1701186030007,175,0.1908260
BIGTIMEUSDT,BUY,LIMIT,1701186171704,1195,0.1974633
BIGTIMEUSDT,SELL,LIMIT,1701187913311,8723,0.1907457
BIGTIMEUSDT,SELL,LIMIT,1701187967896,3076,0.1900291
BIGTIMEUSDT,BUY,LIMIT,1701189360755,445,0.2012355
BIGTIMEUSDT,BUY,LIMIT,1701189498796,716,0.2013760
BIGTIMEUSDT,BUY,LIMIT,1701189609052,10489,0.2022489
BIGTIMEUSDT,BUY,LIMIT,1701189804078,31,0.2027557
BIGTIMEUSDT,BUY,LIMIT,1701189848061,176,0.1997286
BIGTIMEUSDT,SELL,LIMIT,1701189900644,499,0.1962525
BIGTIMEUSDT,SELL,LIMIT,1701191158998,698,0.1953581
BIGTIMEUSDT,SELL,LIMIT,1701191224126,46,0.1949460
BIGTIMEUSDT,SELL,LIMIT,1701192071488,1256,0.1970462
BIGTIMEUSDT,BUY,LIMIT,1701192173427,100,0.2035827
BIGTIMEUSDT,BUY,LIMIT,1701192403277,2629,0.2024924
BIGTIMEUSDT,SELL,LIMIT,1701192418193,32,0.1964094
BIGTIMEUSDT,BUY,LIMIT,1701192640597,310,0.2021942
BIGTIMEUSDT,BUY,LIMIT,1701193292413,74,0.2017399
BIGTIMEUSDT,BUY,LIMIT,1701194078434,15129,0.2032030
BIGTIMEUSDT,SELL,LIMIT,1701194663149,120,0.1949987
BIGTIMEUSDT,SELL,LIMIT,1701194687368,27,0.1949214
BIGTIMEUSDT,SELL,LIMIT,1701194895413,526,0.1943350
BIGTIMEUSDT,BUY,LIMIT,1701195568209,724,0.2011453
BIGTIMEUSDT,BUY,LIMIT,1701196890381,1576,0.2037855
BIGTIMEUSDT,SELL,LIMIT,1701197448474,2165,0.1966061
BIGTIMEUSDT,BUY,LIMIT,1701197851261,1757,0.2032030
BIGTIMEUSDT,BUY,LIMIT,1701197853644,76,0.1967209
BIGTIMEUSDT,BUY,LIMIT,1701198097258,3043,0.2042387
BIGTIMEUSDT,BUY,LIMIT,1701200475413,30,0.2040176
BIGTIMEUSDT,BUY,LIMIT,1701201638450,832,0.2029223
BIGTIMEUSDT,SELL,LIMIT,1701201732718,27,0.1966564
BIGTIMEUSDT,SELL,LIMIT,1701202067261,1918,0.1963439
BIGTIMEUSDT,SELL,LIMIT,1701207096001,1923,0.1967841
BIGTIMEUSDT,SELL,LIMIT,1701209118553,12148,0.1958009
BIGTIMEUSDT,SELL,LIMIT,1701210122808,40,0.1955330
BIGTIMEUSDT,SELL,LIMIT,1701210149364,8093,0.1953675
BIGTIMEUSDT,SELL,LIMIT,1701210414114,2297,0.1947359
BIGTIMEUSDT,SELL,LIMIT,1701210608735,161,0.1946222
BIGTIMEUSDT,BUY,LIMIT,1701212961691,119,0.2018536
BIGTIMEUSDT,SELL,LIMIT,1701216187665,657,0.1938910
BIGTIMEUSDT,SELL,LIMIT,1701216198682,26,0.1936043
BIGTIMEUSDT,SELL,LIMIT,1701216433225,27,0.1931743
BIGTIMEUSDT,SELL,LIMIT,1701216827349,38,0.1929598
BIGTIMEUSDT,SELL,LIMIT,1701216853093,1685,0.1927468
BIGTIMEUSDT,BUY,LIMIT,1701217174263,447,0.1992111
BIGTIMEUSDT,BUY,LIMIT,1701217215515,1278,0.1994100
BIGTIMEUSDT,SELL,LIMIT,1701219114707,100,0.1942341
BIGTIMEUSDT,SELL,LIMIT,1701219355408,99,0.1939302
BIGTIMEUSDT,SELL,LIMIT,1701222576140,387,0.1928055
BIGTIMEUSDT,SELL,LIMIT,1701223076051,743,0.1919115
BIGTIMEUSDT,BUY,LIMIT,1701223772353,3011,0.1988610
BIGTIMEUSDT,SELL,LIMIT,1701225347530,93,0.1925460
BIGTIMEUSDT,SELL,LIMIT,1701226449685,4,0.1917796
BIGTIMEUSDT,SELL,LIMIT,1701227005164,397,0.1913061
BIGTIMEUSDT,SELL,LIMIT,1701227104366,482,0.1909302
BIGTIMEUSDT,SELL,LIMIT,1701227108381,180,0.1908606
BIGTIMEUSDT,SELL,LIMIT,1701227258730,336,0.1906131
BIGTIMEUSDT,SELL,LIMIT,1701227265549,496,0.1906004
BIGTIMEUSDT,SELL,LIMIT,1701227347073,268,0.1904991
BIGTIMEUSDT,SELL,LIMIT,1701227408424,12454,0.1904152
BIGTIMEUSDT,SELL,LIMIT,1701227409557,933,0.1900956
BIGTIMEUSDT,SELL,LIMIT,1701227410953,648,0.1897107
BIGTIMEUSDT,BUY,LIMIT,1701229267716,25879,0.1970253
BIGTIMEUSDT,BUY,LIMIT,1701229330243,5172,0.1971268
BIGTIMEUSDT,BUY,LIMIT,1701229336199,1281,0.1976211
BIGTIMEUSDT,BUY,LIMIT,1701229339222,25746,0.1980451
BIGTIMEUSDT,BUY,LIMIT,1701229341261,699,0.1981908
BIGTIMEUSDT,BUY,LIMIT,1701230214238,4311,0.1985340
BIGTIMEUSDT,BUY,LIMIT,1701230229163,13302,0.1989044
BIGTIMEUSDT,SELL,LIMIT,1701231659598,5091,0.1926144
BIGTIMEUSDT,BUY,LIMIT,1701231982792,3061,0.1998220
BIGTIMEUSDT,BUY,LIMIT,1701232022103,15478,0.1999117
BIGTIMEUSDT,BUY,LIMIT,1701232269016,164,0.2022987
BIGTIMEUSDT,BUY,LIMIT,1701232287509,1144,0.2024289
BIGTIMEUSDT,BUY,LIMIT,1701232313956,26,0.2031383
BIGTIMEUSDT,BUY,LIMIT,1701232346055,32,0.2041726
BIGTIMEUSDT,BUY,LIMIT,1701232347123,68,0.2040020
BIGTIMEUSDT,BUY,LIMIT,1701232348588,4143,0.2054086
BIGTIMEUSDT,BUY,LIMIT,1701232354792,500,0.2055508
BIGTIMEUSDT,BUY,LIMIT,1701232356909,568,0.2056312
BIGTIMEUSDT,BUY,LIMIT,1701232358124,45059,0.2075139
BIGTIMEUSDT,BUY,LIMIT,1701232359183,6976,0.2064507
BIGTIMEUSDT,BUY,LIMIT,1701232360211,119,0.2066017
BIGTIMEUSDT,BUY,LIMIT,1701232362175,398,0.2068423
BIGTIMEUSDT,BUY,LIMIT,1701232364178,5146,0.2070204
BIGTIMEUSDT,BUY,LIMIT,1701232370776,602,0.2074559
BIGTIMEUSDT,BUY,LIMIT,1701232542408,1000,0.2076721
BIGTIMEUSDT,BUY,LIMIT,1701232543463,2,0.2080833
BIGTIMEUSDT,BUY,LIMIT,1701232546254,512,0.2086256
BIGTIMEUSDT,BUY,LIMIT,1701232547325,2807,0.2085498
BIGTIMEUSDT,SELL,LIMIT,1701233331183,832,0.1999608
BIGTIMEUSDT,SELL,LIMIT,1701233452236,2956,0.1992384
BIGTIMEUSDT,BUY,LIMIT,1701234353123,454,0.2095865
BIGTIMEUSDT,BUY,LIMIT,1701235716604,160,0.2100189
BIGTIMEUSDT,SELL,LIMIT,1701235782576,61,0.2024185
BIGTIMEUSDT,SELL,LIMIT,1701235857938,785,0.2014614
BIGTIMEUSDT,SELL,LIMIT,1701236096310,25,0.2018666
BIGTIMEUSDT,BUY,LIMIT,1701236951127,42,0.2082286
BIGTIMEUSDT,BUY,LIMIT,1701236952446,771,0.2083833
BIGTIMEUSDT,SELL,LIMIT,1701238018003,1048,0.2024114
BIGTIMEUSDT,BUY,LIMIT,1701239602970,7,0.2101658
BIGTIMEUSDT,BUY,LIMIT,1701239612591,157,0.2105425
BIGTIMEUSDT,BUY,LIMIT,1701239940208,704,0.2107750
BIGTIMEUSDT,BUY,LIMIT,1701239942580,261,0.2108771
BIGTIMEUSDT,BUY,LIMIT,1701239944775,2655,0.2109348
BIGTIMEUSDT,BUY,LIMIT,1701240020679,173,0.2114343
BIGTIMEUSDT,BUY,LIMIT,1701240661255,9760,0.2116890
BIGTIMEUSDT,SELL,LIMIT,1701240812703,1427,0.2040034
BIGTIMEUSDT,SELL,LIMIT,1701241127494,1222,0.2030129
BIGTIMEUSDT,SELL,LIMIT,1701241251472,139,0.2026344
BIGTIMEUSDT,SELL,LIMIT,1701241289382,3788,0.2020664
BIGTIMEUSDT,BUY,LIMIT,1701242048712,254,0.2089974
BIGTIMEUSDT,BUY,LIMIT,1701242997039,1870,0.2107326
BIGTIMEUSDT,BUY,LIMIT,1701242998140,1540,0.2104880
BIGTIMEUSDT,BUY,LIMIT,1701243008682,447,0.2110117
BIGTIMEUSDT,BUY,LIMIT,1701243018897,109,0.2110275
BIGTIMEUSDT,SELL,LIMIT,1701243419248,8311,0.2025633
BIGTIMEUSDT,BUY,LIMIT,1701243612471,1220,0.2083619
BIGTIMEUSDT,BUY,LIMIT,1701243619469,1827,0.2083441
BIGTIMEUSDT,BUY,LIMIT,1701243623021,4610,0.2083644
BIGTIMEUSDT,BUY,LIMIT,1701243635112,1050,0.2082780
BIGTIMEUSDT,SELL,LIMIT,1701243890952,240,0.2040921
BIGTIMEUSDT,BUY,LIMIT,1701243947766,198,0.2098707
BIGTIMEUSDT,BUY,LIMIT,1701244079884,68,0.2109473
BIGTIMEUSDT,SELL,LIMIT,1701244845974,3621,0.2039473
BIGTIMEUSDT,BUY,LIMIT,1701245118914,289,0.2120259
BIGTIMEUSDT,SELL,LIMIT,1701246273008,3667,0.2033311
BIGTIMEUSDT,SELL,LIMIT,1701247011543,2101,0.2022889
BIGTIMEUSDT,SELL,LIMIT,1701247027042,3360,0.2016842
BIGTIMEUSDT,SELL,LIMIT,1701247040379,1047,0.2013858
BIGTIMEUSDT,SELL,LIMIT,1701247277991,1246,0.2003022
BIGTIMEUSDT,BUY,LIMIT,1701247383894,110,0.2071584
BIGTIMEUSDT,BUY,LIMIT,1701248043382,4045,0.2085013
BIGTIMEUSDT,BUY,LIMIT,1701248270459,12920,0.2088783
BIGTIMEUSDT,SELL,LIMIT,1701249982429,4422,0.2041906
BIGTIMEUSDT,SELL,LIMIT,1701250306422,164,0.2015344
BIGTIMEUSDT,SELL,LIMIT,1701250351316,749,0.2010664
BIGTIMEUSDT,SELL,LIMIT,1701251650374,510,0.2006190
BIGTIMEUSDT,SELL,LIMIT,1701251678502,9970,0.2004303
BIGTIMEUSDT,SELL,LIMIT,1701251908537,404,0.1997521
BIGTIMEUSDT,SELL,LIMIT,1701251911894,2000,0.1996261
BIGTIMEUSDT,SELL,LIMIT,1701251914396,11145,0.1994706
BIGTIMEUSDT,SELL,LIMIT,1701252033933,4330,0.1993427
BIGTIMEUSDT,SELL,LIMIT,1701252144997,5741,0.1989802
BIGTIMEUSDT,SELL,LIMIT,1701252235253,2480,0.1983791
BIGTIMEUSDT,BUY,LIMIT,1701254169398,143,0.2073313
BIGTIMEUSDT,SELL,LIMIT,1701254700792,649,0.2006935
BIGTIMEUSDT,BUY,LIMIT,1701255733219,136,0.2088049
BIGTIMEUSDT,BUY,LIMIT,1701255909972,388,0.2108013
BIGTIMEUSDT,SELL,LIMIT,1701256837315,3599,0.2025586
BIGTIMEUSDT,SELL,LIMIT,1701258010464,7806,0.2001903
BIGTIMEUSDT,SELL,LIMIT,1701258023852,14598,0.1997907
BIGTIMEUSDT,SELL,LIMIT,1701258043673,8023,0.1995227
BIGTIMEUSDT,SELL,LIMIT,1701258115507,63,0.1980656
BIGTIMEUSDT,SELL,LIMIT,1701258116506,121037,0.1958828
BIGTIMEUSDT,SELL,LIMIT,1701258125288,567,0.1974327
BIGTIMEUSDT,SELL,LIMIT,1701258136130,7775,0.1971805
BIGTIMEUSDT,SELL,LIMIT,1701258137760,3686,0.1970147
BIGTIMEUSDT,SELL,LIMIT,1701258139003,1031,0.1968466
BIGTIMEUSDT,SELL,LIMIT,1701258180311,8589,0.1963862
BIGTIMEUSDT,SELL,LIMIT,1701258359052,4693,0.1957941
BIGTIMEUSDT,SELL,LIMIT,1701258360173,111,0.1953764
BIGTIMEUSDT,SELL,LIMIT,1701258398052,11915,0.1946052
BIGTIMEUSDT,SELL,LIMIT,1701258399150,5859,0.1949984
BIGTIMEUSDT,SELL,LIMIT,1701258400238,239,0.1938454
BIGTIMEUSDT,SELL,LIMIT,1701258409161,961,0.1932694
BIGTIMEUSDT,SELL,LIMIT,1701258415533,6173,0.1926648
BIGTIMEUSDT,SELL,LIMIT,1701258656255,25406,0.1928562
BIGTIMEUSDT,SELL,LIMIT,1701258657318,1565,0.1928270
BIGTIMEUSDT,SELL,LIMIT,1701259171537,30781,0.1917677
BIGTIMEUSDT,SELL,LIMIT,1701259173030,9421,0.1920414
BIGTIMEUSDT,SELL,LIMIT,1701259184313,352,0.1916160
BIGTIMEUSDT,SELL,LIMIT,1701259231960,585,0.1917317
BIGTIMEUSDT,SELL,LIMIT,1701259248183,7663,0.1908223
BIGTIMEUSDT,SELL,LIMIT,1701260320956,2753,0.1924009
BIGTIMEUSDT,SELL,LIMIT,1701260335189,25484,0.1922916
BIGTIMEUSDT,BUY,LIMIT,1701260727895,1574,0.1996337
BIGTIMEUSDT,SELL,LIMIT,1701262602357,122,0.1912360
BIGTIMEUSDT,SELL,LIMIT,1701262786520,1487,0.1908289
BIGTIMEUSDT,SELL,LIMIT,1701262806989,2000,0.1903990
BIGTIMEUSDT,SELL,LIMIT,1701262868266,1588,0.1900270
BIGTIMEUSDT,SELL,LIMIT,1701262869611,207,0.1896761
BIGTIMEUSDT,SELL,LIMIT,1701262888123,1680,0.1897887
BIGTIMEUSDT,SELL,LIMIT,1701262950424,1003,0.1892839
BIGTIMEUSDT,SELL,LIMIT,1701262952406,116472,0.1876617
BIGTIMEUSDT,SELL,LIMIT,1701262953521,63,0.1890947
BIGTIMEUSDT,SELL,LIMIT,1701262956233,1629,0.1887464
BIGTIMEUSDT,SELL,LIMIT,1701263016561,10140,0.1886352
BIGTIMEUSDT,SELL,LIMIT,1701263146975,97,0.1884876
BIGTIMEUSDT,SELL,LIMIT,1701263192120,154,0.1880520
BIGTIMEUSDT,SELL,LIMIT,1701263267838,96642,0.1860291
BIGTIMEUSDT,SELL,LIMIT,1701263309739,1249,0.1872072
BIGTIMEUSDT,SELL,LIMIT,1701263311503,1923,0.1869202
BIGTIMEUSDT,SELL,LIMIT,1701263374752,279,0.1866896
BIGTIMEUSDT,SELL,LIMIT,1701263376175,467,0.1865056
BIGTIMEUSDT,SELL,LIMIT,1701263377769,2312,0.1861670
BIGTIMEUSDT,SELL,LIMIT,1701263381323,9790,0.1861035
BIGTIMEUSDT,SELL,LIMIT,1701263386107,20370,0.1861133
BIGTIMEUSDT,SELL,LIMIT,1701263438951,442,0.1864408
BIGTIMEUSDT,SELL,LIMIT,1701264293524,180,0.1864867
BIGTIMEUSDT,SELL,LIMIT,1701264338218,4384,0.1862631
BIGTIMEUSDT,SELL,LIMIT,1701264341386,1677,0.1859644
BIGTIMEUSDT,SELL,LIMIT,1701264346205,5857,0.1857620
BIGTIMEUSDT,SELL,LIMIT,1701264378683,1176,0.1852835
BIGTIMEUSDT,SELL,LIMIT,1701264380241,4478,0.1853837
BIGTIMEUSDT,BUY,LIMIT,1701266264237,181,0.1953087
BIGTIMEUSDT,BUY,LIMIT,1701267880823,3777,0.1948679
BIGTIMEUSDT,SELL,LIMIT,1701270281819,2110,0.1868797
BIGTIMEUSDT,SELL,LIMIT,1701270464890,15789,0.1866440
BIGTIMEUSDT,SELL,LIMIT,1701270613684,399,0.1866301
BIGTIMEUSDT,SELL,LIMIT,1701271313386,4132,0.1852574
BIGTIMEUSDT,SELL,LIMIT,1701273670294,6492,0.1865179
BIGTIMEUSDT,BUY,LIMIT,1701274800569,153,0.1939784
BIGTIMEUSDT,BUY,LIMIT,1701276804204,1275,0.1964423
BIGTIMEUSDT,SELL,LIMIT,1701278162772,25947,0.1886798
BIGTIMEUSDT,SELL,LIMIT,1701278173877,751,0.1883938
BIGTIMEUSDT,BUY,LIMIT,1701279133342,26164,0.1949166
BIGTIMEUSDT,BUY,LIMIT,1701288287798,7,0.1952154
BIGTIMEUSDT,SELL,LIMIT,1701293373109,129,0.1890388
BIGTIMEUSDT,BUY,LIMIT,1701295003286,298,0.1950406
BIGTIMEUSDT,BUY,LIMIT,1701295328139,494,0.1954525
BIGTIMEUSDT,SELL,LIMIT,1701299243736,682,0.1897449
BIGTIMEUSDT,BUY,LIMIT,1701299705159,357,0.1967648
BIGTIMEUSDT,SELL,LIMIT,1701300151178,2585,0.1898486
BIGTIMEUSDT,SELL,LIMIT,1701303303314,589,0.1877637
BIGTIMEUSDT,BUY,LIMIT,1701305128690,1015,0.1909465
BIGTIMEUSDT,BUY,LIMIT,1701305129920,923,0.1985673
BIGTIMEUSDT,BUY,LIMIT,1701305131084,469,0.2091982
BIGTIMEUSDT,BUY,LIMIT,1701305132190,48777,0.2071537
BIGTIMEUSDT,SELL,LIMIT,1701305137932,144,0.2021174
BIGTIMEUSDT,BUY,LIMIT,1701305230796,9866,0.2127944
BIGTIMEUSDT,SELL,LIMIT,1701305504510,5226,0.2059503
BIGTIMEUSDT,SELL,LIMIT,1701305511122,11188,0.2050662
BIGTIMEUSDT,SELL,LIMIT,1701305560049,286,0.2030179
BIGTIMEUSDT,SELL,LIMIT,1701305781543,185,0.2031803
BIGTIMEUSDT,SELL,LIMIT,1701305785059,2678,0.2029956
BIGTIMEUSDT,SELL,LIMIT,1701305921544,2408,0.2033093
BIGTIMEUSDT,SELL,LIMIT,1701306001607,9354,0.2021629
BIGTIMEUSDT,SELL,LIMIT,1701306271521,1579,0.2005101
BIGTIMEUSDT,SELL,LIMIT,1701306278096,23405,0.1992375
BIGTIMEUSDT,SELL,LIMIT,1701306294610,778,0.1982916
BIGTIMEUSDT,SELL,LIMIT,1701306630170,125,0.2005950
BIGTIMEUSDT,SELL,LIMIT,1701306676148,1552,0.2001508
BIGTIMEUSDT,BUY,LIMIT,1701307229983,34,0.2065800
BIGTIMEUSDT,SELL,LIMIT,1701307610827,1166,0.2002141
BIGTIMEUSDT,BUY,LIMIT,1701307913083,4634,0.2089751
BIGTIMEUSDT,SELL,LIMIT,1701308344503,5153,0.2039431
BIGTIMEUSDT,SELL,LIMIT,1701308547208,22105,0.2026589
BIGTIMEUSDT,BUY,LIMIT,1701309120674,244,0.2103094
BIGTIMEUSDT,BUY,LIMIT,1701309123222,25,0.2106562
BIGTIMEUSDT,SELL,LIMIT,1701309548286,24203,0.2046277
BIGTIMEUSDT,SELL,LIMIT,1701309549642,19437,0.2040831
BIGTIMEUSDT,SELL,LIMIT,1701309953928,3278,0.2032459
BIGTIMEUSDT,SELL,LIMIT,1701310050236,9906,0.2028405
BIGTIMEUSDT,SELL,LIMIT,1701310157461,1146,0.2023134
BIGTIMEUSDT,SELL,LIMIT,1701310174796,803,0.2015260
BIGTIMEUSDT,SELL,LIMIT,1701310187887,290,0.2007482
BIGTIMEUSDT,SELL,LIMIT,1701310447462,391,0.1992041
BIGTIMEUSDT,BUY,LIMIT,1701311555465,26,0.2083472
BIGTIMEUSDT,BUY,LIMIT,1701311937121,10231,0.2088870
BIGTIMEUSDT,SELL,LIMIT,1701313111491,2142,0.2019407
BIGTIMEUSDT,SELL,LIMIT,1701313573671,1241,0.2016043
BIGTIMEUSDT,SELL,LIMIT,1701313630085,267,0.2014842
BIGTIMEUSDT,SELL,LIMIT,1701313635215,29,0.2012581
BIGTIMEUSDT,SELL,LIMIT,1701313651872,1274,0.2002087
BIGTIMEUSDT,BUY,LIMIT,1701314076883,2100,0.2105528
BIGTIMEUSDT,BUY,LIMIT,1701314584864,18805,0.2104279
BIGTIMEUSDT,BUY,LIMIT,1701314805484,989,0.2124729
BIGTIMEUSDT,BUY,LIMIT,1701314807466,201,0.2126657
BIGTIMEUSDT,BUY,LIMIT,1701314858002,671,0.2133287
BIGTIMEUSDT,BUY,LIMIT,1701314862365,1227,0.2137584
BIGTIMEUSDT,BUY,LIMIT,1701314864740,728,0.2143691
BIGTIMEUSDT,BUY,LIMIT,1701314909222,265,0.2150784
BIGTIMEUSDT,BUY,LIMIT,1701314910237,50,0.2148593
BIGTIMEUSDT,BUY,LIMIT,1701314917320,3017,0.2151051
BIGTIMEUSDT,BUY,LIMIT,1701314928046,94,0.2155722
BIGTIMEUSDT,BUY,LIMIT,1701315156336,252,0.2158348
BIGTIMEUSDT,BUY,LIMIT,1701315157422,209,0.2156993
BIGTIMEUSDT,BUY,LIMIT,1701315167631,47,0.2160465
BIGTIMEUSDT,BUY,LIMIT,1701315169395,4884,0.2161270
BIGTIMEUSDT,BUY,LIMIT,1701315181205,29988,0.2175942
BIGTIMEUSDT,BUY,LIMIT,1701315332770,12794,0.2169683
BIGTIMEUSDT,BUY,LIMIT,1701315339096,1064,0.2172191
BIGTIMEUSDT,BUY,LIMIT,1701315350562,74,0.2180364
BIGTIMEUSDT,BUY,LIMIT,1701315437875,2657,0.2186698
BIGTIMEUSDT,BUY,LIMIT,1701315439248,120,0.2191293
BIGTIMEUSDT,BUY,LIMIT,1701315457191,197,0.2201769
BIGTIMEUSDT,BUY,LIMIT,1701315458421,12429,0.2205099
BIGTIMEUSDT,BUY,LIMIT,1701315460317,4,0.2215656
BIGTIMEUSDT,BUY,LIMIT,1701315461437,4084,0.2221629
BIGTIMEUSDT,BUY,LIMIT,1701315462478,359,0.2226508
BIGTIMEUSDT,BUY,LIMIT,1701315470291,2434,0.2230109
BIGTIMEUSDT,BUY,LIMIT,1701315472280,21000,0.2231375
BIGTIMEUSDT,BUY,LIMIT,1701315475727,9362,0.2235790
BIGTIMEUSDT,BUY,LIMIT,1701315499797,5773,0.2236733
BIGTIMEUSDT,BUY,LIMIT,1701315501352,39889,0.2249613
BIGTIMEUSDT,BUY,LIMIT,1701315503251,933,0.2244895
BIGTIMEUSDT,BUY,LIMIT,1701315540065,731,0.2255525
BIGTIMEUSDT,BUY,LIMIT,1701315541101,26103,0.2257659
BIGTIMEUSDT,SELL,LIMIT,1701315604462,2929,0.2178532
BIGTIMEUSDT,BUY,LIMIT,1701315606368,177,0.2230527
BIGTIMEUSDT,SELL,LIMIT,1701315735118,901,0.2173661
BIGTIMEUSDT,SELL,LIMIT,1701315736332,538,0.2169599
BIGTIMEUSDT,SELL,LIMIT,1701315738437,6806,0.2144656
BIGTIMEUSDT,SELL,LIMIT,1701316012347,19732,0.2142697
BIGTIMEUSDT,SELL,LIMIT,1701316384667,1373,0.2138777
BIGTIMEUSDT,SELL,LIMIT,1701316406883,289,0.2133569
BIGTIMEUSDT,BUY,LIMIT,1701316582353,1104,0.2211546
BIGTIMEUSDT,BUY,LIMIT,1701316751857,34,0.2219264
BIGTIMEUSDT,BUY,LIMIT,1701316761144,68,0.2224315
BIGTIMEUSDT,BUY,LIMIT,1701316889656,11665,0.2238034
BIGTIMEUSDT,BUY,LIMIT,1701316907745,816,0.2257271
BIGTIMEUSDT,BUY,LIMIT,1701316925897,144,0.2263553
BIGTIMEUSDT,SELL,LIMIT,1701316955335,124,0.2174233
BIGTIMEUSDT,SELL,LIMIT,1701317044779,2345,0.2146008
BIGTIMEUSDT,SELL,LIMIT,1701317681302,1368,0.2145404
BIGTIMEUSDT,SELL,LIMIT,1701317696076,2554,0.2142348
BIGTIMEUSDT,BUY,LIMIT,1701318236145,140,0.2244332
BIGTIMEUSDT,BUY,LIMIT,1701318435049,5486,0.2243561
BIGTIMEUSDT,BUY,LIMIT,1701318722558,884,0.2253436
BIGTIMEUSDT,BUY,LIMIT,1701319030598,277,0.2253515
BIGTIMEUSDT,BUY,LIMIT,1701319071816,1924,0.2259467
BIGTIMEUSDT,BUY,LIMIT,1701319075349,585,0.2265523
BIGTIMEUSDT,BUY,LIMIT,1701319077398,390,0.2268155
BIGTIMEUSDT,BUY,LIMIT,1701319199044,212,0.2269370
BIGTIMEUSDT,BUY,LIMIT,1701319210913,252,0.2275656
BIGTIMEUSDT,BUY,LIMIT,1701319245321,231,0.2276346
BIGTIMEUSDT,BUY,LIMIT,1701319261806,158,0.2279514
BIGTIMEUSDT,BUY,LIMIT,1701319434582,2218,0.2286795
BIGTIMEUSDT,BUY,LIMIT,1701319439042,4621,0.2287783
BIGTIMEUSDT,BUY,LIMIT,1701319446313,741,0.2288824
BIGTIMEUSDT,BUY,LIMIT,1701319452714,630,0.2291057
BIGTIMEUSDT,BUY,LIMIT,1701319462615,750,0.2292696
BIGTIMEUSDT,BUY,LIMIT,1701319466268,2486,0.2294931
BIGTIMEUSDT,BUY,LIMIT,1701319467300,300,0.2296570
BIGTIMEUSDT,BUY,LIMIT,1701319473280,1111,0.2299502
BIGTIMEUSDT,BUY,LIMIT,1701319475850,3152,0.2300682
BIGTIMEUSDT,BUY,LIMIT,1701319477105,3509,0.2305034
BIGTIMEUSDT,BUY,LIMIT,1701319496210,900,0.2307263
BIGTIMEUSDT,BUY,LIMIT,1701319497285,1225,0.2309520
BIGTIMEUSDT,BUY,LIMIT,1701319509516,1992,0.2311239
BIGTIMEUSDT,BUY,LIMIT,1701319670990,1209,0.2304759
BIGTIMEUSDT,BUY,LIMIT,1701319673200,112,0.2312918
BIGTIMEUSDT,BUY,LIMIT,1701319676762,4282,0.2314444
BIGTIMEUSDT,BUY,LIMIT,1701319680157,32188,0.2323167
BIGTIMEUSDT,BUY,LIMIT,1701319682261,116,0.2316735
BIGTIMEUSDT,SELL,LIMIT,1701319923210,4238,0.2229337
BIGTIMEUSDT,SELL,LIMIT,1701319924536,1899,0.2226974
BIGTIMEUSDT,BUY,LIMIT,1701320013356,296,0.2305010
BIGTIMEUSDT,SELL,LIMIT,1701320505733,601,0.2221001
BIGTIMEUSDT,SELL,LIMIT,1701320635527,13228,0.2215251
BIGTIMEUSDT,SELL,LIMIT,1701320668129,399,0.2211755
BIGTIMEUSDT,SELL,LIMIT,1701320674702,275,0.2207767
BIGTIMEUSDT,SELL,LIMIT,1701320676259,9487,0.2200547
BIGTIMEUSDT,SELL,LIMIT,1701320678050,3354,0.2192855
BIGTIMEUSDT,SELL,LIMIT,1701320681529,12195,0.2185415
BIGTIMEUSDT,SELL,LIMIT,1701320701354,184,0.2180982
BIGTIMEUSDT,BUY,LIMIT,1701320720016,1583,0.2261251
BIGTIMEUSDT,BUY,LIMIT,1701320724052,551,0.2269101
BIGTIMEUSDT,SELL,LIMIT,1701320895831,3428,0.2198194
BIGTIMEUSDT,SELL,LIMIT,1701320998397,1782,0.2178771
BIGTIMEUSDT,SELL,LIMIT,1701321000010,1932,0.2167543
BIGTIMEUSDT,SELL,LIMIT,1701321277354,1139,0.2174403
BIGTIMEUSDT,SELL,LIMIT,1701321347716,335,0.2161128
BIGTIMEUSDT,SELL,LIMIT,1701321367791,5867,0.2169035
BIGTIMEUSDT,SELL,LIMIT,1701321382348,1179,0.2158298
BIGTIMEUSDT,SELL,LIMIT,1701321393476,12870,0.2153423
BIGTIMEUSDT,SELL,LIMIT,1701321395741,1357,0.2151966
BIGTIMEUSDT,SELL,LIMIT,1701321397620,195,0.2144671
BIGTIMEUSDT,SELL,LIMIT,1701322254145,2776,0.2132867
BIGTIMEUSDT,SELL,LIMIT,1701322264903,1308,0.2129652
BIGTIMEUSDT,SELL,LIMIT,1701322266294,9313,0.2128515
BIGTIMEUSDT,SELL,LIMIT,1701322283285,15774,0.2127282
BIGTIMEUSDT,SELL,LIMIT,1701322483267,643,0.2132220
BIGTIMEUSDT,SELL,LIMIT,1701322521745,648,0.2125723
BIGTIMEUSDT,SELL,LIMIT,1701323092514,665,0.2108441
BIGTIMEUSDT,SELL,LIMIT,1701323255483,2395,0.2104581
BIGTIMEUSDT,SELL,LIMIT,1701323257114,3900,0.2104428
BIGTIMEUSDT,BUY,LIMIT,1701324006362,167,0.2211295
BIGTIMEUSDT,BUY,LIMIT,1701324049137,138,0.2218927
BIGTIMEUSDT,SELL,LIMIT,1701324530686,8919,0.2149304
BIGTIMEUSDT,SELL,LIMIT,1701326289479,744,0.2126424
BIGTIMEUSDT,SELL,LIMIT,1701326324141,23105,0.2119971
BIGTIMEUSDT,SELL,LIMIT,1701326495222,8645,0.2116164
BIGTIMEUSDT,BUY,LIMIT,1701327239654,1140,0.2213715
BIGTIMEUSDT,BUY,LIMIT,1701327241690,9242,0.2217018
BIGTIMEUSDT,BUY,LIMIT,1701327246203,581,0.2218138
BIGTIMEUSDT,BUY,LIMIT,1701327668489,2116,0.2227435
BIGTIMEUSDT,BUY,LIMIT,1701327822576,555,0.2233999
BIGTIMEUSDT,BUY,LIMIT,1701328570768,179,0.2261777
BIGTIMEUSDT,BUY,LIMIT,1701328574271,24,0.2263549
BIGTIMEUSDT,BUY,LIMIT,1701328585197,9166,0.2266465
BIGTIMEUSDT,SELL,LIMIT,1701329653396,45,0.2169188
BIGTIMEUSDT,SELL,LIMIT,1701330043276,671,0.2159001
BIGTIMEUSDT,SELL,LIMIT,1701330355569,47,0.2155334
BIGTIMEUSDT,SELL,LIMIT,1701330363458,1110,0.2153673
BIGTIMEUSDT,SELL,LIMIT,1701330438211,1033,0.2151884
BIGTIMEUSDT,SELL,LIMIT,1701330440174,1231,0.2146771
BIGTIMEUSDT,SELL,LIMIT,1701330441181,160,0.2148036
BIGTIMEUSDT,BUY,LIMIT,1701331290364,1487,0.2222667
BIGTIMEUSDT,SELL,LIMIT,1701331440997,204,0.2142077
BIGTIMEUSDT,SELL,LIMIT,1701331665215,7402,0.2132763
BIGTIMEUSDT,SELL,LIMIT,1701331898205,13797,0.2116000
BIGTIMEUSDT,SELL,LIMIT,1701331902285,9951,0.2115607
BIGTIMEUSDT,SELL,LIMIT,1701332162278,364,0.2109068
BIGTIMEUSDT,SELL,LIMIT,1701332242257,12490,0.2102486
BIGTIMEUSDT,SELL,LIMIT,1701332250525,390,0.2100895
BIGTIMEUSDT,SELL,LIMIT,1701332252039,3987,0.2092060
BIGTIMEUSDT,SELL,LIMIT,1701332253344,1033,0.2096001
BIGTIMEUSDT,SELL,LIMIT,1701332389890,6070,0.2091500
BIGTIMEUSDT,SELL,LIMIT,1701332406917,81,0.2090550
BIGTIMEUSDT,SELL,LIMIT,1701332970125,1165,0.2088890
BIGTIMEUSDT,BUY,LIMIT,1701333829837,520,0.2162807
BIGTIMEUSDT,BUY,LIMIT,1701333878193,1366,0.2178995
BIGTIMEUSDT,SELL,LIMIT,1701336963020,346,0.2103005
BIGTIMEUSDT,SELL,LIMIT,1701336967293,191,0.2099590
BIGTIMEUSDT,SELL,LIMIT,1701337040480,23190,0.2087281
BIGTIMEUSDT,SELL,LIMIT,1701337042029,7115,0.2082896
BIGTIMEUSDT,SELL,LIMIT,1701337046475,41,0.2083986
BIGTIMEUSDT,SELL,LIMIT,1701337048277,10732,0.2082112
BIGTIMEUSDT,SELL,LIMIT,1701337053851,24708,0.2080860
BIGTIMEUSDT,SELL,LIMIT,1701337159205,5680,0.2078660
BIGTIMEUSDT,SELL,LIMIT,1701337172323,134,0.2073600
BIGTIMEUSDT,SELL,LIMIT,1701337225939,29,0.2071723
BIGTIMEUSDT,SELL,LIMIT,1701337227147,23,0.2067937
BIGTIMEUSDT,SELL,LIMIT,1701337233326,591,0.2063158
BIGTIMEUSDT,SELL,LIMIT,1701337243640,58,0.2062510
BIGTIMEUSDT,SELL,LIMIT,1701337245276,567,0.2061686
BIGTIMEUSDT,BUY,LIMIT,1701337344856,2481,0.2135404
BIGTIMEUSDT,SELL,LIMIT,1701338089753,3885,0.2062189
BIGTIMEUSDT,SELL,LIMIT,1701338115625,2095,0.2058369
BIGTIMEUSDT,SELL,LIMIT,1701338118542,210,0.2058191
BIGTIMEUSDT,SELL,LIMIT,1701338237159,2467,0.2054397
BIGTIMEUSDT,SELL,LIMIT,1701338245456,506,0.2054098
BIGTIMEUSDT,SELL,LIMIT,1701338267138,440,0.2051516
BIGTIMEUSDT,SELL,LIMIT,1701338461734,764,0.2046415
BIGTIMEUSDT,SELL,LIMIT,1701338473236,456,0.2043718
BIGTIMEUSDT,SELL,LIMIT,1701338481033,4708,0.2042547
BIGTIMEUSDT,SELL,LIMIT,1701338531411,356,0.2040934
BIGTIMEUSDT,SELL,LIMIT,1701338536580,10319,0.2040009
BIGTIMEUSDT,SELL,LIMIT,1701338544434,1989,0.2036010
BIGTIMEUSDT,SELL,LIMIT,1701338550088,195,0.2031824
BIGTIMEUSDT,BUY,LIMIT,1701339746324,1908,0.2121643
BIGTIMEUSDT,BUY,LIMIT,1701340499669,12269,0.2143915
BIGTIMEUSDT,BUY,LIMIT,1701342835159,2895,0.2134836
BIGTIMEUSDT,BUY,LIMIT,1701343822669,121,0.2142166
BIGTIMEUSDT,BUY,LIMIT,1701346085254,841,0.2125513
BIGTIMEUSDT,SELL,LIMIT,1701346158086,494,0.2057719
BIGTIMEUSDT,SELL,LIMIT,1701346160695,779,0.2057426
BIGTIMEUSDT,SELL,LIMIT,1701346198604,3068,0.2049415
BIGTIMEUSDT,SELL,LIMIT,1701346226144,190,0.2046242
BIGTIMEUSDT,SELL,LIMIT,1701346492711,722,0.2033916
BIGTIMEUSDT,SELL,LIMIT,1701346600667,26,0.2031615
BIGTIMEUSDT,SELL,LIMIT,1701347005394,777,0.2046942
BIGTIMEUSDT,BUY,LIMIT,1701348478244,431,0.2133158
BIGTIMEUSDT,SELL,LIMIT,1701349574560,161,0.2045148
BIGTIMEUSDT,SELL,LIMIT,1701349637305,927,0.2046386
BIGTIMEUSDT,BUY,LIMIT,1701349911342,1269,0.2129348
BIGTIMEUSDT,BUY,LIMIT,1701349944599,32,0.2129675
BIGTIMEUSDT,BUY,LIMIT,1701350204685,221,0.2139144
BIGTIMEUSDT,BUY,LIMIT,1701350216479,599,0.2144676
BIGTIMEUSDT,BUY,LIMIT,1701350321375,780,0.2148718
BIGTIMEUSDT,BUY,LIMIT,1701350436945,4347,0.2156969
BIGTIMEUSDT,BUY,LIMIT,1701350444290,18879,0.2158001
BIGTIMEUSDT,SELL,LIMIT,1701351000267,515,0.2083160
BIGTIMEUSDT,SELL,LIMIT,1701351001306,941,0.2080067
BIGTIMEUSDT,BUY,LIMIT,1701351487861,386,0.2163410
BIGTIMEUSDT,BUY,LIMIT,1701351491593,1438,0.2163868
BIGTIMEUSDT,BUY,LIMIT,1701351498113,1056,0.2166109
BIGTIMEUSDT,BUY,LIMIT,1701351511793,9860,0.2171065
BIGTIMEUSDT,BUY,LIMIT,1701351522741,7598,0.2172154
BIGTIMEUSDT,SELL,LIMIT,1701351747586,712,0.2100823
BIGTIMEUSDT,BUY,LIMIT,1701352144588,474,0.2185240
BIGTIMEUSDT,SELL,LIMIT,1701352313708,24,0.2108322
BIGTIMEUSDT,SELL,LIMIT,1701352315124,81,0.2102318
BIGTIMEUSDT,SELL,LIMIT,1701352316165,1367,0.2106086
BIGTIMEUSDT,SELL,LIMIT,1701352469678,778,0.2098214
BIGTIMEUSDT,SELL,LIMIT,1701352524416,23310,0.2097356
BIGTIMEUSDT,SELL,LIMIT,1701352525471,783,0.2097629
BIGTIMEUSDT,BUY,LIMIT,1701352620630,24,0.2173679
