Symbol,Side,Order Type,Time,Quantity,Price
BIGTIMEUSDT,BUY,LIMIT,1700846404878,29325,0.1738645
BIGTIMEUSDT,BUY,LIMIT,1700846471281,4743,0.1740599
BIGTIMEUSDT,BUY,LIMIT,1700851620357,90,0.1764314
BIGTIMEUSDT,BUY,LIMIT,1700853340165,8953,0.1770388
BIGTIMEUSDT,BUY,LIMIT,1700857033987,50,0.1802529
BIGTIMEUSDT,BUY,LIMIT,1700857119238,1362,0.1805046
BIGTIMEUSDT,BUY,LIMIT,1700857619853,5011,0.1815706
BIGTIMEUSDT,BUY,LIMIT,1700858232026,14003,0.1816336
BIGTIMEUSDT,BUY,LIMIT,1700859202267,2226,0.1826948
BIGTIMEUSDT,SELL,LIMIT,1700859647979,1108,0.1766011
BIGTIMEUSDT,SELL,LIMIT,1700859657919,591,0.1764741
BIGTIMEUSDT,SELL,LIMIT,1700859911923,55,0.1754018
BIGTIMEUSDT,SELL,LIMIT,1700859914392,1378,0.1746940
BIGTIMEUSDT,BUY,LIMIT,1700861719353,15068,0.1813564
BIGTIMEUSDT,SELL,LIMIT,1700862049591,6633,0.1755072
BIGTIMEUSDT,BUY,LIMIT,1700863515196,1711,0.1807020
BIGTIMEUSDT,SELL,LIMIT,1700863960155,695,0.1732143
BIGTIMEUSDT,SELL,LIMIT,1700863961237,13959,0.1731087
BIGTIMEUSDT,SELL,LIMIT,1700866683110,2726,0.1768341
BIGTIMEUSDT,SELL,LIMIT,1700866916885,12172,0.1755226
BIGTIMEUSDT,SELL,LIMIT,1700867396620,2449,0.1736437
BIGTIMEUSDT,SELL,LIMIT,1700867472770,1758,0.1731951
BIGTIMEUSDT,SELL,LIMIT,1700867564095,352,0.1723712
BIGTIMEUSDT,SELL,LIMIT,1700867574110,9052,0.1722956
BIGTIMEUSDT,BUY,LIMIT,1700869267273,173,0.1800299
BIGTIMEUSDT,BUY,LIMIT,1700869329076,1229,0.1805488
BIGTIMEUSDT,SELL,LIMIT,1700870649300,6214,0.1735044
BIGTIMEUSDT,BUY,LIMIT,1700870918391,2685,0.1802733
BIGTIMEUSDT,BUY,LIMIT,1700870949181,123,0.1824102
BIGTIMEUSDT,BUY,LIMIT,1700870958054,6795,0.1829562
BIGTIMEUSDT,BUY,LIMIT,1700870960056,12533,0.1833004
BIGTIMEUSDT,BUY,LIMIT,1700870973485,3357,0.1839799
BIGTIMEUSDT,BUY,LIMIT,1700870985375,955,0.1843848
BIGTIMEUSDT,BUY,LIMIT,1700870992382,3281,0.1852388
BIGTIMEUSDT,BUY,LIMIT,1700871015081,231,0.1858234
BIGTIMEUSDT,BUY,LIMIT,1700871017064,59,0.1859296
BIGTIMEUSDT,SELL,LIMIT,1700871070042,3736,0.1790822
BIGTIMEUSDT,BUY,LIMIT,1700871302544,170,0.1853153
BIGTIMEUSDT,SELL,LIMIT,1700871489749,6,0.1787929
BIGTIMEUSDT,BUY,LIMIT,1700872479318,67,0.1861491
BIGTIMEUSDT,SELL,LIMIT,1700872772780,53,0.1791671
BIGTIMEUSDT,BUY,LIMIT,1700873559443,8113,0.1867992
BIGTIMEUSDT,BUY,LIMIT,1700873565670,252,0.1870769
BIGTIMEUSDT,BUY,LIMIT,1700873566724,233,0.1872723
BIGTIMEUSDT,BUY,LIMIT,1700873573386,86,0.1879336
BIGTIMEUSDT,SELL,LIMIT,1700873721571,271,0.1801822
BIGTIMEUSDT,BUY,LIMIT,1700874377430,2485,0.1880511
BIGTIMEUSDT,BUY,LIMIT,1700874400832,112,0.1886738
BIGTIMEUSDT,BUY,LIMIT,1700874500116,7310,0.1888248
BIGTIMEUSDT,BUY,LIMIT,1700874568828,142,0.1889078
BIGTIMEUSDT,BUY,LIMIT,1700874573154,925,0.1890743
BIGTIMEUSDT,BUY,LIMIT,1700874578573,3587,0.1893317
BIGTIMEUSDT,BUY,LIMIT,1700874599209,1290,0.1893544
BIGTIMEUSDT,BUY,LIMIT,1700874601090,5662,0.1904323
BIGTIMEUSDT,BUY,LIMIT,1700874602112,5996,0.1913746
BIGTIMEUSDT,BUY,LIMIT,1700874603174,3622,0.1912633
BIGTIMEUSDT,BUY,LIMIT,1700875097990,7084,0.1911524
BIGTIMEUSDT,BUY,LIMIT,1700875156454,441,0.1916524
BIGTIMEUSDT,SELL,LIMIT,1700875365684,19512,0.1847678
BIGTIMEUSDT,BUY,LIMIT,1700875376974,15,0.1906170
BIGTIMEUSDT,SELL,LIMIT,1700875466878,146,0.1844504
BIGTIMEUSDT,SELL,LIMIT,1700875479324,265,0.1841401
BIGTIMEUSDT,SELL,LIMIT,1700875493190,1130,0.1834523
BIGTIMEUSDT,BUY,LIMIT,1700876901284,908,0.1901528
BIGTIMEUSDT,BUY,LIMIT,1700876995581,95,0.1910284
BIGTIMEUSDT,BUY,LIMIT,1700877272222,34,0.1906170
BIGTIMEUSDT,BUY,LIMIT,1700877702240,3013,0.1919927
BIGTIMEUSDT,BUY,LIMIT,1700877712859,6085,0.1922144
BIGTIMEUSDT,BUY,LIMIT,1700877714877,31,0.1923233
BIGTIMEUSDT,SELL,LIMIT,1700878434586,926,0.1837626
BIGTIMEUSDT,BUY,LIMIT,1700879237913,13395,0.1902945
BIGTIMEUSDT,BUY,LIMIT,1700879244835,9006,0.1903969
BIGTIMEUSDT,BUY,LIMIT,1700879419785,11247,0.1924528
BIGTIMEUSDT,BUY,LIMIT,1700879444247,26737,0.1924643
BIGTIMEUSDT,BUY,LIMIT,1700879450265,5711,0.1925562
BIGTIMEUSDT,BUY,LIMIT,1700879452521,5016,0.1926006
BIGTIMEUSDT,BUY,LIMIT,1700879490667,20413,0.1927484
BIGTIMEUSDT,SELL,LIMIT,1700880627362,124,0.1845341
BIGTIMEUSDT,SELL,LIMIT,1700881061747,18205,0.1833413
BIGTIMEUSDT,BUY,LIMIT,1700883215566,3605,0.1928442
BIGTIMEUSDT,BUY,LIMIT,1700883218525,12632,0.1929225
BIGTIMEUSDT,BUY,LIMIT,1700883220593,27,0.1930268
BIGTIMEUSDT,BUY,LIMIT,1700883263964,144,0.1933375
BIGTIMEUSDT,BUY,LIMIT,1700883265533,20017,0.1934465
BIGTIMEUSDT,BUY,LIMIT,1700883271290,132,0.1935252
BIGTIMEUSDT,BUY,LIMIT,1700883272523,340,0.1935475
BIGTIMEUSDT,BUY,LIMIT,1700883277316,371,0.1938059
BIGTIMEUSDT,BUY,LIMIT,1700883298062,4774,0.1938675
BIGTIMEUSDT,BUY,LIMIT,1700883305264,1640,0.1940394
BIGTIMEUSDT,BUY,LIMIT,1700883350020,132,0.1949678
BIGTIMEUSDT,BUY,LIMIT,1700883954164,46,0.1931104
BIGTIMEUSDT,BUY,LIMIT,1700884044533,2784,0.1943167
BIGTIMEUSDT,BUY,LIMIT,1700884166965,561,0.1945036
BIGTIMEUSDT,SELL,LIMIT,1700884242287,274,0.1873506
BIGTIMEUSDT,SELL,LIMIT,1700884256971,13109,0.1870626
BIGTIMEUSDT,SELL,LIMIT,1700884265005,4896,0.1868502
BIGTIMEUSDT,SELL,LIMIT,1700884268238,19551,0.1866723
BIGTIMEUSDT,SELL,LIMIT,1700884270208,550,0.1865322
BIGTIMEUSDT,SELL,LIMIT,1700884302542,97,0.1854441
BIGTIMEUSDT,SELL,LIMIT,1700884512168,311,0.1833345
BIGTIMEUSDT,SELL,LIMIT,1700884527712,313,0.1829591
BIGTIMEUSDT,SELL,LIMIT,1700884763692,185,0.1824055
BIGTIMEUSDT,SELL,LIMIT,1700884848045,155,0.1820426
BIGTIMEUSDT,SELL,LIMIT,1700884849218,157,0.1820020
BIGTIMEUSDT,SELL,LIMIT,1700884855434,31,0.1815082
BIGTIMEUSDT,SELL,LIMIT,1700884893252,1044,0.1803978
BIGTIMEUSDT,SELL,LIMIT,1700884894529,15814,0.1801004
BIGTIMEUSDT,SELL,LIMIT,1700884927544,9424,0.1797499
BIGTIMEUSDT,BUY,LIMIT,1700885029970,122,0.1863837
BIGTIMEUSDT,BUY,LIMIT,1700885627091,8995,0.1922811
BIGTIMEUSDT,BUY,LIMIT,1700885655364,14000,0.1924440
BIGTIMEUSDT,BUY,LIMIT,1700887299371,3195,0.1912165
BIGTIMEUSDT,BUY,LIMIT,1700888572153,1726,0.1919104
BIGTIMEUSDT,BUY,LIMIT,1700888598373,939,0.1927837
BIGTIMEUSDT,BUY,LIMIT,1700888660793,1933,0.1936881
BIGTIMEUSDT,BUY,LIMIT,1700888693058,6716,0.1940955
BIGTIMEUSDT,SELL,LIMIT,1700888832177,348,0.1877012
BIGTIMEUSDT,BUY,LIMIT,1700889471399,13538,0.1924237
BIGTIMEUSDT,BUY,LIMIT,1700889520282,18000,0.1932264
BIGTIMEUSDT,BUY,LIMIT,1700889522180,649,0.1934017
BIGTIMEUSDT,BUY,LIMIT,1700889848764,2136,0.1949388
BIGTIMEUSDT,BUY,LIMIT,1700889855509,2500,0.1955495
BIGTIMEUSDT,BUY,LIMIT,1700889856527,738,0.1959868
BIGTIMEUSDT,BUY,LIMIT,1700889858381,559,0.1966086
BIGTIMEUSDT,BUY,LIMIT,1700889859624,1875,0.1968734
BIGTIMEUSDT,BUY,LIMIT,1700890193123,161,0.1972370
BIGTIMEUSDT,BUY,LIMIT,1700890194704,2094,0.1980305
BIGTIMEUSDT,BUY,LIMIT,1700890196801,166,0.1983616
BIGTIMEUSDT,BUY,LIMIT,1700890224148,6163,0.1989052
BIGTIMEUSDT,BUY,LIMIT,1700890225392,891,0.1990578
BIGTIMEUSDT,BUY,LIMIT,1700890228280,590,0.1993341
BIGTIMEUSDT,BUY,LIMIT,1700890232108,2213,0.1999173
BIGTIMEUSDT,BUY,LIMIT,1700890233664,2724,0.1999956
BIGTIMEUSDT,BUY,LIMIT,1700890238549,3769,0.2000719
BIGTIMEUSDT,BUY,LIMIT,1700890240237,132,0.2002769
BIGTIMEUSDT,BUY,LIMIT,1700890242067,57086,0.2014982
BIGTIMEUSDT,BUY,LIMIT,1700890249026,8191,0.2006097
BIGTIMEUSDT,BUY,LIMIT,1700890304648,13085,0.2008793
BIGTIMEUSDT,BUY,LIMIT,1700890376784,9634,0.2011052
BIGTIMEUSDT,SELL,LIMIT,1700890841488,301,0.1936937
BIGTIMEUSDT,SELL,LIMIT,1700890998064,13600,0.1936218
BIGTIMEUSDT,BUY,LIMIT,1700891174122,348,0.2012828
BIGTIMEUSDT,BUY,LIMIT,1700891175420,363,0.2013543
BIGTIMEUSDT,SELL,LIMIT,1700891327195,54,0.1931586
BIGTIMEUSDT,SELL,LIMIT,1700891440065,16,0.1926684
BIGTIMEUSDT,SELL,LIMIT,1700891468850,2547,0.1924134
BIGTIMEUSDT,SELL,LIMIT,1700891471678,12234,0.1921405
BIGTIMEUSDT,BUY,LIMIT,1700891736995,473,0.1994142
BIGTIMEUSDT,SELL,LIMIT,1700891835303,1110,0.1918057
BIGTIMEUSDT,BUY,LIMIT,1700892165718,25536,0.1995569
BIGTIMEUSDT,BUY,LIMIT,1700892315690,1536,0.1999960
BIGTIMEUSDT,BUY,LIMIT,1700892630151,124,0.2004926
BIGTIMEUSDT,BUY,LIMIT,1700892794948,278,0.2005402
BIGTIMEUSDT,BUY,LIMIT,1700892827310,256,0.2010330
BIGTIMEUSDT,BUY,LIMIT,1700892983076,11016,0.2012377
BIGTIMEUSDT,BUY,LIMIT,1700892991054,13785,0.2013087
BIGTIMEUSDT,BUY,LIMIT,1700892999181,715,0.2015216
BIGTIMEUSDT,BUY,LIMIT,1700893034046,3413,0.2016025
BIGTIMEUSDT,SELL,LIMIT,1700893088387,585,0.1945685
BIGTIMEUSDT,SELL,LIMIT,1700893091279,4628,0.1943341
BIGTIMEUSDT,SELL,LIMIT,1700893096017,242,0.1940411
BIGTIMEUSDT,SELL,LIMIT,1700893100596,1546,0.1938306
BIGTIMEUSDT,SELL,LIMIT,1700893145250,948,0.1935408
BIGTIMEUSDT,BUY,LIMIT,1700893218248,1117,0.1998840
BIGTIMEUSDT,BUY,LIMIT,1700893341478,7223,0.2010813
BIGTIMEUSDT,BUY,LIMIT,1700894195855,26,0.2017176
BIGTIMEUSDT,BUY,LIMIT,1700894207496,26,0.2018759
BIGTIMEUSDT,BUY,LIMIT,1700894209456,473,0.2021263
BIGTIMEUSDT,BUY,LIMIT,1700894475185,81873,0.2036710
BIGTIMEUSDT,BUY,LIMIT,1700894478410,180,0.2024787
BIGTIMEUSDT,BUY,LIMIT,1700894486320,168,0.2025674
BIGTIMEUSDT,BUY,LIMIT,1700894636297,639,0.2038100
BIGTIMEUSDT,BUY,LIMIT,1700894639484,591,0.2040467
BIGTIMEUSDT,BUY,LIMIT,1700894784059,26723,0.2045015
BIGTIMEUSDT,BUY,LIMIT,1700894786026,936,0.2045094
BIGTIMEUSDT,BUY,LIMIT,1700894790963,1129,0.2045768
BIGTIMEUSDT,BUY,LIMIT,1700894804083,273,0.2047842
BIGTIMEUSDT,BUY,LIMIT,1700894805319,185,0.2047322
BIGTIMEUSDT,BUY,LIMIT,1700894806662,535,0.2052882
BIGTIMEUSDT,BUY,LIMIT,1700894807968,25562,0.2055826
BIGTIMEUSDT,BUY,LIMIT,1700894964963,725,0.2057062
BIGTIMEUSDT,BUY,LIMIT,1700894974217,22255,0.2058057
BIGTIMEUSDT,BUY,LIMIT,1700894975219,6925,0.2058901
BIGTIMEUSDT,BUY,LIMIT,1700894979170,1950,0.2062956
BIGTIMEUSDT,BUY,LIMIT,1700894984400,2939,0.2062573
BIGTIMEUSDT,BUY,LIMIT,1700895011401,33,0.2064992
BIGTIMEUSDT,BUY,LIMIT,1700895013559,305,0.2065895
BIGTIMEUSDT,BUY,LIMIT,1700895016576,2949,0.2069398
BIGTIMEUSDT,BUY,LIMIT,1700895021199,443,0.2072557
BIGTIMEUSDT,SELL,LIMIT,1700895064480,91,0.2000011
BIGTIMEUSDT,SELL,LIMIT,1700895071439,355,0.1997559
BIGTIMEUSDT,SELL,LIMIT,1700895348064,520,0.1977128
BIGTIMEUSDT,SELL,LIMIT,1700895351352,18128,0.1971405
BIGTIMEUSDT,SELL,LIMIT,1700895397309,451,0.1963673
BIGTIMEUSDT,SELL,LIMIT,1700895410766,19039,0.1957461
BIGTIMEUSDT,SELL,LIMIT,1700895521664,71,0.1951821
BIGTIMEUSDT,SELL,LIMIT,1700895524089,1734,0.1951681
BIGTIMEUSDT,SELL,LIMIT,1700895529890,2971,0.1950599
BIGTIMEUSDT,SELL,LIMIT,1700895575420,41,0.1947714
BIGTIMEUSDT,SELL,LIMIT,1700895581971,498,0.1943908
BIGTIMEUSDT,SELL,LIMIT,1700895631460,560,0.1942012
BIGTIMEUSDT,SELL,LIMIT,1700895669303,1616,0.1938343
BIGTIMEUSDT,SELL,LIMIT,1700895674868,24937,0.1933709
BIGTIMEUSDT,BUY,LIMIT,1700895915903,5000,0.2015858
BIGTIMEUSDT,BUY,LIMIT,1700895963108,328,0.2019792
BIGTIMEUSDT,BUY,LIMIT,1700895971537,2150,0.2022687
BIGTIMEUSDT,BUY,LIMIT,1700895988271,619,0.2023807
BIGTIMEUSDT,BUY,LIMIT,1700895999012,51,0.2027682
BIGTIMEUSDT,BUY,LIMIT,1700896013400,297,0.2034663
BIGTIMEUSDT,BUY,LIMIT,1700896262366,125,0.2027785
BIGTIMEUSDT,BUY,LIMIT,1700896303045,2932,0.2042399
BIGTIMEUSDT,BUY,LIMIT,1700896308304,11914,0.2045352
BIGTIMEUSDT,BUY,LIMIT,1700896310298,5002,0.2046277
BIGTIMEUSDT,BUY,LIMIT,1700896361340,185,0.2055232
BIGTIMEUSDT,BUY,LIMIT,1700896414373,992,0.2057838
BIGTIMEUSDT,BUY,LIMIT,1700896423136,2052,0.2066302
BIGTIMEUSDT,BUY,LIMIT,1700896454581,1100,0.2072145
BIGTIMEUSDT,BUY,LIMIT,1700896490680,24752,0.2077592
BIGTIMEUSDT,BUY,LIMIT,1700896577671,346,0.2073508
BIGTIMEUSDT,BUY,LIMIT,1700896616244,115,0.2078392
BIGTIMEUSDT,BUY,LIMIT,1700896656123,1500,0.2080931
BIGTIMEUSDT,BUY,LIMIT,1700896657173,4275,0.2081022
BIGTIMEUSDT,BUY,LIMIT,1700896658289,372,0.2090143
BIGTIMEUSDT,BUY,LIMIT,1700896659519,3815,0.2092773
BIGTIMEUSDT,BUY,LIMIT,1700896660931,2696,0.2097060
BIGTIMEUSDT,BUY,LIMIT,1700896662287,632,0.2097979
BIGTIMEUSDT,BUY,LIMIT,1700896669401,29,0.2099747
BIGTIMEUSDT,BUY,LIMIT,1700896670425,145,0.2101200
BIGTIMEUSDT,BUY,LIMIT,1700896679335,2429,0.2102037
BIGTIMEUSDT,BUY,LIMIT,1700896847325,154,0.2109100
BIGTIMEUSDT,BUY,LIMIT,1700896850873,12080,0.2110172
BIGTIMEUSDT,BUY,LIMIT,1700896854463,448,0.2111224
BIGTIMEUSDT,SELL,LIMIT,1700896927185,168,0.2035519
BIGTIMEUSDT,SELL,LIMIT,1700897007214,372,0.2029473
BIGTIMEUSDT,SELL,LIMIT,1700897278684,460,0.2024613
BIGTIMEUSDT,SELL,LIMIT,1700897294507,18896,0.2024113
BIGTIMEUSDT,BUY,LIMIT,1700897865237,25,0.2113423
BIGTIMEUSDT,SELL,LIMIT,1700898134860,819,0.2029518
BIGTIMEUSDT,SELL,LIMIT,1700898160285,386,0.2024244
BIGTIMEUSDT,SELL,LIMIT,1700898161348,1324,0.2019968
BIGTIMEUSDT,SELL,LIMIT,1700898190224,12165,0.2014311
BIGTIMEUSDT,SELL,LIMIT,1700898195081,295,0.2012186
BIGTIMEUSDT,SELL,LIMIT,1700898196301,105,0.2011565
BIGTIMEUSDT,BUY,LIMIT,1700898252119,9792,0.2086324
BIGTIMEUSDT,BUY,LIMIT,1700898438924,45,0.2102573
BIGTIMEUSDT,BUY,LIMIT,1700898798416,33,0.2114041
BIGTIMEUSDT,BUY,LIMIT,1700898813063,156,0.2117379
BIGTIMEUSDT,BUY,LIMIT,1700898814115,952,0.2117982
BIGTIMEUSDT,BUY,LIMIT,1700898836073,2857,0.2119661
BIGTIMEUSDT,BUY,LIMIT,1700898840015,272,0.2121205
BIGTIMEUSDT,BUY,LIMIT,1700898974113,1186,0.2124889
BIGTIMEUSDT,BUY,LIMIT,1700898978108,5296,0.2124700
BIGTIMEUSDT,BUY,LIMIT,1700899275433,1366,0.2117704
BIGTIMEUSDT,BUY,LIMIT,1700899292585,122,0.2121913
BIGTIMEUSDT,SELL,LIMIT,1700899359258,5131,0.2042383
BIGTIMEUSDT,SELL,LIMIT,1700899361064,10369,0.2037552
BIGTIMEUSDT,SELL,LIMIT,1700899375367,2650,0.2035889
BIGTIMEUSDT,SELL,LIMIT,1700899380340,2553,0.2035211
BIGTIMEUSDT,SELL,LIMIT,1700899384117,1519,0.2031167
BIGTIMEUSDT,SELL,LIMIT,1700899387674,847,0.2029566
BIGTIMEUSDT,SELL,LIMIT,1700899422424,1068,0.2026889
BIGTIMEUSDT,BUY,LIMIT,1700899570660,2464,0.2102805
BIGTIMEUSDT,SELL,LIMIT,1700899790475,240,0.2039798
BIGTIMEUSDT,SELL,LIMIT,1700900154048,49,0.2035215
BIGTIMEUSDT,SELL,LIMIT,1700900244160,8052,0.2028003
BIGTIMEUSDT,SELL,LIMIT,1700900402997,243,0.2024114
BIGTIMEUSDT,BUY,LIMIT,1700900476049,299,0.2100223
BIGTIMEUSDT,BUY,LIMIT,1700900507262,105,0.2100471
BIGTIMEUSDT,BUY,LIMIT,1700900536505,2491,0.2108373
BIGTIMEUSDT,SELL,LIMIT,1700900809325,684,0.2032669
BIGTIMEUSDT,BUY,LIMIT,1700901015376,111,0.2098111
BIGTIMEUSDT,SELL,LIMIT,1700901283301,3881,0.2018223
BIGTIMEUSDT,BUY,LIMIT,1700901375096,248,0.2091733
BIGTIMEUSDT,SELL,LIMIT,1700901608537,463,0.2010386
BIGTIMEUSDT,SELL,LIMIT,1700901980174,1612,0.2008725
BIGTIMEUSDT,SELL,LIMIT,1700902000953,61,0.2004509
BIGTIMEUSDT,SELL,LIMIT,1700902002027,2849,0.2003444
BIGTIMEUSDT,SELL,LIMIT,1700902140240,26,0.1998932
BIGTIMEUSDT,SELL,LIMIT,1700902175604,1018,0.1997089
BIGTIMEUSDT,SELL,LIMIT,1700902179324,1958,0.1995877
BIGTIMEUSDT,SELL,LIMIT,1700902180499,18074,0.1995080
BIGTIMEUSDT,SELL,LIMIT,1700902186684,717,0.1994686
BIGTIMEUSDT,SELL,LIMIT,1700902189542,26,0.1991914
BIGTIMEUSDT,SELL,LIMIT,1700902190673,1492,0.1986222
BIGTIMEUSDT,SELL,LIMIT,1700902191816,2862,0.1983409
BIGTIMEUSDT,SELL,LIMIT,1700902347194,401,0.1976383
BIGTIMEUSDT,BUY,LIMIT,1700902529592,6271,0.2055256
BIGTIMEUSDT,BUY,LIMIT,1700902533710,3303,0.2056936
BIGTIMEUSDT,SELL,LIMIT,1700903294091,4819,0.1972350
BIGTIMEUSDT,SELL,LIMIT,1700903296648,50,0.1970413
BIGTIMEUSDT,SELL,LIMIT,1700903315199,21389,0.1969062
BIGTIMEUSDT,SELL,LIMIT,1700903320226,11,0.1968968
BIGTIMEUSDT,SELL,LIMIT,1700903324396,480,0.1966145
BIGTIMEUSDT,BUY,LIMIT,1700903468641,103,0.2035136
BIGTIMEUSDT,BUY,LIMIT,1700903516331,5242,0.2042659
BIGTIMEUSDT,BUY,LIMIT,1700903967814,150,0.2052073
BIGTIMEUSDT,BUY,LIMIT,1700903969463,266,0.2052889
BIGTIMEUSDT,BUY,LIMIT,1700904022410,9463,0.2058817
BIGTIMEUSDT,SELL,LIMIT,1700904461096,2891,0.1980553
BIGTIMEUSDT,SELL,LIMIT,1700904547576,5900,0.1975310
BIGTIMEUSDT,BUY,LIMIT,1700904833730,71,0.2039000
BIGTIMEUSDT,BUY,LIMIT,1700904879231,189,0.2046567
BIGTIMEUSDT,BUY,LIMIT,1700905384206,87,0.2052918
BIGTIMEUSDT,BUY,LIMIT,1700905395136,1196,0.2055435
BIGTIMEUSDT,BUY,LIMIT,1700905397256,1152,0.2056415
BIGTIMEUSDT,BUY,LIMIT,1700905410275,24786,0.2059328
BIGTIMEUSDT,BUY,LIMIT,1700905691472,5426,0.2067134
BIGTIMEUSDT,BUY,LIMIT,1700905695911,1092,0.2069413
BIGTIMEUSDT,BUY,LIMIT,1700905698660,461,0.2069916
BIGTIMEUSDT,BUY,LIMIT,1700905701321,224,0.2070526
BIGTIMEUSDT,BUY,LIMIT,1700905760045,1534,0.2077267
BIGTIMEUSDT,BUY,LIMIT,1700905992178,19247,0.2076678
BIGTIMEUSDT,BUY,LIMIT,1700906589976,2979,0.2080417
BIGTIMEUSDT,SELL,LIMIT,1700906688322,471,0.2007030
BIGTIMEUSDT,SELL,LIMIT,1700906694454,944,0.2003000
BIGTIMEUSDT,BUY,LIMIT,1700906931271,3413,0.2083164
BIGTIMEUSDT,BUY,LIMIT,1700906933834,1709,0.2085512
BIGTIMEUSDT,BUY,LIMIT,1700906935095,152,0.2088708
BIGTIMEUSDT,BUY,LIMIT,1700906936161,50,0.2089421
BIGTIMEUSDT,BUY,LIMIT,1700906942687,24425,0.2092794
BIGTIMEUSDT,BUY,LIMIT,1700907255048,1664,0.2091785
BIGTIMEUSDT,BUY,LIMIT,1700907853969,1289,0.2095553
BIGTIMEUSDT,SELL,LIMIT,1700908146405,120,0.2030086
BIGTIMEUSDT,BUY,LIMIT,1700908185779,2499,0.2096710
BIGTIMEUSDT,BUY,LIMIT,1700908189514,199,0.2100049
BIGTIMEUSDT,SELL,LIMIT,1700908730528,8379,0.2019587
BIGTIMEUSDT,SELL,LIMIT,1700908732463,43,0.2017735
BIGTIMEUSDT,BUY,LIMIT,1700908926821,1073,0.2090425
BIGTIMEUSDT,BUY,LIMIT,1700909277037,10316,0.2091609
BIGTIMEUSDT,SELL,LIMIT,1700909597358,1186,0.2016203
BIGTIMEUSDT,SELL,LIMIT,1700909970656,2365,0.2013879
BIGTIMEUSDT,BUY,LIMIT,1700910047151,2369,0.2085501
BIGTIMEUSDT,BUY,LIMIT,1700910048290,244,0.2087936
BIGTIMEUSDT,BUY,LIMIT,1700910081407,2219,0.2095699
BIGTIMEUSDT,BUY,LIMIT,1700910215461,21296,0.2101636
BIGTIMEUSDT,BUY,LIMIT,1700910241692,39,0.2104248
BIGTIMEUSDT,BUY,LIMIT,1700910244436,556,0.2104735
BIGTIMEUSDT,BUY,LIMIT,1700910345137,1629,0.2110933
BIGTIMEUSDT,BUY,LIMIT,1700910640201,12077,0.2110986
BIGTIMEUSDT,BUY,LIMIT,1700910641710,160,0.2111594
BIGTIMEUSDT,SELL,LIMIT,1700910973089,8,0.2030650
BIGTIMEUSDT,SELL,LIMIT,1700911118187,1524,0.2018824
BIGTIMEUSDT,SELL,LIMIT,1700911119349,7355,0.2018107
BIGTIMEUSDT,SELL,LIMIT,1700911133103,107,0.2010943
BIGTIMEUSDT,SELL,LIMIT,1700911134299,1188,0.2012244
BIGTIMEUSDT,SELL,LIMIT,1700911141730,5301,0.2009963
BIGTIMEUSDT,SELL,LIMIT,1700911142749,6411,0.2009402
BIGTIMEUSDT,SELL,LIMIT,1700911149512,3180,0.2008381
BIGTIMEUSDT,SELL,LIMIT,1700911211321,45,0.2002230
BIGTIMEUSDT,SELL,LIMIT,1700911278465,10318,0.1989805
BIGTIMEUSDT,SELL,LIMIT,1700911282393,375,0.1986826
BIGTIMEUSDT,SELL,LIMIT,1700911287544,46,0.1984785
BIGTIMEUSDT,SELL,LIMIT,1700911290067,8359,0.1983415
BIGTIMEUSDT,SELL,LIMIT,1700911295141,19176,0.1970795
BIGTIMEUSDT,SELL,LIMIT,1700911306695,120,0.1965484
BIGTIMEUSDT,SELL,LIMIT,1700911308080,3075,0.1963485
BIGTIMEUSDT,SELL,LIMIT,1700911309126,2436,0.1956906
BIGTIMEUSDT,SELL,LIMIT,1700911310325,25,0.1956801
BIGTIMEUSDT,BUY,LIMIT,1700911410102,169,0.2026013
BIGTIMEUSDT,BUY,LIMIT,1700911411251,1888,0.2026013
BIGTIMEUSDT,SELL,LIMIT,1700911425110,60,0.1953505
BIGTIMEUSDT,SELL,LIMIT,1700911426301,188,0.1951724
BIGTIMEUSDT,SELL,LIMIT,1700911436937,48,0.1951074
BIGTIMEUSDT,SELL,LIMIT,1700911465129,57,0.1950366
BIGTIMEUSDT,SELL,LIMIT,1700911466290,1199,0.1949960
BIGTIMEUSDT,SELL,LIMIT,1700911467314,111,0.1948647
BIGTIMEUSDT,SELL,LIMIT,1700911468683,609,0.1947131
BIGTIMEUSDT,SELL,LIMIT,1700911470172,48,0.1945313
BIGTIMEUSDT,SELL,LIMIT,1700911471411,1150,0.1944013
BIGTIMEUSDT,SELL,LIMIT,1700911472672,18068,0.1936525
BIGTIMEUSDT,SELL,LIMIT,1700911476056,24449,0.1928498
BIGTIMEUSDT,SELL,LIMIT,1700911477091,1086,0.1929858
BIGTIMEUSDT,SELL,LIMIT,1700911478120,1000,0.1918645
BIGTIMEUSDT,SELL,LIMIT,1700911479212,57,0.1922225
BIGTIMEUSDT,SELL,LIMIT,1700911490955,19224,0.1918515
BIGTIMEUSDT,SELL,LIMIT,1700911511470,44031,0.1904939
BIGTIMEUSDT,SELL,LIMIT,1700911513749,51,0.1911051
BIGTIMEUSDT,SELL,LIMIT,1700911515227,490,0.1909946
BIGTIMEUSDT,SELL,LIMIT,1700911521110,791,0.1909144
BIGTIMEUSDT,SELL,LIMIT,1700911523141,914,0.1906983
BIGTIMEUSDT,SELL,LIMIT,1700911525097,3871,0.1905180
BIGTIMEUSDT,SELL,LIMIT,1700911580208,1000,0.1906961
BIGTIMEUSDT,SELL,LIMIT,1700911582216,296,0.1904914
BIGTIMEUSDT,BUY,LIMIT,1700911782484,173,0.1982462
BIGTIMEUSDT,BUY,LIMIT,1700911802430,15103,0.1985503
BIGTIMEUSDT,BUY,LIMIT,1700911814909,300,0.1989044
BIGTIMEUSDT,BUY,LIMIT,1700911968367,25830,0.2004723
BIGTIMEUSDT,BUY,LIMIT,1700912337049,7384,0.2015305
BIGTIMEUSDT,BUY,LIMIT,1700912352281,714,0.2018613
BIGTIMEUSDT,SELL,LIMIT,1700912525098,20426,0.1955607
BIGTIMEUSDT,SELL,LIMIT,1700912636919,28,0.1950308
BIGTIMEUSDT,SELL,LIMIT,1700912667871,256,0.1950190
BIGTIMEUSDT,BUY,LIMIT,1700912721208,583,0.2018612
BIGTIMEUSDT,BUY,LIMIT,1700912737828,1593,0.2021942
BIGTIMEUSDT,BUY,LIMIT,1700912758972,71,0.2026702
BIGTIMEUSDT,BUY,LIMIT,1700912974710,559,0.2033168
BIGTIMEUSDT,BUY,LIMIT,1700913105877,18291,0.2038581
BIGTIMEUSDT,SELL,LIMIT,1700913723259,1931,0.1965655
BIGTIMEUSDT,SELL,LIMIT,1700913726354,2122,0.1964769
BIGTIMEUSDT,BUY,LIMIT,1700914050203,149,0.2042279
BIGTIMEUSDT,BUY,LIMIT,1700914053900,1063,0.2043561
BIGTIMEUSDT,BUY,LIMIT,1700914173173,200,0.2044526
BIGTIMEUSDT,BUY,LIMIT,1700914184172,651,0.2047758
BIGTIMEUSDT,BUY,LIMIT,1700914582165,1215,0.2077765
BIGTIMEUSDT,BUY,LIMIT,1700914583227,13742,0.2062712
BIGTIMEUSDT,BUY,LIMIT,1700914584312,22875,0.2087854
BIGTIMEUSDT,BUY,LIMIT,1700914679326,7613,0.2093615
BIGTIMEUSDT,BUY,LIMIT,1700914755133,1509,0.2096445
BIGTIMEUSDT,BUY,LIMIT,1700914756670,7438,0.2096709
BIGTIMEUSDT,BUY,LIMIT,1700914827598,1068,0.2104846
BIGTIMEUSDT,BUY,LIMIT,1700914869177,1346,0.2106119
BIGTIMEUSDT,BUY,LIMIT,1700914871280,781,0.2106151
BIGTIMEUSDT,BUY,LIMIT,1700914873029,2239,0.2107496
BIGTIMEUSDT,BUY,LIMIT,1700915046269,497,0.2109495
BIGTIMEUSDT,BUY,LIMIT,1700915055884,568,0.2111488
BIGTIMEUSDT,BUY,LIMIT,1700915076587,959,0.2114842
BIGTIMEUSDT,BUY,LIMIT,1700915153271,1521,0.2116472
BIGTIMEUSDT,BUY,LIMIT,1700915158418,461,0.2123550
BIGTIMEUSDT,BUY,LIMIT,1700915172439,205,0.2124999
BIGTIMEUSDT,BUY,LIMIT,1700915296477,6982,0.2128009
BIGTIMEUSDT,BUY,LIMIT,1700915315590,184,0.2130914
BIGTIMEUSDT,BUY,LIMIT,1700915327212,1347,0.2131459
BIGTIMEUSDT,BUY,LIMIT,1700915330332,4890,0.2132333
BIGTIMEUSDT,BUY,LIMIT,1700915392259,238,0.2135852
BIGTIMEUSDT,BUY,LIMIT,1700915397340,591,0.2136582
BIGTIMEUSDT,SELL,LIMIT,1700915499523,1964,0.2059423
BIGTIMEUSDT,SELL,LIMIT,1700915501447,327,0.2059137
BIGTIMEUSDT,SELL,LIMIT,1700915535466,1499,0.2056461
BIGTIMEUSDT,SELL,LIMIT,1700915587814,1137,0.2052494
BIGTIMEUSDT,BUY,LIMIT,1700915894590,239,0.2128427
BIGTIMEUSDT,SELL,LIMIT,1700916120331,2962,0.2051993
BIGTIMEUSDT,BUY,LIMIT,1700916179749,3558,0.2127471
BIGTIMEUSDT,SELL,LIMIT,1700916342785,2691,0.2052228
BIGTIMEUSDT,SELL,LIMIT,1700916394068,1093,0.2050234
BIGTIMEUSDT,SELL,LIMIT,1700916395270,468,0.2050161
BIGTIMEUSDT,SELL,LIMIT,1700916424481,3736,0.2049653
BIGTIMEUSDT,SELL,LIMIT,1700916437140,84,0.2045300
BIGTIMEUSDT,SELL,LIMIT,1700916439055,102,0.2040245
BIGTIMEUSDT,SELL,LIMIT,1700916440074,83,0.2042134
BIGTIMEUSDT,SELL,LIMIT,1700916449972,536,0.2040130
BIGTIMEUSDT,SELL,LIMIT,1700916489649,2301,0.2038817
BIGTIMEUSDT,SELL,LIMIT,1700916514521,104,0.2038026
BIGTIMEUSDT,SELL,LIMIT,1700916520858,8160,0.2037507
BIGTIMEUSDT,SELL,LIMIT,1700916525683,3483,0.2035680
BIGTIMEUSDT,BUY,LIMIT,1700916673276,484,0.2111327
BIGTIMEUSDT,SELL,LIMIT,1700916789820,1,0.2044682
BIGTIMEUSDT,BUY,LIMIT,1700916931297,357,0.2113111
BIGTIMEUSDT,BUY,LIMIT,1700916932311,482,0.2113025
BIGTIMEUSDT,SELL,LIMIT,1700917085171,5565,0.2037452
BIGTIMEUSDT,BUY,LIMIT,1700917488442,2893,0.2115423
BIGTIMEUSDT,BUY,LIMIT,1700917557915,11379,0.2118126
BIGTIMEUSDT,BUY,LIMIT,1700917592140,9610,0.2121776
BIGTIMEUSDT,BUY,LIMIT,1700917610997,1237,0.2128796
BIGTIMEUSDT,BUY,LIMIT,1700917616183,19397,0.2134658
BIGTIMEUSDT,BUY,LIMIT,1700917617299,1346,0.2137431
BIGTIMEUSDT,BUY,LIMIT,1700917625787,1910,0.2138791
BIGTIMEUSDT,SELL,LIMIT,1700917970485,3921,0.2054730
BIGTIMEUSDT,SELL,LIMIT,1700917982130,75,0.2051635
BIGTIMEUSDT,SELL,LIMIT,1700917989319,371,0.2046046
BIGTIMEUSDT,SELL,LIMIT,1700917990425,1288,0.2046935
BIGTIMEUSDT,SELL,LIMIT,1700918080847,1651,0.2043385
BIGTIMEUSDT,SELL,LIMIT,1700918082914,119,0.2043223
BIGTIMEUSDT,SELL,LIMIT,1700918194160,658,0.2036154
BIGTIMEUSDT,SELL,LIMIT,1700918504128,49,0.2035008
BIGTIMEUSDT,SELL,LIMIT,1700918509123,624,0.2033146
BIGTIMEUSDT,SELL,LIMIT,1700918510634,257,0.2031571
BIGTIMEUSDT,SELL,LIMIT,1700918687612,2477,0.2027645
BIGTIMEUSDT,BUY,LIMIT,1700918806824,10331,0.2098735
BIGTIMEUSDT,BUY,LIMIT,1700919552316,1752,0.2121107
BIGTIMEUSDT,BUY,LIMIT,1700919816454,6313,0.2119046
BIGTIMEUSDT,BUY,LIMIT,1700919818606,120,0.2124852
BIGTIMEUSDT,BUY,LIMIT,1700919895578,12308,0.2127440
BIGTIMEUSDT,BUY,LIMIT,1700920086393,155,0.2132774
BIGTIMEUSDT,BUY,LIMIT,1700920088077,343,0.2133848
BIGTIMEUSDT,BUY,LIMIT,1700920094517,714,0.2135813
BIGTIMEUSDT,BUY,LIMIT,1700920100866,639,0.2137539
BIGTIMEUSDT,BUY,LIMIT,1700920332587,2667,0.2139091
BIGTIMEUSDT,BUY,LIMIT,1700920337294,528,0.2139600
BIGTIMEUSDT,BUY,LIMIT,1700920338864,5489,0.2141580
BIGTIMEUSDT,BUY,LIMIT,1700920339951,4455,0.2144136
BIGTIMEUSDT,BUY,LIMIT,1700920341667,871,0.2151068
BIGTIMEUSDT,BUY,LIMIT,1700920343324,8065,0.2154785
BIGTIMEUSDT,BUY,LIMIT,1700920367637,43,0.2157562
BIGTIMEUSDT,BUY,LIMIT,1700920371053,1154,0.2162091
BIGTIMEUSDT,BUY,LIMIT,1700920372061,33050,0.2169759
BIGTIMEUSDT,BUY,LIMIT,1700920377211,1915,0.2168394
BIGTIMEUSDT,BUY,LIMIT,1700920378299,92,0.2167963
BIGTIMEUSDT,SELL,LIMIT,1700920444170,3688,0.2091041
BIGTIMEUSDT,BUY,LIMIT,1700920545203,3502,0.2156755
BIGTIMEUSDT,BUY,LIMIT,1700920850498,1896,0.2164398
BIGTIMEUSDT,BUY,LIMIT,1700920904067,140,0.2167004
BIGTIMEUSDT,BUY,LIMIT,1700920905341,6064,0.2169364
BIGTIMEUSDT,BUY,LIMIT,1700920995404,2482,0.2172353
BIGTIMEUSDT,BUY,LIMIT,1700920996418,6937,0.2175058
BIGTIMEUSDT,BUY,LIMIT,1700920997621,9643,0.2177285
BIGTIMEUSDT,BUY,LIMIT,1700920998941,17315,0.2181642
BIGTIMEUSDT,BUY,LIMIT,1700921007272,2035,0.2184873
BIGTIMEUSDT,BUY,LIMIT,1700921032043,6186,0.2186157
BIGTIMEUSDT,BUY,LIMIT,1700921033235,11566,0.2187029
BIGTIMEUSDT,SELL,LIMIT,1700921109531,78,0.2109766
BIGTIMEUSDT,SELL,LIMIT,1700921120314,2651,0.2108402
BIGTIMEUSDT,SELL,LIMIT,1700921322825,1386,0.2106752
BIGTIMEUSDT,SELL,LIMIT,1700921324812,2483,0.2105103
BIGTIMEUSDT,SELL,LIMIT,1700921477676,740,0.2097572
BIGTIMEUSDT,SELL,LIMIT,1700921647568,22523,0.2084992
BIGTIMEUSDT,SELL,LIMIT,1700921649357,433,0.2084152
BIGTIMEUSDT,SELL,LIMIT,1700921717756,2279,0.2078923
BIGTIMEUSDT,SELL,LIMIT,1700921722486,1973,0.2078017
BIGTIMEUSDT,SELL,LIMIT,1700921729186,4009,0.2076700
BIGTIMEUSDT,SELL,LIMIT,1700921830335,8662,0.2074704
BIGTIMEUSDT,SELL,LIMIT,1700921879627,140,0.2069122
BIGTIMEUSDT,SELL,LIMIT,1700922049259,5185,0.2065763
BIGTIMEUSDT,SELL,LIMIT,1700922061235,10841,0.2062407
BIGTIMEUSDT,BUY,LIMIT,1700922151168,8850,0.2136872
BIGTIMEUSDT,BUY,LIMIT,1700922173824,251,0.2141580
BIGTIMEUSDT,BUY,LIMIT,1700922730945,670,0.2156877
BIGTIMEUSDT,BUY,LIMIT,1700922780224,97,0.2162328
BIGTIMEUSDT,BUY,LIMIT,1700923030680,41,0.2160035
BIGTIMEUSDT,SELL,LIMIT,1700923196045,1206,0.2082711
BIGTIMEUSDT,BUY,LIMIT,1700923267689,1135,0.2158779
BIGTIMEUSDT,BUY,LIMIT,1700923271368,5137,0.2161387
BIGTIMEUSDT,BUY,LIMIT,1700923442795,342,0.2165839
BIGTIMEUSDT,BUY,LIMIT,1700923566965,187,0.2169392
BIGTIMEUSDT,BUY,LIMIT,1700923649837,11690,0.2175256
BIGTIMEUSDT,SELL,LIMIT,1700923902549,1400,0.2095300
BIGTIMEUSDT,BUY,LIMIT,1700924033955,2014,0.2167457
BIGTIMEUSDT,SELL,LIMIT,1700924192470,614,0.2095125
BIGTIMEUSDT,SELL,LIMIT,1700924228798,241,0.2094161
BIGTIMEUSDT,BUY,LIMIT,1700924476058,3080,0.2168140
BIGTIMEUSDT,SELL,LIMIT,1700924546077,602,0.2092730
BIGTIMEUSDT,SELL,LIMIT,1700924872634,2244,0.2089124
BIGTIMEUSDT,SELL,LIMIT,1700924876177,3528,0.2087560
BIGTIMEUSDT,SELL,LIMIT,1700924879919,4009,0.2086146
BIGTIMEUSDT,SELL,LIMIT,1700924889476,16733,0.2085682
BIGTIMEUSDT,SELL,LIMIT,1700924895989,94,0.2083513
BIGTIMEUSDT,SELL,LIMIT,1700924914239,582,0.2081943
BIGTIMEUSDT,SELL,LIMIT,1700924921721,764,0.2079543
BIGTIMEUSDT,BUY,LIMIT,1700925066383,2367,0.2152164
BIGTIMEUSDT,SELL,LIMIT,1700925246643,1185,0.2075235
BIGTIMEUSDT,SELL,LIMIT,1700925612186,975,0.2069312
BIGTIMEUSDT,SELL,LIMIT,1700925631461,2096,0.2065405
BIGTIMEUSDT,SELL,LIMIT,1700925635166,15396,0.2065799
BIGTIMEUSDT,SELL,LIMIT,1700925650518,3757,0.2065065
BIGTIMEUSDT,SELL,LIMIT,1700925658287,6279,0.2063626
BIGTIMEUSDT,SELL,LIMIT,1700925660273,2486,0.2058998
BIGTIMEUSDT,SELL,LIMIT,1700925662115,23474,0.2057132
BIGTIMEUSDT,SELL,LIMIT,1700925663388,4842,0.2053031
BIGTIMEUSDT,SELL,LIMIT,1700925672297,113,0.2046938
BIGTIMEUSDT,BUY,LIMIT,1700926451853,448,0.2132469
BIGTIMEUSDT,BUY,LIMIT,1700926454903,295,0.2132797
BIGTIMEUSDT,BUY,LIMIT,1700926485388,24,0.2134693
BIGTIMEUSDT,BUY,LIMIT,1700926693391,600,0.2143417
BIGTIMEUSDT,BUY,LIMIT,1700926706298,372,0.2145620
BIGTIMEUSDT,BUY,LIMIT,1700926743135,201,0.2149522
BIGTIMEUSDT,BUY,LIMIT,1700926898591,3450,0.2140161
BIGTIMEUSDT,BUY,LIMIT,1700927195954,284,0.2150844
BIGTIMEUSDT,SELL,LIMIT,1700927341406,883,0.2078362
BIGTIMEUSDT,SELL,LIMIT,1700927349875,2062,0.2076275
BIGTIMEUSDT,BUY,LIMIT,1700927720212,2982,0.2146205
BIGTIMEUSDT,BUY,LIMIT,1700928069404,285,0.2155260
BIGTIMEUSDT,BUY,LIMIT,1700928070460,1030,0.2152452
BIGTIMEUSDT,SELL,LIMIT,1700928124043,35,0.2081107
BIGTIMEUSDT,SELL,LIMIT,1700928128175,1340,0.2079146
BIGTIMEUSDT,BUY,LIMIT,1700928476936,1799,0.2154435
BIGTIMEUSDT,BUY,LIMIT,1700928518425,910,0.2158378
BIGTIMEUSDT,SELL,LIMIT,1700928735277,177,0.2078661
BIGTIMEUSDT,SELL,LIMIT,1700928736278,38,0.2077527
BIGTIMEUSDT,SELL,LIMIT,1700929042779,5951,0.2074295
BIGTIMEUSDT,BUY,LIMIT,1700929424165,827,0.2150160
BIGTIMEUSDT,BUY,LIMIT,1700929619892,1320,0.2163006
BIGTIMEUSDT,BUY,LIMIT,1700929621584,13029,0.2163941
BIGTIMEUSDT,BUY,LIMIT,1700929622857,755,0.2166434
BIGTIMEUSDT,BUY,LIMIT,1700929729355,457,0.2168644
BIGTIMEUSDT,SELL,LIMIT,1700930181674,227,0.2087249
BIGTIMEUSDT,SELL,LIMIT,1700930603315,745,0.2085014
BIGTIMEUSDT,SELL,LIMIT,1700930650854,2191,0.2081989
BIGTIMEUSDT,SELL,LIMIT,1700930654190,1421,0.2080321
BIGTIMEUSDT,SELL,LIMIT,1700930679619,6868,0.2078661
BIGTIMEUSDT,SELL,LIMIT,1700930729160,173,0.2069486
BIGTIMEUSDT,BUY,LIMIT,1700931254849,10789,0.2156878
BIGTIMEUSDT,BUY,LIMIT,1700931310170,642,0.2160357
BIGTIMEUSDT,BUY,LIMIT,1700931752340,238,0.2157890
BIGTIMEUSDT,BUY,LIMIT,1700931796728,46,0.2159207
BIGTIMEUSDT,BUY,LIMIT,1700931996572,918,0.2163508
BIGTIMEUSDT,BUY,LIMIT,1700932001226,90,0.2167271
BIGTIMEUSDT,BUY,LIMIT,1700932009413,5850,0.2172097
BIGTIMEUSDT,BUY,LIMIT,1700932012131,1242,0.2172696
BIGTIMEUSDT,BUY,LIMIT,1700932014038,23647,0.2176724
BIGTIMEUSDT,BUY,LIMIT,1700932015049,443,0.2176571
BIGTIMEUSDT,BUY,LIMIT,1700932027089,4882,0.2177530
BIGTIMEUSDT,BUY,LIMIT,1700932033505,748,0.2179278
BIGTIMEUSDT,BUY,LIMIT,1700932058109,231,0.2182777
BIGTIMEUSDT,BUY,LIMIT,1700932085431,2428,0.2183897
BIGTIMEUSDT,BUY,LIMIT,1700932198152,10081,0.2191185
BIGTIMEUSDT,BUY,LIMIT,1700932201125,3721,0.2192271
BIGTIMEUSDT,SELL,LIMIT,1700932472453,4787,0.2113762
BIGTIMEUSDT,SELL,LIMIT,1700932557412,8767,0.2110388
BIGTIMEUSDT,SELL,LIMIT,1700932564539,116,0.2106451
BIGTIMEUSDT,BUY,LIMIT,1700932718654,79,0.2185324
BIGTIMEUSDT,BUY,LIMIT,1700932759334,374,0.2189510
BIGTIMEUSDT,SELL,LIMIT,1700932969167,12942,0.2109317
BIGTIMEUSDT,SELL,LIMIT,1700933021827,108,0.2107209
BIGTIMEUSDT,SELL,LIMIT,1700933065250,25,0.2105216
BIGTIMEUSDT,SELL,LIMIT,1700933072689,1131,0.2104479
BIGTIMEUSDT,BUY,LIMIT,1700933389889,577,0.2178744
BIGTIMEUSDT,BUY,LIMIT,1700933403358,113,0.2181208
BIGTIMEUSDT,BUY,LIMIT,1700933431645,376,0.2184789
BIGTIMEUSDT,BUY,LIMIT,1700933586220,961,0.2175542
BIGTIMEUSDT,BUY,LIMIT,1700933587287,286,0.2175973
BIGTIMEUSDT,SELL,LIMIT,1700933708021,1184,0.2103487
BIGTIMEUSDT,SELL,LIMIT,1700933714372,15684,0.2103458
BIGTIMEUSDT,SELL,LIMIT,1700933897769,2188,0.2101939
BIGTIMEUSDT,SELL,LIMIT,1700933968678,240,0.2095993
BIGTIMEUSDT,BUY,LIMIT,1700934447518,551,0.2172053
BIGTIMEUSDT,BUY,LIMIT,1700934783481,37,0.2176632
BIGTIMEUSDT,BUY,LIMIT,1700934832806,321,0.2182749
BIGTIMEUSDT,SELL,LIMIT,1700935120335,166,0.2110435
BIGTIMEUSDT,BUY,LIMIT,1700935249207,647,0.2187227
BIGTIMEUSDT,BUY,LIMIT,1700935259121,99,0.2192414
BIGTIMEUSDT,BUY,LIMIT,1700935261511,3776,0.2192570
BIGTIMEUSDT,BUY,LIMIT,1700935263110,791,0.2194187
BIGTIMEUSDT,SELL,LIMIT,1700935354763,338,0.2110662
BIGTIMEUSDT,SELL,LIMIT,1700935599131,420,0.2104805
BIGTIMEUSDT,SELL,LIMIT,1700935609481,465,0.2102753
BIGTIMEUSDT,SELL,LIMIT,1700935700321,54,0.2099252
BIGTIMEUSDT,SELL,LIMIT,1700935701488,585,0.2098219
BIGTIMEUSDT,BUY,LIMIT,1700936434055,1184,0.2172077
BIGTIMEUSDT,BUY,LIMIT,1700936437109,165,0.2173447
BIGTIMEUSDT,BUY,LIMIT,1700936440188,995,0.2177663
BIGTIMEUSDT,SELL,LIMIT,1700936560653,7565,0.2104729
BIGTIMEUSDT,SELL,LIMIT,1700936563616,223,0.2104542
BIGTIMEUSDT,SELL,LIMIT,1700936745429,20498,0.2102794
BIGTIMEUSDT,SELL,LIMIT,1700936925937,8538,0.2093576
BIGTIMEUSDT,BUY,LIMIT,1700937089566,54,0.2170236
BIGTIMEUSDT,BUY,LIMIT,1700937432337,19360,0.2174716
BIGTIMEUSDT,BUY,LIMIT,1700937434997,11705,0.2178292
BIGTIMEUSDT,BUY,LIMIT,1700937525405,5854,0.2181559
BIGTIMEUSDT,BUY,LIMIT,1700937551537,15236,0.2185534
BIGTIMEUSDT,BUY,LIMIT,1700937583396,3373,0.2186710
BIGTIMEUSDT,BUY,LIMIT,1700937591474,13321,0.2188325
BIGTIMEUSDT,BUY,LIMIT,1700937613932,18163,0.2189444
BIGTIMEUSDT,SELL,LIMIT,1700938254108,832,0.2113516
BIGTIMEUSDT,SELL,LIMIT,1700938259523,234,0.2112861
BIGTIMEUSDT,BUY,LIMIT,1700938474224,25,0.2178205
BIGTIMEUSDT,BUY,LIMIT,1700939292610,1538,0.2187019
BIGTIMEUSDT,BUY,LIMIT,1700939335560,711,0.2188853
BIGTIMEUSDT,BUY,LIMIT,1700939787234,4608,0.2190844
BIGTIMEUSDT,BUY,LIMIT,1700939795109,1879,0.2192839
BIGTIMEUSDT,BUY,LIMIT,1700939810401,553,0.2194983
BIGTIMEUSDT,BUY,LIMIT,1700939814071,32,0.2195587
BIGTIMEUSDT,BUY,LIMIT,1700939815172,434,0.2196771
BIGTIMEUSDT,BUY,LIMIT,1700939820457,205,0.2196892
BIGTIMEUSDT,BUY,LIMIT,1700939847412,459,0.2197528
BIGTIMEUSDT,SELL,LIMIT,1700939947067,536,0.2121469
BIGTIMEUSDT,SELL,LIMIT,1700940113195,457,0.2110554
BIGTIMEUSDT,SELL,LIMIT,1700940117390,4879,0.2109057
BIGTIMEUSDT,SELL,LIMIT,1700940199307,25,0.2106998
BIGTIMEUSDT,SELL,LIMIT,1700940255734,163,0.2104405
BIGTIMEUSDT,SELL,LIMIT,1700940259253,219,0.2103026
BIGTIMEUSDT,SELL,LIMIT,1700940264121,204,0.2101429
