Symbol,Side,Order Type,Time,Quantity,Price
BIGTIMEUSDT,BUY,LIMIT,1700990461837,2592,0.2170140
BIGTIMEUSDT,SELL,LIMIT,1700991157331,167,0.2082466
BIGTIMEUSDT,SELL,LIMIT,1700991161325,12997,0.2081843
BIGTIMEUSDT,SELL,LIMIT,1700991234332,1396,0.2076805
BIGTIMEUSDT,SELL,LIMIT,1700991236716,3751,0.2074986
BIGTIMEUSDT,SELL,LIMIT,1700991585833,470,0.2072155
BIGTIMEUSDT,SELL,LIMIT,1700991782760,147,0.2063735
BIGTIMEUSDT,BUY,LIMIT,1700994161275,203,0.2143654
BIGTIMEUSDT,BUY,LIMIT,1700994626335,2371,0.2149106
BIGTIMEUSDT,SELL,LIMIT,1700995597332,2352,0.2073142
BIGTIMEUSDT,SELL,LIMIT,1700995697395,3917,0.2067790
BIGTIMEUSDT,SELL,LIMIT,1700995718663,310,0.2066683
BIGTIMEUSDT,SELL,LIMIT,1700995916847,1093,0.2061309
BIGTIMEUSDT,SELL,LIMIT,1700995927577,2849,0.2057744
BIGTIMEUSDT,SELL,LIMIT,1700996056211,8,0.2056858
BIGTIMEUSDT,SELL,LIMIT,1700996085297,191,0.2056067
BIGTIMEUSDT,SELL,LIMIT,1700996165324,2548,0.2053842
BIGTIMEUSDT,SELL,LIMIT,1700996178757,648,0.2052163
BIGTIMEUSDT,SELL,LIMIT,1700996196790,1309,0.2051580
BIGTIMEUSDT,SELL,LIMIT,1700996327805,103,0.2059520
BIGTIMEUSDT,BUY,LIMIT,1700996636583,231,0.2129716
BIGTIMEUSDT,BUY,LIMIT,1700996697789,69,0.2137942
BIGTIMEUSDT,BUY,LIMIT,1700997363875,864,0.2138938
BIGTIMEUSDT,BUY,LIMIT,1700997400429,6763,0.2141431
BIGTIMEUSDT,BUY,LIMIT,1700997403627,198,0.2142989
BIGTIMEUSDT,BUY,LIMIT,1700998237813,305,0.2156268
BIGTIMEUSDT,SELL,LIMIT,1700998603959,1988,0.2085767
BIGTIMEUSDT,SELL,LIMIT,1700998993011,729,0.2077405
BIGTIMEUSDT,SELL,LIMIT,1700999251040,1818,0.2075756
BIGTIMEUSDT,SELL,LIMIT,1700999275632,517,0.2075564
BIGTIMEUSDT,SELL,LIMIT,1700999889455,1,0.2062184
BIGTIMEUSDT,BUY,LIMIT,1701000237656,45,0.2141373
BIGTIMEUSDT,SELL,LIMIT,1701000449875,392,0.2065546
BIGTIMEUSDT,SELL,LIMIT,1701000617109,17639,0.2055680
BIGTIMEUSDT,SELL,LIMIT,1701000650301,8088,0.2052719
BIGTIMEUSDT,BUY,LIMIT,1701001569881,2014,0.2131386
BIGTIMEUSDT,BUY,LIMIT,1701001717288,1424,0.2142826
BIGTIMEUSDT,BUY,LIMIT,1701001786064,19038,0.2147038
BIGTIMEUSDT,BUY,LIMIT,1701002588154,368,0.2151662
BIGTIMEUSDT,BUY,LIMIT,1701002699209,4528,0.2165859
BIGTIMEUSDT,BUY,LIMIT,1701002706152,2570,0.2167965
BIGTIMEUSDT,BUY,LIMIT,1701002708482,3459,0.2170160
BIGTIMEUSDT,BUY,LIMIT,1701002729064,4090,0.2177444
BIGTIMEUSDT,BUY,LIMIT,1701002734131,556,0.2179552
BIGTIMEUSDT,BUY,LIMIT,1701003720697,644,0.2174604
BIGTIMEUSDT,BUY,LIMIT,1701005018022,220,0.2178292
BIGTIMEUSDT,BUY,LIMIT,1701005575633,3339,0.2182381
BIGTIMEUSDT,BUY,LIMIT,1701005634925,31,0.2186873
BIGTIMEUSDT,BUY,LIMIT,1701005738575,960,0.2193448
BIGTIMEUSDT,BUY,LIMIT,1701005748251,444,0.2194324
BIGTIMEUSDT,BUY,LIMIT,1701005813415,258,0.2182813
BIGTIMEUSDT,BUY,LIMIT,1701006000830,2945,0.2199145
BIGTIMEUSDT,BUY,LIMIT,1701006048318,185,0.2202192
BIGTIMEUSDT,BUY,LIMIT,1701006071759,23832,0.2207332
BIGTIMEUSDT,BUY,LIMIT,1701006355071,25,0.2195060
BIGTIMEUSDT,BUY,LIMIT,1701006596708,977,0.2207264
BIGTIMEUSDT,BUY,LIMIT,1701006807161,1000,0.2217057
BIGTIMEUSDT,BUY,LIMIT,1701006816168,1057,0.2217839
BIGTIMEUSDT,BUY,LIMIT,1701006822011,1674,0.2218956
BIGTIMEUSDT,BUY,LIMIT,1701006826875,711,0.2219961
BIGTIMEUSDT,BUY,LIMIT,1701006838398,481,0.2219923
BIGTIMEUSDT,BUY,LIMIT,1701006841245,871,0.2220651
BIGTIMEUSDT,BUY,LIMIT,1701006931616,484,0.2221522
BIGTIMEUSDT,BUY,LIMIT,1701007037941,651,0.2221905
BIGTIMEUSDT,BUY,LIMIT,1701007046918,1516,0.2223182
BIGTIMEUSDT,BUY,LIMIT,1701007070025,26,0.2226299
BIGTIMEUSDT,BUY,LIMIT,1701007265739,3414,0.2228694
BIGTIMEUSDT,BUY,LIMIT,1701007467823,4567,0.2234687
BIGTIMEUSDT,BUY,LIMIT,1701007485385,165,0.2237536
BIGTIMEUSDT,BUY,LIMIT,1701007489340,41,0.2242110
BIGTIMEUSDT,BUY,LIMIT,1701007491796,1375,0.2246280
BIGTIMEUSDT,BUY,LIMIT,1701007525261,5305,0.2248260
BIGTIMEUSDT,SELL,LIMIT,1701007569534,3053,0.2172198
BIGTIMEUSDT,SELL,LIMIT,1701007620024,1092,0.2170705
BIGTIMEUSDT,BUY,LIMIT,1701007712105,16273,0.2244651
BIGTIMEUSDT,BUY,LIMIT,1701007714158,704,0.2246640
BIGTIMEUSDT,SELL,LIMIT,1701008239128,66,0.2159921
BIGTIMEUSDT,SELL,LIMIT,1701008246853,4771,0.2151938
BIGTIMEUSDT,SELL,LIMIT,1701008414355,2476,0.2141820
BIGTIMEUSDT,SELL,LIMIT,1701008429801,112,0.2137669
BIGTIMEUSDT,BUY,LIMIT,1701008445073,183,0.2203647
BIGTIMEUSDT,BUY,LIMIT,1701008556202,3372,0.2217049
BIGTIMEUSDT,BUY,LIMIT,1701008646165,116,0.2231685
BIGTIMEUSDT,BUY,LIMIT,1701008698347,824,0.2243747
BIGTIMEUSDT,BUY,LIMIT,1701008700124,1302,0.2250996
BIGTIMEUSDT,BUY,LIMIT,1701008716555,493,0.2257070
BIGTIMEUSDT,BUY,LIMIT,1701008718326,207,0.2260866
BIGTIMEUSDT,BUY,LIMIT,1701008719332,5388,0.2262427
BIGTIMEUSDT,BUY,LIMIT,1701008720840,6368,0.2264429
BIGTIMEUSDT,BUY,LIMIT,1701008737286,9343,0.2271120
BIGTIMEUSDT,BUY,LIMIT,1701008740417,1398,0.2274036
BIGTIMEUSDT,BUY,LIMIT,1701008743097,16700,0.2274685
BIGTIMEUSDT,SELL,LIMIT,1701008766778,154,0.2194231
BIGTIMEUSDT,BUY,LIMIT,1701008788332,17959,0.2276649
BIGTIMEUSDT,SELL,LIMIT,1701008944815,53,0.2189408
BIGTIMEUSDT,SELL,LIMIT,1701009015336,1278,0.2185661
BIGTIMEUSDT,SELL,LIMIT,1701009022417,38,0.2179651
BIGTIMEUSDT,SELL,LIMIT,1701009239796,440,0.2164185
BIGTIMEUSDT,SELL,LIMIT,1701009254660,150,0.2160546
BIGTIMEUSDT,SELL,LIMIT,1701009276142,8257,0.2156132
BIGTIMEUSDT,SELL,LIMIT,1701009286099,2743,0.2151953
BIGTIMEUSDT,BUY,LIMIT,1701009287150,78,0.2214509
BIGTIMEUSDT,SELL,LIMIT,1701009296976,7076,0.2145918
BIGTIMEUSDT,SELL,LIMIT,1701009901061,217,0.2140530
BIGTIMEUSDT,SELL,LIMIT,1701009906075,177,0.2137272
BIGTIMEUSDT,SELL,LIMIT,1701009907683,638,0.2133440
BIGTIMEUSDT,BUY,LIMIT,1701009991045,224,0.2217412
BIGTIMEUSDT,BUY,LIMIT,1701010040615,6408,0.2244998
BIGTIMEUSDT,SELL,LIMIT,1701010081162,232,0.2158921
BIGTIMEUSDT,SELL,LIMIT,1701010082823,3881,0.2151617
BIGTIMEUSDT,SELL,LIMIT,1701010114490,393,0.2142555
BIGTIMEUSDT,SELL,LIMIT,1701010283182,69,0.2128976
BIGTIMEUSDT,SELL,LIMIT,1701010285004,555,0.2126619
BIGTIMEUSDT,SELL,LIMIT,1701010301375,433,0.2120629
BIGTIMEUSDT,SELL,LIMIT,1701010303074,3854,0.2119875
BIGTIMEUSDT,SELL,LIMIT,1701010471329,734,0.2109998
BIGTIMEUSDT,SELL,LIMIT,1701010474085,2573,0.2106595
BIGTIMEUSDT,SELL,LIMIT,1701010479049,1573,0.2103843
BIGTIMEUSDT,SELL,LIMIT,1701010480198,2016,0.2102522
BIGTIMEUSDT,SELL,LIMIT,1701010481278,27,0.2097979
BIGTIMEUSDT,SELL,LIMIT,1701010484295,292,0.2090521
BIGTIMEUSDT,BUY,LIMIT,1701010597073,592,0.2165865
BIGTIMEUSDT,SELL,LIMIT,1701010722105,830,0.2087714
BIGTIMEUSDT,SELL,LIMIT,1701010724152,358,0.2086820
BIGTIMEUSDT,SELL,LIMIT,1701010728129,23,0.2085324
BIGTIMEUSDT,SELL,LIMIT,1701010744124,4231,0.2083296
BIGTIMEUSDT,SELL,LIMIT,1701010745314,3737,0.2082840
BIGTIMEUSDT,SELL,LIMIT,1701010747205,897,0.2081946
BIGTIMEUSDT,BUY,LIMIT,1701010998164,70,0.2171515
BIGTIMEUSDT,BUY,LIMIT,1701011956509,23507,0.2196986
BIGTIMEUSDT,SELL,LIMIT,1701012877419,696,0.2101221
BIGTIMEUSDT,SELL,LIMIT,1701012952784,2196,0.2088512
BIGTIMEUSDT,SELL,LIMIT,1701013081157,8833,0.2086641
BIGTIMEUSDT,SELL,LIMIT,1701013102368,641,0.2082995
BIGTIMEUSDT,SELL,LIMIT,1701013107892,50687,0.2071366
BIGTIMEUSDT,SELL,LIMIT,1701013250767,691,0.2077332
BIGTIMEUSDT,SELL,LIMIT,1701013265200,969,0.2074075
BIGTIMEUSDT,SELL,LIMIT,1701013269074,625,0.2073114
BIGTIMEUSDT,SELL,LIMIT,1701013272132,439,0.2070365
BIGTIMEUSDT,SELL,LIMIT,1701013275219,2105,0.2066891
BIGTIMEUSDT,SELL,LIMIT,1701013276624,274,0.2063549
BIGTIMEUSDT,SELL,LIMIT,1701013280176,3352,0.2062918
BIGTIMEUSDT,SELL,LIMIT,1701013312498,146,0.2062231
BIGTIMEUSDT,SELL,LIMIT,1701013361872,255,0.2055346
BIGTIMEUSDT,SELL,LIMIT,1701013366464,2073,0.2053783
BIGTIMEUSDT,SELL,LIMIT,1701013442551,21395,0.2049082
BIGTIMEUSDT,SELL,LIMIT,1701013447054,8,0.2047526
BIGTIMEUSDT,SELL,LIMIT,1701013449298,271,0.2046270
BIGTIMEUSDT,SELL,LIMIT,1701013451150,265,0.2045373
BIGTIMEUSDT,SELL,LIMIT,1701013480711,2397,0.2043796
BIGTIMEUSDT,SELL,LIMIT,1701013491673,1869,0.2038659
BIGTIMEUSDT,SELL,LIMIT,1701013493609,3480,0.2038243
BIGTIMEUSDT,SELL,LIMIT,1701013497264,3406,0.2037765
BIGTIMEUSDT,SELL,LIMIT,1701013508147,481,0.2034550
BIGTIMEUSDT,SELL,LIMIT,1701013509310,3766,0.2035132
BIGTIMEUSDT,SELL,LIMIT,1701013517170,77931,0.2015838
BIGTIMEUSDT,SELL,LIMIT,1701013532409,935,0.2028440
BIGTIMEUSDT,SELL,LIMIT,1701013536562,316,0.2027794
BIGTIMEUSDT,SELL,LIMIT,1701013538464,5342,0.2027695
BIGTIMEUSDT,SELL,LIMIT,1701013541407,704,0.2027131
BIGTIMEUSDT,BUY,LIMIT,1701013578487,995,0.2088057
BIGTIMEUSDT,SELL,LIMIT,1701013601785,8610,0.2024281
BIGTIMEUSDT,SELL,LIMIT,1701013638661,15686,0.2022592
BIGTIMEUSDT,SELL,LIMIT,1701013669773,932,0.2028114
BIGTIMEUSDT,SELL,LIMIT,1701013749236,700,0.2021288
BIGTIMEUSDT,SELL,LIMIT,1701013800068,1345,0.2026146
BIGTIMEUSDT,SELL,LIMIT,1701013819085,45,0.2018765
BIGTIMEUSDT,SELL,LIMIT,1701013834364,337,0.2016927
BIGTIMEUSDT,SELL,LIMIT,1701013860065,5122,0.2004271
BIGTIMEUSDT,SELL,LIMIT,1701013861094,6882,0.2011366
BIGTIMEUSDT,BUY,LIMIT,1701013881153,5838,0.2074990
BIGTIMEUSDT,SELL,LIMIT,1701013990526,83,0.2012682
BIGTIMEUSDT,SELL,LIMIT,1701013991715,1070,0.2010035
BIGTIMEUSDT,SELL,LIMIT,1701013997515,546,0.2012240
BIGTIMEUSDT,SELL,LIMIT,1701014017368,230,0.2008801
BIGTIMEUSDT,SELL,LIMIT,1701014034041,81,0.2004893
BIGTIMEUSDT,SELL,LIMIT,1701014039861,48,0.2003115
BIGTIMEUSDT,SELL,LIMIT,1701014043192,1500,0.2001393
BIGTIMEUSDT,SELL,LIMIT,1701014046285,348,0.2001131
BIGTIMEUSDT,SELL,LIMIT,1701014053502,2,0.2004306
BIGTIMEUSDT,SELL,LIMIT,1701014222451,852,0.2000548
BIGTIMEUSDT,SELL,LIMIT,1701014226542,1658,0.1999532
BIGTIMEUSDT,SELL,LIMIT,1701014228971,25,0.1998001
BIGTIMEUSDT,SELL,LIMIT,1701014231965,13786,0.1995623
BIGTIMEUSDT,SELL,LIMIT,1701014269284,28,0.1991342
BIGTIMEUSDT,SELL,LIMIT,1701014286189,60,0.1990449
BIGTIMEUSDT,SELL,LIMIT,1701014288157,3198,0.1989730
BIGTIMEUSDT,SELL,LIMIT,1701014289862,1392,0.1988755
BIGTIMEUSDT,SELL,LIMIT,1701014297565,739,0.1987714
BIGTIMEUSDT,SELL,LIMIT,1701014303825,11226,0.1985958
BIGTIMEUSDT,SELL,LIMIT,1701014306068,633,0.1984563
BIGTIMEUSDT,SELL,LIMIT,1701014307539,1604,0.1984119
BIGTIMEUSDT,BUY,LIMIT,1701014463374,990,0.2058976
BIGTIMEUSDT,BUY,LIMIT,1701014490274,3792,0.2070197
BIGTIMEUSDT,SELL,LIMIT,1701014691166,111,0.1989711
BIGTIMEUSDT,SELL,LIMIT,1701014879179,1666,0.1998955
BIGTIMEUSDT,BUY,LIMIT,1701014933342,2398,0.2039531
BIGTIMEUSDT,BUY,LIMIT,1701015313553,288,0.2079779
BIGTIMEUSDT,SELL,LIMIT,1701015536883,6564,0.2011371
BIGTIMEUSDT,SELL,LIMIT,1701015544916,2276,0.2006796
BIGTIMEUSDT,SELL,LIMIT,1701015644389,485,0.2004922
BIGTIMEUSDT,SELL,LIMIT,1701015653701,4246,0.2003121
BIGTIMEUSDT,SELL,LIMIT,1701015673493,41,0.1999503
BIGTIMEUSDT,SELL,LIMIT,1701015676161,2542,0.1994626
BIGTIMEUSDT,SELL,LIMIT,1701015683845,1402,0.1996253
BIGTIMEUSDT,SELL,LIMIT,1701015685003,94,0.1995071
BIGTIMEUSDT,SELL,LIMIT,1701015747802,872,0.1992372
BIGTIMEUSDT,SELL,LIMIT,1701015756065,28,0.1990106
BIGTIMEUSDT,SELL,LIMIT,1701015840311,1973,0.1983290
BIGTIMEUSDT,SELL,LIMIT,1701015845077,5780,0.1978033
BIGTIMEUSDT,SELL,LIMIT,1701015885511,943,0.1976804
BIGTIMEUSDT,SELL,LIMIT,1701015887823,47907,0.1965262
BIGTIMEUSDT,SELL,LIMIT,1701015906495,3651,0.1976236
BIGTIMEUSDT,SELL,LIMIT,1701015908880,3299,0.1975175
BIGTIMEUSDT,SELL,LIMIT,1701016011423,772,0.1974532
BIGTIMEUSDT,SELL,LIMIT,1701016013515,408,0.1971767
BIGTIMEUSDT,SELL,LIMIT,1701016016665,34916,0.1965022
BIGTIMEUSDT,SELL,LIMIT,1701016017664,1049,0.1962465
BIGTIMEUSDT,SELL,LIMIT,1701016019065,12451,0.1960807
BIGTIMEUSDT,SELL,LIMIT,1701016020075,303,0.1958205
BIGTIMEUSDT,SELL,LIMIT,1701016024098,98,0.1954734
BIGTIMEUSDT,SELL,LIMIT,1701016025216,106,0.1951017
BIGTIMEUSDT,SELL,LIMIT,1701016026308,1805,0.1948407
BIGTIMEUSDT,SELL,LIMIT,1701016027792,5326,0.1947226
BIGTIMEUSDT,SELL,LIMIT,1701016028742,201,0.1935881
BIGTIMEUSDT,SELL,LIMIT,1701016032470,11258,0.1934632
BIGTIMEUSDT,SELL,LIMIT,1701016034302,508,0.1948858
BIGTIMEUSDT,SELL,LIMIT,1701016035507,555,0.1940438
BIGTIMEUSDT,SELL,LIMIT,1701016043070,147,0.1936183
BIGTIMEUSDT,SELL,LIMIT,1701016044276,2258,0.1942296
BIGTIMEUSDT,SELL,LIMIT,1701016045474,7374,0.1957144
BIGTIMEUSDT,SELL,LIMIT,1701016047678,95,0.1933621
BIGTIMEUSDT,SELL,LIMIT,1701016050162,139,0.1933500
BIGTIMEUSDT,SELL,LIMIT,1701016052663,1865,0.1929260
BIGTIMEUSDT,SELL,LIMIT,1701016089190,5515,0.1935788
BIGTIMEUSDT,SELL,LIMIT,1701016100060,506,0.1934389
BIGTIMEUSDT,SELL,LIMIT,1701016101659,15000,0.1930824
BIGTIMEUSDT,SELL,LIMIT,1701016102719,1055,0.1935498
BIGTIMEUSDT,BUY,LIMIT,1701016115924,720,0.1998270
BIGTIMEUSDT,BUY,LIMIT,1701016165538,55,0.2010939
BIGTIMEUSDT,BUY,LIMIT,1701016629443,5184,0.2006505
BIGTIMEUSDT,SELL,LIMIT,1701016784829,3524,0.1945780
BIGTIMEUSDT,SELL,LIMIT,1701016838422,3203,0.1937024
BIGTIMEUSDT,SELL,LIMIT,1701017288570,6309,0.1939889
BIGTIMEUSDT,BUY,LIMIT,1701017834639,4977,0.2022903
BIGTIMEUSDT,BUY,LIMIT,1701018241255,15205,0.2025091
BIGTIMEUSDT,BUY,LIMIT,1701018275235,2274,0.2029104
BIGTIMEUSDT,BUY,LIMIT,1701018757146,150,0.2039570
BIGTIMEUSDT,BUY,LIMIT,1701018776625,7878,0.2042515
BIGTIMEUSDT,BUY,LIMIT,1701018911871,5500,0.2049600
BIGTIMEUSDT,BUY,LIMIT,1701018930145,2728,0.2051203
BIGTIMEUSDT,BUY,LIMIT,1701018984577,334,0.2061223
BIGTIMEUSDT,BUY,LIMIT,1701018986112,190,0.2064283
BIGTIMEUSDT,BUY,LIMIT,1701018987674,544,0.2068576
BIGTIMEUSDT,BUY,LIMIT,1701019291474,937,0.2078514
BIGTIMEUSDT,SELL,LIMIT,1701020784461,11458,0.1987998
BIGTIMEUSDT,BUY,LIMIT,1701020831657,126,0.2056331
BIGTIMEUSDT,SELL,LIMIT,1701022095133,40,0.2012492
BIGTIMEUSDT,SELL,LIMIT,1701022099970,1128,0.2008623
BIGTIMEUSDT,BUY,LIMIT,1701023630193,511,0.2078819
BIGTIMEUSDT,SELL,LIMIT,1701024561278,856,0.2014711
BIGTIMEUSDT,BUY,LIMIT,1701027470930,7996,0.2102316
BIGTIMEUSDT,BUY,LIMIT,1701027867187,87,0.2110830
BIGTIMEUSDT,BUY,LIMIT,1701028914400,466,0.2115308
BIGTIMEUSDT,SELL,LIMIT,1701032684399,2602,0.2025088
BIGTIMEUSDT,BUY,LIMIT,1701033980547,251,0.2099314
BIGTIMEUSDT,BUY,LIMIT,1701034437919,80,0.2110345
BIGTIMEUSDT,BUY,LIMIT,1701036377581,112,0.2093517
BIGTIMEUSDT,BUY,LIMIT,1701038876558,1246,0.2106095
BIGTIMEUSDT,SELL,LIMIT,1701040056287,2000,0.2032808
BIGTIMEUSDT,SELL,LIMIT,1701043550261,268,0.2031492
BIGTIMEUSDT,BUY,LIMIT,1701044743734,98,0.2116336
BIGTIMEUSDT,BUY,LIMIT,1701044754328,395,0.2121237
BIGTIMEUSDT,BUY,LIMIT,1701044756048,257,0.2124874
BIGTIMEUSDT,BUY,LIMIT,1701044760773,60,0.2127979
BIGTIMEUSDT,BUY,LIMIT,1701044867280,212,0.2128880
BIGTIMEUSDT,BUY,LIMIT,1701044887844,1587,0.2130927
BIGTIMEUSDT,BUY,LIMIT,1701044891831,1444,0.2131930
BIGTIMEUSDT,BUY,LIMIT,1701044944438,1102,0.2136294
BIGTIMEUSDT,BUY,LIMIT,1701044947376,2025,0.2144308
BIGTIMEUSDT,BUY,LIMIT,1701044951362,4431,0.2144959
BIGTIMEUSDT,BUY,LIMIT,1701045386716,6510,0.2160488
BIGTIMEUSDT,SELL,LIMIT,1701045805467,4215,0.2098247
BIGTIMEUSDT,BUY,LIMIT,1701045877515,327,0.2161394
BIGTIMEUSDT,BUY,LIMIT,1701045893151,1892,0.2164176
BIGTIMEUSDT,BUY,LIMIT,1701045895075,1728,0.2169452
BIGTIMEUSDT,BUY,LIMIT,1701045908568,4826,0.2174805
BIGTIMEUSDT,BUY,LIMIT,1701045993083,5947,0.2186415
BIGTIMEUSDT,BUY,LIMIT,1701046102996,3787,0.2189738
BIGTIMEUSDT,BUY,LIMIT,1701046327154,25201,0.2200744
BIGTIMEUSDT,BUY,LIMIT,1701046340668,32,0.2215739
BIGTIMEUSDT,BUY,LIMIT,1701046384441,29,0.2220293
BIGTIMEUSDT,BUY,LIMIT,1701046385983,7070,0.2230936
BIGTIMEUSDT,BUY,LIMIT,1701046395262,632,0.2235737
BIGTIMEUSDT,BUY,LIMIT,1701046396355,4318,0.2233896
BIGTIMEUSDT,BUY,LIMIT,1701046430433,507,0.2239980
BIGTIMEUSDT,BUY,LIMIT,1701046448850,5543,0.2249858
BIGTIMEUSDT,BUY,LIMIT,1701046466534,2273,0.2244204
BIGTIMEUSDT,BUY,LIMIT,1701046485036,6249,0.2256115
BIGTIMEUSDT,BUY,LIMIT,1701046553285,1815,0.2266199
BIGTIMEUSDT,BUY,LIMIT,1701046567056,681,0.2272734
BIGTIMEUSDT,BUY,LIMIT,1701046568072,1476,0.2279394
BIGTIMEUSDT,BUY,LIMIT,1701046576239,691,0.2278548
BIGTIMEUSDT,BUY,LIMIT,1701046831926,245,0.2279881
BIGTIMEUSDT,BUY,LIMIT,1701046842199,115,0.2281346
BIGTIMEUSDT,BUY,LIMIT,1701046850198,776,0.2284813
BIGTIMEUSDT,BUY,LIMIT,1701046855635,5662,0.2291203
BIGTIMEUSDT,BUY,LIMIT,1701046857213,132,0.2293197
BIGTIMEUSDT,BUY,LIMIT,1701046859192,2,0.2294832
BIGTIMEUSDT,BUY,LIMIT,1701046861106,2139,0.2299544
BIGTIMEUSDT,BUY,LIMIT,1701046862455,745,0.2305637
BIGTIMEUSDT,BUY,LIMIT,1701046865995,4928,0.2307244
BIGTIMEUSDT,BUY,LIMIT,1701046867270,1124,0.2313546
BIGTIMEUSDT,BUY,LIMIT,1701046869140,50088,0.2332684
BIGTIMEUSDT,BUY,LIMIT,1701046878476,2670,0.2324155
BIGTIMEUSDT,SELL,LIMIT,1701046910405,1058,0.2241781
BIGTIMEUSDT,SELL,LIMIT,1701047036222,1655,0.2239608
BIGTIMEUSDT,SELL,LIMIT,1701047349586,923,0.2225672
BIGTIMEUSDT,BUY,LIMIT,1701047643854,12042,0.2318125
BIGTIMEUSDT,SELL,LIMIT,1701047809258,2197,0.2230639
BIGTIMEUSDT,SELL,LIMIT,1701048297309,917,0.2212313
BIGTIMEUSDT,SELL,LIMIT,1701048325731,25,0.2202240
BIGTIMEUSDT,SELL,LIMIT,1701048353427,171,0.2195649
BIGTIMEUSDT,SELL,LIMIT,1701048364092,440,0.2189463
BIGTIMEUSDT,BUY,LIMIT,1701048572165,8602,0.2277221
BIGTIMEUSDT,BUY,LIMIT,1701048595091,22341,0.2282312
BIGTIMEUSDT,BUY,LIMIT,1701048606783,1240,0.2301997
BIGTIMEUSDT,BUY,LIMIT,1701048614355,179,0.2306444
BIGTIMEUSDT,BUY,LIMIT,1701048930141,18738,0.2297522
BIGTIMEUSDT,BUY,LIMIT,1701048936000,129,0.2303570
BIGTIMEUSDT,BUY,LIMIT,1701048937276,1002,0.2309988
BIGTIMEUSDT,BUY,LIMIT,1701048939821,11511,0.2311954
BIGTIMEUSDT,BUY,LIMIT,1701048946693,618,0.2325398
BIGTIMEUSDT,BUY,LIMIT,1701048951189,1080,0.2328314
BIGTIMEUSDT,BUY,LIMIT,1701048952200,1919,0.2329890
BIGTIMEUSDT,BUY,LIMIT,1701048953694,1140,0.2332566
BIGTIMEUSDT,BUY,LIMIT,1701049063514,3001,0.2329568
BIGTIMEUSDT,BUY,LIMIT,1701049205710,683,0.2331426
BIGTIMEUSDT,BUY,LIMIT,1701049206756,13824,0.2335856
BIGTIMEUSDT,BUY,LIMIT,1701049207768,1101,0.2350712
BIGTIMEUSDT,BUY,LIMIT,1701049211583,604,0.2352468
BIGTIMEUSDT,BUY,LIMIT,1701049215489,658,0.2355075
BIGTIMEUSDT,BUY,LIMIT,1701049216497,10231,0.2358463
BIGTIMEUSDT,BUY,LIMIT,1701049239089,46,0.2366322
BIGTIMEUSDT,BUY,LIMIT,1701049240115,1059,0.2360269
BIGTIMEUSDT,BUY,LIMIT,1701049241443,340,0.2371466
BIGTIMEUSDT,BUY,LIMIT,1701049243108,342,0.2386002
BIGTIMEUSDT,BUY,LIMIT,1701049244124,60,0.2394391
BIGTIMEUSDT,BUY,LIMIT,1701049245137,235,0.2394327
BIGTIMEUSDT,BUY,LIMIT,1701049246179,3000,0.2396784
BIGTIMEUSDT,BUY,LIMIT,1701049247188,84,0.2399116
BIGTIMEUSDT,SELL,LIMIT,1701049272275,1075,0.2304541
BIGTIMEUSDT,SELL,LIMIT,1701049381572,74,0.2302265
BIGTIMEUSDT,BUY,LIMIT,1701049434836,1311,0.2345791
BIGTIMEUSDT,BUY,LIMIT,1701049565840,8328,0.2365457
BIGTIMEUSDT,BUY,LIMIT,1701049568330,56,0.2367279
BIGTIMEUSDT,BUY,LIMIT,1701049655257,1393,0.2383596
BIGTIMEUSDT,BUY,LIMIT,1701049809480,2343,0.2398492
BIGTIMEUSDT,BUY,LIMIT,1701049816705,4384,0.2401322
BIGTIMEUSDT,BUY,LIMIT,1701049818447,625,0.2402709
BIGTIMEUSDT,SELL,LIMIT,1701049864320,2169,0.2305157
BIGTIMEUSDT,SELL,LIMIT,1701049992974,1068,0.2291459
BIGTIMEUSDT,SELL,LIMIT,1701050261187,22,0.2283952
BIGTIMEUSDT,SELL,LIMIT,1701050278934,2151,0.2273564
BIGTIMEUSDT,BUY,LIMIT,1701050459354,12506,0.2358967
BIGTIMEUSDT,SELL,LIMIT,1701050521705,943,0.2276722
BIGTIMEUSDT,BUY,LIMIT,1701050803308,1665,0.2355045
BIGTIMEUSDT,SELL,LIMIT,1701051389684,84566,0.2247075
BIGTIMEUSDT,BUY,LIMIT,1701051522614,2301,0.2335110
BIGTIMEUSDT,BUY,LIMIT,1701051524161,92,0.2338958
BIGTIMEUSDT,SELL,LIMIT,1701051616345,26,0.2249560
BIGTIMEUSDT,SELL,LIMIT,1701051641850,10041,0.2247245
BIGTIMEUSDT,SELL,LIMIT,1701051643348,912,0.2246601
BIGTIMEUSDT,BUY,LIMIT,1701051709079,210,0.2320362
BIGTIMEUSDT,SELL,LIMIT,1701051912132,22,0.2248101
BIGTIMEUSDT,SELL,LIMIT,1701051913150,461,0.2241904
BIGTIMEUSDT,SELL,LIMIT,1701051915436,172,0.2233666
BIGTIMEUSDT,SELL,LIMIT,1701051919158,2108,0.2226325
BIGTIMEUSDT,SELL,LIMIT,1701051922088,230,0.2225576
BIGTIMEUSDT,SELL,LIMIT,1701051925119,526,0.2219666
BIGTIMEUSDT,SELL,LIMIT,1701051929270,7023,0.2212067
BIGTIMEUSDT,BUY,LIMIT,1701052617039,1497,0.2323214
BIGTIMEUSDT,SELL,LIMIT,1701052955296,1766,0.2250726
BIGTIMEUSDT,BUY,LIMIT,1701053069092,7341,0.2326753
BIGTIMEUSDT,BUY,LIMIT,1701053123677,150,0.2345540
BIGTIMEUSDT,SELL,LIMIT,1701053360448,2102,0.2256179
BIGTIMEUSDT,SELL,LIMIT,1701054015076,13,0.2234381
BIGTIMEUSDT,SELL,LIMIT,1701054073259,21638,0.2229431
BIGTIMEUSDT,SELL,LIMIT,1701054075689,1567,0.2227553
BIGTIMEUSDT,SELL,LIMIT,1701054722558,4122,0.2225735
BIGTIMEUSDT,SELL,LIMIT,1701054743210,1000,0.2212879
BIGTIMEUSDT,BUY,LIMIT,1701054874449,1034,0.2316120
BIGTIMEUSDT,BUY,LIMIT,1701055038746,2306,0.2310140
BIGTIMEUSDT,SELL,LIMIT,1701055117800,169,0.2233199
BIGTIMEUSDT,SELL,LIMIT,1701055180568,638,0.2230403
BIGTIMEUSDT,SELL,LIMIT,1701055334096,5243,0.2215348
BIGTIMEUSDT,SELL,LIMIT,1701055442027,751,0.2211735
BIGTIMEUSDT,SELL,LIMIT,1701055453096,769,0.2205129
BIGTIMEUSDT,SELL,LIMIT,1701055477858,439,0.2201476
BIGTIMEUSDT,SELL,LIMIT,1701055478896,2199,0.2200655
BIGTIMEUSDT,SELL,LIMIT,1701055479956,392,0.2199883
BIGTIMEUSDT,BUY,LIMIT,1701055496268,7697,0.2263705
BIGTIMEUSDT,SELL,LIMIT,1701055706590,34,0.2177130
BIGTIMEUSDT,SELL,LIMIT,1701055747325,146,0.2175343
BIGTIMEUSDT,SELL,LIMIT,1701056055472,4891,0.2175207
BIGTIMEUSDT,SELL,LIMIT,1701056069545,8064,0.2169744
BIGTIMEUSDT,SELL,LIMIT,1701056070648,87,0.2162718
BIGTIMEUSDT,SELL,LIMIT,1701056072256,1367,0.2161315
BIGTIMEUSDT,SELL,LIMIT,1701056101839,1126,0.2167899
BIGTIMEUSDT,BUY,LIMIT,1701056376199,1130,0.2255797
BIGTIMEUSDT,BUY,LIMIT,1701056622751,1817,0.2266348
BIGTIMEUSDT,SELL,LIMIT,1701057015881,3560,0.2190746
BIGTIMEUSDT,SELL,LIMIT,1701057018682,224,0.2183575
BIGTIMEUSDT,BUY,LIMIT,1701057358876,156,0.2268251
BIGTIMEUSDT,BUY,LIMIT,1701057606435,3143,0.2269785
BIGTIMEUSDT,SELL,LIMIT,1701057731841,838,0.2191419
BIGTIMEUSDT,SELL,LIMIT,1701058051158,55,0.2192389
BIGTIMEUSDT,SELL,LIMIT,1701058584237,196,0.2191366
BIGTIMEUSDT,BUY,LIMIT,1701059582289,1801,0.2263894
BIGTIMEUSDT,BUY,LIMIT,1701059592704,269,0.2268499
BIGTIMEUSDT,BUY,LIMIT,1701059628192,28,0.2279347
BIGTIMEUSDT,SELL,LIMIT,1701060110320,606,0.2203272
BIGTIMEUSDT,SELL,LIMIT,1701060137404,294,0.2200550
BIGTIMEUSDT,SELL,LIMIT,1701060258586,111,0.2195649
BIGTIMEUSDT,SELL,LIMIT,1701060355018,635,0.2185638
BIGTIMEUSDT,SELL,LIMIT,1701060561006,457,0.2171715
BIGTIMEUSDT,BUY,LIMIT,1701060679525,162,0.2250536
BIGTIMEUSDT,BUY,LIMIT,1701061111030,1448,0.2260027
BIGTIMEUSDT,BUY,LIMIT,1701061265794,1633,0.2269361
BIGTIMEUSDT,SELL,LIMIT,1701062602202,34,0.2164277
BIGTIMEUSDT,SELL,LIMIT,1701062733343,6052,0.2158714
BIGTIMEUSDT,SELL,LIMIT,1701062745235,306,0.2157936
BIGTIMEUSDT,SELL,LIMIT,1701062756044,25098,0.2152696
BIGTIMEUSDT,SELL,LIMIT,1701062790519,278,0.2152515
BIGTIMEUSDT,SELL,LIMIT,1701062804161,5671,0.2147407
BIGTIMEUSDT,SELL,LIMIT,1701062806471,965,0.2142061
BIGTIMEUSDT,SELL,LIMIT,1701062969598,8240,0.2138306
BIGTIMEUSDT,SELL,LIMIT,1701062970869,15360,0.2134032
BIGTIMEUSDT,SELL,LIMIT,1701062972049,269,0.2132495
BIGTIMEUSDT,SELL,LIMIT,1701063013333,4824,0.2131209
BIGTIMEUSDT,SELL,LIMIT,1701063026542,4239,0.2129438
BIGTIMEUSDT,SELL,LIMIT,1701063163504,2014,0.2117802
BIGTIMEUSDT,SELL,LIMIT,1701063178299,50,0.2116605
BIGTIMEUSDT,SELL,LIMIT,1701063347358,144,0.2116964
BIGTIMEUSDT,BUY,LIMIT,1701063621880,184,0.2205749
BIGTIMEUSDT,BUY,LIMIT,1701063922365,69,0.2223062
BIGTIMEUSDT,BUY,LIMIT,1701063984985,2283,0.2231685
