Symbol,Side,Order Type,Time,Quantity,Price
BLURUSDT,SELL,LIMIT,1701917189164,400,0.4892125
BLURUSDT,SELL,LIMIT,1701918290436,95,0.4850179
BLURUSDT,SELL,LIMIT,1701918416795,62,0.4844470
BLURUSDT,SELL,LIMIT,1701918497204,35,0.4833891
BLURUSDT,SELL,LIMIT,1701918502445,253,0.4832731
BLURUSDT,SELL,LIMIT,1701918504094,95,0.4825971
BLURUSDT,SELL,LIMIT,1701918505117,93,0.4819692
BLURUSDT,SELL,LIMIT,1701918506826,194,0.4804883
BLURUSDT,SELL,LIMIT,1701918532813,201,0.4804813
BLURUSDT,SELL,LIMIT,1701918535463,1186,0.4802782
BLURUSDT,SELL,LIMIT,1701918541113,3000,0.4797596
BLURUSDT,SELL,LIMIT,1701918542183,984,0.4798098
BLURUSDT,SELL,LIMIT,1701918556524,81,0.4796616
BLURUSDT,SELL,LIMIT,1701918569524,36,0.4795624
BLURUSDT,SELL,LIMIT,1701918647460,55,0.4797212
BLURUSDT,SELL,LIMIT,1701918651498,800,0.4793373
BLURUSDT,SELL,LIMIT,1701918653198,192,0.4792149
BLURUSDT,BUY,LIMIT,1701922077176,286,0.5011737
BLURUSDT,BUY,LIMIT,1701923623071,40,0.5005431
BLURUSDT,BUY,LIMIT,1701923672213,1126,0.5029079
BLURUSDT,BUY,LIMIT,1701923754750,10121,0.5039828
BLURUSDT,BUY,LIMIT,1701923850277,795,0.5048137
BLURUSDT,SELL,LIMIT,1701925046244,19,0.4884404
BLURUSDT,SELL,LIMIT,1701925130577,32,0.4875822
BLURUSDT,SELL,LIMIT,1701928296509,50,0.4864734
BLURUSDT,SELL,LIMIT,1701929073379,876,0.4851407
BLURUSDT,SELL,LIMIT,1701929147045,1963,0.4846824
BLURUSDT,SELL,LIMIT,1701929195556,141,0.4834876
BLURUSDT,SELL,LIMIT,1701929863385,84,0.4872250
BLURUSDT,SELL,LIMIT,1701931548758,7503,0.4824543
BLURUSDT,SELL,LIMIT,1701931586505,4779,0.4816082
BLURUSDT,SELL,LIMIT,1701931829246,98,0.4814681
BLURUSDT,SELL,LIMIT,1701933285250,503,0.4798715
BLURUSDT,SELL,LIMIT,1701934417307,10199,0.4791294
BLURUSDT,SELL,LIMIT,1701934423257,2813,0.4789875
BLURUSDT,SELL,LIMIT,1701934456211,2821,0.4788920
BLURUSDT,SELL,LIMIT,1701934460838,1662,0.4788094
BLURUSDT,SELL,LIMIT,1701934468136,378,0.4786577
BLURUSDT,SELL,LIMIT,1701934510385,98,0.4786083
BLURUSDT,SELL,LIMIT,1701935927231,509,0.4784618
BLURUSDT,BUY,LIMIT,1701936368604,1878,0.4957598
BLURUSDT,SELL,LIMIT,1701936855595,424,0.4795540
BLURUSDT,SELL,LIMIT,1701936912951,383,0.4782068
BLURUSDT,SELL,LIMIT,1701936914414,70,0.4779794
BLURUSDT,SELL,LIMIT,1701936915678,886,0.4777857
BLURUSDT,SELL,LIMIT,1701936918727,1572,0.4777776
BLURUSDT,SELL,LIMIT,1701936922455,279,0.4776224
BLURUSDT,SELL,LIMIT,1701936923489,7532,0.4774182
BLURUSDT,SELL,LIMIT,1701936924992,17640,0.4761404
BLURUSDT,SELL,LIMIT,1701936936868,8515,0.4770656
BLURUSDT,SELL,LIMIT,1701936943158,130,0.4766932
BLURUSDT,SELL,LIMIT,1701936944883,121,0.4764885
BLURUSDT,SELL,LIMIT,1701936966276,357,0.4763412
BLURUSDT,SELL,LIMIT,1701936973815,8941,0.4761104
BLURUSDT,SELL,LIMIT,1701936977186,1100,0.4760141
BLURUSDT,BUY,LIMIT,1701937094310,21,0.4941105
BLURUSDT,SELL,LIMIT,1701937399017,25,0.4759364
BLURUSDT,SELL,LIMIT,1701937749104,167,0.4758161
BLURUSDT,SELL,LIMIT,1701937760067,26,0.4756858
BLURUSDT,SELL,LIMIT,1701937761713,715,0.4754736
BLURUSDT,SELL,LIMIT,1701937763520,978,0.4753633
BLURUSDT,SELL,LIMIT,1701937820250,186,0.4752089
BLURUSDT,SELL,LIMIT,1701937821294,1845,0.4752196
BLURUSDT,SELL,LIMIT,1701937822743,11409,0.4748554
BLURUSDT,SELL,LIMIT,1701937838711,948,0.4747680
BLURUSDT,SELL,LIMIT,1701937926108,188,0.4754853
BLURUSDT,SELL,LIMIT,1701939091255,483,0.4747543
BLURUSDT,SELL,LIMIT,1701939112482,10000,0.4744871
BLURUSDT,SELL,LIMIT,1701939114118,86,0.4744644
BLURUSDT,SELL,LIMIT,1701939131425,6007,0.4742110
BLURUSDT,SELL,LIMIT,1701939339314,1968,0.4740939
BLURUSDT,SELL,LIMIT,1701939342807,360,0.4739909
BLURUSDT,SELL,LIMIT,1701939344527,252,0.4739228
BLURUSDT,SELL,LIMIT,1701939347373,4631,0.4737380
BLURUSDT,SELL,LIMIT,1701939358331,1712,0.4736998
BLURUSDT,SELL,LIMIT,1701939377678,1898,0.4735320
BLURUSDT,SELL,LIMIT,1701939397197,133,0.4734098
BLURUSDT,SELL,LIMIT,1701939402074,352,0.4734275
BLURUSDT,SELL,LIMIT,1701939472483,1235,0.4731533
BLURUSDT,SELL,LIMIT,1701939474458,300,0.4731643
BLURUSDT,SELL,LIMIT,1701939568987,528,0.4731472
BLURUSDT,SELL,LIMIT,1701939572195,472,0.4730440
BLURUSDT,SELL,LIMIT,1701939846941,355,0.4734896
BLURUSDT,SELL,LIMIT,1701939956072,205,0.4729040
BLURUSDT,SELL,LIMIT,1701939957319,37,0.4726314
BLURUSDT,SELL,LIMIT,1701939959551,987,0.4721321
BLURUSDT,SELL,LIMIT,1701939960687,18255,0.4710272
BLURUSDT,SELL,LIMIT,1701939966929,300,0.4719370
BLURUSDT,SELL,LIMIT,1701939974064,4320,0.4717237
BLURUSDT,SELL,LIMIT,1701939976050,85,0.4715671
BLURUSDT,SELL,LIMIT,1701939977166,324,0.4714683
BLURUSDT,SELL,LIMIT,1701939978176,130,0.4708465
BLURUSDT,SELL,LIMIT,1701939991123,10000,0.4707471
BLURUSDT,SELL,LIMIT,1701939993805,457,0.4706785
BLURUSDT,SELL,LIMIT,1701939994938,2295,0.4705006
BLURUSDT,SELL,LIMIT,1701939999129,204,0.4703801
BLURUSDT,SELL,LIMIT,1701940000794,28,0.4703126
BLURUSDT,SELL,LIMIT,1701940004371,263,0.4703077
BLURUSDT,SELL,LIMIT,1701940009119,26,0.4702077
BLURUSDT,SELL,LIMIT,1701940012175,13115,0.4694469
BLURUSDT,SELL,LIMIT,1701940015221,517,0.4697746
BLURUSDT,SELL,LIMIT,1701940023166,33422,0.4679823
BLURUSDT,SELL,LIMIT,1701940024212,4787,0.4696309
BLURUSDT,SELL,LIMIT,1701940516310,118,0.4696183
BLURUSDT,SELL,LIMIT,1701940520727,6702,0.4695406
BLURUSDT,SELL,LIMIT,1701940522866,7683,0.4692118
BLURUSDT,SELL,LIMIT,1701940524505,274,0.4691771
BLURUSDT,SELL,LIMIT,1701940533333,458,0.4690214
BLURUSDT,SELL,LIMIT,1701940539803,3125,0.4687713
BLURUSDT,SELL,LIMIT,1701940551638,2713,0.4685869
BLURUSDT,SELL,LIMIT,1701940554091,17,0.4685323
BLURUSDT,SELL,LIMIT,1701940555227,105,0.4683971
BLURUSDT,SELL,LIMIT,1701940556369,1294,0.4684551
BLURUSDT,SELL,LIMIT,1701940558114,1650,0.4680194
BLURUSDT,SELL,LIMIT,1701940561232,30,0.4679170
BLURUSDT,SELL,LIMIT,1701940562358,100,0.4679599
BLURUSDT,SELL,LIMIT,1701940563767,384,0.4675811
BLURUSDT,SELL,LIMIT,1701940564852,3295,0.4675194
BLURUSDT,SELL,LIMIT,1701940566665,35,0.4672724
BLURUSDT,SELL,LIMIT,1701940568598,15901,0.4661923
BLURUSDT,SELL,LIMIT,1701940570387,5839,0.4669027
BLURUSDT,SELL,LIMIT,1701941048455,1957,0.4671588
BLURUSDT,SELL,LIMIT,1701941070303,920,0.4668154
BLURUSDT,SELL,LIMIT,1701941072123,346,0.4665171
BLURUSDT,SELL,LIMIT,1701941073578,821,0.4665037
BLURUSDT,SELL,LIMIT,1701941111433,84,0.4666208
BLURUSDT,SELL,LIMIT,1701941146709,10,0.4665676
BLURUSDT,SELL,LIMIT,1701941151143,10,0.4660728
BLURUSDT,SELL,LIMIT,1701941153171,15,0.4659598
BLURUSDT,SELL,LIMIT,1701941154291,261,0.4658786
BLURUSDT,SELL,LIMIT,1701941166854,18435,0.4646093
BLURUSDT,SELL,LIMIT,1701941173368,940,0.4653776
BLURUSDT,BUY,LIMIT,1701941174582,281,0.4768646
BLURUSDT,SELL,LIMIT,1701941176063,282,0.4649997
BLURUSDT,SELL,LIMIT,1701941177477,1051,0.4648556
BLURUSDT,SELL,LIMIT,1701941179307,648,0.4650847
BLURUSDT,SELL,LIMIT,1701941180451,352,0.4644407
BLURUSDT,SELL,LIMIT,1701941183101,704,0.4643150
BLURUSDT,SELL,LIMIT,1701941184353,344,0.4642619
BLURUSDT,SELL,LIMIT,1701941186251,88,0.4641200
BLURUSDT,SELL,LIMIT,1701941187329,734,0.4639988
BLURUSDT,SELL,LIMIT,1701941188463,50,0.4640214
BLURUSDT,SELL,LIMIT,1701941190075,409,0.4639364
BLURUSDT,SELL,LIMIT,1701941192236,2313,0.4637099
BLURUSDT,SELL,LIMIT,1701941193326,64000,0.4613120
BLURUSDT,SELL,LIMIT,1701941195271,8223,0.4636705
BLURUSDT,SELL,LIMIT,1701941208202,54,0.4653145
BLURUSDT,SELL,LIMIT,1701941225670,5000,0.4636991
BLURUSDT,SELL,LIMIT,1701941233088,11484,0.4633730
BLURUSDT,SELL,LIMIT,1701941235518,84,0.4630436
BLURUSDT,SELL,LIMIT,1701941236534,2372,0.4632188
BLURUSDT,SELL,LIMIT,1701941237560,27893,0.4617382
BLURUSDT,SELL,LIMIT,1701941241442,528,0.4626888
BLURUSDT,SELL,LIMIT,1701941243153,459,0.4626110
BLURUSDT,SELL,LIMIT,1701941244335,345,0.4625202
BLURUSDT,SELL,LIMIT,1701941245646,7127,0.4621719
BLURUSDT,SELL,LIMIT,1701941246712,1227,0.4619664
BLURUSDT,SELL,LIMIT,1701941248171,530,0.4612885
BLURUSDT,SELL,LIMIT,1701941249194,1418,0.4612201
BLURUSDT,SELL,LIMIT,1701941254979,72,0.4607611
BLURUSDT,SELL,LIMIT,1701941256145,32194,0.4584604
BLURUSDT,SELL,LIMIT,1701941257156,466,0.4599954
BLURUSDT,BUY,LIMIT,1701941259070,295,0.4749284
BLURUSDT,BUY,LIMIT,1701941696963,1620,0.4833449
BLURUSDT,BUY,LIMIT,1701941767932,1,0.4841851
BLURUSDT,BUY,LIMIT,1701942104528,1061,0.4785220
BLURUSDT,BUY,LIMIT,1701942408275,2118,0.4849178
BLURUSDT,SELL,LIMIT,1701943620195,5234,0.4681437
BLURUSDT,SELL,LIMIT,1701944367767,1476,0.4675506
BLURUSDT,BUY,LIMIT,1701945233062,269,0.4859648
BLURUSDT,SELL,LIMIT,1701945492358,388,0.4718639
BLURUSDT,SELL,LIMIT,1701946874861,19,0.4696799
BLURUSDT,BUY,LIMIT,1701951324769,419,0.4868287
BLURUSDT,SELL,LIMIT,1701951570140,7186,0.4708362
BLURUSDT,BUY,LIMIT,1701952288236,4485,0.4858033
BLURUSDT,BUY,LIMIT,1701952917146,438,0.4883165
BLURUSDT,BUY,LIMIT,1701952937092,10434,0.4885839
BLURUSDT,BUY,LIMIT,1701953057776,8456,0.4913487
BLURUSDT,SELL,LIMIT,1701954658980,1370,0.4722042
BLURUSDT,SELL,LIMIT,1701958695831,202,0.4738209
BLURUSDT,BUY,LIMIT,1701959254830,12,0.4897020
BLURUSDT,SELL,LIMIT,1701959861957,504,0.4771689
BLURUSDT,BUY,LIMIT,1701961248507,17,0.4928771
BLURUSDT,BUY,LIMIT,1701961321155,10425,0.4940749
BLURUSDT,BUY,LIMIT,1701961329099,2124,0.4941669
BLURUSDT,BUY,LIMIT,1701962196210,288,0.4983163
BLURUSDT,BUY,LIMIT,1701962791661,882,0.4978330
BLURUSDT,BUY,LIMIT,1701962807330,2550,0.4990617
BLURUSDT,BUY,LIMIT,1701962810139,203,0.4993521
BLURUSDT,BUY,LIMIT,1701962812475,80,0.4997048
BLURUSDT,SELL,LIMIT,1701962843976,421,0.4864480
BLURUSDT,BUY,LIMIT,1701962857466,73,0.5014893
BLURUSDT,BUY,LIMIT,1701963128396,3025,0.5032439
BLURUSDT,BUY,LIMIT,1701963165418,75,0.5038339
BLURUSDT,BUY,LIMIT,1701963288045,12,0.5050873
BLURUSDT,BUY,LIMIT,1701963295310,218,0.5053714
BLURUSDT,BUY,LIMIT,1701963299545,34,0.5059622
BLURUSDT,BUY,LIMIT,1701963308363,64,0.5063159
BLURUSDT,BUY,LIMIT,1701963379782,30,0.5074427
BLURUSDT,BUY,LIMIT,1701963473441,458,0.5078530
BLURUSDT,BUY,LIMIT,1701963474527,2000,0.5085471
BLURUSDT,SELL,LIMIT,1701963968285,2333,0.4896094
BLURUSDT,SELL,LIMIT,1701964516384,345,0.4844708
BLURUSDT,SELL,LIMIT,1701964562320,2545,0.4845969
BLURUSDT,SELL,LIMIT,1701964876778,32,0.4816198
BLURUSDT,SELL,LIMIT,1701964918358,555,0.4806181
BLURUSDT,BUY,LIMIT,1701965901459,80,0.5018273
BLURUSDT,BUY,LIMIT,1701966130087,18,0.5032846
BLURUSDT,SELL,LIMIT,1701966564514,5023,0.4877300
BLURUSDT,SELL,LIMIT,1701967329349,3623,0.4856059
BLURUSDT,SELL,LIMIT,1701967345297,774,0.4850031
BLURUSDT,SELL,LIMIT,1701967610947,5638,0.4839602
BLURUSDT,BUY,LIMIT,1701967840353,380,0.5009519
BLURUSDT,SELL,LIMIT,1701968681197,344,0.4832387
BLURUSDT,SELL,LIMIT,1701974057296,10570,0.4899746
BLURUSDT,SELL,LIMIT,1701974186064,100,0.4859006
BLURUSDT,SELL,LIMIT,1701974307300,13,0.4846431
BLURUSDT,SELL,LIMIT,1701976835761,11,0.4835582
BLURUSDT,SELL,LIMIT,1701976842903,451,0.4829447
BLURUSDT,SELL,LIMIT,1701976867129,8725,0.4827969
BLURUSDT,SELL,LIMIT,1701976947246,334,0.4825898
BLURUSDT,SELL,LIMIT,1701977104658,905,0.4822561
BLURUSDT,SELL,LIMIT,1701977270000,1013,0.4814453
BLURUSDT,SELL,LIMIT,1701977282862,24,0.4810158
BLURUSDT,SELL,LIMIT,1701977298069,5102,0.4803199
BLURUSDT,SELL,LIMIT,1701977299172,130,0.4799242
BLURUSDT,SELL,LIMIT,1701978209895,142,0.4796644
BLURUSDT,BUY,LIMIT,1701979838660,5463,0.4990431
BLURUSDT,BUY,LIMIT,1701979870393,2356,0.4992938
BLURUSDT,SELL,LIMIT,1701981623773,7402,0.4824546
BLURUSDT,BUY,LIMIT,1701981831139,831,0.4991770
BLURUSDT,BUY,LIMIT,1701983872462,36,0.5040236
BLURUSDT,BUY,LIMIT,1701983891416,10193,0.5021538
BLURUSDT,BUY,LIMIT,1701983918478,102,0.5057579
BLURUSDT,SELL,LIMIT,1701984758339,200,0.4909241
BLURUSDT,SELL,LIMIT,1701985574102,100,0.4918715
BLURUSDT,SELL,LIMIT,1701987755069,144,0.4908097
BLURUSDT,SELL,LIMIT,1701988553647,495,0.4861469
BLURUSDT,BUY,LIMIT,1701988709545,2045,0.5021023
BLURUSDT,SELL,LIMIT,1701990779451,10084,0.4880272
BLURUSDT,SELL,LIMIT,1701991191944,880,0.4880676
BLURUSDT,BUY,LIMIT,1701992846493,11,0.5104377
BLURUSDT,BUY,LIMIT,1701992848370,85,0.5106198
BLURUSDT,BUY,LIMIT,1701993637052,104,0.5123326
BLURUSDT,BUY,LIMIT,1701993644082,819,0.5123858
BLURUSDT,BUY,LIMIT,1701993645392,114,0.5125151
BLURUSDT,BUY,LIMIT,1701993751405,20480,0.5160212
BLURUSDT,BUY,LIMIT,1701993759804,151,0.5147419
BLURUSDT,BUY,LIMIT,1701994052263,43,0.5149805
BLURUSDT,SELL,LIMIT,1701996072898,9947,0.4921906
BLURUSDT,SELL,LIMIT,1701997265843,1143,0.4887907
BLURUSDT,SELL,LIMIT,1701997296713,19,0.4885160
BLURUSDT,SELL,LIMIT,1701997435097,5285,0.4875929
BLURUSDT,SELL,LIMIT,1701997701284,5895,0.4854509
BLURUSDT,SELL,LIMIT,1701997702911,484,0.4851852
BLURUSDT,SELL,LIMIT,1701997748504,471,0.4846709
BLURUSDT,SELL,LIMIT,1701997761373,67,0.4844130
BLURUSDT,SELL,LIMIT,1701998498183,536,0.4873952
BLURUSDT,SELL,LIMIT,1702001501513,4474,0.4884130
BLURUSDT,SELL,LIMIT,1702001578986,747,0.4878364
BLURUSDT,SELL,LIMIT,1702002241189,323,0.4893193
BLURUSDT,SELL,LIMIT,1702002729237,323,0.4880660
BLURUSDT,SELL,LIMIT,1702002738085,323,0.4881779
BLURUSDT,SELL,LIMIT,1702002817154,6158,0.4870670
BLURUSDT,SELL,LIMIT,1702002871745,100,0.4891655
BLURUSDT,SELL,LIMIT,1702003257172,1613,0.4864250
BLURUSDT,SELL,LIMIT,1702003268456,323,0.4859264
BLURUSDT,SELL,LIMIT,1702003577549,54,0.4865065
BLURUSDT,SELL,LIMIT,1702003653423,8133,0.4939720
BLURUSDT,SELL,LIMIT,1702003655787,646,0.4870862
BLURUSDT,SELL,LIMIT,1702003661288,504,0.4858151
BLURUSDT,SELL,LIMIT,1702003674970,2955,0.4858548
BLURUSDT,BUY,LIMIT,1702005418791,4299,0.5055718
BLURUSDT,BUY,LIMIT,1702005573175,138,0.5069973
BLURUSDT,BUY,LIMIT,1702005630176,1880,0.5096231
BLURUSDT,BUY,LIMIT,1702005753966,6196,0.5149559
BLURUSDT,BUY,LIMIT,1702007154541,57,0.5106092
BLURUSDT,SELL,LIMIT,1702008273536,466,0.4917993
BLURUSDT,SELL,LIMIT,1702008356450,3110,0.4910776
BLURUSDT,SELL,LIMIT,1702009488312,69,0.5139916
BLURUSDT,SELL,LIMIT,1702013677096,1000,0.4908033
BLURUSDT,SELL,LIMIT,1702017077340,5820,0.4932664
BLURUSDT,SELL,LIMIT,1702017648272,12,0.4916685
BLURUSDT,BUY,LIMIT,1702019048227,12527,0.5073923
BLURUSDT,SELL,LIMIT,1702020082171,11,0.4887042
BLURUSDT,SELL,LIMIT,1702020191395,1807,0.4878385
BLURUSDT,SELL,LIMIT,1702020193252,100,0.4876496
BLURUSDT,SELL,LIMIT,1702020196350,1817,0.4874876
BLURUSDT,SELL,LIMIT,1702020223038,10067,0.4869992
BLURUSDT,SELL,LIMIT,1702020458427,5297,0.4866249
BLURUSDT,SELL,LIMIT,1702020670388,13754,0.4834724
BLURUSDT,BUY,LIMIT,1702021625521,10131,0.5030246
BLURUSDT,SELL,LIMIT,1702022501144,282,0.4856406
BLURUSDT,BUY,LIMIT,1702027386183,1644,0.5049568
BLURUSDT,BUY,LIMIT,1702027721046,287,0.5075234
BLURUSDT,BUY,LIMIT,1702027722978,79,0.5077886
BLURUSDT,SELL,LIMIT,1702029062085,392,0.4914434
BLURUSDT,BUY,LIMIT,1702029699017,168,0.5055591
BLURUSDT,BUY,LIMIT,1702029850839,29,0.5067934
BLURUSDT,SELL,LIMIT,1702030058534,74,0.4925268
BLURUSDT,SELL,LIMIT,1702032588341,9,0.4934851
BLURUSDT,BUY,LIMIT,1702032790298,728,0.5098064
BLURUSDT,BUY,LIMIT,1702035060813,10141,0.5112099
BLURUSDT,BUY,LIMIT,1702035164996,43,0.5113812
BLURUSDT,BUY,LIMIT,1702035271039,10,0.5106097
BLURUSDT,SELL,LIMIT,1702035511196,373,0.4937120
BLURUSDT,SELL,LIMIT,1702036029338,34,0.4925618
BLURUSDT,SELL,LIMIT,1702036369772,600,0.4920150
BLURUSDT,SELL,LIMIT,1702036947101,489,0.4912511
BLURUSDT,SELL,LIMIT,1702036950058,299,0.4911781
BLURUSDT,SELL,LIMIT,1702037170022,274,0.4904515
BLURUSDT,SELL,LIMIT,1702037297766,763,0.4900931
BLURUSDT,BUY,LIMIT,1702038649125,200,0.5097980
BLURUSDT,BUY,LIMIT,1702038930670,1499,0.5100019
BLURUSDT,SELL,LIMIT,1702040531551,1179,0.4922289
BLURUSDT,SELL,LIMIT,1702040746498,136,0.4913747
BLURUSDT,SELL,LIMIT,1702042236827,10040,0.4900194
BLURUSDT,SELL,LIMIT,1702044410857,23,0.4892829
BLURUSDT,SELL,LIMIT,1702044503511,2625,0.4886519
BLURUSDT,BUY,LIMIT,1702045497396,1249,0.5058152
BLURUSDT,BUY,LIMIT,1702046257656,20,0.5085731
BLURUSDT,BUY,LIMIT,1702047838152,220,0.5117890
BLURUSDT,SELL,LIMIT,1702048641090,1680,0.4955439
BLURUSDT,SELL,LIMIT,1702049374214,7083,0.4934087
BLURUSDT,SELL,LIMIT,1702050119356,107,0.4923500
BLURUSDT,SELL,LIMIT,1702050837204,50,0.4917433
BLURUSDT,SELL,LIMIT,1702050967470,47,0.4909995
BLURUSDT,SELL,LIMIT,1702055030805,401,0.4935663
BLURUSDT,SELL,LIMIT,1702055268077,572,0.4939088
BLURUSDT,SELL,LIMIT,1702055283927,189,0.4920570
BLURUSDT,SELL,LIMIT,1702055483263,41,0.4905693
BLURUSDT,SELL,LIMIT,1702055503000,2495,0.4902517
BLURUSDT,BUY,LIMIT,1702060221699,29,0.5109245
BLURUSDT,BUY,LIMIT,1702064688401,261,0.5132157
BLURUSDT,BUY,LIMIT,1702064699179,173,0.5133673
BLURUSDT,BUY,LIMIT,1702065342167,45,0.5147106
BLURUSDT,BUY,LIMIT,1702065568747,1346,0.5147769
BLURUSDT,BUY,LIMIT,1702066093758,11896,0.5170910
BLURUSDT,BUY,LIMIT,1702067326170,1066,0.5171828
BLURUSDT,BUY,LIMIT,1702067405160,9900,0.5175240
BLURUSDT,BUY,LIMIT,1702068276706,24,0.5190512
BLURUSDT,BUY,LIMIT,1702068295960,15,0.5190733
BLURUSDT,SELL,LIMIT,1702068898067,244,0.5061026
BLURUSDT,BUY,LIMIT,1702069228073,941,0.5193280
BLURUSDT,SELL,LIMIT,1702071852050,16,0.5003922
BLURUSDT,SELL,LIMIT,1702071984153,225,0.5010753
BLURUSDT,SELL,LIMIT,1702072115067,3099,0.4998041
BLURUSDT,SELL,LIMIT,1702072138136,258,0.4995866
BLURUSDT,SELL,LIMIT,1702076274178,409,0.4988573
BLURUSDT,SELL,LIMIT,1702076286138,982,0.4986279
BLURUSDT,BUY,LIMIT,1702078177083,2175,0.5179174
BLURUSDT,SELL,LIMIT,1702078503631,239,0.5044818
BLURUSDT,SELL,LIMIT,1702078604777,25,0.5036306
BLURUSDT,BUY,LIMIT,1702078695082,7892,0.5192038
BLURUSDT,SELL,LIMIT,1702080259089,50,0.5070273
BLURUSDT,BUY,LIMIT,1702080856024,1537,0.5233060
BLURUSDT,BUY,LIMIT,1702080857093,1300,0.5234660
BLURUSDT,BUY,LIMIT,1702080956370,5074,0.5223400
BLURUSDT,SELL,LIMIT,1702081866809,1705,0.5069148
BLURUSDT,BUY,LIMIT,1702082279388,47,0.5240444
BLURUSDT,BUY,LIMIT,1702082330082,115,0.5241965
BLURUSDT,BUY,LIMIT,1702082438239,179,0.5246411
BLURUSDT,BUY,LIMIT,1702082513252,48,0.5249308
BLURUSDT,BUY,LIMIT,1702082630348,42,0.5259482
BLURUSDT,BUY,LIMIT,1702082667492,134,0.5263309
BLURUSDT,SELL,LIMIT,1702084061164,739,0.5035132
BLURUSDT,SELL,LIMIT,1702084092707,1594,0.5014548
BLURUSDT,SELL,LIMIT,1702084210961,35,0.5005192
BLURUSDT,BUY,LIMIT,1702084544333,119,0.5186782
BLURUSDT,BUY,LIMIT,1702089271255,34,0.5232350
BLURUSDT,BUY,LIMIT,1702091266960,118,0.5235515
BLURUSDT,BUY,LIMIT,1702091859062,30,0.5248565
BLURUSDT,SELL,LIMIT,1702093660188,366,0.5072236
BLURUSDT,BUY,LIMIT,1702097543806,314,0.5235642
BLURUSDT,BUY,LIMIT,1702099041040,777,0.5247412
BLURUSDT,BUY,LIMIT,1702102698527,1686,0.5261326
BLURUSDT,BUY,LIMIT,1702102842949,174,0.5264529
BLURUSDT,BUY,LIMIT,1702102845422,759,0.5266441
BLURUSDT,BUY,LIMIT,1702102921604,46,0.5277799
BLURUSDT,BUY,LIMIT,1702103208579,595,0.5291652
BLURUSDT,BUY,LIMIT,1702103566061,483,0.5297288
BLURUSDT,BUY,LIMIT,1702103589144,15662,0.5309204
BLURUSDT,BUY,LIMIT,1702103600472,96,0.5304765
BLURUSDT,BUY,LIMIT,1702104045643,1028,0.5319067
BLURUSDT,BUY,LIMIT,1702104055047,1610,0.5320621
BLURUSDT,BUY,LIMIT,1702104281324,244,0.5328823
BLURUSDT,SELL,LIMIT,1702105080481,386,0.5145718
BLURUSDT,SELL,LIMIT,1702105149231,32,0.5143302
BLURUSDT,SELL,LIMIT,1702105309796,1873,0.5136388
BLURUSDT,BUY,LIMIT,1702105889254,1381,0.5317711
BLURUSDT,BUY,LIMIT,1702107160401,54,0.5322279
BLURUSDT,BUY,LIMIT,1702107294105,2094,0.5330780
BLURUSDT,BUY,LIMIT,1702107523799,604,0.5347143
BLURUSDT,BUY,LIMIT,1702107648640,579,0.5363553
BLURUSDT,BUY,LIMIT,1702107659663,1894,0.5366834
BLURUSDT,BUY,LIMIT,1702107661459,2103,0.5367320
BLURUSDT,SELL,LIMIT,1702109476047,49,0.5185328
BLURUSDT,BUY,LIMIT,1702109514416,204,0.5291740
BLURUSDT,SELL,LIMIT,1702109553995,36,0.5175067
BLURUSDT,BUY,LIMIT,1702109780750,21,0.5338392
BLURUSDT,BUY,LIMIT,1702109892379,15,0.5362244
BLURUSDT,BUY,LIMIT,1702109979335,55,0.5282877
BLURUSDT,SELL,LIMIT,1702110712655,96,0.5166182
BLURUSDT,SELL,LIMIT,1702110723398,1540,0.5161428
BLURUSDT,SELL,LIMIT,1702110772997,34,0.5156686
BLURUSDT,SELL,LIMIT,1702110804708,1201,0.5152840
BLURUSDT,SELL,LIMIT,1702110841132,3962,0.5144694
BLURUSDT,SELL,LIMIT,1702110872575,379,0.5131851
BLURUSDT,SELL,LIMIT,1702110879666,38,0.5125223
BLURUSDT,SELL,LIMIT,1702110881189,9569,0.5122411
BLURUSDT,SELL,LIMIT,1702110907050,226,0.5113464
BLURUSDT,SELL,LIMIT,1702110910421,9500,0.5104569
BLURUSDT,SELL,LIMIT,1702110970427,56,0.5100234
BLURUSDT,SELL,LIMIT,1702110973564,38,0.5092508
BLURUSDT,SELL,LIMIT,1702110992648,19487,0.5057233
BLURUSDT,SELL,LIMIT,1702110994287,343,0.5067635
BLURUSDT,SELL,LIMIT,1702111023259,8875,0.5071387
BLURUSDT,SELL,LIMIT,1702111028184,66,0.5057007
BLURUSDT,SELL,LIMIT,1702111030611,506,0.5050360
BLURUSDT,SELL,LIMIT,1702111031731,2226,0.5048982
BLURUSDT,SELL,LIMIT,1702111035735,30,0.5044280
BLURUSDT,SELL,LIMIT,1702111037411,54486,0.5017294
BLURUSDT,SELL,LIMIT,1702111043361,12,0.5030881
BLURUSDT,SELL,LIMIT,1702111044773,345,0.5034122
BLURUSDT,SELL,LIMIT,1702111046678,15204,0.5016434
BLURUSDT,SELL,LIMIT,1702111083619,27,0.5017437
BLURUSDT,SELL,LIMIT,1702111201202,1459,0.5029975
BLURUSDT,SELL,LIMIT,1702111364815,5375,0.5014734
BLURUSDT,SELL,LIMIT,1702111367908,4979,0.5012823
BLURUSDT,SELL,LIMIT,1702111372325,6713,0.5008593
BLURUSDT,SELL,LIMIT,1702111375924,2310,0.5003803
BLURUSDT,SELL,LIMIT,1702111377458,8477,0.5002193
BLURUSDT,SELL,LIMIT,1702111378507,606,0.5000247
BLURUSDT,SELL,LIMIT,1702111379553,38,0.4999835
BLURUSDT,SELL,LIMIT,1702111381365,1951,0.4992123
BLURUSDT,SELL,LIMIT,1702111383057,2948,0.4987786
BLURUSDT,SELL,LIMIT,1702111386208,7741,0.4979049
BLURUSDT,SELL,LIMIT,1702111387230,3935,0.4977034
BLURUSDT,SELL,LIMIT,1702111389421,749,0.4967323
BLURUSDT,BUY,LIMIT,1702111554051,3081,0.5186172
BLURUSDT,SELL,LIMIT,1702114251225,1000,0.5079753
BLURUSDT,SELL,LIMIT,1702115043199,389,0.5010776
BLURUSDT,SELL,LIMIT,1702115074721,648,0.5007893
BLURUSDT,SELL,LIMIT,1702132665611,120,0.5080353
BLURUSDT,SELL,LIMIT,1702132994146,298,0.5032962
BLURUSDT,SELL,LIMIT,1702132995403,1830,0.5032436
BLURUSDT,SELL,LIMIT,1702133002660,92,0.5024083
BLURUSDT,SELL,LIMIT,1702133004323,976,0.5016506
BLURUSDT,SELL,LIMIT,1702133006533,967,0.5011108
BLURUSDT,SELL,LIMIT,1702133385809,10264,0.5001627
BLURUSDT,BUY,LIMIT,1702134227265,8001,0.5197802
BLURUSDT,SELL,LIMIT,1702134357101,8486,0.5020510
BLURUSDT,SELL,LIMIT,1702134795370,521,0.5000264
BLURUSDT,SELL,LIMIT,1702134809795,980,0.4997178
BLURUSDT,SELL,LIMIT,1702134829385,9738,0.4994379
BLURUSDT,SELL,LIMIT,1702135412597,27,0.4989091
BLURUSDT,SELL,LIMIT,1702135414130,10,0.4988567
BLURUSDT,BUY,LIMIT,1702137685514,97,0.5251074
BLURUSDT,BUY,LIMIT,1702137831164,1126,0.5258959
BLURUSDT,SELL,LIMIT,1702138341944,16,0.5088243
BLURUSDT,SELL,LIMIT,1702138530364,2722,0.5073918
BLURUSDT,SELL,LIMIT,1702138909389,253,0.5045556
BLURUSDT,SELL,LIMIT,1702138953249,437,0.5033552
BLURUSDT,SELL,LIMIT,1702138962746,430,0.5033272
BLURUSDT,SELL,LIMIT,1702138997131,930,0.5028008
BLURUSDT,SELL,LIMIT,1702139117110,302,0.5032806
BLURUSDT,SELL,LIMIT,1702139121126,962,0.5020410
BLURUSDT,SELL,LIMIT,1702139151474,133,0.5020055
BLURUSDT,SELL,LIMIT,1702139274207,450,0.5004109
BLURUSDT,BUY,LIMIT,1702139538430,1580,0.5195372
BLURUSDT,BUY,LIMIT,1702140461095,1572,0.5212335
BLURUSDT,SELL,LIMIT,1702141746324,53,0.5002757
BLURUSDT,SELL,LIMIT,1702141758046,2380,0.5001936
BLURUSDT,SELL,LIMIT,1702141847352,857,0.4991876
BLURUSDT,SELL,LIMIT,1702141848556,234,0.4986583
BLURUSDT,SELL,LIMIT,1702141855777,58,0.4979879
BLURUSDT,SELL,LIMIT,1702141857929,54,0.4979266
BLURUSDT,SELL,LIMIT,1702141958862,4105,0.4975926
BLURUSDT,SELL,LIMIT,1702142061235,6728,0.4972862
BLURUSDT,SELL,LIMIT,1702142063063,155,0.4971630
BLURUSDT,BUY,LIMIT,1702146074819,24,0.5191348
BLURUSDT,SELL,LIMIT,1702152874752,55,0.5051902
BLURUSDT,SELL,LIMIT,1702152948231,56,0.5041738
BLURUSDT,SELL,LIMIT,1702153878223,6831,0.5018617
BLURUSDT,SELL,LIMIT,1702153893510,200,0.5016980
BLURUSDT,SELL,LIMIT,1702156180204,299,0.5013413
BLURUSDT,SELL,LIMIT,1702156366237,207,0.4997901
BLURUSDT,SELL,LIMIT,1702161379700,212,0.5075066
BLURUSDT,SELL,LIMIT,1702162016263,518,0.5053460
BLURUSDT,SELL,LIMIT,1702162110446,33,0.5029411
BLURUSDT,SELL,LIMIT,1702164163250,10,0.4990239
BLURUSDT,SELL,LIMIT,1702164184335,9565,0.4989958
BLURUSDT,SELL,LIMIT,1702164189154,397,0.4989259
BLURUSDT,SELL,LIMIT,1702164190160,3881,0.4989259
BLURUSDT,SELL,LIMIT,1702164223646,619,0.4974245
BLURUSDT,SELL,LIMIT,1702164295607,1350,0.4968804
BLURUSDT,SELL,LIMIT,1702164406463,429,0.4963696
BLURUSDT,SELL,LIMIT,1702164437232,28,0.4961369
BLURUSDT,SELL,LIMIT,1702164447115,4345,0.4960215
BLURUSDT,SELL,LIMIT,1702164450282,96,0.4960023
BLURUSDT,SELL,LIMIT,1702164527103,2136,0.4957335
BLURUSDT,SELL,LIMIT,1702164528374,821,0.4956881
BLURUSDT,SELL,LIMIT,1702164533096,1079,0.4954923
BLURUSDT,SELL,LIMIT,1702164537057,958,0.4952720
BLURUSDT,SELL,LIMIT,1702164538404,7425,0.4950011
BLURUSDT,SELL,LIMIT,1702164541505,105,0.4943577
BLURUSDT,SELL,LIMIT,1702164543092,6784,0.4940278
BLURUSDT,SELL,LIMIT,1702164544168,5601,0.4941553
BLURUSDT,SELL,LIMIT,1702164545288,46,0.4939165
BLURUSDT,SELL,LIMIT,1702164546328,47,0.4937750
BLURUSDT,SELL,LIMIT,1702164579504,243,0.4942735
BLURUSDT,SELL,LIMIT,1702164687078,1233,0.4936294
BLURUSDT,SELL,LIMIT,1702164689351,94,0.4936177
BLURUSDT,SELL,LIMIT,1702164730181,97,0.4935483
BLURUSDT,SELL,LIMIT,1702164731278,27,0.4933302
BLURUSDT,SELL,LIMIT,1702164744112,55,0.4927148
BLURUSDT,SELL,LIMIT,1702164746482,7704,0.4928750
BLURUSDT,SELL,LIMIT,1702164748180,103,0.4920136
BLURUSDT,SELL,LIMIT,1702164749359,1041,0.4919388
BLURUSDT,SELL,LIMIT,1702164750583,1951,0.4918020
BLURUSDT,SELL,LIMIT,1702164751607,15842,0.4908161
BLURUSDT,SELL,LIMIT,1702164755388,285,0.4916110
BLURUSDT,SELL,LIMIT,1702164756467,768,0.4911143
BLURUSDT,SELL,LIMIT,1702164797288,8742,0.4914385
BLURUSDT,SELL,LIMIT,1702164800573,7345,0.4909977
BLURUSDT,SELL,LIMIT,1702164802083,265,0.4908651
BLURUSDT,SELL,LIMIT,1702164803466,2039,0.4901001
BLURUSDT,SELL,LIMIT,1702164805275,736,0.4897387
BLURUSDT,SELL,LIMIT,1702164806483,3925,0.4895919
BLURUSDT,SELL,LIMIT,1702164808209,396,0.4894218
BLURUSDT,SELL,LIMIT,1702164809475,69,0.4895063
BLURUSDT,SELL,LIMIT,1702164810670,74,0.4892146
BLURUSDT,SELL,LIMIT,1702164838228,2341,0.4900376
BLURUSDT,SELL,LIMIT,1702164864329,628,0.4885389
BLURUSDT,SELL,LIMIT,1702164866048,2055,0.4881862
BLURUSDT,SELL,LIMIT,1702164867076,9626,0.4883549
BLURUSDT,SELL,LIMIT,1702164870803,1194,0.4877667
BLURUSDT,SELL,LIMIT,1702166779502,372,0.4933951
BLURUSDT,SELL,LIMIT,1702172266816,83,0.4992182
BLURUSDT,SELL,LIMIT,1702172698303,1079,0.4983461
BLURUSDT,SELL,LIMIT,1702174052830,19,0.4965253
BLURUSDT,SELL,LIMIT,1702174464351,68,0.4953351
BLURUSDT,BUY,LIMIT,1702174902399,1014,0.5128152
BLURUSDT,BUY,LIMIT,1702175907126,191,0.5171852
BLURUSDT,BUY,LIMIT,1702176150297,26,0.5205556
BLURUSDT,BUY,LIMIT,1702179544179,3288,0.5307932
BLURUSDT,BUY,LIMIT,1702179545781,1295,0.5312116
BLURUSDT,BUY,LIMIT,1702179953995,75,0.5319564
BLURUSDT,BUY,LIMIT,1702179971754,90,0.5322736
BLURUSDT,BUY,LIMIT,1702180060148,7263,0.5337660
BLURUSDT,BUY,LIMIT,1702180205465,342,0.5358994
BLURUSDT,BUY,LIMIT,1702180540181,466,0.5375156
BLURUSDT,BUY,LIMIT,1702180566212,97,0.5382261
BLURUSDT,BUY,LIMIT,1702180576613,630,0.5389768
BLURUSDT,BUY,LIMIT,1702180579527,48761,0.5416734
BLURUSDT,BUY,LIMIT,1702180604336,657,0.5410774
BLURUSDT,BUY,LIMIT,1702180630823,37,0.5417983
BLURUSDT,BUY,LIMIT,1702180640273,936,0.5425915
BLURUSDT,BUY,LIMIT,1702180657444,796,0.5427946
BLURUSDT,BUY,LIMIT,1702180658643,184,0.5429798
BLURUSDT,BUY,LIMIT,1702180674889,11,0.5436820
BLURUSDT,BUY,LIMIT,1702180676143,1273,0.5440750
BLURUSDT,BUY,LIMIT,1702180677457,20,0.5449475
BLURUSDT,BUY,LIMIT,1702180731702,25,0.5458919
BLURUSDT,SELL,LIMIT,1702180807860,2,0.5268323
BLURUSDT,SELL,LIMIT,1702180809135,137,0.5266914
BLURUSDT,SELL,LIMIT,1702180815252,507,0.5258855
BLURUSDT,SELL,LIMIT,1702180855179,300,0.5234106
BLURUSDT,SELL,LIMIT,1702180862056,1131,0.5229323
BLURUSDT,BUY,LIMIT,1702181119916,5436,0.5478614
BLURUSDT,BUY,LIMIT,1702181131122,184,0.5485504
BLURUSDT,BUY,LIMIT,1702181132328,56,0.5489032
BLURUSDT,SELL,LIMIT,1702181448022,307,0.5285607
BLURUSDT,SELL,LIMIT,1702181449522,265,0.5284478
BLURUSDT,SELL,LIMIT,1702182547334,239,0.5291754
BLURUSDT,SELL,LIMIT,1702182567939,1064,0.5291021
BLURUSDT,SELL,LIMIT,1702182588088,9290,0.5276003
BLURUSDT,SELL,LIMIT,1702182589379,818,0.5271076
BLURUSDT,BUY,LIMIT,1702182892825,1196,0.5435470
BLURUSDT,SELL,LIMIT,1702183451774,5076,0.5272421
BLURUSDT,SELL,LIMIT,1702183458517,197,0.5264570
BLURUSDT,SELL,LIMIT,1702184664364,1261,0.5263869
BLURUSDT,SELL,LIMIT,1702184753590,14,0.5254754
BLURUSDT,SELL,LIMIT,1702185203017,9293,0.5201744
BLURUSDT,SELL,LIMIT,1702187613299,1549,0.5197213
BLURUSDT,BUY,LIMIT,1702188788128,732,0.5446610
BLURUSDT,BUY,LIMIT,1702188821037,1568,0.5462043
BLURUSDT,SELL,LIMIT,1702189037903,530,0.5276462
BLURUSDT,SELL,LIMIT,1702189562519,1753,0.5261144
BLURUSDT,BUY,LIMIT,1702190767276,14,0.5449208
BLURUSDT,BUY,LIMIT,1702191915657,1909,0.5458634
BLURUSDT,SELL,LIMIT,1702192050105,82,0.5289850
BLURUSDT,SELL,LIMIT,1702192293500,535,0.5253873
BLURUSDT,SELL,LIMIT,1702192294766,4852,0.5250675
BLURUSDT,SELL,LIMIT,1702192295869,221,0.5248608
BLURUSDT,SELL,LIMIT,1702192546262,573,0.5269468
BLURUSDT,SELL,LIMIT,1702192635800,370,0.5247663
BLURUSDT,SELL,LIMIT,1702192760055,71,0.5235070
BLURUSDT,SELL,LIMIT,1702192761367,1281,0.5232203
BLURUSDT,SELL,LIMIT,1702192814233,9462,0.5222109
BLURUSDT,SELL,LIMIT,1702192831470,1118,0.5207263
BLURUSDT,SELL,LIMIT,1702192860056,390,0.5213894
BLURUSDT,SELL,LIMIT,1702192928923,4503,0.5189158
BLURUSDT,SELL,LIMIT,1702193652374,458,0.5195061
BLURUSDT,SELL,LIMIT,1702193702103,245,0.5174163
BLURUSDT,SELL,LIMIT,1702193717730,1797,0.5168561
BLURUSDT,SELL,LIMIT,1702193848712,37,0.5157607
BLURUSDT,SELL,LIMIT,1702193850341,3951,0.5155080
BLURUSDT,SELL,LIMIT,1702196182427,554,0.5488112
BLURUSDT,SELL,LIMIT,1702196418202,664,0.5177526
BLURUSDT,SELL,LIMIT,1702196586760,100,0.5162908
BLURUSDT,SELL,LIMIT,1702196674573,71,0.5193179
BLURUSDT,SELL,LIMIT,1702196698297,26,0.5142223
BLURUSDT,SELL,LIMIT,1702197050890,1101,0.5137807
BLURUSDT,SELL,LIMIT,1702197069030,137885,0.5090774
BLURUSDT,BUY,LIMIT,1702197157669,523,0.5317633
BLURUSDT,SELL,LIMIT,1702200185609,83,0.5127605
BLURUSDT,SELL,LIMIT,1702200210182,276,0.5125656
BLURUSDT,SELL,LIMIT,1702200303603,572,0.5118179
BLURUSDT,SELL,LIMIT,1702200317313,363,0.5114763
BLURUSDT,SELL,LIMIT,1702200323522,1566,0.5112244
BLURUSDT,SELL,LIMIT,1702200326394,1159,0.5108804
BLURUSDT,SELL,LIMIT,1702200329031,9476,0.5107527
BLURUSDT,SELL,LIMIT,1702200378837,186,0.5100912
BLURUSDT,SELL,LIMIT,1702200396496,57761,0.5073453
BLURUSDT,SELL,LIMIT,1702200461073,32,0.5091831
BLURUSDT,SELL,LIMIT,1702200465335,236,0.5090474
BLURUSDT,SELL,LIMIT,1702200469852,1377,0.5088750
BLURUSDT,SELL,LIMIT,1702200536658,11721,0.5083146
BLURUSDT,SELL,LIMIT,1702200671761,1848,0.5085950
BLURUSDT,SELL,LIMIT,1702200677895,89,0.5084975
BLURUSDT,SELL,LIMIT,1702200679372,1616,0.5083897
BLURUSDT,SELL,LIMIT,1702200700636,235,0.5078894
BLURUSDT,SELL,LIMIT,1702200730300,80,0.5084571
BLURUSDT,SELL,LIMIT,1702200766114,9459,0.5073981
BLURUSDT,SELL,LIMIT,1702200767175,38,0.5071036
BLURUSDT,SELL,LIMIT,1702200768505,769,0.5068859
BLURUSDT,SELL,LIMIT,1702200775936,14738,0.5058317
BLURUSDT,SELL,LIMIT,1702200796143,2999,0.5066844
BLURUSDT,SELL,LIMIT,1702200935077,510,0.5062792
BLURUSDT,SELL,LIMIT,1702200936798,807,0.5060828
BLURUSDT,SELL,LIMIT,1702200938083,41,0.5051081
BLURUSDT,SELL,LIMIT,1702200940390,10,0.5050842
BLURUSDT,SELL,LIMIT,1702201317302,1600,0.5043130
BLURUSDT,SELL,LIMIT,1702201335964,678,0.5030242
BLURUSDT,SELL,LIMIT,1702201469399,27037,0.5012275
BLURUSDT,SELL,LIMIT,1702201471080,97,0.5024985
BLURUSDT,SELL,LIMIT,1702201472446,1785,0.5023910
BLURUSDT,SELL,LIMIT,1702201475144,78,0.5018961
BLURUSDT,SELL,LIMIT,1702201477309,9901,0.5013516
BLURUSDT,SELL,LIMIT,1702201480097,269,0.5011643
BLURUSDT,SELL,LIMIT,1702202057216,87,0.5007555
BLURUSDT,SELL,LIMIT,1702202168071,12,0.5020194
BLURUSDT,SELL,LIMIT,1702202258790,86,0.5008327
BLURUSDT,SELL,LIMIT,1702202261419,47001,0.4988424
BLURUSDT,SELL,LIMIT,1702202267739,97,0.5006271
BLURUSDT,SELL,LIMIT,1702202270476,1535,0.5005782
BLURUSDT,SELL,LIMIT,1702202272847,184,0.4999851
BLURUSDT,SELL,LIMIT,1702202277088,96,0.4998064
BLURUSDT,SELL,LIMIT,1702202290698,1475,0.4994050
BLURUSDT,SELL,LIMIT,1702202291733,321,0.4994050
BLURUSDT,SELL,LIMIT,1702202294078,152,0.4989079
BLURUSDT,SELL,LIMIT,1702202295108,7024,0.4989636
BLURUSDT,SELL,LIMIT,1702202296177,4238,0.4988067
BLURUSDT,SELL,LIMIT,1702202297844,5,0.4987530
BLURUSDT,SELL,LIMIT,1702202299381,38,0.4986551
BLURUSDT,SELL,LIMIT,1702202317091,9,0.4981536
BLURUSDT,SELL,LIMIT,1702202318414,278,0.4982872
BLURUSDT,SELL,LIMIT,1702202323198,503,0.4978437
BLURUSDT,SELL,LIMIT,1702202365600,1054,0.4975496
BLURUSDT,SELL,LIMIT,1702202367239,470,0.4967762
BLURUSDT,SELL,LIMIT,1702202368467,2913,0.4968391
BLURUSDT,SELL,LIMIT,1702202369653,425,0.4964736
BLURUSDT,SELL,LIMIT,1702202371282,9469,0.4961202
BLURUSDT,SELL,LIMIT,1702202380363,10,0.4962622
BLURUSDT,SELL,LIMIT,1702202384467,9595,0.4958145
BLURUSDT,SELL,LIMIT,1702202385496,381,0.4958665
BLURUSDT,SELL,LIMIT,1702202386831,1683,0.4957555
BLURUSDT,SELL,LIMIT,1702202393134,2216,0.4950881
BLURUSDT,SELL,LIMIT,1702202395084,49,0.4950543
BLURUSDT,SELL,LIMIT,1702202396098,119,0.4948256
BLURUSDT,BUY,LIMIT,1702202594151,45,0.5144249
BLURUSDT,BUY,LIMIT,1702202605384,10,0.5147950
BLURUSDT,BUY,LIMIT,1702203703146,206,0.5196211
BLURUSDT,BUY,LIMIT,1702203798482,383,0.5210310
BLURUSDT,BUY,LIMIT,1702204215508,13,0.5290722
BLURUSDT,BUY,LIMIT,1702204217153,36,0.5292161
BLURUSDT,BUY,LIMIT,1702204275098,2904,0.5301829
BLURUSDT,SELL,LIMIT,1702204618350,55,0.5104483
BLURUSDT,SELL,LIMIT,1702204624304,5213,0.5101861
BLURUSDT,BUY,LIMIT,1702204972052,2177,0.5297654
BLURUSDT,BUY,LIMIT,1702205350342,1968,0.5302452
BLURUSDT,SELL,LIMIT,1702206681032,776,0.5122115
BLURUSDT,SELL,LIMIT,1702207049446,199,0.5116581
BLURUSDT,SELL,LIMIT,1702207401942,197,0.5105808
BLURUSDT,SELL,LIMIT,1702211569629,113,0.5105512
BLURUSDT,SELL,LIMIT,1702214511334,47,0.5111744
BLURUSDT,SELL,LIMIT,1702214513610,4578,0.5110990
BLURUSDT,SELL,LIMIT,1702214876192,100,0.5098699
BLURUSDT,BUY,LIMIT,1702215844002,1388,0.5320054
BLURUSDT,BUY,LIMIT,1702215979338,1510,0.5344912
BLURUSDT,BUY,LIMIT,1702216002601,888,0.5365644
BLURUSDT,BUY,LIMIT,1702216208826,11179,0.5392926
BLURUSDT,BUY,LIMIT,1702216326250,48343,0.5428535
BLURUSDT,BUY,LIMIT,1702216327392,869,0.5407110
BLURUSDT,BUY,LIMIT,1702216430139,28931,0.5434294
BLURUSDT,SELL,LIMIT,1702216552047,79,0.5225341
BLURUSDT,SELL,LIMIT,1702216554199,157,0.5220516
BLURUSDT,SELL,LIMIT,1702217216548,16,0.5227047
BLURUSDT,SELL,LIMIT,1702217885622,1571,0.5216516
BLURUSDT,SELL,LIMIT,1702217902147,87,0.5213016
BLURUSDT,SELL,LIMIT,1702218134887,228,0.5192804
BLURUSDT,BUY,LIMIT,1702218516747,1132,0.5386198
BLURUSDT,BUY,LIMIT,1702219519080,938,0.5410735
BLURUSDT,BUY,LIMIT,1702219528596,347,0.5416504
BLURUSDT,SELL,LIMIT,1702220623206,103,0.5220192
BLURUSDT,SELL,LIMIT,1702220629672,721,0.5214520
BLURUSDT,SELL,LIMIT,1702221104697,36,0.5225947
BLURUSDT,SELL,LIMIT,1702221122128,11,0.5221977
BLURUSDT,SELL,LIMIT,1702221954243,547,0.5192242
BLURUSDT,SELL,LIMIT,1702221955444,1132,0.5190148
BLURUSDT,SELL,LIMIT,1702221956922,576,0.5189162
BLURUSDT,SELL,LIMIT,1702223474313,191,0.5239975
BLURUSDT,BUY,LIMIT,1702224232438,2457,0.5442382
BLURUSDT,BUY,LIMIT,1702224259869,207,0.5444352
BLURUSDT,BUY,LIMIT,1702224309689,26,0.5445118
BLURUSDT,BUY,LIMIT,1702224385749,10,0.5460542
BLURUSDT,SELL,LIMIT,1702224687945,642,0.5228255
BLURUSDT,SELL,LIMIT,1702224725247,90,0.5203338
BLURUSDT,BUY,LIMIT,1702225961443,2141,0.5385570
BLURUSDT,BUY,LIMIT,1702227011150,83,0.5393958
BLURUSDT,SELL,LIMIT,1702228527232,34374,0.5171123
BLURUSDT,SELL,LIMIT,1702228871073,85,0.5174596
BLURUSDT,SELL,LIMIT,1702230207646,4316,0.5154296
BLURUSDT,SELL,LIMIT,1702230261869,458,0.5156740
BLURUSDT,SELL,LIMIT,1702230618438,3322,0.5150864
BLURUSDT,BUY,LIMIT,1702231039180,466,0.5338042
BLURUSDT,BUY,LIMIT,1702231387432,94,0.5343926
BLURUSDT,SELL,LIMIT,1702235729224,489,0.5276364
BLURUSDT,BUY,LIMIT,1702237887866,2000,0.5323926
BLURUSDT,BUY,LIMIT,1702240764155,190,0.5377814
BLURUSDT,BUY,LIMIT,1702242425107,1519,0.5382408
BLURUSDT,BUY,LIMIT,1702245953517,281,0.5425336
BLURUSDT,SELL,LIMIT,1702247576711,4007,0.5231308
BLURUSDT,BUY,LIMIT,1702249352234,282,0.5413741
BLURUSDT,BUY,LIMIT,1702249456456,375,0.5423740
BLURUSDT,SELL,LIMIT,1702250235259,80,0.5234291
BLURUSDT,SELL,LIMIT,1702250300321,784,0.5214252
BLURUSDT,SELL,LIMIT,1702250305384,286,0.5212353
BLURUSDT,SELL,LIMIT,1702250546489,400,0.5199166
BLURUSDT,SELL,LIMIT,1702253651544,9426,0.5199656
BLURUSDT,SELL,LIMIT,1702253712779,6528,0.5185506
BLURUSDT,SELL,LIMIT,1702253777050,960,0.5180352
BLURUSDT,SELL,LIMIT,1702253782353,3266,0.5177877
BLURUSDT,SELL,LIMIT,1702253885454,4071,0.5168952
BLURUSDT,SELL,LIMIT,1702255011332,1539,0.5162334
BLURUSDT,SELL,LIMIT,1702255013534,15,0.5159773
BLURUSDT,SELL,LIMIT,1702255096198,359,0.5149015
BLURUSDT,SELL,LIMIT,1702255437811,52,0.5134079
BLURUSDT,SELL,LIMIT,1702255440105,263,0.5130478
BLURUSDT,SELL,LIMIT,1702255572308,4693,0.5115909
BLURUSDT,SELL,LIMIT,1702255925676,37,0.5111500
BLURUSDT,SELL,LIMIT,1702255956435,680,0.5107226
BLURUSDT,SELL,LIMIT,1702256425209,419,0.5103140
BLURUSDT,SELL,LIMIT,1702256436493,1017,0.5093724
BLURUSDT,SELL,LIMIT,1702256441191,19383,0.5075392
BLURUSDT,SELL,LIMIT,1702256446330,36,0.5088890
BLURUSDT,SELL,LIMIT,1702256455430,21621,0.5069590
BLURUSDT,SELL,LIMIT,1702256576241,192,0.5077759
BLURUSDT,SELL,LIMIT,1702256577999,90,0.5075515
BLURUSDT,SELL,LIMIT,1702256579360,89,0.5068037
BLURUSDT,SELL,LIMIT,1702256584915,666,0.5064130
BLURUSDT,SELL,LIMIT,1702256609895,1682,0.5061889
BLURUSDT,SELL,LIMIT,1702256612659,12,0.5059442
BLURUSDT,SELL,LIMIT,1702256614120,3755,0.5059406
BLURUSDT,SELL,LIMIT,1702256615484,54,0.5059134
BLURUSDT,SELL,LIMIT,1702256620301,188,0.5058144
BLURUSDT,SELL,LIMIT,1702256622125,400,0.5057755
BLURUSDT,SELL,LIMIT,1702256713784,1049,0.5058086
BLURUSDT,SELL,LIMIT,1702256715219,932,0.5055596
BLURUSDT,SELL,LIMIT,1702256716326,31,0.5052601
BLURUSDT,SELL,LIMIT,1702256717543,18,0.5054668
BLURUSDT,SELL,LIMIT,1702256720158,3696,0.5049083
BLURUSDT,SELL,LIMIT,1702256726384,9393,0.5045313
BLURUSDT,SELL,LIMIT,1702256916217,1873,0.5036592
BLURUSDT,SELL,LIMIT,1702256917228,1620,0.5034775
BLURUSDT,SELL,LIMIT,1702256921536,5336,0.5029316
BLURUSDT,SELL,LIMIT,1702256926556,61,0.5036915
BLURUSDT,SELL,LIMIT,1702256927704,544,0.5027308
BLURUSDT,SELL,LIMIT,1702256979952,5321,0.5025127
BLURUSDT,SELL,LIMIT,1702256983827,7980,0.5023458
BLURUSDT,SELL,LIMIT,1702256984919,846,0.5020830
BLURUSDT,SELL,LIMIT,1702256994166,34,0.5014504
BLURUSDT,SELL,LIMIT,1702256995879,183,0.5014421
BLURUSDT,SELL,LIMIT,1702257008021,36,0.5011886
BLURUSDT,SELL,LIMIT,1702258280493,59,0.5074212
BLURUSDT,SELL,LIMIT,1702258589618,119,0.5027296
BLURUSDT,BUY,LIMIT,1702259648868,22,0.5162116
BLURUSDT,SELL,LIMIT,1702260287084,101,0.5022516
BLURUSDT,SELL,LIMIT,1702260322917,1124,0.5017449
BLURUSDT,SELL,LIMIT,1702260332702,100,0.5008282
BLURUSDT,SELL,LIMIT,1702260335158,189,0.5007555
BLURUSDT,SELL,LIMIT,1702260336395,9700,0.5006965
BLURUSDT,SELL,LIMIT,1702260422106,29,0.5035755
BLURUSDT,SELL,LIMIT,1702260424743,26,0.5001812
BLURUSDT,SELL,LIMIT,1702260426778,494,0.4996196
BLURUSDT,SELL,LIMIT,1702260429530,1800,0.4993579
BLURUSDT,SELL,LIMIT,1702260430989,1701,0.4992759
BLURUSDT,SELL,LIMIT,1702260433573,1129,0.4987056
BLURUSDT,SELL,LIMIT,1702260435146,3296,0.4986618
BLURUSDT,SELL,LIMIT,1702260436261,555,0.4983137
BLURUSDT,SELL,LIMIT,1702260437419,19,0.4981856
BLURUSDT,SELL,LIMIT,1702260439246,20,0.4978191
BLURUSDT,SELL,LIMIT,1702260440956,92,0.4977206
BLURUSDT,SELL,LIMIT,1702260443475,44,0.4973545
BLURUSDT,SELL,LIMIT,1702260626468,191,0.4969547
BLURUSDT,SELL,LIMIT,1702260628404,266,0.4967226
BLURUSDT,SELL,LIMIT,1702260630559,3834,0.4958129
BLURUSDT,SELL,LIMIT,1702260632019,76,0.4955566
BLURUSDT,SELL,LIMIT,1702260633280,770,0.4955532
BLURUSDT,SELL,LIMIT,1702260634366,191,0.4953251
BLURUSDT,SELL,LIMIT,1702260636284,9416,0.4948225
BLURUSDT,SELL,LIMIT,1702260637660,75,0.4948234
BLURUSDT,SELL,LIMIT,1702260668119,56,0.4945840
BLURUSDT,SELL,LIMIT,1702260674300,586,0.4943921
BLURUSDT,SELL,LIMIT,1702260676146,6469,0.4941992
BLURUSDT,SELL,LIMIT,1702260688027,63,0.4941295
BLURUSDT,SELL,LIMIT,1702260689080,468,0.4939085
BLURUSDT,SELL,LIMIT,1702260690505,1955,0.4942365
BLURUSDT,SELL,LIMIT,1702260692213,862,0.4934041
BLURUSDT,SELL,LIMIT,1702260693456,71,0.4932272
BLURUSDT,SELL,LIMIT,1702260695837,768,0.4932691
BLURUSDT,SELL,LIMIT,1702260698115,3000,0.4931299
BLURUSDT,SELL,LIMIT,1702260699262,1500,0.4929657
BLURUSDT,SELL,LIMIT,1702260700788,28510,0.4909998
BLURUSDT,SELL,LIMIT,1702260702122,4272,0.4925208
BLURUSDT,SELL,LIMIT,1702260705146,1023,0.4915390
BLURUSDT,SELL,LIMIT,1702260706252,11,0.4915390
BLURUSDT,SELL,LIMIT,1702260707349,3673,0.4909821
BLURUSDT,SELL,LIMIT,1702260708364,655,0.4903649
BLURUSDT,SELL,LIMIT,1702260709408,90,0.4904172
BLURUSDT,SELL,LIMIT,1702260711249,250,0.4899647
BLURUSDT,SELL,LIMIT,1702260712254,190,0.4899079
BLURUSDT,SELL,LIMIT,1702260713341,1000,0.4938162
BLURUSDT,SELL,LIMIT,1702260714325,187,0.4888739
BLURUSDT,SELL,LIMIT,1702260715506,1127,0.4913415
BLURUSDT,SELL,LIMIT,1702260716789,3953,0.4883395
BLURUSDT,SELL,LIMIT,1702260717820,2113,0.4876014
BLURUSDT,SELL,LIMIT,1702260718896,48,0.4872028
BLURUSDT,SELL,LIMIT,1702260720055,1075,0.4862676
BLURUSDT,SELL,LIMIT,1702260721292,920,0.4862396
BLURUSDT,SELL,LIMIT,1702260722300,11,0.4845471
BLURUSDT,SELL,LIMIT,1702260723387,280,0.4844410
BLURUSDT,SELL,LIMIT,1702260724431,148,0.4831959
BLURUSDT,SELL,LIMIT,1702260725582,10,0.4835521
BLURUSDT,SELL,LIMIT,1702260726812,9371,0.4831359
BLURUSDT,SELL,LIMIT,1702260728261,379,0.4832501
BLURUSDT,SELL,LIMIT,1702260729527,765,0.4825534
BLURUSDT,SELL,LIMIT,1702260730491,100,0.4821592
BLURUSDT,SELL,LIMIT,1702260731545,306,0.4799061
BLURUSDT,SELL,LIMIT,1702260732580,1729,0.4787021
BLURUSDT,SELL,LIMIT,1702260733619,48543,0.4756592
BLURUSDT,SELL,LIMIT,1702260734655,1130,0.4780412
BLURUSDT,SELL,LIMIT,1702260735930,492,0.4776925
BLURUSDT,SELL,LIMIT,1702260736987,74,0.4763408
BLURUSDT,SELL,LIMIT,1702260738404,2898,0.4756237
BLURUSDT,SELL,LIMIT,1702260739418,28285,0.4740277
BLURUSDT,SELL,LIMIT,1702260740461,20846,0.4728319
BLURUSDT,SELL,LIMIT,1702260741448,298,0.4740389
BLURUSDT,SELL,LIMIT,1702260742525,195,0.4730854
BLURUSDT,SELL,LIMIT,1702260743653,11359,0.4728652
BLURUSDT,SELL,LIMIT,1702260744705,417,0.4715493
BLURUSDT,SELL,LIMIT,1702260745884,98,0.4729652
BLURUSDT,SELL,LIMIT,1702260746903,1357,0.4725028
BLURUSDT,SELL,LIMIT,1702260748604,1000,0.4738223
BLURUSDT,SELL,LIMIT,1702260749657,14,0.4735808
BLURUSDT,SELL,LIMIT,1702260750693,201,0.4718776
BLURUSDT,SELL,LIMIT,1702260751786,120,0.4718075
BLURUSDT,SELL,LIMIT,1702260752823,38,0.4717924
BLURUSDT,SELL,LIMIT,1702260754018,2200,0.4721943
BLURUSDT,SELL,LIMIT,1702260755382,4645,0.4720951
BLURUSDT,SELL,LIMIT,1702260756473,100,0.4733761
BLURUSDT,SELL,LIMIT,1702260757517,173,0.4714943
BLURUSDT,SELL,LIMIT,1702260758658,1272,0.4743906
BLURUSDT,SELL,LIMIT,1702260759665,56,0.4713597
BLURUSDT,SELL,LIMIT,1702260760639,577,0.4690083
BLURUSDT,SELL,LIMIT,1702260761729,227,0.4696488
BLURUSDT,SELL,LIMIT,1702260762733,99,0.4671333
BLURUSDT,SELL,LIMIT,1702260763739,157304,0.4615786
BLURUSDT,SELL,LIMIT,1702260764749,113,0.4650046
BLURUSDT,SELL,LIMIT,1702260765783,97,0.4639365
BLURUSDT,SELL,LIMIT,1702260766838,105,0.4644510
BLURUSDT,SELL,LIMIT,1702260767848,614,0.4616708
BLURUSDT,SELL,LIMIT,1702260768855,31365,0.4595148
BLURUSDT,SELL,LIMIT,1702260769786,86,0.4593538
BLURUSDT,SELL,LIMIT,1702260770880,18655,0.4598556
BLURUSDT,SELL,LIMIT,1702260771920,50,0.4588647
BLURUSDT,SELL,LIMIT,1702260772942,9179,0.4578532
BLURUSDT,SELL,LIMIT,1702260774121,13977,0.4555978
BLURUSDT,SELL,LIMIT,1702260775141,35,0.4547180
BLURUSDT,SELL,LIMIT,1702260776206,151,0.4637004
BLURUSDT,SELL,LIMIT,1702260777182,5614,0.4534555
BLURUSDT,SELL,LIMIT,1702260778185,3957,0.4480510
BLURUSDT,SELL,LIMIT,1702260779241,22112,0.4521882
BLURUSDT,SELL,LIMIT,1702260780270,22,0.4513816
BLURUSDT,SELL,LIMIT,1702260781310,1546,0.4507978
BLURUSDT,SELL,LIMIT,1702260782382,36299,0.4598507
BLURUSDT,SELL,LIMIT,1702260783415,38,0.4489892
BLURUSDT,SELL,LIMIT,1702260784477,1761,0.4477006
BLURUSDT,SELL,LIMIT,1702260785652,187,0.4478039
BLURUSDT,SELL,LIMIT,1702260786770,29029,0.4447205
BLURUSDT,SELL,LIMIT,1702260787801,42,0.4475055
BLURUSDT,SELL,LIMIT,1702260788914,80000,0.4409196
BLURUSDT,SELL,LIMIT,1702260790005,2000,0.4433687
BLURUSDT,SELL,LIMIT,1702260791005,60,0.4436619
BLURUSDT,SELL,LIMIT,1702260792306,401,0.4613592
BLURUSDT,SELL,LIMIT,1702260793387,1620,0.4432637
BLURUSDT,SELL,LIMIT,1702260794458,1081,0.4417645
BLURUSDT,SELL,LIMIT,1702260795523,390,0.4410548
BLURUSDT,SELL,LIMIT,1702260796531,10204,0.4410981
BLURUSDT,SELL,LIMIT,1702260797534,3324,0.4399248
BLURUSDT,SELL,LIMIT,1702260799033,927,0.4406975
BLURUSDT,SELL,LIMIT,1702260800355,368,0.4397519
BLURUSDT,SELL,LIMIT,1702260801359,9408,0.4390419
BLURUSDT,SELL,LIMIT,1702260802408,4804,0.4381274
BLURUSDT,SELL,LIMIT,1702260803453,80,0.4380489
BLURUSDT,SELL,LIMIT,1702260804455,9158,0.4359563
BLURUSDT,SELL,LIMIT,1702260805459,568,0.4335124
BLURUSDT,SELL,LIMIT,1702260806466,2367,0.4308029
BLURUSDT,SELL,LIMIT,1702260807494,196,0.4293806
BLURUSDT,SELL,LIMIT,1702260808539,455,0.4306032
BLURUSDT,SELL,LIMIT,1702260809645,1923,0.4301686
BLURUSDT,SELL,LIMIT,1702260810672,123647,0.4261018
BLURUSDT,SELL,LIMIT,1702260812067,5902,0.4295647
BLURUSDT,SELL,LIMIT,1702260813090,28,0.4283389
BLURUSDT,SELL,LIMIT,1702260814159,194,0.4274835
BLURUSDT,SELL,LIMIT,1702260818047,7140,0.4315286
BLURUSDT,SELL,LIMIT,1702260819250,36795,0.4318891
BLURUSDT,SELL,LIMIT,1702260820815,935,0.4347791
BLURUSDT,SELL,LIMIT,1702260826259,170,0.4372416
BLURUSDT,BUY,LIMIT,1702260831807,2346,0.4499495
BLURUSDT,BUY,LIMIT,1702260834833,38,0.0000000
BLURUSDT,BUY,LIMIT,1702260840490,925,0.4514584
BLURUSDT,BUY,LIMIT,1702260861356,41,0.4611107
BLURUSDT,SELL,LIMIT,1702260871885,10,0.4528952
BLURUSDT,BUY,LIMIT,1702260876267,776,0.4672561
BLURUSDT,BUY,LIMIT,1702261096844,42,0.4813339
BLURUSDT,SELL,LIMIT,1702261562322,474,0.4683021
BLURUSDT,SELL,LIMIT,1702261599602,101,0.4658892
BLURUSDT,SELL,LIMIT,1702261600665,396,0.4657376
BLURUSDT,SELL,LIMIT,1702261945401,10438,0.4695380
BLURUSDT,SELL,LIMIT,1702262512098,2001,0.4673665
BLURUSDT,SELL,LIMIT,1702262516161,185,0.4671111
BLURUSDT,SELL,LIMIT,1702262619526,421,0.4648408
BLURUSDT,SELL,LIMIT,1702262623749,133,0.4643578
BLURUSDT,SELL,LIMIT,1702262842915,150,0.4650741
BLURUSDT,SELL,LIMIT,1702262873171,1000,0.4642822
BLURUSDT,SELL,LIMIT,1702264750886,1010,0.4761693
BLURUSDT,BUY,LIMIT,1702265647264,1485,0.4946875
BLURUSDT,BUY,LIMIT,1702265652185,1140,0.4949959
BLURUSDT,BUY,LIMIT,1702266047985,822,0.4984408
BLURUSDT,SELL,LIMIT,1702266346369,399,0.4806841
