Symbol,Side,Order Type,Time,Quantity,Price
BLURUSDT,BUY,LIMIT,1701064885433,745,0.5507031
BLURUSDT,SELL,LIMIT,1701065240669,1399,0.5313298
BLURUSDT,SELL,LIMIT,1701065328188,453,0.5297020
BLURUSDT,SELL,LIMIT,1701065419758,37,0.5292388
BLURUSDT,BUY,LIMIT,1701066196889,135,0.5501217
BLURUSDT,SELL,LIMIT,1701066308665,257,0.5317498
BLURUSDT,BUY,LIMIT,1701066755130,8862,0.5488957
BLURUSDT,SELL,LIMIT,1701067141135,3995,0.5297216
BLURUSDT,SELL,LIMIT,1701067211887,196,0.5296263
BLURUSDT,SELL,LIMIT,1701067240557,1465,0.5286310
BLURUSDT,SELL,LIMIT,1701067254426,680,0.5282801
BLURUSDT,SELL,LIMIT,1701067257311,583,0.5278074
BLURUSDT,SELL,LIMIT,1701067261160,3000,0.5280298
BLURUSDT,SELL,LIMIT,1701067263002,52,0.5282556
BLURUSDT,SELL,LIMIT,1701067277388,905,0.5276699
BLURUSDT,SELL,LIMIT,1701067292939,669,0.5285198
BLURUSDT,SELL,LIMIT,1701067541294,964,0.5333939
BLURUSDT,SELL,LIMIT,1701067574482,1105,0.5284526
BLURUSDT,SELL,LIMIT,1701067645682,366,0.5280376
BLURUSDT,BUY,LIMIT,1701067681239,162,0.5451265
BLURUSDT,BUY,LIMIT,1701067745186,4545,0.5452148
BLURUSDT,BUY,LIMIT,1701067747172,583,0.5443163
BLURUSDT,SELL,LIMIT,1701067750064,3250,0.5287481
BLURUSDT,SELL,LIMIT,1701067869154,136,0.5262774
BLURUSDT,SELL,LIMIT,1701068020418,699,0.5264496
BLURUSDT,SELL,LIMIT,1701068023408,650,0.5260167
BLURUSDT,SELL,LIMIT,1701068045762,943,0.5250159
BLURUSDT,SELL,LIMIT,1701068074172,100,0.5255961
BLURUSDT,SELL,LIMIT,1701068114182,463,0.5245126
BLURUSDT,SELL,LIMIT,1701068117052,17,0.5243690
BLURUSDT,SELL,LIMIT,1701068196604,5991,0.5231336
BLURUSDT,SELL,LIMIT,1701068197749,389,0.5231296
BLURUSDT,SELL,LIMIT,1701068264686,1407,0.5229368
BLURUSDT,SELL,LIMIT,1701068280503,4884,0.5230351
BLURUSDT,SELL,LIMIT,1701068283201,114,0.5229867
BLURUSDT,SELL,LIMIT,1701068285068,8544,0.5226786
BLURUSDT,SELL,LIMIT,1701068286130,9085,0.5224335
BLURUSDT,SELL,LIMIT,1701068287170,90,0.5221525
BLURUSDT,SELL,LIMIT,1701068758980,116,0.5213685
BLURUSDT,SELL,LIMIT,1701068764000,53630,0.5185854
BLURUSDT,SELL,LIMIT,1701068776163,224,0.5208829
BLURUSDT,SELL,LIMIT,1701068777806,895,0.5206056
BLURUSDT,SELL,LIMIT,1701068778825,1901,0.5205426
BLURUSDT,SELL,LIMIT,1701068787269,22,0.5203401
BLURUSDT,SELL,LIMIT,1701068788916,1153,0.5202450
BLURUSDT,SELL,LIMIT,1701068790653,56,0.5201723
BLURUSDT,BUY,LIMIT,1701068996261,126,0.5391471
BLURUSDT,BUY,LIMIT,1701068998143,10,0.5391981
BLURUSDT,BUY,LIMIT,1701069011508,234,0.5364371
BLURUSDT,BUY,LIMIT,1701069014303,683,0.5398821
BLURUSDT,SELL,LIMIT,1701069135162,12,0.5213896
BLURUSDT,SELL,LIMIT,1701069200443,5164,0.5235748
BLURUSDT,SELL,LIMIT,1701069404376,140,0.5241240
BLURUSDT,SELL,LIMIT,1701069410640,139,0.5232321
BLURUSDT,SELL,LIMIT,1701069425261,1017,0.5252913
BLURUSDT,SELL,LIMIT,1701069486050,1801,0.5212621
BLURUSDT,SELL,LIMIT,1701069509106,2945,0.5200801
BLURUSDT,SELL,LIMIT,1701069511191,1513,0.5197409
BLURUSDT,SELL,LIMIT,1701069512287,157,0.5188844
BLURUSDT,SELL,LIMIT,1701069513294,13298,0.5184247
BLURUSDT,SELL,LIMIT,1701069514645,427,0.5183457
BLURUSDT,SELL,LIMIT,1701069515765,1854,0.5166554
BLURUSDT,SELL,LIMIT,1701069518102,3897,0.5153922
BLURUSDT,SELL,LIMIT,1701069521561,1862,0.5158255
BLURUSDT,SELL,LIMIT,1701069522808,57326,0.5126805
BLURUSDT,SELL,LIMIT,1701069523859,252,0.5146236
BLURUSDT,SELL,LIMIT,1701069525098,704,0.5140470
BLURUSDT,SELL,LIMIT,1701069526305,925,0.5137451
BLURUSDT,SELL,LIMIT,1701069527406,221,0.5131355
BLURUSDT,SELL,LIMIT,1701069541679,8775,0.5128896
BLURUSDT,SELL,LIMIT,1701069549127,833,0.5140716
BLURUSDT,SELL,LIMIT,1701069552032,19682,0.5111123
BLURUSDT,SELL,LIMIT,1701069553029,263,0.5127945
BLURUSDT,SELL,LIMIT,1701069554114,35,0.5117782
BLURUSDT,SELL,LIMIT,1701069555175,5122,0.5115676
BLURUSDT,SELL,LIMIT,1701069556197,1691,0.5113760
BLURUSDT,SELL,LIMIT,1701069561550,252,0.5115696
BLURUSDT,SELL,LIMIT,1701069572419,11469,0.5125015
BLURUSDT,SELL,LIMIT,1701069575248,3456,0.5115068
BLURUSDT,SELL,LIMIT,1701069577429,106,0.5114117
BLURUSDT,SELL,LIMIT,1701069630874,1686,0.5132618
BLURUSDT,SELL,LIMIT,1701069635921,194,0.5152323
BLURUSDT,SELL,LIMIT,1701069637974,1568,0.5119046
BLURUSDT,BUY,LIMIT,1701069684075,111,0.5293754
BLURUSDT,SELL,LIMIT,1701069801625,169,0.5118061
BLURUSDT,SELL,LIMIT,1701069806144,258,0.5112839
BLURUSDT,SELL,LIMIT,1701069807160,6105,0.5105859
BLURUSDT,SELL,LIMIT,1701069808261,267,0.5105834
BLURUSDT,SELL,LIMIT,1701069810106,16,0.5103247
BLURUSDT,SELL,LIMIT,1701069821571,744,0.5111683
BLURUSDT,SELL,LIMIT,1701069827058,437,0.5103772
BLURUSDT,SELL,LIMIT,1701069828946,32,0.5102548
BLURUSDT,SELL,LIMIT,1701069829970,12,0.5100848
BLURUSDT,SELL,LIMIT,1701069831240,2476,0.5096220
BLURUSDT,SELL,LIMIT,1701069832298,64,0.5096634
BLURUSDT,SELL,LIMIT,1701069833532,5000,0.5087508
BLURUSDT,SELL,LIMIT,1701069859799,79,0.5090481
BLURUSDT,SELL,LIMIT,1701069877361,111,0.5086961
BLURUSDT,SELL,LIMIT,1701069879449,4849,0.5086968
BLURUSDT,SELL,LIMIT,1701069883218,4548,0.5084571
BLURUSDT,SELL,LIMIT,1701069884311,117,0.5085556
BLURUSDT,SELL,LIMIT,1701069888831,62080,0.5061988
BLURUSDT,SELL,LIMIT,1701069892392,1165,0.5085556
BLURUSDT,SELL,LIMIT,1701069897785,1896,0.5086541
BLURUSDT,SELL,LIMIT,1701069899032,2902,0.5084088
BLURUSDT,SELL,LIMIT,1701070107172,9,0.5076883
BLURUSDT,SELL,LIMIT,1701070108260,104,0.5076273
BLURUSDT,SELL,LIMIT,1701070126195,1683,0.5074096
BLURUSDT,SELL,LIMIT,1701070135512,11,0.5070781
BLURUSDT,SELL,LIMIT,1701070172757,9,0.5079574
BLURUSDT,BUY,LIMIT,1701070193662,7856,0.5256339
BLURUSDT,BUY,LIMIT,1701070235159,44,0.5281010
BLURUSDT,SELL,LIMIT,1701070353733,820,0.5117076
BLURUSDT,BUY,LIMIT,1701070403320,1928,0.5294107
BLURUSDT,BUY,LIMIT,1701070511165,1865,0.5298216
BLURUSDT,BUY,LIMIT,1701070513186,4611,0.5301245
BLURUSDT,BUY,LIMIT,1701070549981,573,0.5305544
BLURUSDT,BUY,LIMIT,1701070637125,306,0.5327907
BLURUSDT,BUY,LIMIT,1701070835430,22,0.5335221
BLURUSDT,SELL,LIMIT,1701071407486,1903,0.5142670
BLURUSDT,SELL,LIMIT,1701071440996,10,0.5135279
BLURUSDT,BUY,LIMIT,1701071624219,779,0.5328926
BLURUSDT,SELL,LIMIT,1701072101952,145,0.5147861
BLURUSDT,SELL,LIMIT,1701072188886,19,0.5137501
BLURUSDT,SELL,LIMIT,1701072317602,90,0.5129418
BLURUSDT,BUY,LIMIT,1701072595712,89,0.5302400
BLURUSDT,BUY,LIMIT,1701072710600,14,0.5340857
BLURUSDT,BUY,LIMIT,1701072831311,1272,0.5348498
BLURUSDT,BUY,LIMIT,1701072833425,80,0.5352013
BLURUSDT,BUY,LIMIT,1701072863668,198,0.5353629
BLURUSDT,BUY,LIMIT,1701072868952,9641,0.5355474
BLURUSDT,BUY,LIMIT,1701072870814,350,0.5355488
BLURUSDT,BUY,LIMIT,1701072886795,95,0.5357726
BLURUSDT,BUY,LIMIT,1701073605719,71,0.5369705
BLURUSDT,BUY,LIMIT,1701073652500,141,0.5380015
BLURUSDT,BUY,LIMIT,1701073654348,1193,0.5383232
BLURUSDT,BUY,LIMIT,1701073657430,26,0.5386755
BLURUSDT,BUY,LIMIT,1701074340197,103,0.5262079
BLURUSDT,SELL,LIMIT,1701074373720,1369,0.5278761
BLURUSDT,BUY,LIMIT,1701074506424,940,0.5392968
BLURUSDT,SELL,LIMIT,1701074839524,1103,0.5193070
BLURUSDT,SELL,LIMIT,1701074845616,201,0.5192081
BLURUSDT,SELL,LIMIT,1701074922097,17,0.5182033
BLURUSDT,SELL,LIMIT,1701075021136,19,0.5184796
BLURUSDT,BUY,LIMIT,1701076432843,85,0.5346994
BLURUSDT,BUY,LIMIT,1701076503132,1138,0.5365585
BLURUSDT,SELL,LIMIT,1701076929188,345,0.5187137
BLURUSDT,SELL,LIMIT,1701076995431,306,0.5160027
BLURUSDT,SELL,LIMIT,1701076999328,102,0.5156834
BLURUSDT,SELL,LIMIT,1701077003443,132,0.5153904
BLURUSDT,SELL,LIMIT,1701077178622,22,0.5132564
BLURUSDT,SELL,LIMIT,1701077187707,60,0.5130405
BLURUSDT,BUY,LIMIT,1701078395066,373,0.5315701
BLURUSDT,BUY,LIMIT,1701078448710,14,0.5334610
BLURUSDT,BUY,LIMIT,1701079600828,190,0.5355433
BLURUSDT,BUY,LIMIT,1701079654736,9490,0.5366967
BLURUSDT,SELL,LIMIT,1701080757902,2059,0.5185248
BLURUSDT,SELL,LIMIT,1701080765675,1525,0.5182086
BLURUSDT,SELL,LIMIT,1701080787420,302,0.5179947
BLURUSDT,SELL,LIMIT,1701080979065,1438,0.5146991
BLURUSDT,SELL,LIMIT,1701080980171,375,0.5150901
BLURUSDT,SELL,LIMIT,1701080996326,115,0.5119751
BLURUSDT,SELL,LIMIT,1701081164143,8000,0.5122202
BLURUSDT,SELL,LIMIT,1701081165219,594,0.5122055
BLURUSDT,SELL,LIMIT,1701081189892,4468,0.5107150
BLURUSDT,SELL,LIMIT,1701081195815,89,0.5098961
BLURUSDT,SELL,LIMIT,1701081198937,234,0.5097104
BLURUSDT,SELL,LIMIT,1701081205078,13,0.5093589
BLURUSDT,SELL,LIMIT,1701081207328,47,0.5091216
BLURUSDT,SELL,LIMIT,1701081329073,556,0.5113417
BLURUSDT,SELL,LIMIT,1701081423568,2224,0.5090778
BLURUSDT,SELL,LIMIT,1701081427813,10,0.5087526
BLURUSDT,SELL,LIMIT,1701081438131,1783,0.5083885
BLURUSDT,SELL,LIMIT,1701081440922,555,0.5081797
BLURUSDT,SELL,LIMIT,1701081453363,2843,0.5081616
BLURUSDT,SELL,LIMIT,1701081458538,681,0.5111058
BLURUSDT,SELL,LIMIT,1701081471052,677,0.5078624
BLURUSDT,SELL,LIMIT,1701081472897,5543,0.5077392
BLURUSDT,BUY,LIMIT,1701081537239,66,0.5263678
BLURUSDT,SELL,LIMIT,1701081609822,262,0.5090481
BLURUSDT,SELL,LIMIT,1701081890294,514,0.5086067
BLURUSDT,SELL,LIMIT,1701081904794,868,0.5083236
BLURUSDT,SELL,LIMIT,1701081944050,286,0.5075871
BLURUSDT,SELL,LIMIT,1701081949266,6764,0.5071107
BLURUSDT,SELL,LIMIT,1701081950483,1022,0.5061655
BLURUSDT,SELL,LIMIT,1701081952012,422,0.5058955
BLURUSDT,SELL,LIMIT,1701081953017,280,0.5056044
BLURUSDT,SELL,LIMIT,1701081961254,348,0.5054940
BLURUSDT,SELL,LIMIT,1701082040105,27834,0.5046999
BLURUSDT,SELL,LIMIT,1701082116501,271,0.5053632
BLURUSDT,SELL,LIMIT,1701082118070,71,0.5052116
BLURUSDT,SELL,LIMIT,1701082119170,1746,0.5045003
BLURUSDT,SELL,LIMIT,1701082120456,6265,0.5046692
BLURUSDT,SELL,LIMIT,1701082131184,30844,0.5027324
BLURUSDT,SELL,LIMIT,1701082151177,3429,0.5047949
BLURUSDT,BUY,LIMIT,1701082268986,159,0.5221859
BLURUSDT,SELL,LIMIT,1701082448248,239,0.5042933
BLURUSDT,SELL,LIMIT,1701082451364,39,0.5042216
BLURUSDT,SELL,LIMIT,1701082454968,70,0.5042003
BLURUSDT,SELL,LIMIT,1701082469040,654,0.5041231
BLURUSDT,SELL,LIMIT,1701082473087,191,0.5040375
BLURUSDT,SELL,LIMIT,1701082474119,1406,0.5036096
BLURUSDT,SELL,LIMIT,1701082476084,458,0.5033380
BLURUSDT,SELL,LIMIT,1701082477090,600,0.5034672
BLURUSDT,SELL,LIMIT,1701082478872,174,0.5033916
BLURUSDT,SELL,LIMIT,1701082483238,42645,0.5012882
BLURUSDT,SELL,LIMIT,1701082485236,461,0.5032366
BLURUSDT,SELL,LIMIT,1701082486612,849,0.5030028
BLURUSDT,SELL,LIMIT,1701082495523,4941,0.5029666
BLURUSDT,SELL,LIMIT,1701082499599,1641,0.5029463
BLURUSDT,SELL,LIMIT,1701082507053,21142,0.5013994
BLURUSDT,SELL,LIMIT,1701082508094,781,0.5026776
BLURUSDT,SELL,LIMIT,1701082622540,363,0.5028426
BLURUSDT,SELL,LIMIT,1701082638757,321,0.5028426
BLURUSDT,SELL,LIMIT,1701082651137,536,0.5016212
BLURUSDT,SELL,LIMIT,1701082652228,18,0.5017801
BLURUSDT,SELL,LIMIT,1701082653229,2449,0.5008547
BLURUSDT,SELL,LIMIT,1701082671933,79,0.5004157
BLURUSDT,SELL,LIMIT,1701082674212,474,0.4999304
BLURUSDT,SELL,LIMIT,1701082675242,24,0.5002016
BLURUSDT,SELL,LIMIT,1701082676580,19,0.4997504
BLURUSDT,SELL,LIMIT,1701082703796,179,0.5036800
BLURUSDT,SELL,LIMIT,1701082726488,647,0.5005506
BLURUSDT,BUY,LIMIT,1701082774330,7853,0.5192048
BLURUSDT,BUY,LIMIT,1701082786123,1326,0.5199952
BLURUSDT,BUY,LIMIT,1701083018058,5860,0.5218446
BLURUSDT,BUY,LIMIT,1701083039291,101,0.5224584
BLURUSDT,SELL,LIMIT,1701083333485,866,0.5033543
BLURUSDT,SELL,LIMIT,1701083394859,777,0.5028008
BLURUSDT,SELL,LIMIT,1701083399152,8278,0.5026011
BLURUSDT,BUY,LIMIT,1701083947530,977,0.5213840
BLURUSDT,BUY,LIMIT,1701083959723,246,0.5216277
BLURUSDT,BUY,LIMIT,1701083960766,2354,0.5220356
BLURUSDT,BUY,LIMIT,1701083980075,2492,0.5229558
BLURUSDT,BUY,LIMIT,1701084127283,10,0.5237889
BLURUSDT,BUY,LIMIT,1701084648421,2059,0.5227250
BLURUSDT,SELL,LIMIT,1701084699608,255,0.5062277
BLURUSDT,SELL,LIMIT,1701084906494,99,0.5055906
BLURUSDT,BUY,LIMIT,1701085160819,1553,0.5258195
BLURUSDT,BUY,LIMIT,1701085162074,10,0.5260620
BLURUSDT,SELL,LIMIT,1701085575764,1286,0.5074068
BLURUSDT,BUY,LIMIT,1701085755099,667,0.5274591
BLURUSDT,BUY,LIMIT,1701085756133,2823,0.5265276
BLURUSDT,BUY,LIMIT,1701086073222,183,0.5283641
BLURUSDT,BUY,LIMIT,1701086311363,9779,0.5288564
BLURUSDT,BUY,LIMIT,1701086313349,434,0.5293092
BLURUSDT,BUY,LIMIT,1701086320639,1693,0.5300794
BLURUSDT,BUY,LIMIT,1701086321783,66,0.5301400
BLURUSDT,BUY,LIMIT,1701086326107,2628,0.5302960
BLURUSDT,BUY,LIMIT,1701086335633,104,0.5306019
BLURUSDT,BUY,LIMIT,1701086346793,309,0.5316298
BLURUSDT,BUY,LIMIT,1701086505237,42,0.5327698
BLURUSDT,BUY,LIMIT,1701086507337,52,0.5340625
BLURUSDT,BUY,LIMIT,1701086521047,98,0.5356010
BLURUSDT,BUY,LIMIT,1701086522207,544,0.5344276
BLURUSDT,BUY,LIMIT,1701086523278,145,0.5349266
BLURUSDT,BUY,LIMIT,1701086534441,9630,0.5364431
BLURUSDT,BUY,LIMIT,1701086535956,166,0.5365170
BLURUSDT,BUY,LIMIT,1701086540054,35,0.5371341
BLURUSDT,BUY,LIMIT,1701086541174,2419,0.5372420
BLURUSDT,BUY,LIMIT,1701086542828,2025,0.5381617
BLURUSDT,BUY,LIMIT,1701086566184,2869,0.5387591
BLURUSDT,BUY,LIMIT,1701086569392,3900,0.5392192
BLURUSDT,BUY,LIMIT,1701086570409,3301,0.5394983
BLURUSDT,BUY,LIMIT,1701086572398,192,0.5398994
BLURUSDT,BUY,LIMIT,1701086583123,6447,0.5413758
BLURUSDT,BUY,LIMIT,1701086584224,100,0.5413614
BLURUSDT,BUY,LIMIT,1701086615128,1217,0.5426693
BLURUSDT,BUY,LIMIT,1701086616168,3872,0.5420667
BLURUSDT,BUY,LIMIT,1701086642308,484,0.5416040
BLURUSDT,SELL,LIMIT,1701086704230,1861,0.5227879
BLURUSDT,SELL,LIMIT,1701086710713,10,0.6955020
BLURUSDT,SELL,LIMIT,1701086821803,1414,0.5212441
BLURUSDT,BUY,LIMIT,1701087115274,713,0.5398908
BLURUSDT,SELL,LIMIT,1701087522431,2262,0.5197386
BLURUSDT,SELL,LIMIT,1701087526048,2136,0.5186240
BLURUSDT,BUY,LIMIT,1701088080405,11,0.5373989
BLURUSDT,BUY,LIMIT,1701088182497,951,0.5394068
BLURUSDT,SELL,LIMIT,1701088588593,5142,0.5192961
BLURUSDT,SELL,LIMIT,1701088610520,753,0.5189199
BLURUSDT,SELL,LIMIT,1701088840697,102,0.5179428
BLURUSDT,BUY,LIMIT,1701089154002,690,0.5371124
BLURUSDT,BUY,LIMIT,1701089199969,3129,0.5375673
BLURUSDT,SELL,LIMIT,1701089864433,17,0.5200162
BLURUSDT,SELL,LIMIT,1701089962385,28,0.5182357
BLURUSDT,SELL,LIMIT,1701090017836,28,0.5173505
BLURUSDT,SELL,LIMIT,1701090044389,442,0.5168011
BLURUSDT,SELL,LIMIT,1701090046859,2364,0.5158917
BLURUSDT,SELL,LIMIT,1701090520425,288,0.5147607
BLURUSDT,SELL,LIMIT,1701090948236,4313,0.5145810
BLURUSDT,SELL,LIMIT,1701090976137,561,0.5133821
BLURUSDT,SELL,LIMIT,1701090977937,2448,0.5133696
BLURUSDT,SELL,LIMIT,1701091014654,581,0.5129388
BLURUSDT,BUY,LIMIT,1701091219741,1257,0.5327894
BLURUSDT,BUY,LIMIT,1701091227181,1066,0.5334571
BLURUSDT,BUY,LIMIT,1701091233046,56,0.5339204
BLURUSDT,BUY,LIMIT,1701091243104,391,0.5346350
BLURUSDT,BUY,LIMIT,1701091244126,91,0.5354135
BLURUSDT,BUY,LIMIT,1701091249727,3224,0.5355544
BLURUSDT,BUY,LIMIT,1701091251357,278,0.5358492
BLURUSDT,SELL,LIMIT,1701092485640,3337,0.5153515
BLURUSDT,BUY,LIMIT,1701092918053,24820,0.5333436
BLURUSDT,BUY,LIMIT,1701092919215,478,0.5322993
BLURUSDT,SELL,LIMIT,1701093128249,570,0.5151778
BLURUSDT,SELL,LIMIT,1701093138068,17358,0.5174305
BLURUSDT,BUY,LIMIT,1701093202199,1395,0.5342743
BLURUSDT,BUY,LIMIT,1701093203302,5736,0.5349339
BLURUSDT,BUY,LIMIT,1701093270636,530,0.5359674
BLURUSDT,BUY,LIMIT,1701093459247,1055,0.5347207
BLURUSDT,BUY,LIMIT,1701093460529,875,0.5364700
BLURUSDT,BUY,LIMIT,1701093521219,816,0.5371088
BLURUSDT,BUY,LIMIT,1701093524360,1483,0.5376671
BLURUSDT,SELL,LIMIT,1701093680860,397,0.5186802
BLURUSDT,SELL,LIMIT,1701093913057,1477,0.5180732
BLURUSDT,SELL,LIMIT,1701094575068,26,0.5170266
BLURUSDT,SELL,LIMIT,1701094661313,185,0.5156672
BLURUSDT,SELL,LIMIT,1701095027516,2382,0.5145071
BLURUSDT,SELL,LIMIT,1701095519263,434,0.5125749
BLURUSDT,SELL,LIMIT,1701095521684,9445,0.5125102
BLURUSDT,SELL,LIMIT,1701095529405,1907,0.5126926
BLURUSDT,SELL,LIMIT,1701095530564,10,0.5203660
BLURUSDT,SELL,LIMIT,1701095540552,3101,0.5119192
BLURUSDT,SELL,LIMIT,1701095544255,66,0.5117788
BLURUSDT,SELL,LIMIT,1701096467250,1502,0.5113705
BLURUSDT,SELL,LIMIT,1701096471601,2415,0.5109198
BLURUSDT,SELL,LIMIT,1701096721708,829,0.5101942
BLURUSDT,SELL,LIMIT,1701096723053,721,0.5096061
BLURUSDT,SELL,LIMIT,1701096748128,43,0.5090064
BLURUSDT,SELL,LIMIT,1701096749795,57,0.5088608
BLURUSDT,SELL,LIMIT,1701096812739,1627,0.5085720
BLURUSDT,SELL,LIMIT,1701096826360,738,0.5083215
BLURUSDT,SELL,LIMIT,1701097049349,10,0.5086296
BLURUSDT,SELL,LIMIT,1701097072454,196,0.5076271
BLURUSDT,SELL,LIMIT,1701097100614,1608,0.5071766
BLURUSDT,SELL,LIMIT,1701097102517,97,0.5072250
BLURUSDT,BUY,LIMIT,1701097339882,4840,0.5264935
BLURUSDT,BUY,LIMIT,1701097373905,87,0.5280286
BLURUSDT,BUY,LIMIT,1701097436103,311,0.5306497
BLURUSDT,BUY,LIMIT,1701097456469,40,0.5305793
BLURUSDT,BUY,LIMIT,1701097911377,11,0.5319554
BLURUSDT,BUY,LIMIT,1701098217567,518,0.5343883
BLURUSDT,BUY,LIMIT,1701098255775,266,0.5348277
BLURUSDT,BUY,LIMIT,1701098299041,10,0.5350526
BLURUSDT,SELL,LIMIT,1701098788213,590,0.5163933
BLURUSDT,SELL,LIMIT,1701098894830,118,0.5155217
BLURUSDT,SELL,LIMIT,1701098925357,873,0.5154267
BLURUSDT,SELL,LIMIT,1701100132873,1346,0.5126997
BLURUSDT,SELL,LIMIT,1701100182129,1929,0.5135069
BLURUSDT,SELL,LIMIT,1701100183542,192,0.5122321
BLURUSDT,SELL,LIMIT,1701100219343,3833,0.5114121
BLURUSDT,SELL,LIMIT,1701100280289,86,0.5120246
BLURUSDT,SELL,LIMIT,1701100524125,499,0.5144656
BLURUSDT,SELL,LIMIT,1701100530208,260,0.5144656
BLURUSDT,SELL,LIMIT,1701100562557,9558,0.5206315
BLURUSDT,SELL,LIMIT,1701100570087,28,0.5138746
BLURUSDT,SELL,LIMIT,1701100571864,189,0.5138746
BLURUSDT,SELL,LIMIT,1701100574055,94,0.5134806
BLURUSDT,SELL,LIMIT,1701100617973,154,0.5125467
BLURUSDT,SELL,LIMIT,1701100628823,9573,0.5119586
BLURUSDT,SELL,LIMIT,1701100632755,191,0.5116456
BLURUSDT,BUY,LIMIT,1701100638202,23,0.5274188
BLURUSDT,BUY,LIMIT,1701100641926,363,0.5180689
BLURUSDT,SELL,LIMIT,1701100804967,651,0.5114897
BLURUSDT,SELL,LIMIT,1701100932397,6,0.5132227
BLURUSDT,SELL,LIMIT,1701100994127,108,0.5171511
BLURUSDT,BUY,LIMIT,1701101043820,333,0.5315065
BLURUSDT,BUY,LIMIT,1701101073273,9,0.0565997
BLURUSDT,BUY,LIMIT,1701101216320,10,0.5324449
BLURUSDT,BUY,LIMIT,1701101219325,784,0.5325922
BLURUSDT,BUY,LIMIT,1701101277578,9419,0.5337706
BLURUSDT,BUY,LIMIT,1701101362096,372,0.5354135
BLURUSDT,BUY,LIMIT,1701101363733,1788,0.5359046
BLURUSDT,SELL,LIMIT,1701101678693,9287,0.5171537
BLURUSDT,SELL,LIMIT,1701101681008,172,0.5165118
BLURUSDT,SELL,LIMIT,1701102068277,9454,0.5163135
BLURUSDT,SELL,LIMIT,1701102071797,82,0.5152841
BLURUSDT,SELL,LIMIT,1701102073843,95,0.5151050
BLURUSDT,SELL,LIMIT,1701102148264,200,0.5147433
BLURUSDT,SELL,LIMIT,1701102229811,30998,0.5120367
BLURUSDT,SELL,LIMIT,1701102251770,7668,0.5135080
BLURUSDT,SELL,LIMIT,1701102266105,2600,0.5117160
BLURUSDT,SELL,LIMIT,1701102593343,120,0.5100095
BLURUSDT,SELL,LIMIT,1701102629121,171,0.5089507
BLURUSDT,SELL,LIMIT,1701102729629,895,0.5087333
BLURUSDT,SELL,LIMIT,1701102749108,1141,0.5073225
BLURUSDT,SELL,LIMIT,1701102750293,187,0.5066395
BLURUSDT,SELL,LIMIT,1701102751480,1081,0.5064376
BLURUSDT,SELL,LIMIT,1701103781061,286,0.5071636
BLURUSDT,SELL,LIMIT,1701103782313,280,0.5075551
BLURUSDT,SELL,LIMIT,1701103850888,40,0.5058741
BLURUSDT,SELL,LIMIT,1701103853204,202,0.5057195
BLURUSDT,SELL,LIMIT,1701103854338,4279,0.5053945
BLURUSDT,SELL,LIMIT,1701103861195,498,0.5048522
BLURUSDT,BUY,LIMIT,1701104165298,3032,0.5227236
BLURUSDT,SELL,LIMIT,1701104557995,3,0.5057977
BLURUSDT,BUY,LIMIT,1701105064116,990,0.5249930
BLURUSDT,BUY,LIMIT,1701105106269,240,0.5258658
BLURUSDT,BUY,LIMIT,1701105117119,1124,0.5262880
BLURUSDT,BUY,LIMIT,1701105118334,1142,0.5260689
BLURUSDT,BUY,LIMIT,1701105156042,5942,0.5274405
BLURUSDT,SELL,LIMIT,1701105316329,1009,0.5086137
BLURUSDT,SELL,LIMIT,1701105394917,855,0.5068169
BLURUSDT,SELL,LIMIT,1701106058288,548,0.5060707
BLURUSDT,SELL,LIMIT,1701106148527,156,0.5166881
BLURUSDT,BUY,LIMIT,1701106800963,26,0.5262061
BLURUSDT,SELL,LIMIT,1701107470351,86,0.5082280
BLURUSDT,BUY,LIMIT,1701108517546,188,0.5290017
BLURUSDT,BUY,LIMIT,1701108643506,175,0.5299015
BLURUSDT,BUY,LIMIT,1701108940138,59,0.5302960
BLURUSDT,BUY,LIMIT,1701108948988,46,0.5314184
BLURUSDT,BUY,LIMIT,1701108951398,506,0.5315910
BLURUSDT,BUY,LIMIT,1701108956216,9394,0.5317477
BLURUSDT,BUY,LIMIT,1701109534966,2698,0.5324950
BLURUSDT,SELL,LIMIT,1701110450068,4385,0.5152461
BLURUSDT,SELL,LIMIT,1701111086239,691,0.5135757
BLURUSDT,BUY,LIMIT,1701111107397,475,0.5273816
BLURUSDT,SELL,LIMIT,1701111114043,42,0.5131241
BLURUSDT,SELL,LIMIT,1701111117861,1456,0.5128144
BLURUSDT,SELL,LIMIT,1701111119161,1500,0.5126903
BLURUSDT,SELL,LIMIT,1701111135788,80,0.5119527
BLURUSDT,SELL,LIMIT,1701111192421,1728,0.5140339
BLURUSDT,SELL,LIMIT,1701111208981,33,0.5104202
BLURUSDT,SELL,LIMIT,1701111211029,81,0.5101176
BLURUSDT,SELL,LIMIT,1701111212941,46,0.5099749
BLURUSDT,SELL,LIMIT,1701111254440,5065,0.5098232
BLURUSDT,SELL,LIMIT,1701111282893,21,0.5092451
BLURUSDT,SELL,LIMIT,1701111462584,65,0.5085517
BLURUSDT,SELL,LIMIT,1701111574917,42,0.5074310
BLURUSDT,SELL,LIMIT,1701111580479,2583,0.5064871
BLURUSDT,SELL,LIMIT,1701111622057,188,0.5069730
BLURUSDT,SELL,LIMIT,1701111658174,36,0.5043813
BLURUSDT,SELL,LIMIT,1701111659226,1272,0.5048570
BLURUSDT,BUY,LIMIT,1701111842234,5253,0.5205947
BLURUSDT,SELL,LIMIT,1701111855227,3584,0.5052010
BLURUSDT,SELL,LIMIT,1701111858939,330,0.5053051
BLURUSDT,SELL,LIMIT,1701111874375,310,0.5050072
BLURUSDT,SELL,LIMIT,1701111898182,46,0.5038045
BLURUSDT,SELL,LIMIT,1701111901739,78,0.5036695
BLURUSDT,SELL,LIMIT,1701111903402,35,0.5034760
BLURUSDT,SELL,LIMIT,1701111921202,2536,0.5026407
BLURUSDT,SELL,LIMIT,1701111922211,577,0.5019132
BLURUSDT,SELL,LIMIT,1701111923213,32,0.5009211
BLURUSDT,SELL,LIMIT,1701111924279,65,0.5000224
BLURUSDT,SELL,LIMIT,1701111925526,56,0.4997768
BLURUSDT,SELL,LIMIT,1701111966034,680,0.4989428
BLURUSDT,SELL,LIMIT,1701111967095,10,0.4995985
BLURUSDT,SELL,LIMIT,1701111968180,119,0.4987846
BLURUSDT,SELL,LIMIT,1701112002079,2603,0.4986060
BLURUSDT,SELL,LIMIT,1701112003096,380,0.4986781
BLURUSDT,SELL,LIMIT,1701112004185,569,0.4984967
BLURUSDT,SELL,LIMIT,1701112005328,2372,0.4981415
BLURUSDT,SELL,LIMIT,1701112010208,1806,0.4980363
BLURUSDT,SELL,LIMIT,1701112012042,3067,0.4975236
BLURUSDT,SELL,LIMIT,1701112014255,1000,0.5016048
BLURUSDT,SELL,LIMIT,1701112016762,10568,0.4975474
BLURUSDT,SELL,LIMIT,1701112023171,42505,0.4948178
BLURUSDT,SELL,LIMIT,1701112024331,65587,0.4939837
BLURUSDT,SELL,LIMIT,1701112055482,80,0.4977980
BLURUSDT,SELL,LIMIT,1701112082039,3832,0.4949025
BLURUSDT,SELL,LIMIT,1701112083096,4000,0.4960082
BLURUSDT,SELL,LIMIT,1701112084431,264,0.4943577
BLURUSDT,SELL,LIMIT,1701112127197,1753,0.4954502
BLURUSDT,SELL,LIMIT,1701112159192,192,0.4959288
BLURUSDT,SELL,LIMIT,1701112166156,1876,0.4951321
BLURUSDT,SELL,LIMIT,1701112179449,3941,0.4955360
BLURUSDT,SELL,LIMIT,1701112191496,2669,0.4945653
BLURUSDT,SELL,LIMIT,1701112207471,69698,0.4912248
BLURUSDT,SELL,LIMIT,1701112209090,7668,0.4940209
BLURUSDT,SELL,LIMIT,1701112210187,2147,0.4938937
BLURUSDT,BUY,LIMIT,1701112271194,1306,0.5116528
BLURUSDT,BUY,LIMIT,1701112332053,311,0.5128098
BLURUSDT,BUY,LIMIT,1701112334625,212,0.5133493
BLURUSDT,BUY,LIMIT,1701112349771,1990,0.5154036
BLURUSDT,BUY,LIMIT,1701112500534,5568,0.5156004
BLURUSDT,BUY,LIMIT,1701112886747,2608,0.5173150
BLURUSDT,BUY,LIMIT,1701113531702,432,0.5179564
BLURUSDT,BUY,LIMIT,1701113576380,7902,0.5187250
BLURUSDT,SELL,LIMIT,1701114023450,74,0.5010356
BLURUSDT,SELL,LIMIT,1701114026550,1094,0.5009741
BLURUSDT,SELL,LIMIT,1701114042253,74,0.5007356
BLURUSDT,SELL,LIMIT,1701114141227,160,0.5001506
BLURUSDT,SELL,LIMIT,1701114199564,100,0.4987795
BLURUSDT,SELL,LIMIT,1701114228436,1789,0.4985653
BLURUSDT,SELL,LIMIT,1701114231416,691,0.4986286
BLURUSDT,SELL,LIMIT,1701114237776,492,0.4981378
BLURUSDT,SELL,LIMIT,1701114264065,716,0.4968315
BLURUSDT,SELL,LIMIT,1701114265123,10,0.4972521
BLURUSDT,SELL,LIMIT,1701114344302,159,0.4955011
BLURUSDT,SELL,LIMIT,1701114350487,103,0.4952117
BLURUSDT,SELL,LIMIT,1701114352214,50,0.4946692
BLURUSDT,SELL,LIMIT,1701114353394,3682,0.4950810
BLURUSDT,SELL,LIMIT,1701114358218,2117,0.4945591
BLURUSDT,SELL,LIMIT,1701114368763,67,0.4945117
BLURUSDT,SELL,LIMIT,1701114445658,361,0.4941211
BLURUSDT,SELL,LIMIT,1701114456077,11762,0.4934975
BLURUSDT,SELL,LIMIT,1701114462132,4589,0.4938199
BLURUSDT,SELL,LIMIT,1701114464259,10,0.4933618
BLURUSDT,SELL,LIMIT,1701114465271,1037,0.4924332
BLURUSDT,SELL,LIMIT,1701114467352,2629,0.4926425
BLURUSDT,SELL,LIMIT,1701114468628,8942,0.4923863
BLURUSDT,SELL,LIMIT,1701114469742,984,0.4922749
BLURUSDT,SELL,LIMIT,1701114470832,1662,0.4922176
BLURUSDT,SELL,LIMIT,1701114474089,193,0.4920548
BLURUSDT,SELL,LIMIT,1701114475227,29715,0.4903984
BLURUSDT,SELL,LIMIT,1701114476214,31119,0.4903310
BLURUSDT,SELL,LIMIT,1701114477302,1919,0.4915529
BLURUSDT,SELL,LIMIT,1701114478267,899,0.4905743
BLURUSDT,SELL,LIMIT,1701114496159,13,0.4928559
BLURUSDT,SELL,LIMIT,1701114505393,1088,0.4930138
BLURUSDT,SELL,LIMIT,1701114523311,586,0.4920330
BLURUSDT,SELL,LIMIT,1701114527088,47,0.4915151
BLURUSDT,SELL,LIMIT,1701114531399,108,0.4914170
BLURUSDT,BUY,LIMIT,1701114661984,2529,0.5094598
BLURUSDT,SELL,LIMIT,1701114783044,2354,0.4899049
BLURUSDT,SELL,LIMIT,1701114784099,794,0.4891148
BLURUSDT,SELL,LIMIT,1701114785187,1779,0.4885810
BLURUSDT,SELL,LIMIT,1701114786297,1124,0.4890454
BLURUSDT,SELL,LIMIT,1701114787540,10006,0.4885997
BLURUSDT,BUY,LIMIT,1701115287517,167,0.5098058
BLURUSDT,SELL,LIMIT,1701115410076,941,0.4921288
BLURUSDT,SELL,LIMIT,1701115499064,362,0.4899021
BLURUSDT,SELL,LIMIT,1701115500156,74,0.4884764
BLURUSDT,SELL,LIMIT,1701115502692,258,0.4881435
BLURUSDT,BUY,LIMIT,1701115677885,654,0.5078129
BLURUSDT,SELL,LIMIT,1701116529568,26559,0.4905383
BLURUSDT,SELL,LIMIT,1701116682132,362,0.4907047
BLURUSDT,SELL,LIMIT,1701116714561,183,0.4893728
BLURUSDT,BUY,LIMIT,1701116725818,100,0.5044286
BLURUSDT,SELL,LIMIT,1701116768168,156,0.4882953
BLURUSDT,SELL,LIMIT,1701116773958,9913,0.4880738
BLURUSDT,SELL,LIMIT,1701116785182,2155,0.4883631
BLURUSDT,SELL,LIMIT,1701116799057,389,0.4880372
BLURUSDT,SELL,LIMIT,1701116803044,555,0.4878864
BLURUSDT,SELL,LIMIT,1701116804055,6746,0.4875923
BLURUSDT,SELL,LIMIT,1701116805071,34,0.4875927
BLURUSDT,SELL,LIMIT,1701116806399,2367,0.4873546
BLURUSDT,SELL,LIMIT,1701116807768,2616,0.4867759
BLURUSDT,SELL,LIMIT,1701116811815,15174,0.4860413
BLURUSDT,SELL,LIMIT,1701116818171,97,0.4869529
BLURUSDT,SELL,LIMIT,1701116822095,181,0.4868856
BLURUSDT,SELL,LIMIT,1701116830192,856,0.4868194
BLURUSDT,SELL,LIMIT,1701116831492,2442,0.4867040
BLURUSDT,SELL,LIMIT,1701116835109,1958,0.4866552
BLURUSDT,SELL,LIMIT,1701116836254,125,0.4864759
BLURUSDT,SELL,LIMIT,1701116837650,93,0.4862821
BLURUSDT,SELL,LIMIT,1701116868613,1851,0.4863573
BLURUSDT,SELL,LIMIT,1701116869722,1467,0.4864362
BLURUSDT,SELL,LIMIT,1701116872119,6660,0.4858449
BLURUSDT,SELL,LIMIT,1701116873191,146,0.4858420
BLURUSDT,SELL,LIMIT,1701116889527,2196,0.4856935
BLURUSDT,SELL,LIMIT,1701116890827,272,0.4851723
BLURUSDT,SELL,LIMIT,1701116892004,1400,0.4849962
BLURUSDT,SELL,LIMIT,1701116894258,486,0.4845593
BLURUSDT,SELL,LIMIT,1701116898183,50,0.4846021
BLURUSDT,SELL,LIMIT,1701116990210,4813,0.4856515
BLURUSDT,SELL,LIMIT,1701117095271,4540,0.4843261
BLURUSDT,SELL,LIMIT,1701117096710,322,0.4842633
BLURUSDT,SELL,LIMIT,1701117100098,1580,0.4842821
BLURUSDT,SELL,LIMIT,1701117101346,189,0.4841901
BLURUSDT,SELL,LIMIT,1701117103129,594,0.4840959
BLURUSDT,SELL,LIMIT,1701117108679,1314,0.4841276
BLURUSDT,SELL,LIMIT,1701117112125,101,0.4837529
BLURUSDT,SELL,LIMIT,1701117113219,2150,0.4833932
BLURUSDT,SELL,LIMIT,1701117114253,2649,0.4832707
BLURUSDT,SELL,LIMIT,1701117115239,4895,0.4830551
BLURUSDT,SELL,LIMIT,1701117120153,180,0.4825610
BLURUSDT,SELL,LIMIT,1701117158313,984,0.4847437
BLURUSDT,SELL,LIMIT,1701117174254,296,0.4835795
BLURUSDT,SELL,LIMIT,1701117267066,15,0.4822302
BLURUSDT,SELL,LIMIT,1701117268078,46,0.4818888
BLURUSDT,SELL,LIMIT,1701117269288,93,0.4818438
BLURUSDT,SELL,LIMIT,1701117270390,55,0.4813500
BLURUSDT,SELL,LIMIT,1701117271575,1,0.4811417
BLURUSDT,SELL,LIMIT,1701117272647,226,0.4801996
BLURUSDT,SELL,LIMIT,1701117359143,403,0.4828471
BLURUSDT,BUY,LIMIT,1701117453627,122,0.4985578
BLURUSDT,BUY,LIMIT,1701117563086,21,0.5000555
BLURUSDT,BUY,LIMIT,1701117580264,994,0.5002612
BLURUSDT,BUY,LIMIT,1701117816598,102,0.5023076
BLURUSDT,BUY,LIMIT,1701117908495,5,0.5018160
BLURUSDT,BUY,LIMIT,1701119357261,1014,0.5072436
BLURUSDT,BUY,LIMIT,1701119462606,780,0.5076564
BLURUSDT,BUY,LIMIT,1701119525440,109,0.5081090
BLURUSDT,BUY,LIMIT,1701119530501,810,0.5084666
BLURUSDT,BUY,LIMIT,1701119538088,298,0.5089098
BLURUSDT,BUY,LIMIT,1701120821518,1177,0.5116595
BLURUSDT,BUY,LIMIT,1701120822997,560,0.5117083
BLURUSDT,BUY,LIMIT,1701120856260,10,0.5122500
BLURUSDT,BUY,LIMIT,1701120917383,5479,0.5130010
BLURUSDT,BUY,LIMIT,1701120987044,1430,0.5140988
BLURUSDT,SELL,LIMIT,1701121588812,540,0.4967128
BLURUSDT,BUY,LIMIT,1701121764248,9678,0.5108066
BLURUSDT,BUY,LIMIT,1701121944262,2606,0.5147583
BLURUSDT,SELL,LIMIT,1701122223896,120,0.5048474
BLURUSDT,BUY,LIMIT,1701122482706,7646,0.5156615
BLURUSDT,BUY,LIMIT,1701122494874,52,0.5160324
BLURUSDT,BUY,LIMIT,1701122512410,30,0.5166306
BLURUSDT,BUY,LIMIT,1701122515137,353,0.5168020
BLURUSDT,BUY,LIMIT,1701122568203,44,0.5170265
BLURUSDT,BUY,LIMIT,1701122627174,40,0.5176134
BLURUSDT,BUY,LIMIT,1701122691508,603,0.5181886
BLURUSDT,BUY,LIMIT,1701122700264,917,0.5183381
BLURUSDT,SELL,LIMIT,1701123061058,1673,0.5002501
BLURUSDT,BUY,LIMIT,1701123160285,1737,0.5150102
BLURUSDT,BUY,LIMIT,1701123169069,2796,0.5148080
BLURUSDT,SELL,LIMIT,1701123226666,104,0.4999820
BLURUSDT,SELL,LIMIT,1701124554307,231,0.4973332
BLURUSDT,SELL,LIMIT,1701124669396,464,0.4967628
BLURUSDT,SELL,LIMIT,1701124696163,232,0.4964170
BLURUSDT,SELL,LIMIT,1701124717462,1176,0.4959611
BLURUSDT,BUY,LIMIT,1701125511179,639,0.5143665
BLURUSDT,BUY,LIMIT,1701125717248,1981,0.5168140
BLURUSDT,BUY,LIMIT,1701125719012,1380,0.5169419
BLURUSDT,BUY,LIMIT,1701125741270,6974,0.5174963
BLURUSDT,BUY,LIMIT,1701125754206,51,0.5175705
BLURUSDT,BUY,LIMIT,1701125836397,964,0.5193756
BLURUSDT,BUY,LIMIT,1701125846063,124,0.5195561
BLURUSDT,BUY,LIMIT,1701125939166,1179,0.5200500
BLURUSDT,BUY,LIMIT,1701126016142,604,0.5208000
BLURUSDT,BUY,LIMIT,1701126018941,7500,0.5211013
BLURUSDT,BUY,LIMIT,1701126022312,3993,0.5214162
BLURUSDT,BUY,LIMIT,1701126559555,407,0.5224677
BLURUSDT,BUY,LIMIT,1701126576749,211,0.5226510
BLURUSDT,BUY,LIMIT,1701126642720,114,0.5227350
BLURUSDT,BUY,LIMIT,1701126660239,7729,0.5232200
BLURUSDT,BUY,LIMIT,1701126665604,140,0.5237929
BLURUSDT,BUY,LIMIT,1701126669182,1561,0.5239143
BLURUSDT,BUY,LIMIT,1701126687112,10,0.5250199
BLURUSDT,BUY,LIMIT,1701126699782,386,0.5254571
BLURUSDT,BUY,LIMIT,1701126723481,359,0.5259140
BLURUSDT,BUY,LIMIT,1701127053877,10,0.5245520
BLURUSDT,SELL,LIMIT,1701128243067,1316,0.5072975
BLURUSDT,SELL,LIMIT,1701128683505,4389,0.5069391
BLURUSDT,SELL,LIMIT,1701128685945,1444,0.5067966
BLURUSDT,BUY,LIMIT,1701129107682,3123,0.5251849
BLURUSDT,BUY,LIMIT,1701129529192,359,0.5260620
BLURUSDT,BUY,LIMIT,1701129543898,241,0.5261483
BLURUSDT,BUY,LIMIT,1701129621750,1358,0.5269232
BLURUSDT,BUY,LIMIT,1701129631830,234,0.5272552
BLURUSDT,SELL,LIMIT,1701129796310,82,0.5086256
BLURUSDT,BUY,LIMIT,1701129846397,82,0.5276624
BLURUSDT,BUY,LIMIT,1701129848452,331,0.5279504
BLURUSDT,BUY,LIMIT,1701129850460,370,0.5282929
BLURUSDT,BUY,LIMIT,1701129851604,388,0.5283412
BLURUSDT,BUY,LIMIT,1701129854151,40,0.5290271
BLURUSDT,BUY,LIMIT,1701129859300,9624,0.5295969
BLURUSDT,BUY,LIMIT,1701129861105,1379,0.5300944
BLURUSDT,BUY,LIMIT,1701129862155,214,0.5301090
BLURUSDT,BUY,LIMIT,1701129877614,2027,0.5312962
BLURUSDT,BUY,LIMIT,1701129879995,8662,0.5318680
BLURUSDT,BUY,LIMIT,1701129881202,2322,0.5325349
BLURUSDT,SELL,LIMIT,1701130027498,2160,0.5114685
BLURUSDT,SELL,LIMIT,1701130028891,732,0.5113143
BLURUSDT,SELL,LIMIT,1701130030853,9529,0.5111269
BLURUSDT,SELL,LIMIT,1701130081015,299,0.5094805
BLURUSDT,SELL,LIMIT,1701130117164,1791,0.5071168
BLURUSDT,SELL,LIMIT,1701130124202,724,0.5063526
BLURUSDT,SELL,LIMIT,1701130125297,38,0.5064035
BLURUSDT,SELL,LIMIT,1701130583681,1702,0.5046494
BLURUSDT,SELL,LIMIT,1701130656473,540,0.5029222
BLURUSDT,BUY,LIMIT,1701131663164,9695,0.5259108
BLURUSDT,BUY,LIMIT,1701131686606,32,0.5269325
BLURUSDT,BUY,LIMIT,1701131857400,12232,0.5282541
BLURUSDT,SELL,LIMIT,1701132594240,100,0.5102354
BLURUSDT,SELL,LIMIT,1701133359516,9662,0.5065903
BLURUSDT,SELL,LIMIT,1701133510248,135,0.5062307
BLURUSDT,SELL,LIMIT,1701133511868,5502,0.5052631
BLURUSDT,SELL,LIMIT,1701134241750,128,0.5015219
BLURUSDT,SELL,LIMIT,1701134246411,9662,0.5012848
BLURUSDT,SELL,LIMIT,1701134618092,136,0.5007259
BLURUSDT,SELL,LIMIT,1701134619730,18,0.5005416
BLURUSDT,SELL,LIMIT,1701134621247,915,0.5002570
BLURUSDT,SELL,LIMIT,1701134633337,4000,0.4994522
BLURUSDT,SELL,LIMIT,1701134880584,460,0.4982114
BLURUSDT,SELL,LIMIT,1701135016523,601,0.4970695
BLURUSDT,SELL,LIMIT,1701135025586,4837,0.4968870
BLURUSDT,SELL,LIMIT,1701135036145,5571,0.4965074
BLURUSDT,SELL,LIMIT,1701135037642,991,0.4963583
BLURUSDT,SELL,LIMIT,1701135637091,881,0.4980009
BLURUSDT,SELL,LIMIT,1701136916510,3366,0.4959008
BLURUSDT,SELL,LIMIT,1701136927970,1298,0.4952332
BLURUSDT,SELL,LIMIT,1701136935445,555,0.4949565
BLURUSDT,SELL,LIMIT,1701136946759,2734,0.4945744
BLURUSDT,SELL,LIMIT,1701136987201,304,0.4939174
BLURUSDT,SELL,LIMIT,1701137160114,40,0.4934218
BLURUSDT,SELL,LIMIT,1701137181850,1645,0.4932747
BLURUSDT,SELL,LIMIT,1701137216139,481,0.4924127
BLURUSDT,SELL,LIMIT,1701137217293,2019,0.4910465
BLURUSDT,SELL,LIMIT,1701137245458,96,0.4919158
BLURUSDT,SELL,LIMIT,1701137427278,12,0.4907817
BLURUSDT,SELL,LIMIT,1701137432024,3905,0.4904931
BLURUSDT,SELL,LIMIT,1701137434385,9989,0.4902755
BLURUSDT,SELL,LIMIT,1701137457591,49,0.4901230
BLURUSDT,SELL,LIMIT,1701137541879,536,0.4913074
BLURUSDT,BUY,LIMIT,1701137963333,46,0.5091901
BLURUSDT,SELL,LIMIT,1701138379689,90,0.4901589
BLURUSDT,BUY,LIMIT,1701138491399,2669,0.5075991
BLURUSDT,BUY,LIMIT,1701139047299,6529,0.5087751
BLURUSDT,BUY,LIMIT,1701139054638,3695,0.5097918
BLURUSDT,SELL,LIMIT,1701139904781,128,0.4910761
BLURUSDT,SELL,LIMIT,1701141447429,54,0.4899406
BLURUSDT,BUY,LIMIT,1701142168216,3105,0.5080440
BLURUSDT,BUY,LIMIT,1701142966315,264,0.5078335
BLURUSDT,SELL,LIMIT,1701143313856,510,0.4913530
BLURUSDT,SELL,LIMIT,1701143333241,8423,0.4913523
BLURUSDT,SELL,LIMIT,1701144179202,435,0.4893371
BLURUSDT,SELL,LIMIT,1701144180649,3798,0.4891230
BLURUSDT,SELL,LIMIT,1701144319277,1166,0.4891354
BLURUSDT,SELL,LIMIT,1701144359528,226,0.4884304
BLURUSDT,SELL,LIMIT,1701144364418,2309,0.4879983
BLURUSDT,SELL,LIMIT,1701144365556,812,0.4868482
BLURUSDT,SELL,LIMIT,1701144378624,4496,0.4867284
BLURUSDT,SELL,LIMIT,1701145526626,2812,0.4893041
BLURUSDT,SELL,LIMIT,1701145543346,16,0.4886278
BLURUSDT,SELL,LIMIT,1701145620401,30,0.4872046
BLURUSDT,SELL,LIMIT,1701145640419,1459,0.4866981
BLURUSDT,SELL,LIMIT,1701145642043,35,0.4863934
BLURUSDT,SELL,LIMIT,1701145670636,17,0.4862967
BLURUSDT,SELL,LIMIT,1701145697251,464,0.4862534
BLURUSDT,SELL,LIMIT,1701145699076,1631,0.4862909
BLURUSDT,SELL,LIMIT,1701145721614,264,0.4858612
BLURUSDT,SELL,LIMIT,1701145725695,769,0.4857025
BLURUSDT,SELL,LIMIT,1701145729897,237,0.4855272
BLURUSDT,SELL,LIMIT,1701145731203,78,0.4853551
BLURUSDT,SELL,LIMIT,1701145834158,725,0.4848774
BLURUSDT,SELL,LIMIT,1701145888049,288,0.4844277
BLURUSDT,SELL,LIMIT,1701145956220,1041,0.4843327
BLURUSDT,SELL,LIMIT,1701145957914,5950,0.4842636
BLURUSDT,SELL,LIMIT,1701145965082,956,0.4841127
BLURUSDT,SELL,LIMIT,1701146011366,6018,0.4831759
BLURUSDT,SELL,LIMIT,1701146012942,100,0.4827182
BLURUSDT,SELL,LIMIT,1701146014020,1819,0.4825045
BLURUSDT,SELL,LIMIT,1701146024059,10248,0.4817881
BLURUSDT,SELL,LIMIT,1701146770253,236,0.4879944
BLURUSDT,SELL,LIMIT,1701147881389,587,0.4840305
BLURUSDT,SELL,LIMIT,1701147891408,11,0.4832370
BLURUSDT,SELL,LIMIT,1701147892895,216,0.4827917
BLURUSDT,SELL,LIMIT,1701147924234,22,0.4820820
BLURUSDT,SELL,LIMIT,1701148129683,3045,0.4940941
BLURUSDT,SELL,LIMIT,1701148136823,1332,0.4817655
BLURUSDT,SELL,LIMIT,1701148256939,1714,0.4816651
BLURUSDT,SELL,LIMIT,1701148537019,2112,0.4809367
BLURUSDT,SELL,LIMIT,1701148540920,8879,0.4804920
BLURUSDT,SELL,LIMIT,1701148760049,53,0.4803407
BLURUSDT,SELL,LIMIT,1701148840059,1795,0.4799676
BLURUSDT,SELL,LIMIT,1701148841296,554,0.4799218
BLURUSDT,SELL,LIMIT,1701148842541,1822,0.4793996
BLURUSDT,SELL,LIMIT,1701148843681,285,0.4791197
BLURUSDT,SELL,LIMIT,1701148846303,500,0.4785131
BLURUSDT,SELL,LIMIT,1701148847411,4896,0.4782199
BLURUSDT,SELL,LIMIT,1701148848502,30646,0.4764464
BLURUSDT,SELL,LIMIT,1701148850145,12,0.4773990
BLURUSDT,SELL,LIMIT,1701148851279,180,0.4771025
BLURUSDT,SELL,LIMIT,1701148939260,2017,0.4780729
BLURUSDT,SELL,LIMIT,1701149690277,16,0.4940437
BLURUSDT,SELL,LIMIT,1701149773281,321,0.4779116
BLURUSDT,BUY,LIMIT,1701149838234,1,0.4850176
BLURUSDT,SELL,LIMIT,1701149853832,2338,0.4769931
BLURUSDT,SELL,LIMIT,1701149856114,539,0.4767675
BLURUSDT,SELL,LIMIT,1701149857237,10266,0.4767367
BLURUSDT,SELL,LIMIT,1701149858788,978,0.4761728
BLURUSDT,SELL,LIMIT,1701149888533,80,0.4760187
BLURUSDT,SELL,LIMIT,1701149889631,314,0.4759724
BLURUSDT,SELL,LIMIT,1701149894389,1801,0.4757718
BLURUSDT,SELL,LIMIT,1701149895583,94,0.4757551
BLURUSDT,SELL,LIMIT,1701149898046,1892,0.4756228
BLURUSDT,BUY,LIMIT,1701150041233,2125,0.4948215
BLURUSDT,BUY,LIMIT,1701150042237,102,0.4950692
BLURUSDT,BUY,LIMIT,1701150046759,1027,0.4957828
BLURUSDT,BUY,LIMIT,1701150477859,986,0.4973526
BLURUSDT,SELL,LIMIT,1701150745207,844,0.4801405
BLURUSDT,BUY,LIMIT,1701151263536,930,0.4926810
BLURUSDT,SELL,LIMIT,1701151265003,1025,0.4779516
BLURUSDT,BUY,LIMIT,1701151721850,170,0.4955789
BLURUSDT,BUY,LIMIT,1701151805206,2316,0.4962928
BLURUSDT,BUY,LIMIT,1701152028263,533,0.4976624
BLURUSDT,BUY,LIMIT,1701152168013,1589,0.4989553
BLURUSDT,SELL,LIMIT,1701153597118,359,0.4788672
BLURUSDT,SELL,LIMIT,1701153627427,104,0.4779164
BLURUSDT,BUY,LIMIT,1701154291120,22,0.4944492
BLURUSDT,BUY,LIMIT,1701154409373,1026,0.4972062
BLURUSDT,BUY,LIMIT,1701154505781,79,0.4986822
BLURUSDT,SELL,LIMIT,1701155378495,92,0.4817608
BLURUSDT,SELL,LIMIT,1701155391267,38,0.4814655
BLURUSDT,SELL,LIMIT,1701155417257,155,0.4807881
BLURUSDT,SELL,LIMIT,1701155419744,3536,0.4806788
BLURUSDT,SELL,LIMIT,1701155433056,168,0.4800088
BLURUSDT,SELL,LIMIT,1701155713514,5953,0.4777671
BLURUSDT,SELL,LIMIT,1701155716399,541,0.4770200
BLURUSDT,SELL,LIMIT,1701155722840,2130,0.4771554
BLURUSDT,SELL,LIMIT,1701155738147,3316,0.4766711
BLURUSDT,SELL,LIMIT,1701155741904,10261,0.4762799
BLURUSDT,SELL,LIMIT,1701155744278,1342,0.4760841
BLURUSDT,SELL,LIMIT,1701155749249,412,0.4751241
BLURUSDT,SELL,LIMIT,1701156506125,64,0.4752981
BLURUSDT,SELL,LIMIT,1701156507162,1160,0.4743062
BLURUSDT,SELL,LIMIT,1701156508182,79,0.4743843
BLURUSDT,SELL,LIMIT,1701156510024,1192,0.4855630
BLURUSDT,SELL,LIMIT,1701156520086,1047,0.4738197
BLURUSDT,SELL,LIMIT,1701156521344,75,0.4734329
BLURUSDT,SELL,LIMIT,1701156542794,211,0.4741044
BLURUSDT,SELL,LIMIT,1701156561233,1122,0.4731446
BLURUSDT,SELL,LIMIT,1701156562590,914,0.4730791
BLURUSDT,SELL,LIMIT,1701156570277,2919,0.4731086
BLURUSDT,BUY,LIMIT,1701157869546,14,0.4920107
BLURUSDT,BUY,LIMIT,1701158876194,22,0.4951120
BLURUSDT,BUY,LIMIT,1701158881260,164,0.4952766
BLURUSDT,BUY,LIMIT,1701158918694,47,0.4961289
BLURUSDT,BUY,LIMIT,1701159685795,101,0.4960577
BLURUSDT,BUY,LIMIT,1701159990869,7427,0.4965249
BLURUSDT,SELL,LIMIT,1701160899467,39,0.4808756
BLURUSDT,SELL,LIMIT,1701160914238,52,0.4807431
BLURUSDT,SELL,LIMIT,1701161031000,10217,0.4786990
BLURUSDT,BUY,LIMIT,1701161997737,2990,0.4967004
BLURUSDT,BUY,LIMIT,1701162189588,10269,0.4988457
BLURUSDT,BUY,LIMIT,1701162201210,709,0.4989140
BLURUSDT,BUY,LIMIT,1701162221348,1401,0.4994651
BLURUSDT,BUY,LIMIT,1701163028602,22,0.4989591
BLURUSDT,BUY,LIMIT,1701163030433,1274,0.4990433
BLURUSDT,SELL,LIMIT,1701163429625,161,0.4813191
BLURUSDT,BUY,LIMIT,1701164530178,5127,0.4996856
BLURUSDT,BUY,LIMIT,1701164645158,427,0.5008144
BLURUSDT,BUY,LIMIT,1701164646508,1243,0.5006198
BLURUSDT,BUY,LIMIT,1701164671744,15,0.5016956
BLURUSDT,BUY,LIMIT,1701164673595,433,0.5019220
BLURUSDT,BUY,LIMIT,1701164692189,667,0.5016077
BLURUSDT,BUY,LIMIT,1701164717178,1446,0.5027058
BLURUSDT,BUY,LIMIT,1701164718203,10252,0.5027360
BLURUSDT,BUY,LIMIT,1701164811041,6558,0.5032890
BLURUSDT,BUY,LIMIT,1701164936341,6000,0.5039528
BLURUSDT,BUY,LIMIT,1701165042269,986,0.5052122
BLURUSDT,BUY,LIMIT,1701165048254,11,0.5068151
BLURUSDT,BUY,LIMIT,1701165065437,611,0.5070018
BLURUSDT,BUY,LIMIT,1701165067649,3952,0.5075231
BLURUSDT,BUY,LIMIT,1701165069015,774,0.5082164
BLURUSDT,BUY,LIMIT,1701165077311,123,0.5086263
BLURUSDT,BUY,LIMIT,1701165080167,1000,0.5086586
BLURUSDT,BUY,LIMIT,1701165082289,68,0.5087273
BLURUSDT,BUY,LIMIT,1701165101194,206,0.5091469
BLURUSDT,SELL,LIMIT,1701165258480,523,0.4905443
BLURUSDT,SELL,LIMIT,1701165261105,2000,0.4901001
BLURUSDT,SELL,LIMIT,1701165435302,44,0.4892880
BLURUSDT,SELL,LIMIT,1701165570354,3591,0.4884350
BLURUSDT,SELL,LIMIT,1701165937672,2379,0.4842298
BLURUSDT,SELL,LIMIT,1701166264146,9419,0.4834100
BLURUSDT,SELL,LIMIT,1701167243047,3403,0.4828629
BLURUSDT,SELL,LIMIT,1701167247994,380,0.4826003
BLURUSDT,BUY,LIMIT,1701167648425,308,0.5002686
BLURUSDT,BUY,LIMIT,1701168121654,2826,0.5015920
BLURUSDT,BUY,LIMIT,1701169242281,1557,0.5083874
BLURUSDT,BUY,LIMIT,1701169284650,7877,0.5089550
BLURUSDT,BUY,LIMIT,1701169287631,361,0.5094243
BLURUSDT,BUY,LIMIT,1701169295690,14,0.5095020
BLURUSDT,BUY,LIMIT,1701169329765,414,0.5095479
BLURUSDT,BUY,LIMIT,1701169333084,912,0.5099000
BLURUSDT,BUY,LIMIT,1701169335231,170,0.5102513
BLURUSDT,BUY,LIMIT,1701169380675,264,0.5108770
BLURUSDT,BUY,LIMIT,1701169391587,6094,0.5109794
BLURUSDT,BUY,LIMIT,1701169918664,2528,0.5112257
BLURUSDT,BUY,LIMIT,1701169920879,66,0.5113649
BLURUSDT,BUY,LIMIT,1701169979093,49,0.5116392
BLURUSDT,BUY,LIMIT,1701169981709,426,0.5118176
BLURUSDT,BUY,LIMIT,1701169984506,1570,0.5118266
BLURUSDT,BUY,LIMIT,1701169995837,424,0.5118517
BLURUSDT,BUY,LIMIT,1701170077943,100,0.5121230
BLURUSDT,BUY,LIMIT,1701170079969,11,0.5121747
BLURUSDT,BUY,LIMIT,1701170081109,1226,0.5123746
BLURUSDT,BUY,LIMIT,1701170239068,78,0.5134193
BLURUSDT,BUY,LIMIT,1701170240111,80000,0.5162115
BLURUSDT,BUY,LIMIT,1701170246071,402,0.5134868
BLURUSDT,BUY,LIMIT,1701170248162,94,0.5136871
BLURUSDT,BUY,LIMIT,1701170249506,202,0.5138543
BLURUSDT,BUY,LIMIT,1701170251571,651,0.5142602
BLURUSDT,BUY,LIMIT,1701170267177,101,0.5150946
BLURUSDT,BUY,LIMIT,1701170282296,18,0.5152327
BLURUSDT,BUY,LIMIT,1701170283776,86,0.5153288
BLURUSDT,BUY,LIMIT,1701170285177,36,0.5158159
BLURUSDT,BUY,LIMIT,1701170287227,55,0.5161665
BLURUSDT,BUY,LIMIT,1701170289497,16432,0.5175514
BLURUSDT,BUY,LIMIT,1701170291631,12057,0.5171403
BLURUSDT,BUY,LIMIT,1701170306083,1804,0.5177326
BLURUSDT,BUY,LIMIT,1701170308409,4088,0.5180763
BLURUSDT,BUY,LIMIT,1701170643459,411,0.5162290
BLURUSDT,BUY,LIMIT,1701170712237,402,0.5173997
BLURUSDT,BUY,LIMIT,1701170742219,22,0.5184107
BLURUSDT,BUY,LIMIT,1701170745012,94,0.5186343
BLURUSDT,BUY,LIMIT,1701170746907,605,0.5189971
BLURUSDT,BUY,LIMIT,1701170755080,209,0.5194515
BLURUSDT,BUY,LIMIT,1701170758746,282,0.5196549
BLURUSDT,BUY,LIMIT,1701171030994,308,0.5165693
BLURUSDT,BUY,LIMIT,1701171062619,23,0.5192115
BLURUSDT,BUY,LIMIT,1701171277261,9142,0.5197617
BLURUSDT,BUY,LIMIT,1701171280376,1000,0.5201738
BLURUSDT,BUY,LIMIT,1701171592080,2225,0.5219647
BLURUSDT,BUY,LIMIT,1701171597050,7942,0.5220374
BLURUSDT,BUY,LIMIT,1701171598840,92,0.5222503
BLURUSDT,BUY,LIMIT,1701171601188,4599,0.5229242
BLURUSDT,BUY,LIMIT,1701171608053,228,0.5233812
BLURUSDT,BUY,LIMIT,1701171665614,6198,0.5233402
BLURUSDT,BUY,LIMIT,1701171668258,52,0.5236663
BLURUSDT,BUY,LIMIT,1701171669264,304,0.5238325
BLURUSDT,BUY,LIMIT,1701171670829,8454,0.5245822
BLURUSDT,BUY,LIMIT,1701171757978,375,0.5261143
BLURUSDT,BUY,LIMIT,1701171760099,486,0.5263413
BLURUSDT,BUY,LIMIT,1701171761310,32972,0.5286520
BLURUSDT,BUY,LIMIT,1701171763585,646,0.5269644
BLURUSDT,BUY,LIMIT,1701171788899,261,0.5273396
BLURUSDT,BUY,LIMIT,1701171814411,41,0.5274650
BLURUSDT,BUY,LIMIT,1701171823186,50,0.5276121
BLURUSDT,BUY,LIMIT,1701171826270,17,0.5280462
BLURUSDT,BUY,LIMIT,1701171838359,1271,0.5288279
BLURUSDT,BUY,LIMIT,1701171857245,520,0.5296268
BLURUSDT,BUY,LIMIT,1701171858298,3416,0.5301319
BLURUSDT,BUY,LIMIT,1701171859344,296,0.5306738
BLURUSDT,BUY,LIMIT,1701171861096,8702,0.5334069
BLURUSDT,BUY,LIMIT,1701171862167,409,0.5333415
BLURUSDT,BUY,LIMIT,1701171863319,680,0.5341756
BLURUSDT,BUY,LIMIT,1701171918124,56,0.5340930
BLURUSDT,BUY,LIMIT,1701171925140,25713,0.5362066
BLURUSDT,BUY,LIMIT,1701171926469,1,0.5353426
BLURUSDT,BUY,LIMIT,1701171927523,528,0.5357577
BLURUSDT,BUY,LIMIT,1701171930460,26,0.5363503
BLURUSDT,BUY,LIMIT,1701171934324,27,0.5365575
BLURUSDT,BUY,LIMIT,1701171938134,163,0.5368123
BLURUSDT,BUY,LIMIT,1701171945337,91,0.5369810
BLURUSDT,BUY,LIMIT,1701171946388,15709,0.5383521
BLURUSDT,BUY,LIMIT,1701171947905,804,0.5315307
BLURUSDT,BUY,LIMIT,1701171948990,2571,0.5384969
BLURUSDT,BUY,LIMIT,1701171951276,3896,0.5388646
BLURUSDT,BUY,LIMIT,1701171952278,346,0.5386467
BLURUSDT,BUY,LIMIT,1701171960597,486,0.5393246
BLURUSDT,BUY,LIMIT,1701171963487,140,0.5396736
BLURUSDT,BUY,LIMIT,1701171966218,407,0.5401043
BLURUSDT,BUY,LIMIT,1701171967296,61073,0.5427664
BLURUSDT,BUY,LIMIT,1701171968909,7373,0.5405133
BLURUSDT,BUY,LIMIT,1701171970246,9158,0.5407933
BLURUSDT,BUY,LIMIT,1701172036316,1150,0.5414078
BLURUSDT,BUY,LIMIT,1701172037513,98927,0.5455364
BLURUSDT,BUY,LIMIT,1701172038551,3002,0.5422095
BLURUSDT,SELL,LIMIT,1701172095688,898,0.5212243
BLURUSDT,BUY,LIMIT,1701172165003,903,0.5389322
BLURUSDT,BUY,LIMIT,1701172811536,507,0.5402525
BLURUSDT,BUY,LIMIT,1701172853389,4404,0.5394505
BLURUSDT,SELL,LIMIT,1701172869369,4220,0.5219581
BLURUSDT,SELL,LIMIT,1701172910129,3620,0.5193618
BLURUSDT,SELL,LIMIT,1701172917804,64,0.5184990
BLURUSDT,SELL,LIMIT,1701172938112,49,0.5183387
BLURUSDT,SELL,LIMIT,1701172966877,848,0.5149346
BLURUSDT,SELL,LIMIT,1701173086055,2226,0.5143477
BLURUSDT,SELL,LIMIT,1701173099112,6701,0.5129044
BLURUSDT,BUY,LIMIT,1701173442659,3144,0.5326793
BLURUSDT,BUY,LIMIT,1701173542283,288,0.5334024
BLURUSDT,BUY,LIMIT,1701173552012,713,0.5349425
BLURUSDT,BUY,LIMIT,1701173775458,1905,0.5351748
BLURUSDT,BUY,LIMIT,1701173837508,2330,0.5376204
BLURUSDT,BUY,LIMIT,1701173840293,1094,0.5380992
BLURUSDT,BUY,LIMIT,1701173864242,3830,0.5400757
BLURUSDT,SELL,LIMIT,1701174174654,1881,0.5211270
BLURUSDT,SELL,LIMIT,1701174229161,83,0.5208784
BLURUSDT,SELL,LIMIT,1701174311955,1666,0.5188867
BLURUSDT,SELL,LIMIT,1701174545844,11,0.5196842
BLURUSDT,BUY,LIMIT,1701174574210,950,0.5383191
BLURUSDT,BUY,LIMIT,1701174577457,3219,0.5385563
BLURUSDT,BUY,LIMIT,1701174580122,336,0.5395855
BLURUSDT,BUY,LIMIT,1701174588052,3773,0.5404940
BLURUSDT,BUY,LIMIT,1701174589572,9432,0.5407110
BLURUSDT,BUY,LIMIT,1701174599657,95,0.5417177
BLURUSDT,SELL,LIMIT,1701174656309,1364,0.5230585
BLURUSDT,BUY,LIMIT,1701174738888,113,0.5418064
BLURUSDT,BUY,LIMIT,1701174747054,3009,0.5421595
BLURUSDT,BUY,LIMIT,1701174748310,9389,0.5428720
BLURUSDT,BUY,LIMIT,1701174768346,4518,0.5440875
BLURUSDT,BUY,LIMIT,1701174769999,1027,0.5445823
BLURUSDT,BUY,LIMIT,1701174854160,131,0.5448943
BLURUSDT,BUY,LIMIT,1701174858165,171,0.5450294
BLURUSDT,BUY,LIMIT,1701174860772,1351,0.5451218
BLURUSDT,BUY,LIMIT,1701174919166,105,0.5464997
BLURUSDT,SELL,LIMIT,1701175082422,263,0.5275262
BLURUSDT,SELL,LIMIT,1701175253101,1830,0.5272361
BLURUSDT,SELL,LIMIT,1701175254496,4249,0.5271466
BLURUSDT,SELL,LIMIT,1701175278063,4843,0.5256233
BLURUSDT,SELL,LIMIT,1701175344806,5597,0.5244071
BLURUSDT,SELL,LIMIT,1701175348089,2259,0.5243780
BLURUSDT,SELL,LIMIT,1701175533721,2942,0.5227687
BLURUSDT,SELL,LIMIT,1701175562144,5270,0.5217831
BLURUSDT,SELL,LIMIT,1701175570976,517,0.5212705
BLURUSDT,SELL,LIMIT,1701175574048,55,0.5208271
BLURUSDT,SELL,LIMIT,1701175575328,188,0.5206824
BLURUSDT,SELL,LIMIT,1701175578570,613,0.5202623
BLURUSDT,SELL,LIMIT,1701175579797,2285,0.5200231
BLURUSDT,SELL,LIMIT,1701175689183,52,0.5185440
BLURUSDT,SELL,LIMIT,1701175724634,928,0.5175684
BLURUSDT,SELL,LIMIT,1701175753954,23760,0.5152598
BLURUSDT,BUY,LIMIT,1701176458175,298,0.5373784
BLURUSDT,SELL,LIMIT,1701176742117,4065,0.5170441
BLURUSDT,SELL,LIMIT,1701176828649,784,0.5155546
BLURUSDT,SELL,LIMIT,1701176832136,13697,0.5146664
BLURUSDT,SELL,LIMIT,1701176834267,1618,0.5148012
BLURUSDT,SELL,LIMIT,1701177159418,1614,0.5129145
BLURUSDT,SELL,LIMIT,1701177166087,2259,0.5122327
BLURUSDT,SELL,LIMIT,1701177167126,117,0.5119305
BLURUSDT,SELL,LIMIT,1701177169715,1867,0.5116901
BLURUSDT,SELL,LIMIT,1701177170881,377,0.5112881
BLURUSDT,SELL,LIMIT,1701177177531,3898,0.5111744
BLURUSDT,SELL,LIMIT,1701177178982,13765,0.5102575
BLURUSDT,SELL,LIMIT,1701177180048,689,0.5104186
BLURUSDT,SELL,LIMIT,1701177327653,59,0.5097653
BLURUSDT,SELL,LIMIT,1701177329628,2588,0.5094235
BLURUSDT,SELL,LIMIT,1701177330817,82,0.5093471
BLURUSDT,SELL,LIMIT,1701177333213,115,0.5092372
BLURUSDT,BUY,LIMIT,1701177435092,206,0.5280064
BLURUSDT,BUY,LIMIT,1701178336089,2034,0.5297205
BLURUSDT,BUY,LIMIT,1701178345885,3486,0.5305840
BLURUSDT,SELL,LIMIT,1701178638183,66,0.5117561
BLURUSDT,BUY,LIMIT,1701178878805,13,0.5309556
BLURUSDT,BUY,LIMIT,1701178916613,324,0.5324076
BLURUSDT,BUY,LIMIT,1701178923315,1827,0.5329857
BLURUSDT,BUY,LIMIT,1701178937502,201,0.5335510
BLURUSDT,BUY,LIMIT,1701179073063,502,0.5353973
BLURUSDT,SELL,LIMIT,1701179989539,1991,0.5167787
BLURUSDT,SELL,LIMIT,1701179994351,5,0.5157925
BLURUSDT,SELL,LIMIT,1701180001000,2141,0.5147937
BLURUSDT,SELL,LIMIT,1701180023046,2372,0.5134058
BLURUSDT,SELL,LIMIT,1701180138771,2936,0.5108500
BLURUSDT,SELL,LIMIT,1701180380545,12506,0.5082725
BLURUSDT,SELL,LIMIT,1701180382039,4317,0.5087239
BLURUSDT,SELL,LIMIT,1701180525158,339,0.5097917
BLURUSDT,BUY,LIMIT,1701181305161,553,0.5291841
BLURUSDT,BUY,LIMIT,1701181517282,5197,0.5300844
BLURUSDT,BUY,LIMIT,1701181856200,73,0.5330594
BLURUSDT,BUY,LIMIT,1701181882353,2903,0.5350605
BLURUSDT,BUY,LIMIT,1701181883414,1883,0.5358668
BLURUSDT,BUY,LIMIT,1701181900981,318,0.5370744
BLURUSDT,BUY,LIMIT,1701181970044,510,0.5376624
BLURUSDT,BUY,LIMIT,1701182010142,1578,0.5397123
BLURUSDT,BUY,LIMIT,1701182339596,35,0.5409337
BLURUSDT,BUY,LIMIT,1701182401265,75,0.5417358
BLURUSDT,BUY,LIMIT,1701182488350,22,0.5419934
BLURUSDT,BUY,LIMIT,1701182490258,4060,0.5422935
BLURUSDT,BUY,LIMIT,1701182491544,790,0.5424082
BLURUSDT,BUY,LIMIT,1701182505242,68,0.5432100
BLURUSDT,BUY,LIMIT,1701182526359,966,0.5440720
BLURUSDT,BUY,LIMIT,1701182542723,12578,0.5458968
BLURUSDT,BUY,LIMIT,1701182552131,818,0.5461909
BLURUSDT,BUY,LIMIT,1701182558236,504,0.5467895
BLURUSDT,BUY,LIMIT,1701182561744,1637,0.5469458
BLURUSDT,BUY,LIMIT,1701182619167,1650,0.5478971
BLURUSDT,BUY,LIMIT,1701182620335,1227,0.5474707
BLURUSDT,BUY,LIMIT,1701182621470,5155,0.5481341
BLURUSDT,BUY,LIMIT,1701182622778,14,0.5486996
BLURUSDT,BUY,LIMIT,1701182624479,423,0.5491563
BLURUSDT,BUY,LIMIT,1701182686236,538,0.5493408
BLURUSDT,BUY,LIMIT,1701182688110,15,0.5493986
BLURUSDT,BUY,LIMIT,1701182689825,11695,0.5500945
BLURUSDT,BUY,LIMIT,1701182691119,385,0.5495592
BLURUSDT,BUY,LIMIT,1701182705329,847,0.5497609
BLURUSDT,SELL,LIMIT,1701182729439,3942,0.5308946
BLURUSDT,SELL,LIMIT,1701182733886,369,0.5305224
BLURUSDT,BUY,LIMIT,1701182757979,5408,0.5499018
BLURUSDT,SELL,LIMIT,1701182810308,1845,0.5306315
BLURUSDT,SELL,LIMIT,1701182811722,92,0.5304531
BLURUSDT,SELL,LIMIT,1701182830842,627,0.5302667
BLURUSDT,SELL,LIMIT,1701182833889,6824,0.5299809
BLURUSDT,SELL,LIMIT,1701182849414,1451,0.5291789
BLURUSDT,BUY,LIMIT,1701183082054,5650,0.5511502
BLURUSDT,BUY,LIMIT,1701183083355,731,0.5521497
BLURUSDT,BUY,LIMIT,1701183089205,140,0.5526010
BLURUSDT,SELL,LIMIT,1701183287522,293,0.5339843
BLURUSDT,SELL,LIMIT,1701183291033,3947,0.5337371
BLURUSDT,SELL,LIMIT,1701183299206,11,0.5329902
BLURUSDT,SELL,LIMIT,1701183300448,64,0.5330238
BLURUSDT,SELL,LIMIT,1701183465838,325,0.5328369
BLURUSDT,SELL,LIMIT,1701183659984,2098,0.5322752
BLURUSDT,SELL,LIMIT,1701183666239,8927,0.5320165
BLURUSDT,SELL,LIMIT,1701183670285,423,0.5314754
BLURUSDT,SELL,LIMIT,1701183873591,92,0.5310518
BLURUSDT,SELL,LIMIT,1701183886039,923,0.5303951
BLURUSDT,SELL,LIMIT,1701183888953,1263,0.5298704
BLURUSDT,SELL,LIMIT,1701183891957,1459,0.5298623
BLURUSDT,BUY,LIMIT,1701183958274,187,0.5488111
BLURUSDT,SELL,LIMIT,1701184096461,1182,0.5316311
BLURUSDT,SELL,LIMIT,1701184401192,925,0.5290453
BLURUSDT,SELL,LIMIT,1701184419285,2079,0.5286019
BLURUSDT,SELL,LIMIT,1701184421672,951,0.5285240
BLURUSDT,SELL,LIMIT,1701184463552,35,0.5283014
BLURUSDT,SELL,LIMIT,1701184569992,3013,0.5274343
BLURUSDT,SELL,LIMIT,1701184571656,8318,0.5273362
BLURUSDT,SELL,LIMIT,1701184573484,285,0.5271212
BLURUSDT,SELL,LIMIT,1701184575248,148,0.5268819
BLURUSDT,SELL,LIMIT,1701184577302,645,0.5263639
BLURUSDT,SELL,LIMIT,1701184653311,7286,0.5252794
BLURUSDT,SELL,LIMIT,1701184655566,38,0.5250935
BLURUSDT,SELL,LIMIT,1701184940500,437,0.5241078
BLURUSDT,SELL,LIMIT,1701184944130,172,0.5239076
BLURUSDT,SELL,LIMIT,1701185323246,20,0.5245261
BLURUSDT,SELL,LIMIT,1701185357068,1601,0.5223199
BLURUSDT,SELL,LIMIT,1701185413948,222,0.5219447
BLURUSDT,SELL,LIMIT,1701185485300,600,0.5222078
BLURUSDT,SELL,LIMIT,1701185697514,62,0.5208740
BLURUSDT,SELL,LIMIT,1701185808435,384,0.5197878
BLURUSDT,SELL,LIMIT,1701185812118,4287,0.5196653
BLURUSDT,SELL,LIMIT,1701185819268,1216,0.5197600
BLURUSDT,SELL,LIMIT,1701185828126,73,0.5195922
BLURUSDT,SELL,LIMIT,1701185833094,92,0.5192932
BLURUSDT,SELL,LIMIT,1701185836210,8170,0.5188106
BLURUSDT,SELL,LIMIT,1701185838625,88,0.5183432
BLURUSDT,SELL,LIMIT,1701185850350,354,0.5181015
BLURUSDT,SELL,LIMIT,1701185852628,44,0.5179010
BLURUSDT,SELL,LIMIT,1701185860127,5518,0.5173091
BLURUSDT,SELL,LIMIT,1701185861502,267,0.5170617
BLURUSDT,SELL,LIMIT,1701185862533,34,0.5165118
BLURUSDT,SELL,LIMIT,1701185864407,17,0.5167995
BLURUSDT,SELL,LIMIT,1701185888378,235,0.5162151
BLURUSDT,BUY,LIMIT,1701186201378,446,0.5406547
BLURUSDT,SELL,LIMIT,1701186383238,115,0.5213934
BLURUSDT,SELL,LIMIT,1701186399050,189,0.5205663
BLURUSDT,SELL,LIMIT,1701186479304,162,0.5195617
BLURUSDT,SELL,LIMIT,1701186485561,790,0.5190160
BLURUSDT,SELL,LIMIT,1701186487651,208,0.5189212
BLURUSDT,SELL,LIMIT,1701186488709,65,0.5180974
BLURUSDT,SELL,LIMIT,1701186560885,4215,0.5183509
BLURUSDT,BUY,LIMIT,1701187079216,53,0.5356090
BLURUSDT,SELL,LIMIT,1701187283435,306,0.5194533
BLURUSDT,BUY,LIMIT,1701187445561,186,0.5379526
BLURUSDT,SELL,LIMIT,1701187650555,351,0.5199775
BLURUSDT,SELL,LIMIT,1701187869569,136,0.5173129
BLURUSDT,SELL,LIMIT,1701187874266,1040,0.5167529
BLURUSDT,SELL,LIMIT,1701187875470,2150,0.5165421
BLURUSDT,SELL,LIMIT,1701187897516,11,0.5158215
BLURUSDT,SELL,LIMIT,1701187901072,38,0.5151933
BLURUSDT,SELL,LIMIT,1701187902207,370,0.5146818
BLURUSDT,BUY,LIMIT,1701188151207,728,0.5344996
BLURUSDT,BUY,LIMIT,1701188202234,397,0.5363589
BLURUSDT,BUY,LIMIT,1701188209125,95,0.5365360
BLURUSDT,SELL,LIMIT,1701188281497,108,0.5193906
BLURUSDT,SELL,LIMIT,1701188624530,181,0.5175022
BLURUSDT,SELL,LIMIT,1701188626442,9459,0.5175215
BLURUSDT,SELL,LIMIT,1701188743908,94,0.5170460
BLURUSDT,SELL,LIMIT,1701188777785,47,0.5161353
BLURUSDT,BUY,LIMIT,1701189093179,105,0.5342055
BLURUSDT,BUY,LIMIT,1701189094700,925,0.5347561
BLURUSDT,BUY,LIMIT,1701189268863,119,0.5358880
BLURUSDT,BUY,LIMIT,1701189284319,51,0.5365740
BLURUSDT,BUY,LIMIT,1701189292384,55,0.5371421
BLURUSDT,BUY,LIMIT,1701189319633,111,0.5404744
BLURUSDT,BUY,LIMIT,1701189366255,48,0.5436806
BLURUSDT,BUY,LIMIT,1701189445939,7578,0.5448668
BLURUSDT,BUY,LIMIT,1701189463432,277,0.5452173
BLURUSDT,BUY,LIMIT,1701189493726,52,0.5474590
BLURUSDT,BUY,LIMIT,1701189497528,273,0.5479372
BLURUSDT,BUY,LIMIT,1701189541449,4177,0.5507630
BLURUSDT,BUY,LIMIT,1701189542463,12,0.5499469
BLURUSDT,SELL,LIMIT,1701189637332,5931,0.5293076
BLURUSDT,BUY,LIMIT,1701189824168,207,0.5467154
BLURUSDT,SELL,LIMIT,1701189984052,374,0.5307449
BLURUSDT,SELL,LIMIT,1701190118063,1769,0.5270501
BLURUSDT,BUY,LIMIT,1701190143172,403,0.5444787
BLURUSDT,BUY,LIMIT,1701190207808,15,0.5483890
BLURUSDT,SELL,LIMIT,1701190242733,83,0.5301899
BLURUSDT,BUY,LIMIT,1701190761300,3110,0.5471392
BLURUSDT,BUY,LIMIT,1701190979052,299,0.5504188
BLURUSDT,SELL,LIMIT,1701191077268,60,0.5326132
BLURUSDT,SELL,LIMIT,1701191126915,51,0.5295217
BLURUSDT,SELL,LIMIT,1701191142094,21,0.5288351
BLURUSDT,SELL,LIMIT,1701191261211,45,0.5270922
BLURUSDT,SELL,LIMIT,1701191439175,96,0.5252352
BLURUSDT,SELL,LIMIT,1701191521084,262,0.5242071
BLURUSDT,SELL,LIMIT,1701191596618,1872,0.5228786
BLURUSDT,SELL,LIMIT,1701191598832,9244,0.5225890
BLURUSDT,BUY,LIMIT,1701192062410,48,0.5423566
BLURUSDT,BUY,LIMIT,1701192072061,1849,0.5426143
BLURUSDT,BUY,LIMIT,1701192283253,1684,0.5447645
BLURUSDT,SELL,LIMIT,1701192722049,4593,0.5251321
BLURUSDT,SELL,LIMIT,1701192742865,29,0.5243872
BLURUSDT,BUY,LIMIT,1701192766201,407,0.5412551
BLURUSDT,SELL,LIMIT,1701194564427,4185,0.5252870
BLURUSDT,SELL,LIMIT,1701194618201,22,0.5245230
BLURUSDT,SELL,LIMIT,1701194647053,177,0.5238089
BLURUSDT,SELL,LIMIT,1701194666909,1478,0.5229991
BLURUSDT,SELL,LIMIT,1701194685460,25,0.5222669
BLURUSDT,SELL,LIMIT,1701194687146,57,0.5212412
BLURUSDT,SELL,LIMIT,1701194693354,2400,0.5203873
BLURUSDT,SELL,LIMIT,1701194834310,5105,0.5179378
BLURUSDT,SELL,LIMIT,1701194835391,186,0.5178832
BLURUSDT,SELL,LIMIT,1701195411023,1865,0.5173140
BLURUSDT,BUY,LIMIT,1701195654332,41,0.5371726
BLURUSDT,BUY,LIMIT,1701196136314,2,0.5368715
BLURUSDT,BUY,LIMIT,1701196213158,1598,0.5174608
BLURUSDT,BUY,LIMIT,1701196214435,2092,0.5321074
BLURUSDT,SELL,LIMIT,1701197438810,62,0.5206426
BLURUSDT,SELL,LIMIT,1701197446064,764,0.5199157
BLURUSDT,SELL,LIMIT,1701197633327,3000,0.5184045
BLURUSDT,BUY,LIMIT,1701197838335,6,0.5370295
BLURUSDT,BUY,LIMIT,1701197840916,1705,0.5366326
BLURUSDT,BUY,LIMIT,1701197846430,2482,0.5371526
BLURUSDT,BUY,LIMIT,1701197853393,12,0.5373068
BLURUSDT,BUY,LIMIT,1701197859428,7313,0.5374194
BLURUSDT,BUY,LIMIT,1701197860436,951,0.5373573
BLURUSDT,BUY,LIMIT,1701197862422,22427,0.5388732
BLURUSDT,BUY,LIMIT,1701197982247,76,0.5394980
BLURUSDT,BUY,LIMIT,1701198089221,567,0.5398912
BLURUSDT,SELL,LIMIT,1701199035028,69,0.5210896
BLURUSDT,BUY,LIMIT,1701200469843,673,0.5365657
BLURUSDT,BUY,LIMIT,1701200474629,810,0.5372151
BLURUSDT,SELL,LIMIT,1701200494475,1728,0.5215549
BLURUSDT,BUY,LIMIT,1701200495668,676,0.5381105
BLURUSDT,BUY,LIMIT,1701200540802,1887,0.5387378
BLURUSDT,BUY,LIMIT,1701200811760,338,0.5342844
BLURUSDT,BUY,LIMIT,1701201010848,124,0.5415902
BLURUSDT,BUY,LIMIT,1701201099264,1161,0.5427531
BLURUSDT,BUY,LIMIT,1701201376346,77,0.5408934
BLURUSDT,BUY,LIMIT,1701201635236,25,0.5414362
BLURUSDT,BUY,LIMIT,1701201640491,16,0.5418909
BLURUSDT,BUY,LIMIT,1701202459443,2045,0.5433166
BLURUSDT,SELL,LIMIT,1701203187717,49,0.5236372
BLURUSDT,BUY,LIMIT,1701203675349,465,0.5421170
BLURUSDT,SELL,LIMIT,1701205053146,6725,0.5259836
BLURUSDT,BUY,LIMIT,1701205228258,426,0.5435194
BLURUSDT,SELL,LIMIT,1701206369003,28,0.5246378
BLURUSDT,SELL,LIMIT,1701206405246,3613,0.5240084
BLURUSDT,SELL,LIMIT,1701206498707,1453,0.5227970
BLURUSDT,SELL,LIMIT,1701206968212,18,0.5207469
BLURUSDT,SELL,LIMIT,1701206983668,1757,0.5204817
BLURUSDT,SELL,LIMIT,1701207081088,3821,0.5188000
BLURUSDT,SELL,LIMIT,1701207114949,324,0.5180849
BLURUSDT,SELL,LIMIT,1701210877407,172,0.5171793
BLURUSDT,SELL,LIMIT,1701210878778,75,0.5168000
BLURUSDT,SELL,LIMIT,1701210880090,461,0.5166898
BLURUSDT,SELL,LIMIT,1701210882124,2813,0.5163817
BLURUSDT,SELL,LIMIT,1701210944287,2356,0.5160378
BLURUSDT,SELL,LIMIT,1701210949923,9425,0.5158277
BLURUSDT,SELL,LIMIT,1701210964744,33,0.5147988
BLURUSDT,SELL,LIMIT,1701211896210,1485,0.5168806
BLURUSDT,SELL,LIMIT,1701211931285,871,0.5147140
BLURUSDT,SELL,LIMIT,1701211933411,34,0.5139773
BLURUSDT,SELL,LIMIT,1701211948335,8435,0.5134689
BLURUSDT,SELL,LIMIT,1701211958288,9327,0.5136668
BLURUSDT,SELL,LIMIT,1701211964252,1716,0.5130839
BLURUSDT,SELL,LIMIT,1701211965282,1127,0.5122343
BLURUSDT,SELL,LIMIT,1701211968138,4327,0.5113192
BLURUSDT,SELL,LIMIT,1701211969236,698,0.5116454
BLURUSDT,SELL,LIMIT,1701214608984,670,0.5163527
BLURUSDT,BUY,LIMIT,1701214968583,296,0.5332005
BLURUSDT,BUY,LIMIT,1701215753281,373,0.5392108
BLURUSDT,BUY,LIMIT,1701216045769,17,0.5410688
BLURUSDT,BUY,LIMIT,1701216048552,2347,0.5415691
BLURUSDT,BUY,LIMIT,1701216050961,11,0.5428050
BLURUSDT,BUY,LIMIT,1701216053523,300,0.5439613
BLURUSDT,BUY,LIMIT,1701216055157,306,0.5444249
BLURUSDT,BUY,LIMIT,1701216060551,748,0.5461292
BLURUSDT,BUY,LIMIT,1701216070997,1212,0.5469001
BLURUSDT,BUY,LIMIT,1701216134106,785,0.5479438
BLURUSDT,BUY,LIMIT,1701216140678,1857,0.5487435
BLURUSDT,BUY,LIMIT,1701216142067,408,0.5492565
BLURUSDT,BUY,LIMIT,1701216147089,324,0.5499335
BLURUSDT,BUY,LIMIT,1701216148427,26,0.5503074
BLURUSDT,BUY,LIMIT,1701216165065,2197,0.5505975
BLURUSDT,BUY,LIMIT,1701216175013,7407,0.5515663
BLURUSDT,BUY,LIMIT,1701216177220,1039,0.5522276
BLURUSDT,BUY,LIMIT,1701216178564,65,0.5525100
BLURUSDT,BUY,LIMIT,1701216179709,1055,0.5528296
BLURUSDT,BUY,LIMIT,1701216185306,4473,0.5530420
BLURUSDT,BUY,LIMIT,1701216186598,194,0.5532039
BLURUSDT,SELL,LIMIT,1701216481102,9228,0.5306862
BLURUSDT,SELL,LIMIT,1701216489799,9213,0.5297267
BLURUSDT,SELL,LIMIT,1701216506224,328,0.5291487
BLURUSDT,SELL,LIMIT,1701216595918,926,0.5287089
BLURUSDT,SELL,LIMIT,1701216637287,302,0.5274128
BLURUSDT,SELL,LIMIT,1701216857354,3639,0.5293975
BLURUSDT,BUY,LIMIT,1701217473039,761,0.5534608
BLURUSDT,BUY,LIMIT,1701217476390,627,0.5539471
BLURUSDT,BUY,LIMIT,1701217483360,469,0.5541389
BLURUSDT,BUY,LIMIT,1701217488120,603,0.5543746
BLURUSDT,BUY,LIMIT,1701217489207,707,0.5549813
BLURUSDT,BUY,LIMIT,1701217939038,269,0.5571715
BLURUSDT,BUY,LIMIT,1701217940249,5267,0.5572675
BLURUSDT,BUY,LIMIT,1701218016446,123,0.5575336
BLURUSDT,BUY,LIMIT,1701218019196,515,0.5578636
BLURUSDT,BUY,LIMIT,1701218028421,98,0.5584744
BLURUSDT,BUY,LIMIT,1701218029899,684,0.5585524
BLURUSDT,BUY,LIMIT,1701218047660,39,0.5592017
BLURUSDT,BUY,LIMIT,1701218060838,538,0.5593256
BLURUSDT,BUY,LIMIT,1701218071122,321,0.5594721
BLURUSDT,BUY,LIMIT,1701218072606,12,0.5597057
BLURUSDT,BUY,LIMIT,1701218076707,218,0.5600165
BLURUSDT,BUY,LIMIT,1701218108879,108,0.5601880
BLURUSDT,BUY,LIMIT,1701218110095,5108,0.5604188
BLURUSDT,BUY,LIMIT,1701218132148,458,0.5607578
BLURUSDT,SELL,LIMIT,1701218170589,1290,0.5410167
BLURUSDT,SELL,LIMIT,1701218172226,555,0.5404517
BLURUSDT,BUY,LIMIT,1701218540484,94,0.5606230
BLURUSDT,BUY,LIMIT,1701218542228,111,0.5610343
BLURUSDT,BUY,LIMIT,1701218547707,13,0.5613371
BLURUSDT,BUY,LIMIT,1701218586773,1105,0.5619797
BLURUSDT,BUY,LIMIT,1701218587857,22,0.5622744
BLURUSDT,BUY,LIMIT,1701218589085,578,0.5624565
BLURUSDT,BUY,LIMIT,1701218627056,7761,0.5629296
BLURUSDT,BUY,LIMIT,1701218659564,3777,0.5638106
BLURUSDT,BUY,LIMIT,1701218670072,4123,0.5643448
BLURUSDT,BUY,LIMIT,1701218671971,1508,0.5646575
BLURUSDT,BUY,LIMIT,1701218705607,129,0.5652123
BLURUSDT,BUY,LIMIT,1701218709966,34,0.5655302
BLURUSDT,BUY,LIMIT,1701218725882,24859,0.5675292
BLURUSDT,BUY,LIMIT,1701218727203,54464,0.5689834
BLURUSDT,BUY,LIMIT,1701218742884,1602,0.5666081
BLURUSDT,BUY,LIMIT,1701218745805,3311,0.5670265
BLURUSDT,BUY,LIMIT,1701218873068,1003,0.5663656
BLURUSDT,SELL,LIMIT,1701218918283,632,0.5460846
BLURUSDT,SELL,LIMIT,1701218954738,6357,0.5456765
BLURUSDT,SELL,LIMIT,1701218971855,492,0.5450775
BLURUSDT,SELL,LIMIT,1701218975325,555,0.5446877
BLURUSDT,BUY,LIMIT,1701219036777,288,0.5636388
BLURUSDT,BUY,LIMIT,1701219086925,1415,0.5624149
BLURUSDT,SELL,LIMIT,1701219256099,67,0.5441776
BLURUSDT,SELL,LIMIT,1701219268531,380,0.5436061
BLURUSDT,SELL,LIMIT,1701219641222,1321,0.5450144
BLURUSDT,BUY,LIMIT,1701219659430,669,0.5576252
BLURUSDT,SELL,LIMIT,1701219663072,636,0.5427369
BLURUSDT,SELL,LIMIT,1701219936320,100,0.5419415
BLURUSDT,SELL,LIMIT,1701219973264,155,0.5395380
BLURUSDT,SELL,LIMIT,1701220061046,382,0.5377941
BLURUSDT,BUY,LIMIT,1701220487058,20,0.5580659
BLURUSDT,BUY,LIMIT,1701220517819,1053,0.5583418
BLURUSDT,BUY,LIMIT,1701220528344,50,0.5587484
BLURUSDT,BUY,LIMIT,1701220686914,1650,0.5598147
BLURUSDT,BUY,LIMIT,1701221410241,248,0.5591263
BLURUSDT,BUY,LIMIT,1701221604575,701,0.5596032
BLURUSDT,BUY,LIMIT,1701221786676,8383,0.5610653
BLURUSDT,BUY,LIMIT,1701221789498,1208,0.5620636
BLURUSDT,BUY,LIMIT,1701221798274,1620,0.5628135
BLURUSDT,BUY,LIMIT,1701221944144,1620,0.5648015
BLURUSDT,BUY,LIMIT,1701221947931,186,0.5657939
BLURUSDT,BUY,LIMIT,1701221972808,25949,0.5692446
BLURUSDT,BUY,LIMIT,1701221976900,53,0.5676722
BLURUSDT,SELL,LIMIT,1701222515499,8968,0.5461434
BLURUSDT,SELL,LIMIT,1701222565055,16,0.5449620
BLURUSDT,SELL,LIMIT,1701222569194,3288,0.5444281
BLURUSDT,SELL,LIMIT,1701222658389,265,0.5432927
BLURUSDT,BUY,LIMIT,1701223021084,253,0.5645406
BLURUSDT,SELL,LIMIT,1701223397134,1382,0.5434230
BLURUSDT,SELL,LIMIT,1701223423237,6531,0.5415606
BLURUSDT,SELL,LIMIT,1701223429153,514,0.5410678
BLURUSDT,SELL,LIMIT,1701223452624,1200,0.5411591
BLURUSDT,SELL,LIMIT,1701223479150,181,0.5401606
BLURUSDT,SELL,LIMIT,1701223480235,53,0.5395878
BLURUSDT,SELL,LIMIT,1701223494088,27,0.5391912
BLURUSDT,SELL,LIMIT,1701223576219,5546,0.5380160
BLURUSDT,SELL,LIMIT,1701223592951,1340,0.5378950
BLURUSDT,SELL,LIMIT,1701224200141,9105,0.5383731
BLURUSDT,BUY,LIMIT,1701224792477,456,0.5545926
BLURUSDT,SELL,LIMIT,1701225394827,227,0.5372807
BLURUSDT,SELL,LIMIT,1701225405490,715,0.5368537
BLURUSDT,SELL,LIMIT,1701225487419,7387,0.5362508
BLURUSDT,SELL,LIMIT,1701225509463,2709,0.5353817
BLURUSDT,SELL,LIMIT,1701225807440,278,0.5347686
BLURUSDT,SELL,LIMIT,1701226113280,8992,0.5338713
BLURUSDT,SELL,LIMIT,1701226116305,13,0.5336162
BLURUSDT,SELL,LIMIT,1701226118355,581,0.5333621
BLURUSDT,SELL,LIMIT,1701227102061,15,0.5326785
BLURUSDT,SELL,LIMIT,1701227117742,1000,0.5318233
BLURUSDT,SELL,LIMIT,1701227136257,1198,0.5310579
BLURUSDT,SELL,LIMIT,1701227139436,210,0.5306852
BLURUSDT,SELL,LIMIT,1701227335086,2786,0.5302592
BLURUSDT,SELL,LIMIT,1701227336603,4464,0.5300512
BLURUSDT,SELL,LIMIT,1701227338159,474,0.5299267
BLURUSDT,SELL,LIMIT,1701227346388,216,0.5296109
BLURUSDT,BUY,LIMIT,1701227480472,3267,0.5473768
BLURUSDT,BUY,LIMIT,1701227573076,125,0.5495105
BLURUSDT,SELL,LIMIT,1701228640211,1061,0.5294347
BLURUSDT,SELL,LIMIT,1701228661023,269,0.5286246
BLURUSDT,SELL,LIMIT,1701228677589,4079,0.5283901
BLURUSDT,SELL,LIMIT,1701228693248,233,0.5280794
BLURUSDT,SELL,LIMIT,1701228696506,19,0.5278705
BLURUSDT,SELL,LIMIT,1701228698242,55,0.5275201
BLURUSDT,SELL,LIMIT,1701228857187,5928,0.5271017
BLURUSDT,SELL,LIMIT,1701228860091,14116,0.5249701
BLURUSDT,SELL,LIMIT,1701228861105,741,0.5258653
BLURUSDT,SELL,LIMIT,1701228940158,9174,0.5247624
BLURUSDT,SELL,LIMIT,1701228944361,36,0.5240354
BLURUSDT,SELL,LIMIT,1701228956716,219,0.5234625
BLURUSDT,SELL,LIMIT,1701229053782,2263,0.5234602
BLURUSDT,SELL,LIMIT,1701229056672,62,0.5232424
BLURUSDT,SELL,LIMIT,1701229059110,687,0.5231987
BLURUSDT,SELL,LIMIT,1701229089245,555,0.5226992
BLURUSDT,SELL,LIMIT,1701229091210,30751,0.5207226
BLURUSDT,SELL,LIMIT,1701229092335,1490,0.5225943
BLURUSDT,SELL,LIMIT,1701229104058,2609,0.5215614
BLURUSDT,SELL,LIMIT,1701229105253,542,0.5216766
BLURUSDT,SELL,LIMIT,1701229106339,144,0.5205558
BLURUSDT,SELL,LIMIT,1701229336540,1265,0.5241095
BLURUSDT,BUY,LIMIT,1701231642929,100,0.5452526
BLURUSDT,BUY,LIMIT,1701231727052,901,0.5463273
BLURUSDT,BUY,LIMIT,1701231837327,1119,0.5470369
BLURUSDT,BUY,LIMIT,1701232609847,1021,0.5475027
BLURUSDT,SELL,LIMIT,1701232718147,214,0.5469453
BLURUSDT,BUY,LIMIT,1701234219419,8702,0.5513299
BLURUSDT,BUY,LIMIT,1701234270415,13,0.5517231
BLURUSDT,BUY,LIMIT,1701234521650,935,0.5527976
BLURUSDT,SELL,LIMIT,1701234817609,37,0.5335279
BLURUSDT,SELL,LIMIT,1701236040768,3677,0.5318425
BLURUSDT,SELL,LIMIT,1701236179154,678,0.5305152
BLURUSDT,SELL,LIMIT,1701236263094,1605,0.5300584
BLURUSDT,SELL,LIMIT,1701236267032,17,0.5293191
BLURUSDT,BUY,LIMIT,1701237009303,10,0.5482851
BLURUSDT,SELL,LIMIT,1701237691436,11,0.5293004
BLURUSDT,SELL,LIMIT,1701237721048,435,0.5288837
BLURUSDT,SELL,LIMIT,1701237818376,440,0.5280339
BLURUSDT,SELL,LIMIT,1701237823814,940,0.5279405
BLURUSDT,SELL,LIMIT,1701237828195,13,0.5277626
BLURUSDT,SELL,LIMIT,1701237831066,1553,0.5275167
BLURUSDT,SELL,LIMIT,1701237994967,9310,0.5270528
BLURUSDT,SELL,LIMIT,1701238858767,225,0.5258774
BLURUSDT,SELL,LIMIT,1701238905443,44,0.5253520
BLURUSDT,SELL,LIMIT,1701239320160,854,0.5237708
BLURUSDT,BUY,LIMIT,1701240185256,84,0.5447995
BLURUSDT,SELL,LIMIT,1701240695195,968,0.5265691
BLURUSDT,SELL,LIMIT,1701240711504,70,0.5236014
BLURUSDT,SELL,LIMIT,1701240712395,934,0.5242843
BLURUSDT,SELL,LIMIT,1701240728727,438,0.5227872
BLURUSDT,SELL,LIMIT,1701240732764,377,0.5221982
BLURUSDT,SELL,LIMIT,1701240764312,793,0.5218981
BLURUSDT,SELL,LIMIT,1701240765642,3387,0.5215003
BLURUSDT,SELL,LIMIT,1701240771078,2657,0.5213905
BLURUSDT,BUY,LIMIT,1701241099979,4982,0.5385495
BLURUSDT,SELL,LIMIT,1701241123703,182,0.5204681
BLURUSDT,SELL,LIMIT,1701241169245,1016,0.5195323
BLURUSDT,SELL,LIMIT,1701241305721,8800,0.5194137
BLURUSDT,SELL,LIMIT,1701241342264,146,0.5183036
BLURUSDT,SELL,LIMIT,1701241371324,182,0.5180546
BLURUSDT,SELL,LIMIT,1701241373057,21,0.5179244
BLURUSDT,SELL,LIMIT,1701241608208,5386,0.5174838
BLURUSDT,SELL,LIMIT,1701241996262,3406,0.5173299
BLURUSDT,SELL,LIMIT,1701241997496,733,0.5173469
BLURUSDT,SELL,LIMIT,1701242004245,1701,0.5169950
BLURUSDT,SELL,LIMIT,1701242005315,198,0.5169686
BLURUSDT,SELL,LIMIT,1701242006517,1219,0.5166919
BLURUSDT,SELL,LIMIT,1701242008623,144,0.5165655
BLURUSDT,BUY,LIMIT,1701243184646,2591,0.5321144
BLURUSDT,SELL,LIMIT,1701243318072,1395,0.5186846
BLURUSDT,SELL,LIMIT,1701243367601,100,0.5181180
BLURUSDT,SELL,LIMIT,1701243433603,592,0.5171229
BLURUSDT,SELL,LIMIT,1701243467569,244,0.5169197
BLURUSDT,SELL,LIMIT,1701243472084,4000,0.5167084
BLURUSDT,SELL,LIMIT,1701243491741,23,0.5163270
BLURUSDT,SELL,LIMIT,1701243495518,1100,0.5162126
BLURUSDT,SELL,LIMIT,1701243540071,10738,0.5152787
BLURUSDT,SELL,LIMIT,1701243541471,467,0.5156840
BLURUSDT,SELL,LIMIT,1701243543397,8805,0.5151980
BLURUSDT,SELL,LIMIT,1701243547257,72,0.5151392
BLURUSDT,SELL,LIMIT,1701243621606,3484,0.5151280
BLURUSDT,SELL,LIMIT,1701243709708,34553,0.5127095
BLURUSDT,SELL,LIMIT,1701243712031,430,0.5143434
BLURUSDT,SELL,LIMIT,1701243722359,370,0.5140583
BLURUSDT,SELL,LIMIT,1701243936344,986,0.5152895
BLURUSDT,BUY,LIMIT,1701244532434,43,0.5329848
BLURUSDT,SELL,LIMIT,1701245328213,2746,0.5146487
BLURUSDT,SELL,LIMIT,1701245405225,139,0.5144452
BLURUSDT,SELL,LIMIT,1701245820220,481,0.5139756
BLURUSDT,SELL,LIMIT,1701245862346,18,0.5137757
BLURUSDT,SELL,LIMIT,1701245899485,27,0.5136471
BLURUSDT,BUY,LIMIT,1701246092083,4792,0.5319656
BLURUSDT,SELL,LIMIT,1701246125638,7967,0.5166017
BLURUSDT,BUY,LIMIT,1701246234118,200,0.5316245
BLURUSDT,SELL,LIMIT,1701246368082,31,0.5615037
BLURUSDT,BUY,LIMIT,1701246495086,39,0.5327436
BLURUSDT,BUY,LIMIT,1701246549472,1050,0.5342160
BLURUSDT,BUY,LIMIT,1701246559217,148,0.5358563
BLURUSDT,BUY,LIMIT,1701247959073,4598,0.5353474
BLURUSDT,BUY,LIMIT,1701248005506,284,0.5369846
BLURUSDT,BUY,LIMIT,1701248022185,68,0.5372132
BLURUSDT,BUY,LIMIT,1701248024251,14,0.5376911
BLURUSDT,BUY,LIMIT,1701248266298,478,0.5359869
BLURUSDT,SELL,LIMIT,1701248311090,9466,0.5196190
BLURUSDT,BUY,LIMIT,1701248659549,164,0.5351114
BLURUSDT,BUY,LIMIT,1701249315671,115,0.5379900
BLURUSDT,BUY,LIMIT,1701249328691,11836,0.5401232
BLURUSDT,BUY,LIMIT,1701249470301,11,0.5416340
BLURUSDT,BUY,LIMIT,1701249616467,66,0.5429544
BLURUSDT,BUY,LIMIT,1701249709880,18759,0.5434665
BLURUSDT,SELL,LIMIT,1701250011599,9373,0.5228388
BLURUSDT,SELL,LIMIT,1701250026815,277,0.5222584
BLURUSDT,SELL,LIMIT,1701250151309,960,0.5214328
BLURUSDT,SELL,LIMIT,1701250226820,866,0.5197842
BLURUSDT,SELL,LIMIT,1701250266608,504,0.5183067
BLURUSDT,SELL,LIMIT,1701250279496,482,0.5181685
BLURUSDT,SELL,LIMIT,1701250349415,125,0.5175423
BLURUSDT,SELL,LIMIT,1701250351310,201,0.5172516
BLURUSDT,BUY,LIMIT,1701250670605,1077,0.5363242
BLURUSDT,BUY,LIMIT,1701250674216,552,0.5364313
BLURUSDT,SELL,LIMIT,1701251619499,34,0.5176376
BLURUSDT,SELL,LIMIT,1701251650289,8512,0.5172345
BLURUSDT,SELL,LIMIT,1701251676710,185,0.5166892
BLURUSDT,SELL,LIMIT,1701252052575,578,0.5192921
BLURUSDT,SELL,LIMIT,1701252235253,332,0.5176324
BLURUSDT,SELL,LIMIT,1701252236384,9502,0.5168120
BLURUSDT,SELL,LIMIT,1701252992317,1371,0.5159972
BLURUSDT,SELL,LIMIT,1701252993340,1737,0.5158820
BLURUSDT,SELL,LIMIT,1701253157794,3493,0.5160518
BLURUSDT,SELL,LIMIT,1701253159558,285,0.5152928
BLURUSDT,SELL,LIMIT,1701253224399,3162,0.5153739
BLURUSDT,BUY,LIMIT,1701253256030,14,0.5308450
BLURUSDT,SELL,LIMIT,1701253412138,62,0.5150566
BLURUSDT,SELL,LIMIT,1701253441400,361,0.5141847
BLURUSDT,SELL,LIMIT,1701253490294,25,0.5139305
BLURUSDT,SELL,LIMIT,1701253494578,1469,0.5134192
BLURUSDT,SELL,LIMIT,1701253496703,314,0.5132063
BLURUSDT,SELL,LIMIT,1701253616331,1344,0.5130196
BLURUSDT,BUY,LIMIT,1701253884462,2871,0.5318719
BLURUSDT,SELL,LIMIT,1701254020160,3119,0.5133840
BLURUSDT,SELL,LIMIT,1701254065055,2250,0.5128495
BLURUSDT,SELL,LIMIT,1701254254046,54,0.5132860
BLURUSDT,SELL,LIMIT,1701254304242,2001,0.5124450
BLURUSDT,SELL,LIMIT,1701254305378,3635,0.5124920
BLURUSDT,SELL,LIMIT,1701254320500,843,0.5119816
BLURUSDT,SELL,LIMIT,1701254321533,263,0.5118348
BLURUSDT,SELL,LIMIT,1701254326493,8941,0.5110761
BLURUSDT,SELL,LIMIT,1701254329265,5648,0.5107831
BLURUSDT,SELL,LIMIT,1701254331306,112,0.5104797
BLURUSDT,SELL,LIMIT,1701254405160,818,0.5099665
BLURUSDT,SELL,LIMIT,1701254406201,970,0.5092527
BLURUSDT,SELL,LIMIT,1701254407274,671,0.5092332
BLURUSDT,SELL,LIMIT,1701254411640,8765,0.5091480
BLURUSDT,SELL,LIMIT,1701254417942,5345,0.5087232
BLURUSDT,SELL,LIMIT,1701254419292,2300,0.5084395
BLURUSDT,SELL,LIMIT,1701254421591,142,0.5086168
BLURUSDT,SELL,LIMIT,1701254430338,246,0.5086346
BLURUSDT,SELL,LIMIT,1701254645088,700,0.5077204
BLURUSDT,SELL,LIMIT,1701254646170,195,0.5075973
BLURUSDT,SELL,LIMIT,1701254647370,396,0.5071163
BLURUSDT,SELL,LIMIT,1701254648460,81,0.5065132
BLURUSDT,SELL,LIMIT,1701254656320,186,0.5061927
BLURUSDT,SELL,LIMIT,1701254657502,9540,0.5060029
BLURUSDT,SELL,LIMIT,1701254658549,165,0.5061451
