Symbol,Side,Order Type,Time,Quantity,Price
BLURUSDT,SELL,LIMIT,1700988899636,665,0.5928040
BLURUSDT,SELL,LIMIT,1700988901139,14,0.5926781
BLURUSDT,SELL,LIMIT,1700988941221,657,0.5913768
BLURUSDT,SELL,LIMIT,1700988942248,679,0.5910853
BLURUSDT,SELL,LIMIT,1700988951887,960,0.5894744
BLURUSDT,SELL,LIMIT,1700988952939,1349,0.5889621
BLURUSDT,SELL,LIMIT,1700989906142,488,0.5881225
BLURUSDT,SELL,LIMIT,1700989908764,327,0.5876516
BLURUSDT,SELL,LIMIT,1700989913586,3386,0.5874487
BLURUSDT,BUY,LIMIT,1700990337302,167,0.6093551
BLURUSDT,SELL,LIMIT,1700990637637,666,0.5881081
BLURUSDT,SELL,LIMIT,1700990858707,8160,0.5883406
BLURUSDT,SELL,LIMIT,1700990888036,70,0.5877954
BLURUSDT,SELL,LIMIT,1700990928250,623,0.5871357
BLURUSDT,SELL,LIMIT,1700990934168,170,0.5866122
BLURUSDT,SELL,LIMIT,1700990936382,5107,0.5857829
BLURUSDT,SELL,LIMIT,1700990938132,825,0.5839081
BLURUSDT,SELL,LIMIT,1700990939232,1799,0.5842903
BLURUSDT,SELL,LIMIT,1700990940504,189,0.5836893
BLURUSDT,SELL,LIMIT,1700990941518,2893,0.5834019
BLURUSDT,SELL,LIMIT,1700991121828,8208,0.5855132
BLURUSDT,SELL,LIMIT,1700991261270,2799,0.5834219
BLURUSDT,SELL,LIMIT,1700991643172,315,0.5853702
BLURUSDT,BUY,LIMIT,1700991979409,91,0.6060653
BLURUSDT,BUY,LIMIT,1700992056924,927,0.6088370
BLURUSDT,BUY,LIMIT,1700992351408,27,0.6096531
BLURUSDT,BUY,LIMIT,1700992690318,62,0.6111235
BLURUSDT,BUY,LIMIT,1700992692419,671,0.6120653
BLURUSDT,BUY,LIMIT,1700992900022,175,0.6113815
BLURUSDT,SELL,LIMIT,1700993141030,704,0.5911484
BLURUSDT,BUY,LIMIT,1700993779874,2041,0.6089408
BLURUSDT,SELL,LIMIT,1700994044048,35,0.5891003
BLURUSDT,SELL,LIMIT,1700994620140,17,0.5884921
BLURUSDT,SELL,LIMIT,1700994662654,436,0.5876300
BLURUSDT,SELL,LIMIT,1700994664062,573,0.5871399
BLURUSDT,BUY,LIMIT,1700994856872,431,0.6069083
BLURUSDT,SELL,LIMIT,1700996189063,9,0.5874544
BLURUSDT,SELL,LIMIT,1700996196090,125,0.5869537
BLURUSDT,SELL,LIMIT,1700996197193,578,0.5869059
BLURUSDT,SELL,LIMIT,1700996202359,305,0.5862695
BLURUSDT,SELL,LIMIT,1700996327805,195,0.5847030
BLURUSDT,SELL,LIMIT,1700996686029,360,0.5838781
BLURUSDT,SELL,LIMIT,1700996687301,188,0.5838476
BLURUSDT,SELL,LIMIT,1700996694485,2934,0.5824970
BLURUSDT,BUY,LIMIT,1700996982183,778,0.6066025
BLURUSDT,BUY,LIMIT,1700997002226,2761,0.6067850
BLURUSDT,BUY,LIMIT,1700997007129,113,0.6070703
BLURUSDT,BUY,LIMIT,1700997013070,30,0.6074394
BLURUSDT,SELL,LIMIT,1700997995528,3932,0.5838547
BLURUSDT,SELL,LIMIT,1700998005520,139,0.5833650
BLURUSDT,SELL,LIMIT,1700998075553,1071,0.5825121
BLURUSDT,SELL,LIMIT,1700998086037,168,0.5822452
BLURUSDT,SELL,LIMIT,1700998217610,305,0.5819195
BLURUSDT,SELL,LIMIT,1700998908099,7,0.5815272
BLURUSDT,SELL,LIMIT,1700998909207,481,0.5807704
BLURUSDT,SELL,LIMIT,1700999197362,23,0.5801580
BLURUSDT,SELL,LIMIT,1700999199241,107,0.5799825
BLURUSDT,SELL,LIMIT,1700999206170,30,0.5796726
BLURUSDT,SELL,LIMIT,1700999217480,7005,0.5794016
BLURUSDT,SELL,LIMIT,1700999234424,107,0.5791301
BLURUSDT,SELL,LIMIT,1700999236361,769,0.5790171
BLURUSDT,SELL,LIMIT,1700999242657,11,0.5788200
BLURUSDT,SELL,LIMIT,1700999243802,164,0.5785159
BLURUSDT,SELL,LIMIT,1700999245056,9,0.5784005
BLURUSDT,SELL,LIMIT,1700999247413,1564,0.5780675
BLURUSDT,SELL,LIMIT,1700999252692,848,0.5778280
BLURUSDT,SELL,LIMIT,1700999259429,2552,0.5777825
BLURUSDT,SELL,LIMIT,1700999260479,77,0.5776748
BLURUSDT,SELL,LIMIT,1700999307528,991,0.5777026
BLURUSDT,SELL,LIMIT,1700999330218,2464,0.5773987
BLURUSDT,BUY,LIMIT,1700999511271,17,0.5977309
BLURUSDT,SELL,LIMIT,1700999765852,200,0.5796726
BLURUSDT,BUY,LIMIT,1700999939514,620,0.6001135
BLURUSDT,BUY,LIMIT,1701000232913,289,0.6004816
BLURUSDT,BUY,LIMIT,1701000235627,1332,0.6007913
BLURUSDT,BUY,LIMIT,1701000238841,1843,0.6010691
BLURUSDT,BUY,LIMIT,1701000248103,222,0.6013376
BLURUSDT,BUY,LIMIT,1701000249367,112,0.6016243
BLURUSDT,BUY,LIMIT,1701000302212,1102,0.6021198
BLURUSDT,SELL,LIMIT,1701000369845,886,0.5810882
BLURUSDT,SELL,LIMIT,1701000370874,70,0.5804585
BLURUSDT,SELL,LIMIT,1701000556293,564,0.5799681
BLURUSDT,BUY,LIMIT,1701000961383,104,0.5996400
BLURUSDT,BUY,LIMIT,1701000989201,410,0.6006622
BLURUSDT,BUY,LIMIT,1701000991903,13,0.6012259
BLURUSDT,SELL,LIMIT,1701001077337,1453,0.5827261
BLURUSDT,BUY,LIMIT,1701001197115,681,0.6027584
BLURUSDT,BUY,LIMIT,1701001219737,3469,0.6032647
BLURUSDT,BUY,LIMIT,1701001221203,628,0.6035373
BLURUSDT,BUY,LIMIT,1701001224966,1194,0.6035974
BLURUSDT,BUY,LIMIT,1701001226537,1013,0.6036695
BLURUSDT,SELL,LIMIT,1701001374383,71,0.5810823
BLURUSDT,SELL,LIMIT,1701001502489,116,0.5802682
BLURUSDT,SELL,LIMIT,1701001503633,8181,0.5798696
BLURUSDT,SELL,LIMIT,1701001504564,1068,0.5796770
BLURUSDT,BUY,LIMIT,1701001542379,2297,0.6013098
BLURUSDT,BUY,LIMIT,1701001743111,26,0.6038076
BLURUSDT,BUY,LIMIT,1701001748801,956,0.6038940
BLURUSDT,BUY,LIMIT,1701001761612,729,0.6041481
BLURUSDT,BUY,LIMIT,1701001762852,2178,0.6045424
BLURUSDT,BUY,LIMIT,1701001764134,2050,0.6047368
BLURUSDT,BUY,LIMIT,1701001765330,8454,0.6048751
BLURUSDT,BUY,LIMIT,1701001773312,360,0.6059585
BLURUSDT,BUY,LIMIT,1701001777132,8517,0.6062068
BLURUSDT,SELL,LIMIT,1701001849085,29,0.5857272
BLURUSDT,SELL,LIMIT,1701002235880,16,0.5837194
BLURUSDT,SELL,LIMIT,1701002387691,47,0.5824544
BLURUSDT,SELL,LIMIT,1701002442040,25,0.5811446
BLURUSDT,SELL,LIMIT,1701002443139,10,0.5810014
BLURUSDT,SELL,LIMIT,1701002450181,679,0.5802627
BLURUSDT,BUY,LIMIT,1701003099228,162,0.6015593
BLURUSDT,BUY,LIMIT,1701003101219,732,0.6019999
BLURUSDT,BUY,LIMIT,1701003155022,499,0.6022592
BLURUSDT,BUY,LIMIT,1701003160003,158,0.6028608
BLURUSDT,BUY,LIMIT,1701003279228,8433,0.6046394
BLURUSDT,SELL,LIMIT,1701003860414,145,0.5825856
BLURUSDT,SELL,LIMIT,1701003870052,932,0.5819449
BLURUSDT,SELL,LIMIT,1701004034221,16,0.5810561
BLURUSDT,SELL,LIMIT,1701004042096,4336,0.5809280
BLURUSDT,SELL,LIMIT,1701004830562,344,0.5796871
BLURUSDT,SELL,LIMIT,1701004837148,7246,0.5788846
BLURUSDT,SELL,LIMIT,1701004940433,12,0.5778041
BLURUSDT,SELL,LIMIT,1701004942416,1576,0.5777417
BLURUSDT,SELL,LIMIT,1701005166266,15,0.5773156
BLURUSDT,SELL,LIMIT,1701005219205,9,0.5770300
BLURUSDT,SELL,LIMIT,1701005220368,840,0.5763496
BLURUSDT,SELL,LIMIT,1701005224603,180,0.5758817
BLURUSDT,SELL,LIMIT,1701005789470,17,0.5757501
BLURUSDT,SELL,LIMIT,1701005791577,325,0.5753338
BLURUSDT,SELL,LIMIT,1701005793181,347,0.5750756
BLURUSDT,SELL,LIMIT,1701005795062,2856,0.5749554
BLURUSDT,SELL,LIMIT,1701005802786,403,0.5748837
BLURUSDT,SELL,LIMIT,1701005806099,227,0.5745761
BLURUSDT,SELL,LIMIT,1701005807929,3421,0.5741189
BLURUSDT,SELL,LIMIT,1701005809034,76,0.5739209
BLURUSDT,SELL,LIMIT,1701005810083,150,0.5737450
BLURUSDT,SELL,LIMIT,1701005811171,150,0.5735301
BLURUSDT,SELL,LIMIT,1701005812185,3663,0.5710857
BLURUSDT,SELL,LIMIT,1701005813226,5246,0.5710672
BLURUSDT,SELL,LIMIT,1701005990470,8558,0.5719896
BLURUSDT,SELL,LIMIT,1701006074249,1456,0.5700223
BLURUSDT,SELL,LIMIT,1701006075419,2803,0.5697241
BLURUSDT,SELL,LIMIT,1701006077327,5695,0.5696755
BLURUSDT,SELL,LIMIT,1701006078710,239,0.5693960
BLURUSDT,SELL,LIMIT,1701006079719,2158,0.5689104
BLURUSDT,BUY,LIMIT,1701006210788,633,0.5915139
BLURUSDT,SELL,LIMIT,1701007017011,74,0.5730424
BLURUSDT,BUY,LIMIT,1701007409437,1383,0.5946382
BLURUSDT,SELL,LIMIT,1701007734685,8522,0.5746608
BLURUSDT,SELL,LIMIT,1701007760840,437,0.5744715
BLURUSDT,SELL,LIMIT,1701008062604,164,0.5728761
BLURUSDT,SELL,LIMIT,1701008074217,915,0.5727675
BLURUSDT,SELL,LIMIT,1701008150810,87,0.5722100
BLURUSDT,SELL,LIMIT,1701008155076,148,0.5718891
BLURUSDT,SELL,LIMIT,1701008161319,1155,0.5715277
BLURUSDT,SELL,LIMIT,1701008165727,66,0.5714462
BLURUSDT,SELL,LIMIT,1701008179270,985,0.5709061
BLURUSDT,SELL,LIMIT,1701008317140,10,0.5706492
BLURUSDT,SELL,LIMIT,1701008319106,336,0.5703151
BLURUSDT,SELL,LIMIT,1701008321868,922,0.5699955
BLURUSDT,SELL,LIMIT,1701008343279,65,0.5703151
BLURUSDT,SELL,LIMIT,1701008365035,2127,0.5701181
BLURUSDT,SELL,LIMIT,1701008375103,41772,0.5673480
BLURUSDT,SELL,LIMIT,1701008385090,160,0.5696173
BLURUSDT,SELL,LIMIT,1701008402738,6500,0.5694104
BLURUSDT,SELL,LIMIT,1701008405318,2920,0.5691286
BLURUSDT,SELL,LIMIT,1701008415258,191,0.5683936
BLURUSDT,SELL,LIMIT,1701008416417,1402,0.5682197
BLURUSDT,SELL,LIMIT,1701008417773,424,0.5678981
BLURUSDT,SELL,LIMIT,1701008418793,1223,0.5665424
BLURUSDT,SELL,LIMIT,1701008420209,299,0.5661738
BLURUSDT,SELL,LIMIT,1701008421380,21992,0.5640060
BLURUSDT,SELL,LIMIT,1701008435087,241,0.5671631
BLURUSDT,SELL,LIMIT,1701008441968,7371,0.5663384
BLURUSDT,SELL,LIMIT,1701008446370,324,0.5658826
BLURUSDT,BUY,LIMIT,1701009010065,3,0.5783152
BLURUSDT,SELL,LIMIT,1701009017674,150,0.5687391
BLURUSDT,SELL,LIMIT,1701009183577,1246,0.5664910
BLURUSDT,SELL,LIMIT,1701009185091,1990,0.5663554
BLURUSDT,SELL,LIMIT,1701009188764,6896,0.5656150
BLURUSDT,SELL,LIMIT,1701009257469,3208,0.5670048
BLURUSDT,SELL,LIMIT,1701009263244,240,0.5663751
BLURUSDT,SELL,LIMIT,1701009266265,4260,0.5665260
BLURUSDT,SELL,LIMIT,1701009281508,1436,0.5656146
BLURUSDT,SELL,LIMIT,1701009283844,973,0.5653857
BLURUSDT,SELL,LIMIT,1701009285042,796,0.5644257
BLURUSDT,SELL,LIMIT,1701009286049,7481,0.5615161
BLURUSDT,SELL,LIMIT,1701009287074,1381,0.5585120
BLURUSDT,SELL,LIMIT,1701009288063,8215,0.5555346
BLURUSDT,SELL,LIMIT,1701009289096,1286,0.5573041
BLURUSDT,SELL,LIMIT,1701009290138,380,0.5546285
BLURUSDT,SELL,LIMIT,1701009291272,147,0.5550140
BLURUSDT,BUY,LIMIT,1701009702787,345,0.5781584
BLURUSDT,BUY,LIMIT,1701009707544,8813,0.5785325
BLURUSDT,BUY,LIMIT,1701009716183,299,0.5792463
BLURUSDT,SELL,LIMIT,1701010005147,3069,0.5585899
BLURUSDT,SELL,LIMIT,1701010010587,127,0.5582240
BLURUSDT,SELL,LIMIT,1701010012560,3494,0.5579208
BLURUSDT,SELL,LIMIT,1701010020040,573,0.5576818
BLURUSDT,SELL,LIMIT,1701010034149,6523,0.5576225
BLURUSDT,SELL,LIMIT,1701010114490,145,0.5577071
BLURUSDT,SELL,LIMIT,1701010228296,497,0.5565607
BLURUSDT,SELL,LIMIT,1701010232214,246,0.5564892
BLURUSDT,SELL,LIMIT,1701010233872,7952,0.5559480
BLURUSDT,SELL,LIMIT,1701010245199,538,0.5554887
BLURUSDT,SELL,LIMIT,1701010248203,8821,0.5549872
BLURUSDT,BUY,LIMIT,1701010280102,1020,0.5745902
BLURUSDT,SELL,LIMIT,1701010438049,36,0.5537487
BLURUSDT,SELL,LIMIT,1701010439086,88,0.5545510
BLURUSDT,SELL,LIMIT,1701010440128,30,0.5527821
BLURUSDT,SELL,LIMIT,1701010441212,146,0.5528058
BLURUSDT,SELL,LIMIT,1701010443192,712,0.5524467
BLURUSDT,SELL,LIMIT,1701010444350,208,0.5517463
BLURUSDT,SELL,LIMIT,1701010445355,139,0.5519713
BLURUSDT,SELL,LIMIT,1701010465330,2781,0.5517364
BLURUSDT,SELL,LIMIT,1701010466392,4618,0.5516001
BLURUSDT,SELL,LIMIT,1701010468202,488,0.5515716
BLURUSDT,BUY,LIMIT,1701010679168,1781,0.5722453
BLURUSDT,BUY,LIMIT,1701010719168,210,0.5745882
BLURUSDT,BUY,LIMIT,1701010819384,494,0.5755919
BLURUSDT,SELL,LIMIT,1701010912106,808,0.5542116
BLURUSDT,SELL,LIMIT,1701010913667,1714,0.5537675
BLURUSDT,SELL,LIMIT,1701010924258,874,0.5532393
BLURUSDT,BUY,LIMIT,1701010949440,92,0.5733265
BLURUSDT,BUY,LIMIT,1701011058106,2677,0.5755089
BLURUSDT,BUY,LIMIT,1701011066553,353,0.5760174
BLURUSDT,BUY,LIMIT,1701011068410,2719,0.5761869
BLURUSDT,BUY,LIMIT,1701011081883,876,0.5773508
BLURUSDT,BUY,LIMIT,1701011247310,1038,0.5776147
BLURUSDT,SELL,LIMIT,1701011400423,1893,0.5575324
BLURUSDT,SELL,LIMIT,1701011811679,881,0.5561619
BLURUSDT,BUY,LIMIT,1701012292086,374,0.5769307
BLURUSDT,SELL,LIMIT,1701012298346,22,0.5599697
BLURUSDT,BUY,LIMIT,1701012314738,28,0.5776147
BLURUSDT,BUY,LIMIT,1701012316154,568,0.5779467
BLURUSDT,BUY,LIMIT,1701012318072,2956,0.5791779
BLURUSDT,BUY,LIMIT,1701012319225,915,0.5792799
BLURUSDT,SELL,LIMIT,1701012364842,96,0.5615486
BLURUSDT,BUY,LIMIT,1701012421449,1736,0.5799943
BLURUSDT,BUY,LIMIT,1701012423210,584,0.5810820
BLURUSDT,SELL,LIMIT,1701012643081,1286,0.5626321
BLURUSDT,SELL,LIMIT,1701012972486,27,0.5632089
BLURUSDT,SELL,LIMIT,1701013295528,869,0.5596888
BLURUSDT,SELL,LIMIT,1701013298157,1130,0.5593002
BLURUSDT,SELL,LIMIT,1701013406694,514,0.5586717
BLURUSDT,SELL,LIMIT,1701013489282,599,0.5581343
BLURUSDT,SELL,LIMIT,1701013498454,2505,0.5566927
BLURUSDT,SELL,LIMIT,1701013501117,88,0.5557734
BLURUSDT,SELL,LIMIT,1701013502341,60,0.5557478
BLURUSDT,SELL,LIMIT,1701013532542,9677,0.5567928
BLURUSDT,SELL,LIMIT,1701013829615,44,0.5555815
BLURUSDT,SELL,LIMIT,1701013832057,6347,0.5549886
BLURUSDT,SELL,LIMIT,1701013868249,2285,0.5560572
BLURUSDT,SELL,LIMIT,1701013947055,158,0.5548014
BLURUSDT,SELL,LIMIT,1701013951788,288,0.5542372
BLURUSDT,SELL,LIMIT,1701013953052,18,0.5541867
BLURUSDT,SELL,LIMIT,1701013955156,5396,0.5534261
BLURUSDT,SELL,LIMIT,1701013956916,772,0.5528806
BLURUSDT,SELL,LIMIT,1701013959167,676,0.5524044
BLURUSDT,SELL,LIMIT,1701013990165,6480,0.5533199
BLURUSDT,SELL,LIMIT,1701013993917,40749,0.5505621
BLURUSDT,SELL,LIMIT,1701013997366,8840,0.5524481
BLURUSDT,SELL,LIMIT,1701014023621,5244,0.5522429
BLURUSDT,SELL,LIMIT,1701014025208,9,0.5519508
BLURUSDT,SELL,LIMIT,1701014026289,613,0.5512905
BLURUSDT,SELL,LIMIT,1701014027290,1049,0.5507672
BLURUSDT,SELL,LIMIT,1701014028308,3257,0.5497854
BLURUSDT,SELL,LIMIT,1701014029311,41,0.5482578
BLURUSDT,SELL,LIMIT,1701014038177,1218,0.5474655
BLURUSDT,SELL,LIMIT,1701014041529,4000,0.5472849
BLURUSDT,SELL,LIMIT,1701014043144,11443,0.5466166
BLURUSDT,SELL,LIMIT,1701014044266,928,0.5469394
BLURUSDT,SELL,LIMIT,1701014124536,501,0.5494783
BLURUSDT,SELL,LIMIT,1701014391380,3106,0.5468746
BLURUSDT,SELL,LIMIT,1701014392452,2254,0.5466346
BLURUSDT,SELL,LIMIT,1701014393494,94,0.5464366
BLURUSDT,SELL,LIMIT,1701014395408,100,0.5463651
BLURUSDT,SELL,LIMIT,1701014407033,52498,0.5434031
BLURUSDT,SELL,LIMIT,1701014408115,144,0.5455058
BLURUSDT,SELL,LIMIT,1701014409247,165,0.5456172
BLURUSDT,SELL,LIMIT,1701014410293,360,0.5449626
BLURUSDT,SELL,LIMIT,1701014411297,654,0.5448231
BLURUSDT,BUY,LIMIT,1701014469409,1211,0.5659076
BLURUSDT,BUY,LIMIT,1701014478315,446,0.5662351
BLURUSDT,BUY,LIMIT,1701014487023,150,0.5681244
BLURUSDT,BUY,LIMIT,1701014598216,1105,0.5681673
BLURUSDT,SELL,LIMIT,1701014859135,1700,0.5514502
BLURUSDT,SELL,LIMIT,1701014860208,1188,0.5490141
BLURUSDT,BUY,LIMIT,1701014914261,40,0.5638281
BLURUSDT,SELL,LIMIT,1701014916994,857,0.5468223
BLURUSDT,BUY,LIMIT,1701014933342,350,0.5641621
BLURUSDT,SELL,LIMIT,1701014936636,170,0.5474025
BLURUSDT,SELL,LIMIT,1701015111092,507,0.5458539
BLURUSDT,SELL,LIMIT,1701015112363,6762,0.5457834
BLURUSDT,SELL,LIMIT,1701015136471,981,0.5461082
BLURUSDT,SELL,LIMIT,1701015160324,100,0.5447841
BLURUSDT,SELL,LIMIT,1701015161404,4966,0.5438495
BLURUSDT,SELL,LIMIT,1701015162414,163,0.5436025
BLURUSDT,SELL,LIMIT,1701015163448,94,0.5432725
BLURUSDT,SELL,LIMIT,1701015165162,9489,0.5430117
BLURUSDT,SELL,LIMIT,1701015166645,1500,0.5430715
BLURUSDT,SELL,LIMIT,1701015167839,608,0.5428641
BLURUSDT,SELL,LIMIT,1701015168840,55,0.5427782
BLURUSDT,SELL,LIMIT,1701015170222,779,0.5412459
BLURUSDT,SELL,LIMIT,1701015171511,839,0.5412055
BLURUSDT,SELL,LIMIT,1701015202037,23,0.5408700
BLURUSDT,SELL,LIMIT,1701015203386,173158,0.5363025
BLURUSDT,SELL,LIMIT,1701015210690,313,0.5405347
BLURUSDT,SELL,LIMIT,1701015211703,7161,0.5402534
BLURUSDT,SELL,LIMIT,1701015212908,30,0.5395320
BLURUSDT,SELL,LIMIT,1701015228036,2195,0.5383738
BLURUSDT,SELL,LIMIT,1701015229049,74,0.5390414
BLURUSDT,SELL,LIMIT,1701015230791,3560,0.5378188
BLURUSDT,SELL,LIMIT,1701015234285,10000,0.5374813
BLURUSDT,SELL,LIMIT,1701015247462,144,0.5376661
BLURUSDT,SELL,LIMIT,1701015248472,2370,0.5374142
BLURUSDT,SELL,LIMIT,1701015254098,676,0.5372893
BLURUSDT,SELL,LIMIT,1701015255131,1000,0.5371207
BLURUSDT,SELL,LIMIT,1701015259395,1979,0.5370322
BLURUSDT,SELL,LIMIT,1701015261084,3539,0.5369523
BLURUSDT,BUY,LIMIT,1701015327137,91,0.5569127
BLURUSDT,BUY,LIMIT,1701015405608,7600,0.5570419
BLURUSDT,SELL,LIMIT,1701015600151,9090,0.5391101
BLURUSDT,SELL,LIMIT,1701015601388,142,0.5390304
BLURUSDT,SELL,LIMIT,1701015603103,638,0.5388931
BLURUSDT,SELL,LIMIT,1701015632926,296,0.5380155
BLURUSDT,SELL,LIMIT,1701015635079,118,0.5377848
BLURUSDT,SELL,LIMIT,1701015638146,1162,0.5371786
BLURUSDT,SELL,LIMIT,1701015640990,8000,0.5370485
BLURUSDT,SELL,LIMIT,1701015644388,162,0.5372187
BLURUSDT,SELL,LIMIT,1701015662079,267,0.5378194
BLURUSDT,SELL,LIMIT,1701015671228,1484,0.5377249
BLURUSDT,SELL,LIMIT,1701015673227,736,0.5375986
BLURUSDT,SELL,LIMIT,1701015674425,489,0.5375659
BLURUSDT,SELL,LIMIT,1701015676456,1921,0.5373214
BLURUSDT,SELL,LIMIT,1701015684296,809,0.5368260
BLURUSDT,SELL,LIMIT,1701015747296,832,0.5383925
BLURUSDT,SELL,LIMIT,1701015758438,241,0.5374147
BLURUSDT,SELL,LIMIT,1701015761007,156,0.5373140
BLURUSDT,SELL,LIMIT,1701015763135,866,0.5363684
BLURUSDT,SELL,LIMIT,1701015806710,3018,0.5376335
BLURUSDT,SELL,LIMIT,1701015861693,46,0.5369116
BLURUSDT,SELL,LIMIT,1701015872804,332,0.5366281
BLURUSDT,SELL,LIMIT,1701015874564,1986,0.5361968
BLURUSDT,SELL,LIMIT,1701015877322,30,0.5360144
BLURUSDT,SELL,LIMIT,1701015883594,71,0.5359946
BLURUSDT,SELL,LIMIT,1701015892115,540,0.5358054
BLURUSDT,SELL,LIMIT,1701015893314,1423,0.5357853
BLURUSDT,SELL,LIMIT,1701015894352,1457,0.5353229
BLURUSDT,SELL,LIMIT,1701015895774,12535,0.5340575
BLURUSDT,SELL,LIMIT,1701015898044,178,0.5344955
BLURUSDT,SELL,LIMIT,1701015899083,267,0.5323878
BLURUSDT,SELL,LIMIT,1701015900084,2353,0.5336659
BLURUSDT,SELL,LIMIT,1701015903658,1751,0.5310767
BLURUSDT,BUY,LIMIT,1701015922059,7243,0.5508273
BLURUSDT,SELL,LIMIT,1701015944657,278,0.5310545
BLURUSDT,SELL,LIMIT,1701015946044,542,0.5309617
BLURUSDT,SELL,LIMIT,1701015947049,4481,0.5304263
BLURUSDT,SELL,LIMIT,1701015948057,1467,0.5300668
BLURUSDT,SELL,LIMIT,1701015949111,82,0.5300222
BLURUSDT,SELL,LIMIT,1701015950340,1330,0.5296779
BLURUSDT,SELL,LIMIT,1701015951350,941,0.5295521
BLURUSDT,SELL,LIMIT,1701016013151,467,0.5312007
BLURUSDT,SELL,LIMIT,1701016017888,724,0.5311882
BLURUSDT,SELL,LIMIT,1701016019503,64408,0.5280201
BLURUSDT,SELL,LIMIT,1701016021351,7952,0.5308028
BLURUSDT,SELL,LIMIT,1701016026342,15,0.5311143
BLURUSDT,SELL,LIMIT,1701016027493,6787,0.5308345
BLURUSDT,SELL,LIMIT,1701016028582,3951,0.5346827
BLURUSDT,SELL,LIMIT,1701016030974,35267,0.5282158
BLURUSDT,SELL,LIMIT,1701016031991,321,0.5297579
BLURUSDT,SELL,LIMIT,1701016032907,453,0.5301127
BLURUSDT,SELL,LIMIT,1701016036589,424,0.5304781
BLURUSDT,SELL,LIMIT,1701016039212,8497,0.5303810
BLURUSDT,SELL,LIMIT,1701016041087,291,0.5302405
BLURUSDT,SELL,LIMIT,1701016042330,1586,0.5299613
BLURUSDT,SELL,LIMIT,1701016044126,109,0.5298652
BLURUSDT,SELL,LIMIT,1701016045530,60000,0.5267576
BLURUSDT,SELL,LIMIT,1701016046418,1406,0.5295361
BLURUSDT,SELL,LIMIT,1701016047157,27657,0.5276703
BLURUSDT,SELL,LIMIT,1701016047979,10779,0.5289590
BLURUSDT,SELL,LIMIT,1701016048790,3402,0.5291185
BLURUSDT,SELL,LIMIT,1701016049720,5803,0.5289285
BLURUSDT,SELL,LIMIT,1701016051083,64940,0.5256362
BLURUSDT,SELL,LIMIT,1701016052217,329,0.5286041
BLURUSDT,SELL,LIMIT,1701016055822,185,0.5288038
BLURUSDT,SELL,LIMIT,1701016077612,12,0.5285961
BLURUSDT,SELL,LIMIT,1701016090213,261,0.5273477
BLURUSDT,SELL,LIMIT,1701016091449,65,0.5278460
BLURUSDT,SELL,LIMIT,1701016092577,384,0.5268960
BLURUSDT,SELL,LIMIT,1701016093639,272,0.5267732
BLURUSDT,SELL,LIMIT,1701016094761,819,0.5253991
BLURUSDT,SELL,LIMIT,1701016095819,210,0.5251981
BLURUSDT,SELL,LIMIT,1701016097602,36,0.5253542
BLURUSDT,SELL,LIMIT,1701016098486,110475,0.5213772
BLURUSDT,SELL,LIMIT,1701016099563,4289,0.5249280
BLURUSDT,SELL,LIMIT,1701016100493,4093,0.5249883
BLURUSDT,SELL,LIMIT,1701016101608,245,0.5249256
BLURUSDT,SELL,LIMIT,1701016102566,637,0.5247096
BLURUSDT,BUY,LIMIT,1701016105146,378,0.5409488
BLURUSDT,BUY,LIMIT,1701016117671,8218,0.5443259
BLURUSDT,BUY,LIMIT,1701016148265,2965,0.5466738
BLURUSDT,BUY,LIMIT,1701016203025,9277,0.5494757
BLURUSDT,BUY,LIMIT,1701016204675,7160,0.5496728
BLURUSDT,BUY,LIMIT,1701016208838,13,0.5499281
BLURUSDT,SELL,LIMIT,1701016307736,1952,0.5304029
BLURUSDT,BUY,LIMIT,1701016405231,842,0.5501370
BLURUSDT,SELL,LIMIT,1701016438411,31,0.5326261
BLURUSDT,SELL,LIMIT,1701016447325,45,0.5321415
BLURUSDT,SELL,LIMIT,1701016557059,239,0.5289225
BLURUSDT,SELL,LIMIT,1701016559526,4991,0.5280899
BLURUSDT,BUY,LIMIT,1701016599048,665,0.5465883
BLURUSDT,BUY,LIMIT,1701016600335,36,0.5465539
BLURUSDT,BUY,LIMIT,1701016736187,55,0.5487200
BLURUSDT,BUY,LIMIT,1701016907089,1853,0.5502740
BLURUSDT,BUY,LIMIT,1701016913037,171,0.5507446
BLURUSDT,BUY,LIMIT,1701016926007,478,0.5520836
BLURUSDT,BUY,LIMIT,1701016978778,52,0.5535066
BLURUSDT,BUY,LIMIT,1701016982888,18,0.5540982
BLURUSDT,BUY,LIMIT,1701016986491,936,0.5545064
BLURUSDT,BUY,LIMIT,1701016987979,289,0.5546443
BLURUSDT,BUY,LIMIT,1701016989199,368,0.5549751
BLURUSDT,SELL,LIMIT,1701017392191,543,0.5350307
BLURUSDT,SELL,LIMIT,1701017394649,250,0.5349609
BLURUSDT,SELL,LIMIT,1701017396139,271,0.5347140
BLURUSDT,SELL,LIMIT,1701017406958,3900,0.5319424
BLURUSDT,BUY,LIMIT,1701017561226,1846,0.5522631
BLURUSDT,BUY,LIMIT,1701017570205,3111,0.5531871
BLURUSDT,BUY,LIMIT,1701017597235,1906,0.5537183
BLURUSDT,BUY,LIMIT,1701017809048,1523,0.5567903
BLURUSDT,BUY,LIMIT,1701017813114,2535,0.5570659
BLURUSDT,BUY,LIMIT,1701017816540,716,0.5576921
BLURUSDT,BUY,LIMIT,1701017944101,51,0.5584040
BLURUSDT,BUY,LIMIT,1701017948168,3391,0.5591978
BLURUSDT,SELL,LIMIT,1701018097198,196,0.5395992
BLURUSDT,BUY,LIMIT,1701018354992,200,0.5595508
BLURUSDT,BUY,LIMIT,1701018368038,578,0.5609298
BLURUSDT,BUY,LIMIT,1701018369362,1924,0.5610060
BLURUSDT,BUY,LIMIT,1701018370888,3381,0.5614428
BLURUSDT,BUY,LIMIT,1701018398593,928,0.5630569
BLURUSDT,BUY,LIMIT,1701018400599,70000,0.5668258
BLURUSDT,BUY,LIMIT,1701018402152,18484,0.5654287
BLURUSDT,BUY,LIMIT,1701018407096,124,0.5646750
BLURUSDT,BUY,LIMIT,1701018408119,2603,0.5643161
BLURUSDT,BUY,LIMIT,1701018412039,31,0.5657222
BLURUSDT,BUY,LIMIT,1701018413102,225,0.5669164
BLURUSDT,BUY,LIMIT,1701018414231,352,0.5662701
BLURUSDT,BUY,LIMIT,1701018422823,1082,0.5670746
BLURUSDT,BUY,LIMIT,1701018424270,1546,0.5679444
BLURUSDT,BUY,LIMIT,1701018425268,2551,0.5680602
BLURUSDT,BUY,LIMIT,1701018426773,888,0.5702686
BLURUSDT,BUY,LIMIT,1701018427872,4573,0.5706562
BLURUSDT,BUY,LIMIT,1701018429165,2236,0.5720667
BLURUSDT,BUY,LIMIT,1701018483943,7000,0.5723727
BLURUSDT,BUY,LIMIT,1701018486376,4851,0.5725624
BLURUSDT,BUY,LIMIT,1701018487499,39201,0.5760252
BLURUSDT,BUY,LIMIT,1701018551464,482,0.5700643
BLURUSDT,SELL,LIMIT,1701018616223,8836,0.5496321
BLURUSDT,BUY,LIMIT,1701018649017,7704,0.5689744
BLURUSDT,SELL,LIMIT,1701019162209,8928,0.5489121
BLURUSDT,SELL,LIMIT,1701019164306,2827,0.5482965
BLURUSDT,SELL,LIMIT,1701019167221,178,0.5478760
BLURUSDT,SELL,LIMIT,1701019170060,210,0.5473438
BLURUSDT,SELL,LIMIT,1701019171319,293,0.5473325
BLURUSDT,SELL,LIMIT,1701019179116,1525,0.5450824
BLURUSDT,SELL,LIMIT,1701019337310,1,0.5479791
BLURUSDT,BUY,LIMIT,1701019679121,42,0.5672656
BLURUSDT,BUY,LIMIT,1701019714608,1473,0.5674210
BLURUSDT,BUY,LIMIT,1701019715989,31,0.5676180
BLURUSDT,BUY,LIMIT,1701019748401,6751,0.5688484
BLURUSDT,BUY,LIMIT,1701019762548,512,0.5695682
BLURUSDT,BUY,LIMIT,1701019774161,1341,0.5700682
BLURUSDT,BUY,LIMIT,1701019777647,35,0.5700253
BLURUSDT,SELL,LIMIT,1701020317256,4626,0.5497379
BLURUSDT,SELL,LIMIT,1701020407184,1043,0.5479315
BLURUSDT,SELL,LIMIT,1701020408239,887,0.5480352
BLURUSDT,SELL,LIMIT,1701020780779,1024,0.5472648
BLURUSDT,SELL,LIMIT,1701020782552,46,0.5468484
BLURUSDT,SELL,LIMIT,1701020790294,60,0.5460950
BLURUSDT,SELL,LIMIT,1701021145278,2492,0.5452918
BLURUSDT,SELL,LIMIT,1701021147544,101,0.5449865
BLURUSDT,SELL,LIMIT,1701021160786,1221,0.5445963
BLURUSDT,BUY,LIMIT,1701021581885,4654,0.5649049
BLURUSDT,BUY,LIMIT,1701021595332,1395,0.5651836
BLURUSDT,BUY,LIMIT,1701021621211,905,0.5660264
BLURUSDT,BUY,LIMIT,1701022024201,416,0.5645123
BLURUSDT,BUY,LIMIT,1701022042228,905,0.5652865
BLURUSDT,BUY,LIMIT,1701022073127,6485,0.5663700
BLURUSDT,BUY,LIMIT,1701022076462,8031,0.5665342
BLURUSDT,BUY,LIMIT,1701022181861,444,0.5691957
BLURUSDT,BUY,LIMIT,1701022184688,600,0.5697810
BLURUSDT,BUY,LIMIT,1701022191342,5970,0.5702213
BLURUSDT,SELL,LIMIT,1701022747416,1640,0.5489121
BLURUSDT,SELL,LIMIT,1701023139109,195,0.5491376
BLURUSDT,SELL,LIMIT,1701023204188,12,0.5473870
BLURUSDT,BUY,LIMIT,1701023484474,47,0.5670399
BLURUSDT,BUY,LIMIT,1701023489431,101,0.5674537
BLURUSDT,SELL,LIMIT,1701023788853,333,0.5484569
BLURUSDT,SELL,LIMIT,1701023984851,48,0.5489378
BLURUSDT,SELL,LIMIT,1701024161308,150,0.5474661
BLURUSDT,SELL,LIMIT,1701024162363,586,0.5473084
BLURUSDT,SELL,LIMIT,1701024487374,8979,0.5461477
BLURUSDT,BUY,LIMIT,1701025553744,358,0.5651261
BLURUSDT,BUY,LIMIT,1701025664454,33,0.5667381
BLURUSDT,SELL,LIMIT,1701025899347,21,0.5462301
BLURUSDT,SELL,LIMIT,1701025900383,287,0.5451274
BLURUSDT,SELL,LIMIT,1701025919531,205,0.5434874
BLURUSDT,SELL,LIMIT,1701026345927,1710,0.5433299
BLURUSDT,SELL,LIMIT,1701026348538,190,0.5414319
BLURUSDT,SELL,LIMIT,1701026349897,7226,0.5406145
BLURUSDT,BUY,LIMIT,1701026691322,1875,0.5590375
BLURUSDT,SELL,LIMIT,1701027319061,97,0.5407377
BLURUSDT,BUY,LIMIT,1701027703990,49,0.5571140
BLURUSDT,BUY,LIMIT,1701027935715,23,0.5599758
BLURUSDT,BUY,LIMIT,1701028708412,2136,0.5615749
BLURUSDT,BUY,LIMIT,1701028731855,442,0.5624337
BLURUSDT,BUY,LIMIT,1701028953438,27,0.5632492
BLURUSDT,BUY,LIMIT,1701029039311,425,0.5637460
BLURUSDT,BUY,LIMIT,1701029050188,4165,0.5638316
BLURUSDT,BUY,LIMIT,1701029144760,4636,0.5649653
BLURUSDT,BUY,LIMIT,1701029309577,214,0.5644184
BLURUSDT,BUY,LIMIT,1701029313193,9027,0.5648393
BLURUSDT,BUY,LIMIT,1701029694994,230,0.5656131
BLURUSDT,BUY,LIMIT,1701030059715,122,0.5671620
BLURUSDT,BUY,LIMIT,1701031727645,267,0.5659352
BLURUSDT,BUY,LIMIT,1701031761502,106,0.5619292
BLURUSDT,BUY,LIMIT,1701031777214,13,0.5650718
BLURUSDT,BUY,LIMIT,1701031800095,2600,0.5689489
BLURUSDT,BUY,LIMIT,1701031801276,1602,0.5698618
BLURUSDT,BUY,LIMIT,1701031802294,23,0.5710605
BLURUSDT,SELL,LIMIT,1701032951219,1246,0.5489823
BLURUSDT,SELL,LIMIT,1701032955507,3907,0.5482149
BLURUSDT,SELL,LIMIT,1701033835222,761,0.5474510
BLURUSDT,BUY,LIMIT,1701034419972,146,0.5680654
BLURUSDT,BUY,LIMIT,1701035410205,100,0.5689810
BLURUSDT,BUY,LIMIT,1701035414417,1152,0.5694292
BLURUSDT,BUY,LIMIT,1701035445021,1788,0.5702342
BLURUSDT,BUY,LIMIT,1701035663552,242,0.5715339
BLURUSDT,BUY,LIMIT,1701036301712,920,0.5725423
BLURUSDT,BUY,LIMIT,1701036306022,207,0.5728987
BLURUSDT,BUY,LIMIT,1701036375075,32,0.5731517
BLURUSDT,BUY,LIMIT,1701036376240,5004,0.5731279
BLURUSDT,BUY,LIMIT,1701036383842,299,0.5741724
BLURUSDT,BUY,LIMIT,1701036385826,9082,0.5742706
BLURUSDT,BUY,LIMIT,1701036438408,31,0.5743081
BLURUSDT,BUY,LIMIT,1701036443357,1827,0.5747062
BLURUSDT,BUY,LIMIT,1701036467058,17,0.5748762
BLURUSDT,BUY,LIMIT,1701036476825,4290,0.5751684
BLURUSDT,BUY,LIMIT,1701036477837,664,0.5754101
BLURUSDT,BUY,LIMIT,1701036479669,6626,0.5758770
BLURUSDT,BUY,LIMIT,1701036482883,329,0.5763804
BLURUSDT,BUY,LIMIT,1701036563017,815,0.5757079
BLURUSDT,BUY,LIMIT,1701036880092,937,0.5768239
BLURUSDT,BUY,LIMIT,1701036881136,4720,0.5769749
BLURUSDT,BUY,LIMIT,1701036924313,2502,0.5774049
BLURUSDT,SELL,LIMIT,1701037163107,1032,0.5576849
BLURUSDT,BUY,LIMIT,1701037383044,3862,0.5778589
BLURUSDT,BUY,LIMIT,1701037384045,183,0.5780095
BLURUSDT,BUY,LIMIT,1701037385117,78,0.5784112
BLURUSDT,BUY,LIMIT,1701037392205,12852,0.5816856
BLURUSDT,BUY,LIMIT,1701037394222,274,0.5808566
BLURUSDT,BUY,LIMIT,1701037401065,262,0.5809449
BLURUSDT,SELL,LIMIT,1701037555375,1015,0.5608947
BLURUSDT,BUY,LIMIT,1701037806223,583,0.5790628
BLURUSDT,SELL,LIMIT,1701037845564,174,0.5601844
BLURUSDT,SELL,LIMIT,1701038815185,8779,0.5580137
BLURUSDT,SELL,LIMIT,1701039114117,20,0.5568749
BLURUSDT,SELL,LIMIT,1701039287316,8824,0.5553517
BLURUSDT,SELL,LIMIT,1701039889201,16,0.5529310
BLURUSDT,SELL,LIMIT,1701039988401,16,0.5572610
BLURUSDT,SELL,LIMIT,1701040034997,802,0.5524785
BLURUSDT,SELL,LIMIT,1701040039231,1249,0.5523322
BLURUSDT,SELL,LIMIT,1701040108498,49,0.5516486
BLURUSDT,SELL,LIMIT,1701041162218,10,0.5648819
BLURUSDT,SELL,LIMIT,1701041254725,1263,0.5511600
BLURUSDT,BUY,LIMIT,1701042195547,10,0.5719649
BLURUSDT,BUY,LIMIT,1701042584637,150,0.5701255
BLURUSDT,BUY,LIMIT,1701042590208,14,0.5684645
BLURUSDT,SELL,LIMIT,1701043351506,522,0.5531861
BLURUSDT,SELL,LIMIT,1701043389971,118,0.5503253
BLURUSDT,SELL,LIMIT,1701043448511,100,0.5495901
BLURUSDT,SELL,LIMIT,1701043451095,1223,0.5488029
BLURUSDT,SELL,LIMIT,1701043476893,2996,0.5483322
BLURUSDT,BUY,LIMIT,1701043501097,1576,0.5690484
BLURUSDT,SELL,LIMIT,1701043615922,4446,0.5508307
BLURUSDT,SELL,LIMIT,1701044011928,1233,0.5483225
BLURUSDT,SELL,LIMIT,1701044047140,1228,0.5477265
BLURUSDT,SELL,LIMIT,1701044048237,127,0.5467282
BLURUSDT,BUY,LIMIT,1701044308321,28,0.5677873
BLURUSDT,SELL,LIMIT,1701044533043,497,0.5465159
BLURUSDT,SELL,LIMIT,1701044551807,7971,0.5457350
BLURUSDT,SELL,LIMIT,1701044556630,155,0.5448585
BLURUSDT,SELL,LIMIT,1701044573649,1316,0.5439569
BLURUSDT,SELL,LIMIT,1701044574729,1245,0.5434633
BLURUSDT,SELL,LIMIT,1701044575996,432,0.5427235
BLURUSDT,BUY,LIMIT,1701045115432,89,0.5637835
BLURUSDT,SELL,LIMIT,1701045734681,1329,0.5442708
BLURUSDT,SELL,LIMIT,1701045741639,521,0.5434246
BLURUSDT,SELL,LIMIT,1701045796215,3186,0.5420414
BLURUSDT,SELL,LIMIT,1701045827358,121,0.5416358
BLURUSDT,SELL,LIMIT,1701045828749,924,0.5412372
BLURUSDT,SELL,LIMIT,1701045832459,16,0.5405716
BLURUSDT,SELL,LIMIT,1701045854173,99,0.5404982
BLURUSDT,SELL,LIMIT,1701045855959,6767,0.5403349
BLURUSDT,SELL,LIMIT,1701045858063,8772,0.5397719
BLURUSDT,SELL,LIMIT,1701045859193,129,0.5395715
BLURUSDT,SELL,LIMIT,1701045979212,455,0.5391888
BLURUSDT,SELL,LIMIT,1701045993130,176,0.5377792
BLURUSDT,SELL,LIMIT,1701045994182,93,0.5383594
BLURUSDT,SELL,LIMIT,1701045995360,16680,0.5357151
BLURUSDT,SELL,LIMIT,1701046001571,4545,0.5363601
BLURUSDT,SELL,LIMIT,1701046003058,35,0.5346253
BLURUSDT,SELL,LIMIT,1701046004118,3099,0.5328851
BLURUSDT,BUY,LIMIT,1701046188210,2204,0.5551177
BLURUSDT,SELL,LIMIT,1701046476741,93,0.5340130
BLURUSDT,SELL,LIMIT,1701046496006,229,0.5329159
BLURUSDT,SELL,LIMIT,1701046502079,2328,0.5325140
BLURUSDT,SELL,LIMIT,1701046503796,1552,0.5324642
BLURUSDT,BUY,LIMIT,1701046530924,291,0.5520363
BLURUSDT,SELL,LIMIT,1701047002068,817,0.5335762
BLURUSDT,BUY,LIMIT,1701047689242,39,0.5569262
BLURUSDT,SELL,LIMIT,1701047908909,421,0.5360232
BLURUSDT,SELL,LIMIT,1701048114599,32,0.5354223
BLURUSDT,SELL,LIMIT,1701048164151,10,0.5349821
BLURUSDT,SELL,LIMIT,1701048196498,21,0.5342433
BLURUSDT,SELL,LIMIT,1701048262774,4567,0.5333824
BLURUSDT,SELL,LIMIT,1701048281016,80,0.5326829
BLURUSDT,SELL,LIMIT,1701048290351,325,0.5324911
BLURUSDT,SELL,LIMIT,1701048300012,254,0.5323407
BLURUSDT,SELL,LIMIT,1701048390075,10185,0.5315566
BLURUSDT,SELL,LIMIT,1701048391339,10,0.5322553
BLURUSDT,SELL,LIMIT,1701048438340,224,0.5315455
BLURUSDT,SELL,LIMIT,1701048451417,75,0.5312460
BLURUSDT,SELL,LIMIT,1701048452757,1073,0.5310154
BLURUSDT,SELL,LIMIT,1701048454274,257,0.5308679
BLURUSDT,SELL,LIMIT,1701048455610,597,0.5306196
BLURUSDT,SELL,LIMIT,1701048457248,41,0.5305570
BLURUSDT,SELL,LIMIT,1701048458441,89,0.5297092
BLURUSDT,SELL,LIMIT,1701048459599,3915,0.5293497
BLURUSDT,SELL,LIMIT,1701048506170,415,0.5291499
BLURUSDT,SELL,LIMIT,1701048509072,6416,0.5290143
BLURUSDT,SELL,LIMIT,1701048512519,6,0.5289514
BLURUSDT,SELL,LIMIT,1701048513999,325,0.5288466
BLURUSDT,SELL,LIMIT,1701048518576,303,0.5287592
BLURUSDT,SELL,LIMIT,1701048523125,7656,0.5285585
BLURUSDT,SELL,LIMIT,1701048524355,559,0.5284507
BLURUSDT,SELL,LIMIT,1701048525898,2120,0.5282498
BLURUSDT,SELL,LIMIT,1701048528019,1765,0.5279093
BLURUSDT,SELL,LIMIT,1701048532220,23086,0.5261251
BLURUSDT,SELL,LIMIT,1701048543071,16865,0.5264583
BLURUSDT,SELL,LIMIT,1701048640209,6567,0.5274452
BLURUSDT,SELL,LIMIT,1701048677743,3368,0.5269139
BLURUSDT,SELL,LIMIT,1701048682248,179,0.5264969
BLURUSDT,SELL,LIMIT,1701048686110,1444,0.5262673
BLURUSDT,BUY,LIMIT,1701049243540,254,0.5464826
BLURUSDT,SELL,LIMIT,1701049544169,339,0.5322934
BLURUSDT,BUY,LIMIT,1701049754970,494,0.5518977
BLURUSDT,BUY,LIMIT,1701049784536,1165,0.5517452
BLURUSDT,BUY,LIMIT,1701050347954,10,0.5530650
BLURUSDT,SELL,LIMIT,1701050726590,9179,0.5347431
BLURUSDT,SELL,LIMIT,1701050764318,1516,0.5328225
BLURUSDT,SELL,LIMIT,1701050805839,29,0.5325691
BLURUSDT,SELL,LIMIT,1701050840991,1284,0.5313473
BLURUSDT,SELL,LIMIT,1701050865141,65377,0.5274294
BLURUSDT,SELL,LIMIT,1701051335166,592,0.5345596
BLURUSDT,BUY,LIMIT,1701051667199,439,0.5535197
BLURUSDT,BUY,LIMIT,1701051818175,10,0.5571698
BLURUSDT,BUY,LIMIT,1701051827478,21,0.5578529
BLURUSDT,BUY,LIMIT,1701051828506,641,0.5586949
BLURUSDT,BUY,LIMIT,1701051833351,14377,0.5607764
BLURUSDT,BUY,LIMIT,1701051909454,1342,0.5598334
BLURUSDT,BUY,LIMIT,1701051911135,285,0.5606563
BLURUSDT,BUY,LIMIT,1701051913642,46279,0.5637666
BLURUSDT,BUY,LIMIT,1701051914807,686,0.5617453
BLURUSDT,BUY,LIMIT,1701051917246,957,0.5624197
BLURUSDT,BUY,LIMIT,1701051921468,8239,0.5631614
BLURUSDT,BUY,LIMIT,1701052130149,4660,0.5633763
BLURUSDT,BUY,LIMIT,1701052155342,6660,0.5639875
BLURUSDT,BUY,LIMIT,1701052156577,70,0.5655028
BLURUSDT,BUY,LIMIT,1701052158608,2508,0.5657662
BLURUSDT,BUY,LIMIT,1701052164734,64944,0.5692426
BLURUSDT,BUY,LIMIT,1701052171060,71370,0.5700177
BLURUSDT,BUY,LIMIT,1701052173151,600,0.5669399
BLURUSDT,BUY,LIMIT,1701052174331,28,0.5671967
BLURUSDT,SELL,LIMIT,1701052283558,1300,0.5444435
BLURUSDT,SELL,LIMIT,1701053101080,26,0.5436582
BLURUSDT,SELL,LIMIT,1701053443055,609,0.5426947
BLURUSDT,SELL,LIMIT,1701053453236,206,0.5419483
BLURUSDT,SELL,LIMIT,1701053460428,403,0.5415421
BLURUSDT,SELL,LIMIT,1701053545684,60,0.5393901
BLURUSDT,SELL,LIMIT,1701054468152,13,0.5384451
BLURUSDT,BUY,LIMIT,1701054635202,322,0.5577562
BLURUSDT,BUY,LIMIT,1701054709041,2500,0.5596108
BLURUSDT,BUY,LIMIT,1701054807200,1000,0.5633701
BLURUSDT,BUY,LIMIT,1701054813891,57,0.5638495
BLURUSDT,BUY,LIMIT,1701054817174,1239,0.5645697
BLURUSDT,BUY,LIMIT,1701054899143,2098,0.5660537
BLURUSDT,BUY,LIMIT,1701054916564,2419,0.5670428
BLURUSDT,BUY,LIMIT,1701054923888,7396,0.5676028
BLURUSDT,BUY,LIMIT,1701054927834,24,0.5678543
BLURUSDT,BUY,LIMIT,1701054930515,150,0.5679963
BLURUSDT,BUY,LIMIT,1701054933086,18,0.5685141
BLURUSDT,BUY,LIMIT,1701054946163,27,0.5694587
BLURUSDT,BUY,LIMIT,1701054948144,12272,0.5719858
BLURUSDT,BUY,LIMIT,1701054949237,382,0.5706404
BLURUSDT,BUY,LIMIT,1701054950596,960,0.5716510
BLURUSDT,BUY,LIMIT,1701054969429,115,0.5718725
BLURUSDT,BUY,LIMIT,1701054971350,9170,0.5720871
BLURUSDT,BUY,LIMIT,1701054972575,970,0.5722097
BLURUSDT,BUY,LIMIT,1701054974250,2473,0.5722655
BLURUSDT,BUY,LIMIT,1701054978038,14679,0.5737037
BLURUSDT,BUY,LIMIT,1701054979574,22222,0.5744313
BLURUSDT,BUY,LIMIT,1701054983462,148,0.5727645
BLURUSDT,BUY,LIMIT,1701054995594,1302,0.5732404
BLURUSDT,BUY,LIMIT,1701055016232,230,0.5734879
BLURUSDT,BUY,LIMIT,1701055019658,109,0.5740673
BLURUSDT,BUY,LIMIT,1701055021410,953,0.5747717
BLURUSDT,BUY,LIMIT,1701055022524,2713,0.5755131
BLURUSDT,BUY,LIMIT,1701055038747,820,0.5721020
BLURUSDT,SELL,LIMIT,1701055091001,2352,0.5526927
BLURUSDT,SELL,LIMIT,1701055227191,257,0.5514217
BLURUSDT,SELL,LIMIT,1701055259084,2300,0.5518956
BLURUSDT,SELL,LIMIT,1701055692367,354,0.5482152
BLURUSDT,SELL,LIMIT,1701055694603,4638,0.5471294
BLURUSDT,SELL,LIMIT,1701055949309,1347,0.5454814
BLURUSDT,SELL,LIMIT,1701055954638,563,0.5443318
BLURUSDT,SELL,LIMIT,1701055955915,207,0.5440111
BLURUSDT,SELL,LIMIT,1701056053416,823,0.5431577
BLURUSDT,SELL,LIMIT,1701056089402,1918,0.5413247
BLURUSDT,SELL,LIMIT,1701056095716,906,0.5406641
BLURUSDT,SELL,LIMIT,1701057219322,693,0.5408542
BLURUSDT,SELL,LIMIT,1701057690179,1368,0.5416336
BLURUSDT,SELL,LIMIT,1701058616491,6817,0.5410441
BLURUSDT,SELL,LIMIT,1701058685697,262,0.5400903
BLURUSDT,SELL,LIMIT,1701058702518,2215,0.5381955
BLURUSDT,SELL,LIMIT,1701058734418,994,0.5381273
BLURUSDT,SELL,LIMIT,1701058744336,727,0.5370340
BLURUSDT,SELL,LIMIT,1701058800315,534,0.5367243
BLURUSDT,SELL,LIMIT,1701058801570,8125,0.5363609
BLURUSDT,SELL,LIMIT,1701058860285,47,0.5357402
BLURUSDT,SELL,LIMIT,1701058862287,273,0.5354694
BLURUSDT,SELL,LIMIT,1701058879116,3114,0.5356648
BLURUSDT,SELL,LIMIT,1701058947939,881,0.5346555
BLURUSDT,SELL,LIMIT,1701058951745,48,0.5343140
BLURUSDT,SELL,LIMIT,1701058953077,20704,0.5319710
BLURUSDT,SELL,LIMIT,1701058958295,3562,0.5332523
BLURUSDT,BUY,LIMIT,1701059224035,63,0.5546589
BLURUSDT,BUY,LIMIT,1701059226953,498,0.5551177
BLURUSDT,BUY,LIMIT,1701059231002,1128,0.5558363
BLURUSDT,BUY,LIMIT,1701059546352,159,0.5579281
BLURUSDT,BUY,LIMIT,1701059558471,96,0.5581932
BLURUSDT,SELL,LIMIT,1701059845200,1579,0.5398633
BLURUSDT,SELL,LIMIT,1701059854115,7777,0.5392595
BLURUSDT,SELL,LIMIT,1701059881363,3273,0.5377615
BLURUSDT,SELL,LIMIT,1701060076946,5940,0.5369323
BLURUSDT,SELL,LIMIT,1701060148393,3444,0.5365584
BLURUSDT,BUY,LIMIT,1701060870140,37,0.5529412
BLURUSDT,BUY,LIMIT,1701060872247,7098,0.5531149
BLURUSDT,SELL,LIMIT,1701061129377,2289,0.5346674
BLURUSDT,BUY,LIMIT,1701062043171,730,0.5515742
BLURUSDT,SELL,LIMIT,1701062220426,55,0.5321546
BLURUSDT,SELL,LIMIT,1701062419465,134,0.5312525
BLURUSDT,SELL,LIMIT,1701062420610,466,0.5305967
BLURUSDT,SELL,LIMIT,1701062717520,1038,0.5293813
BLURUSDT,SELL,LIMIT,1701062766420,2000,0.5285550
BLURUSDT,SELL,LIMIT,1701062767578,70234,0.5251577
BLURUSDT,SELL,LIMIT,1701062775649,5432,0.5276349
BLURUSDT,SELL,LIMIT,1701062827386,41094,0.5252071
BLURUSDT,BUY,LIMIT,1701063151283,1475,0.5462491
BLURUSDT,BUY,LIMIT,1701063155514,290,0.5465539
BLURUSDT,BUY,LIMIT,1701063216074,158,0.5475322
BLURUSDT,SELL,LIMIT,1701063759971,371,0.5271259
BLURUSDT,SELL,LIMIT,1701063762116,6932,0.5270438
BLURUSDT,SELL,LIMIT,1701063763127,255,0.5266994
BLURUSDT,SELL,LIMIT,1701063936455,1101,0.5262992
BLURUSDT,SELL,LIMIT,1701063949494,105,0.5259403
BLURUSDT,SELL,LIMIT,1701063951911,2248,0.5255961
BLURUSDT,SELL,LIMIT,1701063953097,87,0.5251186
BLURUSDT,SELL,LIMIT,1701063954336,149,0.5249051
