Symbol,Side,Order Type,Time,Quantity,Price
BLURUSDT,BUY,LIMIT,1700845588161,1383,0.6485928
BLURUSDT,BUY,LIMIT,1700845589340,3163,0.6481796
BLURUSDT,BUY,LIMIT,1700845591156,6658,0.6488284
BLURUSDT,BUY,LIMIT,1700845592240,4794,0.6489320
BLURUSDT,BUY,LIMIT,1700845593244,1977,0.6491065
BLURUSDT,BUY,LIMIT,1700845595101,2354,0.6496126
BLURUSDT,BUY,LIMIT,1700845596111,7867,0.6506251
BLURUSDT,BUY,LIMIT,1700845597117,719,0.6526538
BLURUSDT,BUY,LIMIT,1700845598127,42,0.6525160
BLURUSDT,BUY,LIMIT,1700845608062,4028,0.6559385
BLURUSDT,BUY,LIMIT,1700845609083,380,0.6541162
BLURUSDT,BUY,LIMIT,1700845610150,22,0.6569222
BLURUSDT,BUY,LIMIT,1700845612759,478,0.6568656
BLURUSDT,BUY,LIMIT,1700845613814,319,0.6574704
BLURUSDT,BUY,LIMIT,1700845614817,60,0.6595039
BLURUSDT,BUY,LIMIT,1700845615828,1348,0.6625091
BLURUSDT,SELL,LIMIT,1700845638782,703,0.6390819
BLURUSDT,SELL,LIMIT,1700845689165,46,0.6357563
BLURUSDT,SELL,LIMIT,1700845720470,396,0.6336454
BLURUSDT,SELL,LIMIT,1700845725357,4525,0.6328877
BLURUSDT,SELL,LIMIT,1700845833087,92,0.6302819
BLURUSDT,SELL,LIMIT,1700845835426,287,0.6290693
BLURUSDT,SELL,LIMIT,1700845836451,903,0.6294351
BLURUSDT,SELL,LIMIT,1700845843661,508,0.6271847
BLURUSDT,SELL,LIMIT,1700845849030,306,0.6270003
BLURUSDT,SELL,LIMIT,1700845850039,425,0.6262135
BLURUSDT,SELL,LIMIT,1700845851043,258,0.6236896
BLURUSDT,SELL,LIMIT,1700845855726,687,0.6224333
BLURUSDT,SELL,LIMIT,1700845863951,385,0.6220406
BLURUSDT,SELL,LIMIT,1700845865209,743,0.6216932
BLURUSDT,SELL,LIMIT,1700845869395,408,0.6200524
BLURUSDT,SELL,LIMIT,1700845872109,575,0.6182692
BLURUSDT,SELL,LIMIT,1700845873222,3955,0.6190000
BLURUSDT,SELL,LIMIT,1700845874521,2238,0.6188782
BLURUSDT,SELL,LIMIT,1700845876082,79,0.6177012
BLURUSDT,SELL,LIMIT,1700845877219,349,0.6176301
BLURUSDT,BUY,LIMIT,1700845888932,79,0.6392525
BLURUSDT,BUY,LIMIT,1700845944826,225,0.6405013
BLURUSDT,BUY,LIMIT,1700845946400,303,0.6410226
BLURUSDT,BUY,LIMIT,1700845955954,19,0.6413705
BLURUSDT,SELL,LIMIT,1700846089141,2173,0.6200110
BLURUSDT,BUY,LIMIT,1700846196627,1252,0.6431189
BLURUSDT,BUY,LIMIT,1700846250177,46,0.6438528
BLURUSDT,BUY,LIMIT,1700846253300,1923,0.6446751
BLURUSDT,BUY,LIMIT,1700846255394,766,0.6454314
BLURUSDT,BUY,LIMIT,1700846256986,8,0.6455636
BLURUSDT,BUY,LIMIT,1700846258207,277,0.6458450
BLURUSDT,BUY,LIMIT,1700846288876,2937,0.6465554
BLURUSDT,BUY,LIMIT,1700846405302,491,0.6475031
BLURUSDT,SELL,LIMIT,1700846631069,625,0.6251597
BLURUSDT,BUY,LIMIT,1700846850281,1174,0.6488008
BLURUSDT,BUY,LIMIT,1700847006313,155,0.6490821
BLURUSDT,BUY,LIMIT,1700847008506,14,0.6505552
BLURUSDT,BUY,LIMIT,1700847039364,1218,0.6514482
BLURUSDT,BUY,LIMIT,1700847041245,228,0.6523920
BLURUSDT,BUY,LIMIT,1700847042324,5223,0.6527313
BLURUSDT,BUY,LIMIT,1700847345724,664,0.6526720
BLURUSDT,BUY,LIMIT,1700847582344,638,0.6514758
BLURUSDT,SELL,LIMIT,1700847718202,1279,0.6302530
BLURUSDT,SELL,LIMIT,1700847719670,376,0.6298766
BLURUSDT,SELL,LIMIT,1700847723247,16,0.6294061
BLURUSDT,SELL,LIMIT,1700847725383,447,0.6292582
BLURUSDT,SELL,LIMIT,1700847726433,251,0.6290647
BLURUSDT,SELL,LIMIT,1700847728081,184,0.6284001
BLURUSDT,SELL,LIMIT,1700847739988,280,0.6281781
BLURUSDT,BUY,LIMIT,1700847978564,22,0.6512785
BLURUSDT,BUY,LIMIT,1700847981130,153,0.6520721
BLURUSDT,BUY,LIMIT,1700847982214,1283,0.6521322
BLURUSDT,BUY,LIMIT,1700847983215,858,0.6538991
BLURUSDT,BUY,LIMIT,1700847984593,156,0.6547229
BLURUSDT,BUY,LIMIT,1700847985807,17,0.6550930
BLURUSDT,BUY,LIMIT,1700847986881,9,0.6576531
BLURUSDT,BUY,LIMIT,1700847988056,3099,0.6597549
BLURUSDT,BUY,LIMIT,1700847989116,412,0.6581961
BLURUSDT,BUY,LIMIT,1700848028122,309,0.6592775
BLURUSDT,SELL,LIMIT,1700848071129,46,0.6360163
BLURUSDT,SELL,LIMIT,1700848073062,10,0.6354622
BLURUSDT,SELL,LIMIT,1700848166149,69,0.6344144
BLURUSDT,SELL,LIMIT,1700848168043,631,0.6338934
BLURUSDT,SELL,LIMIT,1700848169158,432,0.6334054
BLURUSDT,SELL,LIMIT,1700848170401,1474,0.6331198
BLURUSDT,SELL,LIMIT,1700848214058,448,0.6327448
BLURUSDT,SELL,LIMIT,1700848216286,129,0.6323823
BLURUSDT,SELL,LIMIT,1700848217873,827,0.6322291
BLURUSDT,SELL,LIMIT,1700848223297,1987,0.6321295
BLURUSDT,BUY,LIMIT,1700848266511,381,0.6541391
BLURUSDT,BUY,LIMIT,1700848270795,88,0.6548158
BLURUSDT,BUY,LIMIT,1700848319079,963,0.6560470
BLURUSDT,BUY,LIMIT,1700848336183,536,0.6565737
BLURUSDT,BUY,LIMIT,1700848340373,1418,0.6581666
BLURUSDT,BUY,LIMIT,1700848342057,1515,0.6584900
BLURUSDT,BUY,LIMIT,1700848343194,1547,0.6591146
BLURUSDT,BUY,LIMIT,1700848444456,1643,0.6595393
BLURUSDT,BUY,LIMIT,1700848467106,1013,0.6605600
BLURUSDT,BUY,LIMIT,1700848468465,284,0.6609960
BLURUSDT,BUY,LIMIT,1700848469522,269,0.6623143
BLURUSDT,BUY,LIMIT,1700848471530,28,0.6627315
BLURUSDT,BUY,LIMIT,1700848478819,930,0.6628700
BLURUSDT,BUY,LIMIT,1700848479971,108,0.6631984
BLURUSDT,BUY,LIMIT,1700848481321,3678,0.6638085
BLURUSDT,BUY,LIMIT,1700848483201,4766,0.6640183
BLURUSDT,SELL,LIMIT,1700848505086,239,0.6411040
BLURUSDT,SELL,LIMIT,1700848511929,2106,0.6406535
BLURUSDT,BUY,LIMIT,1700848552234,420,0.6632209
BLURUSDT,BUY,LIMIT,1700848554064,16,0.6639818
BLURUSDT,BUY,LIMIT,1700848555167,67,0.6642084
BLURUSDT,BUY,LIMIT,1700848556231,157,0.6644384
BLURUSDT,BUY,LIMIT,1700848625096,100,0.6648369
BLURUSDT,BUY,LIMIT,1700848626124,126,0.6650628
BLURUSDT,BUY,LIMIT,1700848627156,75,0.6653490
BLURUSDT,BUY,LIMIT,1700848628162,241,0.6659844
BLURUSDT,BUY,LIMIT,1700848629165,251,0.6676705
BLURUSDT,BUY,LIMIT,1700848630169,1118,0.6679180
BLURUSDT,BUY,LIMIT,1700848631204,1683,0.6683760
BLURUSDT,BUY,LIMIT,1700848632248,22,0.6712246
BLURUSDT,BUY,LIMIT,1700848633257,2450,0.6711929
BLURUSDT,BUY,LIMIT,1700848634344,7993,0.6722500
BLURUSDT,BUY,LIMIT,1700848635346,24,0.6728290
BLURUSDT,SELL,LIMIT,1700848643552,234,0.6485378
BLURUSDT,SELL,LIMIT,1700848646269,1078,0.6478165
BLURUSDT,BUY,LIMIT,1700848691075,12120,0.6742742
BLURUSDT,BUY,LIMIT,1700848692099,7077,0.6740321
BLURUSDT,BUY,LIMIT,1700848693175,246,0.6741912
BLURUSDT,BUY,LIMIT,1700848694214,7697,0.6752501
BLURUSDT,BUY,LIMIT,1700848696580,76,0.6758700
BLURUSDT,SELL,LIMIT,1700848727219,256,0.6524713
BLURUSDT,SELL,LIMIT,1700848728233,2103,0.6520133
BLURUSDT,SELL,LIMIT,1700848742317,1566,0.6520210
BLURUSDT,BUY,LIMIT,1700848761275,150,0.6730878
BLURUSDT,SELL,LIMIT,1700848816351,498,0.6504253
BLURUSDT,SELL,LIMIT,1700848817704,226,0.6495440
BLURUSDT,SELL,LIMIT,1700848818781,4332,0.6487887
BLURUSDT,SELL,LIMIT,1700848819795,801,0.6485985
BLURUSDT,SELL,LIMIT,1700848821152,495,0.6481608
BLURUSDT,BUY,LIMIT,1700848846195,4094,0.6700615
BLURUSDT,BUY,LIMIT,1700848847385,10,0.6723272
BLURUSDT,BUY,LIMIT,1700848849401,771,0.6729719
BLURUSDT,BUY,LIMIT,1700848852043,13449,0.6782424
BLURUSDT,BUY,LIMIT,1700848853073,3600,0.6760202
BLURUSDT,BUY,LIMIT,1700848855397,768,0.6769098
BLURUSDT,BUY,LIMIT,1700848856715,158,0.6771286
BLURUSDT,BUY,LIMIT,1700848857716,1898,0.6777106
BLURUSDT,BUY,LIMIT,1700848858807,16075,0.6797020
BLURUSDT,BUY,LIMIT,1700848859826,169,0.6780492
BLURUSDT,SELL,LIMIT,1700848862217,673,0.6549635
BLURUSDT,SELL,LIMIT,1700848863304,39,0.6530837
BLURUSDT,SELL,LIMIT,1700848865906,1871,0.6523904
BLURUSDT,SELL,LIMIT,1700848868056,185,0.6508559
BLURUSDT,SELL,LIMIT,1700848869148,1540,0.6518254
BLURUSDT,SELL,LIMIT,1700848871079,22,0.6451885
BLURUSDT,SELL,LIMIT,1700848872128,302,0.6451925
BLURUSDT,SELL,LIMIT,1700848873192,4116,0.6445383
BLURUSDT,SELL,LIMIT,1700848878106,3695,0.6415680
BLURUSDT,SELL,LIMIT,1700848879153,305,0.6399903
BLURUSDT,BUY,LIMIT,1700848882083,1343,0.6629994
BLURUSDT,SELL,LIMIT,1700848888484,1663,0.6373156
BLURUSDT,BUY,LIMIT,1700848895393,318,0.6614908
BLURUSDT,BUY,LIMIT,1700848921317,5317,0.6640289
BLURUSDT,BUY,LIMIT,1700849003235,1140,0.6647876
BLURUSDT,BUY,LIMIT,1700849005772,129,0.6653238
BLURUSDT,BUY,LIMIT,1700849117213,17,0.6652343
BLURUSDT,BUY,LIMIT,1700849120203,39,0.6658354
BLURUSDT,BUY,LIMIT,1700849260580,156,0.6666707
BLURUSDT,BUY,LIMIT,1700849261673,523,0.6676003
BLURUSDT,BUY,LIMIT,1700849263014,2299,0.6685275
BLURUSDT,BUY,LIMIT,1700849319126,712,0.6692862
BLURUSDT,BUY,LIMIT,1700849325161,23,0.6709653
BLURUSDT,BUY,LIMIT,1700849326527,264,0.6735353
BLURUSDT,BUY,LIMIT,1700849345222,525,0.6744915
BLURUSDT,BUY,LIMIT,1700849346285,957,0.6752034
BLURUSDT,BUY,LIMIT,1700849347336,3211,0.6762293
BLURUSDT,BUY,LIMIT,1700849348774,32,0.6776129
BLURUSDT,BUY,LIMIT,1700849371076,20,0.6784747
BLURUSDT,BUY,LIMIT,1700849372083,1179,0.6791154
BLURUSDT,BUY,LIMIT,1700849373106,549,0.6800029
BLURUSDT,BUY,LIMIT,1700849374124,249,0.6795543
BLURUSDT,SELL,LIMIT,1700849395275,2691,0.6557064
BLURUSDT,SELL,LIMIT,1700849439219,2075,0.6533703
BLURUSDT,SELL,LIMIT,1700849441361,1406,0.6531294
BLURUSDT,SELL,LIMIT,1700849442439,1987,0.6528535
BLURUSDT,SELL,LIMIT,1700849443527,75,0.6524744
BLURUSDT,SELL,LIMIT,1700849454318,43,0.6515314
BLURUSDT,SELL,LIMIT,1700849455342,3865,0.6503264
BLURUSDT,SELL,LIMIT,1700849456368,515,0.6497634
BLURUSDT,BUY,LIMIT,1700849476051,4556,0.6721563
BLURUSDT,BUY,LIMIT,1700849479382,4835,0.6736086
BLURUSDT,BUY,LIMIT,1700849594064,522,0.6746201
BLURUSDT,BUY,LIMIT,1700849640357,1361,0.6762226
BLURUSDT,BUY,LIMIT,1700849641428,696,0.6764169
BLURUSDT,BUY,LIMIT,1700849642525,387,0.6769331
BLURUSDT,BUY,LIMIT,1700849697720,194,0.6781925
BLURUSDT,BUY,LIMIT,1700849699690,36,0.6783879
BLURUSDT,BUY,LIMIT,1700849970899,1026,0.6774622
BLURUSDT,SELL,LIMIT,1700850066122,149,0.6540537
BLURUSDT,SELL,LIMIT,1700850102549,146,0.6534053
BLURUSDT,SELL,LIMIT,1700850103703,402,0.6531882
BLURUSDT,SELL,LIMIT,1700850169325,20,0.6526039
BLURUSDT,SELL,LIMIT,1700850170545,105,0.6520046
BLURUSDT,SELL,LIMIT,1700850171557,1104,0.6508366
BLURUSDT,SELL,LIMIT,1700850172634,983,0.6495587
BLURUSDT,SELL,LIMIT,1700850174147,779,0.6479513
BLURUSDT,BUY,LIMIT,1700850179448,4307,0.6707476
BLURUSDT,BUY,LIMIT,1700850306749,32,0.6723602
BLURUSDT,SELL,LIMIT,1700850481364,12,0.6486009
BLURUSDT,SELL,LIMIT,1700850485219,14,0.6475124
BLURUSDT,SELL,LIMIT,1700850486250,564,0.6473020
BLURUSDT,SELL,LIMIT,1700850490075,262,0.6465041
BLURUSDT,SELL,LIMIT,1700850491105,3712,0.6464438
BLURUSDT,BUY,LIMIT,1700850645310,5135,0.6698932
BLURUSDT,BUY,LIMIT,1700850673229,76,0.6719146
BLURUSDT,SELL,LIMIT,1700850744245,2886,0.6484547
BLURUSDT,SELL,LIMIT,1700850819384,151,0.6465359
BLURUSDT,SELL,LIMIT,1700850822080,1039,0.6458957
BLURUSDT,SELL,LIMIT,1700850823166,24,0.6451834
BLURUSDT,SELL,LIMIT,1700850825116,1014,0.6445828
BLURUSDT,SELL,LIMIT,1700850826188,7395,0.6447541
BLURUSDT,SELL,LIMIT,1700850827359,42,0.6444723
BLURUSDT,SELL,LIMIT,1700850833188,1704,0.6431853
BLURUSDT,SELL,LIMIT,1700850871086,12,0.6423922
BLURUSDT,SELL,LIMIT,1700850872282,1464,0.6423487
BLURUSDT,SELL,LIMIT,1700850873586,649,0.6413829
BLURUSDT,BUY,LIMIT,1700851022051,37,0.6656551
BLURUSDT,BUY,LIMIT,1700851030396,153,0.6659616
BLURUSDT,BUY,LIMIT,1700851076156,243,0.6684789
BLURUSDT,BUY,LIMIT,1700851078605,8,0.6686003
BLURUSDT,BUY,LIMIT,1700851085759,75,0.6687920
BLURUSDT,SELL,LIMIT,1700851310035,2859,0.6459628
BLURUSDT,SELL,LIMIT,1700851311173,3791,0.6460273
BLURUSDT,SELL,LIMIT,1700851320164,800,0.6455231
BLURUSDT,SELL,LIMIT,1700851373816,468,0.6449535
BLURUSDT,SELL,LIMIT,1700851375225,3381,0.6447657
BLURUSDT,SELL,LIMIT,1700851377301,760,0.6444828
BLURUSDT,SELL,LIMIT,1700851433220,554,0.6433036
BLURUSDT,BUY,LIMIT,1700851568058,90,0.6669595
BLURUSDT,BUY,LIMIT,1700851569309,658,0.6672163
BLURUSDT,BUY,LIMIT,1700851584028,20,0.6687171
BLURUSDT,SELL,LIMIT,1700851694310,22,0.6460541
BLURUSDT,SELL,LIMIT,1700851947132,178,0.6436663
BLURUSDT,SELL,LIMIT,1700852071356,18,0.6420843
BLURUSDT,SELL,LIMIT,1700852077896,100,0.6416443
BLURUSDT,SELL,LIMIT,1700852084199,1774,0.6414487
BLURUSDT,SELL,LIMIT,1700852085465,1512,0.6404296
BLURUSDT,SELL,LIMIT,1700852087191,821,0.6389162
BLURUSDT,SELL,LIMIT,1700852088215,37,0.6393368
BLURUSDT,SELL,LIMIT,1700852089236,76,0.6377451
BLURUSDT,SELL,LIMIT,1700852090310,35,0.6387603
BLURUSDT,SELL,LIMIT,1700852094184,145,0.6380225
BLURUSDT,SELL,LIMIT,1700852116055,1329,0.6371784
BLURUSDT,SELL,LIMIT,1700852118098,704,0.6365907
BLURUSDT,BUY,LIMIT,1700852369046,2267,0.6604321
BLURUSDT,BUY,LIMIT,1700852374122,1441,0.6614217
BLURUSDT,SELL,LIMIT,1700852907397,205,0.6382834
BLURUSDT,SELL,LIMIT,1700852910147,194,0.6377636
BLURUSDT,BUY,LIMIT,1700853119098,133,0.6614542
BLURUSDT,BUY,LIMIT,1700853451281,382,0.6618455
BLURUSDT,BUY,LIMIT,1700853452387,3137,0.6627976
BLURUSDT,BUY,LIMIT,1700853453395,407,0.6633799
BLURUSDT,BUY,LIMIT,1700853454434,81,0.6634906
BLURUSDT,BUY,LIMIT,1700853457964,2990,0.6643318
BLURUSDT,BUY,LIMIT,1700853460571,240,0.6659443
BLURUSDT,BUY,LIMIT,1700853799224,765,0.6663452
BLURUSDT,BUY,LIMIT,1700853800684,4248,0.6672575
BLURUSDT,BUY,LIMIT,1700853841150,221,0.6677650
BLURUSDT,BUY,LIMIT,1700853842244,3000,0.6674615
BLURUSDT,BUY,LIMIT,1700854263975,8,0.6686752
BLURUSDT,BUY,LIMIT,1700854267472,1528,0.6691366
BLURUSDT,SELL,LIMIT,1700854358914,294,0.6461596
BLURUSDT,SELL,LIMIT,1700854389092,369,0.6458005
BLURUSDT,SELL,LIMIT,1700854411019,83,0.6451402
BLURUSDT,SELL,LIMIT,1700854412317,70,0.6447032
BLURUSDT,SELL,LIMIT,1700854568642,3069,0.6440168
BLURUSDT,SELL,LIMIT,1700854571859,2619,0.6437965
BLURUSDT,SELL,LIMIT,1700854583417,68,0.6431817
BLURUSDT,SELL,LIMIT,1700854586251,15,0.6421453
BLURUSDT,SELL,LIMIT,1700854776129,3373,0.6419334
BLURUSDT,SELL,LIMIT,1700854777236,1467,0.6419331
BLURUSDT,SELL,LIMIT,1700854802622,14,0.6416540
BLURUSDT,BUY,LIMIT,1700854935503,646,0.6646573
BLURUSDT,SELL,LIMIT,1700855210312,81,0.6414432
BLURUSDT,SELL,LIMIT,1700855362004,245,0.6413323
BLURUSDT,SELL,LIMIT,1700855363037,108,0.6408909
BLURUSDT,SELL,LIMIT,1700855364067,157,0.6408906
BLURUSDT,SELL,LIMIT,1700855417096,667,0.6399106
BLURUSDT,SELL,LIMIT,1700855420668,61,0.6398605
BLURUSDT,BUY,LIMIT,1700855424724,153,0.6628769
BLURUSDT,BUY,LIMIT,1700855828727,82,0.6641549
BLURUSDT,BUY,LIMIT,1700856067996,1122,0.6644076
BLURUSDT,BUY,LIMIT,1700856344087,416,0.6658638
BLURUSDT,BUY,LIMIT,1700856345256,475,0.6656228
BLURUSDT,BUY,LIMIT,1700856346778,2492,0.6667808
BLURUSDT,BUY,LIMIT,1700856634604,13,0.6673524
BLURUSDT,BUY,LIMIT,1700856636362,181,0.6676195
BLURUSDT,BUY,LIMIT,1700856647883,192,0.6679408
BLURUSDT,BUY,LIMIT,1700856815660,41,0.6681575
BLURUSDT,BUY,LIMIT,1700856824571,47,0.6683183
BLURUSDT,BUY,LIMIT,1700856866667,121,0.6685094
BLURUSDT,BUY,LIMIT,1700856877633,2545,0.6686827
BLURUSDT,BUY,LIMIT,1700856895524,23,0.6628355
BLURUSDT,SELL,LIMIT,1700856896974,2395,0.6601559
BLURUSDT,SELL,LIMIT,1700856994286,6872,0.6456091
BLURUSDT,SELL,LIMIT,1700857002192,3211,0.6448175
BLURUSDT,SELL,LIMIT,1700857003221,1127,0.6446202
BLURUSDT,SELL,LIMIT,1700857004667,38,0.6438306
BLURUSDT,SELL,LIMIT,1700857014644,135,0.6436458
BLURUSDT,SELL,LIMIT,1700857015666,3272,0.6432049
BLURUSDT,BUY,LIMIT,1700857281151,717,0.6670418
BLURUSDT,BUY,LIMIT,1700857303305,1498,0.6683717
BLURUSDT,BUY,LIMIT,1700857418120,165,0.6687848
BLURUSDT,BUY,LIMIT,1700857425830,19,0.6689959
BLURUSDT,BUY,LIMIT,1700857453048,13,0.6692286
BLURUSDT,BUY,LIMIT,1700857454166,22,0.6696467
BLURUSDT,BUY,LIMIT,1700857463173,337,0.6700297
BLURUSDT,BUY,LIMIT,1700857464268,3364,0.6702154
BLURUSDT,BUY,LIMIT,1700857465284,376,0.6704795
BLURUSDT,BUY,LIMIT,1700857466302,67,0.6702421
BLURUSDT,BUY,LIMIT,1700857467443,2770,0.6712890
BLURUSDT,BUY,LIMIT,1700857469181,460,0.6718104
BLURUSDT,BUY,LIMIT,1700857470228,28,0.6727985
BLURUSDT,BUY,LIMIT,1700857471279,1120,0.6723753
BLURUSDT,BUY,LIMIT,1700857472625,376,0.6730915
BLURUSDT,SELL,LIMIT,1700857512245,1001,0.6491796
BLURUSDT,BUY,LIMIT,1700857737915,5318,0.6721082
BLURUSDT,BUY,LIMIT,1700857766404,112,0.6734726
BLURUSDT,BUY,LIMIT,1700857769363,1299,0.6737395
BLURUSDT,BUY,LIMIT,1700857772026,72,0.6740878
BLURUSDT,BUY,LIMIT,1700857773474,199,0.6743872
BLURUSDT,BUY,LIMIT,1700857776358,11,0.6746154
BLURUSDT,BUY,LIMIT,1700857786072,5560,0.6762951
BLURUSDT,BUY,LIMIT,1700857787361,16,0.6755687
BLURUSDT,SELL,LIMIT,1700857877175,10,0.6513521
BLURUSDT,SELL,LIMIT,1700857884196,119,0.6507220
BLURUSDT,SELL,LIMIT,1700857889166,16,0.6505518
BLURUSDT,SELL,LIMIT,1700857892731,4890,0.6490578
BLURUSDT,BUY,LIMIT,1700857977479,10,0.6743937
BLURUSDT,BUY,LIMIT,1700857978841,270,0.6748070
BLURUSDT,BUY,LIMIT,1700858478133,7542,0.6738926
BLURUSDT,BUY,LIMIT,1700858549059,758,0.6742691
BLURUSDT,SELL,LIMIT,1700858837566,687,0.6518961
BLURUSDT,SELL,LIMIT,1700858840911,200,0.6518331
BLURUSDT,BUY,LIMIT,1700858918477,9,0.6756226
BLURUSDT,BUY,LIMIT,1700858922582,1118,0.6760742
BLURUSDT,BUY,LIMIT,1700858925735,72,0.6765083
BLURUSDT,BUY,LIMIT,1700859002094,38,0.6768410
BLURUSDT,BUY,LIMIT,1700859003875,370,0.6769189
BLURUSDT,BUY,LIMIT,1700859007598,3231,0.6771624
BLURUSDT,BUY,LIMIT,1700859008924,88,0.6775597
BLURUSDT,BUY,LIMIT,1700859010066,8,0.6784109
BLURUSDT,BUY,LIMIT,1700859011160,1110,0.6781886
BLURUSDT,BUY,LIMIT,1700859012164,613,0.6799905
BLURUSDT,BUY,LIMIT,1700859013173,27,0.6796096
BLURUSDT,BUY,LIMIT,1700859014228,31,0.6803612
BLURUSDT,BUY,LIMIT,1700859021539,1858,0.6804376
BLURUSDT,BUY,LIMIT,1700859031209,479,0.6802409
BLURUSDT,BUY,LIMIT,1700859033148,500,0.6804453
BLURUSDT,BUY,LIMIT,1700859035198,1211,0.6805481
BLURUSDT,BUY,LIMIT,1700859036285,1256,0.6806270
BLURUSDT,BUY,LIMIT,1700859037292,33,0.6817552
BLURUSDT,BUY,LIMIT,1700859038294,923,0.6825168
BLURUSDT,BUY,LIMIT,1700859039341,573,0.6819393
BLURUSDT,BUY,LIMIT,1700859040350,596,0.6846120
BLURUSDT,BUY,LIMIT,1700859041365,1254,0.6846888
BLURUSDT,BUY,LIMIT,1700859042367,102,0.6851103
BLURUSDT,BUY,LIMIT,1700859043374,87424,0.6908540
BLURUSDT,BUY,LIMIT,1700859044377,80,0.6907654
BLURUSDT,BUY,LIMIT,1700859045381,94,0.6892991
BLURUSDT,BUY,LIMIT,1700859046418,500,0.6919877
BLURUSDT,BUY,LIMIT,1700859111561,4579,0.6891451
BLURUSDT,BUY,LIMIT,1700859376936,221,0.6896898
BLURUSDT,BUY,LIMIT,1700859382920,326,0.6899318
BLURUSDT,BUY,LIMIT,1700859386085,189,0.6906860
BLURUSDT,BUY,LIMIT,1700859387340,355,0.6918493
BLURUSDT,BUY,LIMIT,1700859389566,193,0.6923421
BLURUSDT,SELL,LIMIT,1700859430109,782,0.6681604
BLURUSDT,SELL,LIMIT,1700859433090,675,0.6666863
BLURUSDT,SELL,LIMIT,1700859493419,84,0.6664120
BLURUSDT,BUY,LIMIT,1700859513333,3650,0.6913790
BLURUSDT,BUY,LIMIT,1700859514987,1513,0.6920694
BLURUSDT,BUY,LIMIT,1700859536070,1753,0.6924199
BLURUSDT,BUY,LIMIT,1700859537271,397,0.6922563
BLURUSDT,BUY,LIMIT,1700859614119,296,0.6926615
BLURUSDT,BUY,LIMIT,1700859615374,42013,0.6956814
BLURUSDT,SELL,LIMIT,1700859691228,733,0.6680148
BLURUSDT,SELL,LIMIT,1700859860201,13,0.6669781
BLURUSDT,SELL,LIMIT,1700859863567,626,0.6664524
BLURUSDT,SELL,LIMIT,1700859865049,7363,0.6644738
BLURUSDT,SELL,LIMIT,1700859866078,312,0.6650205
BLURUSDT,SELL,LIMIT,1700859869086,8,0.6633326
BLURUSDT,SELL,LIMIT,1700859870191,320,0.6637132
BLURUSDT,SELL,LIMIT,1700859874435,65,0.6624256
BLURUSDT,BUY,LIMIT,1700859878607,564,0.6849515
BLURUSDT,BUY,LIMIT,1700860021045,5334,0.6863421
BLURUSDT,BUY,LIMIT,1700860263099,59,0.6867196
BLURUSDT,BUY,LIMIT,1700860288160,3900,0.6873640
BLURUSDT,BUY,LIMIT,1700860291124,737,0.6884683
BLURUSDT,BUY,LIMIT,1700860292138,1717,0.6887755
BLURUSDT,BUY,LIMIT,1700860301931,307,0.6891343
BLURUSDT,BUY,LIMIT,1700860303104,29,0.6894128
BLURUSDT,BUY,LIMIT,1700860322267,1143,0.6903034
BLURUSDT,BUY,LIMIT,1700860517337,40,0.6911189
BLURUSDT,BUY,LIMIT,1700860520489,592,0.6914276
BLURUSDT,BUY,LIMIT,1700860599831,24,0.6916529
BLURUSDT,BUY,LIMIT,1700860604358,743,0.6919388
BLURUSDT,BUY,LIMIT,1700860650348,1732,0.6899892
BLURUSDT,SELL,LIMIT,1700860780114,292,0.6677317
BLURUSDT,SELL,LIMIT,1700860858993,39,0.6669820
BLURUSDT,SELL,LIMIT,1700860862621,143,0.6666269
BLURUSDT,SELL,LIMIT,1700860864269,14,0.6665172
BLURUSDT,SELL,LIMIT,1700860866555,223,0.6658500
BLURUSDT,SELL,LIMIT,1700860868291,71,0.6644547
BLURUSDT,BUY,LIMIT,1700861080726,434,0.6868312
BLURUSDT,BUY,LIMIT,1700861317190,714,0.6876421
BLURUSDT,BUY,LIMIT,1700861375928,1082,0.6885720
BLURUSDT,SELL,LIMIT,1700861766981,782,0.6654525
BLURUSDT,SELL,LIMIT,1700861771854,796,0.6649126
BLURUSDT,SELL,LIMIT,1700862474455,88,0.6639876
BLURUSDT,SELL,LIMIT,1700862475567,212,0.6628931
BLURUSDT,SELL,LIMIT,1700862477669,113,0.6627855
BLURUSDT,SELL,LIMIT,1700862491071,4162,0.6626105
BLURUSDT,SELL,LIMIT,1700862492328,681,0.6626979
BLURUSDT,SELL,LIMIT,1700862508200,20,0.6622280
BLURUSDT,SELL,LIMIT,1700862514087,774,0.6609361
BLURUSDT,SELL,LIMIT,1700862515158,2217,0.6614815
BLURUSDT,SELL,LIMIT,1700862517608,593,0.6603119
BLURUSDT,SELL,LIMIT,1700862605128,628,0.6599032
BLURUSDT,SELL,LIMIT,1700862607267,231,0.6587726
BLURUSDT,SELL,LIMIT,1700862608445,787,0.6586660
BLURUSDT,SELL,LIMIT,1700862634785,5959,0.6577176
BLURUSDT,SELL,LIMIT,1700862667502,5938,0.6574777
BLURUSDT,SELL,LIMIT,1700862668588,364,0.6572584
BLURUSDT,SELL,LIMIT,1700862669886,113,0.6572336
BLURUSDT,SELL,LIMIT,1700862671080,1679,0.6566001
BLURUSDT,SELL,LIMIT,1700862674892,7436,0.6555516
BLURUSDT,BUY,LIMIT,1700862822160,2947,0.6790585
BLURUSDT,BUY,LIMIT,1700862825709,31,0.6795747
BLURUSDT,BUY,LIMIT,1700863193189,3445,0.6808566
BLURUSDT,BUY,LIMIT,1700863195268,3366,0.6810698
BLURUSDT,BUY,LIMIT,1700863208228,74,0.6813318
BLURUSDT,SELL,LIMIT,1700863356006,69,0.6576163
BLURUSDT,SELL,LIMIT,1700863358504,2316,0.6573402
BLURUSDT,SELL,LIMIT,1700863359938,149,0.6569846
BLURUSDT,BUY,LIMIT,1700863496831,4050,0.6797986
BLURUSDT,BUY,LIMIT,1700863503207,529,0.6802731
BLURUSDT,BUY,LIMIT,1700863509179,43,0.6804303
BLURUSDT,BUY,LIMIT,1700863514590,4332,0.6816047
BLURUSDT,BUY,LIMIT,1700863515815,16,0.6826776
BLURUSDT,BUY,LIMIT,1700863517076,14,0.6838778
BLURUSDT,BUY,LIMIT,1700863518135,1376,0.6836861
BLURUSDT,BUY,LIMIT,1700863519597,113,0.6837382
BLURUSDT,BUY,LIMIT,1700863521090,24,0.6845917
BLURUSDT,SELL,LIMIT,1700863543285,5906,0.6738997
BLURUSDT,SELL,LIMIT,1700863703255,1852,0.6679936
BLURUSDT,BUY,LIMIT,1700863840040,4450,0.6849899
BLURUSDT,BUY,LIMIT,1700863841225,23,0.6845942
BLURUSDT,BUY,LIMIT,1700863844258,3026,0.6852580
BLURUSDT,BUY,LIMIT,1700863846555,136,0.6853984
BLURUSDT,BUY,LIMIT,1700863885384,7433,0.6855154
BLURUSDT,BUY,LIMIT,1700863939621,1318,0.6828752
BLURUSDT,SELL,LIMIT,1700863947261,2229,0.6627845
BLURUSDT,SELL,LIMIT,1700863952303,274,0.6615083
BLURUSDT,BUY,LIMIT,1700863957235,105,0.6802391
BLURUSDT,SELL,LIMIT,1700863961626,115,0.6602049
BLURUSDT,SELL,LIMIT,1700863964372,392,0.6607578
BLURUSDT,SELL,LIMIT,1700864194332,225,0.6591903
BLURUSDT,SELL,LIMIT,1700864196370,579,0.6587451
BLURUSDT,SELL,LIMIT,1700864203294,2977,0.6583025
BLURUSDT,BUY,LIMIT,1700864547492,6394,0.6816860
BLURUSDT,SELL,LIMIT,1700865134579,1713,0.6580084
BLURUSDT,SELL,LIMIT,1700865138293,1102,0.6577064
BLURUSDT,SELL,LIMIT,1700865140176,401,0.6575683
BLURUSDT,BUY,LIMIT,1700865213513,7492,0.6803855
BLURUSDT,BUY,LIMIT,1700865216815,216,0.6805026
BLURUSDT,SELL,LIMIT,1700865544204,10,0.6568793
BLURUSDT,SELL,LIMIT,1700865546045,7486,0.6545823
BLURUSDT,SELL,LIMIT,1700865547161,14,0.6538542
BLURUSDT,SELL,LIMIT,1700865548168,1184,0.6498633
BLURUSDT,SELL,LIMIT,1700865549193,113,0.6527190
BLURUSDT,BUY,LIMIT,1700865553836,15,0.6717748
BLURUSDT,SELL,LIMIT,1700865569061,29,0.6490490
BLURUSDT,SELL,LIMIT,1700865570149,2870,0.6488180
BLURUSDT,SELL,LIMIT,1700865571278,46,0.6482597
BLURUSDT,SELL,LIMIT,1700865578247,144,0.6479949
BLURUSDT,SELL,LIMIT,1700865580357,74,0.6479603
BLURUSDT,SELL,LIMIT,1700865582437,1871,0.6478372
BLURUSDT,SELL,LIMIT,1700865583971,245,0.6474609
BLURUSDT,BUY,LIMIT,1700865601261,31,0.6705250
BLURUSDT,SELL,LIMIT,1700865614509,1934,0.6471749
BLURUSDT,SELL,LIMIT,1700865615690,34,0.6471005
BLURUSDT,SELL,LIMIT,1700865616705,6398,0.6467020
BLURUSDT,SELL,LIMIT,1700865618067,393,0.6409485
BLURUSDT,SELL,LIMIT,1700865619227,5113,0.6422510
BLURUSDT,BUY,LIMIT,1700865662430,459,0.6667530
BLURUSDT,BUY,LIMIT,1700865703017,7633,0.6678953
BLURUSDT,BUY,LIMIT,1700866005192,502,0.6694933
BLURUSDT,BUY,LIMIT,1700866008352,1901,0.6698340
BLURUSDT,BUY,LIMIT,1700866009708,12,0.6700154
BLURUSDT,BUY,LIMIT,1700866087588,193,0.6687834
BLURUSDT,BUY,LIMIT,1700866246300,223,0.6683226
BLURUSDT,BUY,LIMIT,1700866262503,3632,0.6701950
BLURUSDT,BUY,LIMIT,1700866267916,485,0.6685141
BLURUSDT,BUY,LIMIT,1700866353504,71,0.6686144
BLURUSDT,SELL,LIMIT,1700866376336,25,0.6465727
BLURUSDT,SELL,LIMIT,1700866387253,914,0.6460747
BLURUSDT,SELL,LIMIT,1700866388388,75,0.6459519
BLURUSDT,SELL,LIMIT,1700866391148,1377,0.6453643
BLURUSDT,SELL,LIMIT,1700866392443,201,0.6450825
BLURUSDT,SELL,LIMIT,1700866394393,519,0.6447212
BLURUSDT,SELL,LIMIT,1700866396441,2120,0.6438277
BLURUSDT,SELL,LIMIT,1700866401769,810,0.6429796
BLURUSDT,SELL,LIMIT,1700866403164,5284,0.6418633
BLURUSDT,SELL,LIMIT,1700866443676,596,0.6411077
BLURUSDT,SELL,LIMIT,1700866531960,297,0.6408660
BLURUSDT,SELL,LIMIT,1700866557801,458,0.6406867
BLURUSDT,SELL,LIMIT,1700866565247,1765,0.6404288
BLURUSDT,SELL,LIMIT,1700866566302,8,0.6405751
BLURUSDT,SELL,LIMIT,1700866568150,1992,0.6403665
BLURUSDT,SELL,LIMIT,1700866569767,3920,0.6402933
BLURUSDT,SELL,LIMIT,1700866570998,7366,0.6396547
BLURUSDT,SELL,LIMIT,1700866572168,444,0.6386495
BLURUSDT,SELL,LIMIT,1700866573200,3597,0.6373188
BLURUSDT,SELL,LIMIT,1700866574236,1212,0.6373199
BLURUSDT,SELL,LIMIT,1700866618555,148,0.6366355
BLURUSDT,SELL,LIMIT,1700866622892,149,0.6366341
BLURUSDT,SELL,LIMIT,1700866624043,56953,0.6319777
BLURUSDT,SELL,LIMIT,1700866625152,15194,0.6346749
BLURUSDT,SELL,LIMIT,1700866626188,500,0.6348977
BLURUSDT,SELL,LIMIT,1700866627315,226,0.6350097
BLURUSDT,SELL,LIMIT,1700866628360,926,0.6339777
BLURUSDT,SELL,LIMIT,1700866632065,1915,0.6335198
BLURUSDT,SELL,LIMIT,1700866635351,1253,0.6331367
BLURUSDT,SELL,LIMIT,1700866636405,23500,0.6284937
BLURUSDT,SELL,LIMIT,1700866638091,23,0.6259496
BLURUSDT,SELL,LIMIT,1700866639104,4,0.6268519
BLURUSDT,SELL,LIMIT,1700866640124,595,0.6247202
BLURUSDT,SELL,LIMIT,1700866641203,737,0.6244318
BLURUSDT,SELL,LIMIT,1700866642272,656,0.6238804
BLURUSDT,BUY,LIMIT,1700866681494,4942,0.6462924
BLURUSDT,SELL,LIMIT,1700866683110,429,0.6273517
BLURUSDT,SELL,LIMIT,1700866685890,792,0.6267978
BLURUSDT,BUY,LIMIT,1700866688189,160,0.6467028
BLURUSDT,BUY,LIMIT,1700866724525,831,0.6476340
BLURUSDT,SELL,LIMIT,1700866789494,36,0.6260854
BLURUSDT,SELL,LIMIT,1700866816427,43701,0.6244100
BLURUSDT,BUY,LIMIT,1700866912788,251,0.6500205
BLURUSDT,BUY,LIMIT,1700866914703,9,0.6502302
BLURUSDT,BUY,LIMIT,1700866918342,79,0.6511308
BLURUSDT,BUY,LIMIT,1700866920252,1625,0.6517663
BLURUSDT,BUY,LIMIT,1700866921534,47,0.6518221
BLURUSDT,BUY,LIMIT,1700866925227,68,0.6523660
BLURUSDT,BUY,LIMIT,1700866928291,362,0.6524996
BLURUSDT,BUY,LIMIT,1700866929911,979,0.6526962
BLURUSDT,BUY,LIMIT,1700866931486,868,0.6529470
BLURUSDT,SELL,LIMIT,1700867158466,37,0.6293769
BLURUSDT,SELL,LIMIT,1700867160160,117,0.6285072
BLURUSDT,SELL,LIMIT,1700867161564,180,0.6266492
BLURUSDT,SELL,LIMIT,1700867170685,1579,0.6274333
BLURUSDT,SELL,LIMIT,1700867176344,6902,0.6265069
BLURUSDT,SELL,LIMIT,1700867177935,153,0.6263463
BLURUSDT,SELL,LIMIT,1700867179176,1723,0.6253610
BLURUSDT,SELL,LIMIT,1700867181100,4322,0.6242336
BLURUSDT,SELL,LIMIT,1700867182115,145,0.6187327
BLURUSDT,SELL,LIMIT,1700867183100,803,0.6213916
BLURUSDT,SELL,LIMIT,1700867186186,807,0.6182676
BLURUSDT,SELL,LIMIT,1700867195048,228,0.6179298
BLURUSDT,SELL,LIMIT,1700867196091,6131,0.6164607
BLURUSDT,SELL,LIMIT,1700867197540,46,0.6158226
BLURUSDT,SELL,LIMIT,1700867200364,196,0.6155397
BLURUSDT,SELL,LIMIT,1700867201370,286,0.6152644
BLURUSDT,SELL,LIMIT,1700867202374,1333,0.6133585
BLURUSDT,SELL,LIMIT,1700867203417,6355,0.6134390
BLURUSDT,SELL,LIMIT,1700867207045,143,0.6126803
BLURUSDT,SELL,LIMIT,1700867208135,1524,0.6123980
BLURUSDT,SELL,LIMIT,1700867209174,416,0.6115510
BLURUSDT,SELL,LIMIT,1700867210193,22,0.6119275
BLURUSDT,BUY,LIMIT,1700867222110,981,0.6336146
BLURUSDT,BUY,LIMIT,1700867233080,2603,0.6364930
BLURUSDT,SELL,LIMIT,1700867282203,193,0.6146876
BLURUSDT,SELL,LIMIT,1700867283623,2036,0.6141257
BLURUSDT,SELL,LIMIT,1700867284632,1365,0.6129796
BLURUSDT,SELL,LIMIT,1700867303724,2880,0.6149456
BLURUSDT,SELL,LIMIT,1700867319664,399,0.6129652
BLURUSDT,SELL,LIMIT,1700867320802,1280,0.6124291
BLURUSDT,SELL,LIMIT,1700867322647,464,0.6118010
BLURUSDT,SELL,LIMIT,1700867346236,5918,0.6112554
BLURUSDT,SELL,LIMIT,1700867347241,1956,0.6111052
BLURUSDT,SELL,LIMIT,1700867356452,1353,0.6208579
BLURUSDT,BUY,LIMIT,1700867360257,173,0.6331146
BLURUSDT,BUY,LIMIT,1700867406424,64,0.6340270
BLURUSDT,BUY,LIMIT,1700867410190,1596,0.6352504
BLURUSDT,BUY,LIMIT,1700867411313,686,0.6355627
BLURUSDT,BUY,LIMIT,1700867413188,1596,0.6363070
BLURUSDT,BUY,LIMIT,1700867414695,939,0.6365816
BLURUSDT,BUY,LIMIT,1700867421623,143,0.6374565
BLURUSDT,BUY,LIMIT,1700867429374,367,0.6375789
BLURUSDT,BUY,LIMIT,1700867437119,184,0.6383788
BLURUSDT,BUY,LIMIT,1700867485761,5855,0.6389819
BLURUSDT,BUY,LIMIT,1700867546267,64,0.6392152
BLURUSDT,BUY,LIMIT,1700867558889,4303,0.6400322
BLURUSDT,SELL,LIMIT,1700867590726,15,0.6201187
BLURUSDT,SELL,LIMIT,1700867668734,182,0.6170499
BLURUSDT,SELL,LIMIT,1700867684109,6006,0.6160191
BLURUSDT,SELL,LIMIT,1700867689427,20,0.6169117
BLURUSDT,BUY,LIMIT,1700867754855,302,0.6371875
BLURUSDT,BUY,LIMIT,1700867758106,3574,0.6385482
BLURUSDT,SELL,LIMIT,1700867794513,122,0.6167320
BLURUSDT,BUY,LIMIT,1700867858102,1218,0.6393354
BLURUSDT,BUY,LIMIT,1700867967522,50,0.6407316
BLURUSDT,BUY,LIMIT,1700867969768,1015,0.6408208
BLURUSDT,BUY,LIMIT,1700867975501,108,0.6413634
BLURUSDT,BUY,LIMIT,1700867979679,2289,0.6418154
BLURUSDT,BUY,LIMIT,1700867989033,131,0.6426265
BLURUSDT,BUY,LIMIT,1700867994276,6497,0.6437513
BLURUSDT,BUY,LIMIT,1700868106226,686,0.6442334
BLURUSDT,BUY,LIMIT,1700868114459,797,0.6450465
BLURUSDT,BUY,LIMIT,1700868298066,6401,0.6466175
BLURUSDT,BUY,LIMIT,1700868317792,268,0.6478521
BLURUSDT,BUY,LIMIT,1700868321819,71,0.6479281
BLURUSDT,BUY,LIMIT,1700868494337,250,0.6485440
BLURUSDT,BUY,LIMIT,1700868502315,222,0.6491638
BLURUSDT,BUY,LIMIT,1700868550355,961,0.6501620
BLURUSDT,BUY,LIMIT,1700868566705,1969,0.6507110
BLURUSDT,BUY,LIMIT,1700868618082,1989,0.6481218
BLURUSDT,SELL,LIMIT,1700868654731,3906,0.6273281
BLURUSDT,SELL,LIMIT,1700868660086,110,0.6263479
BLURUSDT,SELL,LIMIT,1700868662836,201,0.6260352
BLURUSDT,BUY,LIMIT,1700868765386,78,0.6483309
BLURUSDT,BUY,LIMIT,1700868768157,193,0.6487719
BLURUSDT,BUY,LIMIT,1700868814201,1177,0.6496254
BLURUSDT,BUY,LIMIT,1700868929396,1851,0.6508252
BLURUSDT,BUY,LIMIT,1700868931339,1624,0.6516605
BLURUSDT,BUY,LIMIT,1700868937150,195,0.6519702
BLURUSDT,BUY,LIMIT,1700868938197,5000,0.6529541
BLURUSDT,BUY,LIMIT,1700868939339,7033,0.6523774
BLURUSDT,BUY,LIMIT,1700868943407,9,0.6532837
BLURUSDT,BUY,LIMIT,1700868945038,9843,0.6548557
BLURUSDT,BUY,LIMIT,1700868947198,1768,0.6553860
BLURUSDT,BUY,LIMIT,1700868948254,26,0.6556294
BLURUSDT,BUY,LIMIT,1700868949328,4675,0.6561819
BLURUSDT,BUY,LIMIT,1700868985104,1408,0.6586786
BLURUSDT,BUY,LIMIT,1700868986107,637,0.6585279
BLURUSDT,BUY,LIMIT,1700868987349,1867,0.6592918
BLURUSDT,BUY,LIMIT,1700868990278,2994,0.6598048
BLURUSDT,BUY,LIMIT,1700868991592,241,0.6609030
BLURUSDT,BUY,LIMIT,1700868993460,1339,0.6616091
BLURUSDT,SELL,LIMIT,1700869015085,379,0.6382167
BLURUSDT,SELL,LIMIT,1700869057157,8,0.6357579
BLURUSDT,SELL,LIMIT,1700869058373,1438,0.6347461
BLURUSDT,SELL,LIMIT,1700869059514,964,0.6347113
BLURUSDT,SELL,LIMIT,1700869060667,2008,0.6345230
BLURUSDT,BUY,LIMIT,1700869097186,229,0.6568580
BLURUSDT,BUY,LIMIT,1700869100961,629,0.6577814
BLURUSDT,BUY,LIMIT,1700869110276,117,0.6579964
BLURUSDT,BUY,LIMIT,1700869269916,23,0.6588204
BLURUSDT,BUY,LIMIT,1700869451832,1808,0.6577328
BLURUSDT,BUY,LIMIT,1700869453005,2741,0.6583979
BLURUSDT,BUY,LIMIT,1700869480655,125,0.6588156
BLURUSDT,SELL,LIMIT,1700869550417,222,0.6361044
BLURUSDT,SELL,LIMIT,1700869677758,129,0.6348609
BLURUSDT,SELL,LIMIT,1700869697006,2531,0.6338485
BLURUSDT,SELL,LIMIT,1700870109896,92,0.6332070
BLURUSDT,SELL,LIMIT,1700870113685,176,0.6329878
BLURUSDT,SELL,LIMIT,1700870117104,21,0.6327215
BLURUSDT,SELL,LIMIT,1700870118149,373,0.6324859
BLURUSDT,BUY,LIMIT,1700870226045,38,0.6553680
BLURUSDT,BUY,LIMIT,1700870227260,80,0.6550883
BLURUSDT,BUY,LIMIT,1700870248030,830,0.6567512
BLURUSDT,BUY,LIMIT,1700870249375,14,0.6575369
BLURUSDT,BUY,LIMIT,1700870343289,29,0.6592324
BLURUSDT,BUY,LIMIT,1700870420086,895,0.6598075
BLURUSDT,BUY,LIMIT,1700870425997,6949,0.6602433
BLURUSDT,SELL,LIMIT,1700870473215,3544,0.6357617
BLURUSDT,SELL,LIMIT,1700870474996,388,0.6352633
BLURUSDT,BUY,LIMIT,1700870499657,230,0.6584388
BLURUSDT,SELL,LIMIT,1700870644130,2196,0.6365052
BLURUSDT,SELL,LIMIT,1700870645150,782,0.6347731
BLURUSDT,SELL,LIMIT,1700870647378,29,0.6340512
BLURUSDT,SELL,LIMIT,1700870648557,528,0.6335873
BLURUSDT,SELL,LIMIT,1700870650949,5761,0.6323954
BLURUSDT,SELL,LIMIT,1700870681826,657,0.6357368
BLURUSDT,SELL,LIMIT,1700870725220,1034,0.6314496
BLURUSDT,SELL,LIMIT,1700870726420,906,0.6302731
BLURUSDT,BUY,LIMIT,1700870936147,71,0.6524270
BLURUSDT,BUY,LIMIT,1700870943200,54,0.6526720
BLURUSDT,BUY,LIMIT,1700870944593,552,0.6528678
BLURUSDT,BUY,LIMIT,1700870947360,14,0.6535978
BLURUSDT,BUY,LIMIT,1700870949303,95,0.6547261
BLURUSDT,BUY,LIMIT,1700870959217,155,0.6551890
BLURUSDT,BUY,LIMIT,1700870966248,35,0.6562926
BLURUSDT,BUY,LIMIT,1700871041887,59,0.6579612
BLURUSDT,BUY,LIMIT,1700871046729,154,0.6591914
BLURUSDT,SELL,LIMIT,1700871129499,9,0.6357314
BLURUSDT,SELL,LIMIT,1700871137243,4297,0.6354475
BLURUSDT,SELL,LIMIT,1700871301077,8,0.6349441
BLURUSDT,SELL,LIMIT,1700871306254,692,0.6343538
BLURUSDT,SELL,LIMIT,1700871307986,440,0.6342372
BLURUSDT,SELL,LIMIT,1700871358072,164,0.6328006
BLURUSDT,SELL,LIMIT,1700871359187,106,0.6328748
BLURUSDT,SELL,LIMIT,1700871370995,1134,0.6318928
BLURUSDT,SELL,LIMIT,1700871375137,244,0.6317390
BLURUSDT,SELL,LIMIT,1700871376206,89,0.6317430
BLURUSDT,BUY,LIMIT,1700871547297,45,0.6541314
BLURUSDT,BUY,LIMIT,1700871581347,34,0.6551885
BLURUSDT,BUY,LIMIT,1700871582634,811,0.6571143
BLURUSDT,BUY,LIMIT,1700871623690,197,0.6582820
BLURUSDT,BUY,LIMIT,1700871631335,92,0.6588757
BLURUSDT,SELL,LIMIT,1700871935225,159,0.6348187
BLURUSDT,SELL,LIMIT,1700871940300,83,0.6345816
BLURUSDT,SELL,LIMIT,1700871952842,6095,0.6343755
BLURUSDT,SELL,LIMIT,1700871954286,215,0.6342021
BLURUSDT,BUY,LIMIT,1700872182026,87,0.6558443
BLURUSDT,SELL,LIMIT,1700872409451,1179,0.6325625
BLURUSDT,SELL,LIMIT,1700872411443,20,0.6319289
BLURUSDT,SELL,LIMIT,1700872413028,71,0.6316804
BLURUSDT,SELL,LIMIT,1700872440112,5005,0.6295310
BLURUSDT,SELL,LIMIT,1700872441286,1075,0.6304608
BLURUSDT,SELL,LIMIT,1700872443035,115,0.6284976
BLURUSDT,SELL,LIMIT,1700872444077,206,0.6287155
BLURUSDT,SELL,LIMIT,1700872540282,1282,0.6267824
BLURUSDT,SELL,LIMIT,1700872558065,20,0.6263479
BLURUSDT,SELL,LIMIT,1700872569370,233,0.6255629
BLURUSDT,SELL,LIMIT,1700872571279,1569,0.6255031
BLURUSDT,SELL,LIMIT,1700872572448,1857,0.6243609
BLURUSDT,SELL,LIMIT,1700872573455,5807,0.6231490
BLURUSDT,SELL,LIMIT,1700872622285,27,0.6228690
BLURUSDT,SELL,LIMIT,1700872623680,18,0.6227179
BLURUSDT,SELL,LIMIT,1700872624774,13,0.6216557
BLURUSDT,SELL,LIMIT,1700872626397,259,0.6202459
BLURUSDT,BUY,LIMIT,1700872691278,148,0.6429069
BLURUSDT,BUY,LIMIT,1700872706703,1361,0.6434064
BLURUSDT,BUY,LIMIT,1700872732361,1474,0.6446528
BLURUSDT,BUY,LIMIT,1700872734052,571,0.6453396
BLURUSDT,BUY,LIMIT,1700872826835,523,0.6478789
BLURUSDT,SELL,LIMIT,1700872948460,93,0.6248059
BLURUSDT,SELL,LIMIT,1700872959699,1438,0.6242366
BLURUSDT,SELL,LIMIT,1700873008229,7861,0.6231478
BLURUSDT,BUY,LIMIT,1700873030828,1399,0.6449357
BLURUSDT,BUY,LIMIT,1700873193669,303,0.6445387
BLURUSDT,BUY,LIMIT,1700873207660,14,0.6455477
BLURUSDT,BUY,LIMIT,1700873253070,171,0.6464452
BLURUSDT,BUY,LIMIT,1700873256081,1215,0.6468453
BLURUSDT,BUY,LIMIT,1700873326175,185,0.6478484
BLURUSDT,SELL,LIMIT,1700873633285,113,0.6243757
BLURUSDT,SELL,LIMIT,1700873666380,15,0.6239948
BLURUSDT,SELL,LIMIT,1700873671085,49,0.6229122
BLURUSDT,SELL,LIMIT,1700873672458,167,0.6228841
BLURUSDT,SELL,LIMIT,1700873677923,1073,0.6224774
BLURUSDT,SELL,LIMIT,1700873705124,2117,0.6217270
BLURUSDT,SELL,LIMIT,1700873719458,204,0.6214019
BLURUSDT,BUY,LIMIT,1700873890389,311,0.6434064
BLURUSDT,BUY,LIMIT,1700873891562,15,0.6436006
BLURUSDT,BUY,LIMIT,1700873893597,45,0.6438302
BLURUSDT,BUY,LIMIT,1700874040040,4792,0.6451325
BLURUSDT,BUY,LIMIT,1700874055819,1716,0.6454290
BLURUSDT,BUY,LIMIT,1700874118091,1413,0.6461552
BLURUSDT,BUY,LIMIT,1700874127388,388,0.6472881
BLURUSDT,BUY,LIMIT,1700874129835,8,0.6477805
BLURUSDT,BUY,LIMIT,1700874200172,158,0.6487556
BLURUSDT,BUY,LIMIT,1700874207271,395,0.6490137
BLURUSDT,BUY,LIMIT,1700874208386,29,0.6493278
BLURUSDT,BUY,LIMIT,1700874216093,120,0.6514891
BLURUSDT,BUY,LIMIT,1700874218441,326,0.6516960
BLURUSDT,BUY,LIMIT,1700874220180,9,0.6518683
BLURUSDT,SELL,LIMIT,1700874226140,152,0.6321731
BLURUSDT,BUY,LIMIT,1700874257079,483,0.6527426
BLURUSDT,BUY,LIMIT,1700874258348,57,0.6534025
BLURUSDT,SELL,LIMIT,1700874504061,57,0.6311221
BLURUSDT,BUY,LIMIT,1700874618227,10,0.6531316
BLURUSDT,BUY,LIMIT,1700874643414,656,0.6559671
BLURUSDT,BUY,LIMIT,1700874645789,25094,0.6583543
BLURUSDT,BUY,LIMIT,1700874646894,6630,0.6563431
BLURUSDT,BUY,LIMIT,1700874673753,474,0.6551825
BLURUSDT,BUY,LIMIT,1700874720901,6628,0.6571761
BLURUSDT,BUY,LIMIT,1700874724344,1548,0.6572975
BLURUSDT,BUY,LIMIT,1700874725478,16,0.6574879
BLURUSDT,BUY,LIMIT,1700874726566,1196,0.6575556
BLURUSDT,BUY,LIMIT,1700874736374,1566,0.6582580
BLURUSDT,BUY,LIMIT,1700874737733,638,0.6583185
BLURUSDT,BUY,LIMIT,1700874740480,15,0.6583368
BLURUSDT,BUY,LIMIT,1700874741871,84,0.6590057
BLURUSDT,BUY,LIMIT,1700874746138,1361,0.6596403
BLURUSDT,BUY,LIMIT,1700874747189,543,0.6607139
BLURUSDT,BUY,LIMIT,1700874757362,19,0.6613949
BLURUSDT,BUY,LIMIT,1700874758381,4011,0.6614042
BLURUSDT,BUY,LIMIT,1700874788098,300,0.6608861
BLURUSDT,SELL,LIMIT,1700874887372,3075,0.6383503
BLURUSDT,SELL,LIMIT,1700874888658,123,0.6380407
BLURUSDT,SELL,LIMIT,1700874909948,625,0.6378576
BLURUSDT,SELL,LIMIT,1700874913030,456,0.6374048
BLURUSDT,SELL,LIMIT,1700874934427,571,0.6356007
BLURUSDT,SELL,LIMIT,1700874962959,204,0.6344952
BLURUSDT,SELL,LIMIT,1700874975513,226,0.6335393
BLURUSDT,BUY,LIMIT,1700875151382,186,0.6565267
BLURUSDT,BUY,LIMIT,1700875244147,252,0.6570268
BLURUSDT,BUY,LIMIT,1700875254042,3039,0.6582487
BLURUSDT,BUY,LIMIT,1700875280890,193,0.6588009
BLURUSDT,BUY,LIMIT,1700875346613,600,0.6593096
BLURUSDT,SELL,LIMIT,1700875437369,12,0.6363101
BLURUSDT,SELL,LIMIT,1700875473121,58,0.6354493
BLURUSDT,BUY,LIMIT,1700875577660,1480,0.6557677
BLURUSDT,SELL,LIMIT,1700875910986,98,0.6339891
BLURUSDT,SELL,LIMIT,1700875912993,325,0.6337950
BLURUSDT,SELL,LIMIT,1700875925943,20,0.6329551
BLURUSDT,SELL,LIMIT,1700875929778,1816,0.6323000
BLURUSDT,SELL,LIMIT,1700875957808,2024,0.6295650
BLURUSDT,SELL,LIMIT,1700876013728,5975,0.6291970
BLURUSDT,BUY,LIMIT,1700876186236,4596,0.6527953
BLURUSDT,BUY,LIMIT,1700876314027,126,0.6523479
BLURUSDT,BUY,LIMIT,1700876568705,188,0.6514270
BLURUSDT,BUY,LIMIT,1700876590456,622,0.6518330
BLURUSDT,BUY,LIMIT,1700876824146,9,0.6541438
BLURUSDT,BUY,LIMIT,1700876890514,145,0.6547209
BLURUSDT,BUY,LIMIT,1700876892738,1281,0.6548989
BLURUSDT,BUY,LIMIT,1700876898392,81,0.6556560
BLURUSDT,BUY,LIMIT,1700876931790,4712,0.6562618
BLURUSDT,BUY,LIMIT,1700876935486,6500,0.6567490
BLURUSDT,BUY,LIMIT,1700876998363,3025,0.6573848
BLURUSDT,BUY,LIMIT,1700877016721,56,0.6579204
BLURUSDT,BUY,LIMIT,1700877018061,7771,0.6582490
BLURUSDT,BUY,LIMIT,1700877078102,157,0.6572124
BLURUSDT,BUY,LIMIT,1700877148208,281,0.6570485
BLURUSDT,BUY,LIMIT,1700877272222,20,0.6580487
BLURUSDT,BUY,LIMIT,1700877372910,6674,0.6587857
BLURUSDT,SELL,LIMIT,1700877852317,227,0.6331197
BLURUSDT,BUY,LIMIT,1700878387952,7770,0.6561109
BLURUSDT,BUY,LIMIT,1700878391287,3885,0.6562752
BLURUSDT,BUY,LIMIT,1700878394234,205,0.6571027
BLURUSDT,BUY,LIMIT,1700878510342,227,0.6562576
BLURUSDT,BUY,LIMIT,1700878563926,14,0.6578028
BLURUSDT,BUY,LIMIT,1700878574247,698,0.6583923
BLURUSDT,BUY,LIMIT,1700878576864,1685,0.6585361
BLURUSDT,BUY,LIMIT,1700878591063,53,0.6590715
BLURUSDT,BUY,LIMIT,1700878609854,937,0.6595474
BLURUSDT,BUY,LIMIT,1700878617759,47,0.6597086
BLURUSDT,BUY,LIMIT,1700878679199,1552,0.6605335
BLURUSDT,BUY,LIMIT,1700878680202,182,0.6602282
BLURUSDT,BUY,LIMIT,1700878682390,55,0.6607454
BLURUSDT,BUY,LIMIT,1700878684449,112,0.6611280
BLURUSDT,BUY,LIMIT,1700878702314,1057,0.6616484
BLURUSDT,BUY,LIMIT,1700878704273,198,0.6621303
BLURUSDT,BUY,LIMIT,1700878711817,454,0.6623740
BLURUSDT,BUY,LIMIT,1700878716437,700,0.6626543
BLURUSDT,BUY,LIMIT,1700878717692,1266,0.6628700
BLURUSDT,BUY,LIMIT,1700878718869,7684,0.6633048
BLURUSDT,BUY,LIMIT,1700878720309,2312,0.6637008
BLURUSDT,BUY,LIMIT,1700878721474,263,0.6637788
BLURUSDT,BUY,LIMIT,1700878724116,2319,0.6638516
BLURUSDT,SELL,LIMIT,1700878792317,742,0.6403751
BLURUSDT,SELL,LIMIT,1700878798345,62,0.6364837
BLURUSDT,SELL,LIMIT,1700878804348,1213,0.6349905
BLURUSDT,SELL,LIMIT,1700878806144,348,0.6333873
BLURUSDT,SELL,LIMIT,1700878807231,672,0.6342547
BLURUSDT,SELL,LIMIT,1700878824149,443,0.6319437
BLURUSDT,SELL,LIMIT,1700878825528,1599,0.6314353
BLURUSDT,SELL,LIMIT,1700878827276,66,0.6312175
BLURUSDT,SELL,LIMIT,1700878830029,1553,0.6299888
BLURUSDT,SELL,LIMIT,1700878832263,3246,0.6285099
BLURUSDT,SELL,LIMIT,1700878874724,78,0.6283083
BLURUSDT,SELL,LIMIT,1700878876292,7760,0.6274977
BLURUSDT,SELL,LIMIT,1700878880398,7763,0.6268295
BLURUSDT,SELL,LIMIT,1700878882695,231,0.6265534
BLURUSDT,SELL,LIMIT,1700878885043,197,0.6264331
BLURUSDT,SELL,LIMIT,1700878892986,111136,0.6208607
BLURUSDT,SELL,LIMIT,1700878980440,49,0.6255159
BLURUSDT,BUY,LIMIT,1700879049204,433,0.6483071
BLURUSDT,BUY,LIMIT,1700879051240,57,0.6485039
BLURUSDT,BUY,LIMIT,1700879062193,1370,0.6496529
BLURUSDT,BUY,LIMIT,1700879271228,409,0.6500312
BLURUSDT,SELL,LIMIT,1700879407484,331,0.6273458
BLURUSDT,BUY,LIMIT,1700879459116,10,0.6367329
BLURUSDT,SELL,LIMIT,1700879569609,7121,0.6261994
BLURUSDT,SELL,LIMIT,1700879575309,34,0.6250708
BLURUSDT,SELL,LIMIT,1700879584633,58,0.6238682
BLURUSDT,SELL,LIMIT,1700879586269,5792,0.6233725
BLURUSDT,BUY,LIMIT,1700879676584,2587,0.6457513
BLURUSDT,BUY,LIMIT,1700879840279,786,0.6484020
BLURUSDT,BUY,LIMIT,1700879853298,1722,0.6499913
BLURUSDT,SELL,LIMIT,1700880641278,53,0.6283175
BLURUSDT,SELL,LIMIT,1700880643870,1073,0.6275548
BLURUSDT,SELL,LIMIT,1700880647235,5718,0.6273276
BLURUSDT,SELL,LIMIT,1700880650117,1873,0.6271635
BLURUSDT,SELL,LIMIT,1700880658404,32,0.6262054
BLURUSDT,SELL,LIMIT,1700880666277,20,0.6252785
BLURUSDT,BUY,LIMIT,1700880786141,2565,0.6479062
BLURUSDT,BUY,LIMIT,1700880884367,784,0.6502243
BLURUSDT,BUY,LIMIT,1700880982781,10,0.6507028
BLURUSDT,SELL,LIMIT,1700881066078,698,0.6282456
BLURUSDT,SELL,LIMIT,1700881067667,667,0.6276276
BLURUSDT,BUY,LIMIT,1700881468502,1751,0.6509383
BLURUSDT,BUY,LIMIT,1700881478536,30,0.6511499
BLURUSDT,BUY,LIMIT,1700881481240,469,0.6512441
BLURUSDT,SELL,LIMIT,1700881927238,35,0.6275901
BLURUSDT,SELL,LIMIT,1700882014555,11,0.6271162
BLURUSDT,SELL,LIMIT,1700882027845,81,0.6262222
BLURUSDT,SELL,LIMIT,1700882314364,262,0.6256261
BLURUSDT,SELL,LIMIT,1700882318407,321,0.6253436
BLURUSDT,SELL,LIMIT,1700882325080,1346,0.6247760
BLURUSDT,SELL,LIMIT,1700882335973,756,0.6241718
BLURUSDT,SELL,LIMIT,1700882337465,873,0.6234376
BLURUSDT,SELL,LIMIT,1700882338921,3551,0.6231133
BLURUSDT,SELL,LIMIT,1700882464834,134409,0.6172038
BLURUSDT,SELL,LIMIT,1700882467272,580,0.6220493
BLURUSDT,BUY,LIMIT,1700882472711,1311,0.6401604
BLURUSDT,SELL,LIMIT,1700882528398,66,0.6209123
BLURUSDT,SELL,LIMIT,1700882531927,17,0.6206618
BLURUSDT,SELL,LIMIT,1700882533010,66,0.6202667
BLURUSDT,BUY,LIMIT,1700882567554,793,0.6424898
BLURUSDT,BUY,LIMIT,1700882580099,263,0.6434064
BLURUSDT,BUY,LIMIT,1700882878914,302,0.6447354
BLURUSDT,BUY,LIMIT,1700882920254,1578,0.6460432
BLURUSDT,BUY,LIMIT,1700882924308,42,0.6462610
BLURUSDT,BUY,LIMIT,1700882950555,243,0.6479460
BLURUSDT,BUY,LIMIT,1700882976206,669,0.6488861
BLURUSDT,BUY,LIMIT,1700883082243,351,0.6482403
BLURUSDT,BUY,LIMIT,1700883144204,5361,0.6501630
BLURUSDT,BUY,LIMIT,1700883151440,100,0.6505684
BLURUSDT,BUY,LIMIT,1700883183968,205,0.6513517
BLURUSDT,SELL,LIMIT,1700883427839,26,0.6292188
BLURUSDT,SELL,LIMIT,1700883431751,85,0.6291621
BLURUSDT,SELL,LIMIT,1700883433372,16,0.6288888
BLURUSDT,SELL,LIMIT,1700883435502,517,0.6284701
BLURUSDT,SELL,LIMIT,1700883901177,500,0.6259149
BLURUSDT,BUY,LIMIT,1700883954164,31,0.6461768
BLURUSDT,SELL,LIMIT,1700884737393,782,0.6254497
BLURUSDT,BUY,LIMIT,1700884897621,4,0.6475864
BLURUSDT,SELL,LIMIT,1700885256989,1308,0.6247796
BLURUSDT,SELL,LIMIT,1700885261711,4822,0.6241654
BLURUSDT,SELL,LIMIT,1700885893369,11,0.6204516
BLURUSDT,SELL,LIMIT,1700885897323,1624,0.6203329
BLURUSDT,SELL,LIMIT,1700886091163,275,0.6198102
BLURUSDT,SELL,LIMIT,1700886094722,208,0.6194914
BLURUSDT,SELL,LIMIT,1700886096032,396,0.6182379
BLURUSDT,SELL,LIMIT,1700886097087,1221,0.6186391
BLURUSDT,SELL,LIMIT,1700886187447,2200,0.6178533
BLURUSDT,BUY,LIMIT,1700886303314,12,0.6409969
BLURUSDT,BUY,LIMIT,1700886308259,5267,0.6413695
BLURUSDT,BUY,LIMIT,1700886342220,467,0.6437869
BLURUSDT,SELL,LIMIT,1700886726230,260,0.6214697
BLURUSDT,SELL,LIMIT,1700886737165,100,0.6206754
BLURUSDT,SELL,LIMIT,1700886743361,463,0.6203232
BLURUSDT,SELL,LIMIT,1700886840031,11,0.6211464
BLURUSDT,SELL,LIMIT,1700886853250,79,0.6197773
BLURUSDT,SELL,LIMIT,1700886858731,31,0.6197009
BLURUSDT,SELL,LIMIT,1700886860355,231,0.6196218
BLURUSDT,SELL,LIMIT,1700887013273,1091,0.6189458
BLURUSDT,SELL,LIMIT,1700887017177,123,0.6186537
BLURUSDT,SELL,LIMIT,1700887019798,390,0.6179259
BLURUSDT,SELL,LIMIT,1700887021534,7748,0.6178388
BLURUSDT,SELL,LIMIT,1700887098277,396,0.6175261
BLURUSDT,SELL,LIMIT,1700887102993,26,0.6174605
BLURUSDT,SELL,LIMIT,1700887123586,8021,0.6173066
BLURUSDT,SELL,LIMIT,1700887126050,395,0.6171388
BLURUSDT,SELL,LIMIT,1700887127281,64,0.6172321
BLURUSDT,SELL,LIMIT,1700887130346,81,0.6168419
BLURUSDT,SELL,LIMIT,1700887131861,192,0.6164293
BLURUSDT,SELL,LIMIT,1700887133070,432,0.6157297
BLURUSDT,SELL,LIMIT,1700887134169,130,0.6157947
BLURUSDT,SELL,LIMIT,1700887141049,1557,0.6150301
BLURUSDT,SELL,LIMIT,1700887142055,308,0.6142882
BLURUSDT,BUY,LIMIT,1700887542391,1682,0.6366600
BLURUSDT,BUY,LIMIT,1700887546558,7140,0.6369595
BLURUSDT,BUY,LIMIT,1700887655705,754,0.6380341
BLURUSDT,BUY,LIMIT,1700888474666,5054,0.6399440
BLURUSDT,BUY,LIMIT,1700888479390,1118,0.6407686
BLURUSDT,BUY,LIMIT,1700888484303,1211,0.6412507
BLURUSDT,BUY,LIMIT,1700888490910,1813,0.6418290
BLURUSDT,BUY,LIMIT,1700888717184,24,0.6416882
BLURUSDT,BUY,LIMIT,1700888722763,462,0.6427948
BLURUSDT,BUY,LIMIT,1700888737244,11,0.6430724
BLURUSDT,BUY,LIMIT,1700889419963,1107,0.6433785
BLURUSDT,BUY,LIMIT,1700889440685,787,0.6449357
BLURUSDT,BUY,LIMIT,1700889442249,700,0.6453435
BLURUSDT,BUY,LIMIT,1700889443303,5494,0.6459130
BLURUSDT,BUY,LIMIT,1700889894297,64,0.6469615
BLURUSDT,BUY,LIMIT,1700889902068,599,0.6471650
BLURUSDT,BUY,LIMIT,1700889903271,206,0.6471934
BLURUSDT,BUY,LIMIT,1700889907308,770,0.6475730
BLURUSDT,BUY,LIMIT,1700889958085,75,0.6484000
BLURUSDT,BUY,LIMIT,1700889960233,334,0.6487078
BLURUSDT,BUY,LIMIT,1700889961251,18,0.6490234
BLURUSDT,BUY,LIMIT,1700889963618,93,0.6492413
BLURUSDT,BUY,LIMIT,1700889964772,100,0.6495198
BLURUSDT,BUY,LIMIT,1700889965960,1568,0.6503186
BLURUSDT,BUY,LIMIT,1700889972425,402,0.6506588
BLURUSDT,BUY,LIMIT,1700889977046,1265,0.6510573
BLURUSDT,BUY,LIMIT,1700889979363,144,0.6510896
BLURUSDT,BUY,LIMIT,1700890086394,1739,0.6524727
BLURUSDT,BUY,LIMIT,1700890087521,35,0.6530369
BLURUSDT,BUY,LIMIT,1700890088615,878,0.6537619
BLURUSDT,BUY,LIMIT,1700890090455,156,0.6541770
BLURUSDT,BUY,LIMIT,1700890092242,83,0.6545533
BLURUSDT,SELL,LIMIT,1700890145531,18,0.6315101
BLURUSDT,SELL,LIMIT,1700890290511,1364,0.6296140
BLURUSDT,SELL,LIMIT,1700890296315,398,0.6293662
BLURUSDT,SELL,LIMIT,1700890297974,1855,0.6291479
BLURUSDT,SELL,LIMIT,1700890313064,3241,0.6285819
BLURUSDT,BUY,LIMIT,1700890860045,168,0.6521958
BLURUSDT,BUY,LIMIT,1700890862279,6430,0.6524545
BLURUSDT,BUY,LIMIT,1700890863444,3125,0.6526350
BLURUSDT,BUY,LIMIT,1700890866009,6996,0.6529637
BLURUSDT,BUY,LIMIT,1700891205765,1948,0.6540042
BLURUSDT,BUY,LIMIT,1700891209011,389,0.6547116
BLURUSDT,SELL,LIMIT,1700891508211,4346,0.6310804
BLURUSDT,SELL,LIMIT,1700891513916,2307,0.6304185
BLURUSDT,SELL,LIMIT,1700891633407,77,0.6297323
BLURUSDT,BUY,LIMIT,1700892191323,628,0.6517916
BLURUSDT,BUY,LIMIT,1700892213318,4866,0.6522309
BLURUSDT,BUY,LIMIT,1700892214906,570,0.6527593
BLURUSDT,SELL,LIMIT,1700892703816,155,0.6317851
BLURUSDT,SELL,LIMIT,1700893307252,2486,0.6301663
BLURUSDT,SELL,LIMIT,1700893366296,171,0.6294581
BLURUSDT,SELL,LIMIT,1700893371505,6190,0.6292483
BLURUSDT,SELL,LIMIT,1700893386258,3024,0.6290925
BLURUSDT,SELL,LIMIT,1700893405118,6296,0.6288639
BLURUSDT,SELL,LIMIT,1700893406211,619,0.6286300
BLURUSDT,SELL,LIMIT,1700893411149,56,0.6281672
BLURUSDT,SELL,LIMIT,1700893412274,12,0.6275267
BLURUSDT,SELL,LIMIT,1700893413460,10,0.6273126
BLURUSDT,SELL,LIMIT,1700893415362,1577,0.6270508
BLURUSDT,SELL,LIMIT,1700893417318,53,0.6269404
BLURUSDT,SELL,LIMIT,1700893481505,783,0.6262389
BLURUSDT,SELL,LIMIT,1700893499913,437,0.6260508
BLURUSDT,SELL,LIMIT,1700893502880,9,0.6258704
BLURUSDT,SELL,LIMIT,1700893503939,10,0.6254335
BLURUSDT,SELL,LIMIT,1700893505686,205,0.6245545
BLURUSDT,SELL,LIMIT,1700894001471,67,0.6249826
BLURUSDT,SELL,LIMIT,1700894011833,1380,0.6252099
BLURUSDT,SELL,LIMIT,1700894023885,8,0.6240269
BLURUSDT,SELL,LIMIT,1700894033281,813,0.6237076
BLURUSDT,SELL,LIMIT,1700894041824,7789,0.6230806
BLURUSDT,SELL,LIMIT,1700894050904,9,0.6228477
BLURUSDT,BUY,LIMIT,1700894059168,7038,0.6430573
BLURUSDT,SELL,LIMIT,1700894104366,6559,0.6226488
BLURUSDT,SELL,LIMIT,1700894106144,317,0.6221777
BLURUSDT,SELL,LIMIT,1700894108268,1712,0.6218359
BLURUSDT,SELL,LIMIT,1700894202313,134,0.6210243
BLURUSDT,SELL,LIMIT,1700894226610,340,0.6201355
BLURUSDT,BUY,LIMIT,1700894654263,876,0.6431221
BLURUSDT,SELL,LIMIT,1700895028021,58,0.6206322
BLURUSDT,SELL,LIMIT,1700895139275,726,0.6201872
BLURUSDT,SELL,LIMIT,1700895166777,86,0.6197157
BLURUSDT,SELL,LIMIT,1700895174734,229,0.6196619
BLURUSDT,BUY,LIMIT,1700895180763,201,0.6385558
BLURUSDT,SELL,LIMIT,1700895184945,4897,0.6192274
BLURUSDT,SELL,LIMIT,1700895191121,585,0.6187302
BLURUSDT,SELL,LIMIT,1700895192365,4077,0.6187573
BLURUSDT,BUY,LIMIT,1700895693559,153,0.6418539
BLURUSDT,SELL,LIMIT,1700896183265,1028,0.6197219
BLURUSDT,SELL,LIMIT,1700896848731,58,0.6189957
BLURUSDT,SELL,LIMIT,1700896863272,3965,0.6186552
BLURUSDT,SELL,LIMIT,1700896873826,365,0.6179103
BLURUSDT,SELL,LIMIT,1700897093047,21,0.6191477
BLURUSDT,SELL,LIMIT,1700897100044,833,0.6173229
BLURUSDT,SELL,LIMIT,1700897231506,190,0.6170106
BLURUSDT,SELL,LIMIT,1700897238282,75,0.6168265
BLURUSDT,SELL,LIMIT,1700897258198,871,0.6162348
BLURUSDT,SELL,LIMIT,1700897260276,401,0.6161990
BLURUSDT,SELL,LIMIT,1700897269812,165,0.6158080
BLURUSDT,SELL,LIMIT,1700897271786,2122,0.6156507
BLURUSDT,SELL,LIMIT,1700897284867,112,0.6148295
BLURUSDT,SELL,LIMIT,1700897286519,154611,0.6092939
BLURUSDT,SELL,LIMIT,1700897309073,680,0.6136931
BLURUSDT,SELL,LIMIT,1700897310139,1082,0.6136807
BLURUSDT,SELL,LIMIT,1700897311219,791,0.6122973
BLURUSDT,SELL,LIMIT,1700897312237,627,0.6098564
BLURUSDT,SELL,LIMIT,1700897313244,1615,0.6109650
BLURUSDT,SELL,LIMIT,1700897631314,662,0.6095567
BLURUSDT,SELL,LIMIT,1700897632580,441,0.6093273
BLURUSDT,SELL,LIMIT,1700897633641,571,0.6088883
BLURUSDT,SELL,LIMIT,1700897634684,118,0.6080051
BLURUSDT,SELL,LIMIT,1700897752639,1507,0.6072722
BLURUSDT,SELL,LIMIT,1700897753668,10600,0.6059243
BLURUSDT,SELL,LIMIT,1700897755267,5975,0.6062077
BLURUSDT,SELL,LIMIT,1700897756346,54,0.6055610
BLURUSDT,SELL,LIMIT,1700897762874,4578,0.6073655
BLURUSDT,SELL,LIMIT,1700897763886,759,0.6051755
BLURUSDT,SELL,LIMIT,1700897765246,347,0.6048513
BLURUSDT,SELL,LIMIT,1700897766265,84,0.6047074
BLURUSDT,SELL,LIMIT,1700897767298,132,0.6043562
BLURUSDT,SELL,LIMIT,1700897768514,7816,0.6035971
BLURUSDT,SELL,LIMIT,1700897778169,16800,0.6020691
BLURUSDT,SELL,LIMIT,1700897780964,2232,0.6035042
BLURUSDT,SELL,LIMIT,1700897782122,2729,0.6031001
BLURUSDT,SELL,LIMIT,1700897900051,551,0.6029122
BLURUSDT,SELL,LIMIT,1700897901054,17995,0.6000557
BLURUSDT,SELL,LIMIT,1700897902058,13,0.6020556
BLURUSDT,SELL,LIMIT,1700897903093,278,0.6012567
BLURUSDT,SELL,LIMIT,1700897933300,7770,0.6012441
BLURUSDT,SELL,LIMIT,1700897956169,254,0.6006548
BLURUSDT,SELL,LIMIT,1700897957178,8,0.6005649
BLURUSDT,SELL,LIMIT,1700897958353,29,0.6001367
BLURUSDT,SELL,LIMIT,1700897959369,76,0.5985673
BLURUSDT,SELL,LIMIT,1700897983041,494,0.5984237
BLURUSDT,SELL,LIMIT,1700897984196,49,0.5982856
BLURUSDT,SELL,LIMIT,1700897985281,170,0.5982176
BLURUSDT,SELL,LIMIT,1700897986346,70,0.5980539
BLURUSDT,SELL,LIMIT,1700897988232,1313,0.5973771
BLURUSDT,SELL,LIMIT,1700897989352,2876,0.5977332
BLURUSDT,SELL,LIMIT,1700897990504,11,0.5968784
BLURUSDT,SELL,LIMIT,1700897992433,1100,0.5968225
BLURUSDT,BUY,LIMIT,1700898016613,4053,0.6188851
BLURUSDT,BUY,LIMIT,1700898019433,329,0.6194847
BLURUSDT,BUY,LIMIT,1700898026524,1311,0.6203508
BLURUSDT,BUY,LIMIT,1700898032594,147,0.6214291
BLURUSDT,BUY,LIMIT,1700898081747,78,0.6240359
BLURUSDT,BUY,LIMIT,1700898099823,7258,0.6247569
BLURUSDT,BUY,LIMIT,1700898101346,458,0.6253499
BLURUSDT,BUY,LIMIT,1700898393457,1373,0.6260880
BLURUSDT,BUY,LIMIT,1700898395316,829,0.6264481
BLURUSDT,BUY,LIMIT,1700898426751,72,0.6266776
BLURUSDT,SELL,LIMIT,1700898509591,392,0.6044256
BLURUSDT,SELL,LIMIT,1700898514042,398,0.6028651
BLURUSDT,SELL,LIMIT,1700898515381,158,0.6028889
BLURUSDT,SELL,LIMIT,1700898562796,440,0.6025711
BLURUSDT,SELL,LIMIT,1700898600730,42,0.6023355
BLURUSDT,SELL,LIMIT,1700898605102,1,0.6012801
BLURUSDT,SELL,LIMIT,1700898606161,2680,0.6011547
BLURUSDT,SELL,LIMIT,1700898636164,20,0.6009147
BLURUSDT,SELL,LIMIT,1700898656559,833,0.5986937
BLURUSDT,SELL,LIMIT,1700898665124,280,0.5974197
BLURUSDT,SELL,LIMIT,1700898666258,94,0.5966613
BLURUSDT,SELL,LIMIT,1700898667274,621,0.5965964
BLURUSDT,SELL,LIMIT,1700898668276,2720,0.5961503
BLURUSDT,BUY,LIMIT,1700898676292,42,0.6174701
BLURUSDT,SELL,LIMIT,1700898720518,226,0.5999006
BLURUSDT,BUY,LIMIT,1700898728280,492,0.6198327
BLURUSDT,BUY,LIMIT,1700898729692,519,0.6204530
BLURUSDT,BUY,LIMIT,1700898868398,367,0.6233721
BLURUSDT,BUY,LIMIT,1700898870415,53,0.6236262
BLURUSDT,BUY,LIMIT,1700898895711,59,0.6241036
BLURUSDT,BUY,LIMIT,1700898937043,8177,0.6254345
BLURUSDT,BUY,LIMIT,1700898947175,1581,0.6260512
BLURUSDT,BUY,LIMIT,1700898950774,7897,0.6262591
BLURUSDT,BUY,LIMIT,1700898954308,313,0.6269026
BLURUSDT,BUY,LIMIT,1700898977105,173,0.6269730
BLURUSDT,BUY,LIMIT,1700899195063,5772,0.6288944
BLURUSDT,BUY,LIMIT,1700899206327,279,0.6299836
BLURUSDT,BUY,LIMIT,1700899207416,404,0.6305343
BLURUSDT,BUY,LIMIT,1700899211218,159,0.6311769
BLURUSDT,SELL,LIMIT,1700899242707,1895,0.6097227
BLURUSDT,SELL,LIMIT,1700899277227,593,0.6086267
BLURUSDT,SELL,LIMIT,1700899308743,2663,0.6069696
BLURUSDT,BUY,LIMIT,1700899545293,1718,0.6277042
BLURUSDT,BUY,LIMIT,1700899550406,1560,0.6285040
BLURUSDT,BUY,LIMIT,1700899552336,8108,0.6285267
BLURUSDT,BUY,LIMIT,1700899612904,291,0.6296244
BLURUSDT,BUY,LIMIT,1700899674564,2560,0.6313052
BLURUSDT,BUY,LIMIT,1700899677354,628,0.6313763
BLURUSDT,BUY,LIMIT,1700899678838,872,0.6315569
BLURUSDT,BUY,LIMIT,1700899688279,322,0.6325228
BLURUSDT,SELL,LIMIT,1700899888674,3347,0.6105477
BLURUSDT,SELL,LIMIT,1700899897679,183,0.6105063
BLURUSDT,SELL,LIMIT,1700899907292,356,0.6103964
BLURUSDT,SELL,LIMIT,1700900232379,223,0.6089720
BLURUSDT,SELL,LIMIT,1700900234096,952,0.6088658
BLURUSDT,SELL,LIMIT,1700900235721,93,0.6083561
BLURUSDT,SELL,LIMIT,1700900236833,403,0.6075239
BLURUSDT,SELL,LIMIT,1700900240123,274,0.6075141
BLURUSDT,SELL,LIMIT,1700900920274,320,0.6062222
BLURUSDT,SELL,LIMIT,1700900921394,786,0.6057922
BLURUSDT,SELL,LIMIT,1700900922837,112,0.6055584
BLURUSDT,SELL,LIMIT,1700900927419,12,0.6052528
BLURUSDT,SELL,LIMIT,1700900940062,343,0.6043347
BLURUSDT,BUY,LIMIT,1700901036329,411,0.6251976
BLURUSDT,BUY,LIMIT,1700901075231,28,0.6260277
BLURUSDT,BUY,LIMIT,1700901106418,228,0.6271494
BLURUSDT,BUY,LIMIT,1700901175892,192,0.6289841
BLURUSDT,BUY,LIMIT,1700901263187,53,0.6296771
BLURUSDT,BUY,LIMIT,1700901264319,277,0.6298485
BLURUSDT,BUY,LIMIT,1700901887284,391,0.6318856
BLURUSDT,BUY,LIMIT,1700901911110,92,0.6329627
BLURUSDT,BUY,LIMIT,1700901912168,149,0.6334901
BLURUSDT,BUY,LIMIT,1700901913875,237,0.6344467
BLURUSDT,BUY,LIMIT,1700902001782,6584,0.6329540
BLURUSDT,SELL,LIMIT,1700902069190,492,0.6118302
BLURUSDT,SELL,LIMIT,1700902070447,34,0.6119472
BLURUSDT,SELL,LIMIT,1700902072997,3496,0.6110538
BLURUSDT,BUY,LIMIT,1700902378812,14,0.6311380
BLURUSDT,SELL,LIMIT,1700902845211,85,0.6091471
BLURUSDT,SELL,LIMIT,1700903011717,3346,0.6086637
BLURUSDT,SELL,LIMIT,1700903175691,220,0.6081449
BLURUSDT,SELL,LIMIT,1700903186401,60,0.6073093
BLURUSDT,SELL,LIMIT,1700903210209,1087,0.6071061
BLURUSDT,BUY,LIMIT,1700903305986,21,0.6293466
BLURUSDT,BUY,LIMIT,1700903366240,1042,0.6308666
BLURUSDT,BUY,LIMIT,1700903367373,331,0.6308194
BLURUSDT,BUY,LIMIT,1700903606386,398,0.6312593
BLURUSDT,BUY,LIMIT,1700903608256,200,0.6314151
BLURUSDT,BUY,LIMIT,1700903626397,16,0.6321416
BLURUSDT,SELL,LIMIT,1700905052920,51,0.6076343
BLURUSDT,SELL,LIMIT,1700905054594,11,0.6073907
BLURUSDT,SELL,LIMIT,1700905056869,76,0.6070653
BLURUSDT,SELL,LIMIT,1700905061721,835,0.6067031
BLURUSDT,SELL,LIMIT,1700905067171,1687,0.6065721
BLURUSDT,SELL,LIMIT,1700905077304,538,0.6061584
BLURUSDT,SELL,LIMIT,1700905088328,258,0.6057626
BLURUSDT,SELL,LIMIT,1700905089403,1458,0.6055677
BLURUSDT,SELL,LIMIT,1700905098669,2101,0.6050403
BLURUSDT,SELL,LIMIT,1700905101188,491,0.6047695
BLURUSDT,SELL,LIMIT,1700905148813,201,0.6045866
BLURUSDT,SELL,LIMIT,1700905165369,1453,0.6045937
BLURUSDT,SELL,LIMIT,1700905244185,317,0.6042976
BLURUSDT,SELL,LIMIT,1700905272318,205,0.6036073
BLURUSDT,SELL,LIMIT,1700905273962,51,0.6025565
BLURUSDT,SELL,LIMIT,1700905278729,31,0.6021335
BLURUSDT,BUY,LIMIT,1700905362614,467,0.6234658
BLURUSDT,SELL,LIMIT,1700905854867,766,0.6017526
BLURUSDT,SELL,LIMIT,1700905856799,62,0.6018212
BLURUSDT,SELL,LIMIT,1700905859277,4268,0.6013264
BLURUSDT,SELL,LIMIT,1700905863236,2396,0.6007077
BLURUSDT,SELL,LIMIT,1700905891101,8060,0.6000316
BLURUSDT,SELL,LIMIT,1700905892386,2787,0.5996835
BLURUSDT,SELL,LIMIT,1700905898636,56,0.5987783
BLURUSDT,SELL,LIMIT,1700905900494,14,0.5986045
BLURUSDT,SELL,LIMIT,1700905903319,527,0.5981935
BLURUSDT,SELL,LIMIT,1700905906582,1233,0.5979148
BLURUSDT,SELL,LIMIT,1700905915111,351,0.5980382
BLURUSDT,SELL,LIMIT,1700905922617,272,0.5971499
BLURUSDT,SELL,LIMIT,1700905926057,189,0.5971213
BLURUSDT,BUY,LIMIT,1700906051168,1235,0.6190893
BLURUSDT,BUY,LIMIT,1700906149273,103,0.6220614
BLURUSDT,BUY,LIMIT,1700906241009,67,0.6230096
BLURUSDT,SELL,LIMIT,1700906474068,807,0.6027216
BLURUSDT,BUY,LIMIT,1700906548458,19,0.6248515
BLURUSDT,BUY,LIMIT,1700906554232,30,0.6248515
BLURUSDT,BUY,LIMIT,1700906563158,124,0.6257671
BLURUSDT,BUY,LIMIT,1700906565318,2035,0.6261572
BLURUSDT,BUY,LIMIT,1700906566401,9,0.6262256
BLURUSDT,BUY,LIMIT,1700906815218,288,0.6273809
BLURUSDT,SELL,LIMIT,1700907159409,630,0.6059193
BLURUSDT,BUY,LIMIT,1700907447138,811,0.6283927
BLURUSDT,BUY,LIMIT,1700907448984,1319,0.6286414
BLURUSDT,BUY,LIMIT,1700907452836,156,0.6289352
BLURUSDT,BUY,LIMIT,1700907454291,1208,0.6292277
BLURUSDT,BUY,LIMIT,1700907456316,8088,0.6299316
BLURUSDT,BUY,LIMIT,1700907458643,170,0.6301124
BLURUSDT,BUY,LIMIT,1700907535483,326,0.6304587
BLURUSDT,SELL,LIMIT,1700907979777,4705,0.6079181
BLURUSDT,SELL,LIMIT,1700907983234,38,0.6074979
BLURUSDT,SELL,LIMIT,1700908382255,1632,0.6053888
BLURUSDT,SELL,LIMIT,1700908383332,1312,0.6051523
BLURUSDT,SELL,LIMIT,1700908512360,428,0.6042687
BLURUSDT,SELL,LIMIT,1700908895330,1424,0.6030171
BLURUSDT,SELL,LIMIT,1700909000646,267,0.6016147
BLURUSDT,SELL,LIMIT,1700909003182,202,0.6012096
BLURUSDT,SELL,LIMIT,1700909019700,80,0.6003576
BLURUSDT,SELL,LIMIT,1700909069549,106,0.6007131
BLURUSDT,SELL,LIMIT,1700909097038,805,0.5991756
BLURUSDT,BUY,LIMIT,1700909175928,5704,0.6215844
BLURUSDT,BUY,LIMIT,1700909721645,8198,0.6241928
BLURUSDT,BUY,LIMIT,1700909738075,1343,0.6253413
BLURUSDT,SELL,LIMIT,1700910203701,2005,0.6019292
BLURUSDT,SELL,LIMIT,1700910219338,636,0.6014509
BLURUSDT,SELL,LIMIT,1700910295007,187,0.5988801
BLURUSDT,SELL,LIMIT,1700910296029,35,0.5986683
BLURUSDT,SELL,LIMIT,1700910528448,1500,0.5982914
BLURUSDT,SELL,LIMIT,1700910529556,34,0.5982516
BLURUSDT,SELL,LIMIT,1700910806452,85,0.5981972
BLURUSDT,SELL,LIMIT,1700910809051,507,0.5979221
BLURUSDT,SELL,LIMIT,1700910811805,3068,0.5973069
BLURUSDT,BUY,LIMIT,1700910856525,984,0.6204898
BLURUSDT,BUY,LIMIT,1700910857535,821,0.6210584
BLURUSDT,BUY,LIMIT,1700910910955,2976,0.6212249
BLURUSDT,SELL,LIMIT,1700911042968,46,0.5997521
BLURUSDT,SELL,LIMIT,1700911088788,10,0.5986346
BLURUSDT,SELL,LIMIT,1700911105078,3116,0.5957018
BLURUSDT,SELL,LIMIT,1700911106091,55,0.5952543
BLURUSDT,SELL,LIMIT,1700911109121,239,0.5940934
BLURUSDT,SELL,LIMIT,1700911110142,9302,0.5932333
BLURUSDT,SELL,LIMIT,1700911111280,1293,0.5927741
BLURUSDT,SELL,LIMIT,1700911113064,16624,0.5897118
BLURUSDT,SELL,LIMIT,1700911114106,6875,0.5926214
BLURUSDT,SELL,LIMIT,1700911115118,401,0.5897717
BLURUSDT,SELL,LIMIT,1700911116122,1691,0.5891241
BLURUSDT,SELL,LIMIT,1700911118137,9177,0.5882687
BLURUSDT,SELL,LIMIT,1700911120542,761,0.5888104
BLURUSDT,SELL,LIMIT,1700911128736,185,0.5888331
BLURUSDT,SELL,LIMIT,1700911145065,3556,0.5879090
BLURUSDT,SELL,LIMIT,1700911146104,1100,0.5878606
BLURUSDT,SELL,LIMIT,1700911147204,535,0.5866823
BLURUSDT,SELL,LIMIT,1700911148405,264,0.5867440
BLURUSDT,SELL,LIMIT,1700911149433,440,0.5863428
BLURUSDT,SELL,LIMIT,1700911150682,34,0.5859586
BLURUSDT,SELL,LIMIT,1700911155192,9480,0.5853369
BLURUSDT,BUY,LIMIT,1700911186399,881,0.6066908
BLURUSDT,BUY,LIMIT,1700911190370,2813,0.6072909
BLURUSDT,SELL,LIMIT,1700911267532,4173,0.5856777
BLURUSDT,SELL,LIMIT,1700911268554,13,0.5854571
BLURUSDT,BUY,LIMIT,1700911298946,872,0.6066025
BLURUSDT,BUY,LIMIT,1700911376725,134,0.6087356
BLURUSDT,BUY,LIMIT,1700911404082,351,0.6098188
BLURUSDT,SELL,LIMIT,1700911478825,1444,0.5888331
BLURUSDT,SELL,LIMIT,1700911506106,60,0.5885376
BLURUSDT,SELL,LIMIT,1700911547690,116,0.5884430
BLURUSDT,SELL,LIMIT,1700911549234,44,0.5878710
BLURUSDT,BUY,LIMIT,1700911693031,3399,0.6091847
BLURUSDT,SELL,LIMIT,1700911897610,23,0.5874746
BLURUSDT,SELL,LIMIT,1700911898734,847,0.5869115
BLURUSDT,SELL,LIMIT,1700911902138,347,0.5860421
BLURUSDT,SELL,LIMIT,1700911903144,5660,0.5845065
BLURUSDT,SELL,LIMIT,1700911904162,54,0.5840765
BLURUSDT,SELL,LIMIT,1700911905232,550,0.5837371
BLURUSDT,SELL,LIMIT,1700911907512,707,0.5835731
BLURUSDT,SELL,LIMIT,1700911909166,36,0.5832849
BLURUSDT,BUY,LIMIT,1700911949487,3964,0.6041412
BLURUSDT,BUY,LIMIT,1700912075659,405,0.6062830
BLURUSDT,SELL,LIMIT,1700912155609,67369,0.5794889
BLURUSDT,SELL,LIMIT,1700912157310,9,0.5830528
BLURUSDT,SELL,LIMIT,1700912158333,950,0.5829251
BLURUSDT,SELL,LIMIT,1700912159824,9,0.5819651
BLURUSDT,SELL,LIMIT,1700912161066,164,0.5817847
BLURUSDT,SELL,LIMIT,1700912162085,7948,0.5815070
BLURUSDT,SELL,LIMIT,1700912165200,367,0.5810395
BLURUSDT,SELL,LIMIT,1700912166250,16,0.5813856
BLURUSDT,SELL,LIMIT,1700912167271,9,0.5795148
BLURUSDT,SELL,LIMIT,1700912172104,51,0.5793073
BLURUSDT,SELL,LIMIT,1700912205492,11,0.5793771
BLURUSDT,SELL,LIMIT,1700912206938,85,0.5790974
BLURUSDT,SELL,LIMIT,1700912207997,465,0.5785693
BLURUSDT,SELL,LIMIT,1700912209163,2709,0.5776576
BLURUSDT,SELL,LIMIT,1700912210188,11,0.5774621
BLURUSDT,SELL,LIMIT,1700912211191,50,0.5765635
BLURUSDT,SELL,LIMIT,1700912212214,5008,0.5765432
BLURUSDT,SELL,LIMIT,1700912230276,70,0.5763908
BLURUSDT,SELL,LIMIT,1700912242580,116,0.5760610
BLURUSDT,SELL,LIMIT,1700912244049,2072,0.5757776
BLURUSDT,SELL,LIMIT,1700912245154,2015,0.5756687
BLURUSDT,SELL,LIMIT,1700912246431,300,0.5754657
BLURUSDT,SELL,LIMIT,1700912248503,1070,0.5752850
BLURUSDT,SELL,LIMIT,1700912250563,7992,0.5754512
BLURUSDT,SELL,LIMIT,1700912252285,68,0.5752899
BLURUSDT,SELL,LIMIT,1700912255097,1478,0.5751027
BLURUSDT,SELL,LIMIT,1700912256218,948,0.5748398
BLURUSDT,SELL,LIMIT,1700912257261,11760,0.5731365
BLURUSDT,SELL,LIMIT,1700912258299,7654,0.5732395
BLURUSDT,SELL,LIMIT,1700912271627,4530,0.5731947
BLURUSDT,SELL,LIMIT,1700912273182,6873,0.5730394
BLURUSDT,SELL,LIMIT,1700912280200,754,0.5727403
BLURUSDT,SELL,LIMIT,1700912284008,162,0.5727228
BLURUSDT,SELL,LIMIT,1700912301205,41,0.5725907
BLURUSDT,SELL,LIMIT,1700912313641,1271,0.5738424
BLURUSDT,SELL,LIMIT,1700912391198,14,0.5768496
BLURUSDT,SELL,LIMIT,1700912417811,778,0.5728901
BLURUSDT,SELL,LIMIT,1700912419792,104870,0.5681365
BLURUSDT,SELL,LIMIT,1700912421538,510,0.5723241
BLURUSDT,SELL,LIMIT,1700912422639,369,0.5719302
BLURUSDT,SELL,LIMIT,1700912424136,127,0.5714133
BLURUSDT,SELL,LIMIT,1700912425215,330,0.5700109
BLURUSDT,SELL,LIMIT,1700912426216,1747,0.5705764
BLURUSDT,SELL,LIMIT,1700912428317,3161,0.5699274
BLURUSDT,SELL,LIMIT,1700912439147,974,0.5693922
BLURUSDT,SELL,LIMIT,1700912440191,7758,0.5694885
BLURUSDT,SELL,LIMIT,1700912448966,3413,0.5689885
BLURUSDT,SELL,LIMIT,1700912451532,163,0.5688376
BLURUSDT,SELL,LIMIT,1700912458401,3490,0.5687391
BLURUSDT,BUY,LIMIT,1700912491211,8,0.5870760
BLURUSDT,SELL,LIMIT,1700912497075,210,0.5687466
BLURUSDT,SELL,LIMIT,1700912498200,148,0.5687184
BLURUSDT,SELL,LIMIT,1700912499460,38218,0.5661535
BLURUSDT,SELL,LIMIT,1700912500484,85,0.5677821
BLURUSDT,SELL,LIMIT,1700912501523,1222,0.5675218
BLURUSDT,SELL,LIMIT,1700912503347,641,0.5671631
BLURUSDT,SELL,LIMIT,1700912506485,272,0.5669748
BLURUSDT,SELL,LIMIT,1700912507537,713,0.5659232
BLURUSDT,SELL,LIMIT,1700912508543,6452,0.5658841
BLURUSDT,BUY,LIMIT,1700912544003,4441,0.5855704
BLURUSDT,SELL,LIMIT,1700912591260,318,0.5651462
BLURUSDT,SELL,LIMIT,1700912594058,922,0.5646414
BLURUSDT,SELL,LIMIT,1700912595109,3011,0.5646322
BLURUSDT,SELL,LIMIT,1700912596331,2345,0.5644832
BLURUSDT,SELL,LIMIT,1700912598039,4606,0.5644463
BLURUSDT,SELL,LIMIT,1700912599282,18,0.5643203
BLURUSDT,BUY,LIMIT,1700912616907,348,0.5848836
BLURUSDT,BUY,LIMIT,1700912649635,387,0.5858351
BLURUSDT,BUY,LIMIT,1700912651178,2749,0.5863060
BLURUSDT,BUY,LIMIT,1700912680317,334,0.5873338
BLURUSDT,BUY,LIMIT,1700912698176,2396,0.5878498
BLURUSDT,BUY,LIMIT,1700912700410,619,0.5882261
BLURUSDT,BUY,LIMIT,1700912706031,3402,0.5896932
BLURUSDT,BUY,LIMIT,1700912809579,35,0.5899846
BLURUSDT,BUY,LIMIT,1700912813546,7554,0.5904649
BLURUSDT,BUY,LIMIT,1700912864363,117,0.5909311
BLURUSDT,BUY,LIMIT,1700912865627,1893,0.5909577
BLURUSDT,BUY,LIMIT,1700912867782,13,0.5912080
BLURUSDT,BUY,LIMIT,1700912948384,159,0.5918936
BLURUSDT,BUY,LIMIT,1700912949474,81,0.5924883
BLURUSDT,BUY,LIMIT,1700912991329,5173,0.5935413
BLURUSDT,BUY,LIMIT,1700913002549,196,0.5940335
BLURUSDT,BUY,LIMIT,1700913012102,345,0.5945457
BLURUSDT,BUY,LIMIT,1700913016174,1561,0.5952218
BLURUSDT,BUY,LIMIT,1700913017592,3625,0.5958710
BLURUSDT,BUY,LIMIT,1700913018770,144,0.5961505
BLURUSDT,BUY,LIMIT,1700913264033,2748,0.5944902
BLURUSDT,BUY,LIMIT,1700913297762,100,0.5950142
BLURUSDT,BUY,LIMIT,1700913299489,12,0.5953419
BLURUSDT,BUY,LIMIT,1700913301499,157,0.5955632
BLURUSDT,BUY,LIMIT,1700913304567,1881,0.5958165
BLURUSDT,BUY,LIMIT,1700913309848,68,0.5960731
BLURUSDT,BUY,LIMIT,1700913311441,437,0.5966849
BLURUSDT,SELL,LIMIT,1700913561496,6805,0.5741406
BLURUSDT,SELL,LIMIT,1700913563022,1600,0.5739754
BLURUSDT,BUY,LIMIT,1700913665984,2495,0.5953323
BLURUSDT,BUY,LIMIT,1700913690287,631,0.5965889
BLURUSDT,BUY,LIMIT,1700913701554,26,0.5971763
BLURUSDT,BUY,LIMIT,1700913705218,511,0.5974485
BLURUSDT,BUY,LIMIT,1700913707260,2156,0.5975037
BLURUSDT,BUY,LIMIT,1700913708964,8413,0.5980342
BLURUSDT,BUY,LIMIT,1700913770045,1441,0.5984534
BLURUSDT,BUY,LIMIT,1700913771290,31,0.5984944
BLURUSDT,BUY,LIMIT,1700913772379,185,0.5988520
BLURUSDT,BUY,LIMIT,1700913774939,122,0.5991532
BLURUSDT,BUY,LIMIT,1700913779516,211,0.6001711
BLURUSDT,BUY,LIMIT,1700913781113,155,0.6004932
BLURUSDT,BUY,LIMIT,1700913790105,297,0.6013121
BLURUSDT,BUY,LIMIT,1700913793426,82043,0.6057349
BLURUSDT,BUY,LIMIT,1700913794462,5000,0.6026372
BLURUSDT,BUY,LIMIT,1700913795969,612,0.6029157
BLURUSDT,BUY,LIMIT,1700913963047,6141,0.6030948
BLURUSDT,BUY,LIMIT,1700913964380,8438,0.6040898
BLURUSDT,BUY,LIMIT,1700913981172,231,0.6043784
BLURUSDT,SELL,LIMIT,1700914042239,352,0.5838438
BLURUSDT,SELL,LIMIT,1700914354434,916,0.5816421
BLURUSDT,SELL,LIMIT,1700914492760,929,0.5808065
BLURUSDT,SELL,LIMIT,1700914516143,808,0.5795547
BLURUSDT,BUY,LIMIT,1700914582358,548,0.5805886
BLURUSDT,BUY,LIMIT,1700914611732,931,0.6010972
BLURUSDT,BUY,LIMIT,1700914686995,8536,0.6007063
BLURUSDT,BUY,LIMIT,1700915805117,996,0.6023280
BLURUSDT,BUY,LIMIT,1700915821324,2743,0.6028264
BLURUSDT,BUY,LIMIT,1700915970909,206,0.6032117
BLURUSDT,BUY,LIMIT,1700915984222,37,0.6034385
BLURUSDT,BUY,LIMIT,1700915990430,646,0.6039920
BLURUSDT,BUY,LIMIT,1700916014227,199,0.6041126
BLURUSDT,BUY,LIMIT,1700916015287,2551,0.6041537
BLURUSDT,BUY,LIMIT,1700916021443,2022,0.6044788
BLURUSDT,BUY,LIMIT,1700916022453,25,0.6049318
BLURUSDT,BUY,LIMIT,1700916023488,6347,0.6052746
BLURUSDT,BUY,LIMIT,1700916024534,332,0.6061260
BLURUSDT,BUY,LIMIT,1700916029265,120,0.6072665
BLURUSDT,BUY,LIMIT,1700916032344,1913,0.6075939
BLURUSDT,BUY,LIMIT,1700916033462,268,0.6077539
BLURUSDT,BUY,LIMIT,1700916057407,11,0.6078464
BLURUSDT,BUY,LIMIT,1700916059432,1470,0.6088206
BLURUSDT,BUY,LIMIT,1700916071045,455,0.6091831
BLURUSDT,BUY,LIMIT,1700916072302,250,0.6091757
BLURUSDT,BUY,LIMIT,1700916073468,238,0.6096400
BLURUSDT,SELL,LIMIT,1700916140962,2290,0.5887230
BLURUSDT,BUY,LIMIT,1700916249657,18,0.6099951
BLURUSDT,BUY,LIMIT,1700916251316,6763,0.6109950
BLURUSDT,BUY,LIMIT,1700916674406,8,0.5834358
BLURUSDT,BUY,LIMIT,1700916740165,82,0.6110096
BLURUSDT,BUY,LIMIT,1700916784052,2085,0.6123984
BLURUSDT,BUY,LIMIT,1700916786043,1671,0.6126374
BLURUSDT,BUY,LIMIT,1700916787085,19,0.6133430
BLURUSDT,BUY,LIMIT,1700916789201,40,0.6140868
BLURUSDT,BUY,LIMIT,1700916790301,1300,0.6148800
BLURUSDT,BUY,LIMIT,1700916792040,8440,0.6151495
BLURUSDT,BUY,LIMIT,1700916793272,167,0.6151828
BLURUSDT,BUY,LIMIT,1700916794460,829,0.6156743
BLURUSDT,BUY,LIMIT,1700916931895,86,0.6159037
BLURUSDT,BUY,LIMIT,1700916934482,167,0.6163746
BLURUSDT,BUY,LIMIT,1700916943133,53,0.6167379
BLURUSDT,BUY,LIMIT,1700916944153,17,0.6186067
BLURUSDT,BUY,LIMIT,1700916945171,11525,0.6188180
BLURUSDT,BUY,LIMIT,1700916969119,148,0.6186326
BLURUSDT,BUY,LIMIT,1700916970165,603,0.6187187
BLURUSDT,BUY,LIMIT,1700916971685,180,0.6188381
BLURUSDT,BUY,LIMIT,1700916975300,1804,0.6194483
BLURUSDT,BUY,LIMIT,1700916976415,340,0.6202369
BLURUSDT,BUY,LIMIT,1700916978092,313,0.6206229
BLURUSDT,BUY,LIMIT,1700916979111,72,0.6207807
BLURUSDT,BUY,LIMIT,1700916983195,100,0.6209984
BLURUSDT,BUY,LIMIT,1700916984338,8791,0.6220855
BLURUSDT,BUY,LIMIT,1700916985394,5518,0.6239728
BLURUSDT,BUY,LIMIT,1700916986452,1000,0.6229759
BLURUSDT,SELL,LIMIT,1700917194038,389,0.6013949
BLURUSDT,BUY,LIMIT,1700917257212,24,0.6221891
BLURUSDT,BUY,LIMIT,1700917268122,951,0.6233223
BLURUSDT,BUY,LIMIT,1700917269377,459,0.6243750
BLURUSDT,BUY,LIMIT,1700917270696,634,0.6246310
BLURUSDT,BUY,LIMIT,1700917272146,125,0.6249195
BLURUSDT,BUY,LIMIT,1700917283424,435,0.6255613
BLURUSDT,BUY,LIMIT,1700917284429,87,0.6255553
BLURUSDT,BUY,LIMIT,1700917285431,69,0.6263806
BLURUSDT,BUY,LIMIT,1700917287069,429,0.6281521
BLURUSDT,BUY,LIMIT,1700917292078,182,0.6281593
BLURUSDT,BUY,LIMIT,1700917296645,5748,0.6286705
BLURUSDT,BUY,LIMIT,1700917297904,619,0.6292426
BLURUSDT,BUY,LIMIT,1700917299787,4709,0.6299631
BLURUSDT,BUY,LIMIT,1700917301093,136,0.6300720
BLURUSDT,SELL,LIMIT,1700917359975,462,0.6064300
BLURUSDT,SELL,LIMIT,1700917364420,4423,0.6054018
BLURUSDT,SELL,LIMIT,1700917365941,610,0.6053218
BLURUSDT,SELL,LIMIT,1700917466161,170,0.6051015
BLURUSDT,SELL,LIMIT,1700917586878,65,0.6037761
BLURUSDT,SELL,LIMIT,1700917590695,543,0.6031339
BLURUSDT,SELL,LIMIT,1700917633383,9,0.6028906
BLURUSDT,BUY,LIMIT,1700917749123,10,0.6238320
BLURUSDT,SELL,LIMIT,1700917856123,57,0.6020115
BLURUSDT,SELL,LIMIT,1700917857370,219,0.6019606
BLURUSDT,SELL,LIMIT,1700917858391,48,0.6017797
BLURUSDT,SELL,LIMIT,1700917863717,1198,0.6002525
BLURUSDT,SELL,LIMIT,1700917864941,277,0.5998700
BLURUSDT,SELL,LIMIT,1700917873104,2109,0.5993046
BLURUSDT,SELL,LIMIT,1700917935123,76,0.5992089
BLURUSDT,SELL,LIMIT,1700917990673,4576,0.5979617
BLURUSDT,SELL,LIMIT,1700918230863,164,0.5974433
BLURUSDT,SELL,LIMIT,1700918232573,2238,0.5967554
BLURUSDT,SELL,LIMIT,1700918279191,67,0.5951498
BLURUSDT,SELL,LIMIT,1700918301440,237,0.5944816
BLURUSDT,SELL,LIMIT,1700918306487,2914,0.5942948
BLURUSDT,SELL,LIMIT,1700918309109,15,0.5931793
BLURUSDT,SELL,LIMIT,1700918321266,43,0.5930211
BLURUSDT,SELL,LIMIT,1700918322321,17,0.5920762
BLURUSDT,BUY,LIMIT,1700918796431,167,0.6147354
BLURUSDT,BUY,LIMIT,1700918798519,329,0.6154543
BLURUSDT,BUY,LIMIT,1700918806825,4557,0.6154355
BLURUSDT,BUY,LIMIT,1700918808379,1679,0.6161450
BLURUSDT,BUY,LIMIT,1700918831862,24,0.6165885
BLURUSDT,BUY,LIMIT,1700918874254,9,0.6167465
BLURUSDT,BUY,LIMIT,1700918920369,991,0.6171727
BLURUSDT,BUY,LIMIT,1700919076257,891,0.6184067
BLURUSDT,BUY,LIMIT,1700919083560,131,0.6202806
BLURUSDT,SELL,LIMIT,1700919218297,5070,0.5992235
BLURUSDT,BUY,LIMIT,1700919263401,8223,0.6198860
BLURUSDT,BUY,LIMIT,1700919474128,625,0.6214872
BLURUSDT,BUY,LIMIT,1700919485894,48,0.6224859
BLURUSDT,BUY,LIMIT,1700919498306,250,0.6228088
BLURUSDT,BUY,LIMIT,1700919500911,263,0.6229129
BLURUSDT,BUY,LIMIT,1700919540431,8195,0.6259233
BLURUSDT,SELL,LIMIT,1700919755061,418,0.6044596
BLURUSDT,SELL,LIMIT,1700919809304,3009,0.6034959
BLURUSDT,SELL,LIMIT,1700919827614,203,0.6024048
BLURUSDT,BUY,LIMIT,1700919895578,57,0.6205710
BLURUSDT,BUY,LIMIT,1700920094294,6117,0.6240413
BLURUSDT,BUY,LIMIT,1700920096184,411,0.6241176
BLURUSDT,SELL,LIMIT,1700920263971,250,0.6009617
BLURUSDT,SELL,LIMIT,1700920296882,3007,0.5995885
BLURUSDT,SELL,LIMIT,1700920301519,90,0.5985103
BLURUSDT,SELL,LIMIT,1700920558381,70,0.5982497
BLURUSDT,BUY,LIMIT,1700920780253,1017,0.6190484
BLURUSDT,BUY,LIMIT,1700920808503,436,0.6203133
BLURUSDT,BUY,LIMIT,1700920811330,690,0.6210774
BLURUSDT,BUY,LIMIT,1700920816696,53,0.6219977
BLURUSDT,SELL,LIMIT,1700921517238,128,0.5978241
BLURUSDT,SELL,LIMIT,1700921528632,12,0.5970174
BLURUSDT,SELL,LIMIT,1700921535250,1642,0.5968181
BLURUSDT,BUY,LIMIT,1700921669181,71,0.6182248
BLURUSDT,BUY,LIMIT,1700922315297,98,0.6185289
BLURUSDT,BUY,LIMIT,1700922317236,17,0.6189365
BLURUSDT,BUY,LIMIT,1700922327083,329,0.6199469
BLURUSDT,BUY,LIMIT,1700922330090,383,0.6200599
BLURUSDT,BUY,LIMIT,1700922332830,713,0.6206716
BLURUSDT,BUY,LIMIT,1700922335077,67,0.6213852
BLURUSDT,BUY,LIMIT,1700922645573,334,0.6220780
BLURUSDT,SELL,LIMIT,1700923364635,40,0.6000948
BLURUSDT,SELL,LIMIT,1700923375309,691,0.6000058
BLURUSDT,SELL,LIMIT,1700923377691,48,0.5997350
BLURUSDT,SELL,LIMIT,1700923663942,66,0.5995584
BLURUSDT,SELL,LIMIT,1700923682247,73,0.5986237
BLURUSDT,BUY,LIMIT,1700923985773,4276,0.6199076
BLURUSDT,SELL,LIMIT,1700924450160,115,0.5982016
BLURUSDT,BUY,LIMIT,1700924636712,4123,0.6190187
BLURUSDT,BUY,LIMIT,1700924731171,690,0.6200523
BLURUSDT,BUY,LIMIT,1700924735398,234,0.6202638
BLURUSDT,BUY,LIMIT,1700924739566,1206,0.6204618
BLURUSDT,BUY,LIMIT,1700924747917,44,0.6209074
BLURUSDT,BUY,LIMIT,1700924822627,51,0.6218154
BLURUSDT,SELL,LIMIT,1700925404404,1733,0.5999771
BLURUSDT,SELL,LIMIT,1700925432214,707,0.5995661
BLURUSDT,SELL,LIMIT,1700925434888,6515,0.5993923
BLURUSDT,SELL,LIMIT,1700925438110,8153,0.5992615
BLURUSDT,SELL,LIMIT,1700925440874,898,0.5989445
BLURUSDT,SELL,LIMIT,1700925461221,30,0.5983724
BLURUSDT,BUY,LIMIT,1700925967584,5239,0.6221778
BLURUSDT,BUY,LIMIT,1700925971148,9,0.6223028
BLURUSDT,BUY,LIMIT,1700925979881,22,0.6226470
BLURUSDT,BUY,LIMIT,1700925981259,2805,0.6226929
BLURUSDT,BUY,LIMIT,1700925987494,16,0.6229550
BLURUSDT,BUY,LIMIT,1700925992513,873,0.6234324
BLURUSDT,BUY,LIMIT,1700926085378,1745,0.6224176
BLURUSDT,BUY,LIMIT,1700926197642,140,0.6243418
BLURUSDT,BUY,LIMIT,1700926255461,244,0.6253998
BLURUSDT,BUY,LIMIT,1700926256509,2445,0.6254433
BLURUSDT,BUY,LIMIT,1700926268306,37,0.6273960
BLURUSDT,BUY,LIMIT,1700926281056,400,0.6282564
BLURUSDT,BUY,LIMIT,1700926291896,24,0.6286786
BLURUSDT,BUY,LIMIT,1700926294047,216,0.6295346
BLURUSDT,BUY,LIMIT,1700926295322,1460,0.6294254
BLURUSDT,BUY,LIMIT,1700926299170,103,0.6296937
BLURUSDT,SELL,LIMIT,1700926477868,740,0.6049448
BLURUSDT,SELL,LIMIT,1700926482676,7394,0.6040705
BLURUSDT,SELL,LIMIT,1700926488423,1224,0.6027135
BLURUSDT,SELL,LIMIT,1700926886295,1154,0.6026406
BLURUSDT,SELL,LIMIT,1700927261875,545,0.6019336
BLURUSDT,SELL,LIMIT,1700927431157,523,0.6010352
BLURUSDT,SELL,LIMIT,1700927432199,7341,0.6007184
BLURUSDT,SELL,LIMIT,1700927448930,433,0.6003521
BLURUSDT,SELL,LIMIT,1700927453659,1628,0.5999719
BLURUSDT,BUY,LIMIT,1700928106148,8231,0.6224921
BLURUSDT,BUY,LIMIT,1700928116763,113,0.6230978
BLURUSDT,BUY,LIMIT,1700928135405,41,0.6233734
BLURUSDT,BUY,LIMIT,1700928323345,77,0.6248331
BLURUSDT,SELL,LIMIT,1700928760468,1625,0.6023986
BLURUSDT,SELL,LIMIT,1700929110048,566,0.6015378
BLURUSDT,BUY,LIMIT,1700929519295,6336,0.6216556
BLURUSDT,BUY,LIMIT,1700930170122,817,0.6232203
BLURUSDT,BUY,LIMIT,1700930191364,134,0.6234804
BLURUSDT,BUY,LIMIT,1700930200315,3267,0.6241176
BLURUSDT,BUY,LIMIT,1700930203756,3186,0.6249023
BLURUSDT,SELL,LIMIT,1700930481336,1622,0.6028073
BLURUSDT,BUY,LIMIT,1700931020258,2214,0.6237211
BLURUSDT,BUY,LIMIT,1700931199908,1098,0.6243226
BLURUSDT,BUY,LIMIT,1700931738508,1072,0.6230631
BLURUSDT,BUY,LIMIT,1700932014362,1947,0.6231941
BLURUSDT,SELL,LIMIT,1700932371927,1623,0.6028231
BLURUSDT,SELL,LIMIT,1700932434913,975,0.6018691
BLURUSDT,BUY,LIMIT,1700932508894,209,0.6243497
BLURUSDT,SELL,LIMIT,1700932572948,1800,0.6029563
BLURUSDT,SELL,LIMIT,1700932616429,20,0.6006723
BLURUSDT,SELL,LIMIT,1700932623477,4076,0.6002546
BLURUSDT,SELL,LIMIT,1700932794927,2054,0.5995005
BLURUSDT,SELL,LIMIT,1700932796640,8105,0.5994603
BLURUSDT,SELL,LIMIT,1700932798269,163,0.5981527
BLURUSDT,SELL,LIMIT,1700932801202,421,0.5980165
BLURUSDT,BUY,LIMIT,1700933031259,1269,0.6180500
BLURUSDT,SELL,LIMIT,1700933148049,6559,0.5972623
BLURUSDT,SELL,LIMIT,1700933149425,7739,0.5971933
BLURUSDT,SELL,LIMIT,1700933335321,7704,0.5967648
BLURUSDT,SELL,LIMIT,1700933339358,819,0.5962967
BLURUSDT,SELL,LIMIT,1700933344318,332,0.5955907
BLURUSDT,BUY,LIMIT,1700933431645,2,0.6144140
BLURUSDT,SELL,LIMIT,1700933586220,255,0.5956296
BLURUSDT,BUY,LIMIT,1700934444147,825,0.6180938
BLURUSDT,SELL,LIMIT,1700934568294,7084,0.5963657
BLURUSDT,SELL,LIMIT,1700934607165,773,0.5953636
BLURUSDT,SELL,LIMIT,1700934608465,811,0.5946429
BLURUSDT,SELL,LIMIT,1700934609691,1185,0.5936069
BLURUSDT,SELL,LIMIT,1700934761427,195,0.5926305
BLURUSDT,SELL,LIMIT,1700934764579,267,0.5920647
BLURUSDT,SELL,LIMIT,1700934766113,7639,0.5917296
BLURUSDT,SELL,LIMIT,1700934767120,324,0.5895572
BLURUSDT,SELL,LIMIT,1700934768182,68,0.5879437
BLURUSDT,SELL,LIMIT,1700934769192,992,0.5872478
BLURUSDT,SELL,LIMIT,1700934770213,55,0.5875191
BLURUSDT,SELL,LIMIT,1700934787664,108,0.5871931
BLURUSDT,SELL,LIMIT,1700934788728,3080,0.5870114
BLURUSDT,SELL,LIMIT,1700934790165,1613,0.5867148
BLURUSDT,SELL,LIMIT,1700934791314,454,0.5866927
BLURUSDT,SELL,LIMIT,1700934792910,69,0.5864231
BLURUSDT,SELL,LIMIT,1700934799275,809,0.5863776
BLURUSDT,SELL,LIMIT,1700934800611,4923,0.5863557
BLURUSDT,SELL,LIMIT,1700934801739,4124,0.5861264
BLURUSDT,SELL,LIMIT,1700934802903,1071,0.5855412
BLURUSDT,SELL,LIMIT,1700934805338,99,0.5846911
BLURUSDT,SELL,LIMIT,1700934806345,7966,0.5844089
BLURUSDT,SELL,LIMIT,1700934938819,300,0.5845093
BLURUSDT,SELL,LIMIT,1700934951304,350,0.5841908
BLURUSDT,SELL,LIMIT,1700934952422,160,0.5834229
BLURUSDT,SELL,LIMIT,1700934956114,651,0.5833296
BLURUSDT,SELL,LIMIT,1700934957144,812,0.5832739
BLURUSDT,BUY,LIMIT,1700935293737,210,0.6052707
BLURUSDT,BUY,LIMIT,1700935480336,428,0.6072229
BLURUSDT,BUY,LIMIT,1700935509338,6710,0.6078008
BLURUSDT,BUY,LIMIT,1700937256486,1041,0.6020640
BLURUSDT,BUY,LIMIT,1700937911165,1025,0.6091443
BLURUSDT,BUY,LIMIT,1700938204043,85,0.6108980
BLURUSDT,BUY,LIMIT,1700938205113,14,0.6109583
BLURUSDT,BUY,LIMIT,1700938749540,564,0.6133625
BLURUSDT,BUY,LIMIT,1700938752326,256,0.6142964
BLURUSDT,BUY,LIMIT,1700938766807,427,0.6152421
BLURUSDT,BUY,LIMIT,1700938767920,21396,0.6173784
BLURUSDT,BUY,LIMIT,1700939099206,3428,0.6170949
BLURUSDT,BUY,LIMIT,1700939107108,8351,0.6182913
BLURUSDT,BUY,LIMIT,1700939138952,1370,0.6195885
BLURUSDT,BUY,LIMIT,1700939140872,122,0.6202074
BLURUSDT,BUY,LIMIT,1700939142474,2500,0.6208912
BLURUSDT,BUY,LIMIT,1700939302580,571,0.6220035
BLURUSDT,BUY,LIMIT,1700939304954,414,0.6232322
BLURUSDT,BUY,LIMIT,1700939386886,616,0.6234959
BLURUSDT,SELL,LIMIT,1700939649775,11,0.6020348
BLURUSDT,SELL,LIMIT,1700940216391,511,0.6006025
BLURUSDT,SELL,LIMIT,1700940218247,97,0.5999889
