Symbol,Side,Order Type,Time,Quantity,Price
BLURUSDT,SELL,LIMIT,1701917189164,400,0.4892125
BLURUSDT,SELL,LIMIT,1701918290436,95,0.4850179
BLURUSDT,SELL,LIMIT,1701918416795,62,0.4844470
BLURUSDT,SELL,LIMIT,1701918497204,35,0.4833891
BLURUSDT,SELL,LIMIT,1701918502445,253,0.4832731
BLURUSDT,SELL,LIMIT,1701918504094,95,0.4825971
BLURUSDT,SELL,LIMIT,1701918505117,93,0.4819692
BLURUSDT,SELL,LIMIT,1701918506826,194,0.4804883
BLURUSDT,SELL,LIMIT,1701918532813,201,0.4804813
BLURUSDT,SELL,LIMIT,1701918535463,1186,0.4802782
BLURUSDT,SELL,LIMIT,1701918541113,3000,0.4797596
BLURUSDT,SELL,LIMIT,1701918542183,984,0.4798098
BLURUSDT,SELL,LIMIT,1701918556524,81,0.4796616
BLURUSDT,SELL,LIMIT,1701918569524,36,0.4795624
BLURUSDT,SELL,LIMIT,1701918647460,55,0.4797212
BLURUSDT,SELL,LIMIT,1701918651498,800,0.4793373
BLURUSDT,SELL,LIMIT,1701918653198,192,0.4792149
BLURUSDT,BUY,LIMIT,1701922077176,286,0.5011737
BLURUSDT,BUY,LIMIT,1701923623071,40,0.5005431
BLURUSDT,BUY,LIMIT,1701923672213,1126,0.5029079
BLURUSDT,BUY,LIMIT,1701923754750,10121,0.5039828
BLURUSDT,BUY,LIMIT,1701923850277,795,0.5048137
BLURUSDT,SELL,LIMIT,1701925046244,19,0.4884404
BLURUSDT,SELL,LIMIT,1701925130577,32,0.4875822
BLURUSDT,SELL,LIMIT,1701928296509,50,0.4864734
BLURUSDT,SELL,LIMIT,1701929073379,876,0.4851407
BLURUSDT,SELL,LIMIT,1701929147045,1963,0.4846824
BLURUSDT,SELL,LIMIT,1701929195556,141,0.4834876
BLURUSDT,SELL,LIMIT,1701929863385,84,0.4872250
BLURUSDT,SELL,LIMIT,1701931548758,7503,0.4824543
BLURUSDT,SELL,LIMIT,1701931586505,4779,0.4816082
BLURUSDT,SELL,LIMIT,1701931829246,98,0.4814681
BLURUSDT,SELL,LIMIT,1701933285250,503,0.4798715
BLURUSDT,SELL,LIMIT,1701934417307,10199,0.4791294
BLURUSDT,SELL,LIMIT,1701934423257,2813,0.4789875
BLURUSDT,SELL,LIMIT,1701934456211,2821,0.4788920
BLURUSDT,SELL,LIMIT,1701934460838,1662,0.4788094
BLURUSDT,SELL,LIMIT,1701934468136,378,0.4786577
BLURUSDT,SELL,LIMIT,1701934510385,98,0.4786083
BLURUSDT,SELL,LIMIT,1701935927231,509,0.4784618
BLURUSDT,BUY,LIMIT,1701936368604,1878,0.4957598
BLURUSDT,SELL,LIMIT,1701936855595,424,0.4795540
BLURUSDT,SELL,LIMIT,1701936912951,383,0.4782068
BLURUSDT,SELL,LIMIT,1701936914414,70,0.4779794
BLURUSDT,SELL,LIMIT,1701936915678,886,0.4777857
BLURUSDT,SELL,LIMIT,1701936918727,1572,0.4777776
BLURUSDT,SELL,LIMIT,1701936922455,279,0.4776224
BLURUSDT,SELL,LIMIT,1701936923489,7532,0.4774182
BLURUSDT,SELL,LIMIT,1701936924992,17640,0.4761404
BLURUSDT,SELL,LIMIT,1701936936868,8515,0.4770656
BLURUSDT,SELL,LIMIT,1701936943158,130,0.4766932
BLURUSDT,SELL,LIMIT,1701936944883,121,0.4764885
BLURUSDT,SELL,LIMIT,1701936966276,357,0.4763412
BLURUSDT,SELL,LIMIT,1701936973815,8941,0.4761104
BLURUSDT,SELL,LIMIT,1701936977186,1100,0.4760141
BLURUSDT,BUY,LIMIT,1701937094310,21,0.4941105
BLURUSDT,SELL,LIMIT,1701937399017,25,0.4759364
BLURUSDT,SELL,LIMIT,1701937749104,167,0.4758161
BLURUSDT,SELL,LIMIT,1701937760067,26,0.4756858
BLURUSDT,SELL,LIMIT,1701937761713,715,0.4754736
BLURUSDT,SELL,LIMIT,1701937763520,978,0.4753633
BLURUSDT,SELL,LIMIT,1701937820250,186,0.4752089
BLURUSDT,SELL,LIMIT,1701937821294,1845,0.4752196
BLURUSDT,SELL,LIMIT,1701937822743,11409,0.4748554
BLURUSDT,SELL,LIMIT,1701937838711,948,0.4747680
BLURUSDT,SELL,LIMIT,1701937926108,188,0.4754853
BLURUSDT,SELL,LIMIT,1701939091255,483,0.4747543
BLURUSDT,SELL,LIMIT,1701939112482,10000,0.4744871
BLURUSDT,SELL,LIMIT,1701939114118,86,0.4744644
BLURUSDT,SELL,LIMIT,1701939131425,6007,0.4742110
BLURUSDT,SELL,LIMIT,1701939339314,1968,0.4740939
BLURUSDT,SELL,LIMIT,1701939342807,360,0.4739909
BLURUSDT,SELL,LIMIT,1701939344527,252,0.4739228
BLURUSDT,SELL,LIMIT,1701939347373,4631,0.4737380
BLURUSDT,SELL,LIMIT,1701939358331,1712,0.4736998
BLURUSDT,SELL,LIMIT,1701939377678,1898,0.4735320
BLURUSDT,SELL,LIMIT,1701939397197,133,0.4734098
BLURUSDT,SELL,LIMIT,1701939402074,352,0.4734275
BLURUSDT,SELL,LIMIT,1701939472483,1235,0.4731533
BLURUSDT,SELL,LIMIT,1701939474458,300,0.4731643
BLURUSDT,SELL,LIMIT,1701939568987,528,0.4731472
BLURUSDT,SELL,LIMIT,1701939572195,472,0.4730440
BLURUSDT,SELL,LIMIT,1701939846941,355,0.4734896
BLURUSDT,SELL,LIMIT,1701939956072,205,0.4729040
BLURUSDT,SELL,LIMIT,1701939957319,37,0.4726314
BLURUSDT,SELL,LIMIT,1701939959551,987,0.4721321
BLURUSDT,SELL,LIMIT,1701939960687,18255,0.4710272
BLURUSDT,SELL,LIMIT,1701939966929,300,0.4719370
BLURUSDT,SELL,LIMIT,1701939974064,4320,0.4717237
BLURUSDT,SELL,LIMIT,1701939976050,85,0.4715671
BLURUSDT,SELL,LIMIT,1701939977166,324,0.4714683
BLURUSDT,SELL,LIMIT,1701939978176,130,0.4708465
BLURUSDT,SELL,LIMIT,1701939991123,10000,0.4707471
BLURUSDT,SELL,LIMIT,1701939993805,457,0.4706785
BLURUSDT,SELL,LIMIT,1701939994938,2295,0.4705006
BLURUSDT,SELL,LIMIT,1701939999129,204,0.4703801
BLURUSDT,SELL,LIMIT,1701940000794,28,0.4703126
BLURUSDT,SELL,LIMIT,1701940004371,263,0.4703077
BLURUSDT,SELL,LIMIT,1701940009119,26,0.4702077
BLURUSDT,SELL,LIMIT,1701940012175,13115,0.4694469
BLURUSDT,SELL,LIMIT,1701940015221,517,0.4697746
BLURUSDT,SELL,LIMIT,1701940023166,33422,0.4679823
BLURUSDT,SELL,LIMIT,1701940024212,4787,0.4696309
BLURUSDT,SELL,LIMIT,1701940516310,118,0.4696183
BLURUSDT,SELL,LIMIT,1701940520727,6702,0.4695406
BLURUSDT,SELL,LIMIT,1701940522866,7683,0.4692118
BLURUSDT,SELL,LIMIT,1701940524505,274,0.4691771
BLURUSDT,SELL,LIMIT,1701940533333,458,0.4690214
BLURUSDT,SELL,LIMIT,1701940539803,3125,0.4687713
BLURUSDT,SELL,LIMIT,1701940551638,2713,0.4685869
BLURUSDT,SELL,LIMIT,1701940554091,17,0.4685323
BLURUSDT,SELL,LIMIT,1701940555227,105,0.4683971
BLURUSDT,SELL,LIMIT,1701940556369,1294,0.4684551
BLURUSDT,SELL,LIMIT,1701940558114,1650,0.4680194
BLURUSDT,SELL,LIMIT,1701940561232,30,0.4679170
BLURUSDT,SELL,LIMIT,1701940562358,100,0.4679599
BLURUSDT,SELL,LIMIT,1701940563767,384,0.4675811
BLURUSDT,SELL,LIMIT,1701940564852,3295,0.4675194
BLURUSDT,SELL,LIMIT,1701940566665,35,0.4672724
BLURUSDT,SELL,LIMIT,1701940568598,15901,0.4661923
BLURUSDT,SELL,LIMIT,1701940570387,5839,0.4669027
BLURUSDT,SELL,LIMIT,1701941048455,1957,0.4671588
BLURUSDT,SELL,LIMIT,1701941070303,920,0.4668154
BLURUSDT,SELL,LIMIT,1701941072123,346,0.4665171
BLURUSDT,SELL,LIMIT,1701941073578,821,0.4665037
BLURUSDT,SELL,LIMIT,1701941111433,84,0.4666208
BLURUSDT,SELL,LIMIT,1701941146709,10,0.4665676
BLURUSDT,SELL,LIMIT,1701941151143,10,0.4660728
BLURUSDT,SELL,LIMIT,1701941153171,15,0.4659598
BLURUSDT,SELL,LIMIT,1701941154291,261,0.4658786
BLURUSDT,SELL,LIMIT,1701941166854,18435,0.4646093
BLURUSDT,SELL,LIMIT,1701941173368,940,0.4653776
BLURUSDT,BUY,LIMIT,1701941174582,281,0.4768646
BLURUSDT,SELL,LIMIT,1701941176063,282,0.4649997
BLURUSDT,SELL,LIMIT,1701941177477,1051,0.4648556
BLURUSDT,SELL,LIMIT,1701941179307,648,0.4650847
BLURUSDT,SELL,LIMIT,1701941180451,352,0.4644407
BLURUSDT,SELL,LIMIT,1701941183101,704,0.4643150
BLURUSDT,SELL,LIMIT,1701941184353,344,0.4642619
BLURUSDT,SELL,LIMIT,1701941186251,88,0.4641200
BLURUSDT,SELL,LIMIT,1701941187329,734,0.4639988
BLURUSDT,SELL,LIMIT,1701941188463,50,0.4640214
BLURUSDT,SELL,LIMIT,1701941190075,409,0.4639364
BLURUSDT,SELL,LIMIT,1701941192236,2313,0.4637099
BLURUSDT,SELL,LIMIT,1701941193326,64000,0.4613120
BLURUSDT,SELL,LIMIT,1701941195271,8223,0.4636705
BLURUSDT,SELL,LIMIT,1701941208202,54,0.4653145
BLURUSDT,SELL,LIMIT,1701941225670,5000,0.4636991
BLURUSDT,SELL,LIMIT,1701941233088,11484,0.4633730
BLURUSDT,SELL,LIMIT,1701941235518,84,0.4630436
BLURUSDT,SELL,LIMIT,1701941236534,2372,0.4632188
BLURUSDT,SELL,LIMIT,1701941237560,27893,0.4617382
BLURUSDT,SELL,LIMIT,1701941241442,528,0.4626888
BLURUSDT,SELL,LIMIT,1701941243153,459,0.4626110
BLURUSDT,SELL,LIMIT,1701941244335,345,0.4625202
BLURUSDT,SELL,LIMIT,1701941245646,7127,0.4621719
BLURUSDT,SELL,LIMIT,1701941246712,1227,0.4619664
BLURUSDT,SELL,LIMIT,1701941248171,530,0.4612885
BLURUSDT,SELL,LIMIT,1701941249194,1418,0.4612201
BLURUSDT,SELL,LIMIT,1701941254979,72,0.4607611
BLURUSDT,SELL,LIMIT,1701941256145,32194,0.4584604
BLURUSDT,SELL,LIMIT,1701941257156,466,0.4599954
BLURUSDT,BUY,LIMIT,1701941259070,295,0.4749284
BLURUSDT,BUY,LIMIT,1701941696963,1620,0.4833449
BLURUSDT,BUY,LIMIT,1701941767932,1,0.4841851
BLURUSDT,BUY,LIMIT,1701942104528,1061,0.4785220
BLURUSDT,BUY,LIMIT,1701942408275,2118,0.4849178
BLURUSDT,SELL,LIMIT,1701943620195,5234,0.4681437
BLURUSDT,SELL,LIMIT,1701944367767,1476,0.4675506
BLURUSDT,BUY,LIMIT,1701945233062,269,0.4859648
BLURUSDT,SELL,LIMIT,1701945492358,388,0.4718639
BLURUSDT,SELL,LIMIT,1701946874861,19,0.4696799
BLURUSDT,BUY,LIMIT,1701951324769,419,0.4868287
BLURUSDT,SELL,LIMIT,1701951570140,7186,0.4708362
BLURUSDT,BUY,LIMIT,1701952288236,4485,0.4858033
BLURUSDT,BUY,LIMIT,1701952917146,438,0.4883165
BLURUSDT,BUY,LIMIT,1701952937092,10434,0.4885839
BLURUSDT,BUY,LIMIT,1701953057776,8456,0.4913487
BLURUSDT,SELL,LIMIT,1701954658980,1370,0.4722042
BLURUSDT,SELL,LIMIT,1701958695831,202,0.4738209
BLURUSDT,BUY,LIMIT,1701959254830,12,0.4897020
BLURUSDT,SELL,LIMIT,1701959861957,504,0.4771689
BLURUSDT,BUY,LIMIT,1701961248507,17,0.4928771
BLURUSDT,BUY,LIMIT,1701961321155,10425,0.4940749
BLURUSDT,BUY,LIMIT,1701961329099,2124,0.4941669
BLURUSDT,BUY,LIMIT,1701962196210,288,0.4983163
BLURUSDT,BUY,LIMIT,1701962791661,882,0.4978330
BLURUSDT,BUY,LIMIT,1701962807330,2550,0.4990617
BLURUSDT,BUY,LIMIT,1701962810139,203,0.4993521
BLURUSDT,BUY,LIMIT,1701962812475,80,0.4997048
BLURUSDT,SELL,LIMIT,1701962843976,421,0.4864480
BLURUSDT,BUY,LIMIT,1701962857466,73,0.5014893
BLURUSDT,BUY,LIMIT,1701963128396,3025,0.5032439
BLURUSDT,BUY,LIMIT,1701963165418,75,0.5038339
BLURUSDT,BUY,LIMIT,1701963288045,12,0.5050873
BLURUSDT,BUY,LIMIT,1701963295310,218,0.5053714
BLURUSDT,BUY,LIMIT,1701963299545,34,0.5059622
BLURUSDT,BUY,LIMIT,1701963308363,64,0.5063159
BLURUSDT,BUY,LIMIT,1701963379782,30,0.5074427
BLURUSDT,BUY,LIMIT,1701963473441,458,0.5078530
BLURUSDT,BUY,LIMIT,1701963474527,2000,0.5085471
BLURUSDT,SELL,LIMIT,1701963968285,2333,0.4896094
BLURUSDT,SELL,LIMIT,1701964516384,345,0.4844708
BLURUSDT,SELL,LIMIT,1701964562320,2545,0.4845969
BLURUSDT,SELL,LIMIT,1701964876778,32,0.4816198
BLURUSDT,SELL,LIMIT,1701964918358,555,0.4806181
BLURUSDT,BUY,LIMIT,1701965901459,80,0.5018273
BLURUSDT,BUY,LIMIT,1701966130087,18,0.5032846
BLURUSDT,SELL,LIMIT,1701966564514,5023,0.4877300
BLURUSDT,SELL,LIMIT,1701967329349,3623,0.4856059
BLURUSDT,SELL,LIMIT,1701967345297,774,0.4850031
BLURUSDT,SELL,LIMIT,1701967610947,5638,0.4839602
BLURUSDT,BUY,LIMIT,1701967840353,380,0.5009519
BLURUSDT,SELL,LIMIT,1701968681197,344,0.4832387
BLURUSDT,SELL,LIMIT,1701974057296,10570,0.4899746
BLURUSDT,SELL,LIMIT,1701974186064,100,0.4859006
BLURUSDT,SELL,LIMIT,1701974307300,13,0.4846431
BLURUSDT,SELL,LIMIT,1701976835761,11,0.4835582
BLURUSDT,SELL,LIMIT,1701976842903,451,0.4829447
BLURUSDT,SELL,LIMIT,1701976867129,8725,0.4827969
BLURUSDT,SELL,LIMIT,1701976947246,334,0.4825898
BLURUSDT,SELL,LIMIT,1701977104658,905,0.4822561
BLURUSDT,SELL,LIMIT,1701977270000,1013,0.4814453
BLURUSDT,SELL,LIMIT,1701977282862,24,0.4810158
BLURUSDT,SELL,LIMIT,1701977298069,5102,0.4803199
BLURUSDT,SELL,LIMIT,1701977299172,130,0.4799242
BLURUSDT,SELL,LIMIT,1701978209895,142,0.4796644
BLURUSDT,BUY,LIMIT,1701979838660,5463,0.4990431
BLURUSDT,BUY,LIMIT,1701979870393,2356,0.4992938
BLURUSDT,SELL,LIMIT,1701981623773,7402,0.4824546
BLURUSDT,BUY,LIMIT,1701981831139,831,0.4991770
BLURUSDT,BUY,LIMIT,1701983872462,36,0.5040236
BLURUSDT,BUY,LIMIT,1701983891416,10193,0.5021538
BLURUSDT,BUY,LIMIT,1701983918478,102,0.5057579
BLURUSDT,SELL,LIMIT,1701984758339,200,0.4909241
BLURUSDT,SELL,LIMIT,1701985574102,100,0.4918715
BLURUSDT,SELL,LIMIT,1701987755069,144,0.4908097
BLURUSDT,SELL,LIMIT,1701988553647,495,0.4861469
BLURUSDT,BUY,LIMIT,1701988709545,2045,0.5021023
BLURUSDT,SELL,LIMIT,1701990779451,10084,0.4880272
BLURUSDT,SELL,LIMIT,1701991191944,880,0.4880676
BLURUSDT,BUY,LIMIT,1701992846493,11,0.5104377
BLURUSDT,BUY,LIMIT,1701992848370,85,0.5106198
BLURUSDT,BUY,LIMIT,1701993637052,104,0.5123326
BLURUSDT,BUY,LIMIT,1701993644082,819,0.5123858
BLURUSDT,BUY,LIMIT,1701993645392,114,0.5125151
BLURUSDT,BUY,LIMIT,1701993751405,20480,0.5160212
BLURUSDT,BUY,LIMIT,1701993759804,151,0.5147419
BLURUSDT,BUY,LIMIT,1701994052263,43,0.5149805
BLURUSDT,SELL,LIMIT,1701996072898,9947,0.4921906
BLURUSDT,SELL,LIMIT,1701997265843,1143,0.4887907
BLURUSDT,SELL,LIMIT,1701997296713,19,0.4885160
BLURUSDT,SELL,LIMIT,1701997435097,5285,0.4875929
BLURUSDT,SELL,LIMIT,1701997701284,5895,0.4854509
BLURUSDT,SELL,LIMIT,1701997702911,484,0.4851852
BLURUSDT,SELL,LIMIT,1701997748504,471,0.4846709
BLURUSDT,SELL,LIMIT,1701997761373,67,0.4844130
BLURUSDT,SELL,LIMIT,1701998498183,536,0.4873952
BLURUSDT,SELL,LIMIT,1702001501513,4474,0.4884130
BLURUSDT,SELL,LIMIT,1702001578986,747,0.4878364
BLURUSDT,SELL,LIMIT,1702002241189,323,0.4893193
BLURUSDT,SELL,LIMIT,1702002729237,323,0.4880660
BLURUSDT,SELL,LIMIT,1702002738085,323,0.4881779
BLURUSDT,SELL,LIMIT,1702002817154,6158,0.4870670
BLURUSDT,SELL,LIMIT,1702002871745,100,0.4891655
BLURUSDT,SELL,LIMIT,1702003257172,1613,0.4864250
BLURUSDT,SELL,LIMIT,1702003268456,323,0.4859264
BLURUSDT,SELL,LIMIT,1702003577549,54,0.4865065
BLURUSDT,SELL,LIMIT,1702003653423,8133,0.4939720
BLURUSDT,SELL,LIMIT,1702003655787,646,0.4870862
BLURUSDT,SELL,LIMIT,1702003661288,504,0.4858151
BLURUSDT,SELL,LIMIT,1702003674970,2955,0.4858548
BLURUSDT,BUY,LIMIT,1702005418791,4299,0.5055718
BLURUSDT,BUY,LIMIT,1702005573175,138,0.5069973
BLURUSDT,BUY,LIMIT,1702005630176,1880,0.5096231
BLURUSDT,BUY,LIMIT,1702005753966,6196,0.5149559
BLURUSDT,BUY,LIMIT,1702007154541,57,0.5106092
BLURUSDT,SELL,LIMIT,1702008273536,466,0.4917993
BLURUSDT,SELL,LIMIT,1702008356450,3110,0.4910776
BLURUSDT,SELL,LIMIT,1702009488312,69,0.5139916
BLURUSDT,SELL,LIMIT,1702013677096,1000,0.4908033
BLURUSDT,SELL,LIMIT,1702017077340,5820,0.4932664
BLURUSDT,SELL,LIMIT,1702017648272,12,0.4916685
BLURUSDT,BUY,LIMIT,1702019048227,12527,0.5073923
BLURUSDT,SELL,LIMIT,1702020082171,11,0.4887042
BLURUSDT,SELL,LIMIT,1702020191395,1807,0.4878385
BLURUSDT,SELL,LIMIT,1702020193252,100,0.4876496
BLURUSDT,SELL,LIMIT,1702020196350,1817,0.4874876
BLURUSDT,SELL,LIMIT,1702020223038,10067,0.4869992
BLURUSDT,SELL,LIMIT,1702020458427,5297,0.4866249
BLURUSDT,SELL,LIMIT,1702020670388,13754,0.4834724
BLURUSDT,BUY,LIMIT,1702021625521,10131,0.5030246
BLURUSDT,SELL,LIMIT,1702022501144,282,0.4856406
BLURUSDT,BUY,LIMIT,1702027386183,1644,0.5049568
BLURUSDT,BUY,LIMIT,1702027721046,287,0.5075234
BLURUSDT,BUY,LIMIT,1702027722978,79,0.5077886
BLURUSDT,SELL,LIMIT,1702029062085,392,0.4914434
BLURUSDT,BUY,LIMIT,1702029699017,168,0.5055591
BLURUSDT,BUY,LIMIT,1702029850839,29,0.5067934
BLURUSDT,SELL,LIMIT,1702030058534,74,0.4925268
BLURUSDT,SELL,LIMIT,1702032588341,9,0.4934851
BLURUSDT,BUY,LIMIT,1702032790298,728,0.5098064
BLURUSDT,BUY,LIMIT,1702035060813,10141,0.5112099
BLURUSDT,BUY,LIMIT,1702035164996,43,0.5113812
BLURUSDT,BUY,LIMIT,1702035271039,10,0.5106097
BLURUSDT,SELL,LIMIT,1702035511196,373,0.4937120
BLURUSDT,SELL,LIMIT,1702036029338,34,0.4925618
BLURUSDT,SELL,LIMIT,1702036369772,600,0.4920150
BLURUSDT,SELL,LIMIT,1702036947101,489,0.4912511
BLURUSDT,SELL,LIMIT,1702036950058,299,0.4911781
BLURUSDT,SELL,LIMIT,1702037170022,274,0.4904515
BLURUSDT,SELL,LIMIT,1702037297766,763,0.4900931
BLURUSDT,BUY,LIMIT,1702038649125,200,0.5097980
BLURUSDT,BUY,LIMIT,1702038930670,1499,0.5100019
BLURUSDT,SELL,LIMIT,1702040531551,1179,0.4922289
BLURUSDT,SELL,LIMIT,1702040746498,136,0.4913747
BLURUSDT,SELL,LIMIT,1702042236827,10040,0.4900194
BLURUSDT,SELL,LIMIT,1702044410857,23,0.4892829
BLURUSDT,SELL,LIMIT,1702044503511,2625,0.4886519
BLURUSDT,BUY,LIMIT,1702045497396,1249,0.5058152
BLURUSDT,BUY,LIMIT,1702046257656,20,0.5085731
BLURUSDT,BUY,LIMIT,1702047838152,220,0.5117890
BLURUSDT,SELL,LIMIT,1702048641090,1680,0.4955439
BLURUSDT,SELL,LIMIT,1702049374214,7083,0.4934087
BLURUSDT,SELL,LIMIT,1702050119356,107,0.4923500
BLURUSDT,SELL,LIMIT,1702050837204,50,0.4917433
BLURUSDT,SELL,LIMIT,1702050967470,47,0.4909995
BLURUSDT,SELL,LIMIT,1702055030805,401,0.4935663
BLURUSDT,SELL,LIMIT,1702055268077,572,0.4939088
BLURUSDT,SELL,LIMIT,1702055283927,189,0.4920570
BLURUSDT,SELL,LIMIT,1702055483263,41,0.4905693
BLURUSDT,SELL,LIMIT,1702055503000,2495,0.4902517
BLURUSDT,BUY,LIMIT,1702060221699,29,0.5109245
BLURUSDT,BUY,LIMIT,1702064688401,261,0.5132157
BLURUSDT,BUY,LIMIT,1702064699179,173,0.5133673
BLURUSDT,BUY,LIMIT,1702065342167,45,0.5147106
BLURUSDT,BUY,LIMIT,1702065568747,1346,0.5147769
BLURUSDT,BUY,LIMIT,1702066093758,11896,0.5170910
BLURUSDT,BUY,LIMIT,1702067326170,1066,0.5171828
BLURUSDT,BUY,LIMIT,1702067405160,9900,0.5175240
BLURUSDT,BUY,LIMIT,1702068276706,24,0.5190512
BLURUSDT,BUY,LIMIT,1702068295960,15,0.5190733
BLURUSDT,SELL,LIMIT,1702068898067,244,0.5061026
BLURUSDT,BUY,LIMIT,1702069228073,941,0.5193280
BLURUSDT,SELL,LIMIT,1702071852050,16,0.5003922
BLURUSDT,SELL,LIMIT,1702071984153,225,0.5010753
BLURUSDT,SELL,LIMIT,1702072115067,3099,0.4998041
BLURUSDT,SELL,LIMIT,1702072138136,258,0.4995866
BLURUSDT,SELL,LIMIT,1702076274178,409,0.4988573
BLURUSDT,SELL,LIMIT,1702076286138,982,0.4986279
BLURUSDT,BUY,LIMIT,1702078177083,2175,0.5179174
BLURUSDT,SELL,LIMIT,1702078503631,239,0.5044818
BLURUSDT,SELL,LIMIT,1702078604777,25,0.5036306
BLURUSDT,BUY,LIMIT,1702078695082,7892,0.5192038
BLURUSDT,SELL,LIMIT,1702080259089,50,0.5070273
BLURUSDT,BUY,LIMIT,1702080856024,1537,0.5233060
BLURUSDT,BUY,LIMIT,1702080857093,1300,0.5234660
BLURUSDT,BUY,LIMIT,1702080956370,5074,0.5223400
BLURUSDT,SELL,LIMIT,1702081866809,1705,0.5069148
BLURUSDT,BUY,LIMIT,1702082279388,47,0.5240444
BLURUSDT,BUY,LIMIT,1702082330082,115,0.5241965
BLURUSDT,BUY,LIMIT,1702082438239,179,0.5246411
BLURUSDT,BUY,LIMIT,1702082513252,48,0.5249308
BLURUSDT,BUY,LIMIT,1702082630348,42,0.5259482
BLURUSDT,BUY,LIMIT,1702082667492,134,0.5263309
BLURUSDT,SELL,LIMIT,1702084061164,739,0.5035132
BLURUSDT,SELL,LIMIT,1702084092707,1594,0.5014548
BLURUSDT,SELL,LIMIT,1702084210961,35,0.5005192
BLURUSDT,BUY,LIMIT,1702084544333,119,0.5186782
BLURUSDT,BUY,LIMIT,1702089271255,34,0.5232350
BLURUSDT,BUY,LIMIT,1702091266960,118,0.5235515
BLURUSDT,BUY,LIMIT,1702091859062,30,0.5248565
BLURUSDT,SELL,LIMIT,1702093660188,366,0.5072236
BLURUSDT,BUY,LIMIT,1702097543806,314,0.5235642
BLURUSDT,BUY,LIMIT,1702099041040,777,0.5247412
BLURUSDT,BUY,LIMIT,1702102698527,1686,0.5261326
BLURUSDT,BUY,LIMIT,1702102842949,174,0.5264529
BLURUSDT,BUY,LIMIT,1702102845422,759,0.5266441
BLURUSDT,BUY,LIMIT,1702102921604,46,0.5277799
BLURUSDT,BUY,LIMIT,1702103208579,595,0.5291652
BLURUSDT,BUY,LIMIT,1702103566061,483,0.5297288
BLURUSDT,BUY,LIMIT,1702103589144,15662,0.5309204
BLURUSDT,BUY,LIMIT,1702103600472,96,0.5304765
BLURUSDT,BUY,LIMIT,1702104045643,1028,0.5319067
BLURUSDT,BUY,LIMIT,1702104055047,1610,0.5320621
BLURUSDT,BUY,LIMIT,1702104281324,244,0.5328823
BLURUSDT,SELL,LIMIT,1702105080481,386,0.5145718
BLURUSDT,SELL,LIMIT,1702105149231,32,0.5143302
BLURUSDT,SELL,LIMIT,1702105309796,1873,0.5136388
BLURUSDT,BUY,LIMIT,1702105889254,1381,0.5317711
BLURUSDT,BUY,LIMIT,1702107160401,54,0.5322279
BLURUSDT,BUY,LIMIT,1702107294105,2094,0.5330780
BLURUSDT,BUY,LIMIT,1702107523799,604,0.5347143
BLURUSDT,BUY,LIMIT,1702107648640,579,0.5363553
BLURUSDT,BUY,LIMIT,1702107659663,1894,0.5366834
BLURUSDT,BUY,LIMIT,1702107661459,2103,0.5367320
BLURUSDT,SELL,LIMIT,1702109476047,49,0.5185328
BLURUSDT,BUY,LIMIT,1702109514416,204,0.5291740
BLURUSDT,SELL,LIMIT,1702109553995,36,0.5175067
BLURUSDT,BUY,LIMIT,1702109780750,21,0.5338392
BLURUSDT,BUY,LIMIT,1702109892379,15,0.5362244
BLURUSDT,BUY,LIMIT,1702109979335,55,0.5282877
BLURUSDT,SELL,LIMIT,1702110712655,96,0.5166182
BLURUSDT,SELL,LIMIT,1702110723398,1540,0.5161428
BLURUSDT,SELL,LIMIT,1702110772997,34,0.5156686
BLURUSDT,SELL,LIMIT,1702110804708,1201,0.5152840
BLURUSDT,SELL,LIMIT,1702110841132,3962,0.5144694
BLURUSDT,SELL,LIMIT,1702110872575,379,0.5131851
BLURUSDT,SELL,LIMIT,1702110879666,38,0.5125223
BLURUSDT,SELL,LIMIT,1702110881189,9569,0.5122411
BLURUSDT,SELL,LIMIT,1702110907050,226,0.5113464
BLURUSDT,SELL,LIMIT,1702110910421,9500,0.5104569
BLURUSDT,SELL,LIMIT,1702110970427,56,0.5100234
BLURUSDT,SELL,LIMIT,1702110973564,38,0.5092508
BLURUSDT,SELL,LIMIT,1702110992648,19487,0.5057233
BLURUSDT,SELL,LIMIT,1702110994287,343,0.5067635
BLURUSDT,SELL,LIMIT,1702111023259,8875,0.5071387
BLURUSDT,SELL,LIMIT,1702111028184,66,0.5057007
BLURUSDT,SELL,LIMIT,1702111030611,506,0.5050360
BLURUSDT,SELL,LIMIT,1702111031731,2226,0.5048982
BLURUSDT,SELL,LIMIT,1702111035735,30,0.5044280
BLURUSDT,SELL,LIMIT,1702111037411,54486,0.5017294
BLURUSDT,SELL,LIMIT,1702111043361,12,0.5030881
BLURUSDT,SELL,LIMIT,1702111044773,345,0.5034122
BLURUSDT,SELL,LIMIT,1702111046678,15204,0.5016434
BLURUSDT,SELL,LIMIT,1702111083619,27,0.5017437
BLURUSDT,SELL,LIMIT,1702111201202,1459,0.5029975
BLURUSDT,SELL,LIMIT,1702111364815,5375,0.5014734
BLURUSDT,SELL,LIMIT,1702111367908,4979,0.5012823
BLURUSDT,SELL,LIMIT,1702111372325,6713,0.5008593
BLURUSDT,SELL,LIMIT,1702111375924,2310,0.5003803
BLURUSDT,SELL,LIMIT,1702111377458,8477,0.5002193
BLURUSDT,SELL,LIMIT,1702111378507,606,0.5000247
BLURUSDT,SELL,LIMIT,1702111379553,38,0.4999835
BLURUSDT,SELL,LIMIT,1702111381365,1951,0.4992123
BLURUSDT,SELL,LIMIT,1702111383057,2948,0.4987786
BLURUSDT,SELL,LIMIT,1702111386208,7741,0.4979049
BLURUSDT,SELL,LIMIT,1702111387230,3935,0.4977034
BLURUSDT,SELL,LIMIT,1702111389421,749,0.4967323
BLURUSDT,BUY,LIMIT,1702111554051,3081,0.5186172
BLURUSDT,SELL,LIMIT,1702114251225,1000,0.5079753
BLURUSDT,SELL,LIMIT,1702115043199,389,0.5010776
BLURUSDT,SELL,LIMIT,1702115074721,648,0.5007893
BLURUSDT,SELL,LIMIT,1702132665611,120,0.5080353
BLURUSDT,SELL,LIMIT,1702132994146,298,0.5032962
BLURUSDT,SELL,LIMIT,1702132995403,1830,0.5032436
BLURUSDT,SELL,LIMIT,1702133002660,92,0.5024083
BLURUSDT,SELL,LIMIT,1702133004323,976,0.5016506
BLURUSDT,SELL,LIMIT,1702133006533,967,0.5011108
BLURUSDT,SELL,LIMIT,1702133385809,10264,0.5001627
