Symbol,Side,Order Type,Time,Quantity,Price
BLURUSDT,BUY,LIMIT,1700845588161,1383,0.6485928
BLURUSDT,BUY,LIMIT,1700845589340,3163,0.6481796
BLURUSDT,BUY,LIMIT,1700845591156,6658,0.6488284
BLURUSDT,BUY,LIMIT,1700845592240,4794,0.6489320
BLURUSDT,BUY,LIMIT,1700845593244,1977,0.6491065
BLURUSDT,BUY,LIMIT,1700845595101,2354,0.6496126
BLURUSDT,BUY,LIMIT,1700845596111,7867,0.6506251
BLURUSDT,BUY,LIMIT,1700845597117,719,0.6526538
BLURUSDT,BUY,LIMIT,1700845598127,42,0.6525160
BLURUSDT,BUY,LIMIT,1700845608062,4028,0.6559385
BLURUSDT,BUY,LIMIT,1700845609083,380,0.6541162
BLURUSDT,BUY,LIMIT,1700845610150,22,0.6569222
BLURUSDT,BUY,LIMIT,1700845612759,478,0.6568656
BLURUSDT,BUY,LIMIT,1700845613814,319,0.6574704
BLURUSDT,BUY,LIMIT,1700845614817,60,0.6595039
BLURUSDT,BUY,LIMIT,1700845615828,1348,0.6625091
BLURUSDT,SELL,LIMIT,1700845638782,703,0.6390819
BLURUSDT,SELL,LIMIT,1700845689165,46,0.6357563
BLURUSDT,SELL,LIMIT,1700845720470,396,0.6336454
BLURUSDT,SELL,LIMIT,1700845725357,4525,0.6328877
BLURUSDT,SELL,LIMIT,1700845833087,92,0.6302819
BLURUSDT,SELL,LIMIT,1700845835426,287,0.6290693
BLURUSDT,SELL,LIMIT,1700845836451,903,0.6294351
BLURUSDT,SELL,LIMIT,1700845843661,508,0.6271847
BLURUSDT,SELL,LIMIT,1700845849030,306,0.6270003
BLURUSDT,SELL,LIMIT,1700845850039,425,0.6262135
BLURUSDT,SELL,LIMIT,1700845851043,258,0.6236896
BLURUSDT,SELL,LIMIT,1700845855726,687,0.6224333
BLURUSDT,SELL,LIMIT,1700845863951,385,0.6220406
BLURUSDT,SELL,LIMIT,1700845865209,743,0.6216932
BLURUSDT,SELL,LIMIT,1700845869395,408,0.6200524
BLURUSDT,SELL,LIMIT,1700845872109,575,0.6182692
BLURUSDT,SELL,LIMIT,1700845873222,3955,0.6190000
BLURUSDT,SELL,LIMIT,1700845874521,2238,0.6188782
BLURUSDT,SELL,LIMIT,1700845876082,79,0.6177012
BLURUSDT,SELL,LIMIT,1700845877219,349,0.6176301
BLURUSDT,BUY,LIMIT,1700845888932,79,0.6392525
BLURUSDT,BUY,LIMIT,1700845944826,225,0.6405013
BLURUSDT,BUY,LIMIT,1700845946400,303,0.6410226
BLURUSDT,BUY,LIMIT,1700845955954,19,0.6413705
BLURUSDT,SELL,LIMIT,1700846089141,2173,0.6200110
BLURUSDT,BUY,LIMIT,1700846196627,1252,0.6431189
BLURUSDT,BUY,LIMIT,1700846250177,46,0.6438528
BLURUSDT,BUY,LIMIT,1700846253300,1923,0.6446751
BLURUSDT,BUY,LIMIT,1700846255394,766,0.6454314
BLURUSDT,BUY,LIMIT,1700846256986,8,0.6455636
BLURUSDT,BUY,LIMIT,1700846258207,277,0.6458450
BLURUSDT,BUY,LIMIT,1700846288876,2937,0.6465554
BLURUSDT,BUY,LIMIT,1700846405302,491,0.6475031
BLURUSDT,SELL,LIMIT,1700846631069,625,0.6251597
BLURUSDT,BUY,LIMIT,1700846850281,1174,0.6488008
BLURUSDT,BUY,LIMIT,1700847006313,155,0.6490821
BLURUSDT,BUY,LIMIT,1700847008506,14,0.6505552
BLURUSDT,BUY,LIMIT,1700847039364,1218,0.6514482
BLURUSDT,BUY,LIMIT,1700847041245,228,0.6523920
BLURUSDT,BUY,LIMIT,1700847042324,5223,0.6527313
BLURUSDT,BUY,LIMIT,1700847345724,664,0.6526720
BLURUSDT,BUY,LIMIT,1700847582344,638,0.6514758
BLURUSDT,SELL,LIMIT,1700847718202,1279,0.6302530
BLURUSDT,SELL,LIMIT,1700847719670,376,0.6298766
BLURUSDT,SELL,LIMIT,1700847723247,16,0.6294061
BLURUSDT,SELL,LIMIT,1700847725383,447,0.6292582
BLURUSDT,SELL,LIMIT,1700847726433,251,0.6290647
BLURUSDT,SELL,LIMIT,1700847728081,184,0.6284001
BLURUSDT,SELL,LIMIT,1700847739988,280,0.6281781
BLURUSDT,BUY,LIMIT,1700847978564,22,0.6512785
BLURUSDT,BUY,LIMIT,1700847981130,153,0.6520721
BLURUSDT,BUY,LIMIT,1700847982214,1283,0.6521322
BLURUSDT,BUY,LIMIT,1700847983215,858,0.6538991
BLURUSDT,BUY,LIMIT,1700847984593,156,0.6547229
BLURUSDT,BUY,LIMIT,1700847985807,17,0.6550930
BLURUSDT,BUY,LIMIT,1700847986881,9,0.6576531
BLURUSDT,BUY,LIMIT,1700847988056,3099,0.6597549
BLURUSDT,BUY,LIMIT,1700847989116,412,0.6581961
BLURUSDT,BUY,LIMIT,1700848028122,309,0.6592775
BLURUSDT,SELL,LIMIT,1700848071129,46,0.6360163
BLURUSDT,SELL,LIMIT,1700848073062,10,0.6354622
BLURUSDT,SELL,LIMIT,1700848166149,69,0.6344144
BLURUSDT,SELL,LIMIT,1700848168043,631,0.6338934
BLURUSDT,SELL,LIMIT,1700848169158,432,0.6334054
BLURUSDT,SELL,LIMIT,1700848170401,1474,0.6331198
BLURUSDT,SELL,LIMIT,1700848214058,448,0.6327448
BLURUSDT,SELL,LIMIT,1700848216286,129,0.6323823
BLURUSDT,SELL,LIMIT,1700848217873,827,0.6322291
BLURUSDT,SELL,LIMIT,1700848223297,1987,0.6321295
BLURUSDT,BUY,LIMIT,1700848266511,381,0.6541391
BLURUSDT,BUY,LIMIT,1700848270795,88,0.6548158
BLURUSDT,BUY,LIMIT,1700848319079,963,0.6560470
BLURUSDT,BUY,LIMIT,1700848336183,536,0.6565737
BLURUSDT,BUY,LIMIT,1700848340373,1418,0.6581666
BLURUSDT,BUY,LIMIT,1700848342057,1515,0.6584900
BLURUSDT,BUY,LIMIT,1700848343194,1547,0.6591146
BLURUSDT,BUY,LIMIT,1700848444456,1643,0.6595393
BLURUSDT,BUY,LIMIT,1700848467106,1013,0.6605600
BLURUSDT,BUY,LIMIT,1700848468465,284,0.6609960
BLURUSDT,BUY,LIMIT,1700848469522,269,0.6623143
BLURUSDT,BUY,LIMIT,1700848471530,28,0.6627315
BLURUSDT,BUY,LIMIT,1700848478819,930,0.6628700
BLURUSDT,BUY,LIMIT,1700848479971,108,0.6631984
BLURUSDT,BUY,LIMIT,1700848481321,3678,0.6638085
BLURUSDT,BUY,LIMIT,1700848483201,4766,0.6640183
BLURUSDT,SELL,LIMIT,1700848505086,239,0.6411040
BLURUSDT,SELL,LIMIT,1700848511929,2106,0.6406535
BLURUSDT,BUY,LIMIT,1700848552234,420,0.6632209
BLURUSDT,BUY,LIMIT,1700848554064,16,0.6639818
BLURUSDT,BUY,LIMIT,1700848555167,67,0.6642084
BLURUSDT,BUY,LIMIT,1700848556231,157,0.6644384
BLURUSDT,BUY,LIMIT,1700848625096,100,0.6648369
BLURUSDT,BUY,LIMIT,1700848626124,126,0.6650628
BLURUSDT,BUY,LIMIT,1700848627156,75,0.6653490
BLURUSDT,BUY,LIMIT,1700848628162,241,0.6659844
BLURUSDT,BUY,LIMIT,1700848629165,251,0.6676705
BLURUSDT,BUY,LIMIT,1700848630169,1118,0.6679180
BLURUSDT,BUY,LIMIT,1700848631204,1683,0.6683760
BLURUSDT,BUY,LIMIT,1700848632248,22,0.6712246
BLURUSDT,BUY,LIMIT,1700848633257,2450,0.6711929
BLURUSDT,BUY,LIMIT,1700848634344,7993,0.6722500
BLURUSDT,BUY,LIMIT,1700848635346,24,0.6728290
BLURUSDT,SELL,LIMIT,1700848643552,234,0.6485378
BLURUSDT,SELL,LIMIT,1700848646269,1078,0.6478165
BLURUSDT,BUY,LIMIT,1700848691075,12120,0.6742742
BLURUSDT,BUY,LIMIT,1700848692099,7077,0.6740321
BLURUSDT,BUY,LIMIT,1700848693175,246,0.6741912
BLURUSDT,BUY,LIMIT,1700848694214,7697,0.6752501
BLURUSDT,BUY,LIMIT,1700848696580,76,0.6758700
BLURUSDT,SELL,LIMIT,1700848727219,256,0.6524713
BLURUSDT,SELL,LIMIT,1700848728233,2103,0.6520133
BLURUSDT,SELL,LIMIT,1700848742317,1566,0.6520210
BLURUSDT,BUY,LIMIT,1700848761275,150,0.6730878
BLURUSDT,SELL,LIMIT,1700848816351,498,0.6504253
BLURUSDT,SELL,LIMIT,1700848817704,226,0.6495440
BLURUSDT,SELL,LIMIT,1700848818781,4332,0.6487887
BLURUSDT,SELL,LIMIT,1700848819795,801,0.6485985
BLURUSDT,SELL,LIMIT,1700848821152,495,0.6481608
BLURUSDT,BUY,LIMIT,1700848846195,4094,0.6700615
BLURUSDT,BUY,LIMIT,1700848847385,10,0.6723272
BLURUSDT,BUY,LIMIT,1700848849401,771,0.6729719
BLURUSDT,BUY,LIMIT,1700848852043,13449,0.6782424
BLURUSDT,BUY,LIMIT,1700848853073,3600,0.6760202
BLURUSDT,BUY,LIMIT,1700848855397,768,0.6769098
BLURUSDT,BUY,LIMIT,1700848856715,158,0.6771286
BLURUSDT,BUY,LIMIT,1700848857716,1898,0.6777106
BLURUSDT,BUY,LIMIT,1700848858807,16075,0.6797020
BLURUSDT,BUY,LIMIT,1700848859826,169,0.6780492
BLURUSDT,SELL,LIMIT,1700848862217,673,0.6549635
BLURUSDT,SELL,LIMIT,1700848863304,39,0.6530837
BLURUSDT,SELL,LIMIT,1700848865906,1871,0.6523904
BLURUSDT,SELL,LIMIT,1700848868056,185,0.6508559
BLURUSDT,SELL,LIMIT,1700848869148,1540,0.6518254
BLURUSDT,SELL,LIMIT,1700848871079,22,0.6451885
BLURUSDT,SELL,LIMIT,1700848872128,302,0.6451925
BLURUSDT,SELL,LIMIT,1700848873192,4116,0.6445383
BLURUSDT,SELL,LIMIT,1700848878106,3695,0.6415680
BLURUSDT,SELL,LIMIT,1700848879153,305,0.6399903
BLURUSDT,BUY,LIMIT,1700848882083,1343,0.6629994
BLURUSDT,SELL,LIMIT,1700848888484,1663,0.6373156
BLURUSDT,BUY,LIMIT,1700848895393,318,0.6614908
BLURUSDT,BUY,LIMIT,1700848921317,5317,0.6640289
BLURUSDT,BUY,LIMIT,1700849003235,1140,0.6647876
BLURUSDT,BUY,LIMIT,1700849005772,129,0.6653238
BLURUSDT,BUY,LIMIT,1700849117213,17,0.6652343
BLURUSDT,BUY,LIMIT,1700849120203,39,0.6658354
BLURUSDT,BUY,LIMIT,1700849260580,156,0.6666707
BLURUSDT,BUY,LIMIT,1700849261673,523,0.6676003
BLURUSDT,BUY,LIMIT,1700849263014,2299,0.6685275
BLURUSDT,BUY,LIMIT,1700849319126,712,0.6692862
BLURUSDT,BUY,LIMIT,1700849325161,23,0.6709653
BLURUSDT,BUY,LIMIT,1700849326527,264,0.6735353
BLURUSDT,BUY,LIMIT,1700849345222,525,0.6744915
BLURUSDT,BUY,LIMIT,1700849346285,957,0.6752034
BLURUSDT,BUY,LIMIT,1700849347336,3211,0.6762293
BLURUSDT,BUY,LIMIT,1700849348774,32,0.6776129
BLURUSDT,BUY,LIMIT,1700849371076,20,0.6784747
BLURUSDT,BUY,LIMIT,1700849372083,1179,0.6791154
BLURUSDT,BUY,LIMIT,1700849373106,549,0.6800029
BLURUSDT,BUY,LIMIT,1700849374124,249,0.6795543
BLURUSDT,SELL,LIMIT,1700849395275,2691,0.6557064
BLURUSDT,SELL,LIMIT,1700849439219,2075,0.6533703
BLURUSDT,SELL,LIMIT,1700849441361,1406,0.6531294
BLURUSDT,SELL,LIMIT,1700849442439,1987,0.6528535
BLURUSDT,SELL,LIMIT,1700849443527,75,0.6524744
BLURUSDT,SELL,LIMIT,1700849454318,43,0.6515314
BLURUSDT,SELL,LIMIT,1700849455342,3865,0.6503264
BLURUSDT,SELL,LIMIT,1700849456368,515,0.6497634
BLURUSDT,BUY,LIMIT,1700849476051,4556,0.6721563
BLURUSDT,BUY,LIMIT,1700849479382,4835,0.6736086
BLURUSDT,BUY,LIMIT,1700849594064,522,0.6746201
BLURUSDT,BUY,LIMIT,1700849640357,1361,0.6762226
BLURUSDT,BUY,LIMIT,1700849641428,696,0.6764169
BLURUSDT,BUY,LIMIT,1700849642525,387,0.6769331
BLURUSDT,BUY,LIMIT,1700849697720,194,0.6781925
BLURUSDT,BUY,LIMIT,1700849699690,36,0.6783879
BLURUSDT,BUY,LIMIT,1700849970899,1026,0.6774622
BLURUSDT,SELL,LIMIT,1700850066122,149,0.6540537
BLURUSDT,SELL,LIMIT,1700850102549,146,0.6534053
BLURUSDT,SELL,LIMIT,1700850103703,402,0.6531882
BLURUSDT,SELL,LIMIT,1700850169325,20,0.6526039
BLURUSDT,SELL,LIMIT,1700850170545,105,0.6520046
BLURUSDT,SELL,LIMIT,1700850171557,1104,0.6508366
BLURUSDT,SELL,LIMIT,1700850172634,983,0.6495587
BLURUSDT,SELL,LIMIT,1700850174147,779,0.6479513
BLURUSDT,BUY,LIMIT,1700850179448,4307,0.6707476
BLURUSDT,BUY,LIMIT,1700850306749,32,0.6723602
BLURUSDT,SELL,LIMIT,1700850481364,12,0.6486009
BLURUSDT,SELL,LIMIT,1700850485219,14,0.6475124
BLURUSDT,SELL,LIMIT,1700850486250,564,0.6473020
BLURUSDT,SELL,LIMIT,1700850490075,262,0.6465041
BLURUSDT,SELL,LIMIT,1700850491105,3712,0.6464438
BLURUSDT,BUY,LIMIT,1700850645310,5135,0.6698932
BLURUSDT,BUY,LIMIT,1700850673229,76,0.6719146
BLURUSDT,SELL,LIMIT,1700850744245,2886,0.6484547
BLURUSDT,SELL,LIMIT,1700850819384,151,0.6465359
BLURUSDT,SELL,LIMIT,1700850822080,1039,0.6458957
BLURUSDT,SELL,LIMIT,1700850823166,24,0.6451834
BLURUSDT,SELL,LIMIT,1700850825116,1014,0.6445828
BLURUSDT,SELL,LIMIT,1700850826188,7395,0.6447541
BLURUSDT,SELL,LIMIT,1700850827359,42,0.6444723
BLURUSDT,SELL,LIMIT,1700850833188,1704,0.6431853
BLURUSDT,SELL,LIMIT,1700850871086,12,0.6423922
BLURUSDT,SELL,LIMIT,1700850872282,1464,0.6423487
BLURUSDT,SELL,LIMIT,1700850873586,649,0.6413829
BLURUSDT,BUY,LIMIT,1700851022051,37,0.6656551
BLURUSDT,BUY,LIMIT,1700851030396,153,0.6659616
BLURUSDT,BUY,LIMIT,1700851076156,243,0.6684789
BLURUSDT,BUY,LIMIT,1700851078605,8,0.6686003
BLURUSDT,BUY,LIMIT,1700851085759,75,0.6687920
BLURUSDT,SELL,LIMIT,1700851310035,2859,0.6459628
BLURUSDT,SELL,LIMIT,1700851311173,3791,0.6460273
BLURUSDT,SELL,LIMIT,1700851320164,800,0.6455231
BLURUSDT,SELL,LIMIT,1700851373816,468,0.6449535
BLURUSDT,SELL,LIMIT,1700851375225,3381,0.6447657
BLURUSDT,SELL,LIMIT,1700851377301,760,0.6444828
BLURUSDT,SELL,LIMIT,1700851433220,554,0.6433036
BLURUSDT,BUY,LIMIT,1700851568058,90,0.6669595
BLURUSDT,BUY,LIMIT,1700851569309,658,0.6672163
BLURUSDT,BUY,LIMIT,1700851584028,20,0.6687171
BLURUSDT,SELL,LIMIT,1700851694310,22,0.6460541
BLURUSDT,SELL,LIMIT,1700851947132,178,0.6436663
BLURUSDT,SELL,LIMIT,1700852071356,18,0.6420843
BLURUSDT,SELL,LIMIT,1700852077896,100,0.6416443
BLURUSDT,SELL,LIMIT,1700852084199,1774,0.6414487
BLURUSDT,SELL,LIMIT,1700852085465,1512,0.6404296
BLURUSDT,SELL,LIMIT,1700852087191,821,0.6389162
BLURUSDT,SELL,LIMIT,1700852088215,37,0.6393368
BLURUSDT,SELL,LIMIT,1700852089236,76,0.6377451
BLURUSDT,SELL,LIMIT,1700852090310,35,0.6387603
BLURUSDT,SELL,LIMIT,1700852094184,145,0.6380225
BLURUSDT,SELL,LIMIT,1700852116055,1329,0.6371784
BLURUSDT,SELL,LIMIT,1700852118098,704,0.6365907
BLURUSDT,BUY,LIMIT,1700852369046,2267,0.6604321
BLURUSDT,BUY,LIMIT,1700852374122,1441,0.6614217
BLURUSDT,SELL,LIMIT,1700852907397,205,0.6382834
BLURUSDT,SELL,LIMIT,1700852910147,194,0.6377636
BLURUSDT,BUY,LIMIT,1700853119098,133,0.6614542
BLURUSDT,BUY,LIMIT,1700853451281,382,0.6618455
BLURUSDT,BUY,LIMIT,1700853452387,3137,0.6627976
BLURUSDT,BUY,LIMIT,1700853453395,407,0.6633799
BLURUSDT,BUY,LIMIT,1700853454434,81,0.6634906
BLURUSDT,BUY,LIMIT,1700853457964,2990,0.6643318
BLURUSDT,BUY,LIMIT,1700853460571,240,0.6659443
BLURUSDT,BUY,LIMIT,1700853799224,765,0.6663452
BLURUSDT,BUY,LIMIT,1700853800684,4248,0.6672575
BLURUSDT,BUY,LIMIT,1700853841150,221,0.6677650
BLURUSDT,BUY,LIMIT,1700853842244,3000,0.6674615
BLURUSDT,BUY,LIMIT,1700854263975,8,0.6686752
BLURUSDT,BUY,LIMIT,1700854267472,1528,0.6691366
BLURUSDT,SELL,LIMIT,1700854358914,294,0.6461596
BLURUSDT,SELL,LIMIT,1700854389092,369,0.6458005
BLURUSDT,SELL,LIMIT,1700854411019,83,0.6451402
BLURUSDT,SELL,LIMIT,1700854412317,70,0.6447032
BLURUSDT,SELL,LIMIT,1700854568642,3069,0.6440168
BLURUSDT,SELL,LIMIT,1700854571859,2619,0.6437965
BLURUSDT,SELL,LIMIT,1700854583417,68,0.6431817
BLURUSDT,SELL,LIMIT,1700854586251,15,0.6421453
BLURUSDT,SELL,LIMIT,1700854776129,3373,0.6419334
BLURUSDT,SELL,LIMIT,1700854777236,1467,0.6419331
BLURUSDT,SELL,LIMIT,1700854802622,14,0.6416540
BLURUSDT,BUY,LIMIT,1700854935503,646,0.6646573
BLURUSDT,SELL,LIMIT,1700855210312,81,0.6414432
BLURUSDT,SELL,LIMIT,1700855362004,245,0.6413323
BLURUSDT,SELL,LIMIT,1700855363037,108,0.6408909
BLURUSDT,SELL,LIMIT,1700855364067,157,0.6408906
BLURUSDT,SELL,LIMIT,1700855417096,667,0.6399106
BLURUSDT,SELL,LIMIT,1700855420668,61,0.6398605
BLURUSDT,BUY,LIMIT,1700855424724,153,0.6628769
BLURUSDT,BUY,LIMIT,1700855828727,82,0.6641549
BLURUSDT,BUY,LIMIT,1700856067996,1122,0.6644076
BLURUSDT,BUY,LIMIT,1700856344087,416,0.6658638
BLURUSDT,BUY,LIMIT,1700856345256,475,0.6656228
BLURUSDT,BUY,LIMIT,1700856346778,2492,0.6667808
BLURUSDT,BUY,LIMIT,1700856634604,13,0.6673524
BLURUSDT,BUY,LIMIT,1700856636362,181,0.6676195
BLURUSDT,BUY,LIMIT,1700856647883,192,0.6679408
BLURUSDT,BUY,LIMIT,1700856815660,41,0.6681575
BLURUSDT,BUY,LIMIT,1700856824571,47,0.6683183
BLURUSDT,BUY,LIMIT,1700856866667,121,0.6685094
BLURUSDT,BUY,LIMIT,1700856877633,2545,0.6686827
BLURUSDT,BUY,LIMIT,1700856895524,23,0.6628355
BLURUSDT,SELL,LIMIT,1700856896974,2395,0.6601559
BLURUSDT,SELL,LIMIT,1700856994286,6872,0.6456091
BLURUSDT,SELL,LIMIT,1700857002192,3211,0.6448175
BLURUSDT,SELL,LIMIT,1700857003221,1127,0.6446202
BLURUSDT,SELL,LIMIT,1700857004667,38,0.6438306
BLURUSDT,SELL,LIMIT,1700857014644,135,0.6436458
BLURUSDT,SELL,LIMIT,1700857015666,3272,0.6432049
BLURUSDT,BUY,LIMIT,1700857281151,717,0.6670418
BLURUSDT,BUY,LIMIT,1700857303305,1498,0.6683717
BLURUSDT,BUY,LIMIT,1700857418120,165,0.6687848
BLURUSDT,BUY,LIMIT,1700857425830,19,0.6689959
BLURUSDT,BUY,LIMIT,1700857453048,13,0.6692286
BLURUSDT,BUY,LIMIT,1700857454166,22,0.6696467
BLURUSDT,BUY,LIMIT,1700857463173,337,0.6700297
BLURUSDT,BUY,LIMIT,1700857464268,3364,0.6702154
BLURUSDT,BUY,LIMIT,1700857465284,376,0.6704795
BLURUSDT,BUY,LIMIT,1700857466302,67,0.6702421
BLURUSDT,BUY,LIMIT,1700857467443,2770,0.6712890
BLURUSDT,BUY,LIMIT,1700857469181,460,0.6718104
BLURUSDT,BUY,LIMIT,1700857470228,28,0.6727985
BLURUSDT,BUY,LIMIT,1700857471279,1120,0.6723753
BLURUSDT,BUY,LIMIT,1700857472625,376,0.6730915
BLURUSDT,SELL,LIMIT,1700857512245,1001,0.6491796
BLURUSDT,BUY,LIMIT,1700857737915,5318,0.6721082
BLURUSDT,BUY,LIMIT,1700857766404,112,0.6734726
BLURUSDT,BUY,LIMIT,1700857769363,1299,0.6737395
BLURUSDT,BUY,LIMIT,1700857772026,72,0.6740878
BLURUSDT,BUY,LIMIT,1700857773474,199,0.6743872
BLURUSDT,BUY,LIMIT,1700857776358,11,0.6746154
BLURUSDT,BUY,LIMIT,1700857786072,5560,0.6762951
BLURUSDT,BUY,LIMIT,1700857787361,16,0.6755687
BLURUSDT,SELL,LIMIT,1700857877175,10,0.6513521
BLURUSDT,SELL,LIMIT,1700857884196,119,0.6507220
BLURUSDT,SELL,LIMIT,1700857889166,16,0.6505518
BLURUSDT,SELL,LIMIT,1700857892731,4890,0.6490578
BLURUSDT,BUY,LIMIT,1700857977479,10,0.6743937
BLURUSDT,BUY,LIMIT,1700857978841,270,0.6748070
BLURUSDT,BUY,LIMIT,1700858478133,7542,0.6738926
BLURUSDT,BUY,LIMIT,1700858549059,758,0.6742691
BLURUSDT,SELL,LIMIT,1700858837566,687,0.6518961
BLURUSDT,SELL,LIMIT,1700858840911,200,0.6518331
BLURUSDT,BUY,LIMIT,1700858918477,9,0.6756226
BLURUSDT,BUY,LIMIT,1700858922582,1118,0.6760742
BLURUSDT,BUY,LIMIT,1700858925735,72,0.6765083
BLURUSDT,BUY,LIMIT,1700859002094,38,0.6768410
BLURUSDT,BUY,LIMIT,1700859003875,370,0.6769189
BLURUSDT,BUY,LIMIT,1700859007598,3231,0.6771624
BLURUSDT,BUY,LIMIT,1700859008924,88,0.6775597
BLURUSDT,BUY,LIMIT,1700859010066,8,0.6784109
BLURUSDT,BUY,LIMIT,1700859011160,1110,0.6781886
BLURUSDT,BUY,LIMIT,1700859012164,613,0.6799905
BLURUSDT,BUY,LIMIT,1700859013173,27,0.6796096
BLURUSDT,BUY,LIMIT,1700859014228,31,0.6803612
BLURUSDT,BUY,LIMIT,1700859021539,1858,0.6804376
BLURUSDT,BUY,LIMIT,1700859031209,479,0.6802409
BLURUSDT,BUY,LIMIT,1700859033148,500,0.6804453
BLURUSDT,BUY,LIMIT,1700859035198,1211,0.6805481
BLURUSDT,BUY,LIMIT,1700859036285,1256,0.6806270
BLURUSDT,BUY,LIMIT,1700859037292,33,0.6817552
BLURUSDT,BUY,LIMIT,1700859038294,923,0.6825168
BLURUSDT,BUY,LIMIT,1700859039341,573,0.6819393
BLURUSDT,BUY,LIMIT,1700859040350,596,0.6846120
BLURUSDT,BUY,LIMIT,1700859041365,1254,0.6846888
BLURUSDT,BUY,LIMIT,1700859042367,102,0.6851103
BLURUSDT,BUY,LIMIT,1700859043374,87424,0.6908540
BLURUSDT,BUY,LIMIT,1700859044377,80,0.6907654
BLURUSDT,BUY,LIMIT,1700859045381,94,0.6892991
BLURUSDT,BUY,LIMIT,1700859046418,500,0.6919877
BLURUSDT,BUY,LIMIT,1700859111561,4579,0.6891451
BLURUSDT,BUY,LIMIT,1700859376936,221,0.6896898
BLURUSDT,BUY,LIMIT,1700859382920,326,0.6899318
BLURUSDT,BUY,LIMIT,1700859386085,189,0.6906860
BLURUSDT,BUY,LIMIT,1700859387340,355,0.6918493
BLURUSDT,BUY,LIMIT,1700859389566,193,0.6923421
BLURUSDT,SELL,LIMIT,1700859430109,782,0.6681604
BLURUSDT,SELL,LIMIT,1700859433090,675,0.6666863
BLURUSDT,SELL,LIMIT,1700859493419,84,0.6664120
BLURUSDT,BUY,LIMIT,1700859513333,3650,0.6913790
BLURUSDT,BUY,LIMIT,1700859514987,1513,0.6920694
BLURUSDT,BUY,LIMIT,1700859536070,1753,0.6924199
BLURUSDT,BUY,LIMIT,1700859537271,397,0.6922563
BLURUSDT,BUY,LIMIT,1700859614119,296,0.6926615
BLURUSDT,BUY,LIMIT,1700859615374,42013,0.6956814
BLURUSDT,SELL,LIMIT,1700859691228,733,0.6680148
BLURUSDT,SELL,LIMIT,1700859860201,13,0.6669781
BLURUSDT,SELL,LIMIT,1700859863567,626,0.6664524
BLURUSDT,SELL,LIMIT,1700859865049,7363,0.6644738
BLURUSDT,SELL,LIMIT,1700859866078,312,0.6650205
BLURUSDT,SELL,LIMIT,1700859869086,8,0.6633326
BLURUSDT,SELL,LIMIT,1700859870191,320,0.6637132
BLURUSDT,SELL,LIMIT,1700859874435,65,0.6624256
BLURUSDT,BUY,LIMIT,1700859878607,564,0.6849515
BLURUSDT,BUY,LIMIT,1700860021045,5334,0.6863421
BLURUSDT,BUY,LIMIT,1700860263099,59,0.6867196
BLURUSDT,BUY,LIMIT,1700860288160,3900,0.6873640
BLURUSDT,BUY,LIMIT,1700860291124,737,0.6884683
BLURUSDT,BUY,LIMIT,1700860292138,1717,0.6887755
BLURUSDT,BUY,LIMIT,1700860301931,307,0.6891343
BLURUSDT,BUY,LIMIT,1700860303104,29,0.6894128
BLURUSDT,BUY,LIMIT,1700860322267,1143,0.6903034
BLURUSDT,BUY,LIMIT,1700860517337,40,0.6911189
BLURUSDT,BUY,LIMIT,1700860520489,592,0.6914276
BLURUSDT,BUY,LIMIT,1700860599831,24,0.6916529
BLURUSDT,BUY,LIMIT,1700860604358,743,0.6919388
BLURUSDT,BUY,LIMIT,1700860650348,1732,0.6899892
BLURUSDT,SELL,LIMIT,1700860780114,292,0.6677317
BLURUSDT,SELL,LIMIT,1700860858993,39,0.6669820
BLURUSDT,SELL,LIMIT,1700860862621,143,0.6666269
BLURUSDT,SELL,LIMIT,1700860864269,14,0.6665172
BLURUSDT,SELL,LIMIT,1700860866555,223,0.6658500
BLURUSDT,SELL,LIMIT,1700860868291,71,0.6644547
BLURUSDT,BUY,LIMIT,1700861080726,434,0.6868312
BLURUSDT,BUY,LIMIT,1700861317190,714,0.6876421
BLURUSDT,BUY,LIMIT,1700861375928,1082,0.6885720
BLURUSDT,SELL,LIMIT,1700861766981,782,0.6654525
BLURUSDT,SELL,LIMIT,1700861771854,796,0.6649126
BLURUSDT,SELL,LIMIT,1700862474455,88,0.6639876
BLURUSDT,SELL,LIMIT,1700862475567,212,0.6628931
BLURUSDT,SELL,LIMIT,1700862477669,113,0.6627855
BLURUSDT,SELL,LIMIT,1700862491071,4162,0.6626105
BLURUSDT,SELL,LIMIT,1700862492328,681,0.6626979
BLURUSDT,SELL,LIMIT,1700862508200,20,0.6622280
BLURUSDT,SELL,LIMIT,1700862514087,774,0.6609361
BLURUSDT,SELL,LIMIT,1700862515158,2217,0.6614815
BLURUSDT,SELL,LIMIT,1700862517608,593,0.6603119
BLURUSDT,SELL,LIMIT,1700862605128,628,0.6599032
BLURUSDT,SELL,LIMIT,1700862607267,231,0.6587726
BLURUSDT,SELL,LIMIT,1700862608445,787,0.6586660
BLURUSDT,SELL,LIMIT,1700862634785,5959,0.6577176
BLURUSDT,SELL,LIMIT,1700862667502,5938,0.6574777
BLURUSDT,SELL,LIMIT,1700862668588,364,0.6572584
BLURUSDT,SELL,LIMIT,1700862669886,113,0.6572336
BLURUSDT,SELL,LIMIT,1700862671080,1679,0.6566001
BLURUSDT,SELL,LIMIT,1700862674892,7436,0.6555516
BLURUSDT,BUY,LIMIT,1700862822160,2947,0.6790585
BLURUSDT,BUY,LIMIT,1700862825709,31,0.6795747
BLURUSDT,BUY,LIMIT,1700863193189,3445,0.6808566
BLURUSDT,BUY,LIMIT,1700863195268,3366,0.6810698
BLURUSDT,BUY,LIMIT,1700863208228,74,0.6813318
BLURUSDT,SELL,LIMIT,1700863356006,69,0.6576163
BLURUSDT,SELL,LIMIT,1700863358504,2316,0.6573402
BLURUSDT,SELL,LIMIT,1700863359938,149,0.6569846
BLURUSDT,BUY,LIMIT,1700863496831,4050,0.6797986
BLURUSDT,BUY,LIMIT,1700863503207,529,0.6802731
BLURUSDT,BUY,LIMIT,1700863509179,43,0.6804303
BLURUSDT,BUY,LIMIT,1700863514590,4332,0.6816047
BLURUSDT,BUY,LIMIT,1700863515815,16,0.6826776
BLURUSDT,BUY,LIMIT,1700863517076,14,0.6838778
BLURUSDT,BUY,LIMIT,1700863518135,1376,0.6836861
BLURUSDT,BUY,LIMIT,1700863519597,113,0.6837382
BLURUSDT,BUY,LIMIT,1700863521090,24,0.6845917
BLURUSDT,SELL,LIMIT,1700863543285,5906,0.6738997
BLURUSDT,SELL,LIMIT,1700863703255,1852,0.6679936
BLURUSDT,BUY,LIMIT,1700863840040,4450,0.6849899
BLURUSDT,BUY,LIMIT,1700863841225,23,0.6845942
BLURUSDT,BUY,LIMIT,1700863844258,3026,0.6852580
BLURUSDT,BUY,LIMIT,1700863846555,136,0.6853984
BLURUSDT,BUY,LIMIT,1700863885384,7433,0.6855154
BLURUSDT,BUY,LIMIT,1700863939621,1318,0.6828752
BLURUSDT,SELL,LIMIT,1700863947261,2229,0.6627845
BLURUSDT,SELL,LIMIT,1700863952303,274,0.6615083
BLURUSDT,BUY,LIMIT,1700863957235,105,0.6802391
BLURUSDT,SELL,LIMIT,1700863961626,115,0.6602049
BLURUSDT,SELL,LIMIT,1700863964372,392,0.6607578
BLURUSDT,SELL,LIMIT,1700864194332,225,0.6591903
BLURUSDT,SELL,LIMIT,1700864196370,579,0.6587451
BLURUSDT,SELL,LIMIT,1700864203294,2977,0.6583025
BLURUSDT,BUY,LIMIT,1700864547492,6394,0.6816860
BLURUSDT,SELL,LIMIT,1700865134579,1713,0.6580084
BLURUSDT,SELL,LIMIT,1700865138293,1102,0.6577064
BLURUSDT,SELL,LIMIT,1700865140176,401,0.6575683
BLURUSDT,BUY,LIMIT,1700865213513,7492,0.6803855
BLURUSDT,BUY,LIMIT,1700865216815,216,0.6805026
BLURUSDT,SELL,LIMIT,1700865544204,10,0.6568793
BLURUSDT,SELL,LIMIT,1700865546045,7486,0.6545823
BLURUSDT,SELL,LIMIT,1700865547161,14,0.6538542
BLURUSDT,SELL,LIMIT,1700865548168,1184,0.6498633
BLURUSDT,SELL,LIMIT,1700865549193,113,0.6527190
BLURUSDT,BUY,LIMIT,1700865553836,15,0.6717748
BLURUSDT,SELL,LIMIT,1700865569061,29,0.6490490
BLURUSDT,SELL,LIMIT,1700865570149,2870,0.6488180
BLURUSDT,SELL,LIMIT,1700865571278,46,0.6482597
BLURUSDT,SELL,LIMIT,1700865578247,144,0.6479949
BLURUSDT,SELL,LIMIT,1700865580357,74,0.6479603
BLURUSDT,SELL,LIMIT,1700865582437,1871,0.6478372
BLURUSDT,SELL,LIMIT,1700865583971,245,0.6474609
BLURUSDT,BUY,LIMIT,1700865601261,31,0.6705250
BLURUSDT,SELL,LIMIT,1700865614509,1934,0.6471749
BLURUSDT,SELL,LIMIT,1700865615690,34,0.6471005
BLURUSDT,SELL,LIMIT,1700865616705,6398,0.6467020
BLURUSDT,SELL,LIMIT,1700865618067,393,0.6409485
BLURUSDT,SELL,LIMIT,1700865619227,5113,0.6422510
BLURUSDT,BUY,LIMIT,1700865662430,459,0.6667530
BLURUSDT,BUY,LIMIT,1700865703017,7633,0.6678953
BLURUSDT,BUY,LIMIT,1700866005192,502,0.6694933
BLURUSDT,BUY,LIMIT,1700866008352,1901,0.6698340
BLURUSDT,BUY,LIMIT,1700866009708,12,0.6700154
BLURUSDT,BUY,LIMIT,1700866087588,193,0.6687834
BLURUSDT,BUY,LIMIT,1700866246300,223,0.6683226
BLURUSDT,BUY,LIMIT,1700866262503,3632,0.6701950
BLURUSDT,BUY,LIMIT,1700866267916,485,0.6685141
BLURUSDT,BUY,LIMIT,1700866353504,71,0.6686144
BLURUSDT,SELL,LIMIT,1700866376336,25,0.6465727
BLURUSDT,SELL,LIMIT,1700866387253,914,0.6460747
BLURUSDT,SELL,LIMIT,1700866388388,75,0.6459519
BLURUSDT,SELL,LIMIT,1700866391148,1377,0.6453643
BLURUSDT,SELL,LIMIT,1700866392443,201,0.6450825
BLURUSDT,SELL,LIMIT,1700866394393,519,0.6447212
BLURUSDT,SELL,LIMIT,1700866396441,2120,0.6438277
BLURUSDT,SELL,LIMIT,1700866401769,810,0.6429796
BLURUSDT,SELL,LIMIT,1700866403164,5284,0.6418633
BLURUSDT,SELL,LIMIT,1700866443676,596,0.6411077
BLURUSDT,SELL,LIMIT,1700866531960,297,0.6408660
BLURUSDT,SELL,LIMIT,1700866557801,458,0.6406867
BLURUSDT,SELL,LIMIT,1700866565247,1765,0.6404288
BLURUSDT,SELL,LIMIT,1700866566302,8,0.6405751
BLURUSDT,SELL,LIMIT,1700866568150,1992,0.6403665
BLURUSDT,SELL,LIMIT,1700866569767,3920,0.6402933
BLURUSDT,SELL,LIMIT,1700866570998,7366,0.6396547
BLURUSDT,SELL,LIMIT,1700866572168,444,0.6386495
BLURUSDT,SELL,LIMIT,1700866573200,3597,0.6373188
BLURUSDT,SELL,LIMIT,1700866574236,1212,0.6373199
BLURUSDT,SELL,LIMIT,1700866618555,148,0.6366355
BLURUSDT,SELL,LIMIT,1700866622892,149,0.6366341
BLURUSDT,SELL,LIMIT,1700866624043,56953,0.6319777
BLURUSDT,SELL,LIMIT,1700866625152,15194,0.6346749
BLURUSDT,SELL,LIMIT,1700866626188,500,0.6348977
BLURUSDT,SELL,LIMIT,1700866627315,226,0.6350097
BLURUSDT,SELL,LIMIT,1700866628360,926,0.6339777
BLURUSDT,SELL,LIMIT,1700866632065,1915,0.6335198
BLURUSDT,SELL,LIMIT,1700866635351,1253,0.6331367
BLURUSDT,SELL,LIMIT,1700866636405,23500,0.6284937
BLURUSDT,SELL,LIMIT,1700866638091,23,0.6259496
BLURUSDT,SELL,LIMIT,1700866639104,4,0.6268519
BLURUSDT,SELL,LIMIT,1700866640124,595,0.6247202
BLURUSDT,SELL,LIMIT,1700866641203,737,0.6244318
BLURUSDT,SELL,LIMIT,1700866642272,656,0.6238804
BLURUSDT,BUY,LIMIT,1700866681494,4942,0.6462924
BLURUSDT,SELL,LIMIT,1700866683110,429,0.6273517
BLURUSDT,SELL,LIMIT,1700866685890,792,0.6267978
BLURUSDT,BUY,LIMIT,1700866688189,160,0.6467028
BLURUSDT,BUY,LIMIT,1700866724525,831,0.6476340
BLURUSDT,SELL,LIMIT,1700866789494,36,0.6260854
BLURUSDT,SELL,LIMIT,1700866816427,43701,0.6244100
BLURUSDT,BUY,LIMIT,1700866912788,251,0.6500205
BLURUSDT,BUY,LIMIT,1700866914703,9,0.6502302
BLURUSDT,BUY,LIMIT,1700866918342,79,0.6511308
BLURUSDT,BUY,LIMIT,1700866920252,1625,0.6517663
BLURUSDT,BUY,LIMIT,1700866921534,47,0.6518221
BLURUSDT,BUY,LIMIT,1700866925227,68,0.6523660
BLURUSDT,BUY,LIMIT,1700866928291,362,0.6524996
BLURUSDT,BUY,LIMIT,1700866929911,979,0.6526962
BLURUSDT,BUY,LIMIT,1700866931486,868,0.6529470
BLURUSDT,SELL,LIMIT,1700867158466,37,0.6293769
BLURUSDT,SELL,LIMIT,1700867160160,117,0.6285072
BLURUSDT,SELL,LIMIT,1700867161564,180,0.6266492
BLURUSDT,SELL,LIMIT,1700867170685,1579,0.6274333
BLURUSDT,SELL,LIMIT,1700867176344,6902,0.6265069
BLURUSDT,SELL,LIMIT,1700867177935,153,0.6263463
BLURUSDT,SELL,LIMIT,1700867179176,1723,0.6253610
BLURUSDT,SELL,LIMIT,1700867181100,4322,0.6242336
BLURUSDT,SELL,LIMIT,1700867182115,145,0.6187327
BLURUSDT,SELL,LIMIT,1700867183100,803,0.6213916
BLURUSDT,SELL,LIMIT,1700867186186,807,0.6182676
BLURUSDT,SELL,LIMIT,1700867195048,228,0.6179298
BLURUSDT,SELL,LIMIT,1700867196091,6131,0.6164607
BLURUSDT,SELL,LIMIT,1700867197540,46,0.6158226
BLURUSDT,SELL,LIMIT,1700867200364,196,0.6155397
BLURUSDT,SELL,LIMIT,1700867201370,286,0.6152644
BLURUSDT,SELL,LIMIT,1700867202374,1333,0.6133585
BLURUSDT,SELL,LIMIT,1700867203417,6355,0.6134390
BLURUSDT,SELL,LIMIT,1700867207045,143,0.6126803
BLURUSDT,SELL,LIMIT,1700867208135,1524,0.6123980
BLURUSDT,SELL,LIMIT,1700867209174,416,0.6115510
BLURUSDT,SELL,LIMIT,1700867210193,22,0.6119275
BLURUSDT,BUY,LIMIT,1700867222110,981,0.6336146
BLURUSDT,BUY,LIMIT,1700867233080,2603,0.6364930
BLURUSDT,SELL,LIMIT,1700867282203,193,0.6146876
BLURUSDT,SELL,LIMIT,1700867283623,2036,0.6141257
BLURUSDT,SELL,LIMIT,1700867284632,1365,0.6129796
BLURUSDT,SELL,LIMIT,1700867303724,2880,0.6149456
BLURUSDT,SELL,LIMIT,1700867319664,399,0.6129652
BLURUSDT,SELL,LIMIT,1700867320802,1280,0.6124291
BLURUSDT,SELL,LIMIT,1700867322647,464,0.6118010
BLURUSDT,SELL,LIMIT,1700867346236,5918,0.6112554
BLURUSDT,SELL,LIMIT,1700867347241,1956,0.6111052
BLURUSDT,SELL,LIMIT,1700867356452,1353,0.6208579
BLURUSDT,BUY,LIMIT,1700867360257,173,0.6331146
BLURUSDT,BUY,LIMIT,1700867406424,64,0.6340270
BLURUSDT,BUY,LIMIT,1700867410190,1596,0.6352504
BLURUSDT,BUY,LIMIT,1700867411313,686,0.6355627
BLURUSDT,BUY,LIMIT,1700867413188,1596,0.6363070
BLURUSDT,BUY,LIMIT,1700867414695,939,0.6365816
BLURUSDT,BUY,LIMIT,1700867421623,143,0.6374565
BLURUSDT,BUY,LIMIT,1700867429374,367,0.6375789
BLURUSDT,BUY,LIMIT,1700867437119,184,0.6383788
BLURUSDT,BUY,LIMIT,1700867485761,5855,0.6389819
BLURUSDT,BUY,LIMIT,1700867546267,64,0.6392152
BLURUSDT,BUY,LIMIT,1700867558889,4303,0.6400322
BLURUSDT,SELL,LIMIT,1700867590726,15,0.6201187
BLURUSDT,SELL,LIMIT,1700867668734,182,0.6170499
BLURUSDT,SELL,LIMIT,1700867684109,6006,0.6160191
BLURUSDT,SELL,LIMIT,1700867689427,20,0.6169117
BLURUSDT,BUY,LIMIT,1700867754855,302,0.6371875
BLURUSDT,BUY,LIMIT,1700867758106,3574,0.6385482
BLURUSDT,SELL,LIMIT,1700867794513,122,0.6167320
BLURUSDT,BUY,LIMIT,1700867858102,1218,0.6393354
BLURUSDT,BUY,LIMIT,1700867967522,50,0.6407316
BLURUSDT,BUY,LIMIT,1700867969768,1015,0.6408208
BLURUSDT,BUY,LIMIT,1700867975501,108,0.6413634
BLURUSDT,BUY,LIMIT,1700867979679,2289,0.6418154
BLURUSDT,BUY,LIMIT,1700867989033,131,0.6426265
BLURUSDT,BUY,LIMIT,1700867994276,6497,0.6437513
BLURUSDT,BUY,LIMIT,1700868106226,686,0.6442334
BLURUSDT,BUY,LIMIT,1700868114459,797,0.6450465
BLURUSDT,BUY,LIMIT,1700868298066,6401,0.6466175
BLURUSDT,BUY,LIMIT,1700868317792,268,0.6478521
BLURUSDT,BUY,LIMIT,1700868321819,71,0.6479281
BLURUSDT,BUY,LIMIT,1700868494337,250,0.6485440
BLURUSDT,BUY,LIMIT,1700868502315,222,0.6491638
BLURUSDT,BUY,LIMIT,1700868550355,961,0.6501620
BLURUSDT,BUY,LIMIT,1700868566705,1969,0.6507110
BLURUSDT,BUY,LIMIT,1700868618082,1989,0.6481218
BLURUSDT,SELL,LIMIT,1700868654731,3906,0.6273281
BLURUSDT,SELL,LIMIT,1700868660086,110,0.6263479
BLURUSDT,SELL,LIMIT,1700868662836,201,0.6260352
BLURUSDT,BUY,LIMIT,1700868765386,78,0.6483309
BLURUSDT,BUY,LIMIT,1700868768157,193,0.6487719
BLURUSDT,BUY,LIMIT,1700868814201,1177,0.6496254
BLURUSDT,BUY,LIMIT,1700868929396,1851,0.6508252
BLURUSDT,BUY,LIMIT,1700868931339,1624,0.6516605
BLURUSDT,BUY,LIMIT,1700868937150,195,0.6519702
BLURUSDT,BUY,LIMIT,1700868938197,5000,0.6529541
BLURUSDT,BUY,LIMIT,1700868939339,7033,0.6523774
BLURUSDT,BUY,LIMIT,1700868943407,9,0.6532837
BLURUSDT,BUY,LIMIT,1700868945038,9843,0.6548557
BLURUSDT,BUY,LIMIT,1700868947198,1768,0.6553860
BLURUSDT,BUY,LIMIT,1700868948254,26,0.6556294
BLURUSDT,BUY,LIMIT,1700868949328,4675,0.6561819
BLURUSDT,BUY,LIMIT,1700868985104,1408,0.6586786
BLURUSDT,BUY,LIMIT,1700868986107,637,0.6585279
BLURUSDT,BUY,LIMIT,1700868987349,1867,0.6592918
BLURUSDT,BUY,LIMIT,1700868990278,2994,0.6598048
BLURUSDT,BUY,LIMIT,1700868991592,241,0.6609030
BLURUSDT,BUY,LIMIT,1700868993460,1339,0.6616091
BLURUSDT,SELL,LIMIT,1700869015085,379,0.6382167
BLURUSDT,SELL,LIMIT,1700869057157,8,0.6357579
BLURUSDT,SELL,LIMIT,1700869058373,1438,0.6347461
BLURUSDT,SELL,LIMIT,1700869059514,964,0.6347113
BLURUSDT,SELL,LIMIT,1700869060667,2008,0.6345230
BLURUSDT,BUY,LIMIT,1700869097186,229,0.6568580
BLURUSDT,BUY,LIMIT,1700869100961,629,0.6577814
BLURUSDT,BUY,LIMIT,1700869110276,117,0.6579964
BLURUSDT,BUY,LIMIT,1700869269916,23,0.6588204
BLURUSDT,BUY,LIMIT,1700869451832,1808,0.6577328
BLURUSDT,BUY,LIMIT,1700869453005,2741,0.6583979
BLURUSDT,BUY,LIMIT,1700869480655,125,0.6588156
BLURUSDT,SELL,LIMIT,1700869550417,222,0.6361044
BLURUSDT,SELL,LIMIT,1700869677758,129,0.6348609
BLURUSDT,SELL,LIMIT,1700869697006,2531,0.6338485
BLURUSDT,SELL,LIMIT,1700870109896,92,0.6332070
BLURUSDT,SELL,LIMIT,1700870113685,176,0.6329878
BLURUSDT,SELL,LIMIT,1700870117104,21,0.6327215
BLURUSDT,SELL,LIMIT,1700870118149,373,0.6324859
BLURUSDT,BUY,LIMIT,1700870226045,38,0.6553680
BLURUSDT,BUY,LIMIT,1700870227260,80,0.6550883
BLURUSDT,BUY,LIMIT,1700870248030,830,0.6567512
BLURUSDT,BUY,LIMIT,1700870249375,14,0.6575369
BLURUSDT,BUY,LIMIT,1700870343289,29,0.6592324
BLURUSDT,BUY,LIMIT,1700870420086,895,0.6598075
BLURUSDT,BUY,LIMIT,1700870425997,6949,0.6602433
BLURUSDT,SELL,LIMIT,1700870473215,3544,0.6357617
BLURUSDT,SELL,LIMIT,1700870474996,388,0.6352633
BLURUSDT,BUY,LIMIT,1700870499657,230,0.6584388
BLURUSDT,SELL,LIMIT,1700870644130,2196,0.6365052
BLURUSDT,SELL,LIMIT,1700870645150,782,0.6347731
BLURUSDT,SELL,LIMIT,1700870647378,29,0.6340512
BLURUSDT,SELL,LIMIT,1700870648557,528,0.6335873
BLURUSDT,SELL,LIMIT,1700870650949,5761,0.6323954
BLURUSDT,SELL,LIMIT,1700870681826,657,0.6357368
BLURUSDT,SELL,LIMIT,1700870725220,1034,0.6314496
BLURUSDT,SELL,LIMIT,1700870726420,906,0.6302731
BLURUSDT,BUY,LIMIT,1700870936147,71,0.6524270
BLURUSDT,BUY,LIMIT,1700870943200,54,0.6526720
BLURUSDT,BUY,LIMIT,1700870944593,552,0.6528678
BLURUSDT,BUY,LIMIT,1700870947360,14,0.6535978
BLURUSDT,BUY,LIMIT,1700870949303,95,0.6547261
BLURUSDT,BUY,LIMIT,1700870959217,155,0.6551890
BLURUSDT,BUY,LIMIT,1700870966248,35,0.6562926
BLURUSDT,BUY,LIMIT,1700871041887,59,0.6579612
BLURUSDT,BUY,LIMIT,1700871046729,154,0.6591914
BLURUSDT,SELL,LIMIT,1700871129499,9,0.6357314
BLURUSDT,SELL,LIMIT,1700871137243,4297,0.6354475
BLURUSDT,SELL,LIMIT,1700871301077,8,0.6349441
BLURUSDT,SELL,LIMIT,1700871306254,692,0.6343538
BLURUSDT,SELL,LIMIT,1700871307986,440,0.6342372
BLURUSDT,SELL,LIMIT,1700871358072,164,0.6328006
BLURUSDT,SELL,LIMIT,1700871359187,106,0.6328748
BLURUSDT,SELL,LIMIT,1700871370995,1134,0.6318928
BLURUSDT,SELL,LIMIT,1700871375137,244,0.6317390
BLURUSDT,SELL,LIMIT,1700871376206,89,0.6317430
BLURUSDT,BUY,LIMIT,1700871547297,45,0.6541314
BLURUSDT,BUY,LIMIT,1700871581347,34,0.6551885
BLURUSDT,BUY,LIMIT,1700871582634,811,0.6571143
BLURUSDT,BUY,LIMIT,1700871623690,197,0.6582820
BLURUSDT,BUY,LIMIT,1700871631335,92,0.6588757
BLURUSDT,SELL,LIMIT,1700871935225,159,0.6348187
BLURUSDT,SELL,LIMIT,1700871940300,83,0.6345816
BLURUSDT,SELL,LIMIT,1700871952842,6095,0.6343755
BLURUSDT,SELL,LIMIT,1700871954286,215,0.6342021
BLURUSDT,BUY,LIMIT,1700872182026,87,0.6558443
BLURUSDT,SELL,LIMIT,1700872409451,1179,0.6325625
BLURUSDT,SELL,LIMIT,1700872411443,20,0.6319289
BLURUSDT,SELL,LIMIT,1700872413028,71,0.6316804
BLURUSDT,SELL,LIMIT,1700872440112,5005,0.6295310
BLURUSDT,SELL,LIMIT,1700872441286,1075,0.6304608
BLURUSDT,SELL,LIMIT,1700872443035,115,0.6284976
BLURUSDT,SELL,LIMIT,1700872444077,206,0.6287155
BLURUSDT,SELL,LIMIT,1700872540282,1282,0.6267824
BLURUSDT,SELL,LIMIT,1700872558065,20,0.6263479
BLURUSDT,SELL,LIMIT,1700872569370,233,0.6255629
BLURUSDT,SELL,LIMIT,1700872571279,1569,0.6255031
BLURUSDT,SELL,LIMIT,1700872572448,1857,0.6243609
BLURUSDT,SELL,LIMIT,1700872573455,5807,0.6231490
BLURUSDT,SELL,LIMIT,1700872622285,27,0.6228690
BLURUSDT,SELL,LIMIT,1700872623680,18,0.6227179
BLURUSDT,SELL,LIMIT,1700872624774,13,0.6216557
BLURUSDT,SELL,LIMIT,1700872626397,259,0.6202459
BLURUSDT,BUY,LIMIT,1700872691278,148,0.6429069
BLURUSDT,BUY,LIMIT,1700872706703,1361,0.6434064
BLURUSDT,BUY,LIMIT,1700872732361,1474,0.6446528
BLURUSDT,BUY,LIMIT,1700872734052,571,0.6453396
BLURUSDT,BUY,LIMIT,1700872826835,523,0.6478789
BLURUSDT,SELL,LIMIT,1700872948460,93,0.6248059
BLURUSDT,SELL,LIMIT,1700872959699,1438,0.6242366
BLURUSDT,SELL,LIMIT,1700873008229,7861,0.6231478
BLURUSDT,BUY,LIMIT,1700873030828,1399,0.6449357
BLURUSDT,BUY,LIMIT,1700873193669,303,0.6445387
BLURUSDT,BUY,LIMIT,1700873207660,14,0.6455477
BLURUSDT,BUY,LIMIT,1700873253070,171,0.6464452
BLURUSDT,BUY,LIMIT,1700873256081,1215,0.6468453
BLURUSDT,BUY,LIMIT,1700873326175,185,0.6478484
BLURUSDT,SELL,LIMIT,1700873633285,113,0.6243757
BLURUSDT,SELL,LIMIT,1700873666380,15,0.6239948
BLURUSDT,SELL,LIMIT,1700873671085,49,0.6229122
BLURUSDT,SELL,LIMIT,1700873672458,167,0.6228841
BLURUSDT,SELL,LIMIT,1700873677923,1073,0.6224774
BLURUSDT,SELL,LIMIT,1700873705124,2117,0.6217270
BLURUSDT,SELL,LIMIT,1700873719458,204,0.6214019
BLURUSDT,BUY,LIMIT,1700873890389,311,0.6434064
BLURUSDT,BUY,LIMIT,1700873891562,15,0.6436006
BLURUSDT,BUY,LIMIT,1700873893597,45,0.6438302
BLURUSDT,BUY,LIMIT,1700874040040,4792,0.6451325
BLURUSDT,BUY,LIMIT,1700874055819,1716,0.6454290
BLURUSDT,BUY,LIMIT,1700874118091,1413,0.6461552
BLURUSDT,BUY,LIMIT,1700874127388,388,0.6472881
BLURUSDT,BUY,LIMIT,1700874129835,8,0.6477805
BLURUSDT,BUY,LIMIT,1700874200172,158,0.6487556
BLURUSDT,BUY,LIMIT,1700874207271,395,0.6490137
BLURUSDT,BUY,LIMIT,1700874208386,29,0.6493278
BLURUSDT,BUY,LIMIT,1700874216093,120,0.6514891
BLURUSDT,BUY,LIMIT,1700874218441,326,0.6516960
BLURUSDT,BUY,LIMIT,1700874220180,9,0.6518683
BLURUSDT,SELL,LIMIT,1700874226140,152,0.6321731
BLURUSDT,BUY,LIMIT,1700874257079,483,0.6527426
BLURUSDT,BUY,LIMIT,1700874258348,57,0.6534025
BLURUSDT,SELL,LIMIT,1700874504061,57,0.6311221
BLURUSDT,BUY,LIMIT,1700874618227,10,0.6531316
BLURUSDT,BUY,LIMIT,1700874643414,656,0.6559671
BLURUSDT,BUY,LIMIT,1700874645789,25094,0.6583543
BLURUSDT,BUY,LIMIT,1700874646894,6630,0.6563431
BLURUSDT,BUY,LIMIT,1700874673753,474,0.6551825
BLURUSDT,BUY,LIMIT,1700874720901,6628,0.6571761
BLURUSDT,BUY,LIMIT,1700874724344,1548,0.6572975
BLURUSDT,BUY,LIMIT,1700874725478,16,0.6574879
BLURUSDT,BUY,LIMIT,1700874726566,1196,0.6575556
BLURUSDT,BUY,LIMIT,1700874736374,1566,0.6582580
BLURUSDT,BUY,LIMIT,1700874737733,638,0.6583185
BLURUSDT,BUY,LIMIT,1700874740480,15,0.6583368
BLURUSDT,BUY,LIMIT,1700874741871,84,0.6590057
BLURUSDT,BUY,LIMIT,1700874746138,1361,0.6596403
BLURUSDT,BUY,LIMIT,1700874747189,543,0.6607139
BLURUSDT,BUY,LIMIT,1700874757362,19,0.6613949
BLURUSDT,BUY,LIMIT,1700874758381,4011,0.6614042
BLURUSDT,BUY,LIMIT,1700874788098,300,0.6608861
BLURUSDT,SELL,LIMIT,1700874887372,3075,0.6383503
BLURUSDT,SELL,LIMIT,1700874888658,123,0.6380407
BLURUSDT,SELL,LIMIT,1700874909948,625,0.6378576
BLURUSDT,SELL,LIMIT,1700874913030,456,0.6374048
BLURUSDT,SELL,LIMIT,1700874934427,571,0.6356007
BLURUSDT,SELL,LIMIT,1700874962959,204,0.6344952
BLURUSDT,SELL,LIMIT,1700874975513,226,0.6335393
BLURUSDT,BUY,LIMIT,1700875151382,186,0.6565267
BLURUSDT,BUY,LIMIT,1700875244147,252,0.6570268
BLURUSDT,BUY,LIMIT,1700875254042,3039,0.6582487
BLURUSDT,BUY,LIMIT,1700875280890,193,0.6588009
BLURUSDT,BUY,LIMIT,1700875346613,600,0.6593096
BLURUSDT,SELL,LIMIT,1700875437369,12,0.6363101
BLURUSDT,SELL,LIMIT,1700875473121,58,0.6354493
BLURUSDT,BUY,LIMIT,1700875577660,1480,0.6557677
BLURUSDT,SELL,LIMIT,1700875910986,98,0.6339891
BLURUSDT,SELL,LIMIT,1700875912993,325,0.6337950
BLURUSDT,SELL,LIMIT,1700875925943,20,0.6329551
BLURUSDT,SELL,LIMIT,1700875929778,1816,0.6323000
BLURUSDT,SELL,LIMIT,1700875957808,2024,0.6295650
BLURUSDT,SELL,LIMIT,1700876013728,5975,0.6291970
BLURUSDT,BUY,LIMIT,1700876186236,4596,0.6527953
BLURUSDT,BUY,LIMIT,1700876314027,126,0.6523479
BLURUSDT,BUY,LIMIT,1700876568705,188,0.6514270
BLURUSDT,BUY,LIMIT,1700876590456,622,0.6518330
BLURUSDT,BUY,LIMIT,1700876824146,9,0.6541438
BLURUSDT,BUY,LIMIT,1700876890514,145,0.6547209
BLURUSDT,BUY,LIMIT,1700876892738,1281,0.6548989
BLURUSDT,BUY,LIMIT,1700876898392,81,0.6556560
BLURUSDT,BUY,LIMIT,1700876931790,4712,0.6562618
BLURUSDT,BUY,LIMIT,1700876935486,6500,0.6567490
BLURUSDT,BUY,LIMIT,1700876998363,3025,0.6573848
BLURUSDT,BUY,LIMIT,1700877016721,56,0.6579204
BLURUSDT,BUY,LIMIT,1700877018061,7771,0.6582490
BLURUSDT,BUY,LIMIT,1700877078102,157,0.6572124
BLURUSDT,BUY,LIMIT,1700877148208,281,0.6570485
BLURUSDT,BUY,LIMIT,1700877272222,20,0.6580487
BLURUSDT,BUY,LIMIT,1700877372910,6674,0.6587857
BLURUSDT,SELL,LIMIT,1700877852317,227,0.6331197
BLURUSDT,BUY,LIMIT,1700878387952,7770,0.6561109
BLURUSDT,BUY,LIMIT,1700878391287,3885,0.6562752
BLURUSDT,BUY,LIMIT,1700878394234,205,0.6571027
BLURUSDT,BUY,LIMIT,1700878510342,227,0.6562576
BLURUSDT,BUY,LIMIT,1700878563926,14,0.6578028
BLURUSDT,BUY,LIMIT,1700878574247,698,0.6583923
BLURUSDT,BUY,LIMIT,1700878576864,1685,0.6585361
BLURUSDT,BUY,LIMIT,1700878591063,53,0.6590715
BLURUSDT,BUY,LIMIT,1700878609854,937,0.6595474
BLURUSDT,BUY,LIMIT,1700878617759,47,0.6597086
BLURUSDT,BUY,LIMIT,1700878679199,1552,0.6605335
BLURUSDT,BUY,LIMIT,1700878680202,182,0.6602282
BLURUSDT,BUY,LIMIT,1700878682390,55,0.6607454
BLURUSDT,BUY,LIMIT,1700878684449,112,0.6611280
BLURUSDT,BUY,LIMIT,1700878702314,1057,0.6616484
BLURUSDT,BUY,LIMIT,1700878704273,198,0.6621303
BLURUSDT,BUY,LIMIT,1700878711817,454,0.6623740
BLURUSDT,BUY,LIMIT,1700878716437,700,0.6626543
BLURUSDT,BUY,LIMIT,1700878717692,1266,0.6628700
BLURUSDT,BUY,LIMIT,1700878718869,7684,0.6633048
BLURUSDT,BUY,LIMIT,1700878720309,2312,0.6637008
BLURUSDT,BUY,LIMIT,1700878721474,263,0.6637788
BLURUSDT,BUY,LIMIT,1700878724116,2319,0.6638516
BLURUSDT,SELL,LIMIT,1700878792317,742,0.6403751
BLURUSDT,SELL,LIMIT,1700878798345,62,0.6364837
BLURUSDT,SELL,LIMIT,1700878804348,1213,0.6349905
BLURUSDT,SELL,LIMIT,1700878806144,348,0.6333873
BLURUSDT,SELL,LIMIT,1700878807231,672,0.6342547
BLURUSDT,SELL,LIMIT,1700878824149,443,0.6319437
BLURUSDT,SELL,LIMIT,1700878825528,1599,0.6314353
BLURUSDT,SELL,LIMIT,1700878827276,66,0.6312175
BLURUSDT,SELL,LIMIT,1700878830029,1553,0.6299888
BLURUSDT,SELL,LIMIT,1700878832263,3246,0.6285099
BLURUSDT,SELL,LIMIT,1700878874724,78,0.6283083
BLURUSDT,SELL,LIMIT,1700878876292,7760,0.6274977
BLURUSDT,SELL,LIMIT,1700878880398,7763,0.6268295
BLURUSDT,SELL,LIMIT,1700878882695,231,0.6265534
BLURUSDT,SELL,LIMIT,1700878885043,197,0.6264331
BLURUSDT,SELL,LIMIT,1700878892986,111136,0.6208607
BLURUSDT,SELL,LIMIT,1700878980440,49,0.6255159
BLURUSDT,BUY,LIMIT,1700879049204,433,0.6483071
BLURUSDT,BUY,LIMIT,1700879051240,57,0.6485039
BLURUSDT,BUY,LIMIT,1700879062193,1370,0.6496529
BLURUSDT,BUY,LIMIT,1700879271228,409,0.6500312
BLURUSDT,SELL,LIMIT,1700879407484,331,0.6273458
BLURUSDT,BUY,LIMIT,1700879459116,10,0.6367329
BLURUSDT,SELL,LIMIT,1700879569609,7121,0.6261994
BLURUSDT,SELL,LIMIT,1700879575309,34,0.6250708
BLURUSDT,SELL,LIMIT,1700879584633,58,0.6238682
BLURUSDT,SELL,LIMIT,1700879586269,5792,0.6233725
BLURUSDT,BUY,LIMIT,1700879676584,2587,0.6457513
BLURUSDT,BUY,LIMIT,1700879840279,786,0.6484020
BLURUSDT,BUY,LIMIT,1700879853298,1722,0.6499913
BLURUSDT,SELL,LIMIT,1700880641278,53,0.6283175
BLURUSDT,SELL,LIMIT,1700880643870,1073,0.6275548
BLURUSDT,SELL,LIMIT,1700880647235,5718,0.6273276
BLURUSDT,SELL,LIMIT,1700880650117,1873,0.6271635
BLURUSDT,SELL,LIMIT,1700880658404,32,0.6262054
BLURUSDT,SELL,LIMIT,1700880666277,20,0.6252785
BLURUSDT,BUY,LIMIT,1700880786141,2565,0.6479062
BLURUSDT,BUY,LIMIT,1700880884367,784,0.6502243
BLURUSDT,BUY,LIMIT,1700880982781,10,0.6507028
BLURUSDT,SELL,LIMIT,1700881066078,698,0.6282456
BLURUSDT,SELL,LIMIT,1700881067667,667,0.6276276
BLURUSDT,BUY,LIMIT,1700881468502,1751,0.6509383
BLURUSDT,BUY,LIMIT,1700881478536,30,0.6511499
BLURUSDT,BUY,LIMIT,1700881481240,469,0.6512441
BLURUSDT,SELL,LIMIT,1700881927238,35,0.6275901
BLURUSDT,SELL,LIMIT,1700882014555,11,0.6271162
BLURUSDT,SELL,LIMIT,1700882027845,81,0.6262222
BLURUSDT,SELL,LIMIT,1700882314364,262,0.6256261
BLURUSDT,SELL,LIMIT,1700882318407,321,0.6253436
BLURUSDT,SELL,LIMIT,1700882325080,1346,0.6247760
BLURUSDT,SELL,LIMIT,1700882335973,756,0.6241718
BLURUSDT,SELL,LIMIT,1700882337465,873,0.6234376
BLURUSDT,SELL,LIMIT,1700882338921,3551,0.6231133
BLURUSDT,SELL,LIMIT,1700882464834,134409,0.6172038
BLURUSDT,SELL,LIMIT,1700882467272,580,0.6220493
BLURUSDT,BUY,LIMIT,1700882472711,1311,0.6401604
BLURUSDT,SELL,LIMIT,1700882528398,66,0.6209123
BLURUSDT,SELL,LIMIT,1700882531927,17,0.6206618
BLURUSDT,SELL,LIMIT,1700882533010,66,0.6202667
BLURUSDT,BUY,LIMIT,1700882567554,793,0.6424898
BLURUSDT,BUY,LIMIT,1700882580099,263,0.6434064
