Symbol,Side,Order Type,Time,Quantity,Price
BLZUSDT,BUY,LIMIT,1701915332396,30,0.27452
BLZUSDT,BUY,LIMIT,1701915505083,378,0.27762
BLZUSDT,SELL,LIMIT,1701916478639,789,0.25675
BLZUSDT,SELL,LIMIT,1701931835828,524,0.26228
BLZUSDT,BUY,LIMIT,1701937592810,87,0.27129
BLZUSDT,SELL,LIMIT,1701941239113,1552,0.25923
BLZUSDT,BUY,LIMIT,1701943226429,159,0.27879
BLZUSDT,BUY,LIMIT,1701954732823,108,0.28084
BLZUSDT,BUY,LIMIT,1701954735014,46,0.28089
BLZUSDT,BUY,LIMIT,1701954737101,35,0.28093
BLZUSDT,BUY,LIMIT,1701954747545,394,0.28123
BLZUSDT,BUY,LIMIT,1701962688545,1972,0.28044
BLZUSDT,SELL,LIMIT,1701963951264,794,0.26617
BLZUSDT,BUY,LIMIT,1701964257519,2400,0.27939
BLZUSDT,SELL,LIMIT,1701964724071,40,0.69381
BLZUSDT,BUY,LIMIT,1701970208311,1552,0.28156
BLZUSDT,BUY,LIMIT,1701987528447,39,0.27786
BLZUSDT,BUY,LIMIT,1701988353532,649,0.27726
BLZUSDT,BUY,LIMIT,1701994747724,5701,0.28148
BLZUSDT,BUY,LIMIT,1701995714411,29,0.28300
BLZUSDT,BUY,LIMIT,1701995770777,38,0.28322
BLZUSDT,BUY,LIMIT,1701996527160,52,0.28406
BLZUSDT,BUY,LIMIT,1701996544307,209,0.28414
BLZUSDT,BUY,LIMIT,1701996564421,26,0.28434
BLZUSDT,BUY,LIMIT,1701996661893,886,0.28445
BLZUSDT,BUY,LIMIT,1701996816198,2172,0.28453
BLZUSDT,BUY,LIMIT,1701996825743,1344,0.28464
BLZUSDT,BUY,LIMIT,1701997982105,59,0.28315
BLZUSDT,BUY,LIMIT,1701998571074,100,0.28356
BLZUSDT,SELL,LIMIT,1702002714152,21,0.26352
BLZUSDT,SELL,LIMIT,1702002716356,2959,0.26362
BLZUSDT,SELL,LIMIT,1702002791059,248,0.26306
BLZUSDT,SELL,LIMIT,1702002806465,2598,0.26298
BLZUSDT,SELL,LIMIT,1702002812354,415,0.26281
BLZUSDT,SELL,LIMIT,1702002848777,1267,0.26219
BLZUSDT,SELL,LIMIT,1702003071549,363,0.26132
BLZUSDT,SELL,LIMIT,1702003895794,97,0.26051
BLZUSDT,BUY,LIMIT,1702006890307,3200,0.27883
BLZUSDT,BUY,LIMIT,1702008918876,10223,0.28010
BLZUSDT,BUY,LIMIT,1702015838931,25,0.28249
BLZUSDT,BUY,LIMIT,1702017421215,5089,0.28209
BLZUSDT,BUY,LIMIT,1702033228539,158,0.27752
BLZUSDT,BUY,LIMIT,1702042539223,423,0.28040
BLZUSDT,SELL,LIMIT,1702043691178,1724,0.27004
BLZUSDT,BUY,LIMIT,1702048108127,87,0.27924
BLZUSDT,BUY,LIMIT,1702051501763,137,0.27908
BLZUSDT,SELL,LIMIT,1702051700135,73,0.26530
BLZUSDT,BUY,LIMIT,1702064195892,143,0.27747
BLZUSDT,BUY,LIMIT,1702064734978,21000,0.27837
BLZUSDT,BUY,LIMIT,1702072954524,137,0.27831
BLZUSDT,BUY,LIMIT,1702075521274,3851,0.27852
BLZUSDT,BUY,LIMIT,1702078177083,12200,0.27892
BLZUSDT,BUY,LIMIT,1702079456646,146,0.27936
BLZUSDT,BUY,LIMIT,1702080982975,550,0.28240
BLZUSDT,BUY,LIMIT,1702081422178,742,0.28376
BLZUSDT,BUY,LIMIT,1702082245304,92,0.28480
BLZUSDT,BUY,LIMIT,1702082329200,646,0.28489
BLZUSDT,BUY,LIMIT,1702082856583,570,0.28507
BLZUSDT,BUY,LIMIT,1702082858521,43,0.28524
BLZUSDT,BUY,LIMIT,1702082860241,1024,0.28568
BLZUSDT,BUY,LIMIT,1702082894362,1482,0.28637
BLZUSDT,BUY,LIMIT,1702082906423,21,0.28691
BLZUSDT,BUY,LIMIT,1702082910134,4956,0.28735
BLZUSDT,BUY,LIMIT,1702082987769,106,0.28846
BLZUSDT,BUY,LIMIT,1702083093557,106,0.28934
BLZUSDT,BUY,LIMIT,1702091266960,43,0.28135
BLZUSDT,SELL,LIMIT,1702098938240,529,0.27071
BLZUSDT,BUY,LIMIT,1702103465217,32032,0.28779
BLZUSDT,BUY,LIMIT,1702103468196,29,0.28808
BLZUSDT,BUY,LIMIT,1702103507785,395,0.29032
BLZUSDT,BUY,LIMIT,1702103510599,945,0.29076
BLZUSDT,BUY,LIMIT,1702103513579,155,0.29073
BLZUSDT,BUY,LIMIT,1702103534276,190,0.29098
BLZUSDT,BUY,LIMIT,1702103621085,74,0.29218
BLZUSDT,BUY,LIMIT,1702103646953,226,0.29285
BLZUSDT,BUY,LIMIT,1702103648715,196,0.29308
BLZUSDT,BUY,LIMIT,1702103663145,327,0.29326
BLZUSDT,BUY,LIMIT,1702103723270,51,0.29385
BLZUSDT,BUY,LIMIT,1702104849423,71,0.29294
BLZUSDT,BUY,LIMIT,1702105024361,2455,0.29625
BLZUSDT,SELL,LIMIT,1702105478528,347,0.27314
BLZUSDT,BUY,LIMIT,1702108041795,2496,0.28917
BLZUSDT,SELL,LIMIT,1702108366209,74,0.27435
BLZUSDT,BUY,LIMIT,1702109743209,1830,0.28939
BLZUSDT,SELL,LIMIT,1702111035735,104,0.27301
BLZUSDT,SELL,LIMIT,1702111039186,15956,0.27272
BLZUSDT,SELL,LIMIT,1702111199062,2798,0.27042
BLZUSDT,SELL,LIMIT,1702111380366,88,0.26948
BLZUSDT,SELL,LIMIT,1702111381792,600,0.26934
BLZUSDT,SELL,LIMIT,1702133003243,1565,0.32321
BLZUSDT,SELL,LIMIT,1702133009670,412,0.27108
