Symbol,Side,Order Type,Time,Quantity,Price
BLZUSDT,SELL,LIMIT,1701067814593,665,0.23952
BLZUSDT,SELL,LIMIT,1701069857553,590,0.23300
BLZUSDT,SELL,LIMIT,1701069900385,164,0.23139
BLZUSDT,BUY,LIMIT,1701077678299,5746,0.24911
BLZUSDT,SELL,LIMIT,1701080955658,49,0.23451
BLZUSDT,SELL,LIMIT,1701081580229,108,0.23301
BLZUSDT,SELL,LIMIT,1701082720404,21,0.26331
BLZUSDT,SELL,LIMIT,1701083186481,777,0.23307
BLZUSDT,BUY,LIMIT,1701099566557,138,0.25105
BLZUSDT,SELL,LIMIT,1701100562593,2024,0.23649
BLZUSDT,SELL,LIMIT,1701100576483,833,0.23636
BLZUSDT,SELL,LIMIT,1701101007837,108,0.23588
BLZUSDT,BUY,LIMIT,1701103636193,3213,0.25157
BLZUSDT,BUY,LIMIT,1701104216797,3000,0.25154
BLZUSDT,BUY,LIMIT,1701105161563,652,0.25356
BLZUSDT,BUY,LIMIT,1701111238174,132,0.24861
BLZUSDT,SELL,LIMIT,1701114343931,202,0.23482
BLZUSDT,SELL,LIMIT,1701114352849,31,0.23477
BLZUSDT,SELL,LIMIT,1701114459398,276,0.23454
BLZUSDT,SELL,LIMIT,1701114478667,2764,0.23443
BLZUSDT,SELL,LIMIT,1701114481112,83,0.23430
BLZUSDT,SELL,LIMIT,1701114498337,1648,0.23411
BLZUSDT,SELL,LIMIT,1701114500124,21,0.23406
BLZUSDT,SELL,LIMIT,1701114569674,213,0.23386
BLZUSDT,SELL,LIMIT,1701116887222,32,0.23344
BLZUSDT,SELL,LIMIT,1701116945910,1149,0.23325
BLZUSDT,SELL,LIMIT,1701117273262,29,0.23303
BLZUSDT,SELL,LIMIT,1701117274854,83,0.23296
BLZUSDT,SELL,LIMIT,1701117348747,4055,0.23290
BLZUSDT,SELL,LIMIT,1701117653524,542,0.23280
BLZUSDT,SELL,LIMIT,1701117925515,24,0.23273
BLZUSDT,SELL,LIMIT,1701118127535,1626,0.23242
BLZUSDT,SELL,LIMIT,1701118214201,4065,0.23155
BLZUSDT,SELL,LIMIT,1701118401949,262,0.23096
BLZUSDT,SELL,LIMIT,1701135182099,621,0.23560
BLZUSDT,SELL,LIMIT,1701144208160,406,0.23406
BLZUSDT,SELL,LIMIT,1701145875452,3259,0.23381
BLZUSDT,SELL,LIMIT,1701145974596,474,0.23319
BLZUSDT,SELL,LIMIT,1701147774369,1328,0.23219
BLZUSDT,SELL,LIMIT,1701147778107,32,0.23159
BLZUSDT,SELL,LIMIT,1701147891409,25,0.23253
BLZUSDT,SELL,LIMIT,1701148158037,798,0.23138
BLZUSDT,SELL,LIMIT,1701148225079,41102,0.23077
BLZUSDT,SELL,LIMIT,1701149491128,21977,0.23017
BLZUSDT,SELL,LIMIT,1701149492428,522,0.22991
BLZUSDT,SELL,LIMIT,1701149502328,192,0.23070
BLZUSDT,SELL,LIMIT,1701149692433,916,0.22975
BLZUSDT,SELL,LIMIT,1701149694518,2000,0.22967
BLZUSDT,SELL,LIMIT,1701149706878,8317,0.22958
BLZUSDT,SELL,LIMIT,1701149714099,3929,0.22956
BLZUSDT,SELL,LIMIT,1701149723640,610,0.22941
BLZUSDT,SELL,LIMIT,1701149725514,56,0.22911
BLZUSDT,SELL,LIMIT,1701149726587,60,0.22907
BLZUSDT,SELL,LIMIT,1701149728447,22704,0.22904
BLZUSDT,SELL,LIMIT,1701149729470,201,0.22890
BLZUSDT,SELL,LIMIT,1701149731171,3603,0.22865
BLZUSDT,SELL,LIMIT,1701149800504,2234,0.22851
BLZUSDT,SELL,LIMIT,1701149802377,27,0.22852
BLZUSDT,SELL,LIMIT,1701149814802,3447,0.22845
BLZUSDT,SELL,LIMIT,1701149820731,58,0.22817
BLZUSDT,SELL,LIMIT,1701149822223,260,0.22812
BLZUSDT,SELL,LIMIT,1701149825059,1034,0.22813
BLZUSDT,SELL,LIMIT,1701149851209,3790,0.22797
BLZUSDT,SELL,LIMIT,1701149857127,1258,0.22789
BLZUSDT,SELL,LIMIT,1701149890650,47,0.22784
BLZUSDT,SELL,LIMIT,1701151263535,2437,0.22752
BLZUSDT,SELL,LIMIT,1701155444507,22938,0.23037
BLZUSDT,SELL,LIMIT,1701156266922,605,0.22701
BLZUSDT,SELL,LIMIT,1701156269051,22,0.22698
BLZUSDT,SELL,LIMIT,1701156301594,303,0.22677
BLZUSDT,SELL,LIMIT,1701156308097,1988,0.22663
BLZUSDT,SELL,LIMIT,1701156556724,405,0.22646
BLZUSDT,SELL,LIMIT,1701156558389,32,0.22640
BLZUSDT,SELL,LIMIT,1701156645884,3711,0.22664
BLZUSDT,SELL,LIMIT,1701157030626,53,0.22622
BLZUSDT,SELL,LIMIT,1701158802872,12064,0.22574
BLZUSDT,SELL,LIMIT,1701161919961,2354,0.22525
BLZUSDT,SELL,LIMIT,1701161942280,4257,0.22507
BLZUSDT,SELL,LIMIT,1701162006112,36,0.22475
BLZUSDT,SELL,LIMIT,1701162021568,7644,0.22468
BLZUSDT,SELL,LIMIT,1701162084584,862,0.22427
BLZUSDT,SELL,LIMIT,1701162092662,4872,0.22382
BLZUSDT,BUY,LIMIT,1701164387786,175,0.23830
BLZUSDT,BUY,LIMIT,1701164799204,268,0.24207
BLZUSDT,BUY,LIMIT,1701164801247,6876,0.24262
BLZUSDT,BUY,LIMIT,1701164803518,122,0.24277
BLZUSDT,BUY,LIMIT,1701164807479,4643,0.24299
BLZUSDT,BUY,LIMIT,1701164818426,187,0.24331
BLZUSDT,BUY,LIMIT,1701165283401,4323,0.24408
BLZUSDT,BUY,LIMIT,1701165286219,1267,0.24443
BLZUSDT,BUY,LIMIT,1701165287239,1959,0.24486
BLZUSDT,BUY,LIMIT,1701165303069,3828,0.24568
BLZUSDT,BUY,LIMIT,1701166963613,1738,0.24617
BLZUSDT,BUY,LIMIT,1701168297088,6484,0.24656
BLZUSDT,BUY,LIMIT,1701168298762,951,0.24667
BLZUSDT,BUY,LIMIT,1701169975238,1322,0.24708
BLZUSDT,BUY,LIMIT,1701171860110,2174,0.24764
BLZUSDT,BUY,LIMIT,1701171861927,97,0.24822
BLZUSDT,BUY,LIMIT,1701171995154,6008,0.24955
BLZUSDT,BUY,LIMIT,1701171996498,246,0.24997
BLZUSDT,BUY,LIMIT,1701172149358,1707,0.25111
BLZUSDT,BUY,LIMIT,1701172161669,1353,0.25189
BLZUSDT,BUY,LIMIT,1701172166142,36,0.25319
BLZUSDT,BUY,LIMIT,1701172172196,1212,0.25356
BLZUSDT,BUY,LIMIT,1701172173802,2159,0.25432
BLZUSDT,BUY,LIMIT,1701172175813,863,0.25476
BLZUSDT,BUY,LIMIT,1701172607750,9251,0.25575
BLZUSDT,BUY,LIMIT,1701172609195,102851,0.25620
BLZUSDT,BUY,LIMIT,1701173505449,933,0.25743
BLZUSDT,BUY,LIMIT,1701173983363,503,0.25903
BLZUSDT,BUY,LIMIT,1701174003905,14376,0.25966
BLZUSDT,BUY,LIMIT,1701174150407,173,0.25846
BLZUSDT,BUY,LIMIT,1701182380422,31,0.26003
BLZUSDT,BUY,LIMIT,1701182392347,231,0.26015
BLZUSDT,BUY,LIMIT,1701182399327,28,0.26029
BLZUSDT,BUY,LIMIT,1701183043104,1000,0.26034
BLZUSDT,BUY,LIMIT,1701183546191,3148,0.26050
BLZUSDT,BUY,LIMIT,1701186203021,91,0.25591
BLZUSDT,BUY,LIMIT,1701188458206,44,0.26163
BLZUSDT,BUY,LIMIT,1701188461543,132,0.26184
BLZUSDT,BUY,LIMIT,1701188463632,169,0.26194
BLZUSDT,SELL,LIMIT,1701190171257,198,0.24553
BLZUSDT,BUY,LIMIT,1701197843105,1000,0.25749
BLZUSDT,SELL,LIMIT,1701197851420,117,0.24519
BLZUSDT,SELL,LIMIT,1701197856583,72,0.24521
BLZUSDT,BUY,LIMIT,1701201699977,5221,0.26001
BLZUSDT,SELL,LIMIT,1701236056673,61,0.24252
BLZUSDT,BUY,LIMIT,1701253161359,363,0.25507
BLZUSDT,SELL,LIMIT,1701254265505,4205,0.24126
BLZUSDT,SELL,LIMIT,1701254283407,609,0.24102
BLZUSDT,SELL,LIMIT,1701254344001,592,0.24059
BLZUSDT,SELL,LIMIT,1701254345336,37,0.24041
BLZUSDT,SELL,LIMIT,1701254351870,98,0.24030
BLZUSDT,SELL,LIMIT,1701254356485,20,0.23990
BLZUSDT,SELL,LIMIT,1701254359959,4602,0.23986
BLZUSDT,SELL,LIMIT,1701254361397,250,0.23967
BLZUSDT,SELL,LIMIT,1701254362426,67,0.23968
BLZUSDT,SELL,LIMIT,1701254413396,889,0.23928
BLZUSDT,SELL,LIMIT,1701254420336,31,0.23928
BLZUSDT,SELL,LIMIT,1701259468085,39,0.23968
BLZUSDT,SELL,LIMIT,1701260114051,35,0.23906
BLZUSDT,SELL,LIMIT,1701260288193,1597,0.23871
BLZUSDT,SELL,LIMIT,1701260292360,8105,0.23862
BLZUSDT,SELL,LIMIT,1701260601512,1950,0.23785
BLZUSDT,SELL,LIMIT,1701261502360,2416,0.23759
BLZUSDT,BUY,LIMIT,1701265857067,80,0.25190
BLZUSDT,SELL,LIMIT,1701267534534,2000,0.23894
BLZUSDT,SELL,LIMIT,1701270618184,3381,0.23654
BLZUSDT,SELL,LIMIT,1701284474077,92,0.24066
BLZUSDT,SELL,LIMIT,1701285555947,112,0.23947
BLZUSDT,SELL,LIMIT,1701290340109,990,0.23960
BLZUSDT,BUY,LIMIT,1701301602332,226,0.25500
BLZUSDT,BUY,LIMIT,1701301604251,2859,0.25521
BLZUSDT,BUY,LIMIT,1701301607672,487,0.25532
BLZUSDT,BUY,LIMIT,1701301615233,410,0.25565
BLZUSDT,BUY,LIMIT,1701301622289,154,0.25594
BLZUSDT,BUY,LIMIT,1701301623327,75,0.25597
BLZUSDT,BUY,LIMIT,1701301627424,6216,0.25623
BLZUSDT,BUY,LIMIT,1701301633950,40,0.25627
BLZUSDT,BUY,LIMIT,1701301642868,409,0.25651
BLZUSDT,BUY,LIMIT,1701301644994,122,0.25681
BLZUSDT,BUY,LIMIT,1701301672114,61,0.25744
BLZUSDT,BUY,LIMIT,1701301840247,11244,0.25830
BLZUSDT,BUY,LIMIT,1701301842421,1589,0.25842
BLZUSDT,BUY,LIMIT,1701302501075,814,0.26053
BLZUSDT,SELL,LIMIT,1701305250201,5777,0.24316
BLZUSDT,SELL,LIMIT,1701320429836,3450,0.24328
BLZUSDT,SELL,LIMIT,1701337692188,92,0.24472
BLZUSDT,SELL,LIMIT,1701352214228,322,0.24079
BLZUSDT,SELL,LIMIT,1701352238124,395,0.24027
BLZUSDT,SELL,LIMIT,1701352242210,77,0.23990
BLZUSDT,SELL,LIMIT,1701352250060,70,0.23973
BLZUSDT,SELL,LIMIT,1701352285507,105,0.23948
BLZUSDT,BUY,LIMIT,1701352592350,237,0.25783
BLZUSDT,BUY,LIMIT,1701352712285,536,0.26288
BLZUSDT,BUY,LIMIT,1701352716242,3061,0.26321
BLZUSDT,BUY,LIMIT,1701352728479,2556,0.26381
BLZUSDT,BUY,LIMIT,1701352732027,858,0.26459
BLZUSDT,BUY,LIMIT,1701352802924,695,0.26531
BLZUSDT,BUY,LIMIT,1701352808610,4128,0.26641
BLZUSDT,BUY,LIMIT,1701352813303,263,0.26725
BLZUSDT,SELL,LIMIT,1701353139535,33,0.24651
BLZUSDT,SELL,LIMIT,1701353142338,22,0.24501
BLZUSDT,SELL,LIMIT,1701353143946,13859,0.24500
BLZUSDT,SELL,LIMIT,1701353145213,867,0.24489
BLZUSDT,SELL,LIMIT,1701353146263,1565,0.24491
BLZUSDT,SELL,LIMIT,1701353169351,194,0.24417
BLZUSDT,SELL,LIMIT,1701354671808,785,0.24145
BLZUSDT,SELL,LIMIT,1701355277343,47,0.24221
BLZUSDT,SELL,LIMIT,1701390494304,25,0.24111
BLZUSDT,SELL,LIMIT,1701390627402,244,0.24086
BLZUSDT,BUY,LIMIT,1701405515310,22,0.25714
BLZUSDT,SELL,LIMIT,1701447387093,666,0.24471
BLZUSDT,SELL,LIMIT,1701447394996,666,0.24473
BLZUSDT,BUY,LIMIT,1701447589389,702,0.25776
BLZUSDT,SELL,LIMIT,1701454669217,59,0.24470
BLZUSDT,SELL,LIMIT,1701460912074,265,0.24466
BLZUSDT,SELL,LIMIT,1701462416056,158,0.24763
BLZUSDT,SELL,LIMIT,1701486006689,2854,0.24546
BLZUSDT,BUY,LIMIT,1701496502534,35,0.26249
BLZUSDT,BUY,LIMIT,1701496557135,30,0.26284
BLZUSDT,BUY,LIMIT,1701496562985,21,0.26291
BLZUSDT,BUY,LIMIT,1701496996539,21,0.26343
BLZUSDT,BUY,LIMIT,1701497011593,30,0.26365
BLZUSDT,BUY,LIMIT,1701500912727,6,0.26584
BLZUSDT,BUY,LIMIT,1701504500566,4100,0.26694
BLZUSDT,BUY,LIMIT,1701507733325,1023,0.26815
BLZUSDT,BUY,LIMIT,1701507961317,199,0.26849
BLZUSDT,BUY,LIMIT,1701508015283,422,0.26878
BLZUSDT,BUY,LIMIT,1701508186067,1810,0.26891
BLZUSDT,BUY,LIMIT,1701508540314,30,0.26971
BLZUSDT,BUY,LIMIT,1701508554272,1153,0.26994
BLZUSDT,BUY,LIMIT,1701508578744,3226,0.27020
BLZUSDT,BUY,LIMIT,1701508777788,40,0.27034
BLZUSDT,SELL,LIMIT,1701510262307,1102,0.25200
BLZUSDT,SELL,LIMIT,1701510279573,127,0.25162
BLZUSDT,SELL,LIMIT,1701510290144,3526,0.24987
BLZUSDT,SELL,LIMIT,1701510331462,668,0.24975
BLZUSDT,SELL,LIMIT,1701510332729,189,0.24852
BLZUSDT,SELL,LIMIT,1701510334019,3618,0.24796
BLZUSDT,SELL,LIMIT,1701510341283,737,0.24780
BLZUSDT,SELL,LIMIT,1701510342847,3824,0.24792
BLZUSDT,SELL,LIMIT,1701510345134,122,0.24769
BLZUSDT,SELL,LIMIT,1701510349883,6853,0.24747
BLZUSDT,SELL,LIMIT,1701510353262,2069,0.24732
BLZUSDT,SELL,LIMIT,1701510354894,257,0.24712
