Symbol,Side,Order Type,Time,Quantity,Price
BLZUSDT,BUY,LIMIT,1701915332396,30,0.27452
BLZUSDT,BUY,LIMIT,1701915505083,378,0.27762
BLZUSDT,SELL,LIMIT,1701916478639,789,0.25675
BLZUSDT,SELL,LIMIT,1701931835828,524,0.26228
BLZUSDT,BUY,LIMIT,1701937592810,87,0.27129
BLZUSDT,SELL,LIMIT,1701941239113,1552,0.25923
BLZUSDT,BUY,LIMIT,1701943226429,159,0.27879
BLZUSDT,BUY,LIMIT,1701954732823,108,0.28084
BLZUSDT,BUY,LIMIT,1701954735014,46,0.28089
BLZUSDT,BUY,LIMIT,1701954737101,35,0.28093
BLZUSDT,BUY,LIMIT,1701954747545,394,0.28123
BLZUSDT,BUY,LIMIT,1701962688545,1972,0.28044
BLZUSDT,SELL,LIMIT,1701963951264,794,0.26617
BLZUSDT,BUY,LIMIT,1701964257519,2400,0.27939
BLZUSDT,SELL,LIMIT,1701964724071,40,0.69381
BLZUSDT,BUY,LIMIT,1701970208311,1552,0.28156
BLZUSDT,BUY,LIMIT,1701987528447,39,0.27786
BLZUSDT,BUY,LIMIT,1701988353532,649,0.27726
BLZUSDT,BUY,LIMIT,1701994747724,5701,0.28148
BLZUSDT,BUY,LIMIT,1701995714411,29,0.28300
BLZUSDT,BUY,LIMIT,1701995770777,38,0.28322
BLZUSDT,BUY,LIMIT,1701996527160,52,0.28406
BLZUSDT,BUY,LIMIT,1701996544307,209,0.28414
BLZUSDT,BUY,LIMIT,1701996564421,26,0.28434
BLZUSDT,BUY,LIMIT,1701996661893,886,0.28445
BLZUSDT,BUY,LIMIT,1701996816198,2172,0.28453
BLZUSDT,BUY,LIMIT,1701996825743,1344,0.28464
BLZUSDT,BUY,LIMIT,1701997982105,59,0.28315
BLZUSDT,BUY,LIMIT,1701998571074,100,0.28356
BLZUSDT,SELL,LIMIT,1702002714152,21,0.26352
BLZUSDT,SELL,LIMIT,1702002716356,2959,0.26362
BLZUSDT,SELL,LIMIT,1702002791059,248,0.26306
BLZUSDT,SELL,LIMIT,1702002806465,2598,0.26298
BLZUSDT,SELL,LIMIT,1702002812354,415,0.26281
BLZUSDT,SELL,LIMIT,1702002848777,1267,0.26219
BLZUSDT,SELL,LIMIT,1702003071549,363,0.26132
BLZUSDT,SELL,LIMIT,1702003895794,97,0.26051
BLZUSDT,BUY,LIMIT,1702006890307,3200,0.27883
BLZUSDT,BUY,LIMIT,1702008918876,10223,0.28010
BLZUSDT,BUY,LIMIT,1702015838931,25,0.28249
BLZUSDT,BUY,LIMIT,1702017421215,5089,0.28209
BLZUSDT,BUY,LIMIT,1702033228539,158,0.27752
BLZUSDT,BUY,LIMIT,1702042539223,423,0.28040
BLZUSDT,SELL,LIMIT,1702043691178,1724,0.27004
BLZUSDT,BUY,LIMIT,1702048108127,87,0.27924
BLZUSDT,BUY,LIMIT,1702051501763,137,0.27908
BLZUSDT,SELL,LIMIT,1702051700135,73,0.26530
BLZUSDT,BUY,LIMIT,1702064195892,143,0.27747
BLZUSDT,BUY,LIMIT,1702064734978,21000,0.27837
BLZUSDT,BUY,LIMIT,1702072954524,137,0.27831
BLZUSDT,BUY,LIMIT,1702075521274,3851,0.27852
BLZUSDT,BUY,LIMIT,1702078177083,12200,0.27892
BLZUSDT,BUY,LIMIT,1702079456646,146,0.27936
BLZUSDT,BUY,LIMIT,1702080982975,550,0.28240
BLZUSDT,BUY,LIMIT,1702081422178,742,0.28376
BLZUSDT,BUY,LIMIT,1702082245304,92,0.28480
BLZUSDT,BUY,LIMIT,1702082329200,646,0.28489
BLZUSDT,BUY,LIMIT,1702082856583,570,0.28507
BLZUSDT,BUY,LIMIT,1702082858521,43,0.28524
BLZUSDT,BUY,LIMIT,1702082860241,1024,0.28568
BLZUSDT,BUY,LIMIT,1702082894362,1482,0.28637
BLZUSDT,BUY,LIMIT,1702082906423,21,0.28691
BLZUSDT,BUY,LIMIT,1702082910134,4956,0.28735
BLZUSDT,BUY,LIMIT,1702082987769,106,0.28846
BLZUSDT,BUY,LIMIT,1702083093557,106,0.28934
BLZUSDT,BUY,LIMIT,1702091266960,43,0.28135
BLZUSDT,SELL,LIMIT,1702098938240,529,0.27071
BLZUSDT,BUY,LIMIT,1702103465217,32032,0.28779
BLZUSDT,BUY,LIMIT,1702103468196,29,0.28808
BLZUSDT,BUY,LIMIT,1702103507785,395,0.29032
BLZUSDT,BUY,LIMIT,1702103510599,945,0.29076
BLZUSDT,BUY,LIMIT,1702103513579,155,0.29073
BLZUSDT,BUY,LIMIT,1702103534276,190,0.29098
BLZUSDT,BUY,LIMIT,1702103621085,74,0.29218
BLZUSDT,BUY,LIMIT,1702103646953,226,0.29285
BLZUSDT,BUY,LIMIT,1702103648715,196,0.29308
BLZUSDT,BUY,LIMIT,1702103663145,327,0.29326
BLZUSDT,BUY,LIMIT,1702103723270,51,0.29385
BLZUSDT,BUY,LIMIT,1702104849423,71,0.29294
BLZUSDT,BUY,LIMIT,1702105024361,2455,0.29625
BLZUSDT,SELL,LIMIT,1702105478528,347,0.27314
BLZUSDT,BUY,LIMIT,1702108041795,2496,0.28917
BLZUSDT,SELL,LIMIT,1702108366209,74,0.27435
BLZUSDT,BUY,LIMIT,1702109743209,1830,0.28939
BLZUSDT,SELL,LIMIT,1702111035735,104,0.27301
BLZUSDT,SELL,LIMIT,1702111039186,15956,0.27272
BLZUSDT,SELL,LIMIT,1702111199062,2798,0.27042
BLZUSDT,SELL,LIMIT,1702111380366,88,0.26948
BLZUSDT,SELL,LIMIT,1702111381792,600,0.26934
BLZUSDT,SELL,LIMIT,1702133003243,1565,0.32321
BLZUSDT,SELL,LIMIT,1702133009670,412,0.27108
BLZUSDT,SELL,LIMIT,1702139000711,70,0.27316
BLZUSDT,SELL,LIMIT,1702141701616,100,0.27127
BLZUSDT,SELL,LIMIT,1702142711251,3544,0.27565
BLZUSDT,SELL,LIMIT,1702145412838,853,0.27035
BLZUSDT,SELL,LIMIT,1702164533312,1006,0.27136
BLZUSDT,SELL,LIMIT,1702164539667,17521,0.27135
BLZUSDT,SELL,LIMIT,1702164541505,72,0.27113
BLZUSDT,SELL,LIMIT,1702164752665,2166,0.27054
BLZUSDT,BUY,LIMIT,1702164765414,56,0.28422
BLZUSDT,SELL,LIMIT,1702164808243,19,0.26937
BLZUSDT,SELL,LIMIT,1702164809711,441,0.26935
BLZUSDT,SELL,LIMIT,1702164811292,3146,0.26908
BLZUSDT,SELL,LIMIT,1702164812315,380,0.26929
BLZUSDT,SELL,LIMIT,1702164814720,2629,0.26890
BLZUSDT,SELL,LIMIT,1702164842521,5642,0.26886
BLZUSDT,SELL,LIMIT,1702164868342,1504,0.26794
BLZUSDT,BUY,LIMIT,1702165312191,597,0.28324
BLZUSDT,BUY,LIMIT,1702174016454,176,0.29181
BLZUSDT,BUY,LIMIT,1702174097665,311,0.29301
BLZUSDT,BUY,LIMIT,1702174261476,39,0.29435
BLZUSDT,BUY,LIMIT,1702174358419,675,0.29523
BLZUSDT,BUY,LIMIT,1702174360428,28,0.29564
BLZUSDT,BUY,LIMIT,1702174393162,71,0.29597
BLZUSDT,BUY,LIMIT,1702174665500,1688,0.29946
BLZUSDT,BUY,LIMIT,1702174672071,3798,0.29948
BLZUSDT,BUY,LIMIT,1702174712734,292,0.30062
BLZUSDT,BUY,LIMIT,1702174714504,34,0.30067
BLZUSDT,BUY,LIMIT,1702175153424,1470,0.30087
BLZUSDT,BUY,LIMIT,1702175174215,539,0.30099
BLZUSDT,BUY,LIMIT,1702175175294,752,0.30098
BLZUSDT,BUY,LIMIT,1702175177102,11,0.30105
BLZUSDT,BUY,LIMIT,1702175179551,1042,0.30128
BLZUSDT,BUY,LIMIT,1702175187619,3417,0.30147
BLZUSDT,SELL,LIMIT,1702181360034,7659,0.27891
BLZUSDT,SELL,LIMIT,1702184929181,82,0.27864
BLZUSDT,BUY,LIMIT,1702193450745,704,0.29800
BLZUSDT,SELL,LIMIT,1702197066040,675,0.27820
BLZUSDT,SELL,LIMIT,1702197761493,22,0.27812
BLZUSDT,SELL,LIMIT,1702200409441,84,0.27738
BLZUSDT,SELL,LIMIT,1702200899848,184,0.27606
BLZUSDT,SELL,LIMIT,1702200900855,5200,0.27620
BLZUSDT,SELL,LIMIT,1702200927314,555,0.27604
BLZUSDT,SELL,LIMIT,1702201477213,223,0.27568
BLZUSDT,SELL,LIMIT,1702201482435,137,0.27544
BLZUSDT,SELL,LIMIT,1702202151341,10000,0.27763
BLZUSDT,SELL,LIMIT,1702202290515,30,0.28077
BLZUSDT,SELL,LIMIT,1702202313887,181,0.27682
BLZUSDT,SELL,LIMIT,1702202323180,436,0.27673
BLZUSDT,SELL,LIMIT,1702202373555,351,0.27999
BLZUSDT,SELL,LIMIT,1702202388245,1537,0.28047
BLZUSDT,BUY,LIMIT,1702202530424,62,0.29738
BLZUSDT,BUY,LIMIT,1702203708312,349,0.30061
BLZUSDT,SELL,LIMIT,1702205157181,3863,0.27701
BLZUSDT,SELL,LIMIT,1702205158244,17057,0.27708
BLZUSDT,SELL,LIMIT,1702205227070,2092,0.27825
BLZUSDT,SELL,LIMIT,1702205572967,137,0.27606
BLZUSDT,BUY,LIMIT,1702218216181,11268,0.29915
BLZUSDT,SELL,LIMIT,1702226563488,1374,0.27832
BLZUSDT,SELL,LIMIT,1702226611575,427,0.27742
BLZUSDT,SELL,LIMIT,1702226612690,4285,0.27707
BLZUSDT,SELL,LIMIT,1702226671296,393,0.27697
BLZUSDT,SELL,LIMIT,1702226673672,322,0.27679
BLZUSDT,SELL,LIMIT,1702226697468,50,0.27669
BLZUSDT,SELL,LIMIT,1702226809832,3227,0.27640
BLZUSDT,SELL,LIMIT,1702226812495,1306,0.27635
BLZUSDT,SELL,LIMIT,1702229325526,626,0.27598
BLZUSDT,SELL,LIMIT,1702229409073,106,0.27562
BLZUSDT,SELL,LIMIT,1702229429483,25,0.27525
BLZUSDT,SELL,LIMIT,1702229432053,341,0.27475
BLZUSDT,SELL,LIMIT,1702230140615,10136,0.27527
BLZUSDT,SELL,LIMIT,1702230143998,207,0.27406
BLZUSDT,SELL,LIMIT,1702230150141,153,0.27365
BLZUSDT,SELL,LIMIT,1702230151422,28402,0.27370
BLZUSDT,SELL,LIMIT,1702230303722,27,0.27347
BLZUSDT,BUY,LIMIT,1702239852973,19887,0.29147
BLZUSDT,BUY,LIMIT,1702240386133,300,0.29120
BLZUSDT,BUY,LIMIT,1702240742022,78,0.29169
BLZUSDT,BUY,LIMIT,1702241761337,203,0.29210
BLZUSDT,SELL,LIMIT,1702243059429,2,0.27782
BLZUSDT,SELL,LIMIT,1702256726384,11977,0.27338
BLZUSDT,SELL,LIMIT,1702256728335,1929,0.27338
BLZUSDT,SELL,LIMIT,1702256907449,346,0.27312
BLZUSDT,SELL,LIMIT,1702256908637,28637,0.27300
BLZUSDT,SELL,LIMIT,1702256910073,9676,0.27263
BLZUSDT,SELL,LIMIT,1702256915060,437,0.27194
BLZUSDT,SELL,LIMIT,1702256917226,7000,0.27166
BLZUSDT,SELL,LIMIT,1702256973089,41,0.27123
BLZUSDT,SELL,LIMIT,1702256980722,408,0.27107
BLZUSDT,SELL,LIMIT,1702257004681,623,0.27080
BLZUSDT,SELL,LIMIT,1702260424451,126,0.27119
BLZUSDT,SELL,LIMIT,1702260433465,1464,0.27064
BLZUSDT,SELL,LIMIT,1702260439121,3899,0.27040
BLZUSDT,SELL,LIMIT,1702260440956,53,0.27024
BLZUSDT,SELL,LIMIT,1702260445954,1092,0.27027
BLZUSDT,SELL,LIMIT,1702260618125,634,0.27016
BLZUSDT,SELL,LIMIT,1702260620180,523,0.27015
BLZUSDT,SELL,LIMIT,1702260624412,174,0.27007
BLZUSDT,SELL,LIMIT,1702260626395,322,0.26998
BLZUSDT,SELL,LIMIT,1702260628714,3000,0.26998
BLZUSDT,SELL,LIMIT,1702260629811,1982,0.26998
BLZUSDT,BUY,LIMIT,1702260631689,350,0.28276
BLZUSDT,SELL,LIMIT,1702260632802,3686,0.26914
BLZUSDT,SELL,LIMIT,1702260635724,1542,0.26873
BLZUSDT,SELL,LIMIT,1702260667616,118,0.26853
BLZUSDT,SELL,LIMIT,1702260695514,5138,0.26818
BLZUSDT,SELL,LIMIT,1702260699262,1881,0.26811
BLZUSDT,SELL,LIMIT,1702260701505,2042,0.26804
BLZUSDT,SELL,LIMIT,1702260706546,398,0.26812
BLZUSDT,SELL,LIMIT,1702260708396,3517,0.26803
BLZUSDT,SELL,LIMIT,1702260710289,21,0.26798
BLZUSDT,SELL,LIMIT,1702260711460,519,0.26783
BLZUSDT,SELL,LIMIT,1702260713483,737,0.26850
BLZUSDT,SELL,LIMIT,1702260714655,1066,0.26779
BLZUSDT,SELL,LIMIT,1702260715663,203,0.26817
BLZUSDT,SELL,LIMIT,1702260717825,20,0.26755
BLZUSDT,SELL,LIMIT,1702260718954,19885,0.26759
BLZUSDT,SELL,LIMIT,1702260719965,903,0.26753
BLZUSDT,SELL,LIMIT,1702260721754,30524,0.27419
BLZUSDT,SELL,LIMIT,1702260723479,3655,0.26743
BLZUSDT,SELL,LIMIT,1702260724473,422,0.26742
BLZUSDT,SELL,LIMIT,1702260725532,1062,0.26726
BLZUSDT,SELL,LIMIT,1702260726604,318,0.26741
BLZUSDT,SELL,LIMIT,1702260727721,1624,0.26747
BLZUSDT,SELL,LIMIT,1702260730225,1795,0.26704
BLZUSDT,SELL,LIMIT,1702260733476,310,0.26735
BLZUSDT,SELL,LIMIT,1702260735926,2506,0.26711
BLZUSDT,SELL,LIMIT,1702260739129,32,0.26684
BLZUSDT,SELL,LIMIT,1702260740790,146,0.26745
BLZUSDT,SELL,LIMIT,1702260742919,115,0.27148
BLZUSDT,SELL,LIMIT,1702260744975,1759,0.26687
BLZUSDT,SELL,LIMIT,1702260747381,175,0.26999
BLZUSDT,SELL,LIMIT,1702260748923,15261,0.26706
BLZUSDT,SELL,LIMIT,1702260750610,11304,0.26692
BLZUSDT,SELL,LIMIT,1702260752369,709,0.26693
BLZUSDT,SELL,LIMIT,1702260753514,2554,0.26694
BLZUSDT,SELL,LIMIT,1702260754692,24495,0.26709
BLZUSDT,SELL,LIMIT,1702260755806,2338,0.26704
BLZUSDT,SELL,LIMIT,1702260756963,73,0.26698
BLZUSDT,SELL,LIMIT,1702260758486,107,0.26692
BLZUSDT,SELL,LIMIT,1702260760212,836,0.26686
BLZUSDT,SELL,LIMIT,1702260761571,6000,0.26711
BLZUSDT,SELL,LIMIT,1702260762595,1034,0.26667
BLZUSDT,SELL,LIMIT,1702260763849,1057,0.27561
BLZUSDT,SELL,LIMIT,1702260765584,88000,0.26665
BLZUSDT,BUY,LIMIT,1702260766604,1000,0.28023
BLZUSDT,SELL,LIMIT,1702260768338,1177,0.26659
BLZUSDT,SELL,LIMIT,1702260769741,186,0.26657
BLZUSDT,SELL,LIMIT,1702260770874,883,0.26657
BLZUSDT,SELL,LIMIT,1702260772302,10963,0.26652
BLZUSDT,SELL,LIMIT,1702260773409,902,0.27450
BLZUSDT,SELL,LIMIT,1702260774372,1070,0.26634
BLZUSDT,SELL,LIMIT,1702260775634,431,0.27284
BLZUSDT,SELL,LIMIT,1702260776776,100,0.27425
BLZUSDT,SELL,LIMIT,1702260778295,2,0.26635
BLZUSDT,SELL,LIMIT,1702260779904,165,0.29804
BLZUSDT,SELL,LIMIT,1702260781103,1403,0.26630
BLZUSDT,SELL,LIMIT,1702260782960,14039,0.26611
BLZUSDT,SELL,LIMIT,1702260783970,530,0.26584
BLZUSDT,SELL,LIMIT,1702260785007,211,0.26584
BLZUSDT,SELL,LIMIT,1702260786151,5402,0.26621
BLZUSDT,SELL,LIMIT,1702260787217,4197,0.26908
BLZUSDT,SELL,LIMIT,1702260788489,9929,0.26601
BLZUSDT,SELL,LIMIT,1702260789495,420,0.26589
BLZUSDT,SELL,LIMIT,1702260791149,235,0.26579
BLZUSDT,SELL,LIMIT,1702260792564,9041,0.26563
BLZUSDT,SELL,LIMIT,1702260793797,8736,0.27360
BLZUSDT,SELL,LIMIT,1702260795595,682,0.26576
BLZUSDT,SELL,LIMIT,1702260796622,9130,0.26563
BLZUSDT,SELL,LIMIT,1702260797777,454,0.26847
BLZUSDT,SELL,LIMIT,1702260799278,177,0.26540
BLZUSDT,SELL,LIMIT,1702260801173,480,0.26514
BLZUSDT,SELL,LIMIT,1702260804820,34165,0.26668
BLZUSDT,SELL,LIMIT,1702260806478,7000,0.26538
BLZUSDT,SELL,LIMIT,1702260807608,372,0.26561
BLZUSDT,SELL,LIMIT,1702260810068,40,0.26774
BLZUSDT,SELL,LIMIT,1702260811562,8043,0.26537
BLZUSDT,SELL,LIMIT,1702260812742,71569,0.26575
BLZUSDT,SELL,LIMIT,1702260814160,1755,0.26615
BLZUSDT,SELL,LIMIT,1702260817468,18,0.26534
BLZUSDT,SELL,LIMIT,1702260818475,90,0.26534
BLZUSDT,SELL,LIMIT,1702260819915,1000,0.26535
BLZUSDT,SELL,LIMIT,1702260820962,175,0.31217
BLZUSDT,BUY,LIMIT,1702260828401,241,0.28072
BLZUSDT,SELL,LIMIT,1702260845283,1000,0.26831
BLZUSDT,SELL,LIMIT,1702260981750,2742,0.26489
BLZUSDT,SELL,LIMIT,1702260989545,477,0.26467
BLZUSDT,SELL,LIMIT,1702261013279,1077,0.26454
BLZUSDT,SELL,LIMIT,1702261014570,109,0.26442
BLZUSDT,SELL,LIMIT,1702261025143,8828,0.26513
BLZUSDT,BUY,LIMIT,1702261456351,678,0.28506
BLZUSDT,BUY,LIMIT,1702263203825,114,0.29303
BLZUSDT,BUY,LIMIT,1702263228792,316,0.29403
BLZUSDT,BUY,LIMIT,1702263230160,2542,0.29409
BLZUSDT,BUY,LIMIT,1702263295032,1818,0.29648
BLZUSDT,BUY,LIMIT,1702263686075,3069,0.29711
BLZUSDT,BUY,LIMIT,1702264049107,20,0.29580
BLZUSDT,BUY,LIMIT,1702264398528,349,0.30057
BLZUSDT,BUY,LIMIT,1702264412250,418,0.30111
BLZUSDT,BUY,LIMIT,1702264761513,21,0.30155
BLZUSDT,BUY,LIMIT,1702264777184,22,0.30319
BLZUSDT,BUY,LIMIT,1702264778359,2149,0.30331
BLZUSDT,BUY,LIMIT,1702264785514,118,0.30347
BLZUSDT,BUY,LIMIT,1702264867377,215,0.30404
BLZUSDT,BUY,LIMIT,1702264923375,548,0.30494
BLZUSDT,BUY,LIMIT,1702265003394,377,0.30512
BLZUSDT,BUY,LIMIT,1702265153447,2500,0.30699
BLZUSDT,BUY,LIMIT,1702265161339,470,0.30766
BLZUSDT,BUY,LIMIT,1702265165903,3729,0.30759
BLZUSDT,BUY,LIMIT,1702265169121,2043,0.30789
BLZUSDT,BUY,LIMIT,1702265726241,2215,0.30810
BLZUSDT,BUY,LIMIT,1702265777659,346,0.30931
BLZUSDT,BUY,LIMIT,1702265780340,1543,0.30969
BLZUSDT,BUY,LIMIT,1702265781400,65,0.31009
BLZUSDT,BUY,LIMIT,1702265788826,329,0.31078
BLZUSDT,BUY,LIMIT,1702266025334,673,0.31149
BLZUSDT,BUY,LIMIT,1702266027623,4268,0.31163
BLZUSDT,BUY,LIMIT,1702266520182,1169,0.31247
BLZUSDT,BUY,LIMIT,1702266536059,3508,0.31291
BLZUSDT,BUY,LIMIT,1702266537559,3211,0.31283
BLZUSDT,BUY,LIMIT,1702266635606,43,0.31346
BLZUSDT,BUY,LIMIT,1702266651351,105,0.31389
BLZUSDT,BUY,LIMIT,1702266652408,2379,0.31449
BLZUSDT,BUY,LIMIT,1702266654279,1279,0.31528
BLZUSDT,BUY,LIMIT,1702266655354,251,0.31524
BLZUSDT,BUY,LIMIT,1702267092205,34,0.31544
BLZUSDT,SELL,LIMIT,1702268281464,895,0.29151
