Symbol,Side,Order Type,Time,Quantity,Price
BNBUSDT,BUY,LIMIT,1701917286788,0.77,233.016
BNBUSDT,BUY,LIMIT,1701917387503,5.82,233.259
BNBUSDT,BUY,LIMIT,1701920271158,0.30,233.609
BNBUSDT,BUY,LIMIT,1701920647067,0.24,233.742
BNBUSDT,BUY,LIMIT,1701920672186,0.06,233.785
BNBUSDT,BUY,LIMIT,1701920677323,0.05,233.801
BNBUSDT,BUY,LIMIT,1701920679439,0.03,233.800
BNBUSDT,BUY,LIMIT,1701921594559,0.37,234.075
BNBUSDT,BUY,LIMIT,1701921595721,7.85,234.102
BNBUSDT,BUY,LIMIT,1701921983147,0.10,234.647
BNBUSDT,BUY,LIMIT,1701924043843,2.35,234.738
BNBUSDT,BUY,LIMIT,1701924057121,21.12,234.790
BNBUSDT,BUY,LIMIT,1701924279012,2.59,234.858
BNBUSDT,BUY,LIMIT,1701924282522,0.04,234.960
BNBUSDT,BUY,LIMIT,1701924362205,0.15,235.057
BNBUSDT,BUY,LIMIT,1701924645189,3.01,235.106
BNBUSDT,BUY,LIMIT,1701924762968,0.13,235.177
BNBUSDT,BUY,LIMIT,1701925305849,0.12,234.084
BNBUSDT,BUY,LIMIT,1701926540302,0.09,234.360
BNBUSDT,SELL,LIMIT,1701927621071,5.25,232.463
BNBUSDT,BUY,LIMIT,1701929883198,5.13,235.335
BNBUSDT,BUY,LIMIT,1701930172941,0.15,235.549
BNBUSDT,BUY,LIMIT,1701930477327,24.37,235.778
BNBUSDT,BUY,LIMIT,1701930480253,15.91,235.865
BNBUSDT,BUY,LIMIT,1701930506105,2.79,236.083
BNBUSDT,BUY,LIMIT,1701930532527,0.46,236.131
BNBUSDT,BUY,LIMIT,1701931291740,0.03,235.183
BNBUSDT,BUY,LIMIT,1701931569998,21.74,234.771
BNBUSDT,SELL,LIMIT,1701931576210,6.00,232.494
BNBUSDT,SELL,LIMIT,1701931652893,0.27,232.084
BNBUSDT,SELL,LIMIT,1701932166052,2.34,231.992
BNBUSDT,SELL,LIMIT,1701936923522,0.72,231.040
BNBUSDT,SELL,LIMIT,1701936968159,1.53,231.030
BNBUSDT,SELL,LIMIT,1701936969366,1.14,231.000
BNBUSDT,SELL,LIMIT,1701936980246,3.42,230.960
BNBUSDT,SELL,LIMIT,1701936981377,1.85,230.960
BNBUSDT,SELL,LIMIT,1701936996117,0.18,230.892
BNBUSDT,SELL,LIMIT,1701937344986,2.34,230.821
BNBUSDT,SELL,LIMIT,1701937353318,0.06,230.819
BNBUSDT,SELL,LIMIT,1701937369149,1.44,230.776
BNBUSDT,SELL,LIMIT,1701937386525,2.34,230.781
BNBUSDT,SELL,LIMIT,1701937398059,0.07,230.681
BNBUSDT,SELL,LIMIT,1701937466627,0.03,230.668
BNBUSDT,SELL,LIMIT,1701937479037,2.60,230.614
BNBUSDT,SELL,LIMIT,1701937486300,0.05,230.601
BNBUSDT,SELL,LIMIT,1701937533508,21.41,230.507
BNBUSDT,SELL,LIMIT,1701937585501,5.82,231.976
BNBUSDT,SELL,LIMIT,1701937709186,2.00,230.470
BNBUSDT,SELL,LIMIT,1701937716503,3.65,230.457
BNBUSDT,SELL,LIMIT,1701937821176,8.58,230.482
BNBUSDT,SELL,LIMIT,1701937926108,0.41,232.405
BNBUSDT,SELL,LIMIT,1701939277448,3.19,230.309
BNBUSDT,SELL,LIMIT,1701939323619,1.00,230.302
BNBUSDT,SELL,LIMIT,1701939339154,0.04,230.264
BNBUSDT,SELL,LIMIT,1701939365448,2.33,230.158
BNBUSDT,SELL,LIMIT,1701939371089,7.83,230.049
BNBUSDT,SELL,LIMIT,1701939387411,20.42,230.013
BNBUSDT,SELL,LIMIT,1701939434529,5.38,229.947
BNBUSDT,SELL,LIMIT,1701939462871,21.00,229.733
BNBUSDT,SELL,LIMIT,1701939464153,0.37,229.701
BNBUSDT,SELL,LIMIT,1701939552668,1.34,229.463
BNBUSDT,SELL,LIMIT,1701939572195,3.15,229.430
BNBUSDT,SELL,LIMIT,1701939692179,0.60,229.537
BNBUSDT,SELL,LIMIT,1701939882832,3.41,229.301
BNBUSDT,SELL,LIMIT,1701939887082,1.25,229.214
BNBUSDT,SELL,LIMIT,1701939888745,0.18,229.203
BNBUSDT,SELL,LIMIT,1701939931585,0.08,229.366
BNBUSDT,SELL,LIMIT,1701939953109,12.92,229.286
BNBUSDT,SELL,LIMIT,1701939969112,1.28,229.866
BNBUSDT,SELL,LIMIT,1701939973299,1.92,229.075
BNBUSDT,SELL,LIMIT,1701940427158,0.43,229.047
BNBUSDT,SELL,LIMIT,1701940451571,4.01,229.040
BNBUSDT,SELL,LIMIT,1701940555249,0.19,228.907
BNBUSDT,SELL,LIMIT,1701940557088,106.81,228.194
BNBUSDT,SELL,LIMIT,1701940558498,4.28,228.825
BNBUSDT,SELL,LIMIT,1701940559787,1.30,228.716
BNBUSDT,SELL,LIMIT,1701940564239,2.92,228.690
BNBUSDT,SELL,LIMIT,1701940569348,37.04,228.551
BNBUSDT,SELL,LIMIT,1701940674364,3.00,229.041
BNBUSDT,SELL,LIMIT,1701941074538,0.25,228.452
BNBUSDT,SELL,LIMIT,1701941112817,0.51,228.349
BNBUSDT,SELL,LIMIT,1701941153426,0.06,228.313
BNBUSDT,SELL,LIMIT,1701941160342,1.09,228.259
BNBUSDT,SELL,LIMIT,1701941169468,3.38,228.214
BNBUSDT,SELL,LIMIT,1701941173423,0.09,228.190
BNBUSDT,SELL,LIMIT,1701941180146,4.32,228.164
BNBUSDT,SELL,LIMIT,1701941182197,0.80,228.141
BNBUSDT,SELL,LIMIT,1701941184085,0.29,228.082
BNBUSDT,SELL,LIMIT,1701941185135,0.25,228.167
BNBUSDT,SELL,LIMIT,1701941187579,20.92,227.992
BNBUSDT,SELL,LIMIT,1701941189106,1.35,228.032
BNBUSDT,SELL,LIMIT,1701941218648,0.81,228.088
BNBUSDT,SELL,LIMIT,1701941226086,1.40,227.945
BNBUSDT,SELL,LIMIT,1701941235393,0.26,234.375
BNBUSDT,SELL,LIMIT,1701941236436,6.06,227.876
BNBUSDT,SELL,LIMIT,1701941239201,7.38,227.843
BNBUSDT,SELL,LIMIT,1701941246522,1.00,227.972
BNBUSDT,SELL,LIMIT,1701941249074,0.26,227.799
BNBUSDT,SELL,LIMIT,1701941250171,3.00,227.774
BNBUSDT,SELL,LIMIT,1701941252122,9.89,227.763
BNBUSDT,SELL,LIMIT,1701941254568,0.65,227.649
BNBUSDT,SELL,LIMIT,1701941256049,4.08,227.537
BNBUSDT,SELL,LIMIT,1701941257225,0.50,227.514
BNBUSDT,SELL,LIMIT,1701941272164,1.73,228.267
BNBUSDT,SELL,LIMIT,1701941282066,0.06,227.435
BNBUSDT,SELL,LIMIT,1701941283074,10.68,227.440
BNBUSDT,SELL,LIMIT,1701942131057,10.00,230.474
BNBUSDT,BUY,LIMIT,1701942376524,0.53,231.722
BNBUSDT,BUY,LIMIT,1701942413496,0.84,231.788
BNBUSDT,SELL,LIMIT,1701943657810,9.30,228.885
BNBUSDT,SELL,LIMIT,1701950638025,0.80,229.344
BNBUSDT,BUY,LIMIT,1701953976590,0.01,232.466
BNBUSDT,SELL,LIMIT,1701956556724,0.41,229.408
BNBUSDT,SELL,LIMIT,1701956560306,0.26,229.382
BNBUSDT,BUY,LIMIT,1701959239129,21.15,232.764
BNBUSDT,BUY,LIMIT,1701959258813,3.43,232.789
BNBUSDT,BUY,LIMIT,1701962686690,0.01,233.392
BNBUSDT,BUY,LIMIT,1701962838002,15.74,233.586
BNBUSDT,BUY,LIMIT,1701962842288,0.29,233.655
BNBUSDT,BUY,LIMIT,1701962843346,13.04,233.626
BNBUSDT,SELL,LIMIT,1701963015731,4.13,231.431
BNBUSDT,BUY,LIMIT,1701963024099,0.07,233.708
BNBUSDT,BUY,LIMIT,1701963033324,2.86,233.669
BNBUSDT,BUY,LIMIT,1701963040270,0.22,233.761
BNBUSDT,BUY,LIMIT,1701963308411,1.58,233.849
BNBUSDT,BUY,LIMIT,1701963685251,0.03,234.136
BNBUSDT,BUY,LIMIT,1701963690193,0.05,234.150
BNBUSDT,BUY,LIMIT,1701963692134,0.04,234.232
BNBUSDT,BUY,LIMIT,1701963694344,0.03,234.289
BNBUSDT,BUY,LIMIT,1701965033151,0.12,233.961
BNBUSDT,BUY,LIMIT,1701965063447,17.31,234.054
BNBUSDT,BUY,LIMIT,1701965808512,5.71,233.912
BNBUSDT,BUY,LIMIT,1701966495136,0.36,233.964
BNBUSDT,BUY,LIMIT,1701966504093,0.05,229.398
BNBUSDT,SELL,LIMIT,1701966789476,2.24,231.567
BNBUSDT,BUY,LIMIT,1701966850167,16.31,234.054
BNBUSDT,BUY,LIMIT,1701967083977,1.71,234.657
BNBUSDT,BUY,LIMIT,1701967168947,0.06,234.952
BNBUSDT,BUY,LIMIT,1701967763693,1.98,235.264
BNBUSDT,BUY,LIMIT,1701967775200,2.65,235.371
BNBUSDT,BUY,LIMIT,1701967913297,0.03,235.467
BNBUSDT,BUY,LIMIT,1701968119931,0.02,235.462
BNBUSDT,SELL,LIMIT,1701969614205,0.20,232.690
BNBUSDT,SELL,LIMIT,1701969932350,130.74,232.127
BNBUSDT,SELL,LIMIT,1701970207373,1.18,232.879
BNBUSDT,SELL,LIMIT,1701971059121,0.38,231.537
BNBUSDT,SELL,LIMIT,1701971378265,0.90,231.318
BNBUSDT,SELL,LIMIT,1701974056499,0.06,231.836
BNBUSDT,SELL,LIMIT,1701974803745,1.22,231.158
BNBUSDT,BUY,LIMIT,1701974956521,0.13,233.512
BNBUSDT,SELL,LIMIT,1701975628267,42.97,230.725
BNBUSDT,SELL,LIMIT,1701975629675,0.03,230.792
BNBUSDT,SELL,LIMIT,1701977061681,0.30,229.994
BNBUSDT,SELL,LIMIT,1701977063500,3.20,229.778
BNBUSDT,SELL,LIMIT,1701977091333,1.42,229.796
BNBUSDT,SELL,LIMIT,1701977296452,1.40,229.898
BNBUSDT,SELL,LIMIT,1701977381912,0.38,229.669
BNBUSDT,SELL,LIMIT,1701977383044,4.27,229.416
BNBUSDT,SELL,LIMIT,1701977384192,1.60,229.230
BNBUSDT,SELL,LIMIT,1701978094671,3.27,229.537
BNBUSDT,BUY,LIMIT,1701984499912,17.85,233.533
BNBUSDT,BUY,LIMIT,1701984524748,5.70,232.974
BNBUSDT,BUY,LIMIT,1701984526580,1.21,233.562
BNBUSDT,SELL,LIMIT,1701984582888,21.48,231.441
BNBUSDT,BUY,LIMIT,1701986232248,4.87,234.081
BNBUSDT,BUY,LIMIT,1701987301485,0.86,234.245
BNBUSDT,SELL,LIMIT,1701988352479,1.00,231.617
BNBUSDT,SELL,LIMIT,1701988454260,0.48,231.298
BNBUSDT,SELL,LIMIT,1701998572331,1.02,232.303
BNBUSDT,SELL,LIMIT,1702002445271,7.90,232.881
BNBUSDT,BUY,LIMIT,1702003570434,1.28,234.640
BNBUSDT,BUY,LIMIT,1702003958798,0.06,234.033
BNBUSDT,BUY,LIMIT,1702005332774,1.35,235.543
BNBUSDT,BUY,LIMIT,1702005351109,3.97,235.622
BNBUSDT,BUY,LIMIT,1702005399166,0.93,235.858
BNBUSDT,BUY,LIMIT,1702005400316,1.95,235.893
BNBUSDT,BUY,LIMIT,1702005454152,0.31,235.564
BNBUSDT,BUY,LIMIT,1702005508023,0.24,235.947
BNBUSDT,BUY,LIMIT,1702005529491,0.48,235.939
BNBUSDT,BUY,LIMIT,1702005542764,0.03,236.071
BNBUSDT,BUY,LIMIT,1702005547846,0.06,236.212
BNBUSDT,BUY,LIMIT,1702005566295,1.33,236.231
BNBUSDT,BUY,LIMIT,1702005567384,21.53,236.276
BNBUSDT,BUY,LIMIT,1702005569764,8.50,236.272
BNBUSDT,BUY,LIMIT,1702005611427,15.99,236.380
BNBUSDT,BUY,LIMIT,1702005612457,1.23,236.404
BNBUSDT,BUY,LIMIT,1702005614049,4.73,236.447
BNBUSDT,BUY,LIMIT,1702005626899,0.09,236.535
BNBUSDT,BUY,LIMIT,1702005628058,3.26,236.541
BNBUSDT,BUY,LIMIT,1702005634435,0.08,236.648
BNBUSDT,BUY,LIMIT,1702005637041,1.00,236.660
BNBUSDT,BUY,LIMIT,1702005645410,1.96,236.718
BNBUSDT,BUY,LIMIT,1702005647514,1.21,236.727
BNBUSDT,BUY,LIMIT,1702005671304,0.05,236.832
BNBUSDT,BUY,LIMIT,1702005677309,185.02,237.857
BNBUSDT,BUY,LIMIT,1702005678369,4.13,236.925
BNBUSDT,BUY,LIMIT,1702005688075,0.07,237.063
BNBUSDT,BUY,LIMIT,1702005689241,10.45,236.993
BNBUSDT,BUY,LIMIT,1702005730211,63.87,237.567
BNBUSDT,BUY,LIMIT,1702005797067,0.36,237.219
BNBUSDT,BUY,LIMIT,1702005798361,1.20,237.206
BNBUSDT,SELL,LIMIT,1702005814847,1.40,236.410
BNBUSDT,BUY,LIMIT,1702005816564,0.05,237.347
BNBUSDT,BUY,LIMIT,1702005832085,0.79,237.378
BNBUSDT,BUY,LIMIT,1702005838473,0.23,237.380
BNBUSDT,BUY,LIMIT,1702005899312,0.03,237.454
BNBUSDT,BUY,LIMIT,1702005904113,21.47,237.515
BNBUSDT,BUY,LIMIT,1702005905333,5.33,237.529
BNBUSDT,BUY,LIMIT,1702005908009,0.86,237.663
BNBUSDT,BUY,LIMIT,1702005909878,0.47,237.673
BNBUSDT,BUY,LIMIT,1702005915349,0.13,237.721
BNBUSDT,BUY,LIMIT,1702005918180,10.65,237.762
BNBUSDT,BUY,LIMIT,1702005936079,2.13,237.808
BNBUSDT,BUY,LIMIT,1702005979540,1.06,237.841
BNBUSDT,BUY,LIMIT,1702005986570,0.69,237.922
BNBUSDT,BUY,LIMIT,1702006669105,0.33,236.850
BNBUSDT,SELL,LIMIT,1702006888445,2.00,234.349
BNBUSDT,SELL,LIMIT,1702006899437,3.60,234.415
BNBUSDT,BUY,LIMIT,1702008513556,7.34,237.954
BNBUSDT,BUY,LIMIT,1702008799213,0.43,237.984
BNBUSDT,BUY,LIMIT,1702008802726,1.48,238.058
BNBUSDT,BUY,LIMIT,1702008861281,0.50,238.162
BNBUSDT,BUY,LIMIT,1702008868589,1.22,238.186
BNBUSDT,BUY,LIMIT,1702008869603,3.41,238.195
BNBUSDT,BUY,LIMIT,1702008918619,0.79,238.247
BNBUSDT,SELL,LIMIT,1702009676988,1.96,235.388
BNBUSDT,BUY,LIMIT,1702011110733,0.66,236.944
BNBUSDT,BUY,LIMIT,1702015817844,0.08,230.437
BNBUSDT,SELL,LIMIT,1702015946372,0.49,234.569
BNBUSDT,BUY,LIMIT,1702016876677,0.24,236.848
BNBUSDT,BUY,LIMIT,1702017789499,1.72,236.219
BNBUSDT,SELL,LIMIT,1702018349443,7.32,233.569
BNBUSDT,SELL,LIMIT,1702018394425,0.03,233.499
BNBUSDT,SELL,LIMIT,1702019141770,12.14,232.934
BNBUSDT,SELL,LIMIT,1702019162820,0.05,232.857
BNBUSDT,SELL,LIMIT,1702019543124,0.88,232.727
BNBUSDT,SELL,LIMIT,1702020191090,13.61,232.641
BNBUSDT,SELL,LIMIT,1702020199985,0.30,232.607
BNBUSDT,SELL,LIMIT,1702020222486,0.08,232.464
BNBUSDT,SELL,LIMIT,1702020223724,0.06,232.293
BNBUSDT,SELL,LIMIT,1702020503609,0.03,233.579
BNBUSDT,SELL,LIMIT,1702020530518,0.18,232.134
BNBUSDT,SELL,LIMIT,1702020660676,0.19,231.937
BNBUSDT,SELL,LIMIT,1702021096562,4.22,231.869
BNBUSDT,SELL,LIMIT,1702021097814,1.86,231.718
BNBUSDT,SELL,LIMIT,1702021105545,0.96,231.503
BNBUSDT,SELL,LIMIT,1702021106804,1.15,231.389
BNBUSDT,SELL,LIMIT,1702022853621,32.20,231.243
BNBUSDT,SELL,LIMIT,1702023057710,0.10,231.348
BNBUSDT,SELL,LIMIT,1702023062852,2.00,231.263
BNBUSDT,SELL,LIMIT,1702023068339,3.16,231.208
BNBUSDT,BUY,LIMIT,1702026136308,0.03,234.721
BNBUSDT,SELL,LIMIT,1702034788057,99.89,232.438
BNBUSDT,BUY,LIMIT,1702034789318,9.33,233.400
BNBUSDT,BUY,LIMIT,1702034949480,1.20,236.324
BNBUSDT,BUY,LIMIT,1702034994157,36.80,236.664
BNBUSDT,BUY,LIMIT,1702035152420,1.04,236.791
BNBUSDT,BUY,LIMIT,1702035162707,0.18,236.771
BNBUSDT,BUY,LIMIT,1702035174241,48.25,237.087
BNBUSDT,BUY,LIMIT,1702035180481,0.25,236.913
BNBUSDT,BUY,LIMIT,1702035301341,0.42,236.476
BNBUSDT,SELL,LIMIT,1702035981031,0.16,234.248
BNBUSDT,SELL,LIMIT,1702036072540,0.19,234.074
BNBUSDT,BUY,LIMIT,1702036163497,0.66,236.505
BNBUSDT,BUY,LIMIT,1702036193639,0.04,236.519
BNBUSDT,BUY,LIMIT,1702038468085,9.48,236.361
BNBUSDT,SELL,LIMIT,1702038481100,11.17,234.070
BNBUSDT,SELL,LIMIT,1702038483152,6.18,234.082
BNBUSDT,SELL,LIMIT,1702039084394,0.03,234.265
BNBUSDT,BUY,LIMIT,1702039313247,1.71,236.868
BNBUSDT,SELL,LIMIT,1702042240499,0.07,234.301
BNBUSDT,BUY,LIMIT,1702044213959,0.80,236.066
BNBUSDT,SELL,LIMIT,1702044935523,0.04,233.690
BNBUSDT,SELL,LIMIT,1702045055876,0.70,233.330
BNBUSDT,BUY,LIMIT,1702045885456,1.06,236.026
BNBUSDT,BUY,LIMIT,1702046397735,0.32,236.546
BNBUSDT,SELL,LIMIT,1702046656911,0.03,245.901
BNBUSDT,BUY,LIMIT,1702047049290,0.15,237.190
BNBUSDT,BUY,LIMIT,1702047106179,1.91,236.363
BNBUSDT,SELL,LIMIT,1702047656174,0.50,234.809
BNBUSDT,BUY,LIMIT,1702047681170,0.38,237.212
BNBUSDT,BUY,LIMIT,1702047693190,0.14,237.351
BNBUSDT,SELL,LIMIT,1702047700059,0.09,235.060
BNBUSDT,BUY,LIMIT,1702047702430,4.81,237.467
BNBUSDT,BUY,LIMIT,1702047704311,0.31,237.478
BNBUSDT,BUY,LIMIT,1702048981073,0.63,236.732
BNBUSDT,SELL,LIMIT,1702049001222,43.04,234.300
BNBUSDT,BUY,LIMIT,1702050405435,0.06,236.707
BNBUSDT,BUY,LIMIT,1702050454463,1.80,236.757
BNBUSDT,SELL,LIMIT,1702050456356,1.29,234.413
BNBUSDT,SELL,LIMIT,1702050635475,0.09,234.233
BNBUSDT,SELL,LIMIT,1702051257194,5.30,234.084
BNBUSDT,SELL,LIMIT,1702051270893,10.30,234.190
BNBUSDT,BUY,LIMIT,1702051338293,1.08,236.695
BNBUSDT,SELL,LIMIT,1702051390574,0.22,234.578
BNBUSDT,SELL,LIMIT,1702051515200,0.18,234.793
BNBUSDT,BUY,LIMIT,1702051670155,0.06,236.479
BNBUSDT,SELL,LIMIT,1702051845609,0.56,234.640
BNBUSDT,SELL,LIMIT,1702052063051,5.35,234.877
BNBUSDT,BUY,LIMIT,1702052161449,0.21,237.326
BNBUSDT,BUY,LIMIT,1702053315118,0.09,237.156
BNBUSDT,SELL,LIMIT,1702054437926,5.25,234.622
BNBUSDT,SELL,LIMIT,1702056283401,0.31,233.696
BNBUSDT,SELL,LIMIT,1702056287487,10.59,233.730
BNBUSDT,BUY,LIMIT,1702058213913,1.00,237.284
BNBUSDT,BUY,LIMIT,1702059230243,1.10,237.736
BNBUSDT,BUY,LIMIT,1702059598270,21.28,237.903
BNBUSDT,BUY,LIMIT,1702059599601,0.12,237.939
BNBUSDT,BUY,LIMIT,1702059615816,5.00,237.979
BNBUSDT,BUY,LIMIT,1702059644479,16.73,238.027
BNBUSDT,BUY,LIMIT,1702059649371,0.04,238.054
BNBUSDT,BUY,LIMIT,1702059721387,0.49,238.081
BNBUSDT,BUY,LIMIT,1702059733948,5.05,238.105
BNBUSDT,BUY,LIMIT,1702059832793,3.19,238.181
BNBUSDT,BUY,LIMIT,1702059834031,0.37,238.207
BNBUSDT,BUY,LIMIT,1702059840748,1.26,238.286
BNBUSDT,BUY,LIMIT,1702059844867,0.46,238.379
BNBUSDT,BUY,LIMIT,1702059909188,1.83,238.510
BNBUSDT,BUY,LIMIT,1702059932904,0.54,238.521
BNBUSDT,BUY,LIMIT,1702059944033,0.05,238.543
BNBUSDT,BUY,LIMIT,1702059945768,21.38,238.600
BNBUSDT,BUY,LIMIT,1702059947407,4.50,238.638
BNBUSDT,BUY,LIMIT,1702059951474,0.10,238.637
BNBUSDT,BUY,LIMIT,1702059963833,0.85,238.708
BNBUSDT,BUY,LIMIT,1702059968239,21.30,238.885
BNBUSDT,BUY,LIMIT,1702060137632,0.17,239.017
BNBUSDT,BUY,LIMIT,1702062071415,1.69,238.251
BNBUSDT,BUY,LIMIT,1702062252916,20.00,238.466
BNBUSDT,BUY,LIMIT,1702063011383,3.38,239.064
BNBUSDT,BUY,LIMIT,1702063018852,0.10,239.089
BNBUSDT,BUY,LIMIT,1702063102262,0.03,239.149
BNBUSDT,BUY,LIMIT,1702063135179,0.30,239.153
BNBUSDT,BUY,LIMIT,1702063503315,1.03,239.249
BNBUSDT,BUY,LIMIT,1702063504553,9.01,239.239
BNBUSDT,BUY,LIMIT,1702063509373,0.63,239.290
BNBUSDT,BUY,LIMIT,1702064496405,0.11,239.378
BNBUSDT,BUY,LIMIT,1702064504534,0.10,239.418
BNBUSDT,BUY,LIMIT,1702064512919,2.19,239.483
BNBUSDT,BUY,LIMIT,1702065742957,0.27,239.381
BNBUSDT,BUY,LIMIT,1702065837024,0.17,239.557
BNBUSDT,BUY,LIMIT,1702065840107,2.32,239.562
BNBUSDT,BUY,LIMIT,1702065893553,0.03,239.501
BNBUSDT,BUY,LIMIT,1702065942715,0.25,239.571
BNBUSDT,BUY,LIMIT,1702066091608,1.78,239.701
BNBUSDT,BUY,LIMIT,1702066124389,0.10,239.726
BNBUSDT,BUY,LIMIT,1702066164691,23.69,239.786
BNBUSDT,BUY,LIMIT,1702066167321,48.27,240.029
BNBUSDT,BUY,LIMIT,1702066175264,12.27,239.789
BNBUSDT,BUY,LIMIT,1702066176329,3.44,239.829
BNBUSDT,BUY,LIMIT,1702066177357,8.86,239.816
BNBUSDT,BUY,LIMIT,1702066225406,0.42,239.889
BNBUSDT,BUY,LIMIT,1702067121084,10.64,240.033
BNBUSDT,BUY,LIMIT,1702067122125,1.62,240.022
BNBUSDT,BUY,LIMIT,1702067123516,4.38,240.061
BNBUSDT,BUY,LIMIT,1702067128246,0.07,240.014
BNBUSDT,BUY,LIMIT,1702067158700,2.01,240.066
BNBUSDT,BUY,LIMIT,1702067216556,4.19,239.933
BNBUSDT,SELL,LIMIT,1702067590378,30.00,237.450
BNBUSDT,BUY,LIMIT,1702068039978,3.35,240.112
BNBUSDT,BUY,LIMIT,1702068106096,0.41,240.157
BNBUSDT,BUY,LIMIT,1702068113627,8.81,240.204
BNBUSDT,BUY,LIMIT,1702068121163,0.13,240.214
BNBUSDT,BUY,LIMIT,1702068150476,7.50,240.301
BNBUSDT,BUY,LIMIT,1702068154463,0.04,240.311
BNBUSDT,BUY,LIMIT,1702068228831,0.07,240.365
BNBUSDT,BUY,LIMIT,1702068257118,1.12,240.375
BNBUSDT,BUY,LIMIT,1702068261083,0.40,240.388
BNBUSDT,BUY,LIMIT,1702068792162,0.09,240.154
BNBUSDT,BUY,LIMIT,1702068898283,0.61,240.229
BNBUSDT,BUY,LIMIT,1702068907519,0.52,240.414
BNBUSDT,BUY,LIMIT,1702068928189,0.13,240.459
BNBUSDT,BUY,LIMIT,1702068994248,21.08,240.498
BNBUSDT,BUY,LIMIT,1702068995545,1.36,240.526
BNBUSDT,BUY,LIMIT,1702069044090,1.42,240.566
BNBUSDT,BUY,LIMIT,1702069048992,1.00,240.576
BNBUSDT,BUY,LIMIT,1702070184498,5.40,240.103
BNBUSDT,BUY,LIMIT,1702070556159,14.60,240.332
BNBUSDT,SELL,LIMIT,1702070611297,0.01,238.187
BNBUSDT,BUY,LIMIT,1702070628123,0.26,240.628
BNBUSDT,BUY,LIMIT,1702070632079,0.04,240.671
BNBUSDT,BUY,LIMIT,1702070660724,6.88,240.637
BNBUSDT,BUY,LIMIT,1702070663982,2.67,240.524
BNBUSDT,BUY,LIMIT,1702070665406,0.91,240.684
BNBUSDT,BUY,LIMIT,1702070667055,2.01,240.692
BNBUSDT,BUY,LIMIT,1702070670119,0.03,240.733
BNBUSDT,BUY,LIMIT,1702070671527,17.85,240.719
BNBUSDT,BUY,LIMIT,1702070676084,5.44,240.785
BNBUSDT,BUY,LIMIT,1702070735746,40.03,240.938
BNBUSDT,BUY,LIMIT,1702070739714,0.20,240.829
BNBUSDT,BUY,LIMIT,1702070755596,4.00,240.829
BNBUSDT,BUY,LIMIT,1702070925762,1.02,240.891
BNBUSDT,BUY,LIMIT,1702071021569,1.08,240.920
BNBUSDT,BUY,LIMIT,1702071047924,0.43,241.011
BNBUSDT,BUY,LIMIT,1702071049460,0.44,241.015
BNBUSDT,BUY,LIMIT,1702071178475,21.25,241.027
BNBUSDT,BUY,LIMIT,1702071188021,4.01,241.091
BNBUSDT,BUY,LIMIT,1702071201228,5.00,241.092
BNBUSDT,BUY,LIMIT,1702071204074,1.13,241.116
BNBUSDT,BUY,LIMIT,1702071205155,6.33,241.107
BNBUSDT,BUY,LIMIT,1702071206586,0.64,241.148
BNBUSDT,BUY,LIMIT,1702071228376,5.36,241.174
BNBUSDT,BUY,LIMIT,1702071256731,12.56,241.181
BNBUSDT,BUY,LIMIT,1702071305524,3.38,241.267
BNBUSDT,BUY,LIMIT,1702071307025,5.00,241.272
BNBUSDT,BUY,LIMIT,1702071339256,0.17,241.328
BNBUSDT,BUY,LIMIT,1702071356249,0.03,241.348
BNBUSDT,BUY,LIMIT,1702071385838,2.25,241.370
BNBUSDT,BUY,LIMIT,1702071389613,1.85,241.399
BNBUSDT,BUY,LIMIT,1702072671667,0.08,240.818
BNBUSDT,BUY,LIMIT,1702075482237,1.00,238.347
BNBUSDT,BUY,LIMIT,1702078182357,3.33,240.614
BNBUSDT,BUY,LIMIT,1702078609448,0.20,240.335
BNBUSDT,SELL,LIMIT,1702079974218,6.02,238.108
BNBUSDT,BUY,LIMIT,1702080097467,0.46,240.698
BNBUSDT,BUY,LIMIT,1702080235703,0.71,239.569
BNBUSDT,SELL,LIMIT,1702080317072,0.60,238.584
BNBUSDT,BUY,LIMIT,1702080402587,0.80,241.136
BNBUSDT,BUY,LIMIT,1702080518004,4.50,241.280
BNBUSDT,BUY,LIMIT,1702080754255,2.30,241.470
BNBUSDT,BUY,LIMIT,1702080782125,1.50,241.553
BNBUSDT,BUY,LIMIT,1702080788417,20.98,241.657
BNBUSDT,BUY,LIMIT,1702080806346,6.60,241.708
BNBUSDT,BUY,LIMIT,1702080811926,0.07,241.747
BNBUSDT,BUY,LIMIT,1702080824059,28.36,241.825
BNBUSDT,BUY,LIMIT,1702080829563,0.04,241.827
BNBUSDT,BUY,LIMIT,1702080830983,0.06,241.868
BNBUSDT,BUY,LIMIT,1702080859424,0.06,241.892
BNBUSDT,BUY,LIMIT,1702080863519,12.83,241.909
BNBUSDT,BUY,LIMIT,1702080887266,1.55,241.973
BNBUSDT,BUY,LIMIT,1702080905044,0.17,241.998
BNBUSDT,BUY,LIMIT,1702080913466,0.31,242.030
BNBUSDT,BUY,LIMIT,1702080924402,0.52,242.045
BNBUSDT,BUY,LIMIT,1702080932177,5.57,242.113
BNBUSDT,BUY,LIMIT,1702080933275,0.03,242.102
BNBUSDT,BUY,LIMIT,1702080939740,3.50,242.139
BNBUSDT,BUY,LIMIT,1702080940960,0.75,242.147
BNBUSDT,BUY,LIMIT,1702080973222,88.77,243.003
BNBUSDT,BUY,LIMIT,1702080974338,0.93,242.266
BNBUSDT,BUY,LIMIT,1702080976255,1.23,242.339
BNBUSDT,BUY,LIMIT,1702080977478,0.21,242.340
BNBUSDT,BUY,LIMIT,1702080982975,1.25,242.395
BNBUSDT,BUY,LIMIT,1702080996138,2.00,242.436
BNBUSDT,BUY,LIMIT,1702080999386,1.35,242.447
BNBUSDT,BUY,LIMIT,1702081001263,8.77,242.456
BNBUSDT,BUY,LIMIT,1702081002587,1.84,242.494
BNBUSDT,BUY,LIMIT,1702081024226,0.53,242.359
BNBUSDT,BUY,LIMIT,1702081033303,0.04,242.513
BNBUSDT,BUY,LIMIT,1702081147432,0.13,242.526
BNBUSDT,BUY,LIMIT,1702081151708,5.22,242.547
BNBUSDT,BUY,LIMIT,1702081177812,0.49,242.396
BNBUSDT,SELL,LIMIT,1702081183104,1.63,239.995
BNBUSDT,SELL,LIMIT,1702081229517,7.87,239.885
BNBUSDT,BUY,LIMIT,1702081364752,1.28,242.476
BNBUSDT,SELL,LIMIT,1702081511352,2.90,239.855
BNBUSDT,BUY,LIMIT,1702081623518,0.38,242.315
BNBUSDT,BUY,LIMIT,1702081822830,0.45,242.583
BNBUSDT,BUY,LIMIT,1702081865065,2.93,242.612
BNBUSDT,BUY,LIMIT,1702081887273,4.20,242.640
BNBUSDT,BUY,LIMIT,1702081892481,0.11,242.650
BNBUSDT,BUY,LIMIT,1702081893548,0.09,242.689
BNBUSDT,BUY,LIMIT,1702081897146,0.70,242.709
BNBUSDT,BUY,LIMIT,1702081900965,18.58,242.720
BNBUSDT,BUY,LIMIT,1702081907982,0.24,242.762
BNBUSDT,BUY,LIMIT,1702081915997,0.04,242.826
BNBUSDT,BUY,LIMIT,1702081942816,6.18,242.834
BNBUSDT,BUY,LIMIT,1702081948153,0.46,242.836
BNBUSDT,BUY,LIMIT,1702081949445,0.20,242.836
BNBUSDT,BUY,LIMIT,1702081951102,1.38,242.840
BNBUSDT,BUY,LIMIT,1702081975334,4.42,242.856
BNBUSDT,BUY,LIMIT,1702081983876,0.62,242.867
BNBUSDT,BUY,LIMIT,1702081985528,5.50,242.923
BNBUSDT,BUY,LIMIT,1702082000242,1.44,242.955
BNBUSDT,BUY,LIMIT,1702082088168,5.62,242.986
BNBUSDT,BUY,LIMIT,1702082241986,6.18,243.066
BNBUSDT,BUY,LIMIT,1702082463021,3.60,242.887
BNBUSDT,BUY,LIMIT,1702082974938,0.80,242.910
BNBUSDT,BUY,LIMIT,1702083126195,1.52,242.638
BNBUSDT,BUY,LIMIT,1702083240247,0.38,242.337
BNBUSDT,SELL,LIMIT,1702083648399,1.50,239.998
BNBUSDT,SELL,LIMIT,1702083888577,0.42,239.039
BNBUSDT,SELL,LIMIT,1702083994288,15.33,238.890
BNBUSDT,SELL,LIMIT,1702084068248,0.79,238.537
BNBUSDT,SELL,LIMIT,1702084074181,2.91,238.368
BNBUSDT,SELL,LIMIT,1702084089563,0.10,238.298
BNBUSDT,SELL,LIMIT,1702084111250,6.17,238.052
BNBUSDT,BUY,LIMIT,1702084200891,0.10,240.421
BNBUSDT,BUY,LIMIT,1702085555500,0.11,241.692
BNBUSDT,SELL,LIMIT,1702085702601,0.03,239.303
BNBUSDT,BUY,LIMIT,1702085794962,0.10,242.052
BNBUSDT,SELL,LIMIT,1702085818023,0.13,241.172
BNBUSDT,BUY,LIMIT,1702085839617,0.16,242.360
BNBUSDT,BUY,LIMIT,1702085916137,0.35,242.533
BNBUSDT,BUY,LIMIT,1702090471534,10.40,243.126
BNBUSDT,BUY,LIMIT,1702090479066,32.75,243.242
BNBUSDT,BUY,LIMIT,1702090482308,0.15,243.165
BNBUSDT,BUY,LIMIT,1702090534334,4.56,243.209
BNBUSDT,BUY,LIMIT,1702090584727,3.51,243.223
BNBUSDT,BUY,LIMIT,1702090588272,0.86,243.224
BNBUSDT,BUY,LIMIT,1702090591043,0.29,243.234
BNBUSDT,BUY,LIMIT,1702091138043,5.58,243.299
BNBUSDT,BUY,LIMIT,1702091139077,2.49,243.289
BNBUSDT,BUY,LIMIT,1702091142330,1.00,243.347
BNBUSDT,BUY,LIMIT,1702091143467,0.18,243.319
BNBUSDT,BUY,LIMIT,1702091149335,1.50,243.381
BNBUSDT,BUY,LIMIT,1702091163261,0.05,243.394
BNBUSDT,BUY,LIMIT,1702091171562,0.05,243.452
BNBUSDT,BUY,LIMIT,1702091177837,36.27,243.559
BNBUSDT,BUY,LIMIT,1702091204942,3.19,243.510
BNBUSDT,BUY,LIMIT,1702091206204,2.08,243.574
BNBUSDT,BUY,LIMIT,1702091224009,0.04,243.607
BNBUSDT,BUY,LIMIT,1702091262103,0.17,243.648
BNBUSDT,BUY,LIMIT,1702091265049,2.41,243.681
BNBUSDT,BUY,LIMIT,1702091266318,36.61,243.816
BNBUSDT,BUY,LIMIT,1702091275820,1.30,243.733
BNBUSDT,BUY,LIMIT,1702091281985,2.38,243.770
BNBUSDT,BUY,LIMIT,1702091291048,0.05,243.807
BNBUSDT,BUY,LIMIT,1702091300749,10.95,243.823
BNBUSDT,BUY,LIMIT,1702091311472,33.82,243.952
BNBUSDT,BUY,LIMIT,1702091314712,2.55,243.903
BNBUSDT,BUY,LIMIT,1702091363188,2.55,243.950
BNBUSDT,BUY,LIMIT,1702091364709,0.03,243.953
BNBUSDT,BUY,LIMIT,1702091367374,0.44,243.967
BNBUSDT,BUY,LIMIT,1702091419481,5.87,244.096
BNBUSDT,BUY,LIMIT,1702091431589,2.52,244.111
BNBUSDT,BUY,LIMIT,1702091433730,20.81,244.188
BNBUSDT,BUY,LIMIT,1702091447465,2.65,244.189
BNBUSDT,BUY,LIMIT,1702091448731,17.06,244.351
BNBUSDT,BUY,LIMIT,1702091452201,1.01,244.387
BNBUSDT,BUY,LIMIT,1702091453332,12.00,244.408
BNBUSDT,BUY,LIMIT,1702091520101,3.26,244.440
BNBUSDT,BUY,LIMIT,1702091521126,2.12,244.450
BNBUSDT,BUY,LIMIT,1702091553538,1.70,244.477
BNBUSDT,BUY,LIMIT,1702091561803,0.87,244.481
BNBUSDT,BUY,LIMIT,1702091568461,3.14,244.528
BNBUSDT,BUY,LIMIT,1702091609505,0.34,244.597
BNBUSDT,BUY,LIMIT,1702091612712,0.53,244.632
BNBUSDT,BUY,LIMIT,1702091613788,1.00,244.667
BNBUSDT,BUY,LIMIT,1702091654871,0.12,244.685
BNBUSDT,BUY,LIMIT,1702091659174,3.44,244.714
BNBUSDT,BUY,LIMIT,1702091661825,30.59,244.814
BNBUSDT,BUY,LIMIT,1702091670250,14.50,244.748
BNBUSDT,BUY,LIMIT,1702091680513,0.11,244.765
BNBUSDT,BUY,LIMIT,1702091683309,0.51,244.818
BNBUSDT,BUY,LIMIT,1702091691801,49.42,245.222
BNBUSDT,BUY,LIMIT,1702091727483,0.20,227.897
BNBUSDT,BUY,LIMIT,1702091768771,10.00,244.934
BNBUSDT,BUY,LIMIT,1702091773609,0.05,244.983
BNBUSDT,BUY,LIMIT,1702091778277,41.94,245.166
BNBUSDT,BUY,LIMIT,1702091782354,0.86,245.121
BNBUSDT,BUY,LIMIT,1702091789060,0.26,245.056
BNBUSDT,BUY,LIMIT,1702091794364,0.21,245.182
BNBUSDT,BUY,LIMIT,1702091803743,1.00,245.222
BNBUSDT,BUY,LIMIT,1702091855298,0.35,245.288
BNBUSDT,BUY,LIMIT,1702091856306,35.35,245.371
BNBUSDT,BUY,LIMIT,1702091913129,8.46,245.435
BNBUSDT,BUY,LIMIT,1702091914147,30.74,245.442
BNBUSDT,BUY,LIMIT,1702091916805,0.07,245.537
BNBUSDT,BUY,LIMIT,1702091921235,0.13,245.527
BNBUSDT,BUY,LIMIT,1702091924211,1.00,245.550
BNBUSDT,BUY,LIMIT,1702091934127,1.00,245.672
BNBUSDT,BUY,LIMIT,1702091935176,20.92,245.716
BNBUSDT,BUY,LIMIT,1702091936328,32.71,245.823
BNBUSDT,BUY,LIMIT,1702091980042,0.53,245.820
BNBUSDT,BUY,LIMIT,1702091981251,1.06,245.811
BNBUSDT,BUY,LIMIT,1702091988551,0.03,245.871
BNBUSDT,BUY,LIMIT,1702091990191,1.30,245.917
BNBUSDT,BUY,LIMIT,1702092823072,4.47,245.986
BNBUSDT,BUY,LIMIT,1702092824489,0.63,246.014
BNBUSDT,BUY,LIMIT,1702093020144,2.12,246.052
BNBUSDT,BUY,LIMIT,1702093036507,1.26,246.081
BNBUSDT,BUY,LIMIT,1702093064604,3.96,246.104
BNBUSDT,BUY,LIMIT,1702093972675,1.40,245.370
BNBUSDT,BUY,LIMIT,1702094627304,1.20,245.781
BNBUSDT,BUY,LIMIT,1702094843410,0.06,243.156
BNBUSDT,SELL,LIMIT,1702095484065,4.14,242.612
BNBUSDT,BUY,LIMIT,1702095774161,3.55,244.915
BNBUSDT,BUY,LIMIT,1702096174310,0.20,245.201
BNBUSDT,SELL,LIMIT,1702096521068,0.11,242.452
BNBUSDT,BUY,LIMIT,1702097394036,0.35,244.988
BNBUSDT,BUY,LIMIT,1702097662665,0.72,244.260
BNBUSDT,SELL,LIMIT,1702098114333,0.56,243.147
BNBUSDT,BUY,LIMIT,1702098181354,9.10,245.010
BNBUSDT,BUY,LIMIT,1702098507520,0.04,244.607
BNBUSDT,BUY,LIMIT,1702099269414,81.33,245.765
BNBUSDT,BUY,LIMIT,1702099556841,1.06,244.483
BNBUSDT,BUY,LIMIT,1702101204887,2.40,244.822
BNBUSDT,BUY,LIMIT,1702101928059,0.65,246.140
BNBUSDT,BUY,LIMIT,1702101929103,2.89,246.159
BNBUSDT,BUY,LIMIT,1702101931294,12.73,246.214
BNBUSDT,BUY,LIMIT,1702101933460,0.28,246.252
BNBUSDT,BUY,LIMIT,1702101934877,0.01,246.380
BNBUSDT,BUY,LIMIT,1702101936102,32.18,246.588
BNBUSDT,BUY,LIMIT,1702101944701,0.23,246.518
BNBUSDT,BUY,LIMIT,1702101945724,1.85,246.693
BNBUSDT,BUY,LIMIT,1702101947750,0.59,246.740
BNBUSDT,BUY,LIMIT,1702101951337,21.89,246.803
BNBUSDT,BUY,LIMIT,1702102929864,0.38,245.370
BNBUSDT,BUY,LIMIT,1702103376622,0.80,246.180
BNBUSDT,BUY,LIMIT,1702103705465,5.50,246.250
BNBUSDT,BUY,LIMIT,1702103868228,0.07,246.124
BNBUSDT,BUY,LIMIT,1702106298707,2.09,245.380
BNBUSDT,BUY,LIMIT,1702106825704,0.52,244.970
BNBUSDT,BUY,LIMIT,1702106828232,1.00,244.860
BNBUSDT,BUY,LIMIT,1702106866783,0.76,245.094
BNBUSDT,BUY,LIMIT,1702106888279,0.57,244.857
BNBUSDT,BUY,LIMIT,1702106901255,0.22,244.874
BNBUSDT,BUY,LIMIT,1702107520072,0.04,243.108
BNBUSDT,BUY,LIMIT,1702107978712,164.46,245.923
BNBUSDT,BUY,LIMIT,1702108057132,10.80,245.374
BNBUSDT,SELL,LIMIT,1702108293137,0.09,243.123
BNBUSDT,BUY,LIMIT,1702108319729,6.00,245.624
BNBUSDT,BUY,LIMIT,1702108513287,1.24,245.634
BNBUSDT,BUY,LIMIT,1702108532626,0.63,245.588
BNBUSDT,SELL,LIMIT,1702108570132,4.36,243.427
BNBUSDT,BUY,LIMIT,1702108939293,0.33,245.579
BNBUSDT,BUY,LIMIT,1702109009190,6.54,245.056
BNBUSDT,BUY,LIMIT,1702109360044,2.60,246.050
BNBUSDT,BUY,LIMIT,1702109370444,0.17,246.024
BNBUSDT,BUY,LIMIT,1702109371915,0.49,246.024
BNBUSDT,BUY,LIMIT,1702109412354,0.14,246.113
BNBUSDT,BUY,LIMIT,1702109477131,0.92,245.553
BNBUSDT,SELL,LIMIT,1702109566492,0.24,243.059
BNBUSDT,BUY,LIMIT,1702109768134,10.52,245.928
BNBUSDT,BUY,LIMIT,1702109838596,7.01,246.243
BNBUSDT,BUY,LIMIT,1702109883274,0.18,246.566
BNBUSDT,BUY,LIMIT,1702109891517,0.50,246.570
BNBUSDT,BUY,LIMIT,1702109925240,7.12,246.646
BNBUSDT,BUY,LIMIT,1702110111272,0.20,246.487
BNBUSDT,SELL,LIMIT,1702110857333,0.51,241.990
BNBUSDT,SELL,LIMIT,1702110876494,1.03,241.945
BNBUSDT,SELL,LIMIT,1702110880114,0.23,241.901
BNBUSDT,SELL,LIMIT,1702110903096,10.78,241.895
BNBUSDT,SELL,LIMIT,1702110908273,0.19,241.879
BNBUSDT,SELL,LIMIT,1702110910072,0.83,241.864
BNBUSDT,SELL,LIMIT,1702110913387,0.30,241.609
BNBUSDT,SELL,LIMIT,1702110914394,2.00,241.579
BNBUSDT,SELL,LIMIT,1702110917971,0.29,241.491
BNBUSDT,SELL,LIMIT,1702110966363,0.19,241.434
BNBUSDT,SELL,LIMIT,1702110969155,1.27,241.402
BNBUSDT,SELL,LIMIT,1702110971318,1.85,241.303
BNBUSDT,SELL,LIMIT,1702110972592,0.18,241.251
BNBUSDT,SELL,LIMIT,1702110973686,2.04,241.183
BNBUSDT,SELL,LIMIT,1702110979395,20.50,241.042
BNBUSDT,SELL,LIMIT,1702110981131,0.46,240.975
BNBUSDT,SELL,LIMIT,1702110982198,0.07,240.865
BNBUSDT,SELL,LIMIT,1702110983278,0.18,240.808
BNBUSDT,SELL,LIMIT,1702110984613,2.16,240.802
BNBUSDT,SELL,LIMIT,1702111027910,4.04,240.754
BNBUSDT,SELL,LIMIT,1702111028944,20.50,240.633
BNBUSDT,SELL,LIMIT,1702111031177,0.58,240.593
BNBUSDT,SELL,LIMIT,1702111032235,0.10,240.467
BNBUSDT,SELL,LIMIT,1702111034152,0.30,240.433
BNBUSDT,SELL,LIMIT,1702111036403,1.91,240.312
BNBUSDT,SELL,LIMIT,1702111039247,3.89,240.240
BNBUSDT,SELL,LIMIT,1702111040327,2.61,240.010
BNBUSDT,SELL,LIMIT,1702111041469,0.03,239.958
BNBUSDT,SELL,LIMIT,1702111042546,2.10,239.675
BNBUSDT,SELL,LIMIT,1702111043917,1.85,239.793
BNBUSDT,SELL,LIMIT,1702111045005,6.04,239.586
BNBUSDT,SELL,LIMIT,1702111046211,5.57,239.859
BNBUSDT,SELL,LIMIT,1702111070793,5.41,239.492
BNBUSDT,SELL,LIMIT,1702111083344,93.61,238.753
BNBUSDT,SELL,LIMIT,1702111199242,0.16,239.327
BNBUSDT,SELL,LIMIT,1702111201058,0.62,239.260
BNBUSDT,SELL,LIMIT,1702111203796,0.78,239.238
BNBUSDT,SELL,LIMIT,1702111325153,0.32,239.136
BNBUSDT,SELL,LIMIT,1702111340328,1.85,239.062
BNBUSDT,SELL,LIMIT,1702111341415,47.71,238.812
BNBUSDT,SELL,LIMIT,1702111343919,1.02,238.922
BNBUSDT,SELL,LIMIT,1702111345046,1.71,238.781
BNBUSDT,SELL,LIMIT,1702111346067,1.44,238.632
BNBUSDT,SELL,LIMIT,1702111348632,4.17,238.596
BNBUSDT,SELL,LIMIT,1702111362520,7.26,238.806
BNBUSDT,SELL,LIMIT,1702111366522,0.30,239.243
BNBUSDT,SELL,LIMIT,1702111371252,1.57,238.485
BNBUSDT,SELL,LIMIT,1702111373109,0.05,238.442
BNBUSDT,SELL,LIMIT,1702111374294,2.20,238.441
BNBUSDT,SELL,LIMIT,1702111375495,4.68,238.561
BNBUSDT,SELL,LIMIT,1702111377295,2.00,238.255
BNBUSDT,SELL,LIMIT,1702111378833,22.83,238.209
BNBUSDT,SELL,LIMIT,1702111380669,0.56,238.097
BNBUSDT,SELL,LIMIT,1702111382250,0.03,238.096
BNBUSDT,SELL,LIMIT,1702111383257,0.03,238.058
BNBUSDT,SELL,LIMIT,1702111385749,4.18,237.900
BNBUSDT,SELL,LIMIT,1702111387180,0.08,237.704
BNBUSDT,SELL,LIMIT,1702111388388,4.40,237.744
BNBUSDT,SELL,LIMIT,1702111389441,3.00,237.685
BNBUSDT,SELL,LIMIT,1702111390617,1.45,238.097
BNBUSDT,BUY,LIMIT,1702113167560,0.34,243.175
BNBUSDT,BUY,LIMIT,1702113443046,10.37,243.488
BNBUSDT,BUY,LIMIT,1702113573963,0.69,243.731
BNBUSDT,SELL,LIMIT,1702114564472,0.04,240.980
BNBUSDT,SELL,LIMIT,1702114844289,0.07,240.196
BNBUSDT,SELL,LIMIT,1702115023497,1.13,240.021
BNBUSDT,SELL,LIMIT,1702115070832,6.39,239.700
BNBUSDT,SELL,LIMIT,1702115079209,2.22,239.578
BNBUSDT,SELL,LIMIT,1702115080544,0.71,239.590
BNBUSDT,SELL,LIMIT,1702115095640,0.35,239.473
BNBUSDT,SELL,LIMIT,1702115102492,2.45,239.467
BNBUSDT,SELL,LIMIT,1702115619043,0.40,239.345
BNBUSDT,SELL,LIMIT,1702115621300,2.22,239.279
BNBUSDT,SELL,LIMIT,1702115627372,0.20,239.190
BNBUSDT,SELL,LIMIT,1702125020323,0.12,240.964
BNBUSDT,BUY,LIMIT,1702127046455,0.04,243.656
BNBUSDT,SELL,LIMIT,1702129894365,0.16,240.705
BNBUSDT,SELL,LIMIT,1702132658610,0.16,239.642
BNBUSDT,SELL,LIMIT,1702132673460,0.42,239.613
BNBUSDT,SELL,LIMIT,1702132791987,3.14,239.437
BNBUSDT,SELL,LIMIT,1702132988543,3.59,239.228
BNBUSDT,SELL,LIMIT,1702132995554,0.27,239.178
BNBUSDT,SELL,LIMIT,1702132998145,1.63,239.147
BNBUSDT,SELL,LIMIT,1702132999158,10.30,239.096
BNBUSDT,SELL,LIMIT,1702133000383,1.55,238.963
BNBUSDT,SELL,LIMIT,1702133001693,10.73,238.885
BNBUSDT,SELL,LIMIT,1702133003518,0.59,238.843
BNBUSDT,SELL,LIMIT,1702133004877,1.13,238.696
BNBUSDT,SELL,LIMIT,1702133005920,5.51,238.623
BNBUSDT,SELL,LIMIT,1702133007608,11.98,238.510
BNBUSDT,SELL,LIMIT,1702133016620,1.15,238.671
BNBUSDT,SELL,LIMIT,1702133023795,7.84,238.585
BNBUSDT,SELL,LIMIT,1702133026305,5.13,238.494
BNBUSDT,SELL,LIMIT,1702133044555,5.73,238.372
BNBUSDT,SELL,LIMIT,1702133329894,1.39,238.283
BNBUSDT,SELL,LIMIT,1702133359182,17.99,238.159
BNBUSDT,SELL,LIMIT,1702133361913,3.98,238.068
BNBUSDT,SELL,LIMIT,1702133378383,1.80,238.014
BNBUSDT,SELL,LIMIT,1702133380241,0.22,238.011
BNBUSDT,SELL,LIMIT,1702133382754,3.00,238.072
BNBUSDT,SELL,LIMIT,1702133389598,21.02,237.949
BNBUSDT,SELL,LIMIT,1702133397261,9.67,237.897
