Symbol,Side,Order Type,Time,Quantity,Price
BNBUSDT,BUY,LIMIT,1701066150088,21.84,231.863
BNBUSDT,BUY,LIMIT,1701066151266,0.16,231.930
BNBUSDT,BUY,LIMIT,1701066152514,1.27,232.343
BNBUSDT,BUY,LIMIT,1701066414205,2.16,231.938
BNBUSDT,SELL,LIMIT,1701066981019,2.77,229.686
BNBUSDT,BUY,LIMIT,1701067289746,5.82,232.356
BNBUSDT,SELL,LIMIT,1701067565102,0.34,229.785
BNBUSDT,SELL,LIMIT,1701067750360,23.45,230.453
BNBUSDT,SELL,LIMIT,1701067772781,1.76,229.471
BNBUSDT,SELL,LIMIT,1701067785402,2.00,229.272
BNBUSDT,SELL,LIMIT,1701068163530,0.16,228.618
BNBUSDT,SELL,LIMIT,1701068404023,11.24,228.108
BNBUSDT,SELL,LIMIT,1701068997436,0.76,228.598
BNBUSDT,SELL,LIMIT,1701069012314,3.19,233.899
BNBUSDT,SELL,LIMIT,1701069030763,11.62,228.831
BNBUSDT,BUY,LIMIT,1701069193268,7.23,230.865
BNBUSDT,SELL,LIMIT,1701069555522,3.86,228.074
BNBUSDT,SELL,LIMIT,1701069574163,6.42,227.930
BNBUSDT,SELL,LIMIT,1701069618479,0.10,227.964
BNBUSDT,SELL,LIMIT,1701069633156,2.56,227.905
BNBUSDT,SELL,LIMIT,1701069634180,1.08,227.902
BNBUSDT,SELL,LIMIT,1701069639905,7.11,227.746
BNBUSDT,SELL,LIMIT,1701069795668,0.05,227.557
BNBUSDT,SELL,LIMIT,1701069853479,21.45,227.358
BNBUSDT,SELL,LIMIT,1701069879168,60.00,226.801
BNBUSDT,SELL,LIMIT,1701069882121,0.58,227.149
BNBUSDT,SELL,LIMIT,1701069897125,0.35,228.393
BNBUSDT,SELL,LIMIT,1701069898283,0.35,227.050
BNBUSDT,SELL,LIMIT,1701069906116,51.43,226.717
BNBUSDT,SELL,LIMIT,1701069907190,0.07,226.980
BNBUSDT,SELL,LIMIT,1701069911088,0.68,226.935
BNBUSDT,SELL,LIMIT,1701070062994,0.05,227.094
BNBUSDT,SELL,LIMIT,1701070110335,0.84,228.406
BNBUSDT,SELL,LIMIT,1701070169905,0.40,227.020
BNBUSDT,SELL,LIMIT,1701070171431,5.05,226.930
BNBUSDT,SELL,LIMIT,1701070172414,31.38,226.825
BNBUSDT,SELL,LIMIT,1701070437497,0.04,226.889
BNBUSDT,SELL,LIMIT,1701070438490,0.52,226.864
BNBUSDT,SELL,LIMIT,1701070439350,8.71,226.847
BNBUSDT,SELL,LIMIT,1701070440182,0.34,226.592
BNBUSDT,SELL,LIMIT,1701070440997,13.76,226.614
BNBUSDT,SELL,LIMIT,1701074952064,33.96,227.242
BNBUSDT,SELL,LIMIT,1701075600395,0.50,227.501
BNBUSDT,BUY,LIMIT,1701076923054,0.66,229.905
BNBUSDT,BUY,LIMIT,1701077399082,0.01,229.853
BNBUSDT,SELL,LIMIT,1701080517643,0.29,227.613
BNBUSDT,SELL,LIMIT,1701080668308,8.70,227.395
BNBUSDT,SELL,LIMIT,1701080752116,2.15,227.279
BNBUSDT,SELL,LIMIT,1701080758698,0.11,227.229
BNBUSDT,SELL,LIMIT,1701080765676,4.36,227.222
BNBUSDT,SELL,LIMIT,1701081322971,21.83,226.671
BNBUSDT,SELL,LIMIT,1701081328664,0.03,226.577
BNBUSDT,SELL,LIMIT,1701081329993,0.77,226.519
BNBUSDT,SELL,LIMIT,1701081409072,1.00,226.678
BNBUSDT,SELL,LIMIT,1701081434589,5.54,226.474
BNBUSDT,SELL,LIMIT,1701081435654,3.97,226.472
BNBUSDT,SELL,LIMIT,1701081437062,1.89,226.291
BNBUSDT,SELL,LIMIT,1701081438112,0.40,226.377
BNBUSDT,SELL,LIMIT,1701081439220,0.84,226.184
BNBUSDT,SELL,LIMIT,1701081441450,9.69,226.154
BNBUSDT,SELL,LIMIT,1701081445302,0.73,226.130
BNBUSDT,SELL,LIMIT,1701081446358,2.14,226.134
BNBUSDT,SELL,LIMIT,1701081447345,0.65,226.124
BNBUSDT,SELL,LIMIT,1701081451101,1.91,226.100
BNBUSDT,SELL,LIMIT,1701081457461,5.61,226.079
BNBUSDT,SELL,LIMIT,1701081460146,6.54,226.031
BNBUSDT,SELL,LIMIT,1701081481096,0.15,226.009
BNBUSDT,SELL,LIMIT,1701081486116,2.16,225.974
BNBUSDT,SELL,LIMIT,1701081487283,10.37,225.984
BNBUSDT,SELL,LIMIT,1701081488931,0.13,225.935
BNBUSDT,SELL,LIMIT,1701081490239,81.87,225.312
BNBUSDT,SELL,LIMIT,1701081492224,0.44,225.882
BNBUSDT,SELL,LIMIT,1701081493386,0.26,225.833
BNBUSDT,SELL,LIMIT,1701081494501,0.53,225.764
BNBUSDT,SELL,LIMIT,1701081496231,5.48,225.651
BNBUSDT,SELL,LIMIT,1701081498320,21.81,225.695
BNBUSDT,SELL,LIMIT,1701081582810,0.04,225.674
BNBUSDT,SELL,LIMIT,1701081583816,0.50,225.625
BNBUSDT,SELL,LIMIT,1701081605943,0.22,226.929
BNBUSDT,SELL,LIMIT,1701082018606,0.18,225.925
BNBUSDT,SELL,LIMIT,1701082212964,10.50,225.942
BNBUSDT,SELL,LIMIT,1701082629968,0.43,226.163
BNBUSDT,SELL,LIMIT,1701082639515,1.05,225.965
BNBUSDT,SELL,LIMIT,1701082651470,0.42,225.937
BNBUSDT,SELL,LIMIT,1701082657258,216.56,224.948
BNBUSDT,SELL,LIMIT,1701082690678,0.20,225.693
BNBUSDT,SELL,LIMIT,1701082693433,16.38,225.689
BNBUSDT,SELL,LIMIT,1701082695663,0.36,225.637
BNBUSDT,SELL,LIMIT,1701082701130,0.95,225.575
BNBUSDT,SELL,LIMIT,1701082702260,49.63,225.388
BNBUSDT,SELL,LIMIT,1701082705083,3.24,225.488
BNBUSDT,SELL,LIMIT,1701082726105,0.21,225.411
BNBUSDT,SELL,LIMIT,1701082727369,7.76,225.570
BNBUSDT,SELL,LIMIT,1701082729690,96.85,224.728
BNBUSDT,SELL,LIMIT,1701083397209,0.52,225.734
BNBUSDT,SELL,LIMIT,1701084601065,1.05,225.078
BNBUSDT,SELL,LIMIT,1701084602063,0.10,225.150
BNBUSDT,SELL,LIMIT,1701084603183,143.89,223.959
BNBUSDT,SELL,LIMIT,1701084604197,21.67,224.631
BNBUSDT,SELL,LIMIT,1701084605200,2.22,224.570
BNBUSDT,SELL,LIMIT,1701084608242,41.84,224.444
BNBUSDT,SELL,LIMIT,1701084610297,0.55,224.538
BNBUSDT,SELL,LIMIT,1701084637187,1.00,224.509
BNBUSDT,SELL,LIMIT,1701084648421,13.33,224.499
BNBUSDT,SELL,LIMIT,1701084655141,1.95,224.475
BNBUSDT,SELL,LIMIT,1701084683266,0.93,224.466
BNBUSDT,SELL,LIMIT,1701084685276,0.60,224.409
BNBUSDT,SELL,LIMIT,1701084699067,0.03,224.399
BNBUSDT,SELL,LIMIT,1701084700111,14.02,224.359
BNBUSDT,SELL,LIMIT,1701084701150,1.86,224.227
BNBUSDT,SELL,LIMIT,1701084796057,0.60,224.019
BNBUSDT,SELL,LIMIT,1701084797146,70.55,223.539
BNBUSDT,SELL,LIMIT,1701084798194,0.65,223.922
BNBUSDT,SELL,LIMIT,1701084799197,58.81,223.600
BNBUSDT,SELL,LIMIT,1701084800530,0.88,223.924
BNBUSDT,SELL,LIMIT,1701084802109,0.04,223.866
BNBUSDT,SELL,LIMIT,1701084930269,25.54,223.790
BNBUSDT,SELL,LIMIT,1701084931203,79.36,223.194
BNBUSDT,SELL,LIMIT,1701084932022,11.28,223.798
BNBUSDT,SELL,LIMIT,1701086664420,0.63,225.249
BNBUSDT,SELL,LIMIT,1701087352279,0.43,225.488
BNBUSDT,SELL,LIMIT,1701087354173,45.36,225.284
BNBUSDT,BUY,LIMIT,1701089449184,0.37,228.299
BNBUSDT,SELL,LIMIT,1701089932955,1.19,225.548
BNBUSDT,SELL,LIMIT,1701089978097,3.46,225.299
BNBUSDT,SELL,LIMIT,1701090701137,0.03,226.207
BNBUSDT,BUY,LIMIT,1701091321817,1.63,228.654
BNBUSDT,SELL,LIMIT,1701091705963,0.26,226.141
BNBUSDT,SELL,LIMIT,1701093111566,0.81,225.149
BNBUSDT,SELL,LIMIT,1701093136703,44.08,224.817
BNBUSDT,SELL,LIMIT,1701093504435,0.82,226.074
BNBUSDT,SELL,LIMIT,1701095120982,1.59,224.522
BNBUSDT,SELL,LIMIT,1701095236263,2.61,224.468
BNBUSDT,SELL,LIMIT,1701095337461,10.77,224.425
BNBUSDT,SELL,LIMIT,1701095378227,4.39,224.394
BNBUSDT,SELL,LIMIT,1701095395514,3.85,224.326
BNBUSDT,SELL,LIMIT,1701095412773,3.07,224.313
BNBUSDT,SELL,LIMIT,1701095476778,0.14,224.246
BNBUSDT,SELL,LIMIT,1701095512342,7.47,224.168
BNBUSDT,SELL,LIMIT,1701095562337,150.00,223.199
BNBUSDT,SELL,LIMIT,1701095597376,0.15,223.984
BNBUSDT,SELL,LIMIT,1701095600212,2.60,223.959
BNBUSDT,SELL,LIMIT,1701095606982,0.10,223.936
BNBUSDT,SELL,LIMIT,1701095612297,3.06,223.851
BNBUSDT,SELL,LIMIT,1701097019340,2.92,224.055
BNBUSDT,SELL,LIMIT,1701097043462,0.20,224.368
BNBUSDT,SELL,LIMIT,1701097049820,5.68,224.039
BNBUSDT,SELL,LIMIT,1701097060134,0.48,224.065
BNBUSDT,SELL,LIMIT,1701097081961,0.66,223.905
BNBUSDT,SELL,LIMIT,1701097087992,7.72,223.876
BNBUSDT,SELL,LIMIT,1701097093080,2.00,223.782
BNBUSDT,SELL,LIMIT,1701097094085,3.24,223.818
BNBUSDT,SELL,LIMIT,1701097099138,2.70,223.756
BNBUSDT,SELL,LIMIT,1701097100165,0.05,224.555
BNBUSDT,SELL,LIMIT,1701097101361,0.11,223.680
BNBUSDT,SELL,LIMIT,1701097102547,4.04,223.646
BNBUSDT,SELL,LIMIT,1701097103447,2.38,223.673
BNBUSDT,SELL,LIMIT,1701098201788,0.60,226.056
BNBUSDT,SELL,LIMIT,1701100135221,0.66,224.667
BNBUSDT,SELL,LIMIT,1701100137173,1.46,228.624
BNBUSDT,SELL,LIMIT,1701100184312,7.88,226.597
BNBUSDT,SELL,LIMIT,1701100212638,0.08,223.942
BNBUSDT,SELL,LIMIT,1701100217929,1.13,223.900
BNBUSDT,SELL,LIMIT,1701100222456,0.85,223.807
BNBUSDT,SELL,LIMIT,1701100272443,0.17,223.756
BNBUSDT,SELL,LIMIT,1701100281570,0.04,223.856
BNBUSDT,SELL,LIMIT,1701100289465,0.88,223.768
BNBUSDT,SELL,LIMIT,1701100514914,0.03,231.851
BNBUSDT,SELL,LIMIT,1701100531063,0.83,223.706
BNBUSDT,SELL,LIMIT,1701100550036,0.84,223.612
BNBUSDT,SELL,LIMIT,1701100551072,0.15,223.566
BNBUSDT,SELL,LIMIT,1701100552114,42.63,223.388
BNBUSDT,SELL,LIMIT,1701100553130,0.03,223.555
BNBUSDT,SELL,LIMIT,1701100556255,0.03,223.510
BNBUSDT,SELL,LIMIT,1701100559067,1.06,223.457
BNBUSDT,SELL,LIMIT,1701100560117,1.29,223.477
BNBUSDT,SELL,LIMIT,1701100564138,0.07,223.408
BNBUSDT,SELL,LIMIT,1701100565629,0.74,223.398
BNBUSDT,SELL,LIMIT,1701100567279,8.00,223.410
BNBUSDT,SELL,LIMIT,1701100569218,0.47,223.383
BNBUSDT,BUY,LIMIT,1701100571066,70.00,216.469
BNBUSDT,SELL,LIMIT,1701100572497,2.21,223.338
BNBUSDT,SELL,LIMIT,1701100573633,7.83,223.324
BNBUSDT,SELL,LIMIT,1701100574717,0.14,223.296
BNBUSDT,SELL,LIMIT,1701100575941,0.09,223.237
BNBUSDT,SELL,LIMIT,1701100576953,8.62,223.201
BNBUSDT,SELL,LIMIT,1701100587572,0.12,223.160
BNBUSDT,SELL,LIMIT,1701100591137,2.01,223.161
BNBUSDT,SELL,LIMIT,1701100595043,3.43,223.168
BNBUSDT,SELL,LIMIT,1701100640228,8.52,223.125
BNBUSDT,SELL,LIMIT,1701100641101,0.09,222.982
BNBUSDT,SELL,LIMIT,1701100642366,0.80,222.804
BNBUSDT,SELL,LIMIT,1701100643611,101.16,221.761
BNBUSDT,SELL,LIMIT,1701100644646,2.00,222.406
BNBUSDT,SELL,LIMIT,1701100724661,0.31,222.408
BNBUSDT,SELL,LIMIT,1701100726067,1.00,222.309
BNBUSDT,SELL,LIMIT,1701100727066,4.02,222.230
BNBUSDT,SELL,LIMIT,1701100728074,18.09,221.994
BNBUSDT,SELL,LIMIT,1701100729155,0.09,221.821
BNBUSDT,SELL,LIMIT,1701100730206,2.23,221.701
BNBUSDT,SELL,LIMIT,1701100731287,1.13,221.697
BNBUSDT,SELL,LIMIT,1701100756677,0.06,221.832
BNBUSDT,SELL,LIMIT,1701100773836,1.62,221.677
BNBUSDT,SELL,LIMIT,1701100781198,6.03,221.706
BNBUSDT,SELL,LIMIT,1701100783913,0.08,221.694
BNBUSDT,SELL,LIMIT,1701100815175,1.62,221.715
BNBUSDT,SELL,LIMIT,1701100819402,1.71,221.680
BNBUSDT,SELL,LIMIT,1701101005549,2.07,222.663
BNBUSDT,SELL,LIMIT,1701101025730,0.99,222.682
BNBUSDT,SELL,LIMIT,1701101043820,0.59,222.791
BNBUSDT,SELL,LIMIT,1701101072802,15.91,223.144
BNBUSDT,SELL,LIMIT,1701101244266,44.11,223.955
BNBUSDT,BUY,LIMIT,1701101822007,0.33,226.385
BNBUSDT,BUY,LIMIT,1701101863945,0.03,226.534
BNBUSDT,BUY,LIMIT,1701101889268,0.22,226.596
BNBUSDT,BUY,LIMIT,1701101991904,0.74,226.712
BNBUSDT,BUY,LIMIT,1701102028631,0.98,225.850
BNBUSDT,SELL,LIMIT,1701102067099,2.15,224.225
BNBUSDT,SELL,LIMIT,1701102199998,1.59,224.045
BNBUSDT,BUY,LIMIT,1701102641189,0.04,226.941
BNBUSDT,BUY,LIMIT,1701102646394,0.90,227.029
BNBUSDT,BUY,LIMIT,1701103536027,96.41,228.464
BNBUSDT,BUY,LIMIT,1701104195616,0.89,228.030
BNBUSDT,BUY,LIMIT,1701104209616,4.10,228.135
BNBUSDT,BUY,LIMIT,1701104423096,17.49,227.864
BNBUSDT,BUY,LIMIT,1701104679447,1.20,228.231
BNBUSDT,BUY,LIMIT,1701104745884,1.00,228.289
BNBUSDT,BUY,LIMIT,1701105034681,1.80,228.388
BNBUSDT,BUY,LIMIT,1701105038106,0.06,228.357
BNBUSDT,BUY,LIMIT,1701105324619,0.85,228.709
BNBUSDT,SELL,LIMIT,1701107409068,0.05,225.273
BNBUSDT,SELL,LIMIT,1701107455855,0.45,225.159
BNBUSDT,SELL,LIMIT,1701107541296,0.19,225.059
BNBUSDT,SELL,LIMIT,1701111255169,0.03,225.164
BNBUSDT,SELL,LIMIT,1701111259278,7.98,225.971
BNBUSDT,SELL,LIMIT,1701111410820,21.48,225.087
BNBUSDT,BUY,LIMIT,1701111441348,0.40,227.154
BNBUSDT,SELL,LIMIT,1701111595829,0.23,224.353
BNBUSDT,SELL,LIMIT,1701111597702,0.04,224.089
BNBUSDT,SELL,LIMIT,1701111599018,4.35,224.077
BNBUSDT,SELL,LIMIT,1701111611736,0.08,223.981
BNBUSDT,SELL,LIMIT,1701111880089,0.16,225.086
BNBUSDT,SELL,LIMIT,1701111937676,22.22,225.048
BNBUSDT,SELL,LIMIT,1701112033221,3.93,224.983
BNBUSDT,SELL,LIMIT,1701112044924,5.87,224.947
BNBUSDT,SELL,LIMIT,1701113288633,3.69,225.277
BNBUSDT,SELL,LIMIT,1701114162897,0.70,225.148
BNBUSDT,SELL,LIMIT,1701114163992,1.00,223.951
BNBUSDT,SELL,LIMIT,1701114205080,0.46,224.215
BNBUSDT,SELL,LIMIT,1701114206711,0.16,223.805
BNBUSDT,SELL,LIMIT,1701114208298,0.09,223.788
BNBUSDT,SELL,LIMIT,1701114213580,0.11,223.770
BNBUSDT,SELL,LIMIT,1701114216099,0.44,223.795
BNBUSDT,SELL,LIMIT,1701114228449,1.46,223.693
BNBUSDT,SELL,LIMIT,1701114229893,0.50,223.687
BNBUSDT,SELL,LIMIT,1701114231261,1.82,223.637
BNBUSDT,SELL,LIMIT,1701114233477,0.88,223.634
BNBUSDT,SELL,LIMIT,1701114236046,1.73,223.554
BNBUSDT,SELL,LIMIT,1701114237067,3.44,223.536
BNBUSDT,SELL,LIMIT,1701114239972,24.43,223.424
BNBUSDT,SELL,LIMIT,1701114266855,3.24,223.507
BNBUSDT,SELL,LIMIT,1701114342183,0.32,223.408
BNBUSDT,SELL,LIMIT,1701114344042,0.25,223.393
BNBUSDT,SELL,LIMIT,1701114346613,0.11,223.322
BNBUSDT,SELL,LIMIT,1701114356875,22.18,223.407
BNBUSDT,SELL,LIMIT,1701114383059,0.72,223.290
BNBUSDT,SELL,LIMIT,1701114394739,0.70,223.279
BNBUSDT,SELL,LIMIT,1701114459534,2.62,223.206
BNBUSDT,SELL,LIMIT,1701114462552,0.88,223.199
BNBUSDT,SELL,LIMIT,1701114463768,0.16,223.196
BNBUSDT,SELL,LIMIT,1701114466798,0.25,223.150
BNBUSDT,SELL,LIMIT,1701114474650,0.57,223.344
BNBUSDT,SELL,LIMIT,1701114475764,0.30,223.066
BNBUSDT,SELL,LIMIT,1701114476991,5.00,223.054
BNBUSDT,SELL,LIMIT,1701114479025,1.81,222.955
BNBUSDT,SELL,LIMIT,1701114489896,1.00,223.388
BNBUSDT,SELL,LIMIT,1701114491154,3.85,222.891
BNBUSDT,SELL,LIMIT,1701114493174,0.14,222.888
BNBUSDT,SELL,LIMIT,1701114494223,0.11,222.814
BNBUSDT,SELL,LIMIT,1701114496064,0.68,222.770
BNBUSDT,SELL,LIMIT,1701114497158,0.10,223.243
BNBUSDT,SELL,LIMIT,1701114525252,0.04,222.718
BNBUSDT,SELL,LIMIT,1701114533487,0.04,222.708
BNBUSDT,SELL,LIMIT,1701114568945,0.72,222.632
BNBUSDT,SELL,LIMIT,1701114570325,2.00,222.623
BNBUSDT,SELL,LIMIT,1701116696569,5.00,224.057
BNBUSDT,SELL,LIMIT,1701116890019,1.51,223.010
BNBUSDT,SELL,LIMIT,1701116891396,0.48,223.122
BNBUSDT,SELL,LIMIT,1701116952262,0.79,223.011
BNBUSDT,SELL,LIMIT,1701117108679,6.56,222.781
BNBUSDT,SELL,LIMIT,1701117174271,20.00,222.811
BNBUSDT,SELL,LIMIT,1701117185772,133.45,221.959
BNBUSDT,SELL,LIMIT,1701118687400,0.26,222.577
BNBUSDT,SELL,LIMIT,1701118693810,2.21,222.538
BNBUSDT,BUY,LIMIT,1701119762596,1.33,226.056
BNBUSDT,BUY,LIMIT,1701120278683,1.61,226.346
BNBUSDT,BUY,LIMIT,1701120819005,0.51,226.921
BNBUSDT,BUY,LIMIT,1701120863831,0.27,227.022
BNBUSDT,BUY,LIMIT,1701120974926,2.28,227.137
BNBUSDT,BUY,LIMIT,1701120980763,2.16,227.316
BNBUSDT,BUY,LIMIT,1701122232328,40.00,227.117
BNBUSDT,SELL,LIMIT,1701123237578,20.46,224.977
BNBUSDT,BUY,LIMIT,1701124257740,1.96,227.579
BNBUSDT,BUY,LIMIT,1701124982284,0.24,227.593
BNBUSDT,BUY,LIMIT,1701125018218,1.44,227.630
BNBUSDT,BUY,LIMIT,1701125801466,2.25,227.773
BNBUSDT,BUY,LIMIT,1701126007994,0.32,227.863
BNBUSDT,BUY,LIMIT,1701126016034,1.60,227.906
BNBUSDT,BUY,LIMIT,1701126192043,2.18,228.277
BNBUSDT,BUY,LIMIT,1701126641903,0.37,228.390
BNBUSDT,BUY,LIMIT,1701126831875,0.04,228.576
BNBUSDT,BUY,LIMIT,1701126854455,0.76,228.596
BNBUSDT,BUY,LIMIT,1701127481640,0.38,228.810
BNBUSDT,BUY,LIMIT,1701127504076,22.11,228.991
BNBUSDT,BUY,LIMIT,1701130987404,3.50,229.067
BNBUSDT,BUY,LIMIT,1701131035671,0.07,229.236
BNBUSDT,BUY,LIMIT,1701131406550,0.13,229.256
BNBUSDT,BUY,LIMIT,1701131484167,1.80,229.323
BNBUSDT,BUY,LIMIT,1701131485335,9.59,229.331
BNBUSDT,BUY,LIMIT,1701131495609,2.18,229.399
BNBUSDT,BUY,LIMIT,1701131564283,71.00,229.880
BNBUSDT,BUY,LIMIT,1701131568059,0.06,229.403
BNBUSDT,BUY,LIMIT,1701131587800,1.00,229.494
BNBUSDT,BUY,LIMIT,1701131597684,22.06,229.571
BNBUSDT,BUY,LIMIT,1701131894483,15.18,229.572
BNBUSDT,BUY,LIMIT,1701131907430,2.00,229.586
BNBUSDT,BUY,LIMIT,1701131952220,1.42,229.648
BNBUSDT,BUY,LIMIT,1701131953451,0.08,229.655
BNBUSDT,BUY,LIMIT,1701131972890,2.94,229.796
BNBUSDT,SELL,LIMIT,1701136891669,3.19,225.560
BNBUSDT,SELL,LIMIT,1701136965031,0.24,225.282
BNBUSDT,SELL,LIMIT,1701137003923,14.36,225.262
BNBUSDT,SELL,LIMIT,1701137125333,0.31,224.957
BNBUSDT,SELL,LIMIT,1701137146338,0.47,224.911
BNBUSDT,SELL,LIMIT,1701137225850,0.05,224.763
BNBUSDT,SELL,LIMIT,1701137271611,0.82,224.666
BNBUSDT,SELL,LIMIT,1701137306235,0.47,224.582
BNBUSDT,SELL,LIMIT,1701137565454,0.03,224.519
BNBUSDT,SELL,LIMIT,1701143258748,0.43,225.647
BNBUSDT,BUY,LIMIT,1701145928993,3.15,226.049
BNBUSDT,SELL,LIMIT,1701147881657,1.00,225.037
BNBUSDT,SELL,LIMIT,1701148011436,0.72,224.423
BNBUSDT,SELL,LIMIT,1701148135856,10.78,224.443
BNBUSDT,SELL,LIMIT,1701148201310,1.75,224.260
BNBUSDT,SELL,LIMIT,1701148220719,0.10,224.203
BNBUSDT,SELL,LIMIT,1701148238099,0.11,224.389
BNBUSDT,SELL,LIMIT,1701148241143,8.29,224.158
BNBUSDT,SELL,LIMIT,1701148243297,0.86,224.143
BNBUSDT,SELL,LIMIT,1701148254072,0.07,224.136
BNBUSDT,SELL,LIMIT,1701149066250,0.54,224.331
BNBUSDT,BUY,LIMIT,1701149130244,0.05,226.573
BNBUSDT,SELL,LIMIT,1701149771344,0.65,224.194
BNBUSDT,SELL,LIMIT,1701149773182,22.01,224.130
BNBUSDT,SELL,LIMIT,1701149821092,0.31,224.068
BNBUSDT,SELL,LIMIT,1701149827624,1.76,224.019
BNBUSDT,SELL,LIMIT,1701149857328,0.23,223.757
BNBUSDT,SELL,LIMIT,1701149876316,1.00,223.880
BNBUSDT,SELL,LIMIT,1701149882300,0.03,223.743
BNBUSDT,SELL,LIMIT,1701149886102,0.23,223.696
BNBUSDT,SELL,LIMIT,1701149887161,1.00,223.753
BNBUSDT,SELL,LIMIT,1701149889029,21.92,223.676
BNBUSDT,SELL,LIMIT,1701149890458,1.53,223.636
BNBUSDT,SELL,LIMIT,1701149899165,9.27,223.587
BNBUSDT,SELL,LIMIT,1701149901135,22.00,223.612
BNBUSDT,SELL,LIMIT,1701150708327,0.08,223.562
BNBUSDT,SELL,LIMIT,1701151248188,15.75,223.713
BNBUSDT,SELL,LIMIT,1701151263534,14.01,223.421
BNBUSDT,SELL,LIMIT,1701151265205,0.17,223.385
BNBUSDT,SELL,LIMIT,1701151266529,0.04,223.344
BNBUSDT,SELL,LIMIT,1701151273674,2.06,223.317
BNBUSDT,SELL,LIMIT,1701151274941,1.83,223.288
BNBUSDT,SELL,LIMIT,1701156142374,0.22,224.932
BNBUSDT,SELL,LIMIT,1701156509915,0.19,223.931
BNBUSDT,SELL,LIMIT,1701156527453,0.18,224.410
BNBUSDT,SELL,LIMIT,1701156561233,3.15,223.735
BNBUSDT,BUY,LIMIT,1701158118623,1.25,227.431
BNBUSDT,BUY,LIMIT,1701163006720,1.03,227.651
BNBUSDT,BUY,LIMIT,1701163030567,22.24,227.729
BNBUSDT,BUY,LIMIT,1701163724687,8.78,227.995
BNBUSDT,BUY,LIMIT,1701164071205,0.15,228.167
BNBUSDT,BUY,LIMIT,1701164105042,0.24,228.280
BNBUSDT,BUY,LIMIT,1701164229858,0.44,228.404
BNBUSDT,BUY,LIMIT,1701164603084,0.03,228.786
BNBUSDT,BUY,LIMIT,1701164604831,0.94,228.853
BNBUSDT,BUY,LIMIT,1701164692341,0.12,228.934
BNBUSDT,BUY,LIMIT,1701164693836,0.23,229.016
BNBUSDT,BUY,LIMIT,1701164725550,19.49,229.138
BNBUSDT,BUY,LIMIT,1701164734260,4.03,229.188
BNBUSDT,BUY,LIMIT,1701164939451,3.51,229.272
BNBUSDT,BUY,LIMIT,1701169813073,0.20,229.018
BNBUSDT,BUY,LIMIT,1701170274353,5.83,229.337
BNBUSDT,BUY,LIMIT,1701170282945,18.21,229.452
BNBUSDT,BUY,LIMIT,1701170314387,0.75,229.534
BNBUSDT,BUY,LIMIT,1701170344067,0.05,229.753
BNBUSDT,BUY,LIMIT,1701170345144,9.68,229.822
BNBUSDT,BUY,LIMIT,1701170437339,13.38,229.852
BNBUSDT,BUY,LIMIT,1701170438367,0.95,229.868
BNBUSDT,BUY,LIMIT,1701170475302,0.09,229.912
BNBUSDT,BUY,LIMIT,1701170490459,0.98,229.981
BNBUSDT,BUY,LIMIT,1701170600380,9.62,230.016
BNBUSDT,BUY,LIMIT,1701170695995,1.53,229.400
BNBUSDT,SELL,LIMIT,1701170718256,2.74,227.726
BNBUSDT,BUY,LIMIT,1701170782528,2.07,229.923
BNBUSDT,BUY,LIMIT,1701171048796,2.59,230.086
BNBUSDT,BUY,LIMIT,1701171141434,3.20,230.133
BNBUSDT,BUY,LIMIT,1701172333059,0.22,230.220
BNBUSDT,BUY,LIMIT,1701172391121,0.03,230.265
BNBUSDT,BUY,LIMIT,1701172418332,0.05,230.335
BNBUSDT,BUY,LIMIT,1701172540449,0.32,230.457
BNBUSDT,SELL,LIMIT,1701174244172,3.16,227.229
BNBUSDT,SELL,LIMIT,1701174546260,21.83,227.330
BNBUSDT,BUY,LIMIT,1701178287440,1.56,230.512
BNBUSDT,BUY,LIMIT,1701178295715,2.09,230.538
BNBUSDT,BUY,LIMIT,1701178297094,0.27,230.532
BNBUSDT,BUY,LIMIT,1701178324541,1.90,230.588
BNBUSDT,BUY,LIMIT,1701178332990,0.66,230.612
BNBUSDT,BUY,LIMIT,1701178350330,0.57,230.617
BNBUSDT,BUY,LIMIT,1701178810588,2.00,230.720
BNBUSDT,BUY,LIMIT,1701178825594,16.88,230.759
BNBUSDT,BUY,LIMIT,1701179184749,3.53,230.818
BNBUSDT,BUY,LIMIT,1701179207257,0.08,230.875
BNBUSDT,BUY,LIMIT,1701179229533,4.59,230.885
BNBUSDT,BUY,LIMIT,1701179593125,3.97,230.945
BNBUSDT,BUY,LIMIT,1701179617276,1.00,230.994
BNBUSDT,BUY,LIMIT,1701179624245,0.15,231.051
BNBUSDT,BUY,LIMIT,1701179668890,7.02,231.142
BNBUSDT,BUY,LIMIT,1701179684191,0.71,231.175
BNBUSDT,BUY,LIMIT,1701179685269,0.36,231.163
BNBUSDT,BUY,LIMIT,1701179818000,0.63,231.252
BNBUSDT,BUY,LIMIT,1701180044501,0.04,231.358
BNBUSDT,BUY,LIMIT,1701180528052,15.20,230.950
BNBUSDT,BUY,LIMIT,1701181252613,5.61,231.103
BNBUSDT,BUY,LIMIT,1701181805042,0.32,231.433
BNBUSDT,BUY,LIMIT,1701181807967,8.92,231.426
BNBUSDT,BUY,LIMIT,1701181825203,2.78,231.535
BNBUSDT,BUY,LIMIT,1701181890248,7.91,231.557
BNBUSDT,BUY,LIMIT,1701181892424,0.26,231.626
BNBUSDT,BUY,LIMIT,1701181902045,0.59,231.691
BNBUSDT,BUY,LIMIT,1701181954594,0.04,231.716
BNBUSDT,BUY,LIMIT,1701181978442,14.01,231.769
BNBUSDT,BUY,LIMIT,1701182014491,0.09,231.836
BNBUSDT,BUY,LIMIT,1701182023993,4.75,231.856
BNBUSDT,BUY,LIMIT,1701182419192,11.63,231.872
BNBUSDT,BUY,LIMIT,1701183089336,2.43,231.018
BNBUSDT,SELL,LIMIT,1701186198688,0.05,242.254
BNBUSDT,BUY,LIMIT,1701187238885,2.80,231.039
BNBUSDT,SELL,LIMIT,1701187254113,0.04,229.270
BNBUSDT,SELL,LIMIT,1701187802089,0.28,228.980
BNBUSDT,BUY,LIMIT,1701189445829,0.21,231.324
BNBUSDT,BUY,LIMIT,1701189825183,0.33,232.023
BNBUSDT,BUY,LIMIT,1701189846910,0.37,232.114
BNBUSDT,SELL,LIMIT,1701189984250,1.32,229.903
BNBUSDT,BUY,LIMIT,1701190025801,0.22,232.288
BNBUSDT,BUY,LIMIT,1701190208925,2.20,232.244
BNBUSDT,SELL,LIMIT,1701190242391,0.02,229.882
BNBUSDT,BUY,LIMIT,1701190273756,60.00,232.681
BNBUSDT,BUY,LIMIT,1701190282164,0.42,232.308
BNBUSDT,BUY,LIMIT,1701190316184,1.00,232.242
BNBUSDT,SELL,LIMIT,1701191228333,3.36,229.185
BNBUSDT,BUY,LIMIT,1701192019330,0.03,232.073
BNBUSDT,BUY,LIMIT,1701192024122,2.34,231.961
BNBUSDT,BUY,LIMIT,1701192031067,0.20,232.297
BNBUSDT,BUY,LIMIT,1701192061388,0.25,232.415
BNBUSDT,BUY,LIMIT,1701192072197,1.50,232.521
BNBUSDT,BUY,LIMIT,1701192074092,5.09,232.565
BNBUSDT,BUY,LIMIT,1701192087023,0.87,232.575
BNBUSDT,BUY,LIMIT,1701192089156,0.15,232.645
BNBUSDT,BUY,LIMIT,1701192093794,13.82,232.665
BNBUSDT,BUY,LIMIT,1701192100415,1.60,232.723
BNBUSDT,BUY,LIMIT,1701192102611,2.82,232.741
BNBUSDT,BUY,LIMIT,1701192127901,3.51,232.818
BNBUSDT,BUY,LIMIT,1701192129321,0.14,232.844
BNBUSDT,BUY,LIMIT,1701192137154,2.13,232.870
BNBUSDT,BUY,LIMIT,1701192138434,0.71,232.887
BNBUSDT,BUY,LIMIT,1701192142110,10.88,232.775
BNBUSDT,BUY,LIMIT,1701192143070,10.34,232.346
BNBUSDT,BUY,LIMIT,1701192144281,0.18,232.975
BNBUSDT,SELL,LIMIT,1701192155420,7.86,230.789
BNBUSDT,BUY,LIMIT,1701192239205,11.02,232.977
BNBUSDT,BUY,LIMIT,1701192248558,0.02,232.989
BNBUSDT,BUY,LIMIT,1701192280271,1.50,232.173
BNBUSDT,BUY,LIMIT,1701192282816,1.73,233.067
BNBUSDT,SELL,LIMIT,1701192400906,9.48,238.791
BNBUSDT,SELL,LIMIT,1701192626603,1.12,230.183
BNBUSDT,BUY,LIMIT,1701192676706,0.21,232.467
BNBUSDT,SELL,LIMIT,1701194584045,1.10,230.264
BNBUSDT,SELL,LIMIT,1701194815067,0.12,229.199
BNBUSDT,SELL,LIMIT,1701195140072,0.50,229.187
BNBUSDT,SELL,LIMIT,1701195412223,1.27,228.763
BNBUSDT,SELL,LIMIT,1701195438679,0.82,228.630
BNBUSDT,BUY,LIMIT,1701195970296,0.44,231.518
BNBUSDT,SELL,LIMIT,1701197003504,1.02,229.351
BNBUSDT,SELL,LIMIT,1701197327279,0.65,229.185
BNBUSDT,SELL,LIMIT,1701197574639,7.81,228.534
BNBUSDT,BUY,LIMIT,1701197662286,0.85,230.902
BNBUSDT,BUY,LIMIT,1701197853626,2.44,231.381
BNBUSDT,BUY,LIMIT,1701197856741,0.13,228.945
BNBUSDT,SELL,LIMIT,1701197862681,3.85,229.042
BNBUSDT,BUY,LIMIT,1701200450608,22.07,231.913
BNBUSDT,BUY,LIMIT,1701200475258,1.60,232.246
BNBUSDT,BUY,LIMIT,1701200504231,3.49,232.274
BNBUSDT,SELL,LIMIT,1701200544632,0.17,231.485
BNBUSDT,BUY,LIMIT,1701200563271,0.13,232.559
BNBUSDT,SELL,LIMIT,1701211848366,0.03,228.522
BNBUSDT,SELL,LIMIT,1701211855077,0.06,228.503
BNBUSDT,SELL,LIMIT,1701211856106,0.12,228.502
BNBUSDT,SELL,LIMIT,1701211905615,0.14,228.457
BNBUSDT,SELL,LIMIT,1701211932577,0.07,228.323
BNBUSDT,SELL,LIMIT,1701214581437,1.86,228.184
BNBUSDT,SELL,LIMIT,1701214736146,0.54,228.026
BNBUSDT,SELL,LIMIT,1701216463946,7.46,228.050
BNBUSDT,SELL,LIMIT,1701216826702,2.80,228.013
BNBUSDT,SELL,LIMIT,1701216854880,0.38,228.008
BNBUSDT,SELL,LIMIT,1701229499258,0.03,227.939
BNBUSDT,SELL,LIMIT,1701229501229,0.53,227.841
BNBUSDT,BUY,LIMIT,1701241346417,4.23,231.582
BNBUSDT,BUY,LIMIT,1701243197413,0.03,230.332
BNBUSDT,SELL,LIMIT,1701247320271,0.33,229.438
BNBUSDT,BUY,LIMIT,1701247955287,0.33,232.160
BNBUSDT,BUY,LIMIT,1701248054147,31.49,232.251
BNBUSDT,BUY,LIMIT,1701248276495,1.12,232.460
BNBUSDT,SELL,LIMIT,1701251618609,0.39,228.982
BNBUSDT,SELL,LIMIT,1701253163926,15.07,229.102
BNBUSDT,SELL,LIMIT,1701253412138,0.27,228.866
BNBUSDT,SELL,LIMIT,1701254010909,5.00,228.330
BNBUSDT,SELL,LIMIT,1701254058840,3.69,228.224
BNBUSDT,SELL,LIMIT,1701254061973,10.80,228.216
BNBUSDT,SELL,LIMIT,1701254066233,0.44,228.148
BNBUSDT,SELL,LIMIT,1701254281080,2.12,228.044
BNBUSDT,SELL,LIMIT,1701254360176,9.99,227.861
BNBUSDT,SELL,LIMIT,1701254405229,2.20,227.786
BNBUSDT,SELL,LIMIT,1701254410679,2.65,227.753
BNBUSDT,SELL,LIMIT,1701254411807,0.13,227.671
BNBUSDT,SELL,LIMIT,1701254413889,0.96,227.612
BNBUSDT,SELL,LIMIT,1701254416497,1.69,227.582
BNBUSDT,SELL,LIMIT,1701254418157,1.03,227.567
BNBUSDT,SELL,LIMIT,1701254419291,0.97,227.528
BNBUSDT,SELL,LIMIT,1701254420296,4.33,227.489
BNBUSDT,SELL,LIMIT,1701254485049,0.59,227.756
BNBUSDT,SELL,LIMIT,1701254633047,0.68,227.406
BNBUSDT,SELL,LIMIT,1701254644202,0.04,227.347
BNBUSDT,SELL,LIMIT,1701254645447,0.06,227.314
BNBUSDT,SELL,LIMIT,1701254647196,0.48,227.270
BNBUSDT,SELL,LIMIT,1701254660083,2.74,227.224
