Symbol,Side,Order Type,Time,Quantity,Price
BNBUSDT,SELL,LIMIT,1701000617168,0.15,232.343
BNBUSDT,SELL,LIMIT,1701001501482,0.36,232.107
BNBUSDT,SELL,LIMIT,1701001503391,21.40,238.639
BNBUSDT,SELL,LIMIT,1701005464185,0.02,231.895
BNBUSDT,SELL,LIMIT,1701005990470,0.03,232.124
BNBUSDT,SELL,LIMIT,1701006200101,1.15,231.681
BNBUSDT,SELL,LIMIT,1701006324725,0.63,231.467
BNBUSDT,SELL,LIMIT,1701006326156,10.55,231.488
BNBUSDT,SELL,LIMIT,1701006334136,2.82,231.521
BNBUSDT,SELL,LIMIT,1701008443378,15.10,231.337
BNBUSDT,SELL,LIMIT,1701008444397,0.85,231.309
BNBUSDT,SELL,LIMIT,1701008446415,0.10,231.223
BNBUSDT,SELL,LIMIT,1701008448350,0.03,231.139
BNBUSDT,SELL,LIMIT,1701008450263,0.03,231.113
BNBUSDT,SELL,LIMIT,1701008492609,1.98,231.095
BNBUSDT,SELL,LIMIT,1701008494131,3.83,231.033
BNBUSDT,SELL,LIMIT,1701008496070,1.66,231.022
BNBUSDT,SELL,LIMIT,1701008517033,0.03,230.961
BNBUSDT,SELL,LIMIT,1701008575880,7.76,230.924
BNBUSDT,SELL,LIMIT,1701008708148,0.65,230.919
BNBUSDT,SELL,LIMIT,1701008805470,21.35,230.860
BNBUSDT,SELL,LIMIT,1701008834785,1.26,230.845
BNBUSDT,SELL,LIMIT,1701008843265,0.23,230.846
BNBUSDT,SELL,LIMIT,1701008844630,0.30,230.776
BNBUSDT,SELL,LIMIT,1701008897634,0.36,230.756
BNBUSDT,SELL,LIMIT,1701008927207,0.06,230.728
BNBUSDT,SELL,LIMIT,1701008943438,0.33,230.957
BNBUSDT,SELL,LIMIT,1701008945194,0.07,230.651
BNBUSDT,SELL,LIMIT,1701008946339,0.63,230.640
BNBUSDT,SELL,LIMIT,1701008948131,0.06,230.598
BNBUSDT,SELL,LIMIT,1701008949211,0.05,230.595
BNBUSDT,SELL,LIMIT,1701009013070,5.95,230.527
BNBUSDT,SELL,LIMIT,1701009014152,6.39,230.540
BNBUSDT,SELL,LIMIT,1701009015269,3.16,230.505
BNBUSDT,SELL,LIMIT,1701009016403,0.03,230.488
BNBUSDT,SELL,LIMIT,1701009017434,1.23,230.363
BNBUSDT,SELL,LIMIT,1701009019115,2.95,230.350
BNBUSDT,SELL,LIMIT,1701009020200,2.55,230.313
BNBUSDT,SELL,LIMIT,1701009263866,2.77,230.411
BNBUSDT,SELL,LIMIT,1701009292480,0.12,230.257
BNBUSDT,SELL,LIMIT,1701010864405,2.52,230.635
BNBUSDT,SELL,LIMIT,1701012687516,0.45,231.607
BNBUSDT,SELL,LIMIT,1701013055152,0.80,231.409
BNBUSDT,SELL,LIMIT,1701013431439,1.83,231.313
BNBUSDT,SELL,LIMIT,1701013939856,8.00,230.610
BNBUSDT,SELL,LIMIT,1701014025572,57.04,229.969
BNBUSDT,SELL,LIMIT,1701014028995,0.27,235.086
BNBUSDT,SELL,LIMIT,1701014044607,0.03,230.219
BNBUSDT,SELL,LIMIT,1701014057878,0.38,230.296
BNBUSDT,SELL,LIMIT,1701014921311,1.00,230.999
BNBUSDT,SELL,LIMIT,1701014923973,0.06,230.801
BNBUSDT,SELL,LIMIT,1701015637160,9.30,230.207
BNBUSDT,SELL,LIMIT,1701015640991,18.00,230.184
BNBUSDT,SELL,LIMIT,1701015642487,0.32,230.135
BNBUSDT,SELL,LIMIT,1701015644389,0.42,230.119
BNBUSDT,SELL,LIMIT,1701015646113,0.18,230.111
BNBUSDT,SELL,LIMIT,1701015663164,7.15,230.017
BNBUSDT,SELL,LIMIT,1701015664241,0.96,230.065
BNBUSDT,SELL,LIMIT,1701015669258,0.24,229.940
BNBUSDT,SELL,LIMIT,1701015670307,2.55,229.928
BNBUSDT,SELL,LIMIT,1701015672069,0.10,229.869
BNBUSDT,SELL,LIMIT,1701015673093,0.64,229.789
BNBUSDT,SELL,LIMIT,1701015674109,3.11,229.816
BNBUSDT,SELL,LIMIT,1701015682352,2.00,229.767
BNBUSDT,BUY,LIMIT,1701015684146,3.13,231.329
BNBUSDT,SELL,LIMIT,1701015685002,42.63,229.571
BNBUSDT,SELL,LIMIT,1701015685938,0.65,229.607
BNBUSDT,SELL,LIMIT,1701015688310,0.59,229.719
BNBUSDT,SELL,LIMIT,1701015733345,0.41,229.605
BNBUSDT,SELL,LIMIT,1701015742292,0.85,229.559
BNBUSDT,SELL,LIMIT,1701015743502,3.05,229.533
BNBUSDT,SELL,LIMIT,1701015748050,3.17,229.490
BNBUSDT,SELL,LIMIT,1701015760181,21.47,229.547
BNBUSDT,SELL,LIMIT,1701015761160,1.00,229.415
BNBUSDT,SELL,LIMIT,1701015783715,6.60,229.408
BNBUSDT,SELL,LIMIT,1701015801485,4.41,229.388
BNBUSDT,SELL,LIMIT,1701015806077,1.08,229.357
BNBUSDT,SELL,LIMIT,1701015812020,0.21,229.327
BNBUSDT,SELL,LIMIT,1701015824090,0.50,229.321
BNBUSDT,SELL,LIMIT,1701015825099,0.89,229.266
BNBUSDT,SELL,LIMIT,1701015826448,11.18,229.284
BNBUSDT,SELL,LIMIT,1701015828188,0.92,229.253
BNBUSDT,SELL,LIMIT,1701015832285,22.53,229.213
BNBUSDT,SELL,LIMIT,1701015834053,0.83,229.205
BNBUSDT,SELL,LIMIT,1701015835086,0.08,229.199
BNBUSDT,SELL,LIMIT,1701015836137,5.83,229.052
BNBUSDT,SELL,LIMIT,1701015837230,0.08,229.108
BNBUSDT,SELL,LIMIT,1701015838762,0.08,229.099
BNBUSDT,SELL,LIMIT,1701015840152,4.87,228.954
BNBUSDT,SELL,LIMIT,1701015841224,0.76,228.888
BNBUSDT,SELL,LIMIT,1701015842268,0.42,228.945
BNBUSDT,SELL,LIMIT,1701015864072,14.61,228.857
BNBUSDT,SELL,LIMIT,1701015866999,2.76,228.885
BNBUSDT,SELL,LIMIT,1701015868162,42.47,228.721
BNBUSDT,SELL,LIMIT,1701015869348,1.14,228.713
BNBUSDT,SELL,LIMIT,1701015870408,11.22,228.796
BNBUSDT,SELL,LIMIT,1701015872181,0.11,228.681
BNBUSDT,SELL,LIMIT,1701015873256,0.03,228.633
BNBUSDT,SELL,LIMIT,1701015874322,0.04,228.611
BNBUSDT,SELL,LIMIT,1701015875329,0.69,228.620
BNBUSDT,SELL,LIMIT,1701015901247,0.93,228.559
BNBUSDT,SELL,LIMIT,1701015902520,0.50,228.551
BNBUSDT,SELL,LIMIT,1701015903551,16.03,228.418
BNBUSDT,SELL,LIMIT,1701015905242,1.91,228.350
BNBUSDT,SELL,LIMIT,1701015906278,1.53,228.331
BNBUSDT,SELL,LIMIT,1701015907366,0.77,228.338
BNBUSDT,SELL,LIMIT,1701015908390,2.91,228.148
BNBUSDT,SELL,LIMIT,1701015910069,0.73,227.999
BNBUSDT,SELL,LIMIT,1701015911087,0.03,227.967
BNBUSDT,SELL,LIMIT,1701015949191,0.38,228.503
BNBUSDT,SELL,LIMIT,1701016013261,21.44,228.920
BNBUSDT,SELL,LIMIT,1701016015654,0.06,228.449
BNBUSDT,SELL,LIMIT,1701016019324,0.25,228.379
BNBUSDT,SELL,LIMIT,1701016026055,0.24,240.696
BNBUSDT,SELL,LIMIT,1701016028590,0.05,228.369
BNBUSDT,SELL,LIMIT,1701016032236,126.12,227.394
BNBUSDT,SELL,LIMIT,1701016033156,1.33,228.198
BNBUSDT,SELL,LIMIT,1701016035891,2.52,228.331
BNBUSDT,SELL,LIMIT,1701016037380,2.13,228.038
BNBUSDT,SELL,LIMIT,1701016038787,6.06,227.987
BNBUSDT,SELL,LIMIT,1701016041950,0.21,227.977
BNBUSDT,SELL,LIMIT,1701016043000,0.31,227.873
BNBUSDT,SELL,LIMIT,1701016045165,21.34,227.613
BNBUSDT,SELL,LIMIT,1701016045975,0.65,227.610
BNBUSDT,SELL,LIMIT,1701016047104,6.53,227.515
BNBUSDT,SELL,LIMIT,1701016047948,2.08,227.500
BNBUSDT,SELL,LIMIT,1701016049334,0.09,227.317
BNBUSDT,SELL,LIMIT,1701016090934,0.65,227.411
BNBUSDT,SELL,LIMIT,1701016093418,8.26,227.334
BNBUSDT,SELL,LIMIT,1701016096283,16.38,227.310
BNBUSDT,SELL,LIMIT,1701016097899,3.06,227.310
BNBUSDT,SELL,LIMIT,1701016098969,2.15,227.302
BNBUSDT,SELL,LIMIT,1701016099952,100.97,226.470
BNBUSDT,SELL,LIMIT,1701016101511,2.82,227.129
BNBUSDT,SELL,LIMIT,1701016102242,1.60,227.138
BNBUSDT,SELL,LIMIT,1701016103235,543.12,224.644
BNBUSDT,SELL,LIMIT,1701016104070,0.17,227.085
BNBUSDT,SELL,LIMIT,1701016105096,0.36,227.034
BNBUSDT,SELL,LIMIT,1701016106130,42.73,226.915
BNBUSDT,SELL,LIMIT,1701016328803,0.24,229.092
BNBUSDT,SELL,LIMIT,1701016838194,5.36,228.850
BNBUSDT,BUY,LIMIT,1701018241255,0.18,230.235
BNBUSDT,BUY,LIMIT,1701019010130,0.32,230.931
BNBUSDT,BUY,LIMIT,1701022277461,3.94,232.151
BNBUSDT,BUY,LIMIT,1701022282102,0.21,232.181
BNBUSDT,BUY,LIMIT,1701022291482,1.84,232.289
BNBUSDT,BUY,LIMIT,1701022303598,5.88,232.360
BNBUSDT,BUY,LIMIT,1701022305077,0.29,232.384
BNBUSDT,BUY,LIMIT,1701022410631,0.03,232.487
BNBUSDT,BUY,LIMIT,1701026176095,1.45,232.614
BNBUSDT,BUY,LIMIT,1701026177194,1.49,232.584
BNBUSDT,BUY,LIMIT,1701030026197,0.08,232.935
BNBUSDT,BUY,LIMIT,1701030041490,0.03,232.986
BNBUSDT,BUY,LIMIT,1701030165223,2.00,233.020
BNBUSDT,BUY,LIMIT,1701030230340,0.87,233.127
BNBUSDT,SELL,LIMIT,1701031386684,0.32,230.946
BNBUSDT,BUY,LIMIT,1701031392680,1.31,233.393
BNBUSDT,BUY,LIMIT,1701031591331,0.16,233.518
BNBUSDT,BUY,LIMIT,1701031601284,1.32,233.642
BNBUSDT,BUY,LIMIT,1701031606488,0.10,233.721
BNBUSDT,BUY,LIMIT,1701031662458,0.94,233.829
BNBUSDT,BUY,LIMIT,1701031671883,21.65,233.842
BNBUSDT,BUY,LIMIT,1701031679965,0.05,233.864
BNBUSDT,BUY,LIMIT,1701031744210,1.08,233.924
BNBUSDT,BUY,LIMIT,1701031746085,0.63,233.986
BNBUSDT,BUY,LIMIT,1701031747444,6.83,234.000
BNBUSDT,BUY,LIMIT,1701031752736,3.44,233.994
BNBUSDT,BUY,LIMIT,1701031761399,0.20,234.042
BNBUSDT,BUY,LIMIT,1701036200877,0.43,233.607
BNBUSDT,BUY,LIMIT,1701045568249,0.20,233.960
BNBUSDT,SELL,LIMIT,1701050766051,1.01,229.894
BNBUSDT,SELL,LIMIT,1701050818720,0.52,229.765
BNBUSDT,SELL,LIMIT,1701050871975,0.06,229.694
BNBUSDT,SELL,LIMIT,1701052043816,1.61,229.562
BNBUSDT,SELL,LIMIT,1701052099342,0.23,229.528
BNBUSDT,SELL,LIMIT,1701052247211,7.02,229.450
BNBUSDT,SELL,LIMIT,1701052280094,0.20,229.557
BNBUSDT,SELL,LIMIT,1701052645082,3.57,229.268
BNBUSDT,SELL,LIMIT,1701052650357,0.64,229.214
BNBUSDT,SELL,LIMIT,1701052816072,2.50,229.162
BNBUSDT,SELL,LIMIT,1701052875027,0.93,228.984
BNBUSDT,SELL,LIMIT,1701052879264,0.94,228.921
BNBUSDT,SELL,LIMIT,1701053101299,0.20,228.877
BNBUSDT,SELL,LIMIT,1701053132113,0.47,228.825
BNBUSDT,SELL,LIMIT,1701053133431,10.39,228.780
BNBUSDT,SELL,LIMIT,1701053134652,1.29,228.767
BNBUSDT,SELL,LIMIT,1701053135902,7.97,228.725
BNBUSDT,SELL,LIMIT,1701053138059,1.86,228.710
BNBUSDT,SELL,LIMIT,1701054427319,0.50,228.791
BNBUSDT,SELL,LIMIT,1701054468152,0.26,228.562
BNBUSDT,SELL,LIMIT,1701054470563,0.03,228.496
BNBUSDT,SELL,LIMIT,1701054486053,21.51,228.461
BNBUSDT,BUY,LIMIT,1701055038746,0.42,230.798
BNBUSDT,SELL,LIMIT,1701055068492,0.76,228.331
BNBUSDT,SELL,LIMIT,1701055546193,0.08,228.229
BNBUSDT,SELL,LIMIT,1701055564183,2.44,228.213
BNBUSDT,SELL,LIMIT,1701055613122,4.79,228.221
BNBUSDT,SELL,LIMIT,1701055629060,0.28,228.135
BNBUSDT,SELL,LIMIT,1701055700764,1.44,228.089
BNBUSDT,SELL,LIMIT,1701055736820,2.05,227.934
BNBUSDT,SELL,LIMIT,1701055743957,5.41,227.782
BNBUSDT,SELL,LIMIT,1701055748030,4.17,227.750
BNBUSDT,SELL,LIMIT,1701055749093,0.72,227.667
BNBUSDT,SELL,LIMIT,1701055750383,14.74,227.700
BNBUSDT,SELL,LIMIT,1701055754235,18.47,227.570
BNBUSDT,SELL,LIMIT,1701055755250,2.06,227.617
BNBUSDT,SELL,LIMIT,1701055829263,2.78,227.549
BNBUSDT,SELL,LIMIT,1701055837127,0.10,227.532
BNBUSDT,SELL,LIMIT,1701056021052,21.19,227.724
BNBUSDT,SELL,LIMIT,1701056111248,1.40,227.446
BNBUSDT,SELL,LIMIT,1701056123820,0.32,227.537
BNBUSDT,SELL,LIMIT,1701056127102,0.03,227.381
BNBUSDT,SELL,LIMIT,1701056136356,0.03,227.335
BNBUSDT,SELL,LIMIT,1701056151341,0.89,227.190
BNBUSDT,SELL,LIMIT,1701056154387,0.52,227.154
BNBUSDT,SELL,LIMIT,1701056163682,10.00,227.079
BNBUSDT,SELL,LIMIT,1701062079221,0.03,233.190
BNBUSDT,SELL,LIMIT,1701062207912,3.29,228.902
BNBUSDT,SELL,LIMIT,1701063951911,3.83,228.729
