Symbol,Side,Order Type,Time,Quantity,Price
BNTUSDT,SELL,LIMIT,1701067750374,1734,0.7422325
BNTUSDT,SELL,LIMIT,1701068164993,515,0.7261639
BNTUSDT,SELL,LIMIT,1701069575323,3911,0.7219339
BNTUSDT,SELL,LIMIT,1701069797130,334,0.7211364
BNTUSDT,SELL,LIMIT,1701069810339,554,0.7205691
BNTUSDT,SELL,LIMIT,1701069846602,44,0.7165172
BNTUSDT,SELL,LIMIT,1701069859799,131,0.7173885
BNTUSDT,SELL,LIMIT,1701070168773,259,0.7161818
BNTUSDT,SELL,LIMIT,1701070174167,65,0.7157011
BNTUSDT,SELL,LIMIT,1701074948563,9,0.7198650
BNTUSDT,SELL,LIMIT,1701076095357,1,0.7398685
BNTUSDT,SELL,LIMIT,1701081135164,28017,0.7103240
BNTUSDT,SELL,LIMIT,1701081327471,2174,0.7145635
BNTUSDT,SELL,LIMIT,1701081329456,571,0.7143198
BNTUSDT,SELL,LIMIT,1701081432289,13,0.7139866
BNTUSDT,SELL,LIMIT,1701081439272,397,0.7133024
BNTUSDT,SELL,LIMIT,1701081452163,76,0.7122541
BNTUSDT,SELL,LIMIT,1701081458960,98,0.7113789
BNTUSDT,SELL,LIMIT,1701081499222,3,0.7106681
BNTUSDT,SELL,LIMIT,1701082022826,658,0.7119256
BNTUSDT,SELL,LIMIT,1701082483039,2880,0.7121982
BNTUSDT,SELL,LIMIT,1701082682132,7450,0.7093794
BNTUSDT,SELL,LIMIT,1701082683305,39,0.7088823
BNTUSDT,SELL,LIMIT,1701082696926,45,0.7082151
BNTUSDT,SELL,LIMIT,1701095593217,48,0.7146005
BNTUSDT,BUY,LIMIT,1701095712854,27,0.7394414
BNTUSDT,BUY,LIMIT,1701097413682,64,0.7433144
BNTUSDT,SELL,LIMIT,1701107409152,206,0.7190471
BNTUSDT,SELL,LIMIT,1701107644330,163,0.7169614
BNTUSDT,SELL,LIMIT,1701112082323,2183,0.7145848
BNTUSDT,SELL,LIMIT,1701114205080,285,0.7129514
BNTUSDT,SELL,LIMIT,1701114488471,1435,0.7081111
BNTUSDT,SELL,LIMIT,1701114497278,337,0.7058919
BNTUSDT,SELL,LIMIT,1701114504790,236,0.7053586
BNTUSDT,SELL,LIMIT,1701117137759,34,0.7073286
BNTUSDT,SELL,LIMIT,1701117870775,419,0.7048190
BNTUSDT,SELL,LIMIT,1701122780612,10,0.7137254
BNTUSDT,SELL,LIMIT,1701131932278,67,0.7253353
BNTUSDT,BUY,LIMIT,1701135652058,135,0.7471414
BNTUSDT,BUY,LIMIT,1701141932247,896,0.7491598
BNTUSDT,SELL,LIMIT,1701149772131,176,0.7100300
BNTUSDT,SELL,LIMIT,1701149807530,320,0.7094462
BNTUSDT,SELL,LIMIT,1701149826355,888,0.7085788
BNTUSDT,BUY,LIMIT,1701150812122,271,0.7361676
BNTUSDT,SELL,LIMIT,1701156139437,2093,0.7150752
BNTUSDT,SELL,LIMIT,1701156150816,1063,0.7150149
BNTUSDT,SELL,LIMIT,1701156520103,6851,0.7121053
BNTUSDT,BUY,LIMIT,1701172754742,11180,0.7510552
