Symbol,Side,Order Type,Time,Quantity,Price
BONDUSDT,SELL,LIMIT,1701928038410,3.7,3.626854
BONDUSDT,SELL,LIMIT,1701936894865,69.8,3.648491
BONDUSDT,SELL,LIMIT,1701940554273,52.7,3.589166
BONDUSDT,SELL,LIMIT,1701940564583,416.0,3.583632
BONDUSDT,SELL,LIMIT,1701941150426,162.4,3.566559
BONDUSDT,SELL,LIMIT,1701941176427,2499.9,3.525328
BONDUSDT,SELL,LIMIT,1701941177597,923.7,3.539977
BONDUSDT,SELL,LIMIT,1701941178627,99.7,3.535397
BONDUSDT,BUY,LIMIT,1701941184224,450.0,3.576685
BONDUSDT,SELL,LIMIT,1701941186820,320.5,3.532080
BONDUSDT,SELL,LIMIT,1701941189173,318.8,3.524542
BONDUSDT,SELL,LIMIT,1701941240026,700.0,3.518191
BONDUSDT,SELL,LIMIT,1701941245204,693.1,3.516755
BONDUSDT,SELL,LIMIT,1701941247114,150.1,3.513236
BONDUSDT,BUY,LIMIT,1701947972472,1272.6,3.739631
BONDUSDT,BUY,LIMIT,1701948142874,40.5,3.746906
BONDUSDT,BUY,LIMIT,1701953976590,0.1,3.775800
BONDUSDT,BUY,LIMIT,1701961439027,8.6,3.786855
BONDUSDT,BUY,LIMIT,1701962771700,368.2,3.794122
BONDUSDT,SELL,LIMIT,1701978259018,101.3,3.634868
BONDUSDT,BUY,LIMIT,1701995434213,571.9,3.818627
BONDUSDT,SELL,LIMIT,1702006348119,231.4,3.686431
BONDUSDT,SELL,LIMIT,1702013909186,40.0,3.658675
BONDUSDT,SELL,LIMIT,1702014257086,5.0,3.654908
BONDUSDT,BUY,LIMIT,1702016091080,2.4,3.789391
BONDUSDT,SELL,LIMIT,1702042630622,26.7,3.646471
BONDUSDT,SELL,LIMIT,1702043116366,1.7,3.643641
BONDUSDT,SELL,LIMIT,1702043156394,6.4,3.625885
BONDUSDT,SELL,LIMIT,1702043198395,0.1,3.605176
BONDUSDT,SELL,LIMIT,1702043200923,24.1,3.596169
BONDUSDT,SELL,LIMIT,1702043206863,108.9,3.587648
BONDUSDT,BUY,LIMIT,1702044180246,58.6,3.739308
BONDUSDT,BUY,LIMIT,1702051273094,11.4,3.882897
BONDUSDT,SELL,LIMIT,1702052498332,11.1,3.722007
BONDUSDT,SELL,LIMIT,1702052553383,2.3,3.715485
BONDUSDT,BUY,LIMIT,1702053394111,8.1,3.832246
BONDUSDT,SELL,LIMIT,1702055323106,152.1,3.684886
BONDUSDT,BUY,LIMIT,1702066119149,5.8,3.858115
BONDUSDT,SELL,LIMIT,1702071198643,5.7,3.753076
BONDUSDT,SELL,LIMIT,1702071793333,32.8,3.724028
BONDUSDT,BUY,LIMIT,1702082671360,37.5,3.905131
BONDUSDT,BUY,LIMIT,1702083243833,8.9,3.908177
BONDUSDT,BUY,LIMIT,1702083380343,14.7,3.912860
BONDUSDT,BUY,LIMIT,1702083381406,4.6,3.913705
BONDUSDT,SELL,LIMIT,1702085946436,225.0,3.790949
BONDUSDT,BUY,LIMIT,1702108050372,999.7,3.932731
BONDUSDT,SELL,LIMIT,1702110850191,7.9,3.769725
BONDUSDT,SELL,LIMIT,1702110860354,18.0,3.765409
BONDUSDT,SELL,LIMIT,1702110915378,500.0,3.736323
BONDUSDT,SELL,LIMIT,1702110977171,80.8,3.718089
BONDUSDT,SELL,LIMIT,1702111034504,99.6,3.695980
BONDUSDT,SELL,LIMIT,1702111045712,171.6,3.681515
BONDUSDT,SELL,LIMIT,1702111049628,99.6,3.680899
BONDUSDT,SELL,LIMIT,1702111205806,801.3,3.672501
BONDUSDT,SELL,LIMIT,1702111392987,105.8,3.657495
BONDUSDT,BUY,LIMIT,1702113495550,279.8,3.856322
BONDUSDT,SELL,LIMIT,1702114563400,13.0,3.730782
BONDUSDT,SELL,LIMIT,1702121153129,139.9,3.723588
BONDUSDT,SELL,LIMIT,1702128650688,396.3,3.710058
BONDUSDT,BUY,LIMIT,1702130352766,3.9,3.855547
BONDUSDT,SELL,LIMIT,1702132521018,8.5,3.723499
BONDUSDT,SELL,LIMIT,1702132818152,14.7,3.745561
BONDUSDT,SELL,LIMIT,1702132991411,7.5,3.720503
BONDUSDT,SELL,LIMIT,1702132995796,59.4,3.716666
BONDUSDT,SELL,LIMIT,1702133004083,60.0,3.708774
BONDUSDT,SELL,LIMIT,1702133385257,328.7,3.700400
BONDUSDT,SELL,LIMIT,1702134119271,2.8,3.770061
BONDUSDT,SELL,LIMIT,1702135456334,165.0,3.781612
BONDUSDT,SELL,LIMIT,1702139288706,115.1,3.739464
BONDUSDT,BUY,LIMIT,1702140374390,174.0,3.914260
BONDUSDT,SELL,LIMIT,1702141644404,9.6,3.758761
BONDUSDT,SELL,LIMIT,1702141687673,337.0,3.752003
BONDUSDT,SELL,LIMIT,1702144867197,5.5,3.744365
BONDUSDT,SELL,LIMIT,1702153437851,24.3,3.758741
BONDUSDT,SELL,LIMIT,1702153991335,2.9,3.742813
BONDUSDT,SELL,LIMIT,1702164691063,666.3,3.745661
BONDUSDT,SELL,LIMIT,1702164755087,60.7,3.732025
BONDUSDT,SELL,LIMIT,1702164772399,314.9,3.739986
BONDUSDT,SELL,LIMIT,1702164800308,590.2,3.731726
BONDUSDT,SELL,LIMIT,1702164801730,52.5,3.716717
BONDUSDT,SELL,LIMIT,1702164803251,1313.3,3.714111
BONDUSDT,SELL,LIMIT,1702164807729,100.3,3.714223
BONDUSDT,SELL,LIMIT,1702164809056,332.2,3.708165
BONDUSDT,SELL,LIMIT,1702164810380,65.8,3.705251
BONDUSDT,SELL,LIMIT,1702164811421,268.7,3.706226
BONDUSDT,SELL,LIMIT,1702164823188,72.2,3.713847
BONDUSDT,SELL,LIMIT,1702192867298,400.0,3.759033
BONDUSDT,SELL,LIMIT,1702193084670,214.1,3.743419
BONDUSDT,BUY,LIMIT,1702198041365,1.3,3.965830
BONDUSDT,BUY,LIMIT,1702198240266,29.0,4.012882
BONDUSDT,SELL,LIMIT,1702198397158,232.6,3.905778
BONDUSDT,SELL,LIMIT,1702198405989,10.0,3.888641
BONDUSDT,SELL,LIMIT,1702199957022,351.6,3.887119
BONDUSDT,SELL,LIMIT,1702200378749,44.6,3.847373
BONDUSDT,SELL,LIMIT,1702200641732,163.7,3.852560
BONDUSDT,SELL,LIMIT,1702200761433,49.9,3.834622
BONDUSDT,SELL,LIMIT,1702200893964,50.6,3.832781
BONDUSDT,SELL,LIMIT,1702201321790,598.6,3.818431
BONDUSDT,SELL,LIMIT,1702201472223,100.2,3.807891
BONDUSDT,SELL,LIMIT,1702201473276,126.1,3.807927
BONDUSDT,SELL,LIMIT,1702201485091,636.7,3.799480
BONDUSDT,SELL,LIMIT,1702201613296,101.6,3.789632
BONDUSDT,SELL,LIMIT,1702201641428,20.6,3.785089
BONDUSDT,SELL,LIMIT,1702201652356,185.7,3.779101
BONDUSDT,SELL,LIMIT,1702201659479,129.2,3.776941
BONDUSDT,SELL,LIMIT,1702201662559,184.6,3.772951
BONDUSDT,SELL,LIMIT,1702201756442,1493.3,3.762529
BONDUSDT,SELL,LIMIT,1702201802985,61.4,3.760874
BONDUSDT,SELL,LIMIT,1702201805817,82.8,3.759210
BONDUSDT,SELL,LIMIT,1702202029769,80.0,3.755256
BONDUSDT,SELL,LIMIT,1702202267739,13.1,3.752851
BONDUSDT,SELL,LIMIT,1702202336610,16.9,3.743841
BONDUSDT,SELL,LIMIT,1702202369590,54.4,3.732495
BONDUSDT,SELL,LIMIT,1702202373555,26.1,3.731514
BONDUSDT,SELL,LIMIT,1702202381820,1174.4,3.727800
BONDUSDT,SELL,LIMIT,1702202382952,53.9,3.721780
BONDUSDT,SELL,LIMIT,1702210900334,78.9,3.789296
BONDUSDT,SELL,LIMIT,1702211567366,64.8,3.775999
BONDUSDT,BUY,LIMIT,1702213390281,513.6,3.999947
BONDUSDT,BUY,LIMIT,1702213413458,50.0,4.005435
BONDUSDT,BUY,LIMIT,1702213425066,159.3,4.014211
BONDUSDT,BUY,LIMIT,1702213434276,46.9,4.017899
BONDUSDT,SELL,LIMIT,1702213453889,32.8,3.877420
BONDUSDT,BUY,LIMIT,1702213603266,8.0,4.058499
BONDUSDT,BUY,LIMIT,1702213709294,156.4,4.072424
BONDUSDT,SELL,LIMIT,1702214138291,53.3,3.925004
BONDUSDT,SELL,LIMIT,1702214470903,559.1,3.925606
BONDUSDT,SELL,LIMIT,1702214506737,29.9,3.906120
BONDUSDT,BUY,LIMIT,1702214697639,27.3,4.041278
BONDUSDT,SELL,LIMIT,1702214772621,37.6,3.901165
BONDUSDT,SELL,LIMIT,1702214801837,105.2,3.890256
BONDUSDT,SELL,LIMIT,1702214821538,113.0,3.884222
BONDUSDT,SELL,LIMIT,1702214827814,11.9,3.881781
BONDUSDT,SELL,LIMIT,1702214863136,111.9,3.870810
BONDUSDT,SELL,LIMIT,1702214869469,202.2,3.864747
BONDUSDT,BUY,LIMIT,1702215495522,240.0,4.022121
BONDUSDT,BUY,LIMIT,1702216049145,40.0,4.040278
BONDUSDT,SELL,LIMIT,1702216347304,250.1,3.916915
BONDUSDT,SELL,LIMIT,1702216601171,431.2,3.897242
BONDUSDT,BUY,LIMIT,1702216740242,124.5,4.036200
BONDUSDT,BUY,LIMIT,1702216889382,628.1,4.058804
BONDUSDT,BUY,LIMIT,1702216891414,50.5,4.063727
BONDUSDT,BUY,LIMIT,1702216930907,247.1,4.078752
BONDUSDT,BUY,LIMIT,1702216933485,1250.6,4.081763
BONDUSDT,BUY,LIMIT,1702216937267,1247.8,4.085318
BONDUSDT,BUY,LIMIT,1702216949348,84.4,4.090297
BONDUSDT,BUY,LIMIT,1702216951475,91.6,4.094497
BONDUSDT,BUY,LIMIT,1702216953202,101.7,4.095628
BONDUSDT,SELL,LIMIT,1702217744541,4.9,3.944062
BONDUSDT,SELL,LIMIT,1702217869200,18.1,3.926505
BONDUSDT,SELL,LIMIT,1702218010616,1246.8,3.910553
BONDUSDT,SELL,LIMIT,1702218603481,31.5,3.874954
BONDUSDT,SELL,LIMIT,1702218604648,139.0,3.873120
BONDUSDT,SELL,LIMIT,1702218653402,199.6,3.868214
BONDUSDT,BUY,LIMIT,1702219443345,360.6,3.995662
BONDUSDT,BUY,LIMIT,1702225715346,254.7,4.016354
BONDUSDT,BUY,LIMIT,1702225870785,25.9,4.042783
BONDUSDT,BUY,LIMIT,1702226304528,8.6,4.063805
BONDUSDT,SELL,LIMIT,1702227877190,1251.4,3.915900
BONDUSDT,SELL,LIMIT,1702227952868,63.6,3.905968
BONDUSDT,SELL,LIMIT,1702228862655,18.3,3.886824
BONDUSDT,SELL,LIMIT,1702229862132,2.0,3.876066
BONDUSDT,SELL,LIMIT,1702231318725,99.7,3.856921
BONDUSDT,SELL,LIMIT,1702231549675,60.9,3.847376
BONDUSDT,BUY,LIMIT,1702233284002,92.2,4.002787
BONDUSDT,SELL,LIMIT,1702239823747,4.0,3.885494
BONDUSDT,BUY,LIMIT,1702243269335,74.3,4.078102
BONDUSDT,SELL,LIMIT,1702243715791,29.8,3.919820
BONDUSDT,SELL,LIMIT,1702250125404,26.2,3.886963
BONDUSDT,SELL,LIMIT,1702250305841,76.0,3.871559
BONDUSDT,SELL,LIMIT,1702251423152,267.5,3.869081
BONDUSDT,SELL,LIMIT,1702253706663,732.0,3.861889
BONDUSDT,SELL,LIMIT,1702256492604,610.7,3.940404
BONDUSDT,SELL,LIMIT,1702256620302,24.9,3.918397
BONDUSDT,SELL,LIMIT,1702259867293,43.0,3.993346
BONDUSDT,SELL,LIMIT,1702259902365,300.0,3.963821
BONDUSDT,SELL,LIMIT,1702260320730,1234.3,3.891250
BONDUSDT,SELL,LIMIT,1702260434132,198.0,3.881943
BONDUSDT,BUY,LIMIT,1702260628388,25.9,3.991535
BONDUSDT,SELL,LIMIT,1702260631629,507.2,3.869532
BONDUSDT,SELL,LIMIT,1702260667378,174.0,3.852346
BONDUSDT,SELL,LIMIT,1702260690411,135.1,3.843987
BONDUSDT,SELL,LIMIT,1702260692290,1747.7,3.820424
BONDUSDT,SELL,LIMIT,1702260695095,99.0,3.832179
BONDUSDT,SELL,LIMIT,1702260699158,7.2,3.818574
BONDUSDT,SELL,LIMIT,1702260700482,0.6,3.806336
BONDUSDT,SELL,LIMIT,1702260702027,121.0,3.790445
BONDUSDT,SELL,LIMIT,1702260706181,24.8,3.786628
BONDUSDT,SELL,LIMIT,1702260707265,249.8,3.782579
BONDUSDT,SELL,LIMIT,1702260708369,53.7,3.779925
BONDUSDT,SELL,LIMIT,1702260710054,39.3,3.780679
BONDUSDT,SELL,LIMIT,1702260712916,20.0,3.877362
BONDUSDT,SELL,LIMIT,1702260714253,368.4,3.765562
BONDUSDT,SELL,LIMIT,1702260715325,15.4,3.766837
BONDUSDT,SELL,LIMIT,1702260717561,281.5,3.825684
BONDUSDT,SELL,LIMIT,1702260719622,145.9,3.761526
BONDUSDT,SELL,LIMIT,1702260720714,125.7,3.760918
BONDUSDT,SELL,LIMIT,1702260721805,130.2,3.770970
BONDUSDT,SELL,LIMIT,1702260723471,134.6,3.761130
BONDUSDT,SELL,LIMIT,1702260725496,487.1,3.754605
BONDUSDT,SELL,LIMIT,1702260726928,13.8,3.755451
BONDUSDT,SELL,LIMIT,1702260729354,269.1,3.752410
BONDUSDT,SELL,LIMIT,1702260730773,150.0,3.749698
BONDUSDT,SELL,LIMIT,1702260732715,1077.0,3.742404
BONDUSDT,SELL,LIMIT,1702260733851,75.4,3.739506
BONDUSDT,SELL,LIMIT,1702260735962,97.9,3.745409
BONDUSDT,SELL,LIMIT,1702260738721,10.3,3.724374
BONDUSDT,SELL,LIMIT,1702260739819,2.9,3.719688
BONDUSDT,SELL,LIMIT,1702260741844,58.0,3.713265
BONDUSDT,SELL,LIMIT,1702260742973,105.3,3.698014
BONDUSDT,SELL,LIMIT,1702260744302,5.2,3.714802
BONDUSDT,SELL,LIMIT,1702260745635,4.5,3.669489
BONDUSDT,SELL,LIMIT,1702260746706,0.4,3.675181
BONDUSDT,SELL,LIMIT,1702260748842,3.3,4.096978
BONDUSDT,SELL,LIMIT,1702260750051,1.3,3.662692
BONDUSDT,SELL,LIMIT,1702260751498,254.1,3.651564
BONDUSDT,SELL,LIMIT,1702260752603,354.2,3.637895
BONDUSDT,SELL,LIMIT,1702260754288,684.5,3.631471
BONDUSDT,SELL,LIMIT,1702260755347,491.8,3.631471
BONDUSDT,SELL,LIMIT,1702260756404,22.5,3.684359
BONDUSDT,SELL,LIMIT,1702260757466,261.1,3.633457
BONDUSDT,SELL,LIMIT,1702260759291,6.8,3.638704
BONDUSDT,SELL,LIMIT,1702260760563,621.2,3.637608
BONDUSDT,SELL,LIMIT,1702260761788,5.2,3.744521
BONDUSDT,SELL,LIMIT,1702260763084,2117.6,3.602615
BONDUSDT,SELL,LIMIT,1702260764220,32.8,3.614342
BONDUSDT,SELL,LIMIT,1702260765286,106.7,3.608300
BONDUSDT,SELL,LIMIT,1702260766738,8.8,3.746036
BONDUSDT,SELL,LIMIT,1702260768031,165.5,3.636294
BONDUSDT,SELL,LIMIT,1702260769739,322.1,3.605375
BONDUSDT,SELL,LIMIT,1702260771750,13.5,3.628912
BONDUSDT,SELL,LIMIT,1702260772862,82.5,3.615983
BONDUSDT,BUY,LIMIT,1702260774014,289.7,3.725095
BONDUSDT,SELL,LIMIT,1702260775426,143.6,3.618887
BONDUSDT,SELL,LIMIT,1702260776704,1059.1,3.614578
BONDUSDT,SELL,LIMIT,1702260778301,25.3,3.629816
BONDUSDT,SELL,LIMIT,1702260779367,8979.8,3.559602
BONDUSDT,SELL,LIMIT,1702260780820,1500.0,3.612487
BONDUSDT,SELL,LIMIT,1702260782023,3954.1,3.662968
BONDUSDT,SELL,LIMIT,1702260783064,3338.6,3.581005
BONDUSDT,SELL,LIMIT,1702260784074,212.8,3.621411
BONDUSDT,SELL,LIMIT,1702260785766,73.3,3.610054
BONDUSDT,SELL,LIMIT,1702260786800,4.5,3.603033
BONDUSDT,SELL,LIMIT,1702260788318,1220.4,3.668898
BONDUSDT,SELL,LIMIT,1702260789514,188.5,3.591327
BONDUSDT,SELL,LIMIT,1702260790589,26.4,3.592269
BONDUSDT,SELL,LIMIT,1702260791737,1358.6,3.589231
BONDUSDT,SELL,LIMIT,1702260793584,153.3,3.611786
BONDUSDT,SELL,LIMIT,1702260794744,193.7,3.602544
BONDUSDT,SELL,LIMIT,1702260796378,30.0,3.601277
BONDUSDT,SELL,LIMIT,1702260797497,896.1,3.582495
BONDUSDT,SELL,LIMIT,1702260798936,291.5,3.580382
BONDUSDT,SELL,LIMIT,1702260800463,52.1,3.578824
BONDUSDT,SELL,LIMIT,1702260801478,641.0,3.546235
BONDUSDT,SELL,LIMIT,1702260802601,144.4,3.549799
BONDUSDT,SELL,LIMIT,1702260803691,1.4,3.541635
BONDUSDT,SELL,LIMIT,1702260805213,33.0,3.561999
BONDUSDT,SELL,LIMIT,1702260807605,250.0,3.573838
BONDUSDT,SELL,LIMIT,1702260809234,16.9,3.569083
BONDUSDT,SELL,LIMIT,1702260810420,179.9,3.554683
BONDUSDT,SELL,LIMIT,1702260811750,810.8,3.577335
BONDUSDT,SELL,LIMIT,1702260813062,100.3,3.604936
BONDUSDT,SELL,LIMIT,1702260814261,527.2,3.571743
BONDUSDT,SELL,LIMIT,1702260815485,39.5,3.592363
BONDUSDT,SELL,LIMIT,1702260818451,8.1,3.569123
BONDUSDT,SELL,LIMIT,1702260823107,98.6,3.584857
BONDUSDT,SELL,LIMIT,1702260824163,80.6,3.539556
BONDUSDT,SELL,LIMIT,1702260828143,266.7,3.530472
BONDUSDT,SELL,LIMIT,1702260829223,199.1,3.517815
BONDUSDT,SELL,LIMIT,1702260830484,9.3,3.493298
BONDUSDT,SELL,LIMIT,1702260832691,4.1,3.499747
BONDUSDT,BUY,LIMIT,1702260851456,19.6,3.636243
BONDUSDT,SELL,LIMIT,1702261618310,531.1,3.638153
BONDUSDT,SELL,LIMIT,1702262189048,8.1,3.669001
BONDUSDT,SELL,LIMIT,1702262194050,4.0,3.671219
BONDUSDT,SELL,LIMIT,1702262615563,31.9,3.634381
BONDUSDT,SELL,LIMIT,1702266642652,1.5,3.745541
BONDUSDT,SELL,LIMIT,1702267042209,16.5,3.730346
