Symbol,Side,Order Type,Time,Quantity,Price
BTCBUSD,SELL,LIMIT,1701941183820,0.047,42894.3
BTCBUSD,SELL,LIMIT,1701941188347,0.001,42882.3
BTCBUSD,SELL,LIMIT,1701941190894,0.004,42869.8
BTCBUSD,SELL,LIMIT,1701941235485,0.014,42797.6
BTCBUSD,SELL,LIMIT,1701941237534,0.274,42755.2
BTCBUSD,SELL,LIMIT,1701941243887,0.021,42673.7
BTCBUSD,BUY,LIMIT,1701942365666,0.001,43612.0
BTCBUSD,BUY,LIMIT,1701986564578,0.006,43563.0
BTCBUSD,BUY,LIMIT,1702006372963,0.020,43579.2
BTCBUSD,BUY,LIMIT,1702039303272,0.400,43950.1
BTCBUSD,BUY,LIMIT,1702046900253,1.679,44075.4
BTCBUSD,BUY,LIMIT,1702067629704,0.004,44296.4
BTCBUSD,BUY,LIMIT,1702068259160,0.250,44421.3
BTCBUSD,BUY,LIMIT,1702068898319,0.024,44484.3
BTCBUSD,BUY,LIMIT,1702069043660,0.007,44552.0
BTCBUSD,BUY,LIMIT,1702069078918,0.050,44551.6
BTCBUSD,BUY,LIMIT,1702070414594,0.100,44595.8
BTCBUSD,BUY,LIMIT,1702070555805,0.008,44625.3
BTCBUSD,BUY,LIMIT,1702070581113,0.004,44662.4
BTCBUSD,BUY,LIMIT,1702070609400,0.022,44668.8
BTCBUSD,BUY,LIMIT,1702070626175,0.146,44710.3
BTCBUSD,BUY,LIMIT,1702070628890,0.023,44714.5
BTCBUSD,BUY,LIMIT,1702070631111,0.001,44748.6
BTCBUSD,BUY,LIMIT,1702070632949,0.020,44760.5
BTCBUSD,BUY,LIMIT,1702070654397,0.744,44773.2
BTCBUSD,BUY,LIMIT,1702070655979,0.001,44784.0
BTCBUSD,BUY,LIMIT,1702070664914,0.113,44802.8
BTCBUSD,BUY,LIMIT,1702070667509,0.293,44810.9
BTCBUSD,BUY,LIMIT,1702070678374,0.016,44836.6
BTCBUSD,BUY,LIMIT,1702070680489,0.004,44843.4
BTCBUSD,BUY,LIMIT,1702070752399,0.057,44845.7
BTCBUSD,BUY,LIMIT,1702078851425,0.010,44340.5
BTCBUSD,BUY,LIMIT,1702109871053,0.308,44318.3
BTCBUSD,SELL,LIMIT,1702162181102,0.005,43835.3
BTCBUSD,BUY,LIMIT,1702164809055,0.002,43841.7
BTCBUSD,SELL,LIMIT,1702202290711,0.001,43512.4
BTCBUSD,SELL,LIMIT,1702259022562,0.002,43174.2
BTCBUSD,SELL,LIMIT,1702260182147,0.163,43033.6
BTCBUSD,SELL,LIMIT,1702260285289,0.003,42937.9
BTCBUSD,SELL,LIMIT,1702260426907,0.007,42765.0
BTCBUSD,SELL,LIMIT,1702260429394,0.004,42709.7
BTCBUSD,SELL,LIMIT,1702260431426,0.048,42683.9
BTCBUSD,SELL,LIMIT,1702260434218,0.035,42596.4
BTCBUSD,SELL,LIMIT,1702260435321,0.102,42520.5
BTCBUSD,SELL,LIMIT,1702260436504,0.002,42484.1
BTCBUSD,SELL,LIMIT,1702260437659,0.003,42501.2
BTCBUSD,SELL,LIMIT,1702260438991,0.010,42471.2
BTCBUSD,SELL,LIMIT,1702260440037,0.048,42437.0
BTCBUSD,SELL,LIMIT,1702260443414,0.001,42395.4
BTCBUSD,SELL,LIMIT,1702260445411,0.001,42370.4
BTCBUSD,SELL,LIMIT,1702260449390,0.005,42349.9
BTCBUSD,SELL,LIMIT,1702260709395,0.165,42332.0
BTCBUSD,SELL,LIMIT,1702260713713,1.142,42306.2
BTCBUSD,SELL,LIMIT,1702260715414,0.013,42280.5
BTCBUSD,SELL,LIMIT,1702260717592,0.148,42252.0
BTCBUSD,SELL,LIMIT,1702260718942,0.001,42207.8
BTCBUSD,SELL,LIMIT,1702260723399,0.045,42153.4
BTCBUSD,SELL,LIMIT,1702260724477,0.002,42181.5
BTCBUSD,SELL,LIMIT,1702260726521,0.048,42114.7
BTCBUSD,SELL,LIMIT,1702260734502,0.008,42035.8
BTCBUSD,SELL,LIMIT,1702260735534,0.045,42005.5
BTCBUSD,SELL,LIMIT,1702260742159,0.008,42298.9
BTCBUSD,SELL,LIMIT,1702260757824,0.005,42084.3
BTCBUSD,SELL,LIMIT,1702260762120,0.001,42054.4
BTCBUSD,SELL,LIMIT,1702260765607,0.002,42544.1
BTCBUSD,SELL,LIMIT,1702260767333,0.005,41975.9
BTCBUSD,SELL,LIMIT,1702260768566,0.093,41972.0
BTCBUSD,SELL,LIMIT,1702260770038,0.015,41883.4
BTCBUSD,SELL,LIMIT,1702260771191,0.002,41839.4
BTCBUSD,SELL,LIMIT,1702260773837,0.011,41824.0
BTCBUSD,SELL,LIMIT,1702260774961,0.002,41762.7
BTCBUSD,SELL,LIMIT,1702260776073,0.030,41539.9
BTCBUSD,SELL,LIMIT,1702260777103,0.033,41198.0
BTCBUSD,BUY,LIMIT,1702260778519,0.228,41539.2
BTCBUSD,SELL,LIMIT,1702260783594,0.008,41017.4
BTCBUSD,SELL,LIMIT,1702260784789,0.176,41132.7
BTCBUSD,SELL,LIMIT,1702260785866,0.022,41029.8
BTCBUSD,SELL,LIMIT,1702260787587,0.539,40941.4
BTCBUSD,SELL,LIMIT,1702260788854,0.614,40954.0
BTCBUSD,SELL,LIMIT,1702260790182,0.004,40868.7
BTCBUSD,SELL,LIMIT,1702260791498,0.300,40814.5
BTCBUSD,SELL,LIMIT,1702260801421,0.004,40584.7
BTCBUSD,SELL,LIMIT,1702260802691,0.048,40697.4
BTCBUSD,SELL,LIMIT,1702260806621,0.011,40696.0
BTCBUSD,SELL,LIMIT,1702260809367,1.511,40692.2
BTCBUSD,BUY,LIMIT,1702260810958,0.026,40775.6
