Symbol,Side,Order Type,Time,Quantity,Price
BTCUSDT,BUY,LIMIT,1701914938065,0.017,44127.77
BTCUSDT,BUY,LIMIT,1701914946100,0.013,44130.40
BTCUSDT,BUY,LIMIT,1701914947243,0.003,44130.84
BTCUSDT,BUY,LIMIT,1701916217625,0.082,44135.15
BTCUSDT,BUY,LIMIT,1701916224713,0.028,44135.56
BTCUSDT,BUY,LIMIT,1701916239544,0.011,44136.20
BTCUSDT,BUY,LIMIT,1701916284052,0.016,44138.74
BTCUSDT,BUY,LIMIT,1701916288822,0.132,44141.95
BTCUSDT,BUY,LIMIT,1701916301699,0.005,44146.47
BTCUSDT,BUY,LIMIT,1701916303180,0.014,44146.98
BTCUSDT,BUY,LIMIT,1701916310299,0.039,44150.28
BTCUSDT,BUY,LIMIT,1701916316705,0.023,44153.03
BTCUSDT,BUY,LIMIT,1701916333371,1.143,44153.73
BTCUSDT,BUY,LIMIT,1701916336439,0.013,44155.26
BTCUSDT,BUY,LIMIT,1701916343931,0.031,44155.81
BTCUSDT,BUY,LIMIT,1701916392429,0.008,44156.80
BTCUSDT,BUY,LIMIT,1701916427771,0.066,44155.92
BTCUSDT,BUY,LIMIT,1701916478665,0.708,44160.15
BTCUSDT,BUY,LIMIT,1701916491258,0.014,44161.24
BTCUSDT,BUY,LIMIT,1701916547178,0.142,44163.92
BTCUSDT,BUY,LIMIT,1701916549622,0.008,44167.44
BTCUSDT,BUY,LIMIT,1701916553295,0.041,44168.78
BTCUSDT,BUY,LIMIT,1701916555614,0.003,44170.24
BTCUSDT,BUY,LIMIT,1701916562493,0.003,44171.34
BTCUSDT,BUY,LIMIT,1701916568169,0.045,44173.51
BTCUSDT,BUY,LIMIT,1701916570303,0.172,44174.78
BTCUSDT,BUY,LIMIT,1701916572517,0.028,44175.12
BTCUSDT,BUY,LIMIT,1701916631122,0.065,44179.74
BTCUSDT,BUY,LIMIT,1701916632132,0.005,44180.79
BTCUSDT,BUY,LIMIT,1701917573887,0.006,44043.91
BTCUSDT,SELL,LIMIT,1701917602292,0.007,43787.23
BTCUSDT,SELL,LIMIT,1701918359537,0.003,43837.55
BTCUSDT,BUY,LIMIT,1701919094438,0.011,44130.61
BTCUSDT,BUY,LIMIT,1701919095689,0.003,44130.51
BTCUSDT,SELL,LIMIT,1701919107172,0.011,43925.70
BTCUSDT,SELL,LIMIT,1701919599831,0.141,43799.11
BTCUSDT,SELL,LIMIT,1701921843604,0.228,43731.54
BTCUSDT,BUY,LIMIT,1701922077307,0.005,44108.78
BTCUSDT,BUY,LIMIT,1701922095165,1.100,44107.61
BTCUSDT,BUY,LIMIT,1701922118100,0.004,43936.73
BTCUSDT,BUY,LIMIT,1701922607793,0.001,44138.32
BTCUSDT,BUY,LIMIT,1701922959099,0.015,44145.45
BTCUSDT,BUY,LIMIT,1701923000578,2.000,44166.63
BTCUSDT,BUY,LIMIT,1701923149288,0.014,44176.09
BTCUSDT,BUY,LIMIT,1701923185588,0.004,44184.92
BTCUSDT,BUY,LIMIT,1701923192898,0.012,44186.05
BTCUSDT,BUY,LIMIT,1701923194288,0.068,44189.45
BTCUSDT,BUY,LIMIT,1701923210176,0.143,44190.97
BTCUSDT,BUY,LIMIT,1701923211871,0.682,44190.71
BTCUSDT,BUY,LIMIT,1701923218321,0.452,44194.79
BTCUSDT,BUY,LIMIT,1701923246727,0.011,44195.54
BTCUSDT,BUY,LIMIT,1701923250302,0.072,44195.83
BTCUSDT,BUY,LIMIT,1701923251305,0.138,44198.72
BTCUSDT,BUY,LIMIT,1701923252333,0.020,44208.32
BTCUSDT,BUY,LIMIT,1701923260327,0.006,44210.41
BTCUSDT,BUY,LIMIT,1701923261691,0.165,44211.79
BTCUSDT,BUY,LIMIT,1701923263454,0.022,44215.02
BTCUSDT,BUY,LIMIT,1701923288390,0.268,44218.69
BTCUSDT,BUY,LIMIT,1701923295310,0.054,44223.03
BTCUSDT,BUY,LIMIT,1701923296387,0.031,44222.24
BTCUSDT,BUY,LIMIT,1701923299437,0.031,44224.05
BTCUSDT,BUY,LIMIT,1701923491519,0.118,44203.91
BTCUSDT,BUY,LIMIT,1701923840404,0.055,44216.36
BTCUSDT,BUY,LIMIT,1701923930504,0.044,44226.20
BTCUSDT,BUY,LIMIT,1701923967240,0.003,44231.32
BTCUSDT,BUY,LIMIT,1701923969516,0.005,44233.61
BTCUSDT,BUY,LIMIT,1701923971065,0.019,44238.45
BTCUSDT,BUY,LIMIT,1701923972161,0.008,44237.03
BTCUSDT,BUY,LIMIT,1701923973686,0.040,44240.38
BTCUSDT,BUY,LIMIT,1701924238599,0.032,44203.71
BTCUSDT,BUY,LIMIT,1701924279012,0.044,44213.25
BTCUSDT,BUY,LIMIT,1701924306527,0.149,44202.51
BTCUSDT,SELL,LIMIT,1701924316387,0.004,43845.46
BTCUSDT,BUY,LIMIT,1701924657046,0.191,44195.36
BTCUSDT,BUY,LIMIT,1701924728671,0.005,44053.47
BTCUSDT,BUY,LIMIT,1701924732496,0.007,44175.29
BTCUSDT,SELL,LIMIT,1701925200995,0.029,43837.25
BTCUSDT,SELL,LIMIT,1701925305849,0.001,43769.13
BTCUSDT,BUY,LIMIT,1701925825235,0.027,44228.40
BTCUSDT,BUY,LIMIT,1701926519569,0.001,44199.60
BTCUSDT,BUY,LIMIT,1701926540302,0.003,44213.89
BTCUSDT,BUY,LIMIT,1701926541871,0.385,44216.10
BTCUSDT,BUY,LIMIT,1701926553314,0.028,44231.69
BTCUSDT,BUY,LIMIT,1701926568451,0.004,44222.58
BTCUSDT,BUY,LIMIT,1701926823304,0.022,44211.52
BTCUSDT,BUY,LIMIT,1701926962788,0.003,44216.63
BTCUSDT,BUY,LIMIT,1701926968339,0.066,44213.20
BTCUSDT,BUY,LIMIT,1701927621071,0.473,44226.87
BTCUSDT,BUY,LIMIT,1701928604653,0.003,43843.07
BTCUSDT,BUY,LIMIT,1701928936902,0.048,44182.63
BTCUSDT,BUY,LIMIT,1701929901762,0.003,44147.91
BTCUSDT,BUY,LIMIT,1701929905039,0.007,44145.88
BTCUSDT,BUY,LIMIT,1701930629324,0.034,44123.36
BTCUSDT,SELL,LIMIT,1701930854748,0.025,43875.68
BTCUSDT,SELL,LIMIT,1701931561915,0.013,43745.09
BTCUSDT,SELL,LIMIT,1701931569796,0.058,43843.21
BTCUSDT,SELL,LIMIT,1701931575655,0.100,43838.65
BTCUSDT,SELL,LIMIT,1701931589992,0.331,43720.72
BTCUSDT,SELL,LIMIT,1701931651407,0.194,43706.10
BTCUSDT,SELL,LIMIT,1701931671873,0.050,43704.18
BTCUSDT,SELL,LIMIT,1701931674146,0.007,43697.77
BTCUSDT,SELL,LIMIT,1701931676257,0.003,43695.82
BTCUSDT,SELL,LIMIT,1701931801790,0.009,44033.03
BTCUSDT,SELL,LIMIT,1701931805452,0.062,43691.58
BTCUSDT,SELL,LIMIT,1701931807255,0.003,43687.67
BTCUSDT,SELL,LIMIT,1701931812760,0.033,43684.32
BTCUSDT,SELL,LIMIT,1701931817147,0.024,43682.56
BTCUSDT,SELL,LIMIT,1701931819369,0.003,43680.82
BTCUSDT,SELL,LIMIT,1701931822161,0.031,43679.29
BTCUSDT,SELL,LIMIT,1701931823828,0.013,43677.51
BTCUSDT,BUY,LIMIT,1701931834655,0.010,44028.41
BTCUSDT,SELL,LIMIT,1701931835929,0.026,43674.90
BTCUSDT,SELL,LIMIT,1701931837081,0.018,43671.77
BTCUSDT,BUY,LIMIT,1701932877254,0.008,44104.45
BTCUSDT,BUY,LIMIT,1701933773709,0.077,44118.72
BTCUSDT,SELL,LIMIT,1701935649270,0.002,43987.04
BTCUSDT,BUY,LIMIT,1701935650757,0.204,44092.57
BTCUSDT,SELL,LIMIT,1701936123286,0.899,43670.81
BTCUSDT,SELL,LIMIT,1701936124289,0.010,43661.19
BTCUSDT,SELL,LIMIT,1701936143101,0.022,43644.61
BTCUSDT,SELL,LIMIT,1701936201671,0.765,43654.06
BTCUSDT,SELL,LIMIT,1701936203944,0.133,43647.80
BTCUSDT,SELL,LIMIT,1701936758603,0.067,43683.35
BTCUSDT,SELL,LIMIT,1701936776759,0.054,43640.37
BTCUSDT,SELL,LIMIT,1701936830571,0.003,43630.91
BTCUSDT,SELL,LIMIT,1701936833143,0.055,43630.57
BTCUSDT,SELL,LIMIT,1701936834284,1.714,43613.46
BTCUSDT,SELL,LIMIT,1701936835484,0.062,43624.63
BTCUSDT,SELL,LIMIT,1701936836507,0.052,43619.58
BTCUSDT,SELL,LIMIT,1701936844081,0.050,43617.55
BTCUSDT,SELL,LIMIT,1701936845137,0.010,43615.26
BTCUSDT,SELL,LIMIT,1701936846151,0.056,43603.50
BTCUSDT,SELL,LIMIT,1701936852107,0.085,43601.05
BTCUSDT,SELL,LIMIT,1701936854430,0.003,43602.95
BTCUSDT,SELL,LIMIT,1701936877475,0.010,43601.25
BTCUSDT,SELL,LIMIT,1701936880153,0.034,43598.90
BTCUSDT,SELL,LIMIT,1701936881189,0.028,43596.32
BTCUSDT,SELL,LIMIT,1701936882385,0.053,43592.21
BTCUSDT,SELL,LIMIT,1701936883805,0.025,43590.66
BTCUSDT,SELL,LIMIT,1701936888453,0.015,43586.42
BTCUSDT,SELL,LIMIT,1701936889524,0.056,43590.37
BTCUSDT,SELL,LIMIT,1701936892064,0.004,43582.31
BTCUSDT,SELL,LIMIT,1701936893105,0.014,43583.67
BTCUSDT,SELL,LIMIT,1701936895077,0.012,43577.12
BTCUSDT,SELL,LIMIT,1701936906943,0.156,43578.01
BTCUSDT,SELL,LIMIT,1701936908352,0.007,43571.53
BTCUSDT,SELL,LIMIT,1701936910320,0.003,43570.36
BTCUSDT,SELL,LIMIT,1701936912058,0.058,43566.30
BTCUSDT,SELL,LIMIT,1701936913204,0.018,43565.84
BTCUSDT,SELL,LIMIT,1701936914298,0.009,43563.29
BTCUSDT,SELL,LIMIT,1701936915341,0.050,43562.76
BTCUSDT,SELL,LIMIT,1701936918957,0.016,43577.31
BTCUSDT,SELL,LIMIT,1701936923611,0.041,43570.54
BTCUSDT,SELL,LIMIT,1701936925076,0.017,43559.83
BTCUSDT,SELL,LIMIT,1701937247042,0.042,43559.78
BTCUSDT,SELL,LIMIT,1701937248274,0.003,43554.99
BTCUSDT,SELL,LIMIT,1701937250603,0.009,43552.36
BTCUSDT,SELL,LIMIT,1701937263307,0.254,43549.85
BTCUSDT,SELL,LIMIT,1701937289399,0.150,43548.66
BTCUSDT,SELL,LIMIT,1701937293289,0.028,43548.08
BTCUSDT,SELL,LIMIT,1701937294795,0.043,43545.40
BTCUSDT,SELL,LIMIT,1701937305503,0.227,43542.48
BTCUSDT,SELL,LIMIT,1701937306512,0.006,43543.96
BTCUSDT,SELL,LIMIT,1701937307786,0.003,43537.50
BTCUSDT,SELL,LIMIT,1701937308895,0.010,43535.34
BTCUSDT,SELL,LIMIT,1701937320809,0.017,43535.37
BTCUSDT,SELL,LIMIT,1701937321814,0.008,43533.91
BTCUSDT,SELL,LIMIT,1701937328228,0.305,43531.42
BTCUSDT,SELL,LIMIT,1701937330088,0.100,43527.56
BTCUSDT,SELL,LIMIT,1701937331256,0.006,43528.86
BTCUSDT,SELL,LIMIT,1701937334108,1.000,43526.25
BTCUSDT,SELL,LIMIT,1701937335147,0.022,43526.87
BTCUSDT,SELL,LIMIT,1701937336237,1.591,43510.05
BTCUSDT,SELL,LIMIT,1701937337287,0.030,43519.88
BTCUSDT,SELL,LIMIT,1701937343162,0.008,43517.13
BTCUSDT,SELL,LIMIT,1701937345002,0.015,43609.78
BTCUSDT,BUY,LIMIT,1701937353612,0.020,43769.33
BTCUSDT,SELL,LIMIT,1701937391152,0.004,43509.91
BTCUSDT,SELL,LIMIT,1701937393402,0.015,43508.23
BTCUSDT,SELL,LIMIT,1701937394423,0.076,43507.72
BTCUSDT,SELL,LIMIT,1701937396192,0.153,43505.15
BTCUSDT,SELL,LIMIT,1701937398134,0.019,43500.23
BTCUSDT,SELL,LIMIT,1701937399238,0.009,43500.64
BTCUSDT,SELL,LIMIT,1701937477054,0.008,43496.67
BTCUSDT,SELL,LIMIT,1701937478099,0.042,43498.05
BTCUSDT,SELL,LIMIT,1701937479547,0.049,43493.81
BTCUSDT,SELL,LIMIT,1701937480836,0.003,43493.10
BTCUSDT,SELL,LIMIT,1701937491096,0.003,43492.59
BTCUSDT,SELL,LIMIT,1701937534149,0.239,43491.82
BTCUSDT,SELL,LIMIT,1701937585094,0.142,43542.69
BTCUSDT,BUY,LIMIT,1701937821415,0.001,42719.99
BTCUSDT,SELL,LIMIT,1701937823466,0.006,43491.34
BTCUSDT,SELL,LIMIT,1701937853754,1.822,43474.63
BTCUSDT,SELL,LIMIT,1701937856525,0.020,43486.52
BTCUSDT,SELL,LIMIT,1701937857614,0.006,43484.42
BTCUSDT,SELL,LIMIT,1701937858958,0.245,43481.69
BTCUSDT,SELL,LIMIT,1701937860660,0.077,43480.80
BTCUSDT,SELL,LIMIT,1701937896077,0.003,43477.97
BTCUSDT,SELL,LIMIT,1701937897127,1.138,43478.97
BTCUSDT,SELL,LIMIT,1701937900136,0.535,43471.57
BTCUSDT,SELL,LIMIT,1701937901554,0.307,43470.47
BTCUSDT,SELL,LIMIT,1701937926317,0.018,43529.79
BTCUSDT,SELL,LIMIT,1701938129433,0.397,43533.87
BTCUSDT,SELL,LIMIT,1701939112794,0.134,43476.41
BTCUSDT,SELL,LIMIT,1701939131086,0.011,43468.33
BTCUSDT,SELL,LIMIT,1701939278422,0.003,43468.05
BTCUSDT,SELL,LIMIT,1701939288124,0.003,43464.49
BTCUSDT,SELL,LIMIT,1701939292148,0.060,43460.96
BTCUSDT,SELL,LIMIT,1701939297294,0.044,43462.34
BTCUSDT,SELL,LIMIT,1701939312452,0.128,43585.53
BTCUSDT,SELL,LIMIT,1701939314912,0.250,43485.29
BTCUSDT,SELL,LIMIT,1701939334328,0.052,43467.33
BTCUSDT,SELL,LIMIT,1701939355274,0.023,43464.39
BTCUSDT,SELL,LIMIT,1701939358331,0.091,43463.79
BTCUSDT,SELL,LIMIT,1701939360580,0.092,43459.79
BTCUSDT,SELL,LIMIT,1701939361666,0.030,43458.37
BTCUSDT,SELL,LIMIT,1701939365156,0.003,43458.37
BTCUSDT,SELL,LIMIT,1701939366189,0.004,43453.70
BTCUSDT,SELL,LIMIT,1701939367382,5.701,43415.43
BTCUSDT,SELL,LIMIT,1701939368562,0.050,43447.92
BTCUSDT,SELL,LIMIT,1701939369691,0.024,43446.83
BTCUSDT,SELL,LIMIT,1701939371595,0.094,43446.37
BTCUSDT,SELL,LIMIT,1701939393254,0.309,43451.40
BTCUSDT,SELL,LIMIT,1701939451783,0.031,43444.17
BTCUSDT,SELL,LIMIT,1701939453718,0.001,43447.66
BTCUSDT,SELL,LIMIT,1701939463398,0.008,43441.66
BTCUSDT,SELL,LIMIT,1701939467651,0.031,43452.60
BTCUSDT,SELL,LIMIT,1701939471546,0.018,43441.44
BTCUSDT,SELL,LIMIT,1701939473301,0.011,43441.05
BTCUSDT,SELL,LIMIT,1701939474353,1.412,43429.04
BTCUSDT,SELL,LIMIT,1701939477039,0.007,43445.62
BTCUSDT,SELL,LIMIT,1701939518193,0.005,43438.28
BTCUSDT,SELL,LIMIT,1701939519475,0.009,43434.25
BTCUSDT,SELL,LIMIT,1701939520481,0.649,43431.88
BTCUSDT,SELL,LIMIT,1701939521560,0.009,43431.92
BTCUSDT,SELL,LIMIT,1701939523138,0.446,43429.91
BTCUSDT,SELL,LIMIT,1701939525095,0.020,43428.24
BTCUSDT,SELL,LIMIT,1701939526088,0.004,43419.24
BTCUSDT,SELL,LIMIT,1701939527138,0.038,43414.98
BTCUSDT,SELL,LIMIT,1701939544873,0.026,43411.78
BTCUSDT,SELL,LIMIT,1701939546327,0.367,43411.36
BTCUSDT,SELL,LIMIT,1701939547343,0.016,43408.40
BTCUSDT,SELL,LIMIT,1701939549370,0.201,43406.58
BTCUSDT,SELL,LIMIT,1701939550522,0.037,43406.39
BTCUSDT,SELL,LIMIT,1701939568165,0.003,43405.16
BTCUSDT,SELL,LIMIT,1701939569187,0.093,43392.17
BTCUSDT,SELL,LIMIT,1701939570196,0.034,43394.24
BTCUSDT,SELL,LIMIT,1701939571270,0.036,43387.05
BTCUSDT,SELL,LIMIT,1701939572369,0.244,43383.73
BTCUSDT,SELL,LIMIT,1701939573380,0.017,43383.17
BTCUSDT,SELL,LIMIT,1701939574464,0.014,43380.02
BTCUSDT,SELL,LIMIT,1701939693011,0.026,43406.50
BTCUSDT,SELL,LIMIT,1701939873302,0.240,43388.26
BTCUSDT,SELL,LIMIT,1701939875114,0.003,43381.98
BTCUSDT,SELL,LIMIT,1701939880104,0.012,43377.04
BTCUSDT,SELL,LIMIT,1701939881108,0.003,43370.36
BTCUSDT,SELL,LIMIT,1701939882131,0.009,43364.20
BTCUSDT,SELL,LIMIT,1701939883143,0.003,43360.04
BTCUSDT,SELL,LIMIT,1701939912052,0.022,43356.80
BTCUSDT,SELL,LIMIT,1701939913268,0.021,43357.49
BTCUSDT,SELL,LIMIT,1701939923995,0.010,43362.46
BTCUSDT,SELL,LIMIT,1701939928674,0.494,43354.40
BTCUSDT,SELL,LIMIT,1701939929980,0.247,43352.78
BTCUSDT,SELL,LIMIT,1701939931079,0.049,43348.71
BTCUSDT,SELL,LIMIT,1701939932149,0.574,43349.27
BTCUSDT,SELL,LIMIT,1701939934075,0.578,43342.81
BTCUSDT,SELL,LIMIT,1701939935108,0.118,43344.44
BTCUSDT,SELL,LIMIT,1701939953109,0.004,43473.55
BTCUSDT,SELL,LIMIT,1701939966214,0.008,43379.16
BTCUSDT,SELL,LIMIT,1701939970370,0.026,43362.86
BTCUSDT,SELL,LIMIT,1701939972965,0.244,43345.93
BTCUSDT,SELL,LIMIT,1701939975080,0.567,43345.06
BTCUSDT,BUY,LIMIT,1701939977265,0.003,43693.45
BTCUSDT,BUY,LIMIT,1701939995864,0.227,43698.84
BTCUSDT,SELL,LIMIT,1701940005167,0.003,43339.87
BTCUSDT,SELL,LIMIT,1701940006253,0.022,43345.03
BTCUSDT,SELL,LIMIT,1701940009083,0.004,43338.03
BTCUSDT,SELL,LIMIT,1701940010236,0.023,43337.18
BTCUSDT,SELL,LIMIT,1701940011422,0.024,43336.43
BTCUSDT,SELL,LIMIT,1701940012431,0.045,43334.26
BTCUSDT,SELL,LIMIT,1701940024440,0.008,43335.52
BTCUSDT,SELL,LIMIT,1701940026163,0.007,43336.76
BTCUSDT,SELL,LIMIT,1701940027623,0.003,43333.54
BTCUSDT,SELL,LIMIT,1701940029275,0.830,43332.95
BTCUSDT,SELL,LIMIT,1701940030631,0.036,43332.59
BTCUSDT,SELL,LIMIT,1701940032623,0.014,43332.32
BTCUSDT,SELL,LIMIT,1701940041199,0.125,43332.17
BTCUSDT,SELL,LIMIT,1701940044343,0.017,43328.30
BTCUSDT,SELL,LIMIT,1701940045352,0.006,43327.27
BTCUSDT,SELL,LIMIT,1701940046361,1.040,43325.87
BTCUSDT,SELL,LIMIT,1701940047457,0.020,43320.74
BTCUSDT,SELL,LIMIT,1701940048465,0.003,43313.04
BTCUSDT,SELL,LIMIT,1701940049468,0.004,43304.31
BTCUSDT,SELL,LIMIT,1701940050483,0.003,43307.48
BTCUSDT,SELL,LIMIT,1701940051989,0.004,43307.78
BTCUSDT,SELL,LIMIT,1701940275146,0.006,43299.61
BTCUSDT,SELL,LIMIT,1701940276181,0.003,43299.08
BTCUSDT,SELL,LIMIT,1701940277522,0.032,43296.41
BTCUSDT,SELL,LIMIT,1701940279066,0.011,43293.17
BTCUSDT,SELL,LIMIT,1701940280268,0.070,43291.46
BTCUSDT,SELL,LIMIT,1701940291138,0.046,43288.40
BTCUSDT,SELL,LIMIT,1701940292145,0.003,43290.41
BTCUSDT,SELL,LIMIT,1701940294338,0.006,43286.15
BTCUSDT,SELL,LIMIT,1701940300058,0.014,43284.64
BTCUSDT,SELL,LIMIT,1701940301057,0.947,43285.74
BTCUSDT,SELL,LIMIT,1701940302109,0.020,43278.64
BTCUSDT,SELL,LIMIT,1701940318082,0.008,43276.95
BTCUSDT,SELL,LIMIT,1701940319206,0.126,43276.74
BTCUSDT,SELL,LIMIT,1701940320575,0.012,43275.26
BTCUSDT,SELL,LIMIT,1701940322058,0.015,43275.12
BTCUSDT,SELL,LIMIT,1701940405762,0.163,43276.30
BTCUSDT,SELL,LIMIT,1701940406834,0.015,43272.15
BTCUSDT,SELL,LIMIT,1701940407861,0.033,43268.63
BTCUSDT,SELL,LIMIT,1701940408872,0.208,43266.81
BTCUSDT,SELL,LIMIT,1701940409888,0.055,43259.31
BTCUSDT,SELL,LIMIT,1701940411449,0.161,43259.77
BTCUSDT,SELL,LIMIT,1701940414184,0.028,43259.27
BTCUSDT,SELL,LIMIT,1701940415262,0.053,43256.12
BTCUSDT,SELL,LIMIT,1701940416335,0.003,43255.65
BTCUSDT,SELL,LIMIT,1701940417355,0.036,43254.94
BTCUSDT,SELL,LIMIT,1701940424301,0.278,43250.62
BTCUSDT,SELL,LIMIT,1701940426117,0.017,43248.13
BTCUSDT,SELL,LIMIT,1701940428356,0.017,43246.42
BTCUSDT,SELL,LIMIT,1701940450106,0.003,43242.62
BTCUSDT,SELL,LIMIT,1701940451135,0.050,43240.49
BTCUSDT,SELL,LIMIT,1701940452342,0.036,43238.04
BTCUSDT,SELL,LIMIT,1701940453403,0.025,43238.44
BTCUSDT,SELL,LIMIT,1701940454650,0.008,43250.77
BTCUSDT,SELL,LIMIT,1701940455665,0.003,43233.52
BTCUSDT,SELL,LIMIT,1701940522806,1.132,43236.07
BTCUSDT,SELL,LIMIT,1701940526340,0.009,43233.23
BTCUSDT,SELL,LIMIT,1701940527405,0.005,43231.90
BTCUSDT,SELL,LIMIT,1701940528441,0.045,43229.71
BTCUSDT,SELL,LIMIT,1701940551174,0.041,43227.29
BTCUSDT,SELL,LIMIT,1701940552288,0.072,43226.41
BTCUSDT,SELL,LIMIT,1701940553290,0.005,43216.66
BTCUSDT,SELL,LIMIT,1701940554347,0.034,43217.14
BTCUSDT,SELL,LIMIT,1701940555348,0.503,43205.36
BTCUSDT,SELL,LIMIT,1701940556352,0.012,43183.66
BTCUSDT,SELL,LIMIT,1701940557360,0.028,43199.42
BTCUSDT,SELL,LIMIT,1701940558365,0.017,43133.89
BTCUSDT,SELL,LIMIT,1701940559370,0.045,43131.44
BTCUSDT,SELL,LIMIT,1701940560371,0.017,43123.26
BTCUSDT,SELL,LIMIT,1701940561380,0.006,43088.07
BTCUSDT,SELL,LIMIT,1701940562386,0.049,43082.15
BTCUSDT,SELL,LIMIT,1701940563388,0.400,43059.04
BTCUSDT,SELL,LIMIT,1701940564392,0.256,43030.10
BTCUSDT,SELL,LIMIT,1701940565404,0.010,42992.42
BTCUSDT,SELL,LIMIT,1701940566440,0.006,42987.61
BTCUSDT,SELL,LIMIT,1701940567533,1.538,42959.20
BTCUSDT,SELL,LIMIT,1701940568536,0.417,42966.12
BTCUSDT,SELL,LIMIT,1701940570069,0.015,42949.53
BTCUSDT,BUY,LIMIT,1701940868136,0.018,43509.21
BTCUSDT,BUY,LIMIT,1701941060050,0.022,43383.80
BTCUSDT,SELL,LIMIT,1701941072444,0.121,42992.04
BTCUSDT,SELL,LIMIT,1701941073676,0.060,42988.27
BTCUSDT,SELL,LIMIT,1701941074822,0.297,42967.00
BTCUSDT,SELL,LIMIT,1701941149967,0.009,42999.68
BTCUSDT,SELL,LIMIT,1701941154059,0.177,42979.60
BTCUSDT,SELL,LIMIT,1701941155445,0.347,42977.50
BTCUSDT,SELL,LIMIT,1701941157216,0.113,42974.82
BTCUSDT,SELL,LIMIT,1701941159483,0.131,42962.17
BTCUSDT,SELL,LIMIT,1701941160592,0.057,42958.48
BTCUSDT,SELL,LIMIT,1701941166171,0.091,42965.53
BTCUSDT,SELL,LIMIT,1701941169042,0.107,42946.07
BTCUSDT,SELL,LIMIT,1701941170266,0.039,42958.19
BTCUSDT,SELL,LIMIT,1701941174311,0.323,42953.18
BTCUSDT,SELL,LIMIT,1701941175664,0.034,42947.53
BTCUSDT,SELL,LIMIT,1701941176714,0.102,42945.34
BTCUSDT,SELL,LIMIT,1701941178549,0.004,42943.98
BTCUSDT,SELL,LIMIT,1701941179585,0.006,42942.64
BTCUSDT,SELL,LIMIT,1701941180805,0.164,42935.13
BTCUSDT,SELL,LIMIT,1701941181859,0.266,42934.12
BTCUSDT,SELL,LIMIT,1701941183140,0.043,42941.24
BTCUSDT,SELL,LIMIT,1701941184148,0.160,42936.74
BTCUSDT,SELL,LIMIT,1701941185336,0.012,42938.56
BTCUSDT,SELL,LIMIT,1701941186391,0.003,42942.95
BTCUSDT,SELL,LIMIT,1701941187564,0.005,42932.62
BTCUSDT,SELL,LIMIT,1701941188634,0.281,42929.53
BTCUSDT,SELL,LIMIT,1701941189638,1.169,42913.58
BTCUSDT,SELL,LIMIT,1701941190648,0.174,42907.43
BTCUSDT,SELL,LIMIT,1701941192051,0.014,42901.80
BTCUSDT,SELL,LIMIT,1701941193060,0.133,42903.68
BTCUSDT,SELL,LIMIT,1701941194069,0.007,42896.23
BTCUSDT,SELL,LIMIT,1701941195084,0.100,42894.70
BTCUSDT,SELL,LIMIT,1701941196099,0.056,42892.33
BTCUSDT,SELL,LIMIT,1701941197523,0.020,42892.19
BTCUSDT,SELL,LIMIT,1701941207111,0.001,47220.06
BTCUSDT,SELL,LIMIT,1701941208923,0.101,42907.04
BTCUSDT,SELL,LIMIT,1701941214836,0.130,42934.49
BTCUSDT,SELL,LIMIT,1701941223060,0.028,42887.40
BTCUSDT,SELL,LIMIT,1701941224071,1.138,42886.60
BTCUSDT,SELL,LIMIT,1701941225137,0.006,42879.35
BTCUSDT,SELL,LIMIT,1701941226145,1.601,42865.26
BTCUSDT,SELL,LIMIT,1701941227153,0.005,42871.22
BTCUSDT,SELL,LIMIT,1701941228738,0.083,42869.23
BTCUSDT,SELL,LIMIT,1701941231243,0.003,42871.04
BTCUSDT,SELL,LIMIT,1701941233084,0.038,42863.05
BTCUSDT,SELL,LIMIT,1701941234091,0.101,42862.96
BTCUSDT,SELL,LIMIT,1701941235086,0.078,42855.94
BTCUSDT,SELL,LIMIT,1701941236083,0.150,42834.40
BTCUSDT,SELL,LIMIT,1701941237094,0.365,42802.05
BTCUSDT,SELL,LIMIT,1701941238107,0.004,42770.42
BTCUSDT,SELL,LIMIT,1701941239112,0.016,42736.73
BTCUSDT,SELL,LIMIT,1701941240116,0.003,42754.24
BTCUSDT,SELL,LIMIT,1701941241124,0.344,42734.87
BTCUSDT,SELL,LIMIT,1701941242486,0.010,42731.64
BTCUSDT,SELL,LIMIT,1701941243487,0.017,42723.07
BTCUSDT,SELL,LIMIT,1701941244491,0.005,42712.11
BTCUSDT,SELL,LIMIT,1701941245536,0.107,42699.70
BTCUSDT,SELL,LIMIT,1701941246543,2.000,42678.89
BTCUSDT,SELL,LIMIT,1701941247647,0.027,42696.23
BTCUSDT,SELL,LIMIT,1701941248652,0.640,42694.50
BTCUSDT,SELL,LIMIT,1701941255911,0.004,42714.67
BTCUSDT,SELL,LIMIT,1701941256941,0.003,42699.16
BTCUSDT,BUY,LIMIT,1701941259070,0.004,43063.58
BTCUSDT,BUY,LIMIT,1701941383465,0.007,43188.99
BTCUSDT,BUY,LIMIT,1701941387859,0.049,43194.60
BTCUSDT,BUY,LIMIT,1701941391170,0.342,43202.58
BTCUSDT,BUY,LIMIT,1701941392478,0.011,43204.97
BTCUSDT,BUY,LIMIT,1701941393797,0.046,43215.60
BTCUSDT,BUY,LIMIT,1701941403470,0.011,43231.05
BTCUSDT,BUY,LIMIT,1701941454304,0.006,43240.99
BTCUSDT,BUY,LIMIT,1701941455318,0.271,43242.24
BTCUSDT,BUY,LIMIT,1701941460530,0.003,43246.30
BTCUSDT,BUY,LIMIT,1701941470849,0.008,43211.97
BTCUSDT,BUY,LIMIT,1701941479406,0.404,43259.69
BTCUSDT,BUY,LIMIT,1701941480506,0.016,43261.55
BTCUSDT,BUY,LIMIT,1701941489322,0.358,43271.85
BTCUSDT,BUY,LIMIT,1701941490849,0.150,43273.30
BTCUSDT,BUY,LIMIT,1701941491887,0.227,43280.63
BTCUSDT,BUY,LIMIT,1701941494054,0.003,43282.22
BTCUSDT,BUY,LIMIT,1701941505523,0.057,43290.46
BTCUSDT,BUY,LIMIT,1701941534182,0.057,43299.93
BTCUSDT,BUY,LIMIT,1701941535924,0.036,43300.92
BTCUSDT,BUY,LIMIT,1701941536938,0.018,43310.42
BTCUSDT,BUY,LIMIT,1701941538054,0.227,43312.32
BTCUSDT,BUY,LIMIT,1701941539100,0.009,43312.57
BTCUSDT,BUY,LIMIT,1701941541825,1.162,43320.71
BTCUSDT,BUY,LIMIT,1701941544309,0.069,43321.84
BTCUSDT,BUY,LIMIT,1701941548241,0.003,43325.97
BTCUSDT,BUY,LIMIT,1701941549276,0.082,43334.18
BTCUSDT,BUY,LIMIT,1701941656037,0.804,43339.20
BTCUSDT,BUY,LIMIT,1701941658363,0.063,43340.78
BTCUSDT,BUY,LIMIT,1701941678113,0.012,43344.91
BTCUSDT,BUY,LIMIT,1701941723777,0.170,43349.42
BTCUSDT,BUY,LIMIT,1701941724788,0.027,43358.79
BTCUSDT,BUY,LIMIT,1701941725963,0.016,43362.42
BTCUSDT,BUY,LIMIT,1701941731974,0.041,43367.85
BTCUSDT,BUY,LIMIT,1701941742266,0.030,43378.59
BTCUSDT,BUY,LIMIT,1701941745083,0.021,43384.53
BTCUSDT,BUY,LIMIT,1701941746350,0.004,43386.46
BTCUSDT,BUY,LIMIT,1701941755402,0.004,43392.24
BTCUSDT,BUY,LIMIT,1701941756584,0.018,43393.90
BTCUSDT,BUY,LIMIT,1701941761149,0.461,43397.90
BTCUSDT,BUY,LIMIT,1701941770483,0.009,43400.99
BTCUSDT,BUY,LIMIT,1701942072233,0.017,43405.11
BTCUSDT,BUY,LIMIT,1701942074387,5.806,43451.12
BTCUSDT,BUY,LIMIT,1701942075559,0.005,43420.42
BTCUSDT,BUY,LIMIT,1701942078817,0.003,43426.37
BTCUSDT,BUY,LIMIT,1701942080284,0.006,43436.54
BTCUSDT,BUY,LIMIT,1701942084042,0.009,43416.24
BTCUSDT,BUY,LIMIT,1701942129891,0.011,43438.39
BTCUSDT,BUY,LIMIT,1701942131249,0.016,43439.29
BTCUSDT,BUY,LIMIT,1701942133267,0.078,43450.95
BTCUSDT,BUY,LIMIT,1701942134415,0.004,43452.25
BTCUSDT,BUY,LIMIT,1701942137474,1.280,43458.14
BTCUSDT,BUY,LIMIT,1701942139127,0.034,43455.60
BTCUSDT,BUY,LIMIT,1701942140666,0.328,43457.84
BTCUSDT,BUY,LIMIT,1701942143419,0.520,43464.33
BTCUSDT,BUY,LIMIT,1701942144662,0.105,43468.11
BTCUSDT,BUY,LIMIT,1701942150368,0.024,43469.37
BTCUSDT,BUY,LIMIT,1701942151497,0.007,43471.65
BTCUSDT,BUY,LIMIT,1701942152604,0.024,43473.96
BTCUSDT,BUY,LIMIT,1701942153958,0.080,43478.56
BTCUSDT,BUY,LIMIT,1701942170451,0.089,43483.77
BTCUSDT,BUY,LIMIT,1701942172089,0.020,43488.08
BTCUSDT,BUY,LIMIT,1701942173095,0.160,43485.13
BTCUSDT,BUY,LIMIT,1701942174152,0.236,43492.38
BTCUSDT,BUY,LIMIT,1701942176260,0.011,43500.71
BTCUSDT,BUY,LIMIT,1701942178350,0.100,43503.48
BTCUSDT,BUY,LIMIT,1701942180437,0.027,43504.48
BTCUSDT,BUY,LIMIT,1701942207463,0.040,43506.06
BTCUSDT,BUY,LIMIT,1701942209806,0.426,43505.68
BTCUSDT,BUY,LIMIT,1701942225378,0.043,43509.78
BTCUSDT,BUY,LIMIT,1701942226671,0.611,43514.53
BTCUSDT,BUY,LIMIT,1701942291269,0.010,43529.11
BTCUSDT,BUY,LIMIT,1701942292372,0.034,43525.39
BTCUSDT,BUY,LIMIT,1701942295402,0.099,43537.41
BTCUSDT,BUY,LIMIT,1701942334100,1.157,43547.03
BTCUSDT,BUY,LIMIT,1701942336929,0.004,43547.70
BTCUSDT,BUY,LIMIT,1701942338163,0.061,43556.90
BTCUSDT,BUY,LIMIT,1701942339195,0.190,43567.19
BTCUSDT,BUY,LIMIT,1701942341090,0.007,43581.98
BTCUSDT,BUY,LIMIT,1701942342238,0.361,43573.99
BTCUSDT,BUY,LIMIT,1701942343319,0.005,43587.45
BTCUSDT,BUY,LIMIT,1701942344479,0.023,43587.55
BTCUSDT,BUY,LIMIT,1701942346137,0.231,43597.17
BTCUSDT,BUY,LIMIT,1701942351096,0.007,43613.19
BTCUSDT,BUY,LIMIT,1701942352164,0.008,43615.80
BTCUSDT,BUY,LIMIT,1701942354037,0.181,43633.33
BTCUSDT,BUY,LIMIT,1701942355228,0.003,43625.42
BTCUSDT,BUY,LIMIT,1701942356287,0.013,43635.89
BTCUSDT,BUY,LIMIT,1701942358611,0.033,43637.74
BTCUSDT,BUY,LIMIT,1701942360270,0.009,43640.50
BTCUSDT,BUY,LIMIT,1701942361334,0.020,43643.20
BTCUSDT,BUY,LIMIT,1701942362348,1.880,43666.40
BTCUSDT,BUY,LIMIT,1701942364104,0.041,43659.71
BTCUSDT,BUY,LIMIT,1701942365121,0.091,43661.07
BTCUSDT,BUY,LIMIT,1701942366287,0.135,43661.22
BTCUSDT,BUY,LIMIT,1701942367305,0.020,43676.99
BTCUSDT,BUY,LIMIT,1701942368440,0.374,43683.12
BTCUSDT,BUY,LIMIT,1701942370391,0.003,43689.33
BTCUSDT,BUY,LIMIT,1701942407836,0.035,43691.72
BTCUSDT,BUY,LIMIT,1701942413064,0.009,43693.75
BTCUSDT,BUY,LIMIT,1701942414493,0.024,43699.41
BTCUSDT,BUY,LIMIT,1701942415531,0.235,43700.53
BTCUSDT,BUY,LIMIT,1701942423153,0.929,43703.12
BTCUSDT,BUY,LIMIT,1701942424254,0.052,43703.29
BTCUSDT,BUY,LIMIT,1701942426102,1.161,43683.67
BTCUSDT,BUY,LIMIT,1701942427168,0.114,43708.95
BTCUSDT,BUY,LIMIT,1701942428763,0.218,43710.62
BTCUSDT,BUY,LIMIT,1701942458383,0.039,43714.11
BTCUSDT,BUY,LIMIT,1701942459388,1.686,43740.37
BTCUSDT,BUY,LIMIT,1701942460511,1.705,43745.84
BTCUSDT,BUY,LIMIT,1701942461912,0.007,43737.23
BTCUSDT,BUY,LIMIT,1701942507903,0.003,43449.97
BTCUSDT,SELL,LIMIT,1701943061010,0.213,43214.81
BTCUSDT,SELL,LIMIT,1701943085298,0.166,43212.79
BTCUSDT,SELL,LIMIT,1701943098403,0.048,43210.23
BTCUSDT,SELL,LIMIT,1701943132166,0.010,43237.63
BTCUSDT,SELL,LIMIT,1701943153128,0.010,43208.81
BTCUSDT,SELL,LIMIT,1701943154382,0.016,43205.38
BTCUSDT,SELL,LIMIT,1701943163212,0.448,43197.29
BTCUSDT,SELL,LIMIT,1701943165335,0.170,43191.88
BTCUSDT,SELL,LIMIT,1701943166699,0.055,43189.80
BTCUSDT,SELL,LIMIT,1701943167827,0.035,43188.63
BTCUSDT,SELL,LIMIT,1701943169473,0.032,43188.21
BTCUSDT,SELL,LIMIT,1701943175563,0.409,43186.26
BTCUSDT,SELL,LIMIT,1701943176711,0.019,43184.64
BTCUSDT,SELL,LIMIT,1701943185551,0.011,43184.95
BTCUSDT,SELL,LIMIT,1701943187379,0.019,43181.94
BTCUSDT,SELL,LIMIT,1701943192487,0.061,43181.54
BTCUSDT,SELL,LIMIT,1701943218118,0.006,43176.83
BTCUSDT,SELL,LIMIT,1701943219364,0.032,43177.43
BTCUSDT,SELL,LIMIT,1701943408759,0.011,43174.96
BTCUSDT,SELL,LIMIT,1701943409977,0.003,43170.75
BTCUSDT,SELL,LIMIT,1701943411182,0.009,43168.27
BTCUSDT,SELL,LIMIT,1701943413317,0.005,43164.60
BTCUSDT,SELL,LIMIT,1701943421203,0.181,43157.61
BTCUSDT,SELL,LIMIT,1701943423036,0.032,43156.08
BTCUSDT,SELL,LIMIT,1701943424463,0.011,43155.03
BTCUSDT,SELL,LIMIT,1701943457567,5.038,43118.14
BTCUSDT,SELL,LIMIT,1701943459251,0.144,43149.00
BTCUSDT,SELL,LIMIT,1701943467419,0.106,43143.71
BTCUSDT,SELL,LIMIT,1701943471480,0.045,43141.15
BTCUSDT,SELL,LIMIT,1701943475125,0.575,43139.41
BTCUSDT,SELL,LIMIT,1701943486546,0.206,43132.96
BTCUSDT,SELL,LIMIT,1701943488054,0.008,43131.02
BTCUSDT,SELL,LIMIT,1701943489461,0.005,43131.07
BTCUSDT,SELL,LIMIT,1701943505287,0.004,43122.84
BTCUSDT,SELL,LIMIT,1701943506405,0.274,43119.02
BTCUSDT,SELL,LIMIT,1701943550267,0.003,43108.52
BTCUSDT,SELL,LIMIT,1701943551303,0.008,43104.90
BTCUSDT,SELL,LIMIT,1701943564269,0.014,43102.05
BTCUSDT,SELL,LIMIT,1701943580594,0.004,43095.95
BTCUSDT,SELL,LIMIT,1701943581600,0.251,43095.55
BTCUSDT,SELL,LIMIT,1701943582757,0.092,43092.92
BTCUSDT,SELL,LIMIT,1701943583761,0.009,43092.48
BTCUSDT,SELL,LIMIT,1701943592066,0.007,43092.48
BTCUSDT,SELL,LIMIT,1701943593195,0.056,43084.84
BTCUSDT,SELL,LIMIT,1701943595242,0.011,43081.33
BTCUSDT,SELL,LIMIT,1701943618707,0.004,43078.28
BTCUSDT,SELL,LIMIT,1701943619939,0.102,43075.96
BTCUSDT,SELL,LIMIT,1701943621196,0.006,43070.25
BTCUSDT,SELL,LIMIT,1701943622209,0.021,43070.88
BTCUSDT,SELL,LIMIT,1701943632026,0.100,43066.59
BTCUSDT,SELL,LIMIT,1701943633071,0.004,43064.11
BTCUSDT,SELL,LIMIT,1701943634153,0.061,43060.32
BTCUSDT,SELL,LIMIT,1701943635300,1.037,43052.46
BTCUSDT,SELL,LIMIT,1701943636404,0.078,43055.06
BTCUSDT,SELL,LIMIT,1701943640586,0.004,43051.08
BTCUSDT,SELL,LIMIT,1701943642088,0.115,43044.89
BTCUSDT,SELL,LIMIT,1701943643258,0.004,43047.33
BTCUSDT,SELL,LIMIT,1701943651194,0.550,43041.48
BTCUSDT,SELL,LIMIT,1701943652985,0.031,43038.87
BTCUSDT,SELL,LIMIT,1701943654453,0.028,43036.14
BTCUSDT,SELL,LIMIT,1701943657356,0.255,43031.35
BTCUSDT,SELL,LIMIT,1701943658519,0.200,43026.66
BTCUSDT,SELL,LIMIT,1701943659985,0.009,43020.81
BTCUSDT,SELL,LIMIT,1701943661216,0.190,43009.89
BTCUSDT,SELL,LIMIT,1701943664153,0.003,43008.24
BTCUSDT,SELL,LIMIT,1701943665437,0.069,43007.60
BTCUSDT,SELL,LIMIT,1701943666548,0.019,43005.11
BTCUSDT,SELL,LIMIT,1701943669164,1.081,42999.97
BTCUSDT,SELL,LIMIT,1701943670403,0.046,42996.58
BTCUSDT,SELL,LIMIT,1701943672095,0.108,42983.62
BTCUSDT,SELL,LIMIT,1701943673274,0.023,42988.62
BTCUSDT,SELL,LIMIT,1701943678233,0.003,42975.29
BTCUSDT,SELL,LIMIT,1701943679525,0.040,42968.58
BTCUSDT,SELL,LIMIT,1701943694117,0.698,42963.93
BTCUSDT,SELL,LIMIT,1701943698273,0.019,42962.27
BTCUSDT,SELL,LIMIT,1701943704082,1.151,42952.97
BTCUSDT,SELL,LIMIT,1701943705482,0.104,42960.97
BTCUSDT,BUY,LIMIT,1701943784975,0.022,43466.49
BTCUSDT,BUY,LIMIT,1701943786106,0.169,43474.57
BTCUSDT,BUY,LIMIT,1701943787340,0.054,43475.70
BTCUSDT,BUY,LIMIT,1701943789180,0.023,43496.01
BTCUSDT,BUY,LIMIT,1701943790216,0.005,43498.84
BTCUSDT,SELL,LIMIT,1701943903401,0.013,43110.78
BTCUSDT,SELL,LIMIT,1701944216639,0.024,43036.98
BTCUSDT,SELL,LIMIT,1701944384537,0.026,42979.70
BTCUSDT,SELL,LIMIT,1701944408636,0.008,42955.18
BTCUSDT,SELL,LIMIT,1701944410150,0.086,42950.60
BTCUSDT,SELL,LIMIT,1701944412476,0.216,42945.72
BTCUSDT,SELL,LIMIT,1701944413887,0.100,42942.42
BTCUSDT,SELL,LIMIT,1701944423210,0.126,42937.16
BTCUSDT,SELL,LIMIT,1701944424216,0.025,42933.07
BTCUSDT,SELL,LIMIT,1701944425225,0.052,42929.17
BTCUSDT,SELL,LIMIT,1701944426392,0.025,42924.32
BTCUSDT,SELL,LIMIT,1701944427450,0.053,42913.99
BTCUSDT,SELL,LIMIT,1701944452541,0.017,42907.34
BTCUSDT,SELL,LIMIT,1701944454068,0.508,42903.73
BTCUSDT,BUY,LIMIT,1701944793217,0.123,43400.98
BTCUSDT,BUY,LIMIT,1701944849206,0.004,43433.40
BTCUSDT,BUY,LIMIT,1701944852470,0.100,43423.88
BTCUSDT,BUY,LIMIT,1701944863043,0.037,43437.05
BTCUSDT,BUY,LIMIT,1701944865048,0.005,43439.45
BTCUSDT,BUY,LIMIT,1701944866269,0.012,43439.67
BTCUSDT,BUY,LIMIT,1701944876319,0.011,43434.50
BTCUSDT,SELL,LIMIT,1701944953238,0.003,43037.42
BTCUSDT,BUY,LIMIT,1701945194490,0.003,43446.62
BTCUSDT,BUY,LIMIT,1701945197415,0.042,43452.00
BTCUSDT,BUY,LIMIT,1701945199312,0.021,43452.36
BTCUSDT,BUY,LIMIT,1701945200707,0.025,43455.61
BTCUSDT,BUY,LIMIT,1701945210644,0.499,43464.91
BTCUSDT,BUY,LIMIT,1701945218436,0.062,43472.31
BTCUSDT,BUY,LIMIT,1701945221753,0.170,43486.99
BTCUSDT,SELL,LIMIT,1701946425969,0.005,43005.49
BTCUSDT,SELL,LIMIT,1701946489068,0.230,42974.69
BTCUSDT,SELL,LIMIT,1701946490208,0.029,42973.09
BTCUSDT,SELL,LIMIT,1701946714287,0.013,42969.69
BTCUSDT,SELL,LIMIT,1701946815494,0.025,42962.27
BTCUSDT,BUY,LIMIT,1701947831584,0.081,43463.93
BTCUSDT,BUY,LIMIT,1701947832589,0.079,43468.02
BTCUSDT,BUY,LIMIT,1701947837605,0.660,43481.57
BTCUSDT,BUY,LIMIT,1701947841080,0.299,43492.12
BTCUSDT,BUY,LIMIT,1701947848469,0.032,43493.76
BTCUSDT,BUY,LIMIT,1701947851133,0.084,43500.89
BTCUSDT,BUY,LIMIT,1701947852282,0.032,43500.47
BTCUSDT,BUY,LIMIT,1701947855607,0.014,43507.47
BTCUSDT,BUY,LIMIT,1701947859006,0.007,43507.75
BTCUSDT,BUY,LIMIT,1701947877848,0.086,43509.40
BTCUSDT,BUY,LIMIT,1701947880390,1.065,43510.14
BTCUSDT,BUY,LIMIT,1701947882227,0.014,43511.40
BTCUSDT,BUY,LIMIT,1701947883236,0.021,43511.53
BTCUSDT,BUY,LIMIT,1701947899176,0.005,43514.31
BTCUSDT,BUY,LIMIT,1701948148322,0.005,43526.50
BTCUSDT,BUY,LIMIT,1701948149515,0.003,43524.00
BTCUSDT,BUY,LIMIT,1701948197996,0.024,43530.40
BTCUSDT,BUY,LIMIT,1701948199063,0.047,43538.50
BTCUSDT,BUY,LIMIT,1701948287155,0.005,43542.13
BTCUSDT,BUY,LIMIT,1701948289098,0.034,43545.88
BTCUSDT,BUY,LIMIT,1701948290355,0.034,43548.87
BTCUSDT,BUY,LIMIT,1701948297111,0.003,43558.81
BTCUSDT,BUY,LIMIT,1701948298140,0.004,43562.18
BTCUSDT,BUY,LIMIT,1701948299392,0.019,43563.13
BTCUSDT,BUY,LIMIT,1701948341220,0.012,43564.08
BTCUSDT,BUY,LIMIT,1701948343078,0.142,43565.20
BTCUSDT,BUY,LIMIT,1701948344782,0.054,43567.82
BTCUSDT,SELL,LIMIT,1701949177486,1.126,43048.88
BTCUSDT,SELL,LIMIT,1701949189511,0.309,43038.23
BTCUSDT,SELL,LIMIT,1701949193046,0.323,43033.89
BTCUSDT,SELL,LIMIT,1701949205435,0.556,43029.85
BTCUSDT,SELL,LIMIT,1701949214075,0.008,43026.53
BTCUSDT,SELL,LIMIT,1701949218225,0.004,43022.23
BTCUSDT,SELL,LIMIT,1701949611166,0.012,43011.88
BTCUSDT,SELL,LIMIT,1701949642157,0.003,43008.41
BTCUSDT,SELL,LIMIT,1701949644320,0.003,43004.65
BTCUSDT,SELL,LIMIT,1701949661389,0.014,43000.06
BTCUSDT,SELL,LIMIT,1701949662866,0.156,42999.32
BTCUSDT,SELL,LIMIT,1701949667717,0.050,42998.45
BTCUSDT,SELL,LIMIT,1701949672110,0.034,42995.31
BTCUSDT,SELL,LIMIT,1701949717264,0.003,42993.44
BTCUSDT,SELL,LIMIT,1701950522333,0.011,42992.09
BTCUSDT,SELL,LIMIT,1701950546126,0.344,42985.57
BTCUSDT,SELL,LIMIT,1701950548502,0.017,42980.12
BTCUSDT,SELL,LIMIT,1701950558817,0.034,42974.28
BTCUSDT,SELL,LIMIT,1701950593156,0.199,42969.92
BTCUSDT,SELL,LIMIT,1701950594812,0.091,42960.59
BTCUSDT,SELL,LIMIT,1701950595885,1.000,42955.65
BTCUSDT,SELL,LIMIT,1701950600087,0.009,42947.22
BTCUSDT,SELL,LIMIT,1701950601341,0.285,42954.33
BTCUSDT,SELL,LIMIT,1701950609053,0.046,42939.09
BTCUSDT,SELL,LIMIT,1701950625285,0.006,42919.58
BTCUSDT,SELL,LIMIT,1701950626294,0.002,42914.72
BTCUSDT,SELL,LIMIT,1701950633132,4.702,42880.45
BTCUSDT,SELL,LIMIT,1701950635343,0.007,42912.08
BTCUSDT,SELL,LIMIT,1701950636356,0.050,42906.93
BTCUSDT,SELL,LIMIT,1701950637456,0.581,42902.73
BTCUSDT,SELL,LIMIT,1701950638487,0.162,42891.30
BTCUSDT,SELL,LIMIT,1701950639500,0.207,42897.78
BTCUSDT,SELL,LIMIT,1701950640812,0.003,42881.71
BTCUSDT,SELL,LIMIT,1701950648234,0.016,42883.59
BTCUSDT,SELL,LIMIT,1701950649258,0.013,42877.52
BTCUSDT,SELL,LIMIT,1701950650277,0.005,42869.32
BTCUSDT,SELL,LIMIT,1701950652045,0.007,42875.32
BTCUSDT,SELL,LIMIT,1701950659067,0.004,42859.58
BTCUSDT,SELL,LIMIT,1701950660210,0.213,42858.79
BTCUSDT,BUY,LIMIT,1701951095122,0.006,43310.06
BTCUSDT,BUY,LIMIT,1701951223261,0.007,43196.19
BTCUSDT,BUY,LIMIT,1701951225633,0.069,43159.42
BTCUSDT,SELL,LIMIT,1701951233542,0.003,42901.11
BTCUSDT,BUY,LIMIT,1701951246432,0.866,43233.43
BTCUSDT,BUY,LIMIT,1701951306158,0.084,43246.56
BTCUSDT,SELL,LIMIT,1701951320342,0.200,42956.94
BTCUSDT,BUY,LIMIT,1701951326946,0.092,43192.89
BTCUSDT,SELL,LIMIT,1701951337174,0.023,42933.39
BTCUSDT,SELL,LIMIT,1701951429798,0.003,42920.75
BTCUSDT,SELL,LIMIT,1701951575234,0.024,42874.79
BTCUSDT,SELL,LIMIT,1701951577139,0.048,42854.55
BTCUSDT,SELL,LIMIT,1701951578279,0.003,42855.56
BTCUSDT,SELL,LIMIT,1701951579318,0.150,42850.82
BTCUSDT,SELL,LIMIT,1701951581550,0.024,42848.16
BTCUSDT,SELL,LIMIT,1701951584735,0.079,42847.76
BTCUSDT,SELL,LIMIT,1701951606040,0.003,42842.03
BTCUSDT,SELL,LIMIT,1701951607068,0.003,42839.42
BTCUSDT,SELL,LIMIT,1701951608147,0.676,42840.84
BTCUSDT,SELL,LIMIT,1701951609464,0.039,42840.15
BTCUSDT,SELL,LIMIT,1701951610876,0.901,42835.36
BTCUSDT,SELL,LIMIT,1701951612128,0.052,42828.88
BTCUSDT,SELL,LIMIT,1701951613184,0.040,42827.37
BTCUSDT,SELL,LIMIT,1701951614215,0.696,42819.62
BTCUSDT,SELL,LIMIT,1701951615596,0.659,42814.75
BTCUSDT,SELL,LIMIT,1701951616781,0.020,42808.48
BTCUSDT,SELL,LIMIT,1701951617811,0.003,42806.22
BTCUSDT,SELL,LIMIT,1701951691394,0.005,42834.92
BTCUSDT,SELL,LIMIT,1701951791797,0.007,42888.92
BTCUSDT,SELL,LIMIT,1701951897699,0.002,42863.53
BTCUSDT,SELL,LIMIT,1701951916424,0.004,42924.99
BTCUSDT,SELL,LIMIT,1701951920102,0.027,42822.33
BTCUSDT,BUY,LIMIT,1701952056286,0.005,43316.15
BTCUSDT,BUY,LIMIT,1701952064171,0.005,43326.57
BTCUSDT,BUY,LIMIT,1701952070729,0.031,43335.89
BTCUSDT,BUY,LIMIT,1701952072342,0.033,43290.42
BTCUSDT,BUY,LIMIT,1701952080129,0.049,43341.43
BTCUSDT,BUY,LIMIT,1701952183272,0.014,43358.88
BTCUSDT,BUY,LIMIT,1701952184340,0.009,43355.75
BTCUSDT,BUY,LIMIT,1701952185361,0.091,43362.93
BTCUSDT,BUY,LIMIT,1701952186846,2.652,43390.12
BTCUSDT,BUY,LIMIT,1701952189309,0.017,43366.78
BTCUSDT,BUY,LIMIT,1701952197955,0.007,43369.39
BTCUSDT,BUY,LIMIT,1701952211347,0.005,43371.06
BTCUSDT,BUY,LIMIT,1701952217820,0.013,43379.68
BTCUSDT,BUY,LIMIT,1701952224416,0.050,43381.04
BTCUSDT,BUY,LIMIT,1701952226415,0.173,43384.56
BTCUSDT,BUY,LIMIT,1701952230069,0.026,43388.58
BTCUSDT,BUY,LIMIT,1701952231159,0.008,43387.83
BTCUSDT,BUY,LIMIT,1701952244454,0.007,43385.00
BTCUSDT,BUY,LIMIT,1701952247297,0.024,43395.76
BTCUSDT,BUY,LIMIT,1701952248894,0.018,43396.20
BTCUSDT,BUY,LIMIT,1701952262119,0.016,43407.95
BTCUSDT,BUY,LIMIT,1701952263248,0.003,43403.10
BTCUSDT,BUY,LIMIT,1701952282325,1.640,43422.27
BTCUSDT,BUY,LIMIT,1701952287984,0.372,43411.89
BTCUSDT,BUY,LIMIT,1701952289330,0.003,43413.27
BTCUSDT,BUY,LIMIT,1701952293136,0.206,43414.75
BTCUSDT,BUY,LIMIT,1701952294182,1.139,43418.62
BTCUSDT,BUY,LIMIT,1701952295345,1.104,43418.15
BTCUSDT,BUY,LIMIT,1701952308070,0.086,43409.66
BTCUSDT,BUY,LIMIT,1701952309320,0.005,43423.65
BTCUSDT,BUY,LIMIT,1701952311275,0.581,43425.12
BTCUSDT,BUY,LIMIT,1701952313501,0.009,43425.20
BTCUSDT,BUY,LIMIT,1701952315883,0.020,43426.44
BTCUSDT,BUY,LIMIT,1701952317334,0.054,43430.07
BTCUSDT,BUY,LIMIT,1701952319276,0.005,43430.53
BTCUSDT,BUY,LIMIT,1701952347146,0.065,43435.10
BTCUSDT,BUY,LIMIT,1701952349371,0.010,43439.02
BTCUSDT,BUY,LIMIT,1701952360686,0.107,43443.09
BTCUSDT,BUY,LIMIT,1701952366162,0.168,43443.83
BTCUSDT,BUY,LIMIT,1701952695034,0.200,43391.12
BTCUSDT,BUY,LIMIT,1701952917146,0.028,43442.39
BTCUSDT,BUY,LIMIT,1701953029249,0.016,43444.14
BTCUSDT,BUY,LIMIT,1701953067336,0.073,43449.78
BTCUSDT,BUY,LIMIT,1701953068500,2.047,43467.40
BTCUSDT,BUY,LIMIT,1701953134060,0.203,43458.99
BTCUSDT,BUY,LIMIT,1701953147144,0.033,43460.64
BTCUSDT,BUY,LIMIT,1701953148652,0.004,43462.64
BTCUSDT,BUY,LIMIT,1701953173567,0.004,43467.48
BTCUSDT,BUY,LIMIT,1701953175727,0.019,43473.72
BTCUSDT,BUY,LIMIT,1701953178739,0.003,43477.64
BTCUSDT,BUY,LIMIT,1701953181270,0.005,43479.40
BTCUSDT,BUY,LIMIT,1701953186365,0.019,43473.44
BTCUSDT,BUY,LIMIT,1701953209381,1.158,43486.57
BTCUSDT,SELL,LIMIT,1701953210817,0.111,43188.47
BTCUSDT,BUY,LIMIT,1701953222032,0.013,43490.89
BTCUSDT,BUY,LIMIT,1701953223142,0.019,43490.67
BTCUSDT,SELL,LIMIT,1701953386444,0.003,43142.16
BTCUSDT,BUY,LIMIT,1701953410448,0.066,43493.40
BTCUSDT,BUY,LIMIT,1701953441546,0.006,43464.82
BTCUSDT,BUY,LIMIT,1701953586369,2.388,43518.91
BTCUSDT,BUY,LIMIT,1701953591570,0.078,43499.15
BTCUSDT,BUY,LIMIT,1701953653190,0.031,43501.73
BTCUSDT,BUY,LIMIT,1701953695889,0.046,43503.74
BTCUSDT,BUY,LIMIT,1701953701215,1.000,43505.09
BTCUSDT,BUY,LIMIT,1701953842091,0.003,43509.33
BTCUSDT,BUY,LIMIT,1701953844134,0.006,43510.38
BTCUSDT,BUY,LIMIT,1701953854087,0.006,43516.80
BTCUSDT,BUY,LIMIT,1701953859377,0.076,43519.31
BTCUSDT,BUY,LIMIT,1701953861832,0.006,43524.19
BTCUSDT,BUY,LIMIT,1701953863036,0.207,43532.46
BTCUSDT,BUY,LIMIT,1701953867434,0.011,43527.84
BTCUSDT,BUY,LIMIT,1701953884142,0.022,43535.56
BTCUSDT,BUY,LIMIT,1701953887829,0.010,43539.04
BTCUSDT,BUY,LIMIT,1701953889104,0.019,43542.53
BTCUSDT,BUY,LIMIT,1701953890207,0.017,43547.03
BTCUSDT,BUY,LIMIT,1701953891775,0.116,43549.72
BTCUSDT,BUY,LIMIT,1701953894731,0.004,43554.82
BTCUSDT,BUY,LIMIT,1701953904397,0.400,43555.23
BTCUSDT,BUY,LIMIT,1701953911076,0.029,43559.64
BTCUSDT,BUY,LIMIT,1701953912224,1.525,43569.88
BTCUSDT,BUY,LIMIT,1701953913789,0.078,43561.89
BTCUSDT,BUY,LIMIT,1701953918097,0.054,43567.00
BTCUSDT,BUY,LIMIT,1701953939880,0.266,43558.86
BTCUSDT,BUY,LIMIT,1701953957290,0.393,43568.85
BTCUSDT,BUY,LIMIT,1701953974164,0.007,43573.52
BTCUSDT,BUY,LIMIT,1701953976080,0.022,43581.22
BTCUSDT,BUY,LIMIT,1701953977100,0.010,43586.81
BTCUSDT,BUY,LIMIT,1701953989251,0.007,43592.43
BTCUSDT,BUY,LIMIT,1701953990497,0.015,43592.77
BTCUSDT,BUY,LIMIT,1701953997263,0.010,43596.64
BTCUSDT,BUY,LIMIT,1701953998395,3.761,43633.10
BTCUSDT,BUY,LIMIT,1701954005093,0.042,43603.76
BTCUSDT,BUY,LIMIT,1701954006138,0.047,43607.06
BTCUSDT,BUY,LIMIT,1701954008306,3.000,43635.73
BTCUSDT,BUY,LIMIT,1701954010929,0.007,43609.25
BTCUSDT,BUY,LIMIT,1701954096123,0.007,43610.04
BTCUSDT,BUY,LIMIT,1701954098015,0.003,43610.44
BTCUSDT,BUY,LIMIT,1701954099693,0.003,43611.72
BTCUSDT,BUY,LIMIT,1701954102467,0.031,43614.68
BTCUSDT,BUY,LIMIT,1701954103619,0.092,43621.41
BTCUSDT,BUY,LIMIT,1701954108517,0.004,43630.93
BTCUSDT,BUY,LIMIT,1701954110010,0.006,43632.91
BTCUSDT,BUY,LIMIT,1701954111142,0.035,43635.35
BTCUSDT,BUY,LIMIT,1701954115051,0.062,43634.77
BTCUSDT,BUY,LIMIT,1701954116159,0.421,43643.60
BTCUSDT,BUY,LIMIT,1701954122293,0.670,43650.67
BTCUSDT,BUY,LIMIT,1701954123709,0.014,43652.96
BTCUSDT,BUY,LIMIT,1701954125432,0.019,43657.57
BTCUSDT,BUY,LIMIT,1701954128284,0.016,43664.02
BTCUSDT,BUY,LIMIT,1701954138090,0.095,43668.97
BTCUSDT,BUY,LIMIT,1701954139158,0.800,43667.64
BTCUSDT,BUY,LIMIT,1701954142343,0.006,43672.07
BTCUSDT,BUY,LIMIT,1701954143539,5.774,43709.34
BTCUSDT,BUY,LIMIT,1701954146888,0.079,43674.13
BTCUSDT,BUY,LIMIT,1701954148073,0.007,43688.13
BTCUSDT,BUY,LIMIT,1701954149145,0.005,43678.93
BTCUSDT,BUY,LIMIT,1701954179314,0.025,43691.56
BTCUSDT,BUY,LIMIT,1701954180387,0.038,43690.53
BTCUSDT,BUY,LIMIT,1701954181415,0.364,43696.39
BTCUSDT,BUY,LIMIT,1701954182530,0.023,43695.50
BTCUSDT,SELL,LIMIT,1701954857554,0.287,43172.45
BTCUSDT,SELL,LIMIT,1701954860479,0.024,43167.90
BTCUSDT,SELL,LIMIT,1701954862469,0.072,43162.47
BTCUSDT,SELL,LIMIT,1701954868335,0.008,43152.21
BTCUSDT,SELL,LIMIT,1701954869950,0.053,43150.78
BTCUSDT,SELL,LIMIT,1701954875513,0.011,43148.97
BTCUSDT,SELL,LIMIT,1701954917088,0.062,43147.72
BTCUSDT,SELL,LIMIT,1701954918099,0.340,43141.79
BTCUSDT,SELL,LIMIT,1701954920541,0.070,43140.73
BTCUSDT,SELL,LIMIT,1701955372677,0.005,43133.93
BTCUSDT,SELL,LIMIT,1701955378101,0.323,43127.54
BTCUSDT,SELL,LIMIT,1701955383704,0.007,43124.53
BTCUSDT,SELL,LIMIT,1701955409338,0.058,43116.85
BTCUSDT,SELL,LIMIT,1701955460601,0.352,43118.18
BTCUSDT,SELL,LIMIT,1701955469710,0.325,43108.93
BTCUSDT,SELL,LIMIT,1701955471135,0.138,43107.00
BTCUSDT,SELL,LIMIT,1701955472600,4.688,43067.54
BTCUSDT,SELL,LIMIT,1701955476018,0.022,43097.10
BTCUSDT,SELL,LIMIT,1701956130287,0.309,43119.83
BTCUSDT,SELL,LIMIT,1701956549112,0.088,43093.29
BTCUSDT,SELL,LIMIT,1701956554494,0.032,43087.28
BTCUSDT,SELL,LIMIT,1701956572837,0.264,43095.15
BTCUSDT,SELL,LIMIT,1701956623524,0.022,43086.17
BTCUSDT,SELL,LIMIT,1701956654264,0.010,43084.23
BTCUSDT,SELL,LIMIT,1701956659375,0.040,43077.10
BTCUSDT,SELL,LIMIT,1701956665106,0.022,43075.64
BTCUSDT,SELL,LIMIT,1701956666125,0.422,43073.44
BTCUSDT,SELL,LIMIT,1701956669659,0.003,43072.75
BTCUSDT,SELL,LIMIT,1701956700635,0.013,43090.54
BTCUSDT,SELL,LIMIT,1701956896165,0.064,43062.45
BTCUSDT,SELL,LIMIT,1701956897341,0.093,43063.86
BTCUSDT,SELL,LIMIT,1701956899630,0.096,43056.20
BTCUSDT,SELL,LIMIT,1701956900763,0.062,43055.97
BTCUSDT,SELL,LIMIT,1701957041289,0.273,43047.20
BTCUSDT,SELL,LIMIT,1701957102284,0.005,43044.87
BTCUSDT,SELL,LIMIT,1701957103324,0.031,43045.04
BTCUSDT,SELL,LIMIT,1701957104500,0.117,43033.85
BTCUSDT,SELL,LIMIT,1701958771313,0.001,43239.37
BTCUSDT,BUY,LIMIT,1701959178618,0.101,43505.08
BTCUSDT,BUY,LIMIT,1701959184149,0.015,43509.01
BTCUSDT,BUY,LIMIT,1701959210441,0.039,43548.76
BTCUSDT,BUY,LIMIT,1701959211819,0.060,43552.42
BTCUSDT,BUY,LIMIT,1701959218918,0.009,43554.27
BTCUSDT,BUY,LIMIT,1701959230293,0.079,43563.82
BTCUSDT,BUY,LIMIT,1701959235225,0.003,43569.00
BTCUSDT,BUY,LIMIT,1701959236501,0.017,43572.05
BTCUSDT,BUY,LIMIT,1701959251958,0.006,43579.69
BTCUSDT,BUY,LIMIT,1701959259552,0.048,43582.18
BTCUSDT,BUY,LIMIT,1701959284525,0.042,43587.17
BTCUSDT,BUY,LIMIT,1701959313111,0.003,43598.25
BTCUSDT,BUY,LIMIT,1701959314444,0.019,43598.60
BTCUSDT,BUY,LIMIT,1701959317342,0.194,43599.52
BTCUSDT,BUY,LIMIT,1701959333115,0.003,43607.07
BTCUSDT,BUY,LIMIT,1701959336935,0.033,43607.71
BTCUSDT,BUY,LIMIT,1701959338118,0.131,43607.82
BTCUSDT,BUY,LIMIT,1701959339188,0.050,43611.03
BTCUSDT,BUY,LIMIT,1701959502332,0.003,43599.50
BTCUSDT,BUY,LIMIT,1701959579458,0.085,43614.67
BTCUSDT,BUY,LIMIT,1701959581243,0.021,43616.48
BTCUSDT,BUY,LIMIT,1701959672141,0.549,43622.83
BTCUSDT,BUY,LIMIT,1701959673484,0.006,43628.17
BTCUSDT,SELL,LIMIT,1701959678951,0.117,43309.91
BTCUSDT,BUY,LIMIT,1701959712687,0.003,43631.89
BTCUSDT,BUY,LIMIT,1701959714453,0.039,43632.21
BTCUSDT,BUY,LIMIT,1701959722075,0.073,43633.47
BTCUSDT,BUY,LIMIT,1701959727211,0.006,43638.88
BTCUSDT,BUY,LIMIT,1701959732171,0.050,43642.84
BTCUSDT,BUY,LIMIT,1701959733368,0.288,43643.53
BTCUSDT,BUY,LIMIT,1701959735137,0.034,43646.41
BTCUSDT,BUY,LIMIT,1701959738434,0.216,43648.34
BTCUSDT,BUY,LIMIT,1701959741284,0.066,43648.92
BTCUSDT,BUY,LIMIT,1701959746689,0.113,43650.94
BTCUSDT,BUY,LIMIT,1701959758254,0.315,43651.40
BTCUSDT,BUY,LIMIT,1701959760282,0.006,43655.74
BTCUSDT,BUY,LIMIT,1701959761640,0.003,43658.50
BTCUSDT,BUY,LIMIT,1701959764359,0.015,43661.64
BTCUSDT,BUY,LIMIT,1701959765703,0.027,43664.53
BTCUSDT,BUY,LIMIT,1701959768222,0.054,43665.85
BTCUSDT,BUY,LIMIT,1701959770772,0.023,43668.07
BTCUSDT,BUY,LIMIT,1701959771817,0.036,43671.53
BTCUSDT,BUY,LIMIT,1701959801139,0.004,43668.69
BTCUSDT,BUY,LIMIT,1701960783518,0.198,43676.64
BTCUSDT,BUY,LIMIT,1701960826136,0.130,43676.10
BTCUSDT,BUY,LIMIT,1701960829063,0.004,43682.48
BTCUSDT,BUY,LIMIT,1701960830389,0.003,43679.89
BTCUSDT,BUY,LIMIT,1701960961236,0.058,43686.47
BTCUSDT,BUY,LIMIT,1701960984854,0.166,43688.95
BTCUSDT,BUY,LIMIT,1701960988870,0.228,43693.81
BTCUSDT,BUY,LIMIT,1701960991437,0.003,43695.17
BTCUSDT,BUY,LIMIT,1701960997566,0.054,43698.83
BTCUSDT,BUY,LIMIT,1701960998792,0.350,43696.13
BTCUSDT,BUY,LIMIT,1701961002860,0.004,43704.73
BTCUSDT,BUY,LIMIT,1701961007007,0.015,43705.90
BTCUSDT,BUY,LIMIT,1701961008091,0.010,43710.18
BTCUSDT,BUY,LIMIT,1701961013455,0.034,43713.42
BTCUSDT,BUY,LIMIT,1701961027441,0.620,43708.73
BTCUSDT,BUY,LIMIT,1701961044603,0.005,43715.60
BTCUSDT,BUY,LIMIT,1701961075323,0.003,43717.68
BTCUSDT,BUY,LIMIT,1701961076490,0.061,43719.15
BTCUSDT,BUY,LIMIT,1701961116887,0.023,43717.72
BTCUSDT,BUY,LIMIT,1701961242593,0.086,43677.63
BTCUSDT,BUY,LIMIT,1701961341675,0.020,43717.96
BTCUSDT,BUY,LIMIT,1701961348099,0.003,43720.44
BTCUSDT,BUY,LIMIT,1701961349150,0.179,43721.81
BTCUSDT,BUY,LIMIT,1701961350187,0.003,43724.34
BTCUSDT,BUY,LIMIT,1701961351218,0.270,43736.50
BTCUSDT,BUY,LIMIT,1701961352365,0.015,43737.37
BTCUSDT,BUY,LIMIT,1701961354146,0.012,43739.10
BTCUSDT,BUY,LIMIT,1701961370068,0.003,43739.50
BTCUSDT,BUY,LIMIT,1701961371126,0.009,43740.74
BTCUSDT,BUY,LIMIT,1701961389263,0.143,43696.80
BTCUSDT,BUY,LIMIT,1701961404594,0.173,43743.26
BTCUSDT,BUY,LIMIT,1701961405615,0.138,43758.97
BTCUSDT,BUY,LIMIT,1701961409104,0.962,43750.84
BTCUSDT,BUY,LIMIT,1701961410341,1.155,43766.91
BTCUSDT,BUY,LIMIT,1701961411482,0.008,43772.08
BTCUSDT,BUY,LIMIT,1701961413055,0.287,43777.42
BTCUSDT,BUY,LIMIT,1701961414095,0.384,43783.37
BTCUSDT,BUY,LIMIT,1701961415426,0.025,43794.72
BTCUSDT,BUY,LIMIT,1701961416522,0.091,43796.24
BTCUSDT,BUY,LIMIT,1701961420075,0.003,43799.16
BTCUSDT,BUY,LIMIT,1701961421233,0.017,43798.45
BTCUSDT,BUY,LIMIT,1701961429276,0.020,43803.01
BTCUSDT,BUY,LIMIT,1701961431055,0.310,43826.55
BTCUSDT,BUY,LIMIT,1701961432144,0.020,43820.55
BTCUSDT,SELL,LIMIT,1701961512685,0.095,43376.51
BTCUSDT,SELL,LIMIT,1701961537634,0.094,43322.13
BTCUSDT,SELL,LIMIT,1701961542431,0.011,43318.74
BTCUSDT,SELL,LIMIT,1701961544276,0.022,43317.23
BTCUSDT,BUY,LIMIT,1701961546242,0.015,43633.59
BTCUSDT,SELL,LIMIT,1701961631821,0.030,43310.91
BTCUSDT,SELL,LIMIT,1701961636209,0.039,43301.03
BTCUSDT,SELL,LIMIT,1701961640326,0.076,43291.33
BTCUSDT,BUY,LIMIT,1701961994442,0.018,43808.71
BTCUSDT,BUY,LIMIT,1701961996760,0.161,43810.28
BTCUSDT,BUY,LIMIT,1701962183761,0.050,43770.41
BTCUSDT,BUY,LIMIT,1701962195283,0.008,43787.40
BTCUSDT,BUY,LIMIT,1701962204198,0.056,43809.51
BTCUSDT,BUY,LIMIT,1701962229378,0.030,43811.65
BTCUSDT,BUY,LIMIT,1701962230698,0.018,43815.76
BTCUSDT,BUY,LIMIT,1701962239379,0.495,43811.82
BTCUSDT,BUY,LIMIT,1701962389319,0.118,43759.42
BTCUSDT,BUY,LIMIT,1701962399504,2.000,43786.33
BTCUSDT,BUY,LIMIT,1701962437277,0.006,43826.25
BTCUSDT,BUY,LIMIT,1701962445811,0.043,43834.88
BTCUSDT,BUY,LIMIT,1701962450083,0.004,43838.54
BTCUSDT,BUY,LIMIT,1701962452086,0.006,43846.51
BTCUSDT,BUY,LIMIT,1701962453273,0.129,43847.47
BTCUSDT,BUY,LIMIT,1701962454385,0.229,43848.04
BTCUSDT,BUY,LIMIT,1701962455453,0.003,43849.54
BTCUSDT,BUY,LIMIT,1701962456600,0.072,43850.01
BTCUSDT,BUY,LIMIT,1701962458096,0.045,43853.30
BTCUSDT,BUY,LIMIT,1701962459262,0.117,43855.97
BTCUSDT,BUY,LIMIT,1701962461485,0.017,43861.36
BTCUSDT,BUY,LIMIT,1701962479108,0.064,43863.08
BTCUSDT,BUY,LIMIT,1701962483441,1.080,43861.32
BTCUSDT,BUY,LIMIT,1701962485382,0.003,43864.93
BTCUSDT,BUY,LIMIT,1701962486429,0.023,43870.35
BTCUSDT,BUY,LIMIT,1701962487503,0.005,43870.76
BTCUSDT,BUY,LIMIT,1701962488525,0.387,43877.79
BTCUSDT,BUY,LIMIT,1701962490089,0.018,43886.69
BTCUSDT,BUY,LIMIT,1701962491093,0.004,43886.11
BTCUSDT,BUY,LIMIT,1701962493883,0.026,43888.86
BTCUSDT,BUY,LIMIT,1701962495084,0.176,43890.83
BTCUSDT,BUY,LIMIT,1701962496148,2.604,43913.65
BTCUSDT,BUY,LIMIT,1701962497743,0.106,43894.02
BTCUSDT,BUY,LIMIT,1701962507359,0.005,43898.65
BTCUSDT,BUY,LIMIT,1701962509055,1.331,43905.81
BTCUSDT,BUY,LIMIT,1701962510157,0.032,43907.89
BTCUSDT,BUY,LIMIT,1701962511514,0.217,43907.93
BTCUSDT,BUY,LIMIT,1701962512578,0.432,43908.92
BTCUSDT,BUY,LIMIT,1701962514066,0.131,43915.93
BTCUSDT,BUY,LIMIT,1701962515242,0.047,43916.71
BTCUSDT,BUY,LIMIT,1701962516272,0.017,43920.36
BTCUSDT,BUY,LIMIT,1701962517342,0.067,43919.12
BTCUSDT,BUY,LIMIT,1701962519725,0.020,43921.82
BTCUSDT,BUY,LIMIT,1701962520846,0.059,43925.16
BTCUSDT,BUY,LIMIT,1701962521865,0.142,43930.13
BTCUSDT,BUY,LIMIT,1701962531621,0.003,43930.92
BTCUSDT,BUY,LIMIT,1701962596977,0.309,43931.35
BTCUSDT,BUY,LIMIT,1701962624055,0.004,43938.10
BTCUSDT,BUY,LIMIT,1701962625255,1.723,43951.54
BTCUSDT,BUY,LIMIT,1701962626498,1.000,43939.66
BTCUSDT,SELL,LIMIT,1701962641149,0.067,43580.30
BTCUSDT,BUY,LIMIT,1701962642530,0.003,43929.51
BTCUSDT,BUY,LIMIT,1701962652186,0.019,43941.91
BTCUSDT,BUY,LIMIT,1701962667710,0.001,43944.18
BTCUSDT,BUY,LIMIT,1701962668738,0.009,43947.87
BTCUSDT,BUY,LIMIT,1701962683322,0.286,43949.83
BTCUSDT,BUY,LIMIT,1701962684439,0.224,43949.15
BTCUSDT,BUY,LIMIT,1701962686690,0.001,43948.69
BTCUSDT,BUY,LIMIT,1701962713304,0.684,43949.99
BTCUSDT,BUY,LIMIT,1701962759558,0.005,43889.78
BTCUSDT,BUY,LIMIT,1701962771700,0.059,43903.85
BTCUSDT,BUY,LIMIT,1701962815570,0.008,43939.16
BTCUSDT,BUY,LIMIT,1701962817273,0.065,43944.97
BTCUSDT,BUY,LIMIT,1701962823108,0.004,43893.47
BTCUSDT,BUY,LIMIT,1701962831365,0.049,43941.28
BTCUSDT,BUY,LIMIT,1701962832435,0.003,43954.74
BTCUSDT,BUY,LIMIT,1701962834135,0.003,43962.66
BTCUSDT,BUY,LIMIT,1701962835253,0.040,43968.61
BTCUSDT,BUY,LIMIT,1701962836288,0.004,43967.92
BTCUSDT,BUY,LIMIT,1701962837316,0.126,43974.15
BTCUSDT,BUY,LIMIT,1701962842087,0.017,43979.55
BTCUSDT,BUY,LIMIT,1701962843100,0.025,43987.48
BTCUSDT,BUY,LIMIT,1701962844163,0.005,43987.11
BTCUSDT,BUY,LIMIT,1701962850889,0.105,43987.53
BTCUSDT,BUY,LIMIT,1701962852036,0.091,43990.15
BTCUSDT,BUY,LIMIT,1701962853529,0.261,43990.43
BTCUSDT,BUY,LIMIT,1701962858096,0.012,43992.48
BTCUSDT,BUY,LIMIT,1701962859372,0.027,43992.47
BTCUSDT,BUY,LIMIT,1701962861235,0.003,43994.10
BTCUSDT,BUY,LIMIT,1701962867219,0.020,43995.50
BTCUSDT,BUY,LIMIT,1701962938584,0.620,43996.42
BTCUSDT,BUY,LIMIT,1701962939726,0.003,44003.16
BTCUSDT,BUY,LIMIT,1701962942119,0.036,44004.37
BTCUSDT,BUY,LIMIT,1701962943248,0.180,44005.01
BTCUSDT,BUY,LIMIT,1701962953913,0.007,44006.29
BTCUSDT,BUY,LIMIT,1701962954969,0.023,44007.50
BTCUSDT,BUY,LIMIT,1701962964246,0.452,44012.41
BTCUSDT,BUY,LIMIT,1701962965492,0.003,44010.89
BTCUSDT,BUY,LIMIT,1701962967164,0.286,44015.66
BTCUSDT,BUY,LIMIT,1701962968284,0.050,44021.47
BTCUSDT,BUY,LIMIT,1701962969379,0.027,44020.64
BTCUSDT,BUY,LIMIT,1701962970422,0.025,44024.80
BTCUSDT,BUY,LIMIT,1701962976703,0.414,44025.26
BTCUSDT,BUY,LIMIT,1701962979045,0.003,44026.68
BTCUSDT,BUY,LIMIT,1701962980059,0.124,44028.74
BTCUSDT,BUY,LIMIT,1701962981259,0.029,44027.19
BTCUSDT,BUY,LIMIT,1701962985351,0.039,44032.24
BTCUSDT,BUY,LIMIT,1701962986387,0.016,44034.24
BTCUSDT,BUY,LIMIT,1701962989765,0.005,44036.46
BTCUSDT,BUY,LIMIT,1701962991083,0.029,44036.62
BTCUSDT,BUY,LIMIT,1701963002123,0.004,44037.74
BTCUSDT,BUY,LIMIT,1701963021012,0.018,44032.35
BTCUSDT,BUY,LIMIT,1701963022067,0.200,44030.24
BTCUSDT,BUY,LIMIT,1701963023094,0.108,44040.06
BTCUSDT,BUY,LIMIT,1701963028341,0.012,44046.39
BTCUSDT,BUY,LIMIT,1701963030105,0.011,44060.23
BTCUSDT,BUY,LIMIT,1701963031107,0.004,44057.97
BTCUSDT,BUY,LIMIT,1701963033105,0.023,44061.29
BTCUSDT,BUY,LIMIT,1701963034168,0.115,44061.93
BTCUSDT,BUY,LIMIT,1701963038058,0.615,44070.05
BTCUSDT,BUY,LIMIT,1701963039075,0.024,44066.13
BTCUSDT,BUY,LIMIT,1701963041112,0.009,44071.97
BTCUSDT,BUY,LIMIT,1701963042370,0.083,44072.28
BTCUSDT,BUY,LIMIT,1701963043480,0.003,44074.28
BTCUSDT,BUY,LIMIT,1701963044813,0.071,44075.91
BTCUSDT,BUY,LIMIT,1701963095069,0.691,44077.56
BTCUSDT,BUY,LIMIT,1701963096221,0.386,44076.49
BTCUSDT,BUY,LIMIT,1701963098113,0.004,44082.85
BTCUSDT,BUY,LIMIT,1701963099122,0.054,44080.05
BTCUSDT,BUY,LIMIT,1701963100193,0.061,44095.75
BTCUSDT,BUY,LIMIT,1701963101280,0.188,44104.41
BTCUSDT,BUY,LIMIT,1701963102311,0.004,44097.36
BTCUSDT,BUY,LIMIT,1701963103403,0.012,44106.08
BTCUSDT,BUY,LIMIT,1701963118986,0.287,44094.27
BTCUSDT,BUY,LIMIT,1701963599811,0.022,43993.97
BTCUSDT,BUY,LIMIT,1701963677565,0.004,43988.89
BTCUSDT,BUY,LIMIT,1701963685251,0.003,44007.55
BTCUSDT,BUY,LIMIT,1701963689303,0.500,44017.47
BTCUSDT,BUY,LIMIT,1701963869194,0.005,43949.54
BTCUSDT,SELL,LIMIT,1701963870343,0.021,43690.99
BTCUSDT,BUY,LIMIT,1701963872829,0.043,44035.64
BTCUSDT,SELL,LIMIT,1701963965329,0.003,59054.77
BTCUSDT,SELL,LIMIT,1701963981062,0.040,43580.86
BTCUSDT,SELL,LIMIT,1701963983210,0.003,43573.63
BTCUSDT,SELL,LIMIT,1701963993148,0.657,43557.59
BTCUSDT,SELL,LIMIT,1701964008249,0.300,43557.59
BTCUSDT,SELL,LIMIT,1701964026363,0.047,43546.27
BTCUSDT,SELL,LIMIT,1701964035041,0.025,43536.60
BTCUSDT,SELL,LIMIT,1701964144218,0.190,43528.36
BTCUSDT,SELL,LIMIT,1701964145242,0.039,43535.11
BTCUSDT,SELL,LIMIT,1701964174047,0.644,43507.84
BTCUSDT,SELL,LIMIT,1701964175333,0.006,43510.56
BTCUSDT,BUY,LIMIT,1701964251870,0.009,43884.58
BTCUSDT,SELL,LIMIT,1701964480640,0.037,43507.03
BTCUSDT,SELL,LIMIT,1701964486074,0.028,43503.55
BTCUSDT,SELL,LIMIT,1701964503638,0.025,43497.68
BTCUSDT,SELL,LIMIT,1701964608605,0.006,43498.75
BTCUSDT,SELL,LIMIT,1701964615470,0.560,43493.85
BTCUSDT,SELL,LIMIT,1701964624098,0.008,43493.22
BTCUSDT,SELL,LIMIT,1701964677388,0.003,43491.67
BTCUSDT,SELL,LIMIT,1701964682906,0.029,43488.40
BTCUSDT,SELL,LIMIT,1701964731660,0.003,43499.64
BTCUSDT,SELL,LIMIT,1701964735363,0.008,43494.20
BTCUSDT,SELL,LIMIT,1701964746269,0.005,43483.24
BTCUSDT,SELL,LIMIT,1701964755688,0.008,43481.61
BTCUSDT,SELL,LIMIT,1701964757819,0.194,43480.44
BTCUSDT,SELL,LIMIT,1701964759096,0.009,43477.27
BTCUSDT,SELL,LIMIT,1701964762744,0.028,43472.53
BTCUSDT,SELL,LIMIT,1701964810256,0.050,43484.37
BTCUSDT,SELL,LIMIT,1701964855414,0.003,43476.88
BTCUSDT,SELL,LIMIT,1701964862362,0.010,43474.31
BTCUSDT,SELL,LIMIT,1701964865486,0.034,43473.99
BTCUSDT,SELL,LIMIT,1701964883156,0.031,43469.13
BTCUSDT,SELL,LIMIT,1701964884266,0.220,43467.67
BTCUSDT,SELL,LIMIT,1701964896675,0.013,43462.73
BTCUSDT,SELL,LIMIT,1701964897698,0.003,43456.06
BTCUSDT,SELL,LIMIT,1701964899108,0.135,43452.64
BTCUSDT,SELL,LIMIT,1701964902454,0.011,43446.39
BTCUSDT,SELL,LIMIT,1701964905070,0.105,43444.88
BTCUSDT,SELL,LIMIT,1701964906122,0.005,43443.76
BTCUSDT,SELL,LIMIT,1701964913497,0.036,43438.08
BTCUSDT,SELL,LIMIT,1701964914921,0.012,43437.50
BTCUSDT,SELL,LIMIT,1701964917733,0.042,43437.25
BTCUSDT,SELL,LIMIT,1701964919502,0.068,43430.57
BTCUSDT,SELL,LIMIT,1701964921108,0.007,43428.00
BTCUSDT,SELL,LIMIT,1701964924617,0.159,43424.51
BTCUSDT,SELL,LIMIT,1701964925797,0.512,43418.53
BTCUSDT,SELL,LIMIT,1701964933991,0.025,43428.87
BTCUSDT,SELL,LIMIT,1701964937763,0.006,43416.40
BTCUSDT,BUY,LIMIT,1701964998808,0.067,43742.93
BTCUSDT,BUY,LIMIT,1701965001358,0.051,43846.83
BTCUSDT,BUY,LIMIT,1701965012049,0.040,43836.80
BTCUSDT,BUY,LIMIT,1701965058186,0.008,43879.30
BTCUSDT,BUY,LIMIT,1701965061418,0.052,43881.72
BTCUSDT,BUY,LIMIT,1701965063447,0.031,43854.65
BTCUSDT,SELL,LIMIT,1701965065173,0.005,45289.23
BTCUSDT,BUY,LIMIT,1701965067066,0.037,43658.71
BTCUSDT,BUY,LIMIT,1701965125371,0.006,43904.55
BTCUSDT,BUY,LIMIT,1701965148188,0.119,43924.51
BTCUSDT,BUY,LIMIT,1701965242568,0.111,43846.88
BTCUSDT,SELL,LIMIT,1701965300666,0.006,43508.35
BTCUSDT,BUY,LIMIT,1701965327429,0.044,43872.31
BTCUSDT,SELL,LIMIT,1701965367487,0.355,43523.69
BTCUSDT,SELL,LIMIT,1701965405254,0.008,43466.20
BTCUSDT,BUY,LIMIT,1701965440855,0.032,43822.58
BTCUSDT,BUY,LIMIT,1701965496288,0.078,43800.20
BTCUSDT,BUY,LIMIT,1701965515700,0.020,43843.22
BTCUSDT,BUY,LIMIT,1701965518842,0.159,43838.85
BTCUSDT,BUY,LIMIT,1701965521226,0.041,43873.24
BTCUSDT,BUY,LIMIT,1701965550567,0.209,43849.56
BTCUSDT,BUY,LIMIT,1701965559011,0.001,43872.50
BTCUSDT,BUY,LIMIT,1701965561164,0.045,43873.73
BTCUSDT,SELL,LIMIT,1701965644052,20.340,43274.05
BTCUSDT,SELL,LIMIT,1701965669364,0.009,43513.30
BTCUSDT,SELL,LIMIT,1701965674548,0.348,43458.36
BTCUSDT,SELL,LIMIT,1701965774168,0.010,43406.01
BTCUSDT,SELL,LIMIT,1701965775215,0.026,43405.67
BTCUSDT,SELL,LIMIT,1701965776907,0.023,43403.36
BTCUSDT,SELL,LIMIT,1701965779352,0.058,43400.85
BTCUSDT,SELL,LIMIT,1701965805155,0.003,43419.07
BTCUSDT,SELL,LIMIT,1701965842027,0.045,43398.68
BTCUSDT,SELL,LIMIT,1701965846020,0.005,43398.00
BTCUSDT,SELL,LIMIT,1701965849319,0.005,43395.46
BTCUSDT,BUY,LIMIT,1701965906309,0.007,43803.82
BTCUSDT,SELL,LIMIT,1701965921477,0.406,43389.57
BTCUSDT,SELL,LIMIT,1701965923129,0.036,43378.58
BTCUSDT,SELL,LIMIT,1701965924195,0.050,43385.35
BTCUSDT,SELL,LIMIT,1701965925294,0.192,43373.41
BTCUSDT,SELL,LIMIT,1701965926700,0.179,43369.82
BTCUSDT,SELL,LIMIT,1701965927911,0.070,43367.87
BTCUSDT,SELL,LIMIT,1701965945053,0.032,43364.19
BTCUSDT,SELL,LIMIT,1701965949048,0.105,43361.67
BTCUSDT,SELL,LIMIT,1701965954208,0.105,43366.64
BTCUSDT,SELL,LIMIT,1701965965467,0.023,43358.40
BTCUSDT,SELL,LIMIT,1701965999264,0.646,43359.43
BTCUSDT,SELL,LIMIT,1701966004278,0.032,43355.42
BTCUSDT,SELL,LIMIT,1701966008487,0.029,43354.71
BTCUSDT,SELL,LIMIT,1701966015754,0.161,43355.01
BTCUSDT,SELL,LIMIT,1701966016884,0.004,43352.55
BTCUSDT,SELL,LIMIT,1701966037627,0.007,43350.38
BTCUSDT,SELL,LIMIT,1701966039311,0.110,43347.57
BTCUSDT,SELL,LIMIT,1701966040415,0.046,43336.59
BTCUSDT,BUY,LIMIT,1701966086632,0.027,43733.25
BTCUSDT,SELL,LIMIT,1701966312359,0.106,43444.87
BTCUSDT,BUY,LIMIT,1701966332872,0.024,43803.24
BTCUSDT,BUY,LIMIT,1701966417191,0.003,43821.43
BTCUSDT,BUY,LIMIT,1701966462717,0.041,43839.23
BTCUSDT,BUY,LIMIT,1701966464496,0.100,43843.19
BTCUSDT,BUY,LIMIT,1701966503195,0.039,43823.01
BTCUSDT,BUY,LIMIT,1701966504932,3.582,43882.76
BTCUSDT,BUY,LIMIT,1701966657439,0.833,43861.18
BTCUSDT,BUY,LIMIT,1701966787626,2.205,43906.31
BTCUSDT,BUY,LIMIT,1701966789476,0.019,43887.13
BTCUSDT,BUY,LIMIT,1701966791398,0.031,43892.84
BTCUSDT,BUY,LIMIT,1701966805057,0.003,43896.28
BTCUSDT,BUY,LIMIT,1701966806884,0.003,43900.09
BTCUSDT,BUY,LIMIT,1701966812678,0.247,43905.12
BTCUSDT,BUY,LIMIT,1701966815145,0.108,43910.49
BTCUSDT,BUY,LIMIT,1701966816381,0.057,43910.88
BTCUSDT,BUY,LIMIT,1701966818465,0.039,43923.36
BTCUSDT,BUY,LIMIT,1701966824677,0.003,43925.28
BTCUSDT,BUY,LIMIT,1701966826192,0.006,43929.31
BTCUSDT,BUY,LIMIT,1701966827214,0.064,43929.92
BTCUSDT,BUY,LIMIT,1701966828669,0.060,43932.87
BTCUSDT,BUY,LIMIT,1701966842966,0.151,43913.05
BTCUSDT,BUY,LIMIT,1701966849333,0.321,43932.94
BTCUSDT,BUY,LIMIT,1701966850607,0.118,43941.83
BTCUSDT,BUY,LIMIT,1701966860072,0.009,43925.43
BTCUSDT,BUY,LIMIT,1701966861183,0.030,43945.38
BTCUSDT,BUY,LIMIT,1701966884751,0.034,43948.33
BTCUSDT,BUY,LIMIT,1701966894377,0.219,43952.99
BTCUSDT,SELL,LIMIT,1701967005635,0.024,43504.09
BTCUSDT,SELL,LIMIT,1701967228639,0.010,43514.20
BTCUSDT,SELL,LIMIT,1701967573791,0.004,43463.45
BTCUSDT,BUY,LIMIT,1701967821091,0.014,43882.74
BTCUSDT,BUY,LIMIT,1701967852552,0.012,43807.42
BTCUSDT,BUY,LIMIT,1701968152872,0.011,43890.48
BTCUSDT,BUY,LIMIT,1701968240466,0.005,43862.62
BTCUSDT,SELL,LIMIT,1701968869967,1.142,43420.89
BTCUSDT,SELL,LIMIT,1701968939968,0.020,43412.51
BTCUSDT,SELL,LIMIT,1701969088627,0.003,43398.63
BTCUSDT,SELL,LIMIT,1701969137313,0.007,43390.81
BTCUSDT,BUY,LIMIT,1701969434764,0.065,43826.87
BTCUSDT,BUY,LIMIT,1701969437458,0.016,43832.66
BTCUSDT,BUY,LIMIT,1701969560962,0.005,43846.43
BTCUSDT,BUY,LIMIT,1701969575203,0.037,43802.84
BTCUSDT,BUY,LIMIT,1701969618185,0.239,43885.52
BTCUSDT,BUY,LIMIT,1701969620222,0.040,43888.38
BTCUSDT,BUY,LIMIT,1701969621538,0.116,43888.94
BTCUSDT,BUY,LIMIT,1701969634341,0.170,43878.87
BTCUSDT,BUY,LIMIT,1701969792918,0.007,43837.05
BTCUSDT,BUY,LIMIT,1701970137008,0.003,43798.22
BTCUSDT,BUY,LIMIT,1701970177378,0.013,43789.38
BTCUSDT,SELL,LIMIT,1701970180434,0.066,43461.70
BTCUSDT,SELL,LIMIT,1701970559059,0.016,43384.42
BTCUSDT,SELL,LIMIT,1701970586567,0.012,43379.99
BTCUSDT,SELL,LIMIT,1701970588818,0.065,43365.97
BTCUSDT,SELL,LIMIT,1701970614791,0.056,43364.51
BTCUSDT,SELL,LIMIT,1701970636967,0.352,43363.59
BTCUSDT,SELL,LIMIT,1701970643574,0.006,43360.95
BTCUSDT,SELL,LIMIT,1701970705263,1.026,43359.93
BTCUSDT,SELL,LIMIT,1701970709518,0.008,43353.84
BTCUSDT,SELL,LIMIT,1701970710520,0.003,43358.32
BTCUSDT,SELL,LIMIT,1701970717307,0.010,43323.67
BTCUSDT,SELL,LIMIT,1701970718331,0.918,43324.48
BTCUSDT,SELL,LIMIT,1701970719334,0.068,43256.15
BTCUSDT,SELL,LIMIT,1701970902523,0.003,43238.76
BTCUSDT,SELL,LIMIT,1701970905438,0.050,43235.94
BTCUSDT,SELL,LIMIT,1701970906959,0.020,43234.56
BTCUSDT,SELL,LIMIT,1701970908137,0.534,43234.44
BTCUSDT,SELL,LIMIT,1701970911366,0.051,43233.92
BTCUSDT,SELL,LIMIT,1701970912652,0.359,43232.92
BTCUSDT,SELL,LIMIT,1701970913763,0.006,43229.94
BTCUSDT,SELL,LIMIT,1701970914854,0.026,43227.09
BTCUSDT,SELL,LIMIT,1701970915867,0.347,43226.47
BTCUSDT,SELL,LIMIT,1701970916888,0.003,43216.65
BTCUSDT,SELL,LIMIT,1701970917900,0.018,43213.14
BTCUSDT,SELL,LIMIT,1701970919076,0.103,43207.49
BTCUSDT,SELL,LIMIT,1701970929149,0.147,43199.25
BTCUSDT,SELL,LIMIT,1701970930258,0.800,43205.15
BTCUSDT,SELL,LIMIT,1701970931262,0.026,43183.96
BTCUSDT,SELL,LIMIT,1701970932275,5.698,43153.57
BTCUSDT,SELL,LIMIT,1701970937832,0.048,43183.82
BTCUSDT,SELL,LIMIT,1701970943309,0.106,43182.00
BTCUSDT,SELL,LIMIT,1701970944347,0.028,43176.98
BTCUSDT,SELL,LIMIT,1701970946039,0.045,43160.71
BTCUSDT,SELL,LIMIT,1701970947210,1.147,43166.23
BTCUSDT,SELL,LIMIT,1701970997281,0.009,43157.30
BTCUSDT,SELL,LIMIT,1701970998304,0.041,43152.83
BTCUSDT,SELL,LIMIT,1701970999362,0.003,43152.09
BTCUSDT,SELL,LIMIT,1701971000370,0.090,43135.47
BTCUSDT,SELL,LIMIT,1701971001578,0.006,43133.22
BTCUSDT,SELL,LIMIT,1701971013548,0.992,43129.89
BTCUSDT,SELL,LIMIT,1701971014794,0.031,43129.13
BTCUSDT,SELL,LIMIT,1701971015809,0.496,43117.26
BTCUSDT,SELL,LIMIT,1701971027097,0.031,43114.10
BTCUSDT,SELL,LIMIT,1701971046267,0.047,43111.50
BTCUSDT,SELL,LIMIT,1701971052880,0.004,43109.27
BTCUSDT,SELL,LIMIT,1701971055173,0.054,43106.14
BTCUSDT,SELL,LIMIT,1701971056636,0.040,43100.92
BTCUSDT,SELL,LIMIT,1701971058421,0.008,43099.33
BTCUSDT,SELL,LIMIT,1701971061116,0.046,43089.58
BTCUSDT,SELL,LIMIT,1701971062183,0.013,43092.22
BTCUSDT,SELL,LIMIT,1701971357066,0.097,43083.81
BTCUSDT,SELL,LIMIT,1701971358385,0.026,43082.24
BTCUSDT,SELL,LIMIT,1701971375360,0.021,43084.48
BTCUSDT,BUY,LIMIT,1701971604487,0.010,43581.02
BTCUSDT,BUY,LIMIT,1701971622319,0.025,43582.73
BTCUSDT,BUY,LIMIT,1701971726960,0.406,43595.56
BTCUSDT,BUY,LIMIT,1701971753363,0.008,43603.61
BTCUSDT,BUY,LIMIT,1701971797530,0.012,43612.95
BTCUSDT,BUY,LIMIT,1701971846262,0.005,43624.64
BTCUSDT,BUY,LIMIT,1701971996452,0.500,43631.04
BTCUSDT,BUY,LIMIT,1701972025055,0.024,43632.57
BTCUSDT,BUY,LIMIT,1701972026413,0.019,43637.74
BTCUSDT,SELL,LIMIT,1701973260526,0.008,43241.14
BTCUSDT,SELL,LIMIT,1701973296848,0.047,43240.00
BTCUSDT,BUY,LIMIT,1701973565218,0.020,43642.14
BTCUSDT,BUY,LIMIT,1701973898412,0.025,43655.57
BTCUSDT,SELL,LIMIT,1701973901114,0.016,43320.12
BTCUSDT,SELL,LIMIT,1701974059290,0.003,43251.86
BTCUSDT,SELL,LIMIT,1701974186063,0.003,43218.61
BTCUSDT,SELL,LIMIT,1701974283659,0.034,43191.78
BTCUSDT,SELL,LIMIT,1701974433868,0.058,43147.95
BTCUSDT,SELL,LIMIT,1701974656918,0.004,43134.84
BTCUSDT,SELL,LIMIT,1701974755291,0.005,43120.19
BTCUSDT,SELL,LIMIT,1701974756879,0.115,43116.19
BTCUSDT,SELL,LIMIT,1701974758095,0.004,43108.60
BTCUSDT,SELL,LIMIT,1701974759155,0.123,43108.67
BTCUSDT,SELL,LIMIT,1701974764290,0.024,43105.21
BTCUSDT,SELL,LIMIT,1701974801145,0.010,43102.44
BTCUSDT,BUY,LIMIT,1701974981210,0.062,43540.52
BTCUSDT,SELL,LIMIT,1701976277280,0.793,43126.90
BTCUSDT,SELL,LIMIT,1701976423231,0.008,43092.14
BTCUSDT,SELL,LIMIT,1701976424254,0.003,43088.47
BTCUSDT,SELL,LIMIT,1701976425373,0.004,43080.87
BTCUSDT,SELL,LIMIT,1701976426469,0.007,43079.74
BTCUSDT,SELL,LIMIT,1701976428118,0.010,43069.64
BTCUSDT,SELL,LIMIT,1701976429193,0.210,43075.32
BTCUSDT,SELL,LIMIT,1701976450049,0.004,43064.37
BTCUSDT,SELL,LIMIT,1701976451090,0.023,43066.50
BTCUSDT,SELL,LIMIT,1701976452112,0.081,43058.90
BTCUSDT,SELL,LIMIT,1701976454087,3.617,43024.46
BTCUSDT,SELL,LIMIT,1701976455145,0.017,43053.57
BTCUSDT,SELL,LIMIT,1701976456495,0.059,43044.07
BTCUSDT,SELL,LIMIT,1701976458682,0.017,43044.50
BTCUSDT,SELL,LIMIT,1701976462544,0.052,43044.72
BTCUSDT,SELL,LIMIT,1701976463989,0.008,43039.93
BTCUSDT,SELL,LIMIT,1701976484077,0.006,43037.56
BTCUSDT,SELL,LIMIT,1701976485246,1.078,43038.00
BTCUSDT,SELL,LIMIT,1701976958482,0.050,43048.21
BTCUSDT,SELL,LIMIT,1701977175255,0.004,43042.15
BTCUSDT,SELL,LIMIT,1701977182137,0.010,43036.07
BTCUSDT,SELL,LIMIT,1701977183193,0.227,43035.84
BTCUSDT,SELL,LIMIT,1701977293620,0.059,43032.09
BTCUSDT,SELL,LIMIT,1701977295071,0.381,43016.69
BTCUSDT,SELL,LIMIT,1701977296099,0.193,42999.46
BTCUSDT,SELL,LIMIT,1701977297141,0.040,42996.91
BTCUSDT,SELL,LIMIT,1701977298227,0.001,42988.26
BTCUSDT,SELL,LIMIT,1701977345388,0.034,42993.14
BTCUSDT,SELL,LIMIT,1701977349968,0.157,42989.88
BTCUSDT,SELL,LIMIT,1701977353097,0.022,42987.56
BTCUSDT,SELL,LIMIT,1701977383071,0.001,43969.92
BTCUSDT,SELL,LIMIT,1701977406065,0.030,42987.47
BTCUSDT,SELL,LIMIT,1701977407130,0.005,42986.99
BTCUSDT,SELL,LIMIT,1701977408152,0.003,42983.53
BTCUSDT,SELL,LIMIT,1701977414037,0.039,42975.08
BTCUSDT,SELL,LIMIT,1701977415057,0.094,42977.19
BTCUSDT,SELL,LIMIT,1701978081436,1.145,42969.60
BTCUSDT,SELL,LIMIT,1701978082505,0.212,42967.46
BTCUSDT,SELL,LIMIT,1701978092120,0.003,42965.48
BTCUSDT,SELL,LIMIT,1701978093192,0.231,42962.06
BTCUSDT,SELL,LIMIT,1701978094194,1.000,42956.39
BTCUSDT,SELL,LIMIT,1701978095336,0.169,42961.17
BTCUSDT,SELL,LIMIT,1701978108563,0.005,42958.48
BTCUSDT,SELL,LIMIT,1701978115363,0.031,42959.82
BTCUSDT,SELL,LIMIT,1701978121514,0.010,42955.75
BTCUSDT,SELL,LIMIT,1701978228303,0.225,42963.98
BTCUSDT,SELL,LIMIT,1701978242148,0.011,42956.88
BTCUSDT,SELL,LIMIT,1701978255126,0.011,42954.93
BTCUSDT,SELL,LIMIT,1701978258298,0.009,42953.70
BTCUSDT,SELL,LIMIT,1701978259423,0.013,42954.06
BTCUSDT,SELL,LIMIT,1701978276172,0.112,42951.85
BTCUSDT,SELL,LIMIT,1701978277624,0.012,42951.01
BTCUSDT,SELL,LIMIT,1701978282318,0.023,42950.02
BTCUSDT,SELL,LIMIT,1701978285295,0.008,42949.63
BTCUSDT,SELL,LIMIT,1701978286306,0.003,42947.22
BTCUSDT,SELL,LIMIT,1701978287518,0.005,42945.60
BTCUSDT,SELL,LIMIT,1701978290052,0.034,42944.26
BTCUSDT,SELL,LIMIT,1701978293095,0.006,42940.81
BTCUSDT,SELL,LIMIT,1701978294118,0.014,42939.77
BTCUSDT,SELL,LIMIT,1701978298168,0.211,42928.85
BTCUSDT,SELL,LIMIT,1701978299252,0.005,42931.28
BTCUSDT,SELL,LIMIT,1701978300486,0.039,42927.02
BTCUSDT,SELL,LIMIT,1701978301552,0.922,42924.87
BTCUSDT,SELL,LIMIT,1701978303982,0.015,42924.58
BTCUSDT,SELL,LIMIT,1701978921764,0.012,43049.55
BTCUSDT,BUY,LIMIT,1701979024382,0.880,43440.74
BTCUSDT,BUY,LIMIT,1701979406379,0.207,43451.05
BTCUSDT,BUY,LIMIT,1701979422444,1.046,43456.85
BTCUSDT,BUY,LIMIT,1701979566893,0.023,43467.68
BTCUSDT,BUY,LIMIT,1701979567974,0.074,43475.46
BTCUSDT,BUY,LIMIT,1701979575405,0.064,43476.44
BTCUSDT,BUY,LIMIT,1701979578231,0.165,43486.66
BTCUSDT,BUY,LIMIT,1701979597115,0.011,43491.93
BTCUSDT,BUY,LIMIT,1701979598177,0.015,43489.83
BTCUSDT,BUY,LIMIT,1701979601789,0.028,43495.64
BTCUSDT,BUY,LIMIT,1701979607513,0.141,43498.64
BTCUSDT,BUY,LIMIT,1701979613311,0.041,43499.25
BTCUSDT,BUY,LIMIT,1701979837227,0.037,43502.24
BTCUSDT,BUY,LIMIT,1701979992472,0.024,43507.47
BTCUSDT,BUY,LIMIT,1701979993856,0.011,43517.64
BTCUSDT,SELL,LIMIT,1701980489184,0.158,43111.07
BTCUSDT,SELL,LIMIT,1701980571092,0.011,43179.03
BTCUSDT,SELL,LIMIT,1701981477309,0.005,43011.37
BTCUSDT,SELL,LIMIT,1701981495761,0.061,43004.53
BTCUSDT,SELL,LIMIT,1701981496793,0.086,43003.99
BTCUSDT,BUY,LIMIT,1701981523423,0.039,43346.44
BTCUSDT,SELL,LIMIT,1701981552446,0.011,42983.58
BTCUSDT,SELL,LIMIT,1701981553496,0.709,42983.23
BTCUSDT,SELL,LIMIT,1701981566937,0.018,42984.47
BTCUSDT,SELL,LIMIT,1701981587721,0.003,42978.63
BTCUSDT,SELL,LIMIT,1701981605408,0.004,42977.30
BTCUSDT,SELL,LIMIT,1701981615472,0.023,42974.59
BTCUSDT,SELL,LIMIT,1701981660484,0.027,42967.33
BTCUSDT,SELL,LIMIT,1701981670649,0.050,42957.09
BTCUSDT,SELL,LIMIT,1701981671768,0.037,42952.05
BTCUSDT,BUY,LIMIT,1701981776796,0.001,43327.32
BTCUSDT,SELL,LIMIT,1701981874036,1.200,43003.20
BTCUSDT,SELL,LIMIT,1701982384436,0.007,43047.13
BTCUSDT,BUY,LIMIT,1701982576177,0.579,43459.62
BTCUSDT,BUY,LIMIT,1701982593952,0.089,43464.65
BTCUSDT,BUY,LIMIT,1701982596262,0.004,43467.68
BTCUSDT,BUY,LIMIT,1701982600780,0.303,43469.89
BTCUSDT,BUY,LIMIT,1701982609907,0.114,43472.57
BTCUSDT,BUY,LIMIT,1701982611824,0.012,43474.55
BTCUSDT,BUY,LIMIT,1701982925251,0.031,43481.78
BTCUSDT,BUY,LIMIT,1701982932173,0.005,43484.75
BTCUSDT,BUY,LIMIT,1701982954083,0.057,43491.60
BTCUSDT,BUY,LIMIT,1701982973388,0.688,43494.72
BTCUSDT,BUY,LIMIT,1701982986788,0.042,43502.65
BTCUSDT,BUY,LIMIT,1701982989146,0.007,43504.39
BTCUSDT,BUY,LIMIT,1701983032219,0.051,43506.72
BTCUSDT,BUY,LIMIT,1701983051421,0.020,43511.74
BTCUSDT,BUY,LIMIT,1701983073240,0.011,43521.78
BTCUSDT,BUY,LIMIT,1701983445097,0.114,43531.15
BTCUSDT,BUY,LIMIT,1701983446260,0.385,43532.57
BTCUSDT,BUY,LIMIT,1701983447564,0.003,43537.49
BTCUSDT,BUY,LIMIT,1701983465366,0.042,43543.62
BTCUSDT,BUY,LIMIT,1701983891251,0.218,43494.58
BTCUSDT,BUY,LIMIT,1701984195623,0.416,43512.09
BTCUSDT,BUY,LIMIT,1701984196662,0.221,43517.20
BTCUSDT,BUY,LIMIT,1701984198286,0.050,43523.99
BTCUSDT,SELL,LIMIT,1701984281262,0.020,43198.36
BTCUSDT,BUY,LIMIT,1701984310372,0.003,43547.39
BTCUSDT,BUY,LIMIT,1701984314183,0.006,43553.41
BTCUSDT,BUY,LIMIT,1701984499912,0.168,43546.35
BTCUSDT,BUY,LIMIT,1701984502074,0.666,43546.27
BTCUSDT,BUY,LIMIT,1701984519729,0.013,43549.50
BTCUSDT,BUY,LIMIT,1701984520783,0.218,43553.79
BTCUSDT,BUY,LIMIT,1701984523022,0.012,43431.10
BTCUSDT,BUY,LIMIT,1701984526174,0.014,43564.30
BTCUSDT,SELL,LIMIT,1701984527319,0.011,43975.56
BTCUSDT,SELL,LIMIT,1701984581404,0.003,43847.25
BTCUSDT,BUY,LIMIT,1701984582968,0.040,43558.54
BTCUSDT,BUY,LIMIT,1701984585094,0.009,43562.45
BTCUSDT,BUY,LIMIT,1701984593186,0.019,43551.31
BTCUSDT,BUY,LIMIT,1701984738872,0.006,43549.50
BTCUSDT,BUY,LIMIT,1701984741109,0.036,43570.63
BTCUSDT,BUY,LIMIT,1701984742127,0.039,43570.19
BTCUSDT,BUY,LIMIT,1701984743157,0.010,43572.86
BTCUSDT,BUY,LIMIT,1701984751218,0.046,43574.05
BTCUSDT,BUY,LIMIT,1701984757388,0.014,43580.74
BTCUSDT,BUY,LIMIT,1701984758390,0.030,43578.86
BTCUSDT,BUY,LIMIT,1701984759990,0.005,43591.87
BTCUSDT,BUY,LIMIT,1701984766077,0.046,43608.99
BTCUSDT,BUY,LIMIT,1701984767092,0.003,43614.44
BTCUSDT,BUY,LIMIT,1701984770216,0.090,43624.80
BTCUSDT,BUY,LIMIT,1701984771250,0.017,43625.33
BTCUSDT,BUY,LIMIT,1701984772313,0.175,43579.82
BTCUSDT,BUY,LIMIT,1701984773512,0.962,43625.98
BTCUSDT,BUY,LIMIT,1701984774989,0.003,43630.59
BTCUSDT,BUY,LIMIT,1701984778229,0.100,43634.50
BTCUSDT,BUY,LIMIT,1701984782141,0.081,43633.32
BTCUSDT,BUY,LIMIT,1701984783325,0.005,43635.13
BTCUSDT,BUY,LIMIT,1701984784416,0.012,43637.34
BTCUSDT,BUY,LIMIT,1701984785857,0.046,43642.35
BTCUSDT,BUY,LIMIT,1701984796224,0.188,43643.05
BTCUSDT,BUY,LIMIT,1701985096736,0.003,43523.97
BTCUSDT,BUY,LIMIT,1701985124533,0.025,43550.14
BTCUSDT,BUY,LIMIT,1701985576490,0.015,43494.70
BTCUSDT,BUY,LIMIT,1701985590658,0.013,43494.28
BTCUSDT,BUY,LIMIT,1701985592021,0.037,43473.47
BTCUSDT,BUY,LIMIT,1701985594849,0.097,43506.58
BTCUSDT,BUY,LIMIT,1701985602756,0.020,43503.32
BTCUSDT,SELL,LIMIT,1701985884767,0.076,43129.07
BTCUSDT,BUY,LIMIT,1701985989289,0.004,43564.84
BTCUSDT,BUY,LIMIT,1701986173488,0.038,43577.11
BTCUSDT,BUY,LIMIT,1701986184542,0.003,43503.62
BTCUSDT,BUY,LIMIT,1701987300300,0.008,43606.19
BTCUSDT,BUY,LIMIT,1701987301317,0.267,43606.19
BTCUSDT,BUY,LIMIT,1701987315317,0.306,43593.78
BTCUSDT,SELL,LIMIT,1701987621144,0.115,43246.62
BTCUSDT,SELL,LIMIT,1701987760392,0.044,43253.92
BTCUSDT,SELL,LIMIT,1701988259934,0.003,43200.30
BTCUSDT,SELL,LIMIT,1701988307667,0.015,43257.97
BTCUSDT,SELL,LIMIT,1701988314087,0.003,43142.94
BTCUSDT,SELL,LIMIT,1701988353090,0.228,43160.58
BTCUSDT,BUY,LIMIT,1701988373015,0.397,43503.78
BTCUSDT,SELL,LIMIT,1701988378372,0.003,43160.83
BTCUSDT,SELL,LIMIT,1701988406677,0.003,43157.71
BTCUSDT,SELL,LIMIT,1701988454259,0.015,43137.26
BTCUSDT,SELL,LIMIT,1701988555245,0.024,43130.89
BTCUSDT,SELL,LIMIT,1701989013381,0.009,43097.92
BTCUSDT,SELL,LIMIT,1701989051494,0.003,43083.36
BTCUSDT,SELL,LIMIT,1701989278483,0.020,43088.79
BTCUSDT,SELL,LIMIT,1701989285371,0.003,43083.18
BTCUSDT,SELL,LIMIT,1701989313158,0.026,43077.94
BTCUSDT,SELL,LIMIT,1701989354565,0.064,43075.22
BTCUSDT,SELL,LIMIT,1701989368223,0.115,43064.96
BTCUSDT,SELL,LIMIT,1701989369237,0.003,43059.09
BTCUSDT,SELL,LIMIT,1701989370356,0.029,43054.09
BTCUSDT,SELL,LIMIT,1701989378848,0.017,43048.70
BTCUSDT,SELL,LIMIT,1701989438129,0.044,43036.71
BTCUSDT,SELL,LIMIT,1701989439253,0.006,43037.48
BTCUSDT,SELL,LIMIT,1701989452248,0.009,43032.41
BTCUSDT,SELL,LIMIT,1701989457269,0.103,43030.71
BTCUSDT,SELL,LIMIT,1701989458343,0.600,43028.20
BTCUSDT,SELL,LIMIT,1701989465143,0.053,43026.26
BTCUSDT,SELL,LIMIT,1701989466289,0.017,43025.37
BTCUSDT,SELL,LIMIT,1701989468203,0.012,43024.76
BTCUSDT,SELL,LIMIT,1701989469446,0.035,43019.82
BTCUSDT,SELL,LIMIT,1701989517942,0.007,43008.62
BTCUSDT,SELL,LIMIT,1701989519092,0.003,43001.47
BTCUSDT,SELL,LIMIT,1701989520241,0.005,42999.73
BTCUSDT,SELL,LIMIT,1701989560057,0.008,42991.99
BTCUSDT,SELL,LIMIT,1701989561140,0.465,42989.01
BTCUSDT,SELL,LIMIT,1701989565936,0.037,42984.23
BTCUSDT,SELL,LIMIT,1701989589214,0.392,42985.13
BTCUSDT,SELL,LIMIT,1701989593190,0.011,42981.43
BTCUSDT,SELL,LIMIT,1701989594270,0.025,42983.14
BTCUSDT,SELL,LIMIT,1701989601912,0.035,42990.76
BTCUSDT,SELL,LIMIT,1701989857444,0.010,43023.10
BTCUSDT,SELL,LIMIT,1701989933396,0.086,42979.73
BTCUSDT,BUY,LIMIT,1701990651810,0.005,43448.26
BTCUSDT,BUY,LIMIT,1701990663273,0.003,43483.59
BTCUSDT,BUY,LIMIT,1701992714050,0.016,43503.63
BTCUSDT,BUY,LIMIT,1701992718281,0.005,43521.12
BTCUSDT,BUY,LIMIT,1701992720509,0.017,43523.99
BTCUSDT,BUY,LIMIT,1701992727537,0.076,43535.73
BTCUSDT,BUY,LIMIT,1701992729489,0.059,43558.93
BTCUSDT,BUY,LIMIT,1701992737209,0.038,43562.41
BTCUSDT,SELL,LIMIT,1701993223150,0.216,43117.96
BTCUSDT,BUY,LIMIT,1701993959532,0.214,43573.34
BTCUSDT,BUY,LIMIT,1701994069290,0.402,43564.00
BTCUSDT,BUY,LIMIT,1701994168776,0.105,43545.37
BTCUSDT,BUY,LIMIT,1701994579493,0.023,43574.97
BTCUSDT,BUY,LIMIT,1701994586384,0.022,43578.39
BTCUSDT,BUY,LIMIT,1701994599564,5.787,43617.30
BTCUSDT,BUY,LIMIT,1701994601375,0.006,43581.27
BTCUSDT,BUY,LIMIT,1701994826851,0.160,43560.05
BTCUSDT,BUY,LIMIT,1701994902171,0.006,43565.49
BTCUSDT,BUY,LIMIT,1701994959162,0.003,43585.53
BTCUSDT,BUY,LIMIT,1701994969188,0.115,43592.02
BTCUSDT,BUY,LIMIT,1701994970227,2.136,43617.07
BTCUSDT,BUY,LIMIT,1701994975315,0.006,43600.13
BTCUSDT,BUY,LIMIT,1701994977466,0.023,43600.78
BTCUSDT,BUY,LIMIT,1701994979567,0.071,43601.28
BTCUSDT,SELL,LIMIT,1701995790912,0.057,43373.03
BTCUSDT,BUY,LIMIT,1701996043597,0.017,43533.51
BTCUSDT,BUY,LIMIT,1701996767253,0.012,43563.78
BTCUSDT,BUY,LIMIT,1701997143312,0.022,43601.68
BTCUSDT,SELL,LIMIT,1701997701287,0.014,43196.42
BTCUSDT,BUY,LIMIT,1701998359439,0.016,43588.95
BTCUSDT,BUY,LIMIT,1701998377840,0.002,43597.63
BTCUSDT,BUY,LIMIT,1701998567530,1.131,43591.53
BTCUSDT,SELL,LIMIT,1701998571818,0.056,43254.81
BTCUSDT,BUY,LIMIT,1701998792217,0.021,43603.38
BTCUSDT,BUY,LIMIT,1701998816362,0.169,43606.00
BTCUSDT,BUY,LIMIT,1701998902824,0.008,43613.41
BTCUSDT,BUY,LIMIT,1701999569103,0.010,43614.62
BTCUSDT,BUY,LIMIT,1702001026461,0.005,43616.49
BTCUSDT,BUY,LIMIT,1702001168820,0.004,43623.43
BTCUSDT,BUY,LIMIT,1702001170321,0.050,43629.16
BTCUSDT,BUY,LIMIT,1702001180178,0.198,43633.71
BTCUSDT,BUY,LIMIT,1702001200676,0.379,43642.35
BTCUSDT,BUY,LIMIT,1702001318326,0.003,43646.31
BTCUSDT,BUY,LIMIT,1702001327067,0.292,43651.54
BTCUSDT,BUY,LIMIT,1702001328099,0.032,43652.08
BTCUSDT,BUY,LIMIT,1702001331190,0.413,43658.71
BTCUSDT,BUY,LIMIT,1702001334687,0.024,43659.77
BTCUSDT,BUY,LIMIT,1702001335805,0.003,43660.59
BTCUSDT,BUY,LIMIT,1702001341321,0.025,43660.81
BTCUSDT,BUY,LIMIT,1702001395282,0.007,43666.38
BTCUSDT,BUY,LIMIT,1702001399914,0.006,43668.67
BTCUSDT,BUY,LIMIT,1702001406454,0.017,43674.41
BTCUSDT,BUY,LIMIT,1702001408108,0.099,43685.59
BTCUSDT,BUY,LIMIT,1702001409207,0.314,43688.42
BTCUSDT,BUY,LIMIT,1702001459118,0.015,43691.60
BTCUSDT,BUY,LIMIT,1702001460483,0.005,43694.52
BTCUSDT,BUY,LIMIT,1702001462098,0.211,43696.04
BTCUSDT,SELL,LIMIT,1702002255864,0.018,43307.58
BTCUSDT,SELL,LIMIT,1702002420408,0.345,43331.23
BTCUSDT,BUY,LIMIT,1702002432582,1.121,43677.01
BTCUSDT,SELL,LIMIT,1702002445270,0.040,43390.54
BTCUSDT,SELL,LIMIT,1702002649416,0.048,43439.79
BTCUSDT,SELL,LIMIT,1702002729987,0.366,43319.63
BTCUSDT,BUY,LIMIT,1702003087100,0.005,43697.05
BTCUSDT,BUY,LIMIT,1702003093038,0.034,43698.49
BTCUSDT,BUY,LIMIT,1702003094236,0.092,43698.37
BTCUSDT,BUY,LIMIT,1702003102082,0.088,43698.98
BTCUSDT,BUY,LIMIT,1702003128182,0.019,43698.50
BTCUSDT,BUY,LIMIT,1702003136202,0.014,43701.08
BTCUSDT,BUY,LIMIT,1702003174659,0.055,43684.94
BTCUSDT,SELL,LIMIT,1702003272060,0.003,43322.32
BTCUSDT,BUY,LIMIT,1702003481403,0.030,43703.89
BTCUSDT,BUY,LIMIT,1702003543594,0.034,43706.96
BTCUSDT,BUY,LIMIT,1702003569426,1.000,43701.10
BTCUSDT,SELL,LIMIT,1702003652684,0.004,43353.58
BTCUSDT,SELL,LIMIT,1702003655197,0.001,43325.29
BTCUSDT,BUY,LIMIT,1702003700525,0.012,43669.18
BTCUSDT,BUY,LIMIT,1702003722335,0.004,43086.68
BTCUSDT,BUY,LIMIT,1702003854882,0.014,43646.58
BTCUSDT,BUY,LIMIT,1702003898668,0.012,43663.49
BTCUSDT,BUY,LIMIT,1702003950223,0.021,43694.05
BTCUSDT,BUY,LIMIT,1702003959194,0.386,43708.18
BTCUSDT,BUY,LIMIT,1702003960798,0.005,43708.68
BTCUSDT,BUY,LIMIT,1702003978449,0.259,43710.41
BTCUSDT,BUY,LIMIT,1702003980737,0.004,43707.54
BTCUSDT,BUY,LIMIT,1702004039461,0.012,43703.67
BTCUSDT,SELL,LIMIT,1702004042022,0.005,43361.92
BTCUSDT,BUY,LIMIT,1702004043186,0.001,43712.61
BTCUSDT,BUY,LIMIT,1702004044323,0.018,43711.21
BTCUSDT,BUY,LIMIT,1702004059662,0.059,43716.55
BTCUSDT,BUY,LIMIT,1702004071099,0.018,43717.04
BTCUSDT,BUY,LIMIT,1702004076393,0.045,43717.31
BTCUSDT,BUY,LIMIT,1702004078170,0.084,43722.55
BTCUSDT,BUY,LIMIT,1702004080366,0.249,43722.93
BTCUSDT,BUY,LIMIT,1702004082304,0.039,43723.51
BTCUSDT,BUY,LIMIT,1702004087114,0.025,43725.88
BTCUSDT,BUY,LIMIT,1702004088234,0.003,43725.76
BTCUSDT,BUY,LIMIT,1702004127348,0.007,43728.28
BTCUSDT,BUY,LIMIT,1702004129363,0.021,43729.12
BTCUSDT,SELL,LIMIT,1702004556495,0.004,43321.72
BTCUSDT,SELL,LIMIT,1702005091574,0.003,43303.36
BTCUSDT,SELL,LIMIT,1702005125895,0.010,43270.25
BTCUSDT,BUY,LIMIT,1702005284930,0.048,43578.55
BTCUSDT,BUY,LIMIT,1702005356270,0.066,43616.73
BTCUSDT,BUY,LIMIT,1702005359980,0.030,43621.38
BTCUSDT,SELL,LIMIT,1702005490453,0.001,43266.14
BTCUSDT,BUY,LIMIT,1702005576681,0.006,43629.08
BTCUSDT,BUY,LIMIT,1702005643159,0.003,43618.27
BTCUSDT,BUY,LIMIT,1702005645556,0.450,43618.37
BTCUSDT,BUY,LIMIT,1702005647913,0.100,43607.24
BTCUSDT,BUY,LIMIT,1702005654646,0.002,43622.39
BTCUSDT,SELL,LIMIT,1702005751300,0.003,43256.74
BTCUSDT,BUY,LIMIT,1702005817354,1.153,43578.64
BTCUSDT,BUY,LIMIT,1702005819443,0.011,43564.88
BTCUSDT,BUY,LIMIT,1702005821123,0.010,43607.36
BTCUSDT,BUY,LIMIT,1702005909878,0.003,43622.13
BTCUSDT,BUY,LIMIT,1702005915358,0.004,43622.53
BTCUSDT,SELL,LIMIT,1702006194240,0.342,43289.89
BTCUSDT,BUY,LIMIT,1702006335187,0.007,43628.95
BTCUSDT,BUY,LIMIT,1702006351342,0.007,43615.32
BTCUSDT,BUY,LIMIT,1702006369177,0.005,43619.80
BTCUSDT,BUY,LIMIT,1702006370568,0.010,43604.69
BTCUSDT,BUY,LIMIT,1702006405287,0.015,43631.51
BTCUSDT,BUY,LIMIT,1702006443248,0.011,43627.61
BTCUSDT,BUY,LIMIT,1702006446745,0.569,43627.66
BTCUSDT,BUY,LIMIT,1702006463261,0.047,43619.16
BTCUSDT,BUY,LIMIT,1702006465442,0.062,43630.44
BTCUSDT,BUY,LIMIT,1702006467266,0.003,43607.54
BTCUSDT,BUY,LIMIT,1702006468382,0.017,43631.59
BTCUSDT,BUY,LIMIT,1702006482461,0.025,43641.74
BTCUSDT,BUY,LIMIT,1702006583865,0.002,43547.08
BTCUSDT,BUY,LIMIT,1702006591593,0.039,43650.29
BTCUSDT,BUY,LIMIT,1702006894247,0.043,43623.39
BTCUSDT,BUY,LIMIT,1702006897360,0.005,43549.28
BTCUSDT,BUY,LIMIT,1702006899596,0.006,43614.56
BTCUSDT,BUY,LIMIT,1702006968208,0.057,43615.58
BTCUSDT,BUY,LIMIT,1702007011384,0.004,43622.79
BTCUSDT,BUY,LIMIT,1702007095195,0.006,43626.66
BTCUSDT,BUY,LIMIT,1702007096292,0.382,43631.24
BTCUSDT,BUY,LIMIT,1702007153374,0.005,43638.65
BTCUSDT,SELL,LIMIT,1702008540861,0.004,43217.26
BTCUSDT,BUY,LIMIT,1702008777542,0.007,43639.50
BTCUSDT,BUY,LIMIT,1702008857079,0.030,43684.41
BTCUSDT,BUY,LIMIT,1702008869603,0.004,43696.54
BTCUSDT,BUY,LIMIT,1702008883562,0.073,43687.26
BTCUSDT,BUY,LIMIT,1702008884703,24.000,43906.26
BTCUSDT,BUY,LIMIT,1702008915960,1.104,43714.63
BTCUSDT,BUY,LIMIT,1702008917124,0.088,43732.28
BTCUSDT,BUY,LIMIT,1702008918251,1.250,43749.40
BTCUSDT,BUY,LIMIT,1702008919297,0.072,43744.22
BTCUSDT,SELL,LIMIT,1702009487520,0.046,43764.30
BTCUSDT,BUY,LIMIT,1702009591228,0.003,43670.33
BTCUSDT,BUY,LIMIT,1702009676987,0.018,43715.43
BTCUSDT,BUY,LIMIT,1702010668806,4.310,43741.70
BTCUSDT,BUY,LIMIT,1702011135070,0.040,43661.19
BTCUSDT,SELL,LIMIT,1702011139804,0.003,43358.76
BTCUSDT,BUY,LIMIT,1702011149188,1.138,43647.48
BTCUSDT,BUY,LIMIT,1702011150598,0.071,43648.05
BTCUSDT,BUY,LIMIT,1702011152635,0.023,43653.16
BTCUSDT,BUY,LIMIT,1702011698339,0.047,43675.43
BTCUSDT,BUY,LIMIT,1702011945444,0.029,43664.12
BTCUSDT,SELL,LIMIT,1702013166400,0.007,43327.50
BTCUSDT,BUY,LIMIT,1702013231643,0.007,43637.55
BTCUSDT,SELL,LIMIT,1702014055863,0.025,43254.73
BTCUSDT,SELL,LIMIT,1702015451432,0.017,43310.20
BTCUSDT,SELL,LIMIT,1702015734283,0.022,43316.45
BTCUSDT,BUY,LIMIT,1702015833769,0.019,43676.03
BTCUSDT,BUY,LIMIT,1702015838931,0.003,43677.89
BTCUSDT,BUY,LIMIT,1702015946372,0.024,43684.10
BTCUSDT,BUY,LIMIT,1702015972528,0.100,43650.09
BTCUSDT,BUY,LIMIT,1702015976470,0.003,43591.61
BTCUSDT,BUY,LIMIT,1702015995350,0.089,43690.44
BTCUSDT,BUY,LIMIT,1702016087704,0.003,43696.10
BTCUSDT,BUY,LIMIT,1702016093050,0.018,43703.96
BTCUSDT,BUY,LIMIT,1702016154522,0.720,43700.70
BTCUSDT,SELL,LIMIT,1702016166753,0.665,43499.47
BTCUSDT,BUY,LIMIT,1702016235013,0.005,43514.54
BTCUSDT,BUY,LIMIT,1702016255890,0.009,43651.94
BTCUSDT,SELL,LIMIT,1702016876677,0.005,43302.40
BTCUSDT,BUY,LIMIT,1702016985141,0.005,43645.96
BTCUSDT,BUY,LIMIT,1702017113727,0.012,43634.44
BTCUSDT,BUY,LIMIT,1702017385098,0.004,43624.84
BTCUSDT,BUY,LIMIT,1702017449805,0.009,43619.78
BTCUSDT,SELL,LIMIT,1702017742272,0.057,43214.34
BTCUSDT,SELL,LIMIT,1702017743366,0.042,43214.09
BTCUSDT,BUY,LIMIT,1702018169384,0.057,43572.14
BTCUSDT,BUY,LIMIT,1702018634843,0.035,43571.53
BTCUSDT,SELL,LIMIT,1702018998294,0.004,43210.83
BTCUSDT,BUY,LIMIT,1702019030493,0.050,43545.94
BTCUSDT,BUY,LIMIT,1702019033920,0.032,43562.20
BTCUSDT,SELL,LIMIT,1702019071034,0.100,43206.66
BTCUSDT,SELL,LIMIT,1702019087445,0.102,43205.38
BTCUSDT,SELL,LIMIT,1702019089138,0.015,43203.39
BTCUSDT,SELL,LIMIT,1702019091025,0.402,43202.65
BTCUSDT,SELL,LIMIT,1702019126478,0.009,43201.83
BTCUSDT,SELL,LIMIT,1702019143333,0.031,43203.10
BTCUSDT,SELL,LIMIT,1702019213102,0.003,43199.74
BTCUSDT,SELL,LIMIT,1702019543934,0.042,43196.86
BTCUSDT,SELL,LIMIT,1702020116011,0.049,43192.38
BTCUSDT,SELL,LIMIT,1702020117418,0.005,43183.53
BTCUSDT,SELL,LIMIT,1702020121446,0.058,43180.54
BTCUSDT,SELL,LIMIT,1702020124894,0.014,43179.53
BTCUSDT,SELL,LIMIT,1702020128982,0.134,43179.23
BTCUSDT,SELL,LIMIT,1702020148524,0.034,43177.89
BTCUSDT,SELL,LIMIT,1702020149653,0.057,43169.08
BTCUSDT,SELL,LIMIT,1702020162354,0.564,43169.20
BTCUSDT,SELL,LIMIT,1702020163409,0.004,43164.85
BTCUSDT,SELL,LIMIT,1702020164475,0.008,43154.71
BTCUSDT,SELL,LIMIT,1702020189058,0.013,43152.86
BTCUSDT,SELL,LIMIT,1702020190114,0.005,43147.63
BTCUSDT,SELL,LIMIT,1702020191185,0.012,43141.63
BTCUSDT,SELL,LIMIT,1702020202204,0.005,43137.17
BTCUSDT,SELL,LIMIT,1702020211576,0.003,43135.83
BTCUSDT,SELL,LIMIT,1702020214701,0.004,43134.33
BTCUSDT,SELL,LIMIT,1702020216235,0.312,43130.94
BTCUSDT,SELL,LIMIT,1702020217427,0.050,43128.71
BTCUSDT,SELL,LIMIT,1702020221231,0.003,43117.95
BTCUSDT,SELL,LIMIT,1702020222400,0.235,43055.99
BTCUSDT,SELL,LIMIT,1702020223411,0.004,43072.71
BTCUSDT,SELL,LIMIT,1702020224477,0.127,43025.20
BTCUSDT,SELL,LIMIT,1702020504492,0.020,43014.38
BTCUSDT,SELL,LIMIT,1702020506312,0.034,43014.95
BTCUSDT,SELL,LIMIT,1702020540295,0.034,43003.10
BTCUSDT,SELL,LIMIT,1702020542080,0.003,43001.56
BTCUSDT,SELL,LIMIT,1702020594339,0.006,43001.69
BTCUSDT,SELL,LIMIT,1702020595526,0.154,42996.40
BTCUSDT,SELL,LIMIT,1702020597080,0.034,42989.22
BTCUSDT,SELL,LIMIT,1702020598148,0.024,42983.57
BTCUSDT,SELL,LIMIT,1702020630131,0.132,42985.37
BTCUSDT,SELL,LIMIT,1702020640493,0.204,42980.19
BTCUSDT,SELL,LIMIT,1702020641609,0.006,42974.39
BTCUSDT,SELL,LIMIT,1702020642616,0.060,42966.75
BTCUSDT,SELL,LIMIT,1702020643781,0.034,42965.08
BTCUSDT,SELL,LIMIT,1702020663725,0.070,42987.19
BTCUSDT,SELL,LIMIT,1702020664793,0.005,42966.67
BTCUSDT,BUY,LIMIT,1702021582138,0.005,43036.48
BTCUSDT,BUY,LIMIT,1702021601406,0.025,43481.06
BTCUSDT,SELL,LIMIT,1702022405733,0.009,43011.77
BTCUSDT,SELL,LIMIT,1702022555906,0.050,42992.05
BTCUSDT,SELL,LIMIT,1702022985060,0.005,42981.62
BTCUSDT,SELL,LIMIT,1702022986195,0.003,42968.99
BTCUSDT,SELL,LIMIT,1702023014310,0.127,42972.32
BTCUSDT,SELL,LIMIT,1702023015459,0.007,42968.74
BTCUSDT,SELL,LIMIT,1702023056063,0.023,42962.88
BTCUSDT,SELL,LIMIT,1702023057115,0.039,42960.75
BTCUSDT,SELL,LIMIT,1702023058160,0.029,42960.12
BTCUSDT,SELL,LIMIT,1702023059451,0.050,42954.60
BTCUSDT,SELL,LIMIT,1702023061670,0.174,42953.47
BTCUSDT,SELL,LIMIT,1702023063135,0.007,42952.29
BTCUSDT,SELL,LIMIT,1702025346705,0.200,43043.71
BTCUSDT,SELL,LIMIT,1702025987093,0.099,43097.28
BTCUSDT,BUY,LIMIT,1702026393710,0.627,43463.67
BTCUSDT,BUY,LIMIT,1702027101711,0.036,43431.67
BTCUSDT,BUY,LIMIT,1702027355085,0.020,43477.69
BTCUSDT,BUY,LIMIT,1702027379566,0.366,43483.24
BTCUSDT,BUY,LIMIT,1702027395295,0.009,43484.40
BTCUSDT,BUY,LIMIT,1702027432672,0.019,43490.06
BTCUSDT,BUY,LIMIT,1702027937214,0.002,43471.81
BTCUSDT,SELL,LIMIT,1702028358805,0.003,43172.98
BTCUSDT,BUY,LIMIT,1702028964066,0.027,43419.07
BTCUSDT,SELL,LIMIT,1702029279641,0.028,42991.10
BTCUSDT,SELL,LIMIT,1702029290910,0.020,42988.63
BTCUSDT,SELL,LIMIT,1702029533164,0.089,42975.26
BTCUSDT,SELL,LIMIT,1702029534820,1.155,42968.84
BTCUSDT,BUY,LIMIT,1702030056192,0.004,43323.90
BTCUSDT,BUY,LIMIT,1702030057577,0.012,43332.89
BTCUSDT,SELL,LIMIT,1702030655296,0.018,43018.05
BTCUSDT,BUY,LIMIT,1702030769718,0.114,43336.98
BTCUSDT,SELL,LIMIT,1702030842279,0.024,42982.77
BTCUSDT,SELL,LIMIT,1702030864178,0.058,42968.30
BTCUSDT,SELL,LIMIT,1702030865271,0.046,42961.96
BTCUSDT,SELL,LIMIT,1702030869933,0.053,42958.32
BTCUSDT,SELL,LIMIT,1702030872123,0.010,42952.34
BTCUSDT,SELL,LIMIT,1702030873130,0.008,42950.93
BTCUSDT,BUY,LIMIT,1702030874172,0.007,43253.13
BTCUSDT,SELL,LIMIT,1702030890212,0.019,42979.10
BTCUSDT,SELL,LIMIT,1702032254944,0.003,43132.49
BTCUSDT,BUY,LIMIT,1702032302326,0.008,43306.55
BTCUSDT,BUY,LIMIT,1702032458797,1.158,43470.79
BTCUSDT,BUY,LIMIT,1702032490145,0.013,43431.31
BTCUSDT,BUY,LIMIT,1702032540758,0.289,43478.36
BTCUSDT,BUY,LIMIT,1702032541838,0.860,43485.52
BTCUSDT,BUY,LIMIT,1702032543277,0.004,43494.02
BTCUSDT,BUY,LIMIT,1702032544407,0.034,43486.37
BTCUSDT,BUY,LIMIT,1702032550826,0.025,43500.23
BTCUSDT,BUY,LIMIT,1702032552270,0.003,43501.87
BTCUSDT,BUY,LIMIT,1702032576507,0.042,43504.66
BTCUSDT,BUY,LIMIT,1702032580258,0.022,43504.78
BTCUSDT,BUY,LIMIT,1702032690281,0.044,43505.68
BTCUSDT,BUY,LIMIT,1702032692999,0.134,43505.74
BTCUSDT,BUY,LIMIT,1702032694454,0.255,43506.12
BTCUSDT,BUY,LIMIT,1702032726519,0.282,43510.90
BTCUSDT,BUY,LIMIT,1702032729698,0.007,43511.26
BTCUSDT,BUY,LIMIT,1702032733826,0.020,43513.00
BTCUSDT,BUY,LIMIT,1702032736184,0.007,43524.76
BTCUSDT,BUY,LIMIT,1702033059194,0.003,43531.19
BTCUSDT,BUY,LIMIT,1702033107634,0.469,43532.76
BTCUSDT,BUY,LIMIT,1702033130973,0.005,43536.36
BTCUSDT,BUY,LIMIT,1702033132364,0.239,43537.86
BTCUSDT,BUY,LIMIT,1702033133555,1.157,43536.96
BTCUSDT,BUY,LIMIT,1702033135468,0.046,43540.01
BTCUSDT,BUY,LIMIT,1702033147496,0.511,43543.23
BTCUSDT,BUY,LIMIT,1702033150386,0.101,43548.31
BTCUSDT,BUY,LIMIT,1702033153110,0.016,43550.90
BTCUSDT,BUY,LIMIT,1702033154215,0.268,43552.68
BTCUSDT,BUY,LIMIT,1702033167074,0.169,43555.65
BTCUSDT,BUY,LIMIT,1702033168338,0.062,43555.98
BTCUSDT,BUY,LIMIT,1702033195828,0.058,43559.09
BTCUSDT,BUY,LIMIT,1702033198482,0.061,43560.42
BTCUSDT,BUY,LIMIT,1702033202558,0.089,43561.71
BTCUSDT,BUY,LIMIT,1702033204789,0.231,43564.90
BTCUSDT,BUY,LIMIT,1702033206546,3.956,43597.17
BTCUSDT,BUY,LIMIT,1702033208204,0.013,43567.19
BTCUSDT,BUY,LIMIT,1702033209374,1.157,43567.74
BTCUSDT,BUY,LIMIT,1702033217069,0.011,43574.95
BTCUSDT,BUY,LIMIT,1702033218102,0.008,43572.09
BTCUSDT,BUY,LIMIT,1702033223251,0.015,43576.26
BTCUSDT,BUY,LIMIT,1702033227085,0.004,43576.49
BTCUSDT,BUY,LIMIT,1702033228578,0.014,43580.40
BTCUSDT,BUY,LIMIT,1702033230938,0.079,43582.71
BTCUSDT,BUY,LIMIT,1702033234204,0.009,43585.42
BTCUSDT,BUY,LIMIT,1702033266094,0.046,43585.90
BTCUSDT,BUY,LIMIT,1702033269650,0.003,43586.35
BTCUSDT,BUY,LIMIT,1702033277302,0.012,43587.06
BTCUSDT,BUY,LIMIT,1702033280045,0.018,43590.80
BTCUSDT,BUY,LIMIT,1702033281104,0.011,43592.58
BTCUSDT,BUY,LIMIT,1702033282200,0.078,43600.62
BTCUSDT,BUY,LIMIT,1702033283528,0.349,43601.13
BTCUSDT,BUY,LIMIT,1702033294040,0.026,43604.58
BTCUSDT,BUY,LIMIT,1702033308122,0.013,43611.94
BTCUSDT,BUY,LIMIT,1702033310144,0.147,43612.90
BTCUSDT,BUY,LIMIT,1702033311857,0.058,43613.73
BTCUSDT,BUY,LIMIT,1702033353430,0.003,43618.40
BTCUSDT,BUY,LIMIT,1702033354480,1.157,43616.07
BTCUSDT,BUY,LIMIT,1702033356079,0.057,43623.46
BTCUSDT,BUY,LIMIT,1702033357178,0.005,43625.49
BTCUSDT,BUY,LIMIT,1702033358284,0.055,43628.36
BTCUSDT,BUY,LIMIT,1702033359287,5.765,43663.30
BTCUSDT,BUY,LIMIT,1702033360438,0.024,43630.17
BTCUSDT,BUY,LIMIT,1702033361588,0.006,43632.81
BTCUSDT,BUY,LIMIT,1702033363409,0.172,43634.26
BTCUSDT,BUY,LIMIT,1702033366343,0.468,43635.25
BTCUSDT,BUY,LIMIT,1702033367538,0.003,43635.47
BTCUSDT,BUY,LIMIT,1702033368737,0.087,43637.74
BTCUSDT,BUY,LIMIT,1702033813993,0.021,43610.16
BTCUSDT,BUY,LIMIT,1702033865729,0.012,43647.29
BTCUSDT,BUY,LIMIT,1702033867819,0.003,43649.51
BTCUSDT,BUY,LIMIT,1702033869106,0.005,43650.14
BTCUSDT,BUY,LIMIT,1702033870372,0.014,43652.18
BTCUSDT,BUY,LIMIT,1702033871379,0.842,43658.39
BTCUSDT,BUY,LIMIT,1702033875540,2.000,43678.64
BTCUSDT,BUY,LIMIT,1702033877083,0.034,43665.65
BTCUSDT,BUY,LIMIT,1702033878482,0.011,43664.56
BTCUSDT,BUY,LIMIT,1702034100110,0.021,43646.61
BTCUSDT,BUY,LIMIT,1702034308341,0.070,43646.89
BTCUSDT,BUY,LIMIT,1702034330368,0.007,43660.24
BTCUSDT,BUY,LIMIT,1702034406212,0.003,43671.03
BTCUSDT,BUY,LIMIT,1702034407277,0.032,43673.88
BTCUSDT,BUY,LIMIT,1702034478532,0.061,43674.44
BTCUSDT,BUY,LIMIT,1702034479856,0.085,43675.87
BTCUSDT,BUY,LIMIT,1702034498121,0.100,43678.85
BTCUSDT,BUY,LIMIT,1702034504049,0.015,43686.67
BTCUSDT,BUY,LIMIT,1702034505423,0.003,43680.85
BTCUSDT,BUY,LIMIT,1702034546963,0.010,43695.44
BTCUSDT,BUY,LIMIT,1702034548082,0.005,43702.42
BTCUSDT,BUY,LIMIT,1702034549492,0.015,43699.84
BTCUSDT,BUY,LIMIT,1702034558051,0.005,43705.78
BTCUSDT,BUY,LIMIT,1702034559168,0.011,43706.10
BTCUSDT,BUY,LIMIT,1702034560589,0.698,43710.79
BTCUSDT,BUY,LIMIT,1702034571236,0.004,43711.79
BTCUSDT,BUY,LIMIT,1702034583252,0.021,43712.92
BTCUSDT,BUY,LIMIT,1702034584375,0.013,43718.65
BTCUSDT,BUY,LIMIT,1702034608118,0.023,43682.97
BTCUSDT,BUY,LIMIT,1702034611416,0.120,43693.27
BTCUSDT,BUY,LIMIT,1702034735793,0.014,43674.90
BTCUSDT,BUY,LIMIT,1702034788334,0.052,43656.28
BTCUSDT,BUY,LIMIT,1702034994157,0.711,43696.36
BTCUSDT,BUY,LIMIT,1702035000542,0.073,43679.41
BTCUSDT,BUY,LIMIT,1702035013134,0.001,43509.60
BTCUSDT,BUY,LIMIT,1702035157808,0.002,43675.23
BTCUSDT,BUY,LIMIT,1702035162342,0.056,43690.49
BTCUSDT,BUY,LIMIT,1702035163542,0.010,43698.00
BTCUSDT,BUY,LIMIT,1702035174089,0.038,43699.74
BTCUSDT,SELL,LIMIT,1702035190165,0.003,43331.78
BTCUSDT,SELL,LIMIT,1702035244501,0.021,43352.17
BTCUSDT,BUY,LIMIT,1702035255374,0.026,43699.71
BTCUSDT,BUY,LIMIT,1702035271540,0.026,43715.90
BTCUSDT,BUY,LIMIT,1702035300476,0.162,43720.26
BTCUSDT,BUY,LIMIT,1702035301523,0.024,43720.74
BTCUSDT,BUY,LIMIT,1702035302813,0.004,43722.12
BTCUSDT,BUY,LIMIT,1702035313530,0.662,43723.51
BTCUSDT,BUY,LIMIT,1702035315112,0.009,43726.89
BTCUSDT,BUY,LIMIT,1702035357469,0.074,43730.10
BTCUSDT,BUY,LIMIT,1702035359102,0.003,43731.75
BTCUSDT,BUY,LIMIT,1702035390163,0.007,43720.33
BTCUSDT,BUY,LIMIT,1702035392410,0.016,43741.74
BTCUSDT,BUY,LIMIT,1702035393585,0.004,43747.35
BTCUSDT,BUY,LIMIT,1702035397666,0.003,43750.37
BTCUSDT,BUY,LIMIT,1702035416554,0.012,43743.08
BTCUSDT,BUY,LIMIT,1702035420571,0.067,43747.45
BTCUSDT,BUY,LIMIT,1702035439938,0.046,43749.13
BTCUSDT,BUY,LIMIT,1702035442476,0.034,43749.44
BTCUSDT,BUY,LIMIT,1702035467645,0.491,43752.66
BTCUSDT,BUY,LIMIT,1702035468707,0.003,43758.75
BTCUSDT,BUY,LIMIT,1702035469722,0.019,43765.03
BTCUSDT,BUY,LIMIT,1702035470976,0.049,43774.36
BTCUSDT,BUY,LIMIT,1702035472064,0.020,43785.19
BTCUSDT,BUY,LIMIT,1702035473066,0.019,43781.71
BTCUSDT,BUY,LIMIT,1702035480131,0.080,43783.46
BTCUSDT,BUY,LIMIT,1702035484043,0.039,43789.35
BTCUSDT,BUY,LIMIT,1702035487122,0.015,43788.71
BTCUSDT,BUY,LIMIT,1702035489090,0.030,43791.18
BTCUSDT,BUY,LIMIT,1702035490208,0.025,43806.75
BTCUSDT,BUY,LIMIT,1702035491411,0.050,43798.94
BTCUSDT,BUY,LIMIT,1702035492980,40.846,44030.96
BTCUSDT,BUY,LIMIT,1702035494127,0.411,43769.76
BTCUSDT,BUY,LIMIT,1702035567070,0.010,43807.15
BTCUSDT,BUY,LIMIT,1702035571139,0.007,43811.06
BTCUSDT,BUY,LIMIT,1702035572275,0.048,43812.65
BTCUSDT,BUY,LIMIT,1702035573378,0.369,43816.24
BTCUSDT,BUY,LIMIT,1702035633338,0.005,43820.15
BTCUSDT,BUY,LIMIT,1702035634725,0.005,43820.32
BTCUSDT,BUY,LIMIT,1702035647053,0.500,43823.83
BTCUSDT,BUY,LIMIT,1702035648087,0.027,43830.66
BTCUSDT,BUY,LIMIT,1702035649137,0.012,43833.57
BTCUSDT,BUY,LIMIT,1702035662730,0.004,43821.43
BTCUSDT,BUY,LIMIT,1702035749564,0.007,43837.89
BTCUSDT,BUY,LIMIT,1702035753518,0.046,43838.98
BTCUSDT,BUY,LIMIT,1702035759121,0.087,43839.30
BTCUSDT,BUY,LIMIT,1702035760180,0.023,43840.75
BTCUSDT,BUY,LIMIT,1702035766280,0.009,43841.25
BTCUSDT,BUY,LIMIT,1702035767367,0.032,43841.34
BTCUSDT,BUY,LIMIT,1702035773134,0.039,43846.52
BTCUSDT,BUY,LIMIT,1702035774148,0.091,43850.64
BTCUSDT,BUY,LIMIT,1702035775196,0.003,43847.98
BTCUSDT,BUY,LIMIT,1702035778083,0.072,43850.72
BTCUSDT,BUY,LIMIT,1702035780374,0.003,43852.70
BTCUSDT,BUY,LIMIT,1702035781416,2.861,43879.05
BTCUSDT,BUY,LIMIT,1702035782436,0.014,43857.48
BTCUSDT,BUY,LIMIT,1702035783915,0.320,43860.99
BTCUSDT,BUY,LIMIT,1702035787097,0.046,43863.46
BTCUSDT,BUY,LIMIT,1702035788228,0.017,43866.12
BTCUSDT,BUY,LIMIT,1702035789373,0.406,43865.71
BTCUSDT,BUY,LIMIT,1702035819296,0.007,43868.83
BTCUSDT,BUY,LIMIT,1702035820453,0.016,43868.69
BTCUSDT,BUY,LIMIT,1702035823083,0.012,43869.47
BTCUSDT,BUY,LIMIT,1702035824231,0.014,43869.51
BTCUSDT,BUY,LIMIT,1702035828427,0.380,43871.09
BTCUSDT,BUY,LIMIT,1702035829456,0.214,43870.70
BTCUSDT,BUY,LIMIT,1702035830490,0.135,43871.84
BTCUSDT,BUY,LIMIT,1702035832521,0.016,43875.40
BTCUSDT,BUY,LIMIT,1702035834179,0.003,43879.68
BTCUSDT,BUY,LIMIT,1702035835539,0.010,43878.44
BTCUSDT,BUY,LIMIT,1702035836577,0.010,43881.10
BTCUSDT,BUY,LIMIT,1702035838287,0.050,43883.53
BTCUSDT,BUY,LIMIT,1702035841184,0.015,43885.45
BTCUSDT,BUY,LIMIT,1702035843301,0.010,43885.57
BTCUSDT,BUY,LIMIT,1702035847175,0.006,43886.74
BTCUSDT,BUY,LIMIT,1702035849401,0.182,43887.84
BTCUSDT,BUY,LIMIT,1702035874832,0.375,43890.66
BTCUSDT,BUY,LIMIT,1702035930536,0.021,43864.45
BTCUSDT,BUY,LIMIT,1702035936691,4.620,43903.48
BTCUSDT,BUY,LIMIT,1702035952485,0.550,43857.67
BTCUSDT,BUY,LIMIT,1702035958324,0.029,43860.04
BTCUSDT,BUY,LIMIT,1702035965428,0.038,43846.39
BTCUSDT,BUY,LIMIT,1702035972959,0.024,43857.83
BTCUSDT,BUY,LIMIT,1702036079048,0.003,43889.94
BTCUSDT,BUY,LIMIT,1702036084100,0.003,43892.43
BTCUSDT,BUY,LIMIT,1702036085164,0.066,43893.07
BTCUSDT,BUY,LIMIT,1702036086610,0.029,43893.83
BTCUSDT,BUY,LIMIT,1702036087678,0.022,43901.52
BTCUSDT,BUY,LIMIT,1702036089374,0.048,43875.74
BTCUSDT,BUY,LIMIT,1702036094396,0.003,43899.84
BTCUSDT,BUY,LIMIT,1702036099082,0.003,43903.16
BTCUSDT,BUY,LIMIT,1702036100237,0.005,43903.76
BTCUSDT,BUY,LIMIT,1702036102276,0.004,43906.58
BTCUSDT,BUY,LIMIT,1702036103388,0.025,43906.28
BTCUSDT,BUY,LIMIT,1702036108115,0.310,43911.36
BTCUSDT,BUY,LIMIT,1702036109368,0.014,43914.13
BTCUSDT,BUY,LIMIT,1702036111047,0.003,43914.28
BTCUSDT,BUY,LIMIT,1702036112229,0.024,43914.85
BTCUSDT,BUY,LIMIT,1702036123074,0.069,43920.05
BTCUSDT,BUY,LIMIT,1702036124233,1.152,43919.93
BTCUSDT,BUY,LIMIT,1702036125398,0.986,43924.15
BTCUSDT,BUY,LIMIT,1702036127820,0.073,43927.04
BTCUSDT,BUY,LIMIT,1702036129837,1.458,43936.87
BTCUSDT,BUY,LIMIT,1702036132512,0.069,43932.38
BTCUSDT,BUY,LIMIT,1702036138831,0.005,43933.33
BTCUSDT,BUY,LIMIT,1702036141133,0.009,43933.94
BTCUSDT,BUY,LIMIT,1702036143739,0.689,43935.21
BTCUSDT,BUY,LIMIT,1702036144809,0.279,43935.74
BTCUSDT,BUY,LIMIT,1702036146230,0.089,43936.16
BTCUSDT,BUY,LIMIT,1702036147251,0.246,43940.51
BTCUSDT,BUY,LIMIT,1702036148282,0.034,43939.66
BTCUSDT,BUY,LIMIT,1702036153940,0.364,43938.17
BTCUSDT,BUY,LIMIT,1702036159193,0.003,43910.63
BTCUSDT,BUY,LIMIT,1702036163218,0.013,43941.20
BTCUSDT,BUY,LIMIT,1702036183049,0.037,43943.05
BTCUSDT,BUY,LIMIT,1702036189399,0.313,43944.11
BTCUSDT,BUY,LIMIT,1702036192124,0.038,43944.38
BTCUSDT,BUY,LIMIT,1702036193178,0.800,43950.43
BTCUSDT,BUY,LIMIT,1702036432198,0.028,43900.90
BTCUSDT,BUY,LIMIT,1702037057989,0.003,43764.82
BTCUSDT,SELL,LIMIT,1702037159433,0.094,43415.87
BTCUSDT,SELL,LIMIT,1702037295557,0.009,43405.76
BTCUSDT,SELL,LIMIT,1702037298215,0.018,43403.38
BTCUSDT,BUY,LIMIT,1702037370329,0.004,43783.57
BTCUSDT,SELL,LIMIT,1702037631287,0.103,43397.61
BTCUSDT,SELL,LIMIT,1702037633190,0.505,43394.35
BTCUSDT,SELL,LIMIT,1702037637866,0.148,43386.12
BTCUSDT,SELL,LIMIT,1702037732770,0.012,43377.91
BTCUSDT,BUY,LIMIT,1702037879420,0.018,43796.64
BTCUSDT,BUY,LIMIT,1702037897059,0.035,43792.09
BTCUSDT,BUY,LIMIT,1702038005574,1.000,43808.19
BTCUSDT,BUY,LIMIT,1702038023833,0.007,43825.17
BTCUSDT,BUY,LIMIT,1702038025903,0.030,43826.63
BTCUSDT,BUY,LIMIT,1702038080862,0.005,43883.57
BTCUSDT,BUY,LIMIT,1702038098003,0.021,43891.41
BTCUSDT,BUY,LIMIT,1702038104044,0.063,43903.59
BTCUSDT,BUY,LIMIT,1702038107075,0.086,43905.34
BTCUSDT,BUY,LIMIT,1702038108468,0.547,43908.25
BTCUSDT,BUY,LIMIT,1702038143085,0.060,43908.94
BTCUSDT,BUY,LIMIT,1702038177479,0.124,43910.84
BTCUSDT,BUY,LIMIT,1702038481100,0.147,43886.90
BTCUSDT,BUY,LIMIT,1702038483287,0.004,43867.21
BTCUSDT,SELL,LIMIT,1702038572108,0.015,43534.34
BTCUSDT,SELL,LIMIT,1702038622241,0.004,43520.03
BTCUSDT,BUY,LIMIT,1702039097274,0.026,43910.93
BTCUSDT,BUY,LIMIT,1702039114167,0.048,43915.91
BTCUSDT,BUY,LIMIT,1702039116428,0.026,43917.32
BTCUSDT,BUY,LIMIT,1702039142942,0.022,43919.92
BTCUSDT,BUY,LIMIT,1702039149212,0.019,43923.04
BTCUSDT,BUY,LIMIT,1702039150350,0.004,43926.86
BTCUSDT,BUY,LIMIT,1702039188085,0.004,43932.52
BTCUSDT,BUY,LIMIT,1702039202380,0.060,43939.59
BTCUSDT,BUY,LIMIT,1702039205021,0.176,43939.61
BTCUSDT,BUY,LIMIT,1702039206898,0.037,43947.04
BTCUSDT,BUY,LIMIT,1702039212240,0.065,43950.27
