Symbol,Side,Order Type,Time,Quantity,Price
BTCUSDT,BUY,LIMIT,1701065722166,0.071,37539.34
BTCUSDT,BUY,LIMIT,1701065723138,1.341,37540.75
BTCUSDT,SELL,LIMIT,1701065771253,0.003,37253.87
BTCUSDT,BUY,LIMIT,1701065788122,0.268,37547.58
BTCUSDT,BUY,LIMIT,1701066161091,0.109,37554.29
BTCUSDT,BUY,LIMIT,1701066163580,0.031,37555.88
BTCUSDT,BUY,LIMIT,1701066166267,0.032,37559.03
BTCUSDT,BUY,LIMIT,1701066975663,0.007,37408.52
BTCUSDT,BUY,LIMIT,1701066977439,0.006,37517.89
BTCUSDT,BUY,LIMIT,1701066979324,0.006,37517.13
BTCUSDT,BUY,LIMIT,1701067552412,0.003,37485.97
BTCUSDT,BUY,LIMIT,1701067696312,0.008,37460.81
BTCUSDT,SELL,LIMIT,1701067746925,0.010,37248.76
BTCUSDT,BUY,LIMIT,1701067748823,0.003,37448.68
BTCUSDT,BUY,LIMIT,1701067750082,0.004,37467.40
BTCUSDT,BUY,LIMIT,1701067751151,0.017,37514.60
BTCUSDT,BUY,LIMIT,1701067752173,0.146,37373.49
BTCUSDT,BUY,LIMIT,1701067757505,0.003,37507.89
BTCUSDT,BUY,LIMIT,1701067812037,0.009,37508.39
BTCUSDT,BUY,LIMIT,1701067814196,0.014,37508.69
BTCUSDT,BUY,LIMIT,1701067815246,0.003,37508.13
BTCUSDT,SELL,LIMIT,1701067817173,0.003,38035.14
BTCUSDT,SELL,LIMIT,1701067841178,0.035,37187.49
BTCUSDT,SELL,LIMIT,1701067871120,0.122,37194.49
BTCUSDT,BUY,LIMIT,1701068020747,0.017,37346.80
BTCUSDT,BUY,LIMIT,1701068054221,0.368,37483.63
BTCUSDT,SELL,LIMIT,1701068073484,0.003,37191.34
BTCUSDT,BUY,LIMIT,1701068074662,0.010,37470.69
BTCUSDT,SELL,LIMIT,1701068154392,0.028,37159.87
BTCUSDT,SELL,LIMIT,1701068285373,0.003,37130.71
BTCUSDT,SELL,LIMIT,1701068375515,0.159,37114.93
BTCUSDT,SELL,LIMIT,1701068388155,0.007,37111.36
BTCUSDT,SELL,LIMIT,1701068402404,0.968,37111.36
BTCUSDT,SELL,LIMIT,1701068931244,1.292,37136.06
BTCUSDT,SELL,LIMIT,1701068965973,0.003,37280.71
BTCUSDT,BUY,LIMIT,1701068991600,0.051,37452.48
BTCUSDT,SELL,LIMIT,1701068992838,0.018,37158.62
BTCUSDT,SELL,LIMIT,1701068995041,0.146,37158.32
BTCUSDT,SELL,LIMIT,1701068996843,0.001,38667.27
BTCUSDT,BUY,LIMIT,1701068997890,0.333,37405.58
BTCUSDT,BUY,LIMIT,1701069010923,0.071,37464.86
BTCUSDT,BUY,LIMIT,1701069013628,0.014,37156.61
BTCUSDT,BUY,LIMIT,1701069193268,0.133,37472.47
BTCUSDT,SELL,LIMIT,1701069404915,0.004,37344.27
BTCUSDT,SELL,LIMIT,1701069416460,0.028,37197.34
BTCUSDT,SELL,LIMIT,1701069486050,0.046,37212.02
BTCUSDT,SELL,LIMIT,1701069490841,0.020,37149.70
BTCUSDT,SELL,LIMIT,1701069534655,0.005,37124.15
BTCUSDT,SELL,LIMIT,1701069558670,0.003,37117.78
BTCUSDT,SELL,LIMIT,1701069575249,0.047,37110.91
BTCUSDT,SELL,LIMIT,1701069588999,0.007,37100.90
BTCUSDT,SELL,LIMIT,1701069590232,0.033,37098.03
BTCUSDT,SELL,LIMIT,1701069597535,0.004,37095.55
BTCUSDT,SELL,LIMIT,1701069616040,0.026,37092.06
BTCUSDT,SELL,LIMIT,1701069617164,0.049,37092.87
BTCUSDT,SELL,LIMIT,1701069618942,0.007,37091.85
BTCUSDT,SELL,LIMIT,1701069635921,0.033,37090.78
BTCUSDT,SELL,LIMIT,1701069637974,0.081,37088.49
BTCUSDT,SELL,LIMIT,1701069639277,0.003,37144.70
BTCUSDT,SELL,LIMIT,1701069794351,0.007,37116.03
BTCUSDT,SELL,LIMIT,1701069797157,0.016,37105.21
BTCUSDT,BUY,LIMIT,1701069802231,0.027,37386.06
BTCUSDT,SELL,LIMIT,1701069805727,0.046,37096.38
BTCUSDT,SELL,LIMIT,1701069807568,0.079,37096.31
BTCUSDT,BUY,LIMIT,1701069812271,0.006,37386.28
BTCUSDT,SELL,LIMIT,1701069827058,0.011,37094.04
BTCUSDT,SELL,LIMIT,1701069842110,0.003,37113.76
BTCUSDT,SELL,LIMIT,1701069850333,0.004,37087.70
BTCUSDT,SELL,LIMIT,1701069851935,0.026,37086.19
BTCUSDT,SELL,LIMIT,1701069855806,0.004,37085.90
BTCUSDT,SELL,LIMIT,1701069858182,0.009,37084.19
BTCUSDT,SELL,LIMIT,1701069871515,0.072,37083.05
BTCUSDT,SELL,LIMIT,1701069878814,3.238,37060.08
BTCUSDT,SELL,LIMIT,1701069879876,0.010,37081.78
BTCUSDT,SELL,LIMIT,1701069881135,0.019,37081.26
BTCUSDT,SELL,LIMIT,1701069882134,1.338,37071.11
BTCUSDT,SELL,LIMIT,1701069883182,0.024,37070.80
BTCUSDT,SELL,LIMIT,1701069884296,0.009,37069.00
BTCUSDT,SELL,LIMIT,1701069886217,0.003,37068.39
BTCUSDT,SELL,LIMIT,1701069887270,0.018,37078.28
BTCUSDT,SELL,LIMIT,1701069888859,0.042,37065.58
BTCUSDT,SELL,LIMIT,1701069892593,0.005,37064.96
BTCUSDT,SELL,LIMIT,1701069894192,0.003,37064.42
BTCUSDT,SELL,LIMIT,1701069895963,0.039,37068.91
BTCUSDT,SELL,LIMIT,1701069897785,0.048,37096.01
BTCUSDT,SELL,LIMIT,1701069898865,0.865,37072.94
BTCUSDT,BUY,LIMIT,1701069901990,0.160,37357.42
BTCUSDT,SELL,LIMIT,1701069910688,0.020,37062.44
BTCUSDT,SELL,LIMIT,1701069913244,0.061,37059.57
BTCUSDT,SELL,LIMIT,1701070043605,0.010,37059.21
BTCUSDT,SELL,LIMIT,1701070054190,0.013,37059.21
BTCUSDT,SELL,LIMIT,1701070059344,0.006,37055.57
BTCUSDT,SELL,LIMIT,1701070061721,0.144,37054.53
BTCUSDT,SELL,LIMIT,1701070063046,0.028,37051.03
BTCUSDT,SELL,LIMIT,1701070064142,0.019,37047.11
BTCUSDT,SELL,LIMIT,1701070070217,0.004,37045.92
BTCUSDT,SELL,LIMIT,1701070071252,0.754,37046.66
BTCUSDT,SELL,LIMIT,1701070093358,0.011,37042.31
BTCUSDT,SELL,LIMIT,1701070094527,0.007,37039.97
BTCUSDT,SELL,LIMIT,1701070107067,0.033,37037.64
BTCUSDT,SELL,LIMIT,1701070108151,0.106,37037.22
BTCUSDT,SELL,LIMIT,1701070109432,0.923,37036.11
BTCUSDT,SELL,LIMIT,1701070110696,0.012,37095.76
BTCUSDT,SELL,LIMIT,1701070115128,0.016,37035.02
BTCUSDT,SELL,LIMIT,1701070159248,0.009,37041.22
BTCUSDT,SELL,LIMIT,1701070167978,0.001,37631.53
BTCUSDT,SELL,LIMIT,1701070171262,0.264,37027.70
BTCUSDT,SELL,LIMIT,1701070172191,0.016,37023.93
BTCUSDT,SELL,LIMIT,1701070173288,0.100,37036.51
BTCUSDT,SELL,LIMIT,1701070422256,0.017,37024.28
BTCUSDT,SELL,LIMIT,1701070436079,0.061,37013.18
BTCUSDT,SELL,LIMIT,1701070437204,0.008,37006.11
BTCUSDT,SELL,LIMIT,1701070438088,0.384,37004.77
BTCUSDT,SELL,LIMIT,1701070438926,0.015,36968.38
BTCUSDT,SELL,LIMIT,1701070439740,1.812,36945.82
BTCUSDT,SELL,LIMIT,1701070440556,0.034,36949.07
BTCUSDT,SELL,LIMIT,1701070441393,0.053,36944.14
BTCUSDT,SELL,LIMIT,1701070442538,0.004,36942.08
BTCUSDT,BUY,LIMIT,1701070819383,0.095,37370.29
BTCUSDT,BUY,LIMIT,1701071259909,0.021,37423.14
BTCUSDT,BUY,LIMIT,1701071546989,0.031,37434.58
BTCUSDT,BUY,LIMIT,1701071877607,0.016,37446.27
BTCUSDT,BUY,LIMIT,1701072588036,0.005,37451.09
BTCUSDT,BUY,LIMIT,1701072608109,0.102,37462.46
BTCUSDT,BUY,LIMIT,1701072610552,0.261,37463.28
BTCUSDT,BUY,LIMIT,1701072670633,0.042,37468.71
BTCUSDT,BUY,LIMIT,1701072671756,0.028,37470.01
BTCUSDT,BUY,LIMIT,1701072676137,0.005,37473.63
BTCUSDT,BUY,LIMIT,1701072750148,0.200,37477.35
BTCUSDT,BUY,LIMIT,1701073352502,0.003,37482.24
BTCUSDT,BUY,LIMIT,1701073358429,0.003,37492.21
BTCUSDT,BUY,LIMIT,1701073432247,0.016,37500.51
BTCUSDT,BUY,LIMIT,1701073440838,0.018,37502.77
BTCUSDT,BUY,LIMIT,1701073464295,0.005,37504.21
BTCUSDT,BUY,LIMIT,1701073562283,0.003,37515.03
BTCUSDT,BUY,LIMIT,1701073564186,0.492,37515.95
BTCUSDT,BUY,LIMIT,1701073963161,0.006,37486.54
BTCUSDT,BUY,LIMIT,1701074075210,0.003,37518.22
BTCUSDT,BUY,LIMIT,1701074257786,0.374,37524.39
BTCUSDT,BUY,LIMIT,1701074420188,0.093,37533.93
BTCUSDT,BUY,LIMIT,1701074421410,0.127,37536.84
BTCUSDT,BUY,LIMIT,1701074425437,0.010,37541.34
BTCUSDT,SELL,LIMIT,1701075850954,0.005,37228.28
BTCUSDT,BUY,LIMIT,1701076280059,0.365,37542.38
BTCUSDT,BUY,LIMIT,1701076282166,0.041,37546.94
BTCUSDT,BUY,LIMIT,1701076283890,0.214,37547.39
BTCUSDT,BUY,LIMIT,1701076287380,0.470,37547.69
BTCUSDT,BUY,LIMIT,1701076296183,0.019,37549.89
BTCUSDT,BUY,LIMIT,1701076367189,0.016,37561.76
BTCUSDT,BUY,LIMIT,1701076551118,0.017,37568.15
BTCUSDT,BUY,LIMIT,1701076552359,0.007,37567.23
BTCUSDT,BUY,LIMIT,1701076553366,0.008,37568.98
BTCUSDT,BUY,LIMIT,1701076570940,0.122,37576.29
BTCUSDT,BUY,LIMIT,1701076574067,0.169,37578.03
BTCUSDT,BUY,LIMIT,1701076575326,0.010,37577.03
BTCUSDT,BUY,LIMIT,1701076594217,0.039,37580.63
BTCUSDT,BUY,LIMIT,1701076596147,0.016,37582.66
BTCUSDT,BUY,LIMIT,1701076609229,0.068,37586.10
BTCUSDT,BUY,LIMIT,1701076613307,0.040,37589.44
BTCUSDT,BUY,LIMIT,1701076615461,0.056,37589.61
BTCUSDT,BUY,LIMIT,1701076619979,0.139,37590.02
BTCUSDT,BUY,LIMIT,1701076621392,0.004,37592.66
BTCUSDT,BUY,LIMIT,1701076627107,0.029,37594.14
BTCUSDT,BUY,LIMIT,1701076629689,0.008,37596.40
BTCUSDT,BUY,LIMIT,1701076630731,0.003,37599.37
BTCUSDT,BUY,LIMIT,1701076635172,0.049,37601.62
BTCUSDT,BUY,LIMIT,1701076636356,0.134,37600.70
BTCUSDT,BUY,LIMIT,1701076637374,0.006,37603.80
BTCUSDT,BUY,LIMIT,1701076639124,0.007,37605.30
BTCUSDT,BUY,LIMIT,1701076640432,0.259,37605.34
BTCUSDT,BUY,LIMIT,1701076923054,0.005,37567.17
BTCUSDT,BUY,LIMIT,1701076948378,0.007,37555.73
BTCUSDT,SELL,LIMIT,1701077004702,0.283,37272.25
BTCUSDT,SELL,LIMIT,1701077052272,0.003,37244.33
BTCUSDT,BUY,LIMIT,1701077399082,0.001,37560.64
BTCUSDT,SELL,LIMIT,1701080087920,0.069,37223.78
BTCUSDT,SELL,LIMIT,1701080276364,0.442,37154.04
BTCUSDT,SELL,LIMIT,1701080342870,0.257,37147.31
BTCUSDT,SELL,LIMIT,1701080391365,0.050,37136.88
BTCUSDT,SELL,LIMIT,1701080484084,0.129,37131.49
BTCUSDT,SELL,LIMIT,1701080485385,0.006,37131.56
BTCUSDT,SELL,LIMIT,1701080490188,0.076,37136.08
BTCUSDT,SELL,LIMIT,1701080498644,0.032,37127.86
BTCUSDT,SELL,LIMIT,1701080510571,0.766,37124.15
BTCUSDT,SELL,LIMIT,1701080514468,0.034,37124.11
BTCUSDT,SELL,LIMIT,1701080527208,0.006,37120.21
BTCUSDT,SELL,LIMIT,1701080532355,0.029,37116.36
BTCUSDT,SELL,LIMIT,1701080537542,0.011,37114.58
BTCUSDT,SELL,LIMIT,1701080548078,0.109,37109.24
BTCUSDT,SELL,LIMIT,1701080549135,0.630,37109.85
BTCUSDT,SELL,LIMIT,1701080553336,0.003,37108.39
BTCUSDT,SELL,LIMIT,1701080598247,0.069,37106.90
BTCUSDT,SELL,LIMIT,1701080610742,0.004,37105.05
BTCUSDT,SELL,LIMIT,1701080614673,0.111,37102.52
BTCUSDT,SELL,LIMIT,1701080681096,0.081,37104.26
BTCUSDT,SELL,LIMIT,1701080707043,0.084,37095.67
BTCUSDT,SELL,LIMIT,1701080739055,0.604,37093.92
BTCUSDT,SELL,LIMIT,1701080753056,0.010,37093.14
BTCUSDT,SELL,LIMIT,1701080754200,0.019,37090.26
BTCUSDT,SELL,LIMIT,1701080757078,0.036,37093.00
BTCUSDT,SELL,LIMIT,1701080778099,0.017,37085.97
BTCUSDT,SELL,LIMIT,1701080780133,0.031,37081.91
BTCUSDT,SELL,LIMIT,1701080784697,0.023,37078.11
BTCUSDT,SELL,LIMIT,1701080787420,0.012,37086.94
BTCUSDT,SELL,LIMIT,1701080805018,0.034,37076.26
BTCUSDT,SELL,LIMIT,1701080845375,0.094,37072.63
BTCUSDT,SELL,LIMIT,1701080849186,0.016,37070.80
BTCUSDT,SELL,LIMIT,1701080851105,0.003,37070.10
BTCUSDT,SELL,LIMIT,1701080863280,0.003,37069.28
BTCUSDT,SELL,LIMIT,1701080874076,0.046,37067.50
BTCUSDT,SELL,LIMIT,1701080876308,0.020,37066.57
BTCUSDT,SELL,LIMIT,1701080892056,0.008,37064.23
BTCUSDT,SELL,LIMIT,1701081074339,0.028,37061.64
BTCUSDT,SELL,LIMIT,1701081076439,0.044,37058.89
BTCUSDT,SELL,LIMIT,1701081079750,0.005,37072.24
BTCUSDT,SELL,LIMIT,1701081114113,0.010,37054.22
BTCUSDT,SELL,LIMIT,1701081115194,0.003,37051.11
BTCUSDT,SELL,LIMIT,1701081121110,0.023,37048.35
BTCUSDT,SELL,LIMIT,1701081130043,0.015,37044.64
BTCUSDT,SELL,LIMIT,1701081131050,0.092,37043.79
BTCUSDT,SELL,LIMIT,1701081135966,0.010,37043.73
BTCUSDT,SELL,LIMIT,1701081164164,0.008,37034.89
BTCUSDT,SELL,LIMIT,1701081165219,0.019,37032.90
BTCUSDT,SELL,LIMIT,1701081166957,0.181,37032.28
BTCUSDT,SELL,LIMIT,1701081169687,0.031,37032.50
BTCUSDT,SELL,LIMIT,1701081194122,0.003,37029.41
BTCUSDT,SELL,LIMIT,1701081195152,0.157,37028.87
BTCUSDT,SELL,LIMIT,1701081206073,0.099,37027.59
BTCUSDT,SELL,LIMIT,1701081216202,0.124,37027.31
BTCUSDT,SELL,LIMIT,1701081277381,0.019,37027.20
BTCUSDT,SELL,LIMIT,1701081280632,0.004,37025.86
BTCUSDT,SELL,LIMIT,1701081327099,0.016,37023.89
BTCUSDT,SELL,LIMIT,1701081327927,0.003,37023.66
BTCUSDT,SELL,LIMIT,1701081329069,1.000,37044.03
BTCUSDT,SELL,LIMIT,1701081330197,0.267,37016.40
BTCUSDT,SELL,LIMIT,1701081365669,0.307,37009.07
BTCUSDT,SELL,LIMIT,1701081369072,0.008,37008.29
BTCUSDT,SELL,LIMIT,1701081370240,0.365,37008.05
BTCUSDT,SELL,LIMIT,1701081371257,0.004,37006.51
BTCUSDT,SELL,LIMIT,1701081382821,0.001,37004.23
BTCUSDT,SELL,LIMIT,1701081385123,0.012,37002.28
BTCUSDT,SELL,LIMIT,1701081390862,0.003,37001.35
BTCUSDT,SELL,LIMIT,1701081392046,1.000,36999.41
BTCUSDT,SELL,LIMIT,1701081393470,0.039,36998.75
BTCUSDT,SELL,LIMIT,1701081408171,0.007,36994.80
BTCUSDT,SELL,LIMIT,1701081410226,0.013,36988.91
BTCUSDT,SELL,LIMIT,1701081418891,0.016,37096.12
BTCUSDT,SELL,LIMIT,1701081422489,0.036,37184.66
BTCUSDT,SELL,LIMIT,1701081431406,0.067,36987.48
BTCUSDT,SELL,LIMIT,1701081433770,0.102,36987.34
BTCUSDT,SELL,LIMIT,1701081434871,0.157,36977.81
BTCUSDT,SELL,LIMIT,1701081435941,0.026,36974.90
BTCUSDT,SELL,LIMIT,1701081437110,1.341,36969.23
BTCUSDT,SELL,LIMIT,1701081438201,0.053,36965.55
BTCUSDT,SELL,LIMIT,1701081439243,0.078,36966.25
BTCUSDT,SELL,LIMIT,1701081440487,0.089,36961.74
BTCUSDT,SELL,LIMIT,1701081447057,0.009,36965.27
BTCUSDT,SELL,LIMIT,1701081450123,0.415,36964.57
BTCUSDT,SELL,LIMIT,1701081451695,0.069,36957.42
BTCUSDT,SELL,LIMIT,1701081453447,0.016,36965.11
BTCUSDT,SELL,LIMIT,1701081455154,0.100,36965.49
BTCUSDT,SELL,LIMIT,1701081457071,0.003,36954.85
BTCUSDT,SELL,LIMIT,1701081458365,0.015,36952.06
BTCUSDT,SELL,LIMIT,1701081459991,0.088,36970.49
BTCUSDT,SELL,LIMIT,1701081484806,0.023,36963.41
BTCUSDT,SELL,LIMIT,1701081486349,0.018,36954.19
BTCUSDT,SELL,LIMIT,1701081487410,0.556,36944.36
BTCUSDT,SELL,LIMIT,1701081488471,0.016,36943.60
BTCUSDT,SELL,LIMIT,1701081495774,0.014,36945.63
BTCUSDT,SELL,LIMIT,1701081497224,0.003,36953.12
BTCUSDT,SELL,LIMIT,1701081498257,0.518,36959.82
BTCUSDT,SELL,LIMIT,1701081573356,0.034,36942.40
BTCUSDT,SELL,LIMIT,1701081576235,0.012,36939.81
BTCUSDT,SELL,LIMIT,1701081577253,0.003,36938.83
BTCUSDT,SELL,LIMIT,1701081578185,0.010,36933.52
BTCUSDT,SELL,LIMIT,1701081579075,0.126,36933.68
BTCUSDT,SELL,LIMIT,1701081580315,0.052,36910.67
BTCUSDT,SELL,LIMIT,1701081581470,0.173,36917.78
BTCUSDT,SELL,LIMIT,1701081582501,0.141,36914.93
BTCUSDT,SELL,LIMIT,1701081583575,0.038,36909.85
BTCUSDT,SELL,LIMIT,1701081603042,0.018,36906.72
BTCUSDT,SELL,LIMIT,1701081604070,0.016,36901.29
BTCUSDT,SELL,LIMIT,1701081605082,0.003,36892.65
BTCUSDT,SELL,LIMIT,1701081606083,2.232,36875.37
BTCUSDT,SELL,LIMIT,1701081608433,0.040,36886.01
BTCUSDT,SELL,LIMIT,1701081609441,0.043,36882.10
BTCUSDT,SELL,LIMIT,1701082120286,0.596,36910.58
BTCUSDT,SELL,LIMIT,1701082123073,0.050,36907.59
BTCUSDT,SELL,LIMIT,1701082124422,0.858,36933.70
BTCUSDT,SELL,LIMIT,1701082488821,0.003,36920.61
BTCUSDT,BUY,LIMIT,1701082545233,0.001,36463.80
BTCUSDT,BUY,LIMIT,1701082627838,0.010,37203.63
BTCUSDT,SELL,LIMIT,1701082638161,0.003,39345.65
BTCUSDT,SELL,LIMIT,1701082651371,0.038,36912.73
BTCUSDT,SELL,LIMIT,1701082671932,0.017,36894.11
BTCUSDT,SELL,LIMIT,1701082674141,0.891,36894.00
BTCUSDT,SELL,LIMIT,1701082675285,2.650,36865.95
BTCUSDT,SELL,LIMIT,1701082678078,0.514,36880.57
BTCUSDT,SELL,LIMIT,1701082679284,0.003,36880.26
BTCUSDT,SELL,LIMIT,1701082684175,0.308,36877.97
BTCUSDT,SELL,LIMIT,1701082685169,0.024,36877.26
BTCUSDT,SELL,LIMIT,1701082686200,0.004,36874.00
BTCUSDT,SELL,LIMIT,1701082687201,0.162,36872.13
BTCUSDT,SELL,LIMIT,1701082690081,0.006,36871.24
BTCUSDT,SELL,LIMIT,1701082691289,0.050,36871.71
BTCUSDT,SELL,LIMIT,1701082692469,0.003,36869.63
BTCUSDT,SELL,LIMIT,1701082693760,0.043,36868.04
BTCUSDT,SELL,LIMIT,1701082694871,0.050,36872.65
BTCUSDT,SELL,LIMIT,1701082695896,0.038,36863.96
BTCUSDT,SELL,LIMIT,1701082697255,0.042,36861.22
BTCUSDT,SELL,LIMIT,1701082698324,1.000,36860.92
BTCUSDT,SELL,LIMIT,1701082701151,0.021,36860.82
BTCUSDT,SELL,LIMIT,1701082703089,0.010,36858.94
BTCUSDT,SELL,LIMIT,1701082704326,0.026,36859.14
BTCUSDT,SELL,LIMIT,1701082705557,0.009,36865.48
BTCUSDT,SELL,LIMIT,1701082725049,0.036,36851.95
BTCUSDT,SELL,LIMIT,1701082725997,0.003,36858.42
BTCUSDT,SELL,LIMIT,1701082727117,0.010,36844.00
BTCUSDT,SELL,LIMIT,1701082728125,0.007,36834.45
BTCUSDT,BUY,LIMIT,1701082740606,0.006,37175.13
BTCUSDT,BUY,LIMIT,1701082848080,0.016,37244.88
BTCUSDT,SELL,LIMIT,1701083396069,0.411,36822.13
BTCUSDT,SELL,LIMIT,1701083397077,1.867,36815.35
BTCUSDT,SELL,LIMIT,1701083398542,2.261,36805.81
BTCUSDT,SELL,LIMIT,1701083399591,0.011,36820.25
BTCUSDT,SELL,LIMIT,1701083400600,0.020,36813.37
BTCUSDT,BUY,LIMIT,1701084128987,0.166,37257.31
BTCUSDT,BUY,LIMIT,1701084601192,0.060,37099.48
BTCUSDT,SELL,LIMIT,1701084604787,0.006,36919.38
BTCUSDT,SELL,LIMIT,1701084664319,0.007,36860.38
BTCUSDT,SELL,LIMIT,1701084700692,0.009,36851.39
BTCUSDT,SELL,LIMIT,1701084702412,0.162,36842.13
BTCUSDT,SELL,LIMIT,1701084796449,0.003,36866.22
BTCUSDT,SELL,LIMIT,1701084921929,0.151,36814.12
BTCUSDT,SELL,LIMIT,1701084924041,0.028,36813.19
BTCUSDT,SELL,LIMIT,1701084929073,0.006,36811.44
BTCUSDT,SELL,LIMIT,1701084929961,0.079,36809.94
BTCUSDT,SELL,LIMIT,1701084930826,0.003,36791.37
BTCUSDT,SELL,LIMIT,1701084931728,0.007,36758.27
BTCUSDT,BUY,LIMIT,1701085064113,0.005,37259.30
BTCUSDT,BUY,LIMIT,1701085112151,0.009,37265.18
BTCUSDT,BUY,LIMIT,1701085852694,0.015,37273.06
BTCUSDT,BUY,LIMIT,1701085869494,0.036,37278.49
BTCUSDT,BUY,LIMIT,1701085871571,1.295,37280.48
BTCUSDT,SELL,LIMIT,1701086431662,0.003,36849.80
BTCUSDT,SELL,LIMIT,1701086445591,0.103,36840.03
BTCUSDT,SELL,LIMIT,1701086449987,0.012,36838.45
BTCUSDT,SELL,LIMIT,1701086451663,0.063,36836.76
BTCUSDT,SELL,LIMIT,1701086704682,0.268,36901.81
BTCUSDT,SELL,LIMIT,1701087961136,0.346,36825.93
BTCUSDT,SELL,LIMIT,1701087972456,0.016,36820.99
BTCUSDT,SELL,LIMIT,1701087975271,0.098,36820.65
BTCUSDT,SELL,LIMIT,1701088038104,0.010,36811.58
BTCUSDT,SELL,LIMIT,1701088039293,0.011,36810.84
BTCUSDT,SELL,LIMIT,1701088041362,0.004,36806.41
BTCUSDT,SELL,LIMIT,1701088044815,0.129,36805.66
BTCUSDT,SELL,LIMIT,1701088046100,0.003,36803.11
BTCUSDT,SELL,LIMIT,1701088061527,0.020,36800.73
BTCUSDT,SELL,LIMIT,1701088127241,0.003,36798.71
BTCUSDT,SELL,LIMIT,1701088129028,0.029,36793.05
BTCUSDT,SELL,LIMIT,1701088149327,0.020,36784.99
BTCUSDT,SELL,LIMIT,1701088150369,0.008,36784.41
BTCUSDT,SELL,LIMIT,1701088214699,0.046,36779.77
BTCUSDT,SELL,LIMIT,1701088562171,0.337,36776.73
BTCUSDT,SELL,LIMIT,1701088579320,0.120,36775.26
BTCUSDT,SELL,LIMIT,1701088582311,0.021,36773.64
BTCUSDT,SELL,LIMIT,1701088614616,0.012,36771.02
BTCUSDT,SELL,LIMIT,1701088618191,0.013,36770.28
BTCUSDT,SELL,LIMIT,1701088619305,0.054,36770.31
BTCUSDT,SELL,LIMIT,1701088620435,0.006,36768.66
BTCUSDT,SELL,LIMIT,1701088670107,0.311,36753.96
BTCUSDT,SELL,LIMIT,1701088671197,0.003,36751.09
BTCUSDT,SELL,LIMIT,1701088672345,0.031,36747.95
BTCUSDT,SELL,LIMIT,1701088708541,0.032,36758.53
BTCUSDT,BUY,LIMIT,1701089200083,0.037,37180.70
BTCUSDT,BUY,LIMIT,1701089201112,0.067,37178.46
BTCUSDT,BUY,LIMIT,1701089261742,0.006,37192.74
BTCUSDT,BUY,LIMIT,1701089452257,0.024,37200.60
BTCUSDT,BUY,LIMIT,1701089465568,0.032,37203.24
BTCUSDT,BUY,LIMIT,1701089467951,0.019,37206.00
BTCUSDT,BUY,LIMIT,1701089471362,0.270,37210.62
BTCUSDT,SELL,LIMIT,1701089933008,0.048,36821.67
BTCUSDT,SELL,LIMIT,1701089960832,0.013,36817.02
BTCUSDT,SELL,LIMIT,1701090036306,0.040,36801.44
BTCUSDT,SELL,LIMIT,1701090947829,0.009,36796.00
BTCUSDT,BUY,LIMIT,1701090974156,0.019,37041.40
BTCUSDT,SELL,LIMIT,1701090981178,1.105,36779.20
BTCUSDT,SELL,LIMIT,1701091131257,0.053,36761.44
BTCUSDT,SELL,LIMIT,1701091147769,0.009,36758.59
BTCUSDT,SELL,LIMIT,1701091151104,0.006,36752.20
BTCUSDT,SELL,LIMIT,1701091161253,0.056,36741.17
BTCUSDT,SELL,LIMIT,1701091162164,0.071,36736.82
BTCUSDT,SELL,LIMIT,1701091163001,0.022,36709.23
BTCUSDT,SELL,LIMIT,1701091163870,0.003,36699.88
BTCUSDT,BUY,LIMIT,1701091354439,0.619,37165.08
BTCUSDT,BUY,LIMIT,1701091361913,0.009,37174.89
BTCUSDT,SELL,LIMIT,1701092010436,0.003,36744.94
BTCUSDT,SELL,LIMIT,1701092066510,0.691,36731.01
BTCUSDT,SELL,LIMIT,1701092068069,0.003,36726.06
BTCUSDT,SELL,LIMIT,1701092104104,0.046,36725.45
BTCUSDT,SELL,LIMIT,1701092105148,0.225,36724.93
BTCUSDT,SELL,LIMIT,1701092106315,0.027,36722.31
BTCUSDT,SELL,LIMIT,1701092112971,0.086,36718.60
BTCUSDT,SELL,LIMIT,1701092121289,0.100,36711.41
BTCUSDT,BUY,LIMIT,1701092226311,0.004,37050.71
BTCUSDT,SELL,LIMIT,1701092655123,0.008,36710.48
BTCUSDT,SELL,LIMIT,1701092656312,0.019,36708.58
BTCUSDT,SELL,LIMIT,1701092662941,0.450,36707.09
BTCUSDT,SELL,LIMIT,1701092665446,0.007,36706.67
BTCUSDT,SELL,LIMIT,1701092666542,0.079,36706.44
BTCUSDT,SELL,LIMIT,1701092677412,0.135,36705.89
BTCUSDT,SELL,LIMIT,1701092679279,0.030,36703.70
BTCUSDT,SELL,LIMIT,1701092756348,0.033,36699.60
BTCUSDT,SELL,LIMIT,1701092758492,0.017,36688.32
BTCUSDT,SELL,LIMIT,1701092784762,0.005,36738.98
BTCUSDT,BUY,LIMIT,1701092867217,0.011,36681.83
BTCUSDT,SELL,LIMIT,1701093116511,0.425,36686.95
BTCUSDT,SELL,LIMIT,1701093118902,0.018,36687.20
BTCUSDT,SELL,LIMIT,1701093120360,0.024,36683.14
BTCUSDT,SELL,LIMIT,1701093125190,0.010,36682.49
BTCUSDT,SELL,LIMIT,1701093129288,0.439,36681.89
BTCUSDT,SELL,LIMIT,1701093133522,0.012,36681.18
BTCUSDT,SELL,LIMIT,1701093134478,0.007,36680.53
BTCUSDT,SELL,LIMIT,1701093135409,0.009,36675.96
BTCUSDT,SELL,LIMIT,1701093136343,0.035,36677.34
BTCUSDT,SELL,LIMIT,1701093137164,0.003,36667.72
BTCUSDT,SELL,LIMIT,1701093137979,0.027,36652.63
BTCUSDT,SELL,LIMIT,1701093141092,0.004,36647.71
BTCUSDT,SELL,LIMIT,1701093151307,0.034,36644.28
BTCUSDT,SELL,LIMIT,1701093152583,0.826,36643.78
BTCUSDT,SELL,LIMIT,1701093153596,0.019,36642.54
BTCUSDT,SELL,LIMIT,1701093251112,0.020,36832.06
BTCUSDT,BUY,LIMIT,1701093273245,0.086,37017.63
BTCUSDT,BUY,LIMIT,1701093369964,0.065,37094.78
BTCUSDT,BUY,LIMIT,1701093420369,0.003,37103.60
BTCUSDT,BUY,LIMIT,1701093445162,0.022,37105.71
BTCUSDT,BUY,LIMIT,1701093446212,0.005,37105.10
BTCUSDT,BUY,LIMIT,1701093465339,0.007,37107.90
BTCUSDT,BUY,LIMIT,1701093735635,0.015,37123.91
BTCUSDT,BUY,LIMIT,1701093740635,0.027,37126.61
BTCUSDT,BUY,LIMIT,1701093769361,0.049,37135.80
BTCUSDT,BUY,LIMIT,1701093770383,0.005,37131.47
BTCUSDT,BUY,LIMIT,1701093772018,0.025,37137.97
BTCUSDT,BUY,LIMIT,1701093807467,0.005,37144.30
BTCUSDT,SELL,LIMIT,1701094020891,0.027,36823.69
BTCUSDT,SELL,LIMIT,1701094038297,0.023,37525.17
BTCUSDT,SELL,LIMIT,1701094534605,0.157,36700.12
BTCUSDT,SELL,LIMIT,1701094536240,0.274,36697.19
BTCUSDT,SELL,LIMIT,1701094560009,0.091,36691.24
BTCUSDT,SELL,LIMIT,1701094562103,0.675,36689.15
BTCUSDT,SELL,LIMIT,1701094568623,0.081,36687.19
BTCUSDT,SELL,LIMIT,1701094573155,0.262,36683.03
BTCUSDT,SELL,LIMIT,1701094574530,0.111,36674.69
BTCUSDT,SELL,LIMIT,1701094596262,0.051,36673.51
BTCUSDT,SELL,LIMIT,1701094609054,0.139,36671.36
BTCUSDT,SELL,LIMIT,1701094620207,0.090,36669.43
BTCUSDT,SELL,LIMIT,1701094658540,0.003,36663.95
BTCUSDT,SELL,LIMIT,1701094690924,0.083,36661.20
BTCUSDT,SELL,LIMIT,1701094692422,0.051,36659.80
BTCUSDT,SELL,LIMIT,1701094702566,0.015,36656.32
BTCUSDT,SELL,LIMIT,1701094709641,0.007,36651.31
BTCUSDT,SELL,LIMIT,1701094712437,0.044,36646.60
BTCUSDT,SELL,LIMIT,1701094984282,0.581,36659.48
BTCUSDT,SELL,LIMIT,1701095010089,0.019,36642.21
BTCUSDT,SELL,LIMIT,1701095011340,0.033,36645.40
BTCUSDT,SELL,LIMIT,1701095341740,0.035,36639.40
BTCUSDT,SELL,LIMIT,1701095396794,0.013,36643.04
BTCUSDT,SELL,LIMIT,1701095411032,0.005,36642.69
BTCUSDT,SELL,LIMIT,1701095513512,0.026,36646.83
BTCUSDT,SELL,LIMIT,1701095515236,0.007,36641.13
BTCUSDT,SELL,LIMIT,1701095516611,0.120,36642.90
BTCUSDT,SELL,LIMIT,1701095530666,0.071,37046.35
BTCUSDT,SELL,LIMIT,1701095552387,0.083,36639.79
BTCUSDT,SELL,LIMIT,1701095555757,0.010,36639.56
BTCUSDT,SELL,LIMIT,1701095561763,0.046,36639.09
BTCUSDT,SELL,LIMIT,1701095563070,0.006,36638.45
BTCUSDT,SELL,LIMIT,1701095592484,0.123,36638.46
BTCUSDT,SELL,LIMIT,1701095598099,0.003,36640.55
BTCUSDT,SELL,LIMIT,1701095599470,0.015,36638.04
BTCUSDT,SELL,LIMIT,1701095601057,0.004,36637.39
BTCUSDT,SELL,LIMIT,1701095602261,0.030,36637.61
BTCUSDT,SELL,LIMIT,1701095605065,0.023,36638.96
BTCUSDT,SELL,LIMIT,1701095611440,0.003,36635.64
BTCUSDT,SELL,LIMIT,1701095612288,0.003,36631.90
BTCUSDT,SELL,LIMIT,1701095613061,0.006,36628.00
BTCUSDT,SELL,LIMIT,1701095617171,0.035,36633.84
BTCUSDT,SELL,LIMIT,1701095618317,0.016,36635.04
BTCUSDT,SELL,LIMIT,1701095619522,0.028,36630.10
BTCUSDT,SELL,LIMIT,1701096727507,0.023,36630.64
BTCUSDT,SELL,LIMIT,1701096729375,0.009,36622.93
BTCUSDT,BUY,LIMIT,1701096758123,0.001,36937.76
BTCUSDT,SELL,LIMIT,1701096774121,0.039,36634.55
BTCUSDT,SELL,LIMIT,1701097015504,1.000,36626.74
BTCUSDT,SELL,LIMIT,1701097019428,0.008,36634.85
BTCUSDT,SELL,LIMIT,1701097020579,0.027,36620.52
BTCUSDT,SELL,LIMIT,1701097038344,0.006,36625.14
BTCUSDT,SELL,LIMIT,1701097042195,0.015,36618.75
BTCUSDT,SELL,LIMIT,1701097044143,0.004,36648.25
BTCUSDT,SELL,LIMIT,1701097051093,0.060,36613.78
BTCUSDT,SELL,LIMIT,1701097052247,0.010,36613.36
BTCUSDT,SELL,LIMIT,1701097058509,0.183,36611.16
BTCUSDT,SELL,LIMIT,1701097061090,0.019,36610.81
BTCUSDT,SELL,LIMIT,1701097068142,0.400,36614.48
BTCUSDT,SELL,LIMIT,1701097071792,0.012,36615.11
BTCUSDT,SELL,LIMIT,1701097075476,0.024,36610.23
BTCUSDT,SELL,LIMIT,1701097078882,0.091,36609.84
BTCUSDT,SELL,LIMIT,1701097084502,0.003,36608.94
BTCUSDT,SELL,LIMIT,1701097088558,0.088,36608.35
BTCUSDT,SELL,LIMIT,1701097090188,0.052,36608.22
BTCUSDT,SELL,LIMIT,1701097094164,0.016,36606.51
BTCUSDT,SELL,LIMIT,1701097095271,0.107,36617.56
BTCUSDT,SELL,LIMIT,1701097096331,0.101,36605.75
BTCUSDT,SELL,LIMIT,1701097097427,0.047,36606.05
BTCUSDT,SELL,LIMIT,1701097099271,0.062,36603.32
BTCUSDT,SELL,LIMIT,1701097100385,0.096,36603.32
BTCUSDT,SELL,LIMIT,1701097101403,0.169,36608.70
BTCUSDT,SELL,LIMIT,1701097102479,0.013,36596.09
BTCUSDT,BUY,LIMIT,1701097353365,0.008,37027.86
BTCUSDT,BUY,LIMIT,1701097361241,0.033,37031.98
BTCUSDT,BUY,LIMIT,1701097365612,0.010,37042.85
BTCUSDT,BUY,LIMIT,1701097370387,0.010,37053.20
BTCUSDT,BUY,LIMIT,1701097374649,1.250,37056.54
BTCUSDT,BUY,LIMIT,1701097377226,0.022,37062.29
BTCUSDT,BUY,LIMIT,1701097379559,0.004,37063.48
BTCUSDT,BUY,LIMIT,1701097391167,0.851,37068.87
BTCUSDT,BUY,LIMIT,1701097392388,0.022,37070.66
BTCUSDT,BUY,LIMIT,1701097394160,0.005,37075.21
BTCUSDT,BUY,LIMIT,1701097401193,0.061,37080.98
BTCUSDT,BUY,LIMIT,1701097402399,0.023,37086.17
BTCUSDT,BUY,LIMIT,1701097403445,0.054,37084.40
BTCUSDT,BUY,LIMIT,1701097410088,0.684,37087.04
BTCUSDT,BUY,LIMIT,1701097411091,0.026,37087.04
BTCUSDT,BUY,LIMIT,1701097424077,0.011,37090.23
BTCUSDT,BUY,LIMIT,1701097426430,0.011,37091.18
BTCUSDT,BUY,LIMIT,1701097427953,0.012,37093.52
BTCUSDT,BUY,LIMIT,1701097429060,0.007,37095.70
BTCUSDT,BUY,LIMIT,1701097430395,0.005,37095.74
BTCUSDT,BUY,LIMIT,1701097446387,0.086,37097.78
BTCUSDT,BUY,LIMIT,1701097448066,0.007,37102.15
BTCUSDT,BUY,LIMIT,1701097449141,0.003,37101.25
BTCUSDT,BUY,LIMIT,1701097457081,0.011,37107.36
BTCUSDT,BUY,LIMIT,1701097458263,0.294,37111.93
BTCUSDT,BUY,LIMIT,1701097460404,0.013,37115.69
BTCUSDT,BUY,LIMIT,1701097463119,0.190,37120.54
BTCUSDT,BUY,LIMIT,1701097714669,0.003,37121.90
BTCUSDT,BUY,LIMIT,1701097716045,0.020,37124.59
BTCUSDT,BUY,LIMIT,1701097725979,0.007,37126.19
BTCUSDT,BUY,LIMIT,1701097730200,0.008,37130.40
BTCUSDT,BUY,LIMIT,1701097731228,0.031,37133.04
BTCUSDT,BUY,LIMIT,1701098170676,0.140,37138.76
BTCUSDT,BUY,LIMIT,1701098173744,0.271,37140.01
BTCUSDT,BUY,LIMIT,1701098175313,0.600,37145.59
BTCUSDT,BUY,LIMIT,1701098176388,0.319,37144.19
BTCUSDT,BUY,LIMIT,1701098177432,0.065,37150.98
BTCUSDT,BUY,LIMIT,1701098178455,0.170,37160.18
BTCUSDT,BUY,LIMIT,1701098179706,0.003,37165.14
BTCUSDT,BUY,LIMIT,1701098182351,0.003,37170.48
BTCUSDT,BUY,LIMIT,1701098183379,0.023,37166.70
BTCUSDT,BUY,LIMIT,1701098187494,0.024,37172.69
BTCUSDT,BUY,LIMIT,1701098208874,0.271,37177.58
BTCUSDT,BUY,LIMIT,1701098210964,0.003,37178.55
BTCUSDT,BUY,LIMIT,1701098212308,0.005,37183.54
BTCUSDT,BUY,LIMIT,1701098223303,0.016,37183.93
BTCUSDT,BUY,LIMIT,1701098236471,0.022,37185.43
BTCUSDT,BUY,LIMIT,1701098541266,0.888,37188.46
BTCUSDT,BUY,LIMIT,1701098542372,0.139,37196.02
BTCUSDT,BUY,LIMIT,1701098545072,0.084,37203.14
BTCUSDT,SELL,LIMIT,1701099234075,0.022,36757.87
BTCUSDT,SELL,LIMIT,1701099302328,0.015,36785.78
BTCUSDT,BUY,LIMIT,1701099325183,0.007,37013.64
BTCUSDT,SELL,LIMIT,1701099958297,0.009,36780.17
BTCUSDT,SELL,LIMIT,1701099964130,0.013,36746.13
BTCUSDT,SELL,LIMIT,1701099966207,1.351,36744.20
BTCUSDT,SELL,LIMIT,1701099968164,0.004,36739.77
BTCUSDT,SELL,LIMIT,1701099969311,0.059,36740.53
BTCUSDT,SELL,LIMIT,1701099975067,0.005,36734.89
BTCUSDT,SELL,LIMIT,1701099976372,0.003,36732.34
BTCUSDT,SELL,LIMIT,1701099978856,0.011,36728.66
BTCUSDT,SELL,LIMIT,1701099986112,0.050,36724.01
BTCUSDT,SELL,LIMIT,1701099987222,0.015,36720.49
BTCUSDT,SELL,LIMIT,1701099988260,0.014,36722.96
BTCUSDT,SELL,LIMIT,1701099997177,0.048,36716.53
BTCUSDT,SELL,LIMIT,1701099999981,0.369,36714.28
BTCUSDT,SELL,LIMIT,1701100018065,0.019,36710.53
BTCUSDT,SELL,LIMIT,1701100021417,0.030,36708.03
BTCUSDT,SELL,LIMIT,1701100022717,0.203,36705.28
BTCUSDT,SELL,LIMIT,1701100024411,0.053,36703.03
BTCUSDT,SELL,LIMIT,1701100028238,0.022,36700.96
BTCUSDT,SELL,LIMIT,1701100030201,0.055,36698.51
BTCUSDT,SELL,LIMIT,1701100073135,0.094,36692.46
BTCUSDT,SELL,LIMIT,1701100074357,0.032,36689.66
BTCUSDT,SELL,LIMIT,1701100075726,0.219,36688.85
BTCUSDT,SELL,LIMIT,1701100132126,0.036,36693.22
BTCUSDT,SELL,LIMIT,1701100136287,0.006,36692.65
BTCUSDT,SELL,LIMIT,1701100147004,0.150,36692.84
BTCUSDT,SELL,LIMIT,1701100156765,0.014,36687.63
BTCUSDT,SELL,LIMIT,1701100158051,0.032,36686.14
BTCUSDT,SELL,LIMIT,1701100160786,0.003,36683.87
BTCUSDT,SELL,LIMIT,1701100175878,0.260,36682.46
BTCUSDT,SELL,LIMIT,1701100180981,0.029,36683.37
BTCUSDT,SELL,LIMIT,1701100183355,0.010,36701.98
BTCUSDT,SELL,LIMIT,1701100186545,0.008,36681.43
BTCUSDT,SELL,LIMIT,1701100188172,0.019,36726.09
BTCUSDT,SELL,LIMIT,1701100199311,0.004,36679.70
BTCUSDT,SELL,LIMIT,1701100213167,0.013,36675.85
BTCUSDT,SELL,LIMIT,1701100214267,0.125,36674.33
BTCUSDT,SELL,LIMIT,1701100215670,6.777,36643.55
BTCUSDT,SELL,LIMIT,1701100217207,0.004,36670.30
BTCUSDT,SELL,LIMIT,1701100218335,0.011,36665.81
BTCUSDT,SELL,LIMIT,1701100219412,0.076,36698.58
BTCUSDT,SELL,LIMIT,1701100221207,0.280,36658.55
BTCUSDT,SELL,LIMIT,1701100222391,0.035,36657.23
BTCUSDT,SELL,LIMIT,1701100232061,0.134,36652.10
BTCUSDT,SELL,LIMIT,1701100233385,0.016,36651.26
BTCUSDT,SELL,LIMIT,1701100234775,0.013,36651.05
BTCUSDT,SELL,LIMIT,1701100237047,0.205,36644.99
BTCUSDT,SELL,LIMIT,1701100242672,0.011,36642.51
BTCUSDT,SELL,LIMIT,1701100283859,0.056,36643.02
BTCUSDT,BUY,LIMIT,1701100315396,0.003,36966.27
BTCUSDT,BUY,LIMIT,1701100513231,0.001,36082.22
BTCUSDT,SELL,LIMIT,1701100515390,0.014,36774.30
BTCUSDT,SELL,LIMIT,1701100520294,0.043,36674.70
BTCUSDT,SELL,LIMIT,1701100522553,0.071,36732.57
BTCUSDT,SELL,LIMIT,1701100529885,0.559,36675.69
BTCUSDT,SELL,LIMIT,1701100531089,0.003,36755.43
BTCUSDT,SELL,LIMIT,1701100536540,0.007,36661.81
BTCUSDT,SELL,LIMIT,1701100540208,0.213,36662.47
BTCUSDT,SELL,LIMIT,1701100547118,0.053,36661.89
BTCUSDT,SELL,LIMIT,1701100560437,0.087,36656.05
BTCUSDT,SELL,LIMIT,1701100563996,0.052,36655.91
BTCUSDT,SELL,LIMIT,1701100565226,0.018,36874.15
BTCUSDT,SELL,LIMIT,1701100567279,0.150,36652.63
BTCUSDT,SELL,LIMIT,1701100570877,0.023,36647.41
BTCUSDT,SELL,LIMIT,1701100574059,0.016,36644.00
BTCUSDT,SELL,LIMIT,1701100575073,0.117,36641.64
BTCUSDT,SELL,LIMIT,1701100616279,0.012,36628.87
BTCUSDT,SELL,LIMIT,1701100618166,0.007,36628.40
BTCUSDT,SELL,LIMIT,1701100625141,0.010,36627.03
BTCUSDT,SELL,LIMIT,1701100627787,1.086,36625.71
BTCUSDT,SELL,LIMIT,1701100632609,0.166,36624.60
BTCUSDT,SELL,LIMIT,1701100636127,0.050,36622.28
BTCUSDT,SELL,LIMIT,1701100640383,0.090,36608.08
BTCUSDT,SELL,LIMIT,1701100641327,0.023,36626.08
BTCUSDT,SELL,LIMIT,1701100643553,0.011,36605.42
BTCUSDT,SELL,LIMIT,1701100773661,0.003,36606.55
BTCUSDT,SELL,LIMIT,1701100776032,0.199,36603.18
BTCUSDT,SELL,LIMIT,1701100779077,0.013,36602.86
BTCUSDT,SELL,LIMIT,1701100780263,0.048,36601.39
BTCUSDT,SELL,LIMIT,1701100781274,0.003,36602.10
BTCUSDT,SELL,LIMIT,1701100782624,0.019,36597.31
BTCUSDT,SELL,LIMIT,1701100783913,0.012,36593.93
BTCUSDT,SELL,LIMIT,1701100803242,0.062,36596.70
BTCUSDT,SELL,LIMIT,1701100804967,0.040,36599.72
BTCUSDT,SELL,LIMIT,1701100810250,0.061,36595.60
BTCUSDT,SELL,LIMIT,1701100811795,0.329,36595.01
BTCUSDT,SELL,LIMIT,1701100812846,2.128,36579.92
BTCUSDT,SELL,LIMIT,1701100813718,0.063,36589.93
BTCUSDT,SELL,LIMIT,1701100815035,0.004,36576.61
BTCUSDT,SELL,LIMIT,1701100816060,0.012,36582.99
BTCUSDT,SELL,LIMIT,1701100818657,0.227,36582.30
BTCUSDT,SELL,LIMIT,1701100820024,0.007,36575.03
BTCUSDT,SELL,LIMIT,1701100901324,0.017,36600.25
BTCUSDT,SELL,LIMIT,1701100908048,0.008,36603.49
BTCUSDT,SELL,LIMIT,1701100924330,0.177,36591.97
BTCUSDT,SELL,LIMIT,1701101008417,0.023,36641.64
BTCUSDT,SELL,LIMIT,1701101023133,0.076,36658.78
BTCUSDT,SELL,LIMIT,1701101032221,0.498,36676.21
BTCUSDT,BUY,LIMIT,1701101043820,0.004,36668.30
BTCUSDT,SELL,LIMIT,1701101047683,0.017,36674.42
BTCUSDT,SELL,LIMIT,1701101071224,0.003,36681.49
BTCUSDT,SELL,LIMIT,1701101072644,0.009,36682.59
BTCUSDT,SELL,LIMIT,1701101074310,0.040,36710.31
BTCUSDT,SELL,LIMIT,1701101078246,0.070,36684.76
BTCUSDT,SELL,LIMIT,1701101079321,0.007,36696.19
BTCUSDT,SELL,LIMIT,1701101174314,0.365,36641.38
BTCUSDT,SELL,LIMIT,1701101177240,1.500,36628.10
BTCUSDT,SELL,LIMIT,1701101207186,0.235,36658.94
BTCUSDT,SELL,LIMIT,1701101317669,0.050,36684.18
BTCUSDT,BUY,LIMIT,1701101649222,0.052,37011.57
BTCUSDT,BUY,LIMIT,1701101658413,0.006,37014.41
BTCUSDT,BUY,LIMIT,1701101828030,0.006,37020.77
BTCUSDT,BUY,LIMIT,1701101829075,0.032,37022.34
BTCUSDT,BUY,LIMIT,1701101833928,0.003,37030.01
BTCUSDT,BUY,LIMIT,1701101916222,0.033,37042.34
BTCUSDT,BUY,LIMIT,1701101920727,0.019,37045.86
BTCUSDT,BUY,LIMIT,1701101938157,0.612,37056.33
BTCUSDT,BUY,LIMIT,1701101944212,0.467,37061.89
BTCUSDT,BUY,LIMIT,1701101946438,0.010,37065.96
BTCUSDT,BUY,LIMIT,1701101950061,0.010,37067.73
BTCUSDT,BUY,LIMIT,1701101953127,0.018,37073.13
BTCUSDT,BUY,LIMIT,1701101959405,0.318,37075.89
BTCUSDT,BUY,LIMIT,1701101961229,0.020,37076.19
BTCUSDT,BUY,LIMIT,1701101963116,0.022,37077.61
BTCUSDT,BUY,LIMIT,1701101987225,1.017,37078.28
BTCUSDT,BUY,LIMIT,1701101990054,0.040,37082.30
BTCUSDT,BUY,LIMIT,1701102014785,0.016,37033.89
BTCUSDT,SELL,LIMIT,1701102026904,0.001,36811.53
BTCUSDT,BUY,LIMIT,1701102045323,0.009,36759.74
BTCUSDT,SELL,LIMIT,1701102078346,0.081,36792.47
BTCUSDT,SELL,LIMIT,1701102199998,0.074,36742.34
BTCUSDT,BUY,LIMIT,1701102645049,2.587,37109.01
BTCUSDT,BUY,LIMIT,1701102647520,0.032,37097.52
BTCUSDT,SELL,LIMIT,1701102728613,0.007,36791.66
BTCUSDT,SELL,LIMIT,1701103140353,0.036,36754.54
BTCUSDT,BUY,LIMIT,1701103407327,0.029,37091.59
BTCUSDT,BUY,LIMIT,1701103431321,0.037,37108.18
BTCUSDT,BUY,LIMIT,1701103432389,0.866,37108.50
BTCUSDT,BUY,LIMIT,1701103434240,0.033,37109.50
BTCUSDT,BUY,LIMIT,1701103448857,0.004,37111.22
BTCUSDT,BUY,LIMIT,1701103450870,0.036,37113.76
BTCUSDT,BUY,LIMIT,1701103475372,0.012,37130.13
BTCUSDT,BUY,LIMIT,1701103476314,0.003,37120.33
BTCUSDT,BUY,LIMIT,1701103477950,0.099,37146.44
BTCUSDT,BUY,LIMIT,1701103482220,0.060,37171.28
BTCUSDT,BUY,LIMIT,1701103483358,0.032,37170.74
BTCUSDT,BUY,LIMIT,1701103484487,0.011,37178.51
BTCUSDT,BUY,LIMIT,1701103487085,0.044,37187.52
BTCUSDT,BUY,LIMIT,1701103523172,0.490,37189.86
BTCUSDT,BUY,LIMIT,1701103531170,0.069,37190.93
BTCUSDT,BUY,LIMIT,1701103534313,0.009,37193.45
BTCUSDT,BUY,LIMIT,1701103535467,0.098,37177.90
BTCUSDT,BUY,LIMIT,1701103540218,0.098,37200.60
BTCUSDT,BUY,LIMIT,1701103541616,0.027,37204.05
BTCUSDT,BUY,LIMIT,1701103542775,0.035,37211.72
BTCUSDT,BUY,LIMIT,1701103543846,0.006,37214.72
BTCUSDT,BUY,LIMIT,1701103544983,0.413,37225.88
BTCUSDT,BUY,LIMIT,1701103546176,0.004,37230.09
BTCUSDT,BUY,LIMIT,1701103547293,0.132,37235.18
BTCUSDT,BUY,LIMIT,1701103611409,0.016,37207.42
BTCUSDT,SELL,LIMIT,1701103924895,0.004,36838.16
BTCUSDT,SELL,LIMIT,1701104216796,0.200,36917.78
BTCUSDT,BUY,LIMIT,1701104396302,0.027,37224.88
BTCUSDT,BUY,LIMIT,1701104421019,0.003,37200.52
BTCUSDT,BUY,LIMIT,1701104726987,0.040,37242.16
BTCUSDT,BUY,LIMIT,1701104728620,0.040,37243.22
BTCUSDT,BUY,LIMIT,1701104739668,1.353,37244.79
BTCUSDT,BUY,LIMIT,1701104741208,0.077,37249.79
BTCUSDT,BUY,LIMIT,1701104756288,0.271,37253.54
BTCUSDT,BUY,LIMIT,1701104760088,0.028,37256.83
BTCUSDT,BUY,LIMIT,1701104761113,0.042,37257.12
BTCUSDT,SELL,LIMIT,1701104913160,0.004,36931.59
BTCUSDT,BUY,LIMIT,1701104980933,0.039,37260.34
BTCUSDT,BUY,LIMIT,1701104983340,0.003,37262.45
BTCUSDT,BUY,LIMIT,1701104995931,0.009,37263.33
BTCUSDT,BUY,LIMIT,1701105002243,0.006,37264.27
BTCUSDT,BUY,LIMIT,1701105026368,0.017,37265.76
BTCUSDT,BUY,LIMIT,1701105028862,0.011,37265.12
BTCUSDT,BUY,LIMIT,1701105030391,0.010,37267.67
BTCUSDT,BUY,LIMIT,1701105031648,0.010,37267.96
BTCUSDT,BUY,LIMIT,1701105032689,0.010,37269.22
BTCUSDT,BUY,LIMIT,1701105034372,0.004,37270.17
BTCUSDT,BUY,LIMIT,1701105036300,0.005,37277.37
BTCUSDT,BUY,LIMIT,1701105038145,0.061,37277.63
BTCUSDT,BUY,LIMIT,1701105039153,0.180,37278.67
BTCUSDT,BUY,LIMIT,1701105040573,0.014,37280.11
BTCUSDT,BUY,LIMIT,1701105041665,0.013,37286.82
BTCUSDT,BUY,LIMIT,1701105053248,0.124,37288.59
BTCUSDT,BUY,LIMIT,1701105064764,0.041,37289.94
BTCUSDT,BUY,LIMIT,1701105103190,0.015,37284.59
BTCUSDT,BUY,LIMIT,1701105477111,0.050,37225.70
BTCUSDT,SELL,LIMIT,1701107450436,0.250,36843.96
BTCUSDT,SELL,LIMIT,1701107455855,0.010,36843.39
BTCUSDT,SELL,LIMIT,1701107457131,0.073,36835.55
BTCUSDT,SELL,LIMIT,1701107463213,0.019,36832.33
BTCUSDT,SELL,LIMIT,1701107466410,0.336,36829.24
BTCUSDT,SELL,LIMIT,1701107469369,0.003,36817.19
BTCUSDT,SELL,LIMIT,1701107476178,0.005,36813.92
BTCUSDT,SELL,LIMIT,1701107477238,0.008,36810.63
BTCUSDT,SELL,LIMIT,1701107538026,0.003,36808.87
BTCUSDT,SELL,LIMIT,1701107540125,0.003,36807.47
BTCUSDT,SELL,LIMIT,1701107541296,0.011,36805.12
BTCUSDT,SELL,LIMIT,1701107547285,0.005,36803.99
BTCUSDT,SELL,LIMIT,1701107548329,0.116,36803.30
BTCUSDT,SELL,LIMIT,1701107549391,0.026,36800.69
BTCUSDT,SELL,LIMIT,1701107550494,0.017,36797.25
BTCUSDT,SELL,LIMIT,1701107555130,0.020,36787.51
BTCUSDT,SELL,LIMIT,1701107556244,0.383,36789.52
BTCUSDT,SELL,LIMIT,1701107557741,0.568,36783.50
BTCUSDT,SELL,LIMIT,1701107560824,0.045,36782.87
BTCUSDT,SELL,LIMIT,1701107563495,0.029,36779.76
BTCUSDT,SELL,LIMIT,1701107565619,0.012,36779.08
BTCUSDT,SELL,LIMIT,1701107567090,0.022,36771.30
BTCUSDT,SELL,LIMIT,1701107568247,0.064,36775.13
BTCUSDT,SELL,LIMIT,1701107682792,0.009,36771.08
BTCUSDT,SELL,LIMIT,1701107740231,0.003,36767.68
BTCUSDT,SELL,LIMIT,1701107741522,0.019,36765.11
BTCUSDT,SELL,LIMIT,1701107755186,0.011,36764.40
BTCUSDT,SELL,LIMIT,1701107779150,0.022,36756.98
BTCUSDT,SELL,LIMIT,1701107780216,0.072,36742.72
BTCUSDT,SELL,LIMIT,1701107781221,0.003,36747.50
BTCUSDT,SELL,LIMIT,1701107897219,0.097,36739.58
BTCUSDT,SELL,LIMIT,1701107898255,0.006,36738.44
BTCUSDT,SELL,LIMIT,1701107904265,0.072,36736.43
BTCUSDT,SELL,LIMIT,1701107905646,0.078,36736.39
BTCUSDT,BUY,LIMIT,1701109036359,0.003,37151.09
BTCUSDT,BUY,LIMIT,1701109146702,0.048,37190.45
BTCUSDT,BUY,LIMIT,1701109150033,0.366,37192.16
BTCUSDT,BUY,LIMIT,1701109714209,0.053,37201.56
BTCUSDT,BUY,LIMIT,1701109723382,0.005,37203.21
BTCUSDT,BUY,LIMIT,1701109925381,0.033,37215.71
BTCUSDT,BUY,LIMIT,1701109937501,0.006,37218.45
BTCUSDT,BUY,LIMIT,1701109939812,0.020,37222.32
BTCUSDT,SELL,LIMIT,1701110619979,0.013,36838.93
BTCUSDT,SELL,LIMIT,1701111068134,0.270,37007.56
BTCUSDT,SELL,LIMIT,1701111073021,0.216,36909.03
BTCUSDT,SELL,LIMIT,1701111097167,0.006,36882.45
BTCUSDT,SELL,LIMIT,1701111107603,0.046,36948.17
BTCUSDT,SELL,LIMIT,1701111199182,0.110,36847.08
BTCUSDT,SELL,LIMIT,1701111243046,0.003,36824.22
BTCUSDT,BUY,LIMIT,1701111254612,0.062,37113.66
BTCUSDT,BUY,LIMIT,1701111348170,0.077,37141.63
BTCUSDT,BUY,LIMIT,1701111565502,0.102,37127.62
BTCUSDT,SELL,LIMIT,1701111829437,0.027,36890.25
BTCUSDT,BUY,LIMIT,1701111840663,0.029,37158.94
BTCUSDT,SELL,LIMIT,1701111914795,0.086,36832.86
BTCUSDT,BUY,LIMIT,1701111921202,0.036,37117.96
BTCUSDT,SELL,LIMIT,1701111922493,0.011,36824.57
BTCUSDT,SELL,LIMIT,1701111937676,0.533,36819.93
BTCUSDT,SELL,LIMIT,1701111977487,0.350,36809.29
BTCUSDT,SELL,LIMIT,1701112008990,0.004,36806.07
BTCUSDT,BUY,LIMIT,1701112053704,0.003,37019.76
BTCUSDT,SELL,LIMIT,1701112080721,0.003,36793.24
BTCUSDT,SELL,LIMIT,1701112120351,0.003,36788.56
BTCUSDT,SELL,LIMIT,1701112129395,0.013,36787.46
BTCUSDT,SELL,LIMIT,1701112179265,0.017,36805.72
BTCUSDT,SELL,LIMIT,1701112212519,0.056,36770.52
BTCUSDT,SELL,LIMIT,1701112213743,0.028,36769.79
BTCUSDT,BUY,LIMIT,1701113163094,0.004,37159.84
BTCUSDT,BUY,LIMIT,1701113667736,0.019,37199.37
BTCUSDT,SELL,LIMIT,1701114161363,0.001,40878.09
BTCUSDT,SELL,LIMIT,1701114162359,0.001,36793.02
BTCUSDT,SELL,LIMIT,1701114163336,0.013,36761.08
BTCUSDT,SELL,LIMIT,1701114191891,0.034,36760.22
BTCUSDT,SELL,LIMIT,1701114193479,0.010,36757.59
BTCUSDT,SELL,LIMIT,1701114195744,0.005,36753.39
BTCUSDT,SELL,LIMIT,1701114197077,0.004,36751.72
BTCUSDT,SELL,LIMIT,1701114198197,0.040,36749.18
BTCUSDT,SELL,LIMIT,1701114205359,0.006,36746.13
BTCUSDT,SELL,LIMIT,1701114216099,0.004,36741.52
BTCUSDT,SELL,LIMIT,1701114219719,0.013,36740.93
BTCUSDT,SELL,LIMIT,1701114226357,0.817,36740.31
BTCUSDT,SELL,LIMIT,1701114228068,0.026,36738.22
BTCUSDT,SELL,LIMIT,1701114229665,0.296,36734.50
BTCUSDT,SELL,LIMIT,1701114230725,0.075,36729.23
BTCUSDT,SELL,LIMIT,1701114232634,0.064,36725.78
BTCUSDT,SELL,LIMIT,1701114233895,0.023,36723.52
BTCUSDT,SELL,LIMIT,1701114235635,0.007,36885.60
BTCUSDT,SELL,LIMIT,1701114236529,0.097,36718.17
BTCUSDT,SELL,LIMIT,1701114238073,0.030,36715.71
BTCUSDT,SELL,LIMIT,1701114239088,0.040,36711.76
BTCUSDT,SELL,LIMIT,1701114240129,0.016,36703.68
BTCUSDT,SELL,LIMIT,1701114261093,0.036,36700.18
BTCUSDT,SELL,LIMIT,1701114262164,0.957,36700.56
BTCUSDT,SELL,LIMIT,1701114263188,0.031,36695.28
BTCUSDT,SELL,LIMIT,1701114264222,0.086,36695.24
BTCUSDT,SELL,LIMIT,1701114275226,0.003,36699.02
BTCUSDT,SELL,LIMIT,1701114277141,0.005,36693.25
BTCUSDT,SELL,LIMIT,1701114278140,0.556,36685.44
BTCUSDT,SELL,LIMIT,1701114279164,0.011,36689.20
BTCUSDT,SELL,LIMIT,1701114340940,0.004,36687.74
BTCUSDT,SELL,LIMIT,1701114341996,0.022,36685.97
BTCUSDT,SELL,LIMIT,1701114343044,0.020,36681.77
BTCUSDT,SELL,LIMIT,1701114344170,0.011,36679.57
BTCUSDT,SELL,LIMIT,1701114350487,0.012,36698.92
BTCUSDT,SELL,LIMIT,1701114352848,0.014,36677.48
BTCUSDT,SELL,LIMIT,1701114355166,0.064,36674.77
BTCUSDT,SELL,LIMIT,1701114356657,0.264,36673.53
BTCUSDT,SELL,LIMIT,1701114358850,0.018,36673.01
BTCUSDT,SELL,LIMIT,1701114456078,0.815,36679.10
BTCUSDT,SELL,LIMIT,1701114461752,0.216,36677.97
BTCUSDT,SELL,LIMIT,1701114463768,0.039,36677.90
BTCUSDT,SELL,LIMIT,1701114466184,0.102,36674.03
BTCUSDT,SELL,LIMIT,1701114467572,0.324,36674.43
BTCUSDT,SELL,LIMIT,1701114470085,0.017,36671.76
BTCUSDT,SELL,LIMIT,1701114472592,0.013,36670.58
BTCUSDT,SELL,LIMIT,1701114474089,0.003,36668.68
BTCUSDT,SELL,LIMIT,1701114475126,0.068,36668.66
BTCUSDT,SELL,LIMIT,1701114476106,0.077,36668.45
BTCUSDT,SELL,LIMIT,1701114478102,0.100,36665.80
BTCUSDT,SELL,LIMIT,1701114489430,0.003,36665.47
BTCUSDT,SELL,LIMIT,1701114490494,0.058,36663.00
BTCUSDT,SELL,LIMIT,1701114491528,0.003,36661.68
BTCUSDT,SELL,LIMIT,1701114493134,0.035,36659.04
BTCUSDT,SELL,LIMIT,1701114494296,0.267,36656.83
BTCUSDT,SELL,LIMIT,1701114495264,0.591,36654.31
BTCUSDT,SELL,LIMIT,1701114496366,0.052,36648.51
BTCUSDT,SELL,LIMIT,1701114497446,0.540,36646.98
BTCUSDT,SELL,LIMIT,1701114498611,0.016,36646.03
BTCUSDT,SELL,LIMIT,1701114499811,0.028,36644.43
BTCUSDT,SELL,LIMIT,1701114502744,0.202,36644.68
BTCUSDT,SELL,LIMIT,1701114525525,0.002,37008.84
BTCUSDT,SELL,LIMIT,1701114529107,0.224,36649.82
BTCUSDT,SELL,LIMIT,1701114566079,0.167,36643.84
BTCUSDT,SELL,LIMIT,1701114568377,0.014,36642.61
BTCUSDT,SELL,LIMIT,1701114570157,0.027,36641.44
BTCUSDT,SELL,LIMIT,1701114571169,0.010,36641.58
BTCUSDT,SELL,LIMIT,1701114572123,0.016,36637.84
BTCUSDT,SELL,LIMIT,1701114620548,0.018,36689.53
BTCUSDT,SELL,LIMIT,1701114701377,0.027,36655.88
BTCUSDT,BUY,LIMIT,1701115882459,1.033,37059.81
BTCUSDT,BUY,LIMIT,1701115962274,0.025,37070.55
BTCUSDT,BUY,LIMIT,1701116275382,0.007,37077.06
BTCUSDT,BUY,LIMIT,1701116286820,0.025,37089.78
BTCUSDT,BUY,LIMIT,1701116378146,0.084,37097.31
BTCUSDT,BUY,LIMIT,1701116384371,0.074,37097.76
BTCUSDT,SELL,LIMIT,1701116550638,0.010,36837.96
BTCUSDT,SELL,LIMIT,1701116768967,0.012,36793.53
BTCUSDT,SELL,LIMIT,1701116830192,0.019,36764.08
BTCUSDT,SELL,LIMIT,1701116980745,0.005,36711.62
BTCUSDT,SELL,LIMIT,1701117177246,0.012,36720.73
BTCUSDT,SELL,LIMIT,1701117187250,0.080,36718.04
BTCUSDT,SELL,LIMIT,1701117189089,0.013,36719.58
BTCUSDT,SELL,LIMIT,1701117200058,0.105,36723.57
BTCUSDT,SELL,LIMIT,1701117268959,0.367,36748.02
BTCUSDT,BUY,LIMIT,1701117511000,0.011,37078.20
BTCUSDT,BUY,LIMIT,1701117538344,0.029,37083.64
BTCUSDT,SELL,LIMIT,1701118069378,0.003,36701.84
BTCUSDT,SELL,LIMIT,1701118696274,0.080,36656.51
BTCUSDT,SELL,LIMIT,1701118776165,0.251,36654.08
BTCUSDT,SELL,LIMIT,1701118777586,0.033,36649.09
BTCUSDT,SELL,LIMIT,1701118780020,0.028,36644.39
BTCUSDT,SELL,LIMIT,1701118822839,0.089,36642.28
BTCUSDT,SELL,LIMIT,1701118859967,0.031,36637.09
BTCUSDT,BUY,LIMIT,1701119507426,0.511,37047.37
BTCUSDT,BUY,LIMIT,1701119770134,0.006,37065.11
BTCUSDT,BUY,LIMIT,1701119861137,0.011,37079.97
BTCUSDT,BUY,LIMIT,1701119923032,0.038,37096.04
BTCUSDT,BUY,LIMIT,1701119926096,0.020,37098.36
BTCUSDT,BUY,LIMIT,1701119948156,0.025,37100.77
BTCUSDT,BUY,LIMIT,1701119949722,0.008,37101.40
BTCUSDT,BUY,LIMIT,1701119975113,0.299,37106.86
BTCUSDT,BUY,LIMIT,1701119983380,0.083,37117.65
BTCUSDT,BUY,LIMIT,1701119990286,0.003,37118.51
BTCUSDT,BUY,LIMIT,1701119991926,0.010,37121.33
BTCUSDT,BUY,LIMIT,1701120385225,0.003,37120.80
BTCUSDT,BUY,LIMIT,1701120420900,0.678,37135.18
BTCUSDT,BUY,LIMIT,1701120461092,0.011,37136.19
BTCUSDT,BUY,LIMIT,1701120683407,0.011,37141.39
BTCUSDT,BUY,LIMIT,1701120784192,0.003,37148.15
BTCUSDT,BUY,LIMIT,1701120792684,0.003,37148.86
BTCUSDT,BUY,LIMIT,1701120814452,0.011,37150.95
BTCUSDT,BUY,LIMIT,1701120817238,0.053,37156.14
BTCUSDT,BUY,LIMIT,1701120826006,0.010,37158.95
BTCUSDT,BUY,LIMIT,1701120828704,0.017,37161.36
BTCUSDT,BUY,LIMIT,1701120915183,0.027,37169.20
BTCUSDT,BUY,LIMIT,1701120919654,0.024,37171.26
BTCUSDT,BUY,LIMIT,1701120924428,0.078,37172.07
BTCUSDT,BUY,LIMIT,1701120934669,0.060,37158.92
BTCUSDT,BUY,LIMIT,1701120938153,0.012,37180.97
BTCUSDT,BUY,LIMIT,1701121003538,0.009,37172.22
BTCUSDT,BUY,LIMIT,1701121052348,0.004,37184.80
BTCUSDT,SELL,LIMIT,1701121070383,0.003,36957.49
BTCUSDT,SELL,LIMIT,1701121730685,0.169,36864.55
BTCUSDT,SELL,LIMIT,1701121736804,0.004,37552.20
BTCUSDT,SELL,LIMIT,1701121738504,0.054,36873.70
BTCUSDT,SELL,LIMIT,1701121834423,0.008,36838.54
BTCUSDT,SELL,LIMIT,1701122219676,0.139,36823.81
BTCUSDT,SELL,LIMIT,1701122225128,0.005,37481.76
BTCUSDT,BUY,LIMIT,1701122469100,0.055,37173.11
BTCUSDT,BUY,LIMIT,1701122770030,0.005,37143.13
BTCUSDT,BUY,LIMIT,1701122890646,0.007,37136.45
BTCUSDT,SELL,LIMIT,1701122900428,3.000,36817.51
BTCUSDT,SELL,LIMIT,1701123155908,0.011,36838.37
BTCUSDT,SELL,LIMIT,1701123157614,0.003,36970.58
BTCUSDT,SELL,LIMIT,1701123160285,0.011,36822.22
BTCUSDT,BUY,LIMIT,1701123169069,0.070,37115.37
BTCUSDT,BUY,LIMIT,1701123191693,0.015,36966.48
BTCUSDT,BUY,LIMIT,1701124044815,0.009,37163.31
BTCUSDT,BUY,LIMIT,1701124135923,0.017,37192.53
BTCUSDT,BUY,LIMIT,1701124137591,0.029,37193.18
BTCUSDT,BUY,LIMIT,1701124142395,0.804,37194.82
BTCUSDT,BUY,LIMIT,1701124210252,0.012,37197.08
BTCUSDT,SELL,LIMIT,1701124251773,0.003,36947.93
BTCUSDT,SELL,LIMIT,1701124270079,0.013,36907.41
BTCUSDT,BUY,LIMIT,1701125470589,0.008,37200.76
BTCUSDT,BUY,LIMIT,1701125478185,0.010,37205.52
BTCUSDT,BUY,LIMIT,1701125682854,0.004,37209.89
BTCUSDT,BUY,LIMIT,1701125734161,0.068,37211.58
BTCUSDT,BUY,LIMIT,1701125804251,0.003,37215.78
BTCUSDT,BUY,LIMIT,1701125836397,0.035,37214.46
BTCUSDT,BUY,LIMIT,1701125921516,0.003,37218.83
BTCUSDT,BUY,LIMIT,1701125923016,0.020,37223.50
BTCUSDT,BUY,LIMIT,1701125944323,0.016,37222.32
BTCUSDT,BUY,LIMIT,1701126029460,0.241,37229.60
BTCUSDT,BUY,LIMIT,1701126042379,0.003,37230.63
BTCUSDT,BUY,LIMIT,1701126043640,0.003,37236.57
BTCUSDT,BUY,LIMIT,1701126092329,0.124,37242.38
BTCUSDT,BUY,LIMIT,1701126093913,0.018,37245.99
BTCUSDT,BUY,LIMIT,1701126095221,0.319,37248.38
BTCUSDT,BUY,LIMIT,1701126096237,0.035,37256.64
BTCUSDT,BUY,LIMIT,1701126097254,0.013,37249.06
BTCUSDT,BUY,LIMIT,1701126131257,0.050,37259.27
BTCUSDT,BUY,LIMIT,1701126133042,0.003,37260.56
BTCUSDT,BUY,LIMIT,1701126134077,0.019,37262.40
BTCUSDT,BUY,LIMIT,1701126135756,0.008,37268.44
BTCUSDT,BUY,LIMIT,1701126137307,0.029,37268.44
BTCUSDT,BUY,LIMIT,1701126143127,0.689,37268.96
BTCUSDT,BUY,LIMIT,1701126148040,0.005,37274.67
BTCUSDT,BUY,LIMIT,1701126149126,0.006,37277.14
BTCUSDT,BUY,LIMIT,1701126294246,0.179,37239.61
BTCUSDT,BUY,LIMIT,1701126616130,0.031,37251.81
BTCUSDT,BUY,LIMIT,1701126640530,0.012,37261.15
BTCUSDT,BUY,LIMIT,1701126642720,0.015,37263.35
BTCUSDT,BUY,LIMIT,1701126649186,0.005,37268.07
BTCUSDT,BUY,LIMIT,1701126655171,0.040,37279.98
BTCUSDT,BUY,LIMIT,1701126662032,0.039,37280.15
BTCUSDT,BUY,LIMIT,1701126664196,0.003,37283.66
BTCUSDT,BUY,LIMIT,1701126668058,0.004,37285.80
BTCUSDT,BUY,LIMIT,1701126669175,0.061,37284.77
BTCUSDT,BUY,LIMIT,1701126693248,0.005,37267.00
BTCUSDT,BUY,LIMIT,1701126852182,0.003,37286.79
BTCUSDT,BUY,LIMIT,1701127027407,0.011,37277.96
BTCUSDT,BUY,LIMIT,1701127032602,0.019,37276.80
BTCUSDT,BUY,LIMIT,1701127053877,0.003,37282.45
BTCUSDT,SELL,LIMIT,1701127059279,0.034,36985.84
BTCUSDT,BUY,LIMIT,1701127477401,0.014,37288.61
BTCUSDT,BUY,LIMIT,1701127478337,0.111,37288.54
BTCUSDT,BUY,LIMIT,1701127479192,0.011,37301.53
BTCUSDT,BUY,LIMIT,1701127480066,0.021,37341.33
BTCUSDT,BUY,LIMIT,1701127481167,0.375,37328.69
BTCUSDT,BUY,LIMIT,1701127482666,3.077,37363.84
BTCUSDT,BUY,LIMIT,1701127489545,0.013,37345.16
BTCUSDT,BUY,LIMIT,1701127490457,0.011,37355.30
BTCUSDT,BUY,LIMIT,1701127491602,0.005,37362.60
BTCUSDT,BUY,LIMIT,1701127492642,0.011,37368.71
BTCUSDT,BUY,LIMIT,1701127498549,0.039,37372.00
BTCUSDT,BUY,LIMIT,1701127499605,0.103,37376.57
BTCUSDT,BUY,LIMIT,1701127500868,0.017,37378.65
BTCUSDT,BUY,LIMIT,1701127501884,0.421,37382.83
BTCUSDT,BUY,LIMIT,1701127866055,0.188,37384.35
BTCUSDT,BUY,LIMIT,1701127888148,0.204,37385.43
BTCUSDT,BUY,LIMIT,1701127889193,0.110,37387.00
BTCUSDT,BUY,LIMIT,1701127890252,0.039,37389.28
BTCUSDT,BUY,LIMIT,1701127892953,0.064,37390.51
BTCUSDT,BUY,LIMIT,1701127894118,0.003,37393.86
BTCUSDT,BUY,LIMIT,1701127895125,0.006,37393.92
BTCUSDT,BUY,LIMIT,1701127900800,0.003,37396.31
BTCUSDT,BUY,LIMIT,1701128002095,0.003,37396.78
BTCUSDT,BUY,LIMIT,1701128003277,0.012,37396.80
BTCUSDT,BUY,LIMIT,1701128004458,0.083,37397.55
BTCUSDT,BUY,LIMIT,1701128007111,0.019,37399.14
BTCUSDT,BUY,LIMIT,1701128008385,0.004,37400.59
BTCUSDT,BUY,LIMIT,1701128009464,0.015,37401.51
BTCUSDT,BUY,LIMIT,1701128012686,0.120,37401.63
BTCUSDT,BUY,LIMIT,1701128016203,0.054,37385.00
BTCUSDT,BUY,LIMIT,1701128048704,0.023,37402.34
BTCUSDT,BUY,LIMIT,1701128049851,0.006,37405.41
BTCUSDT,BUY,LIMIT,1701128051142,0.005,37409.04
BTCUSDT,BUY,LIMIT,1701128086118,0.087,37410.69
BTCUSDT,BUY,LIMIT,1701128087137,0.028,37413.40
BTCUSDT,BUY,LIMIT,1701128088216,1.245,37412.85
BTCUSDT,BUY,LIMIT,1701128097909,0.717,37414.75
BTCUSDT,BUY,LIMIT,1701129175165,0.003,37418.04
BTCUSDT,BUY,LIMIT,1701129176390,0.003,37416.32
BTCUSDT,BUY,LIMIT,1701129177732,0.047,37421.84
BTCUSDT,BUY,LIMIT,1701129240775,0.135,37423.23
BTCUSDT,SELL,LIMIT,1701129912020,0.004,37085.98
BTCUSDT,SELL,LIMIT,1701129946894,0.050,37217.26
BTCUSDT,BUY,LIMIT,1701130197984,0.022,37361.51
BTCUSDT,BUY,LIMIT,1701130980165,1.091,37402.03
BTCUSDT,BUY,LIMIT,1701131058080,0.004,37415.59
BTCUSDT,BUY,LIMIT,1701131105911,2.000,37427.25
BTCUSDT,BUY,LIMIT,1701131464990,0.081,37420.53
BTCUSDT,BUY,LIMIT,1701131564283,0.274,37424.60
BTCUSDT,BUY,LIMIT,1701131689144,0.019,37428.23
BTCUSDT,BUY,LIMIT,1701131690329,0.091,37430.15
BTCUSDT,BUY,LIMIT,1701131691331,0.100,37445.98
BTCUSDT,BUY,LIMIT,1701131869387,0.156,37438.15
BTCUSDT,BUY,LIMIT,1701131892315,0.020,37438.42
BTCUSDT,BUY,LIMIT,1701131900273,0.016,37446.27
BTCUSDT,BUY,LIMIT,1701131901385,0.003,37447.62
BTCUSDT,BUY,LIMIT,1701131902808,0.004,37452.19
BTCUSDT,BUY,LIMIT,1701131903975,0.007,37453.38
BTCUSDT,BUY,LIMIT,1701131913288,0.058,37455.91
BTCUSDT,BUY,LIMIT,1701131928416,0.013,37456.94
BTCUSDT,BUY,LIMIT,1701131931190,0.038,37468.48
BTCUSDT,BUY,LIMIT,1701131932268,0.670,37461.65
BTCUSDT,BUY,LIMIT,1701131963095,0.001,37473.47
BTCUSDT,BUY,LIMIT,1701132144200,0.041,37475.09
BTCUSDT,BUY,LIMIT,1701132146066,0.162,37477.93
BTCUSDT,BUY,LIMIT,1701132147086,0.095,37479.01
BTCUSDT,BUY,LIMIT,1701132148168,0.167,37479.51
BTCUSDT,BUY,LIMIT,1701132204574,0.013,37478.91
BTCUSDT,BUY,LIMIT,1701132207071,0.008,37480.43
BTCUSDT,BUY,LIMIT,1701132208205,0.004,37481.71
BTCUSDT,BUY,LIMIT,1701132209607,0.077,37483.65
BTCUSDT,SELL,LIMIT,1701134270276,0.047,37038.63
BTCUSDT,SELL,LIMIT,1701134606245,0.016,37033.80
BTCUSDT,SELL,LIMIT,1701134629680,0.461,37027.68
BTCUSDT,SELL,LIMIT,1701134654998,0.150,37017.99
BTCUSDT,SELL,LIMIT,1701134669040,0.299,37010.28
BTCUSDT,BUY,LIMIT,1701135158937,0.014,37309.36
BTCUSDT,BUY,LIMIT,1701135682279,0.204,37332.23
BTCUSDT,SELL,LIMIT,1701135723250,0.003,37287.52
BTCUSDT,SELL,LIMIT,1701135785634,0.031,37052.50
BTCUSDT,SELL,LIMIT,1701135976238,0.026,37073.19
BTCUSDT,BUY,LIMIT,1701136049937,0.055,37364.86
BTCUSDT,SELL,LIMIT,1701136938048,0.023,37019.64
BTCUSDT,SELL,LIMIT,1701137032079,0.009,36998.65
BTCUSDT,SELL,LIMIT,1701137155076,0.048,36995.91
BTCUSDT,SELL,LIMIT,1701137282906,0.355,36985.90
BTCUSDT,SELL,LIMIT,1701137296682,0.040,36984.13
BTCUSDT,SELL,LIMIT,1701137299050,0.008,36979.76
BTCUSDT,SELL,LIMIT,1701137301132,0.031,36979.67
BTCUSDT,SELL,LIMIT,1701137379147,1.132,36981.40
BTCUSDT,SELL,LIMIT,1701137432274,0.106,36974.83
BTCUSDT,SELL,LIMIT,1701137436972,0.010,36973.32
BTCUSDT,SELL,LIMIT,1701137438648,0.189,36970.70
BTCUSDT,BUY,LIMIT,1701137528184,0.003,37184.87
BTCUSDT,BUY,LIMIT,1701137731154,0.009,37297.16
BTCUSDT,SELL,LIMIT,1701137846389,0.015,37247.51
BTCUSDT,SELL,LIMIT,1701138496365,1.354,37149.19
BTCUSDT,SELL,LIMIT,1701138499076,0.003,37096.21
BTCUSDT,SELL,LIMIT,1701138816036,0.036,36964.10
BTCUSDT,SELL,LIMIT,1701138827544,0.007,36963.18
BTCUSDT,SELL,LIMIT,1701138833268,0.015,36962.31
BTCUSDT,SELL,LIMIT,1701138845171,0.029,36961.44
BTCUSDT,SELL,LIMIT,1701139473035,0.018,37031.70
BTCUSDT,SELL,LIMIT,1701140949228,0.003,37047.08
BTCUSDT,SELL,LIMIT,1701143268561,0.036,36960.00
BTCUSDT,SELL,LIMIT,1701143269855,0.007,36959.36
BTCUSDT,SELL,LIMIT,1701143336451,0.018,36956.58
BTCUSDT,SELL,LIMIT,1701143342699,0.171,36955.93
BTCUSDT,SELL,LIMIT,1701143348265,0.050,36954.30
BTCUSDT,SELL,LIMIT,1701143349395,0.003,36953.02
BTCUSDT,SELL,LIMIT,1701143352871,0.121,36951.18
BTCUSDT,BUY,LIMIT,1701144717528,0.026,37278.66
BTCUSDT,SELL,LIMIT,1701145565099,0.001,36957.98
BTCUSDT,SELL,LIMIT,1701145697074,0.027,36941.57
BTCUSDT,SELL,LIMIT,1701145699250,0.379,36940.68
BTCUSDT,SELL,LIMIT,1701145785250,0.010,36938.69
BTCUSDT,SELL,LIMIT,1701145790220,0.239,36936.21
BTCUSDT,SELL,LIMIT,1701145791587,0.011,36930.83
BTCUSDT,SELL,LIMIT,1701145803138,0.004,36929.89
BTCUSDT,SELL,LIMIT,1701145851435,0.003,36928.29
BTCUSDT,SELL,LIMIT,1701145954992,0.470,36925.86
BTCUSDT,SELL,LIMIT,1701145998651,0.003,36922.10
BTCUSDT,SELL,LIMIT,1701146000793,0.004,36922.10
BTCUSDT,SELL,LIMIT,1701146007663,2.137,36907.18
BTCUSDT,SELL,LIMIT,1701146017329,0.004,36919.35
BTCUSDT,SELL,LIMIT,1701146019439,0.004,36918.86
BTCUSDT,SELL,LIMIT,1701146031651,0.058,36918.34
BTCUSDT,SELL,LIMIT,1701146066261,0.003,36910.94
BTCUSDT,BUY,LIMIT,1701146565123,0.009,37189.08
BTCUSDT,SELL,LIMIT,1701146595091,0.003,36906.58
BTCUSDT,SELL,LIMIT,1701146615285,0.035,36898.08
BTCUSDT,SELL,LIMIT,1701146617093,0.007,36895.94
BTCUSDT,SELL,LIMIT,1701146767773,0.082,36953.06
BTCUSDT,SELL,LIMIT,1701146782947,0.009,36894.74
BTCUSDT,SELL,LIMIT,1701146784186,0.042,36893.60
BTCUSDT,SELL,LIMIT,1701146785657,0.373,36892.26
BTCUSDT,SELL,LIMIT,1701146819118,0.056,36892.09
BTCUSDT,SELL,LIMIT,1701146820864,0.044,36891.19
BTCUSDT,SELL,LIMIT,1701146822074,0.003,36889.14
BTCUSDT,SELL,LIMIT,1701146836070,0.719,36884.57
BTCUSDT,SELL,LIMIT,1701146837119,0.004,36883.35
BTCUSDT,SELL,LIMIT,1701146838129,0.068,36882.09
BTCUSDT,SELL,LIMIT,1701146841228,0.078,36873.23
BTCUSDT,SELL,LIMIT,1701146842468,0.082,36872.14
BTCUSDT,SELL,LIMIT,1701146889593,0.007,36870.06
BTCUSDT,SELL,LIMIT,1701146890632,0.135,36867.62
BTCUSDT,SELL,LIMIT,1701146912269,0.300,36852.88
BTCUSDT,SELL,LIMIT,1701146913271,0.009,36852.61
BTCUSDT,SELL,LIMIT,1701146914383,0.036,36847.41
BTCUSDT,SELL,LIMIT,1701146916160,0.026,36843.03
BTCUSDT,SELL,LIMIT,1701146917386,0.030,36842.70
BTCUSDT,SELL,LIMIT,1701146918576,0.010,36842.25
BTCUSDT,SELL,LIMIT,1701146953522,0.026,36841.79
BTCUSDT,SELL,LIMIT,1701146955133,0.008,36837.69
BTCUSDT,SELL,LIMIT,1701146956263,0.010,36836.30
BTCUSDT,SELL,LIMIT,1701146960421,3.916,36810.97
BTCUSDT,SELL,LIMIT,1701146962482,0.041,36834.56
BTCUSDT,SELL,LIMIT,1701146963735,0.023,36832.41
BTCUSDT,SELL,LIMIT,1701146965184,0.005,36831.54
BTCUSDT,SELL,LIMIT,1701146966378,0.175,36830.29
BTCUSDT,SELL,LIMIT,1701147055028,0.014,36822.36
BTCUSDT,SELL,LIMIT,1701147056526,0.247,36826.52
BTCUSDT,SELL,LIMIT,1701147892612,0.104,36824.01
BTCUSDT,SELL,LIMIT,1701147947076,0.003,36819.46
BTCUSDT,SELL,LIMIT,1701147948295,0.039,36819.00
BTCUSDT,SELL,LIMIT,1701147953204,0.010,36818.31
BTCUSDT,SELL,LIMIT,1701147955047,0.012,36818.07
BTCUSDT,SELL,LIMIT,1701147960162,0.031,36817.97
BTCUSDT,SELL,LIMIT,1701148007098,0.015,36815.46
BTCUSDT,SELL,LIMIT,1701148007947,0.034,36815.95
BTCUSDT,SELL,LIMIT,1701148008898,0.076,36811.91
BTCUSDT,SELL,LIMIT,1701148010268,0.065,36800.64
BTCUSDT,SELL,LIMIT,1701148011368,0.003,36800.83
BTCUSDT,SELL,LIMIT,1701148040653,0.084,36799.10
BTCUSDT,SELL,LIMIT,1701148054494,0.006,36797.29
BTCUSDT,SELL,LIMIT,1701148062133,0.065,36795.76
BTCUSDT,SELL,LIMIT,1701148065566,0.584,36793.93
BTCUSDT,SELL,LIMIT,1701148097813,0.343,36790.94
BTCUSDT,SELL,LIMIT,1701148113285,0.008,36789.54
BTCUSDT,SELL,LIMIT,1701148114296,0.069,36782.45
BTCUSDT,SELL,LIMIT,1701148115687,0.012,36777.31
BTCUSDT,SELL,LIMIT,1701148131614,0.368,36775.63
BTCUSDT,SELL,LIMIT,1701148135030,0.006,36766.35
BTCUSDT,SELL,LIMIT,1701148136170,2.902,36751.45
BTCUSDT,SELL,LIMIT,1701148137543,0.032,36764.49
BTCUSDT,SELL,LIMIT,1701148171709,0.015,36767.70
BTCUSDT,SELL,LIMIT,1701148184053,0.178,36762.85
BTCUSDT,SELL,LIMIT,1701148206958,0.034,36759.76
BTCUSDT,SELL,LIMIT,1701148217046,0.008,36756.24
BTCUSDT,SELL,LIMIT,1701148218251,0.003,36758.25
BTCUSDT,SELL,LIMIT,1701148220222,0.149,36749.39
BTCUSDT,SELL,LIMIT,1701148221266,0.003,36743.77
BTCUSDT,SELL,LIMIT,1701148236827,0.038,36750.30
BTCUSDT,SELL,LIMIT,1701148239019,0.006,36758.46
BTCUSDT,SELL,LIMIT,1701148247591,0.007,36742.37
BTCUSDT,SELL,LIMIT,1701148249337,1.006,36741.68
BTCUSDT,SELL,LIMIT,1701148259804,0.130,36744.23
BTCUSDT,BUY,LIMIT,1701148299595,0.005,36905.16
BTCUSDT,SELL,LIMIT,1701148529176,0.075,36828.72
BTCUSDT,SELL,LIMIT,1701148566291,0.016,36773.39
BTCUSDT,SELL,LIMIT,1701148849156,0.008,36766.07
BTCUSDT,SELL,LIMIT,1701148937047,0.300,36754.50
BTCUSDT,SELL,LIMIT,1701148968968,0.262,36746.43
BTCUSDT,SELL,LIMIT,1701148984134,0.007,36749.92
BTCUSDT,SELL,LIMIT,1701149011641,0.006,36748.42
BTCUSDT,SELL,LIMIT,1701149066250,0.005,36746.10
BTCUSDT,SELL,LIMIT,1701149067819,0.027,36743.90
BTCUSDT,SELL,LIMIT,1701149081908,0.108,36741.87
BTCUSDT,SELL,LIMIT,1701149095033,0.020,36737.76
BTCUSDT,SELL,LIMIT,1701149109598,1.010,36739.94
BTCUSDT,SELL,LIMIT,1701149111485,0.216,36739.16
BTCUSDT,BUY,LIMIT,1701149368759,0.743,37049.19
BTCUSDT,SELL,LIMIT,1701149688712,0.009,36746.33
BTCUSDT,SELL,LIMIT,1701149693103,0.013,36761.18
BTCUSDT,SELL,LIMIT,1701149761260,0.008,36749.48
BTCUSDT,SELL,LIMIT,1701149771344,0.013,36748.88
BTCUSDT,SELL,LIMIT,1701149772436,0.003,36743.06
BTCUSDT,SELL,LIMIT,1701149773677,0.134,36742.80
BTCUSDT,SELL,LIMIT,1701149805126,0.530,36740.34
BTCUSDT,SELL,LIMIT,1701149838073,0.007,36735.07
BTCUSDT,SELL,LIMIT,1701149839142,0.078,36733.73
BTCUSDT,SELL,LIMIT,1701149840251,0.008,36733.06
BTCUSDT,SELL,LIMIT,1701149842102,0.787,36731.25
BTCUSDT,SELL,LIMIT,1701149843217,0.035,36731.93
BTCUSDT,SELL,LIMIT,1701149846280,3.880,36704.34
BTCUSDT,SELL,LIMIT,1701149849987,0.003,36727.88
BTCUSDT,SELL,LIMIT,1701149851104,0.004,36727.26
BTCUSDT,SELL,LIMIT,1701149852154,0.004,36726.94
BTCUSDT,SELL,LIMIT,1701149853217,0.003,36725.31
BTCUSDT,SELL,LIMIT,1701149854510,0.003,36725.01
BTCUSDT,SELL,LIMIT,1701149859214,0.006,36724.81
BTCUSDT,SELL,LIMIT,1701149880209,1.000,36725.09
BTCUSDT,SELL,LIMIT,1701149882443,0.008,36724.90
BTCUSDT,SELL,LIMIT,1701149885159,0.021,36723.23
BTCUSDT,SELL,LIMIT,1701149890105,0.025,36720.30
BTCUSDT,SELL,LIMIT,1701149893370,0.047,36718.54
BTCUSDT,SELL,LIMIT,1701149895103,0.007,36717.79
BTCUSDT,SELL,LIMIT,1701149896307,0.018,36715.05
BTCUSDT,SELL,LIMIT,1701149898133,0.203,36713.71
BTCUSDT,SELL,LIMIT,1701149901291,0.098,36711.51
BTCUSDT,SELL,LIMIT,1701149902305,0.003,36711.41
BTCUSDT,SELL,LIMIT,1701151232063,0.536,36742.29
BTCUSDT,BUY,LIMIT,1701151247561,0.061,37021.96
BTCUSDT,SELL,LIMIT,1701151263536,0.039,36736.82
BTCUSDT,SELL,LIMIT,1701151270763,0.010,36735.23
BTCUSDT,SELL,LIMIT,1701151623063,0.027,36751.43
BTCUSDT,BUY,LIMIT,1701152392148,0.041,37165.85
BTCUSDT,BUY,LIMIT,1701152396627,0.165,37166.87
BTCUSDT,BUY,LIMIT,1701153222154,0.008,37169.21
BTCUSDT,BUY,LIMIT,1701153262236,0.010,37176.45
BTCUSDT,BUY,LIMIT,1701153276897,0.022,37183.67
BTCUSDT,BUY,LIMIT,1701153281271,0.020,37187.95
BTCUSDT,BUY,LIMIT,1701153287108,0.004,37191.35
BTCUSDT,BUY,LIMIT,1701153288152,0.030,37193.17
BTCUSDT,BUY,LIMIT,1701153290042,0.073,37194.00
BTCUSDT,BUY,LIMIT,1701153339239,0.087,37197.32
BTCUSDT,BUY,LIMIT,1701153340441,0.008,37199.69
BTCUSDT,BUY,LIMIT,1701153356633,0.058,37205.52
BTCUSDT,BUY,LIMIT,1701153757058,0.095,37205.11
BTCUSDT,SELL,LIMIT,1701154313061,0.268,36883.59
BTCUSDT,BUY,LIMIT,1701154321041,0.004,31562.85
BTCUSDT,SELL,LIMIT,1701154361270,0.046,36907.63
BTCUSDT,BUY,LIMIT,1701154379226,0.003,37208.98
BTCUSDT,BUY,LIMIT,1701154380887,0.106,37217.10
BTCUSDT,BUY,LIMIT,1701154382188,0.007,37218.59
BTCUSDT,BUY,LIMIT,1701154393755,0.020,37222.61
BTCUSDT,BUY,LIMIT,1701154672361,0.025,37236.09
BTCUSDT,BUY,LIMIT,1701154678139,0.140,37239.84
BTCUSDT,BUY,LIMIT,1701154686561,0.392,37239.68
BTCUSDT,BUY,LIMIT,1701154691783,0.003,37240.67
BTCUSDT,BUY,LIMIT,1701154714430,0.008,37244.75
BTCUSDT,BUY,LIMIT,1701154715519,0.053,37242.50
BTCUSDT,BUY,LIMIT,1701154717179,0.004,37247.52
BTCUSDT,BUY,LIMIT,1701154718209,0.003,37249.00
BTCUSDT,BUY,LIMIT,1701154726649,0.017,37257.67
BTCUSDT,SELL,LIMIT,1701155300206,0.077,36991.47
BTCUSDT,SELL,LIMIT,1701155318092,0.004,36954.90
BTCUSDT,BUY,LIMIT,1701155320240,0.027,37154.86
BTCUSDT,SELL,LIMIT,1701155347165,0.075,36960.97
BTCUSDT,SELL,LIMIT,1701155532777,0.053,36913.17
BTCUSDT,BUY,LIMIT,1701155666419,0.007,37178.32
BTCUSDT,BUY,LIMIT,1701155668774,0.078,37173.41
BTCUSDT,SELL,LIMIT,1701155865664,0.006,36893.45
BTCUSDT,SELL,LIMIT,1701156366132,0.007,37167.16
BTCUSDT,SELL,LIMIT,1701156509915,0.004,37253.83
BTCUSDT,SELL,LIMIT,1701157026190,0.003,36853.82
BTCUSDT,SELL,LIMIT,1701157711367,0.052,36876.31
BTCUSDT,SELL,LIMIT,1701157838103,0.034,36927.87
BTCUSDT,BUY,LIMIT,1701157926431,0.151,37242.85
BTCUSDT,BUY,LIMIT,1701158007135,0.033,37258.69
BTCUSDT,BUY,LIMIT,1701158027195,0.011,37263.47
BTCUSDT,BUY,LIMIT,1701158029316,0.014,37270.19
BTCUSDT,BUY,LIMIT,1701158030402,0.008,37270.64
BTCUSDT,BUY,LIMIT,1701158032492,1.190,37273.63
BTCUSDT,BUY,LIMIT,1701158034068,0.005,37280.87
BTCUSDT,BUY,LIMIT,1701158035465,0.112,37281.09
BTCUSDT,BUY,LIMIT,1701158096590,0.066,37283.38
BTCUSDT,BUY,LIMIT,1701158099341,0.207,37283.67
BTCUSDT,BUY,LIMIT,1701158118068,0.040,37283.83
BTCUSDT,SELL,LIMIT,1701159887167,0.156,36856.01
BTCUSDT,SELL,LIMIT,1701159891395,0.024,36852.26
BTCUSDT,SELL,LIMIT,1701160045445,0.336,36839.14
BTCUSDT,SELL,LIMIT,1701160961711,0.433,36815.26
BTCUSDT,SELL,LIMIT,1701161011425,0.012,36810.89
BTCUSDT,SELL,LIMIT,1701161012975,0.220,36809.13
BTCUSDT,SELL,LIMIT,1701161031012,0.039,36802.80
BTCUSDT,SELL,LIMIT,1701161035034,0.020,36802.69
BTCUSDT,SELL,LIMIT,1701161046255,0.012,36801.86
BTCUSDT,SELL,LIMIT,1701161047445,0.009,36797.14
BTCUSDT,SELL,LIMIT,1701161405197,0.145,36796.09
BTCUSDT,SELL,LIMIT,1701161415986,0.017,36795.29
BTCUSDT,SELL,LIMIT,1701161421625,0.010,36793.58
BTCUSDT,SELL,LIMIT,1701161423469,0.114,36791.96
BTCUSDT,SELL,LIMIT,1701161463967,0.012,36788.20
BTCUSDT,SELL,LIMIT,1701161526215,0.012,36786.67
BTCUSDT,SELL,LIMIT,1701161528085,0.793,36785.80
BTCUSDT,SELL,LIMIT,1701162020102,1.293,36782.56
BTCUSDT,SELL,LIMIT,1701162023173,0.009,36781.04
BTCUSDT,SELL,LIMIT,1701162031720,0.001,36779.48
BTCUSDT,SELL,LIMIT,1701162037567,0.535,36778.84
BTCUSDT,SELL,LIMIT,1701162041237,0.009,36776.46
BTCUSDT,BUY,LIMIT,1701164069016,0.015,37209.33
BTCUSDT,BUY,LIMIT,1701164079156,0.014,37219.36
BTCUSDT,BUY,LIMIT,1701164103379,0.036,37231.55
BTCUSDT,BUY,LIMIT,1701164104385,0.016,37232.11
BTCUSDT,BUY,LIMIT,1701164293978,0.174,37221.80
BTCUSDT,BUY,LIMIT,1701164301487,0.298,37218.20
BTCUSDT,BUY,LIMIT,1701164331021,0.184,37235.87
BTCUSDT,BUY,LIMIT,1701164362407,0.100,37238.21
BTCUSDT,BUY,LIMIT,1701164400283,0.083,37243.65
BTCUSDT,BUY,LIMIT,1701164430595,0.010,37246.68
BTCUSDT,BUY,LIMIT,1701164583766,0.032,37253.12
BTCUSDT,BUY,LIMIT,1701164589273,0.453,37259.93
BTCUSDT,BUY,LIMIT,1701164716148,0.007,37265.78
BTCUSDT,BUY,LIMIT,1701164966038,0.004,37272.35
BTCUSDT,BUY,LIMIT,1701164967167,0.066,37272.09
BTCUSDT,BUY,LIMIT,1701164996150,0.074,37277.58
BTCUSDT,BUY,LIMIT,1701165003879,0.011,37278.73
BTCUSDT,SELL,LIMIT,1701165035603,0.003,36984.17
BTCUSDT,SELL,LIMIT,1701165391321,0.068,36949.70
BTCUSDT,SELL,LIMIT,1701165393122,0.029,36936.72
BTCUSDT,SELL,LIMIT,1701166318576,0.021,36888.67
BTCUSDT,BUY,LIMIT,1701170235110,0.003,37287.77
BTCUSDT,BUY,LIMIT,1701170236416,0.092,37288.20
BTCUSDT,BUY,LIMIT,1701170237420,0.009,37288.60
BTCUSDT,BUY,LIMIT,1701170314387,0.010,37289.16
BTCUSDT,BUY,LIMIT,1701170345573,0.003,37294.41
BTCUSDT,BUY,LIMIT,1701170488318,0.021,37298.65
BTCUSDT,BUY,LIMIT,1701170489327,0.004,37302.41
BTCUSDT,BUY,LIMIT,1701170490502,0.015,37307.05
BTCUSDT,BUY,LIMIT,1701170510241,0.147,37311.93
BTCUSDT,BUY,LIMIT,1701170511306,0.014,37312.35
BTCUSDT,BUY,LIMIT,1701170519257,0.195,37313.23
BTCUSDT,BUY,LIMIT,1701170521093,0.128,37315.90
BTCUSDT,BUY,LIMIT,1701170596237,0.996,37317.19
BTCUSDT,BUY,LIMIT,1701170599058,0.013,37318.50
BTCUSDT,BUY,LIMIT,1701170600079,0.116,37321.46
BTCUSDT,BUY,LIMIT,1701170614464,0.032,37323.42
BTCUSDT,BUY,LIMIT,1701170635364,0.057,37327.94
BTCUSDT,BUY,LIMIT,1701170637666,0.670,37329.26
BTCUSDT,BUY,LIMIT,1701170647949,0.074,37330.03
BTCUSDT,BUY,LIMIT,1701170649086,0.010,37330.92
BTCUSDT,BUY,LIMIT,1701170656165,0.389,37330.70
BTCUSDT,BUY,LIMIT,1701170664059,0.032,37332.39
BTCUSDT,BUY,LIMIT,1701170727406,0.088,37333.84
BTCUSDT,BUY,LIMIT,1701170728970,0.043,37335.60
BTCUSDT,SELL,LIMIT,1701170768133,0.053,37119.27
BTCUSDT,BUY,LIMIT,1701170780282,0.112,37308.10
BTCUSDT,BUY,LIMIT,1701170782528,0.017,37317.30
BTCUSDT,BUY,LIMIT,1701171047264,0.001,37335.76
BTCUSDT,BUY,LIMIT,1701171058263,4.770,37363.88
BTCUSDT,BUY,LIMIT,1701171061440,0.500,37338.90
BTCUSDT,BUY,LIMIT,1701171140122,0.050,37342.98
BTCUSDT,BUY,LIMIT,1701171141275,0.038,37347.79
BTCUSDT,BUY,LIMIT,1701171142442,0.018,37353.34
BTCUSDT,BUY,LIMIT,1701171144517,0.008,37367.63
BTCUSDT,BUY,LIMIT,1701171898119,0.003,37328.82
BTCUSDT,BUY,LIMIT,1701172333059,0.003,37368.37
BTCUSDT,BUY,LIMIT,1701172391096,0.006,37369.80
BTCUSDT,BUY,LIMIT,1701172419043,0.063,37369.38
BTCUSDT,BUY,LIMIT,1701172460163,0.270,37374.68
BTCUSDT,BUY,LIMIT,1701172461200,0.132,37378.03
BTCUSDT,BUY,LIMIT,1701172463691,0.062,37379.36
BTCUSDT,BUY,LIMIT,1701172486180,0.008,37382.92
BTCUSDT,BUY,LIMIT,1701172490086,6.041,37412.79
BTCUSDT,BUY,LIMIT,1701172491104,0.032,37384.20
BTCUSDT,BUY,LIMIT,1701172492157,0.037,37384.71
BTCUSDT,BUY,LIMIT,1701172493471,0.179,37386.55
BTCUSDT,BUY,LIMIT,1701172526979,0.066,37387.31
BTCUSDT,BUY,LIMIT,1701172531302,0.069,37387.10
BTCUSDT,BUY,LIMIT,1701172533070,0.254,37391.82
BTCUSDT,BUY,LIMIT,1701172534087,0.226,37392.97
BTCUSDT,BUY,LIMIT,1701172538716,0.007,37393.57
BTCUSDT,BUY,LIMIT,1701172569040,0.011,37394.27
BTCUSDT,BUY,LIMIT,1701172571303,0.003,37395.58
BTCUSDT,BUY,LIMIT,1701172573638,0.019,37396.54
BTCUSDT,BUY,LIMIT,1701172587759,0.036,37397.89
BTCUSDT,BUY,LIMIT,1701172589380,0.032,37398.59
BTCUSDT,BUY,LIMIT,1701172740615,0.035,37399.66
BTCUSDT,BUY,LIMIT,1701172741775,0.083,37401.42
BTCUSDT,BUY,LIMIT,1701172746314,0.003,37403.32
BTCUSDT,BUY,LIMIT,1701172750124,0.021,37407.13
BTCUSDT,BUY,LIMIT,1701172751251,0.187,37407.37
BTCUSDT,BUY,LIMIT,1701172818694,0.079,37409.90
BTCUSDT,BUY,LIMIT,1701172849156,0.003,37412.11
BTCUSDT,BUY,LIMIT,1701173350360,0.007,37354.45
BTCUSDT,SELL,LIMIT,1701174546260,0.032,37063.26
BTCUSDT,BUY,LIMIT,1701174586344,0.003,37365.76
BTCUSDT,BUY,LIMIT,1701174891607,0.034,37414.52
BTCUSDT,BUY,LIMIT,1701174893944,0.003,37416.21
BTCUSDT,BUY,LIMIT,1701174897648,0.010,37418.07
BTCUSDT,BUY,LIMIT,1701174900816,0.010,37423.47
BTCUSDT,BUY,LIMIT,1701178017918,0.022,37387.31
BTCUSDT,BUY,LIMIT,1701178279700,0.006,37421.67
BTCUSDT,BUY,LIMIT,1701178287615,0.155,37428.20
BTCUSDT,BUY,LIMIT,1701178289013,0.098,37429.70
BTCUSDT,BUY,LIMIT,1701178291339,0.013,37433.32
BTCUSDT,BUY,LIMIT,1701178297094,0.007,37433.93
BTCUSDT,BUY,LIMIT,1701178322424,0.018,37435.06
BTCUSDT,BUY,LIMIT,1701178327747,0.033,37436.46
BTCUSDT,BUY,LIMIT,1701178328866,0.036,37437.05
BTCUSDT,BUY,LIMIT,1701178329913,0.004,37437.27
BTCUSDT,BUY,LIMIT,1701178331107,2.447,37462.61
BTCUSDT,BUY,LIMIT,1701178332153,0.019,37445.26
BTCUSDT,BUY,LIMIT,1701178333216,0.128,37447.75
BTCUSDT,BUY,LIMIT,1701178337626,0.052,37448.35
BTCUSDT,BUY,LIMIT,1701178343194,0.004,37448.73
BTCUSDT,BUY,LIMIT,1701178344326,0.927,37449.49
BTCUSDT,BUY,LIMIT,1701178346219,0.073,37451.52
BTCUSDT,BUY,LIMIT,1701178347445,0.058,37453.74
BTCUSDT,BUY,LIMIT,1701178352114,1.347,37456.91
BTCUSDT,BUY,LIMIT,1701178354127,0.036,37457.14
BTCUSDT,BUY,LIMIT,1701178355305,0.007,37457.55
BTCUSDT,BUY,LIMIT,1701178360177,0.023,37460.12
BTCUSDT,BUY,LIMIT,1701178364899,0.063,37461.30
BTCUSDT,BUY,LIMIT,1701178367148,0.026,37461.98
BTCUSDT,BUY,LIMIT,1701178400386,0.003,37450.58
BTCUSDT,BUY,LIMIT,1701178512043,0.351,37462.63
BTCUSDT,BUY,LIMIT,1701178513136,0.005,37463.22
BTCUSDT,BUY,LIMIT,1701178514242,0.505,37466.26
BTCUSDT,BUY,LIMIT,1701178515317,0.211,37466.85
BTCUSDT,BUY,LIMIT,1701178516322,0.012,37470.59
BTCUSDT,BUY,LIMIT,1701179108398,0.029,37472.20
BTCUSDT,BUY,LIMIT,1701179110622,0.142,37472.80
BTCUSDT,BUY,LIMIT,1701179143666,0.128,37475.02
BTCUSDT,BUY,LIMIT,1701179147087,0.068,37476.72
BTCUSDT,BUY,LIMIT,1701179148251,0.168,37476.42
BTCUSDT,BUY,LIMIT,1701179168269,1.161,37478.73
BTCUSDT,BUY,LIMIT,1701179224137,0.006,37478.94
BTCUSDT,BUY,LIMIT,1701179533315,0.211,37480.60
BTCUSDT,BUY,LIMIT,1701179534413,0.033,37482.52
BTCUSDT,BUY,LIMIT,1701179535921,0.056,37486.14
BTCUSDT,BUY,LIMIT,1701179541072,0.029,37487.25
BTCUSDT,BUY,LIMIT,1701179542080,0.403,37490.08
BTCUSDT,BUY,LIMIT,1701179543116,0.298,37490.82
BTCUSDT,BUY,LIMIT,1701179544158,0.008,37493.49
BTCUSDT,BUY,LIMIT,1701179545330,0.003,37494.08
BTCUSDT,BUY,LIMIT,1701179579541,0.026,37494.67
BTCUSDT,BUY,LIMIT,1701179580750,0.035,37496.02
BTCUSDT,BUY,LIMIT,1701179582102,0.026,37497.59
BTCUSDT,BUY,LIMIT,1701179583147,0.083,37498.04
BTCUSDT,BUY,LIMIT,1701179584350,0.017,37498.77
BTCUSDT,BUY,LIMIT,1701179587460,0.023,37498.92
BTCUSDT,BUY,LIMIT,1701179588791,0.050,37500.16
BTCUSDT,BUY,LIMIT,1701179590132,3.000,37525.58
BTCUSDT,BUY,LIMIT,1701179591142,0.193,37506.11
BTCUSDT,BUY,LIMIT,1701179593884,0.004,37513.26
BTCUSDT,BUY,LIMIT,1701179596419,0.205,37515.54
BTCUSDT,BUY,LIMIT,1701179600338,0.003,37516.47
BTCUSDT,BUY,LIMIT,1701179601359,2.606,37537.14
BTCUSDT,BUY,LIMIT,1701179603204,0.037,37525.87
BTCUSDT,BUY,LIMIT,1701179607319,0.062,37525.54
BTCUSDT,BUY,LIMIT,1701179608422,0.049,37529.37
BTCUSDT,BUY,LIMIT,1701179609433,0.014,37530.11
BTCUSDT,BUY,LIMIT,1701179611449,0.031,37531.49
BTCUSDT,BUY,LIMIT,1701179614073,0.150,37533.37
BTCUSDT,BUY,LIMIT,1701179616238,0.095,37533.93
BTCUSDT,BUY,LIMIT,1701179617276,0.005,37534.75
BTCUSDT,BUY,LIMIT,1701179624152,1.026,37544.61
BTCUSDT,BUY,LIMIT,1701179625273,0.252,37537.56
BTCUSDT,BUY,LIMIT,1701179626384,0.005,37551.27
BTCUSDT,BUY,LIMIT,1701179627385,1.000,37559.00
BTCUSDT,BUY,LIMIT,1701179667318,0.239,37560.34
BTCUSDT,BUY,LIMIT,1701179668890,0.344,37542.99
BTCUSDT,BUY,LIMIT,1701179673674,0.008,37561.85
BTCUSDT,BUY,LIMIT,1701179674729,2.585,37582.33
BTCUSDT,BUY,LIMIT,1701179675902,0.021,37560.29
BTCUSDT,BUY,LIMIT,1701179677213,0.052,37565.67
BTCUSDT,BUY,LIMIT,1701179678896,0.008,37567.63
BTCUSDT,BUY,LIMIT,1701179680657,0.009,37568.38
BTCUSDT,BUY,LIMIT,1701179710044,0.006,37570.72
BTCUSDT,BUY,LIMIT,1701179711088,0.675,37571.33
BTCUSDT,BUY,LIMIT,1701179712300,0.338,37575.85
BTCUSDT,BUY,LIMIT,1701179713320,0.061,37576.61
BTCUSDT,BUY,LIMIT,1701179719735,0.003,37578.13
BTCUSDT,BUY,LIMIT,1701179721189,0.268,37579.12
BTCUSDT,BUY,LIMIT,1701179722896,0.007,37579.50
BTCUSDT,BUY,LIMIT,1701179726362,0.162,37580.32
BTCUSDT,BUY,LIMIT,1701179749110,1.346,37581.33
BTCUSDT,BUY,LIMIT,1701179750125,0.337,37586.61
BTCUSDT,BUY,LIMIT,1701179751171,0.011,37588.48
BTCUSDT,BUY,LIMIT,1701179756048,0.054,37583.19
BTCUSDT,BUY,LIMIT,1701180528052,0.002,36839.93
BTCUSDT,SELL,LIMIT,1701181279197,0.005,37874.92
BTCUSDT,BUY,LIMIT,1701181590268,4.059,37582.72
BTCUSDT,BUY,LIMIT,1701182104507,0.135,37558.53
BTCUSDT,BUY,LIMIT,1701182310273,0.002,37527.10
BTCUSDT,BUY,LIMIT,1701182346131,0.266,37567.46
BTCUSDT,BUY,LIMIT,1701182370349,0.077,37567.87
BTCUSDT,BUY,LIMIT,1701182383533,0.036,37577.27
BTCUSDT,BUY,LIMIT,1701182399203,0.200,37586.84
BTCUSDT,BUY,LIMIT,1701182410357,0.116,37588.59
BTCUSDT,BUY,LIMIT,1701182412072,0.105,37590.94
BTCUSDT,BUY,LIMIT,1701182413183,0.021,37589.61
BTCUSDT,BUY,LIMIT,1701182414205,0.175,37594.61
BTCUSDT,BUY,LIMIT,1701182424257,0.020,37594.84
BTCUSDT,BUY,LIMIT,1701182620153,0.002,37515.28
BTCUSDT,BUY,LIMIT,1701182920966,0.003,37596.29
BTCUSDT,BUY,LIMIT,1701184814132,0.002,37591.95
BTCUSDT,BUY,LIMIT,1701184859613,0.052,37583.14
BTCUSDT,BUY,LIMIT,1701184946689,0.003,37597.68
BTCUSDT,BUY,LIMIT,1701184949268,0.003,37598.41
BTCUSDT,BUY,LIMIT,1701184952839,0.124,37599.03
BTCUSDT,SELL,LIMIT,1701185410431,0.106,37209.64
BTCUSDT,SELL,LIMIT,1701185849049,0.254,37178.27
BTCUSDT,SELL,LIMIT,1701185852159,1.347,37171.88
BTCUSDT,SELL,LIMIT,1701185861502,0.004,37171.81
BTCUSDT,SELL,LIMIT,1701185890534,0.040,37153.73
BTCUSDT,SELL,LIMIT,1701185896106,0.085,37149.92
BTCUSDT,SELL,LIMIT,1701185898167,0.005,37147.00
BTCUSDT,SELL,LIMIT,1701185916706,0.050,37154.88
BTCUSDT,BUY,LIMIT,1701186157064,0.015,37576.91
BTCUSDT,BUY,LIMIT,1701186159265,0.390,37579.85
BTCUSDT,BUY,LIMIT,1701186160578,0.014,37581.82
BTCUSDT,BUY,LIMIT,1701186164143,0.358,37599.09
BTCUSDT,BUY,LIMIT,1701186165232,0.026,37598.28
BTCUSDT,BUY,LIMIT,1701186167097,0.067,37604.64
BTCUSDT,BUY,LIMIT,1701186168287,0.342,37604.47
BTCUSDT,BUY,LIMIT,1701186169292,0.017,37613.95
BTCUSDT,BUY,LIMIT,1701186171535,0.071,37616.13
BTCUSDT,BUY,LIMIT,1701186172857,0.030,37621.78
BTCUSDT,BUY,LIMIT,1701186177384,0.082,37623.15
BTCUSDT,BUY,LIMIT,1701186178413,0.099,37627.02
BTCUSDT,BUY,LIMIT,1701186179947,0.016,37629.03
BTCUSDT,BUY,LIMIT,1701186190734,0.004,37630.40
BTCUSDT,BUY,LIMIT,1701186192096,0.139,37635.08
BTCUSDT,BUY,LIMIT,1701186194525,0.027,37633.40
BTCUSDT,BUY,LIMIT,1701186196124,0.028,37636.16
BTCUSDT,BUY,LIMIT,1701186197213,0.024,37635.41
BTCUSDT,BUY,LIMIT,1701186198176,0.006,37674.21
BTCUSDT,BUY,LIMIT,1701186199303,0.010,37664.70
BTCUSDT,BUY,LIMIT,1701186202068,0.090,37680.58
BTCUSDT,BUY,LIMIT,1701186203102,0.015,37683.07
BTCUSDT,BUY,LIMIT,1701186204124,0.006,37687.67
BTCUSDT,BUY,LIMIT,1701186205149,1.934,37709.36
BTCUSDT,BUY,LIMIT,1701186206309,0.005,37703.57
BTCUSDT,BUY,LIMIT,1701186219451,0.013,37702.16
BTCUSDT,BUY,LIMIT,1701186359397,0.027,37426.44
BTCUSDT,BUY,LIMIT,1701186627320,0.182,37683.63
BTCUSDT,BUY,LIMIT,1701187218198,0.070,37673.69
BTCUSDT,BUY,LIMIT,1701187253688,0.136,37677.10
BTCUSDT,BUY,LIMIT,1701187258204,0.100,37677.71
BTCUSDT,BUY,LIMIT,1701187271401,0.040,37686.32
BTCUSDT,BUY,LIMIT,1701187292256,0.040,37696.37
BTCUSDT,BUY,LIMIT,1701187296057,0.035,37710.78
BTCUSDT,BUY,LIMIT,1701187297093,0.254,37708.94
BTCUSDT,BUY,LIMIT,1701187298622,0.535,37713.74
BTCUSDT,BUY,LIMIT,1701187332162,0.007,37715.61
BTCUSDT,BUY,LIMIT,1701187417085,0.045,37718.30
BTCUSDT,BUY,LIMIT,1701187418123,0.112,37719.91
BTCUSDT,BUY,LIMIT,1701187419161,0.114,37720.30
BTCUSDT,BUY,LIMIT,1701187422223,0.003,37723.52
BTCUSDT,BUY,LIMIT,1701187428054,0.020,37732.51
BTCUSDT,BUY,LIMIT,1701187429076,0.250,37740.02
BTCUSDT,BUY,LIMIT,1701187430221,0.017,37736.35
BTCUSDT,BUY,LIMIT,1701187435399,0.082,37739.28
BTCUSDT,BUY,LIMIT,1701187436599,0.007,37741.18
BTCUSDT,BUY,LIMIT,1701187437687,0.081,37743.40
BTCUSDT,BUY,LIMIT,1701187439108,0.003,37744.39
BTCUSDT,BUY,LIMIT,1701187449132,0.072,37744.43
BTCUSDT,BUY,LIMIT,1701187450306,0.003,37744.66
BTCUSDT,BUY,LIMIT,1701187510145,0.006,37746.86
BTCUSDT,BUY,LIMIT,1701187516979,0.010,37745.53
BTCUSDT,BUY,LIMIT,1701187525469,0.009,37748.50
BTCUSDT,BUY,LIMIT,1701187531040,0.003,37750.29
BTCUSDT,BUY,LIMIT,1701187532091,0.011,37755.72
BTCUSDT,BUY,LIMIT,1701187534059,0.067,37761.58
BTCUSDT,BUY,LIMIT,1701187535068,0.033,37761.49
BTCUSDT,BUY,LIMIT,1701187536420,0.127,37764.27
BTCUSDT,BUY,LIMIT,1701187538083,0.085,37767.15
BTCUSDT,BUY,LIMIT,1701187540052,0.011,37769.53
BTCUSDT,BUY,LIMIT,1701187542064,0.083,37773.60
BTCUSDT,BUY,LIMIT,1701187543325,0.007,37772.35
BTCUSDT,BUY,LIMIT,1701187681879,0.842,37771.08
BTCUSDT,BUY,LIMIT,1701187729009,0.462,37775.12
BTCUSDT,BUY,LIMIT,1701187733182,0.326,37774.07
BTCUSDT,BUY,LIMIT,1701187750036,1.000,37771.95
BTCUSDT,BUY,LIMIT,1701187751156,0.120,37776.05
BTCUSDT,BUY,LIMIT,1701187752216,0.290,37778.81
BTCUSDT,BUY,LIMIT,1701187754206,0.009,37781.86
BTCUSDT,BUY,LIMIT,1701187758778,0.025,37783.96
BTCUSDT,BUY,LIMIT,1701187765621,0.066,37780.11
BTCUSDT,BUY,LIMIT,1701187773099,0.054,37784.72
BTCUSDT,BUY,LIMIT,1701187774301,0.061,37784.92
BTCUSDT,BUY,LIMIT,1701187794105,1.357,37791.24
BTCUSDT,BUY,LIMIT,1701187795128,0.018,37795.52
BTCUSDT,BUY,LIMIT,1701187796178,0.081,37796.67
BTCUSDT,SELL,LIMIT,1701188054313,0.259,37436.54
BTCUSDT,BUY,LIMIT,1701188305130,0.810,37800.97
BTCUSDT,BUY,LIMIT,1701188315364,0.024,37806.32
BTCUSDT,BUY,LIMIT,1701188321163,0.005,37807.55
BTCUSDT,BUY,LIMIT,1701188322443,0.200,37807.66
BTCUSDT,BUY,LIMIT,1701188323446,0.003,37812.28
BTCUSDT,BUY,LIMIT,1701188326005,0.007,37812.78
BTCUSDT,BUY,LIMIT,1701188327072,0.005,37812.90
BTCUSDT,BUY,LIMIT,1701188330312,0.017,37814.97
BTCUSDT,BUY,LIMIT,1701188356050,0.003,37818.24
BTCUSDT,BUY,LIMIT,1701188357139,0.287,37817.65
BTCUSDT,BUY,LIMIT,1701188358235,0.184,37823.10
BTCUSDT,BUY,LIMIT,1701188505829,0.012,37805.07
BTCUSDT,BUY,LIMIT,1701188511809,0.096,37783.02
BTCUSDT,BUY,LIMIT,1701188514941,0.004,37785.00
BTCUSDT,BUY,LIMIT,1701189033231,0.003,37772.22
BTCUSDT,BUY,LIMIT,1701189047372,0.054,37785.80
BTCUSDT,BUY,LIMIT,1701189076271,0.536,37812.15
BTCUSDT,BUY,LIMIT,1701189204500,0.004,37761.72
BTCUSDT,BUY,LIMIT,1701189306848,0.370,37817.15
BTCUSDT,BUY,LIMIT,1701189318247,0.025,37814.65
BTCUSDT,BUY,LIMIT,1701189326129,0.022,37830.60
BTCUSDT,BUY,LIMIT,1701189327150,0.186,37827.82
BTCUSDT,BUY,LIMIT,1701189328236,0.175,37836.06
BTCUSDT,BUY,LIMIT,1701189360318,0.056,37836.71
BTCUSDT,BUY,LIMIT,1701189361422,0.370,37837.86
BTCUSDT,BUY,LIMIT,1701189362986,0.128,37839.14
BTCUSDT,BUY,LIMIT,1701189363996,0.035,37842.10
BTCUSDT,BUY,LIMIT,1701189365165,0.005,37842.37
BTCUSDT,BUY,LIMIT,1701189366181,0.056,37842.79
BTCUSDT,BUY,LIMIT,1701189367511,0.040,37843.76
BTCUSDT,BUY,LIMIT,1701189376540,0.009,37843.71
BTCUSDT,BUY,LIMIT,1701189387125,0.016,37848.29
BTCUSDT,BUY,LIMIT,1701189388153,0.023,37848.40
BTCUSDT,BUY,LIMIT,1701189445829,0.012,37847.68
BTCUSDT,BUY,LIMIT,1701189454157,0.004,37849.62
BTCUSDT,BUY,LIMIT,1701189460232,0.028,37850.05
BTCUSDT,BUY,LIMIT,1701189463053,1.500,37855.06
BTCUSDT,BUY,LIMIT,1701189493226,0.303,37853.29
BTCUSDT,BUY,LIMIT,1701189591128,0.024,37853.59
BTCUSDT,BUY,LIMIT,1701189592281,0.006,37855.15
BTCUSDT,BUY,LIMIT,1701189602246,0.033,37851.54
BTCUSDT,BUY,LIMIT,1701189604345,1.269,37855.97
BTCUSDT,BUY,LIMIT,1701189605432,0.010,37856.65
BTCUSDT,BUY,LIMIT,1701189606553,0.009,37859.18
BTCUSDT,BUY,LIMIT,1701189609765,0.014,37858.69
BTCUSDT,BUY,LIMIT,1701189611133,0.060,37861.15
BTCUSDT,BUY,LIMIT,1701189613685,0.015,37862.16
BTCUSDT,BUY,LIMIT,1701189642453,1.187,37857.34
BTCUSDT,BUY,LIMIT,1701189644937,0.084,37862.48
BTCUSDT,BUY,LIMIT,1701189646055,0.127,37863.37
BTCUSDT,BUY,LIMIT,1701189647150,0.016,37869.73
BTCUSDT,BUY,LIMIT,1701189648259,0.884,37867.50
BTCUSDT,BUY,LIMIT,1701189649457,0.008,37869.20
BTCUSDT,BUY,LIMIT,1701189658064,0.540,37874.65
BTCUSDT,BUY,LIMIT,1701189659106,0.100,37872.03
BTCUSDT,BUY,LIMIT,1701189660501,0.263,37877.40
BTCUSDT,BUY,LIMIT,1701189725133,0.080,37879.46
BTCUSDT,BUY,LIMIT,1701189731331,0.009,37880.36
BTCUSDT,BUY,LIMIT,1701189786348,2.436,37898.14
BTCUSDT,BUY,LIMIT,1701189787398,1.512,37890.40
BTCUSDT,BUY,LIMIT,1701189792895,0.018,37886.84
BTCUSDT,BUY,LIMIT,1701189795416,0.005,37889.69
BTCUSDT,BUY,LIMIT,1701189797180,0.073,37892.60
BTCUSDT,BUY,LIMIT,1701189798337,0.028,37890.80
BTCUSDT,BUY,LIMIT,1701189800129,0.003,37895.74
BTCUSDT,BUY,LIMIT,1701189801290,0.052,37895.13
BTCUSDT,BUY,LIMIT,1701189802255,0.013,37899.81
BTCUSDT,BUY,LIMIT,1701189803347,0.005,37908.37
BTCUSDT,BUY,LIMIT,1701189804354,0.130,37906.25
BTCUSDT,BUY,LIMIT,1701189808102,0.154,37913.33
BTCUSDT,BUY,LIMIT,1701189809135,0.008,37912.75
BTCUSDT,BUY,LIMIT,1701189810199,0.024,37917.22
BTCUSDT,BUY,LIMIT,1701189811216,0.039,37919.06
BTCUSDT,BUY,LIMIT,1701189813082,0.083,37924.48
BTCUSDT,BUY,LIMIT,1701189813928,0.030,37923.76
BTCUSDT,BUY,LIMIT,1701189814841,0.003,37946.54
BTCUSDT,BUY,LIMIT,1701189819046,0.075,37958.15
BTCUSDT,BUY,LIMIT,1701189820074,1.245,37963.91
BTCUSDT,BUY,LIMIT,1701189821087,0.008,37965.02
BTCUSDT,BUY,LIMIT,1701189822383,0.039,37979.71
BTCUSDT,BUY,LIMIT,1701189823393,0.273,37982.54
BTCUSDT,BUY,LIMIT,1701189824400,0.166,37990.97
BTCUSDT,BUY,LIMIT,1701189841093,0.019,37956.00
BTCUSDT,BUY,LIMIT,1701189845064,0.030,37983.61
BTCUSDT,BUY,LIMIT,1701189933980,0.118,37970.97
BTCUSDT,BUY,LIMIT,1701189975892,0.027,37973.08
BTCUSDT,BUY,LIMIT,1701189977261,0.007,37967.69
BTCUSDT,BUY,LIMIT,1701189983132,0.004,37967.74
BTCUSDT,BUY,LIMIT,1701189988853,0.023,37961.63
BTCUSDT,BUY,LIMIT,1701189990784,0.003,37952.14
BTCUSDT,BUY,LIMIT,1701189993413,0.073,37963.97
BTCUSDT,BUY,LIMIT,1701189997393,0.011,37971.58
BTCUSDT,BUY,LIMIT,1701190018084,0.005,37978.03
BTCUSDT,BUY,LIMIT,1701190035800,0.019,37985.03
BTCUSDT,BUY,LIMIT,1701190145234,0.011,37972.76
BTCUSDT,BUY,LIMIT,1701190169427,0.008,37978.40
BTCUSDT,BUY,LIMIT,1701190179476,0.747,37987.41
BTCUSDT,BUY,LIMIT,1701190196070,0.284,37992.38
BTCUSDT,BUY,LIMIT,1701190198240,0.013,37995.61
BTCUSDT,BUY,LIMIT,1701190199302,0.020,37997.04
BTCUSDT,BUY,LIMIT,1701190200898,1.184,38000.48
BTCUSDT,BUY,LIMIT,1701190207172,0.003,38006.89
BTCUSDT,BUY,LIMIT,1701190208173,1.231,38007.61
BTCUSDT,BUY,LIMIT,1701190209319,0.066,38017.17
BTCUSDT,BUY,LIMIT,1701190213435,0.067,38018.75
BTCUSDT,BUY,LIMIT,1701190223240,0.087,38018.93
BTCUSDT,BUY,LIMIT,1701190224241,0.003,38019.05
BTCUSDT,BUY,LIMIT,1701190262434,0.130,38019.79
BTCUSDT,BUY,LIMIT,1701190263550,7.215,38069.11
BTCUSDT,BUY,LIMIT,1701190266185,0.022,38023.78
BTCUSDT,BUY,LIMIT,1701190267695,0.092,38023.95
BTCUSDT,BUY,LIMIT,1701190273204,0.007,38015.75
BTCUSDT,BUY,LIMIT,1701190276262,0.073,38017.45
BTCUSDT,BUY,LIMIT,1701190287641,0.249,38014.84
BTCUSDT,BUY,LIMIT,1701190308197,0.040,38021.12
BTCUSDT,BUY,LIMIT,1701190309631,0.014,38021.31
BTCUSDT,BUY,LIMIT,1701190313183,0.003,38024.49
BTCUSDT,BUY,LIMIT,1701190314807,0.003,38025.89
BTCUSDT,BUY,LIMIT,1701190316184,0.042,38028.79
BTCUSDT,BUY,LIMIT,1701190317422,0.008,38026.56
BTCUSDT,BUY,LIMIT,1701190318469,0.017,38028.90
BTCUSDT,BUY,LIMIT,1701190319523,0.106,38030.07
BTCUSDT,BUY,LIMIT,1701190336167,0.700,38026.80
BTCUSDT,BUY,LIMIT,1701190347156,0.046,38032.16
BTCUSDT,BUY,LIMIT,1701190348574,0.010,38033.22
BTCUSDT,BUY,LIMIT,1701190352472,0.038,38036.31
BTCUSDT,BUY,LIMIT,1701190353480,0.008,38039.04
BTCUSDT,BUY,LIMIT,1701190354533,0.055,38037.60
BTCUSDT,BUY,LIMIT,1701190364235,0.003,38046.72
BTCUSDT,BUY,LIMIT,1701190366112,0.100,38047.38
BTCUSDT,BUY,LIMIT,1701190369766,0.020,38048.24
BTCUSDT,BUY,LIMIT,1701190370910,0.648,38043.60
BTCUSDT,BUY,LIMIT,1701190372175,0.123,38052.38
BTCUSDT,BUY,LIMIT,1701190373256,0.016,38061.75
BTCUSDT,BUY,LIMIT,1701190374262,41.088,38262.24
BTCUSDT,BUY,LIMIT,1701190375273,0.036,38067.83
BTCUSDT,BUY,LIMIT,1701190761300,0.001,37992.96
BTCUSDT,BUY,LIMIT,1701190945051,0.107,38052.16
BTCUSDT,BUY,LIMIT,1701190949520,0.008,38061.56
BTCUSDT,BUY,LIMIT,1701190958255,0.017,38069.36
BTCUSDT,BUY,LIMIT,1701190959363,0.006,38070.08
BTCUSDT,BUY,LIMIT,1701190960521,0.003,38071.58
BTCUSDT,BUY,LIMIT,1701190961766,0.036,38074.68
BTCUSDT,BUY,LIMIT,1701190963227,0.033,38078.68
BTCUSDT,BUY,LIMIT,1701190964274,0.028,38079.10
BTCUSDT,BUY,LIMIT,1701190967866,0.140,38079.70
BTCUSDT,BUY,LIMIT,1701190969315,0.017,38081.04
BTCUSDT,BUY,LIMIT,1701190971508,0.084,38082.26
BTCUSDT,BUY,LIMIT,1701190976118,0.034,38082.15
BTCUSDT,BUY,LIMIT,1701190977187,0.104,38083.76
BTCUSDT,BUY,LIMIT,1701190978192,0.003,38088.62
BTCUSDT,BUY,LIMIT,1701190979264,0.057,38089.70
BTCUSDT,BUY,LIMIT,1701190980994,1.365,38091.58
BTCUSDT,BUY,LIMIT,1701190999107,0.567,38090.52
BTCUSDT,BUY,LIMIT,1701191000112,0.022,38090.84
BTCUSDT,BUY,LIMIT,1701191001143,0.172,38093.17
BTCUSDT,SELL,LIMIT,1701191160439,0.003,37686.97
BTCUSDT,SELL,LIMIT,1701191191504,0.011,37651.68
BTCUSDT,BUY,LIMIT,1701191195182,0.012,37943.62
BTCUSDT,SELL,LIMIT,1701191239195,0.004,37666.93
BTCUSDT,SELL,LIMIT,1701191247220,0.016,37634.89
BTCUSDT,SELL,LIMIT,1701191260649,0.047,37624.37
BTCUSDT,BUY,LIMIT,1701191535246,0.063,38058.49
BTCUSDT,BUY,LIMIT,1701191545302,0.004,38068.08
BTCUSDT,BUY,LIMIT,1701191606490,0.003,38070.90
BTCUSDT,BUY,LIMIT,1701191608052,0.013,38078.01
BTCUSDT,BUY,LIMIT,1701191609366,0.096,38079.33
BTCUSDT,BUY,LIMIT,1701191610453,0.438,38080.67
BTCUSDT,BUY,LIMIT,1701191611680,0.067,38082.02
BTCUSDT,BUY,LIMIT,1701191613097,0.050,38086.19
BTCUSDT,BUY,LIMIT,1701191615144,0.005,38088.99
BTCUSDT,BUY,LIMIT,1701191726127,0.215,38099.74
BTCUSDT,BUY,LIMIT,1701191727290,0.004,38099.73
BTCUSDT,BUY,LIMIT,1701191728234,0.082,38106.74
BTCUSDT,BUY,LIMIT,1701191729305,0.199,38102.40
BTCUSDT,BUY,LIMIT,1701191730398,0.018,38108.22
BTCUSDT,BUY,LIMIT,1701191731470,0.057,38112.58
BTCUSDT,BUY,LIMIT,1701191735042,0.008,38122.31
BTCUSDT,BUY,LIMIT,1701191736052,0.074,38114.15
BTCUSDT,BUY,LIMIT,1701191743211,0.155,38124.68
BTCUSDT,BUY,LIMIT,1701191961412,0.110,38125.17
BTCUSDT,BUY,LIMIT,1701191963033,0.152,38128.46
BTCUSDT,BUY,LIMIT,1701191964051,0.010,38131.38
BTCUSDT,BUY,LIMIT,1701191965016,0.011,38131.73
BTCUSDT,BUY,LIMIT,1701191966139,0.496,38138.73
BTCUSDT,BUY,LIMIT,1701191967217,0.005,38138.38
BTCUSDT,BUY,LIMIT,1701191969093,0.003,38142.62
BTCUSDT,BUY,LIMIT,1701191984224,0.843,38144.26
BTCUSDT,BUY,LIMIT,1701191987197,0.649,38144.37
BTCUSDT,BUY,LIMIT,1701191996147,0.234,38141.75
BTCUSDT,BUY,LIMIT,1701191999309,0.121,38141.65
BTCUSDT,BUY,LIMIT,1701192006429,0.842,38136.02
BTCUSDT,BUY,LIMIT,1701192007676,0.041,38146.47
BTCUSDT,BUY,LIMIT,1701192009448,0.052,38146.56
BTCUSDT,BUY,LIMIT,1701192011119,0.003,38147.51
BTCUSDT,BUY,LIMIT,1701192012209,0.079,38150.24
BTCUSDT,BUY,LIMIT,1701192013624,0.059,38151.89
BTCUSDT,BUY,LIMIT,1701192014781,0.066,38160.18
BTCUSDT,BUY,LIMIT,1701192017240,0.120,38176.49
BTCUSDT,BUY,LIMIT,1701192018303,0.132,38176.53
BTCUSDT,BUY,LIMIT,1701192019308,0.010,38181.81
BTCUSDT,BUY,LIMIT,1701192020388,3.000,38206.15
BTCUSDT,BUY,LIMIT,1701192024046,0.037,38184.23
BTCUSDT,BUY,LIMIT,1701192025067,0.418,38183.35
BTCUSDT,BUY,LIMIT,1701192026072,0.100,38188.31
BTCUSDT,BUY,LIMIT,1701192030065,0.025,38188.70
BTCUSDT,BUY,LIMIT,1701192031177,0.017,38189.67
BTCUSDT,BUY,LIMIT,1701192032922,0.053,38191.67
BTCUSDT,BUY,LIMIT,1701192034062,0.122,38193.31
BTCUSDT,BUY,LIMIT,1701192035092,0.500,38199.69
BTCUSDT,BUY,LIMIT,1701192036119,0.105,38198.09
BTCUSDT,BUY,LIMIT,1701192037136,0.020,38206.97
BTCUSDT,BUY,LIMIT,1701192039526,0.765,38207.21
BTCUSDT,BUY,LIMIT,1701192053061,0.729,38202.48
BTCUSDT,BUY,LIMIT,1701192058513,0.196,38211.47
BTCUSDT,BUY,LIMIT,1701192059771,0.012,38213.84
BTCUSDT,BUY,LIMIT,1701192063185,0.007,38217.66
BTCUSDT,BUY,LIMIT,1701192064333,0.007,38217.24
BTCUSDT,BUY,LIMIT,1701192065337,0.149,38223.88
BTCUSDT,BUY,LIMIT,1701192066380,1.100,38226.37
BTCUSDT,BUY,LIMIT,1701192067244,2.163,38245.40
BTCUSDT,BUY,LIMIT,1701192068397,1.538,38245.86
BTCUSDT,BUY,LIMIT,1701192069408,0.044,38240.67
BTCUSDT,BUY,LIMIT,1701192071150,0.005,38250.54
BTCUSDT,BUY,LIMIT,1701192072215,0.013,38263.97
BTCUSDT,BUY,LIMIT,1701192073262,0.015,38258.80
BTCUSDT,BUY,LIMIT,1701192087213,0.045,38268.13
BTCUSDT,BUY,LIMIT,1701192109778,0.009,38254.30
BTCUSDT,BUY,LIMIT,1701192135296,0.052,38266.68
BTCUSDT,BUY,LIMIT,1701192138413,0.012,38269.01
BTCUSDT,BUY,LIMIT,1701192139709,0.003,38271.60
BTCUSDT,BUY,LIMIT,1701192141066,1.316,38276.43
BTCUSDT,BUY,LIMIT,1701192142061,0.200,38278.91
BTCUSDT,BUY,LIMIT,1701192142992,0.017,38280.75
BTCUSDT,BUY,LIMIT,1701192144209,0.010,38303.24
BTCUSDT,BUY,LIMIT,1701192145244,0.013,38303.24
BTCUSDT,BUY,LIMIT,1701192149115,0.016,38304.31
BTCUSDT,BUY,LIMIT,1701192150181,0.772,38304.74
BTCUSDT,BUY,LIMIT,1701192151251,0.003,38305.13
BTCUSDT,BUY,LIMIT,1701192152293,0.007,38313.62
BTCUSDT,BUY,LIMIT,1701192153372,0.078,38307.68
BTCUSDT,BUY,LIMIT,1701192154385,0.026,38314.07
BTCUSDT,BUY,LIMIT,1701192155401,0.009,38316.21
BTCUSDT,BUY,LIMIT,1701192159071,0.004,38324.53
BTCUSDT,BUY,LIMIT,1701192160147,0.071,38321.57
BTCUSDT,BUY,LIMIT,1701192166139,0.018,38318.90
BTCUSDT,BUY,LIMIT,1701192240112,0.390,38317.16
BTCUSDT,BUY,LIMIT,1701192241676,0.003,38310.86
BTCUSDT,BUY,LIMIT,1701192245722,0.500,38318.91
BTCUSDT,BUY,LIMIT,1701192246772,0.035,38321.16
BTCUSDT,BUY,LIMIT,1701192251059,0.052,38326.33
BTCUSDT,BUY,LIMIT,1701192271059,0.030,38329.45
BTCUSDT,BUY,LIMIT,1701192272086,0.228,38329.33
BTCUSDT,BUY,LIMIT,1701192280117,0.078,38334.99
BTCUSDT,BUY,LIMIT,1701192281229,0.046,38339.84
BTCUSDT,BUY,LIMIT,1701192282335,0.035,38341.31
BTCUSDT,BUY,LIMIT,1701192283445,1.000,38343.43
BTCUSDT,BUY,LIMIT,1701192284924,0.081,38345.88
BTCUSDT,BUY,LIMIT,1701192286026,0.291,38348.81
BTCUSDT,BUY,LIMIT,1701192310028,0.035,38347.96
BTCUSDT,BUY,LIMIT,1701192318125,0.067,38349.71
BTCUSDT,BUY,LIMIT,1701192319522,0.266,38350.25
BTCUSDT,BUY,LIMIT,1701192400069,0.026,38302.47
BTCUSDT,BUY,LIMIT,1701192402925,0.065,38202.32
BTCUSDT,SELL,LIMIT,1701192559349,0.357,37894.41
BTCUSDT,BUY,LIMIT,1701192625101,0.031,38273.78
BTCUSDT,BUY,LIMIT,1701192626603,0.035,38285.81
BTCUSDT,BUY,LIMIT,1701192640597,0.003,38298.69
BTCUSDT,BUY,LIMIT,1701192676706,0.018,38317.00
BTCUSDT,BUY,LIMIT,1701192715084,0.003,38330.03
BTCUSDT,BUY,LIMIT,1701192767857,0.006,38265.33
BTCUSDT,SELL,LIMIT,1701192820739,0.004,37993.21
BTCUSDT,BUY,LIMIT,1701193279158,0.030,38339.08
BTCUSDT,BUY,LIMIT,1701193281790,0.009,38340.11
BTCUSDT,BUY,LIMIT,1701193288085,0.032,38350.71
BTCUSDT,BUY,LIMIT,1701193289140,0.004,38359.29
BTCUSDT,BUY,LIMIT,1701193290349,0.024,38359.60
BTCUSDT,BUY,LIMIT,1701193292129,0.006,38360.53
BTCUSDT,BUY,LIMIT,1701193293255,0.003,38361.46
BTCUSDT,BUY,LIMIT,1701193294276,0.074,38363.25
BTCUSDT,BUY,LIMIT,1701193295309,0.153,38365.62
BTCUSDT,BUY,LIMIT,1701193296372,0.170,38363.99
BTCUSDT,BUY,LIMIT,1701193303442,0.120,38367.22
BTCUSDT,BUY,LIMIT,1701193305763,0.010,38367.34
BTCUSDT,BUY,LIMIT,1701193308112,1.727,38378.02
BTCUSDT,BUY,LIMIT,1701193309265,0.500,38368.79
BTCUSDT,BUY,LIMIT,1701193626255,0.056,38369.39
BTCUSDT,BUY,LIMIT,1701193627366,0.192,38369.12
BTCUSDT,BUY,LIMIT,1701193628774,0.003,38371.72
BTCUSDT,BUY,LIMIT,1701193631204,0.009,38373.06
BTCUSDT,BUY,LIMIT,1701193635475,0.552,38374.14
BTCUSDT,BUY,LIMIT,1701193666202,0.222,38374.13
BTCUSDT,BUY,LIMIT,1701193675365,0.028,38374.48
BTCUSDT,BUY,LIMIT,1701193677075,0.049,38382.22
BTCUSDT,BUY,LIMIT,1701193678096,0.026,38389.50
BTCUSDT,BUY,LIMIT,1701193679121,1.312,38388.94
BTCUSDT,BUY,LIMIT,1701193680471,0.025,38390.46
BTCUSDT,BUY,LIMIT,1701193694150,0.161,38391.34
BTCUSDT,SELL,LIMIT,1701194647741,0.019,37949.15
BTCUSDT,SELL,LIMIT,1701194649408,0.007,37930.38
BTCUSDT,SELL,LIMIT,1701194651177,0.012,37922.35
BTCUSDT,SELL,LIMIT,1701194653717,0.003,37920.33
BTCUSDT,SELL,LIMIT,1701194656716,0.056,37916.58
BTCUSDT,SELL,LIMIT,1701194658941,0.005,37916.27
BTCUSDT,SELL,LIMIT,1701194699902,0.007,37916.02
BTCUSDT,SELL,LIMIT,1701194703199,0.018,37908.50
BTCUSDT,SELL,LIMIT,1701194704386,0.026,37908.88
BTCUSDT,SELL,LIMIT,1701194819139,0.009,37905.12
BTCUSDT,SELL,LIMIT,1701194820304,0.074,37902.94
BTCUSDT,SELL,LIMIT,1701194821393,0.003,37902.13
BTCUSDT,SELL,LIMIT,1701194823491,0.100,37900.91
BTCUSDT,SELL,LIMIT,1701194825135,0.009,37887.38
BTCUSDT,SELL,LIMIT,1701194827536,0.086,37890.89
BTCUSDT,SELL,LIMIT,1701194836945,0.157,37883.70
BTCUSDT,BUY,LIMIT,1701195140072,0.003,38257.37
BTCUSDT,BUY,LIMIT,1701195683152,0.021,38324.79
BTCUSDT,BUY,LIMIT,1701195970296,0.013,38251.39
BTCUSDT,BUY,LIMIT,1701196136314,0.001,38272.17
BTCUSDT,BUY,LIMIT,1701196217995,0.031,38260.27
BTCUSDT,BUY,LIMIT,1701196226314,0.004,38260.28
BTCUSDT,BUY,LIMIT,1701196819849,0.291,38254.32
BTCUSDT,BUY,LIMIT,1701197003504,0.010,38260.26
BTCUSDT,SELL,LIMIT,1701197205460,0.037,37922.81
BTCUSDT,SELL,LIMIT,1701197402375,0.027,37879.44
BTCUSDT,SELL,LIMIT,1701197403199,0.043,37875.59
BTCUSDT,SELL,LIMIT,1701197404171,0.021,37863.89
BTCUSDT,SELL,LIMIT,1701197405638,0.033,37844.31
BTCUSDT,SELL,LIMIT,1701197406750,0.061,37830.68
BTCUSDT,SELL,LIMIT,1701197408188,0.010,37829.55
BTCUSDT,SELL,LIMIT,1701197410336,0.111,37824.29
BTCUSDT,SELL,LIMIT,1701197415195,0.140,37822.62
BTCUSDT,SELL,LIMIT,1701197416354,0.454,37823.39
BTCUSDT,SELL,LIMIT,1701197419539,0.086,37813.88
BTCUSDT,SELL,LIMIT,1701197420590,0.041,37798.69
BTCUSDT,SELL,LIMIT,1701197421494,0.034,37806.58
BTCUSDT,SELL,LIMIT,1701197423050,0.069,37766.14
BTCUSDT,SELL,LIMIT,1701197423957,1.313,37769.69
BTCUSDT,SELL,LIMIT,1701197425665,0.007,37748.95
BTCUSDT,SELL,LIMIT,1701197442779,0.008,37762.85
BTCUSDT,SELL,LIMIT,1701197447464,0.027,37748.25
BTCUSDT,SELL,LIMIT,1701197448649,0.004,37743.43
BTCUSDT,SELL,LIMIT,1701197449681,0.300,37737.46
BTCUSDT,SELL,LIMIT,1701197451004,0.266,37736.12
BTCUSDT,SELL,LIMIT,1701197452795,0.034,37734.57
BTCUSDT,SELL,LIMIT,1701197454022,0.010,37732.36
BTCUSDT,SELL,LIMIT,1701197529042,1.202,37734.36
BTCUSDT,SELL,LIMIT,1701197538049,0.169,37727.96
BTCUSDT,SELL,LIMIT,1701197539260,0.003,37726.63
BTCUSDT,SELL,LIMIT,1701197576592,0.020,37722.14
BTCUSDT,SELL,LIMIT,1701197633327,0.200,37722.21
BTCUSDT,SELL,LIMIT,1701197645139,0.012,37720.35
BTCUSDT,BUY,LIMIT,1701197841084,0.009,38129.28
BTCUSDT,BUY,LIMIT,1701197848257,0.008,38138.19
BTCUSDT,BUY,LIMIT,1701197850432,0.154,38164.99
BTCUSDT,BUY,LIMIT,1701197851997,0.816,38157.22
BTCUSDT,BUY,LIMIT,1701197853325,0.027,38156.26
BTCUSDT,BUY,LIMIT,1701197854436,0.135,38134.32
BTCUSDT,BUY,LIMIT,1701197856331,0.100,38156.24
BTCUSDT,BUY,LIMIT,1701197859259,0.072,38156.91
BTCUSDT,BUY,LIMIT,1701197860339,0.004,37994.11
BTCUSDT,BUY,LIMIT,1701197862887,0.042,38055.42
BTCUSDT,SELL,LIMIT,1701197873569,0.020,37849.46
BTCUSDT,BUY,LIMIT,1701198029553,0.013,38073.62
BTCUSDT,BUY,LIMIT,1701198063107,0.007,38167.05
BTCUSDT,BUY,LIMIT,1701198066150,0.185,38173.17
BTCUSDT,BUY,LIMIT,1701198067215,0.021,38181.26
BTCUSDT,BUY,LIMIT,1701198068254,0.124,38177.06
BTCUSDT,BUY,LIMIT,1701198070120,0.017,38188.15
BTCUSDT,BUY,LIMIT,1701198071946,0.040,38192.99
BTCUSDT,BUY,LIMIT,1701198072985,0.435,38195.62
BTCUSDT,BUY,LIMIT,1701198087044,0.008,38197.39
BTCUSDT,BUY,LIMIT,1701198088150,0.003,38198.69
BTCUSDT,BUY,LIMIT,1701198089173,0.004,38203.63
BTCUSDT,BUY,LIMIT,1701198094276,0.018,38217.69
BTCUSDT,BUY,LIMIT,1701198097437,0.126,38218.23
BTCUSDT,BUY,LIMIT,1701198125004,0.023,38226.52
BTCUSDT,BUY,LIMIT,1701198126047,0.200,38238.53
BTCUSDT,BUY,LIMIT,1701198127332,1.319,38237.16
BTCUSDT,BUY,LIMIT,1701198135955,0.005,38240.53
BTCUSDT,BUY,LIMIT,1701198137386,0.003,38243.01
BTCUSDT,BUY,LIMIT,1701198141032,0.028,38245.90
BTCUSDT,BUY,LIMIT,1701198144162,0.264,38246.96
BTCUSDT,BUY,LIMIT,1701198219195,0.090,38247.10
BTCUSDT,BUY,LIMIT,1701198240126,0.052,38248.61
BTCUSDT,BUY,LIMIT,1701198271187,0.005,38170.25
BTCUSDT,BUY,LIMIT,1701199009885,0.235,38201.19
BTCUSDT,BUY,LIMIT,1701199123275,0.044,38194.16
BTCUSDT,BUY,LIMIT,1701199820266,0.024,38213.46
BTCUSDT,BUY,LIMIT,1701199840223,0.003,38220.47
BTCUSDT,BUY,LIMIT,1701200191747,0.036,38260.79
BTCUSDT,BUY,LIMIT,1701200192863,6.590,38301.71
BTCUSDT,BUY,LIMIT,1701200194350,0.028,38267.54
BTCUSDT,BUY,LIMIT,1701200204628,0.134,38271.17
BTCUSDT,BUY,LIMIT,1701200210120,0.009,38276.56
BTCUSDT,BUY,LIMIT,1701200211237,0.480,38280.50
BTCUSDT,BUY,LIMIT,1701200212278,0.010,38278.73
BTCUSDT,BUY,LIMIT,1701200222537,0.030,38284.33
BTCUSDT,BUY,LIMIT,1701200224081,0.007,38287.30
BTCUSDT,BUY,LIMIT,1701200225437,0.010,38288.92
BTCUSDT,BUY,LIMIT,1701200451232,0.154,38291.10
BTCUSDT,BUY,LIMIT,1701200452246,0.033,38293.50
BTCUSDT,BUY,LIMIT,1701200457673,0.023,38300.70
BTCUSDT,BUY,LIMIT,1701200467375,0.008,38304.16
BTCUSDT,BUY,LIMIT,1701200469843,0.014,38306.21
BTCUSDT,BUY,LIMIT,1701200472489,0.003,38313.52
BTCUSDT,BUY,LIMIT,1701200473383,0.005,38310.40
BTCUSDT,BUY,LIMIT,1701200474291,0.035,38364.47
BTCUSDT,BUY,LIMIT,1701200475159,1.582,38404.12
BTCUSDT,BUY,LIMIT,1701200475984,0.007,38387.76
BTCUSDT,BUY,LIMIT,1701200489064,0.070,38394.96
BTCUSDT,BUY,LIMIT,1701200492041,0.097,38398.91
BTCUSDT,BUY,LIMIT,1701200493069,0.151,38402.38
BTCUSDT,BUY,LIMIT,1701200494069,0.042,38412.72
BTCUSDT,BUY,LIMIT,1701200495118,1.500,38410.77
BTCUSDT,BUY,LIMIT,1701200496119,0.105,38434.04
BTCUSDT,BUY,LIMIT,1701200497121,0.011,38425.82
BTCUSDT,BUY,LIMIT,1701200498225,0.050,38436.29
BTCUSDT,BUY,LIMIT,1701200503054,0.005,38440.53
BTCUSDT,BUY,LIMIT,1701200504087,0.396,38440.40
BTCUSDT,BUY,LIMIT,1701200519214,0.060,38441.66
BTCUSDT,BUY,LIMIT,1701200520222,1.000,38444.66
BTCUSDT,BUY,LIMIT,1701200521246,0.008,38449.21
BTCUSDT,BUY,LIMIT,1701200522201,0.005,38450.25
BTCUSDT,BUY,LIMIT,1701200523285,0.003,38457.78
BTCUSDT,BUY,LIMIT,1701200524286,0.055,38459.22
BTCUSDT,BUY,LIMIT,1701200530078,0.178,38463.73
BTCUSDT,BUY,LIMIT,1701200538120,0.608,38470.93
BTCUSDT,BUY,LIMIT,1701200539107,0.555,38474.54
BTCUSDT,BUY,LIMIT,1701200540131,0.023,38480.58
BTCUSDT,BUY,LIMIT,1701200541143,0.089,38484.35
BTCUSDT,BUY,LIMIT,1701200542253,0.239,38490.94
BTCUSDT,BUY,LIMIT,1701200543679,0.003,38490.94
BTCUSDT,BUY,LIMIT,1701200544696,0.033,38500.92
BTCUSDT,BUY,LIMIT,1701200546391,0.026,38497.58
BTCUSDT,BUY,LIMIT,1701200547391,0.075,38502.66
BTCUSDT,BUY,LIMIT,1701200548420,0.013,38503.91
BTCUSDT,BUY,LIMIT,1701200549461,0.008,38510.56
BTCUSDT,BUY,LIMIT,1701200559730,1.234,38510.60
BTCUSDT,BUY,LIMIT,1701200560734,0.114,38511.05
BTCUSDT,BUY,LIMIT,1701200562041,0.208,38516.80
BTCUSDT,BUY,LIMIT,1701200563080,0.165,38517.96
BTCUSDT,BUY,LIMIT,1701200564153,0.006,38518.10
BTCUSDT,BUY,LIMIT,1701200565496,0.018,38522.54
BTCUSDT,SELL,LIMIT,1701200748158,0.408,38059.51
BTCUSDT,SELL,LIMIT,1701200792851,0.013,38040.61
BTCUSDT,SELL,LIMIT,1701200825130,0.090,38017.92
BTCUSDT,SELL,LIMIT,1701200838392,0.007,38013.62
BTCUSDT,SELL,LIMIT,1701200840533,0.010,38005.13
BTCUSDT,SELL,LIMIT,1701200841559,0.003,38004.12
BTCUSDT,SELL,LIMIT,1701200843666,0.033,37991.24
BTCUSDT,SELL,LIMIT,1701200846461,0.003,37988.57
BTCUSDT,SELL,LIMIT,1701200850076,0.007,37983.29
BTCUSDT,SELL,LIMIT,1701200896308,0.013,37981.04
BTCUSDT,SELL,LIMIT,1701200899171,0.003,37980.77
BTCUSDT,SELL,LIMIT,1701200901358,1.109,37976.14
BTCUSDT,SELL,LIMIT,1701200928373,0.021,37961.29
BTCUSDT,BUY,LIMIT,1701201307082,0.119,38365.96
BTCUSDT,BUY,LIMIT,1701201376346,0.005,38332.27
BTCUSDT,SELL,LIMIT,1701201564848,0.039,37951.81
BTCUSDT,SELL,LIMIT,1701201568164,0.258,37945.65
BTCUSDT,SELL,LIMIT,1701201569241,0.006,37945.51
BTCUSDT,SELL,LIMIT,1701201570429,0.005,37937.27
BTCUSDT,SELL,LIMIT,1701201619615,0.003,37957.58
BTCUSDT,BUY,LIMIT,1701201634452,0.012,38197.25
BTCUSDT,SELL,LIMIT,1701201666142,0.053,37933.06
BTCUSDT,SELL,LIMIT,1701201668581,0.026,37934.66
BTCUSDT,SELL,LIMIT,1701202020252,1.074,37924.91
BTCUSDT,SELL,LIMIT,1701202023182,0.004,37922.04
BTCUSDT,SELL,LIMIT,1701202024249,0.506,37915.79
BTCUSDT,SELL,LIMIT,1701202032091,0.056,37910.18
BTCUSDT,SELL,LIMIT,1701202039352,0.340,37909.75
BTCUSDT,SELL,LIMIT,1701202048378,0.040,37907.62
BTCUSDT,BUY,LIMIT,1701202312490,0.067,38288.89
BTCUSDT,BUY,LIMIT,1701202561404,0.006,38328.32
BTCUSDT,BUY,LIMIT,1701202565458,0.008,38338.75
BTCUSDT,BUY,LIMIT,1701202569855,0.036,38346.59
BTCUSDT,BUY,LIMIT,1701202571159,0.108,38348.73
BTCUSDT,BUY,LIMIT,1701202575787,0.001,38351.51
BTCUSDT,BUY,LIMIT,1701202654180,0.027,38335.78
BTCUSDT,BUY,LIMIT,1701203797884,0.023,38267.45
BTCUSDT,BUY,LIMIT,1701204392094,0.019,38346.46
BTCUSDT,BUY,LIMIT,1701204399075,0.078,38349.07
BTCUSDT,BUY,LIMIT,1701204403096,0.014,38353.54
