Symbol,Side,Order Type,Time,Quantity,Price
BTCUSDT,BUY,LIMIT,1700845614456,0.020,37561.95
BTCUSDT,BUY,LIMIT,1700845735417,0.087,37911.01
BTCUSDT,BUY,LIMIT,1700845746626,0.228,37914.54
BTCUSDT,BUY,LIMIT,1700845748359,0.060,37916.65
BTCUSDT,BUY,LIMIT,1700845752296,0.021,37920.00
BTCUSDT,BUY,LIMIT,1700845848163,0.009,37924.01
BTCUSDT,BUY,LIMIT,1700845880339,2.604,37960.12
BTCUSDT,BUY,LIMIT,1700845882535,0.078,37944.66
BTCUSDT,BUY,LIMIT,1700845886301,0.013,37955.69
BTCUSDT,BUY,LIMIT,1700845888594,0.003,37958.02
BTCUSDT,BUY,LIMIT,1700845890107,0.026,37961.64
BTCUSDT,BUY,LIMIT,1700845891851,0.045,37964.88
BTCUSDT,BUY,LIMIT,1700846050618,0.302,37965.95
BTCUSDT,BUY,LIMIT,1700846061045,0.003,37978.82
BTCUSDT,BUY,LIMIT,1700846062206,0.003,37978.92
BTCUSDT,BUY,LIMIT,1700846127379,0.003,37984.56
BTCUSDT,BUY,LIMIT,1700846253428,0.007,37987.05
BTCUSDT,BUY,LIMIT,1700846261466,0.020,37991.45
BTCUSDT,BUY,LIMIT,1700846325108,0.011,37992.82
BTCUSDT,BUY,LIMIT,1700846326300,0.009,37993.93
BTCUSDT,BUY,LIMIT,1700846567546,0.003,38002.79
BTCUSDT,BUY,LIMIT,1700846590585,0.003,38009.65
BTCUSDT,BUY,LIMIT,1700846592127,0.021,38010.98
BTCUSDT,BUY,LIMIT,1700846599848,0.082,38014.18
BTCUSDT,BUY,LIMIT,1700846603753,0.015,38017.23
BTCUSDT,BUY,LIMIT,1700846608232,0.092,38019.42
BTCUSDT,BUY,LIMIT,1700846615594,1.251,38020.79
BTCUSDT,BUY,LIMIT,1700846741836,0.035,38022.53
BTCUSDT,BUY,LIMIT,1700846749404,0.026,38033.21
BTCUSDT,BUY,LIMIT,1700846754939,1.327,38036.48
BTCUSDT,BUY,LIMIT,1700846756409,0.053,38038.40
BTCUSDT,BUY,LIMIT,1700846788051,0.006,38046.44
BTCUSDT,BUY,LIMIT,1700846789163,1.310,38043.20
BTCUSDT,BUY,LIMIT,1700846790371,0.006,38050.82
BTCUSDT,BUY,LIMIT,1700846791387,0.034,38057.33
BTCUSDT,BUY,LIMIT,1700846792404,0.951,38056.83
BTCUSDT,BUY,LIMIT,1700846795869,0.006,38064.60
BTCUSDT,BUY,LIMIT,1700846802229,0.015,38067.20
BTCUSDT,SELL,LIMIT,1700847907654,0.225,37609.75
BTCUSDT,BUY,LIMIT,1700848632915,0.009,37950.63
BTCUSDT,BUY,LIMIT,1700848691314,0.015,38006.04
BTCUSDT,BUY,LIMIT,1700848857716,0.058,37971.28
BTCUSDT,BUY,LIMIT,1700849346285,0.003,37940.76
BTCUSDT,BUY,LIMIT,1700849348263,0.018,38010.35
BTCUSDT,BUY,LIMIT,1700849366031,0.068,38040.63
BTCUSDT,BUY,LIMIT,1700849371205,0.023,38026.28
BTCUSDT,SELL,LIMIT,1700850283460,0.128,37601.76
BTCUSDT,SELL,LIMIT,1700850287194,0.008,37596.74
BTCUSDT,SELL,LIMIT,1700850332080,0.007,37588.97
BTCUSDT,SELL,LIMIT,1700850333139,0.003,37594.31
BTCUSDT,SELL,LIMIT,1700850334364,0.004,37579.87
BTCUSDT,SELL,LIMIT,1700850343849,0.011,37579.59
BTCUSDT,SELL,LIMIT,1700850843141,0.024,37565.16
BTCUSDT,SELL,LIMIT,1700851078079,0.003,37562.60
BTCUSDT,SELL,LIMIT,1700851079123,0.443,37561.75
BTCUSDT,SELL,LIMIT,1700851082068,0.042,37560.47
BTCUSDT,SELL,LIMIT,1700851083353,0.033,37555.97
BTCUSDT,SELL,LIMIT,1700851087420,0.106,37552.53
BTCUSDT,SELL,LIMIT,1700851089079,0.232,37551.43
BTCUSDT,SELL,LIMIT,1700851092244,0.093,37549.09
BTCUSDT,SELL,LIMIT,1700851093261,0.042,37547.72
BTCUSDT,SELL,LIMIT,1700851097623,0.029,37542.95
BTCUSDT,SELL,LIMIT,1700851161404,0.019,37539.77
BTCUSDT,SELL,LIMIT,1700851163161,0.007,37538.51
BTCUSDT,SELL,LIMIT,1700851175913,0.010,37537.41
BTCUSDT,SELL,LIMIT,1700851177498,0.035,37537.24
BTCUSDT,SELL,LIMIT,1700851181130,0.009,37528.29
BTCUSDT,SELL,LIMIT,1700851239633,0.004,37522.52
BTCUSDT,SELL,LIMIT,1700851246027,0.008,37520.13
BTCUSDT,SELL,LIMIT,1700851247202,0.030,37519.89
BTCUSDT,SELL,LIMIT,1700851248160,0.038,37516.91
BTCUSDT,SELL,LIMIT,1700851249299,0.022,37503.40
BTCUSDT,SELL,LIMIT,1700851250436,0.006,37512.61
BTCUSDT,SELL,LIMIT,1700851251683,0.014,37484.99
BTCUSDT,SELL,LIMIT,1700851435231,0.005,37478.74
BTCUSDT,SELL,LIMIT,1700851436361,0.149,37477.36
BTCUSDT,SELL,LIMIT,1700851486217,0.039,37463.24
BTCUSDT,SELL,LIMIT,1700851487424,0.198,37467.97
BTCUSDT,SELL,LIMIT,1700851488444,0.006,37454.91
BTCUSDT,SELL,LIMIT,1700851491935,0.019,37449.73
BTCUSDT,SELL,LIMIT,1700851508137,0.033,37449.20
BTCUSDT,SELL,LIMIT,1700851509720,0.061,37445.21
BTCUSDT,SELL,LIMIT,1700851510743,0.003,37438.74
BTCUSDT,SELL,LIMIT,1700851546548,0.065,37437.22
BTCUSDT,SELL,LIMIT,1700851548128,0.009,37433.84
BTCUSDT,BUY,LIMIT,1700852384259,0.026,37870.85
BTCUSDT,SELL,LIMIT,1700852908226,0.010,37486.75
BTCUSDT,SELL,LIMIT,1700852924560,0.003,37681.69
BTCUSDT,SELL,LIMIT,1700852932460,0.055,37488.35
BTCUSDT,SELL,LIMIT,1700852937529,0.088,37478.20
BTCUSDT,SELL,LIMIT,1700852956578,0.014,37474.02
BTCUSDT,BUY,LIMIT,1700853340165,0.029,37858.99
BTCUSDT,SELL,LIMIT,1700853725392,0.008,37544.22
BTCUSDT,SELL,LIMIT,1700853748127,0.291,37504.43
BTCUSDT,BUY,LIMIT,1700854536184,0.020,37890.66
BTCUSDT,BUY,LIMIT,1700854554153,0.015,37895.34
BTCUSDT,BUY,LIMIT,1700854717669,0.026,37904.76
BTCUSDT,BUY,LIMIT,1700854725220,0.003,37910.82
BTCUSDT,BUY,LIMIT,1700854749130,0.014,37921.69
BTCUSDT,BUY,LIMIT,1700854756359,0.133,37925.36
BTCUSDT,BUY,LIMIT,1700855407113,0.003,37929.62
BTCUSDT,BUY,LIMIT,1700855418588,0.046,37933.59
BTCUSDT,BUY,LIMIT,1700855516573,0.003,37937.90
BTCUSDT,BUY,LIMIT,1700856207120,0.021,37942.59
BTCUSDT,BUY,LIMIT,1700856877131,0.025,37943.36
BTCUSDT,SELL,LIMIT,1700856893789,0.025,37748.92
BTCUSDT,BUY,LIMIT,1700856908598,0.540,37945.37
BTCUSDT,BUY,LIMIT,1700857443098,0.009,37948.39
BTCUSDT,BUY,LIMIT,1700857444383,0.015,37948.84
BTCUSDT,BUY,LIMIT,1700857450657,0.020,37951.39
BTCUSDT,BUY,LIMIT,1700857451768,0.241,37956.04
BTCUSDT,BUY,LIMIT,1700857456179,0.212,37957.77
BTCUSDT,BUY,LIMIT,1700857459028,0.180,37958.77
BTCUSDT,BUY,LIMIT,1700857460350,0.995,37964.61
BTCUSDT,BUY,LIMIT,1700857463041,0.136,37967.42
BTCUSDT,BUY,LIMIT,1700857466331,0.007,37968.85
BTCUSDT,BUY,LIMIT,1700857469311,0.174,37964.95
BTCUSDT,BUY,LIMIT,1700857511221,0.387,37969.11
BTCUSDT,BUY,LIMIT,1700857514690,0.237,37969.94
BTCUSDT,BUY,LIMIT,1700857516420,0.004,37970.55
BTCUSDT,BUY,LIMIT,1700857542179,0.013,37975.49
BTCUSDT,BUY,LIMIT,1700858263076,0.033,37980.69
BTCUSDT,BUY,LIMIT,1700858265103,0.006,37980.83
BTCUSDT,BUY,LIMIT,1700858478133,0.556,37977.78
BTCUSDT,BUY,LIMIT,1700858479134,0.347,37980.78
BTCUSDT,BUY,LIMIT,1700858811403,0.006,37752.05
BTCUSDT,BUY,LIMIT,1700858901786,0.003,37981.60
BTCUSDT,BUY,LIMIT,1700858903343,4.622,38008.80
BTCUSDT,BUY,LIMIT,1700858905754,0.027,37983.49
BTCUSDT,BUY,LIMIT,1700859040681,0.002,37943.82
BTCUSDT,BUY,LIMIT,1700859045115,0.028,37742.55
BTCUSDT,BUY,LIMIT,1700859046332,0.016,37993.50
BTCUSDT,BUY,LIMIT,1700859057001,0.057,38000.15
BTCUSDT,BUY,LIMIT,1700859150797,0.010,38003.57
BTCUSDT,BUY,LIMIT,1700859217177,0.411,38007.74
BTCUSDT,BUY,LIMIT,1700859371720,0.037,38011.30
BTCUSDT,BUY,LIMIT,1700859425976,0.005,38016.16
BTCUSDT,BUY,LIMIT,1700859436875,1.162,38019.25
BTCUSDT,BUY,LIMIT,1700859438578,0.047,38020.52
BTCUSDT,BUY,LIMIT,1700859445370,1.594,38031.02
BTCUSDT,BUY,LIMIT,1700859514018,0.004,38034.38
BTCUSDT,BUY,LIMIT,1700859536070,0.018,38011.35
BTCUSDT,BUY,LIMIT,1700860301931,0.015,38033.58
BTCUSDT,BUY,LIMIT,1700860335980,0.038,38037.44
BTCUSDT,BUY,LIMIT,1700860339944,0.027,38037.98
BTCUSDT,BUY,LIMIT,1700860352152,0.037,38038.29
BTCUSDT,BUY,LIMIT,1700860354180,0.004,38039.87
BTCUSDT,BUY,LIMIT,1700860392393,0.004,38041.09
BTCUSDT,BUY,LIMIT,1700860411415,0.025,38043.06
BTCUSDT,BUY,LIMIT,1700860414139,0.085,38046.44
BTCUSDT,BUY,LIMIT,1700860416137,0.230,38050.52
BTCUSDT,BUY,LIMIT,1700860421049,0.079,38050.88
BTCUSDT,BUY,LIMIT,1700860422158,0.011,38059.68
BTCUSDT,BUY,LIMIT,1700860446134,0.004,38063.85
BTCUSDT,BUY,LIMIT,1700860448309,0.005,38066.84
BTCUSDT,BUY,LIMIT,1700860720039,0.005,38076.49
BTCUSDT,BUY,LIMIT,1700860721102,0.009,38071.93
BTCUSDT,SELL,LIMIT,1700863303942,0.087,37615.53
BTCUSDT,SELL,LIMIT,1700863306015,0.355,37613.57
BTCUSDT,SELL,LIMIT,1700863812450,0.021,37607.91
BTCUSDT,SELL,LIMIT,1700863816232,0.010,37604.72
BTCUSDT,SELL,LIMIT,1700863822985,0.458,37599.53
BTCUSDT,SELL,LIMIT,1700863861539,0.003,37593.98
BTCUSDT,SELL,LIMIT,1700863862712,0.068,37591.05
BTCUSDT,SELL,LIMIT,1700863864361,0.020,37589.32
BTCUSDT,SELL,LIMIT,1700863867698,0.092,37583.75
BTCUSDT,SELL,LIMIT,1700863947658,0.525,37589.43
BTCUSDT,SELL,LIMIT,1700863948555,0.270,37551.27
BTCUSDT,SELL,LIMIT,1700863949433,0.006,37555.43
BTCUSDT,SELL,LIMIT,1700863950352,0.528,37535.09
BTCUSDT,SELL,LIMIT,1700863951235,0.007,37540.10
BTCUSDT,SELL,LIMIT,1700863953105,1.604,37623.25
BTCUSDT,SELL,LIMIT,1700863956930,0.009,37532.55
BTCUSDT,SELL,LIMIT,1700863960162,0.001,37807.78
BTCUSDT,SELL,LIMIT,1700863961762,0.100,37531.89
BTCUSDT,SELL,LIMIT,1700863962872,3.308,37500.91
BTCUSDT,SELL,LIMIT,1700863964069,0.220,37513.94
BTCUSDT,SELL,LIMIT,1700863965080,0.019,37515.36
BTCUSDT,SELL,LIMIT,1700863966238,0.038,37513.87
BTCUSDT,SELL,LIMIT,1700865546066,0.039,37572.00
BTCUSDT,SELL,LIMIT,1700865548581,0.039,37571.77
BTCUSDT,SELL,LIMIT,1700865583584,0.622,37561.82
BTCUSDT,BUY,LIMIT,1700865617439,0.080,37697.94
BTCUSDT,SELL,LIMIT,1700866573062,0.048,37581.29
BTCUSDT,SELL,LIMIT,1700866635540,0.035,37634.02
BTCUSDT,SELL,LIMIT,1700866702166,0.731,37511.12
BTCUSDT,SELL,LIMIT,1700866703388,0.031,37501.93
BTCUSDT,SELL,LIMIT,1700866705102,0.082,37500.25
BTCUSDT,SELL,LIMIT,1700866707088,0.022,37496.14
BTCUSDT,SELL,LIMIT,1700866708187,0.092,37493.21
BTCUSDT,SELL,LIMIT,1700866923029,0.007,37491.55
BTCUSDT,SELL,LIMIT,1700866971364,0.003,37494.05
BTCUSDT,SELL,LIMIT,1700866981116,0.082,37491.02
BTCUSDT,SELL,LIMIT,1700866982356,0.003,37490.17
BTCUSDT,SELL,LIMIT,1700866984851,0.006,37484.41
BTCUSDT,SELL,LIMIT,1700866995169,0.004,37484.06
BTCUSDT,SELL,LIMIT,1700866996242,0.010,37481.61
BTCUSDT,SELL,LIMIT,1700867008928,0.020,37472.27
BTCUSDT,SELL,LIMIT,1700867051121,0.030,37466.34
BTCUSDT,SELL,LIMIT,1700867071183,0.008,37463.50
BTCUSDT,SELL,LIMIT,1700867079196,0.025,37463.59
BTCUSDT,SELL,LIMIT,1700867080429,0.011,37463.02
BTCUSDT,SELL,LIMIT,1700867101218,0.013,37456.95
BTCUSDT,SELL,LIMIT,1700867104549,0.005,37454.74
BTCUSDT,SELL,LIMIT,1700867124123,0.311,37450.22
BTCUSDT,SELL,LIMIT,1700867125240,0.662,37450.39
BTCUSDT,SELL,LIMIT,1700867126301,0.194,37447.04
BTCUSDT,SELL,LIMIT,1700867127329,0.042,37448.14
BTCUSDT,SELL,LIMIT,1700867156354,0.045,37442.77
BTCUSDT,SELL,LIMIT,1700867158453,0.039,37441.66
BTCUSDT,SELL,LIMIT,1700867171566,0.132,37440.46
BTCUSDT,SELL,LIMIT,1700867176694,0.064,37438.20
BTCUSDT,SELL,LIMIT,1700867178076,0.006,37437.71
BTCUSDT,SELL,LIMIT,1700867179827,0.015,37437.48
BTCUSDT,SELL,LIMIT,1700867182400,0.014,37437.07
BTCUSDT,SELL,LIMIT,1700867183406,0.003,37432.35
BTCUSDT,SELL,LIMIT,1700867184517,0.016,37424.77
BTCUSDT,SELL,LIMIT,1700867208434,0.014,37430.37
BTCUSDT,SELL,LIMIT,1700867346661,0.013,37432.56
BTCUSDT,SELL,LIMIT,1700867349094,0.009,37427.89
BTCUSDT,SELL,LIMIT,1700867354650,0.264,37427.62
BTCUSDT,SELL,LIMIT,1700867412100,0.008,37423.16
BTCUSDT,SELL,LIMIT,1700867415539,0.023,37422.71
BTCUSDT,BUY,LIMIT,1700867461246,0.011,37641.83
BTCUSDT,SELL,LIMIT,1700867473171,0.502,37434.27
BTCUSDT,SELL,LIMIT,1700867565012,0.453,37469.87
BTCUSDT,SELL,LIMIT,1700867689057,0.007,37779.51
BTCUSDT,BUY,LIMIT,1700870014294,0.018,37856.39
BTCUSDT,BUY,LIMIT,1700870019923,0.103,37862.18
BTCUSDT,SELL,LIMIT,1700870636094,0.003,37532.79
BTCUSDT,SELL,LIMIT,1700870646146,0.014,37550.01
BTCUSDT,SELL,LIMIT,1700870648598,0.006,37525.90
BTCUSDT,BUY,LIMIT,1700871328044,0.009,37863.42
BTCUSDT,BUY,LIMIT,1700871807457,0.003,37860.23
BTCUSDT,BUY,LIMIT,1700872179884,0.036,37897.04
BTCUSDT,BUY,LIMIT,1700872181244,0.009,37899.56
BTCUSDT,BUY,LIMIT,1700872197828,0.065,37903.30
BTCUSDT,BUY,LIMIT,1700873030111,0.165,37907.93
BTCUSDT,BUY,LIMIT,1700873032152,0.027,37912.79
BTCUSDT,BUY,LIMIT,1700874226140,0.009,37885.83
BTCUSDT,BUY,LIMIT,1700875492094,0.003,37868.76
BTCUSDT,SELL,LIMIT,1700875763205,0.008,37593.31
BTCUSDT,BUY,LIMIT,1700876312257,0.020,37904.04
BTCUSDT,BUY,LIMIT,1700876322236,0.005,37904.91
BTCUSDT,BUY,LIMIT,1700876437035,0.004,37916.54
BTCUSDT,BUY,LIMIT,1700876679174,0.037,37917.06
BTCUSDT,BUY,LIMIT,1700876824146,0.006,37918.36
BTCUSDT,BUY,LIMIT,1700877097152,0.521,37921.33
BTCUSDT,BUY,LIMIT,1700877098511,0.317,37925.58
BTCUSDT,BUY,LIMIT,1700877100993,0.050,37931.41
BTCUSDT,BUY,LIMIT,1700877138800,0.010,37942.08
BTCUSDT,BUY,LIMIT,1700877142608,0.023,37944.76
BTCUSDT,BUY,LIMIT,1700877145335,0.012,37948.70
BTCUSDT,BUY,LIMIT,1700877150119,0.021,37949.76
BTCUSDT,BUY,LIMIT,1700877151223,0.004,37951.64
BTCUSDT,BUY,LIMIT,1700877235564,0.101,37959.34
BTCUSDT,BUY,LIMIT,1700877241275,0.012,37959.75
BTCUSDT,BUY,LIMIT,1700877272210,0.014,37965.37
BTCUSDT,BUY,LIMIT,1700877762241,0.002,37915.38
BTCUSDT,BUY,LIMIT,1700877765506,0.002,37823.62
BTCUSDT,SELL,LIMIT,1700877976099,0.281,37636.64
BTCUSDT,BUY,LIMIT,1700877977119,0.009,37932.37
BTCUSDT,SELL,LIMIT,1700878304023,0.101,37623.94
BTCUSDT,BUY,LIMIT,1700878440196,0.026,37908.36
BTCUSDT,BUY,LIMIT,1700878476743,0.026,37910.13
BTCUSDT,BUY,LIMIT,1700879458437,0.668,37870.10
BTCUSDT,SELL,LIMIT,1700879497097,0.010,37605.65
BTCUSDT,BUY,LIMIT,1700879537600,0.003,37902.09
BTCUSDT,BUY,LIMIT,1700879545414,0.287,37904.26
BTCUSDT,BUY,LIMIT,1700880043127,0.006,37948.30
BTCUSDT,BUY,LIMIT,1700880901945,0.003,37959.73
BTCUSDT,BUY,LIMIT,1700880966201,0.036,37968.38
BTCUSDT,BUY,LIMIT,1700880967274,0.132,37970.00
BTCUSDT,BUY,LIMIT,1700881334089,0.012,37973.65
BTCUSDT,BUY,LIMIT,1700881367077,0.190,37976.00
BTCUSDT,BUY,LIMIT,1700881368201,0.017,37976.91
BTCUSDT,BUY,LIMIT,1700881369551,0.010,37980.04
BTCUSDT,BUY,LIMIT,1700882039608,0.003,37948.63
BTCUSDT,BUY,LIMIT,1700882339761,0.375,37970.17
BTCUSDT,BUY,LIMIT,1700882367213,0.130,37981.13
BTCUSDT,BUY,LIMIT,1700882388131,1.328,37982.40
BTCUSDT,BUY,LIMIT,1700882410029,0.005,37981.92
BTCUSDT,BUY,LIMIT,1700882428455,0.075,37983.96
BTCUSDT,BUY,LIMIT,1700882459324,0.007,37985.81
BTCUSDT,BUY,LIMIT,1700882460660,0.030,37986.68
BTCUSDT,BUY,LIMIT,1700882490812,0.237,37988.33
BTCUSDT,BUY,LIMIT,1700882492185,0.023,37988.74
BTCUSDT,BUY,LIMIT,1700882676215,0.009,37989.39
BTCUSDT,BUY,LIMIT,1700882726354,0.013,37973.98
