Symbol,Side,Order Type,Time,Quantity,Price
BTCUSDT_231229,BUY,LIMIT,1701924304786,0.003,44700.6
BTCUSDT_231229,SELL,LIMIT,1701939527104,0.020,43395.3
BTCUSDT_231229,SELL,LIMIT,1701939528198,0.022,43378.2
BTCUSDT_231229,SELL,LIMIT,1701940012369,0.100,43295.3
BTCUSDT_231229,SELL,LIMIT,1701940291647,0.005,43257.4
BTCUSDT_231229,SELL,LIMIT,1701940293385,0.241,43253.3
BTCUSDT_231229,SELL,LIMIT,1701940301969,0.002,43256.5
BTCUSDT_231229,SELL,LIMIT,1701940408089,0.001,43228.0
BTCUSDT_231229,SELL,LIMIT,1701940453411,0.001,43196.3
BTCUSDT_231229,SELL,LIMIT,1701940554561,0.008,43177.6
BTCUSDT_231229,SELL,LIMIT,1701940555956,0.002,43143.8
BTCUSDT_231229,SELL,LIMIT,1701940562583,0.006,43031.0
BTCUSDT_231229,SELL,LIMIT,1701940570534,0.039,42912.9
BTCUSDT_231229,SELL,LIMIT,1701941190151,0.070,42882.6
BTCUSDT_231229,SELL,LIMIT,1701941238841,0.040,42741.7
BTCUSDT_231229,SELL,LIMIT,1701941241218,0.193,42704.8
BTCUSDT_231229,SELL,LIMIT,1701941244112,0.019,42676.4
BTCUSDT_231229,BUY,LIMIT,1701942651248,0.081,44191.5
BTCUSDT_231229,SELL,LIMIT,1701950649576,0.034,42841.0
BTCUSDT_231229,BUY,LIMIT,1701961406319,0.115,44264.7
BTCUSDT_231229,BUY,LIMIT,1701961410330,0.329,44276.7
BTCUSDT_231229,BUY,LIMIT,1701961431337,0.002,44315.9
BTCUSDT_231229,BUY,LIMIT,1701962459092,0.042,44361.3
BTCUSDT_231229,BUY,LIMIT,1701963032096,0.015,44574.6
BTCUSDT_231229,BUY,LIMIT,1701963033130,0.002,44578.2
BTCUSDT_231229,BUY,LIMIT,1701963100162,0.016,44609.1
BTCUSDT_231229,BUY,LIMIT,1701965060284,0.002,44394.4
BTCUSDT_231229,SELL,LIMIT,1701970719468,0.007,43246.6
BTCUSDT_231229,SELL,LIMIT,1701971015404,0.076,43111.5
BTCUSDT_231229,BUY,LIMIT,1701984766224,0.012,44148.4
BTCUSDT_231229,BUY,LIMIT,1702035490644,0.002,44323.3
BTCUSDT_231229,BUY,LIMIT,1702035572715,0.207,44334.5
BTCUSDT_231229,BUY,LIMIT,1702035782607,0.013,44377.9
BTCUSDT_231229,BUY,LIMIT,1702039202130,0.001,44497.0
BTCUSDT_231229,BUY,LIMIT,1702039295403,0.006,44513.9
BTCUSDT_231229,BUY,LIMIT,1702046666521,0.001,44657.3
BTCUSDT_231229,BUY,LIMIT,1702046668360,0.001,44633.1
BTCUSDT_231229,BUY,LIMIT,1702046952773,0.040,44755.9
BTCUSDT_231229,BUY,LIMIT,1702047042819,0.023,44765.2
BTCUSDT_231229,BUY,LIMIT,1702047077352,0.056,44782.1
BTCUSDT_231229,BUY,LIMIT,1702054437926,0.250,44583.0
BTCUSDT_231229,BUY,LIMIT,1702067565582,0.009,44797.2
BTCUSDT_231229,BUY,LIMIT,1702068122424,0.002,44928.9
BTCUSDT_231229,BUY,LIMIT,1702068283148,0.002,44990.5
BTCUSDT_231229,BUY,LIMIT,1702068897529,0.177,45039.0
BTCUSDT_231229,BUY,LIMIT,1702068993687,0.027,45073.7
BTCUSDT_231229,BUY,LIMIT,1702069019389,0.025,45098.2
BTCUSDT_231229,BUY,LIMIT,1702070556427,0.003,45196.4
BTCUSDT_231229,BUY,LIMIT,1702070561320,0.003,45227.6
BTCUSDT_231229,BUY,LIMIT,1702070630144,0.006,45314.2
BTCUSDT_231229,BUY,LIMIT,1702070631280,0.001,45314.3
BTCUSDT_231229,BUY,LIMIT,1702070666196,0.033,45399.6
BTCUSDT_231229,BUY,LIMIT,1702070681314,0.010,45428.2
BTCUSDT_231229,BUY,LIMIT,1702070771565,0.004,45455.1
BTCUSDT_231229,BUY,LIMIT,1702070774356,0.007,45459.0
BTCUSDT_231229,SELL,LIMIT,1702078765541,0.005,44016.7
BTCUSDT_231229,BUY,LIMIT,1702097378384,0.001,44983.8
BTCUSDT_231229,SELL,LIMIT,1702111080127,0.048,43799.1
BTCUSDT_231229,SELL,LIMIT,1702111203483,0.448,43729.0
BTCUSDT_231229,SELL,LIMIT,1702111369464,0.008,43723.2
BTCUSDT_231229,SELL,LIMIT,1702111373498,0.130,43734.6
BTCUSDT_231229,SELL,LIMIT,1702111387885,0.006,43678.0
BTCUSDT_231229,SELL,LIMIT,1702111480122,0.022,43653.0
BTCUSDT_231229,BUY,LIMIT,1702125462156,0.001,44536.5
BTCUSDT_231229,SELL,LIMIT,1702164540317,0.001,43629.5
BTCUSDT_231229,SELL,LIMIT,1702164688818,0.001,43628.8
BTCUSDT_231229,SELL,LIMIT,1702164802650,1.118,43541.4
BTCUSDT_231229,SELL,LIMIT,1702164848566,0.007,43479.3
BTCUSDT_231229,SELL,LIMIT,1702164850872,0.138,43474.5
BTCUSDT_231229,SELL,LIMIT,1702164906859,0.002,43455.3
BTCUSDT_231229,SELL,LIMIT,1702164938956,0.002,43443.3
BTCUSDT_231229,SELL,LIMIT,1702200799014,0.001,43432.6
BTCUSDT_231229,SELL,LIMIT,1702200938489,0.045,43422.0
BTCUSDT_231229,SELL,LIMIT,1702202322260,0.003,43436.9
BTCUSDT_231229,SELL,LIMIT,1702250341435,0.002,43452.0
BTCUSDT_231229,SELL,LIMIT,1702256605869,0.001,43402.0
BTCUSDT_231229,SELL,LIMIT,1702256915470,0.007,43301.9
BTCUSDT_231229,SELL,LIMIT,1702256916964,0.006,43246.5
BTCUSDT_231229,SELL,LIMIT,1702256918307,0.001,43228.9
BTCUSDT_231229,SELL,LIMIT,1702257464064,0.007,43139.2
BTCUSDT_231229,SELL,LIMIT,1702259022534,0.016,43046.8
BTCUSDT_231229,SELL,LIMIT,1702260182963,0.003,42998.1
BTCUSDT_231229,SELL,LIMIT,1702260192486,0.003,42978.5
BTCUSDT_231229,SELL,LIMIT,1702260279916,0.025,42940.0
BTCUSDT_231229,SELL,LIMIT,1702260283292,0.006,42915.3
BTCUSDT_231229,SELL,LIMIT,1702260320847,0.019,42859.9
BTCUSDT_231229,SELL,LIMIT,1702260392186,0.148,42830.8
BTCUSDT_231229,SELL,LIMIT,1702260402371,0.004,42815.3
BTCUSDT_231229,SELL,LIMIT,1702260420024,0.003,42801.2
BTCUSDT_231229,SELL,LIMIT,1702260424409,0.001,42739.8
BTCUSDT_231229,SELL,LIMIT,1702260428479,0.073,42610.2
BTCUSDT_231229,SELL,LIMIT,1702260429587,0.005,42769.3
BTCUSDT_231229,SELL,LIMIT,1702260430629,0.109,42527.3
BTCUSDT_231229,SELL,LIMIT,1702260433931,0.049,42516.2
BTCUSDT_231229,SELL,LIMIT,1702260435498,0.028,42508.2
BTCUSDT_231229,SELL,LIMIT,1702260436808,0.002,42432.5
BTCUSDT_231229,SELL,LIMIT,1702260439619,0.009,42385.0
BTCUSDT_231229,SELL,LIMIT,1702260441472,0.004,42331.8
BTCUSDT_231229,SELL,LIMIT,1702260443174,0.057,42311.7
BTCUSDT_231229,SELL,LIMIT,1702260637768,0.002,42377.5
BTCUSDT_231229,SELL,LIMIT,1702260707256,0.003,42347.3
BTCUSDT_231229,SELL,LIMIT,1702260708963,0.003,42310.7
BTCUSDT_231229,SELL,LIMIT,1702260710586,0.012,42290.2
BTCUSDT_231229,SELL,LIMIT,1702260714218,0.064,42245.5
BTCUSDT_231229,SELL,LIMIT,1702260717624,0.003,42194.0
BTCUSDT_231229,SELL,LIMIT,1702260718704,0.007,42165.3
BTCUSDT_231229,SELL,LIMIT,1702260721985,0.035,42140.3
BTCUSDT_231229,SELL,LIMIT,1702260723432,0.008,42109.4
BTCUSDT_231229,SELL,LIMIT,1702260724458,0.008,42039.1
BTCUSDT_231229,SELL,LIMIT,1702260730900,0.002,42010.5
BTCUSDT_231229,SELL,LIMIT,1702260734496,0.007,42000.3
BTCUSDT_231229,SELL,LIMIT,1702260736187,0.044,41965.9
BTCUSDT_231229,SELL,LIMIT,1702260743200,0.037,41992.0
BTCUSDT_231229,SELL,LIMIT,1702260753540,0.001,42630.2
BTCUSDT_231229,BUY,LIMIT,1702260756491,0.349,42914.0
BTCUSDT_231229,SELL,LIMIT,1702260761706,0.001,42383.1
BTCUSDT_231229,SELL,LIMIT,1702260764923,0.011,41961.7
BTCUSDT_231229,SELL,LIMIT,1702260766589,0.005,41942.8
BTCUSDT_231229,SELL,LIMIT,1702260768526,0.007,41903.7
BTCUSDT_231229,SELL,LIMIT,1702260769861,0.001,41846.0
BTCUSDT_231229,SELL,LIMIT,1702260771092,0.019,41808.0
BTCUSDT_231229,SELL,LIMIT,1702260772104,0.002,41629.3
BTCUSDT_231229,SELL,LIMIT,1702260773721,0.003,41603.6
BTCUSDT_231229,SELL,LIMIT,1702260774736,2.223,41499.5
BTCUSDT_231229,SELL,LIMIT,1702260776321,0.001,41333.2
BTCUSDT_231229,SELL,LIMIT,1702260778515,0.005,41289.6
BTCUSDT_231229,SELL,LIMIT,1702260779703,0.008,41225.8
BTCUSDT_231229,SELL,LIMIT,1702260781550,1.003,41111.5
BTCUSDT_231229,SELL,LIMIT,1702260782665,0.001,41121.6
BTCUSDT_231229,SELL,LIMIT,1702260784115,0.001,41080.4
BTCUSDT_231229,SELL,LIMIT,1702260785278,0.035,41018.8
BTCUSDT_231229,SELL,LIMIT,1702260788215,0.391,40818.2
BTCUSDT_231229,SELL,LIMIT,1702260789500,0.063,40710.8
BTCUSDT_231229,SELL,LIMIT,1702260790785,0.006,40734.3
BTCUSDT_231229,SELL,LIMIT,1702260792239,0.001,40702.3
BTCUSDT_231229,SELL,LIMIT,1702260795384,1.900,40492.1
BTCUSDT_231229,SELL,LIMIT,1702260796532,0.002,40601.5
BTCUSDT_231229,SELL,LIMIT,1702260797765,0.125,40600.9
BTCUSDT_231229,SELL,LIMIT,1702260799505,0.063,40498.9
BTCUSDT_231229,SELL,LIMIT,1702260800732,0.144,40461.8
BTCUSDT_231229,BUY,LIMIT,1702260805870,0.051,41044.3
BTCUSDT_231229,SELL,LIMIT,1702260807494,0.002,40352.2
BTCUSDT_231229,BUY,LIMIT,1702264180558,0.003,42770.3
BTCUSDT_231229,BUY,LIMIT,1702265331130,0.008,42955.0
BTCUSDT_231229,BUY,LIMIT,1702265397421,0.010,42975.6
BTCUSDT_231229,BUY,LIMIT,1702265445073,0.014,42988.4
BTCUSDT_231229,BUY,LIMIT,1702265562619,0.008,42989.4
BTCUSDT_231229,BUY,LIMIT,1702265632514,0.001,43030.4
