Symbol,Side,Order Type,Time,Quantity,Price
BTCUSDT,BUY,LIMIT,1700990938132,0.036,37867.24
BTCUSDT,SELL,LIMIT,1700991015924,0.011,37595.92
BTCUSDT,SELL,LIMIT,1700991190356,0.003,37580.72
BTCUSDT,SELL,LIMIT,1700991237108,0.011,37576.07
BTCUSDT,BUY,LIMIT,1700993367144,0.082,37750.17
BTCUSDT,SELL,LIMIT,1700993788385,0.006,37761.81
BTCUSDT,SELL,LIMIT,1700996193289,0.025,37555.95
BTCUSDT,SELL,LIMIT,1700996358383,0.003,37556.90
BTCUSDT,SELL,LIMIT,1700998508820,0.005,37555.24
BTCUSDT,SELL,LIMIT,1700999253278,0.008,37561.16
BTCUSDT,SELL,LIMIT,1700999817318,0.311,37507.32
BTCUSDT,SELL,LIMIT,1700999821407,0.017,37506.49
BTCUSDT,SELL,LIMIT,1700999822636,0.063,37506.31
BTCUSDT,SELL,LIMIT,1701000095190,0.081,37504.10
BTCUSDT,SELL,LIMIT,1701000096264,0.013,37502.12
BTCUSDT,SELL,LIMIT,1701000193059,0.015,37495.07
BTCUSDT,SELL,LIMIT,1701000194053,0.026,37495.16
BTCUSDT,SELL,LIMIT,1701000270293,0.078,37487.41
BTCUSDT,SELL,LIMIT,1701000272065,0.021,37484.61
BTCUSDT,SELL,LIMIT,1701000273189,0.024,37483.87
BTCUSDT,SELL,LIMIT,1701000282750,0.408,37481.90
BTCUSDT,SELL,LIMIT,1701000335090,0.073,37481.23
BTCUSDT,SELL,LIMIT,1701000362319,0.003,37480.38
BTCUSDT,SELL,LIMIT,1701000416697,0.008,37483.56
BTCUSDT,SELL,LIMIT,1701000471726,0.014,37480.09
BTCUSDT,SELL,LIMIT,1701000482644,0.020,37479.75
BTCUSDT,SELL,LIMIT,1701000487116,0.027,37475.91
BTCUSDT,SELL,LIMIT,1701000488248,0.013,37474.64
BTCUSDT,SELL,LIMIT,1701000489464,0.011,37471.56
BTCUSDT,BUY,LIMIT,1701000556941,0.053,37690.76
BTCUSDT,SELL,LIMIT,1701000611458,0.012,37478.43
BTCUSDT,SELL,LIMIT,1701000660057,0.507,37467.36
BTCUSDT,SELL,LIMIT,1701000661143,0.100,37463.59
BTCUSDT,SELL,LIMIT,1701000662597,0.331,37459.52
BTCUSDT,SELL,LIMIT,1701001188843,0.004,37458.80
BTCUSDT,SELL,LIMIT,1701001201667,0.131,37458.06
BTCUSDT,SELL,LIMIT,1701001202751,0.007,37456.95
BTCUSDT,SELL,LIMIT,1701001204080,0.244,37449.48
BTCUSDT,SELL,LIMIT,1701001205182,0.003,37450.89
BTCUSDT,SELL,LIMIT,1701001206215,0.032,37449.37
BTCUSDT,SELL,LIMIT,1701001207333,0.010,37448.99
BTCUSDT,SELL,LIMIT,1701001357362,0.045,37448.73
BTCUSDT,SELL,LIMIT,1701001359123,0.017,37448.62
BTCUSDT,BUY,LIMIT,1701001366455,0.123,37673.67
BTCUSDT,SELL,LIMIT,1701001377287,0.159,37447.28
BTCUSDT,SELL,LIMIT,1701001378965,0.058,37447.00
BTCUSDT,SELL,LIMIT,1701001381740,0.021,37446.68
BTCUSDT,SELL,LIMIT,1701001383029,0.003,37442.27
BTCUSDT,SELL,LIMIT,1701001384034,0.100,37446.05
BTCUSDT,SELL,LIMIT,1701001389407,1.064,37440.86
BTCUSDT,SELL,LIMIT,1701001390472,0.014,37440.62
BTCUSDT,SELL,LIMIT,1701001394095,0.007,37439.00
BTCUSDT,SELL,LIMIT,1701001395264,0.096,37438.82
BTCUSDT,SELL,LIMIT,1701001419178,0.005,37439.74
BTCUSDT,SELL,LIMIT,1701001423190,0.047,37437.32
BTCUSDT,SELL,LIMIT,1701001424240,0.008,37438.13
BTCUSDT,SELL,LIMIT,1701001434576,0.003,37436.91
BTCUSDT,SELL,LIMIT,1701001442907,0.037,37436.71
BTCUSDT,SELL,LIMIT,1701001455780,0.007,37436.46
BTCUSDT,SELL,LIMIT,1701001458418,0.004,37435.39
BTCUSDT,SELL,LIMIT,1701001491503,0.057,37435.03
BTCUSDT,SELL,LIMIT,1701001500206,0.135,37382.97
BTCUSDT,SELL,LIMIT,1701001500985,0.020,37399.40
BTCUSDT,SELL,LIMIT,1701001501935,0.025,37377.18
BTCUSDT,SELL,LIMIT,1701001502829,0.060,37347.99
BTCUSDT,SELL,LIMIT,1701001503684,0.101,37282.29
BTCUSDT,SELL,LIMIT,1701001504372,1.040,37253.31
BTCUSDT,BUY,LIMIT,1701003002295,0.014,37724.89
BTCUSDT,BUY,LIMIT,1701003495524,0.005,37740.24
BTCUSDT,BUY,LIMIT,1701003496969,0.010,37743.48
BTCUSDT,BUY,LIMIT,1701004479094,0.006,36835.33
BTCUSDT,SELL,LIMIT,1701004837148,0.222,37377.30
BTCUSDT,SELL,LIMIT,1701005079706,0.071,37320.21
BTCUSDT,SELL,LIMIT,1701005119059,0.061,37308.01
BTCUSDT,SELL,LIMIT,1701005138719,0.031,37305.40
BTCUSDT,SELL,LIMIT,1701005144178,0.198,37294.23
BTCUSDT,SELL,LIMIT,1701005146745,0.003,37290.91
BTCUSDT,SELL,LIMIT,1701005463614,0.092,37311.07
BTCUSDT,SELL,LIMIT,1701005475128,0.030,37287.19
BTCUSDT,SELL,LIMIT,1701005476310,0.010,37284.36
BTCUSDT,SELL,LIMIT,1701005656281,0.041,37335.40
BTCUSDT,SELL,LIMIT,1701005749979,0.014,37339.05
BTCUSDT,SELL,LIMIT,1701006127783,0.027,37300.40
BTCUSDT,SELL,LIMIT,1701006168142,0.003,37276.17
BTCUSDT,SELL,LIMIT,1701006198264,0.029,37275.79
BTCUSDT,SELL,LIMIT,1701006199289,0.123,37239.55
BTCUSDT,SELL,LIMIT,1701006200508,0.007,37273.78
BTCUSDT,SELL,LIMIT,1701006201724,0.064,37235.48
BTCUSDT,SELL,LIMIT,1701006207041,0.029,37232.47
BTCUSDT,SELL,LIMIT,1701006208060,0.003,37227.35
BTCUSDT,SELL,LIMIT,1701006209134,0.046,37227.93
BTCUSDT,SELL,LIMIT,1701006321443,0.150,37225.48
BTCUSDT,SELL,LIMIT,1701006322898,0.008,37222.36
BTCUSDT,SELL,LIMIT,1701006324161,0.265,37220.73
BTCUSDT,SELL,LIMIT,1701006325289,0.003,37218.95
BTCUSDT,SELL,LIMIT,1701006326308,0.077,37218.61
BTCUSDT,SELL,LIMIT,1701006327424,0.108,37214.30
BTCUSDT,SELL,LIMIT,1701006329048,0.014,37209.16
BTCUSDT,SELL,LIMIT,1701006330055,0.003,37202.16
BTCUSDT,SELL,LIMIT,1701006331056,0.075,37204.66
BTCUSDT,SELL,LIMIT,1701006333228,0.174,37200.53
BTCUSDT,SELL,LIMIT,1701006334375,0.003,37200.38
BTCUSDT,SELL,LIMIT,1701006335502,0.005,37194.27
BTCUSDT,BUY,LIMIT,1701006339470,0.003,37521.28
BTCUSDT,BUY,LIMIT,1701007133227,0.386,37659.19
BTCUSDT,SELL,LIMIT,1701008179525,0.344,37278.23
BTCUSDT,SELL,LIMIT,1701008180708,0.003,37278.11
BTCUSDT,SELL,LIMIT,1701008183090,0.100,37722.36
BTCUSDT,SELL,LIMIT,1701008249276,0.028,37247.49
BTCUSDT,SELL,LIMIT,1701008321868,0.024,37230.82
BTCUSDT,SELL,LIMIT,1701008349868,0.003,37266.82
BTCUSDT,SELL,LIMIT,1701008414511,0.032,37223.19
BTCUSDT,SELL,LIMIT,1701008441013,0.003,37221.71
BTCUSDT,SELL,LIMIT,1701008443492,0.100,37215.84
BTCUSDT,SELL,LIMIT,1701008444516,0.011,37211.34
BTCUSDT,SELL,LIMIT,1701008447333,0.034,37208.42
BTCUSDT,SELL,LIMIT,1701008449208,0.079,37207.36
BTCUSDT,SELL,LIMIT,1701008450276,0.300,37389.19
BTCUSDT,SELL,LIMIT,1701008452821,0.035,37203.16
BTCUSDT,SELL,LIMIT,1701008843993,0.044,37262.60
BTCUSDT,SELL,LIMIT,1701008926184,0.021,37232.83
BTCUSDT,SELL,LIMIT,1701008927796,0.992,37217.88
BTCUSDT,SELL,LIMIT,1701008944205,0.055,37206.48
BTCUSDT,SELL,LIMIT,1701008946898,0.014,37203.87
BTCUSDT,SELL,LIMIT,1701009010065,0.003,37202.54
BTCUSDT,SELL,LIMIT,1701009014070,5.535,37176.27
BTCUSDT,SELL,LIMIT,1701009016164,0.081,37201.51
BTCUSDT,SELL,LIMIT,1701009020311,0.249,37201.09
BTCUSDT,SELL,LIMIT,1701009237154,0.062,37199.64
BTCUSDT,SELL,LIMIT,1701009239150,0.005,37288.49
BTCUSDT,SELL,LIMIT,1701009257208,0.053,37196.83
BTCUSDT,SELL,LIMIT,1701009259203,0.707,37193.14
BTCUSDT,SELL,LIMIT,1701009260197,0.300,37181.32
BTCUSDT,SELL,LIMIT,1701009261203,0.109,37179.23
BTCUSDT,SELL,LIMIT,1701009262188,0.020,37179.10
BTCUSDT,SELL,LIMIT,1701009263086,0.492,37157.86
BTCUSDT,SELL,LIMIT,1701009264176,0.318,37165.60
BTCUSDT,SELL,LIMIT,1701009265928,0.005,37190.74
BTCUSDT,SELL,LIMIT,1701009284341,0.013,37212.68
BTCUSDT,SELL,LIMIT,1701009286467,0.005,48933.99
BTCUSDT,SELL,LIMIT,1701009288237,0.030,37166.64
BTCUSDT,SELL,LIMIT,1701009289424,0.022,37166.62
BTCUSDT,SELL,LIMIT,1701009291431,0.174,37171.53
BTCUSDT,SELL,LIMIT,1701010669168,0.001,37160.14
BTCUSDT,SELL,LIMIT,1701010868055,0.118,37147.03
BTCUSDT,SELL,LIMIT,1701010869155,0.346,37153.72
BTCUSDT,SELL,LIMIT,1701010871064,0.090,37141.76
BTCUSDT,SELL,LIMIT,1701010872147,0.039,37141.26
BTCUSDT,SELL,LIMIT,1701010884131,0.051,37142.24
BTCUSDT,SELL,LIMIT,1701010887291,0.009,37140.76
BTCUSDT,SELL,LIMIT,1701010894113,0.066,37140.05
BTCUSDT,SELL,LIMIT,1701010895158,0.011,37139.85
BTCUSDT,SELL,LIMIT,1701010896539,0.071,37138.15
BTCUSDT,SELL,LIMIT,1701010913667,0.166,37139.65
BTCUSDT,SELL,LIMIT,1701010919078,0.003,37136.99
BTCUSDT,SELL,LIMIT,1701010921158,0.008,37135.88
BTCUSDT,SELL,LIMIT,1701010922202,0.003,37136.19
BTCUSDT,SELL,LIMIT,1701010924197,0.097,37133.33
BTCUSDT,BUY,LIMIT,1701011494236,0.012,37564.25
BTCUSDT,BUY,LIMIT,1701011523635,0.028,37571.08
BTCUSDT,BUY,LIMIT,1701011602804,0.005,37580.15
BTCUSDT,SELL,LIMIT,1701012298779,0.005,37289.34
BTCUSDT,BUY,LIMIT,1701012624182,0.047,37594.45
BTCUSDT,BUY,LIMIT,1701012625495,0.300,37598.10
BTCUSDT,BUY,LIMIT,1701012632141,0.078,37606.18
BTCUSDT,BUY,LIMIT,1701012633230,0.070,37606.11
BTCUSDT,BUY,LIMIT,1701012635419,0.033,37611.48
BTCUSDT,BUY,LIMIT,1701012637989,0.165,37617.84
BTCUSDT,BUY,LIMIT,1701012680018,0.008,37625.78
BTCUSDT,SELL,LIMIT,1701012688879,0.006,37688.63
BTCUSDT,BUY,LIMIT,1701012732383,0.006,37627.81
BTCUSDT,BUY,LIMIT,1701012735815,0.279,37628.22
BTCUSDT,BUY,LIMIT,1701012739893,1.338,37631.83
BTCUSDT,BUY,LIMIT,1701012743584,0.046,37634.06
BTCUSDT,BUY,LIMIT,1701012757138,0.027,37638.26
BTCUSDT,BUY,LIMIT,1701012764833,0.003,37640.19
BTCUSDT,BUY,LIMIT,1701013299357,0.172,37641.56
BTCUSDT,BUY,LIMIT,1701013307427,0.122,37643.84
BTCUSDT,BUY,LIMIT,1701013443267,0.142,37631.45
BTCUSDT,SELL,LIMIT,1701013713091,0.003,39979.25
BTCUSDT,SELL,LIMIT,1701013887606,0.039,37319.83
BTCUSDT,SELL,LIMIT,1701013903241,0.005,37442.65
BTCUSDT,SELL,LIMIT,1701013970223,0.100,37269.77
BTCUSDT,SELL,LIMIT,1701013984009,0.003,37304.84
BTCUSDT,SELL,LIMIT,1701013985192,0.050,37290.46
BTCUSDT,BUY,LIMIT,1701014016971,0.093,37526.71
BTCUSDT,SELL,LIMIT,1701014026289,0.053,37250.46
BTCUSDT,SELL,LIMIT,1701014038739,0.030,37251.03
BTCUSDT,SELL,LIMIT,1701014041383,0.027,37246.27
BTCUSDT,SELL,LIMIT,1701014043191,0.190,37245.88
BTCUSDT,SELL,LIMIT,1701014060335,0.027,37237.26
BTCUSDT,BUY,LIMIT,1701014132360,0.004,37432.27
BTCUSDT,BUY,LIMIT,1701014553118,0.031,37604.92
BTCUSDT,BUY,LIMIT,1701014813752,0.003,16197.00
BTCUSDT,BUY,LIMIT,1701014832656,0.354,37633.78
BTCUSDT,SELL,LIMIT,1701014861167,0.344,37391.52
BTCUSDT,SELL,LIMIT,1701014862295,0.058,37423.96
BTCUSDT,BUY,LIMIT,1701014923131,0.005,37360.40
BTCUSDT,SELL,LIMIT,1701014933342,0.342,37336.61
BTCUSDT,BUY,LIMIT,1701014996120,0.001,34102.37
BTCUSDT,SELL,LIMIT,1701015164225,0.006,37479.11
BTCUSDT,SELL,LIMIT,1701015320406,0.216,37305.72
BTCUSDT,SELL,LIMIT,1701015637961,0.024,37294.30
BTCUSDT,SELL,LIMIT,1701015640991,0.300,37292.01
BTCUSDT,SELL,LIMIT,1701015644389,0.003,37280.24
BTCUSDT,SELL,LIMIT,1701015671243,0.115,37270.89
BTCUSDT,BUY,LIMIT,1701015672740,0.004,37542.01
BTCUSDT,SELL,LIMIT,1701015674734,0.015,37266.04
BTCUSDT,BUY,LIMIT,1701015676273,0.003,37455.28
BTCUSDT,SELL,LIMIT,1701015682352,0.013,37263.22
BTCUSDT,SELL,LIMIT,1701015684296,0.026,37246.33
BTCUSDT,SELL,LIMIT,1701015685144,0.008,37264.25
BTCUSDT,SELL,LIMIT,1701015686027,0.083,37305.18
BTCUSDT,SELL,LIMIT,1701015745597,0.018,37239.80
BTCUSDT,SELL,LIMIT,1701015747111,0.003,37228.63
BTCUSDT,SELL,LIMIT,1701015749745,0.145,37224.89
BTCUSDT,SELL,LIMIT,1701015758146,0.032,37228.88
BTCUSDT,SELL,LIMIT,1701015760097,0.033,37238.86
BTCUSDT,SELL,LIMIT,1701015761160,0.010,37220.61
BTCUSDT,SELL,LIMIT,1701015764991,0.019,37238.97
BTCUSDT,SELL,LIMIT,1701015774980,0.270,37236.06
BTCUSDT,SELL,LIMIT,1701015799001,0.003,37215.14
BTCUSDT,SELL,LIMIT,1701015805172,0.133,37207.90
BTCUSDT,SELL,LIMIT,1701015806416,0.096,37214.54
BTCUSDT,BUY,LIMIT,1701015812129,0.003,37502.99
BTCUSDT,SELL,LIMIT,1701015825099,0.015,37205.50
BTCUSDT,SELL,LIMIT,1701015840436,0.500,37207.22
BTCUSDT,SELL,LIMIT,1701015841614,0.038,37200.14
BTCUSDT,SELL,LIMIT,1701015869079,0.006,37199.51
BTCUSDT,SELL,LIMIT,1701015870417,0.010,37198.31
BTCUSDT,SELL,LIMIT,1701015872287,0.184,37193.55
BTCUSDT,SELL,LIMIT,1701015875030,0.025,37191.60
BTCUSDT,SELL,LIMIT,1701015876928,0.013,37190.31
BTCUSDT,SELL,LIMIT,1701015899315,0.593,37210.79
BTCUSDT,SELL,LIMIT,1701015949352,0.004,37258.14
BTCUSDT,SELL,LIMIT,1701016000280,0.043,37188.36
BTCUSDT,SELL,LIMIT,1701016001426,0.016,37185.11
BTCUSDT,SELL,LIMIT,1701016005133,0.057,37183.55
BTCUSDT,SELL,LIMIT,1701016007072,0.018,37182.87
BTCUSDT,SELL,LIMIT,1701016008550,0.053,37182.29
BTCUSDT,SELL,LIMIT,1701016012107,0.042,37181.93
BTCUSDT,SELL,LIMIT,1701016013131,0.236,37178.06
BTCUSDT,SELL,LIMIT,1701016014241,0.006,37179.96
BTCUSDT,SELL,LIMIT,1701016015301,0.056,37176.06
BTCUSDT,SELL,LIMIT,1701016017266,0.005,37174.51
BTCUSDT,SELL,LIMIT,1701016018434,0.785,37174.00
BTCUSDT,SELL,LIMIT,1701016019436,0.065,37173.69
BTCUSDT,SELL,LIMIT,1701016020527,0.010,37169.15
BTCUSDT,SELL,LIMIT,1701016025315,0.100,37167.68
BTCUSDT,SELL,LIMIT,1701016027029,1.322,37165.45
BTCUSDT,SELL,LIMIT,1701016028252,1.369,37174.67
BTCUSDT,SELL,LIMIT,1701016029302,0.006,37163.39
BTCUSDT,SELL,LIMIT,1701016030289,0.015,37149.57
BTCUSDT,SELL,LIMIT,1701016031228,0.011,37159.26
BTCUSDT,SELL,LIMIT,1701016032327,0.054,37146.85
BTCUSDT,SELL,LIMIT,1701016033221,0.123,37146.76
BTCUSDT,SELL,LIMIT,1701016034658,1.352,37146.51
BTCUSDT,SELL,LIMIT,1701016036033,0.041,37146.42
BTCUSDT,SELL,LIMIT,1701016037183,0.264,37144.03
BTCUSDT,SELL,LIMIT,1701016039677,0.048,37146.07
BTCUSDT,SELL,LIMIT,1701016041112,0.002,37144.49
BTCUSDT,SELL,LIMIT,1701016042599,0.333,37142.14
BTCUSDT,SELL,LIMIT,1701016044083,0.106,37166.21
BTCUSDT,SELL,LIMIT,1701016045170,0.161,37139.18
BTCUSDT,SELL,LIMIT,1701016046288,0.003,37146.63
BTCUSDT,SELL,LIMIT,1701016047055,2.611,37116.49
BTCUSDT,SELL,LIMIT,1701016047902,0.656,37120.92
BTCUSDT,SELL,LIMIT,1701016048905,0.073,37125.11
BTCUSDT,SELL,LIMIT,1701016049948,0.020,37124.25
BTCUSDT,SELL,LIMIT,1701016050987,0.146,37121.06
BTCUSDT,SELL,LIMIT,1701016065757,1.335,37170.98
BTCUSDT,SELL,LIMIT,1701016079136,0.016,37397.06
BTCUSDT,SELL,LIMIT,1701016088040,0.026,37118.12
BTCUSDT,SELL,LIMIT,1701016089027,0.200,37114.89
BTCUSDT,BUY,LIMIT,1701016090071,0.008,37404.51
BTCUSDT,SELL,LIMIT,1701016093948,0.006,37113.95
BTCUSDT,SELL,LIMIT,1701016095052,0.072,37112.69
BTCUSDT,SELL,LIMIT,1701016096170,0.144,37112.97
BTCUSDT,SELL,LIMIT,1701016097209,0.006,37111.17
BTCUSDT,SELL,LIMIT,1701016098094,0.110,37107.42
BTCUSDT,SELL,LIMIT,1701016099061,0.016,37099.23
BTCUSDT,SELL,LIMIT,1701016100041,0.013,37102.39
BTCUSDT,SELL,LIMIT,1701016101047,0.534,37083.11
BTCUSDT,SELL,LIMIT,1701016101880,0.011,37088.82
BTCUSDT,SELL,LIMIT,1701016102604,0.003,37094.42
BTCUSDT,SELL,LIMIT,1701016103497,0.003,37090.41
BTCUSDT,SELL,LIMIT,1701016104884,0.032,37121.83
BTCUSDT,SELL,LIMIT,1701016135762,0.054,37277.64
BTCUSDT,BUY,LIMIT,1701016460477,0.001,37419.73
BTCUSDT,SELL,LIMIT,1701016555627,1.920,37101.84
BTCUSDT,SELL,LIMIT,1701016589193,0.038,37108.86
BTCUSDT,SELL,LIMIT,1701016590597,0.008,37101.19
BTCUSDT,SELL,LIMIT,1701016596350,0.125,37103.85
BTCUSDT,SELL,LIMIT,1701016794253,0.097,37083.04
BTCUSDT,SELL,LIMIT,1701016795428,0.009,37082.29
BTCUSDT,SELL,LIMIT,1701016796618,0.140,37078.25
BTCUSDT,SELL,LIMIT,1701016797750,0.290,37077.29
BTCUSDT,SELL,LIMIT,1701016798780,0.010,37070.27
BTCUSDT,SELL,LIMIT,1701016803700,0.073,37068.66
BTCUSDT,SELL,LIMIT,1701016805511,0.005,37067.82
BTCUSDT,SELL,LIMIT,1701016807058,0.446,37066.76
BTCUSDT,SELL,LIMIT,1701016808072,0.035,37064.88
BTCUSDT,SELL,LIMIT,1701016833036,0.033,37062.42
BTCUSDT,SELL,LIMIT,1701016834177,0.055,37063.39
BTCUSDT,SELL,LIMIT,1701016835276,0.077,37056.02
BTCUSDT,SELL,LIMIT,1701016836233,0.031,37054.87
BTCUSDT,SELL,LIMIT,1701016837134,0.015,37050.79
BTCUSDT,SELL,LIMIT,1701016838052,0.008,37043.57
BTCUSDT,SELL,LIMIT,1701016839149,0.003,37039.02
BTCUSDT,SELL,LIMIT,1701016873047,0.051,37015.34
BTCUSDT,SELL,LIMIT,1701016874120,0.003,37012.81
BTCUSDT,SELL,LIMIT,1701016875173,0.029,37013.40
BTCUSDT,BUY,LIMIT,1701017244264,0.085,37437.36
BTCUSDT,SELL,LIMIT,1701017459450,0.006,37024.13
BTCUSDT,SELL,LIMIT,1701017496079,0.011,37005.32
BTCUSDT,BUY,LIMIT,1701017700580,0.273,37369.71
BTCUSDT,SELL,LIMIT,1701018105070,0.088,37001.39
BTCUSDT,SELL,LIMIT,1701018106077,0.007,37004.84
BTCUSDT,SELL,LIMIT,1701018107132,0.500,36995.16
BTCUSDT,SELL,LIMIT,1701018108152,0.170,36998.85
BTCUSDT,SELL,LIMIT,1701018111113,0.004,36994.45
BTCUSDT,SELL,LIMIT,1701018113187,0.602,36994.20
BTCUSDT,SELL,LIMIT,1701018114976,0.052,36993.06
BTCUSDT,BUY,LIMIT,1701018488200,0.202,37387.32
BTCUSDT,BUY,LIMIT,1701019931449,0.027,37421.96
BTCUSDT,BUY,LIMIT,1701019983183,0.005,37442.77
BTCUSDT,BUY,LIMIT,1701019996142,0.190,37450.41
BTCUSDT,BUY,LIMIT,1701019997336,0.008,37448.47
BTCUSDT,BUY,LIMIT,1701019998461,0.006,37456.83
BTCUSDT,BUY,LIMIT,1701020014379,0.032,37457.91
BTCUSDT,BUY,LIMIT,1701020044959,0.007,37453.31
BTCUSDT,BUY,LIMIT,1701020054210,0.063,37458.84
BTCUSDT,SELL,LIMIT,1701021668115,0.036,37434.34
BTCUSDT,SELL,LIMIT,1701021680602,0.004,37095.26
BTCUSDT,BUY,LIMIT,1701021769136,0.025,37358.25
BTCUSDT,SELL,LIMIT,1701021788069,0.003,37085.23
BTCUSDT,BUY,LIMIT,1701022361980,0.025,37464.44
BTCUSDT,BUY,LIMIT,1701022369242,0.023,37467.28
BTCUSDT,BUY,LIMIT,1701022407117,0.939,37469.79
BTCUSDT,BUY,LIMIT,1701022411019,0.019,37471.00
BTCUSDT,SELL,LIMIT,1701023795871,0.345,37031.38
BTCUSDT,SELL,LIMIT,1701023815031,0.004,37022.33
BTCUSDT,SELL,LIMIT,1701023816854,0.135,37021.59
BTCUSDT,SELL,LIMIT,1701023819088,0.140,37012.74
BTCUSDT,SELL,LIMIT,1701023820307,0.089,37014.86
BTCUSDT,SELL,LIMIT,1701023868698,0.062,37010.76
BTCUSDT,SELL,LIMIT,1701023872221,0.040,37009.64
BTCUSDT,SELL,LIMIT,1701023876798,0.088,37009.02
BTCUSDT,SELL,LIMIT,1701023907160,0.036,37009.07
BTCUSDT,SELL,LIMIT,1701023911064,0.616,37008.20
BTCUSDT,SELL,LIMIT,1701024002098,0.010,37038.28
BTCUSDT,SELL,LIMIT,1701024241128,0.003,37005.15
BTCUSDT,SELL,LIMIT,1701024242216,0.008,37005.49
BTCUSDT,SELL,LIMIT,1701024243870,0.071,37004.33
BTCUSDT,BUY,LIMIT,1701024994271,0.008,37358.84
BTCUSDT,SELL,LIMIT,1701025757554,0.001,37133.08
BTCUSDT,BUY,LIMIT,1701025763129,0.370,37440.41
BTCUSDT,BUY,LIMIT,1701025884006,0.009,37455.57
BTCUSDT,SELL,LIMIT,1701027380427,0.006,37193.02
BTCUSDT,BUY,LIMIT,1701027392876,0.031,37461.94
BTCUSDT,BUY,LIMIT,1701027500285,0.126,37464.14
BTCUSDT,BUY,LIMIT,1701027516757,0.046,37466.25
BTCUSDT,BUY,LIMIT,1701027517932,0.003,37466.98
BTCUSDT,BUY,LIMIT,1701028511566,0.137,37476.83
BTCUSDT,BUY,LIMIT,1701028513068,0.020,37481.37
BTCUSDT,BUY,LIMIT,1701028514125,0.099,37486.73
BTCUSDT,BUY,LIMIT,1701028524231,0.018,37488.12
BTCUSDT,BUY,LIMIT,1701028525854,0.037,37497.81
BTCUSDT,BUY,LIMIT,1701028528665,0.072,37493.60
BTCUSDT,BUY,LIMIT,1701028649908,0.025,37496.75
BTCUSDT,BUY,LIMIT,1701028652273,0.009,37501.22
BTCUSDT,BUY,LIMIT,1701028654409,0.013,37503.01
BTCUSDT,BUY,LIMIT,1701028695392,0.076,37507.57
BTCUSDT,BUY,LIMIT,1701028696445,0.004,37512.55
BTCUSDT,BUY,LIMIT,1701028699204,0.190,37513.86
BTCUSDT,BUY,LIMIT,1701028705050,0.317,37516.45
BTCUSDT,BUY,LIMIT,1701028706278,0.004,37518.24
BTCUSDT,BUY,LIMIT,1701028722038,0.110,37517.78
BTCUSDT,BUY,LIMIT,1701028725693,0.003,37524.15
BTCUSDT,BUY,LIMIT,1701028745710,0.033,37525.22
BTCUSDT,BUY,LIMIT,1701029142066,0.006,37527.88
BTCUSDT,BUY,LIMIT,1701029143173,0.056,37534.97
BTCUSDT,BUY,LIMIT,1701029144199,0.031,37534.02
BTCUSDT,BUY,LIMIT,1701030026870,0.020,37529.09
BTCUSDT,BUY,LIMIT,1701030041921,0.009,37530.42
BTCUSDT,BUY,LIMIT,1701030047227,0.189,37542.19
BTCUSDT,BUY,LIMIT,1701030048564,0.330,37542.85
BTCUSDT,BUY,LIMIT,1701030050519,0.013,37543.56
BTCUSDT,BUY,LIMIT,1701030146442,0.003,37545.02
BTCUSDT,BUY,LIMIT,1701030165993,0.018,37547.66
BTCUSDT,BUY,LIMIT,1701030169478,0.093,37548.59
BTCUSDT,BUY,LIMIT,1701030175244,0.046,37550.31
BTCUSDT,BUY,LIMIT,1701030176248,0.019,37549.63
BTCUSDT,BUY,LIMIT,1701030177427,0.416,37557.33
BTCUSDT,BUY,LIMIT,1701030188386,0.045,37562.21
BTCUSDT,BUY,LIMIT,1701030190483,1.260,37563.51
BTCUSDT,BUY,LIMIT,1701030199104,0.016,37564.78
BTCUSDT,BUY,LIMIT,1701030200128,0.010,37566.06
BTCUSDT,BUY,LIMIT,1701030203934,0.072,37567.16
BTCUSDT,BUY,LIMIT,1701030207715,0.018,37569.47
BTCUSDT,BUY,LIMIT,1701030208913,0.037,37569.57
BTCUSDT,BUY,LIMIT,1701030210117,0.011,37572.57
BTCUSDT,BUY,LIMIT,1701030211182,0.007,37574.92
BTCUSDT,BUY,LIMIT,1701030212291,0.029,37577.35
BTCUSDT,BUY,LIMIT,1701030217200,0.185,37579.22
BTCUSDT,BUY,LIMIT,1701030218257,0.007,37579.74
BTCUSDT,BUY,LIMIT,1701030238083,0.009,37583.68
BTCUSDT,BUY,LIMIT,1701030240698,0.711,37585.00
BTCUSDT,BUY,LIMIT,1701030242333,0.003,37585.25
BTCUSDT,BUY,LIMIT,1701030244018,0.014,37586.52
BTCUSDT,SELL,LIMIT,1701030454006,0.009,37270.20
BTCUSDT,BUY,LIMIT,1701031244524,0.029,37587.42
BTCUSDT,BUY,LIMIT,1701031246254,0.080,37590.01
BTCUSDT,BUY,LIMIT,1701031247529,0.027,37590.94
BTCUSDT,BUY,LIMIT,1701031262102,0.938,37590.90
BTCUSDT,BUY,LIMIT,1701031280492,0.108,37591.23
BTCUSDT,BUY,LIMIT,1701031309339,0.004,37594.72
BTCUSDT,BUY,LIMIT,1701031310409,0.004,37594.66
BTCUSDT,BUY,LIMIT,1701031321241,0.005,37596.73
BTCUSDT,BUY,LIMIT,1701031324206,0.007,37598.37
BTCUSDT,BUY,LIMIT,1701031357581,0.015,37599.75
BTCUSDT,BUY,LIMIT,1701031385049,0.087,37599.80
BTCUSDT,BUY,LIMIT,1701031386734,0.066,37611.93
BTCUSDT,BUY,LIMIT,1701031389086,0.050,37613.60
BTCUSDT,BUY,LIMIT,1701031479279,0.008,37614.38
BTCUSDT,BUY,LIMIT,1701031513580,0.374,37615.95
BTCUSDT,BUY,LIMIT,1701031522061,0.021,37618.00
BTCUSDT,BUY,LIMIT,1701031525037,0.031,37618.76
BTCUSDT,BUY,LIMIT,1701031526354,1.715,37627.00
BTCUSDT,BUY,LIMIT,1701031589331,0.348,37636.29
BTCUSDT,BUY,LIMIT,1701031590153,0.003,37626.72
BTCUSDT,BUY,LIMIT,1701031590972,0.073,37683.03
BTCUSDT,BUY,LIMIT,1701031591895,0.016,37728.14
BTCUSDT,BUY,LIMIT,1701031592927,0.810,37732.20
BTCUSDT,BUY,LIMIT,1701031605641,0.003,37708.10
BTCUSDT,BUY,LIMIT,1701031679290,0.403,37739.05
BTCUSDT,BUY,LIMIT,1701031683355,0.004,37744.47
BTCUSDT,BUY,LIMIT,1701031685291,0.010,37746.12
BTCUSDT,BUY,LIMIT,1701031686292,0.333,37750.16
BTCUSDT,BUY,LIMIT,1701031740375,0.050,37745.76
BTCUSDT,BUY,LIMIT,1701031742674,0.026,37747.99
BTCUSDT,BUY,LIMIT,1701031745065,0.851,37752.84
BTCUSDT,BUY,LIMIT,1701031746038,0.023,37775.28
BTCUSDT,BUY,LIMIT,1701031747096,0.115,37770.46
BTCUSDT,BUY,LIMIT,1701031756058,0.508,37775.52
BTCUSDT,BUY,LIMIT,1701031759231,0.031,37740.70
BTCUSDT,BUY,LIMIT,1701031777167,0.010,37759.13
BTCUSDT,BUY,LIMIT,1701031801322,0.004,37753.72
BTCUSDT,BUY,LIMIT,1701031802799,0.057,37763.43
BTCUSDT,BUY,LIMIT,1701031872219,0.273,37771.78
BTCUSDT,BUY,LIMIT,1701031874807,0.015,37777.14
BTCUSDT,BUY,LIMIT,1701031876122,0.006,37784.37
BTCUSDT,BUY,LIMIT,1701031887441,0.003,37780.26
BTCUSDT,BUY,LIMIT,1701031890489,0.005,37781.48
BTCUSDT,BUY,LIMIT,1701031894906,0.020,37780.67
BTCUSDT,SELL,LIMIT,1701033719691,0.003,37333.65
BTCUSDT,SELL,LIMIT,1701033792342,0.010,37327.97
BTCUSDT,SELL,LIMIT,1701033794209,0.004,37326.57
BTCUSDT,SELL,LIMIT,1701033795373,0.073,37324.95
BTCUSDT,SELL,LIMIT,1701033814054,0.068,37317.08
BTCUSDT,SELL,LIMIT,1701033821634,0.137,37313.08
BTCUSDT,SELL,LIMIT,1701033838625,0.058,37311.22
BTCUSDT,SELL,LIMIT,1701033842600,0.106,37304.73
BTCUSDT,SELL,LIMIT,1701033861176,0.075,37329.42
BTCUSDT,BUY,LIMIT,1701035346863,0.004,37739.13
BTCUSDT,BUY,LIMIT,1701035521859,0.003,37761.64
BTCUSDT,BUY,LIMIT,1701035561604,0.032,37762.50
BTCUSDT,BUY,LIMIT,1701035568282,0.311,37764.42
BTCUSDT,BUY,LIMIT,1701035569467,0.033,37768.27
BTCUSDT,BUY,LIMIT,1701035572742,0.854,37770.44
BTCUSDT,BUY,LIMIT,1701035583419,0.106,37772.62
BTCUSDT,BUY,LIMIT,1701035674110,0.326,37778.29
BTCUSDT,BUY,LIMIT,1701035675114,0.052,37778.14
BTCUSDT,BUY,LIMIT,1701035676184,0.045,37780.79
BTCUSDT,BUY,LIMIT,1701036046094,0.101,37787.39
BTCUSDT,BUY,LIMIT,1701036150063,0.084,37792.50
BTCUSDT,BUY,LIMIT,1701036155203,0.510,37790.07
BTCUSDT,BUY,LIMIT,1701036156344,0.007,37795.15
BTCUSDT,BUY,LIMIT,1701036158628,0.044,37796.38
BTCUSDT,BUY,LIMIT,1701036159655,0.005,37802.89
BTCUSDT,BUY,LIMIT,1701036160862,0.016,37811.56
BTCUSDT,BUY,LIMIT,1701036164243,0.052,37814.05
BTCUSDT,BUY,LIMIT,1701036170367,0.039,37814.98
BTCUSDT,BUY,LIMIT,1701036172193,0.020,37821.36
BTCUSDT,BUY,LIMIT,1701036173307,0.003,37822.42
BTCUSDT,BUY,LIMIT,1701036200677,0.004,37822.48
BTCUSDT,BUY,LIMIT,1701036206390,0.137,37825.53
BTCUSDT,BUY,LIMIT,1701036207752,0.015,37826.04
BTCUSDT,BUY,LIMIT,1701036209348,0.051,37826.42
BTCUSDT,BUY,LIMIT,1701036210846,0.354,37826.94
BTCUSDT,BUY,LIMIT,1701036247462,0.033,37830.16
BTCUSDT,BUY,LIMIT,1701036248910,0.099,37831.60
BTCUSDT,BUY,LIMIT,1701036257141,0.063,37832.93
BTCUSDT,BUY,LIMIT,1701036258244,1.327,37839.33
BTCUSDT,BUY,LIMIT,1701036259351,0.013,37837.37
BTCUSDT,BUY,LIMIT,1701036307134,0.080,37844.95
BTCUSDT,BUY,LIMIT,1701036315984,0.026,37845.95
BTCUSDT,BUY,LIMIT,1701036321195,0.003,37846.71
BTCUSDT,BUY,LIMIT,1701036322287,0.835,37853.80
BTCUSDT,BUY,LIMIT,1701036366208,0.053,37858.06
BTCUSDT,BUY,LIMIT,1701036374918,0.038,37857.32
BTCUSDT,BUY,LIMIT,1701036377071,0.007,37859.45
BTCUSDT,BUY,LIMIT,1701036434872,0.027,37862.37
BTCUSDT,BUY,LIMIT,1701036435960,0.056,37868.59
BTCUSDT,BUY,LIMIT,1701036437107,0.005,37875.25
BTCUSDT,BUY,LIMIT,1701036449747,0.028,37877.65
BTCUSDT,BUY,LIMIT,1701036452299,0.006,37879.66
BTCUSDT,BUY,LIMIT,1701036561186,0.047,37882.84
BTCUSDT,BUY,LIMIT,1701036562236,0.397,37884.61
BTCUSDT,BUY,LIMIT,1701036563771,0.090,37886.61
BTCUSDT,BUY,LIMIT,1701036590511,0.806,37889.28
BTCUSDT,BUY,LIMIT,1701036592312,0.023,37891.70
BTCUSDT,BUY,LIMIT,1701036642511,0.100,37893.65
BTCUSDT,SELL,LIMIT,1701038252243,0.042,37453.48
BTCUSDT,BUY,LIMIT,1701038677066,0.012,37824.01
BTCUSDT,SELL,LIMIT,1701039710323,0.142,37433.52
BTCUSDT,SELL,LIMIT,1701039722981,0.001,37417.35
BTCUSDT,SELL,LIMIT,1701039729498,0.043,37412.70
BTCUSDT,SELL,LIMIT,1701039732253,0.003,37406.54
BTCUSDT,SELL,LIMIT,1701039734694,0.003,37396.44
BTCUSDT,SELL,LIMIT,1701039810575,0.016,37388.34
BTCUSDT,SELL,LIMIT,1701039814016,0.061,37385.54
BTCUSDT,SELL,LIMIT,1701039820172,0.011,37382.33
BTCUSDT,SELL,LIMIT,1701039843541,0.009,37378.34
BTCUSDT,SELL,LIMIT,1701039851040,0.198,37373.67
BTCUSDT,SELL,LIMIT,1701039853596,0.128,37371.43
BTCUSDT,SELL,LIMIT,1701039857369,0.006,37369.22
BTCUSDT,SELL,LIMIT,1701039859506,0.003,37365.82
BTCUSDT,SELL,LIMIT,1701039865753,0.113,37358.79
BTCUSDT,SELL,LIMIT,1701039915765,0.005,37357.06
BTCUSDT,SELL,LIMIT,1701039919043,0.005,37347.98
BTCUSDT,SELL,LIMIT,1701039921581,1.465,37342.81
BTCUSDT,SELL,LIMIT,1701039931663,0.003,37346.62
BTCUSDT,SELL,LIMIT,1701039941305,0.020,37338.96
BTCUSDT,SELL,LIMIT,1701039948536,0.182,37333.79
BTCUSDT,SELL,LIMIT,1701039952462,0.017,37329.25
BTCUSDT,SELL,LIMIT,1701039957109,0.002,37326.56
BTCUSDT,SELL,LIMIT,1701040038078,0.014,37320.86
BTCUSDT,SELL,LIMIT,1701040043181,0.017,37307.46
BTCUSDT,SELL,LIMIT,1701040044274,0.019,37301.43
BTCUSDT,SELL,LIMIT,1701040045404,0.008,37305.88
BTCUSDT,SELL,LIMIT,1701040046515,0.010,37297.21
BTCUSDT,SELL,LIMIT,1701040063653,0.014,37288.50
BTCUSDT,SELL,LIMIT,1701040065292,0.013,37281.80
BTCUSDT,SELL,LIMIT,1701040072112,0.099,37279.51
BTCUSDT,SELL,LIMIT,1701040141254,0.025,37283.35
BTCUSDT,SELL,LIMIT,1701040149192,0.056,37278.03
BTCUSDT,SELL,LIMIT,1701040150278,0.057,37276.17
BTCUSDT,SELL,LIMIT,1701040184034,0.455,37269.52
BTCUSDT,SELL,LIMIT,1701040185486,0.059,37268.35
BTCUSDT,SELL,LIMIT,1701040186571,0.106,37267.27
BTCUSDT,SELL,LIMIT,1701040190130,0.003,37265.92
BTCUSDT,SELL,LIMIT,1701040191261,0.016,37265.35
BTCUSDT,SELL,LIMIT,1701040239195,0.013,37261.23
BTCUSDT,SELL,LIMIT,1701040242065,0.006,37258.28
BTCUSDT,SELL,LIMIT,1701040243085,0.021,37249.77
BTCUSDT,SELL,LIMIT,1701040246378,0.025,37245.64
BTCUSDT,SELL,LIMIT,1701040283090,0.076,37227.92
BTCUSDT,SELL,LIMIT,1701040284144,0.839,37240.04
BTCUSDT,SELL,LIMIT,1701040298034,0.553,37220.55
BTCUSDT,SELL,LIMIT,1701040300101,0.005,37216.58
BTCUSDT,SELL,LIMIT,1701040314266,0.035,37213.96
BTCUSDT,SELL,LIMIT,1701040586136,0.005,37209.49
BTCUSDT,SELL,LIMIT,1701040588210,0.014,37205.51
BTCUSDT,SELL,LIMIT,1701040589720,0.003,37201.80
BTCUSDT,SELL,LIMIT,1701040592499,0.128,37196.31
BTCUSDT,SELL,LIMIT,1701040604224,0.097,37189.56
BTCUSDT,SELL,LIMIT,1701040605237,0.008,37181.33
BTCUSDT,BUY,LIMIT,1701041120644,0.009,37610.89
BTCUSDT,BUY,LIMIT,1701041813244,0.009,37644.67
BTCUSDT,SELL,LIMIT,1701043183368,0.012,37317.56
BTCUSDT,SELL,LIMIT,1701043549085,0.021,37266.94
BTCUSDT,BUY,LIMIT,1701044944201,0.013,37650.00
BTCUSDT,BUY,LIMIT,1701045242537,0.024,37656.93
BTCUSDT,BUY,LIMIT,1701045568249,0.004,37605.48
BTCUSDT,BUY,LIMIT,1701045627217,0.021,37675.52
BTCUSDT,BUY,LIMIT,1701045770218,0.006,37674.28
BTCUSDT,BUY,LIMIT,1701045776186,0.020,37680.12
BTCUSDT,BUY,LIMIT,1701045787223,0.250,37680.40
BTCUSDT,BUY,LIMIT,1701045963552,0.082,37685.54
BTCUSDT,BUY,LIMIT,1701045967142,0.070,37687.90
BTCUSDT,SELL,LIMIT,1701045994927,0.001,37484.70
BTCUSDT,SELL,LIMIT,1701046003566,0.001,37747.27
BTCUSDT,BUY,LIMIT,1701046004904,0.017,37694.15
BTCUSDT,BUY,LIMIT,1701046006159,0.109,37696.37
BTCUSDT,BUY,LIMIT,1701046008568,0.108,37697.99
BTCUSDT,SELL,LIMIT,1701046161343,0.006,37326.93
BTCUSDT,BUY,LIMIT,1701046341158,0.129,37629.29
BTCUSDT,BUY,LIMIT,1701046568072,0.025,37653.01
BTCUSDT,BUY,LIMIT,1701046868074,0.021,37637.85
BTCUSDT,BUY,LIMIT,1701047990844,0.003,37292.02
BTCUSDT,SELL,LIMIT,1701048867279,0.001,37332.57
BTCUSDT,SELL,LIMIT,1701051355178,0.028,37269.62
BTCUSDT,SELL,LIMIT,1701051360837,0.061,37257.86
BTCUSDT,SELL,LIMIT,1701051416693,0.026,37246.25
BTCUSDT,SELL,LIMIT,1701051441592,0.024,37238.51
BTCUSDT,SELL,LIMIT,1701051444144,1.331,37235.26
BTCUSDT,SELL,LIMIT,1701051446611,0.166,37234.12
BTCUSDT,SELL,LIMIT,1701051487719,0.010,37229.53
BTCUSDT,SELL,LIMIT,1701051494513,0.019,37220.12
BTCUSDT,SELL,LIMIT,1701051521295,0.020,37218.46
BTCUSDT,SELL,LIMIT,1701051915839,0.061,37215.05
BTCUSDT,SELL,LIMIT,1701051941872,0.102,37217.06
BTCUSDT,SELL,LIMIT,1701051955058,0.036,37215.15
BTCUSDT,SELL,LIMIT,1701051957159,0.055,37213.82
BTCUSDT,SELL,LIMIT,1701052246296,0.009,37212.37
BTCUSDT,SELL,LIMIT,1701052255204,0.003,37210.04
BTCUSDT,SELL,LIMIT,1701052259808,0.020,37208.10
BTCUSDT,SELL,LIMIT,1701052282303,0.024,37206.24
BTCUSDT,SELL,LIMIT,1701052286448,0.038,37196.37
BTCUSDT,SELL,LIMIT,1701052287699,0.005,37195.02
BTCUSDT,SELL,LIMIT,1701052292152,0.012,37193.94
BTCUSDT,SELL,LIMIT,1701052386266,0.110,37193.47
BTCUSDT,SELL,LIMIT,1701052401098,0.006,37191.18
BTCUSDT,SELL,LIMIT,1701052425911,0.009,37189.75
BTCUSDT,SELL,LIMIT,1701052427212,0.003,37188.65
BTCUSDT,SELL,LIMIT,1701052443471,0.436,37187.43
BTCUSDT,SELL,LIMIT,1701052444659,0.003,37186.67
BTCUSDT,SELL,LIMIT,1701052445665,0.112,37183.85
BTCUSDT,SELL,LIMIT,1701052446695,0.012,37183.81
BTCUSDT,SELL,LIMIT,1701052447804,0.160,37176.98
BTCUSDT,SELL,LIMIT,1701052505064,0.004,37174.27
BTCUSDT,SELL,LIMIT,1701052511232,1.334,37173.16
BTCUSDT,SELL,LIMIT,1701052513473,0.006,37172.49
BTCUSDT,SELL,LIMIT,1701052550044,0.014,37167.27
BTCUSDT,SELL,LIMIT,1701052551118,0.315,37168.37
BTCUSDT,SELL,LIMIT,1701052552396,0.003,37165.14
BTCUSDT,SELL,LIMIT,1701052553589,0.005,37164.59
BTCUSDT,SELL,LIMIT,1701052554671,0.003,37158.07
BTCUSDT,SELL,LIMIT,1701052638614,0.019,37178.03
BTCUSDT,SELL,LIMIT,1701052643045,0.003,37155.73
BTCUSDT,SELL,LIMIT,1701052644068,0.026,37147.97
BTCUSDT,SELL,LIMIT,1701052645155,0.008,37150.94
BTCUSDT,SELL,LIMIT,1701052722431,0.007,37143.21
BTCUSDT,SELL,LIMIT,1701052723687,0.181,37142.78
BTCUSDT,SELL,LIMIT,1701052724919,0.019,37138.80
BTCUSDT,SELL,LIMIT,1701052840248,0.004,37135.17
BTCUSDT,SELL,LIMIT,1701052841249,0.092,37133.94
BTCUSDT,SELL,LIMIT,1701052842304,0.050,37132.92
BTCUSDT,SELL,LIMIT,1701052843378,0.400,37130.38
BTCUSDT,SELL,LIMIT,1701052861779,0.007,37125.10
BTCUSDT,SELL,LIMIT,1701052865173,0.010,37124.22
BTCUSDT,SELL,LIMIT,1701052867054,0.003,37121.72
BTCUSDT,SELL,LIMIT,1701052868063,0.032,37120.65
BTCUSDT,SELL,LIMIT,1701052872206,0.018,37115.07
BTCUSDT,SELL,LIMIT,1701052873222,0.048,37114.59
BTCUSDT,SELL,LIMIT,1701052874246,0.263,37109.92
BTCUSDT,SELL,LIMIT,1701052876464,0.017,37106.89
BTCUSDT,SELL,LIMIT,1701052880128,0.030,37104.06
BTCUSDT,SELL,LIMIT,1701052939878,0.003,37101.78
BTCUSDT,SELL,LIMIT,1701052940989,0.005,37100.98
BTCUSDT,SELL,LIMIT,1701052942266,0.117,37092.51
BTCUSDT,SELL,LIMIT,1701053108085,0.055,37090.93
BTCUSDT,SELL,LIMIT,1701053167187,0.026,37089.46
BTCUSDT,SELL,LIMIT,1701053168481,0.086,37087.11
BTCUSDT,SELL,LIMIT,1701053171193,0.213,37085.82
BTCUSDT,SELL,LIMIT,1701053173725,0.026,37085.50
BTCUSDT,SELL,LIMIT,1701053177310,0.199,37082.34
BTCUSDT,SELL,LIMIT,1701053187230,0.031,37080.86
BTCUSDT,SELL,LIMIT,1701053196237,0.007,37079.94
BTCUSDT,SELL,LIMIT,1701053533778,0.030,37077.66
BTCUSDT,SELL,LIMIT,1701053540469,0.135,37074.18
BTCUSDT,SELL,LIMIT,1701053542077,0.003,37070.36
BTCUSDT,SELL,LIMIT,1701053543094,0.105,37071.57
BTCUSDT,SELL,LIMIT,1701053598080,0.003,37067.19
BTCUSDT,SELL,LIMIT,1701053599209,0.067,37065.75
BTCUSDT,SELL,LIMIT,1701053600224,0.021,37065.90
BTCUSDT,SELL,LIMIT,1701053604759,0.014,37064.34
BTCUSDT,SELL,LIMIT,1701054468240,0.187,37105.54
BTCUSDT,SELL,LIMIT,1701054471803,0.003,37104.99
BTCUSDT,SELL,LIMIT,1701054486192,0.047,37086.91
BTCUSDT,SELL,LIMIT,1701054609714,0.200,37085.81
BTCUSDT,SELL,LIMIT,1701054620305,1.331,37075.31
BTCUSDT,SELL,LIMIT,1701055479246,0.003,37192.27
BTCUSDT,SELL,LIMIT,1701055613253,0.006,37103.37
BTCUSDT,SELL,LIMIT,1701055615644,0.030,37098.81
BTCUSDT,SELL,LIMIT,1701055689987,0.240,37092.74
BTCUSDT,SELL,LIMIT,1701055692517,0.052,37134.88
BTCUSDT,SELL,LIMIT,1701055694603,0.178,37109.88
BTCUSDT,SELL,LIMIT,1701055696138,0.021,37086.83
BTCUSDT,SELL,LIMIT,1701055752957,0.079,37091.14
BTCUSDT,SELL,LIMIT,1701055754580,0.133,37082.06
BTCUSDT,SELL,LIMIT,1701055794716,0.003,37679.96
BTCUSDT,SELL,LIMIT,1701056008345,0.002,37075.85
BTCUSDT,SELL,LIMIT,1701056018456,0.100,37076.27
BTCUSDT,SELL,LIMIT,1701056024214,0.003,37072.95
BTCUSDT,SELL,LIMIT,1701056054349,0.016,37074.10
BTCUSDT,SELL,LIMIT,1701056073039,0.016,37074.44
BTCUSDT,SELL,LIMIT,1701056088841,0.532,37076.80
BTCUSDT,SELL,LIMIT,1701056105959,0.005,37064.88
BTCUSDT,SELL,LIMIT,1701056112746,0.003,37066.62
BTCUSDT,SELL,LIMIT,1701056126837,0.008,37063.62
BTCUSDT,SELL,LIMIT,1701056136297,0.132,37062.59
BTCUSDT,SELL,LIMIT,1701056159727,0.016,37067.51
BTCUSDT,SELL,LIMIT,1701056229100,0.398,37060.34
BTCUSDT,SELL,LIMIT,1701056233302,0.007,37058.86
BTCUSDT,SELL,LIMIT,1701056235569,0.347,37057.36
BTCUSDT,SELL,LIMIT,1701056244520,0.037,37055.02
BTCUSDT,SELL,LIMIT,1701056245925,0.043,37054.86
BTCUSDT,SELL,LIMIT,1701056247041,0.093,37052.68
BTCUSDT,SELL,LIMIT,1701056248161,0.049,37042.53
BTCUSDT,SELL,LIMIT,1701058699417,0.003,37123.51
BTCUSDT,BUY,LIMIT,1701059724428,0.058,37492.49
BTCUSDT,BUY,LIMIT,1701060535158,0.189,37502.31
BTCUSDT,BUY,LIMIT,1701060565278,0.010,37509.34
BTCUSDT,BUY,LIMIT,1701060625926,0.048,37511.05
BTCUSDT,BUY,LIMIT,1701061000256,0.066,37517.31
BTCUSDT,BUY,LIMIT,1701061001877,0.011,37522.11
BTCUSDT,BUY,LIMIT,1701061103732,0.103,37526.55
BTCUSDT,BUY,LIMIT,1701061235104,0.016,37530.67
BTCUSDT,BUY,LIMIT,1701061250539,0.003,37535.68
BTCUSDT,SELL,LIMIT,1701062207912,0.006,37204.95
