Symbol,Side,Order Type,Time,Quantity,Price
C98USDT,BUY,LIMIT,1701917362364,1515,0.2191
C98USDT,BUY,LIMIT,1701917872871,61,0.2209
C98USDT,BUY,LIMIT,1701917877184,220,0.2210
C98USDT,BUY,LIMIT,1701929797352,1175,0.2230
C98USDT,BUY,LIMIT,1701929983156,17,0.2242
C98USDT,BUY,LIMIT,1701930050400,4321,0.2245
C98USDT,BUY,LIMIT,1701930353075,25,0.2251
C98USDT,BUY,LIMIT,1701935188504,1175,0.2264
C98USDT,SELL,LIMIT,1701937821176,3376,0.2134
C98USDT,SELL,LIMIT,1701937901126,551,0.2128
C98USDT,SELL,LIMIT,1701940557642,383,0.2103
C98USDT,SELL,LIMIT,1701940564888,179,0.2099
C98USDT,SELL,LIMIT,1701941039524,4152,0.2093
C98USDT,SELL,LIMIT,1701941112743,3376,0.2092
C98USDT,SELL,LIMIT,1701941155490,52,0.2087
C98USDT,SELL,LIMIT,1701941160282,5485,0.2085
C98USDT,SELL,LIMIT,1701941175156,469,0.2083
C98USDT,SELL,LIMIT,1701941185944,2282,0.2081
C98USDT,SELL,LIMIT,1701941236828,235,0.2093
C98USDT,SELL,LIMIT,1701941245339,300,0.2075
C98USDT,SELL,LIMIT,1701941247114,2717,0.2073
C98USDT,SELL,LIMIT,1701941257225,106,0.2082
C98USDT,SELL,LIMIT,1701941258261,1836,0.2074
C98USDT,SELL,LIMIT,1701941270446,3618,0.2073
C98USDT,BUY,LIMIT,1701942654316,265,0.2206
C98USDT,BUY,LIMIT,1701945192363,12149,0.2232
C98USDT,BUY,LIMIT,1701945281449,67,0.2243
C98USDT,BUY,LIMIT,1701946840763,2005,0.2257
C98USDT,SELL,LIMIT,1701949207117,243,0.2128
C98USDT,SELL,LIMIT,1701953386496,924,0.2134
C98USDT,SELL,LIMIT,1701954509243,3090,0.2111
C98USDT,SELL,LIMIT,1701954685178,2013,0.2107
C98USDT,SELL,LIMIT,1701954950209,4166,0.2103
C98USDT,SELL,LIMIT,1701955359725,2234,0.2101
C98USDT,SELL,LIMIT,1701955784434,79,0.2096
C98USDT,SELL,LIMIT,1701955786730,23,0.2094
C98USDT,SELL,LIMIT,1701955949224,4580,0.2090
C98USDT,BUY,LIMIT,1701962835275,500,0.2188
C98USDT,BUY,LIMIT,1701965895322,625,0.2212
C98USDT,BUY,LIMIT,1701966801453,30542,0.2214
C98USDT,BUY,LIMIT,1701971753363,593,0.2216
C98USDT,SELL,LIMIT,1701974566720,4550,0.2111
C98USDT,SELL,LIMIT,1701976423400,1073,0.2122
C98USDT,SELL,LIMIT,1701976816158,2000,0.2110
C98USDT,SELL,LIMIT,1701977340582,1432,0.2095
C98USDT,BUY,LIMIT,1701984397348,294,0.2224
C98USDT,BUY,LIMIT,1701985354071,146,0.2243
C98USDT,BUY,LIMIT,1701988056177,518,0.2252
C98USDT,BUY,LIMIT,1701995256797,931,0.2277
C98USDT,SELL,LIMIT,1701997506919,203,0.2137
C98USDT,BUY,LIMIT,1702006594909,560,0.2236
C98USDT,BUY,LIMIT,1702012626286,2706,0.2282
C98USDT,BUY,LIMIT,1702012809291,94,0.2299
C98USDT,BUY,LIMIT,1702012817299,2073,0.2307
C98USDT,BUY,LIMIT,1702014456343,14,0.2322
C98USDT,BUY,LIMIT,1702014462555,1553,0.2326
C98USDT,BUY,LIMIT,1702015158123,224,0.2336
C98USDT,BUY,LIMIT,1702015159858,52,0.2336
C98USDT,BUY,LIMIT,1702015184513,1595,0.2339
C98USDT,BUY,LIMIT,1702016245569,230,0.2354
C98USDT,BUY,LIMIT,1702016274385,1817,0.2355
C98USDT,BUY,LIMIT,1702016298097,679,0.2363
C98USDT,BUY,LIMIT,1702016318624,222,0.2364
C98USDT,BUY,LIMIT,1702016320201,1070,0.2365
C98USDT,BUY,LIMIT,1702016322390,6568,0.2366
C98USDT,SELL,LIMIT,1702017234389,10019,0.2231
C98USDT,SELL,LIMIT,1702018058743,335,0.2219
C98USDT,SELL,LIMIT,1702035442714,9786,0.2267
C98USDT,BUY,LIMIT,1702035738202,246,0.2360
C98USDT,BUY,LIMIT,1702035918244,97,0.2369
C98USDT,BUY,LIMIT,1702035929368,96,0.2372
C98USDT,BUY,LIMIT,1702035945278,1936,0.2375
C98USDT,SELL,LIMIT,1702037548286,881,0.2236
C98USDT,SELL,LIMIT,1702038190605,917,0.2228
C98USDT,SELL,LIMIT,1702040867792,5706,0.2228
C98USDT,SELL,LIMIT,1702042237288,263,0.2220
C98USDT,BUY,LIMIT,1702042863732,720,0.2303
C98USDT,BUY,LIMIT,1702043042369,239,0.2323
C98USDT,BUY,LIMIT,1702046129254,46,0.2377
C98USDT,BUY,LIMIT,1702046671290,26,0.2385
C98USDT,BUY,LIMIT,1702046960636,5259,0.2390
C98USDT,BUY,LIMIT,1702048108127,31,0.2389
C98USDT,SELL,LIMIT,1702050520303,2344,0.2279
C98USDT,BUY,LIMIT,1702052530227,325,0.2389
C98USDT,BUY,LIMIT,1702052588660,123,0.2391
C98USDT,SELL,LIMIT,1702055301136,17650,0.2268
C98USDT,SELL,LIMIT,1702056283401,109,0.2262
C98USDT,SELL,LIMIT,1702065524134,1567,0.2281
C98USDT,BUY,LIMIT,1702068983390,3478,0.2368
C98USDT,BUY,LIMIT,1702069043644,63,0.2367
C98USDT,BUY,LIMIT,1702069093610,2717,0.2369
C98USDT,BUY,LIMIT,1702070677525,107,0.2345
C98USDT,SELL,LIMIT,1702071537602,21349,0.2250
C98USDT,SELL,LIMIT,1702071640563,218,0.2247
C98USDT,SELL,LIMIT,1702071653137,1025,0.2246
C98USDT,SELL,LIMIT,1702071733132,10064,0.2242
C98USDT,SELL,LIMIT,1702071736134,1,0.2242
C98USDT,SELL,LIMIT,1702071740354,1219,0.2241
C98USDT,SELL,LIMIT,1702072147408,790,0.2239
C98USDT,BUY,LIMIT,1702080687269,577,0.2380
C98USDT,BUY,LIMIT,1702080776890,450,0.2383
C98USDT,BUY,LIMIT,1702081589511,1000,0.2391
C98USDT,BUY,LIMIT,1702081674183,22,0.2396
C98USDT,BUY,LIMIT,1702081778972,360,0.2397
C98USDT,BUY,LIMIT,1702082957417,1073,0.2394
C98USDT,BUY,LIMIT,1702094757470,394,0.2376
C98USDT,BUY,LIMIT,1702103290286,372,0.2379
C98USDT,BUY,LIMIT,1702104230641,210,0.2372
C98USDT,BUY,LIMIT,1702104858567,146,0.2385
C98USDT,BUY,LIMIT,1702107991122,93,0.2395
C98USDT,BUY,LIMIT,1702108036049,300,0.2400
C98USDT,BUY,LIMIT,1702108053695,1,0.2405
C98USDT,BUY,LIMIT,1702108057599,288,0.2407
C98USDT,BUY,LIMIT,1702108668196,1490,0.2408
C98USDT,BUY,LIMIT,1702108733039,234,0.2412
C98USDT,BUY,LIMIT,1702108940276,260,0.2412
C98USDT,BUY,LIMIT,1702108984440,55,0.2415
C98USDT,BUY,LIMIT,1702109162159,1064,0.2417
C98USDT,BUY,LIMIT,1702109185066,15378,0.2420
C98USDT,BUY,LIMIT,1702109190701,249,0.2419
C98USDT,BUY,LIMIT,1702109244834,127,0.2421
C98USDT,BUY,LIMIT,1702109253016,37880,0.2428
C98USDT,BUY,LIMIT,1702109345691,625,0.2428
C98USDT,BUY,LIMIT,1702109351177,548,0.2428
C98USDT,BUY,LIMIT,1702109353655,2017,0.2431
C98USDT,BUY,LIMIT,1702109514107,775,0.2427
C98USDT,SELL,LIMIT,1702109748126,15,0.2341
C98USDT,BUY,LIMIT,1702109759287,31,0.2432
C98USDT,BUY,LIMIT,1702109770014,4758,0.2433
C98USDT,SELL,LIMIT,1702110980628,21311,0.2278
C98USDT,SELL,LIMIT,1702111035735,131,0.2268
C98USDT,SELL,LIMIT,1702111040585,379,0.2264
C98USDT,SELL,LIMIT,1702111045422,2100,0.2263
C98USDT,SELL,LIMIT,1702111047351,238,0.2283
C98USDT,SELL,LIMIT,1702111369377,12594,0.2261
C98USDT,SELL,LIMIT,1702111380536,11695,0.2247
C98USDT,SELL,LIMIT,1702111385219,3351,0.2250
C98USDT,SELL,LIMIT,1702111387609,302,0.2244
C98USDT,SELL,LIMIT,1702111390407,1617,0.2242
C98USDT,SELL,LIMIT,1702115100828,34,0.2239
C98USDT,SELL,LIMIT,1702115462976,6713,0.2237
C98USDT,SELL,LIMIT,1702115610390,31,0.2231
C98USDT,SELL,LIMIT,1702115623976,65,0.2229
C98USDT,SELL,LIMIT,1702133004034,515,0.2228
C98USDT,SELL,LIMIT,1702133006287,2019,0.2226
C98USDT,SELL,LIMIT,1702133007394,648,0.2225
C98USDT,SELL,LIMIT,1702135763649,1326,0.2224
C98USDT,SELL,LIMIT,1702139117502,17816,0.2246
C98USDT,SELL,LIMIT,1702139271443,2144,0.2239
C98USDT,SELL,LIMIT,1702139292177,555,0.2234
C98USDT,SELL,LIMIT,1702140821948,15113,0.2239
C98USDT,SELL,LIMIT,1702141747243,344,0.2227
C98USDT,SELL,LIMIT,1702141850642,2498,0.2218
C98USDT,SELL,LIMIT,1702141852604,1397,0.2216
C98USDT,SELL,LIMIT,1702141856141,445,0.2213
C98USDT,SELL,LIMIT,1702141860459,1082,0.2213
C98USDT,SELL,LIMIT,1702164268247,146,0.2216
C98USDT,SELL,LIMIT,1702164269739,346,0.2215
C98USDT,SELL,LIMIT,1702164476135,64,0.2212
C98USDT,SELL,LIMIT,1702164477218,2195,0.2212
C98USDT,SELL,LIMIT,1702164481096,13751,0.2212
C98USDT,SELL,LIMIT,1702164486829,2193,0.2211
C98USDT,SELL,LIMIT,1702164488859,3165,0.2208
C98USDT,SELL,LIMIT,1702164507341,4203,0.2207
C98USDT,SELL,LIMIT,1702164539115,766,0.2205
C98USDT,SELL,LIMIT,1702164540152,3358,0.2203
C98USDT,SELL,LIMIT,1702164544344,5458,0.2201
C98USDT,SELL,LIMIT,1702164577369,177,0.2202
C98USDT,SELL,LIMIT,1702164745199,2025,0.2198
C98USDT,SELL,LIMIT,1702164747212,6587,0.2197
C98USDT,SELL,LIMIT,1702164752907,92,0.2193
C98USDT,SELL,LIMIT,1702164796466,297,0.2191
C98USDT,SELL,LIMIT,1702164798306,437,0.2189
C98USDT,SELL,LIMIT,1702164800922,14,0.2187
C98USDT,SELL,LIMIT,1702164803233,3173,0.2187
C98USDT,SELL,LIMIT,1702164805461,21718,0.2184
C98USDT,SELL,LIMIT,1702164806573,6472,0.2183
C98USDT,SELL,LIMIT,1702164810303,43,0.2182
C98USDT,SELL,LIMIT,1702164811420,471,0.2179
C98USDT,SELL,LIMIT,1702181174088,925,0.2215
C98USDT,SELL,LIMIT,1702192702383,2461,0.2213
C98USDT,SELL,LIMIT,1702193945775,15624,0.2191
C98USDT,SELL,LIMIT,1702200542044,1348,0.2184
C98USDT,SELL,LIMIT,1702200743241,150,0.2183
C98USDT,SELL,LIMIT,1702200765266,552,0.2181
C98USDT,SELL,LIMIT,1702200883452,22032,0.2177
C98USDT,SELL,LIMIT,1702200892354,227,0.2174
C98USDT,SELL,LIMIT,1702200927090,989,0.2173
C98USDT,SELL,LIMIT,1702200932340,369,0.2170
C98USDT,SELL,LIMIT,1702200936549,500,0.2170
C98USDT,SELL,LIMIT,1702200941414,1020,0.2169
C98USDT,SELL,LIMIT,1702201342523,2493,0.2170
C98USDT,SELL,LIMIT,1702201475199,12385,0.2166
C98USDT,SELL,LIMIT,1702202149755,429,0.2165
C98USDT,SELL,LIMIT,1702202157134,216,0.2163
C98USDT,SELL,LIMIT,1702202255060,43,0.2162
C98USDT,SELL,LIMIT,1702202256231,201,0.2161
C98USDT,SELL,LIMIT,1702202263234,386,0.2159
C98USDT,SELL,LIMIT,1702202268551,2683,0.2160
C98USDT,SELL,LIMIT,1702202294003,2000,0.2159
C98USDT,SELL,LIMIT,1702202295300,21747,0.2156
C98USDT,SELL,LIMIT,1702202297568,1823,0.2153
C98USDT,SELL,LIMIT,1702202322507,35540,0.2148
C98USDT,SELL,LIMIT,1702202326192,619,0.2152
C98USDT,SELL,LIMIT,1702202372232,885,0.2149
C98USDT,SELL,LIMIT,1702202373829,7385,0.2148
C98USDT,SELL,LIMIT,1702202376458,1625,0.2147
C98USDT,SELL,LIMIT,1702202378502,11231,0.2145
C98USDT,SELL,LIMIT,1702202379963,22197,0.2146
C98USDT,SELL,LIMIT,1702202389107,1042,0.2143
C98USDT,SELL,LIMIT,1702202391218,9216,0.2142
C98USDT,SELL,LIMIT,1702202392805,999,0.2139
C98USDT,SELL,LIMIT,1702202402042,4444,0.2140
C98USDT,BUY,LIMIT,1702207227066,802,0.2268
C98USDT,BUY,LIMIT,1702220906134,128,0.2309
C98USDT,BUY,LIMIT,1702221247783,8632,0.2315
C98USDT,BUY,LIMIT,1702221809040,1394,0.2326
C98USDT,BUY,LIMIT,1702221910469,84265,0.2336
C98USDT,BUY,LIMIT,1702222037121,546,0.2337
C98USDT,BUY,LIMIT,1702223860603,2728,0.2345
C98USDT,BUY,LIMIT,1702224015764,1198,0.2359
C98USDT,BUY,LIMIT,1702224220316,338,0.2378
C98USDT,BUY,LIMIT,1702224501534,186,0.2385
C98USDT,BUY,LIMIT,1702225829078,853,0.2386
C98USDT,BUY,LIMIT,1702225868366,501,0.2386
C98USDT,BUY,LIMIT,1702225949022,250,0.2392
C98USDT,BUY,LIMIT,1702225956068,1789,0.2394
C98USDT,SELL,LIMIT,1702228842898,623,0.2262
C98USDT,SELL,LIMIT,1702228919422,2103,0.2260
C98USDT,SELL,LIMIT,1702230333933,177,0.2240
C98USDT,SELL,LIMIT,1702230594289,222,0.2235
C98USDT,SELL,LIMIT,1702230603377,22,0.2234
C98USDT,SELL,LIMIT,1702235697922,25,0.2275
C98USDT,BUY,LIMIT,1702240613623,869,0.2391
C98USDT,SELL,LIMIT,1702250139580,444,0.2288
C98USDT,SELL,LIMIT,1702255596083,852,0.2255
C98USDT,SELL,LIMIT,1702255741105,75,0.2246
C98USDT,SELL,LIMIT,1702255779087,106292,0.2233
C98USDT,SELL,LIMIT,1702255781445,713,0.2240
C98USDT,SELL,LIMIT,1702255795106,2272,0.2237
C98USDT,SELL,LIMIT,1702255796487,5184,0.2238
C98USDT,SELL,LIMIT,1702256441239,1571,0.2234
C98USDT,SELL,LIMIT,1702256458258,295,0.2232
C98USDT,SELL,LIMIT,1702256575162,208,0.2230
C98USDT,SELL,LIMIT,1702256576224,860,0.2229
C98USDT,SELL,LIMIT,1702256577635,4261,0.2228
C98USDT,SELL,LIMIT,1702256578816,64,0.2226
C98USDT,SELL,LIMIT,1702256579937,262,0.2224
C98USDT,SELL,LIMIT,1702256620301,425,0.2221
C98USDT,SELL,LIMIT,1702256622489,87,0.2222
C98USDT,SELL,LIMIT,1702256724030,190,0.2223
C98USDT,SELL,LIMIT,1702256912725,149,0.2218
C98USDT,SELL,LIMIT,1702256915215,2649,0.2215
C98USDT,SELL,LIMIT,1702256917472,666,0.2213
C98USDT,SELL,LIMIT,1702256924297,4616,0.2211
C98USDT,SELL,LIMIT,1702256976441,140,0.2211
C98USDT,SELL,LIMIT,1702256993641,8907,0.2213
C98USDT,SELL,LIMIT,1702256996110,132,0.2206
C98USDT,SELL,LIMIT,1702260283614,20917,0.2228
C98USDT,SELL,LIMIT,1702260430397,287,0.2213
C98USDT,SELL,LIMIT,1702260431705,798,0.2235
C98USDT,SELL,LIMIT,1702260436644,70,0.2209
C98USDT,BUY,LIMIT,1702260437871,722,0.2293
C98USDT,SELL,LIMIT,1702260624308,4551,0.2200
C98USDT,BUY,LIMIT,1702260628389,434,0.2286
C98USDT,SELL,LIMIT,1702260630728,1803,0.2194
C98USDT,SELL,LIMIT,1702260631834,47,0.2197
C98USDT,SELL,LIMIT,1702260633259,86,0.2191
C98USDT,SELL,LIMIT,1702260635367,6000,0.2193
C98USDT,SELL,LIMIT,1702260636877,351,0.2188
C98USDT,SELL,LIMIT,1702260694119,262,0.2187
C98USDT,SELL,LIMIT,1702260695307,2948,0.2186
C98USDT,SELL,LIMIT,1702260696820,224,0.2183
C98USDT,SELL,LIMIT,1702260699064,2963,0.2182
C98USDT,SELL,LIMIT,1702260700439,546,0.2181
C98USDT,SELL,LIMIT,1702260707838,4824,0.2177
C98USDT,SELL,LIMIT,1702260710288,26,0.2176
C98USDT,SELL,LIMIT,1702260711465,210,0.2176
C98USDT,SELL,LIMIT,1702260712520,371,0.2176
C98USDT,SELL,LIMIT,1702260714508,126,0.2179
C98USDT,SELL,LIMIT,1702260715710,261,0.2171
C98USDT,SELL,LIMIT,1702260716938,5007,0.2169
C98USDT,SELL,LIMIT,1702260718201,4273,0.2168
C98USDT,SELL,LIMIT,1702260719234,4098,0.2167
C98USDT,SELL,LIMIT,1702260720303,44,0.2194
C98USDT,SELL,LIMIT,1702260722840,42807,0.2160
C98USDT,SELL,LIMIT,1702260725659,43,0.2162
C98USDT,SELL,LIMIT,1702260727473,21506,0.2161
C98USDT,SELL,LIMIT,1702260728584,35,0.2159
C98USDT,SELL,LIMIT,1702260731197,1068,0.2156
C98USDT,SELL,LIMIT,1702260733991,449,0.2155
C98USDT,SELL,LIMIT,1702260736300,500,0.2150
C98USDT,SELL,LIMIT,1702260737362,10967,0.2146
C98USDT,SELL,LIMIT,1702260738418,863,0.2146
C98USDT,SELL,LIMIT,1702260739779,2589,0.2146
C98USDT,SELL,LIMIT,1702260741892,8666,0.2142
C98USDT,SELL,LIMIT,1702260743633,1688,0.2135
C98USDT,SELL,LIMIT,1702260745093,12000,0.2137
C98USDT,SELL,LIMIT,1702260746636,76000,0.2128
C98USDT,SELL,LIMIT,1702260747741,366,0.2135
C98USDT,SELL,LIMIT,1702260748787,449,0.2126
C98USDT,SELL,LIMIT,1702260749937,153,0.2113
C98USDT,SELL,LIMIT,1702260751165,34,0.2111
C98USDT,SELL,LIMIT,1702260752233,639,0.2100
C98USDT,SELL,LIMIT,1702260753941,27,0.2103
C98USDT,SELL,LIMIT,1702260755042,5879,0.2095
C98USDT,SELL,LIMIT,1702260756437,68,0.2085
C98USDT,SELL,LIMIT,1702260757472,1469,0.2091
C98USDT,SELL,LIMIT,1702260758766,137614,0.2065
C98USDT,SELL,LIMIT,1702260759830,2654,0.2082
C98USDT,SELL,LIMIT,1702260760971,2014,0.2077
C98USDT,SELL,LIMIT,1702260761985,301,0.2076
C98USDT,SELL,LIMIT,1702260763001,7180,0.2066
C98USDT,SELL,LIMIT,1702260764020,181,0.2071
C98USDT,SELL,LIMIT,1702260765023,2497,0.2055
C98USDT,SELL,LIMIT,1702260766185,14488,0.2055
C98USDT,SELL,LIMIT,1702260767272,377,0.2057
C98USDT,SELL,LIMIT,1702260768355,87,0.2056
C98USDT,SELL,LIMIT,1702260769438,136,0.2050
C98USDT,SELL,LIMIT,1702260770536,253,0.2038
C98USDT,SELL,LIMIT,1702260771543,6199,0.2036
C98USDT,SELL,LIMIT,1702260772956,1385,0.2126
C98USDT,SELL,LIMIT,1702260774072,12325,0.2030
C98USDT,SELL,LIMIT,1702260775098,5189,0.2020
C98USDT,SELL,LIMIT,1702260776228,250,0.2021
C98USDT,SELL,LIMIT,1702260777336,337,0.2004
C98USDT,SELL,LIMIT,1702260778320,6842,0.2021
C98USDT,SELL,LIMIT,1702260779393,142,0.2000
C98USDT,SELL,LIMIT,1702260780563,3743,0.1988
C98USDT,SELL,LIMIT,1702260781687,2147,0.2031
C98USDT,SELL,LIMIT,1702260783008,18128,0.2000
C98USDT,SELL,LIMIT,1702260784018,967,0.1984
C98USDT,SELL,LIMIT,1702260785052,4543,0.1978
C98USDT,SELL,LIMIT,1702260786943,4625,0.1977
C98USDT,SELL,LIMIT,1702260788309,425,0.1976
C98USDT,SELL,LIMIT,1702260789363,1768,0.1977
C98USDT,SELL,LIMIT,1702260790917,87678,0.1963
C98USDT,SELL,LIMIT,1702260792175,762,0.1970
C98USDT,SELL,LIMIT,1702260793581,5728,0.1968
C98USDT,SELL,LIMIT,1702260794642,899,0.1967
C98USDT,SELL,LIMIT,1702260796050,100008,0.1952
C98USDT,SELL,LIMIT,1702260797086,41005,0.1956
C98USDT,SELL,LIMIT,1702260798146,521,0.1950
C98USDT,SELL,LIMIT,1702260799322,6028,0.1944
C98USDT,SELL,LIMIT,1702260800452,232,0.1943
C98USDT,SELL,LIMIT,1702260801454,2856,0.1932
C98USDT,SELL,LIMIT,1702260802643,17186,0.1932
C98USDT,SELL,LIMIT,1702260803668,343,0.1923
C98USDT,SELL,LIMIT,1702260804866,275,0.1924
C98USDT,SELL,LIMIT,1702260805927,50,0.1915
C98USDT,SELL,LIMIT,1702260807355,3872,0.1914
C98USDT,SELL,LIMIT,1702260808359,101941,0.1905
C98USDT,SELL,LIMIT,1702260809588,98342,0.1903
C98USDT,SELL,LIMIT,1702260810598,19,0.2021
C98USDT,SELL,LIMIT,1702260812013,87586,0.1901
C98USDT,SELL,LIMIT,1702260813056,1943,0.1909
C98USDT,SELL,LIMIT,1702260814075,1506,0.1901
C98USDT,SELL,LIMIT,1702260815232,1091,0.1903
C98USDT,SELL,LIMIT,1702260818049,231,0.1909
C98USDT,SELL,LIMIT,1702260820575,2574,0.1905
C98USDT,SELL,LIMIT,1702260821817,40,0.1906
C98USDT,BUY,LIMIT,1702260847383,466,0.2043
C98USDT,BUY,LIMIT,1702260856058,60,0.2072
C98USDT,SELL,LIMIT,1702260861356,82,0.1990
C98USDT,BUY,LIMIT,1702260899671,1146,0.2122
C98USDT,SELL,LIMIT,1702262626141,307,0.2054
