Symbol,Side,Order Type,Time,Quantity,Price
C98USDT,SELL,LIMIT,1701068144951,286,0.1807
C98USDT,SELL,LIMIT,1701069513543,53,0.1798
C98USDT,SELL,LIMIT,1701069805491,4389,0.1791
C98USDT,SELL,LIMIT,1701069809361,162,0.1789
C98USDT,SELL,LIMIT,1701069834980,6527,0.1788
C98USDT,SELL,LIMIT,1701069836256,400,0.1786
C98USDT,SELL,LIMIT,1701069853479,135,0.1782
C98USDT,SELL,LIMIT,1701069854804,1233,0.1782
C98USDT,SELL,LIMIT,1701069867577,320,0.1781
C98USDT,SELL,LIMIT,1701069875522,14000,0.1779
C98USDT,SELL,LIMIT,1701069888478,162,0.1777
C98USDT,SELL,LIMIT,1701069894670,39759,0.1774
C98USDT,SELL,LIMIT,1701069896006,135,0.1775
C98USDT,SELL,LIMIT,1701081488037,5249,0.1773
C98USDT,SELL,LIMIT,1701082606685,51,0.1769
C98USDT,SELL,LIMIT,1701082655417,236,0.1763
C98USDT,SELL,LIMIT,1701082700153,256,0.1761
C98USDT,SELL,LIMIT,1701082701359,680,0.1763
C98USDT,SELL,LIMIT,1701082727880,37,0.1758
C98USDT,SELL,LIMIT,1701097091635,6626,0.1751
C98USDT,SELL,LIMIT,1701097097041,2343,0.1751
C98USDT,SELL,LIMIT,1701097099732,572,0.1750
C98USDT,SELL,LIMIT,1701097101870,120,0.1750
C98USDT,SELL,LIMIT,1701100623612,1027,0.1753
C98USDT,SELL,LIMIT,1701101007837,108,0.1754
C98USDT,BUY,LIMIT,1701105242783,221,0.1858
C98USDT,SELL,LIMIT,1701111858939,841,0.1778
C98USDT,SELL,LIMIT,1701114232400,6154,0.1755
C98USDT,SELL,LIMIT,1701114342555,1922,0.1749
C98USDT,SELL,LIMIT,1701114352849,42,0.1749
C98USDT,SELL,LIMIT,1701114471540,221,0.1747
C98USDT,SELL,LIMIT,1701114475351,5156,0.1748
C98USDT,SELL,LIMIT,1701114477081,2817,0.1745
C98USDT,SELL,LIMIT,1701114541295,698,0.1743
C98USDT,BUY,LIMIT,1701121834168,8501,0.1836
C98USDT,SELL,LIMIT,1701148215155,313,0.1749
C98USDT,SELL,LIMIT,1701148335100,1557,0.1748
C98USDT,SELL,LIMIT,1701149142565,49,0.1748
C98USDT,SELL,LIMIT,1701149834051,14882,0.1745
C98USDT,SELL,LIMIT,1701149850053,5549,0.1743
C98USDT,SELL,LIMIT,1701149853593,245,0.1742
C98USDT,SELL,LIMIT,1701149856542,1110,0.1738
C98USDT,SELL,LIMIT,1701149880767,233,0.1738
C98USDT,SELL,LIMIT,1701151115402,549,0.1731
C98USDT,SELL,LIMIT,1701151196449,3968,0.1729
C98USDT,SELL,LIMIT,1701151199142,417,0.1730
C98USDT,SELL,LIMIT,1701151223154,545,0.1730
C98USDT,SELL,LIMIT,1701151250228,2477,0.1729
C98USDT,SELL,LIMIT,1701151263534,2397,0.1727
C98USDT,SELL,LIMIT,1701151266040,100,0.1727
C98USDT,SELL,LIMIT,1701151267178,4402,0.1728
C98USDT,SELL,LIMIT,1701156546147,342,0.1725
C98USDT,SELL,LIMIT,1701156548435,3516,0.1724
C98USDT,SELL,LIMIT,1701162078235,984,0.1721
C98USDT,SELL,LIMIT,1701162079354,2741,0.1722
C98USDT,BUY,LIMIT,1701171142719,262,0.1835
C98USDT,BUY,LIMIT,1701182068683,10913,0.1840
C98USDT,BUY,LIMIT,1701183936288,483,0.1844
C98USDT,BUY,LIMIT,1701186201040,24120,0.1852
C98USDT,BUY,LIMIT,1701190963257,366,0.1867
C98USDT,BUY,LIMIT,1701192155378,366,0.1875
C98USDT,BUY,LIMIT,1701192281004,5165,0.1877
C98USDT,BUY,LIMIT,1701192622218,2482,0.1880
C98USDT,BUY,LIMIT,1701192629060,3267,0.1881
C98USDT,BUY,LIMIT,1701200474357,1477,0.1884
C98USDT,BUY,LIMIT,1701204995197,5588,0.1895
C98USDT,BUY,LIMIT,1701205485605,1106,0.1895
C98USDT,BUY,LIMIT,1701207960748,1,0.1896
C98USDT,BUY,LIMIT,1701207980527,2140,0.1897
C98USDT,BUY,LIMIT,1701209540201,11001,0.1909
C98USDT,BUY,LIMIT,1701209705063,1333,0.1911
C98USDT,BUY,LIMIT,1701209927307,1899,0.1919
C98USDT,BUY,LIMIT,1701211486357,1391,0.1923
C98USDT,BUY,LIMIT,1701217281878,2793,0.1947
C98USDT,BUY,LIMIT,1701217739785,277,0.1957
C98USDT,BUY,LIMIT,1701217864839,2866,0.1965
C98USDT,BUY,LIMIT,1701217869925,949,0.1967
C98USDT,BUY,LIMIT,1701217938222,279,0.1970
C98USDT,BUY,LIMIT,1701218044436,6210,0.1974
C98USDT,BUY,LIMIT,1701218150730,198,0.1975
C98USDT,SELL,LIMIT,1701232729471,5213,0.1849
C98USDT,BUY,LIMIT,1701237753775,158,0.1933
C98USDT,BUY,LIMIT,1701242673868,1013,0.1960
C98USDT,BUY,LIMIT,1701242681756,5040,0.1962
C98USDT,BUY,LIMIT,1701247359925,290,0.1977
C98USDT,SELL,LIMIT,1701253412138,34,0.1884
C98USDT,SELL,LIMIT,1701254527731,1549,0.1859
C98USDT,SELL,LIMIT,1701258240891,1083,0.1845
C98USDT,SELL,LIMIT,1701258391485,148,0.1840
C98USDT,SELL,LIMIT,1701258404084,713,0.1838
C98USDT,SELL,LIMIT,1701259707241,1960,0.1836
C98USDT,SELL,LIMIT,1701261466876,289,0.1831
C98USDT,SELL,LIMIT,1701264410420,1549,0.1830
C98USDT,SELL,LIMIT,1701264415723,772,0.1829
C98USDT,SELL,LIMIT,1701264488494,62,0.1826
C98USDT,SELL,LIMIT,1701270437890,109,0.1824
C98USDT,SELL,LIMIT,1701270455341,1546,0.1823
C98USDT,SELL,LIMIT,1701270582633,642,0.1819
C98USDT,SELL,LIMIT,1701270615549,2678,0.1812
C98USDT,BUY,LIMIT,1701273396089,94,0.1922
C98USDT,BUY,LIMIT,1701293028120,389,0.1952
C98USDT,SELL,LIMIT,1701306549846,220,0.1832
C98USDT,SELL,LIMIT,1701306797002,110,0.1830
C98USDT,SELL,LIMIT,1701306911426,7079,0.1828
C98USDT,BUY,LIMIT,1701322399070,751,0.1973
C98USDT,BUY,LIMIT,1701322551083,2930,0.1986
C98USDT,BUY,LIMIT,1701322556655,2176,0.1986
C98USDT,BUY,LIMIT,1701322580701,26044,0.1989
C98USDT,BUY,LIMIT,1701322584881,26109,0.1990
C98USDT,BUY,LIMIT,1701322617340,220,0.1991
C98USDT,SELL,LIMIT,1701336702654,3103,0.1858
C98USDT,SELL,LIMIT,1701349700000,481,0.1879
