Symbol,Side,Order Type,Time,Quantity,Price
CAKEUSDT,BUY,LIMIT,1701930786176,123,2.5080924
CAKEUSDT,BUY,LIMIT,1701930867421,306,2.5177988
CAKEUSDT,SELL,LIMIT,1701931595028,500,2.4177854
CAKEUSDT,SELL,LIMIT,1701936776702,395,2.4174896
CAKEUSDT,SELL,LIMIT,1701937815031,1000,2.3973884
CAKEUSDT,SELL,LIMIT,1701939104044,390,2.3932305
CAKEUSDT,SELL,LIMIT,1701939462965,425,2.3781927
CAKEUSDT,SELL,LIMIT,1701939907414,26,2.3730415
CAKEUSDT,SELL,LIMIT,1701939973114,92,2.3677021
CAKEUSDT,SELL,LIMIT,1701940717274,49,2.3502368
CAKEUSDT,SELL,LIMIT,1701941059854,192,2.3471903
CAKEUSDT,SELL,LIMIT,1701941061753,85,2.3461716
CAKEUSDT,SELL,LIMIT,1701941063315,11,2.3459242
CAKEUSDT,SELL,LIMIT,1701941067480,26,2.3451819
CAKEUSDT,SELL,LIMIT,1701941075129,532,2.3443427
CAKEUSDT,SELL,LIMIT,1701941076298,1000,2.3426781
CAKEUSDT,SELL,LIMIT,1701941085509,433,2.3424878
CAKEUSDT,SELL,LIMIT,1701941086527,100,2.3407939
CAKEUSDT,SELL,LIMIT,1701941093482,103,2.3405489
CAKEUSDT,SELL,LIMIT,1701941104400,199,2.3395985
CAKEUSDT,SELL,LIMIT,1701941110689,406,2.3361042
CAKEUSDT,SELL,LIMIT,1701941112355,1935,2.3357350
CAKEUSDT,SELL,LIMIT,1701941151201,46,2.3346822
CAKEUSDT,SELL,LIMIT,1701941154383,46,2.3339576
CAKEUSDT,SELL,LIMIT,1701941155992,87,2.3319180
CAKEUSDT,SELL,LIMIT,1701941167217,13,2.3295034
CAKEUSDT,SELL,LIMIT,1701941169042,203,2.3288117
CAKEUSDT,SELL,LIMIT,1701941170146,359,2.3281288
CAKEUSDT,SELL,LIMIT,1701941175268,3,2.3264653
CAKEUSDT,SELL,LIMIT,1701941179121,418,2.3251938
CAKEUSDT,SELL,LIMIT,1701941180425,115,2.3262448
CAKEUSDT,SELL,LIMIT,1701941181876,280,2.3244000
CAKEUSDT,SELL,LIMIT,1701941183787,413,2.3244308
CAKEUSDT,SELL,LIMIT,1701941186107,72,2.3237917
CAKEUSDT,SELL,LIMIT,1701941187679,1162,2.3237173
CAKEUSDT,SELL,LIMIT,1701941189280,2,2.3210900
CAKEUSDT,SELL,LIMIT,1701941192219,25,2.3209056
CAKEUSDT,SELL,LIMIT,1701941240506,4,2.3183342
CAKEUSDT,SELL,LIMIT,1701941243721,30,2.3171876
CAKEUSDT,SELL,LIMIT,1701941245691,1201,2.3157552
CAKEUSDT,SELL,LIMIT,1701941247114,267,2.3162594
CAKEUSDT,SELL,LIMIT,1701941744335,162,2.3585813
CAKEUSDT,BUY,LIMIT,1701952347653,688,2.4667401
CAKEUSDT,BUY,LIMIT,1701953976591,1,2.4456420
CAKEUSDT,SELL,LIMIT,1701964170663,38,2.3929625
CAKEUSDT,SELL,LIMIT,1701964723846,60,2.4252561
CAKEUSDT,BUY,LIMIT,1701967175498,110,2.4653039
CAKEUSDT,BUY,LIMIT,1701971576688,186,2.4601416
CAKEUSDT,SELL,LIMIT,1701977295887,816,2.3712127
CAKEUSDT,SELL,LIMIT,1701977344888,1647,2.3663789
CAKEUSDT,BUY,LIMIT,1701984778607,102,2.4909755
CAKEUSDT,SELL,LIMIT,1701990518373,539,2.4127006
CAKEUSDT,SELL,LIMIT,1701997718649,407,2.4120051
CAKEUSDT,BUY,LIMIT,1702008781354,64,2.5241480
CAKEUSDT,SELL,LIMIT,1702012262531,79,2.4353200
CAKEUSDT,SELL,LIMIT,1702022235374,65,2.4050900
CAKEUSDT,SELL,LIMIT,1702022339698,449,2.4014021
CAKEUSDT,SELL,LIMIT,1702031649017,59,2.4100574
CAKEUSDT,BUY,LIMIT,1702032477671,2032,2.5087235
CAKEUSDT,SELL,LIMIT,1702034058766,65,2.4369554
CAKEUSDT,BUY,LIMIT,1702034788057,5166,2.5226982
CAKEUSDT,SELL,LIMIT,1702040745329,156,2.4429971
CAKEUSDT,SELL,LIMIT,1702042240543,14,2.4342488
CAKEUSDT,SELL,LIMIT,1702043853289,2017,2.4297199
CAKEUSDT,SELL,LIMIT,1702044549782,1242,2.4214066
CAKEUSDT,BUY,LIMIT,1702047599257,298,2.5294099
CAKEUSDT,BUY,LIMIT,1702053445380,28,2.5440402
CAKEUSDT,SELL,LIMIT,1702055337507,67,2.4438460
CAKEUSDT,SELL,LIMIT,1702055379034,429,2.4434181
CAKEUSDT,SELL,LIMIT,1702056459195,500,2.4386990
CAKEUSDT,BUY,LIMIT,1702059890521,18,2.5453029
CAKEUSDT,BUY,LIMIT,1702064147196,39,2.5490593
CAKEUSDT,BUY,LIMIT,1702064468251,34,2.5577728
CAKEUSDT,SELL,LIMIT,1702070630617,462,2.5049776
CAKEUSDT,SELL,LIMIT,1702072100566,395,2.4789259
CAKEUSDT,BUY,LIMIT,1702080022650,136,2.5692413
CAKEUSDT,SELL,LIMIT,1702082910092,1975,2.5043515
CAKEUSDT,BUY,LIMIT,1702082952365,9,2.5809420
CAKEUSDT,SELL,LIMIT,1702086940948,96,2.5012162
CAKEUSDT,BUY,LIMIT,1702089067200,4,2.6035582
CAKEUSDT,BUY,LIMIT,1702091782160,1100,2.6253966
CAKEUSDT,BUY,LIMIT,1702092064552,84,2.6317189
CAKEUSDT,BUY,LIMIT,1702092100240,18,2.6352229
CAKEUSDT,SELL,LIMIT,1702107550502,109,2.5353771
CAKEUSDT,BUY,LIMIT,1702108821185,329,2.6126667
CAKEUSDT,BUY,LIMIT,1702109416423,8,2.6143223
CAKEUSDT,SELL,LIMIT,1702109979972,2,2.5384611
CAKEUSDT,SELL,LIMIT,1702110915179,25,2.5142131
CAKEUSDT,SELL,LIMIT,1702110916394,12,2.5117584
CAKEUSDT,SELL,LIMIT,1702110980837,330,2.5071512
CAKEUSDT,SELL,LIMIT,1702111043620,151,2.4913467
CAKEUSDT,SELL,LIMIT,1702111383273,19,2.4637107
CAKEUSDT,SELL,LIMIT,1702121139224,1031,2.4966792
CAKEUSDT,SELL,LIMIT,1702133002414,671,2.4729387
CAKEUSDT,SELL,LIMIT,1702133006565,624,2.4687677
CAKEUSDT,SELL,LIMIT,1702133008143,100,2.4684713
CAKEUSDT,SELL,LIMIT,1702134500534,7,2.4671420
CAKEUSDT,SELL,LIMIT,1702134905339,1200,2.4629487
CAKEUSDT,SELL,LIMIT,1702139206691,205,2.4613758
CAKEUSDT,SELL,LIMIT,1702139265246,250,2.4583022
CAKEUSDT,SELL,LIMIT,1702139268005,20,2.4569247
CAKEUSDT,SELL,LIMIT,1702139272585,2,2.4547970
CAKEUSDT,SELL,LIMIT,1702139274429,58,2.4543873
CAKEUSDT,SELL,LIMIT,1702139295290,100,2.4494765
CAKEUSDT,SELL,LIMIT,1702139304586,167,2.4468698
CAKEUSDT,SELL,LIMIT,1702141849214,469,2.4440082
CAKEUSDT,SELL,LIMIT,1702142969844,1998,2.4399825
CAKEUSDT,SELL,LIMIT,1702153769705,7,2.4475721
CAKEUSDT,SELL,LIMIT,1702164543430,74,2.4273448
CAKEUSDT,SELL,LIMIT,1702164578500,1017,2.4272349
CAKEUSDT,SELL,LIMIT,1702164750114,7,2.4238623
CAKEUSDT,SELL,LIMIT,1702164752355,75,2.4229701
CAKEUSDT,SELL,LIMIT,1702164794477,1000,2.4217412
CAKEUSDT,SELL,LIMIT,1702164795630,543,2.4207011
CAKEUSDT,SELL,LIMIT,1702164800894,43,2.4195719
CAKEUSDT,SELL,LIMIT,1702164803178,5,2.4197560
CAKEUSDT,SELL,LIMIT,1702164805269,197,2.4176641
CAKEUSDT,SELL,LIMIT,1702164808069,804,2.4185917
CAKEUSDT,SELL,LIMIT,1702164809371,1700,2.4174058
CAKEUSDT,SELL,LIMIT,1702164933161,449,2.4137801
CAKEUSDT,BUY,LIMIT,1702169996106,61,2.5222279
CAKEUSDT,BUY,LIMIT,1702174524011,47,2.5133430
CAKEUSDT,SELL,LIMIT,1702192944452,400,2.4497012
CAKEUSDT,SELL,LIMIT,1702196680119,80,2.4675236
CAKEUSDT,SELL,LIMIT,1702200938411,4,2.4389718
CAKEUSDT,SELL,LIMIT,1702201474668,462,2.4331301
CAKEUSDT,SELL,LIMIT,1702202081938,5,2.4277722
CAKEUSDT,SELL,LIMIT,1702202294132,20,2.4245511
CAKEUSDT,SELL,LIMIT,1702202321045,34,2.4232395
CAKEUSDT,SELL,LIMIT,1702202376454,55,2.4213766
CAKEUSDT,SELL,LIMIT,1702202380610,1097,2.4209209
CAKEUSDT,SELL,LIMIT,1702208448729,130,2.4405247
CAKEUSDT,SELL,LIMIT,1702230511640,21,2.4372701
CAKEUSDT,SELL,LIMIT,1702250247747,76,2.4477029
CAKEUSDT,SELL,LIMIT,1702255596161,120,2.4550413
CAKEUSDT,SELL,LIMIT,1702256266330,1351,2.4539370
CAKEUSDT,SELL,LIMIT,1702256917547,2799,2.4235664
CAKEUSDT,SELL,LIMIT,1702256985106,34,2.4260049
CAKEUSDT,SELL,LIMIT,1702260322855,94,2.4362852
CAKEUSDT,SELL,LIMIT,1702260424327,402,2.4335543
CAKEUSDT,SELL,LIMIT,1702260436513,46,2.4254563
CAKEUSDT,SELL,LIMIT,1702260625329,12,2.4186122
CAKEUSDT,SELL,LIMIT,1702260632320,85,2.4152246
CAKEUSDT,SELL,LIMIT,1702260668343,493,2.4104756
CAKEUSDT,SELL,LIMIT,1702260669597,76,2.4084493
CAKEUSDT,SELL,LIMIT,1702260699262,231,2.4061016
CAKEUSDT,SELL,LIMIT,1702260701936,40,2.4061305
CAKEUSDT,SELL,LIMIT,1702260709201,857,2.4041572
CAKEUSDT,SELL,LIMIT,1702260710288,4,2.4015208
CAKEUSDT,BUY,LIMIT,1702260711570,45,2.4733560
CAKEUSDT,SELL,LIMIT,1702260712588,2400,2.4231213
CAKEUSDT,SELL,LIMIT,1702260714564,31,2.4032161
CAKEUSDT,SELL,LIMIT,1702260720367,7941,2.3738466
CAKEUSDT,SELL,LIMIT,1702260721380,72,2.3925636
CAKEUSDT,SELL,LIMIT,1702260722628,64,2.3907202
CAKEUSDT,SELL,LIMIT,1702260724959,84,2.3913661
CAKEUSDT,SELL,LIMIT,1702260727527,882,2.3860359
CAKEUSDT,SELL,LIMIT,1702260728756,170,2.3857761
CAKEUSDT,SELL,LIMIT,1702260730712,662,2.3834917
CAKEUSDT,SELL,LIMIT,1702260731855,27,2.3834917
CAKEUSDT,SELL,LIMIT,1702260733126,40,2.3796974
CAKEUSDT,SELL,LIMIT,1702260734812,2517,2.3739768
CAKEUSDT,SELL,LIMIT,1702260735844,200,2.3761560
CAKEUSDT,SELL,LIMIT,1702260737065,244,2.3735593
CAKEUSDT,SELL,LIMIT,1702260739437,52,2.3702961
CAKEUSDT,SELL,LIMIT,1702260740895,80,2.3695576
CAKEUSDT,SELL,LIMIT,1702260741907,3159,2.3591067
CAKEUSDT,SELL,LIMIT,1702260742943,635,2.3655927
CAKEUSDT,SELL,LIMIT,1702260744045,9027,2.3471155
CAKEUSDT,SELL,LIMIT,1702260746249,43,2.5099094
CAKEUSDT,SELL,LIMIT,1702260747539,1060,2.3649589
CAKEUSDT,SELL,LIMIT,1702260749133,771,2.3617575
CAKEUSDT,SELL,LIMIT,1702260750489,69,2.3613463
CAKEUSDT,SELL,LIMIT,1702260752134,401,2.3611466
CAKEUSDT,SELL,LIMIT,1702260753391,236,2.3567925
CAKEUSDT,SELL,LIMIT,1702260754527,113,2.3525117
CAKEUSDT,SELL,LIMIT,1702260756496,80,2.3530151
CAKEUSDT,SELL,LIMIT,1702260757634,394,2.3524318
CAKEUSDT,SELL,LIMIT,1702260758638,1017,2.3520374
CAKEUSDT,SELL,LIMIT,1702260760005,1,2.3434471
CAKEUSDT,SELL,LIMIT,1702260761010,116,2.3471854
CAKEUSDT,SELL,LIMIT,1702260762480,218,2.3385114
CAKEUSDT,SELL,LIMIT,1702260763721,956,2.3357605
CAKEUSDT,SELL,LIMIT,1702260764842,17,2.3407283
CAKEUSDT,SELL,LIMIT,1702260766051,548,2.3352609
CAKEUSDT,SELL,LIMIT,1702260767060,7,2.3504924
CAKEUSDT,SELL,LIMIT,1702260768067,8144,2.3091648
CAKEUSDT,SELL,LIMIT,1702260769189,41,2.3266461
CAKEUSDT,SELL,LIMIT,1702260770341,880,2.3296453
CAKEUSDT,SELL,LIMIT,1702260771559,35,2.3224895
CAKEUSDT,SELL,LIMIT,1702260772682,128,2.3214081
CAKEUSDT,SELL,LIMIT,1702260773727,60,2.3369975
CAKEUSDT,SELL,LIMIT,1702260774802,82,2.3152137
CAKEUSDT,SELL,LIMIT,1702260775877,12,2.3100976
CAKEUSDT,SELL,LIMIT,1702260777210,3,2.3408714
CAKEUSDT,SELL,LIMIT,1702260778203,2021,2.3044174
CAKEUSDT,SELL,LIMIT,1702260779300,540,2.3013936
CAKEUSDT,SELL,LIMIT,1702260780658,719,2.2972658
CAKEUSDT,SELL,LIMIT,1702260782833,50,2.2974619
CAKEUSDT,SELL,LIMIT,1702260783881,40912,2.2228459
CAKEUSDT,SELL,LIMIT,1702260785652,39,2.2863764
CAKEUSDT,SELL,LIMIT,1702260787068,301,2.2815124
CAKEUSDT,SELL,LIMIT,1702260788470,190,2.2856522
CAKEUSDT,SELL,LIMIT,1702260789490,1108,2.2718062
CAKEUSDT,SELL,LIMIT,1702260790501,108,2.2784111
CAKEUSDT,SELL,LIMIT,1702260791542,272,2.2640416
CAKEUSDT,SELL,LIMIT,1702260792544,16,2.2626984
CAKEUSDT,SELL,LIMIT,1702260793709,6,2.2613649
CAKEUSDT,SELL,LIMIT,1702260794799,2869,2.2694564
CAKEUSDT,SELL,LIMIT,1702260796192,259,2.2585517
CAKEUSDT,SELL,LIMIT,1702260797311,1595,2.2626604
CAKEUSDT,SELL,LIMIT,1702260798401,319,2.2606999
CAKEUSDT,SELL,LIMIT,1702260799436,144,2.2542567
CAKEUSDT,SELL,LIMIT,1702260800501,555,2.2529390
CAKEUSDT,SELL,LIMIT,1702260801533,63,2.2493527
CAKEUSDT,SELL,LIMIT,1702260802853,112,2.2493527
CAKEUSDT,SELL,LIMIT,1702260803944,2000,2.2442792
CAKEUSDT,SELL,LIMIT,1702260804963,15935,2.1977882
CAKEUSDT,SELL,LIMIT,1702260806313,637,2.2324267
CAKEUSDT,SELL,LIMIT,1702260807369,291,2.2254166
CAKEUSDT,SELL,LIMIT,1702260808780,3,2.2201274
CAKEUSDT,SELL,LIMIT,1702260809809,449,2.1440527
CAKEUSDT,SELL,LIMIT,1702260810867,59,2.2392312
CAKEUSDT,SELL,LIMIT,1702260812063,12659,2.2063788
CAKEUSDT,SELL,LIMIT,1702260813254,1741,2.2259712
CAKEUSDT,SELL,LIMIT,1702260814358,99,2.2068047
CAKEUSDT,SELL,LIMIT,1702260815365,946,2.2135019
CAKEUSDT,SELL,LIMIT,1702260818280,2,2.2004661
CAKEUSDT,SELL,LIMIT,1702260819356,45,2.2021887
CAKEUSDT,SELL,LIMIT,1702260821163,377,2.1962528
CAKEUSDT,SELL,LIMIT,1702260822418,540,2.1981305
CAKEUSDT,SELL,LIMIT,1702260823806,627,2.1964881
CAKEUSDT,SELL,LIMIT,1702260824896,2866,2.1728388
CAKEUSDT,SELL,LIMIT,1702260827145,430,2.1775459
CAKEUSDT,SELL,LIMIT,1702260828188,984,2.1740190
CAKEUSDT,SELL,LIMIT,1702260831157,30,2.1726729
CAKEUSDT,BUY,LIMIT,1702260955474,5,2.3785020
