Symbol,Side,Order Type,Time,Quantity,Price
CAKEUSDT,BUY,LIMIT,1700850843141,41,2.4143706
CAKEUSDT,SELL,LIMIT,1700851277470,287,2.3386600
CAKEUSDT,SELL,LIMIT,1700852097458,5,2.3365485
CAKEUSDT,SELL,LIMIT,1700852185459,1000,2.3343464
CAKEUSDT,SELL,LIMIT,1700863984842,2069,2.3307419
CAKEUSDT,SELL,LIMIT,1700867409263,112,2.3277152
CAKEUSDT,SELL,LIMIT,1700867412412,300,2.3272816
CAKEUSDT,BUY,LIMIT,1700877540040,21,2.4596416
CAKEUSDT,BUY,LIMIT,1700879416144,21,2.4591707
CAKEUSDT,BUY,LIMIT,1700879452164,4,2.4622964
CAKEUSDT,SELL,LIMIT,1700885395768,4,2.3418072
CAKEUSDT,SELL,LIMIT,1700887318667,128,2.3267366
CAKEUSDT,SELL,LIMIT,1700887355968,62,2.3230820
CAKEUSDT,BUY,LIMIT,1700897265755,524,2.4814387
CAKEUSDT,BUY,LIMIT,1700897362144,314,2.4861340
CAKEUSDT,BUY,LIMIT,1700897364044,9,2.4863704
CAKEUSDT,BUY,LIMIT,1700897419187,63,2.4954197
CAKEUSDT,BUY,LIMIT,1700897479318,4,2.5017076
CAKEUSDT,SELL,LIMIT,1700897597464,22,2.4108978
CAKEUSDT,BUY,LIMIT,1700897848704,15,2.4874822
CAKEUSDT,BUY,LIMIT,1700898427307,176,2.5004528
CAKEUSDT,BUY,LIMIT,1700898434175,251,2.5081919
CAKEUSDT,SELL,LIMIT,1700899314424,13,2.4005207
CAKEUSDT,SELL,LIMIT,1700901708066,278,2.3874733
CAKEUSDT,SELL,LIMIT,1700905165937,400,2.3723913
CAKEUSDT,SELL,LIMIT,1700905229593,290,2.3720841
CAKEUSDT,SELL,LIMIT,1700906378092,296,2.3690521
CAKEUSDT,SELL,LIMIT,1700906419380,55,2.3640751
CAKEUSDT,SELL,LIMIT,1700906474692,6,2.3605509
CAKEUSDT,SELL,LIMIT,1700906477740,28,2.3599168
CAKEUSDT,SELL,LIMIT,1700908363632,58,2.3497774
CAKEUSDT,SELL,LIMIT,1700908570394,59,2.3482677
CAKEUSDT,BUY,LIMIT,1700909889819,56,2.4298957
CAKEUSDT,SELL,LIMIT,1700912297039,119,2.3387045
CAKEUSDT,SELL,LIMIT,1700912452386,1003,2.3360965
CAKEUSDT,SELL,LIMIT,1700912489294,1085,2.3351271
CAKEUSDT,SELL,LIMIT,1700912680285,100,2.3310825
CAKEUSDT,SELL,LIMIT,1700918442239,435,2.3578488
CAKEUSDT,SELL,LIMIT,1700918609820,100,2.3524801
CAKEUSDT,SELL,LIMIT,1700921626892,245,2.3448781
CAKEUSDT,BUY,LIMIT,1700926210449,3,2.4419111
CAKEUSDT,BUY,LIMIT,1700933467571,15,2.4470423
