Symbol,Side,Order Type,Time,Quantity,Price
CAKEUSDT,BUY,LIMIT,1701930786176,123,2.5080924
CAKEUSDT,BUY,LIMIT,1701930867421,306,2.5177988
CAKEUSDT,SELL,LIMIT,1701931595028,500,2.4177854
CAKEUSDT,SELL,LIMIT,1701936776702,395,2.4174896
CAKEUSDT,SELL,LIMIT,1701937815031,1000,2.3973884
CAKEUSDT,SELL,LIMIT,1701939104044,390,2.3932305
CAKEUSDT,SELL,LIMIT,1701939462965,425,2.3781927
CAKEUSDT,SELL,LIMIT,1701939907414,26,2.3730415
CAKEUSDT,SELL,LIMIT,1701939973114,92,2.3677021
CAKEUSDT,SELL,LIMIT,1701940717274,49,2.3502368
CAKEUSDT,SELL,LIMIT,1701941059854,192,2.3471903
CAKEUSDT,SELL,LIMIT,1701941061753,85,2.3461716
CAKEUSDT,SELL,LIMIT,1701941063315,11,2.3459242
CAKEUSDT,SELL,LIMIT,1701941067480,26,2.3451819
CAKEUSDT,SELL,LIMIT,1701941075129,532,2.3443427
CAKEUSDT,SELL,LIMIT,1701941076298,1000,2.3426781
CAKEUSDT,SELL,LIMIT,1701941085509,433,2.3424878
CAKEUSDT,SELL,LIMIT,1701941086527,100,2.3407939
CAKEUSDT,SELL,LIMIT,1701941093482,103,2.3405489
CAKEUSDT,SELL,LIMIT,1701941104400,199,2.3395985
CAKEUSDT,SELL,LIMIT,1701941110689,406,2.3361042
CAKEUSDT,SELL,LIMIT,1701941112355,1935,2.3357350
CAKEUSDT,SELL,LIMIT,1701941151201,46,2.3346822
CAKEUSDT,SELL,LIMIT,1701941154383,46,2.3339576
CAKEUSDT,SELL,LIMIT,1701941155992,87,2.3319180
CAKEUSDT,SELL,LIMIT,1701941167217,13,2.3295034
CAKEUSDT,SELL,LIMIT,1701941169042,203,2.3288117
CAKEUSDT,SELL,LIMIT,1701941170146,359,2.3281288
CAKEUSDT,SELL,LIMIT,1701941175268,3,2.3264653
CAKEUSDT,SELL,LIMIT,1701941179121,418,2.3251938
CAKEUSDT,SELL,LIMIT,1701941180425,115,2.3262448
CAKEUSDT,SELL,LIMIT,1701941181876,280,2.3244000
CAKEUSDT,SELL,LIMIT,1701941183787,413,2.3244308
CAKEUSDT,SELL,LIMIT,1701941186107,72,2.3237917
CAKEUSDT,SELL,LIMIT,1701941187679,1162,2.3237173
CAKEUSDT,SELL,LIMIT,1701941189280,2,2.3210900
CAKEUSDT,SELL,LIMIT,1701941192219,25,2.3209056
CAKEUSDT,SELL,LIMIT,1701941240506,4,2.3183342
CAKEUSDT,SELL,LIMIT,1701941243721,30,2.3171876
CAKEUSDT,SELL,LIMIT,1701941245691,1201,2.3157552
CAKEUSDT,SELL,LIMIT,1701941247114,267,2.3162594
CAKEUSDT,SELL,LIMIT,1701941744335,162,2.3585813
CAKEUSDT,BUY,LIMIT,1701952347653,688,2.4667401
CAKEUSDT,BUY,LIMIT,1701953976591,1,2.4456420
CAKEUSDT,SELL,LIMIT,1701964170663,38,2.3929625
CAKEUSDT,SELL,LIMIT,1701964723846,60,2.4252561
CAKEUSDT,BUY,LIMIT,1701967175498,110,2.4653039
CAKEUSDT,BUY,LIMIT,1701971576688,186,2.4601416
CAKEUSDT,SELL,LIMIT,1701977295887,816,2.3712127
CAKEUSDT,SELL,LIMIT,1701977344888,1647,2.3663789
CAKEUSDT,BUY,LIMIT,1701984778607,102,2.4909755
CAKEUSDT,SELL,LIMIT,1701990518373,539,2.4127006
CAKEUSDT,SELL,LIMIT,1701997718649,407,2.4120051
CAKEUSDT,BUY,LIMIT,1702008781354,64,2.5241480
CAKEUSDT,SELL,LIMIT,1702012262531,79,2.4353200
CAKEUSDT,SELL,LIMIT,1702022235374,65,2.4050900
CAKEUSDT,SELL,LIMIT,1702022339698,449,2.4014021
CAKEUSDT,SELL,LIMIT,1702031649017,59,2.4100574
CAKEUSDT,BUY,LIMIT,1702032477671,2032,2.5087235
CAKEUSDT,SELL,LIMIT,1702034058766,65,2.4369554
CAKEUSDT,BUY,LIMIT,1702034788057,5166,2.5226982
CAKEUSDT,SELL,LIMIT,1702040745329,156,2.4429971
CAKEUSDT,SELL,LIMIT,1702042240543,14,2.4342488
CAKEUSDT,SELL,LIMIT,1702043853289,2017,2.4297199
CAKEUSDT,SELL,LIMIT,1702044549782,1242,2.4214066
CAKEUSDT,BUY,LIMIT,1702047599257,298,2.5294099
CAKEUSDT,BUY,LIMIT,1702053445380,28,2.5440402
CAKEUSDT,SELL,LIMIT,1702055337507,67,2.4438460
CAKEUSDT,SELL,LIMIT,1702055379034,429,2.4434181
CAKEUSDT,SELL,LIMIT,1702056459195,500,2.4386990
CAKEUSDT,BUY,LIMIT,1702059890521,18,2.5453029
CAKEUSDT,BUY,LIMIT,1702064147196,39,2.5490593
CAKEUSDT,BUY,LIMIT,1702064468251,34,2.5577728
CAKEUSDT,SELL,LIMIT,1702070630617,462,2.5049776
CAKEUSDT,SELL,LIMIT,1702072100566,395,2.4789259
CAKEUSDT,BUY,LIMIT,1702080022650,136,2.5692413
CAKEUSDT,SELL,LIMIT,1702082910092,1975,2.5043515
CAKEUSDT,BUY,LIMIT,1702082952365,9,2.5809420
CAKEUSDT,SELL,LIMIT,1702086940948,96,2.5012162
CAKEUSDT,BUY,LIMIT,1702089067200,4,2.6035582
CAKEUSDT,BUY,LIMIT,1702091782160,1100,2.6253966
CAKEUSDT,BUY,LIMIT,1702092064552,84,2.6317189
CAKEUSDT,BUY,LIMIT,1702092100240,18,2.6352229
CAKEUSDT,SELL,LIMIT,1702107550502,109,2.5353771
CAKEUSDT,BUY,LIMIT,1702108821185,329,2.6126667
CAKEUSDT,BUY,LIMIT,1702109416423,8,2.6143223
CAKEUSDT,SELL,LIMIT,1702109979972,2,2.5384611
CAKEUSDT,SELL,LIMIT,1702110915179,25,2.5142131
CAKEUSDT,SELL,LIMIT,1702110916394,12,2.5117584
CAKEUSDT,SELL,LIMIT,1702110980837,330,2.5071512
CAKEUSDT,SELL,LIMIT,1702111043620,151,2.4913467
CAKEUSDT,SELL,LIMIT,1702111383273,19,2.4637107
CAKEUSDT,SELL,LIMIT,1702121139224,1031,2.4966792
CAKEUSDT,SELL,LIMIT,1702133002414,671,2.4729387
CAKEUSDT,SELL,LIMIT,1702133006565,624,2.4687677
CAKEUSDT,SELL,LIMIT,1702133008143,100,2.4684713
