Symbol,Side,Order Type,Time,Quantity,Price
CAKEUSDT,SELL,LIMIT,1701067750147,230,2.2512255
CAKEUSDT,SELL,LIMIT,1701067843251,2113,2.2511450
CAKEUSDT,SELL,LIMIT,1701068110240,642,2.2460701
CAKEUSDT,SELL,LIMIT,1701069638069,22,2.2348374
CAKEUSDT,SELL,LIMIT,1701069757811,1847,2.2352103
CAKEUSDT,SELL,LIMIT,1701069759843,526,2.2316782
CAKEUSDT,SELL,LIMIT,1701069797405,624,2.2290178
CAKEUSDT,SELL,LIMIT,1701069805505,16,2.2287286
CAKEUSDT,SELL,LIMIT,1701069830435,3209,2.2205552
CAKEUSDT,SELL,LIMIT,1701069833090,23,2.2269601
CAKEUSDT,SELL,LIMIT,1701069853604,71,2.2260088
CAKEUSDT,SELL,LIMIT,1701069855132,2047,2.2244142
CAKEUSDT,SELL,LIMIT,1701069859597,151,2.2222570
CAKEUSDT,SELL,LIMIT,1701069901125,1025,2.2200714
CAKEUSDT,SELL,LIMIT,1701069914524,132,2.2227062
CAKEUSDT,SELL,LIMIT,1701070168481,116,2.2377278
CAKEUSDT,SELL,LIMIT,1701070171481,65,2.2194499
CAKEUSDT,SELL,LIMIT,1701070173592,44,2.2183396
CAKEUSDT,SELL,LIMIT,1701081439930,91,2.2274001
CAKEUSDT,SELL,LIMIT,1701082151177,1404,2.2244674
CAKEUSDT,SELL,LIMIT,1701082692469,32,2.2167071
CAKEUSDT,SELL,LIMIT,1701083186481,289,2.2215386
CAKEUSDT,SELL,LIMIT,1701084661498,224,2.2155093
CAKEUSDT,SELL,LIMIT,1701084837000,321,2.2125201
CAKEUSDT,SELL,LIMIT,1701084931445,11,2.2102230
CAKEUSDT,BUY,LIMIT,1701085871168,12,2.3088903
CAKEUSDT,SELL,LIMIT,1701090562057,162,2.2251676
CAKEUSDT,SELL,LIMIT,1701093071271,3,2.2197466
CAKEUSDT,SELL,LIMIT,1701093118012,429,2.2201759
CAKEUSDT,SELL,LIMIT,1701094838730,24,2.2171050
CAKEUSDT,SELL,LIMIT,1701094964375,30,2.2161406
CAKEUSDT,SELL,LIMIT,1701095311310,49,2.2039522
CAKEUSDT,SELL,LIMIT,1701095394444,68,2.2030942
CAKEUSDT,SELL,LIMIT,1701095395502,6,2.1993003
CAKEUSDT,SELL,LIMIT,1701095396521,35,2.1956005
CAKEUSDT,SELL,LIMIT,1701095427824,212,2.1887789
CAKEUSDT,SELL,LIMIT,1701095554078,3449,2.1785527
CAKEUSDT,SELL,LIMIT,1701095571801,830,2.1824387
CAKEUSDT,SELL,LIMIT,1701095590921,210,2.1800115
CAKEUSDT,SELL,LIMIT,1701095598040,13,2.1772243
CAKEUSDT,SELL,LIMIT,1701095602312,1742,2.1767815
CAKEUSDT,SELL,LIMIT,1701095611362,208,2.1703956
CAKEUSDT,SELL,LIMIT,1701095612233,1664,2.1759485
CAKEUSDT,SELL,LIMIT,1701095613307,2398,2.1665089
CAKEUSDT,SELL,LIMIT,1701095614420,190,2.1663535
CAKEUSDT,SELL,LIMIT,1701095616350,20,2.1639231
CAKEUSDT,SELL,LIMIT,1701095617759,212,2.1631892
CAKEUSDT,SELL,LIMIT,1701096679162,32,2.1662380
CAKEUSDT,SELL,LIMIT,1701096774121,235,2.1629335
CAKEUSDT,SELL,LIMIT,1701096835514,641,2.1617796
CAKEUSDT,SELL,LIMIT,1701096864871,6,2.1610032
CAKEUSDT,SELL,LIMIT,1701097018146,65,2.1607257
CAKEUSDT,SELL,LIMIT,1701097022164,176,2.1605497
CAKEUSDT,SELL,LIMIT,1701097043462,15,2.1604135
CAKEUSDT,SELL,LIMIT,1701097092234,380,2.1596731
CAKEUSDT,SELL,LIMIT,1701097097077,260,2.1587504
CAKEUSDT,SELL,LIMIT,1701097101325,224,2.1561128
CAKEUSDT,SELL,LIMIT,1701097103228,1214,2.1557034
CAKEUSDT,SELL,LIMIT,1701097253076,37,2.1555251
CAKEUSDT,SELL,LIMIT,1701098153288,652,2.1564984
CAKEUSDT,SELL,LIMIT,1701098154458,120,2.1550231
CAKEUSDT,SELL,LIMIT,1701098160038,83,2.1539801
CAKEUSDT,SELL,LIMIT,1701099784474,535,2.1519719
CAKEUSDT,SELL,LIMIT,1701099787626,34,2.1512239
CAKEUSDT,SELL,LIMIT,1701099964289,18,2.1506250
CAKEUSDT,SELL,LIMIT,1701099984320,100,2.1484612
CAKEUSDT,SELL,LIMIT,1701100124066,10,2.1471487
CAKEUSDT,SELL,LIMIT,1701100130132,288,2.1463961
CAKEUSDT,SELL,LIMIT,1701100155313,837,2.1433941
CAKEUSDT,SELL,LIMIT,1701100158964,4,2.1425856
CAKEUSDT,SELL,LIMIT,1701100187332,638,2.1520860
CAKEUSDT,SELL,LIMIT,1701100518155,523,2.1401579
CAKEUSDT,SELL,LIMIT,1701100568323,3,2.1390815
CAKEUSDT,SELL,LIMIT,1701100574230,10,2.1381271
CAKEUSDT,SELL,LIMIT,1701100579066,2081,2.1378869
CAKEUSDT,SELL,LIMIT,1701100606047,416,2.1380062
CAKEUSDT,SELL,LIMIT,1701100640657,52,2.1362271
CAKEUSDT,SELL,LIMIT,1701100642445,92,2.1360033
CAKEUSDT,SELL,LIMIT,1701100644754,420,2.1354582
CAKEUSDT,SELL,LIMIT,1701100729159,241,2.1354991
CAKEUSDT,SELL,LIMIT,1701100904108,2,2.1313413
CAKEUSDT,SELL,LIMIT,1701100908517,102,2.1309880
CAKEUSDT,BUY,LIMIT,1701101278349,207,2.2060165
CAKEUSDT,SELL,LIMIT,1701104425515,160,2.2004873
CAKEUSDT,SELL,LIMIT,1701107781553,8,2.1623213
CAKEUSDT,SELL,LIMIT,1701110650072,2267,2.1571436
CAKEUSDT,SELL,LIMIT,1701111207145,727,2.1544317
CAKEUSDT,SELL,LIMIT,1701111581040,11,2.1470488
CAKEUSDT,SELL,LIMIT,1701112142330,5,2.1431579
CAKEUSDT,SELL,LIMIT,1701112313036,7,2.1438629
CAKEUSDT,SELL,LIMIT,1701114353187,207,2.1328011
CAKEUSDT,SELL,LIMIT,1701114357493,6,2.1319351
CAKEUSDT,SELL,LIMIT,1701114468793,70,2.1299503
CAKEUSDT,SELL,LIMIT,1701114471425,1143,2.1282688
CAKEUSDT,SELL,LIMIT,1701114472461,8,2.1280020
CAKEUSDT,SELL,LIMIT,1701114474500,162,2.1264558
CAKEUSDT,SELL,LIMIT,1701114476669,990,2.1254048
CAKEUSDT,BUY,LIMIT,1701114737113,255,2.2002419
CAKEUSDT,SELL,LIMIT,1701116552170,589,2.1327093
CAKEUSDT,SELL,LIMIT,1701116903415,1050,2.1208101
CAKEUSDT,SELL,LIMIT,1701116986267,558,2.1184497
CAKEUSDT,SELL,LIMIT,1701116989370,7,2.1180175
CAKEUSDT,SELL,LIMIT,1701116993084,837,2.1165998
CAKEUSDT,SELL,LIMIT,1701116994174,7,2.1143713
CAKEUSDT,SELL,LIMIT,1701117114079,9,2.1124781
CAKEUSDT,SELL,LIMIT,1701117207224,101,2.1108859
CAKEUSDT,SELL,LIMIT,1701123527315,16,2.1378765
CAKEUSDT,BUY,LIMIT,1701126648394,163,2.2231874
CAKEUSDT,BUY,LIMIT,1701126750665,348,2.2249110
CAKEUSDT,BUY,LIMIT,1701126916507,29,2.2280277
CAKEUSDT,SELL,LIMIT,1701137023246,1044,2.1351346
CAKEUSDT,SELL,LIMIT,1701137202435,408,2.1319860
CAKEUSDT,SELL,LIMIT,1701137356076,66,2.1286783
CAKEUSDT,BUY,LIMIT,1701138470783,14,2.2057902
CAKEUSDT,BUY,LIMIT,1701144741278,235,2.2280062
CAKEUSDT,SELL,LIMIT,1701147872085,263,2.1353341
CAKEUSDT,SELL,LIMIT,1701148206634,48,2.1257286
CAKEUSDT,SELL,LIMIT,1701148266675,1892,2.1247125
CAKEUSDT,SELL,LIMIT,1701148944006,30,2.1231248
CAKEUSDT,SELL,LIMIT,1701149759379,2295,2.1221436
CAKEUSDT,SELL,LIMIT,1701149771344,84,2.1202819
CAKEUSDT,SELL,LIMIT,1701149857189,28,2.1164434
CAKEUSDT,SELL,LIMIT,1701149880462,3,2.1157399
CAKEUSDT,SELL,LIMIT,1701151263534,545,2.1113952
CAKEUSDT,SELL,LIMIT,1701155578158,598,2.1237214
CAKEUSDT,SELL,LIMIT,1701155895062,100,2.1179492
CAKEUSDT,SELL,LIMIT,1701156538043,31,2.1071472
CAKEUSDT,SELL,LIMIT,1701156562385,87,2.1056322
CAKEUSDT,BUY,LIMIT,1701160300964,5,2.2024965
CAKEUSDT,BUY,LIMIT,1701170280016,257,2.2370826
CAKEUSDT,BUY,LIMIT,1701170554830,89,2.2425106
CAKEUSDT,BUY,LIMIT,1701186212460,17,2.3047608
CAKEUSDT,SELL,LIMIT,1701189803703,62,2.2328824
CAKEUSDT,BUY,LIMIT,1701189815225,81,2.3007586
CAKEUSDT,SELL,LIMIT,1701191194331,106,2.2308763
CAKEUSDT,SELL,LIMIT,1701191239195,352,2.2300782
CAKEUSDT,BUY,LIMIT,1701192031067,16,2.3068202
CAKEUSDT,SELL,LIMIT,1701197424764,1383,2.2123579
CAKEUSDT,SELL,LIMIT,1701197449945,120,2.2106559
CAKEUSDT,SELL,LIMIT,1701207853344,18,2.2097078
CAKEUSDT,SELL,LIMIT,1701226089076,312,2.1939000
CAKEUSDT,BUY,LIMIT,1701232422584,186,2.2947743
CAKEUSDT,SELL,LIMIT,1701236099362,317,2.2081412
CAKEUSDT,SELL,LIMIT,1701243884590,1026,2.2214647
CAKEUSDT,BUY,LIMIT,1701247953767,5,2.2873062
CAKEUSDT,BUY,LIMIT,1701248016846,25,2.2909564
CAKEUSDT,BUY,LIMIT,1701248241774,191,2.2907812
CAKEUSDT,SELL,LIMIT,1701251618609,112,2.2025586
CAKEUSDT,SELL,LIMIT,1701253377211,411,2.1957035
CAKEUSDT,SELL,LIMIT,1701253613587,4,2.1923738
CAKEUSDT,SELL,LIMIT,1701254402307,623,2.1868014
CAKEUSDT,SELL,LIMIT,1701254412002,60,2.1848531
CAKEUSDT,SELL,LIMIT,1701254417703,349,2.1821387
CAKEUSDT,SELL,LIMIT,1701254425614,44,2.1813939
CAKEUSDT,SELL,LIMIT,1701254685226,954,2.1766288
CAKEUSDT,BUY,LIMIT,1701263419588,44,2.2536045
CAKEUSDT,SELL,LIMIT,1701265492935,1327,2.1737959
CAKEUSDT,SELL,LIMIT,1701269146054,663,2.1685055
CAKEUSDT,SELL,LIMIT,1701269157616,1114,2.1669016
CAKEUSDT,SELL,LIMIT,1701269159291,18,2.1657519
CAKEUSDT,SELL,LIMIT,1701269311793,449,2.1618038
CAKEUSDT,SELL,LIMIT,1701270337230,2200,2.1594147
CAKEUSDT,SELL,LIMIT,1701270569494,22,2.1547861
CAKEUSDT,SELL,LIMIT,1701270571661,77,2.1541123
CAKEUSDT,SELL,LIMIT,1701270583737,91,2.1521939
CAKEUSDT,SELL,LIMIT,1701270920182,95,2.1484356
CAKEUSDT,BUY,LIMIT,1701279628008,16,2.2569747
CAKEUSDT,SELL,LIMIT,1701284960139,3,2.1821407
CAKEUSDT,SELL,LIMIT,1701290340655,93,2.1634085
CAKEUSDT,BUY,LIMIT,1701296530189,11,2.2483604
CAKEUSDT,BUY,LIMIT,1701302751721,23,2.2752036
CAKEUSDT,BUY,LIMIT,1701303173363,9,2.2939800
CAKEUSDT,SELL,LIMIT,1701330590136,183,2.2216231
CAKEUSDT,SELL,LIMIT,1701330596586,376,2.2211927
CAKEUSDT,SELL,LIMIT,1701330808241,81,2.2155462
CAKEUSDT,SELL,LIMIT,1701332593625,28,2.2096108
CAKEUSDT,SELL,LIMIT,1701333685424,61,2.2006438
CAKEUSDT,BUY,LIMIT,1701333988149,1405,2.2779861
CAKEUSDT,BUY,LIMIT,1701337947415,1019,2.3155298
CAKEUSDT,BUY,LIMIT,1701337949660,4,2.3176780
CAKEUSDT,BUY,LIMIT,1701337967843,171,2.3225929
CAKEUSDT,BUY,LIMIT,1701339377720,25,2.3264617
CAKEUSDT,SELL,LIMIT,1701342074348,109,2.2489710
CAKEUSDT,SELL,LIMIT,1701347788419,44,2.2443118
CAKEUSDT,SELL,LIMIT,1701349639201,3,2.2252296
CAKEUSDT,BUY,LIMIT,1701350512692,465,2.3017905
CAKEUSDT,SELL,LIMIT,1701356923306,1784,2.2360363
CAKEUSDT,SELL,LIMIT,1701357009218,9,2.2328712
CAKEUSDT,SELL,LIMIT,1701358770503,14,2.2329491
CAKEUSDT,SELL,LIMIT,1701364690444,46,2.2422922
CAKEUSDT,SELL,LIMIT,1701389792812,1347,2.2349803
CAKEUSDT,BUY,LIMIT,1701395446476,52,2.3373060
CAKEUSDT,BUY,LIMIT,1701395497214,115,2.3385860
CAKEUSDT,BUY,LIMIT,1701396175911,2168,2.3515124
CAKEUSDT,BUY,LIMIT,1701402770207,17,2.3646838
CAKEUSDT,BUY,LIMIT,1701404307300,1,2.3583730
CAKEUSDT,BUY,LIMIT,1701405515308,3,2.3659233
CAKEUSDT,SELL,LIMIT,1701419734789,3,2.2723274
CAKEUSDT,BUY,LIMIT,1701424821654,50,2.3618909
CAKEUSDT,BUY,LIMIT,1701440962229,220,2.3551921
CAKEUSDT,BUY,LIMIT,1701444132405,441,2.3767388
CAKEUSDT,SELL,LIMIT,1701445869817,69,2.2934680
CAKEUSDT,BUY,LIMIT,1701447197726,109,2.3601731
CAKEUSDT,BUY,LIMIT,1701447394258,1042,2.3641511
CAKEUSDT,BUY,LIMIT,1701449880111,222,2.3781697
CAKEUSDT,BUY,LIMIT,1701460603807,214,2.3768303
CAKEUSDT,SELL,LIMIT,1701470209703,415,2.2967799
CAKEUSDT,BUY,LIMIT,1701486001398,65,2.3662170
CAKEUSDT,BUY,LIMIT,1701486002546,4,2.3662167
CAKEUSDT,SELL,LIMIT,1701486004388,1,2.2963211
CAKEUSDT,BUY,LIMIT,1701486006745,146,2.3662911
CAKEUSDT,SELL,LIMIT,1701491852029,33,2.3122573
CAKEUSDT,SELL,LIMIT,1701505176048,39,2.2909813
