Symbol,Side,Order Type,Time,Quantity,Price
CELOUSDT,BUY,LIMIT,1701934138958,186.0,0.594
CELOUSDT,BUY,LIMIT,1701934289569,171.5,0.595
CELOUSDT,SELL,LIMIT,1701936930006,491.2,0.574
CELOUSDT,SELL,LIMIT,1701937390416,16.2,0.571
CELOUSDT,SELL,LIMIT,1701940029764,10.9,0.563
CELOUSDT,SELL,LIMIT,1701940556755,182.1,0.560
CELOUSDT,SELL,LIMIT,1701940560806,400.9,0.559
CELOUSDT,SELL,LIMIT,1701941050982,55.0,0.558
CELOUSDT,SELL,LIMIT,1701941071286,811.7,0.557
CELOUSDT,SELL,LIMIT,1701941187836,85.9,0.555
CELOUSDT,SELL,LIMIT,1701941193320,77.3,0.553
CELOUSDT,BUY,LIMIT,1701953976590,0.1,0.589
CELOUSDT,SELL,LIMIT,1701962172520,1796.7,0.576
CELOUSDT,SELL,LIMIT,1701964938987,287.0,0.583
CELOUSDT,BUY,LIMIT,1701965512979,302.4,0.604
CELOUSDT,BUY,LIMIT,1701965902262,124.3,0.607
CELOUSDT,BUY,LIMIT,1701966353237,5.2,0.609
CELOUSDT,BUY,LIMIT,1701967178394,1790.0,0.610
CELOUSDT,SELL,LIMIT,1701967638147,970.4,0.588
CELOUSDT,SELL,LIMIT,1701967642509,396.2,0.588
CELOUSDT,SELL,LIMIT,1701977321206,515.8,0.581
CELOUSDT,SELL,LIMIT,1701981584234,486.9,0.580
CELOUSDT,BUY,LIMIT,1701992549393,440.1,0.608
CELOUSDT,BUY,LIMIT,1701998623369,922.0,0.604
CELOUSDT,BUY,LIMIT,1702005816564,112.6,0.606
CELOUSDT,BUY,LIMIT,1702007154541,47.6,0.607
CELOUSDT,BUY,LIMIT,1702039757170,1700.6,0.617
CELOUSDT,SELL,LIMIT,1702040483546,17.7,0.598
CELOUSDT,SELL,LIMIT,1702040514047,819.6,0.598
CELOUSDT,BUY,LIMIT,1702047610587,568.3,0.620
CELOUSDT,BUY,LIMIT,1702047614120,23.6,0.623
CELOUSDT,BUY,LIMIT,1702047617099,2093.4,0.623
CELOUSDT,BUY,LIMIT,1702047618161,167.7,0.626
CELOUSDT,BUY,LIMIT,1702047619196,3750.3,0.629
CELOUSDT,BUY,LIMIT,1702047621215,90.0,0.630
CELOUSDT,BUY,LIMIT,1702047622612,46.4,0.632
CELOUSDT,BUY,LIMIT,1702047624878,10.2,0.636
CELOUSDT,BUY,LIMIT,1702047627133,192.8,0.640
CELOUSDT,BUY,LIMIT,1702047628384,84.4,0.651
CELOUSDT,BUY,LIMIT,1702047629389,17.4,0.646
CELOUSDT,BUY,LIMIT,1702047634103,858.7,0.655
CELOUSDT,BUY,LIMIT,1702047635137,0.1,0.663
CELOUSDT,BUY,LIMIT,1702047636593,180.1,0.667
CELOUSDT,BUY,LIMIT,1702047637780,8385.0,0.669
CELOUSDT,BUY,LIMIT,1702047639128,726.5,0.669
CELOUSDT,BUY,LIMIT,1702047640587,7411.5,0.672
CELOUSDT,SELL,LIMIT,1702047767191,179.4,0.624
CELOUSDT,SELL,LIMIT,1702047910340,877.1,0.615
CELOUSDT,SELL,LIMIT,1702047931365,1303.9,0.613
CELOUSDT,SELL,LIMIT,1702047953165,13.1,0.612
CELOUSDT,SELL,LIMIT,1702047986769,1185.6,0.610
CELOUSDT,SELL,LIMIT,1702051759876,805.1,0.609
CELOUSDT,BUY,LIMIT,1702053445379,115.4,0.625
CELOUSDT,SELL,LIMIT,1702055287218,546.3,0.602
CELOUSDT,SELL,LIMIT,1702056283401,80.5,0.600
CELOUSDT,SELL,LIMIT,1702058991043,5125.0,0.599
CELOUSDT,SELL,LIMIT,1702058992150,1198.0,0.599
CELOUSDT,SELL,LIMIT,1702059297087,201.4,0.598
CELOUSDT,SELL,LIMIT,1702059298494,31927.0,0.594
CELOUSDT,SELL,LIMIT,1702063749283,43.3,0.597
CELOUSDT,SELL,LIMIT,1702069555180,172.7,0.602
CELOUSDT,BUY,LIMIT,1702069749120,121.5,0.619
CELOUSDT,BUY,LIMIT,1702070774414,1597.3,0.622
CELOUSDT,SELL,LIMIT,1702073653595,166.1,0.605
CELOUSDT,SELL,LIMIT,1702079068388,352.4,0.610
CELOUSDT,SELL,LIMIT,1702080268085,3015.4,0.607
CELOUSDT,BUY,LIMIT,1702080687269,232.5,0.626
CELOUSDT,BUY,LIMIT,1702081491640,10.1,0.628
CELOUSDT,BUY,LIMIT,1702091195284,4326.9,0.630
CELOUSDT,BUY,LIMIT,1702103723270,46.4,0.639
CELOUSDT,BUY,LIMIT,1702107991122,141.3,0.640
CELOUSDT,BUY,LIMIT,1702108366209,85.0,0.640
CELOUSDT,BUY,LIMIT,1702109244834,292.0,0.643
CELOUSDT,BUY,LIMIT,1702109951101,3075.5,0.647
CELOUSDT,BUY,LIMIT,1702109953380,45.4,0.647
CELOUSDT,BUY,LIMIT,1702110089768,401.2,0.645
CELOUSDT,SELL,LIMIT,1702110877184,316.9,0.622
CELOUSDT,SELL,LIMIT,1702110878402,1563.2,0.622
CELOUSDT,SELL,LIMIT,1702110933439,1474.4,0.620
CELOUSDT,SELL,LIMIT,1702110975671,90.3,0.617
CELOUSDT,SELL,LIMIT,1702110984418,5301.6,0.615
CELOUSDT,SELL,LIMIT,1702111040450,787.4,0.611
CELOUSDT,SELL,LIMIT,1702111044583,1822.5,0.610
CELOUSDT,SELL,LIMIT,1702111206791,1418.7,0.610
CELOUSDT,SELL,LIMIT,1702111373140,5577.7,0.608
CELOUSDT,SELL,LIMIT,1702111379202,7143.2,0.608
CELOUSDT,SELL,LIMIT,1702111382589,1727.4,0.607
CELOUSDT,SELL,LIMIT,1702111386860,5839.2,0.607
CELOUSDT,SELL,LIMIT,1702114990590,19734.1,0.612
CELOUSDT,SELL,LIMIT,1702119875151,317.9,0.616
CELOUSDT,SELL,LIMIT,1702123431155,603.0,0.614
CELOUSDT,SELL,LIMIT,1702125847599,87.8,0.613
CELOUSDT,SELL,LIMIT,1702133003582,220.9,0.611
CELOUSDT,SELL,LIMIT,1702139275424,961.5,0.611
CELOUSDT,SELL,LIMIT,1702141656887,900.1,0.610
CELOUSDT,SELL,LIMIT,1702141757819,765.5,0.607
CELOUSDT,SELL,LIMIT,1702144996167,18.2,0.606
CELOUSDT,SELL,LIMIT,1702145011083,965.2,0.606
CELOUSDT,SELL,LIMIT,1702156345126,336.0,0.608
CELOUSDT,SELL,LIMIT,1702161327074,1433.0,0.611
CELOUSDT,SELL,LIMIT,1702164394738,123.4,0.604
CELOUSDT,SELL,LIMIT,1702164544498,299.2,0.601
CELOUSDT,SELL,LIMIT,1702164548581,134.4,0.601
CELOUSDT,SELL,LIMIT,1702164750325,483.4,0.600
CELOUSDT,SELL,LIMIT,1702164752902,79.2,0.599
CELOUSDT,SELL,LIMIT,1702164758766,161.8,0.599
CELOUSDT,SELL,LIMIT,1702164800571,4811.2,0.598
CELOUSDT,SELL,LIMIT,1702164801730,322.8,0.597
CELOUSDT,SELL,LIMIT,1702164803517,85.3,0.597
CELOUSDT,SELL,LIMIT,1702164806932,2920.7,0.597
CELOUSDT,SELL,LIMIT,1702164808554,195.6,0.596
CELOUSDT,SELL,LIMIT,1702164810274,1602.5,0.595
CELOUSDT,SELL,LIMIT,1702166242200,32.0,0.599
CELOUSDT,SELL,LIMIT,1702192882948,1702.8,0.612
CELOUSDT,SELL,LIMIT,1702193855281,1064.8,0.610
CELOUSDT,SELL,LIMIT,1702200645162,7842.7,0.607
CELOUSDT,SELL,LIMIT,1702201452028,360.3,0.603
CELOUSDT,SELL,LIMIT,1702201479006,15149.2,0.599
CELOUSDT,SELL,LIMIT,1702201490908,189.3,0.600
CELOUSDT,SELL,LIMIT,1702202160261,911.4,0.598
CELOUSDT,SELL,LIMIT,1702202267739,80.7,0.596
CELOUSDT,SELL,LIMIT,1702202290647,10000.0,0.594
CELOUSDT,SELL,LIMIT,1702202298160,11.9,0.595
CELOUSDT,SELL,LIMIT,1702202318310,280.1,0.595
CELOUSDT,SELL,LIMIT,1702202323568,10.7,0.595
CELOUSDT,SELL,LIMIT,1702202367855,6180.4,0.594
CELOUSDT,SELL,LIMIT,1702202380362,18.0,0.593
CELOUSDT,SELL,LIMIT,1702202393307,2612.8,0.592
CELOUSDT,SELL,LIMIT,1702228030852,82.1,0.598
CELOUSDT,SELL,LIMIT,1702229244283,82.5,0.594
CELOUSDT,SELL,LIMIT,1702241117786,32.5,0.605
CELOUSDT,SELL,LIMIT,1702241182471,0.5,0.604
CELOUSDT,SELL,LIMIT,1702256616267,25.5,0.592
CELOUSDT,SELL,LIMIT,1702256843867,3270.8,0.589
CELOUSDT,SELL,LIMIT,1702256913902,11152.5,0.586
CELOUSDT,SELL,LIMIT,1702256916253,222.0,0.586
CELOUSDT,SELL,LIMIT,1702257006092,40783.0,0.581
CELOUSDT,SELL,LIMIT,1702257008420,805.1,0.585
CELOUSDT,SELL,LIMIT,1702260435891,4869.5,0.586
CELOUSDT,SELL,LIMIT,1702260439231,3292.9,0.585
CELOUSDT,SELL,LIMIT,1702260440702,32.2,0.585
CELOUSDT,SELL,LIMIT,1702260442317,3664.4,0.584
CELOUSDT,SELL,LIMIT,1702260483613,96.3,0.584
CELOUSDT,SELL,LIMIT,1702260628481,3017.1,0.582
CELOUSDT,SELL,LIMIT,1702260630429,2471.9,0.581
CELOUSDT,SELL,LIMIT,1702260631703,230.0,0.580
CELOUSDT,SELL,LIMIT,1702260633325,4823.1,0.579
CELOUSDT,SELL,LIMIT,1702260635253,584.0,0.579
CELOUSDT,SELL,LIMIT,1702260636402,69.2,0.578
CELOUSDT,SELL,LIMIT,1702260697276,18.5,0.577
CELOUSDT,SELL,LIMIT,1702260701681,1110.3,0.576
CELOUSDT,SELL,LIMIT,1702260707136,1948.4,0.575
CELOUSDT,SELL,LIMIT,1702260710288,9.8,0.575
CELOUSDT,BUY,LIMIT,1702260711570,291.9,0.591
CELOUSDT,SELL,LIMIT,1702260712756,258.7,0.574
CELOUSDT,SELL,LIMIT,1702260714191,93.1,0.574
CELOUSDT,SELL,LIMIT,1702260715930,82.7,0.574
CELOUSDT,SELL,LIMIT,1702260717668,6504.9,0.578
CELOUSDT,SELL,LIMIT,1702260719275,2679.8,0.572
CELOUSDT,SELL,LIMIT,1702260722364,1481.4,0.572
CELOUSDT,SELL,LIMIT,1702260723672,1636.6,0.596
CELOUSDT,SELL,LIMIT,1702260725603,212.5,0.572
CELOUSDT,SELL,LIMIT,1702260726651,70.6,0.571
CELOUSDT,SELL,LIMIT,1702260728143,3359.2,0.571
CELOUSDT,SELL,LIMIT,1702260729214,57.4,0.570
CELOUSDT,SELL,LIMIT,1702260730601,3000.0,0.569
CELOUSDT,SELL,LIMIT,1702260731920,4196.8,0.569
CELOUSDT,SELL,LIMIT,1702260733270,2822.5,0.568
CELOUSDT,SELL,LIMIT,1702260736300,566.0,0.567
CELOUSDT,SELL,LIMIT,1702260737465,3258.5,0.567
CELOUSDT,SELL,LIMIT,1702260738577,292.5,0.567
CELOUSDT,SELL,LIMIT,1702260739952,8025.6,0.567
CELOUSDT,SELL,LIMIT,1702260741541,331.5,0.566
CELOUSDT,SELL,LIMIT,1702260742876,11352.5,0.564
CELOUSDT,SELL,LIMIT,1702260743889,208.1,0.566
CELOUSDT,SELL,LIMIT,1702260745047,3426.0,0.564
CELOUSDT,SELL,LIMIT,1702260746091,351.6,0.562
CELOUSDT,SELL,LIMIT,1702260747285,1528.3,0.561
CELOUSDT,SELL,LIMIT,1702260748502,330.3,0.560
CELOUSDT,SELL,LIMIT,1702260749847,2470.7,0.561
CELOUSDT,SELL,LIMIT,1702260751434,330.3,0.559
CELOUSDT,SELL,LIMIT,1702260752623,10104.4,0.558
CELOUSDT,SELL,LIMIT,1702260753680,342.8,0.557
CELOUSDT,SELL,LIMIT,1702260755516,97.5,0.557
CELOUSDT,SELL,LIMIT,1702260756668,800.0,0.556
CELOUSDT,SELL,LIMIT,1702260757678,893.2,0.555
CELOUSDT,SELL,LIMIT,1702260758938,1054.0,0.555
CELOUSDT,SELL,LIMIT,1702260759963,7373.5,0.554
CELOUSDT,SELL,LIMIT,1702260760965,16.3,0.553
CELOUSDT,SELL,LIMIT,1702260761982,9.6,0.552
CELOUSDT,SELL,LIMIT,1702260763022,535.4,0.552
CELOUSDT,SELL,LIMIT,1702260764109,65.4,0.550
CELOUSDT,SELL,LIMIT,1702260765305,528.1,0.550
CELOUSDT,SELL,LIMIT,1702260766528,214.4,0.547
CELOUSDT,SELL,LIMIT,1702260767643,130.5,0.547
CELOUSDT,SELL,LIMIT,1702260768660,16.3,0.545
CELOUSDT,SELL,LIMIT,1702260770298,1369.2,0.563
CELOUSDT,SELL,LIMIT,1702260771374,892.8,0.546
CELOUSDT,SELL,LIMIT,1702260772575,1320.4,0.545
CELOUSDT,SELL,LIMIT,1702260773610,562.9,0.544
CELOUSDT,SELL,LIMIT,1702260774614,168.4,0.543
CELOUSDT,SELL,LIMIT,1702260775624,2204.5,0.545
CELOUSDT,SELL,LIMIT,1702260776785,3336.5,0.541
CELOUSDT,SELL,LIMIT,1702260777903,1972.9,0.538
CELOUSDT,SELL,LIMIT,1702260779079,1079.6,0.538
CELOUSDT,SELL,LIMIT,1702260780226,725.8,0.537
CELOUSDT,SELL,LIMIT,1702260781231,5067.7,0.537
CELOUSDT,SELL,LIMIT,1702260782468,915.8,0.535
CELOUSDT,SELL,LIMIT,1702260783488,80.2,0.533
CELOUSDT,BUY,LIMIT,1702260784635,299.1,0.548
CELOUSDT,SELL,LIMIT,1702260785751,15659.2,0.531
CELOUSDT,SELL,LIMIT,1702260786888,802.5,0.531
CELOUSDT,SELL,LIMIT,1702260788311,909.7,0.530
CELOUSDT,SELL,LIMIT,1702260789331,12.7,0.530
CELOUSDT,SELL,LIMIT,1702260790375,100.3,0.528
CELOUSDT,SELL,LIMIT,1702260791737,12303.9,0.527
CELOUSDT,SELL,LIMIT,1702260792792,10885.4,0.527
CELOUSDT,SELL,LIMIT,1702260793807,1500.0,0.526
CELOUSDT,SELL,LIMIT,1702260795385,3100.0,0.526
CELOUSDT,SELL,LIMIT,1702260796600,96.0,0.526
CELOUSDT,SELL,LIMIT,1702260797777,680.6,0.526
CELOUSDT,SELL,LIMIT,1702260798871,242.8,0.526
CELOUSDT,SELL,LIMIT,1702260800765,16.3,0.524
CELOUSDT,SELL,LIMIT,1702260802215,500.0,0.527
CELOUSDT,SELL,LIMIT,1702260803477,7042.2,0.524
CELOUSDT,SELL,LIMIT,1702260804589,601.9,0.525
CELOUSDT,SELL,LIMIT,1702260805612,177.9,0.523
CELOUSDT,SELL,LIMIT,1702260806655,1.5,0.522
CELOUSDT,SELL,LIMIT,1702260807799,16.0,0.522
CELOUSDT,SELL,LIMIT,1702260809453,733.7,0.522
CELOUSDT,SELL,LIMIT,1702260810585,663.2,0.521
CELOUSDT,SELL,LIMIT,1702260811792,9.4,0.521
CELOUSDT,SELL,LIMIT,1702260813264,1706.9,0.519
CELOUSDT,SELL,LIMIT,1702260814627,1502.5,0.519
CELOUSDT,SELL,LIMIT,1702260818449,72.6,0.520
CELOUSDT,SELL,LIMIT,1702260823038,16.4,0.524
CELOUSDT,SELL,LIMIT,1702260834833,68.6,0.532
CELOUSDT,SELL,LIMIT,1702260980018,459.7,0.547
CELOUSDT,BUY,LIMIT,1702261748047,2861.2,0.573
CELOUSDT,SELL,LIMIT,1702262615563,228.2,0.549
CELOUSDT,BUY,LIMIT,1702265917178,13.0,0.581
CELOUSDT,BUY,LIMIT,1702266000873,2595.1,0.581
