Symbol,Side,Order Type,Time,Quantity,Price
CELOUSDT,SELL,LIMIT,1700991073083,100.0,0.540
CELOUSDT,SELL,LIMIT,1701000592293,16.3,0.539
CELOUSDT,SELL,LIMIT,1701001495065,127.8,0.538
CELOUSDT,SELL,LIMIT,1701008445141,9107.4,0.538
CELOUSDT,SELL,LIMIT,1701009111561,210.1,0.536
CELOUSDT,SELL,LIMIT,1701009248065,3372.5,0.536
CELOUSDT,SELL,LIMIT,1701013729088,918.1,0.534
CELOUSDT,SELL,LIMIT,1701013927936,1376.3,0.533
CELOUSDT,SELL,LIMIT,1701013967974,244.8,0.532
CELOUSDT,SELL,LIMIT,1701013981698,5253.5,0.532
CELOUSDT,SELL,LIMIT,1701013985099,487.5,0.532
CELOUSDT,SELL,LIMIT,1701014041788,462.1,0.531
CELOUSDT,SELL,LIMIT,1701015672153,282.7,0.530
CELOUSDT,SELL,LIMIT,1701015684130,272.0,0.529
CELOUSDT,SELL,LIMIT,1701015685149,1266.8,0.534
CELOUSDT,SELL,LIMIT,1701015762177,12.1,0.529
CELOUSDT,SELL,LIMIT,1701015783382,2518.2,0.528
CELOUSDT,SELL,LIMIT,1701015841343,902.5,0.527
CELOUSDT,SELL,LIMIT,1701015844518,54.4,0.527
CELOUSDT,SELL,LIMIT,1701015874081,208.3,0.527
CELOUSDT,SELL,LIMIT,1701016030649,10569.5,0.525
CELOUSDT,SELL,LIMIT,1701016034218,12836.1,0.523
CELOUSDT,SELL,LIMIT,1701016042293,45591.9,0.521
CELOUSDT,SELL,LIMIT,1701016043256,10.7,0.524
CELOUSDT,SELL,LIMIT,1701016044321,378.0,0.524
CELOUSDT,SELL,LIMIT,1701016045363,974.7,0.523
CELOUSDT,SELL,LIMIT,1701016046846,539.7,0.523
CELOUSDT,SELL,LIMIT,1701016048268,2767.7,0.522
CELOUSDT,SELL,LIMIT,1701016050390,21046.6,0.519
CELOUSDT,SELL,LIMIT,1701016055824,360.4,0.522
CELOUSDT,SELL,LIMIT,1701016100060,122.0,0.521
CELOUSDT,SELL,LIMIT,1701016101182,1400.5,0.519
CELOUSDT,SELL,LIMIT,1701016101962,8205.5,0.519
CELOUSDT,SELL,LIMIT,1701016103424,9.2,0.520
CELOUSDT,SELL,LIMIT,1701049552191,3381.4,0.525
CELOUSDT,SELL,LIMIT,1701049578261,102.0,0.524
CELOUSDT,SELL,LIMIT,1701054441269,4030.5,0.521
CELOUSDT,SELL,LIMIT,1701054472988,519.7,0.520
CELOUSDT,BUY,LIMIT,1701055038746,185.1,0.535
CELOUSDT,SELL,LIMIT,1701055062792,37.3,0.520
CELOUSDT,SELL,LIMIT,1701055080163,1526.6,0.519
CELOUSDT,SELL,LIMIT,1701055813504,3647.4,0.519
CELOUSDT,SELL,LIMIT,1701055941446,26.7,0.517
CELOUSDT,SELL,LIMIT,1701056034237,2089.5,0.515
CELOUSDT,SELL,LIMIT,1701056038055,441.9,0.515
CELOUSDT,SELL,LIMIT,1701056043348,90.5,0.514
CELOUSDT,SELL,LIMIT,1701056063512,183.8,0.514
CELOUSDT,SELL,LIMIT,1701056140208,1052.0,0.514
CELOUSDT,SELL,LIMIT,1701056142514,186.2,0.513
CELOUSDT,SELL,LIMIT,1701056157066,2144.8,0.513
CELOUSDT,SELL,LIMIT,1701056158143,916.6,0.513
CELOUSDT,SELL,LIMIT,1701056159245,2084.9,0.512
CELOUSDT,SELL,LIMIT,1701056160506,263.6,0.512
CELOUSDT,SELL,LIMIT,1701063687193,5856.2,0.516
