Symbol,Side,Order Type,Time,Quantity,Price
CELRUSDT,SELL,LIMIT,1701918734182,4404,0.01602
CELRUSDT,SELL,LIMIT,1701940475614,130000,0.01598
CELRUSDT,SELL,LIMIT,1701940568694,1365,0.01593
CELRUSDT,SELL,LIMIT,1701941015167,13021,0.01586
CELRUSDT,SELL,LIMIT,1701941025124,276882,0.01584
CELRUSDT,SELL,LIMIT,1701941148051,20702,0.01578
CELRUSDT,SELL,LIMIT,1701941149206,6927,0.01578
CELRUSDT,SELL,LIMIT,1701941159468,111311,0.01575
CELRUSDT,SELL,LIMIT,1701941160908,112524,0.01575
CELRUSDT,SELL,LIMIT,1701941172842,10568,0.01574
CELRUSDT,SELL,LIMIT,1701941176153,28789,0.01574
CELRUSDT,SELL,LIMIT,1701941190437,47353,0.01566
CELRUSDT,SELL,LIMIT,1701941241781,254056,0.01566
CELRUSDT,BUY,LIMIT,1701946079759,32645,0.01689
CELRUSDT,SELL,LIMIT,1701951324663,13991,0.01657
CELRUSDT,BUY,LIMIT,1701953976590,1,0.01689
CELRUSDT,SELL,LIMIT,1701954849760,1801,0.01620
CELRUSDT,BUY,LIMIT,1701962686690,1,0.01706
CELRUSDT,BUY,LIMIT,1701963020417,32814,0.01718
CELRUSDT,BUY,LIMIT,1701963609586,578,0.01722
CELRUSDT,BUY,LIMIT,1701965005150,3147,0.01738
CELRUSDT,BUY,LIMIT,1701965006343,11302,0.01739
CELRUSDT,BUY,LIMIT,1701965085370,2736,0.01755
CELRUSDT,BUY,LIMIT,1701965504978,4469,0.01758
CELRUSDT,BUY,LIMIT,1701965748636,70126,0.01772
CELRUSDT,BUY,LIMIT,1701965760712,4790,0.01775
CELRUSDT,BUY,LIMIT,1701965866319,41086,0.01779
CELRUSDT,BUY,LIMIT,1701965876429,27396,0.01779
CELRUSDT,BUY,LIMIT,1701966045252,16893,0.01781
CELRUSDT,BUY,LIMIT,1701966064162,16616,0.01786
CELRUSDT,BUY,LIMIT,1701966086521,3045,0.01790
CELRUSDT,BUY,LIMIT,1701966176558,32280,0.01798
CELRUSDT,BUY,LIMIT,1701966179700,144195,0.01800
CELRUSDT,BUY,LIMIT,1701970083656,144397,0.01794
CELRUSDT,BUY,LIMIT,1701970689529,1081,0.01820
CELRUSDT,BUY,LIMIT,1701972097053,412,0.01822
CELRUSDT,BUY,LIMIT,1701972115392,10000,0.01833
CELRUSDT,BUY,LIMIT,1701972116488,2848,0.01837
CELRUSDT,BUY,LIMIT,1701972600518,755,0.01840
CELRUSDT,BUY,LIMIT,1701972695249,11869,0.01852
CELRUSDT,BUY,LIMIT,1701972696383,3112,0.01853
CELRUSDT,SELL,LIMIT,1701974162264,3964,0.01729
CELRUSDT,SELL,LIMIT,1701974746714,1673,0.01720
CELRUSDT,SELL,LIMIT,1701988372248,437,0.01711
CELRUSDT,SELL,LIMIT,1702006586374,3111,0.01736
CELRUSDT,BUY,LIMIT,1702007154540,1653,0.01801
CELRUSDT,SELL,LIMIT,1702020666078,137159,0.01700
CELRUSDT,SELL,LIMIT,1702042246364,15085,0.01713
CELRUSDT,BUY,LIMIT,1702048107310,5753,0.01794
CELRUSDT,BUY,LIMIT,1702052530227,4182,0.01802
CELRUSDT,BUY,LIMIT,1702068580876,251,0.01836
CELRUSDT,BUY,LIMIT,1702070916632,2189,0.01834
CELRUSDT,BUY,LIMIT,1702071195583,5066,0.01843
CELRUSDT,BUY,LIMIT,1702077402046,136735,0.01866
CELRUSDT,BUY,LIMIT,1702077774163,14981,0.01883
CELRUSDT,BUY,LIMIT,1702080687269,6571,0.01891
CELRUSDT,BUY,LIMIT,1702093844668,802,0.01880
CELRUSDT,BUY,LIMIT,1702098193393,1954,0.01910
CELRUSDT,BUY,LIMIT,1702098194665,14177,0.01911
CELRUSDT,BUY,LIMIT,1702098264234,33102,0.01914
CELRUSDT,BUY,LIMIT,1702098332207,1000,0.01915
CELRUSDT,BUY,LIMIT,1702098694522,1148,0.01917
CELRUSDT,BUY,LIMIT,1702098795533,12853,0.01922
CELRUSDT,BUY,LIMIT,1702098806634,1772,0.01927
CELRUSDT,BUY,LIMIT,1702100938236,11741,0.01932
CELRUSDT,BUY,LIMIT,1702103290286,5889,0.01925
CELRUSDT,BUY,LIMIT,1702105352106,546,0.01957
CELRUSDT,BUY,LIMIT,1702105354935,6197,0.01958
CELRUSDT,BUY,LIMIT,1702107978163,1564,0.01945
CELRUSDT,BUY,LIMIT,1702109244833,6538,0.01964
CELRUSDT,BUY,LIMIT,1702109514107,2795,0.01968
CELRUSDT,BUY,LIMIT,1702109530211,8942,0.01972
CELRUSDT,BUY,LIMIT,1702109532632,3062,0.01977
CELRUSDT,BUY,LIMIT,1702109565088,14403,0.01979
CELRUSDT,BUY,LIMIT,1702109576436,333,0.01980
CELRUSDT,BUY,LIMIT,1702109655646,3406,0.01985
CELRUSDT,BUY,LIMIT,1702109741906,3450,0.01980
CELRUSDT,BUY,LIMIT,1702110111702,451,0.01989
CELRUSDT,SELL,LIMIT,1702111025141,12820,0.01853
CELRUSDT,SELL,LIMIT,1702111386281,25819,0.01830
CELRUSDT,SELL,LIMIT,1702111389601,15794,0.01827
CELRUSDT,BUY,LIMIT,1702126724207,50397,0.01984
CELRUSDT,SELL,LIMIT,1702133004695,89670,0.01839
CELRUSDT,SELL,LIMIT,1702133008429,5173,0.01838
CELRUSDT,SELL,LIMIT,1702133009526,45529,0.01836
CELRUSDT,SELL,LIMIT,1702141610668,10063,0.01851
CELRUSDT,SELL,LIMIT,1702141852272,260824,0.01840
CELRUSDT,BUY,LIMIT,1702162431143,1246,0.01904
CELRUSDT,SELL,LIMIT,1702162568921,1272,0.01824
CELRUSDT,SELL,LIMIT,1702164442105,135007,0.01820
CELRUSDT,SELL,LIMIT,1702164542013,20472,0.01816
CELRUSDT,SELL,LIMIT,1702164586733,72730,0.01810
CELRUSDT,SELL,LIMIT,1702164747809,180679,0.01809
CELRUSDT,SELL,LIMIT,1702164752207,6988,0.01807
CELRUSDT,SELL,LIMIT,1702164799427,2142,0.01803
CELRUSDT,SELL,LIMIT,1702164801551,7617,0.01801
CELRUSDT,SELL,LIMIT,1702164808243,284,0.01797
CELRUSDT,SELL,LIMIT,1702164809480,1597,0.01796
CELRUSDT,SELL,LIMIT,1702164812008,638637,0.01787
CELRUSDT,SELL,LIMIT,1702196656013,111442,0.01841
CELRUSDT,SELL,LIMIT,1702196807635,1310,0.01837
CELRUSDT,SELL,LIMIT,1702202267739,2707,0.01814
CELRUSDT,SELL,LIMIT,1702202378024,5768,0.01805
CELRUSDT,SELL,LIMIT,1702202387299,10774,0.01803
CELRUSDT,BUY,LIMIT,1702210609458,56939,0.01917
CELRUSDT,BUY,LIMIT,1702210734120,2533,0.01931
CELRUSDT,BUY,LIMIT,1702210911395,72715,0.01937
CELRUSDT,BUY,LIMIT,1702212688370,13305,0.01948
CELRUSDT,BUY,LIMIT,1702213978329,1075,0.01955
CELRUSDT,BUY,LIMIT,1702214575473,71045,0.01957
CELRUSDT,BUY,LIMIT,1702217905399,278,0.01981
CELRUSDT,BUY,LIMIT,1702217932381,40282,0.01987
CELRUSDT,BUY,LIMIT,1702229624068,37556,0.01997
CELRUSDT,BUY,LIMIT,1702232179817,2315,0.01999
CELRUSDT,BUY,LIMIT,1702232524260,12685,0.02009
CELRUSDT,BUY,LIMIT,1702232860762,1068,0.02017
CELRUSDT,BUY,LIMIT,1702234370883,7067,0.02033
CELRUSDT,BUY,LIMIT,1702239319470,251798,0.02007
CELRUSDT,BUY,LIMIT,1702240739083,1974,0.02030
CELRUSDT,BUY,LIMIT,1702240762134,8058,0.02036
CELRUSDT,BUY,LIMIT,1702240937536,1140,0.02042
CELRUSDT,BUY,LIMIT,1702241253511,65947,0.02053
CELRUSDT,BUY,LIMIT,1702241294190,501,0.02055
CELRUSDT,BUY,LIMIT,1702241347033,60238,0.02056
CELRUSDT,BUY,LIMIT,1702241349404,213069,0.02058
CELRUSDT,BUY,LIMIT,1702248146079,15657,0.02073
CELRUSDT,BUY,LIMIT,1702248148702,882,0.02073
CELRUSDT,BUY,LIMIT,1702248284979,268817,0.02077
CELRUSDT,BUY,LIMIT,1702248293673,5162,0.02079
CELRUSDT,BUY,LIMIT,1702249277388,5012,0.02088
CELRUSDT,BUY,LIMIT,1702249351406,4314,0.02095
CELRUSDT,BUY,LIMIT,1702249374360,67684,0.02095
CELRUSDT,BUY,LIMIT,1702249394178,489,0.02099
CELRUSDT,SELL,LIMIT,1702256620302,4952,0.01955
CELRUSDT,SELL,LIMIT,1702256721846,6476,0.01952
CELRUSDT,SELL,LIMIT,1702256724974,905,0.01950
CELRUSDT,SELL,LIMIT,1702256916209,92753,0.01942
CELRUSDT,SELL,LIMIT,1702260439933,1247,0.01938
CELRUSDT,SELL,LIMIT,1702260620397,622,0.01929
CELRUSDT,SELL,LIMIT,1702260629154,14749,0.01924
CELRUSDT,SELL,LIMIT,1702260636659,4293,0.01921
CELRUSDT,SELL,LIMIT,1702260666200,91583,0.01917
CELRUSDT,SELL,LIMIT,1702260667825,2481,0.01916
CELRUSDT,SELL,LIMIT,1702260698301,4138,0.01910
CELRUSDT,SELL,LIMIT,1702260700447,987,0.01907
CELRUSDT,SELL,LIMIT,1702260709479,31800,0.01905
CELRUSDT,BUY,LIMIT,1702260711570,3547,0.01979
CELRUSDT,SELL,LIMIT,1702260714851,14651,0.01906
CELRUSDT,SELL,LIMIT,1702260716806,383,0.01892
CELRUSDT,SELL,LIMIT,1702260717976,161727,0.01892
CELRUSDT,SELL,LIMIT,1702260720531,14177,0.01889
CELRUSDT,SELL,LIMIT,1702260722534,10000,0.01885
CELRUSDT,SELL,LIMIT,1702260731596,103570,0.01890
CELRUSDT,SELL,LIMIT,1702260732739,144926,0.01878
CELRUSDT,SELL,LIMIT,1702260735827,2890,0.01872
CELRUSDT,SELL,LIMIT,1702260737630,258,0.01874
CELRUSDT,SELL,LIMIT,1702260741717,31863,0.01870
CELRUSDT,SELL,LIMIT,1702260742972,65720,0.01870
CELRUSDT,SELL,LIMIT,1702260745704,1000,0.02742
CELRUSDT,SELL,LIMIT,1702260747703,4995,0.01868
CELRUSDT,SELL,LIMIT,1702260749496,718,0.01868
CELRUSDT,SELL,LIMIT,1702260752369,12370,0.01867
CELRUSDT,BUY,LIMIT,1702260759781,2544,0.01941
CELRUSDT,SELL,LIMIT,1702260762690,465,0.01864
CELRUSDT,SELL,LIMIT,1702260764956,549,0.01863
CELRUSDT,SELL,LIMIT,1702260766587,2273,0.01860
CELRUSDT,SELL,LIMIT,1702260768032,24476,0.01853
CELRUSDT,SELL,LIMIT,1702260770579,24680,0.01841
CELRUSDT,SELL,LIMIT,1702260772497,132430,0.01830
CELRUSDT,SELL,LIMIT,1702260773571,243429,0.01831
CELRUSDT,SELL,LIMIT,1702260774803,11112,0.01828
CELRUSDT,SELL,LIMIT,1702260775875,19090,0.01826
CELRUSDT,SELL,LIMIT,1702260777465,116838,0.01821
CELRUSDT,SELL,LIMIT,1702260778466,41933,0.01823
CELRUSDT,BUY,LIMIT,1702260779482,2335,0.01888
CELRUSDT,SELL,LIMIT,1702260780529,2485,0.01814
CELRUSDT,SELL,LIMIT,1702260782627,129260,0.01804
CELRUSDT,SELL,LIMIT,1702260783650,9941,0.01811
CELRUSDT,SELL,LIMIT,1702260785203,30561,0.01807
CELRUSDT,SELL,LIMIT,1702260786243,15521,0.01807
CELRUSDT,SELL,LIMIT,1702260787526,1108,0.01800
CELRUSDT,SELL,LIMIT,1702260788842,499,0.01802
CELRUSDT,SELL,LIMIT,1702260790252,50000,0.01798
CELRUSDT,SELL,LIMIT,1702260791476,39986,0.01790
CELRUSDT,SELL,LIMIT,1702260792555,42482,0.01774
CELRUSDT,SELL,LIMIT,1702260793709,1025,0.01769
CELRUSDT,SELL,LIMIT,1702260794823,25393,0.01774
CELRUSDT,SELL,LIMIT,1702260796379,3516,0.01762
CELRUSDT,SELL,LIMIT,1702260797535,76258,0.01760
CELRUSDT,SELL,LIMIT,1702260798871,1543,0.01763
CELRUSDT,SELL,LIMIT,1702260800221,2754,0.01759
CELRUSDT,SELL,LIMIT,1702260801638,5265,0.01743
CELRUSDT,SELL,LIMIT,1702260802807,2553,0.01744
CELRUSDT,SELL,LIMIT,1702260803981,9312,0.01734
CELRUSDT,SELL,LIMIT,1702260805163,8412,0.01731
CELRUSDT,SELL,LIMIT,1702260806174,67476,0.01725
CELRUSDT,SELL,LIMIT,1702260807280,35000,0.01736
CELRUSDT,SELL,LIMIT,1702260808470,51386,0.01722
CELRUSDT,SELL,LIMIT,1702260810166,19021,0.01706
CELRUSDT,SELL,LIMIT,1702260811300,3006,0.01708
CELRUSDT,SELL,LIMIT,1702260812570,1055,0.01701
CELRUSDT,BUY,LIMIT,1702260814159,1730,0.01764
CELRUSDT,SELL,LIMIT,1702260816189,20433,0.01694
CELRUSDT,SELL,LIMIT,1702260817996,4722,0.01712
CELRUSDT,SELL,LIMIT,1702262873708,2846,0.01802
