Symbol,Side,Order Type,Time,Quantity,Price
CFXUSDT,BUY,LIMIT,1701917349848,1921,0.1975352
CFXUSDT,BUY,LIMIT,1701917375549,227,0.1979597
CFXUSDT,BUY,LIMIT,1701917389307,1084,0.1980888
CFXUSDT,BUY,LIMIT,1701927310276,372,0.2004929
CFXUSDT,BUY,LIMIT,1701927311330,2882,0.2005194
CFXUSDT,BUY,LIMIT,1701927320240,1026,0.2005879
CFXUSDT,SELL,LIMIT,1701931807959,281,0.1929540
CFXUSDT,SELL,LIMIT,1701932494291,240,0.1925139
CFXUSDT,BUY,LIMIT,1701932640515,522,0.1956940
CFXUSDT,BUY,LIMIT,1701935094937,9468,0.1992553
CFXUSDT,BUY,LIMIT,1701937562048,1071,0.2016596
CFXUSDT,BUY,LIMIT,1701937591278,16374,0.2020331
CFXUSDT,BUY,LIMIT,1701937592810,2503,0.2027942
CFXUSDT,BUY,LIMIT,1701937639959,50,0.2031526
CFXUSDT,BUY,LIMIT,1701937643272,8634,0.2032552
CFXUSDT,BUY,LIMIT,1701937650739,34,0.2035521
CFXUSDT,BUY,LIMIT,1701937652203,9116,0.2035636
CFXUSDT,BUY,LIMIT,1701938174362,12,0.2046561
CFXUSDT,SELL,LIMIT,1701938866387,3091,0.1980581
CFXUSDT,SELL,LIMIT,1701939361895,5979,0.1967303
CFXUSDT,SELL,LIMIT,1701939365409,7712,0.1977637
CFXUSDT,SELL,LIMIT,1701939474374,236,0.1957436
CFXUSDT,SELL,LIMIT,1701939681093,135,0.1943562
CFXUSDT,SELL,LIMIT,1701939932654,552,0.1935385
CFXUSDT,SELL,LIMIT,1701939957164,316,0.1933800
CFXUSDT,SELL,LIMIT,1701940014400,5854,0.1928845
CFXUSDT,SELL,LIMIT,1701940016786,1526,0.1925659
CFXUSDT,SELL,LIMIT,1701940328587,3106,0.1922938
CFXUSDT,SELL,LIMIT,1701940408290,2500,0.1921439
CFXUSDT,SELL,LIMIT,1701940414539,2000,0.1921646
CFXUSDT,SELL,LIMIT,1701940416920,8812,0.1920864
CFXUSDT,SELL,LIMIT,1701940426636,5308,0.1916351
CFXUSDT,SELL,LIMIT,1701940428262,111,0.1915331
CFXUSDT,SELL,LIMIT,1701940429345,4080,0.1911954
CFXUSDT,SELL,LIMIT,1701940451564,595,0.1912532
CFXUSDT,SELL,LIMIT,1701940461345,1368,0.1909903
CFXUSDT,SELL,LIMIT,1701940469196,17885,0.1907109
CFXUSDT,SELL,LIMIT,1701940472937,11386,0.1906490
CFXUSDT,SELL,LIMIT,1701940474820,584,0.1905913
CFXUSDT,SELL,LIMIT,1701940524628,221,0.1906284
CFXUSDT,SELL,LIMIT,1701940535804,328,0.1902781
CFXUSDT,SELL,LIMIT,1701940539022,554,0.1901244
CFXUSDT,SELL,LIMIT,1701940554273,505,0.1903771
CFXUSDT,SELL,LIMIT,1701940565257,5203,0.1898666
CFXUSDT,SELL,LIMIT,1701940566397,834,0.1897414
CFXUSDT,SELL,LIMIT,1701941050316,12896,0.1898459
CFXUSDT,SELL,LIMIT,1701941057499,747,0.1896841
CFXUSDT,SELL,LIMIT,1701941068478,4464,0.1895308
CFXUSDT,SELL,LIMIT,1701941074413,242,0.1892881
CFXUSDT,SELL,LIMIT,1701941152112,5542,0.1893655
CFXUSDT,SELL,LIMIT,1701941156408,40157,0.1888043
CFXUSDT,SELL,LIMIT,1701941158074,3816,0.1890733
CFXUSDT,SELL,LIMIT,1701941159892,2916,0.1889212
CFXUSDT,SELL,LIMIT,1701941179368,2564,0.1887538
CFXUSDT,SELL,LIMIT,1701941181079,25960,0.1887804
CFXUSDT,SELL,LIMIT,1701941182496,7059,0.1887440
CFXUSDT,SELL,LIMIT,1701941183680,1000,0.1887130
CFXUSDT,SELL,LIMIT,1701941186627,10251,0.1886906
CFXUSDT,SELL,LIMIT,1701941187759,764,0.1886259
CFXUSDT,SELL,LIMIT,1701941189106,5738,0.1885492
CFXUSDT,SELL,LIMIT,1701941238477,11739,0.1896225
CFXUSDT,SELL,LIMIT,1701941240195,264,0.1883971
CFXUSDT,SELL,LIMIT,1701941243868,5154,0.1882252
CFXUSDT,SELL,LIMIT,1701941245631,2044,0.1882223
CFXUSDT,SELL,LIMIT,1701941247264,285,0.1878784
CFXUSDT,SELL,LIMIT,1701941255205,840,0.1875978
CFXUSDT,SELL,LIMIT,1701941256322,2016,0.1872668
CFXUSDT,SELL,LIMIT,1701941271056,10152,0.1872348
CFXUSDT,SELL,LIMIT,1701941272100,268,0.1866762
CFXUSDT,BUY,LIMIT,1701941743424,2106,0.1947141
CFXUSDT,BUY,LIMIT,1701943292347,1939,0.1974925
CFXUSDT,SELL,LIMIT,1701943597344,2593,0.1905106
CFXUSDT,SELL,LIMIT,1701943605891,12529,0.1904534
CFXUSDT,SELL,LIMIT,1701943632971,2902,0.1901615
CFXUSDT,SELL,LIMIT,1701946117159,11868,0.1899236
CFXUSDT,SELL,LIMIT,1701946427187,805,0.1889420
CFXUSDT,SELL,LIMIT,1701946437432,9791,0.1887837
CFXUSDT,SELL,LIMIT,1701946442008,2940,0.1887425
CFXUSDT,SELL,LIMIT,1701948957792,2389,0.1910516
CFXUSDT,SELL,LIMIT,1701949300276,20000,0.1905556
CFXUSDT,SELL,LIMIT,1701949307299,5802,0.1904863
CFXUSDT,BUY,LIMIT,1701951073263,1949,0.1972955
CFXUSDT,BUY,LIMIT,1701951101109,1118,0.1979869
CFXUSDT,BUY,LIMIT,1701951109396,54224,0.1987749
CFXUSDT,BUY,LIMIT,1701952269202,4755,0.1995916
CFXUSDT,BUY,LIMIT,1701953366012,8651,0.1989287
CFXUSDT,SELL,LIMIT,1701956056576,1036,0.1947507
CFXUSDT,BUY,LIMIT,1701958026479,1778,0.1991304
CFXUSDT,SELL,LIMIT,1701958718790,10157,0.1927720
CFXUSDT,SELL,LIMIT,1701958747107,4829,0.1924684
CFXUSDT,BUY,LIMIT,1701961431563,5022,0.1964247
CFXUSDT,SELL,LIMIT,1701961898623,1454,0.1911391
CFXUSDT,BUY,LIMIT,1701962239379,25115,0.1959317
CFXUSDT,BUY,LIMIT,1701962771700,13161,0.1969427
CFXUSDT,BUY,LIMIT,1701962776006,1568,0.1969491
CFXUSDT,BUY,LIMIT,1701962817815,1048,0.1970693
CFXUSDT,BUY,LIMIT,1701963024988,169,0.1979869
CFXUSDT,BUY,LIMIT,1701963102575,20784,0.1984465
CFXUSDT,BUY,LIMIT,1701963299282,10373,0.1997200
CFXUSDT,SELL,LIMIT,1701964857222,401,0.1945204
CFXUSDT,BUY,LIMIT,1701965581069,1763,0.2023791
CFXUSDT,SELL,LIMIT,1701966617495,147,0.1962202
CFXUSDT,BUY,LIMIT,1701966850166,29729,0.1996295
CFXUSDT,SELL,LIMIT,1701966920368,50,0.1953064
CFXUSDT,BUY,LIMIT,1701968119931,35,0.2008789
CFXUSDT,BUY,LIMIT,1701970419568,1858,0.2039636
CFXUSDT,BUY,LIMIT,1701970420593,3668,0.2039838
CFXUSDT,SELL,LIMIT,1701970930869,3027,0.1981094
CFXUSDT,SELL,LIMIT,1701970991652,802,0.1975741
CFXUSDT,SELL,LIMIT,1701971000300,71,0.1972755
CFXUSDT,SELL,LIMIT,1701971650766,1129,0.1982652
CFXUSDT,BUY,LIMIT,1701971753362,3746,0.2024916
CFXUSDT,SELL,LIMIT,1701974097352,25,0.1960401
CFXUSDT,BUY,LIMIT,1701976096963,964,0.2019629
CFXUSDT,SELL,LIMIT,1701977272535,1305,0.1951132
CFXUSDT,SELL,LIMIT,1701977274248,609,0.1950135
CFXUSDT,SELL,LIMIT,1701977297286,3803,0.1947344
CFXUSDT,SELL,LIMIT,1701977298524,14566,0.1946165
CFXUSDT,SELL,LIMIT,1701977350102,7284,0.1945689
CFXUSDT,BUY,LIMIT,1701978707556,251,0.2009642
CFXUSDT,BUY,LIMIT,1701978749124,69,0.2014532
CFXUSDT,BUY,LIMIT,1701983465508,633,0.2026341
CFXUSDT,BUY,LIMIT,1701983872645,4922,0.2028810
CFXUSDT,BUY,LIMIT,1701983892369,1028,0.2031878
CFXUSDT,BUY,LIMIT,1701984343921,85359,0.2047559
CFXUSDT,BUY,LIMIT,1701984541770,3230,0.2042420
CFXUSDT,SELL,LIMIT,1701984771856,8,0.2004414
CFXUSDT,BUY,LIMIT,1701986578159,821,0.2049544
CFXUSDT,BUY,LIMIT,1701986610441,6304,0.2050362
CFXUSDT,BUY,LIMIT,1701986973781,528,0.2052233
CFXUSDT,SELL,LIMIT,1701988342702,12588,0.1986474
CFXUSDT,BUY,LIMIT,1701988427362,25380,0.2023266
CFXUSDT,SELL,LIMIT,1701988482222,1151,0.1979615
CFXUSDT,SELL,LIMIT,1701988521003,12571,0.1976211
CFXUSDT,SELL,LIMIT,1701991442473,128,0.2010722
CFXUSDT,BUY,LIMIT,1701995218283,1519,0.2048280
CFXUSDT,BUY,LIMIT,1701995331388,1421,0.2054668
CFXUSDT,SELL,LIMIT,1701996058057,22071,0.1986046
CFXUSDT,SELL,LIMIT,1701996767346,198,0.1974416
CFXUSDT,SELL,LIMIT,1701997082917,1608,0.1971064
CFXUSDT,SELL,LIMIT,1701997265843,1802,0.1975051
CFXUSDT,SELL,LIMIT,1701997428250,32,0.1967140
CFXUSDT,SELL,LIMIT,1701997478888,2,0.1965784
CFXUSDT,SELL,LIMIT,1701997524271,16539,0.1964021
CFXUSDT,SELL,LIMIT,1701997527074,763,0.1963245
CFXUSDT,SELL,LIMIT,1701997532060,2361,0.1962797
CFXUSDT,SELL,LIMIT,1701997555894,9593,0.1962218
CFXUSDT,SELL,LIMIT,1701997583215,84,0.1960497
CFXUSDT,SELL,LIMIT,1701997618118,36,0.1960304
CFXUSDT,SELL,LIMIT,1701997747367,1565,0.1954054
CFXUSDT,SELL,LIMIT,1701997775424,6940,0.1952339
CFXUSDT,SELL,LIMIT,1701997831529,1532,0.1950860
CFXUSDT,SELL,LIMIT,1702002206302,103,0.1954546
CFXUSDT,SELL,LIMIT,1702002255864,1023,0.1958268
CFXUSDT,BUY,LIMIT,1702005548212,2736,0.2017164
CFXUSDT,SELL,LIMIT,1702006329341,7503,0.1984796
CFXUSDT,SELL,LIMIT,1702006467055,1171,0.1983276
CFXUSDT,SELL,LIMIT,1702010327917,30,0.1968121
CFXUSDT,SELL,LIMIT,1702010358044,1862,0.1963929
CFXUSDT,SELL,LIMIT,1702011832430,2224,0.1960396
CFXUSDT,SELL,LIMIT,1702016215698,34,0.1984262
CFXUSDT,SELL,LIMIT,1702020109290,1292,0.1944718
CFXUSDT,SELL,LIMIT,1702020207146,27,0.1937264
CFXUSDT,SELL,LIMIT,1702020222462,646,0.1950718
CFXUSDT,SELL,LIMIT,1702020523860,1886,0.1933327
CFXUSDT,SELL,LIMIT,1702020531214,4771,0.1931943
CFXUSDT,SELL,LIMIT,1702020637257,197,0.1926940
CFXUSDT,SELL,LIMIT,1702020642942,7127,0.1925604
CFXUSDT,SELL,LIMIT,1702020644071,856,0.1924429
CFXUSDT,SELL,LIMIT,1702020667181,147,0.1924019
CFXUSDT,SELL,LIMIT,1702020668732,137,0.1922615
CFXUSDT,BUY,LIMIT,1702021528554,763,0.1983947
CFXUSDT,SELL,LIMIT,1702028476801,29,0.1930746
CFXUSDT,SELL,LIMIT,1702030427742,5412,0.1924984
CFXUSDT,SELL,LIMIT,1702030576200,431,0.1922174
CFXUSDT,SELL,LIMIT,1702030577394,105,0.1922174
CFXUSDT,SELL,LIMIT,1702030655846,6887,0.1921132
CFXUSDT,SELL,LIMIT,1702030656979,25214,0.1920593
CFXUSDT,SELL,LIMIT,1702031482389,118,0.1917992
CFXUSDT,SELL,LIMIT,1702031500178,232,0.1916270
CFXUSDT,SELL,LIMIT,1702031501451,5078,0.1914332
CFXUSDT,SELL,LIMIT,1702031797076,183,0.1928382
CFXUSDT,BUY,LIMIT,1702034788863,143,0.1974550
CFXUSDT,SELL,LIMIT,1702035937226,619,0.1956697
CFXUSDT,SELL,LIMIT,1702036836499,1260,0.1949311
CFXUSDT,BUY,LIMIT,1702038481374,14661,0.1996230
CFXUSDT,SELL,LIMIT,1702040829066,14095,0.1934162
CFXUSDT,SELL,LIMIT,1702042233419,4099,0.1931022
CFXUSDT,SELL,LIMIT,1702042237285,2396,0.1928334
CFXUSDT,SELL,LIMIT,1702042240360,474,0.1926531
CFXUSDT,SELL,LIMIT,1702043947605,5076,0.1923551
CFXUSDT,SELL,LIMIT,1702044414590,5561,0.1921328
CFXUSDT,SELL,LIMIT,1702044445819,4474,0.1916287
CFXUSDT,SELL,LIMIT,1702044463270,1137,0.1915191
CFXUSDT,BUY,LIMIT,1702046716640,672,0.1970487
CFXUSDT,SELL,LIMIT,1702050799272,202,0.1922721
CFXUSDT,BUY,LIMIT,1702051502398,2000,0.1959130
CFXUSDT,BUY,LIMIT,1702052530226,412,0.1987680
CFXUSDT,BUY,LIMIT,1702053685272,98,0.1989863
CFXUSDT,SELL,LIMIT,1702056442346,582,0.1934581
CFXUSDT,SELL,LIMIT,1702056671229,20633,0.1927206
CFXUSDT,BUY,LIMIT,1702066148474,25471,0.2001278
CFXUSDT,BUY,LIMIT,1702069323002,12885,0.2016143
CFXUSDT,BUY,LIMIT,1702069695453,98,0.1978586
CFXUSDT,BUY,LIMIT,1702070664230,24,0.2009179
CFXUSDT,SELL,LIMIT,1702071733607,563,0.1970101
CFXUSDT,SELL,LIMIT,1702076295854,150,0.1949079
CFXUSDT,BUY,LIMIT,1702080420734,920,0.2014139
CFXUSDT,BUY,LIMIT,1702081294379,766,0.2023477
CFXUSDT,BUY,LIMIT,1702081376283,2516,0.2026341
CFXUSDT,BUY,LIMIT,1702081388454,165,0.2026487
CFXUSDT,BUY,LIMIT,1702082911778,1083,0.2034503
CFXUSDT,BUY,LIMIT,1702083742885,2907,0.2026424
CFXUSDT,SELL,LIMIT,1702084026493,14264,0.1973547
CFXUSDT,SELL,LIMIT,1702084031392,3364,0.1970993
CFXUSDT,SELL,LIMIT,1702084072394,895,0.1965837
CFXUSDT,SELL,LIMIT,1702084077063,21337,0.1963342
CFXUSDT,SELL,LIMIT,1702084183454,732,0.1960000
CFXUSDT,SELL,LIMIT,1702087334319,43,0.1969223
CFXUSDT,SELL,LIMIT,1702087846200,493,0.1960345
CFXUSDT,SELL,LIMIT,1702089414329,150,0.1948758
CFXUSDT,SELL,LIMIT,1702089601266,5042,0.1943736
CFXUSDT,SELL,LIMIT,1702089717543,1392,0.1939426
CFXUSDT,SELL,LIMIT,1702089756785,713,0.1938650
CFXUSDT,BUY,LIMIT,1702092602184,169,0.2000863
CFXUSDT,BUY,LIMIT,1702097726492,1125,0.2022509
CFXUSDT,SELL,LIMIT,1702102217140,381,0.1993870
CFXUSDT,BUY,LIMIT,1702102385538,11322,0.2040099
CFXUSDT,BUY,LIMIT,1702102558594,400,0.2050871
CFXUSDT,BUY,LIMIT,1702102635063,174,0.2056796
CFXUSDT,BUY,LIMIT,1702102662462,275,0.2061332
CFXUSDT,SELL,LIMIT,1702105306427,266,0.1986378
CFXUSDT,BUY,LIMIT,1702105876224,1,0.2043980
CFXUSDT,BUY,LIMIT,1702106115140,321,0.2047270
CFXUSDT,BUY,LIMIT,1702107530173,194,0.2042966
CFXUSDT,BUY,LIMIT,1702107985715,240,0.2051080
CFXUSDT,SELL,LIMIT,1702108319063,1354,0.2011148
CFXUSDT,BUY,LIMIT,1702108567482,123,0.2056783
CFXUSDT,SELL,LIMIT,1702109113604,75,0.2007285
CFXUSDT,BUY,LIMIT,1702109301798,305,0.2049221
CFXUSDT,BUY,LIMIT,1702109420255,14085,0.2049290
CFXUSDT,SELL,LIMIT,1702109780750,45,0.2008318
CFXUSDT,BUY,LIMIT,1702109916850,21,0.2046060
CFXUSDT,BUY,LIMIT,1702110419037,47,0.2038629
CFXUSDT,SELL,LIMIT,1702110445542,47,0.1996831
CFXUSDT,SELL,LIMIT,1702110846137,3695,0.1995004
CFXUSDT,SELL,LIMIT,1702110849000,4725,0.1994699
CFXUSDT,SELL,LIMIT,1702110873478,42,0.1987016
CFXUSDT,SELL,LIMIT,1702110908733,98,0.1982295
CFXUSDT,SELL,LIMIT,1702110910123,298,0.1981981
CFXUSDT,SELL,LIMIT,1702110911416,502,0.1981539
CFXUSDT,SELL,LIMIT,1702110970729,11737,0.1980167
CFXUSDT,SELL,LIMIT,1702110974160,263,0.1979569
CFXUSDT,SELL,LIMIT,1702110975408,7628,0.1978021
CFXUSDT,SELL,LIMIT,1702110976453,1571,0.1978319
CFXUSDT,SELL,LIMIT,1702110979143,5911,0.1977031
CFXUSDT,SELL,LIMIT,1702110980837,1828,0.1975124
CFXUSDT,SELL,LIMIT,1702110982493,185,0.1975051
CFXUSDT,SELL,LIMIT,1702110984287,9735,0.1973574
CFXUSDT,SELL,LIMIT,1702111024254,50,0.1968297
CFXUSDT,SELL,LIMIT,1702111025436,24420,0.1967989
CFXUSDT,SELL,LIMIT,1702111031400,174,0.1966141
CFXUSDT,SELL,LIMIT,1702111032530,100,0.1964758
CFXUSDT,BUY,LIMIT,1702111035735,503,0.2002727
CFXUSDT,SELL,LIMIT,1702111037220,4685,0.1961502
CFXUSDT,SELL,LIMIT,1702111038412,4344,0.1962330
CFXUSDT,SELL,LIMIT,1702111040207,8000,0.1958221
CFXUSDT,SELL,LIMIT,1702111043434,492,0.1957610
CFXUSDT,SELL,LIMIT,1702111044609,25436,0.1953826
CFXUSDT,SELL,LIMIT,1702111045650,18536,0.1954335
CFXUSDT,SELL,LIMIT,1702111200781,12000,0.1949218
CFXUSDT,SELL,LIMIT,1702111206372,31867,0.1943815
CFXUSDT,SELL,LIMIT,1702111375136,290,0.1943874
CFXUSDT,SELL,LIMIT,1702111380175,307,0.1940566
CFXUSDT,SELL,LIMIT,1702111385219,3134,0.1935480
CFXUSDT,SELL,LIMIT,1702111386281,2237,0.1935682
CFXUSDT,SELL,LIMIT,1702111388975,7568,0.1936197
CFXUSDT,BUY,LIMIT,1702114175033,1112,0.2022688
CFXUSDT,SELL,LIMIT,1702114837413,2539,0.1963338
CFXUSDT,SELL,LIMIT,1702115026546,5025,0.1958432
CFXUSDT,BUY,LIMIT,1702127137942,220,0.2034805
CFXUSDT,SELL,LIMIT,1702127636280,6022,0.1998988
CFXUSDT,BUY,LIMIT,1702128423610,239,0.2055312
CFXUSDT,SELL,LIMIT,1702132979602,450,0.1965029
CFXUSDT,SELL,LIMIT,1702132994599,9514,0.1961711
CFXUSDT,SELL,LIMIT,1702133001779,8699,0.1956950
CFXUSDT,SELL,LIMIT,1702133004260,602,0.1953558
CFXUSDT,SELL,LIMIT,1702133008794,1589,0.1951661
CFXUSDT,SELL,LIMIT,1702133385257,7515,0.1949394
