Symbol,Side,Order Type,Time,Quantity,Price
CHZUSDT,SELL,LIMIT,1701067320297,8217,0.07337
CHZUSDT,SELL,LIMIT,1701068288074,50758,0.07275
CHZUSDT,SELL,LIMIT,1701068996811,133,0.07306
CHZUSDT,SELL,LIMIT,1701069801625,692,0.07250
CHZUSDT,SELL,LIMIT,1701069809765,10821,0.07248
CHZUSDT,SELL,LIMIT,1701069811332,2104,0.07246
CHZUSDT,SELL,LIMIT,1701069855806,175,0.07239
CHZUSDT,SELL,LIMIT,1701069859804,30447,0.07237
CHZUSDT,SELL,LIMIT,1701069882398,2813,0.07235
CHZUSDT,SELL,LIMIT,1701070173559,17931,0.07211
CHZUSDT,SELL,LIMIT,1701082692222,2818,0.07216
CHZUSDT,SELL,LIMIT,1701082697818,6498,0.07215
CHZUSDT,SELL,LIMIT,1701082706801,13859,0.07210
CHZUSDT,SELL,LIMIT,1701083416349,13116,0.07209
CHZUSDT,SELL,LIMIT,1701084930509,1321,0.07193
CHZUSDT,SELL,LIMIT,1701084931980,392,0.07191
CHZUSDT,SELL,LIMIT,1701092529303,3643,0.07182
CHZUSDT,SELL,LIMIT,1701092755078,595,0.07178
CHZUSDT,SELL,LIMIT,1701093077063,555,0.07173
CHZUSDT,SELL,LIMIT,1701093129365,1500,0.07163
CHZUSDT,SELL,LIMIT,1701095563761,15688,0.07150
CHZUSDT,SELL,LIMIT,1701095590141,8506,0.07145
CHZUSDT,SELL,LIMIT,1701095591485,19974,0.07148
CHZUSDT,SELL,LIMIT,1701095597101,4988,0.07143
CHZUSDT,SELL,LIMIT,1701095613235,75,0.07142
CHZUSDT,SELL,LIMIT,1701096473302,2000,0.07137
CHZUSDT,SELL,LIMIT,1701096676330,4785,0.07131
CHZUSDT,SELL,LIMIT,1701097093466,8021,0.07111
CHZUSDT,SELL,LIMIT,1701100222018,55861,0.07138
CHZUSDT,SELL,LIMIT,1701100574531,41611,0.07127
CHZUSDT,SELL,LIMIT,1701100610127,69,0.07142
CHZUSDT,SELL,LIMIT,1701102228170,40360,0.07169
CHZUSDT,SELL,LIMIT,1701114237360,9513,0.07121
CHZUSDT,SELL,LIMIT,1701114352849,103,0.07103
CHZUSDT,SELL,LIMIT,1701114356229,1339,0.07101
CHZUSDT,SELL,LIMIT,1701114463769,284,0.07096
CHZUSDT,SELL,LIMIT,1701114476068,1184,0.07089
CHZUSDT,SELL,LIMIT,1701114492506,3002,0.07086
CHZUSDT,SELL,LIMIT,1701114525481,243,0.07080
CHZUSDT,SELL,LIMIT,1701114530301,2582,0.07079
CHZUSDT,SELL,LIMIT,1701138515299,5266,0.07210
CHZUSDT,SELL,LIMIT,1701148006462,691,0.07100
CHZUSDT,SELL,LIMIT,1701148009079,926,0.07096
CHZUSDT,SELL,LIMIT,1701148246896,3236,0.07081
CHZUSDT,SELL,LIMIT,1701148937520,25398,0.07072
CHZUSDT,SELL,LIMIT,1701149002775,3061,0.07070
CHZUSDT,SELL,LIMIT,1701149007451,2613,0.07067
CHZUSDT,SELL,LIMIT,1701149113868,11102,0.07061
CHZUSDT,SELL,LIMIT,1701149133827,756,0.07058
CHZUSDT,SELL,LIMIT,1701149820453,2017,0.07061
CHZUSDT,SELL,LIMIT,1701149846876,247,0.07055
CHZUSDT,SELL,LIMIT,1701149852415,481,0.07053
CHZUSDT,SELL,LIMIT,1701149854261,3802,0.07047
CHZUSDT,SELL,LIMIT,1701149883491,760,0.07043
CHZUSDT,SELL,LIMIT,1701156559052,13827,0.07088
CHZUSDT,BUY,LIMIT,1701167790601,6687,0.07360
CHZUSDT,BUY,LIMIT,1701181900563,127,0.07384
CHZUSDT,BUY,LIMIT,1701181952555,2954,0.07385
CHZUSDT,SELL,LIMIT,1701185917218,7297,0.07130
CHZUSDT,SELL,LIMIT,1701185919457,4696,0.07125
CHZUSDT,BUY,LIMIT,1701187274422,6596,0.07404
CHZUSDT,SELL,LIMIT,1701197421614,2727,0.07180
CHZUSDT,SELL,LIMIT,1701197853681,1359,0.07175
CHZUSDT,SELL,LIMIT,1701197859430,2168,0.07462
CHZUSDT,BUY,LIMIT,1701218727337,2730,0.07445
CHZUSDT,SELL,LIMIT,1701222699820,65392,0.07195
CHZUSDT,BUY,LIMIT,1701229104103,1000,0.07396
CHZUSDT,BUY,LIMIT,1701247359926,719,0.07476
CHZUSDT,SELL,LIMIT,1701253163926,50764,0.07210
CHZUSDT,SELL,LIMIT,1701254365740,209,0.07165
CHZUSDT,SELL,LIMIT,1701254412673,113,0.07154
CHZUSDT,SELL,LIMIT,1701254418060,1307,0.07147
CHZUSDT,BUY,LIMIT,1701263804313,1095,0.07464
CHZUSDT,BUY,LIMIT,1701266006971,90,0.07474
CHZUSDT,SELL,LIMIT,1701267588132,3870,0.07236
CHZUSDT,SELL,LIMIT,1701268872202,1216,0.07208
CHZUSDT,SELL,LIMIT,1701270549217,4340,0.07171
CHZUSDT,SELL,LIMIT,1701270557334,105,0.07166
CHZUSDT,SELL,LIMIT,1701270847026,7287,0.07132
CHZUSDT,SELL,LIMIT,1701283616263,16986,0.07221
CHZUSDT,BUY,LIMIT,1701295575967,547,0.07481
CHZUSDT,SELL,LIMIT,1701304712032,34501,0.07239
CHZUSDT,SELL,LIMIT,1701310807989,79,0.07204
CHZUSDT,SELL,LIMIT,1701321846887,57422,0.07200
CHZUSDT,BUY,LIMIT,1701327720399,596,0.07445
CHZUSDT,SELL,LIMIT,1701331611988,12953,0.07184
CHZUSDT,BUY,LIMIT,1701333226265,386,0.07396
CHZUSDT,SELL,LIMIT,1701353014267,174,0.07139
CHZUSDT,SELL,LIMIT,1701353049179,66986,0.07134
CHZUSDT,BUY,LIMIT,1701394249328,800,0.07448
CHZUSDT,SELL,LIMIT,1701400393436,7509,0.07229
CHZUSDT,BUY,LIMIT,1701403988683,3858,0.07452
CHZUSDT,BUY,LIMIT,1701404893943,68521,0.07461
CHZUSDT,BUY,LIMIT,1701405515309,75,0.07471
CHZUSDT,SELL,LIMIT,1701427527084,8137,0.07231
CHZUSDT,SELL,LIMIT,1701434897025,184,0.07217
CHZUSDT,BUY,LIMIT,1701448423327,102,0.07498
CHZUSDT,SELL,LIMIT,1701448495331,18649,0.07289
CHZUSDT,BUY,LIMIT,1701459999901,132,0.07558
CHZUSDT,SELL,LIMIT,1701467860511,6894,0.07309
CHZUSDT,SELL,LIMIT,1701470039306,381,0.07305
CHZUSDT,BUY,LIMIT,1701480339092,7236,0.07581
CHZUSDT,BUY,LIMIT,1701483102379,508,0.07598
CHZUSDT,BUY,LIMIT,1701488552351,2950,0.07604
CHZUSDT,BUY,LIMIT,1701488580935,174,0.07605
CHZUSDT,BUY,LIMIT,1701488691068,551,0.07626
CHZUSDT,BUY,LIMIT,1701492720489,67205,0.07652
CHZUSDT,BUY,LIMIT,1701495173508,1864,0.07683
CHZUSDT,BUY,LIMIT,1701498755188,45534,0.07711
CHZUSDT,BUY,LIMIT,1701499688538,4034,0.07714
CHZUSDT,BUY,LIMIT,1701500503116,1920,0.07719
CHZUSDT,BUY,LIMIT,1701500505522,10981,0.07719
