Symbol,Side,Order Type,Time,Quantity,Price
CHZUSDT,BUY,LIMIT,1701915916866,59270,0.08459
CHZUSDT,BUY,LIMIT,1701916191331,76,0.08484
CHZUSDT,BUY,LIMIT,1701916441304,4097,0.08501
CHZUSDT,BUY,LIMIT,1701916481270,998,0.08517
CHZUSDT,BUY,LIMIT,1701916537174,15471,0.08541
CHZUSDT,BUY,LIMIT,1701916691201,1703,0.08564
CHZUSDT,BUY,LIMIT,1701916756738,500,0.08567
CHZUSDT,BUY,LIMIT,1701917039151,2274,0.08589
CHZUSDT,BUY,LIMIT,1701917406479,88,0.08604
CHZUSDT,BUY,LIMIT,1701917411240,6850,0.08627
CHZUSDT,BUY,LIMIT,1701917498919,185,0.08640
CHZUSDT,BUY,LIMIT,1701917500228,966,0.08643
CHZUSDT,BUY,LIMIT,1701917512272,52,0.08652
CHZUSDT,BUY,LIMIT,1701917516242,248,0.08655
CHZUSDT,BUY,LIMIT,1701917549588,244,0.08662
CHZUSDT,BUY,LIMIT,1701917557276,57326,0.08664
CHZUSDT,BUY,LIMIT,1701917776021,42958,0.08685
CHZUSDT,SELL,LIMIT,1701918490997,1739,0.08350
CHZUSDT,SELL,LIMIT,1701918494542,1534,0.08343
CHZUSDT,SELL,LIMIT,1701918536502,55544,0.08328
CHZUSDT,SELL,LIMIT,1701919105061,44439,0.08345
CHZUSDT,SELL,LIMIT,1701919212425,8253,0.08270
CHZUSDT,BUY,LIMIT,1701920783234,2607,0.08602
CHZUSDT,SELL,LIMIT,1701921418165,241,0.08286
CHZUSDT,SELL,LIMIT,1701923613170,5390,0.08303
CHZUSDT,SELL,LIMIT,1701925305849,57,0.08323
CHZUSDT,BUY,LIMIT,1701929690174,1589,0.08589
CHZUSDT,BUY,LIMIT,1701930135285,8782,0.08705
CHZUSDT,BUY,LIMIT,1701930136289,64,0.08707
CHZUSDT,BUY,LIMIT,1701930222894,6,0.08731
CHZUSDT,BUY,LIMIT,1701930257333,1511,0.08735
CHZUSDT,BUY,LIMIT,1701930767377,6773,0.08753
CHZUSDT,BUY,LIMIT,1701931427226,421,0.08781
CHZUSDT,SELL,LIMIT,1701931566312,1612,0.08488
CHZUSDT,BUY,LIMIT,1701931637476,3219,0.08771
CHZUSDT,SELL,LIMIT,1701931802316,2402,0.08500
CHZUSDT,SELL,LIMIT,1701932662776,2001,0.08467
CHZUSDT,SELL,LIMIT,1701932921185,324,0.08403
CHZUSDT,SELL,LIMIT,1701934044149,3411,0.08373
CHZUSDT,SELL,LIMIT,1701934045393,24004,0.08372
CHZUSDT,BUY,LIMIT,1701935092558,58740,0.08680
CHZUSDT,BUY,LIMIT,1701935095228,5865,0.08689
CHZUSDT,BUY,LIMIT,1701935123471,175,0.08693
CHZUSDT,SELL,LIMIT,1701936202555,14361,0.08357
CHZUSDT,SELL,LIMIT,1701936514277,172,0.08355
CHZUSDT,SELL,LIMIT,1701936914377,3137,0.08300
CHZUSDT,SELL,LIMIT,1701937284339,131,0.08271
CHZUSDT,SELL,LIMIT,1701937725092,116,0.08256
CHZUSDT,SELL,LIMIT,1701937818565,10600,0.08264
CHZUSDT,SELL,LIMIT,1701937917150,14489,0.08245
CHZUSDT,SELL,LIMIT,1701938450478,268469,0.08172
CHZUSDT,SELL,LIMIT,1701938492586,14356,0.08223
CHZUSDT,SELL,LIMIT,1701938494403,2915,0.08218
CHZUSDT,SELL,LIMIT,1701938504759,2380,0.08214
CHZUSDT,SELL,LIMIT,1701939367458,310,0.08204
CHZUSDT,SELL,LIMIT,1701939477148,5732,0.08196
CHZUSDT,SELL,LIMIT,1701940003157,61434,0.08170
CHZUSDT,SELL,LIMIT,1701940407165,8896,0.08152
CHZUSDT,SELL,LIMIT,1701940408853,16094,0.08147
CHZUSDT,SELL,LIMIT,1701940453353,10213,0.08127
CHZUSDT,SELL,LIMIT,1701940470213,23391,0.08127
CHZUSDT,SELL,LIMIT,1701940475100,361,0.08118
CHZUSDT,SELL,LIMIT,1701940552795,590,0.08126
CHZUSDT,SELL,LIMIT,1701940557009,131,0.08109
CHZUSDT,SELL,LIMIT,1701940561340,130,0.08100
CHZUSDT,SELL,LIMIT,1701940725185,1004,0.08092
CHZUSDT,SELL,LIMIT,1701940925115,821,0.08090
CHZUSDT,SELL,LIMIT,1701940937700,15602,0.08087
CHZUSDT,SELL,LIMIT,1701940985367,444,0.08064
CHZUSDT,SELL,LIMIT,1701940986580,2610,0.08062
CHZUSDT,SELL,LIMIT,1701941051418,7721,0.08052
CHZUSDT,SELL,LIMIT,1701941066518,1180,0.08049
CHZUSDT,SELL,LIMIT,1701941074349,87138,0.08017
CHZUSDT,SELL,LIMIT,1701941094068,17415,0.08039
CHZUSDT,SELL,LIMIT,1701941098165,3853,0.08038
CHZUSDT,SELL,LIMIT,1701941112650,12017,0.08030
CHZUSDT,SELL,LIMIT,1701941148774,3380,0.08029
CHZUSDT,SELL,LIMIT,1701941150808,331,0.08027
CHZUSDT,SELL,LIMIT,1701941153214,5083,0.08022
CHZUSDT,SELL,LIMIT,1701941154235,397,0.08020
CHZUSDT,SELL,LIMIT,1701941156121,995,0.08018
CHZUSDT,SELL,LIMIT,1701941159892,4089,0.08015
CHZUSDT,SELL,LIMIT,1701941161089,33544,0.08011
CHZUSDT,SELL,LIMIT,1701941167058,10511,0.08008
CHZUSDT,SELL,LIMIT,1701941170373,8278,0.08008
CHZUSDT,SELL,LIMIT,1701941180037,3605,0.08004
CHZUSDT,SELL,LIMIT,1701941183022,438,0.08003
CHZUSDT,SELL,LIMIT,1701941187144,3951,0.08000
CHZUSDT,SELL,LIMIT,1701941188285,4854,0.07992
CHZUSDT,SELL,LIMIT,1701941190144,58372,0.07981
CHZUSDT,SELL,LIMIT,1701941231324,4000,0.07989
CHZUSDT,SELL,LIMIT,1701941237285,23907,0.07978
CHZUSDT,SELL,LIMIT,1701941239250,11195,0.07976
CHZUSDT,SELL,LIMIT,1701943432039,14468,0.08137
CHZUSDT,SELL,LIMIT,1701943466791,8500,0.08125
CHZUSDT,SELL,LIMIT,1701949710279,17032,0.08159
CHZUSDT,BUY,LIMIT,1701952285227,7773,0.08585
CHZUSDT,BUY,LIMIT,1701952308070,35601,0.08592
CHZUSDT,SELL,LIMIT,1701954555507,113,0.08299
CHZUSDT,SELL,LIMIT,1701954558759,381,0.08291
CHZUSDT,SELL,LIMIT,1701954842806,53344,0.08268
CHZUSDT,BUY,LIMIT,1701959602180,47615,0.08540
CHZUSDT,BUY,LIMIT,1701961010268,4676,0.08586
CHZUSDT,BUY,LIMIT,1701962756976,357,0.08626
CHZUSDT,BUY,LIMIT,1701963699150,5325,0.08653
CHZUSDT,BUY,LIMIT,1701964260361,1332,0.08682
CHZUSDT,BUY,LIMIT,1701966850166,148346,0.08726
CHZUSDT,BUY,LIMIT,1701969301255,6597,0.08730
CHZUSDT,BUY,LIMIT,1701969728163,9744,0.08722
CHZUSDT,BUY,LIMIT,1701970643321,3524,0.08750
CHZUSDT,BUY,LIMIT,1701970651302,500,0.08752
CHZUSDT,SELL,LIMIT,1701971044898,7718,0.08433
CHZUSDT,BUY,LIMIT,1701971621827,35709,0.08778
CHZUSDT,BUY,LIMIT,1701971694363,13398,0.08791
CHZUSDT,BUY,LIMIT,1701971705195,8836,0.08814
CHZUSDT,BUY,LIMIT,1701971770880,32807,0.08822
CHZUSDT,BUY,LIMIT,1701971788512,6108,0.08829
CHZUSDT,BUY,LIMIT,1701971793248,1,0.08837
CHZUSDT,BUY,LIMIT,1701971864062,3883,0.08851
CHZUSDT,SELL,LIMIT,1701974143939,195,0.08470
CHZUSDT,SELL,LIMIT,1701976303924,990,0.08388
CHZUSDT,SELL,LIMIT,1701976312713,9258,0.08387
CHZUSDT,SELL,LIMIT,1701977167430,511,0.08334
CHZUSDT,SELL,LIMIT,1701977296239,34496,0.08330
CHZUSDT,BUY,LIMIT,1701982199120,1449,0.08783
CHZUSDT,BUY,LIMIT,1701983465343,2775,0.08830
CHZUSDT,BUY,LIMIT,1701985176154,12948,0.08886
CHZUSDT,BUY,LIMIT,1701985231997,785,0.08896
CHZUSDT,BUY,LIMIT,1701985237370,10732,0.08903
CHZUSDT,BUY,LIMIT,1701985346484,345,0.08925
CHZUSDT,BUY,LIMIT,1701985517240,39021,0.08905
CHZUSDT,BUY,LIMIT,1701985536544,1606,0.08932
CHZUSDT,BUY,LIMIT,1701985765412,7237,0.08953
CHZUSDT,BUY,LIMIT,1701985771559,2393,0.08970
CHZUSDT,BUY,LIMIT,1701985780082,9601,0.08976
CHZUSDT,BUY,LIMIT,1701985807093,4631,0.08992
CHZUSDT,BUY,LIMIT,1701985808414,10507,0.08986
CHZUSDT,BUY,LIMIT,1701986103280,89,0.09038
CHZUSDT,BUY,LIMIT,1701986147180,170,0.09052
CHZUSDT,BUY,LIMIT,1701986151056,1966,0.09063
CHZUSDT,BUY,LIMIT,1701986154102,72,0.09066
CHZUSDT,BUY,LIMIT,1701986193187,185,0.09073
CHZUSDT,BUY,LIMIT,1701986194738,208,0.09088
CHZUSDT,BUY,LIMIT,1701986330195,2308,0.09102
CHZUSDT,SELL,LIMIT,1701986357354,36846,0.08788
CHZUSDT,BUY,LIMIT,1701986438547,561,0.09107
CHZUSDT,BUY,LIMIT,1701986440110,6098,0.09115
CHZUSDT,BUY,LIMIT,1701986443880,48855,0.09126
CHZUSDT,SELL,LIMIT,1701986760570,488,0.08797
CHZUSDT,SELL,LIMIT,1701986769117,699,0.08784
CHZUSDT,SELL,LIMIT,1701986770671,1353,0.08772
CHZUSDT,SELL,LIMIT,1701988281651,1768,0.08694
CHZUSDT,SELL,LIMIT,1701988304512,49,0.08691
CHZUSDT,SELL,LIMIT,1701988440658,11302,0.08651
CHZUSDT,BUY,LIMIT,1701993931746,1703,0.08985
CHZUSDT,SELL,LIMIT,1701996560115,512,0.08623
CHZUSDT,SELL,LIMIT,1701997376712,40144,0.08594
CHZUSDT,SELL,LIMIT,1701997379084,11160,0.08591
CHZUSDT,SELL,LIMIT,1701997405217,14610,0.08583
CHZUSDT,SELL,LIMIT,1701997473847,26737,0.08573
CHZUSDT,SELL,LIMIT,1701997759547,8357,0.08546
CHZUSDT,BUY,LIMIT,1702005654646,2295,0.08896
CHZUSDT,BUY,LIMIT,1702006669104,5695,0.08868
CHZUSDT,SELL,LIMIT,1702006741273,15515,0.08601
CHZUSDT,SELL,LIMIT,1702007096293,63,0.08609
CHZUSDT,BUY,LIMIT,1702007154541,327,0.08861
CHZUSDT,SELL,LIMIT,1702010250991,500,0.08535
CHZUSDT,SELL,LIMIT,1702010298122,89,0.08526
CHZUSDT,SELL,LIMIT,1702010329210,16450,0.08506
CHZUSDT,SELL,LIMIT,1702010331160,706,0.08504
CHZUSDT,SELL,LIMIT,1702010333328,211,0.08502
CHZUSDT,SELL,LIMIT,1702010357168,10472,0.08499
CHZUSDT,SELL,LIMIT,1702010358209,294,0.08500
CHZUSDT,BUY,LIMIT,1702015540001,194,0.08825
CHZUSDT,BUY,LIMIT,1702018380321,1022,0.08835
CHZUSDT,SELL,LIMIT,1702020192822,5902,0.08515
CHZUSDT,SELL,LIMIT,1702020503609,2610,0.08493
CHZUSDT,SELL,LIMIT,1702020507842,10891,0.08489
CHZUSDT,SELL,LIMIT,1702020669860,1225,0.08446
CHZUSDT,BUY,LIMIT,1702028755192,6510,0.08854
CHZUSDT,SELL,LIMIT,1702031812534,29743,0.08576
CHZUSDT,SELL,LIMIT,1702031814070,255,0.08571
CHZUSDT,BUY,LIMIT,1702035734215,416,0.08879
CHZUSDT,SELL,LIMIT,1702037170971,20834,0.08581
CHZUSDT,SELL,LIMIT,1702040475583,12751,0.08656
CHZUSDT,SELL,LIMIT,1702040819893,14242,0.08633
CHZUSDT,BUY,LIMIT,1702042966346,1779,0.08925
CHZUSDT,SELL,LIMIT,1702043999685,17524,0.08668
CHZUSDT,BUY,LIMIT,1702044185454,33804,0.09001
CHZUSDT,SELL,LIMIT,1702044471539,9785,0.08675
CHZUSDT,BUY,LIMIT,1702045885456,7431,0.08990
CHZUSDT,SELL,LIMIT,1702047201342,391,0.08706
CHZUSDT,BUY,LIMIT,1702047700059,16702,0.09013
CHZUSDT,BUY,LIMIT,1702048821347,3525,0.09055
CHZUSDT,BUY,LIMIT,1702051506646,75858,0.09082
CHZUSDT,BUY,LIMIT,1702051512870,527,0.09060
CHZUSDT,BUY,LIMIT,1702051514698,2551,0.09062
CHZUSDT,BUY,LIMIT,1702051718099,14056,0.09104
CHZUSDT,BUY,LIMIT,1702052161449,573,0.09112
CHZUSDT,BUY,LIMIT,1702052468655,3562,0.09152
CHZUSDT,BUY,LIMIT,1702052483128,5384,0.09170
CHZUSDT,BUY,LIMIT,1702052499658,1000,0.09179
CHZUSDT,BUY,LIMIT,1702052530226,823,0.09182
CHZUSDT,BUY,LIMIT,1702052588660,375,0.09194
CHZUSDT,BUY,LIMIT,1702052611759,1947,0.09199
CHZUSDT,BUY,LIMIT,1702052617527,6689,0.09201
CHZUSDT,BUY,LIMIT,1702052622092,6792,0.09214
CHZUSDT,BUY,LIMIT,1702052626341,1574,0.09219
CHZUSDT,BUY,LIMIT,1702052675538,675,0.09236
CHZUSDT,BUY,LIMIT,1702052701371,252,0.09248
CHZUSDT,BUY,LIMIT,1702052747154,6807,0.09253
CHZUSDT,SELL,LIMIT,1702054622182,55227,0.08866
CHZUSDT,SELL,LIMIT,1702057459632,3664,0.08885
CHZUSDT,BUY,LIMIT,1702058790154,338,0.09274
CHZUSDT,BUY,LIMIT,1702058930071,56071,0.09308
CHZUSDT,BUY,LIMIT,1702059059442,1052,0.09337
CHZUSDT,BUY,LIMIT,1702059060530,1000,0.09344
CHZUSDT,BUY,LIMIT,1702059662644,2934,0.09357
CHZUSDT,BUY,LIMIT,1702059865606,384,0.09366
CHZUSDT,BUY,LIMIT,1702059915201,3,0.09371
CHZUSDT,BUY,LIMIT,1702059943802,19324,0.09378
CHZUSDT,BUY,LIMIT,1702060189319,104,0.09395
CHZUSDT,BUY,LIMIT,1702060203416,8351,0.09402
CHZUSDT,BUY,LIMIT,1702060216177,19728,0.09405
CHZUSDT,BUY,LIMIT,1702060605988,1066,0.09440
CHZUSDT,BUY,LIMIT,1702060618389,1376,0.09446
CHZUSDT,BUY,LIMIT,1702060689559,1000,0.09462
CHZUSDT,BUY,LIMIT,1702060691556,121,0.09463
CHZUSDT,SELL,LIMIT,1702060915351,53573,0.09150
CHZUSDT,SELL,LIMIT,1702060916616,2047,0.09138
CHZUSDT,SELL,LIMIT,1702060965252,5955,0.09085
CHZUSDT,BUY,LIMIT,1702061059702,6661,0.09405
CHZUSDT,SELL,LIMIT,1702061389717,3960,0.09154
CHZUSDT,SELL,LIMIT,1702061598386,2781,0.09120
CHZUSDT,SELL,LIMIT,1702061599610,41523,0.09110
CHZUSDT,SELL,LIMIT,1702061646111,9247,0.09106
CHZUSDT,SELL,LIMIT,1702061727341,7500,0.09076
CHZUSDT,SELL,LIMIT,1702063078302,27117,0.09038
CHZUSDT,SELL,LIMIT,1702063686560,7463,0.09010
CHZUSDT,SELL,LIMIT,1702063726326,2023,0.09006
CHZUSDT,SELL,LIMIT,1702063735547,1272,0.08999
CHZUSDT,BUY,LIMIT,1702065942715,1655,0.09319
CHZUSDT,BUY,LIMIT,1702066538275,680,0.09324
CHZUSDT,BUY,LIMIT,1702067590378,25244,0.09364
CHZUSDT,BUY,LIMIT,1702068591653,7553,0.09330
CHZUSDT,SELL,LIMIT,1702069512486,34921,0.09016
CHZUSDT,SELL,LIMIT,1702069555180,2287,0.09010
CHZUSDT,SELL,LIMIT,1702069563329,4002,0.09008
CHZUSDT,BUY,LIMIT,1702070667063,55580,0.09289
CHZUSDT,BUY,LIMIT,1702072671666,1982,0.09349
CHZUSDT,SELL,LIMIT,1702075088156,15274,0.09008
CHZUSDT,BUY,LIMIT,1702078502987,70,0.09311
CHZUSDT,BUY,LIMIT,1702078609448,4344,0.09317
CHZUSDT,BUY,LIMIT,1702080005466,5998,0.08828
CHZUSDT,BUY,LIMIT,1702080670316,53730,0.09321
CHZUSDT,BUY,LIMIT,1702080687268,1363,0.09326
CHZUSDT,BUY,LIMIT,1702081229517,12435,0.09328
CHZUSDT,BUY,LIMIT,1702081253139,70,0.09331
CHZUSDT,BUY,LIMIT,1702081267603,205,0.09337
CHZUSDT,BUY,LIMIT,1702081663162,782,0.09355
CHZUSDT,SELL,LIMIT,1702081676318,186,0.09079
CHZUSDT,BUY,LIMIT,1702081703804,8265,0.09361
CHZUSDT,BUY,LIMIT,1702081984547,579,0.09371
CHZUSDT,BUY,LIMIT,1702082012346,560,0.09371
CHZUSDT,BUY,LIMIT,1702082048970,14356,0.09374
CHZUSDT,BUY,LIMIT,1702082441745,521,0.09391
CHZUSDT,SELL,LIMIT,1702083748759,20892,0.09051
CHZUSDT,SELL,LIMIT,1702084227768,2169,0.08973
CHZUSDT,BUY,LIMIT,1702085555500,21,0.09345
CHZUSDT,BUY,LIMIT,1702085901360,3058,0.09461
CHZUSDT,BUY,LIMIT,1702091252447,1793,0.09451
CHZUSDT,BUY,LIMIT,1702091266960,1518,0.09454
CHZUSDT,BUY,LIMIT,1702091292555,2160,0.09443
CHZUSDT,BUY,LIMIT,1702091505605,6394,0.09497
CHZUSDT,BUY,LIMIT,1702091507173,12641,0.09509
CHZUSDT,BUY,LIMIT,1702091516288,1156,0.09519
CHZUSDT,BUY,LIMIT,1702091543092,1968,0.09532
CHZUSDT,BUY,LIMIT,1702092143683,29830,0.09539
CHZUSDT,BUY,LIMIT,1702092801770,14323,0.09546
CHZUSDT,BUY,LIMIT,1702093048901,1,0.09579
CHZUSDT,BUY,LIMIT,1702093051648,963,0.09592
CHZUSDT,BUY,LIMIT,1702093183255,1445,0.09558
CHZUSDT,BUY,LIMIT,1702094637317,1743,0.09550
CHZUSDT,BUY,LIMIT,1702097878233,177,0.09530
CHZUSDT,SELL,LIMIT,1702098022152,543,0.09196
CHZUSDT,BUY,LIMIT,1702100956023,7789,0.09495
CHZUSDT,BUY,LIMIT,1702103212393,3718,0.09466
CHZUSDT,BUY,LIMIT,1702103376621,4684,0.09457
CHZUSDT,SELL,LIMIT,1702106825705,4851,0.09160
CHZUSDT,SELL,LIMIT,1702107513942,1109,0.09166
CHZUSDT,BUY,LIMIT,1702107982536,4028,0.09436
CHZUSDT,BUY,LIMIT,1702107991122,397,0.09455
CHZUSDT,SELL,LIMIT,1702108064081,958,0.09482
CHZUSDT,BUY,LIMIT,1702108165848,4322,0.09489
CHZUSDT,BUY,LIMIT,1702108532625,17060,0.09511
CHZUSDT,BUY,LIMIT,1702109010082,9750,0.09527
CHZUSDT,BUY,LIMIT,1702109102696,18251,0.09537
CHZUSDT,BUY,LIMIT,1702109152205,4479,0.09543
CHZUSDT,BUY,LIMIT,1702109301798,349,0.09552
CHZUSDT,BUY,LIMIT,1702109360044,4792,0.09532
CHZUSDT,BUY,LIMIT,1702109416204,3260,0.09542
CHZUSDT,BUY,LIMIT,1702109514107,8411,0.09512
CHZUSDT,BUY,LIMIT,1702109779332,9392,0.09520
CHZUSDT,SELL,LIMIT,1702110926796,178,0.09136
CHZUSDT,SELL,LIMIT,1702110968146,20133,0.09139
CHZUSDT,SELL,LIMIT,1702110979395,2712,0.09111
CHZUSDT,SELL,LIMIT,1702110980889,1422,0.09111
CHZUSDT,SELL,LIMIT,1702111029214,32136,0.09085
CHZUSDT,SELL,LIMIT,1702111030440,4370,0.09084
CHZUSDT,SELL,LIMIT,1702111034085,10000,0.09071
CHZUSDT,SELL,LIMIT,1702111036153,3076,0.09069
CHZUSDT,SELL,LIMIT,1702111038455,6674,0.09057
CHZUSDT,SELL,LIMIT,1702111040336,1337,0.09051
CHZUSDT,SELL,LIMIT,1702111203915,3942,0.09020
CHZUSDT,SELL,LIMIT,1702111373140,53348,0.09001
CHZUSDT,SELL,LIMIT,1702111380388,528,0.08941
CHZUSDT,SELL,LIMIT,1702111381447,64,0.08955
CHZUSDT,SELL,LIMIT,1702115034399,23783,0.09068
CHZUSDT,SELL,LIMIT,1702122295182,2180,0.09063
CHZUSDT,BUY,LIMIT,1702123750950,22443,0.09451
CHZUSDT,SELL,LIMIT,1702125009552,28438,0.09156
CHZUSDT,SELL,LIMIT,1702125021405,150,0.09144
CHZUSDT,BUY,LIMIT,1702127303336,8643,0.09492
CHZUSDT,SELL,LIMIT,1702128488399,9955,0.09150
CHZUSDT,SELL,LIMIT,1702128669873,4536,0.09137
CHZUSDT,BUY,LIMIT,1702128856745,7232,0.09461
CHZUSDT,BUY,LIMIT,1702130194060,1437,0.09459
CHZUSDT,SELL,LIMIT,1702132725174,9251,0.09107
CHZUSDT,SELL,LIMIT,1702133008794,3258,0.09003
CHZUSDT,BUY,LIMIT,1702137253149,270,0.09391
CHZUSDT,SELL,LIMIT,1702139268611,808,0.09063
CHZUSDT,SELL,LIMIT,1702139284114,2699,0.09034
CHZUSDT,SELL,LIMIT,1702141664596,350,0.09029
CHZUSDT,SELL,LIMIT,1702141700916,16297,0.09023
CHZUSDT,SELL,LIMIT,1702141858213,325,0.08983
CHZUSDT,SELL,LIMIT,1702143029910,2537,0.09006
CHZUSDT,SELL,LIMIT,1702144703779,53118,0.09022
CHZUSDT,BUY,LIMIT,1702149371310,13151,0.09407
CHZUSDT,SELL,LIMIT,1702153879927,500,0.09000
CHZUSDT,SELL,LIMIT,1702156398743,54062,0.08988
CHZUSDT,SELL,LIMIT,1702156530083,7080,0.08983
CHZUSDT,BUY,LIMIT,1702157613825,4961,0.09322
CHZUSDT,SELL,LIMIT,1702160590319,54130,0.09056
CHZUSDT,SELL,LIMIT,1702162268415,70,0.09040
CHZUSDT,SELL,LIMIT,1702162553021,2126,0.09012
CHZUSDT,SELL,LIMIT,1702162559977,54406,0.09005
CHZUSDT,SELL,LIMIT,1702162622985,4771,0.08978
CHZUSDT,SELL,LIMIT,1702164083758,1638,0.08972
CHZUSDT,SELL,LIMIT,1702164144818,1596,0.08965
CHZUSDT,SELL,LIMIT,1702164146688,3388,0.08964
CHZUSDT,SELL,LIMIT,1702164209311,66,0.08959
CHZUSDT,SELL,LIMIT,1702164212074,15284,0.08950
CHZUSDT,SELL,LIMIT,1702164253120,284,0.08945
CHZUSDT,SELL,LIMIT,1702164293491,110,0.08941
CHZUSDT,SELL,LIMIT,1702164303204,10889,0.08924
CHZUSDT,SELL,LIMIT,1702164304223,2149,0.08925
CHZUSDT,SELL,LIMIT,1702164532061,1212,0.08920
CHZUSDT,SELL,LIMIT,1702164546784,20455,0.08902
CHZUSDT,SELL,LIMIT,1702164579122,4338,0.08924
CHZUSDT,SELL,LIMIT,1702164685659,13344,0.08895
CHZUSDT,SELL,LIMIT,1702164749351,53204,0.08874
CHZUSDT,SELL,LIMIT,1702164750465,2285,0.08862
CHZUSDT,SELL,LIMIT,1702164752351,5419,0.08858
CHZUSDT,SELL,LIMIT,1702164765414,2172,0.08851
CHZUSDT,SELL,LIMIT,1702164800383,1780,0.08856
CHZUSDT,SELL,LIMIT,1702164801622,9325,0.08839
CHZUSDT,SELL,LIMIT,1702164802839,537,0.08845
CHZUSDT,SELL,LIMIT,1702164804185,10869,0.08835
CHZUSDT,SELL,LIMIT,1702164805440,54,0.08829
CHZUSDT,SELL,LIMIT,1702164807251,1381,0.08817
CHZUSDT,SELL,LIMIT,1702164808466,15825,0.08815
CHZUSDT,SELL,LIMIT,1702164810499,5791,0.08807
CHZUSDT,BUY,LIMIT,1702167239884,1955,0.09235
CHZUSDT,BUY,LIMIT,1702169610350,607,0.09328
CHZUSDT,BUY,LIMIT,1702170045375,6424,0.09339
CHZUSDT,BUY,LIMIT,1702171369119,378,0.09394
CHZUSDT,BUY,LIMIT,1702171764215,192,0.09414
CHZUSDT,BUY,LIMIT,1702172673399,294,0.09438
CHZUSDT,BUY,LIMIT,1702173057406,54253,0.09440
CHZUSDT,SELL,LIMIT,1702176591599,264,0.09090
CHZUSDT,SELL,LIMIT,1702177029332,1146,0.09089
CHZUSDT,SELL,LIMIT,1702177067080,1681,0.09069
CHZUSDT,BUY,LIMIT,1702185521649,6373,0.09484
CHZUSDT,BUY,LIMIT,1702185718882,299,0.09494
CHZUSDT,BUY,LIMIT,1702185740680,91,0.09499
CHZUSDT,BUY,LIMIT,1702185850077,5168,0.09510
CHZUSDT,SELL,LIMIT,1702188453903,3480,0.09238
CHZUSDT,SELL,LIMIT,1702192026211,28728,0.09130
CHZUSDT,SELL,LIMIT,1702192917322,1464,0.09060
CHZUSDT,SELL,LIMIT,1702197872070,401,0.09016
CHZUSDT,SELL,LIMIT,1702197885332,56,0.09016
CHZUSDT,SELL,LIMIT,1702200311985,17517,0.08994
CHZUSDT,SELL,LIMIT,1702200639225,409,0.08967
CHZUSDT,SELL,LIMIT,1702200755096,1526,0.08940
CHZUSDT,SELL,LIMIT,1702200889176,116,0.08921
CHZUSDT,SELL,LIMIT,1702201406664,3886,0.08894
CHZUSDT,SELL,LIMIT,1702201477588,161147,0.08809
CHZUSDT,SELL,LIMIT,1702202267739,538,0.08848
CHZUSDT,SELL,LIMIT,1702202271709,154,0.08847
CHZUSDT,SELL,LIMIT,1702202318311,1013,0.08839
CHZUSDT,SELL,LIMIT,1702202322610,28462,0.08836
CHZUSDT,SELL,LIMIT,1702202338180,20998,0.08833
CHZUSDT,SELL,LIMIT,1702202367168,58605,0.08808
CHZUSDT,SELL,LIMIT,1702202369363,1156,0.08801
CHZUSDT,SELL,LIMIT,1702202370407,1123,0.08800
CHZUSDT,SELL,LIMIT,1702202372330,1062,0.08797
CHZUSDT,SELL,LIMIT,1702202374085,1487,0.08785
CHZUSDT,SELL,LIMIT,1702202380132,1013,0.08791
CHZUSDT,BUY,LIMIT,1702202683982,6230,0.09129
CHZUSDT,SELL,LIMIT,1702204675730,57,0.08823
CHZUSDT,SELL,LIMIT,1702215390322,3188,0.08784
CHZUSDT,SELL,LIMIT,1702218343377,106,0.08778
CHZUSDT,SELL,LIMIT,1702218345070,1161,0.08776
CHZUSDT,SELL,LIMIT,1702218729080,4562,0.08775
CHZUSDT,SELL,LIMIT,1702218733933,101,0.08773
CHZUSDT,SELL,LIMIT,1702218778291,42755,0.08771
CHZUSDT,SELL,LIMIT,1702218781278,4059,0.08769
CHZUSDT,SELL,LIMIT,1702218783397,22786,0.08768
CHZUSDT,SELL,LIMIT,1702218869426,11123,0.08763
CHZUSDT,SELL,LIMIT,1702218878317,55,0.08756
CHZUSDT,SELL,LIMIT,1702218879379,3166,0.08755
CHZUSDT,BUY,LIMIT,1702224432348,4502,0.09147
CHZUSDT,SELL,LIMIT,1702225838940,10549,0.08819
CHZUSDT,SELL,LIMIT,1702225864935,1756,0.08805
CHZUSDT,SELL,LIMIT,1702225883641,8490,0.08802
CHZUSDT,SELL,LIMIT,1702228557331,6014,0.08789
CHZUSDT,SELL,LIMIT,1702230144321,441,0.08757
CHZUSDT,SELL,LIMIT,1702230174696,683,0.08755
CHZUSDT,SELL,LIMIT,1702230190576,218,0.08751
CHZUSDT,SELL,LIMIT,1702230258067,20427,0.08745
CHZUSDT,SELL,LIMIT,1702230259139,112,0.08741
CHZUSDT,BUY,LIMIT,1702233071310,386,0.09125
CHZUSDT,SELL,LIMIT,1702237701116,1014,0.08788
CHZUSDT,BUY,LIMIT,1702239147986,156,0.09117
CHZUSDT,BUY,LIMIT,1702240663118,753,0.09155
CHZUSDT,BUY,LIMIT,1702240763867,4540,0.09164
CHZUSDT,BUY,LIMIT,1702241520838,370,0.09195
CHZUSDT,SELL,LIMIT,1702243634936,614,0.08904
CHZUSDT,SELL,LIMIT,1702245683826,1128,0.08876
CHZUSDT,SELL,LIMIT,1702250299290,7548,0.08862
CHZUSDT,SELL,LIMIT,1702250547853,6505,0.08843
CHZUSDT,SELL,LIMIT,1702250549837,3928,0.08840
CHZUSDT,SELL,LIMIT,1702255580040,6320,0.08879
CHZUSDT,SELL,LIMIT,1702256122245,9448,0.08846
CHZUSDT,SELL,LIMIT,1702256326708,5555,0.08826
CHZUSDT,SELL,LIMIT,1702256439355,136,0.08864
CHZUSDT,SELL,LIMIT,1702256501224,55794,0.08761
CHZUSDT,SELL,LIMIT,1702256502358,17295,0.08786
CHZUSDT,SELL,LIMIT,1702256567681,5555,0.08760
CHZUSDT,SELL,LIMIT,1702256577426,38811,0.08751
CHZUSDT,SELL,LIMIT,1702256608087,30981,0.08749
CHZUSDT,SELL,LIMIT,1702256612347,15542,0.08742
CHZUSDT,SELL,LIMIT,1702256620300,11093,0.08733
CHZUSDT,SELL,LIMIT,1702256672077,1784,0.08731
CHZUSDT,SELL,LIMIT,1702256716217,6362,0.08725
CHZUSDT,SELL,LIMIT,1702256721307,26349,0.08715
CHZUSDT,SELL,LIMIT,1702256725512,1229,0.08712
CHZUSDT,SELL,LIMIT,1702256889121,1101,0.08701
CHZUSDT,SELL,LIMIT,1702256906159,1771,0.08700
CHZUSDT,SELL,LIMIT,1702256907872,23414,0.08699
CHZUSDT,SELL,LIMIT,1702256909902,1760,0.08697
CHZUSDT,SELL,LIMIT,1702256913339,73,0.08689
CHZUSDT,SELL,LIMIT,1702256914494,150,0.08690
CHZUSDT,SELL,LIMIT,1702256915819,860,0.08684
CHZUSDT,SELL,LIMIT,1702256917024,9596,0.08680
CHZUSDT,SELL,LIMIT,1702256920611,6696,0.08665
CHZUSDT,SELL,LIMIT,1702256921781,1655,0.08660
CHZUSDT,SELL,LIMIT,1702256978362,14475,0.08659
CHZUSDT,SELL,LIMIT,1702256985163,1272,0.08657
CHZUSDT,SELL,LIMIT,1702256988511,1568,0.08656
CHZUSDT,SELL,LIMIT,1702256995500,4363,0.08650
CHZUSDT,SELL,LIMIT,1702256998096,429,0.08645
CHZUSDT,SELL,LIMIT,1702257005508,4712,0.08643
CHZUSDT,SELL,LIMIT,1702257008561,47915,0.08639
CHZUSDT,SELL,LIMIT,1702260251691,320,0.08712
CHZUSDT,SELL,LIMIT,1702260260032,4145,0.08705
CHZUSDT,SELL,LIMIT,1702260427021,13906,0.08653
CHZUSDT,SELL,LIMIT,1702260429455,13631,0.08641
CHZUSDT,SELL,LIMIT,1702260431640,111,0.08632
CHZUSDT,SELL,LIMIT,1702260433663,3217,0.08631
CHZUSDT,SELL,LIMIT,1702260435273,4877,0.08624
CHZUSDT,SELL,LIMIT,1702260436459,449,0.08616
CHZUSDT,SELL,LIMIT,1702260439933,542,0.08605
CHZUSDT,SELL,LIMIT,1702260441208,2511,0.08603
CHZUSDT,SELL,LIMIT,1702260443259,7364,0.08614
CHZUSDT,SELL,LIMIT,1702260628624,3840,0.08596
CHZUSDT,SELL,LIMIT,1702260630313,35904,0.08586
CHZUSDT,SELL,LIMIT,1702260631423,27493,0.08576
CHZUSDT,SELL,LIMIT,1702260633274,86202,0.08543
CHZUSDT,SELL,LIMIT,1702260634283,47522,0.08559
CHZUSDT,SELL,LIMIT,1702260635316,4086,0.08558
CHZUSDT,SELL,LIMIT,1702260636397,4000,0.08545
CHZUSDT,SELL,LIMIT,1702260637400,4155,0.08538
CHZUSDT,SELL,LIMIT,1702260700390,17526,0.08537
CHZUSDT,SELL,LIMIT,1702260706742,51278,0.08537
CHZUSDT,SELL,LIMIT,1702260707767,4030,0.08533
CHZUSDT,SELL,LIMIT,1702260708900,1672,0.08525
CHZUSDT,SELL,LIMIT,1702260710029,1205,0.08521
CHZUSDT,SELL,LIMIT,1702260711570,2663,0.08523
CHZUSDT,SELL,LIMIT,1702260712585,13245,0.08522
CHZUSDT,SELL,LIMIT,1702260714191,563,0.08502
CHZUSDT,SELL,LIMIT,1702260715491,47440,0.08502
CHZUSDT,SELL,LIMIT,1702260716789,12420,0.08503
CHZUSDT,SELL,LIMIT,1702260717922,8660,0.08501
CHZUSDT,SELL,LIMIT,1702260719106,1122,0.08479
CHZUSDT,SELL,LIMIT,1702260720544,8318,0.08484
CHZUSDT,SELL,LIMIT,1702260721802,6918,0.08474
CHZUSDT,SELL,LIMIT,1702260722878,3368,0.08474
CHZUSDT,SELL,LIMIT,1702260723911,2250,0.08469
CHZUSDT,SELL,LIMIT,1702260724918,60,0.08449
CHZUSDT,SELL,LIMIT,1702260726331,21841,0.08442
CHZUSDT,SELL,LIMIT,1702260727515,1820,0.08438
CHZUSDT,SELL,LIMIT,1702260730244,111231,0.08401
CHZUSDT,SELL,LIMIT,1702260733358,31263,0.08439
CHZUSDT,SELL,LIMIT,1702260735708,5497,0.08432
CHZUSDT,SELL,LIMIT,1702260736748,1314,0.08417
CHZUSDT,SELL,LIMIT,1702260738587,272,0.08465
CHZUSDT,SELL,LIMIT,1702260739765,5458,0.08410
CHZUSDT,SELL,LIMIT,1702260740843,163,0.08396
CHZUSDT,SELL,LIMIT,1702260742489,54812,0.08409
CHZUSDT,SELL,LIMIT,1702260743614,6628,0.08391
CHZUSDT,SELL,LIMIT,1702260744646,10000,0.08390
CHZUSDT,SELL,LIMIT,1702260746091,1548,0.08393
CHZUSDT,SELL,LIMIT,1702260747559,500,0.08387
CHZUSDT,SELL,LIMIT,1702260748637,585,0.08379
CHZUSDT,SELL,LIMIT,1702260749723,27434,0.08377
CHZUSDT,SELL,LIMIT,1702260750862,1112,0.08374
CHZUSDT,SELL,LIMIT,1702260751921,703,0.08373
CHZUSDT,SELL,LIMIT,1702260753178,8547,0.08373
CHZUSDT,SELL,LIMIT,1702260754424,23357,0.08370
CHZUSDT,SELL,LIMIT,1702260755650,1555,0.08364
CHZUSDT,SELL,LIMIT,1702260756963,151,0.08364
CHZUSDT,SELL,LIMIT,1702260758041,7727,0.08359
CHZUSDT,SELL,LIMIT,1702260759141,3336,0.08353
CHZUSDT,SELL,LIMIT,1702260760455,111,0.08359
CHZUSDT,SELL,LIMIT,1702260761560,17364,0.08338
CHZUSDT,SELL,LIMIT,1702260762553,58,0.08340
CHZUSDT,SELL,LIMIT,1702260763591,276,0.08330
CHZUSDT,SELL,LIMIT,1702260764634,27405,0.08320
CHZUSDT,SELL,LIMIT,1702260765722,111,0.08297
CHZUSDT,SELL,LIMIT,1702260766715,111,0.08296
CHZUSDT,SELL,LIMIT,1702260767824,6695,0.08260
CHZUSDT,SELL,LIMIT,1702260768832,40179,0.08285
CHZUSDT,SELL,LIMIT,1702260769782,350,0.08240
CHZUSDT,SELL,LIMIT,1702260770854,8928,0.08232
CHZUSDT,SELL,LIMIT,1702260772002,2767,0.08240
CHZUSDT,SELL,LIMIT,1702260773126,431,0.08225
CHZUSDT,SELL,LIMIT,1702260774342,6000,0.08215
CHZUSDT,SELL,LIMIT,1702260775409,5887,0.08218
CHZUSDT,SELL,LIMIT,1702260776502,1050,0.08211
CHZUSDT,SELL,LIMIT,1702260777834,578,0.08205
CHZUSDT,SELL,LIMIT,1702260778846,18745,0.08174
CHZUSDT,SELL,LIMIT,1702260780163,34474,0.08164
CHZUSDT,SELL,LIMIT,1702260781358,12408,0.08266
CHZUSDT,SELL,LIMIT,1702260782549,8924,0.08176
CHZUSDT,SELL,LIMIT,1702260783559,23529,0.08161
CHZUSDT,SELL,LIMIT,1702260784805,968,0.08166
CHZUSDT,SELL,LIMIT,1702260786172,6000,0.08167
CHZUSDT,SELL,LIMIT,1702260787441,1080,0.08160
CHZUSDT,SELL,LIMIT,1702260788475,2682,0.08144
CHZUSDT,SELL,LIMIT,1702260789701,5922,0.08126
CHZUSDT,SELL,LIMIT,1702260791033,1156,0.08122
CHZUSDT,SELL,LIMIT,1702260792303,11004,0.08123
CHZUSDT,SELL,LIMIT,1702260793375,39723,0.08069
CHZUSDT,SELL,LIMIT,1702260794439,50000,0.08085
CHZUSDT,SELL,LIMIT,1702260795478,3041,0.08060
CHZUSDT,SELL,LIMIT,1702260796537,23388,0.08060
CHZUSDT,SELL,LIMIT,1702260798710,5842,0.08050
CHZUSDT,SELL,LIMIT,1702260799827,4267,0.08041
CHZUSDT,SELL,LIMIT,1702260801107,1398,0.08042
CHZUSDT,SELL,LIMIT,1702260802215,3561,0.08043
CHZUSDT,SELL,LIMIT,1702260803367,15000,0.08045
CHZUSDT,SELL,LIMIT,1702260805296,10108,0.08041
CHZUSDT,SELL,LIMIT,1702260806327,5626,0.08143
CHZUSDT,SELL,LIMIT,1702260807380,19808,0.08150
CHZUSDT,SELL,LIMIT,1702260808450,29875,0.08091
CHZUSDT,SELL,LIMIT,1702260810557,1086,0.08030
CHZUSDT,SELL,LIMIT,1702260811578,4197,0.08040
CHZUSDT,SELL,LIMIT,1702260813265,5659,0.08040
CHZUSDT,SELL,LIMIT,1702260814576,10000,0.08041
CHZUSDT,SELL,LIMIT,1702260816870,12259,0.08050
CHZUSDT,SELL,LIMIT,1702260818049,389,0.08046
CHZUSDT,SELL,LIMIT,1702260821784,6591,0.08089
CHZUSDT,BUY,LIMIT,1702260845283,5000,0.08376
CHZUSDT,SELL,LIMIT,1702262485580,849,0.08231
CHZUSDT,SELL,LIMIT,1702262615562,1402,0.08185
CHZUSDT,BUY,LIMIT,1702264624410,2522,0.08559
CHZUSDT,BUY,LIMIT,1702266136782,1023,0.08629
