Symbol,Side,Order Type,Time,Quantity,Price
CHZUSDT,SELL,LIMIT,1701000611458,737,0.07493
CHZUSDT,SELL,LIMIT,1701000664297,218,0.07489
CHZUSDT,SELL,LIMIT,1701001504218,751,0.07475
CHZUSDT,SELL,LIMIT,1701006198604,1023,0.07460
CHZUSDT,SELL,LIMIT,1701009288615,5322,0.07423
CHZUSDT,SELL,LIMIT,1701009291903,5991,0.07423
CHZUSDT,SELL,LIMIT,1701013745036,17940,0.07406
CHZUSDT,SELL,LIMIT,1701013957785,11775,0.07385
CHZUSDT,SELL,LIMIT,1701013965146,20049,0.07384
CHZUSDT,SELL,LIMIT,1701014921311,72,0.07410
CHZUSDT,SELL,LIMIT,1701015644389,1346,0.07377
CHZUSDT,SELL,LIMIT,1701015685463,4000,0.07367
CHZUSDT,SELL,LIMIT,1701015758899,27001,0.07351
CHZUSDT,SELL,LIMIT,1701015776336,7881,0.07347
CHZUSDT,SELL,LIMIT,1701015871493,4492,0.07335
CHZUSDT,SELL,LIMIT,1701016000613,20919,0.07328
CHZUSDT,SELL,LIMIT,1701016019125,22521,0.07326
CHZUSDT,SELL,LIMIT,1701016030211,2500,0.07315
CHZUSDT,SELL,LIMIT,1701016032238,66168,0.07305
CHZUSDT,SELL,LIMIT,1701016033137,41308,0.07307
CHZUSDT,SELL,LIMIT,1701016043129,4042,0.07293
CHZUSDT,SELL,LIMIT,1701016044573,14943,0.07294
CHZUSDT,SELL,LIMIT,1701016045439,3913,0.07289
CHZUSDT,SELL,LIMIT,1701016047199,7380,0.07280
CHZUSDT,SELL,LIMIT,1701016048125,12806,0.07275
CHZUSDT,SELL,LIMIT,1701016050505,59701,0.07273
CHZUSDT,SELL,LIMIT,1701016088922,774,0.07272
CHZUSDT,SELL,LIMIT,1701016095206,794,0.07263
CHZUSDT,SELL,LIMIT,1701016096218,5505,0.07262
CHZUSDT,SELL,LIMIT,1701016097522,23818,0.07264
CHZUSDT,SELL,LIMIT,1701016099025,800,0.07258
CHZUSDT,SELL,LIMIT,1701016101601,3000,0.07256
CHZUSDT,SELL,LIMIT,1701016103424,67,0.07261
CHZUSDT,SELL,LIMIT,1701025757554,523,0.10189
CHZUSDT,BUY,LIMIT,1701031740701,5653,0.07629
CHZUSDT,SELL,LIMIT,1701043558335,300,0.07356
CHZUSDT,SELL,LIMIT,1701048819206,11620,0.07369
CHZUSDT,SELL,LIMIT,1701049345340,16019,0.07340
CHZUSDT,SELL,LIMIT,1701053017703,24413,0.07315
CHZUSDT,SELL,LIMIT,1701054439338,2880,0.07299
CHZUSDT,SELL,LIMIT,1701054609124,7431,0.07294
CHZUSDT,SELL,LIMIT,1701055677229,70,0.07287
CHZUSDT,SELL,LIMIT,1701055752467,4212,0.07282
CHZUSDT,SELL,LIMIT,1701055754235,22469,0.07277
CHZUSDT,SELL,LIMIT,1701056009545,1146,0.07272
CHZUSDT,SELL,LIMIT,1701056043348,648,0.07263
CHZUSDT,SELL,LIMIT,1701056069109,2755,0.07257
CHZUSDT,SELL,LIMIT,1701056088031,1052,0.07255
CHZUSDT,SELL,LIMIT,1701056112412,21482,0.07253
CHZUSDT,SELL,LIMIT,1701056154781,217,0.07246
