Symbol,Side,Order Type,Time,Quantity,Price
COMBOUSDT,SELL,LIMIT,1701066546223,7560.8,0.642522
COMBOUSDT,SELL,LIMIT,1701066975693,18.3,0.640800
COMBOUSDT,SELL,LIMIT,1701067331221,334.5,0.638817
COMBOUSDT,SELL,LIMIT,1701067355634,791.0,0.637636
COMBOUSDT,SELL,LIMIT,1701067417157,173.8,0.637761
COMBOUSDT,SELL,LIMIT,1701067462759,319.2,0.636635
COMBOUSDT,SELL,LIMIT,1701067812764,59.6,0.635433
COMBOUSDT,SELL,LIMIT,1701067817761,97.4,0.635069
COMBOUSDT,BUY,LIMIT,1701069011849,12.0,0.668976
COMBOUSDT,SELL,LIMIT,1701069557394,241.0,0.632640
COMBOUSDT,SELL,LIMIT,1701069803165,3861.3,0.632506
COMBOUSDT,SELL,LIMIT,1701069805157,5262.3,0.632148
COMBOUSDT,SELL,LIMIT,1701069807091,441.7,0.631245
COMBOUSDT,SELL,LIMIT,1701069862966,15.0,0.630745
COMBOUSDT,SELL,LIMIT,1701069880556,145.9,0.629967
COMBOUSDT,SELL,LIMIT,1701069883102,3452.5,0.629287
COMBOUSDT,SELL,LIMIT,1701069901989,288.2,0.629227
COMBOUSDT,SELL,LIMIT,1701077125713,39.2,0.648098
COMBOUSDT,SELL,LIMIT,1701081329459,898.9,0.636609
COMBOUSDT,SELL,LIMIT,1701082124953,47.4,0.634598
COMBOUSDT,BUY,LIMIT,1701093505142,41.1,0.682992
COMBOUSDT,BUY,LIMIT,1701098319838,395.6,0.698152
COMBOUSDT,BUY,LIMIT,1701098333390,157.2,0.700223
COMBOUSDT,SELL,LIMIT,1701100336079,0.1,0.664251
COMBOUSDT,SELL,LIMIT,1701107071458,1000.0,0.660877
COMBOUSDT,SELL,LIMIT,1701114368763,12.9,0.661724
COMBOUSDT,SELL,LIMIT,1701116871144,166.4,0.657132
COMBOUSDT,BUY,LIMIT,1701122791629,306.5,0.692519
COMBOUSDT,BUY,LIMIT,1701126194445,66.6,0.707656
COMBOUSDT,BUY,LIMIT,1701126423131,1.3,0.707849
COMBOUSDT,BUY,LIMIT,1701127580715,615.4,0.713218
COMBOUSDT,BUY,LIMIT,1701128002248,7.9,0.713536
COMBOUSDT,BUY,LIMIT,1701129127180,31.8,0.722070
COMBOUSDT,BUY,LIMIT,1701129182333,9.3,0.724130
COMBOUSDT,BUY,LIMIT,1701130963602,33.0,0.726767
COMBOUSDT,BUY,LIMIT,1701131500820,495.9,0.731547
COMBOUSDT,BUY,LIMIT,1701131731010,14.9,0.737004
COMBOUSDT,BUY,LIMIT,1701131792563,752.2,0.738746
COMBOUSDT,BUY,LIMIT,1701131825313,200.0,0.739733
COMBOUSDT,BUY,LIMIT,1701132262573,561.7,0.745667
COMBOUSDT,SELL,LIMIT,1701137210003,425.0,0.686001
COMBOUSDT,SELL,LIMIT,1701142486675,229.9,0.682996
COMBOUSDT,SELL,LIMIT,1701142914509,7.1,0.679489
COMBOUSDT,SELL,LIMIT,1701145136361,180.6,0.675521
COMBOUSDT,SELL,LIMIT,1701145831881,22.6,0.672503
COMBOUSDT,SELL,LIMIT,1701145986416,3594.5,0.671416
COMBOUSDT,SELL,LIMIT,1701146062096,12.0,0.668091
COMBOUSDT,SELL,LIMIT,1701146063519,68.1,0.668069
COMBOUSDT,SELL,LIMIT,1701146107643,445.7,0.667168
COMBOUSDT,SELL,LIMIT,1701147875355,8.5,0.662991
COMBOUSDT,SELL,LIMIT,1701147891409,8.9,0.662473
COMBOUSDT,SELL,LIMIT,1701147921542,35.1,0.662298
COMBOUSDT,SELL,LIMIT,1701148069348,100.6,0.659577
COMBOUSDT,SELL,LIMIT,1701148117642,3374.9,0.658952
COMBOUSDT,SELL,LIMIT,1701148176612,205.5,0.656651
COMBOUSDT,SELL,LIMIT,1701149841497,73.9,0.655729
COMBOUSDT,SELL,LIMIT,1701155462128,1257.3,0.666253
COMBOUSDT,BUY,LIMIT,1701158799270,143.3,0.706563
COMBOUSDT,BUY,LIMIT,1701158809824,4492.0,0.709313
COMBOUSDT,BUY,LIMIT,1701158871620,1760.9,0.717406
COMBOUSDT,BUY,LIMIT,1701158906319,1516.6,0.718235
COMBOUSDT,BUY,LIMIT,1701158908431,16.6,0.719218
COMBOUSDT,BUY,LIMIT,1701158910877,4051.2,0.719933
COMBOUSDT,SELL,LIMIT,1701165930147,844.4,0.674657
COMBOUSDT,SELL,LIMIT,1701168540481,703.3,0.668937
COMBOUSDT,SELL,LIMIT,1701168544399,35.0,0.666776
COMBOUSDT,BUY,LIMIT,1701180205030,49.2,0.723339
COMBOUSDT,BUY,LIMIT,1701180645711,219.7,0.729610
COMBOUSDT,BUY,LIMIT,1701180720357,153.6,0.731057
COMBOUSDT,BUY,LIMIT,1701180728092,150.4,0.731531
COMBOUSDT,BUY,LIMIT,1701186198284,418.2,0.730908
COMBOUSDT,BUY,LIMIT,1701196976098,3133.4,0.740936
COMBOUSDT,BUY,LIMIT,1701197853644,45.5,0.743188
COMBOUSDT,BUY,LIMIT,1701200411370,890.0,0.745164
COMBOUSDT,BUY,LIMIT,1701200469843,70.8,0.745338
COMBOUSDT,BUY,LIMIT,1701200475744,201.4,0.746887
COMBOUSDT,BUY,LIMIT,1701204405915,7.5,0.744076
COMBOUSDT,SELL,LIMIT,1701216532457,549.4,0.691818
COMBOUSDT,SELL,LIMIT,1701216877583,277.5,0.691094
COMBOUSDT,SELL,LIMIT,1701235935087,24.6,0.686249
COMBOUSDT,SELL,LIMIT,1701236139228,2047.5,0.684472
COMBOUSDT,SELL,LIMIT,1701236141104,407.0,0.683823
COMBOUSDT,BUY,LIMIT,1701237753775,22.3,0.713081
COMBOUSDT,SELL,LIMIT,1701238520736,1391.7,0.682728
COMBOUSDT,SELL,LIMIT,1701243639056,24.6,0.675544
COMBOUSDT,SELL,LIMIT,1701244723635,122.4,0.673800
COMBOUSDT,SELL,LIMIT,1701250238181,143.9,0.669678
COMBOUSDT,SELL,LIMIT,1701250337181,125.0,0.668434
COMBOUSDT,SELL,LIMIT,1701250710262,26.0,0.663861
COMBOUSDT,SELL,LIMIT,1701251313307,607.4,0.662437
COMBOUSDT,SELL,LIMIT,1701253612666,4747.8,0.660662
COMBOUSDT,SELL,LIMIT,1701254067200,2266.9,0.658565
COMBOUSDT,SELL,LIMIT,1701254333507,89.7,0.657737
COMBOUSDT,SELL,LIMIT,1701254384064,133.7,0.657170
COMBOUSDT,SELL,LIMIT,1701254413023,1482.4,0.655771
COMBOUSDT,SELL,LIMIT,1701254421154,418.2,0.655566
COMBOUSDT,SELL,LIMIT,1701254423368,101.6,0.654822
COMBOUSDT,SELL,LIMIT,1701254655891,291.2,0.654636
COMBOUSDT,SELL,LIMIT,1701266497635,411.9,0.652343
COMBOUSDT,SELL,LIMIT,1701267600964,80.5,0.651724
COMBOUSDT,SELL,LIMIT,1701268386444,234.1,0.649323
COMBOUSDT,SELL,LIMIT,1701269127213,18216.5,0.645443
COMBOUSDT,SELL,LIMIT,1701269147735,241.5,0.646210
COMBOUSDT,SELL,LIMIT,1701270577430,563.2,0.644505
COMBOUSDT,SELL,LIMIT,1701270590418,428.2,0.643851
COMBOUSDT,SELL,LIMIT,1701270613895,119.8,0.643263
COMBOUSDT,SELL,LIMIT,1701270619121,29.7,0.642336
COMBOUSDT,SELL,LIMIT,1701270834877,65.5,0.640156
COMBOUSDT,SELL,LIMIT,1701293863253,129.6,0.645266
COMBOUSDT,BUY,LIMIT,1701316146191,33.4,0.684507
COMBOUSDT,SELL,LIMIT,1701321907314,4418.8,0.652476
