Symbol,Side,Order Type,Time,Quantity,Price
COMBOUSDT,SELL,LIMIT,1701940024198,32.3,0.720328
COMBOUSDT,SELL,LIMIT,1701940563354,1435.6,0.717920
COMBOUSDT,SELL,LIMIT,1701940679181,53.0,0.716126
COMBOUSDT,SELL,LIMIT,1701941021260,1261.4,0.715420
COMBOUSDT,SELL,LIMIT,1701941024302,28.6,0.714587
COMBOUSDT,SELL,LIMIT,1701941166946,540.8,0.712174
COMBOUSDT,SELL,LIMIT,1701941187978,854.2,0.709820
COMBOUSDT,SELL,LIMIT,1701941246347,121.3,0.708680
COMBOUSDT,SELL,LIMIT,1701956877285,1355.2,0.740077
COMBOUSDT,BUY,LIMIT,1701965066293,1342.1,0.781345
COMBOUSDT,SELL,LIMIT,1701985124776,45.7,0.761657
COMBOUSDT,BUY,LIMIT,1701996759500,11.8,0.813354
COMBOUSDT,BUY,LIMIT,1702001157360,1050.3,0.816597
COMBOUSDT,BUY,LIMIT,1702001363967,1887.9,0.819772
COMBOUSDT,BUY,LIMIT,1702001526127,621.1,0.821805
COMBOUSDT,SELL,LIMIT,1702002728331,187.2,0.780257
COMBOUSDT,BUY,LIMIT,1702007154541,35.8,0.815183
COMBOUSDT,BUY,LIMIT,1702007890587,810.0,0.816810
COMBOUSDT,SELL,LIMIT,1702015876055,84.9,0.796423
COMBOUSDT,SELL,LIMIT,1702016520287,719.1,0.783354
COMBOUSDT,SELL,LIMIT,1702022235682,50.4,0.774593
COMBOUSDT,BUY,LIMIT,1702039097275,15.1,0.807606
COMBOUSDT,SELL,LIMIT,1702042574465,20.6,0.903491
COMBOUSDT,BUY,LIMIT,1702052530227,93.5,0.809778
COMBOUSDT,SELL,LIMIT,1702065560219,72.2,0.784197
COMBOUSDT,BUY,LIMIT,1702080687269,136.2,0.820181
COMBOUSDT,BUY,LIMIT,1702096034203,809.5,0.818550
COMBOUSDT,BUY,LIMIT,1702107982046,22.0,0.816383
COMBOUSDT,BUY,LIMIT,1702108103354,100.4,0.819770
COMBOUSDT,BUY,LIMIT,1702109359571,13.7,0.823853
COMBOUSDT,BUY,LIMIT,1702109514107,129.7,0.824863
COMBOUSDT,BUY,LIMIT,1702109768382,63.2,0.826093
COMBOUSDT,BUY,LIMIT,1702109780749,13.9,0.826710
COMBOUSDT,SELL,LIMIT,1702111031400,6.9,0.776304
COMBOUSDT,SELL,LIMIT,1702111045712,684.5,0.769872
COMBOUSDT,SELL,LIMIT,1702111383074,580.3,0.767502
COMBOUSDT,SELL,LIMIT,1702111388770,753.9,0.764826
COMBOUSDT,SELL,LIMIT,1702134880772,7.4,0.763232
COMBOUSDT,SELL,LIMIT,1702135414130,10.7,0.765258
COMBOUSDT,SELL,LIMIT,1702138954468,8.3,0.766067
COMBOUSDT,SELL,LIMIT,1702141848289,6.3,0.759576
COMBOUSDT,SELL,LIMIT,1702141852114,44.8,0.759207
COMBOUSDT,SELL,LIMIT,1702164800448,381.5,0.755582
COMBOUSDT,SELL,LIMIT,1702164801754,2210.9,0.755575
COMBOUSDT,SELL,LIMIT,1702164806109,26.0,0.753120
COMBOUSDT,SELL,LIMIT,1702164810841,139.0,0.752414
COMBOUSDT,BUY,LIMIT,1702176781086,640.2,0.825783
COMBOUSDT,BUY,LIMIT,1702194058121,251.1,0.837267
COMBOUSDT,BUY,LIMIT,1702194238102,130.9,0.845523
COMBOUSDT,BUY,LIMIT,1702194621287,0.1,0.853934
COMBOUSDT,SELL,LIMIT,1702200762622,838.4,0.807991
COMBOUSDT,BUY,LIMIT,1702201634650,743.7,0.854770
COMBOUSDT,SELL,LIMIT,1702202321228,51.4,0.810853
COMBOUSDT,SELL,LIMIT,1702202366895,100.0,0.812531
COMBOUSDT,BUY,LIMIT,1702202648536,1009.4,0.858831
COMBOUSDT,BUY,LIMIT,1702202652127,528.3,0.860571
COMBOUSDT,BUY,LIMIT,1702202674057,1099.6,0.865845
COMBOUSDT,BUY,LIMIT,1702202852818,163.6,0.866190
COMBOUSDT,BUY,LIMIT,1702202862530,126.9,0.867541
COMBOUSDT,BUY,LIMIT,1702204301313,725.7,0.869956
COMBOUSDT,BUY,LIMIT,1702204320363,113.4,0.871305
COMBOUSDT,SELL,LIMIT,1702205462446,14.6,0.811358
COMBOUSDT,SELL,LIMIT,1702205470866,116.8,0.809980
COMBOUSDT,SELL,LIMIT,1702205564836,123.6,0.808934
COMBOUSDT,SELL,LIMIT,1702206715642,423.5,0.806985
COMBOUSDT,SELL,LIMIT,1702206775428,30.3,0.806222
COMBOUSDT,BUY,LIMIT,1702210622259,252.4,0.865560
COMBOUSDT,BUY,LIMIT,1702213137066,80.5,0.879732
COMBOUSDT,BUY,LIMIT,1702213155177,31.0,0.881332
COMBOUSDT,BUY,LIMIT,1702213172260,36.8,0.882399
COMBOUSDT,BUY,LIMIT,1702213176706,127.6,0.884141
COMBOUSDT,BUY,LIMIT,1702213205015,65.3,0.884890
COMBOUSDT,BUY,LIMIT,1702213272061,550.5,0.887265
COMBOUSDT,BUY,LIMIT,1702213283577,901.2,0.888368
COMBOUSDT,BUY,LIMIT,1702214287391,6.0,0.889325
COMBOUSDT,BUY,LIMIT,1702214301956,33.0,0.891844
COMBOUSDT,BUY,LIMIT,1702214303533,22.0,0.892904
COMBOUSDT,BUY,LIMIT,1702214306467,335.6,0.894960
COMBOUSDT,BUY,LIMIT,1702214315001,567.3,0.895270
COMBOUSDT,BUY,LIMIT,1702214327872,197.5,0.895479
COMBOUSDT,BUY,LIMIT,1702214330062,13.6,0.895831
COMBOUSDT,BUY,LIMIT,1702214334372,1219.5,0.899484
COMBOUSDT,SELL,LIMIT,1702215137315,545.3,0.842961
COMBOUSDT,SELL,LIMIT,1702218731320,287.9,0.833381
COMBOUSDT,SELL,LIMIT,1702218738680,349.1,0.832171
COMBOUSDT,SELL,LIMIT,1702218764055,136.7,0.831421
COMBOUSDT,SELL,LIMIT,1702218766258,80.3,0.830744
COMBOUSDT,SELL,LIMIT,1702218768090,91.2,0.830388
COMBOUSDT,SELL,LIMIT,1702218783511,9.2,0.829849
COMBOUSDT,SELL,LIMIT,1702218786772,536.3,0.828908
COMBOUSDT,SELL,LIMIT,1702218806049,114.7,0.827975
COMBOUSDT,SELL,LIMIT,1702218853790,4032.3,0.827927
COMBOUSDT,SELL,LIMIT,1702218856149,3685.3,0.826975
COMBOUSDT,SELL,LIMIT,1702218857400,175.8,0.827157
COMBOUSDT,SELL,LIMIT,1702218881077,33.0,0.826252
COMBOUSDT,SELL,LIMIT,1702218882733,215.9,0.825824
COMBOUSDT,SELL,LIMIT,1702219009107,200.0,0.824998
COMBOUSDT,SELL,LIMIT,1702219010360,199.4,0.825029
COMBOUSDT,SELL,LIMIT,1702219023088,173.3,0.821514
COMBOUSDT,SELL,LIMIT,1702219043172,148.7,0.820403
COMBOUSDT,SELL,LIMIT,1702219054243,238.9,0.820057
COMBOUSDT,BUY,LIMIT,1702222285761,179.9,0.882911
COMBOUSDT,SELL,LIMIT,1702230227417,23.3,0.837667
COMBOUSDT,BUY,LIMIT,1702234127190,235.0,0.892938
COMBOUSDT,BUY,LIMIT,1702234679165,38.8,0.894652
COMBOUSDT,BUY,LIMIT,1702235003557,357.3,0.896295
COMBOUSDT,BUY,LIMIT,1702235145124,31.1,0.900051
COMBOUSDT,BUY,LIMIT,1702235202660,11.0,0.903390
COMBOUSDT,BUY,LIMIT,1702235214396,93.2,0.904543
COMBOUSDT,BUY,LIMIT,1702235229880,115.5,0.905344
COMBOUSDT,BUY,LIMIT,1702235371352,13.7,0.905958
COMBOUSDT,BUY,LIMIT,1702235376235,4.2,0.906659
COMBOUSDT,BUY,LIMIT,1702235377261,7.9,0.906948
COMBOUSDT,BUY,LIMIT,1702235610210,2745.9,0.910333
COMBOUSDT,BUY,LIMIT,1702235611288,19.1,0.911730
COMBOUSDT,BUY,LIMIT,1702235726591,44.8,0.913165
COMBOUSDT,BUY,LIMIT,1702235727595,3733.1,0.914866
COMBOUSDT,BUY,LIMIT,1702235729586,552.4,0.915405
COMBOUSDT,BUY,LIMIT,1702235757082,3197.5,0.921034
COMBOUSDT,BUY,LIMIT,1702235862161,12.7,0.921876
COMBOUSDT,BUY,LIMIT,1702235876100,1137.6,0.922774
COMBOUSDT,BUY,LIMIT,1702235883527,16.9,0.923885
COMBOUSDT,BUY,LIMIT,1702235897554,1418.0,0.925398
COMBOUSDT,BUY,LIMIT,1702235914501,4590.3,0.929748
COMBOUSDT,BUY,LIMIT,1702235938363,1394.0,0.929923
COMBOUSDT,BUY,LIMIT,1702235939554,73.5,0.929998
COMBOUSDT,BUY,LIMIT,1702235946985,840.4,0.931610
COMBOUSDT,SELL,LIMIT,1702236658184,1790.9,0.866581
COMBOUSDT,SELL,LIMIT,1702236661931,120.2,0.865144
COMBOUSDT,SELL,LIMIT,1702236765039,342.9,0.861552
COMBOUSDT,SELL,LIMIT,1702236769965,224.8,0.859552
COMBOUSDT,SELL,LIMIT,1702236771270,1185.0,0.859301
COMBOUSDT,BUY,LIMIT,1702238605518,325.6,0.911981
COMBOUSDT,BUY,LIMIT,1702238705850,18.2,0.912686
COMBOUSDT,BUY,LIMIT,1702240748659,158.2,0.912695
COMBOUSDT,BUY,LIMIT,1702240762134,77.9,0.914430
COMBOUSDT,BUY,LIMIT,1702241791122,10.5,0.903836
COMBOUSDT,BUY,LIMIT,1702242552983,30.2,0.908400
COMBOUSDT,BUY,LIMIT,1702243343812,130.3,0.921742
COMBOUSDT,BUY,LIMIT,1702243384407,514.2,0.922311
COMBOUSDT,SELL,LIMIT,1702245647234,26.5,0.884734
COMBOUSDT,BUY,LIMIT,1702248089136,472.8,0.930964
COMBOUSDT,BUY,LIMIT,1702248090811,15.9,0.933241
COMBOUSDT,BUY,LIMIT,1702249090294,5.9,0.933846
COMBOUSDT,BUY,LIMIT,1702249091435,1850.7,0.934359
COMBOUSDT,BUY,LIMIT,1702249310277,46.1,0.935795
COMBOUSDT,BUY,LIMIT,1702249346801,31.2,0.937594
COMBOUSDT,BUY,LIMIT,1702249429227,223.8,0.937786
COMBOUSDT,BUY,LIMIT,1702249445837,798.0,0.938367
COMBOUSDT,BUY,LIMIT,1702249495250,80.0,0.938765
COMBOUSDT,BUY,LIMIT,1702249497329,350.8,0.939186
COMBOUSDT,BUY,LIMIT,1702249645680,57.6,0.943023
COMBOUSDT,BUY,LIMIT,1702249648496,412.4,0.943880
COMBOUSDT,BUY,LIMIT,1702249650218,330.5,0.944537
COMBOUSDT,BUY,LIMIT,1702249654594,73.4,0.945129
COMBOUSDT,BUY,LIMIT,1702249678273,948.9,0.946019
COMBOUSDT,BUY,LIMIT,1702249679648,1375.3,0.946669
COMBOUSDT,BUY,LIMIT,1702249682592,1078.1,0.947131
COMBOUSDT,BUY,LIMIT,1702249684403,296.5,0.947271
COMBOUSDT,BUY,LIMIT,1702249714734,48.0,0.947384
COMBOUSDT,BUY,LIMIT,1702249729162,184.8,0.947578
COMBOUSDT,BUY,LIMIT,1702249737843,47.1,0.948376
COMBOUSDT,BUY,LIMIT,1702249742347,461.7,0.949593
COMBOUSDT,BUY,LIMIT,1702251855256,14.4,0.951274
COMBOUSDT,BUY,LIMIT,1702251898939,38.7,0.951853
COMBOUSDT,BUY,LIMIT,1702252978715,82.4,0.954399
COMBOUSDT,BUY,LIMIT,1702252980856,6.9,0.955040
COMBOUSDT,BUY,LIMIT,1702252984919,477.7,0.956743
COMBOUSDT,BUY,LIMIT,1702252986317,1021.6,0.957125
COMBOUSDT,BUY,LIMIT,1702252989470,110.5,0.958238
COMBOUSDT,BUY,LIMIT,1702253351723,489.3,0.952344
COMBOUSDT,BUY,LIMIT,1702253933139,121.0,0.959584
COMBOUSDT,BUY,LIMIT,1702253940187,1241.2,0.960109
COMBOUSDT,BUY,LIMIT,1702253941251,42.9,0.960496
COMBOUSDT,BUY,LIMIT,1702253948115,435.0,0.961335
COMBOUSDT,BUY,LIMIT,1702253966172,54.5,0.962171
COMBOUSDT,BUY,LIMIT,1702253968511,323.4,0.961908
COMBOUSDT,BUY,LIMIT,1702253970363,38.8,0.962530
COMBOUSDT,BUY,LIMIT,1702253971651,3117.3,0.964731
COMBOUSDT,BUY,LIMIT,1702253972664,7.4,0.964909
COMBOUSDT,BUY,LIMIT,1702253974564,66.6,0.965360
COMBOUSDT,BUY,LIMIT,1702254132628,347.9,0.963095
COMBOUSDT,BUY,LIMIT,1702254219152,43.5,0.967331
COMBOUSDT,BUY,LIMIT,1702254743257,191.6,0.969688
COMBOUSDT,BUY,LIMIT,1702254746515,1641.6,0.970998
COMBOUSDT,BUY,LIMIT,1702254763169,128.1,0.971978
COMBOUSDT,BUY,LIMIT,1702254764176,189.8,0.972270
COMBOUSDT,BUY,LIMIT,1702254767882,1333.0,0.979513
COMBOUSDT,BUY,LIMIT,1702254769168,440.1,0.979715
COMBOUSDT,BUY,LIMIT,1702254770225,643.4,0.981187
COMBOUSDT,BUY,LIMIT,1702254771327,642.8,0.980411
COMBOUSDT,BUY,LIMIT,1702254774166,650.0,0.981389
COMBOUSDT,BUY,LIMIT,1702254775452,122.9,0.983125
COMBOUSDT,BUY,LIMIT,1702255003196,205.0,0.984802
COMBOUSDT,BUY,LIMIT,1702255004226,105.4,0.990011
COMBOUSDT,BUY,LIMIT,1702255005333,920.0,0.989701
COMBOUSDT,SELL,LIMIT,1702255062483,500.0,0.955641
COMBOUSDT,BUY,LIMIT,1702255067313,222.2,0.990060
COMBOUSDT,BUY,LIMIT,1702255103942,86.1,0.991064
COMBOUSDT,BUY,LIMIT,1702255110066,2338.3,0.992691
COMBOUSDT,BUY,LIMIT,1702255111275,11.9,0.992321
COMBOUSDT,BUY,LIMIT,1702255115599,12208.5,0.997175
COMBOUSDT,BUY,LIMIT,1702255116767,168.3,0.995573
COMBOUSDT,SELL,LIMIT,1702256357924,2068.2,0.932673
COMBOUSDT,SELL,LIMIT,1702256502946,41.0,0.936215
COMBOUSDT,SELL,LIMIT,1702256617476,410.1,0.926909
COMBOUSDT,SELL,LIMIT,1702256620302,762.9,0.927073
COMBOUSDT,SELL,LIMIT,1702256731678,2928.6,0.924916
COMBOUSDT,SELL,LIMIT,1702256890528,323.6,0.924205
COMBOUSDT,SELL,LIMIT,1702256900405,279.5,0.923068
COMBOUSDT,SELL,LIMIT,1702256907280,8.1,0.928162
COMBOUSDT,SELL,LIMIT,1702256916174,304.4,0.922036
COMBOUSDT,SELL,LIMIT,1702256918343,30.9,0.920907
COMBOUSDT,SELL,LIMIT,1702256919491,180.7,0.921654
COMBOUSDT,SELL,LIMIT,1702256921224,5181.4,0.917068
COMBOUSDT,SELL,LIMIT,1702256922243,274.2,0.916935
COMBOUSDT,SELL,LIMIT,1702256976337,66.8,0.916397
COMBOUSDT,SELL,LIMIT,1702257009840,276.4,0.917443
COMBOUSDT,BUY,LIMIT,1702257426708,550.9,0.975137
COMBOUSDT,BUY,LIMIT,1702257651602,1663.6,0.983209
COMBOUSDT,BUY,LIMIT,1702258880087,171.4,0.974064
COMBOUSDT,BUY,LIMIT,1702259160377,106.5,0.986500
COMBOUSDT,BUY,LIMIT,1702259187095,797.1,0.988260
COMBOUSDT,BUY,LIMIT,1702259255929,611.6,0.990728
COMBOUSDT,BUY,LIMIT,1702259271372,5.3,0.994401
COMBOUSDT,BUY,LIMIT,1702259335457,800.0,0.993276
COMBOUSDT,BUY,LIMIT,1702259381109,145.6,0.996185
COMBOUSDT,BUY,LIMIT,1702259382292,890.4,0.996616
COMBOUSDT,BUY,LIMIT,1702259385276,713.9,0.998437
COMBOUSDT,BUY,LIMIT,1702259386358,45.3,0.997624
COMBOUSDT,BUY,LIMIT,1702259388171,18.9,0.998689
COMBOUSDT,BUY,LIMIT,1702259487007,1121.5,0.999199
COMBOUSDT,BUY,LIMIT,1702259488064,304.5,1.000647
COMBOUSDT,BUY,LIMIT,1702259495081,111.9,1.002582
COMBOUSDT,BUY,LIMIT,1702259681532,16.9,0.994383
COMBOUSDT,BUY,LIMIT,1702260072080,7.9,1.003341
COMBOUSDT,SELL,LIMIT,1702260428568,21.8,0.942494
COMBOUSDT,BUY,LIMIT,1702260430541,13.1,0.939562
COMBOUSDT,BUY,LIMIT,1702260439492,288.6,0.976037
COMBOUSDT,SELL,LIMIT,1702260445302,2117.0,0.936598
COMBOUSDT,SELL,LIMIT,1702260630857,10.0,0.951848
COMBOUSDT,SELL,LIMIT,1702260689473,1727.3,0.950782
COMBOUSDT,SELL,LIMIT,1702260697117,221.7,0.933894
COMBOUSDT,SELL,LIMIT,1702260699263,678.1,0.934525
COMBOUSDT,SELL,LIMIT,1702260703241,10.0,0.940635
COMBOUSDT,BUY,LIMIT,1702260708854,29.9,0.957274
COMBOUSDT,SELL,LIMIT,1702260710162,46.7,0.942091
COMBOUSDT,SELL,LIMIT,1702260711350,217.4,0.935279
COMBOUSDT,SELL,LIMIT,1702260712956,11600.1,0.932214
COMBOUSDT,SELL,LIMIT,1702260714724,316.9,0.933894
COMBOUSDT,SELL,LIMIT,1702260716841,50.2,0.932801
COMBOUSDT,SELL,LIMIT,1702260718139,99.0,0.934441
COMBOUSDT,SELL,LIMIT,1702260719392,414.8,0.929754
COMBOUSDT,SELL,LIMIT,1702260720600,195.7,0.929924
COMBOUSDT,SELL,LIMIT,1702260721986,76.8,0.927434
COMBOUSDT,SELL,LIMIT,1702260723422,22.8,0.925652
COMBOUSDT,SELL,LIMIT,1702260724542,5125.1,0.925121
COMBOUSDT,SELL,LIMIT,1702260725552,115.8,0.923858
COMBOUSDT,SELL,LIMIT,1702260726583,784.1,0.923689
COMBOUSDT,SELL,LIMIT,1702260727695,216.9,0.948893
COMBOUSDT,SELL,LIMIT,1702260728807,1102.4,0.936559
COMBOUSDT,SELL,LIMIT,1702260730265,69.2,0.921674
COMBOUSDT,SELL,LIMIT,1702260731367,2945.9,0.922576
COMBOUSDT,SELL,LIMIT,1702260732943,13.6,0.919255
COMBOUSDT,SELL,LIMIT,1702260734165,486.0,0.917728
COMBOUSDT,BUY,LIMIT,1702260735439,43.1,0.923807
COMBOUSDT,BUY,LIMIT,1702260736904,5453.7,0.950978
COMBOUSDT,SELL,LIMIT,1702260739819,7.0,0.945931
COMBOUSDT,BUY,LIMIT,1702260745795,183.2,0.958825
COMBOUSDT,SELL,LIMIT,1702260746840,382.1,0.924549
COMBOUSDT,BUY,LIMIT,1702260747852,5777.0,0.960077
COMBOUSDT,SELL,LIMIT,1702260749291,551.4,0.922438
COMBOUSDT,SELL,LIMIT,1702260750739,32.5,0.933651
COMBOUSDT,SELL,LIMIT,1702260752145,631.3,0.926549
COMBOUSDT,SELL,LIMIT,1702260753267,13.3,0.933161
COMBOUSDT,BUY,LIMIT,1702260754918,1786.1,0.957610
COMBOUSDT,SELL,LIMIT,1702260756765,4095.8,0.922608
COMBOUSDT,BUY,LIMIT,1702260758138,312.9,0.959068
COMBOUSDT,BUY,LIMIT,1702260759232,351.8,0.957259
COMBOUSDT,SELL,LIMIT,1702260760838,1809.4,0.931249
COMBOUSDT,SELL,LIMIT,1702260762007,5769.6,0.922090
COMBOUSDT,SELL,LIMIT,1702260763592,132.3,0.917183
COMBOUSDT,SELL,LIMIT,1702260764660,11918.9,0.922955
COMBOUSDT,SELL,LIMIT,1702260765664,42.5,0.916635
COMBOUSDT,SELL,LIMIT,1702260766631,200.0,1.643338
COMBOUSDT,SELL,LIMIT,1702260767915,169.8,0.934331
COMBOUSDT,SELL,LIMIT,1702260768994,479.4,0.915904
COMBOUSDT,SELL,LIMIT,1702260769953,1000.0,0.963108
COMBOUSDT,SELL,LIMIT,1702260771059,1276.2,0.910376
COMBOUSDT,SELL,LIMIT,1702260772291,20.1,0.935639
COMBOUSDT,BUY,LIMIT,1702260773299,658.6,0.943970
COMBOUSDT,SELL,LIMIT,1702260774321,268.3,0.899400
COMBOUSDT,SELL,LIMIT,1702260775375,119.0,0.881352
COMBOUSDT,SELL,LIMIT,1702260776381,3264.4,0.876325
COMBOUSDT,SELL,LIMIT,1702260777465,2252.0,0.883926
COMBOUSDT,SELL,LIMIT,1702260778492,6.3,0.881675
COMBOUSDT,SELL,LIMIT,1702260779527,150.0,0.891258
COMBOUSDT,SELL,LIMIT,1702260780548,53.8,0.870871
COMBOUSDT,SELL,LIMIT,1702260781562,2066.2,0.863111
COMBOUSDT,SELL,LIMIT,1702260782582,5336.9,0.865958
COMBOUSDT,SELL,LIMIT,1702260783626,1056.1,0.857504
COMBOUSDT,SELL,LIMIT,1702260784644,532.0,0.858702
COMBOUSDT,SELL,LIMIT,1702260785686,102.3,0.849095
COMBOUSDT,SELL,LIMIT,1702260786787,8399.5,0.847683
COMBOUSDT,SELL,LIMIT,1702260787784,116.2,0.899671
COMBOUSDT,SELL,LIMIT,1702260788804,623.5,0.836935
COMBOUSDT,SELL,LIMIT,1702260789811,207.2,0.833102
COMBOUSDT,SELL,LIMIT,1702260790832,303.8,0.830363
COMBOUSDT,SELL,LIMIT,1702260792483,107.1,0.826993
COMBOUSDT,BUY,LIMIT,1702260793632,28.4,0.844749
COMBOUSDT,SELL,LIMIT,1702260794757,351.9,0.829598
COMBOUSDT,SELL,LIMIT,1702260796185,79.4,0.826347
COMBOUSDT,SELL,LIMIT,1702260797307,535.3,0.824485
COMBOUSDT,BUY,LIMIT,1702260798359,5434.0,0.857224
COMBOUSDT,SELL,LIMIT,1702260799420,31.0,0.824659
COMBOUSDT,SELL,LIMIT,1702260800465,696.2,0.823436
COMBOUSDT,SELL,LIMIT,1702260801669,429.3,0.822854
COMBOUSDT,SELL,LIMIT,1702260804361,700.0,0.821659
COMBOUSDT,SELL,LIMIT,1702260805393,108.4,0.819689
COMBOUSDT,SELL,LIMIT,1702260806471,6854.0,0.879498
COMBOUSDT,SELL,LIMIT,1702260807489,166.4,0.812492
COMBOUSDT,SELL,LIMIT,1702260808540,1974.1,0.813063
COMBOUSDT,SELL,LIMIT,1702260810046,27.2,0.855234
COMBOUSDT,SELL,LIMIT,1702260811320,107.3,0.807070
COMBOUSDT,SELL,LIMIT,1702260812483,720.7,0.808480
COMBOUSDT,SELL,LIMIT,1702260817115,638.5,0.811307
COMBOUSDT,SELL,LIMIT,1702260818281,6.7,0.808839
COMBOUSDT,SELL,LIMIT,1702260819391,32.9,0.808839
COMBOUSDT,SELL,LIMIT,1702260820575,1620.4,0.825078
COMBOUSDT,BUY,LIMIT,1702260823048,11666.0,0.857420
COMBOUSDT,SELL,LIMIT,1702260824088,227.0,0.982335
COMBOUSDT,BUY,LIMIT,1702260827097,36.0,0.869465
COMBOUSDT,BUY,LIMIT,1702260828099,1934.6,0.874483
COMBOUSDT,BUY,LIMIT,1702260830536,771.4,0.890037
COMBOUSDT,BUY,LIMIT,1702260833343,25.9,0.892951
COMBOUSDT,BUY,LIMIT,1702260834467,973.8,0.892951
COMBOUSDT,BUY,LIMIT,1702260836411,107.3,0.901029
COMBOUSDT,BUY,LIMIT,1702260839784,142.4,0.910340
COMBOUSDT,BUY,LIMIT,1702260876726,6.2,0.919805
COMBOUSDT,BUY,LIMIT,1702260889247,342.8,0.924577
COMBOUSDT,BUY,LIMIT,1702260890325,2327.2,0.926732
COMBOUSDT,SELL,LIMIT,1702260933907,96.2,0.897230
COMBOUSDT,BUY,LIMIT,1702260937275,2803.0,0.927412
COMBOUSDT,BUY,LIMIT,1702260983580,5.9,0.935220
COMBOUSDT,BUY,LIMIT,1702260988151,5600.3,0.937782
COMBOUSDT,BUY,LIMIT,1702260990526,464.8,0.942658
COMBOUSDT,BUY,LIMIT,1702261060602,47.6,0.944969
COMBOUSDT,BUY,LIMIT,1702261076752,44.0,0.952211
COMBOUSDT,BUY,LIMIT,1702261078324,5.8,0.953965
COMBOUSDT,BUY,LIMIT,1702261082277,339.1,0.957420
COMBOUSDT,BUY,LIMIT,1702261083352,207.6,0.957801
COMBOUSDT,BUY,LIMIT,1702261094220,2332.5,0.959131
COMBOUSDT,BUY,LIMIT,1702261103802,671.8,0.960229
COMBOUSDT,BUY,LIMIT,1702261345579,427.7,0.960272
COMBOUSDT,BUY,LIMIT,1702261447820,3121.9,0.952321
COMBOUSDT,SELL,LIMIT,1702261565702,75.8,0.898901
COMBOUSDT,BUY,LIMIT,1702261830852,65.5,0.949475
COMBOUSDT,SELL,LIMIT,1702262000853,225.8,0.902499
COMBOUSDT,SELL,LIMIT,1702262580127,857.3,0.887527
COMBOUSDT,SELL,LIMIT,1702262581520,347.6,0.887820
COMBOUSDT,SELL,LIMIT,1702262582779,14.5,0.886213
COMBOUSDT,SELL,LIMIT,1702262585199,15.0,0.883585
COMBOUSDT,SELL,LIMIT,1702262586222,1643.0,0.882738
COMBOUSDT,SELL,LIMIT,1702262587234,69.2,0.876230
COMBOUSDT,SELL,LIMIT,1702262588264,10.4,0.879031
COMBOUSDT,SELL,LIMIT,1702262589513,866.2,0.874778
COMBOUSDT,SELL,LIMIT,1702262860909,33.8,0.875132
COMBOUSDT,SELL,LIMIT,1702262866944,69.4,0.873370
COMBOUSDT,SELL,LIMIT,1702262871643,24.4,0.872242
COMBOUSDT,SELL,LIMIT,1702262873151,28.3,0.870210
COMBOUSDT,SELL,LIMIT,1702262874225,161.7,0.868772
COMBOUSDT,BUY,LIMIT,1702263230140,723.8,0.919008
COMBOUSDT,BUY,LIMIT,1702263644252,100.0,0.916808
COMBOUSDT,BUY,LIMIT,1702264165730,50.0,0.925619
COMBOUSDT,SELL,LIMIT,1702264326651,80.0,0.936677
COMBOUSDT,BUY,LIMIT,1702264352362,4190.4,0.935056
COMBOUSDT,BUY,LIMIT,1702264353979,33.6,0.936846
COMBOUSDT,BUY,LIMIT,1702264355113,2013.9,0.936946
COMBOUSDT,BUY,LIMIT,1702264357120,336.3,0.939335
COMBOUSDT,BUY,LIMIT,1702264361285,201.2,0.940682
COMBOUSDT,BUY,LIMIT,1702264364468,252.4,0.945558
COMBOUSDT,BUY,LIMIT,1702264402273,10377.6,0.949624
COMBOUSDT,BUY,LIMIT,1702264404722,87.6,0.947883
COMBOUSDT,BUY,LIMIT,1702264489191,27.2,0.949835
COMBOUSDT,BUY,LIMIT,1702264490350,180.7,0.952111
COMBOUSDT,SELL,LIMIT,1702264806155,43.2,0.902797
COMBOUSDT,SELL,LIMIT,1702265482532,257.6,0.904623
COMBOUSDT,BUY,LIMIT,1702268214607,42.3,0.954338
