Symbol,Side,Order Type,Time,Quantity,Price
COMBOUSDT,BUY,LIMIT,1700990461163,33.6,0.731980
COMBOUSDT,SELL,LIMIT,1700993862545,55.9,0.693118
COMBOUSDT,SELL,LIMIT,1700994168329,96.2,0.691052
COMBOUSDT,SELL,LIMIT,1700994244019,4471.0,0.691480
COMBOUSDT,SELL,LIMIT,1700997116279,1071.7,0.681222
COMBOUSDT,SELL,LIMIT,1700997150387,25.7,0.679394
COMBOUSDT,BUY,LIMIT,1701002625074,58.1,0.727498
COMBOUSDT,BUY,LIMIT,1701002823263,2172.6,0.727333
COMBOUSDT,BUY,LIMIT,1701002987410,614.5,0.725914
COMBOUSDT,BUY,LIMIT,1701003034557,28.7,0.728982
COMBOUSDT,BUY,LIMIT,1701003046045,453.8,0.729610
COMBOUSDT,BUY,LIMIT,1701003049904,49.6,0.730217
COMBOUSDT,BUY,LIMIT,1701003085378,7177.7,0.730792
COMBOUSDT,BUY,LIMIT,1701003102740,20.2,0.732648
COMBOUSDT,BUY,LIMIT,1701003104442,2533.1,0.733965
COMBOUSDT,BUY,LIMIT,1701003108718,268.2,0.734860
COMBOUSDT,BUY,LIMIT,1701003123423,28.5,0.735412
COMBOUSDT,BUY,LIMIT,1701003207082,878.6,0.735468
COMBOUSDT,BUY,LIMIT,1701003222150,28.5,0.736329
COMBOUSDT,BUY,LIMIT,1701003384426,32.2,0.736644
COMBOUSDT,BUY,LIMIT,1701003413053,2154.5,0.737486
COMBOUSDT,BUY,LIMIT,1701003416159,1429.8,0.738535
COMBOUSDT,BUY,LIMIT,1701005216293,8.8,0.739479
COMBOUSDT,BUY,LIMIT,1701005217426,38.1,0.739779
COMBOUSDT,SELL,LIMIT,1701008536056,27.7,0.685964
COMBOUSDT,SELL,LIMIT,1701009001062,27.2,0.687054
COMBOUSDT,SELL,LIMIT,1701009072302,280.1,0.683867
COMBOUSDT,SELL,LIMIT,1701009074847,1223.2,0.683618
COMBOUSDT,SELL,LIMIT,1701009118079,280.1,0.681451
COMBOUSDT,SELL,LIMIT,1701009119387,1418.2,0.681242
COMBOUSDT,SELL,LIMIT,1701009205978,2563.8,0.680328
COMBOUSDT,SELL,LIMIT,1701009281521,339.3,0.678934
COMBOUSDT,SELL,LIMIT,1701009288098,518.4,0.677993
COMBOUSDT,SELL,LIMIT,1701009289491,341.2,0.678162
COMBOUSDT,SELL,LIMIT,1701010458935,133.0,0.675666
COMBOUSDT,SELL,LIMIT,1701010460340,704.6,0.673869
COMBOUSDT,SELL,LIMIT,1701010462322,26.5,0.671060
COMBOUSDT,SELL,LIMIT,1701010489134,2913.9,0.670651
COMBOUSDT,SELL,LIMIT,1701013002071,2349.2,0.667841
COMBOUSDT,SELL,LIMIT,1701013016621,139.2,0.667504
COMBOUSDT,SELL,LIMIT,1701013034295,79.0,0.666695
COMBOUSDT,SELL,LIMIT,1701013085288,104.2,0.665951
COMBOUSDT,SELL,LIMIT,1701013089259,567.2,0.666246
COMBOUSDT,SELL,LIMIT,1701013093206,12.6,0.664950
COMBOUSDT,SELL,LIMIT,1701013094935,20112.5,0.662667
COMBOUSDT,SELL,LIMIT,1701013096723,67.1,0.664095
COMBOUSDT,SELL,LIMIT,1701013108573,11.3,0.662877
COMBOUSDT,SELL,LIMIT,1701013744650,100.0,0.661897
COMBOUSDT,SELL,LIMIT,1701013749149,38.6,0.661342
COMBOUSDT,SELL,LIMIT,1701013868396,228.8,0.660600
COMBOUSDT,SELL,LIMIT,1701013950052,675.3,0.658742
COMBOUSDT,SELL,LIMIT,1701014038315,48.6,0.655112
COMBOUSDT,SELL,LIMIT,1701014049459,44.8,0.654898
COMBOUSDT,SELL,LIMIT,1701014054001,471.0,0.654451
COMBOUSDT,SELL,LIMIT,1701014058383,421.6,0.654055
COMBOUSDT,SELL,LIMIT,1701014060335,167.9,0.654228
COMBOUSDT,BUY,LIMIT,1701014813682,2719.6,0.687746
COMBOUSDT,BUY,LIMIT,1701014861586,120.0,0.689587
COMBOUSDT,SELL,LIMIT,1701014898539,50.0,0.660804
COMBOUSDT,SELL,LIMIT,1701014976675,1867.1,0.660509
COMBOUSDT,SELL,LIMIT,1701015195744,100.0,0.655456
COMBOUSDT,SELL,LIMIT,1701015512547,1000.0,0.657364
COMBOUSDT,SELL,LIMIT,1701015610408,138.4,0.654739
COMBOUSDT,SELL,LIMIT,1701015640584,50.0,0.653974
COMBOUSDT,SELL,LIMIT,1701015648166,3000.0,0.653142
COMBOUSDT,SELL,LIMIT,1701015650045,34.2,0.652856
COMBOUSDT,SELL,LIMIT,1701015657417,40.7,0.651607
COMBOUSDT,SELL,LIMIT,1701015659949,500.0,0.650779
COMBOUSDT,SELL,LIMIT,1701015662505,64.4,0.650765
COMBOUSDT,SELL,LIMIT,1701015663729,7256.8,0.650512
COMBOUSDT,SELL,LIMIT,1701015665303,4000.0,0.649887
COMBOUSDT,SELL,LIMIT,1701015666467,319.4,0.649044
COMBOUSDT,SELL,LIMIT,1701015673050,487.7,0.648497
COMBOUSDT,SELL,LIMIT,1701015684173,1004.3,0.647697
COMBOUSDT,SELL,LIMIT,1701015846443,1194.2,0.647981
COMBOUSDT,SELL,LIMIT,1701015874105,350.2,0.646272
COMBOUSDT,SELL,LIMIT,1701015999225,1000.0,0.646566
COMBOUSDT,SELL,LIMIT,1701016022856,2956.0,0.645254
COMBOUSDT,SELL,LIMIT,1701016025071,266.3,0.645233
COMBOUSDT,SELL,LIMIT,1701016031325,10.4,0.644960
COMBOUSDT,SELL,LIMIT,1701016032994,47.2,0.644548
COMBOUSDT,SELL,LIMIT,1701016035475,3226.7,0.644119
COMBOUSDT,SELL,LIMIT,1701016040078,559.0,0.643358
COMBOUSDT,SELL,LIMIT,1701016042171,601.8,0.643000
COMBOUSDT,SELL,LIMIT,1701016043145,300.0,0.641765
COMBOUSDT,SELL,LIMIT,1701016044083,1105.8,0.641771
COMBOUSDT,SELL,LIMIT,1701016049073,5347.9,0.641048
COMBOUSDT,SELL,LIMIT,1701016050044,70.2,0.640559
COMBOUSDT,SELL,LIMIT,1701016101379,4333.4,0.639238
COMBOUSDT,SELL,LIMIT,1701016103917,9.8,0.639232
COMBOUSDT,SELL,LIMIT,1701027382111,414.6,0.657855
COMBOUSDT,BUY,LIMIT,1701031757347,792.5,0.691969
COMBOUSDT,BUY,LIMIT,1701031961441,159.6,0.692476
COMBOUSDT,BUY,LIMIT,1701036568726,2100.2,0.695177
COMBOUSDT,BUY,LIMIT,1701038677066,127.3,0.692263
COMBOUSDT,BUY,LIMIT,1701044897646,35.5,0.691505
COMBOUSDT,SELL,LIMIT,1701051916582,147.3,0.654086
COMBOUSDT,SELL,LIMIT,1701053045097,294.2,0.655012
COMBOUSDT,SELL,LIMIT,1701055934565,832.7,0.647517
COMBOUSDT,SELL,LIMIT,1701055992370,124.8,0.647085
COMBOUSDT,SELL,LIMIT,1701056053416,140.2,0.645331
COMBOUSDT,SELL,LIMIT,1701056058955,147.3,0.644996
COMBOUSDT,SELL,LIMIT,1701056090325,10.2,0.644351
COMBOUSDT,SELL,LIMIT,1701056091376,283.0,0.644265
COMBOUSDT,SELL,LIMIT,1701056141217,845.4,0.644253
