Symbol,Side,Order Type,Time,Quantity,Price
COMPUSDT,SELL,LIMIT,1701068170229,5.410,50.44
COMPUSDT,SELL,LIMIT,1701068171497,145.003,50.19
COMPUSDT,SELL,LIMIT,1701068176241,0.371,50.42
COMPUSDT,SELL,LIMIT,1701068319962,0.247,50.41
COMPUSDT,SELL,LIMIT,1701068996648,18.217,50.60
COMPUSDT,SELL,LIMIT,1701069523400,2.940,50.36
COMPUSDT,SELL,LIMIT,1701069528161,35.000,50.33
COMPUSDT,SELL,LIMIT,1701069571845,1.632,50.30
COMPUSDT,SELL,LIMIT,1701069635610,12.739,50.27
COMPUSDT,SELL,LIMIT,1701069637974,14.049,50.26
COMPUSDT,SELL,LIMIT,1701069837478,15.195,50.14
COMPUSDT,SELL,LIMIT,1701069850334,0.195,50.14
COMPUSDT,SELL,LIMIT,1701069880790,0.957,50.05
COMPUSDT,SELL,LIMIT,1701069886888,0.708,50.05
COMPUSDT,SELL,LIMIT,1701069892416,6.517,50.02
COMPUSDT,SELL,LIMIT,1701069896085,0.752,49.98
COMPUSDT,SELL,LIMIT,1701069897110,204.923,49.57
COMPUSDT,SELL,LIMIT,1701070173035,6.874,49.93
COMPUSDT,SELL,LIMIT,1701077399082,0.110,50.70
COMPUSDT,SELL,LIMIT,1701079851368,10.623,50.60
COMPUSDT,SELL,LIMIT,1701081328664,0.097,50.31
COMPUSDT,SELL,LIMIT,1701082537673,0.018,50.08
COMPUSDT,SELL,LIMIT,1701082675078,2.414,49.91
COMPUSDT,SELL,LIMIT,1701082697818,4.315,49.84
COMPUSDT,SELL,LIMIT,1701082728100,9.291,49.82
COMPUSDT,SELL,LIMIT,1701086642329,2.663,50.39
COMPUSDT,SELL,LIMIT,1701096939565,0.399,49.91
COMPUSDT,SELL,LIMIT,1701097094661,0.109,49.74
COMPUSDT,SELL,LIMIT,1701097096288,13.378,49.72
COMPUSDT,SELL,LIMIT,1701097102470,16.886,49.68
COMPUSDT,SELL,LIMIT,1701100215778,0.954,50.09
COMPUSDT,SELL,LIMIT,1701104216797,4.000,50.43
COMPUSDT,SELL,LIMIT,1701114162697,0.153,49.63
COMPUSDT,SELL,LIMIT,1701114232622,984.251,48.91
COMPUSDT,SELL,LIMIT,1701114233793,3.092,49.57
COMPUSDT,SELL,LIMIT,1701114238438,2.424,49.47
COMPUSDT,SELL,LIMIT,1701114343393,63.872,49.38
COMPUSDT,SELL,LIMIT,1701114352849,0.154,49.36
COMPUSDT,SELL,LIMIT,1701114354092,11.408,49.34
COMPUSDT,SELL,LIMIT,1701114355215,0.782,49.33
COMPUSDT,SELL,LIMIT,1701114356464,2.366,49.33
COMPUSDT,SELL,LIMIT,1701114358062,3.409,49.29
COMPUSDT,SELL,LIMIT,1701114463769,0.114,49.33
COMPUSDT,SELL,LIMIT,1701114476650,9.671,49.24
COMPUSDT,SELL,LIMIT,1701114498030,98.998,49.17
COMPUSDT,SELL,LIMIT,1701116832540,5.184,49.22
COMPUSDT,SELL,LIMIT,1701144389393,14.026,50.67
COMPUSDT,SELL,LIMIT,1701148937047,50.000,49.74
COMPUSDT,SELL,LIMIT,1701149771344,4.006,49.74
COMPUSDT,SELL,LIMIT,1701149773133,10.536,49.71
