Symbol,Side,Order Type,Time,Quantity,Price
COMPUSDT,BUY,LIMIT,1701929463796,12.595,51.83
COMPUSDT,BUY,LIMIT,1701931291740,0.118,52.11
COMPUSDT,SELL,LIMIT,1701937352837,0.791,50.70
COMPUSDT,SELL,LIMIT,1701940449846,311.890,49.66
COMPUSDT,SELL,LIMIT,1701941075735,0.114,49.79
COMPUSDT,SELL,LIMIT,1701941154396,0.896,49.74
COMPUSDT,SELL,LIMIT,1701941179174,33.917,49.62
COMPUSDT,SELL,LIMIT,1701941189240,10.220,49.51
COMPUSDT,SELL,LIMIT,1701941190278,12.634,49.55
COMPUSDT,SELL,LIMIT,1701941238555,1.989,49.59
COMPUSDT,SELL,LIMIT,1701941246212,1.460,49.42
COMPUSDT,SELL,LIMIT,1701941257225,1.000,49.44
COMPUSDT,SELL,LIMIT,1701951337174,6.938,50.31
COMPUSDT,BUY,LIMIT,1701953976590,0.001,51.71
COMPUSDT,BUY,LIMIT,1701959502332,1.000,51.61
COMPUSDT,BUY,LIMIT,1701962686690,1.000,52.08
COMPUSDT,BUY,LIMIT,1701967814550,9.803,53.04
COMPUSDT,BUY,LIMIT,1701968380683,1.519,53.29
COMPUSDT,BUY,LIMIT,1701969620104,2.447,53.33
COMPUSDT,BUY,LIMIT,1701970059289,0.641,53.42
COMPUSDT,BUY,LIMIT,1701971753363,12.781,53.40
COMPUSDT,BUY,LIMIT,1701984527673,4.024,53.51
COMPUSDT,BUY,LIMIT,1701994871458,1.518,53.85
COMPUSDT,BUY,LIMIT,1702002432582,310.000,54.16
COMPUSDT,SELL,LIMIT,1702003662421,30.000,52.48
COMPUSDT,BUY,LIMIT,1702003902625,2.350,53.35
COMPUSDT,BUY,LIMIT,1702004196121,0.142,54.29
COMPUSDT,BUY,LIMIT,1702004439056,2.383,54.37
COMPUSDT,BUY,LIMIT,1702004469962,0.221,54.41
COMPUSDT,BUY,LIMIT,1702004541783,5.349,54.44
COMPUSDT,BUY,LIMIT,1702004593149,38.613,54.68
COMPUSDT,BUY,LIMIT,1702004596102,4.433,54.78
COMPUSDT,BUY,LIMIT,1702005529491,1.971,54.42
COMPUSDT,SELL,LIMIT,1702005634458,0.529,53.40
COMPUSDT,BUY,LIMIT,1702005795955,297.883,55.05
COMPUSDT,SELL,LIMIT,1702005803642,30.000,53.47
COMPUSDT,BUY,LIMIT,1702007154540,0.533,54.75
COMPUSDT,SELL,LIMIT,1702020530518,0.169,52.87
COMPUSDT,BUY,LIMIT,1702036083674,0.257,54.47
COMPUSDT,BUY,LIMIT,1702037772449,1.823,54.93
COMPUSDT,BUY,LIMIT,1702042982658,0.450,54.11
COMPUSDT,SELL,LIMIT,1702043835657,0.190,53.88
COMPUSDT,SELL,LIMIT,1702043968075,6.955,52.84
COMPUSDT,BUY,LIMIT,1702052161449,0.941,54.96
COMPUSDT,BUY,LIMIT,1702053590678,0.955,55.10
COMPUSDT,BUY,LIMIT,1702064195892,1.207,54.90
COMPUSDT,BUY,LIMIT,1702068130797,0.096,55.23
COMPUSDT,BUY,LIMIT,1702069078918,0.921,55.33
COMPUSDT,BUY,LIMIT,1702069302278,3.975,55.42
COMPUSDT,BUY,LIMIT,1702070677034,12.329,55.03
COMPUSDT,BUY,LIMIT,1702073433040,5.455,55.67
COMPUSDT,BUY,LIMIT,1702074327368,5.115,55.92
COMPUSDT,BUY,LIMIT,1702076653426,0.287,56.03
COMPUSDT,BUY,LIMIT,1702077663931,1.177,55.96
COMPUSDT,BUY,LIMIT,1702078609448,1.695,55.99
COMPUSDT,BUY,LIMIT,1702078657430,86.747,56.06
COMPUSDT,BUY,LIMIT,1702078883043,26.655,56.03
COMPUSDT,BUY,LIMIT,1702078896079,48.543,56.03
COMPUSDT,BUY,LIMIT,1702079044379,6.634,56.11
COMPUSDT,BUY,LIMIT,1702079068090,47.709,56.10
COMPUSDT,BUY,LIMIT,1702080038284,1.238,56.12
COMPUSDT,BUY,LIMIT,1702080058285,0.151,56.17
COMPUSDT,BUY,LIMIT,1702080090213,1.011,56.24
COMPUSDT,BUY,LIMIT,1702080111563,18.941,56.28
COMPUSDT,SELL,LIMIT,1702080268085,6.267,56.54
COMPUSDT,BUY,LIMIT,1702080279995,14.818,56.36
COMPUSDT,BUY,LIMIT,1702080681368,1.383,56.51
COMPUSDT,BUY,LIMIT,1702081762826,2.142,56.51
COMPUSDT,BUY,LIMIT,1702082236217,28.355,56.63
COMPUSDT,BUY,LIMIT,1702082441745,1.199,56.64
COMPUSDT,BUY,LIMIT,1702082778808,3.659,56.75
COMPUSDT,BUY,LIMIT,1702082816105,2.516,56.82
COMPUSDT,BUY,LIMIT,1702082974938,0.942,56.87
COMPUSDT,BUY,LIMIT,1702082988125,2.647,56.95
COMPUSDT,BUY,LIMIT,1702082999556,7.813,56.97
COMPUSDT,BUY,LIMIT,1702085901360,0.911,56.73
COMPUSDT,BUY,LIMIT,1702091983484,2.293,57.05
COMPUSDT,BUY,LIMIT,1702092171466,1.611,57.22
COMPUSDT,BUY,LIMIT,1702092189715,1.366,57.29
COMPUSDT,BUY,LIMIT,1702092193047,0.552,57.31
COMPUSDT,BUY,LIMIT,1702092197272,1.356,57.35
COMPUSDT,BUY,LIMIT,1702093886046,9.908,57.42
COMPUSDT,SELL,LIMIT,1702094640017,0.098,56.07
COMPUSDT,BUY,LIMIT,1702096642325,1.266,56.93
COMPUSDT,BUY,LIMIT,1702102338121,1.428,56.74
COMPUSDT,BUY,LIMIT,1702103376622,1.177,57.00
COMPUSDT,BUY,LIMIT,1702107477647,16.575,57.12
COMPUSDT,BUY,LIMIT,1702108057132,20.000,57.53
COMPUSDT,BUY,LIMIT,1702108061407,89.278,57.57
COMPUSDT,BUY,LIMIT,1702108064295,49.973,57.59
COMPUSDT,BUY,LIMIT,1702108293834,0.306,57.58
COMPUSDT,BUY,LIMIT,1702108710678,1.759,57.43
COMPUSDT,BUY,LIMIT,1702109010082,0.500,57.58
COMPUSDT,BUY,LIMIT,1702109416204,0.738,57.66
COMPUSDT,BUY,LIMIT,1702109785660,1.057,57.77
COMPUSDT,BUY,LIMIT,1702109827477,1.338,57.78
COMPUSDT,BUY,LIMIT,1702110088970,4.487,57.77
COMPUSDT,SELL,LIMIT,1702110968990,3.877,55.55
COMPUSDT,SELL,LIMIT,1702110972706,0.139,55.43
COMPUSDT,SELL,LIMIT,1702111034086,10.000,55.00
COMPUSDT,SELL,LIMIT,1702111040054,3.233,54.90
COMPUSDT,SELL,LIMIT,1702111042519,1.837,54.85
COMPUSDT,SELL,LIMIT,1702111044241,1.000,54.70
COMPUSDT,SELL,LIMIT,1702111045649,66.186,54.86
COMPUSDT,SELL,LIMIT,1702111381794,1.331,54.47
COMPUSDT,SELL,LIMIT,1702111386477,1.088,54.32
COMPUSDT,SELL,LIMIT,1702111389138,0.671,54.26
COMPUSDT,SELL,LIMIT,1702117781118,0.210,55.29
COMPUSDT,SELL,LIMIT,1702125075878,0.181,55.82
COMPUSDT,SELL,LIMIT,1702132821214,3.943,55.55
COMPUSDT,SELL,LIMIT,1702132939174,15.680,55.43
COMPUSDT,SELL,LIMIT,1702132996093,3.943,55.34
COMPUSDT,SELL,LIMIT,1702133000399,2.983,55.86
COMPUSDT,SELL,LIMIT,1702139013738,10.000,55.58
COMPUSDT,SELL,LIMIT,1702141848866,68.778,54.60
COMPUSDT,SELL,LIMIT,1702141859328,17.323,54.52
COMPUSDT,BUY,LIMIT,1702142589867,13.570,55.96
COMPUSDT,SELL,LIMIT,1702144630357,0.100,55.26
COMPUSDT,SELL,LIMIT,1702164743661,4.210,54.39
COMPUSDT,SELL,LIMIT,1702164747708,0.177,54.29
COMPUSDT,SELL,LIMIT,1702164748750,3.735,54.21
COMPUSDT,SELL,LIMIT,1702164751461,3.887,54.13
COMPUSDT,SELL,LIMIT,1702164758944,0.687,54.10
COMPUSDT,SELL,LIMIT,1702164766293,26.045,54.06
COMPUSDT,SELL,LIMIT,1702164800652,0.988,54.01
COMPUSDT,SELL,LIMIT,1702164801788,193.089,53.56
COMPUSDT,SELL,LIMIT,1702164803139,18.283,53.95
COMPUSDT,SELL,LIMIT,1702164805274,4.173,53.88
COMPUSDT,SELL,LIMIT,1702164806281,4.778,53.75
COMPUSDT,SELL,LIMIT,1702164807283,35.229,53.73
COMPUSDT,SELL,LIMIT,1702164808361,0.089,53.70
COMPUSDT,SELL,LIMIT,1702164810341,6.263,53.63
COMPUSDT,SELL,LIMIT,1702164811542,1.390,53.55
COMPUSDT,SELL,LIMIT,1702173522120,0.964,55.22
COMPUSDT,SELL,LIMIT,1702200619522,18.629,54.29
COMPUSDT,SELL,LIMIT,1702200934913,1.285,53.95
COMPUSDT,SELL,LIMIT,1702200936211,1.475,53.93
COMPUSDT,SELL,LIMIT,1702200939221,0.441,53.87
COMPUSDT,SELL,LIMIT,1702202077355,0.321,53.73
COMPUSDT,SELL,LIMIT,1702202151028,31.923,53.66
COMPUSDT,SELL,LIMIT,1702202253402,0.890,53.64
COMPUSDT,SELL,LIMIT,1702202264225,0.782,53.60
COMPUSDT,SELL,LIMIT,1702202265541,190.991,53.16
COMPUSDT,SELL,LIMIT,1702202275571,0.889,53.57
COMPUSDT,SELL,LIMIT,1702202288705,3.610,53.56
COMPUSDT,SELL,LIMIT,1702202295346,86.595,53.49
COMPUSDT,SELL,LIMIT,1702202297808,1.390,53.51
COMPUSDT,SELL,LIMIT,1702202318310,3.192,53.49
COMPUSDT,SELL,LIMIT,1702202321108,11.141,53.48
COMPUSDT,SELL,LIMIT,1702202322287,3.818,53.47
COMPUSDT,SELL,LIMIT,1702202323508,0.400,53.42
COMPUSDT,SELL,LIMIT,1702202324528,50.002,53.40
COMPUSDT,SELL,LIMIT,1702202371213,9.706,53.30
COMPUSDT,SELL,LIMIT,1702202372223,3.337,53.26
COMPUSDT,SELL,LIMIT,1702202380131,3.192,53.22
COMPUSDT,SELL,LIMIT,1702202382466,1.332,53.19
COMPUSDT,SELL,LIMIT,1702202389162,111.785,53.00
COMPUSDT,SELL,LIMIT,1702202391870,2.157,53.11
COMPUSDT,SELL,LIMIT,1702202393118,26.857,53.09
COMPUSDT,SELL,LIMIT,1702202396458,39.265,53.06
COMPUSDT,BUY,LIMIT,1702241033411,1.710,56.51
COMPUSDT,BUY,LIMIT,1702241079564,12.000,56.58
COMPUSDT,BUY,LIMIT,1702241235724,0.410,56.62
COMPUSDT,BUY,LIMIT,1702241346436,6.842,56.84
COMPUSDT,BUY,LIMIT,1702241348018,8.441,57.08
COMPUSDT,BUY,LIMIT,1702241361523,17.856,57.18
COMPUSDT,BUY,LIMIT,1702241397356,9.017,57.27
COMPUSDT,BUY,LIMIT,1702241400646,18.742,57.27
COMPUSDT,BUY,LIMIT,1702241427828,5.008,57.39
COMPUSDT,BUY,LIMIT,1702241505520,76.792,57.40
COMPUSDT,SELL,LIMIT,1702256507382,0.839,54.36
COMPUSDT,SELL,LIMIT,1702256620301,1.763,54.28
COMPUSDT,SELL,LIMIT,1702256915672,10.563,53.99
COMPUSDT,SELL,LIMIT,1702256921859,0.704,53.95
COMPUSDT,SELL,LIMIT,1702256929761,0.176,53.95
COMPUSDT,SELL,LIMIT,1702256978104,0.352,53.90
COMPUSDT,SELL,LIMIT,1702256996876,0.352,53.87
COMPUSDT,SELL,LIMIT,1702257009294,89.821,53.83
COMPUSDT,SELL,LIMIT,1702260248791,0.008,54.57
COMPUSDT,SELL,LIMIT,1702260434532,446.884,53.21
COMPUSDT,SELL,LIMIT,1702260437447,1.096,53.77
COMPUSDT,SELL,LIMIT,1702260444960,395.775,53.01
COMPUSDT,SELL,LIMIT,1702260627617,2.091,53.55
COMPUSDT,SELL,LIMIT,1702260630615,24.209,53.48
COMPUSDT,SELL,LIMIT,1702260632620,14.883,53.38
COMPUSDT,SELL,LIMIT,1702260634269,1.162,53.31
COMPUSDT,SELL,LIMIT,1702260635292,31.971,53.51
COMPUSDT,SELL,LIMIT,1702260636591,43.373,53.26
COMPUSDT,SELL,LIMIT,1702260693862,0.899,53.14
COMPUSDT,SELL,LIMIT,1702260696923,3.052,53.13
COMPUSDT,SELL,LIMIT,1702260699263,10.782,53.09
COMPUSDT,SELL,LIMIT,1702260705842,13.050,53.08
COMPUSDT,SELL,LIMIT,1702260707316,3.665,53.01
COMPUSDT,SELL,LIMIT,1702260708347,34.745,52.87
COMPUSDT,SELL,LIMIT,1702260709958,1.020,52.82
COMPUSDT,SELL,LIMIT,1702260711571,0.886,52.83
COMPUSDT,SELL,LIMIT,1702260714308,0.187,52.74
COMPUSDT,SELL,LIMIT,1702260715424,1.215,52.70
COMPUSDT,SELL,LIMIT,1702260716487,12.000,52.71
COMPUSDT,SELL,LIMIT,1702260717551,8.568,52.66
COMPUSDT,SELL,LIMIT,1702260718624,10.000,53.24
COMPUSDT,SELL,LIMIT,1702260722312,0.328,52.42
COMPUSDT,SELL,LIMIT,1702260723367,0.368,52.25
COMPUSDT,SELL,LIMIT,1702260724448,1.840,52.38
COMPUSDT,SELL,LIMIT,1702260725475,70.321,52.91
COMPUSDT,SELL,LIMIT,1702260727103,0.615,52.10
COMPUSDT,SELL,LIMIT,1702260728896,1.395,52.17
COMPUSDT,SELL,LIMIT,1702260730461,14.690,52.03
COMPUSDT,SELL,LIMIT,1702260731566,4.002,52.09
COMPUSDT,SELL,LIMIT,1702260733722,3.582,52.07
COMPUSDT,SELL,LIMIT,1702260736475,2.907,51.95
COMPUSDT,SELL,LIMIT,1702260737630,1.247,51.96
COMPUSDT,SELL,LIMIT,1702260738643,15.000,51.96
COMPUSDT,SELL,LIMIT,1702260740518,336.302,51.37
COMPUSDT,SELL,LIMIT,1702260741503,4.086,51.87
COMPUSDT,SELL,LIMIT,1702260742794,1.913,51.86
COMPUSDT,SELL,LIMIT,1702260743914,15.428,51.85
COMPUSDT,SELL,LIMIT,1702260744978,0.386,51.82
COMPUSDT,SELL,LIMIT,1702260746005,10.899,51.62
COMPUSDT,SELL,LIMIT,1702260747168,4.593,51.37
COMPUSDT,SELL,LIMIT,1702260748944,0.132,51.36
COMPUSDT,SELL,LIMIT,1702260749988,6.539,51.17
COMPUSDT,SELL,LIMIT,1702260751558,19.211,51.38
COMPUSDT,SELL,LIMIT,1702260752621,0.437,51.09
COMPUSDT,SELL,LIMIT,1702260753975,20.000,51.20
COMPUSDT,SELL,LIMIT,1702260755207,27.770,51.10
COMPUSDT,SELL,LIMIT,1702260756222,3.584,51.01
COMPUSDT,SELL,LIMIT,1702260757478,25.000,50.89
COMPUSDT,SELL,LIMIT,1702260758497,14.478,50.56
COMPUSDT,SELL,LIMIT,1702260759527,2.000,50.43
COMPUSDT,SELL,LIMIT,1702260760537,0.722,50.50
COMPUSDT,SELL,LIMIT,1702260761615,0.423,50.33
COMPUSDT,SELL,LIMIT,1702260762643,27.000,50.30
COMPUSDT,SELL,LIMIT,1702260763643,3.854,50.16
COMPUSDT,SELL,LIMIT,1702260764755,0.089,50.16
COMPUSDT,SELL,LIMIT,1702260765936,0.155,50.07
COMPUSDT,SELL,LIMIT,1702260766947,0.089,49.98
COMPUSDT,SELL,LIMIT,1702260768031,5.695,49.97
COMPUSDT,SELL,LIMIT,1702260769116,7.310,49.79
COMPUSDT,SELL,LIMIT,1702260770109,3.629,49.67
COMPUSDT,SELL,LIMIT,1702260771373,5.546,49.67
COMPUSDT,SELL,LIMIT,1702260772626,8.914,49.51
COMPUSDT,SELL,LIMIT,1702260774470,0.893,49.39
COMPUSDT,SELL,LIMIT,1702260775512,4.146,49.34
COMPUSDT,SELL,LIMIT,1702260776564,1.532,49.34
COMPUSDT,SELL,LIMIT,1702260777723,71.546,49.36
COMPUSDT,SELL,LIMIT,1702260778783,9.969,49.20
COMPUSDT,SELL,LIMIT,1702260779907,46.866,49.20
COMPUSDT,SELL,LIMIT,1702260781234,9.337,49.27
COMPUSDT,SELL,LIMIT,1702260782319,0.994,49.18
COMPUSDT,SELL,LIMIT,1702260783493,2.822,49.14
COMPUSDT,SELL,LIMIT,1702260784649,0.735,49.10
COMPUSDT,SELL,LIMIT,1702260786080,19.113,49.11
COMPUSDT,SELL,LIMIT,1702260787109,0.458,49.06
COMPUSDT,SELL,LIMIT,1702260788379,1.762,48.83
COMPUSDT,SELL,LIMIT,1702260789412,2.570,48.75
COMPUSDT,SELL,LIMIT,1702260790413,2.760,48.57
COMPUSDT,SELL,LIMIT,1702260791475,36.204,48.52
COMPUSDT,SELL,LIMIT,1702260792607,1.285,48.24
COMPUSDT,SELL,LIMIT,1702260793916,4.821,48.79
COMPUSDT,SELL,LIMIT,1702260795686,1.000,50.97
COMPUSDT,SELL,LIMIT,1702260796705,9.341,48.42
COMPUSDT,SELL,LIMIT,1702260797966,38.019,48.23
COMPUSDT,SELL,LIMIT,1702260799200,2.200,48.19
COMPUSDT,SELL,LIMIT,1702260800218,75.441,48.17
COMPUSDT,SELL,LIMIT,1702260801278,0.211,48.06
COMPUSDT,SELL,LIMIT,1702260802577,10.000,48.02
COMPUSDT,SELL,LIMIT,1702260804426,1.435,48.89
COMPUSDT,SELL,LIMIT,1702260805612,3.951,48.17
COMPUSDT,SELL,LIMIT,1702260807069,1.697,48.08
COMPUSDT,SELL,LIMIT,1702260808187,1.261,47.59
COMPUSDT,SELL,LIMIT,1702260809213,3.291,47.53
COMPUSDT,SELL,LIMIT,1702260810222,8.928,47.47
COMPUSDT,SELL,LIMIT,1702260811319,8.549,47.50
COMPUSDT,SELL,LIMIT,1702260812459,94.609,47.40
COMPUSDT,SELL,LIMIT,1702260813655,3.395,47.40
COMPUSDT,SELL,LIMIT,1702260815026,40.000,47.46
COMPUSDT,SELL,LIMIT,1702260816219,0.648,47.91
COMPUSDT,SELL,LIMIT,1702260818450,0.597,47.42
COMPUSDT,SELL,LIMIT,1702260821386,25.000,47.47
COMPUSDT,SELL,LIMIT,1702260822895,15.000,47.32
COMPUSDT,SELL,LIMIT,1702262615563,2.531,49.69
COMPUSDT,SELL,LIMIT,1702265724235,0.181,51.39
COMPUSDT,SELL,LIMIT,1702266101500,0.181,51.61
