Symbol,Side,Order Type,Time,Quantity,Price
COTIUSDT,BUY,LIMIT,1701066215237,1983,0.05811
COTIUSDT,SELL,LIMIT,1701068121203,8000,0.05519
COTIUSDT,SELL,LIMIT,1701068170640,6490,0.05508
COTIUSDT,SELL,LIMIT,1701068388116,3578,0.05504
COTIUSDT,BUY,LIMIT,1701068412661,5032,0.05741
COTIUSDT,BUY,LIMIT,1701068996739,648,0.05737
COTIUSDT,SELL,LIMIT,1701069637201,4334,0.05482
COTIUSDT,SELL,LIMIT,1701069882405,96,0.05464
COTIUSDT,SELL,LIMIT,1701069883475,5352,0.05456
COTIUSDT,SELL,LIMIT,1701069885962,331,0.05458
COTIUSDT,SELL,LIMIT,1701070146018,16874,0.05467
COTIUSDT,SELL,LIMIT,1701070167054,512,0.05456
COTIUSDT,SELL,LIMIT,1701070173809,93,0.05452
COTIUSDT,SELL,LIMIT,1701070175289,153,0.05451
COTIUSDT,SELL,LIMIT,1701070440459,50992,0.05455
COTIUSDT,BUY,LIMIT,1701074339115,720,0.05597
COTIUSDT,BUY,LIMIT,1701074340860,909,0.05668
COTIUSDT,SELL,LIMIT,1701074633255,498,0.05442
COTIUSDT,SELL,LIMIT,1701074781222,17422,0.05433
COTIUSDT,SELL,LIMIT,1701074783471,341,0.05430
COTIUSDT,SELL,LIMIT,1701074801765,941,0.05428
COTIUSDT,SELL,LIMIT,1701074811369,145,0.05426
COTIUSDT,SELL,LIMIT,1701074896189,2807,0.05420
COTIUSDT,SELL,LIMIT,1701074898451,1370,0.05419
COTIUSDT,SELL,LIMIT,1701074924068,6325,0.05414
COTIUSDT,SELL,LIMIT,1701075198522,1541,0.05405
COTIUSDT,SELL,LIMIT,1701081193005,348,0.05395
COTIUSDT,SELL,LIMIT,1701081263396,1522,0.05390
COTIUSDT,SELL,LIMIT,1701081436795,1427,0.05381
COTIUSDT,SELL,LIMIT,1701081438453,96,0.05380
COTIUSDT,SELL,LIMIT,1701081444048,385,0.05376
COTIUSDT,SELL,LIMIT,1701082139603,177,0.05366
COTIUSDT,SELL,LIMIT,1701082642293,1321,0.05361
COTIUSDT,SELL,LIMIT,1701082655060,251,0.05352
COTIUSDT,SELL,LIMIT,1701082689272,2791,0.05347
COTIUSDT,SELL,LIMIT,1701082703394,3194,0.05345
COTIUSDT,SELL,LIMIT,1701084931309,2179,0.05413
COTIUSDT,BUY,LIMIT,1701088233683,42370,0.05765
COTIUSDT,BUY,LIMIT,1701088293748,5474,0.05786
COTIUSDT,BUY,LIMIT,1701088298301,11909,0.05794
COTIUSDT,BUY,LIMIT,1701088312669,1600,0.05798
COTIUSDT,BUY,LIMIT,1701088317447,36133,0.05810
COTIUSDT,SELL,LIMIT,1701097075945,19675,0.05393
COTIUSDT,SELL,LIMIT,1701097096948,3739,0.05391
COTIUSDT,SELL,LIMIT,1701097102274,1680,0.05388
COTIUSDT,SELL,LIMIT,1701100232555,91,0.05378
COTIUSDT,SELL,LIMIT,1701100530977,1743,0.05406
COTIUSDT,SELL,LIMIT,1701100565916,627,0.06608
COTIUSDT,SELL,LIMIT,1701100601428,38394,0.05386
COTIUSDT,SELL,LIMIT,1701101111087,113,0.05350
COTIUSDT,SELL,LIMIT,1701101129121,455,0.05349
COTIUSDT,SELL,LIMIT,1701101137192,9298,0.05348
COTIUSDT,SELL,LIMIT,1701101157231,5802,0.05335
COTIUSDT,SELL,LIMIT,1701111130559,3094,0.05328
COTIUSDT,SELL,LIMIT,1701111136408,30000,0.05320
COTIUSDT,SELL,LIMIT,1701111209370,850,0.05314
COTIUSDT,SELL,LIMIT,1701111210808,1891,0.05312
COTIUSDT,SELL,LIMIT,1701111658174,322,0.05311
COTIUSDT,SELL,LIMIT,1701112092744,2934,0.05294
COTIUSDT,SELL,LIMIT,1701112180069,529,0.05288
COTIUSDT,SELL,LIMIT,1701112181355,500,0.05287
COTIUSDT,SELL,LIMIT,1701114163545,8871,0.05296
COTIUSDT,SELL,LIMIT,1701114238636,474,0.05286
COTIUSDT,SELL,LIMIT,1701114240078,838,0.05278
COTIUSDT,SELL,LIMIT,1701114278154,35900,0.05277
COTIUSDT,SELL,LIMIT,1701114341237,3161,0.05274
COTIUSDT,SELL,LIMIT,1701114354068,621,0.05271
COTIUSDT,SELL,LIMIT,1701114368763,160,0.05273
COTIUSDT,SELL,LIMIT,1701114395410,18359,0.05267
COTIUSDT,SELL,LIMIT,1701114471426,9457,0.05263
COTIUSDT,SELL,LIMIT,1701114476057,727,0.05260
COTIUSDT,SELL,LIMIT,1701114495306,1713,0.05256
COTIUSDT,SELL,LIMIT,1701127054470,904,0.05310
COTIUSDT,SELL,LIMIT,1701131094715,1807,0.05360
COTIUSDT,SELL,LIMIT,1701143546049,553,0.05228
COTIUSDT,SELL,LIMIT,1701143670196,3636,0.05227
COTIUSDT,SELL,LIMIT,1701143699875,324,0.05225
COTIUSDT,SELL,LIMIT,1701144280695,151,0.05224
COTIUSDT,SELL,LIMIT,1701144282060,3885,0.05224
COTIUSDT,SELL,LIMIT,1701144300168,228,0.05218
COTIUSDT,SELL,LIMIT,1701144301482,5059,0.05217
COTIUSDT,SELL,LIMIT,1701144331631,8268,0.05215
COTIUSDT,SELL,LIMIT,1701144343572,11276,0.05209
COTIUSDT,SELL,LIMIT,1701146003633,1618,0.05190
COTIUSDT,SELL,LIMIT,1701146006127,15000,0.05181
COTIUSDT,SELL,LIMIT,1701147846235,644,0.05166
COTIUSDT,SELL,LIMIT,1701147863673,4371,0.05161
COTIUSDT,SELL,LIMIT,1701147929478,971,0.05152
COTIUSDT,SELL,LIMIT,1701148109953,545,0.05145
COTIUSDT,SELL,LIMIT,1701148133547,90,0.05141
COTIUSDT,SELL,LIMIT,1701149074399,94,0.05135
COTIUSDT,SELL,LIMIT,1701149774168,9279,0.05123
COTIUSDT,SELL,LIMIT,1701149785469,10000,0.05118
COTIUSDT,SELL,LIMIT,1701149835875,26352,0.05115
COTIUSDT,SELL,LIMIT,1701149853357,7065,0.05110
COTIUSDT,SELL,LIMIT,1701149881957,7176,0.05108
COTIUSDT,BUY,LIMIT,1701164803783,93290,0.05459
COTIUSDT,BUY,LIMIT,1701164949163,395,0.05474
COTIUSDT,BUY,LIMIT,1701165150122,807,0.05501
COTIUSDT,BUY,LIMIT,1701166570714,190,0.05514
COTIUSDT,BUY,LIMIT,1701166668311,3436,0.05530
COTIUSDT,BUY,LIMIT,1701166969022,407,0.05536
COTIUSDT,BUY,LIMIT,1701177390969,541,0.05601
COTIUSDT,BUY,LIMIT,1701178273098,162820,0.05641
COTIUSDT,BUY,LIMIT,1701186139325,61946,0.05644
COTIUSDT,BUY,LIMIT,1701186198301,7414,0.05671
COTIUSDT,BUY,LIMIT,1701186289375,18874,0.05679
COTIUSDT,BUY,LIMIT,1701186367063,35376,0.05689
COTIUSDT,BUY,LIMIT,1701190758000,733,0.05728
COTIUSDT,BUY,LIMIT,1701190791942,2064,0.05732
COTIUSDT,BUY,LIMIT,1701197853681,3661,0.05685
COTIUSDT,BUY,LIMIT,1701203771084,747,0.05736
COTIUSDT,BUY,LIMIT,1701218050323,770,0.05763
COTIUSDT,BUY,LIMIT,1701218721877,3676,0.05773
COTIUSDT,BUY,LIMIT,1701218722981,7418,0.05775
COTIUSDT,BUY,LIMIT,1701219318753,7418,0.05775
COTIUSDT,BUY,LIMIT,1701219325796,7418,0.05776
COTIUSDT,BUY,LIMIT,1701219667114,1878,0.05798
COTIUSDT,BUY,LIMIT,1701226609965,2386,0.05864
COTIUSDT,BUY,LIMIT,1701226720750,109,0.05866
COTIUSDT,BUY,LIMIT,1701227177233,4060,0.05869
COTIUSDT,BUY,LIMIT,1701234680262,36242,0.05877
COTIUSDT,BUY,LIMIT,1701235071611,9340,0.05881
COTIUSDT,BUY,LIMIT,1701235398293,25437,0.05895
COTIUSDT,BUY,LIMIT,1701238423204,86595,0.05912
COTIUSDT,BUY,LIMIT,1701244985415,534,0.05824
COTIUSDT,SELL,LIMIT,1701254360177,1757,0.05509
COTIUSDT,SELL,LIMIT,1701254411971,360,0.05503
COTIUSDT,BUY,LIMIT,1701258437013,189,0.05838
COTIUSDT,BUY,LIMIT,1701261940370,1512,0.05922
COTIUSDT,BUY,LIMIT,1701262040301,16086,0.05928
COTIUSDT,BUY,LIMIT,1701262103044,24876,0.05945
COTIUSDT,BUY,LIMIT,1701262326421,176,0.05955
COTIUSDT,BUY,LIMIT,1701262354054,3687,0.05956
COTIUSDT,BUY,LIMIT,1701262383821,170109,0.05976
COTIUSDT,BUY,LIMIT,1701262386468,36623,0.05964
COTIUSDT,BUY,LIMIT,1701262453120,1318,0.05976
COTIUSDT,BUY,LIMIT,1701263157395,200,0.05986
COTIUSDT,BUY,LIMIT,1701263158709,500,0.05994
COTIUSDT,BUY,LIMIT,1701263163788,2667,0.05997
COTIUSDT,BUY,LIMIT,1701263171718,6621,0.06003
COTIUSDT,BUY,LIMIT,1701263177231,169,0.06007
COTIUSDT,BUY,LIMIT,1701263190079,6530,0.06017
COTIUSDT,BUY,LIMIT,1701264366418,1570,0.05996
COTIUSDT,BUY,LIMIT,1701265024244,5460,0.06049
COTIUSDT,BUY,LIMIT,1701265053198,7068,0.06061
COTIUSDT,BUY,LIMIT,1701265054258,7068,0.06062
COTIUSDT,BUY,LIMIT,1701265072246,7061,0.06068
COTIUSDT,SELL,LIMIT,1701270587849,7434,0.05630
COTIUSDT,SELL,LIMIT,1701270592566,779,0.05639
COTIUSDT,BUY,LIMIT,1701276777047,388,0.05958
COTIUSDT,BUY,LIMIT,1701280359082,1838,0.05997
COTIUSDT,BUY,LIMIT,1701280999433,8586,0.05992
COTIUSDT,BUY,LIMIT,1701284959184,541,0.05976
COTIUSDT,BUY,LIMIT,1701287889622,1836,0.06018
COTIUSDT,BUY,LIMIT,1701287893421,15980,0.06045
COTIUSDT,BUY,LIMIT,1701287901149,10035,0.06073
COTIUSDT,BUY,LIMIT,1701288111913,11278,0.06086
COTIUSDT,BUY,LIMIT,1701288117050,99,0.06097
COTIUSDT,BUY,LIMIT,1701288118997,1140,0.06100
COTIUSDT,BUY,LIMIT,1701288131021,2877,0.06108
COTIUSDT,BUY,LIMIT,1701288133097,10696,0.06111
COTIUSDT,BUY,LIMIT,1701288156105,21539,0.06122
COTIUSDT,BUY,LIMIT,1701288157267,29274,0.06133
COTIUSDT,BUY,LIMIT,1701288163152,2176,0.06141
COTIUSDT,BUY,LIMIT,1701288165776,140,0.06143
COTIUSDT,BUY,LIMIT,1701288247108,3197,0.06163
COTIUSDT,BUY,LIMIT,1701288248112,73473,0.06156
COTIUSDT,SELL,LIMIT,1701288287798,15,0.05934
COTIUSDT,BUY,LIMIT,1701288292366,202,0.06176
COTIUSDT,SELL,LIMIT,1701291427271,15269,0.05757
COTIUSDT,SELL,LIMIT,1701291461626,1649,0.05753
COTIUSDT,SELL,LIMIT,1701292424359,1663,0.05745
COTIUSDT,SELL,LIMIT,1701292425891,1466,0.05742
COTIUSDT,SELL,LIMIT,1701293210261,2685,0.05722
COTIUSDT,SELL,LIMIT,1701297116715,41701,0.05718
COTIUSDT,SELL,LIMIT,1701301343838,34260,0.05709
COTIUSDT,SELL,LIMIT,1701301878248,6324,0.05695
COTIUSDT,SELL,LIMIT,1701302517828,1587,0.05684
COTIUSDT,SELL,LIMIT,1701302564036,24,0.05673
COTIUSDT,SELL,LIMIT,1701306230460,8308,0.05680
COTIUSDT,SELL,LIMIT,1701309645486,75326,0.05660
COTIUSDT,SELL,LIMIT,1701309647717,117014,0.05652
COTIUSDT,SELL,LIMIT,1701313577198,7447,0.05645
COTIUSDT,SELL,LIMIT,1701313764629,2545,0.05637
COTIUSDT,SELL,LIMIT,1701314335086,4213,0.05624
COTIUSDT,BUY,LIMIT,1701315710069,693,0.05841
COTIUSDT,SELL,LIMIT,1701318805043,1090,0.05593
COTIUSDT,SELL,LIMIT,1701319852899,1750,0.05579
COTIUSDT,SELL,LIMIT,1701323736873,5357,0.05584
COTIUSDT,SELL,LIMIT,1701325490133,47144,0.05565
COTIUSDT,SELL,LIMIT,1701325587255,183,0.05555
COTIUSDT,SELL,LIMIT,1701325678275,10701,0.05530
COTIUSDT,SELL,LIMIT,1701325731347,20466,0.05525
COTIUSDT,SELL,LIMIT,1701331864810,158,0.05502
COTIUSDT,SELL,LIMIT,1701331942326,21247,0.05493
COTIUSDT,SELL,LIMIT,1701333566386,20405,0.05470
COTIUSDT,SELL,LIMIT,1701338534055,11100,0.05440
COTIUSDT,BUY,LIMIT,1701344530914,431,0.05754
COTIUSDT,BUY,LIMIT,1701344546908,497,0.05759
COTIUSDT,BUY,LIMIT,1701345282176,600,0.05768
COTIUSDT,SELL,LIMIT,1701356942965,4708,0.05446
COTIUSDT,SELL,LIMIT,1701364825987,11787,0.05433
COTIUSDT,SELL,LIMIT,1701364886768,13356,0.05416
COTIUSDT,SELL,LIMIT,1701364889196,148,0.05407
COTIUSDT,SELL,LIMIT,1701364890259,19095,0.05404
COTIUSDT,SELL,LIMIT,1701371188541,318,0.05391
COTIUSDT,BUY,LIMIT,1701377434617,8862,0.05708
COTIUSDT,BUY,LIMIT,1701382057735,131,0.05749
COTIUSDT,BUY,LIMIT,1701382097507,952,0.05755
COTIUSDT,BUY,LIMIT,1701391581456,1056,0.05764
COTIUSDT,BUY,LIMIT,1701393704297,900,0.05771
COTIUSDT,BUY,LIMIT,1701394237750,181,0.05781
COTIUSDT,BUY,LIMIT,1701396827280,10985,0.05801
COTIUSDT,BUY,LIMIT,1701396833346,16590,0.05802
COTIUSDT,BUY,LIMIT,1701396836260,2765,0.05804
COTIUSDT,SELL,LIMIT,1701418872412,111,0.05466
COTIUSDT,SELL,LIMIT,1701460912074,2337,0.05528
COTIUSDT,SELL,LIMIT,1701485998238,450,0.05520
COTIUSDT,SELL,LIMIT,1701486004085,16697,0.05481
COTIUSDT,BUY,LIMIT,1701504383291,1197,0.05806
