Symbol,Side,Order Type,Time,Quantity,Price
CRVUSDT,SELL,LIMIT,1701930297060,613.7,0.611
CRVUSDT,SELL,LIMIT,1701939961472,1140.1,0.608
CRVUSDT,SELL,LIMIT,1701940559804,166.7,0.604
CRVUSDT,SELL,LIMIT,1701940673465,4.2,0.604
CRVUSDT,SELL,LIMIT,1701940675463,135.7,0.604
CRVUSDT,SELL,LIMIT,1701941170361,1574.8,0.602
CRVUSDT,SELL,LIMIT,1701941182212,70.4,0.617
CRVUSDT,SELL,LIMIT,1701941184543,5760.8,0.605
CRVUSDT,SELL,LIMIT,1701941186143,1569.8,0.600
CRVUSDT,SELL,LIMIT,1701941187229,536.4,0.599
CRVUSDT,SELL,LIMIT,1701941189549,249.0,0.599
CRVUSDT,SELL,LIMIT,1701941238268,4.5,0.599
CRVUSDT,SELL,LIMIT,1701941255887,22.0,0.600
CRVUSDT,BUY,LIMIT,1701942162265,34.0,0.635
CRVUSDT,BUY,LIMIT,1701952308070,2897.2,0.646
CRVUSDT,BUY,LIMIT,1701953976590,0.1,0.646
CRVUSDT,BUY,LIMIT,1701961007152,130.7,0.651
CRVUSDT,BUY,LIMIT,1701962669922,234.2,0.655
CRVUSDT,BUY,LIMIT,1701962835860,7078.1,0.657
CRVUSDT,BUY,LIMIT,1701963022839,336.7,0.660
CRVUSDT,BUY,LIMIT,1701963600628,9.3,0.661
CRVUSDT,BUY,LIMIT,1701963605160,6222.4,0.662
CRVUSDT,BUY,LIMIT,1701963608983,435.0,0.662
CRVUSDT,BUY,LIMIT,1701963871017,240.2,0.659
CRVUSDT,BUY,LIMIT,1701966850166,15407.7,0.659
CRVUSDT,BUY,LIMIT,1701967296755,64.4,0.663
CRVUSDT,BUY,LIMIT,1701967815842,90.5,0.663
CRVUSDT,BUY,LIMIT,1701967819247,1405.5,0.664
CRVUSDT,BUY,LIMIT,1701967823221,28.8,0.665
CRVUSDT,BUY,LIMIT,1701967863312,50.5,0.667
CRVUSDT,SELL,LIMIT,1701977267747,217.0,0.636
CRVUSDT,BUY,LIMIT,1701995360378,98.9,0.666
CRVUSDT,BUY,LIMIT,1701996751593,11.5,0.669
CRVUSDT,BUY,LIMIT,1701998793023,179.5,0.670
CRVUSDT,BUY,LIMIT,1701998805500,133.9,0.670
CRVUSDT,BUY,LIMIT,1701998866642,37.5,0.671
CRVUSDT,BUY,LIMIT,1701999146282,980.6,0.673
CRVUSDT,BUY,LIMIT,1701999154540,0.1,0.674
CRVUSDT,BUY,LIMIT,1701999562189,679.7,0.678
CRVUSDT,BUY,LIMIT,1701999958100,60.0,0.678
CRVUSDT,BUY,LIMIT,1702005552064,446.1,0.680
CRVUSDT,BUY,LIMIT,1702005568363,1333.3,0.681
CRVUSDT,SELL,LIMIT,1702005654646,179.1,0.669
CRVUSDT,BUY,LIMIT,1702006669105,73.9,0.680
CRVUSDT,BUY,LIMIT,1702006778152,38.0,0.682
CRVUSDT,BUY,LIMIT,1702006970760,523.6,0.683
CRVUSDT,BUY,LIMIT,1702007154540,44.0,0.682
CRVUSDT,BUY,LIMIT,1702007204073,111.2,0.683
CRVUSDT,BUY,LIMIT,1702007422268,7646.0,0.684
CRVUSDT,BUY,LIMIT,1702007430795,23.9,0.684
CRVUSDT,BUY,LIMIT,1702007690434,666.5,0.685
CRVUSDT,BUY,LIMIT,1702007815691,731.1,0.686
CRVUSDT,BUY,LIMIT,1702010233419,12840.0,0.687
CRVUSDT,BUY,LIMIT,1702013088880,718.4,0.688
CRVUSDT,BUY,LIMIT,1702016007922,134.4,0.688
CRVUSDT,BUY,LIMIT,1702016063528,54.4,0.688
CRVUSDT,BUY,LIMIT,1702016066362,10.8,0.689
CRVUSDT,BUY,LIMIT,1702016684873,3285.4,0.689
CRVUSDT,BUY,LIMIT,1702016700338,31.3,0.689
CRVUSDT,BUY,LIMIT,1702018380321,51.0,0.678
CRVUSDT,BUY,LIMIT,1702027713140,50.6,0.691
CRVUSDT,BUY,LIMIT,1702027987868,3030.3,0.692
CRVUSDT,BUY,LIMIT,1702028023101,52.0,0.694
CRVUSDT,SELL,LIMIT,1702030055693,167.2,0.677
CRVUSDT,BUY,LIMIT,1702034093268,83.4,0.690
CRVUSDT,BUY,LIMIT,1702035196068,1610.3,0.693
CRVUSDT,BUY,LIMIT,1702035588075,162.6,0.696
CRVUSDT,BUY,LIMIT,1702035604291,40.5,0.698
CRVUSDT,BUY,LIMIT,1702035606114,1494.7,0.698
CRVUSDT,BUY,LIMIT,1702035612304,361.2,0.698
CRVUSDT,BUY,LIMIT,1702035663700,114.7,0.699
CRVUSDT,BUY,LIMIT,1702035672997,43.8,0.699
CRVUSDT,BUY,LIMIT,1702035676465,27.1,0.699
CRVUSDT,BUY,LIMIT,1702035734214,54.4,0.699
CRVUSDT,BUY,LIMIT,1702035789906,749.9,0.700
CRVUSDT,BUY,LIMIT,1702037879419,543.9,0.698
CRVUSDT,BUY,LIMIT,1702038481100,4670.1,0.697
CRVUSDT,BUY,LIMIT,1702041810306,7.7,0.700
CRVUSDT,BUY,LIMIT,1702041887308,10.4,0.701
CRVUSDT,BUY,LIMIT,1702042982658,50.4,0.699
CRVUSDT,BUY,LIMIT,1702043699270,1185.1,0.696
CRVUSDT,BUY,LIMIT,1702045885456,1908.6,0.700
CRVUSDT,BUY,LIMIT,1702046037277,42.2,0.702
CRVUSDT,BUY,LIMIT,1702047182729,163.5,0.702
CRVUSDT,BUY,LIMIT,1702047261819,477.7,0.703
CRVUSDT,BUY,LIMIT,1702047290315,155.9,0.703
CRVUSDT,BUY,LIMIT,1702047366718,779.3,0.704
CRVUSDT,BUY,LIMIT,1702047460124,403.2,0.705
CRVUSDT,BUY,LIMIT,1702047700059,2203.6,0.705
CRVUSDT,BUY,LIMIT,1702051501763,80.6,0.697
CRVUSDT,BUY,LIMIT,1702051680288,116.2,0.696
CRVUSDT,BUY,LIMIT,1702052090809,984.1,0.698
CRVUSDT,BUY,LIMIT,1702052161449,73.4,0.698
CRVUSDT,SELL,LIMIT,1702052357543,792.6,0.683
CRVUSDT,BUY,LIMIT,1702052588660,40.5,0.698
CRVUSDT,BUY,LIMIT,1702053552389,7.4,0.699
CRVUSDT,SELL,LIMIT,1702067590379,2315.3,0.681
CRVUSDT,BUY,LIMIT,1702068792162,68.1,0.697
CRVUSDT,BUY,LIMIT,1702069078918,75.8,0.698
CRVUSDT,BUY,LIMIT,1702070629238,1000.0,0.695
CRVUSDT,BUY,LIMIT,1702070895513,1172.8,0.696
CRVUSDT,BUY,LIMIT,1702072671667,260.1,0.700
CRVUSDT,SELL,LIMIT,1702074492149,1539.8,0.684
CRVUSDT,BUY,LIMIT,1702078609448,538.5,0.697
CRVUSDT,SELL,LIMIT,1702080317072,873.3,0.684
CRVUSDT,BUY,LIMIT,1702080687268,174.2,0.697
CRVUSDT,BUY,LIMIT,1702081229517,3323.0,0.695
CRVUSDT,BUY,LIMIT,1702081253139,8.1,0.696
CRVUSDT,BUY,LIMIT,1702082644364,1438.6,0.702
CRVUSDT,SELL,LIMIT,1702084092768,1864.6,0.682
CRVUSDT,BUY,LIMIT,1702085653562,133.2,0.706
CRVUSDT,BUY,LIMIT,1702085673914,204.3,0.707
CRVUSDT,BUY,LIMIT,1702085900320,91.0,0.702
CRVUSDT,BUY,LIMIT,1702085901360,417.8,0.702
CRVUSDT,BUY,LIMIT,1702091933373,277.9,0.698
CRVUSDT,BUY,LIMIT,1702094610915,2443.0,0.699
CRVUSDT,BUY,LIMIT,1702094617865,734.9,0.699
CRVUSDT,BUY,LIMIT,1702094637317,421.3,0.699
CRVUSDT,BUY,LIMIT,1702096053895,144.0,0.704
CRVUSDT,SELL,LIMIT,1702096521068,38.3,0.692
CRVUSDT,BUY,LIMIT,1702097547505,32.0,0.705
CRVUSDT,BUY,LIMIT,1702097630266,475.3,0.706
CRVUSDT,BUY,LIMIT,1702097662665,679.1,0.707
CRVUSDT,BUY,LIMIT,1702102677483,21.8,0.689
CRVUSDT,BUY,LIMIT,1702103212393,486.8,0.706
CRVUSDT,BUY,LIMIT,1702103462897,84.0,0.707
CRVUSDT,BUY,LIMIT,1702105732432,0.1,0.704
CRVUSDT,SELL,LIMIT,1702108293834,121.7,0.694
CRVUSDT,BUY,LIMIT,1702108359269,884.1,0.707
CRVUSDT,BUY,LIMIT,1702108532625,1145.1,0.707
CRVUSDT,BUY,LIMIT,1702108556863,1083.4,0.707
CRVUSDT,SELL,LIMIT,1702108729814,1259.4,0.694
CRVUSDT,BUY,LIMIT,1702108938427,146.0,0.707
CRVUSDT,BUY,LIMIT,1702109102696,1182.2,0.707
CRVUSDT,BUY,LIMIT,1702109359571,15.9,0.708
CRVUSDT,BUY,LIMIT,1702109416204,38.8,0.708
CRVUSDT,BUY,LIMIT,1702109514107,597.0,0.707
CRVUSDT,BUY,LIMIT,1702109892727,1128.4,0.705
CRVUSDT,BUY,LIMIT,1702110076118,244.4,0.709
CRVUSDT,BUY,LIMIT,1702110238246,237.3,0.711
CRVUSDT,SELL,LIMIT,1702110972234,67.8,0.685
CRVUSDT,SELL,LIMIT,1702110974399,33.1,0.685
CRVUSDT,SELL,LIMIT,1702111034086,1000.0,0.679
CRVUSDT,SELL,LIMIT,1702111037878,49.3,0.678
CRVUSDT,SELL,LIMIT,1702111042237,60.2,0.678
CRVUSDT,SELL,LIMIT,1702111043877,75.0,0.676
CRVUSDT,SELL,LIMIT,1702111045388,103.4,0.675
CRVUSDT,SELL,LIMIT,1702111373547,11018.2,0.676
CRVUSDT,SELL,LIMIT,1702111379741,3605.3,0.675
CRVUSDT,SELL,LIMIT,1702111384349,11396.0,0.672
CRVUSDT,SELL,LIMIT,1702111385537,385.9,0.671
CRVUSDT,SELL,LIMIT,1702111386567,7246.3,0.671
CRVUSDT,SELL,LIMIT,1702111389092,28.9,0.669
CRVUSDT,SELL,LIMIT,1702111390196,274.8,0.670
CRVUSDT,SELL,LIMIT,1702132890601,7.3,0.674
CRVUSDT,SELL,LIMIT,1702132988543,322.9,0.675
CRVUSDT,SELL,LIMIT,1702133006404,827.2,0.671
CRVUSDT,SELL,LIMIT,1702133008794,248.4,0.669
CRVUSDT,SELL,LIMIT,1702134938161,4.3,1.770
CRVUSDT,SELL,LIMIT,1702138954080,5.6,0.673
CRVUSDT,SELL,LIMIT,1702141650429,10.3,0.668
CRVUSDT,SELL,LIMIT,1702141760759,3665.4,0.667
CRVUSDT,SELL,LIMIT,1702141772736,60446.6,0.666
CRVUSDT,SELL,LIMIT,1702141800225,17.0,0.666
CRVUSDT,SELL,LIMIT,1702141846671,308.0,0.666
CRVUSDT,SELL,LIMIT,1702141851048,610.9,0.665
CRVUSDT,SELL,LIMIT,1702141852069,4073.0,0.664
CRVUSDT,SELL,LIMIT,1702141853203,8.0,0.664
CRVUSDT,SELL,LIMIT,1702141858149,66.0,0.664
CRVUSDT,SELL,LIMIT,1702141860110,2085.0,0.664
CRVUSDT,SELL,LIMIT,1702144704436,10819.3,0.664
CRVUSDT,SELL,LIMIT,1702144705516,64.4,0.663
CRVUSDT,SELL,LIMIT,1702144706582,1271.7,0.663
CRVUSDT,SELL,LIMIT,1702144811361,1697.5,0.662
CRVUSDT,SELL,LIMIT,1702153893510,200.0,0.667
CRVUSDT,SELL,LIMIT,1702164577369,64.5,0.666
CRVUSDT,SELL,LIMIT,1702164792046,28.7,0.662
CRVUSDT,SELL,LIMIT,1702164795943,7.2,0.662
CRVUSDT,SELL,LIMIT,1702164797386,250.4,0.662
CRVUSDT,SELL,LIMIT,1702164800496,8.8,0.661
CRVUSDT,SELL,LIMIT,1702164801545,41.2,0.661
CRVUSDT,SELL,LIMIT,1702164802644,3054.7,0.660
CRVUSDT,SELL,LIMIT,1702164803761,9976.2,0.661
CRVUSDT,SELL,LIMIT,1702164805934,768.5,0.658
CRVUSDT,SELL,LIMIT,1702164807684,59.0,0.658
CRVUSDT,SELL,LIMIT,1702164809214,43.9,0.657
CRVUSDT,BUY,LIMIT,1702164855596,669.1,0.670
CRVUSDT,SELL,LIMIT,1702164866062,289.6,0.658
CRVUSDT,BUY,LIMIT,1702179987048,112.3,0.698
CRVUSDT,BUY,LIMIT,1702180001226,2950.0,0.701
CRVUSDT,BUY,LIMIT,1702180015438,1994.8,0.703
CRVUSDT,BUY,LIMIT,1702180025137,9720.9,0.705
CRVUSDT,SELL,LIMIT,1702193257090,12.1,0.683
CRVUSDT,SELL,LIMIT,1702200699906,2078.2,0.678
CRVUSDT,SELL,LIMIT,1702202263751,11872.3,0.669
CRVUSDT,SELL,LIMIT,1702202267739,72.1,0.668
CRVUSDT,SELL,LIMIT,1702202318311,255.7,0.667
CRVUSDT,SELL,LIMIT,1702202322168,35.8,0.668
CRVUSDT,SELL,LIMIT,1702202366355,285.7,0.666
CRVUSDT,SELL,LIMIT,1702202373893,1278.7,0.666
CRVUSDT,SELL,LIMIT,1702202376176,10.7,0.665
CRVUSDT,SELL,LIMIT,1702202380131,255.7,0.665
CRVUSDT,SELL,LIMIT,1702202387136,7.2,0.664
CRVUSDT,SELL,LIMIT,1702202392525,17.5,0.663
CRVUSDT,SELL,LIMIT,1702202395555,484.5,0.663
CRVUSDT,BUY,LIMIT,1702212974021,144.0,0.704
CRVUSDT,BUY,LIMIT,1702213156378,114.1,0.707
CRVUSDT,BUY,LIMIT,1702213330698,803.0,0.707
CRVUSDT,BUY,LIMIT,1702240564845,1000.0,0.706
CRVUSDT,BUY,LIMIT,1702240751060,400.0,0.708
CRVUSDT,SELL,LIMIT,1702240836704,70.6,0.695
CRVUSDT,SELL,LIMIT,1702241182472,0.4,0.697
CRVUSDT,BUY,LIMIT,1702241340534,1312.8,0.713
CRVUSDT,BUY,LIMIT,1702241347088,220.8,0.713
CRVUSDT,BUY,LIMIT,1702241468449,69.1,0.715
CRVUSDT,BUY,LIMIT,1702241473549,815.1,0.716
CRVUSDT,BUY,LIMIT,1702241692831,371.3,0.718
CRVUSDT,BUY,LIMIT,1702241791122,25.9,0.718
CRVUSDT,BUY,LIMIT,1702242911776,1103.3,0.719
CRVUSDT,BUY,LIMIT,1702243036013,64.2,0.720
CRVUSDT,BUY,LIMIT,1702243039541,3149.1,0.720
CRVUSDT,BUY,LIMIT,1702243125984,15.6,0.722
CRVUSDT,BUY,LIMIT,1702243135456,17.4,0.722
CRVUSDT,BUY,LIMIT,1702243162091,390.2,0.723
CRVUSDT,BUY,LIMIT,1702243182806,1658.4,0.724
CRVUSDT,BUY,LIMIT,1702243195280,10.6,0.725
CRVUSDT,BUY,LIMIT,1702243200367,66.6,0.725
CRVUSDT,BUY,LIMIT,1702247057167,223.8,0.727
CRVUSDT,BUY,LIMIT,1702247060950,16.0,0.727
CRVUSDT,BUY,LIMIT,1702247369126,21.7,0.728
CRVUSDT,BUY,LIMIT,1702247401533,38.5,0.728
CRVUSDT,BUY,LIMIT,1702247404903,677.2,0.729
CRVUSDT,BUY,LIMIT,1702247433441,9355.9,0.729
CRVUSDT,BUY,LIMIT,1702247971722,60.8,0.730
CRVUSDT,BUY,LIMIT,1702247989791,222.7,0.731
CRVUSDT,BUY,LIMIT,1702253325898,2298.2,0.728
CRVUSDT,SELL,LIMIT,1702254173088,35.3,0.711
CRVUSDT,SELL,LIMIT,1702256575182,151.4,0.702
CRVUSDT,SELL,LIMIT,1702256620302,141.2,0.699
CRVUSDT,SELL,LIMIT,1702256915607,1507.4,0.696
CRVUSDT,SELL,LIMIT,1702256985401,332.4,0.700
CRVUSDT,SELL,LIMIT,1702260252249,6811.3,0.702
CRVUSDT,SELL,LIMIT,1702260430015,13.8,0.695
CRVUSDT,SELL,LIMIT,1702260437180,7.5,0.754
CRVUSDT,SELL,LIMIT,1702260438619,108.7,0.694
CRVUSDT,SELL,LIMIT,1702260467281,46670.3,0.693
CRVUSDT,SELL,LIMIT,1702260488986,400.0,0.691
CRVUSDT,SELL,LIMIT,1702260627340,470.4,0.689
CRVUSDT,BUY,LIMIT,1702260628389,146.8,0.701
CRVUSDT,SELL,LIMIT,1702260633356,294.2,0.686
CRVUSDT,SELL,LIMIT,1702260635770,1521.2,0.685
CRVUSDT,SELL,LIMIT,1702260637717,611.7,0.684
CRVUSDT,SELL,LIMIT,1702260690650,2933.8,0.691
CRVUSDT,SELL,LIMIT,1702260698169,559.2,0.684
CRVUSDT,SELL,LIMIT,1702260699389,4000.0,0.683
CRVUSDT,SELL,LIMIT,1702260704099,6302.5,0.683
CRVUSDT,SELL,LIMIT,1702260708172,72.0,0.682
CRVUSDT,SELL,LIMIT,1702260709230,73.7,0.682
CRVUSDT,SELL,LIMIT,1702260710289,8.4,0.681
CRVUSDT,SELL,LIMIT,1702260711572,72.3,0.681
CRVUSDT,SELL,LIMIT,1702260712741,286.8,0.680
CRVUSDT,SELL,LIMIT,1702260713946,128.3,0.681
CRVUSDT,SELL,LIMIT,1702260715437,415.5,0.681
CRVUSDT,SELL,LIMIT,1702260716680,99.1,0.678
CRVUSDT,SELL,LIMIT,1702260717689,1101.1,0.678
CRVUSDT,SELL,LIMIT,1702260718864,815.6,0.677
CRVUSDT,SELL,LIMIT,1702260720157,69.6,0.677
CRVUSDT,SELL,LIMIT,1702260722628,1468.1,0.677
CRVUSDT,SELL,LIMIT,1702260724245,210658.9,0.670
CRVUSDT,SELL,LIMIT,1702260726606,20.1,0.676
CRVUSDT,SELL,LIMIT,1702260727903,100.2,0.675
CRVUSDT,SELL,LIMIT,1702260728905,316.2,0.675
CRVUSDT,SELL,LIMIT,1702260730139,5000.0,0.674
CRVUSDT,SELL,LIMIT,1702260731162,236.7,0.673
CRVUSDT,SELL,LIMIT,1702260732947,9861.0,0.673
CRVUSDT,SELL,LIMIT,1702260735827,155.5,0.673
CRVUSDT,SELL,LIMIT,1702260736856,184.9,0.672
CRVUSDT,SELL,LIMIT,1702260738825,1752.4,0.671
CRVUSDT,SELL,LIMIT,1702260740388,12695.0,0.671
CRVUSDT,SELL,LIMIT,1702260741577,5725.6,0.670
CRVUSDT,SELL,LIMIT,1702260742707,1414.3,0.670
CRVUSDT,SELL,LIMIT,1702260744866,475.8,0.667
CRVUSDT,SELL,LIMIT,1702260746102,2185.6,0.669
CRVUSDT,SELL,LIMIT,1702260748096,148.7,0.667
CRVUSDT,SELL,LIMIT,1702260749496,19.2,0.666
CRVUSDT,SELL,LIMIT,1702260750862,144.3,0.666
CRVUSDT,SELL,LIMIT,1702260752153,25947.0,0.665
CRVUSDT,SELL,LIMIT,1702260753897,722.3,0.665
CRVUSDT,SELL,LIMIT,1702260755042,4861.8,0.664
CRVUSDT,SELL,LIMIT,1702260756087,536.1,0.663
CRVUSDT,SELL,LIMIT,1702260757412,155.5,0.660
CRVUSDT,SELL,LIMIT,1702260758459,21.1,0.660
CRVUSDT,SELL,LIMIT,1702260759736,160.2,0.659
CRVUSDT,SELL,LIMIT,1702260760789,14.7,0.658
CRVUSDT,BUY,LIMIT,1702260761803,925.5,0.671
CRVUSDT,SELL,LIMIT,1702260762822,1428.5,0.665
CRVUSDT,SELL,LIMIT,1702260763835,510.5,0.657
CRVUSDT,SELL,LIMIT,1702260764956,15.5,0.657
CRVUSDT,SELL,LIMIT,1702260766462,2319.5,0.656
CRVUSDT,SELL,LIMIT,1702260767523,5490.7,0.652
CRVUSDT,SELL,LIMIT,1702260768634,3989.7,0.652
CRVUSDT,SELL,LIMIT,1702260769592,830.1,0.651
CRVUSDT,SELL,LIMIT,1702260770708,10664.1,0.651
CRVUSDT,SELL,LIMIT,1702260771820,7.2,0.648
CRVUSDT,SELL,LIMIT,1702260772842,100.0,0.650
CRVUSDT,SELL,LIMIT,1702260773843,2285.6,0.648
CRVUSDT,SELL,LIMIT,1702260774948,13.6,0.656
CRVUSDT,SELL,LIMIT,1702260775955,275.2,0.646
CRVUSDT,SELL,LIMIT,1702260777181,44543.2,0.644
CRVUSDT,SELL,LIMIT,1702260778186,51555.0,0.646
CRVUSDT,SELL,LIMIT,1702260779342,97.9,0.645
CRVUSDT,SELL,LIMIT,1702260780352,100.0,0.648
CRVUSDT,SELL,LIMIT,1702260781358,1546.3,0.644
CRVUSDT,SELL,LIMIT,1702260782543,364.2,0.646
CRVUSDT,SELL,LIMIT,1702260783612,7267.3,0.645
CRVUSDT,SELL,LIMIT,1702260784626,316.4,0.643
CRVUSDT,SELL,LIMIT,1702260785739,2671.5,0.645
CRVUSDT,SELL,LIMIT,1702260787269,645.3,0.644
CRVUSDT,SELL,LIMIT,1702260788342,182.2,0.642
CRVUSDT,SELL,LIMIT,1702260789393,14.7,0.642
CRVUSDT,SELL,LIMIT,1702260790496,355.1,0.642
CRVUSDT,SELL,LIMIT,1702260791581,5464.2,0.641
CRVUSDT,SELL,LIMIT,1702260792708,338.5,0.641
CRVUSDT,SELL,LIMIT,1702260793727,2741.0,0.641
CRVUSDT,SELL,LIMIT,1702260795293,40000.0,0.643
CRVUSDT,SELL,LIMIT,1702260796749,552.4,0.641
CRVUSDT,SELL,LIMIT,1702260797830,2815.9,0.638
CRVUSDT,SELL,LIMIT,1702260799279,395.1,0.637
CRVUSDT,SELL,LIMIT,1702260800357,1667.2,0.637
CRVUSDT,SELL,LIMIT,1702260801368,240.4,0.636
CRVUSDT,SELL,LIMIT,1702260802432,2.1,0.874
CRVUSDT,SELL,LIMIT,1702260803540,136.6,0.636
CRVUSDT,SELL,LIMIT,1702260804593,620.0,0.635
CRVUSDT,SELL,LIMIT,1702260805663,365.6,0.635
CRVUSDT,SELL,LIMIT,1702260806670,19612.5,0.688
CRVUSDT,SELL,LIMIT,1702260807762,13.1,0.633
CRVUSDT,SELL,LIMIT,1702260808957,1080.6,0.633
CRVUSDT,SELL,LIMIT,1702260810654,1446.4,0.642
CRVUSDT,SELL,LIMIT,1702260812070,2.1,0.634
CRVUSDT,SELL,LIMIT,1702260813264,1460.0,0.633
CRVUSDT,SELL,LIMIT,1702260814490,399.0,0.633
CRVUSDT,SELL,LIMIT,1702260818292,1562.5,0.633
CRVUSDT,SELL,LIMIT,1702260821817,20.0,0.633
CRVUSDT,BUY,LIMIT,1702260826191,233.0,0.644
CRVUSDT,SELL,LIMIT,1702261012207,100.0,0.652
CRVUSDT,BUY,LIMIT,1702262126454,662.2,0.685
CRVUSDT,BUY,LIMIT,1702262134832,450.0,0.685
CRVUSDT,SELL,LIMIT,1702262615562,175.3,0.660
CRVUSDT,SELL,LIMIT,1702263643804,477.7,0.673
CRVUSDT,BUY,LIMIT,1702264002303,22.1,0.689
CRVUSDT,BUY,LIMIT,1702265068753,53.7,0.704
CRVUSDT,SELL,LIMIT,1702267488980,96.6,0.687
