Symbol,Side,Order Type,Time,Quantity,Price
CTKUSDT,SELL,LIMIT,1701067365820,424,0.52830
CTKUSDT,SELL,LIMIT,1701067880109,1,0.52460
CTKUSDT,SELL,LIMIT,1701068020904,53,0.52345
CTKUSDT,SELL,LIMIT,1701068045727,294,0.52324
CTKUSDT,SELL,LIMIT,1701068054140,444,0.52285
CTKUSDT,SELL,LIMIT,1701069548249,236,0.51881
CTKUSDT,SELL,LIMIT,1701069560129,7973,0.51828
CTKUSDT,SELL,LIMIT,1701069562477,1598,0.51735
CTKUSDT,SELL,LIMIT,1701069575433,229,0.51652
CTKUSDT,SELL,LIMIT,1701069869994,888,0.51467
CTKUSDT,BUY,LIMIT,1701076515861,947,0.55531
CTKUSDT,SELL,LIMIT,1701084641165,117,0.51689
CTKUSDT,SELL,LIMIT,1701093136132,410,0.51545
CTKUSDT,SELL,LIMIT,1701097101336,302,0.51450
CTKUSDT,SELL,LIMIT,1701101061282,2100,0.51906
CTKUSDT,SELL,LIMIT,1701112055690,140,0.51459
CTKUSDT,SELL,LIMIT,1701112145311,107,0.51346
CTKUSDT,SELL,LIMIT,1701114368763,16,0.51382
CTKUSDT,SELL,LIMIT,1701114471425,2767,0.51372
CTKUSDT,SELL,LIMIT,1701114496857,209,0.51206
CTKUSDT,SELL,LIMIT,1701114503850,396,0.51107
CTKUSDT,BUY,LIMIT,1701116785183,417,0.53315
CTKUSDT,BUY,LIMIT,1701117497053,1498,0.53180
CTKUSDT,SELL,LIMIT,1701144389393,486,0.52264
CTKUSDT,BUY,LIMIT,1701149213250,14,0.55251
CTKUSDT,BUY,LIMIT,1701149324113,1887,0.55439
CTKUSDT,SELL,LIMIT,1701149771344,37,0.52974
CTKUSDT,BUY,LIMIT,1701149820453,88,0.55080
CTKUSDT,BUY,LIMIT,1701150894115,583,0.55634
CTKUSDT,BUY,LIMIT,1701150983103,15,0.55747
CTKUSDT,BUY,LIMIT,1701151429968,45,0.55811
CTKUSDT,BUY,LIMIT,1701151753712,2075,0.55916
CTKUSDT,BUY,LIMIT,1701151774173,1874,0.55996
CTKUSDT,BUY,LIMIT,1701152086022,343,0.56169
CTKUSDT,BUY,LIMIT,1701152087871,3077,0.56180
CTKUSDT,BUY,LIMIT,1701152121022,87,0.56526
CTKUSDT,BUY,LIMIT,1701152362374,4409,0.56779
CTKUSDT,BUY,LIMIT,1701152368172,297,0.56794
CTKUSDT,BUY,LIMIT,1701152393238,175,0.56889
CTKUSDT,BUY,LIMIT,1701153408931,728,0.56947
CTKUSDT,BUY,LIMIT,1701154450681,1022,0.57025
CTKUSDT,BUY,LIMIT,1701154512103,73,0.57082
CTKUSDT,BUY,LIMIT,1701157617735,322,0.57099
CTKUSDT,BUY,LIMIT,1701158025345,18,0.57233
CTKUSDT,BUY,LIMIT,1701158047378,17,0.57385
CTKUSDT,BUY,LIMIT,1701158449313,1157,0.57656
CTKUSDT,BUY,LIMIT,1701158456413,1278,0.57793
CTKUSDT,BUY,LIMIT,1701161801219,90,0.58059
CTKUSDT,BUY,LIMIT,1701161980299,199,0.58167
CTKUSDT,BUY,LIMIT,1701161983453,74,0.58276
CTKUSDT,BUY,LIMIT,1701162229536,95,0.58368
CTKUSDT,BUY,LIMIT,1701162239605,715,0.58395
CTKUSDT,BUY,LIMIT,1701162308615,214,0.58469
CTKUSDT,BUY,LIMIT,1701162318612,1699,0.58479
CTKUSDT,BUY,LIMIT,1701162323878,456,0.58510
CTKUSDT,BUY,LIMIT,1701164274822,2056,0.58790
CTKUSDT,BUY,LIMIT,1701164282294,169,0.58834
CTKUSDT,BUY,LIMIT,1701164295253,4447,0.59011
CTKUSDT,BUY,LIMIT,1701164314505,79,0.59049
CTKUSDT,BUY,LIMIT,1701164317903,3730,0.59102
CTKUSDT,BUY,LIMIT,1701164331179,2082,0.59093
CTKUSDT,BUY,LIMIT,1701164392365,201,0.58977
CTKUSDT,BUY,LIMIT,1701167196534,298,0.58646
CTKUSDT,SELL,LIMIT,1701169734688,845,0.54769
CTKUSDT,SELL,LIMIT,1701169738480,1049,0.54724
CTKUSDT,SELL,LIMIT,1701169746295,463,0.54713
CTKUSDT,BUY,LIMIT,1701180839015,2106,0.58588
CTKUSDT,BUY,LIMIT,1701182064166,498,0.59144
CTKUSDT,BUY,LIMIT,1701187515439,186,0.59265
CTKUSDT,BUY,LIMIT,1701189366519,45429,0.59443
CTKUSDT,BUY,LIMIT,1701189481074,50,0.59282
CTKUSDT,BUY,LIMIT,1701189631327,234,0.59849
CTKUSDT,BUY,LIMIT,1701189632354,257,0.59807
CTKUSDT,BUY,LIMIT,1701189638154,11,0.59961
CTKUSDT,BUY,LIMIT,1701189642674,64,0.59969
CTKUSDT,BUY,LIMIT,1701189663421,446,0.60077
CTKUSDT,BUY,LIMIT,1701189814945,8852,0.60157
CTKUSDT,BUY,LIMIT,1701191403234,20,0.60350
CTKUSDT,BUY,LIMIT,1701191408314,42,0.60468
CTKUSDT,BUY,LIMIT,1701191425849,8643,0.60530
CTKUSDT,BUY,LIMIT,1701195635733,183,0.60044
CTKUSDT,BUY,LIMIT,1701196213261,126,0.60196
CTKUSDT,BUY,LIMIT,1701197850355,2,0.59881
CTKUSDT,BUY,LIMIT,1701197853683,444,0.58605
CTKUSDT,BUY,LIMIT,1701197856488,558,0.59881
CTKUSDT,BUY,LIMIT,1701197978637,700,0.59789
CTKUSDT,BUY,LIMIT,1701199744332,26,0.60292
CTKUSDT,BUY,LIMIT,1701200480569,381,0.60510
CTKUSDT,BUY,LIMIT,1701201926570,13,0.60634
CTKUSDT,BUY,LIMIT,1701202597212,1123,0.60763
CTKUSDT,BUY,LIMIT,1701215431616,16,0.60451
CTKUSDT,BUY,LIMIT,1701215520266,546,0.60830
CTKUSDT,BUY,LIMIT,1701215521637,13,0.60868
CTKUSDT,BUY,LIMIT,1701215556766,45,0.60993
CTKUSDT,BUY,LIMIT,1701215883301,4324,0.61137
CTKUSDT,BUY,LIMIT,1701215926908,150,0.61199
CTKUSDT,BUY,LIMIT,1701215962111,148,0.61347
CTKUSDT,BUY,LIMIT,1701215970394,159,0.61455
CTKUSDT,BUY,LIMIT,1701215972135,223,0.61610
CTKUSDT,BUY,LIMIT,1701215976403,5744,0.61643
CTKUSDT,BUY,LIMIT,1701216249135,396,0.61700
CTKUSDT,BUY,LIMIT,1701216258289,1000,0.61839
CTKUSDT,BUY,LIMIT,1701216259369,146,0.61836
CTKUSDT,BUY,LIMIT,1701216260399,1776,0.61928
CTKUSDT,BUY,LIMIT,1701216265553,354,0.61938
CTKUSDT,BUY,LIMIT,1701216270737,1841,0.61963
CTKUSDT,BUY,LIMIT,1701216272151,1014,0.62039
CTKUSDT,BUY,LIMIT,1701217016200,125,0.62097
CTKUSDT,BUY,LIMIT,1701217017327,27,0.62101
CTKUSDT,BUY,LIMIT,1701217130052,125,0.62195
CTKUSDT,BUY,LIMIT,1701217144014,99,0.62304
CTKUSDT,BUY,LIMIT,1701219640824,554,0.62189
CTKUSDT,BUY,LIMIT,1701219762167,207,0.62469
CTKUSDT,BUY,LIMIT,1701219766150,911,0.62635
CTKUSDT,BUY,LIMIT,1701226629129,10,0.60684
CTKUSDT,SELL,LIMIT,1701227088812,40,0.58040
CTKUSDT,SELL,LIMIT,1701227168990,405,0.57751
CTKUSDT,SELL,LIMIT,1701227228824,354,0.57557
CTKUSDT,SELL,LIMIT,1701232714409,119,0.56849
CTKUSDT,SELL,LIMIT,1701232717493,187,0.56759
CTKUSDT,SELL,LIMIT,1701233358270,753,0.56636
CTKUSDT,SELL,LIMIT,1701233373386,1686,0.56420
CTKUSDT,SELL,LIMIT,1701233378194,383,0.56313
CTKUSDT,BUY,LIMIT,1701234025202,21,0.59112
CTKUSDT,SELL,LIMIT,1701236047208,353,0.56192
CTKUSDT,SELL,LIMIT,1701236095591,8484,0.56075
CTKUSDT,SELL,LIMIT,1701236102138,848,0.56045
CTKUSDT,SELL,LIMIT,1701237402670,365,0.55848
CTKUSDT,SELL,LIMIT,1701241135450,1769,0.56642
CTKUSDT,SELL,LIMIT,1701243382986,6045,0.56511
CTKUSDT,SELL,LIMIT,1701243619039,34,0.55968
CTKUSDT,SELL,LIMIT,1701244324175,156,0.55808
CTKUSDT,SELL,LIMIT,1701245744862,547,0.55689
CTKUSDT,SELL,LIMIT,1701245784883,4852,0.55633
CTKUSDT,SELL,LIMIT,1701245884390,33,0.55475
CTKUSDT,BUY,LIMIT,1701246521468,869,0.56441
CTKUSDT,SELL,LIMIT,1701254066773,533,0.55400
CTKUSDT,SELL,LIMIT,1701254405671,383,0.55345
CTKUSDT,SELL,LIMIT,1701254601053,306,0.55059
CTKUSDT,SELL,LIMIT,1701259410506,6948,0.54845
CTKUSDT,SELL,LIMIT,1701259857275,2062,0.54784
CTKUSDT,BUY,LIMIT,1701272076467,223,0.57090
CTKUSDT,SELL,LIMIT,1701275824197,1566,0.54558
CTKUSDT,SELL,LIMIT,1701275835669,226,0.54548
CTKUSDT,SELL,LIMIT,1701275999338,189,0.54524
CTKUSDT,SELL,LIMIT,1701288287798,1,0.54914
CTKUSDT,SELL,LIMIT,1701298654404,49,0.54253
CTKUSDT,SELL,LIMIT,1701306346205,2162,0.54204
CTKUSDT,SELL,LIMIT,1701306409171,3096,0.54090
CTKUSDT,SELL,LIMIT,1701306411168,56,0.54084
CTKUSDT,SELL,LIMIT,1701306428522,2159,0.53984
CTKUSDT,SELL,LIMIT,1701306429791,159,0.53968
CTKUSDT,BUY,LIMIT,1701343885251,35,0.58541
CTKUSDT,BUY,LIMIT,1701344897486,144,0.59218
