Symbol,Side,Order Type,Time,Quantity,Price
CTKUSDT,SELL,LIMIT,1701941179886,106,0.55694
CTKUSDT,SELL,LIMIT,1701941181508,1028,0.55692
CTKUSDT,SELL,LIMIT,1701941182732,521,0.55627
CTKUSDT,SELL,LIMIT,1701941190209,42,0.55467
CTKUSDT,SELL,LIMIT,1701941192534,6982,0.55304
CTKUSDT,SELL,LIMIT,1701941243100,175,0.55322
CTKUSDT,BUY,LIMIT,1701966312965,291,0.60449
CTKUSDT,BUY,LIMIT,1701970177694,112,0.60670
CTKUSDT,BUY,LIMIT,1702007154541,48,0.60700
CTKUSDT,BUY,LIMIT,1702035271039,10,0.61138
CTKUSDT,BUY,LIMIT,1702035603930,12,0.61091
CTKUSDT,BUY,LIMIT,1702035967445,18,0.61151
CTKUSDT,BUY,LIMIT,1702039097275,35,0.61287
CTKUSDT,BUY,LIMIT,1702051501763,125,0.61659
CTKUSDT,BUY,LIMIT,1702052210262,372,0.61687
CTKUSDT,BUY,LIMIT,1702053623368,21,0.61825
CTKUSDT,BUY,LIMIT,1702053712700,111,0.61842
CTKUSDT,BUY,LIMIT,1702064545685,214,0.61852
CTKUSDT,BUY,LIMIT,1702069371339,79,0.62232
CTKUSDT,BUY,LIMIT,1702080152333,34,0.62322
CTKUSDT,BUY,LIMIT,1702081551426,237,0.62572
CTKUSDT,BUY,LIMIT,1702081558377,172,0.62574
CTKUSDT,BUY,LIMIT,1702081984547,82,0.62740
CTKUSDT,BUY,LIMIT,1702085760673,1564,0.63185
CTKUSDT,BUY,LIMIT,1702085804899,92,0.63469
CTKUSDT,BUY,LIMIT,1702085866544,141,0.63617
CTKUSDT,BUY,LIMIT,1702086199719,153,0.64044
CTKUSDT,BUY,LIMIT,1702092580258,83,0.66012
CTKUSDT,BUY,LIMIT,1702093113427,7,0.66161
CTKUSDT,BUY,LIMIT,1702094056574,47,0.66610
CTKUSDT,BUY,LIMIT,1702094514231,193,0.67045
CTKUSDT,BUY,LIMIT,1702094632726,760,0.67185
CTKUSDT,BUY,LIMIT,1702095397148,358,0.67177
CTKUSDT,BUY,LIMIT,1702096009734,1350,0.67364
CTKUSDT,BUY,LIMIT,1702097212156,87,0.67238
CTKUSDT,BUY,LIMIT,1702097692738,673,0.67554
CTKUSDT,SELL,LIMIT,1702099077679,2000,0.64338
CTKUSDT,BUY,LIMIT,1702100956023,1675,0.66779
CTKUSDT,BUY,LIMIT,1702103376622,34,0.66993
CTKUSDT,BUY,LIMIT,1702106071245,34,0.68242
CTKUSDT,BUY,LIMIT,1702106389647,61,0.68539
CTKUSDT,BUY,LIMIT,1702106550898,89,0.68650
CTKUSDT,BUY,LIMIT,1702106554042,3318,0.68712
CTKUSDT,BUY,LIMIT,1702106562783,25,0.68861
CTKUSDT,BUY,LIMIT,1702106575186,15,0.68899
CTKUSDT,BUY,LIMIT,1702107212998,156,0.68477
CTKUSDT,BUY,LIMIT,1702109102431,344,0.69051
CTKUSDT,BUY,LIMIT,1702109244834,56,0.69325
CTKUSDT,BUY,LIMIT,1702109303504,158,0.69405
CTKUSDT,BUY,LIMIT,1702109507056,210,0.69574
CTKUSDT,BUY,LIMIT,1702109514107,155,0.69671
CTKUSDT,BUY,LIMIT,1702110442397,68,0.70139
CTKUSDT,SELL,LIMIT,1702110970061,8,0.65774
CTKUSDT,SELL,LIMIT,1702110977804,463,0.65620
CTKUSDT,SELL,LIMIT,1702111030981,14,0.65349
CTKUSDT,SELL,LIMIT,1702111033130,291,0.65272
CTKUSDT,SELL,LIMIT,1702111039092,1868,0.65089
CTKUSDT,SELL,LIMIT,1702111045894,1712,0.64847
CTKUSDT,SELL,LIMIT,1702111070427,29,0.64813
CTKUSDT,SELL,LIMIT,1702111378060,1278,0.64810
CTKUSDT,SELL,LIMIT,1702111380432,5562,0.64710
CTKUSDT,BUY,LIMIT,1702126044076,59,0.70472
CTKUSDT,BUY,LIMIT,1702126434581,540,0.70884
CTKUSDT,BUY,LIMIT,1702126802242,25,0.71053
CTKUSDT,BUY,LIMIT,1702127035571,314,0.71111
CTKUSDT,BUY,LIMIT,1702128823364,773,0.70282
CTKUSDT,SELL,LIMIT,1702133001983,11,0.67857
CTKUSDT,SELL,LIMIT,1702133008794,207,0.66271
CTKUSDT,SELL,LIMIT,1702138953558,45,0.76120
CTKUSDT,SELL,LIMIT,1702139122904,35,0.66727
CTKUSDT,SELL,LIMIT,1702139240629,460,0.66454
CTKUSDT,SELL,LIMIT,1702139244701,722,0.66405
CTKUSDT,SELL,LIMIT,1702139275510,2436,0.66385
CTKUSDT,SELL,LIMIT,1702141598526,449,0.66131
CTKUSDT,SELL,LIMIT,1702141651881,161,0.66049
CTKUSDT,SELL,LIMIT,1702141692235,308,0.66004
CTKUSDT,SELL,LIMIT,1702141847436,31,0.66259
CTKUSDT,SELL,LIMIT,1702144627293,22,0.73708
CTKUSDT,SELL,LIMIT,1702156356514,1263,0.65715
CTKUSDT,SELL,LIMIT,1702162340113,29,0.65518
CTKUSDT,SELL,LIMIT,1702162413943,783,0.65601
CTKUSDT,SELL,LIMIT,1702162543388,111,0.65492
CTKUSDT,SELL,LIMIT,1702162556663,31,0.65461
CTKUSDT,SELL,LIMIT,1702162557848,970,0.65445
CTKUSDT,SELL,LIMIT,1702164094378,33,0.65168
CTKUSDT,SELL,LIMIT,1702164282064,531,0.64977
CTKUSDT,SELL,LIMIT,1702164542307,503,0.64888
CTKUSDT,SELL,LIMIT,1702164549272,14,0.64811
CTKUSDT,SELL,LIMIT,1702164560337,597,0.64771
CTKUSDT,SELL,LIMIT,1702164561379,1455,0.64719
CTKUSDT,SELL,LIMIT,1702164722307,280,0.64660
CTKUSDT,SELL,LIMIT,1702164738867,55,0.64565
CTKUSDT,SELL,LIMIT,1702164747361,72,0.64563
CTKUSDT,SELL,LIMIT,1702164748634,122,0.64548
CTKUSDT,SELL,LIMIT,1702164752902,8,0.64766
CTKUSDT,SELL,LIMIT,1702164757772,90,0.64394
CTKUSDT,SELL,LIMIT,1702164800922,4,0.64401
CTKUSDT,SELL,LIMIT,1702164802147,1470,0.64308
CTKUSDT,SELL,LIMIT,1702164806206,216,0.64373
CTKUSDT,SELL,LIMIT,1702164807325,845,0.64450
CTKUSDT,SELL,LIMIT,1702164810517,439,0.64100
CTKUSDT,SELL,LIMIT,1702164811599,78,0.64136
CTKUSDT,SELL,LIMIT,1702164816324,905,0.64286
CTKUSDT,SELL,LIMIT,1702164868370,1735,0.64152
CTKUSDT,BUY,LIMIT,1702172298191,1962,0.67738
CTKUSDT,BUY,LIMIT,1702174867348,41,0.68934
CTKUSDT,BUY,LIMIT,1702183475144,224,0.69939
CTKUSDT,BUY,LIMIT,1702185965382,4481,0.70273
CTKUSDT,SELL,LIMIT,1702197835295,135,0.65157
CTKUSDT,SELL,LIMIT,1702198502360,3116,0.65055
CTKUSDT,SELL,LIMIT,1702200540037,214,0.64863
CTKUSDT,SELL,LIMIT,1702200798441,1839,0.64568
CTKUSDT,SELL,LIMIT,1702201492408,44,0.64215
CTKUSDT,SELL,LIMIT,1702202078570,447,0.64142
CTKUSDT,SELL,LIMIT,1702202081878,3628,0.64083
CTKUSDT,SELL,LIMIT,1702202176819,30,0.63994
CTKUSDT,SELL,LIMIT,1702202273109,1229,0.63946
CTKUSDT,SELL,LIMIT,1702202275481,865,0.63918
CTKUSDT,SELL,LIMIT,1702202291623,78,0.63935
CTKUSDT,SELL,LIMIT,1702202292700,3676,0.63918
CTKUSDT,SELL,LIMIT,1702202317293,689,0.63848
CTKUSDT,SELL,LIMIT,1702202321211,147,0.63842
CTKUSDT,SELL,LIMIT,1702202323229,178,0.63773
CTKUSDT,SELL,LIMIT,1702202373120,891,0.63746
CTKUSDT,SELL,LIMIT,1702202374597,3064,0.63665
CTKUSDT,SELL,LIMIT,1702202389578,328,0.63637
CTKUSDT,SELL,LIMIT,1702202395712,31,0.63616
CTKUSDT,SELL,LIMIT,1702230261869,117,0.65168
CTKUSDT,BUY,LIMIT,1702239319471,7148,0.68438
CTKUSDT,SELL,LIMIT,1702260194740,198,0.65353
CTKUSDT,SELL,LIMIT,1702260429296,141,0.68321
CTKUSDT,SELL,LIMIT,1702260434786,4748,0.64634
CTKUSDT,SELL,LIMIT,1702260439128,962,0.64464
CTKUSDT,SELL,LIMIT,1702260440816,600,0.65328
CTKUSDT,SELL,LIMIT,1702260628281,3326,0.64490
CTKUSDT,SELL,LIMIT,1702260634306,36,0.64168
CTKUSDT,SELL,LIMIT,1702260637951,1193,0.64152
CTKUSDT,SELL,LIMIT,1702260668984,204,0.63984
CTKUSDT,SELL,LIMIT,1702260690195,296,0.63975
CTKUSDT,SELL,LIMIT,1702260696154,116,0.63903
CTKUSDT,SELL,LIMIT,1702260699214,148,0.63836
CTKUSDT,SELL,LIMIT,1702260707509,282,0.63905
CTKUSDT,SELL,LIMIT,1702260710029,630,0.64400
CTKUSDT,BUY,LIMIT,1702260711572,33,0.66429
CTKUSDT,SELL,LIMIT,1702260713123,1670,0.63830
CTKUSDT,SELL,LIMIT,1702260714260,11,0.64118
CTKUSDT,SELL,LIMIT,1702260715745,233,0.63674
CTKUSDT,SELL,LIMIT,1702260716805,11,0.63673
CTKUSDT,SELL,LIMIT,1702260718191,29,0.63553
CTKUSDT,SELL,LIMIT,1702260720390,279,0.63549
CTKUSDT,SELL,LIMIT,1702260721510,1485,0.63313
CTKUSDT,SELL,LIMIT,1702260723726,1040,0.63306
CTKUSDT,SELL,LIMIT,1702260724908,72,0.63271
CTKUSDT,SELL,LIMIT,1702260727593,6156,0.62993
CTKUSDT,SELL,LIMIT,1702260728896,31,0.67428
CTKUSDT,SELL,LIMIT,1702260730082,1671,0.63071
CTKUSDT,SELL,LIMIT,1702260731283,5800,0.62731
CTKUSDT,SELL,LIMIT,1702260732315,28,0.62731
CTKUSDT,SELL,LIMIT,1702260733378,302,0.62596
CTKUSDT,SELL,LIMIT,1702260735380,77,0.62812
CTKUSDT,SELL,LIMIT,1702260736467,4167,0.62309
CTKUSDT,SELL,LIMIT,1702260737468,1531,0.61801
CTKUSDT,SELL,LIMIT,1702260738915,31,0.62088
CTKUSDT,SELL,LIMIT,1702260740566,74,0.61563
CTKUSDT,SELL,LIMIT,1702260741579,7547,0.61611
CTKUSDT,SELL,LIMIT,1702260742639,73,0.61641
CTKUSDT,SELL,LIMIT,1702260743803,287,0.61759
CTKUSDT,SELL,LIMIT,1702260745871,124,0.61698
CTKUSDT,SELL,LIMIT,1702260747439,128,0.61844
CTKUSDT,SELL,LIMIT,1702260748407,72,0.61775
CTKUSDT,SELL,LIMIT,1702260749495,70,0.61456
CTKUSDT,SELL,LIMIT,1702260752824,29,0.61373
CTKUSDT,SELL,LIMIT,1702260754584,4473,0.61362
CTKUSDT,SELL,LIMIT,1702260755640,43,0.61228
CTKUSDT,SELL,LIMIT,1702260757526,739,0.60853
CTKUSDT,SELL,LIMIT,1702260758667,30,0.67537
CTKUSDT,SELL,LIMIT,1702260760003,866,0.60467
CTKUSDT,SELL,LIMIT,1702260761079,17,0.60444
CTKUSDT,SELL,LIMIT,1702260762134,746,0.60270
CTKUSDT,SELL,LIMIT,1702260763733,41,0.59959
CTKUSDT,SELL,LIMIT,1702260764747,284,0.59918
CTKUSDT,SELL,LIMIT,1702260765881,37182,0.59559
CTKUSDT,SELL,LIMIT,1702260767034,1196,0.59728
CTKUSDT,SELL,LIMIT,1702260768587,43,0.59578
CTKUSDT,SELL,LIMIT,1702260769681,1329,0.59239
CTKUSDT,SELL,LIMIT,1702260770764,12,0.95552
CTKUSDT,SELL,LIMIT,1702260771930,16,0.58838
CTKUSDT,SELL,LIMIT,1702260773144,2425,0.57924
CTKUSDT,SELL,LIMIT,1702260774376,150,0.58625
CTKUSDT,SELL,LIMIT,1702260775442,38,0.58852
CTKUSDT,SELL,LIMIT,1702260776533,187,0.58413
CTKUSDT,SELL,LIMIT,1702260778323,70,0.58007
CTKUSDT,SELL,LIMIT,1702260779404,10,0.58141
CTKUSDT,SELL,LIMIT,1702260780486,2436,0.57746
CTKUSDT,SELL,LIMIT,1702260781847,93,0.57779
CTKUSDT,SELL,LIMIT,1702260783353,859,0.58058
CTKUSDT,SELL,LIMIT,1702260784366,29,0.57282
CTKUSDT,SELL,LIMIT,1702260785537,3834,0.57498
CTKUSDT,SELL,LIMIT,1702260787047,1020,0.58095
CTKUSDT,SELL,LIMIT,1702260788084,168,0.58113
CTKUSDT,SELL,LIMIT,1702260789313,46,0.56933
CTKUSDT,SELL,LIMIT,1702260790690,40,0.57153
CTKUSDT,SELL,LIMIT,1702260791696,235,0.57176
CTKUSDT,SELL,LIMIT,1702260792807,1253,0.57017
CTKUSDT,SELL,LIMIT,1702260793890,17,0.56464
CTKUSDT,SELL,LIMIT,1702260795870,448,0.56205
CTKUSDT,SELL,LIMIT,1702260797614,2729,0.57100
CTKUSDT,SELL,LIMIT,1702260799163,5000,0.56965
CTKUSDT,SELL,LIMIT,1702260801278,17,0.56631
CTKUSDT,SELL,LIMIT,1702260802624,113,0.56530
CTKUSDT,SELL,LIMIT,1702260803906,38,0.58374
CTKUSDT,SELL,LIMIT,1702260805257,72,0.56585
CTKUSDT,SELL,LIMIT,1702260806562,72,0.56446
CTKUSDT,SELL,LIMIT,1702260807765,296,0.56215
CTKUSDT,SELL,LIMIT,1702260808814,41,0.56063
CTKUSDT,SELL,LIMIT,1702260810743,33,0.56540
CTKUSDT,SELL,LIMIT,1702260811808,10000,0.55814
CTKUSDT,SELL,LIMIT,1702260813254,896,0.56024
CTKUSDT,SELL,LIMIT,1702260814542,2021,0.55972
CTKUSDT,SELL,LIMIT,1702260818280,18,0.55978
CTKUSDT,SELL,LIMIT,1702260826972,200,0.56515
CTKUSDT,BUY,LIMIT,1702260840392,73,0.60465
CTKUSDT,SELL,LIMIT,1702262873708,86,0.59612
