Symbol,Side,Order Type,Time,Quantity,Price
CTSIUSDT,SELL,LIMIT,1701918543160,14782,0.1543
CTSIUSDT,SELL,LIMIT,1701918630527,393,0.1540
CTSIUSDT,SELL,LIMIT,1701940024446,618,0.1538
CTSIUSDT,SELL,LIMIT,1701940565966,3725,0.1532
CTSIUSDT,SELL,LIMIT,1701940625577,15258,0.1525
CTSIUSDT,SELL,LIMIT,1701940716733,275,0.1522
CTSIUSDT,SELL,LIMIT,1701941069537,355,0.1519
CTSIUSDT,SELL,LIMIT,1701941112145,12,0.1518
CTSIUSDT,SELL,LIMIT,1701941161212,3751,0.1512
CTSIUSDT,SELL,LIMIT,1701941175541,2209,0.1510
CTSIUSDT,SELL,LIMIT,1701941185324,5099,0.1505
CTSIUSDT,SELL,LIMIT,1701941190197,238,0.1503
CTSIUSDT,BUY,LIMIT,1701953966735,2402,0.1624
CTSIUSDT,BUY,LIMIT,1701965567838,4753,0.1675
CTSIUSDT,BUY,LIMIT,1701965579686,898,0.1680
CTSIUSDT,BUY,LIMIT,1701965582583,225,0.1682
CTSIUSDT,BUY,LIMIT,1701966312965,616,0.1683
CTSIUSDT,BUY,LIMIT,1701966385453,10261,0.1697
CTSIUSDT,BUY,LIMIT,1702007154540,174,0.1690
CTSIUSDT,BUY,LIMIT,1702018728059,1235,0.1722
CTSIUSDT,BUY,LIMIT,1702038154463,1202,0.1746
CTSIUSDT,SELL,LIMIT,1702042235828,3853,0.1651
CTSIUSDT,SELL,LIMIT,1702043365516,4000,0.1663
CTSIUSDT,BUY,LIMIT,1702053526786,401,0.1741
CTSIUSDT,BUY,LIMIT,1702069044090,793,0.1741
CTSIUSDT,BUY,LIMIT,1702080687268,1054,0.1757
CTSIUSDT,BUY,LIMIT,1702081658259,53,0.1765
CTSIUSDT,BUY,LIMIT,1702094757471,575,0.1749
CTSIUSDT,BUY,LIMIT,1702109244834,679,0.1766
CTSIUSDT,SELL,LIMIT,1702110970087,11835,0.1667
CTSIUSDT,SELL,LIMIT,1702110973607,449,0.1665
CTSIUSDT,SELL,LIMIT,1702110977238,28901,0.1662
CTSIUSDT,SELL,LIMIT,1702111043757,907,0.1650
CTSIUSDT,SELL,LIMIT,1702111045065,286,0.1646
CTSIUSDT,SELL,LIMIT,1702111388354,75,0.1637
CTSIUSDT,BUY,LIMIT,1702118886207,10352,0.1754
CTSIUSDT,SELL,LIMIT,1702141644404,305,0.1687
CTSIUSDT,SELL,LIMIT,1702153715426,5646,0.1702
CTSIUSDT,SELL,LIMIT,1702164295940,4676,0.1671
CTSIUSDT,SELL,LIMIT,1702164687384,2582,0.1658
CTSIUSDT,SELL,LIMIT,1702164801730,565,0.1645
CTSIUSDT,SELL,LIMIT,1702164803337,200,0.1644
CTSIUSDT,SELL,LIMIT,1702164804670,41494,0.1641
CTSIUSDT,SELL,LIMIT,1702164806792,65,0.1642
CTSIUSDT,BUY,LIMIT,1702176054593,642,0.1760
CTSIUSDT,SELL,LIMIT,1702193855657,294,0.1651
CTSIUSDT,SELL,LIMIT,1702202267739,292,0.1637
CTSIUSDT,SELL,LIMIT,1702202374218,2977,0.1630
CTSIUSDT,SELL,LIMIT,1702202383242,690,0.1627
CTSIUSDT,BUY,LIMIT,1702241758115,7202,0.1748
CTSIUSDT,SELL,LIMIT,1702256989374,577,0.1653
CTSIUSDT,BUY,LIMIT,1702259577636,2742,0.1769
CTSIUSDT,SELL,LIMIT,1702260635547,2607,0.1651
CTSIUSDT,SELL,LIMIT,1702260637034,3986,0.1648
CTSIUSDT,SELL,LIMIT,1702260699204,38167,0.1642
CTSIUSDT,SELL,LIMIT,1702260710288,104,0.1639
CTSIUSDT,SELL,LIMIT,1702260711571,722,0.1639
CTSIUSDT,SELL,LIMIT,1702260714236,1416,0.1632
CTSIUSDT,SELL,LIMIT,1702260715585,4853,0.1633
CTSIUSDT,SELL,LIMIT,1702260717561,2990,0.1631
CTSIUSDT,SELL,LIMIT,1702260719785,89,0.1630
CTSIUSDT,SELL,LIMIT,1702260721498,3584,0.1627
CTSIUSDT,SELL,LIMIT,1702260726856,386,0.1621
CTSIUSDT,SELL,LIMIT,1702260728010,1930,0.1621
CTSIUSDT,SELL,LIMIT,1702260730380,29120,0.1619
CTSIUSDT,SELL,LIMIT,1702260731418,1175,0.1620
CTSIUSDT,SELL,LIMIT,1702260734148,177,0.1616
CTSIUSDT,SELL,LIMIT,1702260737627,50960,0.1611
CTSIUSDT,SELL,LIMIT,1702260738691,5678,0.1613
CTSIUSDT,BUY,LIMIT,1702260740843,204,0.1673
CTSIUSDT,SELL,LIMIT,1702260742052,5000,0.1608
CTSIUSDT,SELL,LIMIT,1702260745244,236,0.1604
CTSIUSDT,SELL,LIMIT,1702260746418,473,0.1602
CTSIUSDT,SELL,LIMIT,1702260747633,690,0.1593
CTSIUSDT,SELL,LIMIT,1702260749335,7284,0.1593
CTSIUSDT,SELL,LIMIT,1702260750693,242,0.1589
CTSIUSDT,SELL,LIMIT,1702260752825,117,0.1587
CTSIUSDT,SELL,LIMIT,1702260754602,1476,0.1600
CTSIUSDT,SELL,LIMIT,1702260757423,1000,0.1584
CTSIUSDT,SELL,LIMIT,1702260759842,1814,0.1580
CTSIUSDT,SELL,LIMIT,1702260762688,139,0.1576
CTSIUSDT,SELL,LIMIT,1702260764030,635,0.1580
CTSIUSDT,SELL,LIMIT,1702260765537,7389,0.1573
CTSIUSDT,SELL,LIMIT,1702260766964,137183,0.1566
CTSIUSDT,SELL,LIMIT,1702260768031,1814,0.1571
CTSIUSDT,SELL,LIMIT,1702260769182,913,0.1568
CTSIUSDT,SELL,LIMIT,1702260770521,13449,0.1562
CTSIUSDT,SELL,LIMIT,1702260772056,180196,0.1554
CTSIUSDT,SELL,LIMIT,1702260773152,558,0.1557
CTSIUSDT,SELL,LIMIT,1702260774317,2473,0.1558
CTSIUSDT,SELL,LIMIT,1702260775483,14997,0.1540
CTSIUSDT,SELL,LIMIT,1702260776608,1824,0.1545
CTSIUSDT,SELL,LIMIT,1702260781382,5854,0.1539
CTSIUSDT,SELL,LIMIT,1702260782833,5000,0.1528
CTSIUSDT,SELL,LIMIT,1702260784035,2970,0.1528
CTSIUSDT,SELL,LIMIT,1702260786570,21551,0.1524
CTSIUSDT,SELL,LIMIT,1702260787643,634,0.1525
CTSIUSDT,SELL,LIMIT,1702260788792,646,0.1520
CTSIUSDT,SELL,LIMIT,1702260790376,357,0.1518
CTSIUSDT,SELL,LIMIT,1702260791883,11641,0.1514
CTSIUSDT,SELL,LIMIT,1702260792938,122,0.1507
CTSIUSDT,SELL,LIMIT,1702260794446,3468,0.1508
CTSIUSDT,SELL,LIMIT,1702260795921,632,0.1503
CTSIUSDT,SELL,LIMIT,1702260797138,127,0.1501
CTSIUSDT,SELL,LIMIT,1702260798200,1373,0.1499
CTSIUSDT,SELL,LIMIT,1702260799566,1059,0.1491
CTSIUSDT,SELL,LIMIT,1702260800726,3529,0.1490
CTSIUSDT,SELL,LIMIT,1702260802216,1808,0.1490
CTSIUSDT,SELL,LIMIT,1702260803367,5000,0.1485
CTSIUSDT,SELL,LIMIT,1702260804378,1361,0.1487
CTSIUSDT,SELL,LIMIT,1702260805517,13360,0.1486
CTSIUSDT,SELL,LIMIT,1702260806770,5686,0.1485
CTSIUSDT,SELL,LIMIT,1702260807907,33,0.1478
CTSIUSDT,SELL,LIMIT,1702260808982,156,0.1477
CTSIUSDT,SELL,LIMIT,1702260812222,1518,0.1468
CTSIUSDT,SELL,LIMIT,1702260813254,50169,0.1465
CTSIUSDT,SELL,LIMIT,1702260814542,2927,0.1468
CTSIUSDT,SELL,LIMIT,1702260815550,338,0.1466
CTSIUSDT,SELL,LIMIT,1702260816582,4541,0.1464
CTSIUSDT,SELL,LIMIT,1702260818450,243,0.1462
CTSIUSDT,SELL,LIMIT,1702260821299,2438,0.1460
CTSIUSDT,SELL,LIMIT,1702260822325,4105,0.1453
CTSIUSDT,SELL,LIMIT,1702260828275,1232,0.1456
CTSIUSDT,BUY,LIMIT,1702260899324,48,0.1596
CTSIUSDT,SELL,LIMIT,1702262873708,334,0.1539
