Symbol,Side,Order Type,Time,Quantity,Price
CYBERUSDT,BUY,LIMIT,1700848632658,9.2,6.638160
CYBERUSDT,SELL,LIMIT,1700852934543,11.0,6.282180
CYBERUSDT,SELL,LIMIT,1700853457169,98.5,6.264448
CYBERUSDT,SELL,LIMIT,1700863821479,8.1,6.253834
CYBERUSDT,SELL,LIMIT,1700863823168,2.9,6.253635
CYBERUSDT,SELL,LIMIT,1700863840007,9.8,6.244086
CYBERUSDT,SELL,LIMIT,1700863951961,125.6,6.229227
CYBERUSDT,SELL,LIMIT,1700863953011,6.5,6.219862
CYBERUSDT,SELL,LIMIT,1700863960684,19.1,6.207466
CYBERUSDT,SELL,LIMIT,1700867379015,142.5,6.226921
CYBERUSDT,SELL,LIMIT,1700896126344,14.7,6.315006
CYBERUSDT,SELL,LIMIT,1700896144199,4.0,6.314300
CYBERUSDT,BUY,LIMIT,1700900158369,16.6,6.658192
CYBERUSDT,BUY,LIMIT,1700900503780,12.7,6.649720
CYBERUSDT,SELL,LIMIT,1700908987333,70.8,6.188319
CYBERUSDT,SELL,LIMIT,1700909069058,145.7,6.185382
CYBERUSDT,SELL,LIMIT,1700909073749,460.5,6.182370
CYBERUSDT,SELL,LIMIT,1700911554882,12.5,6.171550
CYBERUSDT,SELL,LIMIT,1700911558943,25.4,6.164902
CYBERUSDT,SELL,LIMIT,1700911572433,7.0,6.165787
CYBERUSDT,SELL,LIMIT,1700911573657,114.3,6.165181
CYBERUSDT,SELL,LIMIT,1700911575120,25.4,6.164559
CYBERUSDT,SELL,LIMIT,1700911577429,25.4,6.161490
CYBERUSDT,SELL,LIMIT,1700911579886,4.3,6.161013
CYBERUSDT,SELL,LIMIT,1700912121269,1.9,6.156992
CYBERUSDT,SELL,LIMIT,1700912123320,33.5,6.156324
CYBERUSDT,SELL,LIMIT,1700912127179,42.9,6.152532
CYBERUSDT,SELL,LIMIT,1700912128280,1.6,6.146846
CYBERUSDT,SELL,LIMIT,1700912218207,27.7,6.139292
CYBERUSDT,SELL,LIMIT,1700912221752,1.2,6.138546
CYBERUSDT,SELL,LIMIT,1700912226155,11.2,6.136220
CYBERUSDT,SELL,LIMIT,1700912227242,372.7,6.135407
CYBERUSDT,SELL,LIMIT,1700912321616,25.5,6.131365
CYBERUSDT,SELL,LIMIT,1700912338183,25.5,6.128477
CYBERUSDT,SELL,LIMIT,1700912339230,25.5,6.127998
CYBERUSDT,SELL,LIMIT,1700912340329,3.1,6.125427
CYBERUSDT,SELL,LIMIT,1700912341458,59.3,6.121502
CYBERUSDT,SELL,LIMIT,1700912345399,73.2,6.114553
CYBERUSDT,SELL,LIMIT,1700912348098,30.2,6.112807
CYBERUSDT,SELL,LIMIT,1700912588680,194.0,6.106537
CYBERUSDT,SELL,LIMIT,1700912657067,88.8,6.109422
CYBERUSDT,SELL,LIMIT,1700912678199,29.4,6.105127
CYBERUSDT,SELL,LIMIT,1700923220526,18.0,6.213638
CYBERUSDT,SELL,LIMIT,1700923246149,14.4,6.214821
CYBERUSDT,BUY,LIMIT,1700939912378,15.0,6.549289
CYBERUSDT,BUY,LIMIT,1700939925064,1.2,6.555808
