Symbol,Side,Order Type,Time,Quantity,Price
CYBERUSDT,SELL,LIMIT,1701918639947,4.0,6.463182
CYBERUSDT,SELL,LIMIT,1701940032201,73.5,6.515102
CYBERUSDT,SELL,LIMIT,1701940555574,2.9,6.499546
CYBERUSDT,SELL,LIMIT,1701940557310,1.4,6.498691
CYBERUSDT,SELL,LIMIT,1701940681335,27.9,6.479801
CYBERUSDT,SELL,LIMIT,1701940715285,14.7,6.459181
CYBERUSDT,SELL,LIMIT,1701940722668,367.6,6.458785
CYBERUSDT,SELL,LIMIT,1701941106110,10.7,6.447525
CYBERUSDT,SELL,LIMIT,1701941107158,1.1,6.447448
CYBERUSDT,SELL,LIMIT,1701941108216,11.1,6.436518
CYBERUSDT,SELL,LIMIT,1701941110240,723.0,6.434203
CYBERUSDT,SELL,LIMIT,1701941111503,5.5,6.423703
CYBERUSDT,SELL,LIMIT,1701941153601,24.8,6.421070
CYBERUSDT,SELL,LIMIT,1701941155779,47.9,6.412139
CYBERUSDT,SELL,LIMIT,1701941164729,109.7,6.403184
CYBERUSDT,SELL,LIMIT,1701941167370,1.1,6.394413
CYBERUSDT,SELL,LIMIT,1701941172522,38.2,6.393456
CYBERUSDT,SELL,LIMIT,1701941182604,16.3,6.387979
CYBERUSDT,SELL,LIMIT,1701941183640,79.2,6.385896
CYBERUSDT,SELL,LIMIT,1701941187141,52.9,6.382108
CYBERUSDT,SELL,LIMIT,1701941189506,122.0,6.377411
CYBERUSDT,SELL,LIMIT,1701941191214,266.5,6.376165
CYBERUSDT,SELL,LIMIT,1701941207529,28.7,6.370937
CYBERUSDT,SELL,LIMIT,1701941239422,73.2,6.366516
CYBERUSDT,SELL,LIMIT,1701941240557,16.8,6.364247
CYBERUSDT,SELL,LIMIT,1701941241650,120.9,6.359977
CYBERUSDT,SELL,LIMIT,1701941245581,1.1,6.351474
CYBERUSDT,SELL,LIMIT,1701941256398,108.4,6.348123
CYBERUSDT,BUY,LIMIT,1701951324769,30.2,6.850579
CYBERUSDT,BUY,LIMIT,1701952732470,29.0,6.975424
CYBERUSDT,BUY,LIMIT,1701953541077,1.1,7.015903
CYBERUSDT,BUY,LIMIT,1701953589858,1.0,7.029434
CYBERUSDT,BUY,LIMIT,1701953976590,0.1,7.010460
CYBERUSDT,BUY,LIMIT,1701954215708,14.7,7.065154
CYBERUSDT,BUY,LIMIT,1701954850370,29.3,7.137830
CYBERUSDT,BUY,LIMIT,1701954957627,8.7,7.186437
CYBERUSDT,SELL,LIMIT,1701964339528,30.0,6.738481
CYBERUSDT,SELL,LIMIT,1701978008024,1.4,6.677818
CYBERUSDT,SELL,LIMIT,1701981523213,28.7,6.709299
CYBERUSDT,SELL,LIMIT,1701997654209,25.4,6.738289
CYBERUSDT,SELL,LIMIT,1702020540794,169.3,6.674786
CYBERUSDT,SELL,LIMIT,1702020637452,60.8,6.662085
CYBERUSDT,SELL,LIMIT,1702020640779,78.3,6.649892
CYBERUSDT,SELL,LIMIT,1702020642661,29.8,6.648094
CYBERUSDT,SELL,LIMIT,1702026952281,2.8,6.589824
CYBERUSDT,SELL,LIMIT,1702026953482,68.3,6.628813
CYBERUSDT,SELL,LIMIT,1702026961236,2.8,6.557307
CYBERUSDT,SELL,LIMIT,1702035301341,2.6,6.721821
CYBERUSDT,BUY,LIMIT,1702047839370,12.1,7.129253
CYBERUSDT,BUY,LIMIT,1702047865837,391.8,7.144874
CYBERUSDT,BUY,LIMIT,1702047876389,38.2,7.148319
CYBERUSDT,BUY,LIMIT,1702064195892,5.7,7.180800
CYBERUSDT,SELL,LIMIT,1702069749120,10.7,6.882143
CYBERUSDT,BUY,LIMIT,1702071037338,146.4,7.206300
CYBERUSDT,BUY,LIMIT,1702080269098,22.0,7.174181
CYBERUSDT,BUY,LIMIT,1702080687268,22.9,7.222617
CYBERUSDT,BUY,LIMIT,1702082330082,8.9,7.256280
CYBERUSDT,BUY,LIMIT,1702107972321,3.0,7.251115
CYBERUSDT,SELL,LIMIT,1702108570132,80.4,6.979949
CYBERUSDT,BUY,LIMIT,1702109161626,2.8,7.286110
CYBERUSDT,SELL,LIMIT,1702110874374,9.2,6.919566
CYBERUSDT,SELL,LIMIT,1702110972234,8.3,6.871344
CYBERUSDT,SELL,LIMIT,1702110974399,7.2,6.863318
CYBERUSDT,SELL,LIMIT,1702110977171,16.0,6.859841
CYBERUSDT,SELL,LIMIT,1702111038412,113.5,6.792316
CYBERUSDT,SELL,LIMIT,1702111041205,23.2,6.785520
CYBERUSDT,SELL,LIMIT,1702111045713,884.5,6.768446
CYBERUSDT,SELL,LIMIT,1702111047554,372.7,6.783076
CYBERUSDT,SELL,LIMIT,1702111188756,175.8,6.760666
CYBERUSDT,SELL,LIMIT,1702111189801,498.2,6.740704
CYBERUSDT,SELL,LIMIT,1702111191406,279.7,6.735233
CYBERUSDT,SELL,LIMIT,1702111199947,2.8,6.729502
CYBERUSDT,SELL,LIMIT,1702111201303,45.6,6.717653
CYBERUSDT,SELL,LIMIT,1702111203190,23.9,6.707628
CYBERUSDT,SELL,LIMIT,1702111204305,48.6,6.706530
CYBERUSDT,SELL,LIMIT,1702111372197,14.8,6.722237
CYBERUSDT,SELL,LIMIT,1702111385209,193.1,6.696511
CYBERUSDT,SELL,LIMIT,1702111387791,29.7,6.692796
CYBERUSDT,SELL,LIMIT,1702111390727,16.1,6.684830
CYBERUSDT,SELL,LIMIT,1702133362552,0.8,6.683338
CYBERUSDT,SELL,LIMIT,1702134494443,1.1,6.673702
CYBERUSDT,SELL,LIMIT,1702134497281,210.0,6.670670
CYBERUSDT,SELL,LIMIT,1702134500210,75.0,6.667745
CYBERUSDT,SELL,LIMIT,1702134512810,39.4,6.652297
CYBERUSDT,SELL,LIMIT,1702134517083,8.5,6.647445
CYBERUSDT,SELL,LIMIT,1702134523078,1.6,6.645451
CYBERUSDT,SELL,LIMIT,1702134537337,212.5,6.639615
CYBERUSDT,SELL,LIMIT,1702134938161,1.4,6.645413
CYBERUSDT,SELL,LIMIT,1702138953558,4.8,6.697321
CYBERUSDT,SELL,LIMIT,1702139286202,30.4,6.657613
CYBERUSDT,SELL,LIMIT,1702141640103,127.3,6.627741
CYBERUSDT,SELL,LIMIT,1702141692235,29.4,6.618469
CYBERUSDT,SELL,LIMIT,1702141705746,127.9,6.608310
CYBERUSDT,SELL,LIMIT,1702141733467,43.5,6.602159
CYBERUSDT,SELL,LIMIT,1702141749277,63.5,6.596480
CYBERUSDT,SELL,LIMIT,1702141756346,18.6,6.594152
CYBERUSDT,SELL,LIMIT,1702141758884,44.8,6.592173
CYBERUSDT,SELL,LIMIT,1702144789356,1.2,6.587987
CYBERUSDT,SELL,LIMIT,1702153121850,14.1,6.651426
CYBERUSDT,SELL,LIMIT,1702153293887,16.3,6.650307
CYBERUSDT,SELL,LIMIT,1702153648393,150.0,6.646361
CYBERUSDT,SELL,LIMIT,1702153709330,13.8,6.837598
CYBERUSDT,SELL,LIMIT,1702156370342,88.7,6.592165
CYBERUSDT,SELL,LIMIT,1702161399487,19.3,6.681874
CYBERUSDT,SELL,LIMIT,1702164146320,23.5,6.597925
CYBERUSDT,SELL,LIMIT,1702164212103,1.6,6.576828
CYBERUSDT,SELL,LIMIT,1702164256394,14.2,6.569757
CYBERUSDT,SELL,LIMIT,1702164294912,3.8,6.566026
CYBERUSDT,SELL,LIMIT,1702164296448,5.6,6.559533
CYBERUSDT,SELL,LIMIT,1702164307489,31.3,6.559141
CYBERUSDT,SELL,LIMIT,1702164500539,1.0,6.555221
CYBERUSDT,SELL,LIMIT,1702164531181,1.3,6.553259
CYBERUSDT,SELL,LIMIT,1702164534759,30.3,6.551066
CYBERUSDT,SELL,LIMIT,1702164551400,289.7,6.540619
CYBERUSDT,SELL,LIMIT,1702164572425,14.6,6.535235
CYBERUSDT,SELL,LIMIT,1702164672086,27.3,6.539541
CYBERUSDT,SELL,LIMIT,1702164684353,277.2,6.533263
CYBERUSDT,SELL,LIMIT,1702164691063,120.7,6.531701
CYBERUSDT,SELL,LIMIT,1702164704111,14.5,6.524940
CYBERUSDT,SELL,LIMIT,1702164705171,2.8,6.526387
CYBERUSDT,SELL,LIMIT,1702164706189,28.4,6.521656
CYBERUSDT,SELL,LIMIT,1702164743661,27.4,6.521901
CYBERUSDT,SELL,LIMIT,1702164746414,116.6,6.517208
CYBERUSDT,SELL,LIMIT,1702164747708,2.4,6.519941
CYBERUSDT,SELL,LIMIT,1702164750046,33.7,6.564024
CYBERUSDT,SELL,LIMIT,1702164751054,21.3,6.499701
CYBERUSDT,SELL,LIMIT,1702164752854,12.2,6.495789
CYBERUSDT,SELL,LIMIT,1702164758049,132.3,6.490772
CYBERUSDT,SELL,LIMIT,1702164764157,27.9,6.506514
CYBERUSDT,SELL,LIMIT,1702164766708,15.6,6.487968
CYBERUSDT,SELL,LIMIT,1702164797074,385.4,6.486035
CYBERUSDT,SELL,LIMIT,1702164798405,57.3,6.484394
CYBERUSDT,SELL,LIMIT,1702164799726,293.7,6.482132
CYBERUSDT,SELL,LIMIT,1702164801695,12.6,6.483113
CYBERUSDT,SELL,LIMIT,1702164802867,30.0,6.475589
CYBERUSDT,SELL,LIMIT,1702164804312,158.0,6.474847
CYBERUSDT,SELL,LIMIT,1702164806394,18.6,6.474359
CYBERUSDT,SELL,LIMIT,1702164808038,107.5,6.472493
CYBERUSDT,SELL,LIMIT,1702164809490,23.9,6.470502
CYBERUSDT,SELL,LIMIT,1702164810546,159.9,6.468771
CYBERUSDT,SELL,LIMIT,1702164811685,73.4,6.467017
CYBERUSDT,SELL,LIMIT,1702164812696,59.7,6.457560
CYBERUSDT,SELL,LIMIT,1702164813871,114.8,6.439858
CYBERUSDT,SELL,LIMIT,1702164816324,142.2,6.426594
CYBERUSDT,SELL,LIMIT,1702164868370,77.5,6.444213
CYBERUSDT,SELL,LIMIT,1702180121424,10.4,6.670895
CYBERUSDT,SELL,LIMIT,1702188956463,7.8,6.694442
CYBERUSDT,SELL,LIMIT,1702192750785,0.8,6.590501
CYBERUSDT,SELL,LIMIT,1702196683841,30.0,6.562923
CYBERUSDT,SELL,LIMIT,1702200229660,152.0,6.538561
CYBERUSDT,SELL,LIMIT,1702200300691,10.3,6.532681
CYBERUSDT,SELL,LIMIT,1702200358383,22.2,6.523861
CYBERUSDT,SELL,LIMIT,1702200765438,221.7,6.499228
CYBERUSDT,SELL,LIMIT,1702200795093,4.1,6.495959
CYBERUSDT,SELL,LIMIT,1702200891125,149.0,6.487315
CYBERUSDT,SELL,LIMIT,1702200892174,87.8,6.490554
CYBERUSDT,SELL,LIMIT,1702200910088,3.7,6.480685
CYBERUSDT,SELL,LIMIT,1702200911653,34.1,6.475451
CYBERUSDT,SELL,LIMIT,1702200914954,16.5,6.474200
CYBERUSDT,SELL,LIMIT,1702200927122,366.7,6.471632
CYBERUSDT,SELL,LIMIT,1702200928450,1.1,6.464420
CYBERUSDT,SELL,LIMIT,1702200930035,5.8,6.459169
CYBERUSDT,SELL,LIMIT,1702200938545,3.3,6.457026
CYBERUSDT,SELL,LIMIT,1702200940820,368.1,6.452789
CYBERUSDT,SELL,LIMIT,1702201472827,7.6,6.494968
CYBERUSDT,SELL,LIMIT,1702201487481,2.0,6.479634
CYBERUSDT,SELL,LIMIT,1702201787085,5.3,6.508967
CYBERUSDT,SELL,LIMIT,1702202081878,356.6,6.461141
CYBERUSDT,SELL,LIMIT,1702202157133,7.0,6.452321
CYBERUSDT,SELL,LIMIT,1702202273109,265.2,6.448401
CYBERUSDT,SELL,LIMIT,1702202275483,0.8,6.444812
CYBERUSDT,SELL,LIMIT,1702202295202,14.5,6.437523
CYBERUSDT,SELL,LIMIT,1702202297540,68.3,6.433792
CYBERUSDT,SELL,LIMIT,1702202320743,111.3,6.430877
CYBERUSDT,SELL,LIMIT,1702202323275,0.8,6.432498
CYBERUSDT,SELL,LIMIT,1702202325353,6.0,6.432482
CYBERUSDT,SELL,LIMIT,1702202365262,99.6,6.428801
CYBERUSDT,SELL,LIMIT,1702202373183,369.9,6.427821
CYBERUSDT,SELL,LIMIT,1702202379307,14.9,6.424333
CYBERUSDT,SELL,LIMIT,1702202380362,0.8,6.421941
CYBERUSDT,SELL,LIMIT,1702202382162,2.5,6.420961
CYBERUSDT,SELL,LIMIT,1702202383301,29.5,6.421428
CYBERUSDT,SELL,LIMIT,1702202384871,352.8,6.420961
CYBERUSDT,SELL,LIMIT,1702202386095,32.5,6.419931
CYBERUSDT,SELL,LIMIT,1702202387614,35.1,6.419400
CYBERUSDT,SELL,LIMIT,1702202388978,5.2,6.417595
CYBERUSDT,SELL,LIMIT,1702202390401,44.0,6.417041
CYBERUSDT,SELL,LIMIT,1702205126305,12.0,6.485399
CYBERUSDT,BUY,LIMIT,1702217558082,2.9,6.942015
CYBERUSDT,BUY,LIMIT,1702239013279,2.1,7.051365
CYBERUSDT,BUY,LIMIT,1702239751867,1.0,7.092829
CYBERUSDT,BUY,LIMIT,1702241030388,29.8,7.120562
CYBERUSDT,BUY,LIMIT,1702241073818,4.9,7.124700
CYBERUSDT,BUY,LIMIT,1702241791122,2.9,7.128780
CYBERUSDT,BUY,LIMIT,1702243710469,17.8,7.042024
CYBERUSDT,SELL,LIMIT,1702243721536,1.6,6.774741
CYBERUSDT,SELL,LIMIT,1702256612777,17.1,6.650486
CYBERUSDT,SELL,LIMIT,1702256620300,43.0,6.646361
CYBERUSDT,SELL,LIMIT,1702256908021,3.7,6.609569
CYBERUSDT,SELL,LIMIT,1702256915672,173.0,6.592547
CYBERUSDT,SELL,LIMIT,1702256918228,75.8,6.590990
CYBERUSDT,SELL,LIMIT,1702256987304,4.5,6.572511
CYBERUSDT,SELL,LIMIT,1702256993276,8.6,6.556846
CYBERUSDT,BUY,LIMIT,1702260260227,2.7,6.902865
CYBERUSDT,SELL,LIMIT,1702260422277,8.5,6.646954
CYBERUSDT,SELL,LIMIT,1702260424459,2.4,6.603832
CYBERUSDT,SELL,LIMIT,1702260431575,338.0,6.576964
CYBERUSDT,SELL,LIMIT,1702260434748,145.3,6.566693
CYBERUSDT,SELL,LIMIT,1702260436255,270.0,6.567219
CYBERUSDT,SELL,LIMIT,1702260440000,10.0,6.558867
CYBERUSDT,SELL,LIMIT,1702260443186,729.3,6.540994
CYBERUSDT,SELL,LIMIT,1702260483239,22.3,6.538676
CYBERUSDT,SELL,LIMIT,1702260627518,19.5,6.531503
CYBERUSDT,SELL,LIMIT,1702260631742,5.0,6.515643
CYBERUSDT,SELL,LIMIT,1702260635422,286.4,6.500547
CYBERUSDT,SELL,LIMIT,1702260636582,1.1,6.505382
CYBERUSDT,SELL,LIMIT,1702260637748,0.8,6.501589
CYBERUSDT,SELL,LIMIT,1702260664946,10.8,6.507442
CYBERUSDT,SELL,LIMIT,1702260668468,820.3,6.487135
CYBERUSDT,SELL,LIMIT,1702260690195,72.6,6.486621
CYBERUSDT,SELL,LIMIT,1702260693302,50.0,6.484280
CYBERUSDT,SELL,LIMIT,1702260694723,41.4,6.479855
CYBERUSDT,SELL,LIMIT,1702260699214,14.5,6.473391
CYBERUSDT,SELL,LIMIT,1702260701429,60.7,6.464662
CYBERUSDT,SELL,LIMIT,1702260702605,73.4,6.469878
CYBERUSDT,SELL,LIMIT,1702260705544,1.4,6.461851
CYBERUSDT,SELL,LIMIT,1702260707240,220.3,6.451669
CYBERUSDT,SELL,LIMIT,1702260708263,16.7,6.444435
CYBERUSDT,SELL,LIMIT,1702260709769,16.2,6.440839
CYBERUSDT,SELL,LIMIT,1702260711571,5.5,6.439981
CYBERUSDT,SELL,LIMIT,1702260713328,206.1,6.436875
CYBERUSDT,SELL,LIMIT,1702260714308,1.4,6.429956
CYBERUSDT,SELL,LIMIT,1702260716805,2.0,6.429559
CYBERUSDT,SELL,LIMIT,1702260718404,146.8,6.425756
CYBERUSDT,SELL,LIMIT,1702260719438,61.4,6.412143
CYBERUSDT,SELL,LIMIT,1702260720940,540.5,6.411513
CYBERUSDT,SELL,LIMIT,1702260723726,103.7,6.409864
CYBERUSDT,SELL,LIMIT,1702260724842,9.4,6.396455
CYBERUSDT,SELL,LIMIT,1702260725903,2.8,6.390185
CYBERUSDT,SELL,LIMIT,1702260727683,29.2,6.385215
CYBERUSDT,SELL,LIMIT,1702260728896,4.7,6.385215
CYBERUSDT,SELL,LIMIT,1702260730000,376.0,6.381544
CYBERUSDT,SELL,LIMIT,1702260731284,371.7,6.435862
CYBERUSDT,SELL,LIMIT,1702260732559,35.0,6.369199
CYBERUSDT,SELL,LIMIT,1702260733627,0.8,6.353248
CYBERUSDT,SELL,LIMIT,1702260734832,9813.8,6.212237
CYBERUSDT,SELL,LIMIT,1702260735897,253.7,6.307759
CYBERUSDT,SELL,LIMIT,1702260737376,77.6,6.291564
CYBERUSDT,SELL,LIMIT,1702260738388,114.2,6.267008
CYBERUSDT,SELL,LIMIT,1702260739397,75.2,6.260244
CYBERUSDT,SELL,LIMIT,1702260740394,16.7,6.241769
CYBERUSDT,SELL,LIMIT,1702260741458,188.7,6.198438
CYBERUSDT,SELL,LIMIT,1702260742503,66.3,6.234702
CYBERUSDT,SELL,LIMIT,1702260743515,7.4,6.198457
CYBERUSDT,SELL,LIMIT,1702260744655,2.3,6.197101
CYBERUSDT,SELL,LIMIT,1702260745657,107.6,6.176301
CYBERUSDT,SELL,LIMIT,1702260746676,1.0,6.176301
CYBERUSDT,SELL,LIMIT,1702260747702,14.4,6.174455
CYBERUSDT,SELL,LIMIT,1702260748704,1.4,6.160664
CYBERUSDT,SELL,LIMIT,1702260749721,144.2,6.147789
CYBERUSDT,SELL,LIMIT,1702260750845,7.1,6.148974
CYBERUSDT,SELL,LIMIT,1702260751898,31.7,6.141244
CYBERUSDT,SELL,LIMIT,1702260752943,91.6,6.132601
CYBERUSDT,SELL,LIMIT,1702260754014,182.4,6.115643
CYBERUSDT,SELL,LIMIT,1702260755349,1911.5,6.065041
CYBERUSDT,SELL,LIMIT,1702260757398,6.8,6.075121
CYBERUSDT,SELL,LIMIT,1702260758508,150.3,6.060735
CYBERUSDT,SELL,LIMIT,1702260759606,2880.9,6.038777
CYBERUSDT,SELL,LIMIT,1702260760583,14.4,6.048254
CYBERUSDT,SELL,LIMIT,1702260761642,183.6,6.057879
CYBERUSDT,SELL,LIMIT,1702260762686,23.2,6.043695
CYBERUSDT,SELL,LIMIT,1702260763721,8.2,6.196326
CYBERUSDT,SELL,LIMIT,1702260764754,1.6,6.026707
CYBERUSDT,SELL,LIMIT,1702260765961,28.4,6.026707
CYBERUSDT,SELL,LIMIT,1702260767002,31.6,6.021432
CYBERUSDT,SELL,LIMIT,1702260768031,46.2,6.013287
CYBERUSDT,SELL,LIMIT,1702260769318,77.2,6.013287
CYBERUSDT,SELL,LIMIT,1702260770347,441.6,6.011594
CYBERUSDT,SELL,LIMIT,1702260771445,3.2,6.015580
CYBERUSDT,SELL,LIMIT,1702260772536,3786.4,5.959644
CYBERUSDT,SELL,LIMIT,1702260773695,37.2,5.978896
CYBERUSDT,SELL,LIMIT,1702260774735,19.5,5.950816
CYBERUSDT,SELL,LIMIT,1702260775746,167.4,5.966653
CYBERUSDT,SELL,LIMIT,1702260776903,152.6,5.963517
CYBERUSDT,SELL,LIMIT,1702260777940,17.6,5.949210
CYBERUSDT,SELL,LIMIT,1702260779004,168.0,5.928991
CYBERUSDT,SELL,LIMIT,1702260780394,200.0,5.915968
CYBERUSDT,SELL,LIMIT,1702260781523,15.9,5.933578
CYBERUSDT,SELL,LIMIT,1702260782528,586.4,5.925020
CYBERUSDT,SELL,LIMIT,1702260783523,11.9,5.904116
CYBERUSDT,SELL,LIMIT,1702260784564,1.6,5.895351
CYBERUSDT,SELL,LIMIT,1702260785738,1866.4,5.887626
CYBERUSDT,SELL,LIMIT,1702260786962,3.5,5.902574
CYBERUSDT,SELL,LIMIT,1702260787983,215.2,5.902574
CYBERUSDT,SELL,LIMIT,1702260789023,710.7,5.890760
CYBERUSDT,SELL,LIMIT,1702260790089,2.5,5.886140
CYBERUSDT,SELL,LIMIT,1702260791136,3.5,5.842478
CYBERUSDT,SELL,LIMIT,1702260792428,2.4,5.845258
CYBERUSDT,SELL,LIMIT,1702260793453,16.0,5.840399
CYBERUSDT,SELL,LIMIT,1702260794498,3.3,5.838818
CYBERUSDT,SELL,LIMIT,1702260795510,5.8,5.838751
CYBERUSDT,SELL,LIMIT,1702260796547,180.1,5.826330
CYBERUSDT,SELL,LIMIT,1702260797608,23.6,5.806494
CYBERUSDT,SELL,LIMIT,1702260798640,4.1,5.806494
CYBERUSDT,SELL,LIMIT,1702260799827,14.2,5.806442
CYBERUSDT,SELL,LIMIT,1702260800867,469.1,5.774994
CYBERUSDT,SELL,LIMIT,1702260801978,57.8,5.772229
CYBERUSDT,SELL,LIMIT,1702260803417,4.8,5.768364
CYBERUSDT,SELL,LIMIT,1702260804509,151.7,5.765548
CYBERUSDT,SELL,LIMIT,1702260805535,53.8,5.756054
CYBERUSDT,SELL,LIMIT,1702260806552,107.9,5.755744
CYBERUSDT,SELL,LIMIT,1702260807559,72.5,5.742523
CYBERUSDT,SELL,LIMIT,1702260808634,0.1,5.731160
CYBERUSDT,SELL,LIMIT,1702260809828,861.0,5.726989
CYBERUSDT,SELL,LIMIT,1702260810867,14.4,5.740670
CYBERUSDT,SELL,LIMIT,1702260811918,19.6,5.824275
CYBERUSDT,SELL,LIMIT,1702260813051,100.0,5.723055
CYBERUSDT,SELL,LIMIT,1702260814160,3.6,5.666221
CYBERUSDT,SELL,LIMIT,1702260815184,307.0,5.658326
CYBERUSDT,SELL,LIMIT,1702260816566,88.2,5.656941
CYBERUSDT,SELL,LIMIT,1702260817988,216.9,5.655452
CYBERUSDT,SELL,LIMIT,1702260819384,3.7,5.639996
CYBERUSDT,SELL,LIMIT,1702260821298,312.5,5.630094
CYBERUSDT,SELL,LIMIT,1702260828401,5.3,5.638832
CYBERUSDT,SELL,LIMIT,1702260831068,213.2,5.659498
CYBERUSDT,BUY,LIMIT,1702260852422,4.8,6.050689
CYBERUSDT,SELL,LIMIT,1702260856058,0.7,5.840726
CYBERUSDT,BUY,LIMIT,1702260861356,1.7,6.139781
CYBERUSDT,BUY,LIMIT,1702260871885,2.9,6.129254
CYBERUSDT,BUY,LIMIT,1702261190534,1.1,6.328689
CYBERUSDT,SELL,LIMIT,1702262615563,20.8,6.006040
CYBERUSDT,SELL,LIMIT,1702265724235,1.6,6.276901
CYBERUSDT,SELL,LIMIT,1702266101500,1.6,6.294112
CYBERUSDT,BUY,LIMIT,1702266219195,240.1,6.536586
CYBERUSDT,SELL,LIMIT,1702267205481,54.6,6.230841
