Symbol,Side,Order Type,Time,Quantity,Price
DARUSDT,BUY,LIMIT,1701927391438,1184.9,0.1360
DARUSDT,BUY,LIMIT,1701930329404,2149.5,0.1391
DARUSDT,BUY,LIMIT,1701930884123,838.8,0.1409
DARUSDT,BUY,LIMIT,1701930909733,1645.0,0.1415
DARUSDT,BUY,LIMIT,1701930911315,7258.3,0.1416
DARUSDT,BUY,LIMIT,1701930924497,37854.8,0.1421
DARUSDT,BUY,LIMIT,1701930925602,12056.5,0.1421
DARUSDT,BUY,LIMIT,1701930935539,9060.5,0.1424
DARUSDT,BUY,LIMIT,1701931041789,231.3,0.1433
DARUSDT,BUY,LIMIT,1701931044706,2932.3,0.1442
DARUSDT,BUY,LIMIT,1701931046756,15000.0,0.1448
DARUSDT,BUY,LIMIT,1701931048878,12937.6,0.1453
DARUSDT,BUY,LIMIT,1701931052837,6918.1,0.1472
DARUSDT,BUY,LIMIT,1701931083528,1603.6,0.1498
DARUSDT,BUY,LIMIT,1701931086653,16000.0,0.1499
DARUSDT,BUY,LIMIT,1701931094894,59.7,0.1506
DARUSDT,BUY,LIMIT,1701931097044,5414.5,0.1515
DARUSDT,BUY,LIMIT,1701931099463,309.4,0.1516
DARUSDT,BUY,LIMIT,1701931102681,1391.8,0.1521
DARUSDT,BUY,LIMIT,1701931107876,35076.2,0.1520
DARUSDT,SELL,LIMIT,1701931289319,6206.2,0.1383
DARUSDT,BUY,LIMIT,1701931484148,1920.3,0.1462
DARUSDT,BUY,LIMIT,1701931583300,1297.0,0.1480
DARUSDT,BUY,LIMIT,1701931701962,962.3,0.1496
DARUSDT,BUY,LIMIT,1701931723784,668.4,0.1501
DARUSDT,BUY,LIMIT,1701931753315,2035.4,0.1507
DARUSDT,SELL,LIMIT,1701931806458,604.7,0.1418
DARUSDT,SELL,LIMIT,1701931954190,2348.7,0.1411
DARUSDT,SELL,LIMIT,1701931987364,58379.7,0.1397
DARUSDT,SELL,LIMIT,1701932120817,4134.6,0.1384
DARUSDT,SELL,LIMIT,1701932123359,4710.8,0.1383
DARUSDT,BUY,LIMIT,1701932650141,3863.7,0.1476
DARUSDT,BUY,LIMIT,1701932659291,12931.9,0.1480
DARUSDT,SELL,LIMIT,1701933517228,633.8,0.1374
DARUSDT,SELL,LIMIT,1701933541729,725.9,0.1369
DARUSDT,SELL,LIMIT,1701933551498,120.6,0.1363
DARUSDT,SELL,LIMIT,1701933554202,1644.6,0.1361
DARUSDT,SELL,LIMIT,1701933585645,36.2,0.1359
DARUSDT,SELL,LIMIT,1701933751286,15163.7,0.1357
DARUSDT,SELL,LIMIT,1701933787280,211.6,0.1348
DARUSDT,SELL,LIMIT,1701934483050,88.5,0.1341
DARUSDT,SELL,LIMIT,1701936553225,189.1,0.1322
DARUSDT,SELL,LIMIT,1701937218760,26166.9,0.1314
DARUSDT,SELL,LIMIT,1701937224807,14600.1,0.1312
DARUSDT,SELL,LIMIT,1701937293435,5294.2,0.1309
DARUSDT,SELL,LIMIT,1701937692644,66.6,0.1308
DARUSDT,SELL,LIMIT,1701937717558,2735.2,0.1307
DARUSDT,SELL,LIMIT,1701939367334,10363.6,0.1301
DARUSDT,SELL,LIMIT,1701939441224,73.9,0.1298
DARUSDT,SELL,LIMIT,1701939564147,1584.9,0.1297
DARUSDT,SELL,LIMIT,1701939974130,28571.4,0.1295
DARUSDT,SELL,LIMIT,1701940556815,1447.1,0.1290
DARUSDT,SELL,LIMIT,1701940713411,7384.6,0.1287
DARUSDT,SELL,LIMIT,1701941110107,18694.9,0.1282
DARUSDT,SELL,LIMIT,1701941111299,37907.9,0.1282
DARUSDT,SELL,LIMIT,1701941151360,3248.4,0.1281
DARUSDT,SELL,LIMIT,1701941187616,20349.2,0.1277
DARUSDT,SELL,LIMIT,1701941231324,1000.0,0.1274
DARUSDT,SELL,LIMIT,1701941239057,5902.9,0.1271
DARUSDT,BUY,LIMIT,1701956468022,0.1,0.1380
DARUSDT,SELL,LIMIT,1701961663109,23375.7,0.1320
DARUSDT,SELL,LIMIT,1701961679478,11035.1,0.1318
DARUSDT,BUY,LIMIT,1701962522455,18.5,0.1386
DARUSDT,BUY,LIMIT,1701967024571,100.3,0.1372
DARUSDT,SELL,LIMIT,1701974092519,880.1,0.1314
DARUSDT,SELL,LIMIT,1701974185453,2181.3,0.1312
DARUSDT,SELL,LIMIT,1701987562104,36963.7,0.1320
DARUSDT,BUY,LIMIT,1702035256167,220.0,0.1391
DARUSDT,BUY,LIMIT,1702052530227,532.0,0.1392
DARUSDT,BUY,LIMIT,1702053518468,21924.8,0.1420
DARUSDT,SELL,LIMIT,1702055368650,127.4,0.1339
DARUSDT,SELL,LIMIT,1702056012689,832.1,0.1344
DARUSDT,BUY,LIMIT,1702066718410,196.6,0.1429
DARUSDT,BUY,LIMIT,1702066774434,73.4,0.1433
DARUSDT,BUY,LIMIT,1702067128246,154.2,0.1431
DARUSDT,BUY,LIMIT,1702069319349,3035.2,0.1438
DARUSDT,BUY,LIMIT,1702080420735,977.7,0.1434
DARUSDT,BUY,LIMIT,1702082712146,5448.4,0.1453
DARUSDT,BUY,LIMIT,1702082957417,1725.9,0.1454
DARUSDT,BUY,LIMIT,1702084803694,100.3,0.1433
DARUSDT,BUY,LIMIT,1702105024212,231.3,0.1450
DARUSDT,BUY,LIMIT,1702107991122,488.0,0.1448
DARUSDT,BUY,LIMIT,1702108565186,1532.2,0.1459
DARUSDT,SELL,LIMIT,1702109978858,46.0,0.1407
DARUSDT,SELL,LIMIT,1702110969820,771.6,0.1383
DARUSDT,SELL,LIMIT,1702111031400,63.4,0.1375
DARUSDT,SELL,LIMIT,1702111038681,150.0,0.1371
DARUSDT,SELL,LIMIT,1702111045690,50874.4,0.1364
DARUSDT,SELL,LIMIT,1702111049307,3884.6,0.1364
DARUSDT,SELL,LIMIT,1702111369833,3541.0,0.1357
DARUSDT,SELL,LIMIT,1702111377166,154.2,0.1354
DARUSDT,SELL,LIMIT,1702111389536,36.4,0.1347
DARUSDT,SELL,LIMIT,1702111390943,2857.1,0.1346
DARUSDT,SELL,LIMIT,1702111396071,21592.7,0.1343
