Symbol,Side,Order Type,Time,Quantity,Price
DARUSDT,BUY,LIMIT,1700846169380,14932.9,0.1132
DARUSDT,BUY,LIMIT,1700846257282,1500.0,0.1196
DARUSDT,BUY,LIMIT,1700846268892,4208.3,0.1208
DARUSDT,BUY,LIMIT,1700846276457,17072.0,0.1217
DARUSDT,BUY,LIMIT,1700846303286,66.5,0.1218
DARUSDT,BUY,LIMIT,1700846321066,264.9,0.1232
DARUSDT,BUY,LIMIT,1700846336434,2544.5,0.1238
DARUSDT,BUY,LIMIT,1700846597290,63.7,0.1249
DARUSDT,BUY,LIMIT,1700846623636,1723.1,0.1260
DARUSDT,BUY,LIMIT,1700846648375,43.2,0.1264
DARUSDT,BUY,LIMIT,1700846666316,417.2,0.1268
DARUSDT,SELL,LIMIT,1700846769591,508.0,0.1192
DARUSDT,BUY,LIMIT,1700847448823,1616.5,0.1261
DARUSDT,BUY,LIMIT,1700847480123,262.8,0.1270
DARUSDT,BUY,LIMIT,1700847481245,43.8,0.1276
DARUSDT,BUY,LIMIT,1700847485395,1544.7,0.1278
DARUSDT,BUY,LIMIT,1700847513258,5038.1,0.1286
DARUSDT,BUY,LIMIT,1700847514497,6955.6,0.1289
DARUSDT,BUY,LIMIT,1700847516943,4200.1,0.1291
DARUSDT,BUY,LIMIT,1700847543663,30252.3,0.1292
DARUSDT,BUY,LIMIT,1700847742210,658.4,0.1294
DARUSDT,BUY,LIMIT,1700847898924,242.9,0.1297
DARUSDT,BUY,LIMIT,1700847900387,1473.1,0.1301
DARUSDT,BUY,LIMIT,1700847901562,7702.0,0.1305
DARUSDT,BUY,LIMIT,1700847903067,84.6,0.1307
DARUSDT,BUY,LIMIT,1700847904232,1775.7,0.1308
DARUSDT,BUY,LIMIT,1700847905948,943.3,0.1311
DARUSDT,BUY,LIMIT,1700847907452,1848.9,0.1314
DARUSDT,BUY,LIMIT,1700847937612,6222.6,0.1317
DARUSDT,BUY,LIMIT,1700848004853,175.3,0.1320
DARUSDT,BUY,LIMIT,1700848008559,26589.3,0.1320
DARUSDT,BUY,LIMIT,1700848033388,775.2,0.1322
DARUSDT,BUY,LIMIT,1700848035094,18153.6,0.1323
DARUSDT,BUY,LIMIT,1700848036529,2289.8,0.1326
DARUSDT,BUY,LIMIT,1700848040280,28735.2,0.1332
DARUSDT,BUY,LIMIT,1700848041292,3186.3,0.1333
DARUSDT,SELL,LIMIT,1700848181226,301.9,0.1254
DARUSDT,SELL,LIMIT,1700848191836,49.8,0.1251
DARUSDT,SELL,LIMIT,1700848273124,2583.5,0.1244
DARUSDT,SELL,LIMIT,1700848278118,196.0,0.1241
DARUSDT,SELL,LIMIT,1700848606384,6312.5,0.1240
DARUSDT,SELL,LIMIT,1700848665545,387.5,0.1239
DARUSDT,SELL,LIMIT,1700848709759,1938.5,0.1237
DARUSDT,SELL,LIMIT,1700848811040,12502.0,0.1231
DARUSDT,SELL,LIMIT,1700848812125,428.3,0.1231
DARUSDT,SELL,LIMIT,1700848835583,849.5,0.1224
DARUSDT,SELL,LIMIT,1700848863091,466.2,0.1223
DARUSDT,BUY,LIMIT,1700848994068,13983.1,0.1303
DARUSDT,BUY,LIMIT,1700848998844,4225.1,0.1311
DARUSDT,SELL,LIMIT,1700849624656,941.9,0.1238
DARUSDT,SELL,LIMIT,1700849645081,32728.0,0.1236
DARUSDT,SELL,LIMIT,1700849702257,765.2,0.1235
DARUSDT,SELL,LIMIT,1700849807187,116.2,0.1225
DARUSDT,SELL,LIMIT,1700849880215,56.3,0.1221
DARUSDT,SELL,LIMIT,1700850124142,183.9,0.1219
DARUSDT,SELL,LIMIT,1700850136163,3466.0,0.1218
DARUSDT,SELL,LIMIT,1700850137799,3166.8,0.1217
DARUSDT,SELL,LIMIT,1700850139056,77.3,0.1217
DARUSDT,SELL,LIMIT,1700850140191,1714.3,0.1215
DARUSDT,SELL,LIMIT,1700850198294,306.2,0.1208
DARUSDT,SELL,LIMIT,1700850314098,788.6,0.1206
DARUSDT,SELL,LIMIT,1700850454965,143.6,0.1204
DARUSDT,SELL,LIMIT,1700850557808,1311.3,0.1203
DARUSDT,SELL,LIMIT,1700850616446,1973.3,0.1201
DARUSDT,SELL,LIMIT,1700850617658,8624.4,0.1199
DARUSDT,SELL,LIMIT,1700850619556,2326.9,0.1196
DARUSDT,SELL,LIMIT,1700850636778,19520.0,0.1195
DARUSDT,SELL,LIMIT,1700850796825,2495.6,0.1195
DARUSDT,SELL,LIMIT,1700850798093,29875.3,0.1194
DARUSDT,SELL,LIMIT,1700850799354,599.4,0.1194
DARUSDT,SELL,LIMIT,1700850865107,138.0,0.1190
DARUSDT,SELL,LIMIT,1700850901053,5284.9,0.1187
DARUSDT,BUY,LIMIT,1700851368205,6061.6,0.1258
DARUSDT,BUY,LIMIT,1700851499850,3235.0,0.1265
DARUSDT,BUY,LIMIT,1700851995888,4060.0,0.1270
DARUSDT,SELL,LIMIT,1700852087191,676.4,0.1221
DARUSDT,BUY,LIMIT,1700852631035,4239.2,0.1272
DARUSDT,BUY,LIMIT,1700852639132,867.9,0.1275
DARUSDT,BUY,LIMIT,1700852660472,204.5,0.1280
DARUSDT,SELL,LIMIT,1700853062139,7893.6,0.1211
DARUSDT,SELL,LIMIT,1700853063934,11393.1,0.1210
DARUSDT,SELL,LIMIT,1700853065017,5986.1,0.1209
DARUSDT,BUY,LIMIT,1700854605166,40.4,0.1289
DARUSDT,BUY,LIMIT,1700854608100,8158.1,0.1290
DARUSDT,BUY,LIMIT,1700854725190,2105.0,0.1296
DARUSDT,BUY,LIMIT,1700854726728,841.6,0.1297
DARUSDT,BUY,LIMIT,1700854733432,104.1,0.1299
DARUSDT,BUY,LIMIT,1700854750987,1743.4,0.1301
DARUSDT,BUY,LIMIT,1700854763118,31962.0,0.1303
DARUSDT,BUY,LIMIT,1700854764326,261.9,0.1303
DARUSDT,BUY,LIMIT,1700854785227,1615.5,0.1307
DARUSDT,BUY,LIMIT,1700855128412,4275.0,0.1310
DARUSDT,BUY,LIMIT,1700855132093,2869.1,0.1311
DARUSDT,BUY,LIMIT,1700855133145,7334.2,0.1312
DARUSDT,BUY,LIMIT,1700855135064,1457.6,0.1314
DARUSDT,BUY,LIMIT,1700855377738,1724.9,0.1318
DARUSDT,BUY,LIMIT,1700855486695,253.4,0.1319
DARUSDT,BUY,LIMIT,1700855497185,1847.1,0.1320
DARUSDT,BUY,LIMIT,1700855527300,3893.6,0.1321
DARUSDT,BUY,LIMIT,1700855529106,1441.2,0.1324
DARUSDT,BUY,LIMIT,1700855530226,15546.0,0.1329
DARUSDT,BUY,LIMIT,1700855531315,5883.8,0.1327
DARUSDT,BUY,LIMIT,1700855608150,223.8,0.1333
DARUSDT,BUY,LIMIT,1700855609305,6515.2,0.1334
DARUSDT,BUY,LIMIT,1700855610595,785.5,0.1336
DARUSDT,BUY,LIMIT,1700855646165,9256.0,0.1338
DARUSDT,BUY,LIMIT,1700855651061,1804.6,0.1339
DARUSDT,BUY,LIMIT,1700855702196,59902.7,0.1341
DARUSDT,BUY,LIMIT,1700855745072,7850.9,0.1340
DARUSDT,BUY,LIMIT,1700856016167,82.1,0.1342
DARUSDT,BUY,LIMIT,1700856017961,270.3,0.1343
DARUSDT,BUY,LIMIT,1700856019639,587.3,0.1346
DARUSDT,BUY,LIMIT,1700856020671,1235.9,0.1348
DARUSDT,BUY,LIMIT,1700856022027,331.4,0.1351
DARUSDT,BUY,LIMIT,1700856023203,335.5,0.1352
DARUSDT,BUY,LIMIT,1700856049337,844.8,0.1353
DARUSDT,BUY,LIMIT,1700856052046,179488.0,0.1360
DARUSDT,BUY,LIMIT,1700856053262,569.2,0.1357
DARUSDT,BUY,LIMIT,1700856054533,1778.6,0.1358
DARUSDT,BUY,LIMIT,1700856056223,5912.5,0.1359
DARUSDT,BUY,LIMIT,1700856057378,763.8,0.1360
DARUSDT,BUY,LIMIT,1700856064437,763.3,0.1362
DARUSDT,BUY,LIMIT,1700856066098,763.3,0.1362
DARUSDT,BUY,LIMIT,1700856067641,289.3,0.1363
DARUSDT,BUY,LIMIT,1700856069036,6153.8,0.1364
DARUSDT,BUY,LIMIT,1700856071535,2254.7,0.1366
DARUSDT,BUY,LIMIT,1700856074228,10.0,0.1370
DARUSDT,BUY,LIMIT,1700856075497,3596.0,0.1371
DARUSDT,BUY,LIMIT,1700856077231,27822.5,0.1372
DARUSDT,BUY,LIMIT,1700856078245,1419.7,0.1374
DARUSDT,BUY,LIMIT,1700856081060,233.4,0.1375
DARUSDT,BUY,LIMIT,1700856103246,45350.6,0.1376
DARUSDT,BUY,LIMIT,1700856132100,650.7,0.1378
DARUSDT,BUY,LIMIT,1700856312256,1907.5,0.1379
DARUSDT,BUY,LIMIT,1700856314683,20839.4,0.1380
DARUSDT,BUY,LIMIT,1700856315754,318.7,0.1383
DARUSDT,BUY,LIMIT,1700856317696,232.3,0.1384
DARUSDT,BUY,LIMIT,1700856320509,510.4,0.1386
DARUSDT,BUY,LIMIT,1700857026410,15278.8,0.1389
DARUSDT,BUY,LIMIT,1700857030308,9991.6,0.1390
DARUSDT,BUY,LIMIT,1700857031337,48.1,0.1392
DARUSDT,BUY,LIMIT,1700857034708,707.8,0.1396
DARUSDT,BUY,LIMIT,1700857036488,114.0,0.1396
DARUSDT,BUY,LIMIT,1700857769609,1267.5,0.1385
DARUSDT,BUY,LIMIT,1700857786564,16209.2,0.1384
DARUSDT,SELL,LIMIT,1700858390568,2264.7,0.1308
DARUSDT,SELL,LIMIT,1700858395190,2197.3,0.1305
DARUSDT,SELL,LIMIT,1700859312046,941.9,0.1302
DARUSDT,SELL,LIMIT,1700859314278,2188.1,0.1302
DARUSDT,SELL,LIMIT,1700859451511,1163.6,0.1296
DARUSDT,SELL,LIMIT,1700859456127,819.2,0.1295
DARUSDT,SELL,LIMIT,1700859457149,2966.9,0.1294
DARUSDT,SELL,LIMIT,1700859480277,87.9,0.1291
DARUSDT,SELL,LIMIT,1700859481363,1531.2,0.1289
DARUSDT,SELL,LIMIT,1700859629794,4886.1,0.1288
DARUSDT,SELL,LIMIT,1700859631315,18296.7,0.1287
DARUSDT,BUY,LIMIT,1700859903738,802.1,0.1365
DARUSDT,BUY,LIMIT,1700859990733,956.9,0.1375
DARUSDT,BUY,LIMIT,1700860002146,37936.2,0.1385
DARUSDT,BUY,LIMIT,1700860003476,538.5,0.1386
DARUSDT,SELL,LIMIT,1700862342395,2589.4,0.1297
DARUSDT,SELL,LIMIT,1700862828131,49171.6,0.1289
DARUSDT,SELL,LIMIT,1700862830234,72509.8,0.1285
DARUSDT,SELL,LIMIT,1700862832882,1601.6,0.1287
DARUSDT,SELL,LIMIT,1700862902465,46.5,0.1285
DARUSDT,SELL,LIMIT,1700862998461,4024.4,0.1282
DARUSDT,SELL,LIMIT,1700863000931,3054.7,0.1282
DARUSDT,SELL,LIMIT,1700863008497,28759.9,0.1282
DARUSDT,SELL,LIMIT,1700863016344,1223.8,0.1280
DARUSDT,SELL,LIMIT,1700863699269,105.1,0.1279
DARUSDT,SELL,LIMIT,1700863700498,1615.0,0.1277
DARUSDT,SELL,LIMIT,1700863702284,2096.5,0.1277
DARUSDT,SELL,LIMIT,1700863703671,27277.8,0.1273
DARUSDT,SELL,LIMIT,1700863706373,11324.1,0.1272
DARUSDT,SELL,LIMIT,1700863713132,3275.6,0.1270
DARUSDT,SELL,LIMIT,1700863714406,738.2,0.1269
DARUSDT,SELL,LIMIT,1700863717247,17248.2,0.1269
DARUSDT,SELL,LIMIT,1700863718452,25560.8,0.1268
DARUSDT,SELL,LIMIT,1700863720388,426.0,0.1268
DARUSDT,SELL,LIMIT,1700863721723,1086.0,0.1265
DARUSDT,SELL,LIMIT,1700863724107,62151.1,0.1261
DARUSDT,SELL,LIMIT,1700863725251,229.1,0.1262
DARUSDT,SELL,LIMIT,1700863726495,7543.2,0.1260
DARUSDT,SELL,LIMIT,1700863727828,1103.7,0.1260
DARUSDT,SELL,LIMIT,1700866391448,90.4,0.1264
DARUSDT,SELL,LIMIT,1700866522400,11579.2,0.1260
DARUSDT,SELL,LIMIT,1700866639307,37736.4,0.1267
DARUSDT,SELL,LIMIT,1700866759946,1842.2,0.1259
DARUSDT,SELL,LIMIT,1700866814835,1529.0,0.1256
DARUSDT,SELL,LIMIT,1700867161100,3411.0,0.1252
DARUSDT,SELL,LIMIT,1700867165279,37650.6,0.1249
DARUSDT,SELL,LIMIT,1700867169548,803.5,0.1249
DARUSDT,SELL,LIMIT,1700867180247,655.1,0.1248
DARUSDT,SELL,LIMIT,1700867182115,290.3,0.1246
DARUSDT,SELL,LIMIT,1700867192267,185.8,0.1244
DARUSDT,SELL,LIMIT,1700867195457,6372.0,0.1243
DARUSDT,SELL,LIMIT,1700867196481,3244.6,0.1243
DARUSDT,SELL,LIMIT,1700867198658,2411.7,0.1239
DARUSDT,SELL,LIMIT,1700867215196,579.1,0.1238
DARUSDT,SELL,LIMIT,1700867293177,1913.4,0.1236
DARUSDT,SELL,LIMIT,1700867324388,971.4,0.1234
DARUSDT,SELL,LIMIT,1700867349209,970.8,0.1232
DARUSDT,SELL,LIMIT,1700867351050,428.8,0.1231
DARUSDT,SELL,LIMIT,1700867378551,916.5,0.1230
DARUSDT,SELL,LIMIT,1700867684109,22747.0,0.1239
DARUSDT,BUY,LIMIT,1700868150326,427.1,0.1306
DARUSDT,BUY,LIMIT,1700868169388,15375.6,0.1315
DARUSDT,BUY,LIMIT,1700868365163,1158.8,0.1319
DARUSDT,BUY,LIMIT,1700868367278,39401.1,0.1320
DARUSDT,BUY,LIMIT,1700868423214,94982.8,0.1328
DARUSDT,BUY,LIMIT,1700868433341,1180.4,0.1328
DARUSDT,SELL,LIMIT,1700870648820,12091.4,0.1254
DARUSDT,SELL,LIMIT,1700870795042,2032.8,0.1249
DARUSDT,SELL,LIMIT,1700870796058,1620.5,0.1249
DARUSDT,SELL,LIMIT,1700870797073,3304.1,0.1248
DARUSDT,SELL,LIMIT,1700870800255,9632.2,0.1246
DARUSDT,SELL,LIMIT,1700870860273,2977.4,0.1243
DARUSDT,SELL,LIMIT,1700870866762,1424.3,0.1242
DARUSDT,BUY,LIMIT,1700872224915,3061.5,0.1317
DARUSDT,BUY,LIMIT,1700872250174,49.4,0.1320
DARUSDT,SELL,LIMIT,1700872293035,1849.3,0.1246
DARUSDT,BUY,LIMIT,1700876322236,1179.9,0.1321
DARUSDT,BUY,LIMIT,1700877290499,21553.4,0.1326
DARUSDT,BUY,LIMIT,1700877318259,2111.2,0.1329
DARUSDT,BUY,LIMIT,1700877344950,2326.2,0.1333
DARUSDT,BUY,LIMIT,1700877348723,5058.7,0.1335
DARUSDT,BUY,LIMIT,1700877389514,20250.5,0.1338
DARUSDT,BUY,LIMIT,1700878394608,634.3,0.1323
DARUSDT,BUY,LIMIT,1700879254492,2707.3,0.1312
