Symbol,Side,Order Type,Time,Quantity,Price
DARUSDT,BUY,LIMIT,1701927391438,1184.9,0.1360
DARUSDT,BUY,LIMIT,1701930329404,2149.5,0.1391
DARUSDT,BUY,LIMIT,1701930884123,838.8,0.1409
DARUSDT,BUY,LIMIT,1701930909733,1645.0,0.1415
DARUSDT,BUY,LIMIT,1701930911315,7258.3,0.1416
DARUSDT,BUY,LIMIT,1701930924497,37854.8,0.1421
DARUSDT,BUY,LIMIT,1701930925602,12056.5,0.1421
DARUSDT,BUY,LIMIT,1701930935539,9060.5,0.1424
DARUSDT,BUY,LIMIT,1701931041789,231.3,0.1433
DARUSDT,BUY,LIMIT,1701931044706,2932.3,0.1442
DARUSDT,BUY,LIMIT,1701931046756,15000.0,0.1448
DARUSDT,BUY,LIMIT,1701931048878,12937.6,0.1453
DARUSDT,BUY,LIMIT,1701931052837,6918.1,0.1472
DARUSDT,BUY,LIMIT,1701931083528,1603.6,0.1498
DARUSDT,BUY,LIMIT,1701931086653,16000.0,0.1499
DARUSDT,BUY,LIMIT,1701931094894,59.7,0.1506
DARUSDT,BUY,LIMIT,1701931097044,5414.5,0.1515
DARUSDT,BUY,LIMIT,1701931099463,309.4,0.1516
DARUSDT,BUY,LIMIT,1701931102681,1391.8,0.1521
DARUSDT,BUY,LIMIT,1701931107876,35076.2,0.1520
DARUSDT,SELL,LIMIT,1701931289319,6206.2,0.1383
DARUSDT,BUY,LIMIT,1701931484148,1920.3,0.1462
DARUSDT,BUY,LIMIT,1701931583300,1297.0,0.1480
DARUSDT,BUY,LIMIT,1701931701962,962.3,0.1496
DARUSDT,BUY,LIMIT,1701931723784,668.4,0.1501
DARUSDT,BUY,LIMIT,1701931753315,2035.4,0.1507
DARUSDT,SELL,LIMIT,1701931806458,604.7,0.1418
DARUSDT,SELL,LIMIT,1701931954190,2348.7,0.1411
DARUSDT,SELL,LIMIT,1701931987364,58379.7,0.1397
DARUSDT,SELL,LIMIT,1701932120817,4134.6,0.1384
DARUSDT,SELL,LIMIT,1701932123359,4710.8,0.1383
DARUSDT,BUY,LIMIT,1701932650141,3863.7,0.1476
DARUSDT,BUY,LIMIT,1701932659291,12931.9,0.1480
DARUSDT,SELL,LIMIT,1701933517228,633.8,0.1374
DARUSDT,SELL,LIMIT,1701933541729,725.9,0.1369
DARUSDT,SELL,LIMIT,1701933551498,120.6,0.1363
DARUSDT,SELL,LIMIT,1701933554202,1644.6,0.1361
DARUSDT,SELL,LIMIT,1701933585645,36.2,0.1359
DARUSDT,SELL,LIMIT,1701933751286,15163.7,0.1357
DARUSDT,SELL,LIMIT,1701933787280,211.6,0.1348
DARUSDT,SELL,LIMIT,1701934483050,88.5,0.1341
DARUSDT,SELL,LIMIT,1701936553225,189.1,0.1322
DARUSDT,SELL,LIMIT,1701937218760,26166.9,0.1314
DARUSDT,SELL,LIMIT,1701937224807,14600.1,0.1312
DARUSDT,SELL,LIMIT,1701937293435,5294.2,0.1309
DARUSDT,SELL,LIMIT,1701937692644,66.6,0.1308
DARUSDT,SELL,LIMIT,1701937717558,2735.2,0.1307
DARUSDT,SELL,LIMIT,1701939367334,10363.6,0.1301
DARUSDT,SELL,LIMIT,1701939441224,73.9,0.1298
DARUSDT,SELL,LIMIT,1701939564147,1584.9,0.1297
DARUSDT,SELL,LIMIT,1701939974130,28571.4,0.1295
DARUSDT,SELL,LIMIT,1701940556815,1447.1,0.1290
DARUSDT,SELL,LIMIT,1701940713411,7384.6,0.1287
DARUSDT,SELL,LIMIT,1701941110107,18694.9,0.1282
DARUSDT,SELL,LIMIT,1701941111299,37907.9,0.1282
DARUSDT,SELL,LIMIT,1701941151360,3248.4,0.1281
DARUSDT,SELL,LIMIT,1701941187616,20349.2,0.1277
DARUSDT,SELL,LIMIT,1701941231324,1000.0,0.1274
DARUSDT,SELL,LIMIT,1701941239057,5902.9,0.1271
DARUSDT,BUY,LIMIT,1701956468022,0.1,0.1380
DARUSDT,SELL,LIMIT,1701961663109,23375.7,0.1320
DARUSDT,SELL,LIMIT,1701961679478,11035.1,0.1318
DARUSDT,BUY,LIMIT,1701962522455,18.5,0.1386
DARUSDT,BUY,LIMIT,1701967024571,100.3,0.1372
DARUSDT,SELL,LIMIT,1701974092519,880.1,0.1314
DARUSDT,SELL,LIMIT,1701974185453,2181.3,0.1312
DARUSDT,SELL,LIMIT,1701987562104,36963.7,0.1320
DARUSDT,BUY,LIMIT,1702035256167,220.0,0.1391
DARUSDT,BUY,LIMIT,1702052530227,532.0,0.1392
DARUSDT,BUY,LIMIT,1702053518468,21924.8,0.1420
DARUSDT,SELL,LIMIT,1702055368650,127.4,0.1339
DARUSDT,SELL,LIMIT,1702056012689,832.1,0.1344
DARUSDT,BUY,LIMIT,1702066718410,196.6,0.1429
DARUSDT,BUY,LIMIT,1702066774434,73.4,0.1433
DARUSDT,BUY,LIMIT,1702067128246,154.2,0.1431
DARUSDT,BUY,LIMIT,1702069319349,3035.2,0.1438
DARUSDT,BUY,LIMIT,1702080420735,977.7,0.1434
DARUSDT,BUY,LIMIT,1702082712146,5448.4,0.1453
DARUSDT,BUY,LIMIT,1702082957417,1725.9,0.1454
DARUSDT,BUY,LIMIT,1702084803694,100.3,0.1433
DARUSDT,BUY,LIMIT,1702105024212,231.3,0.1450
DARUSDT,BUY,LIMIT,1702107991122,488.0,0.1448
DARUSDT,BUY,LIMIT,1702108565186,1532.2,0.1459
DARUSDT,SELL,LIMIT,1702109978858,46.0,0.1407
DARUSDT,SELL,LIMIT,1702110969820,771.6,0.1383
DARUSDT,SELL,LIMIT,1702111031400,63.4,0.1375
DARUSDT,SELL,LIMIT,1702111038681,150.0,0.1371
DARUSDT,SELL,LIMIT,1702111045690,50874.4,0.1364
DARUSDT,SELL,LIMIT,1702111049307,3884.6,0.1364
DARUSDT,SELL,LIMIT,1702111369833,3541.0,0.1357
DARUSDT,SELL,LIMIT,1702111377166,154.2,0.1354
DARUSDT,SELL,LIMIT,1702111389536,36.4,0.1347
DARUSDT,SELL,LIMIT,1702111390943,2857.1,0.1346
DARUSDT,SELL,LIMIT,1702111396071,21592.7,0.1343
DARUSDT,SELL,LIMIT,1702164531561,1085.4,0.1346
DARUSDT,SELL,LIMIT,1702164548792,28609.7,0.1346
DARUSDT,SELL,LIMIT,1702164554195,633.1,0.1343
DARUSDT,SELL,LIMIT,1702164808242,35.9,0.1339
DARUSDT,SELL,LIMIT,1702164811459,2705.3,0.1338
DARUSDT,SELL,LIMIT,1702164866218,4266.4,0.1336
DARUSDT,SELL,LIMIT,1702197055079,1593.6,0.1335
DARUSDT,SELL,LIMIT,1702197092429,1288.4,0.1334
DARUSDT,SELL,LIMIT,1702197769164,5301.2,0.1333
DARUSDT,SELL,LIMIT,1702197770465,75927.0,0.1328
DARUSDT,SELL,LIMIT,1702200509139,3092.2,0.1328
DARUSDT,SELL,LIMIT,1702200624566,10040.0,0.1326
DARUSDT,SELL,LIMIT,1702200794088,558.2,0.1324
DARUSDT,SELL,LIMIT,1702200896046,452.6,0.1321
DARUSDT,SELL,LIMIT,1702200898587,1364.7,0.1320
DARUSDT,SELL,LIMIT,1702200901950,852.6,0.1319
DARUSDT,SELL,LIMIT,1702202056436,1201.2,0.1319
DARUSDT,SELL,LIMIT,1702202074574,1861.8,0.1314
DARUSDT,SELL,LIMIT,1702202157133,356.1,0.1307
DARUSDT,SELL,LIMIT,1702202294239,1483.4,0.1307
DARUSDT,SELL,LIMIT,1702202324414,12476.1,0.1305
DARUSDT,SELL,LIMIT,1702202373729,7399.5,0.1302
DARUSDT,BUY,LIMIT,1702241352610,158.8,0.1419
DARUSDT,SELL,LIMIT,1702256615491,11787.0,0.1338
DARUSDT,SELL,LIMIT,1702256912563,1806.3,0.1335
DARUSDT,SELL,LIMIT,1702260439246,45.6,0.1324
DARUSDT,SELL,LIMIT,1702260467135,8638.2,0.1322
DARUSDT,SELL,LIMIT,1702260613699,56690.1,0.1317
DARUSDT,SELL,LIMIT,1702260622352,1929.6,0.1317
DARUSDT,SELL,LIMIT,1702260624307,169.1,0.1316
DARUSDT,SELL,LIMIT,1702260625498,4624.7,0.1316
DARUSDT,SELL,LIMIT,1702260637298,7220.2,0.1309
DARUSDT,SELL,LIMIT,1702260698565,696.4,0.1306
DARUSDT,SELL,LIMIT,1702260701316,360.4,0.1305
DARUSDT,SELL,LIMIT,1702260707400,3336.4,0.1305
DARUSDT,SELL,LIMIT,1702260709506,2195.7,0.1302
DARUSDT,BUY,LIMIT,1702260711570,649.2,0.1355
DARUSDT,SELL,LIMIT,1702260712756,546.2,0.1302
DARUSDT,SELL,LIMIT,1702260714987,981.4,0.1298
DARUSDT,SELL,LIMIT,1702260718545,112.5,0.1298
DARUSDT,SELL,LIMIT,1702260720865,36.7,0.1296
DARUSDT,SELL,LIMIT,1702260723010,3571.4,0.1296
DARUSDT,SELL,LIMIT,1702260726362,216.3,0.1291
DARUSDT,SELL,LIMIT,1702260728010,42.5,0.1291
DARUSDT,BUY,LIMIT,1702260730525,154.2,0.1341
DARUSDT,SELL,LIMIT,1702260731938,629.2,0.1290
DARUSDT,SELL,LIMIT,1702260733477,18691.9,0.1287
DARUSDT,SELL,LIMIT,1702260734488,3242.1,0.1289
DARUSDT,SELL,LIMIT,1702260736334,16614.5,0.1294
DARUSDT,SELL,LIMIT,1702260737730,814.6,0.1285
DARUSDT,SELL,LIMIT,1702260740791,667.0,0.1281
DARUSDT,SELL,LIMIT,1702260743729,11129.4,0.1281
DARUSDT,SELL,LIMIT,1702260746040,1070.7,0.1277
DARUSDT,SELL,LIMIT,1702260747646,2423.4,0.1274
DARUSDT,SELL,LIMIT,1702260749501,177.2,0.1272
DARUSDT,SELL,LIMIT,1702260750733,42.8,0.1272
DARUSDT,SELL,LIMIT,1702260752520,3774.5,0.1267
DARUSDT,SELL,LIMIT,1702260753929,5970.0,0.1272
DARUSDT,SELL,LIMIT,1702260755012,4656.8,0.1268
DARUSDT,SELL,LIMIT,1702260756686,340.8,0.1266
DARUSDT,SELL,LIMIT,1702260757726,282.9,0.1265
DARUSDT,SELL,LIMIT,1702260758845,378.3,0.1264
DARUSDT,SELL,LIMIT,1702260760759,14474.5,0.1263
DARUSDT,SELL,LIMIT,1702260762333,14214.6,0.1259
DARUSDT,SELL,LIMIT,1702260763457,18690.9,0.1258
DARUSDT,SELL,LIMIT,1702260764581,773.4,0.1256
DARUSDT,SELL,LIMIT,1702260766139,101.0,0.1251
DARUSDT,SELL,LIMIT,1702260767873,2143.3,0.1251
DARUSDT,SELL,LIMIT,1702260770611,4779.0,0.1245
DARUSDT,SELL,LIMIT,1702260771631,10611.4,0.1246
DARUSDT,SELL,LIMIT,1702260773115,180.2,0.1243
DARUSDT,SELL,LIMIT,1702260774371,6000.0,0.1251
DARUSDT,SELL,LIMIT,1702260775625,5722.4,0.1239
DARUSDT,SELL,LIMIT,1702260777356,3000.0,0.1235
DARUSDT,SELL,LIMIT,1702260778689,7283.3,0.1239
DARUSDT,SELL,LIMIT,1702260779904,768.8,0.1237
DARUSDT,SELL,LIMIT,1702260781011,74.7,0.1235
DARUSDT,SELL,LIMIT,1702260782549,3961.6,0.1227
DARUSDT,SELL,LIMIT,1702260783610,34939.3,0.1225
DARUSDT,SELL,LIMIT,1702260784922,143400.5,0.1220
DARUSDT,SELL,LIMIT,1702260785947,4598.2,0.1222
DARUSDT,SELL,LIMIT,1702260787378,8354.0,0.1221
DARUSDT,SELL,LIMIT,1702260788470,14248.3,0.1217
DARUSDT,SELL,LIMIT,1702260789487,2500.0,0.1219
DARUSDT,SELL,LIMIT,1702260791737,39920.2,0.1219
DARUSDT,SELL,LIMIT,1702260792920,18559.8,0.1217
DARUSDT,SELL,LIMIT,1702260794029,12972.7,0.1211
DARUSDT,SELL,LIMIT,1702260795565,4009.2,0.1210
DARUSDT,SELL,LIMIT,1702260797487,249.6,0.1207
DARUSDT,SELL,LIMIT,1702260799261,3981.7,0.1201
DARUSDT,SELL,LIMIT,1702260800477,8645.2,0.1194
DARUSDT,SELL,LIMIT,1702260801540,23205.0,0.1196
DARUSDT,SELL,LIMIT,1702260802613,8000.0,0.1196
DARUSDT,SELL,LIMIT,1702260803855,38287.8,0.1192
DARUSDT,SELL,LIMIT,1702260805363,5952.3,0.1188
DARUSDT,SELL,LIMIT,1702260807546,311.0,0.1187
DARUSDT,SELL,LIMIT,1702260810872,736.0,0.1181
DARUSDT,SELL,LIMIT,1702260812222,1145.0,0.1178
DARUSDT,SELL,LIMIT,1702260813254,6215.0,0.1178
DARUSDT,SELL,LIMIT,1702260818401,656.4,0.1177
DARUSDT,SELL,LIMIT,1702260821658,2703.3,0.1176
DARUSDT,SELL,LIMIT,1702260823057,183.0,0.1175
DARUSDT,SELL,LIMIT,1702260826962,5671.1,0.1188
DARUSDT,SELL,LIMIT,1702262626141,432.4,0.1236
