Symbol,Side,Order Type,Time,Quantity,Price
DASHUSDT,BUY,LIMIT,1701921606150,3.149,32.77
DASHUSDT,BUY,LIMIT,1701925422094,0.154,33.19
DASHUSDT,BUY,LIMIT,1701934073707,0.727,33.49
DASHUSDT,BUY,LIMIT,1701934080546,21.029,33.49
DASHUSDT,BUY,LIMIT,1701937099529,18.752,33.45
DASHUSDT,SELL,LIMIT,1701937394863,6.391,32.31
DASHUSDT,SELL,LIMIT,1701939555171,0.946,32.12
DASHUSDT,SELL,LIMIT,1701940007007,1.569,31.97
DASHUSDT,SELL,LIMIT,1701940562570,4.614,31.76
DASHUSDT,SELL,LIMIT,1701940564426,1.254,31.74
DASHUSDT,SELL,LIMIT,1701941060740,0.773,31.68
DASHUSDT,SELL,LIMIT,1701941072468,0.549,31.63
DASHUSDT,SELL,LIMIT,1701941164052,7.177,31.55
DASHUSDT,SELL,LIMIT,1701941170169,1.298,31.51
DASHUSDT,SELL,LIMIT,1701941184085,0.930,31.46
DASHUSDT,BUY,LIMIT,1701941187237,15.260,32.30
DASHUSDT,SELL,LIMIT,1701941188485,7.742,31.42
DASHUSDT,SELL,LIMIT,1701941241388,16.453,31.36
DASHUSDT,SELL,LIMIT,1701941247163,10.999,31.32
DASHUSDT,SELL,LIMIT,1701949692890,0.767,31.92
DASHUSDT,BUY,LIMIT,1701950638850,2.200,32.82
DASHUSDT,SELL,LIMIT,1701951899621,2.238,32.34
DASHUSDT,SELL,LIMIT,1701952845994,0.620,32.28
DASHUSDT,BUY,LIMIT,1701953976590,0.001,33.28
DASHUSDT,SELL,LIMIT,1701954849760,0.916,32.20
DASHUSDT,BUY,LIMIT,1701961095789,2.949,33.31
DASHUSDT,SELL,LIMIT,1701962686635,0.605,32.51
DASHUSDT,BUY,LIMIT,1701965627705,1.239,33.66
DASHUSDT,BUY,LIMIT,1701965644325,0.398,33.67
DASHUSDT,BUY,LIMIT,1701965895043,39.411,33.69
DASHUSDT,BUY,LIMIT,1701966086848,1.000,33.76
DASHUSDT,BUY,LIMIT,1701966850167,268.843,33.97
DASHUSDT,SELL,LIMIT,1701968675224,2.135,32.68
DASHUSDT,BUY,LIMIT,1701970147684,0.353,33.82
DASHUSDT,BUY,LIMIT,1701970410866,3.345,33.84
DASHUSDT,SELL,LIMIT,1701973752402,0.197,32.70
DASHUSDT,SELL,LIMIT,1701974279247,75.323,32.53
DASHUSDT,SELL,LIMIT,1701976865844,150.060,32.43
DASHUSDT,SELL,LIMIT,1701977167343,2.073,32.36
DASHUSDT,BUY,LIMIT,1701979869269,152.578,33.39
DASHUSDT,SELL,LIMIT,1701988496255,64.429,32.71
DASHUSDT,BUY,LIMIT,1702005838473,3.301,33.97
DASHUSDT,SELL,LIMIT,1702020530518,1.067,32.60
DASHUSDT,SELL,LIMIT,1702020668617,3.014,32.50
DASHUSDT,BUY,LIMIT,1702027760164,155.404,34.11
DASHUSDT,BUY,LIMIT,1702027762464,20.000,34.11
DASHUSDT,SELL,LIMIT,1702029213054,2.977,32.86
DASHUSDT,BUY,LIMIT,1702035271039,0.307,34.19
DASHUSDT,BUY,LIMIT,1702035541082,0.767,34.20
DASHUSDT,BUY,LIMIT,1702035602773,2.000,34.20
DASHUSDT,SELL,LIMIT,1702035937226,12.691,33.22
DASHUSDT,BUY,LIMIT,1702036083674,0.835,34.23
DASHUSDT,BUY,LIMIT,1702036193639,0.113,34.22
DASHUSDT,BUY,LIMIT,1702038461949,0.456,34.36
DASHUSDT,BUY,LIMIT,1702038491077,10.000,34.40
DASHUSDT,SELL,LIMIT,1702040623189,0.292,33.12
DASHUSDT,SELL,LIMIT,1702041025597,4.171,33.03
DASHUSDT,SELL,LIMIT,1702042240256,9.280,33.03
DASHUSDT,BUY,LIMIT,1702044217612,0.176,34.41
DASHUSDT,BUY,LIMIT,1702044932147,18.637,34.16
DASHUSDT,BUY,LIMIT,1702046009453,1.744,34.51
DASHUSDT,SELL,LIMIT,1702046390289,3.500,33.54
DASHUSDT,BUY,LIMIT,1702051231695,0.908,34.47
DASHUSDT,BUY,LIMIT,1702051501763,1.581,34.67
DASHUSDT,BUY,LIMIT,1702051955204,4.751,34.81
DASHUSDT,BUY,LIMIT,1702052161449,1.497,34.81
DASHUSDT,BUY,LIMIT,1702052564429,0.315,34.88
DASHUSDT,BUY,LIMIT,1702052617137,3.875,34.92
DASHUSDT,BUY,LIMIT,1702053035290,73.962,34.99
DASHUSDT,BUY,LIMIT,1702053142539,11.583,35.06
DASHUSDT,BUY,LIMIT,1702053219830,1.356,35.19
DASHUSDT,BUY,LIMIT,1702053239775,1.008,35.23
DASHUSDT,BUY,LIMIT,1702053445379,2.049,35.41
DASHUSDT,BUY,LIMIT,1702053505791,5.000,35.52
DASHUSDT,BUY,LIMIT,1702053541524,46.296,35.67
DASHUSDT,BUY,LIMIT,1702053577017,17.342,35.85
DASHUSDT,BUY,LIMIT,1702053684287,0.368,35.93
DASHUSDT,BUY,LIMIT,1702053699699,4.462,36.00
DASHUSDT,BUY,LIMIT,1702053722210,53.209,36.06
DASHUSDT,BUY,LIMIT,1702053737594,9.835,36.15
DASHUSDT,BUY,LIMIT,1702053741078,42.253,36.20
DASHUSDT,SELL,LIMIT,1702055241848,0.525,34.34
DASHUSDT,SELL,LIMIT,1702058686334,2.400,34.24
DASHUSDT,SELL,LIMIT,1702063270658,0.989,34.06
DASHUSDT,SELL,LIMIT,1702067590378,36.978,34.35
DASHUSDT,BUY,LIMIT,1702069078918,1.449,35.35
DASHUSDT,BUY,LIMIT,1702070906173,0.198,35.43
DASHUSDT,BUY,LIMIT,1702077663931,1.505,35.24
DASHUSDT,BUY,LIMIT,1702080152333,0.980,35.30
DASHUSDT,SELL,LIMIT,1702080268085,44.978,34.27
DASHUSDT,BUY,LIMIT,1702080550820,12.502,35.38
DASHUSDT,BUY,LIMIT,1702081634094,0.209,35.56
DASHUSDT,BUY,LIMIT,1702081984546,7.480,35.71
DASHUSDT,BUY,LIMIT,1702082106889,2.701,35.74
DASHUSDT,BUY,LIMIT,1702082974938,7.353,35.75
DASHUSDT,BUY,LIMIT,1702083216666,33.000,35.65
DASHUSDT,SELL,LIMIT,1702083842938,4.340,34.49
DASHUSDT,BUY,LIMIT,1702092062444,32.763,35.75
DASHUSDT,SELL,LIMIT,1702094801630,0.423,34.75
DASHUSDT,BUY,LIMIT,1702096803919,2.844,36.02
DASHUSDT,BUY,LIMIT,1702102391940,1.499,35.79
DASHUSDT,BUY,LIMIT,1702103376622,7.153,35.83
DASHUSDT,BUY,LIMIT,1702105923085,42.360,35.99
DASHUSDT,BUY,LIMIT,1702106825704,4.342,35.96
DASHUSDT,BUY,LIMIT,1702107991122,0.946,36.06
DASHUSDT,BUY,LIMIT,1702108132077,1.179,36.08
DASHUSDT,SELL,LIMIT,1702108236533,0.145,35.04
DASHUSDT,BUY,LIMIT,1702109095837,29.098,36.19
DASHUSDT,BUY,LIMIT,1702109102781,3.424,36.20
DASHUSDT,BUY,LIMIT,1702109244834,2.893,36.23
DASHUSDT,BUY,LIMIT,1702109532632,0.819,36.29
DASHUSDT,BUY,LIMIT,1702109784177,2.193,36.33
DASHUSDT,BUY,LIMIT,1702109925240,129.779,36.32
DASHUSDT,SELL,LIMIT,1702110904274,2.196,34.79
DASHUSDT,SELL,LIMIT,1702110910574,0.878,34.75
DASHUSDT,SELL,LIMIT,1702110970488,1.723,34.62
DASHUSDT,SELL,LIMIT,1702110979133,0.522,34.54
DASHUSDT,SELL,LIMIT,1702111040054,1.043,34.33
DASHUSDT,SELL,LIMIT,1702111045321,0.427,34.18
DASHUSDT,SELL,LIMIT,1702111368460,71.492,34.23
DASHUSDT,SELL,LIMIT,1702111387167,0.457,34.03
DASHUSDT,SELL,LIMIT,1702115073862,3.584,34.38
DASHUSDT,SELL,LIMIT,1702122376326,0.381,34.44
DASHUSDT,BUY,LIMIT,1702126017682,0.366,35.85
DASHUSDT,SELL,LIMIT,1702132660409,0.232,34.53
DASHUSDT,SELL,LIMIT,1702132686048,2.357,34.50
DASHUSDT,SELL,LIMIT,1702132996361,15.000,34.24
