Symbol,Side,Order Type,Time,Quantity,Price
DASHUSDT,BUY,LIMIT,1701921606150,3.149,32.77
DASHUSDT,BUY,LIMIT,1701925422094,0.154,33.19
DASHUSDT,BUY,LIMIT,1701934073707,0.727,33.49
DASHUSDT,BUY,LIMIT,1701934080546,21.029,33.49
DASHUSDT,BUY,LIMIT,1701937099529,18.752,33.45
DASHUSDT,SELL,LIMIT,1701937394863,6.391,32.31
DASHUSDT,SELL,LIMIT,1701939555171,0.946,32.12
DASHUSDT,SELL,LIMIT,1701940007007,1.569,31.97
DASHUSDT,SELL,LIMIT,1701940562570,4.614,31.76
DASHUSDT,SELL,LIMIT,1701940564426,1.254,31.74
DASHUSDT,SELL,LIMIT,1701941060740,0.773,31.68
DASHUSDT,SELL,LIMIT,1701941072468,0.549,31.63
DASHUSDT,SELL,LIMIT,1701941164052,7.177,31.55
DASHUSDT,SELL,LIMIT,1701941170169,1.298,31.51
DASHUSDT,SELL,LIMIT,1701941184085,0.930,31.46
DASHUSDT,BUY,LIMIT,1701941187237,15.260,32.30
DASHUSDT,SELL,LIMIT,1701941188485,7.742,31.42
DASHUSDT,SELL,LIMIT,1701941241388,16.453,31.36
DASHUSDT,SELL,LIMIT,1701941247163,10.999,31.32
DASHUSDT,SELL,LIMIT,1701949692890,0.767,31.92
DASHUSDT,BUY,LIMIT,1701950638850,2.200,32.82
DASHUSDT,SELL,LIMIT,1701951899621,2.238,32.34
DASHUSDT,SELL,LIMIT,1701952845994,0.620,32.28
DASHUSDT,BUY,LIMIT,1701953976590,0.001,33.28
DASHUSDT,SELL,LIMIT,1701954849760,0.916,32.20
DASHUSDT,BUY,LIMIT,1701961095789,2.949,33.31
DASHUSDT,SELL,LIMIT,1701962686635,0.605,32.51
DASHUSDT,BUY,LIMIT,1701965627705,1.239,33.66
DASHUSDT,BUY,LIMIT,1701965644325,0.398,33.67
DASHUSDT,BUY,LIMIT,1701965895043,39.411,33.69
DASHUSDT,BUY,LIMIT,1701966086848,1.000,33.76
DASHUSDT,BUY,LIMIT,1701966850167,268.843,33.97
DASHUSDT,SELL,LIMIT,1701968675224,2.135,32.68
DASHUSDT,BUY,LIMIT,1701970147684,0.353,33.82
DASHUSDT,BUY,LIMIT,1701970410866,3.345,33.84
DASHUSDT,SELL,LIMIT,1701973752402,0.197,32.70
DASHUSDT,SELL,LIMIT,1701974279247,75.323,32.53
DASHUSDT,SELL,LIMIT,1701976865844,150.060,32.43
DASHUSDT,SELL,LIMIT,1701977167343,2.073,32.36
DASHUSDT,BUY,LIMIT,1701979869269,152.578,33.39
DASHUSDT,SELL,LIMIT,1701988496255,64.429,32.71
DASHUSDT,BUY,LIMIT,1702005838473,3.301,33.97
DASHUSDT,SELL,LIMIT,1702020530518,1.067,32.60
DASHUSDT,SELL,LIMIT,1702020668617,3.014,32.50
DASHUSDT,BUY,LIMIT,1702027760164,155.404,34.11
DASHUSDT,BUY,LIMIT,1702027762464,20.000,34.11
DASHUSDT,SELL,LIMIT,1702029213054,2.977,32.86
DASHUSDT,BUY,LIMIT,1702035271039,0.307,34.19
DASHUSDT,BUY,LIMIT,1702035541082,0.767,34.20
DASHUSDT,BUY,LIMIT,1702035602773,2.000,34.20
DASHUSDT,SELL,LIMIT,1702035937226,12.691,33.22
DASHUSDT,BUY,LIMIT,1702036083674,0.835,34.23
DASHUSDT,BUY,LIMIT,1702036193639,0.113,34.22
DASHUSDT,BUY,LIMIT,1702038461949,0.456,34.36
DASHUSDT,BUY,LIMIT,1702038491077,10.000,34.40
DASHUSDT,SELL,LIMIT,1702040623189,0.292,33.12
DASHUSDT,SELL,LIMIT,1702041025597,4.171,33.03
DASHUSDT,SELL,LIMIT,1702042240256,9.280,33.03
DASHUSDT,BUY,LIMIT,1702044217612,0.176,34.41
DASHUSDT,BUY,LIMIT,1702044932147,18.637,34.16
DASHUSDT,BUY,LIMIT,1702046009453,1.744,34.51
DASHUSDT,SELL,LIMIT,1702046390289,3.500,33.54
DASHUSDT,BUY,LIMIT,1702051231695,0.908,34.47
DASHUSDT,BUY,LIMIT,1702051501763,1.581,34.67
DASHUSDT,BUY,LIMIT,1702051955204,4.751,34.81
DASHUSDT,BUY,LIMIT,1702052161449,1.497,34.81
DASHUSDT,BUY,LIMIT,1702052564429,0.315,34.88
DASHUSDT,BUY,LIMIT,1702052617137,3.875,34.92
DASHUSDT,BUY,LIMIT,1702053035290,73.962,34.99
DASHUSDT,BUY,LIMIT,1702053142539,11.583,35.06
DASHUSDT,BUY,LIMIT,1702053219830,1.356,35.19
DASHUSDT,BUY,LIMIT,1702053239775,1.008,35.23
DASHUSDT,BUY,LIMIT,1702053445379,2.049,35.41
DASHUSDT,BUY,LIMIT,1702053505791,5.000,35.52
DASHUSDT,BUY,LIMIT,1702053541524,46.296,35.67
DASHUSDT,BUY,LIMIT,1702053577017,17.342,35.85
DASHUSDT,BUY,LIMIT,1702053684287,0.368,35.93
DASHUSDT,BUY,LIMIT,1702053699699,4.462,36.00
DASHUSDT,BUY,LIMIT,1702053722210,53.209,36.06
DASHUSDT,BUY,LIMIT,1702053737594,9.835,36.15
DASHUSDT,BUY,LIMIT,1702053741078,42.253,36.20
DASHUSDT,SELL,LIMIT,1702055241848,0.525,34.34
DASHUSDT,SELL,LIMIT,1702058686334,2.400,34.24
DASHUSDT,SELL,LIMIT,1702063270658,0.989,34.06
DASHUSDT,SELL,LIMIT,1702067590378,36.978,34.35
DASHUSDT,BUY,LIMIT,1702069078918,1.449,35.35
DASHUSDT,BUY,LIMIT,1702070906173,0.198,35.43
DASHUSDT,BUY,LIMIT,1702077663931,1.505,35.24
DASHUSDT,BUY,LIMIT,1702080152333,0.980,35.30
DASHUSDT,SELL,LIMIT,1702080268085,44.978,34.27
DASHUSDT,BUY,LIMIT,1702080550820,12.502,35.38
DASHUSDT,BUY,LIMIT,1702081634094,0.209,35.56
DASHUSDT,BUY,LIMIT,1702081984546,7.480,35.71
DASHUSDT,BUY,LIMIT,1702082106889,2.701,35.74
DASHUSDT,BUY,LIMIT,1702082974938,7.353,35.75
DASHUSDT,BUY,LIMIT,1702083216666,33.000,35.65
DASHUSDT,SELL,LIMIT,1702083842938,4.340,34.49
DASHUSDT,BUY,LIMIT,1702092062444,32.763,35.75
DASHUSDT,SELL,LIMIT,1702094801630,0.423,34.75
DASHUSDT,BUY,LIMIT,1702096803919,2.844,36.02
DASHUSDT,BUY,LIMIT,1702102391940,1.499,35.79
DASHUSDT,BUY,LIMIT,1702103376622,7.153,35.83
DASHUSDT,BUY,LIMIT,1702105923085,42.360,35.99
DASHUSDT,BUY,LIMIT,1702106825704,4.342,35.96
DASHUSDT,BUY,LIMIT,1702107991122,0.946,36.06
DASHUSDT,BUY,LIMIT,1702108132077,1.179,36.08
DASHUSDT,SELL,LIMIT,1702108236533,0.145,35.04
DASHUSDT,BUY,LIMIT,1702109095837,29.098,36.19
DASHUSDT,BUY,LIMIT,1702109102781,3.424,36.20
DASHUSDT,BUY,LIMIT,1702109244834,2.893,36.23
DASHUSDT,BUY,LIMIT,1702109532632,0.819,36.29
DASHUSDT,BUY,LIMIT,1702109784177,2.193,36.33
DASHUSDT,BUY,LIMIT,1702109925240,129.779,36.32
DASHUSDT,SELL,LIMIT,1702110904274,2.196,34.79
DASHUSDT,SELL,LIMIT,1702110910574,0.878,34.75
DASHUSDT,SELL,LIMIT,1702110970488,1.723,34.62
DASHUSDT,SELL,LIMIT,1702110979133,0.522,34.54
DASHUSDT,SELL,LIMIT,1702111040054,1.043,34.33
DASHUSDT,SELL,LIMIT,1702111045321,0.427,34.18
DASHUSDT,SELL,LIMIT,1702111368460,71.492,34.23
DASHUSDT,SELL,LIMIT,1702111387167,0.457,34.03
DASHUSDT,SELL,LIMIT,1702115073862,3.584,34.38
DASHUSDT,SELL,LIMIT,1702122376326,0.381,34.44
DASHUSDT,BUY,LIMIT,1702126017682,0.366,35.85
DASHUSDT,SELL,LIMIT,1702132660409,0.232,34.53
DASHUSDT,SELL,LIMIT,1702132686048,2.357,34.50
DASHUSDT,SELL,LIMIT,1702132996361,15.000,34.24
DASHUSDT,SELL,LIMIT,1702141740517,400.000,34.04
DASHUSDT,SELL,LIMIT,1702141844462,4.247,34.22
DASHUSDT,SELL,LIMIT,1702153061330,6.315,34.42
DASHUSDT,SELL,LIMIT,1702164543310,0.852,34.55
DASHUSDT,SELL,LIMIT,1702164548916,129.608,34.53
DASHUSDT,SELL,LIMIT,1702164747642,1.956,34.41
DASHUSDT,SELL,LIMIT,1702164800987,3.100,34.26
DASHUSDT,SELL,LIMIT,1702164803139,40.924,34.20
DASHUSDT,SELL,LIMIT,1702174050172,0.594,34.79
DASHUSDT,BUY,LIMIT,1702185750090,0.340,36.23
DASHUSDT,BUY,LIMIT,1702186853232,2.863,36.66
DASHUSDT,BUY,LIMIT,1702186962772,0.213,36.75
DASHUSDT,BUY,LIMIT,1702187034312,10.287,36.80
DASHUSDT,SELL,LIMIT,1702188312890,12.079,35.42
DASHUSDT,BUY,LIMIT,1702190716763,1.546,36.41
DASHUSDT,SELL,LIMIT,1702192883220,140.964,35.14
DASHUSDT,SELL,LIMIT,1702196680119,19.937,34.91
DASHUSDT,SELL,LIMIT,1702196718746,0.749,34.85
DASHUSDT,SELL,LIMIT,1702198146127,3.955,34.97
DASHUSDT,SELL,LIMIT,1702200899565,2.225,34.63
DASHUSDT,SELL,LIMIT,1702200933557,68.116,34.63
DASHUSDT,SELL,LIMIT,1702201412992,33.371,34.51
DASHUSDT,SELL,LIMIT,1702201477705,0.345,34.40
DASHUSDT,SELL,LIMIT,1702202081604,105.373,34.31
DASHUSDT,SELL,LIMIT,1702202087415,22.310,34.29
DASHUSDT,SELL,LIMIT,1702202151029,50.632,34.26
DASHUSDT,SELL,LIMIT,1702202267739,1.424,34.17
DASHUSDT,SELL,LIMIT,1702202291267,3.029,34.15
DASHUSDT,SELL,LIMIT,1702202298159,10.217,34.14
DASHUSDT,SELL,LIMIT,1702202318311,5.063,34.15
DASHUSDT,SELL,LIMIT,1702202323300,7.594,34.12
DASHUSDT,SELL,LIMIT,1702202379361,3.040,34.06
DASHUSDT,SELL,LIMIT,1702202380362,4.401,34.04
DASHUSDT,SELL,LIMIT,1702202382162,25.316,34.04
DASHUSDT,SELL,LIMIT,1702202387136,5.063,34.03
DASHUSDT,SELL,LIMIT,1702202403319,0.285,33.96
DASHUSDT,SELL,LIMIT,1702202404425,0.747,33.99
DASHUSDT,BUY,LIMIT,1702205779158,18.673,35.62
DASHUSDT,BUY,LIMIT,1702217236258,0.170,35.79
DASHUSDT,SELL,LIMIT,1702228004870,0.561,34.54
DASHUSDT,SELL,LIMIT,1702229847008,0.147,34.45
DASHUSDT,SELL,LIMIT,1702241344397,0.007,34.83
DASHUSDT,SELL,LIMIT,1702256437581,2.000,34.16
DASHUSDT,SELL,LIMIT,1702256481669,36.673,34.12
DASHUSDT,SELL,LIMIT,1702256513412,6.650,34.08
DASHUSDT,SELL,LIMIT,1702256547120,0.546,34.08
DASHUSDT,SELL,LIMIT,1702256582439,15.740,34.02
DASHUSDT,SELL,LIMIT,1702256620300,14.148,33.98
DASHUSDT,SELL,LIMIT,1702256622346,1.045,33.97
DASHUSDT,SELL,LIMIT,1702256714617,71.859,33.94
DASHUSDT,SELL,LIMIT,1702256716476,3.893,33.91
DASHUSDT,SELL,LIMIT,1702256723221,705.815,33.64
DASHUSDT,SELL,LIMIT,1702256915759,5.063,33.84
DASHUSDT,SELL,LIMIT,1702256917322,22.365,33.82
DASHUSDT,SELL,LIMIT,1702256922570,282.805,33.60
DASHUSDT,SELL,LIMIT,1702256977204,16.904,33.75
DASHUSDT,SELL,LIMIT,1702256980377,0.551,33.75
DASHUSDT,SELL,LIMIT,1702256982648,140.481,33.73
DASHUSDT,SELL,LIMIT,1702257010353,1.424,33.68
DASHUSDT,BUY,LIMIT,1702257195374,58.377,34.96
DASHUSDT,SELL,LIMIT,1702260324155,0.173,33.84
DASHUSDT,SELL,LIMIT,1702260427786,64.560,33.78
DASHUSDT,SELL,LIMIT,1702260429402,36.000,33.73
DASHUSDT,SELL,LIMIT,1702260437189,2.574,33.67
DASHUSDT,SELL,LIMIT,1702260438197,56.465,33.65
DASHUSDT,SELL,LIMIT,1702260439246,2.828,33.63
DASHUSDT,SELL,LIMIT,1702260440421,2.042,33.63
DASHUSDT,SELL,LIMIT,1702260618504,15.844,33.58
DASHUSDT,SELL,LIMIT,1702260621175,0.701,33.56
DASHUSDT,SELL,LIMIT,1702260623189,14.041,33.56
DASHUSDT,SELL,LIMIT,1702260628540,0.925,33.49
DASHUSDT,SELL,LIMIT,1702260629555,54.576,33.43
DASHUSDT,SELL,LIMIT,1702260630940,1.000,33.42
DASHUSDT,SELL,LIMIT,1702260631948,19.718,33.36
DASHUSDT,SELL,LIMIT,1702260634309,3.383,33.32
DASHUSDT,SELL,LIMIT,1702260667983,109.182,33.28
DASHUSDT,SELL,LIMIT,1702260690484,66.643,33.28
DASHUSDT,SELL,LIMIT,1702260700127,104.077,33.19
DASHUSDT,SELL,LIMIT,1702260701316,1.431,33.17
DASHUSDT,SELL,LIMIT,1702260707316,19.397,33.11
DASHUSDT,SELL,LIMIT,1702260708411,1.022,33.11
DASHUSDT,SELL,LIMIT,1702260709509,0.757,33.09
DASHUSDT,SELL,LIMIT,1702260711242,0.916,33.08
DASHUSDT,SELL,LIMIT,1702260712483,4.599,33.08
DASHUSDT,SELL,LIMIT,1702260714187,1.983,33.02
DASHUSDT,SELL,LIMIT,1702260715354,10.078,33.02
DASHUSDT,SELL,LIMIT,1702260716762,29.815,33.05
DASHUSDT,SELL,LIMIT,1702260718937,3.423,32.99
DASHUSDT,SELL,LIMIT,1702260720424,0.455,32.93
DASHUSDT,SELL,LIMIT,1702260724475,5.039,32.88
DASHUSDT,SELL,LIMIT,1702260726331,63.959,32.84
DASHUSDT,SELL,LIMIT,1702260727903,14.390,32.83
DASHUSDT,SELL,LIMIT,1702260729089,5.039,32.76
DASHUSDT,BUY,LIMIT,1702260730506,3.689,33.70
DASHUSDT,SELL,LIMIT,1702260731624,9.803,32.71
DASHUSDT,SELL,LIMIT,1702260733478,5.039,32.69
DASHUSDT,SELL,LIMIT,1702260734609,5.039,32.77
DASHUSDT,SELL,LIMIT,1702260736451,0.618,32.81
DASHUSDT,SELL,LIMIT,1702260738577,5.191,32.80
DASHUSDT,SELL,LIMIT,1702260740527,0.541,32.75
DASHUSDT,SELL,LIMIT,1702260741594,14.289,32.65
DASHUSDT,SELL,LIMIT,1702260744624,0.954,32.57
DASHUSDT,SELL,LIMIT,1702260745682,0.872,32.58
DASHUSDT,SELL,LIMIT,1702260746941,5.579,32.51
DASHUSDT,SELL,LIMIT,1702260748787,4.320,32.53
DASHUSDT,SELL,LIMIT,1702260750434,14.772,32.51
DASHUSDT,SELL,LIMIT,1702260751837,23.104,32.49
DASHUSDT,SELL,LIMIT,1702260752968,0.618,32.49
DASHUSDT,SELL,LIMIT,1702260754032,5.892,32.48
DASHUSDT,SELL,LIMIT,1702260755072,25.514,32.47
DASHUSDT,SELL,LIMIT,1702260756724,0.596,32.45
DASHUSDT,SELL,LIMIT,1702260758195,0.383,32.45
DASHUSDT,SELL,LIMIT,1702260759587,3.524,32.36
DASHUSDT,SELL,LIMIT,1702260760633,1.727,32.16
DASHUSDT,SELL,LIMIT,1702260761701,21.090,32.16
DASHUSDT,SELL,LIMIT,1702260762862,25.843,32.03
DASHUSDT,SELL,LIMIT,1702260763964,8.933,31.92
DASHUSDT,SELL,LIMIT,1702260765058,17.079,31.92
DASHUSDT,SELL,LIMIT,1702260766140,0.500,31.92
DASHUSDT,SELL,LIMIT,1702260767152,0.289,31.79
DASHUSDT,SELL,LIMIT,1702260768262,56.968,31.78
DASHUSDT,SELL,LIMIT,1702260769329,359.325,31.95
DASHUSDT,SELL,LIMIT,1702260770347,0.618,31.75
DASHUSDT,SELL,LIMIT,1702260771515,65.700,31.68
DASHUSDT,SELL,LIMIT,1702260772617,70.431,31.74
DASHUSDT,SELL,LIMIT,1702260773672,44.187,31.61
DASHUSDT,SELL,LIMIT,1702260774687,15.036,31.54
DASHUSDT,SELL,LIMIT,1702260775698,10.794,31.55
DASHUSDT,SELL,LIMIT,1702260776917,0.289,31.55
DASHUSDT,SELL,LIMIT,1702260778129,15.433,31.78
DASHUSDT,SELL,LIMIT,1702260779212,0.290,31.29
DASHUSDT,SELL,LIMIT,1702260780391,0.350,31.37
DASHUSDT,SELL,LIMIT,1702260781593,0.289,31.32
DASHUSDT,SELL,LIMIT,1702260782832,5.000,31.24
DASHUSDT,SELL,LIMIT,1702260784011,0.600,31.22
DASHUSDT,SELL,LIMIT,1702260785033,17.892,31.23
DASHUSDT,SELL,LIMIT,1702260786874,12.330,31.17
DASHUSDT,SELL,LIMIT,1702260788328,14.484,31.13
DASHUSDT,SELL,LIMIT,1702260789393,0.289,31.12
DASHUSDT,SELL,LIMIT,1702260790466,3.206,31.06
DASHUSDT,SELL,LIMIT,1702260791737,213.169,30.98
DASHUSDT,SELL,LIMIT,1702260793018,9.610,30.99
DASHUSDT,SELL,LIMIT,1702260794063,2.837,30.98
DASHUSDT,SELL,LIMIT,1702260795222,2.661,30.93
DASHUSDT,SELL,LIMIT,1702260796596,10.028,30.94
DASHUSDT,SELL,LIMIT,1702260797614,13.350,30.92
DASHUSDT,SELL,LIMIT,1702260799171,0.149,33.01
DASHUSDT,SELL,LIMIT,1702260800468,0.857,30.90
DASHUSDT,SELL,LIMIT,1702260801819,160.373,30.89
DASHUSDT,SELL,LIMIT,1702260802897,39.220,30.89
DASHUSDT,SELL,LIMIT,1702260803906,0.869,30.73
DASHUSDT,SELL,LIMIT,1702260805343,15.000,30.68
DASHUSDT,SELL,LIMIT,1702260806386,1.000,30.72
DASHUSDT,SELL,LIMIT,1702260807422,7.270,30.60
DASHUSDT,SELL,LIMIT,1702260808514,5.832,30.57
DASHUSDT,SELL,LIMIT,1702260809681,1.173,30.57
DASHUSDT,SELL,LIMIT,1702260811022,0.751,30.56
DASHUSDT,SELL,LIMIT,1702260812070,0.504,30.58
DASHUSDT,SELL,LIMIT,1702260813264,15.813,30.51
DASHUSDT,SELL,LIMIT,1702260814531,56.577,30.56
DASHUSDT,SELL,LIMIT,1702260818418,0.712,30.50
DASHUSDT,BUY,LIMIT,1702260820472,140.498,31.46
DASHUSDT,SELL,LIMIT,1702260821816,0.300,30.53
DASHUSDT,BUY,LIMIT,1702260828231,100.190,31.57
DASHUSDT,SELL,LIMIT,1702260834833,0.215,30.65
DASHUSDT,SELL,LIMIT,1702260841329,0.030,30.83
DASHUSDT,SELL,LIMIT,1702260858423,5.000,31.06
DASHUSDT,BUY,LIMIT,1702260874336,1.000,32.24
DASHUSDT,BUY,LIMIT,1702261114647,28.948,32.92
DASHUSDT,SELL,LIMIT,1702268016499,7.384,32.33
