Symbol,Side,Order Type,Time,Quantity,Price
DGBUSDT,SELL,LIMIT,1701922160861,86448,0.00848
DGBUSDT,SELL,LIMIT,1701941165214,55000,0.00833
DGBUSDT,SELL,LIMIT,1701941207177,6696,0.00828
DGBUSDT,BUY,LIMIT,1701966409298,21937,0.00894
DGBUSDT,BUY,LIMIT,1701968801259,2636,0.00907
DGBUSDT,SELL,LIMIT,1702037074754,577,0.00858
DGBUSDT,BUY,LIMIT,1702051903142,701,0.00897
DGBUSDT,BUY,LIMIT,1702053445379,8090,0.00899
DGBUSDT,BUY,LIMIT,1702053453065,12445,0.00899
DGBUSDT,BUY,LIMIT,1702061638327,654,0.00893
DGBUSDT,BUY,LIMIT,1702071204142,39600,0.00904
DGBUSDT,BUY,LIMIT,1702078943204,41328,0.00901
DGBUSDT,BUY,LIMIT,1702082974938,2260,0.00911
DGBUSDT,SELL,LIMIT,1702084172867,13432,0.00867
DGBUSDT,BUY,LIMIT,1702095958247,4031,0.00910
DGBUSDT,BUY,LIMIT,1702095991937,1578,0.00911
DGBUSDT,BUY,LIMIT,1702097847367,1656,0.00915
DGBUSDT,BUY,LIMIT,1702097878233,1646,0.00915
DGBUSDT,BUY,LIMIT,1702101049918,3632,0.00920
DGBUSDT,BUY,LIMIT,1702101062205,1950,0.00924
DGBUSDT,BUY,LIMIT,1702101073107,2400,0.00925
DGBUSDT,BUY,LIMIT,1702101075798,18256,0.00926
DGBUSDT,BUY,LIMIT,1702101078236,6435,0.00927
DGBUSDT,BUY,LIMIT,1702101206450,11439,0.00929
DGBUSDT,BUY,LIMIT,1702102809508,18484,0.00925
DGBUSDT,BUY,LIMIT,1702107981637,3543,0.00923
DGBUSDT,BUY,LIMIT,1702108104306,4984,0.00925
DGBUSDT,BUY,LIMIT,1702109060498,2309,0.00924
DGBUSDT,BUY,LIMIT,1702109360044,5800,0.00925
DGBUSDT,BUY,LIMIT,1702109514107,5938,0.00927
DGBUSDT,SELL,LIMIT,1702111038681,2000,0.00874
DGBUSDT,SELL,LIMIT,1702111379206,138061,0.00867
DGBUSDT,SELL,LIMIT,1702134885164,44280,0.00864
DGBUSDT,SELL,LIMIT,1702139124340,1605,0.00866
DGBUSDT,SELL,LIMIT,1702139294380,74815,0.00864
DGBUSDT,SELL,LIMIT,1702164519086,164046,0.00858
DGBUSDT,SELL,LIMIT,1702164546864,20803,0.00859
DGBUSDT,SELL,LIMIT,1702164746498,21226,0.00857
DGBUSDT,SELL,LIMIT,1702164749167,22048,0.00856
DGBUSDT,SELL,LIMIT,1702164795907,11148,0.00854
DGBUSDT,SELL,LIMIT,1702164811420,11764,0.00850
DGBUSDT,BUY,LIMIT,1702190203886,4691,0.00901
DGBUSDT,BUY,LIMIT,1702192770328,2309,0.00892
DGBUSDT,SELL,LIMIT,1702200280076,2288,0.00851
DGBUSDT,SELL,LIMIT,1702200893090,600,0.00847
DGBUSDT,SELL,LIMIT,1702200926510,1056,0.00848
DGBUSDT,SELL,LIMIT,1702200931634,2000,0.00846
DGBUSDT,SELL,LIMIT,1702201409403,10000,0.00847
DGBUSDT,SELL,LIMIT,1702202253402,5630,0.00844
DGBUSDT,SELL,LIMIT,1702202263234,15180,0.00844
DGBUSDT,SELL,LIMIT,1702202293343,4028,0.00843
DGBUSDT,SELL,LIMIT,1702202318311,10438,0.00840
DGBUSDT,SELL,LIMIT,1702202327390,7230,0.00840
DGBUSDT,SELL,LIMIT,1702202380362,789,0.00839
DGBUSDT,BUY,LIMIT,1702240637564,7748,0.00898
DGBUSDT,SELL,LIMIT,1702260440956,6111,0.00842
DGBUSDT,SELL,LIMIT,1702260634559,24632,0.00836
DGBUSDT,SELL,LIMIT,1702260637390,569489,0.00836
DGBUSDT,SELL,LIMIT,1702260696854,568543,0.00835
DGBUSDT,SELL,LIMIT,1702260699086,102273,0.00834
DGBUSDT,SELL,LIMIT,1702260710287,2024,0.00830
DGBUSDT,SELL,LIMIT,1702260714987,54913,0.00829
DGBUSDT,SELL,LIMIT,1702260716805,656,0.00828
DGBUSDT,SELL,LIMIT,1702260717866,29523,0.00828
DGBUSDT,SELL,LIMIT,1702260721974,262,0.00826
DGBUSDT,SELL,LIMIT,1702260725626,356630,0.00835
DGBUSDT,SELL,LIMIT,1702260730702,15673,0.00825
DGBUSDT,SELL,LIMIT,1702260735723,12037,0.00824
DGBUSDT,SELL,LIMIT,1702260742530,2507,0.00820
DGBUSDT,SELL,LIMIT,1702260743836,2955,0.00821
DGBUSDT,SELL,LIMIT,1702260747703,11481,0.00815
DGBUSDT,BUY,LIMIT,1702260750281,72156,0.00846
DGBUSDT,SELL,LIMIT,1702260752208,564331,0.00813
DGBUSDT,SELL,LIMIT,1702260754316,3583,0.00814
DGBUSDT,SELL,LIMIT,1702260755494,80000,0.00813
DGBUSDT,SELL,LIMIT,1702260757679,20898,0.00810
DGBUSDT,SELL,LIMIT,1702260760125,551,0.00810
DGBUSDT,SELL,LIMIT,1702260761644,5391,0.00808
DGBUSDT,SELL,LIMIT,1702260762688,2509,0.00806
DGBUSDT,SELL,LIMIT,1702260763733,6840,0.00806
DGBUSDT,SELL,LIMIT,1702260764755,552,0.00807
DGBUSDT,SELL,LIMIT,1702260766715,1133,0.00806
DGBUSDT,SELL,LIMIT,1702260767815,12191,0.00805
DGBUSDT,SELL,LIMIT,1702260770533,143457,0.00805
DGBUSDT,SELL,LIMIT,1702260771787,57301,0.00819
DGBUSDT,SELL,LIMIT,1702260773223,7000,0.00800
DGBUSDT,SELL,LIMIT,1702260774471,3693,0.00800
DGBUSDT,SELL,LIMIT,1702260775603,1132,0.00800
DGBUSDT,SELL,LIMIT,1702260776917,1132,0.00797
DGBUSDT,SELL,LIMIT,1702260778020,10806,0.00796
DGBUSDT,SELL,LIMIT,1702260779212,1133,0.00792
DGBUSDT,SELL,LIMIT,1702260780251,10818,0.00797
DGBUSDT,SELL,LIMIT,1702260781420,5746,0.00793
DGBUSDT,SELL,LIMIT,1702260782763,16108,0.00789
DGBUSDT,SELL,LIMIT,1702260783837,4851,0.00786
DGBUSDT,SELL,LIMIT,1702260784994,1132,0.00786
DGBUSDT,SELL,LIMIT,1702260786743,3364271,0.00767
DGBUSDT,SELL,LIMIT,1702260787787,5325,0.00796
DGBUSDT,SELL,LIMIT,1702260788880,52829,0.00786
DGBUSDT,SELL,LIMIT,1702260790024,23511,0.00782
DGBUSDT,SELL,LIMIT,1702260791287,2227,0.00777
DGBUSDT,SELL,LIMIT,1702260792647,2300,0.00773
DGBUSDT,SELL,LIMIT,1702260793708,2667,0.00768
DGBUSDT,SELL,LIMIT,1702260795438,100000,0.00770
DGBUSDT,SELL,LIMIT,1702260797487,3895,0.00769
DGBUSDT,SELL,LIMIT,1702260798972,11274,0.00769
DGBUSDT,SELL,LIMIT,1702260800095,2212,0.00761
DGBUSDT,SELL,LIMIT,1702260801277,2714,0.00760
DGBUSDT,SELL,LIMIT,1702260802313,57356,0.00762
DGBUSDT,SELL,LIMIT,1702260804357,8918,0.00760
DGBUSDT,SELL,LIMIT,1702260805582,1112,0.00759
DGBUSDT,SELL,LIMIT,1702260806912,11494,0.00757
DGBUSDT,SELL,LIMIT,1702260807943,9104,0.00757
DGBUSDT,SELL,LIMIT,1702260809043,34443,0.00755
DGBUSDT,SELL,LIMIT,1702260812124,125973,0.00754
DGBUSDT,SELL,LIMIT,1702260813254,127500,0.00752
DGBUSDT,SELL,LIMIT,1702260814845,2227,0.00751
DGBUSDT,SELL,LIMIT,1702260815907,23364,0.00750
DGBUSDT,SELL,LIMIT,1702260818449,6574,0.00749
DGBUSDT,SELL,LIMIT,1702260820962,5630,0.00755
DGBUSDT,BUY,LIMIT,1702260874336,3000,0.00816
DGBUSDT,SELL,LIMIT,1702262615562,14360,0.00799
