Symbol,Side,Order Type,Time,Quantity,Price
DODOXUSDT,SELL,LIMIT,1701068119832,3148,0.1219699
DODOXUSDT,SELL,LIMIT,1701068148260,198,0.1219082
DODOXUSDT,SELL,LIMIT,1701069557928,48,0.1207690
DODOXUSDT,SELL,LIMIT,1701069806329,219,0.1205794
DODOXUSDT,SELL,LIMIT,1701069838718,6246,0.1203937
DODOXUSDT,SELL,LIMIT,1701069896430,156,0.1199726
DODOXUSDT,BUY,LIMIT,1701080955658,111,0.1264042
DODOXUSDT,SELL,LIMIT,1701082576063,722,0.1199116
DODOXUSDT,SELL,LIMIT,1701082727950,54,0.1194256
DODOXUSDT,SELL,LIMIT,1701083756699,1008,0.1192962
DODOXUSDT,SELL,LIMIT,1701100222437,155,0.1182993
DODOXUSDT,SELL,LIMIT,1701100277149,8000,0.1181923
DODOXUSDT,SELL,LIMIT,1701100640417,32284,0.1177799
DODOXUSDT,SELL,LIMIT,1701100643525,254,0.1176877
DODOXUSDT,SELL,LIMIT,1701101007837,164,0.1177961
DODOXUSDT,BUY,LIMIT,1701101081081,321,0.1225409
DODOXUSDT,SELL,LIMIT,1701101141109,13001,0.1173194
DODOXUSDT,SELL,LIMIT,1701114237438,9955,0.1174541
DODOXUSDT,SELL,LIMIT,1701114476251,1796,0.1170288
DODOXUSDT,SELL,LIMIT,1701114574937,216,0.1166299
DODOXUSDT,BUY,LIMIT,1701129729440,3230,0.1261465
DODOXUSDT,BUY,LIMIT,1701226449685,4,0.1287885
DODOXUSDT,SELL,LIMIT,1701259701325,2,0.1244601
DODOXUSDT,SELL,LIMIT,1701263419588,49,0.1267661
DODOXUSDT,BUY,LIMIT,1701266242983,134,0.1341773
DODOXUSDT,BUY,LIMIT,1701266337099,50,0.1351981
DODOXUSDT,BUY,LIMIT,1701266400807,1661,0.1360843
DODOXUSDT,BUY,LIMIT,1701268255054,280,0.1349421
DODOXUSDT,SELL,LIMIT,1701270102444,2464,0.1263877
DODOXUSDT,SELL,LIMIT,1701270401935,540,0.1253005
DODOXUSDT,SELL,LIMIT,1701270436216,3828,0.1251645
DODOXUSDT,SELL,LIMIT,1701270508777,42,0.1248550
DODOXUSDT,SELL,LIMIT,1701270595944,12013,0.1244189
DODOXUSDT,BUY,LIMIT,1701284330063,66411,0.1392167
DODOXUSDT,BUY,LIMIT,1701284331174,277,0.1393383
DODOXUSDT,BUY,LIMIT,1701284332715,61,0.1397404
DODOXUSDT,BUY,LIMIT,1701284339459,1794,0.1402545
DODOXUSDT,SELL,LIMIT,1701284421736,265,0.1321241
DODOXUSDT,BUY,LIMIT,1701285001340,3321,0.1407736
DODOXUSDT,BUY,LIMIT,1701285033368,3078,0.1410248
DODOXUSDT,BUY,LIMIT,1701285122000,112,0.1417230
DODOXUSDT,BUY,LIMIT,1701285565324,598,0.1423978
DODOXUSDT,BUY,LIMIT,1701285594113,11128,0.1434481
DODOXUSDT,BUY,LIMIT,1701285608403,401,0.1441774
DODOXUSDT,BUY,LIMIT,1701285613501,4428,0.1444837
DODOXUSDT,BUY,LIMIT,1701285616872,95,0.1446121
DODOXUSDT,BUY,LIMIT,1701285642319,7570,0.1453526
DODOXUSDT,BUY,LIMIT,1701285663325,1887,0.1457744
DODOXUSDT,BUY,LIMIT,1701285667066,9406,0.1460197
DODOXUSDT,BUY,LIMIT,1701285668500,7536,0.1458856
DODOXUSDT,SELL,LIMIT,1701285855282,14012,0.1356710
DODOXUSDT,SELL,LIMIT,1701285905175,810,0.1355509
DODOXUSDT,SELL,LIMIT,1701285914669,42,0.1347430
DODOXUSDT,SELL,LIMIT,1701285916153,143,0.1339306
DODOXUSDT,SELL,LIMIT,1701285968203,781,0.1339242
DODOXUSDT,SELL,LIMIT,1701285969253,24167,0.1338252
DODOXUSDT,SELL,LIMIT,1701285976224,429,0.1333321
DODOXUSDT,SELL,LIMIT,1701285978083,574,0.1332554
DODOXUSDT,SELL,LIMIT,1701285979100,29766,0.1329462
DODOXUSDT,SELL,LIMIT,1701290267333,1847,0.1319931
DODOXUSDT,SELL,LIMIT,1701290274066,1354,0.1316532
DODOXUSDT,SELL,LIMIT,1701290338007,67,0.1314246
DODOXUSDT,SELL,LIMIT,1701290339055,647,0.1313892
DODOXUSDT,SELL,LIMIT,1701290340494,1209,0.1313391
DODOXUSDT,SELL,LIMIT,1701290342699,663,0.1312800
DODOXUSDT,SELL,LIMIT,1701290343758,1258,0.1311753
DODOXUSDT,SELL,LIMIT,1701290876552,19123,0.1306272
DODOXUSDT,SELL,LIMIT,1701290964455,319,0.1306024
DODOXUSDT,SELL,LIMIT,1701291452178,6010,0.1304588
DODOXUSDT,BUY,LIMIT,1701297841388,440,0.1410604
DODOXUSDT,BUY,LIMIT,1701299419623,75,0.1411981
DODOXUSDT,BUY,LIMIT,1701299426414,11945,0.1413567
DODOXUSDT,BUY,LIMIT,1701302618039,61,0.1432378
DODOXUSDT,BUY,LIMIT,1701303275544,11643,0.1423319
DODOXUSDT,BUY,LIMIT,1701305511355,1469,0.1446428
DODOXUSDT,SELL,LIMIT,1701306439446,176,0.1365357
DODOXUSDT,BUY,LIMIT,1701307047066,1600,0.1458320
DODOXUSDT,BUY,LIMIT,1701307060655,457,0.1464235
DODOXUSDT,BUY,LIMIT,1701307064674,2205,0.1464574
DODOXUSDT,BUY,LIMIT,1701307066522,2161,0.1466334
DODOXUSDT,BUY,LIMIT,1701307071559,168,0.1468525
DODOXUSDT,BUY,LIMIT,1701307171361,3537,0.1468935
DODOXUSDT,BUY,LIMIT,1701307174691,610,0.1470211
DODOXUSDT,SELL,LIMIT,1701307639610,837,0.1370280
DODOXUSDT,SELL,LIMIT,1701307655189,318,0.1366009
DODOXUSDT,SELL,LIMIT,1701307658224,1144,0.1365439
DODOXUSDT,SELL,LIMIT,1701309024164,2081,0.1361578
DODOXUSDT,SELL,LIMIT,1701315146297,140,0.1356765
DODOXUSDT,SELL,LIMIT,1701315224209,2207,0.1353353
DODOXUSDT,SELL,LIMIT,1701315364705,1448,0.1350584
DODOXUSDT,SELL,LIMIT,1701315460277,1336,0.1350833
DODOXUSDT,SELL,LIMIT,1701315514048,208,0.1349115
DODOXUSDT,SELL,LIMIT,1701322369304,738,0.1348103
DODOXUSDT,SELL,LIMIT,1701322370934,1762,0.1347371
DODOXUSDT,SELL,LIMIT,1701322601187,1470,0.1346637
DODOXUSDT,SELL,LIMIT,1701322603086,1214,0.1346293
DODOXUSDT,SELL,LIMIT,1701322612321,1,0.1344566
DODOXUSDT,SELL,LIMIT,1701322764361,32694,0.1340103
DODOXUSDT,SELL,LIMIT,1701322766162,571,0.1339210
DODOXUSDT,SELL,LIMIT,1701322812068,9628,0.1336831
DODOXUSDT,SELL,LIMIT,1701323787893,154,0.1333978
DODOXUSDT,SELL,LIMIT,1701323791920,14657,0.1333959
DODOXUSDT,SELL,LIMIT,1701324167345,8468,0.1333430
DODOXUSDT,SELL,LIMIT,1701324169173,154,0.1330070
DODOXUSDT,SELL,LIMIT,1701324170456,17724,0.1330450
DODOXUSDT,SELL,LIMIT,1701324173141,82,0.1328799
DODOXUSDT,SELL,LIMIT,1701324184236,618,0.1326958
DODOXUSDT,SELL,LIMIT,1701324204301,1620,0.1326472
DODOXUSDT,SELL,LIMIT,1701324210188,1335,0.1322527
DODOXUSDT,SELL,LIMIT,1701325866333,250,0.1321603
DODOXUSDT,SELL,LIMIT,1701326007870,14694,0.1320955
DODOXUSDT,SELL,LIMIT,1701326105046,6778,0.1320598
DODOXUSDT,SELL,LIMIT,1701326156851,709,0.1319746
DODOXUSDT,SELL,LIMIT,1701326235997,9535,0.1318474
DODOXUSDT,SELL,LIMIT,1701326237661,56317,0.1313968
DODOXUSDT,SELL,LIMIT,1701326260103,325,0.1313288
DODOXUSDT,SELL,LIMIT,1701326295339,241,0.1311760
DODOXUSDT,SELL,LIMIT,1701326306278,3704,0.1310728
DODOXUSDT,SELL,LIMIT,1701326346322,1108,0.1309414
DODOXUSDT,SELL,LIMIT,1701326358279,366,0.1308833
DODOXUSDT,SELL,LIMIT,1701326764770,58,0.1307384
DODOXUSDT,SELL,LIMIT,1701326959723,1966,0.1304959
DODOXUSDT,SELL,LIMIT,1701327055705,12128,0.1304906
DODOXUSDT,SELL,LIMIT,1701331819000,35221,0.1332212
DODOXUSDT,BUY,LIMIT,1701348218635,76,0.1417833
DODOXUSDT,BUY,LIMIT,1701348290056,221,0.1420463
DODOXUSDT,BUY,LIMIT,1701348313432,120,0.1423074
DODOXUSDT,BUY,LIMIT,1701348344442,732,0.1427270
DODOXUSDT,BUY,LIMIT,1701351384512,662,0.1427830
DODOXUSDT,BUY,LIMIT,1701351527151,1057,0.1434493
DODOXUSDT,BUY,LIMIT,1701351585176,431,0.1437079
DODOXUSDT,SELL,LIMIT,1701355390727,516,0.1333385
DODOXUSDT,SELL,LIMIT,1701355416369,315,0.1332598
DODOXUSDT,BUY,LIMIT,1701358942072,1857,0.1406789
DODOXUSDT,SELL,LIMIT,1701373114372,2870,0.1321678
DODOXUSDT,SELL,LIMIT,1701373146234,4450,0.1319411
DODOXUSDT,SELL,LIMIT,1701373160131,505,0.1318833
DODOXUSDT,SELL,LIMIT,1701374891441,50,0.1312176
DODOXUSDT,SELL,LIMIT,1701375430246,728,0.1310680
DODOXUSDT,BUY,LIMIT,1701393415155,249,0.1402619
DODOXUSDT,BUY,LIMIT,1701394014535,6129,0.1413623
DODOXUSDT,BUY,LIMIT,1701394896456,2806,0.1413107
DODOXUSDT,BUY,LIMIT,1701403969841,223,0.1410017
DODOXUSDT,BUY,LIMIT,1701405515309,40,0.1408374
DODOXUSDT,SELL,LIMIT,1701419444548,2074,0.1311727
DODOXUSDT,SELL,LIMIT,1701419607072,1345,0.1307543
DODOXUSDT,SELL,LIMIT,1701419608529,99,0.1309077
DODOXUSDT,SELL,LIMIT,1701419610197,1154,0.1306413
DODOXUSDT,SELL,LIMIT,1701419765325,6923,0.1299575
DODOXUSDT,BUY,LIMIT,1701424847322,46,0.1375265
DODOXUSDT,SELL,LIMIT,1701439656064,107,0.1287434
DODOXUSDT,SELL,LIMIT,1701439657492,2310,0.1287342
DODOXUSDT,SELL,LIMIT,1701442370112,1802,0.1293209
DODOXUSDT,SELL,LIMIT,1701442408170,55,0.1286931
DODOXUSDT,SELL,LIMIT,1701443692999,154,0.1287945
DODOXUSDT,SELL,LIMIT,1701443752828,1256,0.1286382
DODOXUSDT,SELL,LIMIT,1701444166664,1113,0.1284639
DODOXUSDT,SELL,LIMIT,1701447394805,133,0.1293008
DODOXUSDT,BUY,LIMIT,1701448858470,1157,0.1348096
DODOXUSDT,BUY,LIMIT,1701449083172,350,0.1364139
DODOXUSDT,SELL,LIMIT,1701460032377,6864,0.1324372
DODOXUSDT,SELL,LIMIT,1701492529980,344,0.1301049
DODOXUSDT,BUY,LIMIT,1701493488198,21905,0.1355640
