Symbol,Side,Order Type,Time,Quantity,Price
DODOXUSDT,SELL,LIMIT,1701917958904,1272,0.1528160
DODOXUSDT,SELL,LIMIT,1701917966780,157,0.1526029
DODOXUSDT,SELL,LIMIT,1701918614989,2719,0.1519928
DODOXUSDT,SELL,LIMIT,1701918622323,918,0.1520040
DODOXUSDT,SELL,LIMIT,1701918644186,939,0.1519197
DODOXUSDT,SELL,LIMIT,1701918645551,45,0.1518597
DODOXUSDT,SELL,LIMIT,1701918662732,177,0.1515243
DODOXUSDT,SELL,LIMIT,1701932691095,5998,0.1518669
DODOXUSDT,BUY,LIMIT,1701934230706,465,0.1585003
DODOXUSDT,SELL,LIMIT,1701936170450,699,0.1522424
DODOXUSDT,SELL,LIMIT,1701936834071,35,0.1519001
DODOXUSDT,SELL,LIMIT,1701936924501,3689,0.1510983
DODOXUSDT,SELL,LIMIT,1701937300333,6752,0.1508422
DODOXUSDT,SELL,LIMIT,1701937301415,3211,0.1508500
DODOXUSDT,SELL,LIMIT,1701937312228,547,0.1507617
DODOXUSDT,SELL,LIMIT,1701937315907,2055,0.1507080
DODOXUSDT,SELL,LIMIT,1701937324545,35,0.1506123
DODOXUSDT,SELL,LIMIT,1701937353168,30852,0.1501933
DODOXUSDT,SELL,LIMIT,1701937368475,1090,0.1499906
DODOXUSDT,SELL,LIMIT,1701937469346,783,0.1493899
DODOXUSDT,SELL,LIMIT,1701939359413,138,0.1491938
DODOXUSDT,SELL,LIMIT,1701939398281,821,0.1490031
DODOXUSDT,SELL,LIMIT,1701939454224,1946,0.1488072
DODOXUSDT,SELL,LIMIT,1701940046980,273,0.1484315
DODOXUSDT,SELL,LIMIT,1701940523938,1592,0.1485683
DODOXUSDT,SELL,LIMIT,1701940555086,320,0.1483913
DODOXUSDT,SELL,LIMIT,1701940556117,483,0.1481962
DODOXUSDT,SELL,LIMIT,1701940567113,2559,0.1481476
DODOXUSDT,SELL,LIMIT,1701941107687,267,0.1480933
DODOXUSDT,SELL,LIMIT,1701941158635,113,0.1479213
DODOXUSDT,SELL,LIMIT,1701941160148,604,0.1478949
DODOXUSDT,SELL,LIMIT,1701941167974,1128,0.1478811
DODOXUSDT,SELL,LIMIT,1701941169477,485,0.1476649
DODOXUSDT,SELL,LIMIT,1701941174021,1270,0.1476789
DODOXUSDT,SELL,LIMIT,1701941182880,279,0.1476890
DODOXUSDT,SELL,LIMIT,1701941194643,326,0.1470668
DODOXUSDT,SELL,LIMIT,1701941238682,198,0.1470454
DODOXUSDT,SELL,LIMIT,1701941240023,120,0.1470374
DODOXUSDT,SELL,LIMIT,1701941247114,2406,0.1471099
DODOXUSDT,BUY,LIMIT,1701948049072,36,0.1597740
DODOXUSDT,SELL,LIMIT,1701959757093,1532,0.1558638
DODOXUSDT,BUY,LIMIT,1701962515876,33,0.1603950
DODOXUSDT,BUY,LIMIT,1701962522455,84,0.1604196
DODOXUSDT,BUY,LIMIT,1701966503750,383,0.1617821
DODOXUSDT,BUY,LIMIT,1701971544872,5545,0.1635657
DODOXUSDT,BUY,LIMIT,1701971550385,272,0.1637598
DODOXUSDT,BUY,LIMIT,1701971576788,54,0.1641632
DODOXUSDT,BUY,LIMIT,1701971599823,627,0.1644763
DODOXUSDT,BUY,LIMIT,1702007154541,177,0.1645565
DODOXUSDT,SELL,LIMIT,1702010327917,16,0.1568001
DODOXUSDT,BUY,LIMIT,1702013791270,159,0.1623939
DODOXUSDT,BUY,LIMIT,1702019392486,82,0.1661897
DODOXUSDT,BUY,LIMIT,1702019464144,274,0.1674625
DODOXUSDT,SELL,LIMIT,1702042263767,10135,0.1544708
DODOXUSDT,BUY,LIMIT,1702043076107,1203,0.1612517
DODOXUSDT,SELL,LIMIT,1702043876169,5840,0.1537975
DODOXUSDT,SELL,LIMIT,1702043913422,5241,0.1536955
DODOXUSDT,SELL,LIMIT,1702046323151,315,0.1543697
DODOXUSDT,SELL,LIMIT,1702050475845,34,0.1553889
DODOXUSDT,BUY,LIMIT,1702052530226,511,0.1630556
DODOXUSDT,BUY,LIMIT,1702053983863,496,0.1642217
DODOXUSDT,BUY,LIMIT,1702064008184,5702,0.1663096
DODOXUSDT,BUY,LIMIT,1702065821348,598,0.1666663
DODOXUSDT,BUY,LIMIT,1702070654244,1743,0.1669841
DODOXUSDT,BUY,LIMIT,1702077104973,124,0.1691179
DODOXUSDT,BUY,LIMIT,1702080013782,7922,0.1722120
DODOXUSDT,BUY,LIMIT,1702080087399,9721,0.1725062
DODOXUSDT,BUY,LIMIT,1702080091299,496,0.1726774
DODOXUSDT,BUY,LIMIT,1702081253139,32,0.1725194
DODOXUSDT,BUY,LIMIT,1702082573368,4921,0.1755664
DODOXUSDT,BUY,LIMIT,1702082620141,14881,0.1758347
DODOXUSDT,BUY,LIMIT,1702103571492,288,0.1716263
DODOXUSDT,BUY,LIMIT,1702105876224,4,0.1717270
DODOXUSDT,BUY,LIMIT,1702109247961,318,0.1728047
DODOXUSDT,BUY,LIMIT,1702109557788,2960,0.1717339
DODOXUSDT,BUY,LIMIT,1702110327454,288,0.1730735
DODOXUSDT,SELL,LIMIT,1702111036122,4698,0.1622648
DODOXUSDT,SELL,LIMIT,1702111038681,120,0.1620802
DODOXUSDT,SELL,LIMIT,1702111043475,221,0.1651684
DODOXUSDT,SELL,LIMIT,1702111046417,13727,0.1614380
DODOXUSDT,SELL,LIMIT,1702111383871,358,0.1601856
DODOXUSDT,SELL,LIMIT,1702111388061,850,0.1601994
DODOXUSDT,SELL,LIMIT,1702141692235,1269,0.1591129
DODOXUSDT,SELL,LIMIT,1702141726185,1883,0.1590051
DODOXUSDT,SELL,LIMIT,1702141848810,1375,0.1585419
DODOXUSDT,SELL,LIMIT,1702141858968,2479,0.1581790
DODOXUSDT,SELL,LIMIT,1702164807953,8045,0.1585489
DODOXUSDT,SELL,LIMIT,1702192807168,869,0.1576552
DODOXUSDT,SELL,LIMIT,1702193833644,376,0.1570002
DODOXUSDT,SELL,LIMIT,1702197075308,122,0.1558816
DODOXUSDT,SELL,LIMIT,1702197087947,622,0.1557388
DODOXUSDT,SELL,LIMIT,1702200786533,240,0.1552193
DODOXUSDT,SELL,LIMIT,1702200793973,22114,0.1550706
DODOXUSDT,SELL,LIMIT,1702200898239,122,0.1546246
DODOXUSDT,SELL,LIMIT,1702202095215,1428,0.1540648
DODOXUSDT,SELL,LIMIT,1702202157133,298,0.1540463
DODOXUSDT,SELL,LIMIT,1702202326429,117,0.1535375
DODOXUSDT,SELL,LIMIT,1702202376160,85,0.1532775
DODOXUSDT,SELL,LIMIT,1702202380970,2062,0.1532819
DODOXUSDT,SELL,LIMIT,1702202383391,517,0.1532250
DODOXUSDT,SELL,LIMIT,1702202406643,12009,0.1529694
DODOXUSDT,SELL,LIMIT,1702202408842,5900,0.1528505
DODOXUSDT,SELL,LIMIT,1702256918446,1497,0.1540509
DODOXUSDT,SELL,LIMIT,1702260439473,123,0.1538304
DODOXUSDT,SELL,LIMIT,1702260623198,1322,0.1531827
DODOXUSDT,BUY,LIMIT,1702260628389,633,0.1591747
DODOXUSDT,SELL,LIMIT,1702260634192,15697,0.1524264
DODOXUSDT,SELL,LIMIT,1702260690195,1258,0.1516857
DODOXUSDT,SELL,LIMIT,1702260691574,163,0.1516425
DODOXUSDT,SELL,LIMIT,1702260695923,914,0.1515009
DODOXUSDT,SELL,LIMIT,1702260701316,309,0.1511714
DODOXUSDT,SELL,LIMIT,1702260709987,5335,0.1510739
DODOXUSDT,SELL,LIMIT,1702260711571,242,0.1509869
DODOXUSDT,SELL,LIMIT,1702260713775,287,0.1508118
DODOXUSDT,SELL,LIMIT,1702260714986,2673,0.1507284
DODOXUSDT,SELL,LIMIT,1702260716972,1053,0.1507313
DODOXUSDT,SELL,LIMIT,1702260718404,13867,0.1506410
DODOXUSDT,SELL,LIMIT,1702260719853,193,0.1505702
DODOXUSDT,SELL,LIMIT,1702260724639,918,0.1504204
DODOXUSDT,SELL,LIMIT,1702260727953,6968,0.1514336
DODOXUSDT,SELL,LIMIT,1702260731076,202,0.1503470
DODOXUSDT,SELL,LIMIT,1702260734032,1387,0.1501580
DODOXUSDT,SELL,LIMIT,1702260735969,1,0.1499551
DODOXUSDT,SELL,LIMIT,1702260737838,6231,0.1498672
DODOXUSDT,SELL,LIMIT,1702260739401,107,0.1497042
DODOXUSDT,SELL,LIMIT,1702260741631,37,0.1493704
DODOXUSDT,SELL,LIMIT,1702260742672,29884,0.1492121
DODOXUSDT,SELL,LIMIT,1702260744127,938,0.1491174
DODOXUSDT,SELL,LIMIT,1702260747721,691,0.1485227
DODOXUSDT,SELL,LIMIT,1702260748957,3363,0.1484759
DODOXUSDT,SELL,LIMIT,1702260750051,26,0.1482508
DODOXUSDT,SELL,LIMIT,1702260752824,120,0.1481669
DODOXUSDT,SELL,LIMIT,1702260754507,126,0.1478729
DODOXUSDT,SELL,LIMIT,1702260756553,8852,0.1474713
DODOXUSDT,SELL,LIMIT,1702260759697,45,0.1471741
DODOXUSDT,SELL,LIMIT,1702260760836,9600,0.1470715
DODOXUSDT,SELL,LIMIT,1702260761982,36,0.1469330
DODOXUSDT,SELL,LIMIT,1702260763098,3752,0.1468413
DODOXUSDT,SELL,LIMIT,1702260765150,194,0.1464259
DODOXUSDT,SELL,LIMIT,1702260767333,187,0.1463286
DODOXUSDT,SELL,LIMIT,1702260768369,151,0.1459945
DODOXUSDT,SELL,LIMIT,1702260769741,61,0.1454271
DODOXUSDT,SELL,LIMIT,1702260771895,442,0.1447153
DODOXUSDT,SELL,LIMIT,1702260773124,3000,0.1445334
DODOXUSDT,SELL,LIMIT,1702260774415,19283,0.1471456
DODOXUSDT,SELL,LIMIT,1702260775520,9000,0.1436464
DODOXUSDT,SELL,LIMIT,1702260777245,1895,0.1437912
DODOXUSDT,SELL,LIMIT,1702260779028,4661,0.1437633
DODOXUSDT,SELL,LIMIT,1702260781231,18440,0.1436743
DODOXUSDT,SELL,LIMIT,1702260782430,1926,0.1434362
DODOXUSDT,SELL,LIMIT,1702260783409,3767,0.1434234
DODOXUSDT,SELL,LIMIT,1702260784644,158,0.1430044
DODOXUSDT,SELL,LIMIT,1702260786744,157728,0.1424853
DODOXUSDT,SELL,LIMIT,1702260788961,1919,0.1429052
DODOXUSDT,SELL,LIMIT,1702260789962,868,0.1428334
DODOXUSDT,SELL,LIMIT,1702260791132,5375,0.1428100
DODOXUSDT,SELL,LIMIT,1702260792266,37,0.1428180
DODOXUSDT,SELL,LIMIT,1702260793299,55,0.1427541
DODOXUSDT,SELL,LIMIT,1702260794440,849,0.1425877
DODOXUSDT,SELL,LIMIT,1702260796422,100,0.1429456
DODOXUSDT,SELL,LIMIT,1702260798488,101,0.1430541
DODOXUSDT,SELL,LIMIT,1702260800477,264,0.1431452
DODOXUSDT,SELL,LIMIT,1702260801763,7957,0.1433139
DODOXUSDT,SELL,LIMIT,1702260803539,42641,0.1431197
DODOXUSDT,SELL,LIMIT,1702260805403,597,0.1425580
DODOXUSDT,SELL,LIMIT,1702260806616,3378,0.1425657
DODOXUSDT,SELL,LIMIT,1702260807804,6000,0.1444219
DODOXUSDT,SELL,LIMIT,1702260808957,4816,0.1423867
DODOXUSDT,SELL,LIMIT,1702260810565,1903,0.1422624
DODOXUSDT,SELL,LIMIT,1702260811875,1287,0.1421372
DODOXUSDT,SELL,LIMIT,1702260813092,95459,0.1414198
DODOXUSDT,SELL,LIMIT,1702260814160,178,0.1405613
DODOXUSDT,SELL,LIMIT,1702260815178,24808,0.1438652
DODOXUSDT,SELL,LIMIT,1702260816233,17177,0.1401059
DODOXUSDT,SELL,LIMIT,1702260817684,597,0.1407397
DODOXUSDT,SELL,LIMIT,1702260818756,3147,0.1390481
DODOXUSDT,SELL,LIMIT,1702260832258,586,0.1382805
