Symbol,Side,Order Type,Time,Quantity,Price
DOGEUSDT,SELL,LIMIT,1700988680529,303,0.077767
DOGEUSDT,SELL,LIMIT,1700989593077,10622,0.077654
DOGEUSDT,SELL,LIMIT,1700989594101,4388,0.077660
DOGEUSDT,SELL,LIMIT,1700991053755,657,0.077643
DOGEUSDT,SELL,LIMIT,1700991071837,245,0.077615
DOGEUSDT,SELL,LIMIT,1700991073838,92,0.077602
DOGEUSDT,SELL,LIMIT,1700991176275,15568,0.077552
DOGEUSDT,SELL,LIMIT,1700991203133,35044,0.077535
DOGEUSDT,SELL,LIMIT,1700995550609,791,0.077487
DOGEUSDT,SELL,LIMIT,1700995582804,195,0.077478
DOGEUSDT,SELL,LIMIT,1700995592100,63759,0.077475
DOGEUSDT,SELL,LIMIT,1700995598628,1430,0.077470
DOGEUSDT,SELL,LIMIT,1700995655361,73,0.077426
DOGEUSDT,SELL,LIMIT,1700995657809,167,0.077423
DOGEUSDT,SELL,LIMIT,1700995659104,23718,0.077372
DOGEUSDT,SELL,LIMIT,1700995673126,191,0.077369
DOGEUSDT,SELL,LIMIT,1700996145330,13261,0.077365
DOGEUSDT,SELL,LIMIT,1700997157047,7141,0.077336
DOGEUSDT,SELL,LIMIT,1700998508820,953,0.077561
DOGEUSDT,SELL,LIMIT,1700999309113,71,0.077318
DOGEUSDT,SELL,LIMIT,1700999310186,46197,0.077307
DOGEUSDT,SELL,LIMIT,1700999318326,99,0.077295
DOGEUSDT,SELL,LIMIT,1700999320565,12199,0.077301
DOGEUSDT,SELL,LIMIT,1700999534495,74,0.077283
DOGEUSDT,SELL,LIMIT,1701000051784,50396,0.077356
DOGEUSDT,SELL,LIMIT,1701000443541,101,0.077280
DOGEUSDT,SELL,LIMIT,1701000448867,190,0.077272
DOGEUSDT,SELL,LIMIT,1701000538472,6518,0.077219
DOGEUSDT,SELL,LIMIT,1701000647324,920,0.077198
DOGEUSDT,SELL,LIMIT,1701000725394,44629,0.077231
DOGEUSDT,SELL,LIMIT,1701001502066,665,0.077269
DOGEUSDT,SELL,LIMIT,1701001503020,921,0.077192
DOGEUSDT,SELL,LIMIT,1701001504040,38256,0.077172
DOGEUSDT,SELL,LIMIT,1701002588062,9069,0.077493
DOGEUSDT,BUY,LIMIT,1701005081863,3381,0.077991
DOGEUSDT,SELL,LIMIT,1701005227404,255,0.077456
DOGEUSDT,SELL,LIMIT,1701008441304,17787,0.077133
DOGEUSDT,SELL,LIMIT,1701008445145,4787,0.077093
DOGEUSDT,SELL,LIMIT,1701008446836,6535,0.077105
DOGEUSDT,SELL,LIMIT,1701008448495,101,0.077076
DOGEUSDT,SELL,LIMIT,1701008451256,17905,0.077065
DOGEUSDT,SELL,LIMIT,1701009012699,5841,0.077040
DOGEUSDT,SELL,LIMIT,1701009014112,3742,0.077024
DOGEUSDT,SELL,LIMIT,1701009017886,6669,0.076984
DOGEUSDT,SELL,LIMIT,1701009019194,190,0.076977
DOGEUSDT,SELL,LIMIT,1701009262345,6484,0.076985
DOGEUSDT,SELL,LIMIT,1701009263596,791,0.076960
DOGEUSDT,SELL,LIMIT,1701009264977,3196,0.076876
DOGEUSDT,SELL,LIMIT,1701009270875,29062,0.076868
DOGEUSDT,SELL,LIMIT,1701009277572,44830,0.076853
DOGEUSDT,SELL,LIMIT,1701009279352,28512,0.076840
DOGEUSDT,SELL,LIMIT,1701009281856,8937,0.076815
DOGEUSDT,SELL,LIMIT,1701009283608,765,0.076810
DOGEUSDT,SELL,LIMIT,1701009284753,9000,0.076781
DOGEUSDT,SELL,LIMIT,1701009286296,2468,0.076774
DOGEUSDT,SELL,LIMIT,1701009287450,63307,0.076757
DOGEUSDT,SELL,LIMIT,1701009288590,2914,0.076748
DOGEUSDT,SELL,LIMIT,1701009290156,52233,0.076736
DOGEUSDT,SELL,LIMIT,1701010874859,50000,0.076871
DOGEUSDT,SELL,LIMIT,1701010913667,5128,0.076778
DOGEUSDT,SELL,LIMIT,1701012654413,1,0.130963
DOGEUSDT,SELL,LIMIT,1701013055152,2453,0.077363
DOGEUSDT,SELL,LIMIT,1701013992322,3000,0.076878
DOGEUSDT,SELL,LIMIT,1701013997515,2024,0.076859
DOGEUSDT,SELL,LIMIT,1701014019083,1913,0.076848
DOGEUSDT,SELL,LIMIT,1701014023621,115482,0.076822
DOGEUSDT,SELL,LIMIT,1701014046519,531,0.076836
DOGEUSDT,SELL,LIMIT,1701014411121,280,0.076969
DOGEUSDT,SELL,LIMIT,1701014921311,135,0.077024
DOGEUSDT,SELL,LIMIT,1701015331090,135,0.076956
DOGEUSDT,SELL,LIMIT,1701015601388,610,0.076830
DOGEUSDT,SELL,LIMIT,1701015644389,1292,0.076785
DOGEUSDT,BUY,LIMIT,1701015646595,226,0.076627
DOGEUSDT,SELL,LIMIT,1701015652049,9570,0.076787
DOGEUSDT,SELL,LIMIT,1701015668921,45877,0.076764
DOGEUSDT,SELL,LIMIT,1701015673685,60794,0.076694
DOGEUSDT,SELL,LIMIT,1701015675667,27469,0.076681
DOGEUSDT,SELL,LIMIT,1701015680380,81,0.076669
DOGEUSDT,SELL,LIMIT,1701015684237,268,0.076648
DOGEUSDT,SELL,LIMIT,1701015685077,3381,0.076625
DOGEUSDT,SELL,LIMIT,1701015686238,26900,0.076596
DOGEUSDT,SELL,LIMIT,1701015687068,18851,0.076560
DOGEUSDT,SELL,LIMIT,1701015688424,2388,0.076501
DOGEUSDT,SELL,LIMIT,1701015734201,4894,0.076499
DOGEUSDT,SELL,LIMIT,1701015743862,135,0.076478
DOGEUSDT,SELL,LIMIT,1701015746048,455,0.076442
DOGEUSDT,SELL,LIMIT,1701015747090,8800,0.076435
DOGEUSDT,SELL,LIMIT,1701015748244,4000,0.076399
DOGEUSDT,SELL,LIMIT,1701015751081,42872,0.076398
DOGEUSDT,SELL,LIMIT,1701015753829,594,0.076389
DOGEUSDT,SELL,LIMIT,1701015759507,3311,0.076377
DOGEUSDT,SELL,LIMIT,1701015760632,9685,0.076361
DOGEUSDT,SELL,LIMIT,1701015762360,126903,0.076311
DOGEUSDT,SELL,LIMIT,1701015764303,1587,0.076333
DOGEUSDT,SELL,LIMIT,1701015800119,7459,0.076333
DOGEUSDT,SELL,LIMIT,1701015801507,15590,0.076325
DOGEUSDT,SELL,LIMIT,1701015805924,3880,0.076311
DOGEUSDT,SELL,LIMIT,1701015806958,69583,0.076292
DOGEUSDT,SELL,LIMIT,1701015811049,9902,0.076258
DOGEUSDT,SELL,LIMIT,1701015812129,1287,0.076215
DOGEUSDT,SELL,LIMIT,1701015836053,45272,0.076158
DOGEUSDT,SELL,LIMIT,1701015837207,48806,0.076185
DOGEUSDT,SELL,LIMIT,1701015838523,368,0.076166
DOGEUSDT,SELL,LIMIT,1701015840311,9660,0.076144
DOGEUSDT,SELL,LIMIT,1701015841904,938,0.076140
DOGEUSDT,SELL,LIMIT,1701015873156,10406,0.076128
DOGEUSDT,SELL,LIMIT,1701015874158,780,0.076113
DOGEUSDT,SELL,LIMIT,1701015876082,14781,0.076082
DOGEUSDT,SELL,LIMIT,1701015877202,32582,0.076082
DOGEUSDT,SELL,LIMIT,1701015906431,10330,0.076062
DOGEUSDT,SELL,LIMIT,1701015908490,664,0.076043
DOGEUSDT,SELL,LIMIT,1701015917774,1209,0.076384
DOGEUSDT,SELL,LIMIT,1701016013860,173857,0.075989
DOGEUSDT,SELL,LIMIT,1701016015463,174856,0.075985
DOGEUSDT,SELL,LIMIT,1701016019224,128838,0.075979
DOGEUSDT,SELL,LIMIT,1701016020297,40740,0.075999
DOGEUSDT,SELL,LIMIT,1701016021777,278,0.075995
DOGEUSDT,SELL,LIMIT,1701016023134,109,0.075994
DOGEUSDT,SELL,LIMIT,1701016024416,6500,0.075983
DOGEUSDT,SELL,LIMIT,1701016026080,943,0.076042
DOGEUSDT,SELL,LIMIT,1701016027432,34494,0.075966
DOGEUSDT,SELL,LIMIT,1701016029522,646914,0.075827
DOGEUSDT,SELL,LIMIT,1701016030560,10691,0.075968
DOGEUSDT,SELL,LIMIT,1701016031440,18855,0.075892
DOGEUSDT,SELL,LIMIT,1701016032763,12823,0.075867
DOGEUSDT,SELL,LIMIT,1701016034162,13534,0.075841
DOGEUSDT,SELL,LIMIT,1701016035163,582061,0.075651
DOGEUSDT,SELL,LIMIT,1701016036340,63930,0.075774
DOGEUSDT,SELL,LIMIT,1701016037381,5719,0.075745
DOGEUSDT,SELL,LIMIT,1701016039056,8900,0.075716
DOGEUSDT,SELL,LIMIT,1701016042142,1935,0.075752
DOGEUSDT,SELL,LIMIT,1701016043230,11544,0.075704
DOGEUSDT,SELL,LIMIT,1701016044204,1170,0.075641
DOGEUSDT,SELL,LIMIT,1701016045071,11506,0.075628
DOGEUSDT,SELL,LIMIT,1701016045861,20139,0.075551
DOGEUSDT,SELL,LIMIT,1701016047059,20000,0.075542
DOGEUSDT,SELL,LIMIT,1701016047885,6585,0.075484
DOGEUSDT,SELL,LIMIT,1701016048807,10793,0.075496
DOGEUSDT,SELL,LIMIT,1701016049948,4493,0.075499
DOGEUSDT,SELL,LIMIT,1701016050963,24189,0.075477
DOGEUSDT,SELL,LIMIT,1701016076638,8159,0.075487
DOGEUSDT,SELL,LIMIT,1701016089201,51295,0.075477
DOGEUSDT,SELL,LIMIT,1701016093213,10389,0.075433
DOGEUSDT,SELL,LIMIT,1701016094279,39859,0.075462
DOGEUSDT,SELL,LIMIT,1701016095333,69,0.075418
DOGEUSDT,SELL,LIMIT,1701016098605,3577,0.075403
DOGEUSDT,SELL,LIMIT,1701016099871,702,0.075354
DOGEUSDT,SELL,LIMIT,1701016101294,173134,0.075249
DOGEUSDT,SELL,LIMIT,1701016102384,174807,0.075242
DOGEUSDT,SELL,LIMIT,1701016103256,320,0.075304
DOGEUSDT,SELL,LIMIT,1701016104157,22210,0.075700
DOGEUSDT,SELL,LIMIT,1701016105185,2263,0.075360
DOGEUSDT,SELL,LIMIT,1701017496963,2435,0.075886
DOGEUSDT,BUY,LIMIT,1701019998827,570,0.077133
DOGEUSDT,BUY,LIMIT,1701027397852,192,0.077269
DOGEUSDT,BUY,LIMIT,1701027555048,5476,0.077307
DOGEUSDT,BUY,LIMIT,1701028862941,465,0.077481
DOGEUSDT,BUY,LIMIT,1701030216492,48553,0.077608
DOGEUSDT,BUY,LIMIT,1701031180010,82707,0.077686
DOGEUSDT,BUY,LIMIT,1701031183400,12150,0.077672
DOGEUSDT,SELL,LIMIT,1701031252334,22355,0.076980
DOGEUSDT,SELL,LIMIT,1701031386684,500,0.076918
DOGEUSDT,BUY,LIMIT,1701031591456,6062,0.077733
DOGEUSDT,BUY,LIMIT,1701031592562,729,0.077744
DOGEUSDT,BUY,LIMIT,1701031599620,15070,0.077769
DOGEUSDT,BUY,LIMIT,1701031729141,4494,0.077875
DOGEUSDT,BUY,LIMIT,1701031746071,1690,0.077914
DOGEUSDT,BUY,LIMIT,1701031785435,1569,0.077984
DOGEUSDT,BUY,LIMIT,1701031803055,1000,0.078011
DOGEUSDT,BUY,LIMIT,1701037537294,65703,0.078045
DOGEUSDT,BUY,LIMIT,1701038094712,2243,0.078135
DOGEUSDT,BUY,LIMIT,1701038941825,48575,0.078190
DOGEUSDT,BUY,LIMIT,1701039078065,1218,0.078231
DOGEUSDT,BUY,LIMIT,1701039234417,651,0.078270
DOGEUSDT,BUY,LIMIT,1701039248161,416,0.078291
DOGEUSDT,BUY,LIMIT,1701039325917,300,0.078333
DOGEUSDT,BUY,LIMIT,1701041172244,21317,0.078564
DOGEUSDT,BUY,LIMIT,1701041173313,269,0.078538
DOGEUSDT,BUY,LIMIT,1701041277067,82610,0.078597
DOGEUSDT,BUY,LIMIT,1701041358004,1932,0.078617
DOGEUSDT,BUY,LIMIT,1701041408887,22902,0.078726
DOGEUSDT,BUY,LIMIT,1701041440169,2559,0.078848
DOGEUSDT,BUY,LIMIT,1701041450201,25221,0.078898
DOGEUSDT,BUY,LIMIT,1701041468396,12466,0.078908
DOGEUSDT,BUY,LIMIT,1701041474744,5918,0.078917
DOGEUSDT,BUY,LIMIT,1701041477423,6218,0.078958
DOGEUSDT,BUY,LIMIT,1701041574794,4003,0.079105
DOGEUSDT,BUY,LIMIT,1701041587336,1053,0.079147
DOGEUSDT,BUY,LIMIT,1701041600342,125749,0.079246
DOGEUSDT,BUY,LIMIT,1701041607034,2181,0.079241
DOGEUSDT,BUY,LIMIT,1701041621241,603,0.079263
DOGEUSDT,BUY,LIMIT,1701041631315,12252,0.079306
DOGEUSDT,SELL,LIMIT,1701043770318,622,0.078200
DOGEUSDT,BUY,LIMIT,1701044874094,3028,0.079368
DOGEUSDT,BUY,LIMIT,1701044934340,8844,0.079414
DOGEUSDT,BUY,LIMIT,1701044944201,5239,0.079509
DOGEUSDT,BUY,LIMIT,1701044945886,1451,0.079512
DOGEUSDT,BUY,LIMIT,1701045057284,73,0.079551
DOGEUSDT,BUY,LIMIT,1701045060382,2812,0.079589
DOGEUSDT,BUY,LIMIT,1701045535306,35903,0.079610
DOGEUSDT,BUY,LIMIT,1701045542506,9936,0.079637
DOGEUSDT,BUY,LIMIT,1701045547217,207,0.079689
DOGEUSDT,BUY,LIMIT,1701045553833,275,0.079701
DOGEUSDT,BUY,LIMIT,1701045556011,9203,0.079733
DOGEUSDT,BUY,LIMIT,1701045558111,17402,0.079765
DOGEUSDT,BUY,LIMIT,1701045580465,7234,0.079796
DOGEUSDT,BUY,LIMIT,1701045703970,28817,0.079830
DOGEUSDT,BUY,LIMIT,1701045710063,64,0.079842
DOGEUSDT,BUY,LIMIT,1701045712811,2818,0.079870
DOGEUSDT,BUY,LIMIT,1701045720880,63410,0.079911
DOGEUSDT,BUY,LIMIT,1701045748654,21387,0.079991
DOGEUSDT,BUY,LIMIT,1701045753442,4633,0.080003
DOGEUSDT,BUY,LIMIT,1701045755930,1690,0.080034
DOGEUSDT,BUY,LIMIT,1701045770218,5608,0.080088
DOGEUSDT,BUY,LIMIT,1701045771319,36194,0.080107
DOGEUSDT,BUY,LIMIT,1701045772552,130000,0.080155
DOGEUSDT,BUY,LIMIT,1701045778382,992,0.080137
DOGEUSDT,BUY,LIMIT,1701045784227,9636,0.080167
DOGEUSDT,BUY,LIMIT,1701045788066,2092,0.080165
DOGEUSDT,BUY,LIMIT,1701045789503,1758,0.080170
DOGEUSDT,BUY,LIMIT,1701045896991,17882,0.080206
DOGEUSDT,BUY,LIMIT,1701045938745,2255,0.080246
DOGEUSDT,BUY,LIMIT,1701045949353,22814,0.080282
DOGEUSDT,BUY,LIMIT,1701045950915,1049,0.080291
DOGEUSDT,BUY,LIMIT,1701046091285,12643,0.080389
DOGEUSDT,BUY,LIMIT,1701046278231,1259,0.080423
DOGEUSDT,BUY,LIMIT,1701046279297,364,0.080444
DOGEUSDT,BUY,LIMIT,1701046285018,1500,0.080506
DOGEUSDT,BUY,LIMIT,1701046287281,2978321,0.080866
DOGEUSDT,BUY,LIMIT,1701046290105,1975,0.080554
DOGEUSDT,BUY,LIMIT,1701046310194,1465,0.080565
DOGEUSDT,BUY,LIMIT,1701046377481,3176,0.080666
DOGEUSDT,BUY,LIMIT,1701046382621,650,0.080701
DOGEUSDT,BUY,LIMIT,1701046384441,536,0.080776
DOGEUSDT,BUY,LIMIT,1701046386005,50000,0.080777
DOGEUSDT,BUY,LIMIT,1701046393977,61372,0.080821
DOGEUSDT,BUY,LIMIT,1701046422732,231,0.080868
DOGEUSDT,BUY,LIMIT,1701046437753,268,0.080895
DOGEUSDT,SELL,LIMIT,1701046608407,1117,0.079358
DOGEUSDT,SELL,LIMIT,1701047179524,118,0.079073
DOGEUSDT,SELL,LIMIT,1701047392225,16457,0.078895
DOGEUSDT,SELL,LIMIT,1701047411703,2133,0.078809
DOGEUSDT,SELL,LIMIT,1701047501530,37617,0.078676
DOGEUSDT,SELL,LIMIT,1701048040200,81,0.078516
DOGEUSDT,SELL,LIMIT,1701048044438,27964,0.078508
DOGEUSDT,SELL,LIMIT,1701048045803,33257,0.078456
DOGEUSDT,SELL,LIMIT,1701048057002,45000,0.078395
DOGEUSDT,SELL,LIMIT,1701049058124,1377,0.078206
DOGEUSDT,SELL,LIMIT,1701050689681,224,0.078121
DOGEUSDT,SELL,LIMIT,1701050761926,18305,0.078112
DOGEUSDT,SELL,LIMIT,1701050771210,619,0.078067
DOGEUSDT,SELL,LIMIT,1701050789602,1143,0.078037
DOGEUSDT,SELL,LIMIT,1701050803051,4693,0.078027
DOGEUSDT,SELL,LIMIT,1701050833941,2736,0.078021
DOGEUSDT,SELL,LIMIT,1701050837179,947,0.077986
DOGEUSDT,SELL,LIMIT,1701050847062,700,0.077977
DOGEUSDT,SELL,LIMIT,1701051566241,124937,0.077921
DOGEUSDT,SELL,LIMIT,1701051570087,99,0.077925
DOGEUSDT,SELL,LIMIT,1701051846098,16571,0.077894
DOGEUSDT,SELL,LIMIT,1701051913612,2000,0.077865
DOGEUSDT,SELL,LIMIT,1701051920175,3725,0.077830
DOGEUSDT,SELL,LIMIT,1701051924577,3040,0.077822
DOGEUSDT,SELL,LIMIT,1701051938799,40903,0.077787
DOGEUSDT,SELL,LIMIT,1701051975796,1867,0.077724
DOGEUSDT,SELL,LIMIT,1701052283231,55775,0.077730
DOGEUSDT,SELL,LIMIT,1701052647475,8570,0.077670
DOGEUSDT,SELL,LIMIT,1701052741163,6160,0.077646
DOGEUSDT,SELL,LIMIT,1701052873014,2125,0.077575
DOGEUSDT,SELL,LIMIT,1701053045097,3154,0.077620
DOGEUSDT,SELL,LIMIT,1701053185170,121828,0.077483
DOGEUSDT,SELL,LIMIT,1701054472832,11503,0.077532
DOGEUSDT,SELL,LIMIT,1701054485393,530915,0.077354
DOGEUSDT,SELL,LIMIT,1701055480150,6443,0.077752
DOGEUSDT,SELL,LIMIT,1701055689987,11596,0.077605
DOGEUSDT,SELL,LIMIT,1701055753781,20000,0.077487
DOGEUSDT,SELL,LIMIT,1701056010306,1484,0.077464
DOGEUSDT,SELL,LIMIT,1701056017200,63515,0.077342
DOGEUSDT,SELL,LIMIT,1701056018456,7291,0.077362
DOGEUSDT,SELL,LIMIT,1701056044136,625,0.077322
DOGEUSDT,SELL,LIMIT,1701056045205,57284,0.077320
DOGEUSDT,SELL,LIMIT,1701056098041,5000,0.077292
DOGEUSDT,SELL,LIMIT,1701056106692,5007,0.077278
DOGEUSDT,SELL,LIMIT,1701056111451,7032,0.077253
DOGEUSDT,SELL,LIMIT,1701056146483,1872,0.077281
DOGEUSDT,SELL,LIMIT,1701056155050,635,0.077265
DOGEUSDT,BUY,LIMIT,1701056828452,7934,0.078656
DOGEUSDT,BUY,LIMIT,1701059614052,868,0.078906
DOGEUSDT,BUY,LIMIT,1701059657951,70,0.078919
DOGEUSDT,SELL,LIMIT,1701060479901,265,0.078851
DOGEUSDT,BUY,LIMIT,1701060542107,3551,0.079087
DOGEUSDT,BUY,LIMIT,1701060937030,464,0.079143
DOGEUSDT,BUY,LIMIT,1701060948355,649,0.079148
DOGEUSDT,BUY,LIMIT,1701060993349,9184,0.079188
DOGEUSDT,BUY,LIMIT,1701060996302,2100,0.079203
DOGEUSDT,BUY,LIMIT,1701061033372,5204,0.079235
DOGEUSDT,BUY,LIMIT,1701061183616,141,0.079379
DOGEUSDT,BUY,LIMIT,1701061208756,7890,0.079396
DOGEUSDT,BUY,LIMIT,1701061459802,1297,0.079553
DOGEUSDT,BUY,LIMIT,1701061559742,645,0.079669
DOGEUSDT,BUY,LIMIT,1701061563181,1804,0.079699
DOGEUSDT,BUY,LIMIT,1701061604502,7265,0.079796
DOGEUSDT,BUY,LIMIT,1701061607083,29583,0.079868
DOGEUSDT,BUY,LIMIT,1701061608150,6406,0.079890
DOGEUSDT,BUY,LIMIT,1701061621704,637,0.079944
DOGEUSDT,BUY,LIMIT,1701061627221,31804,0.079953
DOGEUSDT,BUY,LIMIT,1701061684750,78,0.080016
DOGEUSDT,BUY,LIMIT,1701064022916,1069,0.080147
