Symbol,Side,Order Type,Time,Quantity,Price
DOGEUSDT,SELL,LIMIT,1701065172223,3714,0.079745
DOGEUSDT,SELL,LIMIT,1701065173233,9595,0.079725
DOGEUSDT,BUY,LIMIT,1701065604869,1278,0.081178
DOGEUSDT,BUY,LIMIT,1701065656261,162,0.081259
DOGEUSDT,BUY,LIMIT,1701065668411,17451,0.081309
DOGEUSDT,BUY,LIMIT,1701065730294,17237,0.081383
DOGEUSDT,BUY,LIMIT,1701066164250,1159,0.081409
DOGEUSDT,BUY,LIMIT,1701066165276,13683,0.081416
DOGEUSDT,BUY,LIMIT,1701066170226,637,0.081472
DOGEUSDT,BUY,LIMIT,1701066195326,853,0.081549
DOGEUSDT,BUY,LIMIT,1701066197289,98109,0.081611
DOGEUSDT,BUY,LIMIT,1701066213329,274851,0.081763
DOGEUSDT,BUY,LIMIT,1701066214341,2918,0.081722
DOGEUSDT,BUY,LIMIT,1701066217279,996,0.081745
DOGEUSDT,BUY,LIMIT,1701066218487,1188,0.081780
DOGEUSDT,BUY,LIMIT,1701066221557,396,0.081792
DOGEUSDT,BUY,LIMIT,1701066222802,384,0.081816
DOGEUSDT,BUY,LIMIT,1701066229555,25824,0.081884
DOGEUSDT,SELL,LIMIT,1701066785901,13491,0.080392
DOGEUSDT,SELL,LIMIT,1701066988975,67,0.080300
DOGEUSDT,SELL,LIMIT,1701067290128,6287,0.080326
DOGEUSDT,BUY,LIMIT,1701067292552,16127,0.080909
DOGEUSDT,SELL,LIMIT,1701067366772,96,0.080162
DOGEUSDT,BUY,LIMIT,1701067552515,66297,0.080864
DOGEUSDT,SELL,LIMIT,1701067589375,10000,0.080185
DOGEUSDT,SELL,LIMIT,1701067607213,43831,0.080051
DOGEUSDT,SELL,LIMIT,1701068430730,720,0.080218
DOGEUSDT,BUY,LIMIT,1701068987757,19123,0.081568
DOGEUSDT,BUY,LIMIT,1701068997565,41197,0.081568
DOGEUSDT,BUY,LIMIT,1701069030882,118,0.081606
DOGEUSDT,BUY,LIMIT,1701069055351,8310,0.081761
DOGEUSDT,SELL,LIMIT,1701069196894,3,0.088168
DOGEUSDT,SELL,LIMIT,1701069395324,61409,0.080352
DOGEUSDT,SELL,LIMIT,1701069430892,5314,0.080332
DOGEUSDT,SELL,LIMIT,1701069515350,2890,0.080307
DOGEUSDT,SELL,LIMIT,1701069517780,1006,0.080284
DOGEUSDT,SELL,LIMIT,1701069535765,19114,0.080168
DOGEUSDT,SELL,LIMIT,1701069555074,6993,0.080275
DOGEUSDT,SELL,LIMIT,1701069571094,61409,0.080010
DOGEUSDT,SELL,LIMIT,1701069575249,13027,0.080792
DOGEUSDT,SELL,LIMIT,1701069636393,17033,0.079980
DOGEUSDT,SELL,LIMIT,1701069805670,7903,0.080445
DOGEUSDT,SELL,LIMIT,1701069819440,2625,0.079943
DOGEUSDT,SELL,LIMIT,1701069854235,3192,0.079893
DOGEUSDT,SELL,LIMIT,1701069859718,1837,0.079887
DOGEUSDT,SELL,LIMIT,1701069874354,8204,0.079850
DOGEUSDT,SELL,LIMIT,1701069882641,354,0.079822
DOGEUSDT,SELL,LIMIT,1701069885471,125,0.079792
DOGEUSDT,SELL,LIMIT,1701069887450,9275,0.079755
DOGEUSDT,SELL,LIMIT,1701069898366,3751,0.079725
DOGEUSDT,SELL,LIMIT,1701069916784,1221,0.079704
DOGEUSDT,SELL,LIMIT,1701070168558,12418,0.079687
DOGEUSDT,SELL,LIMIT,1701070169730,66,0.079671
DOGEUSDT,SELL,LIMIT,1701070171946,12370,0.079607
DOGEUSDT,SELL,LIMIT,1701070173387,16460,0.079561
DOGEUSDT,SELL,LIMIT,1701070433287,11458,0.079520
DOGEUSDT,SELL,LIMIT,1701070435560,3103,0.079494
DOGEUSDT,SELL,LIMIT,1701070436681,10551,0.079472
DOGEUSDT,SELL,LIMIT,1701070438289,8976,0.079417
DOGEUSDT,SELL,LIMIT,1701070439177,600,0.086836
DOGEUSDT,SELL,LIMIT,1701070440474,47408,0.079414
DOGEUSDT,SELL,LIMIT,1701070442142,710,0.079363
DOGEUSDT,SELL,LIMIT,1701070444409,18963,0.079372
DOGEUSDT,SELL,LIMIT,1701070849345,742,0.081759
DOGEUSDT,BUY,LIMIT,1701070900008,2642,0.081036
DOGEUSDT,BUY,LIMIT,1701070901530,7924,0.081067
DOGEUSDT,BUY,LIMIT,1701070930077,3578,0.081168
DOGEUSDT,BUY,LIMIT,1701070931323,658,0.081188
DOGEUSDT,BUY,LIMIT,1701070970203,4974,0.081337
DOGEUSDT,BUY,LIMIT,1701070974780,7831,0.081350
DOGEUSDT,BUY,LIMIT,1701070978378,1157,0.081389
DOGEUSDT,BUY,LIMIT,1701070989169,441,0.081411
DOGEUSDT,BUY,LIMIT,1701070991802,12380,0.081546
DOGEUSDT,BUY,LIMIT,1701071015437,2041,0.081627
DOGEUSDT,BUY,LIMIT,1701071510479,62095,0.081724
DOGEUSDT,BUY,LIMIT,1701074356476,120,0.080153
DOGEUSDT,BUY,LIMIT,1701074374207,217,0.081134
DOGEUSDT,SELL,LIMIT,1701074460139,24624,0.080130
DOGEUSDT,SELL,LIMIT,1701074461184,11909,0.080134
DOGEUSDT,SELL,LIMIT,1701074490242,61906,0.080085
DOGEUSDT,SELL,LIMIT,1701074495099,1203,0.080080
DOGEUSDT,SELL,LIMIT,1701074802170,15414,0.080041
DOGEUSDT,SELL,LIMIT,1701074805088,547,0.080031
DOGEUSDT,SELL,LIMIT,1701074807721,369,0.080036
DOGEUSDT,SELL,LIMIT,1701074839524,3969,0.080045
DOGEUSDT,SELL,LIMIT,1701074932525,25293,0.079995
DOGEUSDT,SELL,LIMIT,1701074938391,588,0.079975
DOGEUSDT,SELL,LIMIT,1701075349132,17828,0.079893
DOGEUSDT,SELL,LIMIT,1701075350268,101,0.079880
DOGEUSDT,SELL,LIMIT,1701075440705,87,0.079801
DOGEUSDT,SELL,LIMIT,1701076159325,7472,0.079754
DOGEUSDT,SELL,LIMIT,1701076170701,8901,0.079704
DOGEUSDT,SELL,LIMIT,1701076184092,62,0.079684
DOGEUSDT,SELL,LIMIT,1701076961310,49984,0.079705
DOGEUSDT,SELL,LIMIT,1701077010357,17665,0.079698
DOGEUSDT,SELL,LIMIT,1701077011727,5211,0.079649
DOGEUSDT,SELL,LIMIT,1701077039962,513,0.079616
DOGEUSDT,SELL,LIMIT,1701077057409,17171,0.079542
DOGEUSDT,SELL,LIMIT,1701077059457,1257,0.079537
DOGEUSDT,SELL,LIMIT,1701077063230,99923,0.079450
DOGEUSDT,BUY,LIMIT,1701077399082,13,0.080540
DOGEUSDT,SELL,LIMIT,1701078545694,5971,0.079447
DOGEUSDT,SELL,LIMIT,1701080044104,15961,0.079371
DOGEUSDT,SELL,LIMIT,1701080446793,26639,0.079334
DOGEUSDT,SELL,LIMIT,1701080482806,5613,0.079298
DOGEUSDT,SELL,LIMIT,1701080490188,10036,0.079193
DOGEUSDT,SELL,LIMIT,1701080508744,383,0.079177
DOGEUSDT,SELL,LIMIT,1701080531641,61793,0.079173
DOGEUSDT,SELL,LIMIT,1701080538440,664,0.079136
DOGEUSDT,SELL,LIMIT,1701080553569,1740,0.079124
DOGEUSDT,SELL,LIMIT,1701080560054,1330,0.079093
DOGEUSDT,SELL,LIMIT,1701080561200,5602,0.079081
DOGEUSDT,SELL,LIMIT,1701080657204,1646,0.079074
DOGEUSDT,SELL,LIMIT,1701080660203,2483,0.079050
DOGEUSDT,SELL,LIMIT,1701080662069,11298,0.079037
DOGEUSDT,SELL,LIMIT,1701080679013,60000,0.079033
DOGEUSDT,SELL,LIMIT,1701080680553,3380,0.079034
DOGEUSDT,SELL,LIMIT,1701080692173,2070,0.079013
DOGEUSDT,SELL,LIMIT,1701080695228,9725,0.079009
DOGEUSDT,SELL,LIMIT,1701080697751,927,0.079000
DOGEUSDT,SELL,LIMIT,1701080700504,699,0.078971
DOGEUSDT,SELL,LIMIT,1701080758698,3,0.079019
DOGEUSDT,SELL,LIMIT,1701080765676,19637,0.079035
DOGEUSDT,SELL,LIMIT,1701080874169,6266,0.078992
DOGEUSDT,SELL,LIMIT,1701081254038,2959,0.078925
DOGEUSDT,SELL,LIMIT,1701081255221,123894,0.078580
DOGEUSDT,SELL,LIMIT,1701081256548,20696,0.078442
DOGEUSDT,SELL,LIMIT,1701081258003,3820,0.078487
DOGEUSDT,SELL,LIMIT,1701081418891,4931,0.078626
DOGEUSDT,SELL,LIMIT,1701081428905,6033,0.078550
DOGEUSDT,SELL,LIMIT,1701081431406,9839,0.078519
DOGEUSDT,SELL,LIMIT,1701081435118,1202,0.078429
DOGEUSDT,SELL,LIMIT,1701081437147,9912,0.078407
DOGEUSDT,SELL,LIMIT,1701081438161,290686,0.078302
DOGEUSDT,SELL,LIMIT,1701081439429,62948,0.078371
DOGEUSDT,SELL,LIMIT,1701081448372,18302,0.078321
DOGEUSDT,SELL,LIMIT,1701081449464,470,0.078295
DOGEUSDT,SELL,LIMIT,1701081450996,10046,0.078253
DOGEUSDT,SELL,LIMIT,1701081452429,3897,0.078221
DOGEUSDT,SELL,LIMIT,1701081580032,51829,0.078314
DOGEUSDT,SELL,LIMIT,1701082062702,930,0.078172
DOGEUSDT,SELL,LIMIT,1701082440256,91,0.078128
DOGEUSDT,SELL,LIMIT,1701082442030,640,0.078129
DOGEUSDT,SELL,LIMIT,1701082494356,48526,0.078086
DOGEUSDT,SELL,LIMIT,1701082501241,1130,0.078073
DOGEUSDT,SELL,LIMIT,1701082671932,2901,0.077984
DOGEUSDT,SELL,LIMIT,1701082673299,3389,0.077978
DOGEUSDT,SELL,LIMIT,1701082674373,4552,0.077969
DOGEUSDT,SELL,LIMIT,1701082695663,2073,0.078047
DOGEUSDT,SELL,LIMIT,1701082697054,10732,0.077908
DOGEUSDT,SELL,LIMIT,1701082728100,3130,0.078231
DOGEUSDT,SELL,LIMIT,1701084931488,1380,0.078524
DOGEUSDT,BUY,LIMIT,1701085258246,13993,0.079391
DOGEUSDT,BUY,LIMIT,1701085410013,21562,0.079481
DOGEUSDT,BUY,LIMIT,1701085600303,2605,0.079541
DOGEUSDT,BUY,LIMIT,1701085610484,1199,0.079598
DOGEUSDT,BUY,LIMIT,1701085625646,88,0.079669
DOGEUSDT,BUY,LIMIT,1701085633768,1095,0.079724
DOGEUSDT,BUY,LIMIT,1701085745355,588,0.079784
DOGEUSDT,BUY,LIMIT,1701086486014,92,0.079662
DOGEUSDT,BUY,LIMIT,1701086572061,986,0.079851
DOGEUSDT,SELL,LIMIT,1701086705911,1277,0.078984
DOGEUSDT,SELL,LIMIT,1701086707135,49781,0.078956
DOGEUSDT,SELL,LIMIT,1701086717584,6119,0.078901
DOGEUSDT,BUY,LIMIT,1701088621265,15866,0.079281
DOGEUSDT,SELL,LIMIT,1701088994624,93,0.078330
DOGEUSDT,SELL,LIMIT,1701088996480,21624,0.078308
DOGEUSDT,SELL,LIMIT,1701089948264,4619,0.078267
DOGEUSDT,SELL,LIMIT,1701090017124,2486,0.078218
DOGEUSDT,SELL,LIMIT,1701090947829,1537,0.078459
DOGEUSDT,SELL,LIMIT,1701090974452,10425,0.078491
DOGEUSDT,SELL,LIMIT,1701091162512,6928,0.078334
DOGEUSDT,SELL,LIMIT,1701093107117,489,0.078196
DOGEUSDT,SELL,LIMIT,1701093111566,606,0.078177
DOGEUSDT,SELL,LIMIT,1701093115737,565,0.078142
DOGEUSDT,SELL,LIMIT,1701093119882,38446,0.078056
DOGEUSDT,SELL,LIMIT,1701093125694,1524,0.078051
DOGEUSDT,SELL,LIMIT,1701093127160,1264,0.078040
DOGEUSDT,SELL,LIMIT,1701093129197,219,0.078033
DOGEUSDT,SELL,LIMIT,1701093133967,62975,0.078002
DOGEUSDT,SELL,LIMIT,1701093135336,59581,0.077978
DOGEUSDT,SELL,LIMIT,1701093137130,2522,0.077959
DOGEUSDT,SELL,LIMIT,1701093138000,1701,0.077922
DOGEUSDT,SELL,LIMIT,1701093274271,1590,0.078722
DOGEUSDT,SELL,LIMIT,1701093963364,307,0.078652
DOGEUSDT,BUY,LIMIT,1701094359268,248,0.079503
DOGEUSDT,SELL,LIMIT,1701094854490,5292,0.078059
DOGEUSDT,SELL,LIMIT,1701094880191,654,0.077885
DOGEUSDT,SELL,LIMIT,1701094881404,18367,0.077892
DOGEUSDT,SELL,LIMIT,1701094883011,680,0.077863
DOGEUSDT,SELL,LIMIT,1701094966085,4383,0.077823
DOGEUSDT,SELL,LIMIT,1701094967168,516,0.077827
DOGEUSDT,SELL,LIMIT,1701094968229,1128,0.077810
DOGEUSDT,SELL,LIMIT,1701094969411,92,0.077762
DOGEUSDT,SELL,LIMIT,1701094981047,13436,0.077705
DOGEUSDT,SELL,LIMIT,1701094991244,46246,0.077651
DOGEUSDT,SELL,LIMIT,1701094992264,471300,0.077477
DOGEUSDT,SELL,LIMIT,1701094993314,126807,0.077586
DOGEUSDT,SELL,LIMIT,1701095465770,434,0.077748
DOGEUSDT,SELL,LIMIT,1701095546639,1584,0.077513
DOGEUSDT,SELL,LIMIT,1701095552037,399,0.077494
DOGEUSDT,SELL,LIMIT,1701095553721,4248,0.077483
DOGEUSDT,SELL,LIMIT,1701095556486,6335,0.077481
DOGEUSDT,SELL,LIMIT,1701095562338,25000,0.077534
DOGEUSDT,SELL,LIMIT,1701095563345,5980,0.077473
DOGEUSDT,SELL,LIMIT,1701095577264,14901,0.077461
DOGEUSDT,SELL,LIMIT,1701095589404,81600,0.077445
DOGEUSDT,SELL,LIMIT,1701095590955,962,0.077442
DOGEUSDT,BUY,LIMIT,1701095593217,2832,0.078235
DOGEUSDT,SELL,LIMIT,1701095595378,2243,0.077425
DOGEUSDT,SELL,LIMIT,1701095596440,12695,0.077418
DOGEUSDT,SELL,LIMIT,1701095597512,17723,0.077367
DOGEUSDT,SELL,LIMIT,1701095611690,63506,0.077436
DOGEUSDT,SELL,LIMIT,1701097023335,10984,0.077385
DOGEUSDT,SELL,LIMIT,1701097036956,1100,0.077343
DOGEUSDT,SELL,LIMIT,1701097037998,8462,0.077335
DOGEUSDT,SELL,LIMIT,1701097039268,50388,0.077327
DOGEUSDT,SELL,LIMIT,1701097068085,20918,0.077312
DOGEUSDT,SELL,LIMIT,1701097074127,57503,0.077316
DOGEUSDT,SELL,LIMIT,1701097085522,128683,0.077264
DOGEUSDT,SELL,LIMIT,1701097087061,24303,0.077296
DOGEUSDT,SELL,LIMIT,1701097088378,2251,0.077259
DOGEUSDT,SELL,LIMIT,1701097090092,46986,0.077230
DOGEUSDT,SELL,LIMIT,1701097091180,626566,0.077056
DOGEUSDT,SELL,LIMIT,1701097093039,4351,0.077115
DOGEUSDT,SELL,LIMIT,1701097094173,3280,0.077162
DOGEUSDT,SELL,LIMIT,1701097097067,1525,0.077061
DOGEUSDT,SELL,LIMIT,1701097098152,16414,0.077110
DOGEUSDT,SELL,LIMIT,1701097100164,7548,0.077014
DOGEUSDT,SELL,LIMIT,1701097101440,1268,0.077010
DOGEUSDT,SELL,LIMIT,1701097102995,211243,0.076913
DOGEUSDT,SELL,LIMIT,1701097105256,936,0.077153
DOGEUSDT,BUY,LIMIT,1701097868568,9636,0.078914
DOGEUSDT,BUY,LIMIT,1701098065391,14606,0.078961
DOGEUSDT,BUY,LIMIT,1701098165683,123,0.078993
DOGEUSDT,BUY,LIMIT,1701098172009,961,0.079021
DOGEUSDT,BUY,LIMIT,1701098284735,2652,0.079143
DOGEUSDT,BUY,LIMIT,1701098289720,1336,0.079171
DOGEUSDT,SELL,LIMIT,1701099185968,4041,0.077686
DOGEUSDT,SELL,LIMIT,1701099201503,3631,0.077652
DOGEUSDT,SELL,LIMIT,1701099785220,450,0.077521
DOGEUSDT,SELL,LIMIT,1701099796979,2096,0.077505
DOGEUSDT,SELL,LIMIT,1701099969370,849,0.077413
DOGEUSDT,SELL,LIMIT,1701100105680,1679,0.077298
DOGEUSDT,SELL,LIMIT,1701100127017,21664,0.077203
DOGEUSDT,SELL,LIMIT,1701100136897,3849,0.077200
DOGEUSDT,SELL,LIMIT,1701100161216,973,0.077158
DOGEUSDT,SELL,LIMIT,1701100215342,155,0.077110
DOGEUSDT,SELL,LIMIT,1701100216365,7062,0.077096
DOGEUSDT,SELL,LIMIT,1701100218377,5156,0.077041
DOGEUSDT,SELL,LIMIT,1701100219716,75,0.077018
DOGEUSDT,SELL,LIMIT,1701100221001,24753,0.077008
DOGEUSDT,SELL,LIMIT,1701100281867,353,0.077034
DOGEUSDT,SELL,LIMIT,1701100516342,2713,0.076976
DOGEUSDT,SELL,LIMIT,1701100530554,37966,0.076956
DOGEUSDT,SELL,LIMIT,1701100531878,34716,0.076915
DOGEUSDT,SELL,LIMIT,1701100534909,9914,0.076891
DOGEUSDT,SELL,LIMIT,1701100543562,58823,0.076917
DOGEUSDT,SELL,LIMIT,1701100552195,6178,0.076885
DOGEUSDT,SELL,LIMIT,1701100557207,88082,0.076836
DOGEUSDT,SELL,LIMIT,1701100558649,26180,0.076847
DOGEUSDT,SELL,LIMIT,1701100564490,181,0.076844
DOGEUSDT,SELL,LIMIT,1701100565639,1929,0.076819
DOGEUSDT,SELL,LIMIT,1701100566792,34530,0.076800
DOGEUSDT,SELL,LIMIT,1701100568335,30794,0.076790
DOGEUSDT,SELL,LIMIT,1701100570388,4948,0.076786
DOGEUSDT,SELL,LIMIT,1701100572508,140,0.080686
DOGEUSDT,SELL,LIMIT,1701100574244,11495,0.076764
DOGEUSDT,SELL,LIMIT,1701100575609,425,0.076738
DOGEUSDT,SELL,LIMIT,1701100576792,8300,0.076698
DOGEUSDT,SELL,LIMIT,1701100622315,3253,0.076748
DOGEUSDT,SELL,LIMIT,1701100623823,15255,0.076856
DOGEUSDT,SELL,LIMIT,1701100640517,6196,0.076651
DOGEUSDT,SELL,LIMIT,1701100642325,1285,0.076666
DOGEUSDT,SELL,LIMIT,1701100815121,9443,0.076795
DOGEUSDT,BUY,LIMIT,1701100935116,4864,0.077290
DOGEUSDT,SELL,LIMIT,1701101007837,127,0.076864
DOGEUSDT,SELL,LIMIT,1701101025730,1776,0.077237
DOGEUSDT,SELL,LIMIT,1701101051220,207,0.077045
DOGEUSDT,SELL,LIMIT,1701101060143,1287,0.076997
DOGEUSDT,SELL,LIMIT,1701101081081,1258,0.077010
DOGEUSDT,SELL,LIMIT,1701101140921,3701,0.076889
DOGEUSDT,BUY,LIMIT,1701101862323,278,0.078147
DOGEUSDT,SELL,LIMIT,1701102072998,1398,0.077495
DOGEUSDT,SELL,LIMIT,1701102085483,46028,0.077464
DOGEUSDT,BUY,LIMIT,1701103482476,43460,0.078361
DOGEUSDT,BUY,LIMIT,1701105098420,30764,0.078675
DOGEUSDT,BUY,LIMIT,1701105190810,1671,0.078759
DOGEUSDT,BUY,LIMIT,1701105877452,6297,0.078882
DOGEUSDT,BUY,LIMIT,1701109007266,4850,0.079001
DOGEUSDT,BUY,LIMIT,1701109163825,6672,0.079112
DOGEUSDT,BUY,LIMIT,1701109256565,12570,0.079132
DOGEUSDT,SELL,LIMIT,1701110619979,85,0.077933
DOGEUSDT,SELL,LIMIT,1701111073263,18888,0.078195
DOGEUSDT,SELL,LIMIT,1701111192118,73280,0.080093
DOGEUSDT,SELL,LIMIT,1701111199675,3310,0.077773
DOGEUSDT,SELL,LIMIT,1701111241548,2543,0.077756
DOGEUSDT,SELL,LIMIT,1701111555300,15340,0.077794
DOGEUSDT,SELL,LIMIT,1701111609510,81,0.077662
DOGEUSDT,SELL,LIMIT,1701111611084,2998,0.077642
DOGEUSDT,SELL,LIMIT,1701111636629,976,0.077707
DOGEUSDT,SELL,LIMIT,1701111991384,5000,0.077719
DOGEUSDT,SELL,LIMIT,1701112053577,1136,0.077612
DOGEUSDT,SELL,LIMIT,1701112054899,71,0.077583
DOGEUSDT,SELL,LIMIT,1701112080470,48511,0.077523
DOGEUSDT,SELL,LIMIT,1701112114301,18638,0.077460
DOGEUSDT,SELL,LIMIT,1701112134901,354078,0.077318
DOGEUSDT,SELL,LIMIT,1701112136614,392,0.077446
DOGEUSDT,SELL,LIMIT,1701112199694,186,0.077395
DOGEUSDT,SELL,LIMIT,1701112210653,2842,0.077390
DOGEUSDT,SELL,LIMIT,1701112212208,259,0.077387
DOGEUSDT,SELL,LIMIT,1701112390357,637,0.077366
DOGEUSDT,SELL,LIMIT,1701114140694,240,0.077334
DOGEUSDT,SELL,LIMIT,1701114147447,4622,0.077328
DOGEUSDT,SELL,LIMIT,1701114156442,87,0.077299
DOGEUSDT,SELL,LIMIT,1701114158908,275,0.077290
DOGEUSDT,SELL,LIMIT,1701114162517,640,0.077246
DOGEUSDT,SELL,LIMIT,1701114164122,216,0.077196
DOGEUSDT,SELL,LIMIT,1701114193483,30000,0.077508
DOGEUSDT,SELL,LIMIT,1701114222649,44420,0.077158
DOGEUSDT,SELL,LIMIT,1701114228449,3449,0.077147
DOGEUSDT,SELL,LIMIT,1701114229741,15494,0.077132
DOGEUSDT,SELL,LIMIT,1701114236319,270,0.077045
DOGEUSDT,SELL,LIMIT,1701114238108,34026,0.077007
DOGEUSDT,SELL,LIMIT,1701114255332,5644,0.076997
DOGEUSDT,SELL,LIMIT,1701114261902,1054,0.076942
DOGEUSDT,SELL,LIMIT,1701114263292,1880,0.077193
DOGEUSDT,SELL,LIMIT,1701114275250,741,0.076920
DOGEUSDT,SELL,LIMIT,1701114277618,1358,0.076898
DOGEUSDT,SELL,LIMIT,1701114278739,17485,0.076893
DOGEUSDT,SELL,LIMIT,1701114352152,2881,0.076826
DOGEUSDT,SELL,LIMIT,1701114353285,10436,0.076862
DOGEUSDT,SELL,LIMIT,1701114355215,526,0.076978
DOGEUSDT,SELL,LIMIT,1701114357276,23230,0.076815
DOGEUSDT,SELL,LIMIT,1701114456406,4535,0.076795
DOGEUSDT,SELL,LIMIT,1701114466865,155,0.076764
DOGEUSDT,SELL,LIMIT,1701114468452,4529,0.077014
DOGEUSDT,SELL,LIMIT,1701114471426,13043,0.076745
DOGEUSDT,SELL,LIMIT,1701114478148,17713,0.076712
DOGEUSDT,SELL,LIMIT,1701114490411,65,0.076685
DOGEUSDT,SELL,LIMIT,1701114491672,205176,0.076586
DOGEUSDT,SELL,LIMIT,1701114494248,625782,0.076525
DOGEUSDT,SELL,LIMIT,1701114495266,10002,0.076630
DOGEUSDT,SELL,LIMIT,1701114496405,953,0.076590
DOGEUSDT,BUY,LIMIT,1701115289409,5090,0.077973
DOGEUSDT,SELL,LIMIT,1701116869722,16626,0.076625
DOGEUSDT,SELL,LIMIT,1701116877003,6439,0.076622
DOGEUSDT,SELL,LIMIT,1701116891396,2472,0.076586
DOGEUSDT,SELL,LIMIT,1701116893518,9129,0.076568
DOGEUSDT,SELL,LIMIT,1701116905278,64449,0.076548
DOGEUSDT,SELL,LIMIT,1701116906707,516,0.076541
DOGEUSDT,SELL,LIMIT,1701116909084,3989,0.076527
DOGEUSDT,SELL,LIMIT,1701116910553,184002,0.076455
DOGEUSDT,SELL,LIMIT,1701116949195,295,0.076520
DOGEUSDT,SELL,LIMIT,1701116950336,7618,0.076456
DOGEUSDT,SELL,LIMIT,1701116951345,26118,0.076512
DOGEUSDT,SELL,LIMIT,1701116952399,5150,0.076437
DOGEUSDT,BUY,LIMIT,1701119929857,19500,0.077917
DOGEUSDT,BUY,LIMIT,1701119937242,100,0.077918
DOGEUSDT,SELL,LIMIT,1701121839567,2760,0.077143
DOGEUSDT,SELL,LIMIT,1701123156034,149,0.077326
DOGEUSDT,BUY,LIMIT,1701125078396,8517,0.078287
DOGEUSDT,BUY,LIMIT,1701125681277,4994,0.078340
DOGEUSDT,BUY,LIMIT,1701126098265,104,0.078416
DOGEUSDT,BUY,LIMIT,1701126642720,8544,0.078513
DOGEUSDT,BUY,LIMIT,1701126649123,2641,0.078561
DOGEUSDT,BUY,LIMIT,1701126974414,53994,0.078591
DOGEUSDT,BUY,LIMIT,1701127032602,16976,0.078646
DOGEUSDT,BUY,LIMIT,1701127402590,692,0.078675
DOGEUSDT,BUY,LIMIT,1701127459744,11302,0.078773
DOGEUSDT,BUY,LIMIT,1701127499488,9157,0.078840
DOGEUSDT,BUY,LIMIT,1701127931651,441,0.078858
DOGEUSDT,BUY,LIMIT,1701128045550,193,0.078884
DOGEUSDT,BUY,LIMIT,1701128086583,1588,0.078918
DOGEUSDT,BUY,LIMIT,1701128088349,3272,0.078928
DOGEUSDT,BUY,LIMIT,1701128398401,43440,0.078989
DOGEUSDT,BUY,LIMIT,1701128425922,2107,0.079020
DOGEUSDT,BUY,LIMIT,1701128831168,65,0.079050
DOGEUSDT,BUY,LIMIT,1701129578763,8345,0.079233
DOGEUSDT,BUY,LIMIT,1701130072583,25604,0.079392
DOGEUSDT,BUY,LIMIT,1701130090250,497,0.079501
DOGEUSDT,BUY,LIMIT,1701130091556,7818,0.079505
DOGEUSDT,BUY,LIMIT,1701130161617,323,0.079594
DOGEUSDT,BUY,LIMIT,1701130237887,6362,0.079630
DOGEUSDT,SELL,LIMIT,1701134247151,98,0.078189
DOGEUSDT,SELL,LIMIT,1701134488310,9466,0.078090
DOGEUSDT,SELL,LIMIT,1701134495294,3727,0.078092
DOGEUSDT,SELL,LIMIT,1701134585524,38641,0.078055
DOGEUSDT,SELL,LIMIT,1701134648080,40521,0.077944
DOGEUSDT,SELL,LIMIT,1701136974664,464,0.077763
DOGEUSDT,SELL,LIMIT,1701137022142,282,0.077707
DOGEUSDT,SELL,LIMIT,1701137024386,5060,0.077704
DOGEUSDT,SELL,LIMIT,1701137214867,4827,0.077593
DOGEUSDT,SELL,LIMIT,1701137216140,4705,0.077584
DOGEUSDT,SELL,LIMIT,1701137245458,4192,0.077531
DOGEUSDT,SELL,LIMIT,1701137484253,16425,0.077512
DOGEUSDT,SELL,LIMIT,1701137487916,6227,0.077494
DOGEUSDT,SELL,LIMIT,1701144180010,2538,0.077658
DOGEUSDT,SELL,LIMIT,1701144389393,10683,0.077644
DOGEUSDT,SELL,LIMIT,1701146059451,4581,0.077526
DOGEUSDT,SELL,LIMIT,1701146062361,557,0.077506
DOGEUSDT,SELL,LIMIT,1701146357982,38907,0.077466
DOGEUSDT,SELL,LIMIT,1701146542664,208,0.077381
DOGEUSDT,SELL,LIMIT,1701146543895,5885,0.077394
DOGEUSDT,SELL,LIMIT,1701146912411,18317,0.077304
DOGEUSDT,SELL,LIMIT,1701146917496,12248,0.077292
DOGEUSDT,SELL,LIMIT,1701147064354,1132,0.077241
DOGEUSDT,SELL,LIMIT,1701147065438,6437,0.077278
DOGEUSDT,SELL,LIMIT,1701147873719,71,0.077196
DOGEUSDT,SELL,LIMIT,1701147891409,77,0.077146
DOGEUSDT,SELL,LIMIT,1701147921073,56640,0.077122
DOGEUSDT,SELL,LIMIT,1701147923286,36856,0.077122
DOGEUSDT,SELL,LIMIT,1701147926628,18025,0.077087
DOGEUSDT,SELL,LIMIT,1701147931726,66,0.077072
DOGEUSDT,SELL,LIMIT,1701147943558,12079,0.077056
DOGEUSDT,SELL,LIMIT,1701148007931,511,0.077027
DOGEUSDT,SELL,LIMIT,1701148009120,10841,0.076945
DOGEUSDT,SELL,LIMIT,1701148128175,157675,0.076847
DOGEUSDT,SELL,LIMIT,1701148129969,7792,0.076870
DOGEUSDT,SELL,LIMIT,1701148136763,38022,0.076780
DOGEUSDT,SELL,LIMIT,1701148220920,598829,0.076603
DOGEUSDT,SELL,LIMIT,1701148223030,1414,0.076708
DOGEUSDT,SELL,LIMIT,1701148229713,13926,0.076699
DOGEUSDT,SELL,LIMIT,1701148231331,74,0.076701
DOGEUSDT,SELL,LIMIT,1701148242201,190,0.076685
DOGEUSDT,SELL,LIMIT,1701148941048,61904,0.076667
DOGEUSDT,SELL,LIMIT,1701148972237,2364,0.076713
DOGEUSDT,SELL,LIMIT,1701149030409,13390,0.076715
DOGEUSDT,SELL,LIMIT,1701149057555,3534,0.076675
DOGEUSDT,SELL,LIMIT,1701149061240,608,0.076675
DOGEUSDT,SELL,LIMIT,1701149067959,642405,0.076529
DOGEUSDT,SELL,LIMIT,1701149069807,7676,0.076659
DOGEUSDT,SELL,LIMIT,1701149732263,472,0.076729
DOGEUSDT,SELL,LIMIT,1701149772436,490,0.076692
DOGEUSDT,SELL,LIMIT,1701149830648,123819,0.076572
DOGEUSDT,SELL,LIMIT,1701149833038,6538,0.076697
DOGEUSDT,SELL,LIMIT,1701149834673,2558,0.076577
DOGEUSDT,SELL,LIMIT,1701149839542,3548,0.076563
DOGEUSDT,SELL,LIMIT,1701149849038,6470,0.076528
DOGEUSDT,SELL,LIMIT,1701149852022,26566,0.076511
DOGEUSDT,SELL,LIMIT,1701149853792,13907,0.076505
DOGEUSDT,SELL,LIMIT,1701149868396,118866,0.076451
DOGEUSDT,SELL,LIMIT,1701149870284,16026,0.076486
DOGEUSDT,SELL,LIMIT,1701149880067,253,0.076482
DOGEUSDT,SELL,LIMIT,1701149882276,31997,0.076445
DOGEUSDT,SELL,LIMIT,1701149883431,1677,0.076446
DOGEUSDT,SELL,LIMIT,1701149886591,3513,0.076409
DOGEUSDT,SELL,LIMIT,1701149888195,13163,0.076389
DOGEUSDT,SELL,LIMIT,1701149889357,530,0.076387
DOGEUSDT,SELL,LIMIT,1701149890404,8100,0.076378
DOGEUSDT,SELL,LIMIT,1701149892245,33953,0.076356
DOGEUSDT,SELL,LIMIT,1701149901002,20409,0.076337
DOGEUSDT,SELL,LIMIT,1701151236075,108007,0.076403
DOGEUSDT,SELL,LIMIT,1701151263534,7422,0.076414
DOGEUSDT,SELL,LIMIT,1701151268305,55620,0.076351
DOGEUSDT,SELL,LIMIT,1701151273582,32560,0.076327
DOGEUSDT,BUY,LIMIT,1701152366253,43565,0.077876
DOGEUSDT,BUY,LIMIT,1701153189023,4085,0.077891
DOGEUSDT,SELL,LIMIT,1701154333382,6372,0.076864
DOGEUSDT,SELL,LIMIT,1701155319443,65,0.077101
DOGEUSDT,SELL,LIMIT,1701155668774,7577,0.076781
DOGEUSDT,SELL,LIMIT,1701155798154,130,0.076835
DOGEUSDT,SELL,LIMIT,1701156383402,64384,0.076587
DOGEUSDT,SELL,LIMIT,1701156527453,1775,0.076539
DOGEUSDT,SELL,LIMIT,1701156561119,2222,0.076496
DOGEUSDT,SELL,LIMIT,1701156562354,86338,0.076479
DOGEUSDT,SELL,LIMIT,1701157917519,183,0.076826
DOGEUSDT,BUY,LIMIT,1701157985269,2643,0.077733
DOGEUSDT,SELL,LIMIT,1701161415985,3109,0.076675
DOGEUSDT,SELL,LIMIT,1701162090190,86,0.076505
DOGEUSDT,BUY,LIMIT,1701170200106,349,0.077962
DOGEUSDT,BUY,LIMIT,1701170591633,648,0.078069
DOGEUSDT,BUY,LIMIT,1701170723085,64833,0.078097
DOGEUSDT,BUY,LIMIT,1701170909159,306,0.078133
DOGEUSDT,BUY,LIMIT,1701170910273,64817,0.078137
DOGEUSDT,BUY,LIMIT,1701171107091,47364,0.078218
DOGEUSDT,BUY,LIMIT,1701171113720,92,0.078263
DOGEUSDT,BUY,LIMIT,1701172132109,93,0.078376
DOGEUSDT,BUY,LIMIT,1701172461090,892,0.078517
DOGEUSDT,BUY,LIMIT,1701172471285,82,0.078524
DOGEUSDT,SELL,LIMIT,1701172480351,1000,0.077751
DOGEUSDT,BUY,LIMIT,1701179650458,2576,0.078616
DOGEUSDT,BUY,LIMIT,1701179674626,4663,0.078640
DOGEUSDT,BUY,LIMIT,1701179750850,2594,0.078651
DOGEUSDT,BUY,LIMIT,1701179764939,17323,0.078685
DOGEUSDT,BUY,LIMIT,1701180727066,128,0.078970
DOGEUSDT,BUY,LIMIT,1701180728088,498,0.078823
DOGEUSDT,BUY,LIMIT,1701180743222,2568,0.079184
DOGEUSDT,BUY,LIMIT,1701180775112,15342,0.079298
DOGEUSDT,BUY,LIMIT,1701180799276,17226,0.079308
DOGEUSDT,BUY,LIMIT,1701180887753,1160,0.079412
DOGEUSDT,BUY,LIMIT,1701180997381,535,0.079508
DOGEUSDT,BUY,LIMIT,1701181002075,4000,0.079617
DOGEUSDT,BUY,LIMIT,1701181022174,576,0.079817
DOGEUSDT,BUY,LIMIT,1701181025084,794,0.079821
DOGEUSDT,BUY,LIMIT,1701181029294,6077,0.079842
DOGEUSDT,BUY,LIMIT,1701181065225,7844,0.079859
DOGEUSDT,BUY,LIMIT,1701181107092,2690,0.079931
DOGEUSDT,BUY,LIMIT,1701181129999,507,0.079976
DOGEUSDT,BUY,LIMIT,1701181187152,1753,0.080005
DOGEUSDT,BUY,LIMIT,1701181249205,1355,0.080227
DOGEUSDT,BUY,LIMIT,1701181251887,40801,0.080300
DOGEUSDT,SELL,LIMIT,1701181457009,946,0.078737
DOGEUSDT,SELL,LIMIT,1701181880637,64,0.078628
DOGEUSDT,BUY,LIMIT,1701181969545,5624,0.080129
DOGEUSDT,BUY,LIMIT,1701181970706,12271,0.080137
DOGEUSDT,BUY,LIMIT,1701183199385,5338,0.080377
DOGEUSDT,BUY,LIMIT,1701183201417,1018,0.080459
DOGEUSDT,BUY,LIMIT,1701183259095,15694,0.080538
DOGEUSDT,BUY,LIMIT,1701183260111,131410,0.080581
DOGEUSDT,BUY,LIMIT,1701183361556,10245,0.080755
DOGEUSDT,BUY,LIMIT,1701183446950,1237,0.080756
DOGEUSDT,SELL,LIMIT,1701183739223,5899,0.079167
DOGEUSDT,BUY,LIMIT,1701184033321,144,0.080594
DOGEUSDT,BUY,LIMIT,1701184039770,996,0.080717
DOGEUSDT,SELL,LIMIT,1701185373915,5188,0.079067
DOGEUSDT,SELL,LIMIT,1701185411095,4559,0.078988
DOGEUSDT,SELL,LIMIT,1701185485608,22082,0.078893
DOGEUSDT,SELL,LIMIT,1701185486959,175,0.078891
DOGEUSDT,SELL,LIMIT,1701185498697,67,0.078876
DOGEUSDT,SELL,LIMIT,1701185852246,818,0.078835
DOGEUSDT,SELL,LIMIT,1701185916706,20000,0.078834
DOGEUSDT,BUY,LIMIT,1701186358484,1279,0.080311
DOGEUSDT,BUY,LIMIT,1701186902725,521,0.080355
DOGEUSDT,BUY,LIMIT,1701186909839,9192,0.080353
DOGEUSDT,BUY,LIMIT,1701187210421,441,0.080416
DOGEUSDT,SELL,LIMIT,1701187260182,1079,0.079733
DOGEUSDT,BUY,LIMIT,1701187362626,3090,0.080613
DOGEUSDT,BUY,LIMIT,1701187524382,1255,0.080684
DOGEUSDT,BUY,LIMIT,1701187535325,4393,0.080700
DOGEUSDT,SELL,LIMIT,1701187807170,100,0.079860
DOGEUSDT,SELL,LIMIT,1701189647690,623,0.084903
DOGEUSDT,SELL,LIMIT,1701189800453,3875,0.080552
DOGEUSDT,BUY,LIMIT,1701189803703,2895,0.080510
DOGEUSDT,BUY,LIMIT,1701190287641,59014,0.080496
DOGEUSDT,SELL,LIMIT,1701191193806,3615,0.079231
DOGEUSDT,SELL,LIMIT,1701191247867,570,0.079191
DOGEUSDT,BUY,LIMIT,1701191775349,596,0.080637
DOGEUSDT,BUY,LIMIT,1701192021966,12932,0.080744
DOGEUSDT,BUY,LIMIT,1701192035878,42658,0.080788
DOGEUSDT,BUY,LIMIT,1701192071661,1319,0.080823
DOGEUSDT,BUY,LIMIT,1701192087213,16492,0.080862
DOGEUSDT,BUY,LIMIT,1701192137075,79,0.080906
DOGEUSDT,BUY,LIMIT,1701192141210,38080,0.081030
DOGEUSDT,BUY,LIMIT,1701192142275,12952,0.081171
DOGEUSDT,BUY,LIMIT,1701192150402,1577,0.081155
DOGEUSDT,BUY,LIMIT,1701192151892,6313,0.081187
DOGEUSDT,BUY,LIMIT,1701192153218,20657,0.081194
DOGEUSDT,BUY,LIMIT,1701194015392,377,0.081228
DOGEUSDT,BUY,LIMIT,1701194115707,92,0.081249
DOGEUSDT,BUY,LIMIT,1701196084193,6125,0.081331
DOGEUSDT,BUY,LIMIT,1701196141122,2602,0.081365
DOGEUSDT,SELL,LIMIT,1701196212836,66,0.080481
DOGEUSDT,SELL,LIMIT,1701197421507,9051,0.079764
DOGEUSDT,SELL,LIMIT,1701197424042,1236,0.079876
DOGEUSDT,SELL,LIMIT,1701197450233,14659,0.079602
DOGEUSDT,SELL,LIMIT,1701197451294,16659,0.079614
DOGEUSDT,SELL,LIMIT,1701197527112,185,0.079581
DOGEUSDT,SELL,LIMIT,1701197529042,124927,0.079496
DOGEUSDT,SELL,LIMIT,1701197539823,7103,0.079533
DOGEUSDT,SELL,LIMIT,1701197639083,72,0.079530
DOGEUSDT,BUY,LIMIT,1701197842035,1000,0.080509
DOGEUSDT,BUY,LIMIT,1701197853304,3114,0.080637
DOGEUSDT,BUY,LIMIT,1701197862395,31250,0.080641
DOGEUSDT,SELL,LIMIT,1701198260804,154,0.079869
DOGEUSDT,BUY,LIMIT,1701200474717,1897,0.080826
DOGEUSDT,SELL,LIMIT,1701200494052,2476,0.080189
DOGEUSDT,BUY,LIMIT,1701200518109,11498,0.080884
DOGEUSDT,BUY,LIMIT,1701204946480,69,0.081259
DOGEUSDT,BUY,LIMIT,1701204957098,573,0.081285
DOGEUSDT,BUY,LIMIT,1701205045199,740,0.081296
DOGEUSDT,SELL,LIMIT,1701207122828,1765,0.080703
DOGEUSDT,SELL,LIMIT,1701211896431,723,0.079885
DOGEUSDT,SELL,LIMIT,1701211906934,2052,0.079809
DOGEUSDT,SELL,LIMIT,1701211946212,3988,0.079744
DOGEUSDT,SELL,LIMIT,1701211949624,46897,0.079713
DOGEUSDT,SELL,LIMIT,1701212028159,127,0.079696
DOGEUSDT,SELL,LIMIT,1701212031708,191,0.079660
DOGEUSDT,SELL,LIMIT,1701212245398,541,0.079639
DOGEUSDT,BUY,LIMIT,1701215738174,3668,0.081300
DOGEUSDT,BUY,LIMIT,1701215774136,12528,0.081366
DOGEUSDT,BUY,LIMIT,1701215797708,53331,0.081404
DOGEUSDT,BUY,LIMIT,1701215802548,534,0.081431
DOGEUSDT,BUY,LIMIT,1701215803572,12264,0.081434
DOGEUSDT,BUY,LIMIT,1701215804700,64325,0.081509
DOGEUSDT,BUY,LIMIT,1701215823425,125,0.081526
DOGEUSDT,BUY,LIMIT,1701215826306,7520,0.081546
DOGEUSDT,BUY,LIMIT,1701215940780,37151,0.080936
DOGEUSDT,BUY,LIMIT,1701216131691,563,0.081559
DOGEUSDT,BUY,LIMIT,1701216134924,200,0.081574
DOGEUSDT,BUY,LIMIT,1701216137126,8822,0.081602
DOGEUSDT,BUY,LIMIT,1701218558936,576,0.081438
DOGEUSDT,BUY,LIMIT,1701218581053,13451,0.081492
DOGEUSDT,BUY,LIMIT,1701218724297,682,0.081506
DOGEUSDT,BUY,LIMIT,1701219641444,621,0.081310
DOGEUSDT,BUY,LIMIT,1701222271831,1219,0.081605
DOGEUSDT,SELL,LIMIT,1701223234064,10913,0.080381
DOGEUSDT,BUY,LIMIT,1701226449685,15,0.081042
DOGEUSDT,SELL,LIMIT,1701228385504,434,0.080011
DOGEUSDT,SELL,LIMIT,1701229074736,7670,0.079954
DOGEUSDT,SELL,LIMIT,1701229108102,136,0.079940
DOGEUSDT,BUY,LIMIT,1701235181732,643,0.081600
DOGEUSDT,BUY,LIMIT,1701235243593,5941,0.081629
DOGEUSDT,BUY,LIMIT,1701235245242,18605,0.081686
DOGEUSDT,BUY,LIMIT,1701235248746,330,0.081696
DOGEUSDT,BUY,LIMIT,1701235252830,23072,0.081698
DOGEUSDT,BUY,LIMIT,1701240234031,7340,0.081384
DOGEUSDT,BUY,LIMIT,1701240368974,151703,0.081550
DOGEUSDT,BUY,LIMIT,1701243250421,1107,0.081319
DOGEUSDT,BUY,LIMIT,1701243256306,12909,0.081099
DOGEUSDT,SELL,LIMIT,1701243421383,2796,0.080442
DOGEUSDT,BUY,LIMIT,1701245093601,17454,0.081285
DOGEUSDT,BUY,LIMIT,1701246125258,5024,0.081214
DOGEUSDT,BUY,LIMIT,1701246657209,67,0.081180
DOGEUSDT,BUY,LIMIT,1701247359925,1017,0.081364
DOGEUSDT,BUY,LIMIT,1701247825019,14050,0.081445
DOGEUSDT,BUY,LIMIT,1701247863806,18080,0.081445
DOGEUSDT,BUY,LIMIT,1701248262238,14070,0.081426
DOGEUSDT,BUY,LIMIT,1701248276588,2253,0.081439
DOGEUSDT,BUY,LIMIT,1701248346028,541,0.081372
DOGEUSDT,SELL,LIMIT,1701250261238,889,0.080117
DOGEUSDT,SELL,LIMIT,1701250269774,38528,0.080051
DOGEUSDT,SELL,LIMIT,1701250277942,1628,0.080028
DOGEUSDT,SELL,LIMIT,1701250281720,4449,0.080014
DOGEUSDT,SELL,LIMIT,1701250287280,4000,0.080008
DOGEUSDT,SELL,LIMIT,1701251675962,12501,0.079982
DOGEUSDT,SELL,LIMIT,1701252190269,18823,0.079922
DOGEUSDT,SELL,LIMIT,1701252192329,24063,0.079909
DOGEUSDT,SELL,LIMIT,1701252194154,2133,0.079899
DOGEUSDT,SELL,LIMIT,1701252199113,5468,0.079876
DOGEUSDT,SELL,LIMIT,1701252230886,93,0.079854
DOGEUSDT,SELL,LIMIT,1701253256234,6334,0.079849
DOGEUSDT,SELL,LIMIT,1701253303052,72,0.079842
DOGEUSDT,SELL,LIMIT,1701253304443,11235,0.079828
DOGEUSDT,SELL,LIMIT,1701253305549,17296,0.079826
DOGEUSDT,SELL,LIMIT,1701253413091,11129,0.079818
DOGEUSDT,SELL,LIMIT,1701253423496,236,0.079804
DOGEUSDT,SELL,LIMIT,1701253594976,82796,0.079760
DOGEUSDT,SELL,LIMIT,1701253609443,68,0.079723
DOGEUSDT,SELL,LIMIT,1701253614371,1461,0.079681
DOGEUSDT,SELL,LIMIT,1701253621184,289,0.079643
DOGEUSDT,SELL,LIMIT,1701253622515,311,0.079641
DOGEUSDT,SELL,LIMIT,1701253631682,437,0.079616
DOGEUSDT,SELL,LIMIT,1701254048364,123456,0.079635
DOGEUSDT,SELL,LIMIT,1701254341133,1734,0.079539
DOGEUSDT,SELL,LIMIT,1701254359180,40192,0.079495
DOGEUSDT,SELL,LIMIT,1701254361075,4638,0.079393
DOGEUSDT,SELL,LIMIT,1701254362230,25603,0.079431
DOGEUSDT,SELL,LIMIT,1701254404530,507,0.079422
DOGEUSDT,SELL,LIMIT,1701254408201,64018,0.079397
DOGEUSDT,SELL,LIMIT,1701254409440,11078,0.079378
DOGEUSDT,SELL,LIMIT,1701254412215,3189,0.079359
DOGEUSDT,SELL,LIMIT,1701254416051,22380,0.079345
DOGEUSDT,SELL,LIMIT,1701254417086,1768,0.079522
DOGEUSDT,SELL,LIMIT,1701254418487,96,0.079295
DOGEUSDT,SELL,LIMIT,1701254419949,47825,0.079291
DOGEUSDT,SELL,LIMIT,1701254430338,991,0.079292
DOGEUSDT,SELL,LIMIT,1701254702382,18862,0.079244
DOGEUSDT,SELL,LIMIT,1701254705864,48438,0.079207
DOGEUSDT,SELL,LIMIT,1701258418110,818,0.080227
DOGEUSDT,BUY,LIMIT,1701258807596,13557,0.080874
DOGEUSDT,BUY,LIMIT,1701258897415,50928,0.080914
DOGEUSDT,BUY,LIMIT,1701258911554,1124,0.080947
DOGEUSDT,BUY,LIMIT,1701258918329,85,0.080976
DOGEUSDT,BUY,LIMIT,1701259091784,1250,0.081018
DOGEUSDT,BUY,LIMIT,1701259135411,317,0.081052
DOGEUSDT,BUY,LIMIT,1701259145993,969,0.081117
DOGEUSDT,BUY,LIMIT,1701259159167,31724,0.081204
DOGEUSDT,BUY,LIMIT,1701259161692,612,0.081236
DOGEUSDT,BUY,LIMIT,1701259168469,5196,0.081275
DOGEUSDT,BUY,LIMIT,1701259173384,40466,0.081327
DOGEUSDT,BUY,LIMIT,1701259175083,153,0.081349
DOGEUSDT,BUY,LIMIT,1701259176619,3538,0.081421
DOGEUSDT,BUY,LIMIT,1701259181243,11998,0.081470
DOGEUSDT,BUY,LIMIT,1701259182365,680,0.081529
DOGEUSDT,BUY,LIMIT,1701259185446,19212,0.081532
DOGEUSDT,BUY,LIMIT,1701259186541,12517,0.081554
DOGEUSDT,BUY,LIMIT,1701259189096,2129,0.081583
DOGEUSDT,BUY,LIMIT,1701259191826,122471,0.081644
DOGEUSDT,BUY,LIMIT,1701259193058,21399,0.081628
DOGEUSDT,BUY,LIMIT,1701259196982,500,0.081673
DOGEUSDT,BUY,LIMIT,1701259197996,28847,0.081686
DOGEUSDT,BUY,LIMIT,1701259202063,876,0.081691
DOGEUSDT,BUY,LIMIT,1701259204332,94992,0.081813
DOGEUSDT,BUY,LIMIT,1701259205356,230,0.081801
DOGEUSDT,BUY,LIMIT,1701259206773,40000,0.081828
DOGEUSDT,BUY,LIMIT,1701259215204,933,0.081869
DOGEUSDT,BUY,LIMIT,1701259227719,1561,0.081881
DOGEUSDT,BUY,LIMIT,1701259239063,5883,0.081899
DOGEUSDT,BUY,LIMIT,1701259274292,4182,0.081938
DOGEUSDT,BUY,LIMIT,1701259279419,12340,0.081976
DOGEUSDT,BUY,LIMIT,1701259280434,637,0.081999
DOGEUSDT,BUY,LIMIT,1701259281759,513,0.082052
DOGEUSDT,BUY,LIMIT,1701259282854,7333,0.082069
DOGEUSDT,BUY,LIMIT,1701259284054,13096,0.082084
DOGEUSDT,BUY,LIMIT,1701259285129,1685,0.082104
DOGEUSDT,BUY,LIMIT,1701259308165,8631,0.082165
DOGEUSDT,BUY,LIMIT,1701259309304,126454,0.082207
DOGEUSDT,BUY,LIMIT,1701259310708,43068,0.082228
DOGEUSDT,BUY,LIMIT,1701259311736,6131,0.082243
DOGEUSDT,BUY,LIMIT,1701259312883,1992,0.082263
DOGEUSDT,BUY,LIMIT,1701259325158,62421,0.082276
DOGEUSDT,BUY,LIMIT,1701259326573,624,0.082290
DOGEUSDT,BUY,LIMIT,1701259342727,3000,0.082357
DOGEUSDT,BUY,LIMIT,1701259343975,1000000,0.082662
DOGEUSDT,BUY,LIMIT,1701259345336,42000,0.082430
DOGEUSDT,SELL,LIMIT,1701259457824,100,0.080839
DOGEUSDT,SELL,LIMIT,1701259459358,42072,0.080808
DOGEUSDT,SELL,LIMIT,1701259479215,926,0.080663
DOGEUSDT,SELL,LIMIT,1701259485324,728,0.080592
DOGEUSDT,SELL,LIMIT,1701259585205,8232,0.080528
DOGEUSDT,BUY,LIMIT,1701259876724,158,0.082276
DOGEUSDT,BUY,LIMIT,1701259880021,20415,0.082298
DOGEUSDT,BUY,LIMIT,1701259881064,8213,0.082303
DOGEUSDT,BUY,LIMIT,1701259944044,302,0.082495
DOGEUSDT,BUY,LIMIT,1701259946139,50412,0.082534
DOGEUSDT,BUY,LIMIT,1701259948083,12026,0.082576
DOGEUSDT,BUY,LIMIT,1701259949315,137468,0.082606
DOGEUSDT,BUY,LIMIT,1701259952207,268,0.082589
DOGEUSDT,BUY,LIMIT,1701259956047,32528,0.082635
DOGEUSDT,BUY,LIMIT,1701259959356,9750,0.082658
DOGEUSDT,BUY,LIMIT,1701260174167,79,0.082676
DOGEUSDT,BUY,LIMIT,1701260198193,44671,0.082764
DOGEUSDT,BUY,LIMIT,1701260199224,460,0.082762
DOGEUSDT,BUY,LIMIT,1701260218480,8662,0.082795
DOGEUSDT,BUY,LIMIT,1701260945112,1528,0.082822
DOGEUSDT,BUY,LIMIT,1701260948429,921,0.082843
DOGEUSDT,BUY,LIMIT,1701260954904,415,0.082874
DOGEUSDT,BUY,LIMIT,1701260956436,94156,0.082929
DOGEUSDT,BUY,LIMIT,1701260969766,6368,0.082909
DOGEUSDT,BUY,LIMIT,1701260971170,283,0.082940
DOGEUSDT,BUY,LIMIT,1701260972989,27618,0.082948
DOGEUSDT,BUY,LIMIT,1701260974937,74,0.082980
DOGEUSDT,BUY,LIMIT,1701260976139,163,0.083040
DOGEUSDT,BUY,LIMIT,1701260983859,2000,0.083076
DOGEUSDT,BUY,LIMIT,1701260991403,14827,0.083087
DOGEUSDT,BUY,LIMIT,1701260993252,8571,0.083091
DOGEUSDT,BUY,LIMIT,1701260994512,905,0.083092
DOGEUSDT,BUY,LIMIT,1701260996678,22427,0.083123
DOGEUSDT,BUY,LIMIT,1701261002442,17514,0.083148
DOGEUSDT,BUY,LIMIT,1701261006048,5000,0.083178
DOGEUSDT,BUY,LIMIT,1701261008077,1404,0.083182
DOGEUSDT,BUY,LIMIT,1701261721460,255216,0.083310
DOGEUSDT,BUY,LIMIT,1701261726065,21728,0.083217
DOGEUSDT,BUY,LIMIT,1701261977270,661,0.083266
DOGEUSDT,BUY,LIMIT,1701261978315,257,0.083271
DOGEUSDT,BUY,LIMIT,1701261999109,4721,0.083294
DOGEUSDT,BUY,LIMIT,1701262005584,9505,0.083336
DOGEUSDT,BUY,LIMIT,1701262006682,20000,0.083345
DOGEUSDT,BUY,LIMIT,1701262008454,5005,0.083376
DOGEUSDT,BUY,LIMIT,1701262027079,2289,0.083414
DOGEUSDT,BUY,LIMIT,1701262028874,752,0.083432
DOGEUSDT,BUY,LIMIT,1701262038126,118018,0.083500
DOGEUSDT,BUY,LIMIT,1701262042184,3017,0.083523
DOGEUSDT,BUY,LIMIT,1701262043524,21709,0.083519
DOGEUSDT,SELL,LIMIT,1701262538016,1486,0.081885
DOGEUSDT,SELL,LIMIT,1701262570811,59709,0.081768
DOGEUSDT,SELL,LIMIT,1701262612287,1198,0.081680
DOGEUSDT,SELL,LIMIT,1701262666065,6666,0.081666
DOGEUSDT,SELL,LIMIT,1701262770064,1029,0.081596
DOGEUSDT,SELL,LIMIT,1701262775465,1425,0.081556
DOGEUSDT,SELL,LIMIT,1701262813101,597,0.081540
DOGEUSDT,SELL,LIMIT,1701264198934,60983,0.081869
DOGEUSDT,SELL,LIMIT,1701264701547,28051,0.081858
DOGEUSDT,BUY,LIMIT,1701264864567,72,0.083011
DOGEUSDT,SELL,LIMIT,1701266384156,173,0.081606
DOGEUSDT,SELL,LIMIT,1701266390873,13948,0.081553
DOGEUSDT,SELL,LIMIT,1701266498035,1137,0.081486
DOGEUSDT,SELL,LIMIT,1701266549559,1679,0.081336
DOGEUSDT,SELL,LIMIT,1701266551973,63,0.081329
DOGEUSDT,SELL,LIMIT,1701266559970,159,0.081317
DOGEUSDT,BUY,LIMIT,1701266677339,736,0.082385
DOGEUSDT,SELL,LIMIT,1701267216999,9609,0.081242
DOGEUSDT,SELL,LIMIT,1701267221208,615,0.081237
DOGEUSDT,SELL,LIMIT,1701267250981,455,0.081205
DOGEUSDT,SELL,LIMIT,1701267252362,60569,0.081192
DOGEUSDT,SELL,LIMIT,1701267253862,389,0.081179
DOGEUSDT,SELL,LIMIT,1701267258901,393,0.081098
DOGEUSDT,SELL,LIMIT,1701267587176,6083,0.081065
DOGEUSDT,SELL,LIMIT,1701267588287,100,0.081004
DOGEUSDT,SELL,LIMIT,1701267589834,2578,0.080983
DOGEUSDT,SELL,LIMIT,1701267591509,415,0.080963
DOGEUSDT,SELL,LIMIT,1701267620472,8231,0.080951
DOGEUSDT,SELL,LIMIT,1701267791055,7798,0.080902
DOGEUSDT,SELL,LIMIT,1701267792078,1621,0.080859
DOGEUSDT,SELL,LIMIT,1701268099214,12099,0.081279
DOGEUSDT,SELL,LIMIT,1701268327243,548,0.080776
DOGEUSDT,SELL,LIMIT,1701268328289,35000,0.080776
DOGEUSDT,SELL,LIMIT,1701268330561,4394,0.080750
DOGEUSDT,SELL,LIMIT,1701268346201,16202,0.080762
DOGEUSDT,SELL,LIMIT,1701268376829,12862,0.080734
DOGEUSDT,SELL,LIMIT,1701268417324,61574,0.080707
DOGEUSDT,SELL,LIMIT,1701268421028,23075,0.080691
DOGEUSDT,SELL,LIMIT,1701268433243,1899,0.080669
DOGEUSDT,SELL,LIMIT,1701268454548,270910,0.080529
DOGEUSDT,SELL,LIMIT,1701269145714,72053,0.080599
DOGEUSDT,SELL,LIMIT,1701269146773,6084,0.080564
DOGEUSDT,SELL,LIMIT,1701269147910,7461,0.080548
DOGEUSDT,SELL,LIMIT,1701269152750,20561,0.080498
DOGEUSDT,SELL,LIMIT,1701269155170,41992,0.080481
DOGEUSDT,SELL,LIMIT,1701269158501,3645,0.080468
DOGEUSDT,SELL,LIMIT,1701269166179,38179,0.080445
DOGEUSDT,SELL,LIMIT,1701269167356,4109,0.080440
DOGEUSDT,SELL,LIMIT,1701269168374,810,0.080414
DOGEUSDT,SELL,LIMIT,1701269253474,68563,0.080386
DOGEUSDT,SELL,LIMIT,1701269259447,549,0.080380
DOGEUSDT,SELL,LIMIT,1701269265800,61416,0.080318
DOGEUSDT,SELL,LIMIT,1701269269543,465,0.080315
DOGEUSDT,SELL,LIMIT,1701269311318,323371,0.080183
DOGEUSDT,SELL,LIMIT,1701269335165,90,0.080278
DOGEUSDT,SELL,LIMIT,1701269336250,29173,0.080285
DOGEUSDT,SELL,LIMIT,1701269338316,4101,0.080269
DOGEUSDT,SELL,LIMIT,1701269706240,12193,0.080262
DOGEUSDT,SELL,LIMIT,1701269707595,27346,0.080230
DOGEUSDT,SELL,LIMIT,1701269714179,1622,0.080200
DOGEUSDT,SELL,LIMIT,1701270339216,55634,0.080289
DOGEUSDT,SELL,LIMIT,1701270446286,1745,0.080112
DOGEUSDT,SELL,LIMIT,1701270451070,43410,0.080093
DOGEUSDT,SELL,LIMIT,1701270452186,1500,0.080050
DOGEUSDT,SELL,LIMIT,1701270480266,9141,0.080102
DOGEUSDT,SELL,LIMIT,1701270546338,1360,0.080033
DOGEUSDT,SELL,LIMIT,1701270549360,103878,0.079971
DOGEUSDT,SELL,LIMIT,1701270557412,9929,0.079992
DOGEUSDT,SELL,LIMIT,1701270568946,312,0.079980
DOGEUSDT,SELL,LIMIT,1701270571139,123,0.079938
DOGEUSDT,SELL,LIMIT,1701270572469,31107,0.079864
DOGEUSDT,SELL,LIMIT,1701270573563,10000,0.079825
DOGEUSDT,SELL,LIMIT,1701270581845,400,0.079864
DOGEUSDT,SELL,LIMIT,1701270585358,1612,0.079819
DOGEUSDT,SELL,LIMIT,1701270616297,66920,0.079927
DOGEUSDT,SELL,LIMIT,1701270617293,2662,0.079770
DOGEUSDT,SELL,LIMIT,1701270618225,10000,0.079740
DOGEUSDT,SELL,LIMIT,1701270764642,1257,0.079986
DOGEUSDT,SELL,LIMIT,1701270842343,157,0.079854
DOGEUSDT,SELL,LIMIT,1701270920035,30357,0.079969
DOGEUSDT,SELL,LIMIT,1701274123718,13403,0.080038
DOGEUSDT,SELL,LIMIT,1701274125202,15316,0.079986
DOGEUSDT,SELL,LIMIT,1701274527415,9433,0.079729
DOGEUSDT,SELL,LIMIT,1701274529093,3459,0.079703
DOGEUSDT,SELL,LIMIT,1701274562323,99,0.079699
DOGEUSDT,SELL,LIMIT,1701274563396,6236,0.079698
DOGEUSDT,SELL,LIMIT,1701274592596,14180,0.079679
DOGEUSDT,SELL,LIMIT,1701274593692,61896,0.079665
DOGEUSDT,SELL,LIMIT,1701274600148,522,0.079647
DOGEUSDT,SELL,LIMIT,1701274767223,62143,0.079638
DOGEUSDT,SELL,LIMIT,1701275155462,10217,0.079612
DOGEUSDT,SELL,LIMIT,1701275156476,4217,0.079614
DOGEUSDT,SELL,LIMIT,1701275158436,942,0.079607
DOGEUSDT,SELL,LIMIT,1701275182195,200,0.079588
DOGEUSDT,SELL,LIMIT,1701275184550,262,0.079535
DOGEUSDT,SELL,LIMIT,1701275186568,1177,0.079525
DOGEUSDT,SELL,LIMIT,1701275433922,62,0.079680
DOGEUSDT,SELL,LIMIT,1701275517141,3099,0.079537
DOGEUSDT,SELL,LIMIT,1701275598063,66616,0.079482
DOGEUSDT,SELL,LIMIT,1701275834153,67968,0.079558
DOGEUSDT,SELL,LIMIT,1701275837752,61482,0.079420
DOGEUSDT,SELL,LIMIT,1701275839198,37515,0.079392
DOGEUSDT,SELL,LIMIT,1701275841129,1173,0.079384
DOGEUSDT,SELL,LIMIT,1701275842198,37050,0.079363
DOGEUSDT,SELL,LIMIT,1701275845094,109,0.079349
DOGEUSDT,BUY,LIMIT,1701278487317,91,0.081078
DOGEUSDT,BUY,LIMIT,1701278541939,730,0.081121
DOGEUSDT,BUY,LIMIT,1701278643870,2753,0.081251
DOGEUSDT,BUY,LIMIT,1701278881959,24891,0.081442
DOGEUSDT,BUY,LIMIT,1701278883276,4297,0.081466
DOGEUSDT,BUY,LIMIT,1701278894373,3245,0.081514
DOGEUSDT,BUY,LIMIT,1701278897442,1218,0.081520
DOGEUSDT,BUY,LIMIT,1701278904204,29854,0.081562
DOGEUSDT,BUY,LIMIT,1701278927372,1000,0.081583
DOGEUSDT,BUY,LIMIT,1701278947196,731,0.081605
DOGEUSDT,BUY,LIMIT,1701280865233,62383,0.081454
DOGEUSDT,BUY,LIMIT,1701281553110,9889,0.081699
DOGEUSDT,BUY,LIMIT,1701281561809,2866,0.081703
DOGEUSDT,BUY,LIMIT,1701281850756,260,0.081766
DOGEUSDT,BUY,LIMIT,1701281865846,745,0.081780
DOGEUSDT,SELL,LIMIT,1701282167236,5151,0.080852
DOGEUSDT,SELL,LIMIT,1701284836270,366,0.085684
DOGEUSDT,BUY,LIMIT,1701286975883,4047,0.081862
DOGEUSDT,BUY,LIMIT,1701287912750,18562,0.081875
DOGEUSDT,SELL,LIMIT,1701290086674,9779,0.080362
DOGEUSDT,SELL,LIMIT,1701290128039,61425,0.080357
DOGEUSDT,SELL,LIMIT,1701290151692,2451,0.080347
DOGEUSDT,SELL,LIMIT,1701290164106,33154,0.080308
DOGEUSDT,SELL,LIMIT,1701290178782,638,0.080283
DOGEUSDT,SELL,LIMIT,1701290342052,2418,0.080214
DOGEUSDT,SELL,LIMIT,1701290343834,103,0.080197
DOGEUSDT,SELL,LIMIT,1701290345184,74,0.080135
DOGEUSDT,SELL,LIMIT,1701290346273,2754,0.080164
DOGEUSDT,SELL,LIMIT,1701290348538,67,0.080077
DOGEUSDT,SELL,LIMIT,1701290354013,7489,0.080039
DOGEUSDT,SELL,LIMIT,1701292014233,1000,0.079993
DOGEUSDT,SELL,LIMIT,1701292016283,110317,0.079950
DOGEUSDT,SELL,LIMIT,1701300221918,40876,0.080257
DOGEUSDT,SELL,LIMIT,1701300266295,3926,0.080264
DOGEUSDT,BUY,LIMIT,1701303480270,748,0.081137
DOGEUSDT,BUY,LIMIT,1701304409575,1036,0.081460
DOGEUSDT,SELL,LIMIT,1701306236598,96,0.080437
DOGEUSDT,BUY,LIMIT,1701307405207,416,0.081571
DOGEUSDT,BUY,LIMIT,1701307407191,425,0.081642
DOGEUSDT,BUY,LIMIT,1701307856972,5427,0.081664
DOGEUSDT,BUY,LIMIT,1701308031270,890,0.081668
DOGEUSDT,BUY,LIMIT,1701308412081,122,0.081742
DOGEUSDT,BUY,LIMIT,1701308413391,1762,0.081759
DOGEUSDT,BUY,LIMIT,1701308936343,2030,0.081845
DOGEUSDT,BUY,LIMIT,1701311629578,182,0.081900
DOGEUSDT,BUY,LIMIT,1701311665079,1222,0.081998
DOGEUSDT,BUY,LIMIT,1701311666356,2545,0.082004
DOGEUSDT,BUY,LIMIT,1701311668102,4525,0.082027
DOGEUSDT,BUY,LIMIT,1701311998917,860,0.081917
DOGEUSDT,BUY,LIMIT,1701312567038,149,0.082044
DOGEUSDT,BUY,LIMIT,1701315464269,13724,0.081686
DOGEUSDT,BUY,LIMIT,1701315470291,6140,0.081606
DOGEUSDT,BUY,LIMIT,1701317429397,2695,0.082010
DOGEUSDT,BUY,LIMIT,1701317613836,1600,0.082059
DOGEUSDT,BUY,LIMIT,1701317759180,20827,0.082091
DOGEUSDT,BUY,LIMIT,1701317793156,62019,0.082176
DOGEUSDT,BUY,LIMIT,1701317803191,43682,0.082203
DOGEUSDT,BUY,LIMIT,1701317805293,14169,0.082211
DOGEUSDT,BUY,LIMIT,1701318179097,28787,0.082254
DOGEUSDT,BUY,LIMIT,1701318208891,322,0.082284
DOGEUSDT,BUY,LIMIT,1701318325018,37168,0.082313
DOGEUSDT,BUY,LIMIT,1701318326295,3328,0.082319
DOGEUSDT,SELL,LIMIT,1701321367791,21446,0.081322
DOGEUSDT,SELL,LIMIT,1701321460869,3052,0.081275
DOGEUSDT,SELL,LIMIT,1701322808165,12257,0.081083
DOGEUSDT,SELL,LIMIT,1701323734567,103,0.080860
DOGEUSDT,SELL,LIMIT,1701324221985,61064,0.080806
DOGEUSDT,SELL,LIMIT,1701324230191,822,0.080803
DOGEUSDT,SELL,LIMIT,1701329630151,3475,0.081363
DOGEUSDT,SELL,LIMIT,1701331588251,1000,0.081334
DOGEUSDT,SELL,LIMIT,1701331640084,1421,0.081311
DOGEUSDT,BUY,LIMIT,1701331744792,896,0.082145
DOGEUSDT,BUY,LIMIT,1701331856315,1134,0.082308
DOGEUSDT,BUY,LIMIT,1701332042926,1378,0.082427
DOGEUSDT,SELL,LIMIT,1701333113103,127,0.086857
DOGEUSDT,BUY,LIMIT,1701333141064,85,0.082571
DOGEUSDT,BUY,LIMIT,1701333142527,6174,0.082614
DOGEUSDT,BUY,LIMIT,1701333174140,70,0.082644
DOGEUSDT,BUY,LIMIT,1701333190357,73646,0.082659
DOGEUSDT,BUY,LIMIT,1701333192236,2437,0.082669
DOGEUSDT,BUY,LIMIT,1701333193241,11164,0.082659
DOGEUSDT,BUY,LIMIT,1701333194260,528,0.082799
DOGEUSDT,BUY,LIMIT,1701333199735,4053,0.082869
DOGEUSDT,BUY,LIMIT,1701333201114,5791,0.082920
DOGEUSDT,BUY,LIMIT,1701333202200,193,0.082942
DOGEUSDT,BUY,LIMIT,1701333203234,31277,0.082965
DOGEUSDT,BUY,LIMIT,1701333207141,2315,0.083066
DOGEUSDT,BUY,LIMIT,1701333208314,48592,0.083067
DOGEUSDT,BUY,LIMIT,1701333213360,2616,0.083194
DOGEUSDT,BUY,LIMIT,1701333214417,73,0.083192
DOGEUSDT,SELL,LIMIT,1701333495856,12421,0.081638
DOGEUSDT,SELL,LIMIT,1701333553065,13779,0.081531
DOGEUSDT,SELL,LIMIT,1701333555228,207,0.081504
DOGEUSDT,SELL,LIMIT,1701333644358,403,0.081444
DOGEUSDT,SELL,LIMIT,1701333649081,6683,0.081440
DOGEUSDT,SELL,LIMIT,1701333718532,790,0.081413
DOGEUSDT,SELL,LIMIT,1701334173678,37178,0.081087
DOGEUSDT,SELL,LIMIT,1701334182329,5000,0.081032
DOGEUSDT,SELL,LIMIT,1701334186194,61414,0.081015
DOGEUSDT,SELL,LIMIT,1701334189235,93234,0.080977
DOGEUSDT,SELL,LIMIT,1701334195038,1206,0.081002
DOGEUSDT,SELL,LIMIT,1701334204760,119916,0.080960
DOGEUSDT,BUY,LIMIT,1701336909186,17307,0.082453
DOGEUSDT,BUY,LIMIT,1701337099517,128,0.082546
DOGEUSDT,BUY,LIMIT,1701337104420,19627,0.082590
DOGEUSDT,BUY,LIMIT,1701337109304,3375,0.082652
DOGEUSDT,BUY,LIMIT,1701337110345,4914,0.082639
DOGEUSDT,SELL,LIMIT,1701342537290,20772,0.081139
DOGEUSDT,SELL,LIMIT,1701342539325,2586,0.081125
DOGEUSDT,BUY,LIMIT,1701345330274,50186,0.082115
DOGEUSDT,SELL,LIMIT,1701346365180,74,0.081101
DOGEUSDT,SELL,LIMIT,1701348660131,4858,0.081092
DOGEUSDT,SELL,LIMIT,1701348692711,3284,0.081072
DOGEUSDT,SELL,LIMIT,1701348694108,111,0.081069
DOGEUSDT,SELL,LIMIT,1701348710164,255,0.081034
DOGEUSDT,SELL,LIMIT,1701349278288,610,0.081156
DOGEUSDT,SELL,LIMIT,1701349396440,61282,0.081067
DOGEUSDT,BUY,LIMIT,1701349628126,575,0.082559
DOGEUSDT,SELL,LIMIT,1701349670176,13665,0.081344
DOGEUSDT,SELL,LIMIT,1701351352025,3311,0.081325
DOGEUSDT,BUY,LIMIT,1701351960546,317,0.082635
DOGEUSDT,BUY,LIMIT,1701351967920,1099,0.082673
DOGEUSDT,BUY,LIMIT,1701351970109,169,0.082753
DOGEUSDT,BUY,LIMIT,1701351971348,489,0.082785
DOGEUSDT,BUY,LIMIT,1701351975211,86,0.082809
DOGEUSDT,BUY,LIMIT,1701351976663,8377,0.082873
DOGEUSDT,BUY,LIMIT,1701351982132,3665,0.082910
DOGEUSDT,BUY,LIMIT,1701351983260,1904,0.082976
DOGEUSDT,BUY,LIMIT,1701351991236,3574,0.083038
DOGEUSDT,BUY,LIMIT,1701351993374,995,0.083053
DOGEUSDT,BUY,LIMIT,1701352018795,725,0.083255
DOGEUSDT,BUY,LIMIT,1701352020325,4528,0.083266
DOGEUSDT,BUY,LIMIT,1701352021712,3967,0.083285
DOGEUSDT,SELL,LIMIT,1701352201336,25851,0.081721
DOGEUSDT,SELL,LIMIT,1701352212323,60555,0.081678
DOGEUSDT,SELL,LIMIT,1701352289499,28162,0.081461
