Symbol,Side,Order Type,Time,Quantity,Price
DOGEUSDT,BUY,LIMIT,1701916419190,5170,0.097969
DOGEUSDT,SELL,LIMIT,1701917274058,1047,0.099634
DOGEUSDT,SELL,LIMIT,1701917573751,3643,0.096991
DOGEUSDT,BUY,LIMIT,1701918795674,77,0.097818
DOGEUSDT,BUY,LIMIT,1701918816154,7031,0.097995
DOGEUSDT,BUY,LIMIT,1701918831547,5760,0.098097
DOGEUSDT,BUY,LIMIT,1701918835186,3664,0.098120
DOGEUSDT,BUY,LIMIT,1701918837122,2946,0.098156
DOGEUSDT,BUY,LIMIT,1701918840202,537,0.098203
DOGEUSDT,BUY,LIMIT,1701918841236,40,0.098201
DOGEUSDT,BUY,LIMIT,1701921142054,2732,0.098236
DOGEUSDT,BUY,LIMIT,1701921145184,1757,0.098267
DOGEUSDT,BUY,LIMIT,1701921986681,51615,0.097755
DOGEUSDT,BUY,LIMIT,1701922073349,1601,0.097854
DOGEUSDT,BUY,LIMIT,1701923251728,4439,0.097671
DOGEUSDT,BUY,LIMIT,1701924209446,6427,0.098310
DOGEUSDT,BUY,LIMIT,1701924255613,932,0.098363
DOGEUSDT,BUY,LIMIT,1701924260131,7500,0.098369
DOGEUSDT,BUY,LIMIT,1701924263281,8481,0.098381
DOGEUSDT,BUY,LIMIT,1701924294034,217,0.098501
DOGEUSDT,BUY,LIMIT,1701924296360,5814,0.098513
DOGEUSDT,SELL,LIMIT,1701924304786,338,0.097545
DOGEUSDT,BUY,LIMIT,1701924351328,506,0.098550
DOGEUSDT,BUY,LIMIT,1701924353231,337,0.098583
DOGEUSDT,BUY,LIMIT,1701924354277,75,0.098575
DOGEUSDT,BUY,LIMIT,1701924356773,719,0.098737
DOGEUSDT,SELL,LIMIT,1701925030357,1943,0.096857
DOGEUSDT,SELL,LIMIT,1701925266151,4114,0.096826
DOGEUSDT,SELL,LIMIT,1701925274476,122,0.096814
DOGEUSDT,SELL,LIMIT,1701926210191,51521,0.096678
DOGEUSDT,BUY,LIMIT,1701926971748,1660,0.098376
DOGEUSDT,BUY,LIMIT,1701926993296,409,0.098477
DOGEUSDT,BUY,LIMIT,1701927621071,22504,0.098548
DOGEUSDT,BUY,LIMIT,1701927624955,206,0.098589
DOGEUSDT,SELL,LIMIT,1701929609462,2723,0.096780
DOGEUSDT,SELL,LIMIT,1701930102636,727,0.096472
DOGEUSDT,SELL,LIMIT,1701930939637,9577,0.096403
DOGEUSDT,SELL,LIMIT,1701931569112,813,0.097778
DOGEUSDT,SELL,LIMIT,1701931587490,177,0.096351
DOGEUSDT,BUY,LIMIT,1701931801899,51957,0.097010
DOGEUSDT,SELL,LIMIT,1701931803627,230,0.096316
DOGEUSDT,SELL,LIMIT,1701931804770,4298,0.096283
DOGEUSDT,SELL,LIMIT,1701931815438,1282,0.096181
DOGEUSDT,SELL,LIMIT,1701931834655,5177,0.096157
DOGEUSDT,SELL,LIMIT,1701931934062,290,0.096473
DOGEUSDT,SELL,LIMIT,1701932168042,1995,0.096103
DOGEUSDT,SELL,LIMIT,1701932169079,115,0.096085
DOGEUSDT,SELL,LIMIT,1701932172059,1432,0.096074
DOGEUSDT,BUY,LIMIT,1701933427853,25863,0.097920
DOGEUSDT,BUY,LIMIT,1701933434474,255,0.097937
DOGEUSDT,SELL,LIMIT,1701934333389,229,0.096655
DOGEUSDT,BUY,LIMIT,1701935720723,51733,0.097950
DOGEUSDT,BUY,LIMIT,1701935724271,4891,0.097981
DOGEUSDT,BUY,LIMIT,1701935755489,258,0.097991
DOGEUSDT,BUY,LIMIT,1701935764245,5609,0.098032
DOGEUSDT,BUY,LIMIT,1701935767496,4504,0.098105
DOGEUSDT,BUY,LIMIT,1701935779192,2250,0.098167
DOGEUSDT,BUY,LIMIT,1701935784911,5673,0.098184
DOGEUSDT,BUY,LIMIT,1701935787184,450,0.098212
DOGEUSDT,BUY,LIMIT,1701936328250,939,0.098287
DOGEUSDT,BUY,LIMIT,1701936332102,178,0.098315
DOGEUSDT,BUY,LIMIT,1701936364876,6517,0.098405
DOGEUSDT,BUY,LIMIT,1701936523255,281,0.098481
DOGEUSDT,SELL,LIMIT,1701936776702,22612,0.097034
DOGEUSDT,SELL,LIMIT,1701936915048,347,0.096420
DOGEUSDT,SELL,LIMIT,1701936922534,282,0.096373
DOGEUSDT,SELL,LIMIT,1701936923611,5605,0.096361
DOGEUSDT,SELL,LIMIT,1701936925404,1199,0.096353
DOGEUSDT,SELL,LIMIT,1701936967010,12527,0.096345
DOGEUSDT,SELL,LIMIT,1701936970437,208,0.096289
DOGEUSDT,SELL,LIMIT,1701936974402,16000,0.096264
DOGEUSDT,SELL,LIMIT,1701936978672,10901,0.096154
DOGEUSDT,SELL,LIMIT,1701937321194,7858,0.096109
DOGEUSDT,SELL,LIMIT,1701937322387,18632,0.096050
DOGEUSDT,SELL,LIMIT,1701937326362,50771,0.096033
DOGEUSDT,SELL,LIMIT,1701937327883,470,0.096000
DOGEUSDT,SELL,LIMIT,1701937329370,768,0.095989
DOGEUSDT,SELL,LIMIT,1701937342204,192470,0.095872
DOGEUSDT,SELL,LIMIT,1701937344510,10233,0.095904
DOGEUSDT,SELL,LIMIT,1701937350160,4422,0.095866
DOGEUSDT,SELL,LIMIT,1701937351411,2972,0.095851
DOGEUSDT,SELL,LIMIT,1701937352490,8554,0.095840
DOGEUSDT,SELL,LIMIT,1701937356817,1172,0.095859
DOGEUSDT,SELL,LIMIT,1701937395267,4348,0.095829
DOGEUSDT,SELL,LIMIT,1701937397180,38635,0.095801
DOGEUSDT,SELL,LIMIT,1701937398341,4796,0.095770
DOGEUSDT,SELL,LIMIT,1701937469184,4615,0.095714
DOGEUSDT,SELL,LIMIT,1701937470338,18904,0.095673
DOGEUSDT,SELL,LIMIT,1701937473243,61,0.095541
DOGEUSDT,SELL,LIMIT,1701937474385,6812,0.095536
DOGEUSDT,SELL,LIMIT,1701937480913,38525,0.095524
DOGEUSDT,SELL,LIMIT,1701937482092,52,0.095518
DOGEUSDT,SELL,LIMIT,1701937490234,14161,0.095445
DOGEUSDT,SELL,LIMIT,1701939112794,7686,0.095488
DOGEUSDT,SELL,LIMIT,1701939312447,43172,0.095481
DOGEUSDT,SELL,LIMIT,1701939314990,473,0.095855
DOGEUSDT,SELL,LIMIT,1701939322406,5462,0.095393
DOGEUSDT,SELL,LIMIT,1701939325107,275,0.095387
DOGEUSDT,SELL,LIMIT,1701939330364,421565,0.095209
DOGEUSDT,SELL,LIMIT,1701939336637,15574,0.095331
DOGEUSDT,SELL,LIMIT,1701939345050,103,0.095280
DOGEUSDT,SELL,LIMIT,1701939346161,3872,0.095264
DOGEUSDT,SELL,LIMIT,1701939358071,40440,0.095252
DOGEUSDT,SELL,LIMIT,1701939359426,14978,0.095212
DOGEUSDT,SELL,LIMIT,1701939361348,1882,0.095185
DOGEUSDT,SELL,LIMIT,1701939363695,36781,0.095174
DOGEUSDT,SELL,LIMIT,1701939365607,8063,0.095165
DOGEUSDT,SELL,LIMIT,1701939367828,525,0.095139
DOGEUSDT,SELL,LIMIT,1701939372134,25309,0.095119
DOGEUSDT,SELL,LIMIT,1701939374304,333,0.095108
DOGEUSDT,SELL,LIMIT,1701939376035,3280,0.095082
DOGEUSDT,SELL,LIMIT,1701939404538,1878,0.095083
DOGEUSDT,SELL,LIMIT,1701939451918,1628,0.095132
DOGEUSDT,SELL,LIMIT,1701939472185,211,0.095026
DOGEUSDT,SELL,LIMIT,1701939473772,3184,0.094983
DOGEUSDT,SELL,LIMIT,1701939475260,6771,0.094981
DOGEUSDT,SELL,LIMIT,1701939568433,10000,0.094923
DOGEUSDT,SELL,LIMIT,1701939569497,12988,0.094924
DOGEUSDT,SELL,LIMIT,1701939570566,23518,0.094896
DOGEUSDT,SELL,LIMIT,1701939571598,7670,0.094839
DOGEUSDT,SELL,LIMIT,1701939573562,40,0.094797
DOGEUSDT,SELL,LIMIT,1701939576041,3364,0.094791
DOGEUSDT,SELL,LIMIT,1701939942593,26134,0.095071
DOGEUSDT,SELL,LIMIT,1701939972965,21863,0.094834
DOGEUSDT,SELL,LIMIT,1701939999129,518,0.094973
DOGEUSDT,SELL,LIMIT,1701940046628,3500,0.094775
DOGEUSDT,SELL,LIMIT,1701940051989,953,0.094784
DOGEUSDT,SELL,LIMIT,1701940473831,28674,0.095123
DOGEUSDT,SELL,LIMIT,1701940535804,1304,0.095157
DOGEUSDT,SELL,LIMIT,1701940552288,1670,0.095035
DOGEUSDT,SELL,LIMIT,1701940554272,2768,0.094983
DOGEUSDT,SELL,LIMIT,1701940556192,790,0.095604
DOGEUSDT,SELL,LIMIT,1701940557468,10123,0.094929
DOGEUSDT,SELL,LIMIT,1701940559000,2427,0.094914
DOGEUSDT,SELL,LIMIT,1701940560145,55841,0.094818
DOGEUSDT,SELL,LIMIT,1701940561713,3591,0.094784
DOGEUSDT,SELL,LIMIT,1701940563002,500,0.094754
DOGEUSDT,SELL,LIMIT,1701940564131,9829,0.094734
DOGEUSDT,SELL,LIMIT,1701940565517,154,0.094727
DOGEUSDT,SELL,LIMIT,1701940567053,9597,0.094732
DOGEUSDT,SELL,LIMIT,1701940568054,8947,0.094655
DOGEUSDT,SELL,LIMIT,1701940569898,1419,0.095076
DOGEUSDT,SELL,LIMIT,1701940577149,1554,0.094642
DOGEUSDT,SELL,LIMIT,1701940579048,10450,0.094610
DOGEUSDT,SELL,LIMIT,1701940605366,831,0.096311
DOGEUSDT,SELL,LIMIT,1701940666521,3778,0.094589
DOGEUSDT,SELL,LIMIT,1701940668061,20805,0.094520
DOGEUSDT,SELL,LIMIT,1701940671738,3499,0.094502
DOGEUSDT,SELL,LIMIT,1701940673379,1023,0.094459
DOGEUSDT,SELL,LIMIT,1701940674427,5270,0.094445
DOGEUSDT,SELL,LIMIT,1701940675446,16297,0.094421
DOGEUSDT,SELL,LIMIT,1701941067272,4458,0.094575
DOGEUSDT,SELL,LIMIT,1701941074014,2054,0.094555
DOGEUSDT,SELL,LIMIT,1701941146709,68,0.094565
DOGEUSDT,SELL,LIMIT,1701941151302,264,0.094545
DOGEUSDT,SELL,LIMIT,1701941153214,7785,0.094542
DOGEUSDT,SELL,LIMIT,1701941155073,105713,0.094419
DOGEUSDT,SELL,LIMIT,1701941157262,7271,0.094406
DOGEUSDT,SELL,LIMIT,1701941159076,4744,0.094363
DOGEUSDT,SELL,LIMIT,1701941160148,800,0.094339
DOGEUSDT,SELL,LIMIT,1701941170138,14920,0.094327
DOGEUSDT,SELL,LIMIT,1701941174582,7982,0.094273
DOGEUSDT,SELL,LIMIT,1701941176498,7257,0.094253
DOGEUSDT,SELL,LIMIT,1701941179174,6526,0.094251
DOGEUSDT,SELL,LIMIT,1701941180546,2661,0.094254
DOGEUSDT,SELL,LIMIT,1701941181704,17081,0.094487
DOGEUSDT,SELL,LIMIT,1701941183161,508,0.094124
DOGEUSDT,SELL,LIMIT,1701941185244,2828306,0.093609
DOGEUSDT,SELL,LIMIT,1701941186256,3578,0.093920
DOGEUSDT,SELL,LIMIT,1701941187305,53164,0.093858
DOGEUSDT,SELL,LIMIT,1701941188336,1546,0.093786
DOGEUSDT,SELL,LIMIT,1701941189687,2205,0.093722
DOGEUSDT,SELL,LIMIT,1701941190738,493998,0.093506
DOGEUSDT,SELL,LIMIT,1701941192076,132,0.093655
DOGEUSDT,SELL,LIMIT,1701941193114,25319,0.093470
DOGEUSDT,SELL,LIMIT,1701941194166,4186,0.093483
DOGEUSDT,SELL,LIMIT,1701941206679,1662,0.093457
DOGEUSDT,SELL,LIMIT,1701941207691,232,0.093381
DOGEUSDT,SELL,LIMIT,1701941225132,119,0.093366
DOGEUSDT,SELL,LIMIT,1701941226210,18807,0.093288
DOGEUSDT,SELL,LIMIT,1701941228155,101611,0.093184
DOGEUSDT,SELL,LIMIT,1701941229307,630,0.093250
DOGEUSDT,SELL,LIMIT,1701941231940,3828,0.093232
DOGEUSDT,SELL,LIMIT,1701941233864,2468,0.093187
DOGEUSDT,SELL,LIMIT,1701941234876,485336,0.092918
DOGEUSDT,SELL,LIMIT,1701941236337,216,0.093072
DOGEUSDT,SELL,LIMIT,1701941237561,8954,0.093040
DOGEUSDT,SELL,LIMIT,1701941238660,2500,0.092951
DOGEUSDT,SELL,LIMIT,1701941239679,142816,0.092753
DOGEUSDT,SELL,LIMIT,1701941243226,16093,0.092841
DOGEUSDT,SELL,LIMIT,1701941244248,60940,0.092850
DOGEUSDT,SELL,LIMIT,1701941245294,2489,0.092826
DOGEUSDT,SELL,LIMIT,1701941246345,1928,0.092698
DOGEUSDT,SELL,LIMIT,1701941247383,1284,0.092713
DOGEUSDT,SELL,LIMIT,1701941255087,6573,0.092901
DOGEUSDT,SELL,LIMIT,1701941256313,31,0.092825
DOGEUSDT,BUY,LIMIT,1701941456264,1578,0.094714
DOGEUSDT,BUY,LIMIT,1701941461293,5504,0.094768
DOGEUSDT,BUY,LIMIT,1701941465644,133,0.094798
DOGEUSDT,BUY,LIMIT,1701941467252,709,0.094822
DOGEUSDT,BUY,LIMIT,1701941476582,69,0.094932
DOGEUSDT,BUY,LIMIT,1701941489505,53304,0.095031
DOGEUSDT,BUY,LIMIT,1701941548522,5967,0.095232
DOGEUSDT,BUY,LIMIT,1701941573277,6664,0.095296
DOGEUSDT,BUY,LIMIT,1701941766417,1590,0.095538
DOGEUSDT,BUY,LIMIT,1701942144280,117,0.095628
DOGEUSDT,BUY,LIMIT,1701942360933,914,0.095774
DOGEUSDT,BUY,LIMIT,1701942413496,17907,0.095877
DOGEUSDT,BUY,LIMIT,1701942415850,1951,0.095909
DOGEUSDT,BUY,LIMIT,1701942639471,89,0.095965
DOGEUSDT,BUY,LIMIT,1701942642070,204,0.095973
DOGEUSDT,BUY,LIMIT,1701942653310,293,0.096004
DOGEUSDT,SELL,LIMIT,1701943132166,2000,0.094766
DOGEUSDT,SELL,LIMIT,1701943547343,12641,0.094318
DOGEUSDT,SELL,LIMIT,1701943578074,647,0.094272
DOGEUSDT,SELL,LIMIT,1701943579380,7322,0.094271
DOGEUSDT,SELL,LIMIT,1701943580805,3789,0.094228
DOGEUSDT,SELL,LIMIT,1701943619939,27134,0.094207
DOGEUSDT,SELL,LIMIT,1701943623701,3139,0.094173
DOGEUSDT,SELL,LIMIT,1701943636305,299,0.094150
DOGEUSDT,SELL,LIMIT,1701943637842,10284,0.094139
DOGEUSDT,SELL,LIMIT,1701944097163,1970,0.094041
DOGEUSDT,SELL,LIMIT,1701944183512,51368,0.094014
DOGEUSDT,SELL,LIMIT,1701944302769,348,0.093969
DOGEUSDT,SELL,LIMIT,1701944337715,373,0.093915
DOGEUSDT,SELL,LIMIT,1701944345841,8639,0.093891
DOGEUSDT,SELL,LIMIT,1701944347810,159,0.093871
DOGEUSDT,SELL,LIMIT,1701944349134,52532,0.093844
DOGEUSDT,SELL,LIMIT,1701944375996,9493,0.093791
DOGEUSDT,SELL,LIMIT,1701944378843,5788,0.093774
DOGEUSDT,SELL,LIMIT,1701944380496,29158,0.093747
DOGEUSDT,SELL,LIMIT,1701944381915,1051,0.093730
DOGEUSDT,SELL,LIMIT,1701944393305,24625,0.093704
DOGEUSDT,SELL,LIMIT,1701946270530,245,0.093644
DOGEUSDT,SELL,LIMIT,1701946339918,1571,0.093552
DOGEUSDT,SELL,LIMIT,1701946343162,680,0.093546
DOGEUSDT,SELL,LIMIT,1701946344218,331,0.093529
DOGEUSDT,SELL,LIMIT,1701946350130,726,0.093428
DOGEUSDT,SELL,LIMIT,1701946351252,3765,0.093373
DOGEUSDT,SELL,LIMIT,1701946429329,52769,0.093307
DOGEUSDT,SELL,LIMIT,1701946611731,52938,0.093381
DOGEUSDT,SELL,LIMIT,1701947163482,39320,0.093293
DOGEUSDT,SELL,LIMIT,1701947168838,1626,0.093260
DOGEUSDT,SELL,LIMIT,1701947241796,597,0.093245
DOGEUSDT,SELL,LIMIT,1701947242953,5718,0.093238
DOGEUSDT,BUY,LIMIT,1701947866457,876,0.095145
DOGEUSDT,BUY,LIMIT,1701948111357,11714,0.095153
DOGEUSDT,BUY,LIMIT,1701948114429,1130,0.095203
DOGEUSDT,BUY,LIMIT,1701948141613,2849,0.095246
DOGEUSDT,BUY,LIMIT,1701948149840,3044,0.095317
DOGEUSDT,BUY,LIMIT,1701948159529,13931,0.095363
DOGEUSDT,BUY,LIMIT,1701948168622,15945,0.095364
DOGEUSDT,BUY,LIMIT,1701948211655,4340,0.095388
DOGEUSDT,BUY,LIMIT,1701948217092,165,0.095427
DOGEUSDT,BUY,LIMIT,1701948227927,26522,0.095461
DOGEUSDT,BUY,LIMIT,1701948290561,19522,0.095496
DOGEUSDT,BUY,LIMIT,1701948300620,5898,0.095520
DOGEUSDT,SELL,LIMIT,1701949194208,2887,0.093730
DOGEUSDT,SELL,LIMIT,1701949204440,8030,0.093685
DOGEUSDT,SELL,LIMIT,1701949206211,667,0.093664
DOGEUSDT,SELL,LIMIT,1701949217347,4048,0.093629
DOGEUSDT,SELL,LIMIT,1701949662866,31635,0.093809
DOGEUSDT,SELL,LIMIT,1701949717264,626,0.093700
DOGEUSDT,BUY,LIMIT,1701950353957,494,0.095090
DOGEUSDT,SELL,LIMIT,1701950638850,500,0.093749
DOGEUSDT,SELL,LIMIT,1701951220069,4675,0.093931
DOGEUSDT,BUY,LIMIT,1701951225690,2015,0.094480
DOGEUSDT,SELL,LIMIT,1701951233542,850,0.093802
DOGEUSDT,BUY,LIMIT,1701951324769,2245,0.094882
DOGEUSDT,SELL,LIMIT,1701951373658,67,0.094038
DOGEUSDT,SELL,LIMIT,1701951791797,449,0.093728
DOGEUSDT,SELL,LIMIT,1701951902912,12616,0.093539
DOGEUSDT,SELL,LIMIT,1701951916180,6971,0.093498
DOGEUSDT,BUY,LIMIT,1701952314101,12088,0.095362
DOGEUSDT,BUY,LIMIT,1701952346177,153,0.095439
DOGEUSDT,SELL,LIMIT,1701952477716,502,0.094187
DOGEUSDT,SELL,LIMIT,1701953360051,4849,0.094545
DOGEUSDT,BUY,LIMIT,1701953362154,463,0.095510
DOGEUSDT,BUY,LIMIT,1701953378208,538,0.095528
DOGEUSDT,BUY,LIMIT,1701953389679,4297,0.095558
DOGEUSDT,BUY,LIMIT,1701953417933,82,0.095641
DOGEUSDT,BUY,LIMIT,1701953441546,2830,0.095565
DOGEUSDT,BUY,LIMIT,1701953568353,3704,0.095672
DOGEUSDT,BUY,LIMIT,1701953861030,13165,0.095782
DOGEUSDT,BUY,LIMIT,1701953864009,23736,0.095803
DOGEUSDT,BUY,LIMIT,1701954122508,1138,0.096036
DOGEUSDT,BUY,LIMIT,1701954129114,8728,0.096112
DOGEUSDT,BUY,LIMIT,1701954141339,1829,0.096147
DOGEUSDT,BUY,LIMIT,1701954155644,323,0.094372
DOGEUSDT,BUY,LIMIT,1701954216172,870,0.096158
DOGEUSDT,SELL,LIMIT,1701954860082,471,0.094356
DOGEUSDT,SELL,LIMIT,1701956046000,4605,0.094192
DOGEUSDT,SELL,LIMIT,1701956558359,3118,0.094156
DOGEUSDT,SELL,LIMIT,1701956572965,2920,0.094088
DOGEUSDT,SELL,LIMIT,1701956609320,4540,0.093988
DOGEUSDT,SELL,LIMIT,1701956627379,283,0.093952
DOGEUSDT,SELL,LIMIT,1701956884812,94,0.093830
DOGEUSDT,SELL,LIMIT,1701956897920,5088,0.093780
DOGEUSDT,SELL,LIMIT,1701956907123,52626,0.093743
DOGEUSDT,SELL,LIMIT,1701957023021,4510,0.093677
DOGEUSDT,SELL,LIMIT,1701957040356,43743,0.093635
DOGEUSDT,SELL,LIMIT,1701957043583,9881,0.093623
DOGEUSDT,SELL,LIMIT,1701957047511,15240,0.093604
DOGEUSDT,SELL,LIMIT,1701957100503,53,0.093589
DOGEUSDT,SELL,LIMIT,1701957104639,11467,0.093545
DOGEUSDT,BUY,LIMIT,1701959313052,792,0.095437
DOGEUSDT,BUY,LIMIT,1701959316845,20226,0.095449
DOGEUSDT,BUY,LIMIT,1701959485345,111,0.094244
DOGEUSDT,SELL,LIMIT,1701959501574,1778,0.094502
DOGEUSDT,SELL,LIMIT,1701959652287,4879,0.094465
DOGEUSDT,BUY,LIMIT,1701959730494,755,0.095475
DOGEUSDT,BUY,LIMIT,1701959741158,2112,0.095494
DOGEUSDT,BUY,LIMIT,1701959796824,250,0.095661
DOGEUSDT,BUY,LIMIT,1701959801139,5773,0.095707
DOGEUSDT,SELL,LIMIT,1701960343283,43516,0.093964
DOGEUSDT,BUY,LIMIT,1701961281526,33105,0.095832
DOGEUSDT,SELL,LIMIT,1701961291548,205040,0.094847
DOGEUSDT,BUY,LIMIT,1701961307072,3913,0.095836
DOGEUSDT,BUY,LIMIT,1701961311191,43,0.095874
DOGEUSDT,BUY,LIMIT,1701961405172,911,0.095945
DOGEUSDT,BUY,LIMIT,1701961406442,907,0.096001
DOGEUSDT,BUY,LIMIT,1701961443948,180,0.096097
DOGEUSDT,SELL,LIMIT,1701961622762,4445,0.094809
DOGEUSDT,BUY,LIMIT,1701961921162,9387,0.095477
DOGEUSDT,BUY,LIMIT,1701962230698,16457,0.096145
DOGEUSDT,BUY,LIMIT,1701962239379,54521,0.096165
DOGEUSDT,BUY,LIMIT,1701962248058,62,0.096194
DOGEUSDT,BUY,LIMIT,1701962276314,585,0.096247
DOGEUSDT,BUY,LIMIT,1701962277443,24172,0.096242
DOGEUSDT,BUY,LIMIT,1701962402293,5398,0.096290
DOGEUSDT,BUY,LIMIT,1701962407420,2806,0.096308
DOGEUSDT,BUY,LIMIT,1701962408817,27041,0.096347
DOGEUSDT,BUY,LIMIT,1701962461485,3951,0.096358
DOGEUSDT,BUY,LIMIT,1701962490196,2367,0.096445
DOGEUSDT,BUY,LIMIT,1701962520478,3567,0.096467
DOGEUSDT,BUY,LIMIT,1701962522168,17846,0.096529
DOGEUSDT,BUY,LIMIT,1701962599165,970,0.096624
DOGEUSDT,BUY,LIMIT,1701962601277,1157,0.096646
DOGEUSDT,BUY,LIMIT,1701962603052,7960,0.096656
DOGEUSDT,BUY,LIMIT,1701962625823,295,0.096690
DOGEUSDT,BUY,LIMIT,1701962637444,1363,0.096698
DOGEUSDT,BUY,LIMIT,1701962642328,3107,0.095476
DOGEUSDT,BUY,LIMIT,1701962686373,2253,0.096711
DOGEUSDT,BUY,LIMIT,1701962709733,539,0.096751
DOGEUSDT,BUY,LIMIT,1701962725293,10311,0.096775
DOGEUSDT,BUY,LIMIT,1701962726951,174,0.096814
DOGEUSDT,BUY,LIMIT,1701962771065,53,0.096843
DOGEUSDT,BUY,LIMIT,1701962775464,85,0.096875
DOGEUSDT,BUY,LIMIT,1701962778283,972,0.096939
DOGEUSDT,BUY,LIMIT,1701962793440,26504,0.096949
DOGEUSDT,BUY,LIMIT,1701962795451,96718,0.097026
DOGEUSDT,BUY,LIMIT,1701962805767,4811,0.097005
DOGEUSDT,BUY,LIMIT,1701962806867,6648,0.097029
DOGEUSDT,BUY,LIMIT,1701962817273,16584,0.097076
DOGEUSDT,BUY,LIMIT,1701962835275,1574,0.097063
DOGEUSDT,BUY,LIMIT,1701962842122,43627,0.097115
DOGEUSDT,BUY,LIMIT,1701962843653,5459,0.097131
DOGEUSDT,BUY,LIMIT,1701963021000,1410,0.096946
DOGEUSDT,BUY,LIMIT,1701963027818,716,0.097171
DOGEUSDT,BUY,LIMIT,1701963034282,7462,0.097216
DOGEUSDT,BUY,LIMIT,1701963035339,805,0.097204
DOGEUSDT,BUY,LIMIT,1701964284671,27283,0.097267
DOGEUSDT,BUY,LIMIT,1701964718737,202,0.097302
DOGEUSDT,SELL,LIMIT,1701964898058,8246,0.095488
DOGEUSDT,SELL,LIMIT,1701964903118,7580,0.095441
DOGEUSDT,SELL,LIMIT,1701964909158,62,0.095370
DOGEUSDT,SELL,LIMIT,1701964915196,1161,0.095348
DOGEUSDT,SELL,LIMIT,1701964960483,51738,0.095592
DOGEUSDT,BUY,LIMIT,1701966292542,52170,0.097087
DOGEUSDT,BUY,LIMIT,1701966467888,773,0.097191
DOGEUSDT,BUY,LIMIT,1701966787454,19779,0.097351
DOGEUSDT,BUY,LIMIT,1701966789414,487,0.097323
DOGEUSDT,BUY,LIMIT,1701966790491,4013,0.097363
DOGEUSDT,BUY,LIMIT,1701966804959,11237,0.097411
DOGEUSDT,BUY,LIMIT,1701966806748,429,0.097446
DOGEUSDT,BUY,LIMIT,1701966808406,29707,0.097463
DOGEUSDT,BUY,LIMIT,1701966811177,72,0.097489
DOGEUSDT,BUY,LIMIT,1701966817225,2505,0.097498
DOGEUSDT,BUY,LIMIT,1701966850376,55,0.097534
DOGEUSDT,BUY,LIMIT,1701966861848,139,0.097559
DOGEUSDT,BUY,LIMIT,1701966877888,1786,0.097593
DOGEUSDT,BUY,LIMIT,1701966880940,3775,0.097579
DOGEUSDT,BUY,LIMIT,1701967178394,13401,0.097220
DOGEUSDT,BUY,LIMIT,1701967851649,2729,0.097662
DOGEUSDT,BUY,LIMIT,1701967854502,114136,0.097730
DOGEUSDT,BUY,LIMIT,1701968204057,782,0.097703
DOGEUSDT,SELL,LIMIT,1701968942362,514,0.095888
DOGEUSDT,SELL,LIMIT,1701968949213,7690,0.095847
DOGEUSDT,SELL,LIMIT,1701971026578,1155,0.095832
DOGEUSDT,SELL,LIMIT,1701971043728,162,0.095780
DOGEUSDT,SELL,LIMIT,1701971044734,613,0.095752
DOGEUSDT,SELL,LIMIT,1701971046292,2502,0.095739
DOGEUSDT,SELL,LIMIT,1701971047530,165,0.095713
DOGEUSDT,SELL,LIMIT,1701971373459,2102,0.095676
DOGEUSDT,SELL,LIMIT,1701971375296,1031,0.095632
DOGEUSDT,SELL,LIMIT,1701971378679,298,0.095588
DOGEUSDT,SELL,LIMIT,1701971381138,1190,0.095581
DOGEUSDT,SELL,LIMIT,1701973299207,524,0.095861
DOGEUSDT,SELL,LIMIT,1701973752152,251,0.095244
DOGEUSDT,SELL,LIMIT,1701973753221,1385,0.095303
DOGEUSDT,SELL,LIMIT,1701974022300,15800,0.095236
DOGEUSDT,SELL,LIMIT,1701974023575,5129,0.095184
DOGEUSDT,SELL,LIMIT,1701974104227,16983,0.095169
DOGEUSDT,SELL,LIMIT,1701974154375,103124,0.095071
DOGEUSDT,SELL,LIMIT,1701974155403,1516,0.095099
DOGEUSDT,SELL,LIMIT,1701974242362,320,0.095113
DOGEUSDT,SELL,LIMIT,1701974302124,28832,0.095003
DOGEUSDT,SELL,LIMIT,1701974304380,516,0.094982
DOGEUSDT,SELL,LIMIT,1701974305616,70,0.094885
DOGEUSDT,SELL,LIMIT,1701974499178,16549,0.094844
DOGEUSDT,SELL,LIMIT,1701974500495,12679,0.094836
DOGEUSDT,SELL,LIMIT,1701974501629,560,0.094810
DOGEUSDT,SELL,LIMIT,1701974518154,575,0.094762
DOGEUSDT,SELL,LIMIT,1701974573435,26041,0.094741
DOGEUSDT,SELL,LIMIT,1701974577914,4503,0.094691
DOGEUSDT,SELL,LIMIT,1701975572447,5081,0.094669
DOGEUSDT,SELL,LIMIT,1701975573453,13274,0.094652
DOGEUSDT,SELL,LIMIT,1701975575360,2589,0.094623
DOGEUSDT,SELL,LIMIT,1701975630959,3279,0.094575
DOGEUSDT,SELL,LIMIT,1701975632189,427,0.094549
DOGEUSDT,SELL,LIMIT,1701975633358,52083,0.094553
DOGEUSDT,SELL,LIMIT,1701975635072,2060,0.094515
DOGEUSDT,SELL,LIMIT,1701975637671,3492,0.094456
DOGEUSDT,SELL,LIMIT,1701975643106,423578,0.094282
DOGEUSDT,SELL,LIMIT,1701975644527,41525,0.094412
DOGEUSDT,SELL,LIMIT,1701975645790,3508,0.094372
DOGEUSDT,SELL,LIMIT,1701975816839,994,0.094350
DOGEUSDT,SELL,LIMIT,1701976450523,44924,0.094341
DOGEUSDT,SELL,LIMIT,1701976452028,27075,0.094324
DOGEUSDT,SELL,LIMIT,1701976453129,1034,0.094292
DOGEUSDT,SELL,LIMIT,1701976454741,3718,0.094257
DOGEUSDT,SELL,LIMIT,1701976456052,54,0.094228
DOGEUSDT,SELL,LIMIT,1701976457139,4601,0.094221
DOGEUSDT,SELL,LIMIT,1701976676181,69,0.094336
DOGEUSDT,SELL,LIMIT,1701977165287,69,0.094191
DOGEUSDT,SELL,LIMIT,1701977167229,3259,0.094145
DOGEUSDT,SELL,LIMIT,1701977168562,926,0.094088
DOGEUSDT,SELL,LIMIT,1701977263792,247,0.094104
DOGEUSDT,SELL,LIMIT,1701977271344,14519,0.094053
DOGEUSDT,SELL,LIMIT,1701977295913,1822,0.094008
DOGEUSDT,SELL,LIMIT,1701977298227,129,0.093968
DOGEUSDT,SELL,LIMIT,1701977328659,7682,0.093962
DOGEUSDT,SELL,LIMIT,1701977334129,8241,0.093959
DOGEUSDT,SELL,LIMIT,1701977341277,104405,0.093891
DOGEUSDT,SELL,LIMIT,1701977343405,60,0.093893
DOGEUSDT,SELL,LIMIT,1701978064189,676,0.093864
DOGEUSDT,SELL,LIMIT,1701978067221,16218,0.093856
DOGEUSDT,SELL,LIMIT,1701978068351,18345,0.093792
DOGEUSDT,SELL,LIMIT,1701978253200,105399,0.093679
DOGEUSDT,SELL,LIMIT,1701978255303,51765,0.093690
DOGEUSDT,SELL,LIMIT,1701978276699,4084,0.093700
DOGEUSDT,SELL,LIMIT,1701978286123,169,0.093664
DOGEUSDT,SELL,LIMIT,1701978291717,104711,0.093611
DOGEUSDT,SELL,LIMIT,1701979176533,100000,0.093585
DOGEUSDT,SELL,LIMIT,1701979348145,127,0.093538
DOGEUSDT,SELL,LIMIT,1701979349668,4103,0.093521
DOGEUSDT,SELL,LIMIT,1701980304769,10785,0.094028
DOGEUSDT,SELL,LIMIT,1701980594980,2864,0.093710
DOGEUSDT,SELL,LIMIT,1701981103189,13404,0.093484
DOGEUSDT,SELL,LIMIT,1701981104291,53078,0.093336
DOGEUSDT,SELL,LIMIT,1701981105320,489,0.093352
DOGEUSDT,SELL,LIMIT,1701981126761,139,0.093332
DOGEUSDT,SELL,LIMIT,1701981142065,13468,0.093145
DOGEUSDT,SELL,LIMIT,1701981143072,11127,0.093207
DOGEUSDT,SELL,LIMIT,1701981155516,31788,0.093097
DOGEUSDT,SELL,LIMIT,1701981497817,52887,0.093095
DOGEUSDT,SELL,LIMIT,1701981499303,14750,0.093074
DOGEUSDT,SELL,LIMIT,1701981502347,3000,0.093065
DOGEUSDT,SELL,LIMIT,1701981521822,1343,0.093033
DOGEUSDT,SELL,LIMIT,1701981529309,4170,0.093011
DOGEUSDT,SELL,LIMIT,1701981543971,8377,0.093003
DOGEUSDT,SELL,LIMIT,1701981548104,1129,0.092925
DOGEUSDT,SELL,LIMIT,1701981549224,715,0.092953
DOGEUSDT,SELL,LIMIT,1701981550491,2576,0.092875
DOGEUSDT,SELL,LIMIT,1701981551726,1114,0.092873
DOGEUSDT,SELL,LIMIT,1701981615255,61,0.092842
DOGEUSDT,SELL,LIMIT,1701981616300,2393,0.092778
DOGEUSDT,SELL,LIMIT,1701981617303,17791,0.092761
DOGEUSDT,SELL,LIMIT,1701981618669,5575,0.092716
DOGEUSDT,SELL,LIMIT,1701981619684,3591,0.092701
DOGEUSDT,SELL,LIMIT,1701981620799,5508,0.092650
DOGEUSDT,SELL,LIMIT,1701981622240,61378,0.092619
DOGEUSDT,SELL,LIMIT,1701981627506,79700,0.092615
DOGEUSDT,SELL,LIMIT,1701981628679,3264,0.092635
DOGEUSDT,SELL,LIMIT,1701982775070,238,0.092622
DOGEUSDT,SELL,LIMIT,1701982776323,6795,0.092606
DOGEUSDT,SELL,LIMIT,1701982779727,622,0.092613
DOGEUSDT,SELL,LIMIT,1701982780780,36968,0.092603
DOGEUSDT,SELL,LIMIT,1701982802551,5138,0.092588
DOGEUSDT,SELL,LIMIT,1701983252416,914,0.093245
DOGEUSDT,BUY,LIMIT,1701983421152,41037,0.094391
DOGEUSDT,SELL,LIMIT,1701983872464,20000,0.093600
DOGEUSDT,BUY,LIMIT,1701983906326,6197,0.094541
DOGEUSDT,BUY,LIMIT,1701983910816,10708,0.094568
DOGEUSDT,BUY,LIMIT,1701984196482,1686,0.094607
DOGEUSDT,BUY,LIMIT,1701984261095,8721,0.094629
DOGEUSDT,BUY,LIMIT,1701984526373,3,0.094699
DOGEUSDT,BUY,LIMIT,1701984527382,7348,0.094664
DOGEUSDT,SELL,LIMIT,1701984593186,16701,0.093646
DOGEUSDT,BUY,LIMIT,1701985095075,2000,0.095023
DOGEUSDT,BUY,LIMIT,1701985780082,1006,0.094901
DOGEUSDT,BUY,LIMIT,1701986133567,53134,0.095309
DOGEUSDT,BUY,LIMIT,1701986134703,146,0.095326
DOGEUSDT,BUY,LIMIT,1701986137987,1155,0.095368
DOGEUSDT,BUY,LIMIT,1701986140407,7197,0.095429
DOGEUSDT,BUY,LIMIT,1701986303135,21360,0.095455
DOGEUSDT,BUY,LIMIT,1701986317682,451,0.095475
DOGEUSDT,BUY,LIMIT,1701986438278,53556,0.095526
DOGEUSDT,BUY,LIMIT,1701986538376,71,0.095626
DOGEUSDT,BUY,LIMIT,1701987140220,5345,0.095643
DOGEUSDT,SELL,LIMIT,1701988459499,663,0.094280
DOGEUSDT,SELL,LIMIT,1701988470462,1598,0.093916
DOGEUSDT,SELL,LIMIT,1701988483389,17465,0.093804
DOGEUSDT,SELL,LIMIT,1701988488372,1584,0.093784
DOGEUSDT,SELL,LIMIT,1701988575332,167,0.093735
DOGEUSDT,SELL,LIMIT,1701988576339,690,0.093738
DOGEUSDT,BUY,LIMIT,1701991631345,548,0.095641
DOGEUSDT,BUY,LIMIT,1701991674192,2117,0.095702
DOGEUSDT,BUY,LIMIT,1701991743098,1000,0.095763
DOGEUSDT,BUY,LIMIT,1701991889750,220,0.095876
DOGEUSDT,BUY,LIMIT,1701992342543,2079,0.095965
DOGEUSDT,BUY,LIMIT,1701992510429,4873,0.096020
DOGEUSDT,BUY,LIMIT,1701992557878,4571,0.096071
DOGEUSDT,BUY,LIMIT,1701992714585,52915,0.096121
DOGEUSDT,BUY,LIMIT,1701992818804,774,0.096148
DOGEUSDT,BUY,LIMIT,1701992882877,231,0.096256
DOGEUSDT,BUY,LIMIT,1701992884498,321,0.096291
DOGEUSDT,BUY,LIMIT,1701992893090,3048,0.096348
DOGEUSDT,BUY,LIMIT,1701992894179,4028,0.096379
DOGEUSDT,BUY,LIMIT,1701992904298,3301,0.096420
DOGEUSDT,BUY,LIMIT,1701992963614,1053,0.096482
DOGEUSDT,BUY,LIMIT,1701992986845,52809,0.096517
DOGEUSDT,BUY,LIMIT,1701993007284,5184,0.096670
DOGEUSDT,BUY,LIMIT,1701993223150,52932,0.096702
DOGEUSDT,BUY,LIMIT,1701993809467,1849,0.096740
DOGEUSDT,BUY,LIMIT,1701994578101,289,0.096838
DOGEUSDT,BUY,LIMIT,1701994991466,4247,0.096890
DOGEUSDT,BUY,LIMIT,1701995218283,3577,0.096791
DOGEUSDT,BUY,LIMIT,1701998342838,2333,0.096482
DOGEUSDT,BUY,LIMIT,1701999610911,2963,0.096939
DOGEUSDT,BUY,LIMIT,1701999637610,103771,0.097021
DOGEUSDT,BUY,LIMIT,1701999658244,70500,0.097076
DOGEUSDT,BUY,LIMIT,1702001145987,17979,0.097093
DOGEUSDT,BUY,LIMIT,1702001153896,610,0.097115
DOGEUSDT,BUY,LIMIT,1702001204795,25511,0.097145
DOGEUSDT,BUY,LIMIT,1702001313717,10000,0.097191
DOGEUSDT,SELL,LIMIT,1702002205188,20803,0.096127
DOGEUSDT,SELL,LIMIT,1702002255617,4989,0.095888
DOGEUSDT,SELL,LIMIT,1702002262700,174,0.095806
DOGEUSDT,SELL,LIMIT,1702003268534,5208,0.095610
DOGEUSDT,SELL,LIMIT,1702003629395,10024,0.095605
DOGEUSDT,SELL,LIMIT,1702003654254,4048,0.095578
DOGEUSDT,SELL,LIMIT,1702003666290,8480,0.095743
DOGEUSDT,BUY,LIMIT,1702003669733,4081,0.096521
DOGEUSDT,SELL,LIMIT,1702003714816,3252,0.095500
DOGEUSDT,SELL,LIMIT,1702003718285,339,0.095417
DOGEUSDT,SELL,LIMIT,1702005362141,230,0.096714
DOGEUSDT,BUY,LIMIT,1702005634097,7377,0.097012
DOGEUSDT,BUY,LIMIT,1702005816564,120,0.096962
DOGEUSDT,BUY,LIMIT,1702006360288,296,0.097182
DOGEUSDT,BUY,LIMIT,1702006370093,500,0.096573
DOGEUSDT,BUY,LIMIT,1702006463427,23526,0.097197
DOGEUSDT,BUY,LIMIT,1702006468320,55,0.097252
DOGEUSDT,BUY,LIMIT,1702006472600,4073,0.097286
DOGEUSDT,BUY,LIMIT,1702006488401,82,0.097359
DOGEUSDT,BUY,LIMIT,1702006530332,235,0.097370
DOGEUSDT,BUY,LIMIT,1702006533638,51983,0.097391
DOGEUSDT,BUY,LIMIT,1702006536150,26001,0.097400
DOGEUSDT,BUY,LIMIT,1702006558978,764,0.097453
DOGEUSDT,BUY,LIMIT,1702006594909,1354,0.097505
DOGEUSDT,BUY,LIMIT,1702006669104,5579,0.097414
DOGEUSDT,BUY,LIMIT,1702006899596,1080,0.097270
DOGEUSDT,BUY,LIMIT,1702006970760,1829,0.097314
DOGEUSDT,SELL,LIMIT,1702008918425,89,0.099347
DOGEUSDT,BUY,LIMIT,1702008987311,1038,0.097534
DOGEUSDT,BUY,LIMIT,1702009676987,10372,0.097404
DOGEUSDT,SELL,LIMIT,1702011139222,162,0.096126
DOGEUSDT,BUY,LIMIT,1702011449493,62,0.097543
DOGEUSDT,BUY,LIMIT,1702011557338,26031,0.097567
DOGEUSDT,BUY,LIMIT,1702011576422,282,0.097714
DOGEUSDT,BUY,LIMIT,1702011578352,4921,0.097798
DOGEUSDT,BUY,LIMIT,1702011579426,479,0.097811
DOGEUSDT,BUY,LIMIT,1702013373442,4067,0.097645
DOGEUSDT,BUY,LIMIT,1702013456185,33395,0.097581
DOGEUSDT,BUY,LIMIT,1702014380307,2146,0.097848
DOGEUSDT,BUY,LIMIT,1702014383523,2915,0.097930
DOGEUSDT,BUY,LIMIT,1702014386898,678,0.097940
DOGEUSDT,BUY,LIMIT,1702014387919,180815,0.098079
DOGEUSDT,BUY,LIMIT,1702014535344,18712,0.098013
DOGEUSDT,SELL,LIMIT,1702015451432,4398,0.096956
DOGEUSDT,BUY,LIMIT,1702015824575,4244,0.098021
DOGEUSDT,BUY,LIMIT,1702015826304,19747,0.098047
DOGEUSDT,BUY,LIMIT,1702015827648,7512,0.098111
DOGEUSDT,BUY,LIMIT,1702015829785,4585,0.098132
DOGEUSDT,BUY,LIMIT,1702015850716,7996,0.098196
DOGEUSDT,BUY,LIMIT,1702015854189,38459,0.098207
DOGEUSDT,BUY,LIMIT,1702015896364,14951,0.098270
DOGEUSDT,BUY,LIMIT,1702015897410,2971,0.098287
DOGEUSDT,BUY,LIMIT,1702015946372,4128,0.098248
DOGEUSDT,BUY,LIMIT,1702015989455,117,0.098270
DOGEUSDT,BUY,LIMIT,1702016050318,13378,0.098342
DOGEUSDT,BUY,LIMIT,1702016052866,254,0.098357
DOGEUSDT,BUY,LIMIT,1702016072145,87,0.098389
DOGEUSDT,SELL,LIMIT,1702017808038,12156,0.096474
DOGEUSDT,BUY,LIMIT,1702018380321,4228,0.097561
DOGEUSDT,SELL,LIMIT,1702020147736,34432,0.096363
DOGEUSDT,SELL,LIMIT,1702020150606,2027,0.096315
DOGEUSDT,SELL,LIMIT,1702020192175,51266,0.096259
DOGEUSDT,SELL,LIMIT,1702020222493,2673,0.096174
DOGEUSDT,SELL,LIMIT,1702020223972,6200,0.096095
DOGEUSDT,SELL,LIMIT,1702020520458,5370,0.096009
DOGEUSDT,SELL,LIMIT,1702020521523,12656,0.096003
DOGEUSDT,SELL,LIMIT,1702020529942,2000,0.095945
DOGEUSDT,SELL,LIMIT,1702020534391,258,0.095902
DOGEUSDT,SELL,LIMIT,1702020540626,624,0.095896
DOGEUSDT,SELL,LIMIT,1702020624907,41529,0.095889
DOGEUSDT,SELL,LIMIT,1702020634628,23676,0.095779
DOGEUSDT,SELL,LIMIT,1702020636068,6302,0.095801
DOGEUSDT,SELL,LIMIT,1702020637294,258,0.095749
DOGEUSDT,SELL,LIMIT,1702020638711,5212,0.095724
DOGEUSDT,SELL,LIMIT,1702020644284,23165,0.095706
DOGEUSDT,SELL,LIMIT,1702020686212,53,0.095622
DOGEUSDT,SELL,LIMIT,1702020688988,124,0.095601
DOGEUSDT,BUY,LIMIT,1702021333252,51813,0.097721
DOGEUSDT,BUY,LIMIT,1702021366784,2679,0.097920
DOGEUSDT,BUY,LIMIT,1702021372089,8932,0.097966
DOGEUSDT,BUY,LIMIT,1702021375412,62,0.098022
DOGEUSDT,BUY,LIMIT,1702021399717,10734,0.098164
DOGEUSDT,BUY,LIMIT,1702021405941,5393,0.098246
DOGEUSDT,BUY,LIMIT,1702021412146,25962,0.098363
DOGEUSDT,BUY,LIMIT,1702021418400,16473,0.098403
DOGEUSDT,BUY,LIMIT,1702021660737,2531,0.098423
DOGEUSDT,BUY,LIMIT,1702021834794,51413,0.098507
DOGEUSDT,BUY,LIMIT,1702021835960,54,0.098549
DOGEUSDT,BUY,LIMIT,1702021932353,20725,0.098680
DOGEUSDT,SELL,LIMIT,1702022929798,371,0.096734
DOGEUSDT,SELL,LIMIT,1702022931324,585,0.096690
DOGEUSDT,SELL,LIMIT,1702022946423,317,0.096554
DOGEUSDT,SELL,LIMIT,1702023001649,89,0.096495
DOGEUSDT,SELL,LIMIT,1702023011366,20359,0.096523
DOGEUSDT,SELL,LIMIT,1702023056118,118,0.096365
DOGEUSDT,SELL,LIMIT,1702023057306,13299,0.096394
DOGEUSDT,SELL,LIMIT,1702023481275,14790,0.096288
DOGEUSDT,SELL,LIMIT,1702023587483,523,0.096208
DOGEUSDT,BUY,LIMIT,1702026136308,167,0.097477
DOGEUSDT,SELL,LIMIT,1702027441267,58,0.096812
DOGEUSDT,SELL,LIMIT,1702029225144,580,0.096140
DOGEUSDT,SELL,LIMIT,1702029236457,55,0.096132
DOGEUSDT,SELL,LIMIT,1702029244693,1396,0.096107
DOGEUSDT,SELL,LIMIT,1702029248626,46933,0.096101
DOGEUSDT,SELL,LIMIT,1702029279873,2890,0.096072
DOGEUSDT,SELL,LIMIT,1702029533504,152,0.096267
DOGEUSDT,BUY,LIMIT,1702029699017,530,0.097328
DOGEUSDT,BUY,LIMIT,1702030511675,170,0.097900
DOGEUSDT,BUY,LIMIT,1702031307444,697,0.097933
DOGEUSDT,BUY,LIMIT,1702031359054,721,0.097962
DOGEUSDT,BUY,LIMIT,1702031447921,1038,0.098052
DOGEUSDT,BUY,LIMIT,1702031471600,6783,0.098108
DOGEUSDT,BUY,LIMIT,1702032070089,2068,0.098194
DOGEUSDT,BUY,LIMIT,1702032220219,12372,0.098263
DOGEUSDT,BUY,LIMIT,1702032854251,1147,0.098308
DOGEUSDT,BUY,LIMIT,1702033023369,147,0.098427
DOGEUSDT,BUY,LIMIT,1702033038797,53,0.098489
DOGEUSDT,BUY,LIMIT,1702033047051,52,0.098529
DOGEUSDT,BUY,LIMIT,1702033050316,13651,0.098575
DOGEUSDT,BUY,LIMIT,1702034616241,18147,0.098412
DOGEUSDT,BUY,LIMIT,1702034994157,77623,0.098290
DOGEUSDT,BUY,LIMIT,1702035153188,1000,0.098066
DOGEUSDT,BUY,LIMIT,1702035157808,100,0.098105
DOGEUSDT,BUY,LIMIT,1702035162707,13982,0.098165
DOGEUSDT,BUY,LIMIT,1702035164063,17,0.098171
DOGEUSDT,BUY,LIMIT,1702035256167,1900,0.098211
DOGEUSDT,BUY,LIMIT,1702035734214,1410,0.098469
DOGEUSDT,BUY,LIMIT,1702036193639,254,0.098495
DOGEUSDT,BUY,LIMIT,1702038217394,15588,0.098614
DOGEUSDT,BUY,LIMIT,1702038221582,2184,0.098626
DOGEUSDT,BUY,LIMIT,1702038481100,69993,0.098607
DOGEUSDT,BUY,LIMIT,1702038552610,27039,0.098684
DOGEUSDT,BUY,LIMIT,1702038555847,1126,0.098720
DOGEUSDT,BUY,LIMIT,1702038602324,80,0.098802
DOGEUSDT,BUY,LIMIT,1702038612370,22405,0.098889
DOGEUSDT,BUY,LIMIT,1702038731443,1991,0.098930
DOGEUSDT,BUY,LIMIT,1702038747466,473,0.098961
DOGEUSDT,BUY,LIMIT,1702038752188,55,0.098967
DOGEUSDT,BUY,LIMIT,1702038761167,170,0.098962
DOGEUSDT,BUY,LIMIT,1702038798028,1920,0.098997
DOGEUSDT,BUY,LIMIT,1702038803334,59,0.099014
DOGEUSDT,BUY,LIMIT,1702038806190,61,0.099024
DOGEUSDT,BUY,LIMIT,1702038818502,16822,0.099068
DOGEUSDT,BUY,LIMIT,1702038819657,22774,0.099158
DOGEUSDT,BUY,LIMIT,1702038829220,37785,0.099176
DOGEUSDT,BUY,LIMIT,1702038830248,63341,0.099271
DOGEUSDT,BUY,LIMIT,1702039084394,78,0.098821
DOGEUSDT,SELL,LIMIT,1702040461183,5217,0.097288
DOGEUSDT,SELL,LIMIT,1702040469790,734,0.097267
DOGEUSDT,SELL,LIMIT,1702040482685,9147,0.097152
DOGEUSDT,SELL,LIMIT,1702040674097,17998,0.097053
DOGEUSDT,SELL,LIMIT,1702040935129,3903,0.097010
DOGEUSDT,SELL,LIMIT,1702040996289,14572,0.096954
DOGEUSDT,SELL,LIMIT,1702041971323,59110,0.097433
DOGEUSDT,SELL,LIMIT,1702042238192,79,0.096894
DOGEUSDT,SELL,LIMIT,1702042239356,10000,0.096846
DOGEUSDT,SELL,LIMIT,1702042245442,120,0.096818
DOGEUSDT,SELL,LIMIT,1702042247054,12766,0.096766
DOGEUSDT,BUY,LIMIT,1702042982658,279,0.098098
DOGEUSDT,BUY,LIMIT,1702043691178,34184,0.098030
DOGEUSDT,SELL,LIMIT,1702043990238,51118,0.096814
DOGEUSDT,BUY,LIMIT,1702044086490,282,0.097907
DOGEUSDT,SELL,LIMIT,1702044510739,222,0.096705
DOGEUSDT,SELL,LIMIT,1702044512460,135,0.096660
DOGEUSDT,SELL,LIMIT,1702044546645,11266,0.096619
DOGEUSDT,SELL,LIMIT,1702044965398,10206,0.097124
DOGEUSDT,BUY,LIMIT,1702045040899,870,0.097897
DOGEUSDT,BUY,LIMIT,1702045280273,251,0.098386
DOGEUSDT,SELL,LIMIT,1702045692427,206,0.104844
DOGEUSDT,BUY,LIMIT,1702045885456,6713,0.098476
DOGEUSDT,BUY,LIMIT,1702045968521,7282,0.098740
DOGEUSDT,BUY,LIMIT,1702045973035,24220,0.098779
DOGEUSDT,BUY,LIMIT,1702045995621,22303,0.098848
DOGEUSDT,BUY,LIMIT,1702046007418,1543,0.098909
DOGEUSDT,BUY,LIMIT,1702046009974,3286,0.098922
DOGEUSDT,BUY,LIMIT,1702047302619,23382,0.098983
DOGEUSDT,BUY,LIMIT,1702047307940,9740,0.099061
DOGEUSDT,BUY,LIMIT,1702047310086,51124,0.099084
DOGEUSDT,BUY,LIMIT,1702047420637,153,0.099199
DOGEUSDT,SELL,LIMIT,1702047622194,26891,0.097967
DOGEUSDT,BUY,LIMIT,1702047700059,16453,0.099093
DOGEUSDT,BUY,LIMIT,1702048108127,92,0.099134
DOGEUSDT,SELL,LIMIT,1702048993097,4791,0.097998
DOGEUSDT,BUY,LIMIT,1702049648496,50828,0.098757
DOGEUSDT,SELL,LIMIT,1702050475845,421,0.097988
DOGEUSDT,SELL,LIMIT,1702050794696,1561,0.097553
DOGEUSDT,SELL,LIMIT,1702050821602,50658,0.097362
DOGEUSDT,SELL,LIMIT,1702050830274,1587,0.097352
DOGEUSDT,SELL,LIMIT,1702050878214,37374,0.097294
DOGEUSDT,BUY,LIMIT,1702051257194,41384,0.098478
DOGEUSDT,BUY,LIMIT,1702051270893,73560,0.098606
DOGEUSDT,BUY,LIMIT,1702051385739,295297,0.098917
DOGEUSDT,BUY,LIMIT,1702051390574,969,0.098761
DOGEUSDT,BUY,LIMIT,1702051483913,10298,0.098852
DOGEUSDT,BUY,LIMIT,1702051501763,1007,0.098887
DOGEUSDT,BUY,LIMIT,1702051514586,113,0.098972
DOGEUSDT,BUY,LIMIT,1702051650391,2712,0.098724
DOGEUSDT,BUY,LIMIT,1702051724667,7506,0.098745
DOGEUSDT,BUY,LIMIT,1702052161449,515,0.098861
DOGEUSDT,BUY,LIMIT,1702052520783,3878,0.098951
DOGEUSDT,BUY,LIMIT,1702052530227,769,0.098968
DOGEUSDT,BUY,LIMIT,1702052737370,555,0.099389
DOGEUSDT,BUY,LIMIT,1702052747439,117,0.099399
DOGEUSDT,BUY,LIMIT,1702052761401,1,0.099451
DOGEUSDT,SELL,LIMIT,1702054984517,42325,0.098638
DOGEUSDT,SELL,LIMIT,1702055022441,2453,0.098384
DOGEUSDT,BUY,LIMIT,1702055184543,859,0.099129
DOGEUSDT,SELL,LIMIT,1702055405014,153,0.098156
DOGEUSDT,SELL,LIMIT,1702056262633,5117,0.097681
DOGEUSDT,SELL,LIMIT,1702056283515,939,0.097394
DOGEUSDT,SELL,LIMIT,1702056290158,929,0.097315
DOGEUSDT,SELL,LIMIT,1702056324146,281,0.097294
DOGEUSDT,SELL,LIMIT,1702056349024,12461,0.097162
DOGEUSDT,SELL,LIMIT,1702056555349,510,0.097119
DOGEUSDT,SELL,LIMIT,1702056556391,64,0.097123
DOGEUSDT,SELL,LIMIT,1702056668428,104,0.097064
DOGEUSDT,SELL,LIMIT,1702056718987,65,0.097041
DOGEUSDT,BUY,LIMIT,1702057094020,12000,0.098880
DOGEUSDT,BUY,LIMIT,1702057096141,55,0.098903
DOGEUSDT,SELL,LIMIT,1702057385571,3,0.099443
DOGEUSDT,BUY,LIMIT,1702063446817,184493,0.099595
DOGEUSDT,BUY,LIMIT,1702063659392,109,0.099511
DOGEUSDT,BUY,LIMIT,1702063660490,6235,0.099529
DOGEUSDT,BUY,LIMIT,1702063664302,4879,0.099607
DOGEUSDT,BUY,LIMIT,1702063676120,470,0.099619
DOGEUSDT,BUY,LIMIT,1702063690150,12558,0.099626
DOGEUSDT,BUY,LIMIT,1702063691652,74,0.099642
DOGEUSDT,BUY,LIMIT,1702063693177,1744,0.099672
DOGEUSDT,BUY,LIMIT,1702063698324,175,0.099692
DOGEUSDT,BUY,LIMIT,1702063703465,407,0.099720
DOGEUSDT,BUY,LIMIT,1702063709516,86,0.099743
DOGEUSDT,BUY,LIMIT,1702063714984,580,0.099756
DOGEUSDT,BUY,LIMIT,1702063731624,9191,0.099797
DOGEUSDT,BUY,LIMIT,1702063755343,310,0.099840
DOGEUSDT,BUY,LIMIT,1702063756441,9006,0.099884
DOGEUSDT,BUY,LIMIT,1702063757668,38172,0.099895
DOGEUSDT,BUY,LIMIT,1702063758671,20438,0.099901
DOGEUSDT,BUY,LIMIT,1702063788265,4816,0.099908
DOGEUSDT,BUY,LIMIT,1702063789278,37264,0.099954
DOGEUSDT,BUY,LIMIT,1702064045193,1446,0.100042
DOGEUSDT,BUY,LIMIT,1702064046237,50828,0.100109
DOGEUSDT,BUY,LIMIT,1702064047428,3498,0.100163
DOGEUSDT,BUY,LIMIT,1702064070068,3496,0.100201
DOGEUSDT,BUY,LIMIT,1702064085734,195,0.100222
DOGEUSDT,BUY,LIMIT,1702064087072,924,0.100212
DOGEUSDT,BUY,LIMIT,1702064096190,5384,0.100264
DOGEUSDT,BUY,LIMIT,1702064144406,568688,0.100563
DOGEUSDT,BUY,LIMIT,1702064148109,26937,0.100407
DOGEUSDT,BUY,LIMIT,1702064151315,885,0.100414
DOGEUSDT,BUY,LIMIT,1702064181842,9524,0.100470
DOGEUSDT,BUY,LIMIT,1702064194375,3020,0.100576
DOGEUSDT,BUY,LIMIT,1702064195422,150000,0.100713
DOGEUSDT,BUY,LIMIT,1702064197977,498,0.100631
DOGEUSDT,BUY,LIMIT,1702064200163,1688,0.100660
DOGEUSDT,BUY,LIMIT,1702064201228,45975,0.100657
DOGEUSDT,BUY,LIMIT,1702064203315,1825,0.100666
DOGEUSDT,BUY,LIMIT,1702064207052,7340,0.100741
DOGEUSDT,BUY,LIMIT,1702064208221,1217,0.100821
DOGEUSDT,BUY,LIMIT,1702064219138,8642,0.100911
DOGEUSDT,BUY,LIMIT,1702064220256,1150,0.100900
DOGEUSDT,BUY,LIMIT,1702064221945,25652,0.100960
DOGEUSDT,BUY,LIMIT,1702065293293,213,0.099897
DOGEUSDT,BUY,LIMIT,1702065555162,39051,0.101038
DOGEUSDT,BUY,LIMIT,1702065556189,252,0.101025
DOGEUSDT,BUY,LIMIT,1702065748780,1785,0.101126
DOGEUSDT,BUY,LIMIT,1702065861344,1211,0.100865
DOGEUSDT,BUY,LIMIT,1702065942459,3016,0.101157
DOGEUSDT,BUY,LIMIT,1702065943464,13333,0.101169
DOGEUSDT,BUY,LIMIT,1702065945868,34939,0.101245
DOGEUSDT,BUY,LIMIT,1702066227110,123,0.101105
DOGEUSDT,BUY,LIMIT,1702067589493,8038,0.100676
DOGEUSDT,BUY,LIMIT,1702067741572,20647,0.100738
DOGEUSDT,SELL,LIMIT,1702067755007,6820,0.099719
DOGEUSDT,SELL,LIMIT,1702067776731,3555,0.099869
DOGEUSDT,BUY,LIMIT,1702068216250,210,0.100856
DOGEUSDT,BUY,LIMIT,1702068229047,2043,0.100912
DOGEUSDT,BUY,LIMIT,1702068928836,4510,0.100920
DOGEUSDT,BUY,LIMIT,1702069020790,107,0.100949
DOGEUSDT,SELL,LIMIT,1702069043525,435,0.099958
DOGEUSDT,BUY,LIMIT,1702069075084,1283,0.100981
DOGEUSDT,BUY,LIMIT,1702069249378,15590,0.101269
DOGEUSDT,BUY,LIMIT,1702069254146,2758,0.101281
DOGEUSDT,BUY,LIMIT,1702069371314,13161,0.101329
DOGEUSDT,BUY,LIMIT,1702069452551,1442,0.101371
DOGEUSDT,BUY,LIMIT,1702069464105,4494,0.101412
DOGEUSDT,BUY,LIMIT,1702069465473,2366,0.101393
DOGEUSDT,BUY,LIMIT,1702069466895,29929,0.101434
DOGEUSDT,BUY,LIMIT,1702069468074,299,0.101449
DOGEUSDT,BUY,LIMIT,1702069514398,1108,0.101472
DOGEUSDT,BUY,LIMIT,1702069515811,2517,0.101521
DOGEUSDT,BUY,LIMIT,1702069517631,70842,0.101581
DOGEUSDT,BUY,LIMIT,1702069519010,30466,0.101566
DOGEUSDT,BUY,LIMIT,1702069520034,924,0.101612
DOGEUSDT,BUY,LIMIT,1702069522307,468,0.101661
DOGEUSDT,BUY,LIMIT,1702069530086,304,0.101674
DOGEUSDT,BUY,LIMIT,1702069532203,189,0.101726
DOGEUSDT,BUY,LIMIT,1702069533445,126,0.101756
DOGEUSDT,BUY,LIMIT,1702069535107,15062,0.101883
DOGEUSDT,BUY,LIMIT,1702069539559,1069,0.101854
DOGEUSDT,BUY,LIMIT,1702069540747,306,0.101939
DOGEUSDT,BUY,LIMIT,1702069544437,8063,0.101946
DOGEUSDT,BUY,LIMIT,1702069555180,28659,0.102003
DOGEUSDT,BUY,LIMIT,1702069559113,1395,0.102041
DOGEUSDT,BUY,LIMIT,1702069561210,9453,0.102082
DOGEUSDT,BUY,LIMIT,1702069562227,1991,0.102125
DOGEUSDT,BUY,LIMIT,1702069563326,16767,0.102124
DOGEUSDT,BUY,LIMIT,1702069588002,3597,0.102154
DOGEUSDT,BUY,LIMIT,1702069589235,18883,0.102202
DOGEUSDT,BUY,LIMIT,1702069590582,167571,0.102313
DOGEUSDT,BUY,LIMIT,1702069592037,18417,0.102240
DOGEUSDT,BUY,LIMIT,1702069596514,6108,0.102255
DOGEUSDT,BUY,LIMIT,1702069662337,5789,0.102325
DOGEUSDT,BUY,LIMIT,1702069663554,4665,0.102310
DOGEUSDT,BUY,LIMIT,1702069669654,54,0.102349
DOGEUSDT,BUY,LIMIT,1702069673486,22259,0.102407
DOGEUSDT,BUY,LIMIT,1702069679091,10713,0.102423
DOGEUSDT,BUY,LIMIT,1702069695129,2438,0.102556
DOGEUSDT,BUY,LIMIT,1702069696230,2717,0.102437
DOGEUSDT,BUY,LIMIT,1702069697264,3230,0.102611
DOGEUSDT,BUY,LIMIT,1702069703213,8389,0.102801
DOGEUSDT,BUY,LIMIT,1702069704253,2498,0.102786
DOGEUSDT,BUY,LIMIT,1702069712143,2300,0.102900
DOGEUSDT,BUY,LIMIT,1702069713405,605,0.102967
DOGEUSDT,BUY,LIMIT,1702069735082,397,0.103059
DOGEUSDT,BUY,LIMIT,1702069736521,3911,0.103015
DOGEUSDT,BUY,LIMIT,1702069740240,15148,0.103110
DOGEUSDT,BUY,LIMIT,1702069744229,61,0.103147
DOGEUSDT,BUY,LIMIT,1702069745341,154236,0.103245
DOGEUSDT,BUY,LIMIT,1702069758409,62201,0.103210
DOGEUSDT,BUY,LIMIT,1702069759437,168,0.103202
DOGEUSDT,BUY,LIMIT,1702069760559,144,0.103265
DOGEUSDT,BUY,LIMIT,1702069769219,75944,0.103400
DOGEUSDT,BUY,LIMIT,1702069770223,6757,0.103358
DOGEUSDT,BUY,LIMIT,1702069776167,5214,0.103385
DOGEUSDT,BUY,LIMIT,1702069777277,195,0.103375
DOGEUSDT,BUY,LIMIT,1702069778511,145,0.103398
DOGEUSDT,BUY,LIMIT,1702069857377,2286,0.103488
DOGEUSDT,BUY,LIMIT,1702069890648,98,0.103490
DOGEUSDT,BUY,LIMIT,1702070159214,7986,0.103503
DOGEUSDT,BUY,LIMIT,1702070160398,144,0.103522
DOGEUSDT,BUY,LIMIT,1702070165458,98306,0.103600
DOGEUSDT,BUY,LIMIT,1702070168312,9571,0.103569
DOGEUSDT,BUY,LIMIT,1702070184498,37800,0.103552
DOGEUSDT,BUY,LIMIT,1702070204087,634,0.103573
DOGEUSDT,BUY,LIMIT,1702070225177,4096,0.103629
DOGEUSDT,BUY,LIMIT,1702070226273,957,0.103645
DOGEUSDT,BUY,LIMIT,1702070227356,489132,0.103842
DOGEUSDT,BUY,LIMIT,1702070228427,505,0.103653
DOGEUSDT,BUY,LIMIT,1702070235211,1560,0.103713
DOGEUSDT,BUY,LIMIT,1702070285553,10031,0.103736
DOGEUSDT,BUY,LIMIT,1702070286685,11360,0.103750
DOGEUSDT,BUY,LIMIT,1702070289141,23446,0.103758
DOGEUSDT,BUY,LIMIT,1702070290469,73533,0.103829
DOGEUSDT,BUY,LIMIT,1702070626769,1528,0.103504
DOGEUSDT,BUY,LIMIT,1702070661051,976,0.103487
DOGEUSDT,BUY,LIMIT,1702070664230,816,0.103496
DOGEUSDT,BUY,LIMIT,1702070735327,509,0.103480
DOGEUSDT,BUY,LIMIT,1702070755171,909,0.103449
DOGEUSDT,BUY,LIMIT,1702070773649,543,0.103492
DOGEUSDT,BUY,LIMIT,1702070847353,9890,0.103805
DOGEUSDT,BUY,LIMIT,1702070850122,897,0.103846
DOGEUSDT,BUY,LIMIT,1702070851371,5386,0.103829
DOGEUSDT,BUY,LIMIT,1702070873733,762,0.103988
DOGEUSDT,BUY,LIMIT,1702070880679,5287,0.104049
DOGEUSDT,BUY,LIMIT,1702070894894,5067,0.104106
DOGEUSDT,BUY,LIMIT,1702070895952,299736,0.104315
DOGEUSDT,BUY,LIMIT,1702070897177,148,0.104222
DOGEUSDT,BUY,LIMIT,1702070898329,35079,0.104216
DOGEUSDT,BUY,LIMIT,1702070916508,3614,0.104281
DOGEUSDT,BUY,LIMIT,1702070965306,1129,0.104338
DOGEUSDT,SELL,LIMIT,1702071083236,554,0.102398
DOGEUSDT,SELL,LIMIT,1702071729558,3621,0.102225
DOGEUSDT,SELL,LIMIT,1702071732255,7210,0.102135
DOGEUSDT,SELL,LIMIT,1702071733855,124,0.102074
DOGEUSDT,SELL,LIMIT,1702071740462,24170,0.101976
DOGEUSDT,SELL,LIMIT,1702071749074,14548,0.101857
DOGEUSDT,SELL,LIMIT,1702071750530,263,0.101812
DOGEUSDT,SELL,LIMIT,1702071752662,91,0.101736
DOGEUSDT,SELL,LIMIT,1702071804033,48477,0.101698
DOGEUSDT,SELL,LIMIT,1702071815471,11690,0.101650
DOGEUSDT,SELL,LIMIT,1702071817254,746,0.101585
DOGEUSDT,SELL,LIMIT,1702071818329,69,0.101482
DOGEUSDT,SELL,LIMIT,1702071819884,9796,0.101468
DOGEUSDT,SELL,LIMIT,1702072000125,1226,0.101393
DOGEUSDT,SELL,LIMIT,1702072020277,14448,0.101353
DOGEUSDT,SELL,LIMIT,1702072023432,2385,0.101296
DOGEUSDT,SELL,LIMIT,1702072032553,1010,0.101222
DOGEUSDT,SELL,LIMIT,1702072043956,11183,0.101211
DOGEUSDT,SELL,LIMIT,1702072117973,56,0.101134
DOGEUSDT,SELL,LIMIT,1702072127513,48619,0.101073
DOGEUSDT,SELL,LIMIT,1702072311166,1031,0.100960
DOGEUSDT,SELL,LIMIT,1702072312993,840,0.100934
DOGEUSDT,SELL,LIMIT,1702072314392,35333,0.100900
DOGEUSDT,SELL,LIMIT,1702072316007,2546,0.100894
DOGEUSDT,SELL,LIMIT,1702072399691,715,0.100859
DOGEUSDT,BUY,LIMIT,1702072671666,1889,0.102162
DOGEUSDT,BUY,LIMIT,1702073280698,1398,0.102782
DOGEUSDT,BUY,LIMIT,1702073599655,3217,0.102986
DOGEUSDT,BUY,LIMIT,1702073601653,9017,0.103005
DOGEUSDT,SELL,LIMIT,1702074026066,63,0.102401
DOGEUSDT,SELL,LIMIT,1702074394413,1027,0.101201
DOGEUSDT,SELL,LIMIT,1702074399409,148,0.101165
DOGEUSDT,SELL,LIMIT,1702074556921,48723,0.101064
DOGEUSDT,SELL,LIMIT,1702075523716,828,0.100869
DOGEUSDT,SELL,LIMIT,1702075531577,624,0.100813
DOGEUSDT,SELL,LIMIT,1702077100776,16388,0.100790
DOGEUSDT,SELL,LIMIT,1702077471070,3417,0.100731
DOGEUSDT,SELL,LIMIT,1702077711205,3383,0.100653
DOGEUSDT,SELL,LIMIT,1702077761851,320,0.100639
DOGEUSDT,SELL,LIMIT,1702077964707,730,0.100593
DOGEUSDT,SELL,LIMIT,1702078147226,412,0.100578
DOGEUSDT,SELL,LIMIT,1702078148368,263,0.100587
DOGEUSDT,BUY,LIMIT,1702078182357,70558,0.101716
DOGEUSDT,SELL,LIMIT,1702078604777,87,0.105894
DOGEUSDT,BUY,LIMIT,1702078609448,467,0.101896
DOGEUSDT,BUY,LIMIT,1702078625042,21087,0.101841
DOGEUSDT,BUY,LIMIT,1702078883265,3254,0.101783
DOGEUSDT,SELL,LIMIT,1702079116761,1721,0.100560
DOGEUSDT,BUY,LIMIT,1702079208325,62781,0.101848
DOGEUSDT,BUY,LIMIT,1702080089612,9438,0.102491
DOGEUSDT,BUY,LIMIT,1702080103613,167,0.102479
DOGEUSDT,BUY,LIMIT,1702080152333,343,0.102246
DOGEUSDT,BUY,LIMIT,1702080232911,323,0.102245
DOGEUSDT,BUY,LIMIT,1702080235703,4576,0.102311
DOGEUSDT,BUY,LIMIT,1702080256653,573,0.102339
DOGEUSDT,BUY,LIMIT,1702080276661,2315,0.102246
DOGEUSDT,BUY,LIMIT,1702080715168,21707,0.102589
DOGEUSDT,BUY,LIMIT,1702080749970,13376,0.102560
DOGEUSDT,BUY,LIMIT,1702080801370,67,0.102592
DOGEUSDT,BUY,LIMIT,1702080992331,53,0.102627
DOGEUSDT,BUY,LIMIT,1702081007111,192,0.102643
DOGEUSDT,BUY,LIMIT,1702081142744,36552,0.102720
DOGEUSDT,BUY,LIMIT,1702081145034,4321,0.102724
DOGEUSDT,BUY,LIMIT,1702081146203,49319,0.102734
DOGEUSDT,BUY,LIMIT,1702081183103,8432,0.102788
DOGEUSDT,BUY,LIMIT,1702081189796,49290,0.102805
DOGEUSDT,BUY,LIMIT,1702081229517,85745,0.102834
DOGEUSDT,BUY,LIMIT,1702081267603,203,0.102731
DOGEUSDT,SELL,LIMIT,1702081364752,727,0.101849
DOGEUSDT,BUY,LIMIT,1702081399288,1066,0.102984
DOGEUSDT,BUY,LIMIT,1702081403994,3983,0.102992
DOGEUSDT,BUY,LIMIT,1702081555179,18312,0.102992
DOGEUSDT,BUY,LIMIT,1702081612916,5757,0.103064
DOGEUSDT,BUY,LIMIT,1702081626343,106284,0.103237
DOGEUSDT,BUY,LIMIT,1702081685835,69,0.103211
DOGEUSDT,BUY,LIMIT,1702081700265,133,0.103249
DOGEUSDT,BUY,LIMIT,1702081703354,1067,0.103277
DOGEUSDT,BUY,LIMIT,1702081705456,205,0.103364
DOGEUSDT,BUY,LIMIT,1702081707527,17445,0.103379
DOGEUSDT,BUY,LIMIT,1702081709759,258,0.103393
DOGEUSDT,BUY,LIMIT,1702081713224,14634,0.103396
DOGEUSDT,BUY,LIMIT,1702081743272,11358,0.103435
DOGEUSDT,BUY,LIMIT,1702081744754,9699,0.103461
DOGEUSDT,BUY,LIMIT,1702081748449,51808,0.103492
DOGEUSDT,BUY,LIMIT,1702081776368,176,0.103515
DOGEUSDT,BUY,LIMIT,1702081824721,20524,0.103644
DOGEUSDT,BUY,LIMIT,1702081832962,5529,0.103656
DOGEUSDT,BUY,LIMIT,1702082044053,45574,0.103402
DOGEUSDT,BUY,LIMIT,1702082048970,12586,0.103407
DOGEUSDT,BUY,LIMIT,1702082106889,759,0.103374
DOGEUSDT,BUY,LIMIT,1702082441745,338,0.103303
DOGEUSDT,BUY,LIMIT,1702082477044,18853,0.103489
DOGEUSDT,BUY,LIMIT,1702082493427,17834,0.103434
DOGEUSDT,BUY,LIMIT,1702082500374,6644,0.103417
DOGEUSDT,SELL,LIMIT,1702082809885,98745,0.101925
DOGEUSDT,BUY,LIMIT,1702082960883,9773,0.102987
DOGEUSDT,SELL,LIMIT,1702083635611,15653,0.101642
DOGEUSDT,SELL,LIMIT,1702083648399,10500,0.101665
DOGEUSDT,SELL,LIMIT,1702083674789,4854,0.101574
DOGEUSDT,SELL,LIMIT,1702083695054,66,0.101501
DOGEUSDT,SELL,LIMIT,1702083815153,45695,0.101402
DOGEUSDT,SELL,LIMIT,1702083841627,11478,0.101365
DOGEUSDT,SELL,LIMIT,1702083932454,2304,0.101182
DOGEUSDT,SELL,LIMIT,1702083957000,50,0.101141
DOGEUSDT,SELL,LIMIT,1702083969544,19419,0.101106
DOGEUSDT,SELL,LIMIT,1702083975198,26385,0.101047
DOGEUSDT,SELL,LIMIT,1702084025091,2289,0.100874
DOGEUSDT,SELL,LIMIT,1702084100443,48164,0.100655
DOGEUSDT,SELL,LIMIT,1702084189671,335,0.100584
DOGEUSDT,SELL,LIMIT,1702084193134,49208,0.100567
DOGEUSDT,SELL,LIMIT,1702084201681,14870,0.100547
DOGEUSDT,SELL,LIMIT,1702084214995,34065,0.100501
DOGEUSDT,SELL,LIMIT,1702084217075,16039,0.100486
DOGEUSDT,SELL,LIMIT,1702084218147,1818,0.100436
DOGEUSDT,SELL,LIMIT,1702084219373,20000,0.100455
DOGEUSDT,BUY,LIMIT,1702085555501,9,0.102087
DOGEUSDT,BUY,LIMIT,1702085794962,300,0.102510
DOGEUSDT,BUY,LIMIT,1702085900320,455,0.102449
DOGEUSDT,BUY,LIMIT,1702085901360,2117,0.102449
DOGEUSDT,BUY,LIMIT,1702086429434,144,0.102618
DOGEUSDT,BUY,LIMIT,1702086953959,73,0.102944
DOGEUSDT,BUY,LIMIT,1702087056154,11972,0.103151
DOGEUSDT,BUY,LIMIT,1702087114428,905,0.103248
DOGEUSDT,SELL,LIMIT,1702088236629,1252,0.101359
DOGEUSDT,SELL,LIMIT,1702089659397,674,0.100793
DOGEUSDT,BUY,LIMIT,1702091266960,756,0.102399
DOGEUSDT,BUY,LIMIT,1702091727483,40963,0.102465
DOGEUSDT,BUY,LIMIT,1702091764048,405,0.101370
DOGEUSDT,BUY,LIMIT,1702091771062,350,0.101207
DOGEUSDT,BUY,LIMIT,1702091785716,21728,0.102559
DOGEUSDT,BUY,LIMIT,1702091789060,42916,0.102576
DOGEUSDT,BUY,LIMIT,1702091906220,13965,0.102612
DOGEUSDT,BUY,LIMIT,1702091928370,363,0.102622
DOGEUSDT,BUY,LIMIT,1702091933373,2155,0.102626
DOGEUSDT,BUY,LIMIT,1702091969986,59,0.102602
DOGEUSDT,BUY,LIMIT,1702092149687,77,0.102691
DOGEUSDT,BUY,LIMIT,1702092417944,1058,0.102924
DOGEUSDT,BUY,LIMIT,1702092521040,54,0.102983
DOGEUSDT,BUY,LIMIT,1702092602375,3884,0.102919
DOGEUSDT,BUY,LIMIT,1702093877547,133,0.103298
DOGEUSDT,BUY,LIMIT,1702093879267,7141,0.103311
DOGEUSDT,BUY,LIMIT,1702093938765,381,0.103467
DOGEUSDT,BUY,LIMIT,1702094001345,1382,0.103490
DOGEUSDT,BUY,LIMIT,1702094418370,133,0.103534
DOGEUSDT,BUY,LIMIT,1702094571397,3012,0.103434
DOGEUSDT,BUY,LIMIT,1702094628258,41961,0.103454
DOGEUSDT,BUY,LIMIT,1702094637317,2650,0.103474
DOGEUSDT,BUY,LIMIT,1702094841574,10291,0.103243
DOGEUSDT,BUY,LIMIT,1702095571035,10000,0.103571
DOGEUSDT,BUY,LIMIT,1702095774161,11803,0.103477
DOGEUSDT,BUY,LIMIT,1702095915462,6807,0.103525
DOGEUSDT,BUY,LIMIT,1702095952902,266,0.103633
DOGEUSDT,BUY,LIMIT,1702095966332,475,0.103653
DOGEUSDT,BUY,LIMIT,1702095967383,20148,0.103650
DOGEUSDT,BUY,LIMIT,1702095972499,40000,0.103692
DOGEUSDT,BUY,LIMIT,1702095980068,8410,0.103729
DOGEUSDT,BUY,LIMIT,1702095988440,1234,0.103734
DOGEUSDT,BUY,LIMIT,1702095992270,4563,0.103761
DOGEUSDT,BUY,LIMIT,1702096001164,1178,0.103775
DOGEUSDT,BUY,LIMIT,1702096053895,449,0.103679
DOGEUSDT,BUY,LIMIT,1702096174310,41004,0.103525
DOGEUSDT,BUY,LIMIT,1702096330934,20810,0.103512
DOGEUSDT,SELL,LIMIT,1702096521068,615,0.102416
DOGEUSDT,BUY,LIMIT,1702096691060,2147,0.103805
DOGEUSDT,BUY,LIMIT,1702096712284,24428,0.103856
DOGEUSDT,BUY,LIMIT,1702096715023,3952,0.103874
DOGEUSDT,BUY,LIMIT,1702096716748,357,0.103875
DOGEUSDT,BUY,LIMIT,1702096736519,49105,0.103887
DOGEUSDT,BUY,LIMIT,1702097102507,5000,0.103920
DOGEUSDT,BUY,LIMIT,1702097135119,371,0.104035
DOGEUSDT,BUY,LIMIT,1702097138447,17377,0.104047
DOGEUSDT,BUY,LIMIT,1702097343240,198,0.104002
DOGEUSDT,BUY,LIMIT,1702097630266,27493,0.104086
DOGEUSDT,BUY,LIMIT,1702097662665,1184,0.104055
DOGEUSDT,BUY,LIMIT,1702097664605,4561,0.104072
DOGEUSDT,BUY,LIMIT,1702097666094,4696,0.104136
DOGEUSDT,BUY,LIMIT,1702098114118,280,0.104180
DOGEUSDT,BUY,LIMIT,1702098123215,5648,0.104210
DOGEUSDT,BUY,LIMIT,1702098127093,10738,0.104265
DOGEUSDT,BUY,LIMIT,1702098151996,372,0.104198
DOGEUSDT,BUY,LIMIT,1702098469087,741,0.103992
DOGEUSDT,BUY,LIMIT,1702099512520,1733,0.103803
DOGEUSDT,BUY,LIMIT,1702101200168,2172,0.103381
DOGEUSDT,BUY,LIMIT,1702101204887,26212,0.103399
DOGEUSDT,BUY,LIMIT,1702102153471,35549,0.103128
DOGEUSDT,BUY,LIMIT,1702102162539,9987,0.102707
DOGEUSDT,SELL,LIMIT,1702102276764,646,0.102066
DOGEUSDT,SELL,LIMIT,1702102277772,35000,0.102031
DOGEUSDT,SELL,LIMIT,1702102285058,560,0.102034
DOGEUSDT,BUY,LIMIT,1702102316902,10000,0.103062
DOGEUSDT,BUY,LIMIT,1702102343887,21715,0.103063
DOGEUSDT,SELL,LIMIT,1702102390680,50,0.102068
DOGEUSDT,SELL,LIMIT,1702102471648,2657,0.102004
DOGEUSDT,SELL,LIMIT,1702102537069,200,0.101972
DOGEUSDT,BUY,LIMIT,1702102963289,42435,0.103306
DOGEUSDT,BUY,LIMIT,1702103212393,3446,0.103595
DOGEUSDT,BUY,LIMIT,1702103376621,2511,0.103534
DOGEUSDT,BUY,LIMIT,1702103513212,1502,0.103404
DOGEUSDT,BUY,LIMIT,1702103600472,554,0.103281
DOGEUSDT,BUY,LIMIT,1702104792036,202,0.103896
DOGEUSDT,BUY,LIMIT,1702104831218,1234,0.103864
DOGEUSDT,BUY,LIMIT,1702104873199,72,0.103927
DOGEUSDT,BUY,LIMIT,1702104981222,1289,0.103766
DOGEUSDT,BUY,LIMIT,1702105632627,776,0.104007
DOGEUSDT,BUY,LIMIT,1702105876224,116,0.104087
DOGEUSDT,BUY,LIMIT,1702105885653,1937,0.104101
DOGEUSDT,BUY,LIMIT,1702105908477,1444,0.104056
DOGEUSDT,BUY,LIMIT,1702106031105,110,0.104118
DOGEUSDT,BUY,LIMIT,1702106081224,7541,0.104198
DOGEUSDT,BUY,LIMIT,1702106087177,694,0.104230
DOGEUSDT,BUY,LIMIT,1702106092097,260,0.104280
DOGEUSDT,BUY,LIMIT,1702106104178,32989,0.104305
DOGEUSDT,BUY,LIMIT,1702106808877,658,0.103839
DOGEUSDT,BUY,LIMIT,1702106866856,1064,0.103900
DOGEUSDT,BUY,LIMIT,1702106882670,6087,0.103922
DOGEUSDT,BUY,LIMIT,1702106888279,3573,0.103947
DOGEUSDT,BUY,LIMIT,1702106890480,3298,0.103934
DOGEUSDT,BUY,LIMIT,1702107150071,487,0.104478
DOGEUSDT,BUY,LIMIT,1702107151141,2738,0.104438
DOGEUSDT,BUY,LIMIT,1702107154073,9067,0.104566
DOGEUSDT,BUY,LIMIT,1702107155295,3576,0.104592
DOGEUSDT,BUY,LIMIT,1702107156454,2166,0.104600
DOGEUSDT,BUY,LIMIT,1702107187271,5423,0.104640
DOGEUSDT,BUY,LIMIT,1702107192999,7856,0.104689
DOGEUSDT,BUY,LIMIT,1702107206246,48728,0.104765
DOGEUSDT,BUY,LIMIT,1702107207420,47073,0.104714
DOGEUSDT,BUY,LIMIT,1702107226208,44041,0.104806
DOGEUSDT,BUY,LIMIT,1702107227500,3316,0.104848
DOGEUSDT,BUY,LIMIT,1702107229587,1207,0.104868
DOGEUSDT,BUY,LIMIT,1702107256294,1008,0.104831
DOGEUSDT,BUY,LIMIT,1702107486311,1013,0.104564
DOGEUSDT,BUY,LIMIT,1702107551432,77,0.104894
DOGEUSDT,BUY,LIMIT,1702107553090,204207,0.105046
DOGEUSDT,BUY,LIMIT,1702107557067,29365,0.104952
DOGEUSDT,BUY,LIMIT,1702107566442,3518,0.104952
DOGEUSDT,BUY,LIMIT,1702107617194,12589,0.104976
DOGEUSDT,BUY,LIMIT,1702107618344,332,0.104991
DOGEUSDT,BUY,LIMIT,1702107763000,2178,0.105048
DOGEUSDT,BUY,LIMIT,1702107764536,14459,0.105068
DOGEUSDT,BUY,LIMIT,1702107812937,2000,0.105085
DOGEUSDT,BUY,LIMIT,1702107815343,400,0.105133
DOGEUSDT,BUY,LIMIT,1702107816819,80211,0.105205
DOGEUSDT,BUY,LIMIT,1702107819659,172894,0.105305
DOGEUSDT,BUY,LIMIT,1702107822535,21358,0.105207
DOGEUSDT,BUY,LIMIT,1702107824188,54106,0.105264
DOGEUSDT,BUY,LIMIT,1702107825455,418,0.105299
DOGEUSDT,BUY,LIMIT,1702107826468,1789,0.105319
DOGEUSDT,BUY,LIMIT,1702107857517,3561,0.105166
DOGEUSDT,BUY,LIMIT,1702107982536,14255,0.105141
DOGEUSDT,BUY,LIMIT,1702107991083,1837,0.105112
DOGEUSDT,BUY,LIMIT,1702108005669,46054,0.105209
DOGEUSDT,BUY,LIMIT,1702108066144,3212,0.105143
DOGEUSDT,SELL,LIMIT,1702108239123,48,0.103400
DOGEUSDT,BUY,LIMIT,1702108294071,1268,0.104607
DOGEUSDT,BUY,LIMIT,1702108358696,963,0.104119
DOGEUSDT,BUY,LIMIT,1702108360514,1196,0.104677
DOGEUSDT,BUY,LIMIT,1702108513286,285590,0.104927
DOGEUSDT,BUY,LIMIT,1702108532625,11324,0.104829
DOGEUSDT,BUY,LIMIT,1702108549221,15357,0.104801
DOGEUSDT,BUY,LIMIT,1702108556863,11744,0.104821
DOGEUSDT,BUY,LIMIT,1702108663408,12397,0.104704
DOGEUSDT,BUY,LIMIT,1702108710678,1191,0.105248
DOGEUSDT,BUY,LIMIT,1702108729814,10441,0.105169
DOGEUSDT,BUY,LIMIT,1702108731194,15491,0.105369
DOGEUSDT,BUY,LIMIT,1702108733915,48384,0.105386
DOGEUSDT,BUY,LIMIT,1702108737373,62,0.105395
DOGEUSDT,BUY,LIMIT,1702108767737,143,0.105405
DOGEUSDT,BUY,LIMIT,1702108770855,847,0.105437
DOGEUSDT,BUY,LIMIT,1702108939293,2498,0.105102
DOGEUSDT,BUY,LIMIT,1702108948869,4917,0.105183
DOGEUSDT,SELL,LIMIT,1702109101219,4500,0.104097
DOGEUSDT,BUY,LIMIT,1702109102696,34897,0.105143
DOGEUSDT,BUY,LIMIT,1702109105216,1425578,0.105537
DOGEUSDT,BUY,LIMIT,1702109107873,13498,0.105211
DOGEUSDT,BUY,LIMIT,1702109412243,3008,0.105002
DOGEUSDT,BUY,LIMIT,1702109414644,7371,0.104985
DOGEUSDT,BUY,LIMIT,1702109416204,6868,0.104983
DOGEUSDT,BUY,LIMIT,1702109477131,3003,0.104821
DOGEUSDT,BUY,LIMIT,1702109566492,696,0.104801
DOGEUSDT,BUY,LIMIT,1702109721604,25000,0.104678
DOGEUSDT,SELL,LIMIT,1702109725063,4861,0.103872
DOGEUSDT,BUY,LIMIT,1702109775928,5000,0.104600
DOGEUSDT,BUY,LIMIT,1702109925239,78753,0.104460
DOGEUSDT,SELL,LIMIT,1702109946931,17623,0.103341
DOGEUSDT,BUY,LIMIT,1702109979972,500,0.104270
DOGEUSDT,SELL,LIMIT,1702110112166,47810,0.103185
DOGEUSDT,SELL,LIMIT,1702110163481,131,0.103159
DOGEUSDT,SELL,LIMIT,1702110164607,1825,0.103126
DOGEUSDT,BUY,LIMIT,1702110226702,16092,0.104198
DOGEUSDT,SELL,LIMIT,1702110246256,688,0.103044
DOGEUSDT,BUY,LIMIT,1702110269147,33,0.103993
DOGEUSDT,SELL,LIMIT,1702110322750,364,0.102928
DOGEUSDT,SELL,LIMIT,1702110323798,252,0.102895
DOGEUSDT,BUY,LIMIT,1702110334805,543,0.103901
DOGEUSDT,BUY,LIMIT,1702110355642,3020,0.104046
DOGEUSDT,BUY,LIMIT,1702110758017,9150,0.104094
DOGEUSDT,SELL,LIMIT,1702110841324,27644,0.102840
DOGEUSDT,SELL,LIMIT,1702110849419,575,0.102832
DOGEUSDT,SELL,LIMIT,1702110852064,2756,0.102797
DOGEUSDT,SELL,LIMIT,1702110856712,6589,0.102759
DOGEUSDT,SELL,LIMIT,1702110858524,21542,0.102719
DOGEUSDT,SELL,LIMIT,1702110876494,1124,0.102685
DOGEUSDT,SELL,LIMIT,1702110909398,5554,0.102476
DOGEUSDT,SELL,LIMIT,1702110910452,3816,0.102455
DOGEUSDT,SELL,LIMIT,1702110922694,9543,0.102318
DOGEUSDT,SELL,LIMIT,1702110931568,2205,0.102316
DOGEUSDT,SELL,LIMIT,1702110936090,4751,0.102262
DOGEUSDT,SELL,LIMIT,1702110937435,14186,0.102280
DOGEUSDT,SELL,LIMIT,1702110965430,48239,0.102217
DOGEUSDT,SELL,LIMIT,1702110968260,2427,0.102186
DOGEUSDT,SELL,LIMIT,1702110969326,35803,0.102137
DOGEUSDT,SELL,LIMIT,1702110971072,8435,0.102004
DOGEUSDT,SELL,LIMIT,1702110972234,346,0.103515
DOGEUSDT,SELL,LIMIT,1702110973616,12059,0.101945
DOGEUSDT,SELL,LIMIT,1702110975116,19450,0.101966
DOGEUSDT,SELL,LIMIT,1702110977663,4826,0.101816
DOGEUSDT,SELL,LIMIT,1702110980673,97349,0.101664
DOGEUSDT,SELL,LIMIT,1702110982114,66,0.101654
DOGEUSDT,SELL,LIMIT,1702110983299,7285,0.101566
DOGEUSDT,SELL,LIMIT,1702110984493,47932,0.102058
DOGEUSDT,SELL,LIMIT,1702110993069,180062,0.101351
DOGEUSDT,SELL,LIMIT,1702110994258,1927,0.101466
DOGEUSDT,SELL,LIMIT,1702111029953,39211,0.101426
DOGEUSDT,SELL,LIMIT,1702111032350,2144,0.101768
DOGEUSDT,SELL,LIMIT,1702111035463,627,0.102611
DOGEUSDT,SELL,LIMIT,1702111037287,25482,0.101238
DOGEUSDT,SELL,LIMIT,1702111038482,10000,0.101132
DOGEUSDT,SELL,LIMIT,1702111041342,134,0.101082
DOGEUSDT,SELL,LIMIT,1702111042519,48321,0.101082
DOGEUSDT,SELL,LIMIT,1702111043602,14376,0.100943
DOGEUSDT,SELL,LIMIT,1702111044816,862,0.100961
DOGEUSDT,SELL,LIMIT,1702111045894,12570,0.100874
DOGEUSDT,SELL,LIMIT,1702111048089,72138,0.100919
DOGEUSDT,SELL,LIMIT,1702111068553,482,0.100890
DOGEUSDT,SELL,LIMIT,1702111071005,7917,0.100822
DOGEUSDT,SELL,LIMIT,1702111072152,2650,0.100799
DOGEUSDT,SELL,LIMIT,1702111079052,200,0.100951
DOGEUSDT,SELL,LIMIT,1702111197268,14278,0.100708
DOGEUSDT,SELL,LIMIT,1702111198502,48524,0.100744
DOGEUSDT,SELL,LIMIT,1702111204125,48359,0.100679
DOGEUSDT,SELL,LIMIT,1702111205430,35943,0.100672
DOGEUSDT,SELL,LIMIT,1702111362520,7209,0.100734
DOGEUSDT,SELL,LIMIT,1702111373498,14679,0.100655
DOGEUSDT,SELL,LIMIT,1702111375938,6607,0.100642
DOGEUSDT,SELL,LIMIT,1702111377449,2777,0.100599
DOGEUSDT,SELL,LIMIT,1702111378564,70532,0.100528
DOGEUSDT,SELL,LIMIT,1702111380195,92303,0.100449
DOGEUSDT,SELL,LIMIT,1702111381691,377644,0.100333
DOGEUSDT,SELL,LIMIT,1702111383987,219,0.100658
DOGEUSDT,SELL,LIMIT,1702111385274,47187,0.100455
DOGEUSDT,SELL,LIMIT,1702111386281,6815,0.100378
DOGEUSDT,SELL,LIMIT,1702111387408,97465,0.100300
DOGEUSDT,SELL,LIMIT,1702111388599,49163,0.100256
DOGEUSDT,SELL,LIMIT,1702111392445,83219,0.100317
DOGEUSDT,BUY,LIMIT,1702111841896,320,0.102700
DOGEUSDT,BUY,LIMIT,1702111894507,5572,0.102897
DOGEUSDT,BUY,LIMIT,1702112372432,2404,0.101667
DOGEUSDT,BUY,LIMIT,1702113165308,1796,0.103091
DOGEUSDT,BUY,LIMIT,1702113166781,854,0.103096
DOGEUSDT,BUY,LIMIT,1702113573963,1661,0.103223
DOGEUSDT,BUY,LIMIT,1702114378147,1360,0.103491
DOGEUSDT,SELL,LIMIT,1702114767623,7851,0.101656
DOGEUSDT,SELL,LIMIT,1702114783237,15432,0.101636
DOGEUSDT,SELL,LIMIT,1702114884540,9317,0.101428
DOGEUSDT,SELL,LIMIT,1702114983740,615,0.101392
DOGEUSDT,SELL,LIMIT,1702114990669,5750,0.101355
DOGEUSDT,SELL,LIMIT,1702114993476,486,0.101273
DOGEUSDT,SELL,LIMIT,1702114995153,32664,0.101253
DOGEUSDT,SELL,LIMIT,1702115032482,1951,0.101155
DOGEUSDT,SELL,LIMIT,1702115035908,1080,0.101151
DOGEUSDT,SELL,LIMIT,1702115046980,508,0.101097
DOGEUSDT,SELL,LIMIT,1702115057708,4443,0.101077
DOGEUSDT,BUY,LIMIT,1702115851103,204,0.102903
DOGEUSDT,BUY,LIMIT,1702115853571,52,0.102934
DOGEUSDT,BUY,LIMIT,1702115855407,1903,0.102959
DOGEUSDT,BUY,LIMIT,1702115893247,443,0.103084
DOGEUSDT,SELL,LIMIT,1702117864442,33613,0.101411
DOGEUSDT,SELL,LIMIT,1702119252845,1328,0.102068
DOGEUSDT,SELL,LIMIT,1702119806783,77,0.102182
DOGEUSDT,SELL,LIMIT,1702120986301,63,0.101385
DOGEUSDT,SELL,LIMIT,1702121041623,5203,0.101373
DOGEUSDT,SELL,LIMIT,1702121046088,222,0.101357
DOGEUSDT,SELL,LIMIT,1702121062899,373,0.101342
DOGEUSDT,SELL,LIMIT,1702121064281,48704,0.101309
DOGEUSDT,SELL,LIMIT,1702121067604,74,0.101282
DOGEUSDT,SELL,LIMIT,1702121165196,24390,0.101155
DOGEUSDT,SELL,LIMIT,1702121166716,26500,0.101071
DOGEUSDT,SELL,LIMIT,1702121171276,49072,0.101023
DOGEUSDT,SELL,LIMIT,1702121173379,468,0.101003
DOGEUSDT,SELL,LIMIT,1702122374013,23461,0.100991
DOGEUSDT,BUY,LIMIT,1702123610157,1704,0.102863
DOGEUSDT,BUY,LIMIT,1702123749973,550,0.103015
DOGEUSDT,BUY,LIMIT,1702123868417,49111,0.103116
DOGEUSDT,BUY,LIMIT,1702123869723,2679,0.103123
DOGEUSDT,BUY,LIMIT,1702123963155,183,0.103145
DOGEUSDT,BUY,LIMIT,1702123974077,1934,0.103184
DOGEUSDT,SELL,LIMIT,1702124571102,2413,0.101274
DOGEUSDT,SELL,LIMIT,1702124901685,1244,0.101205
DOGEUSDT,SELL,LIMIT,1702124909770,27753,0.101146
DOGEUSDT,SELL,LIMIT,1702124912183,175,0.100932
DOGEUSDT,SELL,LIMIT,1702124913555,56,0.100929
DOGEUSDT,SELL,LIMIT,1702124916217,38959,0.100714
DOGEUSDT,SELL,LIMIT,1702124917267,529,0.100779
DOGEUSDT,SELL,LIMIT,1702124918413,987,0.100607
DOGEUSDT,SELL,LIMIT,1702125075878,71,0.100681
DOGEUSDT,SELL,LIMIT,1702125879555,1946,0.101121
DOGEUSDT,SELL,LIMIT,1702125882479,4962,0.101306
DOGEUSDT,BUY,LIMIT,1702126016460,12630,0.102437
DOGEUSDT,BUY,LIMIT,1702126132984,49377,0.102768
DOGEUSDT,BUY,LIMIT,1702127851575,106,0.102190
DOGEUSDT,BUY,LIMIT,1702127908076,12,0.102389
DOGEUSDT,SELL,LIMIT,1702128518992,20000,0.100868
DOGEUSDT,SELL,LIMIT,1702128592987,2168,0.100831
DOGEUSDT,SELL,LIMIT,1702128662873,1694,0.100712
DOGEUSDT,SELL,LIMIT,1702132517520,281,0.100543
DOGEUSDT,SELL,LIMIT,1702132543735,36662,0.100514
DOGEUSDT,SELL,LIMIT,1702132546536,17885,0.100493
DOGEUSDT,SELL,LIMIT,1702132547704,57,0.100444
DOGEUSDT,SELL,LIMIT,1702132562326,3271,0.100417
DOGEUSDT,SELL,LIMIT,1702132584886,672,0.100353
DOGEUSDT,SELL,LIMIT,1702132597362,49186,0.100306
DOGEUSDT,SELL,LIMIT,1702132599392,32731,0.100301
DOGEUSDT,SELL,LIMIT,1702132601121,46723,0.100289
DOGEUSDT,SELL,LIMIT,1702132602152,95926,0.100230
DOGEUSDT,SELL,LIMIT,1702132604438,1725,0.100265
DOGEUSDT,SELL,LIMIT,1702132671472,1912,0.100579
DOGEUSDT,SELL,LIMIT,1702132708928,1313,0.100267
DOGEUSDT,SELL,LIMIT,1702132772207,116552,0.100102
DOGEUSDT,SELL,LIMIT,1702132773234,49265,0.100169
DOGEUSDT,SELL,LIMIT,1702132774325,2936,0.100128
DOGEUSDT,SELL,LIMIT,1702132787294,139,0.100060
DOGEUSDT,SELL,LIMIT,1702132788529,5581,0.100057
DOGEUSDT,SELL,LIMIT,1702132789788,740,0.100046
DOGEUSDT,SELL,LIMIT,1702132790996,51153,0.100014
DOGEUSDT,SELL,LIMIT,1702132818043,15298,0.099991
DOGEUSDT,SELL,LIMIT,1702132819071,11843,0.099805
DOGEUSDT,SELL,LIMIT,1702132820113,117,0.099881
DOGEUSDT,SELL,LIMIT,1702132821214,5376,0.099717
DOGEUSDT,SELL,LIMIT,1702132822243,47983,0.099712
DOGEUSDT,SELL,LIMIT,1702132890601,258,0.099783
DOGEUSDT,SELL,LIMIT,1702132901556,190,0.099705
DOGEUSDT,SELL,LIMIT,1702132902625,3288,0.099697
DOGEUSDT,SELL,LIMIT,1702132954055,39263,0.099849
DOGEUSDT,SELL,LIMIT,1702132995639,13837,0.099680
DOGEUSDT,SELL,LIMIT,1702132996965,59,0.099668
DOGEUSDT,SELL,LIMIT,1702132998231,50,0.099628
DOGEUSDT,SELL,LIMIT,1702132999359,15151,0.099570
DOGEUSDT,SELL,LIMIT,1702133000399,5376,0.099496
DOGEUSDT,SELL,LIMIT,1702133001488,15649,0.099361
DOGEUSDT,SELL,LIMIT,1702133002494,1283,0.099371
DOGEUSDT,SELL,LIMIT,1702133003567,505,0.099169
DOGEUSDT,SELL,LIMIT,1702133004695,24915,0.099107
DOGEUSDT,SELL,LIMIT,1702133005721,17444,0.099106
DOGEUSDT,SELL,LIMIT,1702133006757,20157,0.098850
DOGEUSDT,SELL,LIMIT,1702133007865,4659,0.098943
DOGEUSDT,SELL,LIMIT,1702133008875,4132,0.098756
DOGEUSDT,SELL,LIMIT,1702133327116,485295,0.099896
DOGEUSDT,SELL,LIMIT,1702133343395,347,0.100442
DOGEUSDT,SELL,LIMIT,1702133378383,10000,0.099431
DOGEUSDT,SELL,LIMIT,1702134885164,3044,0.099401
DOGEUSDT,SELL,LIMIT,1702135414130,56,0.099660
DOGEUSDT,BUY,LIMIT,1702136015589,49935,0.101174
DOGEUSDT,BUY,LIMIT,1702136695466,2773,0.101445
DOGEUSDT,BUY,LIMIT,1702136699925,247,0.101457
DOGEUSDT,BUY,LIMIT,1702136721214,795,0.101506
DOGEUSDT,BUY,LIMIT,1702136728690,51,0.101556
DOGEUSDT,BUY,LIMIT,1702136974119,6793,0.101566
DOGEUSDT,BUY,LIMIT,1702136977915,15691,0.101597
DOGEUSDT,BUY,LIMIT,1702137006294,49825,0.101618
DOGEUSDT,BUY,LIMIT,1702137047553,8153,0.101678
DOGEUSDT,BUY,LIMIT,1702137071194,4592,0.101789
DOGEUSDT,BUY,LIMIT,1702137084385,4247,0.101810
DOGEUSDT,BUY,LIMIT,1702137668523,73,0.102078
DOGEUSDT,BUY,LIMIT,1702137798444,53,0.102250
DOGEUSDT,BUY,LIMIT,1702137812877,1631,0.102318
DOGEUSDT,BUY,LIMIT,1702137831037,1035,0.102372
DOGEUSDT,BUY,LIMIT,1702137836071,116,0.102407
DOGEUSDT,BUY,LIMIT,1702137859140,1120,0.102577
DOGEUSDT,BUY,LIMIT,1702137860888,23586,0.102607
DOGEUSDT,BUY,LIMIT,1702137921628,4742,0.102736
DOGEUSDT,BUY,LIMIT,1702137927928,2582,0.102785
DOGEUSDT,BUY,LIMIT,1702137930725,10015,0.102815
DOGEUSDT,BUY,LIMIT,1702137934580,8823,0.102932
DOGEUSDT,BUY,LIMIT,1702137935787,738,0.102949
DOGEUSDT,BUY,LIMIT,1702137938195,275,0.103038
DOGEUSDT,BUY,LIMIT,1702137942035,79800,0.103092
DOGEUSDT,SELL,LIMIT,1702138639281,4302,0.101048
DOGEUSDT,SELL,LIMIT,1702138676395,931,0.100887
DOGEUSDT,SELL,LIMIT,1702138833548,3138,0.100762
DOGEUSDT,SELL,LIMIT,1702138907716,1800,0.100692
DOGEUSDT,SELL,LIMIT,1702138929459,627,0.100598
DOGEUSDT,SELL,LIMIT,1702138953931,7508,0.101696
DOGEUSDT,SELL,LIMIT,1702138994026,3120,0.100389
DOGEUSDT,SELL,LIMIT,1702139006887,7185,0.100360
DOGEUSDT,SELL,LIMIT,1702139008152,1000,0.100287
DOGEUSDT,SELL,LIMIT,1702139016454,84,0.100262
DOGEUSDT,SELL,LIMIT,1702139117567,49835,0.100157
DOGEUSDT,SELL,LIMIT,1702139119185,14791,0.100080
DOGEUSDT,SELL,LIMIT,1702139123595,6024,0.100045
DOGEUSDT,SELL,LIMIT,1702139206256,22795,0.099958
DOGEUSDT,SELL,LIMIT,1702139207471,13057,0.099961
DOGEUSDT,SELL,LIMIT,1702139209376,52,0.099931
DOGEUSDT,SELL,LIMIT,1702139213035,9832,0.099890
DOGEUSDT,SELL,LIMIT,1702139214608,9500,0.099863
DOGEUSDT,SELL,LIMIT,1702139222636,21649,0.099713
DOGEUSDT,SELL,LIMIT,1702139263995,743,0.099712
DOGEUSDT,SELL,LIMIT,1702139267557,5572,0.099686
DOGEUSDT,SELL,LIMIT,1702139270933,4397,0.099675
DOGEUSDT,SELL,LIMIT,1702139277031,271,0.099604
DOGEUSDT,SELL,LIMIT,1702139279386,58,0.099588
DOGEUSDT,SELL,LIMIT,1702139290078,44673,0.099575
DOGEUSDT,SELL,LIMIT,1702139292079,1560,0.099571
DOGEUSDT,SELL,LIMIT,1702139306328,3805,0.099528
DOGEUSDT,SELL,LIMIT,1702140764422,38,0.100227
DOGEUSDT,SELL,LIMIT,1702141554556,22545,0.099660
DOGEUSDT,SELL,LIMIT,1702141632046,568,0.099657
DOGEUSDT,SELL,LIMIT,1702141658244,792,0.099522
DOGEUSDT,SELL,LIMIT,1702141661736,10071,0.099516
DOGEUSDT,SELL,LIMIT,1702141668235,21076,0.099477
DOGEUSDT,SELL,LIMIT,1702141673363,67,0.099439
DOGEUSDT,SELL,LIMIT,1702141676188,263,0.099427
DOGEUSDT,SELL,LIMIT,1702141692235,7971,0.099502
DOGEUSDT,SELL,LIMIT,1702141695402,39204,0.099475
DOGEUSDT,SELL,LIMIT,1702141703523,198,0.099398
DOGEUSDT,SELL,LIMIT,1702141706776,14230,0.099358
DOGEUSDT,SELL,LIMIT,1702141740254,5658,0.099349
DOGEUSDT,SELL,LIMIT,1702141741267,803,0.099299
DOGEUSDT,SELL,LIMIT,1702141742316,15716,0.099278
DOGEUSDT,SELL,LIMIT,1702141746324,61,0.099232
DOGEUSDT,SELL,LIMIT,1702141754119,46147,0.099215
DOGEUSDT,SELL,LIMIT,1702141755161,385,0.099221
DOGEUSDT,SELL,LIMIT,1702141758470,29866,0.099171
DOGEUSDT,SELL,LIMIT,1702141760511,18240,0.099167
DOGEUSDT,SELL,LIMIT,1702141764724,117716,0.099046
DOGEUSDT,SELL,LIMIT,1702141843365,18000,0.099051
DOGEUSDT,SELL,LIMIT,1702141847561,4680,0.098996
DOGEUSDT,SELL,LIMIT,1702141848636,3603,0.098961
DOGEUSDT,SELL,LIMIT,1702141850217,83665,0.098958
DOGEUSDT,SELL,LIMIT,1702141851240,1000,0.098903
DOGEUSDT,SELL,LIMIT,1702141852437,371395,0.098686
DOGEUSDT,SELL,LIMIT,1702141855529,16304,0.098920
DOGEUSDT,SELL,LIMIT,1702141857144,60945,0.098933
DOGEUSDT,SELL,LIMIT,1702141859697,57,0.098835
DOGEUSDT,SELL,LIMIT,1702142073177,26595,0.098759
DOGEUSDT,SELL,LIMIT,1702142075196,2405,0.098907
DOGEUSDT,SELL,LIMIT,1702142719767,33771,0.099336
DOGEUSDT,SELL,LIMIT,1702143031800,26095,0.098973
DOGEUSDT,SELL,LIMIT,1702143746500,2,0.129484
DOGEUSDT,SELL,LIMIT,1702143931360,1468,0.099158
DOGEUSDT,SELL,LIMIT,1702144179232,42519,0.099226
DOGEUSDT,SELL,LIMIT,1702144180447,1256,0.099132
DOGEUSDT,SELL,LIMIT,1702144629136,263,0.099063
DOGEUSDT,SELL,LIMIT,1702144644346,246,0.099043
DOGEUSDT,SELL,LIMIT,1702144694946,7317,0.098730
DOGEUSDT,SELL,LIMIT,1702144699942,18735,0.098690
DOGEUSDT,SELL,LIMIT,1702144701653,467490,0.098523
DOGEUSDT,SELL,LIMIT,1702144703188,13217,0.098651
DOGEUSDT,SELL,LIMIT,1702144704429,45685,0.098662
DOGEUSDT,SELL,LIMIT,1702144706649,2268,0.098628
DOGEUSDT,SELL,LIMIT,1702144709140,8123,0.098606
DOGEUSDT,SELL,LIMIT,1702144710187,293,0.098622
DOGEUSDT,SELL,LIMIT,1702144760085,2883,0.098571
DOGEUSDT,SELL,LIMIT,1702144761219,2345,0.098568
DOGEUSDT,SELL,LIMIT,1702144762315,550,0.098537
DOGEUSDT,SELL,LIMIT,1702144763332,302,0.098492
DOGEUSDT,SELL,LIMIT,1702144764360,48355,0.098301
DOGEUSDT,SELL,LIMIT,1702144765367,16363,0.098391
DOGEUSDT,SELL,LIMIT,1702144766382,7236,0.098255
DOGEUSDT,SELL,LIMIT,1702144795822,15694,0.098316
DOGEUSDT,SELL,LIMIT,1702144948592,37726,0.098427
DOGEUSDT,SELL,LIMIT,1702144957603,602,0.098451
DOGEUSDT,BUY,LIMIT,1702145878998,1207,0.100187
DOGEUSDT,BUY,LIMIT,1702148774869,1611,0.100969
DOGEUSDT,BUY,LIMIT,1702148777163,17500,0.100977
DOGEUSDT,BUY,LIMIT,1702149134953,308,0.101019
DOGEUSDT,BUY,LIMIT,1702152161997,1049,0.100866
DOGEUSDT,SELL,LIMIT,1702153649916,50276,0.099351
DOGEUSDT,BUY,LIMIT,1702153707618,3422,0.098956
DOGEUSDT,SELL,LIMIT,1702153766492,3609,0.099234
DOGEUSDT,SELL,LIMIT,1702153771504,3705,0.099173
DOGEUSDT,SELL,LIMIT,1702153777716,73,0.099115
DOGEUSDT,SELL,LIMIT,1702153864263,34364,0.099084
DOGEUSDT,SELL,LIMIT,1702153869330,33855,0.099016
DOGEUSDT,SELL,LIMIT,1702153875039,5969,0.098996
DOGEUSDT,SELL,LIMIT,1702153881456,470,0.098994
DOGEUSDT,SELL,LIMIT,1702153885077,5088,0.098961
DOGEUSDT,SELL,LIMIT,1702153895697,68,0.098936
DOGEUSDT,SELL,LIMIT,1702153900405,3890,0.098913
DOGEUSDT,SELL,LIMIT,1702153913398,2228,0.099023
DOGEUSDT,SELL,LIMIT,1702156370342,7315,0.098874
DOGEUSDT,BUY,LIMIT,1702157480147,2607,0.100650
DOGEUSDT,BUY,LIMIT,1702157707530,610,0.100845
DOGEUSDT,BUY,LIMIT,1702157709521,14265,0.100857
DOGEUSDT,BUY,LIMIT,1702157902475,10757,0.101110
DOGEUSDT,BUY,LIMIT,1702157968239,1021,0.101171
DOGEUSDT,BUY,LIMIT,1702159869415,51,0.101286
DOGEUSDT,BUY,LIMIT,1702159927859,5274,0.101377
DOGEUSDT,SELL,LIMIT,1702161389538,5010,0.100125
DOGEUSDT,SELL,LIMIT,1702161911235,1032,0.099697
DOGEUSDT,SELL,LIMIT,1702162110446,222,0.099587
DOGEUSDT,SELL,LIMIT,1702162181123,10935,0.099593
DOGEUSDT,SELL,LIMIT,1702162367240,64,0.099350
DOGEUSDT,SELL,LIMIT,1702162649347,2110,0.099266
DOGEUSDT,SELL,LIMIT,1702162660129,4161,0.099233
DOGEUSDT,SELL,LIMIT,1702162661248,242,0.099234
DOGEUSDT,SELL,LIMIT,1702162669283,54,0.099220
DOGEUSDT,SELL,LIMIT,1702164050478,3010,0.099187
DOGEUSDT,SELL,LIMIT,1702164140418,42402,0.098894
DOGEUSDT,SELL,LIMIT,1702164142108,99255,0.098824
DOGEUSDT,SELL,LIMIT,1702164144154,1670,0.098835
DOGEUSDT,SELL,LIMIT,1702164145620,288,0.098822
DOGEUSDT,SELL,LIMIT,1702164166655,37410,0.098766
DOGEUSDT,SELL,LIMIT,1702164195524,307,0.098761
DOGEUSDT,SELL,LIMIT,1702164205071,2675,0.098730
DOGEUSDT,SELL,LIMIT,1702164210308,47820,0.098675
DOGEUSDT,SELL,LIMIT,1702164295884,8783,0.098558
DOGEUSDT,SELL,LIMIT,1702164415512,110,0.098534
DOGEUSDT,SELL,LIMIT,1702164419092,1682,0.098520
DOGEUSDT,SELL,LIMIT,1702164433251,20000,0.098477
DOGEUSDT,SELL,LIMIT,1702164435374,289,0.098382
DOGEUSDT,SELL,LIMIT,1702164449941,5926,0.098426
DOGEUSDT,SELL,LIMIT,1702164527235,49048,0.098346
DOGEUSDT,SELL,LIMIT,1702164528375,16846,0.098339
DOGEUSDT,SELL,LIMIT,1702164530209,5000,0.098322
DOGEUSDT,SELL,LIMIT,1702164531668,16281,0.098282
DOGEUSDT,SELL,LIMIT,1702164533136,193,0.098247
DOGEUSDT,SELL,LIMIT,1702164534221,17382,0.098217
DOGEUSDT,SELL,LIMIT,1702164538933,48909,0.098208
DOGEUSDT,SELL,LIMIT,1702164542140,25234,0.098197
DOGEUSDT,SELL,LIMIT,1702164543226,2175,0.098177
DOGEUSDT,SELL,LIMIT,1702164545562,395,0.098157
DOGEUSDT,SELL,LIMIT,1702164546850,3344,0.098122
DOGEUSDT,SELL,LIMIT,1702164548108,1660,0.098101
DOGEUSDT,SELL,LIMIT,1702164578913,44787,0.098137
DOGEUSDT,SELL,LIMIT,1702164590779,448,0.098144
DOGEUSDT,SELL,LIMIT,1702164672086,2255,0.098078
DOGEUSDT,SELL,LIMIT,1702164675176,2856,0.098066
DOGEUSDT,SELL,LIMIT,1702164686277,65120,0.098015
DOGEUSDT,SELL,LIMIT,1702164688938,29419,0.098008
DOGEUSDT,SELL,LIMIT,1702164717464,32448,0.098069
DOGEUSDT,SELL,LIMIT,1702164743314,89760,0.097896
DOGEUSDT,SELL,LIMIT,1702164744315,219,0.097983
DOGEUSDT,SELL,LIMIT,1702164745472,268,0.097925
DOGEUSDT,SELL,LIMIT,1702164746475,525,0.097908
DOGEUSDT,SELL,LIMIT,1702164747952,10039,0.097782
DOGEUSDT,SELL,LIMIT,1702164749078,1591,0.097722
DOGEUSDT,SELL,LIMIT,1702164750111,10593,0.097714
DOGEUSDT,SELL,LIMIT,1702164751463,49244,0.097719
DOGEUSDT,SELL,LIMIT,1702164756652,17199,0.097737
DOGEUSDT,SELL,LIMIT,1702164764413,12549,0.097701
DOGEUSDT,SELL,LIMIT,1702164766385,7230,0.097687
DOGEUSDT,SELL,LIMIT,1702164767491,74832,0.097641
DOGEUSDT,SELL,LIMIT,1702164772264,466,0.097769
DOGEUSDT,SELL,LIMIT,1702164791120,192,0.097669
DOGEUSDT,SELL,LIMIT,1702164792505,1932,0.097665
DOGEUSDT,SELL,LIMIT,1702164797883,1499150,0.097270
DOGEUSDT,SELL,LIMIT,1702164799227,20775,0.097600
DOGEUSDT,SELL,LIMIT,1702164800316,5062,0.097529
DOGEUSDT,SELL,LIMIT,1702164801511,35722,0.097542
DOGEUSDT,SELL,LIMIT,1702164802675,4981,0.097420
DOGEUSDT,SELL,LIMIT,1702164803679,4395,0.097341
DOGEUSDT,SELL,LIMIT,1702164805209,503323,0.097046
DOGEUSDT,SELL,LIMIT,1702164806492,672,0.097226
DOGEUSDT,SELL,LIMIT,1702164807586,680,0.097212
DOGEUSDT,SELL,LIMIT,1702164808672,41215,0.097211
DOGEUSDT,SELL,LIMIT,1702164809725,99556,0.097053
DOGEUSDT,SELL,LIMIT,1702164810802,10000,0.097091
DOGEUSDT,SELL,LIMIT,1702164812819,58,0.097202
DOGEUSDT,BUY,LIMIT,1702164843248,50251,0.098264
DOGEUSDT,SELL,LIMIT,1702164865430,4122,0.097255
DOGEUSDT,SELL,LIMIT,1702164867334,37247,0.097172
DOGEUSDT,BUY,LIMIT,1702165657878,2047,0.099050
DOGEUSDT,BUY,LIMIT,1702165883490,7606,0.099192
DOGEUSDT,BUY,LIMIT,1702166487879,6475,0.099325
DOGEUSDT,BUY,LIMIT,1702167714373,106,0.099997
DOGEUSDT,BUY,LIMIT,1702168122079,9116,0.100028
DOGEUSDT,BUY,LIMIT,1702168242535,102,0.100148
DOGEUSDT,BUY,LIMIT,1702169055427,494,0.100462
DOGEUSDT,BUY,LIMIT,1702169144982,138,0.100574
DOGEUSDT,BUY,LIMIT,1702169495582,108,0.100669
DOGEUSDT,BUY,LIMIT,1702169552016,103,0.100707
DOGEUSDT,SELL,LIMIT,1702170960583,66,0.098994
DOGEUSDT,BUY,LIMIT,1702171384327,50530,0.100682
DOGEUSDT,SELL,LIMIT,1702176851501,63,0.099225
DOGEUSDT,SELL,LIMIT,1702178162823,620,0.099357
DOGEUSDT,BUY,LIMIT,1702182156264,9471,0.100945
DOGEUSDT,BUY,LIMIT,1702182158154,2987,0.100969
DOGEUSDT,BUY,LIMIT,1702182626735,3968,0.101122
DOGEUSDT,BUY,LIMIT,1702182641088,30666,0.101147
DOGEUSDT,BUY,LIMIT,1702183230194,2591,0.101191
DOGEUSDT,BUY,LIMIT,1702183347327,30698,0.101183
DOGEUSDT,BUY,LIMIT,1702186363496,31135,0.101450
DOGEUSDT,BUY,LIMIT,1702191412095,11924,0.101570
DOGEUSDT,BUY,LIMIT,1702191413127,626,0.101928
DOGEUSDT,BUY,LIMIT,1702191414163,2999,0.101999
DOGEUSDT,BUY,LIMIT,1702191416171,13461,0.102063
DOGEUSDT,BUY,LIMIT,1702191417227,88,0.102094
DOGEUSDT,BUY,LIMIT,1702191419894,11584,0.102100
DOGEUSDT,SELL,LIMIT,1702192047542,20431,0.099847
DOGEUSDT,SELL,LIMIT,1702192150054,7505,0.099812
DOGEUSDT,SELL,LIMIT,1702192719511,2667,0.099692
DOGEUSDT,SELL,LIMIT,1702192797694,533,0.099546
DOGEUSDT,SELL,LIMIT,1702192823381,10000,0.099517
DOGEUSDT,SELL,LIMIT,1702192825263,7173,0.099414
DOGEUSDT,SELL,LIMIT,1702192829341,30,0.099378
DOGEUSDT,SELL,LIMIT,1702192857533,1917,0.099313
DOGEUSDT,SELL,LIMIT,1702192873026,3444,0.099273
DOGEUSDT,SELL,LIMIT,1702192874911,25290,0.099242
DOGEUSDT,SELL,LIMIT,1702192877592,304,0.099221
DOGEUSDT,SELL,LIMIT,1702192881364,30618,0.099152
DOGEUSDT,SELL,LIMIT,1702192891301,1786,0.099124
DOGEUSDT,SELL,LIMIT,1702192913430,285,0.099092
DOGEUSDT,SELL,LIMIT,1702192914813,3419,0.099065
DOGEUSDT,BUY,LIMIT,1702193257090,143,0.100249
DOGEUSDT,SELL,LIMIT,1702193327258,996,0.099043
DOGEUSDT,SELL,LIMIT,1702193672618,248,0.099258
DOGEUSDT,SELL,LIMIT,1702193733171,49408,0.098964
DOGEUSDT,SELL,LIMIT,1702193749977,78,0.098952
DOGEUSDT,SELL,LIMIT,1702193820119,5092,0.098897
DOGEUSDT,SELL,LIMIT,1702193847376,13447,0.098851
DOGEUSDT,SELL,LIMIT,1702193855575,4893,0.098836
DOGEUSDT,SELL,LIMIT,1702193867737,448,0.098779
DOGEUSDT,SELL,LIMIT,1702193924758,6006,0.098754
DOGEUSDT,SELL,LIMIT,1702193941359,4316,0.098764
DOGEUSDT,BUY,LIMIT,1702194431093,5165,0.100381
DOGEUSDT,BUY,LIMIT,1702194455216,294,0.100564
DOGEUSDT,SELL,LIMIT,1702196181494,2121,0.099720
DOGEUSDT,SELL,LIMIT,1702196318933,49558,0.099212
DOGEUSDT,SELL,LIMIT,1702196656078,53,0.098948
DOGEUSDT,SELL,LIMIT,1702196673105,51,0.098864
DOGEUSDT,SELL,LIMIT,1702196745715,12975,0.098835
DOGEUSDT,SELL,LIMIT,1702196794377,52898,0.098772
DOGEUSDT,SELL,LIMIT,1702196798015,40000,0.098734
DOGEUSDT,SELL,LIMIT,1702196804799,5581,0.098734
DOGEUSDT,SELL,LIMIT,1702196806124,71,0.098718
DOGEUSDT,SELL,LIMIT,1702197051300,334,0.098677
DOGEUSDT,SELL,LIMIT,1702197054923,1058,0.098607
DOGEUSDT,SELL,LIMIT,1702197086993,823,0.098590
DOGEUSDT,SELL,LIMIT,1702197092530,257,0.098560
DOGEUSDT,SELL,LIMIT,1702198312247,1364,0.098720
DOGEUSDT,SELL,LIMIT,1702200284384,50055,0.098528
DOGEUSDT,SELL,LIMIT,1702200300444,30032,0.098400
DOGEUSDT,SELL,LIMIT,1702200312204,16509,0.098364
DOGEUSDT,SELL,LIMIT,1702200324764,9310,0.098346
DOGEUSDT,SELL,LIMIT,1702200327670,3308,0.098337
DOGEUSDT,SELL,LIMIT,1702200328684,167,0.098315
DOGEUSDT,SELL,LIMIT,1702200332162,57,0.098257
DOGEUSDT,SELL,LIMIT,1702200333377,21383,0.098246
DOGEUSDT,SELL,LIMIT,1702200450224,830,0.098277
DOGEUSDT,SELL,LIMIT,1702200452565,11279,0.098276
DOGEUSDT,SELL,LIMIT,1702200541490,123470,0.098152
DOGEUSDT,SELL,LIMIT,1702200591859,7450,0.098188
DOGEUSDT,SELL,LIMIT,1702200613205,103,0.098130
DOGEUSDT,SELL,LIMIT,1702200615859,29588,0.098123
DOGEUSDT,SELL,LIMIT,1702200644841,30700,0.098110
DOGEUSDT,SELL,LIMIT,1702200651689,626,0.098094
DOGEUSDT,SELL,LIMIT,1702200657516,406,0.098057
DOGEUSDT,SELL,LIMIT,1702200690339,277,0.097997
DOGEUSDT,SELL,LIMIT,1702200707049,51756,0.097980
DOGEUSDT,SELL,LIMIT,1702200708117,116,0.097979
DOGEUSDT,SELL,LIMIT,1702200729215,13436,0.097898
DOGEUSDT,SELL,LIMIT,1702200730378,13585,0.097884
DOGEUSDT,SELL,LIMIT,1702200731414,3219,0.097861
DOGEUSDT,SELL,LIMIT,1702200766849,18105,0.097855
DOGEUSDT,SELL,LIMIT,1702200772954,1105,0.097785
DOGEUSDT,SELL,LIMIT,1702200774376,215,0.097754
DOGEUSDT,SELL,LIMIT,1702200791165,492,0.097721
DOGEUSDT,SELL,LIMIT,1702200793089,3892,0.097705
DOGEUSDT,SELL,LIMIT,1702200886235,497,0.097690
DOGEUSDT,SELL,LIMIT,1702200888388,37658,0.097676
DOGEUSDT,SELL,LIMIT,1702200921621,3249,0.097583
DOGEUSDT,SELL,LIMIT,1702200928107,15290,0.097580
DOGEUSDT,SELL,LIMIT,1702200930135,125,0.097498
DOGEUSDT,SELL,LIMIT,1702200931137,5874,0.097369
DOGEUSDT,SELL,LIMIT,1702200932234,6117,0.097414
DOGEUSDT,SELL,LIMIT,1702200935518,3902,0.097292
DOGEUSDT,SELL,LIMIT,1702200937575,14699,0.097303
DOGEUSDT,SELL,LIMIT,1702200939980,2801,0.097322
DOGEUSDT,SELL,LIMIT,1702200941496,47650,0.097280
DOGEUSDT,SELL,LIMIT,1702201476004,781,0.097260
DOGEUSDT,SELL,LIMIT,1702201477705,83,0.097242
DOGEUSDT,SELL,LIMIT,1702201785117,910,0.097203
DOGEUSDT,SELL,LIMIT,1702201786250,3985,0.097054
DOGEUSDT,SELL,LIMIT,1702201787304,2938,0.097102
DOGEUSDT,SELL,LIMIT,1702202053508,40000,0.097272
DOGEUSDT,SELL,LIMIT,1702202060275,12291,0.097194
DOGEUSDT,SELL,LIMIT,1702202067378,5814,0.097142
DOGEUSDT,SELL,LIMIT,1702202075506,75164,0.097111
DOGEUSDT,SELL,LIMIT,1702202076781,21343,0.097152
DOGEUSDT,SELL,LIMIT,1702202079789,408,0.097121
DOGEUSDT,SELL,LIMIT,1702202081919,482850,0.096889
DOGEUSDT,SELL,LIMIT,1702202094128,22992,0.097037
DOGEUSDT,SELL,LIMIT,1702202095211,1410,0.097029
DOGEUSDT,SELL,LIMIT,1702202096255,1156,0.097019
DOGEUSDT,SELL,LIMIT,1702202102206,30000,0.096971
DOGEUSDT,SELL,LIMIT,1702202103453,194,0.097006
DOGEUSDT,SELL,LIMIT,1702202157134,488,0.096933
DOGEUSDT,SELL,LIMIT,1702202158219,1995,0.096956
DOGEUSDT,SELL,LIMIT,1702202159315,1451,0.096897
DOGEUSDT,SELL,LIMIT,1702202257012,648,0.096953
DOGEUSDT,SELL,LIMIT,1702202261481,1968,0.096904
DOGEUSDT,SELL,LIMIT,1702202262661,1047,0.096894
DOGEUSDT,SELL,LIMIT,1702202264255,1884,0.096886
DOGEUSDT,SELL,LIMIT,1702202266986,260,0.096882
DOGEUSDT,SELL,LIMIT,1702202268179,1963,0.096853
DOGEUSDT,SELL,LIMIT,1702202269341,143,0.096851
DOGEUSDT,SELL,LIMIT,1702202271115,49222,0.096822
DOGEUSDT,SELL,LIMIT,1702202273202,3324,0.096771
DOGEUSDT,SELL,LIMIT,1702202274414,9638,0.096775
DOGEUSDT,SELL,LIMIT,1702202275546,27031,0.096758
DOGEUSDT,SELL,LIMIT,1702202276547,1510,0.096691
DOGEUSDT,SELL,LIMIT,1702202278175,8224,0.096617
DOGEUSDT,SELL,LIMIT,1702202289480,5468,0.096615
DOGEUSDT,SELL,LIMIT,1702202290515,93,0.096602
DOGEUSDT,SELL,LIMIT,1702202291740,80925,0.096567
DOGEUSDT,SELL,LIMIT,1702202293436,521,0.096612
DOGEUSDT,SELL,LIMIT,1702202295441,1023,0.096568
DOGEUSDT,SELL,LIMIT,1702202296467,3818,0.096580
DOGEUSDT,SELL,LIMIT,1702202297847,12572,0.096585
DOGEUSDT,SELL,LIMIT,1702202299095,98,0.096555
DOGEUSDT,SELL,LIMIT,1702202304811,6515,0.096542
DOGEUSDT,SELL,LIMIT,1702202310941,38422,0.096535
DOGEUSDT,SELL,LIMIT,1702202314125,1166,0.096533
DOGEUSDT,SELL,LIMIT,1702202318309,2134,0.096510
DOGEUSDT,SELL,LIMIT,1702202319352,24873,0.096530
DOGEUSDT,SELL,LIMIT,1702202320383,8431,0.096455
DOGEUSDT,SELL,LIMIT,1702202321393,1972,0.096511
DOGEUSDT,SELL,LIMIT,1702202323123,22893,0.096380
DOGEUSDT,SELL,LIMIT,1702202325148,3699,0.096361
DOGEUSDT,SELL,LIMIT,1702202361120,58,0.096954
DOGEUSDT,SELL,LIMIT,1702202366355,2324,0.096488
DOGEUSDT,SELL,LIMIT,1702202371876,145,0.096456
DOGEUSDT,SELL,LIMIT,1702202373039,484,0.096446
DOGEUSDT,SELL,LIMIT,1702202374162,1105,0.096396
DOGEUSDT,SELL,LIMIT,1702202378613,3775,0.096376
DOGEUSDT,SELL,LIMIT,1702202380074,836,0.096529
DOGEUSDT,SELL,LIMIT,1702202383124,332,0.096317
DOGEUSDT,SELL,LIMIT,1702202386406,28636,0.096356
DOGEUSDT,SELL,LIMIT,1702202387910,3898,0.096336
DOGEUSDT,SELL,LIMIT,1702202388982,14539,0.096331
DOGEUSDT,SELL,LIMIT,1702202390755,1063,0.096326
DOGEUSDT,SELL,LIMIT,1702202395690,389,0.096336
DOGEUSDT,SELL,LIMIT,1702202399004,1161,0.096326
DOGEUSDT,SELL,LIMIT,1702202400203,220776,0.096172
DOGEUSDT,SELL,LIMIT,1702202401355,16570,0.096281
DOGEUSDT,SELL,LIMIT,1702202404182,1829,0.096257
DOGEUSDT,SELL,LIMIT,1702202405625,194,0.096263
DOGEUSDT,BUY,LIMIT,1702202614068,6989,0.097997
DOGEUSDT,BUY,LIMIT,1702203376863,7691,0.098334
DOGEUSDT,BUY,LIMIT,1702206503302,21726,0.098729
DOGEUSDT,BUY,LIMIT,1702206842404,3586,0.098861
DOGEUSDT,BUY,LIMIT,1702207085297,1486,0.098878
DOGEUSDT,BUY,LIMIT,1702207086501,1538,0.098889
DOGEUSDT,BUY,LIMIT,1702207117711,2544,0.099074
DOGEUSDT,BUY,LIMIT,1702207181338,151,0.099197
DOGEUSDT,BUY,LIMIT,1702207190306,968,0.099338
DOGEUSDT,BUY,LIMIT,1702207192151,700,0.099358
DOGEUSDT,BUY,LIMIT,1702207927608,1701,0.099054
DOGEUSDT,SELL,LIMIT,1702209052165,10163,0.098003
DOGEUSDT,BUY,LIMIT,1702209085721,10000,0.098850
DOGEUSDT,BUY,LIMIT,1702209155006,11620,0.098984
DOGEUSDT,SELL,LIMIT,1702209294406,950,0.097988
DOGEUSDT,BUY,LIMIT,1702209795293,5132,0.098989
DOGEUSDT,BUY,LIMIT,1702210268269,12789,0.099379
DOGEUSDT,BUY,LIMIT,1702210313137,11627,0.099415
DOGEUSDT,BUY,LIMIT,1702210314156,1175,0.099421
DOGEUSDT,BUY,LIMIT,1702210570309,2479,0.099503
DOGEUSDT,BUY,LIMIT,1702210737559,90,0.099672
DOGEUSDT,BUY,LIMIT,1702210765926,284,0.099713
DOGEUSDT,BUY,LIMIT,1702210811255,7580,0.099742
DOGEUSDT,BUY,LIMIT,1702210840278,154,0.099749
DOGEUSDT,BUY,LIMIT,1702210841663,568,0.099751
DOGEUSDT,BUY,LIMIT,1702210842678,4467,0.099753
DOGEUSDT,BUY,LIMIT,1702211175079,2194,0.099909
DOGEUSDT,BUY,LIMIT,1702211226134,77,0.099996
DOGEUSDT,BUY,LIMIT,1702211245686,110,0.100227
DOGEUSDT,BUY,LIMIT,1702211246890,97,0.100300
DOGEUSDT,BUY,LIMIT,1702211354109,16650,0.100554
DOGEUSDT,BUY,LIMIT,1702211532079,1193,0.100581
DOGEUSDT,BUY,LIMIT,1702212906509,5759,0.100611
DOGEUSDT,SELL,LIMIT,1702215120881,4589,0.099471
DOGEUSDT,BUY,LIMIT,1702216039953,9051,0.100825
DOGEUSDT,BUY,LIMIT,1702216046217,505,0.100842
DOGEUSDT,BUY,LIMIT,1702216100542,12291,0.100892
DOGEUSDT,BUY,LIMIT,1702216102946,23247,0.100926
DOGEUSDT,BUY,LIMIT,1702216145034,31414,0.100971
DOGEUSDT,BUY,LIMIT,1702216162953,9557,0.101003
DOGEUSDT,BUY,LIMIT,1702216167562,1253,0.101060
DOGEUSDT,BUY,LIMIT,1702216420536,12676,0.100884
DOGEUSDT,BUY,LIMIT,1702217310803,15268,0.101185
DOGEUSDT,BUY,LIMIT,1702217314206,1764,0.101187
DOGEUSDT,BUY,LIMIT,1702217336607,963,0.101237
DOGEUSDT,BUY,LIMIT,1702217370763,2321,0.101277
DOGEUSDT,BUY,LIMIT,1702217418481,58,0.101320
DOGEUSDT,BUY,LIMIT,1702217651990,549,0.101430
DOGEUSDT,BUY,LIMIT,1702217725958,49704,0.101471
DOGEUSDT,BUY,LIMIT,1702220958282,47427,0.101022
DOGEUSDT,BUY,LIMIT,1702221439108,500,0.101233
DOGEUSDT,SELL,LIMIT,1702221975216,826,0.109619
DOGEUSDT,BUY,LIMIT,1702222122673,12496,0.101160
DOGEUSDT,BUY,LIMIT,1702224206041,498,0.101558
DOGEUSDT,BUY,LIMIT,1702224211164,1575,0.101590
DOGEUSDT,BUY,LIMIT,1702224218463,742,0.101633
DOGEUSDT,BUY,LIMIT,1702224228730,77254,0.101736
DOGEUSDT,BUY,LIMIT,1702226824736,1186,0.101539
DOGEUSDT,SELL,LIMIT,1702228900236,99192,0.099859
DOGEUSDT,SELL,LIMIT,1702229864280,2153,0.099759
DOGEUSDT,SELL,LIMIT,1702230083200,1776,0.099644
DOGEUSDT,SELL,LIMIT,1702230144273,47057,0.099580
DOGEUSDT,SELL,LIMIT,1702230148221,1841,0.099553
DOGEUSDT,SELL,LIMIT,1702230149445,272,0.099560
DOGEUSDT,SELL,LIMIT,1702230153216,67,0.099551
DOGEUSDT,SELL,LIMIT,1702230174439,3749,0.099541
DOGEUSDT,SELL,LIMIT,1702230184130,1621,0.099470
DOGEUSDT,SELL,LIMIT,1702230185143,187,0.099486
DOGEUSDT,SELL,LIMIT,1702230189223,49553,0.099435
DOGEUSDT,SELL,LIMIT,1702230190299,57,0.099438
DOGEUSDT,SELL,LIMIT,1702230207792,4984,0.099418
DOGEUSDT,SELL,LIMIT,1702230220105,9933,0.099377
DOGEUSDT,SELL,LIMIT,1702230221222,812,0.099381
DOGEUSDT,BUY,LIMIT,1702231402862,54,0.101313
DOGEUSDT,BUY,LIMIT,1702231420566,18056,0.101392
DOGEUSDT,BUY,LIMIT,1702231984409,5213,0.101587
DOGEUSDT,BUY,LIMIT,1702231990693,385,0.101617
DOGEUSDT,BUY,LIMIT,1702232055366,9610,0.101665
DOGEUSDT,BUY,LIMIT,1702232067454,12243,0.101711
DOGEUSDT,BUY,LIMIT,1702232069849,21369,0.101740
DOGEUSDT,BUY,LIMIT,1702232103949,62326,0.101771
DOGEUSDT,BUY,LIMIT,1702232112110,129,0.101802
DOGEUSDT,BUY,LIMIT,1702232113252,97,0.101841
DOGEUSDT,BUY,LIMIT,1702232115207,1269,0.101869
DOGEUSDT,BUY,LIMIT,1702232124087,226,0.101979
DOGEUSDT,BUY,LIMIT,1702232125133,5052,0.101981
DOGEUSDT,BUY,LIMIT,1702232126244,859,0.102031
DOGEUSDT,BUY,LIMIT,1702232130102,1607,0.102123
DOGEUSDT,BUY,LIMIT,1702232136918,5251,0.102130
DOGEUSDT,BUY,LIMIT,1702232138222,94,0.102141
DOGEUSDT,BUY,LIMIT,1702232173164,6097,0.102241
DOGEUSDT,BUY,LIMIT,1702232174186,70202,0.102250
DOGEUSDT,BUY,LIMIT,1702232179160,1980,0.102297
DOGEUSDT,BUY,LIMIT,1702232181671,176,0.102298
DOGEUSDT,BUY,LIMIT,1702232387412,3050,0.102097
DOGEUSDT,BUY,LIMIT,1702234740959,1200,0.102370
DOGEUSDT,BUY,LIMIT,1702234746422,32622,0.102408
DOGEUSDT,BUY,LIMIT,1702234747619,3455,0.102428
DOGEUSDT,BUY,LIMIT,1702235050144,35000,0.102525
DOGEUSDT,BUY,LIMIT,1702235051359,655,0.102473
DOGEUSDT,BUY,LIMIT,1702235516445,40928,0.102559
DOGEUSDT,BUY,LIMIT,1702235518566,2623,0.102595
DOGEUSDT,BUY,LIMIT,1702235528323,99,0.102622
DOGEUSDT,BUY,LIMIT,1702235531270,4956,0.102660
DOGEUSDT,BUY,LIMIT,1702235534635,646,0.102676
DOGEUSDT,BUY,LIMIT,1702235541232,6788,0.102722
DOGEUSDT,BUY,LIMIT,1702235542458,14818,0.102729
DOGEUSDT,BUY,LIMIT,1702235551555,2100,0.102756
DOGEUSDT,BUY,LIMIT,1702235556451,4371,0.102833
DOGEUSDT,BUY,LIMIT,1702235582156,36049,0.102934
DOGEUSDT,BUY,LIMIT,1702235583270,405,0.102949
DOGEUSDT,BUY,LIMIT,1702235613858,12123,0.102894
DOGEUSDT,BUY,LIMIT,1702237884469,431,0.102383
DOGEUSDT,BUY,LIMIT,1702238077355,100512,0.102653
DOGEUSDT,BUY,LIMIT,1702238954975,10000,0.102446
DOGEUSDT,BUY,LIMIT,1702239569009,784,0.101456
DOGEUSDT,BUY,LIMIT,1702239877878,3068,0.102377
DOGEUSDT,BUY,LIMIT,1702240375900,4604,0.102431
DOGEUSDT,BUY,LIMIT,1702240537280,970,0.102566
DOGEUSDT,BUY,LIMIT,1702240550815,2666,0.102546
DOGEUSDT,BUY,LIMIT,1702240614082,2382,0.102779
DOGEUSDT,BUY,LIMIT,1702240736700,1414,0.102914
DOGEUSDT,BUY,LIMIT,1702240744176,23071,0.102941
DOGEUSDT,BUY,LIMIT,1702240762134,2279,0.102932
DOGEUSDT,BUY,LIMIT,1702240764155,987,0.102932
DOGEUSDT,BUY,LIMIT,1702240787115,1616,0.103050
DOGEUSDT,SELL,LIMIT,1702240794217,53,0.101990
DOGEUSDT,BUY,LIMIT,1702240935625,78920,0.103082
DOGEUSDT,BUY,LIMIT,1702241024169,212,0.103053
DOGEUSDT,BUY,LIMIT,1702241059561,1100,0.103062
DOGEUSDT,BUY,LIMIT,1702241078432,22271,0.103062
DOGEUSDT,SELL,LIMIT,1702241182471,1,0.101873
DOGEUSDT,BUY,LIMIT,1702241605002,17350,0.103130
DOGEUSDT,BUY,LIMIT,1702241608338,258483,0.103306
DOGEUSDT,BUY,LIMIT,1702241609829,422,0.103185
DOGEUSDT,BUY,LIMIT,1702241636158,2439,0.103225
DOGEUSDT,BUY,LIMIT,1702241642615,221,0.103243
DOGEUSDT,BUY,LIMIT,1702241658497,20881,0.103256
DOGEUSDT,BUY,LIMIT,1702241661933,301,0.103274
DOGEUSDT,BUY,LIMIT,1702241713176,853,0.103284
DOGEUSDT,BUY,LIMIT,1702241758357,15039,0.103309
DOGEUSDT,BUY,LIMIT,1702241769144,1867,0.103310
DOGEUSDT,BUY,LIMIT,1702241791122,346,0.103299
DOGEUSDT,BUY,LIMIT,1702242396390,25521,0.102945
DOGEUSDT,BUY,LIMIT,1702242403441,172501,0.103135
DOGEUSDT,BUY,LIMIT,1702242552881,39333,0.103323
DOGEUSDT,SELL,LIMIT,1702243711109,36460,0.101421
DOGEUSDT,SELL,LIMIT,1702243712147,1462,0.101425
DOGEUSDT,SELL,LIMIT,1702243726336,7113,0.101374
DOGEUSDT,SELL,LIMIT,1702243939694,1145,0.101352
DOGEUSDT,SELL,LIMIT,1702243946256,22332,0.101314
DOGEUSDT,SELL,LIMIT,1702243947510,62,0.101284
DOGEUSDT,BUY,LIMIT,1702245656170,4098,0.102409
DOGEUSDT,SELL,LIMIT,1702245685290,1947,0.101212
DOGEUSDT,SELL,LIMIT,1702245700141,10000,0.101250
DOGEUSDT,SELL,LIMIT,1702245701346,15101,0.101172
DOGEUSDT,SELL,LIMIT,1702245703147,3552,0.101161
DOGEUSDT,BUY,LIMIT,1702245722310,59,0.102160
DOGEUSDT,SELL,LIMIT,1702250154313,2700,0.101268
DOGEUSDT,SELL,LIMIT,1702250176546,40327,0.101236
DOGEUSDT,SELL,LIMIT,1702250245122,347,0.101189
DOGEUSDT,SELL,LIMIT,1702250246320,488,0.101174
DOGEUSDT,SELL,LIMIT,1702250248217,1895,0.101136
DOGEUSDT,SELL,LIMIT,1702250280279,14625,0.101117
DOGEUSDT,SELL,LIMIT,1702250283480,70,0.101107
DOGEUSDT,SELL,LIMIT,1702250294503,12570,0.101077
DOGEUSDT,SELL,LIMIT,1702250297346,7159,0.101040
DOGEUSDT,SELL,LIMIT,1702250300139,4144,0.100988
DOGEUSDT,SELL,LIMIT,1702250301342,9693,0.100967
DOGEUSDT,SELL,LIMIT,1702250304461,145,0.100942
DOGEUSDT,SELL,LIMIT,1702250341349,1087,0.101177
DOGEUSDT,SELL,LIMIT,1702250477021,1607,0.100932
DOGEUSDT,SELL,LIMIT,1702250544960,24366,0.100898
DOGEUSDT,SELL,LIMIT,1702250548188,153,0.100840
DOGEUSDT,BUY,LIMIT,1702252995053,412,0.100776
DOGEUSDT,BUY,LIMIT,1702253053307,45000,0.102787
DOGEUSDT,BUY,LIMIT,1702253834533,48,0.102105
DOGEUSDT,BUY,LIMIT,1702254152541,359,0.102319
DOGEUSDT,BUY,LIMIT,1702254415654,75306,0.102462
DOGEUSDT,BUY,LIMIT,1702255831649,11387,0.102925
DOGEUSDT,BUY,LIMIT,1702255832923,5058,0.102954
DOGEUSDT,SELL,LIMIT,1702256168520,945,0.101428
DOGEUSDT,SELL,LIMIT,1702256440206,78,0.100949
DOGEUSDT,SELL,LIMIT,1702256500925,6521,0.100857
DOGEUSDT,SELL,LIMIT,1702256502501,23407,0.100826
DOGEUSDT,SELL,LIMIT,1702256503537,4395,0.100810
DOGEUSDT,SELL,LIMIT,1702256504678,5897,0.100760
DOGEUSDT,SELL,LIMIT,1702256506449,22737,0.100691
DOGEUSDT,SELL,LIMIT,1702256567228,671,0.100675
DOGEUSDT,SELL,LIMIT,1702256575056,1305,0.100665
DOGEUSDT,SELL,LIMIT,1702256576371,14323,0.100636
DOGEUSDT,SELL,LIMIT,1702256581106,20000,0.100651
DOGEUSDT,SELL,LIMIT,1702256599107,365,0.100598
DOGEUSDT,SELL,LIMIT,1702256600580,20370,0.100592
DOGEUSDT,SELL,LIMIT,1702256606111,14538,0.100566
DOGEUSDT,SELL,LIMIT,1702256607215,10349,0.100559
DOGEUSDT,SELL,LIMIT,1702256608549,2867,0.100546
DOGEUSDT,SELL,LIMIT,1702256610128,4562,0.100520
DOGEUSDT,SELL,LIMIT,1702256612831,7763,0.100509
DOGEUSDT,SELL,LIMIT,1702256614344,21166,0.100470
DOGEUSDT,SELL,LIMIT,1702256615491,19493,0.100432
DOGEUSDT,SELL,LIMIT,1702256617796,14132,0.100430
DOGEUSDT,SELL,LIMIT,1702256619555,10812,0.100392
DOGEUSDT,SELL,LIMIT,1702256621020,89,0.100378
DOGEUSDT,SELL,LIMIT,1702256622253,2895,0.100365
DOGEUSDT,SELL,LIMIT,1702256624301,37748,0.100320
DOGEUSDT,SELL,LIMIT,1702256660443,2145,0.100306
DOGEUSDT,SELL,LIMIT,1702256661620,9004,0.100265
DOGEUSDT,SELL,LIMIT,1702256716742,540497,0.100127
DOGEUSDT,SELL,LIMIT,1702256722249,257,0.100189
DOGEUSDT,SELL,LIMIT,1702256724030,851,0.100170
DOGEUSDT,SELL,LIMIT,1702256726272,9370,0.100156
DOGEUSDT,SELL,LIMIT,1702256729944,64,0.100145
DOGEUSDT,SELL,LIMIT,1702256886574,376,0.100123
DOGEUSDT,SELL,LIMIT,1702256888082,28312,0.100085
DOGEUSDT,SELL,LIMIT,1702256889977,87,0.100074
DOGEUSDT,SELL,LIMIT,1702256891112,370,0.100049
DOGEUSDT,SELL,LIMIT,1702256909456,1479,0.100001
DOGEUSDT,SELL,LIMIT,1702256911428,85000,0.099945
DOGEUSDT,SELL,LIMIT,1702256912469,502,0.099957
DOGEUSDT,SELL,LIMIT,1702256913943,33189,0.099930
DOGEUSDT,SELL,LIMIT,1702256915128,1296,0.109733
DOGEUSDT,SELL,LIMIT,1702256916374,9820,0.099826
DOGEUSDT,SELL,LIMIT,1702256917687,3000,0.099806
DOGEUSDT,SELL,LIMIT,1702256921365,4176,0.099755
DOGEUSDT,SELL,LIMIT,1702256985874,7161,0.099711
DOGEUSDT,SELL,LIMIT,1702256992955,1986,0.099722
DOGEUSDT,SELL,LIMIT,1702256994244,77374,0.099652
DOGEUSDT,SELL,LIMIT,1702257007313,3819,0.099684
DOGEUSDT,SELL,LIMIT,1702257008881,1964,0.099615
DOGEUSDT,BUY,LIMIT,1702257875486,49263,0.101738
DOGEUSDT,BUY,LIMIT,1702257884867,17117,0.101787
DOGEUSDT,BUY,LIMIT,1702258297607,49716,0.101890
DOGEUSDT,BUY,LIMIT,1702258369807,3729,0.102174
DOGEUSDT,BUY,LIMIT,1702258698482,11666,0.102478
DOGEUSDT,BUY,LIMIT,1702258700468,88,0.102494
DOGEUSDT,BUY,LIMIT,1702258875660,3049,0.102632
DOGEUSDT,BUY,LIMIT,1702258937539,17448,0.102719
DOGEUSDT,BUY,LIMIT,1702258942985,1982,0.102875
DOGEUSDT,BUY,LIMIT,1702259096621,1136,0.103103
DOGEUSDT,BUY,LIMIT,1702259116647,662,0.103144
DOGEUSDT,BUY,LIMIT,1702259119341,9350,0.103263
DOGEUSDT,BUY,LIMIT,1702259121448,883,0.103409
DOGEUSDT,BUY,LIMIT,1702259122457,178,0.103404
DOGEUSDT,BUY,LIMIT,1702259124133,37136,0.103477
DOGEUSDT,BUY,LIMIT,1702259128560,1478,0.103531
DOGEUSDT,BUY,LIMIT,1702259138695,5322,0.103644
DOGEUSDT,BUY,LIMIT,1702259139710,12967,0.103678
DOGEUSDT,BUY,LIMIT,1702259141059,307,0.103719
DOGEUSDT,BUY,LIMIT,1702259146216,100,0.103736
DOGEUSDT,BUY,LIMIT,1702259148476,3314,0.103774
DOGEUSDT,BUY,LIMIT,1702259150339,155235,0.103946
DOGEUSDT,BUY,LIMIT,1702259161139,28342,0.103902
DOGEUSDT,BUY,LIMIT,1702259162622,8657,0.103903
DOGEUSDT,BUY,LIMIT,1702259170230,102,0.103990
DOGEUSDT,BUY,LIMIT,1702259173635,50,0.104043
DOGEUSDT,BUY,LIMIT,1702259260624,37191,0.104094
DOGEUSDT,BUY,LIMIT,1702259307896,218,0.104113
DOGEUSDT,BUY,LIMIT,1702259313216,97,0.104153
DOGEUSDT,BUY,LIMIT,1702259314541,2577,0.104226
DOGEUSDT,BUY,LIMIT,1702259315548,9375,0.104202
DOGEUSDT,BUY,LIMIT,1702259316936,2497,0.104227
DOGEUSDT,BUY,LIMIT,1702259320060,1465,0.104299
DOGEUSDT,BUY,LIMIT,1702259321202,201,0.104350
DOGEUSDT,BUY,LIMIT,1702259322845,201,0.104407
DOGEUSDT,BUY,LIMIT,1702259327054,3677,0.104474
DOGEUSDT,BUY,LIMIT,1702259328062,2095,0.104538
DOGEUSDT,BUY,LIMIT,1702259361102,15546,0.104573
DOGEUSDT,BUY,LIMIT,1702259362557,308,0.104567
DOGEUSDT,BUY,LIMIT,1702259364235,2107,0.104624
DOGEUSDT,BUY,LIMIT,1702259377828,569,0.104669
DOGEUSDT,BUY,LIMIT,1702259475586,30595,0.104738
DOGEUSDT,BUY,LIMIT,1702259478349,2790,0.104837
DOGEUSDT,BUY,LIMIT,1702259480006,1620,0.104920
DOGEUSDT,BUY,LIMIT,1702259481294,833,0.104972
DOGEUSDT,BUY,LIMIT,1702259482487,137616,0.105139
DOGEUSDT,BUY,LIMIT,1702259483506,1325,0.105101
DOGEUSDT,BUY,LIMIT,1702259484990,12795,0.105140
DOGEUSDT,BUY,LIMIT,1702259486364,243109,0.105385
DOGEUSDT,BUY,LIMIT,1702259489999,43692,0.105270
DOGEUSDT,BUY,LIMIT,1702259497303,486,0.105312
DOGEUSDT,BUY,LIMIT,1702259498423,2883,0.105365
DOGEUSDT,BUY,LIMIT,1702259501267,200,0.105416
DOGEUSDT,BUY,LIMIT,1702259504158,1275,0.105436
DOGEUSDT,BUY,LIMIT,1702259511699,761,0.105477
DOGEUSDT,BUY,LIMIT,1702259523677,49504,0.105511
DOGEUSDT,BUY,LIMIT,1702259537398,23222,0.105526
DOGEUSDT,BUY,LIMIT,1702259539186,540,0.105559
DOGEUSDT,BUY,LIMIT,1702259548449,4132,0.105646
DOGEUSDT,BUY,LIMIT,1702259553790,80,0.105690
DOGEUSDT,BUY,LIMIT,1702259556027,20009,0.105694
DOGEUSDT,BUY,LIMIT,1702259557222,974,0.105764
DOGEUSDT,BUY,LIMIT,1702259558643,441609,0.105983
DOGEUSDT,BUY,LIMIT,1702259562398,121,0.105838
DOGEUSDT,BUY,LIMIT,1702259564053,146135,0.106008
DOGEUSDT,BUY,LIMIT,1702259565497,100,0.105996
DOGEUSDT,BUY,LIMIT,1702259566650,21319,0.106019
DOGEUSDT,BUY,LIMIT,1702259576147,8000,0.106076
DOGEUSDT,BUY,LIMIT,1702259577303,109834,0.106180
DOGEUSDT,BUY,LIMIT,1702259616562,15025,0.106135
DOGEUSDT,BUY,LIMIT,1702259617724,20348,0.106158
DOGEUSDT,BUY,LIMIT,1702259618760,470,0.106284
DOGEUSDT,BUY,LIMIT,1702259619856,9677,0.106322
DOGEUSDT,BUY,LIMIT,1702259621749,1157,0.106307
DOGEUSDT,BUY,LIMIT,1702259625357,2000,0.106394
DOGEUSDT,BUY,LIMIT,1702259626606,1013,0.106348
DOGEUSDT,BUY,LIMIT,1702259627663,1452,0.106408
DOGEUSDT,BUY,LIMIT,1702259628749,7414,0.106561
DOGEUSDT,BUY,LIMIT,1702259630841,100731,0.106669
DOGEUSDT,BUY,LIMIT,1702259632384,25931,0.106647
DOGEUSDT,BUY,LIMIT,1702259633521,27722,0.106649
DOGEUSDT,BUY,LIMIT,1702259635356,80374,0.106717
DOGEUSDT,BUY,LIMIT,1702259638685,1307,0.106700
DOGEUSDT,BUY,LIMIT,1702259643596,3649,0.106720
DOGEUSDT,BUY,LIMIT,1702259645439,5258,0.106748
DOGEUSDT,BUY,LIMIT,1702259646512,4035,0.106743
DOGEUSDT,BUY,LIMIT,1702259647756,58,0.106790
DOGEUSDT,BUY,LIMIT,1702259648868,1705,0.106930
DOGEUSDT,BUY,LIMIT,1702259650164,680,0.107095
DOGEUSDT,BUY,LIMIT,1702259651234,256575,0.107343
DOGEUSDT,BUY,LIMIT,1702259653959,55267,0.107156
DOGEUSDT,BUY,LIMIT,1702259656053,15051,0.107269
DOGEUSDT,BUY,LIMIT,1702259657113,547276,0.107539
DOGEUSDT,BUY,LIMIT,1702259658156,11755,0.107317
DOGEUSDT,BUY,LIMIT,1702259659211,4750,0.107408
DOGEUSDT,BUY,LIMIT,1702259660264,496,0.107355
DOGEUSDT,BUY,LIMIT,1702259662136,7364,0.107571
DOGEUSDT,BUY,LIMIT,1702259663194,4031,0.107506
DOGEUSDT,BUY,LIMIT,1702259664231,1953,0.107673
DOGEUSDT,BUY,LIMIT,1702259665290,60,0.107616
DOGEUSDT,BUY,LIMIT,1702259666531,845,0.107686
DOGEUSDT,BUY,LIMIT,1702259667685,8615,0.107735
DOGEUSDT,BUY,LIMIT,1702259668928,32733,0.107848
DOGEUSDT,BUY,LIMIT,1702259686462,190,0.107831
DOGEUSDT,SELL,LIMIT,1702259728205,10873,0.105761
DOGEUSDT,SELL,LIMIT,1702259742264,839,0.105699
DOGEUSDT,SELL,LIMIT,1702259745715,3439,0.105648
DOGEUSDT,SELL,LIMIT,1702259787908,28566,0.105139
DOGEUSDT,SELL,LIMIT,1702259806739,46663,0.104895
DOGEUSDT,SELL,LIMIT,1702259833358,4028,0.104764
DOGEUSDT,SELL,LIMIT,1702259838580,211,0.104599
DOGEUSDT,SELL,LIMIT,1702259841475,9814,0.104482
