Symbol,Side,Order Type,Time,Quantity,Price
DOGEUSDT,BUY,LIMIT,1701916419190,5170,0.097969
DOGEUSDT,SELL,LIMIT,1701917274058,1047,0.099634
DOGEUSDT,SELL,LIMIT,1701917573751,3643,0.096991
DOGEUSDT,BUY,LIMIT,1701918795674,77,0.097818
DOGEUSDT,BUY,LIMIT,1701918816154,7031,0.097995
DOGEUSDT,BUY,LIMIT,1701918831547,5760,0.098097
DOGEUSDT,BUY,LIMIT,1701918835186,3664,0.098120
DOGEUSDT,BUY,LIMIT,1701918837122,2946,0.098156
DOGEUSDT,BUY,LIMIT,1701918840202,537,0.098203
DOGEUSDT,BUY,LIMIT,1701918841236,40,0.098201
DOGEUSDT,BUY,LIMIT,1701921142054,2732,0.098236
DOGEUSDT,BUY,LIMIT,1701921145184,1757,0.098267
DOGEUSDT,BUY,LIMIT,1701921986681,51615,0.097755
DOGEUSDT,BUY,LIMIT,1701922073349,1601,0.097854
DOGEUSDT,BUY,LIMIT,1701923251728,4439,0.097671
DOGEUSDT,BUY,LIMIT,1701924209446,6427,0.098310
DOGEUSDT,BUY,LIMIT,1701924255613,932,0.098363
DOGEUSDT,BUY,LIMIT,1701924260131,7500,0.098369
DOGEUSDT,BUY,LIMIT,1701924263281,8481,0.098381
DOGEUSDT,BUY,LIMIT,1701924294034,217,0.098501
DOGEUSDT,BUY,LIMIT,1701924296360,5814,0.098513
DOGEUSDT,SELL,LIMIT,1701924304786,338,0.097545
DOGEUSDT,BUY,LIMIT,1701924351328,506,0.098550
DOGEUSDT,BUY,LIMIT,1701924353231,337,0.098583
DOGEUSDT,BUY,LIMIT,1701924354277,75,0.098575
DOGEUSDT,BUY,LIMIT,1701924356773,719,0.098737
DOGEUSDT,SELL,LIMIT,1701925030357,1943,0.096857
DOGEUSDT,SELL,LIMIT,1701925266151,4114,0.096826
DOGEUSDT,SELL,LIMIT,1701925274476,122,0.096814
DOGEUSDT,SELL,LIMIT,1701926210191,51521,0.096678
DOGEUSDT,BUY,LIMIT,1701926971748,1660,0.098376
DOGEUSDT,BUY,LIMIT,1701926993296,409,0.098477
DOGEUSDT,BUY,LIMIT,1701927621071,22504,0.098548
DOGEUSDT,BUY,LIMIT,1701927624955,206,0.098589
DOGEUSDT,SELL,LIMIT,1701929609462,2723,0.096780
DOGEUSDT,SELL,LIMIT,1701930102636,727,0.096472
DOGEUSDT,SELL,LIMIT,1701930939637,9577,0.096403
DOGEUSDT,SELL,LIMIT,1701931569112,813,0.097778
DOGEUSDT,SELL,LIMIT,1701931587490,177,0.096351
DOGEUSDT,BUY,LIMIT,1701931801899,51957,0.097010
DOGEUSDT,SELL,LIMIT,1701931803627,230,0.096316
DOGEUSDT,SELL,LIMIT,1701931804770,4298,0.096283
DOGEUSDT,SELL,LIMIT,1701931815438,1282,0.096181
DOGEUSDT,SELL,LIMIT,1701931834655,5177,0.096157
DOGEUSDT,SELL,LIMIT,1701931934062,290,0.096473
DOGEUSDT,SELL,LIMIT,1701932168042,1995,0.096103
DOGEUSDT,SELL,LIMIT,1701932169079,115,0.096085
DOGEUSDT,SELL,LIMIT,1701932172059,1432,0.096074
DOGEUSDT,BUY,LIMIT,1701933427853,25863,0.097920
DOGEUSDT,BUY,LIMIT,1701933434474,255,0.097937
DOGEUSDT,SELL,LIMIT,1701934333389,229,0.096655
DOGEUSDT,BUY,LIMIT,1701935720723,51733,0.097950
DOGEUSDT,BUY,LIMIT,1701935724271,4891,0.097981
DOGEUSDT,BUY,LIMIT,1701935755489,258,0.097991
DOGEUSDT,BUY,LIMIT,1701935764245,5609,0.098032
DOGEUSDT,BUY,LIMIT,1701935767496,4504,0.098105
DOGEUSDT,BUY,LIMIT,1701935779192,2250,0.098167
DOGEUSDT,BUY,LIMIT,1701935784911,5673,0.098184
DOGEUSDT,BUY,LIMIT,1701935787184,450,0.098212
DOGEUSDT,BUY,LIMIT,1701936328250,939,0.098287
DOGEUSDT,BUY,LIMIT,1701936332102,178,0.098315
DOGEUSDT,BUY,LIMIT,1701936364876,6517,0.098405
DOGEUSDT,BUY,LIMIT,1701936523255,281,0.098481
DOGEUSDT,SELL,LIMIT,1701936776702,22612,0.097034
DOGEUSDT,SELL,LIMIT,1701936915048,347,0.096420
DOGEUSDT,SELL,LIMIT,1701936922534,282,0.096373
DOGEUSDT,SELL,LIMIT,1701936923611,5605,0.096361
DOGEUSDT,SELL,LIMIT,1701936925404,1199,0.096353
DOGEUSDT,SELL,LIMIT,1701936967010,12527,0.096345
DOGEUSDT,SELL,LIMIT,1701936970437,208,0.096289
DOGEUSDT,SELL,LIMIT,1701936974402,16000,0.096264
DOGEUSDT,SELL,LIMIT,1701936978672,10901,0.096154
DOGEUSDT,SELL,LIMIT,1701937321194,7858,0.096109
DOGEUSDT,SELL,LIMIT,1701937322387,18632,0.096050
DOGEUSDT,SELL,LIMIT,1701937326362,50771,0.096033
DOGEUSDT,SELL,LIMIT,1701937327883,470,0.096000
DOGEUSDT,SELL,LIMIT,1701937329370,768,0.095989
DOGEUSDT,SELL,LIMIT,1701937342204,192470,0.095872
DOGEUSDT,SELL,LIMIT,1701937344510,10233,0.095904
DOGEUSDT,SELL,LIMIT,1701937350160,4422,0.095866
DOGEUSDT,SELL,LIMIT,1701937351411,2972,0.095851
DOGEUSDT,SELL,LIMIT,1701937352490,8554,0.095840
DOGEUSDT,SELL,LIMIT,1701937356817,1172,0.095859
DOGEUSDT,SELL,LIMIT,1701937395267,4348,0.095829
DOGEUSDT,SELL,LIMIT,1701937397180,38635,0.095801
DOGEUSDT,SELL,LIMIT,1701937398341,4796,0.095770
DOGEUSDT,SELL,LIMIT,1701937469184,4615,0.095714
DOGEUSDT,SELL,LIMIT,1701937470338,18904,0.095673
DOGEUSDT,SELL,LIMIT,1701937473243,61,0.095541
DOGEUSDT,SELL,LIMIT,1701937474385,6812,0.095536
DOGEUSDT,SELL,LIMIT,1701937480913,38525,0.095524
DOGEUSDT,SELL,LIMIT,1701937482092,52,0.095518
DOGEUSDT,SELL,LIMIT,1701937490234,14161,0.095445
DOGEUSDT,SELL,LIMIT,1701939112794,7686,0.095488
DOGEUSDT,SELL,LIMIT,1701939312447,43172,0.095481
DOGEUSDT,SELL,LIMIT,1701939314990,473,0.095855
DOGEUSDT,SELL,LIMIT,1701939322406,5462,0.095393
DOGEUSDT,SELL,LIMIT,1701939325107,275,0.095387
DOGEUSDT,SELL,LIMIT,1701939330364,421565,0.095209
DOGEUSDT,SELL,LIMIT,1701939336637,15574,0.095331
DOGEUSDT,SELL,LIMIT,1701939345050,103,0.095280
DOGEUSDT,SELL,LIMIT,1701939346161,3872,0.095264
DOGEUSDT,SELL,LIMIT,1701939358071,40440,0.095252
DOGEUSDT,SELL,LIMIT,1701939359426,14978,0.095212
DOGEUSDT,SELL,LIMIT,1701939361348,1882,0.095185
DOGEUSDT,SELL,LIMIT,1701939363695,36781,0.095174
DOGEUSDT,SELL,LIMIT,1701939365607,8063,0.095165
DOGEUSDT,SELL,LIMIT,1701939367828,525,0.095139
DOGEUSDT,SELL,LIMIT,1701939372134,25309,0.095119
DOGEUSDT,SELL,LIMIT,1701939374304,333,0.095108
DOGEUSDT,SELL,LIMIT,1701939376035,3280,0.095082
DOGEUSDT,SELL,LIMIT,1701939404538,1878,0.095083
DOGEUSDT,SELL,LIMIT,1701939451918,1628,0.095132
DOGEUSDT,SELL,LIMIT,1701939472185,211,0.095026
DOGEUSDT,SELL,LIMIT,1701939473772,3184,0.094983
DOGEUSDT,SELL,LIMIT,1701939475260,6771,0.094981
DOGEUSDT,SELL,LIMIT,1701939568433,10000,0.094923
DOGEUSDT,SELL,LIMIT,1701939569497,12988,0.094924
DOGEUSDT,SELL,LIMIT,1701939570566,23518,0.094896
DOGEUSDT,SELL,LIMIT,1701939571598,7670,0.094839
DOGEUSDT,SELL,LIMIT,1701939573562,40,0.094797
DOGEUSDT,SELL,LIMIT,1701939576041,3364,0.094791
DOGEUSDT,SELL,LIMIT,1701939942593,26134,0.095071
DOGEUSDT,SELL,LIMIT,1701939972965,21863,0.094834
DOGEUSDT,SELL,LIMIT,1701939999129,518,0.094973
DOGEUSDT,SELL,LIMIT,1701940046628,3500,0.094775
DOGEUSDT,SELL,LIMIT,1701940051989,953,0.094784
DOGEUSDT,SELL,LIMIT,1701940473831,28674,0.095123
DOGEUSDT,SELL,LIMIT,1701940535804,1304,0.095157
DOGEUSDT,SELL,LIMIT,1701940552288,1670,0.095035
DOGEUSDT,SELL,LIMIT,1701940554272,2768,0.094983
DOGEUSDT,SELL,LIMIT,1701940556192,790,0.095604
DOGEUSDT,SELL,LIMIT,1701940557468,10123,0.094929
DOGEUSDT,SELL,LIMIT,1701940559000,2427,0.094914
DOGEUSDT,SELL,LIMIT,1701940560145,55841,0.094818
DOGEUSDT,SELL,LIMIT,1701940561713,3591,0.094784
DOGEUSDT,SELL,LIMIT,1701940563002,500,0.094754
DOGEUSDT,SELL,LIMIT,1701940564131,9829,0.094734
DOGEUSDT,SELL,LIMIT,1701940565517,154,0.094727
DOGEUSDT,SELL,LIMIT,1701940567053,9597,0.094732
DOGEUSDT,SELL,LIMIT,1701940568054,8947,0.094655
DOGEUSDT,SELL,LIMIT,1701940569898,1419,0.095076
DOGEUSDT,SELL,LIMIT,1701940577149,1554,0.094642
DOGEUSDT,SELL,LIMIT,1701940579048,10450,0.094610
DOGEUSDT,SELL,LIMIT,1701940605366,831,0.096311
DOGEUSDT,SELL,LIMIT,1701940666521,3778,0.094589
DOGEUSDT,SELL,LIMIT,1701940668061,20805,0.094520
DOGEUSDT,SELL,LIMIT,1701940671738,3499,0.094502
DOGEUSDT,SELL,LIMIT,1701940673379,1023,0.094459
DOGEUSDT,SELL,LIMIT,1701940674427,5270,0.094445
DOGEUSDT,SELL,LIMIT,1701940675446,16297,0.094421
DOGEUSDT,SELL,LIMIT,1701941067272,4458,0.094575
DOGEUSDT,SELL,LIMIT,1701941074014,2054,0.094555
DOGEUSDT,SELL,LIMIT,1701941146709,68,0.094565
DOGEUSDT,SELL,LIMIT,1701941151302,264,0.094545
DOGEUSDT,SELL,LIMIT,1701941153214,7785,0.094542
DOGEUSDT,SELL,LIMIT,1701941155073,105713,0.094419
DOGEUSDT,SELL,LIMIT,1701941157262,7271,0.094406
DOGEUSDT,SELL,LIMIT,1701941159076,4744,0.094363
DOGEUSDT,SELL,LIMIT,1701941160148,800,0.094339
DOGEUSDT,SELL,LIMIT,1701941170138,14920,0.094327
DOGEUSDT,SELL,LIMIT,1701941174582,7982,0.094273
DOGEUSDT,SELL,LIMIT,1701941176498,7257,0.094253
DOGEUSDT,SELL,LIMIT,1701941179174,6526,0.094251
DOGEUSDT,SELL,LIMIT,1701941180546,2661,0.094254
DOGEUSDT,SELL,LIMIT,1701941181704,17081,0.094487
DOGEUSDT,SELL,LIMIT,1701941183161,508,0.094124
DOGEUSDT,SELL,LIMIT,1701941185244,2828306,0.093609
DOGEUSDT,SELL,LIMIT,1701941186256,3578,0.093920
DOGEUSDT,SELL,LIMIT,1701941187305,53164,0.093858
DOGEUSDT,SELL,LIMIT,1701941188336,1546,0.093786
DOGEUSDT,SELL,LIMIT,1701941189687,2205,0.093722
DOGEUSDT,SELL,LIMIT,1701941190738,493998,0.093506
DOGEUSDT,SELL,LIMIT,1701941192076,132,0.093655
DOGEUSDT,SELL,LIMIT,1701941193114,25319,0.093470
DOGEUSDT,SELL,LIMIT,1701941194166,4186,0.093483
DOGEUSDT,SELL,LIMIT,1701941206679,1662,0.093457
DOGEUSDT,SELL,LIMIT,1701941207691,232,0.093381
DOGEUSDT,SELL,LIMIT,1701941225132,119,0.093366
DOGEUSDT,SELL,LIMIT,1701941226210,18807,0.093288
DOGEUSDT,SELL,LIMIT,1701941228155,101611,0.093184
DOGEUSDT,SELL,LIMIT,1701941229307,630,0.093250
DOGEUSDT,SELL,LIMIT,1701941231940,3828,0.093232
DOGEUSDT,SELL,LIMIT,1701941233864,2468,0.093187
DOGEUSDT,SELL,LIMIT,1701941234876,485336,0.092918
DOGEUSDT,SELL,LIMIT,1701941236337,216,0.093072
DOGEUSDT,SELL,LIMIT,1701941237561,8954,0.093040
DOGEUSDT,SELL,LIMIT,1701941238660,2500,0.092951
DOGEUSDT,SELL,LIMIT,1701941239679,142816,0.092753
DOGEUSDT,SELL,LIMIT,1701941243226,16093,0.092841
DOGEUSDT,SELL,LIMIT,1701941244248,60940,0.092850
DOGEUSDT,SELL,LIMIT,1701941245294,2489,0.092826
DOGEUSDT,SELL,LIMIT,1701941246345,1928,0.092698
DOGEUSDT,SELL,LIMIT,1701941247383,1284,0.092713
DOGEUSDT,SELL,LIMIT,1701941255087,6573,0.092901
DOGEUSDT,SELL,LIMIT,1701941256313,31,0.092825
DOGEUSDT,BUY,LIMIT,1701941456264,1578,0.094714
DOGEUSDT,BUY,LIMIT,1701941461293,5504,0.094768
DOGEUSDT,BUY,LIMIT,1701941465644,133,0.094798
DOGEUSDT,BUY,LIMIT,1701941467252,709,0.094822
DOGEUSDT,BUY,LIMIT,1701941476582,69,0.094932
DOGEUSDT,BUY,LIMIT,1701941489505,53304,0.095031
DOGEUSDT,BUY,LIMIT,1701941548522,5967,0.095232
DOGEUSDT,BUY,LIMIT,1701941573277,6664,0.095296
DOGEUSDT,BUY,LIMIT,1701941766417,1590,0.095538
DOGEUSDT,BUY,LIMIT,1701942144280,117,0.095628
DOGEUSDT,BUY,LIMIT,1701942360933,914,0.095774
DOGEUSDT,BUY,LIMIT,1701942413496,17907,0.095877
DOGEUSDT,BUY,LIMIT,1701942415850,1951,0.095909
DOGEUSDT,BUY,LIMIT,1701942639471,89,0.095965
DOGEUSDT,BUY,LIMIT,1701942642070,204,0.095973
DOGEUSDT,BUY,LIMIT,1701942653310,293,0.096004
DOGEUSDT,SELL,LIMIT,1701943132166,2000,0.094766
DOGEUSDT,SELL,LIMIT,1701943547343,12641,0.094318
DOGEUSDT,SELL,LIMIT,1701943578074,647,0.094272
DOGEUSDT,SELL,LIMIT,1701943579380,7322,0.094271
DOGEUSDT,SELL,LIMIT,1701943580805,3789,0.094228
DOGEUSDT,SELL,LIMIT,1701943619939,27134,0.094207
DOGEUSDT,SELL,LIMIT,1701943623701,3139,0.094173
DOGEUSDT,SELL,LIMIT,1701943636305,299,0.094150
DOGEUSDT,SELL,LIMIT,1701943637842,10284,0.094139
DOGEUSDT,SELL,LIMIT,1701944097163,1970,0.094041
DOGEUSDT,SELL,LIMIT,1701944183512,51368,0.094014
DOGEUSDT,SELL,LIMIT,1701944302769,348,0.093969
DOGEUSDT,SELL,LIMIT,1701944337715,373,0.093915
DOGEUSDT,SELL,LIMIT,1701944345841,8639,0.093891
DOGEUSDT,SELL,LIMIT,1701944347810,159,0.093871
DOGEUSDT,SELL,LIMIT,1701944349134,52532,0.093844
DOGEUSDT,SELL,LIMIT,1701944375996,9493,0.093791
DOGEUSDT,SELL,LIMIT,1701944378843,5788,0.093774
DOGEUSDT,SELL,LIMIT,1701944380496,29158,0.093747
DOGEUSDT,SELL,LIMIT,1701944381915,1051,0.093730
DOGEUSDT,SELL,LIMIT,1701944393305,24625,0.093704
DOGEUSDT,SELL,LIMIT,1701946270530,245,0.093644
DOGEUSDT,SELL,LIMIT,1701946339918,1571,0.093552
DOGEUSDT,SELL,LIMIT,1701946343162,680,0.093546
DOGEUSDT,SELL,LIMIT,1701946344218,331,0.093529
DOGEUSDT,SELL,LIMIT,1701946350130,726,0.093428
DOGEUSDT,SELL,LIMIT,1701946351252,3765,0.093373
DOGEUSDT,SELL,LIMIT,1701946429329,52769,0.093307
DOGEUSDT,SELL,LIMIT,1701946611731,52938,0.093381
DOGEUSDT,SELL,LIMIT,1701947163482,39320,0.093293
DOGEUSDT,SELL,LIMIT,1701947168838,1626,0.093260
DOGEUSDT,SELL,LIMIT,1701947241796,597,0.093245
DOGEUSDT,SELL,LIMIT,1701947242953,5718,0.093238
DOGEUSDT,BUY,LIMIT,1701947866457,876,0.095145
DOGEUSDT,BUY,LIMIT,1701948111357,11714,0.095153
DOGEUSDT,BUY,LIMIT,1701948114429,1130,0.095203
DOGEUSDT,BUY,LIMIT,1701948141613,2849,0.095246
DOGEUSDT,BUY,LIMIT,1701948149840,3044,0.095317
DOGEUSDT,BUY,LIMIT,1701948159529,13931,0.095363
DOGEUSDT,BUY,LIMIT,1701948168622,15945,0.095364
DOGEUSDT,BUY,LIMIT,1701948211655,4340,0.095388
DOGEUSDT,BUY,LIMIT,1701948217092,165,0.095427
DOGEUSDT,BUY,LIMIT,1701948227927,26522,0.095461
DOGEUSDT,BUY,LIMIT,1701948290561,19522,0.095496
DOGEUSDT,BUY,LIMIT,1701948300620,5898,0.095520
DOGEUSDT,SELL,LIMIT,1701949194208,2887,0.093730
DOGEUSDT,SELL,LIMIT,1701949204440,8030,0.093685
DOGEUSDT,SELL,LIMIT,1701949206211,667,0.093664
DOGEUSDT,SELL,LIMIT,1701949217347,4048,0.093629
DOGEUSDT,SELL,LIMIT,1701949662866,31635,0.093809
DOGEUSDT,SELL,LIMIT,1701949717264,626,0.093700
DOGEUSDT,BUY,LIMIT,1701950353957,494,0.095090
DOGEUSDT,SELL,LIMIT,1701950638850,500,0.093749
DOGEUSDT,SELL,LIMIT,1701951220069,4675,0.093931
DOGEUSDT,BUY,LIMIT,1701951225690,2015,0.094480
DOGEUSDT,SELL,LIMIT,1701951233542,850,0.093802
DOGEUSDT,BUY,LIMIT,1701951324769,2245,0.094882
DOGEUSDT,SELL,LIMIT,1701951373658,67,0.094038
DOGEUSDT,SELL,LIMIT,1701951791797,449,0.093728
DOGEUSDT,SELL,LIMIT,1701951902912,12616,0.093539
DOGEUSDT,SELL,LIMIT,1701951916180,6971,0.093498
DOGEUSDT,BUY,LIMIT,1701952314101,12088,0.095362
DOGEUSDT,BUY,LIMIT,1701952346177,153,0.095439
DOGEUSDT,SELL,LIMIT,1701952477716,502,0.094187
DOGEUSDT,SELL,LIMIT,1701953360051,4849,0.094545
DOGEUSDT,BUY,LIMIT,1701953362154,463,0.095510
DOGEUSDT,BUY,LIMIT,1701953378208,538,0.095528
DOGEUSDT,BUY,LIMIT,1701953389679,4297,0.095558
DOGEUSDT,BUY,LIMIT,1701953417933,82,0.095641
DOGEUSDT,BUY,LIMIT,1701953441546,2830,0.095565
DOGEUSDT,BUY,LIMIT,1701953568353,3704,0.095672
DOGEUSDT,BUY,LIMIT,1701953861030,13165,0.095782
DOGEUSDT,BUY,LIMIT,1701953864009,23736,0.095803
DOGEUSDT,BUY,LIMIT,1701954122508,1138,0.096036
DOGEUSDT,BUY,LIMIT,1701954129114,8728,0.096112
DOGEUSDT,BUY,LIMIT,1701954141339,1829,0.096147
DOGEUSDT,BUY,LIMIT,1701954155644,323,0.094372
DOGEUSDT,BUY,LIMIT,1701954216172,870,0.096158
DOGEUSDT,SELL,LIMIT,1701954860082,471,0.094356
DOGEUSDT,SELL,LIMIT,1701956046000,4605,0.094192
DOGEUSDT,SELL,LIMIT,1701956558359,3118,0.094156
DOGEUSDT,SELL,LIMIT,1701956572965,2920,0.094088
DOGEUSDT,SELL,LIMIT,1701956609320,4540,0.093988
DOGEUSDT,SELL,LIMIT,1701956627379,283,0.093952
DOGEUSDT,SELL,LIMIT,1701956884812,94,0.093830
DOGEUSDT,SELL,LIMIT,1701956897920,5088,0.093780
DOGEUSDT,SELL,LIMIT,1701956907123,52626,0.093743
DOGEUSDT,SELL,LIMIT,1701957023021,4510,0.093677
DOGEUSDT,SELL,LIMIT,1701957040356,43743,0.093635
DOGEUSDT,SELL,LIMIT,1701957043583,9881,0.093623
DOGEUSDT,SELL,LIMIT,1701957047511,15240,0.093604
DOGEUSDT,SELL,LIMIT,1701957100503,53,0.093589
DOGEUSDT,SELL,LIMIT,1701957104639,11467,0.093545
DOGEUSDT,BUY,LIMIT,1701959313052,792,0.095437
DOGEUSDT,BUY,LIMIT,1701959316845,20226,0.095449
DOGEUSDT,BUY,LIMIT,1701959485345,111,0.094244
DOGEUSDT,SELL,LIMIT,1701959501574,1778,0.094502
DOGEUSDT,SELL,LIMIT,1701959652287,4879,0.094465
DOGEUSDT,BUY,LIMIT,1701959730494,755,0.095475
DOGEUSDT,BUY,LIMIT,1701959741158,2112,0.095494
DOGEUSDT,BUY,LIMIT,1701959796824,250,0.095661
DOGEUSDT,BUY,LIMIT,1701959801139,5773,0.095707
DOGEUSDT,SELL,LIMIT,1701960343283,43516,0.093964
DOGEUSDT,BUY,LIMIT,1701961281526,33105,0.095832
DOGEUSDT,SELL,LIMIT,1701961291548,205040,0.094847
DOGEUSDT,BUY,LIMIT,1701961307072,3913,0.095836
DOGEUSDT,BUY,LIMIT,1701961311191,43,0.095874
DOGEUSDT,BUY,LIMIT,1701961405172,911,0.095945
DOGEUSDT,BUY,LIMIT,1701961406442,907,0.096001
DOGEUSDT,BUY,LIMIT,1701961443948,180,0.096097
DOGEUSDT,SELL,LIMIT,1701961622762,4445,0.094809
DOGEUSDT,BUY,LIMIT,1701961921162,9387,0.095477
DOGEUSDT,BUY,LIMIT,1701962230698,16457,0.096145
DOGEUSDT,BUY,LIMIT,1701962239379,54521,0.096165
DOGEUSDT,BUY,LIMIT,1701962248058,62,0.096194
DOGEUSDT,BUY,LIMIT,1701962276314,585,0.096247
DOGEUSDT,BUY,LIMIT,1701962277443,24172,0.096242
DOGEUSDT,BUY,LIMIT,1701962402293,5398,0.096290
DOGEUSDT,BUY,LIMIT,1701962407420,2806,0.096308
DOGEUSDT,BUY,LIMIT,1701962408817,27041,0.096347
DOGEUSDT,BUY,LIMIT,1701962461485,3951,0.096358
DOGEUSDT,BUY,LIMIT,1701962490196,2367,0.096445
DOGEUSDT,BUY,LIMIT,1701962520478,3567,0.096467
DOGEUSDT,BUY,LIMIT,1701962522168,17846,0.096529
DOGEUSDT,BUY,LIMIT,1701962599165,970,0.096624
DOGEUSDT,BUY,LIMIT,1701962601277,1157,0.096646
DOGEUSDT,BUY,LIMIT,1701962603052,7960,0.096656
DOGEUSDT,BUY,LIMIT,1701962625823,295,0.096690
DOGEUSDT,BUY,LIMIT,1701962637444,1363,0.096698
DOGEUSDT,BUY,LIMIT,1701962642328,3107,0.095476
DOGEUSDT,BUY,LIMIT,1701962686373,2253,0.096711
DOGEUSDT,BUY,LIMIT,1701962709733,539,0.096751
DOGEUSDT,BUY,LIMIT,1701962725293,10311,0.096775
DOGEUSDT,BUY,LIMIT,1701962726951,174,0.096814
DOGEUSDT,BUY,LIMIT,1701962771065,53,0.096843
DOGEUSDT,BUY,LIMIT,1701962775464,85,0.096875
DOGEUSDT,BUY,LIMIT,1701962778283,972,0.096939
DOGEUSDT,BUY,LIMIT,1701962793440,26504,0.096949
DOGEUSDT,BUY,LIMIT,1701962795451,96718,0.097026
DOGEUSDT,BUY,LIMIT,1701962805767,4811,0.097005
DOGEUSDT,BUY,LIMIT,1701962806867,6648,0.097029
DOGEUSDT,BUY,LIMIT,1701962817273,16584,0.097076
DOGEUSDT,BUY,LIMIT,1701962835275,1574,0.097063
DOGEUSDT,BUY,LIMIT,1701962842122,43627,0.097115
DOGEUSDT,BUY,LIMIT,1701962843653,5459,0.097131
DOGEUSDT,BUY,LIMIT,1701963021000,1410,0.096946
DOGEUSDT,BUY,LIMIT,1701963027818,716,0.097171
DOGEUSDT,BUY,LIMIT,1701963034282,7462,0.097216
DOGEUSDT,BUY,LIMIT,1701963035339,805,0.097204
DOGEUSDT,BUY,LIMIT,1701964284671,27283,0.097267
DOGEUSDT,BUY,LIMIT,1701964718737,202,0.097302
DOGEUSDT,SELL,LIMIT,1701964898058,8246,0.095488
DOGEUSDT,SELL,LIMIT,1701964903118,7580,0.095441
DOGEUSDT,SELL,LIMIT,1701964909158,62,0.095370
DOGEUSDT,SELL,LIMIT,1701964915196,1161,0.095348
DOGEUSDT,SELL,LIMIT,1701964960483,51738,0.095592
DOGEUSDT,BUY,LIMIT,1701966292542,52170,0.097087
DOGEUSDT,BUY,LIMIT,1701966467888,773,0.097191
DOGEUSDT,BUY,LIMIT,1701966787454,19779,0.097351
DOGEUSDT,BUY,LIMIT,1701966789414,487,0.097323
DOGEUSDT,BUY,LIMIT,1701966790491,4013,0.097363
DOGEUSDT,BUY,LIMIT,1701966804959,11237,0.097411
DOGEUSDT,BUY,LIMIT,1701966806748,429,0.097446
DOGEUSDT,BUY,LIMIT,1701966808406,29707,0.097463
DOGEUSDT,BUY,LIMIT,1701966811177,72,0.097489
DOGEUSDT,BUY,LIMIT,1701966817225,2505,0.097498
DOGEUSDT,BUY,LIMIT,1701966850376,55,0.097534
DOGEUSDT,BUY,LIMIT,1701966861848,139,0.097559
DOGEUSDT,BUY,LIMIT,1701966877888,1786,0.097593
DOGEUSDT,BUY,LIMIT,1701966880940,3775,0.097579
DOGEUSDT,BUY,LIMIT,1701967178394,13401,0.097220
DOGEUSDT,BUY,LIMIT,1701967851649,2729,0.097662
DOGEUSDT,BUY,LIMIT,1701967854502,114136,0.097730
DOGEUSDT,BUY,LIMIT,1701968204057,782,0.097703
DOGEUSDT,SELL,LIMIT,1701968942362,514,0.095888
DOGEUSDT,SELL,LIMIT,1701968949213,7690,0.095847
DOGEUSDT,SELL,LIMIT,1701971026578,1155,0.095832
DOGEUSDT,SELL,LIMIT,1701971043728,162,0.095780
DOGEUSDT,SELL,LIMIT,1701971044734,613,0.095752
DOGEUSDT,SELL,LIMIT,1701971046292,2502,0.095739
DOGEUSDT,SELL,LIMIT,1701971047530,165,0.095713
DOGEUSDT,SELL,LIMIT,1701971373459,2102,0.095676
DOGEUSDT,SELL,LIMIT,1701971375296,1031,0.095632
DOGEUSDT,SELL,LIMIT,1701971378679,298,0.095588
DOGEUSDT,SELL,LIMIT,1701971381138,1190,0.095581
DOGEUSDT,SELL,LIMIT,1701973299207,524,0.095861
DOGEUSDT,SELL,LIMIT,1701973752152,251,0.095244
DOGEUSDT,SELL,LIMIT,1701973753221,1385,0.095303
DOGEUSDT,SELL,LIMIT,1701974022300,15800,0.095236
DOGEUSDT,SELL,LIMIT,1701974023575,5129,0.095184
DOGEUSDT,SELL,LIMIT,1701974104227,16983,0.095169
DOGEUSDT,SELL,LIMIT,1701974154375,103124,0.095071
DOGEUSDT,SELL,LIMIT,1701974155403,1516,0.095099
DOGEUSDT,SELL,LIMIT,1701974242362,320,0.095113
DOGEUSDT,SELL,LIMIT,1701974302124,28832,0.095003
DOGEUSDT,SELL,LIMIT,1701974304380,516,0.094982
DOGEUSDT,SELL,LIMIT,1701974305616,70,0.094885
DOGEUSDT,SELL,LIMIT,1701974499178,16549,0.094844
DOGEUSDT,SELL,LIMIT,1701974500495,12679,0.094836
DOGEUSDT,SELL,LIMIT,1701974501629,560,0.094810
DOGEUSDT,SELL,LIMIT,1701974518154,575,0.094762
DOGEUSDT,SELL,LIMIT,1701974573435,26041,0.094741
DOGEUSDT,SELL,LIMIT,1701974577914,4503,0.094691
DOGEUSDT,SELL,LIMIT,1701975572447,5081,0.094669
DOGEUSDT,SELL,LIMIT,1701975573453,13274,0.094652
DOGEUSDT,SELL,LIMIT,1701975575360,2589,0.094623
DOGEUSDT,SELL,LIMIT,1701975630959,3279,0.094575
DOGEUSDT,SELL,LIMIT,1701975632189,427,0.094549
DOGEUSDT,SELL,LIMIT,1701975633358,52083,0.094553
DOGEUSDT,SELL,LIMIT,1701975635072,2060,0.094515
DOGEUSDT,SELL,LIMIT,1701975637671,3492,0.094456
DOGEUSDT,SELL,LIMIT,1701975643106,423578,0.094282
DOGEUSDT,SELL,LIMIT,1701975644527,41525,0.094412
DOGEUSDT,SELL,LIMIT,1701975645790,3508,0.094372
DOGEUSDT,SELL,LIMIT,1701975816839,994,0.094350
DOGEUSDT,SELL,LIMIT,1701976450523,44924,0.094341
DOGEUSDT,SELL,LIMIT,1701976452028,27075,0.094324
DOGEUSDT,SELL,LIMIT,1701976453129,1034,0.094292
DOGEUSDT,SELL,LIMIT,1701976454741,3718,0.094257
DOGEUSDT,SELL,LIMIT,1701976456052,54,0.094228
DOGEUSDT,SELL,LIMIT,1701976457139,4601,0.094221
DOGEUSDT,SELL,LIMIT,1701976676181,69,0.094336
DOGEUSDT,SELL,LIMIT,1701977165287,69,0.094191
DOGEUSDT,SELL,LIMIT,1701977167229,3259,0.094145
DOGEUSDT,SELL,LIMIT,1701977168562,926,0.094088
DOGEUSDT,SELL,LIMIT,1701977263792,247,0.094104
DOGEUSDT,SELL,LIMIT,1701977271344,14519,0.094053
DOGEUSDT,SELL,LIMIT,1701977295913,1822,0.094008
DOGEUSDT,SELL,LIMIT,1701977298227,129,0.093968
DOGEUSDT,SELL,LIMIT,1701977328659,7682,0.093962
DOGEUSDT,SELL,LIMIT,1701977334129,8241,0.093959
DOGEUSDT,SELL,LIMIT,1701977341277,104405,0.093891
DOGEUSDT,SELL,LIMIT,1701977343405,60,0.093893
DOGEUSDT,SELL,LIMIT,1701978064189,676,0.093864
DOGEUSDT,SELL,LIMIT,1701978067221,16218,0.093856
DOGEUSDT,SELL,LIMIT,1701978068351,18345,0.093792
DOGEUSDT,SELL,LIMIT,1701978253200,105399,0.093679
DOGEUSDT,SELL,LIMIT,1701978255303,51765,0.093690
DOGEUSDT,SELL,LIMIT,1701978276699,4084,0.093700
DOGEUSDT,SELL,LIMIT,1701978286123,169,0.093664
DOGEUSDT,SELL,LIMIT,1701978291717,104711,0.093611
DOGEUSDT,SELL,LIMIT,1701979176533,100000,0.093585
DOGEUSDT,SELL,LIMIT,1701979348145,127,0.093538
DOGEUSDT,SELL,LIMIT,1701979349668,4103,0.093521
DOGEUSDT,SELL,LIMIT,1701980304769,10785,0.094028
DOGEUSDT,SELL,LIMIT,1701980594980,2864,0.093710
DOGEUSDT,SELL,LIMIT,1701981103189,13404,0.093484
DOGEUSDT,SELL,LIMIT,1701981104291,53078,0.093336
DOGEUSDT,SELL,LIMIT,1701981105320,489,0.093352
DOGEUSDT,SELL,LIMIT,1701981126761,139,0.093332
DOGEUSDT,SELL,LIMIT,1701981142065,13468,0.093145
DOGEUSDT,SELL,LIMIT,1701981143072,11127,0.093207
DOGEUSDT,SELL,LIMIT,1701981155516,31788,0.093097
DOGEUSDT,SELL,LIMIT,1701981497817,52887,0.093095
DOGEUSDT,SELL,LIMIT,1701981499303,14750,0.093074
DOGEUSDT,SELL,LIMIT,1701981502347,3000,0.093065
DOGEUSDT,SELL,LIMIT,1701981521822,1343,0.093033
DOGEUSDT,SELL,LIMIT,1701981529309,4170,0.093011
DOGEUSDT,SELL,LIMIT,1701981543971,8377,0.093003
DOGEUSDT,SELL,LIMIT,1701981548104,1129,0.092925
DOGEUSDT,SELL,LIMIT,1701981549224,715,0.092953
DOGEUSDT,SELL,LIMIT,1701981550491,2576,0.092875
DOGEUSDT,SELL,LIMIT,1701981551726,1114,0.092873
DOGEUSDT,SELL,LIMIT,1701981615255,61,0.092842
DOGEUSDT,SELL,LIMIT,1701981616300,2393,0.092778
DOGEUSDT,SELL,LIMIT,1701981617303,17791,0.092761
DOGEUSDT,SELL,LIMIT,1701981618669,5575,0.092716
DOGEUSDT,SELL,LIMIT,1701981619684,3591,0.092701
DOGEUSDT,SELL,LIMIT,1701981620799,5508,0.092650
DOGEUSDT,SELL,LIMIT,1701981622240,61378,0.092619
DOGEUSDT,SELL,LIMIT,1701981627506,79700,0.092615
DOGEUSDT,SELL,LIMIT,1701981628679,3264,0.092635
DOGEUSDT,SELL,LIMIT,1701982775070,238,0.092622
DOGEUSDT,SELL,LIMIT,1701982776323,6795,0.092606
DOGEUSDT,SELL,LIMIT,1701982779727,622,0.092613
DOGEUSDT,SELL,LIMIT,1701982780780,36968,0.092603
DOGEUSDT,SELL,LIMIT,1701982802551,5138,0.092588
DOGEUSDT,SELL,LIMIT,1701983252416,914,0.093245
DOGEUSDT,BUY,LIMIT,1701983421152,41037,0.094391
DOGEUSDT,SELL,LIMIT,1701983872464,20000,0.093600
DOGEUSDT,BUY,LIMIT,1701983906326,6197,0.094541
DOGEUSDT,BUY,LIMIT,1701983910816,10708,0.094568
DOGEUSDT,BUY,LIMIT,1701984196482,1686,0.094607
DOGEUSDT,BUY,LIMIT,1701984261095,8721,0.094629
DOGEUSDT,BUY,LIMIT,1701984526373,3,0.094699
DOGEUSDT,BUY,LIMIT,1701984527382,7348,0.094664
DOGEUSDT,SELL,LIMIT,1701984593186,16701,0.093646
DOGEUSDT,BUY,LIMIT,1701985095075,2000,0.095023
DOGEUSDT,BUY,LIMIT,1701985780082,1006,0.094901
DOGEUSDT,BUY,LIMIT,1701986133567,53134,0.095309
DOGEUSDT,BUY,LIMIT,1701986134703,146,0.095326
DOGEUSDT,BUY,LIMIT,1701986137987,1155,0.095368
DOGEUSDT,BUY,LIMIT,1701986140407,7197,0.095429
DOGEUSDT,BUY,LIMIT,1701986303135,21360,0.095455
DOGEUSDT,BUY,LIMIT,1701986317682,451,0.095475
DOGEUSDT,BUY,LIMIT,1701986438278,53556,0.095526
DOGEUSDT,BUY,LIMIT,1701986538376,71,0.095626
DOGEUSDT,BUY,LIMIT,1701987140220,5345,0.095643
DOGEUSDT,SELL,LIMIT,1701988459499,663,0.094280
DOGEUSDT,SELL,LIMIT,1701988470462,1598,0.093916
DOGEUSDT,SELL,LIMIT,1701988483389,17465,0.093804
DOGEUSDT,SELL,LIMIT,1701988488372,1584,0.093784
DOGEUSDT,SELL,LIMIT,1701988575332,167,0.093735
DOGEUSDT,SELL,LIMIT,1701988576339,690,0.093738
DOGEUSDT,BUY,LIMIT,1701991631345,548,0.095641
DOGEUSDT,BUY,LIMIT,1701991674192,2117,0.095702
DOGEUSDT,BUY,LIMIT,1701991743098,1000,0.095763
DOGEUSDT,BUY,LIMIT,1701991889750,220,0.095876
DOGEUSDT,BUY,LIMIT,1701992342543,2079,0.095965
DOGEUSDT,BUY,LIMIT,1701992510429,4873,0.096020
DOGEUSDT,BUY,LIMIT,1701992557878,4571,0.096071
DOGEUSDT,BUY,LIMIT,1701992714585,52915,0.096121
DOGEUSDT,BUY,LIMIT,1701992818804,774,0.096148
DOGEUSDT,BUY,LIMIT,1701992882877,231,0.096256
DOGEUSDT,BUY,LIMIT,1701992884498,321,0.096291
DOGEUSDT,BUY,LIMIT,1701992893090,3048,0.096348
DOGEUSDT,BUY,LIMIT,1701992894179,4028,0.096379
DOGEUSDT,BUY,LIMIT,1701992904298,3301,0.096420
DOGEUSDT,BUY,LIMIT,1701992963614,1053,0.096482
DOGEUSDT,BUY,LIMIT,1701992986845,52809,0.096517
DOGEUSDT,BUY,LIMIT,1701993007284,5184,0.096670
DOGEUSDT,BUY,LIMIT,1701993223150,52932,0.096702
DOGEUSDT,BUY,LIMIT,1701993809467,1849,0.096740
DOGEUSDT,BUY,LIMIT,1701994578101,289,0.096838
DOGEUSDT,BUY,LIMIT,1701994991466,4247,0.096890
DOGEUSDT,BUY,LIMIT,1701995218283,3577,0.096791
DOGEUSDT,BUY,LIMIT,1701998342838,2333,0.096482
DOGEUSDT,BUY,LIMIT,1701999610911,2963,0.096939
DOGEUSDT,BUY,LIMIT,1701999637610,103771,0.097021
DOGEUSDT,BUY,LIMIT,1701999658244,70500,0.097076
DOGEUSDT,BUY,LIMIT,1702001145987,17979,0.097093
DOGEUSDT,BUY,LIMIT,1702001153896,610,0.097115
DOGEUSDT,BUY,LIMIT,1702001204795,25511,0.097145
DOGEUSDT,BUY,LIMIT,1702001313717,10000,0.097191
DOGEUSDT,SELL,LIMIT,1702002205188,20803,0.096127
DOGEUSDT,SELL,LIMIT,1702002255617,4989,0.095888
DOGEUSDT,SELL,LIMIT,1702002262700,174,0.095806
DOGEUSDT,SELL,LIMIT,1702003268534,5208,0.095610
DOGEUSDT,SELL,LIMIT,1702003629395,10024,0.095605
DOGEUSDT,SELL,LIMIT,1702003654254,4048,0.095578
DOGEUSDT,SELL,LIMIT,1702003666290,8480,0.095743
DOGEUSDT,BUY,LIMIT,1702003669733,4081,0.096521
DOGEUSDT,SELL,LIMIT,1702003714816,3252,0.095500
DOGEUSDT,SELL,LIMIT,1702003718285,339,0.095417
DOGEUSDT,SELL,LIMIT,1702005362141,230,0.096714
DOGEUSDT,BUY,LIMIT,1702005634097,7377,0.097012
DOGEUSDT,BUY,LIMIT,1702005816564,120,0.096962
DOGEUSDT,BUY,LIMIT,1702006360288,296,0.097182
DOGEUSDT,BUY,LIMIT,1702006370093,500,0.096573
DOGEUSDT,BUY,LIMIT,1702006463427,23526,0.097197
DOGEUSDT,BUY,LIMIT,1702006468320,55,0.097252
DOGEUSDT,BUY,LIMIT,1702006472600,4073,0.097286
DOGEUSDT,BUY,LIMIT,1702006488401,82,0.097359
DOGEUSDT,BUY,LIMIT,1702006530332,235,0.097370
DOGEUSDT,BUY,LIMIT,1702006533638,51983,0.097391
DOGEUSDT,BUY,LIMIT,1702006536150,26001,0.097400
DOGEUSDT,BUY,LIMIT,1702006558978,764,0.097453
DOGEUSDT,BUY,LIMIT,1702006594909,1354,0.097505
DOGEUSDT,BUY,LIMIT,1702006669104,5579,0.097414
DOGEUSDT,BUY,LIMIT,1702006899596,1080,0.097270
DOGEUSDT,BUY,LIMIT,1702006970760,1829,0.097314
DOGEUSDT,SELL,LIMIT,1702008918425,89,0.099347
DOGEUSDT,BUY,LIMIT,1702008987311,1038,0.097534
DOGEUSDT,BUY,LIMIT,1702009676987,10372,0.097404
DOGEUSDT,SELL,LIMIT,1702011139222,162,0.096126
DOGEUSDT,BUY,LIMIT,1702011449493,62,0.097543
DOGEUSDT,BUY,LIMIT,1702011557338,26031,0.097567
DOGEUSDT,BUY,LIMIT,1702011576422,282,0.097714
DOGEUSDT,BUY,LIMIT,1702011578352,4921,0.097798
DOGEUSDT,BUY,LIMIT,1702011579426,479,0.097811
DOGEUSDT,BUY,LIMIT,1702013373442,4067,0.097645
DOGEUSDT,BUY,LIMIT,1702013456185,33395,0.097581
DOGEUSDT,BUY,LIMIT,1702014380307,2146,0.097848
DOGEUSDT,BUY,LIMIT,1702014383523,2915,0.097930
DOGEUSDT,BUY,LIMIT,1702014386898,678,0.097940
DOGEUSDT,BUY,LIMIT,1702014387919,180815,0.098079
DOGEUSDT,BUY,LIMIT,1702014535344,18712,0.098013
DOGEUSDT,SELL,LIMIT,1702015451432,4398,0.096956
DOGEUSDT,BUY,LIMIT,1702015824575,4244,0.098021
DOGEUSDT,BUY,LIMIT,1702015826304,19747,0.098047
DOGEUSDT,BUY,LIMIT,1702015827648,7512,0.098111
DOGEUSDT,BUY,LIMIT,1702015829785,4585,0.098132
DOGEUSDT,BUY,LIMIT,1702015850716,7996,0.098196
DOGEUSDT,BUY,LIMIT,1702015854189,38459,0.098207
DOGEUSDT,BUY,LIMIT,1702015896364,14951,0.098270
DOGEUSDT,BUY,LIMIT,1702015897410,2971,0.098287
DOGEUSDT,BUY,LIMIT,1702015946372,4128,0.098248
DOGEUSDT,BUY,LIMIT,1702015989455,117,0.098270
DOGEUSDT,BUY,LIMIT,1702016050318,13378,0.098342
DOGEUSDT,BUY,LIMIT,1702016052866,254,0.098357
DOGEUSDT,BUY,LIMIT,1702016072145,87,0.098389
DOGEUSDT,SELL,LIMIT,1702017808038,12156,0.096474
DOGEUSDT,BUY,LIMIT,1702018380321,4228,0.097561
DOGEUSDT,SELL,LIMIT,1702020147736,34432,0.096363
DOGEUSDT,SELL,LIMIT,1702020150606,2027,0.096315
DOGEUSDT,SELL,LIMIT,1702020192175,51266,0.096259
DOGEUSDT,SELL,LIMIT,1702020222493,2673,0.096174
DOGEUSDT,SELL,LIMIT,1702020223972,6200,0.096095
DOGEUSDT,SELL,LIMIT,1702020520458,5370,0.096009
DOGEUSDT,SELL,LIMIT,1702020521523,12656,0.096003
DOGEUSDT,SELL,LIMIT,1702020529942,2000,0.095945
DOGEUSDT,SELL,LIMIT,1702020534391,258,0.095902
DOGEUSDT,SELL,LIMIT,1702020540626,624,0.095896
DOGEUSDT,SELL,LIMIT,1702020624907,41529,0.095889
DOGEUSDT,SELL,LIMIT,1702020634628,23676,0.095779
DOGEUSDT,SELL,LIMIT,1702020636068,6302,0.095801
DOGEUSDT,SELL,LIMIT,1702020637294,258,0.095749
DOGEUSDT,SELL,LIMIT,1702020638711,5212,0.095724
DOGEUSDT,SELL,LIMIT,1702020644284,23165,0.095706
DOGEUSDT,SELL,LIMIT,1702020686212,53,0.095622
DOGEUSDT,SELL,LIMIT,1702020688988,124,0.095601
DOGEUSDT,BUY,LIMIT,1702021333252,51813,0.097721
DOGEUSDT,BUY,LIMIT,1702021366784,2679,0.097920
DOGEUSDT,BUY,LIMIT,1702021372089,8932,0.097966
DOGEUSDT,BUY,LIMIT,1702021375412,62,0.098022
DOGEUSDT,BUY,LIMIT,1702021399717,10734,0.098164
DOGEUSDT,BUY,LIMIT,1702021405941,5393,0.098246
DOGEUSDT,BUY,LIMIT,1702021412146,25962,0.098363
DOGEUSDT,BUY,LIMIT,1702021418400,16473,0.098403
DOGEUSDT,BUY,LIMIT,1702021660737,2531,0.098423
DOGEUSDT,BUY,LIMIT,1702021834794,51413,0.098507
DOGEUSDT,BUY,LIMIT,1702021835960,54,0.098549
DOGEUSDT,BUY,LIMIT,1702021932353,20725,0.098680
DOGEUSDT,SELL,LIMIT,1702022929798,371,0.096734
DOGEUSDT,SELL,LIMIT,1702022931324,585,0.096690
DOGEUSDT,SELL,LIMIT,1702022946423,317,0.096554
DOGEUSDT,SELL,LIMIT,1702023001649,89,0.096495
DOGEUSDT,SELL,LIMIT,1702023011366,20359,0.096523
DOGEUSDT,SELL,LIMIT,1702023056118,118,0.096365
DOGEUSDT,SELL,LIMIT,1702023057306,13299,0.096394
DOGEUSDT,SELL,LIMIT,1702023481275,14790,0.096288
DOGEUSDT,SELL,LIMIT,1702023587483,523,0.096208
DOGEUSDT,BUY,LIMIT,1702026136308,167,0.097477
DOGEUSDT,SELL,LIMIT,1702027441267,58,0.096812
DOGEUSDT,SELL,LIMIT,1702029225144,580,0.096140
DOGEUSDT,SELL,LIMIT,1702029236457,55,0.096132
DOGEUSDT,SELL,LIMIT,1702029244693,1396,0.096107
DOGEUSDT,SELL,LIMIT,1702029248626,46933,0.096101
DOGEUSDT,SELL,LIMIT,1702029279873,2890,0.096072
DOGEUSDT,SELL,LIMIT,1702029533504,152,0.096267
DOGEUSDT,BUY,LIMIT,1702029699017,530,0.097328
DOGEUSDT,BUY,LIMIT,1702030511675,170,0.097900
DOGEUSDT,BUY,LIMIT,1702031307444,697,0.097933
DOGEUSDT,BUY,LIMIT,1702031359054,721,0.097962
DOGEUSDT,BUY,LIMIT,1702031447921,1038,0.098052
DOGEUSDT,BUY,LIMIT,1702031471600,6783,0.098108
DOGEUSDT,BUY,LIMIT,1702032070089,2068,0.098194
DOGEUSDT,BUY,LIMIT,1702032220219,12372,0.098263
DOGEUSDT,BUY,LIMIT,1702032854251,1147,0.098308
DOGEUSDT,BUY,LIMIT,1702033023369,147,0.098427
DOGEUSDT,BUY,LIMIT,1702033038797,53,0.098489
DOGEUSDT,BUY,LIMIT,1702033047051,52,0.098529
DOGEUSDT,BUY,LIMIT,1702033050316,13651,0.098575
DOGEUSDT,BUY,LIMIT,1702034616241,18147,0.098412
DOGEUSDT,BUY,LIMIT,1702034994157,77623,0.098290
DOGEUSDT,BUY,LIMIT,1702035153188,1000,0.098066
DOGEUSDT,BUY,LIMIT,1702035157808,100,0.098105
DOGEUSDT,BUY,LIMIT,1702035162707,13982,0.098165
DOGEUSDT,BUY,LIMIT,1702035164063,17,0.098171
DOGEUSDT,BUY,LIMIT,1702035256167,1900,0.098211
DOGEUSDT,BUY,LIMIT,1702035734214,1410,0.098469
DOGEUSDT,BUY,LIMIT,1702036193639,254,0.098495
DOGEUSDT,BUY,LIMIT,1702038217394,15588,0.098614
DOGEUSDT,BUY,LIMIT,1702038221582,2184,0.098626
DOGEUSDT,BUY,LIMIT,1702038481100,69993,0.098607
DOGEUSDT,BUY,LIMIT,1702038552610,27039,0.098684
DOGEUSDT,BUY,LIMIT,1702038555847,1126,0.098720
DOGEUSDT,BUY,LIMIT,1702038602324,80,0.098802
DOGEUSDT,BUY,LIMIT,1702038612370,22405,0.098889
DOGEUSDT,BUY,LIMIT,1702038731443,1991,0.098930
DOGEUSDT,BUY,LIMIT,1702038747466,473,0.098961
DOGEUSDT,BUY,LIMIT,1702038752188,55,0.098967
DOGEUSDT,BUY,LIMIT,1702038761167,170,0.098962
DOGEUSDT,BUY,LIMIT,1702038798028,1920,0.098997
DOGEUSDT,BUY,LIMIT,1702038803334,59,0.099014
DOGEUSDT,BUY,LIMIT,1702038806190,61,0.099024
DOGEUSDT,BUY,LIMIT,1702038818502,16822,0.099068
DOGEUSDT,BUY,LIMIT,1702038819657,22774,0.099158
DOGEUSDT,BUY,LIMIT,1702038829220,37785,0.099176
DOGEUSDT,BUY,LIMIT,1702038830248,63341,0.099271
DOGEUSDT,BUY,LIMIT,1702039084394,78,0.098821
DOGEUSDT,SELL,LIMIT,1702040461183,5217,0.097288
DOGEUSDT,SELL,LIMIT,1702040469790,734,0.097267
DOGEUSDT,SELL,LIMIT,1702040482685,9147,0.097152
DOGEUSDT,SELL,LIMIT,1702040674097,17998,0.097053
DOGEUSDT,SELL,LIMIT,1702040935129,3903,0.097010
DOGEUSDT,SELL,LIMIT,1702040996289,14572,0.096954
DOGEUSDT,SELL,LIMIT,1702041971323,59110,0.097433
DOGEUSDT,SELL,LIMIT,1702042238192,79,0.096894
DOGEUSDT,SELL,LIMIT,1702042239356,10000,0.096846
DOGEUSDT,SELL,LIMIT,1702042245442,120,0.096818
DOGEUSDT,SELL,LIMIT,1702042247054,12766,0.096766
DOGEUSDT,BUY,LIMIT,1702042982658,279,0.098098
DOGEUSDT,BUY,LIMIT,1702043691178,34184,0.098030
DOGEUSDT,SELL,LIMIT,1702043990238,51118,0.096814
DOGEUSDT,BUY,LIMIT,1702044086490,282,0.097907
DOGEUSDT,SELL,LIMIT,1702044510739,222,0.096705
DOGEUSDT,SELL,LIMIT,1702044512460,135,0.096660
DOGEUSDT,SELL,LIMIT,1702044546645,11266,0.096619
DOGEUSDT,SELL,LIMIT,1702044965398,10206,0.097124
DOGEUSDT,BUY,LIMIT,1702045040899,870,0.097897
DOGEUSDT,BUY,LIMIT,1702045280273,251,0.098386
DOGEUSDT,SELL,LIMIT,1702045692427,206,0.104844
DOGEUSDT,BUY,LIMIT,1702045885456,6713,0.098476
DOGEUSDT,BUY,LIMIT,1702045968521,7282,0.098740
DOGEUSDT,BUY,LIMIT,1702045973035,24220,0.098779
DOGEUSDT,BUY,LIMIT,1702045995621,22303,0.098848
DOGEUSDT,BUY,LIMIT,1702046007418,1543,0.098909
DOGEUSDT,BUY,LIMIT,1702046009974,3286,0.098922
DOGEUSDT,BUY,LIMIT,1702047302619,23382,0.098983
DOGEUSDT,BUY,LIMIT,1702047307940,9740,0.099061
DOGEUSDT,BUY,LIMIT,1702047310086,51124,0.099084
DOGEUSDT,BUY,LIMIT,1702047420637,153,0.099199
DOGEUSDT,SELL,LIMIT,1702047622194,26891,0.097967
DOGEUSDT,BUY,LIMIT,1702047700059,16453,0.099093
DOGEUSDT,BUY,LIMIT,1702048108127,92,0.099134
DOGEUSDT,SELL,LIMIT,1702048993097,4791,0.097998
DOGEUSDT,BUY,LIMIT,1702049648496,50828,0.098757
DOGEUSDT,SELL,LIMIT,1702050475845,421,0.097988
DOGEUSDT,SELL,LIMIT,1702050794696,1561,0.097553
DOGEUSDT,SELL,LIMIT,1702050821602,50658,0.097362
DOGEUSDT,SELL,LIMIT,1702050830274,1587,0.097352
DOGEUSDT,SELL,LIMIT,1702050878214,37374,0.097294
DOGEUSDT,BUY,LIMIT,1702051257194,41384,0.098478
DOGEUSDT,BUY,LIMIT,1702051270893,73560,0.098606
DOGEUSDT,BUY,LIMIT,1702051385739,295297,0.098917
DOGEUSDT,BUY,LIMIT,1702051390574,969,0.098761
DOGEUSDT,BUY,LIMIT,1702051483913,10298,0.098852
DOGEUSDT,BUY,LIMIT,1702051501763,1007,0.098887
DOGEUSDT,BUY,LIMIT,1702051514586,113,0.098972
DOGEUSDT,BUY,LIMIT,1702051650391,2712,0.098724
DOGEUSDT,BUY,LIMIT,1702051724667,7506,0.098745
DOGEUSDT,BUY,LIMIT,1702052161449,515,0.098861
DOGEUSDT,BUY,LIMIT,1702052520783,3878,0.098951
DOGEUSDT,BUY,LIMIT,1702052530227,769,0.098968
DOGEUSDT,BUY,LIMIT,1702052737370,555,0.099389
DOGEUSDT,BUY,LIMIT,1702052747439,117,0.099399
DOGEUSDT,BUY,LIMIT,1702052761401,1,0.099451
DOGEUSDT,SELL,LIMIT,1702054984517,42325,0.098638
DOGEUSDT,SELL,LIMIT,1702055022441,2453,0.098384
DOGEUSDT,BUY,LIMIT,1702055184543,859,0.099129
DOGEUSDT,SELL,LIMIT,1702055405014,153,0.098156
DOGEUSDT,SELL,LIMIT,1702056262633,5117,0.097681
DOGEUSDT,SELL,LIMIT,1702056283515,939,0.097394
DOGEUSDT,SELL,LIMIT,1702056290158,929,0.097315
DOGEUSDT,SELL,LIMIT,1702056324146,281,0.097294
DOGEUSDT,SELL,LIMIT,1702056349024,12461,0.097162
DOGEUSDT,SELL,LIMIT,1702056555349,510,0.097119
DOGEUSDT,SELL,LIMIT,1702056556391,64,0.097123
DOGEUSDT,SELL,LIMIT,1702056668428,104,0.097064
DOGEUSDT,SELL,LIMIT,1702056718987,65,0.097041
DOGEUSDT,BUY,LIMIT,1702057094020,12000,0.098880
DOGEUSDT,BUY,LIMIT,1702057096141,55,0.098903
DOGEUSDT,SELL,LIMIT,1702057385571,3,0.099443
DOGEUSDT,BUY,LIMIT,1702063446817,184493,0.099595
DOGEUSDT,BUY,LIMIT,1702063659392,109,0.099511
DOGEUSDT,BUY,LIMIT,1702063660490,6235,0.099529
DOGEUSDT,BUY,LIMIT,1702063664302,4879,0.099607
DOGEUSDT,BUY,LIMIT,1702063676120,470,0.099619
DOGEUSDT,BUY,LIMIT,1702063690150,12558,0.099626
DOGEUSDT,BUY,LIMIT,1702063691652,74,0.099642
DOGEUSDT,BUY,LIMIT,1702063693177,1744,0.099672
DOGEUSDT,BUY,LIMIT,1702063698324,175,0.099692
DOGEUSDT,BUY,LIMIT,1702063703465,407,0.099720
DOGEUSDT,BUY,LIMIT,1702063709516,86,0.099743
DOGEUSDT,BUY,LIMIT,1702063714984,580,0.099756
DOGEUSDT,BUY,LIMIT,1702063731624,9191,0.099797
DOGEUSDT,BUY,LIMIT,1702063755343,310,0.099840
DOGEUSDT,BUY,LIMIT,1702063756441,9006,0.099884
DOGEUSDT,BUY,LIMIT,1702063757668,38172,0.099895
DOGEUSDT,BUY,LIMIT,1702063758671,20438,0.099901
DOGEUSDT,BUY,LIMIT,1702063788265,4816,0.099908
DOGEUSDT,BUY,LIMIT,1702063789278,37264,0.099954
DOGEUSDT,BUY,LIMIT,1702064045193,1446,0.100042
DOGEUSDT,BUY,LIMIT,1702064046237,50828,0.100109
DOGEUSDT,BUY,LIMIT,1702064047428,3498,0.100163
DOGEUSDT,BUY,LIMIT,1702064070068,3496,0.100201
DOGEUSDT,BUY,LIMIT,1702064085734,195,0.100222
DOGEUSDT,BUY,LIMIT,1702064087072,924,0.100212
DOGEUSDT,BUY,LIMIT,1702064096190,5384,0.100264
DOGEUSDT,BUY,LIMIT,1702064144406,568688,0.100563
DOGEUSDT,BUY,LIMIT,1702064148109,26937,0.100407
DOGEUSDT,BUY,LIMIT,1702064151315,885,0.100414
DOGEUSDT,BUY,LIMIT,1702064181842,9524,0.100470
DOGEUSDT,BUY,LIMIT,1702064194375,3020,0.100576
DOGEUSDT,BUY,LIMIT,1702064195422,150000,0.100713
DOGEUSDT,BUY,LIMIT,1702064197977,498,0.100631
DOGEUSDT,BUY,LIMIT,1702064200163,1688,0.100660
DOGEUSDT,BUY,LIMIT,1702064201228,45975,0.100657
DOGEUSDT,BUY,LIMIT,1702064203315,1825,0.100666
DOGEUSDT,BUY,LIMIT,1702064207052,7340,0.100741
DOGEUSDT,BUY,LIMIT,1702064208221,1217,0.100821
DOGEUSDT,BUY,LIMIT,1702064219138,8642,0.100911
DOGEUSDT,BUY,LIMIT,1702064220256,1150,0.100900
DOGEUSDT,BUY,LIMIT,1702064221945,25652,0.100960
DOGEUSDT,BUY,LIMIT,1702065293293,213,0.099897
DOGEUSDT,BUY,LIMIT,1702065555162,39051,0.101038
DOGEUSDT,BUY,LIMIT,1702065556189,252,0.101025
DOGEUSDT,BUY,LIMIT,1702065748780,1785,0.101126
DOGEUSDT,BUY,LIMIT,1702065861344,1211,0.100865
DOGEUSDT,BUY,LIMIT,1702065942459,3016,0.101157
DOGEUSDT,BUY,LIMIT,1702065943464,13333,0.101169
DOGEUSDT,BUY,LIMIT,1702065945868,34939,0.101245
DOGEUSDT,BUY,LIMIT,1702066227110,123,0.101105
DOGEUSDT,BUY,LIMIT,1702067589493,8038,0.100676
DOGEUSDT,BUY,LIMIT,1702067741572,20647,0.100738
DOGEUSDT,SELL,LIMIT,1702067755007,6820,0.099719
DOGEUSDT,SELL,LIMIT,1702067776731,3555,0.099869
DOGEUSDT,BUY,LIMIT,1702068216250,210,0.100856
DOGEUSDT,BUY,LIMIT,1702068229047,2043,0.100912
DOGEUSDT,BUY,LIMIT,1702068928836,4510,0.100920
DOGEUSDT,BUY,LIMIT,1702069020790,107,0.100949
DOGEUSDT,SELL,LIMIT,1702069043525,435,0.099958
DOGEUSDT,BUY,LIMIT,1702069075084,1283,0.100981
DOGEUSDT,BUY,LIMIT,1702069249378,15590,0.101269
DOGEUSDT,BUY,LIMIT,1702069254146,2758,0.101281
DOGEUSDT,BUY,LIMIT,1702069371314,13161,0.101329
DOGEUSDT,BUY,LIMIT,1702069452551,1442,0.101371
DOGEUSDT,BUY,LIMIT,1702069464105,4494,0.101412
DOGEUSDT,BUY,LIMIT,1702069465473,2366,0.101393
DOGEUSDT,BUY,LIMIT,1702069466895,29929,0.101434
DOGEUSDT,BUY,LIMIT,1702069468074,299,0.101449
DOGEUSDT,BUY,LIMIT,1702069514398,1108,0.101472
DOGEUSDT,BUY,LIMIT,1702069515811,2517,0.101521
DOGEUSDT,BUY,LIMIT,1702069517631,70842,0.101581
DOGEUSDT,BUY,LIMIT,1702069519010,30466,0.101566
DOGEUSDT,BUY,LIMIT,1702069520034,924,0.101612
DOGEUSDT,BUY,LIMIT,1702069522307,468,0.101661
DOGEUSDT,BUY,LIMIT,1702069530086,304,0.101674
DOGEUSDT,BUY,LIMIT,1702069532203,189,0.101726
DOGEUSDT,BUY,LIMIT,1702069533445,126,0.101756
DOGEUSDT,BUY,LIMIT,1702069535107,15062,0.101883
DOGEUSDT,BUY,LIMIT,1702069539559,1069,0.101854
DOGEUSDT,BUY,LIMIT,1702069540747,306,0.101939
DOGEUSDT,BUY,LIMIT,1702069544437,8063,0.101946
DOGEUSDT,BUY,LIMIT,1702069555180,28659,0.102003
DOGEUSDT,BUY,LIMIT,1702069559113,1395,0.102041
DOGEUSDT,BUY,LIMIT,1702069561210,9453,0.102082
DOGEUSDT,BUY,LIMIT,1702069562227,1991,0.102125
DOGEUSDT,BUY,LIMIT,1702069563326,16767,0.102124
DOGEUSDT,BUY,LIMIT,1702069588002,3597,0.102154
DOGEUSDT,BUY,LIMIT,1702069589235,18883,0.102202
DOGEUSDT,BUY,LIMIT,1702069590582,167571,0.102313
DOGEUSDT,BUY,LIMIT,1702069592037,18417,0.102240
DOGEUSDT,BUY,LIMIT,1702069596514,6108,0.102255
DOGEUSDT,BUY,LIMIT,1702069662337,5789,0.102325
DOGEUSDT,BUY,LIMIT,1702069663554,4665,0.102310
DOGEUSDT,BUY,LIMIT,1702069669654,54,0.102349
DOGEUSDT,BUY,LIMIT,1702069673486,22259,0.102407
DOGEUSDT,BUY,LIMIT,1702069679091,10713,0.102423
DOGEUSDT,BUY,LIMIT,1702069695129,2438,0.102556
DOGEUSDT,BUY,LIMIT,1702069696230,2717,0.102437
DOGEUSDT,BUY,LIMIT,1702069697264,3230,0.102611
DOGEUSDT,BUY,LIMIT,1702069703213,8389,0.102801
DOGEUSDT,BUY,LIMIT,1702069704253,2498,0.102786
DOGEUSDT,BUY,LIMIT,1702069712143,2300,0.102900
DOGEUSDT,BUY,LIMIT,1702069713405,605,0.102967
DOGEUSDT,BUY,LIMIT,1702069735082,397,0.103059
DOGEUSDT,BUY,LIMIT,1702069736521,3911,0.103015
DOGEUSDT,BUY,LIMIT,1702069740240,15148,0.103110
DOGEUSDT,BUY,LIMIT,1702069744229,61,0.103147
DOGEUSDT,BUY,LIMIT,1702069745341,154236,0.103245
DOGEUSDT,BUY,LIMIT,1702069758409,62201,0.103210
DOGEUSDT,BUY,LIMIT,1702069759437,168,0.103202
DOGEUSDT,BUY,LIMIT,1702069760559,144,0.103265
DOGEUSDT,BUY,LIMIT,1702069769219,75944,0.103400
DOGEUSDT,BUY,LIMIT,1702069770223,6757,0.103358
DOGEUSDT,BUY,LIMIT,1702069776167,5214,0.103385
DOGEUSDT,BUY,LIMIT,1702069777277,195,0.103375
DOGEUSDT,BUY,LIMIT,1702069778511,145,0.103398
DOGEUSDT,BUY,LIMIT,1702069857377,2286,0.103488
DOGEUSDT,BUY,LIMIT,1702069890648,98,0.103490
DOGEUSDT,BUY,LIMIT,1702070159214,7986,0.103503
DOGEUSDT,BUY,LIMIT,1702070160398,144,0.103522
DOGEUSDT,BUY,LIMIT,1702070165458,98306,0.103600
DOGEUSDT,BUY,LIMIT,1702070168312,9571,0.103569
DOGEUSDT,BUY,LIMIT,1702070184498,37800,0.103552
DOGEUSDT,BUY,LIMIT,1702070204087,634,0.103573
DOGEUSDT,BUY,LIMIT,1702070225177,4096,0.103629
DOGEUSDT,BUY,LIMIT,1702070226273,957,0.103645
DOGEUSDT,BUY,LIMIT,1702070227356,489132,0.103842
DOGEUSDT,BUY,LIMIT,1702070228427,505,0.103653
DOGEUSDT,BUY,LIMIT,1702070235211,1560,0.103713
DOGEUSDT,BUY,LIMIT,1702070285553,10031,0.103736
DOGEUSDT,BUY,LIMIT,1702070286685,11360,0.103750
DOGEUSDT,BUY,LIMIT,1702070289141,23446,0.103758
DOGEUSDT,BUY,LIMIT,1702070290469,73533,0.103829
DOGEUSDT,BUY,LIMIT,1702070626769,1528,0.103504
DOGEUSDT,BUY,LIMIT,1702070661051,976,0.103487
DOGEUSDT,BUY,LIMIT,1702070664230,816,0.103496
DOGEUSDT,BUY,LIMIT,1702070735327,509,0.103480
DOGEUSDT,BUY,LIMIT,1702070755171,909,0.103449
DOGEUSDT,BUY,LIMIT,1702070773649,543,0.103492
DOGEUSDT,BUY,LIMIT,1702070847353,9890,0.103805
DOGEUSDT,BUY,LIMIT,1702070850122,897,0.103846
DOGEUSDT,BUY,LIMIT,1702070851371,5386,0.103829
DOGEUSDT,BUY,LIMIT,1702070873733,762,0.103988
DOGEUSDT,BUY,LIMIT,1702070880679,5287,0.104049
DOGEUSDT,BUY,LIMIT,1702070894894,5067,0.104106
DOGEUSDT,BUY,LIMIT,1702070895952,299736,0.104315
DOGEUSDT,BUY,LIMIT,1702070897177,148,0.104222
DOGEUSDT,BUY,LIMIT,1702070898329,35079,0.104216
DOGEUSDT,BUY,LIMIT,1702070916508,3614,0.104281
DOGEUSDT,BUY,LIMIT,1702070965306,1129,0.104338
DOGEUSDT,SELL,LIMIT,1702071083236,554,0.102398
DOGEUSDT,SELL,LIMIT,1702071729558,3621,0.102225
DOGEUSDT,SELL,LIMIT,1702071732255,7210,0.102135
DOGEUSDT,SELL,LIMIT,1702071733855,124,0.102074
DOGEUSDT,SELL,LIMIT,1702071740462,24170,0.101976
DOGEUSDT,SELL,LIMIT,1702071749074,14548,0.101857
DOGEUSDT,SELL,LIMIT,1702071750530,263,0.101812
DOGEUSDT,SELL,LIMIT,1702071752662,91,0.101736
DOGEUSDT,SELL,LIMIT,1702071804033,48477,0.101698
DOGEUSDT,SELL,LIMIT,1702071815471,11690,0.101650
DOGEUSDT,SELL,LIMIT,1702071817254,746,0.101585
DOGEUSDT,SELL,LIMIT,1702071818329,69,0.101482
DOGEUSDT,SELL,LIMIT,1702071819884,9796,0.101468
DOGEUSDT,SELL,LIMIT,1702072000125,1226,0.101393
DOGEUSDT,SELL,LIMIT,1702072020277,14448,0.101353
DOGEUSDT,SELL,LIMIT,1702072023432,2385,0.101296
DOGEUSDT,SELL,LIMIT,1702072032553,1010,0.101222
DOGEUSDT,SELL,LIMIT,1702072043956,11183,0.101211
DOGEUSDT,SELL,LIMIT,1702072117973,56,0.101134
DOGEUSDT,SELL,LIMIT,1702072127513,48619,0.101073
DOGEUSDT,SELL,LIMIT,1702072311166,1031,0.100960
DOGEUSDT,SELL,LIMIT,1702072312993,840,0.100934
DOGEUSDT,SELL,LIMIT,1702072314392,35333,0.100900
DOGEUSDT,SELL,LIMIT,1702072316007,2546,0.100894
DOGEUSDT,SELL,LIMIT,1702072399691,715,0.100859
DOGEUSDT,BUY,LIMIT,1702072671666,1889,0.102162
DOGEUSDT,BUY,LIMIT,1702073280698,1398,0.102782
DOGEUSDT,BUY,LIMIT,1702073599655,3217,0.102986
DOGEUSDT,BUY,LIMIT,1702073601653,9017,0.103005
DOGEUSDT,SELL,LIMIT,1702074026066,63,0.102401
DOGEUSDT,SELL,LIMIT,1702074394413,1027,0.101201
DOGEUSDT,SELL,LIMIT,1702074399409,148,0.101165
DOGEUSDT,SELL,LIMIT,1702074556921,48723,0.101064
DOGEUSDT,SELL,LIMIT,1702075523716,828,0.100869
DOGEUSDT,SELL,LIMIT,1702075531577,624,0.100813
DOGEUSDT,SELL,LIMIT,1702077100776,16388,0.100790
DOGEUSDT,SELL,LIMIT,1702077471070,3417,0.100731
DOGEUSDT,SELL,LIMIT,1702077711205,3383,0.100653
DOGEUSDT,SELL,LIMIT,1702077761851,320,0.100639
DOGEUSDT,SELL,LIMIT,1702077964707,730,0.100593
DOGEUSDT,SELL,LIMIT,1702078147226,412,0.100578
DOGEUSDT,SELL,LIMIT,1702078148368,263,0.100587
DOGEUSDT,BUY,LIMIT,1702078182357,70558,0.101716
DOGEUSDT,SELL,LIMIT,1702078604777,87,0.105894
DOGEUSDT,BUY,LIMIT,1702078609448,467,0.101896
DOGEUSDT,BUY,LIMIT,1702078625042,21087,0.101841
DOGEUSDT,BUY,LIMIT,1702078883265,3254,0.101783
DOGEUSDT,SELL,LIMIT,1702079116761,1721,0.100560
DOGEUSDT,BUY,LIMIT,1702079208325,62781,0.101848
DOGEUSDT,BUY,LIMIT,1702080089612,9438,0.102491
DOGEUSDT,BUY,LIMIT,1702080103613,167,0.102479
DOGEUSDT,BUY,LIMIT,1702080152333,343,0.102246
DOGEUSDT,BUY,LIMIT,1702080232911,323,0.102245
DOGEUSDT,BUY,LIMIT,1702080235703,4576,0.102311
DOGEUSDT,BUY,LIMIT,1702080256653,573,0.102339
DOGEUSDT,BUY,LIMIT,1702080276661,2315,0.102246
DOGEUSDT,BUY,LIMIT,1702080715168,21707,0.102589
DOGEUSDT,BUY,LIMIT,1702080749970,13376,0.102560
DOGEUSDT,BUY,LIMIT,1702080801370,67,0.102592
DOGEUSDT,BUY,LIMIT,1702080992331,53,0.102627
DOGEUSDT,BUY,LIMIT,1702081007111,192,0.102643
DOGEUSDT,BUY,LIMIT,1702081142744,36552,0.102720
DOGEUSDT,BUY,LIMIT,1702081145034,4321,0.102724
DOGEUSDT,BUY,LIMIT,1702081146203,49319,0.102734
DOGEUSDT,BUY,LIMIT,1702081183103,8432,0.102788
DOGEUSDT,BUY,LIMIT,1702081189796,49290,0.102805
DOGEUSDT,BUY,LIMIT,1702081229517,85745,0.102834
DOGEUSDT,BUY,LIMIT,1702081267603,203,0.102731
DOGEUSDT,SELL,LIMIT,1702081364752,727,0.101849
DOGEUSDT,BUY,LIMIT,1702081399288,1066,0.102984
DOGEUSDT,BUY,LIMIT,1702081403994,3983,0.102992
DOGEUSDT,BUY,LIMIT,1702081555179,18312,0.102992
DOGEUSDT,BUY,LIMIT,1702081612916,5757,0.103064
DOGEUSDT,BUY,LIMIT,1702081626343,106284,0.103237
DOGEUSDT,BUY,LIMIT,1702081685835,69,0.103211
DOGEUSDT,BUY,LIMIT,1702081700265,133,0.103249
DOGEUSDT,BUY,LIMIT,1702081703354,1067,0.103277
DOGEUSDT,BUY,LIMIT,1702081705456,205,0.103364
DOGEUSDT,BUY,LIMIT,1702081707527,17445,0.103379
DOGEUSDT,BUY,LIMIT,1702081709759,258,0.103393
DOGEUSDT,BUY,LIMIT,1702081713224,14634,0.103396
DOGEUSDT,BUY,LIMIT,1702081743272,11358,0.103435
DOGEUSDT,BUY,LIMIT,1702081744754,9699,0.103461
DOGEUSDT,BUY,LIMIT,1702081748449,51808,0.103492
DOGEUSDT,BUY,LIMIT,1702081776368,176,0.103515
DOGEUSDT,BUY,LIMIT,1702081824721,20524,0.103644
DOGEUSDT,BUY,LIMIT,1702081832962,5529,0.103656
DOGEUSDT,BUY,LIMIT,1702082044053,45574,0.103402
DOGEUSDT,BUY,LIMIT,1702082048970,12586,0.103407
DOGEUSDT,BUY,LIMIT,1702082106889,759,0.103374
DOGEUSDT,BUY,LIMIT,1702082441745,338,0.103303
DOGEUSDT,BUY,LIMIT,1702082477044,18853,0.103489
DOGEUSDT,BUY,LIMIT,1702082493427,17834,0.103434
DOGEUSDT,BUY,LIMIT,1702082500374,6644,0.103417
DOGEUSDT,SELL,LIMIT,1702082809885,98745,0.101925
DOGEUSDT,BUY,LIMIT,1702082960883,9773,0.102987
DOGEUSDT,SELL,LIMIT,1702083635611,15653,0.101642
DOGEUSDT,SELL,LIMIT,1702083648399,10500,0.101665
DOGEUSDT,SELL,LIMIT,1702083674789,4854,0.101574
DOGEUSDT,SELL,LIMIT,1702083695054,66,0.101501
DOGEUSDT,SELL,LIMIT,1702083815153,45695,0.101402
DOGEUSDT,SELL,LIMIT,1702083841627,11478,0.101365
DOGEUSDT,SELL,LIMIT,1702083932454,2304,0.101182
DOGEUSDT,SELL,LIMIT,1702083957000,50,0.101141
DOGEUSDT,SELL,LIMIT,1702083969544,19419,0.101106
DOGEUSDT,SELL,LIMIT,1702083975198,26385,0.101047
DOGEUSDT,SELL,LIMIT,1702084025091,2289,0.100874
DOGEUSDT,SELL,LIMIT,1702084100443,48164,0.100655
DOGEUSDT,SELL,LIMIT,1702084189671,335,0.100584
DOGEUSDT,SELL,LIMIT,1702084193134,49208,0.100567
DOGEUSDT,SELL,LIMIT,1702084201681,14870,0.100547
DOGEUSDT,SELL,LIMIT,1702084214995,34065,0.100501
DOGEUSDT,SELL,LIMIT,1702084217075,16039,0.100486
DOGEUSDT,SELL,LIMIT,1702084218147,1818,0.100436
DOGEUSDT,SELL,LIMIT,1702084219373,20000,0.100455
DOGEUSDT,BUY,LIMIT,1702085555501,9,0.102087
DOGEUSDT,BUY,LIMIT,1702085794962,300,0.102510
DOGEUSDT,BUY,LIMIT,1702085900320,455,0.102449
DOGEUSDT,BUY,LIMIT,1702085901360,2117,0.102449
DOGEUSDT,BUY,LIMIT,1702086429434,144,0.102618
DOGEUSDT,BUY,LIMIT,1702086953959,73,0.102944
DOGEUSDT,BUY,LIMIT,1702087056154,11972,0.103151
DOGEUSDT,BUY,LIMIT,1702087114428,905,0.103248
DOGEUSDT,SELL,LIMIT,1702088236629,1252,0.101359
DOGEUSDT,SELL,LIMIT,1702089659397,674,0.100793
DOGEUSDT,BUY,LIMIT,1702091266960,756,0.102399
DOGEUSDT,BUY,LIMIT,1702091727483,40963,0.102465
DOGEUSDT,BUY,LIMIT,1702091764048,405,0.101370
DOGEUSDT,BUY,LIMIT,1702091771062,350,0.101207
DOGEUSDT,BUY,LIMIT,1702091785716,21728,0.102559
DOGEUSDT,BUY,LIMIT,1702091789060,42916,0.102576
DOGEUSDT,BUY,LIMIT,1702091906220,13965,0.102612
DOGEUSDT,BUY,LIMIT,1702091928370,363,0.102622
DOGEUSDT,BUY,LIMIT,1702091933373,2155,0.102626
DOGEUSDT,BUY,LIMIT,1702091969986,59,0.102602
DOGEUSDT,BUY,LIMIT,1702092149687,77,0.102691
DOGEUSDT,BUY,LIMIT,1702092417944,1058,0.102924
DOGEUSDT,BUY,LIMIT,1702092521040,54,0.102983
DOGEUSDT,BUY,LIMIT,1702092602375,3884,0.102919
DOGEUSDT,BUY,LIMIT,1702093877547,133,0.103298
DOGEUSDT,BUY,LIMIT,1702093879267,7141,0.103311
DOGEUSDT,BUY,LIMIT,1702093938765,381,0.103467
DOGEUSDT,BUY,LIMIT,1702094001345,1382,0.103490
DOGEUSDT,BUY,LIMIT,1702094418370,133,0.103534
DOGEUSDT,BUY,LIMIT,1702094571397,3012,0.103434
DOGEUSDT,BUY,LIMIT,1702094628258,41961,0.103454
DOGEUSDT,BUY,LIMIT,1702094637317,2650,0.103474
DOGEUSDT,BUY,LIMIT,1702094841574,10291,0.103243
DOGEUSDT,BUY,LIMIT,1702095571035,10000,0.103571
DOGEUSDT,BUY,LIMIT,1702095774161,11803,0.103477
DOGEUSDT,BUY,LIMIT,1702095915462,6807,0.103525
DOGEUSDT,BUY,LIMIT,1702095952902,266,0.103633
DOGEUSDT,BUY,LIMIT,1702095966332,475,0.103653
DOGEUSDT,BUY,LIMIT,1702095967383,20148,0.103650
DOGEUSDT,BUY,LIMIT,1702095972499,40000,0.103692
DOGEUSDT,BUY,LIMIT,1702095980068,8410,0.103729
DOGEUSDT,BUY,LIMIT,1702095988440,1234,0.103734
DOGEUSDT,BUY,LIMIT,1702095992270,4563,0.103761
DOGEUSDT,BUY,LIMIT,1702096001164,1178,0.103775
DOGEUSDT,BUY,LIMIT,1702096053895,449,0.103679
DOGEUSDT,BUY,LIMIT,1702096174310,41004,0.103525
DOGEUSDT,BUY,LIMIT,1702096330934,20810,0.103512
DOGEUSDT,SELL,LIMIT,1702096521068,615,0.102416
DOGEUSDT,BUY,LIMIT,1702096691060,2147,0.103805
DOGEUSDT,BUY,LIMIT,1702096712284,24428,0.103856
DOGEUSDT,BUY,LIMIT,1702096715023,3952,0.103874
DOGEUSDT,BUY,LIMIT,1702096716748,357,0.103875
DOGEUSDT,BUY,LIMIT,1702096736519,49105,0.103887
DOGEUSDT,BUY,LIMIT,1702097102507,5000,0.103920
DOGEUSDT,BUY,LIMIT,1702097135119,371,0.104035
DOGEUSDT,BUY,LIMIT,1702097138447,17377,0.104047
DOGEUSDT,BUY,LIMIT,1702097343240,198,0.104002
DOGEUSDT,BUY,LIMIT,1702097630266,27493,0.104086
DOGEUSDT,BUY,LIMIT,1702097662665,1184,0.104055
DOGEUSDT,BUY,LIMIT,1702097664605,4561,0.104072
DOGEUSDT,BUY,LIMIT,1702097666094,4696,0.104136
DOGEUSDT,BUY,LIMIT,1702098114118,280,0.104180
DOGEUSDT,BUY,LIMIT,1702098123215,5648,0.104210
DOGEUSDT,BUY,LIMIT,1702098127093,10738,0.104265
DOGEUSDT,BUY,LIMIT,1702098151996,372,0.104198
DOGEUSDT,BUY,LIMIT,1702098469087,741,0.103992
DOGEUSDT,BUY,LIMIT,1702099512520,1733,0.103803
DOGEUSDT,BUY,LIMIT,1702101200168,2172,0.103381
DOGEUSDT,BUY,LIMIT,1702101204887,26212,0.103399
DOGEUSDT,BUY,LIMIT,1702102153471,35549,0.103128
DOGEUSDT,BUY,LIMIT,1702102162539,9987,0.102707
DOGEUSDT,SELL,LIMIT,1702102276764,646,0.102066
DOGEUSDT,SELL,LIMIT,1702102277772,35000,0.102031
DOGEUSDT,SELL,LIMIT,1702102285058,560,0.102034
DOGEUSDT,BUY,LIMIT,1702102316902,10000,0.103062
DOGEUSDT,BUY,LIMIT,1702102343887,21715,0.103063
DOGEUSDT,SELL,LIMIT,1702102390680,50,0.102068
DOGEUSDT,SELL,LIMIT,1702102471648,2657,0.102004
DOGEUSDT,SELL,LIMIT,1702102537069,200,0.101972
DOGEUSDT,BUY,LIMIT,1702102963289,42435,0.103306
DOGEUSDT,BUY,LIMIT,1702103212393,3446,0.103595
DOGEUSDT,BUY,LIMIT,1702103376621,2511,0.103534
DOGEUSDT,BUY,LIMIT,1702103513212,1502,0.103404
DOGEUSDT,BUY,LIMIT,1702103600472,554,0.103281
DOGEUSDT,BUY,LIMIT,1702104792036,202,0.103896
DOGEUSDT,BUY,LIMIT,1702104831218,1234,0.103864
DOGEUSDT,BUY,LIMIT,1702104873199,72,0.103927
DOGEUSDT,BUY,LIMIT,1702104981222,1289,0.103766
DOGEUSDT,BUY,LIMIT,1702105632627,776,0.104007
DOGEUSDT,BUY,LIMIT,1702105876224,116,0.104087
DOGEUSDT,BUY,LIMIT,1702105885653,1937,0.104101
DOGEUSDT,BUY,LIMIT,1702105908477,1444,0.104056
DOGEUSDT,BUY,LIMIT,1702106031105,110,0.104118
DOGEUSDT,BUY,LIMIT,1702106081224,7541,0.104198
DOGEUSDT,BUY,LIMIT,1702106087177,694,0.104230
DOGEUSDT,BUY,LIMIT,1702106092097,260,0.104280
DOGEUSDT,BUY,LIMIT,1702106104178,32989,0.104305
DOGEUSDT,BUY,LIMIT,1702106808877,658,0.103839
DOGEUSDT,BUY,LIMIT,1702106866856,1064,0.103900
DOGEUSDT,BUY,LIMIT,1702106882670,6087,0.103922
DOGEUSDT,BUY,LIMIT,1702106888279,3573,0.103947
DOGEUSDT,BUY,LIMIT,1702106890480,3298,0.103934
DOGEUSDT,BUY,LIMIT,1702107150071,487,0.104478
DOGEUSDT,BUY,LIMIT,1702107151141,2738,0.104438
DOGEUSDT,BUY,LIMIT,1702107154073,9067,0.104566
DOGEUSDT,BUY,LIMIT,1702107155295,3576,0.104592
DOGEUSDT,BUY,LIMIT,1702107156454,2166,0.104600
DOGEUSDT,BUY,LIMIT,1702107187271,5423,0.104640
DOGEUSDT,BUY,LIMIT,1702107192999,7856,0.104689
DOGEUSDT,BUY,LIMIT,1702107206246,48728,0.104765
DOGEUSDT,BUY,LIMIT,1702107207420,47073,0.104714
DOGEUSDT,BUY,LIMIT,1702107226208,44041,0.104806
DOGEUSDT,BUY,LIMIT,1702107227500,3316,0.104848
DOGEUSDT,BUY,LIMIT,1702107229587,1207,0.104868
DOGEUSDT,BUY,LIMIT,1702107256294,1008,0.104831
DOGEUSDT,BUY,LIMIT,1702107486311,1013,0.104564
DOGEUSDT,BUY,LIMIT,1702107551432,77,0.104894
DOGEUSDT,BUY,LIMIT,1702107553090,204207,0.105046
DOGEUSDT,BUY,LIMIT,1702107557067,29365,0.104952
DOGEUSDT,BUY,LIMIT,1702107566442,3518,0.104952
DOGEUSDT,BUY,LIMIT,1702107617194,12589,0.104976
DOGEUSDT,BUY,LIMIT,1702107618344,332,0.104991
DOGEUSDT,BUY,LIMIT,1702107763000,2178,0.105048
DOGEUSDT,BUY,LIMIT,1702107764536,14459,0.105068
DOGEUSDT,BUY,LIMIT,1702107812937,2000,0.105085
DOGEUSDT,BUY,LIMIT,1702107815343,400,0.105133
DOGEUSDT,BUY,LIMIT,1702107816819,80211,0.105205
DOGEUSDT,BUY,LIMIT,1702107819659,172894,0.105305
DOGEUSDT,BUY,LIMIT,1702107822535,21358,0.105207
DOGEUSDT,BUY,LIMIT,1702107824188,54106,0.105264
DOGEUSDT,BUY,LIMIT,1702107825455,418,0.105299
DOGEUSDT,BUY,LIMIT,1702107826468,1789,0.105319
DOGEUSDT,BUY,LIMIT,1702107857517,3561,0.105166
DOGEUSDT,BUY,LIMIT,1702107982536,14255,0.105141
DOGEUSDT,BUY,LIMIT,1702107991083,1837,0.105112
DOGEUSDT,BUY,LIMIT,1702108005669,46054,0.105209
DOGEUSDT,BUY,LIMIT,1702108066144,3212,0.105143
DOGEUSDT,SELL,LIMIT,1702108239123,48,0.103400
DOGEUSDT,BUY,LIMIT,1702108294071,1268,0.104607
DOGEUSDT,BUY,LIMIT,1702108358696,963,0.104119
DOGEUSDT,BUY,LIMIT,1702108360514,1196,0.104677
DOGEUSDT,BUY,LIMIT,1702108513286,285590,0.104927
DOGEUSDT,BUY,LIMIT,1702108532625,11324,0.104829
DOGEUSDT,BUY,LIMIT,1702108549221,15357,0.104801
DOGEUSDT,BUY,LIMIT,1702108556863,11744,0.104821
DOGEUSDT,BUY,LIMIT,1702108663408,12397,0.104704
DOGEUSDT,BUY,LIMIT,1702108710678,1191,0.105248
DOGEUSDT,BUY,LIMIT,1702108729814,10441,0.105169
DOGEUSDT,BUY,LIMIT,1702108731194,15491,0.105369
DOGEUSDT,BUY,LIMIT,1702108733915,48384,0.105386
DOGEUSDT,BUY,LIMIT,1702108737373,62,0.105395
DOGEUSDT,BUY,LIMIT,1702108767737,143,0.105405
DOGEUSDT,BUY,LIMIT,1702108770855,847,0.105437
DOGEUSDT,BUY,LIMIT,1702108939293,2498,0.105102
DOGEUSDT,BUY,LIMIT,1702108948869,4917,0.105183
DOGEUSDT,SELL,LIMIT,1702109101219,4500,0.104097
DOGEUSDT,BUY,LIMIT,1702109102696,34897,0.105143
DOGEUSDT,BUY,LIMIT,1702109105216,1425578,0.105537
DOGEUSDT,BUY,LIMIT,1702109107873,13498,0.105211
DOGEUSDT,BUY,LIMIT,1702109412243,3008,0.105002
DOGEUSDT,BUY,LIMIT,1702109414644,7371,0.104985
DOGEUSDT,BUY,LIMIT,1702109416204,6868,0.104983
DOGEUSDT,BUY,LIMIT,1702109477131,3003,0.104821
DOGEUSDT,BUY,LIMIT,1702109566492,696,0.104801
DOGEUSDT,BUY,LIMIT,1702109721604,25000,0.104678
DOGEUSDT,SELL,LIMIT,1702109725063,4861,0.103872
DOGEUSDT,BUY,LIMIT,1702109775928,5000,0.104600
DOGEUSDT,BUY,LIMIT,1702109925239,78753,0.104460
DOGEUSDT,SELL,LIMIT,1702109946931,17623,0.103341
DOGEUSDT,BUY,LIMIT,1702109979972,500,0.104270
DOGEUSDT,SELL,LIMIT,1702110112166,47810,0.103185
DOGEUSDT,SELL,LIMIT,1702110163481,131,0.103159
DOGEUSDT,SELL,LIMIT,1702110164607,1825,0.103126
DOGEUSDT,BUY,LIMIT,1702110226702,16092,0.104198
DOGEUSDT,SELL,LIMIT,1702110246256,688,0.103044
DOGEUSDT,BUY,LIMIT,1702110269147,33,0.103993
DOGEUSDT,SELL,LIMIT,1702110322750,364,0.102928
DOGEUSDT,SELL,LIMIT,1702110323798,252,0.102895
DOGEUSDT,BUY,LIMIT,1702110334805,543,0.103901
DOGEUSDT,BUY,LIMIT,1702110355642,3020,0.104046
DOGEUSDT,BUY,LIMIT,1702110758017,9150,0.104094
DOGEUSDT,SELL,LIMIT,1702110841324,27644,0.102840
DOGEUSDT,SELL,LIMIT,1702110849419,575,0.102832
DOGEUSDT,SELL,LIMIT,1702110852064,2756,0.102797
DOGEUSDT,SELL,LIMIT,1702110856712,6589,0.102759
DOGEUSDT,SELL,LIMIT,1702110858524,21542,0.102719
DOGEUSDT,SELL,LIMIT,1702110876494,1124,0.102685
DOGEUSDT,SELL,LIMIT,1702110909398,5554,0.102476
DOGEUSDT,SELL,LIMIT,1702110910452,3816,0.102455
DOGEUSDT,SELL,LIMIT,1702110922694,9543,0.102318
DOGEUSDT,SELL,LIMIT,1702110931568,2205,0.102316
DOGEUSDT,SELL,LIMIT,1702110936090,4751,0.102262
DOGEUSDT,SELL,LIMIT,1702110937435,14186,0.102280
DOGEUSDT,SELL,LIMIT,1702110965430,48239,0.102217
DOGEUSDT,SELL,LIMIT,1702110968260,2427,0.102186
DOGEUSDT,SELL,LIMIT,1702110969326,35803,0.102137
DOGEUSDT,SELL,LIMIT,1702110971072,8435,0.102004
DOGEUSDT,SELL,LIMIT,1702110972234,346,0.103515
DOGEUSDT,SELL,LIMIT,1702110973616,12059,0.101945
DOGEUSDT,SELL,LIMIT,1702110975116,19450,0.101966
DOGEUSDT,SELL,LIMIT,1702110977663,4826,0.101816
DOGEUSDT,SELL,LIMIT,1702110980673,97349,0.101664
DOGEUSDT,SELL,LIMIT,1702110982114,66,0.101654
DOGEUSDT,SELL,LIMIT,1702110983299,7285,0.101566
DOGEUSDT,SELL,LIMIT,1702110984493,47932,0.102058
DOGEUSDT,SELL,LIMIT,1702110993069,180062,0.101351
DOGEUSDT,SELL,LIMIT,1702110994258,1927,0.101466
DOGEUSDT,SELL,LIMIT,1702111029953,39211,0.101426
DOGEUSDT,SELL,LIMIT,1702111032350,2144,0.101768
DOGEUSDT,SELL,LIMIT,1702111035463,627,0.102611
DOGEUSDT,SELL,LIMIT,1702111037287,25482,0.101238
DOGEUSDT,SELL,LIMIT,1702111038482,10000,0.101132
DOGEUSDT,SELL,LIMIT,1702111041342,134,0.101082
DOGEUSDT,SELL,LIMIT,1702111042519,48321,0.101082
DOGEUSDT,SELL,LIMIT,1702111043602,14376,0.100943
DOGEUSDT,SELL,LIMIT,1702111044816,862,0.100961
DOGEUSDT,SELL,LIMIT,1702111045894,12570,0.100874
DOGEUSDT,SELL,LIMIT,1702111048089,72138,0.100919
DOGEUSDT,SELL,LIMIT,1702111068553,482,0.100890
DOGEUSDT,SELL,LIMIT,1702111071005,7917,0.100822
DOGEUSDT,SELL,LIMIT,1702111072152,2650,0.100799
DOGEUSDT,SELL,LIMIT,1702111079052,200,0.100951
DOGEUSDT,SELL,LIMIT,1702111197268,14278,0.100708
DOGEUSDT,SELL,LIMIT,1702111198502,48524,0.100744
DOGEUSDT,SELL,LIMIT,1702111204125,48359,0.100679
DOGEUSDT,SELL,LIMIT,1702111205430,35943,0.100672
DOGEUSDT,SELL,LIMIT,1702111362520,7209,0.100734
DOGEUSDT,SELL,LIMIT,1702111373498,14679,0.100655
DOGEUSDT,SELL,LIMIT,1702111375938,6607,0.100642
DOGEUSDT,SELL,LIMIT,1702111377449,2777,0.100599
DOGEUSDT,SELL,LIMIT,1702111378564,70532,0.100528
DOGEUSDT,SELL,LIMIT,1702111380195,92303,0.100449
DOGEUSDT,SELL,LIMIT,1702111381691,377644,0.100333
DOGEUSDT,SELL,LIMIT,1702111383987,219,0.100658
DOGEUSDT,SELL,LIMIT,1702111385274,47187,0.100455
DOGEUSDT,SELL,LIMIT,1702111386281,6815,0.100378
DOGEUSDT,SELL,LIMIT,1702111387408,97465,0.100300
DOGEUSDT,SELL,LIMIT,1702111388599,49163,0.100256
DOGEUSDT,SELL,LIMIT,1702111392445,83219,0.100317
DOGEUSDT,BUY,LIMIT,1702111841896,320,0.102700
DOGEUSDT,BUY,LIMIT,1702111894507,5572,0.102897
DOGEUSDT,BUY,LIMIT,1702112372432,2404,0.101667
DOGEUSDT,BUY,LIMIT,1702113165308,1796,0.103091
DOGEUSDT,BUY,LIMIT,1702113166781,854,0.103096
DOGEUSDT,BUY,LIMIT,1702113573963,1661,0.103223
DOGEUSDT,BUY,LIMIT,1702114378147,1360,0.103491
DOGEUSDT,SELL,LIMIT,1702114767623,7851,0.101656
DOGEUSDT,SELL,LIMIT,1702114783237,15432,0.101636
DOGEUSDT,SELL,LIMIT,1702114884540,9317,0.101428
DOGEUSDT,SELL,LIMIT,1702114983740,615,0.101392
DOGEUSDT,SELL,LIMIT,1702114990669,5750,0.101355
DOGEUSDT,SELL,LIMIT,1702114993476,486,0.101273
DOGEUSDT,SELL,LIMIT,1702114995153,32664,0.101253
DOGEUSDT,SELL,LIMIT,1702115032482,1951,0.101155
DOGEUSDT,SELL,LIMIT,1702115035908,1080,0.101151
DOGEUSDT,SELL,LIMIT,1702115046980,508,0.101097
DOGEUSDT,SELL,LIMIT,1702115057708,4443,0.101077
DOGEUSDT,BUY,LIMIT,1702115851103,204,0.102903
DOGEUSDT,BUY,LIMIT,1702115853571,52,0.102934
DOGEUSDT,BUY,LIMIT,1702115855407,1903,0.102959
DOGEUSDT,BUY,LIMIT,1702115893247,443,0.103084
DOGEUSDT,SELL,LIMIT,1702117864442,33613,0.101411
DOGEUSDT,SELL,LIMIT,1702119252845,1328,0.102068
DOGEUSDT,SELL,LIMIT,1702119806783,77,0.102182
DOGEUSDT,SELL,LIMIT,1702120986301,63,0.101385
DOGEUSDT,SELL,LIMIT,1702121041623,5203,0.101373
DOGEUSDT,SELL,LIMIT,1702121046088,222,0.101357
DOGEUSDT,SELL,LIMIT,1702121062899,373,0.101342
DOGEUSDT,SELL,LIMIT,1702121064281,48704,0.101309
DOGEUSDT,SELL,LIMIT,1702121067604,74,0.101282
DOGEUSDT,SELL,LIMIT,1702121165196,24390,0.101155
DOGEUSDT,SELL,LIMIT,1702121166716,26500,0.101071
DOGEUSDT,SELL,LIMIT,1702121171276,49072,0.101023
DOGEUSDT,SELL,LIMIT,1702121173379,468,0.101003
DOGEUSDT,SELL,LIMIT,1702122374013,23461,0.100991
DOGEUSDT,BUY,LIMIT,1702123610157,1704,0.102863
DOGEUSDT,BUY,LIMIT,1702123749973,550,0.103015
DOGEUSDT,BUY,LIMIT,1702123868417,49111,0.103116
DOGEUSDT,BUY,LIMIT,1702123869723,2679,0.103123
DOGEUSDT,BUY,LIMIT,1702123963155,183,0.103145
DOGEUSDT,BUY,LIMIT,1702123974077,1934,0.103184
DOGEUSDT,SELL,LIMIT,1702124571102,2413,0.101274
DOGEUSDT,SELL,LIMIT,1702124901685,1244,0.101205
DOGEUSDT,SELL,LIMIT,1702124909770,27753,0.101146
DOGEUSDT,SELL,LIMIT,1702124912183,175,0.100932
DOGEUSDT,SELL,LIMIT,1702124913555,56,0.100929
DOGEUSDT,SELL,LIMIT,1702124916217,38959,0.100714
DOGEUSDT,SELL,LIMIT,1702124917267,529,0.100779
DOGEUSDT,SELL,LIMIT,1702124918413,987,0.100607
DOGEUSDT,SELL,LIMIT,1702125075878,71,0.100681
DOGEUSDT,SELL,LIMIT,1702125879555,1946,0.101121
DOGEUSDT,SELL,LIMIT,1702125882479,4962,0.101306
DOGEUSDT,BUY,LIMIT,1702126016460,12630,0.102437
DOGEUSDT,BUY,LIMIT,1702126132984,49377,0.102768
DOGEUSDT,BUY,LIMIT,1702127851575,106,0.102190
DOGEUSDT,BUY,LIMIT,1702127908076,12,0.102389
DOGEUSDT,SELL,LIMIT,1702128518992,20000,0.100868
DOGEUSDT,SELL,LIMIT,1702128592987,2168,0.100831
DOGEUSDT,SELL,LIMIT,1702128662873,1694,0.100712
DOGEUSDT,SELL,LIMIT,1702132517520,281,0.100543
DOGEUSDT,SELL,LIMIT,1702132543735,36662,0.100514
DOGEUSDT,SELL,LIMIT,1702132546536,17885,0.100493
DOGEUSDT,SELL,LIMIT,1702132547704,57,0.100444
DOGEUSDT,SELL,LIMIT,1702132562326,3271,0.100417
DOGEUSDT,SELL,LIMIT,1702132584886,672,0.100353
DOGEUSDT,SELL,LIMIT,1702132597362,49186,0.100306
DOGEUSDT,SELL,LIMIT,1702132599392,32731,0.100301
DOGEUSDT,SELL,LIMIT,1702132601121,46723,0.100289
DOGEUSDT,SELL,LIMIT,1702132602152,95926,0.100230
DOGEUSDT,SELL,LIMIT,1702132604438,1725,0.100265
DOGEUSDT,SELL,LIMIT,1702132671472,1912,0.100579
DOGEUSDT,SELL,LIMIT,1702132708928,1313,0.100267
DOGEUSDT,SELL,LIMIT,1702132772207,116552,0.100102
DOGEUSDT,SELL,LIMIT,1702132773234,49265,0.100169
DOGEUSDT,SELL,LIMIT,1702132774325,2936,0.100128
DOGEUSDT,SELL,LIMIT,1702132787294,139,0.100060
DOGEUSDT,SELL,LIMIT,1702132788529,5581,0.100057
DOGEUSDT,SELL,LIMIT,1702132789788,740,0.100046
DOGEUSDT,SELL,LIMIT,1702132790996,51153,0.100014
DOGEUSDT,SELL,LIMIT,1702132818043,15298,0.099991
DOGEUSDT,SELL,LIMIT,1702132819071,11843,0.099805
DOGEUSDT,SELL,LIMIT,1702132820113,117,0.099881
DOGEUSDT,SELL,LIMIT,1702132821214,5376,0.099717
DOGEUSDT,SELL,LIMIT,1702132822243,47983,0.099712
DOGEUSDT,SELL,LIMIT,1702132890601,258,0.099783
DOGEUSDT,SELL,LIMIT,1702132901556,190,0.099705
DOGEUSDT,SELL,LIMIT,1702132902625,3288,0.099697
DOGEUSDT,SELL,LIMIT,1702132954055,39263,0.099849
DOGEUSDT,SELL,LIMIT,1702132995639,13837,0.099680
DOGEUSDT,SELL,LIMIT,1702132996965,59,0.099668
DOGEUSDT,SELL,LIMIT,1702132998231,50,0.099628
DOGEUSDT,SELL,LIMIT,1702132999359,15151,0.099570
DOGEUSDT,SELL,LIMIT,1702133000399,5376,0.099496
DOGEUSDT,SELL,LIMIT,1702133001488,15649,0.099361
DOGEUSDT,SELL,LIMIT,1702133002494,1283,0.099371
DOGEUSDT,SELL,LIMIT,1702133003567,505,0.099169
DOGEUSDT,SELL,LIMIT,1702133004695,24915,0.099107
DOGEUSDT,SELL,LIMIT,1702133005721,17444,0.099106
DOGEUSDT,SELL,LIMIT,1702133006757,20157,0.098850
DOGEUSDT,SELL,LIMIT,1702133007865,4659,0.098943
DOGEUSDT,SELL,LIMIT,1702133008875,4132,0.098756
DOGEUSDT,SELL,LIMIT,1702133327116,485295,0.099896
DOGEUSDT,SELL,LIMIT,1702133343395,347,0.100442
DOGEUSDT,SELL,LIMIT,1702133378383,10000,0.099431
