Symbol,Side,Order Type,Time,Quantity,Price
DOGEUSDT,SELL,LIMIT,1701065172223,3714,0.079745
DOGEUSDT,SELL,LIMIT,1701065173233,9595,0.079725
DOGEUSDT,BUY,LIMIT,1701065604869,1278,0.081178
DOGEUSDT,BUY,LIMIT,1701065656261,162,0.081259
DOGEUSDT,BUY,LIMIT,1701065668411,17451,0.081309
DOGEUSDT,BUY,LIMIT,1701065730294,17237,0.081383
DOGEUSDT,BUY,LIMIT,1701066164250,1159,0.081409
DOGEUSDT,BUY,LIMIT,1701066165276,13683,0.081416
DOGEUSDT,BUY,LIMIT,1701066170226,637,0.081472
DOGEUSDT,BUY,LIMIT,1701066195326,853,0.081549
DOGEUSDT,BUY,LIMIT,1701066197289,98109,0.081611
DOGEUSDT,BUY,LIMIT,1701066213329,274851,0.081763
DOGEUSDT,BUY,LIMIT,1701066214341,2918,0.081722
DOGEUSDT,BUY,LIMIT,1701066217279,996,0.081745
DOGEUSDT,BUY,LIMIT,1701066218487,1188,0.081780
DOGEUSDT,BUY,LIMIT,1701066221557,396,0.081792
DOGEUSDT,BUY,LIMIT,1701066222802,384,0.081816
DOGEUSDT,BUY,LIMIT,1701066229555,25824,0.081884
DOGEUSDT,SELL,LIMIT,1701066785901,13491,0.080392
DOGEUSDT,SELL,LIMIT,1701066988975,67,0.080300
DOGEUSDT,SELL,LIMIT,1701067290128,6287,0.080326
DOGEUSDT,BUY,LIMIT,1701067292552,16127,0.080909
DOGEUSDT,SELL,LIMIT,1701067366772,96,0.080162
DOGEUSDT,BUY,LIMIT,1701067552515,66297,0.080864
DOGEUSDT,SELL,LIMIT,1701067589375,10000,0.080185
DOGEUSDT,SELL,LIMIT,1701067607213,43831,0.080051
DOGEUSDT,SELL,LIMIT,1701068430730,720,0.080218
DOGEUSDT,BUY,LIMIT,1701068987757,19123,0.081568
DOGEUSDT,BUY,LIMIT,1701068997565,41197,0.081568
DOGEUSDT,BUY,LIMIT,1701069030882,118,0.081606
DOGEUSDT,BUY,LIMIT,1701069055351,8310,0.081761
DOGEUSDT,SELL,LIMIT,1701069196894,3,0.088168
DOGEUSDT,SELL,LIMIT,1701069395324,61409,0.080352
DOGEUSDT,SELL,LIMIT,1701069430892,5314,0.080332
DOGEUSDT,SELL,LIMIT,1701069515350,2890,0.080307
DOGEUSDT,SELL,LIMIT,1701069517780,1006,0.080284
DOGEUSDT,SELL,LIMIT,1701069535765,19114,0.080168
DOGEUSDT,SELL,LIMIT,1701069555074,6993,0.080275
DOGEUSDT,SELL,LIMIT,1701069571094,61409,0.080010
DOGEUSDT,SELL,LIMIT,1701069575249,13027,0.080792
DOGEUSDT,SELL,LIMIT,1701069636393,17033,0.079980
DOGEUSDT,SELL,LIMIT,1701069805670,7903,0.080445
DOGEUSDT,SELL,LIMIT,1701069819440,2625,0.079943
DOGEUSDT,SELL,LIMIT,1701069854235,3192,0.079893
DOGEUSDT,SELL,LIMIT,1701069859718,1837,0.079887
DOGEUSDT,SELL,LIMIT,1701069874354,8204,0.079850
DOGEUSDT,SELL,LIMIT,1701069882641,354,0.079822
DOGEUSDT,SELL,LIMIT,1701069885471,125,0.079792
DOGEUSDT,SELL,LIMIT,1701069887450,9275,0.079755
DOGEUSDT,SELL,LIMIT,1701069898366,3751,0.079725
DOGEUSDT,SELL,LIMIT,1701069916784,1221,0.079704
DOGEUSDT,SELL,LIMIT,1701070168558,12418,0.079687
DOGEUSDT,SELL,LIMIT,1701070169730,66,0.079671
DOGEUSDT,SELL,LIMIT,1701070171946,12370,0.079607
DOGEUSDT,SELL,LIMIT,1701070173387,16460,0.079561
DOGEUSDT,SELL,LIMIT,1701070433287,11458,0.079520
DOGEUSDT,SELL,LIMIT,1701070435560,3103,0.079494
DOGEUSDT,SELL,LIMIT,1701070436681,10551,0.079472
DOGEUSDT,SELL,LIMIT,1701070438289,8976,0.079417
DOGEUSDT,SELL,LIMIT,1701070439177,600,0.086836
DOGEUSDT,SELL,LIMIT,1701070440474,47408,0.079414
DOGEUSDT,SELL,LIMIT,1701070442142,710,0.079363
DOGEUSDT,SELL,LIMIT,1701070444409,18963,0.079372
DOGEUSDT,SELL,LIMIT,1701070849345,742,0.081759
DOGEUSDT,BUY,LIMIT,1701070900008,2642,0.081036
DOGEUSDT,BUY,LIMIT,1701070901530,7924,0.081067
DOGEUSDT,BUY,LIMIT,1701070930077,3578,0.081168
DOGEUSDT,BUY,LIMIT,1701070931323,658,0.081188
DOGEUSDT,BUY,LIMIT,1701070970203,4974,0.081337
DOGEUSDT,BUY,LIMIT,1701070974780,7831,0.081350
DOGEUSDT,BUY,LIMIT,1701070978378,1157,0.081389
DOGEUSDT,BUY,LIMIT,1701070989169,441,0.081411
DOGEUSDT,BUY,LIMIT,1701070991802,12380,0.081546
DOGEUSDT,BUY,LIMIT,1701071015437,2041,0.081627
DOGEUSDT,BUY,LIMIT,1701071510479,62095,0.081724
DOGEUSDT,BUY,LIMIT,1701074356476,120,0.080153
DOGEUSDT,BUY,LIMIT,1701074374207,217,0.081134
DOGEUSDT,SELL,LIMIT,1701074460139,24624,0.080130
DOGEUSDT,SELL,LIMIT,1701074461184,11909,0.080134
DOGEUSDT,SELL,LIMIT,1701074490242,61906,0.080085
DOGEUSDT,SELL,LIMIT,1701074495099,1203,0.080080
DOGEUSDT,SELL,LIMIT,1701074802170,15414,0.080041
DOGEUSDT,SELL,LIMIT,1701074805088,547,0.080031
DOGEUSDT,SELL,LIMIT,1701074807721,369,0.080036
DOGEUSDT,SELL,LIMIT,1701074839524,3969,0.080045
DOGEUSDT,SELL,LIMIT,1701074932525,25293,0.079995
DOGEUSDT,SELL,LIMIT,1701074938391,588,0.079975
DOGEUSDT,SELL,LIMIT,1701075349132,17828,0.079893
DOGEUSDT,SELL,LIMIT,1701075350268,101,0.079880
DOGEUSDT,SELL,LIMIT,1701075440705,87,0.079801
DOGEUSDT,SELL,LIMIT,1701076159325,7472,0.079754
DOGEUSDT,SELL,LIMIT,1701076170701,8901,0.079704
DOGEUSDT,SELL,LIMIT,1701076184092,62,0.079684
DOGEUSDT,SELL,LIMIT,1701076961310,49984,0.079705
DOGEUSDT,SELL,LIMIT,1701077010357,17665,0.079698
DOGEUSDT,SELL,LIMIT,1701077011727,5211,0.079649
DOGEUSDT,SELL,LIMIT,1701077039962,513,0.079616
DOGEUSDT,SELL,LIMIT,1701077057409,17171,0.079542
DOGEUSDT,SELL,LIMIT,1701077059457,1257,0.079537
DOGEUSDT,SELL,LIMIT,1701077063230,99923,0.079450
DOGEUSDT,BUY,LIMIT,1701077399082,13,0.080540
DOGEUSDT,SELL,LIMIT,1701078545694,5971,0.079447
DOGEUSDT,SELL,LIMIT,1701080044104,15961,0.079371
DOGEUSDT,SELL,LIMIT,1701080446793,26639,0.079334
DOGEUSDT,SELL,LIMIT,1701080482806,5613,0.079298
DOGEUSDT,SELL,LIMIT,1701080490188,10036,0.079193
DOGEUSDT,SELL,LIMIT,1701080508744,383,0.079177
DOGEUSDT,SELL,LIMIT,1701080531641,61793,0.079173
DOGEUSDT,SELL,LIMIT,1701080538440,664,0.079136
DOGEUSDT,SELL,LIMIT,1701080553569,1740,0.079124
DOGEUSDT,SELL,LIMIT,1701080560054,1330,0.079093
DOGEUSDT,SELL,LIMIT,1701080561200,5602,0.079081
DOGEUSDT,SELL,LIMIT,1701080657204,1646,0.079074
DOGEUSDT,SELL,LIMIT,1701080660203,2483,0.079050
DOGEUSDT,SELL,LIMIT,1701080662069,11298,0.079037
DOGEUSDT,SELL,LIMIT,1701080679013,60000,0.079033
DOGEUSDT,SELL,LIMIT,1701080680553,3380,0.079034
DOGEUSDT,SELL,LIMIT,1701080692173,2070,0.079013
DOGEUSDT,SELL,LIMIT,1701080695228,9725,0.079009
DOGEUSDT,SELL,LIMIT,1701080697751,927,0.079000
DOGEUSDT,SELL,LIMIT,1701080700504,699,0.078971
DOGEUSDT,SELL,LIMIT,1701080758698,3,0.079019
DOGEUSDT,SELL,LIMIT,1701080765676,19637,0.079035
DOGEUSDT,SELL,LIMIT,1701080874169,6266,0.078992
DOGEUSDT,SELL,LIMIT,1701081254038,2959,0.078925
DOGEUSDT,SELL,LIMIT,1701081255221,123894,0.078580
DOGEUSDT,SELL,LIMIT,1701081256548,20696,0.078442
DOGEUSDT,SELL,LIMIT,1701081258003,3820,0.078487
DOGEUSDT,SELL,LIMIT,1701081418891,4931,0.078626
DOGEUSDT,SELL,LIMIT,1701081428905,6033,0.078550
DOGEUSDT,SELL,LIMIT,1701081431406,9839,0.078519
DOGEUSDT,SELL,LIMIT,1701081435118,1202,0.078429
DOGEUSDT,SELL,LIMIT,1701081437147,9912,0.078407
DOGEUSDT,SELL,LIMIT,1701081438161,290686,0.078302
DOGEUSDT,SELL,LIMIT,1701081439429,62948,0.078371
DOGEUSDT,SELL,LIMIT,1701081448372,18302,0.078321
DOGEUSDT,SELL,LIMIT,1701081449464,470,0.078295
DOGEUSDT,SELL,LIMIT,1701081450996,10046,0.078253
DOGEUSDT,SELL,LIMIT,1701081452429,3897,0.078221
DOGEUSDT,SELL,LIMIT,1701081580032,51829,0.078314
DOGEUSDT,SELL,LIMIT,1701082062702,930,0.078172
DOGEUSDT,SELL,LIMIT,1701082440256,91,0.078128
DOGEUSDT,SELL,LIMIT,1701082442030,640,0.078129
DOGEUSDT,SELL,LIMIT,1701082494356,48526,0.078086
DOGEUSDT,SELL,LIMIT,1701082501241,1130,0.078073
DOGEUSDT,SELL,LIMIT,1701082671932,2901,0.077984
DOGEUSDT,SELL,LIMIT,1701082673299,3389,0.077978
DOGEUSDT,SELL,LIMIT,1701082674373,4552,0.077969
DOGEUSDT,SELL,LIMIT,1701082695663,2073,0.078047
DOGEUSDT,SELL,LIMIT,1701082697054,10732,0.077908
DOGEUSDT,SELL,LIMIT,1701082728100,3130,0.078231
DOGEUSDT,SELL,LIMIT,1701084931488,1380,0.078524
DOGEUSDT,BUY,LIMIT,1701085258246,13993,0.079391
DOGEUSDT,BUY,LIMIT,1701085410013,21562,0.079481
DOGEUSDT,BUY,LIMIT,1701085600303,2605,0.079541
DOGEUSDT,BUY,LIMIT,1701085610484,1199,0.079598
DOGEUSDT,BUY,LIMIT,1701085625646,88,0.079669
DOGEUSDT,BUY,LIMIT,1701085633768,1095,0.079724
DOGEUSDT,BUY,LIMIT,1701085745355,588,0.079784
DOGEUSDT,BUY,LIMIT,1701086486014,92,0.079662
DOGEUSDT,BUY,LIMIT,1701086572061,986,0.079851
DOGEUSDT,SELL,LIMIT,1701086705911,1277,0.078984
DOGEUSDT,SELL,LIMIT,1701086707135,49781,0.078956
DOGEUSDT,SELL,LIMIT,1701086717584,6119,0.078901
DOGEUSDT,BUY,LIMIT,1701088621265,15866,0.079281
DOGEUSDT,SELL,LIMIT,1701088994624,93,0.078330
DOGEUSDT,SELL,LIMIT,1701088996480,21624,0.078308
DOGEUSDT,SELL,LIMIT,1701089948264,4619,0.078267
DOGEUSDT,SELL,LIMIT,1701090017124,2486,0.078218
DOGEUSDT,SELL,LIMIT,1701090947829,1537,0.078459
DOGEUSDT,SELL,LIMIT,1701090974452,10425,0.078491
DOGEUSDT,SELL,LIMIT,1701091162512,6928,0.078334
DOGEUSDT,SELL,LIMIT,1701093107117,489,0.078196
DOGEUSDT,SELL,LIMIT,1701093111566,606,0.078177
DOGEUSDT,SELL,LIMIT,1701093115737,565,0.078142
DOGEUSDT,SELL,LIMIT,1701093119882,38446,0.078056
DOGEUSDT,SELL,LIMIT,1701093125694,1524,0.078051
DOGEUSDT,SELL,LIMIT,1701093127160,1264,0.078040
DOGEUSDT,SELL,LIMIT,1701093129197,219,0.078033
DOGEUSDT,SELL,LIMIT,1701093133967,62975,0.078002
DOGEUSDT,SELL,LIMIT,1701093135336,59581,0.077978
DOGEUSDT,SELL,LIMIT,1701093137130,2522,0.077959
DOGEUSDT,SELL,LIMIT,1701093138000,1701,0.077922
DOGEUSDT,SELL,LIMIT,1701093274271,1590,0.078722
DOGEUSDT,SELL,LIMIT,1701093963364,307,0.078652
DOGEUSDT,BUY,LIMIT,1701094359268,248,0.079503
DOGEUSDT,SELL,LIMIT,1701094854490,5292,0.078059
DOGEUSDT,SELL,LIMIT,1701094880191,654,0.077885
DOGEUSDT,SELL,LIMIT,1701094881404,18367,0.077892
DOGEUSDT,SELL,LIMIT,1701094883011,680,0.077863
DOGEUSDT,SELL,LIMIT,1701094966085,4383,0.077823
DOGEUSDT,SELL,LIMIT,1701094967168,516,0.077827
DOGEUSDT,SELL,LIMIT,1701094968229,1128,0.077810
DOGEUSDT,SELL,LIMIT,1701094969411,92,0.077762
DOGEUSDT,SELL,LIMIT,1701094981047,13436,0.077705
DOGEUSDT,SELL,LIMIT,1701094991244,46246,0.077651
DOGEUSDT,SELL,LIMIT,1701094992264,471300,0.077477
DOGEUSDT,SELL,LIMIT,1701094993314,126807,0.077586
DOGEUSDT,SELL,LIMIT,1701095465770,434,0.077748
DOGEUSDT,SELL,LIMIT,1701095546639,1584,0.077513
DOGEUSDT,SELL,LIMIT,1701095552037,399,0.077494
DOGEUSDT,SELL,LIMIT,1701095553721,4248,0.077483
DOGEUSDT,SELL,LIMIT,1701095556486,6335,0.077481
DOGEUSDT,SELL,LIMIT,1701095562338,25000,0.077534
DOGEUSDT,SELL,LIMIT,1701095563345,5980,0.077473
DOGEUSDT,SELL,LIMIT,1701095577264,14901,0.077461
DOGEUSDT,SELL,LIMIT,1701095589404,81600,0.077445
DOGEUSDT,SELL,LIMIT,1701095590955,962,0.077442
DOGEUSDT,BUY,LIMIT,1701095593217,2832,0.078235
DOGEUSDT,SELL,LIMIT,1701095595378,2243,0.077425
DOGEUSDT,SELL,LIMIT,1701095596440,12695,0.077418
DOGEUSDT,SELL,LIMIT,1701095597512,17723,0.077367
DOGEUSDT,SELL,LIMIT,1701095611690,63506,0.077436
DOGEUSDT,SELL,LIMIT,1701097023335,10984,0.077385
DOGEUSDT,SELL,LIMIT,1701097036956,1100,0.077343
DOGEUSDT,SELL,LIMIT,1701097037998,8462,0.077335
DOGEUSDT,SELL,LIMIT,1701097039268,50388,0.077327
DOGEUSDT,SELL,LIMIT,1701097068085,20918,0.077312
DOGEUSDT,SELL,LIMIT,1701097074127,57503,0.077316
DOGEUSDT,SELL,LIMIT,1701097085522,128683,0.077264
DOGEUSDT,SELL,LIMIT,1701097087061,24303,0.077296
DOGEUSDT,SELL,LIMIT,1701097088378,2251,0.077259
DOGEUSDT,SELL,LIMIT,1701097090092,46986,0.077230
DOGEUSDT,SELL,LIMIT,1701097091180,626566,0.077056
DOGEUSDT,SELL,LIMIT,1701097093039,4351,0.077115
DOGEUSDT,SELL,LIMIT,1701097094173,3280,0.077162
DOGEUSDT,SELL,LIMIT,1701097097067,1525,0.077061
DOGEUSDT,SELL,LIMIT,1701097098152,16414,0.077110
DOGEUSDT,SELL,LIMIT,1701097100164,7548,0.077014
DOGEUSDT,SELL,LIMIT,1701097101440,1268,0.077010
DOGEUSDT,SELL,LIMIT,1701097102995,211243,0.076913
DOGEUSDT,SELL,LIMIT,1701097105256,936,0.077153
DOGEUSDT,BUY,LIMIT,1701097868568,9636,0.078914
DOGEUSDT,BUY,LIMIT,1701098065391,14606,0.078961
DOGEUSDT,BUY,LIMIT,1701098165683,123,0.078993
DOGEUSDT,BUY,LIMIT,1701098172009,961,0.079021
DOGEUSDT,BUY,LIMIT,1701098284735,2652,0.079143
DOGEUSDT,BUY,LIMIT,1701098289720,1336,0.079171
DOGEUSDT,SELL,LIMIT,1701099185968,4041,0.077686
DOGEUSDT,SELL,LIMIT,1701099201503,3631,0.077652
DOGEUSDT,SELL,LIMIT,1701099785220,450,0.077521
DOGEUSDT,SELL,LIMIT,1701099796979,2096,0.077505
DOGEUSDT,SELL,LIMIT,1701099969370,849,0.077413
DOGEUSDT,SELL,LIMIT,1701100105680,1679,0.077298
DOGEUSDT,SELL,LIMIT,1701100127017,21664,0.077203
DOGEUSDT,SELL,LIMIT,1701100136897,3849,0.077200
DOGEUSDT,SELL,LIMIT,1701100161216,973,0.077158
DOGEUSDT,SELL,LIMIT,1701100215342,155,0.077110
DOGEUSDT,SELL,LIMIT,1701100216365,7062,0.077096
DOGEUSDT,SELL,LIMIT,1701100218377,5156,0.077041
DOGEUSDT,SELL,LIMIT,1701100219716,75,0.077018
DOGEUSDT,SELL,LIMIT,1701100221001,24753,0.077008
DOGEUSDT,SELL,LIMIT,1701100281867,353,0.077034
DOGEUSDT,SELL,LIMIT,1701100516342,2713,0.076976
DOGEUSDT,SELL,LIMIT,1701100530554,37966,0.076956
DOGEUSDT,SELL,LIMIT,1701100531878,34716,0.076915
DOGEUSDT,SELL,LIMIT,1701100534909,9914,0.076891
DOGEUSDT,SELL,LIMIT,1701100543562,58823,0.076917
DOGEUSDT,SELL,LIMIT,1701100552195,6178,0.076885
DOGEUSDT,SELL,LIMIT,1701100557207,88082,0.076836
DOGEUSDT,SELL,LIMIT,1701100558649,26180,0.076847
DOGEUSDT,SELL,LIMIT,1701100564490,181,0.076844
DOGEUSDT,SELL,LIMIT,1701100565639,1929,0.076819
DOGEUSDT,SELL,LIMIT,1701100566792,34530,0.076800
DOGEUSDT,SELL,LIMIT,1701100568335,30794,0.076790
DOGEUSDT,SELL,LIMIT,1701100570388,4948,0.076786
DOGEUSDT,SELL,LIMIT,1701100572508,140,0.080686
DOGEUSDT,SELL,LIMIT,1701100574244,11495,0.076764
DOGEUSDT,SELL,LIMIT,1701100575609,425,0.076738
DOGEUSDT,SELL,LIMIT,1701100576792,8300,0.076698
DOGEUSDT,SELL,LIMIT,1701100622315,3253,0.076748
DOGEUSDT,SELL,LIMIT,1701100623823,15255,0.076856
DOGEUSDT,SELL,LIMIT,1701100640517,6196,0.076651
DOGEUSDT,SELL,LIMIT,1701100642325,1285,0.076666
DOGEUSDT,SELL,LIMIT,1701100815121,9443,0.076795
DOGEUSDT,BUY,LIMIT,1701100935116,4864,0.077290
DOGEUSDT,SELL,LIMIT,1701101007837,127,0.076864
DOGEUSDT,SELL,LIMIT,1701101025730,1776,0.077237
DOGEUSDT,SELL,LIMIT,1701101051220,207,0.077045
DOGEUSDT,SELL,LIMIT,1701101060143,1287,0.076997
DOGEUSDT,SELL,LIMIT,1701101081081,1258,0.077010
DOGEUSDT,SELL,LIMIT,1701101140921,3701,0.076889
DOGEUSDT,BUY,LIMIT,1701101862323,278,0.078147
DOGEUSDT,SELL,LIMIT,1701102072998,1398,0.077495
DOGEUSDT,SELL,LIMIT,1701102085483,46028,0.077464
DOGEUSDT,BUY,LIMIT,1701103482476,43460,0.078361
DOGEUSDT,BUY,LIMIT,1701105098420,30764,0.078675
DOGEUSDT,BUY,LIMIT,1701105190810,1671,0.078759
DOGEUSDT,BUY,LIMIT,1701105877452,6297,0.078882
DOGEUSDT,BUY,LIMIT,1701109007266,4850,0.079001
DOGEUSDT,BUY,LIMIT,1701109163825,6672,0.079112
DOGEUSDT,BUY,LIMIT,1701109256565,12570,0.079132
DOGEUSDT,SELL,LIMIT,1701110619979,85,0.077933
DOGEUSDT,SELL,LIMIT,1701111073263,18888,0.078195
DOGEUSDT,SELL,LIMIT,1701111192118,73280,0.080093
DOGEUSDT,SELL,LIMIT,1701111199675,3310,0.077773
DOGEUSDT,SELL,LIMIT,1701111241548,2543,0.077756
DOGEUSDT,SELL,LIMIT,1701111555300,15340,0.077794
DOGEUSDT,SELL,LIMIT,1701111609510,81,0.077662
DOGEUSDT,SELL,LIMIT,1701111611084,2998,0.077642
DOGEUSDT,SELL,LIMIT,1701111636629,976,0.077707
DOGEUSDT,SELL,LIMIT,1701111991384,5000,0.077719
DOGEUSDT,SELL,LIMIT,1701112053577,1136,0.077612
DOGEUSDT,SELL,LIMIT,1701112054899,71,0.077583
DOGEUSDT,SELL,LIMIT,1701112080470,48511,0.077523
DOGEUSDT,SELL,LIMIT,1701112114301,18638,0.077460
DOGEUSDT,SELL,LIMIT,1701112134901,354078,0.077318
DOGEUSDT,SELL,LIMIT,1701112136614,392,0.077446
DOGEUSDT,SELL,LIMIT,1701112199694,186,0.077395
DOGEUSDT,SELL,LIMIT,1701112210653,2842,0.077390
DOGEUSDT,SELL,LIMIT,1701112212208,259,0.077387
DOGEUSDT,SELL,LIMIT,1701112390357,637,0.077366
DOGEUSDT,SELL,LIMIT,1701114140694,240,0.077334
DOGEUSDT,SELL,LIMIT,1701114147447,4622,0.077328
DOGEUSDT,SELL,LIMIT,1701114156442,87,0.077299
DOGEUSDT,SELL,LIMIT,1701114158908,275,0.077290
DOGEUSDT,SELL,LIMIT,1701114162517,640,0.077246
DOGEUSDT,SELL,LIMIT,1701114164122,216,0.077196
DOGEUSDT,SELL,LIMIT,1701114193483,30000,0.077508
DOGEUSDT,SELL,LIMIT,1701114222649,44420,0.077158
DOGEUSDT,SELL,LIMIT,1701114228449,3449,0.077147
DOGEUSDT,SELL,LIMIT,1701114229741,15494,0.077132
DOGEUSDT,SELL,LIMIT,1701114236319,270,0.077045
DOGEUSDT,SELL,LIMIT,1701114238108,34026,0.077007
DOGEUSDT,SELL,LIMIT,1701114255332,5644,0.076997
DOGEUSDT,SELL,LIMIT,1701114261902,1054,0.076942
DOGEUSDT,SELL,LIMIT,1701114263292,1880,0.077193
DOGEUSDT,SELL,LIMIT,1701114275250,741,0.076920
DOGEUSDT,SELL,LIMIT,1701114277618,1358,0.076898
DOGEUSDT,SELL,LIMIT,1701114278739,17485,0.076893
DOGEUSDT,SELL,LIMIT,1701114352152,2881,0.076826
DOGEUSDT,SELL,LIMIT,1701114353285,10436,0.076862
DOGEUSDT,SELL,LIMIT,1701114355215,526,0.076978
DOGEUSDT,SELL,LIMIT,1701114357276,23230,0.076815
DOGEUSDT,SELL,LIMIT,1701114456406,4535,0.076795
DOGEUSDT,SELL,LIMIT,1701114466865,155,0.076764
DOGEUSDT,SELL,LIMIT,1701114468452,4529,0.077014
DOGEUSDT,SELL,LIMIT,1701114471426,13043,0.076745
DOGEUSDT,SELL,LIMIT,1701114478148,17713,0.076712
DOGEUSDT,SELL,LIMIT,1701114490411,65,0.076685
DOGEUSDT,SELL,LIMIT,1701114491672,205176,0.076586
DOGEUSDT,SELL,LIMIT,1701114494248,625782,0.076525
DOGEUSDT,SELL,LIMIT,1701114495266,10002,0.076630
DOGEUSDT,SELL,LIMIT,1701114496405,953,0.076590
DOGEUSDT,BUY,LIMIT,1701115289409,5090,0.077973
DOGEUSDT,SELL,LIMIT,1701116869722,16626,0.076625
DOGEUSDT,SELL,LIMIT,1701116877003,6439,0.076622
DOGEUSDT,SELL,LIMIT,1701116891396,2472,0.076586
DOGEUSDT,SELL,LIMIT,1701116893518,9129,0.076568
DOGEUSDT,SELL,LIMIT,1701116905278,64449,0.076548
DOGEUSDT,SELL,LIMIT,1701116906707,516,0.076541
DOGEUSDT,SELL,LIMIT,1701116909084,3989,0.076527
DOGEUSDT,SELL,LIMIT,1701116910553,184002,0.076455
DOGEUSDT,SELL,LIMIT,1701116949195,295,0.076520
DOGEUSDT,SELL,LIMIT,1701116950336,7618,0.076456
DOGEUSDT,SELL,LIMIT,1701116951345,26118,0.076512
DOGEUSDT,SELL,LIMIT,1701116952399,5150,0.076437
DOGEUSDT,BUY,LIMIT,1701119929857,19500,0.077917
DOGEUSDT,BUY,LIMIT,1701119937242,100,0.077918
DOGEUSDT,SELL,LIMIT,1701121839567,2760,0.077143
DOGEUSDT,SELL,LIMIT,1701123156034,149,0.077326
DOGEUSDT,BUY,LIMIT,1701125078396,8517,0.078287
DOGEUSDT,BUY,LIMIT,1701125681277,4994,0.078340
DOGEUSDT,BUY,LIMIT,1701126098265,104,0.078416
DOGEUSDT,BUY,LIMIT,1701126642720,8544,0.078513
DOGEUSDT,BUY,LIMIT,1701126649123,2641,0.078561
DOGEUSDT,BUY,LIMIT,1701126974414,53994,0.078591
DOGEUSDT,BUY,LIMIT,1701127032602,16976,0.078646
DOGEUSDT,BUY,LIMIT,1701127402590,692,0.078675
DOGEUSDT,BUY,LIMIT,1701127459744,11302,0.078773
DOGEUSDT,BUY,LIMIT,1701127499488,9157,0.078840
DOGEUSDT,BUY,LIMIT,1701127931651,441,0.078858
DOGEUSDT,BUY,LIMIT,1701128045550,193,0.078884
DOGEUSDT,BUY,LIMIT,1701128086583,1588,0.078918
DOGEUSDT,BUY,LIMIT,1701128088349,3272,0.078928
DOGEUSDT,BUY,LIMIT,1701128398401,43440,0.078989
DOGEUSDT,BUY,LIMIT,1701128425922,2107,0.079020
DOGEUSDT,BUY,LIMIT,1701128831168,65,0.079050
DOGEUSDT,BUY,LIMIT,1701129578763,8345,0.079233
DOGEUSDT,BUY,LIMIT,1701130072583,25604,0.079392
DOGEUSDT,BUY,LIMIT,1701130090250,497,0.079501
DOGEUSDT,BUY,LIMIT,1701130091556,7818,0.079505
DOGEUSDT,BUY,LIMIT,1701130161617,323,0.079594
DOGEUSDT,BUY,LIMIT,1701130237887,6362,0.079630
DOGEUSDT,SELL,LIMIT,1701134247151,98,0.078189
DOGEUSDT,SELL,LIMIT,1701134488310,9466,0.078090
DOGEUSDT,SELL,LIMIT,1701134495294,3727,0.078092
DOGEUSDT,SELL,LIMIT,1701134585524,38641,0.078055
DOGEUSDT,SELL,LIMIT,1701134648080,40521,0.077944
DOGEUSDT,SELL,LIMIT,1701136974664,464,0.077763
DOGEUSDT,SELL,LIMIT,1701137022142,282,0.077707
DOGEUSDT,SELL,LIMIT,1701137024386,5060,0.077704
DOGEUSDT,SELL,LIMIT,1701137214867,4827,0.077593
DOGEUSDT,SELL,LIMIT,1701137216140,4705,0.077584
DOGEUSDT,SELL,LIMIT,1701137245458,4192,0.077531
DOGEUSDT,SELL,LIMIT,1701137484253,16425,0.077512
DOGEUSDT,SELL,LIMIT,1701137487916,6227,0.077494
DOGEUSDT,SELL,LIMIT,1701144180010,2538,0.077658
DOGEUSDT,SELL,LIMIT,1701144389393,10683,0.077644
DOGEUSDT,SELL,LIMIT,1701146059451,4581,0.077526
DOGEUSDT,SELL,LIMIT,1701146062361,557,0.077506
DOGEUSDT,SELL,LIMIT,1701146357982,38907,0.077466
DOGEUSDT,SELL,LIMIT,1701146542664,208,0.077381
DOGEUSDT,SELL,LIMIT,1701146543895,5885,0.077394
DOGEUSDT,SELL,LIMIT,1701146912411,18317,0.077304
DOGEUSDT,SELL,LIMIT,1701146917496,12248,0.077292
DOGEUSDT,SELL,LIMIT,1701147064354,1132,0.077241
DOGEUSDT,SELL,LIMIT,1701147065438,6437,0.077278
DOGEUSDT,SELL,LIMIT,1701147873719,71,0.077196
DOGEUSDT,SELL,LIMIT,1701147891409,77,0.077146
DOGEUSDT,SELL,LIMIT,1701147921073,56640,0.077122
DOGEUSDT,SELL,LIMIT,1701147923286,36856,0.077122
DOGEUSDT,SELL,LIMIT,1701147926628,18025,0.077087
DOGEUSDT,SELL,LIMIT,1701147931726,66,0.077072
DOGEUSDT,SELL,LIMIT,1701147943558,12079,0.077056
DOGEUSDT,SELL,LIMIT,1701148007931,511,0.077027
DOGEUSDT,SELL,LIMIT,1701148009120,10841,0.076945
DOGEUSDT,SELL,LIMIT,1701148128175,157675,0.076847
DOGEUSDT,SELL,LIMIT,1701148129969,7792,0.076870
DOGEUSDT,SELL,LIMIT,1701148136763,38022,0.076780
DOGEUSDT,SELL,LIMIT,1701148220920,598829,0.076603
DOGEUSDT,SELL,LIMIT,1701148223030,1414,0.076708
DOGEUSDT,SELL,LIMIT,1701148229713,13926,0.076699
DOGEUSDT,SELL,LIMIT,1701148231331,74,0.076701
DOGEUSDT,SELL,LIMIT,1701148242201,190,0.076685
DOGEUSDT,SELL,LIMIT,1701148941048,61904,0.076667
DOGEUSDT,SELL,LIMIT,1701148972237,2364,0.076713
DOGEUSDT,SELL,LIMIT,1701149030409,13390,0.076715
DOGEUSDT,SELL,LIMIT,1701149057555,3534,0.076675
DOGEUSDT,SELL,LIMIT,1701149061240,608,0.076675
DOGEUSDT,SELL,LIMIT,1701149067959,642405,0.076529
DOGEUSDT,SELL,LIMIT,1701149069807,7676,0.076659
DOGEUSDT,SELL,LIMIT,1701149732263,472,0.076729
DOGEUSDT,SELL,LIMIT,1701149772436,490,0.076692
DOGEUSDT,SELL,LIMIT,1701149830648,123819,0.076572
DOGEUSDT,SELL,LIMIT,1701149833038,6538,0.076697
DOGEUSDT,SELL,LIMIT,1701149834673,2558,0.076577
DOGEUSDT,SELL,LIMIT,1701149839542,3548,0.076563
DOGEUSDT,SELL,LIMIT,1701149849038,6470,0.076528
DOGEUSDT,SELL,LIMIT,1701149852022,26566,0.076511
DOGEUSDT,SELL,LIMIT,1701149853792,13907,0.076505
DOGEUSDT,SELL,LIMIT,1701149868396,118866,0.076451
DOGEUSDT,SELL,LIMIT,1701149870284,16026,0.076486
DOGEUSDT,SELL,LIMIT,1701149880067,253,0.076482
DOGEUSDT,SELL,LIMIT,1701149882276,31997,0.076445
DOGEUSDT,SELL,LIMIT,1701149883431,1677,0.076446
DOGEUSDT,SELL,LIMIT,1701149886591,3513,0.076409
DOGEUSDT,SELL,LIMIT,1701149888195,13163,0.076389
DOGEUSDT,SELL,LIMIT,1701149889357,530,0.076387
DOGEUSDT,SELL,LIMIT,1701149890404,8100,0.076378
DOGEUSDT,SELL,LIMIT,1701149892245,33953,0.076356
DOGEUSDT,SELL,LIMIT,1701149901002,20409,0.076337
DOGEUSDT,SELL,LIMIT,1701151236075,108007,0.076403
DOGEUSDT,SELL,LIMIT,1701151263534,7422,0.076414
DOGEUSDT,SELL,LIMIT,1701151268305,55620,0.076351
DOGEUSDT,SELL,LIMIT,1701151273582,32560,0.076327
DOGEUSDT,BUY,LIMIT,1701152366253,43565,0.077876
DOGEUSDT,BUY,LIMIT,1701153189023,4085,0.077891
DOGEUSDT,SELL,LIMIT,1701154333382,6372,0.076864
DOGEUSDT,SELL,LIMIT,1701155319443,65,0.077101
DOGEUSDT,SELL,LIMIT,1701155668774,7577,0.076781
DOGEUSDT,SELL,LIMIT,1701155798154,130,0.076835
DOGEUSDT,SELL,LIMIT,1701156383402,64384,0.076587
DOGEUSDT,SELL,LIMIT,1701156527453,1775,0.076539
DOGEUSDT,SELL,LIMIT,1701156561119,2222,0.076496
DOGEUSDT,SELL,LIMIT,1701156562354,86338,0.076479
DOGEUSDT,SELL,LIMIT,1701157917519,183,0.076826
DOGEUSDT,BUY,LIMIT,1701157985269,2643,0.077733
DOGEUSDT,SELL,LIMIT,1701161415985,3109,0.076675
DOGEUSDT,SELL,LIMIT,1701162090190,86,0.076505
DOGEUSDT,BUY,LIMIT,1701170200106,349,0.077962
DOGEUSDT,BUY,LIMIT,1701170591633,648,0.078069
DOGEUSDT,BUY,LIMIT,1701170723085,64833,0.078097
DOGEUSDT,BUY,LIMIT,1701170909159,306,0.078133
DOGEUSDT,BUY,LIMIT,1701170910273,64817,0.078137
DOGEUSDT,BUY,LIMIT,1701171107091,47364,0.078218
DOGEUSDT,BUY,LIMIT,1701171113720,92,0.078263
DOGEUSDT,BUY,LIMIT,1701172132109,93,0.078376
DOGEUSDT,BUY,LIMIT,1701172461090,892,0.078517
DOGEUSDT,BUY,LIMIT,1701172471285,82,0.078524
DOGEUSDT,SELL,LIMIT,1701172480351,1000,0.077751
DOGEUSDT,BUY,LIMIT,1701179650458,2576,0.078616
DOGEUSDT,BUY,LIMIT,1701179674626,4663,0.078640
