Symbol,Side,Order Type,Time,Quantity,Price
DOTUSDT,BUY,LIMIT,1701065619601,239.3,5.354
DOTUSDT,BUY,LIMIT,1701065780306,24.2,5.358
DOTUSDT,SELL,LIMIT,1701067750903,38.0,5.267
DOTUSDT,SELL,LIMIT,1701067848590,507.0,5.253
DOTUSDT,SELL,LIMIT,1701068052925,40.0,5.288
DOTUSDT,SELL,LIMIT,1701068288074,1192.8,5.229
DOTUSDT,SELL,LIMIT,1701069011319,1.8,6.200
DOTUSDT,SELL,LIMIT,1701069538055,564.3,5.222
DOTUSDT,SELL,LIMIT,1701069547338,5.6,5.220
DOTUSDT,SELL,LIMIT,1701069573714,10.0,5.218
DOTUSDT,SELL,LIMIT,1701069636362,390.1,5.214
DOTUSDT,SELL,LIMIT,1701069806126,101.8,5.212
DOTUSDT,SELL,LIMIT,1701069846765,41.3,5.208
DOTUSDT,SELL,LIMIT,1701069848079,293.6,5.207
DOTUSDT,SELL,LIMIT,1701069850182,1.0,5.205
DOTUSDT,SELL,LIMIT,1701069871250,71.1,5.202
DOTUSDT,SELL,LIMIT,1701069885260,12.9,5.197
DOTUSDT,SELL,LIMIT,1701069886286,88.2,5.201
DOTUSDT,SELL,LIMIT,1701070172377,386.7,5.187
DOTUSDT,SELL,LIMIT,1701070440351,87.1,5.181
DOTUSDT,SELL,LIMIT,1701070441285,26.2,5.181
DOTUSDT,SELL,LIMIT,1701070442664,158.5,5.180
DOTUSDT,SELL,LIMIT,1701080528558,110.3,5.179
DOTUSDT,SELL,LIMIT,1701080544637,65.9,5.175
DOTUSDT,SELL,LIMIT,1701080678438,4.6,5.171
DOTUSDT,SELL,LIMIT,1701080701843,1906.3,5.170
DOTUSDT,SELL,LIMIT,1701080765676,200.3,5.167
DOTUSDT,SELL,LIMIT,1701080778567,574.0,5.165
DOTUSDT,SELL,LIMIT,1701080786574,1.0,5.164
DOTUSDT,SELL,LIMIT,1701080853104,2.4,5.163
DOTUSDT,SELL,LIMIT,1701080872790,73.9,5.161
DOTUSDT,SELL,LIMIT,1701080874885,333.9,5.161
DOTUSDT,SELL,LIMIT,1701081131527,80.0,5.155
DOTUSDT,SELL,LIMIT,1701081135830,14.4,5.154
DOTUSDT,SELL,LIMIT,1701081137221,10068.1,5.137
DOTUSDT,SELL,LIMIT,1701081166489,246.8,5.153
DOTUSDT,SELL,LIMIT,1701081171904,205.5,5.153
DOTUSDT,SELL,LIMIT,1701081186133,30.7,5.152
DOTUSDT,SELL,LIMIT,1701081192520,130.4,5.151
DOTUSDT,SELL,LIMIT,1701081204915,1009.5,5.146
DOTUSDT,SELL,LIMIT,1701081328410,18.2,5.144
DOTUSDT,SELL,LIMIT,1701081330052,9.4,5.140
DOTUSDT,SELL,LIMIT,1701081438183,932.5,5.137
DOTUSDT,SELL,LIMIT,1701081448439,151.3,5.134
DOTUSDT,SELL,LIMIT,1701081450585,133.2,5.132
DOTUSDT,SELL,LIMIT,1701081452508,27.9,5.131
DOTUSDT,SELL,LIMIT,1701081456348,4.9,5.130
DOTUSDT,SELL,LIMIT,1701081488004,956.0,5.128
DOTUSDT,SELL,LIMIT,1701081609264,338.9,5.130
DOTUSDT,SELL,LIMIT,1701082223034,66.7,5.126
DOTUSDT,SELL,LIMIT,1701082476084,56.3,5.124
DOTUSDT,SELL,LIMIT,1701082478757,978.5,5.123
DOTUSDT,SELL,LIMIT,1701082492419,200.0,5.122
DOTUSDT,SELL,LIMIT,1701082654304,22.3,5.117
DOTUSDT,SELL,LIMIT,1701082678425,942.9,5.109
DOTUSDT,SELL,LIMIT,1701082679528,45.3,5.107
DOTUSDT,SELL,LIMIT,1701082687202,106.4,5.105
DOTUSDT,SELL,LIMIT,1701082692703,249.5,5.103
DOTUSDT,SELL,LIMIT,1701082696186,38.3,5.102
DOTUSDT,SELL,LIMIT,1701082698106,139.6,5.102
DOTUSDT,SELL,LIMIT,1701082700483,164.5,5.102
DOTUSDT,SELL,LIMIT,1701082702911,483.3,5.100
DOTUSDT,SELL,LIMIT,1701082704421,404.8,5.100
DOTUSDT,SELL,LIMIT,1701084664319,14.8,5.112
DOTUSDT,SELL,LIMIT,1701088132565,795.7,5.100
DOTUSDT,SELL,LIMIT,1701088150731,2.6,5.098
DOTUSDT,SELL,LIMIT,1701088562571,9.3,5.096
DOTUSDT,SELL,LIMIT,1701088699102,397.5,5.095
DOTUSDT,SELL,LIMIT,1701091164049,15.0,5.094
DOTUSDT,SELL,LIMIT,1701093112184,85.5,5.094
DOTUSDT,SELL,LIMIT,1701093127284,37.4,5.091
DOTUSDT,SELL,LIMIT,1701093128395,36.0,5.090
DOTUSDT,SELL,LIMIT,1701093134249,71.2,5.088
DOTUSDT,SELL,LIMIT,1701093136354,46.1,5.088
DOTUSDT,SELL,LIMIT,1701093137517,71.4,5.083
DOTUSDT,SELL,LIMIT,1701095000160,252.5,5.082
DOTUSDT,SELL,LIMIT,1701095001426,12.9,5.081
DOTUSDT,SELL,LIMIT,1701095010331,631.9,5.079
DOTUSDT,SELL,LIMIT,1701095013026,77.2,5.077
DOTUSDT,SELL,LIMIT,1701095341801,1881.3,5.081
DOTUSDT,SELL,LIMIT,1701095344462,93.7,5.081
DOTUSDT,SELL,LIMIT,1701095531055,898.7,5.078
DOTUSDT,SELL,LIMIT,1701095553255,4.7,5.075
DOTUSDT,SELL,LIMIT,1701095563055,211.7,5.075
DOTUSDT,SELL,LIMIT,1701095605065,83.9,5.073
DOTUSDT,SELL,LIMIT,1701095611909,9.7,5.072
DOTUSDT,SELL,LIMIT,1701095613371,4.7,5.070
DOTUSDT,SELL,LIMIT,1701096938502,7712.0,5.053
DOTUSDT,SELL,LIMIT,1701097009134,124.5,5.065
DOTUSDT,SELL,LIMIT,1701097015059,0.1,5.064
DOTUSDT,SELL,LIMIT,1701097016078,170.6,5.065
DOTUSDT,SELL,LIMIT,1701097019655,275.2,5.063
DOTUSDT,SELL,LIMIT,1701097022396,16.8,5.062
DOTUSDT,SELL,LIMIT,1701097023599,1.0,5.062
DOTUSDT,SELL,LIMIT,1701097026074,375.8,5.061
DOTUSDT,SELL,LIMIT,1701097027463,244.0,5.061
DOTUSDT,SELL,LIMIT,1701097031234,600.0,5.058
DOTUSDT,SELL,LIMIT,1701097034215,42.4,5.057
DOTUSDT,SELL,LIMIT,1701097042623,28.9,5.056
DOTUSDT,SELL,LIMIT,1701097093169,176.0,5.053
DOTUSDT,SELL,LIMIT,1701097094290,1434.5,5.054
DOTUSDT,SELL,LIMIT,1701097096291,68.8,5.052
DOTUSDT,SELL,LIMIT,1701097097403,495.3,5.053
DOTUSDT,SELL,LIMIT,1701097099263,643.0,5.051
DOTUSDT,SELL,LIMIT,1701097101709,248.1,5.050
DOTUSDT,SELL,LIMIT,1701099979890,64.2,5.078
DOTUSDT,SELL,LIMIT,1701100131364,1058.3,5.071
DOTUSDT,SELL,LIMIT,1701100184525,66.9,5.066
DOTUSDT,SELL,LIMIT,1701100215701,2.1,5.063
DOTUSDT,SELL,LIMIT,1701100221198,36.3,5.058
DOTUSDT,SELL,LIMIT,1701100530589,1.0,7.161
DOTUSDT,SELL,LIMIT,1701100565236,139.4,5.056
DOTUSDT,SELL,LIMIT,1701100618166,29.7,5.051
DOTUSDT,SELL,LIMIT,1701100625616,37.3,5.046
DOTUSDT,SELL,LIMIT,1701100640219,16.3,5.043
DOTUSDT,SELL,LIMIT,1701100642325,52.3,5.042
DOTUSDT,SELL,LIMIT,1701101009234,20.1,5.050
DOTUSDT,SELL,LIMIT,1701101022158,8.6,5.052
DOTUSDT,SELL,LIMIT,1701107421149,36.4,5.081
DOTUSDT,SELL,LIMIT,1701111104496,38.8,5.076
DOTUSDT,SELL,LIMIT,1701111176102,485.2,5.068
DOTUSDT,SELL,LIMIT,1701111192067,1307.1,5.068
DOTUSDT,SELL,LIMIT,1701112046228,750.6,5.053
DOTUSDT,SELL,LIMIT,1701112056224,156.4,5.051
DOTUSDT,SELL,LIMIT,1701112080721,10.1,5.052
DOTUSDT,SELL,LIMIT,1701112194715,308.5,5.044
DOTUSDT,SELL,LIMIT,1701114163378,52.6,5.062
DOTUSDT,SELL,LIMIT,1701114205315,400.9,5.042
DOTUSDT,SELL,LIMIT,1701114206556,10.8,5.039
DOTUSDT,SELL,LIMIT,1701114228448,95.4,5.034
DOTUSDT,SELL,LIMIT,1701114229948,212.3,5.033
DOTUSDT,SELL,LIMIT,1701114232775,10.3,5.031
DOTUSDT,SELL,LIMIT,1701114234216,21.6,5.030
DOTUSDT,SELL,LIMIT,1701114236156,71.1,5.029
DOTUSDT,SELL,LIMIT,1701114237356,4.0,5.029
DOTUSDT,SELL,LIMIT,1701114238924,180.9,5.027
DOTUSDT,SELL,LIMIT,1701114264229,37.8,5.024
DOTUSDT,SELL,LIMIT,1701114274403,169.3,5.025
DOTUSDT,SELL,LIMIT,1701114344478,844.7,5.022
DOTUSDT,SELL,LIMIT,1701114352849,1.4,5.023
DOTUSDT,SELL,LIMIT,1701114356962,1.2,5.020
DOTUSDT,SELL,LIMIT,1701114359835,1.9,5.020
DOTUSDT,SELL,LIMIT,1701114459686,1.9,5.022
DOTUSDT,SELL,LIMIT,1701114466351,5652.9,5.010
DOTUSDT,SELL,LIMIT,1701114468642,160.0,5.020
DOTUSDT,SELL,LIMIT,1701114469804,60.0,5.019
DOTUSDT,SELL,LIMIT,1701114471165,18.3,5.027
DOTUSDT,SELL,LIMIT,1701114474046,159.2,5.015
DOTUSDT,SELL,LIMIT,1701114475669,98.3,5.013
DOTUSDT,SELL,LIMIT,1701114478737,39.6,5.011
DOTUSDT,SELL,LIMIT,1701114491436,9.7,5.010
DOTUSDT,SELL,LIMIT,1701114493164,301.3,5.010
DOTUSDT,SELL,LIMIT,1701114496152,3186.0,4.999
DOTUSDT,SELL,LIMIT,1701114497726,37.0,5.005
DOTUSDT,SELL,LIMIT,1701114570296,0.1,5.008
DOTUSDT,SELL,LIMIT,1701116768168,29.9,5.017
DOTUSDT,BUY,LIMIT,1701117177245,5.0,4.950
DOTUSDT,BUY,LIMIT,1701117191877,562.7,5.068
DOTUSDT,SELL,LIMIT,1701117268959,295.9,5.016
DOTUSDT,BUY,LIMIT,1701120971965,156.8,5.133
DOTUSDT,BUY,LIMIT,1701121047077,32.6,5.150
DOTUSDT,BUY,LIMIT,1701125802515,618.8,5.156
DOTUSDT,BUY,LIMIT,1701125922613,14.4,5.160
DOTUSDT,BUY,LIMIT,1701127993645,1282.8,5.191
DOTUSDT,BUY,LIMIT,1701128450933,168.0,5.201
DOTUSDT,SELL,LIMIT,1701133464589,392.6,5.126
DOTUSDT,BUY,LIMIT,1701133552406,9.0,5.181
DOTUSDT,SELL,LIMIT,1701134600731,281.1,5.114
DOTUSDT,SELL,LIMIT,1701137433292,11.2,5.124
DOTUSDT,SELL,LIMIT,1701148118635,36.1,5.143
DOTUSDT,SELL,LIMIT,1701149771344,28.6,5.156
DOTUSDT,SELL,LIMIT,1701149845896,94.5,5.146
DOTUSDT,SELL,LIMIT,1701149902760,71.6,5.143
DOTUSDT,SELL,LIMIT,1701151266870,4.2,5.133
DOTUSDT,SELL,LIMIT,1701155319443,1.0,5.156
DOTUSDT,SELL,LIMIT,1701156275589,172.5,5.115
DOTUSDT,SELL,LIMIT,1701156376430,40.1,5.108
DOTUSDT,SELL,LIMIT,1701156481323,72.9,5.104
DOTUSDT,SELL,LIMIT,1701156571928,174.2,5.093
DOTUSDT,SELL,LIMIT,1701156581030,291.1,5.088
DOTUSDT,SELL,LIMIT,1701161015074,23.8,5.101
DOTUSDT,SELL,LIMIT,1701161058539,20.4,5.095
DOTUSDT,SELL,LIMIT,1701161415986,534.3,5.094
DOTUSDT,SELL,LIMIT,1701161432429,9.4,5.089
DOTUSDT,BUY,LIMIT,1701164476305,30.5,5.201
DOTUSDT,BUY,LIMIT,1701164692365,382.8,5.214
DOTUSDT,BUY,LIMIT,1701164992563,50.0,5.226
DOTUSDT,BUY,LIMIT,1701165000330,1941.6,5.228
DOTUSDT,BUY,LIMIT,1701165023612,20.9,5.231
DOTUSDT,BUY,LIMIT,1701165029988,473.0,5.232
DOTUSDT,BUY,LIMIT,1701165066057,1941.7,5.233
DOTUSDT,BUY,LIMIT,1701165069370,10.0,5.237
DOTUSDT,SELL,LIMIT,1701167040295,12.0,5.131
DOTUSDT,BUY,LIMIT,1701170519397,10.0,5.226
DOTUSDT,SELL,LIMIT,1701176598375,105.3,5.138
DOTUSDT,SELL,LIMIT,1701176884262,260.1,5.131
DOTUSDT,BUY,LIMIT,1701179595016,16.0,5.245
