Symbol,Side,Order Type,Time,Quantity,Price
DOTUSDT,BUY,LIMIT,1701065619601,239.3,5.354
DOTUSDT,BUY,LIMIT,1701065780306,24.2,5.358
DOTUSDT,SELL,LIMIT,1701067750903,38.0,5.267
DOTUSDT,SELL,LIMIT,1701067848590,507.0,5.253
DOTUSDT,SELL,LIMIT,1701068052925,40.0,5.288
DOTUSDT,SELL,LIMIT,1701068288074,1192.8,5.229
DOTUSDT,SELL,LIMIT,1701069011319,1.8,6.200
DOTUSDT,SELL,LIMIT,1701069538055,564.3,5.222
DOTUSDT,SELL,LIMIT,1701069547338,5.6,5.220
DOTUSDT,SELL,LIMIT,1701069573714,10.0,5.218
DOTUSDT,SELL,LIMIT,1701069636362,390.1,5.214
DOTUSDT,SELL,LIMIT,1701069806126,101.8,5.212
DOTUSDT,SELL,LIMIT,1701069846765,41.3,5.208
DOTUSDT,SELL,LIMIT,1701069848079,293.6,5.207
DOTUSDT,SELL,LIMIT,1701069850182,1.0,5.205
DOTUSDT,SELL,LIMIT,1701069871250,71.1,5.202
DOTUSDT,SELL,LIMIT,1701069885260,12.9,5.197
DOTUSDT,SELL,LIMIT,1701069886286,88.2,5.201
DOTUSDT,SELL,LIMIT,1701070172377,386.7,5.187
DOTUSDT,SELL,LIMIT,1701070440351,87.1,5.181
DOTUSDT,SELL,LIMIT,1701070441285,26.2,5.181
DOTUSDT,SELL,LIMIT,1701070442664,158.5,5.180
DOTUSDT,SELL,LIMIT,1701080528558,110.3,5.179
DOTUSDT,SELL,LIMIT,1701080544637,65.9,5.175
DOTUSDT,SELL,LIMIT,1701080678438,4.6,5.171
DOTUSDT,SELL,LIMIT,1701080701843,1906.3,5.170
DOTUSDT,SELL,LIMIT,1701080765676,200.3,5.167
DOTUSDT,SELL,LIMIT,1701080778567,574.0,5.165
DOTUSDT,SELL,LIMIT,1701080786574,1.0,5.164
DOTUSDT,SELL,LIMIT,1701080853104,2.4,5.163
DOTUSDT,SELL,LIMIT,1701080872790,73.9,5.161
DOTUSDT,SELL,LIMIT,1701080874885,333.9,5.161
DOTUSDT,SELL,LIMIT,1701081131527,80.0,5.155
DOTUSDT,SELL,LIMIT,1701081135830,14.4,5.154
DOTUSDT,SELL,LIMIT,1701081137221,10068.1,5.137
DOTUSDT,SELL,LIMIT,1701081166489,246.8,5.153
DOTUSDT,SELL,LIMIT,1701081171904,205.5,5.153
DOTUSDT,SELL,LIMIT,1701081186133,30.7,5.152
DOTUSDT,SELL,LIMIT,1701081192520,130.4,5.151
DOTUSDT,SELL,LIMIT,1701081204915,1009.5,5.146
DOTUSDT,SELL,LIMIT,1701081328410,18.2,5.144
DOTUSDT,SELL,LIMIT,1701081330052,9.4,5.140
DOTUSDT,SELL,LIMIT,1701081438183,932.5,5.137
DOTUSDT,SELL,LIMIT,1701081448439,151.3,5.134
DOTUSDT,SELL,LIMIT,1701081450585,133.2,5.132
DOTUSDT,SELL,LIMIT,1701081452508,27.9,5.131
DOTUSDT,SELL,LIMIT,1701081456348,4.9,5.130
DOTUSDT,SELL,LIMIT,1701081488004,956.0,5.128
DOTUSDT,SELL,LIMIT,1701081609264,338.9,5.130
DOTUSDT,SELL,LIMIT,1701082223034,66.7,5.126
DOTUSDT,SELL,LIMIT,1701082476084,56.3,5.124
DOTUSDT,SELL,LIMIT,1701082478757,978.5,5.123
DOTUSDT,SELL,LIMIT,1701082492419,200.0,5.122
DOTUSDT,SELL,LIMIT,1701082654304,22.3,5.117
DOTUSDT,SELL,LIMIT,1701082678425,942.9,5.109
DOTUSDT,SELL,LIMIT,1701082679528,45.3,5.107
DOTUSDT,SELL,LIMIT,1701082687202,106.4,5.105
DOTUSDT,SELL,LIMIT,1701082692703,249.5,5.103
DOTUSDT,SELL,LIMIT,1701082696186,38.3,5.102
DOTUSDT,SELL,LIMIT,1701082698106,139.6,5.102
DOTUSDT,SELL,LIMIT,1701082700483,164.5,5.102
DOTUSDT,SELL,LIMIT,1701082702911,483.3,5.100
DOTUSDT,SELL,LIMIT,1701082704421,404.8,5.100
DOTUSDT,SELL,LIMIT,1701084664319,14.8,5.112
DOTUSDT,SELL,LIMIT,1701088132565,795.7,5.100
DOTUSDT,SELL,LIMIT,1701088150731,2.6,5.098
DOTUSDT,SELL,LIMIT,1701088562571,9.3,5.096
DOTUSDT,SELL,LIMIT,1701088699102,397.5,5.095
DOTUSDT,SELL,LIMIT,1701091164049,15.0,5.094
DOTUSDT,SELL,LIMIT,1701093112184,85.5,5.094
DOTUSDT,SELL,LIMIT,1701093127284,37.4,5.091
DOTUSDT,SELL,LIMIT,1701093128395,36.0,5.090
DOTUSDT,SELL,LIMIT,1701093134249,71.2,5.088
DOTUSDT,SELL,LIMIT,1701093136354,46.1,5.088
DOTUSDT,SELL,LIMIT,1701093137517,71.4,5.083
DOTUSDT,SELL,LIMIT,1701095000160,252.5,5.082
DOTUSDT,SELL,LIMIT,1701095001426,12.9,5.081
DOTUSDT,SELL,LIMIT,1701095010331,631.9,5.079
DOTUSDT,SELL,LIMIT,1701095013026,77.2,5.077
DOTUSDT,SELL,LIMIT,1701095341801,1881.3,5.081
DOTUSDT,SELL,LIMIT,1701095344462,93.7,5.081
DOTUSDT,SELL,LIMIT,1701095531055,898.7,5.078
DOTUSDT,SELL,LIMIT,1701095553255,4.7,5.075
DOTUSDT,SELL,LIMIT,1701095563055,211.7,5.075
DOTUSDT,SELL,LIMIT,1701095605065,83.9,5.073
DOTUSDT,SELL,LIMIT,1701095611909,9.7,5.072
DOTUSDT,SELL,LIMIT,1701095613371,4.7,5.070
DOTUSDT,SELL,LIMIT,1701096938502,7712.0,5.053
DOTUSDT,SELL,LIMIT,1701097009134,124.5,5.065
DOTUSDT,SELL,LIMIT,1701097015059,0.1,5.064
DOTUSDT,SELL,LIMIT,1701097016078,170.6,5.065
DOTUSDT,SELL,LIMIT,1701097019655,275.2,5.063
DOTUSDT,SELL,LIMIT,1701097022396,16.8,5.062
DOTUSDT,SELL,LIMIT,1701097023599,1.0,5.062
DOTUSDT,SELL,LIMIT,1701097026074,375.8,5.061
DOTUSDT,SELL,LIMIT,1701097027463,244.0,5.061
DOTUSDT,SELL,LIMIT,1701097031234,600.0,5.058
DOTUSDT,SELL,LIMIT,1701097034215,42.4,5.057
DOTUSDT,SELL,LIMIT,1701097042623,28.9,5.056
DOTUSDT,SELL,LIMIT,1701097093169,176.0,5.053
DOTUSDT,SELL,LIMIT,1701097094290,1434.5,5.054
DOTUSDT,SELL,LIMIT,1701097096291,68.8,5.052
DOTUSDT,SELL,LIMIT,1701097097403,495.3,5.053
DOTUSDT,SELL,LIMIT,1701097099263,643.0,5.051
DOTUSDT,SELL,LIMIT,1701097101709,248.1,5.050
DOTUSDT,SELL,LIMIT,1701099979890,64.2,5.078
DOTUSDT,SELL,LIMIT,1701100131364,1058.3,5.071
DOTUSDT,SELL,LIMIT,1701100184525,66.9,5.066
DOTUSDT,SELL,LIMIT,1701100215701,2.1,5.063
DOTUSDT,SELL,LIMIT,1701100221198,36.3,5.058
DOTUSDT,SELL,LIMIT,1701100530589,1.0,7.161
DOTUSDT,SELL,LIMIT,1701100565236,139.4,5.056
DOTUSDT,SELL,LIMIT,1701100618166,29.7,5.051
DOTUSDT,SELL,LIMIT,1701100625616,37.3,5.046
DOTUSDT,SELL,LIMIT,1701100640219,16.3,5.043
DOTUSDT,SELL,LIMIT,1701100642325,52.3,5.042
DOTUSDT,SELL,LIMIT,1701101009234,20.1,5.050
DOTUSDT,SELL,LIMIT,1701101022158,8.6,5.052
DOTUSDT,SELL,LIMIT,1701107421149,36.4,5.081
DOTUSDT,SELL,LIMIT,1701111104496,38.8,5.076
DOTUSDT,SELL,LIMIT,1701111176102,485.2,5.068
DOTUSDT,SELL,LIMIT,1701111192067,1307.1,5.068
DOTUSDT,SELL,LIMIT,1701112046228,750.6,5.053
DOTUSDT,SELL,LIMIT,1701112056224,156.4,5.051
DOTUSDT,SELL,LIMIT,1701112080721,10.1,5.052
DOTUSDT,SELL,LIMIT,1701112194715,308.5,5.044
DOTUSDT,SELL,LIMIT,1701114163378,52.6,5.062
DOTUSDT,SELL,LIMIT,1701114205315,400.9,5.042
DOTUSDT,SELL,LIMIT,1701114206556,10.8,5.039
DOTUSDT,SELL,LIMIT,1701114228448,95.4,5.034
DOTUSDT,SELL,LIMIT,1701114229948,212.3,5.033
DOTUSDT,SELL,LIMIT,1701114232775,10.3,5.031
DOTUSDT,SELL,LIMIT,1701114234216,21.6,5.030
DOTUSDT,SELL,LIMIT,1701114236156,71.1,5.029
DOTUSDT,SELL,LIMIT,1701114237356,4.0,5.029
DOTUSDT,SELL,LIMIT,1701114238924,180.9,5.027
DOTUSDT,SELL,LIMIT,1701114264229,37.8,5.024
DOTUSDT,SELL,LIMIT,1701114274403,169.3,5.025
DOTUSDT,SELL,LIMIT,1701114344478,844.7,5.022
DOTUSDT,SELL,LIMIT,1701114352849,1.4,5.023
DOTUSDT,SELL,LIMIT,1701114356962,1.2,5.020
DOTUSDT,SELL,LIMIT,1701114359835,1.9,5.020
DOTUSDT,SELL,LIMIT,1701114459686,1.9,5.022
DOTUSDT,SELL,LIMIT,1701114466351,5652.9,5.010
DOTUSDT,SELL,LIMIT,1701114468642,160.0,5.020
DOTUSDT,SELL,LIMIT,1701114469804,60.0,5.019
DOTUSDT,SELL,LIMIT,1701114471165,18.3,5.027
DOTUSDT,SELL,LIMIT,1701114474046,159.2,5.015
DOTUSDT,SELL,LIMIT,1701114475669,98.3,5.013
DOTUSDT,SELL,LIMIT,1701114478737,39.6,5.011
DOTUSDT,SELL,LIMIT,1701114491436,9.7,5.010
DOTUSDT,SELL,LIMIT,1701114493164,301.3,5.010
DOTUSDT,SELL,LIMIT,1701114496152,3186.0,4.999
DOTUSDT,SELL,LIMIT,1701114497726,37.0,5.005
DOTUSDT,SELL,LIMIT,1701114570296,0.1,5.008
DOTUSDT,SELL,LIMIT,1701116768168,29.9,5.017
DOTUSDT,BUY,LIMIT,1701117177245,5.0,4.950
DOTUSDT,BUY,LIMIT,1701117191877,562.7,5.068
DOTUSDT,SELL,LIMIT,1701117268959,295.9,5.016
DOTUSDT,BUY,LIMIT,1701120971965,156.8,5.133
DOTUSDT,BUY,LIMIT,1701121047077,32.6,5.150
DOTUSDT,BUY,LIMIT,1701125802515,618.8,5.156
DOTUSDT,BUY,LIMIT,1701125922613,14.4,5.160
DOTUSDT,BUY,LIMIT,1701127993645,1282.8,5.191
DOTUSDT,BUY,LIMIT,1701128450933,168.0,5.201
DOTUSDT,SELL,LIMIT,1701133464589,392.6,5.126
DOTUSDT,BUY,LIMIT,1701133552406,9.0,5.181
DOTUSDT,SELL,LIMIT,1701134600731,281.1,5.114
DOTUSDT,SELL,LIMIT,1701137433292,11.2,5.124
DOTUSDT,SELL,LIMIT,1701148118635,36.1,5.143
DOTUSDT,SELL,LIMIT,1701149771344,28.6,5.156
DOTUSDT,SELL,LIMIT,1701149845896,94.5,5.146
DOTUSDT,SELL,LIMIT,1701149902760,71.6,5.143
DOTUSDT,SELL,LIMIT,1701151266870,4.2,5.133
DOTUSDT,SELL,LIMIT,1701155319443,1.0,5.156
DOTUSDT,SELL,LIMIT,1701156275589,172.5,5.115
DOTUSDT,SELL,LIMIT,1701156376430,40.1,5.108
DOTUSDT,SELL,LIMIT,1701156481323,72.9,5.104
DOTUSDT,SELL,LIMIT,1701156571928,174.2,5.093
DOTUSDT,SELL,LIMIT,1701156581030,291.1,5.088
DOTUSDT,SELL,LIMIT,1701161015074,23.8,5.101
DOTUSDT,SELL,LIMIT,1701161058539,20.4,5.095
DOTUSDT,SELL,LIMIT,1701161415986,534.3,5.094
DOTUSDT,SELL,LIMIT,1701161432429,9.4,5.089
DOTUSDT,BUY,LIMIT,1701164476305,30.5,5.201
DOTUSDT,BUY,LIMIT,1701164692365,382.8,5.214
DOTUSDT,BUY,LIMIT,1701164992563,50.0,5.226
DOTUSDT,BUY,LIMIT,1701165000330,1941.6,5.228
DOTUSDT,BUY,LIMIT,1701165023612,20.9,5.231
DOTUSDT,BUY,LIMIT,1701165029988,473.0,5.232
DOTUSDT,BUY,LIMIT,1701165066057,1941.7,5.233
DOTUSDT,BUY,LIMIT,1701165069370,10.0,5.237
DOTUSDT,SELL,LIMIT,1701167040295,12.0,5.131
DOTUSDT,BUY,LIMIT,1701170519397,10.0,5.226
DOTUSDT,SELL,LIMIT,1701176598375,105.3,5.138
DOTUSDT,SELL,LIMIT,1701176884262,260.1,5.131
DOTUSDT,BUY,LIMIT,1701179595016,16.0,5.245
DOTUSDT,BUY,LIMIT,1701179954266,138.6,5.261
DOTUSDT,BUY,LIMIT,1701179960491,51.4,5.261
DOTUSDT,SELL,LIMIT,1701181769015,46.8,5.199
DOTUSDT,SELL,LIMIT,1701183464398,68.0,5.165
DOTUSDT,SELL,LIMIT,1701185917360,22.8,5.147
DOTUSDT,BUY,LIMIT,1701186198490,66.0,5.257
DOTUSDT,BUY,LIMIT,1701186204297,70.7,5.259
DOTUSDT,SELL,LIMIT,1701187681879,97.2,5.192
DOTUSDT,BUY,LIMIT,1701189790611,65.4,5.269
DOTUSDT,BUY,LIMIT,1701189798547,116.1,5.270
DOTUSDT,BUY,LIMIT,1701189813529,78.6,5.275
DOTUSDT,BUY,LIMIT,1701189815763,1911.1,5.277
DOTUSDT,BUY,LIMIT,1701190213259,19.8,5.288
DOTUSDT,BUY,LIMIT,1701190273053,27.3,5.290
DOTUSDT,BUY,LIMIT,1701190302124,47.9,5.295
DOTUSDT,BUY,LIMIT,1701190348463,333.0,5.297
DOTUSDT,BUY,LIMIT,1701192031067,10.0,5.296
DOTUSDT,BUY,LIMIT,1701192143176,1.1,5.305
DOTUSDT,BUY,LIMIT,1701192149258,21.4,5.308
DOTUSDT,BUY,LIMIT,1701192307019,90.3,5.315
DOTUSDT,BUY,LIMIT,1701193938318,9.9,5.319
DOTUSDT,BUY,LIMIT,1701194150714,383.1,5.327
DOTUSDT,SELL,LIMIT,1701197442779,25.4,5.229
DOTUSDT,BUY,LIMIT,1701198087128,43.7,5.319
DOTUSDT,BUY,LIMIT,1701198089221,114.7,5.319
DOTUSDT,BUY,LIMIT,1701200545274,110.7,5.344
DOTUSDT,SELL,LIMIT,1701207886336,110.9,5.230
DOTUSDT,SELL,LIMIT,1701211859607,116.3,5.219
DOTUSDT,SELL,LIMIT,1701211988649,8.0,5.210
DOTUSDT,BUY,LIMIT,1701217863924,70.9,5.325
DOTUSDT,BUY,LIMIT,1701217889014,164.4,5.325
DOTUSDT,BUY,LIMIT,1701218054667,39.2,5.336
DOTUSDT,SELL,LIMIT,1701232741288,170.2,5.227
DOTUSDT,BUY,LIMIT,1701240742321,31.8,5.334
DOTUSDT,BUY,LIMIT,1701247359926,10.0,5.342
DOTUSDT,BUY,LIMIT,1701247571688,1.4,5.350
DOTUSDT,BUY,LIMIT,1701247573595,7.3,5.350
DOTUSDT,BUY,LIMIT,1701247610516,828.7,5.355
DOTUSDT,BUY,LIMIT,1701247612740,404.7,5.357
DOTUSDT,BUY,LIMIT,1701247629125,2584.9,5.364
DOTUSDT,BUY,LIMIT,1701247642864,135.7,5.361
DOTUSDT,BUY,LIMIT,1701247656218,29.3,5.362
DOTUSDT,BUY,LIMIT,1701247677981,10.5,5.364
DOTUSDT,BUY,LIMIT,1701247716064,48.3,5.365
DOTUSDT,BUY,LIMIT,1701247862499,2.1,5.375
DOTUSDT,BUY,LIMIT,1701247927171,6.2,5.378
DOTUSDT,SELL,LIMIT,1701247935456,95.2,5.322
DOTUSDT,BUY,LIMIT,1701247987101,8704.1,5.396
DOTUSDT,BUY,LIMIT,1701247996668,4136.7,5.396
DOTUSDT,BUY,LIMIT,1701248260185,19.0,5.385
DOTUSDT,BUY,LIMIT,1701248364986,103.0,5.389
DOTUSDT,SELL,LIMIT,1701250269252,122.8,5.271
DOTUSDT,BUY,LIMIT,1701252684415,48.7,5.392
DOTUSDT,BUY,LIMIT,1701252685530,38.8,5.404
DOTUSDT,BUY,LIMIT,1701252687095,11.3,5.409
DOTUSDT,BUY,LIMIT,1701252693023,2.9,5.420
DOTUSDT,SELL,LIMIT,1701252918896,168.0,5.287
DOTUSDT,SELL,LIMIT,1701254412245,231.5,5.275
DOTUSDT,SELL,LIMIT,1701254420525,133.9,5.268
DOTUSDT,SELL,LIMIT,1701254647453,134.4,5.262
DOTUSDT,SELL,LIMIT,1701254657093,8.1,5.261
DOTUSDT,SELL,LIMIT,1701254683893,18.7,5.260
DOTUSDT,SELL,LIMIT,1701254687462,131.3,5.257
DOTUSDT,SELL,LIMIT,1701254706256,34.3,5.255
DOTUSDT,BUY,LIMIT,1701259380412,56.6,5.403
DOTUSDT,BUY,LIMIT,1701259468085,14.2,5.407
DOTUSDT,SELL,LIMIT,1701260252349,1062.2,5.296
DOTUSDT,SELL,LIMIT,1701262953659,29.4,5.283
DOTUSDT,SELL,LIMIT,1701264441638,1175.8,5.260
DOTUSDT,SELL,LIMIT,1701264616383,24.1,5.247
DOTUSDT,SELL,LIMIT,1701267500162,50.0,5.241
DOTUSDT,SELL,LIMIT,1701267570811,89.9,5.239
DOTUSDT,SELL,LIMIT,1701267588132,75.0,5.232
DOTUSDT,SELL,LIMIT,1701267789356,75.0,5.230
DOTUSDT,SELL,LIMIT,1701267791172,48.8,5.229
DOTUSDT,SELL,LIMIT,1701268318478,6.0,5.222
DOTUSDT,SELL,LIMIT,1701268455294,1.0,5.215
DOTUSDT,SELL,LIMIT,1701268871309,8.5,5.223
DOTUSDT,SELL,LIMIT,1701269256964,405.2,5.216
DOTUSDT,SELL,LIMIT,1701269293551,13.5,5.210
DOTUSDT,SELL,LIMIT,1701269302103,255.2,5.205
DOTUSDT,SELL,LIMIT,1701270049905,11.3,5.204
DOTUSDT,SELL,LIMIT,1701270336952,1109.5,5.198
DOTUSDT,SELL,LIMIT,1701270337955,89.6,5.194
DOTUSDT,SELL,LIMIT,1701270341488,1899.1,5.191
DOTUSDT,SELL,LIMIT,1701270343535,53.2,5.190
DOTUSDT,SELL,LIMIT,1701270387676,949.9,5.188
DOTUSDT,SELL,LIMIT,1701270405730,7.1,5.186
DOTUSDT,SELL,LIMIT,1701270452652,106.4,5.180
DOTUSDT,SELL,LIMIT,1701270542459,1610.7,5.180
DOTUSDT,SELL,LIMIT,1701270547347,1220.2,5.180
DOTUSDT,SELL,LIMIT,1701270548452,34.7,5.179
DOTUSDT,SELL,LIMIT,1701270554310,10.0,5.178
DOTUSDT,SELL,LIMIT,1701270571576,10.9,5.175
DOTUSDT,SELL,LIMIT,1701270573373,44.1,5.174
DOTUSDT,SELL,LIMIT,1701270574449,9.4,5.171
DOTUSDT,SELL,LIMIT,1701270582633,68.0,5.170
DOTUSDT,SELL,LIMIT,1701270584069,39.3,5.169
DOTUSDT,SELL,LIMIT,1701270586087,8147.4,5.155
DOTUSDT,SELL,LIMIT,1701270587309,152.4,5.167
DOTUSDT,SELL,LIMIT,1701270764392,143.2,5.164
DOTUSDT,SELL,LIMIT,1701270766395,37.9,5.163
DOTUSDT,SELL,LIMIT,1701275594726,13.7,5.164
DOTUSDT,SELL,LIMIT,1701275602549,96.6,5.163
DOTUSDT,SELL,LIMIT,1701275609516,14.5,5.160
DOTUSDT,SELL,LIMIT,1701275615167,1.4,5.158
DOTUSDT,SELL,LIMIT,1701275821258,1888.6,5.155
DOTUSDT,SELL,LIMIT,1701275844099,31.9,5.149
DOTUSDT,BUY,LIMIT,1701280358273,7.9,5.268
DOTUSDT,SELL,LIMIT,1701284446302,940.6,5.172
DOTUSDT,BUY,LIMIT,1701284928031,1.3,5.233
DOTUSDT,SELL,LIMIT,1701284957010,2.5,5.170
DOTUSDT,BUY,LIMIT,1701284959465,1.3,5.236
DOTUSDT,BUY,LIMIT,1701285446261,1.3,5.218
DOTUSDT,SELL,LIMIT,1701285605811,25.9,5.147
DOTUSDT,SELL,LIMIT,1701285821269,364.1,5.146
DOTUSDT,SELL,LIMIT,1701286366357,1.2,5.147
DOTUSDT,BUY,LIMIT,1701289623095,1.2,5.216
DOTUSDT,SELL,LIMIT,1701290023466,297.3,5.141
DOTUSDT,SELL,LIMIT,1701290025232,9.2,5.137
DOTUSDT,SELL,LIMIT,1701290043146,200.3,5.134
DOTUSDT,SELL,LIMIT,1701290065548,300.0,5.133
DOTUSDT,SELL,LIMIT,1701290131172,1922.5,5.132
DOTUSDT,SELL,LIMIT,1701290141407,116.2,5.130
DOTUSDT,SELL,LIMIT,1701290152998,200.0,5.129
DOTUSDT,SELL,LIMIT,1701290154117,929.3,5.128
DOTUSDT,SELL,LIMIT,1701290177321,2.1,5.826
DOTUSDT,SELL,LIMIT,1701290351150,96.6,5.125
DOTUSDT,SELL,LIMIT,1701294179528,30.2,5.120
DOTUSDT,SELL,LIMIT,1701294185186,62.4,5.120
DOTUSDT,SELL,LIMIT,1701302577748,259.5,5.120
DOTUSDT,SELL,LIMIT,1701302681095,152.8,5.117
DOTUSDT,SELL,LIMIT,1701302683448,81.2,5.116
DOTUSDT,SELL,LIMIT,1701303135792,24.3,5.114
DOTUSDT,SELL,LIMIT,1701303141127,151.7,5.113
DOTUSDT,SELL,LIMIT,1701304079552,1.2,5.121
DOTUSDT,SELL,LIMIT,1701304814367,2.4,5.119
DOTUSDT,BUY,LIMIT,1701304837733,1.2,5.186
DOTUSDT,SELL,LIMIT,1701305409232,1.2,5.129
DOTUSDT,SELL,LIMIT,1701305992378,17.4,5.245
DOTUSDT,SELL,LIMIT,1701306084666,1.2,5.112
DOTUSDT,SELL,LIMIT,1701306422324,17.4,5.105
DOTUSDT,SELL,LIMIT,1701306427678,518.2,5.104
DOTUSDT,SELL,LIMIT,1701306429678,1.2,5.103
DOTUSDT,SELL,LIMIT,1701306430882,744.6,5.102
DOTUSDT,SELL,LIMIT,1701306434087,1.0,5.101
DOTUSDT,SELL,LIMIT,1701307129166,1.2,5.123
DOTUSDT,SELL,LIMIT,1701309271651,30.0,5.098
DOTUSDT,SELL,LIMIT,1701309415285,388.6,5.094
DOTUSDT,SELL,LIMIT,1701309417160,151.9,5.093
DOTUSDT,SELL,LIMIT,1701309418408,1840.9,5.093
DOTUSDT,SELL,LIMIT,1701309419480,5.5,5.092
DOTUSDT,SELL,LIMIT,1701309420894,733.9,5.090
DOTUSDT,SELL,LIMIT,1701309614466,67.4,5.110
DOTUSDT,SELL,LIMIT,1701309905071,108.7,5.095
DOTUSDT,SELL,LIMIT,1701310935338,424.1,5.089
DOTUSDT,SELL,LIMIT,1701310947291,1800.0,5.088
DOTUSDT,SELL,LIMIT,1701310953209,281.5,5.087
DOTUSDT,SELL,LIMIT,1701310961252,5459.0,5.075
DOTUSDT,BUY,LIMIT,1701316292513,1167.3,5.217
DOTUSDT,SELL,LIMIT,1701319887704,28.3,5.132
DOTUSDT,SELL,LIMIT,1701321572597,29.6,5.122
DOTUSDT,SELL,LIMIT,1701321879256,228.0,5.114
DOTUSDT,SELL,LIMIT,1701321906271,470.3,5.112
DOTUSDT,SELL,LIMIT,1701323734567,6.2,5.119
DOTUSDT,SELL,LIMIT,1701331051563,248.7,5.135
DOTUSDT,SELL,LIMIT,1701333528338,1936.1,5.106
DOTUSDT,SELL,LIMIT,1701333649081,72.7,5.097
DOTUSDT,BUY,LIMIT,1701342747076,1940.2,5.223
DOTUSDT,BUY,LIMIT,1701343364358,1348.6,5.227
DOTUSDT,BUY,LIMIT,1701343994117,1.3,5.231
DOTUSDT,BUY,LIMIT,1701344140433,5.9,5.235
DOTUSDT,SELL,LIMIT,1701349534118,140.3,5.163
DOTUSDT,BUY,LIMIT,1701350784606,36.1,5.243
DOTUSDT,BUY,LIMIT,1701351088072,1.0,5.247
DOTUSDT,BUY,LIMIT,1701351722289,78.4,5.258
DOTUSDT,BUY,LIMIT,1701351804664,263.4,5.267
DOTUSDT,SELL,LIMIT,1701353013290,57.9,5.270
DOTUSDT,BUY,LIMIT,1701356040762,19.2,5.288
DOTUSDT,BUY,LIMIT,1701356043234,15.6,5.289
DOTUSDT,BUY,LIMIT,1701356249241,5388.5,5.306
DOTUSDT,BUY,LIMIT,1701356252427,420.8,5.296
DOTUSDT,BUY,LIMIT,1701356258374,396.1,5.301
DOTUSDT,BUY,LIMIT,1701356266682,130.3,5.303
DOTUSDT,BUY,LIMIT,1701357111747,915.2,5.311
DOTUSDT,BUY,LIMIT,1701357473284,11.9,5.333
DOTUSDT,BUY,LIMIT,1701357502587,40.8,5.338
DOTUSDT,BUY,LIMIT,1701357595043,32.0,5.348
DOTUSDT,BUY,LIMIT,1701357755629,275.0,5.357
DOTUSDT,BUY,LIMIT,1701357834444,989.8,5.366
DOTUSDT,BUY,LIMIT,1701357857000,76.3,5.370
DOTUSDT,BUY,LIMIT,1701358151298,28.7,5.389
DOTUSDT,BUY,LIMIT,1701358164434,100.0,5.389
DOTUSDT,BUY,LIMIT,1701358322032,77.5,5.390
DOTUSDT,BUY,LIMIT,1701358359220,4.0,5.401
DOTUSDT,BUY,LIMIT,1701358366258,782.8,5.404
DOTUSDT,BUY,LIMIT,1701358375279,9.7,5.404
DOTUSDT,BUY,LIMIT,1701358379365,3.4,5.406
DOTUSDT,BUY,LIMIT,1701358411543,794.7,5.410
DOTUSDT,BUY,LIMIT,1701358414702,4.3,5.411
DOTUSDT,BUY,LIMIT,1701358420012,297.1,5.413
DOTUSDT,BUY,LIMIT,1701358838903,86.4,5.425
DOTUSDT,BUY,LIMIT,1701358864941,11.7,5.431
DOTUSDT,BUY,LIMIT,1701358870093,36.7,5.435
DOTUSDT,BUY,LIMIT,1701358898138,7000.0,5.459
DOTUSDT,BUY,LIMIT,1701358899256,8.9,5.443
DOTUSDT,BUY,LIMIT,1701358901213,118.8,5.447
DOTUSDT,BUY,LIMIT,1701358902519,269.3,5.452
DOTUSDT,BUY,LIMIT,1701358904538,4.1,5.454
DOTUSDT,BUY,LIMIT,1701358925553,1314.4,5.460
DOTUSDT,BUY,LIMIT,1701358927367,90.7,5.462
DOTUSDT,BUY,LIMIT,1701358930358,55.7,5.463
DOTUSDT,BUY,LIMIT,1701358934920,38.8,5.466
DOTUSDT,BUY,LIMIT,1701358942072,205.3,5.468
DOTUSDT,BUY,LIMIT,1701359041207,4.4,5.478
DOTUSDT,BUY,LIMIT,1701359381206,116.8,5.480
DOTUSDT,BUY,LIMIT,1701359457990,7.2,5.482
DOTUSDT,BUY,LIMIT,1701359526856,192.7,5.484
DOTUSDT,BUY,LIMIT,1701359528079,2873.9,5.495
DOTUSDT,BUY,LIMIT,1701359545049,46.3,5.493
DOTUSDT,BUY,LIMIT,1701359589067,5.4,5.499
DOTUSDT,BUY,LIMIT,1701359590775,130.3,5.503
DOTUSDT,BUY,LIMIT,1701359637759,2.0,5.512
DOTUSDT,BUY,LIMIT,1701359656067,30.7,5.515
DOTUSDT,BUY,LIMIT,1701359657120,0.8,5.514
DOTUSDT,BUY,LIMIT,1701359695382,708.7,5.519
DOTUSDT,BUY,LIMIT,1701359741048,593.8,5.520
DOTUSDT,BUY,LIMIT,1701359752807,59.5,5.526
DOTUSDT,BUY,LIMIT,1701360010283,160.1,5.532
DOTUSDT,BUY,LIMIT,1701360074387,13.2,5.540
DOTUSDT,BUY,LIMIT,1701360075711,2.9,5.542
DOTUSDT,BUY,LIMIT,1701360077070,36.7,5.544
DOTUSDT,BUY,LIMIT,1701360079837,369.3,5.546
DOTUSDT,BUY,LIMIT,1701360092094,927.5,5.549
DOTUSDT,BUY,LIMIT,1701360100831,1.0,5.550
DOTUSDT,BUY,LIMIT,1701360102074,7.0,5.552
DOTUSDT,BUY,LIMIT,1701360103421,255.4,5.554
DOTUSDT,BUY,LIMIT,1701360106661,73.9,5.557
DOTUSDT,BUY,LIMIT,1701360107869,249.1,5.558
DOTUSDT,BUY,LIMIT,1701360109040,27.1,5.561
DOTUSDT,BUY,LIMIT,1701360110466,59.5,5.563
DOTUSDT,BUY,LIMIT,1701360112429,23.7,5.564
DOTUSDT,BUY,LIMIT,1701360244584,1.7,5.569
DOTUSDT,BUY,LIMIT,1701360246441,301.5,5.572
DOTUSDT,BUY,LIMIT,1701360259621,115.8,5.575
DOTUSDT,BUY,LIMIT,1701360261008,8.1,5.576
DOTUSDT,BUY,LIMIT,1701360276223,397.3,5.581
DOTUSDT,BUY,LIMIT,1701360278622,54.7,5.584
DOTUSDT,BUY,LIMIT,1701360311470,363.8,5.587
DOTUSDT,BUY,LIMIT,1701360447231,418.1,5.594
DOTUSDT,BUY,LIMIT,1701360449278,404.3,5.597
DOTUSDT,BUY,LIMIT,1701360675266,3572.7,5.612
DOTUSDT,BUY,LIMIT,1701360682681,38.0,5.605
DOTUSDT,BUY,LIMIT,1701360693791,23.7,5.607
DOTUSDT,BUY,LIMIT,1701360748529,171.3,5.608
DOTUSDT,SELL,LIMIT,1701360819796,287.3,5.497
DOTUSDT,SELL,LIMIT,1701360821171,356.2,5.494
DOTUSDT,SELL,LIMIT,1701360823141,64.5,5.491
DOTUSDT,SELL,LIMIT,1701360843463,53.3,5.487
DOTUSDT,SELL,LIMIT,1701360845374,27.2,5.486
DOTUSDT,SELL,LIMIT,1701360846439,28.0,5.485
DOTUSDT,SELL,LIMIT,1701360848812,683.4,5.476
DOTUSDT,SELL,LIMIT,1701360850098,192.1,5.470
DOTUSDT,SELL,LIMIT,1701360857711,107.2,5.466
DOTUSDT,SELL,LIMIT,1701360872190,156.0,5.465
DOTUSDT,SELL,LIMIT,1701360874109,248.5,5.464
DOTUSDT,SELL,LIMIT,1701360885496,50.6,5.459
DOTUSDT,SELL,LIMIT,1701360941186,359.0,5.448
DOTUSDT,SELL,LIMIT,1701360971228,17.9,5.439
DOTUSDT,SELL,LIMIT,1701360999370,1.3,5.431
DOTUSDT,SELL,LIMIT,1701361003466,69.8,5.427
DOTUSDT,SELL,LIMIT,1701361006030,54.6,5.424
DOTUSDT,SELL,LIMIT,1701361011370,206.9,5.423
DOTUSDT,SELL,LIMIT,1701361012950,11.2,5.419
DOTUSDT,SELL,LIMIT,1701361024918,99.5,5.418
DOTUSDT,BUY,LIMIT,1701361584077,188.4,5.526
DOTUSDT,SELL,LIMIT,1701362305696,1.0,5.412
DOTUSDT,SELL,LIMIT,1701362325440,403.2,5.409
DOTUSDT,SELL,LIMIT,1701362328323,233.5,5.407
DOTUSDT,SELL,LIMIT,1701362332379,445.4,5.406
DOTUSDT,SELL,LIMIT,1701362337195,23.5,5.405
DOTUSDT,SELL,LIMIT,1701362418344,6.1,5.397
DOTUSDT,SELL,LIMIT,1701362892919,72.1,5.395
DOTUSDT,SELL,LIMIT,1701363017130,15.8,5.385
DOTUSDT,SELL,LIMIT,1701363416704,21.9,5.378
DOTUSDT,SELL,LIMIT,1701363419089,12.1,5.374
DOTUSDT,SELL,LIMIT,1701363587342,1.0,5.371
DOTUSDT,SELL,LIMIT,1701363596572,321.5,5.370
DOTUSDT,SELL,LIMIT,1701364891003,1.0,6.179
DOTUSDT,SELL,LIMIT,1701365278282,690.2,5.368
DOTUSDT,SELL,LIMIT,1701365284812,19.3,5.367
DOTUSDT,SELL,LIMIT,1701365327486,299.0,5.365
DOTUSDT,SELL,LIMIT,1701365341603,96.1,5.363
DOTUSDT,BUY,LIMIT,1701366097666,258.6,5.473
DOTUSDT,BUY,LIMIT,1701367133439,126.7,5.488
DOTUSDT,BUY,LIMIT,1701367171856,54.8,5.497
DOTUSDT,BUY,LIMIT,1701367364228,1.1,5.499
DOTUSDT,BUY,LIMIT,1701367381706,125.5,5.503
DOTUSDT,SELL,LIMIT,1701370673609,73.2,5.408
DOTUSDT,SELL,LIMIT,1701371647219,281.6,5.403
DOTUSDT,SELL,LIMIT,1701375925005,129.6,5.396
DOTUSDT,SELL,LIMIT,1701376106753,671.3,5.390
DOTUSDT,BUY,LIMIT,1701379581873,6.2,5.516
DOTUSDT,BUY,LIMIT,1701379821418,49.6,5.518
DOTUSDT,BUY,LIMIT,1701379862319,10.1,5.518
DOTUSDT,BUY,LIMIT,1701379896152,147.2,5.521
DOTUSDT,BUY,LIMIT,1701381691182,9.2,5.533
DOTUSDT,BUY,LIMIT,1701381716108,137.3,5.535
DOTUSDT,SELL,LIMIT,1701385675941,5.4,5.420
DOTUSDT,SELL,LIMIT,1701385676970,401.7,5.419
DOTUSDT,SELL,LIMIT,1701386053320,1820.8,5.415
DOTUSDT,SELL,LIMIT,1701386152408,1532.1,5.410
DOTUSDT,SELL,LIMIT,1701386254031,247.8,5.406
DOTUSDT,SELL,LIMIT,1701386319716,34.5,5.404
DOTUSDT,BUY,LIMIT,1701388082250,268.7,5.508
DOTUSDT,BUY,LIMIT,1701389119236,24.9,5.494
DOTUSDT,BUY,LIMIT,1701389135256,2.1,5.475
DOTUSDT,SELL,LIMIT,1701389277993,949.7,5.418
DOTUSDT,SELL,LIMIT,1701389852869,1338.4,5.394
DOTUSDT,SELL,LIMIT,1701390406119,19.4,5.390
DOTUSDT,SELL,LIMIT,1701390442752,22.0,5.389
DOTUSDT,SELL,LIMIT,1701390444108,565.3,5.388
DOTUSDT,SELL,LIMIT,1701390626891,80.0,5.386
DOTUSDT,SELL,LIMIT,1701390634174,157.4,5.384
DOTUSDT,BUY,LIMIT,1701393511514,49.8,5.463
DOTUSDT,BUY,LIMIT,1701393529194,293.7,5.470
DOTUSDT,BUY,LIMIT,1701393536216,3.1,5.472
DOTUSDT,BUY,LIMIT,1701393669619,60.1,5.480
DOTUSDT,BUY,LIMIT,1701393755853,18.3,5.489
DOTUSDT,BUY,LIMIT,1701393876271,296.3,5.488
DOTUSDT,BUY,LIMIT,1701394034513,97.9,5.499
DOTUSDT,BUY,LIMIT,1701394078691,40.5,5.500
DOTUSDT,BUY,LIMIT,1701394084187,40.7,5.500
DOTUSDT,BUY,LIMIT,1701394111105,6.0,5.501
DOTUSDT,BUY,LIMIT,1701394251192,14.8,5.506
DOTUSDT,BUY,LIMIT,1701395545377,16.8,5.510
DOTUSDT,BUY,LIMIT,1701395639053,22.6,5.502
DOTUSDT,BUY,LIMIT,1701395656309,1.0,5.506
DOTUSDT,BUY,LIMIT,1701398584368,642.2,5.521
DOTUSDT,BUY,LIMIT,1701398851142,97.9,5.525
DOTUSDT,BUY,LIMIT,1701399070162,994.9,5.532
DOTUSDT,BUY,LIMIT,1701399108464,988.7,5.533
DOTUSDT,SELL,LIMIT,1701399216290,85.2,5.457
DOTUSDT,BUY,LIMIT,1701400076830,114.3,5.509
DOTUSDT,BUY,LIMIT,1701404051655,12.4,5.511
DOTUSDT,BUY,LIMIT,1701405728586,3.7,5.532
DOTUSDT,BUY,LIMIT,1701406233158,17.0,5.535
DOTUSDT,BUY,LIMIT,1701406248111,3.2,5.535
DOTUSDT,BUY,LIMIT,1701406272901,139.7,5.538
DOTUSDT,BUY,LIMIT,1701406289320,36.8,5.539
DOTUSDT,BUY,LIMIT,1701406383936,551.7,5.541
DOTUSDT,BUY,LIMIT,1701406388176,2.2,5.542
DOTUSDT,BUY,LIMIT,1701406392488,229.5,5.543
DOTUSDT,BUY,LIMIT,1701407244358,24.9,5.547
DOTUSDT,BUY,LIMIT,1701407248370,38.0,5.548
DOTUSDT,BUY,LIMIT,1701407266221,203.5,5.552
DOTUSDT,BUY,LIMIT,1701407267292,64.0,5.550
DOTUSDT,BUY,LIMIT,1701407269411,1.5,5.554
DOTUSDT,BUY,LIMIT,1701407372472,1198.2,5.558
DOTUSDT,BUY,LIMIT,1701407380046,46.2,5.560
DOTUSDT,BUY,LIMIT,1701407742288,20.1,5.557
DOTUSDT,SELL,LIMIT,1701408790334,210.0,5.450
DOTUSDT,SELL,LIMIT,1701408797644,51.1,5.448
DOTUSDT,SELL,LIMIT,1701410669786,28.0,5.427
DOTUSDT,SELL,LIMIT,1701410699825,61.4,5.425
DOTUSDT,SELL,LIMIT,1701410720217,261.0,5.423
DOTUSDT,SELL,LIMIT,1701410723751,52.8,5.422
DOTUSDT,SELL,LIMIT,1701410732841,21.0,5.420
DOTUSDT,SELL,LIMIT,1701411948799,88.7,5.413
DOTUSDT,SELL,LIMIT,1701416145910,1347.8,5.424
DOTUSDT,SELL,LIMIT,1701416312827,39.9,5.419
DOTUSDT,SELL,LIMIT,1701416849133,7.9,5.407
DOTUSDT,SELL,LIMIT,1701418925810,50.6,5.401
DOTUSDT,SELL,LIMIT,1701419015454,36.2,5.398
DOTUSDT,SELL,LIMIT,1701419258564,1.8,5.396
DOTUSDT,SELL,LIMIT,1701419279047,76.2,5.395
DOTUSDT,SELL,LIMIT,1701419327765,90.8,5.394
DOTUSDT,SELL,LIMIT,1701420510060,13.7,5.392
DOTUSDT,SELL,LIMIT,1701420524913,8.2,5.391
DOTUSDT,SELL,LIMIT,1701420584796,1270.5,5.387
DOTUSDT,SELL,LIMIT,1701420604675,141.9,5.386
DOTUSDT,SELL,LIMIT,1701420613484,461.7,5.386
DOTUSDT,BUY,LIMIT,1701421724647,270.1,5.491
DOTUSDT,BUY,LIMIT,1701421843165,5.6,5.503
DOTUSDT,SELL,LIMIT,1701422230136,36.8,5.431
DOTUSDT,BUY,LIMIT,1701422241222,183.4,5.509
DOTUSDT,BUY,LIMIT,1701422242714,2.0,5.510
DOTUSDT,SELL,LIMIT,1701422246330,13.7,5.440
DOTUSDT,BUY,LIMIT,1701424012281,489.6,5.504
DOTUSDT,BUY,LIMIT,1701424821654,66.0,5.508
DOTUSDT,SELL,LIMIT,1701432776661,113.8,5.400
DOTUSDT,SELL,LIMIT,1701433306464,599.0,5.394
DOTUSDT,SELL,LIMIT,1701434507734,153.6,5.400
DOTUSDT,SELL,LIMIT,1701434873330,68.4,5.380
DOTUSDT,SELL,LIMIT,1701435039529,3042.6,5.372
DOTUSDT,SELL,LIMIT,1701435136784,165.1,5.378
DOTUSDT,SELL,LIMIT,1701438442175,66.3,5.375
DOTUSDT,SELL,LIMIT,1701438449267,3.6,5.371
DOTUSDT,SELL,LIMIT,1701438518184,15.9,5.369
DOTUSDT,SELL,LIMIT,1701438528118,34.6,5.368
DOTUSDT,SELL,LIMIT,1701438529416,0.2,5.368
DOTUSDT,SELL,LIMIT,1701438542002,208.4,5.368
DOTUSDT,SELL,LIMIT,1701438543251,11.7,5.367
DOTUSDT,SELL,LIMIT,1701438547351,31.2,5.365
DOTUSDT,SELL,LIMIT,1701438553258,144.9,5.360
DOTUSDT,SELL,LIMIT,1701438554557,150.6,5.361
DOTUSDT,SELL,LIMIT,1701438556189,245.8,5.359
DOTUSDT,SELL,LIMIT,1701439475622,1372.9,5.356
DOTUSDT,SELL,LIMIT,1701439602723,1334.3,5.351
DOTUSDT,SELL,LIMIT,1701439613416,252.1,5.349
DOTUSDT,SELL,LIMIT,1701439638176,146.6,5.348
DOTUSDT,SELL,LIMIT,1701439640523,2.3,5.347
DOTUSDT,SELL,LIMIT,1701439649040,63.5,5.341
DOTUSDT,SELL,LIMIT,1701439747463,125.5,5.340
DOTUSDT,SELL,LIMIT,1701439749206,232.3,5.339
DOTUSDT,SELL,LIMIT,1701439815326,4.9,5.339
DOTUSDT,SELL,LIMIT,1701439827301,2.7,5.338
DOTUSDT,SELL,LIMIT,1701439834707,10.8,5.336
DOTUSDT,BUY,LIMIT,1701440817447,9.0,5.440
DOTUSDT,BUY,LIMIT,1701440904464,1860.4,5.443
DOTUSDT,BUY,LIMIT,1701441615034,55.8,5.450
DOTUSDT,SELL,LIMIT,1701441622581,139.7,5.441
DOTUSDT,SELL,LIMIT,1701442026293,7.2,5.376
DOTUSDT,SELL,LIMIT,1701443655556,833.5,5.383
DOTUSDT,SELL,LIMIT,1701444353021,87.3,5.386
DOTUSDT,BUY,LIMIT,1701445402086,282.2,5.468
DOTUSDT,BUY,LIMIT,1701447544748,76.9,5.442
DOTUSDT,BUY,LIMIT,1701447840357,446.6,5.469
DOTUSDT,SELL,LIMIT,1701447843315,139.9,5.399
DOTUSDT,BUY,LIMIT,1701447907471,926.2,5.479
DOTUSDT,BUY,LIMIT,1701448128118,152.0,5.486
DOTUSDT,BUY,LIMIT,1701448132823,98.8,5.487
DOTUSDT,BUY,LIMIT,1701448197306,9.1,5.489
DOTUSDT,BUY,LIMIT,1701448436669,12.3,5.485
DOTUSDT,BUY,LIMIT,1701448533420,500.0,5.499
DOTUSDT,SELL,LIMIT,1701448821692,13.7,5.431
DOTUSDT,SELL,LIMIT,1701452826108,0.4,5.646
DOTUSDT,SELL,LIMIT,1701455136149,30.6,5.414
DOTUSDT,BUY,LIMIT,1701460219063,692.9,5.503
DOTUSDT,BUY,LIMIT,1701460608115,271.4,5.505
DOTUSDT,BUY,LIMIT,1701460614108,1.6,5.506
DOTUSDT,BUY,LIMIT,1701460627218,258.0,5.509
DOTUSDT,BUY,LIMIT,1701470611398,53.3,5.510
DOTUSDT,SELL,LIMIT,1701470651046,18.0,5.441
DOTUSDT,SELL,LIMIT,1701479832938,13.8,5.434
DOTUSDT,BUY,LIMIT,1701485993992,10.8,5.496
DOTUSDT,SELL,LIMIT,1701485997956,2.6,6.047
DOTUSDT,BUY,LIMIT,1701486001124,1385.2,5.496
DOTUSDT,BUY,LIMIT,1701486002424,189.5,5.499
DOTUSDT,BUY,LIMIT,1701486004353,73.5,5.499
DOTUSDT,BUY,LIMIT,1701486005819,504.0,5.499
DOTUSDT,SELL,LIMIT,1701486006932,1.9,5.430
DOTUSDT,BUY,LIMIT,1701488835921,170.6,5.520
DOTUSDT,BUY,LIMIT,1701488841100,12.1,5.520
DOTUSDT,BUY,LIMIT,1701488874106,11.8,5.522
DOTUSDT,SELL,LIMIT,1701490413128,3.1,5.446
DOTUSDT,BUY,LIMIT,1701491207152,5.5,5.524
DOTUSDT,BUY,LIMIT,1701491254312,3.6,5.524
DOTUSDT,BUY,LIMIT,1701491287167,264.4,5.525
DOTUSDT,BUY,LIMIT,1701491301313,1.6,5.526
DOTUSDT,BUY,LIMIT,1701497568459,5.7,5.528
DOTUSDT,BUY,LIMIT,1701497630164,150.0,5.529
DOTUSDT,BUY,LIMIT,1701499588213,525.4,5.534
DOTUSDT,BUY,LIMIT,1701500428192,3.0,5.531
DOTUSDT,BUY,LIMIT,1701500681834,36.8,5.532
DOTUSDT,BUY,LIMIT,1701500799587,42.0,5.534
DOTUSDT,BUY,LIMIT,1701502936822,1.0,5.538
DOTUSDT,BUY,LIMIT,1701503067642,26.4,5.542
DOTUSDT,BUY,LIMIT,1701503083959,709.3,5.543
DOTUSDT,BUY,LIMIT,1701505774038,45.8,5.547
DOTUSDT,BUY,LIMIT,1701505864511,115.8,5.549
DOTUSDT,BUY,LIMIT,1701505867187,183.6,5.554
DOTUSDT,BUY,LIMIT,1701506195835,139.9,5.559
DOTUSDT,BUY,LIMIT,1701508269133,8.8,5.546
