Symbol,Side,Order Type,Time,Quantity,Price
DOTUSDT,SELL,LIMIT,1700851490416,40.5,5.173
DOTUSDT,SELL,LIMIT,1700852932260,1928.7,5.173
DOTUSDT,SELL,LIMIT,1700852963254,14.7,5.166
DOTUSDT,SELL,LIMIT,1700853756101,7.2,5.173
DOTUSDT,SELL,LIMIT,1700859013465,1.4,5.186
DOTUSDT,SELL,LIMIT,1700859038035,2.7,5.186
DOTUSDT,SELL,LIMIT,1700863961007,340.7,5.208
DOTUSDT,BUY,LIMIT,1700864428366,65.3,5.312
DOTUSDT,SELL,LIMIT,1700866924208,4.7,5.200
DOTUSDT,SELL,LIMIT,1700867076286,9.5,5.187
DOTUSDT,SELL,LIMIT,1700867373270,100.0,5.176
DOTUSDT,SELL,LIMIT,1700867694984,9.7,5.185
DOTUSDT,SELL,LIMIT,1700874746820,22.0,5.247
DOTUSDT,BUY,LIMIT,1700875284743,21.6,5.310
DOTUSDT,BUY,LIMIT,1700876548498,45.3,5.333
DOTUSDT,BUY,LIMIT,1700876553207,22.6,5.336
DOTUSDT,BUY,LIMIT,1700876591487,9999.0,5.356
DOTUSDT,BUY,LIMIT,1700876594408,33.1,5.338
DOTUSDT,BUY,LIMIT,1700877098739,47.6,5.345
DOTUSDT,BUY,LIMIT,1700877151213,31.5,5.347
DOTUSDT,BUY,LIMIT,1700877353282,4.9,5.347
DOTUSDT,BUY,LIMIT,1700877364369,18.7,5.349
DOTUSDT,BUY,LIMIT,1700877372480,75.4,5.355
DOTUSDT,BUY,LIMIT,1700877555629,35.1,5.350
DOTUSDT,BUY,LIMIT,1700879694045,564.7,5.358
DOTUSDT,BUY,LIMIT,1700881922924,407.9,5.344
DOTUSDT,BUY,LIMIT,1700886027084,32.1,5.332
DOTUSDT,SELL,LIMIT,1700905324074,619.0,5.251
DOTUSDT,SELL,LIMIT,1700908672240,154.4,5.246
DOTUSDT,SELL,LIMIT,1700908981269,1.1,5.244
DOTUSDT,SELL,LIMIT,1700909030872,5.4,5.242
DOTUSDT,SELL,LIMIT,1700909038311,9.4,5.242
DOTUSDT,SELL,LIMIT,1700909057545,49.8,5.239
DOTUSDT,SELL,LIMIT,1700909063682,141.8,5.238
DOTUSDT,SELL,LIMIT,1700911559649,1.7,5.227
DOTUSDT,SELL,LIMIT,1700911579705,14.3,5.226
DOTUSDT,SELL,LIMIT,1700912226460,1.0,5.225
DOTUSDT,SELL,LIMIT,1700912423486,7.8,5.221
DOTUSDT,SELL,LIMIT,1700912426390,28.1,5.221
DOTUSDT,SELL,LIMIT,1700912439855,37.8,5.215
DOTUSDT,SELL,LIMIT,1700912456714,48.4,5.213
DOTUSDT,SELL,LIMIT,1700912457940,20.8,5.214
DOTUSDT,SELL,LIMIT,1700912505172,1000.0,5.212
DOTUSDT,BUY,LIMIT,1700914263619,125.5,5.313
DOTUSDT,BUY,LIMIT,1700918916722,4.6,5.338
DOTUSDT,BUY,LIMIT,1700920243248,1.1,5.360
DOTUSDT,BUY,LIMIT,1700920343690,88.8,5.364
DOTUSDT,BUY,LIMIT,1700920360354,6.6,5.364
DOTUSDT,BUY,LIMIT,1700923281061,9.3,5.368
DOTUSDT,BUY,LIMIT,1700923285999,24.4,5.370
DOTUSDT,BUY,LIMIT,1700923287038,257.4,5.372
DOTUSDT,BUY,LIMIT,1700923317879,31.8,5.374
DOTUSDT,BUY,LIMIT,1700923319745,30.9,5.375
DOTUSDT,BUY,LIMIT,1700923321682,141.4,5.376
DOTUSDT,BUY,LIMIT,1700923518376,81.8,5.381
DOTUSDT,BUY,LIMIT,1700923880236,4.8,5.381
DOTUSDT,BUY,LIMIT,1700923958863,28.3,5.384
DOTUSDT,BUY,LIMIT,1700923968709,527.6,5.387
DOTUSDT,BUY,LIMIT,1700923973740,59.5,5.389
DOTUSDT,BUY,LIMIT,1700924061892,45.3,5.393
DOTUSDT,BUY,LIMIT,1700924120669,17.6,5.397
DOTUSDT,BUY,LIMIT,1700924131450,133.2,5.401
DOTUSDT,BUY,LIMIT,1700924151559,27.9,5.403
DOTUSDT,BUY,LIMIT,1700924327418,13.7,5.408
DOTUSDT,BUY,LIMIT,1700924343598,65.7,5.411
DOTUSDT,BUY,LIMIT,1700924366174,40.3,5.413
DOTUSDT,BUY,LIMIT,1700924367267,50.0,5.414
DOTUSDT,BUY,LIMIT,1700924377194,6.1,5.418
DOTUSDT,BUY,LIMIT,1700924426698,777.9,5.422
DOTUSDT,BUY,LIMIT,1700930654190,47.4,5.368
DOTUSDT,BUY,LIMIT,1700939144987,8.9,5.382
