Symbol,Side,Order Type,Time,Quantity,Price
DOTUSDT,SELL,LIMIT,1700991007721,95.0,5.312
DOTUSDT,SELL,LIMIT,1700996178364,38.0,5.294
DOTUSDT,SELL,LIMIT,1701000052252,313.6,5.302
DOTUSDT,SELL,LIMIT,1701000660843,2.5,5.323
DOTUSDT,SELL,LIMIT,1701000777587,467.9,5.298
DOTUSDT,SELL,LIMIT,1701001355514,6.1,5.293
DOTUSDT,SELL,LIMIT,1701001399682,1.0,5.287
DOTUSDT,SELL,LIMIT,1701001415463,28.6,5.286
DOTUSDT,SELL,LIMIT,1701001433711,18.3,5.282
DOTUSDT,SELL,LIMIT,1701001502927,13.9,5.275
DOTUSDT,BUY,LIMIT,1701003532286,233.1,5.396
DOTUSDT,BUY,LIMIT,1701003696052,222.8,5.401
DOTUSDT,BUY,LIMIT,1701003742476,76.7,5.402
DOTUSDT,BUY,LIMIT,1701003746006,1768.5,5.402
DOTUSDT,SELL,LIMIT,1701006116081,200.6,5.283
DOTUSDT,SELL,LIMIT,1701008439128,83.7,5.282
DOTUSDT,SELL,LIMIT,1701008440342,1818.3,5.281
DOTUSDT,SELL,LIMIT,1701008444123,1867.1,5.276
DOTUSDT,SELL,LIMIT,1701008944821,281.1,5.277
DOTUSDT,SELL,LIMIT,1701009014341,85.3,5.269
DOTUSDT,SELL,LIMIT,1701009017147,13.8,5.265
DOTUSDT,SELL,LIMIT,1701009018980,3.1,5.265
DOTUSDT,SELL,LIMIT,1701009258588,12.2,5.261
DOTUSDT,SELL,LIMIT,1701009259762,80.8,5.257
DOTUSDT,SELL,LIMIT,1701009260940,284.4,5.251
DOTUSDT,SELL,LIMIT,1701009262345,200.0,5.248
DOTUSDT,SELL,LIMIT,1701009263254,87.9,5.249
DOTUSDT,SELL,LIMIT,1701009265177,19.3,5.243
DOTUSDT,SELL,LIMIT,1701009266578,1.0,5.241
DOTUSDT,SELL,LIMIT,1701009268037,488.5,5.240
DOTUSDT,SELL,LIMIT,1701009271198,36.8,5.238
DOTUSDT,SELL,LIMIT,1701009272549,6.8,5.237
DOTUSDT,SELL,LIMIT,1701009273906,8.6,5.235
DOTUSDT,SELL,LIMIT,1701009276203,44.2,5.231
DOTUSDT,SELL,LIMIT,1701009281154,140.0,5.231
DOTUSDT,SELL,LIMIT,1701009287307,178.4,5.231
DOTUSDT,SELL,LIMIT,1701009288612,159.6,5.231
DOTUSDT,BUY,LIMIT,1701012139323,631.5,5.350
DOTUSDT,SELL,LIMIT,1701013892448,64.2,5.245
DOTUSDT,SELL,LIMIT,1701013934562,5.6,5.244
DOTUSDT,SELL,LIMIT,1701013941903,39.8,5.244
DOTUSDT,SELL,LIMIT,1701013959962,44.8,5.239
DOTUSDT,SELL,LIMIT,1701014028629,7.5,5.234
DOTUSDT,SELL,LIMIT,1701014059015,140.1,5.227
DOTUSDT,SELL,LIMIT,1701014061111,1886.2,5.226
DOTUSDT,SELL,LIMIT,1701014921311,2.1,5.257
DOTUSDT,SELL,LIMIT,1701015644389,19.1,5.232
DOTUSDT,SELL,LIMIT,1701015671485,133.0,5.226
DOTUSDT,SELL,LIMIT,1701015674331,30.0,5.224
DOTUSDT,SELL,LIMIT,1701015684101,74.1,5.219
DOTUSDT,SELL,LIMIT,1701015685090,37.0,5.209
DOTUSDT,SELL,LIMIT,1701015686361,749.0,5.201
DOTUSDT,SELL,LIMIT,1701015687515,140.0,5.206
DOTUSDT,SELL,LIMIT,1701015747488,178.4,5.204
DOTUSDT,SELL,LIMIT,1701015749346,2764.3,5.197
DOTUSDT,SELL,LIMIT,1701015761722,666.0,5.198
DOTUSDT,SELL,LIMIT,1701015866104,40.5,5.196
DOTUSDT,SELL,LIMIT,1701015872748,171.2,5.195
DOTUSDT,SELL,LIMIT,1701015904143,1526.6,5.192
DOTUSDT,SELL,LIMIT,1701015907191,291.1,5.191
DOTUSDT,SELL,LIMIT,1701015999336,225.8,5.190
DOTUSDT,SELL,LIMIT,1701016000495,264.2,5.188
DOTUSDT,SELL,LIMIT,1701016010096,13.4,5.188
DOTUSDT,SELL,LIMIT,1701016011110,215.5,5.187
DOTUSDT,SELL,LIMIT,1701016012698,126.0,5.191
DOTUSDT,SELL,LIMIT,1701016015023,860.6,5.184
DOTUSDT,SELL,LIMIT,1701016017388,380.0,5.183
DOTUSDT,SELL,LIMIT,1701016019053,42.6,5.181
DOTUSDT,SELL,LIMIT,1701016021232,9.2,5.179
DOTUSDT,SELL,LIMIT,1701016028359,233.2,5.175
DOTUSDT,SELL,LIMIT,1701016030364,4.1,5.174
DOTUSDT,SELL,LIMIT,1701016032142,12.1,5.177
DOTUSDT,SELL,LIMIT,1701016033221,170.6,5.166
DOTUSDT,SELL,LIMIT,1701016034055,57.1,5.167
DOTUSDT,SELL,LIMIT,1701016035314,724.5,5.161
DOTUSDT,SELL,LIMIT,1701016037183,1472.6,5.162
DOTUSDT,SELL,LIMIT,1701016039224,853.0,5.161
DOTUSDT,SELL,LIMIT,1701016041054,1.4,5.161
DOTUSDT,SELL,LIMIT,1701016042376,291.8,5.157
DOTUSDT,SELL,LIMIT,1701016043727,3.9,5.156
DOTUSDT,SELL,LIMIT,1701016044708,113.0,5.288
DOTUSDT,SELL,LIMIT,1701016045548,48.7,5.149
DOTUSDT,SELL,LIMIT,1701016046486,9.9,5.159
DOTUSDT,SELL,LIMIT,1701016047272,1596.6,5.141
DOTUSDT,SELL,LIMIT,1701016048146,631.0,5.145
DOTUSDT,SELL,LIMIT,1701016049036,172.9,5.137
DOTUSDT,SELL,LIMIT,1701016050018,691.5,5.137
DOTUSDT,SELL,LIMIT,1701016090337,15.0,5.144
DOTUSDT,SELL,LIMIT,1701016095887,1.8,5.135
DOTUSDT,SELL,LIMIT,1701016098333,19.4,5.128
DOTUSDT,SELL,LIMIT,1701016100061,3.0,5.126
DOTUSDT,SELL,LIMIT,1701016101058,1.2,5.126
DOTUSDT,SELL,LIMIT,1701016101865,38.3,5.119
DOTUSDT,SELL,LIMIT,1701016103357,2562.8,5.114
DOTUSDT,SELL,LIMIT,1701022007467,1.8,5.191
DOTUSDT,SELL,LIMIT,1701024647000,157.4,5.184
DOTUSDT,BUY,LIMIT,1701025876737,14.6,5.297
DOTUSDT,BUY,LIMIT,1701027374724,429.6,5.300
DOTUSDT,BUY,LIMIT,1701027476513,3.3,5.305
DOTUSDT,BUY,LIMIT,1701027975252,46.7,5.310
DOTUSDT,BUY,LIMIT,1701028390187,393.5,5.319
DOTUSDT,BUY,LIMIT,1701030016514,96.5,5.369
DOTUSDT,BUY,LIMIT,1701030026870,39.5,5.370
DOTUSDT,BUY,LIMIT,1701030046971,5686.8,5.387
DOTUSDT,BUY,LIMIT,1701031602999,20.2,5.402
DOTUSDT,BUY,LIMIT,1701031734199,63.7,5.413
DOTUSDT,BUY,LIMIT,1701031745881,5.2,5.417
DOTUSDT,SELL,LIMIT,1701033233183,7.9,5.283
DOTUSDT,BUY,LIMIT,1701036364554,7.4,5.372
DOTUSDT,BUY,LIMIT,1701036435604,3.6,5.380
DOTUSDT,SELL,LIMIT,1701040141254,48.4,5.265
DOTUSDT,BUY,LIMIT,1701044888098,48.3,5.396
DOTUSDT,SELL,LIMIT,1701050660041,1.3,5.274
DOTUSDT,SELL,LIMIT,1701052280094,10.0,5.262
DOTUSDT,SELL,LIMIT,1701052283100,70.0,5.261
DOTUSDT,SELL,LIMIT,1701052645082,96.3,5.255
DOTUSDT,SELL,LIMIT,1701052720692,758.9,5.252
DOTUSDT,SELL,LIMIT,1701054440814,900.0,5.256
DOTUSDT,SELL,LIMIT,1701055191998,4.6,5.248
DOTUSDT,SELL,LIMIT,1701055546951,905.9,5.238
DOTUSDT,SELL,LIMIT,1701055589630,13.0,5.233
DOTUSDT,SELL,LIMIT,1701055633095,2.1,5.232
DOTUSDT,SELL,LIMIT,1701055751088,343.2,5.231
DOTUSDT,SELL,LIMIT,1701056053993,939.1,5.232
DOTUSDT,SELL,LIMIT,1701056098041,200.0,5.229
DOTUSDT,SELL,LIMIT,1701056116111,792.5,5.225
DOTUSDT,SELL,LIMIT,1701056140909,3801.3,5.210
DOTUSDT,SELL,LIMIT,1701056146483,28.6,5.219
DOTUSDT,SELL,LIMIT,1701056157728,10.0,5.220
DOTUSDT,SELL,LIMIT,1701056162100,37.2,5.218
DOTUSDT,SELL,LIMIT,1701056164755,32.2,5.218
