Symbol,Side,Order Type,Time,Quantity,Price
DOTUSDT,SELL,LIMIT,1701915072521,14.7,6.031
DOTUSDT,BUY,LIMIT,1701916483756,786.7,6.152
DOTUSDT,BUY,LIMIT,1701917081299,8.9,6.157
DOTUSDT,SELL,LIMIT,1701918416111,315.1,6.034
DOTUSDT,SELL,LIMIT,1701918510392,1634.2,6.026
DOTUSDT,SELL,LIMIT,1701918555843,9.4,6.013
DOTUSDT,SELL,LIMIT,1701918563552,32.8,6.009
DOTUSDT,SELL,LIMIT,1701918644218,9.2,6.010
DOTUSDT,SELL,LIMIT,1701918651646,242.6,6.008
DOTUSDT,SELL,LIMIT,1701918654152,10.8,6.005
DOTUSDT,SELL,LIMIT,1701919887184,1644.7,5.995
DOTUSDT,BUY,LIMIT,1701923738420,55.8,6.126
DOTUSDT,BUY,LIMIT,1701923829335,5.0,6.138
DOTUSDT,BUY,LIMIT,1701923852297,1258.4,6.141
DOTUSDT,BUY,LIMIT,1701923996455,81.3,6.159
DOTUSDT,BUY,LIMIT,1701924014126,14.8,6.160
DOTUSDT,BUY,LIMIT,1701925226352,502.8,6.180
DOTUSDT,BUY,LIMIT,1701925305849,2.1,6.179
DOTUSDT,BUY,LIMIT,1701925433278,16.0,6.187
DOTUSDT,BUY,LIMIT,1701925998234,59.6,6.199
DOTUSDT,BUY,LIMIT,1701926020631,176.8,6.204
DOTUSDT,BUY,LIMIT,1701926064018,1.7,6.206
DOTUSDT,BUY,LIMIT,1701926177231,244.6,6.217
DOTUSDT,BUY,LIMIT,1701926619285,256.4,6.185
DOTUSDT,BUY,LIMIT,1701927268498,17.9,6.220
DOTUSDT,BUY,LIMIT,1701927621071,92.4,6.209
DOTUSDT,SELL,LIMIT,1701936908242,235.1,6.059
DOTUSDT,SELL,LIMIT,1701936914784,1.0,6.054
DOTUSDT,SELL,LIMIT,1701936969595,1000.0,6.042
DOTUSDT,SELL,LIMIT,1701937336938,59.1,6.039
DOTUSDT,SELL,LIMIT,1701937352837,45.7,6.032
DOTUSDT,SELL,LIMIT,1701937385906,2200.7,6.026
DOTUSDT,SELL,LIMIT,1701937396074,50.0,6.025
DOTUSDT,SELL,LIMIT,1701937400668,199.6,6.027
DOTUSDT,SELL,LIMIT,1701937708427,172.5,6.024
DOTUSDT,SELL,LIMIT,1701937712200,877.8,6.022
DOTUSDT,SELL,LIMIT,1701939341400,285.0,6.013
DOTUSDT,SELL,LIMIT,1701939344124,20.9,6.011
DOTUSDT,SELL,LIMIT,1701939366375,13.9,6.004
DOTUSDT,SELL,LIMIT,1701939456321,8.2,5.991
DOTUSDT,SELL,LIMIT,1701939477995,0.9,5.991
DOTUSDT,SELL,LIMIT,1701939568433,200.0,5.987
DOTUSDT,SELL,LIMIT,1701939572019,30.9,5.982
DOTUSDT,SELL,LIMIT,1701939972340,114.1,5.979
DOTUSDT,SELL,LIMIT,1701940012072,3.6,5.977
DOTUSDT,SELL,LIMIT,1701940019284,2952.7,5.962
DOTUSDT,SELL,LIMIT,1701940024853,1610.5,5.967
DOTUSDT,SELL,LIMIT,1701940026969,0.9,5.968
DOTUSDT,SELL,LIMIT,1701940402380,216.5,5.962
DOTUSDT,SELL,LIMIT,1701940405187,947.8,5.960
DOTUSDT,SELL,LIMIT,1701940407781,61.8,5.958
DOTUSDT,SELL,LIMIT,1701940453196,421.7,5.950
DOTUSDT,SELL,LIMIT,1701940473885,4079.8,5.934
DOTUSDT,SELL,LIMIT,1701940554285,1639.8,5.945
DOTUSDT,SELL,LIMIT,1701940556005,101.3,5.942
DOTUSDT,SELL,LIMIT,1701940557185,471.5,5.942
DOTUSDT,SELL,LIMIT,1701940558456,3.2,5.935
DOTUSDT,SELL,LIMIT,1701940559617,134.3,5.932
DOTUSDT,SELL,LIMIT,1701940560806,120.5,5.929
DOTUSDT,SELL,LIMIT,1701940561841,168.9,5.929
DOTUSDT,SELL,LIMIT,1701940563502,8.4,5.922
DOTUSDT,SELL,LIMIT,1701940568788,4180.6,5.907
DOTUSDT,SELL,LIMIT,1701940570387,206.7,5.917
DOTUSDT,SELL,LIMIT,1701941051418,111.2,5.931
DOTUSDT,SELL,LIMIT,1701941067076,50.6,5.925
DOTUSDT,SELL,LIMIT,1701941075456,244.4,5.918
DOTUSDT,SELL,LIMIT,1701941151192,223.2,5.913
DOTUSDT,SELL,LIMIT,1701941153426,1.8,5.910
DOTUSDT,SELL,LIMIT,1701941158751,16.4,5.902
DOTUSDT,SELL,LIMIT,1701941159917,1099.9,5.901
DOTUSDT,SELL,LIMIT,1701941161614,107.7,5.900
DOTUSDT,SELL,LIMIT,1701941172842,77.4,5.899
DOTUSDT,SELL,LIMIT,1701941174063,1018.6,5.895
DOTUSDT,SELL,LIMIT,1701941175201,75.8,5.898
DOTUSDT,SELL,LIMIT,1701941180028,42.5,5.892
DOTUSDT,SELL,LIMIT,1701941182553,1455.3,5.888
DOTUSDT,SELL,LIMIT,1701941184746,923.7,5.914
DOTUSDT,SELL,LIMIT,1701941187101,10.8,5.883
DOTUSDT,SELL,LIMIT,1701941189409,410.5,5.881
DOTUSDT,SELL,LIMIT,1701941191434,286.7,5.876
DOTUSDT,SELL,LIMIT,1701941234348,97.9,5.876
DOTUSDT,SELL,LIMIT,1701941239196,168.8,5.874
DOTUSDT,SELL,LIMIT,1701941240201,32.4,5.874
DOTUSDT,SELL,LIMIT,1701941243319,140.7,5.872
DOTUSDT,SELL,LIMIT,1701941244573,117.2,5.872
DOTUSDT,SELL,LIMIT,1701941247312,286.2,5.869
DOTUSDT,SELL,LIMIT,1701941255080,8.1,5.870
DOTUSDT,SELL,LIMIT,1701941256615,537.9,5.868
DOTUSDT,BUY,LIMIT,1701941562194,5.8,5.996
DOTUSDT,BUY,LIMIT,1701941770269,62.7,6.027
DOTUSDT,BUY,LIMIT,1701942362483,62.7,6.073
DOTUSDT,BUY,LIMIT,1701942376524,95.5,6.084
DOTUSDT,BUY,LIMIT,1701943011126,1.4,6.096
DOTUSDT,SELL,LIMIT,1701943631559,1.0,5.976
DOTUSDT,SELL,LIMIT,1701943637515,276.4,5.973
DOTUSDT,SELL,LIMIT,1701944563863,134.6,5.954
DOTUSDT,BUY,LIMIT,1701945241156,210.0,6.088
DOTUSDT,SELL,LIMIT,1701948750632,1113.7,5.947
DOTUSDT,SELL,LIMIT,1701948754240,93.9,5.946
DOTUSDT,SELL,LIMIT,1701948778984,32.8,5.943
DOTUSDT,SELL,LIMIT,1701948906024,46.7,5.941
DOTUSDT,SELL,LIMIT,1701948907841,2.4,5.938
DOTUSDT,SELL,LIMIT,1701949212983,263.5,5.927
DOTUSDT,SELL,LIMIT,1701949366243,4.7,5.922
DOTUSDT,SELL,LIMIT,1701949661334,34.5,5.915
DOTUSDT,SELL,LIMIT,1701949697652,231.3,5.913
DOTUSDT,BUY,LIMIT,1701951121974,25.2,6.027
DOTUSDT,SELL,LIMIT,1701951337174,24.8,5.964
DOTUSDT,BUY,LIMIT,1701951395264,5.2,6.031
DOTUSDT,BUY,LIMIT,1701952308841,83.7,6.045
DOTUSDT,BUY,LIMIT,1701952704732,686.4,6.050
DOTUSDT,BUY,LIMIT,1701952757247,15.8,6.056
DOTUSDT,BUY,LIMIT,1701953594956,52.7,6.059
DOTUSDT,BUY,LIMIT,1701953976591,0.1,6.071
DOTUSDT,SELL,LIMIT,1701956658053,398.1,5.945
DOTUSDT,SELL,LIMIT,1701956673337,637.5,5.944
DOTUSDT,SELL,LIMIT,1701956906109,295.2,5.944
DOTUSDT,BUY,LIMIT,1701959701138,153.8,6.075
DOTUSDT,BUY,LIMIT,1701961352150,39.8,6.098
DOTUSDT,BUY,LIMIT,1701962388920,1657.8,6.110
DOTUSDT,BUY,LIMIT,1701962447815,0.5,6.120
DOTUSDT,BUY,LIMIT,1701962458045,33.0,6.122
DOTUSDT,BUY,LIMIT,1701962683655,28.7,6.130
DOTUSDT,BUY,LIMIT,1701962701536,5.0,6.133
DOTUSDT,BUY,LIMIT,1701962709733,10.0,6.135
DOTUSDT,BUY,LIMIT,1701962842284,7.5,6.151
DOTUSDT,BUY,LIMIT,1701962875345,943.4,6.156
DOTUSDT,BUY,LIMIT,1701962881081,70.5,6.159
DOTUSDT,BUY,LIMIT,1701962939764,17.2,6.167
DOTUSDT,BUY,LIMIT,1701963022134,0.9,6.161
DOTUSDT,BUY,LIMIT,1701963685251,0.9,6.161
DOTUSDT,BUY,LIMIT,1701963871017,187.5,6.151
DOTUSDT,BUY,LIMIT,1701964160591,25.4,6.128
DOTUSDT,BUY,LIMIT,1701965037283,1636.3,6.135
DOTUSDT,BUY,LIMIT,1701965058187,23.1,6.146
DOTUSDT,BUY,LIMIT,1701965358539,47.2,6.151
DOTUSDT,BUY,LIMIT,1701965534495,11.6,6.163
DOTUSDT,BUY,LIMIT,1701966333134,31.4,6.170
DOTUSDT,BUY,LIMIT,1701966409298,73.7,6.171
DOTUSDT,BUY,LIMIT,1701966787040,1638.0,6.186
DOTUSDT,BUY,LIMIT,1701966850147,4726.2,6.206
DOTUSDT,BUY,LIMIT,1701966860516,2.1,6.196
DOTUSDT,BUY,LIMIT,1701967103485,151.5,6.198
DOTUSDT,BUY,LIMIT,1701967116531,209.3,6.202
DOTUSDT,BUY,LIMIT,1701967172299,58.4,6.205
DOTUSDT,BUY,LIMIT,1701967176301,120.8,6.206
DOTUSDT,BUY,LIMIT,1701967178394,196.8,6.209
DOTUSDT,BUY,LIMIT,1701967269620,757.6,6.218
DOTUSDT,BUY,LIMIT,1701968126170,27.8,6.221
DOTUSDT,BUY,LIMIT,1701968127370,7.5,6.222
DOTUSDT,BUY,LIMIT,1701969391159,59.5,6.241
DOTUSDT,BUY,LIMIT,1701969404729,14.4,6.245
DOTUSDT,BUY,LIMIT,1701969406533,4.6,6.245
DOTUSDT,BUY,LIMIT,1701969426547,50.7,6.247
DOTUSDT,BUY,LIMIT,1701969464928,144.3,6.251
DOTUSDT,BUY,LIMIT,1701969482181,150.0,6.254
DOTUSDT,BUY,LIMIT,1701969483450,393.5,6.255
DOTUSDT,BUY,LIMIT,1701969502294,13.9,6.256
DOTUSDT,BUY,LIMIT,1701969505928,340.3,6.257
DOTUSDT,BUY,LIMIT,1701969555400,8.7,6.258
DOTUSDT,BUY,LIMIT,1701969571158,25.2,6.261
DOTUSDT,BUY,LIMIT,1701969574844,35.4,6.261
DOTUSDT,BUY,LIMIT,1701969576281,19.2,6.264
DOTUSDT,BUY,LIMIT,1701969578602,130.1,6.265
DOTUSDT,BUY,LIMIT,1701969579944,25.0,6.266
DOTUSDT,BUY,LIMIT,1701969582383,12.7,6.269
DOTUSDT,BUY,LIMIT,1701969618669,1.1,6.276
DOTUSDT,BUY,LIMIT,1701969619837,25.3,6.276
DOTUSDT,BUY,LIMIT,1701969631340,2.7,6.278
DOTUSDT,BUY,LIMIT,1701969640566,2000.0,6.286
DOTUSDT,BUY,LIMIT,1701969646553,3118.4,6.296
DOTUSDT,BUY,LIMIT,1701969660010,23.6,6.289
DOTUSDT,BUY,LIMIT,1701969712685,561.3,6.290
DOTUSDT,BUY,LIMIT,1701969758930,2.6,6.294
DOTUSDT,BUY,LIMIT,1701969878120,315.9,6.296
DOTUSDT,BUY,LIMIT,1701969880685,1.7,6.296
DOTUSDT,BUY,LIMIT,1701969882248,10.0,6.297
DOTUSDT,BUY,LIMIT,1701969887205,0.9,6.298
DOTUSDT,BUY,LIMIT,1701970207373,87.8,6.288
DOTUSDT,BUY,LIMIT,1701970243130,3.5,6.300
DOTUSDT,SELL,LIMIT,1701971016395,132.3,6.164
DOTUSDT,SELL,LIMIT,1701971060245,48.0,6.160
DOTUSDT,SELL,LIMIT,1701971061572,3.1,6.157
DOTUSDT,BUY,LIMIT,1701971578557,806.0,6.301
DOTUSDT,BUY,LIMIT,1701971591470,1.4,6.302
DOTUSDT,BUY,LIMIT,1701971603156,1005.5,6.306
DOTUSDT,BUY,LIMIT,1701971615119,0.9,6.312
DOTUSDT,BUY,LIMIT,1701971620125,11.3,6.316
DOTUSDT,BUY,LIMIT,1701971629124,200.0,6.322
DOTUSDT,BUY,LIMIT,1701971632761,65.6,6.323
DOTUSDT,BUY,LIMIT,1701971635168,27.8,6.327
DOTUSDT,BUY,LIMIT,1701971641260,295.7,6.330
DOTUSDT,BUY,LIMIT,1701971642394,37.9,6.329
DOTUSDT,BUY,LIMIT,1701971643491,32.4,6.334
DOTUSDT,BUY,LIMIT,1701971669339,1633.2,6.334
DOTUSDT,BUY,LIMIT,1701971707837,4.3,6.336
DOTUSDT,BUY,LIMIT,1701971737696,1334.8,6.337
DOTUSDT,BUY,LIMIT,1701971739525,11.0,6.339
DOTUSDT,BUY,LIMIT,1701971746758,10.9,6.342
DOTUSDT,BUY,LIMIT,1701971748046,1.0,6.343
DOTUSDT,BUY,LIMIT,1701971749426,7.2,6.343
DOTUSDT,BUY,LIMIT,1701971753363,108.6,6.344
DOTUSDT,BUY,LIMIT,1701971756119,1.9,6.345
DOTUSDT,SELL,LIMIT,1701974261256,86.5,6.212
DOTUSDT,SELL,LIMIT,1701974280171,9.2,6.205
DOTUSDT,BUY,LIMIT,1701974956521,7.5,6.285
DOTUSDT,SELL,LIMIT,1701976451787,238.4,6.160
DOTUSDT,SELL,LIMIT,1701976905151,55.3,6.140
DOTUSDT,SELL,LIMIT,1701977159354,6.3,6.133
DOTUSDT,SELL,LIMIT,1701977162074,124.6,6.131
DOTUSDT,SELL,LIMIT,1701977295658,3.6,6.118
DOTUSDT,BUY,LIMIT,1701979003200,288.7,6.248
DOTUSDT,BUY,LIMIT,1701979568198,179.7,6.268
DOTUSDT,BUY,LIMIT,1701979949078,91.1,6.283
DOTUSDT,SELL,LIMIT,1701981545854,1603.3,6.156
DOTUSDT,BUY,LIMIT,1701984196497,8095.0,6.305
DOTUSDT,BUY,LIMIT,1701984772156,70.8,6.316
DOTUSDT,BUY,LIMIT,1701985119669,9.1,6.315
DOTUSDT,SELL,LIMIT,1701985623022,149.1,6.238
DOTUSDT,SELL,LIMIT,1701988298861,23.8,6.186
DOTUSDT,SELL,LIMIT,1701988482311,411.0,6.173
DOTUSDT,BUY,LIMIT,1701992755341,7.8,6.303
DOTUSDT,BUY,LIMIT,1701992786332,0.9,6.305
DOTUSDT,BUY,LIMIT,1701994881222,82.0,6.305
DOTUSDT,SELL,LIMIT,1701997450568,26.8,6.153
DOTUSDT,SELL,LIMIT,1701997516044,5.9,6.151
DOTUSDT,SELL,LIMIT,1701997521025,79.7,6.148
DOTUSDT,SELL,LIMIT,1701997746547,619.1,6.137
DOTUSDT,SELL,LIMIT,1701997748338,234.4,6.135
DOTUSDT,SELL,LIMIT,1702003027554,3.9,6.160
DOTUSDT,BUY,LIMIT,1702003856986,7.7,6.213
DOTUSDT,SELL,LIMIT,1702005362141,8.7,6.178
DOTUSDT,BUY,LIMIT,1702005643159,30.3,6.269
DOTUSDT,BUY,LIMIT,1702005816564,52.7,6.270
DOTUSDT,BUY,LIMIT,1702006890307,162.9,6.274
DOTUSDT,BUY,LIMIT,1702006972181,400.0,6.281
DOTUSDT,BUY,LIMIT,1702007011916,51.5,6.282
DOTUSDT,BUY,LIMIT,1702008764554,1.2,6.286
DOTUSDT,BUY,LIMIT,1702008861814,1023.7,6.297
DOTUSDT,BUY,LIMIT,1702008885254,1.6,6.299
DOTUSDT,BUY,LIMIT,1702009453922,228.1,6.309
DOTUSDT,SELL,LIMIT,1702009486271,119.4,6.290
DOTUSDT,BUY,LIMIT,1702009596189,1678.9,6.316
DOTUSDT,BUY,LIMIT,1702009676987,122.4,6.314
DOTUSDT,BUY,LIMIT,1702009701607,143.8,6.318
DOTUSDT,BUY,LIMIT,1702010287323,948.2,6.308
DOTUSDT,BUY,LIMIT,1702011699193,30.8,6.342
DOTUSDT,BUY,LIMIT,1702015817844,46.4,6.347
DOTUSDT,BUY,LIMIT,1702015829228,35.2,6.348
DOTUSDT,BUY,LIMIT,1702015861651,1.6,6.353
DOTUSDT,BUY,LIMIT,1702015889771,1117.1,6.354
DOTUSDT,BUY,LIMIT,1702015896479,121.9,6.358
DOTUSDT,BUY,LIMIT,1702015899911,17.3,6.362
DOTUSDT,BUY,LIMIT,1702015901050,35.8,6.363
DOTUSDT,BUY,LIMIT,1702015902111,2.4,6.364
DOTUSDT,BUY,LIMIT,1702015915608,3.2,6.366
DOTUSDT,BUY,LIMIT,1702015946372,28.7,6.364
DOTUSDT,BUY,LIMIT,1702015987107,0.9,6.357
DOTUSDT,BUY,LIMIT,1702015989024,18.4,6.361
DOTUSDT,BUY,LIMIT,1702016067178,3.3,6.361
DOTUSDT,BUY,LIMIT,1702016068471,11.6,6.362
DOTUSDT,BUY,LIMIT,1702018127452,1.2,6.316
DOTUSDT,BUY,LIMIT,1702018380321,31.3,6.321
DOTUSDT,BUY,LIMIT,1702018470541,66.4,6.304
DOTUSDT,BUY,LIMIT,1702018624920,151.7,6.329
DOTUSDT,BUY,LIMIT,1702019033920,233.3,6.321
DOTUSDT,SELL,LIMIT,1702020117083,376.8,6.217
DOTUSDT,SELL,LIMIT,1702020146828,82.3,6.214
DOTUSDT,SELL,LIMIT,1702020224293,922.0,6.205
DOTUSDT,SELL,LIMIT,1702020530518,4.7,6.205
DOTUSDT,SELL,LIMIT,1702020632468,5.8,6.196
DOTUSDT,SELL,LIMIT,1702020640184,105.8,6.202
DOTUSDT,BUY,LIMIT,1702027265763,123.4,6.342
DOTUSDT,BUY,LIMIT,1702027309302,962.3,6.351
DOTUSDT,BUY,LIMIT,1702027376501,1.8,6.368
DOTUSDT,BUY,LIMIT,1702027378355,46.2,6.370
DOTUSDT,BUY,LIMIT,1702027379362,6.3,6.370
DOTUSDT,BUY,LIMIT,1702027391726,4.6,6.374
DOTUSDT,BUY,LIMIT,1702027405190,29.9,6.382
DOTUSDT,BUY,LIMIT,1702027407072,5.7,6.383
DOTUSDT,BUY,LIMIT,1702027413243,111.5,6.385
DOTUSDT,BUY,LIMIT,1702027436658,729.6,6.387
DOTUSDT,BUY,LIMIT,1702027441267,23.1,6.387
DOTUSDT,BUY,LIMIT,1702027452499,40.7,6.391
DOTUSDT,BUY,LIMIT,1702027456570,167.4,6.392
DOTUSDT,BUY,LIMIT,1702027479616,19.8,6.393
DOTUSDT,BUY,LIMIT,1702027481168,83.6,6.396
DOTUSDT,BUY,LIMIT,1702027501484,400.0,6.398
DOTUSDT,BUY,LIMIT,1702027503157,398.8,6.403
DOTUSDT,BUY,LIMIT,1702027509461,42.9,6.405
DOTUSDT,BUY,LIMIT,1702027510559,146.3,6.405
DOTUSDT,BUY,LIMIT,1702027512642,47.8,6.409
DOTUSDT,BUY,LIMIT,1702027519222,1.8,6.413
DOTUSDT,SELL,LIMIT,1702027737138,13.8,6.289
DOTUSDT,BUY,LIMIT,1702027944077,581.0,6.397
DOTUSDT,SELL,LIMIT,1702029188544,1.0,6.275
DOTUSDT,SELL,LIMIT,1702029213075,21.2,6.267
DOTUSDT,SELL,LIMIT,1702029606344,228.0,6.242
DOTUSDT,SELL,LIMIT,1702030708327,1581.0,6.230
DOTUSDT,BUY,LIMIT,1702033813994,79.2,6.341
DOTUSDT,BUY,LIMIT,1702034093268,8.7,6.355
DOTUSDT,BUY,LIMIT,1702034611416,766.6,6.353
DOTUSDT,BUY,LIMIT,1702034781243,388.8,6.352
DOTUSDT,SELL,LIMIT,1702034788417,51.6,6.357
DOTUSDT,BUY,LIMIT,1702034909932,248.6,6.356
DOTUSDT,BUY,LIMIT,1702034994720,2733.3,6.366
DOTUSDT,BUY,LIMIT,1702035162707,13.9,6.359
DOTUSDT,BUY,LIMIT,1702035405824,2.0,6.376
DOTUSDT,BUY,LIMIT,1702035442476,170.6,6.373
DOTUSDT,BUY,LIMIT,1702035452611,68.9,6.384
DOTUSDT,BUY,LIMIT,1702035734214,170.5,6.382
DOTUSDT,BUY,LIMIT,1702035965428,99.9,6.386
DOTUSDT,BUY,LIMIT,1702036163496,48.0,6.402
DOTUSDT,BUY,LIMIT,1702036300507,112.3,6.405
DOTUSDT,BUY,LIMIT,1702036324073,3.6,6.419
DOTUSDT,BUY,LIMIT,1702036325439,812.5,6.421
DOTUSDT,BUY,LIMIT,1702036432198,72.6,6.420
DOTUSDT,BUY,LIMIT,1702036584204,14.9,6.427
DOTUSDT,BUY,LIMIT,1702036850260,194.3,6.431
DOTUSDT,BUY,LIMIT,1702036862092,4.9,6.433
DOTUSDT,BUY,LIMIT,1702036954292,146.7,6.435
DOTUSDT,BUY,LIMIT,1702036956410,119.2,6.435
DOTUSDT,BUY,LIMIT,1702036997411,52.4,6.441
DOTUSDT,BUY,LIMIT,1702036999302,7.2,6.442
DOTUSDT,BUY,LIMIT,1702037189324,38.8,6.451
DOTUSDT,BUY,LIMIT,1702037200283,86.8,6.456
DOTUSDT,BUY,LIMIT,1702037205616,41.7,6.457
DOTUSDT,BUY,LIMIT,1702037210992,26714.7,6.524
DOTUSDT,BUY,LIMIT,1702037213263,378.4,6.462
DOTUSDT,BUY,LIMIT,1702037226333,212.5,6.463
DOTUSDT,BUY,LIMIT,1702037229191,137.4,6.468
DOTUSDT,BUY,LIMIT,1702037230236,14.9,6.470
DOTUSDT,BUY,LIMIT,1702037232541,1794.8,6.477
DOTUSDT,BUY,LIMIT,1702037236200,79.3,6.480
DOTUSDT,BUY,LIMIT,1702037354196,1880.2,6.488
DOTUSDT,BUY,LIMIT,1702037372004,1.1,6.484
DOTUSDT,BUY,LIMIT,1702037464606,15.8,6.489
DOTUSDT,BUY,LIMIT,1702037466438,9.8,6.490
DOTUSDT,BUY,LIMIT,1702037566898,60.0,6.492
DOTUSDT,BUY,LIMIT,1702037580110,94.7,6.494
DOTUSDT,BUY,LIMIT,1702037635169,3.7,6.497
DOTUSDT,BUY,LIMIT,1702037636330,66.0,6.499
DOTUSDT,BUY,LIMIT,1702037668124,4.1,6.500
DOTUSDT,BUY,LIMIT,1702037879419,76.8,6.484
DOTUSDT,BUY,LIMIT,1702037897059,554.6,6.494
DOTUSDT,BUY,LIMIT,1702037927372,54.9,6.505
DOTUSDT,BUY,LIMIT,1702037929425,5.0,6.506
DOTUSDT,BUY,LIMIT,1702037943834,3.3,6.510
DOTUSDT,BUY,LIMIT,1702037947269,190.5,6.511
DOTUSDT,BUY,LIMIT,1702037948361,19778.6,6.571
DOTUSDT,BUY,LIMIT,1702037966283,1331.1,6.515
DOTUSDT,BUY,LIMIT,1702037975232,966.6,6.518
DOTUSDT,BUY,LIMIT,1702037976258,140.0,6.518
DOTUSDT,BUY,LIMIT,1702037980982,32.2,6.519
DOTUSDT,BUY,LIMIT,1702037983131,4.8,6.520
DOTUSDT,BUY,LIMIT,1702037986158,115.4,6.521
DOTUSDT,BUY,LIMIT,1702038005574,6000.8,6.539
DOTUSDT,BUY,LIMIT,1702038009013,196.2,6.524
DOTUSDT,BUY,LIMIT,1702038010286,20.3,6.527
DOTUSDT,BUY,LIMIT,1702038016267,64.2,6.530
DOTUSDT,BUY,LIMIT,1702038018914,4.8,6.531
DOTUSDT,BUY,LIMIT,1702038021005,240.4,6.535
DOTUSDT,BUY,LIMIT,1702038025575,1362.9,6.537
DOTUSDT,BUY,LIMIT,1702038032823,15.0,6.539
DOTUSDT,BUY,LIMIT,1702038035513,144.8,6.540
DOTUSDT,BUY,LIMIT,1702038063139,1000.5,6.546
DOTUSDT,BUY,LIMIT,1702038070165,327.6,6.547
DOTUSDT,BUY,LIMIT,1702038076973,73.3,6.549
DOTUSDT,BUY,LIMIT,1702038078984,32.0,6.548
DOTUSDT,BUY,LIMIT,1702038082958,40.0,6.549
DOTUSDT,BUY,LIMIT,1702038178074,2.7,6.550
DOTUSDT,BUY,LIMIT,1702038185991,1.6,6.554
DOTUSDT,BUY,LIMIT,1702038189501,429.4,6.557
DOTUSDT,BUY,LIMIT,1702038192918,133.6,6.558
DOTUSDT,BUY,LIMIT,1702038196074,17.1,6.559
DOTUSDT,BUY,LIMIT,1702038330650,2.6,6.561
DOTUSDT,BUY,LIMIT,1702038335074,48.8,6.569
DOTUSDT,BUY,LIMIT,1702038336358,23.0,6.565
DOTUSDT,BUY,LIMIT,1702038353840,24.5,6.576
DOTUSDT,BUY,LIMIT,1702038359924,16.6,6.579
DOTUSDT,BUY,LIMIT,1702038361521,0.5,6.583
DOTUSDT,BUY,LIMIT,1702038379819,382.5,6.589
DOTUSDT,BUY,LIMIT,1702038425020,26.2,6.589
DOTUSDT,BUY,LIMIT,1702038427087,39.8,6.599
DOTUSDT,BUY,LIMIT,1702038428128,47.0,6.599
DOTUSDT,BUY,LIMIT,1702038429619,81.8,6.608
DOTUSDT,BUY,LIMIT,1702038431732,16.7,6.614
DOTUSDT,BUY,LIMIT,1702038433290,61.7,6.619
DOTUSDT,BUY,LIMIT,1702038434562,33.9,6.625
DOTUSDT,BUY,LIMIT,1702038435810,4.7,6.626
DOTUSDT,BUY,LIMIT,1702038437828,16.3,6.626
DOTUSDT,BUY,LIMIT,1702038439692,90.0,6.631
DOTUSDT,BUY,LIMIT,1702038441353,2801.1,6.643
DOTUSDT,BUY,LIMIT,1702038442393,13.9,6.642
DOTUSDT,BUY,LIMIT,1702038448250,34.5,6.651
DOTUSDT,BUY,LIMIT,1702038452415,8.4,6.654
DOTUSDT,BUY,LIMIT,1702038455785,110.4,6.658
DOTUSDT,BUY,LIMIT,1702038459093,461.1,6.679
DOTUSDT,BUY,LIMIT,1702038460112,135.6,6.669
DOTUSDT,BUY,LIMIT,1702038481100,502.9,6.668
DOTUSDT,SELL,LIMIT,1702038655224,976.8,6.549
DOTUSDT,SELL,LIMIT,1702038681419,267.7,6.530
DOTUSDT,BUY,LIMIT,1702039084394,1.0,6.657
DOTUSDT,BUY,LIMIT,1702039097274,39.9,6.664
DOTUSDT,BUY,LIMIT,1702039103326,2.9,6.668
DOTUSDT,BUY,LIMIT,1702039123137,7.9,6.675
DOTUSDT,SELL,LIMIT,1702039249544,40.7,6.545
DOTUSDT,SELL,LIMIT,1702040174157,1514.4,6.514
DOTUSDT,SELL,LIMIT,1702040192313,114.0,6.509
DOTUSDT,BUY,LIMIT,1702041283479,48.2,6.651
DOTUSDT,BUY,LIMIT,1702041694360,378.0,6.663
DOTUSDT,BUY,LIMIT,1702041696429,116.2,6.664
DOTUSDT,BUY,LIMIT,1702041745854,138.7,6.688
DOTUSDT,BUY,LIMIT,1702041760322,349.7,6.694
DOTUSDT,BUY,LIMIT,1702041935205,46.2,6.685
DOTUSDT,BUY,LIMIT,1702041970783,53.8,6.691
DOTUSDT,SELL,LIMIT,1702042234035,12.2,6.557
DOTUSDT,SELL,LIMIT,1702042238969,67.5,6.544
DOTUSDT,BUY,LIMIT,1702042982658,2.1,6.659
DOTUSDT,BUY,LIMIT,1702043343353,169.0,6.665
DOTUSDT,BUY,LIMIT,1702043476364,16.4,6.676
DOTUSDT,BUY,LIMIT,1702043552908,227.8,6.686
DOTUSDT,BUY,LIMIT,1702043701453,142.8,6.680
DOTUSDT,BUY,LIMIT,1702043880958,143.6,6.699
DOTUSDT,BUY,LIMIT,1702043891126,38.4,6.700
DOTUSDT,BUY,LIMIT,1702043894790,350.4,6.701
DOTUSDT,BUY,LIMIT,1702043901677,134.4,6.705
DOTUSDT,BUY,LIMIT,1702043909417,76.5,6.706
DOTUSDT,BUY,LIMIT,1702043922116,1718.2,6.712
DOTUSDT,BUY,LIMIT,1702043923368,24.9,6.710
DOTUSDT,BUY,LIMIT,1702043924623,0.9,6.714
DOTUSDT,BUY,LIMIT,1702043926160,1225.5,6.716
DOTUSDT,BUY,LIMIT,1702043927187,6.4,6.719
DOTUSDT,BUY,LIMIT,1702044018456,2.9,6.715
DOTUSDT,BUY,LIMIT,1702044047061,1.8,6.721
DOTUSDT,BUY,LIMIT,1702044056442,21.0,6.727
DOTUSDT,BUY,LIMIT,1702044059556,75.9,6.729
DOTUSDT,BUY,LIMIT,1702044064665,20.8,6.730
DOTUSDT,BUY,LIMIT,1702044066068,23.3,6.731
DOTUSDT,BUY,LIMIT,1702044082237,2.6,6.737
DOTUSDT,BUY,LIMIT,1702044083303,1.5,6.734
DOTUSDT,BUY,LIMIT,1702044085527,13.7,6.740
DOTUSDT,BUY,LIMIT,1702044094678,2.4,6.742
DOTUSDT,BUY,LIMIT,1702044213959,50.0,6.692
DOTUSDT,BUY,LIMIT,1702044930930,109.0,6.668
DOTUSDT,BUY,LIMIT,1702045055876,3.7,6.674
DOTUSDT,SELL,LIMIT,1702045532767,30.1,6.552
DOTUSDT,SELL,LIMIT,1702045578227,877.5,6.555
DOTUSDT,SELL,LIMIT,1702045610620,0.9,6.548
DOTUSDT,SELL,LIMIT,1702045624506,370.1,6.543
DOTUSDT,SELL,LIMIT,1702045625931,346.4,6.541
DOTUSDT,SELL,LIMIT,1702045630427,20.0,6.539
DOTUSDT,SELL,LIMIT,1702045860569,1506.4,6.535
DOTUSDT,SELL,LIMIT,1702045861810,355.3,6.533
DOTUSDT,BUY,LIMIT,1702045885455,451.3,6.622
DOTUSDT,BUY,LIMIT,1702045899894,55.6,6.626
DOTUSDT,BUY,LIMIT,1702047700059,220.1,6.685
DOTUSDT,BUY,LIMIT,1702048056125,1136.9,6.693
DOTUSDT,SELL,LIMIT,1702048617623,5.4,6.599
DOTUSDT,BUY,LIMIT,1702050454463,248.1,6.681
DOTUSDT,BUY,LIMIT,1702050456356,234.4,6.681
DOTUSDT,BUY,LIMIT,1702050520303,384.0,6.704
DOTUSDT,BUY,LIMIT,1702051076133,2.2,6.715
DOTUSDT,BUY,LIMIT,1702051253415,517.5,6.713
DOTUSDT,BUY,LIMIT,1702051257194,36.0,6.714
DOTUSDT,BUY,LIMIT,1702051270893,1138.9,6.716
DOTUSDT,BUY,LIMIT,1702051386904,16.9,6.716
DOTUSDT,BUY,LIMIT,1702051501763,11.4,6.703
DOTUSDT,BUY,LIMIT,1702051514586,1.7,6.707
DOTUSDT,BUY,LIMIT,1702051584165,3.9,6.694
DOTUSDT,BUY,LIMIT,1702051609463,220.1,6.728
DOTUSDT,BUY,LIMIT,1702051617014,7.6,6.742
DOTUSDT,BUY,LIMIT,1702051618707,357.5,6.743
DOTUSDT,BUY,LIMIT,1702051665300,4.5,6.749
DOTUSDT,BUY,LIMIT,1702051670155,7.6,6.752
DOTUSDT,BUY,LIMIT,1702051673459,8.6,6.753
DOTUSDT,BUY,LIMIT,1702051683466,11.0,6.760
DOTUSDT,BUY,LIMIT,1702051700135,188.4,6.777
DOTUSDT,BUY,LIMIT,1702051701195,49.8,6.771
DOTUSDT,BUY,LIMIT,1702051702314,1972.5,6.785
DOTUSDT,BUY,LIMIT,1702051724667,125.4,6.781
DOTUSDT,BUY,LIMIT,1702051727066,538.7,6.781
DOTUSDT,BUY,LIMIT,1702051730726,12.0,6.783
DOTUSDT,BUY,LIMIT,1702051734484,154.2,6.785
DOTUSDT,BUY,LIMIT,1702051737272,5.0,6.786
DOTUSDT,BUY,LIMIT,1702051752005,1.8,6.787
DOTUSDT,BUY,LIMIT,1702051759002,0.8,6.793
DOTUSDT,BUY,LIMIT,1702051763413,353.5,6.795
DOTUSDT,BUY,LIMIT,1702051772402,6.9,6.797
DOTUSDT,BUY,LIMIT,1702051779399,188.1,6.798
DOTUSDT,BUY,LIMIT,1702051781574,1.7,6.799
DOTUSDT,BUY,LIMIT,1702051903550,118.4,6.800
DOTUSDT,BUY,LIMIT,1702051921728,33.8,6.803
DOTUSDT,BUY,LIMIT,1702051927150,96.3,6.807
DOTUSDT,BUY,LIMIT,1702051949759,16.5,6.807
DOTUSDT,BUY,LIMIT,1702051979071,36.0,6.812
DOTUSDT,BUY,LIMIT,1702051980801,10.2,6.814
DOTUSDT,BUY,LIMIT,1702052010368,22.0,6.820
DOTUSDT,BUY,LIMIT,1702052011426,36.2,6.830
DOTUSDT,BUY,LIMIT,1702052016111,2439.8,6.841
DOTUSDT,BUY,LIMIT,1702052027428,3.3,6.831
DOTUSDT,BUY,LIMIT,1702052047395,1157.4,6.837
DOTUSDT,BUY,LIMIT,1702052161448,7.8,6.826
DOTUSDT,BUY,LIMIT,1702052231541,127.5,6.840
DOTUSDT,BUY,LIMIT,1702052234132,30.7,6.842
DOTUSDT,BUY,LIMIT,1702052235266,61.3,6.844
DOTUSDT,BUY,LIMIT,1702052255209,164.9,6.845
DOTUSDT,BUY,LIMIT,1702052256525,128.9,6.845
DOTUSDT,BUY,LIMIT,1702052259745,144.6,6.849
DOTUSDT,BUY,LIMIT,1702052530226,11.8,6.844
DOTUSDT,BUY,LIMIT,1702052601243,18.5,6.844
DOTUSDT,BUY,LIMIT,1702052679278,3.2,6.851
DOTUSDT,SELL,LIMIT,1702053289315,0.8,6.714
DOTUSDT,SELL,LIMIT,1702054032462,1470.3,6.712
DOTUSDT,SELL,LIMIT,1702054035976,18.3,6.710
DOTUSDT,SELL,LIMIT,1702054044206,15.6,6.707
DOTUSDT,SELL,LIMIT,1702054190654,548.2,6.700
DOTUSDT,SELL,LIMIT,1702054195357,217.7,6.696
DOTUSDT,SELL,LIMIT,1702054291004,28.1,6.690
DOTUSDT,SELL,LIMIT,1702054292412,1118.7,6.689
DOTUSDT,SELL,LIMIT,1702054424866,4045.2,6.664
DOTUSDT,SELL,LIMIT,1702054550238,12.2,6.664
DOTUSDT,SELL,LIMIT,1702054583737,1469.5,6.654
DOTUSDT,SELL,LIMIT,1702054584750,195.6,6.653
DOTUSDT,SELL,LIMIT,1702055010181,13.1,6.643
DOTUSDT,SELL,LIMIT,1702055241386,2.2,6.639
DOTUSDT,SELL,LIMIT,1702055259328,201.2,6.630
DOTUSDT,SELL,LIMIT,1702055269332,22.1,6.627
DOTUSDT,SELL,LIMIT,1702055289010,1.0,6.616
DOTUSDT,SELL,LIMIT,1702055291371,1411.9,6.614
DOTUSDT,SELL,LIMIT,1702055296612,132.1,6.609
DOTUSDT,SELL,LIMIT,1702055299384,401.5,6.607
DOTUSDT,SELL,LIMIT,1702055303914,31.6,6.604
DOTUSDT,SELL,LIMIT,1702055306824,269.3,6.603
DOTUSDT,SELL,LIMIT,1702055748410,67.8,6.603
DOTUSDT,BUY,LIMIT,1702056035835,0.1,0.000
DOTUSDT,SELL,LIMIT,1702056276463,595.8,6.617
DOTUSDT,SELL,LIMIT,1702056562147,108.1,6.606
DOTUSDT,SELL,LIMIT,1702058947024,968.8,6.593
DOTUSDT,SELL,LIMIT,1702060005434,0.8,6.580
DOTUSDT,SELL,LIMIT,1702060010066,22.3,6.578
DOTUSDT,SELL,LIMIT,1702060012411,28.4,6.577
DOTUSDT,SELL,LIMIT,1702060015240,134.3,6.577
DOTUSDT,BUY,LIMIT,1702060219093,7.7,6.680
DOTUSDT,SELL,LIMIT,1702060755535,99.5,6.568
DOTUSDT,SELL,LIMIT,1702060823415,26.2,6.569
DOTUSDT,SELL,LIMIT,1702061163230,24.0,6.560
DOTUSDT,BUY,LIMIT,1702065216391,41.9,6.700
DOTUSDT,BUY,LIMIT,1702065223048,189.8,6.702
DOTUSDT,BUY,LIMIT,1702065860586,150.0,6.688
DOTUSDT,BUY,LIMIT,1702065942715,24.8,6.705
DOTUSDT,BUY,LIMIT,1702066091781,9.4,6.704
DOTUSDT,BUY,LIMIT,1702066398805,30.0,6.722
DOTUSDT,BUY,LIMIT,1702067589493,185.1,6.730
DOTUSDT,BUY,LIMIT,1702068122038,1100.6,6.741
DOTUSDT,BUY,LIMIT,1702068150476,25.0,6.743
DOTUSDT,BUY,LIMIT,1702068619642,44.8,6.757
DOTUSDT,BUY,LIMIT,1702068652528,1.0,6.760
DOTUSDT,BUY,LIMIT,1702068983722,12.6,6.753
DOTUSDT,SELL,LIMIT,1702069043525,1.6,6.670
DOTUSDT,BUY,LIMIT,1702069078918,7.7,6.753
DOTUSDT,BUY,LIMIT,1702070895513,149.0,6.744
DOTUSDT,BUY,LIMIT,1702072317361,1.1,6.764
DOTUSDT,BUY,LIMIT,1702072332140,43.8,6.773
DOTUSDT,BUY,LIMIT,1702072477090,8.3,6.778
DOTUSDT,BUY,LIMIT,1702072486545,1.9,6.784
DOTUSDT,BUY,LIMIT,1702072671666,33.9,6.777
DOTUSDT,BUY,LIMIT,1702072804331,1350.0,6.787
DOTUSDT,BUY,LIMIT,1702072824419,91.8,6.782
DOTUSDT,BUY,LIMIT,1702073910157,72.2,6.806
DOTUSDT,BUY,LIMIT,1702073940809,15.4,6.812
DOTUSDT,BUY,LIMIT,1702075534410,304.2,6.812
DOTUSDT,BUY,LIMIT,1702076613062,29.8,6.836
DOTUSDT,BUY,LIMIT,1702076818267,1479.0,6.847
DOTUSDT,BUY,LIMIT,1702076821007,93.8,6.847
DOTUSDT,BUY,LIMIT,1702076844178,1.9,6.849
DOTUSDT,BUY,LIMIT,1702077263446,47.9,6.864
DOTUSDT,BUY,LIMIT,1702077400328,352.4,6.869
DOTUSDT,BUY,LIMIT,1702077408174,2.4,6.872
DOTUSDT,BUY,LIMIT,1702077438076,85.6,6.874
DOTUSDT,BUY,LIMIT,1702077439280,4.0,6.876
DOTUSDT,BUY,LIMIT,1702077440407,234.9,6.876
DOTUSDT,BUY,LIMIT,1702077442684,13.9,6.876
DOTUSDT,BUY,LIMIT,1702077445340,45.0,6.877
DOTUSDT,BUY,LIMIT,1702077462790,162.9,6.880
DOTUSDT,BUY,LIMIT,1702077482191,127.9,6.886
DOTUSDT,BUY,LIMIT,1702077485068,544.2,6.887
DOTUSDT,BUY,LIMIT,1702077495340,5.0,6.887
DOTUSDT,BUY,LIMIT,1702077529438,12.9,6.891
DOTUSDT,BUY,LIMIT,1702077534553,163.8,6.892
DOTUSDT,BUY,LIMIT,1702077538788,20.1,6.895
DOTUSDT,BUY,LIMIT,1702077615641,97.0,6.898
DOTUSDT,BUY,LIMIT,1702077628343,1912.3,6.909
DOTUSDT,BUY,LIMIT,1702077630603,175.3,6.904
DOTUSDT,BUY,LIMIT,1702077631850,13.6,6.905
DOTUSDT,BUY,LIMIT,1702077635733,13.7,6.907
DOTUSDT,BUY,LIMIT,1702077637257,128.6,6.907
DOTUSDT,BUY,LIMIT,1702077655194,4.5,6.911
DOTUSDT,BUY,LIMIT,1702077656350,597.8,6.912
DOTUSDT,BUY,LIMIT,1702077663395,67.3,6.918
DOTUSDT,BUY,LIMIT,1702077675079,988.6,6.918
DOTUSDT,BUY,LIMIT,1702077677523,21.0,6.919
DOTUSDT,BUY,LIMIT,1702077761185,54.0,6.927
DOTUSDT,BUY,LIMIT,1702077940582,116.8,6.921
DOTUSDT,BUY,LIMIT,1702078106065,110.4,6.927
DOTUSDT,BUY,LIMIT,1702078115016,2750.1,6.941
DOTUSDT,BUY,LIMIT,1702078116608,1.5,6.930
DOTUSDT,BUY,LIMIT,1702078123699,2023.4,6.941
DOTUSDT,BUY,LIMIT,1702078130972,746.2,6.938
DOTUSDT,BUY,LIMIT,1702078134052,1.0,6.942
DOTUSDT,BUY,LIMIT,1702078142326,15.1,6.943
DOTUSDT,BUY,LIMIT,1702078158339,78.4,6.945
DOTUSDT,BUY,LIMIT,1702078160430,142.7,6.947
DOTUSDT,BUY,LIMIT,1702078165086,25.0,6.949
DOTUSDT,BUY,LIMIT,1702078166749,6.5,6.950
DOTUSDT,BUY,LIMIT,1702078168878,340.1,6.953
DOTUSDT,BUY,LIMIT,1702078178714,103.7,6.956
DOTUSDT,BUY,LIMIT,1702078203668,227.8,6.958
DOTUSDT,BUY,LIMIT,1702078491476,108.6,6.937
DOTUSDT,BUY,LIMIT,1702078502987,0.9,6.940
DOTUSDT,BUY,LIMIT,1702078554813,123.3,6.947
DOTUSDT,BUY,LIMIT,1702078609448,29.7,6.942
DOTUSDT,BUY,LIMIT,1702078982873,1.8,6.961
DOTUSDT,SELL,LIMIT,1702079243756,648.3,6.817
DOTUSDT,BUY,LIMIT,1702080235703,36.1,6.886
DOTUSDT,BUY,LIMIT,1702080276822,22.0,6.891
DOTUSDT,BUY,LIMIT,1702080372170,239.9,6.899
DOTUSDT,BUY,LIMIT,1702080390884,232.9,6.910
DOTUSDT,BUY,LIMIT,1702080457005,3.6,6.934
DOTUSDT,BUY,LIMIT,1702080485048,359.1,6.946
DOTUSDT,BUY,LIMIT,1702080562263,8.2,6.960
DOTUSDT,BUY,LIMIT,1702080568881,45.7,6.964
DOTUSDT,BUY,LIMIT,1702080576169,5.6,6.967
DOTUSDT,BUY,LIMIT,1702080581197,320.9,6.969
DOTUSDT,BUY,LIMIT,1702080607939,133.6,6.972
DOTUSDT,BUY,LIMIT,1702080644138,2.0,6.975
DOTUSDT,BUY,LIMIT,1702081100573,350.4,6.979
DOTUSDT,BUY,LIMIT,1702081103553,98.1,6.980
DOTUSDT,BUY,LIMIT,1702081105196,0.4,6.981
DOTUSDT,BUY,LIMIT,1702081143190,29.4,6.989
DOTUSDT,BUY,LIMIT,1702081161467,123.6,6.990
DOTUSDT,BUY,LIMIT,1702081162556,164.8,6.991
DOTUSDT,BUY,LIMIT,1702081177175,1448.8,6.993
DOTUSDT,BUY,LIMIT,1702081180141,620.9,6.999
DOTUSDT,BUY,LIMIT,1702081183103,138.5,7.005
DOTUSDT,BUY,LIMIT,1702081186060,21.9,7.007
DOTUSDT,BUY,LIMIT,1702081187395,81.0,7.007
DOTUSDT,BUY,LIMIT,1702081200266,15.2,7.010
DOTUSDT,BUY,LIMIT,1702081205960,39.8,7.015
DOTUSDT,BUY,LIMIT,1702081224328,111.2,7.019
DOTUSDT,BUY,LIMIT,1702081227172,57.6,7.024
DOTUSDT,BUY,LIMIT,1702081229402,0.9,7.028
DOTUSDT,BUY,LIMIT,1702081247334,6.8,7.030
DOTUSDT,BUY,LIMIT,1702081248831,6.0,7.030
DOTUSDT,BUY,LIMIT,1702081279376,22.4,7.025
DOTUSDT,BUY,LIMIT,1702081403994,15.0,7.020
DOTUSDT,BUY,LIMIT,1702081464089,89.0,7.034
DOTUSDT,BUY,LIMIT,1702081506163,15.1,7.037
DOTUSDT,BUY,LIMIT,1702081507471,0.8,7.036
DOTUSDT,BUY,LIMIT,1702081510469,1.0,7.038
DOTUSDT,BUY,LIMIT,1702081539531,155.4,7.044
DOTUSDT,BUY,LIMIT,1702081552023,113.2,7.046
DOTUSDT,BUY,LIMIT,1702081555179,184.5,7.045
DOTUSDT,BUY,LIMIT,1702081578458,119.6,7.045
DOTUSDT,BUY,LIMIT,1702081589511,20.0,7.048
DOTUSDT,BUY,LIMIT,1702081596088,8230.0,7.080
DOTUSDT,BUY,LIMIT,1702081610616,6.4,7.056
DOTUSDT,BUY,LIMIT,1702081612165,68.4,7.058
DOTUSDT,BUY,LIMIT,1702081613373,27.9,7.061
DOTUSDT,BUY,LIMIT,1702081614600,1000.0,7.063
DOTUSDT,BUY,LIMIT,1702081616521,46.3,7.067
DOTUSDT,BUY,LIMIT,1702081618055,4646.5,7.089
DOTUSDT,BUY,LIMIT,1702081619493,34.6,7.077
DOTUSDT,BUY,LIMIT,1702081621586,123.1,7.079
DOTUSDT,BUY,LIMIT,1702081622936,14.4,7.079
DOTUSDT,BUY,LIMIT,1702081624190,73.8,7.084
DOTUSDT,BUY,LIMIT,1702081625291,198.7,7.088
DOTUSDT,BUY,LIMIT,1702081626337,76.1,7.091
DOTUSDT,BUY,LIMIT,1702081629166,300.8,7.096
DOTUSDT,BUY,LIMIT,1702081630519,73.9,7.096
DOTUSDT,BUY,LIMIT,1702081631891,93.2,7.100
DOTUSDT,BUY,LIMIT,1702081633170,12.3,7.103
DOTUSDT,BUY,LIMIT,1702081635436,5.0,7.111
DOTUSDT,BUY,LIMIT,1702081639112,12.4,7.111
DOTUSDT,BUY,LIMIT,1702081640979,455.7,7.112
DOTUSDT,BUY,LIMIT,1702081642361,50.4,7.116
DOTUSDT,BUY,LIMIT,1702081644040,75.4,7.122
DOTUSDT,BUY,LIMIT,1702081645585,212.0,7.128
DOTUSDT,BUY,LIMIT,1702081647041,8.7,7.135
DOTUSDT,BUY,LIMIT,1702081649091,2.9,7.140
DOTUSDT,BUY,LIMIT,1702081652298,258.9,7.145
DOTUSDT,BUY,LIMIT,1702081653328,297.5,7.144
DOTUSDT,BUY,LIMIT,1702081655021,277.4,7.150
DOTUSDT,BUY,LIMIT,1702081657354,22.2,7.151
DOTUSDT,BUY,LIMIT,1702081658362,185.3,7.156
DOTUSDT,BUY,LIMIT,1702081660295,19.8,7.161
DOTUSDT,BUY,LIMIT,1702081661324,1.5,7.162
DOTUSDT,BUY,LIMIT,1702081663162,12.3,7.179
DOTUSDT,BUY,LIMIT,1702081664225,25.6,7.180
DOTUSDT,BUY,LIMIT,1702081665295,4.1,7.185
DOTUSDT,BUY,LIMIT,1702081674183,10.0,7.173
DOTUSDT,BUY,LIMIT,1702081734869,346.3,7.163
DOTUSDT,BUY,LIMIT,1702081761296,100.0,7.185
DOTUSDT,BUY,LIMIT,1702081762826,10.6,7.187
DOTUSDT,BUY,LIMIT,1702081765534,230.0,7.189
DOTUSDT,BUY,LIMIT,1702081767992,0.2,7.199
DOTUSDT,BUY,LIMIT,1702081770211,100.0,7.208
DOTUSDT,BUY,LIMIT,1702081774508,18939.0,7.279
DOTUSDT,BUY,LIMIT,1702081775583,71.0,7.214
DOTUSDT,BUY,LIMIT,1702081781495,15.6,7.218
DOTUSDT,BUY,LIMIT,1702081785370,174.7,7.222
DOTUSDT,BUY,LIMIT,1702081861528,94.4,7.213
DOTUSDT,BUY,LIMIT,1702081866805,281.5,7.222
DOTUSDT,BUY,LIMIT,1702081868301,326.1,7.225
DOTUSDT,BUY,LIMIT,1702081869306,3.3,7.229
DOTUSDT,BUY,LIMIT,1702081871581,3.3,7.231
DOTUSDT,BUY,LIMIT,1702081873517,728.1,7.233
DOTUSDT,SELL,LIMIT,1702082011409,281.7,7.072
DOTUSDT,SELL,LIMIT,1702082015355,6.7,7.066
DOTUSDT,SELL,LIMIT,1702082214598,1398.0,7.056
DOTUSDT,BUY,LIMIT,1702082441745,20.1,7.219
DOTUSDT,BUY,LIMIT,1702082454161,86.6,7.223
DOTUSDT,BUY,LIMIT,1702082474331,49.5,7.237
DOTUSDT,BUY,LIMIT,1702082494395,158.9,7.225
DOTUSDT,BUY,LIMIT,1702082546540,30.3,7.240
DOTUSDT,BUY,LIMIT,1702082550283,1580.5,7.248
DOTUSDT,BUY,LIMIT,1702082590775,58.1,7.247
DOTUSDT,BUY,LIMIT,1702082592457,154.4,7.249
DOTUSDT,BUY,LIMIT,1702082601329,61.3,7.250
DOTUSDT,BUY,LIMIT,1702082606660,36.8,7.252
DOTUSDT,BUY,LIMIT,1702082628878,50.1,7.237
DOTUSDT,BUY,LIMIT,1702082926363,2.5,7.246
DOTUSDT,BUY,LIMIT,1702082928683,203.1,7.252
DOTUSDT,BUY,LIMIT,1702082937077,381.4,7.254
DOTUSDT,BUY,LIMIT,1702082941718,10.4,7.261
DOTUSDT,BUY,LIMIT,1702082943105,23.4,7.262
DOTUSDT,BUY,LIMIT,1702082944462,29.7,7.265
DOTUSDT,BUY,LIMIT,1702082945544,11.5,7.270
DOTUSDT,BUY,LIMIT,1702082947457,271.5,7.270
DOTUSDT,BUY,LIMIT,1702082954159,91.0,7.275
DOTUSDT,BUY,LIMIT,1702082955772,50.0,7.277
DOTUSDT,BUY,LIMIT,1702082960361,1.0,7.281
DOTUSDT,BUY,LIMIT,1702082965766,1447.8,7.285
DOTUSDT,BUY,LIMIT,1702082972318,7.2,7.287
DOTUSDT,BUY,LIMIT,1702082973493,15.1,7.290
DOTUSDT,BUY,LIMIT,1702082974937,186.5,7.292
DOTUSDT,BUY,LIMIT,1702082977090,414.6,7.293
DOTUSDT,BUY,LIMIT,1702082978411,24.9,7.295
DOTUSDT,BUY,LIMIT,1702082981076,65.0,7.298
DOTUSDT,BUY,LIMIT,1702082983282,14.2,7.300
DOTUSDT,BUY,LIMIT,1702082984370,8.4,7.301
DOTUSDT,BUY,LIMIT,1702082988218,52.1,7.307
DOTUSDT,BUY,LIMIT,1702082990059,29.5,7.310
DOTUSDT,BUY,LIMIT,1702082994786,127.0,7.313
DOTUSDT,BUY,LIMIT,1702082996548,235.0,7.314
DOTUSDT,BUY,LIMIT,1702082997678,9.1,7.320
DOTUSDT,BUY,LIMIT,1702083083117,88.3,7.321
DOTUSDT,BUY,LIMIT,1702083084202,8.6,7.324
DOTUSDT,BUY,LIMIT,1702083086203,224.2,7.328
DOTUSDT,BUY,LIMIT,1702083088418,327.1,7.329
DOTUSDT,BUY,LIMIT,1702083103976,15.3,7.332
DOTUSDT,BUY,LIMIT,1702083125928,34.1,7.333
DOTUSDT,BUY,LIMIT,1702083151155,332.5,7.336
DOTUSDT,BUY,LIMIT,1702083152365,23.8,7.339
DOTUSDT,BUY,LIMIT,1702083154042,35.7,7.340
DOTUSDT,BUY,LIMIT,1702083155141,23.8,7.342
DOTUSDT,BUY,LIMIT,1702083156341,94.5,7.347
DOTUSDT,BUY,LIMIT,1702083160407,9.1,7.348
DOTUSDT,BUY,LIMIT,1702083162173,95.0,7.353
DOTUSDT,BUY,LIMIT,1702083165466,0.9,7.357
DOTUSDT,BUY,LIMIT,1702083167503,75.3,7.360
DOTUSDT,BUY,LIMIT,1702083168527,156.4,7.361
DOTUSDT,BUY,LIMIT,1702083169881,99.3,7.365
DOTUSDT,BUY,LIMIT,1702083174945,45.6,7.363
DOTUSDT,BUY,LIMIT,1702083190092,125.4,7.364
DOTUSDT,BUY,LIMIT,1702083191398,50.1,7.366
DOTUSDT,BUY,LIMIT,1702083192457,223.8,7.369
DOTUSDT,BUY,LIMIT,1702083193536,592.2,7.369
DOTUSDT,BUY,LIMIT,1702083197223,14.9,7.369
DOTUSDT,BUY,LIMIT,1702083198363,25.9,7.370
DOTUSDT,BUY,LIMIT,1702083209366,14.0,7.376
DOTUSDT,BUY,LIMIT,1702083212278,29.9,7.380
DOTUSDT,BUY,LIMIT,1702083213365,320.0,7.382
DOTUSDT,BUY,LIMIT,1702083215263,22.7,7.387
DOTUSDT,BUY,LIMIT,1702083216338,53.0,7.393
DOTUSDT,BUY,LIMIT,1702083217502,54.4,7.396
DOTUSDT,BUY,LIMIT,1702083218548,10.0,7.400
DOTUSDT,BUY,LIMIT,1702083220411,18.3,7.408
DOTUSDT,BUY,LIMIT,1702083222468,4.7,7.413
DOTUSDT,BUY,LIMIT,1702083224917,80.6,7.420
DOTUSDT,BUY,LIMIT,1702083227186,45.6,7.426
DOTUSDT,BUY,LIMIT,1702083228487,10.2,7.420
DOTUSDT,BUY,LIMIT,1702083240247,128.4,7.433
DOTUSDT,BUY,LIMIT,1702083241459,162.5,7.434
DOTUSDT,BUY,LIMIT,1702083244144,50.0,7.437
DOTUSDT,BUY,LIMIT,1702083246674,44.7,7.437
DOTUSDT,BUY,LIMIT,1702083266451,91.1,7.444
DOTUSDT,SELL,LIMIT,1702083340226,37.5,7.290
DOTUSDT,BUY,LIMIT,1702083486060,17.7,7.442
DOTUSDT,BUY,LIMIT,1702083490110,4986.4,7.464
DOTUSDT,BUY,LIMIT,1702083491221,671.8,7.451
DOTUSDT,BUY,LIMIT,1702083497541,5.9,7.455
DOTUSDT,BUY,LIMIT,1702083499341,100.0,7.461
DOTUSDT,BUY,LIMIT,1702083500396,82.0,7.476
DOTUSDT,BUY,LIMIT,1702083501482,28.6,7.473
DOTUSDT,BUY,LIMIT,1702083503674,2.2,7.485
DOTUSDT,BUY,LIMIT,1702083511084,24.6,7.487
DOTUSDT,BUY,LIMIT,1702083512355,744.2,7.486
DOTUSDT,BUY,LIMIT,1702083513736,14.6,7.490
DOTUSDT,BUY,LIMIT,1702083517860,11.0,7.494
DOTUSDT,BUY,LIMIT,1702083590513,32.3,7.491
DOTUSDT,SELL,LIMIT,1702083824358,670.9,7.341
DOTUSDT,SELL,LIMIT,1702083825444,430.1,7.337
DOTUSDT,SELL,LIMIT,1702083831287,28.1,7.319
DOTUSDT,SELL,LIMIT,1702083835099,249.5,7.305
DOTUSDT,SELL,LIMIT,1702083857074,35.3,7.286
DOTUSDT,SELL,LIMIT,1702083858119,0.7,7.286
DOTUSDT,SELL,LIMIT,1702083867114,28.4,7.278
DOTUSDT,SELL,LIMIT,1702083875322,291.9,7.267
DOTUSDT,SELL,LIMIT,1702083975898,96.9,7.255
DOTUSDT,SELL,LIMIT,1702084090368,6.7,7.229
DOTUSDT,SELL,LIMIT,1702084098258,54.5,7.208
DOTUSDT,SELL,LIMIT,1702084101868,0.8,7.206
DOTUSDT,SELL,LIMIT,1702084104215,46.1,7.199
DOTUSDT,SELL,LIMIT,1702084203188,16.9,7.173
DOTUSDT,SELL,LIMIT,1702084206199,20.2,7.169
DOTUSDT,SELL,LIMIT,1702084207524,114.1,7.166
DOTUSDT,SELL,LIMIT,1702084209915,4.3,7.164
DOTUSDT,SELL,LIMIT,1702084211069,376.6,7.159
DOTUSDT,SELL,LIMIT,1702084212335,3.4,7.154
DOTUSDT,SELL,LIMIT,1702084217630,1.4,7.152
DOTUSDT,BUY,LIMIT,1702084362144,1.6,7.343
DOTUSDT,SELL,LIMIT,1702084496842,3.2,7.202
DOTUSDT,BUY,LIMIT,1702084556004,1.7,7.351
DOTUSDT,BUY,LIMIT,1702084567224,43.5,7.354
DOTUSDT,BUY,LIMIT,1702085539572,9.9,7.378
DOTUSDT,BUY,LIMIT,1702085548309,3.7,7.388
DOTUSDT,BUY,LIMIT,1702085555500,88.1,7.394
DOTUSDT,BUY,LIMIT,1702085630207,999.4,7.421
DOTUSDT,BUY,LIMIT,1702085632749,176.9,7.423
DOTUSDT,BUY,LIMIT,1702085901360,83.2,7.410
DOTUSDT,BUY,LIMIT,1702086308163,64.3,7.448
DOTUSDT,SELL,LIMIT,1702086671175,5.7,7.296
DOTUSDT,SELL,LIMIT,1702086732126,1.2,7.271
DOTUSDT,SELL,LIMIT,1702086744950,36.9,7.265
DOTUSDT,SELL,LIMIT,1702086985469,129.3,7.252
DOTUSDT,BUY,LIMIT,1702087628821,17.3,7.412
DOTUSDT,BUY,LIMIT,1702087662194,27.9,7.432
DOTUSDT,BUY,LIMIT,1702087796187,100.0,7.483
DOTUSDT,SELL,LIMIT,1702088311816,5.3,7.335
DOTUSDT,SELL,LIMIT,1702088318415,54.8,7.319
DOTUSDT,SELL,LIMIT,1702089090113,23.5,7.292
DOTUSDT,SELL,LIMIT,1702089201894,11.2,7.281
DOTUSDT,SELL,LIMIT,1702089390687,1.4,7.267
DOTUSDT,SELL,LIMIT,1702089520495,136.1,7.264
DOTUSDT,SELL,LIMIT,1702089521509,0.8,7.265
DOTUSDT,BUY,LIMIT,1702091411171,11.8,7.418
DOTUSDT,BUY,LIMIT,1702091440387,70.7,7.431
DOTUSDT,BUY,LIMIT,1702091442997,25.2,7.432
DOTUSDT,BUY,LIMIT,1702091509349,386.7,7.440
DOTUSDT,BUY,LIMIT,1702091601107,388.4,7.447
DOTUSDT,BUY,LIMIT,1702091727483,301.7,7.447
DOTUSDT,BUY,LIMIT,1702091786659,3.1,7.441
DOTUSDT,BUY,LIMIT,1702091788085,28.0,7.455
DOTUSDT,BUY,LIMIT,1702091899206,1354.6,7.462
DOTUSDT,BUY,LIMIT,1702091915328,13.6,7.475
DOTUSDT,BUY,LIMIT,1702091916651,213.8,7.476
DOTUSDT,BUY,LIMIT,1702091921368,11.9,7.481
DOTUSDT,BUY,LIMIT,1702091926166,2.8,7.481
DOTUSDT,BUY,LIMIT,1702091928370,5.2,7.502
DOTUSDT,BUY,LIMIT,1702091933164,20.7,7.508
DOTUSDT,BUY,LIMIT,1702091934917,102.0,7.510
DOTUSDT,BUY,LIMIT,1702091938769,19.6,7.517
DOTUSDT,BUY,LIMIT,1702091941248,10.0,7.524
DOTUSDT,BUY,LIMIT,1702091942354,1.0,7.526
DOTUSDT,BUY,LIMIT,1702091949914,39.4,7.527
DOTUSDT,BUY,LIMIT,1702091956843,5.8,7.532
DOTUSDT,BUY,LIMIT,1702091959079,50.0,7.534
DOTUSDT,BUY,LIMIT,1702091960259,29.2,7.533
DOTUSDT,BUY,LIMIT,1702091968943,71.4,7.542
DOTUSDT,BUY,LIMIT,1702091969986,8.7,7.542
DOTUSDT,BUY,LIMIT,1702091974484,145.4,7.544
DOTUSDT,BUY,LIMIT,1702091975846,237.7,7.546
DOTUSDT,BUY,LIMIT,1702091977302,75.0,7.550
DOTUSDT,BUY,LIMIT,1702092059354,176.1,7.554
DOTUSDT,BUY,LIMIT,1702092061019,193.8,7.556
DOTUSDT,BUY,LIMIT,1702092062218,1004.1,7.565
DOTUSDT,BUY,LIMIT,1702092063373,103.4,7.566
DOTUSDT,BUY,LIMIT,1702092066925,596.4,7.568
DOTUSDT,SELL,LIMIT,1702092167875,0.7,7.407
DOTUSDT,BUY,LIMIT,1702092344064,120.3,7.541
DOTUSDT,SELL,LIMIT,1702092396109,8.7,7.397
DOTUSDT,SELL,LIMIT,1702092397557,10.0,7.396
DOTUSDT,BUY,LIMIT,1702092600258,40.0,7.500
DOTUSDT,BUY,LIMIT,1702092602375,22.4,7.497
DOTUSDT,BUY,LIMIT,1702093177631,607.0,7.504
DOTUSDT,SELL,LIMIT,1702093728624,56.0,7.374
DOTUSDT,SELL,LIMIT,1702094356784,13.9,7.372
DOTUSDT,BUY,LIMIT,1702094628258,323.1,7.511
DOTUSDT,BUY,LIMIT,1702094630197,5.0,7.489
DOTUSDT,BUY,LIMIT,1702094633479,822.0,7.514
DOTUSDT,SELL,LIMIT,1702094640017,0.8,7.420
DOTUSDT,SELL,LIMIT,1702094794773,4.7,7.415
DOTUSDT,SELL,LIMIT,1702095074476,1.0,7.369
DOTUSDT,SELL,LIMIT,1702095306645,58.8,7.365
DOTUSDT,SELL,LIMIT,1702095308489,4.0,7.360
DOTUSDT,SELL,LIMIT,1702095335422,10.0,7.354
DOTUSDT,SELL,LIMIT,1702095347263,164.9,7.346
DOTUSDT,BUY,LIMIT,1702095779964,269.0,7.482
DOTUSDT,BUY,LIMIT,1702095823147,33.7,7.500
DOTUSDT,BUY,LIMIT,1702096104545,88.7,7.536
DOTUSDT,BUY,LIMIT,1702096120000,4.1,7.539
DOTUSDT,BUY,LIMIT,1702096128162,13.7,7.543
DOTUSDT,BUY,LIMIT,1702096174310,300.7,7.548
DOTUSDT,BUY,LIMIT,1702096264162,782.7,7.560
DOTUSDT,BUY,LIMIT,1702096265212,529.2,7.558
DOTUSDT,BUY,LIMIT,1702096330510,13.5,7.568
DOTUSDT,BUY,LIMIT,1702096333696,1704.6,7.575
DOTUSDT,BUY,LIMIT,1702096383533,608.9,7.578
DOTUSDT,BUY,LIMIT,1702096391302,23.1,7.582
DOTUSDT,BUY,LIMIT,1702096392408,57.0,7.583
DOTUSDT,BUY,LIMIT,1702096518693,33.4,7.574
DOTUSDT,SELL,LIMIT,1702096521068,1.5,7.474
DOTUSDT,SELL,LIMIT,1702097043150,23.7,7.432
DOTUSDT,SELL,LIMIT,1702097055376,331.8,7.427
DOTUSDT,BUY,LIMIT,1702097547505,4.1,7.551
DOTUSDT,BUY,LIMIT,1702097662665,315.4,7.532
DOTUSDT,BUY,LIMIT,1702097843424,30.0,7.541
DOTUSDT,BUY,LIMIT,1702097849637,12.6,7.546
DOTUSDT,SELL,LIMIT,1702097852032,2.0,7.464
DOTUSDT,BUY,LIMIT,1702098156183,10.0,7.547
DOTUSDT,SELL,LIMIT,1702098488425,186.2,7.409
DOTUSDT,BUY,LIMIT,1702098917587,97.4,7.564
DOTUSDT,SELL,LIMIT,1702099181587,663.9,7.429
DOTUSDT,SELL,LIMIT,1702099246970,3.6,7.408
DOTUSDT,SELL,LIMIT,1702099274956,42.3,7.406
DOTUSDT,SELL,LIMIT,1702099281632,513.8,7.404
DOTUSDT,SELL,LIMIT,1702099297423,5.1,7.396
DOTUSDT,SELL,LIMIT,1702099324672,5.7,7.392
DOTUSDT,SELL,LIMIT,1702099327531,27.1,7.387
DOTUSDT,SELL,LIMIT,1702100914216,16.1,7.368
DOTUSDT,SELL,LIMIT,1702100919231,22.6,7.366
DOTUSDT,SELL,LIMIT,1702100982273,669.8,7.362
DOTUSDT,BUY,LIMIT,1702101204887,182.9,7.457
DOTUSDT,SELL,LIMIT,1702101329093,700.1,7.358
DOTUSDT,SELL,LIMIT,1702101416637,206.1,7.355
DOTUSDT,BUY,LIMIT,1702101908551,26.2,7.507
DOTUSDT,SELL,LIMIT,1702102094293,42.3,7.357
DOTUSDT,BUY,LIMIT,1702102153620,0.8,7.446
DOTUSDT,SELL,LIMIT,1702102196135,28.4,7.349
DOTUSDT,SELL,LIMIT,1702102200147,1232.8,7.341
DOTUSDT,BUY,LIMIT,1702102399786,64.5,7.453
DOTUSDT,SELL,LIMIT,1702102501271,339.5,7.340
DOTUSDT,SELL,LIMIT,1702102503293,18.3,7.335
DOTUSDT,BUY,LIMIT,1702102809508,222.1,7.495
DOTUSDT,BUY,LIMIT,1702102929864,74.4,7.489
DOTUSDT,BUY,LIMIT,1702102938562,21.2,7.490
DOTUSDT,BUY,LIMIT,1702103366887,40.0,7.497
DOTUSDT,BUY,LIMIT,1702103596062,1.5,7.487
DOTUSDT,BUY,LIMIT,1702103621320,16.8,7.491
DOTUSDT,BUY,LIMIT,1702103625097,1805.4,7.504
DOTUSDT,BUY,LIMIT,1702103639002,122.2,7.502
DOTUSDT,BUY,LIMIT,1702104704771,1.9,7.519
DOTUSDT,BUY,LIMIT,1702105632771,1.4,7.530
DOTUSDT,BUY,LIMIT,1702105645787,154.8,7.531
DOTUSDT,BUY,LIMIT,1702105656930,13.1,7.536
DOTUSDT,BUY,LIMIT,1702105695650,226.2,7.540
DOTUSDT,BUY,LIMIT,1702105876224,0.3,7.529
DOTUSDT,BUY,LIMIT,1702106031105,1.4,7.537
DOTUSDT,BUY,LIMIT,1702106074902,5.9,7.544
DOTUSDT,BUY,LIMIT,1702106682662,1.6,7.547
DOTUSDT,BUY,LIMIT,1702106699016,11.1,7.549
DOTUSDT,BUY,LIMIT,1702106824495,6.3,7.558
DOTUSDT,BUY,LIMIT,1702106825704,9.6,7.559
DOTUSDT,BUY,LIMIT,1702106856943,0.9,7.563
DOTUSDT,BUY,LIMIT,1702106857976,16.2,7.566
DOTUSDT,SELL,LIMIT,1702106866856,2.3,7.474
DOTUSDT,BUY,LIMIT,1702106869560,380.7,7.573
DOTUSDT,BUY,LIMIT,1702106883107,20.5,7.583
DOTUSDT,BUY,LIMIT,1702106888279,1058.2,7.592
DOTUSDT,BUY,LIMIT,1702106889739,8.3,7.593
DOTUSDT,BUY,LIMIT,1702106901144,15.5,7.593
DOTUSDT,BUY,LIMIT,1702106926787,20.0,7.596
DOTUSDT,BUY,LIMIT,1702106935481,36.1,7.596
DOTUSDT,BUY,LIMIT,1702106938104,200.3,7.599
DOTUSDT,BUY,LIMIT,1702106939736,115.9,7.600
DOTUSDT,BUY,LIMIT,1702106940859,942.5,7.601
DOTUSDT,BUY,LIMIT,1702107038027,24.3,7.604
DOTUSDT,BUY,LIMIT,1702107067716,6.6,7.606
DOTUSDT,BUY,LIMIT,1702107069152,18.3,7.608
DOTUSDT,BUY,LIMIT,1702107076487,14.4,7.610
DOTUSDT,BUY,LIMIT,1702107077679,16.5,7.614
DOTUSDT,BUY,LIMIT,1702107083182,4.9,7.620
DOTUSDT,BUY,LIMIT,1702107085133,985.3,7.626
DOTUSDT,BUY,LIMIT,1702107086508,19.7,7.630
DOTUSDT,BUY,LIMIT,1702107088379,728.0,7.637
DOTUSDT,BUY,LIMIT,1702107089482,38.8,7.636
DOTUSDT,BUY,LIMIT,1702107090496,10.9,7.640
DOTUSDT,BUY,LIMIT,1702107093533,9.2,7.643
DOTUSDT,BUY,LIMIT,1702107095686,7.0,7.644
DOTUSDT,BUY,LIMIT,1702107100345,51.1,7.644
DOTUSDT,BUY,LIMIT,1702107118145,126.5,7.648
DOTUSDT,BUY,LIMIT,1702107124638,1.6,7.652
DOTUSDT,BUY,LIMIT,1702107139291,4.0,7.651
DOTUSDT,BUY,LIMIT,1702107147866,2887.0,7.666
DOTUSDT,SELL,LIMIT,1702107459550,96.4,7.492
DOTUSDT,SELL,LIMIT,1702107499695,2.1,7.466
DOTUSDT,BUY,LIMIT,1702107518644,28.0,7.565
DOTUSDT,BUY,LIMIT,1702107982569,238.6,7.552
DOTUSDT,BUY,LIMIT,1702107984470,19.0,7.552
DOTUSDT,BUY,LIMIT,1702107991122,5.3,7.553
DOTUSDT,BUY,LIMIT,1702108018414,27.7,7.554
DOTUSDT,BUY,LIMIT,1702108054444,35.6,7.549
DOTUSDT,BUY,LIMIT,1702108225166,1.5,7.559
DOTUSDT,BUY,LIMIT,1702108245133,1.2,7.565
DOTUSDT,BUY,LIMIT,1702108293834,19.9,7.580
DOTUSDT,BUY,LIMIT,1702108295359,31.3,7.583
DOTUSDT,BUY,LIMIT,1702108319063,106.4,7.577
DOTUSDT,BUY,LIMIT,1702108359269,122.2,7.579
DOTUSDT,BUY,LIMIT,1702108361657,408.0,7.584
DOTUSDT,BUY,LIMIT,1702108364241,20.0,7.577
DOTUSDT,BUY,LIMIT,1702108367282,190.6,7.586
DOTUSDT,BUY,LIMIT,1702108382572,4.6,7.603
DOTUSDT,BUY,LIMIT,1702108513286,3594.0,7.617
DOTUSDT,BUY,LIMIT,1702108532625,947.2,7.612
DOTUSDT,BUY,LIMIT,1702108570132,453.5,7.610
DOTUSDT,BUY,LIMIT,1702108729814,152.5,7.620
DOTUSDT,BUY,LIMIT,1702108888306,3622.5,7.660
DOTUSDT,BUY,LIMIT,1702108894621,1055.1,7.646
DOTUSDT,BUY,LIMIT,1702108898549,443.3,7.649
DOTUSDT,BUY,LIMIT,1702108920193,2.4,7.654
DOTUSDT,BUY,LIMIT,1702108928038,0.9,7.646
DOTUSDT,BUY,LIMIT,1702108929324,7.9,7.651
DOTUSDT,BUY,LIMIT,1702108938427,329.4,7.650
DOTUSDT,BUY,LIMIT,1702109102696,270.2,7.651
DOTUSDT,BUY,LIMIT,1702109156760,31.1,7.658
DOTUSDT,BUY,LIMIT,1702109159329,94.6,7.663
DOTUSDT,BUY,LIMIT,1702109244833,34.9,7.632
DOTUSDT,BUY,LIMIT,1702109359571,1.6,7.638
DOTUSDT,BUY,LIMIT,1702109371915,30.0,7.641
DOTUSDT,SELL,LIMIT,1702109412354,4.1,7.536
DOTUSDT,BUY,LIMIT,1702109416204,50.4,7.635
DOTUSDT,BUY,LIMIT,1702109475094,255.1,7.628
DOTUSDT,BUY,LIMIT,1702109477131,1760.9,7.646
DOTUSDT,BUY,LIMIT,1702109481807,25.0,7.641
DOTUSDT,BUY,LIMIT,1702109512829,8.1,7.591
DOTUSDT,BUY,LIMIT,1702109514106,654.9,7.638
DOTUSDT,BUY,LIMIT,1702109566491,9.1,7.638
DOTUSDT,BUY,LIMIT,1702109647204,13.8,7.639
DOTUSDT,BUY,LIMIT,1702109676209,117.9,7.655
DOTUSDT,BUY,LIMIT,1702109723380,1332.8,7.660
DOTUSDT,BUY,LIMIT,1702109741906,327.6,7.667
DOTUSDT,BUY,LIMIT,1702109744390,26.6,7.671
DOTUSDT,BUY,LIMIT,1702109745466,312.4,7.675
DOTUSDT,BUY,LIMIT,1702109755078,0.9,7.669
DOTUSDT,BUY,LIMIT,1702109772204,1317.6,7.670
DOTUSDT,BUY,LIMIT,1702109773516,20.0,7.671
DOTUSDT,BUY,LIMIT,1702109776269,21.6,7.674
DOTUSDT,BUY,LIMIT,1702109783736,3.7,7.675
DOTUSDT,BUY,LIMIT,1702109785634,13.0,7.678
DOTUSDT,BUY,LIMIT,1702109786740,31.1,7.680
DOTUSDT,BUY,LIMIT,1702109789312,60.4,7.682
DOTUSDT,BUY,LIMIT,1702109791443,4.0,7.684
DOTUSDT,BUY,LIMIT,1702109800378,190.0,7.686
DOTUSDT,BUY,LIMIT,1702109802173,548.2,7.689
DOTUSDT,BUY,LIMIT,1702109804520,25.5,7.686
DOTUSDT,BUY,LIMIT,1702109820091,2.0,7.695
DOTUSDT,BUY,LIMIT,1702109824218,118.9,7.696
DOTUSDT,BUY,LIMIT,1702109825258,272.0,7.697
DOTUSDT,BUY,LIMIT,1702109826288,136.3,7.699
DOTUSDT,BUY,LIMIT,1702109827382,4.9,7.702
DOTUSDT,BUY,LIMIT,1702109831768,4.0,7.706
DOTUSDT,BUY,LIMIT,1702109836700,19.4,7.709
DOTUSDT,BUY,LIMIT,1702109841449,11.2,7.712
DOTUSDT,BUY,LIMIT,1702109847659,1.1,7.715
DOTUSDT,BUY,LIMIT,1702109849248,32.1,7.716
DOTUSDT,BUY,LIMIT,1702109851264,0.7,7.720
DOTUSDT,BUY,LIMIT,1702109861246,27.3,7.722
DOTUSDT,BUY,LIMIT,1702109862574,48.7,7.724
DOTUSDT,BUY,LIMIT,1702109878320,465.4,7.727
DOTUSDT,BUY,LIMIT,1702109879617,105.7,7.729
DOTUSDT,BUY,LIMIT,1702109888300,606.2,7.730
DOTUSDT,BUY,LIMIT,1702109891517,12.9,7.730
DOTUSDT,BUY,LIMIT,1702109895296,21.7,7.731
DOTUSDT,BUY,LIMIT,1702109903097,0.7,7.733
DOTUSDT,BUY,LIMIT,1702109904354,46.6,7.734
DOTUSDT,BUY,LIMIT,1702109925239,719.1,7.730
DOTUSDT,BUY,LIMIT,1702109966508,63.1,7.737
DOTUSDT,BUY,LIMIT,1702109967581,52.3,7.737
DOTUSDT,BUY,LIMIT,1702109971758,4.0,7.738
DOTUSDT,BUY,LIMIT,1702110019475,13.8,7.740
DOTUSDT,BUY,LIMIT,1702110020527,24.1,7.740
DOTUSDT,BUY,LIMIT,1702110090235,121.7,7.727
DOTUSDT,SELL,LIMIT,1702110138110,130.1,7.585
DOTUSDT,BUY,LIMIT,1702110289393,145.0,7.696
DOTUSDT,SELL,LIMIT,1702110491237,87.4,7.574
DOTUSDT,BUY,LIMIT,1702110500613,107.3,7.671
DOTUSDT,SELL,LIMIT,1702110868952,423.6,7.528
DOTUSDT,SELL,LIMIT,1702110876494,34.9,7.523
DOTUSDT,SELL,LIMIT,1702110882269,98.6,7.512
DOTUSDT,SELL,LIMIT,1702110899446,4.7,7.509
DOTUSDT,SELL,LIMIT,1702110902336,300.0,7.502
DOTUSDT,SELL,LIMIT,1702110903717,13.6,7.500
DOTUSDT,SELL,LIMIT,1702110909293,1000.0,7.491
DOTUSDT,SELL,LIMIT,1702110912306,971.9,7.484
DOTUSDT,SELL,LIMIT,1702110913447,50.0,7.486
DOTUSDT,SELL,LIMIT,1702110968709,1773.4,7.469
DOTUSDT,SELL,LIMIT,1702110970061,1.8,7.468
DOTUSDT,SELL,LIMIT,1702110971566,67.8,7.464
DOTUSDT,SELL,LIMIT,1702110978945,455.2,7.448
DOTUSDT,SELL,LIMIT,1702110980092,1332.5,7.440
DOTUSDT,SELL,LIMIT,1702110982597,57.1,7.435
DOTUSDT,SELL,LIMIT,1702110984140,172.7,7.436
DOTUSDT,SELL,LIMIT,1702111023148,56.3,7.426
DOTUSDT,SELL,LIMIT,1702111025342,69.1,7.420
DOTUSDT,SELL,LIMIT,1702111026672,3.9,7.414
DOTUSDT,SELL,LIMIT,1702111028216,123.7,7.409
DOTUSDT,SELL,LIMIT,1702111029291,105.8,7.404
DOTUSDT,SELL,LIMIT,1702111030421,155.5,7.396
DOTUSDT,SELL,LIMIT,1702111031472,17.2,7.395
DOTUSDT,SELL,LIMIT,1702111032709,976.5,7.392
DOTUSDT,SELL,LIMIT,1702111034086,50.0,7.394
DOTUSDT,SELL,LIMIT,1702111035766,54.0,7.391
DOTUSDT,SELL,LIMIT,1702111037343,3.2,7.386
DOTUSDT,SELL,LIMIT,1702111039417,1137.5,7.376
DOTUSDT,SELL,LIMIT,1702111041157,1352.0,7.373
DOTUSDT,SELL,LIMIT,1702111042862,0.7,7.373
DOTUSDT,SELL,LIMIT,1702111044033,150.8,7.378
DOTUSDT,SELL,LIMIT,1702111045522,0.1,24.913
DOTUSDT,SELL,LIMIT,1702111200097,637.5,7.361
DOTUSDT,SELL,LIMIT,1702111201802,123.7,7.360
DOTUSDT,SELL,LIMIT,1702111203184,167.7,7.348
DOTUSDT,SELL,LIMIT,1702111204239,3.9,7.345
DOTUSDT,BUY,LIMIT,1702111260079,692.0,7.486
DOTUSDT,SELL,LIMIT,1702111362520,154.7,7.347
DOTUSDT,SELL,LIMIT,1702111365980,50.0,7.344
DOTUSDT,SELL,LIMIT,1702111370269,137.4,7.342
DOTUSDT,SELL,LIMIT,1702111371459,100.0,7.336
DOTUSDT,SELL,LIMIT,1702111372909,128.1,7.332
DOTUSDT,SELL,LIMIT,1702111374309,211.0,7.330
DOTUSDT,SELL,LIMIT,1702111375963,13.3,7.316
DOTUSDT,SELL,LIMIT,1702111377095,245.6,7.315
DOTUSDT,SELL,LIMIT,1702111380572,1988.0,7.299
DOTUSDT,SELL,LIMIT,1702111381726,35.3,7.303
DOTUSDT,SELL,LIMIT,1702111385024,1100.9,7.302
DOTUSDT,SELL,LIMIT,1702111386335,197.6,7.297
DOTUSDT,SELL,LIMIT,1702111387339,1.6,7.291
DOTUSDT,SELL,LIMIT,1702111388975,200.2,7.291
DOTUSDT,BUY,LIMIT,1702111561292,30.6,7.482
DOTUSDT,BUY,LIMIT,1702111592606,474.3,7.496
DOTUSDT,BUY,LIMIT,1702111594077,367.5,7.498
DOTUSDT,BUY,LIMIT,1702111653307,261.0,7.504
DOTUSDT,BUY,LIMIT,1702111786243,44.7,7.517
DOTUSDT,BUY,LIMIT,1702112574911,719.7,7.530
DOTUSDT,BUY,LIMIT,1702112694357,21.7,7.558
DOTUSDT,BUY,LIMIT,1702113282326,50.0,7.568
DOTUSDT,BUY,LIMIT,1702113301766,9.1,7.576
DOTUSDT,BUY,LIMIT,1702113376389,22.6,7.604
DOTUSDT,BUY,LIMIT,1702113381156,6.6,7.606
DOTUSDT,BUY,LIMIT,1702113414454,7.1,7.620
DOTUSDT,BUY,LIMIT,1702113545581,1039.2,7.608
DOTUSDT,BUY,LIMIT,1702114285329,17.5,7.628
DOTUSDT,BUY,LIMIT,1702114330162,59.5,7.646
DOTUSDT,BUY,LIMIT,1702114339112,928.3,7.657
DOTUSDT,BUY,LIMIT,1702114343282,660.9,7.662
DOTUSDT,BUY,LIMIT,1702114348402,98.8,7.669
DOTUSDT,BUY,LIMIT,1702114564472,673.6,7.641
DOTUSDT,SELL,LIMIT,1702114651060,3.0,7.507
DOTUSDT,SELL,LIMIT,1702114877400,181.1,7.476
DOTUSDT,SELL,LIMIT,1702115002694,1.3,7.471
DOTUSDT,SELL,LIMIT,1702115023497,14.8,7.473
DOTUSDT,SELL,LIMIT,1702115029185,2.1,7.469
DOTUSDT,SELL,LIMIT,1702115073683,98.6,7.461
DOTUSDT,SELL,LIMIT,1702115100375,38.1,7.446
DOTUSDT,SELL,LIMIT,1702115101535,70.8,7.439
DOTUSDT,SELL,LIMIT,1702115103326,8.6,7.439
DOTUSDT,SELL,LIMIT,1702115104459,6149.1,7.417
DOTUSDT,BUY,LIMIT,1702115186597,561.1,7.589
DOTUSDT,SELL,LIMIT,1702115542601,10.0,7.427
DOTUSDT,SELL,LIMIT,1702115615988,1.9,7.418
DOTUSDT,SELL,LIMIT,1702115623190,7.0,7.415
DOTUSDT,SELL,LIMIT,1702115625882,61.3,7.413
DOTUSDT,SELL,LIMIT,1702115809989,150.4,7.422
DOTUSDT,SELL,LIMIT,1702115933114,346.9,7.409
DOTUSDT,SELL,LIMIT,1702116351096,1159.9,7.401
DOTUSDT,SELL,LIMIT,1702117802852,11.7,7.393
DOTUSDT,BUY,LIMIT,1702118763255,6696.1,7.620
DOTUSDT,BUY,LIMIT,1702119138694,718.5,7.602
DOTUSDT,BUY,LIMIT,1702119611923,33.3,7.617
DOTUSDT,BUY,LIMIT,1702119686221,1338.1,7.622
DOTUSDT,BUY,LIMIT,1702119719301,230.1,7.641
DOTUSDT,BUY,LIMIT,1702119722882,398.2,7.642
DOTUSDT,BUY,LIMIT,1702119725108,569.4,7.642
DOTUSDT,BUY,LIMIT,1702119747730,200.6,7.649
DOTUSDT,BUY,LIMIT,1702121547429,206.0,7.591
DOTUSDT,BUY,LIMIT,1702122602613,50.2,7.615
DOTUSDT,BUY,LIMIT,1702122606489,5.2,7.616
DOTUSDT,BUY,LIMIT,1702122634581,37.9,7.623
DOTUSDT,BUY,LIMIT,1702122642600,15.0,7.626
DOTUSDT,BUY,LIMIT,1702122643701,19.6,7.628
DOTUSDT,BUY,LIMIT,1702122788635,49.0,7.631
DOTUSDT,BUY,LIMIT,1702122790220,33.0,7.632
DOTUSDT,BUY,LIMIT,1702123099518,1327.3,7.642
DOTUSDT,BUY,LIMIT,1702123143694,645.6,7.644
DOTUSDT,BUY,LIMIT,1702123572149,200.0,7.640
DOTUSDT,BUY,LIMIT,1702123590318,1326.7,7.645
DOTUSDT,SELL,LIMIT,1702124244674,74.1,7.498
DOTUSDT,SELL,LIMIT,1702124252303,5.5,7.491
DOTUSDT,BUY,LIMIT,1702124483118,1991.4,7.660
DOTUSDT,BUY,LIMIT,1702124530323,168.4,7.666
DOTUSDT,BUY,LIMIT,1702124533374,36.3,7.673
DOTUSDT,BUY,LIMIT,1702124582828,415.7,7.682
DOTUSDT,BUY,LIMIT,1702125054999,107.3,7.638
DOTUSDT,SELL,LIMIT,1702125075878,1.3,7.527
DOTUSDT,SELL,LIMIT,1702125114534,35.8,7.522
DOTUSDT,SELL,LIMIT,1702125120296,55.2,7.516
DOTUSDT,SELL,LIMIT,1702125397735,328.1,7.508
DOTUSDT,SELL,LIMIT,1702125405467,374.3,7.504
DOTUSDT,SELL,LIMIT,1702125412761,69.5,7.497
DOTUSDT,SELL,LIMIT,1702125713923,134.2,7.487
DOTUSDT,SELL,LIMIT,1702125796491,19.7,7.480
DOTUSDT,SELL,LIMIT,1702125815829,162.5,7.475
DOTUSDT,SELL,LIMIT,1702125819172,19.6,7.474
DOTUSDT,SELL,LIMIT,1702125890090,10.0,7.459
DOTUSDT,SELL,LIMIT,1702125891538,116.7,7.459
DOTUSDT,SELL,LIMIT,1702125892755,366.0,7.457
DOTUSDT,SELL,LIMIT,1702126977773,1.1,7.434
DOTUSDT,SELL,LIMIT,1702127512356,7.8,7.431
DOTUSDT,SELL,LIMIT,1702127610710,2.5,7.423
DOTUSDT,BUY,LIMIT,1702127635184,200.2,7.509
DOTUSDT,SELL,LIMIT,1702127663517,92.5,7.420
DOTUSDT,SELL,LIMIT,1702128614516,35.0,7.416
DOTUSDT,SELL,LIMIT,1702128621181,368.7,7.411
DOTUSDT,SELL,LIMIT,1702128625143,343.1,7.406
DOTUSDT,SELL,LIMIT,1702128703616,119.6,7.403
DOTUSDT,BUY,LIMIT,1702128842439,6.9,7.553
DOTUSDT,SELL,LIMIT,1702129265429,2.2,7.402
DOTUSDT,SELL,LIMIT,1702129505724,15.6,7.406
DOTUSDT,SELL,LIMIT,1702129894365,21.6,7.391
DOTUSDT,SELL,LIMIT,1702129983403,357.6,7.388
DOTUSDT,SELL,LIMIT,1702130066993,49.5,7.385
DOTUSDT,SELL,LIMIT,1702130074859,1.4,7.385
DOTUSDT,SELL,LIMIT,1702130403525,9.7,7.379
DOTUSDT,SELL,LIMIT,1702130511357,184.5,7.375
DOTUSDT,SELL,LIMIT,1702130512381,6.2,7.374
DOTUSDT,SELL,LIMIT,1702130515968,264.4,7.372
DOTUSDT,SELL,LIMIT,1702130517952,397.7,7.370
DOTUSDT,SELL,LIMIT,1702132549137,122.5,7.373
DOTUSDT,SELL,LIMIT,1702132551945,44.0,7.372
DOTUSDT,SELL,LIMIT,1702132594022,108.1,7.362
DOTUSDT,SELL,LIMIT,1702132595062,692.8,7.359
DOTUSDT,SELL,LIMIT,1702132596353,189.3,7.353
DOTUSDT,SELL,LIMIT,1702132597364,35.6,7.347
DOTUSDT,SELL,LIMIT,1702132603090,362.1,7.345
DOTUSDT,SELL,LIMIT,1702132604119,9.2,7.347
DOTUSDT,SELL,LIMIT,1702132605406,400.1,7.343
DOTUSDT,SELL,LIMIT,1702132688475,14.7,7.340
DOTUSDT,SELL,LIMIT,1702132697095,15.9,7.340
DOTUSDT,SELL,LIMIT,1702132791987,52.6,7.337
DOTUSDT,SELL,LIMIT,1702132793183,3.2,7.330
DOTUSDT,SELL,LIMIT,1702132794469,91.9,7.316
DOTUSDT,SELL,LIMIT,1702132828089,1324.1,7.313
DOTUSDT,SELL,LIMIT,1702132954056,0.8,7.298
DOTUSDT,SELL,LIMIT,1702132956347,28.5,7.296
DOTUSDT,SELL,LIMIT,1702132958718,201.2,7.296
DOTUSDT,SELL,LIMIT,1702132974299,83.9,7.294
DOTUSDT,SELL,LIMIT,1702132975305,398.3,7.293
DOTUSDT,SELL,LIMIT,1702132989866,27.9,7.293
DOTUSDT,SELL,LIMIT,1702132991971,51.4,7.292
DOTUSDT,SELL,LIMIT,1702132993775,13.3,7.288
DOTUSDT,SELL,LIMIT,1702132996165,1.5,7.286
DOTUSDT,SELL,LIMIT,1702132997190,22.0,7.284
DOTUSDT,SELL,LIMIT,1702133000892,0.7,7.280
DOTUSDT,SELL,LIMIT,1702133003396,3100.0,7.262
DOTUSDT,SELL,LIMIT,1702133004675,32.9,7.275
DOTUSDT,SELL,LIMIT,1702133005769,962.8,7.263
DOTUSDT,SELL,LIMIT,1702133006811,22.0,7.261
DOTUSDT,SELL,LIMIT,1702133008428,2030.8,7.240
DOTUSDT,SELL,LIMIT,1702133009582,3.2,7.249
DOTUSDT,SELL,LIMIT,1702133331497,41.8,7.260
DOTUSDT,SELL,LIMIT,1702133334748,15.2,7.258
DOTUSDT,SELL,LIMIT,1702133341502,20.4,7.252
DOTUSDT,SELL,LIMIT,1702133360245,5.6,7.248
DOTUSDT,BUY,LIMIT,1702133781328,5.2,7.405
DOTUSDT,BUY,LIMIT,1702133782498,104.5,7.406
DOTUSDT,BUY,LIMIT,1702133826982,177.7,7.421
DOTUSDT,SELL,LIMIT,1702134895302,482.1,7.259
DOTUSDT,BUY,LIMIT,1702136031559,108.0,7.429
DOTUSDT,SELL,LIMIT,1702136225264,400.0,7.342
DOTUSDT,SELL,LIMIT,1702137572051,15.6,7.279
DOTUSDT,SELL,LIMIT,1702137730462,49.6,7.269
DOTUSDT,SELL,LIMIT,1702138868374,464.2,7.256
DOTUSDT,SELL,LIMIT,1702138906664,1167.7,7.255
DOTUSDT,SELL,LIMIT,1702138909329,51.3,7.249
DOTUSDT,SELL,LIMIT,1702138913152,9.1,7.246
DOTUSDT,SELL,LIMIT,1702138928293,8.6,7.244
DOTUSDT,SELL,LIMIT,1702138929340,827.8,7.238
DOTUSDT,SELL,LIMIT,1702138944088,133.2,7.247
DOTUSDT,SELL,LIMIT,1702138945950,1362.3,7.235
DOTUSDT,SELL,LIMIT,1702138951451,5325.5,7.215
DOTUSDT,SELL,LIMIT,1702138953419,61.7,7.367
DOTUSDT,SELL,LIMIT,1702138969453,1.3,7.232
DOTUSDT,SELL,LIMIT,1702138971102,8.8,7.232
DOTUSDT,SELL,LIMIT,1702138974155,271.2,7.227
DOTUSDT,SELL,LIMIT,1702138975205,500.0,7.225
DOTUSDT,SELL,LIMIT,1702138976316,3017.7,7.206
DOTUSDT,SELL,LIMIT,1702138977745,3.9,7.218
DOTUSDT,SELL,LIMIT,1702138978953,109.0,7.215
DOTUSDT,SELL,LIMIT,1702138980237,39.3,7.214
DOTUSDT,SELL,LIMIT,1702139008151,15.0,7.216
DOTUSDT,SELL,LIMIT,1702139013738,6688.9,7.193
DOTUSDT,SELL,LIMIT,1702139016605,87.6,7.212
DOTUSDT,SELL,LIMIT,1702139108559,174.0,7.220
DOTUSDT,SELL,LIMIT,1702139115552,3588.1,7.195
DOTUSDT,SELL,LIMIT,1702139116738,1365.1,7.207
DOTUSDT,SELL,LIMIT,1702139118182,2.2,7.202
DOTUSDT,SELL,LIMIT,1702139119417,2.0,7.197
DOTUSDT,SELL,LIMIT,1702139120485,126.3,7.199
DOTUSDT,SELL,LIMIT,1702139122737,32.8,7.200
DOTUSDT,SELL,LIMIT,1702139124177,27.0,7.195
DOTUSDT,SELL,LIMIT,1702139125494,26.4,7.189
DOTUSDT,SELL,LIMIT,1702139126555,603.6,7.189
DOTUSDT,SELL,LIMIT,1702139127577,223.0,7.188
DOTUSDT,SELL,LIMIT,1702139264419,1.3,7.191
DOTUSDT,SELL,LIMIT,1702139271437,659.3,7.186
DOTUSDT,SELL,LIMIT,1702139273979,470.4,7.182
DOTUSDT,SELL,LIMIT,1702139275408,254.6,7.177
DOTUSDT,SELL,LIMIT,1702139276616,3049.4,7.163
DOTUSDT,SELL,LIMIT,1702139277705,2.6,7.175
DOTUSDT,SELL,LIMIT,1702139279616,0.8,7.172
DOTUSDT,SELL,LIMIT,1702139286533,508.6,7.170
DOTUSDT,SELL,LIMIT,1702139288745,62.9,7.169
DOTUSDT,SELL,LIMIT,1702139290614,72.6,7.167
DOTUSDT,SELL,LIMIT,1702139292873,299.3,7.165
DOTUSDT,SELL,LIMIT,1702139295120,363.2,7.166
DOTUSDT,SELL,LIMIT,1702139297341,1.7,7.167
DOTUSDT,SELL,LIMIT,1702139300963,50.0,7.166
DOTUSDT,SELL,LIMIT,1702139969710,198.1,7.174
DOTUSDT,SELL,LIMIT,1702140704551,179.0,7.163
DOTUSDT,SELL,LIMIT,1702140712669,2.0,7.161
DOTUSDT,SELL,LIMIT,1702140714847,20.9,7.159
DOTUSDT,SELL,LIMIT,1702140716321,183.8,7.157
DOTUSDT,SELL,LIMIT,1702140721486,16.2,7.156
DOTUSDT,SELL,LIMIT,1702140751499,67.3,7.155
DOTUSDT,SELL,LIMIT,1702140754642,147.8,7.151
DOTUSDT,SELL,LIMIT,1702140758053,6735.2,7.128
DOTUSDT,SELL,LIMIT,1702140766183,343.1,7.146
DOTUSDT,SELL,LIMIT,1702140773375,1043.2,7.144
DOTUSDT,SELL,LIMIT,1702140778582,188.5,7.142
DOTUSDT,SELL,LIMIT,1702140781167,16.0,7.142
DOTUSDT,SELL,LIMIT,1702140782611,158.5,7.138
DOTUSDT,SELL,LIMIT,1702140783877,48.2,7.137
DOTUSDT,SELL,LIMIT,1702140870486,100.5,7.132
DOTUSDT,SELL,LIMIT,1702140878619,21.5,7.131
DOTUSDT,SELL,LIMIT,1702140882470,33.4,7.130
DOTUSDT,SELL,LIMIT,1702140883483,1381.5,7.130
DOTUSDT,SELL,LIMIT,1702141556602,3101.0,7.114
DOTUSDT,SELL,LIMIT,1702141562109,20.5,7.125
DOTUSDT,SELL,LIMIT,1702141563450,115.3,7.124
DOTUSDT,SELL,LIMIT,1702141564670,21.7,7.120
DOTUSDT,SELL,LIMIT,1702141626221,134.6,7.122
DOTUSDT,SELL,LIMIT,1702141629359,144.1,7.120
DOTUSDT,SELL,LIMIT,1702141631517,2.6,7.119
DOTUSDT,SELL,LIMIT,1702141638979,78.5,7.118
DOTUSDT,SELL,LIMIT,1702141642026,25.0,7.119
DOTUSDT,SELL,LIMIT,1702141643541,28.7,7.117
DOTUSDT,SELL,LIMIT,1702141652090,12.1,7.114
DOTUSDT,SELL,LIMIT,1702141658244,9.7,7.114
DOTUSDT,SELL,LIMIT,1702141663436,20.2,7.114
DOTUSDT,SELL,LIMIT,1702141672958,477.0,7.110
DOTUSDT,SELL,LIMIT,1702141694218,9.4,7.110
DOTUSDT,SELL,LIMIT,1702141695402,529.9,7.110
DOTUSDT,SELL,LIMIT,1702141702530,9.1,7.109
DOTUSDT,SELL,LIMIT,1702141703938,8.4,7.108
DOTUSDT,SELL,LIMIT,1702141705939,243.0,7.110
DOTUSDT,SELL,LIMIT,1702141707296,10.5,7.109
DOTUSDT,SELL,LIMIT,1702141747068,462.7,7.097
DOTUSDT,SELL,LIMIT,1702141748160,144.8,7.100
DOTUSDT,SELL,LIMIT,1702141755531,8.4,7.092
DOTUSDT,SELL,LIMIT,1702141757916,10.5,7.093
DOTUSDT,SELL,LIMIT,1702141759069,90.4,7.136
DOTUSDT,SELL,LIMIT,1702141762646,54.2,7.095
DOTUSDT,SELL,LIMIT,1702141771900,25.0,7.089
DOTUSDT,SELL,LIMIT,1702141844151,37.1,7.088
DOTUSDT,SELL,LIMIT,1702141845498,6837.5,7.065
DOTUSDT,SELL,LIMIT,1702141846612,44.0,7.084
DOTUSDT,SELL,LIMIT,1702141847842,803.4,7.082
DOTUSDT,SELL,LIMIT,1702141848885,195.3,7.073
DOTUSDT,SELL,LIMIT,1702141850516,343.7,7.068
DOTUSDT,SELL,LIMIT,1702141851873,515.4,7.065
DOTUSDT,SELL,LIMIT,1702141855467,72.6,7.067
DOTUSDT,SELL,LIMIT,1702141858213,6.6,7.067
DOTUSDT,SELL,LIMIT,1702142073135,9.8,7.062
DOTUSDT,SELL,LIMIT,1702142074146,0.7,7.063
DOTUSDT,SELL,LIMIT,1702142075196,260.3,7.058
DOTUSDT,SELL,LIMIT,1702142078602,126.0,7.057
DOTUSDT,SELL,LIMIT,1702142084305,95.5,7.056
DOTUSDT,SELL,LIMIT,1702142091212,82.1,7.053
DOTUSDT,SELL,LIMIT,1702142092364,36.1,7.051
DOTUSDT,SELL,LIMIT,1702142575070,244.2,7.044
DOTUSDT,SELL,LIMIT,1702142576308,90.4,7.037
DOTUSDT,SELL,LIMIT,1702142577348,26.6,7.041
DOTUSDT,SELL,LIMIT,1702142580053,5.9,7.036
DOTUSDT,SELL,LIMIT,1702142581248,6866.5,7.014
DOTUSDT,SELL,LIMIT,1702142589867,351.0,7.031
DOTUSDT,SELL,LIMIT,1702142614455,44.8,7.030
DOTUSDT,SELL,LIMIT,1702142616275,0.1,7.027
DOTUSDT,SELL,LIMIT,1702142618102,1050.4,7.022
DOTUSDT,SELL,LIMIT,1702142621116,11.1,7.022
DOTUSDT,SELL,LIMIT,1702142626084,597.8,7.016
DOTUSDT,SELL,LIMIT,1702142750425,8.8,7.035
DOTUSDT,SELL,LIMIT,1702143027779,299.2,7.023
DOTUSDT,BUY,LIMIT,1702143333002,57.7,7.161
DOTUSDT,BUY,LIMIT,1702143342047,1287.5,7.166
DOTUSDT,BUY,LIMIT,1702143344424,21.4,7.168
DOTUSDT,BUY,LIMIT,1702143352066,1411.4,7.175
DOTUSDT,BUY,LIMIT,1702143355449,10.9,7.177
DOTUSDT,SELL,LIMIT,1702143913634,55.6,7.094
DOTUSDT,SELL,LIMIT,1702143931274,233.9,7.086
DOTUSDT,SELL,LIMIT,1702144628354,59.1,7.105
DOTUSDT,SELL,LIMIT,1702144704419,874.7,7.069
DOTUSDT,SELL,LIMIT,1702144755784,114.9,7.063
DOTUSDT,SELL,LIMIT,1702144760945,10.3,7.065
DOTUSDT,SELL,LIMIT,1702144764006,800.0,7.055
DOTUSDT,SELL,LIMIT,1702144789591,250.0,7.047
DOTUSDT,SELL,LIMIT,1702144866435,3114.9,7.036
DOTUSDT,BUY,LIMIT,1702145242315,36.8,7.186
DOTUSDT,BUY,LIMIT,1702145735172,518.6,7.205
DOTUSDT,BUY,LIMIT,1702145775674,108.1,7.210
DOTUSDT,BUY,LIMIT,1702145797775,6.8,7.217
DOTUSDT,BUY,LIMIT,1702145809337,190.8,7.224
DOTUSDT,BUY,LIMIT,1702145810552,85.2,7.224
DOTUSDT,BUY,LIMIT,1702145811625,166.8,7.226
DOTUSDT,BUY,LIMIT,1702145818978,11.0,7.232
DOTUSDT,BUY,LIMIT,1702146559254,1409.6,7.235
DOTUSDT,BUY,LIMIT,1702146616195,13.9,7.243
DOTUSDT,BUY,LIMIT,1702146989553,168.5,7.262
DOTUSDT,BUY,LIMIT,1702147339875,24.8,7.281
DOTUSDT,BUY,LIMIT,1702147759837,229.1,7.295
DOTUSDT,BUY,LIMIT,1702147795611,68.5,7.297
DOTUSDT,BUY,LIMIT,1702147840978,10.6,7.300
DOTUSDT,BUY,LIMIT,1702147842358,785.6,7.302
DOTUSDT,BUY,LIMIT,1702148954808,44.5,7.322
DOTUSDT,BUY,LIMIT,1702148995005,103.1,7.327
DOTUSDT,BUY,LIMIT,1702151764178,367.3,7.335
DOTUSDT,SELL,LIMIT,1702152940137,200.0,7.182
DOTUSDT,SELL,LIMIT,1702152979943,48.5,7.174
DOTUSDT,SELL,LIMIT,1702153013915,525.0,7.166
DOTUSDT,SELL,LIMIT,1702153015426,147.6,7.158
DOTUSDT,SELL,LIMIT,1702153016440,17.5,7.157
DOTUSDT,SELL,LIMIT,1702153477789,2.7,7.171
DOTUSDT,SELL,LIMIT,1702153649916,1376.2,7.184
DOTUSDT,BUY,LIMIT,1702154448321,361.1,7.306
DOTUSDT,BUY,LIMIT,1702154498108,30.1,7.309
DOTUSDT,BUY,LIMIT,1702154574692,1382.5,7.314
DOTUSDT,BUY,LIMIT,1702154576516,390.2,7.314
DOTUSDT,SELL,LIMIT,1702156373177,1.1,7.137
DOTUSDT,BUY,LIMIT,1702156946558,133.4,7.281
DOTUSDT,BUY,LIMIT,1702159883308,1.2,7.302
DOTUSDT,BUY,LIMIT,1702160027634,9.8,7.312
DOTUSDT,SELL,LIMIT,1702160723623,137.7,7.166
DOTUSDT,SELL,LIMIT,1702162130282,27.2,7.147
DOTUSDT,SELL,LIMIT,1702162308622,27.0,7.141
DOTUSDT,SELL,LIMIT,1702162382625,424.1,7.137
DOTUSDT,SELL,LIMIT,1702162401224,18.8,7.125
DOTUSDT,SELL,LIMIT,1702162527331,16.8,7.114
DOTUSDT,SELL,LIMIT,1702162531079,1378.5,7.101
DOTUSDT,SELL,LIMIT,1702162562086,1382.5,7.098
DOTUSDT,SELL,LIMIT,1702164091800,100.2,7.101
DOTUSDT,SELL,LIMIT,1702164108272,50.2,7.093
DOTUSDT,SELL,LIMIT,1702164144667,21.1,7.103
DOTUSDT,SELL,LIMIT,1702164145770,249.9,7.091
DOTUSDT,SELL,LIMIT,1702164147413,202.5,7.089
DOTUSDT,SELL,LIMIT,1702164149459,119.9,7.090
DOTUSDT,SELL,LIMIT,1702164202700,5.9,7.082
DOTUSDT,SELL,LIMIT,1702164207441,490.8,7.080
DOTUSDT,SELL,LIMIT,1702164211059,27.0,7.075
DOTUSDT,SELL,LIMIT,1702164293142,1199.4,7.073
DOTUSDT,SELL,LIMIT,1702164388188,26.7,7.070
DOTUSDT,SELL,LIMIT,1702164444453,1402.1,7.057
DOTUSDT,SELL,LIMIT,1702164511494,400.0,7.053
DOTUSDT,SELL,LIMIT,1702164514522,41.6,7.050
DOTUSDT,SELL,LIMIT,1702164529309,53.4,7.048
DOTUSDT,SELL,LIMIT,1702164530387,0.7,7.108
DOTUSDT,SELL,LIMIT,1702164532814,4.6,7.039
DOTUSDT,SELL,LIMIT,1702164539057,11.9,7.035
DOTUSDT,BUY,LIMIT,1702164543109,0.8,7.125
DOTUSDT,SELL,LIMIT,1702164547099,16.7,7.037
DOTUSDT,SELL,LIMIT,1702164576999,80.2,7.050
DOTUSDT,SELL,LIMIT,1702164579099,69.1,7.137
DOTUSDT,SELL,LIMIT,1702164580844,207.4,7.045
DOTUSDT,SELL,LIMIT,1702164673298,34.9,7.045
DOTUSDT,SELL,LIMIT,1702164675106,137.7,7.047
DOTUSDT,SELL,LIMIT,1702164746443,69.8,7.035
DOTUSDT,SELL,LIMIT,1702164747642,5.2,7.031
DOTUSDT,SELL,LIMIT,1702164748689,87.5,7.036
DOTUSDT,SELL,LIMIT,1702164749940,78.6,7.029
DOTUSDT,SELL,LIMIT,1702164751288,72.6,7.023
DOTUSDT,SELL,LIMIT,1702164752474,806.7,7.022
DOTUSDT,SELL,LIMIT,1702164765272,225.9,7.022
DOTUSDT,SELL,LIMIT,1702164774685,10.1,7.062
DOTUSDT,SELL,LIMIT,1702164797885,5672.3,7.004
DOTUSDT,SELL,LIMIT,1702164799292,4.6,7.018
DOTUSDT,SELL,LIMIT,1702164800987,5.2,7.014
DOTUSDT,SELL,LIMIT,1702164802048,986.9,7.012
DOTUSDT,SELL,LIMIT,1702164803256,72.6,7.009
DOTUSDT,SELL,LIMIT,1702164804787,118.4,7.002
DOTUSDT,SELL,LIMIT,1702164805793,667.4,6.997
DOTUSDT,SELL,LIMIT,1702164807895,190.6,6.991
DOTUSDT,SELL,LIMIT,1702164809214,4.0,6.988
DOTUSDT,SELL,LIMIT,1702164810232,71.8,6.983
DOTUSDT,SELL,LIMIT,1702164811678,86.3,6.985
DOTUSDT,SELL,LIMIT,1702164815075,62.0,7.043
DOTUSDT,SELL,LIMIT,1702164855937,7433.9,6.992
DOTUSDT,SELL,LIMIT,1702164865534,51.9,7.012
DOTUSDT,SELL,LIMIT,1702164867423,635.7,7.022
DOTUSDT,BUY,LIMIT,1702165104144,458.6,7.134
DOTUSDT,BUY,LIMIT,1702166479566,5.6,7.189
DOTUSDT,BUY,LIMIT,1702166486513,0.8,7.197
DOTUSDT,BUY,LIMIT,1702166500356,4798.4,7.227
DOTUSDT,BUY,LIMIT,1702167033137,60.8,7.230
DOTUSDT,BUY,LIMIT,1702167117353,10.0,7.265
DOTUSDT,BUY,LIMIT,1702167124040,104.5,7.270
DOTUSDT,BUY,LIMIT,1702167137413,42.5,7.293
DOTUSDT,BUY,LIMIT,1702167170422,106.0,7.325
DOTUSDT,BUY,LIMIT,1702167200576,160.8,7.332
DOTUSDT,BUY,LIMIT,1702169552016,1.0,7.262
DOTUSDT,BUY,LIMIT,1702169996106,56.2,7.292
DOTUSDT,BUY,LIMIT,1702170058448,10.8,7.304
DOTUSDT,BUY,LIMIT,1702170359139,83.4,7.290
DOTUSDT,BUY,LIMIT,1702170574329,68.8,7.326
DOTUSDT,BUY,LIMIT,1702170653166,385.4,7.340
DOTUSDT,BUY,LIMIT,1702170761599,66.9,7.344
DOTUSDT,BUY,LIMIT,1702170764251,123.3,7.348
DOTUSDT,BUY,LIMIT,1702170821049,12.1,7.357
DOTUSDT,BUY,LIMIT,1702170825831,72.3,7.359
DOTUSDT,BUY,LIMIT,1702171384145,131.7,7.361
DOTUSDT,BUY,LIMIT,1702171725252,63.9,7.370
DOTUSDT,BUY,LIMIT,1702171734746,100.1,7.374
DOTUSDT,BUY,LIMIT,1702171748143,73.2,7.375
DOTUSDT,BUY,LIMIT,1702171759681,104.0,7.375
DOTUSDT,SELL,LIMIT,1702173735459,54.6,7.218
DOTUSDT,SELL,LIMIT,1702174109797,26.5,7.188
DOTUSDT,BUY,LIMIT,1702182027784,5.8,7.347
DOTUSDT,BUY,LIMIT,1702182264311,14.1,7.355
DOTUSDT,BUY,LIMIT,1702182267938,9.2,7.359
DOTUSDT,BUY,LIMIT,1702182285887,221.6,7.361
DOTUSDT,BUY,LIMIT,1702182362199,54.0,7.377
DOTUSDT,BUY,LIMIT,1702183226320,3.4,7.360
DOTUSDT,SELL,LIMIT,1702187465137,3.0,7.226
DOTUSDT,SELL,LIMIT,1702187466279,4.5,7.225
DOTUSDT,SELL,LIMIT,1702190002830,1.5,7.210
DOTUSDT,SELL,LIMIT,1702190300498,599.0,7.201
DOTUSDT,SELL,LIMIT,1702192548126,107.6,7.181
DOTUSDT,SELL,LIMIT,1702192696592,5.9,7.180
DOTUSDT,SELL,LIMIT,1702192719057,3.7,7.174
DOTUSDT,SELL,LIMIT,1702192729485,356.1,7.172
DOTUSDT,SELL,LIMIT,1702192731317,68.8,7.171
DOTUSDT,SELL,LIMIT,1702192737508,47.6,7.165
DOTUSDT,SELL,LIMIT,1702192816420,1.1,7.152
DOTUSDT,SELL,LIMIT,1702192818611,1199.5,7.153
DOTUSDT,SELL,LIMIT,1702192873966,7.1,7.149
DOTUSDT,SELL,LIMIT,1702192875143,26.2,7.147
DOTUSDT,SELL,LIMIT,1702192880205,3.8,7.143
DOTUSDT,SELL,LIMIT,1702192883220,843.7,7.138
DOTUSDT,SELL,LIMIT,1702193829010,3.0,7.137
DOTUSDT,SELL,LIMIT,1702193847092,160.9,7.133
DOTUSDT,SELL,LIMIT,1702193854060,29.6,7.122
DOTUSDT,BUY,LIMIT,1702194418679,28.4,7.260
DOTUSDT,SELL,LIMIT,1702195850141,692.4,7.125
DOTUSDT,SELL,LIMIT,1702196644109,1970.2,7.086
DOTUSDT,SELL,LIMIT,1702196646267,130.0,7.091
DOTUSDT,SELL,LIMIT,1702196674358,37.5,7.092
DOTUSDT,SELL,LIMIT,1702196712371,915.0,7.089
DOTUSDT,SELL,LIMIT,1702196787958,6.5,7.077
DOTUSDT,SELL,LIMIT,1702197051923,106.5,7.066
DOTUSDT,SELL,LIMIT,1702197085275,48.8,7.062
DOTUSDT,SELL,LIMIT,1702197092097,32.1,7.056
DOTUSDT,SELL,LIMIT,1702197872070,1.0,7.081
DOTUSDT,SELL,LIMIT,1702198890864,0.4,7.057
DOTUSDT,SELL,LIMIT,1702200400800,74.1,7.040
DOTUSDT,SELL,LIMIT,1702200448488,393.5,7.036
DOTUSDT,SELL,LIMIT,1702200452911,41.5,7.033
DOTUSDT,SELL,LIMIT,1702200624566,30.0,7.035
DOTUSDT,SELL,LIMIT,1702200633256,6.1,7.031
DOTUSDT,SELL,LIMIT,1702200693233,37.0,7.029
DOTUSDT,SELL,LIMIT,1702200697598,10.8,7.027
DOTUSDT,SELL,LIMIT,1702200741486,9.5,7.023
DOTUSDT,SELL,LIMIT,1702200759908,292.7,7.021
DOTUSDT,SELL,LIMIT,1702200763937,11.5,7.013
DOTUSDT,SELL,LIMIT,1702200765978,70.0,7.010
DOTUSDT,SELL,LIMIT,1702200770461,74.8,7.009
DOTUSDT,SELL,LIMIT,1702200868920,1402.0,7.014
DOTUSDT,SELL,LIMIT,1702200891187,194.5,7.003
DOTUSDT,SELL,LIMIT,1702200897541,241.0,7.000
DOTUSDT,SELL,LIMIT,1702200930639,2.0,6.999
DOTUSDT,SELL,LIMIT,1702200932340,8.0,6.995
DOTUSDT,SELL,LIMIT,1702200935571,403.9,6.992
DOTUSDT,SELL,LIMIT,1702200938186,28.0,6.989
DOTUSDT,SELL,LIMIT,1702201430338,146.2,6.987
DOTUSDT,SELL,LIMIT,1702201450399,98.3,6.984
DOTUSDT,SELL,LIMIT,1702201476323,5.1,6.984
DOTUSDT,SELL,LIMIT,1702201477584,83.4,6.980
DOTUSDT,SELL,LIMIT,1702201485387,40.1,6.978
DOTUSDT,SELL,LIMIT,1702201487531,405.0,6.978
DOTUSDT,SELL,LIMIT,1702201766018,300.0,6.991
DOTUSDT,SELL,LIMIT,1702202155134,13.7,6.976
DOTUSDT,SELL,LIMIT,1702202157134,6.7,6.971
DOTUSDT,SELL,LIMIT,1702202158264,133.6,6.976
DOTUSDT,SELL,LIMIT,1702202229151,14.2,6.967
DOTUSDT,SELL,LIMIT,1702202250152,13.7,6.968
DOTUSDT,SELL,LIMIT,1702202259200,1.4,6.964
DOTUSDT,SELL,LIMIT,1702202262251,96.9,6.962
DOTUSDT,SELL,LIMIT,1702202263412,1007.3,6.962
DOTUSDT,SELL,LIMIT,1702202265299,163.6,6.962
DOTUSDT,SELL,LIMIT,1702202266585,261.4,6.959
DOTUSDT,SELL,LIMIT,1702202268173,161.6,6.957
DOTUSDT,SELL,LIMIT,1702202269580,280.9,6.957
DOTUSDT,SELL,LIMIT,1702202273357,100.0,6.989
DOTUSDT,SELL,LIMIT,1702202289326,1062.8,6.956
DOTUSDT,SELL,LIMIT,1702202290515,1.4,6.953
DOTUSDT,SELL,LIMIT,1702202293436,8.3,6.953
DOTUSDT,SELL,LIMIT,1702202294649,23.0,6.952
DOTUSDT,SELL,LIMIT,1702202296212,447.5,6.952
DOTUSDT,SELL,LIMIT,1702202299845,14.8,6.951
DOTUSDT,SELL,LIMIT,1702202318311,12.6,6.950
DOTUSDT,SELL,LIMIT,1702202321148,703.5,6.950
DOTUSDT,SELL,LIMIT,1702202322729,18.0,6.947
DOTUSDT,SELL,LIMIT,1702202323988,34.5,6.946
DOTUSDT,SELL,LIMIT,1702202324993,32.4,6.945
DOTUSDT,SELL,LIMIT,1702202326436,26.5,6.943
DOTUSDT,SELL,LIMIT,1702202347359,141.9,6.941
DOTUSDT,SELL,LIMIT,1702202361772,107.1,6.939
DOTUSDT,SELL,LIMIT,1702202363607,94.3,6.939
DOTUSDT,SELL,LIMIT,1702202364948,19.9,6.937
DOTUSDT,SELL,LIMIT,1702202366350,1.7,6.936
DOTUSDT,SELL,LIMIT,1702202368143,10.0,6.935
DOTUSDT,SELL,LIMIT,1702202369151,8.7,6.932
DOTUSDT,SELL,LIMIT,1702202372536,135.2,6.937
DOTUSDT,SELL,LIMIT,1702202374085,10.2,6.929
DOTUSDT,SELL,LIMIT,1702202375542,1.0,6.931
DOTUSDT,SELL,LIMIT,1702202380131,12.6,6.930
DOTUSDT,SELL,LIMIT,1702202383263,68.3,6.929
DOTUSDT,SELL,LIMIT,1702202392126,120.7,6.927
DOTUSDT,SELL,LIMIT,1702202395072,404.5,6.927
DOTUSDT,SELL,LIMIT,1702202399307,3.0,6.926
DOTUSDT,SELL,LIMIT,1702202400370,1397.4,6.926
DOTUSDT,SELL,LIMIT,1702202404626,15.0,6.923
DOTUSDT,SELL,LIMIT,1702202408651,8.3,6.922
DOTUSDT,SELL,LIMIT,1702205686889,181.5,7.011
DOTUSDT,BUY,LIMIT,1702205692827,351.1,7.104
DOTUSDT,BUY,LIMIT,1702206006576,1419.4,7.120
DOTUSDT,BUY,LIMIT,1702206009184,71.7,7.121
DOTUSDT,BUY,LIMIT,1702206631015,309.0,7.142
DOTUSDT,BUY,LIMIT,1702209646659,108.0,7.156
DOTUSDT,BUY,LIMIT,1702209735101,10.6,7.178
DOTUSDT,BUY,LIMIT,1702209752780,150.1,7.186
DOTUSDT,BUY,LIMIT,1702209763186,196.0,7.186
DOTUSDT,BUY,LIMIT,1702209779137,299.8,7.187
DOTUSDT,BUY,LIMIT,1702209818626,2.1,7.192
DOTUSDT,SELL,LIMIT,1702209998021,10.3,7.502
DOTUSDT,BUY,LIMIT,1702210131743,62.4,7.194
DOTUSDT,BUY,LIMIT,1702210732813,38.8,7.233
DOTUSDT,BUY,LIMIT,1702210842952,148.3,7.240
DOTUSDT,BUY,LIMIT,1702210878196,51.0,7.246
DOTUSDT,BUY,LIMIT,1702210974849,1401.5,7.256
DOTUSDT,BUY,LIMIT,1702211129096,35.3,7.260
DOTUSDT,BUY,LIMIT,1702212356465,1337.0,7.288
DOTUSDT,SELL,LIMIT,1702218789247,8.5,7.150
DOTUSDT,BUY,LIMIT,1702219591547,101.7,7.282
DOTUSDT,BUY,LIMIT,1702219606259,82.9,7.285
DOTUSDT,BUY,LIMIT,1702219612536,54.6,7.287
DOTUSDT,BUY,LIMIT,1702219757265,20.8,7.290
DOTUSDT,BUY,LIMIT,1702220047101,110.0,7.300
DOTUSDT,BUY,LIMIT,1702220118043,455.6,7.305
DOTUSDT,BUY,LIMIT,1702220142513,1377.1,7.307
DOTUSDT,BUY,LIMIT,1702220153397,10.3,7.313
DOTUSDT,SELL,LIMIT,1702227395302,9.0,7.141
DOTUSDT,SELL,LIMIT,1702227536275,275.7,7.140
DOTUSDT,SELL,LIMIT,1702227615534,1.2,7.139
DOTUSDT,SELL,LIMIT,1702228025686,197.2,7.132
DOTUSDT,SELL,LIMIT,1702228368014,231.4,7.128
DOTUSDT,SELL,LIMIT,1702228415686,142.4,7.123
DOTUSDT,SELL,LIMIT,1702228534977,300.0,7.110
DOTUSDT,SELL,LIMIT,1702228814014,1.5,7.107
DOTUSDT,SELL,LIMIT,1702228845502,208.3,7.106
DOTUSDT,SELL,LIMIT,1702229299326,357.2,7.253
DOTUSDT,SELL,LIMIT,1702229300465,163.5,7.091
DOTUSDT,SELL,LIMIT,1702229869072,39.5,7.089
DOTUSDT,SELL,LIMIT,1702230192252,8.8,7.082
DOTUSDT,SELL,LIMIT,1702230617879,200.0,7.070
DOTUSDT,BUY,LIMIT,1702231310668,3.1,7.216
DOTUSDT,BUY,LIMIT,1702232541626,143.5,7.240
DOTUSDT,BUY,LIMIT,1702232545648,110.0,7.241
DOTUSDT,BUY,LIMIT,1702233019890,282.7,7.273
DOTUSDT,SELL,LIMIT,1702233476772,21.1,7.127
DOTUSDT,SELL,LIMIT,1702236699582,6.7,7.108
DOTUSDT,SELL,LIMIT,1702236868832,212.3,7.107
DOTUSDT,SELL,LIMIT,1702236891369,25.7,7.102
DOTUSDT,BUY,LIMIT,1702238596401,25.5,7.219
DOTUSDT,BUY,LIMIT,1702238599355,183.2,7.241
DOTUSDT,BUY,LIMIT,1702239834575,0.9,7.262
DOTUSDT,BUY,LIMIT,1702239850041,3.4,7.266
DOTUSDT,BUY,LIMIT,1702239866546,41.6,7.276
DOTUSDT,BUY,LIMIT,1702239870514,1129.8,7.281
DOTUSDT,BUY,LIMIT,1702239904571,1455.1,7.286
DOTUSDT,BUY,LIMIT,1702239942241,854.8,7.291
DOTUSDT,BUY,LIMIT,1702239947428,69.6,7.292
DOTUSDT,BUY,LIMIT,1702239954318,7.6,7.296
DOTUSDT,BUY,LIMIT,1702240024598,55.2,7.312
DOTUSDT,BUY,LIMIT,1702240058393,27.5,7.314
DOTUSDT,BUY,LIMIT,1702240065546,11.7,7.319
DOTUSDT,BUY,LIMIT,1702240067213,0.2,7.322
DOTUSDT,BUY,LIMIT,1702240099053,1363.4,7.333
DOTUSDT,BUY,LIMIT,1702240101900,1.2,7.333
DOTUSDT,BUY,LIMIT,1702240124350,116.8,7.345
DOTUSDT,BUY,LIMIT,1702240131902,85.7,7.347
DOTUSDT,BUY,LIMIT,1702240138344,1.4,7.351
DOTUSDT,SELL,LIMIT,1702240199594,30.6,7.207
DOTUSDT,SELL,LIMIT,1702240214178,685.4,7.200
DOTUSDT,SELL,LIMIT,1702240318748,207.6,7.182
DOTUSDT,BUY,LIMIT,1702240379528,3.4,7.280
DOTUSDT,BUY,LIMIT,1702240386133,12.0,7.283
DOTUSDT,BUY,LIMIT,1702240603112,354.1,7.301
DOTUSDT,BUY,LIMIT,1702240714618,925.8,7.313
DOTUSDT,BUY,LIMIT,1702240736700,9.5,7.317
DOTUSDT,BUY,LIMIT,1702240764155,13.9,7.337
DOTUSDT,SELL,LIMIT,1702240778710,105.3,7.321
DOTUSDT,SELL,LIMIT,1702241182472,0.1,7.238
DOTUSDT,BUY,LIMIT,1702241731887,2.0,7.360
DOTUSDT,BUY,LIMIT,1702243182806,1.8,7.314
DOTUSDT,SELL,LIMIT,1702243619257,33.7,7.215
DOTUSDT,SELL,LIMIT,1702243631482,25.8,7.214
DOTUSDT,SELL,LIMIT,1702243647362,15.7,7.192
DOTUSDT,SELL,LIMIT,1702243704422,180.1,7.186
DOTUSDT,SELL,LIMIT,1702243711309,5.1,7.182
DOTUSDT,SELL,LIMIT,1702243730597,32.5,7.175
DOTUSDT,SELL,LIMIT,1702243984663,5552.0,7.154
DOTUSDT,BUY,LIMIT,1702249531919,13.2,7.348
DOTUSDT,SELL,LIMIT,1702250236858,1367.1,7.210
DOTUSDT,SELL,LIMIT,1702250292645,165.5,7.197
DOTUSDT,SELL,LIMIT,1702250303007,16.9,7.188
DOTUSDT,SELL,LIMIT,1702250305165,184.0,7.185
DOTUSDT,BUY,LIMIT,1702250720549,9.7,7.325
DOTUSDT,BUY,LIMIT,1702252010041,120.5,7.371
DOTUSDT,BUY,LIMIT,1702252301267,287.2,7.380
DOTUSDT,BUY,LIMIT,1702252312247,158.1,7.382
DOTUSDT,BUY,LIMIT,1702252313904,146.2,7.383
DOTUSDT,BUY,LIMIT,1702252408021,28.0,7.391
DOTUSDT,BUY,LIMIT,1702252411722,22.0,7.399
DOTUSDT,BUY,LIMIT,1702253277058,139.5,7.405
DOTUSDT,SELL,LIMIT,1702253490416,1.1,7.246
DOTUSDT,SELL,LIMIT,1702253583325,85.8,7.241
DOTUSDT,SELL,LIMIT,1702253701609,93.6,7.213
DOTUSDT,SELL,LIMIT,1702253821368,225.2,7.202
DOTUSDT,SELL,LIMIT,1702255602118,108.3,7.155
DOTUSDT,SELL,LIMIT,1702255610195,5.0,7.153
DOTUSDT,SELL,LIMIT,1702256096804,16.3,7.150
DOTUSDT,SELL,LIMIT,1702256110604,20.0,7.146
DOTUSDT,SELL,LIMIT,1702256130915,7.3,7.147
DOTUSDT,SELL,LIMIT,1702256161486,6883.2,7.119
DOTUSDT,SELL,LIMIT,1702256438626,101.3,7.136
DOTUSDT,SELL,LIMIT,1702256440669,1.0,7.131
DOTUSDT,SELL,LIMIT,1702256442216,27.2,7.128
DOTUSDT,SELL,LIMIT,1702256450453,5763.8,7.103
DOTUSDT,SELL,LIMIT,1702256577226,183.4,7.125
DOTUSDT,SELL,LIMIT,1702256583147,341.7,7.112
DOTUSDT,SELL,LIMIT,1702256601742,28.7,7.108
DOTUSDT,SELL,LIMIT,1702256606352,4.3,7.107
DOTUSDT,SELL,LIMIT,1702256609422,119.8,7.103
DOTUSDT,SELL,LIMIT,1702256613437,500.0,7.094
DOTUSDT,SELL,LIMIT,1702256615092,4.2,7.093
DOTUSDT,SELL,LIMIT,1702256620300,68.6,7.090
DOTUSDT,SELL,LIMIT,1702256661743,28.0,7.093
DOTUSDT,SELL,LIMIT,1702256714361,40.6,7.096
DOTUSDT,SELL,LIMIT,1702256716176,255.0,7.081
DOTUSDT,SELL,LIMIT,1702256724030,11.0,7.079
DOTUSDT,SELL,LIMIT,1702256725741,18.1,7.080
DOTUSDT,SELL,LIMIT,1702256730011,259.1,7.078
DOTUSDT,SELL,LIMIT,1702256910485,322.0,7.075
DOTUSDT,SELL,LIMIT,1702256914502,34.7,7.066
DOTUSDT,SELL,LIMIT,1702256915736,4.9,7.068
DOTUSDT,SELL,LIMIT,1702256917406,2.9,7.057
DOTUSDT,SELL,LIMIT,1702256921065,9.3,7.051
DOTUSDT,SELL,LIMIT,1702256985307,66.9,7.054
DOTUSDT,SELL,LIMIT,1702256996845,51.4,7.045
DOTUSDT,SELL,LIMIT,1702257007488,488.3,7.044
DOTUSDT,BUY,LIMIT,1702258365145,19.1,7.238
DOTUSDT,BUY,LIMIT,1702258372272,59.8,7.240
DOTUSDT,BUY,LIMIT,1702258705633,409.9,7.261
DOTUSDT,SELL,LIMIT,1702260181827,1371.3,7.153
DOTUSDT,SELL,LIMIT,1702260282397,2.0,7.133
DOTUSDT,SELL,LIMIT,1702260284232,162.6,7.130
DOTUSDT,SELL,LIMIT,1702260285446,161.2,7.126
DOTUSDT,SELL,LIMIT,1702260422278,2.1,7.095
DOTUSDT,SELL,LIMIT,1702260427333,24.7,7.086
DOTUSDT,SELL,LIMIT,1702260429490,26.7,7.080
DOTUSDT,SELL,LIMIT,1702260430494,13.8,7.078
DOTUSDT,SELL,LIMIT,1702260431498,654.5,7.075
DOTUSDT,SELL,LIMIT,1702260434188,852.1,7.068
DOTUSDT,SELL,LIMIT,1702260436644,4.8,7.158
DOTUSDT,SELL,LIMIT,1702260437842,1188.6,7.060
DOTUSDT,SELL,LIMIT,1702260440271,60.2,7.072
DOTUSDT,SELL,LIMIT,1702260441416,1281.6,7.058
DOTUSDT,SELL,LIMIT,1702260620341,6.3,7.040
DOTUSDT,SELL,LIMIT,1702260623356,220.0,7.039
DOTUSDT,SELL,LIMIT,1702260625450,4.8,7.039
DOTUSDT,SELL,LIMIT,1702260626649,2835.2,7.025
DOTUSDT,SELL,LIMIT,1702260629154,179.1,7.018
DOTUSDT,SELL,LIMIT,1702260630367,199.5,7.024
DOTUSDT,SELL,LIMIT,1702260631507,0.5,7.010
DOTUSDT,SELL,LIMIT,1702260632524,120.0,7.009
DOTUSDT,SELL,LIMIT,1702260633542,3191.7,6.989
DOTUSDT,SELL,LIMIT,1702260634772,10.2,7.002
DOTUSDT,SELL,LIMIT,1702260636183,33.2,7.040
DOTUSDT,SELL,LIMIT,1702260637339,64.3,6.996
DOTUSDT,SELL,LIMIT,1702260664143,679.0,6.983
DOTUSDT,SELL,LIMIT,1702260665217,1.8,6.989
DOTUSDT,SELL,LIMIT,1702260668759,108.8,6.984
DOTUSDT,SELL,LIMIT,1702260689507,1850.0,6.975
DOTUSDT,SELL,LIMIT,1702260692890,20.0,6.981
DOTUSDT,SELL,LIMIT,1702260694495,245.9,6.978
DOTUSDT,SELL,LIMIT,1702260695837,110.0,6.975
DOTUSDT,SELL,LIMIT,1702260697673,19.9,6.971
DOTUSDT,SELL,LIMIT,1702260698843,250.0,6.964
DOTUSDT,SELL,LIMIT,1702260700116,15.0,6.954
DOTUSDT,SELL,LIMIT,1702260701369,1.6,6.949
DOTUSDT,SELL,LIMIT,1702260706218,56.7,6.952
DOTUSDT,SELL,LIMIT,1702260707222,10.6,6.946
DOTUSDT,SELL,LIMIT,1702260708162,420.9,6.934
DOTUSDT,SELL,LIMIT,1702260709508,36.2,6.943
DOTUSDT,SELL,LIMIT,1702260710951,4.0,6.929
DOTUSDT,SELL,LIMIT,1702260712547,198.0,6.930
DOTUSDT,SELL,LIMIT,1702260713593,36.3,6.924
DOTUSDT,SELL,LIMIT,1702260714713,717.9,6.921
DOTUSDT,SELL,LIMIT,1702260715729,164.4,6.919
DOTUSDT,SELL,LIMIT,1702260716734,2.8,6.915
DOTUSDT,SELL,LIMIT,1702260717740,100.0,6.889
DOTUSDT,SELL,LIMIT,1702260718798,124.3,6.918
DOTUSDT,SELL,LIMIT,1702260719822,8.2,6.879
DOTUSDT,SELL,LIMIT,1702260721616,513.1,6.876
DOTUSDT,SELL,LIMIT,1702260722654,794.1,6.870
DOTUSDT,SELL,LIMIT,1702260723675,218.5,6.860
DOTUSDT,SELL,LIMIT,1702260724699,1.8,6.864
DOTUSDT,SELL,LIMIT,1702260725727,76.6,6.856
DOTUSDT,SELL,LIMIT,1702260726926,42.8,6.855
DOTUSDT,SELL,LIMIT,1702260727936,20.6,6.853
DOTUSDT,SELL,LIMIT,1702260728947,24.1,6.855
DOTUSDT,SELL,LIMIT,1702260730139,1000.0,6.841
DOTUSDT,SELL,LIMIT,1702260731186,20.0,6.824
DOTUSDT,SELL,LIMIT,1702260732742,19.4,6.819
DOTUSDT,SELL,LIMIT,1702260733821,400.5,6.822
DOTUSDT,SELL,LIMIT,1702260735217,59.4,6.824
DOTUSDT,SELL,LIMIT,1702260736409,30.0,6.815
DOTUSDT,SELL,LIMIT,1702260737453,2.1,6.812
DOTUSDT,SELL,LIMIT,1702260738461,637.7,6.805
DOTUSDT,SELL,LIMIT,1702260739472,14.9,6.795
DOTUSDT,SELL,LIMIT,1702260740562,11.6,6.799
DOTUSDT,SELL,LIMIT,1702260741583,318.6,6.775
DOTUSDT,SELL,LIMIT,1702260742598,112.2,6.776
DOTUSDT,SELL,LIMIT,1702260743631,115.3,6.764
DOTUSDT,SELL,LIMIT,1702260744717,67.9,6.768
DOTUSDT,SELL,LIMIT,1702260745721,10.8,6.892
DOTUSDT,SELL,LIMIT,1702260746852,40.9,6.772
DOTUSDT,SELL,LIMIT,1702260748482,11.9,6.764
DOTUSDT,SELL,LIMIT,1702260749492,15.0,6.753
DOTUSDT,SELL,LIMIT,1702260750618,21.8,6.744
DOTUSDT,SELL,LIMIT,1702260751747,236.2,6.736
DOTUSDT,SELL,LIMIT,1702260752823,13.5,6.735
DOTUSDT,SELL,LIMIT,1702260753920,966.6,6.730
DOTUSDT,SELL,LIMIT,1702260754996,17.5,6.742
DOTUSDT,SELL,LIMIT,1702260756509,529.0,6.720
DOTUSDT,SELL,LIMIT,1702260757525,43.8,6.714
DOTUSDT,SELL,LIMIT,1702260758561,14.7,6.714
DOTUSDT,SELL,LIMIT,1702260759588,452.1,6.708
DOTUSDT,SELL,LIMIT,1702260760574,2.1,6.704
DOTUSDT,SELL,LIMIT,1702260761867,18.0,6.704
DOTUSDT,SELL,LIMIT,1702260762964,26.9,6.721
DOTUSDT,SELL,LIMIT,1702260764007,17.7,6.744
DOTUSDT,SELL,LIMIT,1702260765058,5902.1,6.693
DOTUSDT,SELL,LIMIT,1702260766140,2.7,6.682
DOTUSDT,SELL,LIMIT,1702260767146,68.2,6.675
DOTUSDT,SELL,LIMIT,1702260768194,175.1,6.658
DOTUSDT,SELL,LIMIT,1702260769318,7.2,6.641
DOTUSDT,SELL,LIMIT,1702260770311,32.1,6.728
DOTUSDT,SELL,LIMIT,1702260771509,17642.7,6.563
DOTUSDT,SELL,LIMIT,1702260772518,232.5,6.599
DOTUSDT,SELL,LIMIT,1702260773568,3332.7,6.580
DOTUSDT,SELL,LIMIT,1702260774582,234.0,6.680
DOTUSDT,SELL,LIMIT,1702260775596,108.0,6.547
DOTUSDT,SELL,LIMIT,1702260776770,86.1,6.683
DOTUSDT,SELL,LIMIT,1702260777827,14.6,6.543
DOTUSDT,SELL,LIMIT,1702260778870,50.0,6.545
DOTUSDT,SELL,LIMIT,1702260779885,77.3,6.474
DOTUSDT,SELL,LIMIT,1702260780972,57.8,6.462
DOTUSDT,SELL,LIMIT,1702260782007,27.7,6.478
DOTUSDT,SELL,LIMIT,1702260783015,363.2,6.465
DOTUSDT,SELL,LIMIT,1702260784054,13.1,6.440
DOTUSDT,SELL,LIMIT,1702260785087,4.3,6.440
DOTUSDT,SELL,LIMIT,1702260786093,4.8,6.443
DOTUSDT,SELL,LIMIT,1702260787107,55.5,6.412
DOTUSDT,SELL,LIMIT,1702260788130,2.3,6.412
DOTUSDT,SELL,LIMIT,1702260789131,14.8,6.417
DOTUSDT,SELL,LIMIT,1702260790188,50.0,6.404
DOTUSDT,SELL,LIMIT,1702260791333,252.0,6.403
DOTUSDT,SELL,LIMIT,1702260792353,39.3,6.398
DOTUSDT,SELL,LIMIT,1702260793435,17.3,6.392
DOTUSDT,SELL,LIMIT,1702260794458,58.4,6.373
DOTUSDT,SELL,LIMIT,1702260795478,31.6,6.375
DOTUSDT,SELL,LIMIT,1702260796544,7.5,6.506
DOTUSDT,SELL,LIMIT,1702260797559,754.1,6.296
DOTUSDT,SELL,LIMIT,1702260798568,54.3,6.303
DOTUSDT,SELL,LIMIT,1702260799641,5.0,6.299
DOTUSDT,SELL,LIMIT,1702260800653,1344.0,6.294
DOTUSDT,SELL,LIMIT,1702260801652,11.1,6.321
DOTUSDT,SELL,LIMIT,1702260802689,44.7,6.297
DOTUSDT,SELL,LIMIT,1702260803691,0.7,6.298
DOTUSDT,SELL,LIMIT,1702260804879,12.2,6.300
DOTUSDT,SELL,LIMIT,1702260805940,7.5,6.449
DOTUSDT,SELL,LIMIT,1702260806949,963.7,6.276
DOTUSDT,SELL,LIMIT,1702260807962,46.4,6.283
DOTUSDT,SELL,LIMIT,1702260809082,250.0,6.284
DOTUSDT,SELL,LIMIT,1702260810143,4.6,6.257
DOTUSDT,SELL,LIMIT,1702260811215,12.1,6.261
DOTUSDT,SELL,LIMIT,1702260812223,35.0,6.254
DOTUSDT,SELL,LIMIT,1702260813265,73.1,6.263
DOTUSDT,SELL,LIMIT,1702260814323,3.9,6.276
DOTUSDT,BUY,LIMIT,1702260815499,97.2,6.361
DOTUSDT,SELL,LIMIT,1702260818101,10.8,6.266
DOTUSDT,SELL,LIMIT,1702260820832,1.2,6.315
DOTUSDT,SELL,LIMIT,1702260821866,44.6,6.351
DOTUSDT,SELL,LIMIT,1702260822896,150.0,6.296
DOTUSDT,SELL,LIMIT,1702260825635,50.0,6.306
DOTUSDT,BUY,LIMIT,1702260828546,22.9,6.413
DOTUSDT,SELL,LIMIT,1702260834489,27.9,6.341
DOTUSDT,BUY,LIMIT,1702260836265,7.0,6.424
DOTUSDT,BUY,LIMIT,1702260838148,662.9,6.444
DOTUSDT,BUY,LIMIT,1702260840393,10.7,6.473
DOTUSDT,BUY,LIMIT,1702260854700,80.3,6.484
DOTUSDT,BUY,LIMIT,1702260860358,77.0,6.497
DOTUSDT,SELL,LIMIT,1702260868416,500.0,6.432
DOTUSDT,BUY,LIMIT,1702260874336,10.0,6.526
DOTUSDT,BUY,LIMIT,1702260883371,20.1,6.543
DOTUSDT,BUY,LIMIT,1702260898010,114.3,6.566
DOTUSDT,BUY,LIMIT,1702260899490,47.5,6.576
DOTUSDT,BUY,LIMIT,1702260910158,0.5,6.618
DOTUSDT,BUY,LIMIT,1702260939801,490.0,6.665
DOTUSDT,BUY,LIMIT,1702260947336,9.2,6.654
DOTUSDT,SELL,LIMIT,1702260987065,49.3,6.518
DOTUSDT,SELL,LIMIT,1702261010838,4.3,6.507
DOTUSDT,SELL,LIMIT,1702261030397,3123.3,6.522
DOTUSDT,BUY,LIMIT,1702261142152,611.3,6.712
DOTUSDT,BUY,LIMIT,1702261442821,648.1,6.774
DOTUSDT,BUY,LIMIT,1702261444394,23.9,6.776
DOTUSDT,SELL,LIMIT,1702261596498,4.2,6.646
DOTUSDT,SELL,LIMIT,1702262501884,340.6,6.661
DOTUSDT,SELL,LIMIT,1702262562538,57.8,6.651
DOTUSDT,SELL,LIMIT,1702262568823,45.5,6.639
DOTUSDT,SELL,LIMIT,1702262580268,145.1,6.637
DOTUSDT,SELL,LIMIT,1702262586549,523.8,6.632
DOTUSDT,SELL,LIMIT,1702262604264,26.0,6.626
DOTUSDT,SELL,LIMIT,1702262611308,372.9,6.615
DOTUSDT,SELL,LIMIT,1702262613097,378.8,6.609
DOTUSDT,SELL,LIMIT,1702262616264,7440.4,6.587
DOTUSDT,SELL,LIMIT,1702262618832,518.9,6.602
DOTUSDT,SELL,LIMIT,1702262619904,55.7,6.598
DOTUSDT,SELL,LIMIT,1702262623144,3.0,6.607
DOTUSDT,SELL,LIMIT,1702262626141,31.4,6.597
DOTUSDT,SELL,LIMIT,1702262844833,190.0,6.589
DOTUSDT,SELL,LIMIT,1702262873708,7.9,6.582
DOTUSDT,BUY,LIMIT,1702263232120,95.8,6.757
DOTUSDT,BUY,LIMIT,1702264010426,65.7,6.812
DOTUSDT,BUY,LIMIT,1702264099080,52.7,6.825
DOTUSDT,BUY,LIMIT,1702264115011,6.0,6.830
DOTUSDT,BUY,LIMIT,1702265886597,2.9,6.876
DOTUSDT,BUY,LIMIT,1702266000873,45.1,6.898
DOTUSDT,BUY,LIMIT,1702266547268,43.8,6.915
DOTUSDT,BUY,LIMIT,1702266552601,0.8,6.926
DOTUSDT,SELL,LIMIT,1702267241685,23.0,6.786
DOTUSDT,BUY,LIMIT,1702267662158,57.2,6.950
DOTUSDT,BUY,LIMIT,1702267663306,30.0,6.951
DOTUSDT,SELL,LIMIT,1702268428160,144.7,6.815
DOTUSDT,SELL,LIMIT,1702268508308,492.8,6.799
DOTUSDT,SELL,LIMIT,1702268510537,49.7,6.796
