Symbol,Side,Order Type,Time,Quantity,Price
DUSKUSDT,SELL,LIMIT,1701069027357,887,0.15958
DUSKUSDT,SELL,LIMIT,1701080696521,177,0.15807
DUSKUSDT,SELL,LIMIT,1701081132202,400,0.15914
DUSKUSDT,SELL,LIMIT,1701081484447,3065,0.15827
DUSKUSDT,SELL,LIMIT,1701082056720,122,0.15810
DUSKUSDT,SELL,LIMIT,1701082624303,49,0.15719
DUSKUSDT,SELL,LIMIT,1701084916495,379,0.15621
DUSKUSDT,BUY,LIMIT,1701088581637,482,0.16371
DUSKUSDT,SELL,LIMIT,1701093138487,117,0.15748
DUSKUSDT,SELL,LIMIT,1701097007173,168,0.15649
DUSKUSDT,SELL,LIMIT,1701097047437,3186,0.15644
DUSKUSDT,SELL,LIMIT,1701100531918,1367,0.15580
DUSKUSDT,SELL,LIMIT,1701100567321,278,0.15548
DUSKUSDT,SELL,LIMIT,1701100587312,356,0.15522
DUSKUSDT,SELL,LIMIT,1701114352850,49,0.15634
DUSKUSDT,SELL,LIMIT,1701114464216,30892,0.15607
DUSKUSDT,SELL,LIMIT,1701118150096,964,0.15492
DUSKUSDT,BUY,LIMIT,1701128486298,3476,0.16713
DUSKUSDT,BUY,LIMIT,1701128527954,3487,0.16764
DUSKUSDT,BUY,LIMIT,1701128630503,1735,0.16795
DUSKUSDT,BUY,LIMIT,1701130954219,1051,0.16852
DUSKUSDT,BUY,LIMIT,1701130966988,43,0.16875
DUSKUSDT,BUY,LIMIT,1701131894483,4047,0.16857
DUSKUSDT,SELL,LIMIT,1701135785634,1749,0.16113
DUSKUSDT,SELL,LIMIT,1701137307099,6642,0.15849
DUSKUSDT,SELL,LIMIT,1701147925492,62,0.16067
DUSKUSDT,BUY,LIMIT,1701152241996,4321,0.17062
DUSKUSDT,BUY,LIMIT,1701152292169,1141,0.17084
DUSKUSDT,BUY,LIMIT,1701153376196,160,0.17181
DUSKUSDT,BUY,LIMIT,1701155354152,421,0.17233
DUSKUSDT,BUY,LIMIT,1701175860249,81,0.17288
DUSKUSDT,BUY,LIMIT,1701176014372,39,0.17336
DUSKUSDT,BUY,LIMIT,1701192052202,4916,0.17430
DUSKUSDT,BUY,LIMIT,1701192056096,526,0.17449
DUSKUSDT,BUY,LIMIT,1701192083669,266,0.17470
DUSKUSDT,BUY,LIMIT,1701192284279,513,0.17489
DUSKUSDT,SELL,LIMIT,1701197625033,106,0.16413
DUSKUSDT,SELL,LIMIT,1701198543928,1599,0.16815
DUSKUSDT,BUY,LIMIT,1701200477566,606,0.17129
DUSKUSDT,SELL,LIMIT,1701202907364,1468,0.16330
DUSKUSDT,BUY,LIMIT,1701234660197,35,0.16926
DUSKUSDT,SELL,LIMIT,1701235877225,6047,0.16179
DUSKUSDT,SELL,LIMIT,1701236099080,45,0.16118
DUSKUSDT,SELL,LIMIT,1701236100152,213,0.16113
DUSKUSDT,SELL,LIMIT,1701236182336,13263,0.16093
DUSKUSDT,SELL,LIMIT,1701253807135,394,0.16013
DUSKUSDT,SELL,LIMIT,1701253909397,3965,0.15993
DUSKUSDT,SELL,LIMIT,1701253911380,272,0.15972
DUSKUSDT,SELL,LIMIT,1701254066045,1478,0.15889
DUSKUSDT,SELL,LIMIT,1701254067058,676,0.15900
DUSKUSDT,SELL,LIMIT,1701254646625,1581,0.15873
DUSKUSDT,SELL,LIMIT,1701254655841,89,0.15863
DUSKUSDT,SELL,LIMIT,1701259251409,3314,0.15785
DUSKUSDT,SELL,LIMIT,1701262763392,7005,0.15717
DUSKUSDT,SELL,LIMIT,1701269158475,110,0.15664
DUSKUSDT,SELL,LIMIT,1701269280969,964,0.15640
DUSKUSDT,SELL,LIMIT,1701269285249,70,0.15639
DUSKUSDT,SELL,LIMIT,1701269295766,2125,0.15634
DUSKUSDT,SELL,LIMIT,1701270451128,1215,0.15653
DUSKUSDT,SELL,LIMIT,1701270573045,1871,0.15625
DUSKUSDT,SELL,LIMIT,1701270593309,102,0.15596
DUSKUSDT,SELL,LIMIT,1701270616099,1500,0.15580
DUSKUSDT,SELL,LIMIT,1701275594881,30574,0.15536
DUSKUSDT,SELL,LIMIT,1701275804124,663,0.15504
DUSKUSDT,SELL,LIMIT,1701283835404,620,0.15599
DUSKUSDT,SELL,LIMIT,1701299247726,982,0.15586
DUSKUSDT,BUY,LIMIT,1701309092128,1578,0.16469
DUSKUSDT,BUY,LIMIT,1701314815204,3123,0.16617
DUSKUSDT,SELL,LIMIT,1701353010523,1823,0.15876
DUSKUSDT,BUY,LIMIT,1701405515309,33,0.16805
DUSKUSDT,BUY,LIMIT,1701478727932,151,0.17123
DUSKUSDT,BUY,LIMIT,1701478798890,71,0.17134
DUSKUSDT,BUY,LIMIT,1701486005976,1883,0.17114
