Symbol,Side,Order Type,Time,Quantity,Price
DUSKUSDT,SELL,LIMIT,1701940555348,25084,0.16457
DUSKUSDT,SELL,LIMIT,1701940569447,342,0.16409
DUSKUSDT,SELL,LIMIT,1701941148794,132,0.16334
DUSKUSDT,SELL,LIMIT,1701941188347,281,0.16258
DUSKUSDT,SELL,LIMIT,1701941189792,1134,0.16287
DUSKUSDT,SELL,LIMIT,1701941192937,117,0.16234
DUSKUSDT,SELL,LIMIT,1701941245195,9705,0.16206
DUSKUSDT,BUY,LIMIT,1701961350442,1159,0.17703
DUSKUSDT,BUY,LIMIT,1701961408648,125,0.17746
DUSKUSDT,BUY,LIMIT,1701961699215,2086,0.17921
DUSKUSDT,BUY,LIMIT,1701965907516,248,0.18140
DUSKUSDT,BUY,LIMIT,1701966741157,308,0.18192
DUSKUSDT,SELL,LIMIT,1701976483476,2153,0.16947
DUSKUSDT,SELL,LIMIT,1701977091156,2434,0.16896
DUSKUSDT,SELL,LIMIT,1701977219595,483,0.16869
DUSKUSDT,SELL,LIMIT,1701977299334,2849,0.16853
DUSKUSDT,BUY,LIMIT,1702007011002,365,0.18071
DUSKUSDT,BUY,LIMIT,1702007154541,161,0.18082
DUSKUSDT,BUY,LIMIT,1702033368251,1962,0.17937
DUSKUSDT,BUY,LIMIT,1702047077494,3049,0.17823
DUSKUSDT,BUY,LIMIT,1702051568472,41,0.17908
DUSKUSDT,BUY,LIMIT,1702053445380,388,0.18023
DUSKUSDT,SELL,LIMIT,1702056556657,14694,0.17128
DUSKUSDT,BUY,LIMIT,1702075661381,321,0.18174
DUSKUSDT,BUY,LIMIT,1702078548839,4108,0.18212
DUSKUSDT,BUY,LIMIT,1702082331269,187,0.18334
DUSKUSDT,BUY,LIMIT,1702082957417,2263,0.18359
DUSKUSDT,BUY,LIMIT,1702084026438,94,0.18155
DUSKUSDT,BUY,LIMIT,1702099075118,1025,0.18362
DUSKUSDT,BUY,LIMIT,1702100842353,31,0.18434
DUSKUSDT,BUY,LIMIT,1702107991122,122,0.18627
DUSKUSDT,BUY,LIMIT,1702108079258,1192,0.18670
DUSKUSDT,BUY,LIMIT,1702109776976,284,0.18627
DUSKUSDT,BUY,LIMIT,1702109923055,64,0.18694
DUSKUSDT,BUY,LIMIT,1702110068345,184,0.18777
DUSKUSDT,BUY,LIMIT,1702110118435,721,0.18788
DUSKUSDT,BUY,LIMIT,1702110326953,366,0.18758
DUSKUSDT,SELL,LIMIT,1702110445542,61,0.17971
DUSKUSDT,SELL,LIMIT,1702111031400,48,0.17552
DUSKUSDT,SELL,LIMIT,1702111038681,130,0.17513
DUSKUSDT,SELL,LIMIT,1702111041488,145,0.17507
DUSKUSDT,SELL,LIMIT,1702111044493,954,0.17514
DUSKUSDT,SELL,LIMIT,1702111047307,3194,0.17465
DUSKUSDT,SELL,LIMIT,1702111387570,272,0.17368
DUSKUSDT,SELL,LIMIT,1702132826811,5814,0.17427
DUSKUSDT,SELL,LIMIT,1702132993653,2936,0.17350
DUSKUSDT,SELL,LIMIT,1702134782996,23646,0.17322
DUSKUSDT,SELL,LIMIT,1702134851155,1180,0.17262
DUSKUSDT,SELL,LIMIT,1702134882345,1157,0.17252
DUSKUSDT,SELL,LIMIT,1702141760742,110,0.17206
DUSKUSDT,SELL,LIMIT,1702141762293,3288,0.17176
DUSKUSDT,SELL,LIMIT,1702141783645,3770,0.17148
DUSKUSDT,SELL,LIMIT,1702141850166,11133,0.17150
DUSKUSDT,SELL,LIMIT,1702141851758,15482,0.17141
DUSKUSDT,SELL,LIMIT,1702164544300,1117,0.17260
DUSKUSDT,SELL,LIMIT,1702164750114,113,0.17196
DUSKUSDT,SELL,LIMIT,1702164865936,1317,0.17133
DUSKUSDT,SELL,LIMIT,1702164867304,3605,0.17130
DUSKUSDT,SELL,LIMIT,1702164869590,70,0.17117
DUSKUSDT,SELL,LIMIT,1702197857111,222,0.17024
DUSKUSDT,SELL,LIMIT,1702200544737,4322,0.16949
DUSKUSDT,SELL,LIMIT,1702200733602,84,0.16927
DUSKUSDT,SELL,LIMIT,1702200736905,364,0.16918
DUSKUSDT,SELL,LIMIT,1702200766343,840,0.16895
DUSKUSDT,SELL,LIMIT,1702200916374,6231,0.16848
DUSKUSDT,SELL,LIMIT,1702201470463,7249,0.16821
DUSKUSDT,SELL,LIMIT,1702201478328,4298,0.16814
DUSKUSDT,SELL,LIMIT,1702202157134,279,0.16767
DUSKUSDT,SELL,LIMIT,1702202162157,112,0.16758
DUSKUSDT,SELL,LIMIT,1702202374573,9230,0.16644
DUSKUSDT,SELL,LIMIT,1702202406420,607,0.16611
DUSKUSDT,SELL,LIMIT,1702214452984,39,0.16933
DUSKUSDT,SELL,LIMIT,1702257009274,4400,0.16849
DUSKUSDT,SELL,LIMIT,1702260432556,7026,0.16980
DUSKUSDT,SELL,LIMIT,1702260439933,137,0.16935
DUSKUSDT,SELL,LIMIT,1702260623357,2109,0.16845
DUSKUSDT,SELL,LIMIT,1702260631515,2841,0.16783
DUSKUSDT,SELL,LIMIT,1702260658681,2831,0.16742
DUSKUSDT,SELL,LIMIT,1702260668484,275,0.16729
DUSKUSDT,SELL,LIMIT,1702260689903,267,0.16806
DUSKUSDT,SELL,LIMIT,1702260697844,18204,0.16707
DUSKUSDT,SELL,LIMIT,1702260701316,283,0.16687
DUSKUSDT,SELL,LIMIT,1702260708613,5749,0.16656
DUSKUSDT,SELL,LIMIT,1702260710082,840,0.16619
DUSKUSDT,SELL,LIMIT,1702260711571,704,0.16636
DUSKUSDT,SELL,LIMIT,1702260713225,3206,0.16609
DUSKUSDT,SELL,LIMIT,1702260714253,2310,0.16584
DUSKUSDT,SELL,LIMIT,1702260716506,11625,0.16579
DUSKUSDT,SELL,LIMIT,1702260719539,1247,0.16562
DUSKUSDT,SELL,LIMIT,1702260722114,7883,0.16566
DUSKUSDT,SELL,LIMIT,1702260723394,2319,0.16551
DUSKUSDT,SELL,LIMIT,1702260726582,1392,0.16527
DUSKUSDT,SELL,LIMIT,1702260727697,2000,0.16514
DUSKUSDT,SELL,LIMIT,1702260729163,3363,0.16509
DUSKUSDT,SELL,LIMIT,1702260730181,1728,0.16514
DUSKUSDT,SELL,LIMIT,1702260731338,3648,0.16673
DUSKUSDT,SELL,LIMIT,1702260733523,8472,0.16467
DUSKUSDT,SELL,LIMIT,1702260734917,128,0.16706
DUSKUSDT,SELL,LIMIT,1702260736639,344,0.16456
DUSKUSDT,SELL,LIMIT,1702260737741,9645,0.16451
DUSKUSDT,SELL,LIMIT,1702260740738,216,0.16449
DUSKUSDT,SELL,LIMIT,1702260743201,44,0.16461
DUSKUSDT,SELL,LIMIT,1702260744571,6094,0.16447
DUSKUSDT,SELL,LIMIT,1702260745775,1072,0.16420
DUSKUSDT,SELL,LIMIT,1702260747012,14888,0.16431
DUSKUSDT,SELL,LIMIT,1702260748942,5849,0.16452
DUSKUSDT,SELL,LIMIT,1702260750300,28248,0.16394
DUSKUSDT,SELL,LIMIT,1702260751466,2854,0.16589
DUSKUSDT,SELL,LIMIT,1702260752527,8482,0.16376
DUSKUSDT,SELL,LIMIT,1702260753667,3919,0.16376
DUSKUSDT,SELL,LIMIT,1702260755694,462,0.16385
DUSKUSDT,SELL,LIMIT,1702260757134,4243,0.16488
DUSKUSDT,SELL,LIMIT,1702260758473,2560,0.16345
DUSKUSDT,SELL,LIMIT,1702260759843,1789,0.16305
DUSKUSDT,SELL,LIMIT,1702260760920,5661,0.16279
DUSKUSDT,SELL,LIMIT,1702260761952,5914,0.16378
DUSKUSDT,SELL,LIMIT,1702260763225,611,0.16255
DUSKUSDT,SELL,LIMIT,1702260764356,1500,0.16257
DUSKUSDT,SELL,LIMIT,1702260765749,575,0.16328
DUSKUSDT,SELL,LIMIT,1702260766805,444,0.16241
DUSKUSDT,SELL,LIMIT,1702260768032,1789,0.16186
DUSKUSDT,SELL,LIMIT,1702260769570,140,0.16140
DUSKUSDT,SELL,LIMIT,1702260770929,191457,0.15989
DUSKUSDT,SELL,LIMIT,1702260773124,3000,0.16071
DUSKUSDT,SELL,LIMIT,1702260774319,2816,0.16019
DUSKUSDT,SELL,LIMIT,1702260775435,38854,0.15942
DUSKUSDT,SELL,LIMIT,1702260776516,2004,0.15961
DUSKUSDT,SELL,LIMIT,1702260777557,266,0.15917
DUSKUSDT,SELL,LIMIT,1702260778827,47610,0.16123
DUSKUSDT,SELL,LIMIT,1702260781373,968,0.15817
DUSKUSDT,SELL,LIMIT,1702260782472,2761,0.15821
DUSKUSDT,SELL,LIMIT,1702260783604,3821,0.15714
DUSKUSDT,SELL,LIMIT,1702260784608,319,0.15664
DUSKUSDT,SELL,LIMIT,1702260786293,277,0.15687
DUSKUSDT,SELL,LIMIT,1702260787526,124,0.15566
DUSKUSDT,SELL,LIMIT,1702260788540,5142,0.15536
DUSKUSDT,SELL,LIMIT,1702260789556,550,0.15495
DUSKUSDT,SELL,LIMIT,1702260791969,6042,0.15441
DUSKUSDT,SELL,LIMIT,1702260793388,120,0.15408
DUSKUSDT,SELL,LIMIT,1702260794463,1109,0.15388
DUSKUSDT,SELL,LIMIT,1702260795808,31962,0.15324
DUSKUSDT,SELL,LIMIT,1702260796916,2228,0.15314
DUSKUSDT,SELL,LIMIT,1702260798045,23279,0.15282
DUSKUSDT,SELL,LIMIT,1702260799232,4264,0.15267
DUSKUSDT,SELL,LIMIT,1702260800685,2303,0.15254
DUSKUSDT,SELL,LIMIT,1702260801782,6225,0.15295
DUSKUSDT,SELL,LIMIT,1702260803367,122,0.15255
DUSKUSDT,SELL,LIMIT,1702260804430,43462,0.15228
DUSKUSDT,SELL,LIMIT,1702260805943,1840,0.15205
DUSKUSDT,SELL,LIMIT,1702260807312,937,0.15171
DUSKUSDT,SELL,LIMIT,1702260808430,37,0.15167
DUSKUSDT,SELL,LIMIT,1702260809809,191506,0.14796
DUSKUSDT,SELL,LIMIT,1702260811141,106,0.15161
DUSKUSDT,SELL,LIMIT,1702260812267,167,0.14946
DUSKUSDT,SELL,LIMIT,1702260813283,4553,0.14955
DUSKUSDT,SELL,LIMIT,1702260814376,1283,0.14945
DUSKUSDT,SELL,LIMIT,1702260815485,2215,0.14910
DUSKUSDT,SELL,LIMIT,1702260816582,3956,0.14811
DUSKUSDT,SELL,LIMIT,1702260818047,7233,0.14891
DUSKUSDT,SELL,LIMIT,1702260819068,956,0.14889
DUSKUSDT,SELL,LIMIT,1702260821068,2000,0.14768
DUSKUSDT,SELL,LIMIT,1702260823810,3249,0.14668
DUSKUSDT,BUY,LIMIT,1702260840392,281,0.15571
DUSKUSDT,SELL,LIMIT,1702262873708,328,0.15660
