Symbol,Side,Order Type,Time,Quantity,Price
DYDXUSDT,SELL,LIMIT,1700990907569,1408.4,3.475
DYDXUSDT,SELL,LIMIT,1700991048070,7.4,3.454
DYDXUSDT,SELL,LIMIT,1700991049473,222.6,3.448
DYDXUSDT,SELL,LIMIT,1700991051747,516.9,3.447
DYDXUSDT,SELL,LIMIT,1700991140425,127.9,3.438
DYDXUSDT,SELL,LIMIT,1700991142192,566.2,3.437
DYDXUSDT,SELL,LIMIT,1700991171921,182.7,3.436
DYDXUSDT,SELL,LIMIT,1700991213739,238.3,3.435
DYDXUSDT,SELL,LIMIT,1700991226530,482.5,3.429
DYDXUSDT,SELL,LIMIT,1700991227613,592.3,3.426
DYDXUSDT,SELL,LIMIT,1700995254906,4.5,3.420
DYDXUSDT,SELL,LIMIT,1700995257330,1.7,3.419
DYDXUSDT,SELL,LIMIT,1700995258561,844.2,3.417
DYDXUSDT,SELL,LIMIT,1700995260248,290.4,3.415
DYDXUSDT,SELL,LIMIT,1700995506460,13.0,3.413
DYDXUSDT,SELL,LIMIT,1700995579280,64.6,3.411
DYDXUSDT,SELL,LIMIT,1700995580331,685.4,3.412
DYDXUSDT,SELL,LIMIT,1700995640525,151.1,3.411
DYDXUSDT,SELL,LIMIT,1700995642146,127.6,3.405
DYDXUSDT,SELL,LIMIT,1700995783294,287.8,3.403
DYDXUSDT,SELL,LIMIT,1700995808393,1441.3,3.402
DYDXUSDT,SELL,LIMIT,1700995810042,4676.7,3.375
DYDXUSDT,SELL,LIMIT,1700995811088,304.9,3.395
DYDXUSDT,SELL,LIMIT,1700995812462,32.5,3.395
DYDXUSDT,SELL,LIMIT,1700995948593,984.1,3.394
DYDXUSDT,SELL,LIMIT,1700996155617,1562.3,3.391
DYDXUSDT,SELL,LIMIT,1700996156748,219.9,3.390
DYDXUSDT,SELL,LIMIT,1700996158316,64.2,3.388
DYDXUSDT,SELL,LIMIT,1700996185227,1307.7,3.387
DYDXUSDT,SELL,LIMIT,1700996186486,110.0,3.387
DYDXUSDT,SELL,LIMIT,1700996194505,23.6,3.385
DYDXUSDT,SELL,LIMIT,1700996197138,19.3,3.383
DYDXUSDT,SELL,LIMIT,1700996198303,5.6,3.385
DYDXUSDT,SELL,LIMIT,1700997081087,3.0,3.470
DYDXUSDT,SELL,LIMIT,1700999442279,631.2,3.382
DYDXUSDT,SELL,LIMIT,1700999443727,38.1,3.381
DYDXUSDT,SELL,LIMIT,1700999448453,1166.6,3.379
DYDXUSDT,SELL,LIMIT,1700999449815,41.5,3.376
DYDXUSDT,SELL,LIMIT,1701000622074,28.6,3.375
DYDXUSDT,SELL,LIMIT,1701001369605,190.8,3.374
DYDXUSDT,SELL,LIMIT,1701001371358,254.1,3.373
DYDXUSDT,SELL,LIMIT,1701001388896,207.0,3.373
DYDXUSDT,SELL,LIMIT,1701001391080,691.6,3.372
DYDXUSDT,SELL,LIMIT,1701001392254,1.9,3.371
DYDXUSDT,SELL,LIMIT,1701001393651,150.3,3.370
DYDXUSDT,SELL,LIMIT,1701001395109,2089.8,3.358
DYDXUSDT,SELL,LIMIT,1701001502737,100.0,3.367
DYDXUSDT,SELL,LIMIT,1701001513099,184.6,3.365
DYDXUSDT,SELL,LIMIT,1701001514056,2.4,3.365
DYDXUSDT,BUY,LIMIT,1701003281740,1131.7,3.483
DYDXUSDT,SELL,LIMIT,1701004646397,3.0,3.405
DYDXUSDT,SELL,LIMIT,1701006195731,97.2,3.390
DYDXUSDT,SELL,LIMIT,1701008445073,73.8,3.383
DYDXUSDT,SELL,LIMIT,1701008448906,649.1,3.382
DYDXUSDT,SELL,LIMIT,1701009006250,31.3,3.375
DYDXUSDT,SELL,LIMIT,1701009011952,194.8,3.374
DYDXUSDT,SELL,LIMIT,1701009014164,119.0,3.370
DYDXUSDT,SELL,LIMIT,1701009248505,142.7,3.368
DYDXUSDT,SELL,LIMIT,1701009264473,219.0,3.363
DYDXUSDT,SELL,LIMIT,1701009265639,2.5,3.362
DYDXUSDT,SELL,LIMIT,1701009282428,158.6,3.370
DYDXUSDT,SELL,LIMIT,1701009287841,717.9,3.360
DYDXUSDT,SELL,LIMIT,1701009289186,5.0,3.358
DYDXUSDT,SELL,LIMIT,1701009290196,82.4,3.354
DYDXUSDT,SELL,LIMIT,1701009291416,377.4,3.353
DYDXUSDT,SELL,LIMIT,1701009811111,1.5,3.352
DYDXUSDT,SELL,LIMIT,1701009812455,2251.2,3.341
DYDXUSDT,SELL,LIMIT,1701009813600,38.2,3.352
DYDXUSDT,SELL,LIMIT,1701009840439,15.0,3.351
DYDXUSDT,SELL,LIMIT,1701010474208,55.7,3.348
DYDXUSDT,SELL,LIMIT,1701010475339,36.1,3.348
DYDXUSDT,SELL,LIMIT,1701010479336,5.4,3.346
DYDXUSDT,SELL,LIMIT,1701010480374,27.3,3.345
DYDXUSDT,SELL,LIMIT,1701010481493,2.3,3.340
DYDXUSDT,SELL,LIMIT,1701010482596,51.0,3.336
DYDXUSDT,SELL,LIMIT,1701010868494,29.1,3.338
DYDXUSDT,SELL,LIMIT,1701010871479,219.1,3.336
DYDXUSDT,SELL,LIMIT,1701010882906,73.5,3.334
DYDXUSDT,SELL,LIMIT,1701010894700,96.3,3.332
DYDXUSDT,SELL,LIMIT,1701010899789,167.2,3.330
DYDXUSDT,SELL,LIMIT,1701010905855,196.7,3.327
DYDXUSDT,SELL,LIMIT,1701010909044,739.1,3.326
DYDXUSDT,SELL,LIMIT,1701010910476,43.0,3.326
DYDXUSDT,SELL,LIMIT,1701010934085,1.6,3.325
DYDXUSDT,SELL,LIMIT,1701011639547,17.8,3.361
DYDXUSDT,SELL,LIMIT,1701013531236,832.2,3.348
DYDXUSDT,SELL,LIMIT,1701014002577,600.2,3.331
DYDXUSDT,SELL,LIMIT,1701014017088,8.8,3.332
DYDXUSDT,SELL,LIMIT,1701014020503,5847.2,3.306
DYDXUSDT,SELL,LIMIT,1701014034521,1200.8,3.327
DYDXUSDT,SELL,LIMIT,1701014038176,309.4,3.323
DYDXUSDT,SELL,LIMIT,1701014039185,290.8,3.322
DYDXUSDT,SELL,LIMIT,1701014040390,55.7,3.320
DYDXUSDT,SELL,LIMIT,1701014042447,13.5,3.317
DYDXUSDT,SELL,LIMIT,1701014043452,4975.2,3.293
DYDXUSDT,SELL,LIMIT,1701015169133,55.5,3.349
DYDXUSDT,SELL,LIMIT,1701015644388,28.2,3.323
DYDXUSDT,SELL,LIMIT,1701015660006,92.4,3.324
DYDXUSDT,SELL,LIMIT,1701015684296,70.5,3.313
DYDXUSDT,SELL,LIMIT,1701015685218,161.8,3.313
DYDXUSDT,SELL,LIMIT,1701015686210,160.4,3.312
DYDXUSDT,SELL,LIMIT,1701015688310,40.8,3.311
DYDXUSDT,SELL,LIMIT,1701015722099,546.6,3.311
DYDXUSDT,SELL,LIMIT,1701015724818,13.3,3.311
DYDXUSDT,SELL,LIMIT,1701015731128,362.6,3.309
DYDXUSDT,SELL,LIMIT,1701015732301,839.6,3.308
DYDXUSDT,SELL,LIMIT,1701015733318,131.1,3.306
DYDXUSDT,SELL,LIMIT,1701015735519,144.7,3.307
DYDXUSDT,SELL,LIMIT,1701015746246,321.2,3.302
DYDXUSDT,SELL,LIMIT,1701015747349,3.7,3.305
DYDXUSDT,SELL,LIMIT,1701015748708,35.4,3.299
DYDXUSDT,SELL,LIMIT,1701015754166,1.5,3.298
DYDXUSDT,SELL,LIMIT,1701015756386,287.5,3.298
DYDXUSDT,SELL,LIMIT,1701015758106,3.9,3.297
DYDXUSDT,SELL,LIMIT,1701015760187,30.2,3.296
DYDXUSDT,SELL,LIMIT,1701015761720,1000.0,3.295
DYDXUSDT,SELL,LIMIT,1701015839146,420.9,3.300
DYDXUSDT,SELL,LIMIT,1701015840311,137.7,3.300
DYDXUSDT,SELL,LIMIT,1701015861693,15.9,3.298
DYDXUSDT,SELL,LIMIT,1701015908193,436.0,3.301
DYDXUSDT,SELL,LIMIT,1701016003275,15.0,3.623
DYDXUSDT,SELL,LIMIT,1701016019441,26.9,3.295
DYDXUSDT,SELL,LIMIT,1701016020620,4.7,3.294
DYDXUSDT,SELL,LIMIT,1701016022193,14.4,3.293
DYDXUSDT,SELL,LIMIT,1701016024904,382.2,3.293
DYDXUSDT,SELL,LIMIT,1701016026582,116.2,3.291
DYDXUSDT,SELL,LIMIT,1701016028092,47.1,3.291
DYDXUSDT,SELL,LIMIT,1701016029470,8.3,3.291
DYDXUSDT,SELL,LIMIT,1701016030413,13.1,3.289
DYDXUSDT,SELL,LIMIT,1701016031447,55.4,3.288
DYDXUSDT,SELL,LIMIT,1701016033069,7.0,3.287
DYDXUSDT,SELL,LIMIT,1701016033890,1172.9,3.285
DYDXUSDT,SELL,LIMIT,1701016034821,14.9,3.283
DYDXUSDT,SELL,LIMIT,1701016036036,97.1,3.283
DYDXUSDT,SELL,LIMIT,1701016037471,14840.8,3.253
DYDXUSDT,SELL,LIMIT,1701016039409,40.5,3.284
DYDXUSDT,SELL,LIMIT,1701016040731,71.1,3.282
DYDXUSDT,SELL,LIMIT,1701016042104,5.2,3.286
DYDXUSDT,SELL,LIMIT,1701016043107,74.7,3.278
DYDXUSDT,SELL,LIMIT,1701016044187,68.5,3.276
DYDXUSDT,SELL,LIMIT,1701016045154,40.0,3.275
DYDXUSDT,SELL,LIMIT,1701016045981,557.2,3.274
DYDXUSDT,SELL,LIMIT,1701016047203,13.2,3.273
DYDXUSDT,SELL,LIMIT,1701016048089,4963.1,3.248
DYDXUSDT,SELL,LIMIT,1701016050094,272.4,3.269
DYDXUSDT,SELL,LIMIT,1701016050990,33.7,3.269
DYDXUSDT,SELL,LIMIT,1701016095702,279.2,3.268
DYDXUSDT,SELL,LIMIT,1701016097904,17.3,3.266
DYDXUSDT,SELL,LIMIT,1701016098935,242.4,3.265
DYDXUSDT,SELL,LIMIT,1701016100022,181.6,3.263
DYDXUSDT,SELL,LIMIT,1701016101158,236.5,3.262
DYDXUSDT,SELL,LIMIT,1701016102167,51.9,3.259
DYDXUSDT,SELL,LIMIT,1701016103182,49.7,3.259
DYDXUSDT,SELL,LIMIT,1701016105092,581.8,3.257
DYDXUSDT,SELL,LIMIT,1701016106049,823.3,3.259
DYDXUSDT,BUY,LIMIT,1701016774838,39.2,3.380
DYDXUSDT,BUY,LIMIT,1701017018658,123.5,3.386
DYDXUSDT,BUY,LIMIT,1701017706630,4.2,3.394
DYDXUSDT,BUY,LIMIT,1701018334271,7.2,3.411
DYDXUSDT,BUY,LIMIT,1701018467568,34.1,3.415
DYDXUSDT,BUY,LIMIT,1701019277619,1.6,3.424
DYDXUSDT,BUY,LIMIT,1701019713404,299.1,3.426
DYDXUSDT,BUY,LIMIT,1701022364159,33.3,3.427
DYDXUSDT,BUY,LIMIT,1701022423141,80.6,3.430
DYDXUSDT,SELL,LIMIT,1701025524352,41.2,3.327
DYDXUSDT,SELL,LIMIT,1701026390114,46.6,3.329
DYDXUSDT,BUY,LIMIT,1701030699329,1487.0,3.429
DYDXUSDT,BUY,LIMIT,1701031605091,1480.6,3.436
DYDXUSDT,BUY,LIMIT,1701031722289,337.1,3.437
DYDXUSDT,BUY,LIMIT,1701031894637,25.2,3.447
DYDXUSDT,BUY,LIMIT,1701031958395,14.0,3.451
DYDXUSDT,BUY,LIMIT,1701036355810,7.9,3.443
DYDXUSDT,BUY,LIMIT,1701036561834,17.0,3.451
DYDXUSDT,BUY,LIMIT,1701036596204,57.8,3.452
DYDXUSDT,BUY,LIMIT,1701037944108,6.0,3.469
DYDXUSDT,BUY,LIMIT,1701037967016,88.1,3.471
DYDXUSDT,BUY,LIMIT,1701039482839,17.4,3.482
DYDXUSDT,SELL,LIMIT,1701040058351,548.1,3.379
DYDXUSDT,SELL,LIMIT,1701040193612,709.2,3.376
DYDXUSDT,SELL,LIMIT,1701044092979,32.7,3.368
DYDXUSDT,SELL,LIMIT,1701046004118,88.2,3.391
DYDXUSDT,SELL,LIMIT,1701048229518,584.2,3.356
DYDXUSDT,SELL,LIMIT,1701048923358,123.2,3.351
DYDXUSDT,SELL,LIMIT,1701049310139,61.1,3.345
DYDXUSDT,SELL,LIMIT,1701049321303,418.0,3.343
DYDXUSDT,SELL,LIMIT,1701049575407,70.0,3.335
DYDXUSDT,SELL,LIMIT,1701052644163,50.0,3.330
DYDXUSDT,SELL,LIMIT,1701052646490,44.6,3.329
DYDXUSDT,SELL,LIMIT,1701052647993,255.0,3.327
DYDXUSDT,SELL,LIMIT,1701052721589,113.6,3.324
DYDXUSDT,SELL,LIMIT,1701052795205,259.1,3.320
DYDXUSDT,SELL,LIMIT,1701052797314,35.0,3.319
DYDXUSDT,SELL,LIMIT,1701052798546,1061.3,3.313
DYDXUSDT,SELL,LIMIT,1701052800238,128.0,3.311
DYDXUSDT,SELL,LIMIT,1701052801861,143.0,3.309
DYDXUSDT,SELL,LIMIT,1701052843269,3999.4,3.290
DYDXUSDT,SELL,LIMIT,1701053159919,500.0,3.317
DYDXUSDT,SELL,LIMIT,1701054444375,50.0,3.308
DYDXUSDT,SELL,LIMIT,1701054448999,25.9,3.304
DYDXUSDT,SELL,LIMIT,1701054468478,4507.5,3.280
DYDXUSDT,SELL,LIMIT,1701054471089,526.9,3.302
DYDXUSDT,SELL,LIMIT,1701054473833,36521.8,3.259
DYDXUSDT,SELL,LIMIT,1701054976830,10.7,3.296
DYDXUSDT,SELL,LIMIT,1701054987430,173.2,3.292
DYDXUSDT,SELL,LIMIT,1701054989944,8.8,3.289
DYDXUSDT,SELL,LIMIT,1701055062792,5.8,3.288
DYDXUSDT,SELL,LIMIT,1701055069959,234.5,3.287
DYDXUSDT,SELL,LIMIT,1701055080560,547.9,3.285
DYDXUSDT,SELL,LIMIT,1701055090104,239.5,3.284
DYDXUSDT,SELL,LIMIT,1701055105531,105.1,3.280
DYDXUSDT,SELL,LIMIT,1701055185085,893.5,3.279
DYDXUSDT,SELL,LIMIT,1701055202588,8225.6,3.250
DYDXUSDT,SELL,LIMIT,1701055656907,974.5,3.278
DYDXUSDT,SELL,LIMIT,1701055676355,334.8,3.274
DYDXUSDT,SELL,LIMIT,1701055974932,28.3,3.275
DYDXUSDT,SELL,LIMIT,1701056068389,1.6,3.273
DYDXUSDT,SELL,LIMIT,1701056185736,596.8,3.268
DYDXUSDT,SELL,LIMIT,1701056196946,6.5,3.267
DYDXUSDT,SELL,LIMIT,1701056232053,88.4,3.263
DYDXUSDT,SELL,LIMIT,1701056249112,29.2,3.264
DYDXUSDT,BUY,LIMIT,1701057665859,119.0,3.365
