Symbol,Side,Order Type,Time,Quantity,Price
DYDXUSDT,SELL,LIMIT,1701917606269,2.1,2.893
DYDXUSDT,SELL,LIMIT,1701918684920,436.8,2.864
DYDXUSDT,BUY,LIMIT,1701922348445,158.8,2.983
DYDXUSDT,BUY,LIMIT,1701924274207,505.0,2.988
DYDXUSDT,BUY,LIMIT,1701928617155,4510.5,3.026
DYDXUSDT,SELL,LIMIT,1701929766463,1.3,2.935
DYDXUSDT,SELL,LIMIT,1701930210326,88.0,2.935
DYDXUSDT,BUY,LIMIT,1701930630071,0.1,3.011
DYDXUSDT,BUY,LIMIT,1701930635209,17.1,3.016
DYDXUSDT,SELL,LIMIT,1701931658104,179.7,2.926
DYDXUSDT,SELL,LIMIT,1701934398696,42.7,2.918
DYDXUSDT,BUY,LIMIT,1701936443967,86.4,3.023
DYDXUSDT,SELL,LIMIT,1701936911604,23.5,2.922
DYDXUSDT,SELL,LIMIT,1701936914677,75.5,2.917
DYDXUSDT,SELL,LIMIT,1701936916866,11.4,2.914
DYDXUSDT,SELL,LIMIT,1701936918400,5.7,2.910
DYDXUSDT,SELL,LIMIT,1701936922650,168.0,2.902
DYDXUSDT,SELL,LIMIT,1701936924273,199.5,2.901
DYDXUSDT,SELL,LIMIT,1701937344586,122.6,2.900
DYDXUSDT,SELL,LIMIT,1701937387360,7.3,2.899
DYDXUSDT,SELL,LIMIT,1701937391971,135.3,2.898
DYDXUSDT,SELL,LIMIT,1701937543456,683.4,2.904
DYDXUSDT,SELL,LIMIT,1701937831975,166.9,2.903
DYDXUSDT,SELL,LIMIT,1701937926108,17.6,2.903
DYDXUSDT,SELL,LIMIT,1701939365408,336.3,2.896
DYDXUSDT,SELL,LIMIT,1701939402074,44.9,2.892
DYDXUSDT,SELL,LIMIT,1701939403382,31.4,2.892
DYDXUSDT,SELL,LIMIT,1701939407103,185.5,2.890
DYDXUSDT,SELL,LIMIT,1701939409570,16.8,2.890
DYDXUSDT,SELL,LIMIT,1701939471442,718.5,2.886
DYDXUSDT,SELL,LIMIT,1701939473772,89.7,2.885
DYDXUSDT,SELL,LIMIT,1701939562924,3.6,2.882
DYDXUSDT,SELL,LIMIT,1701939568987,67.4,2.881
DYDXUSDT,SELL,LIMIT,1701939714133,34.1,2.894
DYDXUSDT,SELL,LIMIT,1701939961472,316.1,2.888
DYDXUSDT,SELL,LIMIT,1701940011070,51.4,2.879
DYDXUSDT,SELL,LIMIT,1701940022005,84.3,2.874
DYDXUSDT,SELL,LIMIT,1701940024434,21269.8,2.843
DYDXUSDT,SELL,LIMIT,1701940028457,120.9,2.872
DYDXUSDT,SELL,LIMIT,1701940449846,3362.4,2.865
DYDXUSDT,SELL,LIMIT,1701940469209,2.4,2.870
DYDXUSDT,SELL,LIMIT,1701940470354,21.8,2.871
DYDXUSDT,SELL,LIMIT,1701940543213,144.1,2.865
DYDXUSDT,SELL,LIMIT,1701940554116,478.7,2.863
DYDXUSDT,SELL,LIMIT,1701940556389,458.7,2.861
DYDXUSDT,SELL,LIMIT,1701940557532,2.0,2.864
DYDXUSDT,SELL,LIMIT,1701940559912,15.1,2.862
DYDXUSDT,SELL,LIMIT,1701940562083,864.1,2.859
DYDXUSDT,SELL,LIMIT,1701940564464,207.1,2.858
DYDXUSDT,SELL,LIMIT,1701940565807,186.7,2.857
DYDXUSDT,SELL,LIMIT,1701940568418,15460.7,2.831
DYDXUSDT,SELL,LIMIT,1701940670339,3216.9,2.842
DYDXUSDT,SELL,LIMIT,1701940672346,26.7,2.855
DYDXUSDT,SELL,LIMIT,1701940675802,610.0,2.853
DYDXUSDT,SELL,LIMIT,1701940714323,107.7,2.853
DYDXUSDT,SELL,LIMIT,1701940715822,67.7,2.852
DYDXUSDT,SELL,LIMIT,1701941026622,3166.3,2.837
DYDXUSDT,SELL,LIMIT,1701941028327,842.0,2.849
DYDXUSDT,SELL,LIMIT,1701941057499,194.3,2.847
DYDXUSDT,SELL,LIMIT,1701941073311,230.5,2.845
DYDXUSDT,SELL,LIMIT,1701941075497,34.1,2.845
DYDXUSDT,SELL,LIMIT,1701941085935,3.9,2.846
DYDXUSDT,SELL,LIMIT,1701941109435,5.7,2.844
DYDXUSDT,SELL,LIMIT,1701941111317,194.1,2.843
DYDXUSDT,SELL,LIMIT,1701941112842,158.3,2.842
DYDXUSDT,SELL,LIMIT,1701941146709,2.9,2.846
DYDXUSDT,SELL,LIMIT,1701941151201,43.1,2.842
DYDXUSDT,SELL,LIMIT,1701941152308,847.4,2.841
DYDXUSDT,SELL,LIMIT,1701941153792,61.3,2.841
DYDXUSDT,SELL,LIMIT,1701941155198,19.1,2.840
DYDXUSDT,SELL,LIMIT,1701941158582,28.6,2.837
DYDXUSDT,SELL,LIMIT,1701941166326,288.7,2.835
DYDXUSDT,SELL,LIMIT,1701941174197,3.3,2.832
DYDXUSDT,SELL,LIMIT,1701941176529,205.3,2.832
DYDXUSDT,SELL,LIMIT,1701941177711,505.0,2.832
DYDXUSDT,SELL,LIMIT,1701941179079,167.9,2.830
DYDXUSDT,SELL,LIMIT,1701941180135,13.4,2.827
DYDXUSDT,SELL,LIMIT,1701941181198,812.8,2.825
DYDXUSDT,SELL,LIMIT,1701941182203,101.3,2.813
DYDXUSDT,SELL,LIMIT,1701941183238,445.9,2.812
DYDXUSDT,SELL,LIMIT,1701941184241,82.8,2.791
DYDXUSDT,SELL,LIMIT,1701941185277,148.3,2.795
DYDXUSDT,SELL,LIMIT,1701941186278,1591.2,2.769
DYDXUSDT,SELL,LIMIT,1701941187283,1003.8,2.766
DYDXUSDT,SELL,LIMIT,1701941188287,95.6,2.746
DYDXUSDT,SELL,LIMIT,1701941189293,48.2,2.741
DYDXUSDT,SELL,LIMIT,1701941190316,52.1,2.748
DYDXUSDT,SELL,LIMIT,1701941234195,9.3,2.767
DYDXUSDT,SELL,LIMIT,1701941236159,728.5,2.767
DYDXUSDT,SELL,LIMIT,1701941237234,78.5,2.764
DYDXUSDT,SELL,LIMIT,1701941239201,216.3,2.761
DYDXUSDT,SELL,LIMIT,1701941240511,29.0,2.765
DYDXUSDT,SELL,LIMIT,1701941244310,42.7,2.765
DYDXUSDT,SELL,LIMIT,1701941245646,652.0,2.762
DYDXUSDT,SELL,LIMIT,1701941247421,97.3,2.759
DYDXUSDT,SELL,LIMIT,1701941256313,2.0,2.769
DYDXUSDT,SELL,LIMIT,1701943583616,67.5,2.817
DYDXUSDT,SELL,LIMIT,1701943593671,26.8,2.816
DYDXUSDT,SELL,LIMIT,1701944425437,548.1,2.809
DYDXUSDT,SELL,LIMIT,1701944427317,17.9,2.807
DYDXUSDT,BUY,LIMIT,1701945514200,71.7,2.898
DYDXUSDT,BUY,LIMIT,1701945518377,2.6,2.899
DYDXUSDT,BUY,LIMIT,1701945776825,2.8,2.902
DYDXUSDT,BUY,LIMIT,1701945778959,94.9,2.903
DYDXUSDT,BUY,LIMIT,1701945869075,1056.5,2.905
DYDXUSDT,BUY,LIMIT,1701947961297,2.2,2.918
DYDXUSDT,SELL,LIMIT,1701949711129,30.3,2.839
DYDXUSDT,BUY,LIMIT,1701951183001,68.4,2.926
DYDXUSDT,SELL,LIMIT,1701951569963,8.7,2.871
DYDXUSDT,SELL,LIMIT,1701951920085,1042.8,2.866
DYDXUSDT,BUY,LIMIT,1701952048138,364.7,2.934
DYDXUSDT,BUY,LIMIT,1701953976590,0.1,2.953
DYDXUSDT,SELL,LIMIT,1701956616393,11.7,2.864
DYDXUSDT,SELL,LIMIT,1701956625407,8.0,2.863
DYDXUSDT,SELL,LIMIT,1701957022411,221.9,2.858
DYDXUSDT,BUY,LIMIT,1701957644179,72.7,2.943
DYDXUSDT,BUY,LIMIT,1701959535263,1.8,2.978
DYDXUSDT,SELL,LIMIT,1701959724424,65.9,2.911
DYDXUSDT,BUY,LIMIT,1701961405206,348.9,2.986
DYDXUSDT,BUY,LIMIT,1701962481851,47.8,2.988
DYDXUSDT,BUY,LIMIT,1701962511315,4901.3,3.012
DYDXUSDT,BUY,LIMIT,1701962630780,21.7,3.001
DYDXUSDT,BUY,LIMIT,1701962755197,231.3,3.005
DYDXUSDT,BUY,LIMIT,1701962836945,66.4,3.012
DYDXUSDT,BUY,LIMIT,1701962847060,1416.8,3.014
DYDXUSDT,BUY,LIMIT,1701963004267,37.5,3.013
DYDXUSDT,SELL,LIMIT,1701963023110,915.3,2.963
DYDXUSDT,BUY,LIMIT,1701964252630,339.7,3.011
DYDXUSDT,BUY,LIMIT,1701964427180,644.3,3.019
DYDXUSDT,BUY,LIMIT,1701964453984,6.5,3.025
DYDXUSDT,SELL,LIMIT,1701965058187,17.2,2.969
DYDXUSDT,SELL,LIMIT,1701965064459,90.4,2.984
DYDXUSDT,BUY,LIMIT,1701965076185,858.3,3.032
DYDXUSDT,BUY,LIMIT,1701965107211,362.1,3.036
DYDXUSDT,BUY,LIMIT,1701965475673,4.4,3.042
DYDXUSDT,BUY,LIMIT,1701965477226,839.2,3.043
DYDXUSDT,BUY,LIMIT,1701965479421,92.4,3.044
DYDXUSDT,BUY,LIMIT,1701965490016,528.3,3.045
DYDXUSDT,BUY,LIMIT,1701965494581,107.0,3.052
DYDXUSDT,BUY,LIMIT,1701965497531,68.8,3.053
DYDXUSDT,BUY,LIMIT,1701965511522,5.6,3.057
DYDXUSDT,BUY,LIMIT,1701965513102,90.2,3.064
DYDXUSDT,BUY,LIMIT,1701965514342,8.1,3.065
DYDXUSDT,BUY,LIMIT,1701965516324,682.4,3.066
DYDXUSDT,BUY,LIMIT,1701965550567,1689.7,3.065
DYDXUSDT,BUY,LIMIT,1701965592265,1800.8,3.073
DYDXUSDT,SELL,LIMIT,1701965727327,250.0,2.984
DYDXUSDT,BUY,LIMIT,1701967115284,202.3,3.083
DYDXUSDT,BUY,LIMIT,1701967116332,59.2,3.084
DYDXUSDT,BUY,LIMIT,1701967125226,8.1,3.090
DYDXUSDT,BUY,LIMIT,1701967128554,82.4,3.092
DYDXUSDT,BUY,LIMIT,1701967476418,40.6,3.093
DYDXUSDT,BUY,LIMIT,1701967882120,401.0,3.095
DYDXUSDT,BUY,LIMIT,1701967883351,1441.4,3.095
DYDXUSDT,BUY,LIMIT,1701967885776,88.5,3.097
DYDXUSDT,BUY,LIMIT,1701968023689,2.1,3.100
DYDXUSDT,BUY,LIMIT,1701968075934,3785.1,3.123
DYDXUSDT,BUY,LIMIT,1701968153556,10.0,3.107
DYDXUSDT,BUY,LIMIT,1701968378107,1316.9,3.112
DYDXUSDT,BUY,LIMIT,1701968379181,1636.1,3.115
DYDXUSDT,BUY,LIMIT,1701968394098,343.5,3.117
DYDXUSDT,BUY,LIMIT,1701969539639,655.3,3.113
DYDXUSDT,BUY,LIMIT,1701969748694,608.4,3.126
DYDXUSDT,SELL,LIMIT,1701970795414,292.4,3.034
DYDXUSDT,SELL,LIMIT,1701970988194,1576.8,3.023
DYDXUSDT,SELL,LIMIT,1701971039943,2.2,3.016
DYDXUSDT,SELL,LIMIT,1701971044539,80.8,3.014
DYDXUSDT,SELL,LIMIT,1701971361866,21.4,3.011
DYDXUSDT,SELL,LIMIT,1701971373078,1069.2,3.005
DYDXUSDT,SELL,LIMIT,1701971374395,17.0,3.005
DYDXUSDT,SELL,LIMIT,1701972646528,100.0,3.005
DYDXUSDT,SELL,LIMIT,1701974075361,35.0,2.999
DYDXUSDT,SELL,LIMIT,1701974090036,170.1,2.999
DYDXUSDT,SELL,LIMIT,1701974094316,1626.5,2.998
DYDXUSDT,SELL,LIMIT,1701974304508,142.9,2.991
DYDXUSDT,SELL,LIMIT,1701974306541,21.3,2.991
DYDXUSDT,SELL,LIMIT,1701974629316,1642.0,2.985
DYDXUSDT,SELL,LIMIT,1701976303370,4.3,2.990
DYDXUSDT,SELL,LIMIT,1701976328425,492.5,2.983
DYDXUSDT,SELL,LIMIT,1701976329486,85.7,2.979
DYDXUSDT,SELL,LIMIT,1701976458544,220.0,2.984
DYDXUSDT,SELL,LIMIT,1701976869189,1645.6,2.973
DYDXUSDT,SELL,LIMIT,1701976870229,28.0,2.971
DYDXUSDT,SELL,LIMIT,1701976871253,43.0,2.971
DYDXUSDT,SELL,LIMIT,1701976952565,195.0,2.968
DYDXUSDT,SELL,LIMIT,1701976964590,161.2,2.966
DYDXUSDT,SELL,LIMIT,1701977175906,1469.6,2.969
DYDXUSDT,SELL,LIMIT,1701977294226,60304.7,2.925
DYDXUSDT,SELL,LIMIT,1701977295824,198.4,2.962
DYDXUSDT,SELL,LIMIT,1701977297909,49.9,2.955
DYDXUSDT,SELL,LIMIT,1701977299574,102.7,2.955
DYDXUSDT,SELL,LIMIT,1701978228302,25.0,2.954
DYDXUSDT,SELL,LIMIT,1701978234057,96.1,2.948
DYDXUSDT,SELL,LIMIT,1701978235779,8.8,2.948
DYDXUSDT,SELL,LIMIT,1701978277801,170.0,2.949
DYDXUSDT,SELL,LIMIT,1701978286896,971.7,2.947
DYDXUSDT,SELL,LIMIT,1701978288162,29.0,2.944
DYDXUSDT,SELL,LIMIT,1701978291064,265.0,2.944
DYDXUSDT,SELL,LIMIT,1701978292250,51825.2,2.905
DYDXUSDT,SELL,LIMIT,1701978293954,11.8,2.944
DYDXUSDT,SELL,LIMIT,1701978295947,784.5,2.941
DYDXUSDT,BUY,LIMIT,1701979400706,29.7,3.040
DYDXUSDT,BUY,LIMIT,1701979523745,33.3,3.055
DYDXUSDT,SELL,LIMIT,1701981522110,265.3,2.970
DYDXUSDT,SELL,LIMIT,1701981523423,390.8,2.966
DYDXUSDT,SELL,LIMIT,1701981546486,1.7,2.966
DYDXUSDT,BUY,LIMIT,1701984527560,824.5,3.077
DYDXUSDT,BUY,LIMIT,1701984770973,422.2,3.077
DYDXUSDT,BUY,LIMIT,1701986044621,1.7,3.083
DYDXUSDT,SELL,LIMIT,1701988406202,318.1,2.996
DYDXUSDT,SELL,LIMIT,1701988429207,703.4,2.989
DYDXUSDT,SELL,LIMIT,1701988478790,478.4,2.988
DYDXUSDT,SELL,LIMIT,1701988483280,109.0,2.988
DYDXUSDT,SELL,LIMIT,1701990456925,0.1,4.534
DYDXUSDT,SELL,LIMIT,1701991571068,115.6,2.993
DYDXUSDT,BUY,LIMIT,1701992768470,19.5,3.080
DYDXUSDT,BUY,LIMIT,1701992785901,1647.9,3.078
DYDXUSDT,BUY,LIMIT,1701994803052,82.9,3.086
DYDXUSDT,SELL,LIMIT,1701997674289,1226.2,2.990
DYDXUSDT,SELL,LIMIT,1701997681027,112.4,2.989
DYDXUSDT,SELL,LIMIT,1701997686011,100.8,2.987
DYDXUSDT,SELL,LIMIT,1701997743214,86.2,2.987
DYDXUSDT,SELL,LIMIT,1701997747152,1641.4,2.984
DYDXUSDT,SELL,LIMIT,1701997761761,147.0,2.983
DYDXUSDT,SELL,LIMIT,1701998572331,336.1,3.004
DYDXUSDT,SELL,LIMIT,1702003257172,292.9,2.986
DYDXUSDT,SELL,LIMIT,1702003662421,100.0,2.984
DYDXUSDT,SELL,LIMIT,1702003726641,368.4,2.974
DYDXUSDT,BUY,LIMIT,1702004042022,150.0,3.056
DYDXUSDT,SELL,LIMIT,1702006467838,2.1,5.008
DYDXUSDT,BUY,LIMIT,1702007154541,9.4,3.083
DYDXUSDT,BUY,LIMIT,1702008910159,138.7,3.081
DYDXUSDT,BUY,LIMIT,1702009775148,172.3,3.096
DYDXUSDT,BUY,LIMIT,1702009818807,1.7,3.097
DYDXUSDT,SELL,LIMIT,1702012083826,3.2,2.995
DYDXUSDT,SELL,LIMIT,1702012097233,1600.2,2.994
DYDXUSDT,SELL,LIMIT,1702012202310,520.3,2.990
DYDXUSDT,SELL,LIMIT,1702016094383,408.3,3.031
DYDXUSDT,BUY,LIMIT,1702016296517,145.2,3.088
DYDXUSDT,BUY,LIMIT,1702016359023,158.7,3.092
DYDXUSDT,SELL,LIMIT,1702019970492,1633.4,2.992
DYDXUSDT,SELL,LIMIT,1702020220882,1250.1,2.984
DYDXUSDT,SELL,LIMIT,1702020222922,147.4,2.982
DYDXUSDT,SELL,LIMIT,1702020522637,245.6,2.978
DYDXUSDT,SELL,LIMIT,1702020524876,92.2,2.978
DYDXUSDT,SELL,LIMIT,1702020530359,458.0,2.977
DYDXUSDT,SELL,LIMIT,1702020629831,273.0,2.970
DYDXUSDT,SELL,LIMIT,1702020633807,778.3,2.967
DYDXUSDT,SELL,LIMIT,1702020635575,183.4,2.965
DYDXUSDT,SELL,LIMIT,1702020638844,73.7,2.963
DYDXUSDT,SELL,LIMIT,1702020639954,1.9,2.962
DYDXUSDT,SELL,LIMIT,1702020641542,287.5,2.959
DYDXUSDT,SELL,LIMIT,1702020642616,110.2,2.959
DYDXUSDT,SELL,LIMIT,1702020658796,3.4,2.957
DYDXUSDT,SELL,LIMIT,1702020663564,2.2,2.951
DYDXUSDT,SELL,LIMIT,1702020664766,1645.2,2.949
DYDXUSDT,SELL,LIMIT,1702020666061,850.0,2.950
DYDXUSDT,SELL,LIMIT,1702020669483,80.2,2.947
DYDXUSDT,SELL,LIMIT,1702022534579,101.7,2.968
DYDXUSDT,SELL,LIMIT,1702023060221,21.5,2.963
DYDXUSDT,SELL,LIMIT,1702023062200,167.7,2.962
DYDXUSDT,BUY,LIMIT,1702028147573,57.9,3.056
DYDXUSDT,BUY,LIMIT,1702028624338,171.1,3.072
DYDXUSDT,SELL,LIMIT,1702029211813,167.3,2.994
DYDXUSDT,SELL,LIMIT,1702029213766,28.9,2.993
DYDXUSDT,BUY,LIMIT,1702032812224,134.0,3.081
DYDXUSDT,BUY,LIMIT,1702037394574,6.3,3.083
DYDXUSDT,SELL,LIMIT,1702040474390,904.3,3.006
DYDXUSDT,SELL,LIMIT,1702040484114,665.2,3.001
DYDXUSDT,SELL,LIMIT,1702040673707,21.5,2.999
DYDXUSDT,SELL,LIMIT,1702040832686,1610.5,2.998
DYDXUSDT,SELL,LIMIT,1702040841028,1017.3,2.996
DYDXUSDT,SELL,LIMIT,1702041023283,274.0,2.995
DYDXUSDT,SELL,LIMIT,1702041024592,40.6,2.995
DYDXUSDT,SELL,LIMIT,1702041026459,221.3,2.993
DYDXUSDT,SELL,LIMIT,1702044332944,10.0,2.984
DYDXUSDT,SELL,LIMIT,1702044334054,131.4,2.982
DYDXUSDT,SELL,LIMIT,1702044406591,4.8,2.978
DYDXUSDT,SELL,LIMIT,1702044409401,3.5,2.977
DYDXUSDT,SELL,LIMIT,1702044411038,246.9,2.976
DYDXUSDT,SELL,LIMIT,1702044412433,725.6,2.975
DYDXUSDT,SELL,LIMIT,1702047208692,72.1,3.014
DYDXUSDT,BUY,LIMIT,1702047830698,46.0,3.100
DYDXUSDT,BUY,LIMIT,1702048108127,3.2,3.093
DYDXUSDT,BUY,LIMIT,1702048135933,223.9,3.084
DYDXUSDT,BUY,LIMIT,1702048993082,30.3,3.081
DYDXUSDT,SELL,LIMIT,1702050830692,1333.0,3.005
DYDXUSDT,SELL,LIMIT,1702050975749,1.7,3.000
DYDXUSDT,SELL,LIMIT,1702051226774,1634.5,3.010
DYDXUSDT,BUY,LIMIT,1702052482182,314.5,3.103
DYDXUSDT,BUY,LIMIT,1702052483539,1566.6,3.104
DYDXUSDT,BUY,LIMIT,1702052522280,9870.0,3.136
DYDXUSDT,BUY,LIMIT,1702052657303,6.6,3.122
DYDXUSDT,BUY,LIMIT,1702052686507,516.3,3.124
DYDXUSDT,BUY,LIMIT,1702053449411,33.2,3.127
DYDXUSDT,BUY,LIMIT,1702053454134,54.1,3.129
DYDXUSDT,BUY,LIMIT,1702054095161,11.6,3.132
DYDXUSDT,BUY,LIMIT,1702054293649,197.8,3.143
DYDXUSDT,BUY,LIMIT,1702054295374,401.0,3.144
DYDXUSDT,BUY,LIMIT,1702054296667,6.2,3.144
DYDXUSDT,BUY,LIMIT,1702054329552,40.9,3.147
DYDXUSDT,BUY,LIMIT,1702054347358,53.5,3.141
DYDXUSDT,SELL,LIMIT,1702055242688,24.9,3.033
DYDXUSDT,SELL,LIMIT,1702055244839,200.0,3.027
DYDXUSDT,SELL,LIMIT,1702055278548,33.0,3.018
DYDXUSDT,SELL,LIMIT,1702055282014,1505.5,3.018
DYDXUSDT,SELL,LIMIT,1702055303364,168.2,3.013
DYDXUSDT,SELL,LIMIT,1702056265296,206.0,3.006
DYDXUSDT,SELL,LIMIT,1702056272334,913.5,2.998
DYDXUSDT,SELL,LIMIT,1702056274257,382.8,2.998
DYDXUSDT,SELL,LIMIT,1702056275343,4.4,3.004
DYDXUSDT,SELL,LIMIT,1702056280489,270.8,2.997
DYDXUSDT,SELL,LIMIT,1702056282231,41.3,2.994
DYDXUSDT,SELL,LIMIT,1702056284188,613.6,2.993
DYDXUSDT,SELL,LIMIT,1702056462371,63.9,2.992
DYDXUSDT,SELL,LIMIT,1702056667278,761.3,2.990
DYDXUSDT,SELL,LIMIT,1702056668445,3.4,2.989
DYDXUSDT,BUY,LIMIT,1702058213688,3.5,3.082
DYDXUSDT,BUY,LIMIT,1702066005618,1168.5,3.109
DYDXUSDT,BUY,LIMIT,1702066091781,37.5,3.103
DYDXUSDT,BUY,LIMIT,1702068817358,377.3,3.112
DYDXUSDT,SELL,LIMIT,1702069417108,804.4,3.045
DYDXUSDT,SELL,LIMIT,1702073512004,775.6,3.022
DYDXUSDT,SELL,LIMIT,1702074450195,1551.8,3.018
DYDXUSDT,BUY,LIMIT,1702078177083,1193.6,3.087
DYDXUSDT,BUY,LIMIT,1702079250026,35.0,3.102
DYDXUSDT,BUY,LIMIT,1702080715166,117.8,3.119
DYDXUSDT,BUY,LIMIT,1702080815780,1631.8,3.126
DYDXUSDT,BUY,LIMIT,1702081626343,427.4,3.125
DYDXUSDT,BUY,LIMIT,1702081993363,64.4,3.149
DYDXUSDT,BUY,LIMIT,1702082087532,1708.8,3.156
DYDXUSDT,BUY,LIMIT,1702082279388,7.5,3.147
DYDXUSDT,BUY,LIMIT,1702082721394,118.3,3.156
DYDXUSDT,BUY,LIMIT,1702082744299,44.9,3.162
DYDXUSDT,BUY,LIMIT,1702082974938,7.0,3.160
DYDXUSDT,BUY,LIMIT,1702083088330,2.3,3.163
DYDXUSDT,BUY,LIMIT,1702083126195,6.7,3.164
DYDXUSDT,BUY,LIMIT,1702083461704,741.8,3.167
DYDXUSDT,BUY,LIMIT,1702083551833,596.5,3.171
DYDXUSDT,BUY,LIMIT,1702083553267,19.1,3.173
DYDXUSDT,SELL,LIMIT,1702084003302,2.6,3.070
DYDXUSDT,SELL,LIMIT,1702084023143,4.1,3.065
DYDXUSDT,SELL,LIMIT,1702084103054,111.4,3.039
DYDXUSDT,SELL,LIMIT,1702084106521,21.2,3.037
DYDXUSDT,SELL,LIMIT,1702087944686,35.4,3.037
DYDXUSDT,SELL,LIMIT,1702087945841,11.5,3.033
DYDXUSDT,SELL,LIMIT,1702087949610,87.5,3.028
DYDXUSDT,SELL,LIMIT,1702087950970,32.3,3.027
DYDXUSDT,BUY,LIMIT,1702092851171,48.4,3.155
DYDXUSDT,BUY,LIMIT,1702093210611,370.2,3.147
DYDXUSDT,BUY,LIMIT,1702094616454,828.1,3.139
DYDXUSDT,BUY,LIMIT,1702102431140,2.0,3.181
DYDXUSDT,BUY,LIMIT,1702102660067,36.9,3.182
DYDXUSDT,BUY,LIMIT,1702103175963,379.6,3.191
DYDXUSDT,BUY,LIMIT,1702103244575,699.6,3.192
DYDXUSDT,BUY,LIMIT,1702103258248,31.6,3.194
DYDXUSDT,BUY,LIMIT,1702103296121,656.8,3.197
DYDXUSDT,SELL,LIMIT,1702103465218,2737.4,3.114
DYDXUSDT,BUY,LIMIT,1702103869490,2737.4,3.201
DYDXUSDT,BUY,LIMIT,1702104227782,28.8,3.195
DYDXUSDT,BUY,LIMIT,1702105896464,1000.0,3.204
DYDXUSDT,BUY,LIMIT,1702107332293,46.4,3.219
DYDXUSDT,BUY,LIMIT,1702107976830,47.9,3.227
DYDXUSDT,BUY,LIMIT,1702107979009,651.4,3.227
DYDXUSDT,BUY,LIMIT,1702107981258,6.6,3.227
DYDXUSDT,BUY,LIMIT,1702108056107,97.4,3.230
DYDXUSDT,BUY,LIMIT,1702108074303,6.5,3.232
DYDXUSDT,SELL,LIMIT,1702108293834,3.6,3.169
DYDXUSDT,BUY,LIMIT,1702108567482,7.6,3.240
DYDXUSDT,BUY,LIMIT,1702108628623,290.9,3.241
DYDXUSDT,BUY,LIMIT,1702108884515,1154.4,3.245
DYDXUSDT,BUY,LIMIT,1702108905133,9.6,3.247
DYDXUSDT,BUY,LIMIT,1702109101219,10.0,3.257
DYDXUSDT,BUY,LIMIT,1702109208223,10.8,3.261
DYDXUSDT,BUY,LIMIT,1702109412243,17.7,3.260
DYDXUSDT,SELL,LIMIT,1702109506562,63.8,3.200
DYDXUSDT,BUY,LIMIT,1702109727301,14.9,3.265
DYDXUSDT,BUY,LIMIT,1702109780749,3.4,3.267
DYDXUSDT,BUY,LIMIT,1702109863666,3.3,3.271
DYDXUSDT,BUY,LIMIT,1702109875230,1605.1,3.274
DYDXUSDT,BUY,LIMIT,1702109892379,5.4,3.276
DYDXUSDT,BUY,LIMIT,1702109918512,6.7,3.276
DYDXUSDT,BUY,LIMIT,1702109920346,300.0,3.277
DYDXUSDT,BUY,LIMIT,1702109921667,32.8,3.279
DYDXUSDT,BUY,LIMIT,1702109937849,455.6,3.280
DYDXUSDT,SELL,LIMIT,1702109979972,2.0,3.212
DYDXUSDT,BUY,LIMIT,1702110068345,7.2,3.275
DYDXUSDT,SELL,LIMIT,1702110419774,149.6,3.156
DYDXUSDT,SELL,LIMIT,1702110830274,1556.5,3.148
DYDXUSDT,SELL,LIMIT,1702110862254,312.9,3.135
DYDXUSDT,SELL,LIMIT,1702110863463,55.7,3.137
DYDXUSDT,SELL,LIMIT,1702110871336,175.6,3.135
DYDXUSDT,SELL,LIMIT,1702110874796,783.1,3.131
DYDXUSDT,SELL,LIMIT,1702110876427,391.1,3.131
DYDXUSDT,SELL,LIMIT,1702110909545,549.3,3.132
DYDXUSDT,SELL,LIMIT,1702110913270,315.0,3.128
DYDXUSDT,SELL,LIMIT,1702110914422,294.0,3.128
DYDXUSDT,SELL,LIMIT,1702110922351,26.3,3.125
DYDXUSDT,SELL,LIMIT,1702110934963,1571.3,3.121
DYDXUSDT,SELL,LIMIT,1702110969888,134.0,3.117
DYDXUSDT,SELL,LIMIT,1702110971358,53.9,3.103
DYDXUSDT,SELL,LIMIT,1702110972402,183.6,3.105
DYDXUSDT,SELL,LIMIT,1702110975626,1062.5,3.100
DYDXUSDT,SELL,LIMIT,1702110980726,600.0,3.097
DYDXUSDT,SELL,LIMIT,1702110982526,57.7,3.096
DYDXUSDT,SELL,LIMIT,1702110983692,5.7,3.096
DYDXUSDT,SELL,LIMIT,1702111023137,2221.5,3.092
DYDXUSDT,SELL,LIMIT,1702111036129,6800.4,3.070
DYDXUSDT,SELL,LIMIT,1702111037177,593.6,3.085
DYDXUSDT,SELL,LIMIT,1702111038254,503.5,3.091
DYDXUSDT,SELL,LIMIT,1702111040601,464.3,3.079
DYDXUSDT,SELL,LIMIT,1702111041681,1865.9,3.074
DYDXUSDT,SELL,LIMIT,1702111043512,73.5,3.072
DYDXUSDT,SELL,LIMIT,1702111044533,160.0,3.072
DYDXUSDT,SELL,LIMIT,1702111045536,751.4,3.063
DYDXUSDT,SELL,LIMIT,1702111046542,19.7,3.057
DYDXUSDT,SELL,LIMIT,1702111350772,26.8,3.061
DYDXUSDT,SELL,LIMIT,1702111366117,271.6,3.055
DYDXUSDT,SELL,LIMIT,1702111367393,121.2,3.055
DYDXUSDT,SELL,LIMIT,1702111369533,30.8,3.052
DYDXUSDT,SELL,LIMIT,1702111372182,4.7,3.048
DYDXUSDT,SELL,LIMIT,1702111373517,192.9,3.049
DYDXUSDT,SELL,LIMIT,1702111376017,199.8,3.045
DYDXUSDT,SELL,LIMIT,1702111377147,594.8,3.043
DYDXUSDT,SELL,LIMIT,1702111378406,481.9,3.043
DYDXUSDT,SELL,LIMIT,1702111379422,2144.8,3.031
DYDXUSDT,SELL,LIMIT,1702111380543,1613.9,3.037
DYDXUSDT,SELL,LIMIT,1702111381558,13.0,3.035
DYDXUSDT,SELL,LIMIT,1702111383343,2878.2,3.021
DYDXUSDT,SELL,LIMIT,1702111386142,16.0,3.032
DYDXUSDT,SELL,LIMIT,1702111387182,387.2,3.019
DYDXUSDT,SELL,LIMIT,1702111389066,4.4,3.015
DYDXUSDT,SELL,LIMIT,1702111390147,41.1,3.010
DYDXUSDT,BUY,LIMIT,1702111565121,272.3,3.143
DYDXUSDT,BUY,LIMIT,1702111663201,317.2,3.148
DYDXUSDT,SELL,LIMIT,1702112320601,319.3,3.064
DYDXUSDT,SELL,LIMIT,1702114841433,199.7,3.068
DYDXUSDT,SELL,LIMIT,1702114844289,4.7,3.066
DYDXUSDT,SELL,LIMIT,1702114956440,200.0,3.061
DYDXUSDT,SELL,LIMIT,1702114958034,217.3,3.059
DYDXUSDT,SELL,LIMIT,1702115029652,308.7,3.049
DYDXUSDT,SELL,LIMIT,1702115032664,28.2,3.045
DYDXUSDT,SELL,LIMIT,1702115077124,805.9,3.041
DYDXUSDT,SELL,LIMIT,1702115085429,58.8,3.037
DYDXUSDT,SELL,LIMIT,1702115601016,13.6,3.045
DYDXUSDT,SELL,LIMIT,1702115631901,51.3,3.035
DYDXUSDT,SELL,LIMIT,1702117632393,81.9,3.027
DYDXUSDT,SELL,LIMIT,1702117647458,86.8,3.026
DYDXUSDT,SELL,LIMIT,1702117708891,319.7,3.024
DYDXUSDT,SELL,LIMIT,1702118601553,1588.7,3.023
DYDXUSDT,SELL,LIMIT,1702118603421,98.6,3.019
DYDXUSDT,SELL,LIMIT,1702118605110,108.5,3.018
DYDXUSDT,SELL,LIMIT,1702122369545,46.4,3.025
DYDXUSDT,BUY,LIMIT,1702123781854,1635.0,3.119
DYDXUSDT,BUY,LIMIT,1702127228058,44.2,3.129
DYDXUSDT,BUY,LIMIT,1702129190469,111.0,3.151
DYDXUSDT,SELL,LIMIT,1702132270235,3.2,3.103
DYDXUSDT,SELL,LIMIT,1702132602731,351.7,3.049
DYDXUSDT,SELL,LIMIT,1702132605765,938.0,3.046
DYDXUSDT,SELL,LIMIT,1702132815729,23.3,3.035
DYDXUSDT,SELL,LIMIT,1702132819229,96.7,3.034
DYDXUSDT,SELL,LIMIT,1702132824542,615.0,3.031
DYDXUSDT,SELL,LIMIT,1702132891195,549.1,3.032
DYDXUSDT,SELL,LIMIT,1702132958908,1058.0,3.022
DYDXUSDT,SELL,LIMIT,1702132986476,50.2,3.016
DYDXUSDT,SELL,LIMIT,1702132989386,1462.5,3.016
DYDXUSDT,SELL,LIMIT,1702132990412,19.0,3.014
DYDXUSDT,SELL,LIMIT,1702132991629,4.1,3.014
DYDXUSDT,SELL,LIMIT,1702132994480,188.8,3.012
DYDXUSDT,SELL,LIMIT,1702132995832,6.4,3.007
DYDXUSDT,SELL,LIMIT,1702133000692,146.4,3.006
DYDXUSDT,SELL,LIMIT,1702133002049,1608.5,3.003
DYDXUSDT,SELL,LIMIT,1702133003869,198.7,2.999
DYDXUSDT,SELL,LIMIT,1702133004891,137.5,2.999
DYDXUSDT,SELL,LIMIT,1702133006078,674.3,2.995
DYDXUSDT,SELL,LIMIT,1702133008390,94.1,2.995
DYDXUSDT,SELL,LIMIT,1702133009596,383.3,2.993
DYDXUSDT,SELL,LIMIT,1702133322210,327.5,2.999
DYDXUSDT,SELL,LIMIT,1702133323424,55.7,2.995
