Symbol,Side,Order Type,Time,Quantity,Price
DYDXUSDT,SELL,LIMIT,1701067745012,39.0,3.264
DYDXUSDT,SELL,LIMIT,1701067750785,88.5,3.301
DYDXUSDT,SELL,LIMIT,1701067853150,0.1,3.259
DYDXUSDT,SELL,LIMIT,1701067855583,26.7,3.259
DYDXUSDT,SELL,LIMIT,1701067858338,206.9,3.257
DYDXUSDT,SELL,LIMIT,1701067861787,13.3,3.256
DYDXUSDT,SELL,LIMIT,1701067863077,1499.4,3.254
DYDXUSDT,SELL,LIMIT,1701067864196,98.9,3.255
DYDXUSDT,SELL,LIMIT,1701067869154,60.2,3.255
DYDXUSDT,SELL,LIMIT,1701067870360,72.2,3.254
DYDXUSDT,SELL,LIMIT,1701068083680,49.5,3.254
DYDXUSDT,SELL,LIMIT,1701068088208,22.1,3.253
DYDXUSDT,SELL,LIMIT,1701068092260,608.3,3.251
DYDXUSDT,SELL,LIMIT,1701068111160,68.5,3.249
DYDXUSDT,SELL,LIMIT,1701068113226,322.3,3.247
DYDXUSDT,SELL,LIMIT,1701068114284,73.0,3.246
DYDXUSDT,SELL,LIMIT,1701068116082,207.3,3.237
DYDXUSDT,SELL,LIMIT,1701068117269,27.8,3.239
DYDXUSDT,SELL,LIMIT,1701068118561,241.6,3.238
DYDXUSDT,SELL,LIMIT,1701068152190,14.5,3.235
DYDXUSDT,SELL,LIMIT,1701068163417,597.9,3.233
DYDXUSDT,SELL,LIMIT,1701068165632,165.3,3.233
DYDXUSDT,SELL,LIMIT,1701068168761,416.8,3.231
DYDXUSDT,SELL,LIMIT,1701068173287,85.8,3.231
DYDXUSDT,SELL,LIMIT,1701069010770,19.3,3.257
DYDXUSDT,SELL,LIMIT,1701069427664,20.9,3.238
DYDXUSDT,SELL,LIMIT,1701069477513,412.2,3.233
DYDXUSDT,SELL,LIMIT,1701069513762,139.5,3.227
DYDXUSDT,SELL,LIMIT,1701069516672,55.2,3.227
DYDXUSDT,SELL,LIMIT,1701069517742,44.1,3.226
DYDXUSDT,SELL,LIMIT,1701069523437,570.2,3.224
DYDXUSDT,SELL,LIMIT,1701069535596,34.4,3.224
DYDXUSDT,SELL,LIMIT,1701069555227,207.9,3.222
DYDXUSDT,SELL,LIMIT,1701069556633,59.1,3.222
DYDXUSDT,SELL,LIMIT,1701069565211,43.0,3.221
DYDXUSDT,SELL,LIMIT,1701069570846,19.2,3.221
DYDXUSDT,SELL,LIMIT,1701069572616,277.6,3.220
DYDXUSDT,SELL,LIMIT,1701069574657,5.2,3.218
DYDXUSDT,SELL,LIMIT,1701069636181,48.9,3.221
DYDXUSDT,SELL,LIMIT,1701069637974,57.0,3.220
DYDXUSDT,SELL,LIMIT,1701069663158,50.9,3.217
DYDXUSDT,SELL,LIMIT,1701069796051,378.3,3.218
DYDXUSDT,SELL,LIMIT,1701069802243,1576.8,3.214
DYDXUSDT,SELL,LIMIT,1701069805144,3.4,3.214
DYDXUSDT,SELL,LIMIT,1701069806205,40.4,3.215
DYDXUSDT,SELL,LIMIT,1701069807251,199.7,3.213
DYDXUSDT,SELL,LIMIT,1701069809315,5.6,3.213
DYDXUSDT,SELL,LIMIT,1701069825261,211.7,3.210
DYDXUSDT,SELL,LIMIT,1701069828201,28.3,3.209
DYDXUSDT,SELL,LIMIT,1701069829866,280.4,3.207
DYDXUSDT,SELL,LIMIT,1701069832099,99.9,3.206
DYDXUSDT,SELL,LIMIT,1701069834714,5.9,3.204
DYDXUSDT,SELL,LIMIT,1701069846544,600.0,3.203
DYDXUSDT,SELL,LIMIT,1701069855202,10.0,3.202
DYDXUSDT,SELL,LIMIT,1701069856603,260.0,3.201
DYDXUSDT,SELL,LIMIT,1701069870838,3971.5,3.180
DYDXUSDT,SELL,LIMIT,1701069877805,4.6,3.200
DYDXUSDT,SELL,LIMIT,1701069879104,96.1,3.199
DYDXUSDT,SELL,LIMIT,1701069880296,751.0,3.198
DYDXUSDT,SELL,LIMIT,1701069881379,107.8,3.195
DYDXUSDT,SELL,LIMIT,1701069882686,201.5,3.195
DYDXUSDT,SELL,LIMIT,1701069885359,1346.2,3.194
DYDXUSDT,SELL,LIMIT,1701069886508,123.4,3.193
DYDXUSDT,SELL,LIMIT,1701069895963,107.0,3.193
DYDXUSDT,SELL,LIMIT,1701069897461,74.2,3.192
DYDXUSDT,SELL,LIMIT,1701069899999,52.5,3.192
DYDXUSDT,SELL,LIMIT,1701069901868,1145.5,3.192
DYDXUSDT,SELL,LIMIT,1701069993394,7.1,3.189
DYDXUSDT,SELL,LIMIT,1701070063913,22.3,3.190
DYDXUSDT,SELL,LIMIT,1701070166082,687.2,3.184
DYDXUSDT,SELL,LIMIT,1701070167138,6559.7,3.160
DYDXUSDT,SELL,LIMIT,1701070168179,311.1,3.179
DYDXUSDT,SELL,LIMIT,1701070169220,56.7,3.181
DYDXUSDT,SELL,LIMIT,1701070170248,15.0,3.178
DYDXUSDT,SELL,LIMIT,1701070171276,30641.1,3.138
DYDXUSDT,SELL,LIMIT,1701070173073,115.9,3.173
DYDXUSDT,SELL,LIMIT,1701070174167,21.4,3.175
DYDXUSDT,SELL,LIMIT,1701070439512,85.6,3.181
DYDXUSDT,SELL,LIMIT,1701070442192,29.5,3.182
DYDXUSDT,SELL,LIMIT,1701071228898,3.3,3.220
DYDXUSDT,BUY,LIMIT,1701072012314,292.7,3.295
DYDXUSDT,BUY,LIMIT,1701076780328,1270.6,3.302
DYDXUSDT,SELL,LIMIT,1701077399082,15.2,3.230
DYDXUSDT,BUY,LIMIT,1701078762764,34.2,3.310
DYDXUSDT,SELL,LIMIT,1701080708268,2.7,3.217
DYDXUSDT,SELL,LIMIT,1701080766216,15.4,3.211
DYDXUSDT,SELL,LIMIT,1701081134855,105.4,3.208
DYDXUSDT,SELL,LIMIT,1701081280702,3.5,3.204
DYDXUSDT,SELL,LIMIT,1701081328455,190.4,3.203
DYDXUSDT,SELL,LIMIT,1701081422150,58.2,3.204
DYDXUSDT,SELL,LIMIT,1701081426952,9.1,3.200
DYDXUSDT,SELL,LIMIT,1701081440057,153.9,3.195
DYDXUSDT,SELL,LIMIT,1701081446474,8.1,3.194
DYDXUSDT,SELL,LIMIT,1701081452093,195.7,3.190
DYDXUSDT,SELL,LIMIT,1701081490176,12.2,3.185
DYDXUSDT,SELL,LIMIT,1701081491212,1.6,3.183
DYDXUSDT,SELL,LIMIT,1701081580229,8.8,3.190
DYDXUSDT,SELL,LIMIT,1701082020240,200.0,3.192
DYDXUSDT,SELL,LIMIT,1701082067302,339.2,3.195
DYDXUSDT,SELL,LIMIT,1701082124569,770.8,3.193
DYDXUSDT,SELL,LIMIT,1701082483039,254.8,3.193
DYDXUSDT,SELL,LIMIT,1701082672168,1105.2,3.186
DYDXUSDT,SELL,LIMIT,1701082687202,427.1,3.183
DYDXUSDT,SELL,LIMIT,1701082692054,95.5,3.182
DYDXUSDT,SELL,LIMIT,1701082696926,14.5,3.181
DYDXUSDT,SELL,LIMIT,1701082704561,30.8,3.179
DYDXUSDT,SELL,LIMIT,1701084911443,542.1,3.179
DYDXUSDT,SELL,LIMIT,1701084921288,46.0,3.176
DYDXUSDT,SELL,LIMIT,1701084931835,139.0,3.174
DYDXUSDT,SELL,LIMIT,1701085910616,42.0,3.209
DYDXUSDT,SELL,LIMIT,1701087398723,110.2,3.195
DYDXUSDT,SELL,LIMIT,1701089963530,16.9,3.183
DYDXUSDT,SELL,LIMIT,1701090136223,300.0,3.188
DYDXUSDT,SELL,LIMIT,1701091161536,64.9,3.173
DYDXUSDT,SELL,LIMIT,1701091163244,848.2,3.172
DYDXUSDT,SELL,LIMIT,1701091164243,30.2,3.172
DYDXUSDT,SELL,LIMIT,1701092747467,57.5,3.171
DYDXUSDT,SELL,LIMIT,1701092751314,319.8,3.170
DYDXUSDT,SELL,LIMIT,1701093060675,3.8,3.170
DYDXUSDT,SELL,LIMIT,1701093074233,89.7,3.169
DYDXUSDT,SELL,LIMIT,1701093075395,305.0,3.169
DYDXUSDT,SELL,LIMIT,1701093076664,886.7,3.164
DYDXUSDT,SELL,LIMIT,1701093077853,50.8,3.161
DYDXUSDT,SELL,LIMIT,1701093106846,153.5,3.160
DYDXUSDT,SELL,LIMIT,1701093108062,52.1,3.159
DYDXUSDT,SELL,LIMIT,1701093109460,28.5,3.159
DYDXUSDT,SELL,LIMIT,1701093110605,1.9,3.155
DYDXUSDT,SELL,LIMIT,1701093111739,399.0,3.154
DYDXUSDT,SELL,LIMIT,1701093113036,32.4,3.150
DYDXUSDT,SELL,LIMIT,1701093116296,210.1,3.148
DYDXUSDT,SELL,LIMIT,1701093118012,97.1,3.147
DYDXUSDT,SELL,LIMIT,1701093120254,570.8,3.145
DYDXUSDT,SELL,LIMIT,1701093137411,600.0,3.144
DYDXUSDT,BUY,LIMIT,1701093839673,62.3,3.273
DYDXUSDT,SELL,LIMIT,1701094692091,19.7,3.173
DYDXUSDT,SELL,LIMIT,1701094709641,31.4,3.163
DYDXUSDT,SELL,LIMIT,1701094972233,4.8,3.160
DYDXUSDT,SELL,LIMIT,1701094985519,331.7,3.159
DYDXUSDT,SELL,LIMIT,1701094993988,1542.8,3.157
DYDXUSDT,SELL,LIMIT,1701095332033,31.5,3.162
DYDXUSDT,SELL,LIMIT,1701095543236,385.9,3.152
DYDXUSDT,SELL,LIMIT,1701095553061,1270.7,3.149
DYDXUSDT,SELL,LIMIT,1701096791392,307.0,3.144
DYDXUSDT,SELL,LIMIT,1701096795441,440.1,3.145
DYDXUSDT,SELL,LIMIT,1701096797345,12.2,3.144
DYDXUSDT,SELL,LIMIT,1701096801101,128.0,3.141
DYDXUSDT,SELL,LIMIT,1701096968707,50.1,3.139
DYDXUSDT,SELL,LIMIT,1701096969768,2895.9,3.123
DYDXUSDT,SELL,LIMIT,1701096998283,617.8,3.137
DYDXUSDT,SELL,LIMIT,1701097010814,462.3,3.136
DYDXUSDT,SELL,LIMIT,1701097016490,43.6,3.135
DYDXUSDT,SELL,LIMIT,1701097042238,14.8,3.131
DYDXUSDT,SELL,LIMIT,1701097044037,20.0,3.127
DYDXUSDT,SELL,LIMIT,1701097045092,96.8,3.128
DYDXUSDT,SELL,LIMIT,1701097065380,12.4,3.124
DYDXUSDT,SELL,LIMIT,1701097066534,9.2,3.123
DYDXUSDT,SELL,LIMIT,1701097070592,146.6,3.120
DYDXUSDT,SELL,LIMIT,1701097071609,8735.3,3.093
DYDXUSDT,SELL,LIMIT,1701097072901,243.5,3.118
DYDXUSDT,SELL,LIMIT,1701097099517,252.4,3.117
DYDXUSDT,SELL,LIMIT,1701097100995,1.9,3.117
DYDXUSDT,SELL,LIMIT,1701097102517,25.9,3.116
DYDXUSDT,SELL,LIMIT,1701100120132,163.3,3.168
DYDXUSDT,SELL,LIMIT,1701100143318,15.4,3.148
DYDXUSDT,SELL,LIMIT,1701100165081,2.3,3.143
DYDXUSDT,SELL,LIMIT,1701100281570,3.0,3.228
DYDXUSDT,SELL,LIMIT,1701100537109,22.6,3.136
DYDXUSDT,SELL,LIMIT,1701100570086,406.8,3.131
DYDXUSDT,SELL,LIMIT,1701100575629,542.5,3.123
DYDXUSDT,SELL,LIMIT,1701100590633,712.3,3.125
DYDXUSDT,SELL,LIMIT,1701100594387,31.2,3.125
DYDXUSDT,SELL,LIMIT,1701100624207,357.7,3.121
DYDXUSDT,SELL,LIMIT,1701100633481,25.0,3.116
DYDXUSDT,SELL,LIMIT,1701100640298,102.7,3.135
DYDXUSDT,SELL,LIMIT,1701101000328,66.1,3.169
DYDXUSDT,SELL,LIMIT,1701101004520,26.5,3.155
DYDXUSDT,SELL,LIMIT,1701101007837,14.6,3.132
DYDXUSDT,BUY,LIMIT,1701102010615,10.0,3.229
DYDXUSDT,SELL,LIMIT,1701102047754,14.1,3.160
DYDXUSDT,SELL,LIMIT,1701102055598,68.6,3.158
DYDXUSDT,SELL,LIMIT,1701104216796,1000.0,3.169
DYDXUSDT,BUY,LIMIT,1701104735480,12.7,3.247
DYDXUSDT,BUY,LIMIT,1701104833505,2.3,3.252
DYDXUSDT,SELL,LIMIT,1701107254250,62.0,3.158
DYDXUSDT,SELL,LIMIT,1701107389226,216.9,3.156
DYDXUSDT,SELL,LIMIT,1701107456067,4.5,3.145
DYDXUSDT,SELL,LIMIT,1701107620254,4.6,3.137
DYDXUSDT,SELL,LIMIT,1701107629280,2.6,3.136
DYDXUSDT,SELL,LIMIT,1701107638239,773.3,3.132
DYDXUSDT,SELL,LIMIT,1701111057446,73.1,3.156
DYDXUSDT,SELL,LIMIT,1701111925765,93.5,3.140
DYDXUSDT,SELL,LIMIT,1701112120351,46.4,3.131
DYDXUSDT,SELL,LIMIT,1701112159192,30.0,3.129
DYDXUSDT,SELL,LIMIT,1701112776288,23.0,3.140
DYDXUSDT,SELL,LIMIT,1701114162465,3.0,3.125
DYDXUSDT,SELL,LIMIT,1701114163682,85.6,3.123
DYDXUSDT,SELL,LIMIT,1701114205295,3.1,3.123
DYDXUSDT,SELL,LIMIT,1701114218370,32.6,3.121
DYDXUSDT,SELL,LIMIT,1701114229270,4.0,3.121
DYDXUSDT,SELL,LIMIT,1701114230368,211.9,3.121
DYDXUSDT,SELL,LIMIT,1701114232981,129.0,3.119
DYDXUSDT,SELL,LIMIT,1701114234207,48.7,3.127
DYDXUSDT,SELL,LIMIT,1701114237067,60.0,3.117
DYDXUSDT,SELL,LIMIT,1701114263717,1554.6,3.112
DYDXUSDT,SELL,LIMIT,1701114265343,69.2,3.112
DYDXUSDT,SELL,LIMIT,1701114278228,79.7,3.112
DYDXUSDT,SELL,LIMIT,1701114280440,40.0,3.108
DYDXUSDT,SELL,LIMIT,1701114343100,280.6,3.106
DYDXUSDT,SELL,LIMIT,1701114344762,85.3,3.106
DYDXUSDT,SELL,LIMIT,1701114346157,724.1,3.105
DYDXUSDT,SELL,LIMIT,1701114352616,43.3,3.104
DYDXUSDT,SELL,LIMIT,1701114354187,308.6,3.101
DYDXUSDT,SELL,LIMIT,1701114356247,7.1,3.100
DYDXUSDT,SELL,LIMIT,1701114357390,2.2,3.097
DYDXUSDT,SELL,LIMIT,1701114359911,12.6,3.098
DYDXUSDT,SELL,LIMIT,1701114467277,1176.4,3.097
DYDXUSDT,SELL,LIMIT,1701114468449,32.8,3.096
DYDXUSDT,SELL,LIMIT,1701114469750,390.6,3.095
DYDXUSDT,SELL,LIMIT,1701114471125,41912.3,3.055
DYDXUSDT,SELL,LIMIT,1701114472149,163.5,3.089
DYDXUSDT,SELL,LIMIT,1701114473155,29.5,3.094
DYDXUSDT,SELL,LIMIT,1701114474554,17.6,3.089
DYDXUSDT,SELL,LIMIT,1701114475612,100.0,3.088
DYDXUSDT,SELL,LIMIT,1701114476883,1429.3,3.088
DYDXUSDT,SELL,LIMIT,1701114478359,3874.8,3.069
DYDXUSDT,SELL,LIMIT,1701114480752,30.8,3.086
DYDXUSDT,SELL,LIMIT,1701114487868,4.2,3.086
DYDXUSDT,SELL,LIMIT,1701114493492,27.5,3.085
DYDXUSDT,SELL,LIMIT,1701114494670,223.1,3.084
DYDXUSDT,SELL,LIMIT,1701114496060,29.9,3.083
DYDXUSDT,SELL,LIMIT,1701116768146,114.2,3.114
DYDXUSDT,SELL,LIMIT,1701116810678,90.7,3.110
DYDXUSDT,SELL,LIMIT,1701116888036,50.9,3.107
DYDXUSDT,SELL,LIMIT,1701116916051,22.6,3.105
DYDXUSDT,SELL,LIMIT,1701117187250,9.2,3.111
DYDXUSDT,SELL,LIMIT,1701121758262,7.8,3.165
DYDXUSDT,SELL,LIMIT,1701121766810,53.8,3.149
DYDXUSDT,BUY,LIMIT,1701122223110,5.5,3.170
DYDXUSDT,SELL,LIMIT,1701122226228,19.3,3.147
DYDXUSDT,BUY,LIMIT,1701123160285,193.8,3.196
DYDXUSDT,SELL,LIMIT,1701123238233,20.0,3.143
DYDXUSDT,SELL,LIMIT,1701123500622,1568.3,3.126
DYDXUSDT,BUY,LIMIT,1701126564629,3.1,3.235
DYDXUSDT,BUY,LIMIT,1701127583140,100.0,3.252
DYDXUSDT,BUY,LIMIT,1701129142309,63.2,3.253
DYDXUSDT,SELL,LIMIT,1701129658761,14.7,3.192
DYDXUSDT,SELL,LIMIT,1701133621697,42.4,3.170
DYDXUSDT,SELL,LIMIT,1701134663055,7.3,3.157
DYDXUSDT,SELL,LIMIT,1701134784263,642.9,3.157
DYDXUSDT,SELL,LIMIT,1701135018399,107.2,3.153
DYDXUSDT,SELL,LIMIT,1701136930808,163.7,3.140
DYDXUSDT,SELL,LIMIT,1701137006777,1554.6,3.135
DYDXUSDT,SELL,LIMIT,1701137212766,858.0,3.121
DYDXUSDT,SELL,LIMIT,1701137240676,210.8,3.119
DYDXUSDT,SELL,LIMIT,1701137315841,123.1,3.116
DYDXUSDT,SELL,LIMIT,1701137393548,3.7,3.118
DYDXUSDT,SELL,LIMIT,1701137572503,717.8,3.109
DYDXUSDT,SELL,LIMIT,1701144389393,99.4,3.100
DYDXUSDT,SELL,LIMIT,1701145565099,1.6,7.297
DYDXUSDT,SELL,LIMIT,1701145768519,51898.5,3.058
DYDXUSDT,SELL,LIMIT,1701146007143,4.1,3.090
DYDXUSDT,SELL,LIMIT,1701146009072,593.1,3.088
DYDXUSDT,SELL,LIMIT,1701146012290,6.3,3.086
DYDXUSDT,SELL,LIMIT,1701146014290,139.3,3.085
DYDXUSDT,SELL,LIMIT,1701146212216,350.8,3.080
DYDXUSDT,SELL,LIMIT,1701146213306,1401.4,3.080
DYDXUSDT,SELL,LIMIT,1701146537117,40.2,3.079
DYDXUSDT,SELL,LIMIT,1701146541242,80.8,3.078
DYDXUSDT,SELL,LIMIT,1701146566114,20.1,3.077
DYDXUSDT,SELL,LIMIT,1701146599181,462.3,3.076
DYDXUSDT,SELL,LIMIT,1701146606144,2.6,3.076
DYDXUSDT,SELL,LIMIT,1701146608432,467.8,3.075
DYDXUSDT,SELL,LIMIT,1701146610059,4.1,3.074
DYDXUSDT,SELL,LIMIT,1701146612295,265.8,3.074
DYDXUSDT,SELL,LIMIT,1701146613761,12000.0,3.045
DYDXUSDT,SELL,LIMIT,1701146615160,48.1,3.069
DYDXUSDT,SELL,LIMIT,1701146617098,325.7,3.066
DYDXUSDT,SELL,LIMIT,1701146618237,376.0,3.066
DYDXUSDT,SELL,LIMIT,1701146619407,33.1,3.064
DYDXUSDT,SELL,LIMIT,1701146972130,45.4,3.064
DYDXUSDT,SELL,LIMIT,1701147177180,308.0,3.061
DYDXUSDT,SELL,LIMIT,1701147178268,56.6,3.058
DYDXUSDT,SELL,LIMIT,1701147187592,180.4,3.055
DYDXUSDT,SELL,LIMIT,1701147188656,215.5,3.054
DYDXUSDT,SELL,LIMIT,1701147196286,38.1,3.051
DYDXUSDT,SELL,LIMIT,1701147197420,15.8,3.048
DYDXUSDT,SELL,LIMIT,1701147199983,237.9,3.048
DYDXUSDT,SELL,LIMIT,1701147225196,28.8,3.047
DYDXUSDT,SELL,LIMIT,1701147797464,32.4,3.063
DYDXUSDT,SELL,LIMIT,1701147924234,5.7,3.050
DYDXUSDT,SELL,LIMIT,1701148008747,30.0,3.050
DYDXUSDT,SELL,LIMIT,1701148242201,12.3,3.046
DYDXUSDT,SELL,LIMIT,1701148246960,87.4,3.045
DYDXUSDT,SELL,LIMIT,1701148256939,231.4,3.045
DYDXUSDT,SELL,LIMIT,1701148493407,13.2,3.044
DYDXUSDT,SELL,LIMIT,1701148495348,82.8,3.043
DYDXUSDT,SELL,LIMIT,1701148496492,9.1,3.042
DYDXUSDT,SELL,LIMIT,1701148534603,26.9,3.040
DYDXUSDT,SELL,LIMIT,1701148839576,27.3,3.039
DYDXUSDT,SELL,LIMIT,1701148849355,193.9,3.037
DYDXUSDT,SELL,LIMIT,1701148851340,44.4,3.036
DYDXUSDT,SELL,LIMIT,1701148935425,220.7,3.033
DYDXUSDT,SELL,LIMIT,1701148936571,14.9,3.032
DYDXUSDT,SELL,LIMIT,1701148938073,1482.1,3.031
DYDXUSDT,SELL,LIMIT,1701149092544,376.4,3.031
DYDXUSDT,SELL,LIMIT,1701149111485,377.4,3.033
DYDXUSDT,SELL,LIMIT,1701149732263,5.1,3.034
DYDXUSDT,SELL,LIMIT,1701149761260,11.1,3.031
DYDXUSDT,SELL,LIMIT,1701149771344,30.0,3.032
DYDXUSDT,SELL,LIMIT,1701149772987,85.5,3.032
DYDXUSDT,SELL,LIMIT,1701149778274,133.2,3.029
DYDXUSDT,SELL,LIMIT,1701149779502,39.6,3.028
DYDXUSDT,SELL,LIMIT,1701149782126,68.2,3.033
DYDXUSDT,SELL,LIMIT,1701149822055,12.7,3.027
DYDXUSDT,SELL,LIMIT,1701149823458,400.0,3.026
DYDXUSDT,SELL,LIMIT,1701149845348,341.8,3.025
DYDXUSDT,SELL,LIMIT,1701149847741,122.6,3.022
DYDXUSDT,SELL,LIMIT,1701149851814,392.7,3.021
DYDXUSDT,SELL,LIMIT,1701149853704,14.7,3.021
DYDXUSDT,SELL,LIMIT,1701149890109,57.9,3.020
DYDXUSDT,SELL,LIMIT,1701149892067,257.4,3.020
DYDXUSDT,SELL,LIMIT,1701151263083,746.4,3.028
DYDXUSDT,BUY,LIMIT,1701154433044,535.7,3.131
DYDXUSDT,BUY,LIMIT,1701155196460,4.1,3.137
DYDXUSDT,BUY,LIMIT,1701155265162,123.5,3.145
DYDXUSDT,SELL,LIMIT,1701156228850,4.0,3.069
DYDXUSDT,SELL,LIMIT,1701156561122,2.8,3.069
DYDXUSDT,SELL,LIMIT,1701156562590,513.8,3.065
DYDXUSDT,SELL,LIMIT,1701156639230,13139.2,3.043
DYDXUSDT,SELL,LIMIT,1701156645884,216.9,3.070
DYDXUSDT,BUY,LIMIT,1701157118068,138.0,3.160
DYDXUSDT,BUY,LIMIT,1701157317123,1.9,3.186
DYDXUSDT,BUY,LIMIT,1701157383898,177.4,3.191
DYDXUSDT,BUY,LIMIT,1701157472180,151.7,3.206
DYDXUSDT,BUY,LIMIT,1701157476026,45.9,3.209
DYDXUSDT,BUY,LIMIT,1701157496047,5256.3,3.235
DYDXUSDT,SELL,LIMIT,1701157764200,140.8,3.118
DYDXUSDT,BUY,LIMIT,1701157981255,177.5,3.214
DYDXUSDT,BUY,LIMIT,1701159675550,286.0,3.209
DYDXUSDT,BUY,LIMIT,1701159713973,643.5,3.223
DYDXUSDT,BUY,LIMIT,1701160463399,1.9,3.228
DYDXUSDT,BUY,LIMIT,1701160528567,923.4,3.237
DYDXUSDT,BUY,LIMIT,1701160554743,1195.0,3.241
DYDXUSDT,BUY,LIMIT,1701160584135,2737.3,3.263
DYDXUSDT,BUY,LIMIT,1701160781351,70.1,3.255
DYDXUSDT,BUY,LIMIT,1701160782586,6.4,3.255
DYDXUSDT,BUY,LIMIT,1701160790353,39.5,3.258
DYDXUSDT,BUY,LIMIT,1701160802109,1239.8,3.260
DYDXUSDT,SELL,LIMIT,1701161639314,132.2,3.146
DYDXUSDT,SELL,LIMIT,1701162585791,618.5,3.127
DYDXUSDT,BUY,LIMIT,1701164448628,51.2,3.228
DYDXUSDT,BUY,LIMIT,1701164742056,167.6,3.232
DYDXUSDT,BUY,LIMIT,1701171026330,145.1,3.251
DYDXUSDT,BUY,LIMIT,1701171042344,158.8,3.251
DYDXUSDT,BUY,LIMIT,1701171062077,65.3,3.254
DYDXUSDT,SELL,LIMIT,1701173450780,55.1,3.169
DYDXUSDT,SELL,LIMIT,1701173711307,1031.0,3.162
DYDXUSDT,SELL,LIMIT,1701174186103,322.9,3.153
DYDXUSDT,BUY,LIMIT,1701177326244,129.3,3.255
DYDXUSDT,BUY,LIMIT,1701177378161,18.5,3.262
DYDXUSDT,BUY,LIMIT,1701177668294,31.3,3.267
DYDXUSDT,BUY,LIMIT,1701177672548,12.9,3.268
DYDXUSDT,BUY,LIMIT,1701177844622,48.5,3.274
DYDXUSDT,BUY,LIMIT,1701177865685,8.6,3.276
DYDXUSDT,BUY,LIMIT,1701177893708,14.0,3.276
DYDXUSDT,BUY,LIMIT,1701178016105,7.6,3.277
DYDXUSDT,BUY,LIMIT,1701178027149,775.4,3.279
DYDXUSDT,BUY,LIMIT,1701178048815,68.5,3.281
DYDXUSDT,BUY,LIMIT,1701178129680,15.0,3.291
DYDXUSDT,BUY,LIMIT,1701178162854,296.2,3.293
DYDXUSDT,BUY,LIMIT,1701178439792,6588.3,3.322
DYDXUSDT,SELL,LIMIT,1701179311721,3.0,3.197
DYDXUSDT,BUY,LIMIT,1701179880931,15.4,3.297
DYDXUSDT,BUY,LIMIT,1701179883824,74.6,3.299
DYDXUSDT,BUY,LIMIT,1701179926980,1331.3,3.304
DYDXUSDT,BUY,LIMIT,1701179930596,77.9,3.305
DYDXUSDT,BUY,LIMIT,1701179931875,3877.7,3.326
DYDXUSDT,BUY,LIMIT,1701179934663,1541.3,3.308
DYDXUSDT,BUY,LIMIT,1701180018426,1500.4,3.310
DYDXUSDT,BUY,LIMIT,1701180525357,4.5,3.290
DYDXUSDT,BUY,LIMIT,1701180838745,31.7,3.295
DYDXUSDT,SELL,LIMIT,1701181192135,76.2,3.211
DYDXUSDT,SELL,LIMIT,1701181847165,242.2,3.204
DYDXUSDT,SELL,LIMIT,1701183661593,804.3,3.192
DYDXUSDT,SELL,LIMIT,1701184401097,124.7,3.183
DYDXUSDT,BUY,LIMIT,1701184814132,5.7,3.260
DYDXUSDT,SELL,LIMIT,1701185414032,10.0,3.177
DYDXUSDT,SELL,LIMIT,1701185486224,16.8,3.168
DYDXUSDT,SELL,LIMIT,1701185599390,200.0,3.164
DYDXUSDT,SELL,LIMIT,1701185919838,59.5,3.162
DYDXUSDT,BUY,LIMIT,1701186192531,219.4,3.252
DYDXUSDT,BUY,LIMIT,1701186198713,18.0,3.257
DYDXUSDT,BUY,LIMIT,1701188151207,351.7,3.237
DYDXUSDT,SELL,LIMIT,1701188481410,62.9,3.187
DYDXUSDT,BUY,LIMIT,1701188505829,17.1,3.250
DYDXUSDT,BUY,LIMIT,1701188511809,137.3,3.248
DYDXUSDT,BUY,LIMIT,1701188514941,5.7,3.226
DYDXUSDT,SELL,LIMIT,1701188780286,98.2,3.165
DYDXUSDT,SELL,LIMIT,1701188896051,1321.4,3.160
DYDXUSDT,SELL,LIMIT,1701189039074,31.7,3.189
DYDXUSDT,SELL,LIMIT,1701189363010,620.8,3.175
DYDXUSDT,BUY,LIMIT,1701189369047,163.9,3.236
DYDXUSDT,BUY,LIMIT,1701189387655,17.1,3.238
DYDXUSDT,BUY,LIMIT,1701189593786,1.6,3.253
DYDXUSDT,BUY,LIMIT,1701189791416,14.9,3.261
DYDXUSDT,BUY,LIMIT,1701189801323,172.3,3.265
DYDXUSDT,BUY,LIMIT,1701189810294,154.4,3.268
DYDXUSDT,BUY,LIMIT,1701189820662,5.7,3.273
DYDXUSDT,SELL,LIMIT,1701189975892,135.9,3.206
DYDXUSDT,BUY,LIMIT,1701189977261,5.7,3.271
DYDXUSDT,BUY,LIMIT,1701189983132,11.4,3.271
DYDXUSDT,SELL,LIMIT,1701189984250,96.0,3.208
DYDXUSDT,BUY,LIMIT,1701190169427,5.7,3.269
DYDXUSDT,BUY,LIMIT,1701190212586,6.2,3.282
DYDXUSDT,BUY,LIMIT,1701190218538,82.0,3.287
DYDXUSDT,BUY,LIMIT,1701190266185,14.2,3.288
DYDXUSDT,BUY,LIMIT,1701190274189,17.0,3.292
DYDXUSDT,BUY,LIMIT,1701190283689,124.4,3.295
DYDXUSDT,BUY,LIMIT,1701190287641,1402.0,3.296
DYDXUSDT,BUY,LIMIT,1701190340418,11.1,3.297
DYDXUSDT,BUY,LIMIT,1701190346440,94.9,3.300
DYDXUSDT,BUY,LIMIT,1701192142110,1545.5,3.291
DYDXUSDT,BUY,LIMIT,1701192143116,158.5,3.293
DYDXUSDT,BUY,LIMIT,1701192282949,5.7,3.294
DYDXUSDT,BUY,LIMIT,1701192319692,5.7,3.295
DYDXUSDT,BUY,LIMIT,1701192660453,5.8,3.305
DYDXUSDT,BUY,LIMIT,1701192684283,2.1,3.307
DYDXUSDT,SELL,LIMIT,1701194826163,38.4,3.200
DYDXUSDT,SELL,LIMIT,1701194827897,15.3,3.200
DYDXUSDT,BUY,LIMIT,1701197853681,62.2,3.271
DYDXUSDT,SELL,LIMIT,1701197856583,5.8,3.207
DYDXUSDT,BUY,LIMIT,1701200495668,258.7,3.303
DYDXUSDT,BUY,LIMIT,1701201376346,31.9,3.296
DYDXUSDT,BUY,LIMIT,1701201638450,46.2,3.291
DYDXUSDT,SELL,LIMIT,1701206743191,1301.8,3.184
DYDXUSDT,SELL,LIMIT,1701206804352,1.8,3.183
DYDXUSDT,SELL,LIMIT,1701206833824,27.5,3.180
DYDXUSDT,SELL,LIMIT,1701206886124,150.6,3.177
DYDXUSDT,SELL,LIMIT,1701206887510,155.5,3.176
DYDXUSDT,SELL,LIMIT,1701206889390,500.0,3.174
DYDXUSDT,SELL,LIMIT,1701211646704,7.6,3.171
DYDXUSDT,SELL,LIMIT,1701211847261,677.0,3.162
DYDXUSDT,SELL,LIMIT,1701211848511,11.4,3.157
DYDXUSDT,SELL,LIMIT,1701211905051,91.5,3.151
DYDXUSDT,SELL,LIMIT,1701211907161,485.9,3.149
DYDXUSDT,SELL,LIMIT,1701211974122,13.8,3.144
DYDXUSDT,BUY,LIMIT,1701217932304,197.0,3.265
DYDXUSDT,BUY,LIMIT,1701218045243,110.2,3.270
DYDXUSDT,SELL,LIMIT,1701223469176,298.9,3.181
DYDXUSDT,SELL,LIMIT,1701229589175,312.5,3.173
DYDXUSDT,SELL,LIMIT,1701229726647,290.0,3.170
DYDXUSDT,BUY,LIMIT,1701239264833,65.2,3.260
DYDXUSDT,BUY,LIMIT,1701239677176,14.9,3.282
DYDXUSDT,BUY,LIMIT,1701241058955,3.8,3.300
DYDXUSDT,BUY,LIMIT,1701241082010,713.1,3.305
DYDXUSDT,BUY,LIMIT,1701241136054,25.9,3.314
DYDXUSDT,SELL,LIMIT,1701243397184,764.7,3.203
DYDXUSDT,SELL,LIMIT,1701243444543,110.9,3.198
DYDXUSDT,BUY,LIMIT,1701243890952,15.8,3.251
DYDXUSDT,SELL,LIMIT,1701245700200,15.4,3.174
DYDXUSDT,SELL,LIMIT,1701245953388,3.9,3.159
DYDXUSDT,SELL,LIMIT,1701245954963,186.9,3.158
DYDXUSDT,SELL,LIMIT,1701245955984,100.0,3.153
DYDXUSDT,SELL,LIMIT,1701246428114,4.5,3.167
DYDXUSDT,BUY,LIMIT,1701248016846,17.1,3.271
DYDXUSDT,BUY,LIMIT,1701248034243,338.1,3.274
DYDXUSDT,BUY,LIMIT,1701248904186,14.9,3.287
DYDXUSDT,SELL,LIMIT,1701250868616,44.2,3.177
DYDXUSDT,SELL,LIMIT,1701252201114,66.0,3.159
DYDXUSDT,SELL,LIMIT,1701253063185,46.9,3.150
DYDXUSDT,SELL,LIMIT,1701253073320,499.0,3.148
DYDXUSDT,SELL,LIMIT,1701253162384,1.0,3.148
DYDXUSDT,SELL,LIMIT,1701253182881,31.6,3.145
DYDXUSDT,SELL,LIMIT,1701253185323,24.3,3.145
DYDXUSDT,SELL,LIMIT,1701253358371,662.7,3.136
DYDXUSDT,SELL,LIMIT,1701253394449,90.5,3.131
DYDXUSDT,SELL,LIMIT,1701253397378,23.1,3.130
DYDXUSDT,SELL,LIMIT,1701253402591,1544.1,3.129
DYDXUSDT,SELL,LIMIT,1701253422591,184.4,3.129
DYDXUSDT,SELL,LIMIT,1701253424612,191.1,3.129
DYDXUSDT,SELL,LIMIT,1701253643658,7.5,3.127
DYDXUSDT,SELL,LIMIT,1701254007207,122.0,3.125
DYDXUSDT,SELL,LIMIT,1701254008418,25.2,3.125
DYDXUSDT,SELL,LIMIT,1701254011000,335.4,3.122
DYDXUSDT,SELL,LIMIT,1701254014021,12.3,3.121
DYDXUSDT,SELL,LIMIT,1701254016843,384.5,3.119
DYDXUSDT,SELL,LIMIT,1701254053426,75.1,3.118
DYDXUSDT,SELL,LIMIT,1701254063188,546.0,3.114
DYDXUSDT,SELL,LIMIT,1701254064268,1.6,3.112
DYDXUSDT,SELL,LIMIT,1701254065297,2.4,3.111
DYDXUSDT,SELL,LIMIT,1701254071661,1445.8,3.109
DYDXUSDT,SELL,LIMIT,1701254191606,1.8,3.106
DYDXUSDT,SELL,LIMIT,1701254199100,612.5,3.100
DYDXUSDT,SELL,LIMIT,1701254201786,3.4,3.100
DYDXUSDT,SELL,LIMIT,1701254273349,3297.9,3.083
DYDXUSDT,SELL,LIMIT,1701254303947,79.6,3.099
DYDXUSDT,SELL,LIMIT,1701254337804,1420.0,3.097
DYDXUSDT,SELL,LIMIT,1701254339370,76.6,3.096
DYDXUSDT,SELL,LIMIT,1701254359225,170.7,3.094
DYDXUSDT,SELL,LIMIT,1701254412593,7.7,3.091
DYDXUSDT,SELL,LIMIT,1701254416638,145.8,3.088
DYDXUSDT,SELL,LIMIT,1701254419154,76.5,3.083
DYDXUSDT,SELL,LIMIT,1701254420253,39.0,3.085
DYDXUSDT,SELL,LIMIT,1701254425614,46.3,3.083
DYDXUSDT,SELL,LIMIT,1701254657267,5.5,3.083
DYDXUSDT,SELL,LIMIT,1701255461279,101.4,3.082
DYDXUSDT,SELL,LIMIT,1701255487255,7.9,3.080
DYDXUSDT,SELL,LIMIT,1701255660893,3.2,3.078
DYDXUSDT,SELL,LIMIT,1701255662612,65.0,3.077
DYDXUSDT,SELL,LIMIT,1701259468085,20.3,3.124
DYDXUSDT,SELL,LIMIT,1701262815173,12.9,3.090
DYDXUSDT,SELL,LIMIT,1701263937167,12.5,3.088
DYDXUSDT,SELL,LIMIT,1701264077810,15.9,3.095
DYDXUSDT,SELL,LIMIT,1701264420346,1531.3,3.080
DYDXUSDT,BUY,LIMIT,1701266997276,26.3,3.186
DYDXUSDT,BUY,LIMIT,1701269442991,16.0,3.189
DYDXUSDT,BUY,LIMIT,1701269520064,12.5,3.198
DYDXUSDT,BUY,LIMIT,1701270071099,581.0,3.205
DYDXUSDT,BUY,LIMIT,1701270072715,60.0,3.206
DYDXUSDT,BUY,LIMIT,1701270077287,456.9,3.206
DYDXUSDT,BUY,LIMIT,1701270087034,13.0,3.212
DYDXUSDT,BUY,LIMIT,1701270089566,113.2,3.214
DYDXUSDT,SELL,LIMIT,1701270573068,1.8,3.138
DYDXUSDT,SELL,LIMIT,1701270613684,14.3,3.138
DYDXUSDT,SELL,LIMIT,1701270616617,373.4,3.123
DYDXUSDT,SELL,LIMIT,1701270619059,17.1,3.130
DYDXUSDT,SELL,LIMIT,1701270720868,8.4,3.116
DYDXUSDT,SELL,LIMIT,1701270842237,74.7,3.105
DYDXUSDT,SELL,LIMIT,1701270919594,2.6,3.110
DYDXUSDT,SELL,LIMIT,1701272178855,316.0,3.122
DYDXUSDT,SELL,LIMIT,1701273420224,3.5,3.114
DYDXUSDT,SELL,LIMIT,1701274149358,894.2,3.110
DYDXUSDT,SELL,LIMIT,1701274254161,400.0,3.106
DYDXUSDT,SELL,LIMIT,1701275838785,362.4,3.104
DYDXUSDT,SELL,LIMIT,1701275840845,47.7,3.104
DYDXUSDT,SELL,LIMIT,1701275842160,399.3,3.102
DYDXUSDT,BUY,LIMIT,1701279693862,182.2,3.223
DYDXUSDT,BUY,LIMIT,1701279981541,170.0,3.238
DYDXUSDT,BUY,LIMIT,1701280608432,213.9,3.249
DYDXUSDT,BUY,LIMIT,1701280834704,131.3,3.251
DYDXUSDT,BUY,LIMIT,1701282187366,1254.5,3.243
DYDXUSDT,BUY,LIMIT,1701282506479,20.4,3.258
DYDXUSDT,BUY,LIMIT,1701282539345,193.4,3.263
DYDXUSDT,BUY,LIMIT,1701282566254,4.8,3.266
DYDXUSDT,BUY,LIMIT,1701282772428,5.1,3.270
DYDXUSDT,BUY,LIMIT,1701282961090,791.1,3.273
DYDXUSDT,BUY,LIMIT,1701282967281,1525.6,3.275
DYDXUSDT,BUY,LIMIT,1701283051344,11.8,3.280
DYDXUSDT,BUY,LIMIT,1701283057286,201.1,3.282
DYDXUSDT,BUY,LIMIT,1701283113358,66.2,3.286
DYDXUSDT,BUY,LIMIT,1701283117736,55.2,3.286
DYDXUSDT,BUY,LIMIT,1701283126205,200.0,3.290
DYDXUSDT,BUY,LIMIT,1701283632152,118.2,3.299
DYDXUSDT,BUY,LIMIT,1701283633385,127.1,3.299
DYDXUSDT,BUY,LIMIT,1701283670922,794.8,3.300
DYDXUSDT,BUY,LIMIT,1701283833205,36.2,3.303
DYDXUSDT,BUY,LIMIT,1701283841126,375.6,3.306
DYDXUSDT,BUY,LIMIT,1701283846907,280.0,3.308
DYDXUSDT,BUY,LIMIT,1701284065955,13.8,3.312
DYDXUSDT,SELL,LIMIT,1701284291955,16.9,3.228
DYDXUSDT,BUY,LIMIT,1701284489716,3.9,3.291
DYDXUSDT,SELL,LIMIT,1701284598534,28.9,3.219
DYDXUSDT,BUY,LIMIT,1701284836697,1.9,3.300
DYDXUSDT,BUY,LIMIT,1701284928349,3.9,3.306
DYDXUSDT,BUY,LIMIT,1701284958441,3.9,3.305
DYDXUSDT,BUY,LIMIT,1701284959696,2.0,3.304
DYDXUSDT,BUY,LIMIT,1701286367253,2.0,3.284
DYDXUSDT,BUY,LIMIT,1701286385756,2.0,3.285
DYDXUSDT,SELL,LIMIT,1701286387230,7.9,3.221
DYDXUSDT,BUY,LIMIT,1701288213576,1.9,3.289
DYDXUSDT,SELL,LIMIT,1701289576658,241.8,3.226
DYDXUSDT,SELL,LIMIT,1701289711366,6.9,3.210
DYDXUSDT,SELL,LIMIT,1701290155983,85.0,3.201
DYDXUSDT,SELL,LIMIT,1701292551209,40.1,3.186
DYDXUSDT,BUY,LIMIT,1701299463742,3.9,3.269
DYDXUSDT,BUY,LIMIT,1701304079552,2.0,3.272
DYDXUSDT,SELL,LIMIT,1701304125098,6.9,3.206
DYDXUSDT,BUY,LIMIT,1701304567306,2.0,3.270
DYDXUSDT,SELL,LIMIT,1701304591849,6.9,3.206
DYDXUSDT,BUY,LIMIT,1701305735541,3.9,3.253
DYDXUSDT,SELL,LIMIT,1701305840831,14.7,3.178
DYDXUSDT,SELL,LIMIT,1701306079319,45.2,3.173
DYDXUSDT,SELL,LIMIT,1701306191423,83.0,3.169
DYDXUSDT,SELL,LIMIT,1701306192565,2.8,3.167
DYDXUSDT,SELL,LIMIT,1701306228682,241.4,3.164
DYDXUSDT,SELL,LIMIT,1701306256515,4.4,3.163
DYDXUSDT,SELL,LIMIT,1701306257775,228.9,3.163
DYDXUSDT,SELL,LIMIT,1701306408692,128.7,3.156
DYDXUSDT,SELL,LIMIT,1701306413552,7.9,3.155
DYDXUSDT,SELL,LIMIT,1701306416092,40.0,3.152
DYDXUSDT,BUY,LIMIT,1701309652135,3.9,3.244
DYDXUSDT,SELL,LIMIT,1701314413599,3.1,3.139
DYDXUSDT,BUY,LIMIT,1701316103931,31.4,3.242
DYDXUSDT,SELL,LIMIT,1701319836038,10.7,3.159
DYDXUSDT,SELL,LIMIT,1701319928902,22.2,3.146
DYDXUSDT,SELL,LIMIT,1701320230931,135.2,3.137
DYDXUSDT,SELL,LIMIT,1701321423923,346.1,3.130
DYDXUSDT,BUY,LIMIT,1701323487333,27.6,3.236
DYDXUSDT,SELL,LIMIT,1701323734567,2.7,3.167
DYDXUSDT,SELL,LIMIT,1701324952172,5.9,3.164
DYDXUSDT,BUY,LIMIT,1701326464619,96.1,3.259
DYDXUSDT,BUY,LIMIT,1701326488002,11.8,3.266
DYDXUSDT,BUY,LIMIT,1701326531681,95.8,3.277
DYDXUSDT,BUY,LIMIT,1701326552884,57.8,3.283
DYDXUSDT,BUY,LIMIT,1701326555280,15.0,3.286
DYDXUSDT,BUY,LIMIT,1701326556546,303.8,3.286
DYDXUSDT,BUY,LIMIT,1701326559859,232.5,3.288
DYDXUSDT,BUY,LIMIT,1701326688808,167.8,3.295
DYDXUSDT,BUY,LIMIT,1701327887429,3.7,3.297
DYDXUSDT,BUY,LIMIT,1701327926040,316.0,3.301
DYDXUSDT,BUY,LIMIT,1701328280054,70.2,3.317
DYDXUSDT,BUY,LIMIT,1701328281392,18.2,3.318
DYDXUSDT,BUY,LIMIT,1701328287222,584.4,3.320
DYDXUSDT,BUY,LIMIT,1701328288711,300.0,3.322
DYDXUSDT,BUY,LIMIT,1701328619854,3232.0,3.339
DYDXUSDT,BUY,LIMIT,1701328620896,2.3,3.323
DYDXUSDT,BUY,LIMIT,1701328623449,6.4,3.324
DYDXUSDT,BUY,LIMIT,1701328630230,349.7,3.330
DYDXUSDT,BUY,LIMIT,1701329236648,98.8,3.334
DYDXUSDT,BUY,LIMIT,1701329238131,867.2,3.336
DYDXUSDT,BUY,LIMIT,1701329248165,75.9,3.340
DYDXUSDT,BUY,LIMIT,1701329255240,12.5,3.341
DYDXUSDT,BUY,LIMIT,1701329256325,155.7,3.340
DYDXUSDT,BUY,LIMIT,1701329258032,1.6,3.342
DYDXUSDT,BUY,LIMIT,1701329259137,25.9,3.343
DYDXUSDT,BUY,LIMIT,1701329323783,191.1,3.344
DYDXUSDT,BUY,LIMIT,1701329327525,5.7,3.351
DYDXUSDT,BUY,LIMIT,1701329489440,76.3,3.353
DYDXUSDT,BUY,LIMIT,1701329501325,435.0,3.357
DYDXUSDT,BUY,LIMIT,1701329504523,220.6,3.358
DYDXUSDT,BUY,LIMIT,1701329505701,539.7,3.360
DYDXUSDT,BUY,LIMIT,1701329801445,6.1,3.362
DYDXUSDT,BUY,LIMIT,1701329808637,351.5,3.363
DYDXUSDT,BUY,LIMIT,1701329812197,354.6,3.365
DYDXUSDT,BUY,LIMIT,1701329822094,31.3,3.367
DYDXUSDT,SELL,LIMIT,1701330316407,50.0,3.245
DYDXUSDT,SELL,LIMIT,1701330326220,466.8,3.240
DYDXUSDT,SELL,LIMIT,1701330960233,9.9,3.262
DYDXUSDT,BUY,LIMIT,1701331188389,195.4,3.354
DYDXUSDT,BUY,LIMIT,1701331246322,689.1,3.356
DYDXUSDT,BUY,LIMIT,1701331265159,450.6,3.365
DYDXUSDT,BUY,LIMIT,1701331267138,137.0,3.370
DYDXUSDT,BUY,LIMIT,1701331272723,75.5,3.373
DYDXUSDT,BUY,LIMIT,1701331285065,77.4,3.377
DYDXUSDT,SELL,LIMIT,1701331430594,11.8,3.274
DYDXUSDT,SELL,LIMIT,1701331850335,30.0,3.261
DYDXUSDT,SELL,LIMIT,1701331854495,187.4,3.257
DYDXUSDT,SELL,LIMIT,1701333232611,1.8,3.261
DYDXUSDT,SELL,LIMIT,1701333462758,376.9,3.250
DYDXUSDT,SELL,LIMIT,1701333471781,50.0,3.248
DYDXUSDT,SELL,LIMIT,1701333552463,39.4,3.244
DYDXUSDT,SELL,LIMIT,1701335453892,3.3,3.230
DYDXUSDT,SELL,LIMIT,1701336437383,151.8,3.222
DYDXUSDT,SELL,LIMIT,1701336469554,632.1,3.215
DYDXUSDT,SELL,LIMIT,1701336474066,184.0,3.211
DYDXUSDT,SELL,LIMIT,1701336604142,131.3,3.201
DYDXUSDT,SELL,LIMIT,1701336622079,68.5,3.200
DYDXUSDT,SELL,LIMIT,1701336625181,2.9,3.198
DYDXUSDT,SELL,LIMIT,1701336684089,69.0,3.196
DYDXUSDT,SELL,LIMIT,1701336795123,118.3,3.187
DYDXUSDT,SELL,LIMIT,1701336801246,364.5,3.183
DYDXUSDT,SELL,LIMIT,1701336937277,11.5,3.180
DYDXUSDT,SELL,LIMIT,1701336938298,417.8,3.176
DYDXUSDT,SELL,LIMIT,1701336950741,50000.0,3.132
DYDXUSDT,SELL,LIMIT,1701336962602,33.1,3.172
DYDXUSDT,SELL,LIMIT,1701337027471,100.0,3.167
DYDXUSDT,SELL,LIMIT,1701337028507,1.6,3.168
DYDXUSDT,SELL,LIMIT,1701337040241,24.4,3.162
DYDXUSDT,BUY,LIMIT,1701338506615,849.4,3.282
DYDXUSDT,BUY,LIMIT,1701338772207,23.1,3.296
DYDXUSDT,SELL,LIMIT,1701343821040,27.4,3.193
DYDXUSDT,SELL,LIMIT,1701346248116,18.9,3.187
DYDXUSDT,SELL,LIMIT,1701346315623,21.5,3.184
DYDXUSDT,SELL,LIMIT,1701346821199,5.2,3.173
DYDXUSDT,SELL,LIMIT,1701349551070,80.9,3.163
DYDXUSDT,SELL,LIMIT,1701349620061,154.1,3.162
DYDXUSDT,SELL,LIMIT,1701349693065,49.4,3.159
DYDXUSDT,SELL,LIMIT,1701349695888,13.0,3.158
DYDXUSDT,SELL,LIMIT,1701349699063,241.8,3.157
DYDXUSDT,SELL,LIMIT,1701349701445,30.0,3.157
DYDXUSDT,SELL,LIMIT,1701350146424,153.7,3.153
DYDXUSDT,SELL,LIMIT,1701350152264,456.6,3.152
DYDXUSDT,SELL,LIMIT,1701350177567,18.0,3.150
DYDXUSDT,SELL,LIMIT,1701352514592,1.6,3.148
DYDXUSDT,SELL,LIMIT,1701352523116,22.6,3.146
DYDXUSDT,SELL,LIMIT,1701353019534,8567.7,3.118
DYDXUSDT,SELL,LIMIT,1701353045262,8.5,3.136
DYDXUSDT,SELL,LIMIT,1701357186283,68.6,3.156
DYDXUSDT,BUY,LIMIT,1701357661555,1.8,2.425
DYDXUSDT,SELL,LIMIT,1701365582976,295.0,3.145
DYDXUSDT,SELL,LIMIT,1701375713079,15.3,3.142
DYDXUSDT,SELL,LIMIT,1701375902539,45.0,3.137
DYDXUSDT,SELL,LIMIT,1701375975971,4.6,3.135
DYDXUSDT,BUY,LIMIT,1701380817230,17.4,3.246
DYDXUSDT,BUY,LIMIT,1701381471261,1360.4,3.263
DYDXUSDT,BUY,LIMIT,1701381483219,55.5,3.264
DYDXUSDT,BUY,LIMIT,1701381985578,11.8,3.273
DYDXUSDT,BUY,LIMIT,1701382005652,3.4,3.277
DYDXUSDT,BUY,LIMIT,1701382050293,251.7,3.281
DYDXUSDT,BUY,LIMIT,1701382086910,41.7,3.295
DYDXUSDT,BUY,LIMIT,1701382110349,195.6,3.304
DYDXUSDT,BUY,LIMIT,1701382112196,50.0,3.305
DYDXUSDT,BUY,LIMIT,1701382117805,55.8,3.310
DYDXUSDT,BUY,LIMIT,1701382165152,382.7,3.318
DYDXUSDT,BUY,LIMIT,1701382180203,156.4,3.321
DYDXUSDT,BUY,LIMIT,1701382189168,18.8,3.322
DYDXUSDT,SELL,LIMIT,1701383814288,323.4,3.200
DYDXUSDT,SELL,LIMIT,1701384043657,318.0,3.192
DYDXUSDT,SELL,LIMIT,1701384065018,173.7,3.192
DYDXUSDT,BUY,LIMIT,1701387026572,1239.9,3.306
DYDXUSDT,SELL,LIMIT,1701388838389,73.7,3.210
DYDXUSDT,SELL,LIMIT,1701388928225,380.9,3.195
DYDXUSDT,SELL,LIMIT,1701389261727,61.5,3.186
DYDXUSDT,SELL,LIMIT,1701389409318,312.0,3.183
DYDXUSDT,SELL,LIMIT,1701390255223,474.1,3.166
DYDXUSDT,SELL,LIMIT,1701390315277,755.0,3.160
DYDXUSDT,SELL,LIMIT,1701390333878,44.9,3.153
DYDXUSDT,SELL,LIMIT,1701390365136,238.4,3.153
DYDXUSDT,SELL,LIMIT,1701390373627,51.3,3.149
DYDXUSDT,SELL,LIMIT,1701390375515,13.6,3.146
DYDXUSDT,SELL,LIMIT,1701390436248,16.4,3.131
DYDXUSDT,SELL,LIMIT,1701390437263,55.8,3.134
DYDXUSDT,SELL,LIMIT,1701390438314,10.7,3.129
DYDXUSDT,SELL,LIMIT,1701390452976,667.7,3.125
DYDXUSDT,SELL,LIMIT,1701390464121,111.1,3.125
DYDXUSDT,SELL,LIMIT,1701390465279,156.4,3.124
DYDXUSDT,SELL,LIMIT,1701390466975,18.2,3.124
DYDXUSDT,SELL,LIMIT,1701390478346,28.8,3.122
DYDXUSDT,SELL,LIMIT,1701390491954,471.0,3.121
DYDXUSDT,SELL,LIMIT,1701390498662,604.9,3.120
DYDXUSDT,SELL,LIMIT,1701390502202,2.1,3.119
DYDXUSDT,SELL,LIMIT,1701390503299,3.7,3.119
DYDXUSDT,SELL,LIMIT,1701390504406,462.4,3.112
DYDXUSDT,SELL,LIMIT,1701390505468,86.4,3.107
DYDXUSDT,SELL,LIMIT,1701390506548,19.7,3.103
DYDXUSDT,SELL,LIMIT,1701390564712,149.0,3.099
DYDXUSDT,SELL,LIMIT,1701390568519,61.3,3.099
DYDXUSDT,SELL,LIMIT,1701390570138,273.3,3.093
DYDXUSDT,SELL,LIMIT,1701390571235,15.3,3.096
DYDXUSDT,SELL,LIMIT,1701390576045,71.5,3.090
DYDXUSDT,SELL,LIMIT,1701390577156,6.4,3.089
DYDXUSDT,SELL,LIMIT,1701390581424,36.4,3.087
DYDXUSDT,SELL,LIMIT,1701390586759,583.0,3.085
DYDXUSDT,SELL,LIMIT,1701390589360,8.4,3.083
DYDXUSDT,SELL,LIMIT,1701390590877,4.0,3.082
DYDXUSDT,SELL,LIMIT,1701390632639,160.2,3.082
DYDXUSDT,SELL,LIMIT,1701390635254,24.0,3.080
DYDXUSDT,SELL,LIMIT,1701390636326,407.7,3.080
DYDXUSDT,SELL,LIMIT,1701390637543,46.0,3.077
DYDXUSDT,SELL,LIMIT,1701390640526,433.7,3.077
DYDXUSDT,SELL,LIMIT,1701390642792,318.0,3.076
DYDXUSDT,SELL,LIMIT,1701390644370,1206.9,3.072
DYDXUSDT,SELL,LIMIT,1701390646865,309.5,3.072
DYDXUSDT,SELL,LIMIT,1701390648078,578.2,3.067
DYDXUSDT,SELL,LIMIT,1701390649122,23.4,3.068
DYDXUSDT,BUY,LIMIT,1701391248345,1592.8,3.200
DYDXUSDT,BUY,LIMIT,1701391429447,51.1,3.207
DYDXUSDT,BUY,LIMIT,1701391799067,412.6,3.223
DYDXUSDT,BUY,LIMIT,1701391856376,1286.5,3.227
DYDXUSDT,BUY,LIMIT,1701391859961,57.8,3.230
DYDXUSDT,BUY,LIMIT,1701391908613,1037.4,3.232
DYDXUSDT,BUY,LIMIT,1701394174493,274.3,3.211
DYDXUSDT,SELL,LIMIT,1701394382568,394.8,3.117
DYDXUSDT,SELL,LIMIT,1701396334843,100.6,3.111
DYDXUSDT,SELL,LIMIT,1701396338327,81.3,3.109
DYDXUSDT,SELL,LIMIT,1701396341091,1178.8,3.104
DYDXUSDT,SELL,LIMIT,1701397753169,176.0,3.087
DYDXUSDT,SELL,LIMIT,1701397790518,2.0,3.079
DYDXUSDT,SELL,LIMIT,1701397825692,4.6,3.076
DYDXUSDT,SELL,LIMIT,1701398304381,478.9,3.070
DYDXUSDT,SELL,LIMIT,1701398411391,374.6,3.068
DYDXUSDT,SELL,LIMIT,1701398417511,316.2,3.066
DYDXUSDT,SELL,LIMIT,1701398419695,675.1,3.064
DYDXUSDT,SELL,LIMIT,1701398420807,10.9,3.062
DYDXUSDT,SELL,LIMIT,1701398422070,1206.8,3.055
DYDXUSDT,SELL,LIMIT,1701398423239,12.3,3.054
DYDXUSDT,SELL,LIMIT,1701398424843,58.4,3.048
DYDXUSDT,SELL,LIMIT,1701398425912,815.6,3.044
DYDXUSDT,SELL,LIMIT,1701398427131,9.5,3.040
DYDXUSDT,SELL,LIMIT,1701398428281,79.3,3.039
DYDXUSDT,SELL,LIMIT,1701398431119,375.2,3.038
DYDXUSDT,SELL,LIMIT,1701398432386,4.7,3.039
DYDXUSDT,SELL,LIMIT,1701398434291,107.1,3.037
DYDXUSDT,SELL,LIMIT,1701398437144,254.8,3.037
DYDXUSDT,SELL,LIMIT,1701398439686,66.6,3.035
DYDXUSDT,SELL,LIMIT,1701398441116,38.9,3.034
DYDXUSDT,SELL,LIMIT,1701398442297,331.4,3.034
DYDXUSDT,SELL,LIMIT,1701398446101,425.6,3.032
DYDXUSDT,SELL,LIMIT,1701398447169,391.0,3.033
DYDXUSDT,SELL,LIMIT,1701398573836,60.0,3.043
DYDXUSDT,SELL,LIMIT,1701398675440,54.7,3.027
DYDXUSDT,SELL,LIMIT,1701398679785,2.2,3.026
DYDXUSDT,SELL,LIMIT,1701398681747,18.3,3.026
DYDXUSDT,SELL,LIMIT,1701398708993,167.7,3.024
DYDXUSDT,SELL,LIMIT,1701399773922,5.2,3.065
DYDXUSDT,SELL,LIMIT,1701402328441,301.5,3.038
DYDXUSDT,SELL,LIMIT,1701402872450,116.1,3.028
DYDXUSDT,BUY,LIMIT,1701404054050,1028.9,3.098
DYDXUSDT,BUY,LIMIT,1701404380982,86.0,3.127
DYDXUSDT,BUY,LIMIT,1701404472140,229.0,3.138
DYDXUSDT,BUY,LIMIT,1701404482146,139.1,3.142
DYDXUSDT,BUY,LIMIT,1701405225341,493.9,3.165
DYDXUSDT,BUY,LIMIT,1701405226524,63.7,3.166
DYDXUSDT,BUY,LIMIT,1701405229185,97.0,3.167
DYDXUSDT,SELL,LIMIT,1701405718149,531.6,3.084
DYDXUSDT,SELL,LIMIT,1701410361268,30.5,3.076
DYDXUSDT,SELL,LIMIT,1701410472091,213.1,3.073
DYDXUSDT,SELL,LIMIT,1701411092133,399.0,3.068
DYDXUSDT,SELL,LIMIT,1701413630190,538.2,3.058
DYDXUSDT,SELL,LIMIT,1701416218957,125.0,3.066
DYDXUSDT,BUY,LIMIT,1701418279509,3217.8,3.159
DYDXUSDT,BUY,LIMIT,1701419929185,796.4,3.163
DYDXUSDT,SELL,LIMIT,1701422243317,1474.9,3.112
DYDXUSDT,BUY,LIMIT,1701424459609,49.0,3.184
DYDXUSDT,BUY,LIMIT,1701424477584,2.6,3.189
DYDXUSDT,BUY,LIMIT,1701424549965,22.6,3.191
DYDXUSDT,BUY,LIMIT,1701424707185,500.0,3.199
DYDXUSDT,BUY,LIMIT,1701426030708,48.4,3.202
DYDXUSDT,BUY,LIMIT,1701426035605,158.1,3.204
DYDXUSDT,BUY,LIMIT,1701426113316,188.6,3.207
DYDXUSDT,BUY,LIMIT,1701426127434,45.9,3.211
DYDXUSDT,BUY,LIMIT,1701430715860,60.5,3.215
DYDXUSDT,BUY,LIMIT,1701430730096,81.5,3.216
DYDXUSDT,BUY,LIMIT,1701430737384,32.6,3.218
DYDXUSDT,BUY,LIMIT,1701430738571,505.5,3.218
DYDXUSDT,BUY,LIMIT,1701430801479,420.0,3.219
DYDXUSDT,SELL,LIMIT,1701433653572,314.4,3.117
DYDXUSDT,SELL,LIMIT,1701434372097,116.6,3.115
DYDXUSDT,SELL,LIMIT,1701434513820,19.2,3.105
DYDXUSDT,SELL,LIMIT,1701434519382,4.1,3.102
DYDXUSDT,SELL,LIMIT,1701434528908,252.5,3.100
DYDXUSDT,SELL,LIMIT,1701434538980,144.7,3.098
DYDXUSDT,SELL,LIMIT,1701434687473,21.9,3.096
DYDXUSDT,SELL,LIMIT,1701435142800,445.4,3.089
DYDXUSDT,SELL,LIMIT,1701437628426,56.4,3.085
DYDXUSDT,SELL,LIMIT,1701438005270,194.2,3.077
DYDXUSDT,SELL,LIMIT,1701438009206,12.1,3.076
DYDXUSDT,SELL,LIMIT,1701438148237,1594.6,3.072
DYDXUSDT,SELL,LIMIT,1701438454379,381.2,3.070
DYDXUSDT,SELL,LIMIT,1701438525643,6.5,3.068
DYDXUSDT,SELL,LIMIT,1701438804208,629.1,3.065
DYDXUSDT,SELL,LIMIT,1701439655022,415.8,3.058
DYDXUSDT,SELL,LIMIT,1701439683709,236.5,3.056
DYDXUSDT,SELL,LIMIT,1701439685075,400.0,3.055
DYDXUSDT,SELL,LIMIT,1701439707452,15.3,3.053
DYDXUSDT,SELL,LIMIT,1701439741365,482.5,3.052
DYDXUSDT,SELL,LIMIT,1701439872873,61.6,3.047
DYDXUSDT,SELL,LIMIT,1701439879922,26.6,3.044
DYDXUSDT,SELL,LIMIT,1701439881434,1556.4,3.042
DYDXUSDT,SELL,LIMIT,1701439882472,200.0,3.040
DYDXUSDT,SELL,LIMIT,1701439888110,492.4,3.038
DYDXUSDT,SELL,LIMIT,1701439889549,254.1,3.036
DYDXUSDT,SELL,LIMIT,1701441551102,213.7,3.077
DYDXUSDT,BUY,LIMIT,1701441590319,10.6,3.106
DYDXUSDT,SELL,LIMIT,1701441974339,32.4,3.045
DYDXUSDT,SELL,LIMIT,1701442231422,29.1,3.032
DYDXUSDT,SELL,LIMIT,1701442240095,21.7,3.032
DYDXUSDT,SELL,LIMIT,1701442241224,241.3,3.031
DYDXUSDT,SELL,LIMIT,1701442248426,3.1,3.027
DYDXUSDT,SELL,LIMIT,1701442252371,12.6,3.027
DYDXUSDT,SELL,LIMIT,1701442253531,318.3,3.026
DYDXUSDT,SELL,LIMIT,1701442366780,302.4,3.026
DYDXUSDT,SELL,LIMIT,1701442369107,31.1,3.020
DYDXUSDT,SELL,LIMIT,1701442370112,686.2,3.016
DYDXUSDT,SELL,LIMIT,1701442371309,6.2,3.019
DYDXUSDT,SELL,LIMIT,1701442372326,57.4,3.016
DYDXUSDT,SELL,LIMIT,1701442373670,7.5,3.012
DYDXUSDT,SELL,LIMIT,1701443708544,27.6,3.041
DYDXUSDT,SELL,LIMIT,1701446380207,538.2,3.037
DYDXUSDT,BUY,LIMIT,1701447170280,104.3,3.127
DYDXUSDT,SELL,LIMIT,1701447536419,2.0,3.128
DYDXUSDT,SELL,LIMIT,1701447552279,63.9,3.069
DYDXUSDT,BUY,LIMIT,1701447844489,258.8,3.110
DYDXUSDT,BUY,LIMIT,1701447913706,5559.8,3.154
DYDXUSDT,BUY,LIMIT,1701447985741,255.1,3.137
DYDXUSDT,SELL,LIMIT,1701448078389,150.0,3.081
DYDXUSDT,SELL,LIMIT,1701448440300,70.7,3.072
DYDXUSDT,BUY,LIMIT,1701448497520,247.2,3.145
DYDXUSDT,BUY,LIMIT,1701448527566,63.0,3.147
DYDXUSDT,BUY,LIMIT,1701448533570,37.5,3.147
DYDXUSDT,SELL,LIMIT,1701452439323,553.4,3.058
DYDXUSDT,SELL,LIMIT,1701455149443,24.9,3.069
DYDXUSDT,BUY,LIMIT,1701456054120,210.6,3.143
DYDXUSDT,BUY,LIMIT,1701456065213,297.3,3.145
DYDXUSDT,SELL,LIMIT,1701460031158,41.6,3.056
DYDXUSDT,BUY,LIMIT,1701461283589,1.9,3.144
DYDXUSDT,BUY,LIMIT,1701464012060,66.4,3.145
DYDXUSDT,BUY,LIMIT,1701464053412,106.5,3.146
DYDXUSDT,BUY,LIMIT,1701478777912,405.0,3.158
DYDXUSDT,BUY,LIMIT,1701479440301,103.9,3.160
DYDXUSDT,BUY,LIMIT,1701479461147,1.9,3.162
DYDXUSDT,BUY,LIMIT,1701479462191,83.3,3.165
DYDXUSDT,BUY,LIMIT,1701479544751,66.3,3.171
DYDXUSDT,BUY,LIMIT,1701479577076,520.0,3.173
DYDXUSDT,BUY,LIMIT,1701479836339,458.2,3.178
DYDXUSDT,BUY,LIMIT,1701480300227,4.9,3.187
DYDXUSDT,BUY,LIMIT,1701480339831,450.0,3.189
DYDXUSDT,BUY,LIMIT,1701482124510,71.6,3.204
DYDXUSDT,BUY,LIMIT,1701482290361,662.7,3.206
DYDXUSDT,BUY,LIMIT,1701482423297,3933.7,3.231
DYDXUSDT,SELL,LIMIT,1701484726925,24.5,3.117
DYDXUSDT,SELL,LIMIT,1701485042413,146.6,3.111
DYDXUSDT,SELL,LIMIT,1701485997390,784.4,3.158
DYDXUSDT,SELL,LIMIT,1701485999917,82.2,3.148
DYDXUSDT,SELL,LIMIT,1701486001620,9.0,3.151
DYDXUSDT,SELL,LIMIT,1701486003095,27.5,3.150
DYDXUSDT,SELL,LIMIT,1701486006235,208.0,3.151
DYDXUSDT,SELL,LIMIT,1701486007242,367.0,3.295
DYDXUSDT,BUY,LIMIT,1701486137549,3.4,3.215
DYDXUSDT,BUY,LIMIT,1701486372830,1382.9,3.218
DYDXUSDT,BUY,LIMIT,1701487301073,1269.9,3.223
DYDXUSDT,BUY,LIMIT,1701488089614,17.9,3.228
DYDXUSDT,BUY,LIMIT,1701488096125,32.9,3.230
DYDXUSDT,BUY,LIMIT,1701488129237,7.7,3.234
DYDXUSDT,BUY,LIMIT,1701488157083,61.6,3.237
DYDXUSDT,BUY,LIMIT,1701488158087,166.8,3.240
DYDXUSDT,BUY,LIMIT,1701488164779,26.4,3.240
DYDXUSDT,BUY,LIMIT,1701488169054,162.3,3.242
DYDXUSDT,BUY,LIMIT,1701488177286,135.9,3.244
DYDXUSDT,BUY,LIMIT,1701488184264,15.4,3.246
DYDXUSDT,BUY,LIMIT,1701488199521,1000.0,3.249
DYDXUSDT,BUY,LIMIT,1701488221574,193.7,3.249
DYDXUSDT,BUY,LIMIT,1701488223848,7.9,3.251
DYDXUSDT,BUY,LIMIT,1701488229237,1.6,3.251
DYDXUSDT,BUY,LIMIT,1701488231050,323.7,3.252
DYDXUSDT,BUY,LIMIT,1701488239286,253.1,3.254
DYDXUSDT,BUY,LIMIT,1701488250709,643.3,3.254
DYDXUSDT,BUY,LIMIT,1701488252180,16.1,3.257
DYDXUSDT,BUY,LIMIT,1701488756688,811.6,3.261
DYDXUSDT,BUY,LIMIT,1701488776305,96.5,3.262
DYDXUSDT,BUY,LIMIT,1701488777482,82.5,3.263
DYDXUSDT,BUY,LIMIT,1701488795049,728.1,3.264
DYDXUSDT,BUY,LIMIT,1701488797330,14.8,3.265
DYDXUSDT,BUY,LIMIT,1701488859316,321.5,3.267
DYDXUSDT,BUY,LIMIT,1701488862080,1.7,3.268
DYDXUSDT,BUY,LIMIT,1701488946945,2.2,3.270
DYDXUSDT,BUY,LIMIT,1701489147145,722.9,3.276
DYDXUSDT,BUY,LIMIT,1701489149375,2000.0,3.284
DYDXUSDT,BUY,LIMIT,1701489246502,1942.4,3.286
DYDXUSDT,BUY,LIMIT,1701489262677,25.3,3.282
DYDXUSDT,SELL,LIMIT,1701491363058,309.9,3.182
DYDXUSDT,BUY,LIMIT,1701492963435,904.8,3.245
DYDXUSDT,BUY,LIMIT,1701493587240,20.8,3.263
DYDXUSDT,SELL,LIMIT,1701499936783,3.3,3.337
DYDXUSDT,BUY,LIMIT,1701502551149,129.3,3.290
DYDXUSDT,BUY,LIMIT,1701502564134,393.0,3.292
DYDXUSDT,BUY,LIMIT,1701502565787,2.9,3.294
DYDXUSDT,BUY,LIMIT,1701502566930,1340.9,3.296
DYDXUSDT,BUY,LIMIT,1701502571822,3775.0,3.316
DYDXUSDT,BUY,LIMIT,1701502606091,17.3,3.298
DYDXUSDT,BUY,LIMIT,1701503067871,224.1,3.300
DYDXUSDT,BUY,LIMIT,1701503219238,5.4,3.301
DYDXUSDT,BUY,LIMIT,1701503224687,9.6,3.303
DYDXUSDT,BUY,LIMIT,1701503231138,1211.3,3.303
DYDXUSDT,BUY,LIMIT,1701503321434,41.6,3.308
DYDXUSDT,BUY,LIMIT,1701503434645,20.1,3.311
DYDXUSDT,BUY,LIMIT,1701503496350,69.4,3.315
DYDXUSDT,BUY,LIMIT,1701503697143,520.9,3.320
DYDXUSDT,BUY,LIMIT,1701503741715,1683.0,3.326
DYDXUSDT,BUY,LIMIT,1701503986039,519.9,3.327
DYDXUSDT,BUY,LIMIT,1701504226049,228.9,3.329
DYDXUSDT,BUY,LIMIT,1701504302475,8097.3,3.356
DYDXUSDT,BUY,LIMIT,1701504549843,16.2,3.325
DYDXUSDT,BUY,LIMIT,1701509964580,1778.3,3.343
DYDXUSDT,BUY,LIMIT,1701509966346,191.0,3.343
DYDXUSDT,BUY,LIMIT,1701509967539,156.7,3.344
DYDXUSDT,BUY,LIMIT,1701509969333,1531.8,3.347
DYDXUSDT,BUY,LIMIT,1701509999375,20.0,3.349
DYDXUSDT,BUY,LIMIT,1701510007821,13.5,3.351
DYDXUSDT,BUY,LIMIT,1701510045853,101.9,3.350
DYDXUSDT,BUY,LIMIT,1701510186589,441.1,3.354
DYDXUSDT,BUY,LIMIT,1701510304933,19.7,3.356
DYDXUSDT,BUY,LIMIT,1701510650669,196.5,3.359
DYDXUSDT,BUY,LIMIT,1701510668906,84.4,3.363
