Symbol,Side,Order Type,Time,Quantity,Price
DYDXUSDT,BUY,LIMIT,1700846220764,16.0,3.652
DYDXUSDT,BUY,LIMIT,1700846249392,140.9,3.667
DYDXUSDT,BUY,LIMIT,1700846251659,43.6,3.669
DYDXUSDT,SELL,LIMIT,1700848524104,113.5,3.558
DYDXUSDT,SELL,LIMIT,1700848927977,358.6,3.554
DYDXUSDT,SELL,LIMIT,1700849373358,77.2,3.578
DYDXUSDT,SELL,LIMIT,1700852932260,1482.4,3.574
DYDXUSDT,SELL,LIMIT,1700852938373,97.1,3.553
DYDXUSDT,SELL,LIMIT,1700853320008,151.0,3.538
DYDXUSDT,SELL,LIMIT,1700853334763,35.3,3.536
DYDXUSDT,SELL,LIMIT,1700853413929,66.2,3.533
DYDXUSDT,SELL,LIMIT,1700853416008,46.9,3.533
DYDXUSDT,SELL,LIMIT,1700853876250,300.0,3.529
DYDXUSDT,SELL,LIMIT,1700853877437,11.5,3.529
DYDXUSDT,SELL,LIMIT,1700853899555,2.8,3.526
DYDXUSDT,BUY,LIMIT,1700854753285,225.3,3.646
DYDXUSDT,BUY,LIMIT,1700854910103,42.0,3.652
DYDXUSDT,SELL,LIMIT,1700858737234,133.5,3.563
DYDXUSDT,BUY,LIMIT,1700859044353,143.0,3.651
DYDXUSDT,BUY,LIMIT,1700860301111,713.4,3.690
DYDXUSDT,BUY,LIMIT,1700860612620,1130.9,3.690
DYDXUSDT,BUY,LIMIT,1700862047775,1.4,3.694
DYDXUSDT,BUY,LIMIT,1700862590991,92.5,3.700
DYDXUSDT,SELL,LIMIT,1700863857765,0.2,3.577
DYDXUSDT,SELL,LIMIT,1700863941047,370.5,3.571
DYDXUSDT,SELL,LIMIT,1700863944584,16.9,3.570
DYDXUSDT,SELL,LIMIT,1700863949259,124.6,3.569
DYDXUSDT,SELL,LIMIT,1700863960122,40.0,3.559
DYDXUSDT,SELL,LIMIT,1700864684246,343.5,3.553
DYDXUSDT,BUY,LIMIT,1700865749002,35.7,3.657
DYDXUSDT,BUY,LIMIT,1700866353872,3.6,3.594
DYDXUSDT,SELL,LIMIT,1700866702824,53.2,3.543
DYDXUSDT,SELL,LIMIT,1700866971364,13.9,3.548
DYDXUSDT,SELL,LIMIT,1700867185520,27.1,3.541
DYDXUSDT,SELL,LIMIT,1700867209174,130.6,3.541
DYDXUSDT,SELL,LIMIT,1700867287062,252.8,3.539
DYDXUSDT,SELL,LIMIT,1700867289445,137.9,3.537
DYDXUSDT,SELL,LIMIT,1700867290701,1.6,3.532
DYDXUSDT,SELL,LIMIT,1700867305739,16.6,3.530
DYDXUSDT,SELL,LIMIT,1700867354129,151.9,3.524
DYDXUSDT,SELL,LIMIT,1700867357366,52.4,3.523
DYDXUSDT,SELL,LIMIT,1700867373270,140.0,3.523
DYDXUSDT,SELL,LIMIT,1700867376503,5.0,3.522
DYDXUSDT,SELL,LIMIT,1700868716934,257.7,3.518
DYDXUSDT,SELL,LIMIT,1700868720040,46.9,3.518
DYDXUSDT,SELL,LIMIT,1700868741309,198.4,3.515
DYDXUSDT,SELL,LIMIT,1700868742816,538.2,3.513
DYDXUSDT,SELL,LIMIT,1700868744406,867.0,3.511
DYDXUSDT,SELL,LIMIT,1700868747511,558.8,3.508
DYDXUSDT,SELL,LIMIT,1700868750718,1.4,3.507
DYDXUSDT,BUY,LIMIT,1700869573924,248.8,3.625
DYDXUSDT,SELL,LIMIT,1700870645909,290.2,3.537
DYDXUSDT,SELL,LIMIT,1700870648158,44.9,3.593
DYDXUSDT,BUY,LIMIT,1700871411234,74.4,3.624
DYDXUSDT,BUY,LIMIT,1700871932666,379.2,3.680
DYDXUSDT,BUY,LIMIT,1700872126276,303.6,3.693
DYDXUSDT,BUY,LIMIT,1700872143274,113.2,3.698
DYDXUSDT,BUY,LIMIT,1700874552042,10.0,3.694
DYDXUSDT,BUY,LIMIT,1700874569618,428.0,3.699
DYDXUSDT,BUY,LIMIT,1700874573327,432.7,3.701
DYDXUSDT,BUY,LIMIT,1700874577234,112.0,3.702
DYDXUSDT,BUY,LIMIT,1700874788098,30.3,3.702
DYDXUSDT,BUY,LIMIT,1700874819732,949.7,3.707
DYDXUSDT,BUY,LIMIT,1700874962030,14.9,3.709
DYDXUSDT,BUY,LIMIT,1700874963196,86.6,3.709
DYDXUSDT,BUY,LIMIT,1700875083907,1378.5,3.716
DYDXUSDT,BUY,LIMIT,1700875096061,59.8,3.722
DYDXUSDT,BUY,LIMIT,1700875893081,7.0,3.725
DYDXUSDT,BUY,LIMIT,1700875896077,113.2,3.726
DYDXUSDT,BUY,LIMIT,1700876102910,1.6,3.736
DYDXUSDT,BUY,LIMIT,1700876274058,1388.1,3.738
DYDXUSDT,BUY,LIMIT,1700876292566,146.5,3.742
DYDXUSDT,BUY,LIMIT,1700876321072,86.9,3.744
DYDXUSDT,BUY,LIMIT,1700876342254,219.0,3.750
DYDXUSDT,BUY,LIMIT,1700876353124,17.6,3.751
DYDXUSDT,BUY,LIMIT,1700876362351,711.3,3.753
DYDXUSDT,BUY,LIMIT,1700876369928,2.8,3.754
DYDXUSDT,BUY,LIMIT,1700876371473,257.3,3.755
DYDXUSDT,BUY,LIMIT,1700876372600,300.1,3.758
DYDXUSDT,BUY,LIMIT,1700876455039,5.3,3.763
DYDXUSDT,BUY,LIMIT,1700876572952,34.7,3.757
DYDXUSDT,BUY,LIMIT,1700876824146,10.1,3.736
DYDXUSDT,BUY,LIMIT,1700877272222,1.6,3.752
DYDXUSDT,BUY,LIMIT,1700877372910,915.2,3.749
DYDXUSDT,SELL,LIMIT,1700878168284,962.3,3.643
DYDXUSDT,SELL,LIMIT,1700878331687,42.8,3.632
DYDXUSDT,SELL,LIMIT,1700878480419,230.2,3.621
DYDXUSDT,SELL,LIMIT,1700878768573,82.1,3.616
DYDXUSDT,SELL,LIMIT,1700878848377,1267.5,3.607
DYDXUSDT,SELL,LIMIT,1700878909724,18.2,3.601
DYDXUSDT,SELL,LIMIT,1700879404402,32.5,3.590
DYDXUSDT,SELL,LIMIT,1700879405803,304.3,3.590
DYDXUSDT,SELL,LIMIT,1700879933359,20.6,3.585
DYDXUSDT,SELL,LIMIT,1700880030556,50.8,3.580
DYDXUSDT,BUY,LIMIT,1700881961035,201.6,3.656
DYDXUSDT,BUY,LIMIT,1700883087399,1380.4,3.706
DYDXUSDT,SELL,LIMIT,1700883670444,679.9,3.597
DYDXUSDT,SELL,LIMIT,1700883697038,9.9,3.590
DYDXUSDT,SELL,LIMIT,1700883708177,1206.7,3.583
DYDXUSDT,SELL,LIMIT,1700883736264,405.2,3.579
DYDXUSDT,BUY,LIMIT,1700883954165,2.4,3.649
DYDXUSDT,SELL,LIMIT,1700883972080,94.1,3.570
DYDXUSDT,SELL,LIMIT,1700884680342,1.7,3.562
DYDXUSDT,SELL,LIMIT,1700884750456,219.1,3.557
DYDXUSDT,SELL,LIMIT,1700887961959,1368.8,3.544
DYDXUSDT,SELL,LIMIT,1700888007151,121.6,3.542
DYDXUSDT,SELL,LIMIT,1700888134942,55.7,3.540
DYDXUSDT,SELL,LIMIT,1700888138389,663.5,3.538
DYDXUSDT,SELL,LIMIT,1700889408888,34.2,3.528
DYDXUSDT,SELL,LIMIT,1700901439940,145.2,3.549
DYDXUSDT,SELL,LIMIT,1700901465064,276.7,3.543
DYDXUSDT,SELL,LIMIT,1700901466140,693.0,3.536
DYDXUSDT,SELL,LIMIT,1700901467264,120.0,3.536
DYDXUSDT,SELL,LIMIT,1700907198295,68.0,3.528
DYDXUSDT,SELL,LIMIT,1700907450541,100.4,3.519
DYDXUSDT,SELL,LIMIT,1700907451850,509.6,3.518
DYDXUSDT,SELL,LIMIT,1700907457910,19.6,3.517
DYDXUSDT,SELL,LIMIT,1700907559332,5.1,3.516
DYDXUSDT,SELL,LIMIT,1700907560866,294.6,3.513
DYDXUSDT,SELL,LIMIT,1700907737510,16.2,3.509
DYDXUSDT,SELL,LIMIT,1700907738519,94.0,3.496
DYDXUSDT,SELL,LIMIT,1700907740054,506.5,3.492
DYDXUSDT,SELL,LIMIT,1700907741052,27.0,3.494
DYDXUSDT,SELL,LIMIT,1700907742798,108.4,3.490
DYDXUSDT,SELL,LIMIT,1700907767274,28.7,3.481
DYDXUSDT,SELL,LIMIT,1700907768299,1406.8,3.485
DYDXUSDT,SELL,LIMIT,1700907769301,914.0,3.478
DYDXUSDT,SELL,LIMIT,1700908423126,409.7,3.478
DYDXUSDT,SELL,LIMIT,1700908424265,107.4,3.477
DYDXUSDT,SELL,LIMIT,1700908425948,27.3,3.475
DYDXUSDT,SELL,LIMIT,1700908547410,48.1,3.474
DYDXUSDT,SELL,LIMIT,1700908590303,71.0,3.472
DYDXUSDT,SELL,LIMIT,1700908608614,146.2,3.471
DYDXUSDT,SELL,LIMIT,1700908611076,352.3,3.467
DYDXUSDT,SELL,LIMIT,1700908612544,115.0,3.467
DYDXUSDT,SELL,LIMIT,1700908613949,61.8,3.464
DYDXUSDT,SELL,LIMIT,1700909060395,83.5,3.461
DYDXUSDT,SELL,LIMIT,1700911517347,22.0,3.467
DYDXUSDT,SELL,LIMIT,1700911568243,264.5,3.456
DYDXUSDT,SELL,LIMIT,1700911591709,7.0,3.456
DYDXUSDT,SELL,LIMIT,1700911604946,117.5,3.456
DYDXUSDT,SELL,LIMIT,1700911606296,3.6,3.453
DYDXUSDT,SELL,LIMIT,1700912161577,326.6,3.451
DYDXUSDT,SELL,LIMIT,1700912163281,57.9,3.451
DYDXUSDT,SELL,LIMIT,1700912165822,24.6,3.451
DYDXUSDT,SELL,LIMIT,1700912168219,7.0,3.447
DYDXUSDT,SELL,LIMIT,1700912223622,40.0,3.444
DYDXUSDT,SELL,LIMIT,1700912243286,138.1,3.444
DYDXUSDT,SELL,LIMIT,1700912492165,87.2,3.442
DYDXUSDT,SELL,LIMIT,1700912493295,6.1,3.442
DYDXUSDT,SELL,LIMIT,1700912494308,145.3,3.440
DYDXUSDT,SELL,LIMIT,1700912495626,8.4,3.440
DYDXUSDT,SELL,LIMIT,1700912499157,14.5,3.438
DYDXUSDT,SELL,LIMIT,1700912502314,110.6,3.435
DYDXUSDT,SELL,LIMIT,1700912503975,48.3,3.433
DYDXUSDT,BUY,LIMIT,1700912508150,183.6,3.499
DYDXUSDT,SELL,LIMIT,1700912531135,375.3,3.432
DYDXUSDT,SELL,LIMIT,1700912532239,359.6,3.431
DYDXUSDT,SELL,LIMIT,1700912565807,554.0,3.431
DYDXUSDT,SELL,LIMIT,1700912571207,21.3,3.431
DYDXUSDT,SELL,LIMIT,1700912572292,285.6,3.431
DYDXUSDT,SELL,LIMIT,1700912574096,1535.6,3.426
DYDXUSDT,SELL,LIMIT,1700912586736,17.0,3.430
DYDXUSDT,SELL,LIMIT,1700912652571,256.5,3.421
DYDXUSDT,SELL,LIMIT,1700912655808,10.1,3.418
DYDXUSDT,SELL,LIMIT,1700912663253,3.3,3.415
DYDXUSDT,SELL,LIMIT,1700912664423,674.5,3.416
DYDXUSDT,BUY,LIMIT,1700917126636,43.4,3.541
DYDXUSDT,BUY,LIMIT,1700917147954,764.9,3.545
DYDXUSDT,SELL,LIMIT,1700925636343,28.4,3.439
DYDXUSDT,SELL,LIMIT,1700925644273,1.6,3.437
DYDXUSDT,BUY,LIMIT,1700928106148,1424.2,3.517
DYDXUSDT,BUY,LIMIT,1700931796276,90.1,3.538
DYDXUSDT,BUY,LIMIT,1700931809071,9.7,3.542
DYDXUSDT,BUY,LIMIT,1700931837039,143.8,3.543
DYDXUSDT,BUY,LIMIT,1700933053125,29.9,3.538
DYDXUSDT,BUY,LIMIT,1700933510700,228.7,3.532
DYDXUSDT,BUY,LIMIT,1700939099206,61.0,3.536
