Symbol,Side,Order Type,Time,Quantity,Price
DYDXUSDT,SELL,LIMIT,1701917606269,2.1,2.893
DYDXUSDT,SELL,LIMIT,1701918684920,436.8,2.864
DYDXUSDT,BUY,LIMIT,1701922348445,158.8,2.983
DYDXUSDT,BUY,LIMIT,1701924274207,505.0,2.988
DYDXUSDT,BUY,LIMIT,1701928617155,4510.5,3.026
DYDXUSDT,SELL,LIMIT,1701929766463,1.3,2.935
DYDXUSDT,SELL,LIMIT,1701930210326,88.0,2.935
DYDXUSDT,BUY,LIMIT,1701930630071,0.1,3.011
DYDXUSDT,BUY,LIMIT,1701930635209,17.1,3.016
DYDXUSDT,SELL,LIMIT,1701931658104,179.7,2.926
DYDXUSDT,SELL,LIMIT,1701934398696,42.7,2.918
DYDXUSDT,BUY,LIMIT,1701936443967,86.4,3.023
DYDXUSDT,SELL,LIMIT,1701936911604,23.5,2.922
DYDXUSDT,SELL,LIMIT,1701936914677,75.5,2.917
DYDXUSDT,SELL,LIMIT,1701936916866,11.4,2.914
DYDXUSDT,SELL,LIMIT,1701936918400,5.7,2.910
DYDXUSDT,SELL,LIMIT,1701936922650,168.0,2.902
DYDXUSDT,SELL,LIMIT,1701936924273,199.5,2.901
DYDXUSDT,SELL,LIMIT,1701937344586,122.6,2.900
DYDXUSDT,SELL,LIMIT,1701937387360,7.3,2.899
DYDXUSDT,SELL,LIMIT,1701937391971,135.3,2.898
DYDXUSDT,SELL,LIMIT,1701937543456,683.4,2.904
DYDXUSDT,SELL,LIMIT,1701937831975,166.9,2.903
DYDXUSDT,SELL,LIMIT,1701937926108,17.6,2.903
DYDXUSDT,SELL,LIMIT,1701939365408,336.3,2.896
DYDXUSDT,SELL,LIMIT,1701939402074,44.9,2.892
DYDXUSDT,SELL,LIMIT,1701939403382,31.4,2.892
DYDXUSDT,SELL,LIMIT,1701939407103,185.5,2.890
DYDXUSDT,SELL,LIMIT,1701939409570,16.8,2.890
DYDXUSDT,SELL,LIMIT,1701939471442,718.5,2.886
DYDXUSDT,SELL,LIMIT,1701939473772,89.7,2.885
DYDXUSDT,SELL,LIMIT,1701939562924,3.6,2.882
DYDXUSDT,SELL,LIMIT,1701939568987,67.4,2.881
DYDXUSDT,SELL,LIMIT,1701939714133,34.1,2.894
DYDXUSDT,SELL,LIMIT,1701939961472,316.1,2.888
DYDXUSDT,SELL,LIMIT,1701940011070,51.4,2.879
DYDXUSDT,SELL,LIMIT,1701940022005,84.3,2.874
DYDXUSDT,SELL,LIMIT,1701940024434,21269.8,2.843
DYDXUSDT,SELL,LIMIT,1701940028457,120.9,2.872
DYDXUSDT,SELL,LIMIT,1701940449846,3362.4,2.865
DYDXUSDT,SELL,LIMIT,1701940469209,2.4,2.870
DYDXUSDT,SELL,LIMIT,1701940470354,21.8,2.871
DYDXUSDT,SELL,LIMIT,1701940543213,144.1,2.865
DYDXUSDT,SELL,LIMIT,1701940554116,478.7,2.863
DYDXUSDT,SELL,LIMIT,1701940556389,458.7,2.861
DYDXUSDT,SELL,LIMIT,1701940557532,2.0,2.864
DYDXUSDT,SELL,LIMIT,1701940559912,15.1,2.862
DYDXUSDT,SELL,LIMIT,1701940562083,864.1,2.859
DYDXUSDT,SELL,LIMIT,1701940564464,207.1,2.858
DYDXUSDT,SELL,LIMIT,1701940565807,186.7,2.857
DYDXUSDT,SELL,LIMIT,1701940568418,15460.7,2.831
DYDXUSDT,SELL,LIMIT,1701940670339,3216.9,2.842
DYDXUSDT,SELL,LIMIT,1701940672346,26.7,2.855
DYDXUSDT,SELL,LIMIT,1701940675802,610.0,2.853
DYDXUSDT,SELL,LIMIT,1701940714323,107.7,2.853
DYDXUSDT,SELL,LIMIT,1701940715822,67.7,2.852
DYDXUSDT,SELL,LIMIT,1701941026622,3166.3,2.837
DYDXUSDT,SELL,LIMIT,1701941028327,842.0,2.849
DYDXUSDT,SELL,LIMIT,1701941057499,194.3,2.847
DYDXUSDT,SELL,LIMIT,1701941073311,230.5,2.845
DYDXUSDT,SELL,LIMIT,1701941075497,34.1,2.845
DYDXUSDT,SELL,LIMIT,1701941085935,3.9,2.846
DYDXUSDT,SELL,LIMIT,1701941109435,5.7,2.844
DYDXUSDT,SELL,LIMIT,1701941111317,194.1,2.843
DYDXUSDT,SELL,LIMIT,1701941112842,158.3,2.842
DYDXUSDT,SELL,LIMIT,1701941146709,2.9,2.846
DYDXUSDT,SELL,LIMIT,1701941151201,43.1,2.842
DYDXUSDT,SELL,LIMIT,1701941152308,847.4,2.841
DYDXUSDT,SELL,LIMIT,1701941153792,61.3,2.841
DYDXUSDT,SELL,LIMIT,1701941155198,19.1,2.840
DYDXUSDT,SELL,LIMIT,1701941158582,28.6,2.837
DYDXUSDT,SELL,LIMIT,1701941166326,288.7,2.835
DYDXUSDT,SELL,LIMIT,1701941174197,3.3,2.832
DYDXUSDT,SELL,LIMIT,1701941176529,205.3,2.832
DYDXUSDT,SELL,LIMIT,1701941177711,505.0,2.832
DYDXUSDT,SELL,LIMIT,1701941179079,167.9,2.830
DYDXUSDT,SELL,LIMIT,1701941180135,13.4,2.827
DYDXUSDT,SELL,LIMIT,1701941181198,812.8,2.825
DYDXUSDT,SELL,LIMIT,1701941182203,101.3,2.813
DYDXUSDT,SELL,LIMIT,1701941183238,445.9,2.812
DYDXUSDT,SELL,LIMIT,1701941184241,82.8,2.791
DYDXUSDT,SELL,LIMIT,1701941185277,148.3,2.795
DYDXUSDT,SELL,LIMIT,1701941186278,1591.2,2.769
DYDXUSDT,SELL,LIMIT,1701941187283,1003.8,2.766
DYDXUSDT,SELL,LIMIT,1701941188287,95.6,2.746
DYDXUSDT,SELL,LIMIT,1701941189293,48.2,2.741
DYDXUSDT,SELL,LIMIT,1701941190316,52.1,2.748
DYDXUSDT,SELL,LIMIT,1701941234195,9.3,2.767
DYDXUSDT,SELL,LIMIT,1701941236159,728.5,2.767
DYDXUSDT,SELL,LIMIT,1701941237234,78.5,2.764
DYDXUSDT,SELL,LIMIT,1701941239201,216.3,2.761
DYDXUSDT,SELL,LIMIT,1701941240511,29.0,2.765
DYDXUSDT,SELL,LIMIT,1701941244310,42.7,2.765
DYDXUSDT,SELL,LIMIT,1701941245646,652.0,2.762
DYDXUSDT,SELL,LIMIT,1701941247421,97.3,2.759
DYDXUSDT,SELL,LIMIT,1701941256313,2.0,2.769
DYDXUSDT,SELL,LIMIT,1701943583616,67.5,2.817
DYDXUSDT,SELL,LIMIT,1701943593671,26.8,2.816
DYDXUSDT,SELL,LIMIT,1701944425437,548.1,2.809
DYDXUSDT,SELL,LIMIT,1701944427317,17.9,2.807
DYDXUSDT,BUY,LIMIT,1701945514200,71.7,2.898
DYDXUSDT,BUY,LIMIT,1701945518377,2.6,2.899
DYDXUSDT,BUY,LIMIT,1701945776825,2.8,2.902
DYDXUSDT,BUY,LIMIT,1701945778959,94.9,2.903
DYDXUSDT,BUY,LIMIT,1701945869075,1056.5,2.905
DYDXUSDT,BUY,LIMIT,1701947961297,2.2,2.918
DYDXUSDT,SELL,LIMIT,1701949711129,30.3,2.839
DYDXUSDT,BUY,LIMIT,1701951183001,68.4,2.926
DYDXUSDT,SELL,LIMIT,1701951569963,8.7,2.871
DYDXUSDT,SELL,LIMIT,1701951920085,1042.8,2.866
DYDXUSDT,BUY,LIMIT,1701952048138,364.7,2.934
DYDXUSDT,BUY,LIMIT,1701953976590,0.1,2.953
DYDXUSDT,SELL,LIMIT,1701956616393,11.7,2.864
DYDXUSDT,SELL,LIMIT,1701956625407,8.0,2.863
DYDXUSDT,SELL,LIMIT,1701957022411,221.9,2.858
DYDXUSDT,BUY,LIMIT,1701957644179,72.7,2.943
DYDXUSDT,BUY,LIMIT,1701959535263,1.8,2.978
DYDXUSDT,SELL,LIMIT,1701959724424,65.9,2.911
DYDXUSDT,BUY,LIMIT,1701961405206,348.9,2.986
DYDXUSDT,BUY,LIMIT,1701962481851,47.8,2.988
DYDXUSDT,BUY,LIMIT,1701962511315,4901.3,3.012
DYDXUSDT,BUY,LIMIT,1701962630780,21.7,3.001
DYDXUSDT,BUY,LIMIT,1701962755197,231.3,3.005
DYDXUSDT,BUY,LIMIT,1701962836945,66.4,3.012
DYDXUSDT,BUY,LIMIT,1701962847060,1416.8,3.014
DYDXUSDT,BUY,LIMIT,1701963004267,37.5,3.013
DYDXUSDT,SELL,LIMIT,1701963023110,915.3,2.963
DYDXUSDT,BUY,LIMIT,1701964252630,339.7,3.011
DYDXUSDT,BUY,LIMIT,1701964427180,644.3,3.019
DYDXUSDT,BUY,LIMIT,1701964453984,6.5,3.025
DYDXUSDT,SELL,LIMIT,1701965058187,17.2,2.969
DYDXUSDT,SELL,LIMIT,1701965064459,90.4,2.984
DYDXUSDT,BUY,LIMIT,1701965076185,858.3,3.032
DYDXUSDT,BUY,LIMIT,1701965107211,362.1,3.036
DYDXUSDT,BUY,LIMIT,1701965475673,4.4,3.042
DYDXUSDT,BUY,LIMIT,1701965477226,839.2,3.043
DYDXUSDT,BUY,LIMIT,1701965479421,92.4,3.044
DYDXUSDT,BUY,LIMIT,1701965490016,528.3,3.045
DYDXUSDT,BUY,LIMIT,1701965494581,107.0,3.052
DYDXUSDT,BUY,LIMIT,1701965497531,68.8,3.053
DYDXUSDT,BUY,LIMIT,1701965511522,5.6,3.057
DYDXUSDT,BUY,LIMIT,1701965513102,90.2,3.064
DYDXUSDT,BUY,LIMIT,1701965514342,8.1,3.065
DYDXUSDT,BUY,LIMIT,1701965516324,682.4,3.066
DYDXUSDT,BUY,LIMIT,1701965550567,1689.7,3.065
DYDXUSDT,BUY,LIMIT,1701965592265,1800.8,3.073
DYDXUSDT,SELL,LIMIT,1701965727327,250.0,2.984
DYDXUSDT,BUY,LIMIT,1701967115284,202.3,3.083
DYDXUSDT,BUY,LIMIT,1701967116332,59.2,3.084
DYDXUSDT,BUY,LIMIT,1701967125226,8.1,3.090
DYDXUSDT,BUY,LIMIT,1701967128554,82.4,3.092
DYDXUSDT,BUY,LIMIT,1701967476418,40.6,3.093
DYDXUSDT,BUY,LIMIT,1701967882120,401.0,3.095
DYDXUSDT,BUY,LIMIT,1701967883351,1441.4,3.095
DYDXUSDT,BUY,LIMIT,1701967885776,88.5,3.097
DYDXUSDT,BUY,LIMIT,1701968023689,2.1,3.100
DYDXUSDT,BUY,LIMIT,1701968075934,3785.1,3.123
DYDXUSDT,BUY,LIMIT,1701968153556,10.0,3.107
DYDXUSDT,BUY,LIMIT,1701968378107,1316.9,3.112
DYDXUSDT,BUY,LIMIT,1701968379181,1636.1,3.115
DYDXUSDT,BUY,LIMIT,1701968394098,343.5,3.117
DYDXUSDT,BUY,LIMIT,1701969539639,655.3,3.113
DYDXUSDT,BUY,LIMIT,1701969748694,608.4,3.126
DYDXUSDT,SELL,LIMIT,1701970795414,292.4,3.034
DYDXUSDT,SELL,LIMIT,1701970988194,1576.8,3.023
DYDXUSDT,SELL,LIMIT,1701971039943,2.2,3.016
DYDXUSDT,SELL,LIMIT,1701971044539,80.8,3.014
DYDXUSDT,SELL,LIMIT,1701971361866,21.4,3.011
DYDXUSDT,SELL,LIMIT,1701971373078,1069.2,3.005
DYDXUSDT,SELL,LIMIT,1701971374395,17.0,3.005
DYDXUSDT,SELL,LIMIT,1701972646528,100.0,3.005
DYDXUSDT,SELL,LIMIT,1701974075361,35.0,2.999
DYDXUSDT,SELL,LIMIT,1701974090036,170.1,2.999
DYDXUSDT,SELL,LIMIT,1701974094316,1626.5,2.998
DYDXUSDT,SELL,LIMIT,1701974304508,142.9,2.991
DYDXUSDT,SELL,LIMIT,1701974306541,21.3,2.991
DYDXUSDT,SELL,LIMIT,1701974629316,1642.0,2.985
DYDXUSDT,SELL,LIMIT,1701976303370,4.3,2.990
DYDXUSDT,SELL,LIMIT,1701976328425,492.5,2.983
DYDXUSDT,SELL,LIMIT,1701976329486,85.7,2.979
DYDXUSDT,SELL,LIMIT,1701976458544,220.0,2.984
DYDXUSDT,SELL,LIMIT,1701976869189,1645.6,2.973
DYDXUSDT,SELL,LIMIT,1701976870229,28.0,2.971
DYDXUSDT,SELL,LIMIT,1701976871253,43.0,2.971
DYDXUSDT,SELL,LIMIT,1701976952565,195.0,2.968
DYDXUSDT,SELL,LIMIT,1701976964590,161.2,2.966
DYDXUSDT,SELL,LIMIT,1701977175906,1469.6,2.969
DYDXUSDT,SELL,LIMIT,1701977294226,60304.7,2.925
DYDXUSDT,SELL,LIMIT,1701977295824,198.4,2.962
DYDXUSDT,SELL,LIMIT,1701977297909,49.9,2.955
DYDXUSDT,SELL,LIMIT,1701977299574,102.7,2.955
DYDXUSDT,SELL,LIMIT,1701978228302,25.0,2.954
DYDXUSDT,SELL,LIMIT,1701978234057,96.1,2.948
DYDXUSDT,SELL,LIMIT,1701978235779,8.8,2.948
DYDXUSDT,SELL,LIMIT,1701978277801,170.0,2.949
DYDXUSDT,SELL,LIMIT,1701978286896,971.7,2.947
DYDXUSDT,SELL,LIMIT,1701978288162,29.0,2.944
DYDXUSDT,SELL,LIMIT,1701978291064,265.0,2.944
DYDXUSDT,SELL,LIMIT,1701978292250,51825.2,2.905
DYDXUSDT,SELL,LIMIT,1701978293954,11.8,2.944
DYDXUSDT,SELL,LIMIT,1701978295947,784.5,2.941
DYDXUSDT,BUY,LIMIT,1701979400706,29.7,3.040
DYDXUSDT,BUY,LIMIT,1701979523745,33.3,3.055
DYDXUSDT,SELL,LIMIT,1701981522110,265.3,2.970
DYDXUSDT,SELL,LIMIT,1701981523423,390.8,2.966
DYDXUSDT,SELL,LIMIT,1701981546486,1.7,2.966
DYDXUSDT,BUY,LIMIT,1701984527560,824.5,3.077
DYDXUSDT,BUY,LIMIT,1701984770973,422.2,3.077
DYDXUSDT,BUY,LIMIT,1701986044621,1.7,3.083
DYDXUSDT,SELL,LIMIT,1701988406202,318.1,2.996
DYDXUSDT,SELL,LIMIT,1701988429207,703.4,2.989
DYDXUSDT,SELL,LIMIT,1701988478790,478.4,2.988
DYDXUSDT,SELL,LIMIT,1701988483280,109.0,2.988
DYDXUSDT,SELL,LIMIT,1701990456925,0.1,4.534
DYDXUSDT,SELL,LIMIT,1701991571068,115.6,2.993
DYDXUSDT,BUY,LIMIT,1701992768470,19.5,3.080
DYDXUSDT,BUY,LIMIT,1701992785901,1647.9,3.078
DYDXUSDT,BUY,LIMIT,1701994803052,82.9,3.086
DYDXUSDT,SELL,LIMIT,1701997674289,1226.2,2.990
DYDXUSDT,SELL,LIMIT,1701997681027,112.4,2.989
DYDXUSDT,SELL,LIMIT,1701997686011,100.8,2.987
DYDXUSDT,SELL,LIMIT,1701997743214,86.2,2.987
DYDXUSDT,SELL,LIMIT,1701997747152,1641.4,2.984
DYDXUSDT,SELL,LIMIT,1701997761761,147.0,2.983
DYDXUSDT,SELL,LIMIT,1701998572331,336.1,3.004
DYDXUSDT,SELL,LIMIT,1702003257172,292.9,2.986
DYDXUSDT,SELL,LIMIT,1702003662421,100.0,2.984
DYDXUSDT,SELL,LIMIT,1702003726641,368.4,2.974
DYDXUSDT,BUY,LIMIT,1702004042022,150.0,3.056
DYDXUSDT,SELL,LIMIT,1702006467838,2.1,5.008
DYDXUSDT,BUY,LIMIT,1702007154541,9.4,3.083
DYDXUSDT,BUY,LIMIT,1702008910159,138.7,3.081
DYDXUSDT,BUY,LIMIT,1702009775148,172.3,3.096
DYDXUSDT,BUY,LIMIT,1702009818807,1.7,3.097
DYDXUSDT,SELL,LIMIT,1702012083826,3.2,2.995
DYDXUSDT,SELL,LIMIT,1702012097233,1600.2,2.994
DYDXUSDT,SELL,LIMIT,1702012202310,520.3,2.990
DYDXUSDT,SELL,LIMIT,1702016094383,408.3,3.031
DYDXUSDT,BUY,LIMIT,1702016296517,145.2,3.088
DYDXUSDT,BUY,LIMIT,1702016359023,158.7,3.092
DYDXUSDT,SELL,LIMIT,1702019970492,1633.4,2.992
DYDXUSDT,SELL,LIMIT,1702020220882,1250.1,2.984
DYDXUSDT,SELL,LIMIT,1702020222922,147.4,2.982
DYDXUSDT,SELL,LIMIT,1702020522637,245.6,2.978
DYDXUSDT,SELL,LIMIT,1702020524876,92.2,2.978
DYDXUSDT,SELL,LIMIT,1702020530359,458.0,2.977
DYDXUSDT,SELL,LIMIT,1702020629831,273.0,2.970
DYDXUSDT,SELL,LIMIT,1702020633807,778.3,2.967
DYDXUSDT,SELL,LIMIT,1702020635575,183.4,2.965
DYDXUSDT,SELL,LIMIT,1702020638844,73.7,2.963
DYDXUSDT,SELL,LIMIT,1702020639954,1.9,2.962
DYDXUSDT,SELL,LIMIT,1702020641542,287.5,2.959
DYDXUSDT,SELL,LIMIT,1702020642616,110.2,2.959
DYDXUSDT,SELL,LIMIT,1702020658796,3.4,2.957
DYDXUSDT,SELL,LIMIT,1702020663564,2.2,2.951
DYDXUSDT,SELL,LIMIT,1702020664766,1645.2,2.949
DYDXUSDT,SELL,LIMIT,1702020666061,850.0,2.950
DYDXUSDT,SELL,LIMIT,1702020669483,80.2,2.947
DYDXUSDT,SELL,LIMIT,1702022534579,101.7,2.968
DYDXUSDT,SELL,LIMIT,1702023060221,21.5,2.963
DYDXUSDT,SELL,LIMIT,1702023062200,167.7,2.962
DYDXUSDT,BUY,LIMIT,1702028147573,57.9,3.056
DYDXUSDT,BUY,LIMIT,1702028624338,171.1,3.072
DYDXUSDT,SELL,LIMIT,1702029211813,167.3,2.994
DYDXUSDT,SELL,LIMIT,1702029213766,28.9,2.993
DYDXUSDT,BUY,LIMIT,1702032812224,134.0,3.081
DYDXUSDT,BUY,LIMIT,1702037394574,6.3,3.083
DYDXUSDT,SELL,LIMIT,1702040474390,904.3,3.006
DYDXUSDT,SELL,LIMIT,1702040484114,665.2,3.001
DYDXUSDT,SELL,LIMIT,1702040673707,21.5,2.999
DYDXUSDT,SELL,LIMIT,1702040832686,1610.5,2.998
DYDXUSDT,SELL,LIMIT,1702040841028,1017.3,2.996
DYDXUSDT,SELL,LIMIT,1702041023283,274.0,2.995
DYDXUSDT,SELL,LIMIT,1702041024592,40.6,2.995
DYDXUSDT,SELL,LIMIT,1702041026459,221.3,2.993
DYDXUSDT,SELL,LIMIT,1702044332944,10.0,2.984
DYDXUSDT,SELL,LIMIT,1702044334054,131.4,2.982
DYDXUSDT,SELL,LIMIT,1702044406591,4.8,2.978
DYDXUSDT,SELL,LIMIT,1702044409401,3.5,2.977
DYDXUSDT,SELL,LIMIT,1702044411038,246.9,2.976
DYDXUSDT,SELL,LIMIT,1702044412433,725.6,2.975
DYDXUSDT,SELL,LIMIT,1702047208692,72.1,3.014
DYDXUSDT,BUY,LIMIT,1702047830698,46.0,3.100
DYDXUSDT,BUY,LIMIT,1702048108127,3.2,3.093
DYDXUSDT,BUY,LIMIT,1702048135933,223.9,3.084
DYDXUSDT,BUY,LIMIT,1702048993082,30.3,3.081
DYDXUSDT,SELL,LIMIT,1702050830692,1333.0,3.005
DYDXUSDT,SELL,LIMIT,1702050975749,1.7,3.000
DYDXUSDT,SELL,LIMIT,1702051226774,1634.5,3.010
DYDXUSDT,BUY,LIMIT,1702052482182,314.5,3.103
DYDXUSDT,BUY,LIMIT,1702052483539,1566.6,3.104
DYDXUSDT,BUY,LIMIT,1702052522280,9870.0,3.136
DYDXUSDT,BUY,LIMIT,1702052657303,6.6,3.122
DYDXUSDT,BUY,LIMIT,1702052686507,516.3,3.124
DYDXUSDT,BUY,LIMIT,1702053449411,33.2,3.127
DYDXUSDT,BUY,LIMIT,1702053454134,54.1,3.129
DYDXUSDT,BUY,LIMIT,1702054095161,11.6,3.132
DYDXUSDT,BUY,LIMIT,1702054293649,197.8,3.143
DYDXUSDT,BUY,LIMIT,1702054295374,401.0,3.144
DYDXUSDT,BUY,LIMIT,1702054296667,6.2,3.144
DYDXUSDT,BUY,LIMIT,1702054329552,40.9,3.147
DYDXUSDT,BUY,LIMIT,1702054347358,53.5,3.141
DYDXUSDT,SELL,LIMIT,1702055242688,24.9,3.033
DYDXUSDT,SELL,LIMIT,1702055244839,200.0,3.027
DYDXUSDT,SELL,LIMIT,1702055278548,33.0,3.018
DYDXUSDT,SELL,LIMIT,1702055282014,1505.5,3.018
DYDXUSDT,SELL,LIMIT,1702055303364,168.2,3.013
DYDXUSDT,SELL,LIMIT,1702056265296,206.0,3.006
DYDXUSDT,SELL,LIMIT,1702056272334,913.5,2.998
DYDXUSDT,SELL,LIMIT,1702056274257,382.8,2.998
DYDXUSDT,SELL,LIMIT,1702056275343,4.4,3.004
DYDXUSDT,SELL,LIMIT,1702056280489,270.8,2.997
DYDXUSDT,SELL,LIMIT,1702056282231,41.3,2.994
DYDXUSDT,SELL,LIMIT,1702056284188,613.6,2.993
DYDXUSDT,SELL,LIMIT,1702056462371,63.9,2.992
DYDXUSDT,SELL,LIMIT,1702056667278,761.3,2.990
DYDXUSDT,SELL,LIMIT,1702056668445,3.4,2.989
DYDXUSDT,BUY,LIMIT,1702058213688,3.5,3.082
DYDXUSDT,BUY,LIMIT,1702066005618,1168.5,3.109
DYDXUSDT,BUY,LIMIT,1702066091781,37.5,3.103
DYDXUSDT,BUY,LIMIT,1702068817358,377.3,3.112
DYDXUSDT,SELL,LIMIT,1702069417108,804.4,3.045
DYDXUSDT,SELL,LIMIT,1702073512004,775.6,3.022
DYDXUSDT,SELL,LIMIT,1702074450195,1551.8,3.018
DYDXUSDT,BUY,LIMIT,1702078177083,1193.6,3.087
DYDXUSDT,BUY,LIMIT,1702079250026,35.0,3.102
DYDXUSDT,BUY,LIMIT,1702080715166,117.8,3.119
DYDXUSDT,BUY,LIMIT,1702080815780,1631.8,3.126
DYDXUSDT,BUY,LIMIT,1702081626343,427.4,3.125
DYDXUSDT,BUY,LIMIT,1702081993363,64.4,3.149
DYDXUSDT,BUY,LIMIT,1702082087532,1708.8,3.156
DYDXUSDT,BUY,LIMIT,1702082279388,7.5,3.147
DYDXUSDT,BUY,LIMIT,1702082721394,118.3,3.156
DYDXUSDT,BUY,LIMIT,1702082744299,44.9,3.162
DYDXUSDT,BUY,LIMIT,1702082974938,7.0,3.160
DYDXUSDT,BUY,LIMIT,1702083088330,2.3,3.163
DYDXUSDT,BUY,LIMIT,1702083126195,6.7,3.164
DYDXUSDT,BUY,LIMIT,1702083461704,741.8,3.167
DYDXUSDT,BUY,LIMIT,1702083551833,596.5,3.171
DYDXUSDT,BUY,LIMIT,1702083553267,19.1,3.173
DYDXUSDT,SELL,LIMIT,1702084003302,2.6,3.070
DYDXUSDT,SELL,LIMIT,1702084023143,4.1,3.065
DYDXUSDT,SELL,LIMIT,1702084103054,111.4,3.039
DYDXUSDT,SELL,LIMIT,1702084106521,21.2,3.037
DYDXUSDT,SELL,LIMIT,1702087944686,35.4,3.037
DYDXUSDT,SELL,LIMIT,1702087945841,11.5,3.033
DYDXUSDT,SELL,LIMIT,1702087949610,87.5,3.028
DYDXUSDT,SELL,LIMIT,1702087950970,32.3,3.027
DYDXUSDT,BUY,LIMIT,1702092851171,48.4,3.155
DYDXUSDT,BUY,LIMIT,1702093210611,370.2,3.147
DYDXUSDT,BUY,LIMIT,1702094616454,828.1,3.139
DYDXUSDT,BUY,LIMIT,1702102431140,2.0,3.181
DYDXUSDT,BUY,LIMIT,1702102660067,36.9,3.182
DYDXUSDT,BUY,LIMIT,1702103175963,379.6,3.191
DYDXUSDT,BUY,LIMIT,1702103244575,699.6,3.192
DYDXUSDT,BUY,LIMIT,1702103258248,31.6,3.194
DYDXUSDT,BUY,LIMIT,1702103296121,656.8,3.197
DYDXUSDT,SELL,LIMIT,1702103465218,2737.4,3.114
DYDXUSDT,BUY,LIMIT,1702103869490,2737.4,3.201
DYDXUSDT,BUY,LIMIT,1702104227782,28.8,3.195
DYDXUSDT,BUY,LIMIT,1702105896464,1000.0,3.204
DYDXUSDT,BUY,LIMIT,1702107332293,46.4,3.219
DYDXUSDT,BUY,LIMIT,1702107976830,47.9,3.227
DYDXUSDT,BUY,LIMIT,1702107979009,651.4,3.227
DYDXUSDT,BUY,LIMIT,1702107981258,6.6,3.227
DYDXUSDT,BUY,LIMIT,1702108056107,97.4,3.230
DYDXUSDT,BUY,LIMIT,1702108074303,6.5,3.232
DYDXUSDT,SELL,LIMIT,1702108293834,3.6,3.169
DYDXUSDT,BUY,LIMIT,1702108567482,7.6,3.240
DYDXUSDT,BUY,LIMIT,1702108628623,290.9,3.241
DYDXUSDT,BUY,LIMIT,1702108884515,1154.4,3.245
DYDXUSDT,BUY,LIMIT,1702108905133,9.6,3.247
DYDXUSDT,BUY,LIMIT,1702109101219,10.0,3.257
DYDXUSDT,BUY,LIMIT,1702109208223,10.8,3.261
DYDXUSDT,BUY,LIMIT,1702109412243,17.7,3.260
DYDXUSDT,SELL,LIMIT,1702109506562,63.8,3.200
DYDXUSDT,BUY,LIMIT,1702109727301,14.9,3.265
DYDXUSDT,BUY,LIMIT,1702109780749,3.4,3.267
DYDXUSDT,BUY,LIMIT,1702109863666,3.3,3.271
DYDXUSDT,BUY,LIMIT,1702109875230,1605.1,3.274
DYDXUSDT,BUY,LIMIT,1702109892379,5.4,3.276
DYDXUSDT,BUY,LIMIT,1702109918512,6.7,3.276
DYDXUSDT,BUY,LIMIT,1702109920346,300.0,3.277
DYDXUSDT,BUY,LIMIT,1702109921667,32.8,3.279
DYDXUSDT,BUY,LIMIT,1702109937849,455.6,3.280
DYDXUSDT,SELL,LIMIT,1702109979972,2.0,3.212
DYDXUSDT,BUY,LIMIT,1702110068345,7.2,3.275
DYDXUSDT,SELL,LIMIT,1702110419774,149.6,3.156
DYDXUSDT,SELL,LIMIT,1702110830274,1556.5,3.148
DYDXUSDT,SELL,LIMIT,1702110862254,312.9,3.135
DYDXUSDT,SELL,LIMIT,1702110863463,55.7,3.137
DYDXUSDT,SELL,LIMIT,1702110871336,175.6,3.135
DYDXUSDT,SELL,LIMIT,1702110874796,783.1,3.131
DYDXUSDT,SELL,LIMIT,1702110876427,391.1,3.131
DYDXUSDT,SELL,LIMIT,1702110909545,549.3,3.132
DYDXUSDT,SELL,LIMIT,1702110913270,315.0,3.128
DYDXUSDT,SELL,LIMIT,1702110914422,294.0,3.128
DYDXUSDT,SELL,LIMIT,1702110922351,26.3,3.125
DYDXUSDT,SELL,LIMIT,1702110934963,1571.3,3.121
DYDXUSDT,SELL,LIMIT,1702110969888,134.0,3.117
DYDXUSDT,SELL,LIMIT,1702110971358,53.9,3.103
DYDXUSDT,SELL,LIMIT,1702110972402,183.6,3.105
DYDXUSDT,SELL,LIMIT,1702110975626,1062.5,3.100
DYDXUSDT,SELL,LIMIT,1702110980726,600.0,3.097
DYDXUSDT,SELL,LIMIT,1702110982526,57.7,3.096
DYDXUSDT,SELL,LIMIT,1702110983692,5.7,3.096
DYDXUSDT,SELL,LIMIT,1702111023137,2221.5,3.092
DYDXUSDT,SELL,LIMIT,1702111036129,6800.4,3.070
DYDXUSDT,SELL,LIMIT,1702111037177,593.6,3.085
DYDXUSDT,SELL,LIMIT,1702111038254,503.5,3.091
DYDXUSDT,SELL,LIMIT,1702111040601,464.3,3.079
DYDXUSDT,SELL,LIMIT,1702111041681,1865.9,3.074
DYDXUSDT,SELL,LIMIT,1702111043512,73.5,3.072
DYDXUSDT,SELL,LIMIT,1702111044533,160.0,3.072
DYDXUSDT,SELL,LIMIT,1702111045536,751.4,3.063
DYDXUSDT,SELL,LIMIT,1702111046542,19.7,3.057
DYDXUSDT,SELL,LIMIT,1702111350772,26.8,3.061
DYDXUSDT,SELL,LIMIT,1702111366117,271.6,3.055
DYDXUSDT,SELL,LIMIT,1702111367393,121.2,3.055
DYDXUSDT,SELL,LIMIT,1702111369533,30.8,3.052
DYDXUSDT,SELL,LIMIT,1702111372182,4.7,3.048
DYDXUSDT,SELL,LIMIT,1702111373517,192.9,3.049
DYDXUSDT,SELL,LIMIT,1702111376017,199.8,3.045
DYDXUSDT,SELL,LIMIT,1702111377147,594.8,3.043
DYDXUSDT,SELL,LIMIT,1702111378406,481.9,3.043
DYDXUSDT,SELL,LIMIT,1702111379422,2144.8,3.031
DYDXUSDT,SELL,LIMIT,1702111380543,1613.9,3.037
DYDXUSDT,SELL,LIMIT,1702111381558,13.0,3.035
DYDXUSDT,SELL,LIMIT,1702111383343,2878.2,3.021
DYDXUSDT,SELL,LIMIT,1702111386142,16.0,3.032
DYDXUSDT,SELL,LIMIT,1702111387182,387.2,3.019
DYDXUSDT,SELL,LIMIT,1702111389066,4.4,3.015
DYDXUSDT,SELL,LIMIT,1702111390147,41.1,3.010
DYDXUSDT,BUY,LIMIT,1702111565121,272.3,3.143
DYDXUSDT,BUY,LIMIT,1702111663201,317.2,3.148
DYDXUSDT,SELL,LIMIT,1702112320601,319.3,3.064
DYDXUSDT,SELL,LIMIT,1702114841433,199.7,3.068
DYDXUSDT,SELL,LIMIT,1702114844289,4.7,3.066
DYDXUSDT,SELL,LIMIT,1702114956440,200.0,3.061
DYDXUSDT,SELL,LIMIT,1702114958034,217.3,3.059
DYDXUSDT,SELL,LIMIT,1702115029652,308.7,3.049
DYDXUSDT,SELL,LIMIT,1702115032664,28.2,3.045
DYDXUSDT,SELL,LIMIT,1702115077124,805.9,3.041
DYDXUSDT,SELL,LIMIT,1702115085429,58.8,3.037
DYDXUSDT,SELL,LIMIT,1702115601016,13.6,3.045
DYDXUSDT,SELL,LIMIT,1702115631901,51.3,3.035
DYDXUSDT,SELL,LIMIT,1702117632393,81.9,3.027
DYDXUSDT,SELL,LIMIT,1702117647458,86.8,3.026
DYDXUSDT,SELL,LIMIT,1702117708891,319.7,3.024
DYDXUSDT,SELL,LIMIT,1702118601553,1588.7,3.023
DYDXUSDT,SELL,LIMIT,1702118603421,98.6,3.019
DYDXUSDT,SELL,LIMIT,1702118605110,108.5,3.018
DYDXUSDT,SELL,LIMIT,1702122369545,46.4,3.025
DYDXUSDT,BUY,LIMIT,1702123781854,1635.0,3.119
DYDXUSDT,BUY,LIMIT,1702127228058,44.2,3.129
DYDXUSDT,BUY,LIMIT,1702129190469,111.0,3.151
DYDXUSDT,SELL,LIMIT,1702132270235,3.2,3.103
DYDXUSDT,SELL,LIMIT,1702132602731,351.7,3.049
DYDXUSDT,SELL,LIMIT,1702132605765,938.0,3.046
DYDXUSDT,SELL,LIMIT,1702132815729,23.3,3.035
DYDXUSDT,SELL,LIMIT,1702132819229,96.7,3.034
DYDXUSDT,SELL,LIMIT,1702132824542,615.0,3.031
DYDXUSDT,SELL,LIMIT,1702132891195,549.1,3.032
DYDXUSDT,SELL,LIMIT,1702132958908,1058.0,3.022
DYDXUSDT,SELL,LIMIT,1702132986476,50.2,3.016
DYDXUSDT,SELL,LIMIT,1702132989386,1462.5,3.016
DYDXUSDT,SELL,LIMIT,1702132990412,19.0,3.014
DYDXUSDT,SELL,LIMIT,1702132991629,4.1,3.014
DYDXUSDT,SELL,LIMIT,1702132994480,188.8,3.012
DYDXUSDT,SELL,LIMIT,1702132995832,6.4,3.007
DYDXUSDT,SELL,LIMIT,1702133000692,146.4,3.006
DYDXUSDT,SELL,LIMIT,1702133002049,1608.5,3.003
DYDXUSDT,SELL,LIMIT,1702133003869,198.7,2.999
DYDXUSDT,SELL,LIMIT,1702133004891,137.5,2.999
DYDXUSDT,SELL,LIMIT,1702133006078,674.3,2.995
DYDXUSDT,SELL,LIMIT,1702133008390,94.1,2.995
DYDXUSDT,SELL,LIMIT,1702133009596,383.3,2.993
DYDXUSDT,SELL,LIMIT,1702133322210,327.5,2.999
DYDXUSDT,SELL,LIMIT,1702133323424,55.7,2.995
DYDXUSDT,SELL,LIMIT,1702134514077,244.7,2.997
DYDXUSDT,SELL,LIMIT,1702134910348,236.6,2.990
DYDXUSDT,SELL,LIMIT,1702134922086,2179.4,2.981
DYDXUSDT,SELL,LIMIT,1702134924095,328.3,2.983
DYDXUSDT,SELL,LIMIT,1702134925351,119.9,2.981
DYDXUSDT,SELL,LIMIT,1702134926411,3.7,2.978
DYDXUSDT,SELL,LIMIT,1702134927460,267.9,2.978
DYDXUSDT,SELL,LIMIT,1702134931259,135.0,2.977
DYDXUSDT,SELL,LIMIT,1702134933829,25.6,2.976
DYDXUSDT,SELL,LIMIT,1702134935076,167.7,2.975
DYDXUSDT,SELL,LIMIT,1702134936082,43.9,2.970
DYDXUSDT,SELL,LIMIT,1702134937124,430.2,2.965
DYDXUSDT,SELL,LIMIT,1702134938161,1611.0,2.953
DYDXUSDT,SELL,LIMIT,1702134939279,138.7,2.956
DYDXUSDT,SELL,LIMIT,1702134943270,315.7,2.954
DYDXUSDT,SELL,LIMIT,1702134945070,1951.1,2.945
DYDXUSDT,SELL,LIMIT,1702134946131,63.6,2.950
DYDXUSDT,SELL,LIMIT,1702134947583,1636.6,2.948
DYDXUSDT,BUY,LIMIT,1702136883315,47.2,3.071
DYDXUSDT,SELL,LIMIT,1702138955458,152.1,2.994
DYDXUSDT,SELL,LIMIT,1702138957754,828.0,2.993
DYDXUSDT,SELL,LIMIT,1702139004551,232.9,2.986
DYDXUSDT,SELL,LIMIT,1702139117521,55.8,2.989
DYDXUSDT,SELL,LIMIT,1702139199591,2.3,2.979
DYDXUSDT,SELL,LIMIT,1702139248217,131.9,2.974
DYDXUSDT,SELL,LIMIT,1702139269358,1040.1,2.967
DYDXUSDT,SELL,LIMIT,1702139274144,60.1,2.963
DYDXUSDT,SELL,LIMIT,1702139275202,79.6,2.964
DYDXUSDT,SELL,LIMIT,1702139290251,109.3,2.962
DYDXUSDT,SELL,LIMIT,1702139297341,5.8,2.957
DYDXUSDT,SELL,LIMIT,1702139298411,1164.0,2.957
DYDXUSDT,SELL,LIMIT,1702141554556,1650.6,2.967
DYDXUSDT,SELL,LIMIT,1702141643464,328.5,2.957
DYDXUSDT,SELL,LIMIT,1702141658245,8.4,2.957
DYDXUSDT,SELL,LIMIT,1702141661743,1083.3,2.955
DYDXUSDT,SELL,LIMIT,1702141698422,830.5,2.950
DYDXUSDT,SELL,LIMIT,1702141700180,173.1,2.947
DYDXUSDT,SELL,LIMIT,1702141701209,166.3,2.945
DYDXUSDT,SELL,LIMIT,1702141702414,14.6,2.944
DYDXUSDT,SELL,LIMIT,1702141704220,828.3,2.944
DYDXUSDT,SELL,LIMIT,1702141708735,53.5,2.945
DYDXUSDT,SELL,LIMIT,1702141746324,8.3,2.948
DYDXUSDT,SELL,LIMIT,1702141747994,90.3,2.948
DYDXUSDT,SELL,LIMIT,1702141756328,1548.4,2.948
DYDXUSDT,SELL,LIMIT,1702141800308,4.2,2.943
DYDXUSDT,SELL,LIMIT,1702141842199,273.3,2.942
DYDXUSDT,SELL,LIMIT,1702141844181,23.3,2.941
DYDXUSDT,SELL,LIMIT,1702141845197,31.8,2.941
DYDXUSDT,SELL,LIMIT,1702141846346,1663.3,2.939
DYDXUSDT,SELL,LIMIT,1702141847461,110.6,2.935
DYDXUSDT,SELL,LIMIT,1702141848486,69.5,2.928
DYDXUSDT,SELL,LIMIT,1702141849539,0.1,2.926
DYDXUSDT,SELL,LIMIT,1702141850599,24.1,2.922
DYDXUSDT,SELL,LIMIT,1702141851620,59.9,2.916
DYDXUSDT,SELL,LIMIT,1702141856416,115.6,2.918
DYDXUSDT,SELL,LIMIT,1702141857644,7.1,2.916
DYDXUSDT,SELL,LIMIT,1702141858707,300.0,2.914
DYDXUSDT,SELL,LIMIT,1702142766251,316.3,2.933
DYDXUSDT,SELL,LIMIT,1702144704259,773.9,2.941
DYDXUSDT,SELL,LIMIT,1702144707783,356.5,2.939
DYDXUSDT,SELL,LIMIT,1702144790133,29.7,2.933
DYDXUSDT,BUY,LIMIT,1702146985367,543.7,3.024
DYDXUSDT,SELL,LIMIT,1702153016321,28.5,2.943
DYDXUSDT,SELL,LIMIT,1702153295321,5.1,2.950
DYDXUSDT,SELL,LIMIT,1702153707300,28.2,2.949
DYDXUSDT,SELL,LIMIT,1702153879826,105.1,2.941
DYDXUSDT,SELL,LIMIT,1702156130099,1670.5,2.943
DYDXUSDT,SELL,LIMIT,1702156271081,1669.4,2.935
DYDXUSDT,SELL,LIMIT,1702156273642,18.8,2.935
DYDXUSDT,SELL,LIMIT,1702156355438,79.5,2.932
DYDXUSDT,SELL,LIMIT,1702156357871,1683.3,2.929
DYDXUSDT,SELL,LIMIT,1702156361381,167.0,2.926
DYDXUSDT,BUY,LIMIT,1702157891990,337.7,3.019
DYDXUSDT,BUY,LIMIT,1702159978981,56.0,3.032
DYDXUSDT,SELL,LIMIT,1702162111453,1641.4,2.948
DYDXUSDT,SELL,LIMIT,1702162182744,2.1,2.948
DYDXUSDT,SELL,LIMIT,1702162548411,1466.7,2.938
DYDXUSDT,BUY,LIMIT,1702162681160,166.6,2.996
DYDXUSDT,SELL,LIMIT,1702164146908,66.8,2.925
DYDXUSDT,SELL,LIMIT,1702164199606,54.4,2.921
DYDXUSDT,SELL,LIMIT,1702164200893,38.8,2.919
DYDXUSDT,SELL,LIMIT,1702164207491,23.2,2.916
DYDXUSDT,SELL,LIMIT,1702164209063,1703.0,2.914
DYDXUSDT,SELL,LIMIT,1702164211465,961.5,2.913
DYDXUSDT,SELL,LIMIT,1702164253653,134.2,2.914
DYDXUSDT,SELL,LIMIT,1702164295151,101.0,2.911
DYDXUSDT,SELL,LIMIT,1702164296185,5.1,2.911
DYDXUSDT,SELL,LIMIT,1702164297266,14.3,2.909
DYDXUSDT,SELL,LIMIT,1702164299297,248.0,2.908
DYDXUSDT,SELL,LIMIT,1702164300591,233.8,2.907
DYDXUSDT,SELL,LIMIT,1702164302282,1092.3,2.907
DYDXUSDT,SELL,LIMIT,1702164498476,16.8,2.909
DYDXUSDT,SELL,LIMIT,1702164512772,69.3,2.906
DYDXUSDT,SELL,LIMIT,1702164514792,6.0,2.906
DYDXUSDT,SELL,LIMIT,1702164522310,18.6,2.906
DYDXUSDT,SELL,LIMIT,1702164524927,2.6,2.906
DYDXUSDT,SELL,LIMIT,1702164529112,3.1,2.904
DYDXUSDT,SELL,LIMIT,1702164530126,299.2,2.901
DYDXUSDT,SELL,LIMIT,1702164531134,158.3,2.895
DYDXUSDT,SELL,LIMIT,1702164532233,44.2,2.895
DYDXUSDT,SELL,LIMIT,1702164533245,804.1,2.891
DYDXUSDT,SELL,LIMIT,1702164540989,501.2,2.890
DYDXUSDT,SELL,LIMIT,1702164543187,1.8,2.885
DYDXUSDT,SELL,LIMIT,1702164544322,1.8,2.886
DYDXUSDT,SELL,LIMIT,1702164545964,15.4,2.886
DYDXUSDT,SELL,LIMIT,1702164547869,9.8,2.886
DYDXUSDT,SELL,LIMIT,1702164570714,46.0,2.892
DYDXUSDT,SELL,LIMIT,1702164691843,121.2,2.893
DYDXUSDT,SELL,LIMIT,1702164727335,6025.8,2.874
DYDXUSDT,SELL,LIMIT,1702164744091,106.8,2.886
DYDXUSDT,SELL,LIMIT,1702164745179,140.2,2.886
DYDXUSDT,SELL,LIMIT,1702164746307,356.7,2.886
DYDXUSDT,SELL,LIMIT,1702164747361,16.2,2.885
DYDXUSDT,SELL,LIMIT,1702164748456,4258.6,2.864
DYDXUSDT,SELL,LIMIT,1702164749468,35.0,2.880
DYDXUSDT,SELL,LIMIT,1702164750698,349.9,2.878
DYDXUSDT,SELL,LIMIT,1702164751926,176.0,2.877
DYDXUSDT,SELL,LIMIT,1702164765414,400.0,2.883
DYDXUSDT,SELL,LIMIT,1702164791316,34.0,2.926
DYDXUSDT,SELL,LIMIT,1702164798019,645.1,2.882
DYDXUSDT,SELL,LIMIT,1702164799785,6.1,2.880
DYDXUSDT,SELL,LIMIT,1702164800907,64.5,2.880
DYDXUSDT,SELL,LIMIT,1702164802323,165.3,2.877
DYDXUSDT,SELL,LIMIT,1702164803338,435.7,2.876
DYDXUSDT,SELL,LIMIT,1702164804548,1344.4,2.876
DYDXUSDT,SELL,LIMIT,1702164805760,31917.8,2.840
DYDXUSDT,SELL,LIMIT,1702164807282,83.9,2.873
DYDXUSDT,SELL,LIMIT,1702164808321,319.5,2.870
DYDXUSDT,SELL,LIMIT,1702164809432,10.4,2.873
DYDXUSDT,SELL,LIMIT,1702164810451,1571.7,2.862
DYDXUSDT,SELL,LIMIT,1702164811485,3.4,2.860
DYDXUSDT,SELL,LIMIT,1702164813689,707.8,2.865
DYDXUSDT,SELL,LIMIT,1702164843581,2702.3,2.862
DYDXUSDT,SELL,LIMIT,1702164867297,1395.8,2.870
DYDXUSDT,SELL,LIMIT,1702164868871,6515.8,2.846
DYDXUSDT,BUY,LIMIT,1702165012997,90.6,2.945
DYDXUSDT,BUY,LIMIT,1702167877080,116.5,2.977
DYDXUSDT,BUY,LIMIT,1702172197738,38.5,2.996
DYDXUSDT,SELL,LIMIT,1702172355354,66.3,2.936
DYDXUSDT,SELL,LIMIT,1702173720269,8.4,2.944
DYDXUSDT,BUY,LIMIT,1702180744367,2.4,3.016
DYDXUSDT,BUY,LIMIT,1702182418971,75.4,3.034
DYDXUSDT,BUY,LIMIT,1702186487083,0.1,3.048
DYDXUSDT,BUY,LIMIT,1702186902949,17.3,3.052
DYDXUSDT,BUY,LIMIT,1702188007287,840.3,3.058
DYDXUSDT,BUY,LIMIT,1702188094390,8.4,3.059
DYDXUSDT,SELL,LIMIT,1702192696465,1601.2,2.964
DYDXUSDT,SELL,LIMIT,1702192860667,190.9,2.956
DYDXUSDT,SELL,LIMIT,1702192865981,63.9,2.955
DYDXUSDT,SELL,LIMIT,1702192868356,18.4,2.955
DYDXUSDT,SELL,LIMIT,1702192871074,5000.0,2.933
DYDXUSDT,SELL,LIMIT,1702192878647,2.8,2.952
DYDXUSDT,SELL,LIMIT,1702192880918,31.2,2.949
DYDXUSDT,SELL,LIMIT,1702193716249,30.2,2.947
DYDXUSDT,SELL,LIMIT,1702193822021,9.3,2.943
DYDXUSDT,SELL,LIMIT,1702193855313,369.7,2.940
DYDXUSDT,SELL,LIMIT,1702193938405,80.6,2.937
DYDXUSDT,BUY,LIMIT,1702194963899,5.0,3.033
DYDXUSDT,SELL,LIMIT,1702196094718,447.2,2.960
DYDXUSDT,SELL,LIMIT,1702196631197,35.4,2.950
DYDXUSDT,SELL,LIMIT,1702196642582,18.8,2.946
DYDXUSDT,SELL,LIMIT,1702196656285,18.8,2.944
DYDXUSDT,SELL,LIMIT,1702196657428,54.2,2.944
DYDXUSDT,SELL,LIMIT,1702196803124,329.0,2.941
DYDXUSDT,SELL,LIMIT,1702197073670,110.7,2.938
DYDXUSDT,SELL,LIMIT,1702197080253,1200.4,2.935
DYDXUSDT,SELL,LIMIT,1702197085506,123.5,2.930
DYDXUSDT,SELL,LIMIT,1702197091341,18.6,2.929
DYDXUSDT,SELL,LIMIT,1702197093388,99.9,2.928
DYDXUSDT,SELL,LIMIT,1702200348885,5.9,2.937
DYDXUSDT,SELL,LIMIT,1702200631015,1541.4,2.929
DYDXUSDT,SELL,LIMIT,1702200704181,197.3,2.926
DYDXUSDT,SELL,LIMIT,1702200705296,167.5,2.924
DYDXUSDT,SELL,LIMIT,1702200706349,5.5,2.924
DYDXUSDT,SELL,LIMIT,1702200717872,78.3,2.923
DYDXUSDT,SELL,LIMIT,1702200718991,699.4,2.921
DYDXUSDT,SELL,LIMIT,1702200730719,44.6,2.920
DYDXUSDT,SELL,LIMIT,1702200753220,1.8,2.918
DYDXUSDT,SELL,LIMIT,1702200760236,66.8,2.917
DYDXUSDT,SELL,LIMIT,1702200761849,121.0,2.914
DYDXUSDT,SELL,LIMIT,1702200762991,130.0,2.911
DYDXUSDT,SELL,LIMIT,1702200764326,8.6,2.911
DYDXUSDT,SELL,LIMIT,1702200766412,15.7,2.913
DYDXUSDT,SELL,LIMIT,1702200795093,20.2,2.914
DYDXUSDT,SELL,LIMIT,1702200889080,85.1,2.909
DYDXUSDT,SELL,LIMIT,1702200890159,2.8,2.908
DYDXUSDT,SELL,LIMIT,1702200891399,99.1,2.907
DYDXUSDT,SELL,LIMIT,1702200934377,27.4,2.904
DYDXUSDT,SELL,LIMIT,1702200937484,2763.5,2.899
DYDXUSDT,SELL,LIMIT,1702200939888,177.8,2.902
DYDXUSDT,SELL,LIMIT,1702201481314,22.1,2.898
DYDXUSDT,SELL,LIMIT,1702201487481,5.0,2.898
DYDXUSDT,SELL,LIMIT,1702202056435,129.1,2.899
DYDXUSDT,SELL,LIMIT,1702202081120,6246.0,2.875
DYDXUSDT,SELL,LIMIT,1702202083243,99.9,2.894
DYDXUSDT,SELL,LIMIT,1702202085200,706.0,2.892
DYDXUSDT,SELL,LIMIT,1702202087343,16.3,2.892
DYDXUSDT,SELL,LIMIT,1702202157133,16.2,2.889
DYDXUSDT,SELL,LIMIT,1702202158203,132.4,2.891
DYDXUSDT,SELL,LIMIT,1702202176585,129.7,2.890
DYDXUSDT,SELL,LIMIT,1702202261418,4148.0,2.873
DYDXUSDT,SELL,LIMIT,1702202264271,16.3,2.889
DYDXUSDT,SELL,LIMIT,1702202268082,149.0,2.892
DYDXUSDT,SELL,LIMIT,1702202269809,355.1,2.888
DYDXUSDT,SELL,LIMIT,1702202271865,903.0,2.887
DYDXUSDT,SELL,LIMIT,1702202274277,45.9,2.885
DYDXUSDT,SELL,LIMIT,1702202275571,39.6,2.884
DYDXUSDT,SELL,LIMIT,1702202289665,23.0,2.885
DYDXUSDT,SELL,LIMIT,1702202291077,84.2,2.884
DYDXUSDT,SELL,LIMIT,1702202293401,252.7,2.882
DYDXUSDT,SELL,LIMIT,1702202297091,1.8,2.881
DYDXUSDT,SELL,LIMIT,1702202298159,3.6,2.881
DYDXUSDT,SELL,LIMIT,1702202318309,56.9,2.881
DYDXUSDT,SELL,LIMIT,1702202322670,22.9,2.879
DYDXUSDT,SELL,LIMIT,1702202324000,800.0,2.879
DYDXUSDT,SELL,LIMIT,1702202325232,66.4,2.877
DYDXUSDT,SELL,LIMIT,1702202369252,135.0,2.876
DYDXUSDT,SELL,LIMIT,1702202370302,36.5,2.875
DYDXUSDT,SELL,LIMIT,1702202372144,547.2,2.873
DYDXUSDT,SELL,LIMIT,1702202373799,13.3,2.870
DYDXUSDT,SELL,LIMIT,1702202375245,188.3,2.864
DYDXUSDT,SELL,LIMIT,1702202376259,156.9,2.868
DYDXUSDT,SELL,LIMIT,1702202379598,93.9,2.863
DYDXUSDT,SELL,LIMIT,1702202380802,1.9,2.862
DYDXUSDT,SELL,LIMIT,1702202382328,582.5,2.862
DYDXUSDT,SELL,LIMIT,1702202383358,36.2,2.862
DYDXUSDT,SELL,LIMIT,1702202384412,184.9,2.860
DYDXUSDT,SELL,LIMIT,1702202389203,78.4,2.860
DYDXUSDT,SELL,LIMIT,1702202390755,32.0,2.860
DYDXUSDT,SELL,LIMIT,1702202391764,2.7,2.859
DYDXUSDT,SELL,LIMIT,1702202392865,1.7,2.858
DYDXUSDT,SELL,LIMIT,1702202394949,63045.4,2.819
DYDXUSDT,SELL,LIMIT,1702202396155,6.8,2.857
DYDXUSDT,SELL,LIMIT,1702202397196,6.6,2.856
DYDXUSDT,SELL,LIMIT,1702202398304,1552.9,2.853
DYDXUSDT,SELL,LIMIT,1702204637354,18.7,2.927
DYDXUSDT,BUY,LIMIT,1702208536148,88.5,2.979
DYDXUSDT,SELL,LIMIT,1702208613832,643.9,2.916
DYDXUSDT,SELL,LIMIT,1702208890804,58.7,2.907
DYDXUSDT,SELL,LIMIT,1702208893564,59.3,2.905
DYDXUSDT,SELL,LIMIT,1702208895490,60.0,2.905
DYDXUSDT,SELL,LIMIT,1702208903190,263.2,2.904
DYDXUSDT,SELL,LIMIT,1702208906189,2983.7,2.892
DYDXUSDT,SELL,LIMIT,1702209059453,20.4,2.906
DYDXUSDT,SELL,LIMIT,1702209088849,312.8,2.907
DYDXUSDT,SELL,LIMIT,1702209127489,616.0,2.908
DYDXUSDT,SELL,LIMIT,1702209167321,77.1,2.911
DYDXUSDT,SELL,LIMIT,1702209297885,102.2,2.906
DYDXUSDT,SELL,LIMIT,1702209698116,28.2,2.910
DYDXUSDT,BUY,LIMIT,1702211165425,343.9,3.002
DYDXUSDT,SELL,LIMIT,1702217234102,2.4,2.934
DYDXUSDT,BUY,LIMIT,1702221450446,340.2,3.000
DYDXUSDT,BUY,LIMIT,1702221504250,11.5,3.004
DYDXUSDT,SELL,LIMIT,1702227005108,45.6,2.932
DYDXUSDT,BUY,LIMIT,1702228707828,110.1,3.007
DYDXUSDT,SELL,LIMIT,1702228847350,101.8,2.944
DYDXUSDT,SELL,LIMIT,1702229075059,566.9,2.945
DYDXUSDT,SELL,LIMIT,1702229300205,1432.0,2.926
DYDXUSDT,SELL,LIMIT,1702230259889,175.3,2.918
DYDXUSDT,BUY,LIMIT,1702232318843,54.8,3.015
DYDXUSDT,BUY,LIMIT,1702232452680,5.0,3.019
DYDXUSDT,BUY,LIMIT,1702232826797,151.8,3.021
DYDXUSDT,BUY,LIMIT,1702232909583,171.2,3.025
DYDXUSDT,BUY,LIMIT,1702232930949,80.2,3.027
DYDXUSDT,BUY,LIMIT,1702233508896,7.9,3.029
DYDXUSDT,SELL,LIMIT,1702235729224,115.3,2.977
DYDXUSDT,BUY,LIMIT,1702235736479,172.2,3.037
DYDXUSDT,BUY,LIMIT,1702236831080,15.0,3.045
DYDXUSDT,BUY,LIMIT,1702237719060,70.0,3.048
DYDXUSDT,BUY,LIMIT,1702238006307,575.8,3.050
DYDXUSDT,BUY,LIMIT,1702238174119,17.9,3.055
DYDXUSDT,BUY,LIMIT,1702238376395,39.2,3.057
DYDXUSDT,BUY,LIMIT,1702238475372,288.4,3.059
DYDXUSDT,BUY,LIMIT,1702238960411,20.3,3.061
DYDXUSDT,BUY,LIMIT,1702239005145,436.8,3.062
DYDXUSDT,BUY,LIMIT,1702239292365,142.7,3.068
DYDXUSDT,BUY,LIMIT,1702239344120,213.1,3.069
DYDXUSDT,BUY,LIMIT,1702239494277,179.1,3.075
DYDXUSDT,BUY,LIMIT,1702239805971,1.8,3.081
DYDXUSDT,BUY,LIMIT,1702239837372,172.9,3.085
DYDXUSDT,BUY,LIMIT,1702239848766,1.8,3.087
DYDXUSDT,BUY,LIMIT,1702239869340,338.9,3.085
DYDXUSDT,BUY,LIMIT,1702240386963,19.2,3.089
DYDXUSDT,BUY,LIMIT,1702240722062,300.0,3.099
DYDXUSDT,BUY,LIMIT,1702240742023,1.1,3.101
DYDXUSDT,BUY,LIMIT,1702240929751,13.1,3.106
DYDXUSDT,SELL,LIMIT,1702241074520,11.6,3.048
DYDXUSDT,BUY,LIMIT,1702241119696,447.5,3.109
DYDXUSDT,SELL,LIMIT,1702241182471,12.0,3.049
DYDXUSDT,BUY,LIMIT,1702241326717,165.7,3.112
DYDXUSDT,BUY,LIMIT,1702241338367,156.1,3.113
DYDXUSDT,BUY,LIMIT,1702241516409,134.7,3.116
DYDXUSDT,BUY,LIMIT,1702241591287,1707.4,3.120
DYDXUSDT,SELL,LIMIT,1702242154432,45.4,3.031
DYDXUSDT,SELL,LIMIT,1702243635185,77.8,3.018
DYDXUSDT,SELL,LIMIT,1702245675224,167.5,3.003
DYDXUSDT,BUY,LIMIT,1702247426613,1491.9,3.086
DYDXUSDT,SELL,LIMIT,1702250253736,120.9,2.997
DYDXUSDT,SELL,LIMIT,1702250287226,142.6,2.992
DYDXUSDT,SELL,LIMIT,1702250289297,1055.1,2.990
DYDXUSDT,SELL,LIMIT,1702255480934,813.1,2.988
DYDXUSDT,SELL,LIMIT,1702255482496,98.2,2.988
DYDXUSDT,SELL,LIMIT,1702255487820,947.0,2.983
DYDXUSDT,SELL,LIMIT,1702255586288,175.3,2.978
DYDXUSDT,SELL,LIMIT,1702256212538,194.0,2.974
DYDXUSDT,SELL,LIMIT,1702256218538,5.0,2.973
DYDXUSDT,SELL,LIMIT,1702256223253,3.5,2.971
DYDXUSDT,SELL,LIMIT,1702256225175,819.8,2.971
DYDXUSDT,SELL,LIMIT,1702256228296,85.0,2.968
DYDXUSDT,SELL,LIMIT,1702256333337,41.0,2.965
DYDXUSDT,SELL,LIMIT,1702256478489,135.3,2.959
DYDXUSDT,SELL,LIMIT,1702256503126,1280.3,2.958
DYDXUSDT,SELL,LIMIT,1702256505380,51.0,2.953
DYDXUSDT,SELL,LIMIT,1702256508512,187.1,2.951
DYDXUSDT,SELL,LIMIT,1702256509912,314.3,2.947
DYDXUSDT,SELL,LIMIT,1702256575182,67.8,2.947
DYDXUSDT,SELL,LIMIT,1702256607311,39.6,2.944
DYDXUSDT,SELL,LIMIT,1702256609135,22.2,2.940
DYDXUSDT,SELL,LIMIT,1702256612350,101.9,2.935
DYDXUSDT,SELL,LIMIT,1702256613737,81.9,2.935
DYDXUSDT,SELL,LIMIT,1702256617583,66.7,2.931
DYDXUSDT,SELL,LIMIT,1702256620300,64.6,2.930
DYDXUSDT,SELL,LIMIT,1702256722443,67.5,2.930
DYDXUSDT,SELL,LIMIT,1702256724029,38.8,2.929
DYDXUSDT,SELL,LIMIT,1702256728435,23131.7,2.897
DYDXUSDT,SELL,LIMIT,1702256913202,52.7,2.922
DYDXUSDT,SELL,LIMIT,1702256914414,49.2,2.926
DYDXUSDT,SELL,LIMIT,1702256915616,137.6,2.921
DYDXUSDT,SELL,LIMIT,1702256917688,337.0,2.917
DYDXUSDT,SELL,LIMIT,1702256984183,3.0,2.915
DYDXUSDT,SELL,LIMIT,1702256993395,92.1,2.918
DYDXUSDT,SELL,LIMIT,1702256994397,313.6,2.912
DYDXUSDT,SELL,LIMIT,1702257007413,3290.8,2.887
DYDXUSDT,SELL,LIMIT,1702257008496,1204.3,2.900
DYDXUSDT,SELL,LIMIT,1702257009505,5.1,2.901
DYDXUSDT,BUY,LIMIT,1702259163842,34.2,3.011
DYDXUSDT,SELL,LIMIT,1702259370352,14.4,2.956
DYDXUSDT,BUY,LIMIT,1702259430704,844.9,3.017
DYDXUSDT,SELL,LIMIT,1702260280551,1363.1,2.934
DYDXUSDT,SELL,LIMIT,1702260284329,3421.6,2.911
DYDXUSDT,SELL,LIMIT,1702260327822,227.2,2.914
DYDXUSDT,SELL,LIMIT,1702260423263,266.4,2.918
DYDXUSDT,SELL,LIMIT,1702260427625,4742.4,2.892
DYDXUSDT,SELL,LIMIT,1702260428925,251.7,2.910
DYDXUSDT,SELL,LIMIT,1702260430626,362.4,2.905
DYDXUSDT,SELL,LIMIT,1702260435857,32.2,2.901
DYDXUSDT,SELL,LIMIT,1702260437558,818.3,2.898
DYDXUSDT,SELL,LIMIT,1702260440348,342.4,2.904
DYDXUSDT,SELL,LIMIT,1702260442215,2.3,2.896
DYDXUSDT,SELL,LIMIT,1702260443219,217.9,2.896
DYDXUSDT,SELL,LIMIT,1702260445200,10095.0,2.869
DYDXUSDT,SELL,LIMIT,1702260446250,19.8,2.894
DYDXUSDT,SELL,LIMIT,1702260623159,12650.5,2.866
DYDXUSDT,SELL,LIMIT,1702260624210,921.5,2.887
DYDXUSDT,SELL,LIMIT,1702260625365,385.7,2.891
DYDXUSDT,SELL,LIMIT,1702260627075,358.2,2.886
DYDXUSDT,SELL,LIMIT,1702260628267,28.2,2.884
DYDXUSDT,SELL,LIMIT,1702260629397,586.6,2.880
DYDXUSDT,SELL,LIMIT,1702260630627,2.6,2.878
DYDXUSDT,SELL,LIMIT,1702260631694,200.0,2.876
DYDXUSDT,SELL,LIMIT,1702260633231,181.3,2.871
DYDXUSDT,SELL,LIMIT,1702260634361,51.6,2.872
DYDXUSDT,SELL,LIMIT,1702260635387,157.7,2.866
DYDXUSDT,SELL,LIMIT,1702260636700,600.2,2.865
DYDXUSDT,SELL,LIMIT,1702260689543,8.4,2.863
DYDXUSDT,SELL,LIMIT,1702260690823,67.0,2.864
DYDXUSDT,SELL,LIMIT,1702260693736,347.7,2.863
DYDXUSDT,SELL,LIMIT,1702260695088,306.9,2.861
DYDXUSDT,SELL,LIMIT,1702260697092,29.9,2.860
DYDXUSDT,SELL,LIMIT,1702260699262,185.3,2.861
DYDXUSDT,SELL,LIMIT,1702260700317,215.8,2.858
DYDXUSDT,SELL,LIMIT,1702260701363,3132.2,2.846
DYDXUSDT,SELL,LIMIT,1702260704989,14.1,2.858
DYDXUSDT,SELL,LIMIT,1702260707355,37.8,2.856
DYDXUSDT,SELL,LIMIT,1702260708352,198.8,2.854
DYDXUSDT,SELL,LIMIT,1702260709370,80.2,2.854
DYDXUSDT,SELL,LIMIT,1702260710476,987.4,2.848
DYDXUSDT,SELL,LIMIT,1702260711571,31.8,2.847
DYDXUSDT,SELL,LIMIT,1702260712572,278.8,2.847
DYDXUSDT,SELL,LIMIT,1702260713625,63.1,2.842
DYDXUSDT,SELL,LIMIT,1702260714628,8.4,2.904
DYDXUSDT,SELL,LIMIT,1702260715744,65.6,2.835
DYDXUSDT,SELL,LIMIT,1702260716855,97.2,2.838
DYDXUSDT,SELL,LIMIT,1702260718091,165.0,2.834
DYDXUSDT,SELL,LIMIT,1702260719105,67.1,2.834
DYDXUSDT,SELL,LIMIT,1702260720230,600.9,2.832
DYDXUSDT,SELL,LIMIT,1702260721825,281.5,2.833
DYDXUSDT,SELL,LIMIT,1702260722838,877.2,2.832
DYDXUSDT,SELL,LIMIT,1702260723952,1737.2,2.826
DYDXUSDT,SELL,LIMIT,1702260724956,43.9,2.819
DYDXUSDT,SELL,LIMIT,1702260726032,330.1,2.816
DYDXUSDT,SELL,LIMIT,1702260727048,19.0,2.813
DYDXUSDT,SELL,LIMIT,1702260728050,2.2,2.805
DYDXUSDT,SELL,LIMIT,1702260729410,864.0,2.802
DYDXUSDT,SELL,LIMIT,1702260730467,30.5,2.798
DYDXUSDT,SELL,LIMIT,1702260731553,66.7,2.793
DYDXUSDT,SELL,LIMIT,1702260732648,965.5,2.801
DYDXUSDT,SELL,LIMIT,1702260733722,99.6,2.804
DYDXUSDT,SELL,LIMIT,1702260734885,53.5,2.804
DYDXUSDT,SELL,LIMIT,1702260736405,46.4,2.797
DYDXUSDT,SELL,LIMIT,1702260737453,2.2,2.796
DYDXUSDT,SELL,LIMIT,1702260738551,112.8,2.792
DYDXUSDT,SELL,LIMIT,1702260739798,57.8,2.802
DYDXUSDT,SELL,LIMIT,1702260740886,107.1,2.835
DYDXUSDT,SELL,LIMIT,1702260741893,1701.9,2.779
DYDXUSDT,SELL,LIMIT,1702260742943,802.4,2.779
DYDXUSDT,SELL,LIMIT,1702260744013,136.9,2.775
DYDXUSDT,SELL,LIMIT,1702260745086,70.4,2.778
DYDXUSDT,SELL,LIMIT,1702260746152,78.8,2.771
DYDXUSDT,SELL,LIMIT,1702260747261,5000.0,2.750
DYDXUSDT,SELL,LIMIT,1702260748421,2115.5,2.750
DYDXUSDT,SELL,LIMIT,1702260749463,105.7,2.758
DYDXUSDT,SELL,LIMIT,1702260750474,18911.5,2.717
DYDXUSDT,SELL,LIMIT,1702260751503,208.5,2.747
DYDXUSDT,SELL,LIMIT,1702260752512,270.5,2.746
DYDXUSDT,SELL,LIMIT,1702260753532,154.0,2.748
DYDXUSDT,SELL,LIMIT,1702260754542,12.9,2.742
DYDXUSDT,SELL,LIMIT,1702260755564,8.0,2.742
DYDXUSDT,SELL,LIMIT,1702260756623,74.7,2.738
DYDXUSDT,SELL,LIMIT,1702260757630,23.2,2.734
DYDXUSDT,SELL,LIMIT,1702260758636,504.5,2.732
DYDXUSDT,SELL,LIMIT,1702260759648,14.7,2.732
DYDXUSDT,SELL,LIMIT,1702260760610,1709.6,2.717
DYDXUSDT,SELL,LIMIT,1702260761667,666.5,2.721
DYDXUSDT,SELL,LIMIT,1702260762678,281.3,2.714
DYDXUSDT,SELL,LIMIT,1702260763701,292.9,2.716
DYDXUSDT,SELL,LIMIT,1702260764705,252.6,2.706
DYDXUSDT,SELL,LIMIT,1702260765719,109.8,2.706
DYDXUSDT,SELL,LIMIT,1702260766700,35.6,2.684
DYDXUSDT,SELL,LIMIT,1702260767732,5.0,2.682
DYDXUSDT,SELL,LIMIT,1702260768759,1696.6,2.673
DYDXUSDT,SELL,LIMIT,1702260769710,74.2,2.653
DYDXUSDT,SELL,LIMIT,1702260770788,1982.6,2.671
DYDXUSDT,SELL,LIMIT,1702260771807,1733.0,2.675
DYDXUSDT,SELL,LIMIT,1702260772814,139.2,2.672
DYDXUSDT,SELL,LIMIT,1702260773981,505.5,2.671
DYDXUSDT,SELL,LIMIT,1702260774984,3832.5,2.651
DYDXUSDT,SELL,LIMIT,1702260776002,355.7,2.660
DYDXUSDT,SELL,LIMIT,1702260777211,139.7,2.663
DYDXUSDT,SELL,LIMIT,1702260778203,85.1,2.642
DYDXUSDT,SELL,LIMIT,1702260779244,114.8,2.639
DYDXUSDT,SELL,LIMIT,1702260780262,80.4,2.655
DYDXUSDT,SELL,LIMIT,1702260781357,32.0,2.649
DYDXUSDT,SELL,LIMIT,1702260782541,38.1,2.646
DYDXUSDT,SELL,LIMIT,1702260783535,29.5,2.638
DYDXUSDT,SELL,LIMIT,1702260784567,5076.0,2.621
DYDXUSDT,SELL,LIMIT,1702260785647,187.3,2.640
DYDXUSDT,SELL,LIMIT,1702260786808,765.8,2.639
DYDXUSDT,SELL,LIMIT,1702260787828,99.2,2.639
DYDXUSDT,SELL,LIMIT,1702260788855,102.6,2.645
DYDXUSDT,SELL,LIMIT,1702260789869,2655.2,2.627
DYDXUSDT,SELL,LIMIT,1702260790878,332.5,2.642
DYDXUSDT,SELL,LIMIT,1702260791912,113.4,2.659
DYDXUSDT,SELL,LIMIT,1702260792978,818.7,2.636
DYDXUSDT,SELL,LIMIT,1702260794054,25.7,2.638
DYDXUSDT,SELL,LIMIT,1702260795278,841.4,2.635
DYDXUSDT,SELL,LIMIT,1702260796281,7.1,2.620
DYDXUSDT,SELL,LIMIT,1702260797286,1100.7,2.633
DYDXUSDT,SELL,LIMIT,1702260798432,491.1,2.833
DYDXUSDT,SELL,LIMIT,1702260799455,33.6,2.616
DYDXUSDT,SELL,LIMIT,1702260800463,319.3,2.618
DYDXUSDT,SELL,LIMIT,1702260801496,3000.0,2.622
DYDXUSDT,SELL,LIMIT,1702260802831,384.4,2.632
DYDXUSDT,SELL,LIMIT,1702260803847,30.3,2.624
DYDXUSDT,SELL,LIMIT,1702260804852,81.7,2.623
DYDXUSDT,SELL,LIMIT,1702260805880,402.1,2.682
DYDXUSDT,SELL,LIMIT,1702260806920,1645.2,2.605
DYDXUSDT,SELL,LIMIT,1702260807924,1532.7,2.602
DYDXUSDT,SELL,LIMIT,1702260808946,1207.8,2.589
DYDXUSDT,SELL,LIMIT,1702260810153,81.2,2.584
DYDXUSDT,SELL,LIMIT,1702260811169,1681.4,2.586
DYDXUSDT,SELL,LIMIT,1702260812363,14.0,2.595
DYDXUSDT,SELL,LIMIT,1702260813394,37.5,2.595
DYDXUSDT,SELL,LIMIT,1702260814431,6.6,2.591
DYDXUSDT,SELL,LIMIT,1702260815495,127.2,2.591
DYDXUSDT,SELL,LIMIT,1702260816594,3472.2,2.577
DYDXUSDT,SELL,LIMIT,1702260817700,214.1,2.595
DYDXUSDT,SELL,LIMIT,1702260818708,161.7,2.580
DYDXUSDT,SELL,LIMIT,1702260820574,905.5,2.583
DYDXUSDT,SELL,LIMIT,1702260821669,336.4,2.571
DYDXUSDT,SELL,LIMIT,1702260822736,196.1,2.566
DYDXUSDT,SELL,LIMIT,1702260824087,631.9,2.567
DYDXUSDT,SELL,LIMIT,1702260825205,20.9,2.568
DYDXUSDT,SELL,LIMIT,1702260826504,31.0,2.573
DYDXUSDT,SELL,LIMIT,1702260828400,68.8,2.572
DYDXUSDT,BUY,LIMIT,1702260831807,79.4,2.625
DYDXUSDT,SELL,LIMIT,1702260832821,33.5,2.569
DYDXUSDT,SELL,LIMIT,1702260834129,43.3,2.564
DYDXUSDT,SELL,LIMIT,1702260835381,174.8,2.562
DYDXUSDT,BUY,LIMIT,1702260837559,187.7,2.640
DYDXUSDT,BUY,LIMIT,1702260861356,4.0,2.674
DYDXUSDT,SELL,LIMIT,1702260865816,2.0,2.630
DYDXUSDT,BUY,LIMIT,1702260874336,8.0,2.686
DYDXUSDT,BUY,LIMIT,1702260876267,126.0,2.688
DYDXUSDT,SELL,LIMIT,1702260899109,588.1,2.608
DYDXUSDT,BUY,LIMIT,1702260932314,103.8,2.722
DYDXUSDT,BUY,LIMIT,1702260933597,12.1,2.724
DYDXUSDT,BUY,LIMIT,1702261087163,220.7,2.734
DYDXUSDT,BUY,LIMIT,1702261143113,270.2,2.752
DYDXUSDT,BUY,LIMIT,1702261178584,105.2,2.753
DYDXUSDT,SELL,LIMIT,1702261596360,183.1,2.675
DYDXUSDT,SELL,LIMIT,1702261601402,215.0,2.666
DYDXUSDT,SELL,LIMIT,1702261603156,65.8,2.666
DYDXUSDT,SELL,LIMIT,1702261613288,510.5,2.663
DYDXUSDT,SELL,LIMIT,1702261620238,20.9,2.663
DYDXUSDT,BUY,LIMIT,1702261832228,8.7,2.745
DYDXUSDT,BUY,LIMIT,1702262005619,28.3,2.763
DYDXUSDT,BUY,LIMIT,1702262024755,3.1,2.776
DYDXUSDT,SELL,LIMIT,1702262339651,545.1,2.686
DYDXUSDT,SELL,LIMIT,1702262425940,91.4,2.678
DYDXUSDT,SELL,LIMIT,1702262479357,257.9,2.671
DYDXUSDT,SELL,LIMIT,1702262500382,1760.0,2.666
DYDXUSDT,SELL,LIMIT,1702262522591,273.4,2.661
DYDXUSDT,SELL,LIMIT,1702262558416,531.9,2.659
DYDXUSDT,SELL,LIMIT,1702262562443,920.1,2.655
DYDXUSDT,SELL,LIMIT,1702262625594,19.0,2.647
DYDXUSDT,SELL,LIMIT,1702262627136,732.6,2.644
DYDXUSDT,BUY,LIMIT,1702262727424,98.8,2.739
DYDXUSDT,BUY,LIMIT,1702262982914,25.0,2.734
DYDXUSDT,SELL,LIMIT,1702262988045,64.6,2.681
DYDXUSDT,BUY,LIMIT,1702264056399,114.8,2.800
DYDXUSDT,SELL,LIMIT,1702264519190,1500.0,2.750
DYDXUSDT,SELL,LIMIT,1702265724235,1.8,2.771
DYDXUSDT,SELL,LIMIT,1702267082918,697.0,2.768
