Symbol,Side,Order Type,Time,Quantity,Price
DYDXUSDT,SELL,LIMIT,1701067745012,39.0,3.264
DYDXUSDT,SELL,LIMIT,1701067750785,88.5,3.301
DYDXUSDT,SELL,LIMIT,1701067853150,0.1,3.259
DYDXUSDT,SELL,LIMIT,1701067855583,26.7,3.259
DYDXUSDT,SELL,LIMIT,1701067858338,206.9,3.257
DYDXUSDT,SELL,LIMIT,1701067861787,13.3,3.256
DYDXUSDT,SELL,LIMIT,1701067863077,1499.4,3.254
DYDXUSDT,SELL,LIMIT,1701067864196,98.9,3.255
DYDXUSDT,SELL,LIMIT,1701067869154,60.2,3.255
DYDXUSDT,SELL,LIMIT,1701067870360,72.2,3.254
DYDXUSDT,SELL,LIMIT,1701068083680,49.5,3.254
DYDXUSDT,SELL,LIMIT,1701068088208,22.1,3.253
DYDXUSDT,SELL,LIMIT,1701068092260,608.3,3.251
DYDXUSDT,SELL,LIMIT,1701068111160,68.5,3.249
DYDXUSDT,SELL,LIMIT,1701068113226,322.3,3.247
DYDXUSDT,SELL,LIMIT,1701068114284,73.0,3.246
DYDXUSDT,SELL,LIMIT,1701068116082,207.3,3.237
DYDXUSDT,SELL,LIMIT,1701068117269,27.8,3.239
DYDXUSDT,SELL,LIMIT,1701068118561,241.6,3.238
DYDXUSDT,SELL,LIMIT,1701068152190,14.5,3.235
DYDXUSDT,SELL,LIMIT,1701068163417,597.9,3.233
DYDXUSDT,SELL,LIMIT,1701068165632,165.3,3.233
DYDXUSDT,SELL,LIMIT,1701068168761,416.8,3.231
DYDXUSDT,SELL,LIMIT,1701068173287,85.8,3.231
DYDXUSDT,SELL,LIMIT,1701069010770,19.3,3.257
DYDXUSDT,SELL,LIMIT,1701069427664,20.9,3.238
DYDXUSDT,SELL,LIMIT,1701069477513,412.2,3.233
DYDXUSDT,SELL,LIMIT,1701069513762,139.5,3.227
DYDXUSDT,SELL,LIMIT,1701069516672,55.2,3.227
DYDXUSDT,SELL,LIMIT,1701069517742,44.1,3.226
DYDXUSDT,SELL,LIMIT,1701069523437,570.2,3.224
DYDXUSDT,SELL,LIMIT,1701069535596,34.4,3.224
DYDXUSDT,SELL,LIMIT,1701069555227,207.9,3.222
DYDXUSDT,SELL,LIMIT,1701069556633,59.1,3.222
DYDXUSDT,SELL,LIMIT,1701069565211,43.0,3.221
DYDXUSDT,SELL,LIMIT,1701069570846,19.2,3.221
DYDXUSDT,SELL,LIMIT,1701069572616,277.6,3.220
DYDXUSDT,SELL,LIMIT,1701069574657,5.2,3.218
DYDXUSDT,SELL,LIMIT,1701069636181,48.9,3.221
DYDXUSDT,SELL,LIMIT,1701069637974,57.0,3.220
DYDXUSDT,SELL,LIMIT,1701069663158,50.9,3.217
DYDXUSDT,SELL,LIMIT,1701069796051,378.3,3.218
DYDXUSDT,SELL,LIMIT,1701069802243,1576.8,3.214
DYDXUSDT,SELL,LIMIT,1701069805144,3.4,3.214
DYDXUSDT,SELL,LIMIT,1701069806205,40.4,3.215
DYDXUSDT,SELL,LIMIT,1701069807251,199.7,3.213
DYDXUSDT,SELL,LIMIT,1701069809315,5.6,3.213
DYDXUSDT,SELL,LIMIT,1701069825261,211.7,3.210
DYDXUSDT,SELL,LIMIT,1701069828201,28.3,3.209
DYDXUSDT,SELL,LIMIT,1701069829866,280.4,3.207
DYDXUSDT,SELL,LIMIT,1701069832099,99.9,3.206
DYDXUSDT,SELL,LIMIT,1701069834714,5.9,3.204
DYDXUSDT,SELL,LIMIT,1701069846544,600.0,3.203
DYDXUSDT,SELL,LIMIT,1701069855202,10.0,3.202
DYDXUSDT,SELL,LIMIT,1701069856603,260.0,3.201
DYDXUSDT,SELL,LIMIT,1701069870838,3971.5,3.180
DYDXUSDT,SELL,LIMIT,1701069877805,4.6,3.200
DYDXUSDT,SELL,LIMIT,1701069879104,96.1,3.199
DYDXUSDT,SELL,LIMIT,1701069880296,751.0,3.198
DYDXUSDT,SELL,LIMIT,1701069881379,107.8,3.195
DYDXUSDT,SELL,LIMIT,1701069882686,201.5,3.195
DYDXUSDT,SELL,LIMIT,1701069885359,1346.2,3.194
DYDXUSDT,SELL,LIMIT,1701069886508,123.4,3.193
DYDXUSDT,SELL,LIMIT,1701069895963,107.0,3.193
DYDXUSDT,SELL,LIMIT,1701069897461,74.2,3.192
DYDXUSDT,SELL,LIMIT,1701069899999,52.5,3.192
DYDXUSDT,SELL,LIMIT,1701069901868,1145.5,3.192
DYDXUSDT,SELL,LIMIT,1701069993394,7.1,3.189
DYDXUSDT,SELL,LIMIT,1701070063913,22.3,3.190
DYDXUSDT,SELL,LIMIT,1701070166082,687.2,3.184
DYDXUSDT,SELL,LIMIT,1701070167138,6559.7,3.160
DYDXUSDT,SELL,LIMIT,1701070168179,311.1,3.179
DYDXUSDT,SELL,LIMIT,1701070169220,56.7,3.181
DYDXUSDT,SELL,LIMIT,1701070170248,15.0,3.178
DYDXUSDT,SELL,LIMIT,1701070171276,30641.1,3.138
DYDXUSDT,SELL,LIMIT,1701070173073,115.9,3.173
DYDXUSDT,SELL,LIMIT,1701070174167,21.4,3.175
DYDXUSDT,SELL,LIMIT,1701070439512,85.6,3.181
DYDXUSDT,SELL,LIMIT,1701070442192,29.5,3.182
DYDXUSDT,SELL,LIMIT,1701071228898,3.3,3.220
DYDXUSDT,BUY,LIMIT,1701072012314,292.7,3.295
DYDXUSDT,BUY,LIMIT,1701076780328,1270.6,3.302
DYDXUSDT,SELL,LIMIT,1701077399082,15.2,3.230
DYDXUSDT,BUY,LIMIT,1701078762764,34.2,3.310
DYDXUSDT,SELL,LIMIT,1701080708268,2.7,3.217
DYDXUSDT,SELL,LIMIT,1701080766216,15.4,3.211
DYDXUSDT,SELL,LIMIT,1701081134855,105.4,3.208
DYDXUSDT,SELL,LIMIT,1701081280702,3.5,3.204
DYDXUSDT,SELL,LIMIT,1701081328455,190.4,3.203
DYDXUSDT,SELL,LIMIT,1701081422150,58.2,3.204
DYDXUSDT,SELL,LIMIT,1701081426952,9.1,3.200
DYDXUSDT,SELL,LIMIT,1701081440057,153.9,3.195
DYDXUSDT,SELL,LIMIT,1701081446474,8.1,3.194
DYDXUSDT,SELL,LIMIT,1701081452093,195.7,3.190
DYDXUSDT,SELL,LIMIT,1701081490176,12.2,3.185
DYDXUSDT,SELL,LIMIT,1701081491212,1.6,3.183
DYDXUSDT,SELL,LIMIT,1701081580229,8.8,3.190
DYDXUSDT,SELL,LIMIT,1701082020240,200.0,3.192
DYDXUSDT,SELL,LIMIT,1701082067302,339.2,3.195
DYDXUSDT,SELL,LIMIT,1701082124569,770.8,3.193
DYDXUSDT,SELL,LIMIT,1701082483039,254.8,3.193
DYDXUSDT,SELL,LIMIT,1701082672168,1105.2,3.186
DYDXUSDT,SELL,LIMIT,1701082687202,427.1,3.183
DYDXUSDT,SELL,LIMIT,1701082692054,95.5,3.182
DYDXUSDT,SELL,LIMIT,1701082696926,14.5,3.181
DYDXUSDT,SELL,LIMIT,1701082704561,30.8,3.179
DYDXUSDT,SELL,LIMIT,1701084911443,542.1,3.179
DYDXUSDT,SELL,LIMIT,1701084921288,46.0,3.176
DYDXUSDT,SELL,LIMIT,1701084931835,139.0,3.174
DYDXUSDT,SELL,LIMIT,1701085910616,42.0,3.209
DYDXUSDT,SELL,LIMIT,1701087398723,110.2,3.195
DYDXUSDT,SELL,LIMIT,1701089963530,16.9,3.183
DYDXUSDT,SELL,LIMIT,1701090136223,300.0,3.188
DYDXUSDT,SELL,LIMIT,1701091161536,64.9,3.173
DYDXUSDT,SELL,LIMIT,1701091163244,848.2,3.172
DYDXUSDT,SELL,LIMIT,1701091164243,30.2,3.172
DYDXUSDT,SELL,LIMIT,1701092747467,57.5,3.171
DYDXUSDT,SELL,LIMIT,1701092751314,319.8,3.170
DYDXUSDT,SELL,LIMIT,1701093060675,3.8,3.170
DYDXUSDT,SELL,LIMIT,1701093074233,89.7,3.169
DYDXUSDT,SELL,LIMIT,1701093075395,305.0,3.169
DYDXUSDT,SELL,LIMIT,1701093076664,886.7,3.164
DYDXUSDT,SELL,LIMIT,1701093077853,50.8,3.161
DYDXUSDT,SELL,LIMIT,1701093106846,153.5,3.160
DYDXUSDT,SELL,LIMIT,1701093108062,52.1,3.159
DYDXUSDT,SELL,LIMIT,1701093109460,28.5,3.159
DYDXUSDT,SELL,LIMIT,1701093110605,1.9,3.155
DYDXUSDT,SELL,LIMIT,1701093111739,399.0,3.154
DYDXUSDT,SELL,LIMIT,1701093113036,32.4,3.150
DYDXUSDT,SELL,LIMIT,1701093116296,210.1,3.148
DYDXUSDT,SELL,LIMIT,1701093118012,97.1,3.147
DYDXUSDT,SELL,LIMIT,1701093120254,570.8,3.145
DYDXUSDT,SELL,LIMIT,1701093137411,600.0,3.144
DYDXUSDT,BUY,LIMIT,1701093839673,62.3,3.273
DYDXUSDT,SELL,LIMIT,1701094692091,19.7,3.173
DYDXUSDT,SELL,LIMIT,1701094709641,31.4,3.163
DYDXUSDT,SELL,LIMIT,1701094972233,4.8,3.160
DYDXUSDT,SELL,LIMIT,1701094985519,331.7,3.159
DYDXUSDT,SELL,LIMIT,1701094993988,1542.8,3.157
DYDXUSDT,SELL,LIMIT,1701095332033,31.5,3.162
DYDXUSDT,SELL,LIMIT,1701095543236,385.9,3.152
DYDXUSDT,SELL,LIMIT,1701095553061,1270.7,3.149
DYDXUSDT,SELL,LIMIT,1701096791392,307.0,3.144
DYDXUSDT,SELL,LIMIT,1701096795441,440.1,3.145
DYDXUSDT,SELL,LIMIT,1701096797345,12.2,3.144
DYDXUSDT,SELL,LIMIT,1701096801101,128.0,3.141
DYDXUSDT,SELL,LIMIT,1701096968707,50.1,3.139
DYDXUSDT,SELL,LIMIT,1701096969768,2895.9,3.123
DYDXUSDT,SELL,LIMIT,1701096998283,617.8,3.137
DYDXUSDT,SELL,LIMIT,1701097010814,462.3,3.136
DYDXUSDT,SELL,LIMIT,1701097016490,43.6,3.135
DYDXUSDT,SELL,LIMIT,1701097042238,14.8,3.131
DYDXUSDT,SELL,LIMIT,1701097044037,20.0,3.127
DYDXUSDT,SELL,LIMIT,1701097045092,96.8,3.128
DYDXUSDT,SELL,LIMIT,1701097065380,12.4,3.124
DYDXUSDT,SELL,LIMIT,1701097066534,9.2,3.123
DYDXUSDT,SELL,LIMIT,1701097070592,146.6,3.120
DYDXUSDT,SELL,LIMIT,1701097071609,8735.3,3.093
DYDXUSDT,SELL,LIMIT,1701097072901,243.5,3.118
DYDXUSDT,SELL,LIMIT,1701097099517,252.4,3.117
DYDXUSDT,SELL,LIMIT,1701097100995,1.9,3.117
DYDXUSDT,SELL,LIMIT,1701097102517,25.9,3.116
DYDXUSDT,SELL,LIMIT,1701100120132,163.3,3.168
DYDXUSDT,SELL,LIMIT,1701100143318,15.4,3.148
DYDXUSDT,SELL,LIMIT,1701100165081,2.3,3.143
DYDXUSDT,SELL,LIMIT,1701100281570,3.0,3.228
DYDXUSDT,SELL,LIMIT,1701100537109,22.6,3.136
DYDXUSDT,SELL,LIMIT,1701100570086,406.8,3.131
DYDXUSDT,SELL,LIMIT,1701100575629,542.5,3.123
DYDXUSDT,SELL,LIMIT,1701100590633,712.3,3.125
DYDXUSDT,SELL,LIMIT,1701100594387,31.2,3.125
DYDXUSDT,SELL,LIMIT,1701100624207,357.7,3.121
DYDXUSDT,SELL,LIMIT,1701100633481,25.0,3.116
DYDXUSDT,SELL,LIMIT,1701100640298,102.7,3.135
DYDXUSDT,SELL,LIMIT,1701101000328,66.1,3.169
DYDXUSDT,SELL,LIMIT,1701101004520,26.5,3.155
DYDXUSDT,SELL,LIMIT,1701101007837,14.6,3.132
DYDXUSDT,BUY,LIMIT,1701102010615,10.0,3.229
DYDXUSDT,SELL,LIMIT,1701102047754,14.1,3.160
DYDXUSDT,SELL,LIMIT,1701102055598,68.6,3.158
DYDXUSDT,SELL,LIMIT,1701104216796,1000.0,3.169
DYDXUSDT,BUY,LIMIT,1701104735480,12.7,3.247
DYDXUSDT,BUY,LIMIT,1701104833505,2.3,3.252
DYDXUSDT,SELL,LIMIT,1701107254250,62.0,3.158
DYDXUSDT,SELL,LIMIT,1701107389226,216.9,3.156
DYDXUSDT,SELL,LIMIT,1701107456067,4.5,3.145
DYDXUSDT,SELL,LIMIT,1701107620254,4.6,3.137
DYDXUSDT,SELL,LIMIT,1701107629280,2.6,3.136
DYDXUSDT,SELL,LIMIT,1701107638239,773.3,3.132
DYDXUSDT,SELL,LIMIT,1701111057446,73.1,3.156
DYDXUSDT,SELL,LIMIT,1701111925765,93.5,3.140
DYDXUSDT,SELL,LIMIT,1701112120351,46.4,3.131
DYDXUSDT,SELL,LIMIT,1701112159192,30.0,3.129
DYDXUSDT,SELL,LIMIT,1701112776288,23.0,3.140
DYDXUSDT,SELL,LIMIT,1701114162465,3.0,3.125
DYDXUSDT,SELL,LIMIT,1701114163682,85.6,3.123
DYDXUSDT,SELL,LIMIT,1701114205295,3.1,3.123
DYDXUSDT,SELL,LIMIT,1701114218370,32.6,3.121
DYDXUSDT,SELL,LIMIT,1701114229270,4.0,3.121
DYDXUSDT,SELL,LIMIT,1701114230368,211.9,3.121
DYDXUSDT,SELL,LIMIT,1701114232981,129.0,3.119
DYDXUSDT,SELL,LIMIT,1701114234207,48.7,3.127
DYDXUSDT,SELL,LIMIT,1701114237067,60.0,3.117
DYDXUSDT,SELL,LIMIT,1701114263717,1554.6,3.112
DYDXUSDT,SELL,LIMIT,1701114265343,69.2,3.112
DYDXUSDT,SELL,LIMIT,1701114278228,79.7,3.112
DYDXUSDT,SELL,LIMIT,1701114280440,40.0,3.108
DYDXUSDT,SELL,LIMIT,1701114343100,280.6,3.106
DYDXUSDT,SELL,LIMIT,1701114344762,85.3,3.106
DYDXUSDT,SELL,LIMIT,1701114346157,724.1,3.105
DYDXUSDT,SELL,LIMIT,1701114352616,43.3,3.104
DYDXUSDT,SELL,LIMIT,1701114354187,308.6,3.101
DYDXUSDT,SELL,LIMIT,1701114356247,7.1,3.100
DYDXUSDT,SELL,LIMIT,1701114357390,2.2,3.097
DYDXUSDT,SELL,LIMIT,1701114359911,12.6,3.098
DYDXUSDT,SELL,LIMIT,1701114467277,1176.4,3.097
DYDXUSDT,SELL,LIMIT,1701114468449,32.8,3.096
DYDXUSDT,SELL,LIMIT,1701114469750,390.6,3.095
DYDXUSDT,SELL,LIMIT,1701114471125,41912.3,3.055
DYDXUSDT,SELL,LIMIT,1701114472149,163.5,3.089
DYDXUSDT,SELL,LIMIT,1701114473155,29.5,3.094
DYDXUSDT,SELL,LIMIT,1701114474554,17.6,3.089
DYDXUSDT,SELL,LIMIT,1701114475612,100.0,3.088
DYDXUSDT,SELL,LIMIT,1701114476883,1429.3,3.088
DYDXUSDT,SELL,LIMIT,1701114478359,3874.8,3.069
DYDXUSDT,SELL,LIMIT,1701114480752,30.8,3.086
DYDXUSDT,SELL,LIMIT,1701114487868,4.2,3.086
DYDXUSDT,SELL,LIMIT,1701114493492,27.5,3.085
DYDXUSDT,SELL,LIMIT,1701114494670,223.1,3.084
DYDXUSDT,SELL,LIMIT,1701114496060,29.9,3.083
DYDXUSDT,SELL,LIMIT,1701116768146,114.2,3.114
DYDXUSDT,SELL,LIMIT,1701116810678,90.7,3.110
DYDXUSDT,SELL,LIMIT,1701116888036,50.9,3.107
DYDXUSDT,SELL,LIMIT,1701116916051,22.6,3.105
DYDXUSDT,SELL,LIMIT,1701117187250,9.2,3.111
DYDXUSDT,SELL,LIMIT,1701121758262,7.8,3.165
DYDXUSDT,SELL,LIMIT,1701121766810,53.8,3.149
DYDXUSDT,BUY,LIMIT,1701122223110,5.5,3.170
DYDXUSDT,SELL,LIMIT,1701122226228,19.3,3.147
DYDXUSDT,BUY,LIMIT,1701123160285,193.8,3.196
DYDXUSDT,SELL,LIMIT,1701123238233,20.0,3.143
DYDXUSDT,SELL,LIMIT,1701123500622,1568.3,3.126
DYDXUSDT,BUY,LIMIT,1701126564629,3.1,3.235
DYDXUSDT,BUY,LIMIT,1701127583140,100.0,3.252
DYDXUSDT,BUY,LIMIT,1701129142309,63.2,3.253
DYDXUSDT,SELL,LIMIT,1701129658761,14.7,3.192
DYDXUSDT,SELL,LIMIT,1701133621697,42.4,3.170
DYDXUSDT,SELL,LIMIT,1701134663055,7.3,3.157
DYDXUSDT,SELL,LIMIT,1701134784263,642.9,3.157
DYDXUSDT,SELL,LIMIT,1701135018399,107.2,3.153
DYDXUSDT,SELL,LIMIT,1701136930808,163.7,3.140
DYDXUSDT,SELL,LIMIT,1701137006777,1554.6,3.135
DYDXUSDT,SELL,LIMIT,1701137212766,858.0,3.121
DYDXUSDT,SELL,LIMIT,1701137240676,210.8,3.119
DYDXUSDT,SELL,LIMIT,1701137315841,123.1,3.116
DYDXUSDT,SELL,LIMIT,1701137393548,3.7,3.118
DYDXUSDT,SELL,LIMIT,1701137572503,717.8,3.109
DYDXUSDT,SELL,LIMIT,1701144389393,99.4,3.100
DYDXUSDT,SELL,LIMIT,1701145565099,1.6,7.297
DYDXUSDT,SELL,LIMIT,1701145768519,51898.5,3.058
DYDXUSDT,SELL,LIMIT,1701146007143,4.1,3.090
DYDXUSDT,SELL,LIMIT,1701146009072,593.1,3.088
DYDXUSDT,SELL,LIMIT,1701146012290,6.3,3.086
DYDXUSDT,SELL,LIMIT,1701146014290,139.3,3.085
DYDXUSDT,SELL,LIMIT,1701146212216,350.8,3.080
DYDXUSDT,SELL,LIMIT,1701146213306,1401.4,3.080
DYDXUSDT,SELL,LIMIT,1701146537117,40.2,3.079
DYDXUSDT,SELL,LIMIT,1701146541242,80.8,3.078
DYDXUSDT,SELL,LIMIT,1701146566114,20.1,3.077
DYDXUSDT,SELL,LIMIT,1701146599181,462.3,3.076
DYDXUSDT,SELL,LIMIT,1701146606144,2.6,3.076
DYDXUSDT,SELL,LIMIT,1701146608432,467.8,3.075
DYDXUSDT,SELL,LIMIT,1701146610059,4.1,3.074
DYDXUSDT,SELL,LIMIT,1701146612295,265.8,3.074
DYDXUSDT,SELL,LIMIT,1701146613761,12000.0,3.045
DYDXUSDT,SELL,LIMIT,1701146615160,48.1,3.069
DYDXUSDT,SELL,LIMIT,1701146617098,325.7,3.066
DYDXUSDT,SELL,LIMIT,1701146618237,376.0,3.066
DYDXUSDT,SELL,LIMIT,1701146619407,33.1,3.064
DYDXUSDT,SELL,LIMIT,1701146972130,45.4,3.064
DYDXUSDT,SELL,LIMIT,1701147177180,308.0,3.061
DYDXUSDT,SELL,LIMIT,1701147178268,56.6,3.058
DYDXUSDT,SELL,LIMIT,1701147187592,180.4,3.055
DYDXUSDT,SELL,LIMIT,1701147188656,215.5,3.054
DYDXUSDT,SELL,LIMIT,1701147196286,38.1,3.051
DYDXUSDT,SELL,LIMIT,1701147197420,15.8,3.048
DYDXUSDT,SELL,LIMIT,1701147199983,237.9,3.048
DYDXUSDT,SELL,LIMIT,1701147225196,28.8,3.047
DYDXUSDT,SELL,LIMIT,1701147797464,32.4,3.063
DYDXUSDT,SELL,LIMIT,1701147924234,5.7,3.050
DYDXUSDT,SELL,LIMIT,1701148008747,30.0,3.050
DYDXUSDT,SELL,LIMIT,1701148242201,12.3,3.046
DYDXUSDT,SELL,LIMIT,1701148246960,87.4,3.045
DYDXUSDT,SELL,LIMIT,1701148256939,231.4,3.045
DYDXUSDT,SELL,LIMIT,1701148493407,13.2,3.044
DYDXUSDT,SELL,LIMIT,1701148495348,82.8,3.043
DYDXUSDT,SELL,LIMIT,1701148496492,9.1,3.042
DYDXUSDT,SELL,LIMIT,1701148534603,26.9,3.040
DYDXUSDT,SELL,LIMIT,1701148839576,27.3,3.039
DYDXUSDT,SELL,LIMIT,1701148849355,193.9,3.037
DYDXUSDT,SELL,LIMIT,1701148851340,44.4,3.036
DYDXUSDT,SELL,LIMIT,1701148935425,220.7,3.033
DYDXUSDT,SELL,LIMIT,1701148936571,14.9,3.032
DYDXUSDT,SELL,LIMIT,1701148938073,1482.1,3.031
DYDXUSDT,SELL,LIMIT,1701149092544,376.4,3.031
DYDXUSDT,SELL,LIMIT,1701149111485,377.4,3.033
DYDXUSDT,SELL,LIMIT,1701149732263,5.1,3.034
DYDXUSDT,SELL,LIMIT,1701149761260,11.1,3.031
DYDXUSDT,SELL,LIMIT,1701149771344,30.0,3.032
DYDXUSDT,SELL,LIMIT,1701149772987,85.5,3.032
DYDXUSDT,SELL,LIMIT,1701149778274,133.2,3.029
DYDXUSDT,SELL,LIMIT,1701149779502,39.6,3.028
DYDXUSDT,SELL,LIMIT,1701149782126,68.2,3.033
DYDXUSDT,SELL,LIMIT,1701149822055,12.7,3.027
DYDXUSDT,SELL,LIMIT,1701149823458,400.0,3.026
DYDXUSDT,SELL,LIMIT,1701149845348,341.8,3.025
DYDXUSDT,SELL,LIMIT,1701149847741,122.6,3.022
DYDXUSDT,SELL,LIMIT,1701149851814,392.7,3.021
DYDXUSDT,SELL,LIMIT,1701149853704,14.7,3.021
DYDXUSDT,SELL,LIMIT,1701149890109,57.9,3.020
DYDXUSDT,SELL,LIMIT,1701149892067,257.4,3.020
DYDXUSDT,SELL,LIMIT,1701151263083,746.4,3.028
DYDXUSDT,BUY,LIMIT,1701154433044,535.7,3.131
DYDXUSDT,BUY,LIMIT,1701155196460,4.1,3.137
DYDXUSDT,BUY,LIMIT,1701155265162,123.5,3.145
DYDXUSDT,SELL,LIMIT,1701156228850,4.0,3.069
DYDXUSDT,SELL,LIMIT,1701156561122,2.8,3.069
DYDXUSDT,SELL,LIMIT,1701156562590,513.8,3.065
DYDXUSDT,SELL,LIMIT,1701156639230,13139.2,3.043
DYDXUSDT,SELL,LIMIT,1701156645884,216.9,3.070
DYDXUSDT,BUY,LIMIT,1701157118068,138.0,3.160
DYDXUSDT,BUY,LIMIT,1701157317123,1.9,3.186
DYDXUSDT,BUY,LIMIT,1701157383898,177.4,3.191
DYDXUSDT,BUY,LIMIT,1701157472180,151.7,3.206
DYDXUSDT,BUY,LIMIT,1701157476026,45.9,3.209
DYDXUSDT,BUY,LIMIT,1701157496047,5256.3,3.235
DYDXUSDT,SELL,LIMIT,1701157764200,140.8,3.118
DYDXUSDT,BUY,LIMIT,1701157981255,177.5,3.214
DYDXUSDT,BUY,LIMIT,1701159675550,286.0,3.209
DYDXUSDT,BUY,LIMIT,1701159713973,643.5,3.223
DYDXUSDT,BUY,LIMIT,1701160463399,1.9,3.228
DYDXUSDT,BUY,LIMIT,1701160528567,923.4,3.237
DYDXUSDT,BUY,LIMIT,1701160554743,1195.0,3.241
DYDXUSDT,BUY,LIMIT,1701160584135,2737.3,3.263
DYDXUSDT,BUY,LIMIT,1701160781351,70.1,3.255
DYDXUSDT,BUY,LIMIT,1701160782586,6.4,3.255
DYDXUSDT,BUY,LIMIT,1701160790353,39.5,3.258
DYDXUSDT,BUY,LIMIT,1701160802109,1239.8,3.260
DYDXUSDT,SELL,LIMIT,1701161639314,132.2,3.146
DYDXUSDT,SELL,LIMIT,1701162585791,618.5,3.127
DYDXUSDT,BUY,LIMIT,1701164448628,51.2,3.228
DYDXUSDT,BUY,LIMIT,1701164742056,167.6,3.232
DYDXUSDT,BUY,LIMIT,1701171026330,145.1,3.251
DYDXUSDT,BUY,LIMIT,1701171042344,158.8,3.251
DYDXUSDT,BUY,LIMIT,1701171062077,65.3,3.254
DYDXUSDT,SELL,LIMIT,1701173450780,55.1,3.169
DYDXUSDT,SELL,LIMIT,1701173711307,1031.0,3.162
DYDXUSDT,SELL,LIMIT,1701174186103,322.9,3.153
DYDXUSDT,BUY,LIMIT,1701177326244,129.3,3.255
DYDXUSDT,BUY,LIMIT,1701177378161,18.5,3.262
DYDXUSDT,BUY,LIMIT,1701177668294,31.3,3.267
DYDXUSDT,BUY,LIMIT,1701177672548,12.9,3.268
DYDXUSDT,BUY,LIMIT,1701177844622,48.5,3.274
DYDXUSDT,BUY,LIMIT,1701177865685,8.6,3.276
DYDXUSDT,BUY,LIMIT,1701177893708,14.0,3.276
DYDXUSDT,BUY,LIMIT,1701178016105,7.6,3.277
DYDXUSDT,BUY,LIMIT,1701178027149,775.4,3.279
DYDXUSDT,BUY,LIMIT,1701178048815,68.5,3.281
DYDXUSDT,BUY,LIMIT,1701178129680,15.0,3.291
DYDXUSDT,BUY,LIMIT,1701178162854,296.2,3.293
DYDXUSDT,BUY,LIMIT,1701178439792,6588.3,3.322
DYDXUSDT,SELL,LIMIT,1701179311721,3.0,3.197
