Symbol,Side,Order Type,Time,Quantity,Price
EDUUSDT,SELL,LIMIT,1701067862443,415,0.5753681
EDUUSDT,SELL,LIMIT,1701069577430,146,0.5713299
EDUUSDT,SELL,LIMIT,1701069598746,8547,0.5715956
EDUUSDT,SELL,LIMIT,1701069812170,1146,0.5704237
EDUUSDT,SELL,LIMIT,1701069833103,218,0.5702401
EDUUSDT,SELL,LIMIT,1701069878048,3220,0.5688675
EDUUSDT,SELL,LIMIT,1701069917969,437,0.5670998
EDUUSDT,BUY,LIMIT,1701080955636,5499,0.6118800
EDUUSDT,BUY,LIMIT,1701080959735,100,0.6246310
EDUUSDT,BUY,LIMIT,1701080964398,4418,0.6258523
EDUUSDT,BUY,LIMIT,1701080966142,1022,0.6268545
EDUUSDT,BUY,LIMIT,1701080967739,1869,0.6289160
EDUUSDT,BUY,LIMIT,1701080969656,1869,0.6300218
EDUUSDT,BUY,LIMIT,1701080970682,1869,0.6303678
EDUUSDT,BUY,LIMIT,1701080976382,1869,0.6305182
EDUUSDT,BUY,LIMIT,1701080981083,1869,0.6315339
EDUUSDT,BUY,LIMIT,1701080983741,1335,0.6334007
EDUUSDT,BUY,LIMIT,1701080985926,8742,0.6371538
EDUUSDT,BUY,LIMIT,1701080987153,3430,0.6370089
EDUUSDT,BUY,LIMIT,1701080999704,100,0.6417911
EDUUSDT,BUY,LIMIT,1701081015051,384,0.6463127
EDUUSDT,BUY,LIMIT,1701081038385,16,0.6531468
EDUUSDT,BUY,LIMIT,1701081053800,154,0.6582809
EDUUSDT,BUY,LIMIT,1701081057356,105,0.6595507
EDUUSDT,SELL,LIMIT,1701081066668,11,0.6348739
EDUUSDT,BUY,LIMIT,1701081082042,4996,0.6630680
EDUUSDT,BUY,LIMIT,1701081085376,699,0.6664883
EDUUSDT,SELL,LIMIT,1701081114385,761,0.6437746
EDUUSDT,SELL,LIMIT,1701081125205,76,0.6402111
EDUUSDT,SELL,LIMIT,1701081154894,771,0.6366388
EDUUSDT,SELL,LIMIT,1701081164773,150,0.6318757
EDUUSDT,SELL,LIMIT,1701081180345,111,0.6333051
EDUUSDT,SELL,LIMIT,1701081186562,2326,0.6312157
EDUUSDT,BUY,LIMIT,1701081222915,884,0.6557314
EDUUSDT,BUY,LIMIT,1701081318752,668,0.6621657
EDUUSDT,BUY,LIMIT,1701081372536,749,0.6630689
EDUUSDT,SELL,LIMIT,1701081395075,1863,0.6460179
EDUUSDT,BUY,LIMIT,1701081416856,138,0.6693925
EDUUSDT,SELL,LIMIT,1701081439043,232,0.6458313
EDUUSDT,SELL,LIMIT,1701081445291,1013,0.6449782
EDUUSDT,SELL,LIMIT,1701081467675,293,0.6417700
EDUUSDT,SELL,LIMIT,1701081496772,6975,0.6385929
EDUUSDT,SELL,LIMIT,1701081518308,890,0.6359539
EDUUSDT,SELL,LIMIT,1701081612079,1547,0.6325807
EDUUSDT,SELL,LIMIT,1701081620091,1465,0.6302532
EDUUSDT,SELL,LIMIT,1701081642417,883,0.6273256
EDUUSDT,SELL,LIMIT,1701081649135,8,0.6258827
EDUUSDT,SELL,LIMIT,1701081685402,1255,0.6247726
EDUUSDT,SELL,LIMIT,1701081686464,155,0.6244691
EDUUSDT,SELL,LIMIT,1701081688502,400,0.6240352
EDUUSDT,BUY,LIMIT,1701081710648,81,0.6474707
EDUUSDT,SELL,LIMIT,1701081783714,6639,0.6270212
EDUUSDT,BUY,LIMIT,1701081934029,3923,0.6488956
EDUUSDT,BUY,LIMIT,1701081985720,277,0.6562694
EDUUSDT,SELL,LIMIT,1701082092165,4650,0.6321673
EDUUSDT,SELL,LIMIT,1701082110844,7312,0.6297305
EDUUSDT,SELL,LIMIT,1701082112745,344,0.6291239
EDUUSDT,SELL,LIMIT,1701082157473,391,0.6263774
EDUUSDT,SELL,LIMIT,1701082216139,48,0.6240415
EDUUSDT,SELL,LIMIT,1701082290131,748,0.6214683
EDUUSDT,SELL,LIMIT,1701082297020,526,0.6205714
EDUUSDT,SELL,LIMIT,1701082298057,10516,0.6181730
EDUUSDT,SELL,LIMIT,1701082299141,246,0.6199389
EDUUSDT,SELL,LIMIT,1701082300385,1985,0.6193649
EDUUSDT,SELL,LIMIT,1701082333616,212,0.6189651
EDUUSDT,SELL,LIMIT,1701082342005,9,0.6187948
EDUUSDT,SELL,LIMIT,1701082344968,7391,0.6171567
EDUUSDT,SELL,LIMIT,1701082353852,1115,0.6169652
EDUUSDT,SELL,LIMIT,1701082396968,92,0.6144735
EDUUSDT,SELL,LIMIT,1701082530329,761,0.6178812
EDUUSDT,SELL,LIMIT,1701082561764,278,0.6147507
EDUUSDT,SELL,LIMIT,1701082564628,1261,0.6140440
EDUUSDT,BUY,LIMIT,1701082787514,146,0.6445270
EDUUSDT,BUY,LIMIT,1701082788553,396,0.6447175
EDUUSDT,BUY,LIMIT,1701083181854,72,0.6436137
EDUUSDT,SELL,LIMIT,1701083275098,585,0.6214239
EDUUSDT,BUY,LIMIT,1701083570575,932,0.6479761
EDUUSDT,BUY,LIMIT,1701083622192,84,0.6501965
EDUUSDT,SELL,LIMIT,1701083911595,3694,0.6276222
EDUUSDT,SELL,LIMIT,1701084276675,293,0.6263604
EDUUSDT,SELL,LIMIT,1701084687470,665,0.6188451
EDUUSDT,SELL,LIMIT,1701084800602,3129,0.6176666
EDUUSDT,SELL,LIMIT,1701084881271,31,0.6144130
EDUUSDT,SELL,LIMIT,1701084883548,458,0.6138807
EDUUSDT,SELL,LIMIT,1701084884832,7983,0.6136901
EDUUSDT,SELL,LIMIT,1701085209115,89,0.6120537
EDUUSDT,SELL,LIMIT,1701085218167,46,0.6109497
EDUUSDT,SELL,LIMIT,1701085219337,1780,0.6098088
EDUUSDT,SELL,LIMIT,1701086177337,159,0.6116514
EDUUSDT,SELL,LIMIT,1701086321413,30,0.6103960
EDUUSDT,SELL,LIMIT,1701086368341,626,0.6091899
EDUUSDT,SELL,LIMIT,1701086379199,415,0.6080356
EDUUSDT,SELL,LIMIT,1701086392872,2785,0.6076547
EDUUSDT,SELL,LIMIT,1701086394417,83,0.6074055
EDUUSDT,SELL,LIMIT,1701086397046,519,0.6068706
EDUUSDT,BUY,LIMIT,1701086467580,812,0.6276141
EDUUSDT,SELL,LIMIT,1701087318358,9,0.6087043
EDUUSDT,SELL,LIMIT,1701087349205,7909,0.6054982
EDUUSDT,SELL,LIMIT,1701087355074,64,0.6046421
EDUUSDT,SELL,LIMIT,1701087356254,7919,0.6039572
EDUUSDT,SELL,LIMIT,1701087383121,1517,0.6030819
EDUUSDT,SELL,LIMIT,1701087388752,2512,0.6028058
EDUUSDT,SELL,LIMIT,1701088026074,3979,0.6040705
EDUUSDT,SELL,LIMIT,1701088033748,83,0.6037227
EDUUSDT,SELL,LIMIT,1701088407627,1472,0.6001851
EDUUSDT,SELL,LIMIT,1701088557503,1074,0.5998366
EDUUSDT,SELL,LIMIT,1701088559625,5290,0.5996141
EDUUSDT,SELL,LIMIT,1701088562743,1045,0.5986206
EDUUSDT,SELL,LIMIT,1701088755050,44,0.5970302
EDUUSDT,BUY,LIMIT,1701089707863,2856,0.6203611
EDUUSDT,SELL,LIMIT,1701090271130,2824,0.5966408
EDUUSDT,SELL,LIMIT,1701090273927,4047,0.5959699
EDUUSDT,BUY,LIMIT,1701090463088,431,0.6168137
EDUUSDT,SELL,LIMIT,1701091015063,6400,0.5938751
EDUUSDT,SELL,LIMIT,1701092102261,466,0.5925310
EDUUSDT,SELL,LIMIT,1701092555110,505,0.5908694
EDUUSDT,SELL,LIMIT,1701092556424,2545,0.5908524
EDUUSDT,SELL,LIMIT,1701092558243,242,0.5903388
EDUUSDT,SELL,LIMIT,1701092560326,9,0.5899526
EDUUSDT,SELL,LIMIT,1701092958571,7108,0.5887860
EDUUSDT,SELL,LIMIT,1701092991572,1014,0.5877360
EDUUSDT,SELL,LIMIT,1701092994462,44,0.5872443
EDUUSDT,SELL,LIMIT,1701093058701,454,0.5854914
EDUUSDT,SELL,LIMIT,1701093071767,1289,0.5839083
EDUUSDT,SELL,LIMIT,1701093075073,700,0.5826236
EDUUSDT,SELL,LIMIT,1701093076348,131,0.5838111
EDUUSDT,SELL,LIMIT,1701093115605,2450,0.5813741
EDUUSDT,SELL,LIMIT,1701094573650,3059,0.5810836
EDUUSDT,SELL,LIMIT,1701094576182,312,0.5809664
EDUUSDT,SELL,LIMIT,1701094587043,2275,0.5808092
EDUUSDT,SELL,LIMIT,1701094592980,21389,0.5767498
EDUUSDT,SELL,LIMIT,1701094594476,8451,0.5779390
EDUUSDT,SELL,LIMIT,1701094642834,492,0.5777228
EDUUSDT,SELL,LIMIT,1701094649063,30,0.5771372
EDUUSDT,SELL,LIMIT,1701094710270,2828,0.5765943
EDUUSDT,SELL,LIMIT,1701094823235,1267,0.5758574
EDUUSDT,SELL,LIMIT,1701094826072,9271,0.5751736
EDUUSDT,SELL,LIMIT,1701094846037,330,0.5743960
EDUUSDT,SELL,LIMIT,1701094848569,8134,0.5741911
EDUUSDT,SELL,LIMIT,1701095006704,4000,0.5730731
EDUUSDT,SELL,LIMIT,1701095008103,40,0.5730418
EDUUSDT,SELL,LIMIT,1701095214510,7980,0.5716271
EDUUSDT,SELL,LIMIT,1701095224873,214,0.5706834
EDUUSDT,SELL,LIMIT,1701095230041,2657,0.5701444
EDUUSDT,SELL,LIMIT,1701095244801,4979,0.5695592
EDUUSDT,SELL,LIMIT,1701095332033,179,0.5693798
EDUUSDT,SELL,LIMIT,1701095338347,226,0.5692673
EDUUSDT,BUY,LIMIT,1701096320254,9,0.5917708
EDUUSDT,SELL,LIMIT,1701096960011,16841,0.5644317
EDUUSDT,SELL,LIMIT,1701096961540,177,0.5667833
EDUUSDT,SELL,LIMIT,1701097096458,652,0.5657098
EDUUSDT,SELL,LIMIT,1701097804545,10,0.5692483
EDUUSDT,BUY,LIMIT,1701100227615,8631,0.5908683
EDUUSDT,BUY,LIMIT,1701100256575,367,0.5940080
EDUUSDT,BUY,LIMIT,1701100356467,51,0.6011721
EDUUSDT,BUY,LIMIT,1701100459611,382,0.6053566
EDUUSDT,BUY,LIMIT,1701100463956,161,0.6086050
EDUUSDT,SELL,LIMIT,1701100529450,1061,0.5956366
EDUUSDT,SELL,LIMIT,1701100546115,80,0.6054936
EDUUSDT,SELL,LIMIT,1701100565155,1385,0.6032951
EDUUSDT,SELL,LIMIT,1701100633629,1474,0.5916061
EDUUSDT,BUY,LIMIT,1701100690859,9335,0.6155162
EDUUSDT,BUY,LIMIT,1701100706603,500,0.6165821
EDUUSDT,BUY,LIMIT,1701100712416,31,0.6171809
EDUUSDT,BUY,LIMIT,1701100724095,5605,0.6183240
EDUUSDT,BUY,LIMIT,1701100821576,61,0.6184067
EDUUSDT,SELL,LIMIT,1701101007837,16,0.6005833
EDUUSDT,SELL,LIMIT,1701101043926,626,0.6079037
EDUUSDT,SELL,LIMIT,1701101117989,1501,0.5979221
EDUUSDT,SELL,LIMIT,1701101120736,186,0.5974320
EDUUSDT,SELL,LIMIT,1701101132443,329,0.5945004
EDUUSDT,SELL,LIMIT,1701102563628,86,0.5999510
EDUUSDT,BUY,LIMIT,1701102641144,2227,0.6225937
EDUUSDT,SELL,LIMIT,1701103320254,12,0.5982881
EDUUSDT,SELL,LIMIT,1701103359816,4410,0.5982544
EDUUSDT,SELL,LIMIT,1701103471919,6410,0.5967865
EDUUSDT,BUY,LIMIT,1701103595279,8230,0.6195303
EDUUSDT,BUY,LIMIT,1701103783266,1014,0.6221764
EDUUSDT,SELL,LIMIT,1701104241124,125,0.5952505
EDUUSDT,SELL,LIMIT,1701104256992,8099,0.5953488
EDUUSDT,SELL,LIMIT,1701104269132,514,0.5942103
EDUUSDT,SELL,LIMIT,1701104281332,12,0.5937073
EDUUSDT,SELL,LIMIT,1701106391366,3181,0.5916800
EDUUSDT,SELL,LIMIT,1701106397996,1331,0.5904072
EDUUSDT,SELL,LIMIT,1701106414938,8159,0.5893881
EDUUSDT,SELL,LIMIT,1701106416786,2678,0.5890168
EDUUSDT,BUY,LIMIT,1701106792337,768,0.6112501
EDUUSDT,SELL,LIMIT,1701107408666,2810,0.5883031
EDUUSDT,SELL,LIMIT,1701107999986,2097,0.5840830
EDUUSDT,SELL,LIMIT,1701110265976,8648,0.5854192
EDUUSDT,SELL,LIMIT,1701110422317,156,0.5848608
EDUUSDT,SELL,LIMIT,1701110723531,67,0.5827517
EDUUSDT,SELL,LIMIT,1701111090331,251,0.5823620
EDUUSDT,SELL,LIMIT,1701111148061,191,0.5816455
EDUUSDT,SELL,LIMIT,1701111165237,4218,0.5808667
EDUUSDT,SELL,LIMIT,1701111168214,2359,0.5804220
EDUUSDT,SELL,LIMIT,1701111173229,1067,0.5802098
EDUUSDT,SELL,LIMIT,1701111182878,352,0.5799029
EDUUSDT,SELL,LIMIT,1701111220523,2133,0.5790265
EDUUSDT,SELL,LIMIT,1701111231687,301,0.5787596
EDUUSDT,SELL,LIMIT,1701111234120,1700,0.5786220
EDUUSDT,SELL,LIMIT,1701111238174,112,0.5784035
EDUUSDT,SELL,LIMIT,1701111439589,646,0.5781220
EDUUSDT,SELL,LIMIT,1701111441514,1282,0.5778017
EDUUSDT,SELL,LIMIT,1701111445200,821,0.5776047
EDUUSDT,SELL,LIMIT,1701111457315,98,0.5775239
EDUUSDT,SELL,LIMIT,1701111462104,917,0.5775061
EDUUSDT,SELL,LIMIT,1701111463673,1777,0.5773086
EDUUSDT,SELL,LIMIT,1701111565918,441,0.5767715
EDUUSDT,SELL,LIMIT,1701111567536,1216,0.5766908
EDUUSDT,SELL,LIMIT,1701111570594,62,0.5761128
EDUUSDT,SELL,LIMIT,1701111974806,257,0.5742511
EDUUSDT,SELL,LIMIT,1701112083340,1655,0.5737701
EDUUSDT,SELL,LIMIT,1701112124717,657,0.5721679
EDUUSDT,SELL,LIMIT,1701112141936,283,0.5719160
EDUUSDT,SELL,LIMIT,1701114067749,527,0.5783181
EDUUSDT,SELL,LIMIT,1701114533167,87,0.5716061
EDUUSDT,BUY,LIMIT,1701114661365,1632,0.5927077
EDUUSDT,SELL,LIMIT,1701116907300,3570,0.5714736
EDUUSDT,SELL,LIMIT,1701121755174,716,0.5841856
EDUUSDT,BUY,LIMIT,1701122223110,40,0.5979998
EDUUSDT,BUY,LIMIT,1701125875118,340,0.6008700
EDUUSDT,SELL,LIMIT,1701129716737,456,0.5867838
EDUUSDT,BUY,LIMIT,1701131579171,140,0.6115896
EDUUSDT,SELL,LIMIT,1701136940804,56,0.5893897
EDUUSDT,SELL,LIMIT,1701136980512,100,0.5868851
EDUUSDT,BUY,LIMIT,1701137743038,487,0.6182128
EDUUSDT,BUY,LIMIT,1701137757656,98,0.6213982
EDUUSDT,BUY,LIMIT,1701137768384,592,0.6232384
EDUUSDT,BUY,LIMIT,1701137774935,1642,0.6241027
EDUUSDT,BUY,LIMIT,1701137776171,1000,0.6254396
EDUUSDT,BUY,LIMIT,1701137902994,24,0.6340626
EDUUSDT,BUY,LIMIT,1701137906128,203,0.6355668
EDUUSDT,BUY,LIMIT,1701137934368,6584,0.6377535
EDUUSDT,BUY,LIMIT,1701138001074,668,0.6414978
EDUUSDT,BUY,LIMIT,1701138033187,858,0.6446180
EDUUSDT,BUY,LIMIT,1701138043081,19,0.6457319
EDUUSDT,BUY,LIMIT,1701138178349,23,0.6466390
EDUUSDT,BUY,LIMIT,1701138252195,430,0.6512823
EDUUSDT,BUY,LIMIT,1701138315565,266,0.6521240
EDUUSDT,BUY,LIMIT,1701138338070,1087,0.6565472
EDUUSDT,BUY,LIMIT,1701138340420,189,0.6568242
EDUUSDT,BUY,LIMIT,1701138353824,946,0.6591145
EDUUSDT,SELL,LIMIT,1701138416904,80,0.6336412
EDUUSDT,SELL,LIMIT,1701138567337,505,0.6299152
EDUUSDT,SELL,LIMIT,1701138812823,270,0.6283083
EDUUSDT,BUY,LIMIT,1701139009115,6,0.6516644
EDUUSDT,SELL,LIMIT,1701139177243,20,0.6289323
EDUUSDT,SELL,LIMIT,1701139203898,761,0.6278355
EDUUSDT,SELL,LIMIT,1701139206633,36,0.6266486
EDUUSDT,SELL,LIMIT,1701139209980,15,0.6254303
EDUUSDT,BUY,LIMIT,1701139243117,156,0.6540713
EDUUSDT,BUY,LIMIT,1701139244138,90,0.6531046
EDUUSDT,BUY,LIMIT,1701139271908,23,0.6593106
EDUUSDT,BUY,LIMIT,1701139280271,19,0.6625120
EDUUSDT,SELL,LIMIT,1701139365790,25,0.6320735
EDUUSDT,SELL,LIMIT,1701139682392,533,0.6285952
EDUUSDT,SELL,LIMIT,1701139684590,2997,0.6270529
EDUUSDT,SELL,LIMIT,1701139824999,1684,0.6257850
EDUUSDT,BUY,LIMIT,1701140372564,760,0.6484551
EDUUSDT,BUY,LIMIT,1701140796404,766,0.6488819
EDUUSDT,BUY,LIMIT,1701141025142,74,0.6574766
EDUUSDT,SELL,LIMIT,1701141130396,460,0.6371290
EDUUSDT,SELL,LIMIT,1701141354838,1793,0.6353607
EDUUSDT,SELL,LIMIT,1701141369323,296,0.6352138
EDUUSDT,BUY,LIMIT,1701141976182,192,0.6653075
EDUUSDT,BUY,LIMIT,1701141980166,315,0.6657978
EDUUSDT,BUY,LIMIT,1701141981804,4657,0.6666290
EDUUSDT,BUY,LIMIT,1701141997063,604,0.6679690
EDUUSDT,BUY,LIMIT,1701142010988,302,0.6684869
EDUUSDT,BUY,LIMIT,1701142067188,13,0.6685823
EDUUSDT,BUY,LIMIT,1701142071355,147,0.6687004
EDUUSDT,BUY,LIMIT,1701142265187,394,0.6713344
EDUUSDT,BUY,LIMIT,1701142289468,46,0.6729394
EDUUSDT,BUY,LIMIT,1701142297122,190,0.6733410
EDUUSDT,BUY,LIMIT,1701142304946,2262,0.6737056
EDUUSDT,BUY,LIMIT,1701142307661,58,0.6743022
EDUUSDT,BUY,LIMIT,1701142311675,9,0.6747733
EDUUSDT,BUY,LIMIT,1701142315484,30,0.6754241
EDUUSDT,BUY,LIMIT,1701142323515,124,0.6759123
EDUUSDT,BUY,LIMIT,1701142336744,441,0.6760080
EDUUSDT,BUY,LIMIT,1701142361216,705,0.6769123
EDUUSDT,BUY,LIMIT,1701142400098,1,0.6780140
EDUUSDT,BUY,LIMIT,1701142611297,231,0.6768460
EDUUSDT,BUY,LIMIT,1701142618003,2568,0.6783245
EDUUSDT,BUY,LIMIT,1701142621290,49,0.6790028
EDUUSDT,BUY,LIMIT,1701142662300,493,0.6802384
EDUUSDT,BUY,LIMIT,1701142668919,19,0.6822778
EDUUSDT,BUY,LIMIT,1701142675131,68,0.6823700
EDUUSDT,BUY,LIMIT,1701142679418,271,0.6828339
EDUUSDT,BUY,LIMIT,1701142681709,1427,0.6833399
EDUUSDT,SELL,LIMIT,1701142703676,7423,0.6602335
EDUUSDT,SELL,LIMIT,1701142707334,158,0.6596805
EDUUSDT,SELL,LIMIT,1701142783011,732,0.6579126
EDUUSDT,SELL,LIMIT,1701142814421,10,0.6569001
EDUUSDT,BUY,LIMIT,1701143145744,8,0.6801084
EDUUSDT,BUY,LIMIT,1701143217066,1980,0.6823864
EDUUSDT,BUY,LIMIT,1701143219338,190,0.6827245
EDUUSDT,SELL,LIMIT,1701143287298,1110,0.6574329
EDUUSDT,SELL,LIMIT,1701143289135,350,0.6568769
EDUUSDT,SELL,LIMIT,1701143424665,3720,0.6489650
EDUUSDT,SELL,LIMIT,1701143448405,291,0.6477228
EDUUSDT,SELL,LIMIT,1701143451093,7536,0.6468737
EDUUSDT,SELL,LIMIT,1701143501661,4253,0.6469880
EDUUSDT,SELL,LIMIT,1701143525137,2420,0.6438363
EDUUSDT,BUY,LIMIT,1701143609685,7621,0.6689888
EDUUSDT,BUY,LIMIT,1701143740469,755,0.6682495
EDUUSDT,SELL,LIMIT,1701143795315,32,0.6426540
EDUUSDT,SELL,LIMIT,1701143883922,489,0.6409180
EDUUSDT,SELL,LIMIT,1701143887273,22341,0.6364814
EDUUSDT,BUY,LIMIT,1701143934039,7680,0.6638898
EDUUSDT,BUY,LIMIT,1701144130934,1125,0.6640795
EDUUSDT,SELL,LIMIT,1701144280358,707,0.6450058
EDUUSDT,SELL,LIMIT,1701144403743,3109,0.6417859
EDUUSDT,SELL,LIMIT,1701144409527,76,0.6410881
EDUUSDT,SELL,LIMIT,1701145428774,1477,0.6382451
EDUUSDT,SELL,LIMIT,1701145512250,61,0.6353677
EDUUSDT,SELL,LIMIT,1701145521400,18,0.6345072
EDUUSDT,SELL,LIMIT,1701145522665,905,0.6340547
EDUUSDT,SELL,LIMIT,1701145556892,1913,0.6335347
EDUUSDT,SELL,LIMIT,1701145560595,78,0.6331974
EDUUSDT,SELL,LIMIT,1701145584839,536,0.6318831
EDUUSDT,SELL,LIMIT,1701145586383,43,0.6309964
EDUUSDT,SELL,LIMIT,1701145588143,1495,0.6301036
EDUUSDT,SELL,LIMIT,1701145626326,208,0.6296454
EDUUSDT,SELL,LIMIT,1701145631116,147,0.6289008
EDUUSDT,SELL,LIMIT,1701145926338,333,0.6274587
EDUUSDT,SELL,LIMIT,1701145928993,6278,0.6260251
EDUUSDT,SELL,LIMIT,1701145930174,923,0.6246758
EDUUSDT,SELL,LIMIT,1701145952132,2794,0.6236445
EDUUSDT,SELL,LIMIT,1701145956455,667,0.6217575
EDUUSDT,SELL,LIMIT,1701146053905,6837,0.6204380
EDUUSDT,SELL,LIMIT,1701146058692,15790,0.6166007
EDUUSDT,SELL,LIMIT,1701146194780,240,0.6173234
EDUUSDT,SELL,LIMIT,1701146504219,1368,0.6167856
EDUUSDT,SELL,LIMIT,1701147761612,1552,0.6190906
EDUUSDT,SELL,LIMIT,1701147815183,175,0.6193660
EDUUSDT,SELL,LIMIT,1701147886606,9,0.6208791
EDUUSDT,SELL,LIMIT,1701147947729,49,0.6184015
EDUUSDT,SELL,LIMIT,1701148113416,43,0.6165385
EDUUSDT,SELL,LIMIT,1701148115830,437,0.6148440
EDUUSDT,SELL,LIMIT,1701148134286,8,0.6131333
EDUUSDT,BUY,LIMIT,1701148633853,2460,0.6434938
EDUUSDT,SELL,LIMIT,1701149133246,353,0.6191110
EDUUSDT,SELL,LIMIT,1701149870018,1414,0.6214237
EDUUSDT,SELL,LIMIT,1701149889468,1293,0.6202644
EDUUSDT,SELL,LIMIT,1701149891288,245,0.6199900
EDUUSDT,SELL,LIMIT,1701149895356,357,0.6192285
EDUUSDT,BUY,LIMIT,1701149984889,1010,0.6434479
EDUUSDT,BUY,LIMIT,1701149992631,931,0.6442196
EDUUSDT,BUY,LIMIT,1701150024515,257,0.6475730
EDUUSDT,BUY,LIMIT,1701150036883,7838,0.6489396
EDUUSDT,SELL,LIMIT,1701150363256,201,0.6284702
EDUUSDT,BUY,LIMIT,1701150412662,2613,0.6524241
EDUUSDT,SELL,LIMIT,1701150464402,29,0.6301461
EDUUSDT,SELL,LIMIT,1701150532329,546,0.6275213
EDUUSDT,SELL,LIMIT,1701150681286,501,0.6271849
EDUUSDT,SELL,LIMIT,1701151030823,63,0.6261606
EDUUSDT,SELL,LIMIT,1701151039049,7845,0.6248631
EDUUSDT,SELL,LIMIT,1701151085119,312,0.6244203
EDUUSDT,SELL,LIMIT,1701151176058,141,0.6210415
EDUUSDT,SELL,LIMIT,1701151263536,634,0.6187689
EDUUSDT,SELL,LIMIT,1701151266376,50,0.6336065
EDUUSDT,SELL,LIMIT,1701151270238,417,0.6173693
EDUUSDT,SELL,LIMIT,1701152627212,1158,0.6288482
EDUUSDT,SELL,LIMIT,1701152742633,4432,0.6282516
EDUUSDT,BUY,LIMIT,1701153364437,519,0.6528529
EDUUSDT,BUY,LIMIT,1701153370991,186,0.6541816
EDUUSDT,SELL,LIMIT,1701154044239,96,0.6309803
EDUUSDT,SELL,LIMIT,1701154132376,7800,0.6281431
EDUUSDT,SELL,LIMIT,1701154362548,1001,0.6267901
EDUUSDT,BUY,LIMIT,1701154410357,7784,0.6504390
EDUUSDT,BUY,LIMIT,1701154418964,173,0.6511950
EDUUSDT,SELL,LIMIT,1701154566741,216,0.6265336
EDUUSDT,SELL,LIMIT,1701154579130,1096,0.6263387
EDUUSDT,SELL,LIMIT,1701154933309,3283,0.6237965
EDUUSDT,SELL,LIMIT,1701154934764,14,0.6234561
EDUUSDT,SELL,LIMIT,1701154937678,172,0.6229348
EDUUSDT,BUY,LIMIT,1701155234873,426,0.6453294
EDUUSDT,SELL,LIMIT,1701155464435,2270,0.6244082
EDUUSDT,SELL,LIMIT,1701155512254,16,0.6226813
EDUUSDT,SELL,LIMIT,1701155537119,608,0.6205994
EDUUSDT,SELL,LIMIT,1701155553118,260,0.6193079
EDUUSDT,SELL,LIMIT,1701155862640,287,0.6164221
EDUUSDT,SELL,LIMIT,1701155866690,25,0.6158688
EDUUSDT,SELL,LIMIT,1701155882615,1963,0.6156206
EDUUSDT,SELL,LIMIT,1701156274125,1304,0.6162033
EDUUSDT,SELL,LIMIT,1701156275691,1160,0.6162034
EDUUSDT,SELL,LIMIT,1701156291025,714,0.6157094
EDUUSDT,SELL,LIMIT,1701156336181,1743,0.6142405
EDUUSDT,SELL,LIMIT,1701156341617,1364,0.6141219
EDUUSDT,SELL,LIMIT,1701156372330,3136,0.6129524
EDUUSDT,SELL,LIMIT,1701156384375,23,0.6122513
EDUUSDT,SELL,LIMIT,1701156385444,117,0.6107006
EDUUSDT,SELL,LIMIT,1701156392692,3835,0.6098728
EDUUSDT,SELL,LIMIT,1701156394163,175,0.6096301
EDUUSDT,SELL,LIMIT,1701156397326,157,0.6093634
EDUUSDT,SELL,LIMIT,1701156414605,1565,0.6090080
EDUUSDT,SELL,LIMIT,1701156449427,587,0.6081225
EDUUSDT,SELL,LIMIT,1701156456334,18,0.6077550
EDUUSDT,SELL,LIMIT,1701156457515,178,0.6074384
EDUUSDT,SELL,LIMIT,1701156521943,8,0.6086338
EDUUSDT,SELL,LIMIT,1701156559618,4910,0.6077451
EDUUSDT,SELL,LIMIT,1701156857289,6758,0.6071654
EDUUSDT,SELL,LIMIT,1701156861122,535,0.6066823
EDUUSDT,SELL,LIMIT,1701156864388,99,0.6064033
EDUUSDT,SELL,LIMIT,1701156877164,800,0.6046662
EDUUSDT,SELL,LIMIT,1701156879004,2222,0.6036058
EDUUSDT,BUY,LIMIT,1701157144329,6060,0.6266903
EDUUSDT,SELL,LIMIT,1701158340840,31,0.6123749
EDUUSDT,SELL,LIMIT,1701158870744,5184,0.6105990
EDUUSDT,SELL,LIMIT,1701158942375,4849,0.6087878
EDUUSDT,BUY,LIMIT,1701159150634,492,0.6379722
EDUUSDT,BUY,LIMIT,1701159171149,873,0.6412669
EDUUSDT,BUY,LIMIT,1701159183259,1264,0.6421415
EDUUSDT,BUY,LIMIT,1701159209801,791,0.6437018
EDUUSDT,BUY,LIMIT,1701159629993,80,0.6442291
EDUUSDT,BUY,LIMIT,1701160410510,955,0.6464471
EDUUSDT,BUY,LIMIT,1701160429733,402,0.6472429
EDUUSDT,SELL,LIMIT,1701160728006,1423,0.6248139
EDUUSDT,SELL,LIMIT,1701161053117,234,0.6246188
EDUUSDT,BUY,LIMIT,1701161202047,698,0.6458467
EDUUSDT,SELL,LIMIT,1701161530393,50,0.6227162
EDUUSDT,SELL,LIMIT,1701161578503,343,0.6214837
EDUUSDT,SELL,LIMIT,1701161698629,235,0.6205893
EDUUSDT,SELL,LIMIT,1701161699753,131,0.6204914
EDUUSDT,SELL,LIMIT,1701162040737,23,0.6194865
EDUUSDT,SELL,LIMIT,1701162070664,309,0.6183948
EDUUSDT,SELL,LIMIT,1701162577273,2689,0.6190906
EDUUSDT,SELL,LIMIT,1701162627960,3673,0.6174711
EDUUSDT,SELL,LIMIT,1701162630552,85,0.6169132
EDUUSDT,SELL,LIMIT,1701162633952,50,0.6162771
EDUUSDT,SELL,LIMIT,1701162741172,389,0.6153904
EDUUSDT,BUY,LIMIT,1701162904449,47,0.6383454
EDUUSDT,BUY,LIMIT,1701163032192,320,0.6425697
EDUUSDT,BUY,LIMIT,1701163085400,272,0.6437231
EDUUSDT,SELL,LIMIT,1701165580802,380,0.6182015
EDUUSDT,BUY,LIMIT,1701166123251,623,0.6409226
EDUUSDT,BUY,LIMIT,1701166153446,2337,0.6422882
EDUUSDT,BUY,LIMIT,1701167507430,810,0.6449588
EDUUSDT,BUY,LIMIT,1701167522349,1213,0.6454793
EDUUSDT,BUY,LIMIT,1701167549869,48,0.6460900
EDUUSDT,BUY,LIMIT,1701168056487,1916,0.6441487
EDUUSDT,BUY,LIMIT,1701168306622,139,0.6476042
EDUUSDT,BUY,LIMIT,1701169706299,8,0.6492382
EDUUSDT,BUY,LIMIT,1701169945065,453,0.6507521
EDUUSDT,BUY,LIMIT,1701170668823,1621,0.6530662
EDUUSDT,BUY,LIMIT,1701170719494,3870,0.6537308
EDUUSDT,BUY,LIMIT,1701172009836,41,0.6562011
EDUUSDT,BUY,LIMIT,1701172032167,64,0.6568308
EDUUSDT,BUY,LIMIT,1701172482912,5934,0.6571408
EDUUSDT,BUY,LIMIT,1701172521305,67,0.6575560
EDUUSDT,BUY,LIMIT,1701172529293,433,0.6584931
EDUUSDT,BUY,LIMIT,1701172612828,21,0.6588191
EDUUSDT,BUY,LIMIT,1701172869905,52,0.6600304
EDUUSDT,SELL,LIMIT,1701173083316,2331,0.6289910
EDUUSDT,SELL,LIMIT,1701173678322,7818,0.6268605
EDUUSDT,SELL,LIMIT,1701173748374,435,0.6255848
EDUUSDT,SELL,LIMIT,1701174234021,52,0.6252677
EDUUSDT,SELL,LIMIT,1701175964623,3178,0.6339907
EDUUSDT,BUY,LIMIT,1701177312657,547,0.6515624
EDUUSDT,SELL,LIMIT,1701177937298,110,0.6318645
EDUUSDT,SELL,LIMIT,1701178415313,5487,0.6290918
EDUUSDT,SELL,LIMIT,1701180216317,59,0.6261345
EDUUSDT,SELL,LIMIT,1701180218573,3827,0.6260785
EDUUSDT,SELL,LIMIT,1701181738949,218,0.6270307
EDUUSDT,SELL,LIMIT,1701181846618,287,0.6265220
EDUUSDT,BUY,LIMIT,1701184684289,782,0.6478752
EDUUSDT,SELL,LIMIT,1701185611346,110,0.6246906
EDUUSDT,SELL,LIMIT,1701185758631,115,0.6216414
EDUUSDT,SELL,LIMIT,1701185811248,125,0.6212509
EDUUSDT,SELL,LIMIT,1701185825237,130,0.6204843
EDUUSDT,BUY,LIMIT,1701188710494,7783,0.6545982
EDUUSDT,SELL,LIMIT,1701189314188,1646,0.6381480
EDUUSDT,SELL,LIMIT,1701191102447,7726,0.6342880
EDUUSDT,SELL,LIMIT,1701191207580,72,0.6323921
EDUUSDT,BUY,LIMIT,1701192143568,1732,0.6592381
EDUUSDT,BUY,LIMIT,1701192159358,46,0.6599683
EDUUSDT,BUY,LIMIT,1701192160805,476,0.6607082
EDUUSDT,SELL,LIMIT,1701194618747,91,0.6349471
EDUUSDT,SELL,LIMIT,1701197851631,1566,0.6372477
EDUUSDT,BUY,LIMIT,1701197854059,4129,0.6566268
EDUUSDT,BUY,LIMIT,1701197862395,1562,0.6564485
EDUUSDT,BUY,LIMIT,1701197873569,463,0.6567462
EDUUSDT,BUY,LIMIT,1701198067880,150,0.6584505
EDUUSDT,BUY,LIMIT,1701198087128,524,0.6596038
EDUUSDT,BUY,LIMIT,1701198234068,3581,0.6615966
EDUUSDT,BUY,LIMIT,1701198236132,739,0.6621938
EDUUSDT,BUY,LIMIT,1701198238219,821,0.6624764
EDUUSDT,BUY,LIMIT,1701198244782,3645,0.6633407
EDUUSDT,BUY,LIMIT,1701198664025,255,0.6636133
EDUUSDT,BUY,LIMIT,1701198716154,22,0.6642864
EDUUSDT,BUY,LIMIT,1701199001383,816,0.6695821
EDUUSDT,BUY,LIMIT,1701199004848,283,0.6705115
EDUUSDT,BUY,LIMIT,1701199009886,3943,0.6703170
EDUUSDT,BUY,LIMIT,1701199394614,4704,0.6697217
EDUUSDT,BUY,LIMIT,1701200156938,149,0.6716946
EDUUSDT,BUY,LIMIT,1701200475258,380,0.6724156
EDUUSDT,BUY,LIMIT,1701200495668,838,0.6729125
EDUUSDT,BUY,LIMIT,1701201635236,25,0.6695538
EDUUSDT,BUY,LIMIT,1701202297296,77,0.6714487
EDUUSDT,BUY,LIMIT,1701202427314,315,0.6753930
EDUUSDT,SELL,LIMIT,1701205276457,4101,0.6461996
EDUUSDT,SELL,LIMIT,1701210248149,235,0.6413450
EDUUSDT,SELL,LIMIT,1701216866953,508,0.6381481
EDUUSDT,BUY,LIMIT,1701217846626,180,0.6700806
EDUUSDT,BUY,LIMIT,1701218449825,4998,0.6774708
EDUUSDT,BUY,LIMIT,1701218503771,1770,0.6793954
EDUUSDT,BUY,LIMIT,1701218553190,115,0.6797456
EDUUSDT,BUY,LIMIT,1701218558812,658,0.6799313
EDUUSDT,BUY,LIMIT,1701218563402,157,0.6807869
EDUUSDT,BUY,LIMIT,1701220256149,628,0.6828593
EDUUSDT,BUY,LIMIT,1701220257522,705,0.6828699
EDUUSDT,BUY,LIMIT,1701220278421,3822,0.6837509
EDUUSDT,BUY,LIMIT,1701220285276,1087,0.6840157
EDUUSDT,BUY,LIMIT,1701221328748,79,0.6840949
EDUUSDT,BUY,LIMIT,1701221330353,733,0.6839798
EDUUSDT,BUY,LIMIT,1701221410241,701,0.6844750
EDUUSDT,BUY,LIMIT,1701222128135,15,0.6852000
EDUUSDT,BUY,LIMIT,1701222134546,165,0.6868504
EDUUSDT,BUY,LIMIT,1701222144334,1407,0.6875003
EDUUSDT,BUY,LIMIT,1701222162543,51,0.6878025
EDUUSDT,BUY,LIMIT,1701222172281,153,0.6884481
EDUUSDT,BUY,LIMIT,1701222180339,28,0.6889115
EDUUSDT,BUY,LIMIT,1701222787284,57,0.6854143
EDUUSDT,SELL,LIMIT,1701222828146,2289,0.6656807
EDUUSDT,BUY,LIMIT,1701222911402,5982,0.6880780
EDUUSDT,BUY,LIMIT,1701222953520,64,0.6895582
EDUUSDT,BUY,LIMIT,1701223048312,326,0.6911184
EDUUSDT,BUY,LIMIT,1701223050401,2697,0.6919888
EDUUSDT,BUY,LIMIT,1701223051485,4690,0.6923698
EDUUSDT,BUY,LIMIT,1701223061991,19,0.6934124
EDUUSDT,BUY,LIMIT,1701223091807,225,0.6955036
EDUUSDT,BUY,LIMIT,1701223095979,6,0.6961394
EDUUSDT,BUY,LIMIT,1701223103006,18,0.6965156
EDUUSDT,BUY,LIMIT,1701223105737,153,0.6968527
EDUUSDT,BUY,LIMIT,1701223108865,702,0.6970650
EDUUSDT,BUY,LIMIT,1701223114504,853,0.6980088
EDUUSDT,BUY,LIMIT,1701223116510,1295,0.6991412
EDUUSDT,BUY,LIMIT,1701223123190,90,0.6995524
EDUUSDT,BUY,LIMIT,1701223127347,25,0.6998426
EDUUSDT,BUY,LIMIT,1701223133056,1673,0.7004381
EDUUSDT,BUY,LIMIT,1701223134553,313,0.7007558
EDUUSDT,BUY,LIMIT,1701223137272,67,0.7011479
EDUUSDT,BUY,LIMIT,1701223146428,67,0.7023851
EDUUSDT,BUY,LIMIT,1701223149191,676,0.7033660
EDUUSDT,BUY,LIMIT,1701223153300,156,0.7037815
EDUUSDT,BUY,LIMIT,1701223180374,119,0.7044999
EDUUSDT,BUY,LIMIT,1701223182099,584,0.7048612
EDUUSDT,BUY,LIMIT,1701223183555,5915,0.7051537
EDUUSDT,BUY,LIMIT,1701223186260,5324,0.7064371
EDUUSDT,BUY,LIMIT,1701223187407,402,0.7083222
EDUUSDT,BUY,LIMIT,1701223228801,34,0.7109305
EDUUSDT,BUY,LIMIT,1701223231131,480,0.7131789
EDUUSDT,BUY,LIMIT,1701223233336,585,0.7138804
EDUUSDT,BUY,LIMIT,1701223238308,356,0.7151127
EDUUSDT,BUY,LIMIT,1701223239611,322,0.7153791
EDUUSDT,BUY,LIMIT,1701223241216,921,0.7159693
EDUUSDT,BUY,LIMIT,1701223242290,2679,0.7172448
EDUUSDT,BUY,LIMIT,1701223259171,323,0.7175747
EDUUSDT,SELL,LIMIT,1701223483534,2246,0.6841797
EDUUSDT,SELL,LIMIT,1701223486327,2743,0.6820123
EDUUSDT,SELL,LIMIT,1701223487949,778,0.6814243
EDUUSDT,SELL,LIMIT,1701223493151,499,0.6808025
EDUUSDT,BUY,LIMIT,1701223969385,292,0.7057108
EDUUSDT,SELL,LIMIT,1701224318332,541,0.6798669
EDUUSDT,SELL,LIMIT,1701224351695,1612,0.6784824
EDUUSDT,BUY,LIMIT,1701225252638,2177,0.7034775
EDUUSDT,BUY,LIMIT,1701226555063,9,0.7041446
EDUUSDT,SELL,LIMIT,1701227101269,39,0.6783868
EDUUSDT,SELL,LIMIT,1701227202320,555,0.6772363
EDUUSDT,SELL,LIMIT,1701227209279,11,0.6766254
EDUUSDT,BUY,LIMIT,1701228700215,359,0.6968161
EDUUSDT,SELL,LIMIT,1701229022253,300,0.6704536
EDUUSDT,SELL,LIMIT,1701229101982,356,0.6661420
EDUUSDT,SELL,LIMIT,1701229104103,113,0.6656631
EDUUSDT,SELL,LIMIT,1701229336370,92,0.6642501
EDUUSDT,SELL,LIMIT,1701229680489,143,0.6619438
EDUUSDT,SELL,LIMIT,1701233215706,301,0.6678187
EDUUSDT,SELL,LIMIT,1701234142409,26,0.6605916
EDUUSDT,SELL,LIMIT,1701234746442,151,0.6571215
EDUUSDT,SELL,LIMIT,1701234894018,613,0.6554945
EDUUSDT,SELL,LIMIT,1701234895554,9,0.6551630
EDUUSDT,SELL,LIMIT,1701234898127,145,0.6549581
EDUUSDT,SELL,LIMIT,1701235172427,151,0.6543956
EDUUSDT,SELL,LIMIT,1701235349078,4329,0.6523114
EDUUSDT,SELL,LIMIT,1701235351244,582,0.6521643
EDUUSDT,SELL,LIMIT,1701235376864,135,0.6505836
EDUUSDT,SELL,LIMIT,1701237831066,454,0.6613265
EDUUSDT,BUY,LIMIT,1701240870014,306,0.6852902
EDUUSDT,BUY,LIMIT,1701241290403,438,0.6865227
EDUUSDT,SELL,LIMIT,1701242063212,3980,0.6601183
EDUUSDT,SELL,LIMIT,1701242188530,383,0.6595943
EDUUSDT,BUY,LIMIT,1701243635112,308,0.6700980
EDUUSDT,BUY,LIMIT,1701243881221,151,0.6791165
EDUUSDT,BUY,LIMIT,1701244013605,145,0.6788895
EDUUSDT,BUY,LIMIT,1701244903169,14,0.6882300
EDUUSDT,BUY,LIMIT,1701245047654,25,0.6894328
EDUUSDT,SELL,LIMIT,1701245446287,361,0.6659480
EDUUSDT,SELL,LIMIT,1701245819497,22,0.6604221
EDUUSDT,SELL,LIMIT,1701245945420,336,0.6552547
EDUUSDT,SELL,LIMIT,1701245954432,2888,0.6541648
EDUUSDT,BUY,LIMIT,1701246125298,1385,0.6764826
EDUUSDT,BUY,LIMIT,1701247566257,31,0.6826101
EDUUSDT,SELL,LIMIT,1701249298941,2967,0.6535465
EDUUSDT,SELL,LIMIT,1701249326045,854,0.6524888
EDUUSDT,SELL,LIMIT,1701250182149,1045,0.6486024
EDUUSDT,SELL,LIMIT,1701250266687,159,0.6463505
EDUUSDT,SELL,LIMIT,1701250273668,5805,0.6462921
EDUUSDT,SELL,LIMIT,1701250283951,129,0.6461923
EDUUSDT,BUY,LIMIT,1701250454855,804,0.6727195
EDUUSDT,BUY,LIMIT,1701251383746,7542,0.6789370
EDUUSDT,SELL,LIMIT,1701251491378,149,0.6540876
EDUUSDT,SELL,LIMIT,1701251677048,678,0.6501606
EDUUSDT,SELL,LIMIT,1701252117408,190,0.6569354
EDUUSDT,SELL,LIMIT,1701253394449,120,0.6537414
EDUUSDT,SELL,LIMIT,1701254405041,389,0.6473888
EDUUSDT,SELL,LIMIT,1701254411338,2369,0.6468757
EDUUSDT,BUY,LIMIT,1701254758398,15,0.6711198
EDUUSDT,BUY,LIMIT,1701258736745,7464,0.6861779
EDUUSDT,BUY,LIMIT,1701259368286,149,0.6917300
EDUUSDT,BUY,LIMIT,1701259449921,7386,0.6932295
EDUUSDT,BUY,LIMIT,1701261120076,7470,0.6856705
EDUUSDT,SELL,LIMIT,1701264148347,41,0.6894535
EDUUSDT,SELL,LIMIT,1701269263091,183,0.6529776
EDUUSDT,SELL,LIMIT,1701270333897,1534,0.6514861
EDUUSDT,SELL,LIMIT,1701270400101,3895,0.6503859
EDUUSDT,SELL,LIMIT,1701270583626,58,0.6486436
EDUUSDT,SELL,LIMIT,1701270613211,444,0.6475667
EDUUSDT,SELL,LIMIT,1701270763950,164,0.6462475
EDUUSDT,SELL,LIMIT,1701271087400,17561,0.6421560
EDUUSDT,BUY,LIMIT,1701271980258,552,0.6700086
EDUUSDT,SELL,LIMIT,1701272423639,108,0.6575513
EDUUSDT,SELL,LIMIT,1701274704820,658,0.6465597
EDUUSDT,SELL,LIMIT,1701290365295,536,0.6520913
EDUUSDT,SELL,LIMIT,1701297135099,14,0.6532908
EDUUSDT,SELL,LIMIT,1701299034549,678,0.6505589
EDUUSDT,SELL,LIMIT,1701302073062,5477,0.6529757
EDUUSDT,SELL,LIMIT,1701303018699,7195,0.6543703
EDUUSDT,SELL,LIMIT,1701303135341,289,0.6526059
EDUUSDT,BUY,LIMIT,1701304435791,2,0.6804745
EDUUSDT,BUY,LIMIT,1701305145308,8,0.6834045
EDUUSDT,BUY,LIMIT,1701305146472,241,0.6839102
EDUUSDT,BUY,LIMIT,1701305161083,10,0.6847162
EDUUSDT,SELL,LIMIT,1701306436284,746,0.6524296
EDUUSDT,SELL,LIMIT,1701306437372,110,0.6521370
EDUUSDT,SELL,LIMIT,1701310018445,2370,0.6496076
EDUUSDT,SELL,LIMIT,1701310983481,1904,0.6451687
EDUUSDT,BUY,LIMIT,1701311174177,955,0.6686473
EDUUSDT,BUY,LIMIT,1701316067754,11,0.6817187
EDUUSDT,SELL,LIMIT,1701318573197,7481,0.6549405
EDUUSDT,SELL,LIMIT,1701319660544,4132,0.6519735
EDUUSDT,BUY,LIMIT,1701320417235,92,0.6725224
EDUUSDT,BUY,LIMIT,1701320424281,249,0.6704058
EDUUSDT,BUY,LIMIT,1701320589455,31,0.6849295
EDUUSDT,BUY,LIMIT,1701320606675,1882,0.6870096
EDUUSDT,BUY,LIMIT,1701320614979,163,0.6874761
EDUUSDT,BUY,LIMIT,1701320650198,153,0.6908471
EDUUSDT,BUY,LIMIT,1701320664305,414,0.6932611
EDUUSDT,BUY,LIMIT,1701320774572,87,0.6959249
EDUUSDT,BUY,LIMIT,1701320778658,350,0.6966938
EDUUSDT,BUY,LIMIT,1701320858935,908,0.6975656
EDUUSDT,BUY,LIMIT,1701320860393,156,0.6982323
EDUUSDT,BUY,LIMIT,1701320884683,3790,0.7018109
EDUUSDT,BUY,LIMIT,1701320903156,246,0.7028548
EDUUSDT,BUY,LIMIT,1701320908364,857,0.7045293
EDUUSDT,SELL,LIMIT,1701320962839,3801,0.6808258
EDUUSDT,BUY,LIMIT,1701322883835,51,0.6993445
EDUUSDT,SELL,LIMIT,1701323694684,97,0.6764471
EDUUSDT,SELL,LIMIT,1701325495646,85,0.6610365
EDUUSDT,SELL,LIMIT,1701326274314,732,0.6545482
EDUUSDT,SELL,LIMIT,1701326360952,6512,0.6531492
EDUUSDT,SELL,LIMIT,1701328178152,270,0.6481148
EDUUSDT,SELL,LIMIT,1701328968695,300,0.6459454
EDUUSDT,SELL,LIMIT,1701329194330,326,0.6442000
EDUUSDT,SELL,LIMIT,1701329264207,11715,0.6403938
EDUUSDT,SELL,LIMIT,1701329265346,8987,0.6410927
EDUUSDT,SELL,LIMIT,1701329355055,16855,0.6361329
EDUUSDT,SELL,LIMIT,1701329357386,47,0.6392537
EDUUSDT,SELL,LIMIT,1701329424194,884,0.6388385
EDUUSDT,SELL,LIMIT,1701329486184,73,0.6372246
EDUUSDT,SELL,LIMIT,1701329558795,598,0.6344169
EDUUSDT,SELL,LIMIT,1701329606587,309,0.6340866
EDUUSDT,SELL,LIMIT,1701331458495,9,0.6317592
EDUUSDT,SELL,LIMIT,1701331503731,14,0.6287906
EDUUSDT,SELL,LIMIT,1701331568796,589,0.6277406
EDUUSDT,SELL,LIMIT,1701331592152,147,0.6275531
EDUUSDT,SELL,LIMIT,1701331594056,7659,0.6259603
EDUUSDT,SELL,LIMIT,1701331607344,376,0.6251783
EDUUSDT,SELL,LIMIT,1701331775469,7200,0.6270511
EDUUSDT,SELL,LIMIT,1701331927185,4779,0.6244178
EDUUSDT,SELL,LIMIT,1701331934304,3052,0.6227308
EDUUSDT,SELL,LIMIT,1701336660477,3240,0.6332786
EDUUSDT,BUY,LIMIT,1701339189933,2483,0.6568686
EDUUSDT,BUY,LIMIT,1701339244487,2729,0.6586797
EDUUSDT,SELL,LIMIT,1701347695964,205,0.6400707
EDUUSDT,SELL,LIMIT,1701352519241,3901,0.6338331
EDUUSDT,SELL,LIMIT,1701354211576,939,0.6338476
EDUUSDT,SELL,LIMIT,1701355150167,1560,0.6314888
EDUUSDT,SELL,LIMIT,1701355325841,731,0.6305054
EDUUSDT,BUY,LIMIT,1701357807186,3280,0.6552819
EDUUSDT,SELL,LIMIT,1701363212149,765,0.6273072
EDUUSDT,BUY,LIMIT,1701393912519,2381,0.6586282
EDUUSDT,BUY,LIMIT,1701395656309,9,0.6623890
EDUUSDT,SELL,LIMIT,1701401550320,269,0.6400110
EDUUSDT,SELL,LIMIT,1701403677661,962,0.6384943
EDUUSDT,BUY,LIMIT,1701411522965,313,0.6655701
EDUUSDT,SELL,LIMIT,1701413381501,439,0.6430113
EDUUSDT,SELL,LIMIT,1701415988327,27,0.6413061
EDUUSDT,SELL,LIMIT,1701419364104,9,0.6405278
EDUUSDT,SELL,LIMIT,1701419431240,7659,0.6395590
EDUUSDT,BUY,LIMIT,1701422315556,48,0.6621230
EDUUSDT,SELL,LIMIT,1701426027216,19,0.6384681
EDUUSDT,SELL,LIMIT,1701426919071,190,0.6356486
EDUUSDT,SELL,LIMIT,1701433293262,64,0.6308527
EDUUSDT,SELL,LIMIT,1701433408738,387,0.6305618
EDUUSDT,SELL,LIMIT,1701434869918,15,0.6293455
EDUUSDT,SELL,LIMIT,1701434873056,2216,0.6292243
EDUUSDT,SELL,LIMIT,1701434895202,80,0.6287984
EDUUSDT,SELL,LIMIT,1701435244981,799,0.6274969
EDUUSDT,SELL,LIMIT,1701435371604,4550,0.6262755
EDUUSDT,BUY,LIMIT,1701441612876,1180,0.6527229
EDUUSDT,BUY,LIMIT,1701447545080,368,0.6536175
EDUUSDT,SELL,LIMIT,1701447844570,101,0.6365070
EDUUSDT,SELL,LIMIT,1701451694809,141,0.6342161
EDUUSDT,BUY,LIMIT,1701460225339,77,0.6566492
EDUUSDT,SELL,LIMIT,1701472279289,170,0.6284064
EDUUSDT,BUY,LIMIT,1701485992360,15,0.6462494
EDUUSDT,BUY,LIMIT,1701486006597,71,0.6089952
EDUUSDT,SELL,LIMIT,1701503776986,811,0.6310529
