Symbol,Side,Order Type,Time,Quantity,Price
EDUUSDT,BUY,LIMIT,1701927324273,385,0.6603562
EDUUSDT,BUY,LIMIT,1701929262244,221,0.6652683
EDUUSDT,BUY,LIMIT,1701929276672,82,0.6662432
EDUUSDT,BUY,LIMIT,1701929323642,231,0.6669274
EDUUSDT,BUY,LIMIT,1701929528582,826,0.6718135
EDUUSDT,BUY,LIMIT,1701929588302,13861,0.6810521
EDUUSDT,SELL,LIMIT,1701929809370,53,0.6533120
EDUUSDT,BUY,LIMIT,1701929904363,11,0.6829458
EDUUSDT,BUY,LIMIT,1701929946355,61,0.6867827
EDUUSDT,BUY,LIMIT,1701929949508,107,0.6885718
EDUUSDT,SELL,LIMIT,1701930030313,883,0.6656487
EDUUSDT,BUY,LIMIT,1701930057192,480,0.6916989
EDUUSDT,BUY,LIMIT,1701930085415,161,0.6993083
EDUUSDT,BUY,LIMIT,1701930107427,112,0.7031850
EDUUSDT,BUY,LIMIT,1701930111463,482,0.7051319
EDUUSDT,BUY,LIMIT,1701930118826,13,0.7063088
EDUUSDT,BUY,LIMIT,1701930140971,7179,0.7094922
EDUUSDT,BUY,LIMIT,1701930239607,2005,0.7119005
EDUUSDT,BUY,LIMIT,1701930263148,5649,0.7179747
EDUUSDT,BUY,LIMIT,1701930264543,152,0.7187332
EDUUSDT,BUY,LIMIT,1701930271095,826,0.7194306
EDUUSDT,BUY,LIMIT,1701930272237,2,0.7197534
EDUUSDT,BUY,LIMIT,1701930314269,2895,0.7217987
EDUUSDT,BUY,LIMIT,1701930342227,1095,0.7266403
EDUUSDT,BUY,LIMIT,1701930351186,21,0.7292095
EDUUSDT,BUY,LIMIT,1701930372247,468,0.7308405
EDUUSDT,BUY,LIMIT,1701930389598,2837,0.7326251
EDUUSDT,BUY,LIMIT,1701930392501,1499,0.7332267
EDUUSDT,BUY,LIMIT,1701930416216,172,0.7344340
EDUUSDT,BUY,LIMIT,1701930419680,10,0.7351856
EDUUSDT,BUY,LIMIT,1701930425987,256,0.7371646
EDUUSDT,BUY,LIMIT,1701930432607,13,0.7390656
EDUUSDT,BUY,LIMIT,1701930436663,818,0.7395638
EDUUSDT,SELL,LIMIT,1701930453600,36,0.7103356
EDUUSDT,SELL,LIMIT,1701930468269,499,0.7072118
EDUUSDT,SELL,LIMIT,1701930469677,45,0.7055607
EDUUSDT,BUY,LIMIT,1701930490034,476,0.7336530
EDUUSDT,BUY,LIMIT,1701930544879,633,0.7424552
EDUUSDT,BUY,LIMIT,1701930549331,195,0.7464695
EDUUSDT,BUY,LIMIT,1701930552246,141,0.7486436
EDUUSDT,SELL,LIMIT,1701930617088,1000,0.7194684
EDUUSDT,SELL,LIMIT,1701930618369,2480,0.7193053
EDUUSDT,SELL,LIMIT,1701930619532,6849,0.7155461
EDUUSDT,SELL,LIMIT,1701930623280,1749,0.7100199
EDUUSDT,SELL,LIMIT,1701930624519,263,0.7097770
EDUUSDT,BUY,LIMIT,1701930653195,966,0.7347604
EDUUSDT,SELL,LIMIT,1701930752395,6886,0.7116253
EDUUSDT,BUY,LIMIT,1701930843757,200,0.7484713
EDUUSDT,BUY,LIMIT,1701930858391,894,0.7509500
EDUUSDT,BUY,LIMIT,1701930859717,140,0.7511801
EDUUSDT,BUY,LIMIT,1701930864752,12,0.7515487
EDUUSDT,BUY,LIMIT,1701930867421,640,0.7521339
EDUUSDT,SELL,LIMIT,1701930896841,136,0.7227114
EDUUSDT,SELL,LIMIT,1701930901412,1489,0.7210840
EDUUSDT,SELL,LIMIT,1701930933499,941,0.7144987
EDUUSDT,BUY,LIMIT,1701931034022,66,0.7331224
EDUUSDT,SELL,LIMIT,1701931199284,6771,0.7040691
EDUUSDT,SELL,LIMIT,1701931201258,14,0.6996587
EDUUSDT,SELL,LIMIT,1701931202471,167,0.6984275
EDUUSDT,SELL,LIMIT,1701931203488,85,0.6970442
EDUUSDT,SELL,LIMIT,1701931207150,133,0.6971779
EDUUSDT,BUY,LIMIT,1701931289152,100,0.7307205
EDUUSDT,BUY,LIMIT,1701931435440,1153,0.7419870
EDUUSDT,BUY,LIMIT,1701931439324,1207,0.7435205
EDUUSDT,BUY,LIMIT,1701931443320,761,0.7466997
EDUUSDT,BUY,LIMIT,1701931448302,770,0.7481654
EDUUSDT,BUY,LIMIT,1701931462305,236,0.7509846
EDUUSDT,BUY,LIMIT,1701931464296,71,0.7531546
EDUUSDT,BUY,LIMIT,1701931475187,1,0.7559118
EDUUSDT,BUY,LIMIT,1701931476466,503,0.7574214
EDUUSDT,BUY,LIMIT,1701931477578,2353,0.7578502
EDUUSDT,BUY,LIMIT,1701931479306,119,0.7591829
EDUUSDT,BUY,LIMIT,1701931482319,1979,0.7599519
EDUUSDT,BUY,LIMIT,1701931497347,930,0.7619231
EDUUSDT,BUY,LIMIT,1701931517000,296,0.7623474
EDUUSDT,BUY,LIMIT,1701931519389,367,0.7648559
EDUUSDT,BUY,LIMIT,1701931524390,720,0.7657655
EDUUSDT,BUY,LIMIT,1701931527423,6196,0.7659151
EDUUSDT,BUY,LIMIT,1701931529690,36,0.7670722
EDUUSDT,SELL,LIMIT,1701931562462,76,0.7395905
EDUUSDT,SELL,LIMIT,1701931564507,8,0.7376389
EDUUSDT,SELL,LIMIT,1701931566284,566,0.7348452
EDUUSDT,SELL,LIMIT,1701931582490,243,0.7273085
EDUUSDT,SELL,LIMIT,1701931641087,6730,0.7269789
EDUUSDT,BUY,LIMIT,1701931658328,339,0.7514906
EDUUSDT,SELL,LIMIT,1701931762112,202,0.7311386
EDUUSDT,BUY,LIMIT,1701932011080,118,0.7585276
EDUUSDT,BUY,LIMIT,1701932013088,2808,0.7622804
EDUUSDT,BUY,LIMIT,1701932014089,112,0.7609696
EDUUSDT,BUY,LIMIT,1701932016420,6602,0.7662295
EDUUSDT,BUY,LIMIT,1701932032075,77,0.7695278
EDUUSDT,BUY,LIMIT,1701932033904,124,0.7696101
EDUUSDT,SELL,LIMIT,1701932064418,6579,0.7457870
EDUUSDT,SELL,LIMIT,1701932070304,2018,0.7427677
EDUUSDT,SELL,LIMIT,1701932071325,7,0.7394971
EDUUSDT,SELL,LIMIT,1701932085484,466,0.7363336
EDUUSDT,SELL,LIMIT,1701932086578,2236,0.7358296
EDUUSDT,SELL,LIMIT,1701932088269,543,0.7348734
EDUUSDT,BUY,LIMIT,1701932188072,275,0.7617477
EDUUSDT,BUY,LIMIT,1701932190179,6683,0.7623157
EDUUSDT,BUY,LIMIT,1701932273547,3588,0.7688566
EDUUSDT,BUY,LIMIT,1701932277068,166,0.7700168
EDUUSDT,SELL,LIMIT,1701932321783,9,0.7421310
EDUUSDT,SELL,LIMIT,1701932336213,67,0.7385127
EDUUSDT,BUY,LIMIT,1701932394729,189,0.7692351
EDUUSDT,BUY,LIMIT,1701932406344,61,0.7735636
EDUUSDT,BUY,LIMIT,1701932409149,3317,0.7744720
EDUUSDT,BUY,LIMIT,1701932411385,801,0.7768715
EDUUSDT,SELL,LIMIT,1701932419537,196,0.7464486
EDUUSDT,SELL,LIMIT,1701932565151,765,0.7391074
EDUUSDT,SELL,LIMIT,1701932566172,4101,0.7376287
EDUUSDT,SELL,LIMIT,1701932568547,6608,0.7371091
EDUUSDT,SELL,LIMIT,1701932577427,1042,0.7352433
EDUUSDT,SELL,LIMIT,1701932579502,744,0.7343296
EDUUSDT,SELL,LIMIT,1701932605351,863,0.7339722
EDUUSDT,SELL,LIMIT,1701932607216,6685,0.7311576
EDUUSDT,SELL,LIMIT,1701932610838,675,0.7303170
EDUUSDT,SELL,LIMIT,1701932641220,10,0.7365287
EDUUSDT,SELL,LIMIT,1701932684881,367,0.7383939
EDUUSDT,SELL,LIMIT,1701932705128,2174,0.7334659
EDUUSDT,SELL,LIMIT,1701932769329,6596,0.7269598
EDUUSDT,SELL,LIMIT,1701932770334,1000,0.7247257
EDUUSDT,SELL,LIMIT,1701932771479,15688,0.7180723
EDUUSDT,SELL,LIMIT,1701932772489,141,0.7185458
EDUUSDT,SELL,LIMIT,1701932782301,216,0.7178068
EDUUSDT,SELL,LIMIT,1701932784316,33,0.7162018
EDUUSDT,SELL,LIMIT,1701932785502,142,0.7158092
EDUUSDT,SELL,LIMIT,1701932786710,1348,0.7145565
EDUUSDT,SELL,LIMIT,1701932792307,8,0.7139661
EDUUSDT,SELL,LIMIT,1701932844422,125,0.7131615
EDUUSDT,SELL,LIMIT,1701932849285,30,0.7096767
EDUUSDT,SELL,LIMIT,1701932851574,160,0.7065348
EDUUSDT,SELL,LIMIT,1701932868416,33,0.7043684
EDUUSDT,SELL,LIMIT,1701932870038,16,0.7035963
EDUUSDT,SELL,LIMIT,1701932873096,2410,0.7031481
EDUUSDT,SELL,LIMIT,1701932876232,280,0.7023578
EDUUSDT,SELL,LIMIT,1701932877527,106,0.7006933
EDUUSDT,SELL,LIMIT,1701932881375,327,0.7003452
EDUUSDT,BUY,LIMIT,1701932941502,2307,0.7306068
EDUUSDT,SELL,LIMIT,1701933006187,366,0.7074105
EDUUSDT,SELL,LIMIT,1701933007363,1192,0.7062238
EDUUSDT,SELL,LIMIT,1701933012352,916,0.7041774
EDUUSDT,SELL,LIMIT,1701933017091,13,0.6987645
EDUUSDT,SELL,LIMIT,1701933018284,1476,0.6979520
EDUUSDT,BUY,LIMIT,1701933107755,520,0.7262672
EDUUSDT,BUY,LIMIT,1701933178559,379,0.7297916
EDUUSDT,SELL,LIMIT,1701933220292,2084,0.7016476
EDUUSDT,SELL,LIMIT,1701933221838,465,0.7009191
EDUUSDT,SELL,LIMIT,1701933223109,806,0.6992934
EDUUSDT,SELL,LIMIT,1701933225013,351,0.6976790
EDUUSDT,SELL,LIMIT,1701933260334,592,0.6942603
EDUUSDT,SELL,LIMIT,1701933435180,1762,0.6953540
EDUUSDT,SELL,LIMIT,1701933437382,136,0.6936461
EDUUSDT,SELL,LIMIT,1701933438850,363,0.6922088
EDUUSDT,SELL,LIMIT,1701933440323,183,0.6912075
EDUUSDT,SELL,LIMIT,1701933441337,137,0.6911570
EDUUSDT,SELL,LIMIT,1701933442590,8,0.6900614
EDUUSDT,SELL,LIMIT,1701933444432,1420,0.6877342
EDUUSDT,SELL,LIMIT,1701933445548,608,0.6872919
EDUUSDT,SELL,LIMIT,1701933448200,6335,0.6851755
EDUUSDT,SELL,LIMIT,1701933471207,5672,0.6841441
EDUUSDT,SELL,LIMIT,1701933472335,1399,0.6833839
EDUUSDT,SELL,LIMIT,1701933477355,812,0.6821595
EDUUSDT,BUY,LIMIT,1701933642128,330,0.7075745
EDUUSDT,BUY,LIMIT,1701933700766,501,0.7112032
EDUUSDT,SELL,LIMIT,1701933729050,55,0.6863246
EDUUSDT,SELL,LIMIT,1701933730089,140,0.6841555
EDUUSDT,SELL,LIMIT,1701933731622,148,0.6833307
EDUUSDT,SELL,LIMIT,1701933791753,1116,0.6812698
EDUUSDT,SELL,LIMIT,1701933794342,1595,0.6809322
EDUUSDT,SELL,LIMIT,1701933795850,1322,0.6804359
EDUUSDT,SELL,LIMIT,1701933798246,157,0.6793931
EDUUSDT,SELL,LIMIT,1701933801140,13180,0.6751594
EDUUSDT,SELL,LIMIT,1701933802212,991,0.6786511
EDUUSDT,SELL,LIMIT,1701933803891,25,0.6776977
EDUUSDT,SELL,LIMIT,1701933813606,60,0.6766879
EDUUSDT,SELL,LIMIT,1701933819317,11144,0.6736851
EDUUSDT,SELL,LIMIT,1701933823250,1407,0.6751172
EDUUSDT,BUY,LIMIT,1701933843773,10,0.7002314
EDUUSDT,BUY,LIMIT,1701933872261,823,0.7028159
EDUUSDT,SELL,LIMIT,1701934051130,7050,0.6812906
EDUUSDT,SELL,LIMIT,1701934060283,7204,0.6789329
EDUUSDT,BUY,LIMIT,1701934223505,1448,0.7036631
EDUUSDT,SELL,LIMIT,1701934333473,122,0.6792141
EDUUSDT,SELL,LIMIT,1701935431451,581,0.6786755
EDUUSDT,SELL,LIMIT,1701935779405,401,0.6763813
EDUUSDT,SELL,LIMIT,1701935781195,568,0.6760376
EDUUSDT,SELL,LIMIT,1701935785294,7246,0.6749165
EDUUSDT,SELL,LIMIT,1701935787107,520,0.6743062
EDUUSDT,SELL,LIMIT,1701935791267,2040,0.6742170
EDUUSDT,SELL,LIMIT,1701935793736,1631,0.6739187
EDUUSDT,SELL,LIMIT,1701935794810,91,0.6728528
EDUUSDT,SELL,LIMIT,1701935796581,477,0.6720947
EDUUSDT,SELL,LIMIT,1701935819247,184,0.6718125
EDUUSDT,SELL,LIMIT,1701935822770,312,0.6716928
EDUUSDT,SELL,LIMIT,1701936024247,801,0.6705150
EDUUSDT,SELL,LIMIT,1701936025461,13402,0.6675289
EDUUSDT,SELL,LIMIT,1701936048045,571,0.6691944
EDUUSDT,SELL,LIMIT,1701936049236,229,0.6686052
EDUUSDT,SELL,LIMIT,1701936050259,1941,0.6661816
EDUUSDT,SELL,LIMIT,1701936057906,380,0.6652789
EDUUSDT,SELL,LIMIT,1701936063456,285,0.6652084
EDUUSDT,SELL,LIMIT,1701936067189,908,0.6647855
EDUUSDT,SELL,LIMIT,1701936169098,5226,0.6635936
EDUUSDT,SELL,LIMIT,1701936170133,8111,0.6636076
EDUUSDT,SELL,LIMIT,1701936171200,461,0.6627024
EDUUSDT,SELL,LIMIT,1701936324169,509,0.6627067
EDUUSDT,SELL,LIMIT,1701936328442,215,0.6619917
EDUUSDT,SELL,LIMIT,1701936332296,132,0.6617154
EDUUSDT,SELL,LIMIT,1701936334163,524,0.6611901
EDUUSDT,SELL,LIMIT,1701936337907,72,0.6611275
EDUUSDT,SELL,LIMIT,1701936339036,304,0.6607766
EDUUSDT,SELL,LIMIT,1701936340381,332,0.6606838
EDUUSDT,SELL,LIMIT,1701936346404,632,0.6604027
EDUUSDT,SELL,LIMIT,1701936348143,202,0.6593302
EDUUSDT,SELL,LIMIT,1701936350061,1041,0.6588420
EDUUSDT,SELL,LIMIT,1701936357344,15,0.6582884
EDUUSDT,SELL,LIMIT,1701936405726,1988,0.6579289
EDUUSDT,SELL,LIMIT,1701936407577,357,0.6568172
EDUUSDT,BUY,LIMIT,1701936502033,44,0.6852059
EDUUSDT,SELL,LIMIT,1701936924854,704,0.6634841
EDUUSDT,BUY,LIMIT,1701937180687,357,0.6892088
EDUUSDT,SELL,LIMIT,1701937510160,1885,0.6639876
EDUUSDT,SELL,LIMIT,1701937543456,5052,0.6587838
EDUUSDT,SELL,LIMIT,1701937717953,1478,0.6629268
EDUUSDT,SELL,LIMIT,1701938509320,823,0.6624286
EDUUSDT,SELL,LIMIT,1701938638722,596,0.6592987
EDUUSDT,SELL,LIMIT,1701938949400,68,0.6572262
EDUUSDT,SELL,LIMIT,1701938957462,748,0.6559761
EDUUSDT,SELL,LIMIT,1701939315185,39,0.6570884
EDUUSDT,SELL,LIMIT,1701939360538,685,0.6557651
EDUUSDT,SELL,LIMIT,1701939377107,572,0.6552712
EDUUSDT,SELL,LIMIT,1701939468689,28,0.6548590
EDUUSDT,SELL,LIMIT,1701939479198,1790,0.6533776
EDUUSDT,SELL,LIMIT,1701939556196,576,0.6521944
EDUUSDT,SELL,LIMIT,1701939559249,3560,0.6518945
EDUUSDT,SELL,LIMIT,1701939567523,199,0.6515026
EDUUSDT,SELL,LIMIT,1701939569752,2600,0.6511415
EDUUSDT,SELL,LIMIT,1701939572409,21630,0.6461654
EDUUSDT,SELL,LIMIT,1701939862925,159,0.6503628
EDUUSDT,SELL,LIMIT,1701939864096,2269,0.6496164
EDUUSDT,SELL,LIMIT,1701939868076,237,0.6471886
EDUUSDT,SELL,LIMIT,1701939869081,16,0.6471222
EDUUSDT,SELL,LIMIT,1701939870483,5534,0.6467889
EDUUSDT,SELL,LIMIT,1701939871678,152,0.6464332
EDUUSDT,SELL,LIMIT,1701939875114,54,0.6457545
EDUUSDT,SELL,LIMIT,1701939973079,92,0.6465485
EDUUSDT,SELL,LIMIT,1701939974289,464,0.6448817
EDUUSDT,SELL,LIMIT,1701939975348,11705,0.6413851
EDUUSDT,SELL,LIMIT,1701939976416,93,0.6427154
EDUUSDT,SELL,LIMIT,1701940003157,1925,0.6460822
EDUUSDT,SELL,LIMIT,1701940563071,500,0.6428925
EDUUSDT,SELL,LIMIT,1701940564378,531,0.6420311
EDUUSDT,SELL,LIMIT,1701940566842,99,0.6419110
EDUUSDT,SELL,LIMIT,1701940696315,2908,0.6415182
EDUUSDT,SELL,LIMIT,1701940700142,3755,0.6414467
EDUUSDT,SELL,LIMIT,1701940976328,4912,0.6412069
EDUUSDT,SELL,LIMIT,1701940982260,614,0.6403048
EDUUSDT,SELL,LIMIT,1701940983262,940,0.6400347
EDUUSDT,SELL,LIMIT,1701940984265,3957,0.6381748
EDUUSDT,SELL,LIMIT,1701940985401,57,0.6387031
EDUUSDT,SELL,LIMIT,1701941038127,19,0.6400408
EDUUSDT,SELL,LIMIT,1701941104355,1270,0.6392427
EDUUSDT,SELL,LIMIT,1701941148279,1603,0.6374028
EDUUSDT,SELL,LIMIT,1701941154849,5694,0.6368361
EDUUSDT,SELL,LIMIT,1701941159544,230,0.6366863
EDUUSDT,SELL,LIMIT,1701941161410,1459,0.6365098
EDUUSDT,SELL,LIMIT,1701941170361,721,0.6358176
EDUUSDT,SELL,LIMIT,1701941172000,2552,0.6357479
EDUUSDT,SELL,LIMIT,1701941181329,431,0.6366787
EDUUSDT,SELL,LIMIT,1701941183240,1439,0.6363185
EDUUSDT,SELL,LIMIT,1701941184558,4473,0.6368615
EDUUSDT,SELL,LIMIT,1701941186550,172,0.6364744
EDUUSDT,SELL,LIMIT,1701941208923,976,0.6371680
EDUUSDT,SELL,LIMIT,1701941238381,591,0.6384902
EDUUSDT,SELL,LIMIT,1701941245310,5148,0.6352613
EDUUSDT,SELL,LIMIT,1701941248057,714,0.6346769
EDUUSDT,BUY,LIMIT,1701941359501,1934,0.6586360
EDUUSDT,BUY,LIMIT,1701941757395,36688,0.6664557
EDUUSDT,BUY,LIMIT,1701942003938,19,0.6686653
EDUUSDT,BUY,LIMIT,1701942022231,60,0.6698923
EDUUSDT,BUY,LIMIT,1701942084042,981,0.6712055
EDUUSDT,BUY,LIMIT,1701942346920,8,0.6743055
EDUUSDT,BUY,LIMIT,1701942376524,675,0.6778204
EDUUSDT,SELL,LIMIT,1701942451625,16,0.6500000
EDUUSDT,SELL,LIMIT,1701943063866,1830,0.6486911
EDUUSDT,SELL,LIMIT,1701943086643,75,0.6481084
EDUUSDT,BUY,LIMIT,1701943764614,7498,0.6786541
EDUUSDT,BUY,LIMIT,1701943766078,533,0.6799176
EDUUSDT,BUY,LIMIT,1701944251047,183,0.6841884
EDUUSDT,BUY,LIMIT,1701944252225,307,0.6850453
EDUUSDT,BUY,LIMIT,1701944270523,10,0.6864779
EDUUSDT,BUY,LIMIT,1701944381058,200,0.6873037
EDUUSDT,BUY,LIMIT,1701944411093,2616,0.6918267
EDUUSDT,BUY,LIMIT,1701944417248,1210,0.6933544
EDUUSDT,BUY,LIMIT,1701944449018,421,0.6978020
EDUUSDT,BUY,LIMIT,1701944477034,250,0.7008692
EDUUSDT,SELL,LIMIT,1701944520935,110,0.6765494
EDUUSDT,SELL,LIMIT,1701944532647,2268,0.6755535
EDUUSDT,SELL,LIMIT,1701944548334,1308,0.6724640
EDUUSDT,BUY,LIMIT,1701944768652,179,0.6976094
EDUUSDT,BUY,LIMIT,1701944785764,575,0.7005510
EDUUSDT,BUY,LIMIT,1701944819283,40,0.7027588
EDUUSDT,SELL,LIMIT,1701944867250,23,0.6781523
EDUUSDT,SELL,LIMIT,1701944886292,612,0.6749453
EDUUSDT,BUY,LIMIT,1701944942682,809,0.7042070
EDUUSDT,SELL,LIMIT,1701945024704,1499,0.6784076
EDUUSDT,BUY,LIMIT,1701945046379,5307,0.7015525
EDUUSDT,BUY,LIMIT,1701945055493,171,0.7046265
EDUUSDT,BUY,LIMIT,1701945212392,3675,0.7081552
EDUUSDT,BUY,LIMIT,1701945389153,1302,0.7159820
EDUUSDT,BUY,LIMIT,1701945395603,7134,0.7185954
EDUUSDT,BUY,LIMIT,1701945401840,93,0.7205889
EDUUSDT,BUY,LIMIT,1701945405243,980,0.7231079
EDUUSDT,BUY,LIMIT,1701945406805,7148,0.7235899
EDUUSDT,BUY,LIMIT,1701945415536,936,0.7240030
EDUUSDT,BUY,LIMIT,1701945419855,2269,0.7254279
EDUUSDT,SELL,LIMIT,1701945446491,6048,0.6989797
EDUUSDT,BUY,LIMIT,1701945478707,378,0.7272275
EDUUSDT,BUY,LIMIT,1701945482362,1611,0.7284521
EDUUSDT,BUY,LIMIT,1701945490023,1015,0.7294636
EDUUSDT,BUY,LIMIT,1701945492358,305,0.7313074
EDUUSDT,BUY,LIMIT,1701945538470,14,0.7312059
EDUUSDT,BUY,LIMIT,1701945555064,1686,0.7324382
EDUUSDT,BUY,LIMIT,1701945556384,7001,0.7338776
EDUUSDT,BUY,LIMIT,1701945560296,624,0.7353777
EDUUSDT,BUY,LIMIT,1701945591736,89,0.7382548
EDUUSDT,SELL,LIMIT,1701945669535,186,0.7085440
EDUUSDT,BUY,LIMIT,1701945686786,17,0.7322048
EDUUSDT,BUY,LIMIT,1701945711206,329,0.7328282
EDUUSDT,SELL,LIMIT,1701945846305,576,0.7064801
EDUUSDT,SELL,LIMIT,1701945847646,888,0.7059188
EDUUSDT,SELL,LIMIT,1701945848976,184,0.7046855
EDUUSDT,SELL,LIMIT,1701945850102,22,0.7035246
EDUUSDT,BUY,LIMIT,1701945931519,1233,0.7260860
EDUUSDT,BUY,LIMIT,1701946019520,53,0.7334056
EDUUSDT,SELL,LIMIT,1701946107558,4589,0.7053520
EDUUSDT,SELL,LIMIT,1701946109085,3489,0.7047615
EDUUSDT,SELL,LIMIT,1701946110255,117,0.7041766
EDUUSDT,SELL,LIMIT,1701946184088,699,0.7009133
EDUUSDT,SELL,LIMIT,1701946185314,240,0.7008431
EDUUSDT,SELL,LIMIT,1701946195060,549,0.6973170
EDUUSDT,SELL,LIMIT,1701946196528,173,0.6983032
EDUUSDT,SELL,LIMIT,1701946197825,871,0.6970616
EDUUSDT,SELL,LIMIT,1701946396197,6944,0.6961441
EDUUSDT,SELL,LIMIT,1701946397354,19,0.6959911
EDUUSDT,SELL,LIMIT,1701946450581,771,0.6923717
EDUUSDT,SELL,LIMIT,1701946472063,33,0.6902923
EDUUSDT,SELL,LIMIT,1701946473404,1000,0.6879351
EDUUSDT,SELL,LIMIT,1701946474476,616,0.6862066
EDUUSDT,SELL,LIMIT,1701946477782,1008,0.6840483
EDUUSDT,SELL,LIMIT,1701946481696,23,0.6837110
EDUUSDT,SELL,LIMIT,1701946483181,37,0.6826657
EDUUSDT,SELL,LIMIT,1701946508301,359,0.6821743
EDUUSDT,SELL,LIMIT,1701946510394,1248,0.6817751
EDUUSDT,SELL,LIMIT,1701946515250,9488,0.6788218
EDUUSDT,SELL,LIMIT,1701946518341,6903,0.6787892
EDUUSDT,SELL,LIMIT,1701946521092,82,0.6780070
EDUUSDT,BUY,LIMIT,1701946531187,8,0.7038515
EDUUSDT,BUY,LIMIT,1701946576055,5782,0.7070237
EDUUSDT,SELL,LIMIT,1701946613030,3574,0.6847130
EDUUSDT,SELL,LIMIT,1701946622817,317,0.6840105
EDUUSDT,BUY,LIMIT,1701946679937,94,0.7090996
EDUUSDT,BUY,LIMIT,1701946682679,4275,0.7109611
EDUUSDT,BUY,LIMIT,1701946684484,428,0.7106406
EDUUSDT,BUY,LIMIT,1701946839994,762,0.7121207
EDUUSDT,BUY,LIMIT,1701946854064,2022,0.7123800
EDUUSDT,BUY,LIMIT,1701946868190,429,0.7143699
EDUUSDT,SELL,LIMIT,1701946992155,51,0.6855601
EDUUSDT,SELL,LIMIT,1701947196333,222,0.6831994
EDUUSDT,SELL,LIMIT,1701947240339,2438,0.6826377
EDUUSDT,SELL,LIMIT,1701947242294,7188,0.6821870
EDUUSDT,SELL,LIMIT,1701947247499,4000,0.6814657
EDUUSDT,BUY,LIMIT,1701947304780,22,0.7058113
EDUUSDT,BUY,LIMIT,1701947734839,464,0.7060738
EDUUSDT,BUY,LIMIT,1701947736309,483,0.7066154
EDUUSDT,SELL,LIMIT,1701947994289,137,0.6829600
EDUUSDT,SELL,LIMIT,1701948022775,218,0.6809753
EDUUSDT,SELL,LIMIT,1701948147138,553,0.6788983
EDUUSDT,SELL,LIMIT,1701948543155,3166,0.6764428
EDUUSDT,SELL,LIMIT,1701948546188,1843,0.6757824
EDUUSDT,SELL,LIMIT,1701948562015,287,0.6751111
EDUUSDT,SELL,LIMIT,1701948579426,2425,0.6746421
EDUUSDT,SELL,LIMIT,1701948581012,12,0.6743668
EDUUSDT,SELL,LIMIT,1701948856066,5825,0.6742328
EDUUSDT,SELL,LIMIT,1701948857140,1566,0.6736092
EDUUSDT,SELL,LIMIT,1701948931169,4029,0.6711860
EDUUSDT,SELL,LIMIT,1701948953700,210,0.6727517
EDUUSDT,SELL,LIMIT,1701949119156,244,0.6742326
EDUUSDT,SELL,LIMIT,1701950429946,447,0.6788823
EDUUSDT,SELL,LIMIT,1701950432242,437,0.6782727
EDUUSDT,SELL,LIMIT,1701950449798,42,0.6779178
EDUUSDT,SELL,LIMIT,1701950511207,62,0.6767412
EDUUSDT,SELL,LIMIT,1701950673815,720,0.6802588
EDUUSDT,SELL,LIMIT,1701950714521,10,0.6766809
EDUUSDT,BUY,LIMIT,1701950752670,119,0.7019247
EDUUSDT,SELL,LIMIT,1701950815658,171,0.6800200
EDUUSDT,SELL,LIMIT,1701950929155,311,0.6784541
EDUUSDT,SELL,LIMIT,1701950988068,80,0.6757362
EDUUSDT,BUY,LIMIT,1701951094422,267,0.7015043
EDUUSDT,SELL,LIMIT,1701951235259,145,0.6775701
EDUUSDT,BUY,LIMIT,1701951368181,114,0.6866250
EDUUSDT,SELL,LIMIT,1701951414937,5569,0.6741099
EDUUSDT,SELL,LIMIT,1701951461445,1526,0.6714165
EDUUSDT,SELL,LIMIT,1701951515410,288,0.6683706
EDUUSDT,SELL,LIMIT,1701951516432,1738,0.6686114
EDUUSDT,SELL,LIMIT,1701951556441,232,0.6671875
EDUUSDT,SELL,LIMIT,1701951557512,391,0.6672802
EDUUSDT,SELL,LIMIT,1701951627997,70,0.6691106
EDUUSDT,SELL,LIMIT,1701951694175,571,0.6713315
EDUUSDT,SELL,LIMIT,1701951919821,783,0.6711049
EDUUSDT,BUY,LIMIT,1701952337498,284,0.6975703
EDUUSDT,SELL,LIMIT,1701952493996,2900,0.6760329
EDUUSDT,BUY,LIMIT,1701952869931,3353,0.7023308
EDUUSDT,BUY,LIMIT,1701953011225,3686,0.7116811
EDUUSDT,BUY,LIMIT,1701953026376,17,0.7140899
EDUUSDT,BUY,LIMIT,1701953031066,9,0.7150251
EDUUSDT,BUY,LIMIT,1701953033033,137,0.7159636
EDUUSDT,BUY,LIMIT,1701953034694,1198,0.7171505
EDUUSDT,BUY,LIMIT,1701953044770,171,0.7188264
EDUUSDT,BUY,LIMIT,1701953045781,44,0.7197428
EDUUSDT,BUY,LIMIT,1701953047521,272,0.7207634
EDUUSDT,BUY,LIMIT,1701953055367,155,0.7220433
EDUUSDT,BUY,LIMIT,1701953065391,34,0.7235194
EDUUSDT,BUY,LIMIT,1701953068852,725,0.7239751
EDUUSDT,SELL,LIMIT,1701953313075,7042,0.6929438
EDUUSDT,BUY,LIMIT,1701953433305,2628,0.7202794
EDUUSDT,BUY,LIMIT,1701953508328,116,0.7279638
EDUUSDT,BUY,LIMIT,1701953538532,1096,0.7294662
EDUUSDT,BUY,LIMIT,1701953571531,435,0.7315746
EDUUSDT,BUY,LIMIT,1701953574431,44,0.7319292
EDUUSDT,BUY,LIMIT,1701953609526,4405,0.7330174
EDUUSDT,BUY,LIMIT,1701953803484,60,0.7407418
EDUUSDT,BUY,LIMIT,1701953805517,14727,0.7460526
EDUUSDT,BUY,LIMIT,1701953809239,1772,0.7440698
EDUUSDT,BUY,LIMIT,1701953842377,142,0.7454234
EDUUSDT,BUY,LIMIT,1701953918312,340,0.7502725
EDUUSDT,SELL,LIMIT,1701954048621,261,0.7216815
EDUUSDT,BUY,LIMIT,1701954081496,56,0.7480560
EDUUSDT,BUY,LIMIT,1701954093107,18,0.7516023
EDUUSDT,BUY,LIMIT,1701954110393,2221,0.7533725
EDUUSDT,BUY,LIMIT,1701954111513,633,0.7551152
EDUUSDT,BUY,LIMIT,1701954137736,491,0.7562760
EDUUSDT,BUY,LIMIT,1701954143342,1,0.7564327
EDUUSDT,BUY,LIMIT,1701954151677,489,0.7577558
EDUUSDT,BUY,LIMIT,1701954259654,1266,0.7502203
EDUUSDT,SELL,LIMIT,1701954295656,109,0.7249627
EDUUSDT,SELL,LIMIT,1701954307005,250,0.7205645
EDUUSDT,SELL,LIMIT,1701954322237,2488,0.7194252
EDUUSDT,SELL,LIMIT,1701954391433,707,0.7192600
EDUUSDT,SELL,LIMIT,1701954398701,670,0.7177026
EDUUSDT,SELL,LIMIT,1701954400664,16,0.7179382
EDUUSDT,SELL,LIMIT,1701954404604,693,0.7167371
EDUUSDT,BUY,LIMIT,1701954591303,614,0.7374004
EDUUSDT,BUY,LIMIT,1701955282001,260,0.7519144
EDUUSDT,BUY,LIMIT,1701955308058,916,0.7540354
EDUUSDT,BUY,LIMIT,1701955313651,437,0.7548542
EDUUSDT,BUY,LIMIT,1701955317277,2889,0.7558403
EDUUSDT,BUY,LIMIT,1701955320132,5129,0.7567480
EDUUSDT,BUY,LIMIT,1701955332260,283,0.7574972
EDUUSDT,SELL,LIMIT,1701955462093,603,0.7263391
EDUUSDT,SELL,LIMIT,1701955497331,3153,0.7242671
EDUUSDT,BUY,LIMIT,1701955632352,690,0.7487208
EDUUSDT,BUY,LIMIT,1701955676298,784,0.7531049
EDUUSDT,BUY,LIMIT,1701955677357,989,0.7534407
EDUUSDT,BUY,LIMIT,1701955686428,59,0.7545266
EDUUSDT,BUY,LIMIT,1701955856934,9,0.7593608
EDUUSDT,BUY,LIMIT,1701955866426,254,0.7611050
EDUUSDT,BUY,LIMIT,1701955870131,1353,0.7614221
EDUUSDT,BUY,LIMIT,1701955871244,6720,0.7618997
EDUUSDT,BUY,LIMIT,1701955875092,41,0.7625037
EDUUSDT,BUY,LIMIT,1701955887998,360,0.7639964
EDUUSDT,BUY,LIMIT,1701955890367,1250,0.7641164
EDUUSDT,BUY,LIMIT,1701955894234,378,0.7661440
EDUUSDT,BUY,LIMIT,1701955897163,356,0.7670322
EDUUSDT,BUY,LIMIT,1701955916932,309,0.7677253
EDUUSDT,BUY,LIMIT,1701955918246,136,0.7679459
EDUUSDT,BUY,LIMIT,1701955919323,5882,0.7678121
EDUUSDT,BUY,LIMIT,1701955920679,9,0.7681386
EDUUSDT,BUY,LIMIT,1701955923726,770,0.7683867
EDUUSDT,BUY,LIMIT,1701955931827,144,0.7690461
EDUUSDT,BUY,LIMIT,1701955948479,1740,0.7705627
EDUUSDT,BUY,LIMIT,1701955949889,310,0.7713821
EDUUSDT,BUY,LIMIT,1701955951181,335,0.7717137
EDUUSDT,BUY,LIMIT,1701956112389,48,0.7717559
EDUUSDT,BUY,LIMIT,1701956219434,409,0.7732933
EDUUSDT,BUY,LIMIT,1701956220704,1057,0.7739786
EDUUSDT,BUY,LIMIT,1701956226056,60,0.7747362
EDUUSDT,BUY,LIMIT,1701956227384,213,0.7743581
EDUUSDT,BUY,LIMIT,1701956228567,95,0.7755825
EDUUSDT,BUY,LIMIT,1701956259355,21,0.7765201
EDUUSDT,BUY,LIMIT,1701956260357,174,0.7762338
EDUUSDT,BUY,LIMIT,1701956262132,753,0.7768557
EDUUSDT,BUY,LIMIT,1701956272349,1596,0.7784165
EDUUSDT,BUY,LIMIT,1701956273528,109,0.7788480
EDUUSDT,SELL,LIMIT,1701956302185,1875,0.7516909
EDUUSDT,SELL,LIMIT,1701956303552,395,0.7511500
EDUUSDT,SELL,LIMIT,1701956346885,65,0.7454861
EDUUSDT,SELL,LIMIT,1701956352374,664,0.7444619
EDUUSDT,SELL,LIMIT,1701956357351,11,0.7440508
EDUUSDT,SELL,LIMIT,1701956358810,129,0.7433749
EDUUSDT,SELL,LIMIT,1701956360676,293,0.7430898
EDUUSDT,BUY,LIMIT,1701956370642,331,0.7694543
EDUUSDT,BUY,LIMIT,1701956408586,5595,0.7711970
EDUUSDT,BUY,LIMIT,1701956411355,1354,0.7713894
EDUUSDT,BUY,LIMIT,1701956415108,6196,0.7734115
EDUUSDT,BUY,LIMIT,1701956480354,267,0.7788724
EDUUSDT,BUY,LIMIT,1701956482387,8966,0.7813535
EDUUSDT,BUY,LIMIT,1701956485426,9,0.7801470
EDUUSDT,SELL,LIMIT,1701956542308,186,0.7504271
EDUUSDT,SELL,LIMIT,1701956543434,462,0.7485691
EDUUSDT,SELL,LIMIT,1701956678165,4054,0.7439271
EDUUSDT,SELL,LIMIT,1701956688713,230,0.7411294
EDUUSDT,SELL,LIMIT,1701956753427,114,0.7397530
EDUUSDT,SELL,LIMIT,1701956767139,267,0.7367860
EDUUSDT,SELL,LIMIT,1701956768354,498,0.7376987
EDUUSDT,SELL,LIMIT,1701956769852,7,0.7345513
EDUUSDT,BUY,LIMIT,1701956852110,4159,0.7648500
EDUUSDT,BUY,LIMIT,1701956854431,346,0.7657253
EDUUSDT,SELL,LIMIT,1701956888283,6535,0.7375681
EDUUSDT,SELL,LIMIT,1701956891269,362,0.7373834
EDUUSDT,BUY,LIMIT,1701956926105,223,0.7629123
EDUUSDT,SELL,LIMIT,1701957032252,4228,0.7329285
EDUUSDT,BUY,LIMIT,1701957070362,4136,0.7624840
EDUUSDT,BUY,LIMIT,1701957162288,140,0.7665318
EDUUSDT,BUY,LIMIT,1701957180698,73,0.7669260
EDUUSDT,BUY,LIMIT,1701957212487,361,0.7699696
EDUUSDT,BUY,LIMIT,1701957248466,405,0.7727118
EDUUSDT,BUY,LIMIT,1701957264975,1647,0.7738629
EDUUSDT,BUY,LIMIT,1701957266360,6689,0.7746318
EDUUSDT,SELL,LIMIT,1701957370070,674,0.7474308
EDUUSDT,SELL,LIMIT,1701957395003,1639,0.7471086
EDUUSDT,BUY,LIMIT,1701957497373,208,0.7749362
EDUUSDT,BUY,LIMIT,1701957499158,655,0.7760435
EDUUSDT,BUY,LIMIT,1701957503247,260,0.7761526
EDUUSDT,BUY,LIMIT,1701957506667,3743,0.7769291
EDUUSDT,BUY,LIMIT,1701957543977,304,0.7791605
EDUUSDT,BUY,LIMIT,1701957545135,184,0.7800617
EDUUSDT,BUY,LIMIT,1701957549244,836,0.7805507
EDUUSDT,SELL,LIMIT,1701957614413,23,0.7524358
EDUUSDT,SELL,LIMIT,1701957615978,587,0.7489018
EDUUSDT,BUY,LIMIT,1701957650738,143,0.7754508
EDUUSDT,SELL,LIMIT,1701957729164,594,0.7478908
EDUUSDT,SELL,LIMIT,1701957734680,6000,0.7454313
EDUUSDT,SELL,LIMIT,1701957784110,526,0.7431883
EDUUSDT,BUY,LIMIT,1701957812690,22,0.7691292
EDUUSDT,BUY,LIMIT,1701957816193,231,0.7699225
EDUUSDT,BUY,LIMIT,1701957833490,659,0.7730229
EDUUSDT,BUY,LIMIT,1701957835084,74,0.7743101
EDUUSDT,SELL,LIMIT,1701957860331,71,0.7456573
EDUUSDT,SELL,LIMIT,1701957863529,1022,0.7443712
EDUUSDT,SELL,LIMIT,1701957916074,907,0.7417990
EDUUSDT,SELL,LIMIT,1701957918591,1186,0.7414339
EDUUSDT,SELL,LIMIT,1701957940391,397,0.7399531
EDUUSDT,SELL,LIMIT,1701958147277,28,0.7387400
EDUUSDT,SELL,LIMIT,1701958151221,617,0.7378975
EDUUSDT,SELL,LIMIT,1701958168649,11,0.7375487
EDUUSDT,SELL,LIMIT,1701958170191,3979,0.7367248
EDUUSDT,BUY,LIMIT,1701958192230,104,0.7624150
EDUUSDT,BUY,LIMIT,1701958198554,901,0.7646486
EDUUSDT,SELL,LIMIT,1701958266400,644,0.7383183
EDUUSDT,BUY,LIMIT,1701958341114,667,0.7643647
EDUUSDT,BUY,LIMIT,1701958344267,517,0.7650269
EDUUSDT,SELL,LIMIT,1701958387012,496,0.7379383
EDUUSDT,SELL,LIMIT,1701958397433,436,0.7352915
EDUUSDT,BUY,LIMIT,1701958547929,26,0.7630938
EDUUSDT,BUY,LIMIT,1701958550115,175,0.7637441
EDUUSDT,BUY,LIMIT,1701958551286,666,0.7644340
EDUUSDT,BUY,LIMIT,1701958555173,38,0.7653328
EDUUSDT,BUY,LIMIT,1701958557366,4183,0.7656854
EDUUSDT,BUY,LIMIT,1701958559824,337,0.7669940
EDUUSDT,BUY,LIMIT,1701958561237,69,0.7673776
EDUUSDT,BUY,LIMIT,1701958565107,336,0.7681948
EDUUSDT,BUY,LIMIT,1701958566311,266,0.7687627
EDUUSDT,BUY,LIMIT,1701958571717,17,0.7704260
EDUUSDT,SELL,LIMIT,1701958633251,219,0.7325036
EDUUSDT,SELL,LIMIT,1701958634358,92,0.7327070
EDUUSDT,SELL,LIMIT,1701958637143,62,0.7321476
EDUUSDT,SELL,LIMIT,1701958640511,6638,0.7316801
EDUUSDT,SELL,LIMIT,1701958643150,25,0.7314500
EDUUSDT,SELL,LIMIT,1701958644459,147,0.7305333
EDUUSDT,SELL,LIMIT,1701958646059,2468,0.7255806
EDUUSDT,SELL,LIMIT,1701958647137,2749,0.7262425
EDUUSDT,SELL,LIMIT,1701958648337,531,0.7253481
EDUUSDT,BUY,LIMIT,1701959496190,157,0.7513353
EDUUSDT,SELL,LIMIT,1701959573887,256,0.7291571
EDUUSDT,SELL,LIMIT,1701959583182,213,0.7276488
EDUUSDT,SELL,LIMIT,1701959585018,106,0.7276026
EDUUSDT,BUY,LIMIT,1701959711176,2327,0.7533317
EDUUSDT,BUY,LIMIT,1701959744533,733,0.7542835
EDUUSDT,BUY,LIMIT,1701959757256,43,0.7517124
EDUUSDT,BUY,LIMIT,1701959811404,66,0.7567389
EDUUSDT,BUY,LIMIT,1701959840282,2818,0.7464960
EDUUSDT,SELL,LIMIT,1701960022055,31,0.7236091
EDUUSDT,SELL,LIMIT,1701960032130,225,0.7226251
EDUUSDT,SELL,LIMIT,1701960033242,343,0.7215287
EDUUSDT,BUY,LIMIT,1701960996076,76,0.7565814
EDUUSDT,BUY,LIMIT,1701960997227,674,0.7572491
EDUUSDT,BUY,LIMIT,1701961004486,16,0.7579536
EDUUSDT,BUY,LIMIT,1701961014211,616,0.7589785
EDUUSDT,BUY,LIMIT,1701961015964,237,0.7594255
EDUUSDT,BUY,LIMIT,1701961042070,1551,0.7600017
EDUUSDT,BUY,LIMIT,1701961050187,203,0.7606833
EDUUSDT,SELL,LIMIT,1701961171835,3930,0.7277003
EDUUSDT,BUY,LIMIT,1701961280967,956,0.7512310
EDUUSDT,SELL,LIMIT,1701961334095,2857,0.7233574
EDUUSDT,SELL,LIMIT,1701961343173,10,0.7224736
EDUUSDT,SELL,LIMIT,1701961376683,229,0.7197145
EDUUSDT,SELL,LIMIT,1701961389144,634,0.7155611
EDUUSDT,SELL,LIMIT,1701961390176,5464,0.7181123
EDUUSDT,SELL,LIMIT,1701961391182,6372,0.7128872
EDUUSDT,SELL,LIMIT,1701961397116,33,0.7126501
EDUUSDT,SELL,LIMIT,1701961402473,1568,0.7114956
EDUUSDT,SELL,LIMIT,1701961404577,1639,0.7087934
EDUUSDT,SELL,LIMIT,1701961406475,2520,0.7087360
EDUUSDT,SELL,LIMIT,1701961407805,109,0.7079942
EDUUSDT,SELL,LIMIT,1701961409267,1060,0.7072126
EDUUSDT,SELL,LIMIT,1701961410382,591,0.7072673
EDUUSDT,SELL,LIMIT,1701961414015,297,0.7065579
EDUUSDT,SELL,LIMIT,1701961415207,280,0.7059601
EDUUSDT,BUY,LIMIT,1701961437064,174,0.7313865
EDUUSDT,SELL,LIMIT,1701961457093,57,0.7079211
EDUUSDT,SELL,LIMIT,1701961459270,576,0.7069575
EDUUSDT,SELL,LIMIT,1701961461165,806,0.7055641
EDUUSDT,SELL,LIMIT,1701961463058,1967,0.7043699
EDUUSDT,SELL,LIMIT,1701961467101,821,0.7010058
EDUUSDT,SELL,LIMIT,1701961468349,622,0.7007155
EDUUSDT,SELL,LIMIT,1701961473234,405,0.6991424
EDUUSDT,SELL,LIMIT,1701961474258,3756,0.6993670
EDUUSDT,SELL,LIMIT,1701961476110,460,0.6982633
EDUUSDT,SELL,LIMIT,1701961477116,484,0.6985205
EDUUSDT,SELL,LIMIT,1701961512685,1250,0.7009811
EDUUSDT,SELL,LIMIT,1701961748548,13,0.7029912
EDUUSDT,BUY,LIMIT,1701961780818,138,0.7266365
EDUUSDT,BUY,LIMIT,1701961886986,1025,0.7273740
EDUUSDT,SELL,LIMIT,1701961932778,134,0.7009880
EDUUSDT,SELL,LIMIT,1701961951406,394,0.6977302
EDUUSDT,BUY,LIMIT,1701962063619,24,0.7238206
EDUUSDT,BUY,LIMIT,1701962522455,6,0.7306405
EDUUSDT,SELL,LIMIT,1701962723155,75,0.7089138
EDUUSDT,SELL,LIMIT,1701962753317,380,0.7057325
EDUUSDT,SELL,LIMIT,1701962985229,621,0.7013123
EDUUSDT,SELL,LIMIT,1701963312270,759,0.7101590
EDUUSDT,SELL,LIMIT,1701963415927,24,0.7073461
EDUUSDT,SELL,LIMIT,1701963826085,496,0.7091179
EDUUSDT,BUY,LIMIT,1701963951324,483,0.7321536
EDUUSDT,SELL,LIMIT,1701963992211,276,0.7085551
EDUUSDT,SELL,LIMIT,1701964178070,757,0.7071648
EDUUSDT,BUY,LIMIT,1701964229451,1292,0.7312232
EDUUSDT,SELL,LIMIT,1701964518473,193,0.7060242
EDUUSDT,SELL,LIMIT,1701964527257,405,0.7051101
EDUUSDT,SELL,LIMIT,1701964687769,396,0.7027161
EDUUSDT,SELL,LIMIT,1701964702741,545,0.7020104
EDUUSDT,SELL,LIMIT,1701964710383,120,0.7017102
EDUUSDT,SELL,LIMIT,1701964723405,276,0.7053168
EDUUSDT,SELL,LIMIT,1701964771648,189,0.7030811
EDUUSDT,BUY,LIMIT,1701964959062,413,0.7268393
EDUUSDT,BUY,LIMIT,1701964960483,5640,0.7275304
EDUUSDT,BUY,LIMIT,1701965017114,164,0.7282625
EDUUSDT,BUY,LIMIT,1701965059375,2,0.6252039
EDUUSDT,BUY,LIMIT,1701965060842,3519,0.7253498
EDUUSDT,SELL,LIMIT,1701965063720,43,0.7044894
EDUUSDT,SELL,LIMIT,1701965095997,206,0.7012425
EDUUSDT,SELL,LIMIT,1701965104084,539,0.6999320
EDUUSDT,SELL,LIMIT,1701965194523,62,0.6985517
EDUUSDT,SELL,LIMIT,1701965212543,5575,0.6981681
EDUUSDT,SELL,LIMIT,1701965223853,81,0.6972664
EDUUSDT,SELL,LIMIT,1701965225255,596,0.6966501
EDUUSDT,SELL,LIMIT,1701965231250,41,0.6959398
EDUUSDT,BUY,LIMIT,1701965900279,930,0.7238450
EDUUSDT,SELL,LIMIT,1701966446116,951,0.6946624
EDUUSDT,SELL,LIMIT,1701966650566,1204,0.6927075
EDUUSDT,SELL,LIMIT,1701966651901,210,0.6924711
EDUUSDT,SELL,LIMIT,1701966675235,205,0.6909550
EDUUSDT,SELL,LIMIT,1701966676734,823,0.6905497
EDUUSDT,SELL,LIMIT,1701966677963,197,0.6902563
EDUUSDT,SELL,LIMIT,1701966688261,130,0.6898925
EDUUSDT,SELL,LIMIT,1701966690384,7451,0.6880754
EDUUSDT,SELL,LIMIT,1701967432635,563,0.6958402
EDUUSDT,SELL,LIMIT,1701967884675,2342,0.6928614
EDUUSDT,SELL,LIMIT,1701968689559,742,0.6917273
EDUUSDT,SELL,LIMIT,1701970719153,485,0.6931032
EDUUSDT,SELL,LIMIT,1701970998774,1558,0.6882196
EDUUSDT,SELL,LIMIT,1701971000406,73,0.6879929
EDUUSDT,SELL,LIMIT,1701971010375,500,0.6877131
EDUUSDT,BUY,LIMIT,1701971288143,519,0.7120188
EDUUSDT,SELL,LIMIT,1701972491454,324,0.6917961
EDUUSDT,SELL,LIMIT,1701973296848,1629,0.6889091
EDUUSDT,SELL,LIMIT,1701974251625,132,0.6868053
EDUUSDT,SELL,LIMIT,1701974257338,20,0.6863775
EDUUSDT,SELL,LIMIT,1701974258411,160,0.6865322
EDUUSDT,SELL,LIMIT,1701974266573,7140,0.6860504
EDUUSDT,SELL,LIMIT,1701974275472,2560,0.6853349
EDUUSDT,SELL,LIMIT,1701974285750,82,0.6849816
EDUUSDT,SELL,LIMIT,1701974287159,3118,0.6842502
EDUUSDT,SELL,LIMIT,1701974288376,130,0.6838209
EDUUSDT,SELL,LIMIT,1701974295242,1359,0.6836619
EDUUSDT,SELL,LIMIT,1701974306728,241,0.6829567
EDUUSDT,SELL,LIMIT,1701974308366,64,0.6828221
EDUUSDT,BUY,LIMIT,1701975492095,14,0.7086585
EDUUSDT,SELL,LIMIT,1701977008383,9,0.6855355
EDUUSDT,SELL,LIMIT,1701977188937,674,0.6838199
EDUUSDT,SELL,LIMIT,1701977350960,2025,0.6837102
EDUUSDT,BUY,LIMIT,1701978021385,60,0.7115233
EDUUSDT,BUY,LIMIT,1701978041052,7185,0.7133655
EDUUSDT,SELL,LIMIT,1701978153051,375,0.6923190
EDUUSDT,BUY,LIMIT,1701978647388,71,0.7152541
EDUUSDT,SELL,LIMIT,1701980304769,480,0.6885346
EDUUSDT,SELL,LIMIT,1701980489184,227,0.6888276
EDUUSDT,SELL,LIMIT,1701981344230,188,0.6851599
EDUUSDT,SELL,LIMIT,1701981346656,109,0.6849639
EDUUSDT,SELL,LIMIT,1701981365437,14,0.6837871
EDUUSDT,SELL,LIMIT,1701981504090,299,0.6833002
EDUUSDT,SELL,LIMIT,1701981509263,147,0.6827442
EDUUSDT,SELL,LIMIT,1701981511951,54,0.6823098
EDUUSDT,SELL,LIMIT,1701981517144,56,0.6819331
EDUUSDT,SELL,LIMIT,1701981523423,1485,0.6821587
EDUUSDT,SELL,LIMIT,1701981537088,882,0.6811344
EDUUSDT,SELL,LIMIT,1701981572427,1496,0.6808465
EDUUSDT,BUY,LIMIT,1701982188384,3302,0.7061686
EDUUSDT,SELL,LIMIT,1701985019226,120,0.6854054
EDUUSDT,SELL,LIMIT,1701985134419,68,0.6857195
EDUUSDT,SELL,LIMIT,1701987099106,142,0.6857161
EDUUSDT,SELL,LIMIT,1701987435364,1785,0.6823681
EDUUSDT,SELL,LIMIT,1701987496053,722,0.6803021
EDUUSDT,SELL,LIMIT,1701987557564,398,0.6799442
EDUUSDT,SELL,LIMIT,1701987562104,36737,0.6743489
EDUUSDT,SELL,LIMIT,1701987572596,127,0.6796601
EDUUSDT,SELL,LIMIT,1701987573819,30,0.6793143
EDUUSDT,SELL,LIMIT,1701987576069,185,0.6787253
EDUUSDT,SELL,LIMIT,1701987583250,260,0.6782984
EDUUSDT,SELL,LIMIT,1701987644443,71,0.6775429
EDUUSDT,SELL,LIMIT,1701987657121,145,0.6768755
EDUUSDT,SELL,LIMIT,1701988365151,1771,0.6771996
EDUUSDT,SELL,LIMIT,1701988372248,14,0.6768921
EDUUSDT,SELL,LIMIT,1701988386859,12616,0.6736048
EDUUSDT,SELL,LIMIT,1701988388519,5211,0.6763980
EDUUSDT,SELL,LIMIT,1701988392762,280,0.6753204
EDUUSDT,SELL,LIMIT,1701988429466,5309,0.6752944
EDUUSDT,SELL,LIMIT,1701988439450,558,0.6750831
EDUUSDT,SELL,LIMIT,1701988538824,1987,0.6750336
EDUUSDT,SELL,LIMIT,1701988589348,50,0.6745728
EDUUSDT,SELL,LIMIT,1701991036468,99,0.6771272
EDUUSDT,BUY,LIMIT,1701992510118,72,0.7030441
EDUUSDT,BUY,LIMIT,1701992642328,693,0.7047040
EDUUSDT,BUY,LIMIT,1701994195888,143,0.7123053
EDUUSDT,BUY,LIMIT,1701994202961,1813,0.7165461
EDUUSDT,BUY,LIMIT,1701994209326,124,0.7214824
EDUUSDT,BUY,LIMIT,1701994218092,47,0.7299424
EDUUSDT,BUY,LIMIT,1701994219426,389,0.7332880
EDUUSDT,BUY,LIMIT,1701994221820,121,0.7424150
EDUUSDT,BUY,LIMIT,1701994224818,97,0.7404260
EDUUSDT,BUY,LIMIT,1701994253426,161,0.7464979
EDUUSDT,SELL,LIMIT,1701994288605,81,0.7097141
EDUUSDT,SELL,LIMIT,1701994298262,136,0.7053442
EDUUSDT,BUY,LIMIT,1701994303288,70,0.7330205
EDUUSDT,BUY,LIMIT,1701994416693,35,0.7364488
EDUUSDT,SELL,LIMIT,1701994532777,7,0.7099802
EDUUSDT,SELL,LIMIT,1701994553124,14,0.7086075
EDUUSDT,BUY,LIMIT,1701995127176,1279,0.7325714
EDUUSDT,BUY,LIMIT,1701995218283,311,0.7405893
EDUUSDT,BUY,LIMIT,1701995235934,1885,0.7397232
EDUUSDT,BUY,LIMIT,1701995240239,72,0.7408689
EDUUSDT,SELL,LIMIT,1701995387939,1411,0.7113972
EDUUSDT,SELL,LIMIT,1701995393019,4632,0.7107815
EDUUSDT,SELL,LIMIT,1701995394435,601,0.7106352
EDUUSDT,SELL,LIMIT,1701995405424,91,0.7085768
EDUUSDT,BUY,LIMIT,1701995478286,124,0.7434012
EDUUSDT,SELL,LIMIT,1701995531057,10,0.7175970
EDUUSDT,SELL,LIMIT,1701995542054,306,0.7155203
EDUUSDT,SELL,LIMIT,1701995549085,985,0.7112615
EDUUSDT,SELL,LIMIT,1701995580329,45,0.7071316
EDUUSDT,SELL,LIMIT,1701995581785,399,0.7066688
EDUUSDT,SELL,LIMIT,1701995584863,274,0.7042459
EDUUSDT,BUY,LIMIT,1701995637086,989,0.7258846
EDUUSDT,BUY,LIMIT,1701995754806,19,0.7287490
EDUUSDT,BUY,LIMIT,1701996052280,523,0.7342663
EDUUSDT,SELL,LIMIT,1701996308917,35,0.7067660
EDUUSDT,SELL,LIMIT,1701996341903,463,0.7038381
EDUUSDT,SELL,LIMIT,1701996872505,2482,0.7120805
EDUUSDT,SELL,LIMIT,1701997311299,8,0.7053679
EDUUSDT,SELL,LIMIT,1701998370181,72,0.7106451
EDUUSDT,BUY,LIMIT,1701999182824,1457,0.7392603
EDUUSDT,BUY,LIMIT,1701999453831,267,0.7441081
EDUUSDT,BUY,LIMIT,1701999647258,26,0.7442375
EDUUSDT,BUY,LIMIT,1701999663692,207,0.7479779
EDUUSDT,BUY,LIMIT,1701999732548,1500,0.7501295
EDUUSDT,BUY,LIMIT,1701999751589,1938,0.7515872
EDUUSDT,BUY,LIMIT,1701999755349,314,0.7526016
EDUUSDT,BUY,LIMIT,1701999770259,194,0.7537930
EDUUSDT,BUY,LIMIT,1701999829534,8,0.7553251
EDUUSDT,BUY,LIMIT,1701999955621,1358,0.7563665
EDUUSDT,BUY,LIMIT,1701999980659,18,0.7598665
EDUUSDT,BUY,LIMIT,1701999992048,4085,0.7629338
EDUUSDT,BUY,LIMIT,1701999994083,34,0.7636749
EDUUSDT,BUY,LIMIT,1702000040090,299,0.7661298
EDUUSDT,BUY,LIMIT,1702000043092,10153,0.7698285
EDUUSDT,BUY,LIMIT,1702000045550,832,0.7676156
EDUUSDT,SELL,LIMIT,1702000127872,324,0.7394247
EDUUSDT,SELL,LIMIT,1702000131513,87,0.7356165
EDUUSDT,BUY,LIMIT,1702000302447,4132,0.7642931
EDUUSDT,BUY,LIMIT,1702000492812,29,0.7698308
EDUUSDT,BUY,LIMIT,1702000503217,1187,0.7707576
EDUUSDT,SELL,LIMIT,1702000700140,767,0.7419430
EDUUSDT,BUY,LIMIT,1702001108323,671,0.7690257
EDUUSDT,SELL,LIMIT,1702001217361,1540,0.7415162
EDUUSDT,SELL,LIMIT,1702001222739,7,0.7415136
EDUUSDT,SELL,LIMIT,1702001270682,95,0.7402415
EDUUSDT,SELL,LIMIT,1702001281150,1328,0.7376140
EDUUSDT,BUY,LIMIT,1702001328213,100,0.7613764
EDUUSDT,SELL,LIMIT,1702001365311,301,0.7330883
EDUUSDT,SELL,LIMIT,1702001606765,50,0.7315701
EDUUSDT,SELL,LIMIT,1702001636720,22,0.7306333
EDUUSDT,SELL,LIMIT,1702001720149,37,0.7255433
EDUUSDT,BUY,LIMIT,1702001844416,418,0.7493070
EDUUSDT,SELL,LIMIT,1702002285579,749,0.7217348
EDUUSDT,BUY,LIMIT,1702003245628,9,0.7488819
EDUUSDT,BUY,LIMIT,1702003346345,1084,0.7507172
EDUUSDT,BUY,LIMIT,1702003654254,737,0.7482075
EDUUSDT,SELL,LIMIT,1702004493197,2085,0.7264684
EDUUSDT,SELL,LIMIT,1702004677124,604,0.7244761
EDUUSDT,SELL,LIMIT,1702004747143,203,0.7228501
EDUUSDT,SELL,LIMIT,1702004881556,26,0.7191484
EDUUSDT,SELL,LIMIT,1702005082441,7,0.7189597
EDUUSDT,SELL,LIMIT,1702005084055,194,0.7181972
EDUUSDT,SELL,LIMIT,1702005090511,231,0.7178986
EDUUSDT,SELL,LIMIT,1702005097819,461,0.7158775
EDUUSDT,SELL,LIMIT,1702005927186,1864,0.7159831
EDUUSDT,SELL,LIMIT,1702005942350,101,0.7154322
EDUUSDT,SELL,LIMIT,1702005974228,18,0.7145034
EDUUSDT,SELL,LIMIT,1702005983353,748,0.7116226
EDUUSDT,SELL,LIMIT,1702005984409,7447,0.7082864
EDUUSDT,SELL,LIMIT,1702005986923,1330,0.7083530
EDUUSDT,BUY,LIMIT,1702007154540,41,0.7327284
EDUUSDT,BUY,LIMIT,1702007378445,208,0.7359686
EDUUSDT,BUY,LIMIT,1702008179369,23,0.7390244
EDUUSDT,SELL,LIMIT,1702008357018,343,0.7079300
EDUUSDT,SELL,LIMIT,1702008413051,134,0.7067901
EDUUSDT,SELL,LIMIT,1702008420461,534,0.7058405
EDUUSDT,SELL,LIMIT,1702009797180,153,0.7044557
EDUUSDT,SELL,LIMIT,1702009798746,6868,0.7038791
EDUUSDT,SELL,LIMIT,1702010428116,36,0.7031954
EDUUSDT,SELL,LIMIT,1702010429441,113,0.7028977
EDUUSDT,SELL,LIMIT,1702010492620,1403,0.7025700
EDUUSDT,SELL,LIMIT,1702010772944,247,0.7012883
EDUUSDT,SELL,LIMIT,1702010775154,44,0.7007023
EDUUSDT,SELL,LIMIT,1702010881933,290,0.7003205
EDUUSDT,SELL,LIMIT,1702010926310,972,0.6996684
EDUUSDT,SELL,LIMIT,1702010930824,137,0.6992560
EDUUSDT,SELL,LIMIT,1702010932403,1910,0.6990699
EDUUSDT,SELL,LIMIT,1702010953792,6440,0.6982419
EDUUSDT,SELL,LIMIT,1702011010954,2751,0.6979112
EDUUSDT,SELL,LIMIT,1702011150931,304,0.6971542
EDUUSDT,SELL,LIMIT,1702011165233,392,0.6964662
EDUUSDT,SELL,LIMIT,1702011187647,155,0.6955592
EDUUSDT,SELL,LIMIT,1702013409500,288,0.7037698
EDUUSDT,SELL,LIMIT,1702014496871,363,0.7013200
EDUUSDT,SELL,LIMIT,1702014698214,14,0.7004511
EDUUSDT,BUY,LIMIT,1702015485434,758,0.7263918
EDUUSDT,SELL,LIMIT,1702016240562,47,0.7149282
EDUUSDT,SELL,LIMIT,1702016672944,133,0.7072301
EDUUSDT,SELL,LIMIT,1702017337173,515,0.7016703
EDUUSDT,SELL,LIMIT,1702017600690,6630,0.6996859
EDUUSDT,BUY,LIMIT,1702018094608,1882,0.7223746
EDUUSDT,SELL,LIMIT,1702019177474,58,0.6971706
EDUUSDT,SELL,LIMIT,1702020190239,45,0.6990960
EDUUSDT,SELL,LIMIT,1702021311858,2424,0.7013164
EDUUSDT,SELL,LIMIT,1702022134129,507,0.6990072
EDUUSDT,SELL,LIMIT,1702022513154,423,0.6964865
EDUUSDT,SELL,LIMIT,1702022547744,7037,0.6949111
EDUUSDT,SELL,LIMIT,1702022551422,6978,0.6931670
EDUUSDT,SELL,LIMIT,1702022554183,140,0.6925557
EDUUSDT,SELL,LIMIT,1702022685126,202,0.6902965
EDUUSDT,SELL,LIMIT,1702022805442,645,0.6897213
EDUUSDT,BUY,LIMIT,1702026108762,18,0.7180892
EDUUSDT,BUY,LIMIT,1702027091178,7019,0.7207561
EDUUSDT,SELL,LIMIT,1702029387124,288,0.6924222
EDUUSDT,SELL,LIMIT,1702030281832,420,0.6878811
EDUUSDT,BUY,LIMIT,1702034883198,94,0.7345016
EDUUSDT,BUY,LIMIT,1702034903805,123,0.7385343
EDUUSDT,BUY,LIMIT,1702035118733,425,0.7394284
EDUUSDT,SELL,LIMIT,1702035221483,687,0.7132917
EDUUSDT,BUY,LIMIT,1702035894153,87,0.7637172
EDUUSDT,BUY,LIMIT,1702035895284,1790,0.7567291
EDUUSDT,BUY,LIMIT,1702035898759,6,0.7731789
EDUUSDT,BUY,LIMIT,1702035900743,103,0.7741681
EDUUSDT,BUY,LIMIT,1702035902520,135,0.7750907
EDUUSDT,BUY,LIMIT,1702035929376,1307,0.7794290
EDUUSDT,SELL,LIMIT,1702035955655,717,0.7514781
EDUUSDT,SELL,LIMIT,1702035964262,187,0.7447777
EDUUSDT,SELL,LIMIT,1702035965629,552,0.7454902
EDUUSDT,SELL,LIMIT,1702035967248,2091,0.7423148
EDUUSDT,SELL,LIMIT,1702036020018,22,0.7389448
EDUUSDT,BUY,LIMIT,1702036300841,6581,0.7749463
EDUUSDT,BUY,LIMIT,1702036376701,26,0.7781671
EDUUSDT,BUY,LIMIT,1702036419044,40,0.7813204
EDUUSDT,BUY,LIMIT,1702036425450,613,0.7837603
EDUUSDT,BUY,LIMIT,1702036442759,48,0.7859935
EDUUSDT,BUY,LIMIT,1702036452667,11,0.7878059
EDUUSDT,BUY,LIMIT,1702036569618,6506,0.7858932
EDUUSDT,BUY,LIMIT,1702036587888,58,0.7892771
EDUUSDT,BUY,LIMIT,1702036591336,1154,0.7910531
EDUUSDT,BUY,LIMIT,1702036593830,206,0.7919665
EDUUSDT,SELL,LIMIT,1702036625151,6460,0.7584161
EDUUSDT,SELL,LIMIT,1702036630451,308,0.7556304
EDUUSDT,SELL,LIMIT,1702036780041,1261,0.7582642
EDUUSDT,SELL,LIMIT,1702036810499,69,0.7568057
EDUUSDT,SELL,LIMIT,1702036813089,32,0.7560026
EDUUSDT,SELL,LIMIT,1702036907955,57,0.7528836
EDUUSDT,SELL,LIMIT,1702037078096,6581,0.7479248
EDUUSDT,SELL,LIMIT,1702037283215,36,0.7469334
EDUUSDT,SELL,LIMIT,1702037288325,274,0.7462995
EDUUSDT,BUY,LIMIT,1702037861287,4420,0.7723286
EDUUSDT,BUY,LIMIT,1702037892180,78,0.7735016
EDUUSDT,BUY,LIMIT,1702038088985,117,0.7767246
EDUUSDT,SELL,LIMIT,1702038667125,400,0.7534120
EDUUSDT,SELL,LIMIT,1702038673827,585,0.7531133
EDUUSDT,BUY,LIMIT,1702039260268,659,0.7774027
EDUUSDT,SELL,LIMIT,1702039465810,1078,0.7537089
EDUUSDT,SELL,LIMIT,1702039504010,98,0.7509333
EDUUSDT,SELL,LIMIT,1702039565073,76,0.7478616
EDUUSDT,SELL,LIMIT,1702039932042,198,0.7450199
EDUUSDT,SELL,LIMIT,1702039951602,502,0.7430045
EDUUSDT,SELL,LIMIT,1702039960883,1732,0.7419378
EDUUSDT,SELL,LIMIT,1702039970293,163,0.7417344
EDUUSDT,SELL,LIMIT,1702040331403,910,0.7411446
EDUUSDT,SELL,LIMIT,1702041145388,830,0.7448666
EDUUSDT,BUY,LIMIT,1702041503016,9,0.7739313
EDUUSDT,BUY,LIMIT,1702041571980,1134,0.7750339
EDUUSDT,BUY,LIMIT,1702041689346,4744,0.7779051
EDUUSDT,BUY,LIMIT,1702041694452,30,0.7780137
EDUUSDT,BUY,LIMIT,1702041931386,56,0.7764750
EDUUSDT,SELL,LIMIT,1702042241619,431,0.7458641
EDUUSDT,SELL,LIMIT,1702042582269,52,0.7450043
EDUUSDT,BUY,LIMIT,1702042848440,1656,0.7801737
EDUUSDT,BUY,LIMIT,1702042863732,3807,0.7818784
EDUUSDT,BUY,LIMIT,1702042867097,929,0.7836645
EDUUSDT,BUY,LIMIT,1702042870202,199,0.7843081
EDUUSDT,BUY,LIMIT,1702043010172,45,0.7884206
EDUUSDT,BUY,LIMIT,1702043011302,1640,0.7891299
EDUUSDT,BUY,LIMIT,1702043061374,10,0.7916312
EDUUSDT,BUY,LIMIT,1702043068666,2129,0.7925990
EDUUSDT,BUY,LIMIT,1702043073437,767,0.7934415
EDUUSDT,BUY,LIMIT,1702043075363,1,0.7947652
EDUUSDT,BUY,LIMIT,1702043082308,224,0.7953708
EDUUSDT,BUY,LIMIT,1702043083955,120,0.7959574
EDUUSDT,BUY,LIMIT,1702043089619,1402,0.7960456
EDUUSDT,BUY,LIMIT,1702043091142,180,0.7989833
EDUUSDT,BUY,LIMIT,1702043096955,3,0.7981809
EDUUSDT,BUY,LIMIT,1702043098086,10,0.7999815
EDUUSDT,BUY,LIMIT,1702043121440,2641,0.8008504
EDUUSDT,BUY,LIMIT,1702043135748,2221,0.8032019
EDUUSDT,SELL,LIMIT,1702043184366,2110,0.7749045
EDUUSDT,SELL,LIMIT,1702043192491,2873,0.7742181
EDUUSDT,SELL,LIMIT,1702043865591,46,0.7567299
EDUUSDT,BUY,LIMIT,1702044306335,1921,0.7845357
EDUUSDT,SELL,LIMIT,1702044892571,23,0.7551305
EDUUSDT,BUY,LIMIT,1702045469249,1362,0.7883438
EDUUSDT,BUY,LIMIT,1702046402136,292,0.7945828
EDUUSDT,BUY,LIMIT,1702046440101,1881,0.7979026
EDUUSDT,BUY,LIMIT,1702046521361,6431,0.8013046
EDUUSDT,BUY,LIMIT,1702046548444,294,0.8037166
EDUUSDT,BUY,LIMIT,1702046550102,841,0.8039403
EDUUSDT,BUY,LIMIT,1702046555238,1719,0.8048706
EDUUSDT,BUY,LIMIT,1702046828360,7,0.8091809
EDUUSDT,BUY,LIMIT,1702046831539,22,0.8100746
EDUUSDT,BUY,LIMIT,1702046861119,6007,0.8107724
EDUUSDT,BUY,LIMIT,1702046869111,222,0.8113543
EDUUSDT,BUY,LIMIT,1702046872186,674,0.8122908
EDUUSDT,SELL,LIMIT,1702046920715,26,0.7821441
EDUUSDT,SELL,LIMIT,1702046944241,130,0.7816175
EDUUSDT,SELL,LIMIT,1702047126424,43,0.7731097
EDUUSDT,SELL,LIMIT,1702047144138,95,0.7719076
EDUUSDT,SELL,LIMIT,1702047735288,34,0.7614098
EDUUSDT,SELL,LIMIT,1702047746766,197,0.7606306
EDUUSDT,SELL,LIMIT,1702048006187,51,0.7589610
EDUUSDT,SELL,LIMIT,1702048214335,45,0.7580247
EDUUSDT,SELL,LIMIT,1702048358134,1512,0.7553485
EDUUSDT,SELL,LIMIT,1702048359416,460,0.7553062
EDUUSDT,SELL,LIMIT,1702048429397,64,0.7537728
EDUUSDT,SELL,LIMIT,1702048431838,56,0.7527486
EDUUSDT,BUY,LIMIT,1702049004091,165,0.7815747
EDUUSDT,BUY,LIMIT,1702049187281,7,0.7830971
EDUUSDT,SELL,LIMIT,1702050490410,905,0.7494604
EDUUSDT,SELL,LIMIT,1702050626196,40,0.7490474
EDUUSDT,SELL,LIMIT,1702051877606,11,0.7454029
EDUUSDT,SELL,LIMIT,1702052195917,986,0.7446191
EDUUSDT,BUY,LIMIT,1702052586627,289,0.7710954
EDUUSDT,BUY,LIMIT,1702054060937,10,0.7751541
EDUUSDT,BUY,LIMIT,1702055157325,18,0.7791554
EDUUSDT,SELL,LIMIT,1702055269178,3295,0.7546737
EDUUSDT,BUY,LIMIT,1702055963645,517,0.7832742
EDUUSDT,SELL,LIMIT,1702056424608,939,0.7559117
EDUUSDT,SELL,LIMIT,1702056442049,141,0.7544116
EDUUSDT,BUY,LIMIT,1702056897542,3895,0.7860988
EDUUSDT,BUY,LIMIT,1702056901222,57,0.7868434
EDUUSDT,BUY,LIMIT,1702056902896,4253,0.7870850
EDUUSDT,SELL,LIMIT,1702059277590,267,0.7622574
EDUUSDT,BUY,LIMIT,1702059705182,129,0.7879986
EDUUSDT,BUY,LIMIT,1702060773354,368,0.7839464
EDUUSDT,SELL,LIMIT,1702063235664,127,0.7566942
EDUUSDT,SELL,LIMIT,1702063312454,1415,0.7546571
EDUUSDT,SELL,LIMIT,1702071652581,6485,0.7551370
EDUUSDT,SELL,LIMIT,1702071744365,5031,0.7537100
EDUUSDT,SELL,LIMIT,1702071745786,18,0.7535480
EDUUSDT,SELL,LIMIT,1702071746977,975,0.7534138
EDUUSDT,SELL,LIMIT,1702072129322,338,0.7523389
EDUUSDT,SELL,LIMIT,1702077759315,558,0.7501732
EDUUSDT,BUY,LIMIT,1702080152333,28,0.7775915
EDUUSDT,BUY,LIMIT,1702080420734,236,0.7785050
EDUUSDT,BUY,LIMIT,1702080776211,750,0.7764750
EDUUSDT,BUY,LIMIT,1702081585139,9,0.7733284
EDUUSDT,SELL,LIMIT,1702082273892,925,0.7449000
EDUUSDT,BUY,LIMIT,1702082300224,478,0.7672577
EDUUSDT,SELL,LIMIT,1702083296255,649,0.7445024
EDUUSDT,SELL,LIMIT,1702083312067,1302,0.7432173
EDUUSDT,SELL,LIMIT,1702083313437,3221,0.7434098
EDUUSDT,SELL,LIMIT,1702084218271,1325,0.7442569
EDUUSDT,BUY,LIMIT,1702084594836,7617,0.7746197
EDUUSDT,SELL,LIMIT,1702087718237,195,0.7421462
EDUUSDT,SELL,LIMIT,1702087730757,12,0.7416658
EDUUSDT,SELL,LIMIT,1702088578278,1440,0.7401652
EDUUSDT,SELL,LIMIT,1702088806321,404,0.7381357
EDUUSDT,SELL,LIMIT,1702088808909,151,0.7377727
EDUUSDT,SELL,LIMIT,1702089085533,7,0.7361364
EDUUSDT,SELL,LIMIT,1702089502365,18,0.7354111
EDUUSDT,SELL,LIMIT,1702089512310,12,0.7351925
EDUUSDT,SELL,LIMIT,1702089524077,340,0.7345583
EDUUSDT,SELL,LIMIT,1702089556277,633,0.7340754
EDUUSDT,SELL,LIMIT,1702090132201,308,0.7328490
EDUUSDT,SELL,LIMIT,1702090133995,191,0.7320835
EDUUSDT,SELL,LIMIT,1702096247404,399,0.7306764
EDUUSDT,BUY,LIMIT,1702098570516,625,0.7597529
EDUUSDT,BUY,LIMIT,1702099075118,193,0.7623488
EDUUSDT,SELL,LIMIT,1702101323600,9167,0.7273398
EDUUSDT,SELL,LIMIT,1702103719191,499,0.7280663
EDUUSDT,SELL,LIMIT,1702103720589,39,0.7277986
EDUUSDT,SELL,LIMIT,1702103738263,157,0.7276795
EDUUSDT,SELL,LIMIT,1702103740162,39,0.7276190
EDUUSDT,SELL,LIMIT,1702103764448,219,0.7273808
EDUUSDT,SELL,LIMIT,1702103788258,11,0.7270438
EDUUSDT,SELL,LIMIT,1702103789515,1464,0.7263238
EDUUSDT,SELL,LIMIT,1702103838542,895,0.7261942
EDUUSDT,SELL,LIMIT,1702103947945,1283,0.7254743
EDUUSDT,SELL,LIMIT,1702103949837,3353,0.7243136
EDUUSDT,BUY,LIMIT,1702104994477,14182,0.7505919
EDUUSDT,SELL,LIMIT,1702105152348,506,0.7237181
EDUUSDT,BUY,LIMIT,1702105402196,112,0.7465741
EDUUSDT,SELL,LIMIT,1702107511836,811,0.7366786
EDUUSDT,BUY,LIMIT,1702107864160,19,0.7565619
EDUUSDT,BUY,LIMIT,1702107972321,30,0.7577270
EDUUSDT,BUY,LIMIT,1702107982523,346,0.7592399
EDUUSDT,BUY,LIMIT,1702108055548,7,0.7640325
EDUUSDT,SELL,LIMIT,1702109510338,717,0.7492451
EDUUSDT,BUY,LIMIT,1702109741906,280,0.7698775
EDUUSDT,BUY,LIMIT,1702109747578,3172,0.7698570
EDUUSDT,BUY,LIMIT,1702110202223,35,0.7686594
EDUUSDT,BUY,LIMIT,1702110269147,15,0.7696922
EDUUSDT,SELL,LIMIT,1702110882082,132,0.7381888
EDUUSDT,SELL,LIMIT,1702110979319,970,0.7327727
EDUUSDT,SELL,LIMIT,1702111030470,6704,0.7310719
EDUUSDT,SELL,LIMIT,1702111031856,85,0.7309921
EDUUSDT,SELL,LIMIT,1702111038681,52,0.7300380
EDUUSDT,SELL,LIMIT,1702111045469,3132,0.7283463
EDUUSDT,SELL,LIMIT,1702111378800,6670,0.7269644
EDUUSDT,SELL,LIMIT,1702111387252,579,0.7253976
EDUUSDT,BUY,LIMIT,1702116540874,33,0.7646867
EDUUSDT,SELL,LIMIT,1702121386771,90,0.7346010
EDUUSDT,BUY,LIMIT,1702126541276,248,0.7626053
EDUUSDT,BUY,LIMIT,1702127473111,19,0.7557707
EDUUSDT,SELL,LIMIT,1702128687303,3407,0.7358063
EDUUSDT,SELL,LIMIT,1702132921320,17,0.7403174
EDUUSDT,SELL,LIMIT,1702132927979,9,0.7362497
EDUUSDT,SELL,LIMIT,1702132995250,1402,0.7334524
EDUUSDT,SELL,LIMIT,1702132997696,328,0.7322009
EDUUSDT,SELL,LIMIT,1702133000312,95,0.7314254
EDUUSDT,SELL,LIMIT,1702133003493,5000,0.7308645
EDUUSDT,SELL,LIMIT,1702133004733,65,0.7771342
EDUUSDT,SELL,LIMIT,1702133006682,156,0.7306458
EDUUSDT,SELL,LIMIT,1702133008794,456,0.7295045
EDUUSDT,SELL,LIMIT,1702135414130,7,0.7323476
EDUUSDT,BUY,LIMIT,1702137830718,1198,0.7655215
EDUUSDT,SELL,LIMIT,1702139264419,13,0.7396562
EDUUSDT,SELL,LIMIT,1702140770517,400,0.7401117
EDUUSDT,SELL,LIMIT,1702141558335,96,0.7389305
EDUUSDT,SELL,LIMIT,1702141705939,701,0.7365854
EDUUSDT,SELL,LIMIT,1702141848104,662,0.7323291
EDUUSDT,SELL,LIMIT,1702141849292,7,0.7323292
EDUUSDT,SELL,LIMIT,1702144792695,217,0.7432858
EDUUSDT,SELL,LIMIT,1702145097907,61,0.7453342
EDUUSDT,BUY,LIMIT,1702145830303,70,0.7708074
EDUUSDT,SELL,LIMIT,1702147678422,1100,0.7443557
EDUUSDT,SELL,LIMIT,1702153645431,38,0.8184849
EDUUSDT,SELL,LIMIT,1702153708262,1285,0.7430841
EDUUSDT,SELL,LIMIT,1702153776195,1506,0.7425350
EDUUSDT,SELL,LIMIT,1702156130099,6594,0.7386347
EDUUSDT,SELL,LIMIT,1702156367522,25,0.7358215
EDUUSDT,BUY,LIMIT,1702159771346,9,0.7659291
EDUUSDT,SELL,LIMIT,1702162579290,79,0.7333277
EDUUSDT,SELL,LIMIT,1702164116064,4120,0.7347116
EDUUSDT,SELL,LIMIT,1702164220338,25,0.7316367
EDUUSDT,SELL,LIMIT,1702164221521,36,0.7316340
EDUUSDT,SELL,LIMIT,1702164500584,455,0.7307735
EDUUSDT,SELL,LIMIT,1702164520778,1291,0.7297567
EDUUSDT,SELL,LIMIT,1702164533311,264,0.7289986
EDUUSDT,SELL,LIMIT,1702164548155,3538,0.7278868
EDUUSDT,SELL,LIMIT,1702164568573,66,0.7269436
EDUUSDT,SELL,LIMIT,1702164691508,544,0.7256601
EDUUSDT,SELL,LIMIT,1702164752257,1874,0.7268707
EDUUSDT,SELL,LIMIT,1702164801730,209,0.7253089
EDUUSDT,SELL,LIMIT,1702164803557,21,0.7249821
EDUUSDT,SELL,LIMIT,1702164805265,3092,0.7234082
EDUUSDT,SELL,LIMIT,1702164806269,537,0.7227865
EDUUSDT,SELL,LIMIT,1702164808242,7,0.7226192
EDUUSDT,SELL,LIMIT,1702164809576,138,0.7220024
EDUUSDT,SELL,LIMIT,1702164811107,1314,0.7216525
EDUUSDT,SELL,LIMIT,1702164848237,2558,0.7222622
EDUUSDT,BUY,LIMIT,1702166295613,155,0.7507355
EDUUSDT,SELL,LIMIT,1702167417123,1691,0.7290900
EDUUSDT,SELL,LIMIT,1702178118881,42,0.7310368
EDUUSDT,SELL,LIMIT,1702178273322,200,0.7271271
EDUUSDT,SELL,LIMIT,1702191150167,526,0.7255530
EDUUSDT,SELL,LIMIT,1702192816061,60,0.7216877
EDUUSDT,SELL,LIMIT,1702192827579,10656,0.7177813
EDUUSDT,SELL,LIMIT,1702192830871,201,0.7199575
EDUUSDT,SELL,LIMIT,1702192880498,34,0.7198670
EDUUSDT,SELL,LIMIT,1702192893153,663,0.7190904
EDUUSDT,SELL,LIMIT,1702192894158,198,0.7187030
EDUUSDT,SELL,LIMIT,1702192895275,1745,0.7177856
EDUUSDT,SELL,LIMIT,1702192896277,34,0.7172249
EDUUSDT,SELL,LIMIT,1702192903378,1738,0.7154858
EDUUSDT,SELL,LIMIT,1702192907482,794,0.7152797
EDUUSDT,SELL,LIMIT,1702193868354,426,0.7158442
EDUUSDT,SELL,LIMIT,1702193999914,1500,0.7133770
EDUUSDT,SELL,LIMIT,1702194001043,6972,0.7127985
EDUUSDT,SELL,LIMIT,1702194007106,968,0.7118001
EDUUSDT,SELL,LIMIT,1702195166576,1978,0.7103530
EDUUSDT,SELL,LIMIT,1702195211205,11,0.7101745
EDUUSDT,SELL,LIMIT,1702195212442,834,0.7103930
EDUUSDT,SELL,LIMIT,1702196679126,1049,0.7099881
EDUUSDT,SELL,LIMIT,1702196713298,22,0.7093729
EDUUSDT,SELL,LIMIT,1702196721837,24,0.7089587
EDUUSDT,SELL,LIMIT,1702196822842,4110,0.7061481
EDUUSDT,SELL,LIMIT,1702196864129,250,0.7058161
EDUUSDT,SELL,LIMIT,1702196865353,390,0.7059621
EDUUSDT,SELL,LIMIT,1702196866370,3748,0.7044860
EDUUSDT,SELL,LIMIT,1702196884144,266,0.7032270
EDUUSDT,SELL,LIMIT,1702196885280,1,0.7036839
EDUUSDT,SELL,LIMIT,1702196887343,47,0.7026638
EDUUSDT,SELL,LIMIT,1702200046898,185,0.7034942
EDUUSDT,SELL,LIMIT,1702200161999,297,0.7025479
EDUUSDT,SELL,LIMIT,1702200177867,25886,0.6966191
EDUUSDT,SELL,LIMIT,1702200180912,1438,0.7014235
EDUUSDT,SELL,LIMIT,1702200181999,677,0.7010613
EDUUSDT,SELL,LIMIT,1702200231166,570,0.7004208
EDUUSDT,SELL,LIMIT,1702200752718,1059,0.6997314
EDUUSDT,SELL,LIMIT,1702200756499,650,0.6985925
EDUUSDT,SELL,LIMIT,1702200758499,456,0.6983573
EDUUSDT,SELL,LIMIT,1702200760398,9,0.6980272
EDUUSDT,SELL,LIMIT,1702200762359,21,0.6976915
EDUUSDT,SELL,LIMIT,1702200765173,669,0.6974884
EDUUSDT,SELL,LIMIT,1702200775539,42,0.6972251
EDUUSDT,SELL,LIMIT,1702200812911,14074,0.6932115
EDUUSDT,SELL,LIMIT,1702200893090,8,0.6977741
EDUUSDT,SELL,LIMIT,1702200897656,1299,0.6979711
EDUUSDT,SELL,LIMIT,1702201487481,44,0.6977741
EDUUSDT,SELL,LIMIT,1702202053928,3737,0.6985853
EDUUSDT,SELL,LIMIT,1702202157133,66,0.6976756
EDUUSDT,SELL,LIMIT,1702202158341,1943,0.6976756
EDUUSDT,SELL,LIMIT,1702202297994,4333,0.6971494
EDUUSDT,SELL,LIMIT,1702202370076,64,0.6970083
EDUUSDT,SELL,LIMIT,1702202379066,3347,0.6956948
EDUUSDT,SELL,LIMIT,1702202380158,122,0.6955113
EDUUSDT,SELL,LIMIT,1702202381237,225,0.6954167
EDUUSDT,SELL,LIMIT,1702202392315,32,0.6949776
EDUUSDT,BUY,LIMIT,1702202688933,3523,0.7233647
EDUUSDT,BUY,LIMIT,1702203221353,3489,0.7308977
EDUUSDT,SELL,LIMIT,1702204637163,4,0.7149616
EDUUSDT,BUY,LIMIT,1702209972381,12,0.7291570
EDUUSDT,BUY,LIMIT,1702209979704,52,0.7296491
EDUUSDT,BUY,LIMIT,1702210952275,480,0.7326347
EDUUSDT,SELL,LIMIT,1702211660150,1084,0.7070124
EDUUSDT,SELL,LIMIT,1702218314171,4165,0.7059388
EDUUSDT,BUY,LIMIT,1702223050296,2624,0.7350595
EDUUSDT,SELL,LIMIT,1702225901193,744,0.7071316
EDUUSDT,SELL,LIMIT,1702228876144,265,0.7022910
EDUUSDT,SELL,LIMIT,1702228901605,387,0.7043176
EDUUSDT,SELL,LIMIT,1702229153490,11,0.7017293
EDUUSDT,SELL,LIMIT,1702229201876,2145,0.7000589
EDUUSDT,SELL,LIMIT,1702230137176,2765,0.6993045
EDUUSDT,SELL,LIMIT,1702230607635,38,0.6971184
EDUUSDT,BUY,LIMIT,1702231760593,36,0.7246606
EDUUSDT,SELL,LIMIT,1702232387412,678,0.7048252
EDUUSDT,BUY,LIMIT,1702232610450,1406,0.7266094
EDUUSDT,SELL,LIMIT,1702237727083,73,0.7018741
EDUUSDT,BUY,LIMIT,1702239857409,372,0.7280633
EDUUSDT,SELL,LIMIT,1702243630599,168,0.7044241
EDUUSDT,SELL,LIMIT,1702243721390,1066,0.7024036
EDUUSDT,SELL,LIMIT,1702243727151,1743,0.7021299
EDUUSDT,SELL,LIMIT,1702247677386,167,0.7050363
EDUUSDT,BUY,LIMIT,1702253351723,2991,0.7298763
EDUUSDT,SELL,LIMIT,1702256243077,23,0.7018233
EDUUSDT,SELL,LIMIT,1702256553355,274,0.6982111
EDUUSDT,SELL,LIMIT,1702256556537,973,0.6979093
EDUUSDT,SELL,LIMIT,1702256559798,71,0.6971079
EDUUSDT,SELL,LIMIT,1702256612783,202,0.6939844
EDUUSDT,SELL,LIMIT,1702256620279,882,0.6936603
EDUUSDT,SELL,LIMIT,1702256625776,320,0.6933603
EDUUSDT,SELL,LIMIT,1702256717074,650,0.6933073
EDUUSDT,SELL,LIMIT,1702256724768,395,0.6929900
EDUUSDT,SELL,LIMIT,1702256729360,525,0.6926934
EDUUSDT,SELL,LIMIT,1702256912563,406,0.6929376
EDUUSDT,SELL,LIMIT,1702256921421,558,0.6914537
EDUUSDT,SELL,LIMIT,1702256993395,1488,0.6905634
EDUUSDT,SELL,LIMIT,1702256995062,56,0.6902062
EDUUSDT,SELL,LIMIT,1702257006762,798,0.6899329
EDUUSDT,SELL,LIMIT,1702257009212,178,0.6883029
EDUUSDT,SELL,LIMIT,1702259503905,1388,0.6995369
EDUUSDT,SELL,LIMIT,1702260327822,1308,0.6925993
EDUUSDT,SELL,LIMIT,1702260430658,70,0.6899926
EDUUSDT,SELL,LIMIT,1702260432010,246,0.6900880
EDUUSDT,SELL,LIMIT,1702260434748,1426,0.6891441
EDUUSDT,SELL,LIMIT,1702260436381,55,0.6888052
EDUUSDT,SELL,LIMIT,1702260439933,69,0.6888714
EDUUSDT,SELL,LIMIT,1702260441052,100,0.6881836
EDUUSDT,SELL,LIMIT,1702260442762,755,0.6875982
EDUUSDT,SELL,LIMIT,1702260484190,143,0.6866941
EDUUSDT,SELL,LIMIT,1702260628169,3715,0.6871261
EDUUSDT,SELL,LIMIT,1702260630260,3891,0.6863503
EDUUSDT,SELL,LIMIT,1702260631333,6919,0.6856581
EDUUSDT,SELL,LIMIT,1702260633590,308,0.6853503
EDUUSDT,SELL,LIMIT,1702260635512,147,0.6846693
EDUUSDT,SELL,LIMIT,1702260637475,311,0.6837767
EDUUSDT,SELL,LIMIT,1702260638486,4692,0.6814627
EDUUSDT,SELL,LIMIT,1702260689413,1283,0.6809643
EDUUSDT,SELL,LIMIT,1702260694610,133,0.6807703
EDUUSDT,SELL,LIMIT,1702260695752,79,0.6800807
EDUUSDT,SELL,LIMIT,1702260697442,109,0.6800698
EDUUSDT,SELL,LIMIT,1702260699086,1531,0.6790689
EDUUSDT,SELL,LIMIT,1702260701173,279,0.6786748
EDUUSDT,SELL,LIMIT,1702260707977,264,0.6783248
EDUUSDT,SELL,LIMIT,1702260709036,228,0.6779681
EDUUSDT,SELL,LIMIT,1702260710054,288,0.6773575
EDUUSDT,SELL,LIMIT,1702260711571,26,0.6771964
EDUUSDT,SELL,LIMIT,1702260712582,319,0.6770225
EDUUSDT,SELL,LIMIT,1702260713709,171,0.6765977
EDUUSDT,SELL,LIMIT,1702260715561,158,0.6759768
EDUUSDT,SELL,LIMIT,1702260716631,968,0.6764913
EDUUSDT,SELL,LIMIT,1702260717780,77,0.6757340
EDUUSDT,SELL,LIMIT,1702260718941,1148,0.6753630
EDUUSDT,SELL,LIMIT,1702260720031,1000,0.6735831
EDUUSDT,SELL,LIMIT,1702260721132,279,0.7223078
EDUUSDT,SELL,LIMIT,1702260722275,310,0.6734615
EDUUSDT,SELL,LIMIT,1702260723477,2225,0.6724735
EDUUSDT,SELL,LIMIT,1702260724605,14,0.6718678
EDUUSDT,SELL,LIMIT,1702260725660,617,0.6719592
EDUUSDT,SELL,LIMIT,1702260727514,222,0.6700967
EDUUSDT,SELL,LIMIT,1702260729462,1862,0.6698995
EDUUSDT,SELL,LIMIT,1702260730534,1113,0.6685774
EDUUSDT,SELL,LIMIT,1702260731577,113,0.6692632
EDUUSDT,SELL,LIMIT,1702260733627,13,0.6691731
EDUUSDT,SELL,LIMIT,1702260734824,250,0.6681434
EDUUSDT,SELL,LIMIT,1702260735826,140,0.6688197
EDUUSDT,SELL,LIMIT,1702260736875,145,0.6680484
EDUUSDT,SELL,LIMIT,1702260737885,246,0.6663698
EDUUSDT,SELL,LIMIT,1702260738907,317,0.6646337
EDUUSDT,SELL,LIMIT,1702260741547,32,0.6713840
EDUUSDT,SELL,LIMIT,1702260742846,259,0.6803939
EDUUSDT,SELL,LIMIT,1702260744663,222,0.6629554
EDUUSDT,SELL,LIMIT,1702260745660,626,0.6611188
EDUUSDT,SELL,LIMIT,1702260746711,31,0.6611220
EDUUSDT,SELL,LIMIT,1702260747875,51,0.6596923
EDUUSDT,SELL,LIMIT,1702260748877,906,0.6593935
EDUUSDT,SELL,LIMIT,1702260750792,4300,0.6588102
EDUUSDT,SELL,LIMIT,1702260751853,1686,0.6592431
EDUUSDT,SELL,LIMIT,1702260752989,95,0.6586421
EDUUSDT,SELL,LIMIT,1702260754255,150,0.6572329
EDUUSDT,SELL,LIMIT,1702260755317,34,0.6555896
EDUUSDT,SELL,LIMIT,1702260756440,697,0.6538108
EDUUSDT,SELL,LIMIT,1702260757449,1039,0.6538794
EDUUSDT,SELL,LIMIT,1702260758467,180,0.6537125
EDUUSDT,SELL,LIMIT,1702260760005,1,0.6564441
EDUUSDT,SELL,LIMIT,1702260761185,1217,0.6516704
EDUUSDT,SELL,LIMIT,1702260762439,305,0.6512871
EDUUSDT,SELL,LIMIT,1702260763569,1500,0.6606870
EDUUSDT,SELL,LIMIT,1702260764674,126,0.6485320
EDUUSDT,SELL,LIMIT,1702260766140,27,0.6516347
EDUUSDT,SELL,LIMIT,1702260767166,843,0.6516347
EDUUSDT,SELL,LIMIT,1702260768283,453,0.6453535
EDUUSDT,SELL,LIMIT,1702260769573,2272,0.6429438
EDUUSDT,SELL,LIMIT,1702260770725,559,0.6440380
EDUUSDT,SELL,LIMIT,1702260771734,3425,0.6424486
EDUUSDT,SELL,LIMIT,1702260772809,1821,0.6413591
EDUUSDT,SELL,LIMIT,1702260774438,158,0.6369701
EDUUSDT,SELL,LIMIT,1702260775580,56,0.6364752
EDUUSDT,SELL,LIMIT,1702260776602,347,0.6357034
EDUUSDT,SELL,LIMIT,1702260777730,367,0.6384776
EDUUSDT,SELL,LIMIT,1702260778737,836,0.6328760
EDUUSDT,SELL,LIMIT,1702260779797,28,0.6328761
EDUUSDT,SELL,LIMIT,1702260781231,4119,0.6391571
EDUUSDT,SELL,LIMIT,1702260782865,330,0.6424495
EDUUSDT,SELL,LIMIT,1702260784041,1495,0.6293800
EDUUSDT,SELL,LIMIT,1702260785101,5948,0.6291596
EDUUSDT,SELL,LIMIT,1702260786293,64,0.6298663
EDUUSDT,SELL,LIMIT,1702260787416,89,0.6271975
EDUUSDT,SELL,LIMIT,1702260788502,62,0.6298260
EDUUSDT,SELL,LIMIT,1702260789710,151,0.6268248
EDUUSDT,SELL,LIMIT,1702260790973,63,0.6250610
EDUUSDT,SELL,LIMIT,1702260792574,428,0.6248500
EDUUSDT,SELL,LIMIT,1702260793632,154,0.6262182
EDUUSDT,SELL,LIMIT,1702260794643,694,0.6259731
EDUUSDT,SELL,LIMIT,1702260795905,5500,0.6246784
EDUUSDT,SELL,LIMIT,1702260797230,2995,0.6267156
EDUUSDT,SELL,LIMIT,1702260798326,182,0.6283038
EDUUSDT,SELL,LIMIT,1702260799596,451,0.6262751
EDUUSDT,SELL,LIMIT,1702260800726,2037,0.6236039
EDUUSDT,SELL,LIMIT,1702260801978,328,0.6253731
EDUUSDT,SELL,LIMIT,1702260803314,64,0.6238717
EDUUSDT,SELL,LIMIT,1702260804378,305,0.6235725
EDUUSDT,SELL,LIMIT,1702260805393,72,0.6227587
EDUUSDT,SELL,LIMIT,1702260807399,253,0.6263626
EDUUSDT,SELL,LIMIT,1702260808529,5530,0.6242373
EDUUSDT,SELL,LIMIT,1702260810065,14363,0.6213810
EDUUSDT,SELL,LIMIT,1702260811089,23,0.6317629
EDUUSDT,SELL,LIMIT,1702260812111,63,0.6227750
EDUUSDT,SELL,LIMIT,1702260814395,1420,0.6197284
EDUUSDT,SELL,LIMIT,1702260816492,39,0.6201644
EDUUSDT,SELL,LIMIT,1702260818280,9,0.6189014
EDUUSDT,SELL,LIMIT,1702260820477,3489,0.6186913
EDUUSDT,SELL,LIMIT,1702260822409,1924,0.6184593
EDUUSDT,SELL,LIMIT,1702260824622,169,0.6181547
EDUUSDT,SELL,LIMIT,1702260827342,291,0.6166371
EDUUSDT,SELL,LIMIT,1702260828406,348,0.6156262
EDUUSDT,SELL,LIMIT,1702260829774,523,0.6128832
EDUUSDT,SELL,LIMIT,1702260831714,98,0.6122211
EDUUSDT,SELL,LIMIT,1702260834686,90,0.6194492
EDUUSDT,BUY,LIMIT,1702260849710,800,0.6445390
EDUUSDT,BUY,LIMIT,1702260876726,1,0.6573140
EDUUSDT,SELL,LIMIT,1702260984156,1902,0.6402501
EDUUSDT,SELL,LIMIT,1702261620404,6160,0.6503742
EDUUSDT,SELL,LIMIT,1702261988749,2705,0.6521272
EDUUSDT,SELL,LIMIT,1702262334454,7526,0.6511470
EDUUSDT,SELL,LIMIT,1702262609244,12,0.6449660
EDUUSDT,SELL,LIMIT,1702264284708,136,0.6648319
