Symbol,Side,Order Type,Time,Quantity,Price
EGLDUSDT,SELL,LIMIT,1701932056998,16.0,48.614
EGLDUSDT,SELL,LIMIT,1701940559126,45.2,47.828
EGLDUSDT,SELL,LIMIT,1701940993427,4.6,47.667
EGLDUSDT,SELL,LIMIT,1701941154885,0.6,47.451
EGLDUSDT,SELL,LIMIT,1701941161403,8.0,47.411
EGLDUSDT,SELL,LIMIT,1701941166128,10.6,47.382
EGLDUSDT,SELL,LIMIT,1701941171716,16.9,47.354
EGLDUSDT,SELL,LIMIT,1701941174479,0.8,47.338
EGLDUSDT,SELL,LIMIT,1701941176785,3.1,47.276
EGLDUSDT,SELL,LIMIT,1701941178842,2.0,47.276
EGLDUSDT,SELL,LIMIT,1701941186246,2.4,47.229
EGLDUSDT,SELL,LIMIT,1701941187607,0.8,47.216
EGLDUSDT,SELL,LIMIT,1701941188903,0.5,47.184
EGLDUSDT,SELL,LIMIT,1701941190949,30.7,47.135
EGLDUSDT,SELL,LIMIT,1701941192293,2.9,47.115
EGLDUSDT,SELL,LIMIT,1701941193493,56.1,47.087
EGLDUSDT,SELL,LIMIT,1701941247163,1.6,47.062
EGLDUSDT,SELL,LIMIT,1701951337174,7.3,47.797
EGLDUSDT,BUY,LIMIT,1701953976591,0.1,49.073
EGLDUSDT,BUY,LIMIT,1701963334538,2.5,49.546
EGLDUSDT,BUY,LIMIT,1701966225620,5.4,49.920
EGLDUSDT,BUY,LIMIT,1701967213673,50.8,50.172
EGLDUSDT,BUY,LIMIT,1701970177334,3.6,50.297
EGLDUSDT,BUY,LIMIT,1701992021230,2.0,50.368
EGLDUSDT,BUY,LIMIT,1701992639287,3.0,50.548
EGLDUSDT,BUY,LIMIT,1701992641481,6.3,50.550
EGLDUSDT,BUY,LIMIT,1701994517418,0.7,50.826
EGLDUSDT,SELL,LIMIT,1702003652684,0.5,48.857
EGLDUSDT,BUY,LIMIT,1702007154541,0.6,50.358
EGLDUSDT,BUY,LIMIT,1702035487121,13.6,51.045
EGLDUSDT,BUY,LIMIT,1702045417257,4.3,51.485
EGLDUSDT,BUY,LIMIT,1702045768049,0.2,51.683
EGLDUSDT,BUY,LIMIT,1702046026015,21.1,51.763
EGLDUSDT,BUY,LIMIT,1702046669756,1.1,51.876
EGLDUSDT,BUY,LIMIT,1702047691782,20.5,52.160
EGLDUSDT,BUY,LIMIT,1702048240551,23.2,52.236
EGLDUSDT,BUY,LIMIT,1702048304863,2.0,52.271
EGLDUSDT,BUY,LIMIT,1702051503061,84.7,52.206
EGLDUSDT,BUY,LIMIT,1702052161449,0.9,52.197
EGLDUSDT,BUY,LIMIT,1702052530227,1.4,52.035
EGLDUSDT,BUY,LIMIT,1702058214654,1.4,52.501
EGLDUSDT,BUY,LIMIT,1702058588743,4.0,52.502
EGLDUSDT,BUY,LIMIT,1702060668788,59.3,52.608
EGLDUSDT,BUY,LIMIT,1702066078442,59.1,52.641
EGLDUSDT,BUY,LIMIT,1702066918235,1.0,52.748
EGLDUSDT,BUY,LIMIT,1702067514079,95.8,52.842
EGLDUSDT,BUY,LIMIT,1702068033543,23.6,53.006
EGLDUSDT,BUY,LIMIT,1702070663264,2.0,52.828
EGLDUSDT,BUY,LIMIT,1702077663931,0.4,52.702
EGLDUSDT,BUY,LIMIT,1702080152333,0.4,52.974
EGLDUSDT,BUY,LIMIT,1702080402587,1.9,52.711
EGLDUSDT,BUY,LIMIT,1702080550820,5.0,52.867
EGLDUSDT,BUY,LIMIT,1702081635436,1.0,52.443
EGLDUSDT,BUY,LIMIT,1702082589707,4.2,53.285
EGLDUSDT,BUY,LIMIT,1702094449000,0.9,53.375
EGLDUSDT,BUY,LIMIT,1702096695091,9.3,53.681
EGLDUSDT,BUY,LIMIT,1702101663941,0.2,54.008
EGLDUSDT,BUY,LIMIT,1702104897088,0.9,54.116
EGLDUSDT,BUY,LIMIT,1702104898529,57.0,54.128
EGLDUSDT,BUY,LIMIT,1702104964491,0.4,54.281
EGLDUSDT,BUY,LIMIT,1702105002294,1.3,54.399
EGLDUSDT,BUY,LIMIT,1702105032263,4.4,54.552
EGLDUSDT,BUY,LIMIT,1702105034486,0.2,54.563
EGLDUSDT,BUY,LIMIT,1702105066592,3.7,54.704
EGLDUSDT,BUY,LIMIT,1702105654015,1.1,54.889
EGLDUSDT,BUY,LIMIT,1702107347080,8.2,54.610
EGLDUSDT,BUY,LIMIT,1702107513286,4.0,54.904
EGLDUSDT,BUY,LIMIT,1702107976168,10.3,55.041
EGLDUSDT,BUY,LIMIT,1702107977306,52.8,55.008
EGLDUSDT,BUY,LIMIT,1702107981721,8.6,55.106
EGLDUSDT,BUY,LIMIT,1702107982951,127.5,55.280
EGLDUSDT,BUY,LIMIT,1702107998052,150.0,55.499
EGLDUSDT,BUY,LIMIT,1702108014131,9.0,55.283
EGLDUSDT,BUY,LIMIT,1702108017494,0.1,55.299
EGLDUSDT,BUY,LIMIT,1702108021239,2.6,55.322
EGLDUSDT,BUY,LIMIT,1702109244834,1.0,55.459
EGLDUSDT,BUY,LIMIT,1702109762377,3.2,55.429
EGLDUSDT,BUY,LIMIT,1702109978850,0.2,55.845
EGLDUSDT,BUY,LIMIT,1702109995570,1.6,56.098
EGLDUSDT,SELL,LIMIT,1702110970061,0.1,53.957
EGLDUSDT,SELL,LIMIT,1702111030506,45.5,53.401
EGLDUSDT,SELL,LIMIT,1702111033023,0.2,53.461
EGLDUSDT,SELL,LIMIT,1702111040054,2.0,53.296
EGLDUSDT,SELL,LIMIT,1702111045127,7.4,53.142
EGLDUSDT,SELL,LIMIT,1702111387646,5.0,52.925
EGLDUSDT,BUY,LIMIT,1702113148766,0.2,54.744
EGLDUSDT,BUY,LIMIT,1702122930719,0.3,56.219
EGLDUSDT,BUY,LIMIT,1702122954225,1.3,56.448
EGLDUSDT,BUY,LIMIT,1702122956722,42.5,56.521
EGLDUSDT,BUY,LIMIT,1702122959559,0.5,56.550
EGLDUSDT,BUY,LIMIT,1702122962851,10.0,56.590
EGLDUSDT,BUY,LIMIT,1702122984388,1.4,56.705
EGLDUSDT,BUY,LIMIT,1702123896610,0.3,56.870
EGLDUSDT,BUY,LIMIT,1702123900719,0.2,56.881
EGLDUSDT,BUY,LIMIT,1702123952568,12.2,57.095
EGLDUSDT,BUY,LIMIT,1702123956477,6.0,57.150
EGLDUSDT,BUY,LIMIT,1702123957511,0.7,57.175
EGLDUSDT,SELL,LIMIT,1702127490109,92.1,54.595
EGLDUSDT,SELL,LIMIT,1702129615106,44.8,55.160
EGLDUSDT,SELL,LIMIT,1702132889147,0.1,54.183
EGLDUSDT,SELL,LIMIT,1702133000892,0.2,53.966
EGLDUSDT,SELL,LIMIT,1702133007543,6.2,53.858
