Symbol,Side,Order Type,Time,Quantity,Price
EGLDUSDT,SELL,LIMIT,1701932056998,16.0,48.614
EGLDUSDT,SELL,LIMIT,1701940559126,45.2,47.828
EGLDUSDT,SELL,LIMIT,1701940993427,4.6,47.667
EGLDUSDT,SELL,LIMIT,1701941154885,0.6,47.451
EGLDUSDT,SELL,LIMIT,1701941161403,8.0,47.411
EGLDUSDT,SELL,LIMIT,1701941166128,10.6,47.382
EGLDUSDT,SELL,LIMIT,1701941171716,16.9,47.354
EGLDUSDT,SELL,LIMIT,1701941174479,0.8,47.338
EGLDUSDT,SELL,LIMIT,1701941176785,3.1,47.276
EGLDUSDT,SELL,LIMIT,1701941178842,2.0,47.276
EGLDUSDT,SELL,LIMIT,1701941186246,2.4,47.229
EGLDUSDT,SELL,LIMIT,1701941187607,0.8,47.216
EGLDUSDT,SELL,LIMIT,1701941188903,0.5,47.184
EGLDUSDT,SELL,LIMIT,1701941190949,30.7,47.135
EGLDUSDT,SELL,LIMIT,1701941192293,2.9,47.115
EGLDUSDT,SELL,LIMIT,1701941193493,56.1,47.087
EGLDUSDT,SELL,LIMIT,1701941247163,1.6,47.062
EGLDUSDT,SELL,LIMIT,1701951337174,7.3,47.797
EGLDUSDT,BUY,LIMIT,1701953976591,0.1,49.073
EGLDUSDT,BUY,LIMIT,1701963334538,2.5,49.546
EGLDUSDT,BUY,LIMIT,1701966225620,5.4,49.920
EGLDUSDT,BUY,LIMIT,1701967213673,50.8,50.172
EGLDUSDT,BUY,LIMIT,1701970177334,3.6,50.297
EGLDUSDT,BUY,LIMIT,1701992021230,2.0,50.368
EGLDUSDT,BUY,LIMIT,1701992639287,3.0,50.548
EGLDUSDT,BUY,LIMIT,1701992641481,6.3,50.550
EGLDUSDT,BUY,LIMIT,1701994517418,0.7,50.826
EGLDUSDT,SELL,LIMIT,1702003652684,0.5,48.857
EGLDUSDT,BUY,LIMIT,1702007154541,0.6,50.358
EGLDUSDT,BUY,LIMIT,1702035487121,13.6,51.045
EGLDUSDT,BUY,LIMIT,1702045417257,4.3,51.485
EGLDUSDT,BUY,LIMIT,1702045768049,0.2,51.683
EGLDUSDT,BUY,LIMIT,1702046026015,21.1,51.763
EGLDUSDT,BUY,LIMIT,1702046669756,1.1,51.876
EGLDUSDT,BUY,LIMIT,1702047691782,20.5,52.160
EGLDUSDT,BUY,LIMIT,1702048240551,23.2,52.236
EGLDUSDT,BUY,LIMIT,1702048304863,2.0,52.271
EGLDUSDT,BUY,LIMIT,1702051503061,84.7,52.206
EGLDUSDT,BUY,LIMIT,1702052161449,0.9,52.197
EGLDUSDT,BUY,LIMIT,1702052530227,1.4,52.035
EGLDUSDT,BUY,LIMIT,1702058214654,1.4,52.501
EGLDUSDT,BUY,LIMIT,1702058588743,4.0,52.502
EGLDUSDT,BUY,LIMIT,1702060668788,59.3,52.608
EGLDUSDT,BUY,LIMIT,1702066078442,59.1,52.641
EGLDUSDT,BUY,LIMIT,1702066918235,1.0,52.748
EGLDUSDT,BUY,LIMIT,1702067514079,95.8,52.842
EGLDUSDT,BUY,LIMIT,1702068033543,23.6,53.006
EGLDUSDT,BUY,LIMIT,1702070663264,2.0,52.828
EGLDUSDT,BUY,LIMIT,1702077663931,0.4,52.702
EGLDUSDT,BUY,LIMIT,1702080152333,0.4,52.974
EGLDUSDT,BUY,LIMIT,1702080402587,1.9,52.711
EGLDUSDT,BUY,LIMIT,1702080550820,5.0,52.867
EGLDUSDT,BUY,LIMIT,1702081635436,1.0,52.443
EGLDUSDT,BUY,LIMIT,1702082589707,4.2,53.285
EGLDUSDT,BUY,LIMIT,1702094449000,0.9,53.375
EGLDUSDT,BUY,LIMIT,1702096695091,9.3,53.681
EGLDUSDT,BUY,LIMIT,1702101663941,0.2,54.008
EGLDUSDT,BUY,LIMIT,1702104897088,0.9,54.116
EGLDUSDT,BUY,LIMIT,1702104898529,57.0,54.128
EGLDUSDT,BUY,LIMIT,1702104964491,0.4,54.281
EGLDUSDT,BUY,LIMIT,1702105002294,1.3,54.399
EGLDUSDT,BUY,LIMIT,1702105032263,4.4,54.552
EGLDUSDT,BUY,LIMIT,1702105034486,0.2,54.563
EGLDUSDT,BUY,LIMIT,1702105066592,3.7,54.704
EGLDUSDT,BUY,LIMIT,1702105654015,1.1,54.889
EGLDUSDT,BUY,LIMIT,1702107347080,8.2,54.610
EGLDUSDT,BUY,LIMIT,1702107513286,4.0,54.904
EGLDUSDT,BUY,LIMIT,1702107976168,10.3,55.041
EGLDUSDT,BUY,LIMIT,1702107977306,52.8,55.008
EGLDUSDT,BUY,LIMIT,1702107981721,8.6,55.106
EGLDUSDT,BUY,LIMIT,1702107982951,127.5,55.280
EGLDUSDT,BUY,LIMIT,1702107998052,150.0,55.499
EGLDUSDT,BUY,LIMIT,1702108014131,9.0,55.283
EGLDUSDT,BUY,LIMIT,1702108017494,0.1,55.299
EGLDUSDT,BUY,LIMIT,1702108021239,2.6,55.322
EGLDUSDT,BUY,LIMIT,1702109244834,1.0,55.459
EGLDUSDT,BUY,LIMIT,1702109762377,3.2,55.429
EGLDUSDT,BUY,LIMIT,1702109978850,0.2,55.845
EGLDUSDT,BUY,LIMIT,1702109995570,1.6,56.098
EGLDUSDT,SELL,LIMIT,1702110970061,0.1,53.957
EGLDUSDT,SELL,LIMIT,1702111030506,45.5,53.401
EGLDUSDT,SELL,LIMIT,1702111033023,0.2,53.461
EGLDUSDT,SELL,LIMIT,1702111040054,2.0,53.296
EGLDUSDT,SELL,LIMIT,1702111045127,7.4,53.142
EGLDUSDT,SELL,LIMIT,1702111387646,5.0,52.925
EGLDUSDT,BUY,LIMIT,1702113148766,0.2,54.744
EGLDUSDT,BUY,LIMIT,1702122930719,0.3,56.219
EGLDUSDT,BUY,LIMIT,1702122954225,1.3,56.448
EGLDUSDT,BUY,LIMIT,1702122956722,42.5,56.521
EGLDUSDT,BUY,LIMIT,1702122959559,0.5,56.550
EGLDUSDT,BUY,LIMIT,1702122962851,10.0,56.590
EGLDUSDT,BUY,LIMIT,1702122984388,1.4,56.705
EGLDUSDT,BUY,LIMIT,1702123896610,0.3,56.870
EGLDUSDT,BUY,LIMIT,1702123900719,0.2,56.881
EGLDUSDT,BUY,LIMIT,1702123952568,12.2,57.095
EGLDUSDT,BUY,LIMIT,1702123956477,6.0,57.150
EGLDUSDT,BUY,LIMIT,1702123957511,0.7,57.175
EGLDUSDT,SELL,LIMIT,1702127490109,92.1,54.595
EGLDUSDT,SELL,LIMIT,1702129615106,44.8,55.160
EGLDUSDT,SELL,LIMIT,1702132889147,0.1,54.183
EGLDUSDT,SELL,LIMIT,1702133000892,0.2,53.966
EGLDUSDT,SELL,LIMIT,1702133007543,6.2,53.858
EGLDUSDT,SELL,LIMIT,1702134508118,0.1,54.298
EGLDUSDT,SELL,LIMIT,1702134843389,11.3,54.074
EGLDUSDT,BUY,LIMIT,1702136456350,0.4,56.669
EGLDUSDT,BUY,LIMIT,1702136461991,443.4,57.414
EGLDUSDT,SELL,LIMIT,1702138954080,0.1,55.014
EGLDUSDT,SELL,LIMIT,1702141746885,23.2,55.650
EGLDUSDT,SELL,LIMIT,1702144644531,22.0,55.592
EGLDUSDT,BUY,LIMIT,1702146624176,8.7,57.424
EGLDUSDT,BUY,LIMIT,1702146626151,3.6,57.446
EGLDUSDT,BUY,LIMIT,1702146698374,0.3,57.443
EGLDUSDT,BUY,LIMIT,1702147298843,0.3,57.549
EGLDUSDT,BUY,LIMIT,1702147301920,6.5,57.553
EGLDUSDT,BUY,LIMIT,1702147484331,1.6,57.642
EGLDUSDT,BUY,LIMIT,1702147486099,2.1,57.661
EGLDUSDT,BUY,LIMIT,1702147619145,5.1,57.673
EGLDUSDT,BUY,LIMIT,1702147698452,0.8,57.759
EGLDUSDT,BUY,LIMIT,1702147754398,0.7,57.808
EGLDUSDT,BUY,LIMIT,1702147758104,2.6,57.817
EGLDUSDT,BUY,LIMIT,1702147765354,227.2,58.377
EGLDUSDT,BUY,LIMIT,1702147808661,0.5,58.053
EGLDUSDT,BUY,LIMIT,1702147819777,14.3,58.134
EGLDUSDT,BUY,LIMIT,1702148026482,0.1,58.446
EGLDUSDT,BUY,LIMIT,1702148040528,0.4,58.462
EGLDUSDT,BUY,LIMIT,1702148043132,9.0,58.470
EGLDUSDT,BUY,LIMIT,1702160989379,119.9,58.790
EGLDUSDT,BUY,LIMIT,1702161011022,0.2,58.589
EGLDUSDT,BUY,LIMIT,1702161105776,2.0,58.740
EGLDUSDT,BUY,LIMIT,1702161117144,5.0,58.788
EGLDUSDT,BUY,LIMIT,1702161118355,1.2,58.766
EGLDUSDT,BUY,LIMIT,1702161120694,1.8,58.820
EGLDUSDT,BUY,LIMIT,1702161152954,56.9,58.930
EGLDUSDT,BUY,LIMIT,1702161631433,34.6,58.951
EGLDUSDT,BUY,LIMIT,1702161644461,34.9,58.952
EGLDUSDT,BUY,LIMIT,1702161660783,0.6,58.970
EGLDUSDT,BUY,LIMIT,1702161666475,4.1,58.981
EGLDUSDT,BUY,LIMIT,1702161667607,1.5,59.010
EGLDUSDT,BUY,LIMIT,1702161686540,37.6,59.123
EGLDUSDT,BUY,LIMIT,1702164476434,0.7,59.120
EGLDUSDT,BUY,LIMIT,1702164496368,15.7,59.362
EGLDUSDT,BUY,LIMIT,1702164498297,0.9,59.374
EGLDUSDT,BUY,LIMIT,1702164503272,0.2,59.454
EGLDUSDT,BUY,LIMIT,1702164520455,0.4,59.498
EGLDUSDT,BUY,LIMIT,1702164524241,111.3,59.755
EGLDUSDT,BUY,LIMIT,1702164533230,19.2,59.579
EGLDUSDT,SELL,LIMIT,1702164749940,10.2,57.727
EGLDUSDT,SELL,LIMIT,1702164775143,209.5,57.405
EGLDUSDT,SELL,LIMIT,1702164800922,0.1,57.890
EGLDUSDT,SELL,LIMIT,1702164803629,0.9,57.832
EGLDUSDT,SELL,LIMIT,1702164812714,1.3,57.669
EGLDUSDT,BUY,LIMIT,1702165765152,6.7,59.605
EGLDUSDT,BUY,LIMIT,1702166177267,39.6,59.839
EGLDUSDT,BUY,LIMIT,1702166202214,0.6,59.957
EGLDUSDT,BUY,LIMIT,1702166207827,10.9,60.004
EGLDUSDT,BUY,LIMIT,1702166211069,0.3,60.010
EGLDUSDT,BUY,LIMIT,1702166267135,7.6,60.069
EGLDUSDT,BUY,LIMIT,1702166268391,0.3,60.088
EGLDUSDT,BUY,LIMIT,1702166273691,1.5,60.171
EGLDUSDT,BUY,LIMIT,1702166277923,2.3,60.261
EGLDUSDT,BUY,LIMIT,1702166280192,26.6,60.334
EGLDUSDT,BUY,LIMIT,1702166282434,18.9,60.353
EGLDUSDT,BUY,LIMIT,1702166290229,0.2,60.358
EGLDUSDT,BUY,LIMIT,1702166292168,3.8,60.435
EGLDUSDT,BUY,LIMIT,1702166297856,52.7,60.522
EGLDUSDT,BUY,LIMIT,1702166299333,4.1,60.550
EGLDUSDT,BUY,LIMIT,1702166305572,7.7,60.568
EGLDUSDT,BUY,LIMIT,1702166307265,2.1,60.618
EGLDUSDT,BUY,LIMIT,1702166308940,13.8,60.661
EGLDUSDT,BUY,LIMIT,1702166336121,4.8,60.945
EGLDUSDT,BUY,LIMIT,1702166338301,5.1,61.009
EGLDUSDT,BUY,LIMIT,1702166339729,2.0,61.049
EGLDUSDT,BUY,LIMIT,1702166342477,3.2,61.098
EGLDUSDT,BUY,LIMIT,1702166345736,6.3,61.161
EGLDUSDT,BUY,LIMIT,1702166357986,170.4,61.561
EGLDUSDT,BUY,LIMIT,1702166360543,16.4,61.326
EGLDUSDT,BUY,LIMIT,1702166363974,64.5,61.357
EGLDUSDT,BUY,LIMIT,1702166365863,90.0,61.526
EGLDUSDT,BUY,LIMIT,1702166366900,7.5,61.484
EGLDUSDT,BUY,LIMIT,1702166368138,0.8,61.589
EGLDUSDT,BUY,LIMIT,1702166370112,1.2,61.597
EGLDUSDT,SELL,LIMIT,1702166828115,41.1,58.184
EGLDUSDT,SELL,LIMIT,1702166830054,0.5,58.102
EGLDUSDT,SELL,LIMIT,1702166833262,11.5,57.990
EGLDUSDT,SELL,LIMIT,1702166891424,32.4,57.920
EGLDUSDT,BUY,LIMIT,1702167518462,0.1,59.979
EGLDUSDT,BUY,LIMIT,1702168528507,16.0,60.921
EGLDUSDT,BUY,LIMIT,1702169561257,84.0,60.443
EGLDUSDT,BUY,LIMIT,1702171252057,509.9,62.645
EGLDUSDT,BUY,LIMIT,1702171256698,0.8,61.677
EGLDUSDT,BUY,LIMIT,1702171267191,4.2,61.714
EGLDUSDT,BUY,LIMIT,1702171297403,2.9,61.847
EGLDUSDT,BUY,LIMIT,1702171320765,35.0,61.821
EGLDUSDT,BUY,LIMIT,1702171356365,20.0,61.897
EGLDUSDT,BUY,LIMIT,1702171394372,23.8,61.947
EGLDUSDT,BUY,LIMIT,1702171606469,21.7,61.986
EGLDUSDT,BUY,LIMIT,1702171611448,7.3,62.024
EGLDUSDT,BUY,LIMIT,1702171613203,44.9,62.024
EGLDUSDT,BUY,LIMIT,1702171837963,3.7,62.104
EGLDUSDT,BUY,LIMIT,1702171839214,201.6,62.723
EGLDUSDT,BUY,LIMIT,1702171840673,9.3,62.268
EGLDUSDT,BUY,LIMIT,1702171850188,11.1,62.287
EGLDUSDT,BUY,LIMIT,1702171852703,23.6,62.331
EGLDUSDT,BUY,LIMIT,1702171866142,19.1,62.365
EGLDUSDT,BUY,LIMIT,1702171870190,6.9,62.413
EGLDUSDT,BUY,LIMIT,1702171878058,0.6,62.463
EGLDUSDT,BUY,LIMIT,1702171880331,1.3,62.524
EGLDUSDT,BUY,LIMIT,1702171886849,117.8,62.830
EGLDUSDT,BUY,LIMIT,1702171967642,9.6,62.680
EGLDUSDT,BUY,LIMIT,1702171969411,5.5,62.707
EGLDUSDT,BUY,LIMIT,1702171976098,5.2,62.778
EGLDUSDT,BUY,LIMIT,1702171977280,33.6,62.804
EGLDUSDT,BUY,LIMIT,1702172001294,50.0,62.999
EGLDUSDT,BUY,LIMIT,1702172044772,8.3,63.048
EGLDUSDT,BUY,LIMIT,1702172046529,0.3,63.067
EGLDUSDT,BUY,LIMIT,1702172050079,5.0,63.086
EGLDUSDT,BUY,LIMIT,1702172084509,0.5,63.176
EGLDUSDT,BUY,LIMIT,1702172085840,26.7,63.222
EGLDUSDT,BUY,LIMIT,1702172089048,5.2,63.272
EGLDUSDT,BUY,LIMIT,1702172091293,9.5,63.305
EGLDUSDT,BUY,LIMIT,1702172111317,2.2,63.387
EGLDUSDT,BUY,LIMIT,1702172116405,13.7,63.461
EGLDUSDT,BUY,LIMIT,1702172138272,6.4,63.511
EGLDUSDT,BUY,LIMIT,1702172142455,81.6,63.646
EGLDUSDT,BUY,LIMIT,1702172151144,50.0,63.573
EGLDUSDT,BUY,LIMIT,1702172261865,76.5,63.734
EGLDUSDT,BUY,LIMIT,1702172263278,228.9,64.403
EGLDUSDT,BUY,LIMIT,1702172264845,4.8,63.816
EGLDUSDT,BUY,LIMIT,1702172266259,0.6,63.918
EGLDUSDT,BUY,LIMIT,1702172267564,0.2,63.931
EGLDUSDT,BUY,LIMIT,1702172271088,274.6,64.671
EGLDUSDT,BUY,LIMIT,1702172272719,7.2,64.037
EGLDUSDT,BUY,LIMIT,1702172279799,0.1,64.073
EGLDUSDT,BUY,LIMIT,1702172286357,0.3,64.145
EGLDUSDT,BUY,LIMIT,1702172305676,12.0,64.172
EGLDUSDT,BUY,LIMIT,1702172312474,4.5,64.205
EGLDUSDT,BUY,LIMIT,1702172415168,51.3,64.289
EGLDUSDT,BUY,LIMIT,1702172418177,16.0,64.310
EGLDUSDT,BUY,LIMIT,1702172420405,24.2,64.329
EGLDUSDT,BUY,LIMIT,1702172553657,14.2,64.444
EGLDUSDT,BUY,LIMIT,1702172555267,0.8,64.482
EGLDUSDT,BUY,LIMIT,1702172576323,0.6,64.538
EGLDUSDT,BUY,LIMIT,1702173242793,0.6,64.906
EGLDUSDT,BUY,LIMIT,1702173243928,1.4,64.938
EGLDUSDT,BUY,LIMIT,1702173246059,2.8,65.041
EGLDUSDT,BUY,LIMIT,1702173251169,7.8,65.225
EGLDUSDT,BUY,LIMIT,1702173252273,2.3,65.176
EGLDUSDT,BUY,LIMIT,1702173253294,10.0,65.294
EGLDUSDT,BUY,LIMIT,1702173254692,55.0,65.379
EGLDUSDT,BUY,LIMIT,1702173256992,54.2,65.437
EGLDUSDT,BUY,LIMIT,1702173260658,0.6,65.453
EGLDUSDT,BUY,LIMIT,1702173261660,39.8,65.507
EGLDUSDT,BUY,LIMIT,1702173262947,20.0,65.530
EGLDUSDT,BUY,LIMIT,1702173264413,7.9,65.601
EGLDUSDT,BUY,LIMIT,1702173285651,6.8,65.671
EGLDUSDT,BUY,LIMIT,1702173289421,1.0,65.727
EGLDUSDT,BUY,LIMIT,1702173370503,39.0,65.781
EGLDUSDT,BUY,LIMIT,1702173396794,2.5,65.837
EGLDUSDT,BUY,LIMIT,1702173398058,24.5,65.894
EGLDUSDT,BUY,LIMIT,1702173399132,5.5,65.920
EGLDUSDT,BUY,LIMIT,1702173400140,1.1,66.044
EGLDUSDT,BUY,LIMIT,1702173401443,1.3,66.002
EGLDUSDT,BUY,LIMIT,1702173402933,42.6,66.073
EGLDUSDT,SELL,LIMIT,1702173463067,6.3,64.558
EGLDUSDT,BUY,LIMIT,1702173504251,1.5,66.083
EGLDUSDT,BUY,LIMIT,1702173521069,10.7,66.096
EGLDUSDT,BUY,LIMIT,1702173522120,1.5,66.194
EGLDUSDT,BUY,LIMIT,1702173523445,50.0,66.212
EGLDUSDT,BUY,LIMIT,1702173542500,7.3,66.222
EGLDUSDT,BUY,LIMIT,1702173549362,0.7,66.301
EGLDUSDT,BUY,LIMIT,1702173551005,4.8,66.322
EGLDUSDT,BUY,LIMIT,1702173553532,38.1,66.383
EGLDUSDT,BUY,LIMIT,1702173587002,3.5,66.470
EGLDUSDT,BUY,LIMIT,1702173588055,3.3,66.523
EGLDUSDT,BUY,LIMIT,1702173589976,3.1,66.547
EGLDUSDT,BUY,LIMIT,1702173591641,8.2,66.622
EGLDUSDT,BUY,LIMIT,1702173593086,4.7,66.647
EGLDUSDT,BUY,LIMIT,1702173613021,31.2,66.678
EGLDUSDT,BUY,LIMIT,1702173614073,1.2,66.745
EGLDUSDT,BUY,LIMIT,1702173615823,0.6,66.776
EGLDUSDT,BUY,LIMIT,1702173616947,4.9,66.945
EGLDUSDT,BUY,LIMIT,1702173618062,1.4,67.043
EGLDUSDT,BUY,LIMIT,1702173619239,10.0,67.094
EGLDUSDT,BUY,LIMIT,1702173620465,35.0,67.346
EGLDUSDT,BUY,LIMIT,1702173637160,1.9,67.388
EGLDUSDT,BUY,LIMIT,1702173658282,1.3,67.485
EGLDUSDT,BUY,LIMIT,1702173661617,6.6,67.553
EGLDUSDT,BUY,LIMIT,1702173694083,71.0,67.612
EGLDUSDT,BUY,LIMIT,1702173695520,12.8,67.716
EGLDUSDT,BUY,LIMIT,1702173696848,7.8,67.799
EGLDUSDT,BUY,LIMIT,1702173698042,1.0,67.893
EGLDUSDT,BUY,LIMIT,1702173699133,6.4,67.922
EGLDUSDT,BUY,LIMIT,1702173704215,1.8,67.987
EGLDUSDT,BUY,LIMIT,1702173705607,73.4,68.056
EGLDUSDT,BUY,LIMIT,1702173706982,20.0,68.067
EGLDUSDT,BUY,LIMIT,1702173725131,0.1,68.246
EGLDUSDT,BUY,LIMIT,1702173727078,206.4,68.978
EGLDUSDT,BUY,LIMIT,1702173728128,1.1,68.402
EGLDUSDT,BUY,LIMIT,1702173730149,13.1,68.461
EGLDUSDT,BUY,LIMIT,1702173732299,19.5,68.521
EGLDUSDT,BUY,LIMIT,1702173872528,7.2,68.593
EGLDUSDT,BUY,LIMIT,1702173874650,40.1,68.664
EGLDUSDT,SELL,LIMIT,1702174755178,2.5,65.934
EGLDUSDT,SELL,LIMIT,1702174759171,2.8,66.423
EGLDUSDT,BUY,LIMIT,1702176051246,0.6,68.138
EGLDUSDT,BUY,LIMIT,1702176735370,3.6,68.632
EGLDUSDT,BUY,LIMIT,1702176736465,13.0,68.746
EGLDUSDT,BUY,LIMIT,1702176772933,15.9,68.748
EGLDUSDT,BUY,LIMIT,1702176774061,0.1,68.812
EGLDUSDT,BUY,LIMIT,1702176776306,0.4,68.897
EGLDUSDT,BUY,LIMIT,1702178166499,2.1,67.012
EGLDUSDT,BUY,LIMIT,1702180494333,3.6,67.795
EGLDUSDT,SELL,LIMIT,1702181057605,21.9,64.969
EGLDUSDT,SELL,LIMIT,1702181059402,4.5,64.915
EGLDUSDT,SELL,LIMIT,1702181061679,1.0,64.882
EGLDUSDT,SELL,LIMIT,1702181067166,0.5,64.709
EGLDUSDT,SELL,LIMIT,1702181082996,0.2,64.711
EGLDUSDT,SELL,LIMIT,1702181086211,36.6,64.496
EGLDUSDT,SELL,LIMIT,1702181087328,1.9,64.475
EGLDUSDT,SELL,LIMIT,1702181164176,1.7,64.344
EGLDUSDT,SELL,LIMIT,1702181165264,27.9,64.311
EGLDUSDT,SELL,LIMIT,1702181167203,2.0,64.276
EGLDUSDT,SELL,LIMIT,1702181168365,8.6,64.200
EGLDUSDT,SELL,LIMIT,1702181181157,31.1,64.156
EGLDUSDT,SELL,LIMIT,1702181182501,0.5,64.158
EGLDUSDT,SELL,LIMIT,1702181186144,19.4,64.131
EGLDUSDT,SELL,LIMIT,1702181192137,2.8,64.105
EGLDUSDT,SELL,LIMIT,1702181199278,36.3,64.071
EGLDUSDT,SELL,LIMIT,1702181201116,108.9,63.701
EGLDUSDT,SELL,LIMIT,1702181202296,0.4,63.930
EGLDUSDT,SELL,LIMIT,1702181203979,1.1,63.925
EGLDUSDT,SELL,LIMIT,1702181205005,9.4,63.850
EGLDUSDT,SELL,LIMIT,1702181249222,31.1,63.815
EGLDUSDT,BUY,LIMIT,1702182546322,5.9,66.124
EGLDUSDT,BUY,LIMIT,1702184985113,3.6,66.693
EGLDUSDT,BUY,LIMIT,1702185718145,2.1,67.131
EGLDUSDT,BUY,LIMIT,1702185854331,0.2,66.983
EGLDUSDT,BUY,LIMIT,1702186312425,38.6,67.355
EGLDUSDT,BUY,LIMIT,1702186318704,2.7,67.515
EGLDUSDT,BUY,LIMIT,1702186808119,0.5,67.546
EGLDUSDT,BUY,LIMIT,1702187535845,1.9,67.710
EGLDUSDT,BUY,LIMIT,1702187539826,1.3,67.760
EGLDUSDT,BUY,LIMIT,1702187541106,0.6,67.807
EGLDUSDT,BUY,LIMIT,1702192150054,2.0,67.214
EGLDUSDT,SELL,LIMIT,1702192708068,31.0,66.007
EGLDUSDT,SELL,LIMIT,1702192828272,0.3,65.523
EGLDUSDT,BUY,LIMIT,1702192863122,0.5,65.036
EGLDUSDT,SELL,LIMIT,1702192872213,0.3,65.401
EGLDUSDT,SELL,LIMIT,1702192879125,3.5,65.301
EGLDUSDT,SELL,LIMIT,1702192950881,3.0,64.666
EGLDUSDT,SELL,LIMIT,1702192966674,6.1,64.339
EGLDUSDT,SELL,LIMIT,1702193001239,1.8,64.344
EGLDUSDT,SELL,LIMIT,1702193530109,3.6,64.111
EGLDUSDT,SELL,LIMIT,1702193532761,1.4,64.004
EGLDUSDT,SELL,LIMIT,1702193543066,0.1,63.975
EGLDUSDT,SELL,LIMIT,1702193547498,3.8,63.953
EGLDUSDT,SELL,LIMIT,1702193626016,0.2,63.952
EGLDUSDT,SELL,LIMIT,1702193627160,0.3,63.917
EGLDUSDT,SELL,LIMIT,1702193631693,0.3,63.915
EGLDUSDT,BUY,LIMIT,1702193668416,0.8,65.056
EGLDUSDT,SELL,LIMIT,1702193855378,6.0,64.153
EGLDUSDT,SELL,LIMIT,1702193937153,10.9,64.093
EGLDUSDT,SELL,LIMIT,1702194725845,0.1,63.857
EGLDUSDT,SELL,LIMIT,1702194741307,289.4,63.141
EGLDUSDT,SELL,LIMIT,1702194743147,12.3,63.800
EGLDUSDT,SELL,LIMIT,1702194744376,3.2,63.784
EGLDUSDT,SELL,LIMIT,1702194745767,62.2,63.769
EGLDUSDT,SELL,LIMIT,1702194747257,42.8,63.572
EGLDUSDT,SELL,LIMIT,1702194748515,0.2,63.539
EGLDUSDT,SELL,LIMIT,1702194778004,0.9,63.496
EGLDUSDT,SELL,LIMIT,1702194779053,1.8,63.466
EGLDUSDT,SELL,LIMIT,1702194833267,56.5,63.421
EGLDUSDT,SELL,LIMIT,1702194836368,82.9,63.349
EGLDUSDT,SELL,LIMIT,1702194876068,1.6,63.363
EGLDUSDT,SELL,LIMIT,1702194877167,11.8,63.324
EGLDUSDT,SELL,LIMIT,1702194878992,32.4,63.290
EGLDUSDT,SELL,LIMIT,1702194880087,0.7,63.263
EGLDUSDT,SELL,LIMIT,1702194887082,4.1,63.203
EGLDUSDT,SELL,LIMIT,1702194888280,10.8,63.173
EGLDUSDT,SELL,LIMIT,1702195717349,2.0,63.355
EGLDUSDT,SELL,LIMIT,1702196506515,1.2,63.028
EGLDUSDT,SELL,LIMIT,1702196522508,0.6,62.886
EGLDUSDT,SELL,LIMIT,1702196592367,1.5,62.997
EGLDUSDT,SELL,LIMIT,1702196596613,1.0,63.264
EGLDUSDT,SELL,LIMIT,1702196631197,4.9,62.877
EGLDUSDT,SELL,LIMIT,1702196642582,2.4,62.836
EGLDUSDT,SELL,LIMIT,1702196655841,1.6,62.808
EGLDUSDT,SELL,LIMIT,1702196656929,0.3,62.779
EGLDUSDT,SELL,LIMIT,1702196657970,4.8,62.670
EGLDUSDT,SELL,LIMIT,1702196674369,27.0,62.662
EGLDUSDT,SELL,LIMIT,1702196677147,22.6,62.630
EGLDUSDT,SELL,LIMIT,1702196680664,0.7,62.603
EGLDUSDT,SELL,LIMIT,1702196683841,3.0,62.628
EGLDUSDT,SELL,LIMIT,1702196686173,1.0,62.577
EGLDUSDT,SELL,LIMIT,1702196689511,2.0,62.532
EGLDUSDT,SELL,LIMIT,1702196702423,7.0,62.497
EGLDUSDT,SELL,LIMIT,1702196724169,0.3,62.471
EGLDUSDT,SELL,LIMIT,1702196726474,0.1,62.463
EGLDUSDT,SELL,LIMIT,1702196727542,0.1,62.435
EGLDUSDT,SELL,LIMIT,1702196990390,0.7,62.414
EGLDUSDT,SELL,LIMIT,1702197003422,60.3,62.378
EGLDUSDT,SELL,LIMIT,1702197005768,2.2,62.345
EGLDUSDT,SELL,LIMIT,1702197006804,0.7,62.288
EGLDUSDT,SELL,LIMIT,1702197009427,1.9,62.277
EGLDUSDT,SELL,LIMIT,1702197011777,1.6,62.256
EGLDUSDT,SELL,LIMIT,1702197013039,6.4,62.220
EGLDUSDT,SELL,LIMIT,1702197062626,16.7,62.148
EGLDUSDT,SELL,LIMIT,1702197074467,245.7,61.528
EGLDUSDT,SELL,LIMIT,1702197091341,2.3,62.153
EGLDUSDT,SELL,LIMIT,1702197703624,25.5,62.109
EGLDUSDT,SELL,LIMIT,1702197704839,8.6,62.072
EGLDUSDT,SELL,LIMIT,1702197706206,9.6,62.061
EGLDUSDT,SELL,LIMIT,1702197709082,0.2,62.028
EGLDUSDT,SELL,LIMIT,1702197725347,11.1,61.968
EGLDUSDT,SELL,LIMIT,1702197759000,5.9,61.937
EGLDUSDT,SELL,LIMIT,1702197761202,15.6,61.904
EGLDUSDT,SELL,LIMIT,1702197792746,18.4,61.865
EGLDUSDT,SELL,LIMIT,1702197801015,2.3,61.843
EGLDUSDT,SELL,LIMIT,1702197802150,0.5,61.799
EGLDUSDT,SELL,LIMIT,1702197823661,0.3,61.726
EGLDUSDT,SELL,LIMIT,1702197827677,0.1,61.690
EGLDUSDT,SELL,LIMIT,1702197829479,2.8,61.663
EGLDUSDT,SELL,LIMIT,1702197832138,19.4,61.635
EGLDUSDT,SELL,LIMIT,1702197833163,38.7,61.623
EGLDUSDT,SELL,LIMIT,1702197834808,0.1,61.618
EGLDUSDT,SELL,LIMIT,1702197836041,0.7,61.588
EGLDUSDT,SELL,LIMIT,1702197837381,4.8,61.582
EGLDUSDT,SELL,LIMIT,1702197838989,6.8,61.546
EGLDUSDT,SELL,LIMIT,1702200329083,0.1,63.281
EGLDUSDT,SELL,LIMIT,1702200765871,41.4,62.270
EGLDUSDT,SELL,LIMIT,1702200801824,0.1,62.118
EGLDUSDT,SELL,LIMIT,1702200884802,210.7,61.884
EGLDUSDT,SELL,LIMIT,1702200890576,0.3,66.501
EGLDUSDT,SELL,LIMIT,1702201435374,17.6,62.261
EGLDUSDT,SELL,LIMIT,1702201480204,0.2,62.945
EGLDUSDT,SELL,LIMIT,1702202042818,0.7,61.876
EGLDUSDT,SELL,LIMIT,1702202052276,5.3,61.796
EGLDUSDT,SELL,LIMIT,1702202075271,11.6,61.694
EGLDUSDT,SELL,LIMIT,1702202100438,0.1,61.446
EGLDUSDT,SELL,LIMIT,1702202226587,0.9,61.574
EGLDUSDT,SELL,LIMIT,1702202234272,45.5,61.518
EGLDUSDT,SELL,LIMIT,1702202246883,4.8,61.399
EGLDUSDT,SELL,LIMIT,1702202249426,3.4,61.316
EGLDUSDT,SELL,LIMIT,1702202251376,7.3,61.295
EGLDUSDT,SELL,LIMIT,1702202257916,10.0,61.228
EGLDUSDT,SELL,LIMIT,1702202259673,0.8,61.221
EGLDUSDT,SELL,LIMIT,1702202273431,0.5,63.607
EGLDUSDT,SELL,LIMIT,1702202292700,77.0,61.242
EGLDUSDT,SELL,LIMIT,1702202313287,1.8,61.208
EGLDUSDT,SELL,LIMIT,1702202314383,4.0,61.208
EGLDUSDT,SELL,LIMIT,1702202318532,0.9,61.142
EGLDUSDT,SELL,LIMIT,1702202323170,7.9,61.057
EGLDUSDT,SELL,LIMIT,1702202324178,2.7,61.052
EGLDUSDT,SELL,LIMIT,1702202325353,3.3,61.148
EGLDUSDT,SELL,LIMIT,1702202350584,11.0,61.290
EGLDUSDT,SELL,LIMIT,1702202373631,6.0,61.252
EGLDUSDT,SELL,LIMIT,1702202379997,2.7,61.234
EGLDUSDT,SELL,LIMIT,1702202382162,16.6,61.306
EGLDUSDT,SELL,LIMIT,1702202386354,0.2,61.188
EGLDUSDT,SELL,LIMIT,1702202388067,0.6,61.166
EGLDUSDT,SELL,LIMIT,1702202389375,2.7,61.145
EGLDUSDT,SELL,LIMIT,1702202398638,1.4,61.202
EGLDUSDT,BUY,LIMIT,1702205278032,1.2,64.293
EGLDUSDT,BUY,LIMIT,1702205289551,39.3,64.355
EGLDUSDT,BUY,LIMIT,1702206213204,1.5,64.348
EGLDUSDT,BUY,LIMIT,1702206241526,0.2,64.383
EGLDUSDT,BUY,LIMIT,1702206586813,52.7,64.403
EGLDUSDT,BUY,LIMIT,1702206590114,3.0,64.458
EGLDUSDT,BUY,LIMIT,1702206593449,15.7,64.480
EGLDUSDT,BUY,LIMIT,1702206618327,3.8,64.627
EGLDUSDT,BUY,LIMIT,1702206644643,0.2,64.765
EGLDUSDT,BUY,LIMIT,1702206802265,29.7,64.850
EGLDUSDT,BUY,LIMIT,1702206803344,0.4,64.859
EGLDUSDT,BUY,LIMIT,1702206807795,5.7,64.909
EGLDUSDT,BUY,LIMIT,1702206813488,2.7,64.948
EGLDUSDT,BUY,LIMIT,1702206815294,42.9,64.977
EGLDUSDT,BUY,LIMIT,1702207929578,9.7,65.026
EGLDUSDT,BUY,LIMIT,1702207962315,0.5,65.229
EGLDUSDT,BUY,LIMIT,1702207963514,2.7,65.114
EGLDUSDT,BUY,LIMIT,1702207964525,6.3,65.454
EGLDUSDT,BUY,LIMIT,1702207966234,2.6,65.630
EGLDUSDT,BUY,LIMIT,1702207968735,7.9,65.657
EGLDUSDT,BUY,LIMIT,1702207980287,24.1,65.675
EGLDUSDT,BUY,LIMIT,1702208041573,80.7,65.635
EGLDUSDT,BUY,LIMIT,1702208329266,0.4,65.274
EGLDUSDT,SELL,LIMIT,1702209085814,22.3,64.297
EGLDUSDT,BUY,LIMIT,1702209113474,10.2,65.629
EGLDUSDT,BUY,LIMIT,1702209122123,4.3,65.708
EGLDUSDT,BUY,LIMIT,1702209282608,1.7,65.542
EGLDUSDT,SELL,LIMIT,1702209978495,0.3,63.818
EGLDUSDT,BUY,LIMIT,1702211236217,4.3,65.309
EGLDUSDT,BUY,LIMIT,1702212824659,0.1,65.145
EGLDUSDT,BUY,LIMIT,1702219611813,1.4,64.094
EGLDUSDT,BUY,LIMIT,1702221443975,2.2,64.235
EGLDUSDT,BUY,LIMIT,1702221575861,0.4,63.808
EGLDUSDT,BUY,LIMIT,1702223238286,1.2,63.888
EGLDUSDT,BUY,LIMIT,1702226338540,0.5,64.208
EGLDUSDT,SELL,LIMIT,1702230137293,0.7,65.088
EGLDUSDT,SELL,LIMIT,1702230615310,4.1,62.954
EGLDUSDT,SELL,LIMIT,1702234861743,0.3,62.448
EGLDUSDT,SELL,LIMIT,1702234889137,1.1,62.316
EGLDUSDT,SELL,LIMIT,1702234892441,1.3,62.203
EGLDUSDT,SELL,LIMIT,1702236215221,4.6,62.329
EGLDUSDT,SELL,LIMIT,1702236267558,50.0,62.774
EGLDUSDT,BUY,LIMIT,1702238528936,19.2,64.405
EGLDUSDT,SELL,LIMIT,1702238563602,15.1,63.117
EGLDUSDT,BUY,LIMIT,1702238605518,4.3,64.413
EGLDUSDT,BUY,LIMIT,1702239850041,0.1,64.478
EGLDUSDT,BUY,LIMIT,1702240528232,37.9,64.458
EGLDUSDT,BUY,LIMIT,1702240537280,1.6,64.498
EGLDUSDT,BUY,LIMIT,1702240568746,0.1,64.503
EGLDUSDT,BUY,LIMIT,1702240613460,0.3,64.458
EGLDUSDT,BUY,LIMIT,1702240714618,74.7,64.417
EGLDUSDT,BUY,LIMIT,1702240741929,3.0,64.397
EGLDUSDT,BUY,LIMIT,1702240761532,41.2,64.407
EGLDUSDT,BUY,LIMIT,1702240764155,1.5,64.407
EGLDUSDT,BUY,LIMIT,1702240790102,0.9,64.347
EGLDUSDT,BUY,LIMIT,1702241074520,0.3,64.324
EGLDUSDT,BUY,LIMIT,1702241117786,41.3,64.396
EGLDUSDT,BUY,LIMIT,1702241182471,0.3,64.417
EGLDUSDT,BUY,LIMIT,1702241346162,7.8,64.375
EGLDUSDT,BUY,LIMIT,1702241760120,4.3,64.558
EGLDUSDT,BUY,LIMIT,1702241945091,0.2,64.708
EGLDUSDT,BUY,LIMIT,1702241946167,0.5,64.857
EGLDUSDT,BUY,LIMIT,1702241994680,10.5,65.132
EGLDUSDT,BUY,LIMIT,1702242000593,36.7,65.168
EGLDUSDT,BUY,LIMIT,1702242549804,6.1,65.020
EGLDUSDT,SELL,LIMIT,1702243929313,9.8,63.785
EGLDUSDT,BUY,LIMIT,1702250717543,40.4,65.332
EGLDUSDT,BUY,LIMIT,1702250984152,5.2,65.575
EGLDUSDT,BUY,LIMIT,1702252830491,3.4,65.730
EGLDUSDT,BUY,LIMIT,1702252982061,3.7,65.765
EGLDUSDT,BUY,LIMIT,1702252983283,52.1,65.813
EGLDUSDT,BUY,LIMIT,1702252984458,3.3,65.837
EGLDUSDT,BUY,LIMIT,1702252985591,0.3,65.884
EGLDUSDT,BUY,LIMIT,1702252992279,0.6,65.984
EGLDUSDT,BUY,LIMIT,1702252993299,0.7,66.044
EGLDUSDT,BUY,LIMIT,1702252994371,0.3,66.141
EGLDUSDT,BUY,LIMIT,1702252995701,0.3,66.173
EGLDUSDT,BUY,LIMIT,1702252999220,5.2,66.198
EGLDUSDT,BUY,LIMIT,1702253014319,5.4,66.233
EGLDUSDT,BUY,LIMIT,1702253015854,2.2,66.247
EGLDUSDT,BUY,LIMIT,1702253021620,84.6,66.343
EGLDUSDT,BUY,LIMIT,1702253023699,0.6,66.244
EGLDUSDT,BUY,LIMIT,1702253034998,14.4,66.274
EGLDUSDT,BUY,LIMIT,1702253036113,17.9,66.284
EGLDUSDT,BUY,LIMIT,1702253039763,0.6,66.343
EGLDUSDT,BUY,LIMIT,1702253071718,21.5,66.357
EGLDUSDT,BUY,LIMIT,1702253073310,1.9,66.424
EGLDUSDT,BUY,LIMIT,1702253075007,0.2,66.461
EGLDUSDT,BUY,LIMIT,1702253076356,3.9,66.480
EGLDUSDT,BUY,LIMIT,1702253078382,0.8,66.506
EGLDUSDT,BUY,LIMIT,1702253079383,1.1,66.508
EGLDUSDT,BUY,LIMIT,1702253080723,2.5,66.590
EGLDUSDT,BUY,LIMIT,1702253082258,4.0,66.602
EGLDUSDT,BUY,LIMIT,1702253084446,26.1,66.650
EGLDUSDT,BUY,LIMIT,1702253086369,2.3,66.683
EGLDUSDT,BUY,LIMIT,1702253118164,3.4,66.727
EGLDUSDT,BUY,LIMIT,1702253120400,91.6,66.914
EGLDUSDT,BUY,LIMIT,1702253123252,1.9,66.755
EGLDUSDT,BUY,LIMIT,1702253124682,0.5,66.817
EGLDUSDT,BUY,LIMIT,1702253125974,6.3,66.872
EGLDUSDT,BUY,LIMIT,1702253127194,2.2,66.909
EGLDUSDT,BUY,LIMIT,1702253142882,1.8,66.912
EGLDUSDT,BUY,LIMIT,1702253149727,0.6,67.005
EGLDUSDT,BUY,LIMIT,1702253154986,35.1,66.994
EGLDUSDT,BUY,LIMIT,1702253159124,0.2,67.024
EGLDUSDT,BUY,LIMIT,1702253160199,0.9,67.043
EGLDUSDT,BUY,LIMIT,1702253161452,0.6,67.086
EGLDUSDT,BUY,LIMIT,1702253163113,8.5,67.114
EGLDUSDT,BUY,LIMIT,1702253164174,0.5,67.096
EGLDUSDT,BUY,LIMIT,1702253195171,2.9,67.104
EGLDUSDT,BUY,LIMIT,1702253198160,252.7,67.829
EGLDUSDT,SELL,LIMIT,1702254175205,0.8,63.590
EGLDUSDT,SELL,LIMIT,1702254176337,8.0,63.545
EGLDUSDT,SELL,LIMIT,1702254306859,5.2,63.006
EGLDUSDT,SELL,LIMIT,1702254313998,7.5,62.978
EGLDUSDT,SELL,LIMIT,1702254474526,4.3,62.863
EGLDUSDT,SELL,LIMIT,1702254476844,0.8,62.822
EGLDUSDT,BUY,LIMIT,1702256574579,0.1,66.644
EGLDUSDT,SELL,LIMIT,1702256620302,3.1,65.232
EGLDUSDT,SELL,LIMIT,1702256672077,0.7,65.026
EGLDUSDT,SELL,LIMIT,1702257009370,2.6,63.599
EGLDUSDT,BUY,LIMIT,1702258223709,5.3,66.923
EGLDUSDT,BUY,LIMIT,1702258283453,30.8,67.159
EGLDUSDT,BUY,LIMIT,1702258286242,77.7,67.229
EGLDUSDT,BUY,LIMIT,1702258294095,4.8,67.225
EGLDUSDT,BUY,LIMIT,1702258296650,0.2,67.228
EGLDUSDT,BUY,LIMIT,1702258298308,0.1,67.246
EGLDUSDT,BUY,LIMIT,1702258301149,2.2,67.274
EGLDUSDT,SELL,LIMIT,1702260215146,0.1,64.459
EGLDUSDT,SELL,LIMIT,1702260286972,0.2,64.558
EGLDUSDT,SELL,LIMIT,1702260427832,77.3,64.037
EGLDUSDT,SELL,LIMIT,1702260429340,62.2,64.698
EGLDUSDT,SELL,LIMIT,1702260439608,1.5,63.818
EGLDUSDT,SELL,LIMIT,1702260442875,0.2,63.748
EGLDUSDT,SELL,LIMIT,1702260449974,8.9,63.434
EGLDUSDT,SELL,LIMIT,1702260629330,18.6,63.848
EGLDUSDT,SELL,LIMIT,1702260631266,63.4,63.528
EGLDUSDT,SELL,LIMIT,1702260635530,1.7,63.635
EGLDUSDT,SELL,LIMIT,1702260636702,1.1,63.690
EGLDUSDT,SELL,LIMIT,1702260689500,5.1,63.209
EGLDUSDT,SELL,LIMIT,1702260693591,3.2,63.241
EGLDUSDT,SELL,LIMIT,1702260696201,1.4,63.147
EGLDUSDT,SELL,LIMIT,1702260700260,3.0,63.104
EGLDUSDT,SELL,LIMIT,1702260701463,6.6,63.067
EGLDUSDT,SELL,LIMIT,1702260702485,49.2,63.112
EGLDUSDT,SELL,LIMIT,1702260707117,1.7,62.960
EGLDUSDT,SELL,LIMIT,1702260708140,6.1,65.784
EGLDUSDT,SELL,LIMIT,1702260709228,0.1,62.992
EGLDUSDT,SELL,LIMIT,1702260710241,1.0,63.466
EGLDUSDT,SELL,LIMIT,1702260711571,0.7,62.925
EGLDUSDT,SELL,LIMIT,1702260713530,3.2,62.871
EGLDUSDT,SELL,LIMIT,1702260714628,0.5,62.789
EGLDUSDT,SELL,LIMIT,1702260716544,8.3,62.775
EGLDUSDT,SELL,LIMIT,1702260717668,15.5,62.725
EGLDUSDT,SELL,LIMIT,1702260718822,0.7,62.718
EGLDUSDT,SELL,LIMIT,1702260720274,0.4,62.745
EGLDUSDT,SELL,LIMIT,1702260722628,2.4,64.507
EGLDUSDT,SELL,LIMIT,1702260723675,4.2,62.672
EGLDUSDT,SELL,LIMIT,1702260725855,15.9,62.813
EGLDUSDT,SELL,LIMIT,1702260726942,30.3,62.679
EGLDUSDT,BUY,LIMIT,1702260727984,0.3,63.988
EGLDUSDT,SELL,LIMIT,1702260730369,7.1,63.553
EGLDUSDT,SELL,LIMIT,1702260731907,50.0,62.670
EGLDUSDT,SELL,LIMIT,1702260733271,10.5,62.704
EGLDUSDT,SELL,LIMIT,1702260734384,11.5,62.733
EGLDUSDT,BUY,LIMIT,1702260735410,0.9,63.762
EGLDUSDT,SELL,LIMIT,1702260737387,1.1,62.681
EGLDUSDT,SELL,LIMIT,1702260738447,2.7,62.674
EGLDUSDT,SELL,LIMIT,1702260740157,1.8,62.672
EGLDUSDT,SELL,LIMIT,1702260741448,2.0,62.725
EGLDUSDT,SELL,LIMIT,1702260742639,0.5,62.860
EGLDUSDT,SELL,LIMIT,1702260744047,231.1,62.034
EGLDUSDT,SELL,LIMIT,1702260745369,2.7,62.790
EGLDUSDT,SELL,LIMIT,1702260746688,0.3,62.508
EGLDUSDT,SELL,LIMIT,1702260748078,31.9,62.465
EGLDUSDT,BUY,LIMIT,1702260749680,5.7,62.714
EGLDUSDT,SELL,LIMIT,1702260750902,143.5,62.998
EGLDUSDT,SELL,LIMIT,1702260752125,2.4,62.260
EGLDUSDT,BUY,LIMIT,1702260753194,6.3,63.309
EGLDUSDT,SELL,LIMIT,1702260754378,1.2,62.661
EGLDUSDT,SELL,LIMIT,1702260755472,3.1,62.054
EGLDUSDT,SELL,LIMIT,1702260756653,1.7,62.502
EGLDUSDT,SELL,LIMIT,1702260757679,6.6,70.613
EGLDUSDT,SELL,LIMIT,1702260758699,7.4,62.000
EGLDUSDT,SELL,LIMIT,1702260760126,0.1,61.910
EGLDUSDT,SELL,LIMIT,1702260761234,47.9,61.877
EGLDUSDT,SELL,LIMIT,1702260762597,0.1,61.752
EGLDUSDT,SELL,LIMIT,1702260763721,2.8,61.792
EGLDUSDT,SELL,LIMIT,1702260764755,0.1,61.762
EGLDUSDT,SELL,LIMIT,1702260765785,2.7,62.742
EGLDUSDT,SELL,LIMIT,1702260766853,23.4,61.614
EGLDUSDT,SELL,LIMIT,1702260767883,0.1,61.587
EGLDUSDT,SELL,LIMIT,1702260768995,2.8,61.689
EGLDUSDT,SELL,LIMIT,1702260770041,11.2,61.526
EGLDUSDT,SELL,LIMIT,1702260771202,0.3,61.495
EGLDUSDT,SELL,LIMIT,1702260772219,5.2,61.478
EGLDUSDT,SELL,LIMIT,1702260773236,0.1,61.459
EGLDUSDT,BUY,LIMIT,1702260774376,0.5,62.651
EGLDUSDT,SELL,LIMIT,1702260775447,0.1,61.265
EGLDUSDT,SELL,LIMIT,1702260776502,3.3,61.095
EGLDUSDT,SELL,LIMIT,1702260777607,0.5,61.186
EGLDUSDT,SELL,LIMIT,1702260778670,26.3,61.049
EGLDUSDT,SELL,LIMIT,1702260780163,68.6,60.345
EGLDUSDT,SELL,LIMIT,1702260781594,0.1,68.181
EGLDUSDT,SELL,LIMIT,1702260782701,97.5,60.691
EGLDUSDT,SELL,LIMIT,1702260783787,2.3,60.681
EGLDUSDT,SELL,LIMIT,1702260784799,0.2,60.743
EGLDUSDT,SELL,LIMIT,1702260785925,12.8,60.654
EGLDUSDT,SELL,LIMIT,1702260786943,19.5,60.556
EGLDUSDT,SELL,LIMIT,1702260788026,44.0,61.340
EGLDUSDT,SELL,LIMIT,1702260789042,1.5,61.313
EGLDUSDT,SELL,LIMIT,1702260790250,0.1,60.364
EGLDUSDT,SELL,LIMIT,1702260791374,193.1,59.791
EGLDUSDT,SELL,LIMIT,1702260792906,0.5,60.292
EGLDUSDT,SELL,LIMIT,1702260794077,7.7,60.255
EGLDUSDT,SELL,LIMIT,1702260795121,0.6,60.199
EGLDUSDT,BUY,LIMIT,1702260796421,1.6,60.960
EGLDUSDT,SELL,LIMIT,1702260797435,0.3,60.223
EGLDUSDT,SELL,LIMIT,1702260798432,1.0,60.273
EGLDUSDT,SELL,LIMIT,1702260799441,252.3,59.488
EGLDUSDT,SELL,LIMIT,1702260800748,2.7,60.610
EGLDUSDT,SELL,LIMIT,1702260801869,23.1,59.915
EGLDUSDT,SELL,LIMIT,1702260803344,15.5,59.816
EGLDUSDT,SELL,LIMIT,1702260804393,6.3,59.822
EGLDUSDT,SELL,LIMIT,1702260805403,3.7,59.662
EGLDUSDT,SELL,LIMIT,1702260806489,0.2,61.116
EGLDUSDT,SELL,LIMIT,1702260807604,3.5,59.557
EGLDUSDT,SELL,LIMIT,1702260809510,11.3,60.637
EGLDUSDT,SELL,LIMIT,1702260810514,0.7,59.493
EGLDUSDT,SELL,LIMIT,1702260811518,15.1,59.493
EGLDUSDT,SELL,LIMIT,1702260812980,7.0,60.306
EGLDUSDT,BUY,LIMIT,1702260814344,0.3,60.370
EGLDUSDT,SELL,LIMIT,1702260817712,1.5,59.716
EGLDUSDT,SELL,LIMIT,1702260819569,393.1,58.966
EGLDUSDT,SELL,LIMIT,1702260821284,0.7,60.544
EGLDUSDT,SELL,LIMIT,1702260829225,1.0,59.742
EGLDUSDT,BUY,LIMIT,1702260831859,0.1,61.159
EGLDUSDT,BUY,LIMIT,1702260840393,1.8,60.983
EGLDUSDT,BUY,LIMIT,1702260849822,14.9,61.127
EGLDUSDT,BUY,LIMIT,1702260858423,2.0,61.276
EGLDUSDT,BUY,LIMIT,1702260861356,0.2,61.357
EGLDUSDT,BUY,LIMIT,1702260876726,0.1,61.918
EGLDUSDT,BUY,LIMIT,1702260947336,0.9,62.185
EGLDUSDT,SELL,LIMIT,1702261011410,1.6,60.767
EGLDUSDT,BUY,LIMIT,1702261108926,4.7,62.672
EGLDUSDT,BUY,LIMIT,1702261200438,72.6,62.911
EGLDUSDT,BUY,LIMIT,1702261449949,9.1,63.082
EGLDUSDT,BUY,LIMIT,1702261830852,1.5,63.296
EGLDUSDT,SELL,LIMIT,1702262615562,1.9,61.436
EGLDUSDT,BUY,LIMIT,1702263628481,1.8,64.017
EGLDUSDT,BUY,LIMIT,1702263760285,12.9,64.403
EGLDUSDT,BUY,LIMIT,1702263780078,9.3,64.520
EGLDUSDT,BUY,LIMIT,1702263917183,2.6,64.785
EGLDUSDT,BUY,LIMIT,1702263919338,10.0,64.871
EGLDUSDT,BUY,LIMIT,1702263964400,2.1,65.092
EGLDUSDT,BUY,LIMIT,1702263968820,20.5,65.133
EGLDUSDT,BUY,LIMIT,1702264009311,2.7,65.101
EGLDUSDT,BUY,LIMIT,1702264017159,70.6,65.276
EGLDUSDT,BUY,LIMIT,1702264049107,0.1,65.336
EGLDUSDT,BUY,LIMIT,1702264198897,3.2,65.175
EGLDUSDT,BUY,LIMIT,1702265681832,59.3,65.495
EGLDUSDT,BUY,LIMIT,1702265684811,68.4,65.527
EGLDUSDT,BUY,LIMIT,1702265932918,1.9,65.339
EGLDUSDT,BUY,LIMIT,1702266093096,0.5,64.633
EGLDUSDT,BUY,LIMIT,1702266687846,0.6,65.543
EGLDUSDT,BUY,LIMIT,1702266700686,0.3,65.579
EGLDUSDT,BUY,LIMIT,1702266784581,0.3,65.476
EGLDUSDT,BUY,LIMIT,1702266845147,1.0,65.794
EGLDUSDT,BUY,LIMIT,1702266846246,1.5,65.850
EGLDUSDT,BUY,LIMIT,1702266854472,79.3,66.139
EGLDUSDT,BUY,LIMIT,1702267100725,6.0,66.540
EGLDUSDT,BUY,LIMIT,1702267102676,60.0,66.548
EGLDUSDT,SELL,LIMIT,1702267232576,0.9,64.852
