Symbol,Side,Order Type,Time,Quantity,Price
ENJUSDT,BUY,LIMIT,1700991472336,40,0.30436
ENJUSDT,BUY,LIMIT,1700991525215,7546,0.30646
ENJUSDT,BUY,LIMIT,1700991530868,14644,0.30654
ENJUSDT,BUY,LIMIT,1700993196243,2022,0.30746
ENJUSDT,SELL,LIMIT,1700994895569,2773,0.30097
ENJUSDT,BUY,LIMIT,1700995558690,2228,0.30923
ENJUSDT,BUY,LIMIT,1700995612514,84,0.30951
ENJUSDT,BUY,LIMIT,1700995616227,76,0.30961
ENJUSDT,BUY,LIMIT,1700996843626,1104,0.30994
ENJUSDT,BUY,LIMIT,1700996847045,884,0.31007
ENJUSDT,BUY,LIMIT,1700997618025,83,0.31008
ENJUSDT,BUY,LIMIT,1701002353089,8060,0.30633
ENJUSDT,BUY,LIMIT,1701002961555,246,0.30720
ENJUSDT,BUY,LIMIT,1701005972684,297,0.31085
ENJUSDT,BUY,LIMIT,1701007124004,336,0.31174
ENJUSDT,BUY,LIMIT,1701007146545,8686,0.31284
ENJUSDT,SELL,LIMIT,1701009289527,355,0.30240
ENJUSDT,SELL,LIMIT,1701013826374,5651,0.29574
ENJUSDT,SELL,LIMIT,1701013938236,235,0.29528
ENJUSDT,SELL,LIMIT,1701013994146,13088,0.29533
ENJUSDT,SELL,LIMIT,1701014032441,48,0.29512
ENJUSDT,SELL,LIMIT,1701014058087,39,0.29549
ENJUSDT,BUY,LIMIT,1701014632876,250,0.29972
ENJUSDT,SELL,LIMIT,1701014727797,650,0.29740
ENJUSDT,SELL,LIMIT,1701015211142,699,0.29698
ENJUSDT,SELL,LIMIT,1701015684298,693,0.29463
ENJUSDT,SELL,LIMIT,1701015685458,12829,0.29443
ENJUSDT,SELL,LIMIT,1701015686433,44,0.29428
ENJUSDT,SELL,LIMIT,1701015747981,21,0.29423
ENJUSDT,SELL,LIMIT,1701015761160,600,0.29404
ENJUSDT,SELL,LIMIT,1701015877620,117,0.29391
ENJUSDT,SELL,LIMIT,1701015993803,781,0.29375
ENJUSDT,SELL,LIMIT,1701015999435,416,0.29370
ENJUSDT,SELL,LIMIT,1701016012621,88,0.29363
ENJUSDT,SELL,LIMIT,1701016018484,1393,0.29362
ENJUSDT,SELL,LIMIT,1701016020160,1813,0.29324
ENJUSDT,SELL,LIMIT,1701016027043,348,0.29300
ENJUSDT,SELL,LIMIT,1701016028777,162,0.29298
ENJUSDT,SELL,LIMIT,1701016032240,12434,0.29245
ENJUSDT,SELL,LIMIT,1701016033362,1452,0.29245
ENJUSDT,SELL,LIMIT,1701016035368,398,0.29999
ENJUSDT,SELL,LIMIT,1701016037392,627,0.29222
ENJUSDT,SELL,LIMIT,1701016042204,8426,0.29217
ENJUSDT,SELL,LIMIT,1701016044399,321,0.29196
ENJUSDT,SELL,LIMIT,1701016045468,1475,0.29137
ENJUSDT,SELL,LIMIT,1701016046338,1692,0.29180
ENJUSDT,SELL,LIMIT,1701016047150,65,0.29114
ENJUSDT,SELL,LIMIT,1701016048082,629,0.29123
ENJUSDT,SELL,LIMIT,1701016049333,868,0.29048
ENJUSDT,SELL,LIMIT,1701016051338,1922,0.29019
ENJUSDT,SELL,LIMIT,1701016067110,10000,0.28917
ENJUSDT,SELL,LIMIT,1701016101601,500,0.28979
ENJUSDT,SELL,LIMIT,1701023338795,451,0.29677
ENJUSDT,SELL,LIMIT,1701038207172,811,0.30012
ENJUSDT,BUY,LIMIT,1701045038151,545,0.30957
ENJUSDT,BUY,LIMIT,1701045044173,54,0.30962
ENJUSDT,BUY,LIMIT,1701045057680,1270,0.30989
ENJUSDT,BUY,LIMIT,1701045569151,1686,0.31109
ENJUSDT,BUY,LIMIT,1701045765613,168,0.31127
ENJUSDT,BUY,LIMIT,1701046522271,148946,0.31228
ENJUSDT,SELL,LIMIT,1701050256410,814,0.29676
ENJUSDT,SELL,LIMIT,1701053045097,809,0.29443
ENJUSDT,SELL,LIMIT,1701053088884,1130,0.29402
ENJUSDT,SELL,LIMIT,1701054474541,72,0.29326
ENJUSDT,SELL,LIMIT,1701055062792,65,0.29299
ENJUSDT,SELL,LIMIT,1701055082418,1962,0.29292
ENJUSDT,SELL,LIMIT,1701055085279,158,0.29287
ENJUSDT,SELL,LIMIT,1701055343116,2979,0.29292
ENJUSDT,SELL,LIMIT,1701055580052,324,0.29258
ENJUSDT,SELL,LIMIT,1701056053415,2499,0.29176
ENJUSDT,SELL,LIMIT,1701056055269,328,0.29179
ENJUSDT,SELL,LIMIT,1701056090325,22,0.29160
ENJUSDT,SELL,LIMIT,1701056140908,232881,0.29008
ENJUSDT,SELL,LIMIT,1701056143965,477,0.29073
ENJUSDT,SELL,LIMIT,1701056154573,72,0.29068
ENJUSDT,SELL,LIMIT,1701056165173,596,0.29047
ENJUSDT,SELL,LIMIT,1701056167236,98,0.29044
