Symbol,Side,Order Type,Time,Quantity,Price
ENJUSDT,SELL,LIMIT,1701939991440,3897,0.31987
ENJUSDT,SELL,LIMIT,1701940050219,2200,0.31918
ENJUSDT,SELL,LIMIT,1701940556315,642,0.32921
ENJUSDT,SELL,LIMIT,1701940565378,121,0.31835
ENJUSDT,SELL,LIMIT,1701940679066,52,0.31722
ENJUSDT,SELL,LIMIT,1701941017557,4043,0.31732
ENJUSDT,SELL,LIMIT,1701941024155,647,0.31692
ENJUSDT,SELL,LIMIT,1701941039264,81,0.31627
ENJUSDT,SELL,LIMIT,1701941056217,2179,0.31621
ENJUSDT,SELL,LIMIT,1701941065325,1203,0.31600
ENJUSDT,SELL,LIMIT,1701941074775,10961,0.31539
ENJUSDT,SELL,LIMIT,1701941111828,10000,0.31509
ENJUSDT,SELL,LIMIT,1701941152308,7549,0.31451
ENJUSDT,SELL,LIMIT,1701941154431,2053,0.31416
ENJUSDT,SELL,LIMIT,1701941177203,76,0.31350
ENJUSDT,SELL,LIMIT,1701941179667,213,0.31343
ENJUSDT,SELL,LIMIT,1701941182507,1074,0.31807
ENJUSDT,SELL,LIMIT,1701941187857,48,0.31299
ENJUSDT,SELL,LIMIT,1701941189367,1482,0.31247
ENJUSDT,BUY,LIMIT,1701952695683,40350,0.33480
ENJUSDT,SELL,LIMIT,1701962388919,615,0.33012
ENJUSDT,BUY,LIMIT,1701963327215,599,0.34019
ENJUSDT,BUY,LIMIT,1701963606785,25044,0.34190
ENJUSDT,BUY,LIMIT,1701964191116,561,0.34388
ENJUSDT,SELL,LIMIT,1701977296239,3696,0.32977
ENJUSDT,SELL,LIMIT,1701997718649,2288,0.33245
ENJUSDT,BUY,LIMIT,1702039452695,301,0.34804
ENJUSDT,BUY,LIMIT,1702047077494,3369,0.34653
ENJUSDT,BUY,LIMIT,1702049800419,28037,0.34504
ENJUSDT,BUY,LIMIT,1702051501763,229,0.34491
ENJUSDT,BUY,LIMIT,1702051903142,17,0.34585
ENJUSDT,BUY,LIMIT,1702052530226,229,0.34744
ENJUSDT,BUY,LIMIT,1702064221426,157,0.35019
ENJUSDT,BUY,LIMIT,1702064236679,59,0.35108
ENJUSDT,BUY,LIMIT,1702064266193,2262,0.35197
ENJUSDT,BUY,LIMIT,1702064276445,191,0.35234
ENJUSDT,SELL,LIMIT,1702067590379,4626,0.34441
ENJUSDT,BUY,LIMIT,1702069078918,144,0.35238
ENJUSDT,BUY,LIMIT,1702073310526,6576,0.35408
ENJUSDT,BUY,LIMIT,1702073605901,1293,0.35455
ENJUSDT,BUY,LIMIT,1702073733195,448,0.35489
ENJUSDT,BUY,LIMIT,1702074114378,1117,0.35512
ENJUSDT,BUY,LIMIT,1702074118628,146,0.35534
ENJUSDT,BUY,LIMIT,1702074135921,2239,0.35548
ENJUSDT,BUY,LIMIT,1702074532142,21,0.35582
ENJUSDT,BUY,LIMIT,1702074545996,91,0.35608
ENJUSDT,BUY,LIMIT,1702077663931,187,0.35336
ENJUSDT,BUY,LIMIT,1702080420734,536,0.35562
ENJUSDT,BUY,LIMIT,1702080754158,38143,0.35657
ENJUSDT,BUY,LIMIT,1702080910060,353,0.35743
ENJUSDT,BUY,LIMIT,1702081309141,788,0.35892
ENJUSDT,BUY,LIMIT,1702082217209,115,0.36008
ENJUSDT,BUY,LIMIT,1702082926363,21,0.36098
ENJUSDT,BUY,LIMIT,1702082974938,185,0.36137
ENJUSDT,BUY,LIMIT,1702083126195,187,0.36046
ENJUSDT,BUY,LIMIT,1702091266960,317,0.35776
ENJUSDT,BUY,LIMIT,1702091747774,167,0.35797
ENJUSDT,BUY,LIMIT,1702093970055,720,0.36339
ENJUSDT,BUY,LIMIT,1702094558076,1478,0.36085
ENJUSDT,BUY,LIMIT,1702097212156,190,0.36493
ENJUSDT,BUY,LIMIT,1702097831775,240,0.36646
ENJUSDT,BUY,LIMIT,1702102929864,75,0.36743
ENJUSDT,BUY,LIMIT,1702103231234,861,0.36887
ENJUSDT,BUY,LIMIT,1702103376622,187,0.36905
ENJUSDT,BUY,LIMIT,1702106825704,101,0.36583
ENJUSDT,BUY,LIMIT,1702107798620,51,0.36644
ENJUSDT,BUY,LIMIT,1702107991122,135,0.36780
ENJUSDT,BUY,LIMIT,1702108368870,1642,0.37007
ENJUSDT,BUY,LIMIT,1702108974188,148,0.37136
ENJUSDT,BUY,LIMIT,1702109010082,450,0.37178
ENJUSDT,BUY,LIMIT,1702109101219,555,0.37140
ENJUSDT,BUY,LIMIT,1702109359571,30,0.37067
ENJUSDT,BUY,LIMIT,1702109514107,750,0.37083
ENJUSDT,BUY,LIMIT,1702109557788,606,0.37086
ENJUSDT,BUY,LIMIT,1702109566492,213,0.37079
ENJUSDT,BUY,LIMIT,1702109787113,345,0.37177
ENJUSDT,BUY,LIMIT,1702110578510,16129,0.37265
ENJUSDT,SELL,LIMIT,1702110972234,597,0.35888
ENJUSDT,SELL,LIMIT,1702110974399,36,0.35898
ENJUSDT,SELL,LIMIT,1702111029134,41,0.35736
ENJUSDT,SELL,LIMIT,1702111031400,26,0.35730
ENJUSDT,SELL,LIMIT,1702111037177,1386,0.35514
ENJUSDT,SELL,LIMIT,1702111038310,2614,0.35514
ENJUSDT,SELL,LIMIT,1702111382999,179,0.35141
ENJUSDT,SELL,LIMIT,1702111386206,13714,0.35131
ENJUSDT,SELL,LIMIT,1702111387739,2923,0.35017
ENJUSDT,SELL,LIMIT,1702132994373,601,0.35431
ENJUSDT,SELL,LIMIT,1702133007108,601,0.35225
ENJUSDT,SELL,LIMIT,1702134882165,5249,0.35058
ENJUSDT,SELL,LIMIT,1702139262263,1000,0.35448
ENJUSDT,SELL,LIMIT,1702140004871,318,0.35531
ENJUSDT,BUY,LIMIT,1702147601403,133,0.36562
ENJUSDT,BUY,LIMIT,1702148738274,128,0.36912
ENJUSDT,SELL,LIMIT,1702161377293,2773,0.35697
ENJUSDT,SELL,LIMIT,1702164747643,53,0.34993
ENJUSDT,SELL,LIMIT,1702164766968,257,0.34927
ENJUSDT,SELL,LIMIT,1702164792239,1341,0.34875
ENJUSDT,SELL,LIMIT,1702164797884,112941,0.34850
ENJUSDT,SELL,LIMIT,1702164800448,704,0.34881
ENJUSDT,SELL,LIMIT,1702164806112,125,0.35085
ENJUSDT,SELL,LIMIT,1702164807585,7858,0.34737
ENJUSDT,SELL,LIMIT,1702164810815,2237,0.34676
ENJUSDT,SELL,LIMIT,1702164817643,2742,0.34649
ENJUSDT,SELL,LIMIT,1702164844386,339,0.34696
ENJUSDT,SELL,LIMIT,1702164867302,7117,0.34624
ENJUSDT,SELL,LIMIT,1702173522120,194,0.35801
ENJUSDT,BUY,LIMIT,1702190858596,69,0.37345
ENJUSDT,BUY,LIMIT,1702190935834,133,0.37408
ENJUSDT,BUY,LIMIT,1702190941085,17,0.37432
ENJUSDT,BUY,LIMIT,1702190997824,2941,0.37464
ENJUSDT,BUY,LIMIT,1702192368400,346,0.37657
ENJUSDT,BUY,LIMIT,1702196683841,400,0.36758
ENJUSDT,SELL,LIMIT,1702200762622,10789,0.35433
ENJUSDT,SELL,LIMIT,1702200796652,107,0.35376
ENJUSDT,SELL,LIMIT,1702200895058,281,0.35335
ENJUSDT,SELL,LIMIT,1702200942102,5372,0.35333
ENJUSDT,SELL,LIMIT,1702201473683,293,0.35250
ENJUSDT,SELL,LIMIT,1702201476618,283,0.35209
ENJUSDT,SELL,LIMIT,1702201813295,1202,0.35195
ENJUSDT,SELL,LIMIT,1702202056436,938,0.35063
ENJUSDT,SELL,LIMIT,1702202262251,331,0.34978
ENJUSDT,SELL,LIMIT,1702202267739,141,0.34977
ENJUSDT,SELL,LIMIT,1702202268875,433,0.34973
ENJUSDT,SELL,LIMIT,1702202301007,43,0.34899
ENJUSDT,SELL,LIMIT,1702202318311,502,0.34868
ENJUSDT,SELL,LIMIT,1702202323625,384,0.34819
ENJUSDT,SELL,LIMIT,1702202325749,806,0.34809
ENJUSDT,SELL,LIMIT,1702202380131,502,0.34750
ENJUSDT,SELL,LIMIT,1702202382162,29,0.34740
ENJUSDT,SELL,LIMIT,1702202399287,1000,0.34691
ENJUSDT,SELL,LIMIT,1702202400357,515,0.34680
ENJUSDT,SELL,LIMIT,1702214812988,469,0.34945
ENJUSDT,SELL,LIMIT,1702228518829,2768,0.34682
ENJUSDT,SELL,LIMIT,1702230124184,14,0.34494
ENJUSDT,SELL,LIMIT,1702230125318,27,0.34473
ENJUSDT,SELL,LIMIT,1702230126373,577,0.34473
ENJUSDT,SELL,LIMIT,1702230127563,20,0.34420
ENJUSDT,SELL,LIMIT,1702230129226,7067,0.34405
ENJUSDT,SELL,LIMIT,1702230130565,2797,0.34409
ENJUSDT,SELL,LIMIT,1702230169159,37673,0.34398
ENJUSDT,SELL,LIMIT,1702230171814,1424,0.34373
ENJUSDT,SELL,LIMIT,1702230174071,963,0.34359
ENJUSDT,SELL,LIMIT,1702240742023,11,0.35037
ENJUSDT,BUY,LIMIT,1702250752351,50,0.35387
ENJUSDT,SELL,LIMIT,1702256435230,1507,0.34285
ENJUSDT,SELL,LIMIT,1702256437737,511,0.34272
ENJUSDT,SELL,LIMIT,1702256489764,2100,0.34218
ENJUSDT,SELL,LIMIT,1702256556099,3771,0.34140
ENJUSDT,SELL,LIMIT,1702256558095,426,0.34083
ENJUSDT,SELL,LIMIT,1702256561095,939,0.33970
ENJUSDT,SELL,LIMIT,1702256567623,1525,0.33985
ENJUSDT,SELL,LIMIT,1702256578673,65,0.33959
ENJUSDT,SELL,LIMIT,1702256585194,1629,0.33954
ENJUSDT,SELL,LIMIT,1702256613165,408,0.33944
ENJUSDT,SELL,LIMIT,1702256614283,592,0.33934
ENJUSDT,SELL,LIMIT,1702256621543,156,0.33894
ENJUSDT,SELL,LIMIT,1702256715327,470,0.33888
ENJUSDT,SELL,LIMIT,1702256726604,26,0.33882
ENJUSDT,SELL,LIMIT,1702256730090,5186,0.33866
ENJUSDT,SELL,LIMIT,1702256912320,145,0.33819
ENJUSDT,SELL,LIMIT,1702256913684,138,0.33809
ENJUSDT,SELL,LIMIT,1702256915209,837,0.33785
ENJUSDT,SELL,LIMIT,1702256917035,4462,0.33720
ENJUSDT,SELL,LIMIT,1702256978247,71,0.33665
ENJUSDT,SELL,LIMIT,1702256995351,113,0.33602
ENJUSDT,SELL,LIMIT,1702257008257,534,0.33591
ENJUSDT,SELL,LIMIT,1702260283614,23133,0.33789
ENJUSDT,SELL,LIMIT,1702260427582,14,0.33661
ENJUSDT,SELL,LIMIT,1702260436577,259,0.33564
ENJUSDT,SELL,LIMIT,1702260439933,205,0.33522
ENJUSDT,SELL,LIMIT,1702260440956,257,0.33535
ENJUSDT,SELL,LIMIT,1702260445152,2297,0.33518
ENJUSDT,SELL,LIMIT,1702260627232,1441,0.33433
ENJUSDT,SELL,LIMIT,1702260628541,18,0.33424
ENJUSDT,SELL,LIMIT,1702260629934,1507,0.33416
ENJUSDT,SELL,LIMIT,1702260631622,998,0.33401
ENJUSDT,SELL,LIMIT,1702260634312,389,0.33294
ENJUSDT,SELL,LIMIT,1702260635631,14512,0.33281
ENJUSDT,SELL,LIMIT,1702260637498,269,0.33207
ENJUSDT,SELL,LIMIT,1702260696733,461,0.33176
ENJUSDT,SELL,LIMIT,1702260700669,4886,0.33130
ENJUSDT,SELL,LIMIT,1702260707316,121,0.33099
ENJUSDT,SELL,LIMIT,1702260708744,2015,0.33069
ENJUSDT,SELL,LIMIT,1702260710288,17,0.33056
ENJUSDT,SELL,LIMIT,1702260711414,1274,0.33031
ENJUSDT,SELL,LIMIT,1702260713139,7523,0.33031
ENJUSDT,SELL,LIMIT,1702260714421,300,0.32944
ENJUSDT,SELL,LIMIT,1702260716804,27,0.32989
ENJUSDT,SELL,LIMIT,1702260717877,150,0.32915
ENJUSDT,SELL,LIMIT,1702260722029,139,0.32960
ENJUSDT,SELL,LIMIT,1702260724428,941,0.32902
ENJUSDT,SELL,LIMIT,1702260725699,41,0.33174
ENJUSDT,SELL,LIMIT,1702260727983,100,0.32788
ENJUSDT,SELL,LIMIT,1702260729980,4807,0.32794
ENJUSDT,SELL,LIMIT,1702260730995,211,0.32755
ENJUSDT,SELL,LIMIT,1702260731998,21,0.32680
ENJUSDT,SELL,LIMIT,1702260733019,4500,0.32650
ENJUSDT,SELL,LIMIT,1702260735483,11250,0.32757
ENJUSDT,SELL,LIMIT,1702260737453,24,0.32585
ENJUSDT,SELL,LIMIT,1702260738587,544,0.32586
ENJUSDT,SELL,LIMIT,1702260740574,14345,0.32589
ENJUSDT,SELL,LIMIT,1702260741705,218,0.32474
ENJUSDT,SELL,LIMIT,1702260742719,110,0.32518
ENJUSDT,SELL,LIMIT,1702260744467,77,0.32604
ENJUSDT,SELL,LIMIT,1702260745655,564,0.32423
ENJUSDT,SELL,LIMIT,1702260746721,703,0.32405
ENJUSDT,SELL,LIMIT,1702260748551,28,0.32281
ENJUSDT,SELL,LIMIT,1702260749689,9553,0.32238
ENJUSDT,SELL,LIMIT,1702260750720,275,0.32261
ENJUSDT,SELL,LIMIT,1702260752208,35092,0.32216
ENJUSDT,SELL,LIMIT,1702260754269,35,0.32226
ENJUSDT,SELL,LIMIT,1702260755399,9602,0.32189
ENJUSDT,SELL,LIMIT,1702260756413,632,0.31942
ENJUSDT,SELL,LIMIT,1702260757541,1347,0.32181
ENJUSDT,SELL,LIMIT,1702260759190,2425,0.32060
ENJUSDT,SELL,LIMIT,1702260760269,2796,0.31975
ENJUSDT,SELL,LIMIT,1702260761345,564,0.31886
ENJUSDT,SELL,LIMIT,1702260762550,151,0.31912
ENJUSDT,SELL,LIMIT,1702260763731,3364,0.31849
ENJUSDT,SELL,LIMIT,1702260764754,29,0.31794
ENJUSDT,SELL,LIMIT,1702260765962,2807,0.31794
ENJUSDT,SELL,LIMIT,1702260767007,481,0.31787
ENJUSDT,SELL,LIMIT,1702260768062,222571,0.31558
ENJUSDT,SELL,LIMIT,1702260769189,493,0.31704
ENJUSDT,SELL,LIMIT,1702260770186,576,0.32045
ENJUSDT,SELL,LIMIT,1702260771537,4418,0.31651
ENJUSDT,SELL,LIMIT,1702260772568,20,0.31669
ENJUSDT,SELL,LIMIT,1702260773670,297,0.31476
ENJUSDT,SELL,LIMIT,1702260774804,29,0.31290
ENJUSDT,SELL,LIMIT,1702260775877,37,0.31310
ENJUSDT,SELL,LIMIT,1702260776916,29,0.31310
ENJUSDT,SELL,LIMIT,1702260777918,290,0.30960
ENJUSDT,SELL,LIMIT,1702260779211,29,0.30938
ENJUSDT,SELL,LIMIT,1702260780394,3000,0.31079
ENJUSDT,SELL,LIMIT,1702260781404,1223,0.30869
ENJUSDT,SELL,LIMIT,1702260782548,2279,0.30907
ENJUSDT,SELL,LIMIT,1702260783795,568,0.30829
ENJUSDT,SELL,LIMIT,1702260784808,200,0.39356
ENJUSDT,SELL,LIMIT,1702260785967,106,0.30826
ENJUSDT,SELL,LIMIT,1702260787070,585,0.30700
ENJUSDT,SELL,LIMIT,1702260788379,540,0.30685
ENJUSDT,SELL,LIMIT,1702260789423,862,0.30680
ENJUSDT,SELL,LIMIT,1702260791007,6474,0.30708
ENJUSDT,SELL,LIMIT,1702260792095,2968,0.30584
ENJUSDT,BUY,LIMIT,1702260793118,567,0.31225
ENJUSDT,SELL,LIMIT,1702260794127,430,0.30580
ENJUSDT,SELL,LIMIT,1702260795280,15,0.30610
ENJUSDT,SELL,LIMIT,1702260796281,17,0.30598
ENJUSDT,SELL,LIMIT,1702260797334,15,0.30534
ENJUSDT,SELL,LIMIT,1702260798471,19011,0.30534
ENJUSDT,SELL,LIMIT,1702260799605,4517,0.30572
ENJUSDT,SELL,LIMIT,1702260800722,25852,0.30426
ENJUSDT,SELL,LIMIT,1702260802214,6626,0.30461
ENJUSDT,SELL,LIMIT,1702260803401,24,0.30383
ENJUSDT,SELL,LIMIT,1702260804404,88,0.30406
ENJUSDT,SELL,LIMIT,1702260805561,15,0.30357
ENJUSDT,SELL,LIMIT,1702260806562,326,0.30380
ENJUSDT,SELL,LIMIT,1702260807739,1017,0.30246
ENJUSDT,SELL,LIMIT,1702260808831,255,0.30235
ENJUSDT,SELL,LIMIT,1702260810065,23950,0.30153
ENJUSDT,SELL,LIMIT,1702260811083,2592,0.30128
ENJUSDT,SELL,LIMIT,1702260812124,261,0.30065
ENJUSDT,SELL,LIMIT,1702260813264,2959,0.30102
ENJUSDT,SELL,LIMIT,1702260815097,49,0.30065
ENJUSDT,SELL,LIMIT,1702260816227,58,0.30424
ENJUSDT,SELL,LIMIT,1702260817382,1618,0.30142
ENJUSDT,SELL,LIMIT,1702260818449,125,0.30142
ENJUSDT,SELL,LIMIT,1702260821921,19968,0.30016
ENJUSDT,SELL,LIMIT,1702260828401,217,0.30193
ENJUSDT,BUY,LIMIT,1702260856058,18,0.31670
ENJUSDT,BUY,LIMIT,1702260861356,42,0.31700
ENJUSDT,SELL,LIMIT,1702265724234,59,0.32364
ENJUSDT,SELL,LIMIT,1702266101500,31,0.32591
ENJUSDT,BUY,LIMIT,1702266136782,10575,0.33241
