Symbol,Side,Order Type,Time,Quantity,Price
ENSUSDT,SELL,LIMIT,1701918445085,1.5,8.823
ENSUSDT,SELL,LIMIT,1701936899833,53.8,8.979
ENSUSDT,SELL,LIMIT,1701937538637,382.6,8.927
ENSUSDT,SELL,LIMIT,1701939969117,40.0,8.828
ENSUSDT,SELL,LIMIT,1701940565112,1.6,8.761
ENSUSDT,SELL,LIMIT,1701940985837,9.4,8.747
ENSUSDT,SELL,LIMIT,1701941174767,63.1,8.703
ENSUSDT,SELL,LIMIT,1701941187315,220.1,8.691
ENSUSDT,SELL,LIMIT,1701941192634,34.4,8.679
ENSUSDT,SELL,LIMIT,1701941237147,7.8,8.673
ENSUSDT,SELL,LIMIT,1701941244477,0.3,8.664
ENSUSDT,SELL,LIMIT,1701941245891,10.9,8.654
ENSUSDT,SELL,LIMIT,1701941247364,3.5,8.652
ENSUSDT,SELL,LIMIT,1701941271058,10.8,8.647
ENSUSDT,SELL,LIMIT,1701941272130,12.5,8.644
ENSUSDT,SELL,LIMIT,1701941277736,8.8,8.641
ENSUSDT,SELL,LIMIT,1701943469195,112.0,8.755
ENSUSDT,BUY,LIMIT,1701959316774,266.5,9.160
ENSUSDT,BUY,LIMIT,1701965073896,737.3,9.562
ENSUSDT,BUY,LIMIT,1701965106972,29.1,9.558
ENSUSDT,BUY,LIMIT,1701965181002,2.7,9.614
ENSUSDT,BUY,LIMIT,1701965261050,10.8,9.655
ENSUSDT,BUY,LIMIT,1701965607333,36.8,9.714
ENSUSDT,BUY,LIMIT,1701965614456,51.2,9.729
ENSUSDT,BUY,LIMIT,1701965621143,282.1,9.768
ENSUSDT,BUY,LIMIT,1701965671814,7.3,9.803
ENSUSDT,BUY,LIMIT,1701966019525,5.0,9.740
ENSUSDT,BUY,LIMIT,1701966304239,13.0,9.805
ENSUSDT,SELL,LIMIT,1701966505760,2.3,9.506
ENSUSDT,BUY,LIMIT,1701967134592,0.5,9.935
ENSUSDT,BUY,LIMIT,1701967178394,112.3,9.941
ENSUSDT,SELL,LIMIT,1701967690166,6.5,9.646
ENSUSDT,SELL,LIMIT,1701967755255,46.9,9.619
ENSUSDT,BUY,LIMIT,1701968123289,61.6,9.978
ENSUSDT,SELL,LIMIT,1701968907461,8.5,9.482
ENSUSDT,SELL,LIMIT,1701968949171,510.3,9.459
ENSUSDT,SELL,LIMIT,1701970992022,393.0,9.412
ENSUSDT,SELL,LIMIT,1701971276432,27.4,9.403
ENSUSDT,SELL,LIMIT,1701974021517,1.9,9.306
ENSUSDT,SELL,LIMIT,1701974071279,5.3,9.292
ENSUSDT,SELL,LIMIT,1701974073187,28.3,9.290
ENSUSDT,SELL,LIMIT,1701974841717,22.5,9.290
ENSUSDT,SELL,LIMIT,1701976457176,210.6,9.247
ENSUSDT,SELL,LIMIT,1701977167286,20.6,9.202
ENSUSDT,SELL,LIMIT,1701977250066,263.8,9.195
ENSUSDT,SELL,LIMIT,1701977276411,471.6,9.177
ENSUSDT,SELL,LIMIT,1701978090614,2291.9,9.158
ENSUSDT,SELL,LIMIT,1701981582372,481.9,9.155
ENSUSDT,BUY,LIMIT,1701994520126,227.7,9.559
ENSUSDT,BUY,LIMIT,1702005575141,0.8,9.641
ENSUSDT,BUY,LIMIT,1702007154541,3.0,9.674
ENSUSDT,SELL,LIMIT,1702020194345,12.5,9.231
ENSUSDT,SELL,LIMIT,1702020203610,2.7,9.227
ENSUSDT,SELL,LIMIT,1702024655312,106.2,9.137
ENSUSDT,SELL,LIMIT,1702025168057,30.3,9.129
ENSUSDT,SELL,LIMIT,1702025822529,2.0,9.121
ENSUSDT,BUY,LIMIT,1702033824051,0.6,9.566
ENSUSDT,BUY,LIMIT,1702038642280,6.6,9.671
ENSUSDT,SELL,LIMIT,1702043815184,73.9,9.258
ENSUSDT,SELL,LIMIT,1702051140221,2.4,9.330
ENSUSDT,BUY,LIMIT,1702053228444,210.0,9.665
ENSUSDT,BUY,LIMIT,1702053445380,7.3,9.658
ENSUSDT,SELL,LIMIT,1702055316151,8.3,9.313
ENSUSDT,SELL,LIMIT,1702055473500,1.5,9.304
ENSUSDT,BUY,LIMIT,1702060219093,7.6,9.643
ENSUSDT,BUY,LIMIT,1702065945165,0.5,9.680
ENSUSDT,BUY,LIMIT,1702069760077,10.6,9.661
ENSUSDT,BUY,LIMIT,1702078884211,12.4,9.686
ENSUSDT,BUY,LIMIT,1702082106889,10.4,9.802
ENSUSDT,BUY,LIMIT,1702085783078,37.6,9.833
ENSUSDT,BUY,LIMIT,1702091601107,61.6,9.756
ENSUSDT,BUY,LIMIT,1702109244833,28.2,9.970
ENSUSDT,BUY,LIMIT,1702109783736,2.1,9.938
ENSUSDT,SELL,LIMIT,1702110980628,514.8,9.551
ENSUSDT,SELL,LIMIT,1702110981727,186.9,9.548
ENSUSDT,SELL,LIMIT,1702110982882,13.2,9.546
ENSUSDT,SELL,LIMIT,1702111038681,4.0,9.452
ENSUSDT,SELL,LIMIT,1702111063567,93.7,9.429
ENSUSDT,SELL,LIMIT,1702111070078,21.0,9.402
ENSUSDT,SELL,LIMIT,1702111379014,102.8,9.379
ENSUSDT,SELL,LIMIT,1702111381215,266.1,9.362
ENSUSDT,SELL,LIMIT,1702111382786,12.9,9.355
ENSUSDT,SELL,LIMIT,1702115082949,18.5,9.476
ENSUSDT,SELL,LIMIT,1702124360477,31.0,9.563
ENSUSDT,SELL,LIMIT,1702132826070,52.8,9.532
ENSUSDT,SELL,LIMIT,1702132997259,26.4,9.479
ENSUSDT,SELL,LIMIT,1702132999531,515.1,9.466
ENSUSDT,SELL,LIMIT,1702133006651,256.2,9.444
ENSUSDT,SELL,LIMIT,1702133008852,100.0,9.428
ENSUSDT,BUY,LIMIT,1702138208334,0.7,10.096
ENSUSDT,BUY,LIMIT,1702138279707,914.2,10.008
ENSUSDT,BUY,LIMIT,1702138290379,139.4,10.167
ENSUSDT,BUY,LIMIT,1702138315446,9.0,10.219
ENSUSDT,BUY,LIMIT,1702138328243,30.9,10.251
ENSUSDT,BUY,LIMIT,1702138336338,4.3,10.257
ENSUSDT,BUY,LIMIT,1702138566143,37.9,10.329
ENSUSDT,BUY,LIMIT,1702138579172,11.1,10.366
ENSUSDT,SELL,LIMIT,1702139012129,0.9,9.913
ENSUSDT,SELL,LIMIT,1702139256137,297.3,9.777
ENSUSDT,BUY,LIMIT,1702139511529,126.5,10.137
ENSUSDT,SELL,LIMIT,1702140085167,83.7,9.885
ENSUSDT,SELL,LIMIT,1702140113139,1.1,9.863
ENSUSDT,SELL,LIMIT,1702140137545,212.0,9.839
ENSUSDT,SELL,LIMIT,1702144795823,142.0,9.642
ENSUSDT,SELL,LIMIT,1702151238253,7.2,9.766
ENSUSDT,SELL,LIMIT,1702151411672,0.9,9.759
ENSUSDT,BUY,LIMIT,1702153645431,2.7,10.030
ENSUSDT,SELL,LIMIT,1702153760848,3.0,9.715
ENSUSDT,SELL,LIMIT,1702156367522,2.0,9.653
ENSUSDT,SELL,LIMIT,1702156380708,90.0,9.652
ENSUSDT,BUY,LIMIT,1702157759238,1.2,10.012
ENSUSDT,SELL,LIMIT,1702161267975,138.7,9.763
ENSUSDT,SELL,LIMIT,1702161691554,1.6,9.682
ENSUSDT,SELL,LIMIT,1702164210384,5.5,9.581
ENSUSDT,SELL,LIMIT,1702164531374,69.8,9.544
ENSUSDT,SELL,LIMIT,1702164535581,368.8,9.538
ENSUSDT,SELL,LIMIT,1702164545173,181.6,9.525
ENSUSDT,SELL,LIMIT,1702164745836,49.8,9.518
ENSUSDT,SELL,LIMIT,1702164749240,1312.3,9.453
ENSUSDT,SELL,LIMIT,1702164750545,49.3,9.478
ENSUSDT,SELL,LIMIT,1702164791489,200.0,9.490
ENSUSDT,SELL,LIMIT,1702164800987,5.3,9.456
ENSUSDT,SELL,LIMIT,1702164805101,57.0,9.441
ENSUSDT,SELL,LIMIT,1702164807474,19.7,9.419
ENSUSDT,SELL,LIMIT,1702164836352,354.2,9.394
ENSUSDT,SELL,LIMIT,1702184706309,20.0,9.819
ENSUSDT,SELL,LIMIT,1702192794551,166.1,9.611
ENSUSDT,BUY,LIMIT,1702195406634,5.5,9.988
ENSUSDT,SELL,LIMIT,1702196637330,82.3,9.636
ENSUSDT,SELL,LIMIT,1702196684134,16.8,9.607
ENSUSDT,SELL,LIMIT,1702200401261,52.4,9.531
ENSUSDT,SELL,LIMIT,1702202056436,43.5,9.420
ENSUSDT,SELL,LIMIT,1702202296981,121.9,9.382
ENSUSDT,SELL,LIMIT,1702202298038,236.6,9.381
ENSUSDT,SELL,LIMIT,1702202318311,18.4,9.377
ENSUSDT,SELL,LIMIT,1702202323568,0.8,9.368
ENSUSDT,SELL,LIMIT,1702202380363,1.0,9.343
ENSUSDT,SELL,LIMIT,1702202383271,76.6,9.343
ENSUSDT,SELL,LIMIT,1702202407238,22.9,9.340
ENSUSDT,BUY,LIMIT,1702206044928,313.6,9.735
ENSUSDT,SELL,LIMIT,1702232340407,67.1,9.476
ENSUSDT,BUY,LIMIT,1702240762134,33.3,9.881
ENSUSDT,SELL,LIMIT,1702241117786,278.7,9.608
ENSUSDT,SELL,LIMIT,1702241182472,0.3,9.610
ENSUSDT,BUY,LIMIT,1702241760097,7.2,9.928
ENSUSDT,SELL,LIMIT,1702255593928,79.0,9.493
ENSUSDT,SELL,LIMIT,1702256615082,173.8,9.383
ENSUSDT,SELL,LIMIT,1702256620300,41.1,9.382
ENSUSDT,SELL,LIMIT,1702256730332,51.9,9.357
ENSUSDT,SELL,LIMIT,1702256994691,9.0,9.329
ENSUSDT,SELL,LIMIT,1702257008133,2.4,9.318
ENSUSDT,SELL,LIMIT,1702260434748,205.7,9.439
ENSUSDT,SELL,LIMIT,1702260440304,12.4,9.508
ENSUSDT,SELL,LIMIT,1702260628733,0.7,9.367
ENSUSDT,SELL,LIMIT,1702260631423,51.6,9.329
ENSUSDT,SELL,LIMIT,1702260632429,2.4,9.334
ENSUSDT,SELL,LIMIT,1702260635478,1.7,9.307
ENSUSDT,SELL,LIMIT,1702260637239,12.7,9.265
ENSUSDT,SELL,LIMIT,1702260701364,176.9,9.256
ENSUSDT,SELL,LIMIT,1702260707693,19.9,9.255
ENSUSDT,SELL,LIMIT,1702260709230,5.2,9.233
ENSUSDT,SELL,LIMIT,1702260710287,1.8,9.235
ENSUSDT,SELL,LIMIT,1702260712131,3.2,9.226
ENSUSDT,SELL,LIMIT,1702260713680,615.1,9.216
ENSUSDT,SELL,LIMIT,1702260715523,524.6,9.200
ENSUSDT,SELL,LIMIT,1702260716685,101.9,9.202
ENSUSDT,SELL,LIMIT,1702260717979,237.5,9.180
ENSUSDT,SELL,LIMIT,1702260719244,45.3,9.170
ENSUSDT,SELL,LIMIT,1702260720337,32.6,9.165
ENSUSDT,SELL,LIMIT,1702260721351,28.5,9.119
ENSUSDT,SELL,LIMIT,1702260722446,104.0,9.126
ENSUSDT,SELL,LIMIT,1702260725036,109.1,9.106
ENSUSDT,SELL,LIMIT,1702260726323,256.5,9.093
ENSUSDT,SELL,LIMIT,1702260728498,20.6,9.062
ENSUSDT,SELL,LIMIT,1702260729514,115.1,9.098
ENSUSDT,SELL,LIMIT,1702260730466,358.8,9.013
ENSUSDT,SELL,LIMIT,1702260732046,6.4,9.019
ENSUSDT,SELL,LIMIT,1702260733207,1032.8,8.969
ENSUSDT,SELL,LIMIT,1702260734308,7.8,8.959
ENSUSDT,SELL,LIMIT,1702260737852,392.2,8.957
ENSUSDT,SELL,LIMIT,1702260739749,114.8,8.964
ENSUSDT,SELL,LIMIT,1702260741245,18.8,8.964
ENSUSDT,SELL,LIMIT,1702260742376,8.2,8.946
ENSUSDT,SELL,LIMIT,1702260743633,51.8,8.930
ENSUSDT,SELL,LIMIT,1702260744646,50.0,8.916
ENSUSDT,SELL,LIMIT,1702260747272,0.6,8.997
ENSUSDT,SELL,LIMIT,1702260748942,98.7,8.912
ENSUSDT,SELL,LIMIT,1702260750290,200.0,8.907
ENSUSDT,SELL,LIMIT,1702260751444,7.4,8.871
ENSUSDT,SELL,LIMIT,1702260752469,619.9,8.878
ENSUSDT,SELL,LIMIT,1702260753800,0.2,8.874
ENSUSDT,SELL,LIMIT,1702260755052,3.3,8.892
ENSUSDT,SELL,LIMIT,1702260757401,50.8,8.859
ENSUSDT,SELL,LIMIT,1702260758507,57.8,8.860
ENSUSDT,SELL,LIMIT,1702260759842,32.3,8.839
ENSUSDT,SELL,LIMIT,1702260760869,0.6,8.830
ENSUSDT,SELL,LIMIT,1702260761983,0.6,8.829
ENSUSDT,SELL,LIMIT,1702260763034,0.6,8.825
ENSUSDT,SELL,LIMIT,1702260764229,438.4,8.830
ENSUSDT,SELL,LIMIT,1702260765722,0.6,8.817
ENSUSDT,SELL,LIMIT,1702260766716,0.6,8.819
ENSUSDT,SELL,LIMIT,1702260767883,0.6,8.783
ENSUSDT,SELL,LIMIT,1702260768932,60.8,8.809
ENSUSDT,SELL,LIMIT,1702260770185,734.8,8.751
ENSUSDT,SELL,LIMIT,1702260771521,60.0,8.775
ENSUSDT,SELL,LIMIT,1702260772724,15.8,10.029
ENSUSDT,SELL,LIMIT,1702260773893,5.5,8.766
ENSUSDT,SELL,LIMIT,1702260774930,0.5,8.762
ENSUSDT,SELL,LIMIT,1702260776164,28.2,8.751
ENSUSDT,SELL,LIMIT,1702260777233,343.1,8.741
ENSUSDT,SELL,LIMIT,1702260778330,0.6,8.709
ENSUSDT,SELL,LIMIT,1702260779366,86.6,8.731
ENSUSDT,SELL,LIMIT,1702260780462,31.7,8.728
ENSUSDT,SELL,LIMIT,1702260781587,29.4,8.732
ENSUSDT,SELL,LIMIT,1702260782831,44.3,8.701
ENSUSDT,SELL,LIMIT,1702260783898,236.6,8.699
ENSUSDT,SELL,LIMIT,1702260784921,95.8,8.668
ENSUSDT,SELL,LIMIT,1702260786739,458.4,8.630
ENSUSDT,SELL,LIMIT,1702260787817,57.0,8.607
ENSUSDT,SELL,LIMIT,1702260788880,3.5,8.627
ENSUSDT,SELL,LIMIT,1702260789914,73.2,8.626
ENSUSDT,SELL,LIMIT,1702260791024,18.9,8.605
ENSUSDT,SELL,LIMIT,1702260792565,25.7,8.595
ENSUSDT,SELL,LIMIT,1702260793844,7.7,8.546
ENSUSDT,SELL,LIMIT,1702260795398,1.7,8.550
ENSUSDT,SELL,LIMIT,1702260796596,17.5,8.546
ENSUSDT,SELL,LIMIT,1702260797776,284.8,8.516
ENSUSDT,SELL,LIMIT,1702260799155,3.6,8.460
ENSUSDT,SELL,LIMIT,1702260800173,50.0,8.732
ENSUSDT,SELL,LIMIT,1702260801597,1664.7,8.381
ENSUSDT,SELL,LIMIT,1702260802697,500.0,8.397
ENSUSDT,SELL,LIMIT,1702260803720,35.4,8.414
ENSUSDT,SELL,LIMIT,1702260805320,91.4,8.387
ENSUSDT,SELL,LIMIT,1702260806655,22.5,8.387
ENSUSDT,SELL,LIMIT,1702260807727,92.2,8.384
ENSUSDT,SELL,LIMIT,1702260808965,154.7,8.332
ENSUSDT,SELL,LIMIT,1702260810598,3.7,8.275
ENSUSDT,SELL,LIMIT,1702260812053,8.2,8.275
ENSUSDT,SELL,LIMIT,1702260813192,109.4,8.236
ENSUSDT,SELL,LIMIT,1702260814236,166.1,8.218
ENSUSDT,SELL,LIMIT,1702260815295,1.5,8.211
ENSUSDT,SELL,LIMIT,1702260817264,2705.8,8.143
ENSUSDT,SELL,LIMIT,1702260818280,0.6,8.201
ENSUSDT,SELL,LIMIT,1702260820107,8.4,8.199
ENSUSDT,SELL,LIMIT,1702260823038,45.9,8.189
ENSUSDT,SELL,LIMIT,1702260826214,32.1,8.197
ENSUSDT,BUY,LIMIT,1702260902736,28.1,8.866
ENSUSDT,SELL,LIMIT,1702261618389,50.0,8.748
ENSUSDT,SELL,LIMIT,1702262873708,6.0,8.645
