Symbol,Side,Order Type,Time,Quantity,Price
EOSUSDT,BUY,LIMIT,1700992684202,107.4,0.706
EOSUSDT,BUY,LIMIT,1700992873271,39.1,0.707
EOSUSDT,BUY,LIMIT,1700993734457,16.7,0.709
EOSUSDT,BUY,LIMIT,1700993766082,287.7,0.709
EOSUSDT,SELL,LIMIT,1700996386597,32.6,0.696
EOSUSDT,SELL,LIMIT,1700996465157,950.8,0.695
EOSUSDT,SELL,LIMIT,1701001500652,4922.1,0.694
EOSUSDT,SELL,LIMIT,1701001502061,12.0,0.693
EOSUSDT,SELL,LIMIT,1701001503682,2073.8,0.692
EOSUSDT,SELL,LIMIT,1701001504473,45.8,0.692
EOSUSDT,SELL,LIMIT,1701001514170,486.1,0.692
EOSUSDT,SELL,LIMIT,1701008448350,7.2,0.692
EOSUSDT,SELL,LIMIT,1701008450447,7.6,0.692
EOSUSDT,SELL,LIMIT,1701008486396,3216.4,0.691
EOSUSDT,SELL,LIMIT,1701009013511,2293.9,0.691
EOSUSDT,SELL,LIMIT,1701009014579,603.1,0.691
EOSUSDT,SELL,LIMIT,1701009017460,51.3,0.690
EOSUSDT,SELL,LIMIT,1701009024749,1231.8,0.690
EOSUSDT,SELL,LIMIT,1701009040035,84.0,0.690
EOSUSDT,SELL,LIMIT,1701009047172,2571.4,0.690
EOSUSDT,SELL,LIMIT,1701009243259,2132.1,0.690
EOSUSDT,SELL,LIMIT,1701009254192,63.0,0.689
EOSUSDT,SELL,LIMIT,1701009261792,363.7,0.689
EOSUSDT,SELL,LIMIT,1701009264168,191.5,0.688
EOSUSDT,SELL,LIMIT,1701009276152,2843.0,0.688
EOSUSDT,SELL,LIMIT,1701009280656,10.8,0.688
EOSUSDT,SELL,LIMIT,1701009287634,198.8,0.697
EOSUSDT,SELL,LIMIT,1701009288689,242.8,0.688
EOSUSDT,SELL,LIMIT,1701013685292,2855.9,0.690
EOSUSDT,SELL,LIMIT,1701014017368,51.3,0.688
EOSUSDT,SELL,LIMIT,1701014020119,7175.4,0.687
EOSUSDT,SELL,LIMIT,1701014042889,107.6,0.687
EOSUSDT,SELL,LIMIT,1701014046457,542.1,0.687
EOSUSDT,SELL,LIMIT,1701014050406,795.7,0.686
EOSUSDT,SELL,LIMIT,1701014053424,471.4,0.686
EOSUSDT,SELL,LIMIT,1701014921311,15.1,0.689
EOSUSDT,SELL,LIMIT,1701015644389,146.8,0.687
EOSUSDT,SELL,LIMIT,1701015669464,70.6,0.687
EOSUSDT,SELL,LIMIT,1701015674366,63.1,0.686
EOSUSDT,SELL,LIMIT,1701015684296,713.2,0.685
EOSUSDT,SELL,LIMIT,1701015686293,7352.9,0.685
EOSUSDT,SELL,LIMIT,1701015687134,5465.6,0.685
EOSUSDT,SELL,LIMIT,1701015725001,4292.7,0.684
EOSUSDT,SELL,LIMIT,1701015732821,6025.4,0.684
EOSUSDT,SELL,LIMIT,1701015742172,43.8,0.684
EOSUSDT,SELL,LIMIT,1701015747202,3046.0,0.683
EOSUSDT,SELL,LIMIT,1701015763779,29.9,0.683
EOSUSDT,SELL,LIMIT,1701015825099,123.8,0.683
EOSUSDT,SELL,LIMIT,1701015839271,52.2,0.683
EOSUSDT,SELL,LIMIT,1701015841178,70.9,0.683
EOSUSDT,SELL,LIMIT,1701015842289,57.1,0.682
EOSUSDT,SELL,LIMIT,1701015870514,248.1,0.682
EOSUSDT,SELL,LIMIT,1701015874149,148.6,0.682
EOSUSDT,SELL,LIMIT,1701015999377,18000.0,0.681
EOSUSDT,SELL,LIMIT,1701016013083,427.1,0.698
EOSUSDT,SELL,LIMIT,1701016015239,92.1,0.681
EOSUSDT,SELL,LIMIT,1701016020292,4671.8,0.681
EOSUSDT,SELL,LIMIT,1701016024654,6657.0,0.682
EOSUSDT,SELL,LIMIT,1701016029177,2113.7,0.680
EOSUSDT,SELL,LIMIT,1701016030179,1525.8,0.680
EOSUSDT,SELL,LIMIT,1701016031196,151.0,0.680
EOSUSDT,SELL,LIMIT,1701016036595,3561.2,0.679
EOSUSDT,SELL,LIMIT,1701016042169,1002.3,0.679
EOSUSDT,SELL,LIMIT,1701016043104,351.7,0.679
EOSUSDT,SELL,LIMIT,1701016044444,500.0,0.678
EOSUSDT,SELL,LIMIT,1701016045473,5359.1,0.678
EOSUSDT,SELL,LIMIT,1701016046475,7.2,0.678
EOSUSDT,SELL,LIMIT,1701016047269,2302.1,0.678
EOSUSDT,SELL,LIMIT,1701016049776,568.7,0.677
EOSUSDT,SELL,LIMIT,1701016060678,60.6,0.680
EOSUSDT,SELL,LIMIT,1701016099518,35.1,0.677
EOSUSDT,SELL,LIMIT,1701016103225,1377.3,0.676
EOSUSDT,BUY,LIMIT,1701019954216,7309.9,0.695
EOSUSDT,BUY,LIMIT,1701022407117,8507.7,0.700
EOSUSDT,BUY,LIMIT,1701022413555,2177.2,0.700
EOSUSDT,BUY,LIMIT,1701036421830,12.9,0.702
EOSUSDT,BUY,LIMIT,1701041901184,251.9,0.703
EOSUSDT,BUY,LIMIT,1701043886493,26.7,0.704
EOSUSDT,BUY,LIMIT,1701043955216,1913.4,0.705
EOSUSDT,BUY,LIMIT,1701044246502,2140.7,0.705
EOSUSDT,BUY,LIMIT,1701044387278,72.5,0.706
EOSUSDT,BUY,LIMIT,1701044804359,734.5,0.708
EOSUSDT,BUY,LIMIT,1701044859856,287.3,0.708
EOSUSDT,BUY,LIMIT,1701044862266,172.8,0.708
EOSUSDT,BUY,LIMIT,1701045012830,10.6,0.709
EOSUSDT,BUY,LIMIT,1701045028818,1466.2,0.709
EOSUSDT,BUY,LIMIT,1701045037264,666.8,0.709
EOSUSDT,BUY,LIMIT,1701045044102,4580.2,0.709
EOSUSDT,BUY,LIMIT,1701045061781,8.0,0.710
EOSUSDT,BUY,LIMIT,1701045568249,60.0,0.709
EOSUSDT,SELL,LIMIT,1701048273907,513.3,0.697
EOSUSDT,SELL,LIMIT,1701048752824,704.5,0.697
EOSUSDT,SELL,LIMIT,1701048923472,110.6,0.696
EOSUSDT,SELL,LIMIT,1701050133472,44.7,0.692
EOSUSDT,SELL,LIMIT,1701051907246,28.2,0.691
EOSUSDT,SELL,LIMIT,1701051966198,983.2,0.691
EOSUSDT,SELL,LIMIT,1701051967229,4480.0,0.690
EOSUSDT,SELL,LIMIT,1701052282325,186.8,0.690
EOSUSDT,SELL,LIMIT,1701052284484,72.0,0.689
EOSUSDT,SELL,LIMIT,1701052741163,723.7,0.689
EOSUSDT,SELL,LIMIT,1701052863755,11.8,0.688
EOSUSDT,SELL,LIMIT,1701053105177,7.7,0.688
EOSUSDT,SELL,LIMIT,1701054441269,10653.8,0.688
EOSUSDT,SELL,LIMIT,1701054491480,10.9,0.687
EOSUSDT,SELL,LIMIT,1701054493832,187.8,0.686
EOSUSDT,SELL,LIMIT,1701054646603,242.9,0.686
EOSUSDT,SELL,LIMIT,1701055058296,112.8,0.686
EOSUSDT,SELL,LIMIT,1701055067064,12.8,0.685
EOSUSDT,SELL,LIMIT,1701055346316,248.8,0.686
EOSUSDT,SELL,LIMIT,1701055822381,1218.4,0.683
EOSUSDT,SELL,LIMIT,1701055829251,220.4,0.683
EOSUSDT,SELL,LIMIT,1701055979345,206.0,0.683
EOSUSDT,SELL,LIMIT,1701056053416,502.6,0.682
EOSUSDT,SELL,LIMIT,1701056098041,1000.0,0.682
EOSUSDT,SELL,LIMIT,1701056141506,102.0,0.681
EOSUSDT,SELL,LIMIT,1701056155304,9.9,0.681
EOSUSDT,SELL,LIMIT,1701056158082,677.1,0.681
