Symbol,Side,Order Type,Time,Quantity,Price
EOSUSDT,SELL,LIMIT,1701918349278,52.1,0.744
EOSUSDT,SELL,LIMIT,1701918477572,25.4,0.743
EOSUSDT,BUY,LIMIT,1701922874736,82.9,0.756
EOSUSDT,BUY,LIMIT,1701924728439,671.8,0.755
EOSUSDT,BUY,LIMIT,1701925057248,268.0,0.764
EOSUSDT,BUY,LIMIT,1701925060136,182.6,0.764
EOSUSDT,BUY,LIMIT,1701925172521,121.0,0.768
EOSUSDT,BUY,LIMIT,1701925175952,1347.1,0.768
EOSUSDT,BUY,LIMIT,1701925186153,3668.9,0.769
EOSUSDT,BUY,LIMIT,1701925206269,54.5,0.770
EOSUSDT,BUY,LIMIT,1701925207590,79.0,0.770
EOSUSDT,BUY,LIMIT,1701925304498,35.3,0.770
EOSUSDT,BUY,LIMIT,1701925305849,109.0,0.770
EOSUSDT,BUY,LIMIT,1701925307129,663.3,0.771
EOSUSDT,BUY,LIMIT,1701925308706,657.4,0.772
EOSUSDT,BUY,LIMIT,1701925730038,9.6,0.772
EOSUSDT,BUY,LIMIT,1701925738456,73.8,0.772
EOSUSDT,BUY,LIMIT,1701925739854,97.6,0.772
EOSUSDT,BUY,LIMIT,1701925753074,27.0,0.773
EOSUSDT,BUY,LIMIT,1701925756063,68.0,0.773
EOSUSDT,BUY,LIMIT,1701925763515,610.6,0.773
EOSUSDT,BUY,LIMIT,1701925764954,2300.0,0.773
EOSUSDT,BUY,LIMIT,1701925769028,301.5,0.774
EOSUSDT,BUY,LIMIT,1701925780869,1006.3,0.774
EOSUSDT,BUY,LIMIT,1701925796324,206.0,0.775
EOSUSDT,BUY,LIMIT,1701925825235,500.0,0.774
EOSUSDT,BUY,LIMIT,1701925841057,54.3,0.775
EOSUSDT,BUY,LIMIT,1701925845079,5000.0,0.775
EOSUSDT,BUY,LIMIT,1701925889499,57.8,0.776
EOSUSDT,BUY,LIMIT,1701925956310,218.0,0.777
EOSUSDT,BUY,LIMIT,1701925957565,5937.4,0.777
EOSUSDT,BUY,LIMIT,1701925959356,41.6,0.778
EOSUSDT,BUY,LIMIT,1701925965524,13.4,0.779
EOSUSDT,BUY,LIMIT,1701925969173,30.0,0.780
EOSUSDT,BUY,LIMIT,1701925970176,35.3,0.782
EOSUSDT,BUY,LIMIT,1701925971344,726.6,0.780
EOSUSDT,BUY,LIMIT,1701925983441,2283.0,0.784
EOSUSDT,BUY,LIMIT,1701925986315,52.4,0.784
EOSUSDT,BUY,LIMIT,1701925988622,2294.8,0.785
EOSUSDT,BUY,LIMIT,1701925990529,27129.5,0.787
EOSUSDT,BUY,LIMIT,1701925991677,51.5,0.785
EOSUSDT,BUY,LIMIT,1701925998348,54.8,0.786
EOSUSDT,BUY,LIMIT,1701926016244,225.7,0.786
EOSUSDT,BUY,LIMIT,1701926110701,0.6,0.787
EOSUSDT,BUY,LIMIT,1701926112077,1761.5,0.788
EOSUSDT,BUY,LIMIT,1701926116559,32.1,0.788
EOSUSDT,BUY,LIMIT,1701926118190,666.6,0.789
EOSUSDT,BUY,LIMIT,1701926120275,56.7,0.790
EOSUSDT,SELL,LIMIT,1701926306214,586.3,0.776
EOSUSDT,SELL,LIMIT,1701926512291,55.2,0.774
EOSUSDT,SELL,LIMIT,1701926537112,122.6,0.774
EOSUSDT,SELL,LIMIT,1701926542276,14.1,0.772
EOSUSDT,SELL,LIMIT,1701926683579,22.7,0.771
EOSUSDT,SELL,LIMIT,1701926902722,8.9,0.769
EOSUSDT,BUY,LIMIT,1701928367201,79.3,0.787
EOSUSDT,BUY,LIMIT,1701928370365,78.6,0.788
EOSUSDT,BUY,LIMIT,1701928376954,694.4,0.791
EOSUSDT,BUY,LIMIT,1701928379851,15.5,0.791
EOSUSDT,BUY,LIMIT,1701928382981,2027.3,0.791
EOSUSDT,BUY,LIMIT,1701928393618,171.9,0.792
EOSUSDT,BUY,LIMIT,1701928395119,71.2,0.792
EOSUSDT,BUY,LIMIT,1701928398315,3160.0,0.792
EOSUSDT,BUY,LIMIT,1701928399347,248.0,0.792
EOSUSDT,BUY,LIMIT,1701928400754,687.5,0.793
EOSUSDT,BUY,LIMIT,1701928402126,1815.4,0.793
EOSUSDT,BUY,LIMIT,1701928405146,872.7,0.794
EOSUSDT,BUY,LIMIT,1701928409088,50.0,0.794
EOSUSDT,BUY,LIMIT,1701928411533,300.0,0.793
EOSUSDT,BUY,LIMIT,1701928412659,1.8,0.794
EOSUSDT,SELL,LIMIT,1701928606436,7.0,0.824
EOSUSDT,BUY,LIMIT,1701928973848,673.8,0.786
EOSUSDT,SELL,LIMIT,1701929953036,516.3,0.774
EOSUSDT,SELL,LIMIT,1701930127755,13.5,0.773
EOSUSDT,SELL,LIMIT,1701930132695,243.5,0.773
EOSUSDT,SELL,LIMIT,1701930266220,967.3,0.772
EOSUSDT,SELL,LIMIT,1701930285401,6361.3,0.772
EOSUSDT,SELL,LIMIT,1701930304675,583.7,0.771
EOSUSDT,SELL,LIMIT,1701931041789,40.5,0.771
EOSUSDT,SELL,LIMIT,1701931473826,3798.0,0.769
EOSUSDT,SELL,LIMIT,1701931479794,126.1,0.768
EOSUSDT,SELL,LIMIT,1701932356023,21.7,0.766
EOSUSDT,SELL,LIMIT,1701932367064,86.2,0.765
EOSUSDT,SELL,LIMIT,1701932378354,86.0,0.765
EOSUSDT,SELL,LIMIT,1701933445090,147.9,0.769
EOSUSDT,SELL,LIMIT,1701936764034,72.3,0.764
EOSUSDT,SELL,LIMIT,1701936775424,569.2,0.763
EOSUSDT,SELL,LIMIT,1701936858300,1323.9,0.762
EOSUSDT,SELL,LIMIT,1701936860423,70.6,0.761
EOSUSDT,SELL,LIMIT,1701936861653,104.4,0.761
EOSUSDT,SELL,LIMIT,1701936865711,397.2,0.761
EOSUSDT,SELL,LIMIT,1701936867194,352.4,0.761
EOSUSDT,SELL,LIMIT,1701936871158,6443.2,0.761
EOSUSDT,SELL,LIMIT,1701936879629,2968.6,0.760
EOSUSDT,SELL,LIMIT,1701936882051,1276.1,0.760
EOSUSDT,SELL,LIMIT,1701936922514,679.1,0.760
EOSUSDT,SELL,LIMIT,1701937369053,186.0,0.757
EOSUSDT,SELL,LIMIT,1701937394863,402.0,0.757
EOSUSDT,SELL,LIMIT,1701937526138,260.0,0.757
EOSUSDT,SELL,LIMIT,1701939355136,124.6,0.755
EOSUSDT,SELL,LIMIT,1701939367244,1876.4,0.755
EOSUSDT,SELL,LIMIT,1701939395819,6.5,0.754
EOSUSDT,SELL,LIMIT,1701939569866,8220.0,0.753
EOSUSDT,SELL,LIMIT,1701939575222,17.4,0.753
EOSUSDT,SELL,LIMIT,1701939576390,66.4,0.753
EOSUSDT,SELL,LIMIT,1701939969117,454.9,0.753
EOSUSDT,SELL,LIMIT,1701939976208,6.6,0.753
EOSUSDT,SELL,LIMIT,1701940009608,5448.8,0.752
EOSUSDT,SELL,LIMIT,1701940023655,771.4,0.751
EOSUSDT,SELL,LIMIT,1701940036466,1599.7,0.751
EOSUSDT,SELL,LIMIT,1701940068147,323.6,0.751
EOSUSDT,SELL,LIMIT,1701940449184,18.8,0.750
EOSUSDT,SELL,LIMIT,1701940453493,634.5,0.749
EOSUSDT,SELL,LIMIT,1701940470105,10.8,0.749
EOSUSDT,SELL,LIMIT,1701940522948,252.7,0.748
EOSUSDT,SELL,LIMIT,1701940547852,1073.5,0.747
EOSUSDT,SELL,LIMIT,1701940556269,259.0,0.747
EOSUSDT,SELL,LIMIT,1701940560358,20.0,0.814
EOSUSDT,SELL,LIMIT,1701940561380,164.2,0.747
EOSUSDT,SELL,LIMIT,1701940563214,162.3,0.747
EOSUSDT,SELL,LIMIT,1701940566121,77.2,0.756
EOSUSDT,SELL,LIMIT,1701940569115,200.0,0.745
EOSUSDT,SELL,LIMIT,1701940671073,24.0,0.745
EOSUSDT,SELL,LIMIT,1701940680837,654.0,0.744
EOSUSDT,SELL,LIMIT,1701940714166,815.4,0.745
EOSUSDT,SELL,LIMIT,1701941073311,286.6,0.744
EOSUSDT,SELL,LIMIT,1701941142979,260.4,0.743
EOSUSDT,SELL,LIMIT,1701941146709,7.0,0.747
EOSUSDT,SELL,LIMIT,1701941148943,341.7,0.743
EOSUSDT,SELL,LIMIT,1701941150063,497.5,0.742
EOSUSDT,SELL,LIMIT,1701941158483,36.7,0.741
EOSUSDT,SELL,LIMIT,1701941160278,259.7,0.740
EOSUSDT,SELL,LIMIT,1701941161459,220.7,0.740
EOSUSDT,SELL,LIMIT,1701941169468,195.2,0.740
EOSUSDT,SELL,LIMIT,1701941176656,1052.0,0.740
EOSUSDT,SELL,LIMIT,1701941182531,1415.9,0.739
EOSUSDT,SELL,LIMIT,1701941186268,6606.5,0.739
EOSUSDT,SELL,LIMIT,1701941188899,261.1,0.738
EOSUSDT,SELL,LIMIT,1701941193316,2834.9,0.739
EOSUSDT,SELL,LIMIT,1701941233513,76.0,0.739
EOSUSDT,SELL,LIMIT,1701941238282,223.4,0.738
EOSUSDT,SELL,LIMIT,1701941239659,28.8,0.739
EOSUSDT,SELL,LIMIT,1701941245119,26.0,0.738
EOSUSDT,SELL,LIMIT,1701941246163,234.8,0.738
EOSUSDT,SELL,LIMIT,1701941247171,1029.1,0.737
EOSUSDT,SELL,LIMIT,1701941271425,1909.7,0.737
EOSUSDT,SELL,LIMIT,1701941320417,725.6,0.737
EOSUSDT,BUY,LIMIT,1701941563127,1164.5,0.750
EOSUSDT,SELL,LIMIT,1701942382374,31.8,0.750
EOSUSDT,BUY,LIMIT,1701942617653,312.0,0.759
EOSUSDT,BUY,LIMIT,1701942653490,62.2,0.761
EOSUSDT,SELL,LIMIT,1701943659768,87.0,0.749
EOSUSDT,SELL,LIMIT,1701944533729,6.7,0.748
EOSUSDT,BUY,LIMIT,1701945172173,83.4,0.763
EOSUSDT,SELL,LIMIT,1701949716149,231.0,0.747
EOSUSDT,SELL,LIMIT,1701949722517,32.1,0.747
EOSUSDT,SELL,LIMIT,1701951170477,197.6,0.752
EOSUSDT,SELL,LIMIT,1701951324672,1272.2,0.757
EOSUSDT,SELL,LIMIT,1701951337174,132.8,0.755
EOSUSDT,BUY,LIMIT,1701952103917,57.7,0.760
EOSUSDT,BUY,LIMIT,1701952287241,5500.0,0.762
EOSUSDT,SELL,LIMIT,1701953386496,360.3,0.756
EOSUSDT,BUY,LIMIT,1701953976590,0.1,0.763
EOSUSDT,BUY,LIMIT,1701954152343,292.0,0.765
EOSUSDT,SELL,LIMIT,1701956041457,1126.2,0.752
EOSUSDT,SELL,LIMIT,1701956553626,376.2,0.751
EOSUSDT,BUY,LIMIT,1701959531350,32.6,0.762
EOSUSDT,SELL,LIMIT,1701959757093,428.5,0.756
EOSUSDT,BUY,LIMIT,1701962676496,1070.7,0.765
EOSUSDT,BUY,LIMIT,1701962709733,59.2,0.765
EOSUSDT,BUY,LIMIT,1701962777346,340.6,0.765
EOSUSDT,BUY,LIMIT,1701962832265,125.8,0.765
EOSUSDT,BUY,LIMIT,1701962840314,18.0,0.766
EOSUSDT,SELL,LIMIT,1701963797148,3558.4,0.758
EOSUSDT,BUY,LIMIT,1701965058187,118.0,0.765
EOSUSDT,BUY,LIMIT,1701966143263,14.1,0.768
EOSUSDT,BUY,LIMIT,1701966850167,5347.7,0.769
EOSUSDT,BUY,LIMIT,1701966853058,1826.2,0.770
EOSUSDT,BUY,LIMIT,1701969373554,37.2,0.773
EOSUSDT,BUY,LIMIT,1701969376267,4034.3,0.773
EOSUSDT,BUY,LIMIT,1701970137480,5265.2,0.774
EOSUSDT,BUY,LIMIT,1701971146176,327.0,0.776
EOSUSDT,BUY,LIMIT,1701971155393,42.3,0.777
EOSUSDT,BUY,LIMIT,1701971166386,312.9,0.777
EOSUSDT,BUY,LIMIT,1701971190004,279.5,0.778
EOSUSDT,BUY,LIMIT,1701971753363,1053.8,0.777
EOSUSDT,SELL,LIMIT,1701974056331,261.0,0.770
EOSUSDT,SELL,LIMIT,1701976877809,38.4,0.764
EOSUSDT,SELL,LIMIT,1701976894457,645.9,0.764
EOSUSDT,SELL,LIMIT,1701977273260,693.7,0.763
EOSUSDT,SELL,LIMIT,1701977299478,129.3,0.762
EOSUSDT,SELL,LIMIT,1701977304169,51.7,0.762
EOSUSDT,SELL,LIMIT,1701977357722,15.3,0.761
EOSUSDT,SELL,LIMIT,1701978108093,362.2,0.761
EOSUSDT,SELL,LIMIT,1701978127696,805.5,0.760
EOSUSDT,SELL,LIMIT,1701978243470,13.3,0.760
EOSUSDT,SELL,LIMIT,1701978266025,3910.7,0.760
EOSUSDT,BUY,LIMIT,1701979551544,565.3,0.775
EOSUSDT,BUY,LIMIT,1701979871108,2044.9,0.775
EOSUSDT,BUY,LIMIT,1701984526580,1333.2,0.778
EOSUSDT,BUY,LIMIT,1701984593186,196.0,0.777
EOSUSDT,BUY,LIMIT,1701984743521,148.5,0.778
EOSUSDT,SELL,LIMIT,1701991162287,33.3,0.765
EOSUSDT,SELL,LIMIT,1701991242541,382.1,0.764
EOSUSDT,SELL,LIMIT,1701991589170,235.4,0.764
EOSUSDT,BUY,LIMIT,1701995424001,13.2,0.776
EOSUSDT,SELL,LIMIT,1701996348108,219.1,0.764
EOSUSDT,SELL,LIMIT,1701997393662,629.9,0.762
EOSUSDT,SELL,LIMIT,1701997400974,165.5,0.762
EOSUSDT,SELL,LIMIT,1701997759943,8.6,0.760
EOSUSDT,SELL,LIMIT,1701998549413,6501.9,0.760
EOSUSDT,SELL,LIMIT,1702000605228,82.5,0.759
EOSUSDT,SELL,LIMIT,1702000606424,6.5,0.758
EOSUSDT,SELL,LIMIT,1702003654264,192.3,0.761
EOSUSDT,BUY,LIMIT,1702005529491,162.0,0.771
EOSUSDT,BUY,LIMIT,1702005824721,8.1,0.773
EOSUSDT,BUY,LIMIT,1702007096170,385.8,0.774
EOSUSDT,SELL,LIMIT,1702010323850,1052.5,0.764
EOSUSDT,BUY,LIMIT,1702018128466,192.0,0.771
EOSUSDT,BUY,LIMIT,1702018380321,209.8,0.774
EOSUSDT,BUY,LIMIT,1702018773420,7.7,0.776
EOSUSDT,SELL,LIMIT,1702020223939,1324.3,0.763
EOSUSDT,SELL,LIMIT,1702020530518,26.1,0.761
EOSUSDT,SELL,LIMIT,1702020557453,17.1,0.760
EOSUSDT,SELL,LIMIT,1702020627269,1035.3,0.760
EOSUSDT,SELL,LIMIT,1702020632729,3238.3,0.760
EOSUSDT,SELL,LIMIT,1702020638844,486.6,0.760
EOSUSDT,SELL,LIMIT,1702020662774,55.0,0.759
EOSUSDT,SELL,LIMIT,1702023043167,27.8,0.758
EOSUSDT,BUY,LIMIT,1702027446372,8.0,0.773
EOSUSDT,BUY,LIMIT,1702030322133,6.9,0.775
EOSUSDT,BUY,LIMIT,1702031403419,70000.0,0.780
EOSUSDT,BUY,LIMIT,1702033187375,46.0,0.778
EOSUSDT,BUY,LIMIT,1702034093268,134.4,0.780
EOSUSDT,BUY,LIMIT,1702034661844,1218.0,0.781
EOSUSDT,BUY,LIMIT,1702034832065,7.8,0.782
EOSUSDT,BUY,LIMIT,1702035271039,11.5,0.782
EOSUSDT,BUY,LIMIT,1702035355726,51.7,0.783
EOSUSDT,BUY,LIMIT,1702035425568,21087.2,0.785
EOSUSDT,BUY,LIMIT,1702035450185,93.9,0.782
EOSUSDT,BUY,LIMIT,1702035734215,46.7,0.781
EOSUSDT,BUY,LIMIT,1702036193639,15.4,0.782
EOSUSDT,BUY,LIMIT,1702036422687,10000.0,0.783
EOSUSDT,BUY,LIMIT,1702038481100,7771.0,0.782
EOSUSDT,BUY,LIMIT,1702038755632,138.2,0.784
EOSUSDT,BUY,LIMIT,1702039137408,193.6,0.784
EOSUSDT,BUY,LIMIT,1702039887095,20.4,0.784
EOSUSDT,BUY,LIMIT,1702039892914,2172.7,0.785
EOSUSDT,BUY,LIMIT,1702040001193,1500.0,0.786
EOSUSDT,BUY,LIMIT,1702040027629,2228.9,0.787
EOSUSDT,BUY,LIMIT,1702040048795,6.7,0.788
EOSUSDT,SELL,LIMIT,1702042237173,72.6,0.783
EOSUSDT,SELL,LIMIT,1702042238558,6.5,0.782
EOSUSDT,SELL,LIMIT,1702042630622,15.1,0.779
EOSUSDT,BUY,LIMIT,1702043343410,227.4,0.784
EOSUSDT,BUY,LIMIT,1702045136434,208.9,0.786
EOSUSDT,BUY,LIMIT,1702045885456,319.9,0.789
EOSUSDT,SELL,LIMIT,1702046054105,26.4,0.783
EOSUSDT,BUY,LIMIT,1702047700059,1717.5,0.788
EOSUSDT,BUY,LIMIT,1702047951295,6.7,0.790
EOSUSDT,BUY,LIMIT,1702047953636,7.6,0.790
EOSUSDT,BUY,LIMIT,1702048072883,803.3,0.791
EOSUSDT,BUY,LIMIT,1702048107165,93.9,0.791
EOSUSDT,BUY,LIMIT,1702050445083,10000.0,0.791
EOSUSDT,BUY,LIMIT,1702050506161,25.9,0.792
EOSUSDT,BUY,LIMIT,1702050509703,56.6,0.792
EOSUSDT,BUY,LIMIT,1702051270893,6605.1,0.792
EOSUSDT,BUY,LIMIT,1702051273694,45.9,0.792
EOSUSDT,BUY,LIMIT,1702051372576,341.2,0.794
EOSUSDT,BUY,LIMIT,1702051382050,91.2,0.794
EOSUSDT,BUY,LIMIT,1702051456480,1122.6,0.795
EOSUSDT,BUY,LIMIT,1702051482029,26.4,0.786
EOSUSDT,BUY,LIMIT,1702051493253,61.0,0.795
EOSUSDT,BUY,LIMIT,1702051501763,48.0,0.794
EOSUSDT,BUY,LIMIT,1702051713193,2610.9,0.795
EOSUSDT,BUY,LIMIT,1702051714494,1021.2,0.795
EOSUSDT,BUY,LIMIT,1702051717330,7.1,0.796
EOSUSDT,BUY,LIMIT,1702051721002,486.2,0.796
EOSUSDT,BUY,LIMIT,1702051723968,571.3,0.797
EOSUSDT,BUY,LIMIT,1702051886895,29.1,0.797
EOSUSDT,BUY,LIMIT,1702051888093,33.9,0.797
EOSUSDT,BUY,LIMIT,1702051900279,1319.2,0.797
EOSUSDT,BUY,LIMIT,1702051905466,77.7,0.798
EOSUSDT,BUY,LIMIT,1702051909800,516.3,0.798
EOSUSDT,BUY,LIMIT,1702051925768,3992.5,0.798
EOSUSDT,BUY,LIMIT,1702052099447,707.3,0.798
EOSUSDT,BUY,LIMIT,1702052101290,7.6,0.799
EOSUSDT,BUY,LIMIT,1702052108142,151.6,0.801
EOSUSDT,BUY,LIMIT,1702052109749,6845.9,0.802
EOSUSDT,BUY,LIMIT,1702052120243,638.8,0.802
EOSUSDT,BUY,LIMIT,1702052161448,65.1,0.800
EOSUSDT,BUY,LIMIT,1702052336664,2430.1,0.802
EOSUSDT,BUY,LIMIT,1702052343960,9.3,0.802
EOSUSDT,BUY,LIMIT,1702052345438,563.8,0.802
EOSUSDT,BUY,LIMIT,1702052349331,2403.4,0.802
EOSUSDT,BUY,LIMIT,1702052368756,190.2,0.802
EOSUSDT,BUY,LIMIT,1702052377939,51.2,0.802
EOSUSDT,BUY,LIMIT,1702052391552,251.7,0.802
EOSUSDT,SELL,LIMIT,1702053169617,375.0,0.793
EOSUSDT,BUY,LIMIT,1702053712700,50.9,0.801
EOSUSDT,BUY,LIMIT,1702053790230,32.8,0.802
EOSUSDT,SELL,LIMIT,1702055294106,6257.2,0.788
EOSUSDT,SELL,LIMIT,1702055296823,43.2,0.788
EOSUSDT,SELL,LIMIT,1702055300243,25.5,0.787
EOSUSDT,SELL,LIMIT,1702055301305,637.7,0.787
EOSUSDT,SELL,LIMIT,1702055503562,6.4,0.787
EOSUSDT,SELL,LIMIT,1702055702403,231.4,0.785
EOSUSDT,SELL,LIMIT,1702056247538,8.4,0.785
EOSUSDT,SELL,LIMIT,1702056454504,6.4,0.782
EOSUSDT,SELL,LIMIT,1702057390646,329.6,0.788
EOSUSDT,BUY,LIMIT,1702065942715,39.6,0.796
EOSUSDT,BUY,LIMIT,1702066127868,267.2,0.797
EOSUSDT,BUY,LIMIT,1702067589493,382.0,0.797
EOSUSDT,BUY,LIMIT,1702067601703,14.1,0.797
EOSUSDT,BUY,LIMIT,1702067729370,24.6,0.796
EOSUSDT,BUY,LIMIT,1702068131080,534.2,0.799
EOSUSDT,BUY,LIMIT,1702068652527,13.0,0.799
EOSUSDT,BUY,LIMIT,1702068659595,2098.8,0.800
EOSUSDT,BUY,LIMIT,1702068743840,24.6,0.800
EOSUSDT,BUY,LIMIT,1702068860323,129.1,0.800
EOSUSDT,BUY,LIMIT,1702069335431,444.4,0.801
EOSUSDT,BUY,LIMIT,1702069371339,61.9,0.801
EOSUSDT,SELL,LIMIT,1702070611297,0.3,0.791
EOSUSDT,BUY,LIMIT,1702070895513,857.7,0.799
EOSUSDT,BUY,LIMIT,1702072671667,108.3,0.799
EOSUSDT,BUY,LIMIT,1702077637431,240.2,0.800
EOSUSDT,BUY,LIMIT,1702077645077,377.6,0.800
EOSUSDT,BUY,LIMIT,1702078185252,39.4,0.802
EOSUSDT,BUY,LIMIT,1702078189468,75.8,0.802
EOSUSDT,BUY,LIMIT,1702078609448,32.6,0.802
EOSUSDT,BUY,LIMIT,1702078934414,139.1,0.803
EOSUSDT,BUY,LIMIT,1702078949275,57.8,0.803
EOSUSDT,BUY,LIMIT,1702078955424,522.1,0.804
EOSUSDT,BUY,LIMIT,1702078994215,26.5,0.804
EOSUSDT,BUY,LIMIT,1702079049817,756.5,0.804
EOSUSDT,BUY,LIMIT,1702079066808,1900.0,0.804
EOSUSDT,BUY,LIMIT,1702080165327,29.3,0.805
EOSUSDT,BUY,LIMIT,1702080167161,27.9,0.805
EOSUSDT,BUY,LIMIT,1702080168353,179.4,0.805
EOSUSDT,BUY,LIMIT,1702080405345,7532.4,0.806
EOSUSDT,BUY,LIMIT,1702080419642,1770.4,0.806
EOSUSDT,BUY,LIMIT,1702080690117,9.3,0.806
EOSUSDT,BUY,LIMIT,1702080703096,8006.7,0.807
EOSUSDT,BUY,LIMIT,1702080704181,71.2,0.807
EOSUSDT,BUY,LIMIT,1702080710759,13.7,0.807
EOSUSDT,BUY,LIMIT,1702080992331,33.7,0.805
EOSUSDT,BUY,LIMIT,1702081229517,2632.7,0.806
EOSUSDT,BUY,LIMIT,1702081302791,50.1,0.807
EOSUSDT,BUY,LIMIT,1702081320437,399.3,0.807
EOSUSDT,BUY,LIMIT,1702081406173,3746.4,0.808
EOSUSDT,BUY,LIMIT,1702081415859,259.7,0.808
EOSUSDT,BUY,LIMIT,1702081424153,8.7,0.808
EOSUSDT,BUY,LIMIT,1702081425444,50.4,0.808
EOSUSDT,BUY,LIMIT,1702081572144,263.2,0.809
EOSUSDT,BUY,LIMIT,1702081591344,1906.9,0.809
EOSUSDT,BUY,LIMIT,1702081594067,1150.5,0.809
EOSUSDT,BUY,LIMIT,1702081619152,17.8,0.810
EOSUSDT,BUY,LIMIT,1702081628144,11.2,0.810
EOSUSDT,BUY,LIMIT,1702081630754,10.9,0.810
EOSUSDT,BUY,LIMIT,1702081640186,1851.6,0.810
EOSUSDT,BUY,LIMIT,1702081645960,119.4,0.811
EOSUSDT,BUY,LIMIT,1702081650433,88.4,0.811
EOSUSDT,BUY,LIMIT,1702081651513,44.0,0.812
EOSUSDT,BUY,LIMIT,1702081663162,83.2,0.812
EOSUSDT,BUY,LIMIT,1702081687442,53.8,0.812
EOSUSDT,BUY,LIMIT,1702081690511,6242.1,0.812
EOSUSDT,BUY,LIMIT,1702081767716,55.1,0.813
EOSUSDT,BUY,LIMIT,1702081781454,7.0,0.813
EOSUSDT,BUY,LIMIT,1702081809359,386.9,0.813
EOSUSDT,BUY,LIMIT,1702081817677,1513.2,0.813
EOSUSDT,BUY,LIMIT,1702081819034,252.0,0.814
EOSUSDT,BUY,LIMIT,1702081825947,6535.9,0.814
EOSUSDT,BUY,LIMIT,1702081866764,4.4,0.814
EOSUSDT,BUY,LIMIT,1702082423399,732.6,0.813
EOSUSDT,BUY,LIMIT,1702082441745,56.9,0.814
EOSUSDT,BUY,LIMIT,1702082494395,2680.5,0.813
EOSUSDT,BUY,LIMIT,1702082617907,1687.5,0.815
EOSUSDT,BUY,LIMIT,1702082619780,10.4,0.815
EOSUSDT,BUY,LIMIT,1702082631651,7.4,0.816
EOSUSDT,BUY,LIMIT,1702082633844,11.3,0.816
EOSUSDT,BUY,LIMIT,1702082645555,24.0,0.816
EOSUSDT,BUY,LIMIT,1702082646848,66.4,0.817
EOSUSDT,BUY,LIMIT,1702082654722,53.2,0.817
EOSUSDT,BUY,LIMIT,1702082974937,816.2,0.814
EOSUSDT,BUY,LIMIT,1702083460198,44.0,0.817
EOSUSDT,BUY,LIMIT,1702083461622,1588.0,0.818
EOSUSDT,BUY,LIMIT,1702083464745,41.8,0.818
EOSUSDT,BUY,LIMIT,1702083469535,1092.1,0.818
EOSUSDT,BUY,LIMIT,1702083472291,1181.1,0.819
EOSUSDT,BUY,LIMIT,1702083473336,186.0,0.820
EOSUSDT,BUY,LIMIT,1702083483233,10.0,0.820
EOSUSDT,SELL,LIMIT,1702083920846,12.0,0.806
EOSUSDT,SELL,LIMIT,1702083930484,1097.2,0.804
EOSUSDT,SELL,LIMIT,1702084103548,8.8,0.801
EOSUSDT,SELL,LIMIT,1702084132235,550.6,0.800
EOSUSDT,BUY,LIMIT,1702085555501,294.1,0.815
EOSUSDT,BUY,LIMIT,1702085900320,261.7,0.817
EOSUSDT,BUY,LIMIT,1702085901360,133.0,0.817
EOSUSDT,BUY,LIMIT,1702086507645,58.8,0.820
EOSUSDT,BUY,LIMIT,1702086549508,34.8,0.820
EOSUSDT,BUY,LIMIT,1702091266960,147.8,0.819
EOSUSDT,BUY,LIMIT,1702091601107,1176.0,0.817
EOSUSDT,BUY,LIMIT,1702091809626,10.0,0.821
EOSUSDT,BUY,LIMIT,1702091819257,274.3,0.821
EOSUSDT,BUY,LIMIT,1702091820400,1042.2,0.821
EOSUSDT,BUY,LIMIT,1702091856317,50.0,0.821
EOSUSDT,BUY,LIMIT,1702091926241,490.6,0.821
EOSUSDT,BUY,LIMIT,1702091933373,481.0,0.821
EOSUSDT,BUY,LIMIT,1702092199677,595.3,0.821
EOSUSDT,BUY,LIMIT,1702092227063,60.0,0.821
EOSUSDT,BUY,LIMIT,1702092421293,486.4,0.822
EOSUSDT,BUY,LIMIT,1702092496493,2054.4,0.822
EOSUSDT,BUY,LIMIT,1702092539329,2732.4,0.822
EOSUSDT,BUY,LIMIT,1702092586141,725.6,0.822
EOSUSDT,BUY,LIMIT,1702092590443,131.2,0.822
EOSUSDT,BUY,LIMIT,1702092724162,33.8,0.823
EOSUSDT,BUY,LIMIT,1702093607714,1625.8,0.823
EOSUSDT,BUY,LIMIT,1702094570158,74.7,0.823
EOSUSDT,BUY,LIMIT,1702094610325,10980.0,0.825
EOSUSDT,BUY,LIMIT,1702094611907,252.8,0.825
EOSUSDT,BUY,LIMIT,1702094617864,1497.5,0.825
EOSUSDT,BUY,LIMIT,1702094626202,2583.2,0.825
EOSUSDT,BUY,LIMIT,1702094637317,189.3,0.825
EOSUSDT,BUY,LIMIT,1702094741937,75.6,0.825
EOSUSDT,BUY,LIMIT,1702095224898,491.0,0.825
EOSUSDT,BUY,LIMIT,1702095344447,3.5,0.826
EOSUSDT,BUY,LIMIT,1702095348441,10746.3,0.827
EOSUSDT,BUY,LIMIT,1702095351110,19.5,0.828
EOSUSDT,BUY,LIMIT,1702095375607,10615.6,0.829
EOSUSDT,BUY,LIMIT,1702095392079,248.0,0.829
EOSUSDT,BUY,LIMIT,1702095393228,2745.0,0.829
EOSUSDT,BUY,LIMIT,1702095991937,18.8,0.825
EOSUSDT,BUY,LIMIT,1702096739131,3733.2,0.830
EOSUSDT,BUY,LIMIT,1702096740282,25063.8,0.832
EOSUSDT,BUY,LIMIT,1702096755277,50.3,0.830
EOSUSDT,BUY,LIMIT,1702096778567,16.6,0.830
EOSUSDT,BUY,LIMIT,1702096857176,6.1,0.831
EOSUSDT,BUY,LIMIT,1702097261769,2319.7,0.831
EOSUSDT,BUY,LIMIT,1702097300505,500.0,0.831
EOSUSDT,BUY,LIMIT,1702097487841,14.5,0.831
EOSUSDT,BUY,LIMIT,1702097514411,931.8,0.832
EOSUSDT,BUY,LIMIT,1702097630266,415.4,0.831
EOSUSDT,BUY,LIMIT,1702097662665,2156.1,0.831
EOSUSDT,BUY,LIMIT,1702097664605,1053.7,0.831
EOSUSDT,BUY,LIMIT,1702097711073,273.6,0.832
EOSUSDT,BUY,LIMIT,1702097712847,1187.3,0.832
EOSUSDT,BUY,LIMIT,1702097714602,47.5,0.832
EOSUSDT,BUY,LIMIT,1702097726492,445.7,0.833
EOSUSDT,BUY,LIMIT,1702097844119,1013.7,0.831
EOSUSDT,BUY,LIMIT,1702097878233,18.8,0.831
EOSUSDT,BUY,LIMIT,1702098232348,5035.7,0.833
EOSUSDT,BUY,LIMIT,1702098333994,4376.4,0.833
EOSUSDT,BUY,LIMIT,1702098345595,2574.8,0.834
EOSUSDT,BUY,LIMIT,1702098350922,4596.0,0.834
EOSUSDT,BUY,LIMIT,1702098456115,8.4,0.834
EOSUSDT,BUY,LIMIT,1702098457364,42.6,0.834
EOSUSDT,BUY,LIMIT,1702098472307,10.3,0.834
EOSUSDT,BUY,LIMIT,1702098541573,2512.5,0.835
EOSUSDT,BUY,LIMIT,1702101129702,56.1,0.831
EOSUSDT,BUY,LIMIT,1702102809508,545.4,0.833
EOSUSDT,BUY,LIMIT,1702103111875,1623.9,0.835
EOSUSDT,BUY,LIMIT,1702103164303,21979.7,0.838
EOSUSDT,BUY,LIMIT,1702103212393,383.9,0.836
EOSUSDT,BUY,LIMIT,1702104517176,13.1,0.836
EOSUSDT,BUY,LIMIT,1702104532783,208.8,0.836
EOSUSDT,BUY,LIMIT,1702104537738,59.9,0.836
EOSUSDT,BUY,LIMIT,1702104584458,147.0,0.837
EOSUSDT,BUY,LIMIT,1702104594252,3140.4,0.837
EOSUSDT,BUY,LIMIT,1702104614689,79.2,0.838
EOSUSDT,BUY,LIMIT,1702104644294,1060.7,0.838
EOSUSDT,BUY,LIMIT,1702104650632,2064.8,0.838
EOSUSDT,BUY,LIMIT,1702104654302,3915.9,0.839
EOSUSDT,BUY,LIMIT,1702104733780,1301.7,0.839
EOSUSDT,BUY,LIMIT,1702104762813,69.6,0.839
EOSUSDT,BUY,LIMIT,1702104774160,21734.4,0.842
EOSUSDT,BUY,LIMIT,1702104866384,192.4,0.839
EOSUSDT,BUY,LIMIT,1702104870212,823.5,0.840
EOSUSDT,BUY,LIMIT,1702104871508,15.0,0.840
EOSUSDT,BUY,LIMIT,1702104872924,655.0,0.841
EOSUSDT,BUY,LIMIT,1702104875036,4626.7,0.841
EOSUSDT,BUY,LIMIT,1702104883318,62.4,0.841
EOSUSDT,BUY,LIMIT,1702104884505,354.3,0.842
EOSUSDT,BUY,LIMIT,1702105363373,39.8,0.837
EOSUSDT,BUY,LIMIT,1702105851478,1283.0,0.842
EOSUSDT,BUY,LIMIT,1702105887554,901.4,0.842
EOSUSDT,BUY,LIMIT,1702105908531,66.9,0.843
EOSUSDT,BUY,LIMIT,1702105915195,1367.4,0.843
EOSUSDT,BUY,LIMIT,1702106038269,39.9,0.843
EOSUSDT,BUY,LIMIT,1702106080372,333.3,0.844
EOSUSDT,BUY,LIMIT,1702106087195,492.1,0.844
EOSUSDT,BUY,LIMIT,1702106088320,697.0,0.844
EOSUSDT,BUY,LIMIT,1702106200949,57.6,0.844
EOSUSDT,BUY,LIMIT,1702106202075,6.7,0.845
EOSUSDT,BUY,LIMIT,1702106203259,168.5,0.845
EOSUSDT,BUY,LIMIT,1702106221276,54.3,0.846
EOSUSDT,BUY,LIMIT,1702106229968,800.0,0.847
EOSUSDT,BUY,LIMIT,1702106234769,1750.0,0.847
EOSUSDT,SELL,LIMIT,1702106818242,5806.1,0.832
EOSUSDT,BUY,LIMIT,1702106888279,677.8,0.840
EOSUSDT,SELL,LIMIT,1702106980944,4396.3,0.831
EOSUSDT,BUY,LIMIT,1702107991122,21.4,0.840
EOSUSDT,BUY,LIMIT,1702108054444,1059.2,0.843
EOSUSDT,BUY,LIMIT,1702108132077,37.8,0.843
EOSUSDT,BUY,LIMIT,1702108293834,143.4,0.843
EOSUSDT,BUY,LIMIT,1702108306773,741.9,0.843
EOSUSDT,BUY,LIMIT,1702108362455,316.5,0.843
EOSUSDT,BUY,LIMIT,1702108364893,18.9,0.843
EOSUSDT,SELL,LIMIT,1702108418160,321.2,0.835
EOSUSDT,BUY,LIMIT,1702108532625,4664.1,0.844
EOSUSDT,BUY,LIMIT,1702108541442,2648.5,0.844
EOSUSDT,BUY,LIMIT,1702108556279,35.2,0.844
EOSUSDT,BUY,LIMIT,1702108731341,194.1,0.843
EOSUSDT,BUY,LIMIT,1702108951658,255.8,0.843
EOSUSDT,BUY,LIMIT,1702109027091,144.7,0.844
EOSUSDT,BUY,LIMIT,1702109102696,1040.1,0.844
EOSUSDT,BUY,LIMIT,1702109107236,99.8,0.844
EOSUSDT,BUY,LIMIT,1702109192287,9446.5,0.847
EOSUSDT,BUY,LIMIT,1702109208540,55.4,0.848
EOSUSDT,BUY,LIMIT,1702109210642,535.2,0.848
EOSUSDT,BUY,LIMIT,1702109213350,1193.3,0.848
EOSUSDT,BUY,LIMIT,1702109259625,9089.4,0.849
EOSUSDT,BUY,LIMIT,1702109359571,13.4,0.847
EOSUSDT,BUY,LIMIT,1702109365138,5478.4,0.848
EOSUSDT,BUY,LIMIT,1702109370444,164.7,0.848
EOSUSDT,BUY,LIMIT,1702109419437,266.7,0.846
EOSUSDT,BUY,LIMIT,1702109512846,921.0,0.847
EOSUSDT,BUY,LIMIT,1702109691330,87.1,0.848
EOSUSDT,BUY,LIMIT,1702109741409,47.9,0.849
EOSUSDT,BUY,LIMIT,1702109759611,97.5,0.849
EOSUSDT,BUY,LIMIT,1702109765685,405.0,0.849
EOSUSDT,BUY,LIMIT,1702109774534,17.8,0.850
EOSUSDT,BUY,LIMIT,1702109803436,9.3,0.850
EOSUSDT,BUY,LIMIT,1702109834443,1500.0,0.850
EOSUSDT,BUY,LIMIT,1702109852393,976.5,0.851
EOSUSDT,BUY,LIMIT,1702109853637,36.7,0.851
EOSUSDT,BUY,LIMIT,1702109854640,53.2,0.852
EOSUSDT,BUY,LIMIT,1702109856948,4734.8,0.852
EOSUSDT,BUY,LIMIT,1702109859052,1464.0,0.853
EOSUSDT,BUY,LIMIT,1702109860064,97.4,0.853
EOSUSDT,BUY,LIMIT,1702109864269,14.0,0.854
EOSUSDT,BUY,LIMIT,1702109866226,11.9,0.854
EOSUSDT,BUY,LIMIT,1702109873072,5959.4,0.856
EOSUSDT,BUY,LIMIT,1702109874943,262148.6,0.868
EOSUSDT,BUY,LIMIT,1702109879603,353.6,0.858
EOSUSDT,BUY,LIMIT,1702109881108,641.0,0.858
EOSUSDT,BUY,LIMIT,1702109882372,3105.1,0.859
EOSUSDT,BUY,LIMIT,1702109890350,1156.4,0.860
EOSUSDT,BUY,LIMIT,1702109892120,18545.4,0.863
EOSUSDT,BUY,LIMIT,1702109893350,1500.0,0.862
EOSUSDT,BUY,LIMIT,1702109895075,206.8,0.863
EOSUSDT,BUY,LIMIT,1702109897731,2908.3,0.863
EOSUSDT,BUY,LIMIT,1702109931262,198.9,0.863
EOSUSDT,BUY,LIMIT,1702109936977,203.1,0.864
EOSUSDT,BUY,LIMIT,1702110092117,41.0,0.865
EOSUSDT,BUY,LIMIT,1702110093495,9072.0,0.865
EOSUSDT,BUY,LIMIT,1702110096754,25.5,0.866
EOSUSDT,BUY,LIMIT,1702110098003,9276.4,0.866
EOSUSDT,BUY,LIMIT,1702110101213,31.5,0.868
EOSUSDT,BUY,LIMIT,1702110106272,84.4,0.868
EOSUSDT,BUY,LIMIT,1702110107415,1278.1,0.869
EOSUSDT,BUY,LIMIT,1702110114900,12.6,0.870
EOSUSDT,SELL,LIMIT,1702110668199,24.6,0.852
EOSUSDT,SELL,LIMIT,1702110789539,83.7,0.849
EOSUSDT,SELL,LIMIT,1702110794187,399.1,0.849
EOSUSDT,SELL,LIMIT,1702110810901,4811.4,0.848
EOSUSDT,SELL,LIMIT,1702110824316,1071.9,0.847
EOSUSDT,SELL,LIMIT,1702110861614,67.2,0.846
EOSUSDT,SELL,LIMIT,1702110872699,692.8,0.845
EOSUSDT,SELL,LIMIT,1702110874706,1514.0,0.844
EOSUSDT,SELL,LIMIT,1702110878596,79.0,0.843
EOSUSDT,SELL,LIMIT,1702110882269,888.6,0.843
EOSUSDT,SELL,LIMIT,1702110909293,5000.0,0.841
EOSUSDT,SELL,LIMIT,1702110913664,3247.0,0.840
EOSUSDT,SELL,LIMIT,1702110967307,71.0,0.844
EOSUSDT,SELL,LIMIT,1702110969278,852.6,0.840
EOSUSDT,SELL,LIMIT,1702110972408,2222.0,0.839
EOSUSDT,SELL,LIMIT,1702110977477,0.7,0.838
EOSUSDT,SELL,LIMIT,1702110980168,382.6,0.836
EOSUSDT,SELL,LIMIT,1702110983389,202.9,0.835
EOSUSDT,SELL,LIMIT,1702111023469,780.8,0.836
EOSUSDT,SELL,LIMIT,1702111030433,3110.8,0.834
EOSUSDT,SELL,LIMIT,1702111033092,1598.2,0.833
EOSUSDT,SELL,LIMIT,1702111035735,32.8,0.833
EOSUSDT,SELL,LIMIT,1702111037377,5513.1,0.832
EOSUSDT,SELL,LIMIT,1702111040353,18377.6,0.830
EOSUSDT,SELL,LIMIT,1702111042862,6.1,0.830
EOSUSDT,SELL,LIMIT,1702111044220,2543.6,0.828
EOSUSDT,SELL,LIMIT,1702111045339,200.0,0.828
EOSUSDT,SELL,LIMIT,1702111047619,49.2,0.828
EOSUSDT,SELL,LIMIT,1702111373074,11944.5,0.828
EOSUSDT,SELL,LIMIT,1702111374086,4360.4,0.828
EOSUSDT,SELL,LIMIT,1702111375137,5966.5,0.828
EOSUSDT,SELL,LIMIT,1702111379001,5755.3,0.826
EOSUSDT,SELL,LIMIT,1702111383701,540.7,0.826
EOSUSDT,SELL,LIMIT,1702111386146,1959.8,0.827
EOSUSDT,SELL,LIMIT,1702111388279,2402.6,0.824
EOSUSDT,BUY,LIMIT,1702112021805,320.5,0.845
EOSUSDT,BUY,LIMIT,1702113375001,6.4,0.845
EOSUSDT,BUY,LIMIT,1702113401718,3725.6,0.846
EOSUSDT,BUY,LIMIT,1702113407103,631.2,0.847
EOSUSDT,BUY,LIMIT,1702113594498,126.7,0.847
EOSUSDT,BUY,LIMIT,1702114287642,58.9,0.848
EOSUSDT,BUY,LIMIT,1702114301554,62.6,0.849
EOSUSDT,BUY,LIMIT,1702114323665,23.1,0.850
EOSUSDT,SELL,LIMIT,1702114999437,15.3,0.835
EOSUSDT,SELL,LIMIT,1702115032719,163.1,0.835
EOSUSDT,BUY,LIMIT,1702115527394,2093.1,0.849
EOSUSDT,BUY,LIMIT,1702115703046,42.9,0.851
EOSUSDT,BUY,LIMIT,1702115733173,5972.3,0.851
EOSUSDT,BUY,LIMIT,1702115919442,1664.6,0.852
EOSUSDT,BUY,LIMIT,1702115921575,177.2,0.853
EOSUSDT,BUY,LIMIT,1702115923125,1430.6,0.853
EOSUSDT,BUY,LIMIT,1702115925709,89.7,0.853
EOSUSDT,BUY,LIMIT,1702115944573,154.8,0.853
EOSUSDT,BUY,LIMIT,1702115954206,11904.7,0.856
EOSUSDT,BUY,LIMIT,1702115957316,69.8,0.856
EOSUSDT,SELL,LIMIT,1702116345970,1456.1,0.847
EOSUSDT,SELL,LIMIT,1702117260533,391.4,0.840
EOSUSDT,SELL,LIMIT,1702117315445,587.7,0.840
EOSUSDT,SELL,LIMIT,1702117340440,915.8,0.839
EOSUSDT,SELL,LIMIT,1702117650087,5896.2,0.837
EOSUSDT,BUY,LIMIT,1702118564050,815.9,0.851
EOSUSDT,BUY,LIMIT,1702118798284,1443.4,0.855
EOSUSDT,SELL,LIMIT,1702120278107,3367.3,0.838
EOSUSDT,SELL,LIMIT,1702120602890,7.6,0.836
EOSUSDT,SELL,LIMIT,1702121052105,6.3,0.834
EOSUSDT,SELL,LIMIT,1702121112167,4528.8,0.833
EOSUSDT,SELL,LIMIT,1702121163956,14.5,0.832
EOSUSDT,SELL,LIMIT,1702121168542,779.1,0.831
EOSUSDT,SELL,LIMIT,1702121170682,20.0,0.832
EOSUSDT,BUY,LIMIT,1702123311283,3077.3,0.846
EOSUSDT,BUY,LIMIT,1702123823873,6.2,0.847
EOSUSDT,BUY,LIMIT,1702123975367,36.9,0.847
EOSUSDT,BUY,LIMIT,1702125206373,77.6,0.849
EOSUSDT,BUY,LIMIT,1702125273310,183.5,0.851
EOSUSDT,BUY,LIMIT,1702125274377,95.3,0.851
EOSUSDT,BUY,LIMIT,1702125283867,337.0,0.852
EOSUSDT,BUY,LIMIT,1702125286034,2756.5,0.852
EOSUSDT,BUY,LIMIT,1702126033526,1281.3,0.853
EOSUSDT,BUY,LIMIT,1702127046455,18.5,0.854
EOSUSDT,BUY,LIMIT,1702127193511,4733.7,0.855
EOSUSDT,BUY,LIMIT,1702128978452,4716.9,0.857
EOSUSDT,BUY,LIMIT,1702128981179,359.7,0.859
EOSUSDT,BUY,LIMIT,1702128983104,2886.6,0.859
EOSUSDT,BUY,LIMIT,1702129447021,1781.4,0.860
EOSUSDT,BUY,LIMIT,1702129455119,4167.0,0.859
EOSUSDT,BUY,LIMIT,1702131019315,44.9,0.860
EOSUSDT,SELL,LIMIT,1702132084627,332.1,0.847
EOSUSDT,SELL,LIMIT,1702132601473,402.5,0.844
EOSUSDT,SELL,LIMIT,1702132603253,17.2,0.843
EOSUSDT,SELL,LIMIT,1702132792114,4556.0,0.840
EOSUSDT,SELL,LIMIT,1702132820047,95.2,0.839
EOSUSDT,SELL,LIMIT,1702132824955,20.0,0.840
EOSUSDT,SELL,LIMIT,1702132988729,238.9,0.838
EOSUSDT,SELL,LIMIT,1702132995208,70.3,0.837
EOSUSDT,SELL,LIMIT,1702133000102,52.5,0.836
EOSUSDT,SELL,LIMIT,1702133001995,517.6,0.835
EOSUSDT,SELL,LIMIT,1702133003671,230.7,0.834
EOSUSDT,SELL,LIMIT,1702133004942,137.9,0.834
EOSUSDT,SELL,LIMIT,1702133005990,91.2,0.834
EOSUSDT,SELL,LIMIT,1702133008494,323.9,0.833
EOSUSDT,SELL,LIMIT,1702133662952,44.8,0.852
