Symbol,Side,Order Type,Time,Quantity,Price
EOSUSDT,SELL,LIMIT,1700863956687,227.0,0.678
EOSUSDT,SELL,LIMIT,1700863964041,128.1,0.677
EOSUSDT,SELL,LIMIT,1700863965058,1485.5,0.676
EOSUSDT,SELL,LIMIT,1700867183218,18.5,0.677
EOSUSDT,BUY,LIMIT,1700874352566,2963.5,0.690
EOSUSDT,BUY,LIMIT,1700876784201,17.2,0.693
EOSUSDT,BUY,LIMIT,1700877084711,1320.2,0.693
EOSUSDT,BUY,LIMIT,1700877092860,20.1,0.693
EOSUSDT,BUY,LIMIT,1700877100463,300.0,0.693
EOSUSDT,BUY,LIMIT,1700877269401,30.2,0.694
EOSUSDT,BUY,LIMIT,1700877370632,779.4,0.694
EOSUSDT,BUY,LIMIT,1700880013480,10.0,0.694
EOSUSDT,BUY,LIMIT,1700880014806,1916.5,0.695
EOSUSDT,BUY,LIMIT,1700880368236,129.1,0.695
EOSUSDT,BUY,LIMIT,1700880397464,15.2,0.695
EOSUSDT,BUY,LIMIT,1700880399426,10662.4,0.695
EOSUSDT,BUY,LIMIT,1700880410116,701.9,0.696
EOSUSDT,BUY,LIMIT,1700880416138,7.4,0.696
EOSUSDT,BUY,LIMIT,1700880518188,724.0,0.697
EOSUSDT,BUY,LIMIT,1700899194063,1421.1,0.697
EOSUSDT,BUY,LIMIT,1700899575112,41.3,0.698
EOSUSDT,BUY,LIMIT,1700899732427,30.1,0.699
EOSUSDT,BUY,LIMIT,1700899802784,3728.0,0.699
EOSUSDT,BUY,LIMIT,1700900186689,35.0,0.699
EOSUSDT,BUY,LIMIT,1700900872679,544.1,0.699
EOSUSDT,BUY,LIMIT,1700901129445,88.4,0.700
EOSUSDT,BUY,LIMIT,1700901198811,156.5,0.701
EOSUSDT,BUY,LIMIT,1700901253896,88.4,0.701
EOSUSDT,BUY,LIMIT,1700901299079,9.2,0.702
EOSUSDT,BUY,LIMIT,1700901381662,47.5,0.702
EOSUSDT,BUY,LIMIT,1700901386022,10.1,0.702
EOSUSDT,BUY,LIMIT,1700901393720,2106.3,0.703
EOSUSDT,BUY,LIMIT,1700906211239,43.6,0.693
EOSUSDT,SELL,LIMIT,1700906917734,9.8,0.689
EOSUSDT,SELL,LIMIT,1700908197324,593.4,0.687
EOSUSDT,SELL,LIMIT,1700908865487,2480.9,0.686
EOSUSDT,SELL,LIMIT,1700908983482,11.6,0.686
EOSUSDT,SELL,LIMIT,1700909043739,4988.0,0.685
EOSUSDT,SELL,LIMIT,1700909052186,32.0,0.685
EOSUSDT,SELL,LIMIT,1700911085889,2754.2,0.686
EOSUSDT,SELL,LIMIT,1700911354557,5901.3,0.685
EOSUSDT,SELL,LIMIT,1700911355718,74.6,0.684
EOSUSDT,SELL,LIMIT,1700912249138,3628.4,0.685
EOSUSDT,SELL,LIMIT,1700912534148,49.5,0.684
EOSUSDT,SELL,LIMIT,1700912540504,255.0,0.683
EOSUSDT,SELL,LIMIT,1700912589727,21.3,0.683
EOSUSDT,SELL,LIMIT,1700912653350,82.4,0.682
EOSUSDT,SELL,LIMIT,1700912680323,177.4,0.682
EOSUSDT,BUY,LIMIT,1700926324478,351.6,0.696
EOSUSDT,SELL,LIMIT,1700926972869,5.9,0.689
EOSUSDT,BUY,LIMIT,1700928401707,174.1,0.698
EOSUSDT,BUY,LIMIT,1700932630080,56.1,0.701
