Symbol,Side,Order Type,Time,Quantity,Price
EOSUSDT,BUY,LIMIT,1701065146304,21.0,0.697
EOSUSDT,SELL,LIMIT,1701067744298,1069.9,0.691
EOSUSDT,SELL,LIMIT,1701069537592,83.5,0.684
EOSUSDT,SELL,LIMIT,1701069548797,11.8,0.684
EOSUSDT,SELL,LIMIT,1701069633156,496.3,0.683
EOSUSDT,SELL,LIMIT,1701069809092,200.9,0.682
EOSUSDT,SELL,LIMIT,1701069810569,2265.3,0.682
EOSUSDT,SELL,LIMIT,1701069858200,1128.7,0.681
EOSUSDT,SELL,LIMIT,1701069880105,14360.6,0.680
EOSUSDT,SELL,LIMIT,1701069881182,1824.8,0.681
EOSUSDT,SELL,LIMIT,1701069897784,978.9,0.679
EOSUSDT,SELL,LIMIT,1701069899428,12.0,0.679
EOSUSDT,SELL,LIMIT,1701069917297,14.5,0.679
EOSUSDT,SELL,LIMIT,1701070441285,77.6,0.678
EOSUSDT,SELL,LIMIT,1701070604339,7.1,0.684
EOSUSDT,BUY,LIMIT,1701071546218,84.9,0.691
EOSUSDT,BUY,LIMIT,1701072667596,102.1,0.693
EOSUSDT,SELL,LIMIT,1701073977725,214.5,0.689
EOSUSDT,BUY,LIMIT,1701077399082,7.5,0.690
EOSUSDT,SELL,LIMIT,1701079136231,455.3,0.681
EOSUSDT,SELL,LIMIT,1701079321216,303.5,0.680
EOSUSDT,SELL,LIMIT,1701080570293,42.8,0.678
EOSUSDT,SELL,LIMIT,1701080667220,87.4,0.678
EOSUSDT,SELL,LIMIT,1701080672233,424.8,0.678
EOSUSDT,SELL,LIMIT,1701080850907,33.0,0.677
EOSUSDT,SELL,LIMIT,1701080877531,20.0,0.677
EOSUSDT,SELL,LIMIT,1701081328664,7.3,0.676
EOSUSDT,SELL,LIMIT,1701081330263,125.9,0.676
EOSUSDT,SELL,LIMIT,1701081331751,7.2,0.676
EOSUSDT,SELL,LIMIT,1701081436072,75.0,0.675
EOSUSDT,SELL,LIMIT,1701081439914,3750.0,0.675
EOSUSDT,SELL,LIMIT,1701081445932,8.8,0.674
EOSUSDT,SELL,LIMIT,1701081447852,8.0,0.674
EOSUSDT,SELL,LIMIT,1701081451129,427.8,0.675
EOSUSDT,SELL,LIMIT,1701081452466,27.7,0.674
EOSUSDT,SELL,LIMIT,1701081490241,4014.4,0.674
EOSUSDT,SELL,LIMIT,1701081498435,769.0,0.673
EOSUSDT,SELL,LIMIT,1701081605274,51.5,0.676
EOSUSDT,SELL,LIMIT,1701082654092,74.0,0.673
EOSUSDT,SELL,LIMIT,1701082656460,6984.8,0.673
EOSUSDT,SELL,LIMIT,1701082690832,83.2,0.672
EOSUSDT,SELL,LIMIT,1701082694877,3887.7,0.672
EOSUSDT,SELL,LIMIT,1701082697818,786.9,0.671
EOSUSDT,SELL,LIMIT,1701082710614,45.7,0.671
EOSUSDT,SELL,LIMIT,1701082727239,33.8,0.671
EOSUSDT,SELL,LIMIT,1701086769624,1740.8,0.675
EOSUSDT,SELL,LIMIT,1701094971307,1514.5,0.671
EOSUSDT,SELL,LIMIT,1701094989109,179.7,0.671
EOSUSDT,SELL,LIMIT,1701095010432,1239.2,0.670
EOSUSDT,SELL,LIMIT,1701095015057,429.8,0.670
EOSUSDT,SELL,LIMIT,1701095016374,73.2,0.670
EOSUSDT,SELL,LIMIT,1701095023214,14.0,0.670
EOSUSDT,SELL,LIMIT,1701095406758,1102.5,0.670
EOSUSDT,SELL,LIMIT,1701095515319,21.3,0.670
EOSUSDT,SELL,LIMIT,1701095532475,3403.9,0.669
EOSUSDT,SELL,LIMIT,1701095538252,8.4,0.669
EOSUSDT,SELL,LIMIT,1701095590091,16.1,0.669
EOSUSDT,SELL,LIMIT,1701095599324,223.7,0.669
EOSUSDT,SELL,LIMIT,1701095611055,346.3,0.669
EOSUSDT,SELL,LIMIT,1701095611937,860.9,0.669
EOSUSDT,SELL,LIMIT,1701095612840,7400.4,0.668
EOSUSDT,SELL,LIMIT,1701096686076,335.1,0.668
EOSUSDT,SELL,LIMIT,1701096716347,324.3,0.668
EOSUSDT,SELL,LIMIT,1701096781972,98.2,0.667
EOSUSDT,SELL,LIMIT,1701096792105,349.2,0.667
EOSUSDT,SELL,LIMIT,1701096794099,672.5,0.667
EOSUSDT,SELL,LIMIT,1701096796877,4209.2,0.667
EOSUSDT,SELL,LIMIT,1701096798002,2730.5,0.667
EOSUSDT,SELL,LIMIT,1701096802170,512.5,0.667
EOSUSDT,SELL,LIMIT,1701096841440,1475.6,0.667
EOSUSDT,SELL,LIMIT,1701096910332,2926.3,0.667
EOSUSDT,SELL,LIMIT,1701096938520,5611.2,0.667
EOSUSDT,SELL,LIMIT,1701096940137,12.6,0.666
EOSUSDT,SELL,LIMIT,1701097010814,78.9,0.666
EOSUSDT,SELL,LIMIT,1701097013704,6000.0,0.666
EOSUSDT,SELL,LIMIT,1701097065878,3922.9,0.666
EOSUSDT,SELL,LIMIT,1701097068136,748.5,0.665
EOSUSDT,SELL,LIMIT,1701097072076,63.0,0.665
EOSUSDT,SELL,LIMIT,1701097085556,3070.5,0.665
EOSUSDT,SELL,LIMIT,1701097088088,14392.4,0.665
EOSUSDT,SELL,LIMIT,1701097089227,140.0,0.665
EOSUSDT,SELL,LIMIT,1701097093390,639.7,0.665
EOSUSDT,SELL,LIMIT,1701097094486,785.5,0.665
EOSUSDT,SELL,LIMIT,1701097096769,446.0,0.664
EOSUSDT,SELL,LIMIT,1701097102045,44.1,0.664
EOSUSDT,SELL,LIMIT,1701097103821,467.2,0.664
EOSUSDT,BUY,LIMIT,1701100052289,12.3,0.638
EOSUSDT,SELL,LIMIT,1701100221293,7.5,0.667
EOSUSDT,SELL,LIMIT,1701100565143,405.2,0.666
EOSUSDT,SELL,LIMIT,1701100566403,10.8,0.666
EOSUSDT,SELL,LIMIT,1701100641153,7244.8,0.664
EOSUSDT,SELL,LIMIT,1701100773836,539.6,0.664
EOSUSDT,SELL,LIMIT,1701100815445,1973.1,0.664
EOSUSDT,SELL,LIMIT,1701101022440,998.8,0.666
EOSUSDT,BUY,LIMIT,1701103640317,74.1,0.678
EOSUSDT,SELL,LIMIT,1701103912894,590.3,0.671
EOSUSDT,BUY,LIMIT,1701104216796,3000.0,0.678
EOSUSDT,BUY,LIMIT,1701105036051,8.4,0.680
EOSUSDT,BUY,LIMIT,1701105134103,972.9,0.681
EOSUSDT,SELL,LIMIT,1701107632302,2722.7,0.669
EOSUSDT,SELL,LIMIT,1701107741648,15.8,0.669
EOSUSDT,SELL,LIMIT,1701112057471,1062.6,0.666
EOSUSDT,SELL,LIMIT,1701112133356,7228.6,0.664
EOSUSDT,SELL,LIMIT,1701112143030,7.5,0.664
EOSUSDT,SELL,LIMIT,1701114163250,8318.1,0.665
EOSUSDT,SELL,LIMIT,1701114212956,33.6,0.664
EOSUSDT,SELL,LIMIT,1701114219680,7440.4,0.664
EOSUSDT,SELL,LIMIT,1701114228448,616.0,0.664
EOSUSDT,SELL,LIMIT,1701114230615,9.9,0.664
EOSUSDT,SELL,LIMIT,1701114233358,286.9,0.663
EOSUSDT,SELL,LIMIT,1701114234905,37.3,0.663
EOSUSDT,SELL,LIMIT,1701114236556,32.5,0.663
EOSUSDT,SELL,LIMIT,1701114238216,14785.5,0.662
EOSUSDT,SELL,LIMIT,1701114263103,110.0,0.662
EOSUSDT,SELL,LIMIT,1701114266890,150.8,0.662
EOSUSDT,SELL,LIMIT,1701114268706,123.7,0.662
EOSUSDT,SELL,LIMIT,1701114352849,11.1,0.661
EOSUSDT,SELL,LIMIT,1701114355568,335.3,0.661
EOSUSDT,SELL,LIMIT,1701114456079,5731.8,0.661
EOSUSDT,SELL,LIMIT,1701114459594,37.0,0.661
EOSUSDT,SELL,LIMIT,1701114462271,1949.5,0.661
EOSUSDT,SELL,LIMIT,1701114463418,2939.7,0.661
EOSUSDT,SELL,LIMIT,1701114471426,2965.1,0.661
EOSUSDT,SELL,LIMIT,1701114474306,2803.1,0.661
EOSUSDT,SELL,LIMIT,1701114475623,8967.1,0.660
EOSUSDT,SELL,LIMIT,1701114476756,4310.3,0.660
EOSUSDT,SELL,LIMIT,1701114489269,19141.2,0.659
EOSUSDT,SELL,LIMIT,1701114491908,2209.1,0.660
EOSUSDT,SELL,LIMIT,1701114500015,7239.3,0.659
EOSUSDT,SELL,LIMIT,1701114504422,140.6,0.659
EOSUSDT,SELL,LIMIT,1701116549702,26.9,0.665
EOSUSDT,BUY,LIMIT,1701121025170,191.8,0.674
EOSUSDT,BUY,LIMIT,1701125806241,8.0,0.675
EOSUSDT,BUY,LIMIT,1701126175231,97.1,0.676
EOSUSDT,BUY,LIMIT,1701127386498,750.3,0.678
EOSUSDT,BUY,LIMIT,1701127480779,54.5,0.678
EOSUSDT,BUY,LIMIT,1701131886486,7541.4,0.680
EOSUSDT,SELL,LIMIT,1701137189079,539.8,0.668
EOSUSDT,SELL,LIMIT,1701137246657,974.4,0.667
EOSUSDT,SELL,LIMIT,1701145607927,50.7,0.668
EOSUSDT,BUY,LIMIT,1701145611067,3417.5,0.672
EOSUSDT,SELL,LIMIT,1701146064640,16.5,0.665
EOSUSDT,SELL,LIMIT,1701147229509,3176.3,0.664
EOSUSDT,SELL,LIMIT,1701147873717,6022.0,0.664
EOSUSDT,SELL,LIMIT,1701147879003,1171.5,0.663
EOSUSDT,SELL,LIMIT,1701147924589,70.7,0.662
EOSUSDT,SELL,LIMIT,1701147941044,31.1,0.662
EOSUSDT,SELL,LIMIT,1701148008711,9999.9,0.662
EOSUSDT,SELL,LIMIT,1701148129760,303.2,0.661
EOSUSDT,SELL,LIMIT,1701148164577,790.7,0.661
EOSUSDT,SELL,LIMIT,1701148200858,725.7,0.660
EOSUSDT,SELL,LIMIT,1701148934443,16.3,0.660
EOSUSDT,SELL,LIMIT,1701148963022,1134.6,0.659
EOSUSDT,SELL,LIMIT,1701148964372,10.0,0.659
EOSUSDT,SELL,LIMIT,1701148966064,20.1,0.659
EOSUSDT,SELL,LIMIT,1701148967199,2077.1,0.659
EOSUSDT,SELL,LIMIT,1701148976510,34267.8,0.657
EOSUSDT,SELL,LIMIT,1701149776105,687.7,0.658
EOSUSDT,SELL,LIMIT,1701149824179,3564.2,0.658
EOSUSDT,SELL,LIMIT,1701149826131,28.9,0.657
EOSUSDT,SELL,LIMIT,1701149828960,268.5,0.657
EOSUSDT,SELL,LIMIT,1701149846525,445.7,0.657
EOSUSDT,SELL,LIMIT,1701149854240,6156.8,0.656
EOSUSDT,SELL,LIMIT,1701149856544,30.9,0.656
EOSUSDT,SELL,LIMIT,1701149880357,22.1,0.655
EOSUSDT,SELL,LIMIT,1701149884855,200.0,0.655
EOSUSDT,SELL,LIMIT,1701149898565,50.0,0.655
EOSUSDT,SELL,LIMIT,1701149901526,7.6,0.655
EOSUSDT,SELL,LIMIT,1701151273267,35.2,0.656
EOSUSDT,BUY,LIMIT,1701154500319,10.4,0.669
EOSUSDT,SELL,LIMIT,1701156398367,1380.8,0.665
EOSUSDT,BUY,LIMIT,1701164282206,74.6,0.677
EOSUSDT,BUY,LIMIT,1701164332486,74.2,0.677
EOSUSDT,BUY,LIMIT,1701164356004,7.5,0.677
EOSUSDT,BUY,LIMIT,1701164400086,190.3,0.678
EOSUSDT,BUY,LIMIT,1701165023592,40.3,0.679
EOSUSDT,BUY,LIMIT,1701170338198,4477.6,0.676
EOSUSDT,BUY,LIMIT,1701171726948,1053.7,0.679
EOSUSDT,BUY,LIMIT,1701172073110,2690.0,0.679
EOSUSDT,BUY,LIMIT,1701172366415,1042.6,0.679
EOSUSDT,BUY,LIMIT,1701172552683,514.9,0.680
EOSUSDT,BUY,LIMIT,1701172589145,21.2,0.680
EOSUSDT,SELL,LIMIT,1701173991043,223.8,0.667
EOSUSDT,SELL,LIMIT,1701173996525,62.7,0.666
EOSUSDT,SELL,LIMIT,1701176674319,177.2,0.665
EOSUSDT,BUY,LIMIT,1701177424988,1114.4,0.672
EOSUSDT,BUY,LIMIT,1701179766895,1590.5,0.677
EOSUSDT,BUY,LIMIT,1701179953453,89.5,0.678
EOSUSDT,BUY,LIMIT,1701180058152,1241.9,0.679
EOSUSDT,SELL,LIMIT,1701185485113,224.1,0.668
EOSUSDT,BUY,LIMIT,1701187271322,716.1,0.678
EOSUSDT,BUY,LIMIT,1701189810123,949.7,0.680
EOSUSDT,BUY,LIMIT,1701189814875,412.6,0.680
EOSUSDT,BUY,LIMIT,1701189820371,6726.4,0.679
EOSUSDT,BUY,LIMIT,1701189826206,216.7,0.681
EOSUSDT,BUY,LIMIT,1701190349838,1341.1,0.682
EOSUSDT,BUY,LIMIT,1701190364209,332.2,0.683
EOSUSDT,BUY,LIMIT,1701191615730,805.6,0.684
EOSUSDT,BUY,LIMIT,1701192015256,62.5,0.685
EOSUSDT,BUY,LIMIT,1701192023909,1746.0,0.685
EOSUSDT,BUY,LIMIT,1701192035250,826.8,0.686
EOSUSDT,BUY,LIMIT,1701192067356,205.5,0.686
EOSUSDT,BUY,LIMIT,1701192072963,386.3,0.686
EOSUSDT,BUY,LIMIT,1701192091913,24.7,0.686
EOSUSDT,BUY,LIMIT,1701192152258,725.7,0.686
EOSUSDT,BUY,LIMIT,1701192155041,66.7,0.687
EOSUSDT,BUY,LIMIT,1701197856559,173.6,0.683
EOSUSDT,SELL,LIMIT,1701211848366,7.4,0.675
EOSUSDT,SELL,LIMIT,1701211851171,43.9,0.674
EOSUSDT,SELL,LIMIT,1701211905144,25.5,0.674
EOSUSDT,SELL,LIMIT,1701211908163,550.5,0.674
EOSUSDT,SELL,LIMIT,1701211969428,2592.1,0.673
EOSUSDT,SELL,LIMIT,1701211972376,26.3,0.673
EOSUSDT,BUY,LIMIT,1701213412253,770.4,0.682
EOSUSDT,SELL,LIMIT,1701214624483,937.1,0.685
EOSUSDT,SELL,LIMIT,1701214736803,62.9,0.673
EOSUSDT,SELL,LIMIT,1701216856811,107.7,0.672
EOSUSDT,SELL,LIMIT,1701216951878,55.4,0.672
EOSUSDT,BUY,LIMIT,1701239346009,118.6,0.681
EOSUSDT,BUY,LIMIT,1701240715550,175.7,0.685
EOSUSDT,BUY,LIMIT,1701243890952,74.6,0.684
EOSUSDT,SELL,LIMIT,1701245092362,738.5,0.679
EOSUSDT,SELL,LIMIT,1701245404000,17.5,0.679
EOSUSDT,BUY,LIMIT,1701247302298,8.3,0.687
EOSUSDT,BUY,LIMIT,1701247355129,175.4,0.687
EOSUSDT,BUY,LIMIT,1701247754234,9.0,0.688
EOSUSDT,BUY,LIMIT,1701247929963,585.9,0.689
EOSUSDT,BUY,LIMIT,1701248153190,268.0,0.689
EOSUSDT,BUY,LIMIT,1701248346028,136.7,0.689
EOSUSDT,BUY,LIMIT,1701248718198,38.9,0.689
EOSUSDT,SELL,LIMIT,1701253169861,107.1,0.677
EOSUSDT,SELL,LIMIT,1701253674328,199.5,0.675
EOSUSDT,SELL,LIMIT,1701253717082,6335.2,0.675
EOSUSDT,SELL,LIMIT,1701253720166,4143.7,0.675
EOSUSDT,SELL,LIMIT,1701253721332,587.2,0.675
EOSUSDT,SELL,LIMIT,1701254058733,96.8,0.675
EOSUSDT,SELL,LIMIT,1701254066233,245.3,0.674
EOSUSDT,SELL,LIMIT,1701254295196,7378.0,0.674
EOSUSDT,SELL,LIMIT,1701254360138,9.0,0.673
EOSUSDT,SELL,LIMIT,1701254367303,82.1,0.673
EOSUSDT,SELL,LIMIT,1701254405925,204.7,0.673
EOSUSDT,SELL,LIMIT,1701254412245,2505.8,0.672
EOSUSDT,SELL,LIMIT,1701254415220,36.6,0.672
EOSUSDT,SELL,LIMIT,1701254417149,459.2,0.672
EOSUSDT,BUY,LIMIT,1701254418157,34.4,0.674
EOSUSDT,SELL,LIMIT,1701254423154,697.3,0.671
EOSUSDT,SELL,LIMIT,1701254661853,8.4,0.671
EOSUSDT,SELL,LIMIT,1701254686607,742.1,0.671
EOSUSDT,SELL,LIMIT,1701254696217,957.2,0.671
EOSUSDT,SELL,LIMIT,1701254698137,366.4,0.670
EOSUSDT,SELL,LIMIT,1701262893273,1474.9,0.674
EOSUSDT,SELL,LIMIT,1701264045511,1122.7,0.678
EOSUSDT,BUY,LIMIT,1701266866568,119.8,0.686
EOSUSDT,SELL,LIMIT,1701268441336,952.6,0.674
EOSUSDT,SELL,LIMIT,1701268453079,7.5,0.678
EOSUSDT,SELL,LIMIT,1701269150792,39.1,0.673
EOSUSDT,SELL,LIMIT,1701270337819,580.8,0.674
EOSUSDT,SELL,LIMIT,1701270409817,33.4,0.673
EOSUSDT,SELL,LIMIT,1701270440178,51.2,0.673
EOSUSDT,SELL,LIMIT,1701270448760,799.6,0.672
EOSUSDT,SELL,LIMIT,1701270573211,5865.1,0.671
EOSUSDT,SELL,LIMIT,1701270585135,295.3,0.670
EOSUSDT,SELL,LIMIT,1701270589335,313.3,0.670
EOSUSDT,SELL,LIMIT,1701270592105,7.5,0.670
EOSUSDT,SELL,LIMIT,1701270616993,530.0,0.669
EOSUSDT,SELL,LIMIT,1701270618215,4282.0,0.669
EOSUSDT,SELL,LIMIT,1701270620373,280.0,0.669
EOSUSDT,SELL,LIMIT,1701270636939,1053.2,0.669
EOSUSDT,BUY,LIMIT,1701273094441,2319.7,0.681
EOSUSDT,BUY,LIMIT,1701280598561,56.6,0.685
EOSUSDT,SELL,LIMIT,1701283763511,1110.9,0.693
EOSUSDT,BUY,LIMIT,1701283862065,10.2,0.685
EOSUSDT,SELL,LIMIT,1701284489716,8.9,0.678
EOSUSDT,SELL,LIMIT,1701284835312,8.9,0.678
EOSUSDT,SELL,LIMIT,1701284836488,8.9,0.678
EOSUSDT,SELL,LIMIT,1701284927460,8.9,0.679
EOSUSDT,SELL,LIMIT,1701284957010,8.9,0.679
EOSUSDT,SELL,LIMIT,1701284958110,8.9,0.679
EOSUSDT,BUY,LIMIT,1701284959257,9.0,0.685
EOSUSDT,SELL,LIMIT,1701284960290,8.9,0.679
EOSUSDT,BUY,LIMIT,1701284982401,9.0,0.685
EOSUSDT,BUY,LIMIT,1701285029778,8.5,0.685
EOSUSDT,BUY,LIMIT,1701285040276,1710.5,0.686
EOSUSDT,SELL,LIMIT,1701285433084,8.9,0.679
EOSUSDT,SELL,LIMIT,1701285446261,8.9,0.679
EOSUSDT,BUY,LIMIT,1701285469584,343.5,0.686
EOSUSDT,SELL,LIMIT,1701285652653,8.9,0.679
EOSUSDT,SELL,LIMIT,1701285843118,8.9,0.678
EOSUSDT,SELL,LIMIT,1701286336147,8.9,0.679
EOSUSDT,SELL,LIMIT,1701286364472,8.9,0.679
EOSUSDT,BUY,LIMIT,1701286367253,8.9,0.684
EOSUSDT,SELL,LIMIT,1701286385539,8.9,0.679
EOSUSDT,BUY,LIMIT,1701288089857,13.4,0.687
EOSUSDT,SELL,LIMIT,1701288287798,37.5,0.679
EOSUSDT,SELL,LIMIT,1701288564698,8.9,0.679
EOSUSDT,SELL,LIMIT,1701288694182,8.9,0.679
EOSUSDT,BUY,LIMIT,1701288739250,8.9,0.685
EOSUSDT,SELL,LIMIT,1701288745634,8.9,0.679
EOSUSDT,BUY,LIMIT,1701289579166,9.0,0.684
EOSUSDT,SELL,LIMIT,1701289623095,8.9,0.678
EOSUSDT,SELL,LIMIT,1701289625921,8.9,0.678
EOSUSDT,SELL,LIMIT,1701289674882,8.9,0.678
EOSUSDT,BUY,LIMIT,1701289697466,8.9,0.683
EOSUSDT,SELL,LIMIT,1701290339476,8.9,0.676
EOSUSDT,SELL,LIMIT,1701290351338,8.9,0.675
EOSUSDT,SELL,LIMIT,1701290355105,7309.9,0.675
EOSUSDT,SELL,LIMIT,1701291123956,8.9,0.676
EOSUSDT,BUY,LIMIT,1701299463742,9.0,0.683
EOSUSDT,BUY,LIMIT,1701304079552,9.0,0.683
EOSUSDT,BUY,LIMIT,1701304567306,9.0,0.685
EOSUSDT,SELL,LIMIT,1701304608300,8.9,0.678
EOSUSDT,SELL,LIMIT,1701304737255,8.9,0.677
EOSUSDT,SELL,LIMIT,1701304842339,8.9,0.676
EOSUSDT,SELL,LIMIT,1701304849801,8.9,0.677
EOSUSDT,SELL,LIMIT,1701304904480,17.7,0.677
EOSUSDT,BUY,LIMIT,1701305680039,9.0,0.685
EOSUSDT,BUY,LIMIT,1701305918622,8.9,0.683
EOSUSDT,SELL,LIMIT,1701306081152,8.9,0.676
EOSUSDT,SELL,LIMIT,1701306426593,8.9,0.674
EOSUSDT,BUY,LIMIT,1701306433967,9.0,0.679
EOSUSDT,SELL,LIMIT,1701310276696,8.6,0.675
EOSUSDT,SELL,LIMIT,1701310942046,7300.0,0.673
EOSUSDT,SELL,LIMIT,1701310947659,538.8,0.673
EOSUSDT,SELL,LIMIT,1701310972876,516.7,0.672
EOSUSDT,BUY,LIMIT,1701312085011,172.3,0.683
EOSUSDT,SELL,LIMIT,1701315738437,292.8,0.677
EOSUSDT,SELL,LIMIT,1701321061799,14.2,0.674
EOSUSDT,SELL,LIMIT,1701321701643,8.9,0.674
EOSUSDT,SELL,LIMIT,1701321909084,158.7,0.673
EOSUSDT,SELL,LIMIT,1701327053713,458.5,0.672
EOSUSDT,SELL,LIMIT,1701329013769,111.7,0.672
EOSUSDT,SELL,LIMIT,1701329027727,514.9,0.672
EOSUSDT,SELL,LIMIT,1701330109073,696.6,0.671
EOSUSDT,SELL,LIMIT,1701330200203,3703.2,0.671
EOSUSDT,SELL,LIMIT,1701330245943,24.0,0.671
EOSUSDT,SELL,LIMIT,1701331647440,1000.0,0.670
EOSUSDT,SELL,LIMIT,1701333485941,7.5,0.671
EOSUSDT,SELL,LIMIT,1701333554557,8.9,0.669
EOSUSDT,SELL,LIMIT,1701333556619,85.3,0.669
EOSUSDT,SELL,LIMIT,1701333729021,11.3,0.668
EOSUSDT,SELL,LIMIT,1701333734291,59.9,0.668
EOSUSDT,SELL,LIMIT,1701338564468,8.9,0.670
EOSUSDT,BUY,LIMIT,1701344121686,93.4,0.681
EOSUSDT,BUY,LIMIT,1701345547198,756.0,0.683
EOSUSDT,SELL,LIMIT,1701351190195,17.5,0.674
EOSUSDT,SELL,LIMIT,1701353010865,7360.0,0.670
EOSUSDT,SELL,LIMIT,1701353016248,63.9,0.669
EOSUSDT,SELL,LIMIT,1701355333581,18.2,0.669
EOSUSDT,BUY,LIMIT,1701363908272,176.4,0.681
EOSUSDT,BUY,LIMIT,1701369248733,65.7,0.684
EOSUSDT,BUY,LIMIT,1701382394028,2260.9,0.684
EOSUSDT,SELL,LIMIT,1701387475736,7363.7,0.677
EOSUSDT,SELL,LIMIT,1701390383925,7242.6,0.673
EOSUSDT,SELL,LIMIT,1701390635129,18.8,0.671
EOSUSDT,SELL,LIMIT,1701392556196,96.5,0.671
EOSUSDT,SELL,LIMIT,1701392557721,216.6,0.671
EOSUSDT,BUY,LIMIT,1701393876271,2195.9,0.681
EOSUSDT,BUY,LIMIT,1701394247500,23188.0,0.686
EOSUSDT,BUY,LIMIT,1701396014261,70.0,0.685
EOSUSDT,BUY,LIMIT,1701397390842,7.4,0.685
EOSUSDT,BUY,LIMIT,1701398663102,4439.9,0.685
EOSUSDT,SELL,LIMIT,1701400204066,200.0,0.678
EOSUSDT,BUY,LIMIT,1701401685194,294.2,0.685
EOSUSDT,BUY,LIMIT,1701405515309,8.1,0.685
EOSUSDT,BUY,LIMIT,1701414532485,566.2,0.684
EOSUSDT,SELL,LIMIT,1701422230136,139.9,0.681
EOSUSDT,BUY,LIMIT,1701422667411,2225.0,0.688
EOSUSDT,BUY,LIMIT,1701424755391,359.2,0.689
EOSUSDT,BUY,LIMIT,1701424824207,748.3,0.689
EOSUSDT,SELL,LIMIT,1701424942748,309.5,0.683
