Symbol,Side,Order Type,Time,Quantity,Price
ETCUSDT,SELL,LIMIT,1701068248632,18.98,18.607
ETCUSDT,SELL,LIMIT,1701068288235,265.07,18.603
ETCUSDT,SELL,LIMIT,1701068371214,40.81,18.593
ETCUSDT,SELL,LIMIT,1701069517275,65.63,18.585
ETCUSDT,SELL,LIMIT,1701069548056,1.07,18.571
ETCUSDT,SELL,LIMIT,1701069554475,80.45,18.565
ETCUSDT,SELL,LIMIT,1701069574012,10.61,18.563
ETCUSDT,SELL,LIMIT,1701069598256,159.21,18.558
ETCUSDT,SELL,LIMIT,1701069640945,3.15,18.542
ETCUSDT,SELL,LIMIT,1701069651710,26.58,18.567
ETCUSDT,SELL,LIMIT,1701069804900,23.94,18.540
ETCUSDT,SELL,LIMIT,1701069814513,266.26,18.532
ETCUSDT,SELL,LIMIT,1701069856895,1077.26,18.462
ETCUSDT,SELL,LIMIT,1701069882589,1.55,18.494
ETCUSDT,SELL,LIMIT,1701069895344,15.66,18.513
ETCUSDT,SELL,LIMIT,1701069901297,15.24,18.479
ETCUSDT,SELL,LIMIT,1701069911088,4.38,18.473
ETCUSDT,SELL,LIMIT,1701069913065,5.32,18.471
ETCUSDT,SELL,LIMIT,1701069916354,13.83,18.471
ETCUSDT,SELL,LIMIT,1701070174167,3.00,18.470
ETCUSDT,SELL,LIMIT,1701070438299,666.00,18.470
ETCUSDT,SELL,LIMIT,1701070440196,2.07,18.479
ETCUSDT,SELL,LIMIT,1701073976299,41.13,18.678
ETCUSDT,BUY,LIMIT,1701077399082,0.04,18.791
ETCUSDT,SELL,LIMIT,1701080756120,44.53,18.502
ETCUSDT,SELL,LIMIT,1701080849773,4.00,18.492
ETCUSDT,SELL,LIMIT,1701081199240,6.63,18.466
ETCUSDT,SELL,LIMIT,1701081210411,9.57,18.460
ETCUSDT,SELL,LIMIT,1701081328181,2.64,18.454
ETCUSDT,SELL,LIMIT,1701081329395,4.80,18.446
ETCUSDT,SELL,LIMIT,1701081436072,3.13,18.446
ETCUSDT,SELL,LIMIT,1701081437168,6.30,18.444
ETCUSDT,SELL,LIMIT,1701081438209,50.59,18.441
ETCUSDT,SELL,LIMIT,1701081444164,70.17,18.434
ETCUSDT,SELL,LIMIT,1701081448172,4.56,18.430
ETCUSDT,SELL,LIMIT,1701081452506,3.74,18.423
ETCUSDT,SELL,LIMIT,1701081458060,21.43,18.437
ETCUSDT,SELL,LIMIT,1701081460582,1.86,18.422
ETCUSDT,SELL,LIMIT,1701081488545,6.24,18.415
ETCUSDT,SELL,LIMIT,1701081579490,3.99,18.412
ETCUSDT,SELL,LIMIT,1701081605793,271.59,18.409
ETCUSDT,SELL,LIMIT,1701082019781,11.75,18.418
ETCUSDT,SELL,LIMIT,1701082118148,10.37,18.407
ETCUSDT,SELL,LIMIT,1701082123188,75.38,18.395
ETCUSDT,SELL,LIMIT,1701082675106,10.29,18.394
ETCUSDT,SELL,LIMIT,1701082684033,4.93,18.384
ETCUSDT,SELL,LIMIT,1701082685151,27.40,18.383
ETCUSDT,SELL,LIMIT,1701082686822,25.97,18.382
ETCUSDT,SELL,LIMIT,1701082692675,1.05,18.387
ETCUSDT,SELL,LIMIT,1701082694217,485.98,18.357
ETCUSDT,SELL,LIMIT,1701082699301,15.14,18.357
ETCUSDT,SELL,LIMIT,1701082700332,73.00,18.353
ETCUSDT,SELL,LIMIT,1701082702275,101.61,18.350
ETCUSDT,SELL,LIMIT,1701082704051,10.36,18.344
ETCUSDT,SELL,LIMIT,1701082726341,21.00,18.341
ETCUSDT,SELL,LIMIT,1701087398723,41.07,18.489
ETCUSDT,SELL,LIMIT,1701093137264,50.96,18.356
ETCUSDT,SELL,LIMIT,1701095511872,1.20,18.700
ETCUSDT,SELL,LIMIT,1701095515200,1.17,18.371
ETCUSDT,SELL,LIMIT,1701095553247,31.03,18.338
ETCUSDT,SELL,LIMIT,1701095554979,98.41,18.333
ETCUSDT,SELL,LIMIT,1701095563705,3.21,18.323
ETCUSDT,SELL,LIMIT,1701095565452,1.92,18.321
ETCUSDT,SELL,LIMIT,1701095577264,27.82,18.320
ETCUSDT,SELL,LIMIT,1701095612479,3.13,18.329
ETCUSDT,SELL,LIMIT,1701096728464,5.43,18.310
ETCUSDT,SELL,LIMIT,1701096732285,246.84,18.305
ETCUSDT,SELL,LIMIT,1701096737227,6.33,18.302
ETCUSDT,SELL,LIMIT,1701096812199,45.07,18.300
ETCUSDT,SELL,LIMIT,1701096815042,67.65,18.295
ETCUSDT,SELL,LIMIT,1701096834069,1.31,18.664
ETCUSDT,SELL,LIMIT,1701096835267,3.17,18.454
ETCUSDT,SELL,LIMIT,1701096841045,2.57,18.405
ETCUSDT,SELL,LIMIT,1701096964313,1.16,18.286
ETCUSDT,SELL,LIMIT,1701097008411,132.64,18.281
ETCUSDT,SELL,LIMIT,1701097019340,33.92,18.276
ETCUSDT,SELL,LIMIT,1701097034007,9.70,18.268
ETCUSDT,SELL,LIMIT,1701097043125,1.84,18.257
ETCUSDT,SELL,LIMIT,1701097046470,2.57,18.247
ETCUSDT,SELL,LIMIT,1701097063989,18.65,18.244
ETCUSDT,SELL,LIMIT,1701097083924,63.63,18.235
ETCUSDT,SELL,LIMIT,1701097088366,95.57,18.231
ETCUSDT,SELL,LIMIT,1701097098439,510.00,18.218
ETCUSDT,SELL,LIMIT,1701097100054,530.50,18.217
ETCUSDT,SELL,LIMIT,1701100127017,54.41,18.307
ETCUSDT,SELL,LIMIT,1701100132126,48.84,18.300
ETCUSDT,SELL,LIMIT,1701100221293,1.13,18.265
ETCUSDT,SELL,LIMIT,1701100573173,0.24,18.347
ETCUSDT,SELL,LIMIT,1701100588604,103.22,18.238
ETCUSDT,SELL,LIMIT,1701100608302,34.06,18.216
ETCUSDT,SELL,LIMIT,1701100638736,35.28,18.211
ETCUSDT,SELL,LIMIT,1701100640468,3.25,18.188
ETCUSDT,SELL,LIMIT,1701100781198,5.01,18.232
ETCUSDT,SELL,LIMIT,1701100815015,92.00,18.186
ETCUSDT,SELL,LIMIT,1701101007837,0.49,18.231
ETCUSDT,SELL,LIMIT,1701102148264,10.00,18.297
ETCUSDT,BUY,LIMIT,1701103546234,56.01,18.623
ETCUSDT,BUY,LIMIT,1701104967916,1.09,18.658
ETCUSDT,BUY,LIMIT,1701104987177,80.00,18.661
ETCUSDT,SELL,LIMIT,1701107780245,150.00,18.349
ETCUSDT,SELL,LIMIT,1701111880089,4.52,18.305
ETCUSDT,SELL,LIMIT,1701112008990,19.49,18.290
ETCUSDT,SELL,LIMIT,1701112055316,1.17,18.277
ETCUSDT,SELL,LIMIT,1701112143030,1.13,18.259
ETCUSDT,SELL,LIMIT,1701114162425,10.86,18.235
ETCUSDT,SELL,LIMIT,1701114163534,1.35,18.229
ETCUSDT,SELL,LIMIT,1701114228448,20.90,18.214
ETCUSDT,SELL,LIMIT,1701114232632,3.55,18.203
ETCUSDT,SELL,LIMIT,1701114233754,4.42,18.179
ETCUSDT,SELL,LIMIT,1701114234764,328.04,18.175
ETCUSDT,SELL,LIMIT,1701114236447,186.21,18.172
ETCUSDT,SELL,LIMIT,1701114238198,5.41,18.166
ETCUSDT,SELL,LIMIT,1701114239460,184.97,18.152
ETCUSDT,SELL,LIMIT,1701114264016,1.36,18.151
ETCUSDT,SELL,LIMIT,1701114344368,5.60,18.145
ETCUSDT,SELL,LIMIT,1701114352849,0.40,18.141
ETCUSDT,SELL,LIMIT,1701114355866,375.78,18.136
ETCUSDT,SELL,LIMIT,1701114358433,1.07,18.133
ETCUSDT,SELL,LIMIT,1701114462270,116.69,18.144
ETCUSDT,SELL,LIMIT,1701114474588,32.92,18.128
ETCUSDT,SELL,LIMIT,1701114476256,2.00,18.119
ETCUSDT,SELL,LIMIT,1701114477456,3.52,18.111
ETCUSDT,SELL,LIMIT,1701114478556,198.61,18.103
ETCUSDT,SELL,LIMIT,1701114479787,20.66,18.096
ETCUSDT,SELL,LIMIT,1701114493482,2.39,18.089
ETCUSDT,SELL,LIMIT,1701114494762,13.76,18.082
ETCUSDT,SELL,LIMIT,1701114496126,1.48,18.072
ETCUSDT,SELL,LIMIT,1701114498633,165.98,18.067
ETCUSDT,SELL,LIMIT,1701114500873,465.83,18.054
ETCUSDT,SELL,LIMIT,1701114502188,65.05,18.058
ETCUSDT,SELL,LIMIT,1701114570296,0.01,18.077
ETCUSDT,BUY,LIMIT,1701119923422,273.97,18.489
ETCUSDT,BUY,LIMIT,1701120695044,7.23,18.514
ETCUSDT,BUY,LIMIT,1701126616130,18.83,18.628
ETCUSDT,BUY,LIMIT,1701127386498,3.76,18.630
ETCUSDT,BUY,LIMIT,1701128426166,44.60,18.666
ETCUSDT,BUY,LIMIT,1701128506061,64.79,18.669
ETCUSDT,BUY,LIMIT,1701131585361,1.58,18.693
ETCUSDT,SELL,LIMIT,1701146059451,8.51,18.328
ETCUSDT,SELL,LIMIT,1701147918027,40.00,18.243
ETCUSDT,SELL,LIMIT,1701147952797,65.63,18.226
ETCUSDT,SELL,LIMIT,1701148008950,3.28,18.210
ETCUSDT,SELL,LIMIT,1701148133653,43.57,18.185
ETCUSDT,SELL,LIMIT,1701148136233,5.05,18.177
ETCUSDT,SELL,LIMIT,1701148173199,9.04,18.169
ETCUSDT,SELL,LIMIT,1701148260057,15.00,18.140
ETCUSDT,SELL,LIMIT,1701149838165,1.17,18.136
ETCUSDT,SELL,LIMIT,1701149846525,16.18,18.124
ETCUSDT,SELL,LIMIT,1701149854519,2.81,18.120
ETCUSDT,SELL,LIMIT,1701149879946,240.68,18.108
ETCUSDT,SELL,LIMIT,1701149892245,269.90,18.097
ETCUSDT,SELL,LIMIT,1701151263534,80.98,18.108
ETCUSDT,SELL,LIMIT,1701151270763,10.00,18.105
ETCUSDT,BUY,LIMIT,1701154373638,10.26,18.452
ETCUSDT,SELL,LIMIT,1701155319443,1.10,18.313
ETCUSDT,SELL,LIMIT,1701156874928,14.05,18.233
ETCUSDT,SELL,LIMIT,1701157029190,3.88,18.225
ETCUSDT,BUY,LIMIT,1701164387786,5.98,18.513
ETCUSDT,BUY,LIMIT,1701168066826,29.78,18.572
ETCUSDT,BUY,LIMIT,1701169149695,272.77,18.611
ETCUSDT,BUY,LIMIT,1701170882379,162.89,18.662
ETCUSDT,BUY,LIMIT,1701171167453,2.58,18.673
ETCUSDT,BUY,LIMIT,1701172073110,103.12,18.675
ETCUSDT,BUY,LIMIT,1701179708720,40.33,18.707
ETCUSDT,BUY,LIMIT,1701179710792,27.00,18.710
ETCUSDT,BUY,LIMIT,1701180524408,134.77,18.653
ETCUSDT,BUY,LIMIT,1701182364233,40.58,18.726
ETCUSDT,BUY,LIMIT,1701186204948,1.45,18.740
ETCUSDT,BUY,LIMIT,1701186970970,33.54,18.686
ETCUSDT,SELL,LIMIT,1701187244896,18.73,18.567
ETCUSDT,BUY,LIMIT,1701187271248,34.33,18.889
ETCUSDT,BUY,LIMIT,1701187272253,272.65,18.754
ETCUSDT,BUY,LIMIT,1701187279335,3.77,18.933
ETCUSDT,BUY,LIMIT,1701187497128,49.17,18.957
ETCUSDT,BUY,LIMIT,1701187526624,37.48,18.962
ETCUSDT,BUY,LIMIT,1701187535300,6.48,18.965
ETCUSDT,BUY,LIMIT,1701189604747,208.22,18.959
ETCUSDT,BUY,LIMIT,1701189659098,22.57,18.971
ETCUSDT,BUY,LIMIT,1701189682407,2.15,18.976
ETCUSDT,BUY,LIMIT,1701189800332,27.08,18.981
ETCUSDT,BUY,LIMIT,1701189802806,2.29,18.985
ETCUSDT,BUY,LIMIT,1701189813081,2.71,18.995
ETCUSDT,BUY,LIMIT,1701189813952,1.45,18.996
ETCUSDT,BUY,LIMIT,1701189816200,32.49,19.007
ETCUSDT,BUY,LIMIT,1701189820564,16.32,19.009
ETCUSDT,BUY,LIMIT,1701189823284,199.89,19.016
ETCUSDT,BUY,LIMIT,1701190958127,10.01,19.035
ETCUSDT,BUY,LIMIT,1701190962138,33.27,19.039
ETCUSDT,BUY,LIMIT,1701192059256,20.75,19.049
ETCUSDT,BUY,LIMIT,1701192066069,6.75,19.053
ETCUSDT,BUY,LIMIT,1701192068157,108.73,19.062
ETCUSDT,BUY,LIMIT,1701192069217,108.22,19.063
ETCUSDT,BUY,LIMIT,1701192087711,50.75,19.071
ETCUSDT,BUY,LIMIT,1701196216223,1.47,18.998
ETCUSDT,SELL,LIMIT,1701197404409,3.83,18.756
ETCUSDT,BUY,LIMIT,1701197853681,5.31,18.944
ETCUSDT,BUY,LIMIT,1701197856559,4.68,18.939
ETCUSDT,BUY,LIMIT,1701202786917,40.04,18.992
ETCUSDT,SELL,LIMIT,1701209124584,15.37,18.739
ETCUSDT,SELL,LIMIT,1701211848366,1.11,18.717
ETCUSDT,BUY,LIMIT,1701213412253,27.53,18.950
ETCUSDT,BUY,LIMIT,1701243890952,2.69,18.979
ETCUSDT,BUY,LIMIT,1701247606957,22.19,19.093
ETCUSDT,BUY,LIMIT,1701247643317,4.04,19.107
ETCUSDT,BUY,LIMIT,1701247816365,1.67,19.112
ETCUSDT,BUY,LIMIT,1701247819653,8.02,19.120
ETCUSDT,BUY,LIMIT,1701247930825,264.66,19.136
ETCUSDT,BUY,LIMIT,1701248153190,9.62,19.130
ETCUSDT,BUY,LIMIT,1701248261681,10.42,19.127
ETCUSDT,BUY,LIMIT,1701248346028,5.08,19.109
ETCUSDT,BUY,LIMIT,1701248569937,58.02,19.138
ETCUSDT,BUY,LIMIT,1701248722292,62.93,19.135
ETCUSDT,BUY,LIMIT,1701248730699,2.65,19.148
ETCUSDT,BUY,LIMIT,1701248782607,13.71,19.155
ETCUSDT,BUY,LIMIT,1701248825077,7.95,19.147
ETCUSDT,SELL,LIMIT,1701250279496,17.56,18.842
ETCUSDT,SELL,LIMIT,1701253674780,77.57,18.782
ETCUSDT,SELL,LIMIT,1701254000269,5.25,18.776
ETCUSDT,SELL,LIMIT,1701254011515,31.15,18.765
ETCUSDT,SELL,LIMIT,1701254339503,2.10,18.731
ETCUSDT,SELL,LIMIT,1701254360733,53.44,18.725
ETCUSDT,SELL,LIMIT,1701254430338,6.32,18.695
ETCUSDT,SELL,LIMIT,1701254647098,10.54,18.687
ETCUSDT,SELL,LIMIT,1701254686331,3.15,18.677
ETCUSDT,SELL,LIMIT,1701254691711,16.18,18.675
ETCUSDT,SELL,LIMIT,1701254705763,21.15,18.665
ETCUSDT,SELL,LIMIT,1701258361273,2.97,18.654
ETCUSDT,SELL,LIMIT,1701258982978,2.64,18.652
ETCUSDT,SELL,LIMIT,1701260355393,15.66,18.637
ETCUSDT,SELL,LIMIT,1701264045511,1.29,18.680
ETCUSDT,SELL,LIMIT,1701268327148,262.68,18.635
ETCUSDT,SELL,LIMIT,1701268357228,2.64,18.621
ETCUSDT,SELL,LIMIT,1701268376290,183.33,18.610
ETCUSDT,SELL,LIMIT,1701268377399,1.45,18.610
ETCUSDT,SELL,LIMIT,1701268442263,109.14,18.595
ETCUSDT,SELL,LIMIT,1701268443569,37.53,18.588
ETCUSDT,SELL,LIMIT,1701268445536,10.65,18.587
ETCUSDT,SELL,LIMIT,1701268453079,1.11,18.585
ETCUSDT,SELL,LIMIT,1701269268560,29.93,18.569
ETCUSDT,SELL,LIMIT,1701269295453,1.48,18.566
ETCUSDT,SELL,LIMIT,1701270437890,2.70,18.551
ETCUSDT,SELL,LIMIT,1701270442331,77.48,18.540
ETCUSDT,SELL,LIMIT,1701270448336,1.32,18.540
ETCUSDT,SELL,LIMIT,1701270573304,3.60,18.512
ETCUSDT,SELL,LIMIT,1701270575981,1.59,18.505
ETCUSDT,SELL,LIMIT,1701270582574,110.66,18.497
ETCUSDT,SELL,LIMIT,1701270583686,5.69,18.494
ETCUSDT,SELL,LIMIT,1701270613957,12.36,18.488
ETCUSDT,SELL,LIMIT,1701270615572,9.42,18.486
ETCUSDT,SELL,LIMIT,1701270617483,265.29,18.479
ETCUSDT,SELL,LIMIT,1701270764642,2.13,18.472
ETCUSDT,BUY,LIMIT,1701273832902,1.63,18.800
ETCUSDT,BUY,LIMIT,1701280155356,4.14,18.804
ETCUSDT,BUY,LIMIT,1701283764376,6.97,18.755
ETCUSDT,BUY,LIMIT,1701283811433,146.29,18.833
ETCUSDT,BUY,LIMIT,1701284959290,127.53,18.864
ETCUSDT,SELL,LIMIT,1701288287798,0.65,18.670
ETCUSDT,SELL,LIMIT,1701290151221,6.04,18.601
ETCUSDT,SELL,LIMIT,1701292014233,5.00,18.558
ETCUSDT,BUY,LIMIT,1701297269191,265.55,18.825
ETCUSDT,SELL,LIMIT,1701306252956,34.50,18.551
ETCUSDT,SELL,LIMIT,1701306426219,15.49,18.536
ETCUSDT,BUY,LIMIT,1701316121077,193.23,18.873
ETCUSDT,SELL,LIMIT,1701328281392,2.45,18.597
ETCUSDT,SELL,LIMIT,1701331639625,2.08,18.508
ETCUSDT,SELL,LIMIT,1701331664259,44.01,18.507
ETCUSDT,SELL,LIMIT,1701331665640,24.88,18.503
ETCUSDT,SELL,LIMIT,1701331755780,1.13,18.500
ETCUSDT,SELL,LIMIT,1701331841403,266.40,18.498
ETCUSDT,SELL,LIMIT,1701331884766,7.52,18.496
ETCUSDT,SELL,LIMIT,1701332366800,30.17,18.492
ETCUSDT,SELL,LIMIT,1701332475906,2.66,18.488
ETCUSDT,SELL,LIMIT,1701333453930,1.14,18.479
ETCUSDT,SELL,LIMIT,1701333457527,3.50,18.476
ETCUSDT,SELL,LIMIT,1701333467251,1.12,18.475
ETCUSDT,SELL,LIMIT,1701333485941,1.12,18.471
ETCUSDT,SELL,LIMIT,1701333558218,112.30,18.451
ETCUSDT,SELL,LIMIT,1701333673638,116.11,18.450
ETCUSDT,SELL,LIMIT,1701348356640,129.20,18.586
ETCUSDT,SELL,LIMIT,1701352508943,52.92,18.484
ETCUSDT,SELL,LIMIT,1701353012317,17.29,18.444
ETCUSDT,SELL,LIMIT,1701353014514,1.28,18.442
ETCUSDT,SELL,LIMIT,1701353050294,45.02,18.430
ETCUSDT,SELL,LIMIT,1701353053103,4.49,18.429
ETCUSDT,SELL,LIMIT,1701353054325,32.47,18.427
ETCUSDT,SELL,LIMIT,1701353203067,7.76,18.421
ETCUSDT,SELL,LIMIT,1701389240179,17.13,18.565
ETCUSDT,SELL,LIMIT,1701390390676,104.51,18.505
ETCUSDT,SELL,LIMIT,1701392530272,39.73,18.472
ETCUSDT,BUY,LIMIT,1701393783752,13.46,18.766
ETCUSDT,BUY,LIMIT,1701394015201,224.00,18.817
ETCUSDT,BUY,LIMIT,1701394032152,50.00,18.829
ETCUSDT,BUY,LIMIT,1701394074620,2.89,18.849
ETCUSDT,BUY,LIMIT,1701394242227,50.00,18.869
ETCUSDT,BUY,LIMIT,1701394565160,224.51,18.887
ETCUSDT,BUY,LIMIT,1701395494377,8.44,18.933
ETCUSDT,BUY,LIMIT,1701395505777,30.00,18.938
ETCUSDT,BUY,LIMIT,1701395549716,245.87,18.954
ETCUSDT,BUY,LIMIT,1701395585416,57.30,18.959
ETCUSDT,BUY,LIMIT,1701396014261,2.50,18.967
ETCUSDT,BUY,LIMIT,1701397680259,3.86,18.978
ETCUSDT,BUY,LIMIT,1701399084671,53.62,19.011
ETCUSDT,BUY,LIMIT,1701403905571,22.85,18.985
ETCUSDT,BUY,LIMIT,1701403988683,82.15,18.994
ETCUSDT,BUY,LIMIT,1701404592826,100.86,19.046
ETCUSDT,BUY,LIMIT,1701404661135,5.47,19.055
ETCUSDT,BUY,LIMIT,1701404931308,2.67,19.071
ETCUSDT,BUY,LIMIT,1701405515308,1.12,19.083
ETCUSDT,BUY,LIMIT,1701414532485,33.30,19.050
ETCUSDT,BUY,LIMIT,1701421835413,10.00,19.027
ETCUSDT,BUY,LIMIT,1701422243245,41.64,19.053
ETCUSDT,BUY,LIMIT,1701422246560,479.03,19.083
ETCUSDT,BUY,LIMIT,1701422320446,28.82,19.110
ETCUSDT,BUY,LIMIT,1701422322548,12.38,19.111
ETCUSDT,BUY,LIMIT,1701424099573,21.67,19.135
ETCUSDT,BUY,LIMIT,1701424305393,24.17,19.167
ETCUSDT,BUY,LIMIT,1701424338486,1.07,19.182
ETCUSDT,BUY,LIMIT,1701424703144,28.82,19.172
ETCUSDT,BUY,LIMIT,1701424713462,13.35,19.196
ETCUSDT,BUY,LIMIT,1701424824207,23.36,19.216
ETCUSDT,BUY,LIMIT,1701424830829,30.00,19.214
ETCUSDT,BUY,LIMIT,1701424842327,8.85,19.226
ETCUSDT,BUY,LIMIT,1701424848331,1.15,19.235
ETCUSDT,BUY,LIMIT,1701424850914,181.40,19.247
