Symbol,Side,Order Type,Time,Quantity,Price
ETCUSDT,SELL,LIMIT,1701918654152,2.89,20.372
ETCUSDT,BUY,LIMIT,1701921991310,1.58,20.824
ETCUSDT,BUY,LIMIT,1701921995500,2.43,20.833
ETCUSDT,BUY,LIMIT,1701922009213,31.73,20.846
ETCUSDT,BUY,LIMIT,1701922011256,5.55,20.872
ETCUSDT,BUY,LIMIT,1701922014088,100.95,20.882
ETCUSDT,BUY,LIMIT,1701922083447,1.24,20.951
ETCUSDT,BUY,LIMIT,1701922095165,2422.39,21.066
ETCUSDT,BUY,LIMIT,1701922110915,3.38,20.996
ETCUSDT,BUY,LIMIT,1701922116207,22.56,21.021
ETCUSDT,BUY,LIMIT,1701922118100,21.64,21.059
ETCUSDT,BUY,LIMIT,1701922119243,207.30,21.046
ETCUSDT,BUY,LIMIT,1701922121765,3.47,21.086
ETCUSDT,BUY,LIMIT,1701922128904,4.84,21.099
ETCUSDT,BUY,LIMIT,1701922132420,43.94,21.109
ETCUSDT,BUY,LIMIT,1701922137100,6.85,21.115
ETCUSDT,BUY,LIMIT,1701922139275,633.25,21.183
ETCUSDT,BUY,LIMIT,1701922140382,5.72,21.144
ETCUSDT,BUY,LIMIT,1701922143827,1.31,21.176
ETCUSDT,BUY,LIMIT,1701922145293,23.40,21.183
ETCUSDT,BUY,LIMIT,1701922167786,50.71,21.199
ETCUSDT,BUY,LIMIT,1701922175865,4.94,21.223
ETCUSDT,BUY,LIMIT,1701922297771,193.25,21.230
ETCUSDT,BUY,LIMIT,1701922364088,19.68,21.248
ETCUSDT,BUY,LIMIT,1701922368826,1.36,21.262
ETCUSDT,BUY,LIMIT,1701922373472,2.00,21.282
ETCUSDT,BUY,LIMIT,1701922494297,20.79,21.306
ETCUSDT,BUY,LIMIT,1701922495493,11.68,21.292
ETCUSDT,BUY,LIMIT,1701922499954,1.00,21.317
ETCUSDT,BUY,LIMIT,1701922556445,77.50,21.327
ETCUSDT,BUY,LIMIT,1701922565633,2.73,21.362
ETCUSDT,BUY,LIMIT,1701922567804,1.05,21.363
ETCUSDT,BUY,LIMIT,1701922576637,2.79,21.376
ETCUSDT,BUY,LIMIT,1701922607793,6.30,21.377
ETCUSDT,BUY,LIMIT,1701922707111,1000.00,21.449
ETCUSDT,BUY,LIMIT,1701922713282,0.30,21.415
ETCUSDT,BUY,LIMIT,1701922717033,229.71,21.426
ETCUSDT,BUY,LIMIT,1701922925621,92.99,21.469
ETCUSDT,BUY,LIMIT,1701922959099,106.97,21.492
ETCUSDT,BUY,LIMIT,1701922960399,1.88,21.488
ETCUSDT,BUY,LIMIT,1701922965826,286.81,21.495
ETCUSDT,BUY,LIMIT,1701923453076,1.88,21.545
ETCUSDT,BUY,LIMIT,1701923454203,199.26,21.525
ETCUSDT,BUY,LIMIT,1701923458604,1.08,21.548
ETCUSDT,BUY,LIMIT,1701923460157,168.50,21.555
ETCUSDT,BUY,LIMIT,1701923462130,2373.70,21.651
ETCUSDT,BUY,LIMIT,1701923463182,7.00,21.561
ETCUSDT,BUY,LIMIT,1701923475135,29.66,21.579
ETCUSDT,BUY,LIMIT,1701923491519,49.27,21.596
ETCUSDT,BUY,LIMIT,1701923559349,3.13,21.607
ETCUSDT,BUY,LIMIT,1701923586396,0.94,21.634
ETCUSDT,BUY,LIMIT,1701923588796,3.64,21.633
ETCUSDT,BUY,LIMIT,1701923630247,17.75,21.641
ETCUSDT,BUY,LIMIT,1701923653844,13.37,21.657
ETCUSDT,BUY,LIMIT,1701923708499,17.32,21.678
ETCUSDT,BUY,LIMIT,1701923712692,62.93,21.693
ETCUSDT,BUY,LIMIT,1701923907913,200.34,21.714
ETCUSDT,BUY,LIMIT,1701923910975,5.08,21.717
ETCUSDT,BUY,LIMIT,1701923922942,17.27,21.725
ETCUSDT,BUY,LIMIT,1701923934143,54.03,21.751
ETCUSDT,BUY,LIMIT,1701923936150,194.43,21.767
ETCUSDT,BUY,LIMIT,1701923937516,137.17,21.780
ETCUSDT,BUY,LIMIT,1701923939200,1.05,21.801
ETCUSDT,BUY,LIMIT,1701923942473,32.03,21.822
ETCUSDT,BUY,LIMIT,1701923965039,1.51,21.853
ETCUSDT,BUY,LIMIT,1701923980627,4.45,21.868
ETCUSDT,BUY,LIMIT,1701923987122,110.35,21.875
ETCUSDT,BUY,LIMIT,1701923989127,1016.70,21.941
ETCUSDT,BUY,LIMIT,1701924199514,10.21,21.885
ETCUSDT,BUY,LIMIT,1701924238599,76.64,21.906
ETCUSDT,BUY,LIMIT,1701924273377,15.13,21.925
ETCUSDT,BUY,LIMIT,1701924279012,30.77,21.938
ETCUSDT,BUY,LIMIT,1701924300352,1.64,21.943
ETCUSDT,BUY,LIMIT,1701924306196,12.21,22.011
ETCUSDT,BUY,LIMIT,1701924307305,24.54,21.991
ETCUSDT,BUY,LIMIT,1701924329381,150.00,22.035
ETCUSDT,BUY,LIMIT,1701924335466,40.65,22.044
ETCUSDT,BUY,LIMIT,1701924337923,237.05,22.053
ETCUSDT,BUY,LIMIT,1701924340117,1725.24,22.145
ETCUSDT,BUY,LIMIT,1701924351826,31.00,22.071
ETCUSDT,BUY,LIMIT,1701924657046,463.92,22.096
ETCUSDT,BUY,LIMIT,1701924665625,1.91,22.092
ETCUSDT,BUY,LIMIT,1701924668829,22.79,22.096
ETCUSDT,BUY,LIMIT,1701924705750,0.98,22.109
ETCUSDT,BUY,LIMIT,1701924724494,195.49,22.127
ETCUSDT,BUY,LIMIT,1701924727156,400.00,22.144
ETCUSDT,BUY,LIMIT,1701924728171,2.08,22.166
ETCUSDT,BUY,LIMIT,1701924732496,41.62,22.175
ETCUSDT,BUY,LIMIT,1701924744042,8.07,22.193
ETCUSDT,BUY,LIMIT,1701924759370,71.73,22.209
ETCUSDT,BUY,LIMIT,1701924761171,33.43,22.211
ETCUSDT,BUY,LIMIT,1701924762338,8.70,22.250
ETCUSDT,BUY,LIMIT,1701924765701,2017.77,22.356
ETCUSDT,BUY,LIMIT,1701924771679,2.01,22.287
ETCUSDT,BUY,LIMIT,1701924773083,3.99,22.308
ETCUSDT,BUY,LIMIT,1701924779459,68.37,22.333
ETCUSDT,BUY,LIMIT,1701924786170,14.11,22.370
ETCUSDT,BUY,LIMIT,1701924788314,1.00,22.374
ETCUSDT,BUY,LIMIT,1701924790082,6.60,22.391
ETCUSDT,BUY,LIMIT,1701924791124,5.58,22.396
ETCUSDT,BUY,LIMIT,1701925025135,3.59,22.399
ETCUSDT,BUY,LIMIT,1701925033490,3.70,22.415
ETCUSDT,BUY,LIMIT,1701925060136,8.04,22.416
ETCUSDT,BUY,LIMIT,1701925197756,2.23,22.196
ETCUSDT,SELL,LIMIT,1701925282555,4.32,21.957
ETCUSDT,SELL,LIMIT,1701925284228,2.24,21.943
ETCUSDT,SELL,LIMIT,1701925289378,54.80,21.935
ETCUSDT,SELL,LIMIT,1701925290567,1.68,21.922
ETCUSDT,SELL,LIMIT,1701925292175,6.16,21.917
ETCUSDT,BUY,LIMIT,1701925576764,15.16,22.281
ETCUSDT,SELL,LIMIT,1701925953815,33.83,21.876
ETCUSDT,SELL,LIMIT,1701925955843,6.00,21.836
ETCUSDT,SELL,LIMIT,1701925960854,46.93,21.812
ETCUSDT,SELL,LIMIT,1701925962254,1.08,21.801
ETCUSDT,SELL,LIMIT,1701926043834,17.03,21.780
ETCUSDT,SELL,LIMIT,1701926157067,12.89,21.758
ETCUSDT,SELL,LIMIT,1701926196440,3.57,21.739
ETCUSDT,SELL,LIMIT,1701926203042,8.81,21.726
ETCUSDT,SELL,LIMIT,1701926210126,450.00,21.709
ETCUSDT,SELL,LIMIT,1701926734080,72.07,21.741
ETCUSDT,BUY,LIMIT,1701926995470,1.37,22.139
ETCUSDT,BUY,LIMIT,1701927124037,35.36,22.217
ETCUSDT,BUY,LIMIT,1701927604555,6.65,22.250
ETCUSDT,BUY,LIMIT,1701927610757,23.63,22.268
ETCUSDT,BUY,LIMIT,1701927621071,136.38,22.301
ETCUSDT,BUY,LIMIT,1701927630784,26.31,22.304
ETCUSDT,BUY,LIMIT,1701927644375,20.67,22.333
ETCUSDT,SELL,LIMIT,1701928461750,9.22,21.918
ETCUSDT,SELL,LIMIT,1701928472262,26.75,21.867
ETCUSDT,BUY,LIMIT,1701928542426,16.28,22.069
ETCUSDT,SELL,LIMIT,1701928548325,20.36,21.847
ETCUSDT,SELL,LIMIT,1701928635453,14.33,21.809
ETCUSDT,SELL,LIMIT,1701928680149,6.39,21.794
ETCUSDT,SELL,LIMIT,1701928695651,11.95,21.776
ETCUSDT,SELL,LIMIT,1701929132969,227.12,21.725
ETCUSDT,SELL,LIMIT,1701929887469,1.57,21.859
ETCUSDT,BUY,LIMIT,1701930045390,67.01,22.134
ETCUSDT,BUY,LIMIT,1701930058331,1.31,22.170
ETCUSDT,SELL,LIMIT,1701930522489,172.61,21.731
ETCUSDT,SELL,LIMIT,1701930879114,16.68,21.683
ETCUSDT,SELL,LIMIT,1701930880669,4.56,21.669
ETCUSDT,SELL,LIMIT,1701930907363,113.81,21.650
ETCUSDT,SELL,LIMIT,1701930926337,38.27,21.641
ETCUSDT,SELL,LIMIT,1701930927391,1.01,21.641
ETCUSDT,SELL,LIMIT,1701930931953,38.66,21.623
ETCUSDT,SELL,LIMIT,1701930934075,29.56,21.610
ETCUSDT,SELL,LIMIT,1701930941310,23.28,21.603
ETCUSDT,SELL,LIMIT,1701930944416,12.02,21.597
ETCUSDT,SELL,LIMIT,1701930986232,6.09,21.593
ETCUSDT,SELL,LIMIT,1701930989994,4.94,21.577
ETCUSDT,SELL,LIMIT,1701930999687,18.41,21.546
ETCUSDT,SELL,LIMIT,1701931010063,228.86,21.544
ETCUSDT,SELL,LIMIT,1701931503602,6.21,21.509
ETCUSDT,SELL,LIMIT,1701931555328,12.19,21.480
ETCUSDT,SELL,LIMIT,1701931556892,74.88,21.458
ETCUSDT,SELL,LIMIT,1701931561501,188.39,21.447
ETCUSDT,SELL,LIMIT,1701931566117,14.08,21.437
ETCUSDT,SELL,LIMIT,1701931572858,22.71,21.423
ETCUSDT,SELL,LIMIT,1701931574208,10.17,21.412
ETCUSDT,SELL,LIMIT,1701931575524,13.00,21.419
ETCUSDT,SELL,LIMIT,1701931583542,161.36,21.393
ETCUSDT,SELL,LIMIT,1701931584712,1.96,21.378
ETCUSDT,SELL,LIMIT,1701931586650,225.00,21.365
ETCUSDT,SELL,LIMIT,1701931943408,4.60,21.351
ETCUSDT,SELL,LIMIT,1701931944724,100.27,21.349
ETCUSDT,BUY,LIMIT,1701932378354,1.26,21.571
ETCUSDT,SELL,LIMIT,1701932382675,24.38,21.367
ETCUSDT,SELL,LIMIT,1701933450043,27.20,21.362
ETCUSDT,SELL,LIMIT,1701934821479,4.23,21.332
ETCUSDT,SELL,LIMIT,1701934854235,35.60,21.314
ETCUSDT,SELL,LIMIT,1701936768202,116.79,21.299
ETCUSDT,SELL,LIMIT,1701936770069,9.64,21.261
ETCUSDT,SELL,LIMIT,1701936775188,7.28,21.259
ETCUSDT,SELL,LIMIT,1701936778284,27.25,21.248
ETCUSDT,SELL,LIMIT,1701936780515,173.73,21.222
ETCUSDT,SELL,LIMIT,1701936820014,24.12,21.206
ETCUSDT,SELL,LIMIT,1701936821307,536.34,21.177
ETCUSDT,SELL,LIMIT,1701936822572,5.75,21.179
ETCUSDT,SELL,LIMIT,1701936826535,377.01,21.168
ETCUSDT,SELL,LIMIT,1701936828252,10.00,21.170
ETCUSDT,SELL,LIMIT,1701936829422,60.00,21.154
ETCUSDT,SELL,LIMIT,1701936831515,10.00,21.136
ETCUSDT,SELL,LIMIT,1701936907867,15.50,21.146
ETCUSDT,SELL,LIMIT,1701936923558,31.91,21.110
ETCUSDT,SELL,LIMIT,1701936925300,1.12,21.106
ETCUSDT,SELL,LIMIT,1701936967010,32.80,21.108
ETCUSDT,SELL,LIMIT,1701936980176,1452.95,21.023
ETCUSDT,SELL,LIMIT,1701937391891,232.11,21.144
ETCUSDT,SELL,LIMIT,1701939106677,3.45,21.090
ETCUSDT,SELL,LIMIT,1701939110166,4.31,21.086
ETCUSDT,SELL,LIMIT,1701939111399,56.71,21.081
ETCUSDT,SELL,LIMIT,1701939354129,17.49,21.032
ETCUSDT,SELL,LIMIT,1701939355136,6.24,21.018
ETCUSDT,SELL,LIMIT,1701939357365,235.31,21.004
ETCUSDT,SELL,LIMIT,1701939359917,45.87,21.019
ETCUSDT,SELL,LIMIT,1701939367244,38.91,21.017
ETCUSDT,SELL,LIMIT,1701939392711,62.81,21.000
ETCUSDT,SELL,LIMIT,1701939475591,633.89,20.969
ETCUSDT,SELL,LIMIT,1701939549370,56.77,21.013
ETCUSDT,SELL,LIMIT,1701939560891,206.43,21.001
ETCUSDT,SELL,LIMIT,1701939563906,1.05,20.988
ETCUSDT,SELL,LIMIT,1701939568143,40.06,20.976
ETCUSDT,SELL,LIMIT,1701939576823,2025.07,20.888
ETCUSDT,SELL,LIMIT,1701940009984,1.63,20.964
ETCUSDT,SELL,LIMIT,1701940018070,48.15,20.948
ETCUSDT,SELL,LIMIT,1701940021327,14.73,20.937
ETCUSDT,SELL,LIMIT,1701940036466,81.94,20.926
ETCUSDT,SELL,LIMIT,1701940049468,2.93,20.943
ETCUSDT,SELL,LIMIT,1701940386711,231.73,20.900
ETCUSDT,SELL,LIMIT,1701940388294,65.76,20.892
ETCUSDT,SELL,LIMIT,1701940390106,0.51,20.878
ETCUSDT,SELL,LIMIT,1701940394907,4.85,20.861
ETCUSDT,SELL,LIMIT,1701940396011,2093.86,20.776
ETCUSDT,SELL,LIMIT,1701940400434,5.07,20.853
ETCUSDT,SELL,LIMIT,1701940414262,217.74,20.859
ETCUSDT,SELL,LIMIT,1701940449260,37.41,20.850
ETCUSDT,SELL,LIMIT,1701940450807,40.37,20.832
ETCUSDT,SELL,LIMIT,1701940452269,15.00,20.829
ETCUSDT,SELL,LIMIT,1701940467129,7.68,20.825
ETCUSDT,SELL,LIMIT,1701940470276,509.14,20.801
ETCUSDT,SELL,LIMIT,1701940520835,5.60,20.822
ETCUSDT,BUY,LIMIT,1701940525036,5.00,21.016
ETCUSDT,SELL,LIMIT,1701940557201,100.00,20.809
ETCUSDT,SELL,LIMIT,1701940560145,339.51,20.768
ETCUSDT,SELL,LIMIT,1701940561454,178.80,20.776
ETCUSDT,SELL,LIMIT,1701940562557,67.36,20.771
ETCUSDT,SELL,LIMIT,1701940565392,23.91,20.737
ETCUSDT,SELL,LIMIT,1701941073676,50.00,20.734
ETCUSDT,SELL,LIMIT,1701941074811,3.56,20.734
ETCUSDT,SELL,LIMIT,1701941152309,123.76,20.763
ETCUSDT,SELL,LIMIT,1701941158175,5.61,20.729
ETCUSDT,SELL,LIMIT,1701941160079,1.02,20.721
ETCUSDT,SELL,LIMIT,1701941166356,106.97,20.713
ETCUSDT,SELL,LIMIT,1701941174273,67.60,20.699
ETCUSDT,SELL,LIMIT,1701941176119,1.37,20.693
ETCUSDT,SELL,LIMIT,1701941177165,47.22,20.693
ETCUSDT,SELL,LIMIT,1701941187410,23.90,20.683
ETCUSDT,SELL,LIMIT,1701941188899,25.91,20.683
ETCUSDT,SELL,LIMIT,1701941190143,161.31,20.679
ETCUSDT,SELL,LIMIT,1701941207441,5.05,20.668
ETCUSDT,SELL,LIMIT,1701941214892,0.96,20.673
ETCUSDT,SELL,LIMIT,1701941217918,2419.51,20.577
ETCUSDT,SELL,LIMIT,1701941227372,35.37,20.661
ETCUSDT,SELL,LIMIT,1701941231101,17.32,20.654
ETCUSDT,SELL,LIMIT,1701941232274,234.76,20.658
ETCUSDT,SELL,LIMIT,1701941233754,439.09,20.639
ETCUSDT,SELL,LIMIT,1701941237360,13.57,20.636
ETCUSDT,SELL,LIMIT,1701941239215,164.04,20.851
ETCUSDT,SELL,LIMIT,1701941240302,11.27,20.630
ETCUSDT,SELL,LIMIT,1701941245888,58.75,20.609
ETCUSDT,SELL,LIMIT,1701941255087,18.25,20.609
ETCUSDT,BUY,LIMIT,1701941394026,6.73,20.976
ETCUSDT,BUY,LIMIT,1701941561315,1.71,21.109
ETCUSDT,BUY,LIMIT,1701941564338,25.57,21.119
ETCUSDT,BUY,LIMIT,1701942118913,58.92,21.116
ETCUSDT,BUY,LIMIT,1701942413496,77.74,21.214
ETCUSDT,BUY,LIMIT,1701942658519,5.38,21.232
ETCUSDT,BUY,LIMIT,1701942731477,2.16,21.192
ETCUSDT,SELL,LIMIT,1701943641312,9.42,20.870
ETCUSDT,SELL,LIMIT,1701943663127,89.81,20.833
ETCUSDT,BUY,LIMIT,1701947631318,25.85,21.289
ETCUSDT,BUY,LIMIT,1701947720381,1.02,21.300
ETCUSDT,BUY,LIMIT,1701947775104,5.16,21.316
ETCUSDT,SELL,LIMIT,1701950659806,183.52,20.962
ETCUSDT,SELL,LIMIT,1701951324552,29.88,21.085
ETCUSDT,BUY,LIMIT,1701952383922,4.53,21.360
ETCUSDT,BUY,LIMIT,1701952701510,76.82,21.362
ETCUSDT,BUY,LIMIT,1701953976590,0.01,21.328
ETCUSDT,SELL,LIMIT,1701956559285,1.34,20.996
ETCUSDT,SELL,LIMIT,1701956881082,81.87,20.950
ETCUSDT,SELL,LIMIT,1701956907321,7.00,20.919
ETCUSDT,SELL,LIMIT,1701956908724,103.83,20.911
ETCUSDT,SELL,LIMIT,1701957050122,149.54,20.902
ETCUSDT,BUY,LIMIT,1701959146274,0.56,21.059
ETCUSDT,BUY,LIMIT,1701959502332,1.00,21.289
ETCUSDT,BUY,LIMIT,1701960894825,2.38,21.341
ETCUSDT,BUY,LIMIT,1701961403851,235.99,21.403
ETCUSDT,BUY,LIMIT,1701961405759,30.64,21.410
ETCUSDT,BUY,LIMIT,1701961431259,10.30,21.435
ETCUSDT,BUY,LIMIT,1701961436350,94.62,21.440
ETCUSDT,BUY,LIMIT,1701962398356,247.83,21.541
ETCUSDT,BUY,LIMIT,1701962483454,56.47,21.587
ETCUSDT,BUY,LIMIT,1701962494017,8.00,21.619
ETCUSDT,BUY,LIMIT,1701962495625,52.85,21.623
ETCUSDT,BUY,LIMIT,1701962530302,1047.20,21.698
ETCUSDT,BUY,LIMIT,1701962678712,72.90,21.660
ETCUSDT,BUY,LIMIT,1701962686690,0.01,21.659
ETCUSDT,BUY,LIMIT,1701962688769,8.00,21.660
ETCUSDT,BUY,LIMIT,1701962834971,746.29,21.802
ETCUSDT,BUY,LIMIT,1701962851931,3.73,21.806
ETCUSDT,BUY,LIMIT,1701962855348,3.59,21.814
ETCUSDT,BUY,LIMIT,1701962994948,1.78,21.851
ETCUSDT,BUY,LIMIT,1701963000208,9.38,21.867
ETCUSDT,BUY,LIMIT,1701963002295,80.72,21.883
ETCUSDT,BUY,LIMIT,1701963016193,1.78,21.912
ETCUSDT,BUY,LIMIT,1701963017276,1881.27,22.009
ETCUSDT,BUY,LIMIT,1701963018303,3.06,21.926
ETCUSDT,BUY,LIMIT,1701963022134,0.96,21.946
ETCUSDT,BUY,LIMIT,1701963029037,1.05,21.965
ETCUSDT,BUY,LIMIT,1701963034135,7.47,21.980
ETCUSDT,BUY,LIMIT,1701963041955,10.37,22.034
ETCUSDT,BUY,LIMIT,1701963047680,16.23,22.057
ETCUSDT,BUY,LIMIT,1701963096035,28.54,22.076
ETCUSDT,SELL,LIMIT,1701963193398,6.63,21.678
ETCUSDT,SELL,LIMIT,1701963254154,189.14,21.617
ETCUSDT,SELL,LIMIT,1701963255292,15.96,21.618
ETCUSDT,SELL,LIMIT,1701963256580,45.62,21.611
ETCUSDT,SELL,LIMIT,1701964017504,150.68,21.444
ETCUSDT,BUY,LIMIT,1701964381827,6.25,21.876
ETCUSDT,SELL,LIMIT,1701964926430,29.50,21.568
ETCUSDT,BUY,LIMIT,1701965023672,50.00,21.971
ETCUSDT,BUY,LIMIT,1701965058187,4.39,21.991
ETCUSDT,BUY,LIMIT,1701965441066,10.16,22.051
ETCUSDT,BUY,LIMIT,1701965471065,2.29,22.062
ETCUSDT,BUY,LIMIT,1701965515497,6.40,22.109
ETCUSDT,BUY,LIMIT,1701965541094,1.03,22.136
ETCUSDT,BUY,LIMIT,1701965555842,1.08,22.147
ETCUSDT,BUY,LIMIT,1701965574189,4.34,22.177
ETCUSDT,BUY,LIMIT,1701965575740,2.11,22.177
ETCUSDT,BUY,LIMIT,1701965577557,3.46,22.194
ETCUSDT,BUY,LIMIT,1701965644090,4.12,22.212
ETCUSDT,BUY,LIMIT,1701965677553,17.82,22.218
ETCUSDT,SELL,LIMIT,1701966151315,55.72,21.744
ETCUSDT,SELL,LIMIT,1701966167769,16.96,21.717
ETCUSDT,BUY,LIMIT,1701966651274,5.92,22.110
ETCUSDT,BUY,LIMIT,1701966787626,299.43,22.101
ETCUSDT,BUY,LIMIT,1701966850167,126.45,22.107
ETCUSDT,BUY,LIMIT,1701967233538,23.61,22.174
ETCUSDT,SELL,LIMIT,1701967427337,1.00,21.784
ETCUSDT,SELL,LIMIT,1701967433572,128.99,21.771
ETCUSDT,BUY,LIMIT,1701967949583,1.73,22.163
ETCUSDT,BUY,LIMIT,1701967950787,1.46,22.169
ETCUSDT,SELL,LIMIT,1701968620230,47.11,21.754
ETCUSDT,BUY,LIMIT,1701969436931,22.41,22.057
ETCUSDT,BUY,LIMIT,1701970181295,202.57,21.971
ETCUSDT,SELL,LIMIT,1701970718830,8.01,21.677
ETCUSDT,SELL,LIMIT,1701970801307,4.31,21.665
ETCUSDT,SELL,LIMIT,1701970914443,5.00,21.640
ETCUSDT,SELL,LIMIT,1701970916264,15.80,21.627
ETCUSDT,SELL,LIMIT,1701970944024,3.55,21.604
ETCUSDT,SELL,LIMIT,1701970946242,9.09,21.597
ETCUSDT,SELL,LIMIT,1701971034191,4.21,21.565
ETCUSDT,SELL,LIMIT,1701971036799,90.09,21.562
ETCUSDT,SELL,LIMIT,1701971376529,60.70,21.554
ETCUSDT,SELL,LIMIT,1701971379886,101.15,21.545
ETCUSDT,SELL,LIMIT,1701976879079,155.70,21.519
ETCUSDT,SELL,LIMIT,1701976880108,80.00,21.501
ETCUSDT,SELL,LIMIT,1701976885921,6.52,21.495
ETCUSDT,SELL,LIMIT,1701976903235,150.47,21.483
ETCUSDT,SELL,LIMIT,1701977165306,2.87,21.519
ETCUSDT,SELL,LIMIT,1701977167145,474.41,21.502
ETCUSDT,SELL,LIMIT,1701977295755,11.25,21.491
ETCUSDT,SELL,LIMIT,1701978083180,171.52,21.505
ETCUSDT,BUY,LIMIT,1701983879571,230.25,21.898
ETCUSDT,BUY,LIMIT,1701984197406,5.46,21.975
ETCUSDT,BUY,LIMIT,1701984199496,23.85,21.978
ETCUSDT,BUY,LIMIT,1701984499912,102.54,21.995
ETCUSDT,BUY,LIMIT,1701984526373,0.02,22.018
ETCUSDT,BUY,LIMIT,1701984583459,32.16,22.029
ETCUSDT,BUY,LIMIT,1701984698431,186.74,22.037
ETCUSDT,BUY,LIMIT,1701984742294,17.00,22.053
ETCUSDT,BUY,LIMIT,1701985832168,20.07,22.107
ETCUSDT,BUY,LIMIT,1701985834247,1.61,22.117
ETCUSDT,BUY,LIMIT,1701985837165,206.60,22.122
ETCUSDT,BUY,LIMIT,1701985868864,52.52,22.128
ETCUSDT,BUY,LIMIT,1701986056460,0.31,22.139
ETCUSDT,BUY,LIMIT,1701987838483,193.22,22.148
ETCUSDT,BUY,LIMIT,1701987841493,57.14,22.162
ETCUSDT,SELL,LIMIT,1701990000095,19.50,21.686
ETCUSDT,BUY,LIMIT,1701992579032,0.94,22.159
ETCUSDT,BUY,LIMIT,1701992728353,28.64,22.167
ETCUSDT,BUY,LIMIT,1701993708279,9.67,22.192
ETCUSDT,BUY,LIMIT,1701993744253,0.97,22.214
ETCUSDT,BUY,LIMIT,1701993754206,4.51,22.232
ETCUSDT,BUY,LIMIT,1701993761219,25.58,22.247
ETCUSDT,BUY,LIMIT,1701993771391,7.26,22.288
ETCUSDT,BUY,LIMIT,1701993776076,76.78,22.305
ETCUSDT,BUY,LIMIT,1701993780681,36.79,22.323
ETCUSDT,BUY,LIMIT,1701993789356,2.53,22.351
ETCUSDT,BUY,LIMIT,1701993798176,24.07,22.354
ETCUSDT,BUY,LIMIT,1701993806486,22.77,22.362
ETCUSDT,BUY,LIMIT,1701993809664,15.85,22.375
ETCUSDT,BUY,LIMIT,1701993811070,10.10,22.380
ETCUSDT,SELL,LIMIT,1701994052431,12.74,21.887
ETCUSDT,SELL,LIMIT,1701994053832,8.79,21.874
ETCUSDT,BUY,LIMIT,1701995166910,1.16,22.319
ETCUSDT,BUY,LIMIT,1701995201095,4.20,22.348
ETCUSDT,BUY,LIMIT,1701995218283,10.42,22.343
ETCUSDT,SELL,LIMIT,1701995754312,116.98,21.912
ETCUSDT,SELL,LIMIT,1701996045381,0.29,21.843
ETCUSDT,SELL,LIMIT,1701997746547,70.75,21.815
ETCUSDT,SELL,LIMIT,1701998110294,50.30,21.746
ETCUSDT,SELL,LIMIT,1701998572331,13.68,21.882
ETCUSDT,BUY,LIMIT,1701998826203,14.01,22.242
ETCUSDT,BUY,LIMIT,1702002417603,1.74,22.410
ETCUSDT,BUY,LIMIT,1702002438673,33.31,22.423
ETCUSDT,BUY,LIMIT,1702002441845,31.49,22.432
ETCUSDT,BUY,LIMIT,1702002445040,34.43,22.449
ETCUSDT,BUY,LIMIT,1702002446182,0.57,22.463
ETCUSDT,BUY,LIMIT,1702002448745,36.84,22.469
ETCUSDT,BUY,LIMIT,1702003618185,101.31,22.493
ETCUSDT,BUY,LIMIT,1702003620492,1.41,22.504
ETCUSDT,BUY,LIMIT,1702003622320,5.86,22.507
ETCUSDT,BUY,LIMIT,1702003625855,6.97,22.509
ETCUSDT,BUY,LIMIT,1702003630510,9.98,22.513
ETCUSDT,BUY,LIMIT,1702003631547,57.34,22.517
ETCUSDT,BUY,LIMIT,1702003651702,2.20,22.449
ETCUSDT,BUY,LIMIT,1702003849369,2.91,22.539
ETCUSDT,BUY,LIMIT,1702003851214,16.39,22.551
ETCUSDT,BUY,LIMIT,1702003881779,169.55,22.555
ETCUSDT,BUY,LIMIT,1702003949315,2.30,22.501
ETCUSDT,BUY,LIMIT,1702003960254,19.99,22.551
ETCUSDT,BUY,LIMIT,1702004060323,0.10,22.410
ETCUSDT,SELL,LIMIT,1702005362906,30.00,22.259
ETCUSDT,BUY,LIMIT,1702005454135,11.00,22.449
ETCUSDT,BUY,LIMIT,1702005794666,0.93,22.518
ETCUSDT,BUY,LIMIT,1702006029092,4.87,22.576
ETCUSDT,BUY,LIMIT,1702006092067,7.69,22.588
ETCUSDT,BUY,LIMIT,1702006102139,4.08,22.601
ETCUSDT,BUY,LIMIT,1702006103436,4.78,22.603
ETCUSDT,BUY,LIMIT,1702006114665,2.00,22.632
ETCUSDT,BUY,LIMIT,1702006119961,174.62,22.637
ETCUSDT,BUY,LIMIT,1702006127214,5.83,22.644
ETCUSDT,BUY,LIMIT,1702006144173,32.72,22.652
ETCUSDT,BUY,LIMIT,1702006190503,31.87,22.657
ETCUSDT,BUY,LIMIT,1702006329341,66.66,22.619
ETCUSDT,BUY,LIMIT,1702006767779,26.94,22.617
ETCUSDT,BUY,LIMIT,1702006891776,25.98,22.628
ETCUSDT,BUY,LIMIT,1702007179750,1.54,22.668
ETCUSDT,BUY,LIMIT,1702007185144,59.20,22.684
ETCUSDT,BUY,LIMIT,1702007235860,2.04,22.713
ETCUSDT,BUY,LIMIT,1702007242048,29.78,22.716
ETCUSDT,BUY,LIMIT,1702007250523,11.05,22.739
ETCUSDT,BUY,LIMIT,1702007254582,0.56,22.748
ETCUSDT,SELL,LIMIT,1702008260409,6.03,22.331
ETCUSDT,SELL,LIMIT,1702008523168,40.20,22.243
ETCUSDT,SELL,LIMIT,1702008533113,2.97,22.226
ETCUSDT,SELL,LIMIT,1702008641303,134.00,22.210
ETCUSDT,SELL,LIMIT,1702008643438,0.89,22.216
ETCUSDT,SELL,LIMIT,1702008652052,37.16,22.205
ETCUSDT,SELL,LIMIT,1702008679823,22.98,22.202
ETCUSDT,SELL,LIMIT,1702008681250,17.60,22.200
ETCUSDT,BUY,LIMIT,1702008919923,8.68,22.612
ETCUSDT,BUY,LIMIT,1702009676987,28.63,22.585
ETCUSDT,SELL,LIMIT,1702010343188,50.60,22.189
ETCUSDT,SELL,LIMIT,1702010356791,4.45,22.176
ETCUSDT,SELL,LIMIT,1702010862390,222.34,22.164
ETCUSDT,SELL,LIMIT,1702012084279,25.86,22.135
ETCUSDT,SELL,LIMIT,1702015550129,1.63,22.089
ETCUSDT,BUY,LIMIT,1702015946372,13.60,22.338
ETCUSDT,SELL,LIMIT,1702016107480,9.89,22.164
ETCUSDT,SELL,LIMIT,1702016236877,2.01,22.110
ETCUSDT,SELL,LIMIT,1702017251073,3.17,22.008
ETCUSDT,SELL,LIMIT,1702017252268,3.12,21.992
ETCUSDT,SELL,LIMIT,1702017778433,107.01,21.980
ETCUSDT,SELL,LIMIT,1702017807340,5.10,21.961
ETCUSDT,SELL,LIMIT,1702018054484,20.73,21.946
ETCUSDT,BUY,LIMIT,1702018380321,75.76,22.243
ETCUSDT,BUY,LIMIT,1702018511892,4.64,22.251
ETCUSDT,SELL,LIMIT,1702019142305,222.32,21.930
ETCUSDT,SELL,LIMIT,1702019225278,1.53,21.923
ETCUSDT,SELL,LIMIT,1702020043627,151.62,21.893
ETCUSDT,SELL,LIMIT,1702020164226,3.18,21.876
ETCUSDT,SELL,LIMIT,1702020223606,7.92,21.858
ETCUSDT,SELL,LIMIT,1702020339467,151.43,21.832
ETCUSDT,SELL,LIMIT,1702020513472,6.37,21.804
ETCUSDT,SELL,LIMIT,1702020519147,53.70,21.793
ETCUSDT,SELL,LIMIT,1702020529312,16.00,21.781
ETCUSDT,SELL,LIMIT,1702020530518,1.68,21.779
ETCUSDT,SELL,LIMIT,1702020532086,76.54,21.775
ETCUSDT,SELL,LIMIT,1702020533679,7.00,21.757
ETCUSDT,SELL,LIMIT,1702020636068,31.13,21.763
ETCUSDT,SELL,LIMIT,1702020637187,278.59,21.759
ETCUSDT,SELL,LIMIT,1702020651301,11.18,21.747
ETCUSDT,SELL,LIMIT,1702020664676,1.00,21.719
ETCUSDT,SELL,LIMIT,1702020667305,1.17,21.719
ETCUSDT,SELL,LIMIT,1702020669199,22.07,21.714
ETCUSDT,SELL,LIMIT,1702020686012,1503.97,21.627
ETCUSDT,SELL,LIMIT,1702020703389,1.99,21.687
ETCUSDT,SELL,LIMIT,1702022396896,1.26,21.752
ETCUSDT,SELL,LIMIT,1702022489173,3.51,21.760
ETCUSDT,SELL,LIMIT,1702022513133,23.61,21.724
ETCUSDT,SELL,LIMIT,1702023044301,12.36,21.696
ETCUSDT,SELL,LIMIT,1702023061496,6.86,21.674
ETCUSDT,SELL,LIMIT,1702023405490,20.91,21.645
ETCUSDT,SELL,LIMIT,1702023406505,252.10,21.626
ETCUSDT,BUY,LIMIT,1702026470896,15.24,22.038
ETCUSDT,BUY,LIMIT,1702027379108,20.54,22.078
ETCUSDT,BUY,LIMIT,1702030056277,970.82,22.109
ETCUSDT,BUY,LIMIT,1702030365897,6.55,22.125
ETCUSDT,BUY,LIMIT,1702031354628,16.00,22.171
ETCUSDT,BUY,LIMIT,1702031366179,1.85,22.175
ETCUSDT,BUY,LIMIT,1702032299387,75.86,22.256
ETCUSDT,BUY,LIMIT,1702032956594,1.24,22.260
ETCUSDT,BUY,LIMIT,1702033217243,2.15,22.276
ETCUSDT,BUY,LIMIT,1702034093268,0.67,22.273
ETCUSDT,BUY,LIMIT,1702034501674,6.98,22.278
ETCUSDT,SELL,LIMIT,1702034747393,0.25,22.099
ETCUSDT,BUY,LIMIT,1702034781243,225.89,22.304
ETCUSDT,BUY,LIMIT,1702035152276,129.76,22.287
ETCUSDT,BUY,LIMIT,1702035164063,0.02,22.298
ETCUSDT,BUY,LIMIT,1702035494364,3.35,22.317
ETCUSDT,BUY,LIMIT,1702035734214,8.51,22.305
ETCUSDT,BUY,LIMIT,1702036193639,1.38,22.330
ETCUSDT,BUY,LIMIT,1702038481100,276.52,22.276
ETCUSDT,BUY,LIMIT,1702039084394,0.32,22.314
ETCUSDT,SELL,LIMIT,1702040330450,224.66,21.929
ETCUSDT,SELL,LIMIT,1702040359526,4.64,21.897
ETCUSDT,SELL,LIMIT,1702040360598,1.32,21.888
ETCUSDT,SELL,LIMIT,1702040477049,3.20,21.872
ETCUSDT,SELL,LIMIT,1702040478528,16.65,21.867
ETCUSDT,SELL,LIMIT,1702040481054,9.71,21.861
ETCUSDT,SELL,LIMIT,1702040482649,85.75,21.857
ETCUSDT,SELL,LIMIT,1702040485633,13.98,21.843
ETCUSDT,SELL,LIMIT,1702040539003,3.10,21.839
ETCUSDT,SELL,LIMIT,1702042237451,1.83,21.822
ETCUSDT,SELL,LIMIT,1702042238537,19.06,21.819
ETCUSDT,SELL,LIMIT,1702042239841,2.81,21.788
ETCUSDT,SELL,LIMIT,1702042244359,7.45,21.769
ETCUSDT,BUY,LIMIT,1702043698512,4.34,22.063
ETCUSDT,SELL,LIMIT,1702044410764,1.56,21.753
ETCUSDT,SELL,LIMIT,1702044413964,30.96,21.739
ETCUSDT,SELL,LIMIT,1702044503381,0.91,21.733
ETCUSDT,SELL,LIMIT,1702044513409,2.71,21.725
ETCUSDT,BUY,LIMIT,1702045885456,29.08,22.087
ETCUSDT,BUY,LIMIT,1702046080135,7.97,22.178
ETCUSDT,BUY,LIMIT,1702046677275,4.99,22.178
ETCUSDT,BUY,LIMIT,1702047700059,60.69,22.237
ETCUSDT,BUY,LIMIT,1702047711914,32.50,22.257
ETCUSDT,BUY,LIMIT,1702048108127,0.35,22.195
ETCUSDT,SELL,LIMIT,1702049474376,0.07,21.908
ETCUSDT,SELL,LIMIT,1702050445084,650.00,21.940
ETCUSDT,SELL,LIMIT,1702050737341,0.07,21.901
ETCUSDT,BUY,LIMIT,1702051257194,68.10,22.094
ETCUSDT,BUY,LIMIT,1702051270893,231.20,22.117
ETCUSDT,BUY,LIMIT,1702051349672,104.65,22.137
ETCUSDT,BUY,LIMIT,1702051385910,16.00,22.138
ETCUSDT,BUY,LIMIT,1702051505091,25.82,22.150
ETCUSDT,BUY,LIMIT,1702051514586,0.97,22.157
ETCUSDT,BUY,LIMIT,1702052161449,2.27,22.263
ETCUSDT,BUY,LIMIT,1702052787039,49.75,22.156
ETCUSDT,BUY,LIMIT,1702053445379,3.24,22.221
ETCUSDT,BUY,LIMIT,1702053523492,0.96,22.226
ETCUSDT,SELL,LIMIT,1702055289228,3.38,21.851
ETCUSDT,SELL,LIMIT,1702055300020,6.50,21.825
ETCUSDT,SELL,LIMIT,1702055304281,16.10,21.823
ETCUSDT,SELL,LIMIT,1702055308187,5.17,21.818
ETCUSDT,SELL,LIMIT,1702055321298,9.09,21.811
ETCUSDT,SELL,LIMIT,1702055327426,33.97,21.810
ETCUSDT,SELL,LIMIT,1702055328428,26.46,21.802
ETCUSDT,SELL,LIMIT,1702055332478,101.37,21.798
ETCUSDT,SELL,LIMIT,1702055475174,2.44,21.776
ETCUSDT,SELL,LIMIT,1702056563711,38.70,21.767
ETCUSDT,SELL,LIMIT,1702056625692,1.50,21.795
ETCUSDT,BUY,LIMIT,1702065942715,6.07,22.153
ETCUSDT,BUY,LIMIT,1702066036035,15.88,22.171
ETCUSDT,BUY,LIMIT,1702068112176,9.94,22.211
ETCUSDT,BUY,LIMIT,1702068898058,16.23,22.254
ETCUSDT,BUY,LIMIT,1702070610876,40.35,22.250
ETCUSDT,BUY,LIMIT,1702070656234,4.98,22.273
ETCUSDT,BUY,LIMIT,1702070678556,1.93,22.279
ETCUSDT,BUY,LIMIT,1702070895513,36.15,22.295
ETCUSDT,BUY,LIMIT,1702072671667,4.02,22.247
ETCUSDT,SELL,LIMIT,1702076035156,2.49,21.967
ETCUSDT,BUY,LIMIT,1702077502374,97.04,22.340
ETCUSDT,BUY,LIMIT,1702077645077,13.43,22.378
ETCUSDT,BUY,LIMIT,1702078182357,287.92,22.389
ETCUSDT,BUY,LIMIT,1702078609448,18.47,22.367
ETCUSDT,BUY,LIMIT,1702078884146,41.22,22.375
ETCUSDT,SELL,LIMIT,1702079449621,15.54,22.206
ETCUSDT,BUY,LIMIT,1702080160330,63.26,22.441
ETCUSDT,BUY,LIMIT,1702080226415,2.33,22.445
ETCUSDT,BUY,LIMIT,1702080274145,507.43,22.480
ETCUSDT,BUY,LIMIT,1702080749970,208.98,22.457
ETCUSDT,BUY,LIMIT,1702081183104,32.72,22.408
ETCUSDT,BUY,LIMIT,1702081229517,96.18,22.408
ETCUSDT,SELL,LIMIT,1702081364752,6.64,22.174
ETCUSDT,BUY,LIMIT,1702081491640,0.95,22.387
ETCUSDT,BUY,LIMIT,1702081663162,3.02,22.419
ETCUSDT,BUY,LIMIT,1702081750237,27.29,22.477
ETCUSDT,BUY,LIMIT,1702081825947,224.53,22.493
ETCUSDT,BUY,LIMIT,1702082054132,30.00,22.546
ETCUSDT,BUY,LIMIT,1702082062326,224.50,22.561
ETCUSDT,BUY,LIMIT,1702082074065,1.67,22.590
ETCUSDT,BUY,LIMIT,1702082094847,19.85,22.603
ETCUSDT,BUY,LIMIT,1702082112305,27.91,22.615
ETCUSDT,BUY,LIMIT,1702082441745,3.29,22.508
ETCUSDT,SELL,LIMIT,1702082626477,8.61,22.281
ETCUSDT,SELL,LIMIT,1702083930374,98.90,22.108
ETCUSDT,SELL,LIMIT,1702084073200,2.78,22.050
ETCUSDT,SELL,LIMIT,1702084090265,150.39,22.022
ETCUSDT,SELL,LIMIT,1702084103929,447.09,21.988
ETCUSDT,BUY,LIMIT,1702084788545,4.88,22.354
ETCUSDT,BUY,LIMIT,1702085555501,1.89,22.326
ETCUSDT,BUY,LIMIT,1702085738428,4.24,22.396
ETCUSDT,BUY,LIMIT,1702085882293,1.78,22.558
ETCUSDT,SELL,LIMIT,1702087341205,6.63,22.167
ETCUSDT,BUY,LIMIT,1702091601107,67.93,22.327
ETCUSDT,BUY,LIMIT,1702092586141,22.34,22.369
ETCUSDT,BUY,LIMIT,1702092602375,12.36,22.384
ETCUSDT,BUY,LIMIT,1702094637317,10.72,22.430
ETCUSDT,BUY,LIMIT,1702094787161,17.02,22.471
ETCUSDT,BUY,LIMIT,1702094841574,45.94,22.474
ETCUSDT,BUY,LIMIT,1702096034203,46.49,22.541
ETCUSDT,BUY,LIMIT,1702097662665,40.68,22.600
ETCUSDT,BUY,LIMIT,1702098316559,3.02,22.614
ETCUSDT,BUY,LIMIT,1702098919770,3.18,22.633
ETCUSDT,BUY,LIMIT,1702098952577,12.25,22.644
ETCUSDT,BUY,LIMIT,1702099040747,62.15,22.651
ETCUSDT,BUY,LIMIT,1702101204887,103.59,22.503
ETCUSDT,BUY,LIMIT,1702101908551,7.61,22.638
ETCUSDT,BUY,LIMIT,1702101931350,58.70,22.674
ETCUSDT,BUY,LIMIT,1702101938918,2.00,22.696
ETCUSDT,BUY,LIMIT,1702101962092,2.09,22.780
ETCUSDT,BUY,LIMIT,1702101963350,97.72,22.782
ETCUSDT,BUY,LIMIT,1702101967326,45.77,22.806
ETCUSDT,BUY,LIMIT,1702101977505,5.51,22.817
ETCUSDT,BUY,LIMIT,1702101979201,3.66,22.838
ETCUSDT,BUY,LIMIT,1702101981790,2.05,22.843
ETCUSDT,BUY,LIMIT,1702101990308,9.50,22.853
ETCUSDT,BUY,LIMIT,1702102000192,4.59,22.864
ETCUSDT,BUY,LIMIT,1702102004356,150.00,22.873
ETCUSDT,BUY,LIMIT,1702102009287,5.67,22.886
ETCUSDT,BUY,LIMIT,1702102018797,206.95,22.898
ETCUSDT,BUY,LIMIT,1702102020167,1.46,22.927
ETCUSDT,BUY,LIMIT,1702102026974,2.84,22.940
ETCUSDT,BUY,LIMIT,1702102029074,449.51,22.977
ETCUSDT,BUY,LIMIT,1702102036077,0.77,22.998
ETCUSDT,BUY,LIMIT,1702102041398,84.49,23.009
ETCUSDT,BUY,LIMIT,1702102042743,2412.49,23.145
ETCUSDT,BUY,LIMIT,1702102044385,3.01,23.043
ETCUSDT,BUY,LIMIT,1702102053162,2.12,23.077
ETCUSDT,BUY,LIMIT,1702102055976,9.33,23.087
ETCUSDT,BUY,LIMIT,1702102146315,33.99,23.093
ETCUSDT,BUY,LIMIT,1702102148487,52.87,23.098
ETCUSDT,BUY,LIMIT,1702102150294,7.12,23.106
ETCUSDT,BUY,LIMIT,1702102154626,3.72,23.107
ETCUSDT,BUY,LIMIT,1702102158462,1113.78,23.191
ETCUSDT,BUY,LIMIT,1702102391422,0.93,22.920
ETCUSDT,BUY,LIMIT,1702102809508,20.12,22.847
ETCUSDT,SELL,LIMIT,1702103079154,3.87,22.581
ETCUSDT,BUY,LIMIT,1702104505077,3.55,22.447
ETCUSDT,SELL,LIMIT,1702104802841,2.79,22.717
ETCUSDT,BUY,LIMIT,1702106152262,27.37,23.043
ETCUSDT,BUY,LIMIT,1702106825704,7.25,22.982
ETCUSDT,SELL,LIMIT,1702106888279,1.69,22.768
ETCUSDT,SELL,LIMIT,1702107088379,150.84,22.717
ETCUSDT,BUY,LIMIT,1702107294105,47.31,22.993
ETCUSDT,BUY,LIMIT,1702107339328,7.06,22.993
ETCUSDT,BUY,LIMIT,1702107511271,6.00,22.959
ETCUSDT,BUY,LIMIT,1702107520311,19.78,22.959
ETCUSDT,BUY,LIMIT,1702107524333,76.08,22.984
ETCUSDT,BUY,LIMIT,1702107982569,57.96,23.000
ETCUSDT,BUY,LIMIT,1702108532625,166.46,23.032
ETCUSDT,BUY,LIMIT,1702108938427,4.41,23.006
ETCUSDT,BUY,LIMIT,1702108951658,9.25,23.014
ETCUSDT,BUY,LIMIT,1702109102696,37.10,23.047
ETCUSDT,BUY,LIMIT,1702109416204,10.03,23.050
ETCUSDT,BUY,LIMIT,1702109512846,38.08,23.050
ETCUSDT,BUY,LIMIT,1702109514107,12.57,23.045
ETCUSDT,BUY,LIMIT,1702109633499,61.81,23.112
ETCUSDT,BUY,LIMIT,1702109741906,4.53,23.125
ETCUSDT,BUY,LIMIT,1702109765685,4.49,23.128
ETCUSDT,BUY,LIMIT,1702109775575,250.00,23.116
ETCUSDT,BUY,LIMIT,1702109781554,3.63,23.142
ETCUSDT,BUY,LIMIT,1702109784157,35.02,23.143
ETCUSDT,BUY,LIMIT,1702109903058,4.14,23.169
ETCUSDT,BUY,LIMIT,1702109905608,94.66,23.180
ETCUSDT,BUY,LIMIT,1702109907384,1.19,23.188
ETCUSDT,BUY,LIMIT,1702109909596,1.73,23.190
ETCUSDT,BUY,LIMIT,1702109910618,23.25,23.209
ETCUSDT,BUY,LIMIT,1702109918362,6.54,23.233
ETCUSDT,BUY,LIMIT,1702109924831,7.12,23.233
ETCUSDT,BUY,LIMIT,1702109941938,14.00,23.251
ETCUSDT,BUY,LIMIT,1702110111196,0.96,23.271
ETCUSDT,BUY,LIMIT,1702110112834,17.24,23.278
ETCUSDT,BUY,LIMIT,1702110115712,1.50,23.285
ETCUSDT,BUY,LIMIT,1702110200171,4.68,23.259
ETCUSDT,BUY,LIMIT,1702110260191,0.60,23.297
ETCUSDT,BUY,LIMIT,1702110288145,686.47,23.352
ETCUSDT,BUY,LIMIT,1702110289267,5.02,23.326
ETCUSDT,BUY,LIMIT,1702110290318,1.50,23.316
ETCUSDT,BUY,LIMIT,1702110294233,87.32,23.335
ETCUSDT,BUY,LIMIT,1702110295970,30.40,23.338
ETCUSDT,BUY,LIMIT,1702110301147,7.07,23.360
ETCUSDT,BUY,LIMIT,1702110303220,10.00,23.365
ETCUSDT,BUY,LIMIT,1702110310455,121.32,23.373
ETCUSDT,BUY,LIMIT,1702110312022,26.47,23.374
ETCUSDT,BUY,LIMIT,1702110322106,3.04,23.388
ETCUSDT,BUY,LIMIT,1702110329646,13.94,23.398
ETCUSDT,BUY,LIMIT,1702110334805,6.38,23.416
ETCUSDT,BUY,LIMIT,1702110359197,50.84,23.409
ETCUSDT,BUY,LIMIT,1702110393350,114.84,23.419
ETCUSDT,BUY,LIMIT,1702110495210,6.48,23.358
ETCUSDT,BUY,LIMIT,1702110579723,2.13,23.434
ETCUSDT,BUY,LIMIT,1702110583599,1097.45,23.535
ETCUSDT,BUY,LIMIT,1702110586700,72.50,23.504
ETCUSDT,BUY,LIMIT,1702110588657,2.57,23.522
ETCUSDT,BUY,LIMIT,1702110592364,25.24,23.559
ETCUSDT,BUY,LIMIT,1702110593484,89.20,23.550
ETCUSDT,SELL,LIMIT,1702110690500,32.83,23.101
ETCUSDT,BUY,LIMIT,1702110727457,0.64,23.331
ETCUSDT,SELL,LIMIT,1702110868953,37.27,23.028
ETCUSDT,SELL,LIMIT,1702110904274,11.38,22.985
ETCUSDT,SELL,LIMIT,1702110910574,7.16,22.969
ETCUSDT,SELL,LIMIT,1702110968146,199.95,22.908
ETCUSDT,SELL,LIMIT,1702110972347,49.26,22.868
ETCUSDT,SELL,LIMIT,1702110974157,15.26,22.880
ETCUSDT,SELL,LIMIT,1702110979094,16.33,22.817
ETCUSDT,SELL,LIMIT,1702110980092,218.17,22.776
ETCUSDT,SELL,LIMIT,1702110981124,33.60,22.790
ETCUSDT,SELL,LIMIT,1702111023259,193.14,22.712
ETCUSDT,SELL,LIMIT,1702111026173,31.55,22.692
ETCUSDT,SELL,LIMIT,1702111032826,200.00,22.668
ETCUSDT,SELL,LIMIT,1702111034274,2.23,22.641
ETCUSDT,SELL,LIMIT,1702111037558,51.47,22.611
ETCUSDT,SELL,LIMIT,1702111039292,54.14,22.602
ETCUSDT,SELL,LIMIT,1702111040403,33.22,22.596
ETCUSDT,SELL,LIMIT,1702111041533,7.03,22.590
ETCUSDT,SELL,LIMIT,1702111042862,0.93,22.584
ETCUSDT,SELL,LIMIT,1702111044537,42.86,22.550
ETCUSDT,SELL,LIMIT,1702111045727,80.83,22.515
ETCUSDT,SELL,LIMIT,1702111046749,60.06,22.496
ETCUSDT,SELL,LIMIT,1702111199242,1.65,22.472
ETCUSDT,SELL,LIMIT,1702111200447,31.07,22.471
ETCUSDT,SELL,LIMIT,1702111339363,20.26,22.566
ETCUSDT,SELL,LIMIT,1702111369313,4.43,22.426
ETCUSDT,SELL,LIMIT,1702111373074,452.39,22.377
ETCUSDT,SELL,LIMIT,1702111374460,5.00,22.393
ETCUSDT,SELL,LIMIT,1702111379016,7.46,22.361
ETCUSDT,SELL,LIMIT,1702111381000,4.36,22.348
ETCUSDT,SELL,LIMIT,1702111385233,24.19,22.316
ETCUSDT,SELL,LIMIT,1702111386295,47.35,22.314
ETCUSDT,SELL,LIMIT,1702111387509,6.07,22.299
ETCUSDT,SELL,LIMIT,1702111392445,140.42,22.323
ETCUSDT,BUY,LIMIT,1702111658413,2.83,22.857
ETCUSDT,SELL,LIMIT,1702112300738,1.12,22.577
ETCUSDT,SELL,LIMIT,1702112321490,109.77,22.536
ETCUSDT,SELL,LIMIT,1702112885282,16.64,22.508
ETCUSDT,SELL,LIMIT,1702112888831,100.00,22.494
ETCUSDT,BUY,LIMIT,1702113376796,4.47,22.981
ETCUSDT,BUY,LIMIT,1702113464752,15.56,23.082
ETCUSDT,BUY,LIMIT,1702114323665,1.26,23.038
ETCUSDT,SELL,LIMIT,1702114442967,0.24,22.773
ETCUSDT,SELL,LIMIT,1702114753833,197.87,22.658
ETCUSDT,SELL,LIMIT,1702114984867,1.04,22.590
ETCUSDT,SELL,LIMIT,1702114990770,4.35,22.568
ETCUSDT,SELL,LIMIT,1702114994878,44.62,22.550
ETCUSDT,SELL,LIMIT,1702115082190,85.97,22.474
ETCUSDT,SELL,LIMIT,1702119818425,20.67,22.591
ETCUSDT,SELL,LIMIT,1702120958753,49.44,22.510
ETCUSDT,SELL,LIMIT,1702120982201,2.19,22.503
ETCUSDT,SELL,LIMIT,1702120994333,1.95,22.502
ETCUSDT,SELL,LIMIT,1702121345549,417.58,22.427
ETCUSDT,SELL,LIMIT,1702121353700,96.01,22.430
ETCUSDT,BUY,LIMIT,1702126135163,23.94,22.874
ETCUSDT,BUY,LIMIT,1702127046455,0.96,22.825
ETCUSDT,SELL,LIMIT,1702132660156,1.30,22.647
ETCUSDT,SELL,LIMIT,1702132793450,4.40,22.612
ETCUSDT,SELL,LIMIT,1702132933440,0.02,22.557
ETCUSDT,SELL,LIMIT,1702132952802,29.66,22.539
ETCUSDT,SELL,LIMIT,1702132966974,221.22,22.540
ETCUSDT,SELL,LIMIT,1702132996463,125.09,22.471
ETCUSDT,SELL,LIMIT,1702133001108,4.39,22.426
ETCUSDT,SELL,LIMIT,1702133002317,2.97,22.410
ETCUSDT,SELL,LIMIT,1702133003332,39.27,22.372
ETCUSDT,SELL,LIMIT,1702133004427,3.18,22.361
ETCUSDT,SELL,LIMIT,1702133005484,122.80,22.363
ETCUSDT,SELL,LIMIT,1702133006926,45.73,22.308
ETCUSDT,SELL,LIMIT,1702133008069,937.38,22.209
ETCUSDT,SELL,LIMIT,1702133009197,219.83,22.198
ETCUSDT,SELL,LIMIT,1702133325504,3.99,22.599
ETCUSDT,SELL,LIMIT,1702133376579,33.11,22.253
