Symbol,Side,Order Type,Time,Quantity,Price
ETHUSDT_231229,SELL,LIMIT,1701939869413,0.043,2232.47
ETHUSDT_231229,SELL,LIMIT,1701941160148,0.040,2219.12
ETHUSDT_231229,SELL,LIMIT,1701941240461,5.342,2214.41
ETHUSDT_231229,BUY,LIMIT,1701953839074,0.016,2287.38
ETHUSDT_231229,BUY,LIMIT,1701960961503,0.209,2300.58
ETHUSDT_231229,BUY,LIMIT,1701961041037,0.022,2304.38
ETHUSDT_231229,BUY,LIMIT,1701961405855,0.003,2308.75
ETHUSDT_231229,BUY,LIMIT,1701962230698,0.026,2324.41
ETHUSDT_231229,BUY,LIMIT,1701962514495,0.132,2333.66
ETHUSDT_231229,BUY,LIMIT,1701962708263,0.188,2340.75
ETHUSDT_231229,BUY,LIMIT,1701962858526,0.027,2353.57
ETHUSDT_231229,BUY,LIMIT,1701963033130,0.078,2358.95
ETHUSDT_231229,BUY,LIMIT,1701963041483,0.674,2359.71
ETHUSDT_231229,BUY,LIMIT,1701963579418,0.572,2353.83
ETHUSDT_231229,BUY,LIMIT,1701963862146,0.458,2362.05
ETHUSDT_231229,BUY,LIMIT,1701964373961,0.014,2364.35
ETHUSDT_231229,BUY,LIMIT,1701965519153,0.011,2377.47
ETHUSDT_231229,BUY,LIMIT,1701965551357,0.058,2378.92
ETHUSDT_231229,BUY,LIMIT,1701966413484,0.005,2384.11
ETHUSDT_231229,BUY,LIMIT,1701966467269,0.848,2385.00
ETHUSDT_231229,BUY,LIMIT,1701966860760,0.700,2388.85
ETHUSDT_231229,BUY,LIMIT,1701970126097,0.003,2373.12
ETHUSDT_231229,SELL,LIMIT,1701977383071,0.006,2318.54
ETHUSDT_231229,BUY,LIMIT,1701984193047,0.042,2391.53
ETHUSDT_231229,BUY,LIMIT,1701984279463,0.092,2402.48
ETHUSDT_231229,BUY,LIMIT,1701984741646,0.368,2413.94
ETHUSDT_231229,BUY,LIMIT,1701984759519,0.016,2415.77
ETHUSDT_231229,BUY,LIMIT,1701984766224,0.180,2415.45
ETHUSDT_231229,BUY,LIMIT,1702003959616,0.117,2423.97
ETHUSDT_231229,BUY,LIMIT,1702008927844,0.060,2427.65
ETHUSDT_231229,BUY,LIMIT,1702011152745,0.003,2402.23
ETHUSDT_231229,SELL,LIMIT,1702022566379,0.104,2342.17
ETHUSDT_231229,SELL,LIMIT,1702042247312,0.022,2334.36
ETHUSDT_231229,BUY,LIMIT,1702053308162,0.061,2394.64
ETHUSDT_231229,BUY,LIMIT,1702054437926,0.200,2392.05
ETHUSDT_231229,SELL,LIMIT,1702056282877,0.021,2335.36
ETHUSDT_231229,BUY,LIMIT,1702065764614,0.042,2389.62
ETHUSDT_231229,BUY,LIMIT,1702070630772,0.019,2406.74
ETHUSDT_231229,BUY,LIMIT,1702070658191,0.257,2406.54
ETHUSDT_231229,BUY,LIMIT,1702070732421,0.943,2410.81
ETHUSDT_231229,BUY,LIMIT,1702104772820,0.656,2404.28
ETHUSDT_231229,BUY,LIMIT,1702105970543,0.067,2424.75
ETHUSDT_231229,BUY,LIMIT,1702106866137,0.509,2417.85
ETHUSDT_231229,BUY,LIMIT,1702109756789,0.047,2432.43
ETHUSDT_231229,BUY,LIMIT,1702109787270,0.215,2434.48
ETHUSDT_231229,BUY,LIMIT,1702110067620,0.007,2438.64
ETHUSDT_231229,SELL,LIMIT,1702111037954,0.615,2374.38
ETHUSDT_231229,SELL,LIMIT,1702111043506,0.029,2375.40
ETHUSDT_231229,SELL,LIMIT,1702133004942,0.092,2339.98
ETHUSDT_231229,SELL,LIMIT,1702133008412,0.004,2333.82
ETHUSDT_231229,SELL,LIMIT,1702133395642,1.000,2329.09
ETHUSDT_231229,SELL,LIMIT,1702142589867,0.203,2337.13
ETHUSDT_231229,SELL,LIMIT,1702164688818,0.017,2335.96
ETHUSDT_231229,SELL,LIMIT,1702164803892,0.916,2328.03
ETHUSDT_231229,SELL,LIMIT,1702164805630,0.734,2327.16
ETHUSDT_231229,SELL,LIMIT,1702164807953,0.327,2339.66
ETHUSDT_231229,SELL,LIMIT,1702164868159,0.011,2322.79
ETHUSDT_231229,SELL,LIMIT,1702202290250,0.989,2320.62
ETHUSDT_231229,BUY,LIMIT,1702241023145,0.496,2404.88
ETHUSDT_231229,SELL,LIMIT,1702250142509,0.312,2343.22
ETHUSDT_231229,SELL,LIMIT,1702250250922,0.071,2340.11
ETHUSDT_231229,SELL,LIMIT,1702256491567,0.125,2325.14
ETHUSDT_231229,SELL,LIMIT,1702256620279,1.284,2320.99
ETHUSDT_231229,SELL,LIMIT,1702259021310,0.047,2318.70
ETHUSDT_231229,SELL,LIMIT,1702260284248,0.609,2307.59
ETHUSDT_231229,SELL,LIMIT,1702260433113,0.081,2297.33
ETHUSDT_231229,SELL,LIMIT,1702260436808,0.084,2295.38
ETHUSDT_231229,SELL,LIMIT,1702260440842,1.636,2292.75
ETHUSDT_231229,SELL,LIMIT,1702260696154,0.051,2291.69
ETHUSDT_231229,SELL,LIMIT,1702260698159,1.000,2290.85
ETHUSDT_231229,SELL,LIMIT,1702260710529,0.183,2285.17
ETHUSDT_231229,SELL,LIMIT,1702260715652,1.269,2278.08
ETHUSDT_231229,SELL,LIMIT,1702260717801,0.083,2274.57
ETHUSDT_231229,SELL,LIMIT,1702260723585,22.154,2272.61
ETHUSDT_231229,SELL,LIMIT,1702260740508,0.045,2293.01
ETHUSDT_231229,SELL,LIMIT,1702260743200,1.787,2273.12
ETHUSDT_231229,SELL,LIMIT,1702260756491,4.930,2261.84
ETHUSDT_231229,SELL,LIMIT,1702260757663,0.013,2264.76
ETHUSDT_231229,SELL,LIMIT,1702260760829,0.003,2254.44
ETHUSDT_231229,SELL,LIMIT,1702260762060,6.450,2253.24
ETHUSDT_231229,SELL,LIMIT,1702260765983,0.102,2240.97
ETHUSDT_231229,SELL,LIMIT,1702260767516,8.507,2252.26
ETHUSDT_231229,SELL,LIMIT,1702260768777,0.910,2232.19
ETHUSDT_231229,SELL,LIMIT,1702260769722,0.020,2226.33
ETHUSDT_231229,SELL,LIMIT,1702260770859,1.535,2221.15
ETHUSDT_231229,BUY,LIMIT,1702260771893,0.405,2250.75
ETHUSDT_231229,SELL,LIMIT,1702260774399,0.032,2194.10
ETHUSDT_231229,SELL,LIMIT,1702260775619,0.200,2195.65
ETHUSDT_231229,SELL,LIMIT,1702260777542,0.016,2186.58
ETHUSDT_231229,BUY,LIMIT,1702260779019,4.160,2224.41
ETHUSDT_231229,SELL,LIMIT,1702260781191,0.037,2198.90
ETHUSDT_231229,SELL,LIMIT,1702260783188,0.445,2171.90
ETHUSDT_231229,SELL,LIMIT,1702260784658,0.246,2195.65
ETHUSDT_231229,SELL,LIMIT,1702260788863,0.250,2162.14
ETHUSDT_231229,SELL,LIMIT,1702260795384,9.000,2160.51
ETHUSDT_231229,SELL,LIMIT,1702260797876,6.000,2156.51
ETHUSDT_231229,SELL,LIMIT,1702260799336,2.328,2156.22
ETHUSDT_231229,SELL,LIMIT,1702260800810,0.061,2155.99
ETHUSDT_231229,SELL,LIMIT,1702260802324,0.032,2156.62
ETHUSDT_231229,SELL,LIMIT,1702260803387,0.867,2153.36
ETHUSDT_231229,SELL,LIMIT,1702260805870,0.507,2152.79
ETHUSDT_231229,SELL,LIMIT,1702260806949,0.249,2152.53
ETHUSDT_231229,SELL,LIMIT,1702260808581,27.943,2140.82
ETHUSDT_231229,SELL,LIMIT,1702260809739,0.042,2146.98
ETHUSDT_231229,SELL,LIMIT,1702260812240,0.032,2142.74
ETHUSDT_231229,SELL,LIMIT,1702260821816,0.032,2152.29
ETHUSDT_231229,BUY,LIMIT,1702265947087,0.111,2285.32
ETHUSDT_231229,BUY,LIMIT,1702266124565,0.154,2288.77
