Symbol,Side,Order Type,Time,Quantity,Price
ETHUSDT,BUY,LIMIT,1700845645909,1.115,2110.85
ETHUSDT,BUY,LIMIT,1700846054603,0.368,2113.60
ETHUSDT,BUY,LIMIT,1700846067864,0.405,2113.86
ETHUSDT,BUY,LIMIT,1700846247112,0.114,2114.66
ETHUSDT,BUY,LIMIT,1700846254212,0.016,2115.04
ETHUSDT,BUY,LIMIT,1700846295821,0.449,2115.70
ETHUSDT,BUY,LIMIT,1700846297035,46.892,2116.23
ETHUSDT,BUY,LIMIT,1700846306534,0.300,2116.80
ETHUSDT,BUY,LIMIT,1700846620484,1.053,2116.99
ETHUSDT,BUY,LIMIT,1700846718423,0.739,2117.70
ETHUSDT,BUY,LIMIT,1700846787506,15.000,2118.37
ETHUSDT,BUY,LIMIT,1700846788550,4.480,2118.45
ETHUSDT,BUY,LIMIT,1700848632915,0.050,2115.13
ETHUSDT,BUY,LIMIT,1700849371086,0.340,2114.43
ETHUSDT,SELL,LIMIT,1700849745385,0.055,2088.06
ETHUSDT,SELL,LIMIT,1700849770086,2.054,2087.36
ETHUSDT,SELL,LIMIT,1700849790916,0.547,2086.97
ETHUSDT,SELL,LIMIT,1700849888937,0.550,2086.41
ETHUSDT,SELL,LIMIT,1700849890828,0.024,2086.23
ETHUSDT,SELL,LIMIT,1700849898794,0.071,2086.25
ETHUSDT,SELL,LIMIT,1700850843141,0.384,2085.09
ETHUSDT,SELL,LIMIT,1700850844529,0.051,2082.21
ETHUSDT,SELL,LIMIT,1700851097476,20.019,2081.18
ETHUSDT,SELL,LIMIT,1700851098664,0.011,2081.13
ETHUSDT,SELL,LIMIT,1700851248560,6.155,2080.98
ETHUSDT,SELL,LIMIT,1700851249609,0.464,2080.38
ETHUSDT,SELL,LIMIT,1700851250868,0.475,2079.84
ETHUSDT,SELL,LIMIT,1700851435542,0.090,2080.37
ETHUSDT,SELL,LIMIT,1700851482611,11.185,2079.48
ETHUSDT,SELL,LIMIT,1700851486403,0.302,2078.87
ETHUSDT,SELL,LIMIT,1700851488172,0.010,2077.87
ETHUSDT,SELL,LIMIT,1700851511123,0.076,2078.00
ETHUSDT,SELL,LIMIT,1700852905242,0.023,2076.66
ETHUSDT,SELL,LIMIT,1700852906120,0.159,2076.54
ETHUSDT,SELL,LIMIT,1700852907065,1.084,2075.49
ETHUSDT,SELL,LIMIT,1700852924127,0.020,2072.50
ETHUSDT,SELL,LIMIT,1700852925139,0.047,2072.96
ETHUSDT,SELL,LIMIT,1700852931039,17.618,2071.64
ETHUSDT,SELL,LIMIT,1700852932057,0.029,2070.48
ETHUSDT,SELL,LIMIT,1700852933196,4.000,2070.52
ETHUSDT,SELL,LIMIT,1700852956578,0.285,2070.01
ETHUSDT,SELL,LIMIT,1700853413229,1.338,2075.25
ETHUSDT,SELL,LIMIT,1700853470905,0.300,2075.15
ETHUSDT,SELL,LIMIT,1700853756101,0.133,2072.82
ETHUSDT,SELL,LIMIT,1700857189065,1.059,2069.32
ETHUSDT,BUY,LIMIT,1700858479134,4.424,2097.51
ETHUSDT,BUY,LIMIT,1700859149461,0.016,2102.00
ETHUSDT,BUY,LIMIT,1700859195469,0.560,2102.61
ETHUSDT,BUY,LIMIT,1700859767182,0.340,2104.31
ETHUSDT,BUY,LIMIT,1700860287113,0.456,2104.92
ETHUSDT,BUY,LIMIT,1700860305995,0.474,2105.52
ETHUSDT,BUY,LIMIT,1700860321547,0.019,2105.96
ETHUSDT,BUY,LIMIT,1700860421206,0.330,2106.31
ETHUSDT,BUY,LIMIT,1700860422456,0.421,2103.28
ETHUSDT,BUY,LIMIT,1700860604359,0.711,2106.10
ETHUSDT,SELL,LIMIT,1700860792006,1.709,2084.32
ETHUSDT,SELL,LIMIT,1700863226245,0.045,2074.57
ETHUSDT,SELL,LIMIT,1700863227245,0.145,2074.08
ETHUSDT,SELL,LIMIT,1700863272345,0.011,2073.37
ETHUSDT,SELL,LIMIT,1700863277303,0.055,2072.99
ETHUSDT,SELL,LIMIT,1700863281035,0.160,2071.89
ETHUSDT,SELL,LIMIT,1700863282198,0.073,2073.32
ETHUSDT,SELL,LIMIT,1700863283244,0.011,2071.46
ETHUSDT,SELL,LIMIT,1700863303203,0.177,2070.47
ETHUSDT,SELL,LIMIT,1700863304341,2.000,2069.52
ETHUSDT,SELL,LIMIT,1700863767649,0.047,2072.26
ETHUSDT,SELL,LIMIT,1700863817052,0.031,2069.62
ETHUSDT,SELL,LIMIT,1700863857647,47.293,2069.79
ETHUSDT,SELL,LIMIT,1700863862206,12.087,2069.78
ETHUSDT,SELL,LIMIT,1700863865215,0.620,2069.38
ETHUSDT,SELL,LIMIT,1700863945348,0.335,2068.86
ETHUSDT,SELL,LIMIT,1700863947051,7.180,2067.75
ETHUSDT,SELL,LIMIT,1700863947866,10.625,2067.66
ETHUSDT,SELL,LIMIT,1700863948717,0.011,2065.06
ETHUSDT,SELL,LIMIT,1700863949590,21.735,2061.25
ETHUSDT,SELL,LIMIT,1700863950598,0.040,2059.66
ETHUSDT,SELL,LIMIT,1700863951603,0.759,2058.92
ETHUSDT,SELL,LIMIT,1700863952458,1.000,2057.56
ETHUSDT,SELL,LIMIT,1700863953224,0.418,2055.96
ETHUSDT,SELL,LIMIT,1700863956930,0.049,2057.27
ETHUSDT,BUY,LIMIT,1700863960162,0.004,2076.92
ETHUSDT,SELL,LIMIT,1700863961410,3.900,2056.78
ETHUSDT,SELL,LIMIT,1700863962735,25.000,2057.68
ETHUSDT,SELL,LIMIT,1700863964235,0.076,2055.98
ETHUSDT,BUY,LIMIT,1700864266259,0.030,2088.19
ETHUSDT,BUY,LIMIT,1700864279297,5.767,2088.85
ETHUSDT,BUY,LIMIT,1700864324879,14.795,2090.49
ETHUSDT,SELL,LIMIT,1700865548359,20.535,2067.69
ETHUSDT,BUY,LIMIT,1700866072375,4.093,2087.12
ETHUSDT,BUY,LIMIT,1700866353495,0.035,2063.42
ETHUSDT,SELL,LIMIT,1700866574171,0.091,2064.27
ETHUSDT,SELL,LIMIT,1700867079211,7.000,2060.21
ETHUSDT,SELL,LIMIT,1700867158142,20.744,2059.49
ETHUSDT,SELL,LIMIT,1700867170275,0.137,2059.22
ETHUSDT,SELL,LIMIT,1700867171409,0.022,2059.12
ETHUSDT,SELL,LIMIT,1700867173617,0.236,2058.90
ETHUSDT,SELL,LIMIT,1700867176339,0.010,2058.79
ETHUSDT,SELL,LIMIT,1700867179373,0.097,2058.14
ETHUSDT,SELL,LIMIT,1700867180665,0.152,2057.63
ETHUSDT,SELL,LIMIT,1700867183218,0.412,2057.31
ETHUSDT,SELL,LIMIT,1700867347241,11.390,2058.47
ETHUSDT,SELL,LIMIT,1700867354650,4.796,2058.27
ETHUSDT,BUY,LIMIT,1700867571081,0.045,2081.92
ETHUSDT,BUY,LIMIT,1700868446630,1.051,2087.65
ETHUSDT,BUY,LIMIT,1700869296180,0.011,2089.09
ETHUSDT,BUY,LIMIT,1700870026857,0.040,2090.85
ETHUSDT,SELL,LIMIT,1700870648723,0.100,2068.41
ETHUSDT,BUY,LIMIT,1700870972349,6.028,2091.85
ETHUSDT,BUY,LIMIT,1700871051099,0.187,2092.22
ETHUSDT,BUY,LIMIT,1700871151743,0.272,2092.70
ETHUSDT,BUY,LIMIT,1700871156281,0.866,2092.87
ETHUSDT,BUY,LIMIT,1700871264385,1.651,2093.74
ETHUSDT,BUY,LIMIT,1700871319045,0.116,2093.84
ETHUSDT,BUY,LIMIT,1700874226140,0.177,2088.83
ETHUSDT,SELL,LIMIT,1700875376974,0.001,2069.98
ETHUSDT,BUY,LIMIT,1700875492094,0.021,2082.84
ETHUSDT,BUY,LIMIT,1700875858414,0.039,2091.15
ETHUSDT,BUY,LIMIT,1700876314027,0.107,2091.50
ETHUSDT,BUY,LIMIT,1700876451147,26.950,2092.00
ETHUSDT,BUY,LIMIT,1700877098511,4.320,2093.54
ETHUSDT,BUY,LIMIT,1700877118745,3.380,2094.37
ETHUSDT,BUY,LIMIT,1700877193262,0.035,2094.95
ETHUSDT,BUY,LIMIT,1700877201678,1.083,2095.34
ETHUSDT,BUY,LIMIT,1700877207660,16.561,2095.73
ETHUSDT,BUY,LIMIT,1700877208924,15.504,2096.03
ETHUSDT,BUY,LIMIT,1700877246258,0.600,2096.86
ETHUSDT,BUY,LIMIT,1700877367417,3.936,2097.18
ETHUSDT,BUY,LIMIT,1700878476743,0.963,2091.37
ETHUSDT,SELL,LIMIT,1700878503124,0.391,2070.72
ETHUSDT,SELL,LIMIT,1700878824642,8.017,2068.82
ETHUSDT,BUY,LIMIT,1700879460147,0.598,2094.67
ETHUSDT,BUY,LIMIT,1700880168083,0.637,2097.60
ETHUSDT,BUY,LIMIT,1700880901945,0.018,2094.73
ETHUSDT,BUY,LIMIT,1700882388131,3.238,2097.75
ETHUSDT,BUY,LIMIT,1700882492185,0.171,2098.33
ETHUSDT,BUY,LIMIT,1700882642595,4.344,2098.62
ETHUSDT,BUY,LIMIT,1700883085743,0.051,2099.36
ETHUSDT,BUY,LIMIT,1700883114964,8.564,2099.97
ETHUSDT,BUY,LIMIT,1700883954164,0.022,2099.71
ETHUSDT,SELL,LIMIT,1700884204535,0.348,2077.74
ETHUSDT,BUY,LIMIT,1700886027084,0.124,2097.38
ETHUSDT,SELL,LIMIT,1700894507671,0.313,2070.96
ETHUSDT,BUY,LIMIT,1700894987148,0.049,2095.16
ETHUSDT,BUY,LIMIT,1700895732014,0.066,2097.37
ETHUSDT,BUY,LIMIT,1700897196344,0.093,2098.84
ETHUSDT,BUY,LIMIT,1700897212461,0.047,2100.11
ETHUSDT,SELL,LIMIT,1700897934969,0.014,2076.67
ETHUSDT,BUY,LIMIT,1700898809280,0.129,2098.78
ETHUSDT,BUY,LIMIT,1700899326022,5.000,2098.40
ETHUSDT,BUY,LIMIT,1700899539038,0.729,2099.35
ETHUSDT,BUY,LIMIT,1700899552316,1.775,2099.43
ETHUSDT,BUY,LIMIT,1700899655158,0.042,2099.81
ETHUSDT,BUY,LIMIT,1700900513065,0.079,2095.21
ETHUSDT,SELL,LIMIT,1700903392021,0.237,2073.49
ETHUSDT,SELL,LIMIT,1700904775906,4.773,2069.32
ETHUSDT,SELL,LIMIT,1700907500072,0.558,2069.04
ETHUSDT,SELL,LIMIT,1700907503948,0.985,2068.97
ETHUSDT,SELL,LIMIT,1700907512671,34.575,2068.52
ETHUSDT,BUY,LIMIT,1700907702568,3.380,2089.74
ETHUSDT,SELL,LIMIT,1700908419513,0.606,2068.22
ETHUSDT,SELL,LIMIT,1700908420662,20.917,2067.99
ETHUSDT,SELL,LIMIT,1700908422051,0.393,2067.78
ETHUSDT,SELL,LIMIT,1700908518198,0.048,2066.73
ETHUSDT,SELL,LIMIT,1700908560142,0.332,2066.41
ETHUSDT,SELL,LIMIT,1700908562373,0.027,2066.28
ETHUSDT,SELL,LIMIT,1700908563730,0.459,2066.13
ETHUSDT,SELL,LIMIT,1700908566611,0.100,2065.96
ETHUSDT,SELL,LIMIT,1700908572854,0.092,2065.78
ETHUSDT,SELL,LIMIT,1700908626096,7.190,2065.56
ETHUSDT,SELL,LIMIT,1700908649153,0.981,2065.30
ETHUSDT,SELL,LIMIT,1700908651163,0.492,2065.03
ETHUSDT,SELL,LIMIT,1700908661603,0.199,2064.59
ETHUSDT,SELL,LIMIT,1700908663407,1.195,2064.52
ETHUSDT,SELL,LIMIT,1700908967776,0.870,2065.05
ETHUSDT,SELL,LIMIT,1700908983607,0.022,2064.26
ETHUSDT,SELL,LIMIT,1700909031787,0.022,2064.17
ETHUSDT,SELL,LIMIT,1700909038311,0.047,2063.98
ETHUSDT,SELL,LIMIT,1700909040307,1.214,2063.98
ETHUSDT,SELL,LIMIT,1700909050704,1.226,2063.86
ETHUSDT,SELL,LIMIT,1700909059948,0.358,2063.74
ETHUSDT,SELL,LIMIT,1700909061013,0.376,2063.60
ETHUSDT,SELL,LIMIT,1700911145065,2.300,2064.51
ETHUSDT,SELL,LIMIT,1700911147048,0.011,2063.28
ETHUSDT,SELL,LIMIT,1700911148067,0.311,2062.45
ETHUSDT,SELL,LIMIT,1700911341179,0.011,2061.86
ETHUSDT,SELL,LIMIT,1700911342297,0.921,2061.93
ETHUSDT,SELL,LIMIT,1700911345416,0.231,2061.27
ETHUSDT,SELL,LIMIT,1700911353990,0.245,2061.04
ETHUSDT,SELL,LIMIT,1700911362138,0.215,2060.86
ETHUSDT,SELL,LIMIT,1700911367261,0.466,2060.80
ETHUSDT,SELL,LIMIT,1700911368581,0.034,2060.56
ETHUSDT,SELL,LIMIT,1700911387411,0.032,2060.36
ETHUSDT,SELL,LIMIT,1700911428397,47.578,2060.27
ETHUSDT,SELL,LIMIT,1700911439040,0.315,2060.04
ETHUSDT,SELL,LIMIT,1700911522645,48.082,2059.97
ETHUSDT,SELL,LIMIT,1700911541371,4.344,2059.58
ETHUSDT,SELL,LIMIT,1700911543711,0.034,2059.18
ETHUSDT,SELL,LIMIT,1700911556240,0.040,2058.84
ETHUSDT,SELL,LIMIT,1700912140321,10.065,2058.76
ETHUSDT,SELL,LIMIT,1700912169121,0.048,2058.73
ETHUSDT,SELL,LIMIT,1700912172702,2.930,2058.72
ETHUSDT,SELL,LIMIT,1700912225415,0.917,2058.40
ETHUSDT,SELL,LIMIT,1700912228520,0.229,2058.38
ETHUSDT,SELL,LIMIT,1700912230181,0.600,2058.14
ETHUSDT,SELL,LIMIT,1700912248723,0.089,2058.50
ETHUSDT,SELL,LIMIT,1700912273247,0.350,2058.47
ETHUSDT,SELL,LIMIT,1700912368308,0.024,2058.05
ETHUSDT,SELL,LIMIT,1700912438157,0.275,2057.77
ETHUSDT,SELL,LIMIT,1700912443729,0.086,2057.78
ETHUSDT,SELL,LIMIT,1700912449782,0.346,2057.67
ETHUSDT,SELL,LIMIT,1700912451226,0.010,2057.59
ETHUSDT,SELL,LIMIT,1700912486356,0.082,2057.33
ETHUSDT,SELL,LIMIT,1700912487466,2.598,2057.31
ETHUSDT,SELL,LIMIT,1700912491210,2.000,2057.27
ETHUSDT,SELL,LIMIT,1700912494845,1.174,2058.77
ETHUSDT,SELL,LIMIT,1700912503421,4.411,2057.08
ETHUSDT,SELL,LIMIT,1700912504575,0.198,2056.67
ETHUSDT,SELL,LIMIT,1700912506114,0.366,2056.50
ETHUSDT,SELL,LIMIT,1700912511058,0.014,2056.43
ETHUSDT,SELL,LIMIT,1700912554418,0.246,2056.20
ETHUSDT,SELL,LIMIT,1700912555472,1.407,2055.96
ETHUSDT,SELL,LIMIT,1700912586332,0.045,2056.51
ETHUSDT,SELL,LIMIT,1700912645155,0.045,2055.91
ETHUSDT,SELL,LIMIT,1700912662592,0.169,2055.71
ETHUSDT,SELL,LIMIT,1700912665593,0.309,2055.52
ETHUSDT,SELL,LIMIT,1700912666803,0.013,2055.49
ETHUSDT,BUY,LIMIT,1700915835561,13.994,2086.47
ETHUSDT,BUY,LIMIT,1700915856421,6.679,2086.93
ETHUSDT,BUY,LIMIT,1700916425495,0.049,2086.14
ETHUSDT,BUY,LIMIT,1700917062416,2.280,2087.58
ETHUSDT,BUY,LIMIT,1700917106970,0.972,2087.91
ETHUSDT,BUY,LIMIT,1700917135385,0.422,2088.22
ETHUSDT,BUY,LIMIT,1700919755440,1.223,2089.07
ETHUSDT,SELL,LIMIT,1700919895579,0.017,2068.28
ETHUSDT,BUY,LIMIT,1700923220127,0.566,2076.96
ETHUSDT,SELL,LIMIT,1700925666698,5.000,2058.83
ETHUSDT,SELL,LIMIT,1700925862488,2.052,2057.77
ETHUSDT,SELL,LIMIT,1700925865115,0.121,2057.45
ETHUSDT,SELL,LIMIT,1700925866755,3.465,2057.35
ETHUSDT,SELL,LIMIT,1700925868957,0.016,2057.25
ETHUSDT,BUY,LIMIT,1700927192436,0.030,2087.57
ETHUSDT,BUY,LIMIT,1700928165289,0.024,2089.95
ETHUSDT,BUY,LIMIT,1700928196419,0.033,2090.24
ETHUSDT,BUY,LIMIT,1700928200226,0.028,2090.74
ETHUSDT,BUY,LIMIT,1700928215550,0.700,2090.97
ETHUSDT,BUY,LIMIT,1700928217511,0.231,2091.08
ETHUSDT,BUY,LIMIT,1700928224332,0.283,2091.66
ETHUSDT,BUY,LIMIT,1700928228093,0.817,2091.97
ETHUSDT,BUY,LIMIT,1700928251328,0.272,2092.29
ETHUSDT,BUY,LIMIT,1700928252351,5.652,2092.66
ETHUSDT,BUY,LIMIT,1700928265969,9.687,2093.01
ETHUSDT,BUY,LIMIT,1700928284552,0.045,2093.11
ETHUSDT,BUY,LIMIT,1700928300746,1.328,2093.18
ETHUSDT,BUY,LIMIT,1700928440358,0.034,2093.44
ETHUSDT,BUY,LIMIT,1700928453478,0.085,2093.66
ETHUSDT,BUY,LIMIT,1700928531303,0.052,2093.86
ETHUSDT,BUY,LIMIT,1700928536980,4.776,2093.93
ETHUSDT,BUY,LIMIT,1700928539333,5.457,2094.44
ETHUSDT,BUY,LIMIT,1700928644597,1.392,2094.50
ETHUSDT,BUY,LIMIT,1700928646103,0.060,2094.60
ETHUSDT,BUY,LIMIT,1700928651216,0.115,2094.77
ETHUSDT,BUY,LIMIT,1700933079832,1.243,2086.37
ETHUSDT,BUY,LIMIT,1700933459458,0.050,2086.23
ETHUSDT,BUY,LIMIT,1700934092468,0.931,2088.34
ETHUSDT,BUY,LIMIT,1700934239037,20.000,2088.70
ETHUSDT,SELL,LIMIT,1700934803391,0.260,2066.53
ETHUSDT,BUY,LIMIT,1700937245170,3.671,2088.35
ETHUSDT,BUY,LIMIT,1700937256486,3.296,2089.72
ETHUSDT,BUY,LIMIT,1700938488369,0.048,2091.52
ETHUSDT,BUY,LIMIT,1700939099206,1.344,2093.65
ETHUSDT,SELL,LIMIT,1700939606270,0.966,2080.04
