Symbol,Side,Order Type,Time,Quantity,Price
ETHUSDT,BUY,LIMIT,1701916300177,0.021,2257.50
ETHUSDT,BUY,LIMIT,1701916335258,0.206,2259.16
ETHUSDT,BUY,LIMIT,1701916392884,0.873,2259.42
ETHUSDT,BUY,LIMIT,1701916427196,0.119,2259.59
ETHUSDT,BUY,LIMIT,1701916432287,0.629,2259.82
ETHUSDT,SELL,LIMIT,1701917574201,0.083,2311.64
ETHUSDT,SELL,LIMIT,1701917602292,0.052,2237.07
ETHUSDT,BUY,LIMIT,1701919093431,4.571,2251.08
ETHUSDT,BUY,LIMIT,1701919462859,0.496,2260.91
ETHUSDT,BUY,LIMIT,1701920116275,5.015,2261.53
ETHUSDT,BUY,LIMIT,1701921951825,4.492,2262.35
ETHUSDT,BUY,LIMIT,1701921952931,5.323,2262.39
ETHUSDT,BUY,LIMIT,1701922077307,0.075,2262.95
ETHUSDT,BUY,LIMIT,1701922107285,1.521,2262.96
ETHUSDT,BUY,LIMIT,1701922114833,17.233,2263.01
ETHUSDT,BUY,LIMIT,1701922115896,0.129,2263.12
ETHUSDT,BUY,LIMIT,1701922128835,4.873,2263.34
ETHUSDT,BUY,LIMIT,1701922284041,0.035,2263.58
ETHUSDT,BUY,LIMIT,1701922286074,0.015,2263.76
ETHUSDT,BUY,LIMIT,1701922321829,0.018,2263.81
ETHUSDT,BUY,LIMIT,1701922348196,0.500,2263.97
ETHUSDT,BUY,LIMIT,1701922363219,0.098,2264.12
ETHUSDT,BUY,LIMIT,1701922383098,0.043,2264.34
ETHUSDT,BUY,LIMIT,1701922601241,2.000,2265.38
ETHUSDT,BUY,LIMIT,1701922634305,0.184,2265.74
ETHUSDT,BUY,LIMIT,1701922638093,0.151,2265.82
ETHUSDT,BUY,LIMIT,1701922658040,0.838,2266.14
ETHUSDT,BUY,LIMIT,1701922665005,0.058,2266.27
ETHUSDT,BUY,LIMIT,1701922694856,0.016,2266.50
ETHUSDT,BUY,LIMIT,1701922802734,0.424,2267.11
ETHUSDT,BUY,LIMIT,1701922825132,0.229,2267.47
ETHUSDT,BUY,LIMIT,1701922909287,0.109,2268.13
ETHUSDT,BUY,LIMIT,1701922928118,0.503,2268.48
ETHUSDT,BUY,LIMIT,1701922947225,0.236,2268.87
ETHUSDT,BUY,LIMIT,1701922948461,11.967,2269.07
ETHUSDT,BUY,LIMIT,1701922992915,0.128,2269.27
ETHUSDT,BUY,LIMIT,1701923000281,0.038,2269.33
ETHUSDT,BUY,LIMIT,1701923003209,0.030,2269.71
ETHUSDT,BUY,LIMIT,1701923034885,0.062,2270.35
ETHUSDT,BUY,LIMIT,1701923132801,0.621,2270.61
ETHUSDT,BUY,LIMIT,1701923136236,2.908,2270.74
ETHUSDT,BUY,LIMIT,1701923149288,0.089,2270.80
ETHUSDT,BUY,LIMIT,1701923150305,0.019,2270.86
ETHUSDT,BUY,LIMIT,1701923151487,1.787,2270.90
ETHUSDT,BUY,LIMIT,1701923156214,0.010,2271.75
ETHUSDT,BUY,LIMIT,1701923179984,0.018,2271.84
ETHUSDT,BUY,LIMIT,1701923182767,0.026,2272.00
ETHUSDT,BUY,LIMIT,1701923185384,0.040,2272.05
ETHUSDT,BUY,LIMIT,1701923210641,2.978,2272.22
ETHUSDT,BUY,LIMIT,1701923223875,0.500,2272.55
ETHUSDT,BUY,LIMIT,1701923251088,98.560,2274.95
ETHUSDT,BUY,LIMIT,1701923252097,0.128,2273.30
ETHUSDT,BUY,LIMIT,1701923259509,8.270,2273.62
ETHUSDT,BUY,LIMIT,1701923284313,2.822,2274.16
ETHUSDT,BUY,LIMIT,1701923293426,0.182,2274.48
ETHUSDT,BUY,LIMIT,1701923295222,0.099,2274.71
ETHUSDT,BUY,LIMIT,1701923296441,0.225,2275.04
ETHUSDT,BUY,LIMIT,1701923297828,4.914,2275.24
ETHUSDT,BUY,LIMIT,1701923299340,44.444,2275.95
ETHUSDT,BUY,LIMIT,1701923835114,1.801,2276.44
ETHUSDT,BUY,LIMIT,1701923836460,0.017,2276.89
ETHUSDT,BUY,LIMIT,1701923838107,1.000,2277.00
ETHUSDT,BUY,LIMIT,1701923840404,1.578,2277.32
ETHUSDT,BUY,LIMIT,1701923859420,0.942,2277.36
ETHUSDT,BUY,LIMIT,1701924192712,0.044,2277.55
ETHUSDT,BUY,LIMIT,1701924279012,0.361,2277.49
ETHUSDT,BUY,LIMIT,1701924657046,0.608,2277.17
ETHUSDT,BUY,LIMIT,1701924732496,0.070,2275.29
ETHUSDT,BUY,LIMIT,1701924762072,2.425,2276.34
ETHUSDT,BUY,LIMIT,1701924772644,0.010,2272.96
ETHUSDT,BUY,LIMIT,1701924779459,0.473,2276.43
ETHUSDT,SELL,LIMIT,1701925305849,0.046,2252.09
ETHUSDT,BUY,LIMIT,1701925560345,0.029,2277.79
ETHUSDT,BUY,LIMIT,1701925563685,0.093,2278.10
ETHUSDT,BUY,LIMIT,1701925566436,3.673,2278.59
ETHUSDT,BUY,LIMIT,1701925594069,0.319,2279.07
ETHUSDT,BUY,LIMIT,1701925595525,0.040,2279.42
ETHUSDT,BUY,LIMIT,1701925693771,3.001,2278.67
ETHUSDT,BUY,LIMIT,1701925825235,0.180,2277.73
ETHUSDT,BUY,LIMIT,1701925988825,0.008,2273.66
ETHUSDT,BUY,LIMIT,1701926519569,0.046,2278.64
ETHUSDT,BUY,LIMIT,1701926524505,5.000,2279.85
ETHUSDT,BUY,LIMIT,1701926536991,0.009,2280.30
ETHUSDT,BUY,LIMIT,1701926540302,0.023,2280.31
ETHUSDT,BUY,LIMIT,1701926541832,0.442,2280.44
ETHUSDT,BUY,LIMIT,1701926543569,6.863,2280.68
ETHUSDT,BUY,LIMIT,1701926553314,0.448,2281.03
ETHUSDT,BUY,LIMIT,1701927621071,9.266,2279.77
ETHUSDT,SELL,LIMIT,1701930787232,0.175,2280.86
ETHUSDT,SELL,LIMIT,1701931650223,0.892,2248.41
ETHUSDT,SELL,LIMIT,1701931651978,0.896,2248.54
ETHUSDT,SELL,LIMIT,1701936758931,14.615,2253.87
ETHUSDT,SELL,LIMIT,1701936913066,0.346,2246.90
ETHUSDT,SELL,LIMIT,1701936914722,4.369,2246.64
ETHUSDT,SELL,LIMIT,1701936915737,0.332,2246.39
ETHUSDT,SELL,LIMIT,1701936917047,4.373,2246.23
ETHUSDT,SELL,LIMIT,1701936919154,0.100,2246.00
ETHUSDT,SELL,LIMIT,1701936922987,0.052,2245.60
ETHUSDT,SELL,LIMIT,1701936924021,0.120,2245.51
ETHUSDT,SELL,LIMIT,1701936925078,0.681,2244.89
ETHUSDT,SELL,LIMIT,1701936977982,0.064,2244.67
ETHUSDT,SELL,LIMIT,1701936980137,0.035,2244.52
ETHUSDT,SELL,LIMIT,1701937247402,2.627,2244.37
ETHUSDT,SELL,LIMIT,1701937248501,30.358,2243.77
ETHUSDT,SELL,LIMIT,1701937257959,0.125,2243.05
ETHUSDT,SELL,LIMIT,1701937264481,0.285,2242.98
ETHUSDT,SELL,LIMIT,1701937303367,0.196,2242.76
ETHUSDT,SELL,LIMIT,1701937305704,0.287,2242.47
ETHUSDT,SELL,LIMIT,1701937306733,0.233,2242.14
ETHUSDT,SELL,LIMIT,1701937308203,0.619,2241.37
ETHUSDT,SELL,LIMIT,1701937310163,0.039,2240.93
ETHUSDT,SELL,LIMIT,1701937318224,2.183,2240.90
ETHUSDT,SELL,LIMIT,1701937320809,0.254,2240.52
ETHUSDT,SELL,LIMIT,1701937321814,0.126,2240.27
ETHUSDT,SELL,LIMIT,1701937323263,4.458,2240.26
ETHUSDT,SELL,LIMIT,1701937336062,0.009,2240.08
ETHUSDT,SELL,LIMIT,1701937337287,0.400,2239.60
ETHUSDT,SELL,LIMIT,1701937343278,1.810,2240.20
ETHUSDT,SELL,LIMIT,1701937344513,0.848,2239.44
ETHUSDT,SELL,LIMIT,1701937345683,0.016,2239.09
ETHUSDT,SELL,LIMIT,1701937351080,0.024,2238.84
ETHUSDT,SELL,LIMIT,1701937353669,0.601,2242.49
ETHUSDT,SELL,LIMIT,1701937368612,1.675,2238.42
ETHUSDT,SELL,LIMIT,1701937370554,0.427,2237.99
ETHUSDT,SELL,LIMIT,1701937393266,14.843,2237.55
ETHUSDT,SELL,LIMIT,1701937395335,0.183,2236.85
ETHUSDT,SELL,LIMIT,1701937396541,0.023,2236.18
ETHUSDT,SELL,LIMIT,1701937397548,0.069,2236.18
ETHUSDT,BUY,LIMIT,1701939313211,0.177,2262.06
ETHUSDT,SELL,LIMIT,1701939367089,0.015,2238.46
ETHUSDT,SELL,LIMIT,1701939369394,1.331,2239.60
ETHUSDT,SELL,LIMIT,1701939425963,0.229,2237.50
ETHUSDT,SELL,LIMIT,1701939434529,0.648,2237.28
ETHUSDT,SELL,LIMIT,1701939471068,0.178,2236.33
ETHUSDT,SELL,LIMIT,1701939475591,9.396,2236.57
ETHUSDT,SELL,LIMIT,1701939526755,16.912,2237.12
ETHUSDT,SELL,LIMIT,1701939527917,2.601,2235.78
ETHUSDT,SELL,LIMIT,1701939547282,0.400,2235.67
ETHUSDT,SELL,LIMIT,1701939549370,4.639,2235.53
ETHUSDT,SELL,LIMIT,1701939551717,0.745,2235.41
ETHUSDT,SELL,LIMIT,1701939568425,4.421,2234.73
ETHUSDT,SELL,LIMIT,1701939572078,3.906,2234.20
ETHUSDT,SELL,LIMIT,1701939576823,151.701,2229.35
ETHUSDT,SELL,LIMIT,1701939866232,0.975,2233.50
ETHUSDT,SELL,LIMIT,1701939873302,1.500,2233.20
ETHUSDT,SELL,LIMIT,1701939875171,2.261,2232.98
ETHUSDT,SELL,LIMIT,1701939881740,0.018,2232.97
ETHUSDT,SELL,LIMIT,1701939883130,0.100,2232.82
ETHUSDT,SELL,LIMIT,1701939907188,0.200,2231.15
ETHUSDT,SELL,LIMIT,1701939923995,0.100,2231.18
ETHUSDT,SELL,LIMIT,1701939928812,0.036,2230.64
ETHUSDT,SELL,LIMIT,1701939929868,0.159,2230.52
ETHUSDT,SELL,LIMIT,1701939932186,0.066,2236.57
ETHUSDT,SELL,LIMIT,1701939934550,0.049,2230.44
ETHUSDT,SELL,LIMIT,1701939953109,1.094,2230.26
ETHUSDT,SELL,LIMIT,1701939958070,0.513,2230.14
ETHUSDT,SELL,LIMIT,1701939959346,0.273,2230.08
ETHUSDT,SELL,LIMIT,1701939963473,0.947,2229.72
ETHUSDT,SELL,LIMIT,1701939966108,0.128,2229.38
ETHUSDT,SELL,LIMIT,1701939967333,30.052,2229.57
ETHUSDT,SELL,LIMIT,1701939968442,0.063,2228.59
ETHUSDT,SELL,LIMIT,1701939969469,0.013,2228.55
ETHUSDT,SELL,LIMIT,1701939971959,0.200,2228.45
ETHUSDT,SELL,LIMIT,1701939973097,14.780,2228.19
ETHUSDT,SELL,LIMIT,1701939974260,0.023,2228.21
ETHUSDT,SELL,LIMIT,1701939976208,0.041,2227.97
ETHUSDT,SELL,LIMIT,1701939997902,0.794,2229.91
ETHUSDT,SELL,LIMIT,1701940010420,0.018,2227.98
ETHUSDT,SELL,LIMIT,1701940012339,1.680,2227.66
ETHUSDT,SELL,LIMIT,1701940014318,3.664,2227.62
ETHUSDT,SELL,LIMIT,1701940020398,0.101,2227.35
ETHUSDT,SELL,LIMIT,1701940026163,0.033,2227.82
ETHUSDT,SELL,LIMIT,1701940046888,1.175,2227.84
ETHUSDT,SELL,LIMIT,1701940048312,0.383,2227.15
ETHUSDT,SELL,LIMIT,1701940049468,0.101,2227.06
ETHUSDT,SELL,LIMIT,1701940050915,0.009,2228.51
ETHUSDT,SELL,LIMIT,1701940051989,0.059,2226.92
ETHUSDT,SELL,LIMIT,1701940279813,0.107,2228.77
ETHUSDT,SELL,LIMIT,1701940319812,10.000,2227.90
ETHUSDT,SELL,LIMIT,1701940405762,4.502,2227.34
ETHUSDT,SELL,LIMIT,1701940410270,1.236,2226.52
ETHUSDT,SELL,LIMIT,1701940411406,0.089,2226.84
ETHUSDT,SELL,LIMIT,1701940414680,0.034,2226.33
ETHUSDT,SELL,LIMIT,1701940449845,44.128,2226.40
ETHUSDT,SELL,LIMIT,1701940450872,0.010,2226.30
ETHUSDT,SELL,LIMIT,1701940452589,0.885,2225.83
ETHUSDT,SELL,LIMIT,1701940454927,1.938,2225.49
ETHUSDT,SELL,LIMIT,1701940522806,24.293,2225.51
ETHUSDT,SELL,LIMIT,1701940552288,0.275,2225.13
ETHUSDT,SELL,LIMIT,1701940554272,0.366,2224.34
ETHUSDT,SELL,LIMIT,1701940555423,0.085,2224.00
ETHUSDT,SELL,LIMIT,1701940556428,2.540,2230.39
ETHUSDT,SELL,LIMIT,1701940558136,0.027,2222.82
ETHUSDT,SELL,LIMIT,1701940559298,0.303,2222.85
ETHUSDT,SELL,LIMIT,1701940560342,0.190,2224.30
ETHUSDT,SELL,LIMIT,1701940561477,30.000,2222.35
ETHUSDT,SELL,LIMIT,1701940562483,0.177,2221.76
ETHUSDT,SELL,LIMIT,1701940563495,0.024,2221.32
ETHUSDT,SELL,LIMIT,1701940564511,6.000,2219.79
ETHUSDT,SELL,LIMIT,1701940565687,0.648,2219.16
ETHUSDT,SELL,LIMIT,1701940567042,0.009,2218.92
ETHUSDT,SELL,LIMIT,1701940568051,0.669,2218.05
ETHUSDT,SELL,LIMIT,1701940569065,5.892,2218.16
ETHUSDT,SELL,LIMIT,1701940570424,6.691,2217.88
ETHUSDT,SELL,LIMIT,1701941070049,0.009,2219.92
ETHUSDT,SELL,LIMIT,1701941073676,1.200,2219.54
ETHUSDT,SELL,LIMIT,1701941075497,0.091,2219.97
ETHUSDT,SELL,LIMIT,1701941153584,4.621,2220.47
ETHUSDT,SELL,LIMIT,1701941156326,0.107,2219.91
ETHUSDT,SELL,LIMIT,1701941158474,0.216,2219.65
ETHUSDT,SELL,LIMIT,1701941160148,0.270,2219.35
ETHUSDT,SELL,LIMIT,1701941161488,0.063,2219.23
ETHUSDT,SELL,LIMIT,1701941174860,4.511,2219.47
ETHUSDT,SELL,LIMIT,1701941181070,1.146,2219.01
ETHUSDT,SELL,LIMIT,1701941184148,7.013,2219.01
ETHUSDT,SELL,LIMIT,1701941185754,0.069,2218.87
ETHUSDT,SELL,LIMIT,1701941187193,1.795,2218.06
ETHUSDT,SELL,LIMIT,1701941188258,0.044,2220.77
ETHUSDT,SELL,LIMIT,1701941189424,0.640,2217.64
ETHUSDT,SELL,LIMIT,1701941190811,2.080,2217.14
ETHUSDT,SELL,LIMIT,1701941192325,0.015,2216.91
ETHUSDT,SELL,LIMIT,1701941193439,1.386,2218.21
ETHUSDT,SELL,LIMIT,1701941194544,3.095,2216.44
ETHUSDT,SELL,LIMIT,1701941213623,2.000,2218.97
ETHUSDT,SELL,LIMIT,1701941223186,0.029,2221.19
ETHUSDT,SELL,LIMIT,1701941226086,0.441,2215.81
ETHUSDT,SELL,LIMIT,1701941233449,0.243,2215.90
ETHUSDT,SELL,LIMIT,1701941234635,0.103,2216.36
ETHUSDT,SELL,LIMIT,1701941235731,0.036,2215.62
ETHUSDT,SELL,LIMIT,1701941236795,0.037,2215.02
ETHUSDT,SELL,LIMIT,1701941237947,3.051,2214.33
ETHUSDT,SELL,LIMIT,1701941239211,0.471,2213.94
ETHUSDT,SELL,LIMIT,1701941240309,4.803,2216.70
ETHUSDT,SELL,LIMIT,1701941243063,0.084,2213.72
ETHUSDT,SELL,LIMIT,1701941244076,2.238,2212.73
ETHUSDT,SELL,LIMIT,1701941245082,3.905,2212.82
ETHUSDT,SELL,LIMIT,1701941246087,5.343,2212.68
ETHUSDT,SELL,LIMIT,1701941247145,0.122,2211.51
ETHUSDT,SELL,LIMIT,1701941248171,1.000,2211.74
ETHUSDT,SELL,LIMIT,1701941256228,0.394,2212.27
ETHUSDT,BUY,LIMIT,1701941395000,0.430,2241.73
ETHUSDT,BUY,LIMIT,1701941590167,0.564,2246.60
ETHUSDT,BUY,LIMIT,1701941734001,5.152,2249.23
ETHUSDT,BUY,LIMIT,1701942016304,0.887,2250.21
ETHUSDT,BUY,LIMIT,1701942080331,0.040,2250.72
ETHUSDT,BUY,LIMIT,1701942099270,0.103,2251.29
ETHUSDT,BUY,LIMIT,1701942139970,1.335,2251.81
ETHUSDT,BUY,LIMIT,1701942152405,0.061,2252.59
ETHUSDT,BUY,LIMIT,1701942174429,0.009,2253.37
ETHUSDT,BUY,LIMIT,1701942176013,0.413,2253.43
ETHUSDT,BUY,LIMIT,1701942210245,0.022,2253.89
ETHUSDT,BUY,LIMIT,1701942337657,0.044,2252.87
ETHUSDT,BUY,LIMIT,1701942341954,2.350,2254.78
ETHUSDT,BUY,LIMIT,1701942349882,1.821,2255.03
ETHUSDT,BUY,LIMIT,1701942352338,50.000,2254.23
ETHUSDT,BUY,LIMIT,1701942354142,2.000,2255.67
ETHUSDT,BUY,LIMIT,1701942361127,0.209,2256.21
ETHUSDT,BUY,LIMIT,1701942364510,0.791,2256.85
ETHUSDT,BUY,LIMIT,1701942369303,0.040,2257.39
ETHUSDT,BUY,LIMIT,1701942373483,7.592,2258.10
ETHUSDT,BUY,LIMIT,1701942413496,0.737,2257.39
ETHUSDT,BUY,LIMIT,1701942426009,1.000,2257.62
ETHUSDT,BUY,LIMIT,1701942446522,1.000,2258.56
ETHUSDT,BUY,LIMIT,1701942463180,0.038,2258.92
ETHUSDT,SELL,LIMIT,1701943547187,1.534,2225.80
ETHUSDT,SELL,LIMIT,1701943564269,0.742,2225.38
ETHUSDT,SELL,LIMIT,1701943567066,1.135,2225.15
ETHUSDT,SELL,LIMIT,1701943570323,0.152,2225.05
ETHUSDT,SELL,LIMIT,1701943582757,1.606,2224.71
ETHUSDT,SELL,LIMIT,1701943621874,0.038,2224.33
ETHUSDT,SELL,LIMIT,1701943623006,0.333,2224.31
ETHUSDT,SELL,LIMIT,1701943628201,0.525,2223.88
ETHUSDT,SELL,LIMIT,1701943630336,15.344,2223.70
ETHUSDT,SELL,LIMIT,1701943631367,0.013,2223.59
ETHUSDT,SELL,LIMIT,1701943635371,12.960,2222.75
ETHUSDT,SELL,LIMIT,1701943641183,0.225,2222.38
ETHUSDT,SELL,LIMIT,1701943653523,0.148,2222.14
ETHUSDT,SELL,LIMIT,1701943657810,0.858,2222.33
ETHUSDT,SELL,LIMIT,1701943659473,0.600,2221.53
ETHUSDT,SELL,LIMIT,1701943699135,0.057,2221.30
ETHUSDT,SELL,LIMIT,1701943703106,3.014,2221.12
ETHUSDT,SELL,LIMIT,1701946425969,0.200,2224.55
ETHUSDT,BUY,LIMIT,1701947788546,1.113,2253.71
ETHUSDT,BUY,LIMIT,1701947841833,0.034,2254.89
ETHUSDT,BUY,LIMIT,1701947852328,4.476,2255.11
ETHUSDT,BUY,LIMIT,1701947858100,0.139,2255.35
ETHUSDT,SELL,LIMIT,1701949203403,0.010,2224.79
ETHUSDT,SELL,LIMIT,1701949218225,0.022,2224.06
ETHUSDT,SELL,LIMIT,1701949668196,1.328,2221.52
ETHUSDT,SELL,LIMIT,1701949669857,0.260,2221.29
ETHUSDT,SELL,LIMIT,1701949673006,0.016,2220.61
ETHUSDT,SELL,LIMIT,1701950638850,0.025,2222.58
ETHUSDT,SELL,LIMIT,1701950648234,0.182,2222.16
ETHUSDT,BUY,LIMIT,1701950652045,0.038,2226.54
ETHUSDT,SELL,LIMIT,1701950660408,0.311,2221.84
ETHUSDT,BUY,LIMIT,1701951225633,1.343,2250.67
ETHUSDT,SELL,LIMIT,1701951233543,0.020,2230.57
ETHUSDT,BUY,LIMIT,1701951312565,2.672,2253.16
ETHUSDT,BUY,LIMIT,1701951326662,0.031,2252.92
ETHUSDT,SELL,LIMIT,1701951337174,0.202,2231.52
ETHUSDT,BUY,LIMIT,1701951340442,0.288,2254.10
ETHUSDT,BUY,LIMIT,1701951367965,0.022,2254.76
ETHUSDT,BUY,LIMIT,1701951607025,0.021,2248.76
ETHUSDT,SELL,LIMIT,1701951897699,0.021,2231.07
ETHUSDT,BUY,LIMIT,1701952009640,0.013,2255.12
ETHUSDT,BUY,LIMIT,1701952028648,4.608,2255.62
ETHUSDT,BUY,LIMIT,1701952032232,8.797,2255.92
ETHUSDT,BUY,LIMIT,1701952042615,10.000,2256.29
ETHUSDT,BUY,LIMIT,1701952054524,0.094,2256.46
ETHUSDT,BUY,LIMIT,1701952055665,0.042,2256.59
ETHUSDT,BUY,LIMIT,1701952065296,0.034,2256.77
ETHUSDT,BUY,LIMIT,1701952069253,0.228,2257.10
ETHUSDT,BUY,LIMIT,1701952084335,0.040,2257.75
ETHUSDT,BUY,LIMIT,1701952105443,0.010,2258.41
ETHUSDT,BUY,LIMIT,1701952106890,0.013,2258.65
ETHUSDT,BUY,LIMIT,1701952208099,0.142,2259.42
ETHUSDT,BUY,LIMIT,1701952211524,0.033,2259.78
ETHUSDT,BUY,LIMIT,1701952228973,1.716,2259.94
ETHUSDT,BUY,LIMIT,1701952244337,2.270,2260.52
ETHUSDT,BUY,LIMIT,1701952274626,0.041,2260.68
ETHUSDT,BUY,LIMIT,1701952278085,0.024,2260.87
ETHUSDT,BUY,LIMIT,1701952281915,5.329,2260.94
ETHUSDT,BUY,LIMIT,1701952285485,13.243,2261.09
ETHUSDT,BUY,LIMIT,1701952287133,0.010,2261.26
ETHUSDT,BUY,LIMIT,1701952288392,0.021,2261.22
ETHUSDT,BUY,LIMIT,1701952291198,2.169,2261.61
ETHUSDT,BUY,LIMIT,1701952293123,0.062,2261.95
ETHUSDT,BUY,LIMIT,1701952294408,2.678,2262.23
ETHUSDT,BUY,LIMIT,1701952295417,0.521,2261.95
ETHUSDT,BUY,LIMIT,1701952313833,0.050,2263.07
ETHUSDT,BUY,LIMIT,1701952315095,0.092,2263.54
ETHUSDT,BUY,LIMIT,1701952316472,2.224,2263.10
ETHUSDT,BUY,LIMIT,1701952329249,10.074,2264.31
ETHUSDT,BUY,LIMIT,1701952330438,4.818,2264.24
ETHUSDT,BUY,LIMIT,1701953145523,0.489,2259.34
ETHUSDT,BUY,LIMIT,1701953570418,0.029,2257.76
ETHUSDT,BUY,LIMIT,1701953608456,0.584,2261.78
ETHUSDT,BUY,LIMIT,1701953839270,0.009,2264.94
ETHUSDT,BUY,LIMIT,1701953841116,0.670,2265.48
ETHUSDT,BUY,LIMIT,1701953842374,0.067,2265.25
ETHUSDT,BUY,LIMIT,1701953854416,0.263,2265.82
ETHUSDT,BUY,LIMIT,1701953910516,5.000,2267.04
ETHUSDT,BUY,LIMIT,1701953912118,0.044,2267.27
ETHUSDT,SELL,LIMIT,1701953976590,0.001,2244.74
ETHUSDT,BUY,LIMIT,1701953997266,21.613,2267.32
ETHUSDT,BUY,LIMIT,1701954011147,0.085,2268.00
ETHUSDT,BUY,LIMIT,1701954017168,0.015,2268.34
ETHUSDT,BUY,LIMIT,1701954111969,1.484,2268.42
ETHUSDT,BUY,LIMIT,1701954115312,0.010,2268.85
ETHUSDT,BUY,LIMIT,1701954116436,0.893,2269.18
ETHUSDT,BUY,LIMIT,1701954126081,0.018,2269.26
ETHUSDT,BUY,LIMIT,1701954138696,0.048,2269.47
ETHUSDT,BUY,LIMIT,1701954143547,0.030,2269.64
ETHUSDT,BUY,LIMIT,1701954147041,0.177,2269.70
ETHUSDT,BUY,LIMIT,1701954148168,10.000,2269.82
ETHUSDT,BUY,LIMIT,1701954151980,0.161,2269.95
ETHUSDT,BUY,LIMIT,1701955099134,0.103,2227.96
ETHUSDT,SELL,LIMIT,1701956020345,3.008,2236.65
ETHUSDT,SELL,LIMIT,1701956021624,0.867,2236.01
ETHUSDT,SELL,LIMIT,1701956055374,0.960,2235.58
ETHUSDT,SELL,LIMIT,1701956654198,5.634,2234.58
ETHUSDT,SELL,LIMIT,1701956898094,0.883,2233.97
ETHUSDT,SELL,LIMIT,1701956906109,0.511,2233.89
ETHUSDT,SELL,LIMIT,1701956911219,0.101,2233.57
ETHUSDT,BUY,LIMIT,1701959257548,0.033,2265.94
ETHUSDT,BUY,LIMIT,1701959258938,0.339,2266.01
ETHUSDT,BUY,LIMIT,1701959502332,0.001,2266.22
ETHUSDT,BUY,LIMIT,1701959551773,0.011,2267.30
ETHUSDT,BUY,LIMIT,1701959614295,0.039,2268.26
ETHUSDT,BUY,LIMIT,1701959673041,6.008,2268.66
ETHUSDT,BUY,LIMIT,1701959740572,0.230,2270.29
ETHUSDT,BUY,LIMIT,1701959741700,0.449,2270.35
ETHUSDT,BUY,LIMIT,1701959742708,0.009,2270.41
ETHUSDT,BUY,LIMIT,1701959747289,0.038,2270.71
ETHUSDT,BUY,LIMIT,1701959759174,0.144,2270.96
ETHUSDT,BUY,LIMIT,1701959761712,1.851,2271.14
ETHUSDT,BUY,LIMIT,1701959763298,0.420,2271.16
ETHUSDT,BUY,LIMIT,1701959764403,0.016,2271.70
ETHUSDT,BUY,LIMIT,1701959765482,0.076,2271.64
ETHUSDT,BUY,LIMIT,1701959766609,0.081,2272.48
ETHUSDT,BUY,LIMIT,1701959772467,0.044,2272.64
ETHUSDT,BUY,LIMIT,1701960775145,1.248,2273.63
ETHUSDT,BUY,LIMIT,1701960776407,1.000,2273.82
ETHUSDT,BUY,LIMIT,1701960780915,2.252,2274.00
ETHUSDT,BUY,LIMIT,1701960782061,1.088,2274.23
ETHUSDT,BUY,LIMIT,1701960784405,1.199,2274.67
ETHUSDT,BUY,LIMIT,1701960820826,0.011,2275.18
ETHUSDT,BUY,LIMIT,1701960823275,4.088,2275.32
ETHUSDT,BUY,LIMIT,1701960825132,0.289,2275.34
ETHUSDT,BUY,LIMIT,1701960826136,7.000,2275.61
ETHUSDT,BUY,LIMIT,1701960829582,3.571,2275.80
ETHUSDT,BUY,LIMIT,1701960915666,0.902,2276.43
ETHUSDT,BUY,LIMIT,1701960916934,0.036,2276.82
ETHUSDT,BUY,LIMIT,1701960919522,1.573,2276.90
ETHUSDT,BUY,LIMIT,1701960939096,26.860,2277.06
ETHUSDT,BUY,LIMIT,1701960959609,0.053,2277.75
ETHUSDT,BUY,LIMIT,1701960961236,0.520,2277.99
ETHUSDT,BUY,LIMIT,1701960986258,0.192,2278.20
ETHUSDT,BUY,LIMIT,1701960995178,0.052,2278.31
ETHUSDT,BUY,LIMIT,1701960997429,35.983,2278.45
ETHUSDT,BUY,LIMIT,1701960998763,1.000,2278.73
ETHUSDT,BUY,LIMIT,1701961010483,0.066,2279.13
ETHUSDT,BUY,LIMIT,1701961022163,0.548,2279.34
ETHUSDT,BUY,LIMIT,1701961023228,4.396,2279.25
ETHUSDT,BUY,LIMIT,1701961025355,0.375,2280.04
ETHUSDT,BUY,LIMIT,1701961029199,23.977,2280.27
ETHUSDT,BUY,LIMIT,1701961030615,0.389,2280.59
ETHUSDT,BUY,LIMIT,1701961032994,4.441,2280.76
ETHUSDT,BUY,LIMIT,1701961035688,0.699,2280.89
ETHUSDT,BUY,LIMIT,1701961038649,0.014,2280.95
ETHUSDT,BUY,LIMIT,1701961039753,7.566,2281.47
ETHUSDT,BUY,LIMIT,1701961040816,0.116,2281.80
ETHUSDT,BUY,LIMIT,1701961120459,0.166,2280.37
ETHUSDT,BUY,LIMIT,1701961341675,0.250,2281.08
ETHUSDT,BUY,LIMIT,1701961351755,10.990,2281.83
ETHUSDT,BUY,LIMIT,1701961358137,20.065,2282.14
ETHUSDT,BUY,LIMIT,1701961365636,0.720,2282.33
ETHUSDT,BUY,LIMIT,1701961367535,0.295,2282.52
ETHUSDT,BUY,LIMIT,1701961369003,0.048,2282.86
ETHUSDT,BUY,LIMIT,1701961370127,0.027,2283.22
ETHUSDT,BUY,LIMIT,1701961371308,0.087,2283.80
ETHUSDT,BUY,LIMIT,1701961400845,3.557,2284.88
ETHUSDT,BUY,LIMIT,1701961402343,0.157,2285.12
ETHUSDT,BUY,LIMIT,1701961403880,32.297,2285.49
ETHUSDT,BUY,LIMIT,1701961404978,0.132,2285.77
ETHUSDT,BUY,LIMIT,1701961406235,11.535,2285.96
ETHUSDT,BUY,LIMIT,1701961407762,13.371,2287.29
ETHUSDT,BUY,LIMIT,1701961408981,3.000,2287.33
ETHUSDT,BUY,LIMIT,1701961410045,0.895,2287.99
ETHUSDT,BUY,LIMIT,1701961413231,1.200,2288.49
ETHUSDT,BUY,LIMIT,1701961429618,0.026,2288.51
ETHUSDT,BUY,LIMIT,1701961431074,0.175,2289.34
ETHUSDT,BUY,LIMIT,1701961432170,4.208,2289.52
ETHUSDT,BUY,LIMIT,1701961433255,0.116,2289.57
ETHUSDT,BUY,LIMIT,1701961439532,1.000,2289.80
ETHUSDT,BUY,LIMIT,1701961441049,0.998,2289.82
ETHUSDT,BUY,LIMIT,1701961443056,0.639,2290.21
ETHUSDT,BUY,LIMIT,1701961444523,2.773,2290.11
ETHUSDT,BUY,LIMIT,1701961953230,1.717,2290.31
ETHUSDT,BUY,LIMIT,1701961954274,0.901,2291.43
ETHUSDT,BUY,LIMIT,1701961955315,0.168,2291.30
ETHUSDT,BUY,LIMIT,1701961956720,1.109,2291.92
ETHUSDT,BUY,LIMIT,1701961970397,0.643,2292.14
ETHUSDT,BUY,LIMIT,1701961972272,5.832,2292.74
ETHUSDT,BUY,LIMIT,1701961989817,0.054,2293.37
ETHUSDT,BUY,LIMIT,1701961991129,0.661,2293.44
ETHUSDT,BUY,LIMIT,1701961992227,22.371,2294.03
ETHUSDT,BUY,LIMIT,1701961993334,12.810,2293.96
ETHUSDT,BUY,LIMIT,1701962182209,0.068,2294.72
ETHUSDT,BUY,LIMIT,1701962183214,0.542,2298.05
ETHUSDT,BUY,LIMIT,1701962184298,0.056,2297.91
ETHUSDT,BUY,LIMIT,1701962185868,1.413,2298.72
ETHUSDT,BUY,LIMIT,1701962186915,0.080,2298.96
ETHUSDT,BUY,LIMIT,1701962194144,44.051,2299.13
ETHUSDT,BUY,LIMIT,1701962195259,0.298,2299.22
ETHUSDT,BUY,LIMIT,1701962196271,0.206,2301.03
ETHUSDT,BUY,LIMIT,1701962197290,5.800,2300.31
ETHUSDT,BUY,LIMIT,1701962204198,0.500,2300.95
ETHUSDT,BUY,LIMIT,1701962229378,0.300,2301.16
ETHUSDT,BUY,LIMIT,1701962230431,0.155,2301.16
ETHUSDT,BUY,LIMIT,1701962234080,0.214,2301.17
ETHUSDT,BUY,LIMIT,1701962239346,0.506,2301.75
ETHUSDT,BUY,LIMIT,1701962241133,1.670,2301.86
ETHUSDT,BUY,LIMIT,1701962335174,0.084,2302.11
ETHUSDT,BUY,LIMIT,1701962343746,15.000,2302.19
ETHUSDT,BUY,LIMIT,1701962378699,0.013,2302.63
ETHUSDT,BUY,LIMIT,1701962379849,0.063,2302.89
ETHUSDT,BUY,LIMIT,1701962385338,0.023,2303.24
ETHUSDT,BUY,LIMIT,1701962386353,2.000,2304.66
ETHUSDT,BUY,LIMIT,1701962387407,6.534,2304.78
ETHUSDT,BUY,LIMIT,1701962388439,0.382,2305.43
ETHUSDT,BUY,LIMIT,1701962398139,0.150,2306.35
ETHUSDT,BUY,LIMIT,1701962399153,0.046,2306.78
ETHUSDT,BUY,LIMIT,1701962400324,0.038,2306.74
ETHUSDT,BUY,LIMIT,1701962408392,15.000,2307.42
ETHUSDT,BUY,LIMIT,1701962452904,0.082,2306.89
ETHUSDT,BUY,LIMIT,1701962459375,6.000,2307.53
ETHUSDT,BUY,LIMIT,1701962461485,0.388,2307.50
ETHUSDT,BUY,LIMIT,1701962479371,0.014,2308.05
ETHUSDT,BUY,LIMIT,1701962480443,0.193,2307.94
ETHUSDT,BUY,LIMIT,1701962481639,8.000,2308.72
ETHUSDT,BUY,LIMIT,1701962482882,1.014,2308.76
ETHUSDT,BUY,LIMIT,1701962484144,0.012,2309.17
ETHUSDT,BUY,LIMIT,1701962485554,0.700,2309.34
ETHUSDT,BUY,LIMIT,1701962489370,1.209,2309.10
ETHUSDT,BUY,LIMIT,1701962491084,0.014,2308.08
ETHUSDT,BUY,LIMIT,1701962494394,60.000,2310.24
ETHUSDT,BUY,LIMIT,1701962509226,2.200,2309.39
ETHUSDT,BUY,LIMIT,1701962510663,0.009,2309.58
ETHUSDT,BUY,LIMIT,1701962514387,0.122,2310.02
ETHUSDT,BUY,LIMIT,1701962515408,0.171,2309.89
ETHUSDT,BUY,LIMIT,1701962516519,13.041,2310.48
ETHUSDT,BUY,LIMIT,1701962521274,0.507,2310.59
ETHUSDT,BUY,LIMIT,1701962522455,0.059,2310.50
ETHUSDT,BUY,LIMIT,1701962531066,0.035,2312.41
ETHUSDT,BUY,LIMIT,1701962532157,0.045,2311.66
ETHUSDT,BUY,LIMIT,1701962596334,1.000,2312.58
ETHUSDT,BUY,LIMIT,1701962597724,0.972,2312.63
ETHUSDT,BUY,LIMIT,1701962601350,0.046,2313.15
ETHUSDT,BUY,LIMIT,1701962602452,0.012,2313.65
ETHUSDT,BUY,LIMIT,1701962604250,1.694,2314.00
ETHUSDT,BUY,LIMIT,1701962605368,0.055,2313.98
ETHUSDT,BUY,LIMIT,1701962624406,7.027,2314.03
ETHUSDT,BUY,LIMIT,1701962641149,2.342,2313.77
ETHUSDT,BUY,LIMIT,1701962651094,0.111,2314.67
ETHUSDT,BUY,LIMIT,1701962667202,0.387,2315.47
ETHUSDT,BUY,LIMIT,1701962668309,0.332,2315.49
ETHUSDT,BUY,LIMIT,1701962682256,0.100,2316.86
ETHUSDT,BUY,LIMIT,1701962686690,0.001,2316.68
ETHUSDT,BUY,LIMIT,1701962696973,2.203,2317.09
ETHUSDT,BUY,LIMIT,1701962709591,0.879,2317.31
ETHUSDT,BUY,LIMIT,1701962710842,0.025,2317.44
ETHUSDT,BUY,LIMIT,1701962714260,6.750,2317.87
ETHUSDT,BUY,LIMIT,1701962775096,0.494,2318.03
ETHUSDT,BUY,LIMIT,1701962777346,0.278,2318.03
ETHUSDT,BUY,LIMIT,1701962793113,6.000,2318.76
ETHUSDT,BUY,LIMIT,1701962794124,0.104,2318.37
ETHUSDT,BUY,LIMIT,1701962795170,6.887,2319.41
ETHUSDT,BUY,LIMIT,1701962796250,42.073,2319.99
ETHUSDT,BUY,LIMIT,1701962797274,2.504,2319.88
ETHUSDT,BUY,LIMIT,1701962805252,0.069,2320.30
ETHUSDT,BUY,LIMIT,1701962810974,1.394,2320.36
ETHUSDT,BUY,LIMIT,1701962812146,0.333,2320.71
ETHUSDT,BUY,LIMIT,1701962813289,0.286,2320.69
ETHUSDT,BUY,LIMIT,1701962815570,0.443,2320.82
ETHUSDT,BUY,LIMIT,1701962816628,32.601,2320.97
ETHUSDT,BUY,LIMIT,1701962823108,0.283,2321.91
ETHUSDT,BUY,LIMIT,1701962824387,4.293,2321.29
ETHUSDT,BUY,LIMIT,1701962828334,0.754,2322.13
ETHUSDT,BUY,LIMIT,1701962829338,2.564,2322.30
ETHUSDT,BUY,LIMIT,1701962831040,0.065,2322.86
ETHUSDT,BUY,LIMIT,1701962832078,0.909,2323.61
ETHUSDT,BUY,LIMIT,1701962833103,4.910,2324.02
ETHUSDT,BUY,LIMIT,1701962834116,0.132,2325.56
ETHUSDT,BUY,LIMIT,1701962835159,6.061,2326.48
ETHUSDT,BUY,LIMIT,1701962836160,1.000,2326.51
ETHUSDT,BUY,LIMIT,1701962840251,13.639,2327.02
ETHUSDT,BUY,LIMIT,1701962841463,1.855,2327.37
ETHUSDT,BUY,LIMIT,1701962842468,0.099,2329.54
ETHUSDT,BUY,LIMIT,1701962843505,0.026,2329.82
ETHUSDT,BUY,LIMIT,1701962858131,0.130,2330.12
ETHUSDT,BUY,LIMIT,1701962859337,0.116,2330.16
ETHUSDT,BUY,LIMIT,1701962860414,0.661,2330.43
ETHUSDT,BUY,LIMIT,1701963000208,0.161,2329.23
ETHUSDT,BUY,LIMIT,1701963011084,0.126,2330.65
ETHUSDT,BUY,LIMIT,1701963012356,0.009,2330.64
ETHUSDT,BUY,LIMIT,1701963013368,0.708,2330.95
ETHUSDT,BUY,LIMIT,1701963014514,0.322,2331.08
ETHUSDT,BUY,LIMIT,1701963015634,0.454,2332.07
ETHUSDT,BUY,LIMIT,1701963020054,0.154,2332.81
ETHUSDT,BUY,LIMIT,1701963021100,20.005,2332.32
ETHUSDT,BUY,LIMIT,1701963022286,1.122,2334.13
ETHUSDT,BUY,LIMIT,1701963023304,0.330,2333.65
ETHUSDT,BUY,LIMIT,1701963030615,1.080,2334.69
ETHUSDT,BUY,LIMIT,1701963032392,0.011,2334.90
ETHUSDT,BUY,LIMIT,1701963033444,0.205,2335.12
ETHUSDT,BUY,LIMIT,1701963038339,0.293,2335.43
ETHUSDT,BUY,LIMIT,1701963039431,0.208,2335.57
ETHUSDT,BUY,LIMIT,1701963042858,1.108,2335.66
ETHUSDT,BUY,LIMIT,1701963118986,6.996,2335.04
ETHUSDT,SELL,LIMIT,1701963202325,0.383,2300.85
ETHUSDT,BUY,LIMIT,1701963579418,1.735,2329.58
ETHUSDT,BUY,LIMIT,1701963599811,0.437,2330.89
ETHUSDT,BUY,LIMIT,1701963671476,1.510,2331.32
ETHUSDT,BUY,LIMIT,1701963685251,0.009,2333.72
ETHUSDT,BUY,LIMIT,1701963687700,0.027,2333.35
ETHUSDT,BUY,LIMIT,1701963689303,2.000,2330.77
ETHUSDT,BUY,LIMIT,1701963703500,1.783,2334.81
ETHUSDT,BUY,LIMIT,1701963853672,0.610,2335.36
ETHUSDT,BUY,LIMIT,1701963856041,1.700,2336.44
ETHUSDT,BUY,LIMIT,1701963857267,1.115,2336.01
ETHUSDT,BUY,LIMIT,1701963858307,0.052,2336.70
ETHUSDT,BUY,LIMIT,1701963860510,1.055,2336.82
ETHUSDT,BUY,LIMIT,1701963861971,3.041,2336.85
ETHUSDT,BUY,LIMIT,1701963863182,12.048,2337.11
ETHUSDT,BUY,LIMIT,1701963865643,0.787,2337.08
ETHUSDT,BUY,LIMIT,1701963869125,0.009,2337.57
ETHUSDT,BUY,LIMIT,1701963870156,2.837,2339.16
ETHUSDT,BUY,LIMIT,1701963871165,0.015,2338.78
ETHUSDT,BUY,LIMIT,1701963872198,1.725,2339.31
ETHUSDT,SELL,LIMIT,1701963951266,0.366,2315.38
ETHUSDT,SELL,LIMIT,1701963992181,0.677,2311.10
ETHUSDT,BUY,LIMIT,1701964252630,12.572,2335.66
ETHUSDT,BUY,LIMIT,1701964276593,0.054,2337.18
ETHUSDT,BUY,LIMIT,1701964278011,2.708,2337.42
ETHUSDT,BUY,LIMIT,1701964282293,0.387,2337.86
ETHUSDT,BUY,LIMIT,1701964283541,3.534,2338.49
ETHUSDT,BUY,LIMIT,1701964284802,1.565,2338.76
ETHUSDT,SELL,LIMIT,1701964317542,2.316,2312.04
ETHUSDT,BUY,LIMIT,1701964362147,0.043,2338.12
ETHUSDT,BUY,LIMIT,1701964373360,0.038,2339.52
ETHUSDT,BUY,LIMIT,1701964374372,3.042,2340.04
ETHUSDT,BUY,LIMIT,1701964375449,0.219,2340.40
ETHUSDT,BUY,LIMIT,1701964378056,6.699,2340.56
ETHUSDT,BUY,LIMIT,1701964380082,0.401,2340.94
ETHUSDT,BUY,LIMIT,1701964381088,12.631,2342.14
ETHUSDT,BUY,LIMIT,1701964382138,1.188,2341.55
ETHUSDT,BUY,LIMIT,1701964394460,0.100,2337.48
ETHUSDT,BUY,LIMIT,1701964398639,0.090,2338.71
ETHUSDT,SELL,LIMIT,1701964610569,2.971,2311.81
ETHUSDT,BUY,LIMIT,1701964731660,0.016,2331.42
ETHUSDT,SELL,LIMIT,1701964735363,0.171,2311.80
ETHUSDT,SELL,LIMIT,1701964770474,1.094,2310.63
ETHUSDT,SELL,LIMIT,1701964873389,2.217,2313.57
ETHUSDT,SELL,LIMIT,1701964921536,0.465,2308.61
ETHUSDT,BUY,LIMIT,1701964998807,10.334,2339.60
ETHUSDT,BUY,LIMIT,1701965000377,0.431,2340.48
ETHUSDT,BUY,LIMIT,1701965013227,0.111,2341.47
ETHUSDT,BUY,LIMIT,1701965032301,0.015,2342.52
ETHUSDT,BUY,LIMIT,1701965033353,4.199,2343.04
ETHUSDT,BUY,LIMIT,1701965034379,0.043,2342.96
ETHUSDT,BUY,LIMIT,1701965055400,0.089,2319.72
ETHUSDT,BUY,LIMIT,1701965058187,0.043,2342.00
ETHUSDT,BUY,LIMIT,1701965060431,0.027,2205.45
ETHUSDT,BUY,LIMIT,1701965063365,0.922,2338.86
ETHUSDT,BUY,LIMIT,1701965065955,0.128,2340.87
ETHUSDT,BUY,LIMIT,1701965100686,0.309,2341.03
ETHUSDT,BUY,LIMIT,1701965127018,3.762,2341.80
ETHUSDT,BUY,LIMIT,1701965148188,1.720,2342.16
ETHUSDT,BUY,LIMIT,1701965209095,0.985,2343.57
ETHUSDT,BUY,LIMIT,1701965210142,0.039,2343.51
ETHUSDT,BUY,LIMIT,1701965242568,1.055,2343.96
ETHUSDT,BUY,LIMIT,1701965243849,0.130,2343.99
ETHUSDT,BUY,LIMIT,1701965245117,0.090,2344.28
ETHUSDT,BUY,LIMIT,1701965246162,0.682,2344.33
ETHUSDT,BUY,LIMIT,1701965247882,0.431,2344.46
ETHUSDT,BUY,LIMIT,1701965248965,2.500,2344.71
ETHUSDT,BUY,LIMIT,1701965277707,1.214,2344.71
ETHUSDT,BUY,LIMIT,1701965278810,1.121,2344.83
ETHUSDT,BUY,LIMIT,1701965280079,0.169,2345.24
ETHUSDT,BUY,LIMIT,1701965281298,0.027,2345.37
ETHUSDT,BUY,LIMIT,1701965282425,0.016,2345.42
ETHUSDT,BUY,LIMIT,1701965298243,0.097,2345.57
ETHUSDT,BUY,LIMIT,1701965299378,0.059,2345.55
ETHUSDT,BUY,LIMIT,1701965300417,2.000,2345.74
ETHUSDT,BUY,LIMIT,1701965301532,0.796,2346.83
ETHUSDT,BUY,LIMIT,1701965302644,0.275,2347.02
ETHUSDT,BUY,LIMIT,1701965310069,0.241,2343.70
ETHUSDT,BUY,LIMIT,1701965312057,2.200,2347.09
ETHUSDT,BUY,LIMIT,1701965313126,0.140,2347.13
ETHUSDT,BUY,LIMIT,1701965314874,0.193,2347.21
ETHUSDT,BUY,LIMIT,1701965327052,0.783,2347.65
ETHUSDT,BUY,LIMIT,1701965328106,0.017,2347.48
ETHUSDT,BUY,LIMIT,1701965405254,0.061,2345.35
ETHUSDT,BUY,LIMIT,1701965418359,0.045,2348.00
ETHUSDT,BUY,LIMIT,1701965419411,0.039,2348.00
ETHUSDT,BUY,LIMIT,1701965430051,0.080,2348.52
ETHUSDT,BUY,LIMIT,1701965431179,3.697,2348.46
ETHUSDT,BUY,LIMIT,1701965433152,1.537,2348.64
ETHUSDT,BUY,LIMIT,1701965434491,0.134,2348.60
ETHUSDT,BUY,LIMIT,1701965435497,3.474,2348.75
ETHUSDT,BUY,LIMIT,1701965440109,3.465,2349.20
ETHUSDT,BUY,LIMIT,1701965441140,2.006,2349.19
ETHUSDT,BUY,LIMIT,1701965442227,0.031,2349.69
ETHUSDT,BUY,LIMIT,1701965487187,0.880,2349.99
ETHUSDT,BUY,LIMIT,1701965492250,0.276,2349.93
ETHUSDT,BUY,LIMIT,1701965495089,0.497,2350.14
ETHUSDT,BUY,LIMIT,1701965496111,0.547,2351.14
ETHUSDT,BUY,LIMIT,1701965497114,0.074,2350.80
ETHUSDT,BUY,LIMIT,1701965513139,0.158,2351.06
ETHUSDT,BUY,LIMIT,1701965515611,1.075,2351.57
ETHUSDT,BUY,LIMIT,1701965518045,1.165,2351.89
ETHUSDT,BUY,LIMIT,1701965519053,8.015,2352.82
ETHUSDT,BUY,LIMIT,1701965520075,0.117,2353.41
ETHUSDT,BUY,LIMIT,1701965521094,0.028,2354.02
ETHUSDT,BUY,LIMIT,1701965558058,0.014,2354.77
ETHUSDT,BUY,LIMIT,1701965559075,0.102,2355.41
ETHUSDT,BUY,LIMIT,1701965560174,9.000,2355.71
ETHUSDT,BUY,LIMIT,1701965561278,0.037,2355.85
ETHUSDT,BUY,LIMIT,1701965644052,391.245,2363.19
ETHUSDT,BUY,LIMIT,1701965671731,0.157,2352.42
ETHUSDT,BUY,LIMIT,1701965805155,0.050,2354.85
ETHUSDT,BUY,LIMIT,1701965808116,0.822,2356.23
ETHUSDT,BUY,LIMIT,1701965809142,2.011,2356.94
ETHUSDT,BUY,LIMIT,1701965810197,0.891,2356.60
ETHUSDT,BUY,LIMIT,1701965876443,0.123,2357.03
ETHUSDT,BUY,LIMIT,1701965885314,12.000,2357.55
ETHUSDT,BUY,LIMIT,1701965886464,0.287,2357.38
ETHUSDT,BUY,LIMIT,1701965887509,23.867,2357.60
ETHUSDT,BUY,LIMIT,1701965889430,0.262,2357.84
ETHUSDT,BUY,LIMIT,1701965890446,15.786,2357.89
ETHUSDT,BUY,LIMIT,1701965895077,0.500,2357.95
ETHUSDT,BUY,LIMIT,1701965899457,0.170,2358.01
ETHUSDT,BUY,LIMIT,1701965901417,0.022,2358.02
ETHUSDT,BUY,LIMIT,1701965903461,0.040,2358.23
ETHUSDT,BUY,LIMIT,1701965904578,0.577,2358.28
ETHUSDT,BUY,LIMIT,1701965906058,0.025,2358.56
ETHUSDT,BUY,LIMIT,1701965907180,4.616,2358.43
ETHUSDT,BUY,LIMIT,1701966204984,0.154,2348.46
ETHUSDT,BUY,LIMIT,1701966357250,0.125,2357.98
ETHUSDT,BUY,LIMIT,1701966406061,0.541,2358.19
ETHUSDT,BUY,LIMIT,1701966407108,0.337,2358.11
ETHUSDT,BUY,LIMIT,1701966409298,0.638,2358.84
ETHUSDT,BUY,LIMIT,1701966410333,0.413,2358.62
ETHUSDT,BUY,LIMIT,1701966411586,1.174,2358.89
ETHUSDT,BUY,LIMIT,1701966412672,0.495,2359.17
ETHUSDT,BUY,LIMIT,1701966416103,0.328,2359.49
ETHUSDT,BUY,LIMIT,1701966417191,0.050,2359.59
ETHUSDT,BUY,LIMIT,1701966418287,1.464,2359.56
ETHUSDT,BUY,LIMIT,1701966419302,0.061,2359.71
ETHUSDT,BUY,LIMIT,1701966421738,1.122,2359.84
ETHUSDT,BUY,LIMIT,1701966462717,0.802,2359.57
ETHUSDT,BUY,LIMIT,1701966463939,0.069,2359.96
ETHUSDT,BUY,LIMIT,1701966467795,0.060,2360.06
ETHUSDT,BUY,LIMIT,1701966494247,2.236,2360.14
ETHUSDT,BUY,LIMIT,1701966495627,0.131,2360.21
ETHUSDT,BUY,LIMIT,1701966501592,0.011,2360.29
ETHUSDT,BUY,LIMIT,1701966503109,0.030,2360.36
ETHUSDT,BUY,LIMIT,1701966504135,0.444,2361.20
ETHUSDT,BUY,LIMIT,1701966505360,3.728,2361.11
ETHUSDT,BUY,LIMIT,1701966640654,0.150,2358.22
ETHUSDT,BUY,LIMIT,1701966789476,0.740,2359.80
ETHUSDT,BUY,LIMIT,1701966791398,0.459,2359.95
ETHUSDT,BUY,LIMIT,1701966807522,0.023,2359.23
ETHUSDT,BUY,LIMIT,1701966813535,4.167,2361.30
ETHUSDT,BUY,LIMIT,1701966816453,0.146,2361.33
ETHUSDT,BUY,LIMIT,1701966850050,0.064,2361.60
ETHUSDT,BUY,LIMIT,1701966857204,0.331,2361.77
ETHUSDT,BUY,LIMIT,1701966858819,0.590,2361.92
ETHUSDT,BUY,LIMIT,1701966859859,0.018,2361.94
ETHUSDT,BUY,LIMIT,1701966860867,9.000,2363.21
ETHUSDT,BUY,LIMIT,1701966861893,1.405,2363.86
ETHUSDT,BUY,LIMIT,1701967266125,0.009,2199.62
ETHUSDT,SELL,LIMIT,1701967573791,0.069,2335.78
ETHUSDT,SELL,LIMIT,1701967579637,0.246,2335.61
ETHUSDT,BUY,LIMIT,1701967815233,0.802,2361.51
ETHUSDT,BUY,LIMIT,1701967821091,0.276,2361.60
ETHUSDT,BUY,LIMIT,1701967852552,0.500,2361.43
ETHUSDT,BUY,LIMIT,1701967869974,0.108,2360.70
ETHUSDT,BUY,LIMIT,1701968152396,1.017,2361.87
ETHUSDT,SELL,LIMIT,1701968633474,0.383,2328.17
ETHUSDT,SELL,LIMIT,1701968634600,0.988,2328.09
ETHUSDT,SELL,LIMIT,1701968659149,0.129,2327.29
ETHUSDT,SELL,LIMIT,1701968660317,0.755,2326.95
ETHUSDT,SELL,LIMIT,1701968663466,0.085,2327.93
ETHUSDT,SELL,LIMIT,1701968664471,0.457,2326.29
ETHUSDT,SELL,LIMIT,1701968674234,0.011,2325.89
ETHUSDT,SELL,LIMIT,1701968691190,0.076,2325.44
ETHUSDT,SELL,LIMIT,1701968693041,0.011,2325.01
ETHUSDT,SELL,LIMIT,1701968694240,0.011,2325.26
ETHUSDT,SELL,LIMIT,1701968855335,0.040,2324.76
ETHUSDT,SELL,LIMIT,1701968859552,0.525,2324.68
ETHUSDT,SELL,LIMIT,1701968860571,0.018,2324.44
ETHUSDT,SELL,LIMIT,1701968869656,13.358,2323.22
ETHUSDT,SELL,LIMIT,1701968904396,12.978,2322.92
ETHUSDT,SELL,LIMIT,1701968905878,0.058,2322.05
ETHUSDT,SELL,LIMIT,1701968907241,29.775,2321.74
ETHUSDT,SELL,LIMIT,1701968908533,0.099,2321.64
ETHUSDT,SELL,LIMIT,1701968914831,0.062,2321.31
ETHUSDT,SELL,LIMIT,1701968919833,0.054,2320.95
ETHUSDT,SELL,LIMIT,1701968921117,40.878,2320.80
ETHUSDT,SELL,LIMIT,1701968939140,0.569,2319.92
ETHUSDT,SELL,LIMIT,1701968940315,1.712,2319.43
ETHUSDT,SELL,LIMIT,1701968946274,6.320,2319.27
ETHUSDT,SELL,LIMIT,1701968949611,0.051,2319.19
ETHUSDT,SELL,LIMIT,1701969069756,5.062,2318.68
ETHUSDT,SELL,LIMIT,1701969087429,0.374,2317.27
ETHUSDT,SELL,LIMIT,1701969088864,1.020,2317.14
ETHUSDT,SELL,LIMIT,1701969125043,0.180,2316.33
ETHUSDT,SELL,LIMIT,1701969143532,1.394,2316.25
ETHUSDT,SELL,LIMIT,1701969144891,0.089,2315.56
ETHUSDT,SELL,LIMIT,1701969200348,42.731,2315.41
ETHUSDT,BUY,LIMIT,1701969317577,12.834,2349.33
ETHUSDT,BUY,LIMIT,1701969388094,4.314,2350.30
ETHUSDT,BUY,LIMIT,1701969389413,18.615,2350.79
ETHUSDT,BUY,LIMIT,1701969390633,0.757,2351.00
ETHUSDT,BUY,LIMIT,1701969391663,0.474,2351.55
ETHUSDT,BUY,LIMIT,1701969392868,1.202,2352.46
ETHUSDT,BUY,LIMIT,1701969395324,0.009,2352.67
ETHUSDT,BUY,LIMIT,1701969398111,5.545,2353.07
ETHUSDT,BUY,LIMIT,1701969399475,42.832,2353.05
ETHUSDT,BUY,LIMIT,1701969403162,0.055,2354.74
ETHUSDT,BUY,LIMIT,1701969406111,0.156,2354.96
ETHUSDT,BUY,LIMIT,1701969426226,2.000,2355.91
ETHUSDT,BUY,LIMIT,1701969427309,3.600,2356.18
ETHUSDT,BUY,LIMIT,1701969434195,0.042,2356.51
ETHUSDT,BUY,LIMIT,1701969436089,1.755,2357.65
ETHUSDT,BUY,LIMIT,1701969438169,0.015,2357.65
ETHUSDT,BUY,LIMIT,1701969614205,0.020,2356.22
ETHUSDT,BUY,LIMIT,1701969618185,4.428,2356.52
ETHUSDT,BUY,LIMIT,1701969619350,0.041,2358.07
ETHUSDT,BUY,LIMIT,1701969620392,0.428,2357.88
ETHUSDT,BUY,LIMIT,1701969621511,0.300,2358.49
ETHUSDT,BUY,LIMIT,1701969712203,0.155,2353.68
ETHUSDT,BUY,LIMIT,1701969728163,0.342,2354.64
ETHUSDT,BUY,LIMIT,1701970137008,0.010,2353.07
ETHUSDT,SELL,LIMIT,1701970733556,8.926,2324.54
ETHUSDT,SELL,LIMIT,1701970908137,0.336,2329.15
ETHUSDT,SELL,LIMIT,1701970916271,42.651,2321.47
ETHUSDT,SELL,LIMIT,1701970920043,0.100,2321.31
ETHUSDT,SELL,LIMIT,1701970929312,0.129,2320.87
ETHUSDT,SELL,LIMIT,1701970931953,0.223,2320.77
ETHUSDT,SELL,LIMIT,1701970935968,0.134,2320.45
ETHUSDT,SELL,LIMIT,1701970982384,0.067,2318.67
ETHUSDT,SELL,LIMIT,1701970984486,0.393,2317.69
ETHUSDT,SELL,LIMIT,1701970997394,2.111,2316.90
ETHUSDT,SELL,LIMIT,1701971027097,1.154,2315.76
ETHUSDT,SELL,LIMIT,1701971060761,0.577,2315.26
ETHUSDT,SELL,LIMIT,1701971378265,0.144,2315.15
ETHUSDT,SELL,LIMIT,1701971382845,0.656,2314.19
ETHUSDT,BUY,LIMIT,1701972310252,0.181,2350.73
ETHUSDT,BUY,LIMIT,1701972311259,0.017,2350.83
ETHUSDT,BUY,LIMIT,1701972317180,0.196,2351.17
ETHUSDT,BUY,LIMIT,1701972321443,0.196,2351.43
ETHUSDT,BUY,LIMIT,1701972616633,1.567,2352.00
ETHUSDT,BUY,LIMIT,1701972618026,6.162,2352.08
ETHUSDT,BUY,LIMIT,1701972697330,0.060,2352.80
ETHUSDT,BUY,LIMIT,1701972909544,2.083,2354.40
ETHUSDT,BUY,LIMIT,1701973148166,1.695,2355.38
ETHUSDT,BUY,LIMIT,1701973476640,0.706,2356.13
ETHUSDT,BUY,LIMIT,1701973477825,0.301,2356.15
ETHUSDT,BUY,LIMIT,1701973547194,0.014,2356.74
ETHUSDT,BUY,LIMIT,1701973566826,0.425,2357.34
ETHUSDT,BUY,LIMIT,1701973627049,0.209,2358.26
ETHUSDT,BUY,LIMIT,1701973633067,9.810,2358.66
ETHUSDT,BUY,LIMIT,1701973634836,0.320,2358.69
ETHUSDT,BUY,LIMIT,1701973671329,0.150,2358.85
ETHUSDT,BUY,LIMIT,1701973768081,0.067,2359.77
ETHUSDT,BUY,LIMIT,1701973769215,0.434,2359.86
ETHUSDT,BUY,LIMIT,1701973770268,13.592,2359.89
ETHUSDT,BUY,LIMIT,1701973771820,0.012,2360.29
ETHUSDT,BUY,LIMIT,1701973773010,0.099,2360.39
ETHUSDT,BUY,LIMIT,1701973857791,1.483,2361.06
ETHUSDT,BUY,LIMIT,1701973894137,70.464,2363.32
ETHUSDT,BUY,LIMIT,1701973895210,8.121,2361.93
ETHUSDT,BUY,LIMIT,1701973896278,2.660,2362.45
ETHUSDT,BUY,LIMIT,1701973898395,1.887,2363.48
ETHUSDT,BUY,LIMIT,1701973901050,0.035,2363.96
ETHUSDT,BUY,LIMIT,1701973902100,0.221,2364.22
ETHUSDT,BUY,LIMIT,1701973905353,0.079,2364.51
ETHUSDT,SELL,LIMIT,1701974302124,0.766,2332.26
ETHUSDT,BUY,LIMIT,1701974576718,0.004,2356.66
ETHUSDT,BUY,LIMIT,1701974952249,0.672,2364.68
ETHUSDT,BUY,LIMIT,1701974953436,35.810,2364.62
ETHUSDT,BUY,LIMIT,1701974954447,6.420,2366.35
ETHUSDT,BUY,LIMIT,1701974955449,2.000,2365.66
ETHUSDT,BUY,LIMIT,1701974956512,0.081,2367.12
ETHUSDT,BUY,LIMIT,1701974967380,0.120,2368.67
ETHUSDT,BUY,LIMIT,1701974968384,1.429,2368.59
ETHUSDT,BUY,LIMIT,1701974981177,0.059,2367.73
ETHUSDT,SELL,LIMIT,1701975391426,0.240,2333.42
ETHUSDT,SELL,LIMIT,1701975392544,0.201,2331.36
ETHUSDT,SELL,LIMIT,1701975420557,4.426,2330.09
ETHUSDT,SELL,LIMIT,1701975447560,3.156,2329.68
ETHUSDT,SELL,LIMIT,1701975528734,0.192,2329.32
ETHUSDT,SELL,LIMIT,1701975599164,0.953,2327.77
ETHUSDT,SELL,LIMIT,1701975626094,0.010,2327.04
ETHUSDT,SELL,LIMIT,1701975627643,14.183,2326.87
ETHUSDT,SELL,LIMIT,1701975631681,0.221,2326.31
ETHUSDT,SELL,LIMIT,1701975641612,5.235,2325.65
ETHUSDT,SELL,LIMIT,1701975646391,1.500,2324.69
ETHUSDT,SELL,LIMIT,1701975664297,0.016,2324.59
ETHUSDT,SELL,LIMIT,1701975669070,0.012,2324.53
ETHUSDT,SELL,LIMIT,1701976682196,15.577,2323.60
ETHUSDT,SELL,LIMIT,1701976684169,0.011,2322.93
ETHUSDT,SELL,LIMIT,1701976695675,0.030,2322.35
ETHUSDT,SELL,LIMIT,1701976830918,0.022,2322.02
ETHUSDT,SELL,LIMIT,1701976859132,1.393,2321.05
ETHUSDT,SELL,LIMIT,1701976860209,0.637,2321.15
ETHUSDT,SELL,LIMIT,1701976872126,0.605,2320.57
ETHUSDT,SELL,LIMIT,1701977165688,0.691,2320.25
ETHUSDT,SELL,LIMIT,1701977167155,0.215,2319.80
ETHUSDT,SELL,LIMIT,1701977275050,21.392,2319.05
ETHUSDT,SELL,LIMIT,1701977295143,0.025,2317.92
ETHUSDT,SELL,LIMIT,1701977296295,0.093,2316.70
ETHUSDT,SELL,LIMIT,1701977298338,4.654,2316.96
ETHUSDT,SELL,LIMIT,1701977345587,2.186,2316.45
ETHUSDT,SELL,LIMIT,1701977352165,0.122,2315.89
ETHUSDT,SELL,LIMIT,1701977353218,0.055,2316.29
ETHUSDT,SELL,LIMIT,1701978082765,0.137,2323.52
ETHUSDT,SELL,LIMIT,1701978094671,0.528,2317.06
ETHUSDT,SELL,LIMIT,1701978115363,1.566,2317.67
ETHUSDT,BUY,LIMIT,1701978228302,6.000,2344.57
ETHUSDT,SELL,LIMIT,1701978232914,0.527,2322.59
ETHUSDT,SELL,LIMIT,1701978289822,0.009,2326.72
ETHUSDT,BUY,LIMIT,1701979374230,12.849,2351.89
ETHUSDT,BUY,LIMIT,1701979377389,6.867,2352.84
ETHUSDT,BUY,LIMIT,1701979405473,0.018,2353.24
ETHUSDT,BUY,LIMIT,1701979406787,9.480,2353.54
ETHUSDT,BUY,LIMIT,1701979409726,2.713,2353.85
ETHUSDT,BUY,LIMIT,1701979423297,0.039,2354.12
ETHUSDT,BUY,LIMIT,1701979598084,4.992,2354.33
ETHUSDT,BUY,LIMIT,1701979602282,9.247,2354.84
ETHUSDT,BUY,LIMIT,1701979616441,0.568,2355.12
ETHUSDT,BUY,LIMIT,1701979796095,0.010,2355.29
ETHUSDT,BUY,LIMIT,1701979822701,12.674,2355.39
ETHUSDT,BUY,LIMIT,1701979827175,0.260,2355.89
ETHUSDT,BUY,LIMIT,1701979845268,0.013,2356.00
ETHUSDT,BUY,LIMIT,1701979846496,0.017,2356.24
ETHUSDT,BUY,LIMIT,1701979850498,6.005,2357.16
ETHUSDT,BUY,LIMIT,1701979925096,0.010,2357.45
ETHUSDT,BUY,LIMIT,1701979993042,0.285,2357.67
ETHUSDT,BUY,LIMIT,1701980085073,0.117,2358.34
ETHUSDT,BUY,LIMIT,1701980086391,0.214,2358.21
ETHUSDT,BUY,LIMIT,1701980096467,0.128,2358.84
ETHUSDT,BUY,LIMIT,1701980100984,0.504,2359.26
ETHUSDT,BUY,LIMIT,1701980422601,0.431,2359.06
ETHUSDT,BUY,LIMIT,1701980455153,0.015,2359.72
ETHUSDT,BUY,LIMIT,1701980458929,0.642,2359.98
ETHUSDT,BUY,LIMIT,1701980489184,0.906,2357.93
ETHUSDT,BUY,LIMIT,1701981477309,0.047,2359.32
ETHUSDT,BUY,LIMIT,1701981496109,0.246,2358.25
ETHUSDT,SELL,LIMIT,1701981620991,0.158,2334.80
ETHUSDT,BUY,LIMIT,1701981874036,19.714,2359.72
ETHUSDT,SELL,LIMIT,1701982384436,0.367,2336.80
ETHUSDT,BUY,LIMIT,1701983033121,0.012,2361.02
ETHUSDT,BUY,LIMIT,1701983034184,0.028,2361.29
ETHUSDT,BUY,LIMIT,1701983035275,0.009,2361.45
ETHUSDT,BUY,LIMIT,1701983046041,0.107,2361.96
ETHUSDT,BUY,LIMIT,1701983126280,1.462,2362.93
ETHUSDT,BUY,LIMIT,1701983133209,0.060,2363.88
ETHUSDT,BUY,LIMIT,1701983134323,0.026,2364.17
ETHUSDT,BUY,LIMIT,1701983245197,0.042,2364.62
ETHUSDT,BUY,LIMIT,1701983246338,0.042,2364.62
ETHUSDT,BUY,LIMIT,1701983247351,1.200,2365.05
ETHUSDT,BUY,LIMIT,1701983248598,0.069,2365.31
ETHUSDT,BUY,LIMIT,1701983250210,0.381,2366.45
ETHUSDT,BUY,LIMIT,1701983252416,0.080,2366.60
ETHUSDT,BUY,LIMIT,1701983256145,5.000,2366.88
ETHUSDT,BUY,LIMIT,1701983257265,2.471,2367.00
ETHUSDT,BUY,LIMIT,1701983358262,0.086,2366.46
ETHUSDT,BUY,LIMIT,1701983377524,5.000,2367.30
ETHUSDT,BUY,LIMIT,1701983378895,0.106,2367.39
ETHUSDT,BUY,LIMIT,1701983381856,0.075,2367.57
ETHUSDT,BUY,LIMIT,1701983383814,0.022,2367.74
ETHUSDT,BUY,LIMIT,1701983399226,0.460,2367.82
ETHUSDT,BUY,LIMIT,1701983408405,0.140,2367.95
ETHUSDT,BUY,LIMIT,1701983409499,42.472,2368.78
ETHUSDT,BUY,LIMIT,1701983410718,14.642,2368.86
ETHUSDT,BUY,LIMIT,1701983411753,0.659,2368.97
ETHUSDT,BUY,LIMIT,1701983413038,0.356,2369.35
ETHUSDT,BUY,LIMIT,1701983414089,3.476,2369.16
ETHUSDT,BUY,LIMIT,1701983415139,0.312,2369.55
ETHUSDT,BUY,LIMIT,1701983429517,0.042,2369.57
ETHUSDT,BUY,LIMIT,1701983430608,0.014,2370.24
ETHUSDT,BUY,LIMIT,1701983438470,0.105,2370.07
ETHUSDT,BUY,LIMIT,1701983440194,0.158,2370.18
ETHUSDT,BUY,LIMIT,1701983443324,0.058,2370.34
ETHUSDT,BUY,LIMIT,1701983444372,0.030,2370.75
ETHUSDT,BUY,LIMIT,1701983445402,0.095,2371.96
ETHUSDT,BUY,LIMIT,1701983446436,0.096,2370.93
ETHUSDT,BUY,LIMIT,1701983447505,1.000,2372.97
ETHUSDT,BUY,LIMIT,1701983879863,0.213,2367.39
ETHUSDT,BUY,LIMIT,1701983891416,8.698,2368.82
ETHUSDT,BUY,LIMIT,1701983903674,14.379,2370.18
ETHUSDT,BUY,LIMIT,1701983908094,0.824,2370.33
ETHUSDT,BUY,LIMIT,1701984073258,0.198,2373.13
ETHUSDT,BUY,LIMIT,1701984097046,0.009,2372.99
ETHUSDT,BUY,LIMIT,1701984098303,0.012,2372.85
ETHUSDT,BUY,LIMIT,1701984163117,7.846,2371.90
ETHUSDT,BUY,LIMIT,1701984192612,0.500,2373.18
ETHUSDT,BUY,LIMIT,1701984194124,1.000,2373.24
ETHUSDT,BUY,LIMIT,1701984195153,0.089,2373.95
ETHUSDT,BUY,LIMIT,1701984196161,1.800,2373.58
ETHUSDT,BUY,LIMIT,1701984197175,1.013,2374.10
ETHUSDT,BUY,LIMIT,1701984198186,1.200,2376.19
ETHUSDT,BUY,LIMIT,1701984199191,1.396,2375.33
ETHUSDT,BUY,LIMIT,1701984266201,0.135,2376.26
ETHUSDT,BUY,LIMIT,1701984267303,0.008,2376.29
ETHUSDT,BUY,LIMIT,1701984268315,0.023,2376.39
ETHUSDT,BUY,LIMIT,1701984278108,0.623,2376.83
ETHUSDT,BUY,LIMIT,1701984280116,2.627,2377.10
ETHUSDT,BUY,LIMIT,1701984281119,0.108,2377.56
ETHUSDT,BUY,LIMIT,1701984282252,4.896,2377.33
ETHUSDT,BUY,LIMIT,1701984497094,0.103,2377.64
ETHUSDT,BUY,LIMIT,1701984498286,0.014,2377.66
ETHUSDT,BUY,LIMIT,1701984499299,0.159,2378.11
ETHUSDT,BUY,LIMIT,1701984500385,1.834,2378.24
ETHUSDT,BUY,LIMIT,1701984501402,3.155,2378.38
ETHUSDT,BUY,LIMIT,1701984502436,0.080,2378.36
ETHUSDT,BUY,LIMIT,1701984519729,0.181,2378.40
ETHUSDT,BUY,LIMIT,1701984520740,0.110,2378.42
ETHUSDT,BUY,LIMIT,1701984522128,0.987,2378.94
ETHUSDT,BUY,LIMIT,1701984523305,3.200,2378.83
ETHUSDT,BUY,LIMIT,1701984524355,0.233,2379.42
ETHUSDT,BUY,LIMIT,1701984525403,2.119,2379.19
ETHUSDT,BUY,LIMIT,1701984526411,0.105,2382.26
ETHUSDT,BUY,LIMIT,1701984527455,0.452,2382.82
ETHUSDT,BUY,LIMIT,1701984528466,0.250,2382.76
ETHUSDT,BUY,LIMIT,1701984558014,2.982,2383.07
ETHUSDT,BUY,LIMIT,1701984559041,0.310,2383.15
ETHUSDT,BUY,LIMIT,1701984560065,0.039,2383.12
ETHUSDT,BUY,LIMIT,1701984568093,2.000,2383.42
ETHUSDT,BUY,LIMIT,1701984569278,0.200,2383.28
ETHUSDT,BUY,LIMIT,1701984576065,0.178,2383.49
ETHUSDT,BUY,LIMIT,1701984577196,4.302,2383.50
ETHUSDT,BUY,LIMIT,1701984579437,1.120,2383.74
ETHUSDT,BUY,LIMIT,1701984581106,5.000,2384.03
ETHUSDT,BUY,LIMIT,1701984582130,17.216,2385.74
ETHUSDT,BUY,LIMIT,1701984584113,0.070,2386.03
ETHUSDT,BUY,LIMIT,1701984585117,1.509,2386.09
ETHUSDT,BUY,LIMIT,1701984593186,0.385,2384.06
ETHUSDT,BUY,LIMIT,1701984731230,0.004,2386.39
ETHUSDT,BUY,LIMIT,1701984732478,0.015,2386.42
ETHUSDT,BUY,LIMIT,1701984738176,0.448,2386.62
ETHUSDT,BUY,LIMIT,1701984739219,0.827,2386.64
ETHUSDT,BUY,LIMIT,1701984740554,0.791,2386.77
ETHUSDT,BUY,LIMIT,1701984741558,0.009,2387.81
ETHUSDT,BUY,LIMIT,1701984742563,8.000,2388.72
ETHUSDT,BUY,LIMIT,1701984743640,4.286,2389.04
ETHUSDT,BUY,LIMIT,1701984751807,4.629,2387.71
ETHUSDT,BUY,LIMIT,1701984758083,0.607,2389.63
ETHUSDT,BUY,LIMIT,1701984759084,3.205,2389.29
ETHUSDT,BUY,LIMIT,1701984760101,1.685,2391.07
ETHUSDT,BUY,LIMIT,1701984766123,0.009,2391.18
ETHUSDT,BUY,LIMIT,1701984767167,0.410,2391.51
ETHUSDT,BUY,LIMIT,1701984768184,0.428,2391.79
ETHUSDT,BUY,LIMIT,1701984769216,22.421,2391.69
ETHUSDT,BUY,LIMIT,1701984770216,1.213,2391.99
ETHUSDT,BUY,LIMIT,1701984771230,0.395,2392.16
ETHUSDT,BUY,LIMIT,1701984772258,16.955,2394.26
ETHUSDT,BUY,LIMIT,1701984773263,0.081,2393.24
ETHUSDT,BUY,LIMIT,1701984774348,0.039,2394.36
ETHUSDT,BUY,LIMIT,1701984778123,0.032,2394.38
ETHUSDT,BUY,LIMIT,1701984782398,1.000,2394.81
ETHUSDT,BUY,LIMIT,1701984783484,0.004,2395.38
ETHUSDT,BUY,LIMIT,1701984784485,0.853,2394.99
ETHUSDT,BUY,LIMIT,1701984844256,1.500,2395.38
ETHUSDT,SELL,LIMIT,1701985019070,0.035,2359.65
ETHUSDT,BUY,LIMIT,1701985119085,0.097,2387.49
ETHUSDT,BUY,LIMIT,1701985122377,1.450,2388.60
ETHUSDT,BUY,LIMIT,1701985123715,2.223,2387.18
ETHUSDT,SELL,LIMIT,1701985217270,0.182,2358.66
ETHUSDT,SELL,LIMIT,1701985219559,4.617,2358.11
ETHUSDT,SELL,LIMIT,1701985230363,0.009,2357.21
ETHUSDT,SELL,LIMIT,1701985231485,0.389,2357.35
ETHUSDT,SELL,LIMIT,1701985241113,0.048,2356.31
ETHUSDT,SELL,LIMIT,1701985244992,0.046,2355.92
ETHUSDT,SELL,LIMIT,1701985286385,0.330,2355.78
ETHUSDT,BUY,LIMIT,1701985531887,0.055,2379.60
ETHUSDT,SELL,LIMIT,1701985540456,0.018,2354.95
ETHUSDT,SELL,LIMIT,1701985542155,0.048,2354.78
ETHUSDT,BUY,LIMIT,1701985590376,10.319,2379.29
ETHUSDT,BUY,LIMIT,1701985602756,0.158,2380.19
ETHUSDT,SELL,LIMIT,1701985619940,0.062,2353.97
ETHUSDT,SELL,LIMIT,1701985657043,4.762,2353.61
ETHUSDT,SELL,LIMIT,1701985667338,0.031,2352.74
ETHUSDT,SELL,LIMIT,1701985670812,0.027,2352.53
ETHUSDT,SELL,LIMIT,1701985672397,0.301,2351.87
ETHUSDT,SELL,LIMIT,1701985673498,0.355,2352.15
ETHUSDT,BUY,LIMIT,1701985990086,0.094,2384.71
ETHUSDT,BUY,LIMIT,1701986105379,0.057,2380.89
ETHUSDT,BUY,LIMIT,1701986564578,0.048,2384.62
ETHUSDT,BUY,LIMIT,1701986952388,0.007,2385.72
ETHUSDT,BUY,LIMIT,1701987300300,0.144,2387.99
ETHUSDT,BUY,LIMIT,1701987301317,2.833,2387.59
ETHUSDT,BUY,LIMIT,1701987313723,0.390,2389.16
ETHUSDT,BUY,LIMIT,1701987314751,0.119,2389.34
ETHUSDT,SELL,LIMIT,1701987586266,0.023,2356.86
ETHUSDT,SELL,LIMIT,1701987621144,1.268,2355.94
ETHUSDT,BUY,LIMIT,1701987767270,4.273,2377.01
ETHUSDT,SELL,LIMIT,1701988020269,1.161,2351.73
ETHUSDT,BUY,LIMIT,1701988274256,0.020,2329.52
ETHUSDT,BUY,LIMIT,1701988308117,5.649,2376.23
ETHUSDT,SELL,LIMIT,1701988380576,0.335,2350.87
ETHUSDT,SELL,LIMIT,1701988384502,0.044,2350.68
ETHUSDT,SELL,LIMIT,1701988454260,1.100,2352.27
ETHUSDT,SELL,LIMIT,1701988533009,0.113,2349.69
ETHUSDT,SELL,LIMIT,1701988536262,0.065,2349.49
ETHUSDT,SELL,LIMIT,1701988555245,0.255,2353.37
ETHUSDT,SELL,LIMIT,1701988572188,0.511,2349.24
ETHUSDT,SELL,LIMIT,1701988588211,0.311,2348.55
ETHUSDT,SELL,LIMIT,1701988875639,0.082,2348.39
ETHUSDT,SELL,LIMIT,1701988877711,0.094,2347.69
ETHUSDT,SELL,LIMIT,1701989278483,0.192,2347.25
ETHUSDT,SELL,LIMIT,1701989282514,0.009,2347.19
ETHUSDT,SELL,LIMIT,1701989284672,0.891,2346.75
ETHUSDT,SELL,LIMIT,1701989287615,1.935,2346.65
ETHUSDT,SELL,LIMIT,1701989305043,0.036,2346.01
ETHUSDT,SELL,LIMIT,1701989315653,0.457,2345.26
ETHUSDT,SELL,LIMIT,1701989349846,4.880,2344.79
ETHUSDT,SELL,LIMIT,1701989369154,8.187,2344.17
ETHUSDT,SELL,LIMIT,1701989370195,0.501,2343.98
ETHUSDT,SELL,LIMIT,1701989378584,8.450,2343.20
ETHUSDT,SELL,LIMIT,1701989560932,0.016,2344.02
ETHUSDT,SELL,LIMIT,1701989584413,0.504,2342.84
ETHUSDT,SELL,LIMIT,1701989588437,0.401,2342.38
ETHUSDT,SELL,LIMIT,1701989590272,1.019,2342.12
ETHUSDT,SELL,LIMIT,1701989592449,1.503,2341.57
ETHUSDT,SELL,LIMIT,1701989593526,0.322,2341.51
ETHUSDT,SELL,LIMIT,1701989599374,0.524,2340.36
ETHUSDT,SELL,LIMIT,1701989980417,6.590,2339.85
ETHUSDT,SELL,LIMIT,1701990000656,4.699,2339.74
ETHUSDT,SELL,LIMIT,1701990061119,0.084,2338.64
ETHUSDT,SELL,LIMIT,1701990064222,63.157,2337.17
ETHUSDT,SELL,LIMIT,1701991573442,0.822,2338.07
ETHUSDT,SELL,LIMIT,1701991574486,0.988,2337.61
ETHUSDT,BUY,LIMIT,1701992572992,0.112,2366.25
ETHUSDT,BUY,LIMIT,1701992728353,0.364,2370.63
ETHUSDT,BUY,LIMIT,1701992787349,0.205,2371.38
ETHUSDT,BUY,LIMIT,1701993959532,4.588,2371.87
ETHUSDT,BUY,LIMIT,1701994536216,3.869,2371.33
ETHUSDT,BUY,LIMIT,1701994826851,1.341,2369.23
ETHUSDT,BUY,LIMIT,1701994889190,0.033,2373.66
ETHUSDT,BUY,LIMIT,1701994902171,0.447,2374.84
ETHUSDT,BUY,LIMIT,1701994905466,0.044,2375.10
ETHUSDT,BUY,LIMIT,1701994907724,0.140,2375.29
ETHUSDT,BUY,LIMIT,1701994956221,0.045,2375.96
ETHUSDT,BUY,LIMIT,1701994969777,1.303,2375.70
ETHUSDT,BUY,LIMIT,1701994975916,0.080,2376.89
ETHUSDT,BUY,LIMIT,1701995424001,0.022,2375.71
ETHUSDT,BUY,LIMIT,1701997601821,0.054,2374.90
ETHUSDT,BUY,LIMIT,1701998269348,1.000,2376.76
ETHUSDT,BUY,LIMIT,1701998302328,0.232,2376.93
ETHUSDT,BUY,LIMIT,1701998304562,0.366,2377.28
ETHUSDT,BUY,LIMIT,1701998314131,0.040,2378.05
ETHUSDT,BUY,LIMIT,1701998315248,0.489,2378.39
ETHUSDT,BUY,LIMIT,1701998345264,0.849,2379.03
ETHUSDT,BUY,LIMIT,1701998367029,0.667,2379.34
ETHUSDT,BUY,LIMIT,1701998377840,0.010,2379.57
ETHUSDT,BUY,LIMIT,1701998564369,15.000,2379.74
ETHUSDT,BUY,LIMIT,1701998567530,42.323,2379.75
ETHUSDT,BUY,LIMIT,1701998572331,0.917,2379.80
ETHUSDT,BUY,LIMIT,1701998574911,0.110,2379.86
ETHUSDT,BUY,LIMIT,1701999741143,0.174,2379.35
ETHUSDT,SELL,LIMIT,1702000535787,0.153,2351.50
ETHUSDT,BUY,LIMIT,1702001201339,0.528,2378.82
ETHUSDT,BUY,LIMIT,1702001335805,0.044,2379.03
ETHUSDT,BUY,LIMIT,1702001409671,14.000,2378.90
ETHUSDT,BUY,LIMIT,1702001521269,0.024,2379.90
ETHUSDT,BUY,LIMIT,1702001523966,0.009,2380.39
ETHUSDT,BUY,LIMIT,1702001721749,0.111,2381.05
ETHUSDT,BUY,LIMIT,1702001727338,0.129,2382.47
ETHUSDT,BUY,LIMIT,1702001728414,0.729,2382.01
ETHUSDT,BUY,LIMIT,1702001748451,0.196,2383.14
ETHUSDT,BUY,LIMIT,1702002146356,1.219,2384.01
ETHUSDT,BUY,LIMIT,1702002165253,0.108,2384.48
ETHUSDT,BUY,LIMIT,1702002241083,15.125,2383.51
ETHUSDT,BUY,LIMIT,1702002262700,0.009,2384.05
ETHUSDT,BUY,LIMIT,1702002294494,0.603,2384.88
ETHUSDT,BUY,LIMIT,1702002296536,0.486,2385.22
ETHUSDT,BUY,LIMIT,1702002298425,0.228,2385.65
ETHUSDT,BUY,LIMIT,1702002303901,19.129,2385.69
ETHUSDT,BUY,LIMIT,1702002415882,0.420,2385.84
ETHUSDT,BUY,LIMIT,1702002432581,50.004,2386.00
ETHUSDT,BUY,LIMIT,1702002445270,2.946,2385.50
ETHUSDT,SELL,LIMIT,1702002729419,0.663,2467.34
ETHUSDT,BUY,LIMIT,1702002882443,0.769,2380.82
ETHUSDT,BUY,LIMIT,1702003028111,0.148,2382.13
ETHUSDT,BUY,LIMIT,1702003087545,4.233,2385.89
ETHUSDT,BUY,LIMIT,1702003093715,4.242,2386.11
ETHUSDT,BUY,LIMIT,1702003115362,0.015,2386.45
ETHUSDT,BUY,LIMIT,1702003117111,6.968,2386.56
ETHUSDT,BUY,LIMIT,1702003118113,0.211,2386.69
ETHUSDT,BUY,LIMIT,1702003120211,0.145,2387.41
ETHUSDT,BUY,LIMIT,1702003126064,0.805,2388.13
ETHUSDT,BUY,LIMIT,1702003128052,0.108,2388.16
ETHUSDT,BUY,LIMIT,1702003130273,0.274,2388.23
ETHUSDT,BUY,LIMIT,1702003174659,8.055,2387.60
ETHUSDT,BUY,LIMIT,1702003185610,1.506,2388.31
ETHUSDT,BUY,LIMIT,1702003186951,0.090,2388.55
ETHUSDT,BUY,LIMIT,1702003196078,0.085,2388.77
ETHUSDT,BUY,LIMIT,1702003197305,1.130,2388.63
ETHUSDT,BUY,LIMIT,1702003198359,0.010,2389.09
ETHUSDT,BUY,LIMIT,1702003340957,1.545,2389.44
ETHUSDT,BUY,LIMIT,1702003343310,0.388,2389.65
ETHUSDT,BUY,LIMIT,1702003344350,1.836,2390.46
ETHUSDT,BUY,LIMIT,1702003346352,0.051,2390.65
ETHUSDT,BUY,LIMIT,1702003402276,0.296,2391.03
ETHUSDT,BUY,LIMIT,1702003403432,2.044,2392.00
ETHUSDT,BUY,LIMIT,1702003404484,0.106,2392.10
ETHUSDT,BUY,LIMIT,1702003409076,2.573,2392.42
ETHUSDT,BUY,LIMIT,1702003465267,0.021,2393.34
ETHUSDT,BUY,LIMIT,1702003469154,3.431,2394.19
ETHUSDT,BUY,LIMIT,1702003470305,3.592,2394.41
ETHUSDT,BUY,LIMIT,1702003471419,3.839,2394.22
ETHUSDT,BUY,LIMIT,1702003543594,0.446,2394.14
ETHUSDT,BUY,LIMIT,1702003556999,1.395,2393.98
ETHUSDT,BUY,LIMIT,1702003567541,0.199,2394.56
ETHUSDT,BUY,LIMIT,1702003569296,0.537,2394.70
ETHUSDT,BUY,LIMIT,1702003570434,0.151,2395.51
ETHUSDT,BUY,LIMIT,1702003575104,0.009,2395.54
ETHUSDT,BUY,LIMIT,1702003577549,0.061,2395.58
ETHUSDT,BUY,LIMIT,1702003653896,0.134,2390.93
ETHUSDT,SELL,LIMIT,1702003661982,42.782,2367.57
ETHUSDT,BUY,LIMIT,1702003881779,2.337,2391.89
ETHUSDT,BUY,LIMIT,1702003902625,0.234,2390.80
ETHUSDT,BUY,LIMIT,1702003909132,7.481,2392.16
ETHUSDT,BUY,LIMIT,1702003946335,0.207,2396.03
ETHUSDT,BUY,LIMIT,1702003947364,0.078,2396.15
ETHUSDT,BUY,LIMIT,1702003948397,0.058,2396.70
ETHUSDT,BUY,LIMIT,1702003949400,0.212,2396.82
ETHUSDT,BUY,LIMIT,1702003950522,0.131,2397.66
ETHUSDT,BUY,LIMIT,1702003955121,0.014,2397.69
ETHUSDT,BUY,LIMIT,1702003956262,0.022,2397.76
ETHUSDT,BUY,LIMIT,1702003957428,18.000,2397.83
ETHUSDT,BUY,LIMIT,1702003958691,1.804,2397.93
ETHUSDT,BUY,LIMIT,1702003959703,0.012,2398.53
ETHUSDT,BUY,LIMIT,1702003960714,0.085,2399.45
ETHUSDT,BUY,LIMIT,1702003977918,0.020,2398.58
ETHUSDT,BUY,LIMIT,1702003979296,2.000,2399.06
ETHUSDT,BUY,LIMIT,1702004039461,0.060,2390.48
ETHUSDT,BUY,LIMIT,1702004042022,0.300,2396.74
ETHUSDT,BUY,LIMIT,1702004043487,4.889,2397.34
ETHUSDT,BUY,LIMIT,1702004071099,0.411,2397.49
ETHUSDT,BUY,LIMIT,1702004385044,0.075,2390.60
ETHUSDT,SELL,LIMIT,1702004697200,0.559,2363.03
ETHUSDT,SELL,LIMIT,1702004802717,0.501,2361.60
ETHUSDT,SELL,LIMIT,1702004832177,10.476,2360.62
ETHUSDT,SELL,LIMIT,1702004838049,1.300,2360.13
ETHUSDT,BUY,LIMIT,1702005250480,0.015,2383.28
ETHUSDT,SELL,LIMIT,1702005301117,0.275,2360.55
ETHUSDT,BUY,LIMIT,1702005645556,5.417,2385.04
ETHUSDT,BUY,LIMIT,1702005677653,0.255,2389.29
ETHUSDT,BUY,LIMIT,1702005797965,1.000,2385.43
ETHUSDT,BUY,LIMIT,1702005815540,5.300,2387.02
ETHUSDT,BUY,LIMIT,1702005817353,21.286,2387.67
ETHUSDT,BUY,LIMIT,1702005819398,0.082,2388.06
ETHUSDT,BUY,LIMIT,1702005821123,0.100,2388.15
ETHUSDT,BUY,LIMIT,1702005909878,0.073,2388.18
ETHUSDT,BUY,LIMIT,1702006329340,2.463,2385.61
ETHUSDT,SELL,LIMIT,1702006351209,0.084,2363.92
ETHUSDT,BUY,LIMIT,1702006370550,0.213,2384.70
ETHUSDT,BUY,LIMIT,1702006405287,1.781,2386.09
ETHUSDT,BUY,LIMIT,1702006443248,0.171,2386.14
ETHUSDT,BUY,LIMIT,1702006447972,0.154,2386.22
ETHUSDT,BUY,LIMIT,1702006463427,0.631,2386.21
ETHUSDT,BUY,LIMIT,1702006468382,0.324,2385.31
ETHUSDT,BUY,LIMIT,1702006477100,0.215,2387.79
ETHUSDT,BUY,LIMIT,1702006482461,0.171,2387.99
ETHUSDT,BUY,LIMIT,1702006584131,11.109,2388.89
ETHUSDT,BUY,LIMIT,1702006594909,0.053,2388.92
ETHUSDT,SELL,LIMIT,1702006602037,2.024,2365.21
ETHUSDT,BUY,LIMIT,1702006767779,0.367,2388.56
ETHUSDT,BUY,LIMIT,1702006883418,4.273,2389.46
ETHUSDT,BUY,LIMIT,1702006893216,0.466,2389.46
ETHUSDT,BUY,LIMIT,1702006894248,0.540,2389.79
ETHUSDT,BUY,LIMIT,1702006897360,0.059,2389.80
ETHUSDT,BUY,LIMIT,1702006968208,0.918,2390.62
ETHUSDT,BUY,LIMIT,1702007011384,0.030,2391.09
ETHUSDT,BUY,LIMIT,1702007043052,0.021,2390.55
ETHUSDT,BUY,LIMIT,1702007096170,0.238,2391.18
ETHUSDT,BUY,LIMIT,1702007153374,0.086,2392.40
ETHUSDT,BUY,LIMIT,1702007166212,600.000,2402.84
ETHUSDT,BUY,LIMIT,1702007204073,0.093,2393.96
ETHUSDT,BUY,LIMIT,1702007207371,0.717,2393.97
ETHUSDT,BUY,LIMIT,1702007847879,0.038,2391.70
ETHUSDT,SELL,LIMIT,1702008049399,1.266,2364.11
ETHUSDT,BUY,LIMIT,1702008813523,4.904,2393.64
ETHUSDT,BUY,LIMIT,1702008841174,0.032,2395.33
ETHUSDT,BUY,LIMIT,1702008854074,0.292,2395.99
ETHUSDT,BUY,LIMIT,1702008857071,0.252,2397.33
ETHUSDT,BUY,LIMIT,1702008858419,0.982,2397.29
ETHUSDT,BUY,LIMIT,1702008866046,3.938,2397.64
ETHUSDT,BUY,LIMIT,1702008867726,0.533,2397.74
ETHUSDT,BUY,LIMIT,1702008869065,0.100,2398.25
ETHUSDT,BUY,LIMIT,1702008870168,0.012,2398.40
ETHUSDT,BUY,LIMIT,1702008883562,1.269,2398.06
ETHUSDT,BUY,LIMIT,1702008884571,1.753,2398.92
ETHUSDT,BUY,LIMIT,1702008892173,0.420,2399.56
ETHUSDT,BUY,LIMIT,1702008910159,0.475,2399.28
ETHUSDT,BUY,LIMIT,1702008915142,0.991,2399.69
ETHUSDT,BUY,LIMIT,1702008916163,0.076,2399.71
ETHUSDT,BUY,LIMIT,1702008917471,0.034,2399.84
ETHUSDT,BUY,LIMIT,1702008918473,0.130,2400.44
ETHUSDT,BUY,LIMIT,1702008919479,30.000,2403.86
ETHUSDT,BUY,LIMIT,1702008927052,1.446,2403.03
ETHUSDT,BUY,LIMIT,1702008929100,8.440,2403.32
ETHUSDT,BUY,LIMIT,1702009676987,0.385,2396.84
ETHUSDT,BUY,LIMIT,1702009681148,0.143,2397.84
ETHUSDT,SELL,LIMIT,1702010142242,1.686,2367.56
ETHUSDT,SELL,LIMIT,1702010300277,0.029,2364.67
ETHUSDT,SELL,LIMIT,1702010307615,0.011,2363.55
ETHUSDT,SELL,LIMIT,1702010308963,0.385,2363.27
ETHUSDT,SELL,LIMIT,1702010315906,8.500,2363.07
ETHUSDT,SELL,LIMIT,1702010318293,0.054,2362.58
ETHUSDT,SELL,LIMIT,1702010320839,3.973,2362.54
ETHUSDT,SELL,LIMIT,1702010327980,1.474,2362.36
ETHUSDT,SELL,LIMIT,1702010338582,1.891,2361.77
ETHUSDT,SELL,LIMIT,1702010346280,1.289,2361.62
ETHUSDT,SELL,LIMIT,1702010416915,1.081,2361.29
ETHUSDT,BUY,LIMIT,1702010672301,0.024,2385.30
ETHUSDT,SELL,LIMIT,1702011014192,0.042,2360.77
ETHUSDT,BUY,LIMIT,1702011151325,0.083,2379.74
ETHUSDT,BUY,LIMIT,1702011152658,0.045,2385.59
ETHUSDT,SELL,LIMIT,1702011337213,0.421,2359.90
ETHUSDT,SELL,LIMIT,1702011601249,1.016,2358.65
ETHUSDT,BUY,LIMIT,1702011607368,0.014,2381.45
ETHUSDT,BUY,LIMIT,1702011784239,10.779,2386.07
ETHUSDT,BUY,LIMIT,1702011958439,0.085,2384.24
ETHUSDT,SELL,LIMIT,1702012084108,0.025,2357.82
ETHUSDT,BUY,LIMIT,1702013310021,0.100,2384.48
ETHUSDT,SELL,LIMIT,1702013470345,0.030,2361.33
ETHUSDT,BUY,LIMIT,1702014187555,0.702,2388.79
ETHUSDT,BUY,LIMIT,1702014229536,0.520,2389.55
ETHUSDT,BUY,LIMIT,1702015817844,0.110,2391.24
ETHUSDT,BUY,LIMIT,1702015826366,0.018,2391.61
ETHUSDT,BUY,LIMIT,1702015829269,1.451,2391.99
ETHUSDT,BUY,LIMIT,1702015879156,0.084,2387.06
ETHUSDT,BUY,LIMIT,1702015946372,0.112,2392.92
ETHUSDT,BUY,LIMIT,1702015972528,1.000,2393.66
ETHUSDT,BUY,LIMIT,1702015997059,0.937,2393.74
ETHUSDT,BUY,LIMIT,1702016007512,0.647,2393.85
ETHUSDT,BUY,LIMIT,1702016033175,1.265,2394.39
ETHUSDT,BUY,LIMIT,1702016037758,0.077,2394.65
ETHUSDT,BUY,LIMIT,1702016154522,4.500,2393.42
ETHUSDT,BUY,LIMIT,1702016266135,0.443,2390.65
ETHUSDT,SELL,LIMIT,1702016876677,0.084,2365.72
ETHUSDT,SELL,LIMIT,1702017665335,8.423,2358.99
ETHUSDT,BUY,LIMIT,1702018169385,0.882,2380.55
ETHUSDT,BUY,LIMIT,1702018170404,0.016,2387.16
ETHUSDT,BUY,LIMIT,1702018634843,0.654,2389.33
ETHUSDT,BUY,LIMIT,1702018728963,0.047,2388.84
ETHUSDT,BUY,LIMIT,1702019030493,1.000,2386.32
ETHUSDT,BUY,LIMIT,1702019047596,4.570,2385.53
ETHUSDT,BUY,LIMIT,1702019287390,0.994,2385.23
ETHUSDT,SELL,LIMIT,1702020052032,0.012,2358.17
ETHUSDT,SELL,LIMIT,1702020055280,0.041,2358.02
ETHUSDT,SELL,LIMIT,1702020059508,0.167,2357.26
ETHUSDT,SELL,LIMIT,1702020074201,0.690,2356.70
ETHUSDT,SELL,LIMIT,1702020075896,5.803,2356.68
ETHUSDT,SELL,LIMIT,1702020077304,0.175,2356.61
ETHUSDT,SELL,LIMIT,1702020080143,0.162,2355.42
ETHUSDT,SELL,LIMIT,1702020114179,18.958,2354.98
ETHUSDT,SELL,LIMIT,1702020115378,0.440,2354.48
ETHUSDT,SELL,LIMIT,1702020116454,0.431,2354.12
ETHUSDT,SELL,LIMIT,1702020117761,0.081,2353.98
ETHUSDT,SELL,LIMIT,1702020149179,0.132,2355.82
ETHUSDT,SELL,LIMIT,1702020160056,0.098,2353.43
ETHUSDT,SELL,LIMIT,1702020163779,1.056,2353.88
ETHUSDT,SELL,LIMIT,1702020166308,2.428,2353.22
ETHUSDT,SELL,LIMIT,1702020190556,0.102,2353.31
ETHUSDT,SELL,LIMIT,1702020201072,0.336,2352.96
ETHUSDT,SELL,LIMIT,1702020222495,0.559,2351.18
ETHUSDT,BUY,LIMIT,1702020223512,0.062,2373.84
ETHUSDT,SELL,LIMIT,1702020506312,0.654,2350.52
ETHUSDT,SELL,LIMIT,1702020514808,1.707,2350.21
ETHUSDT,SELL,LIMIT,1702020518187,0.051,2350.20
ETHUSDT,SELL,LIMIT,1702020521988,1.258,2350.17
ETHUSDT,SELL,LIMIT,1702020527059,0.228,2350.22
ETHUSDT,SELL,LIMIT,1702020530217,0.190,2349.91
ETHUSDT,SELL,LIMIT,1702020532127,0.024,2349.64
ETHUSDT,SELL,LIMIT,1702020534225,0.023,2349.58
ETHUSDT,SELL,LIMIT,1702020538592,0.034,2349.44
ETHUSDT,SELL,LIMIT,1702020540226,0.104,2349.12
ETHUSDT,SELL,LIMIT,1702020541286,4.875,2348.60
ETHUSDT,SELL,LIMIT,1702020542302,0.162,2347.94
ETHUSDT,SELL,LIMIT,1702020595675,1.436,2348.49
ETHUSDT,SELL,LIMIT,1702020597239,0.094,2348.24
ETHUSDT,SELL,LIMIT,1702020632474,0.100,2349.72
ETHUSDT,SELL,LIMIT,1702020636068,0.298,2348.25
ETHUSDT,SELL,LIMIT,1702020637452,0.754,2348.21
ETHUSDT,SELL,LIMIT,1702020638846,0.015,2347.84
ETHUSDT,SELL,LIMIT,1702020641129,0.857,2347.83
ETHUSDT,SELL,LIMIT,1702020642470,0.735,2347.41
ETHUSDT,SELL,LIMIT,1702020655153,0.342,2347.01
ETHUSDT,SELL,LIMIT,1702020656538,2.041,2346.78
ETHUSDT,SELL,LIMIT,1702020658338,2.530,2346.73
ETHUSDT,SELL,LIMIT,1702020659455,0.795,2346.62
ETHUSDT,SELL,LIMIT,1702020661089,0.266,2346.33
ETHUSDT,SELL,LIMIT,1702020663358,0.057,2346.19
ETHUSDT,SELL,LIMIT,1702020664676,0.043,2345.62
ETHUSDT,SELL,LIMIT,1702022355220,0.023,2343.88
ETHUSDT,SELL,LIMIT,1702022369648,0.021,2343.81
ETHUSDT,SELL,LIMIT,1702022385580,2.298,2343.75
ETHUSDT,SELL,LIMIT,1702022393414,0.168,2343.08
ETHUSDT,SELL,LIMIT,1702022396896,0.177,2343.09
ETHUSDT,SELL,LIMIT,1702022398891,0.098,2343.00
ETHUSDT,SELL,LIMIT,1702022400342,0.444,2342.64
ETHUSDT,SELL,LIMIT,1702022403227,0.701,2343.02
ETHUSDT,SELL,LIMIT,1702022489173,0.038,2346.08
ETHUSDT,SELL,LIMIT,1702022513134,0.397,2342.40
ETHUSDT,SELL,LIMIT,1702022515217,0.030,2342.22
ETHUSDT,SELL,LIMIT,1702022521073,0.107,2341.94
ETHUSDT,SELL,LIMIT,1702022526691,0.421,2341.81
ETHUSDT,SELL,LIMIT,1702022528191,0.317,2341.72
ETHUSDT,SELL,LIMIT,1702022534459,4.056,2340.99
ETHUSDT,SELL,LIMIT,1702022554183,2.994,2340.59
ETHUSDT,SELL,LIMIT,1702022555280,0.237,2340.54
ETHUSDT,SELL,LIMIT,1702022556501,0.041,2340.88
ETHUSDT,SELL,LIMIT,1702022565094,0.105,2340.10
ETHUSDT,SELL,LIMIT,1702022576409,0.185,2341.68
ETHUSDT,SELL,LIMIT,1702022848606,0.022,2339.85
ETHUSDT,SELL,LIMIT,1702022891276,0.245,2339.45
ETHUSDT,SELL,LIMIT,1702022892350,0.010,2339.28
ETHUSDT,SELL,LIMIT,1702022893919,0.009,2339.26
ETHUSDT,SELL,LIMIT,1702023057710,0.018,2341.19
ETHUSDT,BUY,LIMIT,1702026136308,0.004,2368.64
ETHUSDT,BUY,LIMIT,1702027089545,0.088,2368.95
ETHUSDT,BUY,LIMIT,1702027101711,0.785,2369.28
ETHUSDT,BUY,LIMIT,1702027432672,0.258,2368.91
ETHUSDT,SELL,LIMIT,1702029249198,0.009,2339.07
ETHUSDT,SELL,LIMIT,1702029250411,0.313,2339.10
ETHUSDT,SELL,LIMIT,1702029279269,0.877,2337.67
ETHUSDT,SELL,LIMIT,1702029280377,0.220,2336.29
ETHUSDT,SELL,LIMIT,1702029293199,0.047,2336.04
ETHUSDT,SELL,LIMIT,1702029295337,1.947,2336.01
ETHUSDT,SELL,LIMIT,1702029305078,0.032,2335.51
ETHUSDT,SELL,LIMIT,1702029306370,0.265,2335.91
ETHUSDT,BUY,LIMIT,1702030320245,0.005,2366.40
ETHUSDT,BUY,LIMIT,1702030983621,0.119,2369.95
ETHUSDT,BUY,LIMIT,1702031071349,0.035,2370.73
ETHUSDT,BUY,LIMIT,1702031079579,0.065,2371.39
ETHUSDT,BUY,LIMIT,1702031083126,0.113,2372.28
ETHUSDT,BUY,LIMIT,1702031100072,0.012,2372.61
ETHUSDT,BUY,LIMIT,1702032255635,0.020,2369.68
ETHUSDT,BUY,LIMIT,1702033029892,0.938,2370.42
ETHUSDT,BUY,LIMIT,1702033355287,2.657,2373.54
ETHUSDT,BUY,LIMIT,1702033358284,0.520,2373.74
ETHUSDT,BUY,LIMIT,1702033368437,0.702,2373.52
ETHUSDT,BUY,LIMIT,1702033813994,0.352,2372.05
ETHUSDT,BUY,LIMIT,1702033875541,1.122,2373.16
ETHUSDT,BUY,LIMIT,1702034100110,0.516,2375.36
ETHUSDT,BUY,LIMIT,1702034255080,0.054,2375.75
ETHUSDT,BUY,LIMIT,1702034262206,0.017,2373.44
ETHUSDT,BUY,LIMIT,1702034275154,0.285,2377.09
ETHUSDT,BUY,LIMIT,1702034276193,0.822,2376.87
ETHUSDT,BUY,LIMIT,1702034296233,0.048,2377.52
ETHUSDT,BUY,LIMIT,1702034297982,1.007,2377.64
ETHUSDT,BUY,LIMIT,1702034300545,0.566,2377.66
ETHUSDT,BUY,LIMIT,1702034306329,0.102,2377.99
ETHUSDT,BUY,LIMIT,1702034307401,7.077,2378.22
ETHUSDT,BUY,LIMIT,1702034311405,1.887,2379.18
ETHUSDT,BUY,LIMIT,1702034312409,2.729,2379.09
ETHUSDT,BUY,LIMIT,1702034330364,21.702,2379.72
ETHUSDT,BUY,LIMIT,1702034543085,0.025,2379.25
ETHUSDT,BUY,LIMIT,1702034546837,3.381,2379.79
ETHUSDT,BUY,LIMIT,1702034548220,3.337,2380.42
ETHUSDT,BUY,LIMIT,1702034611415,5.105,2379.11
ETHUSDT,BUY,LIMIT,1702034732792,0.504,2375.55
ETHUSDT,BUY,LIMIT,1702034735364,0.441,2376.82
ETHUSDT,BUY,LIMIT,1702034747393,0.003,2377.06
ETHUSDT,BUY,LIMIT,1702034769520,0.020,2377.96
ETHUSDT,BUY,LIMIT,1702034782191,0.794,2377.07
ETHUSDT,BUY,LIMIT,1702034789318,0.398,2377.89
ETHUSDT,BUY,LIMIT,1702034994157,7.654,2376.46
ETHUSDT,BUY,LIMIT,1702035010338,0.100,2374.76
ETHUSDT,BUY,LIMIT,1702035152637,0.324,2377.54
ETHUSDT,BUY,LIMIT,1702035158193,0.599,2377.72
ETHUSDT,BUY,LIMIT,1702035162147,1.000,2379.02
ETHUSDT,BUY,LIMIT,1702035163191,0.120,2379.28
ETHUSDT,BUY,LIMIT,1702035174266,0.038,2379.65
ETHUSDT,SELL,LIMIT,1702035190165,0.048,2354.74
ETHUSDT,BUY,LIMIT,1702035217769,4.569,2380.64
ETHUSDT,BUY,LIMIT,1702035235572,0.019,2333.72
ETHUSDT,BUY,LIMIT,1702035245963,46.520,2380.41
ETHUSDT,BUY,LIMIT,1702035254925,0.139,2379.80
ETHUSDT,BUY,LIMIT,1702035263469,0.428,2381.10
ETHUSDT,BUY,LIMIT,1702035264669,4.456,2381.43
ETHUSDT,BUY,LIMIT,1702035271540,0.460,2381.71
ETHUSDT,BUY,LIMIT,1702035272757,0.225,2381.69
ETHUSDT,BUY,LIMIT,1702035273816,0.254,2381.90
ETHUSDT,BUY,LIMIT,1702035275320,0.044,2382.47
ETHUSDT,BUY,LIMIT,1702035300046,0.059,2382.68
ETHUSDT,BUY,LIMIT,1702035301341,0.032,2383.38
ETHUSDT,BUY,LIMIT,1702035303344,6.926,2383.43
ETHUSDT,BUY,LIMIT,1702035305552,2.095,2383.50
ETHUSDT,BUY,LIMIT,1702035411638,1.346,2382.20
ETHUSDT,BUY,LIMIT,1702035416480,8.541,2377.26
ETHUSDT,BUY,LIMIT,1702035420571,0.248,2382.14
ETHUSDT,BUY,LIMIT,1702035442476,0.844,2382.60
ETHUSDT,BUY,LIMIT,1702035451421,2.937,2382.84
ETHUSDT,BUY,LIMIT,1702035472358,0.010,2383.62
ETHUSDT,BUY,LIMIT,1702035480192,0.042,2383.66
ETHUSDT,BUY,LIMIT,1702035490319,0.962,2383.72
ETHUSDT,BUY,LIMIT,1702035492248,0.852,2383.85
ETHUSDT,BUY,LIMIT,1702035493427,0.032,2384.92
ETHUSDT,BUY,LIMIT,1702035495137,21.163,2385.03
ETHUSDT,BUY,LIMIT,1702035651412,0.997,2385.39
ETHUSDT,BUY,LIMIT,1702035661287,0.033,2385.61
ETHUSDT,BUY,LIMIT,1702035662501,0.026,2385.72
ETHUSDT,BUY,LIMIT,1702035874832,4.570,2385.12
ETHUSDT,BUY,LIMIT,1702035929357,0.026,2345.38
ETHUSDT,BUY,LIMIT,1702035930536,0.345,2378.14
ETHUSDT,BUY,LIMIT,1702035937226,0.124,2383.04
ETHUSDT,BUY,LIMIT,1702035965428,0.502,2382.79
ETHUSDT,BUY,LIMIT,1702035972959,0.496,2381.03
ETHUSDT,BUY,LIMIT,1702036079995,1.604,2382.40
ETHUSDT,BUY,LIMIT,1702036102586,1.243,2383.36
ETHUSDT,BUY,LIMIT,1702036144809,3.627,2382.29
ETHUSDT,BUY,LIMIT,1702036153920,0.350,2382.45
ETHUSDT,SELL,LIMIT,1702036163397,0.493,2359.54
ETHUSDT,BUY,LIMIT,1702036194398,0.682,2382.79
ETHUSDT,BUY,LIMIT,1702036984107,1.758,2376.17
ETHUSDT,SELL,LIMIT,1702037069863,2.371,2356.44
ETHUSDT,SELL,LIMIT,1702037071251,4.640,2351.77
ETHUSDT,BUY,LIMIT,1702037370329,0.030,2377.20
ETHUSDT,SELL,LIMIT,1702037490115,0.123,2352.02
ETHUSDT,SELL,LIMIT,1702037637706,0.842,2350.63
ETHUSDT,BUY,LIMIT,1702037873840,0.162,2376.76
ETHUSDT,BUY,LIMIT,1702038481100,2.697,2380.26
ETHUSDT,BUY,LIMIT,1702039097274,0.199,2378.08
ETHUSDT,BUY,LIMIT,1702039303271,127.000,2385.05
ETHUSDT,BUY,LIMIT,1702039326363,0.047,2382.05
ETHUSDT,SELL,LIMIT,1702040481158,0.018,2349.46
ETHUSDT,SELL,LIMIT,1702040482263,4.136,2349.23
ETHUSDT,SELL,LIMIT,1702040483936,0.060,2348.09
ETHUSDT,SELL,LIMIT,1702040516421,0.041,2347.47
ETHUSDT,SELL,LIMIT,1702041025924,2.055,2347.23
ETHUSDT,SELL,LIMIT,1702041027552,0.301,2346.73
ETHUSDT,BUY,LIMIT,1702041143086,1.536,2371.19
ETHUSDT,SELL,LIMIT,1702041144980,0.121,2348.94
ETHUSDT,BUY,LIMIT,1702041974895,0.402,2372.57
ETHUSDT,SELL,LIMIT,1702042202749,2.933,2345.54
ETHUSDT,SELL,LIMIT,1702042203801,0.311,2345.33
ETHUSDT,SELL,LIMIT,1702042204929,0.061,2344.11
ETHUSDT,SELL,LIMIT,1702042206218,3.468,2343.48
ETHUSDT,SELL,LIMIT,1702042208512,4.661,2342.91
ETHUSDT,SELL,LIMIT,1702042210315,0.683,2342.74
ETHUSDT,SELL,LIMIT,1702042211418,0.844,2341.94
ETHUSDT,SELL,LIMIT,1702042212428,0.455,2341.97
ETHUSDT,SELL,LIMIT,1702042213492,0.373,2341.13
ETHUSDT,SELL,LIMIT,1702042214517,0.228,2340.41
ETHUSDT,SELL,LIMIT,1702042225131,0.248,2340.32
ETHUSDT,SELL,LIMIT,1702042228760,0.017,2340.23
ETHUSDT,SELL,LIMIT,1702042230613,8.461,2339.92
ETHUSDT,SELL,LIMIT,1702042231618,0.039,2339.72
ETHUSDT,SELL,LIMIT,1702042235986,0.093,2339.14
ETHUSDT,SELL,LIMIT,1702042237077,0.391,2335.45
ETHUSDT,SELL,LIMIT,1702042238145,0.005,2336.31
ETHUSDT,SELL,LIMIT,1702042239141,8.073,2333.03
ETHUSDT,SELL,LIMIT,1702042240196,0.100,2331.67
ETHUSDT,SELL,LIMIT,1702042246176,0.009,2331.53
ETHUSDT,SELL,LIMIT,1702042247249,0.009,2331.53
ETHUSDT,BUY,LIMIT,1702042458760,0.252,2365.84
ETHUSDT,BUY,LIMIT,1702042477545,0.533,2367.85
ETHUSDT,BUY,LIMIT,1702042541262,0.043,2363.38
ETHUSDT,BUY,LIMIT,1702042848218,0.167,2362.96
ETHUSDT,SELL,LIMIT,1702042864329,0.012,2340.68
ETHUSDT,BUY,LIMIT,1702042972202,0.386,2363.56
ETHUSDT,BUY,LIMIT,1702042978491,5.092,2364.33
ETHUSDT,BUY,LIMIT,1702042982657,0.341,2364.64
ETHUSDT,BUY,LIMIT,1702043343353,0.215,2363.16
ETHUSDT,BUY,LIMIT,1702043365516,0.500,2363.42
ETHUSDT,BUY,LIMIT,1702043692334,0.129,2355.73
ETHUSDT,BUY,LIMIT,1702043717011,0.203,2360.48
ETHUSDT,SELL,LIMIT,1702043838327,12.071,2332.53
ETHUSDT,SELL,LIMIT,1702044454866,0.853,2332.15
ETHUSDT,SELL,LIMIT,1702044494196,0.228,2331.04
ETHUSDT,SELL,LIMIT,1702044511314,842.766,2320.12
ETHUSDT,SELL,LIMIT,1702044513069,0.072,2330.23
ETHUSDT,SELL,LIMIT,1702044514123,1.373,2330.14
ETHUSDT,SELL,LIMIT,1702044515264,0.232,2329.37
ETHUSDT,SELL,LIMIT,1702044821093,0.015,2328.66
ETHUSDT,SELL,LIMIT,1702044822098,0.086,2328.62
ETHUSDT,SELL,LIMIT,1702044823135,0.129,2328.48
ETHUSDT,SELL,LIMIT,1702045069897,0.212,2334.74
ETHUSDT,BUY,LIMIT,1702045086090,0.761,2357.61
ETHUSDT,BUY,LIMIT,1702045159067,4.102,2364.25
ETHUSDT,BUY,LIMIT,1702045635172,0.213,2355.01
ETHUSDT,SELL,LIMIT,1702045734864,0.010,2339.17
ETHUSDT,SELL,LIMIT,1702045885455,16.367,2336.96
ETHUSDT,BUY,LIMIT,1702045892587,0.246,2360.41
ETHUSDT,BUY,LIMIT,1702045896289,0.033,2360.40
ETHUSDT,BUY,LIMIT,1702045899894,0.104,2360.41
ETHUSDT,BUY,LIMIT,1702046036200,1.824,2366.21
ETHUSDT,BUY,LIMIT,1702046037441,0.060,2367.69
ETHUSDT,BUY,LIMIT,1702046038541,5.570,2368.41
ETHUSDT,BUY,LIMIT,1702046076194,0.092,2369.92
ETHUSDT,BUY,LIMIT,1702046077221,0.071,2371.01
ETHUSDT,BUY,LIMIT,1702046079364,0.035,2371.45
ETHUSDT,BUY,LIMIT,1702046112434,1.200,2371.65
ETHUSDT,BUY,LIMIT,1702046114163,0.010,2371.76
ETHUSDT,BUY,LIMIT,1702046122238,0.212,2371.82
ETHUSDT,BUY,LIMIT,1702046141067,0.058,2373.06
ETHUSDT,BUY,LIMIT,1702046142073,0.045,2373.43
ETHUSDT,BUY,LIMIT,1702046143241,0.249,2373.71
ETHUSDT,BUY,LIMIT,1702046149330,0.790,2374.18
ETHUSDT,BUY,LIMIT,1702046150330,5.776,2374.52
ETHUSDT,BUY,LIMIT,1702046260449,0.091,2371.01
ETHUSDT,BUY,LIMIT,1702046268852,2.300,2372.66
ETHUSDT,BUY,LIMIT,1702046397735,0.042,2374.32
ETHUSDT,BUY,LIMIT,1702046677924,0.862,2371.22
ETHUSDT,BUY,LIMIT,1702046718784,0.105,2375.19
ETHUSDT,BUY,LIMIT,1702046822772,1.236,2371.97
ETHUSDT,BUY,LIMIT,1702046846210,0.379,2375.54
ETHUSDT,BUY,LIMIT,1702046864570,4.416,2375.77
ETHUSDT,BUY,LIMIT,1702046866676,8.676,2376.48
ETHUSDT,BUY,LIMIT,1702046871930,0.210,2377.18
ETHUSDT,BUY,LIMIT,1702046874909,0.061,2379.08
ETHUSDT,BUY,LIMIT,1702046878299,6.186,2379.32
ETHUSDT,BUY,LIMIT,1702046889673,0.400,2379.38
ETHUSDT,BUY,LIMIT,1702046892395,5.000,2379.82
ETHUSDT,BUY,LIMIT,1702046894064,0.200,2380.60
ETHUSDT,BUY,LIMIT,1702046895131,1.000,2380.70
ETHUSDT,BUY,LIMIT,1702046900253,17.050,2380.26
ETHUSDT,BUY,LIMIT,1702046902118,0.600,2380.17
ETHUSDT,BUY,LIMIT,1702046911283,0.118,2379.85
ETHUSDT,BUY,LIMIT,1702046912466,0.150,2381.10
ETHUSDT,BUY,LIMIT,1702046951894,1.696,2381.23
ETHUSDT,BUY,LIMIT,1702047052877,0.051,2379.14
ETHUSDT,BUY,LIMIT,1702047077494,0.342,2379.74
ETHUSDT,BUY,LIMIT,1702047588344,0.491,2374.10
ETHUSDT,SELL,LIMIT,1702047656388,0.040,2357.59
ETHUSDT,BUY,LIMIT,1702047658474,0.039,2373.77
ETHUSDT,BUY,LIMIT,1702047693540,1.032,2381.48
ETHUSDT,BUY,LIMIT,1702047695255,0.021,2381.53
ETHUSDT,BUY,LIMIT,1702047696469,0.035,2381.42
ETHUSDT,BUY,LIMIT,1702047698214,1.082,2382.16
ETHUSDT,BUY,LIMIT,1702047699217,44.644,2383.62
ETHUSDT,BUY,LIMIT,1702047700274,0.975,2382.70
ETHUSDT,BUY,LIMIT,1702047701722,0.040,2386.48
ETHUSDT,BUY,LIMIT,1702047702785,0.018,2386.63
ETHUSDT,BUY,LIMIT,1702047706121,0.108,2386.80
ETHUSDT,BUY,LIMIT,1702047707139,17.021,2388.44
ETHUSDT,BUY,LIMIT,1702047708147,0.455,2387.68
ETHUSDT,BUY,LIMIT,1702047709306,0.287,2388.81
ETHUSDT,BUY,LIMIT,1702047710593,2.189,2389.01
ETHUSDT,BUY,LIMIT,1702047711689,0.387,2389.18
ETHUSDT,BUY,LIMIT,1702047835234,0.245,2389.26
ETHUSDT,BUY,LIMIT,1702047846662,0.358,2389.03
ETHUSDT,BUY,LIMIT,1702048108127,0.004,2383.81
ETHUSDT,SELL,LIMIT,1702048554896,0.019,2353.27
ETHUSDT,SELL,LIMIT,1702048556176,3.436,2352.72
ETHUSDT,SELL,LIMIT,1702048647797,0.130,2352.09
ETHUSDT,SELL,LIMIT,1702048919210,0.030,2351.19
ETHUSDT,SELL,LIMIT,1702048926781,0.023,2350.94
ETHUSDT,SELL,LIMIT,1702048950439,2.350,2350.74
ETHUSDT,BUY,LIMIT,1702048982588,0.372,2375.14
ETHUSDT,BUY,LIMIT,1702048993097,0.093,2375.02
ETHUSDT,SELL,LIMIT,1702049001223,3.113,2352.63
ETHUSDT,SELL,LIMIT,1702049180558,0.210,2349.03
ETHUSDT,SELL,LIMIT,1702049242265,0.353,2348.11
ETHUSDT,BUY,LIMIT,1702049248166,0.009,2371.56
ETHUSDT,BUY,LIMIT,1702049781221,0.076,2369.34
ETHUSDT,SELL,LIMIT,1702050004194,0.100,2346.89
ETHUSDT,SELL,LIMIT,1702050116165,2.073,2346.01
ETHUSDT,BUY,LIMIT,1702050351354,0.155,2371.45
ETHUSDT,BUY,LIMIT,1702050445083,6.000,2371.19
ETHUSDT,BUY,LIMIT,1702050454463,0.765,2372.12
ETHUSDT,BUY,LIMIT,1702050456356,0.896,2372.12
ETHUSDT,BUY,LIMIT,1702050544622,0.009,2365.69
ETHUSDT,SELL,LIMIT,1702050707553,0.033,2345.69
ETHUSDT,SELL,LIMIT,1702050708668,0.410,2344.79
ETHUSDT,SELL,LIMIT,1702050713364,0.156,2343.33
ETHUSDT,SELL,LIMIT,1702050714479,0.016,2342.86
ETHUSDT,SELL,LIMIT,1702050717042,44.493,2342.35
ETHUSDT,SELL,LIMIT,1702050726490,0.050,2345.35
ETHUSDT,SELL,LIMIT,1702050737341,2.606,2341.55
ETHUSDT,SELL,LIMIT,1702050775540,11.041,2340.22
ETHUSDT,SELL,LIMIT,1702050777062,1.044,2339.74
ETHUSDT,SELL,LIMIT,1702050778190,0.508,2339.41
ETHUSDT,SELL,LIMIT,1702050786976,0.069,2338.99
ETHUSDT,SELL,LIMIT,1702050793122,0.083,2338.53
ETHUSDT,SELL,LIMIT,1702050794141,0.455,2338.76
ETHUSDT,SELL,LIMIT,1702050797129,2.000,2337.94
ETHUSDT,SELL,LIMIT,1702050798157,0.553,2337.37
ETHUSDT,SELL,LIMIT,1702050800155,0.528,2337.34
ETHUSDT,SELL,LIMIT,1702050801214,0.037,2337.19
ETHUSDT,SELL,LIMIT,1702050802287,0.042,2336.57
ETHUSDT,SELL,LIMIT,1702050824821,12.279,2336.67
ETHUSDT,SELL,LIMIT,1702050826067,0.106,2336.49
ETHUSDT,SELL,LIMIT,1702050827136,0.128,2336.06
ETHUSDT,SELL,LIMIT,1702050828147,2.100,2335.36
ETHUSDT,SELL,LIMIT,1702050829201,0.409,2335.42
ETHUSDT,SELL,LIMIT,1702050832287,1.642,2334.78
ETHUSDT,SELL,LIMIT,1702050967447,1.987,2334.50
ETHUSDT,SELL,LIMIT,1702050986163,0.714,2338.43
ETHUSDT,BUY,LIMIT,1702051257194,1.290,2361.15
ETHUSDT,BUY,LIMIT,1702051270893,2.208,2362.54
ETHUSDT,BUY,LIMIT,1702051338293,0.290,2364.91
ETHUSDT,BUY,LIMIT,1702051354740,0.401,2366.25
ETHUSDT,BUY,LIMIT,1702051355842,1.498,2363.76
ETHUSDT,BUY,LIMIT,1702051359147,0.082,2365.97
ETHUSDT,BUY,LIMIT,1702051365653,4.637,2367.32
ETHUSDT,BUY,LIMIT,1702051375929,0.037,2366.82
ETHUSDT,BUY,LIMIT,1702051377102,0.442,2366.96
ETHUSDT,BUY,LIMIT,1702051387368,2.578,2363.73
ETHUSDT,BUY,LIMIT,1702051390574,0.215,2367.11
ETHUSDT,BUY,LIMIT,1702051508566,0.211,2360.72
ETHUSDT,BUY,LIMIT,1702051515200,0.315,2366.61
ETHUSDT,SELL,LIMIT,1702051520184,0.094,2342.24
ETHUSDT,BUY,LIMIT,1702051584165,0.032,2366.55
ETHUSDT,BUY,LIMIT,1702051683737,1.602,2363.95
ETHUSDT,BUY,LIMIT,1702051724667,0.282,2366.16
ETHUSDT,BUY,LIMIT,1702051818570,0.032,2364.26
ETHUSDT,BUY,LIMIT,1702051955204,0.122,2367.12
ETHUSDT,BUY,LIMIT,1702052151488,0.348,2366.12
ETHUSDT,BUY,LIMIT,1702052161449,0.021,2370.12
ETHUSDT,BUY,LIMIT,1702052391552,0.126,2368.36
ETHUSDT,BUY,LIMIT,1702052540051,3.670,2370.29
ETHUSDT,BUY,LIMIT,1702052548428,0.330,2370.66
ETHUSDT,BUY,LIMIT,1702052552187,0.301,2371.26
ETHUSDT,BUY,LIMIT,1702052565175,1.678,2371.81
ETHUSDT,BUY,LIMIT,1702053169617,0.500,2372.32
ETHUSDT,BUY,LIMIT,1702053219830,0.024,2372.99
ETHUSDT,BUY,LIMIT,1702053249256,0.750,2372.46
ETHUSDT,BUY,LIMIT,1702053445379,0.030,2371.91
ETHUSDT,BUY,LIMIT,1702053790230,0.018,2372.69
ETHUSDT,BUY,LIMIT,1702053983182,0.032,2374.27
ETHUSDT,SELL,LIMIT,1702054212865,2.346,2345.56
ETHUSDT,BUY,LIMIT,1702054347358,0.052,2367.30
ETHUSDT,SELL,LIMIT,1702054437926,1.063,2344.92
ETHUSDT,SELL,LIMIT,1702055240726,0.152,2347.49
ETHUSDT,SELL,LIMIT,1702055268243,1.006,2348.44
ETHUSDT,SELL,LIMIT,1702055324404,0.009,2340.82
ETHUSDT,SELL,LIMIT,1702055350388,5.172,2339.72
ETHUSDT,SELL,LIMIT,1702055378205,0.803,2338.19
ETHUSDT,SELL,LIMIT,1702055470592,0.853,2337.18
ETHUSDT,SELL,LIMIT,1702055475137,0.017,2336.95
ETHUSDT,SELL,LIMIT,1702055476361,0.086,2336.90
ETHUSDT,SELL,LIMIT,1702055498138,0.075,2336.37
ETHUSDT,SELL,LIMIT,1702055499209,2.181,2335.76
ETHUSDT,SELL,LIMIT,1702055503080,0.020,2344.33
ETHUSDT,SELL,LIMIT,1702055752665,0.220,2334.88
ETHUSDT,SELL,LIMIT,1702055756312,15.174,2335.08
ETHUSDT,SELL,LIMIT,1702056000310,0.043,2338.65
ETHUSDT,SELL,LIMIT,1702056273726,1.030,2335.69
ETHUSDT,SELL,LIMIT,1702056287487,1.309,2334.94
ETHUSDT,SELL,LIMIT,1702056563222,0.174,2334.33
ETHUSDT,SELL,LIMIT,1702056616315,0.040,2334.24
ETHUSDT,SELL,LIMIT,1702056622230,0.041,2333.54
ETHUSDT,SELL,LIMIT,1702056623802,1.597,2333.41
ETHUSDT,SELL,LIMIT,1702056625116,0.015,2332.79
ETHUSDT,SELL,LIMIT,1702056626130,0.016,2331.69
ETHUSDT,SELL,LIMIT,1702056627163,42.544,2331.26
ETHUSDT,BUY,LIMIT,1702057399425,0.013,2359.54
ETHUSDT,SELL,LIMIT,1702057868590,0.263,2341.69
ETHUSDT,BUY,LIMIT,1702058213913,0.150,2364.79
ETHUSDT,BUY,LIMIT,1702059858231,0.019,2367.91
ETHUSDT,BUY,LIMIT,1702059867936,15.020,2368.67
ETHUSDT,BUY,LIMIT,1702059869052,0.284,2369.27
ETHUSDT,BUY,LIMIT,1702059871906,0.960,2369.38
ETHUSDT,BUY,LIMIT,1702059878927,0.500,2369.69
ETHUSDT,SELL,LIMIT,1702060840587,0.080,2341.10
ETHUSDT,SELL,LIMIT,1702062017219,4.326,2335.05
ETHUSDT,BUY,LIMIT,1702062071415,0.221,2358.27
ETHUSDT,SELL,LIMIT,1702063965248,0.014,2340.29
ETHUSDT,BUY,LIMIT,1702064060752,0.042,2364.53
ETHUSDT,BUY,LIMIT,1702064087072,0.096,2365.52
ETHUSDT,SELL,LIMIT,1702065290527,0.700,2345.21
ETHUSDT,SELL,LIMIT,1702065362979,8.515,2342.71
ETHUSDT,SELL,LIMIT,1702065484696,0.588,2342.41
ETHUSDT,SELL,LIMIT,1702065527930,0.026,2404.21
ETHUSDT,BUY,LIMIT,1702065541819,0.034,2366.97
ETHUSDT,BUY,LIMIT,1702065559203,1.000,2366.28
ETHUSDT,BUY,LIMIT,1702065893553,0.009,2368.03
ETHUSDT,BUY,LIMIT,1702065942715,0.178,2367.98
ETHUSDT,BUY,LIMIT,1702066009962,0.934,2368.40
ETHUSDT,SELL,LIMIT,1702066058068,0.012,2378.55
ETHUSDT,BUY,LIMIT,1702066091781,0.083,2369.42
ETHUSDT,SELL,LIMIT,1702066126415,0.360,2346.32
ETHUSDT,BUY,LIMIT,1702066248776,5.862,2370.89
ETHUSDT,BUY,LIMIT,1702066568715,0.346,2371.35
ETHUSDT,BUY,LIMIT,1702066858039,0.255,2372.02
ETHUSDT,BUY,LIMIT,1702066969121,1.000,2371.05
ETHUSDT,BUY,LIMIT,1702067590378,0.616,2371.95
ETHUSDT,BUY,LIMIT,1702067608336,9.000,2370.75
ETHUSDT,SELL,LIMIT,1702067634057,1.450,2348.55
ETHUSDT,BUY,LIMIT,1702067635722,0.212,2371.71
ETHUSDT,BUY,LIMIT,1702067637308,0.636,2370.99
ETHUSDT,BUY,LIMIT,1702067740550,3.962,2372.53
ETHUSDT,BUY,LIMIT,1702067742026,0.652,2372.44
ETHUSDT,BUY,LIMIT,1702068034252,0.023,2373.18
ETHUSDT,BUY,LIMIT,1702068035336,0.887,2372.97
ETHUSDT,BUY,LIMIT,1702068036431,0.039,2373.64
ETHUSDT,BUY,LIMIT,1702068067543,0.197,2374.02
ETHUSDT,BUY,LIMIT,1702068070019,0.012,2372.63
ETHUSDT,BUY,LIMIT,1702068071138,0.850,2374.22
ETHUSDT,BUY,LIMIT,1702068084128,0.041,2368.78
ETHUSDT,BUY,LIMIT,1702068085438,12.840,2375.07
ETHUSDT,BUY,LIMIT,1702068122038,6.208,2373.46
ETHUSDT,BUY,LIMIT,1702068165956,0.240,2374.97
ETHUSDT,BUY,LIMIT,1702068180079,0.144,2374.52
ETHUSDT,BUY,LIMIT,1702068202103,0.175,2374.29
ETHUSDT,BUY,LIMIT,1702068216250,0.013,2375.03
ETHUSDT,BUY,LIMIT,1702068238866,0.308,2375.14
ETHUSDT,BUY,LIMIT,1702068257884,0.952,2375.30
ETHUSDT,BUY,LIMIT,1702068259115,0.502,2375.46
ETHUSDT,BUY,LIMIT,1702068269444,0.217,2375.88
ETHUSDT,BUY,LIMIT,1702068578421,6.261,2373.88
ETHUSDT,BUY,LIMIT,1702068591653,0.558,2374.10
ETHUSDT,BUY,LIMIT,1702068619642,0.105,2374.22
ETHUSDT,BUY,LIMIT,1702068771127,0.017,2374.72
ETHUSDT,BUY,LIMIT,1702068792162,0.072,2375.91
ETHUSDT,BUY,LIMIT,1702068798520,5.141,2376.84
ETHUSDT,BUY,LIMIT,1702068800535,2.739,2377.06
ETHUSDT,BUY,LIMIT,1702068801584,0.015,2376.99
ETHUSDT,BUY,LIMIT,1702068818141,0.040,2377.27
ETHUSDT,BUY,LIMIT,1702068841419,0.127,2377.30
ETHUSDT,BUY,LIMIT,1702068851265,5.310,2376.92
ETHUSDT,BUY,LIMIT,1702068859810,0.230,2377.12
ETHUSDT,BUY,LIMIT,1702068897302,3.253,2377.08
ETHUSDT,BUY,LIMIT,1702068899544,0.039,2377.74
ETHUSDT,BUY,LIMIT,1702068928361,0.065,2377.81
ETHUSDT,BUY,LIMIT,1702068930324,0.770,2377.95
ETHUSDT,BUY,LIMIT,1702068932377,0.292,2378.06
ETHUSDT,BUY,LIMIT,1702068983390,3.053,2378.13
ETHUSDT,BUY,LIMIT,1702068984451,0.010,2378.17
ETHUSDT,BUY,LIMIT,1702068989535,0.019,2378.37
ETHUSDT,BUY,LIMIT,1702068992703,0.580,2377.74
ETHUSDT,BUY,LIMIT,1702068995373,0.360,2378.67
ETHUSDT,SELL,LIMIT,1702069019434,0.423,2355.30
ETHUSDT,BUY,LIMIT,1702069020790,0.012,2378.64
ETHUSDT,BUY,LIMIT,1702069036296,0.632,2378.66
ETHUSDT,BUY,LIMIT,1702069037661,4.227,2378.51
ETHUSDT,BUY,LIMIT,1702069039500,0.300,2379.03
ETHUSDT,BUY,LIMIT,1702069042443,1.029,2378.72
ETHUSDT,BUY,LIMIT,1702069043495,0.371,2379.57
ETHUSDT,BUY,LIMIT,1702069045375,0.027,2379.69
ETHUSDT,BUY,LIMIT,1702069046574,0.125,2379.59
ETHUSDT,BUY,LIMIT,1702069048175,1.575,2380.84
ETHUSDT,BUY,LIMIT,1702069074675,9.974,2380.88
ETHUSDT,BUY,LIMIT,1702069078094,0.300,2381.06
ETHUSDT,BUY,LIMIT,1702069079183,0.590,2381.08
ETHUSDT,BUY,LIMIT,1702069080385,0.842,2380.80
ETHUSDT,BUY,LIMIT,1702069081855,0.126,2381.18
ETHUSDT,BUY,LIMIT,1702069086277,0.126,2381.26
ETHUSDT,BUY,LIMIT,1702069092667,0.147,2381.37
ETHUSDT,BUY,LIMIT,1702069319349,0.234,2377.85
ETHUSDT,BUY,LIMIT,1702069590120,10.000,2376.30
ETHUSDT,BUY,LIMIT,1702069735233,3.744,2376.32
ETHUSDT,BUY,LIMIT,1702070184498,1.605,2376.71
ETHUSDT,SELL,LIMIT,1702070285553,0.050,2355.68
ETHUSDT,BUY,LIMIT,1702070287365,1.735,2379.24
ETHUSDT,BUY,LIMIT,1702070454112,50.000,2380.93
ETHUSDT,BUY,LIMIT,1702070519457,0.322,2380.62
ETHUSDT,BUY,LIMIT,1702070522130,0.464,2380.76
ETHUSDT,BUY,LIMIT,1702070555108,2.000,2381.28
ETHUSDT,BUY,LIMIT,1702070556098,0.828,2381.89
ETHUSDT,BUY,LIMIT,1702070557372,0.012,2381.65
ETHUSDT,BUY,LIMIT,1702070559738,1.500,2382.07
ETHUSDT,BUY,LIMIT,1702070562622,0.020,2382.11
ETHUSDT,BUY,LIMIT,1702070602496,0.055,2381.51
ETHUSDT,BUY,LIMIT,1702070603910,0.010,2379.79
ETHUSDT,BUY,LIMIT,1702070610690,3.527,2382.13
ETHUSDT,BUY,LIMIT,1702070611864,0.525,2382.40
ETHUSDT,BUY,LIMIT,1702070625664,17.121,2381.92
ETHUSDT,BUY,LIMIT,1702070626860,3.376,2381.54
ETHUSDT,BUY,LIMIT,1702070628096,1.619,2381.61
ETHUSDT,BUY,LIMIT,1702070629190,1.917,2371.44
ETHUSDT,BUY,LIMIT,1702070630214,0.423,2383.12
ETHUSDT,BUY,LIMIT,1702070631260,1.464,2383.41
ETHUSDT,BUY,LIMIT,1702070632626,0.207,2383.83
ETHUSDT,BUY,LIMIT,1702070653006,0.045,2383.50
ETHUSDT,BUY,LIMIT,1702070656234,0.044,2384.10
ETHUSDT,SELL,LIMIT,1702070657370,0.998,2361.94
ETHUSDT,BUY,LIMIT,1702070658905,0.893,2384.34
ETHUSDT,BUY,LIMIT,1702070660724,5.269,2384.64
ETHUSDT,BUY,LIMIT,1702070661775,0.370,2384.80
ETHUSDT,BUY,LIMIT,1702070663167,1.531,2384.09
ETHUSDT,BUY,LIMIT,1702070664230,0.060,2385.29
ETHUSDT,BUY,LIMIT,1702070665512,0.050,2385.41
ETHUSDT,BUY,LIMIT,1702070667063,21.129,2385.84
ETHUSDT,BUY,LIMIT,1702070676329,0.336,2386.16
ETHUSDT,BUY,LIMIT,1702070678188,0.196,2383.82
ETHUSDT,BUY,LIMIT,1702070679453,0.045,2383.74
ETHUSDT,BUY,LIMIT,1702070706111,0.025,2386.36
ETHUSDT,BUY,LIMIT,1702070709400,2.000,2386.50
ETHUSDT,BUY,LIMIT,1702070729409,36.242,2386.87
ETHUSDT,BUY,LIMIT,1702070732187,0.412,2387.05
ETHUSDT,BUY,LIMIT,1702070733337,12.835,2387.93
ETHUSDT,BUY,LIMIT,1702070735327,0.052,2388.38
ETHUSDT,BUY,LIMIT,1702070736936,13.568,2388.39
ETHUSDT,BUY,LIMIT,1702070748911,0.011,2388.23
ETHUSDT,BUY,LIMIT,1702070750029,5.000,2388.09
ETHUSDT,BUY,LIMIT,1702070751132,0.382,2389.76
ETHUSDT,BUY,LIMIT,1702070753205,0.045,2389.19
ETHUSDT,BUY,LIMIT,1702070755144,0.968,2389.79
ETHUSDT,BUY,LIMIT,1702070772860,13.522,2389.19
ETHUSDT,BUY,LIMIT,1702070774246,0.010,2388.36
ETHUSDT,SELL,LIMIT,1702070814124,0.100,2363.95
ETHUSDT,BUY,LIMIT,1702070895514,0.219,2385.83
ETHUSDT,BUY,LIMIT,1702071037338,0.846,2386.49
ETHUSDT,BUY,LIMIT,1702071214340,0.038,2389.98
ETHUSDT,SELL,LIMIT,1702071733065,0.125,2355.16
ETHUSDT,SELL,LIMIT,1702071734403,0.074,2353.78
ETHUSDT,SELL,LIMIT,1702071735678,0.024,2353.67
ETHUSDT,SELL,LIMIT,1702071818631,2.000,2351.60
ETHUSDT,SELL,LIMIT,1702072125368,0.210,2351.99
ETHUSDT,SELL,LIMIT,1702072132425,0.037,2351.02
ETHUSDT,SELL,LIMIT,1702072137399,9.685,2350.57
ETHUSDT,SELL,LIMIT,1702072138433,0.547,2350.45
ETHUSDT,BUY,LIMIT,1702072671667,0.012,2380.43
ETHUSDT,BUY,LIMIT,1702072804331,3.000,2381.08
ETHUSDT,BUY,LIMIT,1702072891137,2.520,2383.37
ETHUSDT,BUY,LIMIT,1702072944739,17.000,2383.14
ETHUSDT,BUY,LIMIT,1702072952175,6.271,2376.45
ETHUSDT,BUY,LIMIT,1702072954524,0.981,2383.37
ETHUSDT,BUY,LIMIT,1702073028226,23.505,2384.40
ETHUSDT,BUY,LIMIT,1702073315164,1.298,2385.44
ETHUSDT,BUY,LIMIT,1702075482961,0.200,2325.62
ETHUSDT,BUY,LIMIT,1702075485913,0.193,2377.39
ETHUSDT,BUY,LIMIT,1702075514593,0.176,2377.69
ETHUSDT,BUY,LIMIT,1702075536518,4.670,2378.10
ETHUSDT,SELL,LIMIT,1702077072957,0.105,2352.06
ETHUSDT,SELL,LIMIT,1702077213469,0.261,2350.48
ETHUSDT,SELL,LIMIT,1702077222082,0.354,2349.08
ETHUSDT,BUY,LIMIT,1702077663931,0.042,2375.82
ETHUSDT,SELL,LIMIT,1702077729687,1.245,2350.28
ETHUSDT,BUY,LIMIT,1702078165086,0.100,2375.48
ETHUSDT,BUY,LIMIT,1702078182281,0.753,2376.43
ETHUSDT,BUY,LIMIT,1702078388884,0.605,2375.94
ETHUSDT,BUY,LIMIT,1702078502987,0.009,2374.03
ETHUSDT,BUY,LIMIT,1702078512880,3.479,2373.14
ETHUSDT,BUY,LIMIT,1702078515151,0.052,2371.99
ETHUSDT,BUY,LIMIT,1702078548839,0.285,2375.46
ETHUSDT,BUY,LIMIT,1702078602377,0.448,2373.52
ETHUSDT,BUY,LIMIT,1702078603489,5.286,2370.60
ETHUSDT,BUY,LIMIT,1702078609448,0.088,2373.90
ETHUSDT,BUY,LIMIT,1702078760155,0.691,2375.03
ETHUSDT,SELL,LIMIT,1702078822784,0.013,2348.94
ETHUSDT,SELL,LIMIT,1702078876224,0.888,2347.74
ETHUSDT,SELL,LIMIT,1702078880450,4.917,2346.81
ETHUSDT,SELL,LIMIT,1702078884146,0.639,2347.02
ETHUSDT,SELL,LIMIT,1702078888234,0.843,2346.46
ETHUSDT,SELL,LIMIT,1702078889486,0.104,2346.38
ETHUSDT,SELL,LIMIT,1702078896427,0.080,2345.41
ETHUSDT,SELL,LIMIT,1702078897514,2.242,2345.14
ETHUSDT,SELL,LIMIT,1702079038344,0.379,2344.83
ETHUSDT,BUY,LIMIT,1702079061349,1.218,2369.09
ETHUSDT,SELL,LIMIT,1702079141814,5.898,2344.44
ETHUSDT,SELL,LIMIT,1702079148977,0.080,2344.28
ETHUSDT,SELL,LIMIT,1702079150004,0.401,2344.05
ETHUSDT,BUY,LIMIT,1702079208327,1.319,2368.19
ETHUSDT,SELL,LIMIT,1702079449621,0.892,2349.05
ETHUSDT,BUY,LIMIT,1702080235287,1.400,2374.61
ETHUSDT,SELL,LIMIT,1702080275342,0.010,2351.03
ETHUSDT,BUY,LIMIT,1702080316741,0.896,2374.97
ETHUSDT,SELL,LIMIT,1702080321691,0.471,2351.10
ETHUSDT,BUY,LIMIT,1702080372170,0.216,2372.11
ETHUSDT,BUY,LIMIT,1702080518004,0.200,2374.55
ETHUSDT,BUY,LIMIT,1702080754225,0.500,2375.63
ETHUSDT,BUY,LIMIT,1702080768623,4.281,2376.22
ETHUSDT,BUY,LIMIT,1702080798065,2.000,2375.72
ETHUSDT,BUY,LIMIT,1702080973222,2.725,2374.98
ETHUSDT,SELL,LIMIT,1702080992331,0.134,2351.75
ETHUSDT,BUY,LIMIT,1702081039696,2.886,2374.38
ETHUSDT,SELL,LIMIT,1702081180477,0.789,2352.05
ETHUSDT,BUY,LIMIT,1702081183103,0.385,2375.63
ETHUSDT,BUY,LIMIT,1702081229517,7.458,2376.21
ETHUSDT,BUY,LIMIT,1702081313327,0.040,2375.15
ETHUSDT,SELL,LIMIT,1702081364752,0.042,2351.21
ETHUSDT,BUY,LIMIT,1702081378294,0.322,2375.07
ETHUSDT,BUY,LIMIT,1702081511352,0.017,2375.80
ETHUSDT,BUY,LIMIT,1702081529720,0.252,2376.01
ETHUSDT,BUY,LIMIT,1702081623518,0.343,2378.27
ETHUSDT,BUY,LIMIT,1702081635436,0.030,2378.21
ETHUSDT,BUY,LIMIT,1702081663162,0.028,2377.88
ETHUSDT,BUY,LIMIT,1702081705456,0.015,2377.85
ETHUSDT,BUY,LIMIT,1702081759495,21.276,2378.27
ETHUSDT,BUY,LIMIT,1702081777177,4.087,2378.33
ETHUSDT,BUY,LIMIT,1702081781454,0.010,2378.20
ETHUSDT,BUY,LIMIT,1702081825947,28.509,2378.81
ETHUSDT,BUY,LIMIT,1702081975084,0.572,2369.40
ETHUSDT,BUY,LIMIT,1702082060826,0.100,2377.23
ETHUSDT,BUY,LIMIT,1702082094847,0.141,2378.87
ETHUSDT,BUY,LIMIT,1702082313369,2.164,2377.53
ETHUSDT,SELL,LIMIT,1702082421160,0.222,2353.59
ETHUSDT,BUY,LIMIT,1702082449251,3.276,2377.03
ETHUSDT,BUY,LIMIT,1702082457254,1.130,2376.27
ETHUSDT,BUY,LIMIT,1702082592065,2.800,2375.98
ETHUSDT,SELL,LIMIT,1702082809885,9.564,2354.31
ETHUSDT,BUY,LIMIT,1702082926363,0.011,2379.33
ETHUSDT,BUY,LIMIT,1702082974938,0.050,2379.69
ETHUSDT,BUY,LIMIT,1702082986643,0.138,2379.81
ETHUSDT,BUY,LIMIT,1702083240247,0.343,2377.20
ETHUSDT,SELL,LIMIT,1702083417820,0.016,2353.23
ETHUSDT,BUY,LIMIT,1702083500194,15.000,2376.57
ETHUSDT,BUY,LIMIT,1702083502201,0.032,2375.63
ETHUSDT,BUY,LIMIT,1702083511276,0.399,2376.60
ETHUSDT,SELL,LIMIT,1702083635111,0.652,2352.33
ETHUSDT,SELL,LIMIT,1702083647472,2.440,2354.12
ETHUSDT,SELL,LIMIT,1702083797083,0.332,2358.37
ETHUSDT,BUY,LIMIT,1702084027271,0.031,2371.00
ETHUSDT,SELL,LIMIT,1702084096155,0.013,2344.33
ETHUSDT,SELL,LIMIT,1702084098336,2.133,2344.23
ETHUSDT,SELL,LIMIT,1702084101168,0.436,2343.68
ETHUSDT,SELL,LIMIT,1702084102428,0.273,2343.29
ETHUSDT,SELL,LIMIT,1702084103514,0.034,2345.62
ETHUSDT,SELL,LIMIT,1702084104930,0.709,2342.27
ETHUSDT,SELL,LIMIT,1702084169255,3.700,2341.79
ETHUSDT,SELL,LIMIT,1702084171551,17.444,2341.77
ETHUSDT,SELL,LIMIT,1702084173140,0.080,2341.46
ETHUSDT,SELL,LIMIT,1702084174205,0.274,2341.58
ETHUSDT,SELL,LIMIT,1702084175826,0.035,2343.22
ETHUSDT,SELL,LIMIT,1702084181066,0.500,2341.07
ETHUSDT,SELL,LIMIT,1702084182076,0.042,2341.03
ETHUSDT,SELL,LIMIT,1702084200642,0.211,2340.60
ETHUSDT,SELL,LIMIT,1702084202227,0.021,2340.45
ETHUSDT,SELL,LIMIT,1702084203776,0.049,2342.29
ETHUSDT,SELL,LIMIT,1702084218271,0.879,2340.39
ETHUSDT,BUY,LIMIT,1702084653958,0.010,2365.64
ETHUSDT,SELL,LIMIT,1702085555500,2.298,2340.58
ETHUSDT,SELL,LIMIT,1702085557583,0.162,2339.89
ETHUSDT,BUY,LIMIT,1702086521568,0.660,2368.03
ETHUSDT,SELL,LIMIT,1702088255074,0.035,2339.36
ETHUSDT,SELL,LIMIT,1702088256160,2.602,2338.93
ETHUSDT,BUY,LIMIT,1702091252447,0.522,2369.11
ETHUSDT,BUY,LIMIT,1702091431826,0.378,2369.25
ETHUSDT,BUY,LIMIT,1702091456766,0.015,2370.48
ETHUSDT,SELL,LIMIT,1702091601107,3.380,2345.84
ETHUSDT,BUY,LIMIT,1702091606464,0.106,2368.68
ETHUSDT,BUY,LIMIT,1702091707396,1.500,2368.96
ETHUSDT,BUY,LIMIT,1702091764048,0.352,2370.46
ETHUSDT,BUY,LIMIT,1702091771062,0.305,2370.70
ETHUSDT,BUY,LIMIT,1702091786398,0.047,2370.82
ETHUSDT,BUY,LIMIT,1702091856317,0.079,2371.66
ETHUSDT,BUY,LIMIT,1702091934127,0.100,2372.08
ETHUSDT,BUY,LIMIT,1702092162836,0.600,2372.35
ETHUSDT,BUY,LIMIT,1702092199677,0.271,2372.27
ETHUSDT,BUY,LIMIT,1702092290045,21.255,2374.46
ETHUSDT,BUY,LIMIT,1702092344064,0.915,2374.67
ETHUSDT,BUY,LIMIT,1702092349754,0.213,2375.04
ETHUSDT,BUY,LIMIT,1702092458117,0.026,2375.48
ETHUSDT,BUY,LIMIT,1702092580289,0.212,2375.58
ETHUSDT,BUY,LIMIT,1702092586141,0.318,2375.84
ETHUSDT,BUY,LIMIT,1702092601114,0.046,2375.91
ETHUSDT,BUY,LIMIT,1702092602375,0.147,2376.11
ETHUSDT,BUY,LIMIT,1702092608566,1.608,2376.35
ETHUSDT,BUY,LIMIT,1702092611425,0.015,2376.65
ETHUSDT,BUY,LIMIT,1702094563406,0.050,2371.21
ETHUSDT,BUY,LIMIT,1702094571397,0.105,2369.99
ETHUSDT,BUY,LIMIT,1702094606392,0.950,2374.05
ETHUSDT,BUY,LIMIT,1702094616454,2.136,2374.69
ETHUSDT,BUY,LIMIT,1702094617865,0.627,2374.74
ETHUSDT,BUY,LIMIT,1702094976158,0.053,2374.08
ETHUSDT,BUY,LIMIT,1702095375342,0.050,2374.05
ETHUSDT,BUY,LIMIT,1702095980068,0.886,2376.02
ETHUSDT,BUY,LIMIT,1702096001829,5.184,2377.07
ETHUSDT,BUY,LIMIT,1702096003366,0.538,2377.19
ETHUSDT,BUY,LIMIT,1702096010264,0.409,2377.56
ETHUSDT,BUY,LIMIT,1702096261770,0.750,2378.14
ETHUSDT,BUY,LIMIT,1702096334158,0.044,2375.63
ETHUSDT,BUY,LIMIT,1702096340931,0.042,2377.48
ETHUSDT,BUY,LIMIT,1702096350560,0.020,2378.05
ETHUSDT,BUY,LIMIT,1702096378495,0.017,2378.26
ETHUSDT,BUY,LIMIT,1702096469236,0.357,2379.33
ETHUSDT,BUY,LIMIT,1702096477061,0.646,2379.71
ETHUSDT,SELL,LIMIT,1702096521068,0.015,2354.61
ETHUSDT,BUY,LIMIT,1702097297239,0.034,2378.08
ETHUSDT,BUY,LIMIT,1702097394036,0.060,2379.83
ETHUSDT,BUY,LIMIT,1702097487192,1.784,2380.03
ETHUSDT,BUY,LIMIT,1702097523158,0.036,2380.22
ETHUSDT,BUY,LIMIT,1702097524425,0.334,2380.56
ETHUSDT,BUY,LIMIT,1702097549641,0.019,2381.38
ETHUSDT,BUY,LIMIT,1702097554052,0.459,2381.62
ETHUSDT,BUY,LIMIT,1702097555109,6.688,2381.80
ETHUSDT,BUY,LIMIT,1702097844119,0.319,2381.73
ETHUSDT,BUY,LIMIT,1702097849637,0.032,2381.72
ETHUSDT,BUY,LIMIT,1702098074889,0.363,2382.37
ETHUSDT,BUY,LIMIT,1702098114333,4.800,2382.38
ETHUSDT,BUY,LIMIT,1702098150346,0.012,2382.70
ETHUSDT,BUY,LIMIT,1702098151478,0.361,2382.94
ETHUSDT,BUY,LIMIT,1702098193438,0.010,2384.14
ETHUSDT,BUY,LIMIT,1702098209111,42.332,2384.50
ETHUSDT,BUY,LIMIT,1702098220463,2.356,2384.81
ETHUSDT,BUY,LIMIT,1702098224100,4.241,2385.16
ETHUSDT,BUY,LIMIT,1702098267307,0.043,2384.86
ETHUSDT,BUY,LIMIT,1702098326060,0.100,2384.22
ETHUSDT,SELL,LIMIT,1702098466990,0.012,2372.14
ETHUSDT,BUY,LIMIT,1702098589449,4.000,2383.21
ETHUSDT,BUY,LIMIT,1702098715270,33.321,2385.52
ETHUSDT,BUY,LIMIT,1702098716354,0.210,2386.25
ETHUSDT,BUY,LIMIT,1702098792483,3.302,2382.71
ETHUSDT,BUY,LIMIT,1702099041040,0.555,2384.18
ETHUSDT,BUY,LIMIT,1702099104347,4.863,2384.68
ETHUSDT,BUY,LIMIT,1702099275298,1.277,2382.77
ETHUSDT,BUY,LIMIT,1702099321791,0.012,2381.90
ETHUSDT,BUY,LIMIT,1702101204887,1.762,2379.50
ETHUSDT,BUY,LIMIT,1702101234590,0.645,2378.85
ETHUSDT,BUY,LIMIT,1702101668670,7.000,2384.18
ETHUSDT,BUY,LIMIT,1702101782070,0.011,2386.68
ETHUSDT,BUY,LIMIT,1702101791166,0.172,2387.31
ETHUSDT,BUY,LIMIT,1702101792365,0.195,2387.77
ETHUSDT,BUY,LIMIT,1702101798316,1.774,2388.06
ETHUSDT,BUY,LIMIT,1702101848984,0.024,2388.19
ETHUSDT,BUY,LIMIT,1702101908100,0.125,2388.27
ETHUSDT,BUY,LIMIT,1702101928393,0.199,2388.89
ETHUSDT,BUY,LIMIT,1702101947765,1.000,2388.26
ETHUSDT,BUY,LIMIT,1702102060552,0.084,2381.39
ETHUSDT,BUY,LIMIT,1702102074002,0.228,2388.68
ETHUSDT,BUY,LIMIT,1702102150362,0.100,2387.08
ETHUSDT,BUY,LIMIT,1702102163520,0.210,2387.34
ETHUSDT,BUY,LIMIT,1702102170304,0.604,2383.89
ETHUSDT,BUY,LIMIT,1702102172668,0.900,2386.58
ETHUSDT,BUY,LIMIT,1702102343611,0.100,2383.61
ETHUSDT,BUY,LIMIT,1702102356638,0.043,2384.32
ETHUSDT,BUY,LIMIT,1702102440309,0.042,2384.39
ETHUSDT,BUY,LIMIT,1702102640286,0.195,2385.99
ETHUSDT,BUY,LIMIT,1702102809508,0.304,2383.65
ETHUSDT,BUY,LIMIT,1702103074403,0.050,2385.61
ETHUSDT,BUY,LIMIT,1702103091595,0.174,2385.83
ETHUSDT,BUY,LIMIT,1702103220432,0.222,2385.78
ETHUSDT,BUY,LIMIT,1702103510292,0.059,2379.00
ETHUSDT,SELL,LIMIT,1702103511528,0.845,2365.01
ETHUSDT,SELL,LIMIT,1702103513212,0.042,2365.90
ETHUSDT,BUY,LIMIT,1702103569319,2.446,2383.98
ETHUSDT,BUY,LIMIT,1702103619143,0.100,2384.00
ETHUSDT,BUY,LIMIT,1702103696191,1.606,2385.29
ETHUSDT,BUY,LIMIT,1702103705465,4.000,2385.42
ETHUSDT,BUY,LIMIT,1702103868228,0.017,2387.45
ETHUSDT,BUY,LIMIT,1702104489410,0.024,2388.30
ETHUSDT,BUY,LIMIT,1702104492223,0.510,2388.39
ETHUSDT,BUY,LIMIT,1702104542003,0.136,2389.54
ETHUSDT,BUY,LIMIT,1702104547582,0.963,2390.12
ETHUSDT,BUY,LIMIT,1702104606585,0.225,2390.09
ETHUSDT,BUY,LIMIT,1702104770294,0.038,2390.67
ETHUSDT,BUY,LIMIT,1702104772122,3.294,2392.07
ETHUSDT,BUY,LIMIT,1702104773143,0.075,2391.30
ETHUSDT,BUY,LIMIT,1702104774431,42.027,2392.19
ETHUSDT,BUY,LIMIT,1702104802841,0.033,2390.21
ETHUSDT,BUY,LIMIT,1702105369917,1.000,2380.96
ETHUSDT,BUY,LIMIT,1702105658434,20.000,2387.22
ETHUSDT,BUY,LIMIT,1702105666266,0.039,2389.29
ETHUSDT,BUY,LIMIT,1702105689365,0.470,2383.85
ETHUSDT,SELL,LIMIT,1702105692706,0.118,2365.68
ETHUSDT,BUY,LIMIT,1702105803250,0.063,2391.21
ETHUSDT,BUY,LIMIT,1702105836891,0.458,2392.19
ETHUSDT,BUY,LIMIT,1702105846048,0.844,2393.07
ETHUSDT,BUY,LIMIT,1702105847135,1.361,2392.61
ETHUSDT,BUY,LIMIT,1702105848666,1.093,2393.61
ETHUSDT,BUY,LIMIT,1702105850156,0.050,2394.68
ETHUSDT,BUY,LIMIT,1702105851282,0.248,2395.18
ETHUSDT,BUY,LIMIT,1702105880080,0.012,2395.32
ETHUSDT,BUY,LIMIT,1702105885455,0.842,2395.19
ETHUSDT,BUY,LIMIT,1702105887534,0.580,2395.41
ETHUSDT,BUY,LIMIT,1702105889202,1.005,2395.42
ETHUSDT,BUY,LIMIT,1702105900130,0.125,2395.94
ETHUSDT,BUY,LIMIT,1702105901130,0.042,2396.57
ETHUSDT,BUY,LIMIT,1702105907229,0.379,2397.01
ETHUSDT,BUY,LIMIT,1702105908378,0.615,2396.77
ETHUSDT,BUY,LIMIT,1702105909918,0.041,2397.03
ETHUSDT,BUY,LIMIT,1702105920088,0.683,2397.04
ETHUSDT,BUY,LIMIT,1702105921192,3.927,2397.09
ETHUSDT,BUY,LIMIT,1702105922428,0.098,2397.14
ETHUSDT,BUY,LIMIT,1702105924224,2.125,2397.77
ETHUSDT,BUY,LIMIT,1702105925233,5.698,2397.73
ETHUSDT,BUY,LIMIT,1702105926321,0.009,2398.56
ETHUSDT,BUY,LIMIT,1702105934410,42.198,2399.22
ETHUSDT,BUY,LIMIT,1702105935520,0.150,2399.34
ETHUSDT,BUY,LIMIT,1702105959126,0.183,2399.41
ETHUSDT,BUY,LIMIT,1702105960287,0.013,2399.55
ETHUSDT,BUY,LIMIT,1702105967077,0.096,2400.21
ETHUSDT,BUY,LIMIT,1702105968285,0.042,2400.16
ETHUSDT,BUY,LIMIT,1702105969476,6.185,2400.60
ETHUSDT,BUY,LIMIT,1702105970498,0.045,2400.75
ETHUSDT,BUY,LIMIT,1702105972215,0.130,2401.03
ETHUSDT,BUY,LIMIT,1702105973570,1.614,2401.08
ETHUSDT,BUY,LIMIT,1702106825704,0.068,2393.41
ETHUSDT,BUY,LIMIT,1702106828232,0.250,2393.44
ETHUSDT,BUY,LIMIT,1702106865741,0.146,2392.72
ETHUSDT,BUY,LIMIT,1702106866856,0.967,2393.51
ETHUSDT,BUY,LIMIT,1702106888279,0.022,2393.65
ETHUSDT,BUY,LIMIT,1702106901255,0.018,2393.31
ETHUSDT,BUY,LIMIT,1702107088379,1.012,2392.16
ETHUSDT,BUY,LIMIT,1702107151223,9.229,2390.00
ETHUSDT,BUY,LIMIT,1702107227748,0.009,2392.26
ETHUSDT,BUY,LIMIT,1702107347080,0.307,2390.69
ETHUSDT,BUY,LIMIT,1702107520072,0.015,2388.63
ETHUSDT,BUY,LIMIT,1702107523677,3.906,2388.63
ETHUSDT,BUY,LIMIT,1702107864160,0.018,2392.49
ETHUSDT,BUY,LIMIT,1702107976061,1.785,2393.44
ETHUSDT,BUY,LIMIT,1702107978072,0.087,2394.16
ETHUSDT,BUY,LIMIT,1702107980239,0.299,2394.37
ETHUSDT,BUY,LIMIT,1702107983018,2.743,2391.74
ETHUSDT,BUY,LIMIT,1702107991083,0.160,2394.36
ETHUSDT,BUY,LIMIT,1702108020129,1.085,2395.39
ETHUSDT,BUY,LIMIT,1702108073422,1.027,2395.41
ETHUSDT,BUY,LIMIT,1702108132077,0.013,2395.38
ETHUSDT,BUY,LIMIT,1702108155312,1.859,2395.43
ETHUSDT,SELL,LIMIT,1702108293137,0.015,2373.40
ETHUSDT,BUY,LIMIT,1702108294280,2.098,2397.22
ETHUSDT,BUY,LIMIT,1702108301568,0.042,2397.33
ETHUSDT,BUY,LIMIT,1702108310758,0.856,2398.35
ETHUSDT,BUY,LIMIT,1702108391947,0.492,2397.13
