Symbol,Side,Order Type,Time,Quantity,Price
ETHUSDT,BUY,LIMIT,1700990938132,0.258,2096.81
ETHUSDT,SELL,LIMIT,1700991226870,0.472,2073.39
ETHUSDT,BUY,LIMIT,1700993367144,1.401,2099.22
ETHUSDT,BUY,LIMIT,1700995798417,6.736,2097.36
ETHUSDT,SELL,LIMIT,1700997162190,0.150,2072.82
ETHUSDT,SELL,LIMIT,1700998508820,0.047,2077.40
ETHUSDT,SELL,LIMIT,1701000562609,1.774,2072.14
ETHUSDT,SELL,LIMIT,1701000599057,0.071,2071.50
ETHUSDT,SELL,LIMIT,1701001063352,0.295,2071.18
ETHUSDT,SELL,LIMIT,1701001123188,2.500,2070.49
ETHUSDT,SELL,LIMIT,1701001124280,0.668,2069.85
ETHUSDT,SELL,LIMIT,1701001265066,0.588,2069.35
ETHUSDT,SELL,LIMIT,1701001268772,0.670,2069.21
ETHUSDT,SELL,LIMIT,1701001363310,16.467,2069.12
ETHUSDT,SELL,LIMIT,1701001365924,0.629,2069.07
ETHUSDT,SELL,LIMIT,1701001394373,0.866,2068.90
ETHUSDT,SELL,LIMIT,1701001396087,0.026,2068.30
ETHUSDT,SELL,LIMIT,1701001397107,0.064,2067.89
ETHUSDT,SELL,LIMIT,1701001398272,0.188,2067.49
ETHUSDT,SELL,LIMIT,1701001399495,0.243,2067.41
ETHUSDT,SELL,LIMIT,1701001500438,3.624,2066.36
ETHUSDT,SELL,LIMIT,1701001501293,47.869,2066.36
ETHUSDT,SELL,LIMIT,1701001502455,3.942,2065.47
ETHUSDT,SELL,LIMIT,1701001503317,0.151,2078.02
ETHUSDT,SELL,LIMIT,1701001504022,2.150,2068.63
ETHUSDT,BUY,LIMIT,1701002825948,5.894,2093.60
ETHUSDT,BUY,LIMIT,1701002959324,0.253,2094.16
ETHUSDT,BUY,LIMIT,1701003166046,2.300,2095.12
ETHUSDT,BUY,LIMIT,1701003192365,0.049,2095.65
ETHUSDT,BUY,LIMIT,1701003197357,0.181,2095.76
ETHUSDT,BUY,LIMIT,1701003487083,0.010,2097.47
ETHUSDT,BUY,LIMIT,1701003491278,0.036,2097.92
ETHUSDT,BUY,LIMIT,1701003493585,0.101,2098.05
ETHUSDT,BUY,LIMIT,1701003498166,0.013,2098.29
ETHUSDT,BUY,LIMIT,1701003517496,4.000,2098.64
ETHUSDT,BUY,LIMIT,1701003521634,0.354,2099.13
ETHUSDT,BUY,LIMIT,1701003527061,3.846,2099.77
ETHUSDT,BUY,LIMIT,1701003604729,0.145,2099.85
ETHUSDT,BUY,LIMIT,1701003608891,0.337,2100.41
ETHUSDT,SELL,LIMIT,1701005116918,4.075,2068.52
ETHUSDT,SELL,LIMIT,1701005122525,1.484,2068.01
ETHUSDT,SELL,LIMIT,1701005132148,1.013,2067.75
ETHUSDT,SELL,LIMIT,1701005138420,11.454,2067.75
ETHUSDT,SELL,LIMIT,1701005144178,4.322,2067.13
ETHUSDT,SELL,LIMIT,1701005150334,0.443,2067.06
ETHUSDT,SELL,LIMIT,1701005152103,0.335,2066.55
ETHUSDT,SELL,LIMIT,1701005463614,1.203,2069.03
ETHUSDT,SELL,LIMIT,1701006199136,0.867,2065.40
ETHUSDT,SELL,LIMIT,1701006316085,0.041,2064.93
ETHUSDT,SELL,LIMIT,1701006321520,0.045,2064.52
ETHUSDT,SELL,LIMIT,1701008182663,0.530,2077.72
ETHUSDT,SELL,LIMIT,1701008409066,0.072,2065.63
ETHUSDT,SELL,LIMIT,1701008441327,0.455,2064.19
ETHUSDT,SELL,LIMIT,1701008444175,1.227,2063.49
ETHUSDT,SELL,LIMIT,1701008445389,1.757,2062.62
ETHUSDT,SELL,LIMIT,1701008447011,0.010,2062.54
ETHUSDT,SELL,LIMIT,1701008448350,0.052,2063.05
ETHUSDT,SELL,LIMIT,1701008449571,4.248,2062.61
ETHUSDT,SELL,LIMIT,1701008450663,0.047,2062.95
ETHUSDT,SELL,LIMIT,1701008452320,0.206,2062.00
ETHUSDT,SELL,LIMIT,1701008490354,1.052,2063.59
ETHUSDT,SELL,LIMIT,1701008757128,0.274,2061.76
ETHUSDT,SELL,LIMIT,1701008758582,3.206,2061.60
ETHUSDT,SELL,LIMIT,1701008803100,0.308,2061.44
ETHUSDT,SELL,LIMIT,1701008804149,0.091,2060.74
ETHUSDT,SELL,LIMIT,1701008830170,0.020,2060.07
ETHUSDT,SELL,LIMIT,1701008843114,0.640,2058.02
ETHUSDT,SELL,LIMIT,1701008844452,45.410,2058.68
ETHUSDT,SELL,LIMIT,1701008845600,0.020,2058.03
ETHUSDT,SELL,LIMIT,1701008926184,0.285,2057.93
ETHUSDT,SELL,LIMIT,1701008927498,0.035,2055.48
ETHUSDT,SELL,LIMIT,1701008928546,1.500,2055.73
ETHUSDT,SELL,LIMIT,1701008929830,0.545,2055.19
ETHUSDT,SELL,LIMIT,1701008943239,0.146,2054.61
ETHUSDT,SELL,LIMIT,1701008944205,1.470,2054.22
ETHUSDT,SELL,LIMIT,1701008945377,1.000,2053.28
ETHUSDT,SELL,LIMIT,1701008946776,0.296,2052.06
ETHUSDT,SELL,LIMIT,1701009014095,0.303,2053.09
ETHUSDT,SELL,LIMIT,1701009015351,0.372,2053.08
ETHUSDT,SELL,LIMIT,1701009017434,0.064,2054.03
ETHUSDT,BUY,LIMIT,1701009019409,0.010,2066.15
ETHUSDT,SELL,LIMIT,1701009259092,0.140,2054.08
ETHUSDT,SELL,LIMIT,1701009261315,0.914,2053.22
ETHUSDT,SELL,LIMIT,1701009262423,10.000,2053.21
ETHUSDT,SELL,LIMIT,1701009263646,0.906,2052.07
ETHUSDT,SELL,LIMIT,1701009280188,0.570,2052.60
ETHUSDT,SELL,LIMIT,1701009286052,0.049,2051.91
ETHUSDT,SELL,LIMIT,1701009287100,0.955,2051.93
ETHUSDT,SELL,LIMIT,1701009288237,0.431,2051.68
ETHUSDT,SELL,LIMIT,1701009289361,0.091,2051.81
ETHUSDT,SELL,LIMIT,1701009290592,0.023,2051.62
ETHUSDT,SELL,LIMIT,1701010868496,0.126,2054.18
ETHUSDT,SELL,LIMIT,1701010869669,1.768,2053.25
ETHUSDT,SELL,LIMIT,1701010921808,3.062,2052.00
ETHUSDT,BUY,LIMIT,1701012763459,0.235,2082.14
ETHUSDT,SELL,LIMIT,1701013081457,0.225,2061.70
ETHUSDT,SELL,LIMIT,1701013084852,0.050,2058.57
ETHUSDT,BUY,LIMIT,1701013273422,0.019,2062.37
ETHUSDT,SELL,LIMIT,1701013684518,0.091,2057.52
ETHUSDT,SELL,LIMIT,1701013901712,0.616,2055.09
ETHUSDT,SELL,LIMIT,1701013957529,4.774,2053.35
ETHUSDT,SELL,LIMIT,1701014011171,0.480,2058.52
ETHUSDT,SELL,LIMIT,1701014018762,5.000,2052.46
ETHUSDT,SELL,LIMIT,1701014031396,0.471,2053.06
ETHUSDT,SELL,LIMIT,1701014034521,1.923,2052.56
ETHUSDT,SELL,LIMIT,1701014038739,0.316,2052.43
ETHUSDT,SELL,LIMIT,1701014041383,0.555,2052.34
ETHUSDT,SELL,LIMIT,1701014043191,4.000,2052.32
ETHUSDT,SELL,LIMIT,1701014075042,23.444,2055.02
ETHUSDT,BUY,LIMIT,1701014617387,0.504,2076.30
ETHUSDT,SELL,LIMIT,1701014865015,0.756,2059.07
ETHUSDT,SELL,LIMIT,1701014921311,0.021,2058.64
ETHUSDT,BUY,LIMIT,1701014923973,0.005,1710.75
ETHUSDT,SELL,LIMIT,1701014933342,2.881,2058.59
ETHUSDT,SELL,LIMIT,1701015169125,0.010,2056.11
ETHUSDT,SELL,LIMIT,1701015320406,2.587,2054.16
ETHUSDT,SELL,LIMIT,1701015640991,2.000,2053.25
ETHUSDT,SELL,LIMIT,1701015644389,0.047,2052.80
ETHUSDT,SELL,LIMIT,1701015647162,0.518,2052.81
ETHUSDT,SELL,LIMIT,1701015682032,0.033,2051.59
ETHUSDT,SELL,LIMIT,1701015684079,0.574,2048.79
ETHUSDT,SELL,LIMIT,1701015684850,0.056,2049.92
ETHUSDT,SELL,LIMIT,1701015685708,0.040,2046.63
ETHUSDT,SELL,LIMIT,1701015686434,1.192,2047.48
ETHUSDT,SELL,LIMIT,1701015733318,0.489,2047.40
ETHUSDT,SELL,LIMIT,1701015744230,0.051,2047.13
ETHUSDT,SELL,LIMIT,1701015745597,0.414,2046.83
ETHUSDT,SELL,LIMIT,1701015747802,0.038,2046.76
ETHUSDT,SELL,LIMIT,1701015749128,0.102,2046.42
ETHUSDT,SELL,LIMIT,1701015750404,2.403,2046.57
ETHUSDT,SELL,LIMIT,1701015757213,15.998,2046.12
ETHUSDT,SELL,LIMIT,1701015758240,18.825,2045.50
ETHUSDT,SELL,LIMIT,1701015759310,0.181,2045.43
ETHUSDT,SELL,LIMIT,1701015760426,0.498,2044.97
ETHUSDT,SELL,LIMIT,1701015761456,1.329,2044.00
ETHUSDT,SELL,LIMIT,1701015763150,1.907,2043.72
ETHUSDT,SELL,LIMIT,1701015774980,0.722,2059.51
ETHUSDT,SELL,LIMIT,1701015802408,0.431,2043.58
ETHUSDT,SELL,LIMIT,1701015804026,0.394,2043.50
ETHUSDT,SELL,LIMIT,1701015805055,0.054,2042.92
ETHUSDT,SELL,LIMIT,1701015806077,0.207,2041.59
ETHUSDT,SELL,LIMIT,1701015807212,2.485,2042.35
ETHUSDT,SELL,LIMIT,1701015839200,0.138,2041.79
ETHUSDT,SELL,LIMIT,1701015840436,10.000,2041.48
ETHUSDT,SELL,LIMIT,1701015841614,0.609,2041.44
ETHUSDT,SELL,LIMIT,1701015869069,0.191,2041.35
ETHUSDT,SELL,LIMIT,1701015870111,0.024,2041.31
ETHUSDT,SELL,LIMIT,1701015871295,0.793,2041.18
ETHUSDT,SELL,LIMIT,1701015872266,0.244,2040.52
ETHUSDT,SELL,LIMIT,1701015875209,4.975,2040.40
ETHUSDT,SELL,LIMIT,1701015876242,9.727,2040.40
ETHUSDT,SELL,LIMIT,1701015903236,3.000,2040.61
ETHUSDT,SELL,LIMIT,1701015904432,0.010,2041.98
ETHUSDT,SELL,LIMIT,1701015990884,0.514,2040.30
ETHUSDT,SELL,LIMIT,1701015993511,0.240,2040.12
ETHUSDT,SELL,LIMIT,1701015999282,0.259,2040.01
ETHUSDT,SELL,LIMIT,1701016000304,1.003,2039.80
ETHUSDT,SELL,LIMIT,1701016001326,0.766,2039.81
ETHUSDT,SELL,LIMIT,1701016002595,0.299,2039.55
ETHUSDT,SELL,LIMIT,1701016013131,4.421,2039.35
ETHUSDT,SELL,LIMIT,1701016015023,2.949,2039.34
ETHUSDT,SELL,LIMIT,1701016016025,0.104,2039.30
ETHUSDT,SELL,LIMIT,1701016019134,6.295,2038.89
ETHUSDT,SELL,LIMIT,1701016020181,2.250,2038.51
ETHUSDT,SELL,LIMIT,1701016022112,0.110,2042.17
ETHUSDT,SELL,LIMIT,1701016024083,4.016,2038.73
ETHUSDT,SELL,LIMIT,1701016025315,1.000,2038.73
ETHUSDT,SELL,LIMIT,1701016027403,0.100,2038.62
ETHUSDT,SELL,LIMIT,1701016028642,0.019,2038.39
ETHUSDT,SELL,LIMIT,1701016029793,33.653,2038.21
ETHUSDT,SELL,LIMIT,1701016030738,2.200,2037.57
ETHUSDT,SELL,LIMIT,1701016031640,9.619,2037.48
ETHUSDT,SELL,LIMIT,1701016032639,116.765,2034.99
ETHUSDT,SELL,LIMIT,1701016033530,40.000,2036.78
ETHUSDT,SELL,LIMIT,1701016034853,0.500,2036.72
ETHUSDT,SELL,LIMIT,1701016036051,3.257,2036.59
ETHUSDT,SELL,LIMIT,1701016037076,9.762,2036.57
ETHUSDT,SELL,LIMIT,1701016038349,0.044,2036.35
ETHUSDT,SELL,LIMIT,1701016041112,0.390,2035.94
ETHUSDT,SELL,LIMIT,1701016042100,0.538,2036.01
ETHUSDT,SELL,LIMIT,1701016043062,0.069,2035.86
ETHUSDT,SELL,LIMIT,1701016044108,10.091,2035.08
ETHUSDT,SELL,LIMIT,1701016045143,0.104,2035.18
ETHUSDT,SELL,LIMIT,1701016046203,0.077,2034.93
ETHUSDT,SELL,LIMIT,1701016047097,24.201,2032.79
ETHUSDT,SELL,LIMIT,1701016047916,0.291,2032.79
ETHUSDT,SELL,LIMIT,1701016049346,0.037,2033.19
ETHUSDT,SELL,LIMIT,1701016050899,0.191,2033.79
ETHUSDT,SELL,LIMIT,1701016086367,0.047,2034.78
ETHUSDT,SELL,LIMIT,1701016090905,0.611,2035.02
ETHUSDT,SELL,LIMIT,1701016095052,0.326,2033.18
ETHUSDT,SELL,LIMIT,1701016096203,0.477,2033.85
ETHUSDT,SELL,LIMIT,1701016097899,0.433,2033.07
ETHUSDT,SELL,LIMIT,1701016098817,0.891,2032.11
ETHUSDT,SELL,LIMIT,1701016099956,0.017,2032.05
ETHUSDT,SELL,LIMIT,1701016101120,1.413,2031.41
ETHUSDT,SELL,LIMIT,1701016101933,0.689,2031.47
ETHUSDT,SELL,LIMIT,1701016103355,0.240,2031.32
ETHUSDT,SELL,LIMIT,1701016104197,0.486,2030.89
ETHUSDT,SELL,LIMIT,1701016105096,0.056,2030.22
ETHUSDT,SELL,LIMIT,1701016135762,2.437,2033.77
ETHUSDT,SELL,LIMIT,1701016460477,0.002,2034.01
ETHUSDT,SELL,LIMIT,1701016555052,0.829,2028.06
ETHUSDT,SELL,LIMIT,1701016556095,0.079,2027.81
ETHUSDT,SELL,LIMIT,1701016557225,0.983,2027.69
ETHUSDT,SELL,LIMIT,1701016581231,0.526,2027.27
ETHUSDT,SELL,LIMIT,1701016582352,0.784,2026.92
ETHUSDT,SELL,LIMIT,1701016583423,2.790,2026.88
ETHUSDT,SELL,LIMIT,1701016588046,0.182,2026.61
ETHUSDT,SELL,LIMIT,1701016589062,0.233,2026.70
ETHUSDT,SELL,LIMIT,1701016590597,0.155,2026.35
ETHUSDT,SELL,LIMIT,1701016594033,0.115,2026.20
ETHUSDT,SELL,LIMIT,1701016595040,0.307,2026.26
ETHUSDT,SELL,LIMIT,1701016596067,0.180,2025.90
ETHUSDT,SELL,LIMIT,1701016597082,0.055,2026.02
ETHUSDT,SELL,LIMIT,1701016632366,2.196,2027.65
ETHUSDT,SELL,LIMIT,1701016798781,0.700,2032.04
ETHUSDT,SELL,LIMIT,1701016808072,0.097,2032.34
ETHUSDT,SELL,LIMIT,1701016837401,3.314,2030.78
ETHUSDT,SELL,LIMIT,1701016838741,48.058,2029.03
ETHUSDT,SELL,LIMIT,1701016881609,0.010,2030.65
ETHUSDT,BUY,LIMIT,1701017045483,0.226,2056.92
ETHUSDT,BUY,LIMIT,1701017170411,0.010,2059.38
ETHUSDT,BUY,LIMIT,1701018510977,2.130,2060.48
ETHUSDT,BUY,LIMIT,1701020044959,0.241,2060.32
ETHUSDT,BUY,LIMIT,1701022239310,0.366,2062.84
ETHUSDT,BUY,LIMIT,1701022256006,1.348,2063.02
ETHUSDT,BUY,LIMIT,1701022266814,0.534,2063.30
ETHUSDT,BUY,LIMIT,1701022268438,0.024,2063.73
ETHUSDT,BUY,LIMIT,1701022284000,0.054,2064.13
ETHUSDT,BUY,LIMIT,1701022291086,0.172,2064.29
ETHUSDT,BUY,LIMIT,1701022295131,22.106,2064.83
ETHUSDT,BUY,LIMIT,1701022296769,0.025,2065.04
ETHUSDT,BUY,LIMIT,1701022298735,0.439,2064.93
ETHUSDT,BUY,LIMIT,1701022359035,1.305,2065.42
ETHUSDT,BUY,LIMIT,1701022407117,6.130,2065.62
ETHUSDT,SELL,LIMIT,1701023841405,2.860,2035.22
ETHUSDT,SELL,LIMIT,1701023907379,0.089,2034.98
ETHUSDT,SELL,LIMIT,1701023909403,2.463,2034.80
ETHUSDT,SELL,LIMIT,1701023912040,0.027,2034.40
ETHUSDT,SELL,LIMIT,1701023913149,0.014,2034.25
ETHUSDT,BUY,LIMIT,1701025764154,0.025,2064.40
ETHUSDT,BUY,LIMIT,1701025833717,0.145,2065.04
ETHUSDT,BUY,LIMIT,1701025841180,0.038,2065.08
ETHUSDT,SELL,LIMIT,1701026390114,0.057,2039.34
ETHUSDT,BUY,LIMIT,1701028696384,0.600,2065.37
ETHUSDT,BUY,LIMIT,1701028721211,0.201,2066.49
ETHUSDT,BUY,LIMIT,1701028722610,0.014,2066.74
ETHUSDT,BUY,LIMIT,1701028728708,4.737,2066.83
ETHUSDT,BUY,LIMIT,1701028745216,0.270,2067.17
ETHUSDT,BUY,LIMIT,1701029033952,1.894,2067.90
ETHUSDT,BUY,LIMIT,1701029034997,0.053,2068.00
ETHUSDT,SELL,LIMIT,1701029108403,0.010,2047.09
ETHUSDT,BUY,LIMIT,1701029761629,0.012,2068.28
ETHUSDT,BUY,LIMIT,1701029868810,0.284,2068.35
ETHUSDT,BUY,LIMIT,1701029876522,0.219,2068.54
ETHUSDT,BUY,LIMIT,1701030022392,0.080,2069.00
ETHUSDT,BUY,LIMIT,1701030023575,0.026,2069.13
ETHUSDT,BUY,LIMIT,1701030041820,0.094,2069.82
ETHUSDT,BUY,LIMIT,1701030072404,0.017,2069.99
ETHUSDT,BUY,LIMIT,1701030146969,48.817,2070.08
ETHUSDT,BUY,LIMIT,1701030165292,0.780,2071.03
ETHUSDT,BUY,LIMIT,1701030166398,18.186,2071.27
ETHUSDT,BUY,LIMIT,1701030168582,13.043,2071.56
ETHUSDT,BUY,LIMIT,1701030171339,0.024,2071.75
ETHUSDT,BUY,LIMIT,1701030172872,0.082,2071.91
ETHUSDT,BUY,LIMIT,1701030174881,0.013,2072.26
ETHUSDT,BUY,LIMIT,1701030177427,2.447,2072.13
ETHUSDT,BUY,LIMIT,1701030185568,0.200,2072.97
ETHUSDT,BUY,LIMIT,1701030186805,0.618,2073.05
ETHUSDT,BUY,LIMIT,1701030190483,11.784,2073.19
ETHUSDT,BUY,LIMIT,1701030208214,34.295,2073.88
ETHUSDT,BUY,LIMIT,1701030210096,0.100,2073.90
ETHUSDT,BUY,LIMIT,1701030212448,1.017,2074.30
ETHUSDT,BUY,LIMIT,1701030225128,0.117,2074.49
ETHUSDT,BUY,LIMIT,1701030240767,3.525,2074.29
ETHUSDT,BUY,LIMIT,1701031192464,12.457,2074.84
ETHUSDT,BUY,LIMIT,1701031248535,12.732,2075.56
ETHUSDT,BUY,LIMIT,1701031257711,0.093,2075.90
ETHUSDT,BUY,LIMIT,1701031261066,0.250,2076.26
ETHUSDT,BUY,LIMIT,1701031262094,0.078,2076.71
ETHUSDT,BUY,LIMIT,1701031318583,0.492,2077.35
ETHUSDT,BUY,LIMIT,1701031378142,4.796,2077.87
ETHUSDT,BUY,LIMIT,1701031384684,0.100,2078.08
ETHUSDT,BUY,LIMIT,1701031386030,1.480,2079.53
ETHUSDT,BUY,LIMIT,1701031387230,0.050,2079.89
ETHUSDT,BUY,LIMIT,1701031388459,4.334,2081.12
ETHUSDT,BUY,LIMIT,1701031590272,0.068,2085.23
ETHUSDT,BUY,LIMIT,1701031591192,6.705,2082.40
ETHUSDT,BUY,LIMIT,1701031592108,0.037,2086.00
ETHUSDT,BUY,LIMIT,1701031600882,9.553,2086.25
ETHUSDT,BUY,LIMIT,1701031602203,5.748,2087.57
ETHUSDT,BUY,LIMIT,1701031605134,2.229,2088.05
ETHUSDT,BUY,LIMIT,1701031679290,6.540,2087.64
ETHUSDT,BUY,LIMIT,1701031683377,0.255,2087.49
ETHUSDT,BUY,LIMIT,1701031728095,4.833,2088.74
ETHUSDT,BUY,LIMIT,1701031729107,0.086,2088.64
ETHUSDT,BUY,LIMIT,1701031731056,2.207,2088.89
ETHUSDT,BUY,LIMIT,1701031732092,0.427,2088.79
ETHUSDT,BUY,LIMIT,1701031735250,0.041,2089.17
ETHUSDT,BUY,LIMIT,1701031740375,0.500,2089.03
ETHUSDT,BUY,LIMIT,1701031744965,48.203,2089.35
ETHUSDT,BUY,LIMIT,1701031746055,0.490,2090.79
ETHUSDT,BUY,LIMIT,1701031747116,0.065,2090.72
ETHUSDT,BUY,LIMIT,1701031756828,0.052,2090.99
ETHUSDT,BUY,LIMIT,1701031758016,0.050,2091.02
ETHUSDT,BUY,LIMIT,1701031759043,1.000,2091.58
ETHUSDT,BUY,LIMIT,1701031760108,0.191,2091.54
ETHUSDT,BUY,LIMIT,1701031761430,0.326,2092.07
ETHUSDT,BUY,LIMIT,1701031777167,0.467,2092.36
ETHUSDT,BUY,LIMIT,1701031800740,0.161,2092.06
ETHUSDT,BUY,LIMIT,1701031872219,2.654,2091.87
ETHUSDT,SELL,LIMIT,1701032925203,0.048,2061.01
ETHUSDT,SELL,LIMIT,1701033740426,0.216,2058.63
ETHUSDT,SELL,LIMIT,1701033808451,0.127,2058.87
ETHUSDT,SELL,LIMIT,1701033818294,0.140,2057.95
ETHUSDT,SELL,LIMIT,1701033821155,0.195,2057.63
ETHUSDT,BUY,LIMIT,1701036360705,0.293,2088.73
ETHUSDT,BUY,LIMIT,1701036435415,0.017,2089.45
ETHUSDT,BUY,LIMIT,1701036440110,0.201,2089.81
ETHUSDT,BUY,LIMIT,1701038089171,1.472,2091.03
ETHUSDT,BUY,LIMIT,1701038090380,1.042,2090.71
ETHUSDT,SELL,LIMIT,1701039779675,0.219,2061.44
ETHUSDT,SELL,LIMIT,1701039785662,0.893,2061.99
ETHUSDT,SELL,LIMIT,1701039865753,0.543,2060.68
ETHUSDT,SELL,LIMIT,1701039919804,0.450,2059.12
ETHUSDT,SELL,LIMIT,1701039940384,0.050,2058.59
ETHUSDT,SELL,LIMIT,1701039942425,16.045,2058.44
ETHUSDT,SELL,LIMIT,1701039943478,0.104,2057.91
ETHUSDT,SELL,LIMIT,1701039951078,0.038,2057.57
ETHUSDT,SELL,LIMIT,1701040044049,0.027,2056.11
ETHUSDT,SELL,LIMIT,1701040047121,0.551,2055.95
ETHUSDT,SELL,LIMIT,1701040070682,0.071,2055.41
ETHUSDT,SELL,LIMIT,1701040132234,0.136,2054.55
ETHUSDT,SELL,LIMIT,1701040133288,1.196,2054.13
ETHUSDT,SELL,LIMIT,1701040135068,2.011,2053.50
ETHUSDT,SELL,LIMIT,1701040141254,0.276,2053.51
ETHUSDT,SELL,LIMIT,1701040180128,0.032,2053.37
ETHUSDT,SELL,LIMIT,1701040182663,0.385,2053.27
ETHUSDT,SELL,LIMIT,1701040184083,0.054,2053.09
ETHUSDT,SELL,LIMIT,1701040185564,0.987,2053.07
ETHUSDT,SELL,LIMIT,1701040230054,0.045,2052.89
ETHUSDT,SELL,LIMIT,1701040231895,0.031,2052.47
ETHUSDT,SELL,LIMIT,1701040236547,0.033,2052.27
ETHUSDT,SELL,LIMIT,1701040243186,47.673,2052.10
ETHUSDT,SELL,LIMIT,1701040244332,3.898,2051.84
ETHUSDT,SELL,LIMIT,1701040284392,20.226,2052.76
ETHUSDT,SELL,LIMIT,1701040298819,0.476,2051.76
ETHUSDT,SELL,LIMIT,1701040300172,0.097,2051.37
ETHUSDT,SELL,LIMIT,1701040301244,1.005,2051.70
ETHUSDT,SELL,LIMIT,1701040304750,6.542,2051.56
ETHUSDT,SELL,LIMIT,1701040323907,2.475,2050.95
ETHUSDT,SELL,LIMIT,1701043297038,0.532,2050.67
ETHUSDT,SELL,LIMIT,1701043498658,0.480,2050.38
ETHUSDT,SELL,LIMIT,1701043523299,0.073,2050.01
ETHUSDT,SELL,LIMIT,1701043548096,1.980,2049.87
ETHUSDT,SELL,LIMIT,1701043549662,10.428,2049.86
ETHUSDT,SELL,LIMIT,1701043561251,0.010,2049.19
ETHUSDT,SELL,LIMIT,1701043632381,0.115,2048.66
ETHUSDT,SELL,LIMIT,1701043667317,0.309,2048.49
ETHUSDT,BUY,LIMIT,1701044944201,0.143,2077.20
ETHUSDT,SELL,LIMIT,1701045223231,9.665,2056.01
ETHUSDT,BUY,LIMIT,1701045568249,0.040,2077.23
ETHUSDT,BUY,LIMIT,1701045608560,5.350,2077.79
ETHUSDT,BUY,LIMIT,1701045772128,5.161,2078.49
ETHUSDT,BUY,LIMIT,1701045933283,21.207,2079.75
ETHUSDT,BUY,LIMIT,1701045986828,0.218,2080.62
ETHUSDT,BUY,LIMIT,1701045994203,7.044,2081.08
ETHUSDT,BUY,LIMIT,1701045996696,0.110,2081.20
ETHUSDT,BUY,LIMIT,1701046341167,0.010,2071.51
ETHUSDT,BUY,LIMIT,1701046568072,0.809,2076.43
ETHUSDT,BUY,LIMIT,1701046868074,0.438,2077.25
ETHUSDT,BUY,LIMIT,1701047201284,0.899,2079.42
ETHUSDT,SELL,LIMIT,1701048866413,9.279,2051.52
ETHUSDT,SELL,LIMIT,1701050664937,0.535,2049.83
ETHUSDT,SELL,LIMIT,1701050668439,0.012,2049.66
ETHUSDT,SELL,LIMIT,1701050766051,0.220,2047.79
ETHUSDT,SELL,LIMIT,1701050768068,0.479,2047.61
ETHUSDT,SELL,LIMIT,1701050789151,0.100,2047.33
ETHUSDT,SELL,LIMIT,1701050790272,0.109,2047.34
ETHUSDT,SELL,LIMIT,1701050791427,1.149,2047.06
ETHUSDT,SELL,LIMIT,1701050848085,11.918,2046.47
ETHUSDT,SELL,LIMIT,1701050849419,1.787,2046.41
ETHUSDT,SELL,LIMIT,1701050864081,0.022,2045.90
ETHUSDT,SELL,LIMIT,1701052280075,0.145,2044.77
ETHUSDT,SELL,LIMIT,1701052282079,0.186,2043.49
ETHUSDT,SELL,LIMIT,1701052283312,2.524,2043.32
ETHUSDT,SELL,LIMIT,1701052511231,28.820,2043.14
ETHUSDT,SELL,LIMIT,1701052628472,0.034,2042.07
ETHUSDT,SELL,LIMIT,1701052629885,0.027,2041.92
ETHUSDT,SELL,LIMIT,1701052632032,8.089,2041.67
ETHUSDT,SELL,LIMIT,1701052636999,0.724,2040.95
ETHUSDT,SELL,LIMIT,1701052639188,37.916,2040.73
ETHUSDT,SELL,LIMIT,1701052644444,2.332,2040.25
ETHUSDT,SELL,LIMIT,1701052646058,0.036,2039.99
ETHUSDT,SELL,LIMIT,1701052647094,0.051,2040.01
ETHUSDT,SELL,LIMIT,1701052648177,0.211,2038.55
ETHUSDT,SELL,LIMIT,1701052650587,0.394,2039.29
ETHUSDT,SELL,LIMIT,1701052651953,47.131,2039.07
ETHUSDT,SELL,LIMIT,1701052842173,1.787,2038.96
ETHUSDT,SELL,LIMIT,1701052868041,1.461,2038.35
ETHUSDT,SELL,LIMIT,1701052872494,0.009,2037.93
ETHUSDT,SELL,LIMIT,1701052875809,5.161,2037.72
ETHUSDT,SELL,LIMIT,1701052877316,0.450,2037.70
ETHUSDT,SELL,LIMIT,1701052879141,0.013,2037.32
ETHUSDT,SELL,LIMIT,1701052880341,0.909,2037.10
ETHUSDT,SELL,LIMIT,1701053054123,0.200,2036.57
ETHUSDT,SELL,LIMIT,1701053059153,0.389,2036.47
ETHUSDT,SELL,LIMIT,1701053098293,0.147,2037.21
ETHUSDT,SELL,LIMIT,1701053101080,0.010,2037.06
ETHUSDT,SELL,LIMIT,1701053191981,0.486,2036.29
ETHUSDT,SELL,LIMIT,1701054440814,0.500,2037.77
ETHUSDT,SELL,LIMIT,1701054452522,0.576,2037.28
ETHUSDT,SELL,LIMIT,1701054468240,1.702,2036.10
ETHUSDT,SELL,LIMIT,1701054486178,0.324,2035.61
ETHUSDT,SELL,LIMIT,1701054587861,0.380,2035.30
ETHUSDT,SELL,LIMIT,1701054589220,4.297,2035.25
ETHUSDT,SELL,LIMIT,1701054609714,7.000,2034.92
ETHUSDT,SELL,LIMIT,1701054621027,0.331,2034.79
ETHUSDT,SELL,LIMIT,1701054623296,2.500,2034.47
ETHUSDT,SELL,LIMIT,1701054624610,0.250,2034.04
ETHUSDT,SELL,LIMIT,1701055605883,0.026,2036.20
ETHUSDT,SELL,LIMIT,1701055613253,0.186,2035.30
ETHUSDT,SELL,LIMIT,1701055674207,2.000,2034.75
ETHUSDT,SELL,LIMIT,1701055689987,1.297,2034.39
ETHUSDT,SELL,LIMIT,1701055695653,1.688,2034.11
ETHUSDT,SELL,LIMIT,1701055696741,24.666,2033.96
ETHUSDT,SELL,LIMIT,1701055701178,1.106,2033.53
ETHUSDT,SELL,LIMIT,1701055704186,0.164,2033.30
ETHUSDT,SELL,LIMIT,1701055752957,1.188,2033.27
ETHUSDT,SELL,LIMIT,1701055754275,0.240,2033.03
ETHUSDT,SELL,LIMIT,1701055829275,0.105,2032.51
ETHUSDT,SELL,LIMIT,1701055830377,0.214,2032.39
ETHUSDT,SELL,LIMIT,1701055832246,8.716,2032.22
ETHUSDT,SELL,LIMIT,1701055833251,0.028,2032.29
ETHUSDT,SELL,LIMIT,1701056024214,0.020,2033.08
ETHUSDT,SELL,LIMIT,1701056053415,0.290,2032.46
ETHUSDT,SELL,LIMIT,1701056056229,4.849,2032.49
ETHUSDT,SELL,LIMIT,1701056088841,11.455,2032.33
ETHUSDT,SELL,LIMIT,1701056102318,0.027,2032.09
ETHUSDT,SELL,LIMIT,1701056103451,0.963,2031.84
ETHUSDT,SELL,LIMIT,1701056111261,0.733,2031.84
ETHUSDT,SELL,LIMIT,1701056112746,0.048,2031.83
ETHUSDT,SELL,LIMIT,1701056138088,11.780,2031.58
ETHUSDT,SELL,LIMIT,1701056139253,2.065,2031.34
ETHUSDT,SELL,LIMIT,1701056140819,0.128,2031.18
ETHUSDT,SELL,LIMIT,1701056142641,0.189,2030.91
ETHUSDT,SELL,LIMIT,1701056149053,0.212,2031.31
ETHUSDT,SELL,LIMIT,1701056154429,0.120,2030.96
ETHUSDT,SELL,LIMIT,1701056159556,61.400,2030.24
ETHUSDT,SELL,LIMIT,1701056232456,2.386,2030.67
ETHUSDT,SELL,LIMIT,1701056234640,0.203,2030.50
ETHUSDT,SELL,LIMIT,1701056245135,0.493,2030.28
ETHUSDT,SELL,LIMIT,1701056246563,3.891,2029.91
ETHUSDT,SELL,LIMIT,1701056248214,0.015,2029.73
ETHUSDT,BUY,LIMIT,1701060422182,1.645,2060.57
ETHUSDT,BUY,LIMIT,1701061042179,0.276,2062.09
ETHUSDT,BUY,LIMIT,1701062116143,2.516,2062.94
