Symbol,Side,Order Type,Time,Quantity,Price
ETHUSDT,BUY,LIMIT,1701065797103,0.017,2063.17
ETHUSDT,BUY,LIMIT,1701066977439,0.091,2052.49
ETHUSDT,SELL,LIMIT,1701067272061,0.089,2041.90
ETHUSDT,SELL,LIMIT,1701067746925,0.472,2040.82
ETHUSDT,BUY,LIMIT,1701067748857,3.031,2059.58
ETHUSDT,SELL,LIMIT,1701067750903,0.106,2040.26
ETHUSDT,BUY,LIMIT,1701067752173,1.360,2060.80
ETHUSDT,BUY,LIMIT,1701067814196,0.522,2041.35
ETHUSDT,BUY,LIMIT,1701067815246,0.487,2060.43
ETHUSDT,SELL,LIMIT,1701067841178,0.232,2042.31
ETHUSDT,SELL,LIMIT,1701067858488,3.785,2038.18
ETHUSDT,SELL,LIMIT,1701067871120,2.416,2037.41
ETHUSDT,BUY,LIMIT,1701068054068,0.159,2056.19
ETHUSDT,SELL,LIMIT,1701068086238,2.403,2038.21
ETHUSDT,BUY,LIMIT,1701068114902,2.346,2055.45
ETHUSDT,SELL,LIMIT,1701068154391,0.416,2035.26
ETHUSDT,SELL,LIMIT,1701068163665,17.087,2034.48
ETHUSDT,SELL,LIMIT,1701068170640,0.847,2033.44
ETHUSDT,SELL,LIMIT,1701068238463,0.134,2033.33
ETHUSDT,SELL,LIMIT,1701068250195,9.191,2032.97
ETHUSDT,SELL,LIMIT,1701068286583,0.693,2032.50
ETHUSDT,SELL,LIMIT,1701068288308,0.053,2032.36
ETHUSDT,SELL,LIMIT,1701068292118,0.252,2032.25
ETHUSDT,SELL,LIMIT,1701068371119,0.211,2032.05
ETHUSDT,SELL,LIMIT,1701068375266,2.201,2031.89
ETHUSDT,SELL,LIMIT,1701068381410,1.505,2031.79
ETHUSDT,SELL,LIMIT,1701068402078,0.018,2031.69
ETHUSDT,SELL,LIMIT,1701068404149,0.439,2031.37
ETHUSDT,SELL,LIMIT,1701068950984,0.644,2034.99
ETHUSDT,SELL,LIMIT,1701068997849,0.060,2036.03
ETHUSDT,BUY,LIMIT,1701069413331,0.480,2055.57
ETHUSDT,SELL,LIMIT,1701069526416,1.017,2034.12
ETHUSDT,SELL,LIMIT,1701069535194,0.512,2033.73
ETHUSDT,SELL,LIMIT,1701069554683,0.424,2039.30
ETHUSDT,BUY,LIMIT,1701069556123,0.121,2052.95
ETHUSDT,SELL,LIMIT,1701069573714,0.025,2031.84
ETHUSDT,SELL,LIMIT,1701069575249,0.888,2031.62
ETHUSDT,SELL,LIMIT,1701069635188,1.950,2031.06
ETHUSDT,SELL,LIMIT,1701069637974,0.169,2030.91
ETHUSDT,SELL,LIMIT,1701069797990,9.591,2031.80
ETHUSDT,SELL,LIMIT,1701069803144,11.110,2031.83
ETHUSDT,SELL,LIMIT,1701069805727,1.261,2031.32
ETHUSDT,SELL,LIMIT,1701069807140,3.393,2032.09
ETHUSDT,SELL,LIMIT,1701069827058,0.240,2030.93
ETHUSDT,SELL,LIMIT,1701069829092,2.000,2030.91
ETHUSDT,SELL,LIMIT,1701069851935,0.519,2031.55
ETHUSDT,SELL,LIMIT,1701069855286,0.174,2030.73
ETHUSDT,SELL,LIMIT,1701069856579,0.038,2030.66
ETHUSDT,SELL,LIMIT,1701069871081,0.794,2030.47
ETHUSDT,SELL,LIMIT,1701069879326,0.309,2030.27
ETHUSDT,SELL,LIMIT,1701069881142,1.089,2030.26
ETHUSDT,SELL,LIMIT,1701069882134,24.366,2029.13
ETHUSDT,SELL,LIMIT,1701069883218,4.892,2029.22
ETHUSDT,SELL,LIMIT,1701069886102,0.602,2029.22
ETHUSDT,SELL,LIMIT,1701069892104,0.332,2029.12
ETHUSDT,SELL,LIMIT,1701069894192,0.010,2029.09
ETHUSDT,SELL,LIMIT,1701069897465,4.764,2028.95
ETHUSDT,SELL,LIMIT,1701069898502,0.020,2028.58
ETHUSDT,SELL,LIMIT,1701069901989,0.480,2028.59
ETHUSDT,SELL,LIMIT,1701069913244,1.032,2028.59
ETHUSDT,SELL,LIMIT,1701069916218,0.877,2028.53
ETHUSDT,SELL,LIMIT,1701069918247,0.042,2028.52
ETHUSDT,SELL,LIMIT,1701070043097,0.228,2028.49
ETHUSDT,SELL,LIMIT,1701070054483,0.019,2028.46
ETHUSDT,SELL,LIMIT,1701070056270,0.255,2028.27
ETHUSDT,SELL,LIMIT,1701070057403,0.199,2027.82
ETHUSDT,SELL,LIMIT,1701070059365,0.186,2027.48
ETHUSDT,SELL,LIMIT,1701070060437,0.400,2027.61
ETHUSDT,SELL,LIMIT,1701070061562,1.357,2027.06
ETHUSDT,SELL,LIMIT,1701070062847,0.329,2026.57
ETHUSDT,SELL,LIMIT,1701070063913,0.084,2026.32
ETHUSDT,SELL,LIMIT,1701070070310,0.483,2026.90
ETHUSDT,BUY,LIMIT,1701070110543,0.022,2039.34
ETHUSDT,SELL,LIMIT,1701070159248,0.337,2026.19
ETHUSDT,SELL,LIMIT,1701070167520,0.270,2026.19
ETHUSDT,SELL,LIMIT,1701070169114,0.145,2026.08
ETHUSDT,SELL,LIMIT,1701070170139,3.623,2025.93
ETHUSDT,SELL,LIMIT,1701070171172,0.956,2024.13
ETHUSDT,SELL,LIMIT,1701070172108,20.613,2023.01
ETHUSDT,SELL,LIMIT,1701070173412,0.878,2023.17
ETHUSDT,SELL,LIMIT,1701070435916,0.788,2024.90
ETHUSDT,SELL,LIMIT,1701070438212,0.036,2022.61
ETHUSDT,SELL,LIMIT,1701070439083,0.915,2022.33
ETHUSDT,SELL,LIMIT,1701070440100,0.096,2022.24
ETHUSDT,SELL,LIMIT,1701070440882,0.675,2021.30
ETHUSDT,SELL,LIMIT,1701070442314,8.079,2021.21
ETHUSDT,BUY,LIMIT,1701071224178,0.245,2053.84
ETHUSDT,BUY,LIMIT,1701071515819,0.013,2054.69
ETHUSDT,BUY,LIMIT,1701072620317,0.010,2056.42
ETHUSDT,BUY,LIMIT,1701072831861,0.143,2056.90
ETHUSDT,BUY,LIMIT,1701073562752,0.183,2058.33
ETHUSDT,BUY,LIMIT,1701073654329,0.209,2058.85
ETHUSDT,SELL,LIMIT,1701074374166,0.072,2043.79
ETHUSDT,BUY,LIMIT,1701075600395,0.177,2056.47
ETHUSDT,BUY,LIMIT,1701076366245,0.063,2060.27
ETHUSDT,BUY,LIMIT,1701076411307,0.085,2060.52
ETHUSDT,BUY,LIMIT,1701076553684,0.245,2061.94
ETHUSDT,BUY,LIMIT,1701076575767,0.013,2062.54
ETHUSDT,SELL,LIMIT,1701076797118,0.341,2039.62
ETHUSDT,SELL,LIMIT,1701077010357,1.131,2039.27
ETHUSDT,BUY,LIMIT,1701077399082,0.002,2059.98
ETHUSDT,SELL,LIMIT,1701080323068,1.193,2032.39
ETHUSDT,SELL,LIMIT,1701080437251,0.054,2031.77
ETHUSDT,SELL,LIMIT,1701080493042,0.968,2031.35
ETHUSDT,SELL,LIMIT,1701080504573,13.414,2030.84
ETHUSDT,SELL,LIMIT,1701080505754,1.096,2030.48
ETHUSDT,SELL,LIMIT,1701080514146,0.023,2030.27
ETHUSDT,SELL,LIMIT,1701080515177,0.089,2030.14
ETHUSDT,SELL,LIMIT,1701080517464,1.061,2030.03
ETHUSDT,SELL,LIMIT,1701080525254,0.408,2029.97
ETHUSDT,SELL,LIMIT,1701080526491,0.128,2029.91
ETHUSDT,SELL,LIMIT,1701080528724,0.379,2029.54
ETHUSDT,SELL,LIMIT,1701080538386,0.869,2029.27
ETHUSDT,SELL,LIMIT,1701080540667,0.242,2029.08
ETHUSDT,SELL,LIMIT,1701080544416,0.250,2028.53
ETHUSDT,SELL,LIMIT,1701080617660,0.104,2028.27
ETHUSDT,SELL,LIMIT,1701080621457,14.862,2028.18
ETHUSDT,SELL,LIMIT,1701080622906,0.082,2028.13
ETHUSDT,SELL,LIMIT,1701080643750,0.179,2027.93
ETHUSDT,SELL,LIMIT,1701080644983,0.048,2027.89
ETHUSDT,SELL,LIMIT,1701080646612,0.258,2027.86
ETHUSDT,SELL,LIMIT,1701080649089,0.049,2027.83
ETHUSDT,SELL,LIMIT,1701080659726,0.165,2027.75
ETHUSDT,SELL,LIMIT,1701080668322,0.017,2027.50
ETHUSDT,SELL,LIMIT,1701080677449,0.241,2027.46
ETHUSDT,SELL,LIMIT,1701080678978,1.827,2027.30
ETHUSDT,SELL,LIMIT,1701080681096,1.186,2027.14
ETHUSDT,SELL,LIMIT,1701080685216,0.349,2027.07
ETHUSDT,SELL,LIMIT,1701080714126,0.060,2026.95
ETHUSDT,SELL,LIMIT,1701080752116,0.630,2026.54
ETHUSDT,SELL,LIMIT,1701080756240,33.283,2025.88
ETHUSDT,SELL,LIMIT,1701080757382,0.010,2026.05
ETHUSDT,SELL,LIMIT,1701080765676,1.377,2025.73
ETHUSDT,SELL,LIMIT,1701080776454,0.134,2025.69
ETHUSDT,SELL,LIMIT,1701080778880,0.060,2025.31
ETHUSDT,SELL,LIMIT,1701080786072,0.356,2025.25
ETHUSDT,SELL,LIMIT,1701080787270,0.553,2028.91
ETHUSDT,SELL,LIMIT,1701080804191,0.567,2025.01
ETHUSDT,SELL,LIMIT,1701080805215,2.175,2024.31
ETHUSDT,SELL,LIMIT,1701080840069,0.029,2024.35
ETHUSDT,SELL,LIMIT,1701080845778,0.404,2024.23
ETHUSDT,SELL,LIMIT,1701080847431,0.054,2024.11
ETHUSDT,SELL,LIMIT,1701080849476,4.799,2024.06
ETHUSDT,SELL,LIMIT,1701080851267,0.048,2023.82
ETHUSDT,SELL,LIMIT,1701080852298,0.024,2023.75
ETHUSDT,SELL,LIMIT,1701080867065,0.046,2023.32
ETHUSDT,SELL,LIMIT,1701080868230,0.055,2023.56
ETHUSDT,SELL,LIMIT,1701080871336,1.937,2022.98
ETHUSDT,SELL,LIMIT,1701080875441,0.184,2022.80
ETHUSDT,SELL,LIMIT,1701081130258,3.904,2021.95
ETHUSDT,SELL,LIMIT,1701081131669,0.491,2022.55
ETHUSDT,SELL,LIMIT,1701081165064,0.450,2021.58
ETHUSDT,SELL,LIMIT,1701081198329,5.207,2021.21
ETHUSDT,SELL,LIMIT,1701081201042,0.978,2021.02
ETHUSDT,SELL,LIMIT,1701081202245,7.314,2021.13
ETHUSDT,SELL,LIMIT,1701081203317,1.506,2020.91
ETHUSDT,SELL,LIMIT,1701081206097,0.110,2020.66
ETHUSDT,SELL,LIMIT,1701081207247,0.094,2020.61
ETHUSDT,SELL,LIMIT,1701081209335,0.092,2020.45
ETHUSDT,SELL,LIMIT,1701081258003,0.489,2020.72
ETHUSDT,SELL,LIMIT,1701081327152,0.282,2020.19
ETHUSDT,SELL,LIMIT,1701081328058,0.098,2019.96
ETHUSDT,SELL,LIMIT,1701081328937,0.114,2019.19
ETHUSDT,SELL,LIMIT,1701081329965,14.470,2017.97
ETHUSDT,SELL,LIMIT,1701081408211,0.128,2018.95
ETHUSDT,SELL,LIMIT,1701081409963,0.208,2017.83
ETHUSDT,SELL,LIMIT,1701081434356,6.240,2017.74
ETHUSDT,SELL,LIMIT,1701081435419,3.147,2017.05
ETHUSDT,SELL,LIMIT,1701081436504,1.026,2016.88
ETHUSDT,SELL,LIMIT,1701081437588,0.187,2016.63
ETHUSDT,SELL,LIMIT,1701081438594,0.500,2015.87
ETHUSDT,SELL,LIMIT,1701081439717,48.142,2015.42
ETHUSDT,SELL,LIMIT,1701081448043,2.620,2015.15
ETHUSDT,SELL,LIMIT,1701081449135,0.021,2015.12
ETHUSDT,SELL,LIMIT,1701081450123,6.180,2013.42
ETHUSDT,SELL,LIMIT,1701081451215,0.145,2014.45
ETHUSDT,SELL,LIMIT,1701081452349,5.174,2013.64
ETHUSDT,SELL,LIMIT,1701081484484,8.824,2013.20
ETHUSDT,SELL,LIMIT,1701081486152,0.522,2013.12
ETHUSDT,SELL,LIMIT,1701081487264,3.780,2012.69
ETHUSDT,SELL,LIMIT,1701081488280,0.248,2012.51
ETHUSDT,SELL,LIMIT,1701081572073,0.230,2012.28
ETHUSDT,SELL,LIMIT,1701081573196,9.300,2012.36
ETHUSDT,SELL,LIMIT,1701081579313,0.299,2013.96
ETHUSDT,SELL,LIMIT,1701081580496,0.049,2011.95
ETHUSDT,SELL,LIMIT,1701081582423,0.033,2012.02
ETHUSDT,SELL,LIMIT,1701081584168,0.083,2011.78
ETHUSDT,SELL,LIMIT,1701081605119,1.000,2012.03
ETHUSDT,SELL,LIMIT,1701081606190,0.491,2012.23
ETHUSDT,SELL,LIMIT,1701081609099,0.300,2011.91
ETHUSDT,SELL,LIMIT,1701081610374,2.283,2012.07
ETHUSDT,SELL,LIMIT,1701081796859,0.132,2011.68
ETHUSDT,SELL,LIMIT,1701081797954,0.048,2011.46
ETHUSDT,SELL,LIMIT,1701082007170,0.851,2011.40
ETHUSDT,SELL,LIMIT,1701082008296,0.999,2010.85
ETHUSDT,SELL,LIMIT,1701082009465,0.214,2010.97
ETHUSDT,SELL,LIMIT,1701082010741,0.229,2010.83
ETHUSDT,SELL,LIMIT,1701082018606,0.012,2011.00
ETHUSDT,SELL,LIMIT,1701082020187,0.033,2012.37
ETHUSDT,SELL,LIMIT,1701082023093,2.074,2011.02
ETHUSDT,SELL,LIMIT,1701082035120,2.107,2010.73
ETHUSDT,SELL,LIMIT,1701082118042,3.976,2009.82
ETHUSDT,SELL,LIMIT,1701082119065,0.030,2010.45
ETHUSDT,SELL,LIMIT,1701082120286,8.908,2009.29
ETHUSDT,SELL,LIMIT,1701082123073,0.500,2008.51
ETHUSDT,SELL,LIMIT,1701082124107,1.421,2008.55
ETHUSDT,SELL,LIMIT,1701082125125,0.324,2008.18
ETHUSDT,SELL,LIMIT,1701082126391,10.859,2007.81
ETHUSDT,SELL,LIMIT,1701082127404,1.116,2007.90
ETHUSDT,SELL,LIMIT,1701082651083,10.333,2010.09
ETHUSDT,SELL,LIMIT,1701082653560,0.318,2010.05
ETHUSDT,SELL,LIMIT,1701082687202,0.292,2009.44
ETHUSDT,SELL,LIMIT,1701082693176,0.151,2009.02
ETHUSDT,SELL,LIMIT,1701082694871,1.100,2009.12
ETHUSDT,SELL,LIMIT,1701082698106,0.441,2008.97
ETHUSDT,SELL,LIMIT,1701082700411,2.414,2008.95
ETHUSDT,SELL,LIMIT,1701082703420,13.999,2008.60
ETHUSDT,SELL,LIMIT,1701082705557,0.142,2008.50
ETHUSDT,SELL,LIMIT,1701082726146,0.144,2007.82
ETHUSDT,SELL,LIMIT,1701082727335,0.010,2007.38
ETHUSDT,SELL,LIMIT,1701082728465,0.493,2007.60
ETHUSDT,SELL,LIMIT,1701083396069,1.407,2008.62
ETHUSDT,SELL,LIMIT,1701083766064,2.500,2006.98
ETHUSDT,SELL,LIMIT,1701083767123,0.820,2006.88
ETHUSDT,SELL,LIMIT,1701083768124,2.306,2006.80
ETHUSDT,SELL,LIMIT,1701084796449,0.111,2010.18
ETHUSDT,SELL,LIMIT,1701084883252,0.017,2016.14
ETHUSDT,SELL,LIMIT,1701084930460,0.446,2007.61
ETHUSDT,BUY,LIMIT,1701085064495,0.029,2037.59
ETHUSDT,BUY,LIMIT,1701085801057,0.025,2037.79
ETHUSDT,BUY,LIMIT,1701085839105,1.040,2037.93
ETHUSDT,BUY,LIMIT,1701085893616,0.021,2038.96
ETHUSDT,BUY,LIMIT,1701086043630,0.385,2039.27
ETHUSDT,SELL,LIMIT,1701086724285,1.024,2017.19
ETHUSDT,SELL,LIMIT,1701088149954,0.197,2010.91
ETHUSDT,SELL,LIMIT,1701089933008,2.675,2010.27
ETHUSDT,SELL,LIMIT,1701089984083,0.031,2008.31
ETHUSDT,SELL,LIMIT,1701089985161,0.053,2008.16
ETHUSDT,SELL,LIMIT,1701090009061,2.791,2007.54
ETHUSDT,SELL,LIMIT,1701090015250,0.441,2007.11
ETHUSDT,SELL,LIMIT,1701090032474,1.201,2006.89
ETHUSDT,SELL,LIMIT,1701090035119,0.011,2006.57
ETHUSDT,SELL,LIMIT,1701090036158,0.118,2006.63
ETHUSDT,SELL,LIMIT,1701090038608,0.211,2006.45
ETHUSDT,BUY,LIMIT,1701090947829,0.031,2028.16
ETHUSDT,SELL,LIMIT,1701090971127,0.067,2007.46
ETHUSDT,SELL,LIMIT,1701090981089,0.538,2006.15
ETHUSDT,SELL,LIMIT,1701090982188,0.506,2006.14
ETHUSDT,SELL,LIMIT,1701091131257,0.474,2006.18
ETHUSDT,SELL,LIMIT,1701091161256,0.066,2005.60
ETHUSDT,SELL,LIMIT,1701091162161,0.100,2004.26
ETHUSDT,SELL,LIMIT,1701091163011,0.042,2004.12
ETHUSDT,SELL,LIMIT,1701091164005,0.016,2003.02
ETHUSDT,BUY,LIMIT,1701091284468,0.047,2033.47
ETHUSDT,SELL,LIMIT,1701092450384,0.009,2011.05
ETHUSDT,SELL,LIMIT,1701092667317,35.398,2004.24
ETHUSDT,SELL,LIMIT,1701092755321,0.055,2003.85
ETHUSDT,SELL,LIMIT,1701092758492,0.081,2003.39
ETHUSDT,SELL,LIMIT,1701092888265,4.852,2006.64
ETHUSDT,SELL,LIMIT,1701093117049,0.540,2006.02
ETHUSDT,SELL,LIMIT,1701093119269,0.025,2005.09
ETHUSDT,SELL,LIMIT,1701093121080,0.267,2004.21
ETHUSDT,SELL,LIMIT,1701093125190,0.159,2004.57
ETHUSDT,SELL,LIMIT,1701093129288,6.019,2004.26
ETHUSDT,SELL,LIMIT,1701093133160,4.650,2004.20
ETHUSDT,SELL,LIMIT,1701093135810,4.815,2003.76
ETHUSDT,SELL,LIMIT,1701093137323,13.829,2003.46
ETHUSDT,SELL,LIMIT,1701093138289,4.242,2003.14
ETHUSDT,BUY,LIMIT,1701093238638,0.404,2025.53
ETHUSDT,BUY,LIMIT,1701093444755,12.089,2033.63
ETHUSDT,BUY,LIMIT,1701093460530,0.149,2034.18
ETHUSDT,BUY,LIMIT,1701093464107,2.382,2034.23
ETHUSDT,SELL,LIMIT,1701093476543,0.093,2012.96
ETHUSDT,SELL,LIMIT,1701093683326,0.060,2014.46
ETHUSDT,BUY,LIMIT,1701093691383,0.010,2035.14
ETHUSDT,BUY,LIMIT,1701093694032,0.029,2035.32
ETHUSDT,BUY,LIMIT,1701093712128,0.019,2035.73
ETHUSDT,BUY,LIMIT,1701093742083,0.419,2036.34
ETHUSDT,BUY,LIMIT,1701093743167,0.991,2036.30
ETHUSDT,BUY,LIMIT,1701093768285,0.035,2036.82
ETHUSDT,BUY,LIMIT,1701093778809,7.598,2037.23
ETHUSDT,BUY,LIMIT,1701093794331,1.079,2037.49
ETHUSDT,BUY,LIMIT,1701093798112,0.099,2037.98
ETHUSDT,BUY,LIMIT,1701093799233,2.534,2038.17
ETHUSDT,BUY,LIMIT,1701093831176,7.747,2039.13
ETHUSDT,BUY,LIMIT,1701093833878,5.624,2039.19
ETHUSDT,BUY,LIMIT,1701094012915,0.161,2036.35
ETHUSDT,SELL,LIMIT,1701094711146,1.241,2008.79
ETHUSDT,SELL,LIMIT,1701094792820,3.934,2008.52
ETHUSDT,SELL,LIMIT,1701094981148,1.017,2007.63
ETHUSDT,SELL,LIMIT,1701094986332,0.014,2007.49
ETHUSDT,SELL,LIMIT,1701095006494,0.144,2007.31
ETHUSDT,SELL,LIMIT,1701095396794,0.069,2008.97
ETHUSDT,SELL,LIMIT,1701095552387,1.528,2006.60
ETHUSDT,SELL,LIMIT,1701095598099,0.039,2006.39
ETHUSDT,SELL,LIMIT,1701095599536,0.387,2006.15
ETHUSDT,SELL,LIMIT,1701095612297,0.319,2005.49
ETHUSDT,SELL,LIMIT,1701097031234,2.000,2004.23
ETHUSDT,SELL,LIMIT,1701097033314,1.280,2004.12
ETHUSDT,SELL,LIMIT,1701097046695,0.094,2004.08
ETHUSDT,SELL,LIMIT,1701097051696,0.218,2004.03
ETHUSDT,SELL,LIMIT,1701097058509,3.822,2003.95
ETHUSDT,SELL,LIMIT,1701097075524,0.361,2003.45
ETHUSDT,SELL,LIMIT,1701097078995,5.704,2003.28
ETHUSDT,SELL,LIMIT,1701097085768,0.040,2003.19
ETHUSDT,SELL,LIMIT,1701097091850,24.704,2003.03
ETHUSDT,SELL,LIMIT,1701097094164,0.161,2002.81
ETHUSDT,SELL,LIMIT,1701097096238,0.145,2002.71
ETHUSDT,SELL,LIMIT,1701097098395,80.000,2001.33
ETHUSDT,SELL,LIMIT,1701097099511,0.032,2002.40
ETHUSDT,SELL,LIMIT,1701097100516,0.110,2002.36
ETHUSDT,SELL,LIMIT,1701097101487,0.013,2002.04
ETHUSDT,BUY,LIMIT,1701097372866,0.082,2031.72
ETHUSDT,BUY,LIMIT,1701097382433,4.965,2032.44
ETHUSDT,BUY,LIMIT,1701097430970,0.063,2034.34
ETHUSDT,BUY,LIMIT,1701097441484,10.032,2034.51
ETHUSDT,BUY,LIMIT,1701097466112,0.766,2035.18
ETHUSDT,BUY,LIMIT,1701098186430,0.244,2036.80
ETHUSDT,BUY,LIMIT,1701098193698,0.068,2036.88
ETHUSDT,BUY,LIMIT,1701098236754,0.019,2037.59
ETHUSDT,BUY,LIMIT,1701098238957,1.894,2037.65
ETHUSDT,SELL,LIMIT,1701099213738,0.011,2006.75
ETHUSDT,SELL,LIMIT,1701099222131,0.295,2006.55
ETHUSDT,SELL,LIMIT,1701099230483,0.141,2006.09
ETHUSDT,SELL,LIMIT,1701099235346,0.240,2005.53
ETHUSDT,SELL,LIMIT,1701099236768,0.031,2005.43
ETHUSDT,SELL,LIMIT,1701099239972,0.987,2005.39
ETHUSDT,SELL,LIMIT,1701099362079,0.072,2005.16
ETHUSDT,SELL,LIMIT,1701099964254,0.038,2004.92
ETHUSDT,SELL,LIMIT,1701099966207,34.930,2004.48
ETHUSDT,SELL,LIMIT,1701099968051,0.053,2004.00
ETHUSDT,SELL,LIMIT,1701099969243,0.394,2003.48
ETHUSDT,SELL,LIMIT,1701099971668,0.014,2003.47
ETHUSDT,SELL,LIMIT,1701099974818,0.200,2003.44
ETHUSDT,SELL,LIMIT,1701099978707,0.329,2003.20
ETHUSDT,SELL,LIMIT,1701099979847,0.121,2003.17
ETHUSDT,SELL,LIMIT,1701099980967,1.335,2003.15
ETHUSDT,SELL,LIMIT,1701099998408,0.001,2002.60
ETHUSDT,SELL,LIMIT,1701100021819,0.967,2002.46
ETHUSDT,SELL,LIMIT,1701100087278,0.071,2001.97
ETHUSDT,SELL,LIMIT,1701100088526,1.354,2001.88
ETHUSDT,SELL,LIMIT,1701100120064,4.365,2002.30
ETHUSDT,SELL,LIMIT,1701100125154,0.411,2002.30
ETHUSDT,SELL,LIMIT,1701100130242,0.096,2001.52
ETHUSDT,SELL,LIMIT,1701100131427,0.293,2001.05
ETHUSDT,SELL,LIMIT,1701100132496,2.503,2001.36
ETHUSDT,SELL,LIMIT,1701100139110,0.337,2001.13
ETHUSDT,SELL,LIMIT,1701100140185,0.224,2001.10
ETHUSDT,SELL,LIMIT,1701100141278,0.067,2001.02
ETHUSDT,SELL,LIMIT,1701100146277,0.292,2000.88
ETHUSDT,SELL,LIMIT,1701100147295,1.766,2000.89
ETHUSDT,SELL,LIMIT,1701100148707,0.477,2000.77
ETHUSDT,SELL,LIMIT,1701100155236,1.000,2000.61
ETHUSDT,SELL,LIMIT,1701100156244,0.673,2000.49
ETHUSDT,SELL,LIMIT,1701100157319,0.015,2000.42
ETHUSDT,SELL,LIMIT,1701100158375,0.100,2000.21
ETHUSDT,SELL,LIMIT,1701100159411,3.267,2000.21
ETHUSDT,SELL,LIMIT,1701100182128,0.273,2017.96
ETHUSDT,BUY,LIMIT,1701100183993,0.130,2014.47
ETHUSDT,SELL,LIMIT,1701100215670,123.601,1998.10
ETHUSDT,SELL,LIMIT,1701100217243,0.196,2001.43
ETHUSDT,SELL,LIMIT,1701100218196,0.073,1999.71
ETHUSDT,SELL,LIMIT,1701100219183,1.000,1998.82
ETHUSDT,SELL,LIMIT,1701100220144,0.400,1998.87
ETHUSDT,SELL,LIMIT,1701100221280,49.400,1997.18
ETHUSDT,SELL,LIMIT,1701100222329,0.087,1997.91
ETHUSDT,SELL,LIMIT,1701100223547,0.796,1997.15
ETHUSDT,SELL,LIMIT,1701100280410,1.200,2001.49
ETHUSDT,SELL,LIMIT,1701100283141,1.000,1998.58
ETHUSDT,BUY,LIMIT,1701100284901,2.244,2018.76
ETHUSDT,SELL,LIMIT,1701100512122,0.445,1998.64
ETHUSDT,SELL,LIMIT,1701100513757,0.036,1998.52
ETHUSDT,SELL,LIMIT,1701100522458,0.031,2022.42
ETHUSDT,SELL,LIMIT,1701100523871,0.126,1999.73
ETHUSDT,SELL,LIMIT,1701100530208,0.198,1997.95
ETHUSDT,SELL,LIMIT,1701100536179,4.000,1997.91
ETHUSDT,SELL,LIMIT,1701100562662,1.000,1997.37
ETHUSDT,SELL,LIMIT,1701100564083,0.275,1996.91
ETHUSDT,SELL,LIMIT,1701100565128,0.195,1997.07
ETHUSDT,SELL,LIMIT,1701100566383,1.029,1996.76
ETHUSDT,SELL,LIMIT,1701100567417,0.850,1996.46
ETHUSDT,SELL,LIMIT,1701100570438,0.122,1996.52
ETHUSDT,SELL,LIMIT,1701100573097,27.915,1996.39
ETHUSDT,SELL,LIMIT,1701100574156,0.239,1996.28
ETHUSDT,SELL,LIMIT,1701100575182,0.010,1996.19
ETHUSDT,SELL,LIMIT,1701100576268,0.026,1996.10
ETHUSDT,SELL,LIMIT,1701100577310,0.279,1995.97
ETHUSDT,SELL,LIMIT,1701100588135,0.380,1995.76
ETHUSDT,SELL,LIMIT,1701100590895,2.020,1995.53
ETHUSDT,SELL,LIMIT,1701100592569,0.333,1995.42
ETHUSDT,SELL,LIMIT,1701100608836,1.000,1995.66
ETHUSDT,SELL,LIMIT,1701100618166,0.118,1995.72
ETHUSDT,SELL,LIMIT,1701100622315,0.294,1995.31
ETHUSDT,SELL,LIMIT,1701100623812,1.002,1995.26
ETHUSDT,SELL,LIMIT,1701100625141,0.400,1995.26
ETHUSDT,SELL,LIMIT,1701100627787,8.353,1995.38
ETHUSDT,SELL,LIMIT,1701100630092,1.000,1995.21
ETHUSDT,SELL,LIMIT,1701100631236,0.472,1995.19
ETHUSDT,SELL,LIMIT,1701100633247,3.304,1995.14
ETHUSDT,SELL,LIMIT,1701100638646,0.058,1995.11
ETHUSDT,SELL,LIMIT,1701100639618,0.087,1995.00
ETHUSDT,SELL,LIMIT,1701100640464,4.392,1992.32
ETHUSDT,SELL,LIMIT,1701100641405,35.428,1993.32
ETHUSDT,SELL,LIMIT,1701100643004,0.100,1999.77
ETHUSDT,SELL,LIMIT,1701100644218,0.134,1992.42
ETHUSDT,BUY,LIMIT,1701100728100,0.732,2012.75
ETHUSDT,SELL,LIMIT,1701100763374,0.024,1994.30
ETHUSDT,SELL,LIMIT,1701100780114,1.680,1992.29
ETHUSDT,SELL,LIMIT,1701100781184,0.370,1992.20
ETHUSDT,SELL,LIMIT,1701100782394,0.252,1992.03
ETHUSDT,SELL,LIMIT,1701100804967,0.476,1992.94
ETHUSDT,SELL,LIMIT,1701100812652,0.089,1992.84
ETHUSDT,SELL,LIMIT,1701100813908,3.615,1992.39
ETHUSDT,SELL,LIMIT,1701100815238,27.194,1992.38
ETHUSDT,SELL,LIMIT,1701100816419,0.230,1992.38
ETHUSDT,SELL,LIMIT,1701100819778,0.121,1992.40
ETHUSDT,SELL,LIMIT,1701100878164,0.089,1992.11
ETHUSDT,SELL,LIMIT,1701100893842,1.053,1992.04
ETHUSDT,SELL,LIMIT,1701100896363,0.183,1991.95
ETHUSDT,SELL,LIMIT,1701100899212,0.010,1991.56
ETHUSDT,SELL,LIMIT,1701100900281,0.050,1991.70
ETHUSDT,SELL,LIMIT,1701100903114,3.670,1991.50
ETHUSDT,SELL,LIMIT,1701100906035,0.220,1991.33
ETHUSDT,SELL,LIMIT,1701100907044,0.248,1991.06
ETHUSDT,SELL,LIMIT,1701100908107,0.027,1991.01
ETHUSDT,SELL,LIMIT,1701100924330,2.230,1990.92
ETHUSDT,SELL,LIMIT,1701101004142,0.959,1995.18
ETHUSDT,SELL,LIMIT,1701101006972,24.461,1994.72
ETHUSDT,SELL,LIMIT,1701101021046,0.270,1997.56
ETHUSDT,SELL,LIMIT,1701101022158,0.028,2022.44
ETHUSDT,SELL,LIMIT,1701101072802,2.153,1996.48
ETHUSDT,SELL,LIMIT,1701101079321,0.122,1995.54
ETHUSDT,SELL,LIMIT,1701101102650,1.268,1996.70
ETHUSDT,SELL,LIMIT,1701101174314,1.065,1994.67
ETHUSDT,SELL,LIMIT,1701101177240,10.000,1994.31
ETHUSDT,SELL,LIMIT,1701101822865,0.225,1998.63
ETHUSDT,BUY,LIMIT,1701101858789,0.207,2020.07
ETHUSDT,BUY,LIMIT,1701101899258,0.020,2020.73
ETHUSDT,BUY,LIMIT,1701101944359,0.358,2021.90
ETHUSDT,BUY,LIMIT,1701101946131,0.211,2022.06
ETHUSDT,BUY,LIMIT,1701101947495,0.930,2022.21
ETHUSDT,BUY,LIMIT,1701101982912,0.031,2022.73
ETHUSDT,SELL,LIMIT,1701102013569,0.549,2014.55
ETHUSDT,SELL,LIMIT,1701102045347,0.015,2001.93
ETHUSDT,BUY,LIMIT,1701102050389,0.424,2021.71
ETHUSDT,SELL,LIMIT,1701102078346,1.678,2001.01
ETHUSDT,SELL,LIMIT,1701102349640,0.519,1998.82
ETHUSDT,SELL,LIMIT,1701102528423,1.000,2002.81
ETHUSDT,BUY,LIMIT,1701102650477,0.043,2024.01
ETHUSDT,BUY,LIMIT,1701103476314,0.070,2023.77
ETHUSDT,BUY,LIMIT,1701103482980,5.522,2022.65
ETHUSDT,BUY,LIMIT,1701103484259,0.367,2024.89
ETHUSDT,BUY,LIMIT,1701103488455,0.091,2025.35
ETHUSDT,BUY,LIMIT,1701103510190,0.071,2025.52
ETHUSDT,BUY,LIMIT,1701103513414,5.087,2026.97
ETHUSDT,BUY,LIMIT,1701103524212,0.147,2028.01
ETHUSDT,BUY,LIMIT,1701103533151,0.014,2028.62
ETHUSDT,BUY,LIMIT,1701103534800,0.989,2029.44
ETHUSDT,BUY,LIMIT,1701103544014,1.003,2030.03
ETHUSDT,BUY,LIMIT,1701103546868,1.056,2030.42
ETHUSDT,BUY,LIMIT,1701103549227,0.341,2030.90
ETHUSDT,SELL,LIMIT,1701104396302,0.102,2011.55
ETHUSDT,BUY,LIMIT,1701104405342,0.143,2031.42
ETHUSDT,BUY,LIMIT,1701104730654,12.868,2031.54
ETHUSDT,BUY,LIMIT,1701104760817,0.013,2031.57
ETHUSDT,BUY,LIMIT,1701104794209,0.745,2032.16
ETHUSDT,BUY,LIMIT,1701104968458,0.026,2032.77
ETHUSDT,BUY,LIMIT,1701104995070,0.115,2033.72
ETHUSDT,BUY,LIMIT,1701105030391,0.059,2034.11
ETHUSDT,BUY,LIMIT,1701105042174,0.396,2033.99
ETHUSDT,BUY,LIMIT,1701105103191,0.200,2034.55
ETHUSDT,BUY,LIMIT,1701106299311,0.273,2032.56
ETHUSDT,SELL,LIMIT,1701107419580,0.025,2004.14
ETHUSDT,SELL,LIMIT,1701107455097,3.462,2003.65
ETHUSDT,SELL,LIMIT,1701107463213,0.102,2003.59
ETHUSDT,SELL,LIMIT,1701107470058,0.950,2002.99
ETHUSDT,SELL,LIMIT,1701107541296,0.032,2003.81
ETHUSDT,SELL,LIMIT,1701107674020,0.061,2002.27
ETHUSDT,SELL,LIMIT,1701107679481,0.592,2001.84
ETHUSDT,SELL,LIMIT,1701107681291,0.011,2001.78
ETHUSDT,SELL,LIMIT,1701107687005,1.040,2001.58
ETHUSDT,SELL,LIMIT,1701107727357,0.082,2001.38
ETHUSDT,SELL,LIMIT,1701107731191,2.392,2001.35
ETHUSDT,SELL,LIMIT,1701107733083,0.031,2001.05
ETHUSDT,SELL,LIMIT,1701107862313,1.500,2000.72
ETHUSDT,SELL,LIMIT,1701107876138,0.140,2000.08
ETHUSDT,SELL,LIMIT,1701107877283,6.160,1999.88
ETHUSDT,SELL,LIMIT,1701107879890,0.011,1999.24
ETHUSDT,SELL,LIMIT,1701107897219,0.977,1998.63
ETHUSDT,SELL,LIMIT,1701107903013,3.252,1998.55
ETHUSDT,SELL,LIMIT,1701110623261,0.011,2014.16
ETHUSDT,SELL,LIMIT,1701111057131,0.990,2028.87
ETHUSDT,SELL,LIMIT,1701111097048,1.694,2004.89
ETHUSDT,SELL,LIMIT,1701111191838,0.033,2015.49
ETHUSDT,SELL,LIMIT,1701111201642,0.707,2001.09
ETHUSDT,SELL,LIMIT,1701111220318,0.017,1999.94
ETHUSDT,SELL,LIMIT,1701111242133,0.247,1999.46
ETHUSDT,SELL,LIMIT,1701111569375,0.946,1998.52
ETHUSDT,SELL,LIMIT,1701111570414,0.049,1998.46
ETHUSDT,SELL,LIMIT,1701111571543,0.028,1997.85
ETHUSDT,SELL,LIMIT,1701111572713,0.106,1997.63
ETHUSDT,BUY,LIMIT,1701111840663,0.300,2019.37
ETHUSDT,SELL,LIMIT,1701111889883,5.000,1998.09
ETHUSDT,SELL,LIMIT,1701111921389,0.075,1997.11
ETHUSDT,SELL,LIMIT,1701111926196,1.586,1996.69
ETHUSDT,SELL,LIMIT,1701111927276,0.451,1996.75
ETHUSDT,SELL,LIMIT,1701111937676,4.933,1996.97
ETHUSDT,SELL,LIMIT,1701111969359,0.313,1996.40
ETHUSDT,SELL,LIMIT,1701111974501,0.194,1996.05
ETHUSDT,SELL,LIMIT,1701111977221,1.000,1995.84
ETHUSDT,SELL,LIMIT,1701112029111,4.551,1995.63
ETHUSDT,SELL,LIMIT,1701112055042,0.221,1994.42
ETHUSDT,SELL,LIMIT,1701112056297,0.585,1994.68
ETHUSDT,SELL,LIMIT,1701112080201,2.621,1994.01
ETHUSDT,SELL,LIMIT,1701112081200,2.110,1994.01
ETHUSDT,SELL,LIMIT,1701112082974,12.886,1993.31
ETHUSDT,SELL,LIMIT,1701112120295,3.716,1993.18
ETHUSDT,SELL,LIMIT,1701112124772,1.969,1992.98
ETHUSDT,SELL,LIMIT,1701112133734,5.000,1992.86
ETHUSDT,SELL,LIMIT,1701112136206,5.000,1992.75
ETHUSDT,SELL,LIMIT,1701112143030,0.065,1992.51
ETHUSDT,SELL,LIMIT,1701112178404,2.243,1991.96
ETHUSDT,SELL,LIMIT,1701112179449,5.472,1991.81
ETHUSDT,SELL,LIMIT,1701112189891,11.008,1991.78
ETHUSDT,SELL,LIMIT,1701112194715,0.946,1991.54
ETHUSDT,SELL,LIMIT,1701112204660,2.358,1991.43
ETHUSDT,SELL,LIMIT,1701112211106,0.479,1991.39
ETHUSDT,SELL,LIMIT,1701112212341,2.098,1991.37
ETHUSDT,SELL,LIMIT,1701112213743,0.333,1991.12
ETHUSDT,BUY,LIMIT,1701112261787,0.126,2014.04
ETHUSDT,SELL,LIMIT,1701113294187,0.248,2002.32
ETHUSDT,SELL,LIMIT,1701113297428,0.680,1998.61
ETHUSDT,SELL,LIMIT,1701114134716,1.141,1991.24
ETHUSDT,SELL,LIMIT,1701114139613,5.260,1990.98
ETHUSDT,SELL,LIMIT,1701114140777,3.045,1990.85
ETHUSDT,SELL,LIMIT,1701114142316,0.010,1990.60
ETHUSDT,SELL,LIMIT,1701114143922,4.155,1990.54
ETHUSDT,SELL,LIMIT,1701114145200,0.127,1990.51
ETHUSDT,SELL,LIMIT,1701114148539,0.015,1990.47
ETHUSDT,SELL,LIMIT,1701114154964,0.146,1990.44
ETHUSDT,SELL,LIMIT,1701114156292,0.122,1990.43
ETHUSDT,SELL,LIMIT,1701114158118,0.644,1990.41
ETHUSDT,SELL,LIMIT,1701114159907,7.107,1990.33
ETHUSDT,SELL,LIMIT,1701114160807,0.100,1990.10
ETHUSDT,SELL,LIMIT,1701114161628,0.017,1989.74
ETHUSDT,SELL,LIMIT,1701114162520,0.040,1989.28
ETHUSDT,SELL,LIMIT,1701114163344,33.240,1987.80
ETHUSDT,SELL,LIMIT,1701114164202,0.061,1986.50
ETHUSDT,SELL,LIMIT,1701114191124,0.877,1985.94
ETHUSDT,SELL,LIMIT,1701114193105,1.068,1985.61
ETHUSDT,SELL,LIMIT,1701114194112,0.051,1985.59
ETHUSDT,SELL,LIMIT,1701114197109,0.177,1985.38
ETHUSDT,SELL,LIMIT,1701114198384,0.209,1985.36
ETHUSDT,SELL,LIMIT,1701114205359,0.031,1985.42
ETHUSDT,SELL,LIMIT,1701114228095,6.890,1984.67
ETHUSDT,SELL,LIMIT,1701114229141,0.415,1983.97
ETHUSDT,SELL,LIMIT,1701114230224,0.054,1983.97
ETHUSDT,SELL,LIMIT,1701114232152,3.349,1983.61
ETHUSDT,SELL,LIMIT,1701114233110,0.998,1982.34
ETHUSDT,SELL,LIMIT,1701114234159,1.000,1981.93
ETHUSDT,SELL,LIMIT,1701114235200,0.246,1982.19
ETHUSDT,SELL,LIMIT,1701114236236,5.856,1981.87
ETHUSDT,SELL,LIMIT,1701114237261,5.000,1981.07
ETHUSDT,SELL,LIMIT,1701114238282,0.205,1980.16
ETHUSDT,SELL,LIMIT,1701114239403,0.751,1980.41
ETHUSDT,SELL,LIMIT,1701114265145,0.464,1980.31
ETHUSDT,SELL,LIMIT,1701114268569,0.452,1979.94
ETHUSDT,SELL,LIMIT,1701114275548,5.216,1978.90
ETHUSDT,SELL,LIMIT,1701114340724,2.555,1979.97
ETHUSDT,SELL,LIMIT,1701114342058,29.623,1979.29
ETHUSDT,SELL,LIMIT,1701114343100,1.564,1979.30
ETHUSDT,SELL,LIMIT,1701114352848,0.270,1979.95
ETHUSDT,SELL,LIMIT,1701114355054,26.525,1979.96
ETHUSDT,SELL,LIMIT,1701114356322,0.048,1979.80
ETHUSDT,SELL,LIMIT,1701114357830,0.012,1979.76
ETHUSDT,SELL,LIMIT,1701114455283,0.148,1981.89
ETHUSDT,SELL,LIMIT,1701114462271,0.433,1982.98
ETHUSDT,SELL,LIMIT,1701114466184,1.546,1980.57
ETHUSDT,SELL,LIMIT,1701114468449,11.010,1980.15
ETHUSDT,SELL,LIMIT,1701114470497,31.365,1980.01
ETHUSDT,SELL,LIMIT,1701114472743,3.046,1979.82
ETHUSDT,SELL,LIMIT,1701114474797,0.259,1979.69
ETHUSDT,SELL,LIMIT,1701114475979,4.000,1978.90
ETHUSDT,SELL,LIMIT,1701114477089,0.083,1983.19
ETHUSDT,SELL,LIMIT,1701114479622,0.264,1978.97
ETHUSDT,SELL,LIMIT,1701114487867,0.518,1978.72
ETHUSDT,SELL,LIMIT,1701114489136,0.192,1978.36
ETHUSDT,SELL,LIMIT,1701114490176,0.918,1978.13
ETHUSDT,SELL,LIMIT,1701114491256,0.659,1977.94
ETHUSDT,SELL,LIMIT,1701114492277,2.588,1977.28
ETHUSDT,SELL,LIMIT,1701114493806,1.041,1977.05
ETHUSDT,SELL,LIMIT,1701114494981,0.100,1976.91
ETHUSDT,SELL,LIMIT,1701114496064,0.024,1976.36
ETHUSDT,SELL,LIMIT,1701114497141,0.309,1976.40
ETHUSDT,SELL,LIMIT,1701114499377,5.193,1976.31
ETHUSDT,SELL,LIMIT,1701114500676,0.095,1976.25
ETHUSDT,SELL,LIMIT,1701114529992,3.196,1976.85
ETHUSDT,SELL,LIMIT,1701114532201,2.000,1977.05
ETHUSDT,SELL,LIMIT,1701114567912,0.056,1976.27
ETHUSDT,SELL,LIMIT,1701114568923,51.885,1976.12
ETHUSDT,SELL,LIMIT,1701114570062,0.903,1976.13
ETHUSDT,SELL,LIMIT,1701114571204,0.028,1975.62
ETHUSDT,SELL,LIMIT,1701114572338,0.212,1975.93
ETHUSDT,BUY,LIMIT,1701114701377,0.510,1995.38
ETHUSDT,BUY,LIMIT,1701115312453,0.018,2007.03
ETHUSDT,SELL,LIMIT,1701115594226,0.500,1977.91
ETHUSDT,SELL,LIMIT,1701115598466,1.831,1977.36
ETHUSDT,SELL,LIMIT,1701116697362,0.061,1986.94
ETHUSDT,SELL,LIMIT,1701116724035,49.399,1986.51
ETHUSDT,SELL,LIMIT,1701116768115,44.976,1984.97
ETHUSDT,SELL,LIMIT,1701116830192,0.741,1982.62
ETHUSDT,SELL,LIMIT,1701116901840,1.160,1980.78
ETHUSDT,SELL,LIMIT,1701117174271,5.000,1981.59
ETHUSDT,SELL,LIMIT,1701117268959,0.740,1983.44
ETHUSDT,SELL,LIMIT,1701117453760,0.027,1983.34
ETHUSDT,SELL,LIMIT,1701117538344,0.201,1984.67
ETHUSDT,BUY,LIMIT,1701118292332,0.043,2006.92
ETHUSDT,BUY,LIMIT,1701119128418,0.014,2008.66
ETHUSDT,BUY,LIMIT,1701119153044,0.116,2010.04
ETHUSDT,BUY,LIMIT,1701119154200,0.492,2010.31
ETHUSDT,BUY,LIMIT,1701119161289,6.044,2010.95
ETHUSDT,BUY,LIMIT,1701119163035,0.025,2010.99
ETHUSDT,BUY,LIMIT,1701119172690,0.452,2011.26
ETHUSDT,BUY,LIMIT,1701119174965,0.373,2011.45
ETHUSDT,BUY,LIMIT,1701119319408,0.398,2012.04
ETHUSDT,BUY,LIMIT,1701119322698,1.305,2012.76
ETHUSDT,BUY,LIMIT,1701119325887,0.024,2013.04
ETHUSDT,BUY,LIMIT,1701119434106,1.680,2013.94
ETHUSDT,BUY,LIMIT,1701119435422,1.780,2014.13
ETHUSDT,BUY,LIMIT,1701119441143,0.193,2014.77
ETHUSDT,BUY,LIMIT,1701119442343,0.780,2015.05
ETHUSDT,BUY,LIMIT,1701119507426,11.328,2015.36
ETHUSDT,BUY,LIMIT,1701119533999,3.958,2015.76
ETHUSDT,BUY,LIMIT,1701119536072,0.011,2016.04
ETHUSDT,BUY,LIMIT,1701119538914,0.459,2016.18
ETHUSDT,BUY,LIMIT,1701119550359,3.451,2016.57
ETHUSDT,BUY,LIMIT,1701119773528,2.000,2017.20
ETHUSDT,BUY,LIMIT,1701119918951,0.285,2018.31
ETHUSDT,BUY,LIMIT,1701119922229,0.103,2018.59
ETHUSDT,BUY,LIMIT,1701119979567,37.685,2018.97
ETHUSDT,BUY,LIMIT,1701119981940,5.000,2019.09
ETHUSDT,BUY,LIMIT,1701120278684,0.162,2019.21
ETHUSDT,BUY,LIMIT,1701120385225,0.023,2019.52
ETHUSDT,BUY,LIMIT,1701120420463,30.057,2019.85
ETHUSDT,BUY,LIMIT,1701120605323,1.645,2021.08
ETHUSDT,BUY,LIMIT,1701120610287,63.997,2022.06
ETHUSDT,BUY,LIMIT,1701120669379,0.039,2022.47
ETHUSDT,BUY,LIMIT,1701120723393,0.064,2023.42
ETHUSDT,BUY,LIMIT,1701120774906,0.593,2023.56
ETHUSDT,BUY,LIMIT,1701120784374,0.032,2024.31
ETHUSDT,BUY,LIMIT,1701120814453,0.313,2024.49
ETHUSDT,BUY,LIMIT,1701120815689,0.046,2024.96
ETHUSDT,BUY,LIMIT,1701120818194,0.828,2025.63
ETHUSDT,BUY,LIMIT,1701120824541,2.109,2026.00
ETHUSDT,BUY,LIMIT,1701120905668,0.030,2026.38
ETHUSDT,BUY,LIMIT,1701120923713,9.404,2026.69
ETHUSDT,BUY,LIMIT,1701120925123,2.019,2026.88
ETHUSDT,BUY,LIMIT,1701120934470,0.484,2027.52
ETHUSDT,BUY,LIMIT,1701120970263,0.161,2028.23
ETHUSDT,BUY,LIMIT,1701120986941,0.060,2028.85
ETHUSDT,BUY,LIMIT,1701121031797,0.012,2029.16
ETHUSDT,BUY,LIMIT,1701121035864,6.884,2029.31
ETHUSDT,SELL,LIMIT,1701121738756,0.157,2004.65
ETHUSDT,SELL,LIMIT,1701122231118,0.147,2008.75
ETHUSDT,BUY,LIMIT,1701122263194,0.255,2020.10
ETHUSDT,BUY,LIMIT,1701123169069,1.926,2023.02
ETHUSDT,BUY,LIMIT,1701123579991,0.330,2023.23
ETHUSDT,BUY,LIMIT,1701125681133,0.045,2029.73
ETHUSDT,BUY,LIMIT,1701125791402,0.205,2030.46
ETHUSDT,BUY,LIMIT,1701125794032,1.275,2031.18
ETHUSDT,BUY,LIMIT,1701125829079,0.051,2031.30
ETHUSDT,BUY,LIMIT,1701125835679,0.486,2031.34
ETHUSDT,BUY,LIMIT,1701125837032,1.073,2031.42
ETHUSDT,BUY,LIMIT,1701125839162,4.284,2031.49
ETHUSDT,BUY,LIMIT,1701125844110,0.075,2031.54
ETHUSDT,BUY,LIMIT,1701125845661,0.187,2031.55
ETHUSDT,BUY,LIMIT,1701125861624,0.282,2031.74
ETHUSDT,BUY,LIMIT,1701125869893,24.541,2031.78
ETHUSDT,BUY,LIMIT,1701125891792,0.148,2031.83
ETHUSDT,BUY,LIMIT,1701125919027,1.268,2031.89
ETHUSDT,BUY,LIMIT,1701125922198,3.600,2032.07
ETHUSDT,BUY,LIMIT,1701125937337,0.025,2032.53
ETHUSDT,BUY,LIMIT,1701126095848,0.059,2033.14
ETHUSDT,BUY,LIMIT,1701126097223,5.049,2033.43
ETHUSDT,BUY,LIMIT,1701126098419,0.153,2033.48
ETHUSDT,BUY,LIMIT,1701126099572,0.981,2034.16
ETHUSDT,BUY,LIMIT,1701126134589,2.001,2034.38
ETHUSDT,BUY,LIMIT,1701126148902,1.153,2034.48
ETHUSDT,BUY,LIMIT,1701126153575,5.426,2034.65
ETHUSDT,BUY,LIMIT,1701126166482,3.424,2034.88
ETHUSDT,BUY,LIMIT,1701126616130,0.680,2034.36
ETHUSDT,BUY,LIMIT,1701126640530,0.038,2035.00
ETHUSDT,BUY,LIMIT,1701126642720,0.235,2035.05
ETHUSDT,BUY,LIMIT,1701126648636,15.973,2035.43
ETHUSDT,BUY,LIMIT,1701126655841,0.476,2035.64
ETHUSDT,BUY,LIMIT,1701126834420,0.156,2035.10
ETHUSDT,BUY,LIMIT,1701126972657,11.873,2035.82
ETHUSDT,BUY,LIMIT,1701127026137,0.041,2036.00
ETHUSDT,BUY,LIMIT,1701127046717,1.500,2036.20
ETHUSDT,BUY,LIMIT,1701127050969,0.316,2036.39
ETHUSDT,BUY,LIMIT,1701127386498,0.024,2035.72
ETHUSDT,BUY,LIMIT,1701127480071,2.000,2035.73
ETHUSDT,BUY,LIMIT,1701127481272,0.051,2036.53
ETHUSDT,BUY,LIMIT,1701127488170,2.483,2037.15
ETHUSDT,BUY,LIMIT,1701127490906,0.433,2037.69
ETHUSDT,BUY,LIMIT,1701127492446,0.248,2037.95
ETHUSDT,BUY,LIMIT,1701127494544,4.278,2038.06
ETHUSDT,BUY,LIMIT,1701127499488,0.939,2037.86
ETHUSDT,BUY,LIMIT,1701127501890,2.761,2037.91
ETHUSDT,BUY,LIMIT,1701128016203,42.373,2038.26
ETHUSDT,BUY,LIMIT,1701128017469,0.092,2038.42
ETHUSDT,BUY,LIMIT,1701128049206,0.098,2038.45
ETHUSDT,BUY,LIMIT,1701128087326,0.061,2038.66
ETHUSDT,BUY,LIMIT,1701128285918,0.081,2039.12
ETHUSDT,BUY,LIMIT,1701128354667,0.102,2039.34
ETHUSDT,BUY,LIMIT,1701128427820,5.771,2039.61
ETHUSDT,BUY,LIMIT,1701128439086,0.210,2039.73
ETHUSDT,BUY,LIMIT,1701128489266,0.073,2039.87
ETHUSDT,BUY,LIMIT,1701128507037,1.974,2039.90
ETHUSDT,BUY,LIMIT,1701130936998,0.192,2040.37
ETHUSDT,BUY,LIMIT,1701130944223,2.761,2040.47
ETHUSDT,BUY,LIMIT,1701130958315,0.107,2040.63
ETHUSDT,BUY,LIMIT,1701130963531,0.674,2040.81
ETHUSDT,BUY,LIMIT,1701130964832,0.500,2041.24
ETHUSDT,BUY,LIMIT,1701130968169,0.200,2041.84
ETHUSDT,BUY,LIMIT,1701130970122,0.258,2042.44
ETHUSDT,BUY,LIMIT,1701130975237,0.116,2042.50
ETHUSDT,BUY,LIMIT,1701130979676,0.102,2043.01
ETHUSDT,BUY,LIMIT,1701130982052,1.770,2043.16
ETHUSDT,BUY,LIMIT,1701130983789,0.319,2043.18
ETHUSDT,BUY,LIMIT,1701130985097,0.023,2043.24
ETHUSDT,BUY,LIMIT,1701131062676,0.088,2043.76
ETHUSDT,BUY,LIMIT,1701131455196,0.297,2044.19
ETHUSDT,BUY,LIMIT,1701131456794,0.471,2044.39
ETHUSDT,BUY,LIMIT,1701131462227,2.950,2044.74
ETHUSDT,BUY,LIMIT,1701131464535,3.043,2045.91
ETHUSDT,BUY,LIMIT,1701131533191,0.153,2045.87
ETHUSDT,BUY,LIMIT,1701131564283,7.000,2045.99
ETHUSDT,BUY,LIMIT,1701131568418,49.332,2046.24
ETHUSDT,BUY,LIMIT,1701131588619,2.604,2046.45
ETHUSDT,BUY,LIMIT,1701131591103,0.017,2046.50
ETHUSDT,BUY,LIMIT,1701131690592,0.696,2046.64
ETHUSDT,BUY,LIMIT,1701131693598,0.100,2046.68
ETHUSDT,BUY,LIMIT,1701131698147,0.600,2046.84
ETHUSDT,BUY,LIMIT,1701131699182,5.947,2046.93
ETHUSDT,BUY,LIMIT,1701131728511,2.960,2047.06
ETHUSDT,BUY,LIMIT,1701131857400,4.407,2046.89
ETHUSDT,BUY,LIMIT,1701131865062,0.022,2047.17
ETHUSDT,BUY,LIMIT,1701131869387,2.942,2047.19
ETHUSDT,BUY,LIMIT,1701131875519,0.500,2047.26
ETHUSDT,BUY,LIMIT,1701131878671,24.658,2047.31
ETHUSDT,BUY,LIMIT,1701131880255,6.531,2047.45
ETHUSDT,BUY,LIMIT,1701131886601,0.426,2047.75
ETHUSDT,BUY,LIMIT,1701131888098,0.067,2047.83
ETHUSDT,BUY,LIMIT,1701131892081,27.568,2047.85
ETHUSDT,BUY,LIMIT,1701131893175,0.051,2047.95
ETHUSDT,BUY,LIMIT,1701131900484,0.288,2048.20
ETHUSDT,BUY,LIMIT,1701131902042,0.687,2048.67
ETHUSDT,BUY,LIMIT,1701131904279,49.758,2048.87
ETHUSDT,BUY,LIMIT,1701131913297,7.755,2048.96
ETHUSDT,BUY,LIMIT,1701131925809,24.631,2049.58
ETHUSDT,BUY,LIMIT,1701131939702,0.258,2049.89
ETHUSDT,BUY,LIMIT,1701131942700,0.233,2050.29
ETHUSDT,BUY,LIMIT,1701131943903,0.098,2050.52
ETHUSDT,BUY,LIMIT,1701131944996,0.828,2050.57
ETHUSDT,BUY,LIMIT,1701131948675,0.152,2050.69
ETHUSDT,SELL,LIMIT,1701134178840,0.101,2019.86
ETHUSDT,SELL,LIMIT,1701134246302,0.970,2017.69
ETHUSDT,SELL,LIMIT,1701134271096,0.064,2016.73
ETHUSDT,SELL,LIMIT,1701134273156,1.336,2016.64
ETHUSDT,SELL,LIMIT,1701134652549,0.608,2016.35
ETHUSDT,SELL,LIMIT,1701134656182,0.738,2016.15
ETHUSDT,SELL,LIMIT,1701134668787,0.239,2015.44
ETHUSDT,SELL,LIMIT,1701134775559,0.319,2015.29
ETHUSDT,SELL,LIMIT,1701135785633,0.251,2016.49
ETHUSDT,SELL,LIMIT,1701136928153,2.131,2014.18
ETHUSDT,SELL,LIMIT,1701137023166,0.988,2013.53
ETHUSDT,SELL,LIMIT,1701137201432,0.365,2012.46
ETHUSDT,SELL,LIMIT,1701137215075,1.467,2011.53
ETHUSDT,SELL,LIMIT,1701137216451,0.458,2016.93
ETHUSDT,SELL,LIMIT,1701137272218,2.043,2011.07
ETHUSDT,SELL,LIMIT,1701137409160,2.605,2010.69
ETHUSDT,SELL,LIMIT,1701137432025,0.523,2010.40
ETHUSDT,SELL,LIMIT,1701137439575,14.875,2010.28
ETHUSDT,SELL,LIMIT,1701138496659,17.208,2016.18
ETHUSDT,SELL,LIMIT,1701138833268,0.010,2013.79
ETHUSDT,BUY,LIMIT,1701142226734,0.038,2039.88
ETHUSDT,BUY,LIMIT,1701142238207,44.520,2041.13
ETHUSDT,BUY,LIMIT,1701142241207,0.406,2041.51
ETHUSDT,SELL,LIMIT,1701144581074,0.123,2020.03
ETHUSDT,SELL,LIMIT,1701146031652,0.416,2012.50
ETHUSDT,SELL,LIMIT,1701146786362,0.915,2011.30
ETHUSDT,SELL,LIMIT,1701146836945,0.143,2010.60
ETHUSDT,SELL,LIMIT,1701146914564,0.220,2010.23
ETHUSDT,SELL,LIMIT,1701146916533,5.097,2010.25
ETHUSDT,SELL,LIMIT,1701146964383,0.272,2009.26
ETHUSDT,SELL,LIMIT,1701147055028,0.132,2009.21
ETHUSDT,SELL,LIMIT,1701147056155,0.432,2008.94
ETHUSDT,SELL,LIMIT,1701147081326,0.516,2009.17
ETHUSDT,SELL,LIMIT,1701147195434,1.121,2008.79
ETHUSDT,SELL,LIMIT,1701147199737,0.147,2008.69
ETHUSDT,SELL,LIMIT,1701147251136,0.230,2008.58
ETHUSDT,SELL,LIMIT,1701147291095,0.010,2008.03
ETHUSDT,SELL,LIMIT,1701147292341,0.035,2008.08
ETHUSDT,SELL,LIMIT,1701147850055,0.251,2007.41
ETHUSDT,SELL,LIMIT,1701147851176,4.652,2007.39
ETHUSDT,SELL,LIMIT,1701147860231,0.016,2007.33
ETHUSDT,SELL,LIMIT,1701147862234,0.560,2007.33
ETHUSDT,SELL,LIMIT,1701147865007,22.527,2007.31
ETHUSDT,SELL,LIMIT,1701147868867,1.874,2007.25
ETHUSDT,SELL,LIMIT,1701147873495,0.024,2007.15
ETHUSDT,SELL,LIMIT,1701147874646,0.377,2006.98
ETHUSDT,SELL,LIMIT,1701147875874,0.128,2006.71
ETHUSDT,SELL,LIMIT,1701147877451,0.494,2006.56
ETHUSDT,SELL,LIMIT,1701147892612,0.648,2006.41
ETHUSDT,SELL,LIMIT,1701147895477,0.013,2006.37
ETHUSDT,SELL,LIMIT,1701147922218,2.546,2006.09
ETHUSDT,SELL,LIMIT,1701147923696,0.014,2006.02
ETHUSDT,SELL,LIMIT,1701147926442,0.010,2005.69
ETHUSDT,SELL,LIMIT,1701147927829,1.000,2005.57
ETHUSDT,SELL,LIMIT,1701148005053,0.049,2005.16
ETHUSDT,SELL,LIMIT,1701148006190,0.010,2005.26
ETHUSDT,SELL,LIMIT,1701148008042,1.995,2004.90
ETHUSDT,SELL,LIMIT,1701148008909,0.032,2003.56
ETHUSDT,SELL,LIMIT,1701148131824,0.147,2001.82
ETHUSDT,SELL,LIMIT,1701148133758,3.352,2001.52
ETHUSDT,SELL,LIMIT,1701148135704,0.217,2001.19
ETHUSDT,SELL,LIMIT,1701148217463,9.844,2001.69
ETHUSDT,SELL,LIMIT,1701148220575,0.108,2001.07
ETHUSDT,SELL,LIMIT,1701148236827,0.120,2002.37
ETHUSDT,SELL,LIMIT,1701148239215,1.121,2000.43
ETHUSDT,SELL,LIMIT,1701148245617,0.153,1999.98
ETHUSDT,SELL,LIMIT,1701148247028,4.037,1999.86
ETHUSDT,SELL,LIMIT,1701148259804,3.793,1999.40
ETHUSDT,SELL,LIMIT,1701148261686,0.510,1999.28
ETHUSDT,SELL,LIMIT,1701148317174,0.012,1999.07
ETHUSDT,SELL,LIMIT,1701148527676,0.392,1998.86
ETHUSDT,SELL,LIMIT,1701148528696,2.052,1998.28
ETHUSDT,SELL,LIMIT,1701148534156,0.276,1997.92
ETHUSDT,SELL,LIMIT,1701148537111,0.534,1997.75
ETHUSDT,SELL,LIMIT,1701148538137,0.307,1997.71
ETHUSDT,SELL,LIMIT,1701148566291,0.252,1999.03
ETHUSDT,SELL,LIMIT,1701148937463,0.400,1997.15
ETHUSDT,SELL,LIMIT,1701148968968,2.475,1997.18
ETHUSDT,SELL,LIMIT,1701148981638,0.003,1996.57
ETHUSDT,SELL,LIMIT,1701149054181,0.032,1996.50
ETHUSDT,SELL,LIMIT,1701149095033,0.020,1996.73
ETHUSDT,SELL,LIMIT,1701149109131,0.169,1996.11
ETHUSDT,SELL,LIMIT,1701149111485,5.679,1996.17
ETHUSDT,SELL,LIMIT,1701149133356,13.624,1995.97
ETHUSDT,SELL,LIMIT,1701149137033,0.021,1995.74
ETHUSDT,SELL,LIMIT,1701149624804,7.353,1996.12
ETHUSDT,SELL,LIMIT,1701149690680,0.441,1996.20
ETHUSDT,SELL,LIMIT,1701149692678,0.394,1995.35
ETHUSDT,SELL,LIMIT,1701149708570,0.723,1995.29
ETHUSDT,SELL,LIMIT,1701149724290,1.139,1995.22
ETHUSDT,SELL,LIMIT,1701149771446,0.100,1995.15
ETHUSDT,SELL,LIMIT,1701149773133,0.992,1999.33
ETHUSDT,SELL,LIMIT,1701149822094,0.049,1994.24
ETHUSDT,SELL,LIMIT,1701149823613,0.013,1994.23
ETHUSDT,SELL,LIMIT,1701149829473,0.150,1993.92
ETHUSDT,SELL,LIMIT,1701149835067,0.363,1993.83
ETHUSDT,SELL,LIMIT,1701149845896,0.384,1995.25
ETHUSDT,SELL,LIMIT,1701149847054,0.120,1993.64
ETHUSDT,SELL,LIMIT,1701149850417,0.919,1993.60
ETHUSDT,SELL,LIMIT,1701149854134,1.483,1993.37
ETHUSDT,SELL,LIMIT,1701149879946,2.941,1993.31
ETHUSDT,SELL,LIMIT,1701149883235,1.368,1992.87
ETHUSDT,SELL,LIMIT,1701149889054,0.045,1992.24
ETHUSDT,SELL,LIMIT,1701149890221,0.054,1992.16
ETHUSDT,SELL,LIMIT,1701149891288,0.062,1992.07
ETHUSDT,SELL,LIMIT,1701149893625,0.491,1991.91
ETHUSDT,SELL,LIMIT,1701149895427,0.051,1991.71
ETHUSDT,SELL,LIMIT,1701150519155,0.450,1990.94
ETHUSDT,SELL,LIMIT,1701150520313,14.732,1990.74
ETHUSDT,SELL,LIMIT,1701150537983,0.079,1990.61
ETHUSDT,SELL,LIMIT,1701150542833,931.467,1981.62
ETHUSDT,SELL,LIMIT,1701150578727,0.516,1990.31
ETHUSDT,SELL,LIMIT,1701150602388,0.249,1990.10
ETHUSDT,SELL,LIMIT,1701150610441,4.295,1989.89
ETHUSDT,SELL,LIMIT,1701150670038,0.100,1989.25
ETHUSDT,SELL,LIMIT,1701150679270,0.462,1989.09
ETHUSDT,SELL,LIMIT,1701150681095,1.005,1988.90
ETHUSDT,SELL,LIMIT,1701150889422,0.908,1988.54
ETHUSDT,SELL,LIMIT,1701151103305,0.996,1988.33
ETHUSDT,SELL,LIMIT,1701151104332,7.240,1988.30
ETHUSDT,SELL,LIMIT,1701151108188,2.203,1988.14
ETHUSDT,SELL,LIMIT,1701151140064,0.819,1988.03
ETHUSDT,SELL,LIMIT,1701151141268,2.403,1987.87
ETHUSDT,SELL,LIMIT,1701151205105,0.008,1987.42
ETHUSDT,SELL,LIMIT,1701151212531,0.075,1987.08
ETHUSDT,SELL,LIMIT,1701151219095,1.943,1987.00
ETHUSDT,SELL,LIMIT,1701151231213,3.393,1986.87
ETHUSDT,SELL,LIMIT,1701151232341,1.694,1986.77
ETHUSDT,SELL,LIMIT,1701151233375,0.165,1986.77
ETHUSDT,SELL,LIMIT,1701151236488,2.130,1986.63
ETHUSDT,SELL,LIMIT,1701151252425,13.606,1986.58
ETHUSDT,SELL,LIMIT,1701151256152,0.672,1986.47
ETHUSDT,SELL,LIMIT,1701151259020,0.109,1986.45
ETHUSDT,SELL,LIMIT,1701151261279,0.055,1986.38
ETHUSDT,SELL,LIMIT,1701151263536,0.811,1986.30
ETHUSDT,SELL,LIMIT,1701151264704,0.234,1986.24
ETHUSDT,SELL,LIMIT,1701151267658,0.287,1986.19
ETHUSDT,SELL,LIMIT,1701151269083,0.040,1986.10
ETHUSDT,SELL,LIMIT,1701151270763,0.200,1986.09
ETHUSDT,SELL,LIMIT,1701151585213,0.355,1985.98
ETHUSDT,SELL,LIMIT,1701151623859,0.019,1985.72
ETHUSDT,SELL,LIMIT,1701151625120,2.000,1985.60
ETHUSDT,SELL,LIMIT,1701151627062,1.030,1985.42
ETHUSDT,SELL,LIMIT,1701151629444,3.777,1985.36
ETHUSDT,BUY,LIMIT,1701152288695,0.143,2017.39
ETHUSDT,BUY,LIMIT,1701152304133,1.501,2017.58
ETHUSDT,BUY,LIMIT,1701152310290,0.750,2018.08
ETHUSDT,BUY,LIMIT,1701152360150,41.268,2019.60
ETHUSDT,BUY,LIMIT,1701152361263,0.697,2019.76
ETHUSDT,BUY,LIMIT,1701152395726,30.258,2020.42
ETHUSDT,BUY,LIMIT,1701153276193,0.228,2021.89
ETHUSDT,BUY,LIMIT,1701153280890,1.246,2022.43
ETHUSDT,BUY,LIMIT,1701153305650,0.487,2023.32
ETHUSDT,BUY,LIMIT,1701153368459,0.700,2024.46
ETHUSDT,BUY,LIMIT,1701154373434,3.583,2018.69
ETHUSDT,BUY,LIMIT,1701154714788,1.000,2023.92
ETHUSDT,BUY,LIMIT,1701154717295,0.011,2022.50
ETHUSDT,SELL,LIMIT,1701155300714,0.226,2012.46
ETHUSDT,SELL,LIMIT,1701155348162,0.010,2002.97
ETHUSDT,SELL,LIMIT,1701155582240,0.012,1999.95
ETHUSDT,BUY,LIMIT,1701155652122,0.010,2018.53
ETHUSDT,SELL,LIMIT,1701155668967,0.421,1998.89
ETHUSDT,SELL,LIMIT,1701156452407,28.309,1994.59
ETHUSDT,SELL,LIMIT,1701156474057,0.754,1993.83
ETHUSDT,SELL,LIMIT,1701156479398,0.473,1993.71
ETHUSDT,SELL,LIMIT,1701156488471,0.291,1993.63
ETHUSDT,SELL,LIMIT,1701156505460,0.058,1993.54
ETHUSDT,SELL,LIMIT,1701156509803,1.170,2002.33
ETHUSDT,SELL,LIMIT,1701156514788,0.447,1992.94
ETHUSDT,SELL,LIMIT,1701156516367,1.244,1992.79
ETHUSDT,SELL,LIMIT,1701156527453,0.062,1993.14
ETHUSDT,SELL,LIMIT,1701156533537,0.030,1995.33
ETHUSDT,SELL,LIMIT,1701157026190,0.010,2005.52
ETHUSDT,SELL,LIMIT,1701157047546,0.444,1995.98
ETHUSDT,BUY,LIMIT,1701157889446,0.322,2021.85
ETHUSDT,BUY,LIMIT,1701158006196,0.600,2023.16
ETHUSDT,BUY,LIMIT,1701158020613,0.835,2023.58
ETHUSDT,BUY,LIMIT,1701158033174,5.387,2023.89
ETHUSDT,BUY,LIMIT,1701158037190,0.024,2024.40
ETHUSDT,BUY,LIMIT,1701158038969,0.155,2024.69
ETHUSDT,BUY,LIMIT,1701158041822,4.527,2024.79
ETHUSDT,BUY,LIMIT,1701158055306,0.741,2025.35
ETHUSDT,BUY,LIMIT,1701158099342,2.578,2025.49
ETHUSDT,BUY,LIMIT,1701158117320,0.061,2025.71
ETHUSDT,BUY,LIMIT,1701158118623,0.328,2026.06
ETHUSDT,BUY,LIMIT,1701158139146,3.607,2026.72
ETHUSDT,SELL,LIMIT,1701159409710,0.050,1997.65
ETHUSDT,SELL,LIMIT,1701161373492,7.472,1996.65
ETHUSDT,SELL,LIMIT,1701161405198,0.156,1996.17
ETHUSDT,SELL,LIMIT,1701161528085,15.662,1995.76
ETHUSDT,BUY,LIMIT,1701163042029,0.280,2022.45
ETHUSDT,BUY,LIMIT,1701164104342,0.067,2025.26
ETHUSDT,BUY,LIMIT,1701164229068,0.118,2027.23
ETHUSDT,BUY,LIMIT,1701164293756,0.418,2027.31
ETHUSDT,BUY,LIMIT,1701164296510,1.049,2027.59
ETHUSDT,BUY,LIMIT,1701164304172,0.353,2027.69
ETHUSDT,BUY,LIMIT,1701164330467,0.664,2027.84
ETHUSDT,BUY,LIMIT,1701164400463,0.672,2028.43
ETHUSDT,BUY,LIMIT,1701164438248,6.105,2028.81
ETHUSDT,BUY,LIMIT,1701164485557,0.173,2028.88
ETHUSDT,BUY,LIMIT,1701164486832,0.445,2028.92
ETHUSDT,BUY,LIMIT,1701164539824,0.497,2028.63
ETHUSDT,BUY,LIMIT,1701164574553,1.280,2029.09
ETHUSDT,BUY,LIMIT,1701164578109,0.016,2029.21
ETHUSDT,BUY,LIMIT,1701164587996,2.000,2029.30
ETHUSDT,BUY,LIMIT,1701165002861,0.200,2029.82
ETHUSDT,BUY,LIMIT,1701165008917,0.061,2029.89
ETHUSDT,BUY,LIMIT,1701165010363,0.178,2030.70
ETHUSDT,BUY,LIMIT,1701168147976,0.485,2027.52
ETHUSDT,BUY,LIMIT,1701169159488,1.595,2030.79
ETHUSDT,BUY,LIMIT,1701169204278,0.045,2031.08
ETHUSDT,BUY,LIMIT,1701169206067,1.271,2031.16
ETHUSDT,BUY,LIMIT,1701169218342,1.253,2031.51
ETHUSDT,BUY,LIMIT,1701169229199,0.366,2032.12
ETHUSDT,BUY,LIMIT,1701170236532,0.087,2031.05
ETHUSDT,BUY,LIMIT,1701170314387,0.209,2031.37
ETHUSDT,BUY,LIMIT,1701170484437,0.022,2033.18
ETHUSDT,BUY,LIMIT,1701170489652,0.138,2033.42
ETHUSDT,BUY,LIMIT,1701170597076,0.145,2033.61
ETHUSDT,BUY,LIMIT,1701170600094,0.064,2033.71
ETHUSDT,BUY,LIMIT,1701170601978,7.500,2033.87
ETHUSDT,BUY,LIMIT,1701170607718,0.878,2034.16
ETHUSDT,BUY,LIMIT,1701170623194,4.117,2034.48
ETHUSDT,BUY,LIMIT,1701170624336,0.674,2034.66
ETHUSDT,BUY,LIMIT,1701170717778,1.354,2034.94
ETHUSDT,BUY,LIMIT,1701170721407,2.481,2034.97
ETHUSDT,BUY,LIMIT,1701170727187,1.257,2035.09
ETHUSDT,BUY,LIMIT,1701170768079,0.793,2034.41
ETHUSDT,SELL,LIMIT,1701170999125,0.050,2022.20
ETHUSDT,BUY,LIMIT,1701171031089,5.830,2034.13
ETHUSDT,BUY,LIMIT,1701171047264,0.001,2035.08
ETHUSDT,BUY,LIMIT,1701171140514,0.136,2035.78
ETHUSDT,BUY,LIMIT,1701171141680,0.081,2035.98
ETHUSDT,BUY,LIMIT,1701171142816,0.100,2036.77
ETHUSDT,BUY,LIMIT,1701171146011,1.081,2036.95
ETHUSDT,BUY,LIMIT,1701172073110,1.275,2035.43
ETHUSDT,BUY,LIMIT,1701172265697,0.011,2037.03
ETHUSDT,BUY,LIMIT,1701172385426,1.857,2036.72
ETHUSDT,BUY,LIMIT,1701172391181,0.500,2037.28
ETHUSDT,BUY,LIMIT,1701172450043,0.167,2037.44
ETHUSDT,BUY,LIMIT,1701172459007,17.383,2037.62
ETHUSDT,BUY,LIMIT,1701172460384,0.070,2037.94
ETHUSDT,BUY,LIMIT,1701172461511,0.430,2038.00
ETHUSDT,BUY,LIMIT,1701172490086,25.408,2038.12
ETHUSDT,BUY,LIMIT,1701172528865,0.382,2038.37
ETHUSDT,BUY,LIMIT,1701172533789,0.490,2038.59
ETHUSDT,BUY,LIMIT,1701172535048,0.928,2038.89
ETHUSDT,BUY,LIMIT,1701172590340,23.777,2039.04
ETHUSDT,SELL,LIMIT,1701174546260,0.094,2014.68
ETHUSDT,SELL,LIMIT,1701174563971,0.525,2015.62
ETHUSDT,BUY,LIMIT,1701178017189,0.024,2038.68
ETHUSDT,BUY,LIMIT,1701178207059,33.672,2039.30
ETHUSDT,BUY,LIMIT,1701178215391,0.390,2039.58
ETHUSDT,BUY,LIMIT,1701178264271,0.198,2039.98
ETHUSDT,BUY,LIMIT,1701178271114,3.711,2040.57
ETHUSDT,BUY,LIMIT,1701178279867,2.003,2041.22
ETHUSDT,BUY,LIMIT,1701178287077,4.954,2041.41
ETHUSDT,BUY,LIMIT,1701178288286,0.615,2041.47
ETHUSDT,BUY,LIMIT,1701178297094,0.089,2041.54
ETHUSDT,BUY,LIMIT,1701178322745,0.400,2041.66
ETHUSDT,BUY,LIMIT,1701178331163,0.163,2041.78
ETHUSDT,BUY,LIMIT,1701178332294,0.033,2041.77
ETHUSDT,BUY,LIMIT,1701178333323,1.639,2041.95
ETHUSDT,BUY,LIMIT,1701178343060,1.023,2042.44
ETHUSDT,BUY,LIMIT,1701178345212,4.364,2042.53
ETHUSDT,BUY,LIMIT,1701178346256,0.536,2042.52
ETHUSDT,BUY,LIMIT,1701178347315,0.016,2042.64
ETHUSDT,BUY,LIMIT,1701178353055,15.000,2042.84
ETHUSDT,BUY,LIMIT,1701178354311,0.118,2042.98
ETHUSDT,BUY,LIMIT,1701178355965,0.185,2042.99
ETHUSDT,BUY,LIMIT,1701178359333,1.776,2043.21
ETHUSDT,BUY,LIMIT,1701178360692,1.222,2043.33
ETHUSDT,BUY,LIMIT,1701178367148,0.495,2044.07
ETHUSDT,BUY,LIMIT,1701178477514,0.134,2043.62
ETHUSDT,BUY,LIMIT,1701178514115,1.323,2043.83
ETHUSDT,BUY,LIMIT,1701178568256,3.624,2038.91
ETHUSDT,BUY,LIMIT,1701179590486,0.176,2042.75
ETHUSDT,BUY,LIMIT,1701179614893,2.500,2043.60
ETHUSDT,BUY,LIMIT,1701179617276,0.050,2043.91
ETHUSDT,BUY,LIMIT,1701179624220,0.092,2044.90
ETHUSDT,BUY,LIMIT,1701179626189,1.135,2045.12
ETHUSDT,BUY,LIMIT,1701179627357,0.683,2045.00
ETHUSDT,BUY,LIMIT,1701179667047,0.303,2045.24
ETHUSDT,BUY,LIMIT,1701179668889,49.545,2045.33
ETHUSDT,BUY,LIMIT,1701179672132,0.147,2045.63
ETHUSDT,BUY,LIMIT,1701179676821,3.254,2045.37
ETHUSDT,BUY,LIMIT,1701179683303,0.060,2045.67
ETHUSDT,BUY,LIMIT,1701179686116,0.865,2045.81
ETHUSDT,BUY,LIMIT,1701179701427,1.101,2045.88
ETHUSDT,BUY,LIMIT,1701179706587,2.970,2045.79
ETHUSDT,BUY,LIMIT,1701179710795,4.378,2045.45
ETHUSDT,BUY,LIMIT,1701179723953,0.582,2045.93
ETHUSDT,BUY,LIMIT,1701179749424,19.840,2046.06
ETHUSDT,BUY,LIMIT,1701179755549,0.167,2046.22
ETHUSDT,BUY,LIMIT,1701179759135,0.015,2046.48
ETHUSDT,BUY,LIMIT,1701182310273,0.083,2045.31
ETHUSDT,BUY,LIMIT,1701182327088,0.045,2047.02
ETHUSDT,BUY,LIMIT,1701182328174,0.327,2047.91
ETHUSDT,BUY,LIMIT,1701182344083,3.869,2048.35
ETHUSDT,BUY,LIMIT,1701182345205,0.747,2048.67
ETHUSDT,BUY,LIMIT,1701182365740,0.043,2049.09
ETHUSDT,BUY,LIMIT,1701182367007,0.425,2049.17
ETHUSDT,BUY,LIMIT,1701182370349,0.700,2049.35
ETHUSDT,BUY,LIMIT,1701182393111,1.659,2049.91
ETHUSDT,BUY,LIMIT,1701182394163,7.601,2049.72
ETHUSDT,BUY,LIMIT,1701182396043,0.133,2050.88
ETHUSDT,BUY,LIMIT,1701182397435,49.277,2050.52
ETHUSDT,BUY,LIMIT,1701182399053,4.244,2051.42
ETHUSDT,BUY,LIMIT,1701182400099,47.440,2051.30
ETHUSDT,BUY,LIMIT,1701182403365,2.085,2051.37
ETHUSDT,SELL,LIMIT,1701183449291,0.010,2020.80
ETHUSDT,BUY,LIMIT,1701184814132,0.032,2043.66
ETHUSDT,SELL,LIMIT,1701185407802,0.024,2018.72
ETHUSDT,SELL,LIMIT,1701185410431,0.204,2023.18
ETHUSDT,SELL,LIMIT,1701185472460,1.168,2017.08
ETHUSDT,SELL,LIMIT,1701185841423,0.040,2016.38
ETHUSDT,SELL,LIMIT,1701185852130,28.175,2015.55
ETHUSDT,SELL,LIMIT,1701185853477,4.373,2015.47
ETHUSDT,SELL,LIMIT,1701185915551,0.010,2015.43
ETHUSDT,SELL,LIMIT,1701185917293,0.032,2015.00
ETHUSDT,SELL,LIMIT,1701185926213,0.016,2014.79
ETHUSDT,BUY,LIMIT,1701186161884,0.022,2044.20
ETHUSDT,BUY,LIMIT,1701186191307,2.100,2045.98
ETHUSDT,BUY,LIMIT,1701186192504,0.874,2046.18
ETHUSDT,BUY,LIMIT,1701186194010,0.500,2046.40
ETHUSDT,BUY,LIMIT,1701186196560,0.013,2046.69
ETHUSDT,BUY,LIMIT,1701186198082,1.249,2043.19
ETHUSDT,BUY,LIMIT,1701186202145,62.738,2048.92
ETHUSDT,BUY,LIMIT,1701186203147,2.101,2048.13
ETHUSDT,BUY,LIMIT,1701186204230,0.073,2048.57
ETHUSDT,BUY,LIMIT,1701186205386,0.459,2048.69
ETHUSDT,BUY,LIMIT,1701186631896,1.000,2048.59
ETHUSDT,BUY,LIMIT,1701187254114,0.169,2046.71
ETHUSDT,BUY,LIMIT,1701187258204,2.000,2046.05
ETHUSDT,BUY,LIMIT,1701187271401,1.007,2047.09
ETHUSDT,BUY,LIMIT,1701187435399,2.555,2048.76
ETHUSDT,BUY,LIMIT,1701187439776,3.287,2048.58
ETHUSDT,BUY,LIMIT,1701187510168,4.941,2048.84
ETHUSDT,BUY,LIMIT,1701187531119,0.358,2049.29
ETHUSDT,BUY,LIMIT,1701187655555,0.035,2049.89
ETHUSDT,BUY,LIMIT,1701187671041,0.231,2050.06
ETHUSDT,BUY,LIMIT,1701187672598,0.342,2050.74
ETHUSDT,BUY,LIMIT,1701187678082,0.036,2050.93
ETHUSDT,BUY,LIMIT,1701187765621,0.984,2050.67
ETHUSDT,BUY,LIMIT,1701187795317,6.529,2050.88
ETHUSDT,BUY,LIMIT,1701187796699,0.658,2051.38
ETHUSDT,BUY,LIMIT,1701188356486,7.338,2051.20
ETHUSDT,BUY,LIMIT,1701188417128,0.210,2051.80
ETHUSDT,BUY,LIMIT,1701188462795,4.974,2051.92
ETHUSDT,BUY,LIMIT,1701188466439,6.152,2052.11
ETHUSDT,BUY,LIMIT,1701188467442,1.000,2052.23
ETHUSDT,BUY,LIMIT,1701188470203,0.045,2053.35
ETHUSDT,BUY,LIMIT,1701188505829,0.277,2053.11
ETHUSDT,BUY,LIMIT,1701188511809,2.420,2051.65
ETHUSDT,BUY,LIMIT,1701188514941,0.115,2051.61
ETHUSDT,BUY,LIMIT,1701188633115,0.066,1993.33
ETHUSDT,BUY,LIMIT,1701189033231,0.047,2048.50
ETHUSDT,BUY,LIMIT,1701189152174,0.046,2053.41
ETHUSDT,BUY,LIMIT,1701189153617,25.033,2053.50
ETHUSDT,BUY,LIMIT,1701189154789,0.245,2053.62
ETHUSDT,BUY,LIMIT,1701189204500,0.138,2052.80
ETHUSDT,BUY,LIMIT,1701189328236,3.236,2048.85
ETHUSDT,BUY,LIMIT,1701189387655,0.379,2052.13
ETHUSDT,SELL,LIMIT,1701189390919,0.465,2031.64
ETHUSDT,BUY,LIMIT,1701189445829,0.087,2051.80
ETHUSDT,BUY,LIMIT,1701189590068,0.015,2053.77
ETHUSDT,BUY,LIMIT,1701189601814,0.812,2054.09
ETHUSDT,BUY,LIMIT,1701189604177,0.030,2054.49
ETHUSDT,BUY,LIMIT,1701189605240,0.058,2054.44
ETHUSDT,BUY,LIMIT,1701189608582,0.481,2054.65
ETHUSDT,BUY,LIMIT,1701189610085,3.264,2054.65
ETHUSDT,BUY,LIMIT,1701189642820,1.091,2054.74
ETHUSDT,BUY,LIMIT,1701189646184,0.020,2055.03
ETHUSDT,BUY,LIMIT,1701189647266,1.719,2055.21
ETHUSDT,BUY,LIMIT,1701189648377,2.891,2055.41
ETHUSDT,BUY,LIMIT,1701189649499,996.619,2065.70
ETHUSDT,BUY,LIMIT,1701189651086,1.347,2056.42
ETHUSDT,BUY,LIMIT,1701189652134,0.489,2056.49
ETHUSDT,BUY,LIMIT,1701189658369,25.000,2056.97
ETHUSDT,BUY,LIMIT,1701189677840,9.936,2057.30
ETHUSDT,SELL,LIMIT,1701189791866,0.551,2045.79
ETHUSDT,SELL,LIMIT,1701189797591,0.088,2037.13
ETHUSDT,BUY,LIMIT,1701189798751,13.914,2057.73
ETHUSDT,BUY,LIMIT,1701189800113,1.285,2058.24
ETHUSDT,BUY,LIMIT,1701189801157,0.401,2058.84
ETHUSDT,BUY,LIMIT,1701189802203,0.604,2059.08
ETHUSDT,BUY,LIMIT,1701189803304,4.365,2058.27
ETHUSDT,BUY,LIMIT,1701189804437,0.343,2059.92
ETHUSDT,BUY,LIMIT,1701189806160,0.877,2059.97
ETHUSDT,BUY,LIMIT,1701189807444,25.491,2059.95
ETHUSDT,BUY,LIMIT,1701189808836,0.163,2057.59
ETHUSDT,BUY,LIMIT,1701189809879,0.281,2060.04
ETHUSDT,BUY,LIMIT,1701189810941,0.363,2060.04
ETHUSDT,BUY,LIMIT,1701189813165,125.000,2062.37
ETHUSDT,BUY,LIMIT,1701189814032,3.361,2060.30
ETHUSDT,BUY,LIMIT,1701189814976,0.815,2060.89
ETHUSDT,BUY,LIMIT,1701189819123,5.665,2062.10
ETHUSDT,BUY,LIMIT,1701189820121,0.092,2063.04
ETHUSDT,BUY,LIMIT,1701189821148,0.011,2063.93
ETHUSDT,BUY,LIMIT,1701189822275,0.054,2063.68
ETHUSDT,BUY,LIMIT,1701189823289,1.100,2064.51
ETHUSDT,BUY,LIMIT,1701189824293,1.783,2064.20
ETHUSDT,BUY,LIMIT,1701189826703,1.006,2065.18
ETHUSDT,BUY,LIMIT,1701189844282,971.536,2074.67
ETHUSDT,BUY,LIMIT,1701189845358,0.136,2065.43
ETHUSDT,BUY,LIMIT,1701189846406,2.640,2066.48
ETHUSDT,BUY,LIMIT,1701189973541,0.981,2057.27
ETHUSDT,BUY,LIMIT,1701189977261,0.166,2066.07
ETHUSDT,BUY,LIMIT,1701189983132,0.094,2066.48
ETHUSDT,BUY,LIMIT,1701189984495,0.018,2066.60
ETHUSDT,BUY,LIMIT,1701189986601,3.694,2066.80
ETHUSDT,BUY,LIMIT,1701189988631,0.103,2066.92
ETHUSDT,BUY,LIMIT,1701189990310,0.560,2067.01
ETHUSDT,BUY,LIMIT,1701189992102,0.240,2067.18
ETHUSDT,BUY,LIMIT,1701189993102,0.484,2067.17
ETHUSDT,BUY,LIMIT,1701189996033,0.384,2066.64
ETHUSDT,BUY,LIMIT,1701189997393,0.239,2056.53
ETHUSDT,BUY,LIMIT,1701190018084,0.100,2067.65
ETHUSDT,BUY,LIMIT,1701190019120,1.800,2067.61
ETHUSDT,BUY,LIMIT,1701190020593,0.495,2068.02
ETHUSDT,BUY,LIMIT,1701190024378,0.972,2068.08
ETHUSDT,BUY,LIMIT,1701190025522,0.022,2068.33
ETHUSDT,BUY,LIMIT,1701190028689,0.015,2068.41
ETHUSDT,BUY,LIMIT,1701190145234,0.195,2065.00
ETHUSDT,BUY,LIMIT,1701190169427,0.235,2066.29
ETHUSDT,BUY,LIMIT,1701190179477,7.670,2067.38
ETHUSDT,BUY,LIMIT,1701190199074,0.011,2068.21
ETHUSDT,BUY,LIMIT,1701190207455,0.212,2068.61
ETHUSDT,BUY,LIMIT,1701190208583,0.386,2068.65
ETHUSDT,BUY,LIMIT,1701190211049,2.522,2068.76
ETHUSDT,BUY,LIMIT,1701190212121,4.913,2069.03
ETHUSDT,BUY,LIMIT,1701190213200,0.268,2068.95
ETHUSDT,BUY,LIMIT,1701190214659,0.990,2069.18
ETHUSDT,BUY,LIMIT,1701190218477,0.489,2069.26
ETHUSDT,BUY,LIMIT,1701190223985,1.955,2069.37
ETHUSDT,BUY,LIMIT,1701190266185,0.627,2069.37
ETHUSDT,BUY,LIMIT,1701190267215,19.732,2069.51
ETHUSDT,BUY,LIMIT,1701190273087,0.218,2069.92
ETHUSDT,BUY,LIMIT,1701190274143,0.453,2069.86
ETHUSDT,BUY,LIMIT,1701190275152,0.035,2070.09
ETHUSDT,BUY,LIMIT,1701190276262,1.472,2070.25
ETHUSDT,BUY,LIMIT,1701190286986,0.400,2070.45
ETHUSDT,BUY,LIMIT,1701190301709,0.211,2070.74
ETHUSDT,BUY,LIMIT,1701190308197,0.495,2070.75
ETHUSDT,BUY,LIMIT,1701190309292,0.055,2070.84
ETHUSDT,BUY,LIMIT,1701190312225,1.506,2071.45
ETHUSDT,BUY,LIMIT,1701190313344,0.538,2071.81
ETHUSDT,BUY,LIMIT,1701190315107,0.062,2072.11
ETHUSDT,BUY,LIMIT,1701190316362,5.100,2072.25
ETHUSDT,BUY,LIMIT,1701190347221,1.683,2072.20
ETHUSDT,BUY,LIMIT,1701190348463,4.000,2072.20
ETHUSDT,BUY,LIMIT,1701190349838,2.496,2072.40
ETHUSDT,BUY,LIMIT,1701190353095,28.962,2072.56
ETHUSDT,BUY,LIMIT,1701190354164,2.484,2072.59
ETHUSDT,BUY,LIMIT,1701190355196,3.001,2072.61
ETHUSDT,BUY,LIMIT,1701190369766,0.200,2073.13
ETHUSDT,BUY,LIMIT,1701190371243,0.100,2073.45
ETHUSDT,BUY,LIMIT,1701190373799,3.000,2072.75
ETHUSDT,BUY,LIMIT,1701190375279,2.369,2073.55
ETHUSDT,BUY,LIMIT,1701190386196,10.157,2073.61
ETHUSDT,BUY,LIMIT,1701190787218,0.019,2067.44
ETHUSDT,SELL,LIMIT,1701191160439,0.024,2042.93
ETHUSDT,SELL,LIMIT,1701191193206,0.311,2042.40
ETHUSDT,SELL,LIMIT,1701191249251,0.049,2040.55
ETHUSDT,SELL,LIMIT,1701191607395,4.517,2046.42
ETHUSDT,SELL,LIMIT,1701191735042,0.117,2047.81
ETHUSDT,BUY,LIMIT,1701191994403,0.228,2069.18
ETHUSDT,BUY,LIMIT,1701191996147,1.742,2069.19
ETHUSDT,BUY,LIMIT,1701192007676,0.107,2069.21
ETHUSDT,BUY,LIMIT,1701192014293,4.248,2069.55
ETHUSDT,BUY,LIMIT,1701192015371,0.050,2070.18
ETHUSDT,BUY,LIMIT,1701192018151,0.150,2070.33
ETHUSDT,BUY,LIMIT,1701192020397,0.200,2070.50
ETHUSDT,BUY,LIMIT,1701192021538,0.027,2067.92
ETHUSDT,BUY,LIMIT,1701192024875,0.032,2068.60
ETHUSDT,BUY,LIMIT,1701192026898,5.852,2070.76
ETHUSDT,BUY,LIMIT,1701192031054,0.522,2071.21
ETHUSDT,BUY,LIMIT,1701192032922,0.767,2071.25
ETHUSDT,BUY,LIMIT,1701192034567,34.859,2071.30
ETHUSDT,BUY,LIMIT,1701192035677,0.267,2071.69
ETHUSDT,BUY,LIMIT,1701192037206,1.802,2072.36
ETHUSDT,BUY,LIMIT,1701192056014,0.555,2072.46
ETHUSDT,BUY,LIMIT,1701192059169,100.000,2074.45
ETHUSDT,BUY,LIMIT,1701192062410,0.026,2073.09
ETHUSDT,BUY,LIMIT,1701192063854,0.429,2072.96
ETHUSDT,BUY,LIMIT,1701192065581,1.000,2073.34
ETHUSDT,BUY,LIMIT,1701192067179,2.360,2073.14
ETHUSDT,BUY,LIMIT,1701192068337,0.114,2073.65
ETHUSDT,BUY,LIMIT,1701192071131,0.195,2074.37
ETHUSDT,BUY,LIMIT,1701192072231,10.000,2074.26
ETHUSDT,BUY,LIMIT,1701192073273,0.540,2074.70
ETHUSDT,BUY,LIMIT,1701192088774,1.500,2074.16
ETHUSDT,BUY,LIMIT,1701192092099,0.029,2075.18
ETHUSDT,BUY,LIMIT,1701192093320,0.114,2075.29
ETHUSDT,BUY,LIMIT,1701192135052,3.781,2075.62
ETHUSDT,BUY,LIMIT,1701192136169,4.022,2075.70
ETHUSDT,BUY,LIMIT,1701192137835,0.789,2075.72
ETHUSDT,BUY,LIMIT,1701192139949,1.069,2076.22
ETHUSDT,BUY,LIMIT,1701192141109,8.367,2077.00
ETHUSDT,BUY,LIMIT,1701192142110,4.237,2077.32
ETHUSDT,BUY,LIMIT,1701192143041,48.614,2077.15
ETHUSDT,BUY,LIMIT,1701192144244,0.195,2077.55
ETHUSDT,BUY,LIMIT,1701192152107,0.015,2076.94
ETHUSDT,BUY,LIMIT,1701192153182,0.012,2079.59
ETHUSDT,BUY,LIMIT,1701192154262,0.353,2080.44
ETHUSDT,BUY,LIMIT,1701192155279,0.580,2080.18
ETHUSDT,BUY,LIMIT,1701192159846,0.065,2079.70
ETHUSDT,BUY,LIMIT,1701192239205,6.147,2080.42
ETHUSDT,BUY,LIMIT,1701192240404,0.149,2080.59
ETHUSDT,BUY,LIMIT,1701192241676,0.098,2081.08
ETHUSDT,BUY,LIMIT,1701192243027,0.055,2081.11
ETHUSDT,BUY,LIMIT,1701192244085,3.979,2081.80
ETHUSDT,BUY,LIMIT,1701192245722,8.000,2082.01
ETHUSDT,BUY,LIMIT,1701192246772,0.669,2082.08
ETHUSDT,BUY,LIMIT,1701192250295,1.533,2082.63
ETHUSDT,BUY,LIMIT,1701192271677,2.000,2081.01
ETHUSDT,BUY,LIMIT,1701192279878,2.433,2082.86
ETHUSDT,BUY,LIMIT,1701192280912,0.195,2082.95
ETHUSDT,BUY,LIMIT,1701192282035,1.869,2083.67
ETHUSDT,BUY,LIMIT,1701192316264,10.204,2084.46
ETHUSDT,BUY,LIMIT,1701192317547,3.255,2084.53
ETHUSDT,BUY,LIMIT,1701192318632,0.135,2084.82
ETHUSDT,BUY,LIMIT,1701192319692,0.386,2085.05
ETHUSDT,SELL,LIMIT,1701192410182,0.026,2064.02
ETHUSDT,SELL,LIMIT,1701192626603,0.276,2060.86
ETHUSDT,BUY,LIMIT,1701192640597,0.055,2080.53
ETHUSDT,BUY,LIMIT,1701192676706,0.098,2082.30
ETHUSDT,BUY,LIMIT,1701192756295,0.161,2081.47
ETHUSDT,BUY,LIMIT,1701193288683,0.023,2084.12
ETHUSDT,BUY,LIMIT,1701193295222,0.274,2084.57
ETHUSDT,BUY,LIMIT,1701193302301,0.070,2085.21
ETHUSDT,BUY,LIMIT,1701193303318,2.344,2085.18
ETHUSDT,BUY,LIMIT,1701193678202,0.217,2079.57
ETHUSDT,BUY,LIMIT,1701193698238,0.160,2084.88
ETHUSDT,BUY,LIMIT,1701193704555,0.124,2085.30
ETHUSDT,BUY,LIMIT,1701193707752,12.000,2085.41
ETHUSDT,BUY,LIMIT,1701194489146,0.028,2081.73
ETHUSDT,SELL,LIMIT,1701194498357,4.824,2062.07
ETHUSDT,SELL,LIMIT,1701194658460,7.318,2054.17
ETHUSDT,SELL,LIMIT,1701194659657,0.873,2053.95
ETHUSDT,SELL,LIMIT,1701194662617,3.031,2053.91
ETHUSDT,SELL,LIMIT,1701194698840,0.193,2053.31
ETHUSDT,SELL,LIMIT,1701194703373,0.056,2053.10
ETHUSDT,SELL,LIMIT,1701194704618,0.626,2052.98
ETHUSDT,SELL,LIMIT,1701194785758,0.114,2052.55
ETHUSDT,SELL,LIMIT,1701194830507,0.011,2052.13
ETHUSDT,SELL,LIMIT,1701194833076,1.144,2051.90
ETHUSDT,SELL,LIMIT,1701194834386,2.343,2051.87
ETHUSDT,SELL,LIMIT,1701194835405,4.982,2051.70
ETHUSDT,SELL,LIMIT,1701194836929,0.653,2050.99
ETHUSDT,SELL,LIMIT,1701195400208,0.061,2050.92
ETHUSDT,SELL,LIMIT,1701195401412,3.377,2050.78
ETHUSDT,SELL,LIMIT,1701195403089,0.012,2049.92
ETHUSDT,SELL,LIMIT,1701195404096,0.057,2049.85
ETHUSDT,SELL,LIMIT,1701195411223,0.282,2049.46
ETHUSDT,SELL,LIMIT,1701195412305,35.285,2049.61
ETHUSDT,BUY,LIMIT,1701195635733,0.517,2075.90
ETHUSDT,BUY,LIMIT,1701196136314,0.005,2073.55
ETHUSDT,BUY,LIMIT,1701196214058,0.018,2067.74
ETHUSDT,SELL,LIMIT,1701197404100,0.392,2048.23
ETHUSDT,SELL,LIMIT,1701197406033,0.334,2047.90
ETHUSDT,SELL,LIMIT,1701197415170,0.218,2047.36
ETHUSDT,SELL,LIMIT,1701197420468,0.501,2046.99
ETHUSDT,SELL,LIMIT,1701197422391,2.188,2046.68
ETHUSDT,SELL,LIMIT,1701197424203,0.391,2046.17
ETHUSDT,SELL,LIMIT,1701197425561,0.045,2045.77
ETHUSDT,SELL,LIMIT,1701197442249,0.216,2045.21
ETHUSDT,SELL,LIMIT,1701197443771,2.112,2044.27
ETHUSDT,SELL,LIMIT,1701197449681,0.913,2044.41
ETHUSDT,SELL,LIMIT,1701197454105,10.000,2043.79
ETHUSDT,SELL,LIMIT,1701197455504,1.171,2043.95
ETHUSDT,SELL,LIMIT,1701197527226,0.035,2043.31
ETHUSDT,SELL,LIMIT,1701197528395,0.375,2043.36
ETHUSDT,SELL,LIMIT,1701197530509,0.163,2042.79
ETHUSDT,SELL,LIMIT,1701197536909,0.116,2042.62
ETHUSDT,SELL,LIMIT,1701197538332,0.504,2042.46
ETHUSDT,SELL,LIMIT,1701197539448,0.049,2042.33
ETHUSDT,SELL,LIMIT,1701197566113,2.000,2042.18
ETHUSDT,SELL,LIMIT,1701197572073,0.010,2041.94
ETHUSDT,SELL,LIMIT,1701197574639,0.987,2041.58
ETHUSDT,SELL,LIMIT,1701197633190,0.700,2041.52
ETHUSDT,SELL,LIMIT,1701197634238,0.423,2041.30
ETHUSDT,SELL,LIMIT,1701197839350,28.088,2045.22
ETHUSDT,SELL,LIMIT,1701197850244,0.119,2078.22
ETHUSDT,SELL,LIMIT,1701197851324,50.035,2051.97
ETHUSDT,BUY,LIMIT,1701197853632,74.263,2067.98
ETHUSDT,BUY,LIMIT,1701197856451,1.149,2060.45
ETHUSDT,BUY,LIMIT,1701197859770,0.891,2067.24
ETHUSDT,BUY,LIMIT,1701198234361,11.208,2072.25
ETHUSDT,BUY,LIMIT,1701198240012,0.790,2072.32
ETHUSDT,BUY,LIMIT,1701198246414,2.473,2072.60
ETHUSDT,BUY,LIMIT,1701198345389,0.054,2069.10
ETHUSDT,BUY,LIMIT,1701200469843,0.370,2072.01
ETHUSDT,BUY,LIMIT,1701200473426,5.959,2070.36
ETHUSDT,BUY,LIMIT,1701200474393,0.011,2072.70
ETHUSDT,BUY,LIMIT,1701200475258,1.873,2074.58
ETHUSDT,BUY,LIMIT,1701200494235,11.208,2074.61
ETHUSDT,BUY,LIMIT,1701200497485,15.098,2073.66
ETHUSDT,BUY,LIMIT,1701200520873,0.103,2075.69
ETHUSDT,BUY,LIMIT,1701200539406,0.242,2076.43
ETHUSDT,BUY,LIMIT,1701200540490,0.011,2062.18
ETHUSDT,BUY,LIMIT,1701200544184,0.452,2077.86
ETHUSDT,BUY,LIMIT,1701200547954,10.090,2077.87
ETHUSDT,BUY,LIMIT,1701200552752,0.010,2078.37
ETHUSDT,BUY,LIMIT,1701200560751,1.000,2078.07
ETHUSDT,BUY,LIMIT,1701200562127,0.157,2078.47
ETHUSDT,BUY,LIMIT,1701200563831,8.149,2078.71
ETHUSDT,SELL,LIMIT,1701202166092,0.145,2046.95
ETHUSDT,BUY,LIMIT,1701202654180,0.400,2071.93
ETHUSDT,SELL,LIMIT,1701203198313,0.098,2046.15
ETHUSDT,BUY,LIMIT,1701205105237,0.048,2075.16
ETHUSDT,SELL,LIMIT,1701207881172,0.500,2045.05
ETHUSDT,SELL,LIMIT,1701208001868,5.038,2044.40
ETHUSDT,SELL,LIMIT,1701208236050,3.813,2043.72
ETHUSDT,SELL,LIMIT,1701208238817,0.290,2043.68
ETHUSDT,SELL,LIMIT,1701208285278,5.653,2043.09
ETHUSDT,SELL,LIMIT,1701209124584,0.105,2042.17
ETHUSDT,SELL,LIMIT,1701210882124,0.311,2046.25
ETHUSDT,SELL,LIMIT,1701211812312,1.290,2041.68
ETHUSDT,SELL,LIMIT,1701211814218,3.560,2041.59
ETHUSDT,SELL,LIMIT,1701211815525,1.158,2041.51
ETHUSDT,SELL,LIMIT,1701211836048,0.352,2041.21
ETHUSDT,SELL,LIMIT,1701211839190,0.652,2040.94
ETHUSDT,SELL,LIMIT,1701211840197,1.343,2040.80
ETHUSDT,SELL,LIMIT,1701211843114,0.157,2040.16
ETHUSDT,SELL,LIMIT,1701211844243,0.349,2040.16
ETHUSDT,SELL,LIMIT,1701211846207,0.604,2039.87
ETHUSDT,SELL,LIMIT,1701211847377,0.836,2039.21
ETHUSDT,SELL,LIMIT,1701211848382,0.388,2037.98
ETHUSDT,SELL,LIMIT,1701211849625,0.799,2037.38
ETHUSDT,SELL,LIMIT,1701211896182,0.154,2038.91
ETHUSDT,SELL,LIMIT,1701211905356,6.505,2036.53
ETHUSDT,SELL,LIMIT,1701211906389,2.173,2036.70
ETHUSDT,SELL,LIMIT,1701211907495,0.097,2036.11
ETHUSDT,SELL,LIMIT,1701211941158,1.598,2035.73
ETHUSDT,SELL,LIMIT,1701211943138,0.105,2035.59
ETHUSDT,SELL,LIMIT,1701211946654,6.250,2035.12
ETHUSDT,SELL,LIMIT,1701211955309,1.121,2034.98
ETHUSDT,SELL,LIMIT,1701211957079,0.448,2034.85
ETHUSDT,SELL,LIMIT,1701211960119,0.417,2034.50
ETHUSDT,SELL,LIMIT,1701211961205,3.787,2034.24
ETHUSDT,SELL,LIMIT,1701211966189,0.501,2033.79
ETHUSDT,SELL,LIMIT,1701211968760,14.160,2033.66
ETHUSDT,SELL,LIMIT,1701214624483,1.177,2036.70
ETHUSDT,SELL,LIMIT,1701214718922,1.000,2034.59
ETHUSDT,SELL,LIMIT,1701214743438,2.000,2034.69
ETHUSDT,SELL,LIMIT,1701216372389,4.875,2033.44
ETHUSDT,SELL,LIMIT,1701216398521,2.000,2033.00
ETHUSDT,SELL,LIMIT,1701216409256,0.010,2032.55
ETHUSDT,SELL,LIMIT,1701216414256,0.032,2032.49
ETHUSDT,SELL,LIMIT,1701216442258,40.000,2032.42
ETHUSDT,SELL,LIMIT,1701216447525,0.701,2032.33
ETHUSDT,SELL,LIMIT,1701216448530,0.019,2032.04
ETHUSDT,SELL,LIMIT,1701216451728,0.038,2031.91
ETHUSDT,SELL,LIMIT,1701216454135,0.015,2031.86
ETHUSDT,SELL,LIMIT,1701216459127,0.085,2031.55
ETHUSDT,SELL,LIMIT,1701216461563,0.112,2031.39
ETHUSDT,SELL,LIMIT,1701216475182,29.307,2031.71
ETHUSDT,SELL,LIMIT,1701216477247,0.375,2031.27
ETHUSDT,SELL,LIMIT,1701216654924,0.583,2030.55
ETHUSDT,SELL,LIMIT,1701216850030,0.125,2029.93
ETHUSDT,SELL,LIMIT,1701216851855,39.523,2029.78
ETHUSDT,SELL,LIMIT,1701216853876,0.023,2029.20
ETHUSDT,BUY,LIMIT,1701217913844,0.175,2056.62
ETHUSDT,BUY,LIMIT,1701218110155,0.050,2058.14
ETHUSDT,BUY,LIMIT,1701218587710,0.033,2056.13
ETHUSDT,BUY,LIMIT,1701218731816,3.612,2059.40
ETHUSDT,BUY,LIMIT,1701219209434,0.130,2059.99
ETHUSDT,BUY,LIMIT,1701219235155,0.160,2061.01
ETHUSDT,BUY,LIMIT,1701219246063,0.048,2060.99
ETHUSDT,BUY,LIMIT,1701219699558,0.050,2063.02
ETHUSDT,BUY,LIMIT,1701219740320,0.042,2063.29
ETHUSDT,BUY,LIMIT,1701219756622,0.129,2063.91
ETHUSDT,BUY,LIMIT,1701219762124,0.414,2064.76
ETHUSDT,BUY,LIMIT,1701219763513,0.093,2064.77
ETHUSDT,BUY,LIMIT,1701219766324,0.249,2065.07
ETHUSDT,BUY,LIMIT,1701219787986,0.274,2061.20
ETHUSDT,BUY,LIMIT,1701219796046,0.684,2066.09
ETHUSDT,BUY,LIMIT,1701221417118,0.022,2066.83
ETHUSDT,BUY,LIMIT,1701221977070,0.737,2067.00
ETHUSDT,BUY,LIMIT,1701221978414,0.182,2067.28
ETHUSDT,BUY,LIMIT,1701221996539,0.171,2067.58
ETHUSDT,BUY,LIMIT,1701222015634,0.316,2067.74
ETHUSDT,SELL,LIMIT,1701223435324,0.085,2038.23
ETHUSDT,SELL,LIMIT,1701223641166,0.938,2036.91
ETHUSDT,BUY,LIMIT,1701237758090,0.140,2064.55
ETHUSDT,BUY,LIMIT,1701238377265,0.500,2063.69
ETHUSDT,BUY,LIMIT,1701239297310,0.057,2062.17
ETHUSDT,BUY,LIMIT,1701239347142,0.040,2062.05
ETHUSDT,BUY,LIMIT,1701239627266,0.515,2063.99
ETHUSDT,BUY,LIMIT,1701239940995,1.926,2065.62
ETHUSDT,BUY,LIMIT,1701240123068,0.293,2067.34
ETHUSDT,BUY,LIMIT,1701240124090,3.619,2067.81
ETHUSDT,BUY,LIMIT,1701240207430,4.000,2068.10
ETHUSDT,BUY,LIMIT,1701240223148,2.748,2068.96
ETHUSDT,BUY,LIMIT,1701240224197,0.486,2069.14
ETHUSDT,BUY,LIMIT,1701240225420,3.414,2069.82
ETHUSDT,BUY,LIMIT,1701240574909,0.186,2068.34
ETHUSDT,BUY,LIMIT,1701240662258,0.193,2070.00
ETHUSDT,BUY,LIMIT,1701240663271,0.010,2070.12
ETHUSDT,BUY,LIMIT,1701240672722,0.242,2070.97
ETHUSDT,BUY,LIMIT,1701240685423,0.488,2070.91
ETHUSDT,BUY,LIMIT,1701240714273,0.062,2069.09
ETHUSDT,BUY,LIMIT,1701240718241,10.000,2071.00
ETHUSDT,BUY,LIMIT,1701240719357,0.146,2071.43
ETHUSDT,BUY,LIMIT,1701240720471,12.119,2071.51
ETHUSDT,BUY,LIMIT,1701240725881,2.633,2072.04
ETHUSDT,BUY,LIMIT,1701240733658,19.830,2071.86
ETHUSDT,BUY,LIMIT,1701240739299,0.025,2072.31
ETHUSDT,BUY,LIMIT,1701240740368,0.098,2072.29
ETHUSDT,BUY,LIMIT,1701240741382,0.532,2072.51
ETHUSDT,BUY,LIMIT,1701240742609,45.148,2073.16
ETHUSDT,BUY,LIMIT,1701240850151,0.435,2073.29
ETHUSDT,BUY,LIMIT,1701240863831,2.668,2073.51
ETHUSDT,BUY,LIMIT,1701240865186,0.960,2073.57
ETHUSDT,BUY,LIMIT,1701240870409,0.029,2073.62
ETHUSDT,BUY,LIMIT,1701241102772,2.701,2072.55
ETHUSDT,BUY,LIMIT,1701243410165,0.789,2067.42
ETHUSDT,BUY,LIMIT,1701243634857,1.949,2059.70
ETHUSDT,BUY,LIMIT,1701243641197,6.608,2065.86
ETHUSDT,BUY,LIMIT,1701243890952,0.049,2068.19
ETHUSDT,BUY,LIMIT,1701243937527,0.122,1947.41
ETHUSDT,BUY,LIMIT,1701243948980,1.000,2067.63
ETHUSDT,SELL,LIMIT,1701245095347,2.328,2048.65
ETHUSDT,SELL,LIMIT,1701245752088,0.024,2047.04
ETHUSDT,BUY,LIMIT,1701246189460,0.070,2066.23
ETHUSDT,BUY,LIMIT,1701246196486,0.116,2066.09
ETHUSDT,BUY,LIMIT,1701246328726,0.322,2066.48
ETHUSDT,BUY,LIMIT,1701247098386,5.000,2068.15
ETHUSDT,BUY,LIMIT,1701247109700,5.000,2068.83
ETHUSDT,BUY,LIMIT,1701247219428,1.005,2069.76
ETHUSDT,BUY,LIMIT,1701247220730,4.759,2070.08
ETHUSDT,BUY,LIMIT,1701247325129,30.535,2071.71
ETHUSDT,BUY,LIMIT,1701247364278,0.100,2073.31
ETHUSDT,BUY,LIMIT,1701247529368,8.510,2072.13
ETHUSDT,BUY,LIMIT,1701247566204,0.748,2073.51
ETHUSDT,BUY,LIMIT,1701247572110,0.015,2073.98
ETHUSDT,BUY,LIMIT,1701247575642,0.331,2074.03
ETHUSDT,BUY,LIMIT,1701247576893,0.300,2074.10
ETHUSDT,BUY,LIMIT,1701247578120,1.000,2073.34
ETHUSDT,BUY,LIMIT,1701247746361,3.000,2074.74
ETHUSDT,BUY,LIMIT,1701247758277,2.495,2075.06
ETHUSDT,BUY,LIMIT,1701247760523,0.088,2075.34
ETHUSDT,BUY,LIMIT,1701247766124,0.304,2075.50
ETHUSDT,BUY,LIMIT,1701247783228,2.751,2075.60
ETHUSDT,BUY,LIMIT,1701247786306,2.721,2075.59
ETHUSDT,BUY,LIMIT,1701247797227,0.032,2075.70
ETHUSDT,BUY,LIMIT,1701247807766,0.998,2075.72
ETHUSDT,BUY,LIMIT,1701247810119,0.138,2076.10
ETHUSDT,BUY,LIMIT,1701247811504,1.630,2076.72
ETHUSDT,BUY,LIMIT,1701247817745,0.549,2077.06
ETHUSDT,BUY,LIMIT,1701247820309,0.035,2077.44
ETHUSDT,BUY,LIMIT,1701247822244,0.024,2076.50
ETHUSDT,BUY,LIMIT,1701247852388,0.250,2077.13
ETHUSDT,BUY,LIMIT,1701247862808,5.325,2077.05
ETHUSDT,BUY,LIMIT,1701247902135,8.438,2077.09
ETHUSDT,BUY,LIMIT,1701247927857,0.772,2075.65
ETHUSDT,BUY,LIMIT,1701247929326,0.032,2077.88
ETHUSDT,BUY,LIMIT,1701247931243,0.400,2077.96
ETHUSDT,BUY,LIMIT,1701247951005,0.737,2077.98
ETHUSDT,BUY,LIMIT,1701248052633,0.208,2078.18
ETHUSDT,BUY,LIMIT,1701248053982,0.017,2078.35
ETHUSDT,BUY,LIMIT,1701248055296,0.172,2078.49
ETHUSDT,BUY,LIMIT,1701248056557,0.206,2078.50
ETHUSDT,BUY,LIMIT,1701248064982,0.094,2078.63
ETHUSDT,BUY,LIMIT,1701248072071,2.365,2078.73
ETHUSDT,BUY,LIMIT,1701248074964,7.020,2078.93
ETHUSDT,BUY,LIMIT,1701248101229,0.012,2078.85
ETHUSDT,BUY,LIMIT,1701248128193,0.025,2079.11
ETHUSDT,BUY,LIMIT,1701248153190,0.123,2078.99
ETHUSDT,BUY,LIMIT,1701248240118,10.238,2080.41
ETHUSDT,BUY,LIMIT,1701248241145,0.016,2080.32
ETHUSDT,BUY,LIMIT,1701248243187,0.211,2080.93
ETHUSDT,BUY,LIMIT,1701248247575,15.000,2081.13
ETHUSDT,BUY,LIMIT,1701248261681,0.123,2081.28
ETHUSDT,BUY,LIMIT,1701248262966,3.176,2081.10
ETHUSDT,BUY,LIMIT,1701248266212,0.658,2081.57
ETHUSDT,BUY,LIMIT,1701248267244,4.862,2081.40
ETHUSDT,BUY,LIMIT,1701248269198,49.406,2081.67
ETHUSDT,BUY,LIMIT,1701248274166,1.044,2081.69
ETHUSDT,BUY,LIMIT,1701248346028,0.074,2081.15
ETHUSDT,BUY,LIMIT,1701248659549,0.077,2078.24
ETHUSDT,BUY,LIMIT,1701249327800,0.800,2078.84
ETHUSDT,BUY,LIMIT,1701249564184,0.389,2081.83
ETHUSDT,BUY,LIMIT,1701249565341,0.010,2081.82
ETHUSDT,BUY,LIMIT,1701249615067,1.014,2082.02
ETHUSDT,BUY,LIMIT,1701249618323,9.920,2082.09
ETHUSDT,BUY,LIMIT,1701249707308,0.378,2078.81
ETHUSDT,SELL,LIMIT,1701249978041,19.623,2057.04
ETHUSDT,SELL,LIMIT,1701249982429,0.277,2057.05
ETHUSDT,BUY,LIMIT,1701251479516,0.284,2079.99
ETHUSDT,BUY,LIMIT,1701251533773,0.066,2082.63
ETHUSDT,BUY,LIMIT,1701251534656,0.193,2084.63
ETHUSDT,BUY,LIMIT,1701251535628,0.048,2084.69
ETHUSDT,BUY,LIMIT,1701252163314,1.289,2073.70
ETHUSDT,SELL,LIMIT,1701252426370,0.572,2050.60
ETHUSDT,SELL,LIMIT,1701252433282,0.626,2050.27
ETHUSDT,SELL,LIMIT,1701253178084,1.030,2051.32
ETHUSDT,SELL,LIMIT,1701253323412,1.512,2051.19
ETHUSDT,SELL,LIMIT,1701253395276,0.921,2049.56
ETHUSDT,SELL,LIMIT,1701253412138,0.059,2049.78
ETHUSDT,SELL,LIMIT,1701253530541,0.535,2049.05
ETHUSDT,SELL,LIMIT,1701253607592,0.616,2048.72
ETHUSDT,SELL,LIMIT,1701253614158,0.087,2048.08
ETHUSDT,SELL,LIMIT,1701253616051,0.074,2047.68
ETHUSDT,SELL,LIMIT,1701253645176,0.200,2046.29
ETHUSDT,SELL,LIMIT,1701253650370,5.358,2045.96
ETHUSDT,SELL,LIMIT,1701253674123,0.092,2045.70
ETHUSDT,SELL,LIMIT,1701253685310,0.057,2045.32
ETHUSDT,SELL,LIMIT,1701253991306,0.010,2045.16
ETHUSDT,SELL,LIMIT,1701253992915,0.810,2044.64
ETHUSDT,SELL,LIMIT,1701254008102,0.276,2043.52
ETHUSDT,SELL,LIMIT,1701254010238,0.085,2043.42
ETHUSDT,SELL,LIMIT,1701254016080,1.500,2042.46
ETHUSDT,SELL,LIMIT,1701254045248,1.127,2042.57
ETHUSDT,SELL,LIMIT,1701254048364,40.322,2042.25
ETHUSDT,SELL,LIMIT,1701254053042,0.125,2042.06
ETHUSDT,SELL,LIMIT,1701254054799,1.224,2041.98
ETHUSDT,SELL,LIMIT,1701254058840,0.604,2041.87
ETHUSDT,SELL,LIMIT,1701254060386,0.338,2041.67
ETHUSDT,SELL,LIMIT,1701254061720,18.762,2042.03
ETHUSDT,SELL,LIMIT,1701254064911,0.010,2041.39
ETHUSDT,SELL,LIMIT,1701254066050,0.993,2040.79
ETHUSDT,SELL,LIMIT,1701254273349,14.481,2041.01
ETHUSDT,SELL,LIMIT,1701254292844,96.339,2038.99
ETHUSDT,SELL,LIMIT,1701254295327,0.072,2040.49
ETHUSDT,SELL,LIMIT,1701254304060,0.036,2040.41
ETHUSDT,SELL,LIMIT,1701254307406,0.253,2040.33
ETHUSDT,SELL,LIMIT,1701254332962,0.186,2040.13
ETHUSDT,SELL,LIMIT,1701254336063,0.226,2039.97
ETHUSDT,SELL,LIMIT,1701254354991,0.066,2039.82
ETHUSDT,SELL,LIMIT,1701254356374,0.427,2039.19
ETHUSDT,SELL,LIMIT,1701254360377,0.130,2038.93
ETHUSDT,SELL,LIMIT,1701254361979,0.088,2038.75
ETHUSDT,SELL,LIMIT,1701254370593,37.101,2038.72
ETHUSDT,SELL,LIMIT,1701254405047,0.030,2038.47
ETHUSDT,SELL,LIMIT,1701254406941,0.351,2038.15
ETHUSDT,SELL,LIMIT,1701254411410,0.484,2038.04
ETHUSDT,SELL,LIMIT,1701254412723,1.512,2037.51
ETHUSDT,SELL,LIMIT,1701254414882,0.020,2037.21
ETHUSDT,SELL,LIMIT,1701254416158,3.175,2037.50
ETHUSDT,SELL,LIMIT,1701254418374,2.959,2036.83
ETHUSDT,SELL,LIMIT,1701254420014,0.017,2036.42
ETHUSDT,SELL,LIMIT,1701254647082,0.250,2036.28
ETHUSDT,SELL,LIMIT,1701254648158,0.035,2035.98
ETHUSDT,SELL,LIMIT,1701254659487,4.423,2035.91
ETHUSDT,SELL,LIMIT,1701254686086,0.327,2035.77
ETHUSDT,SELL,LIMIT,1701254697147,0.230,2035.35
ETHUSDT,SELL,LIMIT,1701254702813,234.929,2029.39
ETHUSDT,SELL,LIMIT,1701254705484,0.097,2035.07
ETHUSDT,BUY,LIMIT,1701254847011,1.900,2057.41
ETHUSDT,BUY,LIMIT,1701256436911,1.330,2062.86
ETHUSDT,BUY,LIMIT,1701257559374,2.139,2065.33
ETHUSDT,BUY,LIMIT,1701257643597,2.442,2066.55
ETHUSDT,BUY,LIMIT,1701257653263,2.748,2066.93
ETHUSDT,SELL,LIMIT,1701258409161,0.161,2043.88
ETHUSDT,BUY,LIMIT,1701259181798,0.739,2062.96
ETHUSDT,SELL,LIMIT,1701260291447,0.018,2044.39
ETHUSDT,SELL,LIMIT,1701260334273,1.702,2040.08
ETHUSDT,BUY,LIMIT,1701261046477,0.732,2067.83
ETHUSDT,BUY,LIMIT,1701261232853,0.328,2068.73
ETHUSDT,BUY,LIMIT,1701261285178,0.021,2069.27
ETHUSDT,BUY,LIMIT,1701261289371,0.033,2069.85
ETHUSDT,BUY,LIMIT,1701261296305,0.162,2069.81
ETHUSDT,BUY,LIMIT,1701261721460,4.941,2069.04
ETHUSDT,BUY,LIMIT,1701262042473,0.111,2066.45
ETHUSDT,BUY,LIMIT,1701262953659,0.075,2064.92
ETHUSDT,SELL,LIMIT,1701263419588,0.717,2047.07
ETHUSDT,SELL,LIMIT,1701263421905,0.110,2048.45
ETHUSDT,BUY,LIMIT,1701264820053,0.149,2071.08
ETHUSDT,BUY,LIMIT,1701264826052,0.022,2071.95
ETHUSDT,SELL,LIMIT,1701266575321,4.530,2041.68
ETHUSDT,SELL,LIMIT,1701267773363,4.568,2039.82
ETHUSDT,SELL,LIMIT,1701267777111,2.427,2039.51
ETHUSDT,SELL,LIMIT,1701267780202,0.487,2039.26
ETHUSDT,SELL,LIMIT,1701267782544,0.860,2039.23
ETHUSDT,SELL,LIMIT,1701267791510,0.485,2038.95
ETHUSDT,SELL,LIMIT,1701268329110,0.372,2038.72
ETHUSDT,SELL,LIMIT,1701268330201,1.996,2038.75
ETHUSDT,SELL,LIMIT,1701268331317,0.076,2038.34
ETHUSDT,SELL,LIMIT,1701268349352,0.389,2038.32
ETHUSDT,SELL,LIMIT,1701268353070,0.097,2039.28
ETHUSDT,SELL,LIMIT,1701268360528,0.825,2037.93
ETHUSDT,SELL,LIMIT,1701268368243,0.204,2037.51
ETHUSDT,SELL,LIMIT,1701268372466,0.583,2038.16
ETHUSDT,SELL,LIMIT,1701268376829,0.583,2037.31
ETHUSDT,SELL,LIMIT,1701268413420,0.270,2037.10
ETHUSDT,SELL,LIMIT,1701268414819,0.121,2036.97
ETHUSDT,SELL,LIMIT,1701268417001,0.821,2036.83
ETHUSDT,SELL,LIMIT,1701268418011,2.430,2036.38
ETHUSDT,SELL,LIMIT,1701268424973,10.358,2036.37
ETHUSDT,SELL,LIMIT,1701268432389,1.000,2035.80
ETHUSDT,SELL,LIMIT,1701268433565,0.025,2035.62
ETHUSDT,SELL,LIMIT,1701268452121,22.315,2034.75
ETHUSDT,SELL,LIMIT,1701268453079,0.071,2034.23
ETHUSDT,SELL,LIMIT,1701268454421,0.187,2033.36
ETHUSDT,SELL,LIMIT,1701268814905,0.177,2037.50
ETHUSDT,SELL,LIMIT,1701268900275,0.724,2036.05
ETHUSDT,SELL,LIMIT,1701269110268,0.136,2034.20
ETHUSDT,SELL,LIMIT,1701269132304,0.259,2033.72
ETHUSDT,SELL,LIMIT,1701269133387,0.049,2033.77
ETHUSDT,SELL,LIMIT,1701269136175,0.174,2033.28
ETHUSDT,SELL,LIMIT,1701269144684,0.267,2033.01
ETHUSDT,SELL,LIMIT,1701269146298,0.422,2032.86
ETHUSDT,SELL,LIMIT,1701269147496,0.990,2032.64
ETHUSDT,SELL,LIMIT,1701269149685,0.461,2032.18
ETHUSDT,SELL,LIMIT,1701269151004,0.285,2032.07
ETHUSDT,SELL,LIMIT,1701269152114,0.250,2031.64
ETHUSDT,SELL,LIMIT,1701269155275,0.100,2031.37
ETHUSDT,SELL,LIMIT,1701269157137,5.891,2031.16
ETHUSDT,SELL,LIMIT,1701269158156,0.021,2031.01
ETHUSDT,SELL,LIMIT,1701269252564,0.787,2031.41
ETHUSDT,SELL,LIMIT,1701269254266,10.000,2031.02
ETHUSDT,SELL,LIMIT,1701269256964,1.487,2030.76
ETHUSDT,SELL,LIMIT,1701269258104,0.021,2030.66
ETHUSDT,SELL,LIMIT,1701269259205,0.031,2030.40
ETHUSDT,SELL,LIMIT,1701269260382,0.920,2030.10
ETHUSDT,SELL,LIMIT,1701269292264,0.362,2029.81
ETHUSDT,SELL,LIMIT,1701269293232,21.906,2029.72
ETHUSDT,SELL,LIMIT,1701269294392,1.500,2029.14
ETHUSDT,SELL,LIMIT,1701269295361,4.361,2028.74
ETHUSDT,SELL,LIMIT,1701269296889,0.389,2027.98
ETHUSDT,SELL,LIMIT,1701269298555,0.250,2027.75
ETHUSDT,SELL,LIMIT,1701269299585,0.105,2026.89
ETHUSDT,SELL,LIMIT,1701269301127,0.010,2026.63
ETHUSDT,SELL,LIMIT,1701269302166,0.300,2026.56
ETHUSDT,SELL,LIMIT,1701269333072,0.791,2026.09
ETHUSDT,SELL,LIMIT,1701269334178,0.175,2026.49
ETHUSDT,SELL,LIMIT,1701269335227,0.169,2025.62
ETHUSDT,SELL,LIMIT,1701269336287,1.138,2025.89
ETHUSDT,SELL,LIMIT,1701269388205,1.090,2025.15
ETHUSDT,SELL,LIMIT,1701269391529,0.087,2024.92
ETHUSDT,SELL,LIMIT,1701269392791,0.153,2024.45
ETHUSDT,SELL,LIMIT,1701269393856,4.481,2023.20
ETHUSDT,SELL,LIMIT,1701269394887,0.502,2022.94
ETHUSDT,SELL,LIMIT,1701270279956,0.043,2025.57
ETHUSDT,SELL,LIMIT,1701270337819,0.098,2024.02
ETHUSDT,SELL,LIMIT,1701270389463,0.014,2022.77
ETHUSDT,SELL,LIMIT,1701270409032,0.279,2022.36
ETHUSDT,SELL,LIMIT,1701270410044,23.229,2022.20
ETHUSDT,SELL,LIMIT,1701270418168,0.578,2021.80
ETHUSDT,SELL,LIMIT,1701270419176,0.011,2021.75
ETHUSDT,SELL,LIMIT,1701270420238,0.055,2021.79
ETHUSDT,SELL,LIMIT,1701270437049,1.700,2021.33
ETHUSDT,SELL,LIMIT,1701270438252,2.103,2021.29
ETHUSDT,SELL,LIMIT,1701270441206,0.190,2021.06
ETHUSDT,SELL,LIMIT,1701270442259,0.210,2020.71
ETHUSDT,SELL,LIMIT,1701270446419,0.106,2020.68
ETHUSDT,SELL,LIMIT,1701270447967,0.050,2020.69
ETHUSDT,SELL,LIMIT,1701270448993,0.360,2020.57
ETHUSDT,SELL,LIMIT,1701270450472,0.484,2019.99
ETHUSDT,SELL,LIMIT,1701270451700,1.354,2019.16
ETHUSDT,SELL,LIMIT,1701270453063,0.060,2020.17
ETHUSDT,SELL,LIMIT,1701270455341,0.486,2020.02
ETHUSDT,SELL,LIMIT,1701270467448,0.023,2019.89
ETHUSDT,SELL,LIMIT,1701270482613,0.250,2019.42
ETHUSDT,SELL,LIMIT,1701270536609,1.259,2019.34
ETHUSDT,SELL,LIMIT,1701270542068,0.342,2019.08
ETHUSDT,SELL,LIMIT,1701270547347,9.750,2019.14
ETHUSDT,SELL,LIMIT,1701270548509,0.870,2018.92
ETHUSDT,SELL,LIMIT,1701270549909,0.413,2018.70
ETHUSDT,SELL,LIMIT,1701270554443,0.018,2018.72
ETHUSDT,SELL,LIMIT,1701270563621,1.572,2018.68
ETHUSDT,SELL,LIMIT,1701270568446,0.670,2018.42
ETHUSDT,SELL,LIMIT,1701270569494,0.073,2018.33
ETHUSDT,SELL,LIMIT,1701270571535,0.342,2018.27
ETHUSDT,SELL,LIMIT,1701270572647,0.332,2017.23
ETHUSDT,SELL,LIMIT,1701270573812,20.259,2016.72
ETHUSDT,SELL,LIMIT,1701270575918,0.920,2016.86
ETHUSDT,SELL,LIMIT,1701270584034,0.095,2017.41
ETHUSDT,SELL,LIMIT,1701270585080,0.093,2016.66
ETHUSDT,SELL,LIMIT,1701270588790,0.483,2016.72
ETHUSDT,SELL,LIMIT,1701270592566,0.511,2016.68
ETHUSDT,SELL,LIMIT,1701270593591,0.563,2016.59
ETHUSDT,SELL,LIMIT,1701270610036,3.414,2016.60
ETHUSDT,SELL,LIMIT,1701270611857,0.010,2016.57
ETHUSDT,SELL,LIMIT,1701270613077,7.247,2016.14
ETHUSDT,SELL,LIMIT,1701270614147,0.151,2015.92
ETHUSDT,SELL,LIMIT,1701270616216,0.197,2015.30
ETHUSDT,SELL,LIMIT,1701270617184,0.242,2015.32
ETHUSDT,SELL,LIMIT,1701270618169,0.068,2015.06
ETHUSDT,SELL,LIMIT,1701270619871,0.331,2014.81
ETHUSDT,SELL,LIMIT,1701270739451,0.274,2014.49
ETHUSDT,SELL,LIMIT,1701270741207,0.274,2014.48
ETHUSDT,SELL,LIMIT,1701270742424,0.618,2014.21
ETHUSDT,SELL,LIMIT,1701270744934,2.189,2014.32
ETHUSDT,SELL,LIMIT,1701270762299,0.062,2014.31
ETHUSDT,SELL,LIMIT,1701270764088,0.298,2013.86
ETHUSDT,SELL,LIMIT,1701270765308,0.731,2013.77
ETHUSDT,SELL,LIMIT,1701270839109,1.168,2013.28
ETHUSDT,SELL,LIMIT,1701270841356,0.285,2013.21
ETHUSDT,SELL,LIMIT,1701270848380,0.193,2013.34
ETHUSDT,SELL,LIMIT,1701270919199,0.024,2012.81
ETHUSDT,SELL,LIMIT,1701271166188,0.389,2012.74
ETHUSDT,SELL,LIMIT,1701271167231,0.192,2012.53
ETHUSDT,SELL,LIMIT,1701271193003,2.867,2012.45
ETHUSDT,SELL,LIMIT,1701271203331,0.050,2012.39
ETHUSDT,SELL,LIMIT,1701271205245,2.797,2012.18
ETHUSDT,SELL,LIMIT,1701271206314,2.595,2011.94
ETHUSDT,SELL,LIMIT,1701271207381,0.570,2011.35
ETHUSDT,SELL,LIMIT,1701271208472,0.773,2011.20
ETHUSDT,SELL,LIMIT,1701271209567,6.911,2010.66
ETHUSDT,SELL,LIMIT,1701271241269,0.012,2010.83
ETHUSDT,SELL,LIMIT,1701271244419,0.695,2010.68
ETHUSDT,SELL,LIMIT,1701271245765,0.300,2010.47
ETHUSDT,BUY,LIMIT,1701272003625,0.112,2038.25
ETHUSDT,BUY,LIMIT,1701272197832,0.152,2039.97
ETHUSDT,BUY,LIMIT,1701272202587,0.849,2040.14
ETHUSDT,BUY,LIMIT,1701272203829,0.832,2040.80
ETHUSDT,BUY,LIMIT,1701272402098,0.250,2042.01
ETHUSDT,SELL,LIMIT,1701272420783,0.081,2021.59
ETHUSDT,BUY,LIMIT,1701272429845,0.745,2042.48
ETHUSDT,BUY,LIMIT,1701272443007,0.354,2042.57
ETHUSDT,BUY,LIMIT,1701272483660,1.000,2043.90
ETHUSDT,BUY,LIMIT,1701272486911,0.992,2043.89
ETHUSDT,BUY,LIMIT,1701272510227,2.000,2044.80
ETHUSDT,BUY,LIMIT,1701272517692,1.869,2044.92
ETHUSDT,SELL,LIMIT,1701274448195,0.136,2014.37
ETHUSDT,SELL,LIMIT,1701274516504,0.249,2014.02
ETHUSDT,SELL,LIMIT,1701274518686,1.018,2013.99
ETHUSDT,SELL,LIMIT,1701274524353,0.063,2013.76
ETHUSDT,SELL,LIMIT,1701274525694,0.011,2013.45
ETHUSDT,SELL,LIMIT,1701274527472,4.491,2013.25
ETHUSDT,SELL,LIMIT,1701274549258,0.213,2012.94
ETHUSDT,SELL,LIMIT,1701274562576,0.026,2013.53
ETHUSDT,SELL,LIMIT,1701274573262,0.218,2012.63
ETHUSDT,SELL,LIMIT,1701274575510,0.030,2012.51
ETHUSDT,SELL,LIMIT,1701274591696,2.201,2012.10
ETHUSDT,SELL,LIMIT,1701274595722,0.080,2011.81
ETHUSDT,SELL,LIMIT,1701274665584,0.016,2011.69
ETHUSDT,SELL,LIMIT,1701274666789,0.016,2011.52
ETHUSDT,SELL,LIMIT,1701274670205,4.483,2011.31
ETHUSDT,SELL,LIMIT,1701274675138,0.084,2011.09
ETHUSDT,SELL,LIMIT,1701274691048,0.492,2010.88
ETHUSDT,SELL,LIMIT,1701274692235,0.171,2010.63
ETHUSDT,SELL,LIMIT,1701274693469,1.578,2010.72
ETHUSDT,SELL,LIMIT,1701274733347,0.130,2010.42
ETHUSDT,SELL,LIMIT,1701274738537,0.054,2010.39
ETHUSDT,SELL,LIMIT,1701274742295,0.322,2010.31
ETHUSDT,SELL,LIMIT,1701274748130,0.017,2010.05
ETHUSDT,BUY,LIMIT,1701275515044,0.699,2028.34
ETHUSDT,SELL,LIMIT,1701275721839,3.750,2011.70
ETHUSDT,SELL,LIMIT,1701275807495,5.949,2010.42
ETHUSDT,SELL,LIMIT,1701275834726,0.242,2010.07
ETHUSDT,SELL,LIMIT,1701275839198,2.118,2009.91
ETHUSDT,SELL,LIMIT,1701275840241,0.208,2009.80
ETHUSDT,SELL,LIMIT,1701275841495,1.621,2009.66
ETHUSDT,SELL,LIMIT,1701275842503,2.593,2009.56
ETHUSDT,BUY,LIMIT,1701279699502,47.001,2040.72
ETHUSDT,BUY,LIMIT,1701279704474,2.675,2040.77
ETHUSDT,BUY,LIMIT,1701279731228,0.242,2040.86
ETHUSDT,BUY,LIMIT,1701279929057,1.505,2041.19
ETHUSDT,BUY,LIMIT,1701279935105,0.212,2041.48
ETHUSDT,BUY,LIMIT,1701279936572,0.244,2041.59
ETHUSDT,BUY,LIMIT,1701279969161,5.000,2042.08
ETHUSDT,BUY,LIMIT,1701279993433,0.526,2042.34
ETHUSDT,BUY,LIMIT,1701279999841,0.039,2042.67
ETHUSDT,BUY,LIMIT,1701280003146,0.026,2042.80
ETHUSDT,BUY,LIMIT,1701280151275,0.056,2043.11
ETHUSDT,BUY,LIMIT,1701280155487,0.034,2043.33
ETHUSDT,BUY,LIMIT,1701280161068,2.040,2043.58
ETHUSDT,BUY,LIMIT,1701280168278,0.043,2044.28
ETHUSDT,BUY,LIMIT,1701280181554,48.949,2044.67
ETHUSDT,BUY,LIMIT,1701280203594,0.542,2044.75
ETHUSDT,BUY,LIMIT,1701280464360,0.014,2045.09
ETHUSDT,BUY,LIMIT,1701280466156,0.200,2045.56
ETHUSDT,BUY,LIMIT,1701280469295,0.305,2045.77
ETHUSDT,BUY,LIMIT,1701280474962,0.736,2046.15
ETHUSDT,BUY,LIMIT,1701280476222,0.136,2046.20
ETHUSDT,BUY,LIMIT,1701280499121,0.205,2046.48
ETHUSDT,BUY,LIMIT,1701280502533,2.466,2046.67
ETHUSDT,BUY,LIMIT,1701280503763,11.079,2047.11
ETHUSDT,BUY,LIMIT,1701280505499,7.000,2047.71
ETHUSDT,SELL,LIMIT,1701280666039,0.273,2024.39
ETHUSDT,SELL,LIMIT,1701281379526,1.750,2022.10
ETHUSDT,BUY,LIMIT,1701281980973,0.340,2044.03
ETHUSDT,BUY,LIMIT,1701283763375,0.989,2047.76
ETHUSDT,BUY,LIMIT,1701283874192,0.246,2047.64
ETHUSDT,SELL,LIMIT,1701284422140,0.238,2041.87
ETHUSDT,BUY,LIMIT,1701284479127,0.169,2048.18
ETHUSDT,BUY,LIMIT,1701284480187,0.027,2048.62
ETHUSDT,BUY,LIMIT,1701284482819,0.065,2049.12
ETHUSDT,BUY,LIMIT,1701284489261,0.364,2048.92
ETHUSDT,BUY,LIMIT,1701284528160,1.012,2048.14
ETHUSDT,BUY,LIMIT,1701284940780,26.986,2049.17
ETHUSDT,BUY,LIMIT,1701284949046,101.873,2050.95
ETHUSDT,BUY,LIMIT,1701284958737,8.144,2049.67
ETHUSDT,BUY,LIMIT,1701284959869,1.175,2049.67
ETHUSDT,BUY,LIMIT,1701284962460,0.114,2049.71
ETHUSDT,BUY,LIMIT,1701284978903,2.043,2049.80
ETHUSDT,BUY,LIMIT,1701284995332,3.347,2049.90
ETHUSDT,BUY,LIMIT,1701284998961,0.338,2049.97
ETHUSDT,BUY,LIMIT,1701285000841,0.066,2050.19
ETHUSDT,BUY,LIMIT,1701285037071,10.308,2050.63
ETHUSDT,BUY,LIMIT,1701285038233,0.654,2050.68
ETHUSDT,BUY,LIMIT,1701285039574,0.492,2051.34
ETHUSDT,BUY,LIMIT,1701285041257,0.301,2052.04
ETHUSDT,BUY,LIMIT,1701285057750,2.679,2051.55
ETHUSDT,BUY,LIMIT,1701285059149,0.164,2051.30
ETHUSDT,SELL,LIMIT,1701288287798,0.001,2027.00
ETHUSDT,SELL,LIMIT,1701289627687,0.157,2021.52
ETHUSDT,SELL,LIMIT,1701289633378,0.047,2020.46
ETHUSDT,SELL,LIMIT,1701289701256,0.098,2019.93
ETHUSDT,SELL,LIMIT,1701289924534,0.010,2018.42
ETHUSDT,SELL,LIMIT,1701289930728,1.511,2018.29
ETHUSDT,SELL,LIMIT,1701290025232,0.025,2018.90
ETHUSDT,SELL,LIMIT,1701290037968,0.027,2018.06
ETHUSDT,SELL,LIMIT,1701290039140,0.580,2017.65
ETHUSDT,SELL,LIMIT,1701290040743,19.075,2017.43
ETHUSDT,SELL,LIMIT,1701290042417,0.064,2017.23
ETHUSDT,SELL,LIMIT,1701290123057,0.292,2016.89
ETHUSDT,SELL,LIMIT,1701290124440,0.140,2016.76
ETHUSDT,SELL,LIMIT,1701290150957,0.045,2016.32
ETHUSDT,SELL,LIMIT,1701290152040,0.982,2015.44
ETHUSDT,SELL,LIMIT,1701290155215,0.638,2015.40
ETHUSDT,SELL,LIMIT,1701290168528,0.019,2015.18
ETHUSDT,SELL,LIMIT,1701290178043,0.699,2019.26
ETHUSDT,SELL,LIMIT,1701290180273,20.000,2017.17
ETHUSDT,SELL,LIMIT,1701290184268,0.309,2014.87
ETHUSDT,SELL,LIMIT,1701290189088,1.339,2014.14
ETHUSDT,SELL,LIMIT,1701290190210,0.928,2014.36
ETHUSDT,SELL,LIMIT,1701290232879,3.440,2014.04
ETHUSDT,SELL,LIMIT,1701290235406,23.260,2013.89
ETHUSDT,SELL,LIMIT,1701290238026,0.337,2013.81
ETHUSDT,SELL,LIMIT,1701290312571,0.036,2013.51
ETHUSDT,SELL,LIMIT,1701290333533,0.223,2013.40
ETHUSDT,SELL,LIMIT,1701290335511,4.700,2013.11
ETHUSDT,SELL,LIMIT,1701290337061,0.909,2012.42
ETHUSDT,SELL,LIMIT,1701290338222,1.778,2012.44
ETHUSDT,SELL,LIMIT,1701290340608,14.763,2012.09
ETHUSDT,SELL,LIMIT,1701290342404,0.021,2011.84
ETHUSDT,SELL,LIMIT,1701290351431,0.265,2011.26
ETHUSDT,SELL,LIMIT,1701290371175,0.664,2010.95
ETHUSDT,SELL,LIMIT,1701290412958,0.011,2010.53
ETHUSDT,SELL,LIMIT,1701290417926,2.462,2010.22
ETHUSDT,SELL,LIMIT,1701290421180,0.026,2009.93
ETHUSDT,SELL,LIMIT,1701292014233,0.166,2013.44
ETHUSDT,SELL,LIMIT,1701294660186,3.201,2015.05
ETHUSDT,BUY,LIMIT,1701297509470,4.000,2041.02
ETHUSDT,BUY,LIMIT,1701303930419,3.202,2042.74
ETHUSDT,BUY,LIMIT,1701303931960,5.606,2043.56
ETHUSDT,SELL,LIMIT,1701306225117,0.039,2015.24
ETHUSDT,SELL,LIMIT,1701306429222,0.974,2012.81
ETHUSDT,SELL,LIMIT,1701306513025,0.642,2012.53
ETHUSDT,SELL,LIMIT,1701306588035,0.160,2012.37
ETHUSDT,SELL,LIMIT,1701306627987,0.134,2012.38
ETHUSDT,BUY,LIMIT,1701311392312,4.322,2041.90
ETHUSDT,BUY,LIMIT,1701311393902,0.049,2041.98
ETHUSDT,BUY,LIMIT,1701311431716,0.174,2042.61
ETHUSDT,BUY,LIMIT,1701311923908,0.660,2043.82
ETHUSDT,BUY,LIMIT,1701311928642,0.022,2038.56
ETHUSDT,BUY,LIMIT,1701311929773,1.294,2044.58
ETHUSDT,BUY,LIMIT,1701311932381,0.096,2044.91
ETHUSDT,BUY,LIMIT,1701311987733,0.234,2045.02
ETHUSDT,BUY,LIMIT,1701312100848,0.010,2045.06
ETHUSDT,BUY,LIMIT,1701312108931,0.039,2045.10
ETHUSDT,BUY,LIMIT,1701312148040,0.205,2045.28
ETHUSDT,BUY,LIMIT,1701312149184,0.067,2045.60
ETHUSDT,BUY,LIMIT,1701312568404,0.042,2046.35
ETHUSDT,SELL,LIMIT,1701313739100,0.295,2021.48
ETHUSDT,BUY,LIMIT,1701315451809,2.828,2044.51
ETHUSDT,BUY,LIMIT,1701315608472,1.320,2046.28
ETHUSDT,BUY,LIMIT,1701315642385,0.018,2046.85
ETHUSDT,BUY,LIMIT,1701315706721,0.138,2047.19
ETHUSDT,BUY,LIMIT,1701315709453,0.158,2047.51
ETHUSDT,BUY,LIMIT,1701316052036,0.778,2047.37
ETHUSDT,BUY,LIMIT,1701316068294,2.253,2048.36
ETHUSDT,BUY,LIMIT,1701316069415,0.187,2048.33
ETHUSDT,BUY,LIMIT,1701316085089,0.985,2048.59
ETHUSDT,BUY,LIMIT,1701316101839,3.978,2048.81
ETHUSDT,BUY,LIMIT,1701316102909,0.127,2049.04
ETHUSDT,BUY,LIMIT,1701316113539,4.131,2048.71
ETHUSDT,BUY,LIMIT,1701316119619,0.802,2049.52
ETHUSDT,BUY,LIMIT,1701316268732,0.948,2044.18
ETHUSDT,BUY,LIMIT,1701316384230,1.135,2049.83
ETHUSDT,BUY,LIMIT,1701316395125,0.246,2049.89
ETHUSDT,BUY,LIMIT,1701316507279,0.146,2050.00
ETHUSDT,BUY,LIMIT,1701316792198,0.135,2050.62
ETHUSDT,BUY,LIMIT,1701316812743,0.270,2049.85
ETHUSDT,BUY,LIMIT,1701317261934,0.837,2051.01
ETHUSDT,BUY,LIMIT,1701317265430,0.061,2051.09
ETHUSDT,BUY,LIMIT,1701317310150,0.017,2051.17
ETHUSDT,BUY,LIMIT,1701317317128,0.275,2051.21
ETHUSDT,BUY,LIMIT,1701317318363,0.259,2051.33
ETHUSDT,BUY,LIMIT,1701317321560,0.200,2051.39
ETHUSDT,BUY,LIMIT,1701317426436,12.622,2051.80
ETHUSDT,BUY,LIMIT,1701317428877,0.428,2051.91
ETHUSDT,BUY,LIMIT,1701317450057,0.062,2052.22
ETHUSDT,BUY,LIMIT,1701317506227,0.373,2052.55
ETHUSDT,BUY,LIMIT,1701317513173,0.909,2052.80
ETHUSDT,BUY,LIMIT,1701317521307,1.638,2052.77
ETHUSDT,BUY,LIMIT,1701317524296,23.742,2052.81
ETHUSDT,BUY,LIMIT,1701317526087,1.930,2053.06
ETHUSDT,BUY,LIMIT,1701317581735,0.004,2053.50
ETHUSDT,SELL,LIMIT,1701321367791,1.225,2025.37
ETHUSDT,SELL,LIMIT,1701326319778,0.068,2022.58
ETHUSDT,SELL,LIMIT,1701326545608,0.985,2023.58
ETHUSDT,SELL,LIMIT,1701326808128,0.559,2022.16
ETHUSDT,SELL,LIMIT,1701327058102,0.096,2021.24
ETHUSDT,SELL,LIMIT,1701327239654,0.001,2023.13
ETHUSDT,SELL,LIMIT,1701328281392,0.030,2026.92
ETHUSDT,SELL,LIMIT,1701331568796,0.415,2022.86
ETHUSDT,SELL,LIMIT,1701331588251,0.100,2022.64
ETHUSDT,SELL,LIMIT,1701331591496,0.022,2022.97
ETHUSDT,SELL,LIMIT,1701331662062,0.023,2021.35
ETHUSDT,SELL,LIMIT,1701331732044,0.030,2021.54
ETHUSDT,SELL,LIMIT,1701331812737,0.272,2021.48
ETHUSDT,SELL,LIMIT,1701331843255,0.078,2020.81
ETHUSDT,SELL,LIMIT,1701332362229,46.068,2019.22
ETHUSDT,SELL,LIMIT,1701332366229,0.483,2019.18
ETHUSDT,SELL,LIMIT,1701332436129,0.766,2019.08
ETHUSDT,SELL,LIMIT,1701332440271,0.882,2018.60
ETHUSDT,SELL,LIMIT,1701332468767,0.062,2018.36
ETHUSDT,SELL,LIMIT,1701332473556,0.723,2018.18
ETHUSDT,SELL,LIMIT,1701332475073,1.697,2017.89
ETHUSDT,SELL,LIMIT,1701332597131,0.403,2017.77
ETHUSDT,SELL,LIMIT,1701332598185,5.118,2017.23
ETHUSDT,SELL,LIMIT,1701332774245,0.168,2016.81
ETHUSDT,SELL,LIMIT,1701332786186,10.000,2017.57
ETHUSDT,SELL,LIMIT,1701332788875,0.084,2016.29
ETHUSDT,SELL,LIMIT,1701333056181,3.000,2016.59
ETHUSDT,SELL,LIMIT,1701333070297,18.780,2015.96
ETHUSDT,SELL,LIMIT,1701333363443,1.000,2016.42
ETHUSDT,SELL,LIMIT,1701333446247,0.397,2015.92
ETHUSDT,SELL,LIMIT,1701333448152,0.581,2015.62
ETHUSDT,SELL,LIMIT,1701333467522,0.031,2015.26
ETHUSDT,SELL,LIMIT,1701333469061,0.094,2015.04
ETHUSDT,SELL,LIMIT,1701333484239,0.273,2014.78
ETHUSDT,SELL,LIMIT,1701333485465,1.000,2014.93
ETHUSDT,SELL,LIMIT,1701333552645,7.216,2014.21
ETHUSDT,SELL,LIMIT,1701333553921,0.049,2014.17
ETHUSDT,SELL,LIMIT,1701333556045,0.570,2013.57
ETHUSDT,SELL,LIMIT,1701333557195,0.071,2013.85
ETHUSDT,SELL,LIMIT,1701333558374,47.100,2013.26
ETHUSDT,SELL,LIMIT,1701333563185,40.063,2013.17
ETHUSDT,SELL,LIMIT,1701333564237,5.000,2013.20
ETHUSDT,SELL,LIMIT,1701333565598,0.462,2012.79
ETHUSDT,SELL,LIMIT,1701333620180,0.676,2013.23
ETHUSDT,SELL,LIMIT,1701333638270,0.025,2012.72
ETHUSDT,SELL,LIMIT,1701333639302,0.232,2012.68
ETHUSDT,SELL,LIMIT,1701333644357,2.592,2012.63
ETHUSDT,SELL,LIMIT,1701333649120,0.014,2012.22
ETHUSDT,SELL,LIMIT,1701333650273,1.992,2012.23
ETHUSDT,SELL,LIMIT,1701333673039,2.261,2011.49
ETHUSDT,SELL,LIMIT,1701333674096,0.153,2011.40
ETHUSDT,SELL,LIMIT,1701333678931,15.027,2011.21
ETHUSDT,SELL,LIMIT,1701333682370,0.010,2011.10
ETHUSDT,SELL,LIMIT,1701333685424,0.125,2011.07
ETHUSDT,BUY,LIMIT,1701337795834,4.264,2041.36
ETHUSDT,BUY,LIMIT,1701337962222,0.365,2042.60
ETHUSDT,BUY,LIMIT,1701340183679,0.160,2043.03
ETHUSDT,BUY,LIMIT,1701340210807,0.511,2043.39
ETHUSDT,BUY,LIMIT,1701341207285,0.084,2043.77
ETHUSDT,BUY,LIMIT,1701343160300,3.294,2043.97
ETHUSDT,BUY,LIMIT,1701344067694,0.038,2045.35
ETHUSDT,BUY,LIMIT,1701344093186,0.295,2045.53
ETHUSDT,BUY,LIMIT,1701344111313,0.068,2045.93
ETHUSDT,BUY,LIMIT,1701344122304,0.276,2046.43
ETHUSDT,BUY,LIMIT,1701344123523,0.334,2046.20
ETHUSDT,BUY,LIMIT,1701344142306,1.000,2046.76
ETHUSDT,BUY,LIMIT,1701344143948,0.739,2046.95
ETHUSDT,BUY,LIMIT,1701344197058,0.048,2047.65
ETHUSDT,BUY,LIMIT,1701344209627,7.000,2047.87
ETHUSDT,BUY,LIMIT,1701344213128,0.112,2047.98
ETHUSDT,BUY,LIMIT,1701344228422,0.551,2048.37
ETHUSDT,BUY,LIMIT,1701344230094,0.900,2048.70
ETHUSDT,BUY,LIMIT,1701344859012,2.757,2049.13
ETHUSDT,BUY,LIMIT,1701344892396,0.106,2049.35
ETHUSDT,BUY,LIMIT,1701344977629,2.886,2049.54
ETHUSDT,BUY,LIMIT,1701344982149,0.029,2050.05
ETHUSDT,BUY,LIMIT,1701344987537,0.061,2050.22
ETHUSDT,BUY,LIMIT,1701344989106,0.605,2050.55
ETHUSDT,BUY,LIMIT,1701345005456,11.105,2050.92
ETHUSDT,BUY,LIMIT,1701345011054,0.984,2051.04
ETHUSDT,BUY,LIMIT,1701345076591,1.026,2051.25
ETHUSDT,BUY,LIMIT,1701345080352,0.049,2051.40
ETHUSDT,BUY,LIMIT,1701345081390,0.039,2051.43
ETHUSDT,BUY,LIMIT,1701345243082,0.345,2051.95
ETHUSDT,BUY,LIMIT,1701345293044,3.997,2052.24
ETHUSDT,BUY,LIMIT,1701345294129,1.869,2052.61
ETHUSDT,BUY,LIMIT,1701345296363,0.377,2052.76
ETHUSDT,BUY,LIMIT,1701345303175,0.033,2053.02
ETHUSDT,BUY,LIMIT,1701345316860,1.968,2053.34
ETHUSDT,BUY,LIMIT,1701345339706,0.506,2053.76
ETHUSDT,BUY,LIMIT,1701345368740,4.693,2053.93
ETHUSDT,BUY,LIMIT,1701345370300,1.000,2054.15
ETHUSDT,BUY,LIMIT,1701345371380,0.219,2054.29
ETHUSDT,BUY,LIMIT,1701345373329,0.018,2054.69
ETHUSDT,BUY,LIMIT,1701345374496,1.488,2054.33
ETHUSDT,BUY,LIMIT,1701345376189,0.122,2054.94
ETHUSDT,BUY,LIMIT,1701345377216,0.010,2054.91
ETHUSDT,BUY,LIMIT,1701345395246,0.014,2055.11
ETHUSDT,BUY,LIMIT,1701345397119,0.064,2055.17
ETHUSDT,BUY,LIMIT,1701345402234,0.032,2055.36
ETHUSDT,BUY,LIMIT,1701345526345,0.298,2055.58
ETHUSDT,BUY,LIMIT,1701345529195,20.027,2055.63
ETHUSDT,BUY,LIMIT,1701345535374,0.310,2055.65
ETHUSDT,BUY,LIMIT,1701345536912,1.500,2055.91
ETHUSDT,BUY,LIMIT,1701345540172,0.327,2056.05
ETHUSDT,BUY,LIMIT,1701345541392,0.026,2056.37
ETHUSDT,BUY,LIMIT,1701345543670,4.805,2056.41
ETHUSDT,BUY,LIMIT,1701345547130,0.159,2056.64
ETHUSDT,BUY,LIMIT,1701345606364,0.963,2056.96
ETHUSDT,BUY,LIMIT,1701345608004,0.150,2057.12
ETHUSDT,BUY,LIMIT,1701345611050,0.955,2057.24
ETHUSDT,BUY,LIMIT,1701345612110,1.226,2057.38
ETHUSDT,BUY,LIMIT,1701345618538,4.050,2057.67
ETHUSDT,BUY,LIMIT,1701345620753,0.010,2057.90
ETHUSDT,BUY,LIMIT,1701345622143,1.293,2057.92
ETHUSDT,BUY,LIMIT,1701345631247,0.274,2057.99
ETHUSDT,BUY,LIMIT,1701345658712,7.083,2058.16
ETHUSDT,BUY,LIMIT,1701345852211,3.000,2057.56
ETHUSDT,BUY,LIMIT,1701345876356,0.141,2058.37
ETHUSDT,BUY,LIMIT,1701345879491,0.196,2058.38
ETHUSDT,BUY,LIMIT,1701345883199,0.024,2058.47
ETHUSDT,BUY,LIMIT,1701345945477,0.010,2058.78
ETHUSDT,BUY,LIMIT,1701345947730,1.800,2058.79
ETHUSDT,BUY,LIMIT,1701345950503,2.890,2059.10
ETHUSDT,BUY,LIMIT,1701345952348,0.031,2059.55
ETHUSDT,BUY,LIMIT,1701345953466,0.078,2059.59
ETHUSDT,BUY,LIMIT,1701345965353,0.039,2059.70
ETHUSDT,BUY,LIMIT,1701345986140,3.384,2060.15
ETHUSDT,BUY,LIMIT,1701345987190,3.267,2060.05
ETHUSDT,BUY,LIMIT,1701345995119,0.048,2060.71
ETHUSDT,BUY,LIMIT,1701345996166,4.910,2060.90
ETHUSDT,BUY,LIMIT,1701345997372,0.010,2060.88
ETHUSDT,BUY,LIMIT,1701346000339,0.913,2061.14
ETHUSDT,BUY,LIMIT,1701346006193,0.020,2061.41
ETHUSDT,BUY,LIMIT,1701346018682,0.121,2062.01
ETHUSDT,BUY,LIMIT,1701346020762,0.400,2062.06
ETHUSDT,BUY,LIMIT,1701348479995,1.288,2057.02
ETHUSDT,BUY,LIMIT,1701348504415,8.230,2057.49
ETHUSDT,SELL,LIMIT,1701349596800,0.156,2030.92
ETHUSDT,SELL,LIMIT,1701349622636,0.975,2030.29
ETHUSDT,SELL,LIMIT,1701349625328,0.293,2030.15
ETHUSDT,SELL,LIMIT,1701350172244,0.011,2028.87
ETHUSDT,SELL,LIMIT,1701350177413,0.137,2028.66
ETHUSDT,BUY,LIMIT,1701351983360,0.198,2056.28
ETHUSDT,BUY,LIMIT,1701352051111,0.029,2058.89
ETHUSDT,SELL,LIMIT,1701352264578,4.651,2028.84
ETHUSDT,SELL,LIMIT,1701352288580,2.005,2028.24
ETHUSDT,SELL,LIMIT,1701352291928,1.000,2027.93
ETHUSDT,SELL,LIMIT,1701352304290,3.021,2027.34
ETHUSDT,SELL,LIMIT,1701352472635,0.158,2026.99
ETHUSDT,SELL,LIMIT,1701352473910,0.060,2026.61
ETHUSDT,SELL,LIMIT,1701352476098,0.700,2026.06
ETHUSDT,SELL,LIMIT,1701352481641,0.982,2025.83
ETHUSDT,SELL,LIMIT,1701352488731,0.011,2025.84
ETHUSDT,SELL,LIMIT,1701352504402,5.378,2025.63
ETHUSDT,SELL,LIMIT,1701352505468,0.027,2025.67
ETHUSDT,SELL,LIMIT,1701352506706,26.981,2025.59
ETHUSDT,SELL,LIMIT,1701352509138,2.841,2025.19
ETHUSDT,SELL,LIMIT,1701352510288,2.073,2025.17
ETHUSDT,SELL,LIMIT,1701352511291,1.470,2024.61
ETHUSDT,SELL,LIMIT,1701352512434,0.072,2024.59
ETHUSDT,SELL,LIMIT,1701352514546,0.301,2024.19
ETHUSDT,SELL,LIMIT,1701352523092,0.448,2023.40
ETHUSDT,SELL,LIMIT,1701352524113,0.037,2023.58
ETHUSDT,SELL,LIMIT,1701352525151,0.037,2023.27
ETHUSDT,SELL,LIMIT,1701352527078,11.995,2022.78
ETHUSDT,SELL,LIMIT,1701352529292,0.012,2022.32
ETHUSDT,SELL,LIMIT,1701352531199,4.637,2021.12
ETHUSDT,SELL,LIMIT,1701352532361,1.127,2020.94
