Symbol,Side,Order Type,Time,Quantity,Price
ETHUSDT,BUY,LIMIT,1701065797103,0.017,2063.17
ETHUSDT,BUY,LIMIT,1701066977439,0.091,2052.49
ETHUSDT,SELL,LIMIT,1701067272061,0.089,2041.90
ETHUSDT,SELL,LIMIT,1701067746925,0.472,2040.82
ETHUSDT,BUY,LIMIT,1701067748857,3.031,2059.58
ETHUSDT,SELL,LIMIT,1701067750903,0.106,2040.26
ETHUSDT,BUY,LIMIT,1701067752173,1.360,2060.80
ETHUSDT,BUY,LIMIT,1701067814196,0.522,2041.35
ETHUSDT,BUY,LIMIT,1701067815246,0.487,2060.43
ETHUSDT,SELL,LIMIT,1701067841178,0.232,2042.31
ETHUSDT,SELL,LIMIT,1701067858488,3.785,2038.18
ETHUSDT,SELL,LIMIT,1701067871120,2.416,2037.41
ETHUSDT,BUY,LIMIT,1701068054068,0.159,2056.19
ETHUSDT,SELL,LIMIT,1701068086238,2.403,2038.21
ETHUSDT,BUY,LIMIT,1701068114902,2.346,2055.45
ETHUSDT,SELL,LIMIT,1701068154391,0.416,2035.26
ETHUSDT,SELL,LIMIT,1701068163665,17.087,2034.48
ETHUSDT,SELL,LIMIT,1701068170640,0.847,2033.44
ETHUSDT,SELL,LIMIT,1701068238463,0.134,2033.33
ETHUSDT,SELL,LIMIT,1701068250195,9.191,2032.97
ETHUSDT,SELL,LIMIT,1701068286583,0.693,2032.50
ETHUSDT,SELL,LIMIT,1701068288308,0.053,2032.36
ETHUSDT,SELL,LIMIT,1701068292118,0.252,2032.25
ETHUSDT,SELL,LIMIT,1701068371119,0.211,2032.05
ETHUSDT,SELL,LIMIT,1701068375266,2.201,2031.89
ETHUSDT,SELL,LIMIT,1701068381410,1.505,2031.79
ETHUSDT,SELL,LIMIT,1701068402078,0.018,2031.69
ETHUSDT,SELL,LIMIT,1701068404149,0.439,2031.37
ETHUSDT,SELL,LIMIT,1701068950984,0.644,2034.99
ETHUSDT,SELL,LIMIT,1701068997849,0.060,2036.03
ETHUSDT,BUY,LIMIT,1701069413331,0.480,2055.57
ETHUSDT,SELL,LIMIT,1701069526416,1.017,2034.12
ETHUSDT,SELL,LIMIT,1701069535194,0.512,2033.73
ETHUSDT,SELL,LIMIT,1701069554683,0.424,2039.30
ETHUSDT,BUY,LIMIT,1701069556123,0.121,2052.95
ETHUSDT,SELL,LIMIT,1701069573714,0.025,2031.84
ETHUSDT,SELL,LIMIT,1701069575249,0.888,2031.62
ETHUSDT,SELL,LIMIT,1701069635188,1.950,2031.06
ETHUSDT,SELL,LIMIT,1701069637974,0.169,2030.91
ETHUSDT,SELL,LIMIT,1701069797990,9.591,2031.80
ETHUSDT,SELL,LIMIT,1701069803144,11.110,2031.83
ETHUSDT,SELL,LIMIT,1701069805727,1.261,2031.32
ETHUSDT,SELL,LIMIT,1701069807140,3.393,2032.09
ETHUSDT,SELL,LIMIT,1701069827058,0.240,2030.93
ETHUSDT,SELL,LIMIT,1701069829092,2.000,2030.91
ETHUSDT,SELL,LIMIT,1701069851935,0.519,2031.55
ETHUSDT,SELL,LIMIT,1701069855286,0.174,2030.73
ETHUSDT,SELL,LIMIT,1701069856579,0.038,2030.66
ETHUSDT,SELL,LIMIT,1701069871081,0.794,2030.47
ETHUSDT,SELL,LIMIT,1701069879326,0.309,2030.27
ETHUSDT,SELL,LIMIT,1701069881142,1.089,2030.26
ETHUSDT,SELL,LIMIT,1701069882134,24.366,2029.13
ETHUSDT,SELL,LIMIT,1701069883218,4.892,2029.22
ETHUSDT,SELL,LIMIT,1701069886102,0.602,2029.22
ETHUSDT,SELL,LIMIT,1701069892104,0.332,2029.12
ETHUSDT,SELL,LIMIT,1701069894192,0.010,2029.09
ETHUSDT,SELL,LIMIT,1701069897465,4.764,2028.95
ETHUSDT,SELL,LIMIT,1701069898502,0.020,2028.58
ETHUSDT,SELL,LIMIT,1701069901989,0.480,2028.59
ETHUSDT,SELL,LIMIT,1701069913244,1.032,2028.59
ETHUSDT,SELL,LIMIT,1701069916218,0.877,2028.53
ETHUSDT,SELL,LIMIT,1701069918247,0.042,2028.52
ETHUSDT,SELL,LIMIT,1701070043097,0.228,2028.49
ETHUSDT,SELL,LIMIT,1701070054483,0.019,2028.46
ETHUSDT,SELL,LIMIT,1701070056270,0.255,2028.27
ETHUSDT,SELL,LIMIT,1701070057403,0.199,2027.82
ETHUSDT,SELL,LIMIT,1701070059365,0.186,2027.48
ETHUSDT,SELL,LIMIT,1701070060437,0.400,2027.61
ETHUSDT,SELL,LIMIT,1701070061562,1.357,2027.06
ETHUSDT,SELL,LIMIT,1701070062847,0.329,2026.57
ETHUSDT,SELL,LIMIT,1701070063913,0.084,2026.32
ETHUSDT,SELL,LIMIT,1701070070310,0.483,2026.90
ETHUSDT,BUY,LIMIT,1701070110543,0.022,2039.34
ETHUSDT,SELL,LIMIT,1701070159248,0.337,2026.19
ETHUSDT,SELL,LIMIT,1701070167520,0.270,2026.19
ETHUSDT,SELL,LIMIT,1701070169114,0.145,2026.08
ETHUSDT,SELL,LIMIT,1701070170139,3.623,2025.93
ETHUSDT,SELL,LIMIT,1701070171172,0.956,2024.13
ETHUSDT,SELL,LIMIT,1701070172108,20.613,2023.01
ETHUSDT,SELL,LIMIT,1701070173412,0.878,2023.17
ETHUSDT,SELL,LIMIT,1701070435916,0.788,2024.90
ETHUSDT,SELL,LIMIT,1701070438212,0.036,2022.61
ETHUSDT,SELL,LIMIT,1701070439083,0.915,2022.33
ETHUSDT,SELL,LIMIT,1701070440100,0.096,2022.24
ETHUSDT,SELL,LIMIT,1701070440882,0.675,2021.30
ETHUSDT,SELL,LIMIT,1701070442314,8.079,2021.21
ETHUSDT,BUY,LIMIT,1701071224178,0.245,2053.84
ETHUSDT,BUY,LIMIT,1701071515819,0.013,2054.69
ETHUSDT,BUY,LIMIT,1701072620317,0.010,2056.42
ETHUSDT,BUY,LIMIT,1701072831861,0.143,2056.90
ETHUSDT,BUY,LIMIT,1701073562752,0.183,2058.33
ETHUSDT,BUY,LIMIT,1701073654329,0.209,2058.85
ETHUSDT,SELL,LIMIT,1701074374166,0.072,2043.79
ETHUSDT,BUY,LIMIT,1701075600395,0.177,2056.47
ETHUSDT,BUY,LIMIT,1701076366245,0.063,2060.27
ETHUSDT,BUY,LIMIT,1701076411307,0.085,2060.52
ETHUSDT,BUY,LIMIT,1701076553684,0.245,2061.94
ETHUSDT,BUY,LIMIT,1701076575767,0.013,2062.54
ETHUSDT,SELL,LIMIT,1701076797118,0.341,2039.62
ETHUSDT,SELL,LIMIT,1701077010357,1.131,2039.27
ETHUSDT,BUY,LIMIT,1701077399082,0.002,2059.98
ETHUSDT,SELL,LIMIT,1701080323068,1.193,2032.39
ETHUSDT,SELL,LIMIT,1701080437251,0.054,2031.77
ETHUSDT,SELL,LIMIT,1701080493042,0.968,2031.35
ETHUSDT,SELL,LIMIT,1701080504573,13.414,2030.84
ETHUSDT,SELL,LIMIT,1701080505754,1.096,2030.48
ETHUSDT,SELL,LIMIT,1701080514146,0.023,2030.27
ETHUSDT,SELL,LIMIT,1701080515177,0.089,2030.14
ETHUSDT,SELL,LIMIT,1701080517464,1.061,2030.03
ETHUSDT,SELL,LIMIT,1701080525254,0.408,2029.97
ETHUSDT,SELL,LIMIT,1701080526491,0.128,2029.91
ETHUSDT,SELL,LIMIT,1701080528724,0.379,2029.54
ETHUSDT,SELL,LIMIT,1701080538386,0.869,2029.27
ETHUSDT,SELL,LIMIT,1701080540667,0.242,2029.08
ETHUSDT,SELL,LIMIT,1701080544416,0.250,2028.53
ETHUSDT,SELL,LIMIT,1701080617660,0.104,2028.27
ETHUSDT,SELL,LIMIT,1701080621457,14.862,2028.18
ETHUSDT,SELL,LIMIT,1701080622906,0.082,2028.13
ETHUSDT,SELL,LIMIT,1701080643750,0.179,2027.93
ETHUSDT,SELL,LIMIT,1701080644983,0.048,2027.89
ETHUSDT,SELL,LIMIT,1701080646612,0.258,2027.86
ETHUSDT,SELL,LIMIT,1701080649089,0.049,2027.83
ETHUSDT,SELL,LIMIT,1701080659726,0.165,2027.75
ETHUSDT,SELL,LIMIT,1701080668322,0.017,2027.50
ETHUSDT,SELL,LIMIT,1701080677449,0.241,2027.46
ETHUSDT,SELL,LIMIT,1701080678978,1.827,2027.30
ETHUSDT,SELL,LIMIT,1701080681096,1.186,2027.14
ETHUSDT,SELL,LIMIT,1701080685216,0.349,2027.07
ETHUSDT,SELL,LIMIT,1701080714126,0.060,2026.95
ETHUSDT,SELL,LIMIT,1701080752116,0.630,2026.54
ETHUSDT,SELL,LIMIT,1701080756240,33.283,2025.88
ETHUSDT,SELL,LIMIT,1701080757382,0.010,2026.05
ETHUSDT,SELL,LIMIT,1701080765676,1.377,2025.73
ETHUSDT,SELL,LIMIT,1701080776454,0.134,2025.69
ETHUSDT,SELL,LIMIT,1701080778880,0.060,2025.31
ETHUSDT,SELL,LIMIT,1701080786072,0.356,2025.25
ETHUSDT,SELL,LIMIT,1701080787270,0.553,2028.91
ETHUSDT,SELL,LIMIT,1701080804191,0.567,2025.01
ETHUSDT,SELL,LIMIT,1701080805215,2.175,2024.31
ETHUSDT,SELL,LIMIT,1701080840069,0.029,2024.35
ETHUSDT,SELL,LIMIT,1701080845778,0.404,2024.23
ETHUSDT,SELL,LIMIT,1701080847431,0.054,2024.11
ETHUSDT,SELL,LIMIT,1701080849476,4.799,2024.06
ETHUSDT,SELL,LIMIT,1701080851267,0.048,2023.82
ETHUSDT,SELL,LIMIT,1701080852298,0.024,2023.75
ETHUSDT,SELL,LIMIT,1701080867065,0.046,2023.32
ETHUSDT,SELL,LIMIT,1701080868230,0.055,2023.56
ETHUSDT,SELL,LIMIT,1701080871336,1.937,2022.98
ETHUSDT,SELL,LIMIT,1701080875441,0.184,2022.80
ETHUSDT,SELL,LIMIT,1701081130258,3.904,2021.95
ETHUSDT,SELL,LIMIT,1701081131669,0.491,2022.55
ETHUSDT,SELL,LIMIT,1701081165064,0.450,2021.58
ETHUSDT,SELL,LIMIT,1701081198329,5.207,2021.21
ETHUSDT,SELL,LIMIT,1701081201042,0.978,2021.02
ETHUSDT,SELL,LIMIT,1701081202245,7.314,2021.13
ETHUSDT,SELL,LIMIT,1701081203317,1.506,2020.91
ETHUSDT,SELL,LIMIT,1701081206097,0.110,2020.66
ETHUSDT,SELL,LIMIT,1701081207247,0.094,2020.61
ETHUSDT,SELL,LIMIT,1701081209335,0.092,2020.45
ETHUSDT,SELL,LIMIT,1701081258003,0.489,2020.72
ETHUSDT,SELL,LIMIT,1701081327152,0.282,2020.19
ETHUSDT,SELL,LIMIT,1701081328058,0.098,2019.96
ETHUSDT,SELL,LIMIT,1701081328937,0.114,2019.19
ETHUSDT,SELL,LIMIT,1701081329965,14.470,2017.97
ETHUSDT,SELL,LIMIT,1701081408211,0.128,2018.95
ETHUSDT,SELL,LIMIT,1701081409963,0.208,2017.83
ETHUSDT,SELL,LIMIT,1701081434356,6.240,2017.74
ETHUSDT,SELL,LIMIT,1701081435419,3.147,2017.05
ETHUSDT,SELL,LIMIT,1701081436504,1.026,2016.88
ETHUSDT,SELL,LIMIT,1701081437588,0.187,2016.63
ETHUSDT,SELL,LIMIT,1701081438594,0.500,2015.87
ETHUSDT,SELL,LIMIT,1701081439717,48.142,2015.42
ETHUSDT,SELL,LIMIT,1701081448043,2.620,2015.15
ETHUSDT,SELL,LIMIT,1701081449135,0.021,2015.12
ETHUSDT,SELL,LIMIT,1701081450123,6.180,2013.42
ETHUSDT,SELL,LIMIT,1701081451215,0.145,2014.45
ETHUSDT,SELL,LIMIT,1701081452349,5.174,2013.64
ETHUSDT,SELL,LIMIT,1701081484484,8.824,2013.20
ETHUSDT,SELL,LIMIT,1701081486152,0.522,2013.12
ETHUSDT,SELL,LIMIT,1701081487264,3.780,2012.69
ETHUSDT,SELL,LIMIT,1701081488280,0.248,2012.51
ETHUSDT,SELL,LIMIT,1701081572073,0.230,2012.28
ETHUSDT,SELL,LIMIT,1701081573196,9.300,2012.36
ETHUSDT,SELL,LIMIT,1701081579313,0.299,2013.96
ETHUSDT,SELL,LIMIT,1701081580496,0.049,2011.95
ETHUSDT,SELL,LIMIT,1701081582423,0.033,2012.02
ETHUSDT,SELL,LIMIT,1701081584168,0.083,2011.78
ETHUSDT,SELL,LIMIT,1701081605119,1.000,2012.03
ETHUSDT,SELL,LIMIT,1701081606190,0.491,2012.23
ETHUSDT,SELL,LIMIT,1701081609099,0.300,2011.91
ETHUSDT,SELL,LIMIT,1701081610374,2.283,2012.07
ETHUSDT,SELL,LIMIT,1701081796859,0.132,2011.68
ETHUSDT,SELL,LIMIT,1701081797954,0.048,2011.46
ETHUSDT,SELL,LIMIT,1701082007170,0.851,2011.40
ETHUSDT,SELL,LIMIT,1701082008296,0.999,2010.85
ETHUSDT,SELL,LIMIT,1701082009465,0.214,2010.97
ETHUSDT,SELL,LIMIT,1701082010741,0.229,2010.83
ETHUSDT,SELL,LIMIT,1701082018606,0.012,2011.00
ETHUSDT,SELL,LIMIT,1701082020187,0.033,2012.37
ETHUSDT,SELL,LIMIT,1701082023093,2.074,2011.02
ETHUSDT,SELL,LIMIT,1701082035120,2.107,2010.73
ETHUSDT,SELL,LIMIT,1701082118042,3.976,2009.82
ETHUSDT,SELL,LIMIT,1701082119065,0.030,2010.45
ETHUSDT,SELL,LIMIT,1701082120286,8.908,2009.29
ETHUSDT,SELL,LIMIT,1701082123073,0.500,2008.51
ETHUSDT,SELL,LIMIT,1701082124107,1.421,2008.55
ETHUSDT,SELL,LIMIT,1701082125125,0.324,2008.18
ETHUSDT,SELL,LIMIT,1701082126391,10.859,2007.81
ETHUSDT,SELL,LIMIT,1701082127404,1.116,2007.90
ETHUSDT,SELL,LIMIT,1701082651083,10.333,2010.09
ETHUSDT,SELL,LIMIT,1701082653560,0.318,2010.05
ETHUSDT,SELL,LIMIT,1701082687202,0.292,2009.44
ETHUSDT,SELL,LIMIT,1701082693176,0.151,2009.02
ETHUSDT,SELL,LIMIT,1701082694871,1.100,2009.12
ETHUSDT,SELL,LIMIT,1701082698106,0.441,2008.97
ETHUSDT,SELL,LIMIT,1701082700411,2.414,2008.95
ETHUSDT,SELL,LIMIT,1701082703420,13.999,2008.60
ETHUSDT,SELL,LIMIT,1701082705557,0.142,2008.50
ETHUSDT,SELL,LIMIT,1701082726146,0.144,2007.82
ETHUSDT,SELL,LIMIT,1701082727335,0.010,2007.38
ETHUSDT,SELL,LIMIT,1701082728465,0.493,2007.60
ETHUSDT,SELL,LIMIT,1701083396069,1.407,2008.62
ETHUSDT,SELL,LIMIT,1701083766064,2.500,2006.98
ETHUSDT,SELL,LIMIT,1701083767123,0.820,2006.88
ETHUSDT,SELL,LIMIT,1701083768124,2.306,2006.80
ETHUSDT,SELL,LIMIT,1701084796449,0.111,2010.18
ETHUSDT,SELL,LIMIT,1701084883252,0.017,2016.14
ETHUSDT,SELL,LIMIT,1701084930460,0.446,2007.61
ETHUSDT,BUY,LIMIT,1701085064495,0.029,2037.59
ETHUSDT,BUY,LIMIT,1701085801057,0.025,2037.79
ETHUSDT,BUY,LIMIT,1701085839105,1.040,2037.93
ETHUSDT,BUY,LIMIT,1701085893616,0.021,2038.96
ETHUSDT,BUY,LIMIT,1701086043630,0.385,2039.27
ETHUSDT,SELL,LIMIT,1701086724285,1.024,2017.19
ETHUSDT,SELL,LIMIT,1701088149954,0.197,2010.91
ETHUSDT,SELL,LIMIT,1701089933008,2.675,2010.27
ETHUSDT,SELL,LIMIT,1701089984083,0.031,2008.31
ETHUSDT,SELL,LIMIT,1701089985161,0.053,2008.16
ETHUSDT,SELL,LIMIT,1701090009061,2.791,2007.54
ETHUSDT,SELL,LIMIT,1701090015250,0.441,2007.11
ETHUSDT,SELL,LIMIT,1701090032474,1.201,2006.89
ETHUSDT,SELL,LIMIT,1701090035119,0.011,2006.57
ETHUSDT,SELL,LIMIT,1701090036158,0.118,2006.63
ETHUSDT,SELL,LIMIT,1701090038608,0.211,2006.45
ETHUSDT,BUY,LIMIT,1701090947829,0.031,2028.16
ETHUSDT,SELL,LIMIT,1701090971127,0.067,2007.46
ETHUSDT,SELL,LIMIT,1701090981089,0.538,2006.15
ETHUSDT,SELL,LIMIT,1701090982188,0.506,2006.14
ETHUSDT,SELL,LIMIT,1701091131257,0.474,2006.18
ETHUSDT,SELL,LIMIT,1701091161256,0.066,2005.60
ETHUSDT,SELL,LIMIT,1701091162161,0.100,2004.26
ETHUSDT,SELL,LIMIT,1701091163011,0.042,2004.12
ETHUSDT,SELL,LIMIT,1701091164005,0.016,2003.02
ETHUSDT,BUY,LIMIT,1701091284468,0.047,2033.47
ETHUSDT,SELL,LIMIT,1701092450384,0.009,2011.05
ETHUSDT,SELL,LIMIT,1701092667317,35.398,2004.24
ETHUSDT,SELL,LIMIT,1701092755321,0.055,2003.85
ETHUSDT,SELL,LIMIT,1701092758492,0.081,2003.39
ETHUSDT,SELL,LIMIT,1701092888265,4.852,2006.64
ETHUSDT,SELL,LIMIT,1701093117049,0.540,2006.02
ETHUSDT,SELL,LIMIT,1701093119269,0.025,2005.09
ETHUSDT,SELL,LIMIT,1701093121080,0.267,2004.21
ETHUSDT,SELL,LIMIT,1701093125190,0.159,2004.57
ETHUSDT,SELL,LIMIT,1701093129288,6.019,2004.26
ETHUSDT,SELL,LIMIT,1701093133160,4.650,2004.20
ETHUSDT,SELL,LIMIT,1701093135810,4.815,2003.76
ETHUSDT,SELL,LIMIT,1701093137323,13.829,2003.46
ETHUSDT,SELL,LIMIT,1701093138289,4.242,2003.14
ETHUSDT,BUY,LIMIT,1701093238638,0.404,2025.53
ETHUSDT,BUY,LIMIT,1701093444755,12.089,2033.63
ETHUSDT,BUY,LIMIT,1701093460530,0.149,2034.18
ETHUSDT,BUY,LIMIT,1701093464107,2.382,2034.23
ETHUSDT,SELL,LIMIT,1701093476543,0.093,2012.96
ETHUSDT,SELL,LIMIT,1701093683326,0.060,2014.46
ETHUSDT,BUY,LIMIT,1701093691383,0.010,2035.14
ETHUSDT,BUY,LIMIT,1701093694032,0.029,2035.32
ETHUSDT,BUY,LIMIT,1701093712128,0.019,2035.73
ETHUSDT,BUY,LIMIT,1701093742083,0.419,2036.34
ETHUSDT,BUY,LIMIT,1701093743167,0.991,2036.30
ETHUSDT,BUY,LIMIT,1701093768285,0.035,2036.82
ETHUSDT,BUY,LIMIT,1701093778809,7.598,2037.23
ETHUSDT,BUY,LIMIT,1701093794331,1.079,2037.49
ETHUSDT,BUY,LIMIT,1701093798112,0.099,2037.98
ETHUSDT,BUY,LIMIT,1701093799233,2.534,2038.17
ETHUSDT,BUY,LIMIT,1701093831176,7.747,2039.13
ETHUSDT,BUY,LIMIT,1701093833878,5.624,2039.19
ETHUSDT,BUY,LIMIT,1701094012915,0.161,2036.35
ETHUSDT,SELL,LIMIT,1701094711146,1.241,2008.79
ETHUSDT,SELL,LIMIT,1701094792820,3.934,2008.52
ETHUSDT,SELL,LIMIT,1701094981148,1.017,2007.63
ETHUSDT,SELL,LIMIT,1701094986332,0.014,2007.49
ETHUSDT,SELL,LIMIT,1701095006494,0.144,2007.31
ETHUSDT,SELL,LIMIT,1701095396794,0.069,2008.97
ETHUSDT,SELL,LIMIT,1701095552387,1.528,2006.60
ETHUSDT,SELL,LIMIT,1701095598099,0.039,2006.39
ETHUSDT,SELL,LIMIT,1701095599536,0.387,2006.15
ETHUSDT,SELL,LIMIT,1701095612297,0.319,2005.49
ETHUSDT,SELL,LIMIT,1701097031234,2.000,2004.23
ETHUSDT,SELL,LIMIT,1701097033314,1.280,2004.12
ETHUSDT,SELL,LIMIT,1701097046695,0.094,2004.08
ETHUSDT,SELL,LIMIT,1701097051696,0.218,2004.03
ETHUSDT,SELL,LIMIT,1701097058509,3.822,2003.95
ETHUSDT,SELL,LIMIT,1701097075524,0.361,2003.45
ETHUSDT,SELL,LIMIT,1701097078995,5.704,2003.28
ETHUSDT,SELL,LIMIT,1701097085768,0.040,2003.19
ETHUSDT,SELL,LIMIT,1701097091850,24.704,2003.03
ETHUSDT,SELL,LIMIT,1701097094164,0.161,2002.81
ETHUSDT,SELL,LIMIT,1701097096238,0.145,2002.71
ETHUSDT,SELL,LIMIT,1701097098395,80.000,2001.33
ETHUSDT,SELL,LIMIT,1701097099511,0.032,2002.40
ETHUSDT,SELL,LIMIT,1701097100516,0.110,2002.36
ETHUSDT,SELL,LIMIT,1701097101487,0.013,2002.04
ETHUSDT,BUY,LIMIT,1701097372866,0.082,2031.72
ETHUSDT,BUY,LIMIT,1701097382433,4.965,2032.44
ETHUSDT,BUY,LIMIT,1701097430970,0.063,2034.34
ETHUSDT,BUY,LIMIT,1701097441484,10.032,2034.51
ETHUSDT,BUY,LIMIT,1701097466112,0.766,2035.18
ETHUSDT,BUY,LIMIT,1701098186430,0.244,2036.80
ETHUSDT,BUY,LIMIT,1701098193698,0.068,2036.88
ETHUSDT,BUY,LIMIT,1701098236754,0.019,2037.59
ETHUSDT,BUY,LIMIT,1701098238957,1.894,2037.65
ETHUSDT,SELL,LIMIT,1701099213738,0.011,2006.75
ETHUSDT,SELL,LIMIT,1701099222131,0.295,2006.55
ETHUSDT,SELL,LIMIT,1701099230483,0.141,2006.09
ETHUSDT,SELL,LIMIT,1701099235346,0.240,2005.53
ETHUSDT,SELL,LIMIT,1701099236768,0.031,2005.43
ETHUSDT,SELL,LIMIT,1701099239972,0.987,2005.39
ETHUSDT,SELL,LIMIT,1701099362079,0.072,2005.16
ETHUSDT,SELL,LIMIT,1701099964254,0.038,2004.92
ETHUSDT,SELL,LIMIT,1701099966207,34.930,2004.48
ETHUSDT,SELL,LIMIT,1701099968051,0.053,2004.00
ETHUSDT,SELL,LIMIT,1701099969243,0.394,2003.48
ETHUSDT,SELL,LIMIT,1701099971668,0.014,2003.47
ETHUSDT,SELL,LIMIT,1701099974818,0.200,2003.44
ETHUSDT,SELL,LIMIT,1701099978707,0.329,2003.20
ETHUSDT,SELL,LIMIT,1701099979847,0.121,2003.17
ETHUSDT,SELL,LIMIT,1701099980967,1.335,2003.15
ETHUSDT,SELL,LIMIT,1701099998408,0.001,2002.60
ETHUSDT,SELL,LIMIT,1701100021819,0.967,2002.46
ETHUSDT,SELL,LIMIT,1701100087278,0.071,2001.97
ETHUSDT,SELL,LIMIT,1701100088526,1.354,2001.88
ETHUSDT,SELL,LIMIT,1701100120064,4.365,2002.30
ETHUSDT,SELL,LIMIT,1701100125154,0.411,2002.30
ETHUSDT,SELL,LIMIT,1701100130242,0.096,2001.52
ETHUSDT,SELL,LIMIT,1701100131427,0.293,2001.05
ETHUSDT,SELL,LIMIT,1701100132496,2.503,2001.36
ETHUSDT,SELL,LIMIT,1701100139110,0.337,2001.13
ETHUSDT,SELL,LIMIT,1701100140185,0.224,2001.10
ETHUSDT,SELL,LIMIT,1701100141278,0.067,2001.02
ETHUSDT,SELL,LIMIT,1701100146277,0.292,2000.88
ETHUSDT,SELL,LIMIT,1701100147295,1.766,2000.89
ETHUSDT,SELL,LIMIT,1701100148707,0.477,2000.77
ETHUSDT,SELL,LIMIT,1701100155236,1.000,2000.61
ETHUSDT,SELL,LIMIT,1701100156244,0.673,2000.49
ETHUSDT,SELL,LIMIT,1701100157319,0.015,2000.42
ETHUSDT,SELL,LIMIT,1701100158375,0.100,2000.21
ETHUSDT,SELL,LIMIT,1701100159411,3.267,2000.21
ETHUSDT,SELL,LIMIT,1701100182128,0.273,2017.96
ETHUSDT,BUY,LIMIT,1701100183993,0.130,2014.47
ETHUSDT,SELL,LIMIT,1701100215670,123.601,1998.10
ETHUSDT,SELL,LIMIT,1701100217243,0.196,2001.43
ETHUSDT,SELL,LIMIT,1701100218196,0.073,1999.71
ETHUSDT,SELL,LIMIT,1701100219183,1.000,1998.82
ETHUSDT,SELL,LIMIT,1701100220144,0.400,1998.87
ETHUSDT,SELL,LIMIT,1701100221280,49.400,1997.18
ETHUSDT,SELL,LIMIT,1701100222329,0.087,1997.91
ETHUSDT,SELL,LIMIT,1701100223547,0.796,1997.15
ETHUSDT,SELL,LIMIT,1701100280410,1.200,2001.49
ETHUSDT,SELL,LIMIT,1701100283141,1.000,1998.58
ETHUSDT,BUY,LIMIT,1701100284901,2.244,2018.76
ETHUSDT,SELL,LIMIT,1701100512122,0.445,1998.64
ETHUSDT,SELL,LIMIT,1701100513757,0.036,1998.52
ETHUSDT,SELL,LIMIT,1701100522458,0.031,2022.42
ETHUSDT,SELL,LIMIT,1701100523871,0.126,1999.73
ETHUSDT,SELL,LIMIT,1701100530208,0.198,1997.95
ETHUSDT,SELL,LIMIT,1701100536179,4.000,1997.91
ETHUSDT,SELL,LIMIT,1701100562662,1.000,1997.37
ETHUSDT,SELL,LIMIT,1701100564083,0.275,1996.91
ETHUSDT,SELL,LIMIT,1701100565128,0.195,1997.07
ETHUSDT,SELL,LIMIT,1701100566383,1.029,1996.76
ETHUSDT,SELL,LIMIT,1701100567417,0.850,1996.46
ETHUSDT,SELL,LIMIT,1701100570438,0.122,1996.52
ETHUSDT,SELL,LIMIT,1701100573097,27.915,1996.39
ETHUSDT,SELL,LIMIT,1701100574156,0.239,1996.28
ETHUSDT,SELL,LIMIT,1701100575182,0.010,1996.19
ETHUSDT,SELL,LIMIT,1701100576268,0.026,1996.10
ETHUSDT,SELL,LIMIT,1701100577310,0.279,1995.97
ETHUSDT,SELL,LIMIT,1701100588135,0.380,1995.76
ETHUSDT,SELL,LIMIT,1701100590895,2.020,1995.53
ETHUSDT,SELL,LIMIT,1701100592569,0.333,1995.42
ETHUSDT,SELL,LIMIT,1701100608836,1.000,1995.66
ETHUSDT,SELL,LIMIT,1701100618166,0.118,1995.72
ETHUSDT,SELL,LIMIT,1701100622315,0.294,1995.31
ETHUSDT,SELL,LIMIT,1701100623812,1.002,1995.26
ETHUSDT,SELL,LIMIT,1701100625141,0.400,1995.26
ETHUSDT,SELL,LIMIT,1701100627787,8.353,1995.38
ETHUSDT,SELL,LIMIT,1701100630092,1.000,1995.21
ETHUSDT,SELL,LIMIT,1701100631236,0.472,1995.19
ETHUSDT,SELL,LIMIT,1701100633247,3.304,1995.14
ETHUSDT,SELL,LIMIT,1701100638646,0.058,1995.11
ETHUSDT,SELL,LIMIT,1701100639618,0.087,1995.00
ETHUSDT,SELL,LIMIT,1701100640464,4.392,1992.32
ETHUSDT,SELL,LIMIT,1701100641405,35.428,1993.32
ETHUSDT,SELL,LIMIT,1701100643004,0.100,1999.77
ETHUSDT,SELL,LIMIT,1701100644218,0.134,1992.42
ETHUSDT,BUY,LIMIT,1701100728100,0.732,2012.75
ETHUSDT,SELL,LIMIT,1701100763374,0.024,1994.30
ETHUSDT,SELL,LIMIT,1701100780114,1.680,1992.29
ETHUSDT,SELL,LIMIT,1701100781184,0.370,1992.20
ETHUSDT,SELL,LIMIT,1701100782394,0.252,1992.03
ETHUSDT,SELL,LIMIT,1701100804967,0.476,1992.94
ETHUSDT,SELL,LIMIT,1701100812652,0.089,1992.84
ETHUSDT,SELL,LIMIT,1701100813908,3.615,1992.39
ETHUSDT,SELL,LIMIT,1701100815238,27.194,1992.38
ETHUSDT,SELL,LIMIT,1701100816419,0.230,1992.38
ETHUSDT,SELL,LIMIT,1701100819778,0.121,1992.40
ETHUSDT,SELL,LIMIT,1701100878164,0.089,1992.11
ETHUSDT,SELL,LIMIT,1701100893842,1.053,1992.04
ETHUSDT,SELL,LIMIT,1701100896363,0.183,1991.95
ETHUSDT,SELL,LIMIT,1701100899212,0.010,1991.56
ETHUSDT,SELL,LIMIT,1701100900281,0.050,1991.70
ETHUSDT,SELL,LIMIT,1701100903114,3.670,1991.50
ETHUSDT,SELL,LIMIT,1701100906035,0.220,1991.33
ETHUSDT,SELL,LIMIT,1701100907044,0.248,1991.06
ETHUSDT,SELL,LIMIT,1701100908107,0.027,1991.01
ETHUSDT,SELL,LIMIT,1701100924330,2.230,1990.92
ETHUSDT,SELL,LIMIT,1701101004142,0.959,1995.18
ETHUSDT,SELL,LIMIT,1701101006972,24.461,1994.72
ETHUSDT,SELL,LIMIT,1701101021046,0.270,1997.56
ETHUSDT,SELL,LIMIT,1701101022158,0.028,2022.44
ETHUSDT,SELL,LIMIT,1701101072802,2.153,1996.48
ETHUSDT,SELL,LIMIT,1701101079321,0.122,1995.54
ETHUSDT,SELL,LIMIT,1701101102650,1.268,1996.70
ETHUSDT,SELL,LIMIT,1701101174314,1.065,1994.67
ETHUSDT,SELL,LIMIT,1701101177240,10.000,1994.31
ETHUSDT,SELL,LIMIT,1701101822865,0.225,1998.63
ETHUSDT,BUY,LIMIT,1701101858789,0.207,2020.07
ETHUSDT,BUY,LIMIT,1701101899258,0.020,2020.73
ETHUSDT,BUY,LIMIT,1701101944359,0.358,2021.90
ETHUSDT,BUY,LIMIT,1701101946131,0.211,2022.06
ETHUSDT,BUY,LIMIT,1701101947495,0.930,2022.21
ETHUSDT,BUY,LIMIT,1701101982912,0.031,2022.73
ETHUSDT,SELL,LIMIT,1701102013569,0.549,2014.55
ETHUSDT,SELL,LIMIT,1701102045347,0.015,2001.93
ETHUSDT,BUY,LIMIT,1701102050389,0.424,2021.71
ETHUSDT,SELL,LIMIT,1701102078346,1.678,2001.01
ETHUSDT,SELL,LIMIT,1701102349640,0.519,1998.82
ETHUSDT,SELL,LIMIT,1701102528423,1.000,2002.81
ETHUSDT,BUY,LIMIT,1701102650477,0.043,2024.01
ETHUSDT,BUY,LIMIT,1701103476314,0.070,2023.77
ETHUSDT,BUY,LIMIT,1701103482980,5.522,2022.65
ETHUSDT,BUY,LIMIT,1701103484259,0.367,2024.89
ETHUSDT,BUY,LIMIT,1701103488455,0.091,2025.35
ETHUSDT,BUY,LIMIT,1701103510190,0.071,2025.52
ETHUSDT,BUY,LIMIT,1701103513414,5.087,2026.97
ETHUSDT,BUY,LIMIT,1701103524212,0.147,2028.01
ETHUSDT,BUY,LIMIT,1701103533151,0.014,2028.62
ETHUSDT,BUY,LIMIT,1701103534800,0.989,2029.44
ETHUSDT,BUY,LIMIT,1701103544014,1.003,2030.03
ETHUSDT,BUY,LIMIT,1701103546868,1.056,2030.42
ETHUSDT,BUY,LIMIT,1701103549227,0.341,2030.90
ETHUSDT,SELL,LIMIT,1701104396302,0.102,2011.55
ETHUSDT,BUY,LIMIT,1701104405342,0.143,2031.42
ETHUSDT,BUY,LIMIT,1701104730654,12.868,2031.54
ETHUSDT,BUY,LIMIT,1701104760817,0.013,2031.57
ETHUSDT,BUY,LIMIT,1701104794209,0.745,2032.16
ETHUSDT,BUY,LIMIT,1701104968458,0.026,2032.77
ETHUSDT,BUY,LIMIT,1701104995070,0.115,2033.72
ETHUSDT,BUY,LIMIT,1701105030391,0.059,2034.11
ETHUSDT,BUY,LIMIT,1701105042174,0.396,2033.99
ETHUSDT,BUY,LIMIT,1701105103191,0.200,2034.55
ETHUSDT,BUY,LIMIT,1701106299311,0.273,2032.56
ETHUSDT,SELL,LIMIT,1701107419580,0.025,2004.14
ETHUSDT,SELL,LIMIT,1701107455097,3.462,2003.65
ETHUSDT,SELL,LIMIT,1701107463213,0.102,2003.59
ETHUSDT,SELL,LIMIT,1701107470058,0.950,2002.99
ETHUSDT,SELL,LIMIT,1701107541296,0.032,2003.81
ETHUSDT,SELL,LIMIT,1701107674020,0.061,2002.27
ETHUSDT,SELL,LIMIT,1701107679481,0.592,2001.84
ETHUSDT,SELL,LIMIT,1701107681291,0.011,2001.78
ETHUSDT,SELL,LIMIT,1701107687005,1.040,2001.58
ETHUSDT,SELL,LIMIT,1701107727357,0.082,2001.38
ETHUSDT,SELL,LIMIT,1701107731191,2.392,2001.35
ETHUSDT,SELL,LIMIT,1701107733083,0.031,2001.05
ETHUSDT,SELL,LIMIT,1701107862313,1.500,2000.72
ETHUSDT,SELL,LIMIT,1701107876138,0.140,2000.08
ETHUSDT,SELL,LIMIT,1701107877283,6.160,1999.88
ETHUSDT,SELL,LIMIT,1701107879890,0.011,1999.24
ETHUSDT,SELL,LIMIT,1701107897219,0.977,1998.63
ETHUSDT,SELL,LIMIT,1701107903013,3.252,1998.55
ETHUSDT,SELL,LIMIT,1701110623261,0.011,2014.16
ETHUSDT,SELL,LIMIT,1701111057131,0.990,2028.87
ETHUSDT,SELL,LIMIT,1701111097048,1.694,2004.89
ETHUSDT,SELL,LIMIT,1701111191838,0.033,2015.49
ETHUSDT,SELL,LIMIT,1701111201642,0.707,2001.09
ETHUSDT,SELL,LIMIT,1701111220318,0.017,1999.94
ETHUSDT,SELL,LIMIT,1701111242133,0.247,1999.46
ETHUSDT,SELL,LIMIT,1701111569375,0.946,1998.52
ETHUSDT,SELL,LIMIT,1701111570414,0.049,1998.46
ETHUSDT,SELL,LIMIT,1701111571543,0.028,1997.85
ETHUSDT,SELL,LIMIT,1701111572713,0.106,1997.63
ETHUSDT,BUY,LIMIT,1701111840663,0.300,2019.37
ETHUSDT,SELL,LIMIT,1701111889883,5.000,1998.09
ETHUSDT,SELL,LIMIT,1701111921389,0.075,1997.11
ETHUSDT,SELL,LIMIT,1701111926196,1.586,1996.69
ETHUSDT,SELL,LIMIT,1701111927276,0.451,1996.75
ETHUSDT,SELL,LIMIT,1701111937676,4.933,1996.97
ETHUSDT,SELL,LIMIT,1701111969359,0.313,1996.40
ETHUSDT,SELL,LIMIT,1701111974501,0.194,1996.05
ETHUSDT,SELL,LIMIT,1701111977221,1.000,1995.84
ETHUSDT,SELL,LIMIT,1701112029111,4.551,1995.63
ETHUSDT,SELL,LIMIT,1701112055042,0.221,1994.42
ETHUSDT,SELL,LIMIT,1701112056297,0.585,1994.68
ETHUSDT,SELL,LIMIT,1701112080201,2.621,1994.01
ETHUSDT,SELL,LIMIT,1701112081200,2.110,1994.01
ETHUSDT,SELL,LIMIT,1701112082974,12.886,1993.31
ETHUSDT,SELL,LIMIT,1701112120295,3.716,1993.18
ETHUSDT,SELL,LIMIT,1701112124772,1.969,1992.98
ETHUSDT,SELL,LIMIT,1701112133734,5.000,1992.86
ETHUSDT,SELL,LIMIT,1701112136206,5.000,1992.75
ETHUSDT,SELL,LIMIT,1701112143030,0.065,1992.51
ETHUSDT,SELL,LIMIT,1701112178404,2.243,1991.96
ETHUSDT,SELL,LIMIT,1701112179449,5.472,1991.81
ETHUSDT,SELL,LIMIT,1701112189891,11.008,1991.78
ETHUSDT,SELL,LIMIT,1701112194715,0.946,1991.54
ETHUSDT,SELL,LIMIT,1701112204660,2.358,1991.43
ETHUSDT,SELL,LIMIT,1701112211106,0.479,1991.39
ETHUSDT,SELL,LIMIT,1701112212341,2.098,1991.37
ETHUSDT,SELL,LIMIT,1701112213743,0.333,1991.12
ETHUSDT,BUY,LIMIT,1701112261787,0.126,2014.04
ETHUSDT,SELL,LIMIT,1701113294187,0.248,2002.32
ETHUSDT,SELL,LIMIT,1701113297428,0.680,1998.61
ETHUSDT,SELL,LIMIT,1701114134716,1.141,1991.24
ETHUSDT,SELL,LIMIT,1701114139613,5.260,1990.98
ETHUSDT,SELL,LIMIT,1701114140777,3.045,1990.85
ETHUSDT,SELL,LIMIT,1701114142316,0.010,1990.60
ETHUSDT,SELL,LIMIT,1701114143922,4.155,1990.54
ETHUSDT,SELL,LIMIT,1701114145200,0.127,1990.51
ETHUSDT,SELL,LIMIT,1701114148539,0.015,1990.47
ETHUSDT,SELL,LIMIT,1701114154964,0.146,1990.44
ETHUSDT,SELL,LIMIT,1701114156292,0.122,1990.43
ETHUSDT,SELL,LIMIT,1701114158118,0.644,1990.41
ETHUSDT,SELL,LIMIT,1701114159907,7.107,1990.33
ETHUSDT,SELL,LIMIT,1701114160807,0.100,1990.10
ETHUSDT,SELL,LIMIT,1701114161628,0.017,1989.74
ETHUSDT,SELL,LIMIT,1701114162520,0.040,1989.28
ETHUSDT,SELL,LIMIT,1701114163344,33.240,1987.80
ETHUSDT,SELL,LIMIT,1701114164202,0.061,1986.50
ETHUSDT,SELL,LIMIT,1701114191124,0.877,1985.94
ETHUSDT,SELL,LIMIT,1701114193105,1.068,1985.61
ETHUSDT,SELL,LIMIT,1701114194112,0.051,1985.59
ETHUSDT,SELL,LIMIT,1701114197109,0.177,1985.38
ETHUSDT,SELL,LIMIT,1701114198384,0.209,1985.36
ETHUSDT,SELL,LIMIT,1701114205359,0.031,1985.42
ETHUSDT,SELL,LIMIT,1701114228095,6.890,1984.67
ETHUSDT,SELL,LIMIT,1701114229141,0.415,1983.97
ETHUSDT,SELL,LIMIT,1701114230224,0.054,1983.97
ETHUSDT,SELL,LIMIT,1701114232152,3.349,1983.61
ETHUSDT,SELL,LIMIT,1701114233110,0.998,1982.34
ETHUSDT,SELL,LIMIT,1701114234159,1.000,1981.93
ETHUSDT,SELL,LIMIT,1701114235200,0.246,1982.19
ETHUSDT,SELL,LIMIT,1701114236236,5.856,1981.87
ETHUSDT,SELL,LIMIT,1701114237261,5.000,1981.07
ETHUSDT,SELL,LIMIT,1701114238282,0.205,1980.16
ETHUSDT,SELL,LIMIT,1701114239403,0.751,1980.41
ETHUSDT,SELL,LIMIT,1701114265145,0.464,1980.31
ETHUSDT,SELL,LIMIT,1701114268569,0.452,1979.94
ETHUSDT,SELL,LIMIT,1701114275548,5.216,1978.90
ETHUSDT,SELL,LIMIT,1701114340724,2.555,1979.97
ETHUSDT,SELL,LIMIT,1701114342058,29.623,1979.29
ETHUSDT,SELL,LIMIT,1701114343100,1.564,1979.30
ETHUSDT,SELL,LIMIT,1701114352848,0.270,1979.95
ETHUSDT,SELL,LIMIT,1701114355054,26.525,1979.96
ETHUSDT,SELL,LIMIT,1701114356322,0.048,1979.80
ETHUSDT,SELL,LIMIT,1701114357830,0.012,1979.76
ETHUSDT,SELL,LIMIT,1701114455283,0.148,1981.89
ETHUSDT,SELL,LIMIT,1701114462271,0.433,1982.98
ETHUSDT,SELL,LIMIT,1701114466184,1.546,1980.57
ETHUSDT,SELL,LIMIT,1701114468449,11.010,1980.15
ETHUSDT,SELL,LIMIT,1701114470497,31.365,1980.01
ETHUSDT,SELL,LIMIT,1701114472743,3.046,1979.82
ETHUSDT,SELL,LIMIT,1701114474797,0.259,1979.69
ETHUSDT,SELL,LIMIT,1701114475979,4.000,1978.90
ETHUSDT,SELL,LIMIT,1701114477089,0.083,1983.19
ETHUSDT,SELL,LIMIT,1701114479622,0.264,1978.97
ETHUSDT,SELL,LIMIT,1701114487867,0.518,1978.72
ETHUSDT,SELL,LIMIT,1701114489136,0.192,1978.36
ETHUSDT,SELL,LIMIT,1701114490176,0.918,1978.13
ETHUSDT,SELL,LIMIT,1701114491256,0.659,1977.94
ETHUSDT,SELL,LIMIT,1701114492277,2.588,1977.28
ETHUSDT,SELL,LIMIT,1701114493806,1.041,1977.05
ETHUSDT,SELL,LIMIT,1701114494981,0.100,1976.91
ETHUSDT,SELL,LIMIT,1701114496064,0.024,1976.36
ETHUSDT,SELL,LIMIT,1701114497141,0.309,1976.40
ETHUSDT,SELL,LIMIT,1701114499377,5.193,1976.31
ETHUSDT,SELL,LIMIT,1701114500676,0.095,1976.25
ETHUSDT,SELL,LIMIT,1701114529992,3.196,1976.85
ETHUSDT,SELL,LIMIT,1701114532201,2.000,1977.05
ETHUSDT,SELL,LIMIT,1701114567912,0.056,1976.27
ETHUSDT,SELL,LIMIT,1701114568923,51.885,1976.12
ETHUSDT,SELL,LIMIT,1701114570062,0.903,1976.13
ETHUSDT,SELL,LIMIT,1701114571204,0.028,1975.62
ETHUSDT,SELL,LIMIT,1701114572338,0.212,1975.93
ETHUSDT,BUY,LIMIT,1701114701377,0.510,1995.38
ETHUSDT,BUY,LIMIT,1701115312453,0.018,2007.03
ETHUSDT,SELL,LIMIT,1701115594226,0.500,1977.91
ETHUSDT,SELL,LIMIT,1701115598466,1.831,1977.36
ETHUSDT,SELL,LIMIT,1701116697362,0.061,1986.94
ETHUSDT,SELL,LIMIT,1701116724035,49.399,1986.51
ETHUSDT,SELL,LIMIT,1701116768115,44.976,1984.97
ETHUSDT,SELL,LIMIT,1701116830192,0.741,1982.62
ETHUSDT,SELL,LIMIT,1701116901840,1.160,1980.78
ETHUSDT,SELL,LIMIT,1701117174271,5.000,1981.59
ETHUSDT,SELL,LIMIT,1701117268959,0.740,1983.44
ETHUSDT,SELL,LIMIT,1701117453760,0.027,1983.34
ETHUSDT,SELL,LIMIT,1701117538344,0.201,1984.67
ETHUSDT,BUY,LIMIT,1701118292332,0.043,2006.92
ETHUSDT,BUY,LIMIT,1701119128418,0.014,2008.66
ETHUSDT,BUY,LIMIT,1701119153044,0.116,2010.04
ETHUSDT,BUY,LIMIT,1701119154200,0.492,2010.31
ETHUSDT,BUY,LIMIT,1701119161289,6.044,2010.95
ETHUSDT,BUY,LIMIT,1701119163035,0.025,2010.99
ETHUSDT,BUY,LIMIT,1701119172690,0.452,2011.26
ETHUSDT,BUY,LIMIT,1701119174965,0.373,2011.45
ETHUSDT,BUY,LIMIT,1701119319408,0.398,2012.04
ETHUSDT,BUY,LIMIT,1701119322698,1.305,2012.76
ETHUSDT,BUY,LIMIT,1701119325887,0.024,2013.04
ETHUSDT,BUY,LIMIT,1701119434106,1.680,2013.94
ETHUSDT,BUY,LIMIT,1701119435422,1.780,2014.13
ETHUSDT,BUY,LIMIT,1701119441143,0.193,2014.77
ETHUSDT,BUY,LIMIT,1701119442343,0.780,2015.05
ETHUSDT,BUY,LIMIT,1701119507426,11.328,2015.36
ETHUSDT,BUY,LIMIT,1701119533999,3.958,2015.76
ETHUSDT,BUY,LIMIT,1701119536072,0.011,2016.04
ETHUSDT,BUY,LIMIT,1701119538914,0.459,2016.18
ETHUSDT,BUY,LIMIT,1701119550359,3.451,2016.57
ETHUSDT,BUY,LIMIT,1701119773528,2.000,2017.20
ETHUSDT,BUY,LIMIT,1701119918951,0.285,2018.31
ETHUSDT,BUY,LIMIT,1701119922229,0.103,2018.59
ETHUSDT,BUY,LIMIT,1701119979567,37.685,2018.97
ETHUSDT,BUY,LIMIT,1701119981940,5.000,2019.09
ETHUSDT,BUY,LIMIT,1701120278684,0.162,2019.21
ETHUSDT,BUY,LIMIT,1701120385225,0.023,2019.52
ETHUSDT,BUY,LIMIT,1701120420463,30.057,2019.85
ETHUSDT,BUY,LIMIT,1701120605323,1.645,2021.08
ETHUSDT,BUY,LIMIT,1701120610287,63.997,2022.06
ETHUSDT,BUY,LIMIT,1701120669379,0.039,2022.47
ETHUSDT,BUY,LIMIT,1701120723393,0.064,2023.42
ETHUSDT,BUY,LIMIT,1701120774906,0.593,2023.56
ETHUSDT,BUY,LIMIT,1701120784374,0.032,2024.31
ETHUSDT,BUY,LIMIT,1701120814453,0.313,2024.49
ETHUSDT,BUY,LIMIT,1701120815689,0.046,2024.96
ETHUSDT,BUY,LIMIT,1701120818194,0.828,2025.63
ETHUSDT,BUY,LIMIT,1701120824541,2.109,2026.00
ETHUSDT,BUY,LIMIT,1701120905668,0.030,2026.38
ETHUSDT,BUY,LIMIT,1701120923713,9.404,2026.69
ETHUSDT,BUY,LIMIT,1701120925123,2.019,2026.88
ETHUSDT,BUY,LIMIT,1701120934470,0.484,2027.52
ETHUSDT,BUY,LIMIT,1701120970263,0.161,2028.23
ETHUSDT,BUY,LIMIT,1701120986941,0.060,2028.85
ETHUSDT,BUY,LIMIT,1701121031797,0.012,2029.16
ETHUSDT,BUY,LIMIT,1701121035864,6.884,2029.31
ETHUSDT,SELL,LIMIT,1701121738756,0.157,2004.65
ETHUSDT,SELL,LIMIT,1701122231118,0.147,2008.75
ETHUSDT,BUY,LIMIT,1701122263194,0.255,2020.10
ETHUSDT,BUY,LIMIT,1701123169069,1.926,2023.02
ETHUSDT,BUY,LIMIT,1701123579991,0.330,2023.23
ETHUSDT,BUY,LIMIT,1701125681133,0.045,2029.73
ETHUSDT,BUY,LIMIT,1701125791402,0.205,2030.46
ETHUSDT,BUY,LIMIT,1701125794032,1.275,2031.18
ETHUSDT,BUY,LIMIT,1701125829079,0.051,2031.30
ETHUSDT,BUY,LIMIT,1701125835679,0.486,2031.34
ETHUSDT,BUY,LIMIT,1701125837032,1.073,2031.42
ETHUSDT,BUY,LIMIT,1701125839162,4.284,2031.49
ETHUSDT,BUY,LIMIT,1701125844110,0.075,2031.54
ETHUSDT,BUY,LIMIT,1701125845661,0.187,2031.55
ETHUSDT,BUY,LIMIT,1701125861624,0.282,2031.74
ETHUSDT,BUY,LIMIT,1701125869893,24.541,2031.78
ETHUSDT,BUY,LIMIT,1701125891792,0.148,2031.83
ETHUSDT,BUY,LIMIT,1701125919027,1.268,2031.89
ETHUSDT,BUY,LIMIT,1701125922198,3.600,2032.07
ETHUSDT,BUY,LIMIT,1701125937337,0.025,2032.53
ETHUSDT,BUY,LIMIT,1701126095848,0.059,2033.14
ETHUSDT,BUY,LIMIT,1701126097223,5.049,2033.43
ETHUSDT,BUY,LIMIT,1701126098419,0.153,2033.48
ETHUSDT,BUY,LIMIT,1701126099572,0.981,2034.16
ETHUSDT,BUY,LIMIT,1701126134589,2.001,2034.38
ETHUSDT,BUY,LIMIT,1701126148902,1.153,2034.48
ETHUSDT,BUY,LIMIT,1701126153575,5.426,2034.65
ETHUSDT,BUY,LIMIT,1701126166482,3.424,2034.88
ETHUSDT,BUY,LIMIT,1701126616130,0.680,2034.36
ETHUSDT,BUY,LIMIT,1701126640530,0.038,2035.00
ETHUSDT,BUY,LIMIT,1701126642720,0.235,2035.05
ETHUSDT,BUY,LIMIT,1701126648636,15.973,2035.43
ETHUSDT,BUY,LIMIT,1701126655841,0.476,2035.64
ETHUSDT,BUY,LIMIT,1701126834420,0.156,2035.10
ETHUSDT,BUY,LIMIT,1701126972657,11.873,2035.82
ETHUSDT,BUY,LIMIT,1701127026137,0.041,2036.00
ETHUSDT,BUY,LIMIT,1701127046717,1.500,2036.20
ETHUSDT,BUY,LIMIT,1701127050969,0.316,2036.39
ETHUSDT,BUY,LIMIT,1701127386498,0.024,2035.72
ETHUSDT,BUY,LIMIT,1701127480071,2.000,2035.73
ETHUSDT,BUY,LIMIT,1701127481272,0.051,2036.53
ETHUSDT,BUY,LIMIT,1701127488170,2.483,2037.15
ETHUSDT,BUY,LIMIT,1701127490906,0.433,2037.69
ETHUSDT,BUY,LIMIT,1701127492446,0.248,2037.95
ETHUSDT,BUY,LIMIT,1701127494544,4.278,2038.06
ETHUSDT,BUY,LIMIT,1701127499488,0.939,2037.86
ETHUSDT,BUY,LIMIT,1701127501890,2.761,2037.91
ETHUSDT,BUY,LIMIT,1701128016203,42.373,2038.26
ETHUSDT,BUY,LIMIT,1701128017469,0.092,2038.42
ETHUSDT,BUY,LIMIT,1701128049206,0.098,2038.45
ETHUSDT,BUY,LIMIT,1701128087326,0.061,2038.66
ETHUSDT,BUY,LIMIT,1701128285918,0.081,2039.12
ETHUSDT,BUY,LIMIT,1701128354667,0.102,2039.34
ETHUSDT,BUY,LIMIT,1701128427820,5.771,2039.61
ETHUSDT,BUY,LIMIT,1701128439086,0.210,2039.73
ETHUSDT,BUY,LIMIT,1701128489266,0.073,2039.87
ETHUSDT,BUY,LIMIT,1701128507037,1.974,2039.90
ETHUSDT,BUY,LIMIT,1701130936998,0.192,2040.37
ETHUSDT,BUY,LIMIT,1701130944223,2.761,2040.47
ETHUSDT,BUY,LIMIT,1701130958315,0.107,2040.63
ETHUSDT,BUY,LIMIT,1701130963531,0.674,2040.81
ETHUSDT,BUY,LIMIT,1701130964832,0.500,2041.24
ETHUSDT,BUY,LIMIT,1701130968169,0.200,2041.84
ETHUSDT,BUY,LIMIT,1701130970122,0.258,2042.44
ETHUSDT,BUY,LIMIT,1701130975237,0.116,2042.50
ETHUSDT,BUY,LIMIT,1701130979676,0.102,2043.01
ETHUSDT,BUY,LIMIT,1701130982052,1.770,2043.16
ETHUSDT,BUY,LIMIT,1701130983789,0.319,2043.18
ETHUSDT,BUY,LIMIT,1701130985097,0.023,2043.24
ETHUSDT,BUY,LIMIT,1701131062676,0.088,2043.76
ETHUSDT,BUY,LIMIT,1701131455196,0.297,2044.19
ETHUSDT,BUY,LIMIT,1701131456794,0.471,2044.39
ETHUSDT,BUY,LIMIT,1701131462227,2.950,2044.74
ETHUSDT,BUY,LIMIT,1701131464535,3.043,2045.91
ETHUSDT,BUY,LIMIT,1701131533191,0.153,2045.87
ETHUSDT,BUY,LIMIT,1701131564283,7.000,2045.99
ETHUSDT,BUY,LIMIT,1701131568418,49.332,2046.24
ETHUSDT,BUY,LIMIT,1701131588619,2.604,2046.45
ETHUSDT,BUY,LIMIT,1701131591103,0.017,2046.50
ETHUSDT,BUY,LIMIT,1701131690592,0.696,2046.64
ETHUSDT,BUY,LIMIT,1701131693598,0.100,2046.68
ETHUSDT,BUY,LIMIT,1701131698147,0.600,2046.84
ETHUSDT,BUY,LIMIT,1701131699182,5.947,2046.93
ETHUSDT,BUY,LIMIT,1701131728511,2.960,2047.06
ETHUSDT,BUY,LIMIT,1701131857400,4.407,2046.89
ETHUSDT,BUY,LIMIT,1701131865062,0.022,2047.17
ETHUSDT,BUY,LIMIT,1701131869387,2.942,2047.19
ETHUSDT,BUY,LIMIT,1701131875519,0.500,2047.26
ETHUSDT,BUY,LIMIT,1701131878671,24.658,2047.31
ETHUSDT,BUY,LIMIT,1701131880255,6.531,2047.45
ETHUSDT,BUY,LIMIT,1701131886601,0.426,2047.75
ETHUSDT,BUY,LIMIT,1701131888098,0.067,2047.83
ETHUSDT,BUY,LIMIT,1701131892081,27.568,2047.85
ETHUSDT,BUY,LIMIT,1701131893175,0.051,2047.95
ETHUSDT,BUY,LIMIT,1701131900484,0.288,2048.20
ETHUSDT,BUY,LIMIT,1701131902042,0.687,2048.67
ETHUSDT,BUY,LIMIT,1701131904279,49.758,2048.87
ETHUSDT,BUY,LIMIT,1701131913297,7.755,2048.96
ETHUSDT,BUY,LIMIT,1701131925809,24.631,2049.58
ETHUSDT,BUY,LIMIT,1701131939702,0.258,2049.89
ETHUSDT,BUY,LIMIT,1701131942700,0.233,2050.29
ETHUSDT,BUY,LIMIT,1701131943903,0.098,2050.52
ETHUSDT,BUY,LIMIT,1701131944996,0.828,2050.57
ETHUSDT,BUY,LIMIT,1701131948675,0.152,2050.69
ETHUSDT,SELL,LIMIT,1701134178840,0.101,2019.86
ETHUSDT,SELL,LIMIT,1701134246302,0.970,2017.69
ETHUSDT,SELL,LIMIT,1701134271096,0.064,2016.73
ETHUSDT,SELL,LIMIT,1701134273156,1.336,2016.64
ETHUSDT,SELL,LIMIT,1701134652549,0.608,2016.35
ETHUSDT,SELL,LIMIT,1701134656182,0.738,2016.15
ETHUSDT,SELL,LIMIT,1701134668787,0.239,2015.44
ETHUSDT,SELL,LIMIT,1701134775559,0.319,2015.29
ETHUSDT,SELL,LIMIT,1701135785633,0.251,2016.49
ETHUSDT,SELL,LIMIT,1701136928153,2.131,2014.18
ETHUSDT,SELL,LIMIT,1701137023166,0.988,2013.53
ETHUSDT,SELL,LIMIT,1701137201432,0.365,2012.46
ETHUSDT,SELL,LIMIT,1701137215075,1.467,2011.53
ETHUSDT,SELL,LIMIT,1701137216451,0.458,2016.93
ETHUSDT,SELL,LIMIT,1701137272218,2.043,2011.07
ETHUSDT,SELL,LIMIT,1701137409160,2.605,2010.69
ETHUSDT,SELL,LIMIT,1701137432025,0.523,2010.40
ETHUSDT,SELL,LIMIT,1701137439575,14.875,2010.28
ETHUSDT,SELL,LIMIT,1701138496659,17.208,2016.18
ETHUSDT,SELL,LIMIT,1701138833268,0.010,2013.79
ETHUSDT,BUY,LIMIT,1701142226734,0.038,2039.88
ETHUSDT,BUY,LIMIT,1701142238207,44.520,2041.13
ETHUSDT,BUY,LIMIT,1701142241207,0.406,2041.51
ETHUSDT,SELL,LIMIT,1701144581074,0.123,2020.03
ETHUSDT,SELL,LIMIT,1701146031652,0.416,2012.50
ETHUSDT,SELL,LIMIT,1701146786362,0.915,2011.30
ETHUSDT,SELL,LIMIT,1701146836945,0.143,2010.60
ETHUSDT,SELL,LIMIT,1701146914564,0.220,2010.23
ETHUSDT,SELL,LIMIT,1701146916533,5.097,2010.25
ETHUSDT,SELL,LIMIT,1701146964383,0.272,2009.26
ETHUSDT,SELL,LIMIT,1701147055028,0.132,2009.21
ETHUSDT,SELL,LIMIT,1701147056155,0.432,2008.94
ETHUSDT,SELL,LIMIT,1701147081326,0.516,2009.17
ETHUSDT,SELL,LIMIT,1701147195434,1.121,2008.79
ETHUSDT,SELL,LIMIT,1701147199737,0.147,2008.69
ETHUSDT,SELL,LIMIT,1701147251136,0.230,2008.58
ETHUSDT,SELL,LIMIT,1701147291095,0.010,2008.03
ETHUSDT,SELL,LIMIT,1701147292341,0.035,2008.08
ETHUSDT,SELL,LIMIT,1701147850055,0.251,2007.41
ETHUSDT,SELL,LIMIT,1701147851176,4.652,2007.39
ETHUSDT,SELL,LIMIT,1701147860231,0.016,2007.33
ETHUSDT,SELL,LIMIT,1701147862234,0.560,2007.33
ETHUSDT,SELL,LIMIT,1701147865007,22.527,2007.31
ETHUSDT,SELL,LIMIT,1701147868867,1.874,2007.25
ETHUSDT,SELL,LIMIT,1701147873495,0.024,2007.15
ETHUSDT,SELL,LIMIT,1701147874646,0.377,2006.98
ETHUSDT,SELL,LIMIT,1701147875874,0.128,2006.71
ETHUSDT,SELL,LIMIT,1701147877451,0.494,2006.56
ETHUSDT,SELL,LIMIT,1701147892612,0.648,2006.41
ETHUSDT,SELL,LIMIT,1701147895477,0.013,2006.37
ETHUSDT,SELL,LIMIT,1701147922218,2.546,2006.09
ETHUSDT,SELL,LIMIT,1701147923696,0.014,2006.02
ETHUSDT,SELL,LIMIT,1701147926442,0.010,2005.69
ETHUSDT,SELL,LIMIT,1701147927829,1.000,2005.57
ETHUSDT,SELL,LIMIT,1701148005053,0.049,2005.16
ETHUSDT,SELL,LIMIT,1701148006190,0.010,2005.26
ETHUSDT,SELL,LIMIT,1701148008042,1.995,2004.90
ETHUSDT,SELL,LIMIT,1701148008909,0.032,2003.56
ETHUSDT,SELL,LIMIT,1701148131824,0.147,2001.82
ETHUSDT,SELL,LIMIT,1701148133758,3.352,2001.52
ETHUSDT,SELL,LIMIT,1701148135704,0.217,2001.19
ETHUSDT,SELL,LIMIT,1701148217463,9.844,2001.69
ETHUSDT,SELL,LIMIT,1701148220575,0.108,2001.07
ETHUSDT,SELL,LIMIT,1701148236827,0.120,2002.37
ETHUSDT,SELL,LIMIT,1701148239215,1.121,2000.43
ETHUSDT,SELL,LIMIT,1701148245617,0.153,1999.98
ETHUSDT,SELL,LIMIT,1701148247028,4.037,1999.86
ETHUSDT,SELL,LIMIT,1701148259804,3.793,1999.40
ETHUSDT,SELL,LIMIT,1701148261686,0.510,1999.28
ETHUSDT,SELL,LIMIT,1701148317174,0.012,1999.07
ETHUSDT,SELL,LIMIT,1701148527676,0.392,1998.86
ETHUSDT,SELL,LIMIT,1701148528696,2.052,1998.28
ETHUSDT,SELL,LIMIT,1701148534156,0.276,1997.92
ETHUSDT,SELL,LIMIT,1701148537111,0.534,1997.75
ETHUSDT,SELL,LIMIT,1701148538137,0.307,1997.71
ETHUSDT,SELL,LIMIT,1701148566291,0.252,1999.03
ETHUSDT,SELL,LIMIT,1701148937463,0.400,1997.15
ETHUSDT,SELL,LIMIT,1701148968968,2.475,1997.18
ETHUSDT,SELL,LIMIT,1701148981638,0.003,1996.57
ETHUSDT,SELL,LIMIT,1701149054181,0.032,1996.50
ETHUSDT,SELL,LIMIT,1701149095033,0.020,1996.73
ETHUSDT,SELL,LIMIT,1701149109131,0.169,1996.11
ETHUSDT,SELL,LIMIT,1701149111485,5.679,1996.17
ETHUSDT,SELL,LIMIT,1701149133356,13.624,1995.97
ETHUSDT,SELL,LIMIT,1701149137033,0.021,1995.74
ETHUSDT,SELL,LIMIT,1701149624804,7.353,1996.12
ETHUSDT,SELL,LIMIT,1701149690680,0.441,1996.20
ETHUSDT,SELL,LIMIT,1701149692678,0.394,1995.35
ETHUSDT,SELL,LIMIT,1701149708570,0.723,1995.29
ETHUSDT,SELL,LIMIT,1701149724290,1.139,1995.22
ETHUSDT,SELL,LIMIT,1701149771446,0.100,1995.15
ETHUSDT,SELL,LIMIT,1701149773133,0.992,1999.33
ETHUSDT,SELL,LIMIT,1701149822094,0.049,1994.24
ETHUSDT,SELL,LIMIT,1701149823613,0.013,1994.23
ETHUSDT,SELL,LIMIT,1701149829473,0.150,1993.92
ETHUSDT,SELL,LIMIT,1701149835067,0.363,1993.83
ETHUSDT,SELL,LIMIT,1701149845896,0.384,1995.25
ETHUSDT,SELL,LIMIT,1701149847054,0.120,1993.64
ETHUSDT,SELL,LIMIT,1701149850417,0.919,1993.60
ETHUSDT,SELL,LIMIT,1701149854134,1.483,1993.37
ETHUSDT,SELL,LIMIT,1701149879946,2.941,1993.31
ETHUSDT,SELL,LIMIT,1701149883235,1.368,1992.87
ETHUSDT,SELL,LIMIT,1701149889054,0.045,1992.24
ETHUSDT,SELL,LIMIT,1701149890221,0.054,1992.16
ETHUSDT,SELL,LIMIT,1701149891288,0.062,1992.07
ETHUSDT,SELL,LIMIT,1701149893625,0.491,1991.91
ETHUSDT,SELL,LIMIT,1701149895427,0.051,1991.71
ETHUSDT,SELL,LIMIT,1701150519155,0.450,1990.94
ETHUSDT,SELL,LIMIT,1701150520313,14.732,1990.74
ETHUSDT,SELL,LIMIT,1701150537983,0.079,1990.61
ETHUSDT,SELL,LIMIT,1701150542833,931.467,1981.62
ETHUSDT,SELL,LIMIT,1701150578727,0.516,1990.31
ETHUSDT,SELL,LIMIT,1701150602388,0.249,1990.10
ETHUSDT,SELL,LIMIT,1701150610441,4.295,1989.89
ETHUSDT,SELL,LIMIT,1701150670038,0.100,1989.25
ETHUSDT,SELL,LIMIT,1701150679270,0.462,1989.09
ETHUSDT,SELL,LIMIT,1701150681095,1.005,1988.90
ETHUSDT,SELL,LIMIT,1701150889422,0.908,1988.54
ETHUSDT,SELL,LIMIT,1701151103305,0.996,1988.33
ETHUSDT,SELL,LIMIT,1701151104332,7.240,1988.30
ETHUSDT,SELL,LIMIT,1701151108188,2.203,1988.14
ETHUSDT,SELL,LIMIT,1701151140064,0.819,1988.03
ETHUSDT,SELL,LIMIT,1701151141268,2.403,1987.87
ETHUSDT,SELL,LIMIT,1701151205105,0.008,1987.42
ETHUSDT,SELL,LIMIT,1701151212531,0.075,1987.08
ETHUSDT,SELL,LIMIT,1701151219095,1.943,1987.00
ETHUSDT,SELL,LIMIT,1701151231213,3.393,1986.87
ETHUSDT,SELL,LIMIT,1701151232341,1.694,1986.77
ETHUSDT,SELL,LIMIT,1701151233375,0.165,1986.77
ETHUSDT,SELL,LIMIT,1701151236488,2.130,1986.63
ETHUSDT,SELL,LIMIT,1701151252425,13.606,1986.58
ETHUSDT,SELL,LIMIT,1701151256152,0.672,1986.47
ETHUSDT,SELL,LIMIT,1701151259020,0.109,1986.45
ETHUSDT,SELL,LIMIT,1701151261279,0.055,1986.38
ETHUSDT,SELL,LIMIT,1701151263536,0.811,1986.30
ETHUSDT,SELL,LIMIT,1701151264704,0.234,1986.24
ETHUSDT,SELL,LIMIT,1701151267658,0.287,1986.19
ETHUSDT,SELL,LIMIT,1701151269083,0.040,1986.10
ETHUSDT,SELL,LIMIT,1701151270763,0.200,1986.09
ETHUSDT,SELL,LIMIT,1701151585213,0.355,1985.98
ETHUSDT,SELL,LIMIT,1701151623859,0.019,1985.72
ETHUSDT,SELL,LIMIT,1701151625120,2.000,1985.60
ETHUSDT,SELL,LIMIT,1701151627062,1.030,1985.42
ETHUSDT,SELL,LIMIT,1701151629444,3.777,1985.36
ETHUSDT,BUY,LIMIT,1701152288695,0.143,2017.39
ETHUSDT,BUY,LIMIT,1701152304133,1.501,2017.58
ETHUSDT,BUY,LIMIT,1701152310290,0.750,2018.08
ETHUSDT,BUY,LIMIT,1701152360150,41.268,2019.60
ETHUSDT,BUY,LIMIT,1701152361263,0.697,2019.76
ETHUSDT,BUY,LIMIT,1701152395726,30.258,2020.42
ETHUSDT,BUY,LIMIT,1701153276193,0.228,2021.89
ETHUSDT,BUY,LIMIT,1701153280890,1.246,2022.43
ETHUSDT,BUY,LIMIT,1701153305650,0.487,2023.32
ETHUSDT,BUY,LIMIT,1701153368459,0.700,2024.46
ETHUSDT,BUY,LIMIT,1701154373434,3.583,2018.69
ETHUSDT,BUY,LIMIT,1701154714788,1.000,2023.92
ETHUSDT,BUY,LIMIT,1701154717295,0.011,2022.50
ETHUSDT,SELL,LIMIT,1701155300714,0.226,2012.46
ETHUSDT,SELL,LIMIT,1701155348162,0.010,2002.97
ETHUSDT,SELL,LIMIT,1701155582240,0.012,1999.95
ETHUSDT,BUY,LIMIT,1701155652122,0.010,2018.53
ETHUSDT,SELL,LIMIT,1701155668967,0.421,1998.89
ETHUSDT,SELL,LIMIT,1701156452407,28.309,1994.59
ETHUSDT,SELL,LIMIT,1701156474057,0.754,1993.83
ETHUSDT,SELL,LIMIT,1701156479398,0.473,1993.71
ETHUSDT,SELL,LIMIT,1701156488471,0.291,1993.63
ETHUSDT,SELL,LIMIT,1701156505460,0.058,1993.54
ETHUSDT,SELL,LIMIT,1701156509803,1.170,2002.33
ETHUSDT,SELL,LIMIT,1701156514788,0.447,1992.94
ETHUSDT,SELL,LIMIT,1701156516367,1.244,1992.79
ETHUSDT,SELL,LIMIT,1701156527453,0.062,1993.14
ETHUSDT,SELL,LIMIT,1701156533537,0.030,1995.33
ETHUSDT,SELL,LIMIT,1701157026190,0.010,2005.52
ETHUSDT,SELL,LIMIT,1701157047546,0.444,1995.98
ETHUSDT,BUY,LIMIT,1701157889446,0.322,2021.85
ETHUSDT,BUY,LIMIT,1701158006196,0.600,2023.16
ETHUSDT,BUY,LIMIT,1701158020613,0.835,2023.58
ETHUSDT,BUY,LIMIT,1701158033174,5.387,2023.89
ETHUSDT,BUY,LIMIT,1701158037190,0.024,2024.40
ETHUSDT,BUY,LIMIT,1701158038969,0.155,2024.69
ETHUSDT,BUY,LIMIT,1701158041822,4.527,2024.79
ETHUSDT,BUY,LIMIT,1701158055306,0.741,2025.35
ETHUSDT,BUY,LIMIT,1701158099342,2.578,2025.49
ETHUSDT,BUY,LIMIT,1701158117320,0.061,2025.71
ETHUSDT,BUY,LIMIT,1701158118623,0.328,2026.06
ETHUSDT,BUY,LIMIT,1701158139146,3.607,2026.72
ETHUSDT,SELL,LIMIT,1701159409710,0.050,1997.65
ETHUSDT,SELL,LIMIT,1701161373492,7.472,1996.65
ETHUSDT,SELL,LIMIT,1701161405198,0.156,1996.17
ETHUSDT,SELL,LIMIT,1701161528085,15.662,1995.76
ETHUSDT,BUY,LIMIT,1701163042029,0.280,2022.45
ETHUSDT,BUY,LIMIT,1701164104342,0.067,2025.26
ETHUSDT,BUY,LIMIT,1701164229068,0.118,2027.23
ETHUSDT,BUY,LIMIT,1701164293756,0.418,2027.31
ETHUSDT,BUY,LIMIT,1701164296510,1.049,2027.59
ETHUSDT,BUY,LIMIT,1701164304172,0.353,2027.69
ETHUSDT,BUY,LIMIT,1701164330467,0.664,2027.84
ETHUSDT,BUY,LIMIT,1701164400463,0.672,2028.43
ETHUSDT,BUY,LIMIT,1701164438248,6.105,2028.81
ETHUSDT,BUY,LIMIT,1701164485557,0.173,2028.88
ETHUSDT,BUY,LIMIT,1701164486832,0.445,2028.92
ETHUSDT,BUY,LIMIT,1701164539824,0.497,2028.63
ETHUSDT,BUY,LIMIT,1701164574553,1.280,2029.09
ETHUSDT,BUY,LIMIT,1701164578109,0.016,2029.21
ETHUSDT,BUY,LIMIT,1701164587996,2.000,2029.30
ETHUSDT,BUY,LIMIT,1701165002861,0.200,2029.82
ETHUSDT,BUY,LIMIT,1701165008917,0.061,2029.89
ETHUSDT,BUY,LIMIT,1701165010363,0.178,2030.70
ETHUSDT,BUY,LIMIT,1701168147976,0.485,2027.52
ETHUSDT,BUY,LIMIT,1701169159488,1.595,2030.79
ETHUSDT,BUY,LIMIT,1701169204278,0.045,2031.08
ETHUSDT,BUY,LIMIT,1701169206067,1.271,2031.16
ETHUSDT,BUY,LIMIT,1701169218342,1.253,2031.51
ETHUSDT,BUY,LIMIT,1701169229199,0.366,2032.12
ETHUSDT,BUY,LIMIT,1701170236532,0.087,2031.05
ETHUSDT,BUY,LIMIT,1701170314387,0.209,2031.37
ETHUSDT,BUY,LIMIT,1701170484437,0.022,2033.18
ETHUSDT,BUY,LIMIT,1701170489652,0.138,2033.42
ETHUSDT,BUY,LIMIT,1701170597076,0.145,2033.61
ETHUSDT,BUY,LIMIT,1701170600094,0.064,2033.71
ETHUSDT,BUY,LIMIT,1701170601978,7.500,2033.87
ETHUSDT,BUY,LIMIT,1701170607718,0.878,2034.16
ETHUSDT,BUY,LIMIT,1701170623194,4.117,2034.48
ETHUSDT,BUY,LIMIT,1701170624336,0.674,2034.66
ETHUSDT,BUY,LIMIT,1701170717778,1.354,2034.94
ETHUSDT,BUY,LIMIT,1701170721407,2.481,2034.97
ETHUSDT,BUY,LIMIT,1701170727187,1.257,2035.09
ETHUSDT,BUY,LIMIT,1701170768079,0.793,2034.41
ETHUSDT,SELL,LIMIT,1701170999125,0.050,2022.20
ETHUSDT,BUY,LIMIT,1701171031089,5.830,2034.13
ETHUSDT,BUY,LIMIT,1701171047264,0.001,2035.08
ETHUSDT,BUY,LIMIT,1701171140514,0.136,2035.78
ETHUSDT,BUY,LIMIT,1701171141680,0.081,2035.98
ETHUSDT,BUY,LIMIT,1701171142816,0.100,2036.77
ETHUSDT,BUY,LIMIT,1701171146011,1.081,2036.95
ETHUSDT,BUY,LIMIT,1701172073110,1.275,2035.43
ETHUSDT,BUY,LIMIT,1701172265697,0.011,2037.03
ETHUSDT,BUY,LIMIT,1701172385426,1.857,2036.72
ETHUSDT,BUY,LIMIT,1701172391181,0.500,2037.28
ETHUSDT,BUY,LIMIT,1701172450043,0.167,2037.44
ETHUSDT,BUY,LIMIT,1701172459007,17.383,2037.62
ETHUSDT,BUY,LIMIT,1701172460384,0.070,2037.94
ETHUSDT,BUY,LIMIT,1701172461511,0.430,2038.00
ETHUSDT,BUY,LIMIT,1701172490086,25.408,2038.12
ETHUSDT,BUY,LIMIT,1701172528865,0.382,2038.37
ETHUSDT,BUY,LIMIT,1701172533789,0.490,2038.59
ETHUSDT,BUY,LIMIT,1701172535048,0.928,2038.89
ETHUSDT,BUY,LIMIT,1701172590340,23.777,2039.04
ETHUSDT,SELL,LIMIT,1701174546260,0.094,2014.68
ETHUSDT,SELL,LIMIT,1701174563971,0.525,2015.62
ETHUSDT,BUY,LIMIT,1701178017189,0.024,2038.68
ETHUSDT,BUY,LIMIT,1701178207059,33.672,2039.30
ETHUSDT,BUY,LIMIT,1701178215391,0.390,2039.58
ETHUSDT,BUY,LIMIT,1701178264271,0.198,2039.98
ETHUSDT,BUY,LIMIT,1701178271114,3.711,2040.57
ETHUSDT,BUY,LIMIT,1701178279867,2.003,2041.22
ETHUSDT,BUY,LIMIT,1701178287077,4.954,2041.41
ETHUSDT,BUY,LIMIT,1701178288286,0.615,2041.47
ETHUSDT,BUY,LIMIT,1701178297094,0.089,2041.54
ETHUSDT,BUY,LIMIT,1701178322745,0.400,2041.66
ETHUSDT,BUY,LIMIT,1701178331163,0.163,2041.78
ETHUSDT,BUY,LIMIT,1701178332294,0.033,2041.77
ETHUSDT,BUY,LIMIT,1701178333323,1.639,2041.95
ETHUSDT,BUY,LIMIT,1701178343060,1.023,2042.44
ETHUSDT,BUY,LIMIT,1701178345212,4.364,2042.53
ETHUSDT,BUY,LIMIT,1701178346256,0.536,2042.52
ETHUSDT,BUY,LIMIT,1701178347315,0.016,2042.64
ETHUSDT,BUY,LIMIT,1701178353055,15.000,2042.84
ETHUSDT,BUY,LIMIT,1701178354311,0.118,2042.98
ETHUSDT,BUY,LIMIT,1701178355965,0.185,2042.99
ETHUSDT,BUY,LIMIT,1701178359333,1.776,2043.21
ETHUSDT,BUY,LIMIT,1701178360692,1.222,2043.33
ETHUSDT,BUY,LIMIT,1701178367148,0.495,2044.07
ETHUSDT,BUY,LIMIT,1701178477514,0.134,2043.62
ETHUSDT,BUY,LIMIT,1701178514115,1.323,2043.83
ETHUSDT,BUY,LIMIT,1701178568256,3.624,2038.91
ETHUSDT,BUY,LIMIT,1701179590486,0.176,2042.75
ETHUSDT,BUY,LIMIT,1701179614893,2.500,2043.60
ETHUSDT,BUY,LIMIT,1701179617276,0.050,2043.91
ETHUSDT,BUY,LIMIT,1701179624220,0.092,2044.90
ETHUSDT,BUY,LIMIT,1701179626189,1.135,2045.12
ETHUSDT,BUY,LIMIT,1701179627357,0.683,2045.00
ETHUSDT,BUY,LIMIT,1701179667047,0.303,2045.24
ETHUSDT,BUY,LIMIT,1701179668889,49.545,2045.33
ETHUSDT,BUY,LIMIT,1701179672132,0.147,2045.63
ETHUSDT,BUY,LIMIT,1701179676821,3.254,2045.37
ETHUSDT,BUY,LIMIT,1701179683303,0.060,2045.67
ETHUSDT,BUY,LIMIT,1701179686116,0.865,2045.81
ETHUSDT,BUY,LIMIT,1701179701427,1.101,2045.88
