Symbol,Side,Order Type,Time,Quantity,Price
ETHUSDT_231229,SELL,LIMIT,1701081329163,0.143,2024.84
ETHUSDT_231229,SELL,LIMIT,1701081434316,0.034,2022.69
ETHUSDT_231229,SELL,LIMIT,1701081437109,24.212,2021.39
ETHUSDT_231229,SELL,LIMIT,1701081450247,0.005,2019.59
ETHUSDT_231229,SELL,LIMIT,1701082117108,0.003,2014.88
ETHUSDT_231229,SELL,LIMIT,1701082123973,0.018,2012.56
ETHUSDT_231229,SELL,LIMIT,1701082727030,0.100,2011.51
ETHUSDT_231229,SELL,LIMIT,1701099966207,1.842,2008.04
ETHUSDT_231229,SELL,LIMIT,1701100215671,6.572,2003.27
ETHUSDT_231229,SELL,LIMIT,1701100220099,0.047,2001.85
ETHUSDT_231229,SELL,LIMIT,1701100624074,0.291,1998.46
ETHUSDT_231229,SELL,LIMIT,1701100640719,0.100,2009.84
ETHUSDT_231229,SELL,LIMIT,1701100643335,0.410,1995.55
ETHUSDT_231229,SELL,LIMIT,1701100908042,0.769,1994.51
ETHUSDT_231229,SELL,LIMIT,1701114162119,0.812,1992.54
ETHUSDT_231229,SELL,LIMIT,1701114163104,0.110,1989.76
ETHUSDT_231229,SELL,LIMIT,1701114233152,5.000,1986.00
ETHUSDT_231229,SELL,LIMIT,1701114237057,0.239,1982.33
ETHUSDT_231229,SELL,LIMIT,1701114240823,0.022,1982.21
ETHUSDT_231229,SELL,LIMIT,1701114352848,0.268,1983.40
ETHUSDT_231229,SELL,LIMIT,1701114477215,0.048,1982.18
ETHUSDT_231229,BUY,LIMIT,1701114498170,1.500,2019.81
ETHUSDT_231229,SELL,LIMIT,1701148539240,0.097,2001.85
ETHUSDT_231229,BUY,LIMIT,1701171142289,0.123,2061.66
ETHUSDT_231229,SELL,LIMIT,1701185852159,7.719,2020.25
ETHUSDT_231229,BUY,LIMIT,1701189821805,0.212,2090.97
ETHUSDT_231229,BUY,LIMIT,1701192141642,0.088,2103.69
ETHUSDT_231229,BUY,LIMIT,1701192142724,2.000,2104.52
ETHUSDT_231229,SELL,LIMIT,1701197633750,0.098,2048.13
ETHUSDT_231229,BUY,LIMIT,1701200469843,0.147,2099.18
ETHUSDT_231229,BUY,LIMIT,1701202786917,0.363,2099.44
ETHUSDT_231229,SELL,LIMIT,1701203403313,0.025,2052.71
ETHUSDT_231229,SELL,LIMIT,1701211848378,0.043,2044.76
ETHUSDT_231229,BUY,LIMIT,1701241346417,0.200,2098.06
ETHUSDT_231229,SELL,LIMIT,1701254412138,0.007,2043.36
ETHUSDT_231229,SELL,LIMIT,1701269259078,0.400,2036.06
ETHUSDT_231229,SELL,LIMIT,1701270920262,1.727,2017.86
ETHUSDT_231229,BUY,LIMIT,1701345946053,2.751,2084.41
ETHUSDT_231229,BUY,LIMIT,1701393407140,0.012,2091.33
ETHUSDT_231229,BUY,LIMIT,1701398721269,0.001,2127.86
ETHUSDT_231229,BUY,LIMIT,1701399114118,0.081,2130.45
ETHUSDT_231229,BUY,LIMIT,1701422318404,0.378,2146.36
ETHUSDT_231229,BUY,LIMIT,1701422321240,0.064,2148.13
ETHUSDT_231229,SELL,LIMIT,1701435036612,0.003,2078.15
ETHUSDT_231229,SELL,LIMIT,1701438556192,0.607,2071.52
ETHUSDT_231229,SELL,LIMIT,1701444522191,1.395,2063.93
ETHUSDT_231229,BUY,LIMIT,1701448490296,0.047,2136.98
ETHUSDT_231229,BUY,LIMIT,1701448520843,0.816,2142.86
