Symbol,Side,Order Type,Time,Quantity,Price
ETHWUSDT,SELL,LIMIT,1701918285212,350,2.679076
ETHWUSDT,SELL,LIMIT,1701918374450,122,2.675088
ETHWUSDT,SELL,LIMIT,1701918544074,924,2.658516
ETHWUSDT,SELL,LIMIT,1701924557489,47,2.703648
ETHWUSDT,SELL,LIMIT,1701933698246,86,2.647342
ETHWUSDT,SELL,LIMIT,1701937414131,354,2.649887
ETHWUSDT,SELL,LIMIT,1701937749918,436,2.646577
ETHWUSDT,SELL,LIMIT,1701937839006,94,2.637425
ETHWUSDT,SELL,LIMIT,1701939527963,1832,2.622008
ETHWUSDT,SELL,LIMIT,1701939549370,457,2.620951
ETHWUSDT,SELL,LIMIT,1701939551923,27,2.620931
ETHWUSDT,SELL,LIMIT,1701939996437,3207,2.603247
ETHWUSDT,SELL,LIMIT,1701939999792,35,2.613479
ETHWUSDT,SELL,LIMIT,1701940015990,566,2.607281
ETHWUSDT,SELL,LIMIT,1701940027207,139,2.603785
ETHWUSDT,SELL,LIMIT,1701940422332,14,2.602268
ETHWUSDT,SELL,LIMIT,1701940475019,50,2.599579
ETHWUSDT,SELL,LIMIT,1701940489966,2,2.598655
ETHWUSDT,SELL,LIMIT,1701940522344,471,2.597531
ETHWUSDT,SELL,LIMIT,1701940535421,50,2.589969
ETHWUSDT,SELL,LIMIT,1701940542748,6362,2.570723
ETHWUSDT,SELL,LIMIT,1701940545192,2028,2.585600
ETHWUSDT,SELL,LIMIT,1701940547649,485,2.586804
ETHWUSDT,SELL,LIMIT,1701940561570,486,2.585857
ETHWUSDT,SELL,LIMIT,1701940563434,1679,2.582483
ETHWUSDT,SELL,LIMIT,1701940564957,431,2.581536
ETHWUSDT,SELL,LIMIT,1701940989482,2,2.574889
ETHWUSDT,SELL,LIMIT,1701941064465,22,2.569129
ETHWUSDT,SELL,LIMIT,1701941066438,437,2.567002
ETHWUSDT,SELL,LIMIT,1701941154306,68,2.565005
ETHWUSDT,SELL,LIMIT,1701941155338,6,2.561058
ETHWUSDT,SELL,LIMIT,1701941156350,368,2.561863
ETHWUSDT,SELL,LIMIT,1701941177142,248,2.557452
ETHWUSDT,SELL,LIMIT,1701941187468,1047,2.555892
ETHWUSDT,SELL,LIMIT,1701941188694,35,2.553522
ETHWUSDT,SELL,LIMIT,1701941189941,13,2.552714
ETHWUSDT,SELL,LIMIT,1701941193587,1095,2.549501
ETHWUSDT,SELL,LIMIT,1701941236436,87,2.550160
ETHWUSDT,SELL,LIMIT,1701941240511,23,2.549175
ETHWUSDT,SELL,LIMIT,1701941245664,295,2.547338
ETHWUSDT,SELL,LIMIT,1701941247114,79,2.546416
ETHWUSDT,SELL,LIMIT,1701944557208,114,2.596855
ETHWUSDT,BUY,LIMIT,1701951890375,202,2.717449
ETHWUSDT,BUY,LIMIT,1701952071267,84,2.725619
ETHWUSDT,BUY,LIMIT,1701953976591,1,2.739992
ETHWUSDT,BUY,LIMIT,1701959502332,1,2.733395
ETHWUSDT,SELL,LIMIT,1701962686690,1,2.682347
ETHWUSDT,BUY,LIMIT,1701962777305,165,2.787504
ETHWUSDT,BUY,LIMIT,1701963346492,581,2.827688
ETHWUSDT,BUY,LIMIT,1701963486195,40,2.834386
ETHWUSDT,BUY,LIMIT,1701963511734,21,2.841334
ETHWUSDT,BUY,LIMIT,1701963577793,37,2.902697
ETHWUSDT,SELL,LIMIT,1701963954477,10,2.750613
ETHWUSDT,BUY,LIMIT,1701964932931,7,2.928723
ETHWUSDT,BUY,LIMIT,1701964963216,171,2.964704
ETHWUSDT,BUY,LIMIT,1701964965406,86,2.969712
ETHWUSDT,BUY,LIMIT,1701965072040,67,3.015907
ETHWUSDT,BUY,LIMIT,1701965191218,5,2.982679
ETHWUSDT,SELL,LIMIT,1701965417170,119,2.930879
ETHWUSDT,BUY,LIMIT,1701965549154,54,3.097537
ETHWUSDT,SELL,LIMIT,1701965588135,8,2.972241
ETHWUSDT,SELL,LIMIT,1701965666751,364,2.940137
ETHWUSDT,SELL,LIMIT,1701965672287,9,2.937287
ETHWUSDT,SELL,LIMIT,1701965722989,835,2.903846
ETHWUSDT,SELL,LIMIT,1701965728204,1055,2.885200
ETHWUSDT,SELL,LIMIT,1701965730323,121,2.876873
ETHWUSDT,SELL,LIMIT,1701966755078,25,2.835700
ETHWUSDT,SELL,LIMIT,1701966756240,15,2.830398
ETHWUSDT,SELL,LIMIT,1701966761460,1725,2.817234
ETHWUSDT,SELL,LIMIT,1701966943499,59,2.884257
ETHWUSDT,SELL,LIMIT,1701967684399,165,2.854174
ETHWUSDT,SELL,LIMIT,1701968218160,32,2.848586
ETHWUSDT,SELL,LIMIT,1701968248803,484,2.819047
ETHWUSDT,SELL,LIMIT,1701968467632,104,2.814432
ETHWUSDT,SELL,LIMIT,1701968673475,84,2.794078
ETHWUSDT,SELL,LIMIT,1701968675364,16,2.782783
ETHWUSDT,SELL,LIMIT,1701969139833,379,2.776955
ETHWUSDT,SELL,LIMIT,1701969147954,61,2.770977
ETHWUSDT,SELL,LIMIT,1701969270332,24,2.763042
ETHWUSDT,BUY,LIMIT,1701969315598,3,2.861736
ETHWUSDT,SELL,LIMIT,1701974058226,2310,2.740921
ETHWUSDT,SELL,LIMIT,1701977164537,1779,2.750121
ETHWUSDT,SELL,LIMIT,1701978228302,100,2.758879
ETHWUSDT,SELL,LIMIT,1701988488627,12,2.812176
ETHWUSDT,BUY,LIMIT,1701992829920,71,2.943762
ETHWUSDT,BUY,LIMIT,1701994525830,90,2.987333
ETHWUSDT,BUY,LIMIT,1701994528975,6,2.988815
ETHWUSDT,BUY,LIMIT,1701995145455,34,3.004756
ETHWUSDT,SELL,LIMIT,1702003313080,1587,2.839205
ETHWUSDT,SELL,LIMIT,1702010327917,183,2.830891
ETHWUSDT,SELL,LIMIT,1702010379328,102,2.823446
ETHWUSDT,SELL,LIMIT,1702013317007,113,2.828938
ETHWUSDT,SELL,LIMIT,1702021977593,253,2.853971
ETHWUSDT,SELL,LIMIT,1702022179646,130,2.853177
ETHWUSDT,SELL,LIMIT,1702022267937,500,2.849256
ETHWUSDT,SELL,LIMIT,1702022271262,891,2.844991
ETHWUSDT,SELL,LIMIT,1702029210480,56,2.823599
ETHWUSDT,SELL,LIMIT,1702029230553,64,2.814024
ETHWUSDT,SELL,LIMIT,1702029665941,78,2.803563
ETHWUSDT,SELL,LIMIT,1702029668060,45,2.796214
ETHWUSDT,SELL,LIMIT,1702029671882,294,2.792791
ETHWUSDT,SELL,LIMIT,1702030731867,31,2.790914
ETHWUSDT,BUY,LIMIT,1702035000237,416,2.932082
ETHWUSDT,BUY,LIMIT,1702039451465,20,2.941589
ETHWUSDT,SELL,LIMIT,1702040718788,12,2.834977
ETHWUSDT,SELL,LIMIT,1702040719874,2,2.832187
ETHWUSDT,SELL,LIMIT,1702044329433,77,2.814146
ETHWUSDT,BUY,LIMIT,1702052924528,51,2.955579
ETHWUSDT,SELL,LIMIT,1702055241191,14,2.855349
ETHWUSDT,SELL,LIMIT,1702083808510,162,2.894278
ETHWUSDT,SELL,LIMIT,1702083810294,38,2.892532
ETHWUSDT,SELL,LIMIT,1702084010359,774,2.872899
ETHWUSDT,SELL,LIMIT,1702084015795,47,2.869969
ETHWUSDT,SELL,LIMIT,1702084103440,164,2.852276
ETHWUSDT,SELL,LIMIT,1702084106166,193,2.849361
ETHWUSDT,SELL,LIMIT,1702084208894,1276,2.842443
ETHWUSDT,SELL,LIMIT,1702087356348,170,2.851719
ETHWUSDT,BUY,LIMIT,1702090932483,40,2.977098
ETHWUSDT,BUY,LIMIT,1702108144682,68,3.006197
ETHWUSDT,BUY,LIMIT,1702108146212,1542,3.006555
ETHWUSDT,BUY,LIMIT,1702109776976,17,3.011505
ETHWUSDT,BUY,LIMIT,1702109780750,3,3.014033
ETHWUSDT,SELL,LIMIT,1702110926723,1259,2.877815
ETHWUSDT,SELL,LIMIT,1702110971859,3,2.869546
ETHWUSDT,SELL,LIMIT,1702110990386,596,2.860759
ETHWUSDT,SELL,LIMIT,1702111006092,50,2.856126
ETHWUSDT,SELL,LIMIT,1702111034090,82,2.842785
ETHWUSDT,SELL,LIMIT,1702111037147,9,2.842808
ETHWUSDT,SELL,LIMIT,1702111043324,113,2.835021
ETHWUSDT,SELL,LIMIT,1702111044781,27,2.837466
ETHWUSDT,SELL,LIMIT,1702111046581,197,2.834529
ETHWUSDT,SELL,LIMIT,1702111378713,67,2.833297
ETHWUSDT,SELL,LIMIT,1702111388928,16,2.823980
ETHWUSDT,SELL,LIMIT,1702115103988,291,2.845989
ETHWUSDT,SELL,LIMIT,1702120403500,100,2.836363
ETHWUSDT,SELL,LIMIT,1702125827608,15,2.821286
ETHWUSDT,SELL,LIMIT,1702125871372,397,2.808529
ETHWUSDT,BUY,LIMIT,1702130801849,3,3.007413
ETHWUSDT,SELL,LIMIT,1702134884149,36,2.821123
ETHWUSDT,SELL,LIMIT,1702134938161,1,2.822118
ETHWUSDT,SELL,LIMIT,1702139292631,8465,2.796414
ETHWUSDT,SELL,LIMIT,1702139295290,150,2.820161
ETHWUSDT,SELL,LIMIT,1702141562409,33,2.851426
ETHWUSDT,SELL,LIMIT,1702142766251,168,2.845793
ETHWUSDT,SELL,LIMIT,1702151781222,1014,2.857215
ETHWUSDT,SELL,LIMIT,1702153698501,19,2.852561
ETHWUSDT,SELL,LIMIT,1702162426312,215,2.828045
ETHWUSDT,SELL,LIMIT,1702164537309,2,2.810235
ETHWUSDT,SELL,LIMIT,1702164676368,104,2.793825
ETHWUSDT,SELL,LIMIT,1702164684353,1244,2.783645
ETHWUSDT,SELL,LIMIT,1702164685789,1887,2.775142
ETHWUSDT,SELL,LIMIT,1702164695673,68,2.772623
ETHWUSDT,SELL,LIMIT,1702164723090,4,2.769920
ETHWUSDT,SELL,LIMIT,1702164744087,6419,2.751015
ETHWUSDT,SELL,LIMIT,1702164748513,374,2.767897
ETHWUSDT,SELL,LIMIT,1702164749809,152,2.764729
ETHWUSDT,SELL,LIMIT,1702164801481,7,2.750498
ETHWUSDT,SELL,LIMIT,1702164802657,170,2.750171
ETHWUSDT,SELL,LIMIT,1702164808169,83,2.747492
ETHWUSDT,SELL,LIMIT,1702164809609,12,2.746179
ETHWUSDT,SELL,LIMIT,1702164812571,1196,2.741155
ETHWUSDT,BUY,LIMIT,1702165833112,34,2.848710
ETHWUSDT,BUY,LIMIT,1702167731290,86,2.869892
ETHWUSDT,BUY,LIMIT,1702180254351,2065,2.981736
ETHWUSDT,BUY,LIMIT,1702180421260,1061,3.041270
ETHWUSDT,BUY,LIMIT,1702180628240,1419,3.109332
ETHWUSDT,SELL,LIMIT,1702180999471,107,2.993050
ETHWUSDT,SELL,LIMIT,1702181350895,166,2.939789
ETHWUSDT,SELL,LIMIT,1702181376938,14,2.917766
ETHWUSDT,SELL,LIMIT,1702181385119,119,2.914286
ETHWUSDT,BUY,LIMIT,1702181594955,41,3.038110
ETHWUSDT,BUY,LIMIT,1702182033243,30,3.067558
ETHWUSDT,SELL,LIMIT,1702184388018,32,2.978088
ETHWUSDT,BUY,LIMIT,1702185316600,48,3.128319
ETHWUSDT,BUY,LIMIT,1702186536373,388,3.158020
ETHWUSDT,BUY,LIMIT,1702186548595,1145,3.163973
ETHWUSDT,BUY,LIMIT,1702187101886,296,3.197704
ETHWUSDT,SELL,LIMIT,1702187336446,333,3.072257
ETHWUSDT,SELL,LIMIT,1702187404395,82,3.060844
ETHWUSDT,SELL,LIMIT,1702187444111,5,3.056755
ETHWUSDT,SELL,LIMIT,1702187469395,566,3.049568
ETHWUSDT,SELL,LIMIT,1702188007253,13,3.032165
ETHWUSDT,SELL,LIMIT,1702188055683,221,3.013988
ETHWUSDT,BUY,LIMIT,1702188109211,1570,3.116785
ETHWUSDT,SELL,LIMIT,1702189404807,63,3.010279
ETHWUSDT,SELL,LIMIT,1702189436339,189,2.992341
ETHWUSDT,SELL,LIMIT,1702189940214,9,2.985739
ETHWUSDT,SELL,LIMIT,1702189980868,44,2.980081
ETHWUSDT,SELL,LIMIT,1702190797524,894,2.966206
ETHWUSDT,SELL,LIMIT,1702190804200,29,2.963549
ETHWUSDT,SELL,LIMIT,1702193318985,10,2.944051
ETHWUSDT,SELL,LIMIT,1702193343200,810,2.940790
ETHWUSDT,SELL,LIMIT,1702193670073,287,2.928720
ETHWUSDT,SELL,LIMIT,1702193845157,38,2.917524
ETHWUSDT,SELL,LIMIT,1702193854884,826,2.913203
ETHWUSDT,SELL,LIMIT,1702200197905,800,2.898626
ETHWUSDT,SELL,LIMIT,1702201388273,59,2.853549
ETHWUSDT,SELL,LIMIT,1702202151929,72,2.847551
ETHWUSDT,SELL,LIMIT,1702202271833,20,2.836098
ETHWUSDT,SELL,LIMIT,1702202294132,21,2.826205
ETHWUSDT,SELL,LIMIT,1702202295375,82,2.827484
ETHWUSDT,SELL,LIMIT,1702207899280,531,2.854717
ETHWUSDT,SELL,LIMIT,1702209062419,9,2.863226
ETHWUSDT,SELL,LIMIT,1702212956456,28,2.896342
ETHWUSDT,SELL,LIMIT,1702216251064,119,2.872841
ETHWUSDT,SELL,LIMIT,1702223474313,1565,2.880374
ETHWUSDT,SELL,LIMIT,1702229327337,49,2.840482
ETHWUSDT,SELL,LIMIT,1702243291552,607,2.899556
ETHWUSDT,SELL,LIMIT,1702254554963,1710,2.865219
ETHWUSDT,SELL,LIMIT,1702256609668,893,2.836054
ETHWUSDT,SELL,LIMIT,1702256614663,270,2.830662
ETHWUSDT,SELL,LIMIT,1702256620301,33,2.829558
ETHWUSDT,BUY,LIMIT,1702259577387,126,2.929572
ETHWUSDT,SELL,LIMIT,1702260158086,1732,2.828355
ETHWUSDT,SELL,LIMIT,1702260159459,968,2.829363
ETHWUSDT,SELL,LIMIT,1702260330777,678,2.814567
ETHWUSDT,SELL,LIMIT,1702260427021,100,2.817901
ETHWUSDT,SELL,LIMIT,1702260430629,10,2.808236
ETHWUSDT,SELL,LIMIT,1702260434282,1455,2.800808
ETHWUSDT,SELL,LIMIT,1702260437728,1028,2.798969
ETHWUSDT,SELL,LIMIT,1702260446781,271,2.798065
ETHWUSDT,SELL,LIMIT,1702260494844,35,2.797503
ETHWUSDT,SELL,LIMIT,1702260626390,57,2.792393
ETHWUSDT,BUY,LIMIT,1702260628389,34,2.874480
ETHWUSDT,SELL,LIMIT,1702260637473,853,2.776716
ETHWUSDT,SELL,LIMIT,1702260667123,306,2.776711
ETHWUSDT,SELL,LIMIT,1702260699263,411,2.770057
ETHWUSDT,SELL,LIMIT,1702260708033,82,2.767790
ETHWUSDT,SELL,LIMIT,1702260710106,4,2.759460
ETHWUSDT,SELL,LIMIT,1702260711145,200,2.760956
ETHWUSDT,SELL,LIMIT,1702260712472,1564,2.759136
ETHWUSDT,SELL,LIMIT,1702260714263,2022,2.754740
ETHWUSDT,SELL,LIMIT,1702260715584,1,2.755524
ETHWUSDT,SELL,LIMIT,1702260717342,100,2.757031
ETHWUSDT,SELL,LIMIT,1702260719439,27,2.749646
ETHWUSDT,SELL,LIMIT,1702260723612,100,2.743539
ETHWUSDT,SELL,LIMIT,1702260725780,210,2.738625
ETHWUSDT,SELL,LIMIT,1702260727601,655,2.738724
ETHWUSDT,SELL,LIMIT,1702260729498,17,2.737480
ETHWUSDT,SELL,LIMIT,1702260730538,1386,2.737381
ETHWUSDT,SELL,LIMIT,1702260731829,42,2.730593
ETHWUSDT,SELL,LIMIT,1702260733846,199,2.721904
ETHWUSDT,SELL,LIMIT,1702260737493,53,2.699165
ETHWUSDT,SELL,LIMIT,1702260738648,2,2.701174
ETHWUSDT,SELL,LIMIT,1702260739744,7850,2.672864
ETHWUSDT,SELL,LIMIT,1702260740747,1615,2.682531
ETHWUSDT,SELL,LIMIT,1702260741837,100,2.662136
ETHWUSDT,SELL,LIMIT,1702260743111,2,2.665057
ETHWUSDT,SELL,LIMIT,1702260744596,337,2.654730
ETHWUSDT,SELL,LIMIT,1702260745628,3,2.644681
ETHWUSDT,SELL,LIMIT,1702260746735,43,2.638480
ETHWUSDT,SELL,LIMIT,1702260748051,500,2.615681
ETHWUSDT,SELL,LIMIT,1702260750051,9,2.617350
ETHWUSDT,SELL,LIMIT,1702260752621,8,2.616160
ETHWUSDT,SELL,LIMIT,1702260753667,26,2.614698
ETHWUSDT,SELL,LIMIT,1702260757466,171,2.609028
ETHWUSDT,SELL,LIMIT,1702260758822,38,2.598080
ETHWUSDT,SELL,LIMIT,1702260759882,349,2.602154
ETHWUSDT,SELL,LIMIT,1702260760992,1020,2.598065
ETHWUSDT,SELL,LIMIT,1702260762447,648,2.588843
ETHWUSDT,SELL,LIMIT,1702260763742,49,2.586998
ETHWUSDT,SELL,LIMIT,1702260765542,352,2.587375
ETHWUSDT,SELL,LIMIT,1702260767010,473,2.587047
ETHWUSDT,SELL,LIMIT,1702260768272,481,2.568787
ETHWUSDT,SELL,LIMIT,1702260769371,200,2.568787
ETHWUSDT,SELL,LIMIT,1702260770605,1,2.563819
ETHWUSDT,SELL,LIMIT,1702260771615,87,2.562246
ETHWUSDT,SELL,LIMIT,1702260772632,218,2.900348
ETHWUSDT,SELL,LIMIT,1702260773839,1500,2.550356
ETHWUSDT,SELL,LIMIT,1702260774907,2678,2.509634
ETHWUSDT,SELL,LIMIT,1702260776065,712,2.516511
ETHWUSDT,SELL,LIMIT,1702260777376,1218,2.508927
ETHWUSDT,SELL,LIMIT,1702260778541,441,2.499986
ETHWUSDT,SELL,LIMIT,1702260780382,679,2.489732
ETHWUSDT,SELL,LIMIT,1702260781395,262,2.493081
ETHWUSDT,SELL,LIMIT,1702260782548,270,2.495790
ETHWUSDT,SELL,LIMIT,1702260783542,779,2.482727
ETHWUSDT,SELL,LIMIT,1702260784644,10,2.481383
ETHWUSDT,SELL,LIMIT,1702260785709,681,2.473953
ETHWUSDT,SELL,LIMIT,1702260786742,6940,2.400688
ETHWUSDT,SELL,LIMIT,1702260787872,112,2.463102
ETHWUSDT,SELL,LIMIT,1702260788928,174,2.414196
ETHWUSDT,SELL,LIMIT,1702260789962,32,2.413342
ETHWUSDT,SELL,LIMIT,1702260791019,20,2.412102
ETHWUSDT,SELL,LIMIT,1702260792474,117,2.389735
ETHWUSDT,SELL,LIMIT,1702260793791,206,2.379294
ETHWUSDT,SELL,LIMIT,1702260794852,2100,2.378521
ETHWUSDT,SELL,LIMIT,1702260796244,271,2.374146
ETHWUSDT,SELL,LIMIT,1702260797228,486,2.345774
ETHWUSDT,SELL,LIMIT,1702260798266,8,2.361674
ETHWUSDT,SELL,LIMIT,1702260799309,340,2.340488
ETHWUSDT,SELL,LIMIT,1702260800580,34,2.322738
ETHWUSDT,SELL,LIMIT,1702260801638,2,2.305780
ETHWUSDT,SELL,LIMIT,1702260803691,7,2.306436
ETHWUSDT,SELL,LIMIT,1702260805212,60,2.304696
ETHWUSDT,SELL,LIMIT,1702260807905,2,2.301383
ETHWUSDT,SELL,LIMIT,1702260809225,156,2.298263
ETHWUSDT,SELL,LIMIT,1702260810490,27,2.301198
ETHWUSDT,SELL,LIMIT,1702260815485,19,2.296049
ETHWUSDT,SELL,LIMIT,1702260818418,6,2.315390
ETHWUSDT,SELL,LIMIT,1702260821130,100,2.305516
ETHWUSDT,BUY,LIMIT,1702260840393,11,2.458091
ETHWUSDT,SELL,LIMIT,1702261934564,125,2.604607
ETHWUSDT,SELL,LIMIT,1702262615562,45,2.576225
ETHWUSDT,SELL,LIMIT,1702262623159,444,2.573702
ETHWUSDT,SELL,LIMIT,1702263272803,3,2.609380
ETHWUSDT,BUY,LIMIT,1702265739876,958,2.755725
ETHWUSDT,SELL,LIMIT,1702267055993,112,2.671535
