Symbol,Side,Order Type,Time,Quantity,Price
FETUSDT,SELL,LIMIT,1701939976420,145,0.4936719
FETUSDT,SELL,LIMIT,1701940010578,17960,0.4923518
FETUSDT,SELL,LIMIT,1701940025339,893,0.4928761
FETUSDT,SELL,LIMIT,1701940048437,214,0.4923521
FETUSDT,SELL,LIMIT,1701940430245,1796,0.4923101
FETUSDT,SELL,LIMIT,1701940431479,87,0.4921659
FETUSDT,SELL,LIMIT,1701940433057,20,0.4920593
FETUSDT,SELL,LIMIT,1701940450298,2385,0.4920269
FETUSDT,SELL,LIMIT,1701940453118,54,0.4918573
FETUSDT,SELL,LIMIT,1701940472191,5861,0.4918621
FETUSDT,SELL,LIMIT,1701940474796,1932,0.4917529
FETUSDT,SELL,LIMIT,1701940476570,28,0.4916377
FETUSDT,SELL,LIMIT,1701940514116,683,0.4917858
FETUSDT,SELL,LIMIT,1701940523434,79,0.4915357
FETUSDT,SELL,LIMIT,1701940556960,177,0.4910846
FETUSDT,SELL,LIMIT,1701940561577,128,0.4906389
FETUSDT,SELL,LIMIT,1701940563085,1243,0.4904478
FETUSDT,SELL,LIMIT,1701940564547,8960,0.4904363
FETUSDT,SELL,LIMIT,1701940565581,2187,0.4898543
FETUSDT,SELL,LIMIT,1701940568109,15,0.4888839
FETUSDT,SELL,LIMIT,1701940569415,442,0.4889013
FETUSDT,SELL,LIMIT,1701940697547,665,0.4882193
FETUSDT,SELL,LIMIT,1701940711648,1550,0.4880604
FETUSDT,SELL,LIMIT,1701940714367,3613,0.4878590
FETUSDT,SELL,LIMIT,1701940787423,10,0.4875394
FETUSDT,SELL,LIMIT,1701940789789,35809,0.4855523
FETUSDT,SELL,LIMIT,1701940791164,32,0.4869817
FETUSDT,SELL,LIMIT,1701941026713,645,0.4867560
FETUSDT,SELL,LIMIT,1701941039100,558,0.4866677
FETUSDT,SELL,LIMIT,1701941050165,286,0.4864957
FETUSDT,SELL,LIMIT,1701941058312,15,0.4865259
FETUSDT,SELL,LIMIT,1701941072760,276,0.4862226
FETUSDT,SELL,LIMIT,1701941076323,2230,0.4860113
FETUSDT,SELL,LIMIT,1701941077919,57,0.4856942
FETUSDT,SELL,LIMIT,1701941079750,23086,0.4842979
FETUSDT,SELL,LIMIT,1701941081407,7698,0.4854982
FETUSDT,SELL,LIMIT,1701941082559,1021,0.4854101
FETUSDT,SELL,LIMIT,1701941083709,394,0.4853359
FETUSDT,SELL,LIMIT,1701941150170,9751,0.4853040
FETUSDT,SELL,LIMIT,1701941151394,216,0.4852380
FETUSDT,SELL,LIMIT,1701941152634,5532,0.4851902
FETUSDT,SELL,LIMIT,1701941154086,651,0.4847092
FETUSDT,SELL,LIMIT,1701941155398,12316,0.4843319
FETUSDT,SELL,LIMIT,1701941160978,3715,0.4840221
FETUSDT,SELL,LIMIT,1701941175450,9469,0.4839241
FETUSDT,SELL,LIMIT,1701941176772,1881,0.4838517
FETUSDT,SELL,LIMIT,1701941178041,875,0.4838420
FETUSDT,SELL,LIMIT,1701941179994,365,0.4836251
FETUSDT,SELL,LIMIT,1701941181029,931,0.4835426
FETUSDT,SELL,LIMIT,1701941182411,554,0.4830614
FETUSDT,SELL,LIMIT,1701941184179,1362,0.4902109
FETUSDT,SELL,LIMIT,1701941185218,4700,0.4829287
FETUSDT,SELL,LIMIT,1701941186224,354,0.4830240
FETUSDT,SELL,LIMIT,1701941187367,1230,0.4824480
FETUSDT,SELL,LIMIT,1701941188802,854,0.4887590
FETUSDT,SELL,LIMIT,1701941189889,147,0.4806329
FETUSDT,SELL,LIMIT,1701941193404,282,0.4799694
FETUSDT,SELL,LIMIT,1701941236436,342,0.4810513
FETUSDT,SELL,LIMIT,1701941237623,1153,0.4807933
FETUSDT,SELL,LIMIT,1701941244310,1138,0.4804074
FETUSDT,SELL,LIMIT,1701941246414,187,0.4801138
FETUSDT,SELL,LIMIT,1701941255182,38,0.4796539
FETUSDT,SELL,LIMIT,1701941256303,138,0.4792965
FETUSDT,SELL,LIMIT,1701951901478,11507,0.4924201
FETUSDT,SELL,LIMIT,1701956578243,232,0.4960761
FETUSDT,SELL,LIMIT,1701959724424,381,0.4962605
FETUSDT,SELL,LIMIT,1701960515824,5659,0.4953602
FETUSDT,BUY,LIMIT,1701963004939,2969,0.5234733
FETUSDT,BUY,LIMIT,1701963058132,13231,0.5257398
FETUSDT,BUY,LIMIT,1701963098107,986,0.5256348
FETUSDT,BUY,LIMIT,1701963109144,12,0.5258945
FETUSDT,BUY,LIMIT,1701963339453,211,0.5296240
FETUSDT,BUY,LIMIT,1701965058187,184,0.5265240
FETUSDT,BUY,LIMIT,1701965494863,3461,0.5281401
FETUSDT,BUY,LIMIT,1701966410560,3764,0.5300940
FETUSDT,BUY,LIMIT,1701967279232,14,0.5350262
FETUSDT,BUY,LIMIT,1701967282076,1276,0.5354845
FETUSDT,BUY,LIMIT,1701967471309,28,0.5359536
FETUSDT,BUY,LIMIT,1701967472568,145,0.5378763
FETUSDT,BUY,LIMIT,1701967846201,12,0.5404971
FETUSDT,BUY,LIMIT,1701968076322,13,0.5413107
FETUSDT,BUY,LIMIT,1701968152397,526,0.5431907
FETUSDT,BUY,LIMIT,1701968175674,15,0.5459825
FETUSDT,BUY,LIMIT,1701968209987,507,0.5469295
FETUSDT,BUY,LIMIT,1701968216333,144,0.5472062
FETUSDT,SELL,LIMIT,1701976426103,170,0.5138799
FETUSDT,SELL,LIMIT,1701976457176,985,0.5131368
FETUSDT,SELL,LIMIT,1701976904904,4780,0.5115685
FETUSDT,SELL,LIMIT,1701977295811,6802,0.5094030
FETUSDT,SELL,LIMIT,1701977298673,224,0.5086377
FETUSDT,BUY,LIMIT,1701983908304,111,0.5400163
FETUSDT,BUY,LIMIT,1702007154541,54,0.5390700
FETUSDT,BUY,LIMIT,1702010287323,14269,0.5432404
FETUSDT,BUY,LIMIT,1702016000503,4330,0.5460837
FETUSDT,BUY,LIMIT,1702016109638,2442,0.5484397
FETUSDT,BUY,LIMIT,1702016237383,153,0.5489159
FETUSDT,SELL,LIMIT,1702020225026,130,0.5153986
FETUSDT,BUY,LIMIT,1702034923316,10,0.5454538
FETUSDT,BUY,LIMIT,1702048108127,17,0.5444002
FETUSDT,BUY,LIMIT,1702048984720,2879,0.5451900
FETUSDT,BUY,LIMIT,1702052118459,44,0.5497530
FETUSDT,BUY,LIMIT,1702052121420,294,0.5502502
FETUSDT,BUY,LIMIT,1702052165296,30,0.5514804
FETUSDT,BUY,LIMIT,1702052195123,864,0.5518132
FETUSDT,BUY,LIMIT,1702052225481,398,0.5527526
FETUSDT,SELL,LIMIT,1702054421087,220,0.5248545
FETUSDT,SELL,LIMIT,1702054434139,161,0.5254188
FETUSDT,BUY,LIMIT,1702063037470,86,0.5540963
FETUSDT,BUY,LIMIT,1702063049500,126,0.5545858
FETUSDT,SELL,LIMIT,1702069555180,960,0.5302945
FETUSDT,BUY,LIMIT,1702070611297,73,0.5516638
FETUSDT,BUY,LIMIT,1702073016728,58,0.5541900
FETUSDT,SELL,LIMIT,1702076456755,3575,0.5268481
FETUSDT,BUY,LIMIT,1702078943204,521,0.5522035
FETUSDT,SELL,LIMIT,1702079449621,370,0.5296901
FETUSDT,BUY,LIMIT,1702081981900,11,0.5570910
FETUSDT,BUY,LIMIT,1702082111316,755,0.5578078
FETUSDT,BUY,LIMIT,1702082152463,8079,0.5580442
FETUSDT,BUY,LIMIT,1702082351181,181,0.5589584
FETUSDT,BUY,LIMIT,1702082891041,5231,0.5577023
FETUSDT,BUY,LIMIT,1702085961395,11,0.5607415
FETUSDT,BUY,LIMIT,1702087250129,183,0.5620310
FETUSDT,BUY,LIMIT,1702088664728,2139,0.5646061
FETUSDT,BUY,LIMIT,1702093177631,7541,0.5634480
FETUSDT,BUY,LIMIT,1702099075118,339,0.5592660
FETUSDT,BUY,LIMIT,1702103108062,52,0.5628360
FETUSDT,BUY,LIMIT,1702103600472,82,0.5656414
FETUSDT,BUY,LIMIT,1702108079602,1734,0.5624225
FETUSDT,BUY,LIMIT,1702109244834,99,0.5665080
FETUSDT,BUY,LIMIT,1702109762377,363,0.5669587
FETUSDT,BUY,LIMIT,1702109780750,19,0.5671075
FETUSDT,BUY,LIMIT,1702110419037,69,0.5664060
FETUSDT,SELL,LIMIT,1702110606403,23,0.5430263
FETUSDT,SELL,LIMIT,1702110976101,1800,0.5332912
FETUSDT,SELL,LIMIT,1702110977804,646,0.5332759
FETUSDT,SELL,LIMIT,1702110979097,1758,0.5328272
FETUSDT,SELL,LIMIT,1702110980837,502,0.5322684
FETUSDT,SELL,LIMIT,1702110984144,4690,0.5314365
FETUSDT,SELL,LIMIT,1702110986326,152,0.5309600
FETUSDT,SELL,LIMIT,1702110992730,9053,0.5306534
FETUSDT,SELL,LIMIT,1702111035735,35,0.5296869
FETUSDT,SELL,LIMIT,1702111036996,3532,0.5295567
FETUSDT,SELL,LIMIT,1702111038508,442,0.5293584
FETUSDT,SELL,LIMIT,1702111039931,39,0.5273509
FETUSDT,SELL,LIMIT,1702111041550,830,0.5262209
FETUSDT,SELL,LIMIT,1702111043324,1507,0.5251658
FETUSDT,SELL,LIMIT,1702111044441,5734,0.5255419
FETUSDT,SELL,LIMIT,1702111380195,19517,0.5239221
FETUSDT,SELL,LIMIT,1702111386033,643,0.5249969
FETUSDT,SELL,LIMIT,1702111387609,1047,0.5297763
FETUSDT,SELL,LIMIT,1702111389357,507,0.5240021
FETUSDT,SELL,LIMIT,1702111391496,2316,0.5229858
FETUSDT,SELL,LIMIT,1702115082320,846,0.5303863
FETUSDT,SELL,LIMIT,1702115619777,88,0.5264322
FETUSDT,SELL,LIMIT,1702115631901,1087,0.5252801
FETUSDT,SELL,LIMIT,1702120891564,881,0.5304482
FETUSDT,SELL,LIMIT,1702132794278,203,0.5233917
FETUSDT,SELL,LIMIT,1702132801216,3636,0.5230965
FETUSDT,SELL,LIMIT,1702132835931,552,0.5222667
FETUSDT,SELL,LIMIT,1702132854360,514,0.5219127
FETUSDT,SELL,LIMIT,1702132855368,99,0.5216712
FETUSDT,SELL,LIMIT,1702132887262,10,0.5216198
FETUSDT,SELL,LIMIT,1702132889429,748,0.5212290
FETUSDT,SELL,LIMIT,1702132904338,461,0.5210100
FETUSDT,SELL,LIMIT,1702132937606,333,0.5206889
FETUSDT,SELL,LIMIT,1702132939706,196,0.5203381
FETUSDT,SELL,LIMIT,1702132941046,16,0.5198581
FETUSDT,SELL,LIMIT,1702132956845,104,0.5195628
FETUSDT,SELL,LIMIT,1702132958579,358,0.5193346
FETUSDT,SELL,LIMIT,1702132959903,21,0.5187256
FETUSDT,SELL,LIMIT,1702132961671,17,0.5188070
FETUSDT,SELL,LIMIT,1702132995490,10,0.5179239
FETUSDT,SELL,LIMIT,1702132998900,5792,0.5170781
FETUSDT,SELL,LIMIT,1702133001188,54,0.5165510
FETUSDT,SELL,LIMIT,1702133002260,1321,0.5163883
FETUSDT,SELL,LIMIT,1702133003376,593,0.5163750
FETUSDT,SELL,LIMIT,1702133004412,5972,0.5159161
FETUSDT,SELL,LIMIT,1702133005996,545,0.5152193
FETUSDT,SELL,LIMIT,1702133007028,14,0.5143248
FETUSDT,SELL,LIMIT,1702133008669,1782,0.5140555
FETUSDT,SELL,LIMIT,1702134885778,45128,0.5114761
FETUSDT,SELL,LIMIT,1702134898204,40,0.5130543
FETUSDT,SELL,LIMIT,1702134899802,520,0.5130036
FETUSDT,SELL,LIMIT,1702134946473,447,0.5133827
FETUSDT,BUY,LIMIT,1702138384466,190,0.5469986
FETUSDT,SELL,LIMIT,1702139190011,1862,0.5186985
FETUSDT,SELL,LIMIT,1702139211777,460,0.5184813
FETUSDT,SELL,LIMIT,1702139284114,283,0.5160906
FETUSDT,SELL,LIMIT,1702141725171,372,0.5142442
FETUSDT,SELL,LIMIT,1702141847574,86,0.5135342
FETUSDT,SELL,LIMIT,1702141852163,5077,0.5128341
FETUSDT,SELL,LIMIT,1702141856102,1976,0.5127644
FETUSDT,SELL,LIMIT,1702142067183,42,0.5126689
FETUSDT,SELL,LIMIT,1702142069175,5733,0.5120232
FETUSDT,SELL,LIMIT,1702142070552,159,0.5117144
FETUSDT,SELL,LIMIT,1702153865095,1588,0.5114294
FETUSDT,SELL,LIMIT,1702153866119,1101,0.5112605
FETUSDT,SELL,LIMIT,1702153882536,1013,0.5104081
FETUSDT,SELL,LIMIT,1702153912566,4647,0.5101965
FETUSDT,SELL,LIMIT,1702156356460,113,0.5096472
FETUSDT,SELL,LIMIT,1702156358236,394,0.5093607
FETUSDT,SELL,LIMIT,1702156359492,306,0.5090580
FETUSDT,SELL,LIMIT,1702156363405,89,0.5083870
FETUSDT,SELL,LIMIT,1702164209925,3096,0.5074887
FETUSDT,SELL,LIMIT,1702164210956,195,0.5071535
FETUSDT,SELL,LIMIT,1702164212346,59,0.5065029
FETUSDT,SELL,LIMIT,1702164213350,5031,0.5063853
FETUSDT,SELL,LIMIT,1702164290786,252,0.5058585
FETUSDT,SELL,LIMIT,1702164294147,2801,0.5058962
FETUSDT,SELL,LIMIT,1702164414087,564,0.5057068
FETUSDT,SELL,LIMIT,1702164420317,1685,0.5055383
FETUSDT,SELL,LIMIT,1702164498476,77,0.5055821
FETUSDT,SELL,LIMIT,1702164531683,628,0.5050522
FETUSDT,SELL,LIMIT,1702164535376,380,0.5046148
FETUSDT,SELL,LIMIT,1702164537560,20,0.5044061
FETUSDT,SELL,LIMIT,1702164539666,9238,0.5042240
FETUSDT,SELL,LIMIT,1702164541360,43213,0.5021821
FETUSDT,SELL,LIMIT,1702164544162,1005,0.5038467
FETUSDT,SELL,LIMIT,1702164547384,20000,0.5023680
FETUSDT,SELL,LIMIT,1702164549414,400,0.5036061
FETUSDT,SELL,LIMIT,1702164567409,1036,0.5032958
FETUSDT,SELL,LIMIT,1702164568478,6671,0.5030212
FETUSDT,SELL,LIMIT,1702164569611,35,0.5026898
FETUSDT,SELL,LIMIT,1702164571585,306,0.5021506
FETUSDT,SELL,LIMIT,1702164579525,2266,0.5020541
FETUSDT,SELL,LIMIT,1702164600177,3538,0.5017817
FETUSDT,SELL,LIMIT,1702164632502,500,0.5015040
FETUSDT,SELL,LIMIT,1702164688762,360,0.5011547
FETUSDT,SELL,LIMIT,1702164744964,281,0.5015636
FETUSDT,SELL,LIMIT,1702164746313,314,0.5009990
FETUSDT,SELL,LIMIT,1702164749130,549,0.5006405
FETUSDT,SELL,LIMIT,1702164751463,4264,0.5002901
FETUSDT,SELL,LIMIT,1702164798924,9598,0.5001683
FETUSDT,SELL,LIMIT,1702164800785,1468,0.5000148
FETUSDT,SELL,LIMIT,1702164801801,9003,0.4994408
FETUSDT,SELL,LIMIT,1702164803838,1775,0.4992527
FETUSDT,SELL,LIMIT,1702164805207,500,0.4991843
FETUSDT,SELL,LIMIT,1702164806277,476,0.4988476
FETUSDT,SELL,LIMIT,1702164807646,3544,0.4982857
FETUSDT,SELL,LIMIT,1702164808662,1124,0.4981493
FETUSDT,SELL,LIMIT,1702164809688,2151,0.4970800
FETUSDT,SELL,LIMIT,1702164810858,716,0.4968123
FETUSDT,SELL,LIMIT,1702164818322,9664,0.4965748
FETUSDT,SELL,LIMIT,1702174130681,12036,0.5065994
FETUSDT,BUY,LIMIT,1702175543219,40,0.5286660
FETUSDT,SELL,LIMIT,1702193850973,1496,0.5019177
FETUSDT,SELL,LIMIT,1702197085988,1183,0.5004212
FETUSDT,SELL,LIMIT,1702198503389,121,0.4997994
FETUSDT,SELL,LIMIT,1702200727429,194,0.4984281
FETUSDT,SELL,LIMIT,1702200756924,224,0.4976845
FETUSDT,SELL,LIMIT,1702200888726,11,0.4968681
FETUSDT,SELL,LIMIT,1702200893225,13425,0.4954470
FETUSDT,SELL,LIMIT,1702200894816,4342,0.4959318
FETUSDT,SELL,LIMIT,1702200938428,77,0.4955921
FETUSDT,SELL,LIMIT,1702202157133,90,0.4959781
FETUSDT,SELL,LIMIT,1702202261248,8828,0.4958284
FETUSDT,SELL,LIMIT,1702202263234,78,0.4954881
FETUSDT,SELL,LIMIT,1702202269443,339,0.4954881
FETUSDT,SELL,LIMIT,1702202271077,4274,0.4954512
FETUSDT,SELL,LIMIT,1702202289886,2552,0.4949981
FETUSDT,SELL,LIMIT,1702202292288,6254,0.4946625
FETUSDT,SELL,LIMIT,1702202293401,485,0.4944646
FETUSDT,SELL,LIMIT,1702202298697,30,0.4940836
FETUSDT,SELL,LIMIT,1702202318309,328,0.4944188
FETUSDT,SELL,LIMIT,1702202324165,6678,0.4940444
FETUSDT,SELL,LIMIT,1702202326193,29,0.4938499
FETUSDT,SELL,LIMIT,1702202347682,3200,0.4936539
FETUSDT,SELL,LIMIT,1702202364172,462,0.4933500
FETUSDT,SELL,LIMIT,1702202365283,683,0.4933572
FETUSDT,SELL,LIMIT,1702202376295,182,0.4929974
FETUSDT,SELL,LIMIT,1702202380362,10,0.4926168
FETUSDT,SELL,LIMIT,1702202383297,7593,0.4924910
FETUSDT,SELL,LIMIT,1702202397698,2032,0.4921148
FETUSDT,SELL,LIMIT,1702202399198,29,0.4921523
FETUSDT,SELL,LIMIT,1702202402578,2537,0.4918652
FETUSDT,SELL,LIMIT,1702202407543,1009,0.4918146
FETUSDT,BUY,LIMIT,1702219436512,157,0.5278581
FETUSDT,BUY,LIMIT,1702221802740,1090,0.5307465
FETUSDT,SELL,LIMIT,1702230570852,254,0.4997179
FETUSDT,SELL,LIMIT,1702230573585,1482,0.4996186
FETUSDT,SELL,LIMIT,1702230574647,2401,0.4995361
FETUSDT,SELL,LIMIT,1702230602264,47,0.4992953
FETUSDT,SELL,LIMIT,1702236919156,822,0.5080288
FETUSDT,BUY,LIMIT,1702238605024,2000,0.5310862
FETUSDT,BUY,LIMIT,1702239873588,1243,0.5319222
FETUSDT,BUY,LIMIT,1702240394348,1253,0.5330335
FETUSDT,BUY,LIMIT,1702240537280,198,0.5332560
FETUSDT,BUY,LIMIT,1702241074520,20,0.5331549
FETUSDT,BUY,LIMIT,1702241117786,2485,0.5333891
FETUSDT,BUY,LIMIT,1702241182471,20,0.5335620
FETUSDT,BUY,LIMIT,1702241333134,589,0.5344054
FETUSDT,BUY,LIMIT,1702241364185,6,0.5350521
FETUSDT,BUY,LIMIT,1702242011511,720,0.5369917
FETUSDT,BUY,LIMIT,1702242013271,1441,0.5370474
FETUSDT,BUY,LIMIT,1702242017849,25,0.5373087
FETUSDT,BUY,LIMIT,1702242046441,20,0.5374238
FETUSDT,BUY,LIMIT,1702242499360,160,0.5389252
FETUSDT,BUY,LIMIT,1702253292736,3124,0.5425998
FETUSDT,BUY,LIMIT,1702253311336,1204,0.5427753
FETUSDT,BUY,LIMIT,1702253351559,49711,0.5463621
FETUSDT,BUY,LIMIT,1702254712973,395,0.5456699
FETUSDT,SELL,LIMIT,1702256437345,2598,0.5132261
FETUSDT,SELL,LIMIT,1702256614354,1635,0.5105013
FETUSDT,SELL,LIMIT,1702256911338,1000,0.5083179
FETUSDT,SELL,LIMIT,1702256913084,207,0.5081368
FETUSDT,SELL,LIMIT,1702256916517,147,0.5072726
FETUSDT,SELL,LIMIT,1702256918998,303,0.5065045
FETUSDT,SELL,LIMIT,1702256997147,208,0.5058893
FETUSDT,SELL,LIMIT,1702256998361,406,0.5059283
FETUSDT,SELL,LIMIT,1702257012898,859,0.5056403
FETUSDT,SELL,LIMIT,1702260323331,522,0.5099118
FETUSDT,SELL,LIMIT,1702260429449,17,0.5079321
FETUSDT,SELL,LIMIT,1702260434748,3804,0.5067235
FETUSDT,SELL,LIMIT,1702260440588,343,0.5057951
FETUSDT,SELL,LIMIT,1702260443447,329,0.5052543
FETUSDT,SELL,LIMIT,1702260450487,123,0.5053184
FETUSDT,SELL,LIMIT,1702260626634,1491,0.5051267
FETUSDT,SELL,LIMIT,1702260628293,953,0.5045571
FETUSDT,SELL,LIMIT,1702260630567,32,0.5036586
FETUSDT,SELL,LIMIT,1702260631896,177,0.5032624
FETUSDT,SELL,LIMIT,1702260633450,80,0.5028769
FETUSDT,SELL,LIMIT,1702260634458,180,0.5044464
FETUSDT,SELL,LIMIT,1702260635481,220,0.5066486
FETUSDT,SELL,LIMIT,1702260637246,822,0.5022432
FETUSDT,SELL,LIMIT,1702260690379,562,0.5020446
FETUSDT,SELL,LIMIT,1702260695837,684,0.5016119
FETUSDT,SELL,LIMIT,1702260697245,61,0.5014070
FETUSDT,SELL,LIMIT,1702260700317,1530,0.5015154
FETUSDT,SELL,LIMIT,1702260701628,1466,0.5013808
FETUSDT,SELL,LIMIT,1702260705429,3792,0.5010406
FETUSDT,SELL,LIMIT,1702260707401,69,0.5006965
FETUSDT,SELL,LIMIT,1702260708417,2259,0.5004263
FETUSDT,SELL,LIMIT,1702260709438,400,0.5003460
FETUSDT,SELL,LIMIT,1702260711471,504,0.4996705
FETUSDT,SELL,LIMIT,1702260712698,22927,0.5032002
FETUSDT,SELL,LIMIT,1702260713943,743,0.4996303
FETUSDT,SELL,LIMIT,1702260715425,1832,0.4984030
FETUSDT,SELL,LIMIT,1702260716855,717,0.4979520
FETUSDT,SELL,LIMIT,1702260717922,2495,0.4975116
FETUSDT,SELL,LIMIT,1702260719052,762,0.4972159
FETUSDT,SELL,LIMIT,1702260720157,277,0.4971137
FETUSDT,SELL,LIMIT,1702260721357,9917,0.4961522
FETUSDT,SELL,LIMIT,1702260722423,577,0.4964796
FETUSDT,SELL,LIMIT,1702260723739,118,0.4974942
FETUSDT,SELL,LIMIT,1702260724961,488,0.4953303
FETUSDT,SELL,LIMIT,1702260725996,586,0.4953395
FETUSDT,SELL,LIMIT,1702260727698,327,0.4974310
FETUSDT,SELL,LIMIT,1702260728899,582,0.4943481
FETUSDT,SELL,LIMIT,1702260730224,5277,0.4943584
FETUSDT,SELL,LIMIT,1702260731297,1499,0.4941557
FETUSDT,SELL,LIMIT,1702260732638,993,0.4934132
FETUSDT,SELL,LIMIT,1702260733777,16207,0.4932727
FETUSDT,SELL,LIMIT,1702260734824,168,0.4943348
FETUSDT,SELL,LIMIT,1702260735855,2975,0.4957296
FETUSDT,SELL,LIMIT,1702260737245,2307,0.4935039
FETUSDT,SELL,LIMIT,1702260738745,738,0.4940329
FETUSDT,SELL,LIMIT,1702260739749,2846,0.4928293
FETUSDT,SELL,LIMIT,1702260741292,114,0.4926096
FETUSDT,SELL,LIMIT,1702260742589,500,0.4921584
FETUSDT,SELL,LIMIT,1702260744359,9708,0.4966942
FETUSDT,SELL,LIMIT,1702260745497,142,0.4920510
FETUSDT,SELL,LIMIT,1702260746563,1028,0.4915360
FETUSDT,SELL,LIMIT,1702260747610,4181,0.4917623
FETUSDT,SELL,LIMIT,1702260748613,1154,0.4911026
FETUSDT,SELL,LIMIT,1702260749692,4925,0.4909257
FETUSDT,SELL,LIMIT,1702260750745,1063,0.4910843
FETUSDT,SELL,LIMIT,1702260751921,1046,0.4909210
FETUSDT,SELL,LIMIT,1702260753307,471,0.4904178
FETUSDT,SELL,LIMIT,1702260754385,472,0.4898971
FETUSDT,SELL,LIMIT,1702260755617,90,0.4897138
FETUSDT,SELL,LIMIT,1702260756697,88,0.4890100
FETUSDT,SELL,LIMIT,1702260758308,392,0.4884971
FETUSDT,SELL,LIMIT,1702260759429,500,0.4882057
FETUSDT,SELL,LIMIT,1702260760454,20,0.4883674
FETUSDT,SELL,LIMIT,1702260761578,7,0.4859458
FETUSDT,SELL,LIMIT,1702260762596,20,0.4857670
FETUSDT,SELL,LIMIT,1702260763642,369,0.4857669
FETUSDT,SELL,LIMIT,1702260764754,20,0.4863812
FETUSDT,SELL,LIMIT,1702260765783,96,0.4863812
FETUSDT,SELL,LIMIT,1702260766759,2853,0.4838258
FETUSDT,SELL,LIMIT,1702260767831,11896,0.4843359
FETUSDT,SELL,LIMIT,1702260768855,682,0.4847074
FETUSDT,SELL,LIMIT,1702260769788,1970,0.4818619
FETUSDT,SELL,LIMIT,1702260770873,6766,0.4846783
FETUSDT,SELL,LIMIT,1702260772044,1967,0.4825850
FETUSDT,SELL,LIMIT,1702260773063,1000,0.4810051
FETUSDT,SELL,LIMIT,1702260774470,133,0.4799739
FETUSDT,SELL,LIMIT,1702260775515,600,0.4801001
FETUSDT,SELL,LIMIT,1702260776655,300,0.4897460
FETUSDT,SELL,LIMIT,1702260777692,305,0.4781349
FETUSDT,SELL,LIMIT,1702260778738,698,0.4778558
FETUSDT,SELL,LIMIT,1702260779797,465,0.4764964
FETUSDT,SELL,LIMIT,1702260781003,2249,0.4752690
FETUSDT,SELL,LIMIT,1702260782024,156,0.4728689
FETUSDT,SELL,LIMIT,1702260783033,196,0.4733499
FETUSDT,SELL,LIMIT,1702260784057,2899,0.4727992
FETUSDT,SELL,LIMIT,1702260785131,600,0.4722928
FETUSDT,SELL,LIMIT,1702260786479,81,0.4707572
FETUSDT,SELL,LIMIT,1702260787489,15,0.4702530
FETUSDT,SELL,LIMIT,1702260788581,114,0.4696530
FETUSDT,SELL,LIMIT,1702260789625,1111,0.6313757
FETUSDT,SELL,LIMIT,1702260790653,33239,0.4672671
FETUSDT,SELL,LIMIT,1702260791685,7471,0.4691594
FETUSDT,SELL,LIMIT,1702260792709,2223,0.4687932
FETUSDT,SELL,LIMIT,1702260793765,372,0.4687279
FETUSDT,SELL,LIMIT,1702260794783,480,0.4681041
FETUSDT,SELL,LIMIT,1702260796247,48,0.5810611
FETUSDT,SELL,LIMIT,1702260797338,2097,0.4678660
FETUSDT,SELL,LIMIT,1702260798377,836,0.4678660
FETUSDT,SELL,LIMIT,1702260799443,3824,0.4669635
FETUSDT,SELL,LIMIT,1702260800457,71,0.4672195
FETUSDT,SELL,LIMIT,1702260801562,920,0.4666740
FETUSDT,SELL,LIMIT,1702260802749,753,0.4720123
FETUSDT,SELL,LIMIT,1702260803785,2987,0.4660311
FETUSDT,SELL,LIMIT,1702260804796,407,0.4664204
FETUSDT,SELL,LIMIT,1702260805798,223,0.4654810
FETUSDT,SELL,LIMIT,1702260806901,97,0.4648694
FETUSDT,SELL,LIMIT,1702260807906,10,0.4648360
FETUSDT,SELL,LIMIT,1702260808968,70,0.4717271
FETUSDT,SELL,LIMIT,1702260810013,100,0.4643372
FETUSDT,SELL,LIMIT,1702260811154,58,0.4647686
FETUSDT,SELL,LIMIT,1702260812312,1886,0.4646217
FETUSDT,SELL,LIMIT,1702260813402,4860,0.4638642
FETUSDT,SELL,LIMIT,1702260814663,30,0.4645371
FETUSDT,SELL,LIMIT,1702260818047,8091,0.4644534
FETUSDT,SELL,LIMIT,1702260819363,3628,0.4637181
FETUSDT,SELL,LIMIT,1702260821068,900,0.4600709
FETUSDT,SELL,LIMIT,1702260822073,4254,0.4607613
FETUSDT,SELL,LIMIT,1702260823149,385,0.4600188
FETUSDT,SELL,LIMIT,1702260824262,4500,0.4599492
FETUSDT,SELL,LIMIT,1702260826169,1954,0.4586285
FETUSDT,SELL,LIMIT,1702260827235,13591,0.4587224
FETUSDT,SELL,LIMIT,1702260828282,124,0.4584335
FETUSDT,SELL,LIMIT,1702260829529,246,0.4583928
FETUSDT,SELL,LIMIT,1702260832198,676,0.4576685
FETUSDT,SELL,LIMIT,1702260833391,5085,0.4576082
FETUSDT,SELL,LIMIT,1702260834750,1194,0.4569686
FETUSDT,SELL,LIMIT,1702260836102,1104,0.4560961
FETUSDT,SELL,LIMIT,1702260839808,586,0.4559952
FETUSDT,SELL,LIMIT,1702260871885,10,0.4640832
FETUSDT,BUY,LIMIT,1702261423703,11,0.5006496
FETUSDT,BUY,LIMIT,1702263270200,97,0.5031607
FETUSDT,BUY,LIMIT,1702264389222,31,0.5086273
