Symbol,Side,Order Type,Time,Quantity,Price
FETUSDT,BUY,LIMIT,1701066921383,310,0.5616342
FETUSDT,BUY,LIMIT,1701067099794,62,0.5624805
FETUSDT,BUY,LIMIT,1701067122176,62,0.5634733
FETUSDT,BUY,LIMIT,1701067131522,578,0.5639014
FETUSDT,BUY,LIMIT,1701067134826,116,0.5642154
FETUSDT,BUY,LIMIT,1701067136277,35,0.5642375
FETUSDT,BUY,LIMIT,1701067748377,992,0.5610000
FETUSDT,BUY,LIMIT,1701067814423,5653,0.5593078
FETUSDT,SELL,LIMIT,1701068135337,560,0.5310326
FETUSDT,SELL,LIMIT,1701068152342,69,0.5301746
FETUSDT,SELL,LIMIT,1701068385576,906,0.5265616
FETUSDT,SELL,LIMIT,1701068388116,441,0.5264833
FETUSDT,SELL,LIMIT,1701068905690,40,0.5281597
FETUSDT,BUY,LIMIT,1701068996609,627,0.5410749
FETUSDT,SELL,LIMIT,1701069212159,10,0.5237144
FETUSDT,SELL,LIMIT,1701069214267,3454,0.5230133
FETUSDT,SELL,LIMIT,1701069227441,73,0.5223489
FETUSDT,SELL,LIMIT,1701069514110,4800,0.5219306
FETUSDT,SELL,LIMIT,1701069515795,10,0.5216751
FETUSDT,SELL,LIMIT,1701069519550,3224,0.5210187
FETUSDT,SELL,LIMIT,1701069561785,3083,0.5199038
FETUSDT,SELL,LIMIT,1701069572700,4269,0.5197028
FETUSDT,SELL,LIMIT,1701069573714,28,0.5259480
FETUSDT,SELL,LIMIT,1701069575814,204,0.5187801
FETUSDT,SELL,LIMIT,1701069879209,8496,0.5183316
FETUSDT,SELL,LIMIT,1701069885204,24710,0.5165773
FETUSDT,SELL,LIMIT,1701069896505,292,0.5176487
FETUSDT,SELL,LIMIT,1701069899084,43,0.5169217
FETUSDT,SELL,LIMIT,1701069900110,46,0.5166778
FETUSDT,SELL,LIMIT,1701070172533,368,0.5166312
FETUSDT,SELL,LIMIT,1701070439570,500,0.5190456
FETUSDT,BUY,LIMIT,1701076418145,417,0.5567562
FETUSDT,BUY,LIMIT,1701076518146,151,0.5571853
FETUSDT,BUY,LIMIT,1701076554219,3692,0.5585602
FETUSDT,BUY,LIMIT,1701076982681,279,0.5526360
FETUSDT,SELL,LIMIT,1701077476314,3777,0.5322434
FETUSDT,SELL,LIMIT,1701081149617,224,0.5198356
FETUSDT,SELL,LIMIT,1701081186836,733,0.5187348
FETUSDT,SELL,LIMIT,1701081193728,1667,0.5181344
FETUSDT,SELL,LIMIT,1701081455293,1422,0.5160921
FETUSDT,SELL,LIMIT,1701082208797,70,0.5150085
FETUSDT,SELL,LIMIT,1701082592348,531,0.5141537
FETUSDT,SELL,LIMIT,1701082606070,3000,0.5139244
FETUSDT,SELL,LIMIT,1701082615677,1412,0.5137116
FETUSDT,SELL,LIMIT,1701082617659,544,0.5136331
FETUSDT,BUY,LIMIT,1701082654050,38,0.5342822
FETUSDT,SELL,LIMIT,1701082668526,1378,0.5130820
FETUSDT,SELL,LIMIT,1701082671057,1122,0.5129955
FETUSDT,SELL,LIMIT,1701082677320,189,0.5129717
FETUSDT,SELL,LIMIT,1701082682066,55,0.5126643
FETUSDT,SELL,LIMIT,1701082683328,104,0.5122494
FETUSDT,SELL,LIMIT,1701082696459,3378,0.5115038
FETUSDT,SELL,LIMIT,1701082701610,10000,0.5108922
FETUSDT,SELL,LIMIT,1701082703522,544,0.5107169
FETUSDT,SELL,LIMIT,1701082726597,26751,0.5095530
FETUSDT,SELL,LIMIT,1701082728136,1220,0.5109567
FETUSDT,SELL,LIMIT,1701084844080,2092,0.5104830
FETUSDT,SELL,LIMIT,1701084862370,69,0.5104476
FETUSDT,SELL,LIMIT,1701084931402,933,0.5094783
FETUSDT,SELL,LIMIT,1701084933086,662,0.5093883
FETUSDT,SELL,LIMIT,1701089989102,412,0.5087159
FETUSDT,SELL,LIMIT,1701090008181,741,0.5083925
FETUSDT,SELL,LIMIT,1701090036034,370,0.5079511
FETUSDT,SELL,LIMIT,1701091162161,10,0.5174058
FETUSDT,SELL,LIMIT,1701093137517,482,0.5083959
FETUSDT,SELL,LIMIT,1701095007331,210,0.5060807
FETUSDT,SELL,LIMIT,1701095012523,1740,0.5060500
FETUSDT,SELL,LIMIT,1701095028849,248,0.5059060
FETUSDT,SELL,LIMIT,1701095284047,7442,0.5058987
FETUSDT,SELL,LIMIT,1701095285054,918,0.5056683
FETUSDT,SELL,LIMIT,1701095326389,533,0.5053619
FETUSDT,SELL,LIMIT,1701095330344,7934,0.5052056
FETUSDT,SELL,LIMIT,1701095332033,203,0.5047781
FETUSDT,SELL,LIMIT,1701095338528,3306,0.5045695
FETUSDT,SELL,LIMIT,1701095412355,928,0.5042488
FETUSDT,SELL,LIMIT,1701095516611,4438,0.5034261
FETUSDT,SELL,LIMIT,1701096041164,62,0.5030308
FETUSDT,SELL,LIMIT,1701096046166,752,0.5024233
FETUSDT,SELL,LIMIT,1701096048716,3850,0.5021698
FETUSDT,SELL,LIMIT,1701096092378,688,0.5018322
FETUSDT,SELL,LIMIT,1701096129739,1110,0.5014661
FETUSDT,SELL,LIMIT,1701096471300,7519,0.5012938
FETUSDT,SELL,LIMIT,1701096703031,13,0.5005989
FETUSDT,SELL,LIMIT,1701096704204,954,0.5004861
FETUSDT,SELL,LIMIT,1701096715686,1559,0.5005167
FETUSDT,SELL,LIMIT,1701096719198,1706,0.5003205
FETUSDT,SELL,LIMIT,1701096788768,1907,0.4994397
FETUSDT,SELL,LIMIT,1701096795669,95,0.4993101
FETUSDT,SELL,LIMIT,1701096837220,10,0.4983515
FETUSDT,SELL,LIMIT,1701096995573,274,0.4975917
FETUSDT,SELL,LIMIT,1701097033650,7641,0.4970406
FETUSDT,SELL,LIMIT,1701097076134,2520,0.4971663
FETUSDT,SELL,LIMIT,1701097101068,2629,0.4972694
FETUSDT,SELL,LIMIT,1701100125154,347,0.4978966
FETUSDT,SELL,LIMIT,1701100224311,1915,0.4960045
FETUSDT,SELL,LIMIT,1701100242112,460,0.4955882
FETUSDT,SELL,LIMIT,1701100523814,9089,0.4970561
FETUSDT,SELL,LIMIT,1701100529267,195,0.4969581
FETUSDT,SELL,LIMIT,1701100537109,33,0.5083805
FETUSDT,SELL,LIMIT,1701100546781,363,0.4948240
FETUSDT,SELL,LIMIT,1701100549280,91,0.4945077
FETUSDT,SELL,LIMIT,1701100574612,52,0.4942032
FETUSDT,SELL,LIMIT,1701100576407,528,0.4941336
FETUSDT,SELL,LIMIT,1701100598265,1043,0.4934317
FETUSDT,SELL,LIMIT,1701100599359,186,0.4937610
FETUSDT,SELL,LIMIT,1701100605389,24167,0.4912337
FETUSDT,SELL,LIMIT,1701100617419,949,0.4926257
FETUSDT,SELL,LIMIT,1701100618617,737,0.4917228
FETUSDT,SELL,LIMIT,1701100906889,538,0.4927826
FETUSDT,SELL,LIMIT,1701102048147,44,0.4951254
FETUSDT,SELL,LIMIT,1701102233065,1884,0.4905636
FETUSDT,BUY,LIMIT,1701102730267,40,0.5097721
FETUSDT,BUY,LIMIT,1701109046238,157,0.5262193
FETUSDT,BUY,LIMIT,1701109422738,350,0.5277344
FETUSDT,SELL,LIMIT,1701110462390,352,0.5057856
FETUSDT,SELL,LIMIT,1701111829089,103,0.5021521
FETUSDT,SELL,LIMIT,1701111908572,9704,0.5005946
FETUSDT,SELL,LIMIT,1701112211611,96,0.4981341
FETUSDT,SELL,LIMIT,1701114129246,824,0.4968677
FETUSDT,SELL,LIMIT,1701114205080,719,0.4960583
FETUSDT,SELL,LIMIT,1701114468669,289,0.4936036
FETUSDT,SELL,LIMIT,1701114495680,497,0.4924500
FETUSDT,SELL,LIMIT,1701114502613,8421,0.4924447
FETUSDT,SELL,LIMIT,1701116879662,9526,0.4907841
FETUSDT,SELL,LIMIT,1701116883582,9478,0.4906289
FETUSDT,SELL,LIMIT,1701117028307,1000,0.4899120
FETUSDT,SELL,LIMIT,1701117029758,5788,0.4898852
FETUSDT,SELL,LIMIT,1701117030924,1940,0.4896884
FETUSDT,SELL,LIMIT,1701117032292,192,0.4885890
FETUSDT,BUY,LIMIT,1701120792957,199,0.5235811
FETUSDT,BUY,LIMIT,1701120810442,250,0.5253746
FETUSDT,BUY,LIMIT,1701120978746,277,0.5293091
FETUSDT,BUY,LIMIT,1701121035046,40,0.5299214
FETUSDT,BUY,LIMIT,1701122770030,42,0.5194246
FETUSDT,BUY,LIMIT,1701132296882,195,0.5306613
FETUSDT,SELL,LIMIT,1701137217935,59,0.5022146
FETUSDT,SELL,LIMIT,1701147265613,4202,0.4924572
FETUSDT,SELL,LIMIT,1701147268217,9637,0.4924054
FETUSDT,SELL,LIMIT,1701147270413,67,0.4924367
FETUSDT,SELL,LIMIT,1701147279378,3208,0.4918947
FETUSDT,SELL,LIMIT,1701148143226,15796,0.4888771
FETUSDT,SELL,LIMIT,1701148239019,545,0.4885301
FETUSDT,SELL,LIMIT,1701148251625,3434,0.4884321
FETUSDT,SELL,LIMIT,1701148253260,99,0.4884152
FETUSDT,SELL,LIMIT,1701148727144,169,0.4880344
FETUSDT,SELL,LIMIT,1701148773346,2307,0.4874931
FETUSDT,SELL,LIMIT,1701148790910,38,0.4867785
FETUSDT,SELL,LIMIT,1701148803036,6651,0.4864753
FETUSDT,SELL,LIMIT,1701148852577,3423,0.4856081
FETUSDT,SELL,LIMIT,1701148888989,1989,0.4852501
FETUSDT,SELL,LIMIT,1701148893735,37271,0.4832500
FETUSDT,SELL,LIMIT,1701148895383,3914,0.4849091
FETUSDT,SELL,LIMIT,1701148905321,1014,0.4844191
FETUSDT,SELL,LIMIT,1701148939666,9700,0.4841525
FETUSDT,SELL,LIMIT,1701148959760,707,0.4840565
FETUSDT,SELL,LIMIT,1701149021020,2742,0.4838346
FETUSDT,SELL,LIMIT,1701149082426,1901,0.4841395
FETUSDT,SELL,LIMIT,1701149111719,1511,0.4846673
FETUSDT,SELL,LIMIT,1701149486682,529,0.4836091
FETUSDT,SELL,LIMIT,1701149499879,2451,0.4833461
FETUSDT,SELL,LIMIT,1701149504401,2185,0.4831998
FETUSDT,SELL,LIMIT,1701149507468,166,0.4829862
FETUSDT,SELL,LIMIT,1701149564128,245,0.4827365
FETUSDT,SELL,LIMIT,1701149568076,2059,0.4826454
FETUSDT,SELL,LIMIT,1701149581809,2553,0.4821300
FETUSDT,SELL,LIMIT,1701149773133,1758,0.4818842
FETUSDT,SELL,LIMIT,1701149839391,67,0.4817681
FETUSDT,SELL,LIMIT,1701149845729,10000,0.4815057
FETUSDT,SELL,LIMIT,1701149848118,197,0.4820027
FETUSDT,SELL,LIMIT,1701149849615,424,0.4813231
FETUSDT,SELL,LIMIT,1701149852056,2869,0.4811743
FETUSDT,SELL,LIMIT,1701149873691,10,0.4810996
FETUSDT,SELL,LIMIT,1701149890351,1134,0.4809536
FETUSDT,SELL,LIMIT,1701149891654,523,0.4809466
FETUSDT,SELL,LIMIT,1701149903309,2264,0.4808237
FETUSDT,SELL,LIMIT,1701150754696,13232,0.4802014
FETUSDT,SELL,LIMIT,1701150762359,3727,0.4806795
FETUSDT,SELL,LIMIT,1701151263536,10240,0.4805676
FETUSDT,SELL,LIMIT,1701151265231,2016,0.4805488
FETUSDT,SELL,LIMIT,1701151266844,16,0.4804933
FETUSDT,SELL,LIMIT,1701151273298,4962,0.4801587
FETUSDT,SELL,LIMIT,1701151275330,941,0.4797669
FETUSDT,BUY,LIMIT,1701158093300,57,0.5139117
FETUSDT,BUY,LIMIT,1701158140377,8230,0.5155179
FETUSDT,BUY,LIMIT,1701158544474,44,0.5171389
FETUSDT,BUY,LIMIT,1701158546927,1075,0.5199586
FETUSDT,BUY,LIMIT,1701158578190,219,0.5212944
FETUSDT,BUY,LIMIT,1701159138751,1422,0.5224357
FETUSDT,BUY,LIMIT,1701159754875,11742,0.5234888
FETUSDT,BUY,LIMIT,1701164387786,13,0.5206526
FETUSDT,BUY,LIMIT,1701164536130,700,0.5249241
FETUSDT,BUY,LIMIT,1701166138715,223,0.5329665
FETUSDT,BUY,LIMIT,1701167413057,393,0.5351960
FETUSDT,BUY,LIMIT,1701170303717,1952,0.5379369
FETUSDT,BUY,LIMIT,1701170496376,2279,0.5400497
FETUSDT,BUY,LIMIT,1701171057838,1017,0.5419424
FETUSDT,BUY,LIMIT,1701171059863,188,0.5420783
FETUSDT,BUY,LIMIT,1701171364614,22,0.5437914
FETUSDT,BUY,LIMIT,1701171554134,88,0.5450012
FETUSDT,BUY,LIMIT,1701171625407,213,0.5462317
FETUSDT,BUY,LIMIT,1701171653996,1424,0.5464539
FETUSDT,BUY,LIMIT,1701171674082,141,0.5477741
FETUSDT,BUY,LIMIT,1701171756461,50200,0.5519992
FETUSDT,BUY,LIMIT,1701171992622,60,0.5493157
FETUSDT,BUY,LIMIT,1701172056236,3872,0.5506872
FETUSDT,BUY,LIMIT,1701172134491,11,0.5516451
FETUSDT,BUY,LIMIT,1701172224390,2543,0.5518934
FETUSDT,SELL,LIMIT,1701176744735,346,0.5165429
FETUSDT,BUY,LIMIT,1701186198713,50,0.5455980
FETUSDT,BUY,LIMIT,1701186645238,796,0.5433697
FETUSDT,BUY,LIMIT,1701187440541,1577,0.5487345
FETUSDT,BUY,LIMIT,1701188308010,2930,0.5504195
FETUSDT,BUY,LIMIT,1701189038692,29,0.5491680
FETUSDT,BUY,LIMIT,1701189369047,162,0.5499414
FETUSDT,BUY,LIMIT,1701190136169,2845,0.5501880
FETUSDT,BUY,LIMIT,1701190282768,10,0.5513470
FETUSDT,BUY,LIMIT,1701192109778,677,0.5510040
FETUSDT,BUY,LIMIT,1701192160211,1519,0.5523300
FETUSDT,BUY,LIMIT,1701192261865,3119,0.5532812
FETUSDT,BUY,LIMIT,1701192323784,1318,0.5539219
FETUSDT,BUY,LIMIT,1701192400165,86,0.5521252
FETUSDT,BUY,LIMIT,1701192682007,90,0.5545578
FETUSDT,BUY,LIMIT,1701194379577,6684,0.5553066
FETUSDT,BUY,LIMIT,1701194394359,85,0.5555407
FETUSDT,BUY,LIMIT,1701196216223,39,0.5520240
FETUSDT,BUY,LIMIT,1701197838335,19,0.5474320
FETUSDT,BUY,LIMIT,1701197853681,379,0.5482700
FETUSDT,BUY,LIMIT,1701197859493,769,0.5481995
FETUSDT,BUY,LIMIT,1701198747219,11,0.5560275
FETUSDT,BUY,LIMIT,1701198748524,155,0.5561859
FETUSDT,BUY,LIMIT,1701201638450,416,0.5533847
FETUSDT,BUY,LIMIT,1701201640491,21,0.5535383
FETUSDT,SELL,LIMIT,1701207889912,734,0.5228161
FETUSDT,BUY,LIMIT,1701217314450,904,0.5561865
FETUSDT,BUY,LIMIT,1701217771241,491,0.5577723
FETUSDT,BUY,LIMIT,1701217840380,92,0.5579124
FETUSDT,BUY,LIMIT,1701217868566,714,0.5597462
FETUSDT,BUY,LIMIT,1701217870593,13920,0.5611697
FETUSDT,BUY,LIMIT,1701217871671,48,0.5615460
FETUSDT,BUY,LIMIT,1701217949067,1982,0.5624853
FETUSDT,BUY,LIMIT,1701217950311,205,0.5626860
FETUSDT,BUY,LIMIT,1701218044596,62,0.5642683
FETUSDT,BUY,LIMIT,1701218060694,5759,0.5649797
FETUSDT,BUY,LIMIT,1701218098305,170,0.5657470
FETUSDT,BUY,LIMIT,1701218487132,5351,0.5682103
FETUSDT,BUY,LIMIT,1701218488383,117,0.5686126
FETUSDT,BUY,LIMIT,1701218489480,93,0.5694532
FETUSDT,BUY,LIMIT,1701218504649,377,0.5700816
FETUSDT,BUY,LIMIT,1701218508049,9497,0.5706088
FETUSDT,BUY,LIMIT,1701218509773,417,0.5708421
FETUSDT,BUY,LIMIT,1701219246063,28,0.5498142
FETUSDT,SELL,LIMIT,1701229033725,1073,0.5306174
FETUSDT,SELL,LIMIT,1701234955299,104,0.5275556
FETUSDT,SELL,LIMIT,1701235841391,252,0.5268878
FETUSDT,SELL,LIMIT,1701236006080,586,0.5268473
FETUSDT,SELL,LIMIT,1701236034818,68,0.5262355
FETUSDT,SELL,LIMIT,1701236039898,2649,0.5257363
FETUSDT,SELL,LIMIT,1701236707574,4046,0.5242661
FETUSDT,SELL,LIMIT,1701237860718,3845,0.5230319
FETUSDT,SELL,LIMIT,1701237882814,253,0.5229121
FETUSDT,SELL,LIMIT,1701238250869,354,0.5222161
FETUSDT,SELL,LIMIT,1701238257114,18244,0.5208048
FETUSDT,SELL,LIMIT,1701239128191,145,0.5244592
FETUSDT,BUY,LIMIT,1701247219523,276,0.5577813
FETUSDT,BUY,LIMIT,1701247735641,4592,0.5629389
FETUSDT,BUY,LIMIT,1701248006594,2063,0.5652960
FETUSDT,BUY,LIMIT,1701248156376,698,0.5636520
FETUSDT,SELL,LIMIT,1701250281125,281,0.5305626
FETUSDT,SELL,LIMIT,1701252168730,1000,0.5266478
FETUSDT,SELL,LIMIT,1701252227698,73,0.5254138
FETUSDT,SELL,LIMIT,1701253412138,39,0.5246921
FETUSDT,SELL,LIMIT,1701253439825,47,0.5246603
FETUSDT,SELL,LIMIT,1701253616869,5439,0.5240152
FETUSDT,SELL,LIMIT,1701254016080,291,0.5242406
FETUSDT,SELL,LIMIT,1701254202270,200,0.5224477
FETUSDT,SELL,LIMIT,1701254204396,1019,0.5204335
FETUSDT,SELL,LIMIT,1701254218739,3795,0.5194848
FETUSDT,SELL,LIMIT,1701254240129,858,0.5195282
FETUSDT,SELL,LIMIT,1701254332060,4138,0.5187981
FETUSDT,SELL,LIMIT,1701254333280,201,0.5188223
FETUSDT,SELL,LIMIT,1701254337118,5483,0.5180821
FETUSDT,SELL,LIMIT,1701254338282,1535,0.5181635
FETUSDT,SELL,LIMIT,1701254360176,181,0.5179301
FETUSDT,SELL,LIMIT,1701254369913,36,0.5179092
FETUSDT,SELL,LIMIT,1701254405750,34,0.5177733
FETUSDT,SELL,LIMIT,1701254409842,2318,0.5176299
FETUSDT,SELL,LIMIT,1701254414973,8137,0.5171776
FETUSDT,SELL,LIMIT,1701254417031,28,0.5169437
FETUSDT,SELL,LIMIT,1701263438951,80,0.5199007
FETUSDT,SELL,LIMIT,1701264151532,261,0.5190081
FETUSDT,SELL,LIMIT,1701264227065,4596,0.5201128
FETUSDT,SELL,LIMIT,1701264299653,136,0.5177751
FETUSDT,SELL,LIMIT,1701270437278,161,0.5184264
FETUSDT,SELL,LIMIT,1701270446891,3471,0.5173773
FETUSDT,SELL,LIMIT,1701270585021,262,0.5161090
FETUSDT,SELL,LIMIT,1701270586292,1879,0.5156761
FETUSDT,SELL,LIMIT,1701270608369,206,0.5153042
FETUSDT,SELL,LIMIT,1701270609725,101,0.5145906
FETUSDT,SELL,LIMIT,1701270614103,111,0.5141601
FETUSDT,SELL,LIMIT,1701270618139,907,0.5134887
FETUSDT,SELL,LIMIT,1701270762527,1614,0.5131040
FETUSDT,SELL,LIMIT,1701288287798,7,0.5173421
FETUSDT,SELL,LIMIT,1701291143162,706,0.5167239
FETUSDT,SELL,LIMIT,1701299221206,14,0.5125037
FETUSDT,SELL,LIMIT,1701299313373,29,0.5122545
FETUSDT,SELL,LIMIT,1701301733275,5411,0.5121599
FETUSDT,SELL,LIMIT,1701301886762,1869,0.5118693
FETUSDT,SELL,LIMIT,1701301888236,617,0.5118397
FETUSDT,SELL,LIMIT,1701301908971,4736,0.5115856
FETUSDT,SELL,LIMIT,1701301910652,455,0.5113896
FETUSDT,SELL,LIMIT,1701301957956,84,0.5107906
FETUSDT,SELL,LIMIT,1701303320338,1480,0.5100525
FETUSDT,SELL,LIMIT,1701303324531,123,0.5098084
FETUSDT,SELL,LIMIT,1701303423774,43,0.5096879
FETUSDT,SELL,LIMIT,1701306226931,13,0.5090114
FETUSDT,SELL,LIMIT,1701306237288,66,0.5089212
FETUSDT,SELL,LIMIT,1701306260209,915,0.5087132
FETUSDT,SELL,LIMIT,1701306262356,178,0.5084579
FETUSDT,SELL,LIMIT,1701306283815,9389,0.5083117
FETUSDT,SELL,LIMIT,1701306428842,101,0.5077050
FETUSDT,SELL,LIMIT,1701306430152,7182,0.5075739
FETUSDT,SELL,LIMIT,1701306431412,555,0.5074535
FETUSDT,SELL,LIMIT,1701306432497,1653,0.5072747
FETUSDT,SELL,LIMIT,1701310948192,6378,0.5062761
FETUSDT,SELL,LIMIT,1701310951184,157,0.5059433
FETUSDT,BUY,LIMIT,1701316268732,2855,0.5398180
FETUSDT,BUY,LIMIT,1701319434582,58,0.5401625
FETUSDT,SELL,LIMIT,1701323749818,1052,0.5093729
FETUSDT,SELL,LIMIT,1701331629291,104,0.5115880
FETUSDT,BUY,LIMIT,1701337329470,1358,0.5366912
FETUSDT,BUY,LIMIT,1701337500922,619,0.5371988
FETUSDT,BUY,LIMIT,1701339319507,6122,0.5379967
FETUSDT,BUY,LIMIT,1701344814169,351,0.5401920
FETUSDT,BUY,LIMIT,1701344818911,1043,0.5403682
FETUSDT,BUY,LIMIT,1701344857273,351,0.5407020
FETUSDT,BUY,LIMIT,1701344955716,351,0.5414811
FETUSDT,BUY,LIMIT,1701344997907,351,0.5418626
FETUSDT,BUY,LIMIT,1701345357420,226,0.5437216
FETUSDT,BUY,LIMIT,1701345359549,53,0.5439450
FETUSDT,BUY,LIMIT,1701345530653,351,0.5447729
FETUSDT,BUY,LIMIT,1701345537075,512,0.5450523
FETUSDT,BUY,LIMIT,1701345540533,71,0.5454960
FETUSDT,BUY,LIMIT,1701345543084,351,0.5458162
FETUSDT,BUY,LIMIT,1701345544389,69,0.5465984
FETUSDT,BUY,LIMIT,1701345545870,66,0.5466601
FETUSDT,BUY,LIMIT,1701345547927,552,0.5473695
FETUSDT,BUY,LIMIT,1701345557691,249,0.5478213
FETUSDT,BUY,LIMIT,1701345561357,1755,0.5479171
FETUSDT,BUY,LIMIT,1701345564115,124,0.5479204
FETUSDT,BUY,LIMIT,1701350770299,238,0.5437243
FETUSDT,SELL,LIMIT,1701354946693,360,0.5115741
FETUSDT,SELL,LIMIT,1701355158825,761,0.5108265
FETUSDT,SELL,LIMIT,1701355164867,129,0.5107210
FETUSDT,BUY,LIMIT,1701372295272,81,0.5418913
FETUSDT,BUY,LIMIT,1701372421158,98,0.5428269
FETUSDT,BUY,LIMIT,1701372455656,38,0.5435910
FETUSDT,BUY,LIMIT,1701382423776,96,0.5438435
FETUSDT,BUY,LIMIT,1701392755461,140,0.5367107
FETUSDT,BUY,LIMIT,1701393416321,20,0.5379609
FETUSDT,BUY,LIMIT,1701393750505,13,0.5409060
FETUSDT,BUY,LIMIT,1701398849351,192,0.5417918
FETUSDT,BUY,LIMIT,1701405515309,10,0.5440680
FETUSDT,BUY,LIMIT,1701415673959,824,0.5477017
FETUSDT,BUY,LIMIT,1701415742951,659,0.5482381
FETUSDT,BUY,LIMIT,1701418987359,674,0.5449069
FETUSDT,BUY,LIMIT,1701422240396,796,0.5489664
FETUSDT,BUY,LIMIT,1701423893505,20,0.5468489
FETUSDT,BUY,LIMIT,1701424300607,223,0.5498820
FETUSDT,BUY,LIMIT,1701424821654,306,0.5499840
