Symbol,Side,Order Type,Time,Quantity,Price
FETUSDT,SELL,LIMIT,1701939976420,145,0.4936719
FETUSDT,SELL,LIMIT,1701940010578,17960,0.4923518
FETUSDT,SELL,LIMIT,1701940025339,893,0.4928761
FETUSDT,SELL,LIMIT,1701940048437,214,0.4923521
FETUSDT,SELL,LIMIT,1701940430245,1796,0.4923101
FETUSDT,SELL,LIMIT,1701940431479,87,0.4921659
FETUSDT,SELL,LIMIT,1701940433057,20,0.4920593
FETUSDT,SELL,LIMIT,1701940450298,2385,0.4920269
FETUSDT,SELL,LIMIT,1701940453118,54,0.4918573
FETUSDT,SELL,LIMIT,1701940472191,5861,0.4918621
FETUSDT,SELL,LIMIT,1701940474796,1932,0.4917529
FETUSDT,SELL,LIMIT,1701940476570,28,0.4916377
FETUSDT,SELL,LIMIT,1701940514116,683,0.4917858
FETUSDT,SELL,LIMIT,1701940523434,79,0.4915357
FETUSDT,SELL,LIMIT,1701940556960,177,0.4910846
FETUSDT,SELL,LIMIT,1701940561577,128,0.4906389
FETUSDT,SELL,LIMIT,1701940563085,1243,0.4904478
FETUSDT,SELL,LIMIT,1701940564547,8960,0.4904363
FETUSDT,SELL,LIMIT,1701940565581,2187,0.4898543
FETUSDT,SELL,LIMIT,1701940568109,15,0.4888839
FETUSDT,SELL,LIMIT,1701940569415,442,0.4889013
FETUSDT,SELL,LIMIT,1701940697547,665,0.4882193
FETUSDT,SELL,LIMIT,1701940711648,1550,0.4880604
FETUSDT,SELL,LIMIT,1701940714367,3613,0.4878590
FETUSDT,SELL,LIMIT,1701940787423,10,0.4875394
FETUSDT,SELL,LIMIT,1701940789789,35809,0.4855523
FETUSDT,SELL,LIMIT,1701940791164,32,0.4869817
FETUSDT,SELL,LIMIT,1701941026713,645,0.4867560
FETUSDT,SELL,LIMIT,1701941039100,558,0.4866677
FETUSDT,SELL,LIMIT,1701941050165,286,0.4864957
FETUSDT,SELL,LIMIT,1701941058312,15,0.4865259
FETUSDT,SELL,LIMIT,1701941072760,276,0.4862226
FETUSDT,SELL,LIMIT,1701941076323,2230,0.4860113
FETUSDT,SELL,LIMIT,1701941077919,57,0.4856942
FETUSDT,SELL,LIMIT,1701941079750,23086,0.4842979
FETUSDT,SELL,LIMIT,1701941081407,7698,0.4854982
FETUSDT,SELL,LIMIT,1701941082559,1021,0.4854101
FETUSDT,SELL,LIMIT,1701941083709,394,0.4853359
FETUSDT,SELL,LIMIT,1701941150170,9751,0.4853040
FETUSDT,SELL,LIMIT,1701941151394,216,0.4852380
FETUSDT,SELL,LIMIT,1701941152634,5532,0.4851902
FETUSDT,SELL,LIMIT,1701941154086,651,0.4847092
FETUSDT,SELL,LIMIT,1701941155398,12316,0.4843319
FETUSDT,SELL,LIMIT,1701941160978,3715,0.4840221
FETUSDT,SELL,LIMIT,1701941175450,9469,0.4839241
FETUSDT,SELL,LIMIT,1701941176772,1881,0.4838517
FETUSDT,SELL,LIMIT,1701941178041,875,0.4838420
FETUSDT,SELL,LIMIT,1701941179994,365,0.4836251
FETUSDT,SELL,LIMIT,1701941181029,931,0.4835426
FETUSDT,SELL,LIMIT,1701941182411,554,0.4830614
FETUSDT,SELL,LIMIT,1701941184179,1362,0.4902109
FETUSDT,SELL,LIMIT,1701941185218,4700,0.4829287
FETUSDT,SELL,LIMIT,1701941186224,354,0.4830240
FETUSDT,SELL,LIMIT,1701941187367,1230,0.4824480
FETUSDT,SELL,LIMIT,1701941188802,854,0.4887590
FETUSDT,SELL,LIMIT,1701941189889,147,0.4806329
FETUSDT,SELL,LIMIT,1701941193404,282,0.4799694
FETUSDT,SELL,LIMIT,1701941236436,342,0.4810513
FETUSDT,SELL,LIMIT,1701941237623,1153,0.4807933
FETUSDT,SELL,LIMIT,1701941244310,1138,0.4804074
FETUSDT,SELL,LIMIT,1701941246414,187,0.4801138
FETUSDT,SELL,LIMIT,1701941255182,38,0.4796539
FETUSDT,SELL,LIMIT,1701941256303,138,0.4792965
FETUSDT,SELL,LIMIT,1701951901478,11507,0.4924201
FETUSDT,SELL,LIMIT,1701956578243,232,0.4960761
FETUSDT,SELL,LIMIT,1701959724424,381,0.4962605
FETUSDT,SELL,LIMIT,1701960515824,5659,0.4953602
FETUSDT,BUY,LIMIT,1701963004939,2969,0.5234733
FETUSDT,BUY,LIMIT,1701963058132,13231,0.5257398
FETUSDT,BUY,LIMIT,1701963098107,986,0.5256348
FETUSDT,BUY,LIMIT,1701963109144,12,0.5258945
FETUSDT,BUY,LIMIT,1701963339453,211,0.5296240
FETUSDT,BUY,LIMIT,1701965058187,184,0.5265240
FETUSDT,BUY,LIMIT,1701965494863,3461,0.5281401
FETUSDT,BUY,LIMIT,1701966410560,3764,0.5300940
FETUSDT,BUY,LIMIT,1701967279232,14,0.5350262
FETUSDT,BUY,LIMIT,1701967282076,1276,0.5354845
FETUSDT,BUY,LIMIT,1701967471309,28,0.5359536
FETUSDT,BUY,LIMIT,1701967472568,145,0.5378763
FETUSDT,BUY,LIMIT,1701967846201,12,0.5404971
FETUSDT,BUY,LIMIT,1701968076322,13,0.5413107
FETUSDT,BUY,LIMIT,1701968152397,526,0.5431907
FETUSDT,BUY,LIMIT,1701968175674,15,0.5459825
FETUSDT,BUY,LIMIT,1701968209987,507,0.5469295
FETUSDT,BUY,LIMIT,1701968216333,144,0.5472062
FETUSDT,SELL,LIMIT,1701976426103,170,0.5138799
FETUSDT,SELL,LIMIT,1701976457176,985,0.5131368
FETUSDT,SELL,LIMIT,1701976904904,4780,0.5115685
FETUSDT,SELL,LIMIT,1701977295811,6802,0.5094030
FETUSDT,SELL,LIMIT,1701977298673,224,0.5086377
FETUSDT,BUY,LIMIT,1701983908304,111,0.5400163
FETUSDT,BUY,LIMIT,1702007154541,54,0.5390700
FETUSDT,BUY,LIMIT,1702010287323,14269,0.5432404
FETUSDT,BUY,LIMIT,1702016000503,4330,0.5460837
FETUSDT,BUY,LIMIT,1702016109638,2442,0.5484397
FETUSDT,BUY,LIMIT,1702016237383,153,0.5489159
FETUSDT,SELL,LIMIT,1702020225026,130,0.5153986
FETUSDT,BUY,LIMIT,1702034923316,10,0.5454538
FETUSDT,BUY,LIMIT,1702048108127,17,0.5444002
FETUSDT,BUY,LIMIT,1702048984720,2879,0.5451900
FETUSDT,BUY,LIMIT,1702052118459,44,0.5497530
FETUSDT,BUY,LIMIT,1702052121420,294,0.5502502
FETUSDT,BUY,LIMIT,1702052165296,30,0.5514804
FETUSDT,BUY,LIMIT,1702052195123,864,0.5518132
FETUSDT,BUY,LIMIT,1702052225481,398,0.5527526
FETUSDT,SELL,LIMIT,1702054421087,220,0.5248545
FETUSDT,SELL,LIMIT,1702054434139,161,0.5254188
FETUSDT,BUY,LIMIT,1702063037470,86,0.5540963
FETUSDT,BUY,LIMIT,1702063049500,126,0.5545858
FETUSDT,SELL,LIMIT,1702069555180,960,0.5302945
FETUSDT,BUY,LIMIT,1702070611297,73,0.5516638
FETUSDT,BUY,LIMIT,1702073016728,58,0.5541900
FETUSDT,SELL,LIMIT,1702076456755,3575,0.5268481
FETUSDT,BUY,LIMIT,1702078943204,521,0.5522035
FETUSDT,SELL,LIMIT,1702079449621,370,0.5296901
FETUSDT,BUY,LIMIT,1702081981900,11,0.5570910
FETUSDT,BUY,LIMIT,1702082111316,755,0.5578078
FETUSDT,BUY,LIMIT,1702082152463,8079,0.5580442
FETUSDT,BUY,LIMIT,1702082351181,181,0.5589584
FETUSDT,BUY,LIMIT,1702082891041,5231,0.5577023
FETUSDT,BUY,LIMIT,1702085961395,11,0.5607415
FETUSDT,BUY,LIMIT,1702087250129,183,0.5620310
FETUSDT,BUY,LIMIT,1702088664728,2139,0.5646061
FETUSDT,BUY,LIMIT,1702093177631,7541,0.5634480
FETUSDT,BUY,LIMIT,1702099075118,339,0.5592660
FETUSDT,BUY,LIMIT,1702103108062,52,0.5628360
FETUSDT,BUY,LIMIT,1702103600472,82,0.5656414
FETUSDT,BUY,LIMIT,1702108079602,1734,0.5624225
FETUSDT,BUY,LIMIT,1702109244834,99,0.5665080
FETUSDT,BUY,LIMIT,1702109762377,363,0.5669587
FETUSDT,BUY,LIMIT,1702109780750,19,0.5671075
FETUSDT,BUY,LIMIT,1702110419037,69,0.5664060
FETUSDT,SELL,LIMIT,1702110606403,23,0.5430263
FETUSDT,SELL,LIMIT,1702110976101,1800,0.5332912
FETUSDT,SELL,LIMIT,1702110977804,646,0.5332759
FETUSDT,SELL,LIMIT,1702110979097,1758,0.5328272
FETUSDT,SELL,LIMIT,1702110980837,502,0.5322684
FETUSDT,SELL,LIMIT,1702110984144,4690,0.5314365
FETUSDT,SELL,LIMIT,1702110986326,152,0.5309600
FETUSDT,SELL,LIMIT,1702110992730,9053,0.5306534
FETUSDT,SELL,LIMIT,1702111035735,35,0.5296869
FETUSDT,SELL,LIMIT,1702111036996,3532,0.5295567
FETUSDT,SELL,LIMIT,1702111038508,442,0.5293584
FETUSDT,SELL,LIMIT,1702111039931,39,0.5273509
FETUSDT,SELL,LIMIT,1702111041550,830,0.5262209
FETUSDT,SELL,LIMIT,1702111043324,1507,0.5251658
FETUSDT,SELL,LIMIT,1702111044441,5734,0.5255419
FETUSDT,SELL,LIMIT,1702111380195,19517,0.5239221
FETUSDT,SELL,LIMIT,1702111386033,643,0.5249969
FETUSDT,SELL,LIMIT,1702111387609,1047,0.5297763
FETUSDT,SELL,LIMIT,1702111389357,507,0.5240021
FETUSDT,SELL,LIMIT,1702111391496,2316,0.5229858
FETUSDT,SELL,LIMIT,1702115082320,846,0.5303863
FETUSDT,SELL,LIMIT,1702115619777,88,0.5264322
FETUSDT,SELL,LIMIT,1702115631901,1087,0.5252801
FETUSDT,SELL,LIMIT,1702120891564,881,0.5304482
FETUSDT,SELL,LIMIT,1702132794278,203,0.5233917
FETUSDT,SELL,LIMIT,1702132801216,3636,0.5230965
FETUSDT,SELL,LIMIT,1702132835931,552,0.5222667
FETUSDT,SELL,LIMIT,1702132854360,514,0.5219127
FETUSDT,SELL,LIMIT,1702132855368,99,0.5216712
FETUSDT,SELL,LIMIT,1702132887262,10,0.5216198
FETUSDT,SELL,LIMIT,1702132889429,748,0.5212290
FETUSDT,SELL,LIMIT,1702132904338,461,0.5210100
FETUSDT,SELL,LIMIT,1702132937606,333,0.5206889
FETUSDT,SELL,LIMIT,1702132939706,196,0.5203381
FETUSDT,SELL,LIMIT,1702132941046,16,0.5198581
FETUSDT,SELL,LIMIT,1702132956845,104,0.5195628
FETUSDT,SELL,LIMIT,1702132958579,358,0.5193346
FETUSDT,SELL,LIMIT,1702132959903,21,0.5187256
FETUSDT,SELL,LIMIT,1702132961671,17,0.5188070
FETUSDT,SELL,LIMIT,1702132995490,10,0.5179239
FETUSDT,SELL,LIMIT,1702132998900,5792,0.5170781
FETUSDT,SELL,LIMIT,1702133001188,54,0.5165510
FETUSDT,SELL,LIMIT,1702133002260,1321,0.5163883
FETUSDT,SELL,LIMIT,1702133003376,593,0.5163750
FETUSDT,SELL,LIMIT,1702133004412,5972,0.5159161
FETUSDT,SELL,LIMIT,1702133005996,545,0.5152193
FETUSDT,SELL,LIMIT,1702133007028,14,0.5143248
FETUSDT,SELL,LIMIT,1702133008669,1782,0.5140555
