Symbol,Side,Order Type,Time,Quantity,Price
FILUSDT,SELL,LIMIT,1701067744298,197.2,4.524
FILUSDT,SELL,LIMIT,1701067826817,1.1,4.541
FILUSDT,SELL,LIMIT,1701067865027,2766.9,4.512
FILUSDT,SELL,LIMIT,1701067872168,587.3,4.507
FILUSDT,SELL,LIMIT,1701068113216,13.5,4.500
FILUSDT,SELL,LIMIT,1701068385714,9.3,4.488
FILUSDT,SELL,LIMIT,1701069638154,100.0,4.468
FILUSDT,SELL,LIMIT,1701069801220,8403.9,4.467
FILUSDT,SELL,LIMIT,1701069803054,431.9,4.464
FILUSDT,SELL,LIMIT,1701069804242,173.3,4.463
FILUSDT,SELL,LIMIT,1701069818320,10.1,4.489
FILUSDT,SELL,LIMIT,1701069856895,2162.1,4.459
FILUSDT,SELL,LIMIT,1701069859190,8490.4,4.455
FILUSDT,SELL,LIMIT,1701069861045,4.8,4.453
FILUSDT,SELL,LIMIT,1701069863344,50.0,4.453
FILUSDT,SELL,LIMIT,1701069883219,1595.8,4.454
FILUSDT,SELL,LIMIT,1701069885204,3113.1,4.449
FILUSDT,SELL,LIMIT,1701069887223,75.6,4.458
FILUSDT,SELL,LIMIT,1701069895344,64.7,4.448
FILUSDT,SELL,LIMIT,1701069897591,240.0,4.445
FILUSDT,SELL,LIMIT,1701069901246,535.6,4.444
FILUSDT,SELL,LIMIT,1701069902272,92.9,4.443
FILUSDT,SELL,LIMIT,1701069910455,115.8,4.438
FILUSDT,SELL,LIMIT,1701070437220,484.0,4.446
FILUSDT,BUY,LIMIT,1701077399082,0.3,4.561
FILUSDT,SELL,LIMIT,1701080785359,13.1,4.470
FILUSDT,SELL,LIMIT,1701080847605,1387.6,4.468
FILUSDT,SELL,LIMIT,1701081132280,89.0,4.474
FILUSDT,SELL,LIMIT,1701081282295,633.0,4.454
FILUSDT,SELL,LIMIT,1701081329088,180.9,4.450
FILUSDT,SELL,LIMIT,1701081436072,5.8,4.445
FILUSDT,SELL,LIMIT,1701081437334,345.2,4.445
FILUSDT,SELL,LIMIT,1701081447484,54.3,4.440
FILUSDT,SELL,LIMIT,1701081487739,101.0,4.435
FILUSDT,SELL,LIMIT,1701082672956,150.0,4.445
FILUSDT,SELL,LIMIT,1701082695211,68.9,4.439
FILUSDT,SELL,LIMIT,1701082702911,284.2,4.436
FILUSDT,SELL,LIMIT,1701082727144,4094.9,4.433
FILUSDT,SELL,LIMIT,1701091162541,2773.9,4.442
FILUSDT,SELL,LIMIT,1701091164049,16.0,4.440
FILUSDT,BUY,LIMIT,1701091297672,3024.1,4.529
FILUSDT,SELL,LIMIT,1701092947149,5540.4,4.451
FILUSDT,SELL,LIMIT,1701093073024,1.4,4.443
FILUSDT,SELL,LIMIT,1701093117349,7.6,4.435
FILUSDT,SELL,LIMIT,1701093119824,11.4,4.433
FILUSDT,SELL,LIMIT,1701093137480,42.6,4.427
FILUSDT,BUY,LIMIT,1701093405412,7004.0,4.524
FILUSDT,SELL,LIMIT,1701093476543,12.3,4.476
FILUSDT,SELL,LIMIT,1701094986500,85.8,4.427
FILUSDT,SELL,LIMIT,1701094991172,7.1,4.425
FILUSDT,SELL,LIMIT,1701095341801,10984.3,4.424
FILUSDT,SELL,LIMIT,1701095546857,44.9,4.421
FILUSDT,SELL,LIMIT,1701095553909,129.1,4.418
FILUSDT,SELL,LIMIT,1701095554982,105.3,4.415
FILUSDT,SELL,LIMIT,1701095564981,337.0,4.412
FILUSDT,SELL,LIMIT,1701095577131,71.5,4.411
FILUSDT,SELL,LIMIT,1701095591103,300.0,4.410
FILUSDT,SELL,LIMIT,1701095612219,32.5,4.407
FILUSDT,SELL,LIMIT,1701095613065,1.2,4.408
FILUSDT,SELL,LIMIT,1701097033314,583.5,4.408
FILUSDT,SELL,LIMIT,1701097087992,245.8,4.402
FILUSDT,SELL,LIMIT,1701097096323,1875.0,4.400
FILUSDT,SELL,LIMIT,1701097099292,853.9,4.397
FILUSDT,SELL,LIMIT,1701097100512,21.6,4.399
FILUSDT,SELL,LIMIT,1701097102440,25.6,4.395
FILUSDT,BUY,LIMIT,1701097424110,126.8,4.485
FILUSDT,BUY,LIMIT,1701098335339,38.1,4.510
FILUSDT,SELL,LIMIT,1701100565157,4726.0,4.463
FILUSDT,SELL,LIMIT,1701100574797,14.3,4.581
FILUSDT,SELL,LIMIT,1701100618166,66.0,4.450
FILUSDT,SELL,LIMIT,1701102138516,28.8,4.462
FILUSDT,BUY,LIMIT,1701104270140,270.6,4.548
FILUSDT,BUY,LIMIT,1701105055878,1111.5,4.566
FILUSDT,BUY,LIMIT,1701105179507,1417.5,4.572
FILUSDT,BUY,LIMIT,1701105797302,78.6,4.575
FILUSDT,BUY,LIMIT,1701106111707,30.7,4.591
FILUSDT,SELL,LIMIT,1701107459490,1.4,4.514
FILUSDT,SELL,LIMIT,1701110152697,16.4,4.490
FILUSDT,SELL,LIMIT,1701110431616,214.7,4.486
FILUSDT,SELL,LIMIT,1701110504697,1163.8,4.481
FILUSDT,SELL,LIMIT,1701111977221,100.0,4.477
FILUSDT,SELL,LIMIT,1701112121956,571.9,4.465
FILUSDT,SELL,LIMIT,1701114161363,0.1,4.459
FILUSDT,SELL,LIMIT,1701114163048,69.7,4.456
FILUSDT,SELL,LIMIT,1701114205295,13.2,4.449
FILUSDT,SELL,LIMIT,1701114214428,150.0,4.448
FILUSDT,SELL,LIMIT,1701114228447,311.3,4.445
FILUSDT,SELL,LIMIT,1701114263716,1531.0,4.434
FILUSDT,SELL,LIMIT,1701114352849,1.7,4.432
FILUSDT,SELL,LIMIT,1701114355167,56.4,4.428
FILUSDT,SELL,LIMIT,1701114357636,457.7,4.426
FILUSDT,SELL,LIMIT,1701114468321,2800.0,4.416
FILUSDT,SELL,LIMIT,1701114470779,38.2,4.415
FILUSDT,SELL,LIMIT,1701114476334,654.8,4.412
FILUSDT,SELL,LIMIT,1701114490686,6.5,4.409
FILUSDT,SELL,LIMIT,1701114491914,27.0,4.408
FILUSDT,SELL,LIMIT,1701114496818,210.0,4.403
FILUSDT,SELL,LIMIT,1701114499744,70.0,4.403
FILUSDT,SELL,LIMIT,1701116550092,210.0,4.479
FILUSDT,SELL,LIMIT,1701116884199,4205.7,4.426
FILUSDT,BUY,LIMIT,1701120356692,925.2,4.521
FILUSDT,BUY,LIMIT,1701120851057,4810.7,4.555
FILUSDT,BUY,LIMIT,1701126780722,295.1,4.543
FILUSDT,SELL,LIMIT,1701127964288,50.0,4.506
FILUSDT,BUY,LIMIT,1701131587472,12.6,4.597
FILUSDT,BUY,LIMIT,1701131609119,2.0,4.601
FILUSDT,SELL,LIMIT,1701134603107,103.4,4.516
FILUSDT,SELL,LIMIT,1701137030133,71.0,4.498
FILUSDT,SELL,LIMIT,1701137297898,1.3,4.489
FILUSDT,SELL,LIMIT,1701145970361,165.9,4.473
FILUSDT,SELL,LIMIT,1701145975072,11.3,4.471
FILUSDT,SELL,LIMIT,1701145980131,1856.2,4.470
FILUSDT,SELL,LIMIT,1701146008437,52.5,4.465
FILUSDT,SELL,LIMIT,1701146044799,35.1,4.460
FILUSDT,SELL,LIMIT,1701146057911,6.9,4.458
FILUSDT,SELL,LIMIT,1701146059642,50.0,4.456
FILUSDT,SELL,LIMIT,1701147891409,1.3,4.431
FILUSDT,SELL,LIMIT,1701148051295,220.7,4.425
FILUSDT,SELL,LIMIT,1701148136120,1.8,4.420
FILUSDT,SELL,LIMIT,1701148214399,20.7,4.417
FILUSDT,SELL,LIMIT,1701148229751,219.3,4.428
FILUSDT,SELL,LIMIT,1701148249589,57.4,4.421
FILUSDT,SELL,LIMIT,1701149081908,374.4,4.410
FILUSDT,SELL,LIMIT,1701149772795,285.9,4.408
FILUSDT,SELL,LIMIT,1701149845730,1000.0,4.400
FILUSDT,SELL,LIMIT,1701149851190,3279.5,4.398
FILUSDT,SELL,LIMIT,1701149854686,226.7,4.394
FILUSDT,SELL,LIMIT,1701149877263,348.8,4.393
FILUSDT,SELL,LIMIT,1701149883380,1051.8,4.392
FILUSDT,SELL,LIMIT,1701149887041,108.7,4.391
FILUSDT,SELL,LIMIT,1701149892245,1683.8,4.389
FILUSDT,SELL,LIMIT,1701149896158,51.1,4.387
FILUSDT,SELL,LIMIT,1701151260203,303.7,4.386
FILUSDT,SELL,LIMIT,1701151268510,235.2,4.384
FILUSDT,SELL,LIMIT,1701156228850,4.3,4.385
FILUSDT,SELL,LIMIT,1701156269378,940.9,4.381
FILUSDT,SELL,LIMIT,1701156272071,623.7,4.373
FILUSDT,SELL,LIMIT,1701156273122,48.5,4.377
FILUSDT,SELL,LIMIT,1701156274719,70.8,4.370
FILUSDT,SELL,LIMIT,1701156276346,7777.0,4.365
FILUSDT,SELL,LIMIT,1701156277894,1278.6,4.365
FILUSDT,SELL,LIMIT,1701156357759,223.7,4.366
FILUSDT,SELL,LIMIT,1701156474573,100.0,4.370
FILUSDT,SELL,LIMIT,1701156533537,11.6,4.362
FILUSDT,SELL,LIMIT,1701156557250,200.0,4.360
FILUSDT,SELL,LIMIT,1701156558364,52.0,4.355
FILUSDT,SELL,LIMIT,1701156561579,177.6,4.356
FILUSDT,SELL,LIMIT,1701156562882,142.3,4.354
FILUSDT,SELL,LIMIT,1701156566825,468.4,4.352
FILUSDT,SELL,LIMIT,1701156874928,51.3,4.359
FILUSDT,SELL,LIMIT,1701157026386,130.0,4.358
FILUSDT,SELL,LIMIT,1701157053292,417.9,4.350
FILUSDT,BUY,LIMIT,1701169237619,31.9,4.468
FILUSDT,SELL,LIMIT,1701173746503,15.8,4.414
FILUSDT,BUY,LIMIT,1701179649766,14.1,4.514
FILUSDT,SELL,LIMIT,1701185918214,299.6,4.431
FILUSDT,BUY,LIMIT,1701186192384,4.4,4.520
FILUSDT,BUY,LIMIT,1701190155039,47.8,4.564
FILUSDT,BUY,LIMIT,1701190315086,4.7,4.575
FILUSDT,BUY,LIMIT,1701190921249,362.6,4.575
FILUSDT,BUY,LIMIT,1701192160241,238.6,4.601
FILUSDT,BUY,LIMIT,1701192179437,24.2,4.601
FILUSDT,BUY,LIMIT,1701192285571,88.4,4.607
FILUSDT,BUY,LIMIT,1701193107074,85.0,4.603
FILUSDT,BUY,LIMIT,1701197859770,117.2,4.580
FILUSDT,SELL,LIMIT,1701207855039,383.1,4.515
FILUSDT,SELL,LIMIT,1701211408105,165.4,4.505
FILUSDT,SELL,LIMIT,1701211817148,64.0,4.498
FILUSDT,SELL,LIMIT,1701211846254,50.0,4.494
FILUSDT,SELL,LIMIT,1701211850024,17.5,4.490
FILUSDT,SELL,LIMIT,1701211896304,8842.2,4.486
FILUSDT,SELL,LIMIT,1701211903196,78.6,4.483
FILUSDT,SELL,LIMIT,1701211913478,1754.5,4.481
FILUSDT,SELL,LIMIT,1701211950078,3528.2,4.480
FILUSDT,SELL,LIMIT,1701211956194,420.5,4.480
FILUSDT,SELL,LIMIT,1701211962441,15.4,4.479
FILUSDT,BUY,LIMIT,1701240127861,216.9,4.585
FILUSDT,BUY,LIMIT,1701240625140,957.9,4.607
FILUSDT,BUY,LIMIT,1701240666312,700.0,4.615
FILUSDT,SELL,LIMIT,1701246116444,41.6,4.515
FILUSDT,BUY,LIMIT,1701247359926,11.6,4.594
FILUSDT,SELL,LIMIT,1701248659549,21.1,4.560
FILUSDT,BUY,LIMIT,1701248724568,566.7,4.618
FILUSDT,SELL,LIMIT,1701249996914,245.2,4.549
FILUSDT,SELL,LIMIT,1701250264315,11.3,4.531
FILUSDT,SELL,LIMIT,1701251619196,28.0,4.526
FILUSDT,SELL,LIMIT,1701253351679,115.7,4.515
FILUSDT,SELL,LIMIT,1701253614805,569.9,4.502
FILUSDT,SELL,LIMIT,1701254383108,79.4,4.492
FILUSDT,SELL,LIMIT,1701254411340,11.7,4.487
FILUSDT,SELL,LIMIT,1701254418405,568.2,4.479
FILUSDT,SELL,LIMIT,1701254425080,1691.5,4.476
FILUSDT,SELL,LIMIT,1701254649741,163.9,4.471
FILUSDT,SELL,LIMIT,1701254697294,22.9,4.482
FILUSDT,SELL,LIMIT,1701254703079,79.2,4.464
FILUSDT,SELL,LIMIT,1701254705864,4615.9,4.462
FILUSDT,SELL,LIMIT,1701262814272,1935.8,4.466
FILUSDT,SELL,LIMIT,1701263419588,3.3,4.474
FILUSDT,SELL,LIMIT,1701264369138,3715.7,4.456
FILUSDT,SELL,LIMIT,1701264397891,48.6,4.453
FILUSDT,SELL,LIMIT,1701264399392,68.1,4.451
FILUSDT,SELL,LIMIT,1701264417889,43.1,4.446
FILUSDT,SELL,LIMIT,1701266444368,2.5,4.466
FILUSDT,SELL,LIMIT,1701268456232,656.9,4.443
FILUSDT,SELL,LIMIT,1701269135969,441.6,4.438
FILUSDT,SELL,LIMIT,1701269142089,3.4,4.437
FILUSDT,SELL,LIMIT,1701269143546,16.9,4.434
FILUSDT,SELL,LIMIT,1701269146059,3.0,4.432
FILUSDT,SELL,LIMIT,1701269147096,32.3,4.432
FILUSDT,SELL,LIMIT,1701269254266,1042.7,4.429
FILUSDT,SELL,LIMIT,1701269293091,43.6,4.425
FILUSDT,SELL,LIMIT,1701269313651,134.7,4.422
FILUSDT,SELL,LIMIT,1701269331776,1288.6,4.422
FILUSDT,SELL,LIMIT,1701269392292,71.5,4.420
FILUSDT,SELL,LIMIT,1701269394699,18.2,4.418
FILUSDT,SELL,LIMIT,1701269402349,72.2,4.417
FILUSDT,SELL,LIMIT,1701270339055,851.8,4.412
FILUSDT,SELL,LIMIT,1701270341955,241.4,4.411
FILUSDT,SELL,LIMIT,1701270343569,33.2,4.409
FILUSDT,SELL,LIMIT,1701270439164,539.4,4.408
FILUSDT,SELL,LIMIT,1701270440290,233.3,4.406
FILUSDT,SELL,LIMIT,1701270446419,52.0,4.405
FILUSDT,SELL,LIMIT,1701270570368,81.2,4.404
FILUSDT,SELL,LIMIT,1701270571442,3577.3,4.401
FILUSDT,SELL,LIMIT,1701270572384,764.4,4.402
FILUSDT,SELL,LIMIT,1701270573979,27.3,4.400
FILUSDT,SELL,LIMIT,1701270578708,20.2,4.399
FILUSDT,SELL,LIMIT,1701270582938,51.8,4.397
FILUSDT,SELL,LIMIT,1701270616650,16.4,4.388
FILUSDT,SELL,LIMIT,1701270639560,302.3,4.391
FILUSDT,SELL,LIMIT,1701270764642,15.4,4.565
FILUSDT,SELL,LIMIT,1701275835345,8.0,4.389
FILUSDT,BUY,LIMIT,1701283750113,2.9,4.482
FILUSDT,BUY,LIMIT,1701284932181,121.9,4.490
FILUSDT,BUY,LIMIT,1701285048445,61.1,4.498
FILUSDT,BUY,LIMIT,1701285055812,120.1,4.499
FILUSDT,SELL,LIMIT,1701290177088,16.9,4.405
FILUSDT,SELL,LIMIT,1701290184082,18.1,4.404
FILUSDT,SELL,LIMIT,1701290191394,3.7,4.403
FILUSDT,SELL,LIMIT,1701290337936,475.1,4.400
FILUSDT,SELL,LIMIT,1701290354221,66.4,4.395
FILUSDT,SELL,LIMIT,1701290356883,87.5,4.394
FILUSDT,SELL,LIMIT,1701290423170,913.5,4.392
FILUSDT,SELL,LIMIT,1701291990795,937.0,4.391
FILUSDT,SELL,LIMIT,1701291992366,8.9,4.390
FILUSDT,SELL,LIMIT,1701303400006,8.7,4.397
FILUSDT,SELL,LIMIT,1701306254705,57.4,4.383
FILUSDT,SELL,LIMIT,1701306256692,1086.8,4.381
FILUSDT,SELL,LIMIT,1701306258222,1340.0,4.380
FILUSDT,SELL,LIMIT,1701306274856,29.1,4.378
FILUSDT,SELL,LIMIT,1701306281298,220.9,4.376
FILUSDT,SELL,LIMIT,1701306427682,78.3,4.375
FILUSDT,SELL,LIMIT,1701306429177,6.3,4.371
FILUSDT,SELL,LIMIT,1701306430181,125.4,4.369
FILUSDT,SELL,LIMIT,1701306435952,11066.8,4.365
FILUSDT,SELL,LIMIT,1701306437503,242.6,4.364
FILUSDT,SELL,LIMIT,1701306675553,3325.9,4.362
FILUSDT,SELL,LIMIT,1701306679160,33.7,4.361
FILUSDT,SELL,LIMIT,1701309611144,100.0,4.360
FILUSDT,SELL,LIMIT,1701309877833,2.6,4.358
FILUSDT,SELL,LIMIT,1701309879897,26.4,4.355
FILUSDT,SELL,LIMIT,1701309904374,97.3,4.354
FILUSDT,SELL,LIMIT,1701310949192,100.5,4.353
FILUSDT,SELL,LIMIT,1701310989985,233.2,4.350
FILUSDT,SELL,LIMIT,1701310991155,245.1,4.349
FILUSDT,BUY,LIMIT,1701311832042,33.8,4.434
FILUSDT,SELL,LIMIT,1701320417609,65.0,4.477
FILUSDT,SELL,LIMIT,1701323734567,1.4,4.383
FILUSDT,SELL,LIMIT,1701330817146,2.1,4.375
FILUSDT,SELL,LIMIT,1701330938400,4.3,4.375
FILUSDT,SELL,LIMIT,1701331578675,161.5,4.369
FILUSDT,SELL,LIMIT,1701331751080,3.6,4.364
FILUSDT,SELL,LIMIT,1701331752088,391.1,4.364
FILUSDT,SELL,LIMIT,1701332367505,100.0,4.355
FILUSDT,SELL,LIMIT,1701333556428,1285.9,4.350
FILUSDT,SELL,LIMIT,1701333559567,888.4,4.342
FILUSDT,SELL,LIMIT,1701333560608,300.0,4.342
FILUSDT,SELL,LIMIT,1701333679172,11.9,4.342
FILUSDT,SELL,LIMIT,1701333683512,1560.1,4.343
FILUSDT,SELL,LIMIT,1701335467066,110.0,4.338
FILUSDT,SELL,LIMIT,1701335468636,2327.7,4.336
FILUSDT,SELL,LIMIT,1701335470177,34.9,4.332
FILUSDT,SELL,LIMIT,1701341095459,2.3,4.368
FILUSDT,BUY,LIMIT,1701351849298,172.8,4.439
FILUSDT,BUY,LIMIT,1701351934812,7.1,4.444
FILUSDT,SELL,LIMIT,1701352264578,4368.5,4.367
FILUSDT,SELL,LIMIT,1701352296646,160.3,4.363
FILUSDT,SELL,LIMIT,1701353010679,158.8,4.348
FILUSDT,SELL,LIMIT,1701355165453,9638.8,4.344
FILUSDT,SELL,LIMIT,1701355185120,5.0,4.343
FILUSDT,SELL,LIMIT,1701355225028,76.2,4.339
FILUSDT,SELL,LIMIT,1701355597109,43.8,4.331
FILUSDT,SELL,LIMIT,1701355607519,2191.6,4.331
FILUSDT,SELL,LIMIT,1701355610167,15.4,4.329
FILUSDT,SELL,LIMIT,1701355638475,62.3,4.328
FILUSDT,SELL,LIMIT,1701355660684,2.1,4.325
FILUSDT,SELL,LIMIT,1701355697125,88.1,4.320
FILUSDT,SELL,LIMIT,1701355707625,3000.0,4.320
FILUSDT,SELL,LIMIT,1701355709170,197.7,4.319
FILUSDT,SELL,LIMIT,1701355712383,1260.4,4.315
FILUSDT,SELL,LIMIT,1701355714123,13.7,4.314
FILUSDT,SELL,LIMIT,1701355718171,23.5,4.308
FILUSDT,BUY,LIMIT,1701357491348,0.1,4.039
FILUSDT,BUY,LIMIT,1701357821186,3099.7,4.414
FILUSDT,SELL,LIMIT,1701374872774,30.4,4.347
FILUSDT,SELL,LIMIT,1701374913633,1.3,4.344
FILUSDT,SELL,LIMIT,1701375239639,57.9,4.343
FILUSDT,SELL,LIMIT,1701375416067,115.7,4.337
FILUSDT,SELL,LIMIT,1701390389331,48.9,4.336
FILUSDT,SELL,LIMIT,1701390418230,2303.5,4.335
FILUSDT,SELL,LIMIT,1701390506053,56.7,4.333
FILUSDT,SELL,LIMIT,1701390583830,42.8,4.331
FILUSDT,SELL,LIMIT,1701390632114,6.9,4.329
FILUSDT,SELL,LIMIT,1701390639217,1672.6,4.327
FILUSDT,SELL,LIMIT,1701390640723,2.5,4.326
FILUSDT,BUY,LIMIT,1701393747488,1357.2,4.418
FILUSDT,BUY,LIMIT,1701394013177,38.4,4.442
FILUSDT,BUY,LIMIT,1701394239836,3172.9,4.452
FILUSDT,BUY,LIMIT,1701395555350,67.6,4.466
FILUSDT,BUY,LIMIT,1701395656309,1.1,4.462
FILUSDT,BUY,LIMIT,1701405515310,1.2,4.473
FILUSDT,BUY,LIMIT,1701421812093,6.7,4.500
FILUSDT,BUY,LIMIT,1701422224092,166.4,4.514
FILUSDT,SELL,LIMIT,1701422229384,112.6,4.463
FILUSDT,BUY,LIMIT,1701422231480,2.5,4.517
FILUSDT,BUY,LIMIT,1701422237862,8763.8,4.519
FILUSDT,BUY,LIMIT,1701422240807,17.0,4.519
FILUSDT,BUY,LIMIT,1701422248068,409.5,4.525
FILUSDT,BUY,LIMIT,1701422319205,91.1,4.521
FILUSDT,BUY,LIMIT,1701424643088,5035.4,4.527
FILUSDT,BUY,LIMIT,1701424826227,235.3,4.528
FILUSDT,BUY,LIMIT,1701424835324,29.6,4.530
FILUSDT,BUY,LIMIT,1701432379374,15.0,4.542
FILUSDT,BUY,LIMIT,1701432400830,675.4,4.546
FILUSDT,BUY,LIMIT,1701432406738,25.0,4.547
FILUSDT,BUY,LIMIT,1701432419267,124.2,4.557
FILUSDT,BUY,LIMIT,1701433439384,33.7,4.565
FILUSDT,BUY,LIMIT,1701433453746,82.7,4.567
FILUSDT,BUY,LIMIT,1701433516089,105.0,4.576
FILUSDT,BUY,LIMIT,1701433541193,4.0,4.577
FILUSDT,BUY,LIMIT,1701434532446,125.2,4.579
FILUSDT,SELL,LIMIT,1701434999506,495.7,4.491
FILUSDT,SELL,LIMIT,1701442130089,332.2,4.466
FILUSDT,SELL,LIMIT,1701446394114,618.9,4.470
FILUSDT,BUY,LIMIT,1701447940198,469.9,4.548
FILUSDT,BUY,LIMIT,1701448473808,435.9,4.558
FILUSDT,BUY,LIMIT,1701448529299,2.2,4.565
FILUSDT,SELL,LIMIT,1701452162075,181.0,4.457
FILUSDT,SELL,LIMIT,1701452708753,29.2,4.450
FILUSDT,BUY,LIMIT,1701457946171,1782.7,4.545
FILUSDT,BUY,LIMIT,1701478490394,189.5,4.561
FILUSDT,BUY,LIMIT,1701479696946,331.7,4.579
FILUSDT,BUY,LIMIT,1701480160535,80.8,4.583
FILUSDT,BUY,LIMIT,1701481391210,4.4,4.575
FILUSDT,SELL,LIMIT,1701485043537,9.5,4.485
FILUSDT,SELL,LIMIT,1701485993104,321.3,4.492
FILUSDT,SELL,LIMIT,1701485999456,27.0,4.492
FILUSDT,BUY,LIMIT,1701486002078,96.8,4.551
FILUSDT,SELL,LIMIT,1701486006866,1680.7,4.498
FILUSDT,SELL,LIMIT,1701488218979,6.4,4.499
FILUSDT,BUY,LIMIT,1701500428192,5.0,4.573
FILUSDT,BUY,LIMIT,1701504181073,6.4,4.588
FILUSDT,BUY,LIMIT,1701504268989,85.0,4.591
FILUSDT,BUY,LIMIT,1701508542059,5.0,4.583
