Symbol,Side,Order Type,Time,Quantity,Price
FILUSDT,SELL,LIMIT,1701918497136,400.0,4.746
FILUSDT,SELL,LIMIT,1701918626149,109.9,4.736
FILUSDT,BUY,LIMIT,1701920285938,2760.1,4.858
FILUSDT,BUY,LIMIT,1701923110732,230.2,4.904
FILUSDT,BUY,LIMIT,1701923124550,27.5,4.908
FILUSDT,BUY,LIMIT,1701923285252,4.4,4.920
FILUSDT,BUY,LIMIT,1701923375351,12.0,4.924
FILUSDT,BUY,LIMIT,1701923726460,447.6,4.940
FILUSDT,BUY,LIMIT,1701923732163,425.1,4.947
FILUSDT,BUY,LIMIT,1701923740041,222.8,4.952
FILUSDT,BUY,LIMIT,1701923745564,4.2,4.957
FILUSDT,BUY,LIMIT,1701923998866,7460.0,4.980
FILUSDT,BUY,LIMIT,1701924088115,130.5,4.993
FILUSDT,BUY,LIMIT,1701924090194,132.5,4.994
FILUSDT,BUY,LIMIT,1701924306528,860.2,4.989
FILUSDT,BUY,LIMIT,1701924775414,36.5,5.002
FILUSDT,BUY,LIMIT,1701924811170,1600.8,5.011
FILUSDT,BUY,LIMIT,1701924812359,1698.5,5.012
FILUSDT,BUY,LIMIT,1701925061689,16.7,5.015
FILUSDT,BUY,LIMIT,1701925079859,890.8,5.021
FILUSDT,BUY,LIMIT,1701925116899,299.5,5.023
FILUSDT,BUY,LIMIT,1701925141643,6.0,5.027
FILUSDT,BUY,LIMIT,1701925259015,37.5,5.046
FILUSDT,BUY,LIMIT,1701925280494,17.5,5.050
FILUSDT,BUY,LIMIT,1701925286714,198.8,5.050
FILUSDT,BUY,LIMIT,1701925305849,137.8,5.060
FILUSDT,BUY,LIMIT,1701925319071,64.1,5.066
FILUSDT,BUY,LIMIT,1701925320274,64.1,5.066
FILUSDT,BUY,LIMIT,1701925452749,31.1,5.085
FILUSDT,BUY,LIMIT,1701925825235,50.0,5.077
FILUSDT,BUY,LIMIT,1701928417368,1.9,5.109
FILUSDT,SELL,LIMIT,1701929612800,123.4,4.993
FILUSDT,SELL,LIMIT,1701929640281,1889.2,4.988
FILUSDT,SELL,LIMIT,1701929946819,8670.7,4.980
FILUSDT,SELL,LIMIT,1701930018060,29.6,4.964
FILUSDT,SELL,LIMIT,1701930038370,288.6,4.959
FILUSDT,SELL,LIMIT,1701930039380,2.9,4.959
FILUSDT,SELL,LIMIT,1701930312499,5651.2,4.954
FILUSDT,SELL,LIMIT,1701930385367,15.0,4.947
FILUSDT,SELL,LIMIT,1701930691810,54.7,4.945
FILUSDT,SELL,LIMIT,1701930944963,75.0,4.933
FILUSDT,SELL,LIMIT,1701930947583,5.0,4.928
FILUSDT,SELL,LIMIT,1701931574208,12.7,4.954
FILUSDT,SELL,LIMIT,1701933450043,79.0,4.932
FILUSDT,BUY,LIMIT,1701933679219,135.9,5.025
FILUSDT,BUY,LIMIT,1701934371240,33.4,5.056
FILUSDT,BUY,LIMIT,1701935094937,196.5,5.040
FILUSDT,SELL,LIMIT,1701936827236,319.5,4.945
FILUSDT,SELL,LIMIT,1701936830354,499.2,4.943
FILUSDT,SELL,LIMIT,1701936852273,53.6,4.938
FILUSDT,SELL,LIMIT,1701936864612,589.4,4.934
FILUSDT,SELL,LIMIT,1701936914224,90.7,4.927
FILUSDT,SELL,LIMIT,1701936915660,9.5,4.915
FILUSDT,SELL,LIMIT,1701936920657,996.0,4.914
FILUSDT,SELL,LIMIT,1701936923077,603.4,4.908
FILUSDT,BUY,LIMIT,1701937115317,674.1,5.010
FILUSDT,SELL,LIMIT,1701937353756,71.0,4.913
FILUSDT,SELL,LIMIT,1701937394348,69.8,4.905
FILUSDT,SELL,LIMIT,1701937396074,50.0,4.901
FILUSDT,SELL,LIMIT,1701937813113,100.0,4.900
FILUSDT,SELL,LIMIT,1701937822602,1343.1,4.893
FILUSDT,SELL,LIMIT,1701937824802,6.6,4.885
FILUSDT,SELL,LIMIT,1701937962343,9.7,4.878
FILUSDT,BUY,LIMIT,1701938814253,6.1,4.970
FILUSDT,SELL,LIMIT,1701939161394,63.9,4.874
FILUSDT,SELL,LIMIT,1701939164158,18.6,4.874
FILUSDT,SELL,LIMIT,1701939168325,581.4,4.873
FILUSDT,SELL,LIMIT,1701939176296,84.7,4.868
FILUSDT,SELL,LIMIT,1701939336637,35.1,4.873
FILUSDT,SELL,LIMIT,1701939338427,861.1,4.867
FILUSDT,SELL,LIMIT,1701939344877,292.8,4.865
FILUSDT,SELL,LIMIT,1701939365180,1554.2,4.857
FILUSDT,SELL,LIMIT,1701939366708,15.2,4.857
FILUSDT,SELL,LIMIT,1701939368362,2024.1,4.854
FILUSDT,SELL,LIMIT,1701939372890,1005.6,4.851
FILUSDT,SELL,LIMIT,1701939569320,68.5,4.849
FILUSDT,SELL,LIMIT,1701939575617,596.4,4.845
FILUSDT,SELL,LIMIT,1701939975502,19.9,4.834
FILUSDT,SELL,LIMIT,1701940019311,113.0,4.827
FILUSDT,SELL,LIMIT,1701940024338,173.4,4.825
FILUSDT,SELL,LIMIT,1701940473831,384.7,4.821
FILUSDT,SELL,LIMIT,1701940554425,10300.8,4.813
FILUSDT,SELL,LIMIT,1701940556402,57.0,4.810
FILUSDT,SELL,LIMIT,1701940559421,2.1,4.808
FILUSDT,SELL,LIMIT,1701940560727,118.2,4.805
FILUSDT,SELL,LIMIT,1701940561945,150.0,4.804
FILUSDT,SELL,LIMIT,1701940564284,50.8,4.801
FILUSDT,SELL,LIMIT,1701940565442,7.9,4.799
FILUSDT,SELL,LIMIT,1701940568112,5036.6,4.796
FILUSDT,SELL,LIMIT,1701940569114,31.4,4.793
FILUSDT,SELL,LIMIT,1701941074811,25.1,4.802
FILUSDT,SELL,LIMIT,1701941098752,3.6,4.805
FILUSDT,SELL,LIMIT,1701941149082,118.7,4.798
FILUSDT,SELL,LIMIT,1701941151441,1309.1,4.792
FILUSDT,SELL,LIMIT,1701941154767,335.5,4.791
FILUSDT,SELL,LIMIT,1701941161224,18.6,4.780
FILUSDT,SELL,LIMIT,1701941167251,175.0,4.779
FILUSDT,SELL,LIMIT,1701941172447,3541.5,4.775
FILUSDT,SELL,LIMIT,1701941174126,996.3,4.767
FILUSDT,SELL,LIMIT,1701941175269,10377.8,4.770
FILUSDT,SELL,LIMIT,1701941182468,61.4,4.771
FILUSDT,SELL,LIMIT,1701941185048,7.9,4.761
FILUSDT,SELL,LIMIT,1701941186285,4.0,4.760
FILUSDT,SELL,LIMIT,1701941187429,59.9,4.757
FILUSDT,SELL,LIMIT,1701941189406,53.7,4.754
FILUSDT,SELL,LIMIT,1701941192888,8.5,4.751
FILUSDT,SELL,LIMIT,1701941239201,51.4,4.751
FILUSDT,BUY,LIMIT,1701941397413,27.6,4.844
FILUSDT,BUY,LIMIT,1701942108806,417.2,4.891
FILUSDT,BUY,LIMIT,1701942352683,1.6,4.905
FILUSDT,BUY,LIMIT,1701942359616,3461.2,4.910
FILUSDT,BUY,LIMIT,1701942405114,2.0,4.917
FILUSDT,BUY,LIMIT,1701942413496,536.4,4.919
FILUSDT,SELL,LIMIT,1701942425707,31.7,4.865
FILUSDT,BUY,LIMIT,1701942660166,650.4,4.925
FILUSDT,SELL,LIMIT,1701942737905,2.9,4.853
FILUSDT,SELL,LIMIT,1701943475764,88.5,4.843
FILUSDT,SELL,LIMIT,1701943633653,4.3,4.825
FILUSDT,SELL,LIMIT,1701943635301,4353.1,4.822
FILUSDT,BUY,LIMIT,1701944854249,2454.0,4.931
FILUSDT,BUY,LIMIT,1701945011123,732.0,4.941
FILUSDT,BUY,LIMIT,1701945210030,12.7,4.963
FILUSDT,BUY,LIMIT,1701945702342,2000.0,4.984
FILUSDT,SELL,LIMIT,1701946483749,68.7,4.878
FILUSDT,SELL,LIMIT,1701948737484,80.5,4.874
FILUSDT,SELL,LIMIT,1701950610027,18.6,4.855
FILUSDT,BUY,LIMIT,1701953976590,0.1,4.978
FILUSDT,SELL,LIMIT,1701956560306,4.1,4.897
FILUSDT,SELL,LIMIT,1701956907221,77.2,4.878
FILUSDT,BUY,LIMIT,1701961307072,62.6,4.996
FILUSDT,BUY,LIMIT,1701961707396,280.0,4.999
FILUSDT,BUY,LIMIT,1701961733178,1.2,5.007
FILUSDT,BUY,LIMIT,1701962488691,50.0,4.990
FILUSDT,BUY,LIMIT,1701962771699,685.7,5.009
FILUSDT,BUY,LIMIT,1701962825358,193.2,5.015
FILUSDT,BUY,LIMIT,1701965013628,24.0,4.968
FILUSDT,BUY,LIMIT,1701966079855,31.8,5.043
FILUSDT,BUY,LIMIT,1701966135264,2464.6,5.053
FILUSDT,BUY,LIMIT,1701966203395,74.9,5.060
FILUSDT,BUY,LIMIT,1701966850167,1530.4,5.040
FILUSDT,BUY,LIMIT,1701968080078,73.4,5.069
FILUSDT,BUY,LIMIT,1701968083040,8.2,5.073
FILUSDT,BUY,LIMIT,1701968105185,200.0,5.075
FILUSDT,BUY,LIMIT,1701968124800,1.2,5.082
FILUSDT,BUY,LIMIT,1701969932349,6451.6,5.071
FILUSDT,SELL,LIMIT,1701971014498,54.4,4.988
FILUSDT,SELL,LIMIT,1701971381585,780.9,4.974
FILUSDT,SELL,LIMIT,1701971383158,72.3,4.973
FILUSDT,SELL,LIMIT,1701974072906,1110.6,4.974
FILUSDT,SELL,LIMIT,1701974074157,114.4,4.973
FILUSDT,SELL,LIMIT,1701977297527,381.1,4.965
FILUSDT,SELL,LIMIT,1701977299205,709.8,4.959
FILUSDT,SELL,LIMIT,1701980871330,3.0,4.952
FILUSDT,SELL,LIMIT,1701980960603,5.3,4.946
FILUSDT,SELL,LIMIT,1701981142339,2272.1,4.939
FILUSDT,SELL,LIMIT,1701981487203,2489.7,4.933
FILUSDT,SELL,LIMIT,1701981496865,20.0,4.931
FILUSDT,SELL,LIMIT,1701981499593,46.4,4.925
FILUSDT,SELL,LIMIT,1701981552295,105.3,4.919
FILUSDT,SELL,LIMIT,1701981570199,3166.4,4.914
FILUSDT,BUY,LIMIT,1701984164819,125.3,5.021
FILUSDT,BUY,LIMIT,1701984526373,0.2,5.029
FILUSDT,BUY,LIMIT,1701984932910,592.8,5.047
FILUSDT,BUY,LIMIT,1701987818869,99.9,5.041
FILUSDT,SELL,LIMIT,1701988447056,398.6,4.951
FILUSDT,SELL,LIMIT,1701988482457,10.9,4.943
FILUSDT,BUY,LIMIT,1701989240852,577.3,5.048
FILUSDT,SELL,LIMIT,1701991036469,11.2,4.978
FILUSDT,BUY,LIMIT,1701991318649,66.1,5.075
FILUSDT,BUY,LIMIT,1701994881222,64.9,5.090
FILUSDT,SELL,LIMIT,1701996383544,485.2,4.985
FILUSDT,SELL,LIMIT,1701997626378,127.6,4.979
FILUSDT,SELL,LIMIT,1701997719265,1000.0,4.974
FILUSDT,SELL,LIMIT,1701997735364,1973.4,4.968
FILUSDT,SELL,LIMIT,1701997746547,178.7,4.972
FILUSDT,SELL,LIMIT,1701997795430,1044.2,4.956
FILUSDT,SELL,LIMIT,1702003726641,258.5,4.933
FILUSDT,BUY,LIMIT,1702005533126,46.3,5.025
FILUSDT,BUY,LIMIT,1702005816564,12.0,5.043
FILUSDT,BUY,LIMIT,1702006899686,211.5,5.048
FILUSDT,SELL,LIMIT,1702010905337,58.7,4.982
FILUSDT,BUY,LIMIT,1702017381146,3.0,5.048
FILUSDT,SELL,LIMIT,1702019204338,323.1,4.973
FILUSDT,SELL,LIMIT,1702020149477,368.0,4.958
FILUSDT,SELL,LIMIT,1702020189300,1381.2,4.953
FILUSDT,SELL,LIMIT,1702020474546,118.1,4.946
FILUSDT,SELL,LIMIT,1702020500038,274.1,4.942
FILUSDT,SELL,LIMIT,1702020503484,105.4,4.940
FILUSDT,SELL,LIMIT,1702020530518,5.7,4.928
FILUSDT,SELL,LIMIT,1702020631131,121.1,4.922
FILUSDT,SELL,LIMIT,1702020637452,1042.3,4.917
FILUSDT,SELL,LIMIT,1702020669264,42.7,4.912
FILUSDT,SELL,LIMIT,1702020670486,8.8,4.913
FILUSDT,SELL,LIMIT,1702022534805,50.0,4.918
FILUSDT,BUY,LIMIT,1702027383872,1.2,5.054
FILUSDT,BUY,LIMIT,1702032395244,931.9,5.059
FILUSDT,BUY,LIMIT,1702033103636,3487.4,5.081
FILUSDT,BUY,LIMIT,1702033254087,6.3,5.086
FILUSDT,BUY,LIMIT,1702034979644,2295.6,5.115
FILUSDT,BUY,LIMIT,1702034986253,10.7,5.118
FILUSDT,BUY,LIMIT,1702034995109,2.9,5.123
FILUSDT,BUY,LIMIT,1702034999075,1.1,5.124
FILUSDT,BUY,LIMIT,1702035000542,624.5,5.129
FILUSDT,BUY,LIMIT,1702035162707,16.9,5.128
FILUSDT,BUY,LIMIT,1702035450185,14.7,5.131
FILUSDT,BUY,LIMIT,1702035734215,6.9,5.129
FILUSDT,BUY,LIMIT,1702035801319,3.9,5.135
FILUSDT,BUY,LIMIT,1702036072540,9.4,5.123
FILUSDT,BUY,LIMIT,1702036418385,7.6,5.142
FILUSDT,BUY,LIMIT,1702036429651,12.6,5.150
FILUSDT,BUY,LIMIT,1702036432198,189.8,5.154
FILUSDT,BUY,LIMIT,1702036468124,146.5,5.160
FILUSDT,BUY,LIMIT,1702037200747,258.9,5.162
FILUSDT,BUY,LIMIT,1702037711587,6.6,5.169
FILUSDT,BUY,LIMIT,1702038481100,586.4,5.166
FILUSDT,BUY,LIMIT,1702039084394,1.3,5.169
FILUSDT,SELL,LIMIT,1702040130031,50.0,5.080
FILUSDT,SELL,LIMIT,1702042213413,2.5,5.068
FILUSDT,SELL,LIMIT,1702042237755,1.0,5.047
FILUSDT,SELL,LIMIT,1702042239162,2020.4,5.040
FILUSDT,BUY,LIMIT,1702042982658,114.7,5.122
FILUSDT,SELL,LIMIT,1702044413169,276.8,5.047
FILUSDT,BUY,LIMIT,1702045140961,119.4,5.148
FILUSDT,BUY,LIMIT,1702045401887,139.6,5.178
FILUSDT,BUY,LIMIT,1702045515524,180.4,5.181
FILUSDT,BUY,LIMIT,1702045539249,1.1,5.196
FILUSDT,BUY,LIMIT,1702045643572,1.0,5.202
FILUSDT,BUY,LIMIT,1702045649271,624.6,5.203
FILUSDT,BUY,LIMIT,1702045661141,2033.8,5.211
FILUSDT,BUY,LIMIT,1702045662832,113.5,5.214
FILUSDT,BUY,LIMIT,1702045668080,1194.7,5.218
FILUSDT,BUY,LIMIT,1702045885456,17.5,5.218
FILUSDT,BUY,LIMIT,1702045947106,1047.0,5.227
FILUSDT,BUY,LIMIT,1702047700059,287.6,5.206
FILUSDT,BUY,LIMIT,1702047966080,2948.2,5.236
FILUSDT,BUY,LIMIT,1702047968522,4.8,5.237
FILUSDT,BUY,LIMIT,1702048001334,1.1,5.245
FILUSDT,BUY,LIMIT,1702048062081,88.3,5.250
FILUSDT,BUY,LIMIT,1702048064497,399.7,5.252
FILUSDT,BUY,LIMIT,1702048158313,69.3,5.257
FILUSDT,BUY,LIMIT,1702048188060,99.1,5.261
FILUSDT,BUY,LIMIT,1702048470258,60.2,5.266
FILUSDT,BUY,LIMIT,1702048693917,12.7,5.273
FILUSDT,BUY,LIMIT,1702048704267,29.8,5.279
FILUSDT,BUY,LIMIT,1702048711741,1029.0,5.281
FILUSDT,BUY,LIMIT,1702048712957,367.1,5.283
FILUSDT,SELL,LIMIT,1702049071661,114.2,5.181
FILUSDT,SELL,LIMIT,1702051386072,26.8,5.188
FILUSDT,BUY,LIMIT,1702051514185,161.6,5.240
FILUSDT,BUY,LIMIT,1702052081720,6.7,5.249
FILUSDT,BUY,LIMIT,1702052128134,79.1,5.250
FILUSDT,BUY,LIMIT,1702052161448,9.9,5.252
FILUSDT,BUY,LIMIT,1702052482530,197.0,4.663
FILUSDT,BUY,LIMIT,1702052530227,14.1,5.260
FILUSDT,SELL,LIMIT,1702055240178,574.9,5.148
FILUSDT,SELL,LIMIT,1702055271160,259.9,5.147
FILUSDT,SELL,LIMIT,1702055296314,295.5,5.144
FILUSDT,SELL,LIMIT,1702055746506,1000.0,5.131
FILUSDT,SELL,LIMIT,1702056261559,307.4,5.161
FILUSDT,SELL,LIMIT,1702056291326,49.7,5.128
FILUSDT,SELL,LIMIT,1702056449374,2.3,5.140
FILUSDT,BUY,LIMIT,1702060203416,74.5,5.205
FILUSDT,SELL,LIMIT,1702065536919,25.0,5.180
FILUSDT,BUY,LIMIT,1702065942715,6.1,5.227
FILUSDT,BUY,LIMIT,1702066091781,13.4,5.230
FILUSDT,BUY,LIMIT,1702067590379,358.1,5.249
FILUSDT,BUY,LIMIT,1702067639890,2.2,5.247
FILUSDT,BUY,LIMIT,1702068037389,800.0,5.254
FILUSDT,BUY,LIMIT,1702068046296,43.0,5.255
FILUSDT,BUY,LIMIT,1702069078918,9.4,5.268
FILUSDT,BUY,LIMIT,1702070895513,143.7,5.260
FILUSDT,BUY,LIMIT,1702072333546,8.1,5.276
FILUSDT,BUY,LIMIT,1702072671667,8.3,5.268
FILUSDT,BUY,LIMIT,1702078609448,18.5,5.269
FILUSDT,BUY,LIMIT,1702078943204,68.3,5.267
FILUSDT,BUY,LIMIT,1702080006714,52.9,5.257
FILUSDT,BUY,LIMIT,1702080803538,4107.0,5.296
FILUSDT,BUY,LIMIT,1702081060765,17.9,5.303
FILUSDT,BUY,LIMIT,1702081229517,200.3,5.301
FILUSDT,BUY,LIMIT,1702081275617,4824.5,5.309
FILUSDT,BUY,LIMIT,1702081286872,12.8,5.313
FILUSDT,BUY,LIMIT,1702081403994,14.4,5.320
FILUSDT,BUY,LIMIT,1702081574624,129.8,5.324
FILUSDT,BUY,LIMIT,1702081663162,14.0,5.318
FILUSDT,BUY,LIMIT,1702081734869,382.4,5.319
FILUSDT,BUY,LIMIT,1702081785982,56.4,5.327
FILUSDT,BUY,LIMIT,1702081811124,15.0,5.333
FILUSDT,BUY,LIMIT,1702081864350,1.3,5.337
FILUSDT,BUY,LIMIT,1702081868652,645.7,5.337
FILUSDT,BUY,LIMIT,1702081984546,50.3,5.334
FILUSDT,BUY,LIMIT,1702082048970,237.5,5.332
FILUSDT,BUY,LIMIT,1702082441745,6.5,5.338
FILUSDT,BUY,LIMIT,1702082716176,2.9,5.351
FILUSDT,BUY,LIMIT,1702082722112,53.2,5.355
FILUSDT,BUY,LIMIT,1702082723337,16.2,5.354
FILUSDT,BUY,LIMIT,1702082745831,19.6,5.357
FILUSDT,BUY,LIMIT,1702082887374,190.5,5.366
FILUSDT,BUY,LIMIT,1702082905064,1402.4,5.367
FILUSDT,BUY,LIMIT,1702082906200,142.6,5.367
FILUSDT,BUY,LIMIT,1702082909443,3.3,5.369
FILUSDT,BUY,LIMIT,1702083216665,222.0,5.358
FILUSDT,BUY,LIMIT,1702083443466,500.0,5.379
FILUSDT,BUY,LIMIT,1702083458562,1310.1,5.385
FILUSDT,SELL,LIMIT,1702083888577,19.1,5.284
FILUSDT,SELL,LIMIT,1702084100737,258.6,5.246
FILUSDT,BUY,LIMIT,1702085555500,672.0,5.349
FILUSDT,BUY,LIMIT,1702085693854,531.6,5.388
FILUSDT,BUY,LIMIT,1702085707878,597.1,5.393
FILUSDT,BUY,LIMIT,1702085714536,16.4,5.397
FILUSDT,BUY,LIMIT,1702085725125,1.7,5.399
FILUSDT,BUY,LIMIT,1702085759207,100.0,5.408
FILUSDT,BUY,LIMIT,1702085760282,982.0,5.405
FILUSDT,BUY,LIMIT,1702085770776,79.2,5.410
FILUSDT,BUY,LIMIT,1702085775644,60.0,5.411
FILUSDT,BUY,LIMIT,1702085778399,60.0,5.413
FILUSDT,BUY,LIMIT,1702085793051,60.0,5.415
FILUSDT,BUY,LIMIT,1702085843628,282.5,5.423
FILUSDT,BUY,LIMIT,1702085847225,37.1,5.425
FILUSDT,BUY,LIMIT,1702085863081,200.0,5.425
FILUSDT,BUY,LIMIT,1702085883535,543.7,5.427
FILUSDT,BUY,LIMIT,1702085900320,87.2,5.425
FILUSDT,BUY,LIMIT,1702085901360,54.1,5.426
FILUSDT,BUY,LIMIT,1702085962069,139.7,5.424
FILUSDT,BUY,LIMIT,1702085968802,306.5,5.432
FILUSDT,BUY,LIMIT,1702085992069,11.6,5.435
FILUSDT,BUY,LIMIT,1702085994635,91.7,5.436
FILUSDT,BUY,LIMIT,1702086310501,20000.0,5.451
FILUSDT,BUY,LIMIT,1702091756252,292.4,5.423
FILUSDT,BUY,LIMIT,1702091928370,2.1,5.429
FILUSDT,BUY,LIMIT,1702092152222,2159.3,5.444
FILUSDT,BUY,LIMIT,1702092162836,100.0,5.450
FILUSDT,BUY,LIMIT,1702092164229,60.7,5.456
FILUSDT,BUY,LIMIT,1702092174748,14.0,5.457
FILUSDT,BUY,LIMIT,1702092197925,9.1,5.459
FILUSDT,BUY,LIMIT,1702092199291,42.9,5.463
FILUSDT,BUY,LIMIT,1702092201582,16.5,5.468
FILUSDT,BUY,LIMIT,1702092218673,460.4,5.469
FILUSDT,BUY,LIMIT,1702092220265,58.7,5.471
FILUSDT,BUY,LIMIT,1702092224925,386.3,5.471
FILUSDT,BUY,LIMIT,1702092436108,604.5,5.478
FILUSDT,BUY,LIMIT,1702092438323,19.3,5.479
FILUSDT,BUY,LIMIT,1702092762568,51.2,5.487
FILUSDT,BUY,LIMIT,1702092850881,13.2,5.496
FILUSDT,BUY,LIMIT,1702092856088,224.3,5.496
FILUSDT,BUY,LIMIT,1702092902125,21.7,5.497
FILUSDT,BUY,LIMIT,1702092913784,34.0,5.504
FILUSDT,BUY,LIMIT,1702092922828,2076.5,5.505
FILUSDT,BUY,LIMIT,1702092926205,1906.5,5.508
FILUSDT,BUY,LIMIT,1702092929150,273.6,5.510
FILUSDT,BUY,LIMIT,1702093210611,216.5,5.481
FILUSDT,BUY,LIMIT,1702094610915,486.5,5.466
FILUSDT,BUY,LIMIT,1702094637317,28.9,5.468
FILUSDT,BUY,LIMIT,1702096034203,166.0,5.456
FILUSDT,SELL,LIMIT,1702096521068,3.8,5.399
FILUSDT,SELL,LIMIT,1702097297087,140.8,5.410
FILUSDT,BUY,LIMIT,1702098589449,985.3,5.468
FILUSDT,SELL,LIMIT,1702099150316,554.9,5.372
FILUSDT,BUY,LIMIT,1702101204887,219.8,5.443
FILUSDT,BUY,LIMIT,1702103376621,47.5,5.481
FILUSDT,SELL,LIMIT,1702105405709,325.4,5.377
FILUSDT,BUY,LIMIT,1702106825704,11.0,5.419
FILUSDT,BUY,LIMIT,1702106888279,68.4,5.423
FILUSDT,BUY,LIMIT,1702107520072,6.8,5.429
FILUSDT,BUY,LIMIT,1702108036554,374.7,5.464
FILUSDT,BUY,LIMIT,1702108054444,82.9,5.467
FILUSDT,SELL,LIMIT,1702108077280,12.0,5.408
FILUSDT,BUY,LIMIT,1702108086346,95.8,5.475
FILUSDT,BUY,LIMIT,1702108293834,24.7,5.476
FILUSDT,BUY,LIMIT,1702108558645,20.2,5.479
FILUSDT,BUY,LIMIT,1702108927583,438.8,5.480
FILUSDT,BUY,LIMIT,1702108937341,209.5,5.485
FILUSDT,BUY,LIMIT,1702108938427,9.9,5.486
FILUSDT,SELL,LIMIT,1702109101219,55.9,5.419
FILUSDT,BUY,LIMIT,1702109102696,692.3,5.483
FILUSDT,BUY,LIMIT,1702109107781,14129.3,5.492
FILUSDT,BUY,LIMIT,1702109244833,23.8,5.487
FILUSDT,BUY,LIMIT,1702109420255,477.0,5.484
FILUSDT,BUY,LIMIT,1702109514107,192.6,5.486
FILUSDT,BUY,LIMIT,1702109641216,12.9,5.495
FILUSDT,BUY,LIMIT,1702109761485,15.4,5.503
FILUSDT,BUY,LIMIT,1702109787113,23.8,5.511
FILUSDT,SELL,LIMIT,1702109841926,205.8,5.440
FILUSDT,BUY,LIMIT,1702110595578,152.7,5.512
FILUSDT,BUY,LIMIT,1702110599331,145.4,5.515
FILUSDT,SELL,LIMIT,1702110880495,200.0,5.380
FILUSDT,SELL,LIMIT,1702110902750,5.9,5.376
FILUSDT,SELL,LIMIT,1702110904966,93.5,5.375
FILUSDT,SELL,LIMIT,1702110909293,1000.0,5.367
FILUSDT,SELL,LIMIT,1702110970853,0.9,5.351
FILUSDT,SELL,LIMIT,1702110973329,81.3,5.343
FILUSDT,SELL,LIMIT,1702110974399,4.9,5.342
FILUSDT,SELL,LIMIT,1702110975671,16.0,5.342
FILUSDT,SELL,LIMIT,1702110978720,3000.0,5.335
FILUSDT,SELL,LIMIT,1702110981111,1.7,5.347
FILUSDT,SELL,LIMIT,1702110983331,141.4,5.331
FILUSDT,SELL,LIMIT,1702110986121,177.7,5.331
FILUSDT,SELL,LIMIT,1702110994350,9160.5,5.326
FILUSDT,SELL,LIMIT,1702110995404,200.0,5.323
FILUSDT,SELL,LIMIT,1702111025159,88.8,5.325
FILUSDT,SELL,LIMIT,1702111027131,1127.2,5.310
FILUSDT,SELL,LIMIT,1702111028390,114.4,5.310
FILUSDT,SELL,LIMIT,1702111029953,597.7,5.306
FILUSDT,SELL,LIMIT,1702111031044,1411.5,5.301
FILUSDT,SELL,LIMIT,1702111033172,443.0,5.288
FILUSDT,SELL,LIMIT,1702111034475,130.1,5.289
FILUSDT,SELL,LIMIT,1702111038681,7.0,5.289
FILUSDT,SELL,LIMIT,1702111040054,17.4,5.288
FILUSDT,SELL,LIMIT,1702111041156,2331.3,5.280
FILUSDT,SELL,LIMIT,1702111042269,17.9,5.284
FILUSDT,SELL,LIMIT,1702111043424,15.2,5.279
FILUSDT,SELL,LIMIT,1702111044659,2869.9,5.277
FILUSDT,SELL,LIMIT,1702111047183,36.7,5.254
FILUSDT,SELL,LIMIT,1702111201653,11.4,5.280
FILUSDT,SELL,LIMIT,1702111376237,56.3,5.249
FILUSDT,SELL,LIMIT,1702111377295,100.0,5.247
FILUSDT,SELL,LIMIT,1702111378801,5928.5,5.248
FILUSDT,SELL,LIMIT,1702111380220,213.4,5.233
FILUSDT,SELL,LIMIT,1702111381448,74.5,5.238
FILUSDT,SELL,LIMIT,1702111382643,5000.0,5.226
FILUSDT,SELL,LIMIT,1702111384830,260.0,5.223
FILUSDT,SELL,LIMIT,1702111386858,300.0,5.212
FILUSDT,SELL,LIMIT,1702111388632,56.3,5.207
FILUSDT,BUY,LIMIT,1702111921246,17.0,5.391
FILUSDT,SELL,LIMIT,1702112859462,9323.1,5.293
FILUSDT,BUY,LIMIT,1702113388820,57.3,5.403
FILUSDT,SELL,LIMIT,1702114647454,187.3,5.320
FILUSDT,SELL,LIMIT,1702114789364,137.5,5.299
FILUSDT,SELL,LIMIT,1702115024295,347.9,5.275
FILUSDT,SELL,LIMIT,1702115032401,60.1,5.263
FILUSDT,SELL,LIMIT,1702115088378,2025.7,5.252
FILUSDT,SELL,LIMIT,1702115625167,11.7,5.240
FILUSDT,SELL,LIMIT,1702115626874,374.1,5.240
FILUSDT,SELL,LIMIT,1702117809135,35.1,5.253
FILUSDT,SELL,LIMIT,1702125018581,7816.6,5.326
FILUSDT,BUY,LIMIT,1702126479218,412.3,5.443
FILUSDT,BUY,LIMIT,1702126547319,178.3,5.456
FILUSDT,BUY,LIMIT,1702126552156,540.7,5.458
FILUSDT,BUY,LIMIT,1702126842317,2.0,5.466
FILUSDT,SELL,LIMIT,1702128689173,491.7,5.341
FILUSDT,BUY,LIMIT,1702129577204,451.4,5.451
FILUSDT,BUY,LIMIT,1702129614991,34.1,5.470
FILUSDT,SELL,LIMIT,1702132803948,135.9,5.357
FILUSDT,SELL,LIMIT,1702132819439,936.1,5.344
FILUSDT,SELL,LIMIT,1702132953869,37.5,5.336
FILUSDT,SELL,LIMIT,1702132993084,1170.6,5.327
FILUSDT,SELL,LIMIT,1702132994142,300.0,5.321
FILUSDT,SELL,LIMIT,1702132996524,173.7,5.315
FILUSDT,SELL,LIMIT,1702132997816,125.9,5.306
FILUSDT,SELL,LIMIT,1702132999530,919.3,5.302
FILUSDT,SELL,LIMIT,1702133000892,3.0,5.300
FILUSDT,SELL,LIMIT,1702133004450,231.8,5.294
FILUSDT,SELL,LIMIT,1702133006438,146.4,5.286
FILUSDT,SELL,LIMIT,1702133008794,60.7,5.283
FILUSDT,SELL,LIMIT,1702133332573,512.1,5.280
FILUSDT,SELL,LIMIT,1702133343395,56.4,5.268
FILUSDT,SELL,LIMIT,1702133344535,12.5,5.274
FILUSDT,SELL,LIMIT,1702133385257,705.6,5.265
FILUSDT,SELL,LIMIT,1702134496579,42.3,5.282
FILUSDT,SELL,LIMIT,1702134499350,6347.8,5.278
FILUSDT,SELL,LIMIT,1702134885108,32.0,5.261
FILUSDT,SELL,LIMIT,1702134887146,36.9,5.259
FILUSDT,SELL,LIMIT,1702134898556,323.3,5.256
FILUSDT,BUY,LIMIT,1702136958934,89.8,5.379
FILUSDT,SELL,LIMIT,1702138949118,75.5,5.302
FILUSDT,SELL,LIMIT,1702139117567,6183.1,5.277
FILUSDT,SELL,LIMIT,1702139119075,936.6,5.274
FILUSDT,SELL,LIMIT,1702139122258,2000.0,5.274
FILUSDT,SELL,LIMIT,1702139123670,0.3,5.270
FILUSDT,SELL,LIMIT,1702139287468,1153.4,5.254
FILUSDT,SELL,LIMIT,1702139294268,55.2,5.252
FILUSDT,SELL,LIMIT,1702139297380,72.7,5.249
FILUSDT,SELL,LIMIT,1702139300889,1435.2,5.244
FILUSDT,BUY,LIMIT,1702139761291,194.6,5.381
FILUSDT,SELL,LIMIT,1702140785158,0.3,5.277
FILUSDT,SELL,LIMIT,1702141562473,22.2,5.245
FILUSDT,SELL,LIMIT,1702141564741,99.2,5.244
FILUSDT,SELL,LIMIT,1702141665445,558.5,5.239
FILUSDT,SELL,LIMIT,1702141668229,2.0,5.238
FILUSDT,SELL,LIMIT,1702141701845,1385.6,5.235
FILUSDT,SELL,LIMIT,1702141703938,1.0,5.272
FILUSDT,SELL,LIMIT,1702141705384,22.0,5.230
FILUSDT,SELL,LIMIT,1702141706398,33.9,5.229
FILUSDT,SELL,LIMIT,1702141708342,874.1,5.227
FILUSDT,SELL,LIMIT,1702141746324,16.8,5.228
FILUSDT,SELL,LIMIT,1702141755532,1.0,5.404
FILUSDT,SELL,LIMIT,1702141757916,2.0,5.224
FILUSDT,SELL,LIMIT,1702141846336,1000.0,5.222
FILUSDT,SELL,LIMIT,1702141848307,5000.0,5.222
FILUSDT,SELL,LIMIT,1702141849351,2.0,5.212
FILUSDT,SELL,LIMIT,1702141855897,2.0,5.207
FILUSDT,SELL,LIMIT,1702141859143,167.3,5.203
FILUSDT,SELL,LIMIT,1702141860448,105.0,5.201
FILUSDT,SELL,LIMIT,1702143913180,135.8,5.243
FILUSDT,SELL,LIMIT,1702144704419,150.0,5.223
FILUSDT,SELL,LIMIT,1702144794078,681.5,5.210
FILUSDT,SELL,LIMIT,1702151543506,33.8,5.209
FILUSDT,SELL,LIMIT,1702153012417,43.0,5.191
FILUSDT,SELL,LIMIT,1702153015238,182.4,5.180
FILUSDT,SELL,LIMIT,1702153645867,24.3,5.213
FILUSDT,SELL,LIMIT,1702153695145,27.6,5.196
FILUSDT,SELL,LIMIT,1702153698609,188.6,5.210
FILUSDT,SELL,LIMIT,1702153734790,57.3,5.186
FILUSDT,SELL,LIMIT,1702153850594,200.0,5.180
FILUSDT,SELL,LIMIT,1702153864279,573.3,5.170
FILUSDT,SELL,LIMIT,1702153865404,150.0,5.175
FILUSDT,SELL,LIMIT,1702153866684,130.4,5.165
FILUSDT,SELL,LIMIT,1702153867727,17.3,5.157
FILUSDT,SELL,LIMIT,1702153869288,59.9,5.155
FILUSDT,SELL,LIMIT,1702153871211,301.4,5.153
FILUSDT,SELL,LIMIT,1702153872588,16.9,5.149
FILUSDT,SELL,LIMIT,1702153873621,353.4,5.148
FILUSDT,SELL,LIMIT,1702153875035,46.1,5.145
FILUSDT,SELL,LIMIT,1702153876796,59.0,5.145
FILUSDT,SELL,LIMIT,1702156143174,26.1,5.182
FILUSDT,SELL,LIMIT,1702156359984,12.0,5.157
FILUSDT,SELL,LIMIT,1702156367306,147.5,5.154
FILUSDT,BUY,LIMIT,1702157762807,1.0,5.272
FILUSDT,BUY,LIMIT,1702159876906,12.9,5.289
FILUSDT,BUY,LIMIT,1702159927859,75.5,5.295
FILUSDT,SELL,LIMIT,1702161786128,104.2,5.192
FILUSDT,SELL,LIMIT,1702162356523,102.3,5.185
FILUSDT,SELL,LIMIT,1702162430345,764.8,5.179
FILUSDT,SELL,LIMIT,1702162479247,93.1,5.176
FILUSDT,SELL,LIMIT,1702162536632,732.1,5.170
FILUSDT,SELL,LIMIT,1702164051006,12.3,5.146
FILUSDT,SELL,LIMIT,1702164099057,146.4,5.141
FILUSDT,SELL,LIMIT,1702164100415,509.9,5.139
FILUSDT,SELL,LIMIT,1702164101443,15.4,5.139
FILUSDT,SELL,LIMIT,1702164102944,66.0,5.130
FILUSDT,SELL,LIMIT,1702164206465,168.7,5.127
FILUSDT,SELL,LIMIT,1702164207645,27.6,5.120
FILUSDT,SELL,LIMIT,1702164208707,2.0,5.112
FILUSDT,SELL,LIMIT,1702164211102,2527.3,5.107
FILUSDT,SELL,LIMIT,1702164212326,600.0,5.105
FILUSDT,SELL,LIMIT,1702164435802,22.2,5.109
FILUSDT,SELL,LIMIT,1702164476971,167.4,5.108
FILUSDT,SELL,LIMIT,1702164514160,4251.2,5.099
FILUSDT,SELL,LIMIT,1702164531923,2059.3,5.096
FILUSDT,SELL,LIMIT,1702164533078,230.0,5.095
FILUSDT,SELL,LIMIT,1702164539878,21.5,5.092
FILUSDT,SELL,LIMIT,1702164541022,845.9,5.092
FILUSDT,SELL,LIMIT,1702164544536,6.7,5.159
FILUSDT,SELL,LIMIT,1702164545571,1556.8,5.088
FILUSDT,SELL,LIMIT,1702164547066,588.0,5.088
FILUSDT,SELL,LIMIT,1702164548098,23.4,5.082
FILUSDT,SELL,LIMIT,1702164549143,5.7,5.076
FILUSDT,SELL,LIMIT,1702164748094,18.6,5.078
FILUSDT,SELL,LIMIT,1702164750190,177.9,5.090
FILUSDT,SELL,LIMIT,1702164752257,300.6,5.069
FILUSDT,SELL,LIMIT,1702164766760,18.7,5.070
FILUSDT,SELL,LIMIT,1702164798441,145.7,5.067
FILUSDT,SELL,LIMIT,1702164800382,3399.2,5.060
FILUSDT,SELL,LIMIT,1702164801467,309.1,5.053
FILUSDT,SELL,LIMIT,1702164802683,11.3,5.055
FILUSDT,SELL,LIMIT,1702164804098,25.0,5.057
FILUSDT,SELL,LIMIT,1702164805630,5712.3,5.044
FILUSDT,SELL,LIMIT,1702164807709,46.9,5.041
FILUSDT,SELL,LIMIT,1702164808727,18.0,5.038
FILUSDT,SELL,LIMIT,1702164838228,423.5,5.060
FILUSDT,BUY,LIMIT,1702167718239,77.5,5.211
FILUSDT,BUY,LIMIT,1702167756991,760.4,5.215
FILUSDT,BUY,LIMIT,1702176120721,1.2,5.202
FILUSDT,BUY,LIMIT,1702183125542,82.3,5.256
FILUSDT,SELL,LIMIT,1702189297907,15.3,5.161
FILUSDT,SELL,LIMIT,1702189748091,143.5,5.134
FILUSDT,SELL,LIMIT,1702189792890,220.9,5.122
FILUSDT,SELL,LIMIT,1702189861292,179.2,5.115
FILUSDT,SELL,LIMIT,1702189956405,4733.8,5.096
FILUSDT,SELL,LIMIT,1702189963099,1138.7,5.089
FILUSDT,SELL,LIMIT,1702189971554,742.7,5.081
FILUSDT,SELL,LIMIT,1702189988295,1861.5,5.075
FILUSDT,SELL,LIMIT,1702191157098,3.9,5.116
FILUSDT,SELL,LIMIT,1702192761632,50.0,5.109
FILUSDT,SELL,LIMIT,1702192879168,117.7,5.091
FILUSDT,SELL,LIMIT,1702192883220,1000.9,5.085
FILUSDT,SELL,LIMIT,1702192931732,1.0,5.085
FILUSDT,BUY,LIMIT,1702194415227,73.2,5.183
FILUSDT,SELL,LIMIT,1702196643558,141.7,5.079
FILUSDT,SELL,LIMIT,1702196644685,606.8,5.071
FILUSDT,SELL,LIMIT,1702196645962,2.3,5.069
FILUSDT,SELL,LIMIT,1702196680119,161.9,5.070
FILUSDT,SELL,LIMIT,1702196687523,152.8,5.063
FILUSDT,SELL,LIMIT,1702196712507,2704.4,5.060
FILUSDT,SELL,LIMIT,1702197050245,21.7,5.045
FILUSDT,SELL,LIMIT,1702200537671,41.7,5.039
FILUSDT,SELL,LIMIT,1702200732245,24.0,5.037
FILUSDT,SELL,LIMIT,1702200733614,810.4,5.029
FILUSDT,SELL,LIMIT,1702200743241,5.0,5.027
FILUSDT,SELL,LIMIT,1702200754863,162.9,5.026
FILUSDT,SELL,LIMIT,1702200756221,2.2,5.022
FILUSDT,SELL,LIMIT,1702200757263,50.2,5.015
FILUSDT,SELL,LIMIT,1702200765400,1070.5,5.013
FILUSDT,SELL,LIMIT,1702200884440,374.1,5.013
FILUSDT,SELL,LIMIT,1702200887438,46.0,5.012
FILUSDT,SELL,LIMIT,1702200888687,66.3,5.008
FILUSDT,SELL,LIMIT,1702200896304,2.0,5.002
FILUSDT,SELL,LIMIT,1702200939431,6982.7,4.998
FILUSDT,SELL,LIMIT,1702202056435,83.7,4.999
FILUSDT,SELL,LIMIT,1702202060275,281.8,4.999
FILUSDT,SELL,LIMIT,1702202077133,3217.6,4.998
FILUSDT,SELL,LIMIT,1702202078559,114.9,4.997
FILUSDT,SELL,LIMIT,1702202080348,150.0,4.995
FILUSDT,SELL,LIMIT,1702202081348,77.7,4.995
FILUSDT,SELL,LIMIT,1702202082395,50.2,4.992
FILUSDT,SELL,LIMIT,1702202157133,9.2,4.994
FILUSDT,SELL,LIMIT,1702202260059,91.6,4.990
FILUSDT,SELL,LIMIT,1702202261190,262.0,4.989
FILUSDT,SELL,LIMIT,1702202262250,831.2,4.987
FILUSDT,SELL,LIMIT,1702202263623,2693.2,4.987
FILUSDT,SELL,LIMIT,1702202269219,190.7,4.985
FILUSDT,SELL,LIMIT,1702202270371,76.3,4.983
FILUSDT,SELL,LIMIT,1702202287659,46.7,4.983
FILUSDT,SELL,LIMIT,1702202288912,2.0,4.980
FILUSDT,SELL,LIMIT,1702202289972,1493.7,4.979
FILUSDT,SELL,LIMIT,1702202291378,15.3,4.974
FILUSDT,SELL,LIMIT,1702202293436,11.2,4.972
FILUSDT,SELL,LIMIT,1702202295558,128.3,4.966
FILUSDT,SELL,LIMIT,1702202297670,245.0,4.963
FILUSDT,SELL,LIMIT,1702202318310,33.4,4.967
FILUSDT,SELL,LIMIT,1702202323935,28.9,4.964
FILUSDT,SELL,LIMIT,1702202371096,2.1,4.970
FILUSDT,SELL,LIMIT,1702202374594,583.2,4.965
FILUSDT,SELL,LIMIT,1702202380131,33.4,4.961
FILUSDT,SELL,LIMIT,1702202381231,8988.2,4.961
FILUSDT,SELL,LIMIT,1702202385302,57.2,4.961
FILUSDT,SELL,LIMIT,1702202389107,37.6,4.958
FILUSDT,SELL,LIMIT,1702202391224,113.5,4.959
FILUSDT,SELL,LIMIT,1702202400030,10091.9,4.957
FILUSDT,SELL,LIMIT,1702202404213,1420.9,4.952
FILUSDT,SELL,LIMIT,1702202405383,92.5,4.954
FILUSDT,BUY,LIMIT,1702210902136,1254.0,5.128
FILUSDT,SELL,LIMIT,1702218880579,1322.5,5.028
FILUSDT,SELL,LIMIT,1702225586090,4646.3,5.036
FILUSDT,SELL,LIMIT,1702225668363,1.9,5.027
FILUSDT,SELL,LIMIT,1702228783670,386.6,5.019
FILUSDT,SELL,LIMIT,1702228798259,373.9,5.016
FILUSDT,SELL,LIMIT,1702228821510,493.3,5.010
FILUSDT,SELL,LIMIT,1702228847343,151.2,5.007
FILUSDT,SELL,LIMIT,1702228857191,1225.5,5.002
FILUSDT,SELL,LIMIT,1702229297790,450.2,5.002
FILUSDT,SELL,LIMIT,1702229302974,62.5,4.998
FILUSDT,SELL,LIMIT,1702230135100,1371.2,4.996
FILUSDT,SELL,LIMIT,1702230138251,2250.2,4.993
FILUSDT,SELL,LIMIT,1702230141203,39.2,4.991
FILUSDT,SELL,LIMIT,1702230142341,10.9,4.990
FILUSDT,SELL,LIMIT,1702230189310,85.2,4.986
FILUSDT,SELL,LIMIT,1702230190349,1.7,4.985
FILUSDT,SELL,LIMIT,1702230310623,1.1,4.982
FILUSDT,SELL,LIMIT,1702230313684,37.8,4.980
FILUSDT,SELL,LIMIT,1702230314809,33.2,4.978
FILUSDT,SELL,LIMIT,1702230316943,19.5,4.977
FILUSDT,BUY,LIMIT,1702238918953,323.2,5.111
FILUSDT,BUY,LIMIT,1702239339993,689.0,5.114
FILUSDT,SELL,LIMIT,1702239842233,201.5,5.064
FILUSDT,BUY,LIMIT,1702240518381,1.7,5.128
FILUSDT,BUY,LIMIT,1702240614082,24.2,5.129
FILUSDT,BUY,LIMIT,1702240764155,19.7,5.139
FILUSDT,SELL,LIMIT,1702240778488,46.2,5.080
FILUSDT,BUY,LIMIT,1702241047371,69.6,5.146
FILUSDT,BUY,LIMIT,1702241346357,22.0,5.148
FILUSDT,BUY,LIMIT,1702241902195,2.6,5.156
FILUSDT,BUY,LIMIT,1702241946067,633.1,5.160
FILUSDT,BUY,LIMIT,1702241954300,64.8,5.161
FILUSDT,SELL,LIMIT,1702243701762,95.6,5.049
FILUSDT,SELL,LIMIT,1702243741410,54.5,5.047
FILUSDT,BUY,LIMIT,1702247426613,2569.5,5.168
FILUSDT,BUY,LIMIT,1702248986247,629.8,5.170
FILUSDT,SELL,LIMIT,1702250139580,5.5,5.107
FILUSDT,SELL,LIMIT,1702250235259,50.0,5.103
FILUSDT,BUY,LIMIT,1702251118969,4.9,5.164
FILUSDT,BUY,LIMIT,1702255004226,15.6,5.226
FILUSDT,SELL,LIMIT,1702255592883,408.0,5.129
FILUSDT,SELL,LIMIT,1702256124911,295.9,5.105
FILUSDT,SELL,LIMIT,1702256435845,964.7,5.093
FILUSDT,SELL,LIMIT,1702256451493,656.3,5.089
FILUSDT,SELL,LIMIT,1702256493196,1400.0,5.089
FILUSDT,SELL,LIMIT,1702256509308,382.9,5.082
FILUSDT,SELL,LIMIT,1702256591339,51.2,5.064
FILUSDT,SELL,LIMIT,1702256592387,16.7,5.069
FILUSDT,SELL,LIMIT,1702256620415,36.5,5.044
FILUSDT,SELL,LIMIT,1702256914675,1.0,5.038
FILUSDT,SELL,LIMIT,1702256918165,428.6,5.025
FILUSDT,SELL,LIMIT,1702256921481,3184.2,5.024
FILUSDT,SELL,LIMIT,1702257006452,750.0,5.021
FILUSDT,SELL,LIMIT,1702257008557,2344.2,5.019
FILUSDT,SELL,LIMIT,1702260429461,974.8,5.153
FILUSDT,SELL,LIMIT,1702260430496,3.4,5.166
FILUSDT,SELL,LIMIT,1702260432304,447.8,5.113
FILUSDT,SELL,LIMIT,1702260434188,700.0,5.079
FILUSDT,SELL,LIMIT,1702260436759,199.0,5.068
FILUSDT,SELL,LIMIT,1702260438764,4595.5,5.066
FILUSDT,SELL,LIMIT,1702260440215,170.0,5.065
FILUSDT,SELL,LIMIT,1702260443663,1435.1,5.055
FILUSDT,SELL,LIMIT,1702260630606,89.9,5.030
FILUSDT,SELL,LIMIT,1702260631901,1000.0,5.024
FILUSDT,SELL,LIMIT,1702260633356,151.7,5.018
FILUSDT,SELL,LIMIT,1702260634734,217.2,5.027
FILUSDT,SELL,LIMIT,1702260636183,62.2,5.000
FILUSDT,SELL,LIMIT,1702260637724,200.4,5.006
FILUSDT,SELL,LIMIT,1702260638798,899.7,4.993
FILUSDT,SELL,LIMIT,1702260695520,93.7,4.999
FILUSDT,SELL,LIMIT,1702260697442,3.5,4.997
FILUSDT,SELL,LIMIT,1702260700651,134.0,5.010
FILUSDT,SELL,LIMIT,1702260706540,42.0,4.979
FILUSDT,SELL,LIMIT,1702260708172,5.8,4.970
FILUSDT,SELL,LIMIT,1702260709522,146.3,4.975
FILUSDT,SELL,LIMIT,1702260711414,148.7,4.964
FILUSDT,SELL,LIMIT,1702260712554,192.0,4.969
FILUSDT,SELL,LIMIT,1702260713667,77.9,4.955
FILUSDT,SELL,LIMIT,1702260714720,378.6,4.955
FILUSDT,SELL,LIMIT,1702260716089,4.1,4.942
FILUSDT,SELL,LIMIT,1702260717161,256.5,4.936
FILUSDT,SELL,LIMIT,1702260718463,58.9,4.923
FILUSDT,SELL,LIMIT,1702260719511,3639.5,4.925
FILUSDT,SELL,LIMIT,1702260720729,572.5,4.921
FILUSDT,SELL,LIMIT,1702260721770,16.7,4.918
FILUSDT,SELL,LIMIT,1702260723384,39.5,4.905
FILUSDT,SELL,LIMIT,1702260724443,149.1,4.893
FILUSDT,SELL,LIMIT,1702260725609,2817.5,4.890
FILUSDT,SELL,LIMIT,1702260727048,4.0,4.900
FILUSDT,SELL,LIMIT,1702260728274,5451.7,4.889
FILUSDT,SELL,LIMIT,1702260729468,268.2,4.887
FILUSDT,SELL,LIMIT,1702260730538,22.6,4.871
FILUSDT,SELL,LIMIT,1702260731629,1.9,4.881
FILUSDT,SELL,LIMIT,1702260732667,50.0,4.870
FILUSDT,SELL,LIMIT,1702260733722,59.8,4.864
FILUSDT,SELL,LIMIT,1702260734747,42.4,4.854
FILUSDT,SELL,LIMIT,1702260735879,83.2,4.854
FILUSDT,SELL,LIMIT,1702260737415,29.2,4.844
FILUSDT,SELL,LIMIT,1702260738484,56.9,4.844
FILUSDT,SELL,LIMIT,1702260739496,4312.8,4.842
FILUSDT,SELL,LIMIT,1702260740551,889.1,4.831
FILUSDT,SELL,LIMIT,1702260741552,209.4,4.821
FILUSDT,SELL,LIMIT,1702260742653,61.7,4.821
FILUSDT,SELL,LIMIT,1702260743656,100.0,4.815
FILUSDT,SELL,LIMIT,1702260744773,383.3,4.809
FILUSDT,SELL,LIMIT,1702260745912,3.1,4.810
FILUSDT,SELL,LIMIT,1702260746935,4.2,5.116
FILUSDT,SELL,LIMIT,1702260747952,4085.6,4.796
FILUSDT,SELL,LIMIT,1702260749074,88.2,4.812
FILUSDT,SELL,LIMIT,1702260750241,16.1,4.789
FILUSDT,SELL,LIMIT,1702260751747,307.3,4.789
FILUSDT,SELL,LIMIT,1702260752823,3.8,4.785
FILUSDT,SELL,LIMIT,1702260754269,7.0,4.789
FILUSDT,SELL,LIMIT,1702260755382,43.8,4.790
FILUSDT,SELL,LIMIT,1702260756411,504.4,4.788
FILUSDT,SELL,LIMIT,1702260757470,10196.4,4.783
FILUSDT,SELL,LIMIT,1702260758491,33.4,4.780
FILUSDT,SELL,LIMIT,1702260759544,10.7,4.806
FILUSDT,SELL,LIMIT,1702260760533,16.6,4.762
FILUSDT,SELL,LIMIT,1702260761578,1.2,4.755
FILUSDT,SELL,LIMIT,1702260762596,2.0,4.746
FILUSDT,SELL,LIMIT,1702260763609,104.1,4.744
FILUSDT,SELL,LIMIT,1702260764666,20.0,4.735
FILUSDT,SELL,LIMIT,1702260765682,41.1,4.714
FILUSDT,SELL,LIMIT,1702260766641,2.9,4.709
FILUSDT,SELL,LIMIT,1702260767709,48.5,4.706
FILUSDT,SELL,LIMIT,1702260768776,60.0,4.694
FILUSDT,SELL,LIMIT,1702260769722,118.3,4.680
FILUSDT,SELL,LIMIT,1702260770821,192.3,4.689
FILUSDT,SELL,LIMIT,1702260771882,7.6,4.660
FILUSDT,SELL,LIMIT,1702260772918,49.8,4.668
FILUSDT,SELL,LIMIT,1702260774014,311.5,4.655
FILUSDT,SELL,LIMIT,1702260775035,865.4,4.642
FILUSDT,BUY,LIMIT,1702260776062,12464.1,4.690
FILUSDT,SELL,LIMIT,1702260777173,798.8,4.629
FILUSDT,SELL,LIMIT,1702260778206,2.0,4.620
FILUSDT,SELL,LIMIT,1702260779247,1302.3,4.608
FILUSDT,SELL,LIMIT,1702260780250,9.7,4.618
FILUSDT,SELL,LIMIT,1702260781393,20.5,4.605
FILUSDT,SELL,LIMIT,1702260782502,38.8,4.589
FILUSDT,SELL,LIMIT,1702260783505,30.0,4.576
FILUSDT,SELL,LIMIT,1702260784528,25.8,4.574
FILUSDT,SELL,LIMIT,1702260785652,14.9,4.585
FILUSDT,SELL,LIMIT,1702260786770,2139.0,4.585
FILUSDT,SELL,LIMIT,1702260787826,56.7,4.572
FILUSDT,SELL,LIMIT,1702260788959,200.5,4.569
FILUSDT,SELL,LIMIT,1702260790204,48.8,4.570
FILUSDT,SELL,LIMIT,1702260791421,194.1,4.568
FILUSDT,SELL,LIMIT,1702260792524,252.4,4.563
FILUSDT,SELL,LIMIT,1702260793557,281.9,4.568
FILUSDT,SELL,LIMIT,1702260794592,19.5,4.567
FILUSDT,SELL,LIMIT,1702260796144,86.3,4.566
FILUSDT,SELL,LIMIT,1702260797186,60.3,4.577
FILUSDT,SELL,LIMIT,1702260798200,80.0,4.550
FILUSDT,SELL,LIMIT,1702260799277,87.8,4.539
FILUSDT,SELL,LIMIT,1702260800279,44.9,4.559
FILUSDT,SELL,LIMIT,1702260801276,8.4,4.537
FILUSDT,SELL,LIMIT,1702260802373,37.1,4.525
FILUSDT,SELL,LIMIT,1702260803454,17.2,4.528
FILUSDT,SELL,LIMIT,1702260804539,525.3,4.505
FILUSDT,SELL,LIMIT,1702260805544,17.8,4.505
FILUSDT,SELL,LIMIT,1702260806621,9.1,4.494
FILUSDT,SELL,LIMIT,1702260807764,2.0,4.502
FILUSDT,SELL,LIMIT,1702260808767,228.2,4.494
FILUSDT,SELL,LIMIT,1702260809982,74.0,4.480
FILUSDT,SELL,LIMIT,1702260810988,226.0,4.464
FILUSDT,SELL,LIMIT,1702260812011,78.5,4.465
FILUSDT,SELL,LIMIT,1702260813226,1317.6,4.471
FILUSDT,SELL,LIMIT,1702260814269,1047.2,4.469
FILUSDT,SELL,LIMIT,1702260815656,250.8,4.469
FILUSDT,SELL,LIMIT,1702260816677,46.3,4.460
FILUSDT,SELL,LIMIT,1702260817744,372.6,4.441
FILUSDT,SELL,LIMIT,1702260818767,30.6,4.434
FILUSDT,SELL,LIMIT,1702260820585,117.9,4.440
FILUSDT,SELL,LIMIT,1702260821795,5987.2,4.433
FILUSDT,SELL,LIMIT,1702260824979,179.0,4.433
FILUSDT,BUY,LIMIT,1702260874336,10.0,4.686
FILUSDT,BUY,LIMIT,1702260894800,321.3,4.699
FILUSDT,BUY,LIMIT,1702260947337,12.9,4.766
FILUSDT,BUY,LIMIT,1702260956694,19502.3,4.780
FILUSDT,SELL,LIMIT,1702260987961,100.0,4.680
FILUSDT,SELL,LIMIT,1702261010362,906.5,4.681
FILUSDT,BUY,LIMIT,1702261187597,216.9,4.832
FILUSDT,SELL,LIMIT,1702261578426,51.0,4.763
FILUSDT,SELL,LIMIT,1702261580855,7000.0,4.759
FILUSDT,SELL,LIMIT,1702261832228,5.8,4.796
FILUSDT,SELL,LIMIT,1702262294095,47.2,4.765
FILUSDT,SELL,LIMIT,1702262494197,21.6,4.734
FILUSDT,SELL,LIMIT,1702262615562,24.5,4.719
FILUSDT,SELL,LIMIT,1702262623144,5.0,4.715
FILUSDT,SELL,LIMIT,1702262628995,10447.5,4.708
FILUSDT,SELL,LIMIT,1702262804164,778.3,4.696
FILUSDT,SELL,LIMIT,1702262849128,618.8,4.703
FILUSDT,SELL,LIMIT,1702262873708,11.1,4.704
FILUSDT,BUY,LIMIT,1702263203664,588.3,4.806
FILUSDT,SELL,LIMIT,1702265724234,2.0,4.804
FILUSDT,BUY,LIMIT,1702266121565,85.0,4.888
