Symbol,Side,Order Type,Time,Quantity,Price
FILUSDT,SELL,LIMIT,1701918497136,400.0,4.746
FILUSDT,SELL,LIMIT,1701918626149,109.9,4.736
FILUSDT,BUY,LIMIT,1701920285938,2760.1,4.858
FILUSDT,BUY,LIMIT,1701923110732,230.2,4.904
FILUSDT,BUY,LIMIT,1701923124550,27.5,4.908
FILUSDT,BUY,LIMIT,1701923285252,4.4,4.920
FILUSDT,BUY,LIMIT,1701923375351,12.0,4.924
FILUSDT,BUY,LIMIT,1701923726460,447.6,4.940
FILUSDT,BUY,LIMIT,1701923732163,425.1,4.947
FILUSDT,BUY,LIMIT,1701923740041,222.8,4.952
FILUSDT,BUY,LIMIT,1701923745564,4.2,4.957
FILUSDT,BUY,LIMIT,1701923998866,7460.0,4.980
FILUSDT,BUY,LIMIT,1701924088115,130.5,4.993
FILUSDT,BUY,LIMIT,1701924090194,132.5,4.994
FILUSDT,BUY,LIMIT,1701924306528,860.2,4.989
FILUSDT,BUY,LIMIT,1701924775414,36.5,5.002
FILUSDT,BUY,LIMIT,1701924811170,1600.8,5.011
FILUSDT,BUY,LIMIT,1701924812359,1698.5,5.012
FILUSDT,BUY,LIMIT,1701925061689,16.7,5.015
FILUSDT,BUY,LIMIT,1701925079859,890.8,5.021
FILUSDT,BUY,LIMIT,1701925116899,299.5,5.023
FILUSDT,BUY,LIMIT,1701925141643,6.0,5.027
FILUSDT,BUY,LIMIT,1701925259015,37.5,5.046
FILUSDT,BUY,LIMIT,1701925280494,17.5,5.050
FILUSDT,BUY,LIMIT,1701925286714,198.8,5.050
FILUSDT,BUY,LIMIT,1701925305849,137.8,5.060
FILUSDT,BUY,LIMIT,1701925319071,64.1,5.066
FILUSDT,BUY,LIMIT,1701925320274,64.1,5.066
FILUSDT,BUY,LIMIT,1701925452749,31.1,5.085
FILUSDT,BUY,LIMIT,1701925825235,50.0,5.077
FILUSDT,BUY,LIMIT,1701928417368,1.9,5.109
FILUSDT,SELL,LIMIT,1701929612800,123.4,4.993
FILUSDT,SELL,LIMIT,1701929640281,1889.2,4.988
FILUSDT,SELL,LIMIT,1701929946819,8670.7,4.980
FILUSDT,SELL,LIMIT,1701930018060,29.6,4.964
FILUSDT,SELL,LIMIT,1701930038370,288.6,4.959
FILUSDT,SELL,LIMIT,1701930039380,2.9,4.959
FILUSDT,SELL,LIMIT,1701930312499,5651.2,4.954
FILUSDT,SELL,LIMIT,1701930385367,15.0,4.947
FILUSDT,SELL,LIMIT,1701930691810,54.7,4.945
FILUSDT,SELL,LIMIT,1701930944963,75.0,4.933
FILUSDT,SELL,LIMIT,1701930947583,5.0,4.928
FILUSDT,SELL,LIMIT,1701931574208,12.7,4.954
FILUSDT,SELL,LIMIT,1701933450043,79.0,4.932
FILUSDT,BUY,LIMIT,1701933679219,135.9,5.025
FILUSDT,BUY,LIMIT,1701934371240,33.4,5.056
FILUSDT,BUY,LIMIT,1701935094937,196.5,5.040
FILUSDT,SELL,LIMIT,1701936827236,319.5,4.945
FILUSDT,SELL,LIMIT,1701936830354,499.2,4.943
FILUSDT,SELL,LIMIT,1701936852273,53.6,4.938
FILUSDT,SELL,LIMIT,1701936864612,589.4,4.934
FILUSDT,SELL,LIMIT,1701936914224,90.7,4.927
FILUSDT,SELL,LIMIT,1701936915660,9.5,4.915
FILUSDT,SELL,LIMIT,1701936920657,996.0,4.914
FILUSDT,SELL,LIMIT,1701936923077,603.4,4.908
FILUSDT,BUY,LIMIT,1701937115317,674.1,5.010
FILUSDT,SELL,LIMIT,1701937353756,71.0,4.913
FILUSDT,SELL,LIMIT,1701937394348,69.8,4.905
FILUSDT,SELL,LIMIT,1701937396074,50.0,4.901
FILUSDT,SELL,LIMIT,1701937813113,100.0,4.900
FILUSDT,SELL,LIMIT,1701937822602,1343.1,4.893
FILUSDT,SELL,LIMIT,1701937824802,6.6,4.885
FILUSDT,SELL,LIMIT,1701937962343,9.7,4.878
FILUSDT,BUY,LIMIT,1701938814253,6.1,4.970
FILUSDT,SELL,LIMIT,1701939161394,63.9,4.874
FILUSDT,SELL,LIMIT,1701939164158,18.6,4.874
FILUSDT,SELL,LIMIT,1701939168325,581.4,4.873
FILUSDT,SELL,LIMIT,1701939176296,84.7,4.868
FILUSDT,SELL,LIMIT,1701939336637,35.1,4.873
FILUSDT,SELL,LIMIT,1701939338427,861.1,4.867
FILUSDT,SELL,LIMIT,1701939344877,292.8,4.865
FILUSDT,SELL,LIMIT,1701939365180,1554.2,4.857
FILUSDT,SELL,LIMIT,1701939366708,15.2,4.857
FILUSDT,SELL,LIMIT,1701939368362,2024.1,4.854
FILUSDT,SELL,LIMIT,1701939372890,1005.6,4.851
FILUSDT,SELL,LIMIT,1701939569320,68.5,4.849
FILUSDT,SELL,LIMIT,1701939575617,596.4,4.845
FILUSDT,SELL,LIMIT,1701939975502,19.9,4.834
FILUSDT,SELL,LIMIT,1701940019311,113.0,4.827
FILUSDT,SELL,LIMIT,1701940024338,173.4,4.825
FILUSDT,SELL,LIMIT,1701940473831,384.7,4.821
FILUSDT,SELL,LIMIT,1701940554425,10300.8,4.813
FILUSDT,SELL,LIMIT,1701940556402,57.0,4.810
FILUSDT,SELL,LIMIT,1701940559421,2.1,4.808
FILUSDT,SELL,LIMIT,1701940560727,118.2,4.805
FILUSDT,SELL,LIMIT,1701940561945,150.0,4.804
FILUSDT,SELL,LIMIT,1701940564284,50.8,4.801
FILUSDT,SELL,LIMIT,1701940565442,7.9,4.799
FILUSDT,SELL,LIMIT,1701940568112,5036.6,4.796
FILUSDT,SELL,LIMIT,1701940569114,31.4,4.793
FILUSDT,SELL,LIMIT,1701941074811,25.1,4.802
FILUSDT,SELL,LIMIT,1701941098752,3.6,4.805
FILUSDT,SELL,LIMIT,1701941149082,118.7,4.798
FILUSDT,SELL,LIMIT,1701941151441,1309.1,4.792
FILUSDT,SELL,LIMIT,1701941154767,335.5,4.791
FILUSDT,SELL,LIMIT,1701941161224,18.6,4.780
FILUSDT,SELL,LIMIT,1701941167251,175.0,4.779
FILUSDT,SELL,LIMIT,1701941172447,3541.5,4.775
FILUSDT,SELL,LIMIT,1701941174126,996.3,4.767
FILUSDT,SELL,LIMIT,1701941175269,10377.8,4.770
FILUSDT,SELL,LIMIT,1701941182468,61.4,4.771
FILUSDT,SELL,LIMIT,1701941185048,7.9,4.761
FILUSDT,SELL,LIMIT,1701941186285,4.0,4.760
FILUSDT,SELL,LIMIT,1701941187429,59.9,4.757
FILUSDT,SELL,LIMIT,1701941189406,53.7,4.754
FILUSDT,SELL,LIMIT,1701941192888,8.5,4.751
FILUSDT,SELL,LIMIT,1701941239201,51.4,4.751
FILUSDT,BUY,LIMIT,1701941397413,27.6,4.844
FILUSDT,BUY,LIMIT,1701942108806,417.2,4.891
FILUSDT,BUY,LIMIT,1701942352683,1.6,4.905
FILUSDT,BUY,LIMIT,1701942359616,3461.2,4.910
FILUSDT,BUY,LIMIT,1701942405114,2.0,4.917
FILUSDT,BUY,LIMIT,1701942413496,536.4,4.919
FILUSDT,SELL,LIMIT,1701942425707,31.7,4.865
FILUSDT,BUY,LIMIT,1701942660166,650.4,4.925
FILUSDT,SELL,LIMIT,1701942737905,2.9,4.853
FILUSDT,SELL,LIMIT,1701943475764,88.5,4.843
FILUSDT,SELL,LIMIT,1701943633653,4.3,4.825
FILUSDT,SELL,LIMIT,1701943635301,4353.1,4.822
FILUSDT,BUY,LIMIT,1701944854249,2454.0,4.931
FILUSDT,BUY,LIMIT,1701945011123,732.0,4.941
FILUSDT,BUY,LIMIT,1701945210030,12.7,4.963
FILUSDT,BUY,LIMIT,1701945702342,2000.0,4.984
FILUSDT,SELL,LIMIT,1701946483749,68.7,4.878
FILUSDT,SELL,LIMIT,1701948737484,80.5,4.874
FILUSDT,SELL,LIMIT,1701950610027,18.6,4.855
FILUSDT,BUY,LIMIT,1701953976590,0.1,4.978
FILUSDT,SELL,LIMIT,1701956560306,4.1,4.897
FILUSDT,SELL,LIMIT,1701956907221,77.2,4.878
FILUSDT,BUY,LIMIT,1701961307072,62.6,4.996
FILUSDT,BUY,LIMIT,1701961707396,280.0,4.999
FILUSDT,BUY,LIMIT,1701961733178,1.2,5.007
FILUSDT,BUY,LIMIT,1701962488691,50.0,4.990
FILUSDT,BUY,LIMIT,1701962771699,685.7,5.009
FILUSDT,BUY,LIMIT,1701962825358,193.2,5.015
FILUSDT,BUY,LIMIT,1701965013628,24.0,4.968
FILUSDT,BUY,LIMIT,1701966079855,31.8,5.043
FILUSDT,BUY,LIMIT,1701966135264,2464.6,5.053
FILUSDT,BUY,LIMIT,1701966203395,74.9,5.060
FILUSDT,BUY,LIMIT,1701966850167,1530.4,5.040
FILUSDT,BUY,LIMIT,1701968080078,73.4,5.069
FILUSDT,BUY,LIMIT,1701968083040,8.2,5.073
FILUSDT,BUY,LIMIT,1701968105185,200.0,5.075
FILUSDT,BUY,LIMIT,1701968124800,1.2,5.082
FILUSDT,BUY,LIMIT,1701969932349,6451.6,5.071
FILUSDT,SELL,LIMIT,1701971014498,54.4,4.988
FILUSDT,SELL,LIMIT,1701971381585,780.9,4.974
FILUSDT,SELL,LIMIT,1701971383158,72.3,4.973
FILUSDT,SELL,LIMIT,1701974072906,1110.6,4.974
FILUSDT,SELL,LIMIT,1701974074157,114.4,4.973
FILUSDT,SELL,LIMIT,1701977297527,381.1,4.965
FILUSDT,SELL,LIMIT,1701977299205,709.8,4.959
FILUSDT,SELL,LIMIT,1701980871330,3.0,4.952
FILUSDT,SELL,LIMIT,1701980960603,5.3,4.946
FILUSDT,SELL,LIMIT,1701981142339,2272.1,4.939
FILUSDT,SELL,LIMIT,1701981487203,2489.7,4.933
FILUSDT,SELL,LIMIT,1701981496865,20.0,4.931
FILUSDT,SELL,LIMIT,1701981499593,46.4,4.925
FILUSDT,SELL,LIMIT,1701981552295,105.3,4.919
FILUSDT,SELL,LIMIT,1701981570199,3166.4,4.914
FILUSDT,BUY,LIMIT,1701984164819,125.3,5.021
FILUSDT,BUY,LIMIT,1701984526373,0.2,5.029
FILUSDT,BUY,LIMIT,1701984932910,592.8,5.047
FILUSDT,BUY,LIMIT,1701987818869,99.9,5.041
FILUSDT,SELL,LIMIT,1701988447056,398.6,4.951
FILUSDT,SELL,LIMIT,1701988482457,10.9,4.943
FILUSDT,BUY,LIMIT,1701989240852,577.3,5.048
FILUSDT,SELL,LIMIT,1701991036469,11.2,4.978
FILUSDT,BUY,LIMIT,1701991318649,66.1,5.075
FILUSDT,BUY,LIMIT,1701994881222,64.9,5.090
FILUSDT,SELL,LIMIT,1701996383544,485.2,4.985
FILUSDT,SELL,LIMIT,1701997626378,127.6,4.979
FILUSDT,SELL,LIMIT,1701997719265,1000.0,4.974
FILUSDT,SELL,LIMIT,1701997735364,1973.4,4.968
FILUSDT,SELL,LIMIT,1701997746547,178.7,4.972
FILUSDT,SELL,LIMIT,1701997795430,1044.2,4.956
FILUSDT,SELL,LIMIT,1702003726641,258.5,4.933
FILUSDT,BUY,LIMIT,1702005533126,46.3,5.025
FILUSDT,BUY,LIMIT,1702005816564,12.0,5.043
FILUSDT,BUY,LIMIT,1702006899686,211.5,5.048
FILUSDT,SELL,LIMIT,1702010905337,58.7,4.982
FILUSDT,BUY,LIMIT,1702017381146,3.0,5.048
FILUSDT,SELL,LIMIT,1702019204338,323.1,4.973
FILUSDT,SELL,LIMIT,1702020149477,368.0,4.958
FILUSDT,SELL,LIMIT,1702020189300,1381.2,4.953
FILUSDT,SELL,LIMIT,1702020474546,118.1,4.946
FILUSDT,SELL,LIMIT,1702020500038,274.1,4.942
FILUSDT,SELL,LIMIT,1702020503484,105.4,4.940
FILUSDT,SELL,LIMIT,1702020530518,5.7,4.928
FILUSDT,SELL,LIMIT,1702020631131,121.1,4.922
FILUSDT,SELL,LIMIT,1702020637452,1042.3,4.917
FILUSDT,SELL,LIMIT,1702020669264,42.7,4.912
FILUSDT,SELL,LIMIT,1702020670486,8.8,4.913
FILUSDT,SELL,LIMIT,1702022534805,50.0,4.918
FILUSDT,BUY,LIMIT,1702027383872,1.2,5.054
FILUSDT,BUY,LIMIT,1702032395244,931.9,5.059
FILUSDT,BUY,LIMIT,1702033103636,3487.4,5.081
FILUSDT,BUY,LIMIT,1702033254087,6.3,5.086
FILUSDT,BUY,LIMIT,1702034979644,2295.6,5.115
FILUSDT,BUY,LIMIT,1702034986253,10.7,5.118
FILUSDT,BUY,LIMIT,1702034995109,2.9,5.123
FILUSDT,BUY,LIMIT,1702034999075,1.1,5.124
FILUSDT,BUY,LIMIT,1702035000542,624.5,5.129
FILUSDT,BUY,LIMIT,1702035162707,16.9,5.128
FILUSDT,BUY,LIMIT,1702035450185,14.7,5.131
FILUSDT,BUY,LIMIT,1702035734215,6.9,5.129
FILUSDT,BUY,LIMIT,1702035801319,3.9,5.135
FILUSDT,BUY,LIMIT,1702036072540,9.4,5.123
FILUSDT,BUY,LIMIT,1702036418385,7.6,5.142
FILUSDT,BUY,LIMIT,1702036429651,12.6,5.150
FILUSDT,BUY,LIMIT,1702036432198,189.8,5.154
FILUSDT,BUY,LIMIT,1702036468124,146.5,5.160
FILUSDT,BUY,LIMIT,1702037200747,258.9,5.162
FILUSDT,BUY,LIMIT,1702037711587,6.6,5.169
FILUSDT,BUY,LIMIT,1702038481100,586.4,5.166
FILUSDT,BUY,LIMIT,1702039084394,1.3,5.169
FILUSDT,SELL,LIMIT,1702040130031,50.0,5.080
FILUSDT,SELL,LIMIT,1702042213413,2.5,5.068
FILUSDT,SELL,LIMIT,1702042237755,1.0,5.047
FILUSDT,SELL,LIMIT,1702042239162,2020.4,5.040
FILUSDT,BUY,LIMIT,1702042982658,114.7,5.122
FILUSDT,SELL,LIMIT,1702044413169,276.8,5.047
FILUSDT,BUY,LIMIT,1702045140961,119.4,5.148
FILUSDT,BUY,LIMIT,1702045401887,139.6,5.178
FILUSDT,BUY,LIMIT,1702045515524,180.4,5.181
FILUSDT,BUY,LIMIT,1702045539249,1.1,5.196
FILUSDT,BUY,LIMIT,1702045643572,1.0,5.202
FILUSDT,BUY,LIMIT,1702045649271,624.6,5.203
FILUSDT,BUY,LIMIT,1702045661141,2033.8,5.211
FILUSDT,BUY,LIMIT,1702045662832,113.5,5.214
FILUSDT,BUY,LIMIT,1702045668080,1194.7,5.218
FILUSDT,BUY,LIMIT,1702045885456,17.5,5.218
FILUSDT,BUY,LIMIT,1702045947106,1047.0,5.227
FILUSDT,BUY,LIMIT,1702047700059,287.6,5.206
FILUSDT,BUY,LIMIT,1702047966080,2948.2,5.236
FILUSDT,BUY,LIMIT,1702047968522,4.8,5.237
FILUSDT,BUY,LIMIT,1702048001334,1.1,5.245
FILUSDT,BUY,LIMIT,1702048062081,88.3,5.250
FILUSDT,BUY,LIMIT,1702048064497,399.7,5.252
FILUSDT,BUY,LIMIT,1702048158313,69.3,5.257
FILUSDT,BUY,LIMIT,1702048188060,99.1,5.261
FILUSDT,BUY,LIMIT,1702048470258,60.2,5.266
FILUSDT,BUY,LIMIT,1702048693917,12.7,5.273
FILUSDT,BUY,LIMIT,1702048704267,29.8,5.279
FILUSDT,BUY,LIMIT,1702048711741,1029.0,5.281
FILUSDT,BUY,LIMIT,1702048712957,367.1,5.283
FILUSDT,SELL,LIMIT,1702049071661,114.2,5.181
FILUSDT,SELL,LIMIT,1702051386072,26.8,5.188
FILUSDT,BUY,LIMIT,1702051514185,161.6,5.240
FILUSDT,BUY,LIMIT,1702052081720,6.7,5.249
FILUSDT,BUY,LIMIT,1702052128134,79.1,5.250
FILUSDT,BUY,LIMIT,1702052161448,9.9,5.252
FILUSDT,BUY,LIMIT,1702052482530,197.0,4.663
FILUSDT,BUY,LIMIT,1702052530227,14.1,5.260
FILUSDT,SELL,LIMIT,1702055240178,574.9,5.148
FILUSDT,SELL,LIMIT,1702055271160,259.9,5.147
FILUSDT,SELL,LIMIT,1702055296314,295.5,5.144
FILUSDT,SELL,LIMIT,1702055746506,1000.0,5.131
FILUSDT,SELL,LIMIT,1702056261559,307.4,5.161
FILUSDT,SELL,LIMIT,1702056291326,49.7,5.128
FILUSDT,SELL,LIMIT,1702056449374,2.3,5.140
FILUSDT,BUY,LIMIT,1702060203416,74.5,5.205
FILUSDT,SELL,LIMIT,1702065536919,25.0,5.180
FILUSDT,BUY,LIMIT,1702065942715,6.1,5.227
FILUSDT,BUY,LIMIT,1702066091781,13.4,5.230
FILUSDT,BUY,LIMIT,1702067590379,358.1,5.249
FILUSDT,BUY,LIMIT,1702067639890,2.2,5.247
FILUSDT,BUY,LIMIT,1702068037389,800.0,5.254
FILUSDT,BUY,LIMIT,1702068046296,43.0,5.255
FILUSDT,BUY,LIMIT,1702069078918,9.4,5.268
FILUSDT,BUY,LIMIT,1702070895513,143.7,5.260
FILUSDT,BUY,LIMIT,1702072333546,8.1,5.276
FILUSDT,BUY,LIMIT,1702072671667,8.3,5.268
FILUSDT,BUY,LIMIT,1702078609448,18.5,5.269
FILUSDT,BUY,LIMIT,1702078943204,68.3,5.267
FILUSDT,BUY,LIMIT,1702080006714,52.9,5.257
FILUSDT,BUY,LIMIT,1702080803538,4107.0,5.296
FILUSDT,BUY,LIMIT,1702081060765,17.9,5.303
FILUSDT,BUY,LIMIT,1702081229517,200.3,5.301
FILUSDT,BUY,LIMIT,1702081275617,4824.5,5.309
FILUSDT,BUY,LIMIT,1702081286872,12.8,5.313
FILUSDT,BUY,LIMIT,1702081403994,14.4,5.320
FILUSDT,BUY,LIMIT,1702081574624,129.8,5.324
FILUSDT,BUY,LIMIT,1702081663162,14.0,5.318
FILUSDT,BUY,LIMIT,1702081734869,382.4,5.319
FILUSDT,BUY,LIMIT,1702081785982,56.4,5.327
FILUSDT,BUY,LIMIT,1702081811124,15.0,5.333
FILUSDT,BUY,LIMIT,1702081864350,1.3,5.337
FILUSDT,BUY,LIMIT,1702081868652,645.7,5.337
FILUSDT,BUY,LIMIT,1702081984546,50.3,5.334
FILUSDT,BUY,LIMIT,1702082048970,237.5,5.332
FILUSDT,BUY,LIMIT,1702082441745,6.5,5.338
FILUSDT,BUY,LIMIT,1702082716176,2.9,5.351
FILUSDT,BUY,LIMIT,1702082722112,53.2,5.355
FILUSDT,BUY,LIMIT,1702082723337,16.2,5.354
FILUSDT,BUY,LIMIT,1702082745831,19.6,5.357
FILUSDT,BUY,LIMIT,1702082887374,190.5,5.366
FILUSDT,BUY,LIMIT,1702082905064,1402.4,5.367
FILUSDT,BUY,LIMIT,1702082906200,142.6,5.367
FILUSDT,BUY,LIMIT,1702082909443,3.3,5.369
FILUSDT,BUY,LIMIT,1702083216665,222.0,5.358
FILUSDT,BUY,LIMIT,1702083443466,500.0,5.379
FILUSDT,BUY,LIMIT,1702083458562,1310.1,5.385
FILUSDT,SELL,LIMIT,1702083888577,19.1,5.284
FILUSDT,SELL,LIMIT,1702084100737,258.6,5.246
FILUSDT,BUY,LIMIT,1702085555500,672.0,5.349
FILUSDT,BUY,LIMIT,1702085693854,531.6,5.388
FILUSDT,BUY,LIMIT,1702085707878,597.1,5.393
FILUSDT,BUY,LIMIT,1702085714536,16.4,5.397
FILUSDT,BUY,LIMIT,1702085725125,1.7,5.399
FILUSDT,BUY,LIMIT,1702085759207,100.0,5.408
FILUSDT,BUY,LIMIT,1702085760282,982.0,5.405
FILUSDT,BUY,LIMIT,1702085770776,79.2,5.410
FILUSDT,BUY,LIMIT,1702085775644,60.0,5.411
FILUSDT,BUY,LIMIT,1702085778399,60.0,5.413
FILUSDT,BUY,LIMIT,1702085793051,60.0,5.415
FILUSDT,BUY,LIMIT,1702085843628,282.5,5.423
FILUSDT,BUY,LIMIT,1702085847225,37.1,5.425
FILUSDT,BUY,LIMIT,1702085863081,200.0,5.425
FILUSDT,BUY,LIMIT,1702085883535,543.7,5.427
FILUSDT,BUY,LIMIT,1702085900320,87.2,5.425
FILUSDT,BUY,LIMIT,1702085901360,54.1,5.426
FILUSDT,BUY,LIMIT,1702085962069,139.7,5.424
FILUSDT,BUY,LIMIT,1702085968802,306.5,5.432
FILUSDT,BUY,LIMIT,1702085992069,11.6,5.435
FILUSDT,BUY,LIMIT,1702085994635,91.7,5.436
FILUSDT,BUY,LIMIT,1702086310501,20000.0,5.451
FILUSDT,BUY,LIMIT,1702091756252,292.4,5.423
FILUSDT,BUY,LIMIT,1702091928370,2.1,5.429
FILUSDT,BUY,LIMIT,1702092152222,2159.3,5.444
FILUSDT,BUY,LIMIT,1702092162836,100.0,5.450
FILUSDT,BUY,LIMIT,1702092164229,60.7,5.456
FILUSDT,BUY,LIMIT,1702092174748,14.0,5.457
FILUSDT,BUY,LIMIT,1702092197925,9.1,5.459
FILUSDT,BUY,LIMIT,1702092199291,42.9,5.463
FILUSDT,BUY,LIMIT,1702092201582,16.5,5.468
FILUSDT,BUY,LIMIT,1702092218673,460.4,5.469
FILUSDT,BUY,LIMIT,1702092220265,58.7,5.471
FILUSDT,BUY,LIMIT,1702092224925,386.3,5.471
FILUSDT,BUY,LIMIT,1702092436108,604.5,5.478
FILUSDT,BUY,LIMIT,1702092438323,19.3,5.479
FILUSDT,BUY,LIMIT,1702092762568,51.2,5.487
FILUSDT,BUY,LIMIT,1702092850881,13.2,5.496
FILUSDT,BUY,LIMIT,1702092856088,224.3,5.496
FILUSDT,BUY,LIMIT,1702092902125,21.7,5.497
FILUSDT,BUY,LIMIT,1702092913784,34.0,5.504
FILUSDT,BUY,LIMIT,1702092922828,2076.5,5.505
FILUSDT,BUY,LIMIT,1702092926205,1906.5,5.508
FILUSDT,BUY,LIMIT,1702092929150,273.6,5.510
FILUSDT,BUY,LIMIT,1702093210611,216.5,5.481
FILUSDT,BUY,LIMIT,1702094610915,486.5,5.466
FILUSDT,BUY,LIMIT,1702094637317,28.9,5.468
FILUSDT,BUY,LIMIT,1702096034203,166.0,5.456
FILUSDT,SELL,LIMIT,1702096521068,3.8,5.399
FILUSDT,SELL,LIMIT,1702097297087,140.8,5.410
FILUSDT,BUY,LIMIT,1702098589449,985.3,5.468
FILUSDT,SELL,LIMIT,1702099150316,554.9,5.372
FILUSDT,BUY,LIMIT,1702101204887,219.8,5.443
FILUSDT,BUY,LIMIT,1702103376621,47.5,5.481
FILUSDT,SELL,LIMIT,1702105405709,325.4,5.377
FILUSDT,BUY,LIMIT,1702106825704,11.0,5.419
FILUSDT,BUY,LIMIT,1702106888279,68.4,5.423
FILUSDT,BUY,LIMIT,1702107520072,6.8,5.429
FILUSDT,BUY,LIMIT,1702108036554,374.7,5.464
FILUSDT,BUY,LIMIT,1702108054444,82.9,5.467
FILUSDT,SELL,LIMIT,1702108077280,12.0,5.408
FILUSDT,BUY,LIMIT,1702108086346,95.8,5.475
FILUSDT,BUY,LIMIT,1702108293834,24.7,5.476
FILUSDT,BUY,LIMIT,1702108558645,20.2,5.479
FILUSDT,BUY,LIMIT,1702108927583,438.8,5.480
FILUSDT,BUY,LIMIT,1702108937341,209.5,5.485
FILUSDT,BUY,LIMIT,1702108938427,9.9,5.486
FILUSDT,SELL,LIMIT,1702109101219,55.9,5.419
FILUSDT,BUY,LIMIT,1702109102696,692.3,5.483
FILUSDT,BUY,LIMIT,1702109107781,14129.3,5.492
FILUSDT,BUY,LIMIT,1702109244833,23.8,5.487
FILUSDT,BUY,LIMIT,1702109420255,477.0,5.484
FILUSDT,BUY,LIMIT,1702109514107,192.6,5.486
FILUSDT,BUY,LIMIT,1702109641216,12.9,5.495
FILUSDT,BUY,LIMIT,1702109761485,15.4,5.503
FILUSDT,BUY,LIMIT,1702109787113,23.8,5.511
FILUSDT,SELL,LIMIT,1702109841926,205.8,5.440
FILUSDT,BUY,LIMIT,1702110595578,152.7,5.512
FILUSDT,BUY,LIMIT,1702110599331,145.4,5.515
FILUSDT,SELL,LIMIT,1702110880495,200.0,5.380
FILUSDT,SELL,LIMIT,1702110902750,5.9,5.376
FILUSDT,SELL,LIMIT,1702110904966,93.5,5.375
FILUSDT,SELL,LIMIT,1702110909293,1000.0,5.367
FILUSDT,SELL,LIMIT,1702110970853,0.9,5.351
FILUSDT,SELL,LIMIT,1702110973329,81.3,5.343
FILUSDT,SELL,LIMIT,1702110974399,4.9,5.342
FILUSDT,SELL,LIMIT,1702110975671,16.0,5.342
FILUSDT,SELL,LIMIT,1702110978720,3000.0,5.335
FILUSDT,SELL,LIMIT,1702110981111,1.7,5.347
FILUSDT,SELL,LIMIT,1702110983331,141.4,5.331
FILUSDT,SELL,LIMIT,1702110986121,177.7,5.331
FILUSDT,SELL,LIMIT,1702110994350,9160.5,5.326
FILUSDT,SELL,LIMIT,1702110995404,200.0,5.323
FILUSDT,SELL,LIMIT,1702111025159,88.8,5.325
FILUSDT,SELL,LIMIT,1702111027131,1127.2,5.310
FILUSDT,SELL,LIMIT,1702111028390,114.4,5.310
FILUSDT,SELL,LIMIT,1702111029953,597.7,5.306
FILUSDT,SELL,LIMIT,1702111031044,1411.5,5.301
FILUSDT,SELL,LIMIT,1702111033172,443.0,5.288
FILUSDT,SELL,LIMIT,1702111034475,130.1,5.289
FILUSDT,SELL,LIMIT,1702111038681,7.0,5.289
FILUSDT,SELL,LIMIT,1702111040054,17.4,5.288
FILUSDT,SELL,LIMIT,1702111041156,2331.3,5.280
FILUSDT,SELL,LIMIT,1702111042269,17.9,5.284
FILUSDT,SELL,LIMIT,1702111043424,15.2,5.279
FILUSDT,SELL,LIMIT,1702111044659,2869.9,5.277
FILUSDT,SELL,LIMIT,1702111047183,36.7,5.254
FILUSDT,SELL,LIMIT,1702111201653,11.4,5.280
FILUSDT,SELL,LIMIT,1702111376237,56.3,5.249
FILUSDT,SELL,LIMIT,1702111377295,100.0,5.247
FILUSDT,SELL,LIMIT,1702111378801,5928.5,5.248
FILUSDT,SELL,LIMIT,1702111380220,213.4,5.233
FILUSDT,SELL,LIMIT,1702111381448,74.5,5.238
FILUSDT,SELL,LIMIT,1702111382643,5000.0,5.226
FILUSDT,SELL,LIMIT,1702111384830,260.0,5.223
FILUSDT,SELL,LIMIT,1702111386858,300.0,5.212
FILUSDT,SELL,LIMIT,1702111388632,56.3,5.207
FILUSDT,BUY,LIMIT,1702111921246,17.0,5.391
FILUSDT,SELL,LIMIT,1702112859462,9323.1,5.293
FILUSDT,BUY,LIMIT,1702113388820,57.3,5.403
FILUSDT,SELL,LIMIT,1702114647454,187.3,5.320
FILUSDT,SELL,LIMIT,1702114789364,137.5,5.299
FILUSDT,SELL,LIMIT,1702115024295,347.9,5.275
FILUSDT,SELL,LIMIT,1702115032401,60.1,5.263
FILUSDT,SELL,LIMIT,1702115088378,2025.7,5.252
FILUSDT,SELL,LIMIT,1702115625167,11.7,5.240
FILUSDT,SELL,LIMIT,1702115626874,374.1,5.240
FILUSDT,SELL,LIMIT,1702117809135,35.1,5.253
FILUSDT,SELL,LIMIT,1702125018581,7816.6,5.326
FILUSDT,BUY,LIMIT,1702126479218,412.3,5.443
FILUSDT,BUY,LIMIT,1702126547319,178.3,5.456
FILUSDT,BUY,LIMIT,1702126552156,540.7,5.458
FILUSDT,BUY,LIMIT,1702126842317,2.0,5.466
FILUSDT,SELL,LIMIT,1702128689173,491.7,5.341
FILUSDT,BUY,LIMIT,1702129577204,451.4,5.451
FILUSDT,BUY,LIMIT,1702129614991,34.1,5.470
FILUSDT,SELL,LIMIT,1702132803948,135.9,5.357
FILUSDT,SELL,LIMIT,1702132819439,936.1,5.344
FILUSDT,SELL,LIMIT,1702132953869,37.5,5.336
FILUSDT,SELL,LIMIT,1702132993084,1170.6,5.327
FILUSDT,SELL,LIMIT,1702132994142,300.0,5.321
FILUSDT,SELL,LIMIT,1702132996524,173.7,5.315
FILUSDT,SELL,LIMIT,1702132997816,125.9,5.306
FILUSDT,SELL,LIMIT,1702132999530,919.3,5.302
FILUSDT,SELL,LIMIT,1702133000892,3.0,5.300
FILUSDT,SELL,LIMIT,1702133004450,231.8,5.294
FILUSDT,SELL,LIMIT,1702133006438,146.4,5.286
FILUSDT,SELL,LIMIT,1702133008794,60.7,5.283
FILUSDT,SELL,LIMIT,1702133332573,512.1,5.280
FILUSDT,SELL,LIMIT,1702133343395,56.4,5.268
FILUSDT,SELL,LIMIT,1702133344535,12.5,5.274
FILUSDT,SELL,LIMIT,1702133385257,705.6,5.265
