Symbol,Side,Order Type,Time,Quantity,Price
FILUSDT,SELL,LIMIT,1700989328785,183.5,4.680
FILUSDT,SELL,LIMIT,1700990085005,80.8,4.674
FILUSDT,SELL,LIMIT,1700990948551,342.7,4.668
FILUSDT,SELL,LIMIT,1700990953177,134.3,4.667
FILUSDT,SELL,LIMIT,1700991114524,450.0,4.662
FILUSDT,SELL,LIMIT,1700991115888,29.0,4.661
FILUSDT,SELL,LIMIT,1700996294661,15.8,4.656
FILUSDT,SELL,LIMIT,1700996307498,308.4,4.652
FILUSDT,SELL,LIMIT,1700999439846,19.8,4.640
FILUSDT,SELL,LIMIT,1701000418144,1414.8,4.634
FILUSDT,SELL,LIMIT,1701000545087,80.0,4.630
FILUSDT,SELL,LIMIT,1701000660736,1278.3,4.626
FILUSDT,SELL,LIMIT,1701001370135,650.0,4.617
FILUSDT,SELL,LIMIT,1701001502772,200.0,4.609
FILUSDT,SELL,LIMIT,1701001504262,6346.1,4.604
FILUSDT,SELL,LIMIT,1701001505100,162.6,4.599
FILUSDT,SELL,LIMIT,1701001513524,146.8,4.590
FILUSDT,BUY,LIMIT,1701003597070,113.4,4.711
FILUSDT,SELL,LIMIT,1701008419513,7.8,4.605
FILUSDT,SELL,LIMIT,1701008438040,135.7,4.599
FILUSDT,SELL,LIMIT,1701008440342,10729.4,4.593
FILUSDT,SELL,LIMIT,1701008443682,50.3,4.589
FILUSDT,SELL,LIMIT,1701008445386,2449.4,4.584
FILUSDT,SELL,LIMIT,1701008446668,2100.0,4.583
FILUSDT,SELL,LIMIT,1701008449893,628.5,4.581
FILUSDT,SELL,LIMIT,1701008451284,963.3,4.581
FILUSDT,SELL,LIMIT,1701009012200,45.0,4.574
FILUSDT,SELL,LIMIT,1701009013336,3.5,4.571
FILUSDT,SELL,LIMIT,1701009015352,52.5,4.566
FILUSDT,SELL,LIMIT,1701009017414,21.5,4.559
FILUSDT,SELL,LIMIT,1701009264473,79.2,4.565
FILUSDT,SELL,LIMIT,1701009288617,1000.0,4.571
FILUSDT,SELL,LIMIT,1701010614573,763.7,4.558
FILUSDT,SELL,LIMIT,1701010622679,6.3,4.555
FILUSDT,SELL,LIMIT,1701010625600,20.8,4.553
FILUSDT,SELL,LIMIT,1701010626915,0.2,4.550
FILUSDT,SELL,LIMIT,1701010913814,135.6,4.553
FILUSDT,BUY,LIMIT,1701011148996,1445.0,4.639
FILUSDT,SELL,LIMIT,1701013561893,40.3,4.555
FILUSDT,SELL,LIMIT,1701013698145,18.9,4.553
FILUSDT,SELL,LIMIT,1701013718858,174.4,4.550
FILUSDT,SELL,LIMIT,1701013722620,317.4,4.549
FILUSDT,SELL,LIMIT,1701013742867,41.0,4.547
FILUSDT,SELL,LIMIT,1701013744668,1.1,4.544
FILUSDT,SELL,LIMIT,1701013745956,903.4,4.543
FILUSDT,SELL,LIMIT,1701013752117,10.7,4.539
FILUSDT,SELL,LIMIT,1701013973336,250.0,4.538
FILUSDT,SELL,LIMIT,1701013992322,15.0,4.538
FILUSDT,SELL,LIMIT,1701014017088,4.4,4.537
FILUSDT,SELL,LIMIT,1701014031228,987.3,4.536
FILUSDT,SELL,LIMIT,1701014033748,41.8,4.535
FILUSDT,SELL,LIMIT,1701014056848,1215.0,4.533
FILUSDT,SELL,LIMIT,1701014921311,2.3,4.545
FILUSDT,SELL,LIMIT,1701015637318,4.2,4.536
FILUSDT,SELL,LIMIT,1701015644388,21.5,4.526
FILUSDT,SELL,LIMIT,1701015670101,126.8,4.521
FILUSDT,SELL,LIMIT,1701015671594,2.0,4.517
FILUSDT,SELL,LIMIT,1701015675198,1400.0,4.516
FILUSDT,SELL,LIMIT,1701015679145,7.5,4.514
FILUSDT,SELL,LIMIT,1701015681620,126.5,4.513
FILUSDT,SELL,LIMIT,1701015684129,100.0,4.508
FILUSDT,SELL,LIMIT,1701015733290,25.1,4.506
FILUSDT,SELL,LIMIT,1701015746256,1.3,4.505
FILUSDT,SELL,LIMIT,1701015758481,5376.3,4.500
FILUSDT,SELL,LIMIT,1701015761160,100.0,4.496
FILUSDT,SELL,LIMIT,1701015841315,762.9,4.496
FILUSDT,SELL,LIMIT,1701015871128,700.0,4.495
FILUSDT,SELL,LIMIT,1701015876649,1518.6,4.491
FILUSDT,SELL,LIMIT,1701016016810,74.3,4.490
FILUSDT,SELL,LIMIT,1701016018040,10.6,4.490
FILUSDT,SELL,LIMIT,1701016019519,12.5,4.487
FILUSDT,SELL,LIMIT,1701016023219,26.6,4.484
FILUSDT,SELL,LIMIT,1701016028758,10372.8,4.481
FILUSDT,SELL,LIMIT,1701016030784,496.0,4.480
FILUSDT,SELL,LIMIT,1701016031998,37.1,4.477
FILUSDT,SELL,LIMIT,1701016033221,141.8,4.476
FILUSDT,SELL,LIMIT,1701016037392,61.0,4.474
FILUSDT,SELL,LIMIT,1701016038896,70.0,4.471
FILUSDT,SELL,LIMIT,1701016040951,7.1,4.469
FILUSDT,SELL,LIMIT,1701016041946,1.2,4.461
FILUSDT,SELL,LIMIT,1701016043306,1043.8,4.458
FILUSDT,SELL,LIMIT,1701016044372,700.0,4.452
FILUSDT,SELL,LIMIT,1701016045271,1600.0,4.452
FILUSDT,SELL,LIMIT,1701016046366,539.9,4.447
FILUSDT,SELL,LIMIT,1701016047379,7196.3,4.437
FILUSDT,SELL,LIMIT,1701016048147,108.5,4.439
FILUSDT,SELL,LIMIT,1701016049371,869.8,4.442
FILUSDT,SELL,LIMIT,1701016098512,219.8,4.436
FILUSDT,SELL,LIMIT,1701016101145,2.3,4.430
FILUSDT,SELL,LIMIT,1701016103234,13258.2,4.426
FILUSDT,BUY,LIMIT,1701030208913,700.0,4.580
FILUSDT,BUY,LIMIT,1701031244497,44.4,4.587
FILUSDT,BUY,LIMIT,1701031599164,3.0,4.595
FILUSDT,BUY,LIMIT,1701031600216,84.4,4.596
FILUSDT,BUY,LIMIT,1701031658364,496.2,4.603
FILUSDT,BUY,LIMIT,1701038560032,500.0,4.647
FILUSDT,BUY,LIMIT,1701044750072,1011.9,4.649
FILUSDT,BUY,LIMIT,1701044861145,19.9,4.658
FILUSDT,BUY,LIMIT,1701044981838,33.4,4.668
FILUSDT,SELL,LIMIT,1701049559403,500.0,4.560
FILUSDT,SELL,LIMIT,1701049566462,120.0,4.558
FILUSDT,SELL,LIMIT,1701050678627,8.5,4.549
FILUSDT,SELL,LIMIT,1701051911694,534.4,4.541
FILUSDT,SELL,LIMIT,1701051936321,70.0,4.538
FILUSDT,SELL,LIMIT,1701051938427,900.0,4.537
FILUSDT,SELL,LIMIT,1701052549925,43.4,4.532
FILUSDT,SELL,LIMIT,1701052558316,22.7,4.528
FILUSDT,SELL,LIMIT,1701052646597,128.1,4.527
FILUSDT,SELL,LIMIT,1701053048795,49.5,4.520
FILUSDT,SELL,LIMIT,1701053159919,1838.7,4.516
FILUSDT,SELL,LIMIT,1701055064238,456.1,4.501
FILUSDT,SELL,LIMIT,1701055543081,12.1,4.498
FILUSDT,SELL,LIMIT,1701055603899,661.4,4.493
FILUSDT,SELL,LIMIT,1701055613122,311.8,4.490
FILUSDT,SELL,LIMIT,1701055630061,79.8,4.490
FILUSDT,SELL,LIMIT,1701055695707,81.7,4.489
FILUSDT,SELL,LIMIT,1701055754637,21.5,4.487
FILUSDT,SELL,LIMIT,1701056008188,524.7,4.491
FILUSDT,SELL,LIMIT,1701056043348,17.7,4.490
FILUSDT,SELL,LIMIT,1701056051484,10722.5,4.480
FILUSDT,SELL,LIMIT,1701056053415,85.9,4.478
FILUSDT,SELL,LIMIT,1701056136687,42.8,4.479
FILUSDT,SELL,LIMIT,1701056140494,705.3,4.476
FILUSDT,SELL,LIMIT,1701063934346,2454.9,4.520
