Symbol,Side,Order Type,Time,Quantity,Price
FLOWUSDT,SELL,LIMIT,1701937353756,182.7,0.765
FLOWUSDT,SELL,LIMIT,1701937486175,989.7,0.764
FLOWUSDT,SELL,LIMIT,1701937586025,6.6,0.765
FLOWUSDT,SELL,LIMIT,1701940560145,6573.5,0.751
FLOWUSDT,SELL,LIMIT,1701940564189,20068.1,0.744
FLOWUSDT,SELL,LIMIT,1701941153584,3280.8,0.745
FLOWUSDT,SELL,LIMIT,1701941155369,70.5,0.744
FLOWUSDT,SELL,LIMIT,1701941173475,347.5,0.743
FLOWUSDT,SELL,LIMIT,1701941174515,8.3,0.742
FLOWUSDT,SELL,LIMIT,1701941185500,98.4,0.742
FLOWUSDT,SELL,LIMIT,1701941189232,77.7,0.741
FLOWUSDT,SELL,LIMIT,1701941247090,20.7,0.739
FLOWUSDT,SELL,LIMIT,1701941256095,23.7,0.739
FLOWUSDT,SELL,LIMIT,1701941271684,264.4,0.739
FLOWUSDT,BUY,LIMIT,1701953976590,0.1,0.777
FLOWUSDT,SELL,LIMIT,1701965064459,108.2,0.764
FLOWUSDT,BUY,LIMIT,1701967178394,1470.5,0.788
FLOWUSDT,BUY,LIMIT,1701969898331,209.5,0.792
FLOWUSDT,SELL,LIMIT,1701970709596,1.4,1.075
FLOWUSDT,SELL,LIMIT,1701997654209,281.0,0.770
FLOWUSDT,SELL,LIMIT,1702017794171,242.8,0.777
FLOWUSDT,SELL,LIMIT,1702020530518,12.3,0.768
FLOWUSDT,SELL,LIMIT,1702034788863,49.3,0.781
FLOWUSDT,BUY,LIMIT,1702035164063,0.3,0.797
FLOWUSDT,SELL,LIMIT,1702036072540,37.9,0.786
FLOWUSDT,BUY,LIMIT,1702036163397,505.0,0.800
FLOWUSDT,BUY,LIMIT,1702039097275,79.4,0.800
FLOWUSDT,BUY,LIMIT,1702047487102,96.4,0.809
FLOWUSDT,BUY,LIMIT,1702051678831,25.7,0.818
FLOWUSDT,BUY,LIMIT,1702051895419,25087.9,0.832
FLOWUSDT,BUY,LIMIT,1702051903142,7.0,0.824
FLOWUSDT,BUY,LIMIT,1702052161448,64.2,0.824
FLOWUSDT,BUY,LIMIT,1702052530227,93.2,0.825
FLOWUSDT,BUY,LIMIT,1702053523492,19.9,0.824
FLOWUSDT,BUY,LIMIT,1702080420734,203.4,0.824
FLOWUSDT,BUY,LIMIT,1702081358709,91.5,0.833
FLOWUSDT,BUY,LIMIT,1702081539715,1670.7,0.848
FLOWUSDT,BUY,LIMIT,1702081761159,724.6,0.847
FLOWUSDT,SELL,LIMIT,1702084029323,31.2,0.822
FLOWUSDT,BUY,LIMIT,1702086458357,3833.8,0.854
FLOWUSDT,BUY,LIMIT,1702086841408,101.1,0.857
FLOWUSDT,BUY,LIMIT,1702091249888,69.0,0.879
FLOWUSDT,BUY,LIMIT,1702091297207,157.0,0.881
FLOWUSDT,BUY,LIMIT,1702091304168,6105.0,0.886
FLOWUSDT,BUY,LIMIT,1702091315228,402.6,0.886
FLOWUSDT,BUY,LIMIT,1702091547659,156.6,0.888
FLOWUSDT,BUY,LIMIT,1702096034203,1083.9,0.873
FLOWUSDT,BUY,LIMIT,1702103290286,129.8,0.876
FLOWUSDT,BUY,LIMIT,1702109244834,24.6,0.883
FLOWUSDT,BUY,LIMIT,1702109359571,13.0,0.884
FLOWUSDT,BUY,LIMIT,1702109412243,435.4,0.886
FLOWUSDT,BUY,LIMIT,1702109776976,116.5,0.884
FLOWUSDT,BUY,LIMIT,1702109892727,2469.6,0.882
FLOWUSDT,SELL,LIMIT,1702110882269,228.8,0.860
FLOWUSDT,SELL,LIMIT,1702110983260,418.6,0.853
FLOWUSDT,SELL,LIMIT,1702111035735,49.8,0.849
FLOWUSDT,SELL,LIMIT,1702111038681,10.0,0.849
FLOWUSDT,SELL,LIMIT,1702111045056,1453.4,0.847
FLOWUSDT,SELL,LIMIT,1702111390668,128.1,0.836
FLOWUSDT,SELL,LIMIT,1702133000892,5.8,0.845
FLOWUSDT,SELL,LIMIT,1702133006565,375.3,0.841
FLOWUSDT,SELL,LIMIT,1702164544471,17.3,0.856
FLOWUSDT,SELL,LIMIT,1702164548792,3199.9,0.849
FLOWUSDT,SELL,LIMIT,1702164675106,1148.1,0.850
FLOWUSDT,SELL,LIMIT,1702164747643,25.4,0.847
FLOWUSDT,SELL,LIMIT,1702164806278,5351.0,0.842
FLOWUSDT,SELL,LIMIT,1702164808038,1029.2,0.847
FLOWUSDT,SELL,LIMIT,1702198849376,6.0,0.840
FLOWUSDT,SELL,LIMIT,1702200454740,99.7,0.834
FLOWUSDT,SELL,LIMIT,1702200648289,29.0,0.831
FLOWUSDT,SELL,LIMIT,1702200749755,13.4,0.829
FLOWUSDT,SELL,LIMIT,1702200761664,1184.1,0.828
FLOWUSDT,SELL,LIMIT,1702200890295,15.0,0.825
FLOWUSDT,SELL,LIMIT,1702200893046,2882.0,0.825
FLOWUSDT,SELL,LIMIT,1702200930174,81.1,0.824
FLOWUSDT,SELL,LIMIT,1702200938062,6.0,0.823
FLOWUSDT,SELL,LIMIT,1702200941950,101.2,0.823
FLOWUSDT,SELL,LIMIT,1702200943553,43.6,0.823
FLOWUSDT,SELL,LIMIT,1702201336361,2242.7,0.822
FLOWUSDT,SELL,LIMIT,1702201338877,69.4,0.821
FLOWUSDT,SELL,LIMIT,1702201413319,15.8,0.821
FLOWUSDT,SELL,LIMIT,1702201473342,244.5,0.820
FLOWUSDT,SELL,LIMIT,1702202153900,19.6,0.820
FLOWUSDT,SELL,LIMIT,1702202226747,542.6,0.818
FLOWUSDT,SELL,LIMIT,1702202245293,116.3,0.818
FLOWUSDT,SELL,LIMIT,1702202262251,207.7,0.817
FLOWUSDT,SELL,LIMIT,1702202267739,59.9,0.817
FLOWUSDT,SELL,LIMIT,1702202278426,18.0,0.816
FLOWUSDT,SELL,LIMIT,1702202291115,1000.0,0.815
FLOWUSDT,SELL,LIMIT,1702202299096,219.6,0.815
FLOWUSDT,SELL,LIMIT,1702202318311,109.6,0.815
FLOWUSDT,SELL,LIMIT,1702202321486,651.8,0.815
FLOWUSDT,SELL,LIMIT,1702202323625,216.7,0.814
FLOWUSDT,SELL,LIMIT,1702202372520,4597.9,0.814
FLOWUSDT,SELL,LIMIT,1702202374790,23.4,0.814
FLOWUSDT,SELL,LIMIT,1702202380363,5.8,0.812
FLOWUSDT,SELL,LIMIT,1702202385239,5.8,0.812
FLOWUSDT,SELL,LIMIT,1702202389107,252.5,0.811
FLOWUSDT,SELL,LIMIT,1702241182472,0.3,0.834
FLOWUSDT,SELL,LIMIT,1702250297260,3006.9,0.827
FLOWUSDT,SELL,LIMIT,1702256501224,2970.1,0.809
FLOWUSDT,SELL,LIMIT,1702256504946,267.0,0.809
FLOWUSDT,SELL,LIMIT,1702256612302,81.6,0.807
FLOWUSDT,SELL,LIMIT,1702256715522,5507.6,0.803
FLOWUSDT,SELL,LIMIT,1702256850175,704.8,0.801
FLOWUSDT,SELL,LIMIT,1702256869198,118.7,0.800
FLOWUSDT,SELL,LIMIT,1702256908588,99.8,0.797
FLOWUSDT,SELL,LIMIT,1702256912056,5968.4,0.797
FLOWUSDT,SELL,LIMIT,1702256915155,9.9,0.796
FLOWUSDT,SELL,LIMIT,1702256917966,107.4,0.796
FLOWUSDT,SELL,LIMIT,1702256995805,6.9,0.796
FLOWUSDT,SELL,LIMIT,1702260426289,23894.8,0.789
FLOWUSDT,SELL,LIMIT,1702260437656,12422.3,0.790
FLOWUSDT,SELL,LIMIT,1702260443311,205.0,0.794
FLOWUSDT,SELL,LIMIT,1702260619184,143.7,0.793
FLOWUSDT,SELL,LIMIT,1702260620262,31.6,0.792
FLOWUSDT,SELL,LIMIT,1702260621326,128.7,0.792
FLOWUSDT,SELL,LIMIT,1702260626150,230.4,0.791
FLOWUSDT,SELL,LIMIT,1702260627622,265.1,0.791
FLOWUSDT,SELL,LIMIT,1702260629502,621.0,0.790
FLOWUSDT,SELL,LIMIT,1702260632609,572.0,0.788
FLOWUSDT,SELL,LIMIT,1702260635072,158.6,0.788
FLOWUSDT,SELL,LIMIT,1702260636266,7.1,0.786
FLOWUSDT,SELL,LIMIT,1702260637378,600.3,0.787
FLOWUSDT,SELL,LIMIT,1702260699939,577.5,0.785
FLOWUSDT,SELL,LIMIT,1702260701291,882.2,0.784
FLOWUSDT,SELL,LIMIT,1702260706290,121.6,0.784
FLOWUSDT,SELL,LIMIT,1702260708172,57.9,0.782
FLOWUSDT,SELL,LIMIT,1702260709498,34.4,0.782
FLOWUSDT,SELL,LIMIT,1702260710530,57.6,0.782
FLOWUSDT,SELL,LIMIT,1702260711571,46.5,0.779
FLOWUSDT,SELL,LIMIT,1702260714187,53.2,0.780
FLOWUSDT,SELL,LIMIT,1702260717901,1446.7,0.778
FLOWUSDT,SELL,LIMIT,1702260719051,806.0,0.777
FLOWUSDT,SELL,LIMIT,1702260721647,86.7,0.778
FLOWUSDT,SELL,LIMIT,1702260723367,23.4,0.777
FLOWUSDT,SELL,LIMIT,1702260725176,923.1,0.775
FLOWUSDT,SELL,LIMIT,1702260726606,0.6,0.776
FLOWUSDT,SELL,LIMIT,1702260728862,3117.0,0.775
FLOWUSDT,SELL,LIMIT,1702260729962,83.2,0.774
FLOWUSDT,SELL,LIMIT,1702260731161,61.5,0.773
FLOWUSDT,SELL,LIMIT,1702260732779,239.8,0.772
FLOWUSDT,SELL,LIMIT,1702260735092,165.6,0.771
FLOWUSDT,SELL,LIMIT,1702260737030,727.2,0.772
FLOWUSDT,SELL,LIMIT,1702260738899,51.0,0.770
FLOWUSDT,SELL,LIMIT,1702260739953,2805.0,0.770
FLOWUSDT,SELL,LIMIT,1702260741625,500.0,0.767
FLOWUSDT,SELL,LIMIT,1702260742682,345.5,0.774
FLOWUSDT,SELL,LIMIT,1702260743777,2317.4,0.765
FLOWUSDT,SELL,LIMIT,1702260744785,1358.7,0.765
FLOWUSDT,SELL,LIMIT,1702260745892,5940.1,0.762
FLOWUSDT,SELL,LIMIT,1702260747005,532.2,0.763
FLOWUSDT,BUY,LIMIT,1702260748696,1177.4,0.767
FLOWUSDT,SELL,LIMIT,1702260750189,839.9,0.762
FLOWUSDT,SELL,LIMIT,1702260752473,5335.0,0.761
FLOWUSDT,SELL,LIMIT,1702260754306,357.2,0.761
FLOWUSDT,SELL,LIMIT,1702260755315,3476.2,0.761
FLOWUSDT,SELL,LIMIT,1702260757001,400.0,0.760
FLOWUSDT,SELL,LIMIT,1702260758042,347.2,0.757
FLOWUSDT,SELL,LIMIT,1702260759291,11.8,0.756
FLOWUSDT,SELL,LIMIT,1702260760455,5.8,0.757
FLOWUSDT,SELL,LIMIT,1702260761576,1469.6,0.757
FLOWUSDT,SELL,LIMIT,1702260762582,12.5,0.753
FLOWUSDT,SELL,LIMIT,1702260763686,7.1,0.755
FLOWUSDT,SELL,LIMIT,1702260764755,5.8,0.752
FLOWUSDT,SELL,LIMIT,1702260765931,5188.6,0.752
FLOWUSDT,SELL,LIMIT,1702260766947,5.8,0.750
FLOWUSDT,SELL,LIMIT,1702260767964,145.8,0.748
FLOWUSDT,SELL,LIMIT,1702260769189,212.3,0.748
FLOWUSDT,SELL,LIMIT,1702260770533,1574.5,0.746
FLOWUSDT,SELL,LIMIT,1702260771615,11494.2,0.741
FLOWUSDT,SELL,LIMIT,1702260772670,311.1,0.745
FLOWUSDT,SELL,LIMIT,1702260774340,240.6,0.744
FLOWUSDT,SELL,LIMIT,1702260775435,605.5,0.740
FLOWUSDT,SELL,LIMIT,1702260776655,3094.0,0.793
FLOWUSDT,SELL,LIMIT,1702260778207,11.9,0.738
FLOWUSDT,SELL,LIMIT,1702260779713,4490.6,0.738
FLOWUSDT,SELL,LIMIT,1702260780895,1150.7,0.738
FLOWUSDT,SELL,LIMIT,1702260781906,11764.7,0.728
FLOWUSDT,SELL,LIMIT,1702260782983,2573.6,0.734
FLOWUSDT,SELL,LIMIT,1702260784003,3000.0,0.731
FLOWUSDT,SELL,LIMIT,1702260785046,4918.9,0.729
FLOWUSDT,SELL,LIMIT,1702260786293,56.6,0.729
FLOWUSDT,SELL,LIMIT,1702260787462,34.0,0.729
FLOWUSDT,SELL,LIMIT,1702260788549,1522.0,0.727
FLOWUSDT,SELL,LIMIT,1702260789736,10.8,2.013
FLOWUSDT,SELL,LIMIT,1702260790773,14156.4,0.721
FLOWUSDT,SELL,LIMIT,1702260791994,1953.1,0.726
FLOWUSDT,SELL,LIMIT,1702260793439,0.4,0.725
FLOWUSDT,SELL,LIMIT,1702260794492,13.9,0.722
FLOWUSDT,SELL,LIMIT,1702260795535,6.9,0.722
FLOWUSDT,SELL,LIMIT,1702260796575,651.2,0.719
FLOWUSDT,SELL,LIMIT,1702260798477,7012.8,0.721
FLOWUSDT,SELL,LIMIT,1702260799505,2094.9,0.718
FLOWUSDT,SELL,LIMIT,1702260800619,2506.9,0.718
FLOWUSDT,SELL,LIMIT,1702260801638,23.0,0.717
FLOWUSDT,SELL,LIMIT,1702260802697,1000.0,0.717
FLOWUSDT,SELL,LIMIT,1702260803906,30.5,0.717
FLOWUSDT,SELL,LIMIT,1702260805192,7517.1,0.715
FLOWUSDT,SELL,LIMIT,1702260806381,958.4,0.715
FLOWUSDT,SELL,LIMIT,1702260807414,200.0,0.714
FLOWUSDT,SELL,LIMIT,1702260808497,2050.0,0.714
FLOWUSDT,SELL,LIMIT,1702260810161,58.7,0.711
FLOWUSDT,SELL,LIMIT,1702260811200,84.8,0.720
FLOWUSDT,SELL,LIMIT,1702260812290,1500.0,0.711
FLOWUSDT,SELL,LIMIT,1702260813354,6053.1,0.710
FLOWUSDT,SELL,LIMIT,1702260814663,7.7,0.709
FLOWUSDT,SELL,LIMIT,1702260818280,10.3,0.711
FLOWUSDT,SELL,LIMIT,1702260820619,764.9,0.716
FLOWUSDT,SELL,LIMIT,1702260822225,926.5,0.712
FLOWUSDT,SELL,LIMIT,1702260834833,4.8,0.718
FLOWUSDT,SELL,LIMIT,1702260841329,1.8,0.725
FLOWUSDT,BUY,LIMIT,1702261120447,28.0,0.773
FLOWUSDT,SELL,LIMIT,1702265724235,12.2,0.773
FLOWUSDT,BUY,LIMIT,1702266000872,2654.0,0.791
FLOWUSDT,SELL,LIMIT,1702266101500,12.2,0.777
