Symbol,Side,Order Type,Time,Quantity,Price
FOOTBALLUSDT,BUY,LIMIT,1701931041789,0.08,400.93140
FOOTBALLUSDT,BUY,LIMIT,1701940631894,0.04,408.03297
FOOTBALLUSDT,BUY,LIMIT,1701940640336,0.58,408.49919
FOOTBALLUSDT,BUY,LIMIT,1701940698003,0.08,412.13957
FOOTBALLUSDT,SELL,LIMIT,1701942257580,0.07,393.76330
FOOTBALLUSDT,SELL,LIMIT,1701968693586,3.80,387.01653
FOOTBALLUSDT,SELL,LIMIT,1702037074754,0.02,389.92891
FOOTBALLUSDT,BUY,LIMIT,1702065742957,0.10,408.62220
FOOTBALLUSDT,BUY,LIMIT,1702067128246,0.04,408.58140
FOOTBALLUSDT,SELL,LIMIT,1702067590379,10.00,393.01921
FOOTBALLUSDT,BUY,LIMIT,1702080965541,0.13,410.44894
FOOTBALLUSDT,BUY,LIMIT,1702082671360,0.22,411.33540
FOOTBALLUSDT,BUY,LIMIT,1702082987769,0.15,411.16909
FOOTBALLUSDT,BUY,LIMIT,1702099248078,1.33,412.52624
FOOTBALLUSDT,BUY,LIMIT,1702109271248,0.18,414.42182
FOOTBALLUSDT,BUY,LIMIT,1702110881491,0.06,412.96663
FOOTBALLUSDT,BUY,LIMIT,1702110885548,0.13,412.91002
FOOTBALLUSDT,BUY,LIMIT,1702111037486,0.05,410.30000
FOOTBALLUSDT,SELL,LIMIT,1702111052985,0.15,393.98147
FOOTBALLUSDT,BUY,LIMIT,1702111369804,0.05,409.06794
FOOTBALLUSDT,BUY,LIMIT,1702114508323,0.19,411.73904
FOOTBALLUSDT,BUY,LIMIT,1702156173883,0.03,415.14000
FOOTBALLUSDT,BUY,LIMIT,1702156176010,0.03,415.34250
FOOTBALLUSDT,BUY,LIMIT,1702156247375,0.10,416.42108
FOOTBALLUSDT,BUY,LIMIT,1702156272979,0.13,417.28444
FOOTBALLUSDT,BUY,LIMIT,1702156773918,0.53,419.09678
FOOTBALLUSDT,BUY,LIMIT,1702157157324,0.04,422.28088
FOOTBALLUSDT,BUY,LIMIT,1702162399432,0.02,429.50132
FOOTBALLUSDT,BUY,LIMIT,1702162432027,0.22,430.47277
FOOTBALLUSDT,BUY,LIMIT,1702162449358,0.17,433.28896
FOOTBALLUSDT,BUY,LIMIT,1702164750114,0.05,423.10212
FOOTBALLUSDT,SELL,LIMIT,1702164804307,10.02,406.79177
FOOTBALLUSDT,BUY,LIMIT,1702185942673,0.02,435.55145
FOOTBALLUSDT,BUY,LIMIT,1702187001836,0.03,437.29440
FOOTBALLUSDT,BUY,LIMIT,1702187204980,0.33,439.20080
FOOTBALLUSDT,SELL,LIMIT,1702195735239,0.50,409.52966
FOOTBALLUSDT,SELL,LIMIT,1702196687510,11.84,410.75462
FOOTBALLUSDT,SELL,LIMIT,1702202313887,0.12,407.56011
FOOTBALLUSDT,SELL,LIMIT,1702202323229,0.23,407.21368
FOOTBALLUSDT,SELL,LIMIT,1702202370679,0.39,405.63779
FOOTBALLUSDT,SELL,LIMIT,1702202373555,0.23,405.72981
FOOTBALLUSDT,SELL,LIMIT,1702208355441,0.73,402.67537
FOOTBALLUSDT,SELL,LIMIT,1702208581692,5.09,402.15005
FOOTBALLUSDT,SELL,LIMIT,1702215220859,0.28,400.72366
FOOTBALLUSDT,BUY,LIMIT,1702221407361,2.24,419.08506
FOOTBALLUSDT,BUY,LIMIT,1702249683771,4.54,417.82613
FOOTBALLUSDT,SELL,LIMIT,1702256454488,0.29,397.58750
FOOTBALLUSDT,SELL,LIMIT,1702256567062,0.39,397.33937
FOOTBALLUSDT,SELL,LIMIT,1702256620301,0.24,396.22506
FOOTBALLUSDT,SELL,LIMIT,1702256702382,0.37,395.97601
FOOTBALLUSDT,SELL,LIMIT,1702256715128,0.26,395.82639
FOOTBALLUSDT,SELL,LIMIT,1702256930001,0.21,394.81240
FOOTBALLUSDT,SELL,LIMIT,1702256980803,0.44,394.09837
FOOTBALLUSDT,SELL,LIMIT,1702256982891,2.57,394.53867
FOOTBALLUSDT,SELL,LIMIT,1702260672782,4.11,392.09364
FOOTBALLUSDT,SELL,LIMIT,1702260710718,0.04,391.12238
FOOTBALLUSDT,BUY,LIMIT,1702260712798,0.03,401.66299
FOOTBALLUSDT,SELL,LIMIT,1702260716498,0.24,390.98597
FOOTBALLUSDT,SELL,LIMIT,1702260721792,4.77,390.39441
FOOTBALLUSDT,SELL,LIMIT,1702260735678,0.04,389.33385
FOOTBALLUSDT,SELL,LIMIT,1702260740652,0.30,389.00846
FOOTBALLUSDT,SELL,LIMIT,1702260742489,1.88,408.88981
FOOTBALLUSDT,SELL,LIMIT,1702260744127,0.22,388.85547
FOOTBALLUSDT,SELL,LIMIT,1702260753063,0.26,388.20670
FOOTBALLUSDT,SELL,LIMIT,1702260759114,0.35,388.13545
FOOTBALLUSDT,SELL,LIMIT,1702260763880,0.15,387.72347
FOOTBALLUSDT,SELL,LIMIT,1702260767019,0.05,387.87815
FOOTBALLUSDT,SELL,LIMIT,1702260769773,2.55,387.89283
FOOTBALLUSDT,SELL,LIMIT,1702260772210,0.38,387.69413
FOOTBALLUSDT,SELL,LIMIT,1702260773219,0.24,387.14238
FOOTBALLUSDT,SELL,LIMIT,1702260774472,0.03,386.97147
FOOTBALLUSDT,SELL,LIMIT,1702260776142,2.89,386.90232
FOOTBALLUSDT,SELL,LIMIT,1702260778517,0.08,386.50442
FOOTBALLUSDT,SELL,LIMIT,1702260782834,0.10,386.00455
FOOTBALLUSDT,SELL,LIMIT,1702260785686,0.81,385.89878
FOOTBALLUSDT,SELL,LIMIT,1702260788962,0.24,385.76430
FOOTBALLUSDT,SELL,LIMIT,1702260790636,15.00,386.32992
FOOTBALLUSDT,SELL,LIMIT,1702260792574,2.38,385.57078
FOOTBALLUSDT,SELL,LIMIT,1702260797438,1.47,384.90994
FOOTBALLUSDT,SELL,LIMIT,1702260799401,3.12,384.43091
FOOTBALLUSDT,SELL,LIMIT,1702260800419,0.04,384.43329
FOOTBALLUSDT,SELL,LIMIT,1702260802247,0.08,384.27777
FOOTBALLUSDT,SELL,LIMIT,1702260806678,0.02,398.79435
FOOTBALLUSDT,SELL,LIMIT,1702260807907,0.02,384.05056
FOOTBALLUSDT,SELL,LIMIT,1702260818418,0.04,384.26546
FOOTBALLUSDT,SELL,LIMIT,1702260821816,0.10,384.08690
FOOTBALLUSDT,SELL,LIMIT,1702260824088,3.49,384.29240
FOOTBALLUSDT,BUY,LIMIT,1702260861356,0.02,398.64255
