Symbol,Side,Order Type,Time,Quantity,Price
FRONTUSDT,BUY,LIMIT,1700875144607,66,0.3393572
FRONTUSDT,BUY,LIMIT,1700875343127,20,0.3428962
FRONTUSDT,BUY,LIMIT,1700875345812,1581,0.3430418
FRONTUSDT,BUY,LIMIT,1700877272222,18,0.3454634
FRONTUSDT,SELL,LIMIT,1700877708587,30,0.3334847
FRONTUSDT,BUY,LIMIT,1700878403158,17,0.3472082
FRONTUSDT,BUY,LIMIT,1700878489993,317,0.3534666
FRONTUSDT,BUY,LIMIT,1700878569727,307,0.3581442
FRONTUSDT,BUY,LIMIT,1700878634104,4249,0.3593436
FRONTUSDT,BUY,LIMIT,1700878636740,42,0.3598219
FRONTUSDT,BUY,LIMIT,1700879149210,1704,0.3608025
FRONTUSDT,BUY,LIMIT,1700879456835,14144,0.3603735
FRONTUSDT,SELL,LIMIT,1700879576316,14056,0.3474944
FRONTUSDT,SELL,LIMIT,1700879577732,1115,0.3467637
FRONTUSDT,BUY,LIMIT,1700879667493,1694,0.3602263
FRONTUSDT,BUY,LIMIT,1700879710115,1827,0.3611805
FRONTUSDT,BUY,LIMIT,1700879782632,508,0.3612980
FRONTUSDT,SELL,LIMIT,1700881921377,388,0.3455585
FRONTUSDT,SELL,LIMIT,1700881922570,568,0.3446661
FRONTUSDT,BUY,LIMIT,1700883297087,33,0.3551538
FRONTUSDT,BUY,LIMIT,1700883418738,1966,0.3562941
FRONTUSDT,SELL,LIMIT,1700883667785,6280,0.3434451
FRONTUSDT,SELL,LIMIT,1700884972514,1168,0.3422709
FRONTUSDT,SELL,LIMIT,1700884998190,4404,0.3411215
FRONTUSDT,SELL,LIMIT,1700889192523,1404,0.3384051
FRONTUSDT,SELL,LIMIT,1700889517402,157,0.3375810
FRONTUSDT,SELL,LIMIT,1700889603588,1128,0.3366522
FRONTUSDT,BUY,LIMIT,1700890184177,1038,0.3488729
FRONTUSDT,BUY,LIMIT,1700897172250,1446,0.3559196
FRONTUSDT,BUY,LIMIT,1700897181476,33,0.3563152
FRONTUSDT,SELL,LIMIT,1700898189118,56,0.3456792
FRONTUSDT,BUY,LIMIT,1700898862208,35,0.3559463
FRONTUSDT,BUY,LIMIT,1700899642460,303,0.3554728
FRONTUSDT,SELL,LIMIT,1700901352090,1260,0.3458677
FRONTUSDT,SELL,LIMIT,1700901433461,181,0.3455299
FRONTUSDT,SELL,LIMIT,1700902733271,148,0.3430401
FRONTUSDT,SELL,LIMIT,1700902741565,67,0.3425668
FRONTUSDT,SELL,LIMIT,1700904388552,1837,0.3410496
FRONTUSDT,SELL,LIMIT,1700904469129,163,0.3405768
FRONTUSDT,SELL,LIMIT,1700905229428,289,0.3409014
FRONTUSDT,BUY,LIMIT,1700910017829,20,0.3572117
FRONTUSDT,BUY,LIMIT,1700910166691,251,0.3583605
FRONTUSDT,BUY,LIMIT,1700910204618,137,0.3589772
FRONTUSDT,BUY,LIMIT,1700910758646,1279,0.3585581
FRONTUSDT,BUY,LIMIT,1700910773123,1134,0.3595145
FRONTUSDT,BUY,LIMIT,1700911266093,2683,0.3591659
FRONTUSDT,BUY,LIMIT,1700911497699,27,0.3605328
FRONTUSDT,SELL,LIMIT,1700911679221,15,0.3476665
FRONTUSDT,SELL,LIMIT,1700911864274,283,0.3465008
FRONTUSDT,BUY,LIMIT,1700912566071,918,0.3589091
FRONTUSDT,BUY,LIMIT,1700913310960,596,0.3603913
FRONTUSDT,BUY,LIMIT,1700913466101,132,0.3611127
FRONTUSDT,BUY,LIMIT,1700913515335,14084,0.3620290
FRONTUSDT,BUY,LIMIT,1700913535519,1597,0.3627094
FRONTUSDT,SELL,LIMIT,1700913634603,26,0.3500501
FRONTUSDT,SELL,LIMIT,1700913665289,11918,0.3496945
FRONTUSDT,SELL,LIMIT,1700913673589,135,0.3491741
FRONTUSDT,BUY,LIMIT,1700913883066,228,0.3625877
FRONTUSDT,BUY,LIMIT,1700913892625,17,0.3633743
FRONTUSDT,BUY,LIMIT,1700913894118,792,0.3637678
FRONTUSDT,SELL,LIMIT,1700915583549,23,0.3508049
FRONTUSDT,SELL,LIMIT,1700915675735,108,0.3505344
FRONTUSDT,SELL,LIMIT,1700915788784,566,0.3491534
FRONTUSDT,SELL,LIMIT,1700915981835,274,0.3480876
FRONTUSDT,SELL,LIMIT,1700916153391,261,0.3456461
FRONTUSDT,SELL,LIMIT,1700916155417,219,0.3454802
FRONTUSDT,SELL,LIMIT,1700916334522,26,0.3443100
FRONTUSDT,SELL,LIMIT,1700916396546,406,0.3427640
FRONTUSDT,SELL,LIMIT,1700916398669,126,0.3420899
FRONTUSDT,SELL,LIMIT,1700916405295,382,0.3409574
FRONTUSDT,SELL,LIMIT,1700916406408,85,0.3410276
FRONTUSDT,SELL,LIMIT,1700916412669,107,0.3406894
FRONTUSDT,SELL,LIMIT,1700916425723,257,0.3400275
FRONTUSDT,SELL,LIMIT,1700916435466,57,0.3393987
FRONTUSDT,SELL,LIMIT,1700916465368,215,0.3390084
FRONTUSDT,BUY,LIMIT,1700917198101,201,0.3533326
FRONTUSDT,BUY,LIMIT,1700918874548,10359,0.3524062
FRONTUSDT,SELL,LIMIT,1700919468373,2294,0.3419142
FRONTUSDT,SELL,LIMIT,1700921543191,382,0.3430925
FRONTUSDT,BUY,LIMIT,1700921906497,2027,0.3554615
FRONTUSDT,SELL,LIMIT,1700924212569,2251,0.3419241
FRONTUSDT,SELL,LIMIT,1700924250033,1163,0.3416063
FRONTUSDT,SELL,LIMIT,1700925661560,14397,0.3402694
FRONTUSDT,SELL,LIMIT,1700925668295,193,0.3399933
FRONTUSDT,BUY,LIMIT,1700930220493,2125,0.3573379
