Symbol,Side,Order Type,Time,Quantity,Price
FRONTUSDT,SELL,LIMIT,1701066003136,146,0.3285549
FRONTUSDT,SELL,LIMIT,1701068388116,1055,0.3233407
FRONTUSDT,SELL,LIMIT,1701069516511,84,0.3233756
FRONTUSDT,SELL,LIMIT,1701069530312,2012,0.3233578
FRONTUSDT,SELL,LIMIT,1701069555363,2339,0.3229251
FRONTUSDT,SELL,LIMIT,1701069557741,58,0.3228725
FRONTUSDT,SELL,LIMIT,1701069558752,7200,0.3224697
FRONTUSDT,SELL,LIMIT,1701069560851,19,0.3221920
FRONTUSDT,SELL,LIMIT,1701069572565,15,0.3219225
FRONTUSDT,SELL,LIMIT,1701069640307,61,0.3219321
FRONTUSDT,SELL,LIMIT,1701069831963,294,0.3215105
FRONTUSDT,SELL,LIMIT,1701069855472,713,0.3214120
FRONTUSDT,SELL,LIMIT,1701069881862,480,0.3209257
FRONTUSDT,SELL,LIMIT,1701069883426,152,0.3208949
FRONTUSDT,SELL,LIMIT,1701069885962,74,0.3205353
FRONTUSDT,SELL,LIMIT,1701069888162,43,0.3205290
FRONTUSDT,SELL,LIMIT,1701069896332,15070,0.3203868
FRONTUSDT,SELL,LIMIT,1701069898283,2344,0.3203542
FRONTUSDT,SELL,LIMIT,1701070440597,1926,0.3197883
FRONTUSDT,SELL,LIMIT,1701074935897,3938,0.3229604
FRONTUSDT,SELL,LIMIT,1701081443080,3126,0.3206190
FRONTUSDT,SELL,LIMIT,1701081491176,270,0.3204067
FRONTUSDT,SELL,LIMIT,1701082635613,640,0.3195373
FRONTUSDT,SELL,LIMIT,1701082655156,4,0.3193090
FRONTUSDT,SELL,LIMIT,1701082726094,136,0.3205506
FRONTUSDT,BUY,LIMIT,1701084163509,243,0.3303062
FRONTUSDT,SELL,LIMIT,1701097081077,2709,0.3225281
FRONTUSDT,SELL,LIMIT,1701100026070,199,0.3252237
FRONTUSDT,SELL,LIMIT,1701100218281,971,0.3241023
FRONTUSDT,BUY,LIMIT,1701104513412,48,0.3381636
FRONTUSDT,SELL,LIMIT,1701114231142,7501,0.3266486
FRONTUSDT,SELL,LIMIT,1701114274403,2378,0.3263143
FRONTUSDT,SELL,LIMIT,1701114361323,14935,0.3248607
FRONTUSDT,SELL,LIMIT,1701114477032,3810,0.3245444
FRONTUSDT,SELL,LIMIT,1701122225128,290,0.3300736
FRONTUSDT,BUY,LIMIT,1701126067541,25,0.3440211
FRONTUSDT,BUY,LIMIT,1701126102605,341,0.3444902
FRONTUSDT,BUY,LIMIT,1701126439645,1723,0.3456006
FRONTUSDT,BUY,LIMIT,1701131073224,600,0.3471659
FRONTUSDT,BUY,LIMIT,1701131426993,16,0.3484427
FRONTUSDT,SELL,LIMIT,1701133857206,20,0.3373517
FRONTUSDT,SELL,LIMIT,1701137332048,13141,0.3305413
FRONTUSDT,SELL,LIMIT,1701137360068,45,0.3305057
FRONTUSDT,SELL,LIMIT,1701137433602,5431,0.3299266
FRONTUSDT,SELL,LIMIT,1701137550281,4405,0.3295243
FRONTUSDT,SELL,LIMIT,1701146011886,775,0.3304592
FRONTUSDT,SELL,LIMIT,1701147803239,593,0.3282574
FRONTUSDT,SELL,LIMIT,1701147876178,143,0.3276674
FRONTUSDT,SELL,LIMIT,1701147878285,2773,0.3274338
FRONTUSDT,SELL,LIMIT,1701147891409,29,0.3271307
FRONTUSDT,SELL,LIMIT,1701148047626,513,0.3264225
FRONTUSDT,SELL,LIMIT,1701148240530,18887,0.3246245
FRONTUSDT,SELL,LIMIT,1701148946143,1157,0.3248402
FRONTUSDT,SELL,LIMIT,1701148947274,3006,0.3244463
FRONTUSDT,SELL,LIMIT,1701149268342,1432,0.3237893
FRONTUSDT,SELL,LIMIT,1701149772174,203,0.3221831
FRONTUSDT,SELL,LIMIT,1701149779502,572,0.3220271
FRONTUSDT,SELL,LIMIT,1701149831179,477,0.3215334
FRONTUSDT,SELL,LIMIT,1701149879076,7482,0.3204339
FRONTUSDT,SELL,LIMIT,1701149880129,150,0.3206265
FRONTUSDT,SELL,LIMIT,1701149881557,1609,0.3203135
FRONTUSDT,BUY,LIMIT,1701151282222,55,0.3294031
FRONTUSDT,BUY,LIMIT,1701153214926,19,0.3326487
FRONTUSDT,SELL,LIMIT,1701155753349,11238,0.3189226
FRONTUSDT,SELL,LIMIT,1701156047255,368,0.3180183
FRONTUSDT,SELL,LIMIT,1701156151226,1417,0.3176485
FRONTUSDT,SELL,LIMIT,1701156212220,746,0.3173844
FRONTUSDT,SELL,LIMIT,1701156371030,59,0.3166514
FRONTUSDT,SELL,LIMIT,1701156377120,1259,0.3163718
FRONTUSDT,SELL,LIMIT,1701156417687,284,0.3161714
FRONTUSDT,BUY,LIMIT,1701157462031,120,0.3292965
FRONTUSDT,SELL,LIMIT,1701165905464,1065,0.3228709
FRONTUSDT,BUY,LIMIT,1701170894191,30,0.3394500
FRONTUSDT,BUY,LIMIT,1701170951113,20223,0.3423397
FRONTUSDT,BUY,LIMIT,1701171071485,20,0.3436726
FRONTUSDT,BUY,LIMIT,1701171143981,1198,0.3449706
FRONTUSDT,SELL,LIMIT,1701171396350,74,0.3350928
FRONTUSDT,SELL,LIMIT,1701176598902,14690,0.3322181
FRONTUSDT,SELL,LIMIT,1701181417934,590,0.3318338
FRONTUSDT,SELL,LIMIT,1701185489785,97,0.3307776
FRONTUSDT,SELL,LIMIT,1701202638527,38,0.3337181
FRONTUSDT,SELL,LIMIT,1701216763163,574,0.3298026
FRONTUSDT,SELL,LIMIT,1701219783809,1533,0.3348842
FRONTUSDT,SELL,LIMIT,1701247573463,3730,0.3317188
FRONTUSDT,SELL,LIMIT,1701248346028,48,0.3316732
FRONTUSDT,SELL,LIMIT,1701255489245,2132,0.3237113
FRONTUSDT,SELL,LIMIT,1701258205412,45419,0.3178415
FRONTUSDT,SELL,LIMIT,1701258218620,501,0.3189541
FRONTUSDT,SELL,LIMIT,1701260320889,264,0.3183975
FRONTUSDT,SELL,LIMIT,1701262758433,968,0.3172785
FRONTUSDT,SELL,LIMIT,1701265434860,5000,0.3184449
FRONTUSDT,SELL,LIMIT,1701268380141,166,0.3168008
FRONTUSDT,SELL,LIMIT,1701269052086,214,0.3147296
FRONTUSDT,SELL,LIMIT,1701269297402,71,0.3139108
FRONTUSDT,SELL,LIMIT,1701269298875,573,0.3139097
FRONTUSDT,SELL,LIMIT,1701269415602,971,0.3144963
FRONTUSDT,SELL,LIMIT,1701270451636,307,0.3137855
FRONTUSDT,SELL,LIMIT,1701270466178,678,0.3136236
FRONTUSDT,SELL,LIMIT,1701270470668,90,0.3135631
FRONTUSDT,SELL,LIMIT,1701270549225,170,0.3134751
FRONTUSDT,SELL,LIMIT,1701270572022,828,0.3132894
FRONTUSDT,SELL,LIMIT,1701270573196,23,0.3129684
FRONTUSDT,SELL,LIMIT,1701270574310,143,0.3128498
FRONTUSDT,SELL,LIMIT,1701270614084,416,0.3122299
FRONTUSDT,SELL,LIMIT,1701270618271,461,0.3121339
FRONTUSDT,SELL,LIMIT,1701275520253,7613,0.3134224
FRONTUSDT,SELL,LIMIT,1701281697252,732,0.3162836
FRONTUSDT,SELL,LIMIT,1701290338051,2911,0.3168987
FRONTUSDT,SELL,LIMIT,1701320923403,2187,0.3181731
FRONTUSDT,SELL,LIMIT,1701327058305,15449,0.3170160
FRONTUSDT,SELL,LIMIT,1701329183617,308,0.3172790
FRONTUSDT,SELL,LIMIT,1701331975043,570,0.3148040
