Symbol,Side,Order Type,Time,Quantity,Price
FTMUSDT,SELL,LIMIT,1701068264846,514,0.300654
FTMUSDT,SELL,LIMIT,1701068296348,250,0.300356
FTMUSDT,SELL,LIMIT,1701068931244,2501,0.301074
FTMUSDT,SELL,LIMIT,1701069526858,3161,0.300296
FTMUSDT,SELL,LIMIT,1701069558345,255,0.299932
FTMUSDT,SELL,LIMIT,1701069574143,3597,0.299778
FTMUSDT,SELL,LIMIT,1701069634323,1953,0.299688
FTMUSDT,SELL,LIMIT,1701069637244,224,0.299443
FTMUSDT,SELL,LIMIT,1701069796052,1952,0.299808
FTMUSDT,SELL,LIMIT,1701069799169,497,0.299097
FTMUSDT,SELL,LIMIT,1701069801625,172,0.299182
FTMUSDT,SELL,LIMIT,1701069805349,933,0.298986
FTMUSDT,SELL,LIMIT,1701069807743,2917,0.298938
FTMUSDT,SELL,LIMIT,1701069809383,2431,0.298765
FTMUSDT,SELL,LIMIT,1701069862099,6000,0.298464
FTMUSDT,SELL,LIMIT,1701069872290,40422,0.297725
FTMUSDT,SELL,LIMIT,1701069873856,2811,0.298399
FTMUSDT,SELL,LIMIT,1701069876701,1591,0.298304
FTMUSDT,SELL,LIMIT,1701069882276,10000,0.298159
FTMUSDT,SELL,LIMIT,1701069883599,170929,0.296874
FTMUSDT,SELL,LIMIT,1701069884612,500,0.297841
FTMUSDT,SELL,LIMIT,1701069885641,281,0.297358
FTMUSDT,SELL,LIMIT,1701069886649,557,0.297267
FTMUSDT,SELL,LIMIT,1701069888387,289,0.296988
FTMUSDT,SELL,LIMIT,1701069895179,18877,0.296843
FTMUSDT,SELL,LIMIT,1701069896308,50,0.296876
FTMUSDT,SELL,LIMIT,1701069897541,1635,0.296720
FTMUSDT,SELL,LIMIT,1701069900300,60000,0.295659
FTMUSDT,SELL,LIMIT,1701077399082,2,0.299727
FTMUSDT,SELL,LIMIT,1701081288081,913,0.296978
FTMUSDT,SELL,LIMIT,1701081431440,698,0.296494
FTMUSDT,SELL,LIMIT,1701081436372,130,0.296313
FTMUSDT,SELL,LIMIT,1701081437916,122,0.296112
FTMUSDT,SELL,LIMIT,1701081439193,872,0.295960
FTMUSDT,SELL,LIMIT,1701081441167,4246,0.295931
FTMUSDT,SELL,LIMIT,1701081450347,1653,0.295787
FTMUSDT,SELL,LIMIT,1701081451659,458,0.295670
FTMUSDT,SELL,LIMIT,1701081453045,860,0.295504
FTMUSDT,SELL,LIMIT,1701081454962,453,0.295473
FTMUSDT,SELL,LIMIT,1701082656543,281,0.295363
FTMUSDT,SELL,LIMIT,1701082696926,157,0.295355
FTMUSDT,SELL,LIMIT,1701082698106,775,0.295421
FTMUSDT,SELL,LIMIT,1701082703777,681,0.295318
FTMUSDT,SELL,LIMIT,1701084592735,5,0.307380
FTMUSDT,SELL,LIMIT,1701093116099,94,0.295040
FTMUSDT,SELL,LIMIT,1701093117263,165,0.295087
FTMUSDT,SELL,LIMIT,1701093135696,6023,0.294594
FTMUSDT,SELL,LIMIT,1701093136586,10916,0.294361
FTMUSDT,SELL,LIMIT,1701093137445,2388,0.294567
FTMUSDT,SELL,LIMIT,1701094608135,1639,0.295634
FTMUSDT,SELL,LIMIT,1701095093230,8662,0.294560
FTMUSDT,SELL,LIMIT,1701095470331,3922,0.294256
FTMUSDT,SELL,LIMIT,1701095519462,224,0.294004
FTMUSDT,SELL,LIMIT,1701095526426,884,0.294041
FTMUSDT,SELL,LIMIT,1701095552104,2031,0.293888
FTMUSDT,SELL,LIMIT,1701095595557,3235,0.293738
FTMUSDT,SELL,LIMIT,1701095597321,330,0.293626
FTMUSDT,SELL,LIMIT,1701095598377,43,0.293726
FTMUSDT,SELL,LIMIT,1701096720316,128,0.293511
FTMUSDT,SELL,LIMIT,1701096955338,4120,0.293220
FTMUSDT,SELL,LIMIT,1701096963378,6373,0.293060
FTMUSDT,SELL,LIMIT,1701096964402,7447,0.293112
FTMUSDT,SELL,LIMIT,1701097021052,183,0.292895
FTMUSDT,SELL,LIMIT,1701097022372,5867,0.292737
FTMUSDT,SELL,LIMIT,1701097032892,1912,0.292560
FTMUSDT,SELL,LIMIT,1701097049048,2774,0.292474
FTMUSDT,SELL,LIMIT,1701097065878,15688,0.292578
FTMUSDT,SELL,LIMIT,1701097088923,11084,0.292468
FTMUSDT,SELL,LIMIT,1701097093983,1212,0.292387
FTMUSDT,SELL,LIMIT,1701097095103,2782,0.292357
FTMUSDT,SELL,LIMIT,1701097097376,23,0.292350
FTMUSDT,SELL,LIMIT,1701097098447,87,0.292284
FTMUSDT,SELL,LIMIT,1701097099592,162707,0.291178
FTMUSDT,SELL,LIMIT,1701097101195,134085,0.290977
FTMUSDT,SELL,LIMIT,1701097102292,7218,0.291737
FTMUSDT,SELL,LIMIT,1701100530589,85,0.292299
FTMUSDT,BUY,LIMIT,1701100538279,5010,0.294866
FTMUSDT,SELL,LIMIT,1701100574805,336,0.291578
FTMUSDT,SELL,LIMIT,1701100577257,65,0.291527
FTMUSDT,SELL,LIMIT,1701100608615,692,0.291454
FTMUSDT,SELL,LIMIT,1701100614157,68,0.291407
FTMUSDT,SELL,LIMIT,1701100615638,708,0.291351
FTMUSDT,SELL,LIMIT,1701100624574,790,0.291148
FTMUSDT,SELL,LIMIT,1701100629394,192,0.291016
FTMUSDT,SELL,LIMIT,1701100640286,253,0.290756
FTMUSDT,SELL,LIMIT,1701100644586,127,0.290549
FTMUSDT,SELL,LIMIT,1701101002322,521,0.291790
FTMUSDT,SELL,LIMIT,1701101007837,126,0.291541
FTMUSDT,SELL,LIMIT,1701101101019,64,0.291805
FTMUSDT,SELL,LIMIT,1701111585204,785,0.292034
FTMUSDT,SELL,LIMIT,1701112132152,2192,0.291513
FTMUSDT,SELL,LIMIT,1701112178556,231,0.291286
FTMUSDT,SELL,LIMIT,1701112191496,4486,0.291144
FTMUSDT,SELL,LIMIT,1701114158908,32,0.291388
FTMUSDT,SELL,LIMIT,1701114162315,2841,0.290972
FTMUSDT,SELL,LIMIT,1701114229351,2743,0.290513
FTMUSDT,SELL,LIMIT,1701114230886,332,0.290431
FTMUSDT,SELL,LIMIT,1701114233786,1345,0.290269
FTMUSDT,SELL,LIMIT,1701114236348,13334,0.290003
FTMUSDT,SELL,LIMIT,1701114238297,2131,0.289764
FTMUSDT,SELL,LIMIT,1701114239803,2332,0.289589
FTMUSDT,SELL,LIMIT,1701114305920,25,0.290354
FTMUSDT,SELL,LIMIT,1701114353187,1470,0.289342
FTMUSDT,SELL,LIMIT,1701114358248,90,0.289254
FTMUSDT,SELL,LIMIT,1701114359513,677,0.289185
FTMUSDT,SELL,LIMIT,1701114456078,9229,0.289453
FTMUSDT,SELL,LIMIT,1701114476149,33,0.289097
FTMUSDT,SELL,LIMIT,1701114478049,46111,0.288116
FTMUSDT,SELL,LIMIT,1701114491572,213,0.288670
FTMUSDT,SELL,LIMIT,1701114493315,228,0.288591
FTMUSDT,SELL,LIMIT,1701114494983,592,0.288553
FTMUSDT,SELL,LIMIT,1701114496302,3211,0.288369
FTMUSDT,SELL,LIMIT,1701114497316,1708,0.288450
FTMUSDT,SELL,LIMIT,1701114529992,3529,0.288403
FTMUSDT,BUY,LIMIT,1701121057566,214,0.296606
FTMUSDT,SELL,LIMIT,1701122261732,93,0.294236
FTMUSDT,BUY,LIMIT,1701126148258,7388,0.296160
FTMUSDT,BUY,LIMIT,1701126908521,15313,0.296851
FTMUSDT,BUY,LIMIT,1701127479854,192,0.297396
FTMUSDT,BUY,LIMIT,1701128086930,2126,0.297986
FTMUSDT,BUY,LIMIT,1701128355146,8549,0.298009
FTMUSDT,BUY,LIMIT,1701129157169,101,0.298408
FTMUSDT,BUY,LIMIT,1701129188498,1063,0.298692
FTMUSDT,BUY,LIMIT,1701131933379,115,0.299183
FTMUSDT,SELL,LIMIT,1701137493325,4958,0.290593
FTMUSDT,SELL,LIMIT,1701138515299,1226,0.292034
FTMUSDT,SELL,LIMIT,1701145982350,3518,0.291105
FTMUSDT,SELL,LIMIT,1701146970303,2902,0.288427
FTMUSDT,SELL,LIMIT,1701147875832,2714,0.288347
FTMUSDT,SELL,LIMIT,1701147879674,599,0.288133
FTMUSDT,SELL,LIMIT,1701147887442,1000,0.287939
FTMUSDT,SELL,LIMIT,1701147888943,62,0.287854
FTMUSDT,SELL,LIMIT,1701147992621,16123,0.287443
FTMUSDT,SELL,LIMIT,1701148008233,5977,0.287051
FTMUSDT,SELL,LIMIT,1701148009902,644,0.286999
FTMUSDT,SELL,LIMIT,1701148135251,816,0.286674
FTMUSDT,SELL,LIMIT,1701148136301,1774,0.286596
FTMUSDT,SELL,LIMIT,1701148137504,18431,0.286448
FTMUSDT,SELL,LIMIT,1701148140382,4660,0.286285
FTMUSDT,SELL,LIMIT,1701148141408,664,0.286206
FTMUSDT,SELL,LIMIT,1701148160040,8363,0.285945
FTMUSDT,SELL,LIMIT,1701148161056,1477,0.285912
FTMUSDT,SELL,LIMIT,1701148167263,975,0.285780
FTMUSDT,SELL,LIMIT,1701148220485,27276,0.285337
FTMUSDT,SELL,LIMIT,1701148230091,231,0.285733
FTMUSDT,SELL,LIMIT,1701148243698,83133,0.284747
FTMUSDT,SELL,LIMIT,1701148245087,433,0.285602
FTMUSDT,SELL,LIMIT,1701148246181,658,0.285516
FTMUSDT,SELL,LIMIT,1701149067819,643,0.286330
FTMUSDT,SELL,LIMIT,1701149111485,2871,0.285999
FTMUSDT,SELL,LIMIT,1701149772436,33,0.285667
FTMUSDT,SELL,LIMIT,1701149834742,3444,0.285401
FTMUSDT,SELL,LIMIT,1701149842229,4083,0.285316
FTMUSDT,SELL,LIMIT,1701149843611,206,0.285296
FTMUSDT,SELL,LIMIT,1701149846876,102,0.285234
FTMUSDT,SELL,LIMIT,1701149856660,140,0.285082
FTMUSDT,SELL,LIMIT,1701149884530,2064,0.285032
FTMUSDT,SELL,LIMIT,1701149886210,3197,0.284925
FTMUSDT,SELL,LIMIT,1701149888088,4746,0.284608
FTMUSDT,SELL,LIMIT,1701149889113,1361,0.284779
FTMUSDT,SELL,LIMIT,1701149890193,13363,0.284539
FTMUSDT,SELL,LIMIT,1701149891258,4295,0.284196
FTMUSDT,SELL,LIMIT,1701149893211,1120,0.284060
FTMUSDT,SELL,LIMIT,1701149898367,166,0.284020
FTMUSDT,SELL,LIMIT,1701156563090,821,0.285415
FTMUSDT,SELL,LIMIT,1701156751131,3829,0.288454
FTMUSDT,BUY,LIMIT,1701172033158,160,0.296129
FTMUSDT,BUY,LIMIT,1701172631296,960,0.297882
FTMUSDT,BUY,LIMIT,1701178297094,145,0.298580
FTMUSDT,BUY,LIMIT,1701178364417,118,0.299020
FTMUSDT,BUY,LIMIT,1701179185754,57,0.299755
FTMUSDT,BUY,LIMIT,1701179590853,11212,0.300303
FTMUSDT,SELL,LIMIT,1701185485300,1469,0.296191
FTMUSDT,BUY,LIMIT,1701186199153,8199,0.301879
FTMUSDT,BUY,LIMIT,1701186200349,511,0.301999
FTMUSDT,BUY,LIMIT,1701186325049,463,0.302990
FTMUSDT,BUY,LIMIT,1701186329184,7128,0.303093
FTMUSDT,BUY,LIMIT,1701186330761,297,0.303161
FTMUSDT,BUY,LIMIT,1701186355370,48,0.303293
FTMUSDT,BUY,LIMIT,1701186371573,1482,0.303681
FTMUSDT,SELL,LIMIT,1701189996888,1506,0.300602
FTMUSDT,BUY,LIMIT,1701190273183,698,0.304961
FTMUSDT,BUY,LIMIT,1701190276314,307,0.305085
FTMUSDT,BUY,LIMIT,1701190283202,1500,0.305273
FTMUSDT,BUY,LIMIT,1701190339445,6401,0.305854
FTMUSDT,BUY,LIMIT,1701190341437,7213,0.305917
FTMUSDT,BUY,LIMIT,1701192025160,2249,0.307042
FTMUSDT,BUY,LIMIT,1701192030879,83,0.307190
FTMUSDT,BUY,LIMIT,1701192033661,139,0.307101
FTMUSDT,BUY,LIMIT,1701192068544,63380,0.308610
FTMUSDT,BUY,LIMIT,1701192140616,2948,0.307982
FTMUSDT,BUY,LIMIT,1701192143574,350,0.308607
FTMUSDT,BUY,LIMIT,1701192155539,2121,0.308956
FTMUSDT,BUY,LIMIT,1701192349913,360,0.309241
FTMUSDT,BUY,LIMIT,1701193284394,1766,0.309494
FTMUSDT,BUY,LIMIT,1701193323441,5000,0.309917
FTMUSDT,BUY,LIMIT,1701193505972,315,0.310665
FTMUSDT,BUY,LIMIT,1701193663294,4437,0.311820
FTMUSDT,BUY,LIMIT,1701193679894,2859,0.312150
FTMUSDT,BUY,LIMIT,1701193698238,298,0.312164
FTMUSDT,BUY,LIMIT,1701194149098,30,0.313394
FTMUSDT,BUY,LIMIT,1701194151020,454,0.313725
FTMUSDT,BUY,LIMIT,1701194484581,185,0.314129
FTMUSDT,BUY,LIMIT,1701194492995,3552,0.314525
FTMUSDT,BUY,LIMIT,1701195179109,1505,0.314784
FTMUSDT,BUY,LIMIT,1701195197131,52378,0.316447
FTMUSDT,BUY,LIMIT,1701195231205,5177,0.316280
FTMUSDT,BUY,LIMIT,1701195236033,638,0.316554
FTMUSDT,BUY,LIMIT,1701195239833,234,0.316653
FTMUSDT,BUY,LIMIT,1701200524273,2482,0.316872
FTMUSDT,BUY,LIMIT,1701202018731,69,0.317235
FTMUSDT,BUY,LIMIT,1701202359779,190,0.317461
FTMUSDT,BUY,LIMIT,1701202423087,317,0.317667
FTMUSDT,BUY,LIMIT,1701202447337,4068,0.318654
FTMUSDT,BUY,LIMIT,1701202526822,153,0.319006
FTMUSDT,BUY,LIMIT,1701202528436,524,0.319202
FTMUSDT,BUY,LIMIT,1701202646234,329,0.319700
FTMUSDT,BUY,LIMIT,1701202791754,9557,0.320115
FTMUSDT,BUY,LIMIT,1701202849540,487,0.320768
FTMUSDT,BUY,LIMIT,1701202854446,4045,0.320941
FTMUSDT,BUY,LIMIT,1701202867310,16220,0.321174
FTMUSDT,BUY,LIMIT,1701202942612,12518,0.321415
FTMUSDT,BUY,LIMIT,1701204771850,44192,0.322821
FTMUSDT,SELL,LIMIT,1701216846101,594,0.315020
FTMUSDT,SELL,LIMIT,1701229040525,434,0.313716
FTMUSDT,SELL,LIMIT,1701229682925,2703,0.312960
FTMUSDT,SELL,LIMIT,1701229700447,253,0.312685
FTMUSDT,SELL,LIMIT,1701231378474,2409,0.312153
FTMUSDT,SELL,LIMIT,1701232015672,86,0.311762
FTMUSDT,BUY,LIMIT,1701240740921,274,0.318744
FTMUSDT,SELL,LIMIT,1701244020544,1643,0.312785
FTMUSDT,BUY,LIMIT,1701247359925,522,0.318678
FTMUSDT,BUY,LIMIT,1701247567855,86,0.318984
FTMUSDT,BUY,LIMIT,1701247782374,112,0.319338
FTMUSDT,BUY,LIMIT,1701248330021,782,0.320536
FTMUSDT,BUY,LIMIT,1701248346028,95,0.320511
FTMUSDT,BUY,LIMIT,1701248565168,713,0.320625
FTMUSDT,BUY,LIMIT,1701248566319,1748,0.320664
FTMUSDT,BUY,LIMIT,1701248808190,532,0.321574
FTMUSDT,BUY,LIMIT,1701248867059,1255,0.322084
FTMUSDT,SELL,LIMIT,1701253412138,164,0.312996
FTMUSDT,SELL,LIMIT,1701254054668,653,0.311457
FTMUSDT,SELL,LIMIT,1701254202365,1304,0.311117
FTMUSDT,SELL,LIMIT,1701254412245,4845,0.310846
FTMUSDT,SELL,LIMIT,1701254417498,84,0.309906
FTMUSDT,SELL,LIMIT,1701254418908,789,0.309750
FTMUSDT,SELL,LIMIT,1701254426854,282,0.309678
