Symbol,Side,Order Type,Time,Quantity,Price
FTMUSDT,SELL,LIMIT,1700990944113,14242,0.314864
FTMUSDT,SELL,LIMIT,1700990945955,300,0.314846
FTMUSDT,SELL,LIMIT,1700994376218,200,0.313560
FTMUSDT,SELL,LIMIT,1700997767392,2060,0.314307
FTMUSDT,SELL,LIMIT,1700999821226,386,0.312927
FTMUSDT,SELL,LIMIT,1701000412235,92,0.312532
FTMUSDT,SELL,LIMIT,1701000462104,157,0.312159
FTMUSDT,SELL,LIMIT,1701000646677,9883,0.311846
FTMUSDT,SELL,LIMIT,1701001398305,136,0.311631
FTMUSDT,SELL,LIMIT,1701001405890,2501,0.311541
FTMUSDT,SELL,LIMIT,1701001502492,13740,0.311578
FTMUSDT,SELL,LIMIT,1701001503343,1973,0.310022
FTMUSDT,SELL,LIMIT,1701001504111,6543,0.309793
FTMUSDT,SELL,LIMIT,1701001505274,415,0.309592
FTMUSDT,SELL,LIMIT,1701006217890,1132,0.309900
FTMUSDT,SELL,LIMIT,1701008440106,1577,0.309742
FTMUSDT,SELL,LIMIT,1701008448556,5000,0.309243
FTMUSDT,SELL,LIMIT,1701009018538,102,0.308836
FTMUSDT,SELL,LIMIT,1701009261435,5155,0.308718
FTMUSDT,SELL,LIMIT,1701009263273,1315,0.308525
FTMUSDT,SELL,LIMIT,1701009272064,17,0.308013
FTMUSDT,SELL,LIMIT,1701009273451,1372,0.307913
FTMUSDT,SELL,LIMIT,1701009282103,461,0.307658
FTMUSDT,SELL,LIMIT,1701009290986,2050,0.307546
FTMUSDT,SELL,LIMIT,1701013685292,3463,0.309408
FTMUSDT,SELL,LIMIT,1701013705214,433,0.309119
FTMUSDT,SELL,LIMIT,1701013824101,234,0.308394
FTMUSDT,SELL,LIMIT,1701013985333,4821,0.307514
FTMUSDT,SELL,LIMIT,1701014034085,994,0.306913
FTMUSDT,SELL,LIMIT,1701014058366,9764,0.306847
FTMUSDT,SELL,LIMIT,1701014631162,1430,0.309806
FTMUSDT,SELL,LIMIT,1701015644388,310,0.307614
FTMUSDT,SELL,LIMIT,1701015672017,5460,0.307271
FTMUSDT,SELL,LIMIT,1701015684297,784,0.306591
FTMUSDT,SELL,LIMIT,1701015685214,1127,0.306574
FTMUSDT,SELL,LIMIT,1701015686161,1682,0.306571
FTMUSDT,SELL,LIMIT,1701015732630,639,0.306433
FTMUSDT,SELL,LIMIT,1701015736086,751,0.306333
FTMUSDT,SELL,LIMIT,1701015748109,113,0.306040
FTMUSDT,SELL,LIMIT,1701015749350,19989,0.305563
FTMUSDT,SELL,LIMIT,1701015751243,3871,0.305662
FTMUSDT,SELL,LIMIT,1701015753168,3446,0.305657
FTMUSDT,SELL,LIMIT,1701015755563,3241,0.305521
FTMUSDT,SELL,LIMIT,1701015758866,797,0.305514
FTMUSDT,SELL,LIMIT,1701015760231,1973,0.305059
FTMUSDT,SELL,LIMIT,1701015761509,695,0.305212
FTMUSDT,SELL,LIMIT,1701015762601,7926,0.304905
FTMUSDT,SELL,LIMIT,1701015840485,5254,0.305542
FTMUSDT,SELL,LIMIT,1701015865186,1734,0.304855
FTMUSDT,SELL,LIMIT,1701015866218,621,0.304857
FTMUSDT,SELL,LIMIT,1701015867521,4142,0.304679
FTMUSDT,SELL,LIMIT,1701015869319,15816,0.304699
FTMUSDT,SELL,LIMIT,1701015871493,1976,0.304463
FTMUSDT,SELL,LIMIT,1701016013452,48,0.304363
FTMUSDT,SELL,LIMIT,1701016019485,2000,0.304100
FTMUSDT,SELL,LIMIT,1701016021777,19,0.303940
FTMUSDT,SELL,LIMIT,1701016028959,10000,0.305436
FTMUSDT,SELL,LIMIT,1701016030413,484,0.303581
FTMUSDT,SELL,LIMIT,1701016031924,858,0.303545
FTMUSDT,SELL,LIMIT,1701016034852,452,0.303334
FTMUSDT,SELL,LIMIT,1701016036323,1567,0.303159
FTMUSDT,SELL,LIMIT,1701016037638,3112,0.302808
FTMUSDT,SELL,LIMIT,1701016038947,15523,0.302742
FTMUSDT,SELL,LIMIT,1701016041312,115,0.302522
FTMUSDT,SELL,LIMIT,1701016042372,977,0.301566
FTMUSDT,SELL,LIMIT,1701016043343,62,0.302315
FTMUSDT,SELL,LIMIT,1701016044457,3916,0.301131
FTMUSDT,SELL,LIMIT,1701016045286,503,0.300960
FTMUSDT,SELL,LIMIT,1701016046186,14615,0.300697
FTMUSDT,SELL,LIMIT,1701016098368,756,0.300633
FTMUSDT,SELL,LIMIT,1701016099410,260,0.300528
FTMUSDT,SELL,LIMIT,1701016100395,530,0.300540
FTMUSDT,SELL,LIMIT,1701016101304,728,0.300302
FTMUSDT,SELL,LIMIT,1701016102133,5000,0.300302
FTMUSDT,SELL,LIMIT,1701016103293,4006,0.300296
FTMUSDT,SELL,LIMIT,1701016104269,10101,0.300317
FTMUSDT,BUY,LIMIT,1701025661794,16361,0.311602
FTMUSDT,BUY,LIMIT,1701025829275,1633,0.312058
FTMUSDT,BUY,LIMIT,1701025836695,5644,0.312123
FTMUSDT,SELL,LIMIT,1701027466123,7107,0.307377
FTMUSDT,BUY,LIMIT,1701030026870,547,0.311836
FTMUSDT,BUY,LIMIT,1701031591513,208,0.313314
FTMUSDT,BUY,LIMIT,1701031752736,3500,0.314580
FTMUSDT,BUY,LIMIT,1701031889208,6953,0.315014
FTMUSDT,BUY,LIMIT,1701038046189,343,0.315684
FTMUSDT,BUY,LIMIT,1701045568249,100,0.314462
FTMUSDT,BUY,LIMIT,1701046567296,6617,0.313670
FTMUSDT,SELL,LIMIT,1701049579261,1682,0.306701
FTMUSDT,SELL,LIMIT,1701049595231,144,0.306631
FTMUSDT,SELL,LIMIT,1701050661682,1967,0.306315
FTMUSDT,SELL,LIMIT,1701050755505,66,0.306095
FTMUSDT,SELL,LIMIT,1701051936446,321,0.304721
FTMUSDT,SELL,LIMIT,1701052723571,1336,0.304182
FTMUSDT,SELL,LIMIT,1701052725239,40,0.304102
FTMUSDT,SELL,LIMIT,1701052827004,11400,0.303796
FTMUSDT,SELL,LIMIT,1701053560636,323,0.303039
FTMUSDT,SELL,LIMIT,1701054453220,66,0.302844
FTMUSDT,SELL,LIMIT,1701055062216,3863,0.302673
FTMUSDT,SELL,LIMIT,1701055755255,1326,0.302090
FTMUSDT,SELL,LIMIT,1701055967403,1199,0.302007
FTMUSDT,SELL,LIMIT,1701056018552,126,0.301951
FTMUSDT,SELL,LIMIT,1701056043348,156,0.301954
FTMUSDT,SELL,LIMIT,1701056045228,162,0.301934
FTMUSDT,SELL,LIMIT,1701056050662,187,0.301878
FTMUSDT,SELL,LIMIT,1701056098293,801,0.301352
FTMUSDT,SELL,LIMIT,1701056136687,467,0.300862
FTMUSDT,SELL,LIMIT,1701056162971,1329,0.300773
FTMUSDT,SELL,LIMIT,1701056164755,225,0.300639
