Symbol,Side,Order Type,Time,Quantity,Price
FTMUSDT,SELL,LIMIT,1701916502907,70,0.329491
FTMUSDT,SELL,LIMIT,1701916606917,3987,0.329313
FTMUSDT,SELL,LIMIT,1701918451313,1810,0.328941
FTMUSDT,SELL,LIMIT,1701918474268,2215,0.328868
FTMUSDT,SELL,LIMIT,1701919098111,357,0.328288
FTMUSDT,SELL,LIMIT,1701919103910,598,0.328019
FTMUSDT,BUY,LIMIT,1701922079326,34,0.338085
FTMUSDT,BUY,LIMIT,1701922914220,3011,0.341039
FTMUSDT,BUY,LIMIT,1701924304537,375,0.344926
FTMUSDT,SELL,LIMIT,1701937357733,739,0.333622
FTMUSDT,SELL,LIMIT,1701937395083,4853,0.333217
FTMUSDT,SELL,LIMIT,1701939368099,14750,0.331980
FTMUSDT,SELL,LIMIT,1701940011564,858,0.330704
FTMUSDT,SELL,LIMIT,1701940013019,7244,0.330631
FTMUSDT,SELL,LIMIT,1701940033274,178,0.330111
FTMUSDT,SELL,LIMIT,1701940427108,3000,0.329349
FTMUSDT,SELL,LIMIT,1701940469980,351,0.329622
FTMUSDT,SELL,LIMIT,1701940475837,2695,0.328688
FTMUSDT,SELL,LIMIT,1701940553097,3140,0.328448
FTMUSDT,SELL,LIMIT,1701940554272,950,0.328219
FTMUSDT,SELL,LIMIT,1701940556644,1468,0.328653
FTMUSDT,SELL,LIMIT,1701940558136,60,0.328021
FTMUSDT,SELL,LIMIT,1701940559298,2067,0.327989
FTMUSDT,SELL,LIMIT,1701940560727,1171,0.327829
FTMUSDT,SELL,LIMIT,1701940562243,3483,0.327809
FTMUSDT,SELL,LIMIT,1701940564112,291,0.327496
FTMUSDT,SELL,LIMIT,1701940565379,1504,0.327436
FTMUSDT,SELL,LIMIT,1701940568479,1907,0.327308
FTMUSDT,SELL,LIMIT,1701940986055,862,0.326473
FTMUSDT,SELL,LIMIT,1701941066063,62,0.325961
FTMUSDT,SELL,LIMIT,1701941067090,152,0.325953
FTMUSDT,SELL,LIMIT,1701941069699,1725,0.325896
FTMUSDT,SELL,LIMIT,1701941070716,8203,0.325747
FTMUSDT,SELL,LIMIT,1701941074245,4138,0.325556
FTMUSDT,SELL,LIMIT,1701941112168,20000,0.325046
FTMUSDT,SELL,LIMIT,1701941152846,15,0.325117
FTMUSDT,SELL,LIMIT,1701941156776,35525,0.324098
FTMUSDT,SELL,LIMIT,1701941159011,427,0.324713
FTMUSDT,SELL,LIMIT,1701941169308,133,0.324220
FTMUSDT,SELL,LIMIT,1701941170317,1249,0.324197
FTMUSDT,SELL,LIMIT,1701941174141,2522,0.324144
FTMUSDT,SELL,LIMIT,1701941180146,1617,0.324054
FTMUSDT,SELL,LIMIT,1701941181452,2933,0.324003
FTMUSDT,SELL,LIMIT,1701941185413,3647,0.323694
FTMUSDT,SELL,LIMIT,1701941187187,1802,0.323332
FTMUSDT,SELL,LIMIT,1701941189141,11525,0.322955
FTMUSDT,SELL,LIMIT,1701941191367,641,0.322850
FTMUSDT,SELL,LIMIT,1701941192950,201,0.322708
FTMUSDT,SELL,LIMIT,1701941233449,142,0.323355
FTMUSDT,SELL,LIMIT,1701941236959,3152,0.334499
FTMUSDT,SELL,LIMIT,1701941238000,5833,0.322406
FTMUSDT,SELL,LIMIT,1701941246472,590,0.321992
FTMUSDT,SELL,LIMIT,1701941248116,22,0.321789
FTMUSDT,SELL,LIMIT,1701941256146,6651,0.321671
FTMUSDT,SELL,LIMIT,1701941271210,1757,0.321593
FTMUSDT,BUY,LIMIT,1701941725985,506,0.331446
FTMUSDT,BUY,LIMIT,1701942361127,971,0.335988
FTMUSDT,BUY,LIMIT,1701942459263,420,0.337471
FTMUSDT,BUY,LIMIT,1701942612557,124,0.338504
FTMUSDT,SELL,LIMIT,1701946488241,3000,0.327434
FTMUSDT,BUY,LIMIT,1701952311247,7113,0.337220
FTMUSDT,BUY,LIMIT,1701952692412,772,0.338420
FTMUSDT,BUY,LIMIT,1701953382924,201,0.340650
FTMUSDT,BUY,LIMIT,1701953411323,11,0.340949
FTMUSDT,BUY,LIMIT,1701953466313,482,0.341392
FTMUSDT,BUY,LIMIT,1701953861268,44,0.342346
FTMUSDT,BUY,LIMIT,1701953976590,1,0.341034
FTMUSDT,SELL,LIMIT,1701956136900,967,0.331393
FTMUSDT,SELL,LIMIT,1701956581176,1786,0.330812
FTMUSDT,BUY,LIMIT,1701963024032,7944,0.340229
FTMUSDT,SELL,LIMIT,1701964233964,164,0.335879
FTMUSDT,BUY,LIMIT,1701965058187,239,0.339828
FTMUSDT,BUY,LIMIT,1701966085957,122,0.343140
FTMUSDT,BUY,LIMIT,1701966163403,6680,0.343477
FTMUSDT,BUY,LIMIT,1701966410559,8621,0.344409
FTMUSDT,BUY,LIMIT,1701966851443,76,0.345053
FTMUSDT,BUY,LIMIT,1701966862415,5692,0.345531
FTMUSDT,BUY,LIMIT,1701966964225,3569,0.346369
FTMUSDT,BUY,LIMIT,1701967116531,3155,0.346486
FTMUSDT,BUY,LIMIT,1701967118374,5306,0.346510
FTMUSDT,SELL,LIMIT,1701967319928,24,0.346183
FTMUSDT,BUY,LIMIT,1701968964250,91,0.347454
FTMUSDT,BUY,LIMIT,1701969248389,14556,0.348228
FTMUSDT,BUY,LIMIT,1701969306046,60,0.348407
FTMUSDT,BUY,LIMIT,1701969314345,26556,0.349058
FTMUSDT,BUY,LIMIT,1701969322053,4657,0.348485
FTMUSDT,BUY,LIMIT,1701969627189,180,0.349186
FTMUSDT,BUY,LIMIT,1701969635077,7345,0.349586
FTMUSDT,BUY,LIMIT,1701969637316,1172,0.349747
FTMUSDT,BUY,LIMIT,1701969727509,2315,0.349995
FTMUSDT,BUY,LIMIT,1701969730203,4748,0.350144
FTMUSDT,BUY,LIMIT,1701969733818,2737,0.350198
FTMUSDT,SELL,LIMIT,1701971016866,3596,0.341241
FTMUSDT,SELL,LIMIT,1701971045064,2165,0.341278
FTMUSDT,SELL,LIMIT,1701974079778,293,0.340915
FTMUSDT,SELL,LIMIT,1701974756490,750,0.338900
FTMUSDT,SELL,LIMIT,1701976303370,95,0.337861
FTMUSDT,SELL,LIMIT,1701976307260,9066,0.337784
FTMUSDT,SELL,LIMIT,1701976308354,17,0.337807
FTMUSDT,SELL,LIMIT,1701976423867,14513,0.337598
FTMUSDT,SELL,LIMIT,1701976454741,1931,0.337668
FTMUSDT,SELL,LIMIT,1701976458644,1437,0.337371
FTMUSDT,SELL,LIMIT,1701976688156,120,0.336799
FTMUSDT,SELL,LIMIT,1701978084371,7027,0.334378
FTMUSDT,SELL,LIMIT,1701978116238,164,0.333981
FTMUSDT,SELL,LIMIT,1701978279329,1658,0.333617
FTMUSDT,SELL,LIMIT,1701981532001,2593,0.332992
FTMUSDT,SELL,LIMIT,1701981574226,20,0.332888
FTMUSDT,SELL,LIMIT,1701981591154,2758,0.332692
FTMUSDT,BUY,LIMIT,1701983872356,14527,0.339474
FTMUSDT,BUY,LIMIT,1701984320395,46,0.343482
FTMUSDT,BUY,LIMIT,1701984738787,1661,0.344591
FTMUSDT,BUY,LIMIT,1701984766429,300,0.345259
FTMUSDT,BUY,LIMIT,1701984771694,330,0.345201
FTMUSDT,SELL,LIMIT,1701988462599,8410,0.336602
FTMUSDT,SELL,LIMIT,1701988481936,106,0.336337
FTMUSDT,BUY,LIMIT,1701995310978,377,0.346781
FTMUSDT,BUY,LIMIT,1701995370202,447,0.347247
FTMUSDT,BUY,LIMIT,1702004071099,870,0.347371
FTMUSDT,BUY,LIMIT,1702005634458,249,0.349470
FTMUSDT,BUY,LIMIT,1702005644235,490,0.349580
FTMUSDT,BUY,LIMIT,1702005654646,565,0.349755
FTMUSDT,BUY,LIMIT,1702005658310,292,0.350045
FTMUSDT,BUY,LIMIT,1702005669226,11255,0.350096
FTMUSDT,BUY,LIMIT,1702005672363,51627,0.351366
FTMUSDT,BUY,LIMIT,1702005827542,4505,0.350809
FTMUSDT,BUY,LIMIT,1702005865404,603,0.351012
FTMUSDT,BUY,LIMIT,1702005889230,26,0.351179
FTMUSDT,BUY,LIMIT,1702005915358,81,0.351283
FTMUSDT,BUY,LIMIT,1702006112358,68,0.351576
FTMUSDT,BUY,LIMIT,1702006370191,611,0.351967
FTMUSDT,BUY,LIMIT,1702006588937,1212,0.352468
FTMUSDT,BUY,LIMIT,1702006594909,1172,0.352401
FTMUSDT,BUY,LIMIT,1702006750362,1788,0.352782
FTMUSDT,BUY,LIMIT,1702006894764,4429,0.352959
FTMUSDT,BUY,LIMIT,1702006900002,288,0.353156
FTMUSDT,BUY,LIMIT,1702006924078,219,0.354004
FTMUSDT,BUY,LIMIT,1702006925147,654,0.353705
FTMUSDT,BUY,LIMIT,1702007154540,82,0.354050
FTMUSDT,BUY,LIMIT,1702007243812,295,0.354705
FTMUSDT,BUY,LIMIT,1702007252971,2913,0.355372
FTMUSDT,BUY,LIMIT,1702008861814,18496,0.355368
FTMUSDT,BUY,LIMIT,1702008867046,887,0.355845
FTMUSDT,BUY,LIMIT,1702008919485,475,0.356291
FTMUSDT,SELL,LIMIT,1702013480875,15,0.348726
FTMUSDT,BUY,LIMIT,1702021280855,596,0.355936
FTMUSDT,BUY,LIMIT,1702021849509,6443,0.356358
FTMUSDT,BUY,LIMIT,1702024501339,16,0.348958
FTMUSDT,BUY,LIMIT,1702027207542,15710,0.356632
FTMUSDT,BUY,LIMIT,1702027214309,3274,0.356484
FTMUSDT,BUY,LIMIT,1702027575191,129,0.357130
FTMUSDT,BUY,LIMIT,1702027641433,8917,0.357594
FTMUSDT,BUY,LIMIT,1702027715710,3083,0.358136
FTMUSDT,BUY,LIMIT,1702027839188,10450,0.358561
FTMUSDT,BUY,LIMIT,1702027840414,7184,0.358465
FTMUSDT,BUY,LIMIT,1702034889682,4908,0.359902
FTMUSDT,BUY,LIMIT,1702034922663,42,0.360009
FTMUSDT,BUY,LIMIT,1702034974334,139,0.360111
FTMUSDT,BUY,LIMIT,1702034976498,60,0.360168
FTMUSDT,BUY,LIMIT,1702034994720,44268,0.361255
FTMUSDT,BUY,LIMIT,1702035164323,359,0.360801
FTMUSDT,BUY,LIMIT,1702035193040,498,0.361052
FTMUSDT,SELL,LIMIT,1702035301341,118,0.356946
FTMUSDT,BUY,LIMIT,1702035570013,37,0.361822
FTMUSDT,BUY,LIMIT,1702035606067,19,0.361844
FTMUSDT,BUY,LIMIT,1702035615554,66,0.361944
FTMUSDT,BUY,LIMIT,1702035635940,898,0.362085
FTMUSDT,BUY,LIMIT,1702035716811,454,0.362234
FTMUSDT,BUY,LIMIT,1702035731267,77692,0.363800
FTMUSDT,BUY,LIMIT,1702035739144,735,0.362972
FTMUSDT,BUY,LIMIT,1702035785316,2877,0.363332
FTMUSDT,BUY,LIMIT,1702035787603,1033,0.363473
FTMUSDT,BUY,LIMIT,1702035855501,17437,0.363907
FTMUSDT,BUY,LIMIT,1702035869752,450,0.363806
FTMUSDT,BUY,LIMIT,1702035911194,209,0.364447
FTMUSDT,BUY,LIMIT,1702035912503,4193,0.364351
FTMUSDT,BUY,LIMIT,1702035917575,129,0.365119
FTMUSDT,BUY,LIMIT,1702035919921,14080,0.365168
FTMUSDT,BUY,LIMIT,1702035957432,45,0.365530
FTMUSDT,BUY,LIMIT,1702035959213,235,0.365716
FTMUSDT,BUY,LIMIT,1702035972903,5745,0.366007
FTMUSDT,BUY,LIMIT,1702036001142,7992,0.366564
FTMUSDT,BUY,LIMIT,1702036002862,755,0.366616
FTMUSDT,BUY,LIMIT,1702036076332,13966,0.366676
FTMUSDT,BUY,LIMIT,1702036078402,4398,0.366808
FTMUSDT,BUY,LIMIT,1702036159196,177,0.364976
FTMUSDT,SELL,LIMIT,1702037055951,10301,0.359530
FTMUSDT,SELL,LIMIT,1702038309436,1010,0.356578
FTMUSDT,BUY,LIMIT,1702039097275,66,0.361958
FTMUSDT,SELL,LIMIT,1702040310316,97,0.356033
FTMUSDT,SELL,LIMIT,1702040487771,4570,0.354539
FTMUSDT,BUY,LIMIT,1702046007479,704,0.364981
FTMUSDT,BUY,LIMIT,1702046141239,6237,0.365904
FTMUSDT,BUY,LIMIT,1702046144057,1922,0.366006
FTMUSDT,BUY,LIMIT,1702046193181,4172,0.366511
FTMUSDT,BUY,LIMIT,1702046470390,326,0.367410
FTMUSDT,BUY,LIMIT,1702046473166,58,0.367930
FTMUSDT,BUY,LIMIT,1702046491794,632,0.368002
FTMUSDT,SELL,LIMIT,1702049356224,5389,0.357751
FTMUSDT,SELL,LIMIT,1702051386220,136,0.407951
FTMUSDT,BUY,LIMIT,1702051449196,1430,0.368482
FTMUSDT,BUY,LIMIT,1702051458733,21990,0.369203
FTMUSDT,BUY,LIMIT,1702051460528,848,0.368790
FTMUSDT,BUY,LIMIT,1702051482464,1422,0.369112
FTMUSDT,BUY,LIMIT,1702051498214,1254,0.369165
FTMUSDT,BUY,LIMIT,1702051501763,102,0.369204
FTMUSDT,BUY,LIMIT,1702051519916,2788,0.369469
FTMUSDT,BUY,LIMIT,1702051561196,252,0.369676
FTMUSDT,BUY,LIMIT,1702051562359,7717,0.369742
FTMUSDT,BUY,LIMIT,1702051568472,18,0.369604
FTMUSDT,BUY,LIMIT,1702051749306,3958,0.369969
FTMUSDT,BUY,LIMIT,1702052109206,1677,0.370237
FTMUSDT,BUY,LIMIT,1702052110368,706,0.370263
FTMUSDT,BUY,LIMIT,1702052147458,16,0.370957
FTMUSDT,BUY,LIMIT,1702052150288,143,0.371016
FTMUSDT,BUY,LIMIT,1702052155222,136,0.371139
FTMUSDT,BUY,LIMIT,1702052161448,141,0.371121
FTMUSDT,BUY,LIMIT,1702052620102,3261,0.371965
FTMUSDT,BUY,LIMIT,1702052621327,3413,0.371909
FTMUSDT,BUY,LIMIT,1702052625836,58654,0.373492
FTMUSDT,BUY,LIMIT,1702053174260,13718,0.372242
FTMUSDT,BUY,LIMIT,1702053202447,2912,0.372220
FTMUSDT,BUY,LIMIT,1702053482208,70,0.372395
FTMUSDT,BUY,LIMIT,1702053523492,45,0.372924
FTMUSDT,BUY,LIMIT,1702053590408,193,0.373139
FTMUSDT,SELL,LIMIT,1702055562844,19,0.362296
FTMUSDT,SELL,LIMIT,1702055733873,49,0.361310
FTMUSDT,SELL,LIMIT,1702055735721,6366,0.361131
FTMUSDT,SELL,LIMIT,1702057309284,65,0.360521
FTMUSDT,SELL,LIMIT,1702058954076,794,0.359686
FTMUSDT,SELL,LIMIT,1702058992260,962,0.359484
FTMUSDT,BUY,LIMIT,1702065293421,3317,0.369059
FTMUSDT,BUY,LIMIT,1702065317102,260,0.369378
FTMUSDT,BUY,LIMIT,1702067590379,4931,0.369503
FTMUSDT,BUY,LIMIT,1702068046296,578,0.370912
FTMUSDT,SELL,LIMIT,1702068899700,187,0.368643
FTMUSDT,BUY,LIMIT,1702069078918,140,0.371918
FTMUSDT,SELL,LIMIT,1702074268949,557,0.365025
FTMUSDT,BUY,LIMIT,1702080298768,2751,0.372734
FTMUSDT,SELL,LIMIT,1702080317072,365,0.368293
FTMUSDT,BUY,LIMIT,1702080372170,5102,0.372608
FTMUSDT,BUY,LIMIT,1702080402587,703,0.372735
FTMUSDT,BUY,LIMIT,1702080420734,579,0.372793
FTMUSDT,BUY,LIMIT,1702080559686,137,0.373531
FTMUSDT,BUY,LIMIT,1702080561431,38937,0.374841
FTMUSDT,BUY,LIMIT,1702080608526,52,0.374212
FTMUSDT,BUY,LIMIT,1702080683816,30,0.374624
FTMUSDT,BUY,LIMIT,1702080689668,807,0.374860
FTMUSDT,BUY,LIMIT,1702080698170,47,0.375015
FTMUSDT,BUY,LIMIT,1702080707060,56934,0.376380
FTMUSDT,BUY,LIMIT,1702080727007,1214,0.375742
FTMUSDT,BUY,LIMIT,1702080749655,698,0.376488
FTMUSDT,BUY,LIMIT,1702080779309,26,0.376790
FTMUSDT,BUY,LIMIT,1702080894819,214,0.377142
FTMUSDT,BUY,LIMIT,1702081258955,2837,0.377486
FTMUSDT,BUY,LIMIT,1702081264518,366666,0.382759
FTMUSDT,BUY,LIMIT,1702081266056,965,0.377769
FTMUSDT,BUY,LIMIT,1702081267603,229,0.377855
FTMUSDT,BUY,LIMIT,1702081279376,1195,0.377916
FTMUSDT,BUY,LIMIT,1702081285093,2705,0.378099
FTMUSDT,BUY,LIMIT,1702081324203,754,0.378660
FTMUSDT,BUY,LIMIT,1702081343353,33771,0.379626
FTMUSDT,BUY,LIMIT,1702081436168,40159,0.380030
FTMUSDT,BUY,LIMIT,1702081471313,1007,0.379563
FTMUSDT,BUY,LIMIT,1702081563498,696,0.379941
FTMUSDT,BUY,LIMIT,1702081567259,1581,0.379998
FTMUSDT,BUY,LIMIT,1702081569138,6848,0.380083
FTMUSDT,BUY,LIMIT,1702081592277,880,0.380456
FTMUSDT,BUY,LIMIT,1702081594328,7376,0.380502
FTMUSDT,BUY,LIMIT,1702081635436,200,0.379765
FTMUSDT,BUY,LIMIT,1702081703804,2122,0.379765
FTMUSDT,BUY,LIMIT,1702081984546,706,0.379647
FTMUSDT,BUY,LIMIT,1702082077004,151,0.374734
FTMUSDT,BUY,LIMIT,1702082165971,8275,0.380572
FTMUSDT,BUY,LIMIT,1702082308476,514,0.380938
FTMUSDT,BUY,LIMIT,1702082435699,1456,0.381029
FTMUSDT,BUY,LIMIT,1702082439550,606,0.381653
FTMUSDT,BUY,LIMIT,1702082440600,62,0.381292
FTMUSDT,BUY,LIMIT,1702082550706,255,0.381537
FTMUSDT,BUY,LIMIT,1702082590231,451,0.381583
FTMUSDT,BUY,LIMIT,1702082592195,288,0.381692
FTMUSDT,BUY,LIMIT,1702082730096,809,0.382011
FTMUSDT,BUY,LIMIT,1702082886165,367,0.382868
FTMUSDT,BUY,LIMIT,1702082891041,4325,0.382675
FTMUSDT,BUY,LIMIT,1702082974937,712,0.381978
FTMUSDT,BUY,LIMIT,1702083047262,1481,0.380975
FTMUSDT,BUY,LIMIT,1702083126195,703,0.381122
FTMUSDT,BUY,LIMIT,1702083508854,153,0.383139
FTMUSDT,BUY,LIMIT,1702083514783,797,0.383325
FTMUSDT,BUY,LIMIT,1702083519695,1354,0.383679
FTMUSDT,BUY,LIMIT,1702083546329,80510,0.385355
FTMUSDT,BUY,LIMIT,1702083548185,36564,0.385146
FTMUSDT,BUY,LIMIT,1702083601271,247452,0.388872
FTMUSDT,BUY,LIMIT,1702083602381,381,0.384859
FTMUSDT,BUY,LIMIT,1702083606765,3379,0.385032
FTMUSDT,BUY,LIMIT,1702083613056,756,0.385150
FTMUSDT,BUY,LIMIT,1702083617418,7645,0.385378
FTMUSDT,BUY,LIMIT,1702083618476,99,0.385365
FTMUSDT,BUY,LIMIT,1702083621111,3830,0.385994
FTMUSDT,BUY,LIMIT,1702083727592,7466,0.386195
FTMUSDT,BUY,LIMIT,1702083732410,147085,0.388301
FTMUSDT,BUY,LIMIT,1702083734444,9213,0.386369
FTMUSDT,BUY,LIMIT,1702083737811,9311,0.386548
FTMUSDT,BUY,LIMIT,1702083740384,25,0.386815
FTMUSDT,BUY,LIMIT,1702083858163,584,0.387055
FTMUSDT,BUY,LIMIT,1702083891465,132,0.387109
FTMUSDT,BUY,LIMIT,1702083909542,249,0.387479
FTMUSDT,SELL,LIMIT,1702084089255,7,0.379808
FTMUSDT,BUY,LIMIT,1702084525245,13571,0.388253
FTMUSDT,BUY,LIMIT,1702084540255,593,0.388431
FTMUSDT,BUY,LIMIT,1702084543856,22,0.388714
FTMUSDT,BUY,LIMIT,1702084544879,363,0.388885
FTMUSDT,BUY,LIMIT,1702084548530,18871,0.389935
FTMUSDT,BUY,LIMIT,1702084554282,13075,0.389853
FTMUSDT,BUY,LIMIT,1702084555498,4320,0.389967
FTMUSDT,BUY,LIMIT,1702084562336,910,0.390403
FTMUSDT,BUY,LIMIT,1702084589453,199,0.390444
FTMUSDT,BUY,LIMIT,1702084601740,1304,0.390774
FTMUSDT,BUY,LIMIT,1702085716039,6921,0.390870
FTMUSDT,BUY,LIMIT,1702085718245,37,0.391360
FTMUSDT,BUY,LIMIT,1702085735226,33,0.391488
FTMUSDT,BUY,LIMIT,1702085737098,50,0.391578
FTMUSDT,BUY,LIMIT,1702085765364,880,0.391233
FTMUSDT,BUY,LIMIT,1702085794953,4243,0.390789
FTMUSDT,BUY,LIMIT,1702087618240,150,0.391073
FTMUSDT,BUY,LIMIT,1702087628821,465,0.391066
FTMUSDT,BUY,LIMIT,1702087887200,1288,0.391754
FTMUSDT,BUY,LIMIT,1702087937132,64,0.393221
FTMUSDT,BUY,LIMIT,1702087942068,171,0.393249
FTMUSDT,BUY,LIMIT,1702087944784,2592,0.393521
FTMUSDT,BUY,LIMIT,1702092158653,1545,0.386289
FTMUSDT,SELL,LIMIT,1702093625821,699,0.380435
FTMUSDT,SELL,LIMIT,1702093712160,1193,0.380339
FTMUSDT,SELL,LIMIT,1702094640017,28,0.379808
FTMUSDT,BUY,LIMIT,1702095266441,4944,0.386298
FTMUSDT,BUY,LIMIT,1702095969404,6332,0.388607
FTMUSDT,BUY,LIMIT,1702096358528,509,0.388662
FTMUSDT,BUY,LIMIT,1702097212156,706,0.388114
FTMUSDT,BUY,LIMIT,1702097805241,4326,0.391356
FTMUSDT,BUY,LIMIT,1702098151613,29664,0.390337
FTMUSDT,BUY,LIMIT,1702099041040,1100,0.390227
FTMUSDT,SELL,LIMIT,1702099143647,1036,0.385038
FTMUSDT,BUY,LIMIT,1702101644302,1278,0.391132
FTMUSDT,BUY,LIMIT,1702101908551,539,0.390428
FTMUSDT,BUY,LIMIT,1702102153620,29,0.389774
FTMUSDT,BUY,LIMIT,1702102270122,53,0.391589
FTMUSDT,BUY,LIMIT,1702102307107,64616,0.395039
FTMUSDT,BUY,LIMIT,1702102308358,2068,0.393832
FTMUSDT,BUY,LIMIT,1702102310077,271,0.395667
FTMUSDT,BUY,LIMIT,1702102311191,67,0.395008
FTMUSDT,BUY,LIMIT,1702102312705,701,0.396723
FTMUSDT,BUY,LIMIT,1702102313739,7500,0.397305
FTMUSDT,BUY,LIMIT,1702102316464,101946,0.399298
FTMUSDT,BUY,LIMIT,1702102317563,6907,0.398358
FTMUSDT,BUY,LIMIT,1702102318803,764,0.398496
FTMUSDT,BUY,LIMIT,1702102319951,2722,0.399029
FTMUSDT,BUY,LIMIT,1702102321315,302,0.400247
FTMUSDT,BUY,LIMIT,1702102322547,98,0.401476
FTMUSDT,BUY,LIMIT,1702102327435,89,0.401938
FTMUSDT,BUY,LIMIT,1702102329737,404,0.402778
FTMUSDT,BUY,LIMIT,1702102332415,15554,0.403063
FTMUSDT,BUY,LIMIT,1702102359572,107,0.403229
FTMUSDT,BUY,LIMIT,1702102361560,370,0.404101
FTMUSDT,BUY,LIMIT,1702102364072,2231,0.403929
FTMUSDT,BUY,LIMIT,1702102388055,15000,0.395131
FTMUSDT,BUY,LIMIT,1702102929864,703,0.399683
FTMUSDT,BUY,LIMIT,1702103111875,2109,0.400518
FTMUSDT,BUY,LIMIT,1702103113625,3767,0.400576
FTMUSDT,BUY,LIMIT,1702103212393,2243,0.399986
FTMUSDT,BUY,LIMIT,1702103290286,304,0.402120
FTMUSDT,BUY,LIMIT,1702103334796,14,0.403922
FTMUSDT,BUY,LIMIT,1702103341355,1004,0.405428
FTMUSDT,BUY,LIMIT,1702103342574,6756,0.405598
FTMUSDT,BUY,LIMIT,1702103376621,703,0.405774
FTMUSDT,BUY,LIMIT,1702103530173,227,0.402098
FTMUSDT,BUY,LIMIT,1702103723270,40,0.401612
FTMUSDT,BUY,LIMIT,1702104205112,73,0.406011
FTMUSDT,BUY,LIMIT,1702104206230,3766,0.406480
FTMUSDT,BUY,LIMIT,1702104210591,453,0.406769
FTMUSDT,BUY,LIMIT,1702104504461,832,0.407399
FTMUSDT,BUY,LIMIT,1702104507237,6403,0.407664
FTMUSDT,BUY,LIMIT,1702104511685,12500,0.407920
FTMUSDT,BUY,LIMIT,1702104576934,3204,0.408133
FTMUSDT,BUY,LIMIT,1702104578358,236,0.408393
FTMUSDT,BUY,LIMIT,1702104580157,9778,0.408560
FTMUSDT,BUY,LIMIT,1702104581357,65,0.408661
FTMUSDT,BUY,LIMIT,1702104603048,5128,0.409422
FTMUSDT,BUY,LIMIT,1702104606899,14,0.409415
FTMUSDT,BUY,LIMIT,1702104717898,399,0.411095
FTMUSDT,BUY,LIMIT,1702104720421,313,0.411325
FTMUSDT,BUY,LIMIT,1702104740294,635,0.411546
FTMUSDT,BUY,LIMIT,1702104764205,104,0.411565
FTMUSDT,BUY,LIMIT,1702104800140,975,0.412881
FTMUSDT,BUY,LIMIT,1702104801335,413,0.412932
FTMUSDT,BUY,LIMIT,1702104802667,185,0.413033
FTMUSDT,BUY,LIMIT,1702104804229,7917,0.413541
FTMUSDT,BUY,LIMIT,1702104805296,17140,0.414245
FTMUSDT,BUY,LIMIT,1702104817094,616,0.413943
FTMUSDT,BUY,LIMIT,1702104818369,482,0.413914
FTMUSDT,BUY,LIMIT,1702104981222,4409,0.412955
FTMUSDT,BUY,LIMIT,1702105345009,1457,0.414499
FTMUSDT,BUY,LIMIT,1702105346077,4513,0.415016
FTMUSDT,BUY,LIMIT,1702105350810,326,0.415302
FTMUSDT,BUY,LIMIT,1702105354210,152,0.415720
FTMUSDT,BUY,LIMIT,1702105356485,24,0.416532
FTMUSDT,BUY,LIMIT,1702105360246,263,0.417374
FTMUSDT,BUY,LIMIT,1702105363268,395,0.417924
FTMUSDT,BUY,LIMIT,1702105364379,24,0.418531
FTMUSDT,BUY,LIMIT,1702105368053,358,0.418725
FTMUSDT,BUY,LIMIT,1702105369917,6468,0.419053
FTMUSDT,BUY,LIMIT,1702105371015,695,0.419120
FTMUSDT,BUY,LIMIT,1702105378210,614,0.419122
FTMUSDT,BUY,LIMIT,1702105402196,261,0.419391
FTMUSDT,BUY,LIMIT,1702105409755,1252,0.419493
FTMUSDT,BUY,LIMIT,1702105411093,9619,0.419737
FTMUSDT,BUY,LIMIT,1702105689810,1095,0.416383
FTMUSDT,BUY,LIMIT,1702105694159,365,0.418270
FTMUSDT,BUY,LIMIT,1702106027186,7000,0.418939
FTMUSDT,BUY,LIMIT,1702106031105,23,0.419307
FTMUSDT,SELL,LIMIT,1702107292868,718,0.408637
FTMUSDT,SELL,LIMIT,1702107632210,8591,0.407515
FTMUSDT,SELL,LIMIT,1702107642089,20,0.407147
FTMUSDT,SELL,LIMIT,1702108418160,943,0.407787
FTMUSDT,SELL,LIMIT,1702108695443,108,0.406981
FTMUSDT,SELL,LIMIT,1702108721569,912,0.406707
FTMUSDT,BUY,LIMIT,1702108938544,73,0.413868
FTMUSDT,BUY,LIMIT,1702108941255,34816,0.414981
FTMUSDT,BUY,LIMIT,1702109354813,261,0.415459
FTMUSDT,BUY,LIMIT,1702109359571,30,0.415757
FTMUSDT,BUY,LIMIT,1702109512084,9007,0.412895
FTMUSDT,BUY,LIMIT,1702109514107,258,0.416584
FTMUSDT,BUY,LIMIT,1702109532978,901,0.416685
FTMUSDT,BUY,LIMIT,1702109878320,6195,0.418084
FTMUSDT,BUY,LIMIT,1702110088266,8732,0.418527
FTMUSDT,BUY,LIMIT,1702110208749,1347,0.420026
FTMUSDT,SELL,LIMIT,1702110882269,1213,0.409319
FTMUSDT,SELL,LIMIT,1702110904160,6,0.408586
FTMUSDT,SELL,LIMIT,1702110907987,3521,0.407372
FTMUSDT,SELL,LIMIT,1702110909743,481,0.407191
FTMUSDT,SELL,LIMIT,1702110912292,64,0.406713
FTMUSDT,SELL,LIMIT,1702110913664,8886,0.405807
FTMUSDT,SELL,LIMIT,1702110920783,1,0.405721
FTMUSDT,SELL,LIMIT,1702110970061,23,0.406050
FTMUSDT,SELL,LIMIT,1702110976144,13,0.405540
FTMUSDT,SELL,LIMIT,1702110977804,1096,0.405463
FTMUSDT,SELL,LIMIT,1702110979124,12013,0.404985
FTMUSDT,SELL,LIMIT,1702110980168,530,0.404503
FTMUSDT,SELL,LIMIT,1702110982150,10007,0.403962
FTMUSDT,SELL,LIMIT,1702110983331,3021,0.403526
FTMUSDT,SELL,LIMIT,1702110989581,49,0.403422
FTMUSDT,SELL,LIMIT,1702110991163,1045,0.402850
FTMUSDT,SELL,LIMIT,1702110992263,2087,0.403055
FTMUSDT,SELL,LIMIT,1702111030315,2439,0.401883
FTMUSDT,SELL,LIMIT,1702111033023,35,0.401429
FTMUSDT,SELL,LIMIT,1702111034086,3000,0.401064
FTMUSDT,SELL,LIMIT,1702111035735,71,0.400854
FTMUSDT,SELL,LIMIT,1702111036867,61,0.400467
FTMUSDT,SELL,LIMIT,1702111038595,12051,0.400222
FTMUSDT,SELL,LIMIT,1702111041157,12956,0.399998
FTMUSDT,SELL,LIMIT,1702111042862,13,0.399877
FTMUSDT,SELL,LIMIT,1702111044124,22,0.399294
FTMUSDT,SELL,LIMIT,1702111045409,7265,0.399191
FTMUSDT,SELL,LIMIT,1702111202604,1685,0.398257
FTMUSDT,SELL,LIMIT,1702111372135,42700,0.395695
FTMUSDT,SELL,LIMIT,1702111373416,28,0.397411
FTMUSDT,SELL,LIMIT,1702111375571,5490,0.396345
FTMUSDT,SELL,LIMIT,1702111377147,2282,0.396010
FTMUSDT,SELL,LIMIT,1702111379922,50,0.395871
FTMUSDT,SELL,LIMIT,1702111386195,6276,0.394732
FTMUSDT,SELL,LIMIT,1702111387202,48,0.394813
FTMUSDT,SELL,LIMIT,1702111389092,713,0.394817
FTMUSDT,BUY,LIMIT,1702111645068,6161,0.407597
FTMUSDT,BUY,LIMIT,1702112684403,24,0.413640
FTMUSDT,BUY,LIMIT,1702113292079,340,0.417161
FTMUSDT,BUY,LIMIT,1702113336689,469,0.418096
FTMUSDT,BUY,LIMIT,1702113443045,7086,0.418021
FTMUSDT,BUY,LIMIT,1702113782295,1598,0.416152
FTMUSDT,SELL,LIMIT,1702114380165,784,0.406250
FTMUSDT,SELL,LIMIT,1702114756224,1696,0.405121
FTMUSDT,SELL,LIMIT,1702114995201,6057,0.404530
FTMUSDT,SELL,LIMIT,1702115033193,8397,0.403710
FTMUSDT,SELL,LIMIT,1702115602579,123,0.402178
FTMUSDT,SELL,LIMIT,1702115610075,70,0.402124
FTMUSDT,SELL,LIMIT,1702115612741,3466,0.401883
FTMUSDT,SELL,LIMIT,1702115625878,6403,0.401098
FTMUSDT,SELL,LIMIT,1702115639550,8021,0.400906
FTMUSDT,SELL,LIMIT,1702117310642,3013,0.399833
FTMUSDT,SELL,LIMIT,1702117316514,2638,0.399622
FTMUSDT,BUY,LIMIT,1702118449042,6313,0.411298
FTMUSDT,BUY,LIMIT,1702118806349,16,0.413407
FTMUSDT,BUY,LIMIT,1702125462156,34,0.416320
FTMUSDT,BUY,LIMIT,1702125572054,627,0.418423
FTMUSDT,BUY,LIMIT,1702125591178,50,0.419420
FTMUSDT,BUY,LIMIT,1702125594766,6314,0.419546
FTMUSDT,BUY,LIMIT,1702125623939,3225,0.420077
FTMUSDT,BUY,LIMIT,1702125625803,241,0.420157
FTMUSDT,BUY,LIMIT,1702125637764,2103,0.421075
FTMUSDT,BUY,LIMIT,1702125639877,839,0.421205
FTMUSDT,BUY,LIMIT,1702125641146,617,0.421607
FTMUSDT,BUY,LIMIT,1702125979787,40,0.421960
FTMUSDT,BUY,LIMIT,1702125987145,1435,0.422439
FTMUSDT,BUY,LIMIT,1702126001695,1939,0.422606
FTMUSDT,BUY,LIMIT,1702126003600,24,0.422875
FTMUSDT,BUY,LIMIT,1702126006000,116,0.423071
FTMUSDT,BUY,LIMIT,1702126018265,51703,0.425620
FTMUSDT,BUY,LIMIT,1702126020938,8582,0.424751
FTMUSDT,BUY,LIMIT,1702126023709,938,0.425174
FTMUSDT,SELL,LIMIT,1702126332279,3279,0.413163
FTMUSDT,SELL,LIMIT,1702126448111,98,0.411899
FTMUSDT,SELL,LIMIT,1702126457328,310,0.411778
FTMUSDT,SELL,LIMIT,1702126836207,11938,0.410066
FTMUSDT,SELL,LIMIT,1702126847379,587,0.409672
FTMUSDT,SELL,LIMIT,1702126849020,427,0.409085
FTMUSDT,SELL,LIMIT,1702126879154,3257,0.408346
FTMUSDT,SELL,LIMIT,1702127011348,7112,0.407591
FTMUSDT,SELL,LIMIT,1702127075549,79,0.406759
FTMUSDT,SELL,LIMIT,1702127080584,18,0.406372
FTMUSDT,SELL,LIMIT,1702128415620,372,0.408950
FTMUSDT,BUY,LIMIT,1702129570584,1265,0.416874
FTMUSDT,BUY,LIMIT,1702129572376,24,0.416930
FTMUSDT,BUY,LIMIT,1702129600577,244,0.417919
FTMUSDT,BUY,LIMIT,1702129906819,2987,0.418305
FTMUSDT,BUY,LIMIT,1702130438937,723,0.423115
FTMUSDT,BUY,LIMIT,1702130455672,130,0.423255
FTMUSDT,BUY,LIMIT,1702130765072,15,0.425377
FTMUSDT,BUY,LIMIT,1702130769417,121,0.425370
FTMUSDT,BUY,LIMIT,1702130805102,1229,0.425676
FTMUSDT,BUY,LIMIT,1702130837336,4880,0.425988
FTMUSDT,BUY,LIMIT,1702130860426,2537,0.426773
FTMUSDT,BUY,LIMIT,1702131032291,151,0.426915
FTMUSDT,BUY,LIMIT,1702131034196,1342,0.427041
FTMUSDT,BUY,LIMIT,1702131041981,25,0.427348
FTMUSDT,BUY,LIMIT,1702131055164,800,0.427719
FTMUSDT,BUY,LIMIT,1702131064997,825,0.428119
FTMUSDT,BUY,LIMIT,1702131081160,433,0.428397
FTMUSDT,BUY,LIMIT,1702131111030,1178,0.428869
FTMUSDT,BUY,LIMIT,1702131115075,260,0.429160
FTMUSDT,BUY,LIMIT,1702131119404,8948,0.429409
FTMUSDT,BUY,LIMIT,1702131254065,9023,0.429863
FTMUSDT,BUY,LIMIT,1702131272246,1314,0.430322
FTMUSDT,BUY,LIMIT,1702131275095,745,0.430417
FTMUSDT,BUY,LIMIT,1702131879298,11787,0.430897
FTMUSDT,BUY,LIMIT,1702131880343,375,0.430837
FTMUSDT,BUY,LIMIT,1702131881802,2684,0.431032
FTMUSDT,BUY,LIMIT,1702131884967,594,0.431046
FTMUSDT,BUY,LIMIT,1702131938120,6300,0.431680
FTMUSDT,BUY,LIMIT,1702131948685,176,0.432219
FTMUSDT,BUY,LIMIT,1702131949967,3133,0.432447
FTMUSDT,BUY,LIMIT,1702131951527,59,0.432490
FTMUSDT,SELL,LIMIT,1702132688475,31,0.421949
FTMUSDT,SELL,LIMIT,1702132964226,1426,0.420108
FTMUSDT,SELL,LIMIT,1702132994373,270,0.419369
FTMUSDT,SELL,LIMIT,1702132995450,16,0.418947
FTMUSDT,SELL,LIMIT,1702132996595,501,0.418297
FTMUSDT,SELL,LIMIT,1702132997598,265,0.418257
FTMUSDT,SELL,LIMIT,1702132999879,5463,0.417774
FTMUSDT,SELL,LIMIT,1702133000892,13,0.416884
FTMUSDT,SELL,LIMIT,1702133002567,197,0.416721
FTMUSDT,SELL,LIMIT,1702133005831,265,0.416309
FTMUSDT,SELL,LIMIT,1702133007626,1680,0.420567
FTMUSDT,SELL,LIMIT,1702133321109,23,0.415366
FTMUSDT,SELL,LIMIT,1702133329127,3726,0.414655
FTMUSDT,SELL,LIMIT,1702133331606,133,0.413818
FTMUSDT,SELL,LIMIT,1702133336021,647,0.413652
FTMUSDT,SELL,LIMIT,1702133344094,1415,0.413251
FTMUSDT,SELL,LIMIT,1702133345254,257,0.413110
FTMUSDT,SELL,LIMIT,1702133607197,752,0.412662
FTMUSDT,SELL,LIMIT,1702133610476,11884,0.412212
