Symbol,Side,Order Type,Time,Quantity,Price
FTMUSDT,SELL,LIMIT,1701068264846,514,0.300654
FTMUSDT,SELL,LIMIT,1701068296348,250,0.300356
FTMUSDT,SELL,LIMIT,1701068931244,2501,0.301074
FTMUSDT,SELL,LIMIT,1701069526858,3161,0.300296
FTMUSDT,SELL,LIMIT,1701069558345,255,0.299932
FTMUSDT,SELL,LIMIT,1701069574143,3597,0.299778
FTMUSDT,SELL,LIMIT,1701069634323,1953,0.299688
FTMUSDT,SELL,LIMIT,1701069637244,224,0.299443
FTMUSDT,SELL,LIMIT,1701069796052,1952,0.299808
FTMUSDT,SELL,LIMIT,1701069799169,497,0.299097
FTMUSDT,SELL,LIMIT,1701069801625,172,0.299182
FTMUSDT,SELL,LIMIT,1701069805349,933,0.298986
FTMUSDT,SELL,LIMIT,1701069807743,2917,0.298938
FTMUSDT,SELL,LIMIT,1701069809383,2431,0.298765
FTMUSDT,SELL,LIMIT,1701069862099,6000,0.298464
FTMUSDT,SELL,LIMIT,1701069872290,40422,0.297725
FTMUSDT,SELL,LIMIT,1701069873856,2811,0.298399
FTMUSDT,SELL,LIMIT,1701069876701,1591,0.298304
FTMUSDT,SELL,LIMIT,1701069882276,10000,0.298159
FTMUSDT,SELL,LIMIT,1701069883599,170929,0.296874
FTMUSDT,SELL,LIMIT,1701069884612,500,0.297841
FTMUSDT,SELL,LIMIT,1701069885641,281,0.297358
FTMUSDT,SELL,LIMIT,1701069886649,557,0.297267
FTMUSDT,SELL,LIMIT,1701069888387,289,0.296988
FTMUSDT,SELL,LIMIT,1701069895179,18877,0.296843
FTMUSDT,SELL,LIMIT,1701069896308,50,0.296876
FTMUSDT,SELL,LIMIT,1701069897541,1635,0.296720
FTMUSDT,SELL,LIMIT,1701069900300,60000,0.295659
FTMUSDT,SELL,LIMIT,1701077399082,2,0.299727
FTMUSDT,SELL,LIMIT,1701081288081,913,0.296978
FTMUSDT,SELL,LIMIT,1701081431440,698,0.296494
FTMUSDT,SELL,LIMIT,1701081436372,130,0.296313
FTMUSDT,SELL,LIMIT,1701081437916,122,0.296112
FTMUSDT,SELL,LIMIT,1701081439193,872,0.295960
FTMUSDT,SELL,LIMIT,1701081441167,4246,0.295931
FTMUSDT,SELL,LIMIT,1701081450347,1653,0.295787
FTMUSDT,SELL,LIMIT,1701081451659,458,0.295670
FTMUSDT,SELL,LIMIT,1701081453045,860,0.295504
FTMUSDT,SELL,LIMIT,1701081454962,453,0.295473
FTMUSDT,SELL,LIMIT,1701082656543,281,0.295363
FTMUSDT,SELL,LIMIT,1701082696926,157,0.295355
FTMUSDT,SELL,LIMIT,1701082698106,775,0.295421
FTMUSDT,SELL,LIMIT,1701082703777,681,0.295318
FTMUSDT,SELL,LIMIT,1701084592735,5,0.307380
FTMUSDT,SELL,LIMIT,1701093116099,94,0.295040
FTMUSDT,SELL,LIMIT,1701093117263,165,0.295087
FTMUSDT,SELL,LIMIT,1701093135696,6023,0.294594
FTMUSDT,SELL,LIMIT,1701093136586,10916,0.294361
FTMUSDT,SELL,LIMIT,1701093137445,2388,0.294567
FTMUSDT,SELL,LIMIT,1701094608135,1639,0.295634
FTMUSDT,SELL,LIMIT,1701095093230,8662,0.294560
FTMUSDT,SELL,LIMIT,1701095470331,3922,0.294256
FTMUSDT,SELL,LIMIT,1701095519462,224,0.294004
FTMUSDT,SELL,LIMIT,1701095526426,884,0.294041
FTMUSDT,SELL,LIMIT,1701095552104,2031,0.293888
FTMUSDT,SELL,LIMIT,1701095595557,3235,0.293738
FTMUSDT,SELL,LIMIT,1701095597321,330,0.293626
FTMUSDT,SELL,LIMIT,1701095598377,43,0.293726
FTMUSDT,SELL,LIMIT,1701096720316,128,0.293511
FTMUSDT,SELL,LIMIT,1701096955338,4120,0.293220
FTMUSDT,SELL,LIMIT,1701096963378,6373,0.293060
FTMUSDT,SELL,LIMIT,1701096964402,7447,0.293112
FTMUSDT,SELL,LIMIT,1701097021052,183,0.292895
FTMUSDT,SELL,LIMIT,1701097022372,5867,0.292737
FTMUSDT,SELL,LIMIT,1701097032892,1912,0.292560
FTMUSDT,SELL,LIMIT,1701097049048,2774,0.292474
FTMUSDT,SELL,LIMIT,1701097065878,15688,0.292578
FTMUSDT,SELL,LIMIT,1701097088923,11084,0.292468
FTMUSDT,SELL,LIMIT,1701097093983,1212,0.292387
FTMUSDT,SELL,LIMIT,1701097095103,2782,0.292357
FTMUSDT,SELL,LIMIT,1701097097376,23,0.292350
FTMUSDT,SELL,LIMIT,1701097098447,87,0.292284
FTMUSDT,SELL,LIMIT,1701097099592,162707,0.291178
FTMUSDT,SELL,LIMIT,1701097101195,134085,0.290977
FTMUSDT,SELL,LIMIT,1701097102292,7218,0.291737
FTMUSDT,SELL,LIMIT,1701100530589,85,0.292299
FTMUSDT,BUY,LIMIT,1701100538279,5010,0.294866
FTMUSDT,SELL,LIMIT,1701100574805,336,0.291578
FTMUSDT,SELL,LIMIT,1701100577257,65,0.291527
FTMUSDT,SELL,LIMIT,1701100608615,692,0.291454
FTMUSDT,SELL,LIMIT,1701100614157,68,0.291407
FTMUSDT,SELL,LIMIT,1701100615638,708,0.291351
FTMUSDT,SELL,LIMIT,1701100624574,790,0.291148
FTMUSDT,SELL,LIMIT,1701100629394,192,0.291016
FTMUSDT,SELL,LIMIT,1701100640286,253,0.290756
FTMUSDT,SELL,LIMIT,1701100644586,127,0.290549
FTMUSDT,SELL,LIMIT,1701101002322,521,0.291790
FTMUSDT,SELL,LIMIT,1701101007837,126,0.291541
FTMUSDT,SELL,LIMIT,1701101101019,64,0.291805
FTMUSDT,SELL,LIMIT,1701111585204,785,0.292034
FTMUSDT,SELL,LIMIT,1701112132152,2192,0.291513
FTMUSDT,SELL,LIMIT,1701112178556,231,0.291286
FTMUSDT,SELL,LIMIT,1701112191496,4486,0.291144
FTMUSDT,SELL,LIMIT,1701114158908,32,0.291388
FTMUSDT,SELL,LIMIT,1701114162315,2841,0.290972
FTMUSDT,SELL,LIMIT,1701114229351,2743,0.290513
FTMUSDT,SELL,LIMIT,1701114230886,332,0.290431
FTMUSDT,SELL,LIMIT,1701114233786,1345,0.290269
FTMUSDT,SELL,LIMIT,1701114236348,13334,0.290003
FTMUSDT,SELL,LIMIT,1701114238297,2131,0.289764
FTMUSDT,SELL,LIMIT,1701114239803,2332,0.289589
FTMUSDT,SELL,LIMIT,1701114305920,25,0.290354
FTMUSDT,SELL,LIMIT,1701114353187,1470,0.289342
FTMUSDT,SELL,LIMIT,1701114358248,90,0.289254
FTMUSDT,SELL,LIMIT,1701114359513,677,0.289185
FTMUSDT,SELL,LIMIT,1701114456078,9229,0.289453
FTMUSDT,SELL,LIMIT,1701114476149,33,0.289097
FTMUSDT,SELL,LIMIT,1701114478049,46111,0.288116
FTMUSDT,SELL,LIMIT,1701114491572,213,0.288670
FTMUSDT,SELL,LIMIT,1701114493315,228,0.288591
FTMUSDT,SELL,LIMIT,1701114494983,592,0.288553
FTMUSDT,SELL,LIMIT,1701114496302,3211,0.288369
FTMUSDT,SELL,LIMIT,1701114497316,1708,0.288450
FTMUSDT,SELL,LIMIT,1701114529992,3529,0.288403
FTMUSDT,BUY,LIMIT,1701121057566,214,0.296606
FTMUSDT,SELL,LIMIT,1701122261732,93,0.294236
FTMUSDT,BUY,LIMIT,1701126148258,7388,0.296160
FTMUSDT,BUY,LIMIT,1701126908521,15313,0.296851
FTMUSDT,BUY,LIMIT,1701127479854,192,0.297396
FTMUSDT,BUY,LIMIT,1701128086930,2126,0.297986
FTMUSDT,BUY,LIMIT,1701128355146,8549,0.298009
FTMUSDT,BUY,LIMIT,1701129157169,101,0.298408
FTMUSDT,BUY,LIMIT,1701129188498,1063,0.298692
FTMUSDT,BUY,LIMIT,1701131933379,115,0.299183
FTMUSDT,SELL,LIMIT,1701137493325,4958,0.290593
FTMUSDT,SELL,LIMIT,1701138515299,1226,0.292034
FTMUSDT,SELL,LIMIT,1701145982350,3518,0.291105
FTMUSDT,SELL,LIMIT,1701146970303,2902,0.288427
FTMUSDT,SELL,LIMIT,1701147875832,2714,0.288347
FTMUSDT,SELL,LIMIT,1701147879674,599,0.288133
FTMUSDT,SELL,LIMIT,1701147887442,1000,0.287939
FTMUSDT,SELL,LIMIT,1701147888943,62,0.287854
FTMUSDT,SELL,LIMIT,1701147992621,16123,0.287443
FTMUSDT,SELL,LIMIT,1701148008233,5977,0.287051
FTMUSDT,SELL,LIMIT,1701148009902,644,0.286999
FTMUSDT,SELL,LIMIT,1701148135251,816,0.286674
FTMUSDT,SELL,LIMIT,1701148136301,1774,0.286596
FTMUSDT,SELL,LIMIT,1701148137504,18431,0.286448
FTMUSDT,SELL,LIMIT,1701148140382,4660,0.286285
FTMUSDT,SELL,LIMIT,1701148141408,664,0.286206
FTMUSDT,SELL,LIMIT,1701148160040,8363,0.285945
FTMUSDT,SELL,LIMIT,1701148161056,1477,0.285912
FTMUSDT,SELL,LIMIT,1701148167263,975,0.285780
FTMUSDT,SELL,LIMIT,1701148220485,27276,0.285337
FTMUSDT,SELL,LIMIT,1701148230091,231,0.285733
FTMUSDT,SELL,LIMIT,1701148243698,83133,0.284747
FTMUSDT,SELL,LIMIT,1701148245087,433,0.285602
FTMUSDT,SELL,LIMIT,1701148246181,658,0.285516
FTMUSDT,SELL,LIMIT,1701149067819,643,0.286330
FTMUSDT,SELL,LIMIT,1701149111485,2871,0.285999
FTMUSDT,SELL,LIMIT,1701149772436,33,0.285667
FTMUSDT,SELL,LIMIT,1701149834742,3444,0.285401
FTMUSDT,SELL,LIMIT,1701149842229,4083,0.285316
FTMUSDT,SELL,LIMIT,1701149843611,206,0.285296
FTMUSDT,SELL,LIMIT,1701149846876,102,0.285234
FTMUSDT,SELL,LIMIT,1701149856660,140,0.285082
FTMUSDT,SELL,LIMIT,1701149884530,2064,0.285032
FTMUSDT,SELL,LIMIT,1701149886210,3197,0.284925
FTMUSDT,SELL,LIMIT,1701149888088,4746,0.284608
FTMUSDT,SELL,LIMIT,1701149889113,1361,0.284779
FTMUSDT,SELL,LIMIT,1701149890193,13363,0.284539
FTMUSDT,SELL,LIMIT,1701149891258,4295,0.284196
FTMUSDT,SELL,LIMIT,1701149893211,1120,0.284060
FTMUSDT,SELL,LIMIT,1701149898367,166,0.284020
FTMUSDT,SELL,LIMIT,1701156563090,821,0.285415
FTMUSDT,SELL,LIMIT,1701156751131,3829,0.288454
FTMUSDT,BUY,LIMIT,1701172033158,160,0.296129
FTMUSDT,BUY,LIMIT,1701172631296,960,0.297882
FTMUSDT,BUY,LIMIT,1701178297094,145,0.298580
FTMUSDT,BUY,LIMIT,1701178364417,118,0.299020
FTMUSDT,BUY,LIMIT,1701179185754,57,0.299755
FTMUSDT,BUY,LIMIT,1701179590853,11212,0.300303
FTMUSDT,SELL,LIMIT,1701185485300,1469,0.296191
FTMUSDT,BUY,LIMIT,1701186199153,8199,0.301879
FTMUSDT,BUY,LIMIT,1701186200349,511,0.301999
FTMUSDT,BUY,LIMIT,1701186325049,463,0.302990
FTMUSDT,BUY,LIMIT,1701186329184,7128,0.303093
FTMUSDT,BUY,LIMIT,1701186330761,297,0.303161
FTMUSDT,BUY,LIMIT,1701186355370,48,0.303293
FTMUSDT,BUY,LIMIT,1701186371573,1482,0.303681
FTMUSDT,SELL,LIMIT,1701189996888,1506,0.300602
FTMUSDT,BUY,LIMIT,1701190273183,698,0.304961
FTMUSDT,BUY,LIMIT,1701190276314,307,0.305085
FTMUSDT,BUY,LIMIT,1701190283202,1500,0.305273
FTMUSDT,BUY,LIMIT,1701190339445,6401,0.305854
FTMUSDT,BUY,LIMIT,1701190341437,7213,0.305917
FTMUSDT,BUY,LIMIT,1701192025160,2249,0.307042
FTMUSDT,BUY,LIMIT,1701192030879,83,0.307190
FTMUSDT,BUY,LIMIT,1701192033661,139,0.307101
FTMUSDT,BUY,LIMIT,1701192068544,63380,0.308610
FTMUSDT,BUY,LIMIT,1701192140616,2948,0.307982
FTMUSDT,BUY,LIMIT,1701192143574,350,0.308607
FTMUSDT,BUY,LIMIT,1701192155539,2121,0.308956
FTMUSDT,BUY,LIMIT,1701192349913,360,0.309241
FTMUSDT,BUY,LIMIT,1701193284394,1766,0.309494
FTMUSDT,BUY,LIMIT,1701193323441,5000,0.309917
FTMUSDT,BUY,LIMIT,1701193505972,315,0.310665
FTMUSDT,BUY,LIMIT,1701193663294,4437,0.311820
FTMUSDT,BUY,LIMIT,1701193679894,2859,0.312150
FTMUSDT,BUY,LIMIT,1701193698238,298,0.312164
FTMUSDT,BUY,LIMIT,1701194149098,30,0.313394
FTMUSDT,BUY,LIMIT,1701194151020,454,0.313725
FTMUSDT,BUY,LIMIT,1701194484581,185,0.314129
FTMUSDT,BUY,LIMIT,1701194492995,3552,0.314525
FTMUSDT,BUY,LIMIT,1701195179109,1505,0.314784
FTMUSDT,BUY,LIMIT,1701195197131,52378,0.316447
FTMUSDT,BUY,LIMIT,1701195231205,5177,0.316280
FTMUSDT,BUY,LIMIT,1701195236033,638,0.316554
FTMUSDT,BUY,LIMIT,1701195239833,234,0.316653
FTMUSDT,BUY,LIMIT,1701200524273,2482,0.316872
FTMUSDT,BUY,LIMIT,1701202018731,69,0.317235
FTMUSDT,BUY,LIMIT,1701202359779,190,0.317461
FTMUSDT,BUY,LIMIT,1701202423087,317,0.317667
FTMUSDT,BUY,LIMIT,1701202447337,4068,0.318654
FTMUSDT,BUY,LIMIT,1701202526822,153,0.319006
FTMUSDT,BUY,LIMIT,1701202528436,524,0.319202
FTMUSDT,BUY,LIMIT,1701202646234,329,0.319700
FTMUSDT,BUY,LIMIT,1701202791754,9557,0.320115
FTMUSDT,BUY,LIMIT,1701202849540,487,0.320768
FTMUSDT,BUY,LIMIT,1701202854446,4045,0.320941
FTMUSDT,BUY,LIMIT,1701202867310,16220,0.321174
FTMUSDT,BUY,LIMIT,1701202942612,12518,0.321415
FTMUSDT,BUY,LIMIT,1701204771850,44192,0.322821
FTMUSDT,SELL,LIMIT,1701216846101,594,0.315020
FTMUSDT,SELL,LIMIT,1701229040525,434,0.313716
FTMUSDT,SELL,LIMIT,1701229682925,2703,0.312960
FTMUSDT,SELL,LIMIT,1701229700447,253,0.312685
FTMUSDT,SELL,LIMIT,1701231378474,2409,0.312153
FTMUSDT,SELL,LIMIT,1701232015672,86,0.311762
FTMUSDT,BUY,LIMIT,1701240740921,274,0.318744
FTMUSDT,SELL,LIMIT,1701244020544,1643,0.312785
FTMUSDT,BUY,LIMIT,1701247359925,522,0.318678
FTMUSDT,BUY,LIMIT,1701247567855,86,0.318984
FTMUSDT,BUY,LIMIT,1701247782374,112,0.319338
FTMUSDT,BUY,LIMIT,1701248330021,782,0.320536
FTMUSDT,BUY,LIMIT,1701248346028,95,0.320511
FTMUSDT,BUY,LIMIT,1701248565168,713,0.320625
FTMUSDT,BUY,LIMIT,1701248566319,1748,0.320664
FTMUSDT,BUY,LIMIT,1701248808190,532,0.321574
FTMUSDT,BUY,LIMIT,1701248867059,1255,0.322084
FTMUSDT,SELL,LIMIT,1701253412138,164,0.312996
FTMUSDT,SELL,LIMIT,1701254054668,653,0.311457
FTMUSDT,SELL,LIMIT,1701254202365,1304,0.311117
FTMUSDT,SELL,LIMIT,1701254412245,4845,0.310846
FTMUSDT,SELL,LIMIT,1701254417498,84,0.309906
FTMUSDT,SELL,LIMIT,1701254418908,789,0.309750
FTMUSDT,SELL,LIMIT,1701254426854,282,0.309678
FTMUSDT,SELL,LIMIT,1701254694762,426,0.309370
FTMUSDT,SELL,LIMIT,1701254707213,396,0.309146
FTMUSDT,SELL,LIMIT,1701262733428,24,0.308863
FTMUSDT,SELL,LIMIT,1701262755159,4937,0.308739
FTMUSDT,SELL,LIMIT,1701262809191,2532,0.308033
FTMUSDT,SELL,LIMIT,1701262815586,59,0.307800
FTMUSDT,SELL,LIMIT,1701263938066,111,0.307623
FTMUSDT,SELL,LIMIT,1701264264192,961,0.307290
FTMUSDT,SELL,LIMIT,1701264274753,673,0.307117
FTMUSDT,SELL,LIMIT,1701264301355,80,0.306909
FTMUSDT,SELL,LIMIT,1701264340136,16,0.306801
FTMUSDT,SELL,LIMIT,1701264343405,686,0.306702
FTMUSDT,SELL,LIMIT,1701264349795,7793,0.306638
FTMUSDT,SELL,LIMIT,1701264402347,41,0.306417
FTMUSDT,SELL,LIMIT,1701264407045,38704,0.305605
FTMUSDT,SELL,LIMIT,1701264409956,9007,0.306063
FTMUSDT,SELL,LIMIT,1701264414332,2227,0.305988
FTMUSDT,SELL,LIMIT,1701264422972,1155,0.305820
FTMUSDT,SELL,LIMIT,1701266444368,23,0.305529
FTMUSDT,SELL,LIMIT,1701266568142,179,0.305061
FTMUSDT,SELL,LIMIT,1701266803080,268,0.304937
FTMUSDT,SELL,LIMIT,1701266898054,273,0.304702
FTMUSDT,SELL,LIMIT,1701267009218,868,0.304466
FTMUSDT,SELL,LIMIT,1701267015991,1000,0.304394
FTMUSDT,SELL,LIMIT,1701267029439,157,0.304333
FTMUSDT,SELL,LIMIT,1701267032312,1180,0.304191
FTMUSDT,SELL,LIMIT,1701267162252,15723,0.303950
FTMUSDT,SELL,LIMIT,1701267165059,132,0.303829
FTMUSDT,SELL,LIMIT,1701267173708,1473,0.303718
FTMUSDT,SELL,LIMIT,1701267436193,626,0.303656
FTMUSDT,SELL,LIMIT,1701267448308,27,0.303556
FTMUSDT,SELL,LIMIT,1701267477402,704,0.303367
FTMUSDT,SELL,LIMIT,1701267491368,156,0.303308
FTMUSDT,SELL,LIMIT,1701267502984,415,0.303079
FTMUSDT,SELL,LIMIT,1701267514569,316,0.302870
FTMUSDT,SELL,LIMIT,1701267537322,21559,0.302535
FTMUSDT,SELL,LIMIT,1701267647130,314,0.302723
FTMUSDT,SELL,LIMIT,1701267664041,786,0.302546
FTMUSDT,SELL,LIMIT,1701268371337,4395,0.302307
FTMUSDT,SELL,LIMIT,1701268374321,101097,0.301249
FTMUSDT,SELL,LIMIT,1701268375518,634,0.302221
FTMUSDT,SELL,LIMIT,1701268377729,528,0.302065
FTMUSDT,SELL,LIMIT,1701268435092,629,0.301728
FTMUSDT,SELL,LIMIT,1701268454963,557,0.301590
FTMUSDT,SELL,LIMIT,1701269157616,8199,0.301984
FTMUSDT,SELL,LIMIT,1701270410268,947,0.301809
FTMUSDT,SELL,LIMIT,1701270437890,163,0.301597
FTMUSDT,SELL,LIMIT,1701270451415,67,0.301315
FTMUSDT,SELL,LIMIT,1701270569494,242,0.301531
FTMUSDT,SELL,LIMIT,1701270588330,4810,0.300961
FTMUSDT,SELL,LIMIT,1701270616592,1913,0.299980
FTMUSDT,SELL,LIMIT,1701275142118,32703,0.298830
FTMUSDT,SELL,LIMIT,1701275145603,1602,0.299403
FTMUSDT,SELL,LIMIT,1701275146772,1183,0.299330
FTMUSDT,SELL,LIMIT,1701275149051,694,0.299104
FTMUSDT,SELL,LIMIT,1701275516674,2769,0.298682
FTMUSDT,SELL,LIMIT,1701275524142,1061,0.298672
FTMUSDT,SELL,LIMIT,1701275610579,2131,0.298412
FTMUSDT,SELL,LIMIT,1701275722829,1286,0.298144
FTMUSDT,SELL,LIMIT,1701275775901,4480,0.298055
FTMUSDT,SELL,LIMIT,1701275819048,361,0.297776
FTMUSDT,SELL,LIMIT,1701275825818,3933,0.297724
FTMUSDT,SELL,LIMIT,1701275839296,2770,0.297520
FTMUSDT,SELL,LIMIT,1701275841654,63453,0.296607
FTMUSDT,BUY,LIMIT,1701281183145,640,0.303095
FTMUSDT,BUY,LIMIT,1701281382785,692,0.305542
FTMUSDT,BUY,LIMIT,1701281869048,1305,0.305950
FTMUSDT,BUY,LIMIT,1701281958752,666,0.306273
FTMUSDT,BUY,LIMIT,1701282563256,89,0.307493
FTMUSDT,BUY,LIMIT,1701285050476,12375,0.306531
FTMUSDT,BUY,LIMIT,1701285555947,27,0.305699
FTMUSDT,SELL,LIMIT,1701285679310,754,0.301573
FTMUSDT,SELL,LIMIT,1701290159352,1957,0.298399
FTMUSDT,BUY,LIMIT,1701305129420,2241,0.295979
FTMUSDT,SELL,LIMIT,1701308834402,3916,0.298370
FTMUSDT,SELL,LIMIT,1701309317617,403,0.297379
FTMUSDT,SELL,LIMIT,1701309352128,1647,0.297364
FTMUSDT,SELL,LIMIT,1701309414423,113,0.297094
FTMUSDT,SELL,LIMIT,1701309473169,771,0.296833
FTMUSDT,SELL,LIMIT,1701309614285,5193,0.296753
FTMUSDT,SELL,LIMIT,1701309615988,167,0.296441
FTMUSDT,SELL,LIMIT,1701309619775,10000,0.296225
FTMUSDT,SELL,LIMIT,1701310802690,225,0.296005
FTMUSDT,SELL,LIMIT,1701310950063,28,0.295858
FTMUSDT,SELL,LIMIT,1701310980055,174,0.295723
FTMUSDT,BUY,LIMIT,1701311719388,34,0.302303
FTMUSDT,BUY,LIMIT,1701316121380,16558,0.304427
FTMUSDT,BUY,LIMIT,1701317538614,19,0.305447
FTMUSDT,BUY,LIMIT,1701317673821,1164,0.306509
FTMUSDT,BUY,LIMIT,1701319446313,30,0.305321
FTMUSDT,SELL,LIMIT,1701321679143,7256,0.298147
FTMUSDT,SELL,LIMIT,1701331720174,1655,0.298147
FTMUSDT,SELL,LIMIT,1701333548303,622,0.296927
FTMUSDT,SELL,LIMIT,1701333552428,16542,0.296270
FTMUSDT,SELL,LIMIT,1701333674021,15831,0.295815
FTMUSDT,SELL,LIMIT,1701335427009,236,0.295459
FTMUSDT,SELL,LIMIT,1701335435165,1938,0.295047
FTMUSDT,SELL,LIMIT,1701335437008,9100,0.294710
FTMUSDT,SELL,LIMIT,1701335456232,300,0.294505
FTMUSDT,SELL,LIMIT,1701335457245,43,0.294460
FTMUSDT,BUY,LIMIT,1701337801503,2001,0.302473
FTMUSDT,SELL,LIMIT,1701353013209,210,0.297225
FTMUSDT,SELL,LIMIT,1701353014932,1981,0.297135
FTMUSDT,SELL,LIMIT,1701355165388,2708,0.296443
FTMUSDT,SELL,LIMIT,1701355202114,24,0.296338
FTMUSDT,SELL,LIMIT,1701355431392,174,0.296174
FTMUSDT,SELL,LIMIT,1701355720746,505,0.295772
FTMUSDT,BUY,LIMIT,1701363824352,19,0.303739
FTMUSDT,BUY,LIMIT,1701363979062,680,0.304797
FTMUSDT,SELL,LIMIT,1701364890863,23,0.301121
FTMUSDT,BUY,LIMIT,1701393416049,25,0.284730
FTMUSDT,BUY,LIMIT,1701393750505,33,0.305810
FTMUSDT,BUY,LIMIT,1701394006244,34,0.307163
FTMUSDT,BUY,LIMIT,1701394013105,1652,0.307575
FTMUSDT,BUY,LIMIT,1701394032152,1500,0.307776
FTMUSDT,BUY,LIMIT,1701394084187,1215,0.307735
FTMUSDT,BUY,LIMIT,1701394242227,2000,0.307423
FTMUSDT,BUY,LIMIT,1701394565160,16557,0.308884
FTMUSDT,BUY,LIMIT,1701394618227,17,0.309029
FTMUSDT,BUY,LIMIT,1701395495697,16117,0.309407
FTMUSDT,BUY,LIMIT,1701395590296,266,0.309687
FTMUSDT,BUY,LIMIT,1701396014261,100,0.309336
FTMUSDT,BUY,LIMIT,1701399080248,27,0.309859
FTMUSDT,BUY,LIMIT,1701400871905,27,0.310261
FTMUSDT,BUY,LIMIT,1701404105918,30,0.310680
FTMUSDT,BUY,LIMIT,1701404540162,16211,0.311039
FTMUSDT,BUY,LIMIT,1701404545215,498,0.311040
FTMUSDT,BUY,LIMIT,1701404700523,1626,0.311321
FTMUSDT,BUY,LIMIT,1701404731289,702,0.311825
FTMUSDT,BUY,LIMIT,1701405093336,752,0.312184
FTMUSDT,BUY,LIMIT,1701405336297,9988,0.313079
FTMUSDT,BUY,LIMIT,1701405375087,3500,0.313219
FTMUSDT,BUY,LIMIT,1701405515309,18,0.313211
FTMUSDT,BUY,LIMIT,1701405525382,191,0.313311
FTMUSDT,BUY,LIMIT,1701405526512,87,0.313360
FTMUSDT,BUY,LIMIT,1701405781147,82,0.313872
FTMUSDT,BUY,LIMIT,1701405884534,660,0.313935
FTMUSDT,BUY,LIMIT,1701408374847,1955,0.314072
FTMUSDT,BUY,LIMIT,1701421525969,1130,0.314856
FTMUSDT,BUY,LIMIT,1701421532746,422,0.314895
FTMUSDT,BUY,LIMIT,1701422214407,117,0.315488
FTMUSDT,BUY,LIMIT,1701422218345,6067,0.315641
FTMUSDT,BUY,LIMIT,1701422224381,1260,0.315928
FTMUSDT,SELL,LIMIT,1701422230136,305,0.312666
FTMUSDT,BUY,LIMIT,1701422231507,73,0.316602
FTMUSDT,BUY,LIMIT,1701422241222,3241,0.316539
FTMUSDT,BUY,LIMIT,1701422637198,18157,0.317883
FTMUSDT,BUY,LIMIT,1701423893505,316,0.315940
FTMUSDT,BUY,LIMIT,1701424836311,6055,0.318349
FTMUSDT,BUY,LIMIT,1701424843193,9424,0.319191
FTMUSDT,BUY,LIMIT,1701424844322,725,0.320318
FTMUSDT,BUY,LIMIT,1701424846193,5926,0.320609
FTMUSDT,BUY,LIMIT,1701432233136,4497,0.320577
FTMUSDT,SELL,LIMIT,1701435569301,140,0.311803
FTMUSDT,SELL,LIMIT,1701435631405,26,0.311433
FTMUSDT,SELL,LIMIT,1701438508547,15778,0.310313
FTMUSDT,SELL,LIMIT,1701438538026,5158,0.309788
FTMUSDT,SELL,LIMIT,1701439899577,19,0.309030
FTMUSDT,BUY,LIMIT,1701441945309,612,0.313533
FTMUSDT,SELL,LIMIT,1701442026293,287,0.310789
FTMUSDT,BUY,LIMIT,1701447384578,5358,0.314332
FTMUSDT,BUY,LIMIT,1701447840505,53,0.316487
FTMUSDT,BUY,LIMIT,1701447842379,383,0.316487
FTMUSDT,BUY,LIMIT,1701447844958,105,0.316487
FTMUSDT,BUY,LIMIT,1701447911892,42,0.317028
FTMUSDT,BUY,LIMIT,1701447918373,316,0.317091
FTMUSDT,BUY,LIMIT,1701447919683,1973,0.317095
FTMUSDT,BUY,LIMIT,1701447921216,633,0.317040
FTMUSDT,BUY,LIMIT,1701447945019,1584,0.317191
FTMUSDT,BUY,LIMIT,1701447968542,75,0.317255
FTMUSDT,BUY,LIMIT,1701448079260,9284,0.317809
FTMUSDT,BUY,LIMIT,1701448482127,250,0.318141
FTMUSDT,BUY,LIMIT,1701448483371,475,0.318197
FTMUSDT,SELL,LIMIT,1701448485430,1276,0.314579
FTMUSDT,BUY,LIMIT,1701448490197,1045,0.318359
FTMUSDT,BUY,LIMIT,1701448523392,82,0.318420
FTMUSDT,BUY,LIMIT,1701448533570,258,0.318582
FTMUSDT,BUY,LIMIT,1701453795778,316,0.318212
FTMUSDT,BUY,LIMIT,1701463224932,316,0.317479
FTMUSDT,BUY,LIMIT,1701479846060,633,0.318390
FTMUSDT,BUY,LIMIT,1701481396255,76,0.319989
FTMUSDT,BUY,LIMIT,1701483194448,95,0.320892
FTMUSDT,BUY,LIMIT,1701485077545,125,0.321510
FTMUSDT,BUY,LIMIT,1701485080987,869,0.321533
FTMUSDT,BUY,LIMIT,1701485084135,15857,0.321574
FTMUSDT,BUY,LIMIT,1701485993193,75,0.320511
FTMUSDT,BUY,LIMIT,1701485994195,151,0.320511
FTMUSDT,BUY,LIMIT,1701485995412,59,0.320506
FTMUSDT,BUY,LIMIT,1701485996510,75,0.320507
FTMUSDT,BUY,LIMIT,1701485999121,208,0.320507
FTMUSDT,BUY,LIMIT,1701486000241,154,0.320507
FTMUSDT,BUY,LIMIT,1701486001463,671,0.320513
FTMUSDT,BUY,LIMIT,1701486002509,70,0.320566
FTMUSDT,SELL,LIMIT,1701486003615,196,0.316744
FTMUSDT,SELL,LIMIT,1701486007015,538,0.316909
FTMUSDT,BUY,LIMIT,1701493073319,1100,0.321702
FTMUSDT,BUY,LIMIT,1701493082161,241,0.321746
FTMUSDT,BUY,LIMIT,1701493142205,400,0.321912
FTMUSDT,BUY,LIMIT,1701493198847,4229,0.322252
FTMUSDT,BUY,LIMIT,1701493807141,951,0.322444
FTMUSDT,BUY,LIMIT,1701493814860,4424,0.322703
FTMUSDT,BUY,LIMIT,1701493887554,9883,0.323432
FTMUSDT,BUY,LIMIT,1701494078404,2193,0.323796
FTMUSDT,BUY,LIMIT,1701494540262,13884,0.324016
FTMUSDT,BUY,LIMIT,1701494543290,2701,0.324194
FTMUSDT,BUY,LIMIT,1701494552284,33,0.324381
FTMUSDT,BUY,LIMIT,1701494568269,443,0.324508
FTMUSDT,BUY,LIMIT,1701494613150,5735,0.324561
FTMUSDT,BUY,LIMIT,1701494620503,453,0.324615
FTMUSDT,BUY,LIMIT,1701494623161,12293,0.324815
FTMUSDT,BUY,LIMIT,1701494737172,175,0.324848
FTMUSDT,BUY,LIMIT,1701494831223,2685,0.325214
FTMUSDT,BUY,LIMIT,1701494832443,16,0.325167
FTMUSDT,BUY,LIMIT,1701494840784,11761,0.325278
FTMUSDT,BUY,LIMIT,1701494843106,1503,0.325579
FTMUSDT,BUY,LIMIT,1701504138969,214,0.325660
FTMUSDT,BUY,LIMIT,1701504194240,202,0.326220
FTMUSDT,BUY,LIMIT,1701504196170,30,0.326373
FTMUSDT,BUY,LIMIT,1701504197563,470,0.326575
FTMUSDT,BUY,LIMIT,1701504200343,781,0.326619
FTMUSDT,BUY,LIMIT,1701504769145,3367,0.326850
FTMUSDT,BUY,LIMIT,1701504775925,947,0.326907
FTMUSDT,BUY,LIMIT,1701504776983,1285,0.327127
FTMUSDT,BUY,LIMIT,1701507689581,170,0.327151
FTMUSDT,BUY,LIMIT,1701507727389,3222,0.327195
FTMUSDT,BUY,LIMIT,1701507732260,3716,0.327338
FTMUSDT,BUY,LIMIT,1701507741465,189,0.327734
FTMUSDT,BUY,LIMIT,1701507756120,8718,0.327880
FTMUSDT,BUY,LIMIT,1701507904268,5976,0.328089
FTMUSDT,BUY,LIMIT,1701507921447,1078,0.328663
FTMUSDT,BUY,LIMIT,1701507923123,1257,0.328776
FTMUSDT,BUY,LIMIT,1701507924307,3105,0.328797
FTMUSDT,BUY,LIMIT,1701507944990,343,0.328886
FTMUSDT,BUY,LIMIT,1701507961317,245,0.329013
FTMUSDT,BUY,LIMIT,1701508408478,6810,0.329526
FTMUSDT,BUY,LIMIT,1701508422930,3185,0.329627
FTMUSDT,BUY,LIMIT,1701508426392,380,0.329701
FTMUSDT,BUY,LIMIT,1701508668287,4730,0.330483
FTMUSDT,BUY,LIMIT,1701508690296,597,0.330648
FTMUSDT,BUY,LIMIT,1701508707126,95,0.330702
FTMUSDT,BUY,LIMIT,1701510155911,1854,0.331107
FTMUSDT,BUY,LIMIT,1701510158218,1641,0.331195
FTMUSDT,BUY,LIMIT,1701510159286,10956,0.331251
