Symbol,Side,Order Type,Time,Quantity,Price
GALAUSDT,SELL,LIMIT,1701918391886,63775,0.02863
GALAUSDT,SELL,LIMIT,1701918680412,24586,0.02851
GALAUSDT,BUY,LIMIT,1701919094438,7002,0.02891
GALAUSDT,BUY,LIMIT,1701923930915,273,0.02927
GALAUSDT,BUY,LIMIT,1701923939883,267,0.02927
GALAUSDT,SELL,LIMIT,1701931636236,1796,0.02899
GALAUSDT,BUY,LIMIT,1701932198400,26069,0.02953
GALAUSDT,BUY,LIMIT,1701932238583,56740,0.02961
GALAUSDT,BUY,LIMIT,1701932241022,3671,0.02962
GALAUSDT,BUY,LIMIT,1701933547101,2782,0.02965
GALAUSDT,BUY,LIMIT,1701933970634,849,0.02973
GALAUSDT,BUY,LIMIT,1701933972238,3429,0.02973
GALAUSDT,BUY,LIMIT,1701934060709,36882,0.02980
GALAUSDT,BUY,LIMIT,1701934064148,3622,0.02982
GALAUSDT,BUY,LIMIT,1701934065188,21732,0.02982
GALAUSDT,SELL,LIMIT,1701936978672,9306,0.02915
GALAUSDT,SELL,LIMIT,1701937344555,718,0.02909
GALAUSDT,SELL,LIMIT,1701937369524,341,0.02905
GALAUSDT,SELL,LIMIT,1701937395173,193,0.02904
GALAUSDT,SELL,LIMIT,1701937825903,338,0.02901
GALAUSDT,SELL,LIMIT,1701937895637,81482,0.02898
GALAUSDT,BUY,LIMIT,1701939213180,5750,0.02978
GALAUSDT,BUY,LIMIT,1701939215553,49882,0.02979
GALAUSDT,SELL,LIMIT,1701940469196,3379,0.02992
GALAUSDT,SELL,LIMIT,1701940554273,4789,0.02929
GALAUSDT,SELL,LIMIT,1701940558779,1689,0.02903
GALAUSDT,SELL,LIMIT,1701940560128,81360,0.02901
GALAUSDT,SELL,LIMIT,1701940562609,11328,0.02899
GALAUSDT,SELL,LIMIT,1701940564012,17717,0.02899
GALAUSDT,SELL,LIMIT,1701940565098,2889,0.02895
GALAUSDT,SELL,LIMIT,1701940568985,170465,0.02895
GALAUSDT,SELL,LIMIT,1701940903094,3490,0.02892
GALAUSDT,SELL,LIMIT,1701940944128,10287,0.02891
GALAUSDT,SELL,LIMIT,1701940960217,36901,0.02888
GALAUSDT,SELL,LIMIT,1701940961328,30518,0.02889
GALAUSDT,SELL,LIMIT,1701940962624,459,0.02887
GALAUSDT,SELL,LIMIT,1701940980545,5975,0.02885
GALAUSDT,SELL,LIMIT,1701940983370,41226,0.02885
GALAUSDT,SELL,LIMIT,1701941017557,49856,0.02881
GALAUSDT,SELL,LIMIT,1701941020931,10000,0.02882
GALAUSDT,SELL,LIMIT,1701941022145,12332,0.02881
GALAUSDT,SELL,LIMIT,1701941038279,79056,0.02879
GALAUSDT,SELL,LIMIT,1701941049192,13240,0.02879
GALAUSDT,SELL,LIMIT,1701941064192,542,0.02876
GALAUSDT,SELL,LIMIT,1701941065397,23823,0.02876
GALAUSDT,SELL,LIMIT,1701941067041,31263,0.02875
GALAUSDT,SELL,LIMIT,1701941110426,243,0.02873
GALAUSDT,SELL,LIMIT,1701941146709,224,0.02874
GALAUSDT,SELL,LIMIT,1701941152114,28229,0.02870
GALAUSDT,SELL,LIMIT,1701941153698,1906,0.02869
GALAUSDT,SELL,LIMIT,1701941160148,3800,0.02865
GALAUSDT,SELL,LIMIT,1701941164052,29010,0.02864
GALAUSDT,SELL,LIMIT,1701941166094,1464,0.02862
GALAUSDT,SELL,LIMIT,1701941172531,5124,0.02863
GALAUSDT,SELL,LIMIT,1701941174231,9253,0.02861
GALAUSDT,SELL,LIMIT,1701941184084,85779,0.02857
GALAUSDT,SELL,LIMIT,1701941185106,31000,0.02855
GALAUSDT,SELL,LIMIT,1701941186113,137905,0.02982
GALAUSDT,SELL,LIMIT,1701941187350,5431,0.02854
GALAUSDT,SELL,LIMIT,1701941188572,3421,0.02848
GALAUSDT,SELL,LIMIT,1701941189689,23018,0.02847
GALAUSDT,SELL,LIMIT,1701941191081,139775,0.02846
GALAUSDT,SELL,LIMIT,1701941207828,34727,0.02845
GALAUSDT,SELL,LIMIT,1701941239745,3560,0.02843
GALAUSDT,SELL,LIMIT,1701941243210,43014,0.02848
GALAUSDT,SELL,LIMIT,1701941246109,83469,0.02838
GALAUSDT,SELL,LIMIT,1701941247822,4627,0.02838
GALAUSDT,SELL,LIMIT,1701941255057,644,0.02835
GALAUSDT,SELL,LIMIT,1701941256099,142913,0.02833
GALAUSDT,SELL,LIMIT,1701941257221,12217,0.02834
GALAUSDT,BUY,LIMIT,1701941730762,3492,0.02912
GALAUSDT,BUY,LIMIT,1701942425783,1570,0.02957
GALAUSDT,BUY,LIMIT,1701942476183,41634,0.02962
GALAUSDT,BUY,LIMIT,1701942639837,748,0.02967
GALAUSDT,BUY,LIMIT,1701942653784,3604,0.02969
GALAUSDT,SELL,LIMIT,1701943475764,2923,0.02914
GALAUSDT,BUY,LIMIT,1701944711643,2022,0.02978
GALAUSDT,BUY,LIMIT,1701944796688,2236,0.02981
GALAUSDT,BUY,LIMIT,1701944835297,423,0.02991
GALAUSDT,BUY,LIMIT,1701944836539,25914,0.02993
GALAUSDT,BUY,LIMIT,1701944839686,19223,0.02996
GALAUSDT,BUY,LIMIT,1701944840883,47385,0.03006
GALAUSDT,BUY,LIMIT,1701944843768,652,0.03008
GALAUSDT,BUY,LIMIT,1701944851920,11462,0.03012
GALAUSDT,BUY,LIMIT,1701944852965,18311,0.03013
GALAUSDT,BUY,LIMIT,1701944890712,646,0.03014
GALAUSDT,BUY,LIMIT,1701945107656,434,0.03020
GALAUSDT,BUY,LIMIT,1701945131389,26985,0.03021
GALAUSDT,BUY,LIMIT,1701945154202,277,0.03022
GALAUSDT,BUY,LIMIT,1701945164914,10128,0.03024
GALAUSDT,BUY,LIMIT,1701945216716,4000,0.03027
GALAUSDT,BUY,LIMIT,1701945239682,424163,0.03038
GALAUSDT,BUY,LIMIT,1701945633072,370,0.03034
GALAUSDT,BUY,LIMIT,1701945659098,2391,0.03039
GALAUSDT,BUY,LIMIT,1701951058171,148658,0.03043
GALAUSDT,BUY,LIMIT,1701951063809,29709,0.03048
GALAUSDT,BUY,LIMIT,1701951075160,90455,0.03057
GALAUSDT,BUY,LIMIT,1701951076180,388,0.03058
GALAUSDT,BUY,LIMIT,1701951100593,6156,0.03063
GALAUSDT,BUY,LIMIT,1701951113179,32835,0.03066
GALAUSDT,BUY,LIMIT,1701951116649,7170,0.03068
GALAUSDT,BUY,LIMIT,1701951118169,1672,0.03071
GALAUSDT,BUY,LIMIT,1701951121039,39665,0.03072
GALAUSDT,BUY,LIMIT,1701951245473,17952,0.03068
GALAUSDT,BUY,LIMIT,1701952354262,19772,0.03076
GALAUSDT,BUY,LIMIT,1701952391272,1604,0.03080
GALAUSDT,BUY,LIMIT,1701953976590,1,0.03050
GALAUSDT,SELL,LIMIT,1701954644265,303,0.03001
GALAUSDT,SELL,LIMIT,1701954860441,7049,0.02991
GALAUSDT,SELL,LIMIT,1701956058710,173,0.02987
GALAUSDT,BUY,LIMIT,1701957667167,14880,0.03064
GALAUSDT,BUY,LIMIT,1701957679338,10795,0.03065
GALAUSDT,BUY,LIMIT,1701957685117,25283,0.03069
GALAUSDT,BUY,LIMIT,1701957795369,836,0.03074
GALAUSDT,BUY,LIMIT,1701957806886,27514,0.03087
GALAUSDT,BUY,LIMIT,1701957808411,5986,0.03088
GALAUSDT,BUY,LIMIT,1701957809446,9529,0.03089
GALAUSDT,BUY,LIMIT,1701959243319,5602,0.03095
GALAUSDT,BUY,LIMIT,1701959247275,36393,0.03098
GALAUSDT,BUY,LIMIT,1701959261311,17283,0.03101
GALAUSDT,BUY,LIMIT,1701959262403,1689,0.03104
GALAUSDT,BUY,LIMIT,1701959265000,337837,0.03114
GALAUSDT,BUY,LIMIT,1701959266502,67441,0.03111
GALAUSDT,BUY,LIMIT,1701959499202,1656,0.03117
GALAUSDT,BUY,LIMIT,1701959500241,134615,0.03119
GALAUSDT,BUY,LIMIT,1701959502332,1,0.03120
GALAUSDT,BUY,LIMIT,1701959602181,1809,0.03124
GALAUSDT,BUY,LIMIT,1701959608380,1500,0.03130
GALAUSDT,BUY,LIMIT,1701959610214,381858,0.03139
GALAUSDT,BUY,LIMIT,1701959613646,24241,0.03136
GALAUSDT,BUY,LIMIT,1701960747204,3948,0.03138
GALAUSDT,BUY,LIMIT,1701960748402,4669,0.03139
GALAUSDT,BUY,LIMIT,1701960751360,7040,0.03144
GALAUSDT,BUY,LIMIT,1701960754561,16701,0.03145
GALAUSDT,BUY,LIMIT,1701960760216,25805,0.03147
GALAUSDT,BUY,LIMIT,1701960763702,36098,0.03152
GALAUSDT,BUY,LIMIT,1701960768836,67684,0.03156
GALAUSDT,BUY,LIMIT,1701960770344,2089,0.03157
GALAUSDT,BUY,LIMIT,1701960771606,8952,0.03166
GALAUSDT,BUY,LIMIT,1701960773682,30755,0.03167
GALAUSDT,BUY,LIMIT,1701960775531,66882,0.03169
GALAUSDT,BUY,LIMIT,1701960777206,7075,0.03172
GALAUSDT,BUY,LIMIT,1701960778242,92508,0.03172
GALAUSDT,BUY,LIMIT,1701960780132,10710,0.03173
GALAUSDT,BUY,LIMIT,1701960781810,6554,0.03174
GALAUSDT,BUY,LIMIT,1701961116887,42881,0.03169
GALAUSDT,BUY,LIMIT,1701961291068,169090,0.03170
GALAUSDT,SELL,LIMIT,1701961347303,1189,0.03140
GALAUSDT,BUY,LIMIT,1701961385817,3552,0.03177
GALAUSDT,BUY,LIMIT,1701961388615,2566,0.03181
GALAUSDT,SELL,LIMIT,1701961877211,1581,0.03099
GALAUSDT,BUY,LIMIT,1701962686690,1,0.03136
GALAUSDT,SELL,LIMIT,1701962888207,1011,0.03091
GALAUSDT,SELL,LIMIT,1701962933349,3765,0.03086
GALAUSDT,SELL,LIMIT,1701963416164,9719,0.03097
GALAUSDT,SELL,LIMIT,1701963648255,114326,0.03074
GALAUSDT,SELL,LIMIT,1701964146547,69228,0.03072
GALAUSDT,BUY,LIMIT,1701965301819,34264,0.03124
GALAUSDT,BUY,LIMIT,1701966424814,2976,0.03160
GALAUSDT,BUY,LIMIT,1701966428075,37427,0.03160
GALAUSDT,BUY,LIMIT,1701966707059,2093,0.03166
GALAUSDT,BUY,LIMIT,1701966727355,186,0.03169
GALAUSDT,BUY,LIMIT,1701966783151,3155,0.03172
GALAUSDT,BUY,LIMIT,1701966799953,1828,0.03174
GALAUSDT,SELL,LIMIT,1701968152872,1609,0.03109
GALAUSDT,SELL,LIMIT,1701969126214,9627,0.03091
GALAUSDT,BUY,LIMIT,1701969932350,1009082,0.03167
GALAUSDT,BUY,LIMIT,1701969941761,77813,0.03162
GALAUSDT,BUY,LIMIT,1701969955221,82276,0.03173
GALAUSDT,BUY,LIMIT,1701969957921,10000,0.03176
GALAUSDT,BUY,LIMIT,1701969965301,3204,0.03182
GALAUSDT,BUY,LIMIT,1701969970610,3644,0.03185
GALAUSDT,BUY,LIMIT,1701969974104,2128,0.03188
GALAUSDT,BUY,LIMIT,1701969975207,2296,0.03189
GALAUSDT,BUY,LIMIT,1701970200798,4264,0.03184
GALAUSDT,BUY,LIMIT,1701970207373,16712,0.03189
GALAUSDT,SELL,LIMIT,1701971000934,3032,0.03118
GALAUSDT,SELL,LIMIT,1701971041613,564,0.03112
GALAUSDT,SELL,LIMIT,1701971344131,21142,0.03101
GALAUSDT,SELL,LIMIT,1701971359081,159967,0.03097
GALAUSDT,SELL,LIMIT,1701971360114,44413,0.03093
GALAUSDT,SELL,LIMIT,1701971365269,32655,0.03087
GALAUSDT,SELL,LIMIT,1701973941158,37173,0.03099
GALAUSDT,SELL,LIMIT,1701974287875,98886,0.03094
GALAUSDT,SELL,LIMIT,1701974294977,70610,0.03093
GALAUSDT,SELL,LIMIT,1701974604012,10616,0.03089
GALAUSDT,SELL,LIMIT,1701974605041,31626,0.03087
GALAUSDT,SELL,LIMIT,1701974738522,158650,0.03086
GALAUSDT,BUY,LIMIT,1701975551653,61406,0.03167
GALAUSDT,SELL,LIMIT,1701976842275,15469,0.03100
GALAUSDT,SELL,LIMIT,1701976924152,53897,0.03090
GALAUSDT,SELL,LIMIT,1701977012080,687,0.03094
GALAUSDT,SELL,LIMIT,1701977040328,1609,0.03092
GALAUSDT,SELL,LIMIT,1701977182584,1576288,0.03073
GALAUSDT,SELL,LIMIT,1701977297802,193,0.03078
GALAUSDT,SELL,LIMIT,1701977300092,91036,0.03077
GALAUSDT,BUY,LIMIT,1701979611430,8247,0.03143
GALAUSDT,SELL,LIMIT,1701980570288,1158,0.03096
GALAUSDT,BUY,LIMIT,1701982820942,21789,0.03137
GALAUSDT,BUY,LIMIT,1701982927708,4750,0.03152
GALAUSDT,BUY,LIMIT,1701983035298,6173,0.03157
GALAUSDT,BUY,LIMIT,1701983518793,136622,0.03159
GALAUSDT,BUY,LIMIT,1701983524052,168,0.03159
GALAUSDT,BUY,LIMIT,1701983790245,4204,0.03160
GALAUSDT,BUY,LIMIT,1701983815166,78599,0.03183
GALAUSDT,BUY,LIMIT,1701983816475,6241,0.03179
GALAUSDT,BUY,LIMIT,1701983817714,1979,0.03182
GALAUSDT,BUY,LIMIT,1701983819125,14947,0.03185
GALAUSDT,BUY,LIMIT,1701983822075,42477,0.03188
GALAUSDT,BUY,LIMIT,1701983823284,14403,0.03188
GALAUSDT,BUY,LIMIT,1701984196303,7883,0.03180
GALAUSDT,BUY,LIMIT,1701984232247,42193,0.03194
GALAUSDT,BUY,LIMIT,1701984233986,89500,0.03197
GALAUSDT,BUY,LIMIT,1701984283290,30105,0.03197
GALAUSDT,BUY,LIMIT,1701984285364,6517,0.03198
GALAUSDT,BUY,LIMIT,1701984454287,1554,0.03199
GALAUSDT,BUY,LIMIT,1701984467013,257,0.03201
GALAUSDT,BUY,LIMIT,1701984477399,21510,0.03203
GALAUSDT,BUY,LIMIT,1701984482098,78644,0.03207
GALAUSDT,BUY,LIMIT,1701984631103,14770,0.03210
GALAUSDT,BUY,LIMIT,1701984634770,16677,0.03211
GALAUSDT,BUY,LIMIT,1701984742563,200000,0.03213
GALAUSDT,BUY,LIMIT,1701984759121,14185,0.03212
GALAUSDT,BUY,LIMIT,1701984864322,178,0.03214
GALAUSDT,BUY,LIMIT,1701984865345,89487,0.03217
GALAUSDT,BUY,LIMIT,1701985119085,759,0.03200
GALAUSDT,BUY,LIMIT,1701985560207,9507,0.03220
GALAUSDT,BUY,LIMIT,1701985564018,27041,0.03221
GALAUSDT,BUY,LIMIT,1701985568086,3191,0.03221
GALAUSDT,BUY,LIMIT,1701985576478,51477,0.03222
GALAUSDT,BUY,LIMIT,1701985627252,3896,0.03228
GALAUSDT,BUY,LIMIT,1701986255703,50633,0.03231
GALAUSDT,BUY,LIMIT,1701986263533,227,0.03234
GALAUSDT,BUY,LIMIT,1701986264653,545643,0.03247
GALAUSDT,BUY,LIMIT,1701986266046,15072,0.03238
GALAUSDT,BUY,LIMIT,1701986267086,698,0.03243
GALAUSDT,BUY,LIMIT,1701986268099,1145,0.03245
GALAUSDT,BUY,LIMIT,1701986271069,4878,0.03248
GALAUSDT,BUY,LIMIT,1701986273280,14621,0.03249
GALAUSDT,BUY,LIMIT,1701986275626,412,0.03252
GALAUSDT,BUY,LIMIT,1701986276970,2753,0.03253
GALAUSDT,BUY,LIMIT,1701986539158,5179,0.03256
GALAUSDT,BUY,LIMIT,1701986540267,354,0.03257
GALAUSDT,BUY,LIMIT,1701986543682,231658,0.03263
GALAUSDT,BUY,LIMIT,1701986560146,2578,0.03260
GALAUSDT,BUY,LIMIT,1701986561363,270,0.03259
GALAUSDT,BUY,LIMIT,1701986562400,2940,0.03261
GALAUSDT,BUY,LIMIT,1701986564261,737,0.03262
GALAUSDT,SELL,LIMIT,1701987622384,165,0.03245
GALAUSDT,SELL,LIMIT,1701987888753,1191,0.03176
GALAUSDT,SELL,LIMIT,1701988025283,3095,0.03168
GALAUSDT,SELL,LIMIT,1701988036868,62903,0.03165
GALAUSDT,SELL,LIMIT,1701988039574,925,0.03161
GALAUSDT,SELL,LIMIT,1701988076896,7960,0.03160
GALAUSDT,SELL,LIMIT,1701988079365,9535,0.03158
GALAUSDT,SELL,LIMIT,1701988453223,157480,0.03155
GALAUSDT,BUY,LIMIT,1701988702293,3638,0.03236
GALAUSDT,SELL,LIMIT,1701990165254,50054,0.03144
GALAUSDT,SELL,LIMIT,1701990176986,90000,0.03140
GALAUSDT,SELL,LIMIT,1701990442615,70994,0.03136
GALAUSDT,SELL,LIMIT,1701990456105,2793,0.03129
GALAUSDT,SELL,LIMIT,1701990832045,2590,0.03122
GALAUSDT,SELL,LIMIT,1701991036469,1000,0.03122
GALAUSDT,SELL,LIMIT,1701991391701,5791,0.03118
GALAUSDT,SELL,LIMIT,1701991402144,6553,0.03117
GALAUSDT,BUY,LIMIT,1701992752038,1010,0.03177
GALAUSDT,BUY,LIMIT,1701993771397,4783,0.03197
GALAUSDT,BUY,LIMIT,1701994588216,184726,0.03193
GALAUSDT,BUY,LIMIT,1701996234088,376,0.03156
GALAUSDT,SELL,LIMIT,1701997273836,135170,0.03116
GALAUSDT,SELL,LIMIT,1701997275740,17344,0.03115
GALAUSDT,SELL,LIMIT,1701997286140,4527,0.03113
GALAUSDT,SELL,LIMIT,1701997474397,39612,0.03106
GALAUSDT,SELL,LIMIT,1701997539448,86025,0.03102
GALAUSDT,SELL,LIMIT,1701997540560,15887,0.03098
GALAUSDT,SELL,LIMIT,1701997543723,555,0.03094
GALAUSDT,SELL,LIMIT,1701997549490,2605,0.03094
GALAUSDT,SELL,LIMIT,1701997756836,13248,0.03093
GALAUSDT,SELL,LIMIT,1701997775424,46159,0.03095
GALAUSDT,SELL,LIMIT,1701998572331,8442,0.03105
GALAUSDT,SELL,LIMIT,1702002064108,4807,0.03091
GALAUSDT,SELL,LIMIT,1702002320166,10927,0.03087
GALAUSDT,SELL,LIMIT,1702002727176,79189,0.03097
GALAUSDT,SELL,LIMIT,1702003022790,73243,0.03085
GALAUSDT,BUY,LIMIT,1702005646147,30920,0.03161
GALAUSDT,SELL,LIMIT,1702006443248,8753,0.03121
GALAUSDT,BUY,LIMIT,1702006467255,157153,0.03160
GALAUSDT,BUY,LIMIT,1702006661367,1063,0.03166
GALAUSDT,BUY,LIMIT,1702007154540,927,0.03168
GALAUSDT,BUY,LIMIT,1702013373442,10351,0.03129
GALAUSDT,SELL,LIMIT,1702013546969,885,0.03088
GALAUSDT,SELL,LIMIT,1702015426130,66874,0.03076
GALAUSDT,SELL,LIMIT,1702015428125,2739,0.03075
GALAUSDT,SELL,LIMIT,1702015444131,4786,0.03073
GALAUSDT,BUY,LIMIT,1702016255579,5330,0.03152
GALAUSDT,BUY,LIMIT,1702016289203,1716,0.03159
GALAUSDT,SELL,LIMIT,1702020117766,72009,0.03070
GALAUSDT,SELL,LIMIT,1702020222509,9823,0.03068
GALAUSDT,SELL,LIMIT,1702020223876,163,0.03064
GALAUSDT,SELL,LIMIT,1702020405578,1549,0.03061
GALAUSDT,SELL,LIMIT,1702020518840,861,0.03059
GALAUSDT,SELL,LIMIT,1702020521280,1756,0.03055
GALAUSDT,SELL,LIMIT,1702020530518,682,0.03056
GALAUSDT,SELL,LIMIT,1702020640389,8368,0.03053
GALAUSDT,SELL,LIMIT,1702020642675,94369,0.03051
GALAUSDT,SELL,LIMIT,1702020643849,2330,0.03048
GALAUSDT,SELL,LIMIT,1702020649142,25511,0.03048
GALAUSDT,SELL,LIMIT,1702020650609,153976,0.03048
GALAUSDT,SELL,LIMIT,1702020652993,24651,0.03045
GALAUSDT,BUY,LIMIT,1702021483606,250,0.03106
GALAUSDT,BUY,LIMIT,1702021637870,60000,0.03120
GALAUSDT,BUY,LIMIT,1702034788863,2739,0.03111
GALAUSDT,BUY,LIMIT,1702034922663,258,0.03116
GALAUSDT,BUY,LIMIT,1702035272757,6277,0.03135
GALAUSDT,BUY,LIMIT,1702035659110,16241,0.03137
GALAUSDT,BUY,LIMIT,1702035941100,6725,0.03141
GALAUSDT,BUY,LIMIT,1702038189501,36199,0.03133
GALAUSDT,BUY,LIMIT,1702039056531,165,0.03147
GALAUSDT,BUY,LIMIT,1702039078265,210,0.03150
GALAUSDT,BUY,LIMIT,1702039097275,597,0.03154
GALAUSDT,BUY,LIMIT,1702039762702,1572,0.03146
GALAUSDT,SELL,LIMIT,1702041027340,79197,0.03073
GALAUSDT,BUY,LIMIT,1702043669553,12676,0.03136
GALAUSDT,SELL,LIMIT,1702044486411,33797,0.03069
GALAUSDT,SELL,LIMIT,1702044488972,81740,0.03068
GALAUSDT,SELL,LIMIT,1702044494446,17205,0.03067
GALAUSDT,SELL,LIMIT,1702044496419,95589,0.03061
GALAUSDT,SELL,LIMIT,1702044500931,443,0.03057
GALAUSDT,SELL,LIMIT,1702044515235,21555,0.03054
GALAUSDT,SELL,LIMIT,1702044531377,286,0.03054
GALAUSDT,SELL,LIMIT,1702044547823,320,0.03052
GALAUSDT,SELL,LIMIT,1702044555149,4412,0.03049
GALAUSDT,SELL,LIMIT,1702044567108,96830,0.03047
GALAUSDT,BUY,LIMIT,1702046052795,727,0.03129
GALAUSDT,BUY,LIMIT,1702046911318,40108,0.03149
GALAUSDT,SELL,LIMIT,1702047247227,8446,0.03101
GALAUSDT,SELL,LIMIT,1702051386072,2838,0.03112
GALAUSDT,SELL,LIMIT,1702051520184,11603,0.03115
GALAUSDT,BUY,LIMIT,1702052210757,41716,0.03160
GALAUSDT,BUY,LIMIT,1702053174260,153888,0.03161
GALAUSDT,BUY,LIMIT,1702053315118,189,0.03162
GALAUSDT,BUY,LIMIT,1702053464341,3032,0.03166
GALAUSDT,BUY,LIMIT,1702053478109,552,0.03167
GALAUSDT,BUY,LIMIT,1702053522430,804,0.03167
GALAUSDT,BUY,LIMIT,1702053789070,1638,0.03173
GALAUSDT,BUY,LIMIT,1702053790416,459,0.03172
GALAUSDT,BUY,LIMIT,1702053920100,1171,0.03174
GALAUSDT,BUY,LIMIT,1702053930933,32113,0.03175
GALAUSDT,BUY,LIMIT,1702053964698,322,0.03179
GALAUSDT,BUY,LIMIT,1702053997441,6868,0.03185
GALAUSDT,BUY,LIMIT,1702054028747,795,0.03190
GALAUSDT,BUY,LIMIT,1702054161347,5555,0.03195
GALAUSDT,BUY,LIMIT,1702054168788,3212,0.03195
GALAUSDT,BUY,LIMIT,1702054195654,47843,0.03197
GALAUSDT,BUY,LIMIT,1702054217168,426,0.03199
GALAUSDT,BUY,LIMIT,1702054220812,19171,0.03201
GALAUSDT,BUY,LIMIT,1702054223301,522,0.03202
GALAUSDT,BUY,LIMIT,1702054265141,67292,0.03206
GALAUSDT,BUY,LIMIT,1702054271073,4295,0.03212
GALAUSDT,BUY,LIMIT,1702054273326,3833,0.03215
GALAUSDT,BUY,LIMIT,1702054275004,156695,0.03223
GALAUSDT,BUY,LIMIT,1702054318068,1713,0.03229
GALAUSDT,BUY,LIMIT,1702054319397,1949,0.03232
GALAUSDT,BUY,LIMIT,1702054321177,3608,0.03234
GALAUSDT,BUY,LIMIT,1702054333367,11497,0.03240
GALAUSDT,BUY,LIMIT,1702054334381,1830,0.03239
GALAUSDT,BUY,LIMIT,1702054335758,163920,0.03249
GALAUSDT,BUY,LIMIT,1702054339196,94686,0.03250
GALAUSDT,BUY,LIMIT,1702054347065,22200,0.03258
GALAUSDT,BUY,LIMIT,1702054348456,1581,0.03257
GALAUSDT,BUY,LIMIT,1702054352821,42302,0.03262
GALAUSDT,BUY,LIMIT,1702054366398,1233,0.03261
GALAUSDT,SELL,LIMIT,1702055009750,1075,0.03277
GALAUSDT,BUY,LIMIT,1702055184543,4182,0.03258
GALAUSDT,BUY,LIMIT,1702055585492,9658,0.03269
GALAUSDT,BUY,LIMIT,1702055589076,335,0.03273
GALAUSDT,BUY,LIMIT,1702055590317,5356,0.03273
GALAUSDT,BUY,LIMIT,1702055595302,6231,0.03277
GALAUSDT,BUY,LIMIT,1702055596347,14556,0.03278
GALAUSDT,BUY,LIMIT,1702055597919,146440,0.03281
GALAUSDT,BUY,LIMIT,1702055599363,8307,0.03286
GALAUSDT,BUY,LIMIT,1702055600437,1206,0.03287
GALAUSDT,BUY,LIMIT,1702055603145,514,0.03292
GALAUSDT,BUY,LIMIT,1702055604187,24501,0.03294
GALAUSDT,BUY,LIMIT,1702055606489,160,0.03296
GALAUSDT,BUY,LIMIT,1702055614376,66158,0.03298
GALAUSDT,BUY,LIMIT,1702055615413,81576,0.03302
GALAUSDT,BUY,LIMIT,1702055620152,106285,0.03302
GALAUSDT,BUY,LIMIT,1702055662323,386504,0.03313
GALAUSDT,BUY,LIMIT,1702055666502,24731,0.03305
GALAUSDT,BUY,LIMIT,1702055670531,689,0.03305
GALAUSDT,BUY,LIMIT,1702055848223,63451,0.03308
GALAUSDT,BUY,LIMIT,1702055849347,45000,0.03311
GALAUSDT,BUY,LIMIT,1702055850443,1268,0.03312
GALAUSDT,BUY,LIMIT,1702055851594,6882,0.03314
GALAUSDT,BUY,LIMIT,1702055853054,506621,0.03333
GALAUSDT,BUY,LIMIT,1702055854068,10120,0.03322
GALAUSDT,BUY,LIMIT,1702055855501,13800,0.03336
GALAUSDT,BUY,LIMIT,1702055857127,486,0.03338
GALAUSDT,BUY,LIMIT,1702055858172,3446,0.03339
GALAUSDT,BUY,LIMIT,1702055862227,6278,0.03344
GALAUSDT,BUY,LIMIT,1702055863242,2612,0.03346
GALAUSDT,BUY,LIMIT,1702055867209,38474,0.03352
GALAUSDT,BUY,LIMIT,1702055868246,386,0.03351
GALAUSDT,BUY,LIMIT,1702055874084,3235,0.03356
GALAUSDT,BUY,LIMIT,1702056035835,5468,0.03335
GALAUSDT,SELL,LIMIT,1702057369100,3070,0.03262
GALAUSDT,SELL,LIMIT,1702057384256,11777,0.03254
GALAUSDT,SELL,LIMIT,1702057410063,480,0.03247
GALAUSDT,SELL,LIMIT,1702057429285,149523,0.03245
GALAUSDT,SELL,LIMIT,1702057570322,49926,0.03239
GALAUSDT,SELL,LIMIT,1702057576003,86366,0.03239
GALAUSDT,SELL,LIMIT,1702057703647,530,0.03235
GALAUSDT,SELL,LIMIT,1702057806579,18061,0.03225
GALAUSDT,SELL,LIMIT,1702060716559,3291,0.03210
GALAUSDT,BUY,LIMIT,1702061012521,19617,0.03294
GALAUSDT,BUY,LIMIT,1702061014664,15571,0.03298
GALAUSDT,BUY,LIMIT,1702061017101,52458,0.03300
GALAUSDT,BUY,LIMIT,1702061018468,15408,0.03306
GALAUSDT,BUY,LIMIT,1702061021618,9219,0.03319
GALAUSDT,BUY,LIMIT,1702061074226,19556,0.03327
GALAUSDT,BUY,LIMIT,1702061076567,1232,0.03329
GALAUSDT,BUY,LIMIT,1702061082173,16465,0.03338
GALAUSDT,BUY,LIMIT,1702061084761,3732,0.03339
GALAUSDT,BUY,LIMIT,1702061458341,122427,0.03320
GALAUSDT,BUY,LIMIT,1702061637652,3095141,0.03396
GALAUSDT,BUY,LIMIT,1702061639725,154621,0.03361
GALAUSDT,BUY,LIMIT,1702061642691,633,0.03364
GALAUSDT,BUY,LIMIT,1702061646716,15495,0.03368
GALAUSDT,BUY,LIMIT,1702061648217,1304459,0.03384
GALAUSDT,BUY,LIMIT,1702061651086,325,0.03377
GALAUSDT,BUY,LIMIT,1702061653307,11054,0.03379
GALAUSDT,BUY,LIMIT,1702061654658,18961,0.03380
GALAUSDT,BUY,LIMIT,1702061659331,7330,0.03380
GALAUSDT,SELL,LIMIT,1702061924703,15559,0.03293
GALAUSDT,SELL,LIMIT,1702062572330,150195,0.03263
GALAUSDT,SELL,LIMIT,1702062762801,150240,0.03255
GALAUSDT,SELL,LIMIT,1702062771147,244,0.03253
GALAUSDT,SELL,LIMIT,1702062808713,40501,0.03248
GALAUSDT,SELL,LIMIT,1702063054546,1821,0.03241
GALAUSDT,BUY,LIMIT,1702063865389,5134,0.03302
GALAUSDT,BUY,LIMIT,1702063887543,155,0.03308
GALAUSDT,BUY,LIMIT,1702065878787,2873,0.03293
GALAUSDT,BUY,LIMIT,1702066054067,500,0.03313
GALAUSDT,BUY,LIMIT,1702066127868,5415,0.03328
GALAUSDT,BUY,LIMIT,1702066222852,4764,0.03339
GALAUSDT,BUY,LIMIT,1702066227110,438,0.03343
GALAUSDT,BUY,LIMIT,1702066236241,6304,0.03350
GALAUSDT,BUY,LIMIT,1702066237680,15209,0.03350
GALAUSDT,BUY,LIMIT,1702066245989,1972,0.03356
GALAUSDT,SELL,LIMIT,1702067014771,7630,0.03261
GALAUSDT,SELL,LIMIT,1702067119835,1505,0.03257
GALAUSDT,SELL,LIMIT,1702067549221,12349,0.03254
GALAUSDT,SELL,LIMIT,1702067608574,790,0.03250
GALAUSDT,BUY,LIMIT,1702067740550,63740,0.03287
GALAUSDT,BUY,LIMIT,1702068238866,4042,0.03291
GALAUSDT,BUY,LIMIT,1702070228147,1558,0.03296
GALAUSDT,BUY,LIMIT,1702070627332,12726,0.03293
GALAUSDT,BUY,LIMIT,1702073724189,2616,0.03318
GALAUSDT,SELL,LIMIT,1702074268949,7847,0.03261
GALAUSDT,SELL,LIMIT,1702075448338,15079,0.03249
GALAUSDT,SELL,LIMIT,1702076302423,8794,0.03238
GALAUSDT,SELL,LIMIT,1702076461632,1939,0.03227
GALAUSDT,SELL,LIMIT,1702076477072,80824,0.03227
GALAUSDT,BUY,LIMIT,1702078515165,6300,0.03300
GALAUSDT,BUY,LIMIT,1702078625042,113212,0.03306
GALAUSDT,BUY,LIMIT,1702078943204,8391,0.03315
GALAUSDT,BUY,LIMIT,1702079403151,5286,0.03317
GALAUSDT,BUY,LIMIT,1702079418166,10967,0.03321
GALAUSDT,BUY,LIMIT,1702079451982,38289,0.03327
GALAUSDT,BUY,LIMIT,1702080005466,52051,0.03321
GALAUSDT,BUY,LIMIT,1702080074496,153,0.03335
GALAUSDT,BUY,LIMIT,1702080078377,2754,0.03339
GALAUSDT,BUY,LIMIT,1702080235703,5653,0.03326
GALAUSDT,BUY,LIMIT,1702080260775,4641,0.03323
GALAUSDT,BUY,LIMIT,1702080274352,19999,0.03329
GALAUSDT,BUY,LIMIT,1702080276822,3214,0.03329
GALAUSDT,BUY,LIMIT,1702080317072,22883,0.03327
GALAUSDT,BUY,LIMIT,1702080401253,76433,0.03337
GALAUSDT,BUY,LIMIT,1702080629632,6468,0.03353
GALAUSDT,BUY,LIMIT,1702080976648,7733,0.03357
GALAUSDT,BUY,LIMIT,1702081253139,225,0.03362
GALAUSDT,BUY,LIMIT,1702081287295,7068,0.03365
GALAUSDT,BUY,LIMIT,1702081635436,2000,0.03368
GALAUSDT,BUY,LIMIT,1702081674183,153,0.03369
GALAUSDT,BUY,LIMIT,1702081682563,6330,0.03370
GALAUSDT,BUY,LIMIT,1702081761159,11676,0.03370
GALAUSDT,BUY,LIMIT,1702081975084,45477,0.03367
GALAUSDT,BUY,LIMIT,1702082012346,2275,0.03370
GALAUSDT,BUY,LIMIT,1702082279388,1208,0.03372
GALAUSDT,BUY,LIMIT,1702082294647,12139,0.03375
GALAUSDT,BUY,LIMIT,1702082625251,152068,0.03365
GALAUSDT,BUY,LIMIT,1702082744299,1112,0.03357
GALAUSDT,BUY,LIMIT,1702083151078,17910,0.03382
GALAUSDT,SELL,LIMIT,1702083788893,24002,0.03300
GALAUSDT,SELL,LIMIT,1702084089255,70,0.03289
GALAUSDT,SELL,LIMIT,1702084108946,7290,0.03284
GALAUSDT,BUY,LIMIT,1702086209060,2349,0.03384
GALAUSDT,BUY,LIMIT,1702086211520,44964,0.03387
GALAUSDT,BUY,LIMIT,1702086214137,38601,0.03388
GALAUSDT,BUY,LIMIT,1702086507644,1095,0.03383
GALAUSDT,BUY,LIMIT,1702086838584,6313,0.03391
GALAUSDT,BUY,LIMIT,1702087001532,3485,0.03395
GALAUSDT,BUY,LIMIT,1702087003883,116733,0.03397
GALAUSDT,BUY,LIMIT,1702087006467,20498,0.03399
GALAUSDT,BUY,LIMIT,1702087015188,705,0.03400
GALAUSDT,BUY,LIMIT,1702087021142,13843,0.03401
GALAUSDT,SELL,LIMIT,1702087766467,3931,0.03301
GALAUSDT,SELL,LIMIT,1702087981576,123856,0.03299
GALAUSDT,SELL,LIMIT,1702088521684,2771,0.03293
GALAUSDT,SELL,LIMIT,1702088555160,7644,0.03293
GALAUSDT,BUY,LIMIT,1702094757471,3071,0.03324
GALAUSDT,BUY,LIMIT,1702097185105,6078,0.03323
GALAUSDT,BUY,LIMIT,1702097270683,8283,0.03319
GALAUSDT,SELL,LIMIT,1702099077679,10000,0.03302
GALAUSDT,BUY,LIMIT,1702099558427,1090,0.03316
GALAUSDT,BUY,LIMIT,1702102356172,16548,0.03304
GALAUSDT,SELL,LIMIT,1702103465217,50155,0.03277
GALAUSDT,BUY,LIMIT,1702104842878,35281,0.03325
GALAUSDT,BUY,LIMIT,1702105690185,100000,0.03329
GALAUSDT,BUY,LIMIT,1702106063198,360,0.03354
GALAUSDT,BUY,LIMIT,1702106065271,151929,0.03355
GALAUSDT,BUY,LIMIT,1702108098403,917,0.03359
GALAUSDT,BUY,LIMIT,1702108466879,4076,0.03361
GALAUSDT,BUY,LIMIT,1702108817311,2465,0.03366
GALAUSDT,BUY,LIMIT,1702108907254,6825,0.03367
GALAUSDT,BUY,LIMIT,1702109192287,120180,0.03371
GALAUSDT,BUY,LIMIT,1702109201634,3358,0.03372
GALAUSDT,BUY,LIMIT,1702109209796,1986,0.03376
GALAUSDT,BUY,LIMIT,1702109244834,5396,0.03378
GALAUSDT,BUY,LIMIT,1702109247961,2000,0.03378
GALAUSDT,BUY,LIMIT,1702109371915,3687,0.03378
GALAUSDT,BUY,LIMIT,1702109514107,4615,0.03368
GALAUSDT,BUY,LIMIT,1702109741906,16586,0.03391
GALAUSDT,BUY,LIMIT,1702109743209,13720,0.03392
GALAUSDT,BUY,LIMIT,1702109755078,205,0.03392
GALAUSDT,BUY,LIMIT,1702109892379,598,0.03389
GALAUSDT,BUY,LIMIT,1702110283973,2289,0.03402
GALAUSDT,BUY,LIMIT,1702110289108,50000,0.03403
GALAUSDT,BUY,LIMIT,1702110292011,8865,0.03403
GALAUSDT,BUY,LIMIT,1702110299103,3488,0.03405
GALAUSDT,BUY,LIMIT,1702110316137,2131,0.03406
GALAUSDT,BUY,LIMIT,1702110342132,35896,0.03407
GALAUSDT,SELL,LIMIT,1702110882269,14854,0.03318
GALAUSDT,SELL,LIMIT,1702110906781,3277,0.03316
GALAUSDT,SELL,LIMIT,1702110936145,147756,0.03311
GALAUSDT,SELL,LIMIT,1702110949648,7294,0.03304
GALAUSDT,SELL,LIMIT,1702110968990,9443,0.03298
GALAUSDT,SELL,LIMIT,1702110970061,178,0.03295
GALAUSDT,SELL,LIMIT,1702110971225,829,0.03293
GALAUSDT,SELL,LIMIT,1702110972348,5955,0.03292
GALAUSDT,SELL,LIMIT,1702110977171,9375,0.03285
GALAUSDT,SELL,LIMIT,1702110980627,151284,0.03283
GALAUSDT,SELL,LIMIT,1702110983283,77008,0.03284
GALAUSDT,SELL,LIMIT,1702111027751,898,0.03274
GALAUSDT,SELL,LIMIT,1702111031718,3486,0.03273
GALAUSDT,SELL,LIMIT,1702111032797,145462,0.03272
GALAUSDT,SELL,LIMIT,1702111035516,149925,0.03272
GALAUSDT,SELL,LIMIT,1702111038310,42236,0.03263
GALAUSDT,SELL,LIMIT,1702111039452,119372,0.03273
GALAUSDT,SELL,LIMIT,1702111041285,2245,0.03260
GALAUSDT,SELL,LIMIT,1702111042571,26684,0.03260
GALAUSDT,SELL,LIMIT,1702111043884,22433,0.03257
GALAUSDT,SELL,LIMIT,1702111045695,17664,0.03254
GALAUSDT,SELL,LIMIT,1702111047554,56380,0.03257
GALAUSDT,SELL,LIMIT,1702111206512,476,0.03253
GALAUSDT,SELL,LIMIT,1702111378590,75555,0.03247
GALAUSDT,SELL,LIMIT,1702111380523,338,0.03246
GALAUSDT,SELL,LIMIT,1702111382226,1005,0.03241
GALAUSDT,SELL,LIMIT,1702111385942,138380,0.03239
GALAUSDT,SELL,LIMIT,1702111387227,37440,0.03232
GALAUSDT,SELL,LIMIT,1702111389399,112212,0.03231
GALAUSDT,BUY,LIMIT,1702111677491,4634,0.03327
GALAUSDT,BUY,LIMIT,1702113411967,4113,0.03352
GALAUSDT,BUY,LIMIT,1702113443046,75551,0.03347
GALAUSDT,BUY,LIMIT,1702113584057,975,0.03360
GALAUSDT,BUY,LIMIT,1702113614539,215,0.03366
GALAUSDT,BUY,LIMIT,1702113660858,3646,0.03371
GALAUSDT,BUY,LIMIT,1702114043440,15180,0.03376
GALAUSDT,BUY,LIMIT,1702114102723,34625,0.03398
GALAUSDT,BUY,LIMIT,1702114109102,27059,0.03400
GALAUSDT,BUY,LIMIT,1702114113885,15408,0.03413
GALAUSDT,BUY,LIMIT,1702114124548,193,0.03415
GALAUSDT,BUY,LIMIT,1702114143524,291042,0.03423
GALAUSDT,BUY,LIMIT,1702114145729,24748,0.03416
GALAUSDT,BUY,LIMIT,1702114148233,6897,0.03418
GALAUSDT,BUY,LIMIT,1702114158897,2934,0.03420
GALAUSDT,BUY,LIMIT,1702114162088,15012,0.03421
GALAUSDT,BUY,LIMIT,1702114164940,148757,0.03420
GALAUSDT,BUY,LIMIT,1702114171180,605306,0.03431
GALAUSDT,BUY,LIMIT,1702114173268,15950,0.03424
GALAUSDT,BUY,LIMIT,1702114175353,8062,0.03426
GALAUSDT,BUY,LIMIT,1702114178415,31192,0.03435
GALAUSDT,BUY,LIMIT,1702114179758,913,0.03441
GALAUSDT,BUY,LIMIT,1702114180824,3510,0.03442
GALAUSDT,BUY,LIMIT,1702114183762,149476,0.03445
GALAUSDT,BUY,LIMIT,1702114185068,256,0.03448
GALAUSDT,BUY,LIMIT,1702114186510,5896,0.03450
GALAUSDT,BUY,LIMIT,1702114187534,318,0.03452
GALAUSDT,BUY,LIMIT,1702114189476,13294,0.03453
GALAUSDT,BUY,LIMIT,1702114192787,2689,0.03455
GALAUSDT,BUY,LIMIT,1702114193972,74799,0.03458
GALAUSDT,BUY,LIMIT,1702114230185,5879,0.03463
GALAUSDT,BUY,LIMIT,1702114231251,44621,0.03465
GALAUSDT,BUY,LIMIT,1702114232502,112257,0.03468
GALAUSDT,BUY,LIMIT,1702114243305,18787,0.03471
GALAUSDT,BUY,LIMIT,1702114244665,19786,0.03474
GALAUSDT,BUY,LIMIT,1702114249563,264,0.03477
GALAUSDT,BUY,LIMIT,1702114252036,151879,0.03482
GALAUSDT,BUY,LIMIT,1702114253548,48779,0.03482
GALAUSDT,BUY,LIMIT,1702114280119,24182,0.03485
GALAUSDT,BUY,LIMIT,1702114283097,9086,0.03487
GALAUSDT,BUY,LIMIT,1702114288166,7391,0.03495
GALAUSDT,BUY,LIMIT,1702114303254,615,0.03501
GALAUSDT,BUY,LIMIT,1702114304421,7000,0.03497
GALAUSDT,BUY,LIMIT,1702114305468,961,0.03503
GALAUSDT,BUY,LIMIT,1702114314074,1568,0.03508
GALAUSDT,BUY,LIMIT,1702114316228,159874,0.03513
GALAUSDT,BUY,LIMIT,1702114319291,10000,0.03517
GALAUSDT,BUY,LIMIT,1702114321756,1175,0.03515
GALAUSDT,BUY,LIMIT,1702114331214,75490,0.03514
GALAUSDT,BUY,LIMIT,1702114332289,173,0.03524
GALAUSDT,SELL,LIMIT,1702115028101,1341,0.03413
GALAUSDT,SELL,LIMIT,1702115116525,6183,0.03398
GALAUSDT,BUY,LIMIT,1702116038048,1610,0.03509
GALAUSDT,BUY,LIMIT,1702116221593,14685,0.03515
GALAUSDT,BUY,LIMIT,1702116231743,724,0.03518
GALAUSDT,BUY,LIMIT,1702116232747,26949,0.03520
GALAUSDT,SELL,LIMIT,1702117316099,55000,0.03427
GALAUSDT,SELL,LIMIT,1702117365341,46582,0.03425
GALAUSDT,SELL,LIMIT,1702117750472,134718,0.03418
GALAUSDT,SELL,LIMIT,1702117811310,2324,0.03413
GALAUSDT,SELL,LIMIT,1702118339389,7258,0.03399
GALAUSDT,SELL,LIMIT,1702118383403,1341,0.03396
GALAUSDT,SELL,LIMIT,1702118580113,11989,0.03391
GALAUSDT,SELL,LIMIT,1702118723444,903,0.03392
GALAUSDT,SELL,LIMIT,1702119032622,6733,0.03383
GALAUSDT,SELL,LIMIT,1702120207623,1304,0.03375
GALAUSDT,SELL,LIMIT,1702120257340,47243,0.03373
GALAUSDT,SELL,LIMIT,1702120316581,8622,0.03367
GALAUSDT,SELL,LIMIT,1702120322459,31332,0.03359
GALAUSDT,SELL,LIMIT,1702120323507,58055,0.03353
GALAUSDT,SELL,LIMIT,1702120335550,3521,0.03351
GALAUSDT,BUY,LIMIT,1702123679001,1832,0.03447
GALAUSDT,BUY,LIMIT,1702123687183,1100,0.03449
GALAUSDT,BUY,LIMIT,1702124116278,11122,0.03468
GALAUSDT,BUY,LIMIT,1702124132570,256,0.03469
GALAUSDT,BUY,LIMIT,1702124155054,2000,0.03471
GALAUSDT,BUY,LIMIT,1702124162365,5000,0.03473
GALAUSDT,BUY,LIMIT,1702124176229,20527,0.03477
GALAUSDT,BUY,LIMIT,1702124204158,73198,0.03484
GALAUSDT,BUY,LIMIT,1702125159464,1093,0.03496
GALAUSDT,BUY,LIMIT,1702127183235,3259,0.03504
GALAUSDT,BUY,LIMIT,1702127186161,229,0.03505
GALAUSDT,BUY,LIMIT,1702127188594,9941,0.03508
GALAUSDT,SELL,LIMIT,1702127623024,19104,0.03465
GALAUSDT,BUY,LIMIT,1702127644719,5058,0.03512
GALAUSDT,BUY,LIMIT,1702127915828,4835,0.03523
GALAUSDT,BUY,LIMIT,1702127922990,1413,0.03527
GALAUSDT,BUY,LIMIT,1702127925187,25704,0.03528
GALAUSDT,SELL,LIMIT,1702129497165,632,0.03420
GALAUSDT,BUY,LIMIT,1702129687636,307,0.03468
GALAUSDT,SELL,LIMIT,1702129740206,599,0.03415
GALAUSDT,SELL,LIMIT,1702129741463,64000,0.03418
GALAUSDT,SELL,LIMIT,1702129744851,1074,0.03410
GALAUSDT,SELL,LIMIT,1702130507802,64715,0.03404
GALAUSDT,SELL,LIMIT,1702130509627,100476,0.03403
GALAUSDT,SELL,LIMIT,1702131144366,324,0.03393
GALAUSDT,SELL,LIMIT,1702131145901,1046,0.03388
GALAUSDT,SELL,LIMIT,1702131147200,14796,0.03383
GALAUSDT,SELL,LIMIT,1702131175315,13036,0.03379
GALAUSDT,SELL,LIMIT,1702131365223,58139,0.03373
GALAUSDT,BUY,LIMIT,1702132815729,595,0.03411
GALAUSDT,SELL,LIMIT,1702132920642,20000,0.03376
GALAUSDT,SELL,LIMIT,1702132953034,1329,0.03369
GALAUSDT,SELL,LIMIT,1702132957125,7822,0.03366
GALAUSDT,SELL,LIMIT,1702132966974,110993,0.03363
GALAUSDT,SELL,LIMIT,1702132970952,36875,0.03363
GALAUSDT,SELL,LIMIT,1702132994374,487,0.03559
GALAUSDT,SELL,LIMIT,1702132996423,1697,0.03360
GALAUSDT,SELL,LIMIT,1702133000580,1395,0.03354
GALAUSDT,SELL,LIMIT,1702133001653,14956,0.03357
GALAUSDT,SELL,LIMIT,1702133003726,327,0.03355
GALAUSDT,SELL,LIMIT,1702133005685,5952,0.03350
GALAUSDT,SELL,LIMIT,1702133006781,64958,0.03350
GALAUSDT,SELL,LIMIT,1702133008477,123757,0.03346
GALAUSDT,SELL,LIMIT,1702133010056,33016,0.03344
GALAUSDT,SELL,LIMIT,1702133011160,50191,0.03344
GALAUSDT,SELL,LIMIT,1702133288346,45523,0.03340
GALAUSDT,SELL,LIMIT,1702133323520,14684,0.03337
GALAUSDT,SELL,LIMIT,1702133327190,44786,0.03336
GALAUSDT,SELL,LIMIT,1702133330415,4442,0.03335
GALAUSDT,SELL,LIMIT,1702133336716,160,0.03330
GALAUSDT,SELL,LIMIT,1702133342493,23952,0.03327
GALAUSDT,SELL,LIMIT,1702133344445,14050,0.03328
GALAUSDT,SELL,LIMIT,1702133345750,1468,0.03327
GALAUSDT,SELL,LIMIT,1702133385381,147158,0.03327
GALAUSDT,SELL,LIMIT,1702133389235,5018,0.03325
GALAUSDT,SELL,LIMIT,1702133398098,104088,0.03324
