Symbol,Side,Order Type,Time,Quantity,Price
GALAUSDT,BUY,LIMIT,1701065641132,1677,0.02708
GALAUSDT,BUY,LIMIT,1701065715087,1894,0.02709
GALAUSDT,BUY,LIMIT,1701065748624,6,0.02712
GALAUSDT,BUY,LIMIT,1701065778084,3220,0.02716
GALAUSDT,BUY,LIMIT,1701065836918,10424,0.02722
GALAUSDT,BUY,LIMIT,1701065895579,1185,0.02727
GALAUSDT,BUY,LIMIT,1701065899679,12767,0.02728
GALAUSDT,BUY,LIMIT,1701065956080,2271,0.02730
GALAUSDT,BUY,LIMIT,1701066003136,3201,0.02733
GALAUSDT,BUY,LIMIT,1701067751730,178489,0.02697
GALAUSDT,SELL,LIMIT,1701067754254,59167,0.02690
GALAUSDT,BUY,LIMIT,1701067817537,44820,0.02700
GALAUSDT,SELL,LIMIT,1701067845576,113267,0.02669
GALAUSDT,SELL,LIMIT,1701067939753,3662,0.02666
GALAUSDT,BUY,LIMIT,1701068055145,156289,0.02697
GALAUSDT,SELL,LIMIT,1701068109711,17777,0.02659
GALAUSDT,SELL,LIMIT,1701068110814,7933,0.02671
GALAUSDT,SELL,LIMIT,1701068113557,82892,0.02656
GALAUSDT,SELL,LIMIT,1701068144196,36886,0.02653
GALAUSDT,SELL,LIMIT,1701068321196,20717,0.02644
GALAUSDT,BUY,LIMIT,1701068388116,17556,0.02676
GALAUSDT,BUY,LIMIT,1701068996068,6098,0.02695
GALAUSDT,BUY,LIMIT,1701068997202,86081,0.02697
GALAUSDT,BUY,LIMIT,1701069013924,244,0.02700
GALAUSDT,BUY,LIMIT,1701069201347,31053,0.02694
GALAUSDT,SELL,LIMIT,1701069517943,27235,0.02646
GALAUSDT,SELL,LIMIT,1701069572302,42681,0.02639
GALAUSDT,SELL,LIMIT,1701069575475,7718,0.02638
GALAUSDT,SELL,LIMIT,1701069618937,16604,0.02638
GALAUSDT,SELL,LIMIT,1701069637504,6291,0.02629
GALAUSDT,SELL,LIMIT,1701069759215,21940,0.02625
GALAUSDT,SELL,LIMIT,1701069773665,186695,0.02624
GALAUSDT,SELL,LIMIT,1701069798258,7195,0.02620
GALAUSDT,SELL,LIMIT,1701069801143,5259,0.02617
GALAUSDT,SELL,LIMIT,1701069807056,40716,0.02617
GALAUSDT,SELL,LIMIT,1701069808219,48329,0.02617
GALAUSDT,SELL,LIMIT,1701069861518,2000,0.02616
GALAUSDT,SELL,LIMIT,1701069865405,169742,0.02617
GALAUSDT,SELL,LIMIT,1701069867244,3550,0.02614
GALAUSDT,SELL,LIMIT,1701069871396,85261,0.02610
GALAUSDT,SELL,LIMIT,1701069881288,364963,0.02601
GALAUSDT,SELL,LIMIT,1701069882290,184365,0.02606
GALAUSDT,SELL,LIMIT,1701069884146,20000,0.02605
GALAUSDT,SELL,LIMIT,1701069895648,4041,0.02603
GALAUSDT,SELL,LIMIT,1701069901990,11263,0.02602
GALAUSDT,SELL,LIMIT,1701069916240,54807,0.02602
GALAUSDT,SELL,LIMIT,1701070167884,52801,0.02615
GALAUSDT,BUY,LIMIT,1701071938988,1479,0.02679
GALAUSDT,BUY,LIMIT,1701073553188,6193,0.02692
GALAUSDT,BUY,LIMIT,1701074348533,5815,0.02692
GALAUSDT,BUY,LIMIT,1701075668385,890,0.02705
GALAUSDT,BUY,LIMIT,1701075682863,5709,0.02712
GALAUSDT,BUY,LIMIT,1701076617819,19771,0.02727
GALAUSDT,BUY,LIMIT,1701076637265,154521,0.02729
GALAUSDT,BUY,LIMIT,1701076929188,7290,0.02718
GALAUSDT,BUY,LIMIT,1701077382100,3256,0.02731
GALAUSDT,BUY,LIMIT,1701077399082,326690,0.02739
GALAUSDT,SELL,LIMIT,1701078950863,54417,0.02678
GALAUSDT,BUY,LIMIT,1701080177837,25075,0.02738
GALAUSDT,BUY,LIMIT,1701080211282,248,0.02744
GALAUSDT,BUY,LIMIT,1701080955658,533,0.02719
GALAUSDT,SELL,LIMIT,1701081439682,2198,0.02672
GALAUSDT,SELL,LIMIT,1701081447749,66610,0.02671
GALAUSDT,BUY,LIMIT,1701081866578,20022,0.02736
GALAUSDT,SELL,LIMIT,1701082119289,19519,0.02668
GALAUSDT,SELL,LIMIT,1701082127183,745,0.02659
GALAUSDT,SELL,LIMIT,1701082446717,36859,0.02660
GALAUSDT,SELL,LIMIT,1701082457144,184911,0.02656
GALAUSDT,SELL,LIMIT,1701082458221,3612,0.02658
GALAUSDT,SELL,LIMIT,1701082461403,3932,0.02651
GALAUSDT,SELL,LIMIT,1701082465326,821,0.02648
GALAUSDT,SELL,LIMIT,1701082471105,1080,0.02645
GALAUSDT,SELL,LIMIT,1701082472478,32303,0.02645
GALAUSDT,SELL,LIMIT,1701082499248,20360,0.02640
GALAUSDT,SELL,LIMIT,1701082500534,1102,0.02641
GALAUSDT,SELL,LIMIT,1701082502964,110307,0.02638
GALAUSDT,SELL,LIMIT,1701082638242,10952,0.02645
GALAUSDT,SELL,LIMIT,1701082655116,2627,0.02635
GALAUSDT,SELL,LIMIT,1701082658158,82108,0.02636
GALAUSDT,SELL,LIMIT,1701082676837,2433,0.02633
GALAUSDT,SELL,LIMIT,1701082702849,405,0.02634
GALAUSDT,SELL,LIMIT,1701082704421,58909,0.02634
GALAUSDT,SELL,LIMIT,1701083319295,24042,0.02632
GALAUSDT,BUY,LIMIT,1701084265348,9011,0.02707
GALAUSDT,BUY,LIMIT,1701084525158,4267,0.02712
GALAUSDT,BUY,LIMIT,1701084978822,18825,0.02722
GALAUSDT,BUY,LIMIT,1701085184531,1208,0.02740
GALAUSDT,BUY,LIMIT,1701085279073,125067,0.02743
GALAUSDT,BUY,LIMIT,1701085389058,3711,0.02748
GALAUSDT,BUY,LIMIT,1701085500571,44232,0.02749
GALAUSDT,BUY,LIMIT,1701085507575,60495,0.02751
GALAUSDT,BUY,LIMIT,1701085511074,115544,0.02754
GALAUSDT,BUY,LIMIT,1701085513218,84261,0.02755
GALAUSDT,BUY,LIMIT,1701085539051,16912,0.02757
GALAUSDT,BUY,LIMIT,1701085540211,8575,0.02758
GALAUSDT,BUY,LIMIT,1701085541400,1746,0.02759
GALAUSDT,BUY,LIMIT,1701085621076,137057,0.02761
GALAUSDT,BUY,LIMIT,1701085622443,6230,0.02760
GALAUSDT,BUY,LIMIT,1701085668921,7273,0.02762
GALAUSDT,BUY,LIMIT,1701085862155,352,0.02769
GALAUSDT,BUY,LIMIT,1701085863163,75616,0.02773
GALAUSDT,BUY,LIMIT,1701085864183,30680,0.02775
GALAUSDT,BUY,LIMIT,1701085865196,1218,0.02774
GALAUSDT,BUY,LIMIT,1701085866234,1555,0.02776
GALAUSDT,BUY,LIMIT,1701085867239,2073,0.02778
GALAUSDT,BUY,LIMIT,1701085868420,5338,0.02780
GALAUSDT,BUY,LIMIT,1701085871464,3383,0.02778
GALAUSDT,BUY,LIMIT,1701085874701,2706,0.02780
GALAUSDT,BUY,LIMIT,1701085881435,14534,0.02780
GALAUSDT,BUY,LIMIT,1701085908612,3876,0.02782
GALAUSDT,BUY,LIMIT,1701085910616,7821,0.02784
GALAUSDT,BUY,LIMIT,1701085913095,7541,0.02784
GALAUSDT,BUY,LIMIT,1701085915150,203,0.02786
GALAUSDT,BUY,LIMIT,1701085916189,184094,0.02787
GALAUSDT,BUY,LIMIT,1701085917503,102554,0.02789
GALAUSDT,BUY,LIMIT,1701085919143,182949,0.02789
GALAUSDT,BUY,LIMIT,1701085920145,250,0.02789
GALAUSDT,BUY,LIMIT,1701085921596,184,0.02790
GALAUSDT,SELL,LIMIT,1701086195084,55669,0.02719
GALAUSDT,SELL,LIMIT,1701086212145,32764,0.02713
GALAUSDT,SELL,LIMIT,1701086217585,4343,0.02712
GALAUSDT,SELL,LIMIT,1701086223438,11138,0.02709
GALAUSDT,SELL,LIMIT,1701086423199,39041,0.02705
GALAUSDT,SELL,LIMIT,1701086428806,36271,0.02704
GALAUSDT,SELL,LIMIT,1701086431904,4300,0.02704
GALAUSDT,SELL,LIMIT,1701086483990,1470,0.02700
GALAUSDT,SELL,LIMIT,1701086520995,793,0.02698
GALAUSDT,SELL,LIMIT,1701086523606,3573,0.02695
GALAUSDT,SELL,LIMIT,1701086589264,455,0.02710
GALAUSDT,SELL,LIMIT,1701086717836,19179,0.02723
GALAUSDT,BUY,LIMIT,1701086868014,40590,0.02763
GALAUSDT,BUY,LIMIT,1701086881188,10255,0.02767
GALAUSDT,BUY,LIMIT,1701086959043,1836,0.02776
GALAUSDT,BUY,LIMIT,1701086963208,3317,0.02778
GALAUSDT,BUY,LIMIT,1701086967364,12843,0.02779
GALAUSDT,BUY,LIMIT,1701087352279,8048,0.02762
GALAUSDT,SELL,LIMIT,1701088748470,3925,0.02706
GALAUSDT,BUY,LIMIT,1701089297771,28932,0.02784
GALAUSDT,BUY,LIMIT,1701090132210,7411,0.02789
GALAUSDT,BUY,LIMIT,1701090135074,6879,0.02798
GALAUSDT,BUY,LIMIT,1701090136079,1499,0.02799
GALAUSDT,BUY,LIMIT,1701090137268,37660,0.02798
GALAUSDT,BUY,LIMIT,1701090138285,2397,0.02802
GALAUSDT,BUY,LIMIT,1701090141057,28948,0.02803
GALAUSDT,BUY,LIMIT,1701090157138,37901,0.02804
GALAUSDT,BUY,LIMIT,1701090158377,7294,0.02806
GALAUSDT,BUY,LIMIT,1701090159610,10211,0.02808
GALAUSDT,BUY,LIMIT,1701090161089,183553,0.02809
GALAUSDT,SELL,LIMIT,1701090272326,15180,0.02732
GALAUSDT,SELL,LIMIT,1701090303062,1199,0.02713
GALAUSDT,SELL,LIMIT,1701090304304,18883,0.02715
GALAUSDT,SELL,LIMIT,1701090305740,124332,0.02713
GALAUSDT,SELL,LIMIT,1701090307730,18736,0.02713
GALAUSDT,SELL,LIMIT,1701090315113,1265,0.02709
GALAUSDT,SELL,LIMIT,1701090317006,9053,0.02708
GALAUSDT,SELL,LIMIT,1701090318410,14820,0.02707
GALAUSDT,SELL,LIMIT,1701090321620,4052,0.02704
GALAUSDT,SELL,LIMIT,1701090323690,72443,0.02703
GALAUSDT,SELL,LIMIT,1701090325145,1691,0.02703
GALAUSDT,SELL,LIMIT,1701090326616,37897,0.02703
GALAUSDT,SELL,LIMIT,1701090924303,39956,0.02701
GALAUSDT,SELL,LIMIT,1701090925308,13798,0.02699
GALAUSDT,SELL,LIMIT,1701090926357,182,0.02699
GALAUSDT,SELL,LIMIT,1701090932382,10000,0.02697
GALAUSDT,SELL,LIMIT,1701090934057,103404,0.02696
GALAUSDT,SELL,LIMIT,1701090935858,1019,0.02696
GALAUSDT,SELL,LIMIT,1701090937667,78153,0.02694
GALAUSDT,SELL,LIMIT,1701090946281,19062,0.02691
GALAUSDT,SELL,LIMIT,1701090970262,16433,0.02686
GALAUSDT,SELL,LIMIT,1701090971306,8000,0.02687
GALAUSDT,SELL,LIMIT,1701090972626,8436,0.02685
GALAUSDT,SELL,LIMIT,1701090981255,32500,0.02687
GALAUSDT,SELL,LIMIT,1701091145336,11183,0.02681
GALAUSDT,SELL,LIMIT,1701091147645,10539,0.02678
GALAUSDT,SELL,LIMIT,1701091150684,179178,0.02674
GALAUSDT,SELL,LIMIT,1701091161422,14501,0.02671
GALAUSDT,SELL,LIMIT,1701091162543,179917,0.02670
GALAUSDT,SELL,LIMIT,1701092099751,7328,0.02676
GALAUSDT,SELL,LIMIT,1701092655153,1001,0.02673
GALAUSDT,SELL,LIMIT,1701093136287,181290,0.02677
GALAUSDT,SELL,LIMIT,1701093137277,71713,0.02683
GALAUSDT,SELL,LIMIT,1701093451776,4813,0.02712
GALAUSDT,BUY,LIMIT,1701093833557,2476,0.02747
GALAUSDT,SELL,LIMIT,1701094563344,15438,0.02672
GALAUSDT,SELL,LIMIT,1701094567190,61519,0.02669
GALAUSDT,SELL,LIMIT,1701094582074,69602,0.02667
GALAUSDT,SELL,LIMIT,1701094584247,4110,0.02667
GALAUSDT,SELL,LIMIT,1701094585790,3626,0.02664
GALAUSDT,SELL,LIMIT,1701094587598,77491,0.02662
GALAUSDT,SELL,LIMIT,1701094607167,1406,0.02661
GALAUSDT,SELL,LIMIT,1701094608786,1775,0.02660
GALAUSDT,SELL,LIMIT,1701094702046,15277,0.02652
GALAUSDT,SELL,LIMIT,1701094703196,572,0.02653
GALAUSDT,SELL,LIMIT,1701094706302,4187,0.02650
GALAUSDT,SELL,LIMIT,1701094709464,2687,0.02646
GALAUSDT,SELL,LIMIT,1701094712128,4756,0.02645
GALAUSDT,SELL,LIMIT,1701095511606,66416,0.02643
GALAUSDT,SELL,LIMIT,1701095513663,87062,0.02642
GALAUSDT,SELL,LIMIT,1701095552935,17674,0.02640
GALAUSDT,SELL,LIMIT,1701095577940,1009,0.02639
GALAUSDT,SELL,LIMIT,1701095585053,5684,0.02639
GALAUSDT,SELL,LIMIT,1701095591217,1531,0.02638
GALAUSDT,SELL,LIMIT,1701095599046,8781,0.02633
GALAUSDT,SELL,LIMIT,1701095600396,3940,0.02634
GALAUSDT,SELL,LIMIT,1701095613577,361954,0.02626
GALAUSDT,SELL,LIMIT,1701096043500,1669550,0.02622
GALAUSDT,SELL,LIMIT,1701096045247,1570,0.02630
GALAUSDT,SELL,LIMIT,1701096046289,28018,0.02629
GALAUSDT,SELL,LIMIT,1701096060449,280,0.02626
GALAUSDT,SELL,LIMIT,1701096061990,14635,0.02624
GALAUSDT,SELL,LIMIT,1701096067503,382,0.02624
GALAUSDT,SELL,LIMIT,1701097015504,216905,0.02623
GALAUSDT,SELL,LIMIT,1701097025491,737,0.02623
GALAUSDT,SELL,LIMIT,1701097067208,43143,0.02632
GALAUSDT,SELL,LIMIT,1701097083268,12866,0.02622
GALAUSDT,SELL,LIMIT,1701097084984,272622,0.02618
GALAUSDT,SELL,LIMIT,1701097087181,83400,0.02618
GALAUSDT,SELL,LIMIT,1701097092010,5635,0.02618
GALAUSDT,SELL,LIMIT,1701097093094,753,0.02617
GALAUSDT,SELL,LIMIT,1701097094257,14381,0.02616
GALAUSDT,SELL,LIMIT,1701097099077,4349,0.02616
GALAUSDT,SELL,LIMIT,1701097101323,142766,0.02615
GALAUSDT,SELL,LIMIT,1701097102799,145663,0.02614
GALAUSDT,BUY,LIMIT,1701097416187,1285,0.02683
GALAUSDT,BUY,LIMIT,1701098253850,5508,0.02690
GALAUSDT,BUY,LIMIT,1701098348131,19272,0.02696
GALAUSDT,SELL,LIMIT,1701099682037,1191,0.02626
GALAUSDT,SELL,LIMIT,1701099684037,39912,0.02624
GALAUSDT,SELL,LIMIT,1701099790360,35002,0.02627
GALAUSDT,SELL,LIMIT,1701099950604,30941,0.02624
GALAUSDT,SELL,LIMIT,1701099982216,7555,0.02616
GALAUSDT,SELL,LIMIT,1701100136246,18705,0.02613
GALAUSDT,SELL,LIMIT,1701100142542,110,0.02612
GALAUSDT,SELL,LIMIT,1701100154315,5245,0.02612
GALAUSDT,SELL,LIMIT,1701100157302,2443,0.02610
GALAUSDT,SELL,LIMIT,1701100158813,3686,0.02610
GALAUSDT,SELL,LIMIT,1701100180616,7127,0.02607
GALAUSDT,SELL,LIMIT,1701100186545,6370,0.02607
GALAUSDT,SELL,LIMIT,1701100191156,83858,0.02608
GALAUSDT,SELL,LIMIT,1701100213157,49825,0.02608
GALAUSDT,SELL,LIMIT,1701100215467,827,0.02606
GALAUSDT,SELL,LIMIT,1701100218950,60599,0.02604
GALAUSDT,SELL,LIMIT,1701100220048,1831,0.02603
GALAUSDT,SELL,LIMIT,1701100266975,5648,0.02600
GALAUSDT,SELL,LIMIT,1701100485268,83350,0.02609
GALAUSDT,SELL,LIMIT,1701100487452,7020,0.02609
GALAUSDT,SELL,LIMIT,1701100565518,10333,0.02673
GALAUSDT,SELL,LIMIT,1701100574055,1124,0.02600
GALAUSDT,SELL,LIMIT,1701100575391,1749,0.02600
GALAUSDT,SELL,LIMIT,1701100590574,110091,0.02600
GALAUSDT,SELL,LIMIT,1701100615757,16565,0.02601
GALAUSDT,SELL,LIMIT,1701100625688,199,0.02600
GALAUSDT,SELL,LIMIT,1701100631360,1000,0.02602
GALAUSDT,SELL,LIMIT,1701100632460,6066,0.02599
GALAUSDT,SELL,LIMIT,1701100633579,20627,0.02593
GALAUSDT,SELL,LIMIT,1701100635035,28214,0.02593
GALAUSDT,SELL,LIMIT,1701100637549,1427,0.02592
GALAUSDT,SELL,LIMIT,1701100640477,738171,0.02584
GALAUSDT,SELL,LIMIT,1701100641457,81130,0.02590
GALAUSDT,SELL,LIMIT,1701100643817,69891,0.02589
GALAUSDT,SELL,LIMIT,1701101051330,8000,0.02619
GALAUSDT,SELL,LIMIT,1701101073812,13119,0.02622
GALAUSDT,BUY,LIMIT,1701101922057,9793,0.02672
GALAUSDT,SELL,LIMIT,1701102047430,1087,0.02652
GALAUSDT,BUY,LIMIT,1701102050119,51229,0.02675
GALAUSDT,BUY,LIMIT,1701102083249,500,0.02679
GALAUSDT,SELL,LIMIT,1701102157791,6,0.45555
GALAUSDT,BUY,LIMIT,1701103515624,777,0.02701
GALAUSDT,BUY,LIMIT,1701103571474,279,0.02705
GALAUSDT,BUY,LIMIT,1701104186254,3711,0.02713
GALAUSDT,BUY,LIMIT,1701104352693,9391,0.02713
GALAUSDT,BUY,LIMIT,1701104366158,2901,0.02714
GALAUSDT,BUY,LIMIT,1701104391255,3888,0.02721
GALAUSDT,BUY,LIMIT,1701104393510,4661,0.02723
GALAUSDT,BUY,LIMIT,1701104828063,186265,0.02724
GALAUSDT,BUY,LIMIT,1701104916173,6412,0.02734
GALAUSDT,BUY,LIMIT,1701104954547,45593,0.02735
GALAUSDT,BUY,LIMIT,1701104967981,24863,0.02737
GALAUSDT,BUY,LIMIT,1701104981772,102057,0.02738
GALAUSDT,BUY,LIMIT,1701104993593,13228,0.02741
GALAUSDT,BUY,LIMIT,1701104996893,4082,0.02743
GALAUSDT,BUY,LIMIT,1701106008076,4620,0.02746
GALAUSDT,BUY,LIMIT,1701106143215,363,0.02748
GALAUSDT,BUY,LIMIT,1701106162073,48368,0.02750
GALAUSDT,BUY,LIMIT,1701106222408,309060,0.02758
GALAUSDT,BUY,LIMIT,1701106270042,24887,0.02760
GALAUSDT,BUY,LIMIT,1701106272492,7601,0.02761
GALAUSDT,SELL,LIMIT,1701107475359,183070,0.02693
GALAUSDT,BUY,LIMIT,1701108829469,33634,0.02758
GALAUSDT,BUY,LIMIT,1701108865051,133042,0.02762
GALAUSDT,BUY,LIMIT,1701108968802,318,0.02764
GALAUSDT,BUY,LIMIT,1701108974114,6520,0.02765
GALAUSDT,BUY,LIMIT,1701109002188,37576,0.02767
GALAUSDT,BUY,LIMIT,1701109039172,157538,0.02768
GALAUSDT,BUY,LIMIT,1701109085076,1111,0.02770
GALAUSDT,BUY,LIMIT,1701109111906,40247,0.02770
GALAUSDT,BUY,LIMIT,1701109159208,1908,0.02772
GALAUSDT,BUY,LIMIT,1701109164871,2776,0.02775
GALAUSDT,BUY,LIMIT,1701109201948,12918,0.02777
GALAUSDT,BUY,LIMIT,1701109204222,508,0.02778
GALAUSDT,SELL,LIMIT,1701111190283,2489,0.02719
GALAUSDT,BUY,LIMIT,1701111220799,7958,0.02743
GALAUSDT,SELL,LIMIT,1701111554216,35094,0.02705
GALAUSDT,SELL,LIMIT,1701111555300,57717,0.02701
GALAUSDT,SELL,LIMIT,1701111557284,76148,0.02702
GALAUSDT,SELL,LIMIT,1701111930357,18208,0.02708
GALAUSDT,SELL,LIMIT,1701112053704,1187,0.02703
GALAUSDT,SELL,LIMIT,1701112197511,841,0.02696
GALAUSDT,SELL,LIMIT,1701113004292,3605,0.02691
GALAUSDT,SELL,LIMIT,1701113206068,219,0.02711
GALAUSDT,SELL,LIMIT,1701113940022,472,0.02688
GALAUSDT,SELL,LIMIT,1701114159017,28885,0.02681
GALAUSDT,SELL,LIMIT,1701114162014,18962,0.02678
GALAUSDT,SELL,LIMIT,1701114164499,6667,0.02676
GALAUSDT,SELL,LIMIT,1701114190363,4656,0.02675
GALAUSDT,SELL,LIMIT,1701114191474,733,0.02673
GALAUSDT,SELL,LIMIT,1701114206154,5232,0.02673
GALAUSDT,SELL,LIMIT,1701114228500,56904,0.02669
GALAUSDT,SELL,LIMIT,1701114230412,17668,0.02666
GALAUSDT,SELL,LIMIT,1701114236501,2242,0.02665
GALAUSDT,SELL,LIMIT,1701114238321,39755,0.02662
GALAUSDT,SELL,LIMIT,1701114274909,586,0.02668
GALAUSDT,SELL,LIMIT,1701114358095,5680,0.02656
GALAUSDT,SELL,LIMIT,1701114460958,20742,0.02658
GALAUSDT,SELL,LIMIT,1701114470729,184026,0.02656
GALAUSDT,SELL,LIMIT,1701114475094,15122,0.02651
GALAUSDT,SELL,LIMIT,1701114489482,8555,0.02652
GALAUSDT,SELL,LIMIT,1701114493492,335,0.02652
GALAUSDT,SELL,LIMIT,1701114495233,11973,0.02649
GALAUSDT,SELL,LIMIT,1701115468223,2500,0.02650
GALAUSDT,SELL,LIMIT,1701115575906,18073,0.02645
GALAUSDT,SELL,LIMIT,1701115589007,253,0.02644
GALAUSDT,SELL,LIMIT,1701116197968,22637,0.02636
GALAUSDT,SELL,LIMIT,1701116712481,30000,0.02639
GALAUSDT,SELL,LIMIT,1701116742135,165829,0.02634
GALAUSDT,SELL,LIMIT,1701116768032,16118,0.02632
GALAUSDT,SELL,LIMIT,1701116769172,99140,0.02632
GALAUSDT,SELL,LIMIT,1701116812829,25268,0.02630
GALAUSDT,SELL,LIMIT,1701116818171,950,0.02629
GALAUSDT,SELL,LIMIT,1701116829946,39751,0.02629
GALAUSDT,SELL,LIMIT,1701116832252,4943,0.02628
GALAUSDT,SELL,LIMIT,1701116903909,13671,0.02626
GALAUSDT,SELL,LIMIT,1701116952666,182359,0.02624
GALAUSDT,SELL,LIMIT,1701116959142,1078,0.02622
GALAUSDT,SELL,LIMIT,1701116960307,3045,0.02621
GALAUSDT,SELL,LIMIT,1701116982128,10003,0.02617
GALAUSDT,SELL,LIMIT,1701116985250,10535,0.02616
GALAUSDT,SELL,LIMIT,1701117005807,3090,0.02615
GALAUSDT,SELL,LIMIT,1701117007106,42316,0.02615
GALAUSDT,SELL,LIMIT,1701117010735,132192,0.02615
GALAUSDT,SELL,LIMIT,1701117094955,6923,0.02613
GALAUSDT,SELL,LIMIT,1701117096784,2662,0.02614
GALAUSDT,SELL,LIMIT,1701117112150,7223,0.02612
GALAUSDT,BUY,LIMIT,1701118457591,1183,0.02656
GALAUSDT,BUY,LIMIT,1701119531039,91996,0.02685
GALAUSDT,BUY,LIMIT,1701119542644,632,0.02686
GALAUSDT,BUY,LIMIT,1701119807214,190476,0.02691
GALAUSDT,BUY,LIMIT,1701120150238,994,0.02696
GALAUSDT,BUY,LIMIT,1701120152755,29066,0.02697
GALAUSDT,BUY,LIMIT,1701121736508,54792,0.02659
GALAUSDT,BUY,LIMIT,1701121755620,6337,0.02668
GALAUSDT,SELL,LIMIT,1701122190390,38056,0.02626
GALAUSDT,SELL,LIMIT,1701122230059,15000,0.02627
GALAUSDT,SELL,LIMIT,1701122233862,43141,0.02623
GALAUSDT,SELL,LIMIT,1701123081738,459,0.02622
GALAUSDT,SELL,LIMIT,1701123366256,582,0.02619
GALAUSDT,SELL,LIMIT,1701123461870,13003,0.02616
GALAUSDT,SELL,LIMIT,1701123480343,89037,0.02616
GALAUSDT,SELL,LIMIT,1701123677106,185232,0.02610
GALAUSDT,SELL,LIMIT,1701123683687,338,0.02611
GALAUSDT,SELL,LIMIT,1701123740323,10000,0.02609
GALAUSDT,SELL,LIMIT,1701123749299,12018,0.02608
GALAUSDT,SELL,LIMIT,1701124700265,10752,0.02607
GALAUSDT,SELL,LIMIT,1701124737884,8650,0.02606
GALAUSDT,SELL,LIMIT,1701124746451,232,0.02607
GALAUSDT,BUY,LIMIT,1701126649186,1317,0.02681
GALAUSDT,SELL,LIMIT,1701127053877,187,0.02671
GALAUSDT,BUY,LIMIT,1701127389126,28230,0.02710
GALAUSDT,BUY,LIMIT,1701127403195,1628,0.02708
GALAUSDT,BUY,LIMIT,1701127479493,5376,0.02715
GALAUSDT,BUY,LIMIT,1701127481048,37079,0.02717
GALAUSDT,BUY,LIMIT,1701127743230,5617,0.02723
GALAUSDT,BUY,LIMIT,1701127782226,31083,0.02724
GALAUSDT,BUY,LIMIT,1701127806210,14274,0.02729
GALAUSDT,BUY,LIMIT,1701127954482,5101762,0.02769
GALAUSDT,SELL,LIMIT,1701127964288,1000,0.02702
GALAUSDT,BUY,LIMIT,1701129126186,1325,0.02756
GALAUSDT,BUY,LIMIT,1701129142309,5753,0.02756
GALAUSDT,BUY,LIMIT,1701129149829,455,0.02757
GALAUSDT,BUY,LIMIT,1701130889140,15789,0.02750
GALAUSDT,BUY,LIMIT,1701130971705,154758,0.02760
GALAUSDT,BUY,LIMIT,1701130976034,3174,0.02762
GALAUSDT,BUY,LIMIT,1701130982052,10751,0.02763
GALAUSDT,BUY,LIMIT,1701132962743,362,0.02741
GALAUSDT,SELL,LIMIT,1701133379971,31483,0.02693
GALAUSDT,SELL,LIMIT,1701134297827,4466,0.02682
GALAUSDT,SELL,LIMIT,1701134300194,5401,0.02682
GALAUSDT,SELL,LIMIT,1701134492072,9791,0.02679
GALAUSDT,SELL,LIMIT,1701137179568,183028,0.02668
GALAUSDT,SELL,LIMIT,1701137408815,40248,0.02668
GALAUSDT,SELL,LIMIT,1701137410900,5060,0.02667
GALAUSDT,BUY,LIMIT,1701137776210,15209,0.02701
GALAUSDT,SELL,LIMIT,1701138251413,30365,0.02664
GALAUSDT,SELL,LIMIT,1701139012660,21245,0.02659
GALAUSDT,SELL,LIMIT,1701141257096,1144,0.02652
GALAUSDT,SELL,LIMIT,1701141360166,15288,0.02650
GALAUSDT,SELL,LIMIT,1701141433095,1387,0.02647
GALAUSDT,SELL,LIMIT,1701141505843,116230,0.02647
GALAUSDT,SELL,LIMIT,1701142553127,16451,0.02640
GALAUSDT,SELL,LIMIT,1701142822760,18588,0.02638
GALAUSDT,SELL,LIMIT,1701145801134,18786,0.02627
GALAUSDT,SELL,LIMIT,1701145965744,4940,0.02626
GALAUSDT,SELL,LIMIT,1701146062096,435,0.02619
GALAUSDT,SELL,LIMIT,1701146066234,183770,0.02618
GALAUSDT,SELL,LIMIT,1701146496162,7608,0.02617
GALAUSDT,SELL,LIMIT,1701146504103,10323,0.02615
GALAUSDT,SELL,LIMIT,1701146505155,3696,0.02616
GALAUSDT,SELL,LIMIT,1701146516862,13271,0.02611
GALAUSDT,SELL,LIMIT,1701146588698,6207,0.02609
GALAUSDT,SELL,LIMIT,1701146599138,67,0.02609
GALAUSDT,SELL,LIMIT,1701146634224,45546,0.02606
GALAUSDT,SELL,LIMIT,1701146915999,3599,0.02605
GALAUSDT,SELL,LIMIT,1701146965575,1232,0.02603
GALAUSDT,SELL,LIMIT,1701147339320,5970,0.02602
GALAUSDT,SELL,LIMIT,1701147340450,188536,0.02601
GALAUSDT,SELL,LIMIT,1701147436497,5000,0.02599
GALAUSDT,SELL,LIMIT,1701147465174,1928,0.02599
GALAUSDT,SELL,LIMIT,1701147862120,251576,0.02594
GALAUSDT,SELL,LIMIT,1701147873109,102618,0.02596
GALAUSDT,SELL,LIMIT,1701147891409,227,0.02594
GALAUSDT,SELL,LIMIT,1701147893564,12417,0.02593
GALAUSDT,SELL,LIMIT,1701147895699,499,0.02592
GALAUSDT,SELL,LIMIT,1701148004288,11036,0.02587
GALAUSDT,SELL,LIMIT,1701148008688,232116,0.02584
GALAUSDT,SELL,LIMIT,1701148010041,649,0.02584
GALAUSDT,SELL,LIMIT,1701148177061,133760,0.02582
GALAUSDT,SELL,LIMIT,1701148178285,27439,0.02581
GALAUSDT,SELL,LIMIT,1701148182611,6885,0.02579
GALAUSDT,SELL,LIMIT,1701148212315,6739,0.02578
GALAUSDT,SELL,LIMIT,1701148214613,17121,0.02578
GALAUSDT,SELL,LIMIT,1701148220249,2305,0.02577
GALAUSDT,SELL,LIMIT,1701148221306,10661,0.02576
GALAUSDT,SELL,LIMIT,1701148239044,1089,0.02572
GALAUSDT,SELL,LIMIT,1701148240110,27248,0.02570
GALAUSDT,SELL,LIMIT,1701148532126,38095,0.02570
GALAUSDT,SELL,LIMIT,1701148537347,2728,0.02569
GALAUSDT,SELL,LIMIT,1701148743789,1869,0.02569
GALAUSDT,SELL,LIMIT,1701148843298,6454,0.02567
GALAUSDT,SELL,LIMIT,1701148969579,8288,0.02564
GALAUSDT,SELL,LIMIT,1701148972237,12557,0.02563
GALAUSDT,SELL,LIMIT,1701148976598,14842,0.02564
GALAUSDT,SELL,LIMIT,1701148982727,1479,0.02563
GALAUSDT,SELL,LIMIT,1701149051351,90700,0.02562
GALAUSDT,SELL,LIMIT,1701149061130,215,0.02563
GALAUSDT,SELL,LIMIT,1701149078354,18463,0.02562
GALAUSDT,SELL,LIMIT,1701149084139,188898,0.02562
GALAUSDT,SELL,LIMIT,1701149087832,78625,0.02562
GALAUSDT,SELL,LIMIT,1701149089667,9400,0.02559
GALAUSDT,SELL,LIMIT,1701149102563,5350,0.02560
GALAUSDT,SELL,LIMIT,1701149107415,502,0.02560
GALAUSDT,SELL,LIMIT,1701149108852,9488,0.02559
GALAUSDT,SELL,LIMIT,1701149121541,3926,0.02559
GALAUSDT,SELL,LIMIT,1701149130165,1194,0.02558
GALAUSDT,SELL,LIMIT,1701149131656,2639,0.02558
GALAUSDT,SELL,LIMIT,1701149132849,326184,0.02553
GALAUSDT,SELL,LIMIT,1701149136043,98031,0.02555
GALAUSDT,SELL,LIMIT,1701149137214,9200,0.02556
GALAUSDT,SELL,LIMIT,1701149155082,5246,0.02554
GALAUSDT,SELL,LIMIT,1701149156408,9938,0.02554
GALAUSDT,SELL,LIMIT,1701149452592,4152,0.02559
GALAUSDT,SELL,LIMIT,1701149690343,50000,0.02565
GALAUSDT,SELL,LIMIT,1701149771344,2029,0.02555
GALAUSDT,SELL,LIMIT,1701149772436,736,0.02555
GALAUSDT,SELL,LIMIT,1701149845328,84347,0.02553
GALAUSDT,SELL,LIMIT,1701149848041,194,0.02552
GALAUSDT,SELL,LIMIT,1701149849291,85397,0.02550
GALAUSDT,SELL,LIMIT,1701149851062,11452,0.02550
GALAUSDT,SELL,LIMIT,1701149852236,63731,0.02550
GALAUSDT,SELL,LIMIT,1701149855223,188888,0.02550
GALAUSDT,SELL,LIMIT,1701149857013,25569,0.02549
GALAUSDT,SELL,LIMIT,1701149860640,547,0.02549
GALAUSDT,SELL,LIMIT,1701149880435,3277,0.02548
GALAUSDT,SELL,LIMIT,1701149886117,15702,0.02545
GALAUSDT,SELL,LIMIT,1701149887182,14194,0.02546
GALAUSDT,SELL,LIMIT,1701149888493,2680873,0.02525
GALAUSDT,SELL,LIMIT,1701149889527,174346,0.02544
GALAUSDT,SELL,LIMIT,1701149890995,63888,0.02543
GALAUSDT,SELL,LIMIT,1701149893285,18302,0.02543
GALAUSDT,SELL,LIMIT,1701149895114,162660,0.02542
GALAUSDT,SELL,LIMIT,1701149902760,32002,0.02542
GALAUSDT,SELL,LIMIT,1701149906066,31031,0.02542
GALAUSDT,SELL,LIMIT,1701151247233,1600,0.02545
GALAUSDT,SELL,LIMIT,1701151249800,758,0.02539
GALAUSDT,SELL,LIMIT,1701151254473,185185,0.02540
GALAUSDT,SELL,LIMIT,1701151257723,6495,0.02539
GALAUSDT,SELL,LIMIT,1701151266234,2158,0.02539
GALAUSDT,SELL,LIMIT,1701151282837,87329,0.02537
GALAUSDT,SELL,LIMIT,1701151619490,6437,0.02537
GALAUSDT,SELL,LIMIT,1701151620607,6186,0.02536
GALAUSDT,SELL,LIMIT,1701151622266,733,0.02535
GALAUSDT,SELL,LIMIT,1701151623326,52154,0.02533
GALAUSDT,SELL,LIMIT,1701151626161,4397,0.02532
GALAUSDT,SELL,LIMIT,1701151630460,52497,0.02532
GALAUSDT,SELL,LIMIT,1701154815045,56298,0.02538
GALAUSDT,SELL,LIMIT,1701154820454,14755,0.02534
GALAUSDT,SELL,LIMIT,1701154824153,339,0.02534
GALAUSDT,SELL,LIMIT,1701154825643,4653,0.02533
GALAUSDT,SELL,LIMIT,1701154828071,714263,0.02524
GALAUSDT,SELL,LIMIT,1701154831602,7717,0.02531
GALAUSDT,SELL,LIMIT,1701154856407,10921,0.02530
GALAUSDT,SELL,LIMIT,1701154876129,297020,0.02527
GALAUSDT,SELL,LIMIT,1701154877625,250473,0.02526
GALAUSDT,SELL,LIMIT,1701154879095,1211,0.02527
GALAUSDT,SELL,LIMIT,1701154880117,135215,0.02526
GALAUSDT,SELL,LIMIT,1701154883054,2372,0.02524
GALAUSDT,SELL,LIMIT,1701155462167,4797,0.02524
GALAUSDT,SELL,LIMIT,1701155463997,66909,0.02522
GALAUSDT,SELL,LIMIT,1701155465598,4686,0.02522
GALAUSDT,SELL,LIMIT,1701155468847,243278,0.02519
GALAUSDT,SELL,LIMIT,1701155495911,19357,0.02520
GALAUSDT,SELL,LIMIT,1701155497927,11875,0.02518
GALAUSDT,SELL,LIMIT,1701155509086,254267,0.02517
GALAUSDT,SELL,LIMIT,1701155510087,402,0.02516
GALAUSDT,SELL,LIMIT,1701155511314,34708,0.02516
GALAUSDT,SELL,LIMIT,1701155512516,26692,0.02515
GALAUSDT,SELL,LIMIT,1701155523386,3000,0.02514
GALAUSDT,SELL,LIMIT,1701155526058,93690,0.02513
GALAUSDT,SELL,LIMIT,1701155534363,40681,0.02512
GALAUSDT,SELL,LIMIT,1701155535387,10299,0.02510
GALAUSDT,SELL,LIMIT,1701155536447,314227,0.02506
GALAUSDT,SELL,LIMIT,1701155538066,87932,0.02509
GALAUSDT,SELL,LIMIT,1701155582240,302,0.02512
GALAUSDT,SELL,LIMIT,1701155642145,26763,0.02513
GALAUSDT,SELL,LIMIT,1701155656775,15384,0.02519
GALAUSDT,SELL,LIMIT,1701155895545,1470007,0.02507
GALAUSDT,SELL,LIMIT,1701156362429,4238,0.02508
GALAUSDT,SELL,LIMIT,1701156370322,797,0.02508
GALAUSDT,SELL,LIMIT,1701156509244,43240,0.02506
GALAUSDT,SELL,LIMIT,1701156512809,12094,0.02507
GALAUSDT,SELL,LIMIT,1701156517665,97043,0.02506
GALAUSDT,SELL,LIMIT,1701156541159,6611,0.02506
GALAUSDT,SELL,LIMIT,1701156553559,45442,0.02505
GALAUSDT,SELL,LIMIT,1701156554839,108672,0.02501
GALAUSDT,SELL,LIMIT,1701156556170,967,0.02502
GALAUSDT,SELL,LIMIT,1701156558722,219753,0.02500
GALAUSDT,SELL,LIMIT,1701156561405,95297,0.02500
GALAUSDT,BUY,LIMIT,1701158049667,105779,0.02568
GALAUSDT,BUY,LIMIT,1701160523923,3944,0.02584
GALAUSDT,SELL,LIMIT,1701162434077,84099,0.02520
GALAUSDT,SELL,LIMIT,1701162581899,5282,0.02516
GALAUSDT,SELL,LIMIT,1701162619804,391,0.02516
GALAUSDT,SELL,LIMIT,1701162630279,27028,0.02515
GALAUSDT,BUY,LIMIT,1701165189924,1040,0.02564
GALAUSDT,SELL,LIMIT,1701170519397,2146,0.02529
GALAUSDT,SELL,LIMIT,1701170879191,5000,0.02539
GALAUSDT,BUY,LIMIT,1701171202922,197863,0.02581
GALAUSDT,BUY,LIMIT,1701171211423,32431,0.02585
GALAUSDT,BUY,LIMIT,1701172215422,275,0.02592
GALAUSDT,BUY,LIMIT,1701172317348,21605,0.02596
GALAUSDT,BUY,LIMIT,1701172421304,3519,0.02603
GALAUSDT,BUY,LIMIT,1701172514865,7627,0.02608
GALAUSDT,BUY,LIMIT,1701172518026,69524,0.02608
GALAUSDT,BUY,LIMIT,1701172627211,17732,0.02611
GALAUSDT,SELL,LIMIT,1701175736421,1464,0.02545
GALAUSDT,SELL,LIMIT,1701176041461,18993,0.02542
GALAUSDT,SELL,LIMIT,1701176190493,2837,0.02540
GALAUSDT,SELL,LIMIT,1701176575018,9471,0.02536
GALAUSDT,SELL,LIMIT,1701176751414,816,0.02525
GALAUSDT,SELL,LIMIT,1701176764716,5625,0.02524
GALAUSDT,SELL,LIMIT,1701176865197,105968,0.02522
GALAUSDT,BUY,LIMIT,1701179049152,2301,0.02591
GALAUSDT,BUY,LIMIT,1701179061695,8380,0.02600
GALAUSDT,BUY,LIMIT,1701179226824,17385,0.02605
GALAUSDT,BUY,LIMIT,1701179628451,265,0.02607
GALAUSDT,BUY,LIMIT,1701180022453,5826,0.02611
GALAUSDT,BUY,LIMIT,1701180878229,721,0.02615
GALAUSDT,BUY,LIMIT,1701180887342,1255,0.02616
GALAUSDT,BUY,LIMIT,1701180898734,27276,0.02618
GALAUSDT,BUY,LIMIT,1701180999325,18030,0.02619
GALAUSDT,BUY,LIMIT,1701181221040,9351,0.02620
GALAUSDT,BUY,LIMIT,1701181568354,1250,0.02628
GALAUSDT,BUY,LIMIT,1701181569737,31620,0.02629
GALAUSDT,BUY,LIMIT,1701181577531,23499,0.02631
GALAUSDT,BUY,LIMIT,1701181738401,612,0.02632
GALAUSDT,SELL,LIMIT,1701185328023,13919,0.02564
GALAUSDT,SELL,LIMIT,1701185366262,2838,0.02563
GALAUSDT,SELL,LIMIT,1701185373486,23481,0.02559
GALAUSDT,SELL,LIMIT,1701185374523,69457,0.02559
GALAUSDT,SELL,LIMIT,1701185382878,6410,0.02557
GALAUSDT,SELL,LIMIT,1701185400117,10916,0.02556
GALAUSDT,SELL,LIMIT,1701185401989,8213,0.02554
GALAUSDT,SELL,LIMIT,1701185545388,2820,0.02550
GALAUSDT,SELL,LIMIT,1701185594103,4405,0.02547
GALAUSDT,SELL,LIMIT,1701185595153,1735,0.02547
GALAUSDT,SELL,LIMIT,1701185849817,8879,0.02545
GALAUSDT,SELL,LIMIT,1701185854949,1555,0.02545
GALAUSDT,SELL,LIMIT,1701185914585,83608,0.02543
GALAUSDT,BUY,LIMIT,1701186171704,4470,0.02593
GALAUSDT,BUY,LIMIT,1701186202741,4617,0.02605
GALAUSDT,BUY,LIMIT,1701186205513,6020,0.02608
GALAUSDT,SELL,LIMIT,1701187794105,82408,0.02573
GALAUSDT,BUY,LIMIT,1701189821740,7398,0.02626
GALAUSDT,BUY,LIMIT,1701190032781,7989,0.02626
GALAUSDT,BUY,LIMIT,1701190243951,8611,0.02635
GALAUSDT,BUY,LIMIT,1701190308197,19113,0.02637
GALAUSDT,BUY,LIMIT,1701190962557,88224,0.02640
GALAUSDT,BUY,LIMIT,1701190978608,962,0.02643
GALAUSDT,SELL,LIMIT,1701191114287,316,0.02599
GALAUSDT,BUY,LIMIT,1701192032320,1563,0.02645
GALAUSDT,BUY,LIMIT,1701192065257,785,0.02647
GALAUSDT,BUY,LIMIT,1701192073229,61637,0.02650
GALAUSDT,BUY,LIMIT,1701192091669,7710,0.02651
GALAUSDT,BUY,LIMIT,1701192093094,22234,0.02652
GALAUSDT,SELL,LIMIT,1701192110600,11688,0.02618
GALAUSDT,BUY,LIMIT,1701192152361,286212,0.02658
GALAUSDT,BUY,LIMIT,1701192252546,21808,0.02658
GALAUSDT,BUY,LIMIT,1701192280079,16328,0.02660
GALAUSDT,BUY,LIMIT,1701192282570,3100,0.02661
GALAUSDT,BUY,LIMIT,1701192680258,2049,0.02664
GALAUSDT,BUY,LIMIT,1701192681349,2850,0.02663
GALAUSDT,BUY,LIMIT,1701192820214,1984,0.02647
GALAUSDT,SELL,LIMIT,1701197529041,454545,0.02598
GALAUSDT,BUY,LIMIT,1701197838335,223,0.02628
GALAUSDT,SELL,LIMIT,1701197853681,18957,0.02600
GALAUSDT,BUY,LIMIT,1701197859770,19554,0.02631
GALAUSDT,SELL,LIMIT,1701197862190,50095,0.02612
GALAUSDT,BUY,LIMIT,1701200474717,7468,0.02656
GALAUSDT,BUY,LIMIT,1701200477566,3862,0.02658
GALAUSDT,BUY,LIMIT,1701200532097,20646,0.02666
GALAUSDT,BUY,LIMIT,1701200538671,38744,0.02668
GALAUSDT,BUY,LIMIT,1701200540390,1317,0.02668
GALAUSDT,BUY,LIMIT,1701200545900,31779,0.02673
GALAUSDT,BUY,LIMIT,1701201640909,269,0.02483
GALAUSDT,BUY,LIMIT,1701204766745,14769,0.02674
GALAUSDT,BUY,LIMIT,1701205011319,1960,0.02676
GALAUSDT,BUY,LIMIT,1701205016328,1913,0.02677
GALAUSDT,BUY,LIMIT,1701205160758,11555,0.02678
GALAUSDT,BUY,LIMIT,1701205205176,284,0.02679
GALAUSDT,BUY,LIMIT,1701205209353,13899,0.02680
GALAUSDT,BUY,LIMIT,1701206046408,43749,0.02682
GALAUSDT,BUY,LIMIT,1701206071752,19308,0.02685
GALAUSDT,BUY,LIMIT,1701206076103,1129,0.02688
GALAUSDT,BUY,LIMIT,1701206077235,135381,0.02691
GALAUSDT,BUY,LIMIT,1701206137294,2691,0.02680
GALAUSDT,SELL,LIMIT,1701208966168,99147,0.02620
GALAUSDT,SELL,LIMIT,1701208971101,19773,0.02619
GALAUSDT,SELL,LIMIT,1701210847275,6105,0.02610
GALAUSDT,SELL,LIMIT,1701211697269,8796,0.02609
GALAUSDT,SELL,LIMIT,1701211703605,2902,0.02610
GALAUSDT,SELL,LIMIT,1701211782946,1595,0.02607
GALAUSDT,SELL,LIMIT,1701211849033,15640,0.02606
GALAUSDT,SELL,LIMIT,1701211885851,840,0.02602
GALAUSDT,SELL,LIMIT,1701211916715,20000,0.02594
GALAUSDT,SELL,LIMIT,1701211952127,1213,0.02591
GALAUSDT,SELL,LIMIT,1701211957401,1010,0.02591
GALAUSDT,SELL,LIMIT,1701211964269,106534,0.02591
GALAUSDT,SELL,LIMIT,1701216846101,2128,0.02597
GALAUSDT,SELL,LIMIT,1701216867829,5382,0.02589
GALAUSDT,SELL,LIMIT,1701216869459,58371,0.02588
GALAUSDT,BUY,LIMIT,1701218581053,20695,0.02664
GALAUSDT,BUY,LIMIT,1701218603996,2198,0.02669
GALAUSDT,BUY,LIMIT,1701218660290,50000,0.02674
GALAUSDT,BUY,LIMIT,1701219049650,250,0.02681
GALAUSDT,BUY,LIMIT,1701219245997,3163,0.02685
GALAUSDT,BUY,LIMIT,1701219625692,3386,0.02686
GALAUSDT,SELL,LIMIT,1701222670294,9202,0.02620
GALAUSDT,SELL,LIMIT,1701222992104,39381,0.02616
GALAUSDT,SELL,LIMIT,1701223239619,2028,0.02612
GALAUSDT,SELL,LIMIT,1701223246608,1979,0.02611
GALAUSDT,SELL,LIMIT,1701223251112,7002,0.02610
GALAUSDT,SELL,LIMIT,1701224543238,65769,0.02599
GALAUSDT,SELL,LIMIT,1701224612677,27773,0.02598
GALAUSDT,SELL,LIMIT,1701224623612,200,0.02597
GALAUSDT,SELL,LIMIT,1701225372629,46458,0.02591
GALAUSDT,SELL,LIMIT,1701227936227,392,0.02585
GALAUSDT,SELL,LIMIT,1701228422336,10000,0.02580
GALAUSDT,SELL,LIMIT,1701228425170,47600,0.02576
GALAUSDT,SELL,LIMIT,1701229686147,21955,0.02573
GALAUSDT,BUY,LIMIT,1701240234031,23885,0.02633
GALAUSDT,BUY,LIMIT,1701241454611,2617,0.02642
GALAUSDT,BUY,LIMIT,1701241826454,198,0.02646
GALAUSDT,BUY,LIMIT,1701242855000,193,0.02652
GALAUSDT,BUY,LIMIT,1701242996652,78999,0.02655
GALAUSDT,BUY,LIMIT,1701243409069,525,0.02634
GALAUSDT,SELL,LIMIT,1701245096309,1812,0.02630
GALAUSDT,BUY,LIMIT,1701245404000,531,0.02641
GALAUSDT,SELL,LIMIT,1701246137124,35249,0.02618
GALAUSDT,BUY,LIMIT,1701247576893,81000,0.02654
GALAUSDT,BUY,LIMIT,1701247654010,29386,0.02657
GALAUSDT,BUY,LIMIT,1701247818763,30509,0.02660
GALAUSDT,BUY,LIMIT,1701247951005,29009,0.02660
GALAUSDT,BUY,LIMIT,1701248016846,2100,0.02665
GALAUSDT,BUY,LIMIT,1701248032107,414,0.02666
GALAUSDT,BUY,LIMIT,1701249360131,8533,0.02671
GALAUSDT,SELL,LIMIT,1701249696363,601,0.02641
GALAUSDT,SELL,LIMIT,1701253358323,64671,0.02600
GALAUSDT,SELL,LIMIT,1701253359471,94385,0.02600
GALAUSDT,SELL,LIMIT,1701253398703,3184,0.02599
GALAUSDT,SELL,LIMIT,1701253405467,172036,0.02599
GALAUSDT,SELL,LIMIT,1701253614413,69923,0.02596
GALAUSDT,SELL,LIMIT,1701253650830,11330,0.02594
GALAUSDT,SELL,LIMIT,1701254060339,8603,0.02589
GALAUSDT,SELL,LIMIT,1701254291207,6073,0.02586
GALAUSDT,SELL,LIMIT,1701254292533,26500,0.02586
GALAUSDT,SELL,LIMIT,1701254307347,40508,0.02584
GALAUSDT,SELL,LIMIT,1701254331424,200,0.02583
GALAUSDT,SELL,LIMIT,1701254332852,3263,0.02583
GALAUSDT,SELL,LIMIT,1701254335282,927,0.02582
GALAUSDT,SELL,LIMIT,1701254360596,1232,0.02579
GALAUSDT,SELL,LIMIT,1701254406941,7299,0.02579
GALAUSDT,SELL,LIMIT,1701254408321,1487,0.02577
GALAUSDT,SELL,LIMIT,1701254411313,21462,0.02576
GALAUSDT,SELL,LIMIT,1701254417837,190402,0.02574
GALAUSDT,SELL,LIMIT,1701254419090,63991,0.02570
GALAUSDT,SELL,LIMIT,1701254420430,29524,0.02568
GALAUSDT,SELL,LIMIT,1701254423390,82047,0.02566
GALAUSDT,SELL,LIMIT,1701254424788,7037,0.02561
GALAUSDT,SELL,LIMIT,1701254550205,30761,0.02558
GALAUSDT,SELL,LIMIT,1701254555352,54001,0.02556
GALAUSDT,SELL,LIMIT,1701254647001,1996,0.02553
GALAUSDT,SELL,LIMIT,1701254683212,89704,0.02550
GALAUSDT,SELL,LIMIT,1701254691139,1727,0.02547
GALAUSDT,SELL,LIMIT,1701254692782,191350,0.02546
GALAUSDT,SELL,LIMIT,1701259980199,4068,0.02545
GALAUSDT,SELL,LIMIT,1701260292540,5000,0.02543
GALAUSDT,SELL,LIMIT,1701260295191,2481,0.02541
GALAUSDT,SELL,LIMIT,1701260296339,22000,0.02540
GALAUSDT,SELL,LIMIT,1701260305006,2135,0.02539
GALAUSDT,SELL,LIMIT,1701262824169,3113,0.02538
GALAUSDT,SELL,LIMIT,1701262825512,950702,0.02529
GALAUSDT,SELL,LIMIT,1701262913074,18115,0.02539
GALAUSDT,SELL,LIMIT,1701263419588,2622,0.02549
GALAUSDT,SELL,LIMIT,1701263915080,6892,0.02539
GALAUSDT,SELL,LIMIT,1701263936765,17231,0.02539
GALAUSDT,SELL,LIMIT,1701264192690,103391,0.02534
GALAUSDT,SELL,LIMIT,1701264212946,6616,0.02534
GALAUSDT,SELL,LIMIT,1701264218543,2802,0.02533
GALAUSDT,SELL,LIMIT,1701264273693,11496,0.02532
GALAUSDT,SELL,LIMIT,1701264285670,6941,0.02532
GALAUSDT,SELL,LIMIT,1701264287629,6892,0.02531
GALAUSDT,SELL,LIMIT,1701264323800,10066,0.02533
GALAUSDT,SELL,LIMIT,1701264326819,1162,0.02529
GALAUSDT,SELL,LIMIT,1701264328759,1938,0.02530
GALAUSDT,SELL,LIMIT,1701264330088,28000,0.02532
GALAUSDT,SELL,LIMIT,1701264337845,2519,0.02529
GALAUSDT,SELL,LIMIT,1701264343897,34463,0.02528
GALAUSDT,SELL,LIMIT,1701264399602,10570,0.02527
GALAUSDT,SELL,LIMIT,1701264401007,12799,0.02525
GALAUSDT,SELL,LIMIT,1701264414747,1568,0.02522
GALAUSDT,SELL,LIMIT,1701267527374,16752,0.02522
GALAUSDT,SELL,LIMIT,1701267529048,214,0.02521
GALAUSDT,SELL,LIMIT,1701267535522,28532,0.02520
GALAUSDT,SELL,LIMIT,1701267569268,45801,0.02519
GALAUSDT,SELL,LIMIT,1701267635201,27237,0.02518
GALAUSDT,SELL,LIMIT,1701267636194,12753,0.02518
GALAUSDT,SELL,LIMIT,1701267638456,3128,0.02517
GALAUSDT,SELL,LIMIT,1701267686710,21555,0.02515
GALAUSDT,SELL,LIMIT,1701267691442,5781,0.02514
GALAUSDT,SELL,LIMIT,1701268097039,11990,0.02512
GALAUSDT,SELL,LIMIT,1701268098219,347,0.02512
GALAUSDT,SELL,LIMIT,1701268104685,4924,0.02512
GALAUSDT,SELL,LIMIT,1701268302482,971,0.02511
GALAUSDT,SELL,LIMIT,1701268304049,447,0.02511
GALAUSDT,SELL,LIMIT,1701268331589,32549,0.02509
GALAUSDT,SELL,LIMIT,1701268333260,3172,0.02509
GALAUSDT,SELL,LIMIT,1701268356806,90982,0.02514
GALAUSDT,SELL,LIMIT,1701268382187,8938,0.02508
GALAUSDT,SELL,LIMIT,1701268383341,755,0.02508
GALAUSDT,SELL,LIMIT,1701268385139,54301,0.02507
GALAUSDT,SELL,LIMIT,1701268387668,525,0.02508
GALAUSDT,SELL,LIMIT,1701268417278,31023,0.02507
GALAUSDT,SELL,LIMIT,1701268421991,49881,0.02506
GALAUSDT,SELL,LIMIT,1701268445834,1152,0.02506
GALAUSDT,SELL,LIMIT,1701268447377,2797,0.02505
GALAUSDT,SELL,LIMIT,1701268841826,20417,0.02506
GALAUSDT,SELL,LIMIT,1701269272531,194005,0.02502
GALAUSDT,SELL,LIMIT,1701269279443,3009,0.02504
GALAUSDT,SELL,LIMIT,1701269291093,20000,0.02503
GALAUSDT,SELL,LIMIT,1701269292463,194174,0.02503
GALAUSDT,SELL,LIMIT,1701269293551,2523,0.02500
GALAUSDT,SELL,LIMIT,1701269295057,19230,0.02500
GALAUSDT,SELL,LIMIT,1701269393416,6141,0.02504
GALAUSDT,SELL,LIMIT,1701270342865,2244,0.02500
GALAUSDT,SELL,LIMIT,1701270346412,2092,0.02499
GALAUSDT,SELL,LIMIT,1701270450389,166706,0.02497
GALAUSDT,SELL,LIMIT,1701270451526,1562,0.02496
GALAUSDT,SELL,LIMIT,1701270452909,25285,0.02493
GALAUSDT,SELL,LIMIT,1701270572970,695,0.02496
GALAUSDT,SELL,LIMIT,1701270584900,3976,0.02491
GALAUSDT,SELL,LIMIT,1701270586139,1420,0.02491
GALAUSDT,SELL,LIMIT,1701270588330,58479,0.02491
GALAUSDT,SELL,LIMIT,1701270612056,70823,0.02491
GALAUSDT,SELL,LIMIT,1701270616383,4119,0.02487
GALAUSDT,SELL,LIMIT,1701270617311,9489,0.02488
GALAUSDT,SELL,LIMIT,1701270618238,750,0.02483
GALAUSDT,SELL,LIMIT,1701270730307,54365,0.02482
GALAUSDT,SELL,LIMIT,1701270745707,11497,0.02482
GALAUSDT,SELL,LIMIT,1701270763349,3793,0.02482
GALAUSDT,SELL,LIMIT,1701270764641,13621,0.02481
GALAUSDT,BUY,LIMIT,1701271956793,36658,0.02530
GALAUSDT,SELL,LIMIT,1701275514221,36475,0.02480
GALAUSDT,SELL,LIMIT,1701275516146,1221,0.02479
GALAUSDT,SELL,LIMIT,1701275517194,7656,0.02479
GALAUSDT,SELL,LIMIT,1701275525071,18266,0.02479
GALAUSDT,SELL,LIMIT,1701275526167,533,0.02479
GALAUSDT,SELL,LIMIT,1701275531122,308,0.02479
GALAUSDT,SELL,LIMIT,1701275605398,530102,0.02471
GALAUSDT,SELL,LIMIT,1701275607135,7513,0.02478
GALAUSDT,SELL,LIMIT,1701275609225,229818,0.02476
GALAUSDT,SELL,LIMIT,1701275615227,5848,0.02477
GALAUSDT,SELL,LIMIT,1701275616326,59147,0.02477
GALAUSDT,SELL,LIMIT,1701275841074,54929,0.02475
GALAUSDT,SELL,LIMIT,1701275842233,34775,0.02474
GALAUSDT,SELL,LIMIT,1701275843261,30741,0.02474
GALAUSDT,SELL,LIMIT,1701275844494,275,0.02474
GALAUSDT,BUY,LIMIT,1701283917092,76553,0.02540
GALAUSDT,BUY,LIMIT,1701284959481,21,0.02543
GALAUSDT,BUY,LIMIT,1701285050841,1697,0.02547
GALAUSDT,BUY,LIMIT,1701285053065,18800,0.02550
GALAUSDT,SELL,LIMIT,1701290178487,4486,0.02484
GALAUSDT,SELL,LIMIT,1701290347001,54104,0.02479
GALAUSDT,SELL,LIMIT,1701290436222,37579,0.02478
GALAUSDT,SELL,LIMIT,1701292014233,1000,0.02480
GALAUSDT,SELL,LIMIT,1701293900400,7330,0.02481
GALAUSDT,BUY,LIMIT,1701302544258,784,0.02514
GALAUSDT,SELL,LIMIT,1701303160499,198494,0.02486
GALAUSDT,SELL,LIMIT,1701306065456,39352,0.02480
GALAUSDT,SELL,LIMIT,1701306169778,204,0.02478
GALAUSDT,SELL,LIMIT,1701306184932,2589,0.02477
GALAUSDT,SELL,LIMIT,1701306257359,828,0.02473
GALAUSDT,SELL,LIMIT,1701306355859,4739,0.02473
GALAUSDT,SELL,LIMIT,1701306404560,10198,0.02473
GALAUSDT,SELL,LIMIT,1701306406571,139751,0.02471
GALAUSDT,SELL,LIMIT,1701306407607,4964,0.02470
GALAUSDT,SELL,LIMIT,1701306409041,20508,0.02466
GALAUSDT,SELL,LIMIT,1701306410086,29251,0.02467
GALAUSDT,SELL,LIMIT,1701306411757,1342,0.02465
GALAUSDT,SELL,LIMIT,1701306415714,40520,0.02464
GALAUSDT,SELL,LIMIT,1701306420310,432483,0.02458
GALAUSDT,SELL,LIMIT,1701306421344,44336,0.02463
GALAUSDT,SELL,LIMIT,1701306427103,4303,0.02462
GALAUSDT,SELL,LIMIT,1701306428245,2247947,0.02449
GALAUSDT,SELL,LIMIT,1701306429311,16226,0.02461
GALAUSDT,SELL,LIMIT,1701306430362,27899,0.02460
GALAUSDT,SELL,LIMIT,1701308459448,2495,0.02459
GALAUSDT,SELL,LIMIT,1701308460546,220,0.02458
GALAUSDT,SELL,LIMIT,1701308552601,10591,0.02457
GALAUSDT,SELL,LIMIT,1701308553709,5277,0.02457
GALAUSDT,SELL,LIMIT,1701308584124,256,0.02455
GALAUSDT,SELL,LIMIT,1701308585191,4295,0.02455
GALAUSDT,SELL,LIMIT,1701308753280,4406,0.02454
GALAUSDT,SELL,LIMIT,1701309321215,269383,0.02450
GALAUSDT,SELL,LIMIT,1701309328838,3499,0.02454
GALAUSDT,SELL,LIMIT,1701309330454,3606,0.02453
GALAUSDT,SELL,LIMIT,1701309338332,157904,0.02453
GALAUSDT,SELL,LIMIT,1701309339830,2193,0.02452
GALAUSDT,SELL,LIMIT,1701309391162,704,0.02451
GALAUSDT,SELL,LIMIT,1701309392221,120241,0.02451
GALAUSDT,SELL,LIMIT,1701309413055,2643,0.02450
GALAUSDT,SELL,LIMIT,1701309414229,518,0.02449
GALAUSDT,SELL,LIMIT,1701309415303,27159,0.02450
GALAUSDT,SELL,LIMIT,1701309455053,136484,0.02449
GALAUSDT,SELL,LIMIT,1701309612869,36992,0.02449
GALAUSDT,SELL,LIMIT,1701309614134,28987,0.02448
GALAUSDT,SELL,LIMIT,1701309616152,382,0.02447
GALAUSDT,SELL,LIMIT,1701310935614,146200,0.02446
GALAUSDT,SELL,LIMIT,1701310949071,41713,0.02445
GALAUSDT,SELL,LIMIT,1701310960940,282683,0.02441
GALAUSDT,SELL,LIMIT,1701310961951,45425,0.02444
GALAUSDT,SELL,LIMIT,1701310981015,57995,0.02443
GALAUSDT,BUY,LIMIT,1701315381034,287,0.02511
GALAUSDT,BUY,LIMIT,1701315730189,28490,0.02526
GALAUSDT,BUY,LIMIT,1701315741925,17517,0.02528
GALAUSDT,BUY,LIMIT,1701316066209,8598,0.02531
GALAUSDT,BUY,LIMIT,1701316082494,884,0.02533
GALAUSDT,BUY,LIMIT,1701316651173,49338,0.02541
GALAUSDT,BUY,LIMIT,1701317754387,4197,0.02543
GALAUSDT,SELL,LIMIT,1701319887704,4310,0.02484
GALAUSDT,SELL,LIMIT,1701323722588,194332,0.02475
GALAUSDT,SELL,LIMIT,1701323734567,512,0.02476
GALAUSDT,SELL,LIMIT,1701326798684,4570,0.02484
GALAUSDT,SELL,LIMIT,1701327054235,10,0.02481
GALAUSDT,SELL,LIMIT,1701330815146,21519,0.02518
GALAUSDT,SELL,LIMIT,1701332451386,9710,0.02472
GALAUSDT,SELL,LIMIT,1701332823301,53156,0.02464
GALAUSDT,SELL,LIMIT,1701333501872,37284,0.02463
GALAUSDT,SELL,LIMIT,1701333555743,198570,0.02463
GALAUSDT,SELL,LIMIT,1701333565350,12342,0.02461
GALAUSDT,SELL,LIMIT,1701333639206,7881,0.02460
GALAUSDT,SELL,LIMIT,1701333665237,34453,0.02460
GALAUSDT,SELL,LIMIT,1701333671798,17227,0.02460
GALAUSDT,SELL,LIMIT,1701333680042,413,0.02458
GALAUSDT,SELL,LIMIT,1701333683130,6248,0.02458
GALAUSDT,BUY,LIMIT,1701336984176,83492,0.02531
GALAUSDT,BUY,LIMIT,1701337015482,1001,0.02535
GALAUSDT,BUY,LIMIT,1701337018115,6952,0.02538
GALAUSDT,BUY,LIMIT,1701348359247,2007,0.02548
GALAUSDT,BUY,LIMIT,1701348377585,434,0.02549
GALAUSDT,BUY,LIMIT,1701348488797,2262,0.02547
GALAUSDT,SELL,LIMIT,1701349687888,99512,0.02503
GALAUSDT,SELL,LIMIT,1701349694730,7320,0.02505
GALAUSDT,SELL,LIMIT,1701352508943,32511,0.02500
GALAUSDT,SELL,LIMIT,1701353013289,18577,0.02489
GALAUSDT,SELL,LIMIT,1701355151521,5010,0.02487
GALAUSDT,BUY,LIMIT,1701356258374,74801,0.02527
GALAUSDT,SELL,LIMIT,1701369731268,52224,0.02518
GALAUSDT,BUY,LIMIT,1701381116472,11506,0.02557
GALAUSDT,SELL,LIMIT,1701385425320,144286,0.02490
GALAUSDT,SELL,LIMIT,1701390381343,1142,0.02488
GALAUSDT,SELL,LIMIT,1701390384531,66877,0.02487
GALAUSDT,SELL,LIMIT,1701390390676,49485,0.02487
GALAUSDT,SELL,LIMIT,1701390451442,434,0.02488
GALAUSDT,SELL,LIMIT,1701390635273,10888,0.02485
GALAUSDT,SELL,LIMIT,1701390637543,5651,0.02486
GALAUSDT,BUY,LIMIT,1701393791060,4576,0.02550
GALAUSDT,BUY,LIMIT,1701393868147,3580,0.02552
GALAUSDT,SELL,LIMIT,1701393880155,11,0.02524
GALAUSDT,BUY,LIMIT,1701394227075,199044,0.02560
GALAUSDT,BUY,LIMIT,1701394238194,198514,0.02566
GALAUSDT,BUY,LIMIT,1701394239215,900,0.02562
GALAUSDT,BUY,LIMIT,1701394544136,25674,0.02567
GALAUSDT,BUY,LIMIT,1701394648168,1407,0.02572
GALAUSDT,BUY,LIMIT,1701394658119,825,0.02574
GALAUSDT,BUY,LIMIT,1701394768743,312,0.02577
GALAUSDT,BUY,LIMIT,1701394804511,63600,0.02582
GALAUSDT,BUY,LIMIT,1701395080670,120967,0.02573
GALAUSDT,BUY,LIMIT,1701397375248,5919,0.02585
GALAUSDT,BUY,LIMIT,1701398194206,4107,0.02585
GALAUSDT,BUY,LIMIT,1701398636732,555,0.02587
GALAUSDT,BUY,LIMIT,1701398700948,3470,0.02589
GALAUSDT,BUY,LIMIT,1701399010388,1992,0.02593
GALAUSDT,BUY,LIMIT,1701399024196,12065,0.02594
GALAUSDT,BUY,LIMIT,1701405023135,148849,0.02598
GALAUSDT,BUY,LIMIT,1701405413140,100000,0.02602
GALAUSDT,BUY,LIMIT,1701405515309,220,0.02600
GALAUSDT,SELL,LIMIT,1701410371995,949,0.02536
GALAUSDT,BUY,LIMIT,1701412449238,1003,0.02544
GALAUSDT,BUY,LIMIT,1701414502250,46908,0.02599
GALAUSDT,BUY,LIMIT,1701422218053,14,0.02482
GALAUSDT,BUY,LIMIT,1701422241222,39215,0.02593
GALAUSDT,BUY,LIMIT,1701422246063,21682,0.02595
GALAUSDT,BUY,LIMIT,1701422320446,15598,0.02598
GALAUSDT,BUY,LIMIT,1701424703144,15598,0.02601
GALAUSDT,BUY,LIMIT,1701424824629,1024,0.02602
GALAUSDT,BUY,LIMIT,1701425046150,5452,0.02606
GALAUSDT,BUY,LIMIT,1701425068531,15716,0.02610
GALAUSDT,BUY,LIMIT,1701425069533,14416,0.02611
GALAUSDT,BUY,LIMIT,1701425079044,3799,0.02611
GALAUSDT,BUY,LIMIT,1701425112847,285,0.02612
GALAUSDT,BUY,LIMIT,1701425192092,2584,0.02614
GALAUSDT,BUY,LIMIT,1701425194512,200000,0.02615
GALAUSDT,BUY,LIMIT,1701425199790,198019,0.02615
GALAUSDT,BUY,LIMIT,1701441612876,793,0.02610
GALAUSDT,SELL,LIMIT,1701442130089,38655,0.02569
GALAUSDT,BUY,LIMIT,1701442956875,12156,0.02606
GALAUSDT,SELL,LIMIT,1701447354075,13785,0.02576
GALAUSDT,SELL,LIMIT,1701447356600,6892,0.02576
GALAUSDT,SELL,LIMIT,1701447382766,6892,0.02576
GALAUSDT,SELL,LIMIT,1701447384377,6892,0.02580
GALAUSDT,BUY,LIMIT,1701447538390,294,0.02618
GALAUSDT,BUY,LIMIT,1701447542355,466,0.02621
GALAUSDT,BUY,LIMIT,1701447591154,10761,0.02623
GALAUSDT,BUY,LIMIT,1701447699149,57066,0.02619
GALAUSDT,SELL,LIMIT,1701447706404,658,0.02611
GALAUSDT,BUY,LIMIT,1701447840505,1065,0.02618
GALAUSDT,BUY,LIMIT,1701447842379,38044,0.02618
GALAUSDT,BUY,LIMIT,1701447844958,2082,0.02618
GALAUSDT,BUY,LIMIT,1701447890413,3898,0.02625
GALAUSDT,BUY,LIMIT,1701447900168,11747,0.02626
GALAUSDT,BUY,LIMIT,1701447903840,9543,0.02626
GALAUSDT,BUY,LIMIT,1701447911892,4565,0.02628
GALAUSDT,BUY,LIMIT,1701447913195,4090,0.02629
GALAUSDT,BUY,LIMIT,1701447915644,47429,0.02630
GALAUSDT,BUY,LIMIT,1701447916885,7608,0.02631
GALAUSDT,BUY,LIMIT,1701447918373,3804,0.02629
GALAUSDT,BUY,LIMIT,1701447944075,32030,0.02632
GALAUSDT,BUY,LIMIT,1701447945436,69256,0.02632
GALAUSDT,BUY,LIMIT,1701447983286,50000,0.02634
GALAUSDT,BUY,LIMIT,1701448017952,76089,0.02633
GALAUSDT,BUY,LIMIT,1701448076329,25469,0.02635
GALAUSDT,BUY,LIMIT,1701448482128,2046,0.02633
GALAUSDT,BUY,LIMIT,1701448489874,326877,0.02640
GALAUSDT,BUY,LIMIT,1701448493165,6960,0.02637
GALAUSDT,BUY,LIMIT,1701448523259,139900,0.02638
GALAUSDT,BUY,LIMIT,1701448533655,733,0.02640
GALAUSDT,BUY,LIMIT,1701449279200,4922,0.02642
GALAUSDT,BUY,LIMIT,1701449283194,519,0.02642
GALAUSDT,BUY,LIMIT,1701449286037,1100184,0.02652
GALAUSDT,BUY,LIMIT,1701450057596,9868,0.02644
GALAUSDT,BUY,LIMIT,1701450195569,338,0.02644
GALAUSDT,BUY,LIMIT,1701454699065,67298,0.02647
GALAUSDT,BUY,LIMIT,1701454757702,17091,0.02646
GALAUSDT,SELL,LIMIT,1701459607100,1835,0.02589
GALAUSDT,BUY,LIMIT,1701460034446,3804,0.02627
GALAUSDT,SELL,LIMIT,1701465169266,176784,0.02578
GALAUSDT,SELL,LIMIT,1701465173723,65198,0.02576
GALAUSDT,SELL,LIMIT,1701484698294,1521,0.02597
GALAUSDT,BUY,LIMIT,1701485746117,3804,0.02630
GALAUSDT,BUY,LIMIT,1701485999354,3424,0.02628
GALAUSDT,BUY,LIMIT,1701486001128,4181,0.02630
GALAUSDT,BUY,LIMIT,1701486003303,161648,0.02629
GALAUSDT,BUY,LIMIT,1701486006595,19417,0.02631
GALAUSDT,BUY,LIMIT,1701488173338,35151,0.02645
GALAUSDT,BUY,LIMIT,1701497293458,3388,0.02638
GALAUSDT,BUY,LIMIT,1701500001165,4011,0.02634
GALAUSDT,BUY,LIMIT,1701500792744,21450,0.02636
GALAUSDT,BUY,LIMIT,1701500912240,261,0.02600
GALAUSDT,SELL,LIMIT,1701502738329,3167,0.02589
