Symbol,Side,Order Type,Time,Quantity,Price
GALUSDT,SELL,LIMIT,1701067744298,282,1.37123
GALUSDT,SELL,LIMIT,1701069519500,393,1.35377
GALUSDT,SELL,LIMIT,1701069538001,351,1.35328
GALUSDT,SELL,LIMIT,1701069556120,7,1.35119
GALUSDT,SELL,LIMIT,1701069557713,4,1.35106
GALUSDT,SELL,LIMIT,1701069855331,19,1.34729
GALUSDT,SELL,LIMIT,1701069897904,232,1.34217
GALUSDT,SELL,LIMIT,1701069899024,7,1.34120
GALUSDT,SELL,LIMIT,1701080544090,41,1.34085
GALUSDT,SELL,LIMIT,1701080612629,10,1.33927
GALUSDT,SELL,LIMIT,1701080778247,4,1.33841
GALUSDT,SELL,LIMIT,1701081212906,76,1.33628
GALUSDT,SELL,LIMIT,1701081266605,717,1.33559
GALUSDT,SELL,LIMIT,1701081486215,1485,1.33170
GALUSDT,SELL,LIMIT,1701081488134,378,1.33124
GALUSDT,SELL,LIMIT,1701081578963,295,1.33343
GALUSDT,SELL,LIMIT,1701082494543,14,1.33043
GALUSDT,SELL,LIMIT,1701082700998,17,1.32888
GALUSDT,SELL,LIMIT,1701082706536,71,1.32719
GALUSDT,SELL,LIMIT,1701083346509,21,1.32645
GALUSDT,SELL,LIMIT,1701084763327,25,1.32564
GALUSDT,SELL,LIMIT,1701084848117,6,1.32487
GALUSDT,SELL,LIMIT,1701092657377,500,1.32270
GALUSDT,SELL,LIMIT,1701093137247,10,1.31958
GALUSDT,SELL,LIMIT,1701094966778,46,1.31977
GALUSDT,SELL,LIMIT,1701095208138,50,1.32105
GALUSDT,SELL,LIMIT,1701095570265,400,1.31765
GALUSDT,SELL,LIMIT,1701095599319,455,1.31660
GALUSDT,SELL,LIMIT,1701097042859,27,1.31158
GALUSDT,SELL,LIMIT,1701097092146,1923,1.31002
GALUSDT,SELL,LIMIT,1701100728674,652,1.30811
GALUSDT,BUY,LIMIT,1701100773836,51,1.35929
GALUSDT,SELL,LIMIT,1701101022440,325,1.32614
GALUSDT,SELL,LIMIT,1701101140285,5,1.30295
GALUSDT,SELL,LIMIT,1701101161783,516,1.30216
GALUSDT,SELL,LIMIT,1701101186140,26,1.30190
GALUSDT,SELL,LIMIT,1701106164183,212,1.32932
GALUSDT,SELL,LIMIT,1701111929046,140,1.33472
GALUSDT,SELL,LIMIT,1701112080722,10,1.30814
GALUSDT,SELL,LIMIT,1701112215934,6,1.30618
GALUSDT,SELL,LIMIT,1701114239972,861,1.30256
GALUSDT,SELL,LIMIT,1701114241070,15,1.30159
GALUSDT,SELL,LIMIT,1701114352850,5,1.30187
GALUSDT,SELL,LIMIT,1701114468500,84,1.29965
GALUSDT,SELL,LIMIT,1701114491491,157,1.29929
GALUSDT,SELL,LIMIT,1701114536794,1003,1.29753
GALUSDT,SELL,LIMIT,1701114542410,24,1.29732
GALUSDT,SELL,LIMIT,1701118159892,63,1.29616
GALUSDT,SELL,LIMIT,1701118404238,5,1.29470
GALUSDT,SELL,LIMIT,1701149783736,212,1.30133
GALUSDT,SELL,LIMIT,1701149868128,573,1.29752
GALUSDT,SELL,LIMIT,1701151285045,82,1.29931
GALUSDT,BUY,LIMIT,1701159034667,37,1.41559
GALUSDT,BUY,LIMIT,1701159036169,7,1.41896
GALUSDT,BUY,LIMIT,1701159055618,276,1.42637
GALUSDT,BUY,LIMIT,1701159082122,4,1.43875
GALUSDT,BUY,LIMIT,1701159154640,37,1.44722
GALUSDT,BUY,LIMIT,1701159690125,507,1.46552
GALUSDT,BUY,LIMIT,1701159691218,143,1.46363
GALUSDT,BUY,LIMIT,1701159711838,320,1.47197
GALUSDT,BUY,LIMIT,1701159725075,26,1.48198
GALUSDT,BUY,LIMIT,1701159739330,123,1.48977
GALUSDT,SELL,LIMIT,1701160012740,164,1.39055
GALUSDT,BUY,LIMIT,1701164863694,781,1.49780
GALUSDT,BUY,LIMIT,1701165325123,274,1.50588
GALUSDT,BUY,LIMIT,1701165438232,1229,1.50957
GALUSDT,BUY,LIMIT,1701165473197,110,1.51177
GALUSDT,BUY,LIMIT,1701165481545,19,1.51376
GALUSDT,BUY,LIMIT,1701167150166,285,1.52197
GALUSDT,BUY,LIMIT,1701167306123,9,1.52241
GALUSDT,BUY,LIMIT,1701167442042,887,1.52716
GALUSDT,BUY,LIMIT,1701167492090,34,1.53220
GALUSDT,BUY,LIMIT,1701167525738,13,1.53683
GALUSDT,BUY,LIMIT,1701167530151,4,1.54194
GALUSDT,BUY,LIMIT,1701167531306,546,1.54023
GALUSDT,BUY,LIMIT,1701167539441,44,1.54730
GALUSDT,BUY,LIMIT,1701167571546,4,1.55081
GALUSDT,SELL,LIMIT,1701169603775,1251,1.44299
GALUSDT,BUY,LIMIT,1701170610139,3359,1.54988
GALUSDT,BUY,LIMIT,1701170611162,27,1.54833
GALUSDT,BUY,LIMIT,1701170614615,34,1.55074
GALUSDT,BUY,LIMIT,1701170617607,11,1.55811
GALUSDT,BUY,LIMIT,1701171144746,4,1.55928
GALUSDT,BUY,LIMIT,1701171153495,203,1.56105
GALUSDT,BUY,LIMIT,1701171301173,669,1.56604
GALUSDT,BUY,LIMIT,1701171342094,272,1.56963
GALUSDT,BUY,LIMIT,1701171343177,157,1.56861
GALUSDT,BUY,LIMIT,1701171344749,120,1.57182
GALUSDT,SELL,LIMIT,1701173029055,194,1.47840
GALUSDT,BUY,LIMIT,1701175234911,461,1.57584
GALUSDT,BUY,LIMIT,1701175327187,833,1.57864
GALUSDT,BUY,LIMIT,1701175336232,8,1.58012
GALUSDT,BUY,LIMIT,1701175381771,8,1.58204
GALUSDT,BUY,LIMIT,1701175413457,16,1.58308
GALUSDT,BUY,LIMIT,1701175441920,589,1.58447
GALUSDT,BUY,LIMIT,1701175530407,11,1.58474
GALUSDT,BUY,LIMIT,1701175531831,21,1.58697
GALUSDT,BUY,LIMIT,1701175542719,236,1.58932
GALUSDT,BUY,LIMIT,1701175794541,407,1.59072
GALUSDT,BUY,LIMIT,1701175797321,408,1.59224
GALUSDT,BUY,LIMIT,1701175802173,420,1.59341
GALUSDT,BUY,LIMIT,1701175804136,441,1.59403
GALUSDT,BUY,LIMIT,1701175847798,592,1.59647
GALUSDT,SELL,LIMIT,1701176733195,45,1.48593
GALUSDT,SELL,LIMIT,1701176736404,166,1.48393
GALUSDT,SELL,LIMIT,1701176738427,16,1.48308
GALUSDT,SELL,LIMIT,1701176833671,346,1.48171
GALUSDT,SELL,LIMIT,1701176852226,289,1.47853
GALUSDT,BUY,LIMIT,1701177468818,91,1.58820
GALUSDT,BUY,LIMIT,1701177676496,223,1.58902
GALUSDT,BUY,LIMIT,1701177724359,405,1.59157
GALUSDT,BUY,LIMIT,1701177778060,1805,1.59569
GALUSDT,BUY,LIMIT,1701177780444,1660,1.59837
GALUSDT,BUY,LIMIT,1701177784940,128,1.59949
GALUSDT,BUY,LIMIT,1701177790237,613,1.60111
GALUSDT,BUY,LIMIT,1701177792815,41,1.60130
GALUSDT,BUY,LIMIT,1701177795513,199,1.60366
GALUSDT,BUY,LIMIT,1701178023220,250,1.60503
GALUSDT,BUY,LIMIT,1701178029318,31,1.60540
GALUSDT,BUY,LIMIT,1701178063856,19,1.60818
GALUSDT,BUY,LIMIT,1701180117355,132,1.60807
GALUSDT,BUY,LIMIT,1701184723559,60,1.61102
GALUSDT,BUY,LIMIT,1701184752192,26,1.61492
GALUSDT,BUY,LIMIT,1701184758285,3311,1.61645
GALUSDT,BUY,LIMIT,1701184764068,57,1.61698
GALUSDT,BUY,LIMIT,1701184828512,4,1.61964
GALUSDT,BUY,LIMIT,1701184835403,4,1.62110
GALUSDT,BUY,LIMIT,1701184836997,51,1.62221
GALUSDT,BUY,LIMIT,1701184840058,137,1.62236
GALUSDT,BUY,LIMIT,1701184846875,143,1.62370
GALUSDT,BUY,LIMIT,1701184855848,17,1.62425
GALUSDT,BUY,LIMIT,1701184859735,9,1.62525
GALUSDT,BUY,LIMIT,1701184870403,34,1.62673
GALUSDT,BUY,LIMIT,1701184871482,93,1.62582
GALUSDT,BUY,LIMIT,1701184873991,2864,1.62768
GALUSDT,BUY,LIMIT,1701184875233,1702,1.62827
GALUSDT,BUY,LIMIT,1701184877283,13,1.62891
GALUSDT,BUY,LIMIT,1701184885776,735,1.63014
GALUSDT,BUY,LIMIT,1701184892241,620,1.63165
GALUSDT,BUY,LIMIT,1701184894046,1183,1.63241
GALUSDT,BUY,LIMIT,1701184895221,75,1.63394
GALUSDT,BUY,LIMIT,1701184896245,52,1.63587
GALUSDT,BUY,LIMIT,1701184897366,166,1.63888
GALUSDT,BUY,LIMIT,1701184899409,10,1.63857
GALUSDT,BUY,LIMIT,1701184901615,4,1.63987
GALUSDT,BUY,LIMIT,1701184903035,127,1.64043
GALUSDT,SELL,LIMIT,1701185801391,6,1.52368
GALUSDT,SELL,LIMIT,1701185853337,4,1.51853
GALUSDT,BUY,LIMIT,1701186178152,201,1.59264
GALUSDT,BUY,LIMIT,1701187211228,1716,1.57402
GALUSDT,BUY,LIMIT,1701187261640,3392,1.57902
GALUSDT,BUY,LIMIT,1701187283520,32,1.56117
GALUSDT,SELL,LIMIT,1701187338534,12,1.58751
GALUSDT,SELL,LIMIT,1701187601177,28,1.50982
GALUSDT,SELL,LIMIT,1701187609730,9,1.50849
GALUSDT,SELL,LIMIT,1701187706755,118,1.51055
GALUSDT,SELL,LIMIT,1701188035817,869,1.50323
GALUSDT,SELL,LIMIT,1701188052919,81,1.50247
GALUSDT,SELL,LIMIT,1701189313762,4,1.51388
GALUSDT,BUY,LIMIT,1701189841093,39,1.56812
GALUSDT,BUY,LIMIT,1701189995192,14,1.35458
GALUSDT,SELL,LIMIT,1701190071369,2285,1.49728
GALUSDT,SELL,LIMIT,1701190091091,31,1.49472
GALUSDT,SELL,LIMIT,1701190095832,20,1.49411
GALUSDT,SELL,LIMIT,1701190481336,114,1.49142
GALUSDT,SELL,LIMIT,1701190482551,851,1.49128
GALUSDT,SELL,LIMIT,1701190489875,19,1.49090
GALUSDT,SELL,LIMIT,1701191119285,64,1.49696
GALUSDT,BUY,LIMIT,1701192016082,25,1.56647
GALUSDT,BUY,LIMIT,1701192593324,240,1.57876
GALUSDT,BUY,LIMIT,1701192626046,32,1.57792
GALUSDT,SELL,LIMIT,1701194647053,85,1.50332
GALUSDT,BUY,LIMIT,1701196968082,13,1.59035
GALUSDT,BUY,LIMIT,1701196977065,474,1.58748
GALUSDT,SELL,LIMIT,1701197449681,101,1.52524
GALUSDT,BUY,LIMIT,1701197515224,4,1.59747
GALUSDT,BUY,LIMIT,1701197531675,2764,1.59803
GALUSDT,BUY,LIMIT,1701197838334,4,1.59861
GALUSDT,BUY,LIMIT,1701197842321,1651,1.59916
GALUSDT,BUY,LIMIT,1701197847841,391,1.59888
GALUSDT,BUY,LIMIT,1701197857027,182,1.58239
GALUSDT,BUY,LIMIT,1701197859074,129,1.57057
GALUSDT,BUY,LIMIT,1701197862675,69,1.59651
GALUSDT,BUY,LIMIT,1701197888379,15,1.59947
GALUSDT,BUY,LIMIT,1701197997353,214,1.60023
GALUSDT,BUY,LIMIT,1701198022650,2810,1.60376
GALUSDT,BUY,LIMIT,1701198025308,11,1.60521
GALUSDT,BUY,LIMIT,1701198027356,80,1.60556
GALUSDT,BUY,LIMIT,1701198063854,77,1.60650
GALUSDT,BUY,LIMIT,1701198067730,22,1.60787
GALUSDT,BUY,LIMIT,1701198089221,69,1.60293
GALUSDT,BUY,LIMIT,1701198655939,298,1.60874
GALUSDT,BUY,LIMIT,1701198677562,77,1.61064
GALUSDT,BUY,LIMIT,1701198686218,130,1.61193
GALUSDT,BUY,LIMIT,1701198688031,96,1.61308
GALUSDT,BUY,LIMIT,1701198694840,328,1.61400
GALUSDT,BUY,LIMIT,1701198710079,85,1.61476
GALUSDT,BUY,LIMIT,1701198727078,128,1.61748
GALUSDT,BUY,LIMIT,1701198728140,710,1.61784
GALUSDT,BUY,LIMIT,1701198748747,8,1.61984
GALUSDT,BUY,LIMIT,1701198754085,1151,1.62088
GALUSDT,BUY,LIMIT,1701198782004,1983,1.62213
GALUSDT,BUY,LIMIT,1701200381219,32,1.60920
GALUSDT,BUY,LIMIT,1701200474855,672,1.61501
GALUSDT,BUY,LIMIT,1701200562218,2304,1.61449
GALUSDT,BUY,LIMIT,1701201614710,564,1.60899
GALUSDT,BUY,LIMIT,1701201876589,544,1.62294
GALUSDT,BUY,LIMIT,1701201880325,1471,1.62409
GALUSDT,BUY,LIMIT,1701201888060,22,1.62477
GALUSDT,BUY,LIMIT,1701202208514,15,1.62612
GALUSDT,BUY,LIMIT,1701202252325,49,1.62719
GALUSDT,BUY,LIMIT,1701202259319,64,1.62775
GALUSDT,BUY,LIMIT,1701202261256,100,1.62854
GALUSDT,BUY,LIMIT,1701202263235,77,1.62921
GALUSDT,BUY,LIMIT,1701202320378,15,1.62987
GALUSDT,BUY,LIMIT,1701202460304,10,1.63306
GALUSDT,BUY,LIMIT,1701202557168,81,1.63525
GALUSDT,BUY,LIMIT,1701202565425,1123,1.63536
GALUSDT,BUY,LIMIT,1701202796379,28,1.63702
GALUSDT,BUY,LIMIT,1701202797552,264,1.63785
GALUSDT,BUY,LIMIT,1701202803490,50,1.64027
GALUSDT,BUY,LIMIT,1701202814813,200,1.64127
GALUSDT,BUY,LIMIT,1701202816444,4,1.64142
GALUSDT,BUY,LIMIT,1701202823071,37,1.64179
GALUSDT,BUY,LIMIT,1701202848164,4,1.64247
GALUSDT,BUY,LIMIT,1701202850513,100,1.64318
GALUSDT,BUY,LIMIT,1701202892338,5,1.64491
GALUSDT,BUY,LIMIT,1701202897099,26,1.64572
GALUSDT,BUY,LIMIT,1701203689300,15,1.63832
GALUSDT,BUY,LIMIT,1701203749542,1018,1.64617
GALUSDT,BUY,LIMIT,1701203755314,19,1.64711
GALUSDT,BUY,LIMIT,1701203758231,7,1.64868
GALUSDT,BUY,LIMIT,1701203759539,1783,1.64967
GALUSDT,BUY,LIMIT,1701203761362,162,1.65166
GALUSDT,BUY,LIMIT,1701203762455,12,1.65324
GALUSDT,BUY,LIMIT,1701203763580,660,1.65782
GALUSDT,BUY,LIMIT,1701203765474,711,1.65875
GALUSDT,BUY,LIMIT,1701203786391,240,1.65964
GALUSDT,BUY,LIMIT,1701203789153,102,1.66056
GALUSDT,BUY,LIMIT,1701203794117,22,1.66118
GALUSDT,BUY,LIMIT,1701203806558,166,1.66360
GALUSDT,BUY,LIMIT,1701203808133,1808,1.66692
GALUSDT,BUY,LIMIT,1701203809285,300,1.66506
GALUSDT,BUY,LIMIT,1701203814427,172,1.66777
GALUSDT,BUY,LIMIT,1701203817584,13,1.66826
GALUSDT,BUY,LIMIT,1701203841490,6,1.66939
GALUSDT,BUY,LIMIT,1701203884240,721,1.67024
GALUSDT,BUY,LIMIT,1701203899404,5964,1.67551
GALUSDT,BUY,LIMIT,1701203914635,196,1.67289
GALUSDT,BUY,LIMIT,1701203915681,46,1.67289
GALUSDT,BUY,LIMIT,1701204054089,134,1.67362
GALUSDT,BUY,LIMIT,1701204061814,241,1.67648
GALUSDT,BUY,LIMIT,1701204224055,7,1.67761
GALUSDT,BUY,LIMIT,1701204229146,4,1.67866
GALUSDT,BUY,LIMIT,1701204230788,7,1.67904
GALUSDT,BUY,LIMIT,1701204251124,312,1.67968
GALUSDT,BUY,LIMIT,1701204252162,539,1.67989
GALUSDT,BUY,LIMIT,1701204256110,129,1.68171
GALUSDT,BUY,LIMIT,1701204258342,31,1.68404
GALUSDT,BUY,LIMIT,1701204394626,65,1.68517
GALUSDT,BUY,LIMIT,1701204401307,129,1.68540
GALUSDT,BUY,LIMIT,1701204402428,18,1.68563
GALUSDT,BUY,LIMIT,1701204403433,1692,1.68718
GALUSDT,BUY,LIMIT,1701204405915,4,1.68667
GALUSDT,BUY,LIMIT,1701204414902,231,1.68769
GALUSDT,BUY,LIMIT,1701204436227,115,1.68822
GALUSDT,BUY,LIMIT,1701204440134,55,1.68850
GALUSDT,BUY,LIMIT,1701204444215,200,1.68934
GALUSDT,BUY,LIMIT,1701204447716,202,1.68987
GALUSDT,BUY,LIMIT,1701204459914,893,1.68984
GALUSDT,BUY,LIMIT,1701204483626,235,1.69040
GALUSDT,BUY,LIMIT,1701204488275,53,1.69121
GALUSDT,SELL,LIMIT,1701208228286,1329,1.57231
GALUSDT,SELL,LIMIT,1701210863776,27,1.57047
GALUSDT,SELL,LIMIT,1701211891091,303,1.56632
GALUSDT,SELL,LIMIT,1701211910133,37,1.56418
GALUSDT,BUY,LIMIT,1701219167186,213,1.66126
GALUSDT,BUY,LIMIT,1701219204105,909,1.66364
GALUSDT,BUY,LIMIT,1701220233085,104,1.64672
GALUSDT,BUY,LIMIT,1701220733712,327,1.67758
GALUSDT,BUY,LIMIT,1701220885959,4,1.67931
GALUSDT,BUY,LIMIT,1701221561351,318,1.68538
GALUSDT,BUY,LIMIT,1701222849166,5,1.68812
GALUSDT,BUY,LIMIT,1701222903252,713,1.68906
GALUSDT,BUY,LIMIT,1701222905395,24,1.69017
GALUSDT,BUY,LIMIT,1701222910382,7,1.69161
GALUSDT,BUY,LIMIT,1701222912104,488,1.69337
GALUSDT,BUY,LIMIT,1701222913198,174,1.69319
GALUSDT,BUY,LIMIT,1701222923339,379,1.69608
GALUSDT,BUY,LIMIT,1701222929625,71,1.69857
GALUSDT,BUY,LIMIT,1701222942758,793,1.69935
GALUSDT,BUY,LIMIT,1701222970599,72,1.70012
GALUSDT,BUY,LIMIT,1701222972744,51,1.70090
GALUSDT,BUY,LIMIT,1701222975182,7,1.70157
GALUSDT,BUY,LIMIT,1701223024119,4,1.70211
GALUSDT,BUY,LIMIT,1701223028203,31,1.70242
GALUSDT,BUY,LIMIT,1701223031438,3189,1.70346
GALUSDT,BUY,LIMIT,1701223032498,31,1.70325
GALUSDT,BUY,LIMIT,1701223033971,12,1.70485
GALUSDT,BUY,LIMIT,1701223036075,158,1.70498
GALUSDT,BUY,LIMIT,1701223037179,258,1.70501
GALUSDT,BUY,LIMIT,1701223059334,64,1.70629
GALUSDT,BUY,LIMIT,1701223061164,39,1.70661
GALUSDT,BUY,LIMIT,1701223063987,183,1.70739
GALUSDT,BUY,LIMIT,1701223065034,3230,1.70843
GALUSDT,BUY,LIMIT,1701223066693,4,1.70850
GALUSDT,BUY,LIMIT,1701223068062,21,1.70884
GALUSDT,BUY,LIMIT,1701223083292,1,1.71138
GALUSDT,BUY,LIMIT,1701223086362,153,1.71233
GALUSDT,BUY,LIMIT,1701223088612,232,1.71290
GALUSDT,BUY,LIMIT,1701223089730,88,1.71483
GALUSDT,BUY,LIMIT,1701223093814,85,1.71642
GALUSDT,BUY,LIMIT,1701223099171,150,1.71694
GALUSDT,BUY,LIMIT,1701223100715,6,1.71805
GALUSDT,BUY,LIMIT,1701223103545,23,1.71893
GALUSDT,BUY,LIMIT,1701223105464,746,1.72044
GALUSDT,BUY,LIMIT,1701223107397,449,1.72041
GALUSDT,BUY,LIMIT,1701223108814,1981,1.72132
GALUSDT,BUY,LIMIT,1701223113411,7,1.72282
GALUSDT,BUY,LIMIT,1701223196073,390,1.72309
GALUSDT,BUY,LIMIT,1701223197179,299,1.72310
GALUSDT,BUY,LIMIT,1701223198774,34,1.72356
GALUSDT,BUY,LIMIT,1701223199891,18,1.72455
GALUSDT,BUY,LIMIT,1701223201174,43,1.72539
GALUSDT,SELL,LIMIT,1701225363636,8,1.65632
GALUSDT,BUY,LIMIT,1701226275923,1,1.69728
GALUSDT,BUY,LIMIT,1701226555063,4,1.69952
GALUSDT,BUY,LIMIT,1701228167076,1146,1.72731
GALUSDT,BUY,LIMIT,1701228168336,24,1.72813
GALUSDT,BUY,LIMIT,1701228174040,466,1.72903
GALUSDT,BUY,LIMIT,1701228178109,4,1.73233
GALUSDT,BUY,LIMIT,1701228722517,93,1.73226
GALUSDT,BUY,LIMIT,1701228752441,10,1.73334
GALUSDT,BUY,LIMIT,1701228754293,38,1.73415
GALUSDT,BUY,LIMIT,1701228758145,262,1.73692
GALUSDT,BUY,LIMIT,1701228764402,25,1.73784
GALUSDT,BUY,LIMIT,1701228767394,224,1.74056
GALUSDT,BUY,LIMIT,1701228768816,7431,1.74558
GALUSDT,BUY,LIMIT,1701228770522,1004,1.74245
GALUSDT,BUY,LIMIT,1701228772687,10,1.74429
GALUSDT,BUY,LIMIT,1701228806625,1132,1.74508
GALUSDT,BUY,LIMIT,1701228938765,14,1.74651
GALUSDT,BUY,LIMIT,1701228948186,78,1.74777
GALUSDT,BUY,LIMIT,1701228949194,60,1.74833
GALUSDT,BUY,LIMIT,1701228954534,17,1.75053
GALUSDT,BUY,LIMIT,1701230425394,1833,1.75129
GALUSDT,BUY,LIMIT,1701230428366,118,1.75159
GALUSDT,BUY,LIMIT,1701230435512,42,1.75324
GALUSDT,BUY,LIMIT,1701230585692,122,1.75326
GALUSDT,BUY,LIMIT,1701230596401,24,1.75339
GALUSDT,BUY,LIMIT,1701230608256,6,1.75428
GALUSDT,BUY,LIMIT,1701230649226,48,1.75457
GALUSDT,BUY,LIMIT,1701230651595,1,1.75473
GALUSDT,BUY,LIMIT,1701230654272,32,1.75549
GALUSDT,BUY,LIMIT,1701230662169,13,1.75598
GALUSDT,BUY,LIMIT,1701230760920,177,1.75607
GALUSDT,BUY,LIMIT,1701230977826,3,1.75889
GALUSDT,BUY,LIMIT,1701230981322,100,1.75984
GALUSDT,BUY,LIMIT,1701230982448,17,1.75990
GALUSDT,BUY,LIMIT,1701230983753,314,1.76155
GALUSDT,BUY,LIMIT,1701230995198,506,1.76293
GALUSDT,BUY,LIMIT,1701231003334,153,1.76366
GALUSDT,BUY,LIMIT,1701231011146,300,1.76475
GALUSDT,BUY,LIMIT,1701231012671,685,1.76647
GALUSDT,BUY,LIMIT,1701231014040,61,1.77250
GALUSDT,BUY,LIMIT,1701231015078,618,1.77137
GALUSDT,BUY,LIMIT,1701231025949,50,1.77354
GALUSDT,BUY,LIMIT,1701231131703,196,1.77204
GALUSDT,BUY,LIMIT,1701231137914,847,1.77401
GALUSDT,BUY,LIMIT,1701231145128,1412,1.77417
GALUSDT,BUY,LIMIT,1701231148050,4,1.77514
GALUSDT,BUY,LIMIT,1701231149224,9,1.77514
GALUSDT,BUY,LIMIT,1701231151072,1178,1.77741
GALUSDT,BUY,LIMIT,1701231152088,258,1.77770
GALUSDT,BUY,LIMIT,1701231171193,92,1.77816
GALUSDT,BUY,LIMIT,1701231173895,27,1.77821
GALUSDT,BUY,LIMIT,1701231194420,63,1.77930
GALUSDT,BUY,LIMIT,1701231196137,44,1.77962
GALUSDT,BUY,LIMIT,1701231199153,306,1.78019
GALUSDT,BUY,LIMIT,1701231201877,510,1.78206
GALUSDT,BUY,LIMIT,1701231215168,427,1.78168
GALUSDT,BUY,LIMIT,1701231255743,395,1.78228
GALUSDT,BUY,LIMIT,1701231264349,2169,1.78361
GALUSDT,BUY,LIMIT,1701231283184,264,1.78466
GALUSDT,BUY,LIMIT,1701231286571,18,1.78564
GALUSDT,BUY,LIMIT,1701231306569,1029,1.78653
GALUSDT,BUY,LIMIT,1701231310233,5,1.79071
GALUSDT,BUY,LIMIT,1701231324900,18,1.79190
GALUSDT,BUY,LIMIT,1701231326047,38,1.79310
GALUSDT,BUY,LIMIT,1701231327091,172,1.79356
GALUSDT,BUY,LIMIT,1701231371955,148,1.79403
GALUSDT,BUY,LIMIT,1701231395572,13,1.79263
GALUSDT,BUY,LIMIT,1701231426831,799,1.79454
GALUSDT,BUY,LIMIT,1701231428542,1857,1.79494
GALUSDT,BUY,LIMIT,1701231454127,183,1.79575
GALUSDT,BUY,LIMIT,1701231455157,6,1.79520
GALUSDT,BUY,LIMIT,1701231457524,45,1.79675
GALUSDT,BUY,LIMIT,1701231458915,52,1.79737
GALUSDT,BUY,LIMIT,1701231469633,32,1.79832
GALUSDT,BUY,LIMIT,1701231474630,4,1.79815
GALUSDT,BUY,LIMIT,1701231562928,533,1.79125
GALUSDT,BUY,LIMIT,1701231829734,1164,1.79924
GALUSDT,BUY,LIMIT,1701231831179,5,1.79983
GALUSDT,BUY,LIMIT,1701231919270,10,1.80010
GALUSDT,BUY,LIMIT,1701231920282,77,1.80070
GALUSDT,BUY,LIMIT,1701231921395,25,1.80438
GALUSDT,SELL,LIMIT,1701232631424,680,1.68098
GALUSDT,SELL,LIMIT,1701232644110,39,1.67819
GALUSDT,SELL,LIMIT,1701232656434,113,1.67732
GALUSDT,SELL,LIMIT,1701232657526,186,1.67200
GALUSDT,SELL,LIMIT,1701232681445,980,1.66999
GALUSDT,SELL,LIMIT,1701232686381,29,1.66899
GALUSDT,SELL,LIMIT,1701232688823,11,1.66904
GALUSDT,SELL,LIMIT,1701232690106,1,1.66796
GALUSDT,SELL,LIMIT,1701232691398,21,1.66668
GALUSDT,SELL,LIMIT,1701232693453,36,1.66408
GALUSDT,SELL,LIMIT,1701232731617,80,1.65987
GALUSDT,SELL,LIMIT,1701232749180,3,1.65883
GALUSDT,SELL,LIMIT,1701232750183,3,1.65769
GALUSDT,SELL,LIMIT,1701232751277,10,1.65758
GALUSDT,SELL,LIMIT,1701232766112,175,1.65579
GALUSDT,SELL,LIMIT,1701233220146,255,1.64870
GALUSDT,SELL,LIMIT,1701233226006,101,1.64469
GALUSDT,SELL,LIMIT,1701233229274,30,1.64056
GALUSDT,SELL,LIMIT,1701233232269,1123,1.63855
GALUSDT,SELL,LIMIT,1701233238325,19,1.63626
GALUSDT,SELL,LIMIT,1701233245516,46,1.63485
GALUSDT,SELL,LIMIT,1701233247210,464,1.63290
GALUSDT,SELL,LIMIT,1701235218815,728,1.63046
GALUSDT,SELL,LIMIT,1701235220063,3,1.62963
GALUSDT,SELL,LIMIT,1701235222309,306,1.62960
GALUSDT,SELL,LIMIT,1701235238322,1890,1.62737
GALUSDT,SELL,LIMIT,1701235242867,81,1.62601
GALUSDT,SELL,LIMIT,1701235244265,583,1.62552
GALUSDT,SELL,LIMIT,1701235252392,56,1.62319
GALUSDT,SELL,LIMIT,1701235259044,1901,1.62321
GALUSDT,SELL,LIMIT,1701235271187,10,1.61963
GALUSDT,SELL,LIMIT,1701235275381,690,1.61722
GALUSDT,SELL,LIMIT,1701235589809,5,1.62107
GALUSDT,SELL,LIMIT,1701235690532,1800,1.61356
GALUSDT,SELL,LIMIT,1701235752262,33,1.60999
GALUSDT,SELL,LIMIT,1701235767149,575,1.60796
GALUSDT,SELL,LIMIT,1701235774472,10,1.60683
GALUSDT,SELL,LIMIT,1701235843986,3,1.60577
GALUSDT,SELL,LIMIT,1701235846193,3,1.60461
GALUSDT,SELL,LIMIT,1701235847791,27,1.60427
GALUSDT,SELL,LIMIT,1701235883162,26,1.60295
GALUSDT,SELL,LIMIT,1701235884171,3,1.60329
GALUSDT,SELL,LIMIT,1701235889533,279,1.60176
GALUSDT,SELL,LIMIT,1701236720936,50,1.60110
GALUSDT,SELL,LIMIT,1701238659668,59,1.60009
GALUSDT,SELL,LIMIT,1701238676114,41,1.59853
GALUSDT,SELL,LIMIT,1701238982237,110,1.60397
GALUSDT,SELL,LIMIT,1701239259877,491,1.59150
GALUSDT,SELL,LIMIT,1701239290731,89,1.59100
GALUSDT,SELL,LIMIT,1701239292321,703,1.59024
GALUSDT,SELL,LIMIT,1701239332175,5,1.58922
GALUSDT,SELL,LIMIT,1701239334096,66,1.58899
GALUSDT,SELL,LIMIT,1701239343162,381,1.58861
GALUSDT,SELL,LIMIT,1701239360344,115,1.58703
GALUSDT,SELL,LIMIT,1701239362221,147,1.58648
GALUSDT,SELL,LIMIT,1701239368826,100,1.58517
GALUSDT,BUY,LIMIT,1701241100383,44,1.66844
GALUSDT,BUY,LIMIT,1701243190095,3043,1.67090
GALUSDT,SELL,LIMIT,1701244002031,193,1.58111
GALUSDT,SELL,LIMIT,1701244003320,13,1.57994
GALUSDT,SELL,LIMIT,1701244018869,11,1.57871
GALUSDT,SELL,LIMIT,1701244042016,493,1.57842
GALUSDT,BUY,LIMIT,1701244058368,27,1.63993
GALUSDT,BUY,LIMIT,1701246124503,344,1.61596
GALUSDT,BUY,LIMIT,1701246307768,418,1.65240
GALUSDT,BUY,LIMIT,1701246368156,56,1.65195
GALUSDT,BUY,LIMIT,1701246412836,1886,1.66030
GALUSDT,BUY,LIMIT,1701247846393,60,1.65905
GALUSDT,SELL,LIMIT,1701248007261,156,1.59231
GALUSDT,BUY,LIMIT,1701248270460,1930,1.65982
GALUSDT,BUY,LIMIT,1701248956477,407,1.65543
GALUSDT,BUY,LIMIT,1701249473071,618,1.66848
GALUSDT,SELL,LIMIT,1701250078075,97,1.60201
GALUSDT,SELL,LIMIT,1701250291818,111,1.59331
GALUSDT,BUY,LIMIT,1701250977153,8,1.67954
GALUSDT,SELL,LIMIT,1701251876247,6,1.59811
GALUSDT,SELL,LIMIT,1701253230837,6,1.59319
GALUSDT,SELL,LIMIT,1701253253611,22,1.58849
GALUSDT,BUY,LIMIT,1701253256030,4,1.64625
GALUSDT,SELL,LIMIT,1701253346339,58,1.59555
GALUSDT,SELL,LIMIT,1701253410509,26,1.57539
GALUSDT,SELL,LIMIT,1701253412138,22,1.57398
GALUSDT,SELL,LIMIT,1701253612238,161,1.56869
GALUSDT,SELL,LIMIT,1701253614873,29,1.56841
GALUSDT,SELL,LIMIT,1701254362230,268,1.57764
GALUSDT,SELL,LIMIT,1701254662184,1680,1.56302
GALUSDT,SELL,LIMIT,1701254663584,58,1.56287
GALUSDT,SELL,LIMIT,1701254683242,185,1.56109
GALUSDT,SELL,LIMIT,1701254697215,1025,1.56016
GALUSDT,SELL,LIMIT,1701254700487,87,1.55995
GALUSDT,SELL,LIMIT,1701254702317,15,1.55962
GALUSDT,SELL,LIMIT,1701255063829,400,1.57336
GALUSDT,SELL,LIMIT,1701257882586,336,1.55856
GALUSDT,SELL,LIMIT,1701257893085,13,1.55809
GALUSDT,SELL,LIMIT,1701257894240,124,1.55511
GALUSDT,SELL,LIMIT,1701257895309,62,1.55390
GALUSDT,SELL,LIMIT,1701257926126,25,1.54964
GALUSDT,SELL,LIMIT,1701257927458,12,1.54982
GALUSDT,SELL,LIMIT,1701257928467,21,1.54461
GALUSDT,SELL,LIMIT,1701257930451,26,1.54450
GALUSDT,SELL,LIMIT,1701258013640,670,1.54324
GALUSDT,SELL,LIMIT,1701258017350,18,1.54201
GALUSDT,SELL,LIMIT,1701258022434,319,1.54086
GALUSDT,SELL,LIMIT,1701258026098,8,1.53494
GALUSDT,SELL,LIMIT,1701258027138,120,1.53339
GALUSDT,SELL,LIMIT,1701258035332,1600,1.53166
GALUSDT,SELL,LIMIT,1701258037841,615,1.52981
GALUSDT,SELL,LIMIT,1701258040285,5,1.52796
GALUSDT,SELL,LIMIT,1701258042866,1107,1.52810
GALUSDT,SELL,LIMIT,1701258359302,242,1.52687
GALUSDT,SELL,LIMIT,1701258418110,31,1.53431
GALUSDT,SELL,LIMIT,1701258996789,61,1.52631
GALUSDT,SELL,LIMIT,1701259176239,1491,1.52481
GALUSDT,SELL,LIMIT,1701259177448,779,1.52433
GALUSDT,SELL,LIMIT,1701259227525,76,1.52340
GALUSDT,SELL,LIMIT,1701259231896,98,1.52319
GALUSDT,SELL,LIMIT,1701259239071,170,1.51956
GALUSDT,SELL,LIMIT,1701259321531,931,1.51847
GALUSDT,SELL,LIMIT,1701259328299,7,1.51715
GALUSDT,SELL,LIMIT,1701259339925,775,1.51575
GALUSDT,SELL,LIMIT,1701259344089,39,1.51400
GALUSDT,SELL,LIMIT,1701259352198,8,1.51297
GALUSDT,SELL,LIMIT,1701262911953,43,1.54044
GALUSDT,SELL,LIMIT,1701263419946,159,1.56104
GALUSDT,BUY,LIMIT,1701266875301,32,1.62709
GALUSDT,BUY,LIMIT,1701266963072,673,1.63125
GALUSDT,BUY,LIMIT,1701269473146,114,1.63461
GALUSDT,BUY,LIMIT,1701269497877,81,1.63511
GALUSDT,BUY,LIMIT,1701269510880,101,1.63760
GALUSDT,BUY,LIMIT,1701269567414,13,1.64194
GALUSDT,BUY,LIMIT,1701269578343,121,1.64412
GALUSDT,BUY,LIMIT,1701269803181,572,1.65536
GALUSDT,SELL,LIMIT,1701270458499,615,1.57225
GALUSDT,BUY,LIMIT,1701270477178,91,1.63234
GALUSDT,SELL,LIMIT,1701270515697,233,1.57992
GALUSDT,SELL,LIMIT,1701270572332,22,1.57239
GALUSDT,SELL,LIMIT,1701271327084,95,1.56933
GALUSDT,BUY,LIMIT,1701273242546,279,1.65971
GALUSDT,BUY,LIMIT,1701273243796,25,1.66042
GALUSDT,SELL,LIMIT,1701273615287,20,1.59832
GALUSDT,BUY,LIMIT,1701273643652,855,1.66638
GALUSDT,BUY,LIMIT,1701273668289,316,1.66793
GALUSDT,BUY,LIMIT,1701273753755,138,1.67043
GALUSDT,BUY,LIMIT,1701273755617,158,1.67114
GALUSDT,BUY,LIMIT,1701274136196,493,1.67609
GALUSDT,BUY,LIMIT,1701274185710,511,1.68298
GALUSDT,SELL,LIMIT,1701275840671,4,1.57584
GALUSDT,BUY,LIMIT,1701281229059,54,1.63906
GALUSDT,BUY,LIMIT,1701283764032,7,1.55890
GALUSDT,SELL,LIMIT,1701283765142,221,1.57975
GALUSDT,BUY,LIMIT,1701284488315,14,1.63900
GALUSDT,BUY,LIMIT,1701284491304,23,1.60727
GALUSDT,BUY,LIMIT,1701284836145,2588,1.64056
GALUSDT,SELL,LIMIT,1701284940780,77,1.62649
GALUSDT,BUY,LIMIT,1701284959332,20,1.60827
GALUSDT,SELL,LIMIT,1701285055591,3000,1.57875
GALUSDT,SELL,LIMIT,1701285688309,333,1.56963
GALUSDT,SELL,LIMIT,1701288287798,1,1.57134
GALUSDT,SELL,LIMIT,1701291143162,289,1.57521
GALUSDT,BUY,LIMIT,1701303849713,572,1.65610
GALUSDT,BUY,LIMIT,1701303932111,1,1.66357
GALUSDT,SELL,LIMIT,1701306394342,1863,1.57752
GALUSDT,SELL,LIMIT,1701306627987,25,1.55360
GALUSDT,SELL,LIMIT,1701307644673,287,1.54786
GALUSDT,SELL,LIMIT,1701307687820,177,1.54389
GALUSDT,SELL,LIMIT,1701309336318,51,1.53550
GALUSDT,SELL,LIMIT,1701309338086,7,1.53511
GALUSDT,SELL,LIMIT,1701309353994,93,1.53379
GALUSDT,SELL,LIMIT,1701309370341,235,1.53309
GALUSDT,SELL,LIMIT,1701309390113,16,1.53206
GALUSDT,SELL,LIMIT,1701309391483,14,1.53197
GALUSDT,SELL,LIMIT,1701309414398,490,1.53165
GALUSDT,SELL,LIMIT,1701309434283,12,1.53133
GALUSDT,SELL,LIMIT,1701309436164,64,1.53047
GALUSDT,SELL,LIMIT,1701309457273,103,1.52967
GALUSDT,SELL,LIMIT,1701309498241,4,1.52902
GALUSDT,SELL,LIMIT,1701309499269,110,1.52831
GALUSDT,BUY,LIMIT,1701315733359,1327,1.65028
GALUSDT,SELL,LIMIT,1701321420363,16,1.53716
GALUSDT,SELL,LIMIT,1701321591258,310,1.53072
GALUSDT,SELL,LIMIT,1701322682105,13,1.52906
GALUSDT,SELL,LIMIT,1701323228777,124,1.52717
GALUSDT,SELL,LIMIT,1701323229821,982,1.52694
GALUSDT,SELL,LIMIT,1701323712194,13,1.53233
GALUSDT,SELL,LIMIT,1701324036778,257,1.52650
GALUSDT,BUY,LIMIT,1701325859291,23,1.63868
GALUSDT,BUY,LIMIT,1701325860297,86,1.64088
GALUSDT,BUY,LIMIT,1701326036523,31,1.66335
GALUSDT,BUY,LIMIT,1701326047223,4,1.66941
GALUSDT,BUY,LIMIT,1701326098441,169,1.69291
GALUSDT,BUY,LIMIT,1701326100801,380,1.69390
GALUSDT,BUY,LIMIT,1701326117919,481,1.69692
GALUSDT,BUY,LIMIT,1701326159206,252,1.71349
GALUSDT,BUY,LIMIT,1701326277386,4,1.71799
GALUSDT,BUY,LIMIT,1701326293305,319,1.71869
GALUSDT,BUY,LIMIT,1701326313642,70,1.72052
GALUSDT,BUY,LIMIT,1701326362946,7,1.72098
GALUSDT,BUY,LIMIT,1701326374503,19,1.72164
GALUSDT,SELL,LIMIT,1701327100681,516,1.59922
GALUSDT,BUY,LIMIT,1701327239654,1,1.66216
GALUSDT,SELL,LIMIT,1701327336193,24,1.58688
GALUSDT,SELL,LIMIT,1701327365254,1,1.58469
GALUSDT,SELL,LIMIT,1701331177327,9,1.56769
GALUSDT,SELL,LIMIT,1701331509836,79,1.55807
GALUSDT,SELL,LIMIT,1701331517314,16,1.55755
GALUSDT,SELL,LIMIT,1701331521440,72,1.55681
GALUSDT,SELL,LIMIT,1701332411495,4,1.54969
GALUSDT,SELL,LIMIT,1701333445525,83,1.54441
GALUSDT,SELL,LIMIT,1701336750253,28,1.53311
GALUSDT,SELL,LIMIT,1701338149367,49,1.53217
GALUSDT,SELL,LIMIT,1701338335615,18,1.53960
GALUSDT,SELL,LIMIT,1701341834369,21,1.52804
GALUSDT,SELL,LIMIT,1701349248301,184,1.53477
GALUSDT,SELL,LIMIT,1701349624124,9,1.52574
GALUSDT,SELL,LIMIT,1701349625343,1340,1.52552
GALUSDT,SELL,LIMIT,1701352509476,1242,1.52350
GALUSDT,SELL,LIMIT,1701352511799,17,1.52224
GALUSDT,SELL,LIMIT,1701352523270,29,1.52180
GALUSDT,SELL,LIMIT,1701352979836,156,1.52195
GALUSDT,SELL,LIMIT,1701353010937,964,1.52050
GALUSDT,SELL,LIMIT,1701357070190,297,1.51041
GALUSDT,SELL,LIMIT,1701359835359,121,1.50550
GALUSDT,SELL,LIMIT,1701359836435,239,1.50519
GALUSDT,SELL,LIMIT,1701359843700,339,1.50455
GALUSDT,SELL,LIMIT,1701359850100,46,1.50312
GALUSDT,SELL,LIMIT,1701359851196,546,1.50407
GALUSDT,SELL,LIMIT,1701359862618,57,1.50103
GALUSDT,SELL,LIMIT,1701359868082,50,1.49962
GALUSDT,SELL,LIMIT,1701359869134,276,1.49726
GALUSDT,SELL,LIMIT,1701359876428,116,1.49506
GALUSDT,SELL,LIMIT,1701359882025,192,1.49465
GALUSDT,SELL,LIMIT,1701359884699,56,1.49312
GALUSDT,SELL,LIMIT,1701360009208,1083,1.49211
GALUSDT,SELL,LIMIT,1701360010535,56,1.49103
GALUSDT,SELL,LIMIT,1701361417145,41,1.48907
GALUSDT,SELL,LIMIT,1701361419810,15,1.48591
GALUSDT,SELL,LIMIT,1701361423273,528,1.48484
GALUSDT,SELL,LIMIT,1701361424445,6,1.48428
GALUSDT,SELL,LIMIT,1701366625512,5,1.48280
GALUSDT,SELL,LIMIT,1701366635413,174,1.48206
GALUSDT,SELL,LIMIT,1701366641591,10,1.48186
GALUSDT,SELL,LIMIT,1701366746085,234,1.48083
GALUSDT,SELL,LIMIT,1701367625521,20,1.48031
GALUSDT,SELL,LIMIT,1701367728719,30,1.48110
GALUSDT,SELL,LIMIT,1701368455431,6,1.48020
GALUSDT,SELL,LIMIT,1701369397227,4,1.47978
GALUSDT,SELL,LIMIT,1701369443333,79,1.47827
GALUSDT,SELL,LIMIT,1701369694072,26,1.47748
GALUSDT,SELL,LIMIT,1701371371684,24,1.47534
GALUSDT,SELL,LIMIT,1701371383815,7,1.47504
GALUSDT,SELL,LIMIT,1701371387354,494,1.47465
GALUSDT,BUY,LIMIT,1701383210123,1311,1.58285
GALUSDT,BUY,LIMIT,1701383211559,560,1.58327
GALUSDT,BUY,LIMIT,1701393908896,39,1.58640
GALUSDT,BUY,LIMIT,1701393910091,107,1.59119
GALUSDT,BUY,LIMIT,1701393911300,72,1.58964
GALUSDT,BUY,LIMIT,1701394245631,234,1.58743
GALUSDT,SELL,LIMIT,1701394544727,30,1.54931
GALUSDT,SELL,LIMIT,1701395548792,30,1.52147
GALUSDT,BUY,LIMIT,1701396114307,306,1.57853
GALUSDT,BUY,LIMIT,1701416292296,7,1.56943
GALUSDT,BUY,LIMIT,1701418134536,1119,1.60706
GALUSDT,BUY,LIMIT,1701421607188,42,1.60178
GALUSDT,SELL,LIMIT,1701422243156,5,1.61603
GALUSDT,SELL,LIMIT,1701422599239,200,1.53915
