Symbol,Side,Order Type,Time,Quantity,Price
GALUSDT,SELL,LIMIT,1701930743772,14,1.62112
GALUSDT,SELL,LIMIT,1701940279813,44,1.59291
GALUSDT,SELL,LIMIT,1701940525816,15,1.57209
GALUSDT,SELL,LIMIT,1701940566216,123,1.57009
GALUSDT,SELL,LIMIT,1701940806199,94,1.56788
GALUSDT,SELL,LIMIT,1701941109665,51,1.56597
GALUSDT,SELL,LIMIT,1701941170399,118,1.55881
GALUSDT,SELL,LIMIT,1701941172293,20,1.55754
GALUSDT,SELL,LIMIT,1701941173638,433,1.55592
GALUSDT,SELL,LIMIT,1701941181177,7,1.55439
GALUSDT,SELL,LIMIT,1701941193618,1211,1.55038
GALUSDT,SELL,LIMIT,1701941246184,12,1.54909
GALUSDT,BUY,LIMIT,1701961295252,473,1.72247
GALUSDT,BUY,LIMIT,1701961310351,1098,1.73135
GALUSDT,BUY,LIMIT,1701961312941,1442,1.74115
GALUSDT,BUY,LIMIT,1701961315584,35,1.74524
GALUSDT,BUY,LIMIT,1701961441359,4,1.76170
GALUSDT,BUY,LIMIT,1701961474595,3016,1.77188
GALUSDT,BUY,LIMIT,1701961476176,21,1.77497
GALUSDT,BUY,LIMIT,1701961557548,16,1.79322
GALUSDT,BUY,LIMIT,1701961593934,3,1.79782
GALUSDT,BUY,LIMIT,1701961621089,125,1.80964
GALUSDT,BUY,LIMIT,1701961724774,77,1.82208
GALUSDT,BUY,LIMIT,1701961733335,65,1.83255
GALUSDT,SELL,LIMIT,1701961823117,189,1.70472
GALUSDT,SELL,LIMIT,1701961875097,23,1.69414
GALUSDT,SELL,LIMIT,1701961879319,472,1.69112
GALUSDT,SELL,LIMIT,1701961880378,335,1.69235
GALUSDT,BUY,LIMIT,1701962189229,8,1.81983
GALUSDT,BUY,LIMIT,1701962236221,719,1.83834
GALUSDT,BUY,LIMIT,1701962237322,678,1.83868
GALUSDT,BUY,LIMIT,1701962242987,85,1.85454
GALUSDT,BUY,LIMIT,1701962245784,290,1.85921
GALUSDT,BUY,LIMIT,1701962304483,12,1.86580
GALUSDT,BUY,LIMIT,1701962308904,234,1.86337
GALUSDT,BUY,LIMIT,1701962310197,42,1.86665
GALUSDT,BUY,LIMIT,1701962311251,16,1.86864
GALUSDT,SELL,LIMIT,1701963010776,70,1.72984
GALUSDT,SELL,LIMIT,1701963049131,2751,1.72365
GALUSDT,SELL,LIMIT,1701963050247,311,1.72403
GALUSDT,SELL,LIMIT,1701963054585,1144,1.71869
GALUSDT,SELL,LIMIT,1701963073603,36,1.71910
GALUSDT,SELL,LIMIT,1701963077366,10,1.71791
GALUSDT,SELL,LIMIT,1701963605138,58,1.71674
GALUSDT,SELL,LIMIT,1701963611615,271,1.71608
GALUSDT,SELL,LIMIT,1701963629099,15,1.71495
GALUSDT,SELL,LIMIT,1701963639503,27,1.71234
GALUSDT,SELL,LIMIT,1701963649014,223,1.71095
GALUSDT,SELL,LIMIT,1701963667451,223,1.69959
GALUSDT,SELL,LIMIT,1701963679828,30,1.69744
GALUSDT,SELL,LIMIT,1701963838158,11,1.69108
GALUSDT,SELL,LIMIT,1701964171375,112,1.68254
GALUSDT,SELL,LIMIT,1701964172550,2766,1.68687
GALUSDT,SELL,LIMIT,1701964174326,12,1.67949
GALUSDT,SELL,LIMIT,1701964195046,405,1.67941
GALUSDT,SELL,LIMIT,1701964327060,72,1.67634
GALUSDT,SELL,LIMIT,1701964404122,795,1.67237
GALUSDT,SELL,LIMIT,1701964461873,299,1.66687
GALUSDT,SELL,LIMIT,1701964463232,2603,1.66472
GALUSDT,SELL,LIMIT,1701964481364,433,1.66391
GALUSDT,SELL,LIMIT,1701967635022,269,1.65056
GALUSDT,SELL,LIMIT,1701967723204,21,1.64787
GALUSDT,SELL,LIMIT,1701967773169,45,1.64516
GALUSDT,SELL,LIMIT,1701967782200,425,1.64421
GALUSDT,SELL,LIMIT,1701968625314,22,1.64095
GALUSDT,BUY,LIMIT,1701984682132,1200,1.73508
GALUSDT,SELL,LIMIT,1701989389043,3,1.63729
GALUSDT,SELL,LIMIT,1701992718124,46,1.64908
GALUSDT,SELL,LIMIT,1701993708279,25,1.65088
GALUSDT,SELL,LIMIT,1701997706102,264,1.63451
GALUSDT,SELL,LIMIT,1701997752296,810,1.63085
GALUSDT,SELL,LIMIT,1702000800701,520,1.62886
GALUSDT,SELL,LIMIT,1702009683681,498,1.64981
GALUSDT,SELL,LIMIT,1702035121265,18,1.67852
GALUSDT,SELL,LIMIT,1702042070156,2,1.67838
GALUSDT,SELL,LIMIT,1702042539007,225,1.67424
GALUSDT,SELL,LIMIT,1702051338293,382,1.66041
GALUSDT,SELL,LIMIT,1702055226071,323,1.67371
GALUSDT,BUY,LIMIT,1702080100179,35,1.74598
GALUSDT,BUY,LIMIT,1702080687269,70,1.74830
GALUSDT,BUY,LIMIT,1702081948612,6,1.75451
GALUSDT,BUY,LIMIT,1702082500374,870,1.75980
GALUSDT,BUY,LIMIT,1702091266960,70,1.74778
GALUSDT,SELL,LIMIT,1702108289123,12,1.70236
GALUSDT,BUY,LIMIT,1702108940873,75,1.76405
GALUSDT,BUY,LIMIT,1702109395340,12,1.77369
GALUSDT,BUY,LIMIT,1702109809402,1892,1.77684
GALUSDT,BUY,LIMIT,1702110981234,43,1.74416
GALUSDT,SELL,LIMIT,1702111031400,5,1.66955
GALUSDT,SELL,LIMIT,1702111036122,572,1.66858
GALUSDT,SELL,LIMIT,1702111040399,43,1.66592
GALUSDT,SELL,LIMIT,1702111042572,82,1.66255
GALUSDT,SELL,LIMIT,1702111378799,116,1.65079
GALUSDT,SELL,LIMIT,1702111391164,357,1.64577
GALUSDT,SELL,LIMIT,1702114466434,575,1.67758
GALUSDT,SELL,LIMIT,1702125506975,127,1.68760
GALUSDT,SELL,LIMIT,1702133004695,1155,1.65099
GALUSDT,SELL,LIMIT,1702141564517,80,1.64996
GALUSDT,SELL,LIMIT,1702141759271,854,1.64045
GALUSDT,SELL,LIMIT,1702141850160,480,1.63770
GALUSDT,SELL,LIMIT,1702141852286,9,1.63672
GALUSDT,SELL,LIMIT,1702141855826,152,1.63655
GALUSDT,SELL,LIMIT,1702141859249,88,1.63576
GALUSDT,SELL,LIMIT,1702141860417,575,1.63440
GALUSDT,SELL,LIMIT,1702164545009,5,1.63625
GALUSDT,SELL,LIMIT,1702164684354,809,1.63111
GALUSDT,SELL,LIMIT,1702164685662,1722,1.63081
GALUSDT,SELL,LIMIT,1702164693517,119,1.63051
GALUSDT,SELL,LIMIT,1702164746664,13,1.62890
GALUSDT,SELL,LIMIT,1702164749719,107,1.62836
GALUSDT,SELL,LIMIT,1702164750960,67,1.62331
GALUSDT,SELL,LIMIT,1702164764711,68,1.62191
GALUSDT,SELL,LIMIT,1702164797812,32,1.62151
GALUSDT,SELL,LIMIT,1702164800987,49,1.62076
GALUSDT,SELL,LIMIT,1702164802793,100,1.61997
GALUSDT,SELL,LIMIT,1702164804695,24,1.61807
GALUSDT,SELL,LIMIT,1702164806034,30,1.61697
GALUSDT,SELL,LIMIT,1702164808105,3,1.61608
GALUSDT,SELL,LIMIT,1702164809266,11,1.61245
GALUSDT,SELL,LIMIT,1702164811424,899,1.61049
GALUSDT,SELL,LIMIT,1702200880915,118,1.61024
GALUSDT,SELL,LIMIT,1702200894171,7,1.60952
GALUSDT,SELL,LIMIT,1702200937487,59,1.60718
GALUSDT,SELL,LIMIT,1702200941079,133,1.60845
GALUSDT,SELL,LIMIT,1702202047441,53,1.60218
GALUSDT,SELL,LIMIT,1702202054270,8,1.60098
GALUSDT,SELL,LIMIT,1702202157133,28,1.59923
GALUSDT,SELL,LIMIT,1702202215296,273,1.59882
GALUSDT,SELL,LIMIT,1702202237567,200,1.59830
GALUSDT,SELL,LIMIT,1702202263739,209,1.59766
GALUSDT,SELL,LIMIT,1702202268505,1030,1.59504
GALUSDT,SELL,LIMIT,1702202275571,23,1.59496
GALUSDT,SELL,LIMIT,1702202290269,80,1.59449
GALUSDT,SELL,LIMIT,1702202317091,3,1.59348
GALUSDT,SELL,LIMIT,1702202322418,176,1.59297
GALUSDT,SELL,LIMIT,1702202323741,293,1.59226
GALUSDT,SELL,LIMIT,1702202363075,78,1.58923
GALUSDT,SELL,LIMIT,1702202365336,4,1.58855
GALUSDT,SELL,LIMIT,1702202366463,351,1.58877
GALUSDT,SELL,LIMIT,1702202368885,99,1.58744
GALUSDT,SELL,LIMIT,1702202373188,11,1.58548
GALUSDT,SELL,LIMIT,1702202382293,21,1.58494
GALUSDT,SELL,LIMIT,1702202392432,134,1.58330
GALUSDT,SELL,LIMIT,1702202393565,555,1.58306
GALUSDT,SELL,LIMIT,1702240742023,2,1.61733
GALUSDT,SELL,LIMIT,1702256911628,42,1.58318
GALUSDT,SELL,LIMIT,1702256914468,328,1.58156
GALUSDT,SELL,LIMIT,1702256920161,300,1.58063
GALUSDT,SELL,LIMIT,1702256921472,913,1.58041
GALUSDT,SELL,LIMIT,1702256979413,120,1.57225
GALUSDT,SELL,LIMIT,1702258256112,506,1.60905
GALUSDT,SELL,LIMIT,1702260435432,11845,1.57845
GALUSDT,SELL,LIMIT,1702260439290,294,1.60796
GALUSDT,SELL,LIMIT,1702260620843,26,1.57115
GALUSDT,SELL,LIMIT,1702260622053,897,1.56925
GALUSDT,SELL,LIMIT,1702260623110,1261,1.56348
GALUSDT,SELL,LIMIT,1702260626533,50,1.56399
GALUSDT,BUY,LIMIT,1702260628389,45,1.62416
GALUSDT,SELL,LIMIT,1702260630401,1163,1.56041
GALUSDT,SELL,LIMIT,1702260634590,68,1.55871
GALUSDT,SELL,LIMIT,1702260635702,15,1.55784
GALUSDT,SELL,LIMIT,1702260637360,126,1.55593
GALUSDT,SELL,LIMIT,1702260690379,88,1.55895
GALUSDT,SELL,LIMIT,1702260695391,344,1.55550
GALUSDT,SELL,LIMIT,1702260697245,11,1.55495
GALUSDT,SELL,LIMIT,1702260699069,159,1.55330
GALUSDT,SELL,LIMIT,1702260701316,30,1.55276
GALUSDT,SELL,LIMIT,1702260706804,76,1.55296
GALUSDT,SELL,LIMIT,1702260707814,4,1.55130
GALUSDT,SELL,LIMIT,1702260709201,503,1.54696
GALUSDT,SELL,LIMIT,1702260710287,11,1.54598
GALUSDT,SELL,LIMIT,1702260711500,2804,1.54413
GALUSDT,SELL,LIMIT,1702260712525,267,1.54569
GALUSDT,SELL,LIMIT,1702260714193,47,1.53896
GALUSDT,SELL,LIMIT,1702260715270,598,1.54071
GALUSDT,SELL,LIMIT,1702260716606,107,1.53849
GALUSDT,SELL,LIMIT,1702260717922,554,1.53589
GALUSDT,SELL,LIMIT,1702260719474,5385,1.52933
GALUSDT,SELL,LIMIT,1702260720533,87,1.53208
GALUSDT,SELL,LIMIT,1702260722373,3083,1.52908
GALUSDT,SELL,LIMIT,1702260724635,390,1.52829
GALUSDT,SELL,LIMIT,1702260725710,59,1.52612
GALUSDT,SELL,LIMIT,1702260727601,487,1.52409
GALUSDT,SELL,LIMIT,1702260728648,24,1.52440
GALUSDT,SELL,LIMIT,1702260729814,1366,1.52401
GALUSDT,SELL,LIMIT,1702260733233,1752,1.52287
GALUSDT,SELL,LIMIT,1702260734339,117,1.52253
GALUSDT,SELL,LIMIT,1702260737414,2748,1.52199
GALUSDT,SELL,LIMIT,1702260738498,1230,1.52085
GALUSDT,SELL,LIMIT,1702260739937,12,1.52005
GALUSDT,SELL,LIMIT,1702260741923,1,1.52017
GALUSDT,SELL,LIMIT,1702260743566,102,1.52067
GALUSDT,SELL,LIMIT,1702260744624,48,1.51994
GALUSDT,SELL,LIMIT,1702260745687,1217,1.51751
GALUSDT,SELL,LIMIT,1702260746885,188,1.51860
GALUSDT,SELL,LIMIT,1702260748189,410,1.51390
GALUSDT,SELL,LIMIT,1702260749578,538,1.51374
GALUSDT,SELL,LIMIT,1702260750731,216,1.51050
GALUSDT,SELL,LIMIT,1702260752823,12,1.51080
GALUSDT,SELL,LIMIT,1702260754269,25,1.50710
GALUSDT,SELL,LIMIT,1702260755347,745,1.50350
GALUSDT,SELL,LIMIT,1702260756504,91,1.50055
GALUSDT,SELL,LIMIT,1702260757553,58,1.50283
GALUSDT,SELL,LIMIT,1702260758989,278,1.53205
GALUSDT,SELL,LIMIT,1702260760724,6,1.50989
GALUSDT,SELL,LIMIT,1702260761793,2950,1.50794
GALUSDT,SELL,LIMIT,1702260763098,296,1.50232
GALUSDT,BUY,LIMIT,1702260764347,23,1.56088
GALUSDT,SELL,LIMIT,1702260765359,190,1.49430
GALUSDT,SELL,LIMIT,1702260766582,25,1.49684
GALUSDT,SELL,LIMIT,1702260767775,30,1.48993
GALUSDT,SELL,LIMIT,1702260769041,6765,1.48603
GALUSDT,SELL,LIMIT,1702260770187,67,1.48902
GALUSDT,SELL,LIMIT,1702260772518,1221,1.48527
GALUSDT,SELL,LIMIT,1702260773589,903,1.48482
GALUSDT,SELL,LIMIT,1702260774803,129,1.47842
GALUSDT,SELL,LIMIT,1702260775878,4,1.47842
GALUSDT,SELL,LIMIT,1702260777020,122,1.47809
GALUSDT,SELL,LIMIT,1702260778214,62,1.47679
GALUSDT,SELL,LIMIT,1702260779391,72,1.48652
GALUSDT,SELL,LIMIT,1702260780953,2636,1.47732
GALUSDT,SELL,LIMIT,1702260782030,90,1.47282
GALUSDT,SELL,LIMIT,1702260783077,350,1.47117
GALUSDT,SELL,LIMIT,1702260784101,122,1.46843
GALUSDT,SELL,LIMIT,1702260785177,135,1.46630
GALUSDT,SELL,LIMIT,1702260786292,85,1.46187
GALUSDT,SELL,LIMIT,1702260787526,37,1.46251
GALUSDT,SELL,LIMIT,1702260788637,30,1.45525
GALUSDT,BUY,LIMIT,1702260789641,88,1.51319
GALUSDT,SELL,LIMIT,1702260790649,521,1.44847
GALUSDT,SELL,LIMIT,1702260791816,140,1.44850
GALUSDT,SELL,LIMIT,1702260792978,688,1.44497
GALUSDT,SELL,LIMIT,1702260793997,58,1.44200
GALUSDT,SELL,LIMIT,1702260795031,121,1.43338
GALUSDT,SELL,LIMIT,1702260796289,175,1.43410
GALUSDT,SELL,LIMIT,1702260797311,2993,1.43402
GALUSDT,SELL,LIMIT,1702260798460,37,1.43402
GALUSDT,SELL,LIMIT,1702260799655,13,1.43360
GALUSDT,SELL,LIMIT,1702260800811,301,1.42775
GALUSDT,SELL,LIMIT,1702260802215,197,1.42976
GALUSDT,SELL,LIMIT,1702260803311,153,1.42407
GALUSDT,SELL,LIMIT,1702260804348,670,1.42651
GALUSDT,SELL,LIMIT,1702260805363,325,1.42306
GALUSDT,SELL,LIMIT,1702260806426,393,1.42306
GALUSDT,SELL,LIMIT,1702260807467,416,1.42187
GALUSDT,SELL,LIMIT,1702260808561,62,1.43520
GALUSDT,SELL,LIMIT,1702260810261,137,1.42169
GALUSDT,SELL,LIMIT,1702260811381,1682,1.42861
GALUSDT,SELL,LIMIT,1702260812710,1075,1.42115
GALUSDT,SELL,LIMIT,1702260814260,651,1.41990
GALUSDT,SELL,LIMIT,1702260815326,8798,1.41520
GALUSDT,SELL,LIMIT,1702260817090,634,1.41828
GALUSDT,SELL,LIMIT,1702260818132,498,1.40942
GALUSDT,SELL,LIMIT,1702260819363,588,1.40969
GALUSDT,SELL,LIMIT,1702260820407,3252,1.40921
GALUSDT,SELL,LIMIT,1702260821731,829,1.40228
GALUSDT,BUY,LIMIT,1702260840392,37,1.48267
GALUSDT,BUY,LIMIT,1702260861356,8,1.51277
GALUSDT,SELL,LIMIT,1702262615562,78,1.47200
GALUSDT,SELL,LIMIT,1702262873708,35,1.46610
