Symbol,Side,Order Type,Time,Quantity,Price
GASUSDT,SELL,LIMIT,1701918536719,0.8,7.460622
GASUSDT,SELL,LIMIT,1701918562023,548.0,7.455047
GASUSDT,SELL,LIMIT,1701918658970,116.2,7.442222
GASUSDT,SELL,LIMIT,1701931165220,3.8,7.559876
GASUSDT,SELL,LIMIT,1701936873175,136.7,7.603401
GASUSDT,SELL,LIMIT,1701939727471,1.1,7.571337
GASUSDT,SELL,LIMIT,1701939976828,129.9,7.540647
GASUSDT,SELL,LIMIT,1701939999129,6.5,7.560947
GASUSDT,SELL,LIMIT,1701940036466,651.1,7.512759
GASUSDT,SELL,LIMIT,1701940456502,0.7,7.502359
GASUSDT,SELL,LIMIT,1701940475100,7.7,7.493767
GASUSDT,SELL,LIMIT,1701940516307,10.3,7.485788
GASUSDT,SELL,LIMIT,1701940557310,8.3,7.473651
GASUSDT,SELL,LIMIT,1701940565493,47.1,7.470195
GASUSDT,SELL,LIMIT,1701940568857,254.2,7.469998
GASUSDT,SELL,LIMIT,1701941017181,47.2,7.437993
GASUSDT,SELL,LIMIT,1701941066992,1487.1,7.377323
GASUSDT,SELL,LIMIT,1701941071552,0.7,7.420115
GASUSDT,SELL,LIMIT,1701941156508,9.1,7.421287
GASUSDT,SELL,LIMIT,1701941158712,242.6,7.407823
GASUSDT,SELL,LIMIT,1701941161534,19.9,7.400222
GASUSDT,SELL,LIMIT,1701941163501,7.8,7.396882
GASUSDT,SELL,LIMIT,1701941165345,331.7,7.385808
GASUSDT,SELL,LIMIT,1701941176573,19.9,7.377752
GASUSDT,SELL,LIMIT,1701941179307,83.1,7.367460
GASUSDT,SELL,LIMIT,1701941183161,2.1,7.366580
GASUSDT,SELL,LIMIT,1701941184558,261.1,7.452512
GASUSDT,SELL,LIMIT,1701941186417,2.1,7.392740
GASUSDT,SELL,LIMIT,1701941189291,191.3,7.357342
GASUSDT,SELL,LIMIT,1701941190924,486.3,7.346791
GASUSDT,SELL,LIMIT,1701941193316,161.6,7.341459
GASUSDT,SELL,LIMIT,1701941207111,158.6,7.366609
GASUSDT,SELL,LIMIT,1701941239423,38.8,7.333235
GASUSDT,SELL,LIMIT,1701941245274,53.9,7.334589
GASUSDT,SELL,LIMIT,1701941246443,334.9,7.333857
GASUSDT,SELL,LIMIT,1701941248825,7.5,7.331333
GASUSDT,SELL,LIMIT,1701941256248,47.3,7.332189
GASUSDT,SELL,LIMIT,1701942343596,59.9,7.500206
GASUSDT,BUY,LIMIT,1701943189569,52.3,7.817959
GASUSDT,SELL,LIMIT,1701943617990,1.4,7.542965
GASUSDT,SELL,LIMIT,1701943652891,71.5,7.533818
GASUSDT,SELL,LIMIT,1701943658662,20.4,7.529285
GASUSDT,BUY,LIMIT,1701945434467,3.1,7.816212
GASUSDT,BUY,LIMIT,1701945598955,48.4,7.840072
GASUSDT,BUY,LIMIT,1701946157419,204.9,7.888277
GASUSDT,BUY,LIMIT,1701946243933,161.2,7.903450
GASUSDT,SELL,LIMIT,1701946327791,0.9,7.617133
GASUSDT,SELL,LIMIT,1701946329808,489.3,7.612230
GASUSDT,SELL,LIMIT,1701947759997,12.9,7.576462
GASUSDT,SELL,LIMIT,1701947768762,496.9,7.571442
GASUSDT,BUY,LIMIT,1701951918598,10.3,7.793242
GASUSDT,BUY,LIMIT,1701953976590,0.1,7.818020
GASUSDT,SELL,LIMIT,1701957025122,6.8,7.508796
GASUSDT,SELL,LIMIT,1701957104592,11.1,7.506331
GASUSDT,SELL,LIMIT,1701959724424,63.6,7.553966
GASUSDT,BUY,LIMIT,1701959772486,3.5,7.791078
GASUSDT,BUY,LIMIT,1701960536053,4.2,7.795351
GASUSDT,BUY,LIMIT,1701960780104,6.5,7.800480
GASUSDT,SELL,LIMIT,1701962843976,38.1,7.625848
GASUSDT,SELL,LIMIT,1701963033735,105.0,7.626634
GASUSDT,SELL,LIMIT,1701964880674,6.4,7.581158
GASUSDT,SELL,LIMIT,1701964882719,50.2,7.577019
GASUSDT,SELL,LIMIT,1701964927364,2.0,7.563302
GASUSDT,SELL,LIMIT,1701965064710,34.9,7.636707
GASUSDT,SELL,LIMIT,1701965086399,170.4,7.592717
GASUSDT,SELL,LIMIT,1701965519430,33.8,7.701599
GASUSDT,SELL,LIMIT,1701966504807,61.6,7.651619
GASUSDT,BUY,LIMIT,1701969023300,147.5,7.900346
GASUSDT,BUY,LIMIT,1701969982940,654.4,7.923097
GASUSDT,BUY,LIMIT,1701969996753,2.6,7.925593
GASUSDT,BUY,LIMIT,1701970068118,52.4,7.933791
GASUSDT,BUY,LIMIT,1701970381920,3.3,7.946185
GASUSDT,SELL,LIMIT,1701970719625,248.6,7.723216
GASUSDT,SELL,LIMIT,1701971014023,24.3,7.680046
GASUSDT,SELL,LIMIT,1701971357064,9.0,7.666655
GASUSDT,SELL,LIMIT,1701973210053,6.6,7.647538
GASUSDT,SELL,LIMIT,1701974276880,32.1,7.612093
GASUSDT,SELL,LIMIT,1701974278047,38.6,7.609661
GASUSDT,SELL,LIMIT,1701974645829,28.7,7.596620
GASUSDT,SELL,LIMIT,1701974683244,11.1,7.589842
GASUSDT,SELL,LIMIT,1701976882833,26.1,7.584526
GASUSDT,SELL,LIMIT,1701977170218,4.6,7.572119
GASUSDT,SELL,LIMIT,1701977296133,31.5,7.565652
GASUSDT,SELL,LIMIT,1701977297184,449.6,7.565230
GASUSDT,SELL,LIMIT,1701977328962,233.5,7.555914
GASUSDT,SELL,LIMIT,1701981520420,9.5,7.559721
GASUSDT,SELL,LIMIT,1701981532201,360.1,7.556745
GASUSDT,SELL,LIMIT,1701981622936,0.9,7.550508
GASUSDT,BUY,LIMIT,1701983619966,5.4,7.843013
GASUSDT,SELL,LIMIT,1701988382121,284.1,7.655379
GASUSDT,SELL,LIMIT,1701988396446,39.4,7.604303
GASUSDT,SELL,LIMIT,1701988484073,399.7,7.586344
GASUSDT,BUY,LIMIT,1701988717545,53.9,7.834089
GASUSDT,BUY,LIMIT,1701994374095,49.1,7.924687
GASUSDT,BUY,LIMIT,1701995389208,626.4,7.937000
GASUSDT,BUY,LIMIT,1701997874121,7.7,7.988462
GASUSDT,BUY,LIMIT,1701998010608,21.1,8.006066
GASUSDT,BUY,LIMIT,1701998016295,55.0,8.013388
GASUSDT,BUY,LIMIT,1701998056009,17.3,8.037406
GASUSDT,BUY,LIMIT,1701998080163,115.9,8.061372
GASUSDT,BUY,LIMIT,1701998127725,260.1,8.074986
GASUSDT,SELL,LIMIT,1701998966002,20.3,7.729068
GASUSDT,SELL,LIMIT,1701999028206,7.1,7.722900
GASUSDT,SELL,LIMIT,1702000514906,41.8,7.707765
GASUSDT,SELL,LIMIT,1702000597147,20.3,7.689009
GASUSDT,SELL,LIMIT,1702002317294,314.5,7.635759
GASUSDT,SELL,LIMIT,1702003248339,23.4,7.618080
GASUSDT,SELL,LIMIT,1702003271159,200.0,7.614453
GASUSDT,SELL,LIMIT,1702003653419,31.0,8.019465
GASUSDT,SELL,LIMIT,1702003655197,71.8,7.606171
GASUSDT,SELL,LIMIT,1702003722478,0.6,7.601914
GASUSDT,BUY,LIMIT,1702005819398,17.4,7.726266
GASUSDT,SELL,LIMIT,1702006893216,191.1,7.643721
GASUSDT,SELL,LIMIT,1702011810485,10.0,7.720578
GASUSDT,BUY,LIMIT,1702015876055,8.5,7.932224
GASUSDT,BUY,LIMIT,1702016273787,66.1,7.959236
GASUSDT,BUY,LIMIT,1702018421714,103.0,7.974458
GASUSDT,BUY,LIMIT,1702019046150,0.2,8.018243
GASUSDT,SELL,LIMIT,1702020535928,1.8,7.761244
GASUSDT,SELL,LIMIT,1702020666061,635.0,7.746894
GASUSDT,SELL,LIMIT,1702020667300,19.8,7.715155
GASUSDT,SELL,LIMIT,1702020668529,121.2,7.711906
GASUSDT,SELL,LIMIT,1702022539375,1.3,7.702531
GASUSDT,SELL,LIMIT,1702022842409,4.2,7.686546
GASUSDT,SELL,LIMIT,1702023061556,65.5,7.677241
GASUSDT,SELL,LIMIT,1702025502449,31.8,7.696626
GASUSDT,SELL,LIMIT,1702025834382,22.1,7.685563
GASUSDT,BUY,LIMIT,1702027166171,10.6,7.956178
GASUSDT,SELL,LIMIT,1702029207858,49.5,7.716522
GASUSDT,SELL,LIMIT,1702036066184,2732.4,7.708790
GASUSDT,SELL,LIMIT,1702036079051,61.5,7.801807
GASUSDT,SELL,LIMIT,1702036109368,0.7,7.807064
GASUSDT,SELL,LIMIT,1702037164717,494.2,7.751951
GASUSDT,SELL,LIMIT,1702037291954,31.5,7.746531
GASUSDT,SELL,LIMIT,1702039196065,2.5,7.778000
GASUSDT,SELL,LIMIT,1702040388956,18.5,7.752796
GASUSDT,SELL,LIMIT,1702040483565,72.6,7.742264
GASUSDT,SELL,LIMIT,1702040528051,63.3,7.738061
GASUSDT,SELL,LIMIT,1702040762556,2.0,7.730849
GASUSDT,SELL,LIMIT,1702040805069,56.3,7.720929
GASUSDT,SELL,LIMIT,1702040988798,86.0,7.711882
GASUSDT,SELL,LIMIT,1702042271405,4.6,7.684179
GASUSDT,SELL,LIMIT,1702042273142,593.9,7.674677
GASUSDT,SELL,LIMIT,1702043856953,243.6,7.673364
GASUSDT,SELL,LIMIT,1702044413557,632.9,7.674136
GASUSDT,SELL,LIMIT,1702044504056,9.8,7.656343
GASUSDT,SELL,LIMIT,1702046539268,0.8,7.728999
GASUSDT,BUY,LIMIT,1702051340968,16.9,8.002726
GASUSDT,SELL,LIMIT,1702055007280,11.4,7.749821
GASUSDT,SELL,LIMIT,1702055236419,11.9,7.738813
GASUSDT,SELL,LIMIT,1702055259400,101.0,7.731578
GASUSDT,SELL,LIMIT,1702056527175,509.0,7.710548
GASUSDT,BUY,LIMIT,1702057037079,210.9,7.976581
GASUSDT,BUY,LIMIT,1702064702112,230.8,7.999064
GASUSDT,BUY,LIMIT,1702065989841,2.5,8.038944
GASUSDT,BUY,LIMIT,1702066428575,8.0,8.066161
GASUSDT,BUY,LIMIT,1702066431030,569.4,8.066575
GASUSDT,SELL,LIMIT,1702071736574,13.1,7.788086
GASUSDT,SELL,LIMIT,1702080235762,256.0,7.835567
GASUSDT,BUY,LIMIT,1702080420735,25.2,8.071280
GASUSDT,BUY,LIMIT,1702083383728,159.7,8.106641
GASUSDT,BUY,LIMIT,1702083389233,16.3,8.110406
GASUSDT,BUY,LIMIT,1702083432425,1.7,8.126234
GASUSDT,BUY,LIMIT,1702083919917,0.7,8.212786
GASUSDT,BUY,LIMIT,1702083949533,79.1,8.213173
GASUSDT,BUY,LIMIT,1702083950888,25.9,8.216761
GASUSDT,BUY,LIMIT,1702083959446,3.2,8.219136
GASUSDT,BUY,LIMIT,1702083972184,3.2,8.229420
GASUSDT,BUY,LIMIT,1702084003432,214.4,8.280469
GASUSDT,BUY,LIMIT,1702084340477,68.6,8.316587
GASUSDT,BUY,LIMIT,1702084468163,84.1,8.338953
GASUSDT,BUY,LIMIT,1702084601260,2.1,8.355370
GASUSDT,BUY,LIMIT,1702084701155,318.7,8.366102
GASUSDT,BUY,LIMIT,1702085278612,88.9,8.392655
GASUSDT,BUY,LIMIT,1702085340130,1.3,8.424873
GASUSDT,BUY,LIMIT,1702085342000,7.4,8.428541
GASUSDT,SELL,LIMIT,1702085898739,300.2,8.131264
GASUSDT,BUY,LIMIT,1702086534191,6.0,8.336195
GASUSDT,SELL,LIMIT,1702086845724,12.6,8.047999
GASUSDT,SELL,LIMIT,1702086853593,217.0,8.045209
GASUSDT,SELL,LIMIT,1702087205788,6.7,8.013136
GASUSDT,BUY,LIMIT,1702087838841,4.8,8.320139
GASUSDT,BUY,LIMIT,1702087935529,5.5,8.345729
GASUSDT,SELL,LIMIT,1702090425306,15.2,8.042010
GASUSDT,SELL,LIMIT,1702090698040,26.9,8.029257
GASUSDT,SELL,LIMIT,1702091756252,645.3,8.013631
GASUSDT,SELL,LIMIT,1702091929024,10.0,8.026766
GASUSDT,SELL,LIMIT,1702098938240,20.6,8.009036
GASUSDT,SELL,LIMIT,1702099198248,1.8,7.993276
GASUSDT,SELL,LIMIT,1702099943734,8.6,8.014988
GASUSDT,SELL,LIMIT,1702100957845,40.0,8.045514
GASUSDT,SELL,LIMIT,1702102339132,7.0,8.042168
GASUSDT,SELL,LIMIT,1702102387343,51.2,8.028554
GASUSDT,SELL,LIMIT,1702105676066,290.1,8.077727
GASUSDT,BUY,LIMIT,1702105689884,12.2,8.326325
GASUSDT,SELL,LIMIT,1702106509464,0.7,8.055005
GASUSDT,SELL,LIMIT,1702106617195,26.0,8.044172
GASUSDT,BUY,LIMIT,1702109006159,4.2,8.211862
GASUSDT,BUY,LIMIT,1702109244834,10.2,8.315518
GASUSDT,BUY,LIMIT,1702109723343,0.7,8.307685
GASUSDT,BUY,LIMIT,1702109780750,1.3,8.313408
GASUSDT,SELL,LIMIT,1702110720511,1.0,8.036742
GASUSDT,SELL,LIMIT,1702110723333,21.3,8.031181
GASUSDT,SELL,LIMIT,1702110750802,579.6,8.027397
GASUSDT,SELL,LIMIT,1702110854154,152.8,8.017859
GASUSDT,SELL,LIMIT,1702110874055,17.7,7.995580
GASUSDT,SELL,LIMIT,1702110876494,16.9,7.992564
GASUSDT,SELL,LIMIT,1702110898774,613.7,7.988841
GASUSDT,SELL,LIMIT,1702110902210,12.2,7.981267
GASUSDT,SELL,LIMIT,1702110903938,25.7,7.975150
GASUSDT,SELL,LIMIT,1702110905214,127.4,7.970921
GASUSDT,SELL,LIMIT,1702110906226,4.2,7.967960
GASUSDT,SELL,LIMIT,1702110912359,50.6,7.959587
GASUSDT,SELL,LIMIT,1702110968125,310.3,7.956937
GASUSDT,SELL,LIMIT,1702110974104,183.6,7.951108
GASUSDT,SELL,LIMIT,1702110975198,2.4,7.944992
GASUSDT,SELL,LIMIT,1702110977804,182.3,7.935420
GASUSDT,SELL,LIMIT,1702110979325,30.5,7.931056
GASUSDT,SELL,LIMIT,1702110980837,153.6,7.921556
GASUSDT,SELL,LIMIT,1702111029403,109.2,7.962655
GASUSDT,SELL,LIMIT,1702111030460,1.7,7.908714
GASUSDT,SELL,LIMIT,1702111034572,36.6,7.903319
GASUSDT,SELL,LIMIT,1702111035864,1.0,7.905010
GASUSDT,SELL,LIMIT,1702111038383,457.2,7.902955
GASUSDT,SELL,LIMIT,1702111044042,5.2,7.892091
GASUSDT,SELL,LIMIT,1702111045332,61.0,7.879594
GASUSDT,SELL,LIMIT,1702111046533,100.0,7.875727
GASUSDT,SELL,LIMIT,1702111048295,5.0,7.838563
GASUSDT,SELL,LIMIT,1702111049719,19.1,7.846062
GASUSDT,SELL,LIMIT,1702111375579,131.4,7.828776
GASUSDT,SELL,LIMIT,1702111377147,290.4,7.822550
GASUSDT,SELL,LIMIT,1702111383131,20.4,7.815412
GASUSDT,SELL,LIMIT,1702111386568,367.6,7.816018
GASUSDT,SELL,LIMIT,1702111389383,20.8,7.803288
GASUSDT,SELL,LIMIT,1702111390457,2.1,7.789085
GASUSDT,SELL,LIMIT,1702111391653,45.2,7.788151
GASUSDT,BUY,LIMIT,1702113444408,75.7,8.182167
GASUSDT,BUY,LIMIT,1702113748205,1.6,8.192705
GASUSDT,BUY,LIMIT,1702114208158,52.1,8.225106
GASUSDT,BUY,LIMIT,1702114337398,148.0,8.288389
GASUSDT,BUY,LIMIT,1702114343995,57.5,8.300569
GASUSDT,SELL,LIMIT,1702115613334,16.1,7.949895
GASUSDT,SELL,LIMIT,1702115620639,40.0,7.941309
GASUSDT,SELL,LIMIT,1702116379125,0.8,7.990131
GASUSDT,BUY,LIMIT,1702119251115,4.9,8.156740
GASUSDT,SELL,LIMIT,1702121346731,180.3,7.990481
GASUSDT,SELL,LIMIT,1702122333872,58.9,7.968922
GASUSDT,SELL,LIMIT,1702122374071,4.3,7.967023
GASUSDT,SELL,LIMIT,1702125870425,135.3,7.977859
GASUSDT,SELL,LIMIT,1702125883551,50.0,7.989827
GASUSDT,BUY,LIMIT,1702126217338,6.4,8.289954
GASUSDT,SELL,LIMIT,1702132383130,4.3,8.004430
GASUSDT,SELL,LIMIT,1702132457418,1.1,7.990056
GASUSDT,SELL,LIMIT,1702132593702,25.6,7.981424
GASUSDT,SELL,LIMIT,1702132677907,15.9,7.954577
GASUSDT,SELL,LIMIT,1702132800217,61.2,7.947801
GASUSDT,SELL,LIMIT,1702132989790,48.1,7.926981
GASUSDT,SELL,LIMIT,1702133002254,27.1,7.896688
GASUSDT,SELL,LIMIT,1702133003421,3.1,7.903287
GASUSDT,SELL,LIMIT,1702133005985,27.7,7.902089
GASUSDT,SELL,LIMIT,1702133007807,64.2,7.888512
GASUSDT,BUY,LIMIT,1702133133191,25.8,8.169253
GASUSDT,BUY,LIMIT,1702134076535,6.0,8.191682
GASUSDT,SELL,LIMIT,1702134441835,0.9,7.912422
GASUSDT,SELL,LIMIT,1702134831360,332.6,7.890198
GASUSDT,SELL,LIMIT,1702134886763,0.7,7.880294
GASUSDT,SELL,LIMIT,1702134888420,128.2,7.877378
GASUSDT,SELL,LIMIT,1702134889949,36.0,7.874850
GASUSDT,SELL,LIMIT,1702134901359,67.1,7.867108
GASUSDT,SELL,LIMIT,1702135414130,0.7,7.880231
GASUSDT,BUY,LIMIT,1702137782631,173.1,8.263361
GASUSDT,SELL,LIMIT,1702138633874,47.2,7.997930
GASUSDT,SELL,LIMIT,1702139119239,60.8,7.922354
GASUSDT,SELL,LIMIT,1702139274207,36.1,7.908539
GASUSDT,SELL,LIMIT,1702139279142,200.0,7.899137
GASUSDT,SELL,LIMIT,1702139280330,120.0,7.899478
GASUSDT,SELL,LIMIT,1702141032101,200.0,7.933627
GASUSDT,SELL,LIMIT,1702141190758,8.9,7.931928
GASUSDT,SELL,LIMIT,1702141564343,30.6,7.893350
GASUSDT,SELL,LIMIT,1702141633300,8.0,7.885044
GASUSDT,SELL,LIMIT,1702141658245,25.4,7.880001
GASUSDT,SELL,LIMIT,1702141664284,2.0,7.876061
GASUSDT,SELL,LIMIT,1702141693695,7.2,7.873058
GASUSDT,SELL,LIMIT,1702141706604,3.6,7.864161
GASUSDT,SELL,LIMIT,1702141748566,19.6,7.844835
GASUSDT,SELL,LIMIT,1702141758046,267.8,7.846393
GASUSDT,SELL,LIMIT,1702141843646,97.4,7.838918
GASUSDT,SELL,LIMIT,1702141846958,28.8,7.838617
GASUSDT,SELL,LIMIT,1702141849297,123.8,7.826898
GASUSDT,SELL,LIMIT,1702141853063,354.6,7.821463
GASUSDT,SELL,LIMIT,1702144627764,64.3,7.928253
GASUSDT,SELL,LIMIT,1702144776835,308.1,7.857053
GASUSDT,SELL,LIMIT,1702152161997,4.3,7.934796
GASUSDT,BUY,LIMIT,1702157208164,101.5,8.195889
GASUSDT,SELL,LIMIT,1702157414205,12.2,7.924326
GASUSDT,SELL,LIMIT,1702161380170,244.2,7.952891
GASUSDT,SELL,LIMIT,1702162592321,61.3,7.894072
GASUSDT,SELL,LIMIT,1702164211251,303.0,7.909373
GASUSDT,SELL,LIMIT,1702164514162,3097.8,7.813652
GASUSDT,SELL,LIMIT,1702164529394,54.4,7.954033
GASUSDT,SELL,LIMIT,1702164543483,23.7,7.869798
GASUSDT,SELL,LIMIT,1702164545552,115.2,7.854124
GASUSDT,SELL,LIMIT,1702164551493,4.2,7.846011
GASUSDT,SELL,LIMIT,1702164687078,32.9,7.839225
GASUSDT,SELL,LIMIT,1702164701126,294.4,7.825300
GASUSDT,SELL,LIMIT,1702164745046,30.9,7.825826
GASUSDT,SELL,LIMIT,1702164746548,23.6,7.818931
GASUSDT,SELL,LIMIT,1702164750440,160.1,7.806670
GASUSDT,SELL,LIMIT,1702164795933,5.3,7.800927
GASUSDT,SELL,LIMIT,1702164799799,2.8,7.795022
GASUSDT,SELL,LIMIT,1702164801328,37.3,7.792189
GASUSDT,SELL,LIMIT,1702164802582,106.9,7.788173
GASUSDT,SELL,LIMIT,1702164803601,57.3,7.786178
GASUSDT,SELL,LIMIT,1702164804732,2.7,7.783987
GASUSDT,SELL,LIMIT,1702164805741,3.5,7.759096
GASUSDT,SELL,LIMIT,1702164807224,74.3,7.687532
GASUSDT,SELL,LIMIT,1702164808236,26.0,7.696527
GASUSDT,SELL,LIMIT,1702164809245,24.9,7.630716
GASUSDT,SELL,LIMIT,1702164810258,2.2,7.605730
GASUSDT,SELL,LIMIT,1702164850980,91.1,7.705768
GASUSDT,SELL,LIMIT,1702164867446,5.0,7.677424
GASUSDT,SELL,LIMIT,1702165634908,18.0,7.751951
GASUSDT,BUY,LIMIT,1702166548968,67.5,8.056149
GASUSDT,BUY,LIMIT,1702166617340,14.3,8.119210
GASUSDT,BUY,LIMIT,1702171746785,194.5,8.154364
GASUSDT,SELL,LIMIT,1702177029714,5.0,7.830299
GASUSDT,BUY,LIMIT,1702181578352,3.4,8.199235
GASUSDT,BUY,LIMIT,1702187858134,6.3,8.239532
GASUSDT,BUY,LIMIT,1702190304221,6.6,8.284153
GASUSDT,SELL,LIMIT,1702192727371,3.7,7.950447
GASUSDT,SELL,LIMIT,1702192738343,28.4,7.939397
GASUSDT,SELL,LIMIT,1702192832570,20.4,7.928249
GASUSDT,SELL,LIMIT,1702193701490,5.0,7.891299
GASUSDT,SELL,LIMIT,1702193843561,3.4,7.876401
GASUSDT,SELL,LIMIT,1702193922648,23.7,7.867901
GASUSDT,SELL,LIMIT,1702193923776,3.5,7.864559
GASUSDT,SELL,LIMIT,1702196639488,93.8,7.868425
GASUSDT,SELL,LIMIT,1702196648384,1035.4,7.831409
GASUSDT,SELL,LIMIT,1702197711113,2.4,7.816424
GASUSDT,SELL,LIMIT,1702197712323,6.2,7.815380
GASUSDT,SELL,LIMIT,1702200328283,491.3,7.810794
GASUSDT,SELL,LIMIT,1702200402183,207.8,7.798943
GASUSDT,SELL,LIMIT,1702200561909,91.2,7.781254
GASUSDT,SELL,LIMIT,1702200631015,89.1,7.789753
GASUSDT,SELL,LIMIT,1702200738330,631.1,7.764799
GASUSDT,SELL,LIMIT,1702200893239,4.7,7.736865
GASUSDT,SELL,LIMIT,1702200926880,50.0,7.740131
GASUSDT,SELL,LIMIT,1702200930537,11.0,7.736320
GASUSDT,SELL,LIMIT,1702200933020,17.5,7.732366
GASUSDT,SELL,LIMIT,1702200940985,33.0,7.727595
GASUSDT,SELL,LIMIT,1702200948247,168.5,7.732067
GASUSDT,SELL,LIMIT,1702201478942,770.9,7.702363
GASUSDT,SELL,LIMIT,1702202053928,242.3,7.703686
GASUSDT,SELL,LIMIT,1702202058296,2.4,7.693951
GASUSDT,SELL,LIMIT,1702202080983,56.5,7.693932
GASUSDT,SELL,LIMIT,1702202083260,2.1,7.690083
GASUSDT,SELL,LIMIT,1702202192595,15.5,7.685597
GASUSDT,SELL,LIMIT,1702202195954,90.4,7.680581
GASUSDT,SELL,LIMIT,1702202258695,8.7,7.680304
GASUSDT,SELL,LIMIT,1702202263751,1031.2,7.645688
GASUSDT,SELL,LIMIT,1702202266545,30.9,7.672186
GASUSDT,SELL,LIMIT,1702202267745,92.0,7.670041
GASUSDT,SELL,LIMIT,1702202276414,70.0,7.670623
GASUSDT,SELL,LIMIT,1702202293309,11.3,7.663797
GASUSDT,SELL,LIMIT,1702202322260,6.6,7.657295
GASUSDT,SELL,LIMIT,1702202324437,28.5,7.656989
GASUSDT,SELL,LIMIT,1702202365497,43.1,7.649312
GASUSDT,SELL,LIMIT,1702202368511,6.0,7.644586
GASUSDT,SELL,LIMIT,1702202373953,494.4,7.640681
GASUSDT,SELL,LIMIT,1702202375184,320.1,7.641041
GASUSDT,SELL,LIMIT,1702202383124,6.7,7.632766
GASUSDT,BUY,LIMIT,1702204028599,27.6,7.963013
GASUSDT,BUY,LIMIT,1702206513142,1.5,7.986883
GASUSDT,SELL,LIMIT,1702219135085,61.3,7.733461
GASUSDT,BUY,LIMIT,1702219771733,8.8,8.018367
GASUSDT,SELL,LIMIT,1702226480725,15.6,7.739182
GASUSDT,SELL,LIMIT,1702228161304,1.2,7.750116
GASUSDT,SELL,LIMIT,1702229861995,82.5,7.720229
GASUSDT,SELL,LIMIT,1702230143124,12.7,7.705353
GASUSDT,SELL,LIMIT,1702230257770,159.0,7.695771
GASUSDT,SELL,LIMIT,1702230260682,3.5,7.692337
GASUSDT,SELL,LIMIT,1702230330357,39.1,7.689374
GASUSDT,SELL,LIMIT,1702239873588,51.2,7.838739
GASUSDT,BUY,LIMIT,1702241575689,3.1,8.126303
GASUSDT,SELL,LIMIT,1702245170232,4.5,7.855376
GASUSDT,SELL,LIMIT,1702245680896,33.4,7.846620
GASUSDT,SELL,LIMIT,1702250104708,161.5,7.834916
GASUSDT,SELL,LIMIT,1702250251256,1.3,7.807255
GASUSDT,SELL,LIMIT,1702250300095,218.9,7.786939
GASUSDT,SELL,LIMIT,1702250304568,4.0,7.783536
GASUSDT,SELL,LIMIT,1702255324025,179.8,7.797095
GASUSDT,SELL,LIMIT,1702255435958,319.3,7.775694
GASUSDT,SELL,LIMIT,1702255607950,1.3,7.763493
GASUSDT,SELL,LIMIT,1702256296517,12.5,7.810421
GASUSDT,SELL,LIMIT,1702256458296,4.0,7.747159
GASUSDT,SELL,LIMIT,1702256478066,15.4,7.746339
GASUSDT,SELL,LIMIT,1702256559305,5.0,7.728302
GASUSDT,SELL,LIMIT,1702256566503,17.8,7.727876
GASUSDT,SELL,LIMIT,1702256597177,76.0,7.717013
GASUSDT,SELL,LIMIT,1702256611163,104.9,7.710432
GASUSDT,SELL,LIMIT,1702256613646,25.8,7.706308
GASUSDT,SELL,LIMIT,1702256669091,5.0,7.699109
GASUSDT,SELL,LIMIT,1702256729008,57.7,7.688172
GASUSDT,SELL,LIMIT,1702256730624,0.8,7.687303
GASUSDT,SELL,LIMIT,1702256914496,25.4,7.676507
GASUSDT,SELL,LIMIT,1702256915891,25.0,7.674222
GASUSDT,SELL,LIMIT,1702256919190,200.0,7.658719
GASUSDT,SELL,LIMIT,1702256982174,526.7,7.653451
GASUSDT,SELL,LIMIT,1702260248791,0.2,7.707436
GASUSDT,SELL,LIMIT,1702260277103,9.9,7.695535
GASUSDT,SELL,LIMIT,1702260283947,26.1,7.708183
GASUSDT,SELL,LIMIT,1702260319950,82.8,7.682119
GASUSDT,SELL,LIMIT,1702260424586,93.7,7.662316
GASUSDT,SELL,LIMIT,1702260429262,50.0,7.776636
GASUSDT,SELL,LIMIT,1702260430376,56.8,7.646280
GASUSDT,SELL,LIMIT,1702260432556,223.3,7.639816
GASUSDT,SELL,LIMIT,1702260433803,11.7,7.639320
GASUSDT,SELL,LIMIT,1702260435231,73.9,7.628826
GASUSDT,SELL,LIMIT,1702260437798,12.8,7.619600
GASUSDT,SELL,LIMIT,1702260440291,15.1,7.616511
GASUSDT,SELL,LIMIT,1702260443950,37.4,7.610510
GASUSDT,SELL,LIMIT,1702260445103,2.0,7.603185
GASUSDT,BUY,LIMIT,1702260628389,12.7,7.835705
GASUSDT,SELL,LIMIT,1702260630126,133.5,7.594020
GASUSDT,SELL,LIMIT,1702260631617,24.7,7.629708
GASUSDT,SELL,LIMIT,1702260633428,13.8,7.581159
GASUSDT,SELL,LIMIT,1702260636002,19.0,7.577608
GASUSDT,SELL,LIMIT,1702260637334,2.9,7.574443
GASUSDT,SELL,LIMIT,1702260667778,844.6,7.545313
GASUSDT,SELL,LIMIT,1702260690827,10.1,7.558617
GASUSDT,SELL,LIMIT,1702260696305,6.2,7.547806
GASUSDT,SELL,LIMIT,1702260697365,42.6,7.553812
GASUSDT,SELL,LIMIT,1702260698695,62.1,7.541705
GASUSDT,SELL,LIMIT,1702260700241,1.8,7.537201
GASUSDT,SELL,LIMIT,1702260701316,12.4,7.533784
GASUSDT,SELL,LIMIT,1702260705146,61.5,7.540505
GASUSDT,SELL,LIMIT,1702260707230,1110.4,7.504788
GASUSDT,SELL,LIMIT,1702260708263,10.9,7.529770
GASUSDT,SELL,LIMIT,1702260709578,1002.6,7.490763
GASUSDT,SELL,LIMIT,1702260711270,15.9,7.512621
GASUSDT,SELL,LIMIT,1702260712282,36.5,7.514151
GASUSDT,SELL,LIMIT,1702260713882,636.3,7.511525
GASUSDT,SELL,LIMIT,1702260714960,55.6,7.502738
GASUSDT,SELL,LIMIT,1702260716508,634.9,7.488783
GASUSDT,SELL,LIMIT,1702260717470,19.3,7.471944
GASUSDT,SELL,LIMIT,1702260718548,41.1,7.472325
GASUSDT,SELL,LIMIT,1702260719642,96.3,7.473997
GASUSDT,SELL,LIMIT,1702260720804,550.2,7.462654
GASUSDT,SELL,LIMIT,1702260721805,41.5,7.453323
GASUSDT,SELL,LIMIT,1702260722949,256.3,7.467600
GASUSDT,SELL,LIMIT,1702260724010,150.0,7.458711
GASUSDT,SELL,LIMIT,1702260725176,11.8,7.457805
GASUSDT,SELL,LIMIT,1702260726185,97.0,7.449791
GASUSDT,SELL,LIMIT,1702260728059,16.3,7.468296
GASUSDT,SELL,LIMIT,1702260729289,135.8,7.436362
GASUSDT,SELL,LIMIT,1702260730357,4.8,7.428515
GASUSDT,SELL,LIMIT,1702260731399,99.0,7.424718
GASUSDT,SELL,LIMIT,1702260732554,255.3,7.424747
GASUSDT,SELL,LIMIT,1702260733752,23.9,7.426211
GASUSDT,SELL,LIMIT,1702260734863,72.8,7.423633
GASUSDT,SELL,LIMIT,1702260735926,25.0,7.419347
GASUSDT,SELL,LIMIT,1702260737007,543.4,7.422578
GASUSDT,SELL,LIMIT,1702260738283,157.9,7.417469
GASUSDT,SELL,LIMIT,1702260739496,1065.8,7.381857
GASUSDT,SELL,LIMIT,1702260740676,63.9,7.405739
GASUSDT,SELL,LIMIT,1702260742079,4.7,7.405239
GASUSDT,SELL,LIMIT,1702260743201,0.7,7.397526
GASUSDT,SELL,LIMIT,1702260744227,10.6,7.395142
GASUSDT,SELL,LIMIT,1702260745242,0.7,7.380723
GASUSDT,SELL,LIMIT,1702260746305,30.0,7.356237
GASUSDT,SELL,LIMIT,1702260747368,5.8,7.354563
GASUSDT,SELL,LIMIT,1702260748405,643.2,7.371440
GASUSDT,SELL,LIMIT,1702260749429,61.4,7.341566
GASUSDT,SELL,LIMIT,1702260750677,88.8,7.325416
GASUSDT,SELL,LIMIT,1702260752042,94.6,7.322549
GASUSDT,SELL,LIMIT,1702260753063,2.6,7.307734
GASUSDT,SELL,LIMIT,1702260754326,38.1,7.305888
GASUSDT,SELL,LIMIT,1702260755450,54.1,7.308753
GASUSDT,SELL,LIMIT,1702260756491,43.0,7.284585
GASUSDT,SELL,LIMIT,1702260757523,319.8,7.283334
GASUSDT,SELL,LIMIT,1702260758535,6.2,7.262120
GASUSDT,SELL,LIMIT,1702260759704,206.9,7.255273
GASUSDT,SELL,LIMIT,1702260760684,8.7,7.249780
GASUSDT,SELL,LIMIT,1702260761710,2668.8,7.134924
GASUSDT,SELL,LIMIT,1702260762725,101.3,7.156022
GASUSDT,SELL,LIMIT,1702260763739,70.1,7.184539
GASUSDT,SELL,LIMIT,1702260764756,500.1,7.130948
GASUSDT,SELL,LIMIT,1702260765785,20.0,7.130547
GASUSDT,SELL,LIMIT,1702260766763,7.9,7.100298
GASUSDT,SELL,LIMIT,1702260767792,6.6,7.061754
GASUSDT,SELL,LIMIT,1702260768801,289.5,7.003557
GASUSDT,SELL,LIMIT,1702260769744,0.8,6.959222
GASUSDT,SELL,LIMIT,1702260770866,600.1,7.001431
GASUSDT,SELL,LIMIT,1702260771920,15.0,6.999810
GASUSDT,SELL,LIMIT,1702260772922,96.9,6.931541
GASUSDT,SELL,LIMIT,1702260774138,460.9,6.922328
GASUSDT,SELL,LIMIT,1702260775169,27.4,6.888604
GASUSDT,SELL,LIMIT,1702260776180,2.0,6.837378
GASUSDT,SELL,LIMIT,1702260777179,124.5,6.780871
GASUSDT,SELL,LIMIT,1702260778187,900.0,6.769456
GASUSDT,SELL,LIMIT,1702260779236,26.6,6.751501
GASUSDT,SELL,LIMIT,1702260780248,250.0,6.653085
GASUSDT,SELL,LIMIT,1702260781262,200.0,6.824390
GASUSDT,SELL,LIMIT,1702260782272,28.6,6.574354
GASUSDT,SELL,LIMIT,1702260783418,533.5,6.545437
GASUSDT,SELL,LIMIT,1702260784471,2200.0,6.501713
GASUSDT,SELL,LIMIT,1702260785469,1.0,6.503276
GASUSDT,SELL,LIMIT,1702260786584,91.4,6.494502
GASUSDT,SELL,LIMIT,1702260787594,27.0,6.450310
GASUSDT,SELL,LIMIT,1702260788601,29.2,6.476481
GASUSDT,SELL,LIMIT,1702260789640,248.7,6.523701
GASUSDT,SELL,LIMIT,1702260790677,211.0,6.522254
GASUSDT,SELL,LIMIT,1702260791868,64.0,6.472697
GASUSDT,SELL,LIMIT,1702260792936,366.2,6.516363
GASUSDT,SELL,LIMIT,1702260793987,50.8,6.519787
GASUSDT,SELL,LIMIT,1702260795563,1.9,6.575841
GASUSDT,SELL,LIMIT,1702260796612,24.7,6.577047
GASUSDT,SELL,LIMIT,1702260797744,80.0,6.593371
GASUSDT,SELL,LIMIT,1702260798816,49.2,6.535350
GASUSDT,SELL,LIMIT,1702260800163,1.3,6.538966
GASUSDT,SELL,LIMIT,1702260801173,116.5,6.591802
GASUSDT,SELL,LIMIT,1702260802195,120.0,6.508859
GASUSDT,SELL,LIMIT,1702260803360,126.0,6.481162
GASUSDT,SELL,LIMIT,1702260805345,300.0,6.609411
GASUSDT,SELL,LIMIT,1702260806478,160.2,6.625068
GASUSDT,SELL,LIMIT,1702260807498,99.2,6.556161
GASUSDT,SELL,LIMIT,1702260808538,27.6,6.626225
GASUSDT,SELL,LIMIT,1702260809946,132.8,6.636844
GASUSDT,SELL,LIMIT,1702260811411,137.0,6.636695
GASUSDT,SELL,LIMIT,1702260813108,2.8,6.784967
GASUSDT,SELL,LIMIT,1702260814379,64.9,6.627850
GASUSDT,SELL,LIMIT,1702260815485,27.5,6.639886
GASUSDT,BUY,LIMIT,1702260816688,230.7,6.908552
GASUSDT,SELL,LIMIT,1702260817983,323.0,6.822654
GASUSDT,SELL,LIMIT,1702260820176,12.7,6.716363
GASUSDT,SELL,LIMIT,1702260821284,6.2,6.672285
GASUSDT,SELL,LIMIT,1702260822755,5.9,6.674361
GASUSDT,SELL,LIMIT,1702260824087,91.3,6.731097
GASUSDT,SELL,LIMIT,1702260827045,109.1,6.668451
GASUSDT,SELL,LIMIT,1702260828632,19.1,6.697057
GASUSDT,SELL,LIMIT,1702260831999,280.0,6.702926
GASUSDT,BUY,LIMIT,1702260845161,146.9,6.992954
GASUSDT,BUY,LIMIT,1702260851168,125.4,7.013674
GASUSDT,BUY,LIMIT,1702260861356,0.7,7.066595
GASUSDT,BUY,LIMIT,1702260876267,52.3,7.117998
GASUSDT,BUY,LIMIT,1702260915757,25.0,7.162048
GASUSDT,SELL,LIMIT,1702260984156,297.4,6.990546
GASUSDT,BUY,LIMIT,1702261191306,46.6,7.284327
GASUSDT,BUY,LIMIT,1702261448127,40.4,7.336059
GASUSDT,SELL,LIMIT,1702261606212,5.0,7.033934
GASUSDT,BUY,LIMIT,1702261751204,37.9,7.338403
GASUSDT,SELL,LIMIT,1702262340609,1.9,7.114576
GASUSDT,SELL,LIMIT,1702262490982,224.7,7.107315
GASUSDT,SELL,LIMIT,1702262511493,138.1,7.091321
GASUSDT,SELL,LIMIT,1702262615562,16.4,7.057493
GASUSDT,SELL,LIMIT,1702262618181,2.4,7.052151
GASUSDT,SELL,LIMIT,1702262619890,5.0,7.048366
GASUSDT,SELL,LIMIT,1702262989276,99.6,7.059496
GASUSDT,SELL,LIMIT,1702263467656,3.1,7.108727
GASUSDT,BUY,LIMIT,1702264618733,45.2,7.428361
GASUSDT,BUY,LIMIT,1702265776642,6.6,7.541545
GASUSDT,SELL,LIMIT,1702266306683,38.3,7.300779
GASUSDT,SELL,LIMIT,1702266636208,19.9,7.269428
GASUSDT,SELL,LIMIT,1702266713744,31.6,7.281465
GASUSDT,SELL,LIMIT,1702267055993,77.6,7.364800
GASUSDT,SELL,LIMIT,1702268505511,2.5,7.265553
