Symbol,Side,Order Type,Time,Quantity,Price
GASUSDT,SELL,LIMIT,1701918536719,0.8,7.460622
GASUSDT,SELL,LIMIT,1701918562023,548.0,7.455047
GASUSDT,SELL,LIMIT,1701918658970,116.2,7.442222
GASUSDT,SELL,LIMIT,1701931165220,3.8,7.559876
GASUSDT,SELL,LIMIT,1701936873175,136.7,7.603401
GASUSDT,SELL,LIMIT,1701939727471,1.1,7.571337
GASUSDT,SELL,LIMIT,1701939976828,129.9,7.540647
GASUSDT,SELL,LIMIT,1701939999129,6.5,7.560947
GASUSDT,SELL,LIMIT,1701940036466,651.1,7.512759
GASUSDT,SELL,LIMIT,1701940456502,0.7,7.502359
GASUSDT,SELL,LIMIT,1701940475100,7.7,7.493767
GASUSDT,SELL,LIMIT,1701940516307,10.3,7.485788
GASUSDT,SELL,LIMIT,1701940557310,8.3,7.473651
GASUSDT,SELL,LIMIT,1701940565493,47.1,7.470195
GASUSDT,SELL,LIMIT,1701940568857,254.2,7.469998
GASUSDT,SELL,LIMIT,1701941017181,47.2,7.437993
GASUSDT,SELL,LIMIT,1701941066992,1487.1,7.377323
GASUSDT,SELL,LIMIT,1701941071552,0.7,7.420115
GASUSDT,SELL,LIMIT,1701941156508,9.1,7.421287
GASUSDT,SELL,LIMIT,1701941158712,242.6,7.407823
GASUSDT,SELL,LIMIT,1701941161534,19.9,7.400222
GASUSDT,SELL,LIMIT,1701941163501,7.8,7.396882
GASUSDT,SELL,LIMIT,1701941165345,331.7,7.385808
GASUSDT,SELL,LIMIT,1701941176573,19.9,7.377752
GASUSDT,SELL,LIMIT,1701941179307,83.1,7.367460
GASUSDT,SELL,LIMIT,1701941183161,2.1,7.366580
GASUSDT,SELL,LIMIT,1701941184558,261.1,7.452512
GASUSDT,SELL,LIMIT,1701941186417,2.1,7.392740
GASUSDT,SELL,LIMIT,1701941189291,191.3,7.357342
GASUSDT,SELL,LIMIT,1701941190924,486.3,7.346791
GASUSDT,SELL,LIMIT,1701941193316,161.6,7.341459
GASUSDT,SELL,LIMIT,1701941207111,158.6,7.366609
GASUSDT,SELL,LIMIT,1701941239423,38.8,7.333235
GASUSDT,SELL,LIMIT,1701941245274,53.9,7.334589
GASUSDT,SELL,LIMIT,1701941246443,334.9,7.333857
GASUSDT,SELL,LIMIT,1701941248825,7.5,7.331333
GASUSDT,SELL,LIMIT,1701941256248,47.3,7.332189
GASUSDT,SELL,LIMIT,1701942343596,59.9,7.500206
GASUSDT,BUY,LIMIT,1701943189569,52.3,7.817959
GASUSDT,SELL,LIMIT,1701943617990,1.4,7.542965
GASUSDT,SELL,LIMIT,1701943652891,71.5,7.533818
GASUSDT,SELL,LIMIT,1701943658662,20.4,7.529285
GASUSDT,BUY,LIMIT,1701945434467,3.1,7.816212
GASUSDT,BUY,LIMIT,1701945598955,48.4,7.840072
GASUSDT,BUY,LIMIT,1701946157419,204.9,7.888277
GASUSDT,BUY,LIMIT,1701946243933,161.2,7.903450
GASUSDT,SELL,LIMIT,1701946327791,0.9,7.617133
GASUSDT,SELL,LIMIT,1701946329808,489.3,7.612230
GASUSDT,SELL,LIMIT,1701947759997,12.9,7.576462
GASUSDT,SELL,LIMIT,1701947768762,496.9,7.571442
GASUSDT,BUY,LIMIT,1701951918598,10.3,7.793242
GASUSDT,BUY,LIMIT,1701953976590,0.1,7.818020
GASUSDT,SELL,LIMIT,1701957025122,6.8,7.508796
GASUSDT,SELL,LIMIT,1701957104592,11.1,7.506331
GASUSDT,SELL,LIMIT,1701959724424,63.6,7.553966
GASUSDT,BUY,LIMIT,1701959772486,3.5,7.791078
GASUSDT,BUY,LIMIT,1701960536053,4.2,7.795351
GASUSDT,BUY,LIMIT,1701960780104,6.5,7.800480
GASUSDT,SELL,LIMIT,1701962843976,38.1,7.625848
GASUSDT,SELL,LIMIT,1701963033735,105.0,7.626634
GASUSDT,SELL,LIMIT,1701964880674,6.4,7.581158
GASUSDT,SELL,LIMIT,1701964882719,50.2,7.577019
GASUSDT,SELL,LIMIT,1701964927364,2.0,7.563302
GASUSDT,SELL,LIMIT,1701965064710,34.9,7.636707
GASUSDT,SELL,LIMIT,1701965086399,170.4,7.592717
GASUSDT,SELL,LIMIT,1701965519430,33.8,7.701599
GASUSDT,SELL,LIMIT,1701966504807,61.6,7.651619
GASUSDT,BUY,LIMIT,1701969023300,147.5,7.900346
GASUSDT,BUY,LIMIT,1701969982940,654.4,7.923097
GASUSDT,BUY,LIMIT,1701969996753,2.6,7.925593
GASUSDT,BUY,LIMIT,1701970068118,52.4,7.933791
GASUSDT,BUY,LIMIT,1701970381920,3.3,7.946185
GASUSDT,SELL,LIMIT,1701970719625,248.6,7.723216
GASUSDT,SELL,LIMIT,1701971014023,24.3,7.680046
GASUSDT,SELL,LIMIT,1701971357064,9.0,7.666655
GASUSDT,SELL,LIMIT,1701973210053,6.6,7.647538
GASUSDT,SELL,LIMIT,1701974276880,32.1,7.612093
GASUSDT,SELL,LIMIT,1701974278047,38.6,7.609661
GASUSDT,SELL,LIMIT,1701974645829,28.7,7.596620
GASUSDT,SELL,LIMIT,1701974683244,11.1,7.589842
GASUSDT,SELL,LIMIT,1701976882833,26.1,7.584526
GASUSDT,SELL,LIMIT,1701977170218,4.6,7.572119
GASUSDT,SELL,LIMIT,1701977296133,31.5,7.565652
GASUSDT,SELL,LIMIT,1701977297184,449.6,7.565230
GASUSDT,SELL,LIMIT,1701977328962,233.5,7.555914
GASUSDT,SELL,LIMIT,1701981520420,9.5,7.559721
GASUSDT,SELL,LIMIT,1701981532201,360.1,7.556745
GASUSDT,SELL,LIMIT,1701981622936,0.9,7.550508
GASUSDT,BUY,LIMIT,1701983619966,5.4,7.843013
GASUSDT,SELL,LIMIT,1701988382121,284.1,7.655379
GASUSDT,SELL,LIMIT,1701988396446,39.4,7.604303
GASUSDT,SELL,LIMIT,1701988484073,399.7,7.586344
GASUSDT,BUY,LIMIT,1701988717545,53.9,7.834089
GASUSDT,BUY,LIMIT,1701994374095,49.1,7.924687
GASUSDT,BUY,LIMIT,1701995389208,626.4,7.937000
GASUSDT,BUY,LIMIT,1701997874121,7.7,7.988462
GASUSDT,BUY,LIMIT,1701998010608,21.1,8.006066
GASUSDT,BUY,LIMIT,1701998016295,55.0,8.013388
GASUSDT,BUY,LIMIT,1701998056009,17.3,8.037406
GASUSDT,BUY,LIMIT,1701998080163,115.9,8.061372
GASUSDT,BUY,LIMIT,1701998127725,260.1,8.074986
GASUSDT,SELL,LIMIT,1701998966002,20.3,7.729068
GASUSDT,SELL,LIMIT,1701999028206,7.1,7.722900
GASUSDT,SELL,LIMIT,1702000514906,41.8,7.707765
GASUSDT,SELL,LIMIT,1702000597147,20.3,7.689009
GASUSDT,SELL,LIMIT,1702002317294,314.5,7.635759
GASUSDT,SELL,LIMIT,1702003248339,23.4,7.618080
GASUSDT,SELL,LIMIT,1702003271159,200.0,7.614453
GASUSDT,SELL,LIMIT,1702003653419,31.0,8.019465
GASUSDT,SELL,LIMIT,1702003655197,71.8,7.606171
GASUSDT,SELL,LIMIT,1702003722478,0.6,7.601914
GASUSDT,BUY,LIMIT,1702005819398,17.4,7.726266
GASUSDT,SELL,LIMIT,1702006893216,191.1,7.643721
GASUSDT,SELL,LIMIT,1702011810485,10.0,7.720578
GASUSDT,BUY,LIMIT,1702015876055,8.5,7.932224
GASUSDT,BUY,LIMIT,1702016273787,66.1,7.959236
GASUSDT,BUY,LIMIT,1702018421714,103.0,7.974458
GASUSDT,BUY,LIMIT,1702019046150,0.2,8.018243
GASUSDT,SELL,LIMIT,1702020535928,1.8,7.761244
GASUSDT,SELL,LIMIT,1702020666061,635.0,7.746894
GASUSDT,SELL,LIMIT,1702020667300,19.8,7.715155
GASUSDT,SELL,LIMIT,1702020668529,121.2,7.711906
GASUSDT,SELL,LIMIT,1702022539375,1.3,7.702531
GASUSDT,SELL,LIMIT,1702022842409,4.2,7.686546
GASUSDT,SELL,LIMIT,1702023061556,65.5,7.677241
GASUSDT,SELL,LIMIT,1702025502449,31.8,7.696626
GASUSDT,SELL,LIMIT,1702025834382,22.1,7.685563
GASUSDT,BUY,LIMIT,1702027166171,10.6,7.956178
GASUSDT,SELL,LIMIT,1702029207858,49.5,7.716522
GASUSDT,SELL,LIMIT,1702036066184,2732.4,7.708790
GASUSDT,SELL,LIMIT,1702036079051,61.5,7.801807
GASUSDT,SELL,LIMIT,1702036109368,0.7,7.807064
GASUSDT,SELL,LIMIT,1702037164717,494.2,7.751951
GASUSDT,SELL,LIMIT,1702037291954,31.5,7.746531
GASUSDT,SELL,LIMIT,1702039196065,2.5,7.778000
GASUSDT,SELL,LIMIT,1702040388956,18.5,7.752796
GASUSDT,SELL,LIMIT,1702040483565,72.6,7.742264
GASUSDT,SELL,LIMIT,1702040528051,63.3,7.738061
GASUSDT,SELL,LIMIT,1702040762556,2.0,7.730849
GASUSDT,SELL,LIMIT,1702040805069,56.3,7.720929
GASUSDT,SELL,LIMIT,1702040988798,86.0,7.711882
GASUSDT,SELL,LIMIT,1702042271405,4.6,7.684179
GASUSDT,SELL,LIMIT,1702042273142,593.9,7.674677
GASUSDT,SELL,LIMIT,1702043856953,243.6,7.673364
GASUSDT,SELL,LIMIT,1702044413557,632.9,7.674136
GASUSDT,SELL,LIMIT,1702044504056,9.8,7.656343
GASUSDT,SELL,LIMIT,1702046539268,0.8,7.728999
GASUSDT,BUY,LIMIT,1702051340968,16.9,8.002726
GASUSDT,SELL,LIMIT,1702055007280,11.4,7.749821
GASUSDT,SELL,LIMIT,1702055236419,11.9,7.738813
GASUSDT,SELL,LIMIT,1702055259400,101.0,7.731578
GASUSDT,SELL,LIMIT,1702056527175,509.0,7.710548
GASUSDT,BUY,LIMIT,1702057037079,210.9,7.976581
GASUSDT,BUY,LIMIT,1702064702112,230.8,7.999064
GASUSDT,BUY,LIMIT,1702065989841,2.5,8.038944
GASUSDT,BUY,LIMIT,1702066428575,8.0,8.066161
GASUSDT,BUY,LIMIT,1702066431030,569.4,8.066575
GASUSDT,SELL,LIMIT,1702071736574,13.1,7.788086
GASUSDT,SELL,LIMIT,1702080235762,256.0,7.835567
GASUSDT,BUY,LIMIT,1702080420735,25.2,8.071280
GASUSDT,BUY,LIMIT,1702083383728,159.7,8.106641
GASUSDT,BUY,LIMIT,1702083389233,16.3,8.110406
GASUSDT,BUY,LIMIT,1702083432425,1.7,8.126234
GASUSDT,BUY,LIMIT,1702083919917,0.7,8.212786
GASUSDT,BUY,LIMIT,1702083949533,79.1,8.213173
GASUSDT,BUY,LIMIT,1702083950888,25.9,8.216761
GASUSDT,BUY,LIMIT,1702083959446,3.2,8.219136
GASUSDT,BUY,LIMIT,1702083972184,3.2,8.229420
GASUSDT,BUY,LIMIT,1702084003432,214.4,8.280469
GASUSDT,BUY,LIMIT,1702084340477,68.6,8.316587
GASUSDT,BUY,LIMIT,1702084468163,84.1,8.338953
GASUSDT,BUY,LIMIT,1702084601260,2.1,8.355370
GASUSDT,BUY,LIMIT,1702084701155,318.7,8.366102
GASUSDT,BUY,LIMIT,1702085278612,88.9,8.392655
GASUSDT,BUY,LIMIT,1702085340130,1.3,8.424873
GASUSDT,BUY,LIMIT,1702085342000,7.4,8.428541
GASUSDT,SELL,LIMIT,1702085898739,300.2,8.131264
GASUSDT,BUY,LIMIT,1702086534191,6.0,8.336195
GASUSDT,SELL,LIMIT,1702086845724,12.6,8.047999
GASUSDT,SELL,LIMIT,1702086853593,217.0,8.045209
GASUSDT,SELL,LIMIT,1702087205788,6.7,8.013136
GASUSDT,BUY,LIMIT,1702087838841,4.8,8.320139
GASUSDT,BUY,LIMIT,1702087935529,5.5,8.345729
GASUSDT,SELL,LIMIT,1702090425306,15.2,8.042010
GASUSDT,SELL,LIMIT,1702090698040,26.9,8.029257
GASUSDT,SELL,LIMIT,1702091756252,645.3,8.013631
GASUSDT,SELL,LIMIT,1702091929024,10.0,8.026766
GASUSDT,SELL,LIMIT,1702098938240,20.6,8.009036
GASUSDT,SELL,LIMIT,1702099198248,1.8,7.993276
GASUSDT,SELL,LIMIT,1702099943734,8.6,8.014988
GASUSDT,SELL,LIMIT,1702100957845,40.0,8.045514
GASUSDT,SELL,LIMIT,1702102339132,7.0,8.042168
GASUSDT,SELL,LIMIT,1702102387343,51.2,8.028554
GASUSDT,SELL,LIMIT,1702105676066,290.1,8.077727
GASUSDT,BUY,LIMIT,1702105689884,12.2,8.326325
GASUSDT,SELL,LIMIT,1702106509464,0.7,8.055005
GASUSDT,SELL,LIMIT,1702106617195,26.0,8.044172
GASUSDT,BUY,LIMIT,1702109006159,4.2,8.211862
GASUSDT,BUY,LIMIT,1702109244834,10.2,8.315518
GASUSDT,BUY,LIMIT,1702109723343,0.7,8.307685
GASUSDT,BUY,LIMIT,1702109780750,1.3,8.313408
GASUSDT,SELL,LIMIT,1702110720511,1.0,8.036742
GASUSDT,SELL,LIMIT,1702110723333,21.3,8.031181
GASUSDT,SELL,LIMIT,1702110750802,579.6,8.027397
GASUSDT,SELL,LIMIT,1702110854154,152.8,8.017859
GASUSDT,SELL,LIMIT,1702110874055,17.7,7.995580
GASUSDT,SELL,LIMIT,1702110876494,16.9,7.992564
GASUSDT,SELL,LIMIT,1702110898774,613.7,7.988841
GASUSDT,SELL,LIMIT,1702110902210,12.2,7.981267
GASUSDT,SELL,LIMIT,1702110903938,25.7,7.975150
GASUSDT,SELL,LIMIT,1702110905214,127.4,7.970921
GASUSDT,SELL,LIMIT,1702110906226,4.2,7.967960
GASUSDT,SELL,LIMIT,1702110912359,50.6,7.959587
GASUSDT,SELL,LIMIT,1702110968125,310.3,7.956937
GASUSDT,SELL,LIMIT,1702110974104,183.6,7.951108
GASUSDT,SELL,LIMIT,1702110975198,2.4,7.944992
GASUSDT,SELL,LIMIT,1702110977804,182.3,7.935420
GASUSDT,SELL,LIMIT,1702110979325,30.5,7.931056
GASUSDT,SELL,LIMIT,1702110980837,153.6,7.921556
GASUSDT,SELL,LIMIT,1702111029403,109.2,7.962655
GASUSDT,SELL,LIMIT,1702111030460,1.7,7.908714
GASUSDT,SELL,LIMIT,1702111034572,36.6,7.903319
GASUSDT,SELL,LIMIT,1702111035864,1.0,7.905010
GASUSDT,SELL,LIMIT,1702111038383,457.2,7.902955
GASUSDT,SELL,LIMIT,1702111044042,5.2,7.892091
GASUSDT,SELL,LIMIT,1702111045332,61.0,7.879594
GASUSDT,SELL,LIMIT,1702111046533,100.0,7.875727
GASUSDT,SELL,LIMIT,1702111048295,5.0,7.838563
GASUSDT,SELL,LIMIT,1702111049719,19.1,7.846062
GASUSDT,SELL,LIMIT,1702111375579,131.4,7.828776
GASUSDT,SELL,LIMIT,1702111377147,290.4,7.822550
GASUSDT,SELL,LIMIT,1702111383131,20.4,7.815412
GASUSDT,SELL,LIMIT,1702111386568,367.6,7.816018
GASUSDT,SELL,LIMIT,1702111389383,20.8,7.803288
GASUSDT,SELL,LIMIT,1702111390457,2.1,7.789085
GASUSDT,SELL,LIMIT,1702111391653,45.2,7.788151
GASUSDT,BUY,LIMIT,1702113444408,75.7,8.182167
GASUSDT,BUY,LIMIT,1702113748205,1.6,8.192705
GASUSDT,BUY,LIMIT,1702114208158,52.1,8.225106
GASUSDT,BUY,LIMIT,1702114337398,148.0,8.288389
GASUSDT,BUY,LIMIT,1702114343995,57.5,8.300569
GASUSDT,SELL,LIMIT,1702115613334,16.1,7.949895
GASUSDT,SELL,LIMIT,1702115620639,40.0,7.941309
GASUSDT,SELL,LIMIT,1702116379125,0.8,7.990131
GASUSDT,BUY,LIMIT,1702119251115,4.9,8.156740
GASUSDT,SELL,LIMIT,1702121346731,180.3,7.990481
GASUSDT,SELL,LIMIT,1702122333872,58.9,7.968922
GASUSDT,SELL,LIMIT,1702122374071,4.3,7.967023
GASUSDT,SELL,LIMIT,1702125870425,135.3,7.977859
GASUSDT,SELL,LIMIT,1702125883551,50.0,7.989827
GASUSDT,BUY,LIMIT,1702126217338,6.4,8.289954
GASUSDT,SELL,LIMIT,1702132383130,4.3,8.004430
GASUSDT,SELL,LIMIT,1702132457418,1.1,7.990056
GASUSDT,SELL,LIMIT,1702132593702,25.6,7.981424
GASUSDT,SELL,LIMIT,1702132677907,15.9,7.954577
GASUSDT,SELL,LIMIT,1702132800217,61.2,7.947801
GASUSDT,SELL,LIMIT,1702132989790,48.1,7.926981
GASUSDT,SELL,LIMIT,1702133002254,27.1,7.896688
GASUSDT,SELL,LIMIT,1702133003421,3.1,7.903287
GASUSDT,SELL,LIMIT,1702133005985,27.7,7.902089
GASUSDT,SELL,LIMIT,1702133007807,64.2,7.888512
GASUSDT,BUY,LIMIT,1702133133191,25.8,8.169253
