Symbol,Side,Order Type,Time,Quantity,Price
GASUSDT,BUY,LIMIT,1701065448362,5.6,8.391161
GASUSDT,SELL,LIMIT,1701067259439,120.1,8.140650
GASUSDT,BUY,LIMIT,1701067289746,141.2,8.380078
GASUSDT,SELL,LIMIT,1701067543675,1.3,8.261422
GASUSDT,SELL,LIMIT,1701067552202,42.7,8.186571
GASUSDT,SELL,LIMIT,1701067684130,37.7,8.119093
GASUSDT,SELL,LIMIT,1701067746109,30.0,8.118295
GASUSDT,SELL,LIMIT,1701067750374,228.6,8.117386
GASUSDT,BUY,LIMIT,1701067751883,4.2,8.363104
GASUSDT,SELL,LIMIT,1701067827396,11.8,8.110831
GASUSDT,SELL,LIMIT,1701067837745,4.7,8.106551
GASUSDT,SELL,LIMIT,1701067865009,540.5,8.094731
GASUSDT,SELL,LIMIT,1701067871120,596.3,8.091056
GASUSDT,SELL,LIMIT,1701068022904,1.6,8.102611
GASUSDT,SELL,LIMIT,1701068053390,3.1,8.125312
GASUSDT,SELL,LIMIT,1701068054400,278.5,8.099656
GASUSDT,SELL,LIMIT,1701068087469,7.5,8.086139
GASUSDT,SELL,LIMIT,1701068088501,4.7,8.084697
GASUSDT,SELL,LIMIT,1701068089795,151.7,8.082918
GASUSDT,SELL,LIMIT,1701068092640,94.3,8.077986
GASUSDT,SELL,LIMIT,1701068095452,4.7,8.076415
GASUSDT,SELL,LIMIT,1701068096554,9.6,8.075577
GASUSDT,SELL,LIMIT,1701068097765,88.1,8.066667
GASUSDT,SELL,LIMIT,1701068102298,2.9,8.062232
GASUSDT,SELL,LIMIT,1701068111384,8.8,8.058343
GASUSDT,SELL,LIMIT,1701068112405,215.9,8.059689
GASUSDT,SELL,LIMIT,1701068120250,39.5,8.052700
GASUSDT,SELL,LIMIT,1701068121564,200.0,8.049026
GASUSDT,SELL,LIMIT,1701068122760,23.9,8.046638
GASUSDT,SELL,LIMIT,1701068151923,49.0,8.039796
GASUSDT,SELL,LIMIT,1701068153285,50.2,8.039325
GASUSDT,SELL,LIMIT,1701068154617,26.0,8.035779
GASUSDT,SELL,LIMIT,1701068158680,6.2,8.033347
GASUSDT,SELL,LIMIT,1701068163083,11.2,8.031601
GASUSDT,SELL,LIMIT,1701068164617,4.3,8.033804
GASUSDT,SELL,LIMIT,1701068378168,29.7,8.028974
GASUSDT,SELL,LIMIT,1701068380138,2165.8,7.967830
GASUSDT,SELL,LIMIT,1701068381355,2.7,8.026941
GASUSDT,SELL,LIMIT,1701068385714,14.5,8.022826
GASUSDT,SELL,LIMIT,1701068386793,7.0,8.022097
GASUSDT,SELL,LIMIT,1701068388220,8.4,8.018874
GASUSDT,SELL,LIMIT,1701068402827,23.7,8.015030
GASUSDT,SELL,LIMIT,1701068405693,18.5,8.014114
GASUSDT,SELL,LIMIT,1701068997849,1.8,8.446314
GASUSDT,SELL,LIMIT,1701069011179,15.3,8.069787
GASUSDT,SELL,LIMIT,1701069193268,141.6,8.049421
GASUSDT,SELL,LIMIT,1701069210455,269.2,8.047451
GASUSDT,SELL,LIMIT,1701069441966,275.7,8.023673
GASUSDT,SELL,LIMIT,1701069443196,0.8,8.019452
GASUSDT,SELL,LIMIT,1701069444359,0.9,8.018319
GASUSDT,SELL,LIMIT,1701069452918,1235.1,7.969669
GASUSDT,SELL,LIMIT,1701069455753,62.5,8.005836
GASUSDT,SELL,LIMIT,1701069510970,154.7,8.003825
GASUSDT,SELL,LIMIT,1701069512164,2.6,8.002297
GASUSDT,SELL,LIMIT,1701069513260,142.9,8.001097
GASUSDT,SELL,LIMIT,1701069514408,1.5,7.998424
GASUSDT,SELL,LIMIT,1701069515732,88.0,7.995517
GASUSDT,SELL,LIMIT,1701069516792,299.9,7.996115
GASUSDT,SELL,LIMIT,1701069517965,158.4,7.993257
GASUSDT,SELL,LIMIT,1701069519038,22.1,7.990962
GASUSDT,SELL,LIMIT,1701069520244,182.0,7.988796
GASUSDT,SELL,LIMIT,1701069526309,229.6,7.989336
GASUSDT,SELL,LIMIT,1701069550283,23.4,7.987440
GASUSDT,SELL,LIMIT,1701069551692,6.8,7.987169
GASUSDT,SELL,LIMIT,1701069553020,545.3,7.979486
GASUSDT,SELL,LIMIT,1701069554188,25.0,7.967059
GASUSDT,SELL,LIMIT,1701069555223,1.3,7.973271
GASUSDT,SELL,LIMIT,1701069558847,33.9,7.958839
GASUSDT,SELL,LIMIT,1701069560116,170.0,7.958609
GASUSDT,SELL,LIMIT,1701069561766,308.1,7.956858
GASUSDT,SELL,LIMIT,1701069575248,216.1,7.962741
GASUSDT,SELL,LIMIT,1701069578078,2.5,7.961756
GASUSDT,SELL,LIMIT,1701069634180,14.7,7.974561
GASUSDT,SELL,LIMIT,1701069757811,468.6,7.984878
GASUSDT,SELL,LIMIT,1701069794351,35.4,7.976476
GASUSDT,SELL,LIMIT,1701069797839,42.9,8.005552
GASUSDT,SELL,LIMIT,1701069801625,19.1,7.971606
GASUSDT,SELL,LIMIT,1701069806231,35.5,7.969755
GASUSDT,SELL,LIMIT,1701069836256,11.0,7.957816
GASUSDT,SELL,LIMIT,1701069849681,1.0,7.958801
GASUSDT,SELL,LIMIT,1701069851393,15.0,7.955708
GASUSDT,SELL,LIMIT,1701069852623,21.2,7.950583
GASUSDT,SELL,LIMIT,1701069854260,0.8,7.946669
GASUSDT,SELL,LIMIT,1701069859799,12.0,7.945011
GASUSDT,SELL,LIMIT,1701069860987,20.0,7.943041
GASUSDT,SELL,LIMIT,1701069876097,11.2,7.942791
GASUSDT,SELL,LIMIT,1701069877191,144.8,7.941065
GASUSDT,SELL,LIMIT,1701069878899,540.6,7.940899
GASUSDT,SELL,LIMIT,1701069881288,1954.2,7.886036
GASUSDT,SELL,LIMIT,1701069883317,587.3,7.939215
GASUSDT,SELL,LIMIT,1701069885541,528.0,7.936467
GASUSDT,SELL,LIMIT,1701069890159,39.2,7.934585
GASUSDT,SELL,LIMIT,1701069891217,1803.0,7.880868
GASUSDT,SELL,LIMIT,1701069892315,11.9,7.928577
GASUSDT,SELL,LIMIT,1701069894110,130.9,7.923944
GASUSDT,SELL,LIMIT,1701069895344,35.4,7.921461
GASUSDT,SELL,LIMIT,1701069897415,440.7,7.919275
GASUSDT,SELL,LIMIT,1701069898440,606.4,7.916849
GASUSDT,SELL,LIMIT,1701069899561,2.2,7.915830
GASUSDT,SELL,LIMIT,1701070168185,76.9,7.938656
GASUSDT,SELL,LIMIT,1701070170539,7.0,7.930479
GASUSDT,SELL,LIMIT,1701070172265,1663.8,7.868088
GASUSDT,SELL,LIMIT,1701070174167,7.8,7.916750
GASUSDT,SELL,LIMIT,1701070356265,395.3,7.958801
GASUSDT,SELL,LIMIT,1701070439190,10.4,7.931053
GASUSDT,SELL,LIMIT,1701070440351,4.7,8.113542
GASUSDT,SELL,LIMIT,1701070441484,777.7,7.909143
GASUSDT,SELL,LIMIT,1701071007716,280.8,7.978501
GASUSDT,BUY,LIMIT,1701071772033,61.7,8.260380
GASUSDT,BUY,LIMIT,1701072590212,448.4,8.298048
GASUSDT,SELL,LIMIT,1701074357119,352.1,8.030138
GASUSDT,SELL,LIMIT,1701074559515,10.9,8.004395
GASUSDT,SELL,LIMIT,1701074561172,1.1,8.001472
GASUSDT,SELL,LIMIT,1701074869206,6.1,7.989546
GASUSDT,SELL,LIMIT,1701075370859,6.2,7.964711
GASUSDT,BUY,LIMIT,1701075824138,12.3,8.244063
GASUSDT,BUY,LIMIT,1701075941438,59.1,8.249871
GASUSDT,SELL,LIMIT,1701076247502,151.9,7.989336
GASUSDT,BUY,LIMIT,1701076432843,5.7,8.273081
GASUSDT,SELL,LIMIT,1701076887849,3.0,7.992138
GASUSDT,SELL,LIMIT,1701079768822,15.4,7.995435
GASUSDT,SELL,LIMIT,1701080514357,28.5,7.936641
GASUSDT,SELL,LIMIT,1701080521626,122.1,7.933191
GASUSDT,SELL,LIMIT,1701080650654,74.3,7.931906
GASUSDT,SELL,LIMIT,1701080668308,184.3,7.917625
GASUSDT,SELL,LIMIT,1701080672330,1.5,7.914242
GASUSDT,SELL,LIMIT,1701080753055,25.2,7.917431
GASUSDT,SELL,LIMIT,1701080757687,14.5,7.916446
GASUSDT,SELL,LIMIT,1701081257072,44.8,7.932439
GASUSDT,SELL,LIMIT,1701081288081,18.3,7.928344
GASUSDT,SELL,LIMIT,1701081330106,0.7,7.923341
GASUSDT,SELL,LIMIT,1701081453363,122.4,7.947264
GASUSDT,SELL,LIMIT,1701081459885,45.3,7.907999
GASUSDT,SELL,LIMIT,1701081493885,602.9,7.898403
GASUSDT,SELL,LIMIT,1701081495209,4.7,7.897228
GASUSDT,SELL,LIMIT,1701081497051,130.3,7.888426
GASUSDT,SELL,LIMIT,1701081498108,3.0,7.875879
GASUSDT,SELL,LIMIT,1701081499222,15.7,7.860820
GASUSDT,SELL,LIMIT,1701081610120,375.0,7.864889
GASUSDT,SELL,LIMIT,1701082016713,43.7,7.903950
GASUSDT,BUY,LIMIT,1701082043105,508.2,8.186009
GASUSDT,BUY,LIMIT,1701082058319,92.5,8.195657
GASUSDT,BUY,LIMIT,1701082059372,101.0,8.194991
GASUSDT,SELL,LIMIT,1701082124569,605.8,7.955846
GASUSDT,BUY,LIMIT,1701082239423,169.5,8.231324
GASUSDT,BUY,LIMIT,1701082251386,156.5,8.246110
GASUSDT,SELL,LIMIT,1701082476084,2.5,7.975184
GASUSDT,SELL,LIMIT,1701082622540,6.8,7.963167
GASUSDT,BUY,LIMIT,1701083455198,42.0,8.237741
GASUSDT,SELL,LIMIT,1701083640886,7.9,7.992874
GASUSDT,SELL,LIMIT,1701083755595,12.3,7.948962
GASUSDT,BUY,LIMIT,1701083975268,31.7,8.206810
GASUSDT,SELL,LIMIT,1701084599284,61.7,7.930799
GASUSDT,SELL,LIMIT,1701084601053,0.7,7.928327
GASUSDT,SELL,LIMIT,1701084602266,1.1,8.034178
GASUSDT,SELL,LIMIT,1701084613079,16.8,7.923934
GASUSDT,SELL,LIMIT,1701084614425,34.9,7.918910
GASUSDT,SELL,LIMIT,1701084615566,20.7,7.916664
GASUSDT,SELL,LIMIT,1701084648300,50.1,7.914476
GASUSDT,SELL,LIMIT,1701084931342,96.3,7.926459
GASUSDT,BUY,LIMIT,1701085026210,4.9,8.221248
GASUSDT,SELL,LIMIT,1701086705751,168.7,7.999725
GASUSDT,SELL,LIMIT,1701086710319,18.6,7.974660
GASUSDT,SELL,LIMIT,1701086718455,304.9,7.979690
GASUSDT,SELL,LIMIT,1701087388752,309.1,7.961350
GASUSDT,SELL,LIMIT,1701087398723,55.0,7.954372
GASUSDT,BUY,LIMIT,1701088316559,23.3,8.242257
GASUSDT,BUY,LIMIT,1701089269713,83.4,8.259380
GASUSDT,BUY,LIMIT,1701089335031,214.9,8.264434
GASUSDT,BUY,LIMIT,1701089504507,9.6,8.273800
GASUSDT,SELL,LIMIT,1701092010915,457.8,7.984692
GASUSDT,SELL,LIMIT,1701092592887,5.3,7.965329
GASUSDT,SELL,LIMIT,1701092630954,52.7,7.958871
GASUSDT,SELL,LIMIT,1701093054116,350.2,7.952911
GASUSDT,SELL,LIMIT,1701093136601,18.7,7.931121
GASUSDT,BUY,LIMIT,1701093274096,12.9,8.232280
GASUSDT,BUY,LIMIT,1701093277919,17.9,8.237560
GASUSDT,SELL,LIMIT,1701094237121,67.8,7.958054
GASUSDT,SELL,LIMIT,1701094477227,4.3,7.950836
GASUSDT,SELL,LIMIT,1701094575068,1.6,7.923500
GASUSDT,SELL,LIMIT,1701095012205,240.0,7.910328
GASUSDT,SELL,LIMIT,1701095563206,140.2,7.899154
GASUSDT,SELL,LIMIT,1701095577144,28.8,7.891626
GASUSDT,SELL,LIMIT,1701095578496,123.2,7.891382
GASUSDT,SELL,LIMIT,1701095580214,61.4,7.889794
GASUSDT,SELL,LIMIT,1701095612045,49.9,7.887995
GASUSDT,BUY,LIMIT,1701095685128,210.0,8.176280
GASUSDT,SELL,LIMIT,1701096736038,2.8,7.883189
GASUSDT,SELL,LIMIT,1701096737159,18.1,7.884148
GASUSDT,SELL,LIMIT,1701096774121,141.6,7.885911
GASUSDT,SELL,LIMIT,1701096835510,6.6,7.936961
GASUSDT,SELL,LIMIT,1701096943284,19.7,7.881143
GASUSDT,SELL,LIMIT,1701096960114,29.9,7.877868
GASUSDT,SELL,LIMIT,1701097015743,12.0,7.870361
GASUSDT,SELL,LIMIT,1701097021514,292.3,7.865226
GASUSDT,SELL,LIMIT,1701097062340,7.1,7.862302
GASUSDT,SELL,LIMIT,1701097064071,132.4,7.861137
GASUSDT,SELL,LIMIT,1701097067479,12.6,7.858617
GASUSDT,SELL,LIMIT,1701097091983,469.6,7.855943
GASUSDT,SELL,LIMIT,1701097094298,7.9,7.855036
GASUSDT,SELL,LIMIT,1701097097240,23.2,7.850762
GASUSDT,SELL,LIMIT,1701097098904,133.9,7.845212
GASUSDT,SELL,LIMIT,1701097101128,198.4,7.842571
GASUSDT,SELL,LIMIT,1701097102125,11.4,7.845114
GASUSDT,SELL,LIMIT,1701097272453,101.0,7.864307
GASUSDT,BUY,LIMIT,1701097367306,26.9,8.143466
GASUSDT,BUY,LIMIT,1701097464346,12.1,8.183267
GASUSDT,SELL,LIMIT,1701099968306,478.5,7.888866
GASUSDT,SELL,LIMIT,1701100059326,330.2,7.874017
GASUSDT,SELL,LIMIT,1701100075167,71.5,7.868959
GASUSDT,SELL,LIMIT,1701100084228,622.7,7.868181
GASUSDT,SELL,LIMIT,1701100125893,623.6,7.868722
GASUSDT,SELL,LIMIT,1701100127850,621.5,7.868614
GASUSDT,SELL,LIMIT,1701100150612,1.4,7.858863
GASUSDT,SELL,LIMIT,1701100216821,5.0,7.854083
GASUSDT,SELL,LIMIT,1701100219400,8.0,7.852906
GASUSDT,SELL,LIMIT,1701100221245,273.1,7.848475
GASUSDT,SELL,LIMIT,1701100523135,3.4,7.883211
GASUSDT,SELL,LIMIT,1701100524138,13.4,7.892690
GASUSDT,SELL,LIMIT,1701100530554,381.3,7.858331
GASUSDT,SELL,LIMIT,1701100536540,4.2,7.929314
GASUSDT,SELL,LIMIT,1701100546147,10.6,7.853406
GASUSDT,SELL,LIMIT,1701100565011,202.8,7.871349
GASUSDT,SELL,LIMIT,1701100570087,0.8,7.844589
GASUSDT,SELL,LIMIT,1701100573245,61.6,7.842288
GASUSDT,SELL,LIMIT,1701100574359,100.0,7.840558
GASUSDT,SELL,LIMIT,1701100576054,2.2,7.835958
GASUSDT,SELL,LIMIT,1701100605347,18.6,7.828373
GASUSDT,SELL,LIMIT,1701100606830,70.7,7.827504
GASUSDT,SELL,LIMIT,1701100614299,15.9,7.825378
GASUSDT,SELL,LIMIT,1701100624523,66.3,7.825345
GASUSDT,SELL,LIMIT,1701100632891,0.7,7.845720
GASUSDT,SELL,LIMIT,1701100641187,14.2,7.820060
GASUSDT,SELL,LIMIT,1701100642666,14.6,7.813245
GASUSDT,SELL,LIMIT,1701100643995,171.4,7.806179
GASUSDT,SELL,LIMIT,1701100645910,14.7,7.811085
GASUSDT,SELL,LIMIT,1701100793285,90.3,7.868068
GASUSDT,SELL,LIMIT,1701100815109,561.7,7.827350
GASUSDT,SELL,LIMIT,1701101070247,19.0,7.855520
GASUSDT,BUY,LIMIT,1701101822256,14.5,8.116778
GASUSDT,SELL,LIMIT,1701102083439,271.3,7.877046
GASUSDT,BUY,LIMIT,1701102086116,0.5,6.609249
GASUSDT,BUY,LIMIT,1701102455751,10.9,8.135610
GASUSDT,BUY,LIMIT,1701103101678,1.6,8.171292
GASUSDT,BUY,LIMIT,1701103477812,0.7,8.183163
GASUSDT,BUY,LIMIT,1701104951863,5.8,8.220024
GASUSDT,BUY,LIMIT,1701104968097,3.5,8.225053
GASUSDT,BUY,LIMIT,1701105113118,5.1,8.231739
GASUSDT,BUY,LIMIT,1701105159037,7.1,8.236684
GASUSDT,SELL,LIMIT,1701107140264,499.5,7.951200
GASUSDT,SELL,LIMIT,1701107142281,6.0,7.949866
GASUSDT,SELL,LIMIT,1701107442288,617.7,7.930383
GASUSDT,SELL,LIMIT,1701107455855,10.5,7.916446
GASUSDT,SELL,LIMIT,1701107470762,1.4,7.911118
GASUSDT,SELL,LIMIT,1701107473813,6.6,7.903701
GASUSDT,SELL,LIMIT,1701111073021,139.7,7.923341
GASUSDT,SELL,LIMIT,1701111177210,1.2,7.902337
GASUSDT,SELL,LIMIT,1701111199975,19.4,7.897046
GASUSDT,SELL,LIMIT,1701111203439,4.5,7.893044
GASUSDT,SELL,LIMIT,1701111218761,6.2,7.890320
GASUSDT,SELL,LIMIT,1701111222463,93.8,7.888478
GASUSDT,SELL,LIMIT,1701111239147,10.0,7.886745
GASUSDT,SELL,LIMIT,1701111555300,105.6,7.874921
GASUSDT,SELL,LIMIT,1701111564228,113.8,7.873787
GASUSDT,SELL,LIMIT,1701111567379,420.5,7.868239
GASUSDT,SELL,LIMIT,1701111581053,491.8,7.867980
GASUSDT,SELL,LIMIT,1701111647262,20.6,7.867196
GASUSDT,SELL,LIMIT,1701111874376,11.6,7.882956
GASUSDT,SELL,LIMIT,1701111887165,82.6,7.905510
GASUSDT,SELL,LIMIT,1701111921202,75.8,7.877046
GASUSDT,SELL,LIMIT,1701112057906,1642.9,7.809959
GASUSDT,SELL,LIMIT,1701112127227,123.6,7.846139
GASUSDT,SELL,LIMIT,1701112128298,4.9,7.845088
GASUSDT,SELL,LIMIT,1701112159192,12.0,7.841966
GASUSDT,SELL,LIMIT,1701112181219,18.6,7.829899
GASUSDT,SELL,LIMIT,1701112185104,6.5,7.828241
GASUSDT,SELL,LIMIT,1701114102217,60.0,7.835832
GASUSDT,SELL,LIMIT,1701114141407,56.0,7.826567
GASUSDT,SELL,LIMIT,1701114142442,67.2,7.828365
GASUSDT,SELL,LIMIT,1701114163682,55.4,7.811377
GASUSDT,SELL,LIMIT,1701114195984,153.7,7.814015
GASUSDT,SELL,LIMIT,1701114201251,17.3,7.809865
GASUSDT,SELL,LIMIT,1701114202416,521.5,7.813754
GASUSDT,SELL,LIMIT,1701114217309,4.7,7.810176
GASUSDT,SELL,LIMIT,1701114222788,804.0,7.790071
GASUSDT,SELL,LIMIT,1701114233166,88.9,7.801757
GASUSDT,SELL,LIMIT,1701114235211,12.1,7.800348
GASUSDT,SELL,LIMIT,1701114237123,71.0,7.794631
GASUSDT,SELL,LIMIT,1701114238283,1.5,7.794071
GASUSDT,SELL,LIMIT,1701114239610,831.0,7.765544
GASUSDT,SELL,LIMIT,1701114241261,275.2,7.775028
GASUSDT,SELL,LIMIT,1701114261056,83.9,7.777250
GASUSDT,SELL,LIMIT,1701114263874,59.8,7.774629
GASUSDT,SELL,LIMIT,1701114277168,11.7,7.771520
GASUSDT,SELL,LIMIT,1701114279589,37.1,7.768905
GASUSDT,SELL,LIMIT,1701114341996,33.1,7.772075
GASUSDT,SELL,LIMIT,1701114345046,4.4,7.770191
GASUSDT,SELL,LIMIT,1701114354008,18.0,7.767971
GASUSDT,SELL,LIMIT,1701114455932,50.6,7.770540
GASUSDT,SELL,LIMIT,1701114462186,3.1,7.760281
GASUSDT,SELL,LIMIT,1701114463353,3.0,7.763524
GASUSDT,SELL,LIMIT,1701114465222,285.5,7.759045
GASUSDT,SELL,LIMIT,1701114466987,63.4,7.755749
GASUSDT,SELL,LIMIT,1701114468004,2.0,7.755348
GASUSDT,SELL,LIMIT,1701114469297,8.7,7.752499
GASUSDT,SELL,LIMIT,1701114471288,97.6,7.748305
GASUSDT,SELL,LIMIT,1701114472362,26.8,7.749171
GASUSDT,SELL,LIMIT,1701114474089,4.5,7.748996
GASUSDT,SELL,LIMIT,1701114475655,23.9,7.748135
GASUSDT,SELL,LIMIT,1701114476660,81.4,7.746280
GASUSDT,SELL,LIMIT,1701114478905,31.4,7.745993
GASUSDT,SELL,LIMIT,1701114494468,8000.0,7.553467
GASUSDT,SELL,LIMIT,1701114495857,68.8,7.743727
GASUSDT,SELL,LIMIT,1701114497102,4.1,7.733264
GASUSDT,SELL,LIMIT,1701114498146,48.4,7.736645
GASUSDT,SELL,LIMIT,1701114527088,3.1,7.738699
GASUSDT,SELL,LIMIT,1701114531718,3.9,7.772740
GASUSDT,SELL,LIMIT,1701114565964,1.6,7.738161
GASUSDT,BUY,LIMIT,1701115879300,34.3,8.072807
GASUSDT,SELL,LIMIT,1701116548912,590.6,7.805911
GASUSDT,SELL,LIMIT,1701116768669,165.2,7.794453
GASUSDT,SELL,LIMIT,1701116890301,3.0,7.758578
GASUSDT,SELL,LIMIT,1701117177593,88.8,7.775834
GASUSDT,SELL,LIMIT,1701117185772,632.1,7.767069
GASUSDT,SELL,LIMIT,1701117187250,213.6,7.764383
GASUSDT,SELL,LIMIT,1701117217216,3.7,7.766173
GASUSDT,SELL,LIMIT,1701117270200,593.0,7.761801
GASUSDT,BUY,LIMIT,1701119919026,1.9,8.110122
GASUSDT,SELL,LIMIT,1701121738721,6.9,7.890836
GASUSDT,SELL,LIMIT,1701121839062,112.5,7.881106
GASUSDT,BUY,LIMIT,1701122497323,18.8,8.152378
GASUSDT,BUY,LIMIT,1701122623147,25.4,8.158806
GASUSDT,SELL,LIMIT,1701123160285,51.6,7.889465
GASUSDT,SELL,LIMIT,1701123201664,397.7,7.890876
GASUSDT,BUY,LIMIT,1701124209791,15.0,8.160388
GASUSDT,BUY,LIMIT,1701126405112,404.2,8.176287
GASUSDT,BUY,LIMIT,1701129690284,17.4,8.201105
GASUSDT,SELL,LIMIT,1701129911301,81.4,7.923371
GASUSDT,SELL,LIMIT,1701129916274,31.5,7.914991
GASUSDT,SELL,LIMIT,1701130437293,383.5,7.892806
GASUSDT,SELL,LIMIT,1701130471174,7.3,7.891683
GASUSDT,BUY,LIMIT,1701131096715,4.8,8.215131
GASUSDT,BUY,LIMIT,1701131098014,15.3,8.218866
GASUSDT,BUY,LIMIT,1701131857400,693.9,8.261548
GASUSDT,BUY,LIMIT,1701132215516,198.2,8.272729
GASUSDT,BUY,LIMIT,1701132257249,507.5,8.282936
GASUSDT,BUY,LIMIT,1701132408652,10.2,8.313374
GASUSDT,SELL,LIMIT,1701132524366,129.5,8.021957
GASUSDT,BUY,LIMIT,1701135652058,14.2,8.300464
GASUSDT,SELL,LIMIT,1701136314126,5.2,8.004673
GASUSDT,SELL,LIMIT,1701136337302,3.2,8.000268
GASUSDT,SELL,LIMIT,1701136895289,324.4,7.945814
GASUSDT,SELL,LIMIT,1701136941437,0.6,7.938004
GASUSDT,SELL,LIMIT,1701137012019,123.2,7.926992
GASUSDT,SELL,LIMIT,1701137193169,1.0,7.917076
GASUSDT,SELL,LIMIT,1701138496365,1168.3,7.961638
GASUSDT,SELL,LIMIT,1701142840270,8.9,7.930499
GASUSDT,BUY,LIMIT,1701144676782,3.8,8.224710
GASUSDT,SELL,LIMIT,1701145558255,6.6,7.933466
GASUSDT,SELL,LIMIT,1701145559752,21.6,7.933081
GASUSDT,SELL,LIMIT,1701145856254,2.7,7.919859
GASUSDT,SELL,LIMIT,1701145970303,7.0,7.912592
GASUSDT,SELL,LIMIT,1701145973062,275.6,7.910499
GASUSDT,SELL,LIMIT,1701146062823,9.5,7.901804
GASUSDT,SELL,LIMIT,1701146605457,10.7,7.882027
GASUSDT,SELL,LIMIT,1701146615991,174.5,7.885911
GASUSDT,SELL,LIMIT,1701147235130,61.9,7.867594
GASUSDT,SELL,LIMIT,1701147236181,25.5,7.869812
GASUSDT,SELL,LIMIT,1701147249397,74.2,7.865322
GASUSDT,SELL,LIMIT,1701147283300,3.5,7.860608
GASUSDT,SELL,LIMIT,1701147881068,17.2,7.856773
GASUSDT,SELL,LIMIT,1701147891408,3.0,7.855742
GASUSDT,SELL,LIMIT,1701147922946,2.8,7.849758
GASUSDT,SELL,LIMIT,1701147925237,12.0,7.843942
GASUSDT,SELL,LIMIT,1701148009008,1.8,7.824491
GASUSDT,SELL,LIMIT,1701148122718,617.2,7.835203
GASUSDT,SELL,LIMIT,1701148143118,35.3,7.818450
GASUSDT,SELL,LIMIT,1701148221154,28.9,7.817740
GASUSDT,SELL,LIMIT,1701148974137,10.6,7.811403
GASUSDT,SELL,LIMIT,1701149005442,10.5,7.823324
GASUSDT,SELL,LIMIT,1701149098405,4.1,7.802919
GASUSDT,SELL,LIMIT,1701149850487,20.0,7.790763
GASUSDT,SELL,LIMIT,1701149851883,324.3,7.790368
GASUSDT,SELL,LIMIT,1701149868635,13.1,7.782646
GASUSDT,SELL,LIMIT,1701149895356,37.3,7.773084
GASUSDT,SELL,LIMIT,1701149899165,150.5,7.770183
GASUSDT,SELL,LIMIT,1701149903133,118.8,7.766708
GASUSDT,SELL,LIMIT,1701149904170,3.8,7.762868
GASUSDT,SELL,LIMIT,1701151255492,332.8,7.763185
GASUSDT,SELL,LIMIT,1701151266568,28.4,7.759618
GASUSDT,SELL,LIMIT,1701151268702,148.3,7.756252
GASUSDT,SELL,LIMIT,1701151280367,16.3,7.780789
GASUSDT,SELL,LIMIT,1701151284227,26.7,7.748940
GASUSDT,BUY,LIMIT,1701153554226,64.1,8.097008
GASUSDT,SELL,LIMIT,1701154355657,26.2,7.840346
GASUSDT,SELL,LIMIT,1701155319443,0.7,7.860265
GASUSDT,SELL,LIMIT,1701155642164,307.5,7.811644
GASUSDT,SELL,LIMIT,1701155652090,4.1,7.805440
GASUSDT,SELL,LIMIT,1701155666298,36.3,7.793157
GASUSDT,SELL,LIMIT,1701155884710,133.5,7.783316
GASUSDT,SELL,LIMIT,1701156139437,313.2,7.784456
GASUSDT,SELL,LIMIT,1701156150816,147.8,7.784456
GASUSDT,SELL,LIMIT,1701156279231,34.7,7.763195
GASUSDT,SELL,LIMIT,1701156370218,18.0,7.755050
GASUSDT,SELL,LIMIT,1701156385272,122.9,7.753076
GASUSDT,SELL,LIMIT,1701156478275,2.9,7.747360
GASUSDT,SELL,LIMIT,1701156510044,163.7,7.737792
GASUSDT,SELL,LIMIT,1701156542794,15.1,7.738322
GASUSDT,SELL,LIMIT,1701156549296,27.4,7.733943
GASUSDT,SELL,LIMIT,1701156552046,58.4,7.732650
GASUSDT,SELL,LIMIT,1701156553072,0.9,7.727500
GASUSDT,SELL,LIMIT,1701156554078,41.0,7.723625
GASUSDT,SELL,LIMIT,1701156555899,5.8,7.715935
GASUSDT,SELL,LIMIT,1701156561882,4.6,7.713968
GASUSDT,SELL,LIMIT,1701156563204,273.9,7.713389
GASUSDT,BUY,LIMIT,1701156755209,165.8,8.001055
GASUSDT,BUY,LIMIT,1701157952602,34.5,8.046222
GASUSDT,BUY,LIMIT,1701158148405,574.7,8.079997
GASUSDT,BUY,LIMIT,1701160346497,4.9,8.066284
GASUSDT,BUY,LIMIT,1701160363756,6.3,8.067303
GASUSDT,BUY,LIMIT,1701160422104,0.9,8.074440
GASUSDT,BUY,LIMIT,1701163052097,3.6,8.070362
GASUSDT,BUY,LIMIT,1701163875907,108.7,8.091149
GASUSDT,BUY,LIMIT,1701164095481,1.2,8.097212
GASUSDT,BUY,LIMIT,1701164106078,34.3,8.104991
GASUSDT,BUY,LIMIT,1701164252291,72.5,8.112900
GASUSDT,BUY,LIMIT,1701164293978,79.1,8.129250
GASUSDT,BUY,LIMIT,1701164300845,31.6,8.143531
GASUSDT,BUY,LIMIT,1701164387786,49.5,8.142329
GASUSDT,BUY,LIMIT,1701164893471,1.3,8.182812
GASUSDT,BUY,LIMIT,1701164895077,7.9,8.186918
GASUSDT,BUY,LIMIT,1701164898990,377.7,8.191438
GASUSDT,BUY,LIMIT,1701164930041,628.6,8.193974
GASUSDT,SELL,LIMIT,1701165865487,174.4,7.887909
GASUSDT,SELL,LIMIT,1701165875967,11.7,7.881223
GASUSDT,SELL,LIMIT,1701167205861,30.8,7.874638
GASUSDT,SELL,LIMIT,1701168058047,432.2,7.914990
GASUSDT,BUY,LIMIT,1701169178312,46.8,8.166559
GASUSDT,BUY,LIMIT,1701170780831,1.5,8.139038
GASUSDT,BUY,LIMIT,1701171314971,34.6,8.200036
GASUSDT,SELL,LIMIT,1701174150407,3.2,7.938351
GASUSDT,SELL,LIMIT,1701174245314,3.9,7.937056
GASUSDT,SELL,LIMIT,1701176566217,1.2,7.923925
GASUSDT,SELL,LIMIT,1701176725151,1.1,7.916738
GASUSDT,SELL,LIMIT,1701176736144,4.1,7.913864
GASUSDT,SELL,LIMIT,1701176747998,5.7,7.920330
GASUSDT,BUY,LIMIT,1701178332803,1.2,8.220209
GASUSDT,BUY,LIMIT,1701178519254,91.4,8.237888
GASUSDT,BUY,LIMIT,1701178546049,17.6,8.240126
GASUSDT,BUY,LIMIT,1701179188706,16.6,8.246329
GASUSDT,BUY,LIMIT,1701179191282,308.4,8.263883
GASUSDT,BUY,LIMIT,1701180744092,5.6,8.013598
GASUSDT,SELL,LIMIT,1701182853296,47.8,7.978175
GASUSDT,SELL,LIMIT,1701185486628,13.9,7.951830
GASUSDT,SELL,LIMIT,1701185552375,615.9,7.940247
GASUSDT,SELL,LIMIT,1701185857693,0.7,7.932033
GASUSDT,SELL,LIMIT,1701185921716,33.0,7.927215
GASUSDT,BUY,LIMIT,1701186156134,26.5,8.215809
GASUSDT,BUY,LIMIT,1701186353706,95.9,8.252708
GASUSDT,SELL,LIMIT,1701187254114,26.7,8.006081
GASUSDT,SELL,LIMIT,1701188531625,50.0,8.061513
GASUSDT,BUY,LIMIT,1701189041728,108.0,8.248764
GASUSDT,BUY,LIMIT,1701189161662,7.7,8.271307
GASUSDT,BUY,LIMIT,1701189306848,474.7,8.273938
GASUSDT,BUY,LIMIT,1701189647269,17.5,8.287067
GASUSDT,BUY,LIMIT,1701189649821,18.1,8.291678
GASUSDT,BUY,LIMIT,1701189977802,86.2,8.315895
GASUSDT,SELL,LIMIT,1701189996887,28.6,8.070106
GASUSDT,BUY,LIMIT,1701190353095,1284.1,8.372233
GASUSDT,BUY,LIMIT,1701190364159,40.7,8.335103
GASUSDT,SELL,LIMIT,1701190499029,5.0,8.067151
GASUSDT,SELL,LIMIT,1701191177351,1.6,8.046846
GASUSDT,SELL,LIMIT,1701191191584,13.3,8.042089
GASUSDT,SELL,LIMIT,1701191199119,6.0,8.037941
GASUSDT,BUY,LIMIT,1701191729665,13.0,8.312881
GASUSDT,BUY,LIMIT,1701192025323,6.3,8.322178
GASUSDT,BUY,LIMIT,1701192087213,49.6,8.342285
GASUSDT,BUY,LIMIT,1701192290806,18.8,8.347646
GASUSDT,BUY,LIMIT,1701192312248,615.7,8.350208
GASUSDT,SELL,LIMIT,1701192396168,6.9,8.580440
GASUSDT,BUY,LIMIT,1701192767857,6.1,8.340440
GASUSDT,BUY,LIMIT,1701194489146,11.3,8.347949
GASUSDT,SELL,LIMIT,1701194815638,390.1,8.061401
GASUSDT,SELL,LIMIT,1701194826045,127.2,8.056944
GASUSDT,SELL,LIMIT,1701194829038,11.1,8.052445
GASUSDT,SELL,LIMIT,1701194831494,6.7,8.052344
GASUSDT,SELL,LIMIT,1701194904024,2.9,8.050938
GASUSDT,BUY,LIMIT,1701195293377,5.0,8.374110
GASUSDT,SELL,LIMIT,1701196216223,4.7,8.119258
GASUSDT,SELL,LIMIT,1701196452179,31.4,8.097533
GASUSDT,SELL,LIMIT,1701197445158,121.1,8.093028
GASUSDT,SELL,LIMIT,1701197574639,148.8,8.086548
GASUSDT,BUY,LIMIT,1701197838335,0.6,8.339240
GASUSDT,SELL,LIMIT,1701197841180,8.6,8.093980
GASUSDT,SELL,LIMIT,1701197850609,1.0,8.099459
GASUSDT,SELL,LIMIT,1701197856579,2.2,8.242421
GASUSDT,SELL,LIMIT,1701197859770,66.0,8.098091
GASUSDT,BUY,LIMIT,1701197862395,165.1,8.342163
GASUSDT,SELL,LIMIT,1701200521617,210.0,8.163471
GASUSDT,BUY,LIMIT,1701201876589,118.7,8.369105
GASUSDT,SELL,LIMIT,1701206485058,2.0,8.134264
GASUSDT,SELL,LIMIT,1701206882612,30.8,8.118560
GASUSDT,SELL,LIMIT,1701207138720,21.3,8.102074
GASUSDT,SELL,LIMIT,1701207541123,2.7,8.086731
GASUSDT,SELL,LIMIT,1701207718723,15.6,8.079518
GASUSDT,SELL,LIMIT,1701207844007,13.2,8.076471
GASUSDT,SELL,LIMIT,1701207853344,6.4,8.068803
GASUSDT,SELL,LIMIT,1701209494493,76.3,8.099393
GASUSDT,BUY,LIMIT,1701209923419,3.0,8.368056
GASUSDT,SELL,LIMIT,1701211782946,6.3,8.086204
GASUSDT,SELL,LIMIT,1701211854135,20.7,8.079740
GASUSDT,SELL,LIMIT,1701211908974,52.2,8.062559
GASUSDT,SELL,LIMIT,1701211910583,184.7,8.056100
GASUSDT,SELL,LIMIT,1701211936341,6.8,8.052756
GASUSDT,SELL,LIMIT,1701211950672,16.3,8.050605
GASUSDT,SELL,LIMIT,1701211954027,5.3,8.049471
GASUSDT,SELL,LIMIT,1701211960687,12.9,8.048225
GASUSDT,SELL,LIMIT,1701211973526,14.3,8.043520
GASUSDT,BUY,LIMIT,1701212845785,27.4,8.334393
GASUSDT,BUY,LIMIT,1701216008767,62.6,8.382054
GASUSDT,SELL,LIMIT,1701218976966,37.0,8.073061
GASUSDT,SELL,LIMIT,1701219973264,12.7,8.062519
GASUSDT,SELL,LIMIT,1701220106255,2.0,8.051644
GASUSDT,SELL,LIMIT,1701221761367,34.9,8.036522
GASUSDT,SELL,LIMIT,1701221763435,6.0,8.035499
GASUSDT,SELL,LIMIT,1701221813063,104.2,8.028230
GASUSDT,BUY,LIMIT,1701221948268,31.9,8.250932
GASUSDT,SELL,LIMIT,1701222518539,606.6,8.022405
GASUSDT,SELL,LIMIT,1701222526106,2.5,8.014412
GASUSDT,SELL,LIMIT,1701222533434,6.1,8.013569
GASUSDT,SELL,LIMIT,1701223187390,21.6,8.006513
GASUSDT,SELL,LIMIT,1701223246130,1.9,7.996368
GASUSDT,SELL,LIMIT,1701223249489,0.7,7.995015
GASUSDT,SELL,LIMIT,1701223308150,1.2,7.991541
GASUSDT,SELL,LIMIT,1701223468524,32.6,7.983006
GASUSDT,SELL,LIMIT,1701223553635,177.6,7.974817
GASUSDT,BUY,LIMIT,1701226449685,0.1,8.213380
GASUSDT,SELL,LIMIT,1701231540154,128.7,7.993519
GASUSDT,SELL,LIMIT,1701235393591,2.4,7.982527
GASUSDT,SELL,LIMIT,1701235636196,7.2,7.966074
GASUSDT,SELL,LIMIT,1701235942083,25.7,7.958022
GASUSDT,SELL,LIMIT,1701235943255,14.7,7.952341
GASUSDT,SELL,LIMIT,1701235946228,60.7,7.949439
GASUSDT,SELL,LIMIT,1701236151046,9.1,7.936792
GASUSDT,SELL,LIMIT,1701236264537,142.3,7.930971
GASUSDT,BUY,LIMIT,1701239705114,0.8,8.232344
GASUSDT,BUY,LIMIT,1701239980502,17.3,8.245605
GASUSDT,BUY,LIMIT,1701240071181,4.3,8.249572
GASUSDT,BUY,LIMIT,1701241386266,9.3,8.287515
GASUSDT,SELL,LIMIT,1701243431115,0.9,7.988294
GASUSDT,SELL,LIMIT,1701243457249,29.4,7.980145
GASUSDT,SELL,LIMIT,1701243459193,14.5,7.967302
GASUSDT,SELL,LIMIT,1701243461060,5.2,7.965264
GASUSDT,SELL,LIMIT,1701245095347,61.8,7.980471
GASUSDT,SELL,LIMIT,1701245902750,15.3,7.944201
GASUSDT,SELL,LIMIT,1701245962068,20.0,7.941013
GASUSDT,SELL,LIMIT,1701247383992,5.0,8.003126
GASUSDT,SELL,LIMIT,1701247389456,8.4,8.003493
GASUSDT,SELL,LIMIT,1701249990646,63.1,8.030306
GASUSDT,SELL,LIMIT,1701250039257,37.7,8.021281
GASUSDT,SELL,LIMIT,1701250051121,87.2,8.017361
GASUSDT,SELL,LIMIT,1701250215540,6.8,7.989667
GASUSDT,SELL,LIMIT,1701250265492,37.2,7.966250
GASUSDT,SELL,LIMIT,1701250270280,24.6,7.960619
GASUSDT,SELL,LIMIT,1701252230662,43.4,7.950818
GASUSDT,SELL,LIMIT,1701253175015,3.0,7.945835
GASUSDT,SELL,LIMIT,1701253412525,5.6,7.952891
GASUSDT,SELL,LIMIT,1701253629532,142.8,7.943956
GASUSDT,SELL,LIMIT,1701254067315,5.0,7.934452
GASUSDT,SELL,LIMIT,1701254337184,51.0,7.918624
GASUSDT,SELL,LIMIT,1701254338209,39.9,7.923521
GASUSDT,SELL,LIMIT,1701254362863,100.8,7.910740
GASUSDT,SELL,LIMIT,1701254385459,73.7,7.909547
GASUSDT,SELL,LIMIT,1701254411719,3.1,7.901386
GASUSDT,SELL,LIMIT,1701254413221,6.0,7.897284
GASUSDT,SELL,LIMIT,1701254416656,60.3,7.892674
GASUSDT,SELL,LIMIT,1701254418398,79.7,7.892212
GASUSDT,SELL,LIMIT,1701254420617,4.6,7.885378
GASUSDT,SELL,LIMIT,1701254648382,20.8,7.936635
GASUSDT,SELL,LIMIT,1701257320910,117.7,7.912242
GASUSDT,SELL,LIMIT,1701258180946,0.7,7.913971
GASUSDT,SELL,LIMIT,1701259176619,18.0,7.916666
GASUSDT,SELL,LIMIT,1701260343059,6.8,7.887540
GASUSDT,SELL,LIMIT,1701262598216,1.9,7.882779
GASUSDT,SELL,LIMIT,1701262600387,73.9,7.869166
GASUSDT,SELL,LIMIT,1701262618180,120.9,7.862729
GASUSDT,SELL,LIMIT,1701262776730,40.2,7.857255
GASUSDT,SELL,LIMIT,1701262869296,192.3,7.850856
GASUSDT,SELL,LIMIT,1701263887737,14.8,7.843811
GASUSDT,SELL,LIMIT,1701263896009,40.0,7.840102
GASUSDT,SELL,LIMIT,1701263897721,80.9,7.838692
GASUSDT,SELL,LIMIT,1701263911094,23.7,7.827393
GASUSDT,SELL,LIMIT,1701263912121,13.8,7.824009
GASUSDT,SELL,LIMIT,1701263941326,94.7,7.824336
GASUSDT,SELL,LIMIT,1701263961527,26.6,7.821521
GASUSDT,SELL,LIMIT,1701264165796,49.6,7.839429
GASUSDT,SELL,LIMIT,1701264319319,616.2,7.824466
GASUSDT,SELL,LIMIT,1701264325283,24.1,7.820084
GASUSDT,SELL,LIMIT,1701264386186,796.1,7.807595
GASUSDT,SELL,LIMIT,1701264390122,239.8,7.809081
GASUSDT,SELL,LIMIT,1701264392407,265.0,7.807808
GASUSDT,SELL,LIMIT,1701264399649,10.2,7.804279
GASUSDT,SELL,LIMIT,1701264401873,24.7,7.802774
GASUSDT,SELL,LIMIT,1701264403616,2.8,7.797898
GASUSDT,SELL,LIMIT,1701264411415,628.2,7.794669
GASUSDT,BUY,LIMIT,1701265876563,25.2,8.094152
GASUSDT,BUY,LIMIT,1701266679982,13.6,8.134359
GASUSDT,BUY,LIMIT,1701267406780,6.7,8.095839
GASUSDT,SELL,LIMIT,1701268352201,0.9,7.841586
GASUSDT,SELL,LIMIT,1701268417092,63.8,7.834739
GASUSDT,SELL,LIMIT,1701268453945,4.0,7.823606
GASUSDT,SELL,LIMIT,1701268457556,27.7,7.822418
GASUSDT,SELL,LIMIT,1701269295650,19.6,7.815135
GASUSDT,SELL,LIMIT,1701270442331,156.3,7.825824
GASUSDT,SELL,LIMIT,1701270580703,12.8,7.813395
GASUSDT,SELL,LIMIT,1701270589474,1.4,7.806071
GASUSDT,SELL,LIMIT,1701270623307,118.4,7.792520
GASUSDT,BUY,LIMIT,1701273780677,6.7,8.117505
GASUSDT,SELL,LIMIT,1701274621110,36.1,7.831648
GASUSDT,SELL,LIMIT,1701274728724,39.2,7.827740
GASUSDT,SELL,LIMIT,1701275705891,178.6,7.790830
GASUSDT,SELL,LIMIT,1701275738859,2.4,7.787824
GASUSDT,SELL,LIMIT,1701275759522,61.0,7.785769
GASUSDT,SELL,LIMIT,1701275767357,24.4,7.776945
GASUSDT,SELL,LIMIT,1701275768963,24.6,7.771514
GASUSDT,SELL,LIMIT,1701275770134,0.7,7.771235
GASUSDT,SELL,LIMIT,1701275823894,1.6,7.769932
GASUSDT,SELL,LIMIT,1701275835097,31.0,7.766937
GASUSDT,SELL,LIMIT,1701275836563,8.3,7.752692
GASUSDT,SELL,LIMIT,1701275840059,7.0,7.750572
GASUSDT,SELL,LIMIT,1701275842094,10.0,7.749078
GASUSDT,SELL,LIMIT,1701275843236,157.6,7.749280
GASUSDT,SELL,LIMIT,1701275847346,50.2,7.743557
GASUSDT,BUY,LIMIT,1701279436225,0.8,8.095186
GASUSDT,BUY,LIMIT,1701279679191,15.8,8.141075
GASUSDT,BUY,LIMIT,1701279729786,2.4,8.105749
GASUSDT,SELL,LIMIT,1701280973653,6.1,7.856655
GASUSDT,SELL,LIMIT,1701283616263,154.0,7.893975
GASUSDT,BUY,LIMIT,1701283731772,13.3,8.144722
GASUSDT,SELL,LIMIT,1701284488489,33.9,7.906906
GASUSDT,SELL,LIMIT,1701288287798,0.8,7.888778
GASUSDT,SELL,LIMIT,1701289453149,84.9,7.866506
GASUSDT,SELL,LIMIT,1701289578612,304.8,7.867660
GASUSDT,SELL,LIMIT,1701290123225,4.1,7.842308
GASUSDT,SELL,LIMIT,1701290185167,2.2,7.834160
GASUSDT,SELL,LIMIT,1701290340655,40.0,7.829832
GASUSDT,SELL,LIMIT,1701290347001,183.6,7.824841
GASUSDT,SELL,LIMIT,1701290348087,146.1,7.824785
GASUSDT,SELL,LIMIT,1701303393277,7.4,7.847784
GASUSDT,SELL,LIMIT,1701303525267,486.3,7.832167
GASUSDT,BUY,LIMIT,1701303928380,2.4,8.108821
GASUSDT,SELL,LIMIT,1701304429834,42.5,7.860263
GASUSDT,SELL,LIMIT,1701306079319,7.0,7.834582
GASUSDT,SELL,LIMIT,1701306256934,133.7,7.823259
GASUSDT,SELL,LIMIT,1701306288325,61.9,7.814389
GASUSDT,SELL,LIMIT,1701306409598,6.2,7.828467
GASUSDT,SELL,LIMIT,1701306422716,30.0,7.808080
GASUSDT,SELL,LIMIT,1701306428880,29.9,7.800708
GASUSDT,SELL,LIMIT,1701306436805,122.0,7.797137
GASUSDT,SELL,LIMIT,1701309242979,50.0,7.785391
GASUSDT,SELL,LIMIT,1701309244300,265.1,7.784076
GASUSDT,SELL,LIMIT,1701309255045,45.8,7.781923
GASUSDT,SELL,LIMIT,1701309257187,7.3,7.780180
GASUSDT,SELL,LIMIT,1701309640777,26.6,7.773621
GASUSDT,SELL,LIMIT,1701310955210,25.3,7.765241
GASUSDT,SELL,LIMIT,1701314439807,4.3,7.834120
GASUSDT,SELL,LIMIT,1701315610235,133.0,7.870151
GASUSDT,SELL,LIMIT,1701318715161,102.5,7.856205
GASUSDT,SELL,LIMIT,1701319833971,36.3,7.820495
GASUSDT,SELL,LIMIT,1701319882569,188.8,7.810914
GASUSDT,SELL,LIMIT,1701321161188,34.1,7.783447
GASUSDT,SELL,LIMIT,1701321367791,631.7,7.789085
GASUSDT,SELL,LIMIT,1701321488102,3.2,7.765225
GASUSDT,SELL,LIMIT,1701324952172,3.2,7.812036
GASUSDT,SELL,LIMIT,1701326798684,15.6,7.755028
GASUSDT,SELL,LIMIT,1701326952879,318.0,7.754106
GASUSDT,SELL,LIMIT,1701326990898,1.1,7.752402
GASUSDT,SELL,LIMIT,1701327032453,36.9,7.745423
GASUSDT,SELL,LIMIT,1701327047013,8.4,7.740689
GASUSDT,SELL,LIMIT,1701327048140,2.6,7.734210
GASUSDT,SELL,LIMIT,1701327052532,5.0,7.731402
GASUSDT,SELL,LIMIT,1701327054472,16.2,7.730455
GASUSDT,SELL,LIMIT,1701329932498,633.6,7.733756
GASUSDT,SELL,LIMIT,1701330199042,2.6,7.709348
GASUSDT,SELL,LIMIT,1701330200242,359.9,7.717170
GASUSDT,SELL,LIMIT,1701330201364,0.7,7.697694
GASUSDT,SELL,LIMIT,1701330203503,4.2,7.689672
GASUSDT,SELL,LIMIT,1701330211888,324.0,7.692017
GASUSDT,SELL,LIMIT,1701331394280,21.6,7.687965
GASUSDT,SELL,LIMIT,1701331397544,27.0,7.685617
GASUSDT,SELL,LIMIT,1701331439183,6.0,7.685261
GASUSDT,SELL,LIMIT,1701331444638,60.8,7.683001
GASUSDT,SELL,LIMIT,1701331446039,30.8,7.672936
GASUSDT,SELL,LIMIT,1701331447918,23.3,7.669907
GASUSDT,SELL,LIMIT,1701331449016,23.6,7.665178
GASUSDT,SELL,LIMIT,1701331603506,28.0,7.668226
GASUSDT,SELL,LIMIT,1701331627296,126.0,7.665271
GASUSDT,SELL,LIMIT,1701331642030,1.0,7.660311
GASUSDT,SELL,LIMIT,1701331644366,631.3,7.659361
GASUSDT,SELL,LIMIT,1701331646165,1.4,7.658627
GASUSDT,SELL,LIMIT,1701331841774,14.2,7.657151
GASUSDT,SELL,LIMIT,1701331897158,3.1,7.654984
GASUSDT,SELL,LIMIT,1701331924701,33.1,7.654278
GASUSDT,SELL,LIMIT,1701331986789,32.1,7.652742
GASUSDT,SELL,LIMIT,1701331987870,13.3,7.648605
GASUSDT,SELL,LIMIT,1701331995077,80.2,7.645535
GASUSDT,SELL,LIMIT,1701331996125,8.5,7.647123
GASUSDT,SELL,LIMIT,1701333562700,632.9,7.660677
GASUSDT,SELL,LIMIT,1701335379169,20.1,7.642422
GASUSDT,SELL,LIMIT,1701335420628,189.2,7.639661
GASUSDT,SELL,LIMIT,1701335442156,1.1,7.636151
GASUSDT,SELL,LIMIT,1701335445141,261.7,7.632667
GASUSDT,SELL,LIMIT,1701335446275,174.4,7.626676
GASUSDT,SELL,LIMIT,1701335447329,22.9,7.626420
GASUSDT,SELL,LIMIT,1701335471320,4.1,7.622440
GASUSDT,SELL,LIMIT,1701338529615,30.3,7.793866
GASUSDT,BUY,LIMIT,1701339387289,115.8,7.917398
GASUSDT,BUY,LIMIT,1701339450794,579.9,7.919484
GASUSDT,BUY,LIMIT,1701339906690,642.3,7.938123
GASUSDT,BUY,LIMIT,1701343211501,36.9,7.983694
GASUSDT,BUY,LIMIT,1701344212450,2.3,7.988127
GASUSDT,SELL,LIMIT,1701345540322,1.1,7.765743
GASUSDT,SELL,LIMIT,1701349583053,44.4,7.736776
GASUSDT,SELL,LIMIT,1701349627603,42.7,7.727146
GASUSDT,SELL,LIMIT,1701349710202,142.9,7.711438
GASUSDT,SELL,LIMIT,1701350080801,7.6,7.715506
GASUSDT,SELL,LIMIT,1701350179115,1.6,7.708514
GASUSDT,BUY,LIMIT,1701350803247,86.9,7.992880
GASUSDT,BUY,LIMIT,1701351839920,159.2,8.002055
GASUSDT,BUY,LIMIT,1701351935009,342.5,8.015728
GASUSDT,BUY,LIMIT,1701351995792,2.3,8.028351
GASUSDT,SELL,LIMIT,1701352465000,5.9,7.736462
GASUSDT,SELL,LIMIT,1701352477306,30.6,7.732181
GASUSDT,SELL,LIMIT,1701352525163,102.3,7.717081
GASUSDT,SELL,LIMIT,1701352964982,158.0,7.711687
GASUSDT,SELL,LIMIT,1701353003242,632.8,7.705155
GASUSDT,SELL,LIMIT,1701353010879,635.7,7.702632
GASUSDT,SELL,LIMIT,1701353012299,1.0,7.696463
GASUSDT,SELL,LIMIT,1701353013290,22.5,7.692463
GASUSDT,BUY,LIMIT,1701353552083,4.4,7.970813
GASUSDT,SELL,LIMIT,1701355168333,23.5,7.681896
GASUSDT,SELL,LIMIT,1701355170491,207.6,7.675947
GASUSDT,SELL,LIMIT,1701355206229,6.6,7.670718
GASUSDT,BUY,LIMIT,1701355831222,160.3,7.947002
GASUSDT,BUY,LIMIT,1701355846147,346.3,7.951204
GASUSDT,BUY,LIMIT,1701357331303,159.8,7.976486
GASUSDT,BUY,LIMIT,1701357377661,94.1,7.983775
GASUSDT,BUY,LIMIT,1701357420454,32.5,8.000465
GASUSDT,SELL,LIMIT,1701358713454,271.8,7.714561
GASUSDT,SELL,LIMIT,1701358734612,5.2,7.706112
GASUSDT,SELL,LIMIT,1701359369311,1.1,7.724399
GASUSDT,BUY,LIMIT,1701363782328,11.6,8.066022
GASUSDT,BUY,LIMIT,1701363786769,90.7,8.076338
GASUSDT,BUY,LIMIT,1701363787788,58.1,8.082726
GASUSDT,BUY,LIMIT,1701363791211,179.7,8.094010
GASUSDT,BUY,LIMIT,1701363792830,2.0,8.106366
GASUSDT,BUY,LIMIT,1701363794564,40.0,8.128879
GASUSDT,BUY,LIMIT,1701363802248,2.0,8.147830
GASUSDT,BUY,LIMIT,1701363803284,25.7,8.157164
GASUSDT,BUY,LIMIT,1701363804717,3.6,8.177923
GASUSDT,BUY,LIMIT,1701363807322,388.9,8.189021
GASUSDT,BUY,LIMIT,1701363811679,8.0,8.193712
GASUSDT,BUY,LIMIT,1701363815108,16.8,8.209248
GASUSDT,BUY,LIMIT,1701363875895,7.0,8.214261
GASUSDT,SELL,LIMIT,1701364364042,98.6,7.878209
GASUSDT,SELL,LIMIT,1701364640859,1.8,7.855685
GASUSDT,SELL,LIMIT,1701364656199,151.3,7.852400
GASUSDT,SELL,LIMIT,1701365475299,21.7,7.850936
GASUSDT,SELL,LIMIT,1701365512228,32.3,7.842240
GASUSDT,SELL,LIMIT,1701365599685,37.5,7.838660
GASUSDT,SELL,LIMIT,1701365604173,1.7,7.837541
GASUSDT,SELL,LIMIT,1701365899152,8.8,7.816115
GASUSDT,BUY,LIMIT,1701368572223,476.0,8.103682
GASUSDT,BUY,LIMIT,1701368598565,1.4,8.108470
GASUSDT,SELL,LIMIT,1701375021473,2.7,7.825615
GASUSDT,BUY,LIMIT,1701379527494,145.1,8.098977
GASUSDT,BUY,LIMIT,1701380824924,2.5,8.128887
GASUSDT,SELL,LIMIT,1701385124872,22.0,7.832490
GASUSDT,SELL,LIMIT,1701385219627,1.8,7.824394
GASUSDT,SELL,LIMIT,1701385358246,362.4,7.814385
GASUSDT,SELL,LIMIT,1701385416154,1.0,7.809489
GASUSDT,SELL,LIMIT,1701385419304,39.0,7.807973
GASUSDT,SELL,LIMIT,1701385468307,78.3,7.800928
GASUSDT,SELL,LIMIT,1701389447382,627.5,7.806310
GASUSDT,SELL,LIMIT,1701389793841,36.3,7.796774
GASUSDT,SELL,LIMIT,1701390370787,72.0,7.776181
GASUSDT,SELL,LIMIT,1701390378587,14.3,7.768016
GASUSDT,SELL,LIMIT,1701390383052,60.9,7.766180
GASUSDT,SELL,LIMIT,1701390635055,93.6,7.756876
GASUSDT,BUY,LIMIT,1701393555230,15.9,8.059368
GASUSDT,SELL,LIMIT,1701393610103,16.0,8.309447
GASUSDT,SELL,LIMIT,1701394353969,0.7,7.845858
GASUSDT,BUY,LIMIT,1701395134423,37.5,8.099421
GASUSDT,SELL,LIMIT,1701396621215,0.6,8.018163
GASUSDT,SELL,LIMIT,1701396674770,289.4,7.853900
GASUSDT,SELL,LIMIT,1701397073084,10.6,7.837021
GASUSDT,BUY,LIMIT,1701398036151,282.3,8.101193
GASUSDT,BUY,LIMIT,1701403036015,628.6,8.151442
GASUSDT,BUY,LIMIT,1701403060961,5.7,8.158873
GASUSDT,BUY,LIMIT,1701405515309,0.7,8.160600
GASUSDT,SELL,LIMIT,1701410838392,57.8,7.855661
GASUSDT,BUY,LIMIT,1701414498865,93.2,8.139266
GASUSDT,BUY,LIMIT,1701414923075,1.3,8.160878
GASUSDT,SELL,LIMIT,1701416393809,13.7,7.870421
GASUSDT,SELL,LIMIT,1701416418230,16.4,7.867724
GASUSDT,SELL,LIMIT,1701419554225,56.4,7.858227
GASUSDT,SELL,LIMIT,1701422180140,135.1,7.876751
GASUSDT,BUY,LIMIT,1701422219805,0.7,8.127454
GASUSDT,SELL,LIMIT,1701422229214,5.1,7.895509
GASUSDT,BUY,LIMIT,1701422240573,7.0,8.146739
GASUSDT,SELL,LIMIT,1701422243317,1248.2,7.869062
GASUSDT,SELL,LIMIT,1701424919378,8.0,7.905611
GASUSDT,SELL,LIMIT,1701427043307,4.3,7.865572
GASUSDT,SELL,LIMIT,1701428238595,599.7,7.841982
GASUSDT,SELL,LIMIT,1701428879088,0.8,7.840119
GASUSDT,SELL,LIMIT,1701428907396,2.3,7.838647
GASUSDT,SELL,LIMIT,1701428910267,2.8,7.832721
GASUSDT,SELL,LIMIT,1701428938951,156.4,7.831799
GASUSDT,SELL,LIMIT,1701430600381,12.6,7.815975
GASUSDT,SELL,LIMIT,1701431567378,387.6,7.798338
GASUSDT,SELL,LIMIT,1701435142800,85.6,7.804597
GASUSDT,SELL,LIMIT,1701438555903,86.7,7.818421
GASUSDT,SELL,LIMIT,1701438557049,11.0,7.817096
GASUSDT,SELL,LIMIT,1701439744601,10.1,7.800979
GASUSDT,SELL,LIMIT,1701439829216,35.0,7.795881
GASUSDT,SELL,LIMIT,1701441862650,36.5,7.820612
GASUSDT,SELL,LIMIT,1701441962491,38.5,7.807786
GASUSDT,SELL,LIMIT,1701441964503,2.2,7.846921
GASUSDT,SELL,LIMIT,1701442008342,9.5,7.805041
GASUSDT,SELL,LIMIT,1701442036353,30.8,7.800131
GASUSDT,SELL,LIMIT,1701442098292,1.4,7.793995
GASUSDT,SELL,LIMIT,1701442140194,4.7,7.790358
GASUSDT,SELL,LIMIT,1701442164129,2.3,7.785490
GASUSDT,SELL,LIMIT,1701442182684,4.7,7.780525
GASUSDT,SELL,LIMIT,1701442195138,5.6,7.778230
GASUSDT,SELL,LIMIT,1701442236688,4.5,7.774024
GASUSDT,SELL,LIMIT,1701442239278,52.8,7.768518
GASUSDT,SELL,LIMIT,1701442254711,32.5,7.763791
GASUSDT,SELL,LIMIT,1701446506213,0.7,7.841551
GASUSDT,SELL,LIMIT,1701447383698,1371.2,7.780019
GASUSDT,SELL,LIMIT,1701447484056,69.5,7.826979
GASUSDT,SELL,LIMIT,1701447843270,2.4,7.835676
GASUSDT,BUY,LIMIT,1701447867910,63.2,8.079692
GASUSDT,BUY,LIMIT,1701447891297,112.6,8.085732
GASUSDT,BUY,LIMIT,1701448432980,87.3,8.088416
GASUSDT,BUY,LIMIT,1701448489331,63.1,8.105753
GASUSDT,SELL,LIMIT,1701448491333,62.3,7.869321
GASUSDT,SELL,LIMIT,1701448533570,252.9,7.872094
GASUSDT,BUY,LIMIT,1701453244265,8.0,8.107044
GASUSDT,BUY,LIMIT,1701453304225,11.8,8.116241
GASUSDT,BUY,LIMIT,1701453305322,4.8,8.116274
GASUSDT,SELL,LIMIT,1701453795943,55.5,7.869241
GASUSDT,BUY,LIMIT,1701457342530,586.7,8.122747
GASUSDT,BUY,LIMIT,1701460586837,86.2,8.145872
GASUSDT,SELL,LIMIT,1701470055988,19.0,7.845060
GASUSDT,SELL,LIMIT,1701471272979,2.9,7.837253
GASUSDT,SELL,LIMIT,1701471308424,5.1,7.829896
GASUSDT,BUY,LIMIT,1701475511284,19.6,8.137479
GASUSDT,BUY,LIMIT,1701475580112,15.1,8.155550
GASUSDT,BUY,LIMIT,1701475619540,23.6,8.162072
GASUSDT,BUY,LIMIT,1701475713347,380.7,8.207513
GASUSDT,BUY,LIMIT,1701475732371,15.6,8.230126
GASUSDT,BUY,LIMIT,1701475746531,48.9,8.260074
GASUSDT,BUY,LIMIT,1701475748292,72.3,8.265016
GASUSDT,BUY,LIMIT,1701475751301,26.9,8.268906
GASUSDT,SELL,LIMIT,1701475994675,4.2,7.937274
GASUSDT,SELL,LIMIT,1701476652585,259.0,7.964075
GASUSDT,BUY,LIMIT,1701477295435,179.8,8.239168
GASUSDT,BUY,LIMIT,1701477465521,159.9,8.312210
GASUSDT,BUY,LIMIT,1701477466855,12.2,8.318374
GASUSDT,BUY,LIMIT,1701477468426,41.8,8.328925
GASUSDT,BUY,LIMIT,1701477471083,1401.6,8.373720
GASUSDT,BUY,LIMIT,1701477475063,1407.1,8.379591
GASUSDT,BUY,LIMIT,1701477477249,28.8,8.340893
GASUSDT,BUY,LIMIT,1701477491903,23.5,8.342158
GASUSDT,BUY,LIMIT,1701477518293,7.3,8.350846
GASUSDT,BUY,LIMIT,1701477524961,8.5,8.359355
GASUSDT,SELL,LIMIT,1701478863126,288.0,7.992278
GASUSDT,BUY,LIMIT,1701481039089,618.5,8.250292
GASUSDT,SELL,LIMIT,1701484327800,28.0,7.964321
GASUSDT,SELL,LIMIT,1701484728102,0.9,7.952372
GASUSDT,SELL,LIMIT,1701485993992,5.9,7.965317
GASUSDT,BUY,LIMIT,1701485999120,29.1,8.160772
GASUSDT,SELL,LIMIT,1701486001386,615.8,7.968419
GASUSDT,BUY,LIMIT,1701486002484,1.4,8.213620
GASUSDT,SELL,LIMIT,1701486003672,722.9,7.957891
GASUSDT,BUY,LIMIT,1701486006114,0.9,8.214261
GASUSDT,SELL,LIMIT,1701486007516,562.6,7.971466
GASUSDT,BUY,LIMIT,1701487157140,41.7,8.232681
GASUSDT,BUY,LIMIT,1701488863683,7.0,8.242638
GASUSDT,BUY,LIMIT,1701492963435,638.8,8.236528
GASUSDT,SELL,LIMIT,1701493722206,17.6,7.963684
GASUSDT,SELL,LIMIT,1701499031339,63.5,7.969900
GASUSDT,BUY,LIMIT,1701500764474,46.1,8.215326
GASUSDT,SELL,LIMIT,1701509714910,7.5,8.013837
