Symbol,Side,Order Type,Time,Quantity,Price
GASUSDT,SELL,LIMIT,1700989335925,550.0,8.776909
GASUSDT,SELL,LIMIT,1700989356107,12.9,8.772843
GASUSDT,SELL,LIMIT,1700990148176,3.7,8.771001
GASUSDT,SELL,LIMIT,1700990157613,6.5,8.763631
GASUSDT,SELL,LIMIT,1700991114525,20.8,8.834587
GASUSDT,SELL,LIMIT,1700993194879,312.6,8.761594
GASUSDT,SELL,LIMIT,1700993196373,2.4,8.758902
GASUSDT,SELL,LIMIT,1700994254664,212.8,8.745329
GASUSDT,SELL,LIMIT,1700994271501,219.3,8.738770
GASUSDT,SELL,LIMIT,1700994341879,71.3,8.735415
GASUSDT,SELL,LIMIT,1700994802754,127.1,8.730154
GASUSDT,SELL,LIMIT,1700994843073,45.2,8.723165
GASUSDT,SELL,LIMIT,1700995873992,11.2,8.753617
GASUSDT,SELL,LIMIT,1700995883718,317.8,8.732108
GASUSDT,SELL,LIMIT,1700995908671,43.5,8.742688
GASUSDT,SELL,LIMIT,1700995925181,44.5,8.720327
GASUSDT,SELL,LIMIT,1700996025443,0.6,8.712018
GASUSDT,SELL,LIMIT,1700996047206,1.3,8.708682
GASUSDT,SELL,LIMIT,1700996079335,39.1,8.700369
GASUSDT,SELL,LIMIT,1700996088191,58.3,8.694066
GASUSDT,SELL,LIMIT,1700996140363,10.3,8.682413
GASUSDT,SELL,LIMIT,1700996169355,2.1,8.680473
GASUSDT,SELL,LIMIT,1700996196090,6.2,8.687511
GASUSDT,BUY,LIMIT,1700996296063,0.2,8.919987
GASUSDT,SELL,LIMIT,1700996304183,41.7,8.671611
GASUSDT,SELL,LIMIT,1700996309443,237.7,8.673806
GASUSDT,SELL,LIMIT,1700996322876,78.9,8.665164
GASUSDT,SELL,LIMIT,1700996325301,54.8,8.660634
GASUSDT,SELL,LIMIT,1700998187877,32.6,8.665628
GASUSDT,SELL,LIMIT,1700998200282,71.4,8.658212
GASUSDT,SELL,LIMIT,1700998201459,212.4,8.656289
GASUSDT,BUY,LIMIT,1700999328291,2.8,8.991951
GASUSDT,BUY,LIMIT,1700999555674,63.3,9.033554
GASUSDT,BUY,LIMIT,1700999558584,30.7,9.051278
GASUSDT,BUY,LIMIT,1700999561208,44.4,9.055041
GASUSDT,BUY,LIMIT,1700999591459,301.6,9.074567
GASUSDT,BUY,LIMIT,1700999600605,43.3,9.087900
GASUSDT,BUY,LIMIT,1700999605131,415.2,9.103599
GASUSDT,BUY,LIMIT,1700999650478,18.7,9.125541
GASUSDT,BUY,LIMIT,1700999651686,2.9,9.128675
GASUSDT,SELL,LIMIT,1700999912904,2.6,8.799479
GASUSDT,SELL,LIMIT,1701000114852,2.9,8.792587
GASUSDT,SELL,LIMIT,1701000617003,11.1,8.793911
GASUSDT,SELL,LIMIT,1701001001549,74.6,8.756140
GASUSDT,SELL,LIMIT,1701001014911,16.2,8.752282
GASUSDT,SELL,LIMIT,1701001026710,8.0,8.739197
GASUSDT,SELL,LIMIT,1701001057166,388.6,8.738610
GASUSDT,SELL,LIMIT,1701001077077,1.0,8.734618
GASUSDT,SELL,LIMIT,1701001503759,155.0,8.837934
GASUSDT,SELL,LIMIT,1701001845518,0.9,8.704707
GASUSDT,BUY,LIMIT,1701001924994,17.3,9.078822
GASUSDT,BUY,LIMIT,1701001926197,24.4,9.091286
GASUSDT,BUY,LIMIT,1701001946322,1.0,9.109819
GASUSDT,BUY,LIMIT,1701001948862,74.3,9.113259
GASUSDT,BUY,LIMIT,1701002032552,72.0,9.146151
GASUSDT,BUY,LIMIT,1701002043062,20.0,9.168192
GASUSDT,BUY,LIMIT,1701002051372,7.5,9.175123
GASUSDT,BUY,LIMIT,1701002054801,17.5,9.197686
GASUSDT,BUY,LIMIT,1701002060657,12.4,9.206571
GASUSDT,BUY,LIMIT,1701002086028,18.2,9.221261
GASUSDT,SELL,LIMIT,1701002152125,35.2,8.880958
GASUSDT,SELL,LIMIT,1701002155923,441.5,8.880613
GASUSDT,BUY,LIMIT,1701002307512,23.9,9.243617
GASUSDT,SELL,LIMIT,1701002410242,144.1,8.925823
GASUSDT,SELL,LIMIT,1701002411311,274.7,8.914837
GASUSDT,SELL,LIMIT,1701002477038,137.6,8.905502
GASUSDT,SELL,LIMIT,1701002481544,175.0,8.899612
GASUSDT,SELL,LIMIT,1701002483612,550.8,8.894013
GASUSDT,SELL,LIMIT,1701002905147,373.8,8.860679
GASUSDT,SELL,LIMIT,1701002913379,1.3,8.849013
GASUSDT,SELL,LIMIT,1701003146585,35.7,8.842385
GASUSDT,BUY,LIMIT,1701003683107,33.3,9.175500
GASUSDT,BUY,LIMIT,1701003691455,54.1,9.191041
GASUSDT,SELL,LIMIT,1701003894202,1.1,8.915975
GASUSDT,SELL,LIMIT,1701004490930,28.5,8.850381
GASUSDT,SELL,LIMIT,1701004730617,1.8,8.841063
GASUSDT,SELL,LIMIT,1701004840706,19.3,8.835748
GASUSDT,SELL,LIMIT,1701004845176,508.1,8.830424
GASUSDT,SELL,LIMIT,1701005853838,39.4,8.825149
GASUSDT,SELL,LIMIT,1701005872712,261.4,8.821118
GASUSDT,SELL,LIMIT,1701005878226,37.1,8.819574
GASUSDT,SELL,LIMIT,1701005880324,442.0,8.812528
GASUSDT,SELL,LIMIT,1701005887850,53.8,8.801643
GASUSDT,SELL,LIMIT,1701005889038,19.6,8.799226
GASUSDT,SELL,LIMIT,1701005891308,140.0,8.794161
GASUSDT,SELL,LIMIT,1701005993048,2.7,8.793263
GASUSDT,SELL,LIMIT,1701005998197,17.1,8.785858
GASUSDT,SELL,LIMIT,1701006119409,34.1,8.761227
GASUSDT,SELL,LIMIT,1701006123134,41.1,8.755071
GASUSDT,SELL,LIMIT,1701006124155,1.0,8.750741
GASUSDT,SELL,LIMIT,1701006195731,58.9,8.735966
GASUSDT,SELL,LIMIT,1701006199042,22.4,8.731035
GASUSDT,SELL,LIMIT,1701006217626,91.6,8.717150
GASUSDT,SELL,LIMIT,1701006255715,7.4,8.715792
GASUSDT,SELL,LIMIT,1701006289485,238.7,8.726116
GASUSDT,SELL,LIMIT,1701006311501,20.2,8.710785
GASUSDT,BUY,LIMIT,1701006326370,0.9,8.937277
GASUSDT,BUY,LIMIT,1701006434287,275.2,9.001888
GASUSDT,BUY,LIMIT,1701006767272,0.7,9.038096
GASUSDT,SELL,LIMIT,1701008240933,38.4,8.711221
GASUSDT,SELL,LIMIT,1701008242990,402.5,8.707083
GASUSDT,SELL,LIMIT,1701008416244,59.6,8.708386
GASUSDT,SELL,LIMIT,1701008444083,4.5,8.706416
GASUSDT,SELL,LIMIT,1701008449483,3.6,8.702033
GASUSDT,SELL,LIMIT,1701008451928,38.4,8.706309
GASUSDT,SELL,LIMIT,1701008493015,24.8,8.718316
GASUSDT,BUY,LIMIT,1701008613348,165.5,9.013663
GASUSDT,BUY,LIMIT,1701008740417,33.7,9.036447
GASUSDT,SELL,LIMIT,1701008843114,30.1,8.779014
GASUSDT,SELL,LIMIT,1701009261695,10.0,8.704317
GASUSDT,SELL,LIMIT,1701009263983,1.9,8.697250
GASUSDT,SELL,LIMIT,1701009278358,5.9,8.693240
GASUSDT,SELL,LIMIT,1701009281247,28.0,8.690977
GASUSDT,SELL,LIMIT,1701009285262,60.0,8.688753
GASUSDT,SELL,LIMIT,1701009286297,1.3,8.688200
GASUSDT,SELL,LIMIT,1701009287307,156.9,8.707559
GASUSDT,SELL,LIMIT,1701009290163,30.0,8.681595
GASUSDT,BUY,LIMIT,1701009570539,113.5,8.997513
GASUSDT,SELL,LIMIT,1701010226392,52.7,8.704966
GASUSDT,SELL,LIMIT,1701010246182,13.3,8.699722
GASUSDT,SELL,LIMIT,1701010250291,9.1,8.693625
GASUSDT,SELL,LIMIT,1701010486203,21.5,8.676426
GASUSDT,SELL,LIMIT,1701010489134,264.1,8.677851
GASUSDT,BUY,LIMIT,1701011058106,64.9,9.009744
GASUSDT,SELL,LIMIT,1701011788237,5.6,8.695796
GASUSDT,SELL,LIMIT,1701011834240,12.5,8.677133
GASUSDT,SELL,LIMIT,1701012166140,17.6,8.660210
GASUSDT,SELL,LIMIT,1701012192110,23.4,8.658930
GASUSDT,SELL,LIMIT,1701012203490,11.3,8.650975
GASUSDT,SELL,LIMIT,1701012210179,7.1,8.648262
GASUSDT,SELL,LIMIT,1701012219347,562.4,8.641132
GASUSDT,SELL,LIMIT,1701012224274,21.1,8.637194
GASUSDT,SELL,LIMIT,1701012228243,27.5,8.635651
GASUSDT,SELL,LIMIT,1701012297048,344.8,8.605336
GASUSDT,SELL,LIMIT,1701012298072,55.1,8.590189
GASUSDT,SELL,LIMIT,1701012299077,6.0,8.566501
GASUSDT,SELL,LIMIT,1701012364842,15.3,8.560636
GASUSDT,SELL,LIMIT,1701012385447,36.8,8.550726
GASUSDT,SELL,LIMIT,1701012386485,158.2,8.547049
GASUSDT,SELL,LIMIT,1701012390527,0.6,8.538987
GASUSDT,SELL,LIMIT,1701013107892,561.5,8.582208
GASUSDT,SELL,LIMIT,1701013491673,69.4,8.580147
GASUSDT,BUY,LIMIT,1701013530257,160.3,8.781206
GASUSDT,SELL,LIMIT,1701013531340,569.2,8.572944
GASUSDT,SELL,LIMIT,1701013541407,12.0,8.552933
GASUSDT,SELL,LIMIT,1701013696977,547.5,8.555673
GASUSDT,SELL,LIMIT,1701013744668,0.6,8.554052
GASUSDT,SELL,LIMIT,1701013800068,22.5,8.559685
GASUSDT,SELL,LIMIT,1701013892448,91.9,8.553478
GASUSDT,SELL,LIMIT,1701013899775,102.2,8.547345
GASUSDT,SELL,LIMIT,1701013909770,1.5,8.539235
GASUSDT,SELL,LIMIT,1701013913002,83.1,8.537890
GASUSDT,SELL,LIMIT,1701013914647,55.4,8.533166
GASUSDT,SELL,LIMIT,1701013935316,202.8,8.530653
GASUSDT,SELL,LIMIT,1701013972056,89.1,8.528046
GASUSDT,SELL,LIMIT,1701013973238,166.5,8.527741
GASUSDT,SELL,LIMIT,1701013976166,11.0,8.523725
GASUSDT,SELL,LIMIT,1701013977409,2812.7,8.451466
GASUSDT,SELL,LIMIT,1701013978436,2.2,8.517410
GASUSDT,SELL,LIMIT,1701013981469,15.0,8.511489
GASUSDT,SELL,LIMIT,1701014034520,670.4,8.503458
GASUSDT,SELL,LIMIT,1701014038299,139.0,8.511452
GASUSDT,SELL,LIMIT,1701014039472,959.4,8.476567
GASUSDT,SELL,LIMIT,1701014041772,399.1,8.506143
GASUSDT,SELL,LIMIT,1701014046072,0.6,8.504291
GASUSDT,SELL,LIMIT,1701014047367,87.9,8.504291
GASUSDT,SELL,LIMIT,1701014053844,4.0,8.502186
GASUSDT,SELL,LIMIT,1701014063053,23.1,8.508896
GASUSDT,SELL,LIMIT,1701014124536,16.0,8.538374
GASUSDT,BUY,LIMIT,1701014234640,76.6,8.818675
GASUSDT,SELL,LIMIT,1701014727797,11.2,8.588347
GASUSDT,SELL,LIMIT,1701014811381,33.6,8.576396
GASUSDT,SELL,LIMIT,1701014814364,14.3,8.609374
GASUSDT,SELL,LIMIT,1701014862042,8.8,8.578880
GASUSDT,SELL,LIMIT,1701014920424,50.0,8.712051
GASUSDT,SELL,LIMIT,1701015299367,8.6,8.532650
GASUSDT,SELL,LIMIT,1701015328142,138.3,8.526277
GASUSDT,SELL,LIMIT,1701015359486,514.8,8.520963
GASUSDT,SELL,LIMIT,1701015631812,184.4,8.498678
GASUSDT,SELL,LIMIT,1701015636392,287.3,8.494082
GASUSDT,SELL,LIMIT,1701015637402,128.3,8.479286
GASUSDT,SELL,LIMIT,1701015638444,8.1,8.442579
GASUSDT,SELL,LIMIT,1701015650147,573.6,8.434664
GASUSDT,SELL,LIMIT,1701015660006,25.9,8.446661
GASUSDT,SELL,LIMIT,1701015668577,17.4,8.443421
GASUSDT,SELL,LIMIT,1701015670404,101.7,8.434560
GASUSDT,SELL,LIMIT,1701015671757,20.0,8.429721
GASUSDT,SELL,LIMIT,1701015674165,457.4,8.430616
GASUSDT,SELL,LIMIT,1701015675175,22.6,8.431142
GASUSDT,SELL,LIMIT,1701015676872,0.9,8.428569
GASUSDT,SELL,LIMIT,1701015680148,281.5,8.422826
GASUSDT,SELL,LIMIT,1701015682173,194.8,8.426429
GASUSDT,SELL,LIMIT,1701015714360,2.1,8.499121
GASUSDT,SELL,LIMIT,1701015756065,1.2,8.428646
GASUSDT,SELL,LIMIT,1701015760154,730.8,8.404669
GASUSDT,SELL,LIMIT,1701015761721,400.0,8.424917
GASUSDT,SELL,LIMIT,1701015762903,12.2,8.423201
GASUSDT,SELL,LIMIT,1701015764224,14.0,8.417715
GASUSDT,SELL,LIMIT,1701015766749,34.4,8.418184
GASUSDT,SELL,LIMIT,1701015843430,2.5,8.414227
GASUSDT,SELL,LIMIT,1701015871268,770.3,8.392770
GASUSDT,SELL,LIMIT,1701015872360,8.9,8.410592
GASUSDT,SELL,LIMIT,1701015874922,70.6,8.411120
GASUSDT,SELL,LIMIT,1701015876202,233.1,8.408156
GASUSDT,SELL,LIMIT,1701015887607,13.0,8.402643
GASUSDT,SELL,LIMIT,1701015890246,16.0,8.398756
GASUSDT,SELL,LIMIT,1701015891357,9.2,8.398006
GASUSDT,SELL,LIMIT,1701015892456,5.8,8.392473
GASUSDT,SELL,LIMIT,1701015893459,19.1,8.393111
GASUSDT,SELL,LIMIT,1701015910563,595.0,8.391854
GASUSDT,SELL,LIMIT,1701015997115,141.6,8.399096
GASUSDT,SELL,LIMIT,1701016007817,0.6,8.439817
GASUSDT,SELL,LIMIT,1701016013452,2.9,8.393894
GASUSDT,SELL,LIMIT,1701016019229,0.7,8.389246
GASUSDT,SELL,LIMIT,1701016020317,66.7,8.389676
GASUSDT,SELL,LIMIT,1701016025377,5.0,8.386021
GASUSDT,SELL,LIMIT,1701016027029,547.7,8.385306
GASUSDT,SELL,LIMIT,1701016028959,500.0,8.383336
GASUSDT,SELL,LIMIT,1701016030080,31.5,8.377928
GASUSDT,SELL,LIMIT,1701016031260,59.6,8.366821
GASUSDT,SELL,LIMIT,1701016032353,168.5,8.356713
GASUSDT,SELL,LIMIT,1701016034060,10.1,8.349560
GASUSDT,SELL,LIMIT,1701016035067,2.6,8.352393
GASUSDT,SELL,LIMIT,1701016036034,79.6,8.321783
GASUSDT,SELL,LIMIT,1701016037231,12.2,8.306356
GASUSDT,SELL,LIMIT,1701016042461,33.7,8.305192
GASUSDT,SELL,LIMIT,1701016043580,26.0,8.298703
GASUSDT,SELL,LIMIT,1701016044575,5.6,8.296100
GASUSDT,SELL,LIMIT,1701016045518,108.6,8.292212
GASUSDT,SELL,LIMIT,1701016046426,11.4,8.292868
GASUSDT,SELL,LIMIT,1701016047353,180.2,8.288936
GASUSDT,SELL,LIMIT,1701016048109,2.3,8.282963
GASUSDT,SELL,LIMIT,1701016049175,25.3,8.300070
GASUSDT,SELL,LIMIT,1701016050361,5.6,8.282497
GASUSDT,SELL,LIMIT,1701016089227,49.9,8.286806
GASUSDT,SELL,LIMIT,1701016095465,575.7,8.292716
GASUSDT,SELL,LIMIT,1701016098052,36.7,8.278330
GASUSDT,SELL,LIMIT,1701016099103,265.1,8.275340
GASUSDT,SELL,LIMIT,1701016100094,7.6,8.261710
GASUSDT,SELL,LIMIT,1701016100985,20.6,8.269252
GASUSDT,SELL,LIMIT,1701016101830,58.6,8.250362
GASUSDT,SELL,LIMIT,1701016102995,0.6,8.243175
GASUSDT,SELL,LIMIT,1701016103735,11.4,8.235294
GASUSDT,SELL,LIMIT,1701016105150,0.6,8.212931
GASUSDT,BUY,LIMIT,1701016155175,437.7,8.587718
GASUSDT,BUY,LIMIT,1701016173191,112.1,8.588755
GASUSDT,SELL,LIMIT,1701016225374,134.0,8.329314
GASUSDT,SELL,LIMIT,1701016272899,590.1,8.294300
GASUSDT,SELL,LIMIT,1701016329947,7.5,8.354964
GASUSDT,BUY,LIMIT,1701016689056,2.6,8.624993
GASUSDT,SELL,LIMIT,1701017299222,75.5,8.332428
GASUSDT,SELL,LIMIT,1701017324519,8.3,8.319175
GASUSDT,SELL,LIMIT,1701017407265,204.1,8.310526
GASUSDT,BUY,LIMIT,1701017766385,5.7,8.586409
GASUSDT,SELL,LIMIT,1701018108518,31.1,8.300583
GASUSDT,BUY,LIMIT,1701018329181,0.7,8.602017
GASUSDT,BUY,LIMIT,1701020095146,25.2,8.613261
GASUSDT,BUY,LIMIT,1701020294343,10.0,8.616755
GASUSDT,BUY,LIMIT,1701020338116,4.9,8.631323
GASUSDT,SELL,LIMIT,1701021154255,8.0,8.308255
GASUSDT,SELL,LIMIT,1701021159166,4.4,8.305970
GASUSDT,SELL,LIMIT,1701021160318,43.9,8.304241
GASUSDT,SELL,LIMIT,1701022906312,252.3,8.312347
GASUSDT,SELL,LIMIT,1701022996343,18.3,8.299424
GASUSDT,SELL,LIMIT,1701023090604,37.0,8.288187
GASUSDT,SELL,LIMIT,1701023099373,174.0,8.285349
GASUSDT,SELL,LIMIT,1701023152979,0.6,8.284369
GASUSDT,SELL,LIMIT,1701023163873,452.7,8.281665
GASUSDT,SELL,LIMIT,1701023173353,134.9,8.263540
GASUSDT,SELL,LIMIT,1701023174838,240.8,8.260304
GASUSDT,SELL,LIMIT,1701023176150,29.5,8.259142
GASUSDT,SELL,LIMIT,1701023184471,4.7,8.245490
GASUSDT,SELL,LIMIT,1701023331761,13.0,8.230871
GASUSDT,SELL,LIMIT,1701023338075,0.6,8.225469
GASUSDT,BUY,LIMIT,1701024096229,58.0,8.530876
GASUSDT,SELL,LIMIT,1701024487374,324.0,8.276794
GASUSDT,SELL,LIMIT,1701025024737,571.4,8.240834
GASUSDT,SELL,LIMIT,1701026390114,1.8,8.256271
GASUSDT,SELL,LIMIT,1701026428136,37.8,8.240801
GASUSDT,SELL,LIMIT,1701026866095,557.7,8.229741
GASUSDT,BUY,LIMIT,1701031281634,14.4,8.637278
GASUSDT,SELL,LIMIT,1701031386684,2.7,8.385306
GASUSDT,BUY,LIMIT,1701031494676,160.1,8.645698
GASUSDT,BUY,LIMIT,1701031591456,42.1,8.618438
GASUSDT,BUY,LIMIT,1701031725434,4.7,8.691415
GASUSDT,BUY,LIMIT,1701031781383,25.0,8.702806
GASUSDT,BUY,LIMIT,1701033136247,15.0,8.725934
GASUSDT,SELL,LIMIT,1701034774191,1.6,8.440780
GASUSDT,SELL,LIMIT,1701034819928,1.2,8.432923
GASUSDT,SELL,LIMIT,1701035155131,5.8,8.424251
GASUSDT,BUY,LIMIT,1701039583358,103.8,8.757256
GASUSDT,SELL,LIMIT,1701039808158,118.0,8.457361
GASUSDT,SELL,LIMIT,1701039945360,0.8,8.434084
GASUSDT,SELL,LIMIT,1701040135069,30.7,8.429352
GASUSDT,SELL,LIMIT,1701043297120,124.1,8.428592
GASUSDT,SELL,LIMIT,1701043316403,2.4,8.410848
GASUSDT,SELL,LIMIT,1701043548096,169.8,8.375304
GASUSDT,SELL,LIMIT,1701043549671,15.6,8.360659
GASUSDT,SELL,LIMIT,1701043619365,97.1,8.355034
GASUSDT,BUY,LIMIT,1701043738406,29.4,8.665750
GASUSDT,SELL,LIMIT,1701044153030,1.9,8.370452
GASUSDT,BUY,LIMIT,1701044701770,12.5,8.720101
GASUSDT,SELL,LIMIT,1701044946400,0.8,8.422397
GASUSDT,BUY,LIMIT,1701045784227,9.9,8.593986
GASUSDT,SELL,LIMIT,1701045798425,11.5,8.341589
GASUSDT,SELL,LIMIT,1701045866429,187.6,8.331680
GASUSDT,SELL,LIMIT,1701046663153,11.6,8.319221
GASUSDT,SELL,LIMIT,1701046929424,21.9,8.333816
GASUSDT,BUY,LIMIT,1701048354880,5.9,8.613124
GASUSDT,BUY,LIMIT,1701048375429,2.2,8.623433
GASUSDT,SELL,LIMIT,1701050256410,92.0,8.337378
GASUSDT,SELL,LIMIT,1701050679067,582.0,8.324236
GASUSDT,SELL,LIMIT,1701050789509,157.0,8.315371
GASUSDT,SELL,LIMIT,1701050853212,50.0,8.312349
GASUSDT,SELL,LIMIT,1701050860169,99.9,8.304159
GASUSDT,SELL,LIMIT,1701050861180,20.2,8.305842
GASUSDT,SELL,LIMIT,1701051352622,3.1,8.297641
GASUSDT,SELL,LIMIT,1701051381813,7.2,8.291563
GASUSDT,SELL,LIMIT,1701051402164,11.2,8.279542
GASUSDT,SELL,LIMIT,1701051912791,0.7,8.276809
GASUSDT,SELL,LIMIT,1701051914514,591.6,8.271861
GASUSDT,SELL,LIMIT,1701051937468,78.0,8.261314
GASUSDT,SELL,LIMIT,1701052337423,14.2,8.257634
GASUSDT,SELL,LIMIT,1701052449405,183.1,8.254398
GASUSDT,SELL,LIMIT,1701052450865,11.1,8.250898
GASUSDT,SELL,LIMIT,1701052469067,5.3,8.251019
GASUSDT,SELL,LIMIT,1701052648417,294.2,8.290829
GASUSDT,SELL,LIMIT,1701052876188,11.2,8.245390
GASUSDT,SELL,LIMIT,1701053195056,21.1,8.230362
GASUSDT,SELL,LIMIT,1701053196342,2.7,8.221303
GASUSDT,SELL,LIMIT,1701054453318,291.8,8.224837
GASUSDT,SELL,LIMIT,1701054475302,208.9,8.221971
GASUSDT,SELL,LIMIT,1701054486192,528.3,8.219098
GASUSDT,SELL,LIMIT,1701054845428,304.2,8.214077
GASUSDT,SELL,LIMIT,1701054851337,25.8,8.210743
GASUSDT,SELL,LIMIT,1701054853123,1.0,8.210159
GASUSDT,SELL,LIMIT,1701054870451,733.5,8.193785
GASUSDT,SELL,LIMIT,1701054879509,1.0,8.204789
GASUSDT,SELL,LIMIT,1701054992077,41.5,8.204064
GASUSDT,BUY,LIMIT,1701055038747,34.6,8.455716
GASUSDT,SELL,LIMIT,1701055603283,67.7,8.198580
GASUSDT,SELL,LIMIT,1701055604369,15.3,8.196681
GASUSDT,SELL,LIMIT,1701055605378,58.9,8.195369
GASUSDT,SELL,LIMIT,1701055606447,664.7,8.185421
GASUSDT,SELL,LIMIT,1701055613138,178.0,8.185673
GASUSDT,SELL,LIMIT,1701055615659,58.8,8.183680
GASUSDT,SELL,LIMIT,1701055616725,2248.5,8.122338
GASUSDT,SELL,LIMIT,1701055653153,2.3,8.182396
GASUSDT,SELL,LIMIT,1701055676861,55.0,8.178512
GASUSDT,SELL,LIMIT,1701055685100,7.1,8.178345
GASUSDT,SELL,LIMIT,1701055690091,107.4,8.172579
GASUSDT,SELL,LIMIT,1701055691097,426.1,8.176414
GASUSDT,SELL,LIMIT,1701055692114,12.7,8.145538
GASUSDT,SELL,LIMIT,1701055693202,3.5,8.149806
GASUSDT,SELL,LIMIT,1701055694270,5.0,8.105656
GASUSDT,SELL,LIMIT,1701055695279,17.5,8.116349
GASUSDT,SELL,LIMIT,1701055698002,351.4,8.111480
GASUSDT,SELL,LIMIT,1701055753390,2.4,8.163876
GASUSDT,SELL,LIMIT,1701056008188,406.3,8.130191
GASUSDT,SELL,LIMIT,1701056021281,281.7,8.122311
GASUSDT,SELL,LIMIT,1701056041157,296.1,8.119356
GASUSDT,SELL,LIMIT,1701056050241,25.0,8.110491
GASUSDT,SELL,LIMIT,1701056111261,68.6,8.107536
GASUSDT,SELL,LIMIT,1701056114325,16.0,8.102100
GASUSDT,SELL,LIMIT,1701056117474,11.1,8.099087
GASUSDT,SELL,LIMIT,1701056123191,159.5,8.097450
GASUSDT,SELL,LIMIT,1701056125790,651.3,8.090675
GASUSDT,SELL,LIMIT,1701056132313,51.7,8.094106
GASUSDT,SELL,LIMIT,1701056133408,54.8,8.094688
GASUSDT,SELL,LIMIT,1701056136687,29.5,8.090769
GASUSDT,SELL,LIMIT,1701056138064,0.6,8.089805
GASUSDT,SELL,LIMIT,1701056153641,64.0,8.087534
GASUSDT,SELL,LIMIT,1701056159793,110.3,8.085009
GASUSDT,SELL,LIMIT,1701056161130,79.0,8.082297
GASUSDT,SELL,LIMIT,1701056162401,26.3,8.079435
GASUSDT,BUY,LIMIT,1701056456216,1.9,8.387376
GASUSDT,BUY,LIMIT,1701058113413,11.5,8.434150
GASUSDT,BUY,LIMIT,1701058176296,23.3,8.442893
GASUSDT,SELL,LIMIT,1701058883248,8.7,8.159461
GASUSDT,SELL,LIMIT,1701060132151,17.6,8.125392
GASUSDT,SELL,LIMIT,1701060268058,0.9,8.120370
GASUSDT,BUY,LIMIT,1701061260547,1.7,8.421070
GASUSDT,SELL,LIMIT,1701063360136,156.2,8.131526
