Symbol,Side,Order Type,Time,Quantity,Price
GMTUSDT,SELL,LIMIT,1701918647707,14476,0.27457
GMTUSDT,BUY,LIMIT,1701921927585,19657,0.28541
GMTUSDT,BUY,LIMIT,1701926962788,326,0.28821
GMTUSDT,BUY,LIMIT,1701930353108,22,0.28952
GMTUSDT,SELL,LIMIT,1701931656296,4166,0.28043
GMTUSDT,SELL,LIMIT,1701931802406,297,0.28266
GMTUSDT,SELL,LIMIT,1701931832569,898,0.28023
GMTUSDT,SELL,LIMIT,1701934532194,1375,0.28036
GMTUSDT,SELL,LIMIT,1701936787021,32,0.27958
GMTUSDT,SELL,LIMIT,1701936916878,5494,0.27792
GMTUSDT,SELL,LIMIT,1701937342457,1020,0.27820
GMTUSDT,SELL,LIMIT,1701937345557,678,0.27695
GMTUSDT,SELL,LIMIT,1701937820808,388,0.27633
GMTUSDT,SELL,LIMIT,1701937822535,17743,0.27624
GMTUSDT,SELL,LIMIT,1701939339253,372,0.27561
GMTUSDT,SELL,LIMIT,1701939340972,1388,0.27564
GMTUSDT,SELL,LIMIT,1701939370271,502,0.27518
GMTUSDT,SELL,LIMIT,1701939472707,5616,0.27462
GMTUSDT,SELL,LIMIT,1701939553192,118,0.27461
GMTUSDT,SELL,LIMIT,1701939572114,40120,0.27450
GMTUSDT,SELL,LIMIT,1701939953109,1280,0.27472
GMTUSDT,SELL,LIMIT,1701939972965,4282,0.27446
GMTUSDT,SELL,LIMIT,1701940010756,108,0.27413
GMTUSDT,SELL,LIMIT,1701940012065,642,0.27393
GMTUSDT,SELL,LIMIT,1701940013251,52,0.27387
GMTUSDT,SELL,LIMIT,1701940021336,1031,0.27350
GMTUSDT,SELL,LIMIT,1701940024635,603,0.27339
GMTUSDT,SELL,LIMIT,1701940409764,1812,0.27347
GMTUSDT,SELL,LIMIT,1701940453589,1483,0.27326
GMTUSDT,SELL,LIMIT,1701940462893,108,0.27315
GMTUSDT,SELL,LIMIT,1701940465564,225,0.27308
GMTUSDT,SELL,LIMIT,1701940470064,703,0.27278
GMTUSDT,SELL,LIMIT,1701940473015,975,0.27261
GMTUSDT,SELL,LIMIT,1701940526990,141,0.27273
GMTUSDT,SELL,LIMIT,1701940542901,9931,0.27272
GMTUSDT,SELL,LIMIT,1701940555518,35,0.27251
GMTUSDT,SELL,LIMIT,1701940556920,6354,0.27228
GMTUSDT,SELL,LIMIT,1701940562219,92,0.27186
GMTUSDT,SELL,LIMIT,1701940570536,33,0.27153
GMTUSDT,SELL,LIMIT,1701940678916,6708,0.27132
GMTUSDT,SELL,LIMIT,1701940715269,5346,0.27119
GMTUSDT,SELL,LIMIT,1701940986379,355,0.27122
GMTUSDT,SELL,LIMIT,1701940991558,1244,0.27111
GMTUSDT,SELL,LIMIT,1701941066289,440,0.27088
GMTUSDT,SELL,LIMIT,1701941071941,4867,0.27072
GMTUSDT,SELL,LIMIT,1701941072991,1506,0.27063
GMTUSDT,SELL,LIMIT,1701941075157,305,0.27056
GMTUSDT,SELL,LIMIT,1701941111433,94,0.27028
GMTUSDT,SELL,LIMIT,1701941146350,4299,0.27025
GMTUSDT,SELL,LIMIT,1701941147634,110167,0.27013
GMTUSDT,SELL,LIMIT,1701941149638,20529,0.26994
GMTUSDT,SELL,LIMIT,1701941150953,1087,0.26989
GMTUSDT,SELL,LIMIT,1701941154162,2555,0.26966
GMTUSDT,SELL,LIMIT,1701941156301,3009,0.26946
GMTUSDT,SELL,LIMIT,1701941157409,422,0.26955
GMTUSDT,SELL,LIMIT,1701941158751,334,0.26941
GMTUSDT,SELL,LIMIT,1701941166094,192,0.26929
GMTUSDT,SELL,LIMIT,1701941170242,332,0.26918
GMTUSDT,SELL,LIMIT,1701941171539,272,0.26915
GMTUSDT,SELL,LIMIT,1701941179078,6821,0.26895
GMTUSDT,SELL,LIMIT,1701941180293,113,0.26891
GMTUSDT,SELL,LIMIT,1701941181355,52,0.26882
GMTUSDT,SELL,LIMIT,1701941183252,7316,0.26872
GMTUSDT,SELL,LIMIT,1701941184544,8896,0.26843
GMTUSDT,SELL,LIMIT,1701941185608,14397,0.26833
GMTUSDT,SELL,LIMIT,1701941188152,43,0.26822
GMTUSDT,SELL,LIMIT,1701941189326,75,0.26791
GMTUSDT,SELL,LIMIT,1701941193031,6416,0.26785
GMTUSDT,SELL,LIMIT,1701941237277,1221,0.27115
GMTUSDT,SELL,LIMIT,1701941238421,4288,0.26756
GMTUSDT,SELL,LIMIT,1701941239675,680,0.26752
GMTUSDT,SELL,LIMIT,1701941243215,1063,0.26745
GMTUSDT,SELL,LIMIT,1701941245118,212,0.26741
GMTUSDT,SELL,LIMIT,1701941246373,15000,0.26708
GMTUSDT,BUY,LIMIT,1701941561419,408,0.27926
GMTUSDT,BUY,LIMIT,1701942378197,102,0.28076
GMTUSDT,BUY,LIMIT,1701942388227,25,0.28089
GMTUSDT,BUY,LIMIT,1701943244575,2406,0.28250
GMTUSDT,BUY,LIMIT,1701943246310,26,0.28258
GMTUSDT,SELL,LIMIT,1701943505411,93,0.27298
GMTUSDT,SELL,LIMIT,1701943619529,1309,0.27206
GMTUSDT,SELL,LIMIT,1701943620706,23,0.27188
GMTUSDT,SELL,LIMIT,1701943658218,8879,0.27177
GMTUSDT,BUY,LIMIT,1701945210747,1851,0.28350
GMTUSDT,BUY,LIMIT,1701945235079,20,0.28363
GMTUSDT,SELL,LIMIT,1701950514399,1928,0.27465
GMTUSDT,BUY,LIMIT,1701951116486,1007,0.28475
GMTUSDT,BUY,LIMIT,1701951249349,91258,0.28520
GMTUSDT,BUY,LIMIT,1701953719601,45,0.28755
GMTUSDT,SELL,LIMIT,1701954513166,20470,0.27799
GMTUSDT,SELL,LIMIT,1701954882572,82,0.27725
GMTUSDT,SELL,LIMIT,1701956017986,55,0.27681
GMTUSDT,SELL,LIMIT,1701956609765,4600,0.27621
GMTUSDT,BUY,LIMIT,1701957707178,27,0.28535
GMTUSDT,SELL,LIMIT,1701958798145,101,0.27531
GMTUSDT,SELL,LIMIT,1701958799207,1742,0.27524
GMTUSDT,SELL,LIMIT,1701958881659,1146,0.27515
GMTUSDT,BUY,LIMIT,1701961432170,8335,0.28714
GMTUSDT,BUY,LIMIT,1701962532425,10561,0.28512
GMTUSDT,BUY,LIMIT,1701962705036,1964,0.28785
GMTUSDT,BUY,LIMIT,1701962772195,25,0.28814
GMTUSDT,BUY,LIMIT,1701962834965,177,0.28907
GMTUSDT,BUY,LIMIT,1701962962762,747,0.28926
GMTUSDT,SELL,LIMIT,1701964004494,284,0.28042
GMTUSDT,BUY,LIMIT,1701964252123,19,0.29069
GMTUSDT,BUY,LIMIT,1701964259372,213,0.29098
GMTUSDT,BUY,LIMIT,1701964269834,1239,0.29106
GMTUSDT,BUY,LIMIT,1701964283385,763,0.29121
GMTUSDT,BUY,LIMIT,1701965904411,1607,0.29248
GMTUSDT,BUY,LIMIT,1701966132951,1699,0.29259
GMTUSDT,SELL,LIMIT,1701967110267,59615,0.28212
GMTUSDT,BUY,LIMIT,1701970042582,1630,0.29238
GMTUSDT,SELL,LIMIT,1701971016866,194,0.28240
GMTUSDT,SELL,LIMIT,1701971379083,24746,0.28160
GMTUSDT,SELL,LIMIT,1701971381514,95,0.28159
GMTUSDT,BUY,LIMIT,1701971624329,92713,0.29216
GMTUSDT,SELL,LIMIT,1701974095378,19,0.28085
GMTUSDT,SELL,LIMIT,1701974103707,114,0.28075
GMTUSDT,SELL,LIMIT,1701974278107,18503,0.28014
GMTUSDT,SELL,LIMIT,1701976870353,11740,0.27830
GMTUSDT,SELL,LIMIT,1701976967179,9314,0.27789
GMTUSDT,SELL,LIMIT,1701977291898,2538,0.27682
GMTUSDT,SELL,LIMIT,1701977295701,69,0.27683
GMTUSDT,SELL,LIMIT,1701978093676,649,0.27664
GMTUSDT,SELL,LIMIT,1701978108364,23,0.27656
GMTUSDT,SELL,LIMIT,1701978277318,103,0.27626
GMTUSDT,SELL,LIMIT,1701978293335,106906,0.27614
GMTUSDT,SELL,LIMIT,1701981503499,56508,0.27673
GMTUSDT,SELL,LIMIT,1701981594594,7307,0.27593
GMTUSDT,SELL,LIMIT,1701981595697,22,0.27584
GMTUSDT,BUY,LIMIT,1701983892111,77303,0.28746
GMTUSDT,BUY,LIMIT,1701983894048,240,0.28770
GMTUSDT,BUY,LIMIT,1701984867407,244,0.28959
GMTUSDT,SELL,LIMIT,1701986194738,45,0.28096
GMTUSDT,SELL,LIMIT,1701988368149,703,0.27957
GMTUSDT,SELL,LIMIT,1701988384714,2564,0.27909
GMTUSDT,SELL,LIMIT,1701988418444,7547,0.27889
GMTUSDT,SELL,LIMIT,1701995560303,6446,0.28087
GMTUSDT,SELL,LIMIT,1701997744785,14200,0.27761
GMTUSDT,BUY,LIMIT,1701998357341,101628,0.28740
GMTUSDT,SELL,LIMIT,1702000242058,2290,0.27709
GMTUSDT,SELL,LIMIT,1702000243407,143,0.27703
GMTUSDT,SELL,LIMIT,1702003629395,86,0.27699
GMTUSDT,SELL,LIMIT,1702003810961,375,0.27640
GMTUSDT,SELL,LIMIT,1702003819734,2329,0.27633
GMTUSDT,BUY,LIMIT,1702004240991,676,0.28706
GMTUSDT,SELL,LIMIT,1702005490453,1,0.27873
GMTUSDT,BUY,LIMIT,1702005578509,153,0.28810
GMTUSDT,BUY,LIMIT,1702005647342,106,0.28859
GMTUSDT,BUY,LIMIT,1702006533638,7559,0.28983
GMTUSDT,BUY,LIMIT,1702006593205,100,0.28904
GMTUSDT,BUY,LIMIT,1702006661367,100,0.28884
GMTUSDT,BUY,LIMIT,1702007072469,28,0.29152
GMTUSDT,BUY,LIMIT,1702008776793,252,0.29322
GMTUSDT,BUY,LIMIT,1702008777935,110,0.29342
GMTUSDT,BUY,LIMIT,1702008960262,363,0.29431
GMTUSDT,BUY,LIMIT,1702008962191,162,0.29481
GMTUSDT,BUY,LIMIT,1702009470135,109,0.29505
GMTUSDT,SELL,LIMIT,1702010889132,17421,0.28420
GMTUSDT,BUY,LIMIT,1702016004078,31409,0.29189
GMTUSDT,BUY,LIMIT,1702016005155,905,0.29188
GMTUSDT,BUY,LIMIT,1702016154522,1100,0.29181
GMTUSDT,SELL,LIMIT,1702017257271,6449,0.28163
GMTUSDT,SELL,LIMIT,1702017526116,1735,0.28105
GMTUSDT,SELL,LIMIT,1702019160067,1322,0.28038
GMTUSDT,SELL,LIMIT,1702020105094,1733,0.27979
GMTUSDT,SELL,LIMIT,1702020144298,1170,0.27970
GMTUSDT,SELL,LIMIT,1702020196777,29,0.27943
GMTUSDT,SELL,LIMIT,1702020220174,534,0.27932
GMTUSDT,SELL,LIMIT,1702020222082,2469,0.27918
GMTUSDT,SELL,LIMIT,1702020598100,164,0.27841
GMTUSDT,SELL,LIMIT,1702020653869,164,0.27809
GMTUSDT,SELL,LIMIT,1702020666217,521,0.27789
GMTUSDT,SELL,LIMIT,1702027110603,600,0.28083
GMTUSDT,BUY,LIMIT,1702035163130,44558,0.29165
GMTUSDT,BUY,LIMIT,1702035923771,244,0.29275
GMTUSDT,BUY,LIMIT,1702036193639,27,0.29252
GMTUSDT,SELL,LIMIT,1702036943256,193,0.28264
GMTUSDT,BUY,LIMIT,1702037927372,1190,0.29197
GMTUSDT,BUY,LIMIT,1702039593980,108,0.29262
GMTUSDT,SELL,LIMIT,1702042224414,6421,0.28196
GMTUSDT,BUY,LIMIT,1702043165756,6132,0.29141
GMTUSDT,SELL,LIMIT,1702043669553,1630,0.28266
GMTUSDT,SELL,LIMIT,1702044332928,15265,0.28207
GMTUSDT,SELL,LIMIT,1702044413557,35236,0.28139
GMTUSDT,SELL,LIMIT,1702044509752,24186,0.28104
GMTUSDT,BUY,LIMIT,1702047046271,108080,0.29432
GMTUSDT,BUY,LIMIT,1702048107166,148,0.29463
GMTUSDT,SELL,LIMIT,1702048993097,4964,0.28551
GMTUSDT,SELL,LIMIT,1702049474376,16,0.97010
GMTUSDT,SELL,LIMIT,1702050823683,40,0.28405
GMTUSDT,BUY,LIMIT,1702051527164,438,0.29512
GMTUSDT,BUY,LIMIT,1702051715892,404,0.29573
GMTUSDT,BUY,LIMIT,1702052075928,514,0.29605
GMTUSDT,BUY,LIMIT,1702052209863,95,0.29673
GMTUSDT,BUY,LIMIT,1702052212624,1809,0.29693
GMTUSDT,BUY,LIMIT,1702053491122,312,0.29777
GMTUSDT,BUY,LIMIT,1702053525127,40447,0.29821
GMTUSDT,BUY,LIMIT,1702053567436,44677,0.29836
GMTUSDT,BUY,LIMIT,1702053712700,230,0.29833
GMTUSDT,BUY,LIMIT,1702054437926,4000,0.29619
GMTUSDT,SELL,LIMIT,1702055091210,6844,0.28696
GMTUSDT,BUY,LIMIT,1702055942393,1025,0.29564
GMTUSDT,BUY,LIMIT,1702056003418,4934,0.29596
GMTUSDT,BUY,LIMIT,1702064068086,24,0.29728
GMTUSDT,BUY,LIMIT,1702064107256,30,0.29743
GMTUSDT,BUY,LIMIT,1702068652527,18,0.29836
GMTUSDT,SELL,LIMIT,1702069732314,3018,0.28806
GMTUSDT,SELL,LIMIT,1702071818154,173,0.28717
GMTUSDT,SELL,LIMIT,1702072954524,1854,0.28847
GMTUSDT,BUY,LIMIT,1702075989478,90,0.29921
GMTUSDT,SELL,LIMIT,1702076286477,3642,0.28886
GMTUSDT,SELL,LIMIT,1702076407914,974,0.28876
GMTUSDT,BUY,LIMIT,1702078064323,146053,0.29930
GMTUSDT,BUY,LIMIT,1702078549214,360,0.29994
GMTUSDT,BUY,LIMIT,1702078676984,839,0.30075
GMTUSDT,BUY,LIMIT,1702080296078,571,0.30116
GMTUSDT,SELL,LIMIT,1702080317072,1440,0.29287
GMTUSDT,BUY,LIMIT,1702080339609,48,0.30181
GMTUSDT,BUY,LIMIT,1702080368143,554,0.30195
GMTUSDT,BUY,LIMIT,1702080420734,670,0.30193
GMTUSDT,BUY,LIMIT,1702080779752,324,0.30269
GMTUSDT,BUY,LIMIT,1702080849279,40139,0.30359
GMTUSDT,BUY,LIMIT,1702081674183,20,0.30367
GMTUSDT,BUY,LIMIT,1702081717500,1105,0.30381
GMTUSDT,BUY,LIMIT,1702081761159,1575,0.30375
GMTUSDT,BUY,LIMIT,1702082267473,7878,0.30408
GMTUSDT,BUY,LIMIT,1702082287010,713,0.30435
GMTUSDT,BUY,LIMIT,1702082347199,4397,0.30456
GMTUSDT,BUY,LIMIT,1702082355189,110,0.30489
GMTUSDT,SELL,LIMIT,1702083658896,1236,0.29378
GMTUSDT,SELL,LIMIT,1702083743196,378,0.29329
GMTUSDT,SELL,LIMIT,1702083817329,20303,0.29316
GMTUSDT,SELL,LIMIT,1702084199154,11385,0.28958
GMTUSDT,SELL,LIMIT,1702084212729,946,0.28922
GMTUSDT,BUY,LIMIT,1702085555501,37,0.30074
GMTUSDT,SELL,LIMIT,1702087491351,3235,0.29035
GMTUSDT,BUY,LIMIT,1702091450710,1015,0.30033
GMTUSDT,BUY,LIMIT,1702094050431,202,0.30299
GMTUSDT,BUY,LIMIT,1702099041040,1350,0.30277
GMTUSDT,SELL,LIMIT,1702099077679,2000,0.29414
GMTUSDT,SELL,LIMIT,1702102231211,540,0.29403
GMTUSDT,BUY,LIMIT,1702102654165,2611,0.30561
GMTUSDT,BUY,LIMIT,1702102656885,860,0.30572
GMTUSDT,BUY,LIMIT,1702102678566,17686,0.30579
GMTUSDT,BUY,LIMIT,1702105528237,41723,0.30609
GMTUSDT,BUY,LIMIT,1702105544804,805,0.30716
GMTUSDT,BUY,LIMIT,1702105564832,94,0.30757
GMTUSDT,BUY,LIMIT,1702105676095,3579,0.30815
GMTUSDT,BUY,LIMIT,1702105725423,1646,0.30834
GMTUSDT,BUY,LIMIT,1702105775135,357,0.30845
GMTUSDT,BUY,LIMIT,1702107176120,330,0.30807
GMTUSDT,BUY,LIMIT,1702107420442,728,0.30919
GMTUSDT,BUY,LIMIT,1702107796313,1600,0.30906
GMTUSDT,BUY,LIMIT,1702107961653,710,0.30955
GMTUSDT,BUY,LIMIT,1702107984759,38,0.30998
GMTUSDT,BUY,LIMIT,1702107986149,4981,0.31001
GMTUSDT,BUY,LIMIT,1702108070810,106,0.31027
GMTUSDT,BUY,LIMIT,1702108092890,46,0.31049
GMTUSDT,BUY,LIMIT,1702108103987,4696,0.31053
GMTUSDT,BUY,LIMIT,1702108109739,5951,0.31085
GMTUSDT,BUY,LIMIT,1702108364893,51,0.31045
GMTUSDT,BUY,LIMIT,1702108935087,157,0.31145
GMTUSDT,BUY,LIMIT,1702109053527,1934,0.31169
GMTUSDT,BUY,LIMIT,1702109062243,31,0.31175
GMTUSDT,BUY,LIMIT,1702109067041,12075,0.31220
GMTUSDT,BUY,LIMIT,1702109243756,149,0.30956
GMTUSDT,SELL,LIMIT,1702109619426,893,0.30091
GMTUSDT,BUY,LIMIT,1702109741906,210,0.30987
GMTUSDT,SELL,LIMIT,1702110044268,4019,0.29999
GMTUSDT,BUY,LIMIT,1702110289108,7500,0.30970
GMTUSDT,SELL,LIMIT,1702110699564,7803,0.29934
GMTUSDT,SELL,LIMIT,1702110713536,2127,0.29888
GMTUSDT,SELL,LIMIT,1702110807385,685,0.29859
GMTUSDT,SELL,LIMIT,1702110817644,3105,0.29839
GMTUSDT,SELL,LIMIT,1702110848292,140,0.29829
GMTUSDT,SELL,LIMIT,1702110853100,164,0.29809
GMTUSDT,SELL,LIMIT,1702110872575,478,0.29748
GMTUSDT,SELL,LIMIT,1702110875022,146,0.29721
GMTUSDT,SELL,LIMIT,1702110880240,2231,0.29704
GMTUSDT,SELL,LIMIT,1702110901125,208,0.29670
GMTUSDT,SELL,LIMIT,1702110968990,1479,0.29523
GMTUSDT,SELL,LIMIT,1702110970475,8267,0.29515
GMTUSDT,SELL,LIMIT,1702110971621,16382,0.29488
GMTUSDT,SELL,LIMIT,1702110976398,19480,0.29452
GMTUSDT,SELL,LIMIT,1702110981178,444,0.29412
GMTUSDT,SELL,LIMIT,1702110983245,16523,0.29375
GMTUSDT,SELL,LIMIT,1702110984658,53973,0.29354
GMTUSDT,SELL,LIMIT,1702110986824,98,0.29355
GMTUSDT,SELL,LIMIT,1702110988546,93,0.29353
GMTUSDT,SELL,LIMIT,1702110992763,702,0.29353
GMTUSDT,SELL,LIMIT,1702111026838,10545,0.29302
GMTUSDT,SELL,LIMIT,1702111030154,31713,0.29277
GMTUSDT,SELL,LIMIT,1702111031400,38,0.29265
GMTUSDT,SELL,LIMIT,1702111032781,64209,0.29252
GMTUSDT,SELL,LIMIT,1702111036332,3289,0.29216
GMTUSDT,SELL,LIMIT,1702111037560,27465,0.29205
GMTUSDT,SELL,LIMIT,1702111038590,715,0.29211
GMTUSDT,SELL,LIMIT,1702111039851,240,0.29181
GMTUSDT,SELL,LIMIT,1702111041156,21327,0.29165
GMTUSDT,SELL,LIMIT,1702111042371,549,0.29169
GMTUSDT,SELL,LIMIT,1702111043429,865,0.29091
GMTUSDT,SELL,LIMIT,1702111044467,747,0.29093
GMTUSDT,BUY,LIMIT,1702111059663,78,0.30066
GMTUSDT,SELL,LIMIT,1702111188129,505,0.29151
GMTUSDT,SELL,LIMIT,1702111373139,17133,0.29023
GMTUSDT,SELL,LIMIT,1702111375235,25,0.29015
GMTUSDT,SELL,LIMIT,1702111377093,667,0.28977
GMTUSDT,SELL,LIMIT,1702111378095,68,0.28985
GMTUSDT,SELL,LIMIT,1702111379407,166,0.28935
GMTUSDT,SELL,LIMIT,1702111380533,109553,0.28897
GMTUSDT,SELL,LIMIT,1702111382331,82,0.28885
GMTUSDT,SELL,LIMIT,1702111385165,434,0.28875
GMTUSDT,SELL,LIMIT,1702111387368,448,0.28841
GMTUSDT,SELL,LIMIT,1702111389276,287,0.28825
GMTUSDT,SELL,LIMIT,1702112309248,1328,0.29225
GMTUSDT,SELL,LIMIT,1702112319702,8946,0.29172
GMTUSDT,SELL,LIMIT,1702112321867,67,0.29171
GMTUSDT,SELL,LIMIT,1702113741117,3523,0.29725
GMTUSDT,SELL,LIMIT,1702114647152,71684,0.29644
GMTUSDT,SELL,LIMIT,1702114764432,46186,0.29545
GMTUSDT,SELL,LIMIT,1702115028962,11682,0.29442
GMTUSDT,SELL,LIMIT,1702115099129,15937,0.29339
GMTUSDT,SELL,LIMIT,1702120567643,317,0.29319
GMTUSDT,SELL,LIMIT,1702121320491,644,0.29213
GMTUSDT,SELL,LIMIT,1702124638647,2084,0.29225
GMTUSDT,SELL,LIMIT,1702125078232,1322,0.29159
GMTUSDT,SELL,LIMIT,1702125408626,130,0.29151
GMTUSDT,SELL,LIMIT,1702125872616,4030,0.29098
GMTUSDT,SELL,LIMIT,1702125892707,404,0.29065
GMTUSDT,SELL,LIMIT,1702125895216,25307,0.29047
GMTUSDT,SELL,LIMIT,1702128676257,46,0.29155
GMTUSDT,SELL,LIMIT,1702128687116,527,0.29103
GMTUSDT,SELL,LIMIT,1702129483614,13114,0.29196
GMTUSDT,BUY,LIMIT,1702131635105,573,0.30445
GMTUSDT,SELL,LIMIT,1702132669827,49,0.29395
GMTUSDT,SELL,LIMIT,1702132698105,1215,0.29367
GMTUSDT,SELL,LIMIT,1702132782154,629,0.29473
GMTUSDT,SELL,LIMIT,1702132924094,2698,0.29261
GMTUSDT,SELL,LIMIT,1702132995555,5803,0.29171
GMTUSDT,SELL,LIMIT,1702133001883,302,0.29077
GMTUSDT,SELL,LIMIT,1702133005323,2001,0.28969
GMTUSDT,SELL,LIMIT,1702133007231,1897,0.28960
GMTUSDT,SELL,LIMIT,1702133324214,1500,0.29069
GMTUSDT,SELL,LIMIT,1702133328294,1578,0.29052
GMTUSDT,SELL,LIMIT,1702133330297,25780,0.29032
GMTUSDT,BUY,LIMIT,1702133874945,1698,0.30167
GMTUSDT,SELL,LIMIT,1702134401417,6923,0.29126
GMTUSDT,SELL,LIMIT,1702134846206,43359,0.28954
GMTUSDT,SELL,LIMIT,1702134885672,50,0.28901
GMTUSDT,SELL,LIMIT,1702134887189,8600,0.28885
GMTUSDT,SELL,LIMIT,1702134895430,175,0.29163
GMTUSDT,SELL,LIMIT,1702135691076,2483,0.28952
GMTUSDT,BUY,LIMIT,1702136015589,17478,0.29984
GMTUSDT,BUY,LIMIT,1702136029492,273,0.30013
GMTUSDT,BUY,LIMIT,1702137002050,1276,0.30179
GMTUSDT,BUY,LIMIT,1702137851936,247,0.30382
GMTUSDT,SELL,LIMIT,1702138949118,2047,0.29401
GMTUSDT,SELL,LIMIT,1702138989558,114174,0.29357
GMTUSDT,SELL,LIMIT,1702139125595,175663,0.29159
GMTUSDT,SELL,LIMIT,1702139293321,1042,0.29028
GMTUSDT,BUY,LIMIT,1702139761758,130,0.30218
GMTUSDT,SELL,LIMIT,1702141562266,26,0.29131
GMTUSDT,SELL,LIMIT,1702141700593,331,0.28973
GMTUSDT,SELL,LIMIT,1702141839248,48,0.28888
GMTUSDT,SELL,LIMIT,1702141842636,7327,0.28864
GMTUSDT,SELL,LIMIT,1702141844286,1417,0.28839
GMTUSDT,SELL,LIMIT,1702141846049,89,0.28830
GMTUSDT,SELL,LIMIT,1702141847627,3020,0.28808
GMTUSDT,SELL,LIMIT,1702141849562,5679,0.28776
GMTUSDT,SELL,LIMIT,1702141850583,17047,0.28745
GMTUSDT,SELL,LIMIT,1702141854192,202,0.28733
GMTUSDT,BUY,LIMIT,1702143508995,4029,0.29982
GMTUSDT,SELL,LIMIT,1702144702121,86,0.29338
GMTUSDT,SELL,LIMIT,1702144707899,29813,0.29279
GMTUSDT,SELL,LIMIT,1702144758143,770,0.29262
GMTUSDT,BUY,LIMIT,1702148584423,147181,0.30463
GMTUSDT,SELL,LIMIT,1702152852741,174,0.29603
GMTUSDT,SELL,LIMIT,1702152896488,82,0.29563
GMTUSDT,SELL,LIMIT,1702153869877,4753,0.29378
GMTUSDT,SELL,LIMIT,1702156346827,982,0.29297
GMTUSDT,SELL,LIMIT,1702156357259,50648,0.29255
GMTUSDT,BUY,LIMIT,1702160975031,835,0.30748
GMTUSDT,SELL,LIMIT,1702162495185,18,0.29686
GMTUSDT,SELL,LIMIT,1702162544932,124,0.29679
GMTUSDT,SELL,LIMIT,1702162586478,456,0.29609
GMTUSDT,SELL,LIMIT,1702164140093,40,0.29825
GMTUSDT,SELL,LIMIT,1702164541505,41,0.29603
GMTUSDT,SELL,LIMIT,1702164748670,297,0.29546
GMTUSDT,SELL,LIMIT,1702164752432,175,0.29513
GMTUSDT,SELL,LIMIT,1702164792046,163,0.29395
GMTUSDT,SELL,LIMIT,1702164801667,5555,0.29293
GMTUSDT,SELL,LIMIT,1702164804332,1040,0.29277
GMTUSDT,SELL,LIMIT,1702164807591,10464,0.29355
GMTUSDT,BUY,LIMIT,1702164808918,30,0.30128
GMTUSDT,SELL,LIMIT,1702164870347,17508,0.29197
GMTUSDT,SELL,LIMIT,1702164964363,570,0.29168
GMTUSDT,BUY,LIMIT,1702168006017,1000,0.30764
GMTUSDT,BUY,LIMIT,1702168481952,345,0.30986
GMTUSDT,BUY,LIMIT,1702168483788,264,0.30992
GMTUSDT,BUY,LIMIT,1702169143355,382,0.31001
GMTUSDT,BUY,LIMIT,1702170571942,932,0.30942
GMTUSDT,BUY,LIMIT,1702171430246,92,0.31133
GMTUSDT,BUY,LIMIT,1702171590786,168,0.31161
GMTUSDT,BUY,LIMIT,1702171737991,261,0.31256
GMTUSDT,BUY,LIMIT,1702171786720,14000,0.31289
GMTUSDT,BUY,LIMIT,1702172057067,115,0.31325
GMTUSDT,BUY,LIMIT,1702172061425,22,0.31349
GMTUSDT,BUY,LIMIT,1702173062454,17709,0.31421
GMTUSDT,BUY,LIMIT,1702173161366,159,0.31474
GMTUSDT,BUY,LIMIT,1702173186676,741,0.31487
GMTUSDT,BUY,LIMIT,1702173284647,2885,0.31491
GMTUSDT,BUY,LIMIT,1702173447849,814,0.31590
GMTUSDT,BUY,LIMIT,1702173480485,2760,0.31623
GMTUSDT,BUY,LIMIT,1702173550148,239,0.31642
GMTUSDT,BUY,LIMIT,1702173651226,3002,0.31675
GMTUSDT,BUY,LIMIT,1702173659648,1146,0.31689
GMTUSDT,BUY,LIMIT,1702173711438,91,0.31747
GMTUSDT,BUY,LIMIT,1702173712494,6838,0.31746
GMTUSDT,BUY,LIMIT,1702173715011,10781,0.31756
GMTUSDT,BUY,LIMIT,1702173728030,934,0.31786
GMTUSDT,BUY,LIMIT,1702173757125,547,0.31861
GMTUSDT,BUY,LIMIT,1702173837071,2845,0.31871
GMTUSDT,BUY,LIMIT,1702173873541,1461,0.31910
GMTUSDT,SELL,LIMIT,1702174012075,160,0.30783
GMTUSDT,SELL,LIMIT,1702174169873,80,0.30784
GMTUSDT,BUY,LIMIT,1702174261619,16,0.31910
GMTUSDT,BUY,LIMIT,1702174288154,12127,0.31945
GMTUSDT,BUY,LIMIT,1702174292109,16700,0.31958
GMTUSDT,BUY,LIMIT,1702174295208,13230,0.31963
GMTUSDT,BUY,LIMIT,1702174412148,1371,0.31973
GMTUSDT,SELL,LIMIT,1702174455306,4290,0.30809
GMTUSDT,BUY,LIMIT,1702174617172,1384,0.31979
GMTUSDT,BUY,LIMIT,1702174618657,450,0.32082
GMTUSDT,SELL,LIMIT,1702174854566,289,0.30894
GMTUSDT,SELL,LIMIT,1702174938129,19580,0.30844
GMTUSDT,SELL,LIMIT,1702174942114,5696,0.30780
GMTUSDT,SELL,LIMIT,1702174944972,266,0.30775
GMTUSDT,SELL,LIMIT,1702175161231,605,0.30670
GMTUSDT,SELL,LIMIT,1702175163948,370,0.30646
GMTUSDT,SELL,LIMIT,1702175165055,60,0.30645
GMTUSDT,SELL,LIMIT,1702175536461,70285,0.30601
GMTUSDT,SELL,LIMIT,1702175555379,1204,0.30574
GMTUSDT,SELL,LIMIT,1702175569339,1204,0.30539
GMTUSDT,SELL,LIMIT,1702175573177,68,0.30533
GMTUSDT,BUY,LIMIT,1702175813068,14379,0.31613
GMTUSDT,SELL,LIMIT,1702176476837,2441,0.30486
GMTUSDT,SELL,LIMIT,1702176532045,16508,0.30401
GMTUSDT,SELL,LIMIT,1702176589120,1048,0.30373
GMTUSDT,SELL,LIMIT,1702177039064,11844,0.30259
GMTUSDT,SELL,LIMIT,1702177735070,3475,0.30118
GMTUSDT,SELL,LIMIT,1702178239031,665,0.30094
GMTUSDT,SELL,LIMIT,1702178275166,5894,0.30081
GMTUSDT,SELL,LIMIT,1702178319286,2393,0.30065
GMTUSDT,SELL,LIMIT,1702178323262,1057,0.30054
GMTUSDT,SELL,LIMIT,1702178701242,47941,0.30062
GMTUSDT,BUY,LIMIT,1702186322304,982,0.31429
GMTUSDT,BUY,LIMIT,1702186351336,129,0.31456
GMTUSDT,SELL,LIMIT,1702189171693,110,0.30283
GMTUSDT,SELL,LIMIT,1702189205957,16678,0.30269
GMTUSDT,SELL,LIMIT,1702189731589,1439,0.30216
GMTUSDT,SELL,LIMIT,1702189775433,1670,0.30185
GMTUSDT,SELL,LIMIT,1702189785523,24,0.30182
GMTUSDT,SELL,LIMIT,1702189845914,1161,0.30163
GMTUSDT,SELL,LIMIT,1702189871004,3947,0.30245
GMTUSDT,SELL,LIMIT,1702189972322,38,0.30175
GMTUSDT,SELL,LIMIT,1702190389665,2002,0.30120
GMTUSDT,SELL,LIMIT,1702192811698,457,0.30166
GMTUSDT,SELL,LIMIT,1702192828377,17682,0.30161
GMTUSDT,SELL,LIMIT,1702192832570,1000,0.30136
GMTUSDT,SELL,LIMIT,1702192880159,733,0.30095
GMTUSDT,SELL,LIMIT,1702192900513,566,0.30065
GMTUSDT,BUY,LIMIT,1702193343029,456,0.31449
GMTUSDT,BUY,LIMIT,1702193516365,6147,0.31572
GMTUSDT,BUY,LIMIT,1702193575940,753,0.31614
GMTUSDT,BUY,LIMIT,1702193860329,105082,0.31441
GMTUSDT,BUY,LIMIT,1702194278041,16360,0.31588
GMTUSDT,SELL,LIMIT,1702195587547,150,0.30493
GMTUSDT,SELL,LIMIT,1702195703510,77,0.30464
GMTUSDT,SELL,LIMIT,1702195705411,3244,0.30453
GMTUSDT,SELL,LIMIT,1702196589231,389,0.31068
GMTUSDT,SELL,LIMIT,1702196701589,509,0.30508
GMTUSDT,SELL,LIMIT,1702196709338,13772,0.30506
GMTUSDT,SELL,LIMIT,1702196719741,2344,0.30448
GMTUSDT,SELL,LIMIT,1702196965094,243,0.30409
GMTUSDT,SELL,LIMIT,1702197048152,80,0.30319
GMTUSDT,SELL,LIMIT,1702197054414,39978,0.30299
GMTUSDT,SELL,LIMIT,1702197076756,1173,0.30270
GMTUSDT,SELL,LIMIT,1702197078339,1173,0.30264
GMTUSDT,SELL,LIMIT,1702197083473,182,0.30257
GMTUSDT,SELL,LIMIT,1702197389139,60043,0.30391
GMTUSDT,SELL,LIMIT,1702197391071,4993,0.30388
GMTUSDT,SELL,LIMIT,1702197625841,5788,0.30237
GMTUSDT,SELL,LIMIT,1702197668922,2290,0.30187
GMTUSDT,SELL,LIMIT,1702197798067,205,0.30073
GMTUSDT,SELL,LIMIT,1702197801217,64,0.30063
GMTUSDT,SELL,LIMIT,1702197844613,125,0.30039
GMTUSDT,SELL,LIMIT,1702197850907,5752,0.29996
GMTUSDT,SELL,LIMIT,1702198083117,56470,0.29977
GMTUSDT,SELL,LIMIT,1702198084605,137,0.29961
GMTUSDT,SELL,LIMIT,1702200084079,139,0.29950
GMTUSDT,SELL,LIMIT,1702200086336,66,0.29940
GMTUSDT,SELL,LIMIT,1702200195548,8201,0.29916
GMTUSDT,SELL,LIMIT,1702200224628,471,0.29891
GMTUSDT,SELL,LIMIT,1702200328159,124860,0.29836
GMTUSDT,SELL,LIMIT,1702200570936,5440,0.29750
GMTUSDT,SELL,LIMIT,1702200648289,85,0.29733
GMTUSDT,SELL,LIMIT,1702200757232,8074,0.29698
GMTUSDT,SELL,LIMIT,1702200758864,625,0.29696
GMTUSDT,SELL,LIMIT,1702200760142,129,0.29683
GMTUSDT,SELL,LIMIT,1702200762558,7000,0.29671
GMTUSDT,SELL,LIMIT,1702200765701,76,0.29641
GMTUSDT,SELL,LIMIT,1702200793138,1296,0.29646
GMTUSDT,SELL,LIMIT,1702200800558,55,0.29630
GMTUSDT,SELL,LIMIT,1702200804268,64,0.29623
GMTUSDT,SELL,LIMIT,1702200870306,75,0.29608
GMTUSDT,SELL,LIMIT,1702200872652,67,0.29593
GMTUSDT,SELL,LIMIT,1702200874150,47,0.29582
GMTUSDT,SELL,LIMIT,1702200889027,350,0.29575
GMTUSDT,SELL,LIMIT,1702200891157,466,0.29566
GMTUSDT,SELL,LIMIT,1702200893824,23,0.29562
GMTUSDT,SELL,LIMIT,1702200895477,69,0.29550
GMTUSDT,SELL,LIMIT,1702200927299,6522,0.29489
GMTUSDT,SELL,LIMIT,1702200933747,68,0.29468
GMTUSDT,SELL,LIMIT,1702200935118,177,0.29457
GMTUSDT,SELL,LIMIT,1702200937182,34,0.29439
GMTUSDT,SELL,LIMIT,1702201276917,2851,0.29488
GMTUSDT,SELL,LIMIT,1702201409243,645,0.29443
GMTUSDT,SELL,LIMIT,1702201422276,224,0.29398
GMTUSDT,SELL,LIMIT,1702201424855,381,0.29372
GMTUSDT,SELL,LIMIT,1702201430287,129,0.29363
GMTUSDT,SELL,LIMIT,1702202056436,1149,0.29392
GMTUSDT,SELL,LIMIT,1702202081226,4936,0.29328
GMTUSDT,SELL,LIMIT,1702202082259,2442,0.29332
GMTUSDT,SELL,LIMIT,1702202084102,199,0.29328
GMTUSDT,SELL,LIMIT,1702202086331,188465,0.29290
GMTUSDT,SELL,LIMIT,1702202088867,38,0.29314
GMTUSDT,SELL,LIMIT,1702202097102,3312,0.29290
GMTUSDT,SELL,LIMIT,1702202098198,1378,0.29286
GMTUSDT,SELL,LIMIT,1702202161212,5392,0.29245
GMTUSDT,SELL,LIMIT,1702202163121,585,0.29243
GMTUSDT,SELL,LIMIT,1702202225450,181,0.29249
GMTUSDT,SELL,LIMIT,1702202258090,223,0.29223
GMTUSDT,SELL,LIMIT,1702202267739,168,0.29212
GMTUSDT,SELL,LIMIT,1702202290218,5109,0.29185
GMTUSDT,SELL,LIMIT,1702202292532,162,0.29181
GMTUSDT,SELL,LIMIT,1702202294331,838,0.29184
GMTUSDT,SELL,LIMIT,1702202297127,28,0.29171
GMTUSDT,SELL,LIMIT,1702202298586,963,0.29161
GMTUSDT,SELL,LIMIT,1702202300666,527,0.29137
GMTUSDT,SELL,LIMIT,1702202304081,527,0.29137
GMTUSDT,SELL,LIMIT,1702202307143,17,0.29124
GMTUSDT,SELL,LIMIT,1702202318311,596,0.29102
GMTUSDT,SELL,LIMIT,1702202322671,899,0.29107
GMTUSDT,SELL,LIMIT,1702202373277,98,0.29085
GMTUSDT,SELL,LIMIT,1702202375184,8736,0.29065
GMTUSDT,SELL,LIMIT,1702202378485,1234,0.29041
GMTUSDT,SELL,LIMIT,1702202380363,27,0.29009
GMTUSDT,SELL,LIMIT,1702202395232,287,0.29002
GMTUSDT,SELL,LIMIT,1702202400381,3227,0.28994
GMTUSDT,BUY,LIMIT,1702208269355,2392,0.30480
GMTUSDT,BUY,LIMIT,1702210784510,859,0.30690
GMTUSDT,BUY,LIMIT,1702210791950,2202,0.30712
GMTUSDT,SELL,LIMIT,1702211639814,33,0.29663
GMTUSDT,SELL,LIMIT,1702211701169,2749,0.29644
GMTUSDT,SELL,LIMIT,1702211703150,875,0.29644
GMTUSDT,SELL,LIMIT,1702214477883,66,0.29508
GMTUSDT,SELL,LIMIT,1702214491139,690,0.29485
GMTUSDT,SELL,LIMIT,1702214871310,19897,0.29366
GMTUSDT,BUY,LIMIT,1702217234595,280,0.30414
GMTUSDT,SELL,LIMIT,1702218333264,481,0.29323
GMTUSDT,SELL,LIMIT,1702218865109,4974,0.29257
GMTUSDT,SELL,LIMIT,1702218868158,281,0.29242
GMTUSDT,SELL,LIMIT,1702221122045,3718,0.29358
GMTUSDT,SELL,LIMIT,1702225853447,99,0.29416
GMTUSDT,SELL,LIMIT,1702226170921,1001,0.29377
GMTUSDT,SELL,LIMIT,1702226189119,688,0.29362
GMTUSDT,SELL,LIMIT,1702226747963,33342,0.29362
GMTUSDT,SELL,LIMIT,1702228015434,1794,0.29214
GMTUSDT,SELL,LIMIT,1702228017215,357,0.29188
GMTUSDT,SELL,LIMIT,1702228018939,204,0.29169
GMTUSDT,SELL,LIMIT,1702228534641,6634,0.29128
GMTUSDT,SELL,LIMIT,1702228543837,83504,0.29115
GMTUSDT,SELL,LIMIT,1702228766176,129,0.29059
GMTUSDT,SELL,LIMIT,1702228785187,433,0.29021
GMTUSDT,SELL,LIMIT,1702228787070,93,0.28996
GMTUSDT,SELL,LIMIT,1702228852279,384,0.28999
GMTUSDT,SELL,LIMIT,1702228866402,9655,0.28987
GMTUSDT,SELL,LIMIT,1702229155108,230,0.28972
GMTUSDT,SELL,LIMIT,1702229157197,1305,0.28964
GMTUSDT,SELL,LIMIT,1702229159009,1470,0.28947
GMTUSDT,SELL,LIMIT,1702229160888,2325,0.28930
GMTUSDT,SELL,LIMIT,1702229677099,1276,0.28900
GMTUSDT,SELL,LIMIT,1702229810484,754,0.28900
GMTUSDT,SELL,LIMIT,1702229812079,2295,0.28888
GMTUSDT,SELL,LIMIT,1702229819396,37897,0.28876
GMTUSDT,SELL,LIMIT,1702229850735,157,0.28861
GMTUSDT,SELL,LIMIT,1702229852332,462,0.28860
GMTUSDT,SELL,LIMIT,1702229857445,502,0.28845
GMTUSDT,SELL,LIMIT,1702229860382,5907,0.28833
GMTUSDT,SELL,LIMIT,1702229870615,770,0.28830
GMTUSDT,SELL,LIMIT,1702230143585,2277,0.28816
GMTUSDT,SELL,LIMIT,1702230183927,1189,0.28812
GMTUSDT,SELL,LIMIT,1702230193826,3972,0.28796
GMTUSDT,SELL,LIMIT,1702230207151,19,0.28787
GMTUSDT,SELL,LIMIT,1702230208332,73,0.28778
GMTUSDT,SELL,LIMIT,1702235137340,64,0.29107
GMTUSDT,SELL,LIMIT,1702235839352,374,0.29052
GMTUSDT,SELL,LIMIT,1702236186355,114,0.29088
GMTUSDT,SELL,LIMIT,1702239838443,1490,0.29192
GMTUSDT,BUY,LIMIT,1702240463607,1385,0.30177
GMTUSDT,BUY,LIMIT,1702240764155,337,0.30366
GMTUSDT,BUY,LIMIT,1702241347325,14641,0.30502
GMTUSDT,BUY,LIMIT,1702241348433,118,0.30529
GMTUSDT,BUY,LIMIT,1702241360840,368,0.30563
GMTUSDT,SELL,LIMIT,1702243641258,554,0.29525
GMTUSDT,SELL,LIMIT,1702243643461,36,0.29516
GMTUSDT,SELL,LIMIT,1702243650279,8260,0.29508
GMTUSDT,SELL,LIMIT,1702243683906,2238,0.29502
GMTUSDT,SELL,LIMIT,1702243710396,1333,0.29483
GMTUSDT,SELL,LIMIT,1702245718183,458,0.29345
GMTUSDT,BUY,LIMIT,1702249295238,3238,0.30564
GMTUSDT,SELL,LIMIT,1702250134326,5223,0.29424
GMTUSDT,SELL,LIMIT,1702250299376,288,0.29298
GMTUSDT,SELL,LIMIT,1702253852030,3193,0.29263
GMTUSDT,SELL,LIMIT,1702253878462,482,0.29228
GMTUSDT,SELL,LIMIT,1702253935162,33885,0.29190
GMTUSDT,SELL,LIMIT,1702255374208,617,0.29158
GMTUSDT,SELL,LIMIT,1702256435072,570,0.28974
GMTUSDT,SELL,LIMIT,1702256440392,158,0.28948
GMTUSDT,SELL,LIMIT,1702256495570,1215,0.28905
GMTUSDT,SELL,LIMIT,1702256524745,418689,0.28712
GMTUSDT,SELL,LIMIT,1702256560177,167,0.28851
GMTUSDT,SELL,LIMIT,1702256570335,22968,0.28846
GMTUSDT,SELL,LIMIT,1702256610438,1248,0.28794
GMTUSDT,SELL,LIMIT,1702256615082,3564,0.28772
GMTUSDT,SELL,LIMIT,1702256617653,2194,0.28770
GMTUSDT,SELL,LIMIT,1702256622730,585,0.28752
GMTUSDT,SELL,LIMIT,1702256670491,1230,0.28750
GMTUSDT,SELL,LIMIT,1702256717330,554,0.28739
GMTUSDT,SELL,LIMIT,1702256729754,7740,0.28704
GMTUSDT,SELL,LIMIT,1702256912256,70,0.28682
GMTUSDT,SELL,LIMIT,1702256914599,16293,0.28641
GMTUSDT,SELL,LIMIT,1702256916425,669,0.28640
GMTUSDT,SELL,LIMIT,1702256918412,522,0.28622
GMTUSDT,SELL,LIMIT,1702256994224,1608,0.28580
GMTUSDT,SELL,LIMIT,1702256995288,1020,0.28588
GMTUSDT,SELL,LIMIT,1702256997474,6744,0.28549
GMTUSDT,SELL,LIMIT,1702256998760,2858,0.28564
GMTUSDT,SELL,LIMIT,1702257004461,13335,0.28543
GMTUSDT,SELL,LIMIT,1702257008151,16825,0.28517
GMTUSDT,BUY,LIMIT,1702257220546,6190,0.29759
GMTUSDT,SELL,LIMIT,1702260252241,7350,0.28882
GMTUSDT,SELL,LIMIT,1702260320322,577,0.29050
GMTUSDT,SELL,LIMIT,1702260323667,3076,0.28732
GMTUSDT,SELL,LIMIT,1702260427693,4467,0.28651
GMTUSDT,SELL,LIMIT,1702260429270,2055,0.28768
GMTUSDT,SELL,LIMIT,1702260430936,2666,0.28605
GMTUSDT,SELL,LIMIT,1702260433531,494,0.28581
GMTUSDT,SELL,LIMIT,1702260434680,19,0.28561
GMTUSDT,SELL,LIMIT,1702260436564,1827,0.28530
GMTUSDT,SELL,LIMIT,1702260439394,1252,0.28496
GMTUSDT,SELL,LIMIT,1702260440428,8862,0.28484
GMTUSDT,SELL,LIMIT,1702260442743,689,0.28472
GMTUSDT,SELL,LIMIT,1702260444017,439,0.28441
GMTUSDT,SELL,LIMIT,1702260620865,1000,0.28431
GMTUSDT,SELL,LIMIT,1702260622070,659,0.28428
GMTUSDT,SELL,LIMIT,1702260623524,8144,0.28418
GMTUSDT,SELL,LIMIT,1702260627175,609,0.28389
GMTUSDT,SELL,LIMIT,1702260628396,138,0.28385
GMTUSDT,SELL,LIMIT,1702260629872,728,0.28359
GMTUSDT,SELL,LIMIT,1702260631251,463,0.28328
GMTUSDT,SELL,LIMIT,1702260632383,53102,0.28313
GMTUSDT,SELL,LIMIT,1702260633398,5086,0.28278
GMTUSDT,SELL,LIMIT,1702260634496,64,0.28283
GMTUSDT,SELL,LIMIT,1702260636284,36520,0.28241
GMTUSDT,SELL,LIMIT,1702260637498,318,0.28232
GMTUSDT,SELL,LIMIT,1702260667219,155,0.28242
GMTUSDT,SELL,LIMIT,1702260689862,313,0.28210
GMTUSDT,SELL,LIMIT,1702260691130,7223,0.28200
GMTUSDT,SELL,LIMIT,1702260693083,519,0.28182
GMTUSDT,SELL,LIMIT,1702260694203,300,0.28192
GMTUSDT,SELL,LIMIT,1702260695243,680,0.28132
GMTUSDT,SELL,LIMIT,1702260696285,2144,0.28150
GMTUSDT,SELL,LIMIT,1702260697642,5217,0.28142
GMTUSDT,SELL,LIMIT,1702260699261,3740,0.28143
GMTUSDT,SELL,LIMIT,1702260700863,500,0.28134
GMTUSDT,SELL,LIMIT,1702260707749,13486,0.28089
GMTUSDT,SELL,LIMIT,1702260708814,11858,0.28057
GMTUSDT,SELL,LIMIT,1702260709892,29686,0.28113
GMTUSDT,SELL,LIMIT,1702260711014,321,0.28043
GMTUSDT,SELL,LIMIT,1702260712222,133,0.27992
GMTUSDT,SELL,LIMIT,1702260714253,40000,0.27934
GMTUSDT,SELL,LIMIT,1702260715389,227,0.27966
GMTUSDT,SELL,LIMIT,1702260716523,40000,0.27911
GMTUSDT,SELL,LIMIT,1702260717514,1171,0.27856
GMTUSDT,SELL,LIMIT,1702260718685,682,0.27849
GMTUSDT,SELL,LIMIT,1702260720365,185962,0.27836
GMTUSDT,SELL,LIMIT,1702260722628,340,0.27790
GMTUSDT,SELL,LIMIT,1702260723689,334,0.27790
GMTUSDT,SELL,LIMIT,1702260724948,2547,0.27753
GMTUSDT,SELL,LIMIT,1702260725967,153,0.27775
GMTUSDT,SELL,LIMIT,1702260728343,222,0.27815
GMTUSDT,SELL,LIMIT,1702260729542,42,0.27648
GMTUSDT,SELL,LIMIT,1702260730542,23,0.27900
GMTUSDT,SELL,LIMIT,1702260731938,542,0.27648
GMTUSDT,SELL,LIMIT,1702260733076,1398,0.27620
GMTUSDT,SELL,LIMIT,1702260734217,519,0.27459
GMTUSDT,SELL,LIMIT,1702260736307,1042,0.27316
GMTUSDT,SELL,LIMIT,1702260737362,16781,0.27375
GMTUSDT,SELL,LIMIT,1702260738385,341,0.27767
GMTUSDT,SELL,LIMIT,1702260739397,7662,0.27382
GMTUSDT,SELL,LIMIT,1702260740673,419,0.27347
GMTUSDT,SELL,LIMIT,1702260741850,19000,0.27345
GMTUSDT,SELL,LIMIT,1702260742884,1625,0.27347
GMTUSDT,SELL,LIMIT,1702260743888,194,0.27274
GMTUSDT,SELL,LIMIT,1702260745260,8580,0.27206
GMTUSDT,SELL,LIMIT,1702260746941,2417,0.27221
GMTUSDT,SELL,LIMIT,1702260748609,2043,0.27200
GMTUSDT,SELL,LIMIT,1702260749723,8251,0.27207
GMTUSDT,SELL,LIMIT,1702260751612,641,0.27255
GMTUSDT,SELL,LIMIT,1702260752824,66,0.27204
GMTUSDT,SELL,LIMIT,1702260753930,19478,0.27177
GMTUSDT,SELL,LIMIT,1702260755450,2730,0.27134
GMTUSDT,SELL,LIMIT,1702260756462,3187,0.27112
GMTUSDT,SELL,LIMIT,1702260757472,785,0.27034
GMTUSDT,SELL,LIMIT,1702260758465,4350,0.26988
GMTUSDT,SELL,LIMIT,1702260759842,1067,0.27013
GMTUSDT,SELL,LIMIT,1702260760863,3449,0.26911
GMTUSDT,SELL,LIMIT,1702260761866,186944,0.26696
GMTUSDT,SELL,LIMIT,1702260762985,127,0.26880
GMTUSDT,SELL,LIMIT,1702260763996,514,0.26839
GMTUSDT,SELL,LIMIT,1702260765080,237,0.26873
GMTUSDT,SELL,LIMIT,1702260766140,50,0.26702
GMTUSDT,SELL,LIMIT,1702260767151,35,0.26685
GMTUSDT,SELL,LIMIT,1702260768198,1267,0.26550
GMTUSDT,SELL,LIMIT,1702260769550,2327,0.26539
GMTUSDT,SELL,LIMIT,1702260770677,1303,0.26257
GMTUSDT,SELL,LIMIT,1702260771707,3928,0.26261
GMTUSDT,SELL,LIMIT,1702260772918,852,0.26320
GMTUSDT,SELL,LIMIT,1702260774365,51719,0.26152
GMTUSDT,SELL,LIMIT,1702260775469,21206,0.26138
GMTUSDT,SELL,LIMIT,1702260776474,1062,0.26149
GMTUSDT,SELL,LIMIT,1702260777492,65,0.26132
GMTUSDT,SELL,LIMIT,1702260778492,20,0.26100
GMTUSDT,SELL,LIMIT,1702260779615,12795,0.25919
GMTUSDT,SELL,LIMIT,1702260780670,52,0.26099
GMTUSDT,SELL,LIMIT,1702260781743,178,0.25845
GMTUSDT,SELL,LIMIT,1702260782833,500,0.25807
GMTUSDT,SELL,LIMIT,1702260783883,135005,0.25762
GMTUSDT,SELL,LIMIT,1702260784981,400,0.25791
GMTUSDT,SELL,LIMIT,1702260786172,2000,0.25732
GMTUSDT,SELL,LIMIT,1702260787402,23183,0.25726
GMTUSDT,SELL,LIMIT,1702260788460,145,0.25538
GMTUSDT,SELL,LIMIT,1702260789499,88,0.25531
GMTUSDT,SELL,LIMIT,1702260790529,182,0.25377
GMTUSDT,SELL,LIMIT,1702260791558,25406,0.25414
GMTUSDT,SELL,LIMIT,1702260792564,36576,0.25344
GMTUSDT,SELL,LIMIT,1702260793597,1662,0.25272
GMTUSDT,SELL,LIMIT,1702260794611,1690,0.25332
GMTUSDT,SELL,LIMIT,1702260795722,3333,0.25213
GMTUSDT,SELL,LIMIT,1702260797342,49,0.25256
GMTUSDT,SELL,LIMIT,1702260798437,56,0.25350
GMTUSDT,SELL,LIMIT,1702260799575,324,0.25213
GMTUSDT,SELL,LIMIT,1702260800609,2975,0.25145
GMTUSDT,SELL,LIMIT,1702260801638,355,0.25162
GMTUSDT,SELL,LIMIT,1702260802712,18,0.25157
GMTUSDT,SELL,LIMIT,1702260803824,897,0.25196
GMTUSDT,SELL,LIMIT,1702260805417,18423,0.25120
GMTUSDT,SELL,LIMIT,1702260806476,4014,0.25076
GMTUSDT,SELL,LIMIT,1702260807516,142,0.25092
GMTUSDT,SELL,LIMIT,1702260808561,476,0.25029
GMTUSDT,SELL,LIMIT,1702260810065,33089,0.25033
GMTUSDT,SELL,LIMIT,1702260811221,17838,0.25065
GMTUSDT,SELL,LIMIT,1702260813264,3540,0.25098
GMTUSDT,SELL,LIMIT,1702260814430,7349,0.25103
GMTUSDT,SELL,LIMIT,1702260815585,304,0.25049
GMTUSDT,SELL,LIMIT,1702260816656,252,0.25013
GMTUSDT,SELL,LIMIT,1702260818224,2116,0.24986
GMTUSDT,SELL,LIMIT,1702260819329,13500,0.24905
GMTUSDT,SELL,LIMIT,1702260821068,1000,0.24881
GMTUSDT,SELL,LIMIT,1702260822207,9117,0.24947
GMTUSDT,SELL,LIMIT,1702260826279,3365,0.25435
GMTUSDT,BUY,LIMIT,1702260828546,500,0.25862
GMTUSDT,BUY,LIMIT,1702260852216,11290,0.26559
GMTUSDT,SELL,LIMIT,1702260978113,1727,0.26541
GMTUSDT,SELL,LIMIT,1702260984156,7385,0.26458
GMTUSDT,BUY,LIMIT,1702261039291,41922,0.27426
GMTUSDT,SELL,LIMIT,1702261546893,2456,0.27149
GMTUSDT,SELL,LIMIT,1702261597798,1878,0.27055
GMTUSDT,SELL,LIMIT,1702261599619,1813,0.27008
GMTUSDT,SELL,LIMIT,1702262422280,1007,0.26987
GMTUSDT,SELL,LIMIT,1702262457738,1092,0.26924
GMTUSDT,SELL,LIMIT,1702262460777,813,0.26907
GMTUSDT,SELL,LIMIT,1702262614629,29559,0.26672
GMTUSDT,SELL,LIMIT,1702262834759,144,0.26679
GMTUSDT,SELL,LIMIT,1702262835855,5670,0.26659
GMTUSDT,SELL,LIMIT,1702262873708,194,0.26598
GMTUSDT,SELL,LIMIT,1702263025382,5,0.26799
GMTUSDT,SELL,LIMIT,1702263414158,396,0.26908
GMTUSDT,SELL,LIMIT,1702264911967,435,0.27155
GMTUSDT,SELL,LIMIT,1702265724235,34,0.27334
GMTUSDT,BUY,LIMIT,1702266015851,6697,0.28395
GMTUSDT,SELL,LIMIT,1702266101500,17,0.27543
GMTUSDT,SELL,LIMIT,1702266310248,1242,0.27436
GMTUSDT,SELL,LIMIT,1702267205481,2324,0.27318
GMTUSDT,BUY,LIMIT,1702267533166,7056,0.28177
GMTUSDT,SELL,LIMIT,1702268506324,510,0.27213
