Symbol,Side,Order Type,Time,Quantity,Price
GMTUSDT,BUY,LIMIT,1700845890526,1197,0.28228
GMTUSDT,BUY,LIMIT,1700846507130,9097,0.28426
GMTUSDT,BUY,LIMIT,1700846612132,124,0.28459
GMTUSDT,BUY,LIMIT,1700848214461,908,0.28622
GMTUSDT,BUY,LIMIT,1700848311389,1540,0.28631
GMTUSDT,BUY,LIMIT,1700848621126,66,0.28688
GMTUSDT,BUY,LIMIT,1700848632610,1149,0.28724
GMTUSDT,BUY,LIMIT,1700848881864,1728,0.28740
GMTUSDT,BUY,LIMIT,1700849012401,27192,0.28802
GMTUSDT,BUY,LIMIT,1700849037217,29329,0.28839
GMTUSDT,BUY,LIMIT,1700849278432,361,0.28846
GMTUSDT,BUY,LIMIT,1700849341080,4839,0.28858
GMTUSDT,BUY,LIMIT,1700849343304,279,0.28869
GMTUSDT,BUY,LIMIT,1700849345207,1034,0.28872
GMTUSDT,BUY,LIMIT,1700849350271,168,0.28890
GMTUSDT,BUY,LIMIT,1700849371086,55,0.28241
GMTUSDT,SELL,LIMIT,1700849713352,6294,0.27831
GMTUSDT,BUY,LIMIT,1700850103156,10321,0.28870
GMTUSDT,BUY,LIMIT,1700850439735,6215,0.28972
GMTUSDT,BUY,LIMIT,1700850477570,619,0.29010
GMTUSDT,BUY,LIMIT,1700850493048,61,0.29076
GMTUSDT,BUY,LIMIT,1700850518044,1204,0.29083
GMTUSDT,BUY,LIMIT,1700850521245,1502,0.29113
GMTUSDT,BUY,LIMIT,1700850525814,20,0.29148
GMTUSDT,SELL,LIMIT,1700854299613,9566,0.27965
GMTUSDT,SELL,LIMIT,1700854528333,598,0.27901
GMTUSDT,SELL,LIMIT,1700855673135,4076,0.27813
GMTUSDT,SELL,LIMIT,1700855680130,139,0.27780
GMTUSDT,SELL,LIMIT,1700856843519,3424,0.27551
GMTUSDT,SELL,LIMIT,1700857439235,117,0.27472
GMTUSDT,BUY,LIMIT,1700859049063,87,0.28605
GMTUSDT,BUY,LIMIT,1700859065412,4849,0.28622
GMTUSDT,BUY,LIMIT,1700859076007,2254,0.28635
GMTUSDT,BUY,LIMIT,1700859472505,4616,0.28789
GMTUSDT,BUY,LIMIT,1700859514987,699,0.28805
GMTUSDT,BUY,LIMIT,1700859819579,357,0.28870
GMTUSDT,BUY,LIMIT,1700860282492,719,0.28904
GMTUSDT,BUY,LIMIT,1700860801208,90,0.28928
GMTUSDT,SELL,LIMIT,1700861246073,2539,0.27967
GMTUSDT,BUY,LIMIT,1700862045366,1743,0.28990
GMTUSDT,BUY,LIMIT,1700862566091,4273,0.29041
GMTUSDT,BUY,LIMIT,1700865198502,23712,0.29074
GMTUSDT,BUY,LIMIT,1700865488093,317,0.29174
GMTUSDT,BUY,LIMIT,1700866002453,977,0.29190
GMTUSDT,SELL,LIMIT,1700866969422,3690,0.28172
GMTUSDT,SELL,LIMIT,1700867056133,30763,0.28136
GMTUSDT,BUY,LIMIT,1700868462580,497,0.29111
GMTUSDT,BUY,LIMIT,1700868586130,2541,0.29201
GMTUSDT,BUY,LIMIT,1700869124540,8275,0.29249
GMTUSDT,BUY,LIMIT,1700869191351,675,0.29309
GMTUSDT,BUY,LIMIT,1700869340675,201,0.29334
GMTUSDT,BUY,LIMIT,1700869508142,30123,0.29409
GMTUSDT,BUY,LIMIT,1700869528333,5748,0.29425
GMTUSDT,BUY,LIMIT,1700869544853,223,0.29429
GMTUSDT,BUY,LIMIT,1700869550090,847,0.29453
GMTUSDT,BUY,LIMIT,1700869551117,337,0.29476
GMTUSDT,BUY,LIMIT,1700869553942,343,0.29489
GMTUSDT,BUY,LIMIT,1700869561785,19,0.29501
GMTUSDT,BUY,LIMIT,1700869573544,26,0.29528
GMTUSDT,BUY,LIMIT,1700869575326,17767,0.29531
GMTUSDT,BUY,LIMIT,1700869576762,540,0.29544
GMTUSDT,BUY,LIMIT,1700869610212,19751,0.29563
GMTUSDT,SELL,LIMIT,1700870558431,891,0.28358
GMTUSDT,SELL,LIMIT,1700870584786,219,0.28279
GMTUSDT,SELL,LIMIT,1700870600404,1060,0.28263
GMTUSDT,SELL,LIMIT,1700870814106,55,0.28118
GMTUSDT,SELL,LIMIT,1700870821133,5080,0.28097
GMTUSDT,BUY,LIMIT,1700875061214,530,0.29485
GMTUSDT,BUY,LIMIT,1700875169124,172,0.29573
GMTUSDT,BUY,LIMIT,1700875201314,38,0.29599
GMTUSDT,BUY,LIMIT,1700875208413,2802,0.29618
GMTUSDT,BUY,LIMIT,1700875210697,34,0.29644
GMTUSDT,BUY,LIMIT,1700875214890,217,0.29649
GMTUSDT,BUY,LIMIT,1700875217389,97,0.29655
GMTUSDT,BUY,LIMIT,1700875289121,7033,0.29676
GMTUSDT,BUY,LIMIT,1700875290522,42987,0.29678
GMTUSDT,BUY,LIMIT,1700875324083,3707,0.29683
GMTUSDT,BUY,LIMIT,1700875339600,26,0.29726
GMTUSDT,BUY,LIMIT,1700875573907,60779,0.29735
GMTUSDT,BUY,LIMIT,1700875591641,820,0.29766
GMTUSDT,BUY,LIMIT,1700875597364,1782,0.29772
GMTUSDT,BUY,LIMIT,1700875616222,5891,0.29800
GMTUSDT,BUY,LIMIT,1700875617388,521,0.29804
GMTUSDT,BUY,LIMIT,1700875706278,2771,0.29837
GMTUSDT,BUY,LIMIT,1700875714791,1401,0.29873
GMTUSDT,BUY,LIMIT,1700875718345,145810,0.29885
GMTUSDT,BUY,LIMIT,1700875807061,1017,0.29914
GMTUSDT,BUY,LIMIT,1700875819488,351,0.29922
GMTUSDT,BUY,LIMIT,1700875841119,81,0.29944
GMTUSDT,BUY,LIMIT,1700875870458,97,0.29991
GMTUSDT,BUY,LIMIT,1700875936157,66,0.30014
GMTUSDT,BUY,LIMIT,1700875940681,2081,0.30030
GMTUSDT,BUY,LIMIT,1700875942282,1635,0.30036
GMTUSDT,BUY,LIMIT,1700875965818,12815,0.30072
GMTUSDT,BUY,LIMIT,1700875968693,10036,0.30104
GMTUSDT,BUY,LIMIT,1700875974891,764,0.30111
GMTUSDT,BUY,LIMIT,1700875982211,5576,0.30118
GMTUSDT,BUY,LIMIT,1700876003255,973,0.30155
GMTUSDT,BUY,LIMIT,1700876004625,239,0.30158
GMTUSDT,BUY,LIMIT,1700876012333,14962,0.30168
GMTUSDT,BUY,LIMIT,1700876015786,104,0.30167
GMTUSDT,BUY,LIMIT,1700876018407,13046,0.30172
GMTUSDT,BUY,LIMIT,1700876021494,1797,0.30192
GMTUSDT,BUY,LIMIT,1700876024456,7980,0.30197
GMTUSDT,BUY,LIMIT,1700876029252,5878,0.30217
GMTUSDT,BUY,LIMIT,1700876034878,76,0.30221
GMTUSDT,BUY,LIMIT,1700876049849,195,0.30231
GMTUSDT,SELL,LIMIT,1700876125677,59,0.29207
GMTUSDT,SELL,LIMIT,1700876144802,1470,0.29183
GMTUSDT,SELL,LIMIT,1700876353262,2508,0.29083
GMTUSDT,BUY,LIMIT,1700876590456,2716,0.30044
GMTUSDT,BUY,LIMIT,1700877030064,945,0.30266
GMTUSDT,BUY,LIMIT,1700877034710,125,0.30271
GMTUSDT,BUY,LIMIT,1700877345199,1928,0.30284
GMTUSDT,BUY,LIMIT,1700877383109,416,0.30319
GMTUSDT,BUY,LIMIT,1700877384192,6000,0.30408
GMTUSDT,BUY,LIMIT,1700877385255,5157,0.30403
GMTUSDT,BUY,LIMIT,1700877389697,1377,0.30460
GMTUSDT,BUY,LIMIT,1700877399202,2697,0.30500
GMTUSDT,BUY,LIMIT,1700877402262,3642,0.30520
GMTUSDT,BUY,LIMIT,1700877407418,711,0.30543
GMTUSDT,BUY,LIMIT,1700877408788,48550,0.30554
GMTUSDT,BUY,LIMIT,1700877411252,17,0.30587
GMTUSDT,BUY,LIMIT,1700877415083,200000,0.30665
GMTUSDT,BUY,LIMIT,1700877416414,1939,0.30628
GMTUSDT,BUY,LIMIT,1700877600797,8345,0.30668
GMTUSDT,BUY,LIMIT,1700877617544,520,0.30704
GMTUSDT,BUY,LIMIT,1700877746217,7411,0.30593
GMTUSDT,SELL,LIMIT,1700877929014,3798,0.29525
GMTUSDT,SELL,LIMIT,1700878186875,1103,0.29374
GMTUSDT,BUY,LIMIT,1700878702795,33712,0.30490
GMTUSDT,BUY,LIMIT,1700878934084,448,0.30730
GMTUSDT,BUY,LIMIT,1700878935249,199,0.30719
GMTUSDT,BUY,LIMIT,1700878942405,218,0.30754
GMTUSDT,BUY,LIMIT,1700878943496,459425,0.30981
GMTUSDT,BUY,LIMIT,1700878944505,45610,0.30817
GMTUSDT,BUY,LIMIT,1700878946271,797,0.30823
GMTUSDT,BUY,LIMIT,1700878947986,40,0.30868
GMTUSDT,BUY,LIMIT,1700878949046,3561,0.30934
GMTUSDT,BUY,LIMIT,1700878952114,3011,0.30947
GMTUSDT,BUY,LIMIT,1700878953137,367,0.30987
GMTUSDT,BUY,LIMIT,1700878958493,1808,0.30994
GMTUSDT,BUY,LIMIT,1700878976103,2181,0.31030
GMTUSDT,BUY,LIMIT,1700878983051,282,0.31062
GMTUSDT,BUY,LIMIT,1700878984188,1638,0.31066
GMTUSDT,BUY,LIMIT,1700878985863,668,0.31090
GMTUSDT,BUY,LIMIT,1700878987275,32298,0.31100
GMTUSDT,BUY,LIMIT,1700878990887,16459,0.31118
GMTUSDT,BUY,LIMIT,1700878991942,289,0.31156
GMTUSDT,BUY,LIMIT,1700878994482,6000,0.31197
GMTUSDT,BUY,LIMIT,1700879001785,4708,0.31220
GMTUSDT,BUY,LIMIT,1700879003004,35,0.31236
GMTUSDT,BUY,LIMIT,1700879012597,6597,0.31289
GMTUSDT,BUY,LIMIT,1700879017876,16086,0.31317
GMTUSDT,SELL,LIMIT,1700879310307,7979,0.30053
GMTUSDT,BUY,LIMIT,1700879530275,137537,0.31278
GMTUSDT,BUY,LIMIT,1700879561442,14,0.31339
GMTUSDT,BUY,LIMIT,1700879563431,11236,0.31359
GMTUSDT,BUY,LIMIT,1700879565048,400,0.31361
GMTUSDT,BUY,LIMIT,1700879566128,3714,0.31380
GMTUSDT,BUY,LIMIT,1700880330094,5979,0.31404
GMTUSDT,BUY,LIMIT,1700880331113,577,0.31412
GMTUSDT,BUY,LIMIT,1700880332122,6400,0.31498
GMTUSDT,BUY,LIMIT,1700880333236,638,0.31554
GMTUSDT,BUY,LIMIT,1700880334790,184,0.31557
GMTUSDT,BUY,LIMIT,1700880336657,56,0.31598
GMTUSDT,BUY,LIMIT,1700880338449,6960,0.31607
GMTUSDT,BUY,LIMIT,1700880341330,61,0.31630
GMTUSDT,BUY,LIMIT,1700880343155,117734,0.31668
GMTUSDT,BUY,LIMIT,1700880344507,1648,0.31685
GMTUSDT,BUY,LIMIT,1700880346388,3673,0.31724
GMTUSDT,BUY,LIMIT,1700880347475,1208,0.31739
GMTUSDT,BUY,LIMIT,1700880348953,581,0.31751
GMTUSDT,BUY,LIMIT,1700880354358,259,0.31786
GMTUSDT,BUY,LIMIT,1700880356096,6504,0.31823
GMTUSDT,BUY,LIMIT,1700880357173,118,0.31817
GMTUSDT,BUY,LIMIT,1700880361886,1075,0.31838
GMTUSDT,BUY,LIMIT,1700880369507,22365,0.31864
GMTUSDT,BUY,LIMIT,1700880381360,5752,0.31868
GMTUSDT,BUY,LIMIT,1700880383245,366,0.31913
GMTUSDT,BUY,LIMIT,1700880384452,185,0.31923
GMTUSDT,BUY,LIMIT,1700880385545,314,0.31992
GMTUSDT,BUY,LIMIT,1700880389858,4867,0.31997
GMTUSDT,BUY,LIMIT,1700880391312,366,0.32002
GMTUSDT,BUY,LIMIT,1700880393434,22734,0.32017
GMTUSDT,BUY,LIMIT,1700880397700,137566,0.32052
GMTUSDT,BUY,LIMIT,1700880400050,5000,0.32085
GMTUSDT,BUY,LIMIT,1700880401112,437,0.32065
GMTUSDT,BUY,LIMIT,1700880402169,356,0.32088
GMTUSDT,BUY,LIMIT,1700880403638,898,0.32125
GMTUSDT,BUY,LIMIT,1700880413045,20000,0.32173
GMTUSDT,BUY,LIMIT,1700880414153,340,0.32192
GMTUSDT,BUY,LIMIT,1700880423297,87,0.32223
GMTUSDT,BUY,LIMIT,1700880510346,2302,0.32228
GMTUSDT,BUY,LIMIT,1700880515185,24140,0.32287
GMTUSDT,BUY,LIMIT,1700880523269,6614,0.32312
GMTUSDT,BUY,LIMIT,1700880524352,3051,0.32334
GMTUSDT,BUY,LIMIT,1700880539380,777,0.32346
GMTUSDT,BUY,LIMIT,1700880541165,13059,0.32369
GMTUSDT,SELL,LIMIT,1700880607200,3800,0.31282
GMTUSDT,SELL,LIMIT,1700880650167,56806,0.31172
GMTUSDT,SELL,LIMIT,1700880697150,6677,0.31048
GMTUSDT,SELL,LIMIT,1700880706195,106,0.30992
GMTUSDT,SELL,LIMIT,1700880910745,776,0.30961
GMTUSDT,BUY,LIMIT,1700881016195,526,0.32114
GMTUSDT,SELL,LIMIT,1700881108355,1817,0.31029
GMTUSDT,BUY,LIMIT,1700881498224,13994,0.32181
GMTUSDT,SELL,LIMIT,1700881624060,124,0.30853
GMTUSDT,SELL,LIMIT,1700881644119,12046,0.30809
GMTUSDT,BUY,LIMIT,1700881858948,6496,0.32023
GMTUSDT,SELL,LIMIT,1700882275147,80341,0.31061
