Symbol,Side,Order Type,Time,Quantity,Price
GMTUSDT,SELL,LIMIT,1700989146773,100,0.33919
GMTUSDT,SELL,LIMIT,1700989210591,8635,0.33887
GMTUSDT,SELL,LIMIT,1700989269064,5487,0.33794
GMTUSDT,SELL,LIMIT,1700989270071,5759,0.33843
GMTUSDT,SELL,LIMIT,1700989296267,579,0.33751
GMTUSDT,SELL,LIMIT,1700989297387,495,0.33743
GMTUSDT,SELL,LIMIT,1700989340154,726,0.33603
GMTUSDT,SELL,LIMIT,1700989341328,2284,0.33613
GMTUSDT,SELL,LIMIT,1700989349662,14532,0.33583
GMTUSDT,SELL,LIMIT,1700989857753,2759,0.33557
GMTUSDT,SELL,LIMIT,1700989874138,1539,0.33515
GMTUSDT,SELL,LIMIT,1700989875156,848,0.33360
GMTUSDT,SELL,LIMIT,1700989876357,1254,0.33353
GMTUSDT,SELL,LIMIT,1700989878086,2962,0.33314
GMTUSDT,SELL,LIMIT,1700989879345,269,0.33303
GMTUSDT,SELL,LIMIT,1700989927101,275,0.33303
GMTUSDT,SELL,LIMIT,1700989944827,3085,0.33289
GMTUSDT,SELL,LIMIT,1700990049675,25,0.33263
GMTUSDT,SELL,LIMIT,1700990070718,165,0.33255
GMTUSDT,SELL,LIMIT,1700990076380,19673,0.33249
GMTUSDT,SELL,LIMIT,1700990077923,602,0.33235
GMTUSDT,SELL,LIMIT,1700990079132,307,0.33227
GMTUSDT,SELL,LIMIT,1700990080224,66,0.33200
GMTUSDT,SELL,LIMIT,1700990082079,30620,0.33169
GMTUSDT,SELL,LIMIT,1700990083167,5837,0.33143
GMTUSDT,SELL,LIMIT,1700990094444,160,0.33117
GMTUSDT,SELL,LIMIT,1700990900764,5796,0.33162
GMTUSDT,SELL,LIMIT,1700990917636,800,0.33141
GMTUSDT,SELL,LIMIT,1700990918962,354,0.33131
GMTUSDT,SELL,LIMIT,1700990934039,37,0.33115
GMTUSDT,SELL,LIMIT,1700990940080,74,0.33057
GMTUSDT,SELL,LIMIT,1700990942114,490,0.33034
GMTUSDT,SELL,LIMIT,1700990943194,8802,0.33049
GMTUSDT,SELL,LIMIT,1700990944281,25,0.33003
GMTUSDT,SELL,LIMIT,1700990945573,104,0.32972
GMTUSDT,SELL,LIMIT,1700990947918,286,0.32936
GMTUSDT,SELL,LIMIT,1700990949119,44838,0.32865
GMTUSDT,SELL,LIMIT,1700990950163,11807,0.32871
GMTUSDT,SELL,LIMIT,1700991108421,5736,0.32873
GMTUSDT,SELL,LIMIT,1700991113158,204,0.32863
GMTUSDT,SELL,LIMIT,1700991114206,2755,0.32867
GMTUSDT,SELL,LIMIT,1700991124284,1220,0.32852
GMTUSDT,SELL,LIMIT,1700991161669,712,0.32825
GMTUSDT,SELL,LIMIT,1700991164209,683,0.32821
GMTUSDT,SELL,LIMIT,1700991171135,252,0.32815
GMTUSDT,BUY,LIMIT,1700991357997,571,0.34017
GMTUSDT,BUY,LIMIT,1700991394073,1364,0.34030
GMTUSDT,BUY,LIMIT,1700991412487,400,0.34059
GMTUSDT,BUY,LIMIT,1700991645206,1457,0.34099
GMTUSDT,BUY,LIMIT,1700991646527,476,0.34113
GMTUSDT,BUY,LIMIT,1700991660964,178,0.34144
GMTUSDT,BUY,LIMIT,1700991716248,5204,0.34052
GMTUSDT,BUY,LIMIT,1700991751699,817,0.34174
GMTUSDT,BUY,LIMIT,1700991780296,208,0.34209
GMTUSDT,BUY,LIMIT,1700991814637,36,0.34275
GMTUSDT,BUY,LIMIT,1700991818080,12053,0.34292
GMTUSDT,BUY,LIMIT,1700991828096,21,0.34306
GMTUSDT,BUY,LIMIT,1700991829456,109,0.34306
GMTUSDT,BUY,LIMIT,1700991830596,18357,0.34329
GMTUSDT,BUY,LIMIT,1700991832399,5199,0.34341
GMTUSDT,BUY,LIMIT,1700991834257,2590,0.34367
GMTUSDT,SELL,LIMIT,1700991946122,1463,0.33185
GMTUSDT,BUY,LIMIT,1700992706348,9095,0.34274
GMTUSDT,BUY,LIMIT,1700992707661,4940,0.34275
GMTUSDT,BUY,LIMIT,1700992712838,10427,0.34286
GMTUSDT,BUY,LIMIT,1700992715807,6120,0.34295
GMTUSDT,SELL,LIMIT,1700992914692,2179,0.33086
GMTUSDT,BUY,LIMIT,1700993254188,1485,0.34319
GMTUSDT,BUY,LIMIT,1700993530630,168,0.34348
GMTUSDT,BUY,LIMIT,1700993532487,477,0.34357
GMTUSDT,BUY,LIMIT,1700993552008,5318,0.34404
GMTUSDT,SELL,LIMIT,1700994236112,33,0.33196
GMTUSDT,SELL,LIMIT,1700995031860,551,0.33128
GMTUSDT,SELL,LIMIT,1700995040591,395,0.33112
GMTUSDT,SELL,LIMIT,1700995084098,173,0.33074
GMTUSDT,SELL,LIMIT,1700995087075,1155,0.33057
GMTUSDT,SELL,LIMIT,1700995112081,41,0.33027
GMTUSDT,SELL,LIMIT,1700995114740,187,0.33023
GMTUSDT,SELL,LIMIT,1700995131630,9649,0.33015
GMTUSDT,SELL,LIMIT,1700995294303,1412,0.32991
GMTUSDT,SELL,LIMIT,1700995295398,29,0.32989
GMTUSDT,BUY,LIMIT,1700995555313,39,0.34139
GMTUSDT,SELL,LIMIT,1700995898643,598,0.32955
GMTUSDT,SELL,LIMIT,1700995938350,2891,0.32938
GMTUSDT,SELL,LIMIT,1700996095286,729,0.32910
GMTUSDT,SELL,LIMIT,1700996334165,1862,0.32909
GMTUSDT,BUY,LIMIT,1700996761265,37,0.34051
GMTUSDT,BUY,LIMIT,1700996762445,2189,0.34071
GMTUSDT,BUY,LIMIT,1700996874341,6031,0.34097
GMTUSDT,BUY,LIMIT,1700996881301,12750,0.34118
GMTUSDT,BUY,LIMIT,1700996882456,346,0.34112
GMTUSDT,SELL,LIMIT,1700997182836,456,0.32928
GMTUSDT,SELL,LIMIT,1700997328064,1115,0.32854
GMTUSDT,SELL,LIMIT,1700997329334,2896,0.32848
GMTUSDT,SELL,LIMIT,1700997343088,1757,0.32774
GMTUSDT,SELL,LIMIT,1700997344098,58,0.32795
GMTUSDT,SELL,LIMIT,1700997345171,34,0.32692
GMTUSDT,SELL,LIMIT,1700997346372,7456,0.32680
GMTUSDT,SELL,LIMIT,1700997351302,9523,0.32663
GMTUSDT,BUY,LIMIT,1700997517100,130,0.33818
GMTUSDT,BUY,LIMIT,1700997852114,31,0.33867
GMTUSDT,SELL,LIMIT,1700998924120,3482,0.32681
GMTUSDT,SELL,LIMIT,1700998927420,76,0.32649
GMTUSDT,SELL,LIMIT,1700998929231,3922,0.32635
GMTUSDT,SELL,LIMIT,1700998930242,24,0.32618
GMTUSDT,SELL,LIMIT,1700998931333,2686,0.32613
GMTUSDT,SELL,LIMIT,1700998933862,2194,0.32613
GMTUSDT,SELL,LIMIT,1700998942451,583,0.32600
GMTUSDT,SELL,LIMIT,1700998964456,827,0.32588
GMTUSDT,SELL,LIMIT,1700999238571,40000,0.32576
GMTUSDT,SELL,LIMIT,1700999297239,2622,0.32537
GMTUSDT,SELL,LIMIT,1700999298342,4150,0.32532
GMTUSDT,SELL,LIMIT,1700999299350,21,0.32511
GMTUSDT,SELL,LIMIT,1700999300357,1201,0.32502
GMTUSDT,SELL,LIMIT,1700999301364,42774,0.32238
GMTUSDT,SELL,LIMIT,1700999302596,26821,0.32225
GMTUSDT,SELL,LIMIT,1700999306174,375,0.32249
GMTUSDT,SELL,LIMIT,1700999327341,1636,0.32233
GMTUSDT,BUY,LIMIT,1700999396555,371,0.33377
GMTUSDT,SELL,LIMIT,1700999642253,3162,0.32205
GMTUSDT,SELL,LIMIT,1700999647774,2053,0.32195
GMTUSDT,SELL,LIMIT,1700999761893,858,0.32195
GMTUSDT,SELL,LIMIT,1700999763443,100,0.32186
GMTUSDT,SELL,LIMIT,1700999869329,71696,0.32168
GMTUSDT,SELL,LIMIT,1700999870355,626,0.32158
GMTUSDT,SELL,LIMIT,1700999882536,1460,0.32138
GMTUSDT,SELL,LIMIT,1700999888412,289,0.32123
GMTUSDT,SELL,LIMIT,1700999890095,6392,0.32110
GMTUSDT,SELL,LIMIT,1700999891164,395,0.32082
GMTUSDT,SELL,LIMIT,1700999892389,840,0.32073
GMTUSDT,BUY,LIMIT,1700999946017,3069,0.33235
GMTUSDT,BUY,LIMIT,1701000010258,168,0.33288
GMTUSDT,SELL,LIMIT,1701000357092,197,0.32081
GMTUSDT,SELL,LIMIT,1701000359259,33,0.32054
GMTUSDT,SELL,LIMIT,1701000360412,818,0.32024
GMTUSDT,SELL,LIMIT,1701000396925,1468,0.31976
GMTUSDT,SELL,LIMIT,1701000399291,136,0.31972
GMTUSDT,SELL,LIMIT,1701000402054,2095,0.31952
GMTUSDT,SELL,LIMIT,1701000412477,3345,0.31953
GMTUSDT,SELL,LIMIT,1701000415317,354,0.31934
GMTUSDT,SELL,LIMIT,1701000416397,1997,0.31932
GMTUSDT,SELL,LIMIT,1701000417454,4000,0.31900
GMTUSDT,SELL,LIMIT,1701000441370,133,0.31903
GMTUSDT,SELL,LIMIT,1701000531958,1040,0.31934
GMTUSDT,SELL,LIMIT,1701000556293,763,0.31895
GMTUSDT,SELL,LIMIT,1701000563953,1155,0.31891
GMTUSDT,SELL,LIMIT,1701000566184,15,0.31873
GMTUSDT,SELL,LIMIT,1701000567223,3816,0.31833
GMTUSDT,SELL,LIMIT,1701000568687,1491,0.31826
GMTUSDT,SELL,LIMIT,1701000570089,145,0.31823
GMTUSDT,SELL,LIMIT,1701000661041,5178,0.31846
GMTUSDT,SELL,LIMIT,1701000675324,1397,0.31834
GMTUSDT,SELL,LIMIT,1701000704245,20,0.31822
GMTUSDT,SELL,LIMIT,1701000705248,288,0.31790
GMTUSDT,SELL,LIMIT,1701000706289,2196,0.31763
GMTUSDT,BUY,LIMIT,1701001027077,81,0.32967
GMTUSDT,BUY,LIMIT,1701001030527,1161,0.33001
GMTUSDT,BUY,LIMIT,1701001077909,38604,0.33004
GMTUSDT,SELL,LIMIT,1701001417225,112,0.31796
GMTUSDT,SELL,LIMIT,1701001418254,128,0.31799
GMTUSDT,SELL,LIMIT,1701001420101,239,0.31765
GMTUSDT,SELL,LIMIT,1701001423715,223,0.31749
GMTUSDT,SELL,LIMIT,1701001426220,1427,0.31726
GMTUSDT,SELL,LIMIT,1701001427847,2090,0.31704
GMTUSDT,SELL,LIMIT,1701001500381,2952,0.32909
GMTUSDT,SELL,LIMIT,1701001501492,6038,0.31747
GMTUSDT,BUY,LIMIT,1701001531696,136,0.32857
GMTUSDT,BUY,LIMIT,1701001561220,298,0.32980
GMTUSDT,BUY,LIMIT,1701001591567,561,0.33041
GMTUSDT,BUY,LIMIT,1701001597225,1964,0.33082
GMTUSDT,BUY,LIMIT,1701001598953,51,0.33096
GMTUSDT,BUY,LIMIT,1701001600791,717,0.33133
GMTUSDT,BUY,LIMIT,1701001604987,39535,0.33153
GMTUSDT,SELL,LIMIT,1701001844713,75724,0.32046
GMTUSDT,BUY,LIMIT,1701002024509,30,0.33245
GMTUSDT,BUY,LIMIT,1701002025857,7965,0.33259
GMTUSDT,BUY,LIMIT,1701002027317,14039,0.33302
GMTUSDT,BUY,LIMIT,1701002051076,10000,0.33316
GMTUSDT,BUY,LIMIT,1701002106037,41,0.33335
GMTUSDT,BUY,LIMIT,1701002107143,10404,0.33517
GMTUSDT,BUY,LIMIT,1701002165419,481,0.33535
GMTUSDT,SELL,LIMIT,1701002275078,12009,0.32375
GMTUSDT,SELL,LIMIT,1701002279337,51,0.32334
GMTUSDT,SELL,LIMIT,1701002329416,605,0.32296
GMTUSDT,SELL,LIMIT,1701002450824,8243,0.32218
GMTUSDT,SELL,LIMIT,1701002466113,453,0.32205
GMTUSDT,BUY,LIMIT,1701002610569,434,0.33358
GMTUSDT,BUY,LIMIT,1701003056138,20,0.33337
GMTUSDT,BUY,LIMIT,1701003077306,48403,0.33361
GMTUSDT,BUY,LIMIT,1701003080683,1573,0.33401
GMTUSDT,BUY,LIMIT,1701003088204,40,0.33449
GMTUSDT,BUY,LIMIT,1701003092673,3435,0.33473
GMTUSDT,BUY,LIMIT,1701003094756,854,0.33481
GMTUSDT,BUY,LIMIT,1701003136402,2335,0.33510
GMTUSDT,BUY,LIMIT,1701003158137,1520,0.33531
GMTUSDT,BUY,LIMIT,1701003559574,69,0.33624
GMTUSDT,BUY,LIMIT,1701003561463,773,0.33627
GMTUSDT,BUY,LIMIT,1701003563159,1968,0.33636
GMTUSDT,BUY,LIMIT,1701003564447,311,0.33648
GMTUSDT,BUY,LIMIT,1701003574231,6264,0.33679
GMTUSDT,BUY,LIMIT,1701003575748,311,0.33690
GMTUSDT,SELL,LIMIT,1701003889049,418,0.32477
GMTUSDT,SELL,LIMIT,1701003894202,30,0.32465
GMTUSDT,BUY,LIMIT,1701004345336,259,0.33654
GMTUSDT,BUY,LIMIT,1701004353899,3256,0.33694
GMTUSDT,SELL,LIMIT,1701004784251,212,0.32449
GMTUSDT,SELL,LIMIT,1701004907400,2098,0.32397
GMTUSDT,BUY,LIMIT,1701005259325,216,0.33571
GMTUSDT,SELL,LIMIT,1701005765060,818,0.32400
GMTUSDT,SELL,LIMIT,1701005800310,23,0.32365
GMTUSDT,SELL,LIMIT,1701005809318,14491,0.32348
GMTUSDT,SELL,LIMIT,1701005812247,2250,0.32328
GMTUSDT,SELL,LIMIT,1701005814673,30,0.32328
GMTUSDT,SELL,LIMIT,1701005820153,25735,0.32303
GMTUSDT,SELL,LIMIT,1701005825900,2621,0.32297
GMTUSDT,BUY,LIMIT,1701006980151,1134,0.33443
GMTUSDT,SELL,LIMIT,1701007355666,493,0.32297
GMTUSDT,SELL,LIMIT,1701007358171,25476,0.32292
GMTUSDT,SELL,LIMIT,1701007374465,988,0.32240
GMTUSDT,BUY,LIMIT,1701007489394,175,0.33302
GMTUSDT,SELL,LIMIT,1701008183073,1518,0.33919
GMTUSDT,SELL,LIMIT,1701008408013,377,0.32168
GMTUSDT,SELL,LIMIT,1701008410544,627,0.32152
GMTUSDT,SELL,LIMIT,1701008416684,2395,0.32141
GMTUSDT,SELL,LIMIT,1701008435087,298,0.32363
GMTUSDT,SELL,LIMIT,1701008441329,754,0.32162
GMTUSDT,SELL,LIMIT,1701008443041,24,0.32088
GMTUSDT,SELL,LIMIT,1701008444157,2820,0.32082
GMTUSDT,SELL,LIMIT,1701008450754,54,0.32074
GMTUSDT,BUY,LIMIT,1701008924225,100,0.33211
GMTUSDT,SELL,LIMIT,1701009005386,459,0.32209
GMTUSDT,SELL,LIMIT,1701009014095,234,0.32849
GMTUSDT,SELL,LIMIT,1701009275039,151,0.32275
GMTUSDT,SELL,LIMIT,1701009285844,917,0.32373
GMTUSDT,SELL,LIMIT,1701009289047,2141,0.32078
GMTUSDT,BUY,LIMIT,1701009412567,1649,0.33205
GMTUSDT,BUY,LIMIT,1701009435993,333,0.33256
GMTUSDT,BUY,LIMIT,1701009439034,302,0.33299
GMTUSDT,BUY,LIMIT,1701009567446,132,0.33345
GMTUSDT,BUY,LIMIT,1701009614375,138,0.33396
GMTUSDT,BUY,LIMIT,1701009616231,1761,0.33438
GMTUSDT,BUY,LIMIT,1701009618135,10208,0.33449
GMTUSDT,BUY,LIMIT,1701009621680,288,0.33488
GMTUSDT,SELL,LIMIT,1701009932110,848,0.32341
GMTUSDT,SELL,LIMIT,1701010235558,6534,0.32263
GMTUSDT,SELL,LIMIT,1701010438760,91,0.32091
GMTUSDT,SELL,LIMIT,1701010468359,34959,0.32101
GMTUSDT,SELL,LIMIT,1701010475248,1323,0.32081
GMTUSDT,SELL,LIMIT,1701010496206,3754,0.32034
GMTUSDT,SELL,LIMIT,1701010566750,89,0.32072
GMTUSDT,SELL,LIMIT,1701010912260,936,0.31991
GMTUSDT,BUY,LIMIT,1701011078724,23863,0.33194
GMTUSDT,SELL,LIMIT,1701011640688,10100,0.32101
GMTUSDT,SELL,LIMIT,1701011696380,76,0.32056
GMTUSDT,SELL,LIMIT,1701011735242,3256,0.32006
GMTUSDT,SELL,LIMIT,1701011744107,9000,0.31971
GMTUSDT,SELL,LIMIT,1701011806925,20917,0.31935
GMTUSDT,SELL,LIMIT,1701011808080,305,0.31921
GMTUSDT,SELL,LIMIT,1701011809353,113169,0.31901
GMTUSDT,SELL,LIMIT,1701011810433,19465,0.31907
GMTUSDT,SELL,LIMIT,1701011811426,1513,0.31857
GMTUSDT,SELL,LIMIT,1701011826545,13410,0.31837
GMTUSDT,SELL,LIMIT,1701012947279,129,0.31962
GMTUSDT,SELL,LIMIT,1701012950418,8209,0.31945
GMTUSDT,SELL,LIMIT,1701013023676,916,0.32036
GMTUSDT,SELL,LIMIT,1701013088984,88065,0.31907
GMTUSDT,SELL,LIMIT,1701013104963,4070,0.31839
GMTUSDT,SELL,LIMIT,1701013329292,34,0.31943
GMTUSDT,SELL,LIMIT,1701013362145,923,0.31828
GMTUSDT,SELL,LIMIT,1701013402361,910,0.31807
GMTUSDT,SELL,LIMIT,1701013408773,961,0.31759
GMTUSDT,SELL,LIMIT,1701013419659,802,0.31739
GMTUSDT,SELL,LIMIT,1701013431439,55,0.31704
GMTUSDT,SELL,LIMIT,1701013436068,783,0.31697
GMTUSDT,SELL,LIMIT,1701013443437,75,0.31690
GMTUSDT,SELL,LIMIT,1701013500189,293,0.31676
GMTUSDT,SELL,LIMIT,1701013501324,60,0.31626
GMTUSDT,SELL,LIMIT,1701013502535,1075,0.31599
GMTUSDT,SELL,LIMIT,1701013505765,23977,0.31595
GMTUSDT,SELL,LIMIT,1701013507096,13487,0.31593
GMTUSDT,SELL,LIMIT,1701013529495,1000,0.31590
GMTUSDT,SELL,LIMIT,1701013537374,91,0.31580
GMTUSDT,SELL,LIMIT,1701013538849,1639,0.31562
GMTUSDT,SELL,LIMIT,1701013627084,602,0.31548
GMTUSDT,SELL,LIMIT,1701013628214,251,0.31518
GMTUSDT,SELL,LIMIT,1701013629231,4622,0.31497
GMTUSDT,SELL,LIMIT,1701013630336,100,0.31474
GMTUSDT,SELL,LIMIT,1701013633333,9540,0.31414
GMTUSDT,SELL,LIMIT,1701013634473,3464,0.31383
GMTUSDT,SELL,LIMIT,1701013636538,2864,0.31392
GMTUSDT,SELL,LIMIT,1701013637683,1526,0.31390
GMTUSDT,SELL,LIMIT,1701013730734,1011,0.31398
GMTUSDT,SELL,LIMIT,1701013741264,294,0.31382
GMTUSDT,SELL,LIMIT,1701013747604,301,0.31376
GMTUSDT,SELL,LIMIT,1701013749070,174,0.31317
GMTUSDT,SELL,LIMIT,1701013750154,429,0.31288
GMTUSDT,SELL,LIMIT,1701013944426,14253,0.31425
GMTUSDT,SELL,LIMIT,1701013956065,79426,0.31402
GMTUSDT,SELL,LIMIT,1701014028139,5161,0.31377
GMTUSDT,SELL,LIMIT,1701014038428,13480,0.31284
GMTUSDT,SELL,LIMIT,1701014039948,409,0.31490
GMTUSDT,SELL,LIMIT,1701014053502,2,0.31333
GMTUSDT,SELL,LIMIT,1701014057199,7857,0.31324
GMTUSDT,SELL,LIMIT,1701014061503,6921,0.31284
GMTUSDT,BUY,LIMIT,1701014223510,806,0.32429
GMTUSDT,SELL,LIMIT,1701014343490,2099,0.31304
GMTUSDT,SELL,LIMIT,1701014370809,1014,0.31276
GMTUSDT,SELL,LIMIT,1701014371910,2319,0.31271
GMTUSDT,SELL,LIMIT,1701014386669,258,0.31248
GMTUSDT,SELL,LIMIT,1701014388432,1457,0.31255
GMTUSDT,SELL,LIMIT,1701014404299,2022,0.31242
GMTUSDT,SELL,LIMIT,1701014406718,57,0.31231
GMTUSDT,SELL,LIMIT,1701014411055,1175,0.31202
GMTUSDT,SELL,LIMIT,1701014412096,1146,0.31207
GMTUSDT,SELL,LIMIT,1701014413290,52681,0.31196
GMTUSDT,SELL,LIMIT,1701014414466,2871,0.31184
GMTUSDT,BUY,LIMIT,1701014450039,794,0.32298
GMTUSDT,BUY,LIMIT,1701014471698,7844,0.32413
GMTUSDT,BUY,LIMIT,1701014477520,15017,0.32434
GMTUSDT,BUY,LIMIT,1701014540456,582,0.32498
GMTUSDT,BUY,LIMIT,1701014553118,1391,0.32529
GMTUSDT,BUY,LIMIT,1701014555133,261,0.32532
GMTUSDT,SELL,LIMIT,1701014715063,1863,0.31481
GMTUSDT,BUY,LIMIT,1701014775197,810,0.32542
GMTUSDT,SELL,LIMIT,1701014785409,231,0.31616
GMTUSDT,SELL,LIMIT,1701014814545,1725,0.32174
GMTUSDT,SELL,LIMIT,1701014870792,889,0.31570
GMTUSDT,BUY,LIMIT,1701015076901,1617,0.32596
GMTUSDT,BUY,LIMIT,1701015400102,1505,0.32624
GMTUSDT,SELL,LIMIT,1701015646587,1418,0.31471
GMTUSDT,SELL,LIMIT,1701015654718,4608,0.31422
GMTUSDT,SELL,LIMIT,1701015657127,141,0.31409
GMTUSDT,SELL,LIMIT,1701015659094,505,0.31406
GMTUSDT,SELL,LIMIT,1701015670434,500,0.31402
GMTUSDT,SELL,LIMIT,1701015672153,478,0.31383
GMTUSDT,SELL,LIMIT,1701015673197,154,0.31377
GMTUSDT,SELL,LIMIT,1701015674228,250,0.31352
GMTUSDT,SELL,LIMIT,1701015676163,90818,0.31326
GMTUSDT,SELL,LIMIT,1701015680041,196,0.31318
GMTUSDT,SELL,LIMIT,1701015681062,12976,0.31310
GMTUSDT,SELL,LIMIT,1701015683373,119,0.31311
GMTUSDT,SELL,LIMIT,1701015684296,734,0.31282
GMTUSDT,SELL,LIMIT,1701015685377,595,0.31277
GMTUSDT,SELL,LIMIT,1701015727369,347,0.31257
GMTUSDT,SELL,LIMIT,1701015729167,709,0.31236
GMTUSDT,SELL,LIMIT,1701015734190,1557,0.31164
GMTUSDT,SELL,LIMIT,1701015735200,136,0.31171
GMTUSDT,SELL,LIMIT,1701015736436,255,0.31165
GMTUSDT,SELL,LIMIT,1701015747296,1450,0.31157
GMTUSDT,SELL,LIMIT,1701015758873,292,0.31166
GMTUSDT,SELL,LIMIT,1701015761088,7978,0.31163
GMTUSDT,SELL,LIMIT,1701015871514,360,0.31250
GMTUSDT,SELL,LIMIT,1701015872526,919,0.31243
GMTUSDT,SELL,LIMIT,1701015876649,7429,0.31255
GMTUSDT,SELL,LIMIT,1701015900290,671,0.31337
GMTUSDT,BUY,LIMIT,1701015923567,723,0.32359
GMTUSDT,BUY,LIMIT,1701015930201,56,0.32384
GMTUSDT,SELL,LIMIT,1701016019711,5281,0.31277
GMTUSDT,SELL,LIMIT,1701016021777,36,0.31641
GMTUSDT,SELL,LIMIT,1701016027065,777,0.31264
GMTUSDT,SELL,LIMIT,1701016030738,1200,0.31255
GMTUSDT,SELL,LIMIT,1701016032144,242,0.31227
GMTUSDT,SELL,LIMIT,1701016033173,1700,0.31328
GMTUSDT,SELL,LIMIT,1701016034147,62,0.31340
GMTUSDT,SELL,LIMIT,1701016035327,1551,0.31181
GMTUSDT,SELL,LIMIT,1701016036986,787,0.31176
GMTUSDT,SELL,LIMIT,1701016042307,522,0.31136
GMTUSDT,SELL,LIMIT,1701016043256,16,0.31097
GMTUSDT,SELL,LIMIT,1701016044335,50,0.31111
GMTUSDT,SELL,LIMIT,1701016045574,30,0.31098
GMTUSDT,SELL,LIMIT,1701016047109,15183,0.31084
GMTUSDT,SELL,LIMIT,1701016048141,473,0.31072
GMTUSDT,SELL,LIMIT,1701016049328,1757,0.31074
GMTUSDT,SELL,LIMIT,1701016050458,4591,0.31068
GMTUSDT,SELL,LIMIT,1701016051492,2447,0.31056
GMTUSDT,SELL,LIMIT,1701016096007,4507,0.31136
GMTUSDT,SELL,LIMIT,1701016098383,2884,0.31098
GMTUSDT,SELL,LIMIT,1701016099689,704,0.31089
GMTUSDT,SELL,LIMIT,1701016100776,4335,0.31089
GMTUSDT,SELL,LIMIT,1701016101857,2100,0.31063
GMTUSDT,SELL,LIMIT,1701016102833,12099,0.31063
GMTUSDT,BUY,LIMIT,1701016149027,16,0.32338
GMTUSDT,BUY,LIMIT,1701016154162,2703,0.32352
GMTUSDT,BUY,LIMIT,1701016201800,552,0.32412
GMTUSDT,BUY,LIMIT,1701016374925,155505,0.32440
GMTUSDT,BUY,LIMIT,1701016393861,5694,0.32508
GMTUSDT,BUY,LIMIT,1701016400198,829,0.32524
GMTUSDT,SELL,LIMIT,1701016655319,500,0.31582
GMTUSDT,BUY,LIMIT,1701016663693,6440,0.32582
GMTUSDT,BUY,LIMIT,1701016742448,109,0.32685
GMTUSDT,BUY,LIMIT,1701016750563,11823,0.32719
GMTUSDT,BUY,LIMIT,1701016765432,101,0.32733
GMTUSDT,BUY,LIMIT,1701016937675,155,0.32795
GMTUSDT,SELL,LIMIT,1701017120372,16,0.31679
GMTUSDT,SELL,LIMIT,1701017225394,23,0.31616
GMTUSDT,BUY,LIMIT,1701017691371,1571,0.32580
GMTUSDT,BUY,LIMIT,1701018160471,664,0.32704
GMTUSDT,BUY,LIMIT,1701018260375,2315,0.32735
GMTUSDT,SELL,LIMIT,1701018413204,2325,0.31696
GMTUSDT,BUY,LIMIT,1701018437227,1532,0.32773
GMTUSDT,BUY,LIMIT,1701019302348,1615,0.32878
GMTUSDT,BUY,LIMIT,1701019419006,59575,0.32910
GMTUSDT,BUY,LIMIT,1701019650063,22471,0.32959
GMTUSDT,BUY,LIMIT,1701019717138,1190,0.33049
GMTUSDT,SELL,LIMIT,1701020460422,21128,0.31913
GMTUSDT,SELL,LIMIT,1701020787341,1571,0.31910
GMTUSDT,SELL,LIMIT,1701022969174,143,0.31819
GMTUSDT,SELL,LIMIT,1701023001538,75,0.31812
GMTUSDT,SELL,LIMIT,1701023249254,115,0.31792
GMTUSDT,SELL,LIMIT,1701023253229,757,0.31781
GMTUSDT,SELL,LIMIT,1701024506318,21,0.31743
GMTUSDT,SELL,LIMIT,1701024518307,1135,0.31720
GMTUSDT,SELL,LIMIT,1701024537240,152,0.31682
GMTUSDT,SELL,LIMIT,1701024548465,296,0.31678
GMTUSDT,SELL,LIMIT,1701024553263,279,0.31668
GMTUSDT,SELL,LIMIT,1701024558437,342,0.31661
GMTUSDT,SELL,LIMIT,1701024566184,22,0.31652
GMTUSDT,SELL,LIMIT,1701024621718,148,0.31617
GMTUSDT,BUY,LIMIT,1701025564487,311,0.32798
GMTUSDT,BUY,LIMIT,1701025696738,1869,0.32843
GMTUSDT,SELL,LIMIT,1701025757554,379,0.31855
GMTUSDT,SELL,LIMIT,1701026325875,36,0.31701
GMTUSDT,SELL,LIMIT,1701026368920,6829,0.31672
GMTUSDT,SELL,LIMIT,1701026374468,463,0.31646
GMTUSDT,SELL,LIMIT,1701026417553,25304,0.31589
GMTUSDT,SELL,LIMIT,1701026517862,358,0.31541
GMTUSDT,SELL,LIMIT,1701029207012,544,0.31475
GMTUSDT,SELL,LIMIT,1701029236076,1,0.31448
GMTUSDT,SELL,LIMIT,1701029238434,38382,0.31437
GMTUSDT,SELL,LIMIT,1701029242297,372,0.31410
GMTUSDT,SELL,LIMIT,1701029248970,12622,0.31392
GMTUSDT,SELL,LIMIT,1701029258970,936,0.31380
GMTUSDT,SELL,LIMIT,1701031542112,315,0.31582
GMTUSDT,BUY,LIMIT,1701031758016,582,0.32725
GMTUSDT,BUY,LIMIT,1701031767980,87,0.32781
GMTUSDT,SELL,LIMIT,1701032238346,14926,0.31585
GMTUSDT,SELL,LIMIT,1701032605190,459,0.31438
GMTUSDT,BUY,LIMIT,1701032917031,50,0.32546
GMTUSDT,BUY,LIMIT,1701032946691,1643,0.32592
GMTUSDT,BUY,LIMIT,1701034220511,88,0.32660
GMTUSDT,BUY,LIMIT,1701036463715,487,0.32712
GMTUSDT,BUY,LIMIT,1701036559486,957,0.32736
GMTUSDT,BUY,LIMIT,1701036855064,147,0.32755
GMTUSDT,BUY,LIMIT,1701037178280,19,0.32800
GMTUSDT,BUY,LIMIT,1701037183401,165,0.32799
GMTUSDT,BUY,LIMIT,1701038192267,497,0.32857
GMTUSDT,BUY,LIMIT,1701038196554,3522,0.33088
GMTUSDT,SELL,LIMIT,1701039834875,521,0.31763
GMTUSDT,SELL,LIMIT,1701040103228,36265,0.31701
GMTUSDT,SELL,LIMIT,1701040137756,51,0.31692
GMTUSDT,SELL,LIMIT,1701040139238,763,0.31630
GMTUSDT,SELL,LIMIT,1701040144067,625,0.31597
GMTUSDT,SELL,LIMIT,1701040327179,1557,0.31583
GMTUSDT,SELL,LIMIT,1701041540190,390,0.31508
GMTUSDT,SELL,LIMIT,1701041559315,34302,0.31494
GMTUSDT,SELL,LIMIT,1701042198273,190,0.31381
GMTUSDT,BUY,LIMIT,1701042567181,18944,0.32553
GMTUSDT,SELL,LIMIT,1701042998730,4650,0.31426
GMTUSDT,BUY,LIMIT,1701043211171,160,0.32542
GMTUSDT,SELL,LIMIT,1701043342678,42,0.31378
GMTUSDT,SELL,LIMIT,1701043346276,796,0.31363
GMTUSDT,SELL,LIMIT,1701043350726,4246,0.31338
GMTUSDT,SELL,LIMIT,1701043356410,2138,0.31318
GMTUSDT,BUY,LIMIT,1701043686037,36,0.32381
GMTUSDT,BUY,LIMIT,1701043774345,48,0.32707
GMTUSDT,SELL,LIMIT,1701044088191,811,0.31537
GMTUSDT,SELL,LIMIT,1701044094367,566,0.31534
GMTUSDT,SELL,LIMIT,1701044109141,18011,0.31513
GMTUSDT,BUY,LIMIT,1701044147327,158,0.32624
GMTUSDT,BUY,LIMIT,1701044187428,50,0.32882
GMTUSDT,BUY,LIMIT,1701044563175,33,0.32957
GMTUSDT,BUY,LIMIT,1701044699240,50284,0.33010
GMTUSDT,BUY,LIMIT,1701044720582,1579,0.33120
GMTUSDT,BUY,LIMIT,1701044736567,64,0.33147
GMTUSDT,BUY,LIMIT,1701044747074,183,0.33167
GMTUSDT,BUY,LIMIT,1701044751151,80,0.33226
GMTUSDT,BUY,LIMIT,1701044752176,147,0.33246
GMTUSDT,BUY,LIMIT,1701044761814,67,0.33290
GMTUSDT,SELL,LIMIT,1701045144231,54,0.31862
GMTUSDT,SELL,LIMIT,1701045246817,168,0.31801
GMTUSDT,SELL,LIMIT,1701045648909,113200,0.31759
GMTUSDT,SELL,LIMIT,1701045739538,5702,0.31682
GMTUSDT,SELL,LIMIT,1701045786326,998,0.31637
GMTUSDT,SELL,LIMIT,1701045833722,26,0.31613
GMTUSDT,SELL,LIMIT,1701045844105,2344,0.31594
GMTUSDT,SELL,LIMIT,1701045852150,30096,0.31584
GMTUSDT,SELL,LIMIT,1701045876239,191,0.31515
GMTUSDT,SELL,LIMIT,1701045878874,5872,0.31498
GMTUSDT,SELL,LIMIT,1701045897659,3017,0.31483
GMTUSDT,SELL,LIMIT,1701045994927,15,0.31425
GMTUSDT,SELL,LIMIT,1701046044130,164,0.31350
GMTUSDT,SELL,LIMIT,1701046046156,2128,0.31313
GMTUSDT,SELL,LIMIT,1701046093435,5000,0.31304
GMTUSDT,SELL,LIMIT,1701046103104,3696,0.31287
GMTUSDT,SELL,LIMIT,1701046104508,1585,0.31263
GMTUSDT,SELL,LIMIT,1701046118121,75,0.31264
GMTUSDT,SELL,LIMIT,1701046480001,17269,0.31353
GMTUSDT,SELL,LIMIT,1701046773222,124,0.31239
GMTUSDT,SELL,LIMIT,1701046775230,677,0.31200
GMTUSDT,SELL,LIMIT,1701046776393,2156,0.31210
GMTUSDT,SELL,LIMIT,1701046784148,2796,0.31173
GMTUSDT,SELL,LIMIT,1701046785235,295,0.31174
GMTUSDT,SELL,LIMIT,1701046801709,66,0.31165
GMTUSDT,BUY,LIMIT,1701047220984,307,0.32266
GMTUSDT,SELL,LIMIT,1701047674092,4045,0.31118
GMTUSDT,SELL,LIMIT,1701047924138,324,0.31136
GMTUSDT,SELL,LIMIT,1701047946859,747,0.31089
GMTUSDT,SELL,LIMIT,1701047949040,105,0.31073
GMTUSDT,SELL,LIMIT,1701047955328,384,0.31064
GMTUSDT,SELL,LIMIT,1701047985900,1806,0.31040
GMTUSDT,SELL,LIMIT,1701047987343,7244,0.31047
GMTUSDT,SELL,LIMIT,1701047989830,1687,0.31030
GMTUSDT,SELL,LIMIT,1701047990844,719,0.30828
GMTUSDT,SELL,LIMIT,1701047991883,15086,0.30783
GMTUSDT,SELL,LIMIT,1701048143450,148663,0.30812
GMTUSDT,SELL,LIMIT,1701048209818,1453,0.30750
GMTUSDT,SELL,LIMIT,1701048222040,37751,0.30733
GMTUSDT,SELL,LIMIT,1701048223335,519,0.30714
GMTUSDT,SELL,LIMIT,1701048224472,146,0.30701
GMTUSDT,SELL,LIMIT,1701048227049,5669,0.30676
GMTUSDT,SELL,LIMIT,1701048231689,183,0.30673
GMTUSDT,SELL,LIMIT,1701048268295,1,0.30665
GMTUSDT,SELL,LIMIT,1701048271479,338,0.30662
GMTUSDT,SELL,LIMIT,1701048275144,150,0.30651
GMTUSDT,SELL,LIMIT,1701048276166,117,0.30631
GMTUSDT,SELL,LIMIT,1701048277268,4790,0.30626
GMTUSDT,SELL,LIMIT,1701048624033,13965,0.30724
GMTUSDT,SELL,LIMIT,1701048840065,3145,0.30575
GMTUSDT,SELL,LIMIT,1701048866145,45,0.30563
GMTUSDT,SELL,LIMIT,1701048870177,8940,0.30512
GMTUSDT,SELL,LIMIT,1701048871257,848,0.30534
GMTUSDT,SELL,LIMIT,1701048872273,547,0.30471
GMTUSDT,SELL,LIMIT,1701048873356,2934,0.30235
GMTUSDT,SELL,LIMIT,1701048874400,606,0.30293
GMTUSDT,SELL,LIMIT,1701049172179,1817,0.30250
GMTUSDT,SELL,LIMIT,1701049185127,149,0.30195
GMTUSDT,SELL,LIMIT,1701049186415,936,0.30208
GMTUSDT,SELL,LIMIT,1701049188643,89,0.30174
GMTUSDT,SELL,LIMIT,1701049196734,2160,0.30160
GMTUSDT,SELL,LIMIT,1701049201140,592,0.30149
GMTUSDT,SELL,LIMIT,1701049579214,5474,0.30141
GMTUSDT,SELL,LIMIT,1701049580284,7404,0.30133
GMTUSDT,SELL,LIMIT,1701049593848,4178,0.30131
GMTUSDT,BUY,LIMIT,1701049679619,114,0.31258
GMTUSDT,SELL,LIMIT,1701050738007,1609,0.30232
GMTUSDT,SELL,LIMIT,1701050739295,689,0.30230
GMTUSDT,SELL,LIMIT,1701050841076,149,0.30111
GMTUSDT,SELL,LIMIT,1701050845109,1610,0.30084
GMTUSDT,SELL,LIMIT,1701050848359,271,0.30075
GMTUSDT,SELL,LIMIT,1701051766099,13537,0.30063
GMTUSDT,SELL,LIMIT,1701051778527,932,0.30058
GMTUSDT,SELL,LIMIT,1701051780522,79,0.30062
GMTUSDT,SELL,LIMIT,1701051812516,2975,0.30052
GMTUSDT,BUY,LIMIT,1701051917327,9214,0.31136
GMTUSDT,SELL,LIMIT,1701052187517,3700,0.30102
GMTUSDT,SELL,LIMIT,1701052282090,87106,0.30058
GMTUSDT,SELL,LIMIT,1701052284023,536,0.30043
GMTUSDT,SELL,LIMIT,1701052880245,1673,0.30062
GMTUSDT,SELL,LIMIT,1701052954792,309,0.30123
GMTUSDT,SELL,LIMIT,1701053159919,3173,0.30080
GMTUSDT,SELL,LIMIT,1701053476373,1676,0.30026
GMTUSDT,SELL,LIMIT,1701053511168,4015,0.30020
GMTUSDT,SELL,LIMIT,1701053514515,7404,0.30012
GMTUSDT,SELL,LIMIT,1701053517222,465,0.29986
GMTUSDT,SELL,LIMIT,1701053518236,19414,0.29974
GMTUSDT,SELL,LIMIT,1701053547116,192,0.29944
GMTUSDT,SELL,LIMIT,1701053579717,301,0.29923
GMTUSDT,SELL,LIMIT,1701053581264,3592,0.29911
GMTUSDT,SELL,LIMIT,1701053583438,116,0.29911
GMTUSDT,SELL,LIMIT,1701054119226,33605,0.29904
GMTUSDT,SELL,LIMIT,1701054130107,812,0.29889
GMTUSDT,SELL,LIMIT,1701054140700,1969,0.29890
GMTUSDT,SELL,LIMIT,1701054148375,26766,0.29876
GMTUSDT,SELL,LIMIT,1701054363664,91,0.29868
GMTUSDT,SELL,LIMIT,1701054391758,969,0.29866
GMTUSDT,SELL,LIMIT,1701054413303,1834,0.29860
GMTUSDT,SELL,LIMIT,1701054445990,141,0.29850
GMTUSDT,SELL,LIMIT,1701054449212,55,0.29838
GMTUSDT,SELL,LIMIT,1701054453496,325,0.29825
GMTUSDT,SELL,LIMIT,1701054468339,20341,0.29795
GMTUSDT,SELL,LIMIT,1701054474358,127,0.29800
GMTUSDT,SELL,LIMIT,1701054475360,1273,0.29799
GMTUSDT,SELL,LIMIT,1701054588778,118,0.29834
GMTUSDT,SELL,LIMIT,1701054589868,76,0.29746
GMTUSDT,SELL,LIMIT,1701054609094,13235,0.29757
GMTUSDT,SELL,LIMIT,1701054815546,756,0.29725
GMTUSDT,SELL,LIMIT,1701054845491,16,0.29714
GMTUSDT,SELL,LIMIT,1701054847251,2893,0.29702
GMTUSDT,SELL,LIMIT,1701054848594,622,0.29698
GMTUSDT,SELL,LIMIT,1701054850013,244,0.29691
GMTUSDT,SELL,LIMIT,1701055062791,62,0.29708
GMTUSDT,SELL,LIMIT,1701055066268,1289,0.29701
GMTUSDT,SELL,LIMIT,1701055067841,648,0.29684
GMTUSDT,SELL,LIMIT,1701055091224,392,0.29688
GMTUSDT,SELL,LIMIT,1701055236423,4032,0.29652
GMTUSDT,SELL,LIMIT,1701055244141,1058,0.29639
GMTUSDT,SELL,LIMIT,1701055258904,339,0.29633
GMTUSDT,SELL,LIMIT,1701055280604,386,0.29626
GMTUSDT,SELL,LIMIT,1701055284130,17,0.29627
GMTUSDT,SELL,LIMIT,1701055654032,11973,0.29605
GMTUSDT,SELL,LIMIT,1701055659715,5605,0.29598
GMTUSDT,SELL,LIMIT,1701055664428,2022,0.29596
GMTUSDT,SELL,LIMIT,1701055728562,1058,0.29568
GMTUSDT,SELL,LIMIT,1701055731100,6582,0.29568
GMTUSDT,SELL,LIMIT,1701055735273,1110,0.29559
GMTUSDT,SELL,LIMIT,1701055744107,878,0.29551
GMTUSDT,SELL,LIMIT,1701055745573,1506,0.29537
GMTUSDT,SELL,LIMIT,1701055747456,279,0.29506
GMTUSDT,SELL,LIMIT,1701055753390,49,0.29491
GMTUSDT,SELL,LIMIT,1701055757412,13065,0.29469
GMTUSDT,SELL,LIMIT,1701055763612,6716,0.29475
GMTUSDT,SELL,LIMIT,1701055799231,7512,0.29472
GMTUSDT,SELL,LIMIT,1701055801109,12863,0.29456
GMTUSDT,SELL,LIMIT,1701055802141,1592,0.29458
GMTUSDT,SELL,LIMIT,1701055931282,1411,0.29453
GMTUSDT,SELL,LIMIT,1701055953692,30000,0.29447
GMTUSDT,SELL,LIMIT,1701055960437,98260,0.29436
GMTUSDT,SELL,LIMIT,1701055961828,200,0.29419
GMTUSDT,SELL,LIMIT,1701055974131,945,0.29407
GMTUSDT,SELL,LIMIT,1701055987259,2928,0.29399
GMTUSDT,SELL,LIMIT,1701055990503,286989,0.29276
GMTUSDT,SELL,LIMIT,1701056008188,1551,0.29427
GMTUSDT,SELL,LIMIT,1701056016349,635,0.29398
GMTUSDT,SELL,LIMIT,1701056020247,5868,0.29386
GMTUSDT,SELL,LIMIT,1701056022055,1837,0.29377
GMTUSDT,SELL,LIMIT,1701056024075,1905,0.29371
GMTUSDT,SELL,LIMIT,1701056025748,165,0.29356
GMTUSDT,SELL,LIMIT,1701056026826,7175,0.29344
GMTUSDT,SELL,LIMIT,1701056028851,5497,0.29329
GMTUSDT,SELL,LIMIT,1701056038162,1920,0.29324
GMTUSDT,SELL,LIMIT,1701056039421,2303,0.29325
GMTUSDT,SELL,LIMIT,1701056040854,1694,0.29300
GMTUSDT,SELL,LIMIT,1701056041866,13666,0.29291
GMTUSDT,SELL,LIMIT,1701056053982,3460,0.29281
GMTUSDT,SELL,LIMIT,1701056055105,153,0.29256
GMTUSDT,SELL,LIMIT,1701056056132,11927,0.29235
GMTUSDT,SELL,LIMIT,1701056058046,7708,0.29235
GMTUSDT,SELL,LIMIT,1701056067702,821,0.29233
GMTUSDT,SELL,LIMIT,1701056084929,26,0.29223
GMTUSDT,SELL,LIMIT,1701056086534,1354,0.29211
GMTUSDT,SELL,LIMIT,1701056088315,10762,0.29210
GMTUSDT,SELL,LIMIT,1701056093509,569,0.29198
GMTUSDT,SELL,LIMIT,1701056105250,540,0.29160
GMTUSDT,SELL,LIMIT,1701056106264,155,0.29172
GMTUSDT,SELL,LIMIT,1701056112216,259,0.29148
GMTUSDT,SELL,LIMIT,1701056136374,425,0.29131
GMTUSDT,SELL,LIMIT,1701056137761,300,0.29112
GMTUSDT,SELL,LIMIT,1701056139136,2500,0.29086
GMTUSDT,SELL,LIMIT,1701056140276,222,0.29078
GMTUSDT,SELL,LIMIT,1701056141318,9342,0.29070
GMTUSDT,SELL,LIMIT,1701056142546,16848,0.29053
GMTUSDT,SELL,LIMIT,1701056146513,157,0.29048
GMTUSDT,SELL,LIMIT,1701056147566,574,0.29040
GMTUSDT,SELL,LIMIT,1701056148742,1842,0.29018
GMTUSDT,SELL,LIMIT,1701056149764,1370,0.29014
GMTUSDT,SELL,LIMIT,1701056152056,31054,0.28992
GMTUSDT,SELL,LIMIT,1701056153116,3288,0.28983
GMTUSDT,SELL,LIMIT,1701056155203,4998,0.28978
GMTUSDT,SELL,LIMIT,1701056157195,66,0.28952
GMTUSDT,SELL,LIMIT,1701056158196,302,0.28958
GMTUSDT,BUY,LIMIT,1701056202050,420,0.29998
GMTUSDT,BUY,LIMIT,1701056270360,133,0.30144
GMTUSDT,SELL,LIMIT,1701056588214,34208,0.29231
GMTUSDT,SELL,LIMIT,1701057049280,149,0.29314
GMTUSDT,SELL,LIMIT,1701057092604,619,0.29210
GMTUSDT,SELL,LIMIT,1701057113773,43,0.29191
GMTUSDT,SELL,LIMIT,1701057119537,5311,0.29179
GMTUSDT,SELL,LIMIT,1701057122735,116,0.29168
GMTUSDT,SELL,LIMIT,1701057212352,3413,0.29133
GMTUSDT,BUY,LIMIT,1701057538801,174,0.30190
GMTUSDT,BUY,LIMIT,1701057546268,1537,0.30207
GMTUSDT,BUY,LIMIT,1701057713085,80,0.30287
GMTUSDT,BUY,LIMIT,1701057716222,879,0.30309
GMTUSDT,BUY,LIMIT,1701057752222,37,0.30319
GMTUSDT,SELL,LIMIT,1701057932893,14797,0.29275
GMTUSDT,SELL,LIMIT,1701057946519,147,0.29225
GMTUSDT,SELL,LIMIT,1701057968202,24244,0.29183
GMTUSDT,SELL,LIMIT,1701058837067,1191,0.29113
GMTUSDT,SELL,LIMIT,1701058858737,1240,0.29073
GMTUSDT,SELL,LIMIT,1701058867160,19270,0.29035
GMTUSDT,SELL,LIMIT,1701058882217,5811,0.29023
GMTUSDT,SELL,LIMIT,1701058905289,5568,0.29000
GMTUSDT,SELL,LIMIT,1701058914184,69,0.28943
GMTUSDT,SELL,LIMIT,1701058915205,1244,0.28916
GMTUSDT,SELL,LIMIT,1701058916300,167,0.28879
GMTUSDT,SELL,LIMIT,1701058917320,461,0.28866
GMTUSDT,SELL,LIMIT,1701058919101,359,0.28855
GMTUSDT,SELL,LIMIT,1701058974474,6629,0.28821
GMTUSDT,SELL,LIMIT,1701058984160,9838,0.28807
GMTUSDT,BUY,LIMIT,1701059521247,17485,0.30023
GMTUSDT,BUY,LIMIT,1701059586191,68,0.30089
GMTUSDT,SELL,LIMIT,1701059919806,910,0.29067
GMTUSDT,SELL,LIMIT,1701060006234,2030,0.29049
GMTUSDT,SELL,LIMIT,1701060152405,1174,0.28983
GMTUSDT,BUY,LIMIT,1701060446105,24,0.30025
GMTUSDT,BUY,LIMIT,1701060793012,172,0.30049
GMTUSDT,BUY,LIMIT,1701060854026,21,0.30085
GMTUSDT,BUY,LIMIT,1701061011185,42301,0.30135
GMTUSDT,BUY,LIMIT,1701061012815,144,0.30142
GMTUSDT,BUY,LIMIT,1701061316990,10567,0.30309
GMTUSDT,BUY,LIMIT,1701062227046,27624,0.30350
GMTUSDT,BUY,LIMIT,1701062229889,715,0.30360
GMTUSDT,BUY,LIMIT,1701062238859,4339,0.30390
GMTUSDT,BUY,LIMIT,1701062300483,45,0.30423
GMTUSDT,BUY,LIMIT,1701062301534,16359,0.30450
GMTUSDT,BUY,LIMIT,1701062324127,39,0.30469
GMTUSDT,BUY,LIMIT,1701062333471,41,0.30483
GMTUSDT,BUY,LIMIT,1701062659053,11768,0.30498
GMTUSDT,SELL,LIMIT,1701063289347,17,0.29473
GMTUSDT,SELL,LIMIT,1701063305466,66314,0.29459
GMTUSDT,SELL,LIMIT,1701063665114,399,0.29411
GMTUSDT,SELL,LIMIT,1701063668048,3335,0.29374
GMTUSDT,SELL,LIMIT,1701063670642,2143,0.29377
GMTUSDT,SELL,LIMIT,1701063679495,525,0.29338
GMTUSDT,SELL,LIMIT,1701063695698,838,0.29305
GMTUSDT,SELL,LIMIT,1701063929382,6664,0.29283
GMTUSDT,SELL,LIMIT,1701063934347,162238,0.29270
GMTUSDT,SELL,LIMIT,1701063935378,65,0.29262
GMTUSDT,SELL,LIMIT,1701064019577,2146,0.29245
