Symbol,Side,Order Type,Time,Quantity,Price
GMTUSDT,BUY,LIMIT,1701065758489,4845,0.30594
GMTUSDT,BUY,LIMIT,1701065765273,5237,0.30634
GMTUSDT,SELL,LIMIT,1701066899163,11171,0.29557
GMTUSDT,BUY,LIMIT,1701066979176,174,0.30429
GMTUSDT,SELL,LIMIT,1701067002403,4572,0.29501
GMTUSDT,SELL,LIMIT,1701067016305,30,0.29493
GMTUSDT,SELL,LIMIT,1701067208626,75,0.29468
GMTUSDT,SELL,LIMIT,1701067217577,7883,0.29461
GMTUSDT,SELL,LIMIT,1701067219127,216,0.29457
GMTUSDT,SELL,LIMIT,1701067259453,3383,0.29393
GMTUSDT,SELL,LIMIT,1701067549987,1266,0.29407
GMTUSDT,BUY,LIMIT,1701067551163,602,0.30293
GMTUSDT,BUY,LIMIT,1701067750613,151,0.30307
GMTUSDT,SELL,LIMIT,1701067808137,5748,0.29422
GMTUSDT,SELL,LIMIT,1701067841383,2479,0.29339
GMTUSDT,SELL,LIMIT,1701067848340,812,0.29315
GMTUSDT,SELL,LIMIT,1701067850058,33,0.29311
GMTUSDT,SELL,LIMIT,1701068074172,17,0.29265
GMTUSDT,SELL,LIMIT,1701068120754,1609,0.29219
GMTUSDT,SELL,LIMIT,1701068157015,1451,0.29195
GMTUSDT,SELL,LIMIT,1701068160438,1039,0.29181
GMTUSDT,SELL,LIMIT,1701068197699,315,0.29145
GMTUSDT,SELL,LIMIT,1701068199161,37224,0.29144
GMTUSDT,SELL,LIMIT,1701068287191,1424,0.29151
GMTUSDT,SELL,LIMIT,1701068300781,6419,0.29126
GMTUSDT,SELL,LIMIT,1701068359179,1933,0.29121
GMTUSDT,SELL,LIMIT,1701068363321,168,0.29095
GMTUSDT,SELL,LIMIT,1701068412661,63,0.29138
GMTUSDT,SELL,LIMIT,1701068950793,967,0.29331
GMTUSDT,BUY,LIMIT,1701068955354,8571,0.30186
GMTUSDT,BUY,LIMIT,1701068961781,20906,0.30193
GMTUSDT,BUY,LIMIT,1701068994758,1075,0.30236
GMTUSDT,BUY,LIMIT,1701068997920,345,0.28975
GMTUSDT,BUY,LIMIT,1701069005164,3714,0.30267
GMTUSDT,SELL,LIMIT,1701069012044,3295,0.29397
GMTUSDT,SELL,LIMIT,1701069187454,35191,0.29246
GMTUSDT,SELL,LIMIT,1701069294372,756,0.29265
GMTUSDT,SELL,LIMIT,1701069465296,121175,0.29196
GMTUSDT,SELL,LIMIT,1701069490263,46018,0.29196
GMTUSDT,SELL,LIMIT,1701069512967,112,0.29157
GMTUSDT,SELL,LIMIT,1701069516511,40,0.29180
GMTUSDT,SELL,LIMIT,1701069519500,859,0.29137
GMTUSDT,SELL,LIMIT,1701069522740,568,0.29132
GMTUSDT,SELL,LIMIT,1701069526717,177,0.29137
GMTUSDT,SELL,LIMIT,1701069548171,193,0.29101
GMTUSDT,SELL,LIMIT,1701069555214,472,0.29070
GMTUSDT,SELL,LIMIT,1701069556245,20,0.29069
GMTUSDT,SELL,LIMIT,1701069572305,638,0.29039
GMTUSDT,SELL,LIMIT,1701069575248,5524,0.29003
GMTUSDT,SELL,LIMIT,1701069797990,14543,0.29028
GMTUSDT,SELL,LIMIT,1701069801625,186,0.29026
GMTUSDT,SELL,LIMIT,1701069804941,4029,0.29016
GMTUSDT,BUY,LIMIT,1701069808078,1735,0.29653
GMTUSDT,SELL,LIMIT,1701069809326,224,0.28993
GMTUSDT,SELL,LIMIT,1701069835639,1861,0.28973
GMTUSDT,SELL,LIMIT,1701069838600,10083,0.28966
GMTUSDT,SELL,LIMIT,1701069848584,445,0.28947
GMTUSDT,SELL,LIMIT,1701069850850,328,0.28943
GMTUSDT,SELL,LIMIT,1701069853109,1052,0.28944
GMTUSDT,SELL,LIMIT,1701069870250,1674,0.28893
GMTUSDT,SELL,LIMIT,1701069871306,271,0.28910
GMTUSDT,SELL,LIMIT,1701069876208,500,0.28887
GMTUSDT,SELL,LIMIT,1701069878216,163,0.28878
GMTUSDT,SELL,LIMIT,1701069880292,466,0.28872
GMTUSDT,SELL,LIMIT,1701069885059,39,0.28863
GMTUSDT,SELL,LIMIT,1701069886103,2106,0.28839
GMTUSDT,SELL,LIMIT,1701069901990,137,0.28857
GMTUSDT,SELL,LIMIT,1701069911088,139,0.28853
GMTUSDT,SELL,LIMIT,1701070169371,1450,0.28861
GMTUSDT,SELL,LIMIT,1701070171481,501,0.28851
GMTUSDT,SELL,LIMIT,1701070174167,100,0.28822
GMTUSDT,SELL,LIMIT,1701070440474,2330,0.28871
GMTUSDT,SELL,LIMIT,1701070442192,109,0.28891
GMTUSDT,BUY,LIMIT,1701070634732,48489,0.30033
GMTUSDT,BUY,LIMIT,1701071510315,29676,0.30170
GMTUSDT,BUY,LIMIT,1701071520249,6,0.30197
GMTUSDT,SELL,LIMIT,1701072204199,679,0.29090
GMTUSDT,SELL,LIMIT,1701072206044,80,0.29081
GMTUSDT,BUY,LIMIT,1701072770835,70,0.30229
GMTUSDT,SELL,LIMIT,1701073129965,1000,0.29283
GMTUSDT,SELL,LIMIT,1701074305454,336,0.29089
GMTUSDT,SELL,LIMIT,1701074307536,1339,0.29087
GMTUSDT,SELL,LIMIT,1701074310866,385,0.29061
GMTUSDT,SELL,LIMIT,1701074444625,216,0.29038
GMTUSDT,SELL,LIMIT,1701074483480,63,0.28978
GMTUSDT,SELL,LIMIT,1701074528698,1400,0.28934
GMTUSDT,SELL,LIMIT,1701074629461,1433,0.28939
GMTUSDT,SELL,LIMIT,1701074765380,94,0.28891
GMTUSDT,SELL,LIMIT,1701074767184,1014,0.28841
GMTUSDT,SELL,LIMIT,1701074839078,619,0.28798
GMTUSDT,SELL,LIMIT,1701074840169,161,0.28800
GMTUSDT,SELL,LIMIT,1701074850206,4988,0.28792
GMTUSDT,SELL,LIMIT,1701074851291,386,0.28790
GMTUSDT,SELL,LIMIT,1701074853371,346,0.28786
GMTUSDT,SELL,LIMIT,1701074855313,945,0.28777
GMTUSDT,SELL,LIMIT,1701074865952,410,0.28769
GMTUSDT,SELL,LIMIT,1701074867224,1850,0.28730
GMTUSDT,SELL,LIMIT,1701074868248,54,0.28737
GMTUSDT,SELL,LIMIT,1701074869811,711,0.28728
GMTUSDT,SELL,LIMIT,1701074876846,5990,0.28725
GMTUSDT,SELL,LIMIT,1701074943698,452,0.28733
GMTUSDT,SELL,LIMIT,1701076170351,34036,0.28804
GMTUSDT,SELL,LIMIT,1701076176320,36,0.28785
GMTUSDT,BUY,LIMIT,1701076393069,18,0.29892
GMTUSDT,BUY,LIMIT,1701076523779,1879,0.29987
GMTUSDT,SELL,LIMIT,1701076856157,1511,0.28946
GMTUSDT,SELL,LIMIT,1701076929790,1919,0.28897
GMTUSDT,SELL,LIMIT,1701076940471,33978,0.28855
GMTUSDT,SELL,LIMIT,1701076952531,22514,0.28848
GMTUSDT,SELL,LIMIT,1701077015471,464,0.28779
GMTUSDT,SELL,LIMIT,1701077037933,154,0.28724
GMTUSDT,SELL,LIMIT,1701077039478,37606,0.28709
GMTUSDT,SELL,LIMIT,1701077041049,18,0.28691
GMTUSDT,SELL,LIMIT,1701077042546,85,0.28682
GMTUSDT,SELL,LIMIT,1701077083735,6021,0.28710
GMTUSDT,BUY,LIMIT,1701077399082,5,0.29818
GMTUSDT,BUY,LIMIT,1701078903100,14522,0.29942
GMTUSDT,SELL,LIMIT,1701079843764,49061,0.28882
GMTUSDT,SELL,LIMIT,1701080055427,7032,0.28868
GMTUSDT,SELL,LIMIT,1701080387618,461,0.28827
GMTUSDT,SELL,LIMIT,1701080445579,133757,0.28787
GMTUSDT,SELL,LIMIT,1701080447571,4798,0.28761
GMTUSDT,SELL,LIMIT,1701080528558,2046,0.28722
GMTUSDT,SELL,LIMIT,1701080755663,3166,0.28733
GMTUSDT,SELL,LIMIT,1701080787572,1813,0.28711
GMTUSDT,SELL,LIMIT,1701080848174,45116,0.28694
GMTUSDT,SELL,LIMIT,1701080871183,9093,0.28694
GMTUSDT,SELL,LIMIT,1701081133648,16111,0.28674
GMTUSDT,SELL,LIMIT,1701081164288,12527,0.28656
GMTUSDT,SELL,LIMIT,1701081165416,11609,0.28653
GMTUSDT,SELL,LIMIT,1701081166843,1591,0.28651
GMTUSDT,SELL,LIMIT,1701081169467,17902,0.28642
GMTUSDT,SELL,LIMIT,1701081170627,78,0.28638
GMTUSDT,SELL,LIMIT,1701081179057,141,0.28637
GMTUSDT,SELL,LIMIT,1701081180183,1417,0.28619
GMTUSDT,SELL,LIMIT,1701081187365,2391,0.28608
GMTUSDT,SELL,LIMIT,1701081198963,59,0.28605
GMTUSDT,SELL,LIMIT,1701081208471,583,0.28598
GMTUSDT,SELL,LIMIT,1701081210816,52,0.28592
GMTUSDT,SELL,LIMIT,1701081215460,119,0.28577
GMTUSDT,SELL,LIMIT,1701081277065,1337,0.28475
GMTUSDT,SELL,LIMIT,1701081278118,1005,0.28510
GMTUSDT,SELL,LIMIT,1701081279513,117,0.28422
GMTUSDT,SELL,LIMIT,1701081427813,16,0.28522
GMTUSDT,SELL,LIMIT,1701081437481,241,0.28497
GMTUSDT,SELL,LIMIT,1701081449464,71,0.28480
GMTUSDT,SELL,LIMIT,1701081453494,5881,0.28463
GMTUSDT,SELL,LIMIT,1701081455573,6066,0.28481
GMTUSDT,BUY,LIMIT,1701081460582,4,0.19857
GMTUSDT,BUY,LIMIT,1701081535247,173,0.29462
GMTUSDT,SELL,LIMIT,1701081963233,2947,0.28472
GMTUSDT,SELL,LIMIT,1701081966226,1866,0.28433
GMTUSDT,SELL,LIMIT,1701081967297,7029,0.28428
GMTUSDT,SELL,LIMIT,1701082001116,10770,0.28389
GMTUSDT,SELL,LIMIT,1701082009219,684,0.28371
GMTUSDT,SELL,LIMIT,1701082022926,581,0.28361
GMTUSDT,SELL,LIMIT,1701082038721,7132,0.28368
GMTUSDT,SELL,LIMIT,1701082057348,100976,0.28379
GMTUSDT,SELL,LIMIT,1701082060107,793,0.28354
GMTUSDT,SELL,LIMIT,1701082061145,1540,0.28356
GMTUSDT,SELL,LIMIT,1701082077053,3347,0.28327
GMTUSDT,SELL,LIMIT,1701082078337,29,0.28332
GMTUSDT,SELL,LIMIT,1701082435060,501,0.28304
GMTUSDT,SELL,LIMIT,1701082437277,884,0.28296
GMTUSDT,SELL,LIMIT,1701082460108,241,0.28263
GMTUSDT,SELL,LIMIT,1701082461285,2731,0.28262
GMTUSDT,SELL,LIMIT,1701082464395,39,0.28258
GMTUSDT,SELL,LIMIT,1701082473533,4342,0.28231
GMTUSDT,SELL,LIMIT,1701082474738,511,0.28215
GMTUSDT,SELL,LIMIT,1701082486289,1340,0.28201
GMTUSDT,SELL,LIMIT,1701082503394,66,0.28235
GMTUSDT,SELL,LIMIT,1701082628238,11120,0.28407
GMTUSDT,BUY,LIMIT,1701082631732,76,0.29073
GMTUSDT,SELL,LIMIT,1701082673272,302,0.28270
GMTUSDT,SELL,LIMIT,1701082688213,165,0.28258
GMTUSDT,SELL,LIMIT,1701082695283,12447,0.28240
GMTUSDT,SELL,LIMIT,1701082706973,254,0.28235
GMTUSDT,SELL,LIMIT,1701083211791,4372,0.28294
GMTUSDT,SELL,LIMIT,1701083216084,3720,0.28282
GMTUSDT,BUY,LIMIT,1701083491201,33695,0.29288
GMTUSDT,BUY,LIMIT,1701083513114,24,0.29329
GMTUSDT,BUY,LIMIT,1701084251083,80,0.29390
GMTUSDT,BUY,LIMIT,1701084297389,56,0.29410
GMTUSDT,BUY,LIMIT,1701084322190,38,0.29384
GMTUSDT,SELL,LIMIT,1701084641161,895,0.28381
GMTUSDT,SELL,LIMIT,1701084648300,749,0.28349
GMTUSDT,BUY,LIMIT,1701084991005,215,0.29418
GMTUSDT,BUY,LIMIT,1701084994540,179,0.29443
GMTUSDT,BUY,LIMIT,1701085003574,117021,0.29471
GMTUSDT,BUY,LIMIT,1701085763259,444,0.29647
GMTUSDT,BUY,LIMIT,1701086565942,95,0.29769
GMTUSDT,SELL,LIMIT,1701086578201,152,0.28906
GMTUSDT,BUY,LIMIT,1701086705832,591,0.29855
GMTUSDT,BUY,LIMIT,1701086740200,17998,0.29899
GMTUSDT,SELL,LIMIT,1701087312180,528,0.28833
GMTUSDT,SELL,LIMIT,1701087321285,560,0.28802
GMTUSDT,SELL,LIMIT,1701087328233,17024,0.28790
GMTUSDT,SELL,LIMIT,1701088416301,130,0.28882
GMTUSDT,SELL,LIMIT,1701088421213,6795,0.28852
GMTUSDT,BUY,LIMIT,1701089161592,6636,0.29826
GMTUSDT,SELL,LIMIT,1701089862832,18,0.28720
GMTUSDT,SELL,LIMIT,1701089870638,80,0.28699
GMTUSDT,SELL,LIMIT,1701089964791,418,0.28656
GMTUSDT,SELL,LIMIT,1701089969641,1710,0.28653
GMTUSDT,SELL,LIMIT,1701089976517,475,0.28643
GMTUSDT,SELL,LIMIT,1701090025452,19,0.28632
GMTUSDT,BUY,LIMIT,1701090388281,407,0.29647
GMTUSDT,BUY,LIMIT,1701090727229,17191,0.29738
GMTUSDT,BUY,LIMIT,1701090787992,1993,0.29761
GMTUSDT,BUY,LIMIT,1701091188087,34,0.29759
GMTUSDT,BUY,LIMIT,1701091224748,117,0.29768
GMTUSDT,BUY,LIMIT,1701091258126,174,0.29709
GMTUSDT,BUY,LIMIT,1701091277087,251,0.29854
GMTUSDT,BUY,LIMIT,1701091424300,1633,0.29868
GMTUSDT,SELL,LIMIT,1701092560326,17,0.28751
GMTUSDT,SELL,LIMIT,1701093058056,1457,0.28635
GMTUSDT,SELL,LIMIT,1701093060778,438,0.28622
GMTUSDT,SELL,LIMIT,1701093063356,41,0.28612
GMTUSDT,SELL,LIMIT,1701093064582,427,0.28593
GMTUSDT,SELL,LIMIT,1701093066574,1549,0.28583
GMTUSDT,SELL,LIMIT,1701093072147,5000,0.28569
GMTUSDT,SELL,LIMIT,1701093073435,1057,0.28542
GMTUSDT,SELL,LIMIT,1701093119568,4276,0.28511
GMTUSDT,SELL,LIMIT,1701093136328,975,0.28499
GMTUSDT,SELL,LIMIT,1701093137391,33,0.28832
GMTUSDT,BUY,LIMIT,1701093200399,8901,0.29555
GMTUSDT,BUY,LIMIT,1701093233512,57,0.29635
GMTUSDT,BUY,LIMIT,1701093275411,1416,0.29692
GMTUSDT,SELL,LIMIT,1701093669331,18592,0.28681
GMTUSDT,SELL,LIMIT,1701093693931,430,0.28802
GMTUSDT,SELL,LIMIT,1701094659314,428,0.28567
GMTUSDT,SELL,LIMIT,1701094797358,9619,0.28450
GMTUSDT,SELL,LIMIT,1701095008567,3235,0.28398
GMTUSDT,SELL,LIMIT,1701095377707,306,0.28428
GMTUSDT,SELL,LIMIT,1701095409260,145,0.28437
GMTUSDT,SELL,LIMIT,1701095506740,1029,0.28400
GMTUSDT,SELL,LIMIT,1701095515169,551,0.28352
GMTUSDT,SELL,LIMIT,1701095538691,306,0.28329
GMTUSDT,SELL,LIMIT,1701095544305,872,0.28329
GMTUSDT,SELL,LIMIT,1701095546218,4384,0.28300
GMTUSDT,SELL,LIMIT,1701095551214,27620,0.28295
GMTUSDT,SELL,LIMIT,1701095589960,6746,0.28290
GMTUSDT,SELL,LIMIT,1701095593217,141,0.28280
GMTUSDT,SELL,LIMIT,1701095601577,561,0.28270
GMTUSDT,SELL,LIMIT,1701095612152,184,0.28270
GMTUSDT,SELL,LIMIT,1701095613637,2365,0.28255
GMTUSDT,BUY,LIMIT,1701095697516,859,0.29290
GMTUSDT,SELL,LIMIT,1701096118374,126,0.28319
GMTUSDT,SELL,LIMIT,1701096226193,23,0.28270
GMTUSDT,SELL,LIMIT,1701097091067,884,0.28252
GMTUSDT,SELL,LIMIT,1701097097402,1211,0.28216
GMTUSDT,SELL,LIMIT,1701097101130,1470,0.28180
GMTUSDT,SELL,LIMIT,1701097102145,99,0.28178
GMTUSDT,SELL,LIMIT,1701097103216,5024,0.28166
GMTUSDT,SELL,LIMIT,1701097271924,4741,0.28294
GMTUSDT,BUY,LIMIT,1701098274244,34,0.29402
GMTUSDT,SELL,LIMIT,1701098802266,61,0.28412
GMTUSDT,SELL,LIMIT,1701099344213,388,0.28245
GMTUSDT,SELL,LIMIT,1701100068159,56,0.28241
GMTUSDT,SELL,LIMIT,1701100125602,69,0.28213
GMTUSDT,SELL,LIMIT,1701100131423,108,0.28206
GMTUSDT,SELL,LIMIT,1701100146157,2139,0.28179
GMTUSDT,SELL,LIMIT,1701100148492,1887,0.28172
GMTUSDT,SELL,LIMIT,1701100188642,2325,0.28147
GMTUSDT,SELL,LIMIT,1701100212508,3461,0.28143
GMTUSDT,SELL,LIMIT,1701100215117,23519,0.28139
GMTUSDT,SELL,LIMIT,1701100219850,8348,0.28110
GMTUSDT,SELL,LIMIT,1701100221058,170,0.28099
GMTUSDT,SELL,LIMIT,1701100225880,2554,0.28078
GMTUSDT,SELL,LIMIT,1701100531332,370,0.28662
GMTUSDT,SELL,LIMIT,1701100541280,2671,0.28142
GMTUSDT,SELL,LIMIT,1701100570087,33,0.28105
GMTUSDT,SELL,LIMIT,1701100571114,4957,0.28103
GMTUSDT,SELL,LIMIT,1701100595635,146,0.28076
GMTUSDT,SELL,LIMIT,1701100640884,320,0.28035
GMTUSDT,SELL,LIMIT,1701100642174,842,0.28029
GMTUSDT,SELL,LIMIT,1701100643753,2318,0.28016
GMTUSDT,SELL,LIMIT,1701100644967,137,0.27996
GMTUSDT,SELL,LIMIT,1701100781111,166,0.28120
GMTUSDT,SELL,LIMIT,1701100994127,91,0.28190
GMTUSDT,SELL,LIMIT,1701101043153,2169,0.28309
GMTUSDT,SELL,LIMIT,1701101073812,5536,0.28269
GMTUSDT,SELL,LIMIT,1701101129437,832,0.28142
GMTUSDT,BUY,LIMIT,1701101829637,672,0.29117
GMTUSDT,BUY,LIMIT,1701101841083,207,0.29147
GMTUSDT,SELL,LIMIT,1701102029040,3000,0.28258
GMTUSDT,SELL,LIMIT,1701102045347,45,0.28240
GMTUSDT,SELL,LIMIT,1701102055598,591,0.28226
GMTUSDT,SELL,LIMIT,1701102078388,3399,0.28526
GMTUSDT,BUY,LIMIT,1701102449027,36104,0.29045
GMTUSDT,BUY,LIMIT,1701103091828,149,0.29159
GMTUSDT,BUY,LIMIT,1701103469341,4608,0.29231
GMTUSDT,BUY,LIMIT,1701103477333,190,0.29252
GMTUSDT,BUY,LIMIT,1701103538778,119,0.29330
GMTUSDT,BUY,LIMIT,1701103542121,527,0.29332
GMTUSDT,BUY,LIMIT,1701103548278,497,0.29360
GMTUSDT,BUY,LIMIT,1701103564177,1361,0.29391
GMTUSDT,BUY,LIMIT,1701105006596,2333,0.29546
GMTUSDT,BUY,LIMIT,1701105014742,2158,0.29574
GMTUSDT,BUY,LIMIT,1701105028339,6110,0.29589
GMTUSDT,BUY,LIMIT,1701105036628,27,0.29596
GMTUSDT,BUY,LIMIT,1701105051213,877,0.29609
GMTUSDT,SELL,LIMIT,1701107018189,1428,0.28463
GMTUSDT,SELL,LIMIT,1701107394903,20,0.28381
GMTUSDT,SELL,LIMIT,1701107461546,999,0.28308
GMTUSDT,SELL,LIMIT,1701107468395,3649,0.28285
GMTUSDT,SELL,LIMIT,1701107470302,27341,0.28270
GMTUSDT,SELL,LIMIT,1701110352011,542,0.28301
GMTUSDT,SELL,LIMIT,1701110450068,13304,0.28276
GMTUSDT,SELL,LIMIT,1701110601400,30,0.28238
GMTUSDT,SELL,LIMIT,1701110713076,136,0.28214
GMTUSDT,SELL,LIMIT,1701111227731,106,0.28170
GMTUSDT,SELL,LIMIT,1701111267974,240,0.28161
GMTUSDT,SELL,LIMIT,1701111282893,29,0.28346
GMTUSDT,SELL,LIMIT,1701111440358,11,0.28172
GMTUSDT,SELL,LIMIT,1701111568602,5037,0.28143
GMTUSDT,SELL,LIMIT,1701111570495,1000,0.28138
GMTUSDT,SELL,LIMIT,1701111611228,18,0.28112
GMTUSDT,SELL,LIMIT,1701111818452,146,0.28154
GMTUSDT,SELL,LIMIT,1701111839563,114,0.28180
GMTUSDT,SELL,LIMIT,1701111898604,60080,0.28181
GMTUSDT,SELL,LIMIT,1701111983990,12330,0.28122
GMTUSDT,SELL,LIMIT,1701112046878,3724,0.28132
GMTUSDT,SELL,LIMIT,1701112055415,18,0.28107
GMTUSDT,SELL,LIMIT,1701112082389,2165,0.28112
GMTUSDT,SELL,LIMIT,1701112135299,6880,0.28092
GMTUSDT,SELL,LIMIT,1701112136880,25724,0.28081
GMTUSDT,SELL,LIMIT,1701112140001,84,0.28095
GMTUSDT,SELL,LIMIT,1701112159192,339,0.28079
GMTUSDT,SELL,LIMIT,1701112183427,216,0.28080
GMTUSDT,SELL,LIMIT,1701112199650,1349,0.28037
GMTUSDT,SELL,LIMIT,1701112203144,16724,0.28028
GMTUSDT,SELL,LIMIT,1701112210105,5481,0.28022
GMTUSDT,SELL,LIMIT,1701112213129,4029,0.28015
GMTUSDT,SELL,LIMIT,1701113293846,491,0.28297
GMTUSDT,SELL,LIMIT,1701113298351,672,0.28300
GMTUSDT,BUY,LIMIT,1701113489764,600,0.29216
GMTUSDT,SELL,LIMIT,1701113913699,349,0.28204
GMTUSDT,SELL,LIMIT,1701113914914,160,0.28148
GMTUSDT,SELL,LIMIT,1701113916992,590,0.28098
GMTUSDT,SELL,LIMIT,1701114149778,353,0.28013
GMTUSDT,SELL,LIMIT,1701114153210,1537,0.28009
GMTUSDT,SELL,LIMIT,1701114159122,707,0.27980
GMTUSDT,SELL,LIMIT,1701114160116,10004,0.27945
GMTUSDT,SELL,LIMIT,1701114161114,10165,0.27945
GMTUSDT,SELL,LIMIT,1701114162135,1731,0.27926
GMTUSDT,SELL,LIMIT,1701114162989,2911,0.27890
GMTUSDT,SELL,LIMIT,1701114163868,5711,0.27871
GMTUSDT,SELL,LIMIT,1701114206982,8194,0.27929
GMTUSDT,SELL,LIMIT,1701114229286,3525,0.27961
GMTUSDT,SELL,LIMIT,1701114264662,435,0.27914
GMTUSDT,SELL,LIMIT,1701114266855,1724,0.27921
GMTUSDT,SELL,LIMIT,1701114344366,3699,0.27914
GMTUSDT,BUY,LIMIT,1701114352849,29,0.28757
GMTUSDT,SELL,LIMIT,1701114357728,4667,0.27898
GMTUSDT,SELL,LIMIT,1701114456077,33237,0.27903
GMTUSDT,SELL,LIMIT,1701114466580,1500,0.27875
GMTUSDT,BUY,LIMIT,1701114468449,73,0.28717
GMTUSDT,SELL,LIMIT,1701114471088,115,0.27896
GMTUSDT,SELL,LIMIT,1701114472874,208,0.27864
GMTUSDT,SELL,LIMIT,1701114476254,7077,0.27868
GMTUSDT,SELL,LIMIT,1701114477821,934,0.27868
GMTUSDT,SELL,LIMIT,1701114489733,2125,0.27865
GMTUSDT,SELL,LIMIT,1701114492040,290,0.27866
GMTUSDT,SELL,LIMIT,1701114494268,1421,0.27855
GMTUSDT,SELL,LIMIT,1701114496127,2405,0.27844
GMTUSDT,SELL,LIMIT,1701114497468,73640,0.27846
GMTUSDT,SELL,LIMIT,1701114499377,18748,0.27837
GMTUSDT,SELL,LIMIT,1701114519692,231,0.27835
GMTUSDT,SELL,LIMIT,1701114528399,1020,0.27832
GMTUSDT,SELL,LIMIT,1701114530090,57,0.27828
GMTUSDT,SELL,LIMIT,1701114565005,19302,0.27826
GMTUSDT,SELL,LIMIT,1701116135895,1886,0.27988
GMTUSDT,SELL,LIMIT,1701116733273,1713,0.28113
GMTUSDT,SELL,LIMIT,1701116823171,12946,0.27906
GMTUSDT,SELL,LIMIT,1701116835988,28,0.27849
GMTUSDT,SELL,LIMIT,1701116892523,76087,0.27838
GMTUSDT,SELL,LIMIT,1701116894204,2265,0.27837
GMTUSDT,SELL,LIMIT,1701116904142,4088,0.27833
GMTUSDT,SELL,LIMIT,1701116959068,90,0.27813
GMTUSDT,SELL,LIMIT,1701116960097,1242,0.27789
GMTUSDT,SELL,LIMIT,1701116961243,95,0.27780
GMTUSDT,SELL,LIMIT,1701116984934,3928,0.27787
GMTUSDT,SELL,LIMIT,1701117272753,478,0.27885
GMTUSDT,SELL,LIMIT,1701117465799,3150,0.27905
GMTUSDT,BUY,LIMIT,1701118885076,2095,0.28901
GMTUSDT,BUY,LIMIT,1701119045379,13501,0.28934
GMTUSDT,BUY,LIMIT,1701119153187,18,0.28973
GMTUSDT,BUY,LIMIT,1701121735277,137816,0.29118
GMTUSDT,BUY,LIMIT,1701121738757,13,0.16823
GMTUSDT,SELL,LIMIT,1701122269306,12700,0.28250
GMTUSDT,SELL,LIMIT,1701122788105,181,0.28270
GMTUSDT,BUY,LIMIT,1701123502787,18290,0.29223
GMTUSDT,BUY,LIMIT,1701123513249,132,0.29237
GMTUSDT,BUY,LIMIT,1701124089239,428,0.29270
GMTUSDT,BUY,LIMIT,1701124113679,1028,0.29309
GMTUSDT,SELL,LIMIT,1701124605535,58,0.28261
GMTUSDT,SELL,LIMIT,1701124620178,964,0.28247
GMTUSDT,BUY,LIMIT,1701126112762,18,0.29337
GMTUSDT,BUY,LIMIT,1701126150008,38840,0.29385
GMTUSDT,BUY,LIMIT,1701126660239,5632,0.29332
GMTUSDT,BUY,LIMIT,1701126976437,6,0.29360
GMTUSDT,SELL,LIMIT,1701126992905,3318,0.28558
GMTUSDT,BUY,LIMIT,1701127053877,18,0.29380
GMTUSDT,BUY,LIMIT,1701129115434,42,0.29406
GMTUSDT,SELL,LIMIT,1701129699902,17131,0.28392
GMTUSDT,SELL,LIMIT,1701129704177,51809,0.28395
GMTUSDT,SELL,LIMIT,1701129705714,1721,0.28381
GMTUSDT,SELL,LIMIT,1701129712299,35419,0.28328
GMTUSDT,SELL,LIMIT,1701129739659,5185,0.28293
GMTUSDT,BUY,LIMIT,1701130242888,100,0.29273
GMTUSDT,BUY,LIMIT,1701131368076,3652,0.29395
GMTUSDT,BUY,LIMIT,1701131371150,9594,0.29443
GMTUSDT,BUY,LIMIT,1701131426070,267,0.29494
GMTUSDT,BUY,LIMIT,1701131471955,22847,0.29573
GMTUSDT,BUY,LIMIT,1701131474125,273,0.29595
GMTUSDT,BUY,LIMIT,1701131857401,19989,0.29349
GMTUSDT,SELL,LIMIT,1701133548026,1297,0.28602
GMTUSDT,SELL,LIMIT,1701133626151,6879,0.28505
GMTUSDT,SELL,LIMIT,1701133638238,6710,0.28484
GMTUSDT,SELL,LIMIT,1701133640093,750,0.28470
GMTUSDT,SELL,LIMIT,1701134200209,33,0.28424
GMTUSDT,SELL,LIMIT,1701134216098,2570,0.28417
GMTUSDT,SELL,LIMIT,1701134233164,934,0.28383
GMTUSDT,SELL,LIMIT,1701134251275,15216,0.28378
GMTUSDT,SELL,LIMIT,1701134296111,10583,0.28349
GMTUSDT,SELL,LIMIT,1701134640311,3388,0.28244
GMTUSDT,SELL,LIMIT,1701134745904,167,0.28226
GMTUSDT,SELL,LIMIT,1701134753708,90,0.28201
GMTUSDT,SELL,LIMIT,1701136895768,2165,0.28172
GMTUSDT,SELL,LIMIT,1701136908964,206,0.28156
GMTUSDT,SELL,LIMIT,1701136924179,19074,0.28135
GMTUSDT,SELL,LIMIT,1701136935702,4803,0.28114
GMTUSDT,SELL,LIMIT,1701136937410,209,0.28114
GMTUSDT,SELL,LIMIT,1701136969113,589,0.28127
GMTUSDT,SELL,LIMIT,1701137026155,263,0.28084
GMTUSDT,SELL,LIMIT,1701137044368,2228,0.28078
GMTUSDT,SELL,LIMIT,1701137046119,490,0.28072
GMTUSDT,SELL,LIMIT,1701137051946,3474,0.28044
GMTUSDT,SELL,LIMIT,1701137054400,523,0.28038
GMTUSDT,SELL,LIMIT,1701137152072,654,0.28022
GMTUSDT,SELL,LIMIT,1701137410985,1457,0.27972
GMTUSDT,SELL,LIMIT,1701137429154,5718,0.27957
GMTUSDT,BUY,LIMIT,1701138492423,34,0.28965
GMTUSDT,BUY,LIMIT,1701138499027,24511,0.29046
GMTUSDT,SELL,LIMIT,1701141276588,3362,0.27941
GMTUSDT,SELL,LIMIT,1701141336814,262,0.27930
GMTUSDT,SELL,LIMIT,1701141339343,77478,0.27904
GMTUSDT,SELL,LIMIT,1701141341429,92,0.27880
GMTUSDT,SELL,LIMIT,1701142050199,278,0.27852
GMTUSDT,SELL,LIMIT,1701142429797,24,0.27808
GMTUSDT,SELL,LIMIT,1701142433654,11409,0.27806
GMTUSDT,SELL,LIMIT,1701142445086,1231,0.27782
GMTUSDT,SELL,LIMIT,1701142556278,15999,0.27771
GMTUSDT,SELL,LIMIT,1701142575426,99,0.27754
GMTUSDT,SELL,LIMIT,1701142628413,905,0.27749
GMTUSDT,SELL,LIMIT,1701142630704,2367,0.27739
GMTUSDT,SELL,LIMIT,1701142632307,68,0.27734
GMTUSDT,SELL,LIMIT,1701142639055,693,0.27729
GMTUSDT,SELL,LIMIT,1701142641458,2560,0.27729
GMTUSDT,SELL,LIMIT,1701142662252,63,0.27720
GMTUSDT,SELL,LIMIT,1701142670736,18,0.27718
GMTUSDT,SELL,LIMIT,1701142686132,1720,0.27705
GMTUSDT,SELL,LIMIT,1701142723640,1040,0.27700
GMTUSDT,SELL,LIMIT,1701142733064,3641,0.27694
GMTUSDT,SELL,LIMIT,1701142736307,400,0.27692
GMTUSDT,SELL,LIMIT,1701142737464,855,0.27688
GMTUSDT,SELL,LIMIT,1701142739207,86,0.27683
GMTUSDT,SELL,LIMIT,1701142751320,81,0.27674
GMTUSDT,SELL,LIMIT,1701142752590,51,0.27661
GMTUSDT,SELL,LIMIT,1701142761376,1500,0.27655
GMTUSDT,SELL,LIMIT,1701142777109,270,0.27651
GMTUSDT,SELL,LIMIT,1701142778148,758,0.27641
GMTUSDT,SELL,LIMIT,1701143090492,146,0.27631
GMTUSDT,SELL,LIMIT,1701143092081,74036,0.27628
GMTUSDT,SELL,LIMIT,1701143094475,270,0.27628
GMTUSDT,SELL,LIMIT,1701143220375,40,0.27608
GMTUSDT,SELL,LIMIT,1701143222312,39,0.27603
GMTUSDT,SELL,LIMIT,1701143253108,69499,0.27599
GMTUSDT,SELL,LIMIT,1701143254166,581,0.27576
GMTUSDT,SELL,LIMIT,1701143255303,222,0.27570
GMTUSDT,SELL,LIMIT,1701143256640,552,0.27561
GMTUSDT,SELL,LIMIT,1701143257968,32,0.27540
GMTUSDT,SELL,LIMIT,1701143268814,486,0.27520
GMTUSDT,SELL,LIMIT,1701143273217,378,0.27507
GMTUSDT,SELL,LIMIT,1701143274377,2146,0.27499
GMTUSDT,SELL,LIMIT,1701143276417,2019,0.27490
GMTUSDT,SELL,LIMIT,1701143277719,6437,0.27485
GMTUSDT,SELL,LIMIT,1701143314066,1638,0.27472
GMTUSDT,SELL,LIMIT,1701143317180,62,0.27456
GMTUSDT,SELL,LIMIT,1701143320610,569,0.27459
GMTUSDT,SELL,LIMIT,1701143326815,234,0.27462
GMTUSDT,SELL,LIMIT,1701143330269,6346,0.27447
GMTUSDT,SELL,LIMIT,1701143331597,151,0.27440
GMTUSDT,SELL,LIMIT,1701143332674,39693,0.27423
GMTUSDT,SELL,LIMIT,1701143334142,19,0.27417
GMTUSDT,SELL,LIMIT,1701143335142,1487,0.27414
GMTUSDT,SELL,LIMIT,1701143389841,55734,0.27432
GMTUSDT,SELL,LIMIT,1701143443397,26296,0.27405
GMTUSDT,SELL,LIMIT,1701143461113,2729,0.27401
GMTUSDT,SELL,LIMIT,1701143466805,3890,0.27392
GMTUSDT,SELL,LIMIT,1701143469035,2051,0.27382
GMTUSDT,SELL,LIMIT,1701143470271,29,0.27384
GMTUSDT,SELL,LIMIT,1701143471886,135729,0.27370
GMTUSDT,SELL,LIMIT,1701143473110,3245,0.27349
GMTUSDT,BUY,LIMIT,1701143720901,7113,0.28362
GMTUSDT,BUY,LIMIT,1701143722363,343,0.28373
GMTUSDT,BUY,LIMIT,1701144462567,185,0.28541
GMTUSDT,BUY,LIMIT,1701144517639,70,0.28595
GMTUSDT,BUY,LIMIT,1701144625113,1608,0.28676
GMTUSDT,SELL,LIMIT,1701144955064,63880,0.27673
GMTUSDT,SELL,LIMIT,1701145044586,5106,0.27608
GMTUSDT,SELL,LIMIT,1701145118322,9557,0.27594
GMTUSDT,SELL,LIMIT,1701145455201,261,0.27506
GMTUSDT,SELL,LIMIT,1701145567254,3046,0.27508
GMTUSDT,SELL,LIMIT,1701145640721,545,0.27486
GMTUSDT,BUY,LIMIT,1701145973062,1069,0.28265
GMTUSDT,SELL,LIMIT,1701146012860,31719,0.27429
GMTUSDT,SELL,LIMIT,1701146024305,4470,0.27537
GMTUSDT,SELL,LIMIT,1701146032636,52476,0.27383
GMTUSDT,SELL,LIMIT,1701146036273,3364,0.27380
GMTUSDT,SELL,LIMIT,1701146046311,11100,0.27328
GMTUSDT,SELL,LIMIT,1701146058135,15688,0.27329
GMTUSDT,SELL,LIMIT,1701146060265,1290,0.27331
GMTUSDT,SELL,LIMIT,1701146061923,10830,0.27323
GMTUSDT,SELL,LIMIT,1701146065476,180,0.27321
GMTUSDT,SELL,LIMIT,1701147441801,100,0.27413
GMTUSDT,SELL,LIMIT,1701147777901,11806,0.27316
GMTUSDT,SELL,LIMIT,1701147780199,9700,0.27314
GMTUSDT,SELL,LIMIT,1701147787580,1474,0.27303
GMTUSDT,SELL,LIMIT,1701147789234,587,0.27287
GMTUSDT,SELL,LIMIT,1701147790512,17,0.27288
GMTUSDT,SELL,LIMIT,1701147791958,7283,0.27255
GMTUSDT,SELL,LIMIT,1701147793077,363,0.27245
GMTUSDT,SELL,LIMIT,1701147800437,5978,0.27237
GMTUSDT,SELL,LIMIT,1701147802183,320,0.27228
GMTUSDT,SELL,LIMIT,1701147803216,510,0.27227
GMTUSDT,SELL,LIMIT,1701147809682,1885,0.27209
GMTUSDT,SELL,LIMIT,1701147879202,85,0.27239
GMTUSDT,SELL,LIMIT,1701147882483,8753,0.27236
GMTUSDT,SELL,LIMIT,1701147900120,250,0.27233
GMTUSDT,SELL,LIMIT,1701147923427,25640,0.27220
GMTUSDT,SELL,LIMIT,1701147979337,4404,0.27216
GMTUSDT,SELL,LIMIT,1701147990468,2612,0.27201
GMTUSDT,SELL,LIMIT,1701148008420,972,0.27188
GMTUSDT,SELL,LIMIT,1701148010094,1640,0.27184
GMTUSDT,SELL,LIMIT,1701148135796,628,0.27196
GMTUSDT,SELL,LIMIT,1701148137884,17,0.27187
GMTUSDT,SELL,LIMIT,1701148164542,16,0.27181
GMTUSDT,SELL,LIMIT,1701148166916,6495,0.27172
GMTUSDT,SELL,LIMIT,1701148179042,10604,0.27168
GMTUSDT,SELL,LIMIT,1701148180169,81,0.27166
GMTUSDT,SELL,LIMIT,1701148188577,4944,0.27134
GMTUSDT,SELL,LIMIT,1701148200186,167,0.27120
GMTUSDT,SELL,LIMIT,1701148201588,191,0.27103
GMTUSDT,SELL,LIMIT,1701148202939,569,0.27079
GMTUSDT,SELL,LIMIT,1701148203962,4198,0.27069
GMTUSDT,SELL,LIMIT,1701148209325,13940,0.27055
GMTUSDT,SELL,LIMIT,1701148210423,8922,0.27048
GMTUSDT,SELL,LIMIT,1701148219687,8666,0.27009
GMTUSDT,SELL,LIMIT,1701148247293,27306,0.27078
GMTUSDT,SELL,LIMIT,1701148848090,90100,0.27074
GMTUSDT,SELL,LIMIT,1701148849490,417,0.27057
GMTUSDT,SELL,LIMIT,1701148937270,500,0.27054
GMTUSDT,SELL,LIMIT,1701149077457,1376,0.27020
GMTUSDT,SELL,LIMIT,1701149108325,439,0.27002
GMTUSDT,SELL,LIMIT,1701149110354,481,0.26990
GMTUSDT,SELL,LIMIT,1701149121591,352,0.26986
GMTUSDT,SELL,LIMIT,1701149138397,12427,0.26974
GMTUSDT,SELL,LIMIT,1701149144430,598,0.26970
GMTUSDT,SELL,LIMIT,1701149147407,5718,0.26955
GMTUSDT,SELL,LIMIT,1701149466954,24813,0.26957
GMTUSDT,SELL,LIMIT,1701149512706,6292,0.26947
GMTUSDT,SELL,LIMIT,1701149691205,16146,0.26941
GMTUSDT,SELL,LIMIT,1701149734568,1042,0.26940
GMTUSDT,SELL,LIMIT,1701149799101,1002,0.26937
GMTUSDT,SELL,LIMIT,1701149800352,103,0.26928
GMTUSDT,SELL,LIMIT,1701149820453,259,0.26921
GMTUSDT,SELL,LIMIT,1701149821631,85,0.26920
GMTUSDT,SELL,LIMIT,1701149823191,1763,0.26903
GMTUSDT,SELL,LIMIT,1701149824276,90,0.26892
GMTUSDT,SELL,LIMIT,1701149841150,239,0.26896
GMTUSDT,SELL,LIMIT,1701149845140,15081,0.26889
GMTUSDT,SELL,LIMIT,1701149846766,1398,0.26884
GMTUSDT,SELL,LIMIT,1701149849086,24,0.26879
GMTUSDT,SELL,LIMIT,1701149850267,8194,0.26859
GMTUSDT,SELL,LIMIT,1701149852187,382,0.26839
GMTUSDT,SELL,LIMIT,1701149857429,3012,0.26821
GMTUSDT,SELL,LIMIT,1701149895446,17902,0.26818
GMTUSDT,BUY,LIMIT,1701150022884,52696,0.27783
GMTUSDT,SELL,LIMIT,1701150327221,328,0.26854
GMTUSDT,SELL,LIMIT,1701151059538,1190,0.26814
GMTUSDT,SELL,LIMIT,1701151071915,23,0.26799
GMTUSDT,SELL,LIMIT,1701151075405,329,0.26795
GMTUSDT,SELL,LIMIT,1701151080245,4060,0.26784
GMTUSDT,SELL,LIMIT,1701151082068,57,0.26773
GMTUSDT,SELL,LIMIT,1701151083295,85,0.26763
GMTUSDT,SELL,LIMIT,1701151085074,67,0.26752
GMTUSDT,SELL,LIMIT,1701151088412,674,0.26737
GMTUSDT,SELL,LIMIT,1701151091892,72,0.26734
GMTUSDT,SELL,LIMIT,1701151123070,34506,0.26743
GMTUSDT,SELL,LIMIT,1701151263534,708,0.26777
GMTUSDT,SELL,LIMIT,1701151273267,68,0.26773
GMTUSDT,SELL,LIMIT,1701151282599,89,0.26802
GMTUSDT,BUY,LIMIT,1701151408761,1839,0.27699
GMTUSDT,SELL,LIMIT,1701151608126,11279,0.26741
GMTUSDT,SELL,LIMIT,1701151618123,1298,0.26727
GMTUSDT,SELL,LIMIT,1701151620287,385,0.26724
GMTUSDT,SELL,LIMIT,1701151621455,96,0.26719
GMTUSDT,SELL,LIMIT,1701151622777,1434,0.26704
GMTUSDT,SELL,LIMIT,1701151624047,70,0.26687
GMTUSDT,BUY,LIMIT,1701151746100,1921,0.27699
GMTUSDT,BUY,LIMIT,1701151797283,10256,0.27720
GMTUSDT,BUY,LIMIT,1701152069171,11025,0.27760
GMTUSDT,SELL,LIMIT,1701153369409,10938,0.26997
GMTUSDT,BUY,LIMIT,1701153693922,582,0.27813
GMTUSDT,BUY,LIMIT,1701153710183,1005,0.27831
GMTUSDT,SELL,LIMIT,1701154828415,601,0.27019
GMTUSDT,SELL,LIMIT,1701155426147,24,0.26867
GMTUSDT,SELL,LIMIT,1701155444745,730,0.26831
GMTUSDT,SELL,LIMIT,1701155452842,1740,0.26818
GMTUSDT,SELL,LIMIT,1701155457246,588,0.26813
GMTUSDT,SELL,LIMIT,1701155461499,385,0.26810
GMTUSDT,SELL,LIMIT,1701155498435,36603,0.26774
GMTUSDT,SELL,LIMIT,1701155499533,26555,0.26767
GMTUSDT,SELL,LIMIT,1701155527940,3696,0.26761
GMTUSDT,SELL,LIMIT,1701155532386,2820,0.26740
GMTUSDT,SELL,LIMIT,1701155666727,11250,0.26715
GMTUSDT,SELL,LIMIT,1701155693348,13,0.26817
GMTUSDT,SELL,LIMIT,1701155908012,3129,0.26691
GMTUSDT,SELL,LIMIT,1701156272146,2031,0.26682
GMTUSDT,SELL,LIMIT,1701156273293,1385,0.26657
GMTUSDT,SELL,LIMIT,1701156278294,276,0.26652
GMTUSDT,SELL,LIMIT,1701156287908,48,0.26647
GMTUSDT,SELL,LIMIT,1701156289154,152,0.26643
GMTUSDT,SELL,LIMIT,1701156364571,306,0.26635
GMTUSDT,SELL,LIMIT,1701156370333,2895,0.26635
GMTUSDT,SELL,LIMIT,1701156474126,110,0.26611
GMTUSDT,SELL,LIMIT,1701156476697,6683,0.26600
GMTUSDT,SELL,LIMIT,1701156479076,672,0.26544
GMTUSDT,SELL,LIMIT,1701156480202,18,0.26554
GMTUSDT,SELL,LIMIT,1701156515167,23645,0.26575
GMTUSDT,SELL,LIMIT,1701156529036,27000,0.26527
GMTUSDT,SELL,LIMIT,1701156549333,132,0.26513
GMTUSDT,SELL,LIMIT,1701156554080,23644,0.26496
GMTUSDT,SELL,LIMIT,1701156555198,349,0.26500
GMTUSDT,SELL,LIMIT,1701156556230,48,0.26469
GMTUSDT,SELL,LIMIT,1701156559152,1142,0.26446
GMTUSDT,SELL,LIMIT,1701156560329,965,0.26448
GMTUSDT,SELL,LIMIT,1701156870754,5520,0.26566
GMTUSDT,SELL,LIMIT,1701157009482,370,0.26442
GMTUSDT,SELL,LIMIT,1701157074666,204,0.26410
GMTUSDT,SELL,LIMIT,1701157075742,51,0.26404
GMTUSDT,SELL,LIMIT,1701157077095,150,0.26384
GMTUSDT,SELL,LIMIT,1701157078099,9999,0.26396
GMTUSDT,SELL,LIMIT,1701157079119,59,0.26378
GMTUSDT,SELL,LIMIT,1701157185982,16,0.26375
GMTUSDT,BUY,LIMIT,1701157563231,23,0.27402
GMTUSDT,BUY,LIMIT,1701157622202,377,0.27412
GMTUSDT,BUY,LIMIT,1701157660444,62,0.27434
GMTUSDT,BUY,LIMIT,1701157980223,394,0.27554
GMTUSDT,BUY,LIMIT,1701158107526,51603,0.27647
GMTUSDT,SELL,LIMIT,1701158959696,136,0.26758
GMTUSDT,BUY,LIMIT,1701159809606,79,0.27653
GMTUSDT,SELL,LIMIT,1701160961171,57,0.26589
GMTUSDT,SELL,LIMIT,1701160962888,2397,0.26587
GMTUSDT,SELL,LIMIT,1701160975271,241,0.26524
GMTUSDT,SELL,LIMIT,1701160982380,603,0.26504
GMTUSDT,SELL,LIMIT,1701163297310,500,0.26728
GMTUSDT,BUY,LIMIT,1701164363406,226,0.27526
GMTUSDT,BUY,LIMIT,1701164692189,1455,0.27592
GMTUSDT,BUY,LIMIT,1701164693236,67,0.27603
GMTUSDT,BUY,LIMIT,1701164968186,573,0.27668
GMTUSDT,SELL,LIMIT,1701165458083,12733,0.26675
GMTUSDT,SELL,LIMIT,1701165695302,367,0.26662
GMTUSDT,SELL,LIMIT,1701165865169,3504,0.26581
GMTUSDT,SELL,LIMIT,1701165867910,239,0.26577
GMTUSDT,SELL,LIMIT,1701165875101,2550,0.26571
GMTUSDT,SELL,LIMIT,1701165919061,150,0.26549
GMTUSDT,SELL,LIMIT,1701166332656,47,0.26495
GMTUSDT,SELL,LIMIT,1701167158886,2617,0.26508
GMTUSDT,SELL,LIMIT,1701167163273,181,0.26502
GMTUSDT,BUY,LIMIT,1701170313042,73,0.27529
GMTUSDT,BUY,LIMIT,1701170314372,344,0.27522
GMTUSDT,BUY,LIMIT,1701170598300,56,0.27574
GMTUSDT,SELL,LIMIT,1701170718501,53,0.29107
GMTUSDT,BUY,LIMIT,1701170902822,148037,0.27667
GMTUSDT,BUY,LIMIT,1701171993196,2449,0.27763
GMTUSDT,BUY,LIMIT,1701172009912,98,0.27793
GMTUSDT,BUY,LIMIT,1701172074273,82,0.27860
GMTUSDT,BUY,LIMIT,1701172077945,2386,0.27889
GMTUSDT,BUY,LIMIT,1701172083382,1109,0.27907
GMTUSDT,BUY,LIMIT,1701172255243,311,0.27961
GMTUSDT,BUY,LIMIT,1701172340315,2503,0.27995
GMTUSDT,BUY,LIMIT,1701172349524,52,0.28023
GMTUSDT,BUY,LIMIT,1701172358095,1848,0.28044
GMTUSDT,BUY,LIMIT,1701172432198,19,0.28076
GMTUSDT,BUY,LIMIT,1701172480351,500,0.28154
GMTUSDT,SELL,LIMIT,1701172609104,3482,0.27187
GMTUSDT,SELL,LIMIT,1701172616923,1137,0.27139
GMTUSDT,SELL,LIMIT,1701172621912,3611,0.27132
GMTUSDT,SELL,LIMIT,1701173034455,100,0.27106
GMTUSDT,SELL,LIMIT,1701173118102,1734,0.27077
GMTUSDT,SELL,LIMIT,1701173177229,765,0.27063
GMTUSDT,SELL,LIMIT,1701173300902,2191,0.27040
GMTUSDT,SELL,LIMIT,1701173329714,33,0.27006
GMTUSDT,SELL,LIMIT,1701173770915,2600,0.26951
GMTUSDT,SELL,LIMIT,1701173791910,48206,0.26946
GMTUSDT,SELL,LIMIT,1701173821139,197,0.26929
GMTUSDT,SELL,LIMIT,1701173830080,4183,0.26908
GMTUSDT,SELL,LIMIT,1701173831362,8856,0.26902
GMTUSDT,SELL,LIMIT,1701175930667,1717,0.26916
GMTUSDT,SELL,LIMIT,1701176024735,4154,0.26898
GMTUSDT,SELL,LIMIT,1701176599396,36,0.26863
GMTUSDT,SELL,LIMIT,1701176612171,3788,0.26848
GMTUSDT,SELL,LIMIT,1701176719524,130,0.26827
GMTUSDT,SELL,LIMIT,1701176736650,161,0.26774
GMTUSDT,SELL,LIMIT,1701176857479,33863,0.26761
GMTUSDT,SELL,LIMIT,1701176865620,3664,0.26743
GMTUSDT,SELL,LIMIT,1701176874522,118,0.26740
GMTUSDT,BUY,LIMIT,1701177980187,110,0.27732
GMTUSDT,BUY,LIMIT,1701179047400,6054,0.27872
GMTUSDT,BUY,LIMIT,1701179060108,362,0.27894
GMTUSDT,BUY,LIMIT,1701179834872,136921,0.28172
GMTUSDT,BUY,LIMIT,1701181409127,90744,0.28095
GMTUSDT,BUY,LIMIT,1701181513038,939,0.28195
GMTUSDT,BUY,LIMIT,1701181580114,41,0.28258
GMTUSDT,BUY,LIMIT,1701181581681,5079,0.28279
GMTUSDT,BUY,LIMIT,1701181582823,1499,0.28336
GMTUSDT,BUY,LIMIT,1701181585309,94,0.28349
GMTUSDT,BUY,LIMIT,1701181587189,514,0.28380
GMTUSDT,BUY,LIMIT,1701181588581,27,0.28404
GMTUSDT,BUY,LIMIT,1701181590269,74404,0.28453
GMTUSDT,BUY,LIMIT,1701181591441,22,0.28451
GMTUSDT,BUY,LIMIT,1701181596037,6042,0.28514
GMTUSDT,BUY,LIMIT,1701181605965,1,0.28507
GMTUSDT,BUY,LIMIT,1701181607135,1162,0.28566
GMTUSDT,SELL,LIMIT,1701182212340,44,0.27466
GMTUSDT,BUY,LIMIT,1701183245443,1505,0.28412
GMTUSDT,BUY,LIMIT,1701183827367,341,0.28434
GMTUSDT,BUY,LIMIT,1701184199576,842,0.28550
GMTUSDT,BUY,LIMIT,1701184826534,380,0.28602
GMTUSDT,BUY,LIMIT,1701185076551,248,0.28613
GMTUSDT,BUY,LIMIT,1701185082383,7504,0.28614
GMTUSDT,BUY,LIMIT,1701185083733,49709,0.28631
GMTUSDT,BUY,LIMIT,1701185091421,8251,0.28657
GMTUSDT,BUY,LIMIT,1701185095990,54272,0.28680
GMTUSDT,BUY,LIMIT,1701185140074,7402,0.28676
GMTUSDT,BUY,LIMIT,1701185141313,3031,0.28692
GMTUSDT,BUY,LIMIT,1701185157706,82,0.28723
GMTUSDT,BUY,LIMIT,1701185303151,3969,0.28729
GMTUSDT,SELL,LIMIT,1701185539273,665,0.27661
GMTUSDT,SELL,LIMIT,1701185547334,1130,0.27646
GMTUSDT,SELL,LIMIT,1701185583869,218,0.27599
GMTUSDT,SELL,LIMIT,1701185655225,2423,0.27575
GMTUSDT,SELL,LIMIT,1701185712973,36720,0.27548
GMTUSDT,SELL,LIMIT,1701185852897,1000,0.27527
GMTUSDT,SELL,LIMIT,1701185910751,528,0.27485
GMTUSDT,BUY,LIMIT,1701186341822,10458,0.28677
GMTUSDT,BUY,LIMIT,1701187103339,286,0.28565
GMTUSDT,BUY,LIMIT,1701187253655,454,0.28760
GMTUSDT,SELL,LIMIT,1701187259291,1922,0.27933
GMTUSDT,BUY,LIMIT,1701187267054,13883,0.28783
GMTUSDT,SELL,LIMIT,1701187925689,593,0.27694
GMTUSDT,SELL,LIMIT,1701187942812,551,0.27690
GMTUSDT,SELL,LIMIT,1701187955386,77,0.27668
GMTUSDT,BUY,LIMIT,1701188468374,1899,0.28656
GMTUSDT,SELL,LIMIT,1701188964415,697,0.27601
GMTUSDT,SELL,LIMIT,1701188967237,14802,0.27592
GMTUSDT,BUY,LIMIT,1701189804437,254,0.28714
GMTUSDT,BUY,LIMIT,1701189813569,2176,0.28730
GMTUSDT,SELL,LIMIT,1701189975892,686,0.27906
GMTUSDT,BUY,LIMIT,1701190079762,29,0.28875
GMTUSDT,BUY,LIMIT,1701190165577,20,0.28885
GMTUSDT,BUY,LIMIT,1701190316902,364,0.28971
GMTUSDT,BUY,LIMIT,1701190386588,596,0.29021
GMTUSDT,BUY,LIMIT,1701190426544,406,0.29042
GMTUSDT,BUY,LIMIT,1701190713590,17332,0.29112
GMTUSDT,BUY,LIMIT,1701190731283,242,0.29116
GMTUSDT,BUY,LIMIT,1701190770452,279,0.29161
GMTUSDT,BUY,LIMIT,1701190948003,60000,0.29215
GMTUSDT,BUY,LIMIT,1701190953323,4431,0.29246
GMTUSDT,BUY,LIMIT,1701190957972,278,0.29300
GMTUSDT,SELL,LIMIT,1701191139394,215,0.28250
GMTUSDT,BUY,LIMIT,1701191994403,1553,0.29044
GMTUSDT,BUY,LIMIT,1701192005121,327,0.29054
GMTUSDT,BUY,LIMIT,1701192018165,2061,0.29023
GMTUSDT,SELL,LIMIT,1701192106270,18,0.28425
GMTUSDT,BUY,LIMIT,1701192247417,264,0.29358
GMTUSDT,BUY,LIMIT,1701192640597,77,0.29404
GMTUSDT,BUY,LIMIT,1701192714644,6319,0.29460
GMTUSDT,BUY,LIMIT,1701193287331,20570,0.29391
GMTUSDT,BUY,LIMIT,1701193300399,24,0.29440
GMTUSDT,BUY,LIMIT,1701193419910,5727,0.29485
GMTUSDT,BUY,LIMIT,1701193682882,279,0.29504
GMTUSDT,SELL,LIMIT,1701194510861,2660,0.28436
GMTUSDT,SELL,LIMIT,1701194631087,11956,0.28354
GMTUSDT,SELL,LIMIT,1701194632118,17746,0.28345
GMTUSDT,SELL,LIMIT,1701194660486,282,0.28329
GMTUSDT,SELL,LIMIT,1701194893766,72,0.28260
GMTUSDT,BUY,LIMIT,1701195617104,76985,0.29346
GMTUSDT,BUY,LIMIT,1701195668854,85,0.29397
GMTUSDT,BUY,LIMIT,1701195800002,695,0.29474
GMTUSDT,BUY,LIMIT,1701196527032,2140,0.29555
GMTUSDT,BUY,LIMIT,1701196549217,1073,0.29572
GMTUSDT,BUY,LIMIT,1701196571952,68,0.29582
GMTUSDT,BUY,LIMIT,1701196634879,196,0.29587
GMTUSDT,BUY,LIMIT,1701196908348,1470,0.29636
GMTUSDT,BUY,LIMIT,1701196924661,36,0.29640
GMTUSDT,BUY,LIMIT,1701196954455,77475,0.29677
GMTUSDT,BUY,LIMIT,1701196970146,1799,0.29708
GMTUSDT,BUY,LIMIT,1701196975215,1029,0.29700
GMTUSDT,BUY,LIMIT,1701197036905,376,0.29734
GMTUSDT,BUY,LIMIT,1701197149786,13777,0.29757
GMTUSDT,BUY,LIMIT,1701197156499,247,0.29775
GMTUSDT,BUY,LIMIT,1701197188163,4816,0.29808
GMTUSDT,SELL,LIMIT,1701197455379,663,0.28607
GMTUSDT,SELL,LIMIT,1701197854197,516,0.28943
GMTUSDT,SELL,LIMIT,1701197862179,1381,0.28635
GMTUSDT,BUY,LIMIT,1701197969360,62,0.29815
GMTUSDT,BUY,LIMIT,1701197971086,1594,0.29823
GMTUSDT,BUY,LIMIT,1701197978805,6339,0.29859
GMTUSDT,SELL,LIMIT,1701198485880,139356,0.28675
GMTUSDT,BUY,LIMIT,1701199290236,293,0.29625
GMTUSDT,SELL,LIMIT,1701199762595,34882,0.28573
GMTUSDT,SELL,LIMIT,1701199857330,38,0.28535
GMTUSDT,SELL,LIMIT,1701199859090,233,0.28524
GMTUSDT,SELL,LIMIT,1701199969999,26872,0.28467
GMTUSDT,BUY,LIMIT,1701200475258,1548,0.28262
GMTUSDT,SELL,LIMIT,1701200746227,217,0.28645
GMTUSDT,SELL,LIMIT,1701202021983,1516,0.28658
GMTUSDT,SELL,LIMIT,1701202819188,327,0.28603
GMTUSDT,SELL,LIMIT,1701203181802,108,0.28524
GMTUSDT,BUY,LIMIT,1701203744264,22366,0.29478
GMTUSDT,BUY,LIMIT,1701204025845,1751,0.29726
GMTUSDT,SELL,LIMIT,1701205278365,71,0.28739
GMTUSDT,SELL,LIMIT,1701205398126,4584,0.28716
GMTUSDT,SELL,LIMIT,1701205687440,2614,0.28659
GMTUSDT,SELL,LIMIT,1701206859635,4264,0.28645
GMTUSDT,SELL,LIMIT,1701206980019,505,0.28593
GMTUSDT,SELL,LIMIT,1701206992153,366,0.28584
GMTUSDT,SELL,LIMIT,1701207124204,5,0.29030
GMTUSDT,BUY,LIMIT,1701208738574,691,0.29465
GMTUSDT,SELL,LIMIT,1701211840536,60,0.28474
GMTUSDT,SELL,LIMIT,1701211907362,452,0.28420
GMTUSDT,SELL,LIMIT,1701211916953,4556,0.28406
GMTUSDT,SELL,LIMIT,1701211929359,91,0.28400
GMTUSDT,SELL,LIMIT,1701211936261,866,0.28378
GMTUSDT,SELL,LIMIT,1701211940438,43,0.28348
GMTUSDT,SELL,LIMIT,1701211963628,9252,0.28331
GMTUSDT,SELL,LIMIT,1701211976723,924,0.28327
GMTUSDT,BUY,LIMIT,1701213447446,164,0.29420
GMTUSDT,BUY,LIMIT,1701214175955,166,0.29436
GMTUSDT,BUY,LIMIT,1701215318270,28,0.29523
GMTUSDT,BUY,LIMIT,1701215549482,4036,0.29577
GMTUSDT,SELL,LIMIT,1701216470397,27000,0.28503
GMTUSDT,SELL,LIMIT,1701216733615,1351,0.28417
GMTUSDT,BUY,LIMIT,1701218146639,139,0.29636
GMTUSDT,BUY,LIMIT,1701219904546,893,0.29871
GMTUSDT,BUY,LIMIT,1701220299597,5,0.28475
GMTUSDT,BUY,LIMIT,1701220343404,18656,0.29814
GMTUSDT,SELL,LIMIT,1701221123927,537,0.28824
GMTUSDT,SELL,LIMIT,1701222494037,1968,0.28681
GMTUSDT,SELL,LIMIT,1701222496633,42,0.28679
GMTUSDT,SELL,LIMIT,1701222525411,1714,0.28672
GMTUSDT,SELL,LIMIT,1701222540473,2899,0.28660
GMTUSDT,SELL,LIMIT,1701222584759,483,0.28620
GMTUSDT,SELL,LIMIT,1701222591078,119658,0.28603
GMTUSDT,SELL,LIMIT,1701222705182,1684,0.28579
GMTUSDT,SELL,LIMIT,1701223123375,56052,0.28524
GMTUSDT,SELL,LIMIT,1701223125222,2147,0.28512
GMTUSDT,SELL,LIMIT,1701223369163,1007,0.28420
GMTUSDT,SELL,LIMIT,1701223448652,2483,0.28413
GMTUSDT,SELL,LIMIT,1701223452624,11000,0.28403
GMTUSDT,SELL,LIMIT,1701223491548,102,0.28363
GMTUSDT,SELL,LIMIT,1701223525894,7019,0.28351
GMTUSDT,SELL,LIMIT,1701223528173,22760,0.28337
GMTUSDT,SELL,LIMIT,1701224547952,904,0.28511
GMTUSDT,SELL,LIMIT,1701224553078,1655,0.28509
GMTUSDT,SELL,LIMIT,1701224612942,6936,0.28496
GMTUSDT,SELL,LIMIT,1701225051072,183,0.28416
GMTUSDT,SELL,LIMIT,1701225157598,2024,0.28396
GMTUSDT,SELL,LIMIT,1701225198332,94,0.28357
GMTUSDT,SELL,LIMIT,1701225199958,136617,0.28345
GMTUSDT,SELL,LIMIT,1701225388416,1584,0.28319
GMTUSDT,SELL,LIMIT,1701225760308,206,0.28281
GMTUSDT,SELL,LIMIT,1701226081100,4816,0.28238
GMTUSDT,SELL,LIMIT,1701226302465,1711,0.28212
GMTUSDT,SELL,LIMIT,1701227098899,198,0.28196
GMTUSDT,SELL,LIMIT,1701227258114,86,0.28187
GMTUSDT,SELL,LIMIT,1701227259202,9723,0.28168
GMTUSDT,SELL,LIMIT,1701227382783,4303,0.28115
GMTUSDT,BUY,LIMIT,1701228752860,112,0.29259
GMTUSDT,BUY,LIMIT,1701229224429,8787,0.29378
GMTUSDT,SELL,LIMIT,1701232182297,331,0.28357
GMTUSDT,SELL,LIMIT,1701232185414,5904,0.28290
GMTUSDT,SELL,LIMIT,1701235646496,1983,0.28237
GMTUSDT,SELL,LIMIT,1701235667874,8846,0.28230
GMTUSDT,SELL,LIMIT,1701235682092,7143,0.28198
GMTUSDT,SELL,LIMIT,1701236003680,3295,0.28117
GMTUSDT,SELL,LIMIT,1701236031038,274,0.28102
GMTUSDT,SELL,LIMIT,1701236090449,47,0.28096
GMTUSDT,SELL,LIMIT,1701236094098,697,0.28062
GMTUSDT,SELL,LIMIT,1701236095170,348,0.28062
GMTUSDT,SELL,LIMIT,1701236103122,135,0.28054
GMTUSDT,SELL,LIMIT,1701236104241,14947,0.28051
GMTUSDT,SELL,LIMIT,1701236119464,5000,0.28001
GMTUSDT,SELL,LIMIT,1701236146582,86,0.27978
GMTUSDT,SELL,LIMIT,1701236180414,2576,0.27972
GMTUSDT,SELL,LIMIT,1701236187449,1251,0.27969
GMTUSDT,SELL,LIMIT,1701236260431,851,0.27945
GMTUSDT,SELL,LIMIT,1701236266160,752,0.27943
GMTUSDT,SELL,LIMIT,1701236268272,1123,0.27937
GMTUSDT,SELL,LIMIT,1701236272114,1210,0.27929
GMTUSDT,SELL,LIMIT,1701236273241,52376,0.27861
GMTUSDT,SELL,LIMIT,1701236274258,182,0.27869
GMTUSDT,BUY,LIMIT,1701239843060,176,0.28923
GMTUSDT,BUY,LIMIT,1701240071205,927,0.28998
GMTUSDT,SELL,LIMIT,1701241454936,9664,0.27998
GMTUSDT,SELL,LIMIT,1701241734575,880,0.27936
GMTUSDT,BUY,LIMIT,1701243025323,210,0.28965
GMTUSDT,SELL,LIMIT,1701243446956,102815,0.27935
GMTUSDT,SELL,LIMIT,1701243534682,813,0.27908
GMTUSDT,SELL,LIMIT,1701243748076,224,0.27869
GMTUSDT,SELL,LIMIT,1701243937338,155,0.28246
GMTUSDT,BUY,LIMIT,1701245086777,610,0.28817
GMTUSDT,SELL,LIMIT,1701245095347,5332,0.27971
GMTUSDT,SELL,LIMIT,1701245732425,172890,0.27885
GMTUSDT,SELL,LIMIT,1701245786192,511,0.27862
GMTUSDT,SELL,LIMIT,1701245787272,327,0.27862
GMTUSDT,SELL,LIMIT,1701245826289,1346,0.27842
GMTUSDT,SELL,LIMIT,1701245846920,21290,0.27839
GMTUSDT,SELL,LIMIT,1701245849469,258,0.27836
GMTUSDT,SELL,LIMIT,1701245861247,39,0.27825
GMTUSDT,SELL,LIMIT,1701245862255,1102,0.27829
GMTUSDT,SELL,LIMIT,1701245883334,526,0.27807
GMTUSDT,SELL,LIMIT,1701245884458,150,0.27791
GMTUSDT,SELL,LIMIT,1701245887246,2146,0.27784
GMTUSDT,BUY,LIMIT,1701247219428,1009,0.28898
GMTUSDT,BUY,LIMIT,1701247309303,1463,0.28974
GMTUSDT,BUY,LIMIT,1701247359925,378,0.29018
GMTUSDT,BUY,LIMIT,1701247385866,158,0.29027
GMTUSDT,BUY,LIMIT,1701247467254,134,0.29066
GMTUSDT,BUY,LIMIT,1701247613474,3850,0.29156
GMTUSDT,BUY,LIMIT,1701248054147,6624,0.29191
GMTUSDT,SELL,LIMIT,1701249978041,56316,0.28240
GMTUSDT,SELL,LIMIT,1701250267168,490,0.28075
GMTUSDT,SELL,LIMIT,1701251164769,581,0.28011
GMTUSDT,SELL,LIMIT,1701251614377,2076,0.27925
GMTUSDT,SELL,LIMIT,1701252124413,10000,0.28002
GMTUSDT,SELL,LIMIT,1701252132269,146,0.27883
GMTUSDT,SELL,LIMIT,1701252145577,263,0.27875
GMTUSDT,SELL,LIMIT,1701252175142,5086,0.27863
GMTUSDT,SELL,LIMIT,1701252183277,1373,0.27845
GMTUSDT,SELL,LIMIT,1701252200090,125,0.27816
GMTUSDT,SELL,LIMIT,1701252222424,2130,0.27810
GMTUSDT,SELL,LIMIT,1701252224129,568,0.27806
GMTUSDT,SELL,LIMIT,1701252230749,1043,0.27798
GMTUSDT,SELL,LIMIT,1701252234011,1340,0.27785
GMTUSDT,SELL,LIMIT,1701252235474,7405,0.27745
GMTUSDT,SELL,LIMIT,1701252955095,129618,0.27665
GMTUSDT,SELL,LIMIT,1701252956097,56023,0.27707
GMTUSDT,SELL,LIMIT,1701252958190,35,0.27660
GMTUSDT,SELL,LIMIT,1701252959736,407,0.27656
GMTUSDT,SELL,LIMIT,1701252962511,84,0.27651
GMTUSDT,SELL,LIMIT,1701252976139,562,0.27651
GMTUSDT,SELL,LIMIT,1701252989328,825,0.27643
GMTUSDT,SELL,LIMIT,1701252996394,1152,0.27633
GMTUSDT,SELL,LIMIT,1701253047403,1377,0.27618
GMTUSDT,SELL,LIMIT,1701253048451,365,0.27608
GMTUSDT,SELL,LIMIT,1701253168497,5447,0.27600
GMTUSDT,SELL,LIMIT,1701253191275,1217,0.27588
GMTUSDT,SELL,LIMIT,1701253205476,1744,0.27583
GMTUSDT,SELL,LIMIT,1701253207988,1433,0.27576
GMTUSDT,SELL,LIMIT,1701253220936,140,0.27573
GMTUSDT,SELL,LIMIT,1701253252223,1050,0.27554
GMTUSDT,SELL,LIMIT,1701253401089,4575,0.27616
GMTUSDT,SELL,LIMIT,1701253992116,1550,0.27548
GMTUSDT,SELL,LIMIT,1701254008861,878,0.27531
GMTUSDT,SELL,LIMIT,1701254012636,205,0.27522
GMTUSDT,SELL,LIMIT,1701254020160,1988,0.27517
GMTUSDT,SELL,LIMIT,1701254031181,6244,0.27512
GMTUSDT,SELL,LIMIT,1701254035255,4555,0.27500
GMTUSDT,SELL,LIMIT,1701254052117,887,0.27489
GMTUSDT,SELL,LIMIT,1701254053351,157,0.27488
GMTUSDT,SELL,LIMIT,1701254054367,566,0.27482
GMTUSDT,SELL,LIMIT,1701254060020,250,0.27470
GMTUSDT,SELL,LIMIT,1701254065539,131177,0.27458
GMTUSDT,SELL,LIMIT,1701254066776,338,0.27447
GMTUSDT,SELL,LIMIT,1701254067791,400,0.27417
GMTUSDT,SELL,LIMIT,1701254363461,284,0.27409
GMTUSDT,SELL,LIMIT,1701254364495,9591,0.27409
GMTUSDT,SELL,LIMIT,1701254371039,20,0.27401
GMTUSDT,SELL,LIMIT,1701254372731,3456,0.27397
GMTUSDT,SELL,LIMIT,1701254403210,1113,0.27370
GMTUSDT,SELL,LIMIT,1701254405071,1543,0.27359
GMTUSDT,SELL,LIMIT,1701254406127,9357,0.27369
GMTUSDT,SELL,LIMIT,1701254414356,478,0.27314
GMTUSDT,SELL,LIMIT,1701254415913,5000,0.27313
GMTUSDT,SELL,LIMIT,1701254417392,1150,0.27290
GMTUSDT,SELL,LIMIT,1701254418546,287,0.27280
GMTUSDT,SELL,LIMIT,1701254642148,603,0.27635
GMTUSDT,SELL,LIMIT,1701254647425,7456,0.27305
