Symbol,Side,Order Type,Time,Quantity,Price
GMTUSDT,BUY,LIMIT,1700845890526,1197,0.28228
GMTUSDT,BUY,LIMIT,1700846507130,9097,0.28426
GMTUSDT,BUY,LIMIT,1700846612132,124,0.28459
GMTUSDT,BUY,LIMIT,1700848214461,908,0.28622
GMTUSDT,BUY,LIMIT,1700848311389,1540,0.28631
GMTUSDT,BUY,LIMIT,1700848621126,66,0.28688
GMTUSDT,BUY,LIMIT,1700848632610,1149,0.28724
GMTUSDT,BUY,LIMIT,1700848881864,1728,0.28740
GMTUSDT,BUY,LIMIT,1700849012401,27192,0.28802
GMTUSDT,BUY,LIMIT,1700849037217,29329,0.28839
GMTUSDT,BUY,LIMIT,1700849278432,361,0.28846
GMTUSDT,BUY,LIMIT,1700849341080,4839,0.28858
GMTUSDT,BUY,LIMIT,1700849343304,279,0.28869
GMTUSDT,BUY,LIMIT,1700849345207,1034,0.28872
GMTUSDT,BUY,LIMIT,1700849350271,168,0.28890
GMTUSDT,BUY,LIMIT,1700849371086,55,0.28241
GMTUSDT,SELL,LIMIT,1700849713352,6294,0.27831
GMTUSDT,BUY,LIMIT,1700850103156,10321,0.28870
GMTUSDT,BUY,LIMIT,1700850439735,6215,0.28972
GMTUSDT,BUY,LIMIT,1700850477570,619,0.29010
GMTUSDT,BUY,LIMIT,1700850493048,61,0.29076
GMTUSDT,BUY,LIMIT,1700850518044,1204,0.29083
GMTUSDT,BUY,LIMIT,1700850521245,1502,0.29113
GMTUSDT,BUY,LIMIT,1700850525814,20,0.29148
GMTUSDT,SELL,LIMIT,1700854299613,9566,0.27965
GMTUSDT,SELL,LIMIT,1700854528333,598,0.27901
GMTUSDT,SELL,LIMIT,1700855673135,4076,0.27813
GMTUSDT,SELL,LIMIT,1700855680130,139,0.27780
GMTUSDT,SELL,LIMIT,1700856843519,3424,0.27551
GMTUSDT,SELL,LIMIT,1700857439235,117,0.27472
GMTUSDT,BUY,LIMIT,1700859049063,87,0.28605
GMTUSDT,BUY,LIMIT,1700859065412,4849,0.28622
GMTUSDT,BUY,LIMIT,1700859076007,2254,0.28635
GMTUSDT,BUY,LIMIT,1700859472505,4616,0.28789
GMTUSDT,BUY,LIMIT,1700859514987,699,0.28805
GMTUSDT,BUY,LIMIT,1700859819579,357,0.28870
GMTUSDT,BUY,LIMIT,1700860282492,719,0.28904
GMTUSDT,BUY,LIMIT,1700860801208,90,0.28928
GMTUSDT,SELL,LIMIT,1700861246073,2539,0.27967
GMTUSDT,BUY,LIMIT,1700862045366,1743,0.28990
GMTUSDT,BUY,LIMIT,1700862566091,4273,0.29041
GMTUSDT,BUY,LIMIT,1700865198502,23712,0.29074
GMTUSDT,BUY,LIMIT,1700865488093,317,0.29174
GMTUSDT,BUY,LIMIT,1700866002453,977,0.29190
GMTUSDT,SELL,LIMIT,1700866969422,3690,0.28172
GMTUSDT,SELL,LIMIT,1700867056133,30763,0.28136
GMTUSDT,BUY,LIMIT,1700868462580,497,0.29111
GMTUSDT,BUY,LIMIT,1700868586130,2541,0.29201
GMTUSDT,BUY,LIMIT,1700869124540,8275,0.29249
GMTUSDT,BUY,LIMIT,1700869191351,675,0.29309
GMTUSDT,BUY,LIMIT,1700869340675,201,0.29334
GMTUSDT,BUY,LIMIT,1700869508142,30123,0.29409
GMTUSDT,BUY,LIMIT,1700869528333,5748,0.29425
GMTUSDT,BUY,LIMIT,1700869544853,223,0.29429
GMTUSDT,BUY,LIMIT,1700869550090,847,0.29453
GMTUSDT,BUY,LIMIT,1700869551117,337,0.29476
GMTUSDT,BUY,LIMIT,1700869553942,343,0.29489
GMTUSDT,BUY,LIMIT,1700869561785,19,0.29501
GMTUSDT,BUY,LIMIT,1700869573544,26,0.29528
GMTUSDT,BUY,LIMIT,1700869575326,17767,0.29531
GMTUSDT,BUY,LIMIT,1700869576762,540,0.29544
GMTUSDT,BUY,LIMIT,1700869610212,19751,0.29563
GMTUSDT,SELL,LIMIT,1700870558431,891,0.28358
GMTUSDT,SELL,LIMIT,1700870584786,219,0.28279
GMTUSDT,SELL,LIMIT,1700870600404,1060,0.28263
GMTUSDT,SELL,LIMIT,1700870814106,55,0.28118
GMTUSDT,SELL,LIMIT,1700870821133,5080,0.28097
GMTUSDT,BUY,LIMIT,1700875061214,530,0.29485
GMTUSDT,BUY,LIMIT,1700875169124,172,0.29573
GMTUSDT,BUY,LIMIT,1700875201314,38,0.29599
GMTUSDT,BUY,LIMIT,1700875208413,2802,0.29618
GMTUSDT,BUY,LIMIT,1700875210697,34,0.29644
GMTUSDT,BUY,LIMIT,1700875214890,217,0.29649
GMTUSDT,BUY,LIMIT,1700875217389,97,0.29655
GMTUSDT,BUY,LIMIT,1700875289121,7033,0.29676
GMTUSDT,BUY,LIMIT,1700875290522,42987,0.29678
GMTUSDT,BUY,LIMIT,1700875324083,3707,0.29683
GMTUSDT,BUY,LIMIT,1700875339600,26,0.29726
GMTUSDT,BUY,LIMIT,1700875573907,60779,0.29735
GMTUSDT,BUY,LIMIT,1700875591641,820,0.29766
GMTUSDT,BUY,LIMIT,1700875597364,1782,0.29772
GMTUSDT,BUY,LIMIT,1700875616222,5891,0.29800
GMTUSDT,BUY,LIMIT,1700875617388,521,0.29804
GMTUSDT,BUY,LIMIT,1700875706278,2771,0.29837
GMTUSDT,BUY,LIMIT,1700875714791,1401,0.29873
GMTUSDT,BUY,LIMIT,1700875718345,145810,0.29885
GMTUSDT,BUY,LIMIT,1700875807061,1017,0.29914
GMTUSDT,BUY,LIMIT,1700875819488,351,0.29922
GMTUSDT,BUY,LIMIT,1700875841119,81,0.29944
GMTUSDT,BUY,LIMIT,1700875870458,97,0.29991
GMTUSDT,BUY,LIMIT,1700875936157,66,0.30014
GMTUSDT,BUY,LIMIT,1700875940681,2081,0.30030
GMTUSDT,BUY,LIMIT,1700875942282,1635,0.30036
GMTUSDT,BUY,LIMIT,1700875965818,12815,0.30072
GMTUSDT,BUY,LIMIT,1700875968693,10036,0.30104
GMTUSDT,BUY,LIMIT,1700875974891,764,0.30111
GMTUSDT,BUY,LIMIT,1700875982211,5576,0.30118
GMTUSDT,BUY,LIMIT,1700876003255,973,0.30155
GMTUSDT,BUY,LIMIT,1700876004625,239,0.30158
GMTUSDT,BUY,LIMIT,1700876012333,14962,0.30168
GMTUSDT,BUY,LIMIT,1700876015786,104,0.30167
GMTUSDT,BUY,LIMIT,1700876018407,13046,0.30172
GMTUSDT,BUY,LIMIT,1700876021494,1797,0.30192
GMTUSDT,BUY,LIMIT,1700876024456,7980,0.30197
GMTUSDT,BUY,LIMIT,1700876029252,5878,0.30217
GMTUSDT,BUY,LIMIT,1700876034878,76,0.30221
GMTUSDT,BUY,LIMIT,1700876049849,195,0.30231
GMTUSDT,SELL,LIMIT,1700876125677,59,0.29207
GMTUSDT,SELL,LIMIT,1700876144802,1470,0.29183
GMTUSDT,SELL,LIMIT,1700876353262,2508,0.29083
GMTUSDT,BUY,LIMIT,1700876590456,2716,0.30044
GMTUSDT,BUY,LIMIT,1700877030064,945,0.30266
GMTUSDT,BUY,LIMIT,1700877034710,125,0.30271
GMTUSDT,BUY,LIMIT,1700877345199,1928,0.30284
GMTUSDT,BUY,LIMIT,1700877383109,416,0.30319
GMTUSDT,BUY,LIMIT,1700877384192,6000,0.30408
GMTUSDT,BUY,LIMIT,1700877385255,5157,0.30403
GMTUSDT,BUY,LIMIT,1700877389697,1377,0.30460
GMTUSDT,BUY,LIMIT,1700877399202,2697,0.30500
GMTUSDT,BUY,LIMIT,1700877402262,3642,0.30520
GMTUSDT,BUY,LIMIT,1700877407418,711,0.30543
GMTUSDT,BUY,LIMIT,1700877408788,48550,0.30554
GMTUSDT,BUY,LIMIT,1700877411252,17,0.30587
GMTUSDT,BUY,LIMIT,1700877415083,200000,0.30665
GMTUSDT,BUY,LIMIT,1700877416414,1939,0.30628
GMTUSDT,BUY,LIMIT,1700877600797,8345,0.30668
GMTUSDT,BUY,LIMIT,1700877617544,520,0.30704
GMTUSDT,BUY,LIMIT,1700877746217,7411,0.30593
GMTUSDT,SELL,LIMIT,1700877929014,3798,0.29525
GMTUSDT,SELL,LIMIT,1700878186875,1103,0.29374
GMTUSDT,BUY,LIMIT,1700878702795,33712,0.30490
GMTUSDT,BUY,LIMIT,1700878934084,448,0.30730
GMTUSDT,BUY,LIMIT,1700878935249,199,0.30719
GMTUSDT,BUY,LIMIT,1700878942405,218,0.30754
GMTUSDT,BUY,LIMIT,1700878943496,459425,0.30981
GMTUSDT,BUY,LIMIT,1700878944505,45610,0.30817
GMTUSDT,BUY,LIMIT,1700878946271,797,0.30823
GMTUSDT,BUY,LIMIT,1700878947986,40,0.30868
GMTUSDT,BUY,LIMIT,1700878949046,3561,0.30934
GMTUSDT,BUY,LIMIT,1700878952114,3011,0.30947
GMTUSDT,BUY,LIMIT,1700878953137,367,0.30987
GMTUSDT,BUY,LIMIT,1700878958493,1808,0.30994
GMTUSDT,BUY,LIMIT,1700878976103,2181,0.31030
GMTUSDT,BUY,LIMIT,1700878983051,282,0.31062
GMTUSDT,BUY,LIMIT,1700878984188,1638,0.31066
GMTUSDT,BUY,LIMIT,1700878985863,668,0.31090
GMTUSDT,BUY,LIMIT,1700878987275,32298,0.31100
GMTUSDT,BUY,LIMIT,1700878990887,16459,0.31118
GMTUSDT,BUY,LIMIT,1700878991942,289,0.31156
GMTUSDT,BUY,LIMIT,1700878994482,6000,0.31197
GMTUSDT,BUY,LIMIT,1700879001785,4708,0.31220
GMTUSDT,BUY,LIMIT,1700879003004,35,0.31236
GMTUSDT,BUY,LIMIT,1700879012597,6597,0.31289
GMTUSDT,BUY,LIMIT,1700879017876,16086,0.31317
GMTUSDT,SELL,LIMIT,1700879310307,7979,0.30053
GMTUSDT,BUY,LIMIT,1700879530275,137537,0.31278
GMTUSDT,BUY,LIMIT,1700879561442,14,0.31339
GMTUSDT,BUY,LIMIT,1700879563431,11236,0.31359
GMTUSDT,BUY,LIMIT,1700879565048,400,0.31361
GMTUSDT,BUY,LIMIT,1700879566128,3714,0.31380
GMTUSDT,BUY,LIMIT,1700880330094,5979,0.31404
GMTUSDT,BUY,LIMIT,1700880331113,577,0.31412
GMTUSDT,BUY,LIMIT,1700880332122,6400,0.31498
GMTUSDT,BUY,LIMIT,1700880333236,638,0.31554
GMTUSDT,BUY,LIMIT,1700880334790,184,0.31557
GMTUSDT,BUY,LIMIT,1700880336657,56,0.31598
GMTUSDT,BUY,LIMIT,1700880338449,6960,0.31607
GMTUSDT,BUY,LIMIT,1700880341330,61,0.31630
GMTUSDT,BUY,LIMIT,1700880343155,117734,0.31668
GMTUSDT,BUY,LIMIT,1700880344507,1648,0.31685
GMTUSDT,BUY,LIMIT,1700880346388,3673,0.31724
GMTUSDT,BUY,LIMIT,1700880347475,1208,0.31739
GMTUSDT,BUY,LIMIT,1700880348953,581,0.31751
GMTUSDT,BUY,LIMIT,1700880354358,259,0.31786
GMTUSDT,BUY,LIMIT,1700880356096,6504,0.31823
GMTUSDT,BUY,LIMIT,1700880357173,118,0.31817
GMTUSDT,BUY,LIMIT,1700880361886,1075,0.31838
GMTUSDT,BUY,LIMIT,1700880369507,22365,0.31864
GMTUSDT,BUY,LIMIT,1700880381360,5752,0.31868
GMTUSDT,BUY,LIMIT,1700880383245,366,0.31913
GMTUSDT,BUY,LIMIT,1700880384452,185,0.31923
GMTUSDT,BUY,LIMIT,1700880385545,314,0.31992
GMTUSDT,BUY,LIMIT,1700880389858,4867,0.31997
GMTUSDT,BUY,LIMIT,1700880391312,366,0.32002
GMTUSDT,BUY,LIMIT,1700880393434,22734,0.32017
GMTUSDT,BUY,LIMIT,1700880397700,137566,0.32052
GMTUSDT,BUY,LIMIT,1700880400050,5000,0.32085
GMTUSDT,BUY,LIMIT,1700880401112,437,0.32065
GMTUSDT,BUY,LIMIT,1700880402169,356,0.32088
GMTUSDT,BUY,LIMIT,1700880403638,898,0.32125
GMTUSDT,BUY,LIMIT,1700880413045,20000,0.32173
GMTUSDT,BUY,LIMIT,1700880414153,340,0.32192
GMTUSDT,BUY,LIMIT,1700880423297,87,0.32223
GMTUSDT,BUY,LIMIT,1700880510346,2302,0.32228
GMTUSDT,BUY,LIMIT,1700880515185,24140,0.32287
GMTUSDT,BUY,LIMIT,1700880523269,6614,0.32312
GMTUSDT,BUY,LIMIT,1700880524352,3051,0.32334
GMTUSDT,BUY,LIMIT,1700880539380,777,0.32346
GMTUSDT,BUY,LIMIT,1700880541165,13059,0.32369
GMTUSDT,SELL,LIMIT,1700880607200,3800,0.31282
GMTUSDT,SELL,LIMIT,1700880650167,56806,0.31172
GMTUSDT,SELL,LIMIT,1700880697150,6677,0.31048
GMTUSDT,SELL,LIMIT,1700880706195,106,0.30992
GMTUSDT,SELL,LIMIT,1700880910745,776,0.30961
GMTUSDT,BUY,LIMIT,1700881016195,526,0.32114
GMTUSDT,SELL,LIMIT,1700881108355,1817,0.31029
GMTUSDT,BUY,LIMIT,1700881498224,13994,0.32181
GMTUSDT,SELL,LIMIT,1700881624060,124,0.30853
GMTUSDT,SELL,LIMIT,1700881644119,12046,0.30809
GMTUSDT,BUY,LIMIT,1700881858948,6496,0.32023
GMTUSDT,SELL,LIMIT,1700882275147,80341,0.31061
GMTUSDT,BUY,LIMIT,1700882878914,764,0.32136
GMTUSDT,SELL,LIMIT,1700883044992,1563,0.30994
GMTUSDT,SELL,LIMIT,1700883047502,1269,0.30930
GMTUSDT,BUY,LIMIT,1700883082243,576,0.31882
GMTUSDT,SELL,LIMIT,1700883280224,1170,0.30728
GMTUSDT,SELL,LIMIT,1700883325206,3779,0.30642
GMTUSDT,BUY,LIMIT,1700883499232,14671,0.31648
GMTUSDT,BUY,LIMIT,1700883954164,30,0.31855
GMTUSDT,BUY,LIMIT,1700884075498,2032,0.31754
GMTUSDT,SELL,LIMIT,1700884112114,12203,0.30740
GMTUSDT,BUY,LIMIT,1700884867808,1290,0.31819
GMTUSDT,SELL,LIMIT,1700885207055,2956,0.30691
GMTUSDT,SELL,LIMIT,1700885211385,31,0.30680
GMTUSDT,SELL,LIMIT,1700885226658,3190,0.30636
GMTUSDT,SELL,LIMIT,1700885398217,237,0.30486
GMTUSDT,BUY,LIMIT,1700886271487,1073,0.31705
GMTUSDT,BUY,LIMIT,1700887488565,15510,0.32076
GMTUSDT,BUY,LIMIT,1700887495214,2557,0.32123
GMTUSDT,BUY,LIMIT,1700888741067,158,0.32084
GMTUSDT,BUY,LIMIT,1700888759386,5000,0.32100
GMTUSDT,BUY,LIMIT,1700888762757,1038,0.32103
GMTUSDT,BUY,LIMIT,1700888767298,1285,0.32123
GMTUSDT,BUY,LIMIT,1700889032962,515,0.32143
GMTUSDT,BUY,LIMIT,1700890748873,100,0.32216
GMTUSDT,BUY,LIMIT,1700890752426,413,0.32228
GMTUSDT,BUY,LIMIT,1700890773618,1149,0.32235
GMTUSDT,BUY,LIMIT,1700890774781,97,0.32262
GMTUSDT,BUY,LIMIT,1700890786168,187,0.32297
GMTUSDT,BUY,LIMIT,1700890788318,2793,0.32309
GMTUSDT,BUY,LIMIT,1700890858537,2053,0.32328
GMTUSDT,BUY,LIMIT,1700891106428,89136,0.32353
GMTUSDT,SELL,LIMIT,1700891172398,108,0.31267
GMTUSDT,SELL,LIMIT,1700891261318,80,0.31140
GMTUSDT,SELL,LIMIT,1700891279716,1235,0.31076
GMTUSDT,SELL,LIMIT,1700891309044,39,0.30989
GMTUSDT,BUY,LIMIT,1700892948643,153,0.32368
GMTUSDT,BUY,LIMIT,1700892966527,17,0.32417
GMTUSDT,BUY,LIMIT,1700892982152,5368,0.32442
GMTUSDT,BUY,LIMIT,1700892983743,144,0.32461
GMTUSDT,BUY,LIMIT,1700893001210,18280,0.32489
GMTUSDT,BUY,LIMIT,1700893003492,1566,0.32522
GMTUSDT,BUY,LIMIT,1700893009813,4400,0.32555
GMTUSDT,BUY,LIMIT,1700893015679,188,0.32567
GMTUSDT,BUY,LIMIT,1700893016726,5980,0.32625
GMTUSDT,BUY,LIMIT,1700893071525,193,0.32634
GMTUSDT,BUY,LIMIT,1700893073030,15480,0.32641
GMTUSDT,SELL,LIMIT,1700893160155,300,0.31468
GMTUSDT,BUY,LIMIT,1700893430095,4000,0.32653
GMTUSDT,BUY,LIMIT,1700893448304,174,0.32670
GMTUSDT,BUY,LIMIT,1700893449838,1485,0.32687
GMTUSDT,BUY,LIMIT,1700893460042,6655,0.32712
GMTUSDT,BUY,LIMIT,1700893461069,321,0.32737
GMTUSDT,BUY,LIMIT,1700893465114,99,0.32754
GMTUSDT,BUY,LIMIT,1700893467660,4473,0.32757
GMTUSDT,BUY,LIMIT,1700893489661,12816,0.32777
GMTUSDT,BUY,LIMIT,1700893533050,1316,0.32804
GMTUSDT,BUY,LIMIT,1700893534225,20,0.32831
GMTUSDT,BUY,LIMIT,1700893535349,169,0.32812
GMTUSDT,BUY,LIMIT,1700893536954,7383,0.32857
GMTUSDT,BUY,LIMIT,1700893548461,93078,0.32877
GMTUSDT,BUY,LIMIT,1700893549729,622,0.32887
GMTUSDT,BUY,LIMIT,1700893613596,1432,0.32913
GMTUSDT,BUY,LIMIT,1700893619870,19,0.32907
GMTUSDT,BUY,LIMIT,1700893731014,400,0.32919
GMTUSDT,BUY,LIMIT,1700893803034,1443,0.32940
GMTUSDT,BUY,LIMIT,1700893809999,545,0.32961
GMTUSDT,BUY,LIMIT,1700893811420,132,0.32961
GMTUSDT,BUY,LIMIT,1700893816068,429,0.32974
GMTUSDT,BUY,LIMIT,1700893818456,780,0.32985
GMTUSDT,BUY,LIMIT,1700893820956,503,0.33002
GMTUSDT,BUY,LIMIT,1700893822489,2763,0.33011
GMTUSDT,BUY,LIMIT,1700893825749,20449,0.33013
GMTUSDT,BUY,LIMIT,1700893827314,1533,0.33033
GMTUSDT,BUY,LIMIT,1700893838354,6159,0.33061
GMTUSDT,BUY,LIMIT,1700893839395,946,0.33050
GMTUSDT,BUY,LIMIT,1700893853109,6394,0.33093
GMTUSDT,BUY,LIMIT,1700893854160,691,0.33121
GMTUSDT,BUY,LIMIT,1700893873864,1476,0.33132
GMTUSDT,BUY,LIMIT,1700893875446,84,0.33150
GMTUSDT,BUY,LIMIT,1700893882463,500,0.33174
GMTUSDT,BUY,LIMIT,1700893883877,328,0.33176
GMTUSDT,BUY,LIMIT,1700893885372,1000,0.33182
GMTUSDT,BUY,LIMIT,1700893886497,4965,0.33201
GMTUSDT,BUY,LIMIT,1700893889793,94,0.33213
GMTUSDT,BUY,LIMIT,1700893891408,1098,0.33247
GMTUSDT,BUY,LIMIT,1700893962499,848,0.33066
GMTUSDT,BUY,LIMIT,1700893985910,2267,0.33193
GMTUSDT,BUY,LIMIT,1700894017296,166,0.33271
GMTUSDT,BUY,LIMIT,1700894029305,600,0.33323
GMTUSDT,BUY,LIMIT,1700894032068,1311,0.33329
GMTUSDT,BUY,LIMIT,1700894036016,8397,0.33347
GMTUSDT,BUY,LIMIT,1700894037881,2621,0.33357
GMTUSDT,BUY,LIMIT,1700894040269,30,0.33386
GMTUSDT,BUY,LIMIT,1700894041446,20338,0.33391
GMTUSDT,BUY,LIMIT,1700894042814,74,0.33415
GMTUSDT,BUY,LIMIT,1700894047061,59,0.33434
GMTUSDT,BUY,LIMIT,1700894048279,32,0.33444
GMTUSDT,BUY,LIMIT,1700894053446,16813,0.33463
GMTUSDT,BUY,LIMIT,1700894055397,16704,0.33479
GMTUSDT,BUY,LIMIT,1700894057020,473,0.33508
GMTUSDT,BUY,LIMIT,1700894058021,156,0.33593
GMTUSDT,BUY,LIMIT,1700894059168,11198,0.33632
GMTUSDT,BUY,LIMIT,1700894061887,29,0.33628
GMTUSDT,BUY,LIMIT,1700894080164,33860,0.33651
GMTUSDT,BUY,LIMIT,1700894084128,35393,0.33668
GMTUSDT,BUY,LIMIT,1700894089432,50978,0.33669
GMTUSDT,BUY,LIMIT,1700894175763,9767,0.33587
GMTUSDT,BUY,LIMIT,1700894178126,13899,0.33638
GMTUSDT,BUY,LIMIT,1700894181103,2808,0.33682
GMTUSDT,BUY,LIMIT,1700894182872,371,0.33709
GMTUSDT,BUY,LIMIT,1700894201778,69,0.33766
GMTUSDT,BUY,LIMIT,1700894211072,284,0.33766
GMTUSDT,BUY,LIMIT,1700894237191,421,0.33857
GMTUSDT,BUY,LIMIT,1700894238196,1918,0.33811
GMTUSDT,BUY,LIMIT,1700894243764,150,0.33858
GMTUSDT,BUY,LIMIT,1700894244803,11726,0.33866
GMTUSDT,BUY,LIMIT,1700894245827,3246,0.33874
GMTUSDT,BUY,LIMIT,1700894246980,162,0.33925
GMTUSDT,SELL,LIMIT,1700894377733,33,0.32753
GMTUSDT,SELL,LIMIT,1700894434673,75030,0.32673
GMTUSDT,SELL,LIMIT,1700894454856,740,0.32642
GMTUSDT,SELL,LIMIT,1700894497958,700,0.32535
GMTUSDT,BUY,LIMIT,1700894623407,757,0.33699
GMTUSDT,BUY,LIMIT,1700894624940,1678,0.33744
GMTUSDT,BUY,LIMIT,1700894636072,686,0.33807
GMTUSDT,BUY,LIMIT,1700894728638,1131,0.33657
GMTUSDT,BUY,LIMIT,1700894753644,25138,0.33759
GMTUSDT,BUY,LIMIT,1700894781271,199,0.33877
GMTUSDT,SELL,LIMIT,1700895245225,4935,0.32655
GMTUSDT,SELL,LIMIT,1700895246309,39,0.32619
GMTUSDT,SELL,LIMIT,1700895277352,1106,0.32534
GMTUSDT,SELL,LIMIT,1700895283124,1534,0.32456
GMTUSDT,SELL,LIMIT,1700895284413,91,0.32486
GMTUSDT,SELL,LIMIT,1700895286119,302,0.32407
GMTUSDT,SELL,LIMIT,1700895287150,2339,0.32416
GMTUSDT,SELL,LIMIT,1700895288688,25,0.32395
GMTUSDT,SELL,LIMIT,1700895292179,13695,0.32278
GMTUSDT,SELL,LIMIT,1700895293500,41013,0.32262
GMTUSDT,SELL,LIMIT,1700895296853,115,0.32237
GMTUSDT,BUY,LIMIT,1700895360431,6575,0.33443
GMTUSDT,BUY,LIMIT,1700895363715,6180,0.33459
GMTUSDT,BUY,LIMIT,1700895450156,2180,0.33485
GMTUSDT,BUY,LIMIT,1700895485044,293,0.33535
GMTUSDT,BUY,LIMIT,1700895486506,3653,0.33571
GMTUSDT,BUY,LIMIT,1700895618909,23,0.33561
GMTUSDT,BUY,LIMIT,1700895624238,288,0.33624
GMTUSDT,BUY,LIMIT,1700895627748,7420,0.33714
GMTUSDT,BUY,LIMIT,1700895657801,612,0.33735
GMTUSDT,BUY,LIMIT,1700895659372,28051,0.33755
GMTUSDT,BUY,LIMIT,1700895661064,512,0.33776
GMTUSDT,BUY,LIMIT,1700895665768,1361,0.33795
GMTUSDT,BUY,LIMIT,1700895677111,4874,0.33877
GMTUSDT,BUY,LIMIT,1700895678191,1683,0.33886
GMTUSDT,BUY,LIMIT,1700895684770,4504,0.33959
GMTUSDT,BUY,LIMIT,1700895686050,2999,0.33968
GMTUSDT,BUY,LIMIT,1700895687243,3003,0.33981
GMTUSDT,BUY,LIMIT,1700895691096,14991,0.34053
GMTUSDT,BUY,LIMIT,1700895692384,137224,0.34091
GMTUSDT,BUY,LIMIT,1700895693426,2420,0.34125
GMTUSDT,BUY,LIMIT,1700895700451,27279,0.34133
GMTUSDT,SELL,LIMIT,1700895848867,8526,0.32911
GMTUSDT,SELL,LIMIT,1700895860755,316,0.32829
GMTUSDT,SELL,LIMIT,1700895879046,14519,0.32754
GMTUSDT,SELL,LIMIT,1700895881084,5495,0.32731
GMTUSDT,BUY,LIMIT,1700895911237,1368,0.33911
GMTUSDT,SELL,LIMIT,1700895966086,1160,0.32750
GMTUSDT,BUY,LIMIT,1700896036052,1664,0.33894
GMTUSDT,BUY,LIMIT,1700896112209,151,0.33969
GMTUSDT,BUY,LIMIT,1700896131073,82,0.34017
GMTUSDT,BUY,LIMIT,1700896132152,1493,0.34020
GMTUSDT,BUY,LIMIT,1700896225824,88,0.34033
GMTUSDT,BUY,LIMIT,1700896256474,36194,0.34061
GMTUSDT,BUY,LIMIT,1700896257756,177,0.34071
GMTUSDT,BUY,LIMIT,1700896545857,3855,0.34053
GMTUSDT,BUY,LIMIT,1700896547484,4339,0.34112
GMTUSDT,BUY,LIMIT,1700896552103,1451,0.34146
GMTUSDT,BUY,LIMIT,1700896553141,6272,0.34178
GMTUSDT,BUY,LIMIT,1700896554219,67,0.34209
GMTUSDT,BUY,LIMIT,1700896555303,1079,0.34194
GMTUSDT,BUY,LIMIT,1700896557234,1686,0.34255
GMTUSDT,BUY,LIMIT,1700896558331,3745,0.34313
GMTUSDT,BUY,LIMIT,1700896560116,113,0.34333
GMTUSDT,BUY,LIMIT,1700896561165,13552,0.34354
GMTUSDT,BUY,LIMIT,1700896562265,5016,0.34410
GMTUSDT,BUY,LIMIT,1700896571196,617,0.34431
GMTUSDT,BUY,LIMIT,1700896574558,810,0.34420
GMTUSDT,BUY,LIMIT,1700896581057,131,0.34442
GMTUSDT,BUY,LIMIT,1700896620243,59,0.34448
GMTUSDT,BUY,LIMIT,1700896653039,4671,0.34502
GMTUSDT,BUY,LIMIT,1700896654063,131692,0.34578
GMTUSDT,BUY,LIMIT,1700896655090,4044,0.34608
GMTUSDT,BUY,LIMIT,1700896656108,1614,0.34643
GMTUSDT,BUY,LIMIT,1700896657156,2423,0.34694
GMTUSDT,BUY,LIMIT,1700896659081,204,0.34813
GMTUSDT,BUY,LIMIT,1700896660090,1775,0.34747
GMTUSDT,BUY,LIMIT,1700896661094,105277,0.34871
GMTUSDT,BUY,LIMIT,1700896662105,5361,0.34854
GMTUSDT,BUY,LIMIT,1700896690130,326,0.34909
GMTUSDT,BUY,LIMIT,1700896691204,1258,0.34905
GMTUSDT,BUY,LIMIT,1700896692338,1881,0.34916
GMTUSDT,BUY,LIMIT,1700896698295,70,0.34917
GMTUSDT,BUY,LIMIT,1700896699959,5043,0.34921
GMTUSDT,BUY,LIMIT,1700896701092,118,0.34942
GMTUSDT,SELL,LIMIT,1700896724817,338,0.33683
GMTUSDT,SELL,LIMIT,1700896726542,492,0.33693
GMTUSDT,SELL,LIMIT,1700896729289,901,0.33640
GMTUSDT,SELL,LIMIT,1700896731571,1020,0.33614
GMTUSDT,SELL,LIMIT,1700896741430,5821,0.33604
GMTUSDT,SELL,LIMIT,1700896745606,7506,0.33564
GMTUSDT,BUY,LIMIT,1700896831858,18,0.34702
GMTUSDT,BUY,LIMIT,1700896879044,1191,0.34783
GMTUSDT,BUY,LIMIT,1700896885067,239,0.34787
GMTUSDT,BUY,LIMIT,1700896886815,55628,0.34805
GMTUSDT,BUY,LIMIT,1700896888171,68,0.34854
GMTUSDT,BUY,LIMIT,1700896945176,3840,0.34692
GMTUSDT,BUY,LIMIT,1700897151059,100,0.34857
GMTUSDT,BUY,LIMIT,1700897152595,242,0.34887
GMTUSDT,BUY,LIMIT,1700897432891,332,0.34881
GMTUSDT,BUY,LIMIT,1700897443282,10622,0.34925
GMTUSDT,BUY,LIMIT,1700897446635,4211,0.34933
GMTUSDT,BUY,LIMIT,1700897448047,56,0.34953
GMTUSDT,BUY,LIMIT,1700897475065,1,0.34964
GMTUSDT,SELL,LIMIT,1700897546702,223,0.33723
GMTUSDT,SELL,LIMIT,1700897548712,387,0.33707
GMTUSDT,SELL,LIMIT,1700897579479,1004,0.33622
GMTUSDT,BUY,LIMIT,1700897663431,783,0.34822
GMTUSDT,BUY,LIMIT,1700897665057,160,0.34839
GMTUSDT,BUY,LIMIT,1700897704116,1184,0.34946
GMTUSDT,BUY,LIMIT,1700897720278,352,0.34957
GMTUSDT,BUY,LIMIT,1700897722494,6915,0.34986
GMTUSDT,BUY,LIMIT,1700897740169,439,0.34990
GMTUSDT,BUY,LIMIT,1700897741344,161,0.35012
GMTUSDT,BUY,LIMIT,1700897742484,106,0.35028
GMTUSDT,BUY,LIMIT,1700897753695,788,0.35058
GMTUSDT,BUY,LIMIT,1700897759081,3379,0.35060
GMTUSDT,BUY,LIMIT,1700897761202,29,0.35073
GMTUSDT,BUY,LIMIT,1700897779810,144,0.35074
GMTUSDT,BUY,LIMIT,1700897782938,195,0.35092
GMTUSDT,SELL,LIMIT,1700897851047,311,0.33795
GMTUSDT,SELL,LIMIT,1700897925494,632,0.33760
GMTUSDT,SELL,LIMIT,1700897927426,15599,0.33691
GMTUSDT,SELL,LIMIT,1700897933097,14726,0.33678
GMTUSDT,SELL,LIMIT,1700897968043,5877,0.33601
GMTUSDT,SELL,LIMIT,1700897988960,2443,0.33599
GMTUSDT,SELL,LIMIT,1700898009451,15,0.33556
GMTUSDT,SELL,LIMIT,1700898038427,17295,0.33465
GMTUSDT,SELL,LIMIT,1700898040008,365,0.33417
GMTUSDT,SELL,LIMIT,1700898064697,289,0.33397
GMTUSDT,SELL,LIMIT,1700898161054,288,0.33500
GMTUSDT,SELL,LIMIT,1700898193954,72,0.33426
GMTUSDT,SELL,LIMIT,1700898233218,3909,0.33347
GMTUSDT,SELL,LIMIT,1700898236154,38,0.33314
GMTUSDT,SELL,LIMIT,1700898237166,29372,0.33299
GMTUSDT,SELL,LIMIT,1700898238344,1000,0.33263
GMTUSDT,SELL,LIMIT,1700898240151,183,0.33223
GMTUSDT,SELL,LIMIT,1700898241180,196,0.33218
GMTUSDT,SELL,LIMIT,1700898242243,416,0.33181
GMTUSDT,SELL,LIMIT,1700898243729,471,0.33144
GMTUSDT,SELL,LIMIT,1700898245538,237,0.33117
GMTUSDT,SELL,LIMIT,1700898246989,1162,0.33084
GMTUSDT,SELL,LIMIT,1700898248059,110510,0.33065
GMTUSDT,SELL,LIMIT,1700898249389,523,0.33056
GMTUSDT,BUY,LIMIT,1700898342291,35,0.34326
GMTUSDT,BUY,LIMIT,1700898395259,768,0.34438
GMTUSDT,BUY,LIMIT,1700898407490,840,0.34469
GMTUSDT,BUY,LIMIT,1700898409037,657,0.34496
GMTUSDT,BUY,LIMIT,1700898410071,5866,0.34519
GMTUSDT,BUY,LIMIT,1700898411321,160,0.34520
GMTUSDT,SELL,LIMIT,1700898557391,2294,0.33323
GMTUSDT,SELL,LIMIT,1700898558658,123,0.33292
GMTUSDT,SELL,LIMIT,1700898612109,6753,0.33197
GMTUSDT,SELL,LIMIT,1700898669490,18,0.33061
GMTUSDT,SELL,LIMIT,1700898671338,5559,0.33015
GMTUSDT,SELL,LIMIT,1700898676163,18,0.32997
GMTUSDT,SELL,LIMIT,1700898677504,1119,0.32974
GMTUSDT,SELL,LIMIT,1700898689294,3812,0.32924
GMTUSDT,SELL,LIMIT,1700898702334,2248,0.32907
GMTUSDT,BUY,LIMIT,1700898708393,4566,0.33834
GMTUSDT,SELL,LIMIT,1700898711274,2500,0.32855
GMTUSDT,SELL,LIMIT,1700898713792,478,0.32845
GMTUSDT,SELL,LIMIT,1700898718089,212,0.32828
GMTUSDT,SELL,LIMIT,1700898719263,7305,0.32802
GMTUSDT,SELL,LIMIT,1700898720518,16378,0.32807
GMTUSDT,SELL,LIMIT,1700898723042,25,0.32768
GMTUSDT,SELL,LIMIT,1700898725164,687,0.32732
GMTUSDT,SELL,LIMIT,1700898731482,684,0.32706
GMTUSDT,SELL,LIMIT,1700898733194,2319,0.32689
GMTUSDT,SELL,LIMIT,1700898735586,101,0.32679
GMTUSDT,SELL,LIMIT,1700898744460,480,0.32668
GMTUSDT,SELL,LIMIT,1700898745484,1665,0.32652
GMTUSDT,SELL,LIMIT,1700898746930,297,0.32635
GMTUSDT,SELL,LIMIT,1700898748027,81,0.32619
GMTUSDT,BUY,LIMIT,1700898843104,10606,0.33845
GMTUSDT,BUY,LIMIT,1700899124204,108,0.33963
GMTUSDT,BUY,LIMIT,1700899125263,445,0.34002
GMTUSDT,BUY,LIMIT,1700899137393,157,0.34045
GMTUSDT,BUY,LIMIT,1700899204773,3355,0.34099
GMTUSDT,BUY,LIMIT,1700899207449,134,0.34111
GMTUSDT,SELL,LIMIT,1700899262937,1180,0.32937
GMTUSDT,SELL,LIMIT,1700899313180,29165,0.32910
GMTUSDT,SELL,LIMIT,1700899348046,7050,0.32884
GMTUSDT,BUY,LIMIT,1700899468774,4812,0.34122
GMTUSDT,SELL,LIMIT,1700899681007,154,0.32978
GMTUSDT,SELL,LIMIT,1700899682406,91575,0.32956
GMTUSDT,SELL,LIMIT,1700899686339,542,0.32939
GMTUSDT,SELL,LIMIT,1700899713656,303,0.32859
GMTUSDT,SELL,LIMIT,1700899972161,250,0.32841
GMTUSDT,SELL,LIMIT,1700900015243,42,0.32838
GMTUSDT,SELL,LIMIT,1700900021246,3587,0.32789
GMTUSDT,SELL,LIMIT,1700900022287,38801,0.32815
GMTUSDT,SELL,LIMIT,1700900024188,37466,0.32748
GMTUSDT,SELL,LIMIT,1700900025833,30491,0.32740
GMTUSDT,SELL,LIMIT,1700900027070,864,0.32711
GMTUSDT,SELL,LIMIT,1700900030743,6307,0.32696
GMTUSDT,SELL,LIMIT,1700900188304,5128,0.32671
GMTUSDT,SELL,LIMIT,1700900196371,8375,0.32641
GMTUSDT,SELL,LIMIT,1700900213634,185,0.32590
GMTUSDT,SELL,LIMIT,1700900215796,17,0.32567
GMTUSDT,SELL,LIMIT,1700900216889,3673,0.32543
GMTUSDT,SELL,LIMIT,1700900221666,4178,0.32471
GMTUSDT,BUY,LIMIT,1700900341616,62,0.33639
GMTUSDT,BUY,LIMIT,1700900349560,110,0.33677
GMTUSDT,BUY,LIMIT,1700900352887,16156,0.33726
GMTUSDT,BUY,LIMIT,1700900354340,151,0.33725
GMTUSDT,BUY,LIMIT,1700900366788,55,0.33805
GMTUSDT,BUY,LIMIT,1700900536418,597,0.33914
GMTUSDT,BUY,LIMIT,1700900538112,788,0.33945
GMTUSDT,SELL,LIMIT,1700900886807,25,0.32802
GMTUSDT,SELL,LIMIT,1700900913296,12382,0.32784
GMTUSDT,BUY,LIMIT,1700901018736,24,0.33939
GMTUSDT,BUY,LIMIT,1700901028714,849,0.33949
GMTUSDT,BUY,LIMIT,1700901608537,121,0.33926
GMTUSDT,SELL,LIMIT,1700902011777,2037,0.32801
GMTUSDT,SELL,LIMIT,1700902177303,2624,0.32743
GMTUSDT,SELL,LIMIT,1700902182191,118,0.32730
GMTUSDT,SELL,LIMIT,1700902183697,9316,0.32701
GMTUSDT,SELL,LIMIT,1700902190312,2903,0.32678
GMTUSDT,SELL,LIMIT,1700902192381,90,0.32637
GMTUSDT,SELL,LIMIT,1700902195231,2536,0.32604
GMTUSDT,SELL,LIMIT,1700902370209,1725,0.32634
GMTUSDT,BUY,LIMIT,1700902723804,755,0.33704
GMTUSDT,BUY,LIMIT,1700902931060,1916,0.33735
GMTUSDT,BUY,LIMIT,1700902932198,271,0.33731
GMTUSDT,BUY,LIMIT,1700902936496,3607,0.33765
GMTUSDT,BUY,LIMIT,1700902975598,16,0.33806
GMTUSDT,BUY,LIMIT,1700903071796,7319,0.33837
GMTUSDT,BUY,LIMIT,1700903109223,1839,0.33853
GMTUSDT,BUY,LIMIT,1700903303146,3258,0.33878
GMTUSDT,BUY,LIMIT,1700903304176,345,0.33898
GMTUSDT,BUY,LIMIT,1700903312792,294,0.33911
GMTUSDT,BUY,LIMIT,1700903320090,164,0.33918
GMTUSDT,BUY,LIMIT,1700903321776,1803,0.33926
GMTUSDT,BUY,LIMIT,1700903324047,428,0.33940
GMTUSDT,BUY,LIMIT,1700903350734,17,0.33949
GMTUSDT,BUY,LIMIT,1700903357158,6056,0.33964
GMTUSDT,BUY,LIMIT,1700903359143,238,0.33969
GMTUSDT,BUY,LIMIT,1700903360774,60,0.33979
GMTUSDT,BUY,LIMIT,1700903367255,714,0.33989
GMTUSDT,BUY,LIMIT,1700903369711,21,0.34025
GMTUSDT,BUY,LIMIT,1700903371871,1456,0.34041
GMTUSDT,BUY,LIMIT,1700903373415,131,0.34049
GMTUSDT,BUY,LIMIT,1700903398338,34,0.34078
GMTUSDT,BUY,LIMIT,1700903400046,3075,0.34110
GMTUSDT,SELL,LIMIT,1700903530788,951,0.32954
GMTUSDT,SELL,LIMIT,1700903963483,131,0.32929
GMTUSDT,BUY,LIMIT,1700904086154,141,0.34026
GMTUSDT,BUY,LIMIT,1700904114306,208,0.34052
GMTUSDT,BUY,LIMIT,1700904152503,44,0.34102
GMTUSDT,BUY,LIMIT,1700904293154,80,0.34124
GMTUSDT,SELL,LIMIT,1700904509669,723,0.32940
GMTUSDT,SELL,LIMIT,1700904515488,724,0.32925
GMTUSDT,SELL,LIMIT,1700904548270,17,0.32911
GMTUSDT,SELL,LIMIT,1700904552255,264,0.32893
GMTUSDT,SELL,LIMIT,1700904571886,271,0.32869
GMTUSDT,SELL,LIMIT,1700904580420,372,0.32847
GMTUSDT,SELL,LIMIT,1700904582372,25,0.32840
GMTUSDT,SELL,LIMIT,1700904589530,166,0.32829
GMTUSDT,SELL,LIMIT,1700904595142,881,0.32806
GMTUSDT,SELL,LIMIT,1700904603486,981,0.32767
GMTUSDT,SELL,LIMIT,1700904610471,5900,0.32751
GMTUSDT,BUY,LIMIT,1700904890455,14659,0.33933
GMTUSDT,BUY,LIMIT,1700904968694,22586,0.33949
GMTUSDT,BUY,LIMIT,1700905000306,907,0.34014
GMTUSDT,BUY,LIMIT,1700905393413,2001,0.34120
GMTUSDT,BUY,LIMIT,1700905401126,15,0.34138
GMTUSDT,BUY,LIMIT,1700905407997,10753,0.34147
GMTUSDT,BUY,LIMIT,1700905533224,109,0.34170
GMTUSDT,BUY,LIMIT,1700905534241,21,0.34175
GMTUSDT,BUY,LIMIT,1700905536201,231,0.34210
GMTUSDT,BUY,LIMIT,1700905537212,1215,0.34214
GMTUSDT,BUY,LIMIT,1700905540228,408,0.34245
GMTUSDT,BUY,LIMIT,1700905542704,72,0.34265
GMTUSDT,BUY,LIMIT,1700905544640,68,0.34290
GMTUSDT,BUY,LIMIT,1700905546164,5671,0.34310
GMTUSDT,BUY,LIMIT,1700905547462,12651,0.34317
GMTUSDT,BUY,LIMIT,1700905549160,938,0.34384
GMTUSDT,BUY,LIMIT,1700905745041,6229,0.34420
GMTUSDT,BUY,LIMIT,1700905746222,115,0.34407
GMTUSDT,BUY,LIMIT,1700905749020,1027,0.34435
GMTUSDT,BUY,LIMIT,1700905750112,725,0.34443
GMTUSDT,BUY,LIMIT,1700905751146,149,0.34459
GMTUSDT,BUY,LIMIT,1700905752446,478,0.34500
GMTUSDT,BUY,LIMIT,1700905753491,2073,0.34558
GMTUSDT,SELL,LIMIT,1700906253725,73,0.33357
GMTUSDT,SELL,LIMIT,1700906502344,2791,0.33312
GMTUSDT,SELL,LIMIT,1700906505201,640,0.33305
GMTUSDT,SELL,LIMIT,1700906512090,328,0.33291
GMTUSDT,BUY,LIMIT,1700906576318,29989,0.34480
GMTUSDT,BUY,LIMIT,1700906581266,414,0.34482
GMTUSDT,BUY,LIMIT,1700906584831,140,0.34494
GMTUSDT,BUY,LIMIT,1700906588710,143,0.34526
GMTUSDT,BUY,LIMIT,1700906595101,266,0.34540
GMTUSDT,BUY,LIMIT,1700906596162,10772,0.34561
GMTUSDT,BUY,LIMIT,1700906597890,4872,0.34581
GMTUSDT,BUY,LIMIT,1700906623001,711,0.34600
GMTUSDT,BUY,LIMIT,1700906627791,17,0.34601
GMTUSDT,BUY,LIMIT,1700906628994,300,0.34602
GMTUSDT,BUY,LIMIT,1700906630252,160,0.34613
GMTUSDT,BUY,LIMIT,1700906635529,1025,0.34651
GMTUSDT,BUY,LIMIT,1700906638279,4556,0.34688
GMTUSDT,BUY,LIMIT,1700906639286,705,0.34673
GMTUSDT,BUY,LIMIT,1700906640940,6461,0.34697
GMTUSDT,BUY,LIMIT,1700906645406,6114,0.34712
GMTUSDT,BUY,LIMIT,1700906658630,2164,0.34724
GMTUSDT,BUY,LIMIT,1700906660930,576,0.34725
GMTUSDT,BUY,LIMIT,1700906663383,107261,0.34742
GMTUSDT,BUY,LIMIT,1700906665468,380,0.34746
GMTUSDT,BUY,LIMIT,1700906666972,35555,0.34767
GMTUSDT,BUY,LIMIT,1700906668195,1139,0.34775
GMTUSDT,BUY,LIMIT,1700906670875,737,0.34779
GMTUSDT,BUY,LIMIT,1700906671899,556,0.34816
GMTUSDT,BUY,LIMIT,1700906672997,8661,0.34825
GMTUSDT,BUY,LIMIT,1700906674472,457,0.34846
GMTUSDT,BUY,LIMIT,1700906677592,12191,0.34892
GMTUSDT,SELL,LIMIT,1700906856424,3617,0.33616
GMTUSDT,SELL,LIMIT,1700906858431,4694,0.33602
GMTUSDT,SELL,LIMIT,1700906859502,87,0.33593
GMTUSDT,SELL,LIMIT,1700906860625,6071,0.33562
GMTUSDT,SELL,LIMIT,1700906864442,6519,0.33529
GMTUSDT,SELL,LIMIT,1700906949549,6983,0.33465
GMTUSDT,SELL,LIMIT,1700906950711,5200,0.33459
GMTUSDT,SELL,LIMIT,1700907079555,15983,0.33456
GMTUSDT,SELL,LIMIT,1700907104057,1105,0.33433
GMTUSDT,SELL,LIMIT,1700907111091,1520,0.33416
GMTUSDT,SELL,LIMIT,1700907120147,5677,0.33399
GMTUSDT,SELL,LIMIT,1700907121188,11343,0.33371
GMTUSDT,SELL,LIMIT,1700907161260,88,0.33344
GMTUSDT,SELL,LIMIT,1700907264681,1288,0.33340
GMTUSDT,SELL,LIMIT,1700907337152,2545,0.33301
GMTUSDT,SELL,LIMIT,1700907353105,1200,0.33294
GMTUSDT,SELL,LIMIT,1700907476044,192,0.33263
GMTUSDT,SELL,LIMIT,1700907493162,581,0.33261
GMTUSDT,SELL,LIMIT,1700907501113,6264,0.33239
GMTUSDT,SELL,LIMIT,1700907502460,3208,0.33196
GMTUSDT,SELL,LIMIT,1700907503847,791,0.33182
GMTUSDT,SELL,LIMIT,1700907510074,34,0.33168
GMTUSDT,SELL,LIMIT,1700907531737,1329,0.33162
GMTUSDT,SELL,LIMIT,1700907538611,846,0.33117
GMTUSDT,SELL,LIMIT,1700907551377,17,0.33089
GMTUSDT,SELL,LIMIT,1700907554509,316,0.33030
GMTUSDT,SELL,LIMIT,1700907558879,3667,0.33015
GMTUSDT,SELL,LIMIT,1700907561149,34,0.33009
GMTUSDT,SELL,LIMIT,1700907574633,30000,0.32948
GMTUSDT,BUY,LIMIT,1700907704101,1316,0.34143
GMTUSDT,BUY,LIMIT,1700907772038,57120,0.34256
GMTUSDT,BUY,LIMIT,1700907773940,2618,0.34264
GMTUSDT,BUY,LIMIT,1700907778070,1673,0.34284
GMTUSDT,BUY,LIMIT,1700908264129,91,0.34320
GMTUSDT,BUY,LIMIT,1700908271215,3905,0.34376
GMTUSDT,BUY,LIMIT,1700908272297,14274,0.34377
GMTUSDT,BUY,LIMIT,1700908274103,1539,0.34398
GMTUSDT,BUY,LIMIT,1700908276420,1800,0.34403
GMTUSDT,BUY,LIMIT,1700908278715,351,0.34437
GMTUSDT,BUY,LIMIT,1700908280600,10014,0.34443
GMTUSDT,BUY,LIMIT,1700908288621,295,0.34455
GMTUSDT,BUY,LIMIT,1700908303766,86,0.34489
GMTUSDT,BUY,LIMIT,1700908350716,312,0.34510
GMTUSDT,BUY,LIMIT,1700908355131,1117,0.34537
GMTUSDT,BUY,LIMIT,1700908400587,711,0.34561
GMTUSDT,BUY,LIMIT,1700908402052,34958,0.34577
GMTUSDT,SELL,LIMIT,1700908564052,588,0.33456
GMTUSDT,SELL,LIMIT,1700908599151,264,0.33359
GMTUSDT,SELL,LIMIT,1700908636070,83,0.33300
GMTUSDT,SELL,LIMIT,1700908653435,179,0.33260
GMTUSDT,SELL,LIMIT,1700908890274,37,0.33253
GMTUSDT,SELL,LIMIT,1700909218289,244,0.33401
GMTUSDT,BUY,LIMIT,1700909275247,515,0.34482
GMTUSDT,BUY,LIMIT,1700909280133,1501,0.34488
GMTUSDT,BUY,LIMIT,1700909282354,443,0.34499
GMTUSDT,BUY,LIMIT,1700909285406,74,0.34508
GMTUSDT,SELL,LIMIT,1700909444812,1000,0.33380
GMTUSDT,SELL,LIMIT,1700909468560,313,0.33318
GMTUSDT,SELL,LIMIT,1700909470600,263,0.33302
GMTUSDT,SELL,LIMIT,1700909489367,120,0.33267
GMTUSDT,SELL,LIMIT,1700909534284,1366,0.33194
GMTUSDT,SELL,LIMIT,1700909628323,1247,0.33142
GMTUSDT,SELL,LIMIT,1700909631231,647,0.33125
GMTUSDT,SELL,LIMIT,1700909696681,34,0.33117
GMTUSDT,SELL,LIMIT,1700909703267,421,0.33091
GMTUSDT,SELL,LIMIT,1700909705868,122,0.33092
GMTUSDT,SELL,LIMIT,1700909707378,142,0.33087
GMTUSDT,SELL,LIMIT,1700909727611,16,0.33084
GMTUSDT,SELL,LIMIT,1700909749289,2603,0.33073
GMTUSDT,SELL,LIMIT,1700909806245,586,0.33059
GMTUSDT,BUY,LIMIT,1700909853024,505,0.34225
GMTUSDT,BUY,LIMIT,1700909871530,526,0.34255
GMTUSDT,BUY,LIMIT,1700910007076,2157,0.34301
GMTUSDT,BUY,LIMIT,1700910011052,14233,0.34384
GMTUSDT,BUY,LIMIT,1700910012098,772,0.34366
GMTUSDT,BUY,LIMIT,1700910023450,15810,0.34407
GMTUSDT,BUY,LIMIT,1700910024687,58,0.34413
GMTUSDT,BUY,LIMIT,1700910038564,26,0.34426
GMTUSDT,BUY,LIMIT,1700910050636,15556,0.34469
GMTUSDT,BUY,LIMIT,1700910079207,7736,0.34493
GMTUSDT,BUY,LIMIT,1700910080419,1931,0.34532
GMTUSDT,BUY,LIMIT,1700910086205,191,0.34557
GMTUSDT,BUY,LIMIT,1700910087241,1324,0.34556
GMTUSDT,BUY,LIMIT,1700910088348,15153,0.34567
GMTUSDT,BUY,LIMIT,1700910103208,23360,0.34581
GMTUSDT,BUY,LIMIT,1700910271831,825,0.34597
GMTUSDT,BUY,LIMIT,1700910275123,69,0.34626
GMTUSDT,BUY,LIMIT,1700910276719,149,0.34633
GMTUSDT,BUY,LIMIT,1700910278320,1244,0.34668
GMTUSDT,BUY,LIMIT,1700910289326,1292,0.34672
GMTUSDT,BUY,LIMIT,1700910311043,2030,0.34712
GMTUSDT,BUY,LIMIT,1700910313311,48,0.34713
GMTUSDT,BUY,LIMIT,1700910324045,7335,0.34727
GMTUSDT,BUY,LIMIT,1700910336177,51,0.34762
GMTUSDT,BUY,LIMIT,1700910337414,15,0.34775
GMTUSDT,SELL,LIMIT,1700910600592,1391,0.33508
GMTUSDT,SELL,LIMIT,1700910602965,2,0.33505
GMTUSDT,SELL,LIMIT,1700910605337,3061,0.33441
GMTUSDT,SELL,LIMIT,1700910634231,1287,0.33426
GMTUSDT,BUY,LIMIT,1700911074229,526,0.34605
GMTUSDT,BUY,LIMIT,1700911082482,89,0.34612
GMTUSDT,BUY,LIMIT,1700911089188,2977,0.34632
GMTUSDT,BUY,LIMIT,1700911090252,2046,0.34632
GMTUSDT,SELL,LIMIT,1700911110562,117,0.33609
GMTUSDT,SELL,LIMIT,1700911116053,995,0.33701
GMTUSDT,SELL,LIMIT,1700911128642,24867,0.33439
GMTUSDT,SELL,LIMIT,1700911136346,2138,0.33375
GMTUSDT,SELL,LIMIT,1700911140533,7716,0.33367
GMTUSDT,SELL,LIMIT,1700911142642,205,0.33357
GMTUSDT,SELL,LIMIT,1700911144295,98,0.33343
GMTUSDT,SELL,LIMIT,1700911146354,119,0.33323
GMTUSDT,SELL,LIMIT,1700911147713,1521,0.33307
GMTUSDT,SELL,LIMIT,1700911148751,1977,0.33300
GMTUSDT,SELL,LIMIT,1700911165130,111,0.33276
GMTUSDT,SELL,LIMIT,1700911170879,1646,0.33274
GMTUSDT,SELL,LIMIT,1700911199434,92,0.33249
GMTUSDT,SELL,LIMIT,1700911277133,3174,0.33239
GMTUSDT,SELL,LIMIT,1700911301486,3005,0.33231
GMTUSDT,SELL,LIMIT,1700911327792,15,0.33222
GMTUSDT,SELL,LIMIT,1700911365794,783,0.33205
GMTUSDT,SELL,LIMIT,1700911472321,148,0.33320
GMTUSDT,BUY,LIMIT,1700911487378,4770,0.34393
GMTUSDT,BUY,LIMIT,1700911532367,880,0.34373
GMTUSDT,BUY,LIMIT,1700911586078,237,0.34430
GMTUSDT,BUY,LIMIT,1700911591168,1929,0.34459
GMTUSDT,BUY,LIMIT,1700911594799,2136,0.34469
GMTUSDT,BUY,LIMIT,1700911606108,200,0.34471
GMTUSDT,BUY,LIMIT,1700911607322,117,0.34486
GMTUSDT,BUY,LIMIT,1700911614470,355,0.34521
GMTUSDT,BUY,LIMIT,1700911615567,113,0.34533
GMTUSDT,BUY,LIMIT,1700911625008,20062,0.34551
GMTUSDT,BUY,LIMIT,1700911626672,20,0.34561
GMTUSDT,BUY,LIMIT,1700911777909,441,0.34622
GMTUSDT,BUY,LIMIT,1700912444997,618,0.34583
GMTUSDT,BUY,LIMIT,1700912461264,687,0.34638
GMTUSDT,BUY,LIMIT,1700912466830,289,0.34671
GMTUSDT,BUY,LIMIT,1700912474010,1072,0.34726
GMTUSDT,BUY,LIMIT,1700912475310,1209,0.34751
GMTUSDT,BUY,LIMIT,1700912478145,145,0.34764
GMTUSDT,BUY,LIMIT,1700912480075,1040,0.34775
GMTUSDT,BUY,LIMIT,1700912513504,1485,0.34784
GMTUSDT,BUY,LIMIT,1700912514662,1048,0.34794
GMTUSDT,BUY,LIMIT,1700912519116,185,0.34831
GMTUSDT,BUY,LIMIT,1700912520177,1193,0.34814
GMTUSDT,BUY,LIMIT,1700912531152,212,0.34873
GMTUSDT,BUY,LIMIT,1700912532168,762,0.34877
GMTUSDT,BUY,LIMIT,1700912533995,88,0.34906
GMTUSDT,BUY,LIMIT,1700912535125,88,0.34926
GMTUSDT,BUY,LIMIT,1700912536298,153,0.34950
GMTUSDT,BUY,LIMIT,1700912537353,42000,0.34954
GMTUSDT,BUY,LIMIT,1700912538901,23382,0.34979
GMTUSDT,BUY,LIMIT,1700912540234,398,0.34987
GMTUSDT,BUY,LIMIT,1700912694042,36,0.34998
GMTUSDT,BUY,LIMIT,1700912701217,394,0.34990
GMTUSDT,BUY,LIMIT,1700912709112,1616,0.35018
GMTUSDT,BUY,LIMIT,1700912710229,897,0.35020
GMTUSDT,BUY,LIMIT,1700912813232,44,0.35036
GMTUSDT,BUY,LIMIT,1700912815554,642,0.35053
GMTUSDT,BUY,LIMIT,1700912818384,89,0.35064
GMTUSDT,BUY,LIMIT,1700912904279,741,0.34986
GMTUSDT,SELL,LIMIT,1700912982116,370,0.33809
GMTUSDT,SELL,LIMIT,1700912988098,368,0.33792
GMTUSDT,SELL,LIMIT,1700912989100,1261,0.33760
GMTUSDT,SELL,LIMIT,1700912993089,300,0.33730
GMTUSDT,SELL,LIMIT,1700912996463,23,0.33721
GMTUSDT,SELL,LIMIT,1700913001320,1916,0.33678
GMTUSDT,SELL,LIMIT,1700913005025,31,0.33622
GMTUSDT,SELL,LIMIT,1700913008117,1339,0.33579
GMTUSDT,SELL,LIMIT,1700913009832,65,0.33546
GMTUSDT,SELL,LIMIT,1700913018273,276,0.33536
GMTUSDT,BUY,LIMIT,1700913135073,35,0.34719
GMTUSDT,BUY,LIMIT,1700913136260,70,0.34725
GMTUSDT,BUY,LIMIT,1700913141185,4464,0.34764
GMTUSDT,SELL,LIMIT,1700913161605,14022,0.33564
GMTUSDT,SELL,LIMIT,1700913195044,2833,0.33546
GMTUSDT,SELL,LIMIT,1700913228700,515,0.33475
GMTUSDT,SELL,LIMIT,1700913304463,10901,0.33410
GMTUSDT,SELL,LIMIT,1700913309633,3130,0.33396
GMTUSDT,SELL,LIMIT,1700913313062,15567,0.33375
GMTUSDT,SELL,LIMIT,1700913331289,69,0.33365
GMTUSDT,SELL,LIMIT,1700913333192,131,0.33357
GMTUSDT,SELL,LIMIT,1700913360054,1731,0.33339
GMTUSDT,SELL,LIMIT,1700913361370,53,0.33343
GMTUSDT,BUY,LIMIT,1700913469705,294,0.34569
GMTUSDT,BUY,LIMIT,1700913473066,1183,0.34571
GMTUSDT,BUY,LIMIT,1700913474465,9400,0.34578
GMTUSDT,BUY,LIMIT,1700913558667,1617,0.34616
GMTUSDT,BUY,LIMIT,1700913607973,284,0.34663
GMTUSDT,SELL,LIMIT,1700913725065,1195,0.33455
GMTUSDT,SELL,LIMIT,1700913733035,7915,0.33438
GMTUSDT,SELL,LIMIT,1700913756270,518,0.33415
GMTUSDT,SELL,LIMIT,1700913832275,20,0.33320
GMTUSDT,SELL,LIMIT,1700913833743,2101,0.33284
GMTUSDT,SELL,LIMIT,1700913835840,150,0.33280
GMTUSDT,SELL,LIMIT,1700913840992,411,0.33278
GMTUSDT,SELL,LIMIT,1700913842387,270,0.33275
GMTUSDT,SELL,LIMIT,1700913845832,2245,0.33249
GMTUSDT,SELL,LIMIT,1700913850621,205,0.33227
GMTUSDT,SELL,LIMIT,1700913852269,535,0.33221
GMTUSDT,SELL,LIMIT,1700913854835,893,0.33205
GMTUSDT,SELL,LIMIT,1700913857184,55,0.33168
GMTUSDT,SELL,LIMIT,1700913860217,146627,0.33142
GMTUSDT,SELL,LIMIT,1700913866057,6129,0.33115
GMTUSDT,SELL,LIMIT,1700913867149,287,0.33103
GMTUSDT,SELL,LIMIT,1700913868689,73,0.33072
GMTUSDT,BUY,LIMIT,1700913938201,782,0.34256
GMTUSDT,BUY,LIMIT,1700913985142,7571,0.34314
GMTUSDT,BUY,LIMIT,1700913987256,75,0.34322
GMTUSDT,BUY,LIMIT,1700913988373,258,0.34326
GMTUSDT,BUY,LIMIT,1700914139907,89,0.34361
GMTUSDT,BUY,LIMIT,1700914264599,162,0.34470
GMTUSDT,SELL,LIMIT,1700914435319,94,0.33266
GMTUSDT,BUY,LIMIT,1700914629256,34941,0.34435
GMTUSDT,BUY,LIMIT,1700914638355,25577,0.34474
GMTUSDT,BUY,LIMIT,1700914690323,33,0.34484
GMTUSDT,BUY,LIMIT,1700914691821,7164,0.34487
GMTUSDT,BUY,LIMIT,1700914723051,12780,0.34504
GMTUSDT,BUY,LIMIT,1700914737155,274,0.34520
GMTUSDT,BUY,LIMIT,1700914755133,301,0.34543
GMTUSDT,BUY,LIMIT,1700914760668,171,0.34556
GMTUSDT,BUY,LIMIT,1700914829134,878,0.34593
GMTUSDT,BUY,LIMIT,1700914853350,133,0.34632
GMTUSDT,BUY,LIMIT,1700914854954,112,0.34643
GMTUSDT,BUY,LIMIT,1700914869416,993,0.34673
GMTUSDT,BUY,LIMIT,1700914875164,368,0.34715
GMTUSDT,BUY,LIMIT,1700914876300,4139,0.34713
GMTUSDT,BUY,LIMIT,1700914880399,8282,0.34728
GMTUSDT,BUY,LIMIT,1700914881660,548,0.34734
GMTUSDT,BUY,LIMIT,1700914883387,2500,0.34739
GMTUSDT,BUY,LIMIT,1700914897916,666,0.34778
GMTUSDT,BUY,LIMIT,1700914899149,3494,0.34795
GMTUSDT,BUY,LIMIT,1700914900357,1499,0.34814
GMTUSDT,BUY,LIMIT,1700915136743,22786,0.34894
GMTUSDT,BUY,LIMIT,1700915200527,654,0.34904
GMTUSDT,SELL,LIMIT,1700915330555,85,0.33675
GMTUSDT,SELL,LIMIT,1700915378452,42,0.33652
GMTUSDT,SELL,LIMIT,1700915585547,400,0.33600
GMTUSDT,SELL,LIMIT,1700915587465,161,0.33583
GMTUSDT,SELL,LIMIT,1700915607296,2617,0.33559
GMTUSDT,SELL,LIMIT,1700915608999,1542,0.33538
GMTUSDT,SELL,LIMIT,1700915626745,131,0.33519
GMTUSDT,SELL,LIMIT,1700915638114,940,0.33500
GMTUSDT,SELL,LIMIT,1700915662218,21,0.33384
GMTUSDT,SELL,LIMIT,1700915666324,1851,0.33360
GMTUSDT,SELL,LIMIT,1700915667531,2380,0.33352
GMTUSDT,SELL,LIMIT,1700915669189,25014,0.33328
GMTUSDT,SELL,LIMIT,1700915674609,1353,0.33310
GMTUSDT,SELL,LIMIT,1700915688116,8461,0.33279
GMTUSDT,SELL,LIMIT,1700915689136,393,0.33292
GMTUSDT,SELL,LIMIT,1700915690882,130,0.33246
GMTUSDT,BUY,LIMIT,1700915915084,148,0.34440
GMTUSDT,BUY,LIMIT,1700916673831,20547,0.34407
GMTUSDT,BUY,LIMIT,1700916707898,1876,0.34433
GMTUSDT,SELL,LIMIT,1700917012343,317,0.33237
GMTUSDT,SELL,LIMIT,1700917015247,788,0.33193
GMTUSDT,SELL,LIMIT,1700917016447,51,0.33222
GMTUSDT,SELL,LIMIT,1700917026612,20062,0.33187
GMTUSDT,SELL,LIMIT,1700917029769,126,0.33168
GMTUSDT,SELL,LIMIT,1700917030950,105,0.33160
GMTUSDT,SELL,LIMIT,1700917034483,226,0.33146
GMTUSDT,SELL,LIMIT,1700917036302,139,0.33123
GMTUSDT,SELL,LIMIT,1700917037505,4558,0.33113
GMTUSDT,SELL,LIMIT,1700917106370,15571,0.33098
GMTUSDT,SELL,LIMIT,1700917116284,26134,0.33079
GMTUSDT,SELL,LIMIT,1700917296587,1671,0.33136
GMTUSDT,SELL,LIMIT,1700917341051,1167,0.33049
GMTUSDT,SELL,LIMIT,1700917342223,286,0.33031
GMTUSDT,SELL,LIMIT,1700917343256,24506,0.32917
GMTUSDT,SELL,LIMIT,1700917344370,423,0.32888
GMTUSDT,SELL,LIMIT,1700917346085,196,0.32885
GMTUSDT,SELL,LIMIT,1700917347134,147,0.32875
GMTUSDT,SELL,LIMIT,1700917353086,40024,0.32859
GMTUSDT,SELL,LIMIT,1700917355011,159,0.32852
GMTUSDT,SELL,LIMIT,1700917368385,137693,0.32836
GMTUSDT,SELL,LIMIT,1700917370259,1574,0.32823
GMTUSDT,SELL,LIMIT,1700917371291,59,0.32798
GMTUSDT,SELL,LIMIT,1700917372294,6121,0.32787
GMTUSDT,SELL,LIMIT,1700917373873,1200,0.32775
GMTUSDT,SELL,LIMIT,1700917377552,176,0.32770
GMTUSDT,SELL,LIMIT,1700917395747,856,0.32749
GMTUSDT,SELL,LIMIT,1700917400086,2910,0.32740
GMTUSDT,BUY,LIMIT,1700917554884,213,0.33898
GMTUSDT,BUY,LIMIT,1700917609004,1485,0.33913
GMTUSDT,BUY,LIMIT,1700917620754,209,0.33919
GMTUSDT,BUY,LIMIT,1700917623687,1094,0.33960
GMTUSDT,BUY,LIMIT,1700917780184,749,0.34039
GMTUSDT,BUY,LIMIT,1700917785721,1558,0.34040
GMTUSDT,BUY,LIMIT,1700917831887,122,0.34051
GMTUSDT,BUY,LIMIT,1700917868180,12511,0.34071
GMTUSDT,BUY,LIMIT,1700917924935,117,0.34112
GMTUSDT,BUY,LIMIT,1700918045230,211,0.34126
GMTUSDT,BUY,LIMIT,1700918055120,258,0.34154
GMTUSDT,BUY,LIMIT,1700918088836,192,0.34217
GMTUSDT,BUY,LIMIT,1700918096188,3338,0.34224
GMTUSDT,BUY,LIMIT,1700918120453,160,0.34226
GMTUSDT,BUY,LIMIT,1700918123264,11561,0.34245
GMTUSDT,BUY,LIMIT,1700918125608,20966,0.34285
GMTUSDT,BUY,LIMIT,1700918190564,885,0.34336
GMTUSDT,BUY,LIMIT,1700918215933,52,0.34367
GMTUSDT,BUY,LIMIT,1700918217090,854,0.34377
GMTUSDT,SELL,LIMIT,1700918359130,13556,0.33199
GMTUSDT,SELL,LIMIT,1700918360173,84,0.33203
GMTUSDT,SELL,LIMIT,1700918369125,244,0.33148
GMTUSDT,SELL,LIMIT,1700918399653,2132,0.33115
GMTUSDT,BUY,LIMIT,1700918439432,36,0.34293
GMTUSDT,BUY,LIMIT,1700918702018,1332,0.34301
GMTUSDT,SELL,LIMIT,1700919318344,3635,0.33103
GMTUSDT,SELL,LIMIT,1700919321036,29,0.33076
GMTUSDT,SELL,LIMIT,1700919322369,1852,0.33082
GMTUSDT,SELL,LIMIT,1700919454281,109,0.33060
GMTUSDT,SELL,LIMIT,1700919455830,35,0.33035
GMTUSDT,SELL,LIMIT,1700919593726,1841,0.32994
GMTUSDT,SELL,LIMIT,1700919600026,1452,0.32988
GMTUSDT,BUY,LIMIT,1700919895578,100,0.34246
GMTUSDT,BUY,LIMIT,1700920518676,75,0.34245
GMTUSDT,BUY,LIMIT,1700920519967,265,0.34264
GMTUSDT,BUY,LIMIT,1700920522164,297,0.34294
GMTUSDT,BUY,LIMIT,1700920525241,752,0.34319
GMTUSDT,BUY,LIMIT,1700920530572,2189,0.34347
GMTUSDT,BUY,LIMIT,1700920540424,1615,0.34398
GMTUSDT,BUY,LIMIT,1700920541983,33,0.34409
GMTUSDT,BUY,LIMIT,1700920545203,7714,0.34459
GMTUSDT,BUY,LIMIT,1700920547148,505,0.34459
GMTUSDT,BUY,LIMIT,1700920593906,44667,0.34510
GMTUSDT,BUY,LIMIT,1700920861706,25176,0.34551
GMTUSDT,BUY,LIMIT,1700920865477,902,0.34561
GMTUSDT,BUY,LIMIT,1700920867424,21,0.34571
GMTUSDT,BUY,LIMIT,1700921132704,9434,0.34576
GMTUSDT,BUY,LIMIT,1700921133778,537,0.34588
GMTUSDT,BUY,LIMIT,1700921136245,26,0.34598
GMTUSDT,BUY,LIMIT,1700921138176,65,0.34638
GMTUSDT,SELL,LIMIT,1700921520280,1702,0.33446
GMTUSDT,SELL,LIMIT,1700921524147,7381,0.33430
GMTUSDT,SELL,LIMIT,1700921555978,794,0.33399
GMTUSDT,SELL,LIMIT,1700921563610,522,0.33383
GMTUSDT,SELL,LIMIT,1700921578453,277,0.33357
GMTUSDT,BUY,LIMIT,1700921663135,1130,0.34513
GMTUSDT,BUY,LIMIT,1700921896779,131,0.34581
GMTUSDT,BUY,LIMIT,1700921911535,6446,0.34596
GMTUSDT,BUY,LIMIT,1700922027690,441,0.34652
GMTUSDT,BUY,LIMIT,1700922054359,449,0.34655
GMTUSDT,BUY,LIMIT,1700922055514,2409,0.34660
GMTUSDT,BUY,LIMIT,1700922097650,348,0.34673
GMTUSDT,BUY,LIMIT,1700922138436,1324,0.34683
GMTUSDT,BUY,LIMIT,1700922187681,347,0.34695
GMTUSDT,BUY,LIMIT,1700922200192,357,0.34721
GMTUSDT,BUY,LIMIT,1700922236736,115,0.34728
GMTUSDT,BUY,LIMIT,1700922240216,400,0.34734
GMTUSDT,BUY,LIMIT,1700922242061,752,0.34749
GMTUSDT,BUY,LIMIT,1700922248466,18,0.34766
GMTUSDT,BUY,LIMIT,1700922250392,118,0.34779
GMTUSDT,BUY,LIMIT,1700922260467,1596,0.34785
GMTUSDT,BUY,LIMIT,1700922262081,14860,0.34795
GMTUSDT,BUY,LIMIT,1700922263113,35266,0.34805
GMTUSDT,BUY,LIMIT,1700922294450,687,0.34816
GMTUSDT,BUY,LIMIT,1700922295712,45,0.34820
GMTUSDT,BUY,LIMIT,1700922296882,3812,0.34829
GMTUSDT,BUY,LIMIT,1700922725276,189,0.34826
GMTUSDT,BUY,LIMIT,1700922726505,700,0.34850
GMTUSDT,SELL,LIMIT,1700922964299,134,0.33614
GMTUSDT,SELL,LIMIT,1700923009894,482,0.33603
GMTUSDT,SELL,LIMIT,1700923431648,789,0.33573
GMTUSDT,SELL,LIMIT,1700923738386,103165,0.33550
GMTUSDT,SELL,LIMIT,1700923741063,2276,0.33546
GMTUSDT,SELL,LIMIT,1700923752726,363,0.33523
GMTUSDT,SELL,LIMIT,1700923755028,4920,0.33507
GMTUSDT,SELL,LIMIT,1700923764631,9354,0.33477
GMTUSDT,SELL,LIMIT,1700923773729,705,0.33469
GMTUSDT,SELL,LIMIT,1700923781735,17,0.33436
GMTUSDT,BUY,LIMIT,1700924118000,2610,0.34591
GMTUSDT,BUY,LIMIT,1700924321576,129,0.34658
GMTUSDT,BUY,LIMIT,1700924323808,1154,0.34709
GMTUSDT,BUY,LIMIT,1700924343956,514,0.34718
GMTUSDT,BUY,LIMIT,1700924356077,1506,0.34754
GMTUSDT,BUY,LIMIT,1700924357897,4364,0.34785
GMTUSDT,BUY,LIMIT,1700924359846,1714,0.34797
GMTUSDT,BUY,LIMIT,1700924361130,186,0.34807
GMTUSDT,BUY,LIMIT,1700924362160,55,0.34805
GMTUSDT,BUY,LIMIT,1700924368446,146,0.34810
GMTUSDT,BUY,LIMIT,1700924369594,762,0.34864
GMTUSDT,BUY,LIMIT,1700924370736,20,0.34871
GMTUSDT,BUY,LIMIT,1700924372292,4468,0.34879
GMTUSDT,BUY,LIMIT,1700924373293,93,0.34894
GMTUSDT,BUY,LIMIT,1700924375391,28,0.34901
GMTUSDT,BUY,LIMIT,1700924376541,61,0.34906
GMTUSDT,BUY,LIMIT,1700924377641,36873,0.34937
GMTUSDT,BUY,LIMIT,1700924382234,2506,0.34956
GMTUSDT,BUY,LIMIT,1700924387195,114,0.34958
GMTUSDT,BUY,LIMIT,1700924396790,2011,0.34962
GMTUSDT,BUY,LIMIT,1700924463827,414,0.34976
GMTUSDT,BUY,LIMIT,1700924493806,412,0.34989
GMTUSDT,BUY,LIMIT,1700924494890,567,0.34992
GMTUSDT,BUY,LIMIT,1700924563078,15,0.34998
GMTUSDT,BUY,LIMIT,1700924564218,29,0.34999
GMTUSDT,BUY,LIMIT,1700924569217,38263,0.35014
GMTUSDT,BUY,LIMIT,1700924570303,3952,0.35016
GMTUSDT,BUY,LIMIT,1700924574183,53,0.35046
GMTUSDT,SELL,LIMIT,1700924683032,824,0.33856
GMTUSDT,SELL,LIMIT,1700924685699,1145,0.33789
GMTUSDT,SELL,LIMIT,1700924773876,282,0.33761
GMTUSDT,SELL,LIMIT,1700924775031,2903,0.33759
GMTUSDT,SELL,LIMIT,1700924927409,11700,0.33750
GMTUSDT,SELL,LIMIT,1700924951187,38,0.33745
GMTUSDT,SELL,LIMIT,1700924967395,32637,0.33726
GMTUSDT,SELL,LIMIT,1700924971450,7717,0.33719
GMTUSDT,SELL,LIMIT,1700924975595,565,0.33712
GMTUSDT,SELL,LIMIT,1700924979522,134,0.33704
GMTUSDT,SELL,LIMIT,1700925115568,52,0.33692
GMTUSDT,SELL,LIMIT,1700925117001,1043,0.33684
GMTUSDT,SELL,LIMIT,1700925209154,522,0.33674
GMTUSDT,SELL,LIMIT,1700925227085,218,0.33657
GMTUSDT,SELL,LIMIT,1700925229150,252,0.33650
GMTUSDT,SELL,LIMIT,1700925295891,306,0.33609
GMTUSDT,SELL,LIMIT,1700925300192,544,0.33592
GMTUSDT,SELL,LIMIT,1700925651183,19,0.33569
GMTUSDT,SELL,LIMIT,1700925653365,4202,0.33554
GMTUSDT,SELL,LIMIT,1700925660791,1455,0.33718
GMTUSDT,SELL,LIMIT,1700925662887,1014,0.33524
GMTUSDT,SELL,LIMIT,1700925664803,1652,0.33514
GMTUSDT,BUY,LIMIT,1700925790891,1855,0.34718
GMTUSDT,SELL,LIMIT,1700925875714,2981,0.33638
GMTUSDT,BUY,LIMIT,1700925911191,470,0.34748
GMTUSDT,BUY,LIMIT,1700925967553,64,0.34823
GMTUSDT,BUY,LIMIT,1700926171413,1237,0.34850
GMTUSDT,BUY,LIMIT,1700926211687,333,0.34875
GMTUSDT,BUY,LIMIT,1700926264096,107,0.34914
GMTUSDT,BUY,LIMIT,1700926266033,32,0.34920
GMTUSDT,BUY,LIMIT,1700926648329,125,0.34933
GMTUSDT,BUY,LIMIT,1700926653256,508,0.34938
GMTUSDT,BUY,LIMIT,1700926655466,1383,0.34966
GMTUSDT,BUY,LIMIT,1700926661694,298,0.34986
GMTUSDT,BUY,LIMIT,1700926663153,1647,0.34989
GMTUSDT,BUY,LIMIT,1700926664334,7400,0.34999
GMTUSDT,BUY,LIMIT,1700926665344,12019,0.35007
GMTUSDT,BUY,LIMIT,1700926674158,600,0.35024
GMTUSDT,BUY,LIMIT,1700926675178,6149,0.35057
GMTUSDT,BUY,LIMIT,1700926676256,73,0.35094
GMTUSDT,BUY,LIMIT,1700926681396,1753,0.35103
GMTUSDT,BUY,LIMIT,1700926683048,2900,0.35147
GMTUSDT,BUY,LIMIT,1700926684054,3759,0.35122
GMTUSDT,BUY,LIMIT,1700926685079,25214,0.35179
GMTUSDT,SELL,LIMIT,1700926733839,23549,0.33992
GMTUSDT,SELL,LIMIT,1700926775410,334,0.33910
GMTUSDT,SELL,LIMIT,1700926779846,1916,0.33866
GMTUSDT,SELL,LIMIT,1700926781945,272,0.33858
GMTUSDT,SELL,LIMIT,1700926891225,21,0.33709
GMTUSDT,SELL,LIMIT,1700926894299,577,0.33691
GMTUSDT,SELL,LIMIT,1700926896304,175,0.33672
GMTUSDT,SELL,LIMIT,1700926898288,2322,0.33662
GMTUSDT,BUY,LIMIT,1700926980230,33,0.34841
GMTUSDT,BUY,LIMIT,1700927535395,16081,0.34876
GMTUSDT,BUY,LIMIT,1700927539547,3384,0.34897
GMTUSDT,BUY,LIMIT,1700927541588,217,0.34927
GMTUSDT,BUY,LIMIT,1700927641171,3482,0.34835
GMTUSDT,BUY,LIMIT,1700927672555,78,0.34943
GMTUSDT,BUY,LIMIT,1700927674646,7623,0.34962
GMTUSDT,BUY,LIMIT,1700927704067,326,0.34968
GMTUSDT,BUY,LIMIT,1700927705275,78,0.34979
GMTUSDT,BUY,LIMIT,1700927708344,3060,0.34994
GMTUSDT,BUY,LIMIT,1700927710458,43113,0.35002
GMTUSDT,BUY,LIMIT,1700927712083,1151,0.35031
GMTUSDT,BUY,LIMIT,1700927713141,638,0.35016
GMTUSDT,BUY,LIMIT,1700927714894,671,0.35060
GMTUSDT,BUY,LIMIT,1700927719307,568,0.35061
GMTUSDT,BUY,LIMIT,1700927723629,1484,0.35075
GMTUSDT,BUY,LIMIT,1700927725482,4392,0.35087
GMTUSDT,BUY,LIMIT,1700927726637,145276,0.35153
GMTUSDT,BUY,LIMIT,1700927728050,161,0.35175
GMTUSDT,BUY,LIMIT,1700927730424,8508,0.35186
GMTUSDT,BUY,LIMIT,1700927758146,171,0.35193
GMTUSDT,BUY,LIMIT,1700927768105,53872,0.35202
GMTUSDT,BUY,LIMIT,1700927769908,6597,0.35211
GMTUSDT,BUY,LIMIT,1700927772525,47358,0.35240
GMTUSDT,BUY,LIMIT,1700927777088,552,0.35251
GMTUSDT,BUY,LIMIT,1700927778426,300,0.35247
GMTUSDT,BUY,LIMIT,1700927779506,209,0.35269
GMTUSDT,BUY,LIMIT,1700927780507,301,0.35304
GMTUSDT,BUY,LIMIT,1700927789142,164,0.35325
GMTUSDT,BUY,LIMIT,1700927790156,384,0.35324
GMTUSDT,SELL,LIMIT,1700927836195,582,0.34113
GMTUSDT,BUY,LIMIT,1700928033553,340,0.35307
GMTUSDT,BUY,LIMIT,1700928035066,164,0.35329
GMTUSDT,BUY,LIMIT,1700928036221,52,0.35336
GMTUSDT,BUY,LIMIT,1700928090627,116983,0.35338
GMTUSDT,BUY,LIMIT,1700928092106,9477,0.35349
GMTUSDT,BUY,LIMIT,1700928104623,101,0.35356
GMTUSDT,BUY,LIMIT,1700928112084,61,0.35397
GMTUSDT,BUY,LIMIT,1700928113102,23699,0.35390
GMTUSDT,SELL,LIMIT,1700928132328,68,0.34153
GMTUSDT,SELL,LIMIT,1700928133538,395,0.34098
GMTUSDT,SELL,LIMIT,1700928176294,983,0.34060
GMTUSDT,SELL,LIMIT,1700928177300,63,0.34055
GMTUSDT,SELL,LIMIT,1700928184612,5913,0.34044
GMTUSDT,SELL,LIMIT,1700928185920,71,0.34016
GMTUSDT,SELL,LIMIT,1700928192138,4302,0.34008
GMTUSDT,BUY,LIMIT,1700928274281,15376,0.35182
GMTUSDT,BUY,LIMIT,1700928275597,19211,0.35200
GMTUSDT,BUY,LIMIT,1700928278327,7233,0.35233
GMTUSDT,BUY,LIMIT,1700928280103,458,0.35245
GMTUSDT,BUY,LIMIT,1700928281115,582,0.35305
GMTUSDT,BUY,LIMIT,1700928288051,3296,0.35323
GMTUSDT,BUY,LIMIT,1700928289460,917,0.35347
GMTUSDT,BUY,LIMIT,1700928294830,14748,0.35355
GMTUSDT,BUY,LIMIT,1700928297543,197,0.35377
GMTUSDT,BUY,LIMIT,1700928299240,134,0.35394
GMTUSDT,BUY,LIMIT,1700928393217,2668,0.35403
GMTUSDT,BUY,LIMIT,1700928408819,778,0.35400
GMTUSDT,BUY,LIMIT,1700928411850,8980,0.35412
GMTUSDT,SELL,LIMIT,1700928662091,811,0.34183
GMTUSDT,BUY,LIMIT,1700928706477,233,0.35293
GMTUSDT,SELL,LIMIT,1700928823350,3295,0.34161
GMTUSDT,SELL,LIMIT,1700928840326,143,0.34152
GMTUSDT,SELL,LIMIT,1700929354178,36,0.34115
GMTUSDT,SELL,LIMIT,1700929355229,32544,0.34114
GMTUSDT,SELL,LIMIT,1700929356374,15,0.34103
GMTUSDT,SELL,LIMIT,1700929385898,33,0.34077
GMTUSDT,SELL,LIMIT,1700929397198,573,0.34072
GMTUSDT,SELL,LIMIT,1700929398330,177,0.34066
GMTUSDT,SELL,LIMIT,1700929414916,863,0.34049
GMTUSDT,SELL,LIMIT,1700929423653,706,0.34041
GMTUSDT,SELL,LIMIT,1700929431807,203,0.34037
GMTUSDT,SELL,LIMIT,1700929459566,260,0.34024
GMTUSDT,SELL,LIMIT,1700929471507,2039,0.34023
GMTUSDT,SELL,LIMIT,1700929477224,169,0.34005
GMTUSDT,BUY,LIMIT,1700929658363,2023,0.35233
GMTUSDT,SELL,LIMIT,1700930068042,2853,0.33981
GMTUSDT,SELL,LIMIT,1700930069474,30,0.33931
GMTUSDT,SELL,LIMIT,1700930093371,1492,0.33927
GMTUSDT,SELL,LIMIT,1700930342358,936,0.33882
GMTUSDT,SELL,LIMIT,1700930368429,69,0.33771
GMTUSDT,BUY,LIMIT,1700930845506,2956,0.34949
GMTUSDT,BUY,LIMIT,1700930846799,1665,0.34969
GMTUSDT,BUY,LIMIT,1700930848378,42,0.34979
GMTUSDT,BUY,LIMIT,1700930853537,17,0.34989
GMTUSDT,BUY,LIMIT,1700930857945,5527,0.34999
GMTUSDT,BUY,LIMIT,1700930859243,4481,0.35019
GMTUSDT,BUY,LIMIT,1700930860789,2480,0.35021
GMTUSDT,BUY,LIMIT,1700930862143,14826,0.35040
GMTUSDT,SELL,LIMIT,1700930901386,876,0.33847
GMTUSDT,SELL,LIMIT,1700930929255,100,0.33829
GMTUSDT,SELL,LIMIT,1700930932206,11436,0.33779
GMTUSDT,SELL,LIMIT,1700930982507,1479,0.33740
GMTUSDT,SELL,LIMIT,1700931005182,212,0.33730
GMTUSDT,SELL,LIMIT,1700931028326,2438,0.33704
GMTUSDT,BUY,LIMIT,1700931332081,1760,0.34907
GMTUSDT,BUY,LIMIT,1700931333260,13611,0.34927
GMTUSDT,BUY,LIMIT,1700931752281,1163,0.34865
GMTUSDT,BUY,LIMIT,1700931796728,28,0.34910
GMTUSDT,BUY,LIMIT,1700931975404,2920,0.34958
GMTUSDT,BUY,LIMIT,1700931978115,1723,0.34979
GMTUSDT,BUY,LIMIT,1700931980140,86,0.34988
GMTUSDT,BUY,LIMIT,1700931981274,17113,0.34996
GMTUSDT,BUY,LIMIT,1700932009413,2681,0.34870
GMTUSDT,BUY,LIMIT,1700932375015,10000,0.34926
GMTUSDT,BUY,LIMIT,1700932559696,791,0.35017
GMTUSDT,BUY,LIMIT,1700932564209,39050,0.35019
GMTUSDT,SELL,LIMIT,1700932725416,940,0.33836
GMTUSDT,SELL,LIMIT,1700932925515,632,0.33771
GMTUSDT,BUY,LIMIT,1700933156979,354,0.34938
GMTUSDT,BUY,LIMIT,1700933223931,1973,0.34950
GMTUSDT,BUY,LIMIT,1700933227323,3620,0.34968
GMTUSDT,BUY,LIMIT,1700933260787,2322,0.35013
GMTUSDT,BUY,LIMIT,1700933277132,170,0.35040
GMTUSDT,BUY,LIMIT,1700933300795,1000,0.35050
GMTUSDT,BUY,LIMIT,1700933350716,4753,0.35070
GMTUSDT,BUY,LIMIT,1700933356042,474,0.35078
GMTUSDT,BUY,LIMIT,1700933363354,759,0.35078
GMTUSDT,BUY,LIMIT,1700933367418,1534,0.35081
GMTUSDT,BUY,LIMIT,1700933370653,85,0.35092
GMTUSDT,BUY,LIMIT,1700933475992,2975,0.35068
GMTUSDT,BUY,LIMIT,1700933547413,25,0.34940
GMTUSDT,BUY,LIMIT,1700933554030,3000,0.35010
GMTUSDT,SELL,LIMIT,1700933927834,355,0.33857
GMTUSDT,SELL,LIMIT,1700933990197,7631,0.33848
GMTUSDT,BUY,LIMIT,1700934238085,2605,0.34976
GMTUSDT,BUY,LIMIT,1700934251231,21,0.34964
GMTUSDT,BUY,LIMIT,1700934717276,4927,0.35086
GMTUSDT,BUY,LIMIT,1700934718404,5814,0.35105
GMTUSDT,BUY,LIMIT,1700934719447,756,0.35152
GMTUSDT,BUY,LIMIT,1700934721443,362,0.35183
GMTUSDT,BUY,LIMIT,1700934742110,2176,0.35204
GMTUSDT,BUY,LIMIT,1700934744542,2348,0.35212
GMTUSDT,BUY,LIMIT,1700934746068,163,0.35234
GMTUSDT,BUY,LIMIT,1700934747118,7392,0.35223
GMTUSDT,BUY,LIMIT,1700934764935,220,0.35261
GMTUSDT,SELL,LIMIT,1700934801968,266,0.34206
GMTUSDT,BUY,LIMIT,1700935313783,103803,0.35264
GMTUSDT,BUY,LIMIT,1700935324055,135,0.35269
GMTUSDT,BUY,LIMIT,1700935326330,1319,0.35274
GMTUSDT,BUY,LIMIT,1700935514330,100,0.35301
GMTUSDT,BUY,LIMIT,1700935516044,554,0.35307
GMTUSDT,BUY,LIMIT,1700935533151,13503,0.35316
GMTUSDT,BUY,LIMIT,1700935536052,1190,0.35324
GMTUSDT,BUY,LIMIT,1700935555166,315,0.35335
GMTUSDT,BUY,LIMIT,1700935562108,2783,0.35352
GMTUSDT,BUY,LIMIT,1700935564892,2882,0.35356
GMTUSDT,BUY,LIMIT,1700935578110,1717,0.35359
GMTUSDT,BUY,LIMIT,1700935582168,142,0.35363
GMTUSDT,BUY,LIMIT,1700935586027,944,0.35363
GMTUSDT,BUY,LIMIT,1700935589774,130,0.35370
GMTUSDT,BUY,LIMIT,1700935657612,6036,0.35381
GMTUSDT,BUY,LIMIT,1700935690201,5375,0.35378
GMTUSDT,BUY,LIMIT,1700935692515,541,0.35385
GMTUSDT,BUY,LIMIT,1700935693697,64,0.35397
GMTUSDT,BUY,LIMIT,1700935707061,446,0.35407
GMTUSDT,BUY,LIMIT,1700936498947,81,0.35350
GMTUSDT,SELL,LIMIT,1700936778238,219,0.34182
GMTUSDT,SELL,LIMIT,1700936785143,632,0.34124
GMTUSDT,BUY,LIMIT,1700937246046,19,0.35210
GMTUSDT,BUY,LIMIT,1700937251337,627,0.35176
GMTUSDT,SELL,LIMIT,1700937359055,680,0.34102
GMTUSDT,BUY,LIMIT,1700937372853,71567,0.35285
GMTUSDT,BUY,LIMIT,1700937392822,932,0.35322
GMTUSDT,BUY,LIMIT,1700937395166,1009,0.35329
GMTUSDT,BUY,LIMIT,1700937437114,301,0.35348
GMTUSDT,BUY,LIMIT,1700937444534,1182,0.35351
GMTUSDT,BUY,LIMIT,1700937469782,727,0.35364
GMTUSDT,BUY,LIMIT,1700937474783,2881,0.35386
GMTUSDT,BUY,LIMIT,1700937686583,1071,0.35410
GMTUSDT,BUY,LIMIT,1700937689081,725,0.35414
GMTUSDT,BUY,LIMIT,1700937697759,3025,0.35416
GMTUSDT,BUY,LIMIT,1700937701169,36,0.35423
GMTUSDT,BUY,LIMIT,1700937702220,6975,0.35425
GMTUSDT,BUY,LIMIT,1700937705093,15,0.35437
GMTUSDT,BUY,LIMIT,1700937706116,109,0.35435
GMTUSDT,BUY,LIMIT,1700937709846,2534,0.35439
GMTUSDT,BUY,LIMIT,1700937719810,41,0.35444
GMTUSDT,SELL,LIMIT,1700938651821,4292,0.34213
GMTUSDT,BUY,LIMIT,1700938692204,1051,0.35397
GMTUSDT,BUY,LIMIT,1700938708270,1004,0.35426
GMTUSDT,BUY,LIMIT,1700938850998,3653,0.35431
GMTUSDT,BUY,LIMIT,1700938947193,24971,0.35447
GMTUSDT,BUY,LIMIT,1700938951501,605,0.35465
GMTUSDT,BUY,LIMIT,1700938954676,3478,0.35466
GMTUSDT,BUY,LIMIT,1700938962155,5555,0.35483
GMTUSDT,BUY,LIMIT,1700938963266,1416,0.35478
GMTUSDT,BUY,LIMIT,1700938997405,149,0.35484
GMTUSDT,SELL,LIMIT,1700939694041,86,0.34267
GMTUSDT,SELL,LIMIT,1700939697500,13861,0.34253
GMTUSDT,SELL,LIMIT,1700939699722,28,0.34246
GMTUSDT,SELL,LIMIT,1700939726553,2791,0.34238
GMTUSDT,SELL,LIMIT,1700939740335,282,0.34223
GMTUSDT,SELL,LIMIT,1700939785489,303,0.34201
GMTUSDT,SELL,LIMIT,1700939800516,40,0.34201
GMTUSDT,SELL,LIMIT,1700939803115,1084,0.34192
GMTUSDT,SELL,LIMIT,1700939804235,43057,0.34201
GMTUSDT,SELL,LIMIT,1700940049624,117,0.34167
GMTUSDT,SELL,LIMIT,1700940054224,220,0.34152
GMTUSDT,SELL,LIMIT,1700940055394,234,0.34156
