Symbol,Side,Order Type,Time,Quantity,Price
GMXUSDT,SELL,LIMIT,1701940563567,28.70,48.863815
GMXUSDT,SELL,LIMIT,1701940569540,96.69,48.787374
GMXUSDT,SELL,LIMIT,1701941161367,30.00,48.655936
GMXUSDT,SELL,LIMIT,1701941243565,1.78,48.470934
GMXUSDT,BUY,LIMIT,1701953976591,0.01,51.663000
GMXUSDT,BUY,LIMIT,1701962508544,1.26,52.317080
GMXUSDT,SELL,LIMIT,1701971365219,1.06,51.660363
GMXUSDT,BUY,LIMIT,1701993959533,30.53,54.682200
GMXUSDT,BUY,LIMIT,1702004102342,0.84,55.046508
GMXUSDT,BUY,LIMIT,1702004154390,0.19,55.161022
GMXUSDT,SELL,LIMIT,1702007096293,0.07,53.147515
GMXUSDT,BUY,LIMIT,1702007120269,0.86,55.314600
GMXUSDT,BUY,LIMIT,1702007154540,0.53,55.337452
GMXUSDT,BUY,LIMIT,1702007257304,9.74,55.418780
GMXUSDT,BUY,LIMIT,1702008918986,75.64,55.523649
GMXUSDT,BUY,LIMIT,1702016152674,1.38,55.569376
GMXUSDT,SELL,LIMIT,1702022849058,0.52,52.363644
GMXUSDT,SELL,LIMIT,1702029548959,2.93,52.107744
GMXUSDT,SELL,LIMIT,1702042240033,1.90,51.959601
GMXUSDT,SELL,LIMIT,1702043837014,3.69,51.892361
GMXUSDT,SELL,LIMIT,1702043858507,112.82,51.813643
GMXUSDT,SELL,LIMIT,1702044410498,5.96,51.774326
GMXUSDT,BUY,LIMIT,1702052007185,0.10,54.121200
GMXUSDT,BUY,LIMIT,1702064060253,0.34,54.467694
GMXUSDT,SELL,LIMIT,1702065363246,1.55,52.454973
GMXUSDT,BUY,LIMIT,1702070928523,1.97,55.461027
GMXUSDT,BUY,LIMIT,1702071011957,2.62,55.532347
GMXUSDT,BUY,LIMIT,1702080687268,2.98,55.345581
GMXUSDT,BUY,LIMIT,1702105573488,0.57,56.603803
GMXUSDT,BUY,LIMIT,1702105613947,0.55,56.680207
GMXUSDT,BUY,LIMIT,1702105851005,0.25,56.862132
GMXUSDT,BUY,LIMIT,1702109209082,0.80,57.341062
GMXUSDT,BUY,LIMIT,1702109244833,2.67,57.334200
GMXUSDT,BUY,LIMIT,1702109514107,0.93,57.262800
GMXUSDT,BUY,LIMIT,1702109634797,1.15,57.197867
GMXUSDT,SELL,LIMIT,1702110970061,0.10,54.135201
GMXUSDT,BUY,LIMIT,1702110979082,0.39,56.242800
GMXUSDT,SELL,LIMIT,1702111027794,4.22,53.856261
GMXUSDT,BUY,LIMIT,1702111031400,0.06,56.018400
GMXUSDT,SELL,LIMIT,1702111035522,9.14,53.687935
GMXUSDT,SELL,LIMIT,1702111037878,0.67,54.512840
GMXUSDT,SELL,LIMIT,1702111045446,5.82,53.662533
GMXUSDT,SELL,LIMIT,1702111373547,74.58,53.292722
GMXUSDT,SELL,LIMIT,1702111385537,0.65,54.252169
GMXUSDT,SELL,LIMIT,1702111387090,71.55,53.116181
GMXUSDT,SELL,LIMIT,1702132996865,129.50,52.736101
GMXUSDT,SELL,LIMIT,1702133000400,40.00,52.744814
GMXUSDT,SELL,LIMIT,1702133002508,0.09,52.738344
GMXUSDT,SELL,LIMIT,1702133005589,4.47,52.618209
GMXUSDT,SELL,LIMIT,1702133008677,3.65,52.542145
GMXUSDT,SELL,LIMIT,1702133015066,2.69,52.792656
GMXUSDT,SELL,LIMIT,1702133401592,2.09,52.520227
GMXUSDT,SELL,LIMIT,1702141704253,1.43,52.432494
GMXUSDT,SELL,LIMIT,1702141848128,77.19,52.311808
GMXUSDT,SELL,LIMIT,1702141852160,4.44,52.240552
GMXUSDT,SELL,LIMIT,1702164747361,0.90,52.332001
GMXUSDT,SELL,LIMIT,1702164752474,39.99,52.253601
GMXUSDT,SELL,LIMIT,1702164799676,75.07,52.178293
GMXUSDT,SELL,LIMIT,1702164800907,5.96,52.144913
GMXUSDT,SELL,LIMIT,1702164805368,36.59,51.979201
GMXUSDT,SELL,LIMIT,1702164810258,0.16,51.959601
GMXUSDT,SELL,LIMIT,1702164867962,10.03,51.903049
GMXUSDT,SELL,LIMIT,1702200886556,3.09,52.212240
GMXUSDT,SELL,LIMIT,1702200940699,16.67,52.107774
GMXUSDT,SELL,LIMIT,1702202267739,0.92,51.842001
GMXUSDT,SELL,LIMIT,1702202290698,2.73,51.821914
GMXUSDT,SELL,LIMIT,1702202291805,0.22,51.801258
GMXUSDT,SELL,LIMIT,1702202298159,0.47,51.773401
GMXUSDT,SELL,LIMIT,1702202305517,1.99,51.761834
GMXUSDT,SELL,LIMIT,1702202318310,3.23,51.724401
GMXUSDT,SELL,LIMIT,1702202323568,0.42,51.696843
GMXUSDT,SELL,LIMIT,1702202345944,0.23,51.679980
GMXUSDT,SELL,LIMIT,1702202374208,54.30,51.664194
GMXUSDT,SELL,LIMIT,1702202375214,0.32,51.635401
GMXUSDT,SELL,LIMIT,1702202376637,8.44,51.460584
GMXUSDT,SELL,LIMIT,1702202379361,0.50,51.452249
GMXUSDT,SELL,LIMIT,1702202380362,0.12,51.459126
GMXUSDT,SELL,LIMIT,1702202385675,110.88,51.394912
GMXUSDT,SELL,LIMIT,1702202386740,1.33,51.420601
GMXUSDT,SELL,LIMIT,1702202403623,0.37,51.388942
GMXUSDT,SELL,LIMIT,1702256620301,1.82,52.312401
GMXUSDT,SELL,LIMIT,1702256716231,91.32,52.234001
GMXUSDT,SELL,LIMIT,1702256914837,9.12,52.082203
GMXUSDT,SELL,LIMIT,1702260294076,0.11,51.792011
GMXUSDT,SELL,LIMIT,1702260321098,97.73,51.810771
GMXUSDT,SELL,LIMIT,1702260427696,211.35,51.435664
GMXUSDT,SELL,LIMIT,1702260439541,9.30,51.399064
GMXUSDT,SELL,LIMIT,1702260443196,202.09,51.221535
GMXUSDT,SELL,LIMIT,1702260621428,2.18,51.352001
GMXUSDT,SELL,LIMIT,1702260626462,0.27,51.301552
GMXUSDT,SELL,LIMIT,1702260628733,0.16,51.254001
GMXUSDT,SELL,LIMIT,1702260630184,11.55,51.251506
GMXUSDT,SELL,LIMIT,1702260631194,0.27,51.204035
GMXUSDT,SELL,LIMIT,1702260632564,0.97,51.191966
GMXUSDT,SELL,LIMIT,1702260633590,2.90,51.136401
GMXUSDT,SELL,LIMIT,1702260707265,23.19,50.894485
GMXUSDT,SELL,LIMIT,1702260708856,139.45,50.786977
GMXUSDT,SELL,LIMIT,1702260710081,26.13,50.829775
GMXUSDT,SELL,LIMIT,1702260711572,1.69,50.822648
GMXUSDT,SELL,LIMIT,1702260713139,13.23,52.156895
GMXUSDT,SELL,LIMIT,1702260714191,128.58,50.720077
GMXUSDT,SELL,LIMIT,1702260715327,1.07,50.672582
GMXUSDT,SELL,LIMIT,1702260717828,2.86,50.599590
GMXUSDT,SELL,LIMIT,1702260719669,0.26,50.623828
GMXUSDT,SELL,LIMIT,1702260721427,15.73,50.545969
GMXUSDT,SELL,LIMIT,1702260722661,2.99,50.561050
GMXUSDT,SELL,LIMIT,1702260723956,0.35,50.511677
GMXUSDT,SELL,LIMIT,1702260725021,3.52,50.412760
GMXUSDT,SELL,LIMIT,1702260726472,0.29,50.406863
GMXUSDT,SELL,LIMIT,1702260728048,3.34,50.337528
GMXUSDT,SELL,LIMIT,1702260729503,27.40,50.298193
GMXUSDT,SELL,LIMIT,1702260730701,4.85,50.226924
GMXUSDT,SELL,LIMIT,1702260734019,91.02,50.209185
GMXUSDT,SELL,LIMIT,1702260737389,4.06,50.179059
GMXUSDT,SELL,LIMIT,1702260738418,3.71,50.069520
GMXUSDT,SELL,LIMIT,1702260739727,2.01,50.088362
GMXUSDT,SELL,LIMIT,1702260741165,18.96,50.057533
GMXUSDT,SELL,LIMIT,1702260743046,12.15,50.022716
GMXUSDT,SELL,LIMIT,1702260744339,0.21,50.102053
GMXUSDT,SELL,LIMIT,1702260746920,0.12,49.928067
GMXUSDT,SELL,LIMIT,1702260748267,3.79,49.824029
GMXUSDT,SELL,LIMIT,1702260749724,18.23,49.868155
GMXUSDT,SELL,LIMIT,1702260750764,23.75,49.857999
GMXUSDT,SELL,LIMIT,1702260754292,15.71,49.790741
GMXUSDT,SELL,LIMIT,1702260756333,10.85,49.717805
GMXUSDT,SELL,LIMIT,1702260757678,6.47,49.629584
GMXUSDT,SELL,LIMIT,1702260759306,0.28,49.675465
GMXUSDT,SELL,LIMIT,1702260760349,56.70,49.494767
GMXUSDT,SELL,LIMIT,1702260761600,31.45,49.215957
GMXUSDT,SELL,LIMIT,1702260762596,0.19,49.218179
GMXUSDT,SELL,LIMIT,1702260763643,3.83,49.166090
GMXUSDT,SELL,LIMIT,1702260764694,2.67,49.002508
GMXUSDT,SELL,LIMIT,1702260765722,0.19,49.002511
GMXUSDT,SELL,LIMIT,1702260766715,0.19,49.015069
GMXUSDT,SELL,LIMIT,1702260767863,15.27,48.937127
GMXUSDT,SELL,LIMIT,1702260769305,498.33,48.684166
GMXUSDT,SELL,LIMIT,1702260770573,1.07,48.792771
GMXUSDT,SELL,LIMIT,1702260771646,12.35,48.617615
GMXUSDT,SELL,LIMIT,1702260772702,8.22,48.509803
GMXUSDT,SELL,LIMIT,1702260773777,11.10,48.529780
GMXUSDT,SELL,LIMIT,1702260774803,4.00,47.811915
GMXUSDT,SELL,LIMIT,1702260775884,0.95,47.811915
GMXUSDT,SELL,LIMIT,1702260776916,0.19,47.684222
GMXUSDT,SELL,LIMIT,1702260777956,0.11,47.664787
GMXUSDT,SELL,LIMIT,1702260779211,0.19,47.325385
GMXUSDT,SELL,LIMIT,1702260780268,22.82,47.225255
GMXUSDT,SELL,LIMIT,1702260781395,1.97,47.322690
GMXUSDT,SELL,LIMIT,1702260782409,1.77,47.423127
GMXUSDT,SELL,LIMIT,1702260783445,237.97,46.953229
GMXUSDT,SELL,LIMIT,1702260784646,40.25,48.271862
GMXUSDT,SELL,LIMIT,1702260785738,276.76,46.488280
GMXUSDT,SELL,LIMIT,1702260787717,0.19,46.857927
GMXUSDT,SELL,LIMIT,1702260788718,3.96,46.477096
GMXUSDT,SELL,LIMIT,1702260789719,0.44,46.467501
GMXUSDT,SELL,LIMIT,1702260791598,9.42,46.284050
GMXUSDT,SELL,LIMIT,1702260793017,22.84,46.204936
GMXUSDT,SELL,LIMIT,1702260794506,135.56,46.128185
GMXUSDT,SELL,LIMIT,1702260795896,6.01,46.116181
GMXUSDT,SELL,LIMIT,1702260797324,7.16,45.691945
GMXUSDT,SELL,LIMIT,1702260798509,0.11,45.881287
GMXUSDT,SELL,LIMIT,1702260799596,9.76,45.628940
GMXUSDT,SELL,LIMIT,1702260800764,0.19,45.558264
GMXUSDT,SELL,LIMIT,1702260801861,0.39,45.615860
GMXUSDT,SELL,LIMIT,1702260804219,2.77,45.590593
GMXUSDT,SELL,LIMIT,1702260805618,3.37,45.531791
GMXUSDT,SELL,LIMIT,1702260806900,3.77,45.381588
GMXUSDT,SELL,LIMIT,1702260807905,0.11,44.884001
GMXUSDT,SELL,LIMIT,1702260809236,8.95,44.887629
GMXUSDT,SELL,LIMIT,1702260810451,11.17,44.776871
GMXUSDT,SELL,LIMIT,1702260812487,15.24,44.682845
GMXUSDT,SELL,LIMIT,1702260814663,0.11,44.666682
GMXUSDT,SELL,LIMIT,1702260818418,0.23,44.764853
GMXUSDT,SELL,LIMIT,1702260822106,374.38,44.657782
GMXUSDT,SELL,LIMIT,1702262615562,2.36,48.552176
GMXUSDT,SELL,LIMIT,1702265724235,0.10,49.421631
GMXUSDT,BUY,LIMIT,1702266000872,28.38,51.703800
