Symbol,Side,Order Type,Time,Quantity,Price
GRTUSDT,SELL,LIMIT,1701917864380,44,0.16073
GRTUSDT,SELL,LIMIT,1701917919283,45,0.16053
GRTUSDT,SELL,LIMIT,1701918302467,28440,0.16017
GRTUSDT,SELL,LIMIT,1701918304252,6885,0.16017
GRTUSDT,SELL,LIMIT,1701918373083,19739,0.16004
GRTUSDT,SELL,LIMIT,1701918374202,95,0.16004
GRTUSDT,SELL,LIMIT,1701918479769,5112,0.15985
GRTUSDT,SELL,LIMIT,1701918502608,70,0.15981
GRTUSDT,SELL,LIMIT,1701918611578,42,0.15954
GRTUSDT,SELL,LIMIT,1701918627051,7171,0.15949
GRTUSDT,BUY,LIMIT,1701923852297,30103,0.16610
GRTUSDT,BUY,LIMIT,1701924791124,1462,0.16573
GRTUSDT,SELL,LIMIT,1701925194107,6174,0.16041
GRTUSDT,SELL,LIMIT,1701925441577,2044,0.15961
GRTUSDT,SELL,LIMIT,1701925514735,845,0.15953
GRTUSDT,SELL,LIMIT,1701925784461,253,0.15885
GRTUSDT,SELL,LIMIT,1701930130761,4817,0.15825
GRTUSDT,SELL,LIMIT,1701931555818,4452,0.15815
GRTUSDT,SELL,LIMIT,1701931560063,357,0.15809
GRTUSDT,SELL,LIMIT,1701931588245,16085,0.15804
GRTUSDT,SELL,LIMIT,1701931811268,227,0.15778
GRTUSDT,SELL,LIMIT,1701934831810,19347,0.15765
GRTUSDT,SELL,LIMIT,1701934833749,1883,0.15747
GRTUSDT,SELL,LIMIT,1701934835133,4794,0.15735
GRTUSDT,BUY,LIMIT,1701936362897,3117,0.16349
GRTUSDT,SELL,LIMIT,1701936841654,1566,0.15790
GRTUSDT,SELL,LIMIT,1701936923523,2294,0.15725
GRTUSDT,SELL,LIMIT,1701936924854,2814,0.15720
GRTUSDT,SELL,LIMIT,1701936985986,6137,0.15713
GRTUSDT,SELL,LIMIT,1701937325360,53,0.15707
GRTUSDT,SELL,LIMIT,1701937326576,62,0.15704
GRTUSDT,SELL,LIMIT,1701937485048,6935,0.15682
GRTUSDT,SELL,LIMIT,1701937763781,12857,0.15678
GRTUSDT,SELL,LIMIT,1701937791155,446,0.15671
GRTUSDT,SELL,LIMIT,1701939919137,2058,0.15631
GRTUSDT,SELL,LIMIT,1701939929118,22956,0.15626
GRTUSDT,SELL,LIMIT,1701939951449,7658,0.15624
GRTUSDT,SELL,LIMIT,1701939976558,749,0.15597
GRTUSDT,SELL,LIMIT,1701939999216,37,0.15604
GRTUSDT,SELL,LIMIT,1701940021226,61,0.15587
GRTUSDT,SELL,LIMIT,1701940024859,18236,0.15578
GRTUSDT,SELL,LIMIT,1701940032342,21188,0.15567
GRTUSDT,SELL,LIMIT,1701940034034,21942,0.15559
GRTUSDT,SELL,LIMIT,1701940048985,125,0.15553
GRTUSDT,SELL,LIMIT,1701940476939,7103,0.15548
GRTUSDT,SELL,LIMIT,1701940526466,491,0.15548
GRTUSDT,SELL,LIMIT,1701940554252,3069,0.15538
GRTUSDT,SELL,LIMIT,1701940555589,1803,0.15534
GRTUSDT,SELL,LIMIT,1701940558331,189,0.15544
GRTUSDT,SELL,LIMIT,1701940562578,1020,0.15509
GRTUSDT,SELL,LIMIT,1701940564701,1801,0.15491
GRTUSDT,SELL,LIMIT,1701940566089,1196,0.15799
GRTUSDT,SELL,LIMIT,1701940568286,12105,0.15483
GRTUSDT,SELL,LIMIT,1701940581746,19610,0.15469
GRTUSDT,SELL,LIMIT,1701941067090,414,0.15428
GRTUSDT,SELL,LIMIT,1701941072603,7534,0.15419
GRTUSDT,SELL,LIMIT,1701941074828,3573,0.15415
GRTUSDT,SELL,LIMIT,1701941149033,300,0.15418
GRTUSDT,SELL,LIMIT,1701941150616,15571,0.15412
GRTUSDT,SELL,LIMIT,1701941155164,31,0.15398
GRTUSDT,SELL,LIMIT,1701941159340,3566,0.15385
GRTUSDT,SELL,LIMIT,1701941161107,10028,0.15375
GRTUSDT,SELL,LIMIT,1701941169182,140,0.15357
GRTUSDT,SELL,LIMIT,1701941179602,312,0.15342
GRTUSDT,SELL,LIMIT,1701941182582,309,0.15327
GRTUSDT,SELL,LIMIT,1701941187469,143,0.15319
GRTUSDT,SELL,LIMIT,1701941188484,796,0.15302
GRTUSDT,SELL,LIMIT,1701941190238,3585,0.15295
GRTUSDT,SELL,LIMIT,1701941192166,31262,0.15280
GRTUSDT,SELL,LIMIT,1701941207196,200,0.15251
GRTUSDT,SELL,LIMIT,1701941234195,312,0.15258
GRTUSDT,SELL,LIMIT,1701941239296,915,0.15239
GRTUSDT,SELL,LIMIT,1701941243779,11788,0.15247
GRTUSDT,SELL,LIMIT,1701941245148,22405,0.15233
GRTUSDT,SELL,LIMIT,1701941246155,1410,0.15235
GRTUSDT,BUY,LIMIT,1701941763726,342,0.16004
GRTUSDT,SELL,LIMIT,1701943528264,6394,0.15452
GRTUSDT,BUY,LIMIT,1701943757838,31936,0.15965
GRTUSDT,SELL,LIMIT,1701946480908,256,0.15495
GRTUSDT,SELL,LIMIT,1701949032360,41,0.15541
GRTUSDT,SELL,LIMIT,1701949103217,164,0.15520
GRTUSDT,SELL,LIMIT,1701949199905,7035,0.15516
GRTUSDT,SELL,LIMIT,1701949630046,684,0.15484
GRTUSDT,SELL,LIMIT,1701952396671,295,0.15613
GRTUSDT,BUY,LIMIT,1701953976591,1,0.16151
GRTUSDT,SELL,LIMIT,1701954961155,2580,0.15586
GRTUSDT,SELL,LIMIT,1701957058200,60,0.15603
GRTUSDT,BUY,LIMIT,1701959258783,13965,0.16136
GRTUSDT,BUY,LIMIT,1701962803264,251,0.16311
GRTUSDT,BUY,LIMIT,1701963317337,4221,0.16451
GRTUSDT,SELL,LIMIT,1701964403130,3107,0.15952
GRTUSDT,BUY,LIMIT,1701965127018,7151,0.16435
GRTUSDT,BUY,LIMIT,1701965241794,1242,0.16482
GRTUSDT,BUY,LIMIT,1701965263522,1884,0.16487
GRTUSDT,BUY,LIMIT,1701965315270,3071,0.16504
GRTUSDT,BUY,LIMIT,1701965327165,3396,0.16511
GRTUSDT,BUY,LIMIT,1701965360630,5464,0.16488
GRTUSDT,BUY,LIMIT,1701966200839,37,0.16519
GRTUSDT,BUY,LIMIT,1701966333134,1499,0.16540
GRTUSDT,BUY,LIMIT,1701968281341,6248,0.16675
GRTUSDT,BUY,LIMIT,1701969635390,3214,0.16676
GRTUSDT,SELL,LIMIT,1701970989333,8675,0.16131
GRTUSDT,SELL,LIMIT,1701973243849,383,0.16134
GRTUSDT,SELL,LIMIT,1701974745584,1217,0.16017
GRTUSDT,BUY,LIMIT,1701974955084,238,0.16501
GRTUSDT,SELL,LIMIT,1701976481949,930,0.15992
GRTUSDT,SELL,LIMIT,1701977161378,3783,0.15972
GRTUSDT,SELL,LIMIT,1701977185273,1946,0.15946
GRTUSDT,SELL,LIMIT,1701977298524,7639,0.15928
GRTUSDT,SELL,LIMIT,1701977339172,5989,0.15895
GRTUSDT,BUY,LIMIT,1701983076628,145,0.16656
GRTUSDT,BUY,LIMIT,1701983246850,13849,0.16672
GRTUSDT,BUY,LIMIT,1701983333603,265,0.16713
GRTUSDT,BUY,LIMIT,1701984842243,1026,0.16797
GRTUSDT,BUY,LIMIT,1701986973219,332,0.16821
GRTUSDT,SELL,LIMIT,1701988452970,62,0.16180
GRTUSDT,SELL,LIMIT,1701988467168,3660,0.16175
GRTUSDT,SELL,LIMIT,1701988482146,6174,0.16162
GRTUSDT,BUY,LIMIT,1701994900487,3801,0.16844
GRTUSDT,BUY,LIMIT,1701994967493,1064,0.16902
GRTUSDT,BUY,LIMIT,1701995009168,10540,0.16944
GRTUSDT,SELL,LIMIT,1701997718649,8722,0.16308
GRTUSDT,BUY,LIMIT,1701998213015,45,0.16829
GRTUSDT,SELL,LIMIT,1702002998247,907,0.16232
GRTUSDT,BUY,LIMIT,1702003960490,338,0.16864
GRTUSDT,SELL,LIMIT,1702004783821,389,0.16401
GRTUSDT,BUY,LIMIT,1702007154540,173,0.16965
GRTUSDT,BUY,LIMIT,1702007200295,5532,0.16998
GRTUSDT,BUY,LIMIT,1702007847818,29941,0.17020
GRTUSDT,BUY,LIMIT,1702007938233,99,0.17059
GRTUSDT,BUY,LIMIT,1702008785457,19676,0.17083
GRTUSDT,BUY,LIMIT,1702008823431,7926,0.17109
GRTUSDT,BUY,LIMIT,1702008884773,47,0.17131
GRTUSDT,SELL,LIMIT,1702009933274,170,0.16596
GRTUSDT,SELL,LIMIT,1702010852319,47,0.16546
GRTUSDT,SELL,LIMIT,1702011015412,6408,0.16514
GRTUSDT,SELL,LIMIT,1702018050274,5412,0.16445
GRTUSDT,BUY,LIMIT,1702018470471,913,0.16930
GRTUSDT,SELL,LIMIT,1702019202691,1507,0.16372
GRTUSDT,SELL,LIMIT,1702020222593,10985,0.16366
GRTUSDT,SELL,LIMIT,1702020224183,5656,0.16365
GRTUSDT,SELL,LIMIT,1702020530518,87,0.16374
GRTUSDT,BUY,LIMIT,1702021515175,130,0.17220
GRTUSDT,BUY,LIMIT,1702022660354,306,0.17259
GRTUSDT,BUY,LIMIT,1702022899369,139,0.17276
GRTUSDT,BUY,LIMIT,1702023112000,2429,0.17283
GRTUSDT,BUY,LIMIT,1702023246727,29811,0.17294
GRTUSDT,BUY,LIMIT,1702023289467,52,0.17333
GRTUSDT,BUY,LIMIT,1702023292176,44,0.17351
GRTUSDT,BUY,LIMIT,1702024287264,1552,0.17327
GRTUSDT,BUY,LIMIT,1702025429479,81,0.17425
GRTUSDT,BUY,LIMIT,1702025445139,66,0.17451
GRTUSDT,BUY,LIMIT,1702025446752,570,0.17456
GRTUSDT,BUY,LIMIT,1702025457219,19400,0.17478
GRTUSDT,BUY,LIMIT,1702025618477,8922,0.17490
GRTUSDT,BUY,LIMIT,1702025630277,83,0.17495
GRTUSDT,SELL,LIMIT,1702025843557,2031,0.16884
GRTUSDT,BUY,LIMIT,1702026127889,3685,0.17505
GRTUSDT,BUY,LIMIT,1702026130080,482,0.17515
GRTUSDT,SELL,LIMIT,1702026641220,889,0.16861
GRTUSDT,SELL,LIMIT,1702026655175,241,0.16846
GRTUSDT,BUY,LIMIT,1702027055383,5798,0.17497
GRTUSDT,BUY,LIMIT,1702027240784,127,0.17546
GRTUSDT,BUY,LIMIT,1702027377707,2293,0.17570
GRTUSDT,BUY,LIMIT,1702027634459,2637,0.17521
GRTUSDT,SELL,LIMIT,1702027791957,1012,0.16939
GRTUSDT,SELL,LIMIT,1702031176414,429,0.16729
GRTUSDT,BUY,LIMIT,1702035163382,230,0.17268
GRTUSDT,SELL,LIMIT,1702036938983,1566,0.16684
GRTUSDT,SELL,LIMIT,1702036944338,347,0.16682
GRTUSDT,SELL,LIMIT,1702037055951,16717,0.16667
GRTUSDT,SELL,LIMIT,1702037061298,8705,0.16661
GRTUSDT,SELL,LIMIT,1702037078299,3751,0.16654
GRTUSDT,SELL,LIMIT,1702037124057,974,0.16637
GRTUSDT,BUY,LIMIT,1702038609112,1000,0.17287
GRTUSDT,SELL,LIMIT,1702041025691,942,0.16634
GRTUSDT,BUY,LIMIT,1702041816338,14677,0.17239
GRTUSDT,BUY,LIMIT,1702041892092,765,0.17255
GRTUSDT,BUY,LIMIT,1702041973137,281,0.17275
GRTUSDT,SELL,LIMIT,1702042235402,240,0.16691
GRTUSDT,SELL,LIMIT,1702042244445,57,0.16652
GRTUSDT,SELL,LIMIT,1702042792915,13190,0.16604
GRTUSDT,BUY,LIMIT,1702043698662,276,0.17194
GRTUSDT,BUY,LIMIT,1702046032947,588,0.17323
GRTUSDT,BUY,LIMIT,1702046576969,1526,0.17387
GRTUSDT,BUY,LIMIT,1702047073183,44,0.17434
GRTUSDT,BUY,LIMIT,1702047704737,353,0.17459
GRTUSDT,BUY,LIMIT,1702047820011,117,0.17492
GRTUSDT,BUY,LIMIT,1702048411797,181,0.17575
GRTUSDT,BUY,LIMIT,1702051501763,451,0.17523
GRTUSDT,BUY,LIMIT,1702051903550,335,0.17506
GRTUSDT,BUY,LIMIT,1702052161449,292,0.17503
GRTUSDT,BUY,LIMIT,1702052530226,433,0.17575
GRTUSDT,BUY,LIMIT,1702053096333,1019,0.17610
GRTUSDT,BUY,LIMIT,1702053101060,2749,0.17628
GRTUSDT,SELL,LIMIT,1702054654534,3017,0.17017
GRTUSDT,SELL,LIMIT,1702055293322,4298,0.16959
GRTUSDT,SELL,LIMIT,1702055303031,16686,0.16949
GRTUSDT,SELL,LIMIT,1702055352185,1025,0.16911
GRTUSDT,SELL,LIMIT,1702056289667,50,0.16839
GRTUSDT,SELL,LIMIT,1702056442049,1414,0.16868
GRTUSDT,BUY,LIMIT,1702061262438,24129,0.17476
GRTUSDT,BUY,LIMIT,1702061388320,240,0.17489
GRTUSDT,BUY,LIMIT,1702061590657,147,0.17530
GRTUSDT,BUY,LIMIT,1702064001056,290,0.17558
GRTUSDT,BUY,LIMIT,1702065484212,92,0.17676
GRTUSDT,BUY,LIMIT,1702065974359,722,0.17702
GRTUSDT,BUY,LIMIT,1702065990203,1420,0.17704
GRTUSDT,BUY,LIMIT,1702066002938,17261,0.17724
GRTUSDT,BUY,LIMIT,1702066022510,15756,0.17743
GRTUSDT,BUY,LIMIT,1702066029966,14749,0.17758
GRTUSDT,BUY,LIMIT,1702066078442,12722,0.17786
GRTUSDT,BUY,LIMIT,1702066084381,4789,0.17788
GRTUSDT,BUY,LIMIT,1702066102530,216,0.17800
GRTUSDT,BUY,LIMIT,1702066120477,1023,0.17830
GRTUSDT,BUY,LIMIT,1702066127337,3576,0.17842
GRTUSDT,BUY,LIMIT,1702066138168,27158,0.17855
GRTUSDT,BUY,LIMIT,1702066156981,5763,0.17903
GRTUSDT,BUY,LIMIT,1702066164262,250,0.17925
GRTUSDT,BUY,LIMIT,1702068238866,1289,0.17811
GRTUSDT,BUY,LIMIT,1702068538422,41,0.17860
GRTUSDT,BUY,LIMIT,1702068580235,20242,0.17869
GRTUSDT,BUY,LIMIT,1702068587598,2282,0.17870
GRTUSDT,BUY,LIMIT,1702069078918,296,0.17845
GRTUSDT,SELL,LIMIT,1702071569895,476,0.17190
GRTUSDT,BUY,LIMIT,1702072859393,320,0.17744
GRTUSDT,BUY,LIMIT,1702072954524,918,0.17724
GRTUSDT,BUY,LIMIT,1702075536518,15122,0.17676
GRTUSDT,BUY,LIMIT,1702078502987,36,0.17694
GRTUSDT,BUY,LIMIT,1702078943204,1315,0.17716
GRTUSDT,BUY,LIMIT,1702080256653,300,0.17721
GRTUSDT,BUY,LIMIT,1702080429387,34,0.17755
GRTUSDT,BUY,LIMIT,1702081491640,35,0.17777
GRTUSDT,BUY,LIMIT,1702081761159,1922,0.17804
GRTUSDT,BUY,LIMIT,1702082792881,57,0.17949
GRTUSDT,BUY,LIMIT,1702082840533,2593,0.17955
GRTUSDT,BUY,LIMIT,1702082843509,1338,0.17960
GRTUSDT,BUY,LIMIT,1702082859698,40456,0.18022
GRTUSDT,BUY,LIMIT,1702082879397,263,0.17997
GRTUSDT,BUY,LIMIT,1702082921289,30,0.18021
GRTUSDT,SELL,LIMIT,1702084048774,19066,0.17219
GRTUSDT,SELL,LIMIT,1702084075919,938,0.17209
GRTUSDT,SELL,LIMIT,1702084089255,700,0.17188
GRTUSDT,SELL,LIMIT,1702095375342,289,0.17149
GRTUSDT,BUY,LIMIT,1702097682389,2890,0.17875
GRTUSDT,BUY,LIMIT,1702098053187,198,0.17953
GRTUSDT,BUY,LIMIT,1702099041040,2330,0.17864
GRTUSDT,SELL,LIMIT,1702101467614,541,0.17169
GRTUSDT,BUY,LIMIT,1702102150362,200,0.17751
GRTUSDT,BUY,LIMIT,1702103091595,241,0.17709
GRTUSDT,BUY,LIMIT,1702104961091,1140,0.17652
GRTUSDT,BUY,LIMIT,1702105637189,114,0.17692
GRTUSDT,BUY,LIMIT,1702107984470,687,0.17775
GRTUSDT,BUY,LIMIT,1702107997000,115,0.17785
GRTUSDT,BUY,LIMIT,1702108074303,113,0.17810
GRTUSDT,BUY,LIMIT,1702108208749,181,0.17838
GRTUSDT,BUY,LIMIT,1702109211293,194,0.17839
GRTUSDT,SELL,LIMIT,1702109590593,170,0.17273
GRTUSDT,BUY,LIMIT,1702109762377,963,0.17819
GRTUSDT,BUY,LIMIT,1702110236292,1600,0.17814
GRTUSDT,SELL,LIMIT,1702110712063,12051,0.17281
GRTUSDT,SELL,LIMIT,1702110849713,324,0.17218
GRTUSDT,SELL,LIMIT,1702110909857,1374,0.17074
GRTUSDT,SELL,LIMIT,1702110911118,111,0.17062
GRTUSDT,SELL,LIMIT,1702110980462,1286,0.16947
GRTUSDT,SELL,LIMIT,1702110982018,732,0.16921
GRTUSDT,SELL,LIMIT,1702110983171,1000,0.16955
GRTUSDT,SELL,LIMIT,1702111034915,560,0.16887
GRTUSDT,SELL,LIMIT,1702111036563,398,0.16873
GRTUSDT,SELL,LIMIT,1702111040450,2842,0.16818
GRTUSDT,SELL,LIMIT,1702111041837,4933,0.16815
GRTUSDT,SELL,LIMIT,1702111044100,48808,0.16723
GRTUSDT,SELL,LIMIT,1702111046092,2913,0.16790
GRTUSDT,SELL,LIMIT,1702111377049,4721,0.16778
GRTUSDT,SELL,LIMIT,1702111380438,1453,0.16757
GRTUSDT,SELL,LIMIT,1702111383722,388,0.16738
GRTUSDT,SELL,LIMIT,1702111386142,282,0.16730
GRTUSDT,SELL,LIMIT,1702111387962,3978,0.16695
GRTUSDT,SELL,LIMIT,1702115031312,32,0.17119
GRTUSDT,SELL,LIMIT,1702115638388,12784,0.17057
GRTUSDT,SELL,LIMIT,1702117484264,11108,0.17003
GRTUSDT,SELL,LIMIT,1702117665725,300,0.16986
GRTUSDT,SELL,LIMIT,1702121361835,126,0.16970
GRTUSDT,SELL,LIMIT,1702122294663,3590,0.16946
GRTUSDT,SELL,LIMIT,1702122307229,5701,0.16939
GRTUSDT,SELL,LIMIT,1702122327771,8553,0.16920
GRTUSDT,BUY,LIMIT,1702123618986,994,0.17562
GRTUSDT,BUY,LIMIT,1702123996029,716,0.17584
GRTUSDT,SELL,LIMIT,1702124276606,32,0.16961
GRTUSDT,SELL,LIMIT,1702124762088,130,0.16865
GRTUSDT,BUY,LIMIT,1702127357704,1723,0.17540
GRTUSDT,BUY,LIMIT,1702129622415,31,0.17561
GRTUSDT,BUY,LIMIT,1702129659064,3114,0.17574
GRTUSDT,BUY,LIMIT,1702129678755,111,0.17585
GRTUSDT,BUY,LIMIT,1702130365079,114,0.17613
GRTUSDT,SELL,LIMIT,1702132706547,588,0.17084
GRTUSDT,SELL,LIMIT,1702133000850,254,0.16906
GRTUSDT,SELL,LIMIT,1702133003482,38,0.16894
GRTUSDT,SELL,LIMIT,1702133006143,1389,0.16884
GRTUSDT,SELL,LIMIT,1702133007416,85,0.16865
GRTUSDT,SELL,LIMIT,1702133008794,895,0.16854
GRTUSDT,SELL,LIMIT,1702133345580,193,0.16845
GRTUSDT,SELL,LIMIT,1702133399467,28483,0.16832
