Symbol,Side,Order Type,Time,Quantity,Price
GRTUSDT,BUY,LIMIT,1700846272140,105,0.15325
GRTUSDT,BUY,LIMIT,1700847533317,551,0.15367
GRTUSDT,SELL,LIMIT,1700847894906,33054,0.14819
GRTUSDT,SELL,LIMIT,1700848857716,2435,0.14867
GRTUSDT,SELL,LIMIT,1700849746942,6631,0.14780
GRTUSDT,SELL,LIMIT,1700849749274,77,0.14777
GRTUSDT,SELL,LIMIT,1700851093864,7137,0.14806
GRTUSDT,SELL,LIMIT,1700852977162,3824,0.14822
GRTUSDT,SELL,LIMIT,1700856896974,32849,0.14879
GRTUSDT,SELL,LIMIT,1700857091563,964,0.14838
GRTUSDT,SELL,LIMIT,1700857196730,1000,0.14833
GRTUSDT,BUY,LIMIT,1700859359181,5666,0.15424
GRTUSDT,BUY,LIMIT,1700859362259,4338,0.15449
GRTUSDT,BUY,LIMIT,1700859363370,66,0.15435
GRTUSDT,BUY,LIMIT,1700861981421,5806,0.15542
GRTUSDT,BUY,LIMIT,1700862339606,149,0.15556
GRTUSDT,BUY,LIMIT,1700862537268,1414,0.15583
GRTUSDT,BUY,LIMIT,1700862548074,3253,0.15601
GRTUSDT,BUY,LIMIT,1700862577451,24897,0.15628
GRTUSDT,BUY,LIMIT,1700862765787,4758,0.15650
GRTUSDT,BUY,LIMIT,1700862858584,134,0.15667
GRTUSDT,BUY,LIMIT,1700863638720,787,0.15671
GRTUSDT,BUY,LIMIT,1700863689567,81,0.15690
GRTUSDT,BUY,LIMIT,1700863693691,1336,0.15709
GRTUSDT,BUY,LIMIT,1700863696238,716,0.15712
GRTUSDT,SELL,LIMIT,1700863949959,7379,0.15126
GRTUSDT,SELL,LIMIT,1700863963261,2243,0.15103
GRTUSDT,BUY,LIMIT,1700864204734,114,0.15721
GRTUSDT,SELL,LIMIT,1700864659820,4880,0.15111
GRTUSDT,SELL,LIMIT,1700864749087,2964,0.15096
GRTUSDT,BUY,LIMIT,1700865116315,1725,0.15652
GRTUSDT,SELL,LIMIT,1700866031662,2888,0.15161
GRTUSDT,SELL,LIMIT,1700866037263,5116,0.15156
GRTUSDT,SELL,LIMIT,1700866082896,2003,0.15148
GRTUSDT,SELL,LIMIT,1700866540867,641,0.15092
GRTUSDT,SELL,LIMIT,1700866600582,32337,0.15069
GRTUSDT,SELL,LIMIT,1700866602293,1738,0.15068
GRTUSDT,SELL,LIMIT,1700866697772,268,0.15058
GRTUSDT,SELL,LIMIT,1700866862280,2666,0.14992
GRTUSDT,SELL,LIMIT,1700866993234,581,0.14969
GRTUSDT,SELL,LIMIT,1700866994775,11516,0.14964
GRTUSDT,SELL,LIMIT,1700867302461,1141,0.14937
GRTUSDT,SELL,LIMIT,1700867341173,7190,0.14932
GRTUSDT,SELL,LIMIT,1700867348823,655,0.14925
GRTUSDT,SELL,LIMIT,1700867689534,60000,0.14853
GRTUSDT,BUY,LIMIT,1700868633158,2186,0.15552
GRTUSDT,BUY,LIMIT,1700870292554,401,0.15648
GRTUSDT,SELL,LIMIT,1700870640424,185,0.15090
GRTUSDT,SELL,LIMIT,1700870645278,25769,0.15120
GRTUSDT,BUY,LIMIT,1700871936036,500,0.15583
GRTUSDT,BUY,LIMIT,1700873020569,1542,0.15693
GRTUSDT,BUY,LIMIT,1700873170155,591,0.15733
GRTUSDT,BUY,LIMIT,1700873172251,1164,0.15738
GRTUSDT,BUY,LIMIT,1700873173994,145,0.15757
GRTUSDT,BUY,LIMIT,1700873174997,38253,0.15794
GRTUSDT,BUY,LIMIT,1700873202252,806,0.15780
GRTUSDT,BUY,LIMIT,1700873203372,160,0.15799
GRTUSDT,BUY,LIMIT,1700873206429,681,0.15802
GRTUSDT,BUY,LIMIT,1700873210378,6517,0.15805
GRTUSDT,BUY,LIMIT,1700873211749,7758,0.15810
GRTUSDT,BUY,LIMIT,1700873219989,115,0.15815
GRTUSDT,BUY,LIMIT,1700873296433,16823,0.15843
GRTUSDT,BUY,LIMIT,1700873297720,28203,0.15844
GRTUSDT,BUY,LIMIT,1700873310660,7589,0.15844
GRTUSDT,BUY,LIMIT,1700873325703,363,0.15850
GRTUSDT,BUY,LIMIT,1700873331902,34999,0.15872
GRTUSDT,BUY,LIMIT,1700873403429,260,0.15866
GRTUSDT,BUY,LIMIT,1700873408330,19994,0.15873
GRTUSDT,BUY,LIMIT,1700873486453,73745,0.15965
GRTUSDT,BUY,LIMIT,1700873488072,41410,0.15935
GRTUSDT,BUY,LIMIT,1700873554795,794,0.15910
GRTUSDT,BUY,LIMIT,1700873697268,3384,0.15913
GRTUSDT,BUY,LIMIT,1700873698387,264,0.15931
GRTUSDT,BUY,LIMIT,1700873717957,3711,0.15949
GRTUSDT,BUY,LIMIT,1700873719225,160,0.15956
GRTUSDT,BUY,LIMIT,1700873751169,34,0.15964
GRTUSDT,BUY,LIMIT,1700873781683,4728,0.15980
GRTUSDT,BUY,LIMIT,1700873784848,501,0.15985
GRTUSDT,SELL,LIMIT,1700874097117,2713,0.15414
GRTUSDT,BUY,LIMIT,1700874982938,100,0.15943
GRTUSDT,BUY,LIMIT,1700875083375,344,0.15960
GRTUSDT,BUY,LIMIT,1700875376974,1,0.15913
GRTUSDT,BUY,LIMIT,1700875918383,8485,0.16017
GRTUSDT,BUY,LIMIT,1700875964241,39,0.16053
GRTUSDT,BUY,LIMIT,1700875968129,2623,0.16065
GRTUSDT,BUY,LIMIT,1700875972447,1511,0.16072
GRTUSDT,BUY,LIMIT,1700876003174,5054,0.16079
GRTUSDT,BUY,LIMIT,1700876004263,332,0.16075
GRTUSDT,BUY,LIMIT,1700876097090,6709,0.16082
GRTUSDT,BUY,LIMIT,1700876110026,2607,0.16100
GRTUSDT,BUY,LIMIT,1700876125980,1694,0.16111
GRTUSDT,BUY,LIMIT,1700876151199,7935,0.16122
GRTUSDT,BUY,LIMIT,1700876172693,3880,0.16139
GRTUSDT,BUY,LIMIT,1700876174961,189,0.16149
GRTUSDT,BUY,LIMIT,1700876187486,6795,0.16163
GRTUSDT,BUY,LIMIT,1700876202341,3420,0.16168
GRTUSDT,BUY,LIMIT,1700876353592,5458,0.16175
GRTUSDT,BUY,LIMIT,1700876359279,1347,0.16186
GRTUSDT,BUY,LIMIT,1700876399097,324,0.16205
GRTUSDT,BUY,LIMIT,1700876414212,793,0.16211
GRTUSDT,BUY,LIMIT,1700876455057,942,0.16237
GRTUSDT,BUY,LIMIT,1700876456327,4929,0.16238
GRTUSDT,BUY,LIMIT,1700876474560,204,0.16242
GRTUSDT,BUY,LIMIT,1700876481524,7446,0.16257
GRTUSDT,BUY,LIMIT,1700876491172,636,0.16274
GRTUSDT,BUY,LIMIT,1700876493647,142,0.16278
GRTUSDT,BUY,LIMIT,1700876494883,2970,0.16286
GRTUSDT,BUY,LIMIT,1700876550388,642,0.16329
GRTUSDT,BUY,LIMIT,1700876551442,790,0.16329
GRTUSDT,BUY,LIMIT,1700876559246,5000,0.16336
GRTUSDT,BUY,LIMIT,1700876560724,12857,0.16344
GRTUSDT,BUY,LIMIT,1700876615116,116,0.16358
GRTUSDT,BUY,LIMIT,1700876617067,79,0.16374
GRTUSDT,BUY,LIMIT,1700876620079,741,0.16382
GRTUSDT,BUY,LIMIT,1700876898678,141,0.16390
GRTUSDT,BUY,LIMIT,1700876899736,83,0.16396
GRTUSDT,SELL,LIMIT,1700877070940,2352,0.15745
GRTUSDT,BUY,LIMIT,1700877132555,73,0.16325
GRTUSDT,BUY,LIMIT,1700877609938,11998,0.16289
GRTUSDT,SELL,LIMIT,1700878612947,1712,0.15714
GRTUSDT,SELL,LIMIT,1700878833099,354,0.15667
GRTUSDT,BUY,LIMIT,1700881969853,11953,0.16236
GRTUSDT,SELL,LIMIT,1700883680324,4637,0.15659
GRTUSDT,SELL,LIMIT,1700883708068,10323,0.15645
GRTUSDT,SELL,LIMIT,1700884149904,259,0.15621
GRTUSDT,BUY,LIMIT,1700885361857,199,0.16294
GRTUSDT,SELL,LIMIT,1700887043854,469,0.15651
GRTUSDT,SELL,LIMIT,1700887097176,3000,0.15621
GRTUSDT,SELL,LIMIT,1700887471984,321,0.15603
GRTUSDT,SELL,LIMIT,1700887649861,2482,0.15570
GRTUSDT,SELL,LIMIT,1700887661184,31484,0.15564
GRTUSDT,SELL,LIMIT,1700888852188,458,0.15539
GRTUSDT,SELL,LIMIT,1700896549517,4810,0.15458
GRTUSDT,SELL,LIMIT,1700896679047,128,0.15429
GRTUSDT,SELL,LIMIT,1700897953456,2747,0.15346
GRTUSDT,SELL,LIMIT,1700899420512,58,0.15305
GRTUSDT,SELL,LIMIT,1700901379861,382,0.15265
GRTUSDT,SELL,LIMIT,1700901533591,32144,0.15250
GRTUSDT,SELL,LIMIT,1700901558461,199,0.15245
GRTUSDT,SELL,LIMIT,1700901682164,92,0.15241
GRTUSDT,SELL,LIMIT,1700904771285,106,0.15220
GRTUSDT,SELL,LIMIT,1700905133391,945,0.15211
GRTUSDT,SELL,LIMIT,1700905202259,1315,0.15175
GRTUSDT,SELL,LIMIT,1700905262425,1046,0.15160
GRTUSDT,SELL,LIMIT,1700905285723,3118,0.15151
GRTUSDT,SELL,LIMIT,1700906540984,21593,0.15141
GRTUSDT,SELL,LIMIT,1700906544240,3918,0.15131
GRTUSDT,SELL,LIMIT,1700906563381,336,0.15125
GRTUSDT,SELL,LIMIT,1700911147252,191,0.15078
GRTUSDT,SELL,LIMIT,1700911227801,158,0.15085
GRTUSDT,SELL,LIMIT,1700912171868,3969,0.15041
GRTUSDT,SELL,LIMIT,1700912185176,53630,0.14969
GRTUSDT,SELL,LIMIT,1700912187207,32181,0.15016
GRTUSDT,SELL,LIMIT,1700912260884,5396,0.15008
GRTUSDT,SELL,LIMIT,1700912284347,2379,0.14997
GRTUSDT,SELL,LIMIT,1700912294271,2688,0.14994
GRTUSDT,SELL,LIMIT,1700912316035,591,0.14978
GRTUSDT,SELL,LIMIT,1700912350826,127,0.14960
GRTUSDT,SELL,LIMIT,1700912387651,834,0.14950
GRTUSDT,SELL,LIMIT,1700912423295,25256,0.14941
GRTUSDT,SELL,LIMIT,1700912510853,2996,0.14923
GRTUSDT,SELL,LIMIT,1700912655364,3608,0.14894
GRTUSDT,SELL,LIMIT,1700912667933,933,0.14890
GRTUSDT,BUY,LIMIT,1700914154069,328,0.15526
GRTUSDT,BUY,LIMIT,1700914686995,11516,0.15537
GRTUSDT,BUY,LIMIT,1700916425495,70,0.15508
GRTUSDT,SELL,LIMIT,1700918583708,1057,0.14982
GRTUSDT,SELL,LIMIT,1700921174976,2129,0.14930
GRTUSDT,SELL,LIMIT,1700923579980,32901,0.14891
GRTUSDT,SELL,LIMIT,1700924923404,1099,0.14874
GRTUSDT,SELL,LIMIT,1700925224161,230,0.14863
GRTUSDT,SELL,LIMIT,1700925233887,10154,0.14861
GRTUSDT,SELL,LIMIT,1700925595822,71,0.14835
GRTUSDT,SELL,LIMIT,1700925612793,3897,0.14835
GRTUSDT,SELL,LIMIT,1700925629717,7810,0.14821
GRTUSDT,SELL,LIMIT,1700925668209,3364,0.14801
GRTUSDT,SELL,LIMIT,1700926764310,419,0.14795
GRTUSDT,BUY,LIMIT,1700927796322,2801,0.15314
GRTUSDT,BUY,LIMIT,1700927879096,1662,0.15325
GRTUSDT,BUY,LIMIT,1700928748637,48,0.15454
GRTUSDT,BUY,LIMIT,1700929081688,1181,0.15481
GRTUSDT,SELL,LIMIT,1700930055479,218,0.14961
GRTUSDT,SELL,LIMIT,1700936004520,13888,0.14892
GRTUSDT,SELL,LIMIT,1700936006910,19573,0.14886
GRTUSDT,BUY,LIMIT,1700937181896,700,0.15389
GRTUSDT,BUY,LIMIT,1700937396773,9641,0.15419
