Symbol,Side,Order Type,Time,Quantity,Price
GRTUSDT,BUY,LIMIT,1700846272140,105,0.15325
GRTUSDT,BUY,LIMIT,1700847533317,551,0.15367
GRTUSDT,SELL,LIMIT,1700847894906,33054,0.14819
GRTUSDT,SELL,LIMIT,1700848857716,2435,0.14867
GRTUSDT,SELL,LIMIT,1700849746942,6631,0.14780
GRTUSDT,SELL,LIMIT,1700849749274,77,0.14777
GRTUSDT,SELL,LIMIT,1700851093864,7137,0.14806
GRTUSDT,SELL,LIMIT,1700852977162,3824,0.14822
GRTUSDT,SELL,LIMIT,1700856896974,32849,0.14879
GRTUSDT,SELL,LIMIT,1700857091563,964,0.14838
GRTUSDT,SELL,LIMIT,1700857196730,1000,0.14833
GRTUSDT,BUY,LIMIT,1700859359181,5666,0.15424
GRTUSDT,BUY,LIMIT,1700859362259,4338,0.15449
GRTUSDT,BUY,LIMIT,1700859363370,66,0.15435
GRTUSDT,BUY,LIMIT,1700861981421,5806,0.15542
GRTUSDT,BUY,LIMIT,1700862339606,149,0.15556
GRTUSDT,BUY,LIMIT,1700862537268,1414,0.15583
GRTUSDT,BUY,LIMIT,1700862548074,3253,0.15601
GRTUSDT,BUY,LIMIT,1700862577451,24897,0.15628
GRTUSDT,BUY,LIMIT,1700862765787,4758,0.15650
GRTUSDT,BUY,LIMIT,1700862858584,134,0.15667
GRTUSDT,BUY,LIMIT,1700863638720,787,0.15671
GRTUSDT,BUY,LIMIT,1700863689567,81,0.15690
GRTUSDT,BUY,LIMIT,1700863693691,1336,0.15709
GRTUSDT,BUY,LIMIT,1700863696238,716,0.15712
GRTUSDT,SELL,LIMIT,1700863949959,7379,0.15126
GRTUSDT,SELL,LIMIT,1700863963261,2243,0.15103
GRTUSDT,BUY,LIMIT,1700864204734,114,0.15721
GRTUSDT,SELL,LIMIT,1700864659820,4880,0.15111
GRTUSDT,SELL,LIMIT,1700864749087,2964,0.15096
GRTUSDT,BUY,LIMIT,1700865116315,1725,0.15652
GRTUSDT,SELL,LIMIT,1700866031662,2888,0.15161
GRTUSDT,SELL,LIMIT,1700866037263,5116,0.15156
GRTUSDT,SELL,LIMIT,1700866082896,2003,0.15148
GRTUSDT,SELL,LIMIT,1700866540867,641,0.15092
GRTUSDT,SELL,LIMIT,1700866600582,32337,0.15069
GRTUSDT,SELL,LIMIT,1700866602293,1738,0.15068
GRTUSDT,SELL,LIMIT,1700866697772,268,0.15058
GRTUSDT,SELL,LIMIT,1700866862280,2666,0.14992
GRTUSDT,SELL,LIMIT,1700866993234,581,0.14969
GRTUSDT,SELL,LIMIT,1700866994775,11516,0.14964
GRTUSDT,SELL,LIMIT,1700867302461,1141,0.14937
GRTUSDT,SELL,LIMIT,1700867341173,7190,0.14932
GRTUSDT,SELL,LIMIT,1700867348823,655,0.14925
GRTUSDT,SELL,LIMIT,1700867689534,60000,0.14853
GRTUSDT,BUY,LIMIT,1700868633158,2186,0.15552
GRTUSDT,BUY,LIMIT,1700870292554,401,0.15648
GRTUSDT,SELL,LIMIT,1700870640424,185,0.15090
GRTUSDT,SELL,LIMIT,1700870645278,25769,0.15120
GRTUSDT,BUY,LIMIT,1700871936036,500,0.15583
GRTUSDT,BUY,LIMIT,1700873020569,1542,0.15693
GRTUSDT,BUY,LIMIT,1700873170155,591,0.15733
GRTUSDT,BUY,LIMIT,1700873172251,1164,0.15738
GRTUSDT,BUY,LIMIT,1700873173994,145,0.15757
GRTUSDT,BUY,LIMIT,1700873174997,38253,0.15794
GRTUSDT,BUY,LIMIT,1700873202252,806,0.15780
GRTUSDT,BUY,LIMIT,1700873203372,160,0.15799
GRTUSDT,BUY,LIMIT,1700873206429,681,0.15802
GRTUSDT,BUY,LIMIT,1700873210378,6517,0.15805
GRTUSDT,BUY,LIMIT,1700873211749,7758,0.15810
GRTUSDT,BUY,LIMIT,1700873219989,115,0.15815
GRTUSDT,BUY,LIMIT,1700873296433,16823,0.15843
GRTUSDT,BUY,LIMIT,1700873297720,28203,0.15844
GRTUSDT,BUY,LIMIT,1700873310660,7589,0.15844
GRTUSDT,BUY,LIMIT,1700873325703,363,0.15850
GRTUSDT,BUY,LIMIT,1700873331902,34999,0.15872
GRTUSDT,BUY,LIMIT,1700873403429,260,0.15866
GRTUSDT,BUY,LIMIT,1700873408330,19994,0.15873
GRTUSDT,BUY,LIMIT,1700873486453,73745,0.15965
GRTUSDT,BUY,LIMIT,1700873488072,41410,0.15935
GRTUSDT,BUY,LIMIT,1700873554795,794,0.15910
GRTUSDT,BUY,LIMIT,1700873697268,3384,0.15913
GRTUSDT,BUY,LIMIT,1700873698387,264,0.15931
GRTUSDT,BUY,LIMIT,1700873717957,3711,0.15949
GRTUSDT,BUY,LIMIT,1700873719225,160,0.15956
GRTUSDT,BUY,LIMIT,1700873751169,34,0.15964
GRTUSDT,BUY,LIMIT,1700873781683,4728,0.15980
GRTUSDT,BUY,LIMIT,1700873784848,501,0.15985
GRTUSDT,SELL,LIMIT,1700874097117,2713,0.15414
GRTUSDT,BUY,LIMIT,1700874982938,100,0.15943
GRTUSDT,BUY,LIMIT,1700875083375,344,0.15960
GRTUSDT,BUY,LIMIT,1700875376974,1,0.15913
GRTUSDT,BUY,LIMIT,1700875918383,8485,0.16017
GRTUSDT,BUY,LIMIT,1700875964241,39,0.16053
GRTUSDT,BUY,LIMIT,1700875968129,2623,0.16065
GRTUSDT,BUY,LIMIT,1700875972447,1511,0.16072
GRTUSDT,BUY,LIMIT,1700876003174,5054,0.16079
GRTUSDT,BUY,LIMIT,1700876004263,332,0.16075
GRTUSDT,BUY,LIMIT,1700876097090,6709,0.16082
GRTUSDT,BUY,LIMIT,1700876110026,2607,0.16100
GRTUSDT,BUY,LIMIT,1700876125980,1694,0.16111
GRTUSDT,BUY,LIMIT,1700876151199,7935,0.16122
GRTUSDT,BUY,LIMIT,1700876172693,3880,0.16139
GRTUSDT,BUY,LIMIT,1700876174961,189,0.16149
GRTUSDT,BUY,LIMIT,1700876187486,6795,0.16163
GRTUSDT,BUY,LIMIT,1700876202341,3420,0.16168
GRTUSDT,BUY,LIMIT,1700876353592,5458,0.16175
GRTUSDT,BUY,LIMIT,1700876359279,1347,0.16186
GRTUSDT,BUY,LIMIT,1700876399097,324,0.16205
GRTUSDT,BUY,LIMIT,1700876414212,793,0.16211
GRTUSDT,BUY,LIMIT,1700876455057,942,0.16237
GRTUSDT,BUY,LIMIT,1700876456327,4929,0.16238
GRTUSDT,BUY,LIMIT,1700876474560,204,0.16242
GRTUSDT,BUY,LIMIT,1700876481524,7446,0.16257
GRTUSDT,BUY,LIMIT,1700876491172,636,0.16274
GRTUSDT,BUY,LIMIT,1700876493647,142,0.16278
GRTUSDT,BUY,LIMIT,1700876494883,2970,0.16286
GRTUSDT,BUY,LIMIT,1700876550388,642,0.16329
GRTUSDT,BUY,LIMIT,1700876551442,790,0.16329
GRTUSDT,BUY,LIMIT,1700876559246,5000,0.16336
GRTUSDT,BUY,LIMIT,1700876560724,12857,0.16344
GRTUSDT,BUY,LIMIT,1700876615116,116,0.16358
GRTUSDT,BUY,LIMIT,1700876617067,79,0.16374
GRTUSDT,BUY,LIMIT,1700876620079,741,0.16382
GRTUSDT,BUY,LIMIT,1700876898678,141,0.16390
GRTUSDT,BUY,LIMIT,1700876899736,83,0.16396
GRTUSDT,SELL,LIMIT,1700877070940,2352,0.15745
GRTUSDT,BUY,LIMIT,1700877132555,73,0.16325
GRTUSDT,BUY,LIMIT,1700877609938,11998,0.16289
GRTUSDT,SELL,LIMIT,1700878612947,1712,0.15714
GRTUSDT,SELL,LIMIT,1700878833099,354,0.15667
GRTUSDT,BUY,LIMIT,1700881969853,11953,0.16236
