Symbol,Side,Order Type,Time,Quantity,Price
HBARUSDT,BUY,LIMIT,1701924005310,4693,0.06924
HBARUSDT,BUY,LIMIT,1701929832928,3377,0.06925
HBARUSDT,BUY,LIMIT,1701930584352,943,0.06942
HBARUSDT,SELL,LIMIT,1701936898950,13453,0.06678
HBARUSDT,SELL,LIMIT,1701937395267,3445,0.06653
HBARUSDT,SELL,LIMIT,1701937539153,3994,0.06647
HBARUSDT,SELL,LIMIT,1701937715658,5363,0.06640
HBARUSDT,SELL,LIMIT,1701939278261,2436,0.06631
HBARUSDT,SELL,LIMIT,1701939373126,3432,0.06619
HBARUSDT,SELL,LIMIT,1701939434640,7208,0.06612
HBARUSDT,SELL,LIMIT,1701939481981,5575,0.06610
HBARUSDT,SELL,LIMIT,1701939492306,1284,0.06600
HBARUSDT,SELL,LIMIT,1701939564188,542,0.06593
HBARUSDT,SELL,LIMIT,1701939987259,55824,0.06582
HBARUSDT,SELL,LIMIT,1701940414321,1068,0.06571
HBARUSDT,SELL,LIMIT,1701940544431,2558,0.06565
HBARUSDT,SELL,LIMIT,1701940548492,7313,0.06565
HBARUSDT,SELL,LIMIT,1701940556651,1606,0.06558
HBARUSDT,SELL,LIMIT,1701940562697,1569,0.06548
HBARUSDT,SELL,LIMIT,1701940568789,1398,0.06544
HBARUSDT,SELL,LIMIT,1701940671095,572,0.06546
HBARUSDT,SELL,LIMIT,1701940677839,18181,0.06539
HBARUSDT,SELL,LIMIT,1701941036326,16953,0.06535
HBARUSDT,SELL,LIMIT,1701941066675,42070,0.06527
HBARUSDT,SELL,LIMIT,1701941072818,76,0.06524
HBARUSDT,SELL,LIMIT,1701941074179,32316,0.06525
HBARUSDT,SELL,LIMIT,1701941185459,21755,0.06492
HBARUSDT,SELL,LIMIT,1701941187494,11914,0.06492
HBARUSDT,SELL,LIMIT,1701941190823,2726,0.06478
HBARUSDT,SELL,LIMIT,1701941238321,14872,0.06527
HBARUSDT,SELL,LIMIT,1701941245759,7768,0.06470
HBARUSDT,SELL,LIMIT,1701941248642,11695,0.06466
HBARUSDT,BUY,LIMIT,1701945492358,790,0.06791
HBARUSDT,BUY,LIMIT,1701950365106,28599,0.06812
HBARUSDT,BUY,LIMIT,1701951304082,257,0.06833
HBARUSDT,SELL,LIMIT,1701960052275,190,0.06631
HBARUSDT,BUY,LIMIT,1701962614368,336,0.06891
HBARUSDT,BUY,LIMIT,1701962843874,8000,0.06905
HBARUSDT,BUY,LIMIT,1701966211471,357,0.06974
HBARUSDT,BUY,LIMIT,1701967297220,89,0.06956
HBARUSDT,SELL,LIMIT,1701977167968,12092,0.06692
HBARUSDT,SELL,LIMIT,1701977287410,77,0.06683
HBARUSDT,SELL,LIMIT,1701978252559,2811,0.06659
HBARUSDT,SELL,LIMIT,1701978254648,78,0.06659
HBARUSDT,SELL,LIMIT,1701981606130,83,0.06698
HBARUSDT,BUY,LIMIT,1701982976803,276,0.06954
HBARUSDT,BUY,LIMIT,1701983136333,65495,0.06979
HBARUSDT,BUY,LIMIT,1701984196322,4324,0.07033
HBARUSDT,BUY,LIMIT,1701986963054,101,0.07011
HBARUSDT,SELL,LIMIT,1701988308129,418,0.06897
HBARUSDT,BUY,LIMIT,1701989989036,16757,0.07016
HBARUSDT,BUY,LIMIT,1702007011916,1236,0.07028
HBARUSDT,BUY,LIMIT,1702007430795,213,0.07026
HBARUSDT,SELL,LIMIT,1702011033438,74,0.06787
HBARUSDT,BUY,LIMIT,1702015863551,149,0.07013
HBARUSDT,SELL,LIMIT,1702020188813,378,0.06799
HBARUSDT,BUY,LIMIT,1702033908040,3276,0.07070
HBARUSDT,BUY,LIMIT,1702034772345,7818,0.07070
HBARUSDT,BUY,LIMIT,1702035162393,112,0.07127
HBARUSDT,SELL,LIMIT,1702040846872,4140,0.06876
HBARUSDT,SELL,LIMIT,1702042225831,28002,0.06881
HBARUSDT,SELL,LIMIT,1702044413557,71219,0.06844
HBARUSDT,SELL,LIMIT,1702044518538,2877,0.06830
HBARUSDT,BUY,LIMIT,1702046327449,293,0.07144
HBARUSDT,BUY,LIMIT,1702046381476,2926,0.07162
HBARUSDT,BUY,LIMIT,1702046599646,24738,0.07182
HBARUSDT,BUY,LIMIT,1702050317053,726,0.07205
HBARUSDT,BUY,LIMIT,1702051352414,1844,0.07253
HBARUSDT,BUY,LIMIT,1702051386125,75,0.07256
HBARUSDT,BUY,LIMIT,1702051390219,498,0.07261
HBARUSDT,BUY,LIMIT,1702051470982,825,0.07264
HBARUSDT,BUY,LIMIT,1702051729388,477,0.07280
HBARUSDT,BUY,LIMIT,1702051731109,4551,0.07280
HBARUSDT,BUY,LIMIT,1702051758251,1873,0.07286
HBARUSDT,BUY,LIMIT,1702052161448,725,0.07283
HBARUSDT,SELL,LIMIT,1702053658545,600,0.07070
HBARUSDT,BUY,LIMIT,1702053699699,1878,0.07295
HBARUSDT,BUY,LIMIT,1702053712700,567,0.07297
HBARUSDT,BUY,LIMIT,1702053719350,97,0.07298
HBARUSDT,BUY,LIMIT,1702057126678,3650,0.07251
HBARUSDT,BUY,LIMIT,1702064007054,63512,0.07271
HBARUSDT,BUY,LIMIT,1702065231459,13199,0.07352
HBARUSDT,BUY,LIMIT,1702065241248,32721,0.07354
HBARUSDT,BUY,LIMIT,1702065243183,33806,0.07357
HBARUSDT,BUY,LIMIT,1702065377377,11111,0.07368
HBARUSDT,BUY,LIMIT,1702065556776,12844,0.07381
HBARUSDT,BUY,LIMIT,1702065735431,9946,0.07384
HBARUSDT,BUY,LIMIT,1702065777682,61,0.07388
HBARUSDT,BUY,LIMIT,1702065893816,32323,0.07408
HBARUSDT,BUY,LIMIT,1702066048414,12,0.07419
HBARUSDT,BUY,LIMIT,1702066198034,19863,0.07431
HBARUSDT,SELL,LIMIT,1702067590379,20475,0.07205
HBARUSDT,BUY,LIMIT,1702068054512,89,0.07457
HBARUSDT,BUY,LIMIT,1702068084934,250,0.07463
HBARUSDT,BUY,LIMIT,1702068133998,181,0.07467
HBARUSDT,BUY,LIMIT,1702068186333,69613,0.07475
HBARUSDT,BUY,LIMIT,1702068188753,325,0.07475
HBARUSDT,BUY,LIMIT,1702068687784,4331,0.07493
HBARUSDT,BUY,LIMIT,1702068795526,494,0.07500
HBARUSDT,BUY,LIMIT,1702068838494,32051,0.07506
HBARUSDT,BUY,LIMIT,1702068840996,139,0.07509
HBARUSDT,BUY,LIMIT,1702068844671,237,0.07512
HBARUSDT,BUY,LIMIT,1702068849700,897,0.07518
HBARUSDT,BUY,LIMIT,1702068854846,1208,0.07525
HBARUSDT,BUY,LIMIT,1702068990699,9657,0.07530
HBARUSDT,BUY,LIMIT,1702069036130,418,0.07534
HBARUSDT,BUY,LIMIT,1702069246672,77453,0.07556
HBARUSDT,BUY,LIMIT,1702069319349,5914,0.07540
HBARUSDT,BUY,LIMIT,1702073755080,8393,0.07556
HBARUSDT,BUY,LIMIT,1702073994226,6530,0.07565
HBARUSDT,BUY,LIMIT,1702074083286,12658,0.07578
HBARUSDT,BUY,LIMIT,1702074102130,12789,0.07590
HBARUSDT,BUY,LIMIT,1702078502987,86,0.07581
HBARUSDT,BUY,LIMIT,1702081558377,1268,0.07538
HBARUSDT,BUY,LIMIT,1702081635436,900,0.07531
HBARUSDT,BUY,LIMIT,1702082647528,20381,0.07597
HBARUSDT,BUY,LIMIT,1702088725604,10000,0.07611
HBARUSDT,BUY,LIMIT,1702089589874,182,0.07637
HBARUSDT,BUY,LIMIT,1702089634402,4257,0.07639
HBARUSDT,BUY,LIMIT,1702089649653,5960,0.07644
HBARUSDT,BUY,LIMIT,1702089653403,36840,0.07647
HBARUSDT,BUY,LIMIT,1702089669968,18608,0.07653
HBARUSDT,BUY,LIMIT,1702089708532,340,0.07667
HBARUSDT,BUY,LIMIT,1702089717043,19500,0.07680
HBARUSDT,BUY,LIMIT,1702089718291,679,0.07681
HBARUSDT,BUY,LIMIT,1702089719551,6719,0.07695
HBARUSDT,BUY,LIMIT,1702089846521,1948,0.07708
HBARUSDT,BUY,LIMIT,1702093136053,6633,0.07703
HBARUSDT,BUY,LIMIT,1702096061680,28519,0.07709
HBARUSDT,BUY,LIMIT,1702096124528,532,0.07719
HBARUSDT,BUY,LIMIT,1702098309271,53,0.07748
HBARUSDT,BUY,LIMIT,1702099012246,49554,0.07753
HBARUSDT,SELL,LIMIT,1702099241657,65487,0.07485
HBARUSDT,BUY,LIMIT,1702103212393,2347,0.07747
HBARUSDT,BUY,LIMIT,1702103397147,123403,0.07771
HBARUSDT,BUY,LIMIT,1702104630560,32530,0.07759
HBARUSDT,SELL,LIMIT,1702106430808,66,0.07487
HBARUSDT,BUY,LIMIT,1702106865557,491,0.07721
HBARUSDT,BUY,LIMIT,1702107978162,658,0.07753
HBARUSDT,BUY,LIMIT,1702108941255,67647,0.07757
HBARUSDT,BUY,LIMIT,1702109181350,934,0.07786
HBARUSDT,BUY,LIMIT,1702109244834,887,0.07779
HBARUSDT,BUY,LIMIT,1702110686107,545,0.07756
HBARUSDT,SELL,LIMIT,1702110882269,6517,0.07477
HBARUSDT,SELL,LIMIT,1702110970061,74,0.07441
HBARUSDT,SELL,LIMIT,1702110983332,7780,0.07420
HBARUSDT,SELL,LIMIT,1702111034185,1893,0.07361
HBARUSDT,SELL,LIMIT,1702111038681,200,0.07356
HBARUSDT,SELL,LIMIT,1702111387791,3179,0.07336
HBARUSDT,SELL,LIMIT,1702112299611,1046,0.07396
HBARUSDT,SELL,LIMIT,1702114691092,66279,0.07392
HBARUSDT,SELL,LIMIT,1702115028442,360,0.07371
HBARUSDT,BUY,LIMIT,1702123587153,12534,0.07734
HBARUSDT,BUY,LIMIT,1702126029633,9323,0.07794
HBARUSDT,SELL,LIMIT,1702128192218,25666,0.07506
HBARUSDT,SELL,LIMIT,1702129123179,260,0.07492
HBARUSDT,SELL,LIMIT,1702132660186,440,0.07511
HBARUSDT,SELL,LIMIT,1702132670115,65393,0.07496
HBARUSDT,SELL,LIMIT,1702132671606,13303,0.07491
HBARUSDT,SELL,LIMIT,1702132994373,1127,0.07459
HBARUSDT,SELL,LIMIT,1702133036481,1520,0.07421
HBARUSDT,SELL,LIMIT,1702133395135,5000,0.07413
HBARUSDT,SELL,LIMIT,1702139008152,1000,0.07488
HBARUSDT,SELL,LIMIT,1702139016109,866,0.07486
HBARUSDT,SELL,LIMIT,1702139279009,5661,0.07445
HBARUSDT,BUY,LIMIT,1702141102947,8336,0.07754
HBARUSDT,SELL,LIMIT,1702141547112,75,0.07469
HBARUSDT,SELL,LIMIT,1702141694218,845,0.07432
HBARUSDT,SELL,LIMIT,1702145023071,755,0.07382
HBARUSDT,BUY,LIMIT,1702145288111,11846,0.07651
HBARUSDT,BUY,LIMIT,1702146329906,11695,0.07691
HBARUSDT,BUY,LIMIT,1702146354582,225,0.07701
HBARUSDT,BUY,LIMIT,1702146644901,5308,0.07710
HBARUSDT,BUY,LIMIT,1702146646612,9966,0.07711
HBARUSDT,BUY,LIMIT,1702150546171,1250,0.07826
HBARUSDT,BUY,LIMIT,1702150560416,2662,0.07843
HBARUSDT,BUY,LIMIT,1702150798957,7796,0.07851
HBARUSDT,BUY,LIMIT,1702151249848,143,0.07869
HBARUSDT,SELL,LIMIT,1702151485616,5732,0.07582
HBARUSDT,SELL,LIMIT,1702153846262,7191,0.07492
HBARUSDT,BUY,LIMIT,1702159941240,7640,0.07749
HBARUSDT,SELL,LIMIT,1702164204825,64700,0.07397
HBARUSDT,SELL,LIMIT,1702164533338,7273,0.07366
HBARUSDT,SELL,LIMIT,1702164540192,613,0.07361
HBARUSDT,SELL,LIMIT,1702164541431,3665,0.07358
HBARUSDT,SELL,LIMIT,1702164543289,189,0.07343
HBARUSDT,SELL,LIMIT,1702164747650,11339,0.07336
HBARUSDT,SELL,LIMIT,1702164750758,2798,0.07334
HBARUSDT,SELL,LIMIT,1702164752858,114,0.07318
HBARUSDT,SELL,LIMIT,1702164799765,8272,0.07312
HBARUSDT,SELL,LIMIT,1702164800897,6832,0.07308
HBARUSDT,SELL,LIMIT,1702164805516,22226,0.07291
HBARUSDT,SELL,LIMIT,1702164806691,55243,0.07275
HBARUSDT,SELL,LIMIT,1702164808243,68,0.07280
HBARUSDT,SELL,LIMIT,1702166139448,1,0.07312
HBARUSDT,SELL,LIMIT,1702174376107,26150,0.07438
HBARUSDT,SELL,LIMIT,1702174378262,5325,0.07438
HBARUSDT,SELL,LIMIT,1702176559804,249,0.07436
HBARUSDT,SELL,LIMIT,1702177029869,9422,0.07418
HBARUSDT,SELL,LIMIT,1702178238146,6399,0.07402
HBARUSDT,SELL,LIMIT,1702190122613,200,0.07402
HBARUSDT,SELL,LIMIT,1702192234720,1825,0.07385
HBARUSDT,SELL,LIMIT,1702192696540,2713,0.07371
HBARUSDT,SELL,LIMIT,1702192767330,701,0.07353
HBARUSDT,SELL,LIMIT,1702195937955,128,0.07322
HBARUSDT,SELL,LIMIT,1702196344288,1370,0.07301
HBARUSDT,SELL,LIMIT,1702197042628,222,0.07270
HBARUSDT,SELL,LIMIT,1702197053441,130,0.07268
HBARUSDT,SELL,LIMIT,1702197083413,26167,0.07263
HBARUSDT,SELL,LIMIT,1702197086981,19052,0.07260
HBARUSDT,SELL,LIMIT,1702197093105,1600,0.07257
HBARUSDT,SELL,LIMIT,1702197095348,2064,0.07248
HBARUSDT,SELL,LIMIT,1702200307297,65321,0.07234
HBARUSDT,SELL,LIMIT,1702200315936,910,0.07233
HBARUSDT,SELL,LIMIT,1702200326558,47756,0.07225
HBARUSDT,SELL,LIMIT,1702200331428,580,0.07219
HBARUSDT,SELL,LIMIT,1702200453440,1887,0.07211
HBARUSDT,SELL,LIMIT,1702200704076,66,0.07202
HBARUSDT,SELL,LIMIT,1702200731146,2579,0.07195
HBARUSDT,SELL,LIMIT,1702200735081,52796,0.07189
HBARUSDT,SELL,LIMIT,1702200768322,9644,0.07180
HBARUSDT,SELL,LIMIT,1702200775295,20425,0.07179
HBARUSDT,SELL,LIMIT,1702200884951,10000,0.07173
HBARUSDT,SELL,LIMIT,1702201338437,403,0.07171
HBARUSDT,SELL,LIMIT,1702201412915,213,0.07162
HBARUSDT,SELL,LIMIT,1702202082790,15947,0.07124
HBARUSDT,SELL,LIMIT,1702202267739,669,0.07126
HBARUSDT,SELL,LIMIT,1702202292700,43678,0.07123
HBARUSDT,SELL,LIMIT,1702202318310,2422,0.07115
HBARUSDT,SELL,LIMIT,1702202323364,80729,0.07102
HBARUSDT,SELL,LIMIT,1702202372574,3397,0.07093
HBARUSDT,SELL,LIMIT,1702202380131,1581,0.07095
HBARUSDT,SELL,LIMIT,1702202387081,10000,0.07084
HBARUSDT,SELL,LIMIT,1702202388188,11729,0.07081
HBARUSDT,BUY,LIMIT,1702203988655,12462,0.07392
HBARUSDT,BUY,LIMIT,1702207166808,1603,0.07438
HBARUSDT,BUY,LIMIT,1702211298216,4638,0.07529
HBARUSDT,BUY,LIMIT,1702211305774,20104,0.07554
HBARUSDT,BUY,LIMIT,1702211307359,326,0.07557
HBARUSDT,BUY,LIMIT,1702211653187,23756,0.07617
HBARUSDT,SELL,LIMIT,1702214135674,772,0.07331
HBARUSDT,SELL,LIMIT,1702214137563,6702,0.07329
HBARUSDT,SELL,LIMIT,1702214141901,68,0.07322
HBARUSDT,BUY,LIMIT,1702219598551,70,0.07554
HBARUSDT,SELL,LIMIT,1702224565544,105,0.07315
HBARUSDT,SELL,LIMIT,1702228854381,556,0.07239
HBARUSDT,BUY,LIMIT,1702241005738,278,0.07634
HBARUSDT,BUY,LIMIT,1702241033671,163,0.07641
HBARUSDT,BUY,LIMIT,1702241339304,9301,0.07672
HBARUSDT,BUY,LIMIT,1702241935757,11334,0.07704
HBARUSDT,BUY,LIMIT,1702241937308,15027,0.07723
HBARUSDT,SELL,LIMIT,1702243952921,17899,0.07413
HBARUSDT,BUY,LIMIT,1702246447759,3967,0.07703
HBARUSDT,SELL,LIMIT,1702248365431,68,0.07414
HBARUSDT,SELL,LIMIT,1702250305546,17931,0.07361
HBARUSDT,BUY,LIMIT,1702254132628,2479,0.07705
HBARUSDT,SELL,LIMIT,1702256916579,8341,0.07330
HBARUSDT,SELL,LIMIT,1702257830624,5204,0.07266
HBARUSDT,SELL,LIMIT,1702260281098,134,0.07265
HBARUSDT,SELL,LIMIT,1702260290713,1800,0.07243
HBARUSDT,SELL,LIMIT,1702260424466,51200,0.07235
HBARUSDT,SELL,LIMIT,1702260428114,132135,0.07194
HBARUSDT,SELL,LIMIT,1702260435169,131,0.07209
HBARUSDT,SELL,LIMIT,1702260438571,1620,0.07210
HBARUSDT,SELL,LIMIT,1702260439933,659,0.07195
HBARUSDT,SELL,LIMIT,1702260440956,130,0.07198
HBARUSDT,SELL,LIMIT,1702260443239,35847,0.07184
HBARUSDT,SELL,LIMIT,1702260628158,512,0.07184
HBARUSDT,SELL,LIMIT,1702260629217,15771,0.07176
HBARUSDT,SELL,LIMIT,1702260632740,26759,0.07161
HBARUSDT,SELL,LIMIT,1702260634227,30026,0.07155
HBARUSDT,SELL,LIMIT,1702260635374,1081,0.07155
HBARUSDT,SELL,LIMIT,1702260637498,1130,0.07146
HBARUSDT,SELL,LIMIT,1702260696386,1714,0.07148
HBARUSDT,SELL,LIMIT,1702260698627,655,0.07182
HBARUSDT,SELL,LIMIT,1702260708546,13540,0.07117
HBARUSDT,SELL,LIMIT,1702260710288,79,0.07115
HBARUSDT,SELL,LIMIT,1702260711317,423,0.07483
HBARUSDT,SELL,LIMIT,1702260713204,1615,0.07107
HBARUSDT,SELL,LIMIT,1702260716757,1566,0.07099
HBARUSDT,SELL,LIMIT,1702260718888,37257,0.07084
HBARUSDT,SELL,LIMIT,1702260721647,813,0.07082
HBARUSDT,SELL,LIMIT,1702260723672,26072,0.07079
HBARUSDT,SELL,LIMIT,1702260725871,51165,0.07075
HBARUSDT,SELL,LIMIT,1702260727527,4414,0.07067
HBARUSDT,SELL,LIMIT,1702260729164,187,0.07066
HBARUSDT,SELL,LIMIT,1702260730701,3507,0.07053
HBARUSDT,SELL,LIMIT,1702260731998,104,0.07053
HBARUSDT,SELL,LIMIT,1702260733316,45709,0.07056
HBARUSDT,SELL,LIMIT,1702260734570,62,0.07048
HBARUSDT,SELL,LIMIT,1702260735827,123,0.07047
HBARUSDT,SELL,LIMIT,1702260737453,104,0.07044
HBARUSDT,SELL,LIMIT,1702260739192,3218,0.07039
HBARUSDT,SELL,LIMIT,1702260741114,213,0.07040
HBARUSDT,SELL,LIMIT,1702260742795,5000,0.07023
HBARUSDT,SELL,LIMIT,1702260744894,140000,0.06985
HBARUSDT,SELL,LIMIT,1702260746321,69463,0.07031
HBARUSDT,SELL,LIMIT,1702260749065,3551,0.07017
HBARUSDT,SELL,LIMIT,1702260750862,1348,0.07001
HBARUSDT,SELL,LIMIT,1702260752345,187,0.06998
HBARUSDT,BUY,LIMIT,1702260753551,13179,0.07212
HBARUSDT,SELL,LIMIT,1702260755117,3182,0.06995
HBARUSDT,SELL,LIMIT,1702260756432,37449,0.06993
HBARUSDT,SELL,LIMIT,1702260757678,4677,0.06983
HBARUSDT,SELL,LIMIT,1702260758932,25791,0.06984
HBARUSDT,SELL,LIMIT,1702260760125,66,0.06966
HBARUSDT,SELL,LIMIT,1702260761451,3299,0.06972
HBARUSDT,SELL,LIMIT,1702260762597,66,0.06961
HBARUSDT,SELL,LIMIT,1702260763625,1206,0.06956
HBARUSDT,SELL,LIMIT,1702260764659,552,0.06936
HBARUSDT,SELL,LIMIT,1702260765722,135,0.06935
HBARUSDT,SELL,LIMIT,1702260766716,135,0.06930
HBARUSDT,SELL,LIMIT,1702260767743,229634,0.06914
HBARUSDT,SELL,LIMIT,1702260768850,243689,0.06868
HBARUSDT,SELL,LIMIT,1702260769788,9302,0.06920
HBARUSDT,SELL,LIMIT,1702260770906,154,0.06915
HBARUSDT,SELL,LIMIT,1702260772015,5120,0.06892
HBARUSDT,SELL,LIMIT,1702260773184,1168,0.06890
HBARUSDT,SELL,LIMIT,1702260774470,1305,0.06889
HBARUSDT,SELL,LIMIT,1702260775603,135,0.06887
HBARUSDT,SELL,LIMIT,1702260776917,135,0.06882
HBARUSDT,SELL,LIMIT,1702260778207,135,0.06869
HBARUSDT,SELL,LIMIT,1702260779312,394,0.06867
HBARUSDT,SELL,LIMIT,1702260780333,54008,0.06875
HBARUSDT,SELL,LIMIT,1702260781381,5394,0.06851
HBARUSDT,SELL,LIMIT,1702260782538,2446,0.06848
HBARUSDT,SELL,LIMIT,1702260783660,418,0.06827
HBARUSDT,SELL,LIMIT,1702260784699,593,0.06827
HBARUSDT,SELL,LIMIT,1702260785858,2716,0.06821
HBARUSDT,SELL,LIMIT,1702260786864,10997,0.06832
HBARUSDT,SELL,LIMIT,1702260787973,343468,0.06763
HBARUSDT,SELL,LIMIT,1702260788978,1097,0.06803
HBARUSDT,SELL,LIMIT,1702260790460,567,0.06837
HBARUSDT,SELL,LIMIT,1702260791737,73092,0.06774
HBARUSDT,SELL,LIMIT,1702260792857,169683,0.06738
HBARUSDT,SELL,LIMIT,1702260793909,2738,0.06929
HBARUSDT,SELL,LIMIT,1702260795417,605371,0.06698
HBARUSDT,SELL,LIMIT,1702260796466,48000,0.06740
HBARUSDT,SELL,LIMIT,1702260797536,5320,0.06705
HBARUSDT,SELL,LIMIT,1702260798670,134607,0.06694
HBARUSDT,SELL,LIMIT,1702260799693,511,0.06898
HBARUSDT,SELL,LIMIT,1702260800765,135,0.06693
HBARUSDT,SELL,LIMIT,1702260802216,4050,0.06727
HBARUSDT,SELL,LIMIT,1702260804368,100000,0.06670
HBARUSDT,SELL,LIMIT,1702260805545,857,0.06688
HBARUSDT,SELL,LIMIT,1702260806900,2735,0.06680
HBARUSDT,SELL,LIMIT,1702260807908,76,0.06681
HBARUSDT,SELL,LIMIT,1702260809023,60141,0.06671
HBARUSDT,SELL,LIMIT,1702260810058,79,0.06669
HBARUSDT,SELL,LIMIT,1702260811230,57383,0.06651
HBARUSDT,SELL,LIMIT,1702260812570,141,0.06661
HBARUSDT,SELL,LIMIT,1702260814150,4030,0.06611
HBARUSDT,SELL,LIMIT,1702260815198,6910,0.06626
HBARUSDT,SELL,LIMIT,1702260816242,31615,0.06622
HBARUSDT,SELL,LIMIT,1702260818280,143,0.06592
HBARUSDT,SELL,LIMIT,1702260825548,3726,0.06605
HBARUSDT,BUY,LIMIT,1702260840392,796,0.06904
HBARUSDT,SELL,LIMIT,1702260861356,326,0.06766
HBARUSDT,BUY,LIMIT,1702260947336,612,0.07042
HBARUSDT,SELL,LIMIT,1702262555664,7130,0.06877
HBARUSDT,SELL,LIMIT,1702262615562,1673,0.06848
HBARUSDT,SELL,LIMIT,1702263425406,1774,0.06905
HBARUSDT,BUY,LIMIT,1702264184316,19250,0.07215
HBARUSDT,BUY,LIMIT,1702266000873,24894,0.07357
HBARUSDT,BUY,LIMIT,1702266942036,76,0.07408
