Symbol,Side,Order Type,Time,Quantity,Price
HFTUSDT,SELL,LIMIT,1701068128431,15508,0.2980181
HFTUSDT,SELL,LIMIT,1701068266202,2994,0.2974308
HFTUSDT,SELL,LIMIT,1701068378844,53,0.2969601
HFTUSDT,BUY,LIMIT,1701069030882,20,0.3118614
HFTUSDT,SELL,LIMIT,1701069599175,2,0.2962886
HFTUSDT,SELL,LIMIT,1701069637131,3836,0.2958183
HFTUSDT,SELL,LIMIT,1701069798093,303,0.2953085
HFTUSDT,SELL,LIMIT,1701069856073,85,0.2945947
HFTUSDT,SELL,LIMIT,1701069873102,734,0.2942576
HFTUSDT,SELL,LIMIT,1701069882108,29,0.2937611
HFTUSDT,SELL,LIMIT,1701069883288,38,0.2940752
HFTUSDT,SELL,LIMIT,1701069884311,897,0.2926125
HFTUSDT,SELL,LIMIT,1701069885531,308,0.2924815
HFTUSDT,SELL,LIMIT,1701069888510,3023,0.2921381
HFTUSDT,SELL,LIMIT,1701069902197,26,0.2918650
HFTUSDT,SELL,LIMIT,1701081208720,2857,0.2938041
HFTUSDT,SELL,LIMIT,1701081609418,3900,0.2936081
HFTUSDT,SELL,LIMIT,1701082691221,1273,0.2926949
HFTUSDT,SELL,LIMIT,1701084664197,528,0.2935376
HFTUSDT,SELL,LIMIT,1701093274271,359,0.2963924
HFTUSDT,SELL,LIMIT,1701095007332,112,0.2977241
HFTUSDT,SELL,LIMIT,1701100144243,260,0.2980347
HFTUSDT,SELL,LIMIT,1701100642262,1611,0.2966978
HFTUSDT,SELL,LIMIT,1701101007837,50,0.2969401
HFTUSDT,SELL,LIMIT,1701101071680,3197,0.2973389
HFTUSDT,BUY,LIMIT,1701103659156,2337,0.3142984
HFTUSDT,SELL,LIMIT,1701114237303,1222,0.2936035
HFTUSDT,SELL,LIMIT,1701114275870,46,0.2936824
HFTUSDT,SELL,LIMIT,1701114368763,28,0.2931281
HFTUSDT,SELL,LIMIT,1701114459564,1150,0.2926823
HFTUSDT,SELL,LIMIT,1701114479052,200,0.2919015
HFTUSDT,SELL,LIMIT,1701114494858,159,0.2918110
HFTUSDT,SELL,LIMIT,1701114498457,161,0.2914229
HFTUSDT,SELL,LIMIT,1701131094715,307,0.3001741
HFTUSDT,SELL,LIMIT,1701145142958,1162,0.2954765
HFTUSDT,SELL,LIMIT,1701147773105,146,0.2911119
HFTUSDT,SELL,LIMIT,1701147774241,6195,0.2909146
HFTUSDT,SELL,LIMIT,1701147789828,9000,0.2905953
HFTUSDT,SELL,LIMIT,1701147792261,26,0.2903399
HFTUSDT,SELL,LIMIT,1701147797464,629,0.2903446
HFTUSDT,SELL,LIMIT,1701147810032,490,0.2901714
HFTUSDT,SELL,LIMIT,1701147891325,620,0.2898640
HFTUSDT,SELL,LIMIT,1701147927165,5914,0.2894482
HFTUSDT,SELL,LIMIT,1701147928275,35,0.2894311
HFTUSDT,SELL,LIMIT,1701148008470,100,0.2892004
HFTUSDT,SELL,LIMIT,1701148010112,30,0.2890834
HFTUSDT,SELL,LIMIT,1701148126542,841,0.2888642
HFTUSDT,SELL,LIMIT,1701148128268,7376,0.2886101
HFTUSDT,SELL,LIMIT,1701148133792,102,0.2882603
HFTUSDT,SELL,LIMIT,1701148138266,1585,0.2881258
HFTUSDT,SELL,LIMIT,1701148168123,15030,0.2882181
HFTUSDT,SELL,LIMIT,1701148170698,11086,0.2881160
HFTUSDT,SELL,LIMIT,1701148221573,270,0.2878381
HFTUSDT,SELL,LIMIT,1701148239302,1016,0.2877681
HFTUSDT,SELL,LIMIT,1701148246625,9586,0.2875858
HFTUSDT,SELL,LIMIT,1701148256661,2546,0.2873775
HFTUSDT,SELL,LIMIT,1701148257854,2,0.2872371
HFTUSDT,SELL,LIMIT,1701148938308,280,0.2868629
HFTUSDT,SELL,LIMIT,1701148965703,820,0.2864256
HFTUSDT,SELL,LIMIT,1701149094255,19,0.2855861
HFTUSDT,SELL,LIMIT,1701149859739,870,0.2855352
HFTUSDT,SELL,LIMIT,1701149878532,12,0.2853356
HFTUSDT,SELL,LIMIT,1701155488333,224,0.2879070
HFTUSDT,SELL,LIMIT,1701156371247,1329,0.2840028
HFTUSDT,SELL,LIMIT,1701156372334,153,0.2840539
HFTUSDT,SELL,LIMIT,1701156373421,2580,0.2838558
HFTUSDT,SELL,LIMIT,1701156562908,1029,0.2840041
HFTUSDT,BUY,LIMIT,1701157982645,505,0.2985563
HFTUSDT,BUY,LIMIT,1701164387786,219,0.3027078
HFTUSDT,BUY,LIMIT,1701171348614,75,0.3080223
HFTUSDT,BUY,LIMIT,1701190080455,198,0.3189363
HFTUSDT,BUY,LIMIT,1701190499029,812,0.3192796
HFTUSDT,BUY,LIMIT,1701192143828,1500,0.3200552
HFTUSDT,BUY,LIMIT,1701192660298,50,0.3210920
HFTUSDT,BUY,LIMIT,1701197850997,326,0.3153256
HFTUSDT,BUY,LIMIT,1701198383270,25,0.3269118
HFTUSDT,SELL,LIMIT,1701211906469,868,0.3018770
HFTUSDT,BUY,LIMIT,1701246301868,14887,0.3153840
HFTUSDT,SELL,LIMIT,1701248166487,475,0.3062501
HFTUSDT,BUY,LIMIT,1701248867047,431,0.3206446
HFTUSDT,SELL,LIMIT,1701254217125,951,0.2993446
HFTUSDT,SELL,LIMIT,1701254228900,65,0.2991738
HFTUSDT,SELL,LIMIT,1701254360176,319,0.2986061
HFTUSDT,SELL,LIMIT,1701254409324,4333,0.2976261
HFTUSDT,SELL,LIMIT,1701254695982,3090,0.2967841
HFTUSDT,SELL,LIMIT,1701254697350,160,0.2965830
HFTUSDT,SELL,LIMIT,1701260013438,107,0.2961833
HFTUSDT,SELL,LIMIT,1701260297265,115,0.2953083
HFTUSDT,SELL,LIMIT,1701264558207,586,0.2949644
HFTUSDT,SELL,LIMIT,1701268372363,65,0.2935612
HFTUSDT,SELL,LIMIT,1701268376763,39500,0.2926577
HFTUSDT,SELL,LIMIT,1701270449768,40,0.2928205
HFTUSDT,SELL,LIMIT,1701270572469,25,0.3487994
HFTUSDT,SELL,LIMIT,1701270618271,497,0.2918332
HFTUSDT,BUY,LIMIT,1701299290744,1179,0.3156242
HFTUSDT,BUY,LIMIT,1701299422599,4044,0.3172441
HFTUSDT,BUY,LIMIT,1701299501258,246,0.3189292
HFTUSDT,BUY,LIMIT,1701299521224,35,0.3193479
HFTUSDT,BUY,LIMIT,1701299616152,1628,0.3221384
HFTUSDT,BUY,LIMIT,1701299651935,149,0.3224043
HFTUSDT,BUY,LIMIT,1701302846258,62,0.3234624
HFTUSDT,BUY,LIMIT,1701321782751,2086,0.3349886
HFTUSDT,BUY,LIMIT,1701321934944,1,0.3364044
HFTUSDT,BUY,LIMIT,1701321959276,326,0.3375778
HFTUSDT,BUY,LIMIT,1701323006628,419,0.3389796
HFTUSDT,BUY,LIMIT,1701323088816,207,0.3397903
HFTUSDT,BUY,LIMIT,1701331169965,74,0.3426579
HFTUSDT,BUY,LIMIT,1701332829253,1147,0.3441310
HFTUSDT,SELL,LIMIT,1701336696986,5891,0.3226514
HFTUSDT,SELL,LIMIT,1701337519321,524,0.3217444
HFTUSDT,SELL,LIMIT,1701337586271,4245,0.3217079
HFTUSDT,SELL,LIMIT,1701337587421,11994,0.3216818
HFTUSDT,BUY,LIMIT,1701338759297,185,0.3398541
HFTUSDT,BUY,LIMIT,1701344369174,607,0.3447383
HFTUSDT,BUY,LIMIT,1701345293500,18,0.3462300
HFTUSDT,BUY,LIMIT,1701346650514,472,0.3467489
HFTUSDT,BUY,LIMIT,1701346651715,138,0.3470219
HFTUSDT,BUY,LIMIT,1701346653506,1813,0.3470345
HFTUSDT,BUY,LIMIT,1701346666143,1544,0.3476034
HFTUSDT,SELL,LIMIT,1701349534168,3432,0.3237436
HFTUSDT,SELL,LIMIT,1701349573381,241,0.3234831
HFTUSDT,SELL,LIMIT,1701349579610,82,0.3230681
HFTUSDT,SELL,LIMIT,1701349584166,1417,0.3229703
HFTUSDT,SELL,LIMIT,1701349589479,242,0.3223205
HFTUSDT,SELL,LIMIT,1701349640646,80,0.3225160
HFTUSDT,SELL,LIMIT,1701350177598,56,0.3217521
HFTUSDT,SELL,LIMIT,1701352504490,200,0.3215382
HFTUSDT,SELL,LIMIT,1701352507229,1004,0.3209911
HFTUSDT,SELL,LIMIT,1701352527899,224,0.3204076
HFTUSDT,SELL,LIMIT,1701352992198,59,0.3196791
HFTUSDT,SELL,LIMIT,1701353000028,589,0.3194457
HFTUSDT,BUY,LIMIT,1701355708988,53,0.3308085
HFTUSDT,BUY,LIMIT,1701363796172,3693,0.3431084
HFTUSDT,BUY,LIMIT,1701363797230,1250,0.3438427
HFTUSDT,BUY,LIMIT,1701363798331,338,0.3437907
HFTUSDT,BUY,LIMIT,1701387356987,1216,0.3429160
HFTUSDT,BUY,LIMIT,1701391113886,55,0.3435027
HFTUSDT,SELL,LIMIT,1701391538795,16,0.3302129
HFTUSDT,BUY,LIMIT,1701391871331,1000,0.3405390
HFTUSDT,BUY,LIMIT,1701393386040,242,0.3400838
HFTUSDT,BUY,LIMIT,1701393416790,2190,0.3396939
HFTUSDT,BUY,LIMIT,1701393536136,2267,0.3402415
HFTUSDT,BUY,LIMIT,1701394242194,161,0.3418457
HFTUSDT,BUY,LIMIT,1701394248423,15114,0.3419438
HFTUSDT,BUY,LIMIT,1701396114650,128,0.3438520
HFTUSDT,BUY,LIMIT,1701396443553,2992,0.3448572
HFTUSDT,BUY,LIMIT,1701396783232,327,0.3452472
HFTUSDT,BUY,LIMIT,1701396787218,61,0.3455945
HFTUSDT,BUY,LIMIT,1701396795164,84,0.3457201
HFTUSDT,BUY,LIMIT,1701396825386,328,0.3460626
HFTUSDT,BUY,LIMIT,1701396835161,139,0.3462967
HFTUSDT,BUY,LIMIT,1701396836170,34,0.3465891
HFTUSDT,BUY,LIMIT,1701396838102,3901,0.3469435
HFTUSDT,BUY,LIMIT,1701396840314,59,0.3470856
HFTUSDT,BUY,LIMIT,1701396847476,5488,0.3471975
HFTUSDT,BUY,LIMIT,1701396849626,3090,0.3471916
HFTUSDT,BUY,LIMIT,1701396851741,130,0.3473073
HFTUSDT,BUY,LIMIT,1701396853206,29,0.3474376
HFTUSDT,BUY,LIMIT,1701396854380,1123,0.3479018
HFTUSDT,BUY,LIMIT,1701396910943,45,0.3482655
HFTUSDT,BUY,LIMIT,1701396937975,261,0.3488820
HFTUSDT,BUY,LIMIT,1701396960098,221,0.3489420
HFTUSDT,BUY,LIMIT,1701397072876,27,0.3493861
HFTUSDT,BUY,LIMIT,1701398679947,303,0.3451281
HFTUSDT,BUY,LIMIT,1701399108464,4646,0.3443289
HFTUSDT,BUY,LIMIT,1701405515309,16,0.3426180
HFTUSDT,SELL,LIMIT,1701406002191,109,0.3283595
HFTUSDT,SELL,LIMIT,1701408936532,1358,0.3248965
HFTUSDT,BUY,LIMIT,1701422241046,148,0.3376964
HFTUSDT,BUY,LIMIT,1701422244385,545,0.3397620
HFTUSDT,BUY,LIMIT,1701424848220,90,0.3403913
HFTUSDT,SELL,LIMIT,1701427024709,35,0.3351001
HFTUSDT,SELL,LIMIT,1701427054478,1603,0.3252621
HFTUSDT,BUY,LIMIT,1701438121286,10,0.1952382
HFTUSDT,BUY,LIMIT,1701441952441,3651,0.3337001
HFTUSDT,SELL,LIMIT,1701442048297,2483,0.3218942
HFTUSDT,BUY,LIMIT,1701447382682,159,0.3365359
HFTUSDT,BUY,LIMIT,1701447802247,3000,0.3386491
HFTUSDT,BUY,LIMIT,1701447893475,90,0.3393017
HFTUSDT,SELL,LIMIT,1701462962248,107,0.3226161
HFTUSDT,BUY,LIMIT,1701465612310,64,0.3375965
HFTUSDT,BUY,LIMIT,1701486002546,58,0.3363180
HFTUSDT,BUY,LIMIT,1701486004353,1169,0.3234966
HFTUSDT,BUY,LIMIT,1701486006775,59,0.3363227
HFTUSDT,SELL,LIMIT,1701486022187,147,0.3235671
HFTUSDT,BUY,LIMIT,1701492963435,10361,0.3380280
HFTUSDT,BUY,LIMIT,1701493558100,70,0.3442360
HFTUSDT,BUY,LIMIT,1701494336241,2638,0.3456118
HFTUSDT,BUY,LIMIT,1701500796176,638,0.3383470
