Symbol,Side,Order Type,Time,Quantity,Price
HIFIUSDT,SELL,LIMIT,1701915394068,1789,0.7951513
HIFIUSDT,BUY,LIMIT,1701916774897,393,0.8265063
HIFIUSDT,BUY,LIMIT,1701917434398,3005,0.8345469
HIFIUSDT,BUY,LIMIT,1701917493415,155,0.8387855
HIFIUSDT,SELL,LIMIT,1701918047207,8,0.8110169
HIFIUSDT,SELL,LIMIT,1701918372321,60,0.8080659
HIFIUSDT,SELL,LIMIT,1701918392720,30,0.8077515
HIFIUSDT,SELL,LIMIT,1701918757256,86,0.8087363
HIFIUSDT,SELL,LIMIT,1701919104807,48,0.8032257
HIFIUSDT,SELL,LIMIT,1701919106398,38,0.8019489
HIFIUSDT,SELL,LIMIT,1701919109126,6114,0.8002244
HIFIUSDT,SELL,LIMIT,1701919122177,27,0.7990341
HIFIUSDT,SELL,LIMIT,1701919124117,3134,0.7965352
HIFIUSDT,SELL,LIMIT,1701919813107,464,0.7940060
HIFIUSDT,SELL,LIMIT,1701919814338,6169,0.7941912
HIFIUSDT,SELL,LIMIT,1701922159911,171,0.7919244
HIFIUSDT,SELL,LIMIT,1701922161362,69,0.7916012
HIFIUSDT,SELL,LIMIT,1701922162998,407,0.7910945
HIFIUSDT,SELL,LIMIT,1701922402913,63,0.7907025
HIFIUSDT,SELL,LIMIT,1701922969099,2771,0.7875710
HIFIUSDT,SELL,LIMIT,1701922971895,1958,0.7868172
HIFIUSDT,SELL,LIMIT,1701923011067,7204,0.7851021
HIFIUSDT,SELL,LIMIT,1701923020032,90,0.7856883
HIFIUSDT,SELL,LIMIT,1701923062307,2421,0.7849430
HIFIUSDT,SELL,LIMIT,1701924306528,470,0.7927716
HIFIUSDT,BUY,LIMIT,1701924357005,26,0.8178110
HIFIUSDT,SELL,LIMIT,1701925710401,35,0.7841063
HIFIUSDT,SELL,LIMIT,1701925734824,29,0.7833145
HIFIUSDT,SELL,LIMIT,1701925745101,59,0.7831301
HIFIUSDT,SELL,LIMIT,1701925746989,7,0.7825532
HIFIUSDT,SELL,LIMIT,1701925751551,1854,0.7817666
HIFIUSDT,SELL,LIMIT,1701925775360,168,0.7813230
HIFIUSDT,BUY,LIMIT,1701930276809,4612,0.8258269
HIFIUSDT,BUY,LIMIT,1701930297060,878,0.8264474
HIFIUSDT,BUY,LIMIT,1701930988497,110,0.8250860
HIFIUSDT,BUY,LIMIT,1701931678526,1235,0.8248921
HIFIUSDT,SELL,LIMIT,1701933585229,2326,0.8057474
HIFIUSDT,BUY,LIMIT,1701935060880,47,0.8389616
HIFIUSDT,BUY,LIMIT,1701935064469,1766,0.8394540
HIFIUSDT,SELL,LIMIT,1701935385625,1204,0.8131899
HIFIUSDT,SELL,LIMIT,1701935388576,637,0.8120521
HIFIUSDT,SELL,LIMIT,1701935536541,30,0.8086651
HIFIUSDT,SELL,LIMIT,1701936534560,16,0.8031674
HIFIUSDT,SELL,LIMIT,1701937346245,880,0.7998432
HIFIUSDT,SELL,LIMIT,1701937490888,20,0.7956624
HIFIUSDT,SELL,LIMIT,1701937495710,3100,0.7951024
HIFIUSDT,BUY,LIMIT,1701938250711,1172,0.8259686
HIFIUSDT,SELL,LIMIT,1701939123448,412,0.8031953
HIFIUSDT,SELL,LIMIT,1701939129046,185,0.8028338
HIFIUSDT,SELL,LIMIT,1701939321158,62,0.8016320
HIFIUSDT,SELL,LIMIT,1701939364672,3161,0.8003668
HIFIUSDT,SELL,LIMIT,1701939467307,1231,0.7964855
HIFIUSDT,SELL,LIMIT,1701939565457,403,0.7936995
HIFIUSDT,SELL,LIMIT,1701939569937,12,0.7935480
HIFIUSDT,SELL,LIMIT,1701939575131,5265,0.7931580
HIFIUSDT,SELL,LIMIT,1701939708841,26,0.7899134
HIFIUSDT,SELL,LIMIT,1701939722428,391,0.7912179
HIFIUSDT,SELL,LIMIT,1701940544219,1734,0.7888740
HIFIUSDT,SELL,LIMIT,1701940559565,3600,0.7879865
HIFIUSDT,SELL,LIMIT,1701940561611,6523,0.7860477
HIFIUSDT,SELL,LIMIT,1701940563643,51,0.7877517
HIFIUSDT,SELL,LIMIT,1701940565257,1306,0.7852402
HIFIUSDT,SELL,LIMIT,1701940568134,910,0.7837036
HIFIUSDT,SELL,LIMIT,1701940569135,2500,0.7831685
HIFIUSDT,SELL,LIMIT,1701941020049,6754,0.7811098
HIFIUSDT,SELL,LIMIT,1701941028874,38,0.7811052
HIFIUSDT,SELL,LIMIT,1701941031851,9330,0.7786324
HIFIUSDT,SELL,LIMIT,1701941038306,867,0.7809918
HIFIUSDT,SELL,LIMIT,1701941039433,18,0.7808330
HIFIUSDT,SELL,LIMIT,1701941051418,977,0.7808096
HIFIUSDT,SELL,LIMIT,1701941058374,425,0.7804204
HIFIUSDT,SELL,LIMIT,1701941060375,6090,0.7799233
HIFIUSDT,SELL,LIMIT,1701941062081,431,0.7794294
HIFIUSDT,SELL,LIMIT,1701941072385,114,0.7788126
HIFIUSDT,SELL,LIMIT,1701941103316,60,0.7770906
HIFIUSDT,SELL,LIMIT,1701941104355,751,0.7778582
HIFIUSDT,SELL,LIMIT,1701941107477,24,0.7764213
HIFIUSDT,SELL,LIMIT,1701941112743,1059,0.7756876
HIFIUSDT,SELL,LIMIT,1701941179776,2387,0.7748103
HIFIUSDT,SELL,LIMIT,1701941185378,251,0.7745810
HIFIUSDT,SELL,LIMIT,1701941187759,214,0.7743480
HIFIUSDT,SELL,LIMIT,1701941189299,108,0.7738373
HIFIUSDT,SELL,LIMIT,1701941190545,162,0.7740195
HIFIUSDT,SELL,LIMIT,1701941192292,14,0.7731916
HIFIUSDT,SELL,LIMIT,1701941193481,849,0.7732014
HIFIUSDT,SELL,LIMIT,1701941206196,105,0.7746682
HIFIUSDT,SELL,LIMIT,1701941239201,623,0.7744308
HIFIUSDT,SELL,LIMIT,1701941241609,892,0.7728006
HIFIUSDT,SELL,LIMIT,1701941245978,4184,0.7725287
HIFIUSDT,SELL,LIMIT,1701941248088,1830,0.7714628
HIFIUSDT,SELL,LIMIT,1701941249156,390,0.7724629
HIFIUSDT,SELL,LIMIT,1701941250498,345,0.7716187
HIFIUSDT,SELL,LIMIT,1701941252527,3984,0.7710612
HIFIUSDT,SELL,LIMIT,1701941253879,188,0.7707814
HIFIUSDT,SELL,LIMIT,1701941271684,265,0.7704668
HIFIUSDT,SELL,LIMIT,1701941272838,1031,0.7697206
HIFIUSDT,SELL,LIMIT,1701941275018,499,0.7752108
HIFIUSDT,SELL,LIMIT,1701941276298,24,0.7695957
HIFIUSDT,SELL,LIMIT,1701941352290,57,0.7678907
HIFIUSDT,SELL,LIMIT,1701941353405,50,0.7684001
HIFIUSDT,SELL,LIMIT,1701941354696,1274,0.7675582
HIFIUSDT,SELL,LIMIT,1701941356787,1,0.7676745
HIFIUSDT,BUY,LIMIT,1701941640593,76,0.8074073
HIFIUSDT,BUY,LIMIT,1701941735820,927,0.8104269
HIFIUSDT,BUY,LIMIT,1701941752243,126,0.8112185
HIFIUSDT,BUY,LIMIT,1701942083050,397,0.8117193
HIFIUSDT,BUY,LIMIT,1701942674171,11,0.8218598
HIFIUSDT,SELL,LIMIT,1701942717177,23,0.7934720
HIFIUSDT,SELL,LIMIT,1701943570377,118,0.7884873
HIFIUSDT,SELL,LIMIT,1701946443385,125,0.7799818
HIFIUSDT,SELL,LIMIT,1701946489157,14,0.7795827
HIFIUSDT,SELL,LIMIT,1701948951763,6282,0.7801413
HIFIUSDT,BUY,LIMIT,1701949929586,7,0.8048952
HIFIUSDT,BUY,LIMIT,1701951089095,1267,0.8115133
HIFIUSDT,SELL,LIMIT,1701956891071,788,0.7940674
HIFIUSDT,BUY,LIMIT,1701957196668,1249,0.8202372
HIFIUSDT,BUY,LIMIT,1701957498843,74,0.8224079
HIFIUSDT,SELL,LIMIT,1701961622762,278,0.8043855
HIFIUSDT,SELL,LIMIT,1701961876404,1174,0.8025728
HIFIUSDT,SELL,LIMIT,1701962843976,256,0.8066166
HIFIUSDT,BUY,LIMIT,1701963128396,259,0.8305105
HIFIUSDT,BUY,LIMIT,1701964980655,70,0.8369686
HIFIUSDT,BUY,LIMIT,1701966855066,29,0.8432480
HIFIUSDT,BUY,LIMIT,1701966856194,7234,0.8450317
HIFIUSDT,BUY,LIMIT,1701966887367,82,0.8444450
HIFIUSDT,BUY,LIMIT,1701966964225,625,0.8434109
HIFIUSDT,BUY,LIMIT,1701968146340,60,0.8373667
HIFIUSDT,BUY,LIMIT,1701970181295,5117,0.8432984
HIFIUSDT,BUY,LIMIT,1701971814358,6023,0.8464340
HIFIUSDT,SELL,LIMIT,1701974287338,28,0.9033182
HIFIUSDT,SELL,LIMIT,1701974293868,4137,0.8121939
HIFIUSDT,SELL,LIMIT,1701974309936,7,0.8107252
HIFIUSDT,SELL,LIMIT,1701975830297,633,0.8154285
HIFIUSDT,BUY,LIMIT,1701979822223,331,0.8424686
HIFIUSDT,BUY,LIMIT,1701980366488,1883,0.8480462
HIFIUSDT,SELL,LIMIT,1701981519382,15,0.8154729
HIFIUSDT,BUY,LIMIT,1701983136333,1239,0.8424500
HIFIUSDT,BUY,LIMIT,1701984342325,118,0.8409719
HIFIUSDT,SELL,LIMIT,1701988451290,147,0.8116393
HIFIUSDT,SELL,LIMIT,1701989374794,416,0.8113125
HIFIUSDT,SELL,LIMIT,1701991036469,51,0.8079956
HIFIUSDT,BUY,LIMIT,1701992264980,73,0.8437382
HIFIUSDT,SELL,LIMIT,1701994879072,64,0.8092917
HIFIUSDT,SELL,LIMIT,1701994925479,61,0.8087247
HIFIUSDT,SELL,LIMIT,1701996172275,55,0.8029205
HIFIUSDT,SELL,LIMIT,1701997601821,303,0.7971606
HIFIUSDT,SELL,LIMIT,1701997659034,29,0.7953450
HIFIUSDT,SELL,LIMIT,1701997707951,6022,0.7949247
HIFIUSDT,SELL,LIMIT,1701997709564,14,0.7948753
HIFIUSDT,SELL,LIMIT,1701997757234,25,0.7944256
HIFIUSDT,BUY,LIMIT,1701998636512,25,0.8262779
HIFIUSDT,SELL,LIMIT,1702003490337,55,0.7936578
HIFIUSDT,SELL,LIMIT,1702003654164,15,0.7985255
HIFIUSDT,BUY,LIMIT,1702007011001,97,0.8200481
HIFIUSDT,SELL,LIMIT,1702010700596,38,0.7945184
HIFIUSDT,SELL,LIMIT,1702010832066,17,0.7926450
HIFIUSDT,SELL,LIMIT,1702010852991,16,0.7925222
HIFIUSDT,SELL,LIMIT,1702010854625,9586,0.7892181
HIFIUSDT,SELL,LIMIT,1702010856056,284,0.7919217
HIFIUSDT,SELL,LIMIT,1702010863318,620,0.7915530
HIFIUSDT,SELL,LIMIT,1702010874302,20,0.7914665
HIFIUSDT,SELL,LIMIT,1702011201486,251,0.7895531
HIFIUSDT,BUY,LIMIT,1702015763294,21,0.8209234
HIFIUSDT,BUY,LIMIT,1702015819455,1300,0.8219588
HIFIUSDT,SELL,LIMIT,1702017252293,4819,0.7963883
HIFIUSDT,SELL,LIMIT,1702019023641,6,0.8011231
HIFIUSDT,SELL,LIMIT,1702023371188,177,0.7871027
HIFIUSDT,SELL,LIMIT,1702023372509,165,0.7871490
HIFIUSDT,SELL,LIMIT,1702023647336,24,0.7858814
HIFIUSDT,SELL,LIMIT,1702025913111,153,0.7856119
HIFIUSDT,BUY,LIMIT,1702035736875,301,0.8239295
HIFIUSDT,SELL,LIMIT,1702040951242,87,0.7967446
HIFIUSDT,SELL,LIMIT,1702045726790,4848,0.8000429
HIFIUSDT,SELL,LIMIT,1702049337096,6134,0.7983568
HIFIUSDT,BUY,LIMIT,1702053445379,86,0.8284788
HIFIUSDT,BUY,LIMIT,1702080100179,97,0.8477280
HIFIUSDT,BUY,LIMIT,1702080687268,193,0.8425514
HIFIUSDT,SELL,LIMIT,1702081562183,1207,0.8119355
HIFIUSDT,BUY,LIMIT,1702085716153,1713,0.8341549
HIFIUSDT,BUY,LIMIT,1702091747774,130,0.8349693
HIFIUSDT,BUY,LIMIT,1702107530173,123,0.8406219
HIFIUSDT,BUY,LIMIT,1702108104306,97,0.8452920
HIFIUSDT,BUY,LIMIT,1702109723343,11,0.8468150
HIFIUSDT,BUY,LIMIT,1702109758300,114,0.8470175
HIFIUSDT,BUY,LIMIT,1702109776976,59,0.8469160
HIFIUSDT,BUY,LIMIT,1702109890763,761,0.8458007
HIFIUSDT,SELL,LIMIT,1702110881905,551,0.8134706
HIFIUSDT,SELL,LIMIT,1702110905663,240,0.8127330
HIFIUSDT,SELL,LIMIT,1702110971237,623,0.8096453
HIFIUSDT,SELL,LIMIT,1702110975209,571,0.8082258
HIFIUSDT,SELL,LIMIT,1702111044033,247,0.8038216
HIFIUSDT,SELL,LIMIT,1702111049509,365,0.8017037
HIFIUSDT,SELL,LIMIT,1702111190263,712,0.8017590
HIFIUSDT,SELL,LIMIT,1702111374624,600,0.8008516
HIFIUSDT,SELL,LIMIT,1702111379378,4525,0.7999132
HIFIUSDT,SELL,LIMIT,1702111395635,1529,0.7975354
HIFIUSDT,SELL,LIMIT,1702115029738,122,0.8066075
HIFIUSDT,SELL,LIMIT,1702124756658,1050,0.8002410
HIFIUSDT,SELL,LIMIT,1702129372191,1223,0.7988241
