Symbol,Side,Order Type,Time,Quantity,Price
HIFIUSDT,SELL,LIMIT,1701915394068,1789,0.7951513
HIFIUSDT,BUY,LIMIT,1701916774897,393,0.8265063
HIFIUSDT,BUY,LIMIT,1701917434398,3005,0.8345469
HIFIUSDT,BUY,LIMIT,1701917493415,155,0.8387855
HIFIUSDT,SELL,LIMIT,1701918047207,8,0.8110169
HIFIUSDT,SELL,LIMIT,1701918372321,60,0.8080659
HIFIUSDT,SELL,LIMIT,1701918392720,30,0.8077515
HIFIUSDT,SELL,LIMIT,1701918757256,86,0.8087363
HIFIUSDT,SELL,LIMIT,1701919104807,48,0.8032257
HIFIUSDT,SELL,LIMIT,1701919106398,38,0.8019489
HIFIUSDT,SELL,LIMIT,1701919109126,6114,0.8002244
HIFIUSDT,SELL,LIMIT,1701919122177,27,0.7990341
HIFIUSDT,SELL,LIMIT,1701919124117,3134,0.7965352
HIFIUSDT,SELL,LIMIT,1701919813107,464,0.7940060
HIFIUSDT,SELL,LIMIT,1701919814338,6169,0.7941912
HIFIUSDT,SELL,LIMIT,1701922159911,171,0.7919244
HIFIUSDT,SELL,LIMIT,1701922161362,69,0.7916012
HIFIUSDT,SELL,LIMIT,1701922162998,407,0.7910945
HIFIUSDT,SELL,LIMIT,1701922402913,63,0.7907025
HIFIUSDT,SELL,LIMIT,1701922969099,2771,0.7875710
HIFIUSDT,SELL,LIMIT,1701922971895,1958,0.7868172
HIFIUSDT,SELL,LIMIT,1701923011067,7204,0.7851021
HIFIUSDT,SELL,LIMIT,1701923020032,90,0.7856883
HIFIUSDT,SELL,LIMIT,1701923062307,2421,0.7849430
HIFIUSDT,SELL,LIMIT,1701924306528,470,0.7927716
HIFIUSDT,BUY,LIMIT,1701924357005,26,0.8178110
HIFIUSDT,SELL,LIMIT,1701925710401,35,0.7841063
HIFIUSDT,SELL,LIMIT,1701925734824,29,0.7833145
HIFIUSDT,SELL,LIMIT,1701925745101,59,0.7831301
HIFIUSDT,SELL,LIMIT,1701925746989,7,0.7825532
HIFIUSDT,SELL,LIMIT,1701925751551,1854,0.7817666
HIFIUSDT,SELL,LIMIT,1701925775360,168,0.7813230
HIFIUSDT,BUY,LIMIT,1701930276809,4612,0.8258269
HIFIUSDT,BUY,LIMIT,1701930297060,878,0.8264474
HIFIUSDT,BUY,LIMIT,1701930988497,110,0.8250860
HIFIUSDT,BUY,LIMIT,1701931678526,1235,0.8248921
HIFIUSDT,SELL,LIMIT,1701933585229,2326,0.8057474
HIFIUSDT,BUY,LIMIT,1701935060880,47,0.8389616
HIFIUSDT,BUY,LIMIT,1701935064469,1766,0.8394540
HIFIUSDT,SELL,LIMIT,1701935385625,1204,0.8131899
HIFIUSDT,SELL,LIMIT,1701935388576,637,0.8120521
HIFIUSDT,SELL,LIMIT,1701935536541,30,0.8086651
HIFIUSDT,SELL,LIMIT,1701936534560,16,0.8031674
HIFIUSDT,SELL,LIMIT,1701937346245,880,0.7998432
HIFIUSDT,SELL,LIMIT,1701937490888,20,0.7956624
HIFIUSDT,SELL,LIMIT,1701937495710,3100,0.7951024
HIFIUSDT,BUY,LIMIT,1701938250711,1172,0.8259686
HIFIUSDT,SELL,LIMIT,1701939123448,412,0.8031953
HIFIUSDT,SELL,LIMIT,1701939129046,185,0.8028338
HIFIUSDT,SELL,LIMIT,1701939321158,62,0.8016320
HIFIUSDT,SELL,LIMIT,1701939364672,3161,0.8003668
HIFIUSDT,SELL,LIMIT,1701939467307,1231,0.7964855
HIFIUSDT,SELL,LIMIT,1701939565457,403,0.7936995
HIFIUSDT,SELL,LIMIT,1701939569937,12,0.7935480
HIFIUSDT,SELL,LIMIT,1701939575131,5265,0.7931580
HIFIUSDT,SELL,LIMIT,1701939708841,26,0.7899134
HIFIUSDT,SELL,LIMIT,1701939722428,391,0.7912179
HIFIUSDT,SELL,LIMIT,1701940544219,1734,0.7888740
HIFIUSDT,SELL,LIMIT,1701940559565,3600,0.7879865
HIFIUSDT,SELL,LIMIT,1701940561611,6523,0.7860477
HIFIUSDT,SELL,LIMIT,1701940563643,51,0.7877517
HIFIUSDT,SELL,LIMIT,1701940565257,1306,0.7852402
HIFIUSDT,SELL,LIMIT,1701940568134,910,0.7837036
HIFIUSDT,SELL,LIMIT,1701940569135,2500,0.7831685
HIFIUSDT,SELL,LIMIT,1701941020049,6754,0.7811098
HIFIUSDT,SELL,LIMIT,1701941028874,38,0.7811052
HIFIUSDT,SELL,LIMIT,1701941031851,9330,0.7786324
HIFIUSDT,SELL,LIMIT,1701941038306,867,0.7809918
HIFIUSDT,SELL,LIMIT,1701941039433,18,0.7808330
HIFIUSDT,SELL,LIMIT,1701941051418,977,0.7808096
HIFIUSDT,SELL,LIMIT,1701941058374,425,0.7804204
HIFIUSDT,SELL,LIMIT,1701941060375,6090,0.7799233
HIFIUSDT,SELL,LIMIT,1701941062081,431,0.7794294
HIFIUSDT,SELL,LIMIT,1701941072385,114,0.7788126
HIFIUSDT,SELL,LIMIT,1701941103316,60,0.7770906
HIFIUSDT,SELL,LIMIT,1701941104355,751,0.7778582
HIFIUSDT,SELL,LIMIT,1701941107477,24,0.7764213
HIFIUSDT,SELL,LIMIT,1701941112743,1059,0.7756876
HIFIUSDT,SELL,LIMIT,1701941179776,2387,0.7748103
HIFIUSDT,SELL,LIMIT,1701941185378,251,0.7745810
HIFIUSDT,SELL,LIMIT,1701941187759,214,0.7743480
HIFIUSDT,SELL,LIMIT,1701941189299,108,0.7738373
HIFIUSDT,SELL,LIMIT,1701941190545,162,0.7740195
HIFIUSDT,SELL,LIMIT,1701941192292,14,0.7731916
HIFIUSDT,SELL,LIMIT,1701941193481,849,0.7732014
HIFIUSDT,SELL,LIMIT,1701941206196,105,0.7746682
HIFIUSDT,SELL,LIMIT,1701941239201,623,0.7744308
HIFIUSDT,SELL,LIMIT,1701941241609,892,0.7728006
HIFIUSDT,SELL,LIMIT,1701941245978,4184,0.7725287
HIFIUSDT,SELL,LIMIT,1701941248088,1830,0.7714628
HIFIUSDT,SELL,LIMIT,1701941249156,390,0.7724629
HIFIUSDT,SELL,LIMIT,1701941250498,345,0.7716187
HIFIUSDT,SELL,LIMIT,1701941252527,3984,0.7710612
HIFIUSDT,SELL,LIMIT,1701941253879,188,0.7707814
HIFIUSDT,SELL,LIMIT,1701941271684,265,0.7704668
HIFIUSDT,SELL,LIMIT,1701941272838,1031,0.7697206
HIFIUSDT,SELL,LIMIT,1701941275018,499,0.7752108
HIFIUSDT,SELL,LIMIT,1701941276298,24,0.7695957
HIFIUSDT,SELL,LIMIT,1701941352290,57,0.7678907
HIFIUSDT,SELL,LIMIT,1701941353405,50,0.7684001
HIFIUSDT,SELL,LIMIT,1701941354696,1274,0.7675582
HIFIUSDT,SELL,LIMIT,1701941356787,1,0.7676745
HIFIUSDT,BUY,LIMIT,1701941640593,76,0.8074073
HIFIUSDT,BUY,LIMIT,1701941735820,927,0.8104269
HIFIUSDT,BUY,LIMIT,1701941752243,126,0.8112185
HIFIUSDT,BUY,LIMIT,1701942083050,397,0.8117193
HIFIUSDT,BUY,LIMIT,1701942674171,11,0.8218598
HIFIUSDT,SELL,LIMIT,1701942717177,23,0.7934720
HIFIUSDT,SELL,LIMIT,1701943570377,118,0.7884873
HIFIUSDT,SELL,LIMIT,1701946443385,125,0.7799818
HIFIUSDT,SELL,LIMIT,1701946489157,14,0.7795827
HIFIUSDT,SELL,LIMIT,1701948951763,6282,0.7801413
HIFIUSDT,BUY,LIMIT,1701949929586,7,0.8048952
HIFIUSDT,BUY,LIMIT,1701951089095,1267,0.8115133
HIFIUSDT,SELL,LIMIT,1701956891071,788,0.7940674
HIFIUSDT,BUY,LIMIT,1701957196668,1249,0.8202372
HIFIUSDT,BUY,LIMIT,1701957498843,74,0.8224079
HIFIUSDT,SELL,LIMIT,1701961622762,278,0.8043855
HIFIUSDT,SELL,LIMIT,1701961876404,1174,0.8025728
HIFIUSDT,SELL,LIMIT,1701962843976,256,0.8066166
HIFIUSDT,BUY,LIMIT,1701963128396,259,0.8305105
HIFIUSDT,BUY,LIMIT,1701964980655,70,0.8369686
HIFIUSDT,BUY,LIMIT,1701966855066,29,0.8432480
HIFIUSDT,BUY,LIMIT,1701966856194,7234,0.8450317
HIFIUSDT,BUY,LIMIT,1701966887367,82,0.8444450
HIFIUSDT,BUY,LIMIT,1701966964225,625,0.8434109
HIFIUSDT,BUY,LIMIT,1701968146340,60,0.8373667
HIFIUSDT,BUY,LIMIT,1701970181295,5117,0.8432984
HIFIUSDT,BUY,LIMIT,1701971814358,6023,0.8464340
HIFIUSDT,SELL,LIMIT,1701974287338,28,0.9033182
HIFIUSDT,SELL,LIMIT,1701974293868,4137,0.8121939
HIFIUSDT,SELL,LIMIT,1701974309936,7,0.8107252
HIFIUSDT,SELL,LIMIT,1701975830297,633,0.8154285
HIFIUSDT,BUY,LIMIT,1701979822223,331,0.8424686
HIFIUSDT,BUY,LIMIT,1701980366488,1883,0.8480462
HIFIUSDT,SELL,LIMIT,1701981519382,15,0.8154729
HIFIUSDT,BUY,LIMIT,1701983136333,1239,0.8424500
HIFIUSDT,BUY,LIMIT,1701984342325,118,0.8409719
HIFIUSDT,SELL,LIMIT,1701988451290,147,0.8116393
HIFIUSDT,SELL,LIMIT,1701989374794,416,0.8113125
HIFIUSDT,SELL,LIMIT,1701991036469,51,0.8079956
HIFIUSDT,BUY,LIMIT,1701992264980,73,0.8437382
HIFIUSDT,SELL,LIMIT,1701994879072,64,0.8092917
HIFIUSDT,SELL,LIMIT,1701994925479,61,0.8087247
HIFIUSDT,SELL,LIMIT,1701996172275,55,0.8029205
HIFIUSDT,SELL,LIMIT,1701997601821,303,0.7971606
HIFIUSDT,SELL,LIMIT,1701997659034,29,0.7953450
HIFIUSDT,SELL,LIMIT,1701997707951,6022,0.7949247
HIFIUSDT,SELL,LIMIT,1701997709564,14,0.7948753
HIFIUSDT,SELL,LIMIT,1701997757234,25,0.7944256
HIFIUSDT,BUY,LIMIT,1701998636512,25,0.8262779
HIFIUSDT,SELL,LIMIT,1702003490337,55,0.7936578
HIFIUSDT,SELL,LIMIT,1702003654164,15,0.7985255
HIFIUSDT,BUY,LIMIT,1702007011001,97,0.8200481
HIFIUSDT,SELL,LIMIT,1702010700596,38,0.7945184
HIFIUSDT,SELL,LIMIT,1702010832066,17,0.7926450
HIFIUSDT,SELL,LIMIT,1702010852991,16,0.7925222
HIFIUSDT,SELL,LIMIT,1702010854625,9586,0.7892181
HIFIUSDT,SELL,LIMIT,1702010856056,284,0.7919217
HIFIUSDT,SELL,LIMIT,1702010863318,620,0.7915530
HIFIUSDT,SELL,LIMIT,1702010874302,20,0.7914665
HIFIUSDT,SELL,LIMIT,1702011201486,251,0.7895531
HIFIUSDT,BUY,LIMIT,1702015763294,21,0.8209234
HIFIUSDT,BUY,LIMIT,1702015819455,1300,0.8219588
HIFIUSDT,SELL,LIMIT,1702017252293,4819,0.7963883
HIFIUSDT,SELL,LIMIT,1702019023641,6,0.8011231
HIFIUSDT,SELL,LIMIT,1702023371188,177,0.7871027
HIFIUSDT,SELL,LIMIT,1702023372509,165,0.7871490
HIFIUSDT,SELL,LIMIT,1702023647336,24,0.7858814
HIFIUSDT,SELL,LIMIT,1702025913111,153,0.7856119
HIFIUSDT,BUY,LIMIT,1702035736875,301,0.8239295
HIFIUSDT,SELL,LIMIT,1702040951242,87,0.7967446
HIFIUSDT,SELL,LIMIT,1702045726790,4848,0.8000429
HIFIUSDT,SELL,LIMIT,1702049337096,6134,0.7983568
HIFIUSDT,BUY,LIMIT,1702053445379,86,0.8284788
HIFIUSDT,BUY,LIMIT,1702080100179,97,0.8477280
HIFIUSDT,BUY,LIMIT,1702080687268,193,0.8425514
HIFIUSDT,SELL,LIMIT,1702081562183,1207,0.8119355
HIFIUSDT,BUY,LIMIT,1702085716153,1713,0.8341549
HIFIUSDT,BUY,LIMIT,1702091747774,130,0.8349693
HIFIUSDT,BUY,LIMIT,1702107530173,123,0.8406219
HIFIUSDT,BUY,LIMIT,1702108104306,97,0.8452920
HIFIUSDT,BUY,LIMIT,1702109723343,11,0.8468150
HIFIUSDT,BUY,LIMIT,1702109758300,114,0.8470175
HIFIUSDT,BUY,LIMIT,1702109776976,59,0.8469160
HIFIUSDT,BUY,LIMIT,1702109890763,761,0.8458007
HIFIUSDT,SELL,LIMIT,1702110881905,551,0.8134706
HIFIUSDT,SELL,LIMIT,1702110905663,240,0.8127330
HIFIUSDT,SELL,LIMIT,1702110971237,623,0.8096453
HIFIUSDT,SELL,LIMIT,1702110975209,571,0.8082258
HIFIUSDT,SELL,LIMIT,1702111044033,247,0.8038216
HIFIUSDT,SELL,LIMIT,1702111049509,365,0.8017037
HIFIUSDT,SELL,LIMIT,1702111190263,712,0.8017590
HIFIUSDT,SELL,LIMIT,1702111374624,600,0.8008516
HIFIUSDT,SELL,LIMIT,1702111379378,4525,0.7999132
HIFIUSDT,SELL,LIMIT,1702111395635,1529,0.7975354
HIFIUSDT,SELL,LIMIT,1702115029738,122,0.8066075
HIFIUSDT,SELL,LIMIT,1702124756658,1050,0.8002410
HIFIUSDT,SELL,LIMIT,1702129372191,1223,0.7988241
HIFIUSDT,SELL,LIMIT,1702138954468,11,0.8032676
HIFIUSDT,SELL,LIMIT,1702139259304,38,0.8013551
HIFIUSDT,SELL,LIMIT,1702139264073,37,0.8011685
HIFIUSDT,SELL,LIMIT,1702141705939,713,0.7954719
HIFIUSDT,SELL,LIMIT,1702141767439,1928,0.7951906
HIFIUSDT,SELL,LIMIT,1702164201675,459,0.7950765
HIFIUSDT,SELL,LIMIT,1702164527098,12271,0.7895956
HIFIUSDT,SELL,LIMIT,1702164545616,609,0.7917832
HIFIUSDT,SELL,LIMIT,1702164687054,5223,0.7902119
HIFIUSDT,SELL,LIMIT,1702164691255,3867,0.7880917
HIFIUSDT,SELL,LIMIT,1702164692395,30,0.7896088
HIFIUSDT,SELL,LIMIT,1702164747274,435,0.7879627
HIFIUSDT,SELL,LIMIT,1702164748282,112,0.7869761
HIFIUSDT,SELL,LIMIT,1702164803386,1232,0.7850380
HIFIUSDT,SELL,LIMIT,1702164804720,70,0.7853473
HIFIUSDT,SELL,LIMIT,1702164806557,24,0.7849586
HIFIUSDT,SELL,LIMIT,1702164808411,450,0.7840546
HIFIUSDT,SELL,LIMIT,1702164810666,62,0.7836942
HIFIUSDT,SELL,LIMIT,1702164813293,481,0.7822232
HIFIUSDT,SELL,LIMIT,1702164815272,75,0.8194799
HIFIUSDT,SELL,LIMIT,1702164816483,242,0.7821919
HIFIUSDT,SELL,LIMIT,1702164841189,215,0.7845625
HIFIUSDT,SELL,LIMIT,1702164867297,16480,0.7786290
HIFIUSDT,BUY,LIMIT,1702166474611,408,0.8188503
HIFIUSDT,BUY,LIMIT,1702167718239,403,0.8233182
HIFIUSDT,SELL,LIMIT,1702174553360,3879,0.7864046
HIFIUSDT,SELL,LIMIT,1702178651573,38,0.7817024
HIFIUSDT,SELL,LIMIT,1702178653229,4872,0.7815597
HIFIUSDT,SELL,LIMIT,1702196733509,552,0.7855476
HIFIUSDT,SELL,LIMIT,1702197083304,278,0.7837646
HIFIUSDT,SELL,LIMIT,1702200666318,928,0.7787564
HIFIUSDT,SELL,LIMIT,1702200670343,122,0.7778155
HIFIUSDT,SELL,LIMIT,1702200731318,94,0.7772863
HIFIUSDT,SELL,LIMIT,1702200734262,1042,0.7770672
HIFIUSDT,SELL,LIMIT,1702200759627,85,0.7765724
HIFIUSDT,SELL,LIMIT,1702200764328,65,0.7754689
HIFIUSDT,SELL,LIMIT,1702200780642,62,0.7752529
HIFIUSDT,SELL,LIMIT,1702200884951,1000,0.7755290
HIFIUSDT,SELL,LIMIT,1702200891899,1307,0.7746884
HIFIUSDT,SELL,LIMIT,1702200920166,12,0.7741234
HIFIUSDT,SELL,LIMIT,1702200937510,2367,0.7733779
HIFIUSDT,SELL,LIMIT,1702200940262,30,0.7731531
HIFIUSDT,SELL,LIMIT,1702200945134,564,0.7728705
HIFIUSDT,SELL,LIMIT,1702200947596,424,0.7727596
HIFIUSDT,SELL,LIMIT,1702201905361,122,0.7717098
HIFIUSDT,SELL,LIMIT,1702202029483,13843,0.7672995
HIFIUSDT,SELL,LIMIT,1702202035898,330,0.7704399
HIFIUSDT,SELL,LIMIT,1702202054372,121,0.7703686
HIFIUSDT,SELL,LIMIT,1702202058237,1715,0.7698426
HIFIUSDT,SELL,LIMIT,1702202059255,1008,0.7701708
HIFIUSDT,SELL,LIMIT,1702202062647,12,0.7689336
HIFIUSDT,SELL,LIMIT,1702202063968,92,0.7687664
HIFIUSDT,SELL,LIMIT,1702202157134,60,0.7684760
HIFIUSDT,SELL,LIMIT,1702202178355,7911,0.7667429
HIFIUSDT,SELL,LIMIT,1702202182465,1770,0.7670343
HIFIUSDT,SELL,LIMIT,1702202185093,1493,0.7668335
HIFIUSDT,SELL,LIMIT,1702202186638,759,0.7662316
HIFIUSDT,SELL,LIMIT,1702202190256,9,0.7657752
HIFIUSDT,SELL,LIMIT,1702202263234,113,0.7667241
HIFIUSDT,SELL,LIMIT,1702202275571,45,0.7661428
HIFIUSDT,SELL,LIMIT,1702202290698,263,0.7659564
HIFIUSDT,SELL,LIMIT,1702202292272,61,0.7654234
HIFIUSDT,SELL,LIMIT,1702202294132,126,0.7645602
HIFIUSDT,SELL,LIMIT,1702202295204,20,0.7643311
HIFIUSDT,SELL,LIMIT,1702202312192,62,0.7621894
HIFIUSDT,SELL,LIMIT,1702202373453,2021,0.7617857
HIFIUSDT,SELL,LIMIT,1702202374915,908,0.7617246
HIFIUSDT,SELL,LIMIT,1702202381187,2083,0.7615939
HIFIUSDT,BUY,LIMIT,1702219691004,126,0.8058459
HIFIUSDT,BUY,LIMIT,1702220443298,666,0.8255706
HIFIUSDT,BUY,LIMIT,1702220447599,24554,0.8325727
HIFIUSDT,BUY,LIMIT,1702220454567,232,0.8325838
HIFIUSDT,BUY,LIMIT,1702220457119,42,0.8345021
HIFIUSDT,BUY,LIMIT,1702220839834,141,0.8346281
HIFIUSDT,SELL,LIMIT,1702221026478,1841,0.7983130
HIFIUSDT,SELL,LIMIT,1702221856405,244,0.7955507
HIFIUSDT,SELL,LIMIT,1702221979709,31,0.7949479
HIFIUSDT,SELL,LIMIT,1702222156637,1235,0.7930687
HIFIUSDT,SELL,LIMIT,1702225705275,132,0.7863095
HIFIUSDT,BUY,LIMIT,1702238061461,500,0.8137059
HIFIUSDT,BUY,LIMIT,1702240522472,289,0.8177215
HIFIUSDT,BUY,LIMIT,1702240614315,147,0.8182314
HIFIUSDT,SELL,LIMIT,1702250257122,83,0.7892665
HIFIUSDT,SELL,LIMIT,1702250259009,98,0.7887351
HIFIUSDT,SELL,LIMIT,1702256612308,17,0.7863985
HIFIUSDT,SELL,LIMIT,1702256855796,2183,0.7833236
HIFIUSDT,BUY,LIMIT,1702257872508,142,0.8110009
HIFIUSDT,SELL,LIMIT,1702260430097,322,0.7825829
HIFIUSDT,SELL,LIMIT,1702260630146,1000,0.7753669
HIFIUSDT,BUY,LIMIT,1702260631690,122,0.7989825
HIFIUSDT,SELL,LIMIT,1702260635778,1396,0.7747801
HIFIUSDT,SELL,LIMIT,1702260637586,309,0.7742212
HIFIUSDT,SELL,LIMIT,1702260665683,551,0.7739478
HIFIUSDT,SELL,LIMIT,1702260691385,7156,0.7715393
HIFIUSDT,SELL,LIMIT,1702260693456,110,0.7722744
HIFIUSDT,SELL,LIMIT,1702260695462,120,0.7713353
HIFIUSDT,SELL,LIMIT,1702260696875,219,0.7707940
HIFIUSDT,SELL,LIMIT,1702260710152,2086,0.7680790
HIFIUSDT,SELL,LIMIT,1702260711571,121,0.7669649
HIFIUSDT,SELL,LIMIT,1702260714986,1625,0.7676996
HIFIUSDT,SELL,LIMIT,1702260717515,100,0.7676389
HIFIUSDT,SELL,LIMIT,1702260718887,3505,0.7668450
HIFIUSDT,SELL,LIMIT,1702260720293,1400,0.7660853
HIFIUSDT,SELL,LIMIT,1702260721392,316,0.7657985
HIFIUSDT,SELL,LIMIT,1702260723689,253,0.7640793
HIFIUSDT,SELL,LIMIT,1702260724718,544,0.7615275
HIFIUSDT,SELL,LIMIT,1702260728321,17392,0.7571389
HIFIUSDT,SELL,LIMIT,1702260730536,8,0.7615401
HIFIUSDT,SELL,LIMIT,1702260731723,26,0.7605112
HIFIUSDT,SELL,LIMIT,1702260733523,5268,0.7596068
HIFIUSDT,SELL,LIMIT,1702260735115,15165,0.7547843
HIFIUSDT,SELL,LIMIT,1702260736318,160,0.7577790
HIFIUSDT,SELL,LIMIT,1702260737520,218,0.7565719
HIFIUSDT,SELL,LIMIT,1702260738704,2574,0.7563658
HIFIUSDT,SELL,LIMIT,1702260741182,24254,0.7509938
HIFIUSDT,SELL,LIMIT,1702260742227,1042,0.7560535
HIFIUSDT,SELL,LIMIT,1702260744596,1712,0.7512140
HIFIUSDT,SELL,LIMIT,1702260745660,273,0.7507917
HIFIUSDT,SELL,LIMIT,1702260747038,304,0.7507689
HIFIUSDT,SELL,LIMIT,1702260748431,209,0.7503033
HIFIUSDT,SELL,LIMIT,1702260749890,30862,0.7420917
HIFIUSDT,SELL,LIMIT,1702260750919,151,0.7487769
HIFIUSDT,SELL,LIMIT,1702260752583,176,0.7479073
HIFIUSDT,SELL,LIMIT,1702260754155,31486,0.7402587
HIFIUSDT,SELL,LIMIT,1702260755806,691,0.7440244
HIFIUSDT,SELL,LIMIT,1702260757423,3620,0.7368555
HIFIUSDT,SELL,LIMIT,1702260758425,6901,0.7426552
HIFIUSDT,SELL,LIMIT,1702260759710,252,0.7361850
HIFIUSDT,SELL,LIMIT,1702260760694,9265,0.7295054
HIFIUSDT,SELL,LIMIT,1702260761749,2458,0.7307491
HIFIUSDT,SELL,LIMIT,1702260762754,3873,0.7267522
HIFIUSDT,SELL,LIMIT,1702260763831,142,0.7249288
HIFIUSDT,SELL,LIMIT,1702260764870,16,0.7235035
HIFIUSDT,SELL,LIMIT,1702260766139,27,0.7223197
HIFIUSDT,SELL,LIMIT,1702260767508,581,0.7088247
HIFIUSDT,SELL,LIMIT,1702260768541,187,0.7088247
HIFIUSDT,SELL,LIMIT,1702260769739,677,0.7094626
HIFIUSDT,SELL,LIMIT,1702260770864,10,0.7057836
HIFIUSDT,SELL,LIMIT,1702260771886,721,0.7043996
HIFIUSDT,SELL,LIMIT,1702260772988,283,0.7021969
HIFIUSDT,SELL,LIMIT,1702260774078,4945,0.7018202
HIFIUSDT,SELL,LIMIT,1702260775093,5142,0.7002493
HIFIUSDT,SELL,LIMIT,1702260776174,6159,0.6987478
HIFIUSDT,SELL,LIMIT,1702260777855,1304,0.7010936
HIFIUSDT,SELL,LIMIT,1702260779603,277,0.7045934
HIFIUSDT,SELL,LIMIT,1702260781138,1373,0.7043863
HIFIUSDT,SELL,LIMIT,1702260782188,959,0.6978177
HIFIUSDT,SELL,LIMIT,1702260783293,13,0.6953086
HIFIUSDT,SELL,LIMIT,1702260784665,52,0.6904828
HIFIUSDT,SELL,LIMIT,1702260785751,5336,0.6931017
HIFIUSDT,SELL,LIMIT,1702260787107,300,0.6938258
HIFIUSDT,SELL,LIMIT,1702260788319,363,0.6898054
HIFIUSDT,SELL,LIMIT,1702260789617,1443,0.6913574
HIFIUSDT,SELL,LIMIT,1702260790739,417,0.6905734
HIFIUSDT,SELL,LIMIT,1702260791805,23,0.6923566
HIFIUSDT,SELL,LIMIT,1702260792979,9,0.6871023
HIFIUSDT,SELL,LIMIT,1702260795563,49,0.6941573
HIFIUSDT,SELL,LIMIT,1702260797430,247,0.6944537
HIFIUSDT,SELL,LIMIT,1702260798972,616,0.6944537
HIFIUSDT,SELL,LIMIT,1702260800301,64,0.7007279
HIFIUSDT,SELL,LIMIT,1702260801302,1239,0.7008294
HIFIUSDT,SELL,LIMIT,1702260803373,203,0.6941189
HIFIUSDT,SELL,LIMIT,1702260804518,200,0.6982842
HIFIUSDT,SELL,LIMIT,1702260805894,5000,0.7030201
HIFIUSDT,SELL,LIMIT,1702260807355,113,0.6949404
HIFIUSDT,SELL,LIMIT,1702260808396,55,0.6930100
HIFIUSDT,SELL,LIMIT,1702260809627,28525,0.6877272
HIFIUSDT,SELL,LIMIT,1702260811053,1046,0.6929344
HIFIUSDT,SELL,LIMIT,1702260812222,49,0.6914021
HIFIUSDT,BUY,LIMIT,1702260814160,33,0.7123970
HIFIUSDT,SELL,LIMIT,1702260815654,1397,0.6915607
HIFIUSDT,SELL,LIMIT,1702260817082,9,0.6913746
HIFIUSDT,SELL,LIMIT,1702260818197,200,0.6911576
HIFIUSDT,SELL,LIMIT,1702260819253,606,0.7240964
HIFIUSDT,SELL,LIMIT,1702260820619,587,0.6910267
HIFIUSDT,SELL,LIMIT,1702260823240,31515,0.6857468
HIFIUSDT,SELL,LIMIT,1702260831745,1078,0.6956409
HIFIUSDT,BUY,LIMIT,1702260845252,500,0.7170975
HIFIUSDT,BUY,LIMIT,1702260847873,626,0.7173420
HIFIUSDT,BUY,LIMIT,1702260851456,84,0.7249130
HIFIUSDT,SELL,LIMIT,1702260856058,4,0.7062451
HIFIUSDT,BUY,LIMIT,1702260874336,30,0.7344540
HIFIUSDT,SELL,LIMIT,1702261581106,570,0.7269098
HIFIUSDT,SELL,LIMIT,1702262988045,602,0.7227799
