Symbol,Side,Order Type,Time,Quantity,Price
HIGHUSDT,SELL,LIMIT,1701066592044,228.1,1.419901
HIGHUSDT,SELL,LIMIT,1701067848983,252.1,1.407828
HIGHUSDT,SELL,LIMIT,1701067874573,16.9,1.404174
HIGHUSDT,SELL,LIMIT,1701068097088,232.8,1.401070
HIGHUSDT,SELL,LIMIT,1701068098213,163.7,1.400819
HIGHUSDT,SELL,LIMIT,1701068151450,76.1,1.396556
HIGHUSDT,SELL,LIMIT,1701068159280,5.4,1.395608
HIGHUSDT,BUY,LIMIT,1701069025199,12.7,1.463430
HIGHUSDT,SELL,LIMIT,1701069665925,16.2,1.389586
HIGHUSDT,SELL,LIMIT,1701069856618,89.8,1.391469
HIGHUSDT,SELL,LIMIT,1701069879696,2307.0,1.382105
HIGHUSDT,SELL,LIMIT,1701069881437,76.5,1.380802
HIGHUSDT,SELL,LIMIT,1701069885833,20.6,1.379351
HIGHUSDT,SELL,LIMIT,1701069892401,3580.5,1.378036
HIGHUSDT,SELL,LIMIT,1701069894558,7814.1,1.374017
HIGHUSDT,SELL,LIMIT,1701069896114,1220.0,1.375951
HIGHUSDT,SELL,LIMIT,1701069897196,43.1,1.375270
HIGHUSDT,SELL,LIMIT,1701069899684,368.8,1.373976
HIGHUSDT,SELL,LIMIT,1701069901990,31.8,1.374577
HIGHUSDT,SELL,LIMIT,1701070167054,20.8,1.384382
HIGHUSDT,SELL,LIMIT,1701081165219,86.6,1.385803
HIGHUSDT,SELL,LIMIT,1701082163317,170.1,1.376570
HIGHUSDT,SELL,LIMIT,1701082673064,1848.4,1.369051
HIGHUSDT,SELL,LIMIT,1701082674150,58.4,1.368215
HIGHUSDT,SELL,LIMIT,1701082678376,174.6,1.366492
HIGHUSDT,SELL,LIMIT,1701095332033,74.9,1.377192
HIGHUSDT,SELL,LIMIT,1701095612152,41.3,1.373014
HIGHUSDT,SELL,LIMIT,1701100023221,22.7,1.363226
HIGHUSDT,SELL,LIMIT,1701100239243,4.0,1.360255
HIGHUSDT,SELL,LIMIT,1701100497450,54.6,1.359737
HIGHUSDT,SELL,LIMIT,1701100552656,8.8,1.357551
HIGHUSDT,SELL,LIMIT,1701100565801,208.3,1.355774
HIGHUSDT,SELL,LIMIT,1701100570087,2.1,1.356321
HIGHUSDT,SELL,LIMIT,1701101140199,1403.5,1.354102
HIGHUSDT,SELL,LIMIT,1701101141292,1546.4,1.353615
HIGHUSDT,SELL,LIMIT,1701101142399,27.2,1.353760
HIGHUSDT,SELL,LIMIT,1701101148548,683.3,1.351258
HIGHUSDT,BUY,LIMIT,1701106149173,384.6,1.408612
HIGHUSDT,SELL,LIMIT,1701111191137,98.1,1.482081
HIGHUSDT,SELL,LIMIT,1701111994157,1387.9,1.355341
HIGHUSDT,SELL,LIMIT,1701112211611,84.8,1.352489
HIGHUSDT,SELL,LIMIT,1701114162318,559.1,1.349999
HIGHUSDT,SELL,LIMIT,1701114215305,2454.1,1.345112
HIGHUSDT,SELL,LIMIT,1701114216581,75.2,1.343519
HIGHUSDT,SELL,LIMIT,1701114230374,25.1,1.342530
HIGHUSDT,SELL,LIMIT,1701114231416,260.8,1.342143
HIGHUSDT,SELL,LIMIT,1701114238367,1353.1,1.340646
HIGHUSDT,SELL,LIMIT,1701114277026,696.8,1.340578
HIGHUSDT,SELL,LIMIT,1701114359207,1862.9,1.340075
HIGHUSDT,SELL,LIMIT,1701114368763,5.8,1.341090
HIGHUSDT,SELL,LIMIT,1701114471426,383.6,1.339470
HIGHUSDT,SELL,LIMIT,1701114475072,525.6,1.337607
HIGHUSDT,SELL,LIMIT,1701116871144,74.1,1.336585
HIGHUSDT,SELL,LIMIT,1701116950336,12.0,1.361965
HIGHUSDT,SELL,LIMIT,1701118446697,16.3,1.338564
HIGHUSDT,BUY,LIMIT,1701129606835,150.1,1.439354
HIGHUSDT,BUY,LIMIT,1701132624189,163.5,1.450544
HIGHUSDT,BUY,LIMIT,1701137810743,130.6,1.502543
HIGHUSDT,SELL,LIMIT,1701149845730,1000.0,1.410222
HIGHUSDT,SELL,LIMIT,1701151552921,171.3,1.398008
HIGHUSDT,SELL,LIMIT,1701151562230,680.7,1.395844
HIGHUSDT,SELL,LIMIT,1701151627187,82.4,1.394380
HIGHUSDT,SELL,LIMIT,1701155626098,41.4,1.425550
HIGHUSDT,BUY,LIMIT,1701166486083,71.9,1.507449
HIGHUSDT,SELL,LIMIT,1701186857310,20.2,1.449368
HIGHUSDT,BUY,LIMIT,1701189652311,17301.0,1.515080
HIGHUSDT,BUY,LIMIT,1701189845805,2831.1,1.515679
HIGHUSDT,BUY,LIMIT,1701197853681,68.5,1.503131
HIGHUSDT,BUY,LIMIT,1701200479059,68.5,1.510038
HIGHUSDT,SELL,LIMIT,1701211809321,141.3,1.425494
HIGHUSDT,SELL,LIMIT,1701211943142,596.6,1.411856
HIGHUSDT,SELL,LIMIT,1701211955305,4.9,1.409790
HIGHUSDT,SELL,LIMIT,1701211956480,674.7,1.408642
HIGHUSDT,SELL,LIMIT,1701225202014,153.9,1.406442
HIGHUSDT,SELL,LIMIT,1701245752088,8.9,1.408480
HIGHUSDT,SELL,LIMIT,1701250244591,279.9,1.397231
HIGHUSDT,SELL,LIMIT,1701250266116,4.4,1.396735
HIGHUSDT,SELL,LIMIT,1701251619201,272.4,1.394387
HIGHUSDT,SELL,LIMIT,1701253616212,101.4,1.391809
HIGHUSDT,SELL,LIMIT,1701254047028,1727.2,1.389686
HIGHUSDT,SELL,LIMIT,1701254360760,177.2,1.387808
HIGHUSDT,SELL,LIMIT,1701254618037,3242.3,1.382751
HIGHUSDT,SELL,LIMIT,1701254623347,89.0,1.382028
HIGHUSDT,SELL,LIMIT,1701254646047,638.1,1.380762
HIGHUSDT,SELL,LIMIT,1701254648554,3.5,1.380477
HIGHUSDT,SELL,LIMIT,1701254669883,23.4,1.380122
HIGHUSDT,SELL,LIMIT,1701263855233,3301.2,1.376135
HIGHUSDT,SELL,LIMIT,1701263877567,200.0,1.375174
HIGHUSDT,SELL,LIMIT,1701264283199,69.2,1.372233
HIGHUSDT,SELL,LIMIT,1701264593925,3396.5,1.366336
HIGHUSDT,SELL,LIMIT,1701268899265,80.4,1.363353
HIGHUSDT,SELL,LIMIT,1701269253202,189.3,1.361032
HIGHUSDT,SELL,LIMIT,1701269262458,13.0,1.360170
HIGHUSDT,SELL,LIMIT,1701269293176,4.1,1.359971
HIGHUSDT,SELL,LIMIT,1701269738046,16.5,1.354763
HIGHUSDT,SELL,LIMIT,1701270342394,619.3,1.353834
HIGHUSDT,SELL,LIMIT,1701270453847,16.6,1.351180
HIGHUSDT,SELL,LIMIT,1701270611219,3658.9,1.347900
HIGHUSDT,SELL,LIMIT,1701270612226,16.9,1.347303
HIGHUSDT,SELL,LIMIT,1701270615362,86.0,1.346047
HIGHUSDT,SELL,LIMIT,1701284959521,343.1,1.366598
HIGHUSDT,BUY,LIMIT,1701305566180,9.5,1.429072
HIGHUSDT,SELL,LIMIT,1701335501754,627.1,1.360241
HIGHUSDT,BUY,LIMIT,1701349528761,3.7,1.418568
HIGHUSDT,SELL,LIMIT,1701353016398,347.6,1.354361
HIGHUSDT,SELL,LIMIT,1701355413317,4454.2,1.350931
HIGHUSDT,SELL,LIMIT,1701375914487,511.6,1.346339
HIGHUSDT,BUY,LIMIT,1701396102301,168.2,1.434813
HIGHUSDT,BUY,LIMIT,1701396811208,13.2,1.441159
HIGHUSDT,SELL,LIMIT,1701429898900,5.8,1.359357
HIGHUSDT,SELL,LIMIT,1701486004387,0.1,1.375861
HIGHUSDT,BUY,LIMIT,1701486006775,7.1,1.432033
HIGHUSDT,BUY,LIMIT,1701500320776,18.0,1.457213
