Symbol,Side,Order Type,Time,Quantity,Price
HIGHUSDT,BUY,LIMIT,1701923851479,19.7,1.613904
HIGHUSDT,SELL,LIMIT,1701929704077,1001.8,1.509044
HIGHUSDT,SELL,LIMIT,1701939119971,2580.7,1.505793
HIGHUSDT,SELL,LIMIT,1701939357498,11.3,1.502444
HIGHUSDT,SELL,LIMIT,1701939367882,3.6,1.500320
HIGHUSDT,SELL,LIMIT,1701939571087,362.6,1.494863
HIGHUSDT,SELL,LIMIT,1701939575089,130.8,1.493334
HIGHUSDT,SELL,LIMIT,1701940025092,97.3,1.489140
HIGHUSDT,SELL,LIMIT,1701940055775,369.0,1.486952
HIGHUSDT,SELL,LIMIT,1701940473922,33.7,1.486442
HIGHUSDT,SELL,LIMIT,1701940558565,88.0,1.483003
HIGHUSDT,SELL,LIMIT,1701940563034,216.0,1.481949
HIGHUSDT,SELL,LIMIT,1701940567501,117.2,1.478512
HIGHUSDT,SELL,LIMIT,1701940570231,75.0,1.475050
HIGHUSDT,SELL,LIMIT,1701940571246,190.1,1.474903
HIGHUSDT,SELL,LIMIT,1701941110379,949.4,1.471068
HIGHUSDT,SELL,LIMIT,1701941160691,182.3,1.468868
HIGHUSDT,SELL,LIMIT,1701941161893,13.7,1.464585
HIGHUSDT,SELL,LIMIT,1701941170538,3.6,1.462131
HIGHUSDT,SELL,LIMIT,1701941172132,172.2,1.460825
HIGHUSDT,SELL,LIMIT,1701941181070,2158.9,1.459891
HIGHUSDT,SELL,LIMIT,1701941184113,61.9,1.456063
HIGHUSDT,SELL,LIMIT,1701941185260,259.3,1.454887
HIGHUSDT,SELL,LIMIT,1701941236959,817.1,1.460352
HIGHUSDT,BUY,LIMIT,1701953976591,0.1,1.558560
HIGHUSDT,BUY,LIMIT,1701974242362,10.6,1.602807
HIGHUSDT,BUY,LIMIT,1701996347635,53.4,1.650863
HIGHUSDT,BUY,LIMIT,1701996349293,147.9,1.700676
HIGHUSDT,BUY,LIMIT,1701996370484,6.1,1.730021
HIGHUSDT,BUY,LIMIT,1701996372131,51.4,1.735072
HIGHUSDT,BUY,LIMIT,1701996374842,43.6,1.739241
HIGHUSDT,BUY,LIMIT,1701996384990,439.3,1.756082
HIGHUSDT,BUY,LIMIT,1701996386175,353.0,1.775469
HIGHUSDT,BUY,LIMIT,1701996388128,87.1,1.781836
HIGHUSDT,BUY,LIMIT,1701996407705,1644.9,1.804021
HIGHUSDT,BUY,LIMIT,1701996421397,223.4,1.811111
HIGHUSDT,BUY,LIMIT,1701996429296,5598.5,1.827607
HIGHUSDT,BUY,LIMIT,1701996434117,1971.3,1.839060
HIGHUSDT,BUY,LIMIT,1701996475763,844.6,1.844782
HIGHUSDT,BUY,LIMIT,1701996477625,45.8,1.855793
HIGHUSDT,BUY,LIMIT,1701996481517,6708.3,1.867439
HIGHUSDT,BUY,LIMIT,1701996525211,98.3,1.873042
HIGHUSDT,SELL,LIMIT,1701996650164,11.5,1.748111
HIGHUSDT,SELL,LIMIT,1701996682462,324.6,1.738060
HIGHUSDT,SELL,LIMIT,1701996684019,164.8,1.735410
HIGHUSDT,SELL,LIMIT,1701997218397,21.6,1.739164
HIGHUSDT,SELL,LIMIT,1701997289428,165.5,1.733703
HIGHUSDT,SELL,LIMIT,1701997458442,692.5,1.724613
HIGHUSDT,SELL,LIMIT,1701997460310,3.4,1.722177
HIGHUSDT,SELL,LIMIT,1701997467196,88.7,1.720740
HIGHUSDT,SELL,LIMIT,1701997603251,826.9,1.715643
HIGHUSDT,BUY,LIMIT,1701997869244,5.9,1.821204
HIGHUSDT,BUY,LIMIT,1701997871175,238.4,1.827068
HIGHUSDT,SELL,LIMIT,1701998107156,195.8,1.716063
HIGHUSDT,BUY,LIMIT,1701998353270,54.7,1.826381
HIGHUSDT,BUY,LIMIT,1701998566210,90.0,1.838836
HIGHUSDT,BUY,LIMIT,1701998999785,126.5,1.845592
HIGHUSDT,BUY,LIMIT,1701999022248,2356.8,1.850844
HIGHUSDT,BUY,LIMIT,1701999032376,56.7,1.857149
HIGHUSDT,BUY,LIMIT,1701999036384,29.2,1.858219
HIGHUSDT,BUY,LIMIT,1701999071177,1586.3,1.864539
HIGHUSDT,BUY,LIMIT,1701999370541,14.8,1.865813
HIGHUSDT,BUY,LIMIT,1701999381820,226.6,1.869624
HIGHUSDT,BUY,LIMIT,1701999389090,11.2,1.872209
HIGHUSDT,BUY,LIMIT,1701999393332,113.2,1.874612
HIGHUSDT,BUY,LIMIT,1701999395558,79.4,1.876232
HIGHUSDT,BUY,LIMIT,1701999772350,2793.5,1.881551
HIGHUSDT,SELL,LIMIT,1701999920872,6.2,1.757959
HIGHUSDT,SELL,LIMIT,1701999927381,6.5,1.752921
HIGHUSDT,SELL,LIMIT,1701999966996,59.3,1.750445
HIGHUSDT,SELL,LIMIT,1701999968482,372.7,1.743618
HIGHUSDT,BUY,LIMIT,1702001009496,183.0,1.862599
HIGHUSDT,BUY,LIMIT,1702001028223,23.2,1.868644
HIGHUSDT,BUY,LIMIT,1702001048479,8.6,1.875210
HIGHUSDT,BUY,LIMIT,1702001061368,12.1,1.877878
HIGHUSDT,BUY,LIMIT,1702001063129,1331.2,1.879218
HIGHUSDT,BUY,LIMIT,1702001240373,234.6,1.884916
HIGHUSDT,SELL,LIMIT,1702001416794,2422.0,1.767684
HIGHUSDT,SELL,LIMIT,1702001417905,2711.4,1.760926
HIGHUSDT,SELL,LIMIT,1702001428802,12.3,1.757593
HIGHUSDT,SELL,LIMIT,1702001477543,55.0,1.754206
HIGHUSDT,SELL,LIMIT,1702001485103,15.1,1.749528
HIGHUSDT,SELL,LIMIT,1702001486172,76.2,1.748525
HIGHUSDT,SELL,LIMIT,1702001923562,15.0,1.776741
HIGHUSDT,BUY,LIMIT,1702002257618,2808.0,1.887771
HIGHUSDT,BUY,LIMIT,1702002260188,727.5,1.887860
HIGHUSDT,BUY,LIMIT,1702002262397,358.2,1.889640
HIGHUSDT,BUY,LIMIT,1702002356073,22.9,1.893224
HIGHUSDT,BUY,LIMIT,1702002738111,720.9,1.870576
HIGHUSDT,BUY,LIMIT,1702002774520,64.7,1.897048
HIGHUSDT,BUY,LIMIT,1702003015086,746.3,1.904922
HIGHUSDT,BUY,LIMIT,1702003023657,29.3,1.906443
HIGHUSDT,BUY,LIMIT,1702003027353,2724.7,1.907910
HIGHUSDT,BUY,LIMIT,1702003028378,1510.6,1.909645
HIGHUSDT,BUY,LIMIT,1702003029542,692.1,1.922590
HIGHUSDT,SELL,LIMIT,1702003200103,41.9,1.797657
HIGHUSDT,SELL,LIMIT,1702003239083,79.7,1.792157
HIGHUSDT,SELL,LIMIT,1702003315645,559.1,1.781614
HIGHUSDT,SELL,LIMIT,1702003322892,1861.3,1.780005
HIGHUSDT,SELL,LIMIT,1702003327403,20.9,1.778267
HIGHUSDT,SELL,LIMIT,1702003331135,19.4,1.777121
HIGHUSDT,SELL,LIMIT,1702003332447,153.9,1.776407
HIGHUSDT,SELL,LIMIT,1702003333520,3.7,1.770001
HIGHUSDT,SELL,LIMIT,1702003365431,201.1,1.757845
HIGHUSDT,SELL,LIMIT,1702003367091,21.3,1.747203
HIGHUSDT,SELL,LIMIT,1702003368119,118.1,1.752723
HIGHUSDT,SELL,LIMIT,1702003386335,6.1,1.746436
HIGHUSDT,SELL,LIMIT,1702003387373,128.7,1.741234
HIGHUSDT,SELL,LIMIT,1702003389451,70.4,1.735046
HIGHUSDT,BUY,LIMIT,1702003775404,84.4,1.825956
HIGHUSDT,BUY,LIMIT,1702003909471,65.9,1.836568
HIGHUSDT,BUY,LIMIT,1702004708116,110.1,1.880998
HIGHUSDT,BUY,LIMIT,1702004709266,8.2,1.876179
HIGHUSDT,BUY,LIMIT,1702004710517,368.2,1.884466
HIGHUSDT,BUY,LIMIT,1702004717296,3.3,1.887438
HIGHUSDT,SELL,LIMIT,1702004784525,2699.7,1.774105
HIGHUSDT,SELL,LIMIT,1702004787319,60.3,1.770202
HIGHUSDT,SELL,LIMIT,1702004793230,73.2,1.764560
HIGHUSDT,BUY,LIMIT,1702004995265,4.7,1.898716
HIGHUSDT,BUY,LIMIT,1702004997247,205.5,1.901201
HIGHUSDT,BUY,LIMIT,1702005265160,36.6,1.912467
HIGHUSDT,BUY,LIMIT,1702005347011,14.8,1.917923
HIGHUSDT,BUY,LIMIT,1702005348639,1648.3,1.926289
HIGHUSDT,BUY,LIMIT,1702005353628,33.1,1.928272
HIGHUSDT,BUY,LIMIT,1702005357279,203.8,1.929642
HIGHUSDT,BUY,LIMIT,1702005360532,2.8,1.934670
HIGHUSDT,BUY,LIMIT,1702005361894,17.8,1.938451
HIGHUSDT,BUY,LIMIT,1702005368053,26.4,1.940969
HIGHUSDT,BUY,LIMIT,1702005434097,1603.7,1.940244
HIGHUSDT,BUY,LIMIT,1702005439056,98.7,1.943373
HIGHUSDT,BUY,LIMIT,1702005724732,1021.3,1.946242
HIGHUSDT,BUY,LIMIT,1702005726264,2645.5,1.951219
HIGHUSDT,BUY,LIMIT,1702005746322,547.6,1.951397
HIGHUSDT,BUY,LIMIT,1702005763446,31.1,1.955712
HIGHUSDT,BUY,LIMIT,1702005768516,109.8,1.957644
HIGHUSDT,BUY,LIMIT,1702005772755,5.6,1.962592
HIGHUSDT,BUY,LIMIT,1702005801825,1080.4,1.961635
HIGHUSDT,BUY,LIMIT,1702005803619,147.0,1.966900
HIGHUSDT,BUY,LIMIT,1702005804833,11.3,1.970261
HIGHUSDT,BUY,LIMIT,1702005806537,13.8,1.972895
HIGHUSDT,BUY,LIMIT,1702006063280,13646.2,1.985030
HIGHUSDT,BUY,LIMIT,1702006065176,38.7,1.978986
HIGHUSDT,BUY,LIMIT,1702006066222,21.8,1.978912
HIGHUSDT,BUY,LIMIT,1702006069026,10.6,1.984122
HIGHUSDT,BUY,LIMIT,1702006098235,464.8,1.987690
HIGHUSDT,BUY,LIMIT,1702006099391,11.7,1.987338
HIGHUSDT,BUY,LIMIT,1702006101510,485.6,1.993501
HIGHUSDT,BUY,LIMIT,1702007152869,0.1,1.986695
HIGHUSDT,BUY,LIMIT,1702007154277,113.3,1.988266
HIGHUSDT,BUY,LIMIT,1702007178157,35.8,1.991381
HIGHUSDT,BUY,LIMIT,1702007193969,146.6,1.994180
HIGHUSDT,BUY,LIMIT,1702007319714,18.9,1.996140
HIGHUSDT,BUY,LIMIT,1702007321370,47.4,1.996156
HIGHUSDT,BUY,LIMIT,1702007355689,382.1,2.003739
HIGHUSDT,BUY,LIMIT,1702007360237,271.6,2.005988
HIGHUSDT,BUY,LIMIT,1702007362373,209.7,2.008729
HIGHUSDT,BUY,LIMIT,1702007363467,12.1,2.008693
HIGHUSDT,BUY,LIMIT,1702007364506,55.9,2.015956
HIGHUSDT,BUY,LIMIT,1702007365531,70.2,2.014314
HIGHUSDT,BUY,LIMIT,1702007366955,115.2,2.017212
HIGHUSDT,BUY,LIMIT,1702007368081,546.2,2.019874
HIGHUSDT,BUY,LIMIT,1702007374175,35.9,2.024993
HIGHUSDT,BUY,LIMIT,1702007396222,11.2,2.027610
HIGHUSDT,BUY,LIMIT,1702007406075,430.2,2.025861
HIGHUSDT,BUY,LIMIT,1702007525012,267.1,2.026957
HIGHUSDT,BUY,LIMIT,1702007526070,962.8,2.031445
HIGHUSDT,BUY,LIMIT,1702007527322,7.2,2.030353
HIGHUSDT,BUY,LIMIT,1702007528453,434.4,2.036223
HIGHUSDT,BUY,LIMIT,1702007529568,3050.3,2.038721
HIGHUSDT,BUY,LIMIT,1702007530602,10414.7,2.045165
HIGHUSDT,BUY,LIMIT,1702007531743,19.6,2.043674
HIGHUSDT,BUY,LIMIT,1702007538230,815.9,2.052743
HIGHUSDT,BUY,LIMIT,1702007540555,181.7,2.052257
HIGHUSDT,BUY,LIMIT,1702007542188,856.9,2.054648
HIGHUSDT,BUY,LIMIT,1702007546261,135.9,2.056050
HIGHUSDT,BUY,LIMIT,1702007548640,132.4,2.057346
HIGHUSDT,BUY,LIMIT,1702007550659,193.9,2.062266
HIGHUSDT,BUY,LIMIT,1702007813323,37.1,2.063514
HIGHUSDT,BUY,LIMIT,1702007817061,240.0,2.067308
HIGHUSDT,BUY,LIMIT,1702007819869,4042.0,2.074540
HIGHUSDT,BUY,LIMIT,1702007821140,127.8,2.076428
HIGHUSDT,BUY,LIMIT,1702007823332,1185.7,2.080099
HIGHUSDT,BUY,LIMIT,1702007825177,50.1,2.082208
HIGHUSDT,BUY,LIMIT,1702007826469,4.0,2.084264
HIGHUSDT,BUY,LIMIT,1702007828665,1102.8,2.084219
HIGHUSDT,BUY,LIMIT,1702007831062,309.1,2.088836
HIGHUSDT,BUY,LIMIT,1702007832196,9142.7,2.096875
HIGHUSDT,BUY,LIMIT,1702007876858,4.2,2.090816
HIGHUSDT,BUY,LIMIT,1702007920650,33.4,2.093445
HIGHUSDT,BUY,LIMIT,1702007922674,309.0,2.094344
HIGHUSDT,BUY,LIMIT,1702007923972,40.9,2.096258
HIGHUSDT,BUY,LIMIT,1702007925031,11.6,2.103706
HIGHUSDT,BUY,LIMIT,1702007926231,2465.2,2.110493
HIGHUSDT,BUY,LIMIT,1702007927268,70.8,2.112139
HIGHUSDT,BUY,LIMIT,1702007928370,7.3,2.120073
HIGHUSDT,BUY,LIMIT,1702007929383,13.9,2.119714
HIGHUSDT,BUY,LIMIT,1702007933079,12.4,2.132528
HIGHUSDT,BUY,LIMIT,1702007934208,54.1,2.123583
HIGHUSDT,BUY,LIMIT,1702007936132,560.2,2.142107
HIGHUSDT,BUY,LIMIT,1702007937231,48.8,2.131276
HIGHUSDT,BUY,LIMIT,1702007938823,2836.9,2.141578
HIGHUSDT,BUY,LIMIT,1702007939837,529.8,2.141325
HIGHUSDT,BUY,LIMIT,1702007940973,25.1,2.152090
HIGHUSDT,BUY,LIMIT,1702007942052,9740.4,2.161886
HIGHUSDT,BUY,LIMIT,1702007943077,3.0,2.171583
HIGHUSDT,BUY,LIMIT,1702007944165,603.3,2.167952
HIGHUSDT,BUY,LIMIT,1702007960070,30.1,2.179194
HIGHUSDT,BUY,LIMIT,1702007961359,294.2,2.176648
HIGHUSDT,BUY,LIMIT,1702008056854,620.1,2.172059
HIGHUSDT,SELL,LIMIT,1702008096041,20.9,1.998402
HIGHUSDT,SELL,LIMIT,1702008097276,231.5,1.997841
HIGHUSDT,SELL,LIMIT,1702008137568,45.2,1.992185
HIGHUSDT,SELL,LIMIT,1702008171359,259.4,1.986209
HIGHUSDT,SELL,LIMIT,1702008271426,2422.4,1.982373
HIGHUSDT,SELL,LIMIT,1702008273532,89.4,1.975875
HIGHUSDT,SELL,LIMIT,1702008274598,2423.8,1.971736
HIGHUSDT,SELL,LIMIT,1702008275636,93.1,1.958810
HIGHUSDT,SELL,LIMIT,1702008279876,38.2,1.947720
HIGHUSDT,SELL,LIMIT,1702008287092,48.8,1.942823
HIGHUSDT,SELL,LIMIT,1702008288205,482.6,1.943082
HIGHUSDT,SELL,LIMIT,1702008289365,6466.5,1.933975
HIGHUSDT,SELL,LIMIT,1702008291154,735.1,1.938400
HIGHUSDT,SELL,LIMIT,1702008292340,4.9,1.922351
HIGHUSDT,SELL,LIMIT,1702008293502,149.3,1.927660
HIGHUSDT,BUY,LIMIT,1702008368545,287.8,2.045511
HIGHUSDT,BUY,LIMIT,1702008375359,944.9,2.060621
HIGHUSDT,BUY,LIMIT,1702008444564,47.9,2.067643
HIGHUSDT,BUY,LIMIT,1702008457882,286.5,2.071080
HIGHUSDT,SELL,LIMIT,1702008516884,32.8,1.955441
HIGHUSDT,SELL,LIMIT,1702008521544,252.9,1.944516
HIGHUSDT,SELL,LIMIT,1702008558120,1128.6,1.938745
HIGHUSDT,SELL,LIMIT,1702008622988,498.5,1.929273
HIGHUSDT,SELL,LIMIT,1702008712588,278.5,1.922444
HIGHUSDT,BUY,LIMIT,1702008934910,76.2,2.046784
HIGHUSDT,BUY,LIMIT,1702008936099,60.0,2.050575
HIGHUSDT,BUY,LIMIT,1702008938181,20.4,2.056513
HIGHUSDT,BUY,LIMIT,1702009395791,132.3,2.064075
HIGHUSDT,BUY,LIMIT,1702009693457,57.0,2.070684
HIGHUSDT,BUY,LIMIT,1702009702413,748.2,2.075596
HIGHUSDT,BUY,LIMIT,1702009704507,10.3,2.076670
HIGHUSDT,SELL,LIMIT,1702009874409,843.2,1.942485
HIGHUSDT,SELL,LIMIT,1702009881444,63.6,1.939529
HIGHUSDT,SELL,LIMIT,1702009882822,68.2,1.926912
HIGHUSDT,SELL,LIMIT,1702009942056,9.8,1.922616
HIGHUSDT,SELL,LIMIT,1702009943343,3.3,1.919172
HIGHUSDT,SELL,LIMIT,1702010027727,16.0,1.920851
HIGHUSDT,SELL,LIMIT,1702010031086,1748.0,1.919736
HIGHUSDT,SELL,LIMIT,1702010068146,81.5,1.914051
HIGHUSDT,SELL,LIMIT,1702010069179,19.7,1.914277
HIGHUSDT,SELL,LIMIT,1702010277083,104.7,1.910232
HIGHUSDT,SELL,LIMIT,1702010765569,22.5,1.907052
HIGHUSDT,SELL,LIMIT,1702010774116,225.0,1.905520
HIGHUSDT,SELL,LIMIT,1702010776755,53.2,1.905152
HIGHUSDT,SELL,LIMIT,1702010779304,1477.0,1.902298
HIGHUSDT,SELL,LIMIT,1702011361726,6953.9,1.895055
HIGHUSDT,SELL,LIMIT,1702011363210,176.5,1.896841
HIGHUSDT,SELL,LIMIT,1702011365002,77.6,1.893756
HIGHUSDT,SELL,LIMIT,1702011366044,2540.6,1.889582
HIGHUSDT,SELL,LIMIT,1702011367069,60.2,1.891476
HIGHUSDT,SELL,LIMIT,1702011375341,94.3,1.886794
HIGHUSDT,SELL,LIMIT,1702011379304,1271.2,1.886451
HIGHUSDT,SELL,LIMIT,1702011499286,302.7,1.883297
HIGHUSDT,SELL,LIMIT,1702011502384,24.3,1.880660
HIGHUSDT,SELL,LIMIT,1702011504231,2.6,1.880090
HIGHUSDT,SELL,LIMIT,1702011505574,269.2,1.878587
HIGHUSDT,SELL,LIMIT,1702011506999,12388.5,1.867119
HIGHUSDT,SELL,LIMIT,1702011512177,828.3,1.872391
HIGHUSDT,SELL,LIMIT,1702011513186,17.4,1.871895
HIGHUSDT,SELL,LIMIT,1702011515208,25.5,1.869716
HIGHUSDT,BUY,LIMIT,1702012284479,24.2,2.009644
HIGHUSDT,SELL,LIMIT,1702013093279,8.4,1.921781
HIGHUSDT,BUY,LIMIT,1702013305118,255.9,2.000952
HIGHUSDT,BUY,LIMIT,1702013306444,10.4,1.998730
HIGHUSDT,BUY,LIMIT,1702013316328,87.2,1.992789
HIGHUSDT,SELL,LIMIT,1702013663109,679.2,1.888446
HIGHUSDT,SELL,LIMIT,1702013678223,70.4,1.883541
HIGHUSDT,SELL,LIMIT,1702013679348,454.5,1.884214
HIGHUSDT,SELL,LIMIT,1702013680533,8.4,1.876231
HIGHUSDT,SELL,LIMIT,1702014397306,65.7,1.876176
HIGHUSDT,SELL,LIMIT,1702014553079,10.7,1.867414
HIGHUSDT,SELL,LIMIT,1702014560094,31.3,1.864899
HIGHUSDT,SELL,LIMIT,1702014561714,34.3,1.859542
HIGHUSDT,SELL,LIMIT,1702014562990,66.9,1.857679
HIGHUSDT,SELL,LIMIT,1702014568156,115.7,1.852355
HIGHUSDT,SELL,LIMIT,1702014569860,232.6,1.851123
HIGHUSDT,SELL,LIMIT,1702014570903,136.3,1.848335
HIGHUSDT,SELL,LIMIT,1702014572690,115.3,1.847943
HIGHUSDT,SELL,LIMIT,1702014587122,11.2,1.844411
HIGHUSDT,SELL,LIMIT,1702014588375,9765.6,1.833460
HIGHUSDT,SELL,LIMIT,1702014589381,140.7,1.841335
HIGHUSDT,SELL,LIMIT,1702014592353,9.1,1.836101
HIGHUSDT,SELL,LIMIT,1702014593507,177.8,1.837501
HIGHUSDT,SELL,LIMIT,1702014595905,1852.3,1.835968
HIGHUSDT,SELL,LIMIT,1702015576558,210.2,1.832425
HIGHUSDT,SELL,LIMIT,1702015580869,71.0,1.828716
HIGHUSDT,SELL,LIMIT,1702015583321,177.8,1.826998
HIGHUSDT,SELL,LIMIT,1702015591107,129.2,1.825203
HIGHUSDT,BUY,LIMIT,1702015879056,14.7,1.878042
HIGHUSDT,SELL,LIMIT,1702016226137,75.3,1.824498
HIGHUSDT,SELL,LIMIT,1702016227332,531.0,1.824363
HIGHUSDT,SELL,LIMIT,1702016232116,203.7,1.820000
HIGHUSDT,SELL,LIMIT,1702016235163,1035.5,1.819634
HIGHUSDT,SELL,LIMIT,1702016236273,12.8,1.825832
HIGHUSDT,SELL,LIMIT,1702016237666,1096.3,1.817009
HIGHUSDT,SELL,LIMIT,1702016240233,251.2,1.812130
HIGHUSDT,SELL,LIMIT,1702016242636,1300.8,1.809252
HIGHUSDT,SELL,LIMIT,1702016244135,9.9,1.808205
HIGHUSDT,SELL,LIMIT,1702016246456,2135.7,1.807839
HIGHUSDT,SELL,LIMIT,1702016248191,173.5,1.805177
HIGHUSDT,SELL,LIMIT,1702016250623,3903.8,1.801536
HIGHUSDT,SELL,LIMIT,1702016254791,33.4,1.802703
HIGHUSDT,SELL,LIMIT,1702016255890,69.8,1.798675
HIGHUSDT,SELL,LIMIT,1702016263154,415.7,1.798275
HIGHUSDT,SELL,LIMIT,1702017153077,10.1,1.799231
HIGHUSDT,SELL,LIMIT,1702017166845,10.5,1.797401
HIGHUSDT,SELL,LIMIT,1702017172834,231.7,1.794601
HIGHUSDT,SELL,LIMIT,1702017219836,11.2,1.793254
HIGHUSDT,SELL,LIMIT,1702017243650,521.1,1.791061
HIGHUSDT,SELL,LIMIT,1702017262696,10.7,1.790043
HIGHUSDT,SELL,LIMIT,1702017535086,27.1,1.786217
HIGHUSDT,SELL,LIMIT,1702017536349,367.6,1.786959
HIGHUSDT,SELL,LIMIT,1702017537784,265.1,1.781854
HIGHUSDT,SELL,LIMIT,1702017545211,602.8,1.779617
HIGHUSDT,SELL,LIMIT,1702017556397,10.8,1.778775
HIGHUSDT,SELL,LIMIT,1702017560777,129.5,1.776371
HIGHUSDT,SELL,LIMIT,1702017564204,14.8,1.770007
HIGHUSDT,SELL,LIMIT,1702017566752,23.0,1.773496
HIGHUSDT,SELL,LIMIT,1702018461068,60.3,1.776049
HIGHUSDT,BUY,LIMIT,1702019441145,131.8,1.893386
HIGHUSDT,BUY,LIMIT,1702019445486,5011.7,1.903097
HIGHUSDT,BUY,LIMIT,1702019463774,55.0,1.905842
HIGHUSDT,BUY,LIMIT,1702019694603,578.6,1.910870
HIGHUSDT,BUY,LIMIT,1702019858617,42.2,1.912101
HIGHUSDT,BUY,LIMIT,1702019875373,65.7,1.915959
HIGHUSDT,SELL,LIMIT,1702020644434,1669.1,1.794613
HIGHUSDT,SELL,LIMIT,1702020679880,398.5,1.790761
HIGHUSDT,SELL,LIMIT,1702021419276,159.0,1.788426
HIGHUSDT,SELL,LIMIT,1702021421968,35.8,1.787320
HIGHUSDT,SELL,LIMIT,1702022011273,258.7,1.784100
HIGHUSDT,SELL,LIMIT,1702022017383,10.0,1.781646
HIGHUSDT,SELL,LIMIT,1702022272555,8409.5,1.774548
HIGHUSDT,SELL,LIMIT,1702022275176,32.6,1.780661
HIGHUSDT,SELL,LIMIT,1702022508169,48.6,1.772278
HIGHUSDT,SELL,LIMIT,1702022562687,5.5,1.769108
HIGHUSDT,SELL,LIMIT,1702022563943,99.6,1.764689
HIGHUSDT,SELL,LIMIT,1702022565293,2248.3,1.762359
HIGHUSDT,SELL,LIMIT,1702022567266,2794.1,1.759932
HIGHUSDT,SELL,LIMIT,1702022568352,116.8,1.759162
HIGHUSDT,SELL,LIMIT,1702022570318,4.4,1.757784
HIGHUSDT,SELL,LIMIT,1702022575286,54.0,1.755561
HIGHUSDT,SELL,LIMIT,1702022720481,4.9,1.754084
HIGHUSDT,SELL,LIMIT,1702022722096,56.6,1.752479
HIGHUSDT,SELL,LIMIT,1702022726207,136.9,1.749857
HIGHUSDT,BUY,LIMIT,1702023221188,9.9,1.868304
HIGHUSDT,BUY,LIMIT,1702023222372,557.5,1.869021
HIGHUSDT,BUY,LIMIT,1702023255930,119.5,1.872139
HIGHUSDT,SELL,LIMIT,1702026122215,53.2,1.782349
HIGHUSDT,SELL,LIMIT,1702026598719,272.4,1.762504
HIGHUSDT,SELL,LIMIT,1702026602144,68.4,1.759637
HIGHUSDT,SELL,LIMIT,1702026606183,195.3,1.757587
HIGHUSDT,SELL,LIMIT,1702029077815,178.2,1.757167
HIGHUSDT,SELL,LIMIT,1702029080440,117.1,1.756097
HIGHUSDT,SELL,LIMIT,1702029257225,2363.4,1.747045
HIGHUSDT,SELL,LIMIT,1702029264604,986.6,1.748570
HIGHUSDT,SELL,LIMIT,1702029281016,2680.9,1.747245
HIGHUSDT,SELL,LIMIT,1702029385091,285.9,1.743252
HIGHUSDT,SELL,LIMIT,1702029386100,10.8,1.744352
HIGHUSDT,SELL,LIMIT,1702029387124,110.1,1.737630
HIGHUSDT,SELL,LIMIT,1702029403424,10.0,1.736069
HIGHUSDT,SELL,LIMIT,1702029418523,3804.6,1.731606
HIGHUSDT,SELL,LIMIT,1702029419980,5.3,1.733386
HIGHUSDT,SELL,LIMIT,1702029421331,421.7,1.732877
HIGHUSDT,SELL,LIMIT,1702029423327,45.7,1.731841
HIGHUSDT,SELL,LIMIT,1702029565425,80.2,1.730616
HIGHUSDT,SELL,LIMIT,1702030033100,443.4,1.728259
HIGHUSDT,SELL,LIMIT,1702030040066,171.6,1.726309
HIGHUSDT,SELL,LIMIT,1702030042108,543.6,1.726075
HIGHUSDT,SELL,LIMIT,1702030054092,430.2,1.726206
HIGHUSDT,BUY,LIMIT,1702032774048,36.9,1.844794
HIGHUSDT,BUY,LIMIT,1702032775277,3.8,1.850599
HIGHUSDT,BUY,LIMIT,1702033338047,864.0,1.856344
HIGHUSDT,BUY,LIMIT,1702033353696,104.4,1.858163
HIGHUSDT,BUY,LIMIT,1702033380828,50.0,1.861434
HIGHUSDT,BUY,LIMIT,1702033425705,12.4,1.867187
HIGHUSDT,BUY,LIMIT,1702033871156,443.1,1.874721
HIGHUSDT,BUY,LIMIT,1702033894568,11.8,1.878038
HIGHUSDT,BUY,LIMIT,1702033929357,11.0,1.890149
HIGHUSDT,BUY,LIMIT,1702033963600,290.8,1.892436
HIGHUSDT,BUY,LIMIT,1702034773916,104.4,1.875664
HIGHUSDT,SELL,LIMIT,1702034788057,2069.7,1.804349
HIGHUSDT,SELL,LIMIT,1702035123176,15.0,1.789951
HIGHUSDT,BUY,LIMIT,1702036083674,19.2,1.861325
HIGHUSDT,SELL,LIMIT,1702036141480,93.6,1.782721
HIGHUSDT,SELL,LIMIT,1702036995378,925.6,1.766568
HIGHUSDT,SELL,LIMIT,1702037037391,30.6,1.763479
HIGHUSDT,SELL,LIMIT,1702037074754,3.2,1.763021
HIGHUSDT,BUY,LIMIT,1702038558357,140.8,1.879283
HIGHUSDT,BUY,LIMIT,1702039525240,9.8,1.898165
HIGHUSDT,BUY,LIMIT,1702039537634,100.4,1.904456
HIGHUSDT,BUY,LIMIT,1702039541144,4.2,1.906414
HIGHUSDT,BUY,LIMIT,1702039555109,81.0,1.912051
HIGHUSDT,BUY,LIMIT,1702039563172,3.3,1.924093
HIGHUSDT,BUY,LIMIT,1702039564232,190.9,1.920285
HIGHUSDT,BUY,LIMIT,1702039566458,416.8,1.926687
HIGHUSDT,BUY,LIMIT,1702039567612,694.5,1.925832
HIGHUSDT,BUY,LIMIT,1702039568715,54.3,1.931355
HIGHUSDT,BUY,LIMIT,1702040578167,3.2,1.937377
HIGHUSDT,BUY,LIMIT,1702040582199,101.2,1.937247
HIGHUSDT,BUY,LIMIT,1702040584176,934.9,1.945950
HIGHUSDT,BUY,LIMIT,1702040599544,3234.5,1.952993
HIGHUSDT,BUY,LIMIT,1702040601710,10.9,1.950595
HIGHUSDT,BUY,LIMIT,1702041555712,143.5,1.944691
HIGHUSDT,BUY,LIMIT,1702041746415,63.8,1.932908
HIGHUSDT,BUY,LIMIT,1702044958805,7.8,1.953766
HIGHUSDT,BUY,LIMIT,1702044960277,239.3,1.957489
HIGHUSDT,BUY,LIMIT,1702045814068,122.7,1.966733
HIGHUSDT,BUY,LIMIT,1702045829863,765.9,1.968375
HIGHUSDT,BUY,LIMIT,1702045994727,113.1,1.972415
HIGHUSDT,SELL,LIMIT,1702047195603,128.7,1.860687
HIGHUSDT,SELL,LIMIT,1702047207175,256.4,1.851710
HIGHUSDT,SELL,LIMIT,1702047209340,257.4,1.846140
HIGHUSDT,SELL,LIMIT,1702047216560,197.8,1.842865
HIGHUSDT,SELL,LIMIT,1702047217875,444.9,1.838107
HIGHUSDT,SELL,LIMIT,1702047220755,170.2,1.837543
HIGHUSDT,BUY,LIMIT,1702048823342,66.4,1.954537
HIGHUSDT,BUY,LIMIT,1702048880188,11.8,1.960858
HIGHUSDT,BUY,LIMIT,1702048894653,2150.8,1.964492
HIGHUSDT,BUY,LIMIT,1702048898110,185.3,1.964655
HIGHUSDT,BUY,LIMIT,1702048903811,34.1,1.968930
HIGHUSDT,BUY,LIMIT,1702048908888,1045.5,1.970777
HIGHUSDT,BUY,LIMIT,1702048954169,60.5,1.975905
HIGHUSDT,BUY,LIMIT,1702048956654,813.2,1.976208
HIGHUSDT,BUY,LIMIT,1702048957772,588.7,1.977850
HIGHUSDT,BUY,LIMIT,1702048961711,3672.2,1.982253
HIGHUSDT,BUY,LIMIT,1702049006711,49.8,1.987838
HIGHUSDT,BUY,LIMIT,1702049019051,10.0,1.988118
HIGHUSDT,BUY,LIMIT,1702049278210,2108.3,1.988802
HIGHUSDT,BUY,LIMIT,1702049287088,1315.6,1.994519
HIGHUSDT,BUY,LIMIT,1702049288522,65.3,1.991263
HIGHUSDT,BUY,LIMIT,1702049300703,2545.5,1.996721
HIGHUSDT,BUY,LIMIT,1702049359128,2524.3,1.998569
HIGHUSDT,BUY,LIMIT,1702049574451,4125.9,2.005711
HIGHUSDT,BUY,LIMIT,1702049737002,7.5,2.009002
HIGHUSDT,BUY,LIMIT,1702049738059,77.0,2.012157
HIGHUSDT,BUY,LIMIT,1702049739442,16.3,2.012967
HIGHUSDT,BUY,LIMIT,1702049741306,369.6,2.014926
HIGHUSDT,BUY,LIMIT,1702049756015,42.0,2.016806
HIGHUSDT,BUY,LIMIT,1702049768472,3.1,2.019238
HIGHUSDT,BUY,LIMIT,1702049778865,17.2,2.022244
HIGHUSDT,BUY,LIMIT,1702049805097,316.4,2.024871
HIGHUSDT,BUY,LIMIT,1702049806164,1981.7,2.028116
HIGHUSDT,BUY,LIMIT,1702049815207,1985.2,2.032860
HIGHUSDT,BUY,LIMIT,1702049818634,124.3,2.034031
HIGHUSDT,BUY,LIMIT,1702049823436,243.4,2.035456
HIGHUSDT,BUY,LIMIT,1702049838656,15.0,2.036464
HIGHUSDT,BUY,LIMIT,1702050277975,6420.1,2.047396
HIGHUSDT,BUY,LIMIT,1702050279472,27.7,2.042147
HIGHUSDT,BUY,LIMIT,1702050320273,132.0,2.045600
HIGHUSDT,BUY,LIMIT,1702050322609,10.4,2.047322
HIGHUSDT,BUY,LIMIT,1702050329324,1269.3,2.052359
HIGHUSDT,BUY,LIMIT,1702050331178,112.7,2.057085
HIGHUSDT,BUY,LIMIT,1702050333625,1283.9,2.054647
HIGHUSDT,BUY,LIMIT,1702050376966,1279.9,2.060946
HIGHUSDT,BUY,LIMIT,1702050378226,9.6,2.062368
HIGHUSDT,BUY,LIMIT,1702050379961,996.1,2.064813
HIGHUSDT,BUY,LIMIT,1702050381126,384.0,2.066031
HIGHUSDT,BUY,LIMIT,1702050382716,42.3,2.076036
HIGHUSDT,BUY,LIMIT,1702050383788,7.8,2.086666
HIGHUSDT,BUY,LIMIT,1702050385696,283.3,2.078571
HIGHUSDT,BUY,LIMIT,1702050397282,210.4,2.080154
HIGHUSDT,BUY,LIMIT,1702050606167,30.2,2.082919
HIGHUSDT,BUY,LIMIT,1702050705444,8.7,2.080657
HIGHUSDT,SELL,LIMIT,1702051145149,142.2,1.961165
HIGHUSDT,SELL,LIMIT,1702051239856,148.9,1.956314
HIGHUSDT,SELL,LIMIT,1702051243150,5.8,1.954732
HIGHUSDT,SELL,LIMIT,1702051245404,27.4,1.952879
HIGHUSDT,SELL,LIMIT,1702051247123,233.6,1.949949
HIGHUSDT,SELL,LIMIT,1702051250093,1786.3,1.941911
HIGHUSDT,SELL,LIMIT,1702051252533,415.4,1.941898
HIGHUSDT,BUY,LIMIT,1702051486401,103.7,2.062906
HIGHUSDT,BUY,LIMIT,1702051512444,551.0,2.055200
HIGHUSDT,SELL,LIMIT,1702051878274,36.7,1.936123
HIGHUSDT,SELL,LIMIT,1702052131003,6.5,1.935931
HIGHUSDT,SELL,LIMIT,1702052199076,469.7,1.933534
HIGHUSDT,SELL,LIMIT,1702052201818,59.3,1.931706
HIGHUSDT,SELL,LIMIT,1702052204304,687.3,1.929263
HIGHUSDT,SELL,LIMIT,1702052207148,198.2,1.927662
HIGHUSDT,SELL,LIMIT,1702052229938,21.9,1.926689
HIGHUSDT,SELL,LIMIT,1702052238192,24.7,1.922862
HIGHUSDT,SELL,LIMIT,1702052240674,3.3,1.918480
HIGHUSDT,BUY,LIMIT,1702052530226,43.1,2.017534
HIGHUSDT,BUY,LIMIT,1702052799615,10.0,2.028758
HIGHUSDT,BUY,LIMIT,1702053528680,579.0,2.045736
HIGHUSDT,SELL,LIMIT,1702054561333,434.9,1.928160
HIGHUSDT,SELL,LIMIT,1702055364171,240.2,1.922321
HIGHUSDT,SELL,LIMIT,1702055365226,55.4,1.920222
HIGHUSDT,SELL,LIMIT,1702055370235,145.6,1.920040
HIGHUSDT,SELL,LIMIT,1702055419428,3.9,1.916502
HIGHUSDT,SELL,LIMIT,1702055421561,77.4,1.917055
HIGHUSDT,SELL,LIMIT,1702055424975,4.7,1.912792
HIGHUSDT,SELL,LIMIT,1702055426767,70.9,1.912275
HIGHUSDT,SELL,LIMIT,1702055428862,5.6,1.910889
HIGHUSDT,SELL,LIMIT,1702055481303,17.8,1.909540
HIGHUSDT,SELL,LIMIT,1702056151550,50.2,1.910027
HIGHUSDT,SELL,LIMIT,1702056155782,30.1,1.907660
HIGHUSDT,SELL,LIMIT,1702056260178,2.5,1.906869
HIGHUSDT,SELL,LIMIT,1702056265577,14.1,1.904460
HIGHUSDT,SELL,LIMIT,1702056269895,397.2,1.904720
HIGHUSDT,SELL,LIMIT,1702056294046,413.5,1.903006
HIGHUSDT,SELL,LIMIT,1702056500627,32.5,1.901001
HIGHUSDT,SELL,LIMIT,1702056529038,68.5,1.898299
HIGHUSDT,SELL,LIMIT,1702056530356,2316.0,1.895881
HIGHUSDT,SELL,LIMIT,1702056537352,5.3,1.893749
HIGHUSDT,BUY,LIMIT,1702060197124,89.3,2.020864
HIGHUSDT,BUY,LIMIT,1702060222469,996.9,2.021371
HIGHUSDT,BUY,LIMIT,1702060363124,14.9,2.021748
HIGHUSDT,BUY,LIMIT,1702060705264,12.8,2.023735
HIGHUSDT,BUY,LIMIT,1702060737144,3.1,2.025985
HIGHUSDT,BUY,LIMIT,1702060739414,7.9,2.028064
HIGHUSDT,BUY,LIMIT,1702060743897,240.7,2.029689
HIGHUSDT,BUY,LIMIT,1702060750781,3.7,2.029689
HIGHUSDT,BUY,LIMIT,1702060765252,1150.3,2.033333
HIGHUSDT,BUY,LIMIT,1702060773271,51.5,2.036612
HIGHUSDT,BUY,LIMIT,1702060774301,347.5,2.035545
HIGHUSDT,BUY,LIMIT,1702060781471,72.5,2.038008
HIGHUSDT,BUY,LIMIT,1702060788122,5.1,2.038351
HIGHUSDT,BUY,LIMIT,1702060790501,181.3,2.039459
HIGHUSDT,BUY,LIMIT,1702060799299,28.4,2.039499
HIGHUSDT,SELL,LIMIT,1702060980519,137.9,1.942198
HIGHUSDT,BUY,LIMIT,1702062769697,127.4,2.039499
HIGHUSDT,BUY,LIMIT,1702064219138,410.0,2.020845
HIGHUSDT,SELL,LIMIT,1702065529050,12.9,1.952520
HIGHUSDT,SELL,LIMIT,1702065548608,1795.4,1.949468
HIGHUSDT,SELL,LIMIT,1702065559203,132.5,1.947557
HIGHUSDT,SELL,LIMIT,1702066613272,11.4,1.911565
HIGHUSDT,BUY,LIMIT,1702068255273,65.6,2.020532
HIGHUSDT,BUY,LIMIT,1702068763089,28.1,2.021532
HIGHUSDT,SELL,LIMIT,1702070694115,29.9,1.910363
HIGHUSDT,SELL,LIMIT,1702070695356,63.9,1.910435
HIGHUSDT,SELL,LIMIT,1702070696408,1123.6,1.906791
HIGHUSDT,SELL,LIMIT,1702070699456,66.8,1.905822
HIGHUSDT,BUY,LIMIT,1702071041028,11.9,1.981965
HIGHUSDT,SELL,LIMIT,1702071187823,204.2,1.900949
HIGHUSDT,SELL,LIMIT,1702071418358,276.2,1.900588
HIGHUSDT,SELL,LIMIT,1702071427507,48.5,1.898577
HIGHUSDT,SELL,LIMIT,1702071437799,55.0,1.898214
HIGHUSDT,SELL,LIMIT,1702071440464,40.1,1.897827
HIGHUSDT,SELL,LIMIT,1702071468348,192.4,1.896912
HIGHUSDT,SELL,LIMIT,1702071478035,1581.5,1.895968
HIGHUSDT,SELL,LIMIT,1702071678547,468.6,1.894963
HIGHUSDT,SELL,LIMIT,1702071681060,42.8,1.894056
HIGHUSDT,SELL,LIMIT,1702071708437,790.6,1.893401
HIGHUSDT,SELL,LIMIT,1702071715131,278.4,1.891201
HIGHUSDT,SELL,LIMIT,1702071717849,9.0,1.890446
HIGHUSDT,SELL,LIMIT,1702071722117,84.4,1.886810
HIGHUSDT,SELL,LIMIT,1702071725744,4.2,1.886516
HIGHUSDT,SELL,LIMIT,1702071728158,139.4,1.886497
HIGHUSDT,SELL,LIMIT,1702071729337,610.9,1.885833
HIGHUSDT,SELL,LIMIT,1702071770419,3.0,1.883144
HIGHUSDT,SELL,LIMIT,1702071772151,3.6,1.881895
HIGHUSDT,SELL,LIMIT,1702071773224,1249.3,1.880390
HIGHUSDT,SELL,LIMIT,1702071774511,49.6,1.876251
HIGHUSDT,SELL,LIMIT,1702071775752,81.5,1.873339
HIGHUSDT,SELL,LIMIT,1702072547623,13.6,1.871895
HIGHUSDT,SELL,LIMIT,1702072549639,4.3,1.869228
HIGHUSDT,SELL,LIMIT,1702072550661,112.7,1.867101
HIGHUSDT,SELL,LIMIT,1702072551817,234.7,1.866584
HIGHUSDT,SELL,LIMIT,1702072553329,30.9,1.862950
HIGHUSDT,BUY,LIMIT,1702074933430,154.5,1.955855
HIGHUSDT,SELL,LIMIT,1702075803048,93.1,1.861756
HIGHUSDT,SELL,LIMIT,1702075805293,137.2,1.857533
HIGHUSDT,SELL,LIMIT,1702075806353,85.0,1.859921
HIGHUSDT,SELL,LIMIT,1702075810004,96.7,1.856664
HIGHUSDT,SELL,LIMIT,1702076290074,48.7,1.855301
HIGHUSDT,SELL,LIMIT,1702076311482,152.7,1.853646
HIGHUSDT,SELL,LIMIT,1702076314134,264.9,1.853080
HIGHUSDT,SELL,LIMIT,1702076317176,1186.9,1.843820
HIGHUSDT,SELL,LIMIT,1702076318191,305.7,1.851673
HIGHUSDT,SELL,LIMIT,1702076464106,10.9,1.838712
HIGHUSDT,SELL,LIMIT,1702076952444,360.1,1.833887
HIGHUSDT,SELL,LIMIT,1702076956098,235.0,1.830640
HIGHUSDT,BUY,LIMIT,1702078509594,33.8,1.908816
HIGHUSDT,BUY,LIMIT,1702078512603,2659.5,1.906450
HIGHUSDT,SELL,LIMIT,1702078514261,10.0,1.832697
HIGHUSDT,BUY,LIMIT,1702078515880,18.1,1.901863
HIGHUSDT,BUY,LIMIT,1702078607218,5.0,1.873923
HIGHUSDT,SELL,LIMIT,1702078790141,698.1,1.828496
HIGHUSDT,SELL,LIMIT,1702078792334,52.0,1.828176
HIGHUSDT,BUY,LIMIT,1702078947887,41.0,1.908009
HIGHUSDT,BUY,LIMIT,1702080153053,26.5,1.938776
HIGHUSDT,BUY,LIMIT,1702080672121,91.9,1.960872
HIGHUSDT,BUY,LIMIT,1702080681190,22.7,1.962955
HIGHUSDT,BUY,LIMIT,1702080687268,73.4,1.964025
HIGHUSDT,BUY,LIMIT,1702081079850,100.1,1.968563
HIGHUSDT,BUY,LIMIT,1702081097931,86.2,1.972701
HIGHUSDT,BUY,LIMIT,1702081103253,68.1,1.973120
HIGHUSDT,BUY,LIMIT,1702081165192,11.1,1.975620
HIGHUSDT,BUY,LIMIT,1702081182107,2.7,1.978329
HIGHUSDT,BUY,LIMIT,1702081704314,1324.8,1.971660
HIGHUSDT,BUY,LIMIT,1702082012346,10.0,1.939476
HIGHUSDT,BUY,LIMIT,1702082105322,12.8,1.970749
HIGHUSDT,BUY,LIMIT,1702082439575,48.8,1.980809
HIGHUSDT,BUY,LIMIT,1702082860428,10.1,1.968022
HIGHUSDT,SELL,LIMIT,1702082921354,291.9,1.902263
HIGHUSDT,SELL,LIMIT,1702084066156,37.3,1.877093
HIGHUSDT,SELL,LIMIT,1702087183337,52.2,1.862623
HIGHUSDT,SELL,LIMIT,1702087346094,190.9,1.856836
HIGHUSDT,SELL,LIMIT,1702089908311,640.5,1.842161
HIGHUSDT,SELL,LIMIT,1702090069112,10.3,1.840169
HIGHUSDT,SELL,LIMIT,1702090622304,43.9,1.845759
HIGHUSDT,SELL,LIMIT,1702090740253,60.3,1.837277
HIGHUSDT,SELL,LIMIT,1702090882997,2.7,1.832204
HIGHUSDT,BUY,LIMIT,1702092401456,0.1,0.000000
HIGHUSDT,SELL,LIMIT,1702094118294,150.1,1.826727
HIGHUSDT,SELL,LIMIT,1702094143064,128.4,1.825894
HIGHUSDT,SELL,LIMIT,1702094144256,5.2,1.825457
HIGHUSDT,SELL,LIMIT,1702094145264,13.7,1.822792
HIGHUSDT,SELL,LIMIT,1702094146332,315.4,1.820234
HIGHUSDT,SELL,LIMIT,1702094147483,184.4,1.820193
HIGHUSDT,SELL,LIMIT,1702094149466,1748.3,1.816277
HIGHUSDT,SELL,LIMIT,1702094152621,376.8,1.813001
HIGHUSDT,SELL,LIMIT,1702094181713,2.9,1.812216
HIGHUSDT,SELL,LIMIT,1702094183728,21.4,1.810241
HIGHUSDT,SELL,LIMIT,1702094234090,288.2,1.806447
HIGHUSDT,SELL,LIMIT,1702094235195,693.3,1.806766
HIGHUSDT,SELL,LIMIT,1702094236556,5.8,1.803075
HIGHUSDT,SELL,LIMIT,1702094238109,60.1,1.801159
HIGHUSDT,SELL,LIMIT,1702094239224,419.1,1.799408
HIGHUSDT,SELL,LIMIT,1702094249799,8.2,1.795786
HIGHUSDT,SELL,LIMIT,1702094260114,129.3,1.795093
HIGHUSDT,SELL,LIMIT,1702094264325,25.4,1.794138
HIGHUSDT,SELL,LIMIT,1702094266505,6772.2,1.786645
HIGHUSDT,SELL,LIMIT,1702094269380,475.9,1.790242
HIGHUSDT,SELL,LIMIT,1702094274856,312.6,1.789483
HIGHUSDT,SELL,LIMIT,1702094295587,17.5,1.788582
HIGHUSDT,BUY,LIMIT,1702095186257,6085.2,1.917719
HIGHUSDT,BUY,LIMIT,1702101200168,79.3,1.902190
HIGHUSDT,BUY,LIMIT,1702101645883,10.1,1.897407
HIGHUSDT,BUY,LIMIT,1702102153620,12.5,1.913266
HIGHUSDT,BUY,LIMIT,1702102155628,303.8,1.918620
HIGHUSDT,BUY,LIMIT,1702102344301,240.5,1.904014
HIGHUSDT,BUY,LIMIT,1702103174129,186.9,1.926226
HIGHUSDT,BUY,LIMIT,1702103511316,388.1,1.920604
HIGHUSDT,BUY,LIMIT,1702103526617,74.2,1.937930
HIGHUSDT,BUY,LIMIT,1702103531111,1397.5,1.941083
HIGHUSDT,BUY,LIMIT,1702103541308,23.0,1.941994
HIGHUSDT,BUY,LIMIT,1702103543864,173.6,1.942825
HIGHUSDT,BUY,LIMIT,1702103553038,5.6,1.944413
HIGHUSDT,SELL,LIMIT,1702104986409,311.1,1.851992
HIGHUSDT,BUY,LIMIT,1702107972321,10.5,1.920472
HIGHUSDT,SELL,LIMIT,1702107981264,133.9,1.880371
HIGHUSDT,BUY,LIMIT,1702108058105,8.7,1.948610
HIGHUSDT,BUY,LIMIT,1702108059674,74.0,1.951904
HIGHUSDT,BUY,LIMIT,1702108061675,665.3,1.958381
HIGHUSDT,BUY,LIMIT,1702108064263,192.8,1.959434
HIGHUSDT,BUY,LIMIT,1702108068858,240.0,1.961396
HIGHUSDT,BUY,LIMIT,1702108086842,26.0,1.971900
HIGHUSDT,BUY,LIMIT,1702108103354,45.6,1.976395
HIGHUSDT,BUY,LIMIT,1702109741906,77.6,1.957244
HIGHUSDT,BUY,LIMIT,1702110200171,101.0,1.949373
HIGHUSDT,BUY,LIMIT,1702110237902,172.9,1.947714
HIGHUSDT,SELL,LIMIT,1702110269147,5.2,1.873062
HIGHUSDT,BUY,LIMIT,1702110277893,532.7,1.948152
HIGHUSDT,SELL,LIMIT,1702110405676,263.7,1.868848
HIGHUSDT,SELL,LIMIT,1702110438866,12.4,1.865656
HIGHUSDT,SELL,LIMIT,1702110860115,98.6,1.853874
HIGHUSDT,SELL,LIMIT,1702110976171,201.8,1.844292
HIGHUSDT,SELL,LIMIT,1702110979142,476.2,1.841421
HIGHUSDT,BUY,LIMIT,1702111031400,19.5,1.918620
HIGHUSDT,SELL,LIMIT,1702111032930,39.3,1.842401
HIGHUSDT,SELL,LIMIT,1702111036122,351.2,1.841421
HIGHUSDT,BUY,LIMIT,1702111043324,960.0,1.914475
HIGHUSDT,SELL,LIMIT,1702111162929,3615.9,1.830645
HIGHUSDT,SELL,LIMIT,1702111205686,20.7,1.827838
HIGHUSDT,SELL,LIMIT,1702111371459,70.0,1.828277
HIGHUSDT,SELL,LIMIT,1702111387508,389.1,1.825475
HIGHUSDT,SELL,LIMIT,1702111389492,545.0,1.823982
HIGHUSDT,BUY,LIMIT,1702127696272,102.0,1.944582
HIGHUSDT,SELL,LIMIT,1702132165272,3.1,1.917946
HIGHUSDT,SELL,LIMIT,1702133028042,51.8,1.853187
HIGHUSDT,SELL,LIMIT,1702134421128,131.3,1.852575
HIGHUSDT,SELL,LIMIT,1702134508108,10.5,1.843668
HIGHUSDT,SELL,LIMIT,1702134821828,375.8,1.840687
HIGHUSDT,SELL,LIMIT,1702134885109,101.2,1.840038
HIGHUSDT,SELL,LIMIT,1702135334571,9.5,1.832731
HIGHUSDT,SELL,LIMIT,1702135412360,112.1,1.832062
HIGHUSDT,SELL,LIMIT,1702135491331,366.6,1.831756
HIGHUSDT,SELL,LIMIT,1702135686470,156.3,1.830704
HIGHUSDT,SELL,LIMIT,1702135718529,260.4,1.830285
HIGHUSDT,BUY,LIMIT,1702139064481,23.0,1.930210
HIGHUSDT,SELL,LIMIT,1702139262969,103.5,1.852547
HIGHUSDT,SELL,LIMIT,1702141671862,2242.7,1.829250
HIGHUSDT,SELL,LIMIT,1702141697262,124.7,1.826056
HIGHUSDT,SELL,LIMIT,1702141700426,641.3,1.824460
HIGHUSDT,SELL,LIMIT,1702141759074,142.9,1.825030
HIGHUSDT,SELL,LIMIT,1702141767439,740.5,1.824552
HIGHUSDT,SELL,LIMIT,1702141780136,137.4,1.823956
HIGHUSDT,SELL,LIMIT,1702141848203,504.7,1.831438
HIGHUSDT,BUY,LIMIT,1702146509663,58.6,1.948773
HIGHUSDT,BUY,LIMIT,1702146516544,96.7,1.950700
HIGHUSDT,BUY,LIMIT,1702146555555,21.4,1.963743
HIGHUSDT,SELL,LIMIT,1702153648501,137.6,3.297791
HIGHUSDT,SELL,LIMIT,1702161271101,1100.1,1.847576
HIGHUSDT,SELL,LIMIT,1702161324959,349.6,1.842297
HIGHUSDT,SELL,LIMIT,1702162310188,93.5,1.828072
HIGHUSDT,SELL,LIMIT,1702162344339,20.4,1.824001
HIGHUSDT,SELL,LIMIT,1702162466114,8.8,1.823190
HIGHUSDT,SELL,LIMIT,1702164053307,1004.8,1.854259
HIGHUSDT,SELL,LIMIT,1702164210462,475.2,1.822030
HIGHUSDT,SELL,LIMIT,1702164212307,5350.3,1.816910
HIGHUSDT,SELL,LIMIT,1702164242803,741.5,1.818966
HIGHUSDT,SELL,LIMIT,1702164248724,72.8,1.818689
HIGHUSDT,SELL,LIMIT,1702164314432,31.4,1.815479
HIGHUSDT,SELL,LIMIT,1702164316391,3.3,1.814574
HIGHUSDT,SELL,LIMIT,1702164406318,369.5,1.813949
HIGHUSDT,SELL,LIMIT,1702164415409,7.8,1.813425
HIGHUSDT,SELL,LIMIT,1702164445008,263.8,1.810872
HIGHUSDT,SELL,LIMIT,1702164451437,37.3,1.809082
HIGHUSDT,SELL,LIMIT,1702164464990,36.3,1.806157
HIGHUSDT,SELL,LIMIT,1702164508133,19.8,1.804689
HIGHUSDT,SELL,LIMIT,1702164509447,158.1,1.803626
HIGHUSDT,SELL,LIMIT,1702164530060,486.2,1.803603
HIGHUSDT,SELL,LIMIT,1702164537612,53.3,1.810637
HIGHUSDT,SELL,LIMIT,1702164540457,485.8,1.800896
HIGHUSDT,SELL,LIMIT,1702164544180,5.2,1.800740
HIGHUSDT,SELL,LIMIT,1702164545368,8.8,1.798543
HIGHUSDT,SELL,LIMIT,1702164746548,69.7,1.799630
HIGHUSDT,SELL,LIMIT,1702164748099,413.7,1.802048
HIGHUSDT,SELL,LIMIT,1702164749525,14.2,1.798170
HIGHUSDT,SELL,LIMIT,1702164752473,2283.5,1.796341
HIGHUSDT,SELL,LIMIT,1702164765848,49.1,1.795956
HIGHUSDT,SELL,LIMIT,1702164800385,31.3,1.794923
HIGHUSDT,SELL,LIMIT,1702164801704,266.8,1.794680
HIGHUSDT,SELL,LIMIT,1702164806381,282.5,1.790357
HIGHUSDT,SELL,LIMIT,1702164807533,260.7,1.787712
HIGHUSDT,SELL,LIMIT,1702164809234,96.5,1.787709
HIGHUSDT,SELL,LIMIT,1702164810503,30.8,1.792233
HIGHUSDT,SELL,LIMIT,1702164814111,12499.6,1.778095
HIGHUSDT,SELL,LIMIT,1702164845028,26.4,1.796218
HIGHUSDT,SELL,LIMIT,1702192802170,28.1,1.801881
HIGHUSDT,SELL,LIMIT,1702200760273,368.4,1.795798
HIGHUSDT,SELL,LIMIT,1702201319498,12437.8,1.776885
HIGHUSDT,SELL,LIMIT,1702201321040,25.3,1.783831
HIGHUSDT,SELL,LIMIT,1702201322085,129.9,1.779968
HIGHUSDT,SELL,LIMIT,1702201323466,62.0,1.782707
HIGHUSDT,SELL,LIMIT,1702201336823,52.9,1.777258
HIGHUSDT,SELL,LIMIT,1702201385461,700.2,1.776104
HIGHUSDT,SELL,LIMIT,1702201386557,10.7,1.775639
HIGHUSDT,SELL,LIMIT,1702201396124,462.1,1.774961
HIGHUSDT,SELL,LIMIT,1702201399371,616.5,1.769856
HIGHUSDT,SELL,LIMIT,1702201403559,5.7,1.771348
HIGHUSDT,SELL,LIMIT,1702201472527,0.1,1.769227
HIGHUSDT,SELL,LIMIT,1702202157134,26.3,1.770861
HIGHUSDT,SELL,LIMIT,1702202187691,325.1,1.768565
HIGHUSDT,SELL,LIMIT,1702202255187,290.0,1.768901
HIGHUSDT,SELL,LIMIT,1702202286667,57.0,1.765958
HIGHUSDT,SELL,LIMIT,1702202289051,210.5,1.766124
HIGHUSDT,SELL,LIMIT,1702202291295,153.1,1.765785
HIGHUSDT,SELL,LIMIT,1702202294132,10.4,1.764576
HIGHUSDT,SELL,LIMIT,1702202323328,66.4,1.762181
HIGHUSDT,SELL,LIMIT,1702202324669,24.4,1.762036
HIGHUSDT,SELL,LIMIT,1702202372167,84.2,1.762041
HIGHUSDT,SELL,LIMIT,1702202380969,75.4,1.761061
HIGHUSDT,SELL,LIMIT,1702202382624,344.9,1.761061
HIGHUSDT,SELL,LIMIT,1702202386692,102.4,1.760308
HIGHUSDT,BUY,LIMIT,1702206530083,1390.5,1.910643
HIGHUSDT,BUY,LIMIT,1702207100719,766.3,1.918030
HIGHUSDT,BUY,LIMIT,1702207537108,365.2,1.925121
HIGHUSDT,BUY,LIMIT,1702210606510,37.7,1.945419
HIGHUSDT,BUY,LIMIT,1702210620238,243.2,1.949649
HIGHUSDT,BUY,LIMIT,1702210624196,137.8,1.951700
HIGHUSDT,BUY,LIMIT,1702210669863,5427.4,1.966222
HIGHUSDT,BUY,LIMIT,1702210728240,106.7,1.965664
HIGHUSDT,BUY,LIMIT,1702217210524,50.0,1.984477
HIGHUSDT,BUY,LIMIT,1702217215420,136.1,1.986070
HIGHUSDT,BUY,LIMIT,1702217345636,9.8,1.997938
HIGHUSDT,SELL,LIMIT,1702221813055,6.6,1.870081
HIGHUSDT,SELL,LIMIT,1702226667122,256.4,1.868477
HIGHUSDT,SELL,LIMIT,1702234141235,3.4,1.858511
HIGHUSDT,SELL,LIMIT,1702234157230,3.1,1.857250
HIGHUSDT,BUY,LIMIT,1702238206443,1.5,1.786552
HIGHUSDT,SELL,LIMIT,1702239375320,287.1,1.856324
HIGHUSDT,BUY,LIMIT,1702240363281,35.4,1.940908
HIGHUSDT,SELL,LIMIT,1702240564485,25.0,1.870619
HIGHUSDT,BUY,LIMIT,1702241346357,23.2,1.944562
HIGHUSDT,SELL,LIMIT,1702242425108,509.1,1.864479
HIGHUSDT,SELL,LIMIT,1702242658585,3.5,1.853856
HIGHUSDT,SELL,LIMIT,1702243256215,5.7,1.850694
HIGHUSDT,SELL,LIMIT,1702244928114,340.1,1.843561
HIGHUSDT,BUY,LIMIT,1702253323882,2.7,1.954801
HIGHUSDT,BUY,LIMIT,1702253834533,0.3,1.945140
HIGHUSDT,SELL,LIMIT,1702256611987,31.8,1.837929
HIGHUSDT,SELL,LIMIT,1702256613107,26.2,1.831639
HIGHUSDT,SELL,LIMIT,1702256910319,1200.0,1.830451
HIGHUSDT,SELL,LIMIT,1702256915122,759.8,1.838706
HIGHUSDT,SELL,LIMIT,1702256916186,0.2,1.829089
HIGHUSDT,SELL,LIMIT,1702256920770,37.4,1.824823
HIGHUSDT,SELL,LIMIT,1702256979064,3.3,1.821821
HIGHUSDT,SELL,LIMIT,1702256984183,4.7,1.821747
HIGHUSDT,SELL,LIMIT,1702257005531,1263.2,1.820464
HIGHUSDT,SELL,LIMIT,1702258488402,0.1,1.838481
HIGHUSDT,SELL,LIMIT,1702259020466,4645.8,1.842915
HIGHUSDT,SELL,LIMIT,1702260330172,564.6,1.828809
HIGHUSDT,SELL,LIMIT,1702260429287,100.0,1.818993
HIGHUSDT,SELL,LIMIT,1702260430522,719.3,1.819634
HIGHUSDT,SELL,LIMIT,1702260432994,83.6,1.817777
HIGHUSDT,SELL,LIMIT,1702260434132,261.8,1.815653
HIGHUSDT,SELL,LIMIT,1702260439933,12.9,1.811930
HIGHUSDT,SELL,LIMIT,1702260441119,16.1,1.813440
HIGHUSDT,SELL,LIMIT,1702260444380,23.7,1.808246
HIGHUSDT,SELL,LIMIT,1702260621907,526.0,1.806005
HIGHUSDT,SELL,LIMIT,1702260629145,72.7,1.802412
HIGHUSDT,SELL,LIMIT,1702260631587,313.9,1.797554
HIGHUSDT,SELL,LIMIT,1702260634505,519.9,1.794680
HIGHUSDT,SELL,LIMIT,1702260637511,156.3,1.791870
HIGHUSDT,SELL,LIMIT,1702260687487,3.6,1.791606
HIGHUSDT,SELL,LIMIT,1702260694373,15.9,1.788291
HIGHUSDT,SELL,LIMIT,1702260696180,49.5,1.788174
HIGHUSDT,SELL,LIMIT,1702260699086,652.7,1.783591
HIGHUSDT,SELL,LIMIT,1702260709646,2392.7,1.782985
HIGHUSDT,SELL,LIMIT,1702260711284,35.3,1.792997
HIGHUSDT,SELL,LIMIT,1702260713398,2118.2,1.780751
HIGHUSDT,SELL,LIMIT,1702260715719,97.1,1.778386
HIGHUSDT,SELL,LIMIT,1702260717017,164.5,1.777789
HIGHUSDT,SELL,LIMIT,1702260718571,7985.9,1.769710
HIGHUSDT,SELL,LIMIT,1702260720264,81.9,1.770639
HIGHUSDT,SELL,LIMIT,1702260721640,253.6,1.770194
HIGHUSDT,SELL,LIMIT,1702260724959,76.5,1.768303
HIGHUSDT,SELL,LIMIT,1702260726296,917.8,1.766100
HIGHUSDT,SELL,LIMIT,1702260727803,117.0,1.765243
HIGHUSDT,SELL,LIMIT,1702260730712,1066.0,1.762832
HIGHUSDT,SELL,LIMIT,1702260731727,136.6,1.759640
HIGHUSDT,SELL,LIMIT,1702260732741,0.3,1.758083
HIGHUSDT,SELL,LIMIT,1702260733743,321.9,1.752752
HIGHUSDT,SELL,LIMIT,1702260734862,132.4,1.754692
HIGHUSDT,SELL,LIMIT,1702260736264,90.4,1.752169
HIGHUSDT,SELL,LIMIT,1702260738447,15.3,1.747644
HIGHUSDT,SELL,LIMIT,1702260739475,3280.8,1.747596
HIGHUSDT,SELL,LIMIT,1702260740790,30.0,1.748395
HIGHUSDT,SELL,LIMIT,1702260742162,54.0,1.748811
HIGHUSDT,SELL,LIMIT,1702260743286,6.7,1.743754
HIGHUSDT,SELL,LIMIT,1702260745339,504.7,1.743484
HIGHUSDT,SELL,LIMIT,1702260746420,3078.8,1.740042
HIGHUSDT,SELL,LIMIT,1702260747703,52.9,1.737228
HIGHUSDT,SELL,LIMIT,1702260748872,431.3,1.743135
HIGHUSDT,SELL,LIMIT,1702260750048,0.1,3.826064
HIGHUSDT,SELL,LIMIT,1702260751517,2.7,1.739557
HIGHUSDT,SELL,LIMIT,1702260752621,9.4,1.774533
HIGHUSDT,SELL,LIMIT,1702260754516,36.4,1.733868
HIGHUSDT,SELL,LIMIT,1702260755560,5.2,1.732993
HIGHUSDT,SELL,LIMIT,1702260756782,1120.8,1.731878
HIGHUSDT,SELL,LIMIT,1702260757812,249.9,1.731089
HIGHUSDT,SELL,LIMIT,1702260759056,9.5,1.727965
HIGHUSDT,SELL,LIMIT,1702260760661,1000.0,1.725334
HIGHUSDT,SELL,LIMIT,1702260761823,6146.6,1.723106
HIGHUSDT,SELL,LIMIT,1702260762900,198.5,1.725034
HIGHUSDT,SELL,LIMIT,1702260764458,250.0,1.726179
HIGHUSDT,SELL,LIMIT,1702260765835,12200.7,1.718140
HIGHUSDT,SELL,LIMIT,1702260767153,435.7,1.721591
HIGHUSDT,SELL,LIMIT,1702260768399,5.0,1.720451
HIGHUSDT,SELL,LIMIT,1702260769562,520.5,1.713345
HIGHUSDT,SELL,LIMIT,1702260771801,460.8,1.709420
HIGHUSDT,SELL,LIMIT,1702260772940,553.0,1.709122
HIGHUSDT,SELL,LIMIT,1702260774401,25612.0,1.676979
HIGHUSDT,SELL,LIMIT,1702260775520,639.3,1.705698
HIGHUSDT,SELL,LIMIT,1702260776639,67.1,1.692739
HIGHUSDT,SELL,LIMIT,1702260777855,436.8,1.725011
HIGHUSDT,SELL,LIMIT,1702260778913,999.7,1.692604
HIGHUSDT,SELL,LIMIT,1702260780528,26.4,1.691182
HIGHUSDT,SELL,LIMIT,1702260781674,9599.6,1.712238
HIGHUSDT,SELL,LIMIT,1702260782874,631.9,1.685458
HIGHUSDT,SELL,LIMIT,1702260784054,8.1,1.682846
HIGHUSDT,SELL,LIMIT,1702260785114,77.2,1.682180
HIGHUSDT,SELL,LIMIT,1702260786169,50.1,1.679053
HIGHUSDT,SELL,LIMIT,1702260787391,181.8,1.676362
HIGHUSDT,SELL,LIMIT,1702260788470,1066.4,1.679106
HIGHUSDT,SELL,LIMIT,1702260789588,4536.4,1.661322
HIGHUSDT,SELL,LIMIT,1702260790631,4856.2,1.666793
HIGHUSDT,SELL,LIMIT,1702260791635,497.3,1.659274
HIGHUSDT,SELL,LIMIT,1702260793452,37.4,1.659380
HIGHUSDT,SELL,LIMIT,1702260794592,40.2,1.652092
HIGHUSDT,SELL,LIMIT,1702260796235,161.8,1.654084
HIGHUSDT,SELL,LIMIT,1702260797230,1048.6,1.640173
HIGHUSDT,BUY,LIMIT,1702260798488,3.9,1.720958
HIGHUSDT,SELL,LIMIT,1702260799505,3235.6,1.653294
HIGHUSDT,SELL,LIMIT,1702260800539,5310.5,1.631848
HIGHUSDT,SELL,LIMIT,1702260801890,309.4,1.631825
HIGHUSDT,SELL,LIMIT,1702260803516,93.6,1.629950
HIGHUSDT,SELL,LIMIT,1702260805350,1175.7,1.626989
HIGHUSDT,SELL,LIMIT,1702260806381,236.3,1.627070
HIGHUSDT,SELL,LIMIT,1702260807399,135.3,1.627301
HIGHUSDT,SELL,LIMIT,1702260809353,3.3,1.623649
HIGHUSDT,SELL,LIMIT,1702260810565,163.5,1.612797
HIGHUSDT,SELL,LIMIT,1702260811710,1155.7,1.611929
HIGHUSDT,SELL,LIMIT,1702260812845,2110.1,1.599025
HIGHUSDT,SELL,LIMIT,1702260814261,633.0,1.597012
HIGHUSDT,SELL,LIMIT,1702260815485,93.0,1.598403
HIGHUSDT,SELL,LIMIT,1702260816699,3883.2,1.589865
HIGHUSDT,SELL,LIMIT,1702260817996,99.5,1.594137
HIGHUSDT,SELL,LIMIT,1702260819601,0.8,1.591231
HIGHUSDT,SELL,LIMIT,1702260821412,111.6,1.588846
HIGHUSDT,SELL,LIMIT,1702260823040,6.8,1.588080
HIGHUSDT,SELL,LIMIT,1702260834686,43.9,1.612101
HIGHUSDT,BUY,LIMIT,1702260840392,27.3,1.686203
HIGHUSDT,BUY,LIMIT,1702260849315,265.2,1.711510
HIGHUSDT,BUY,LIMIT,1702260850396,571.0,1.711235
HIGHUSDT,BUY,LIMIT,1702260861356,8.0,1.720740
HIGHUSDT,BUY,LIMIT,1702260876885,163.0,1.730876
HIGHUSDT,BUY,LIMIT,1702261108926,32.2,1.755624
HIGHUSDT,BUY,LIMIT,1702261329670,731.3,1.777026
HIGHUSDT,SELL,LIMIT,1702262615563,67.8,1.697287
HIGHUSDT,SELL,LIMIT,1702262627568,3292.7,1.709747
