Symbol,Side,Order Type,Time,Quantity,Price
HOOKUSDT,BUY,LIMIT,1700997705098,200.4,1.000687
HOOKUSDT,BUY,LIMIT,1700997807504,565.4,1.002943
HOOKUSDT,SELL,LIMIT,1701001503727,237.6,1.000738
HOOKUSDT,BUY,LIMIT,1701005342143,62.7,1.007500
HOOKUSDT,BUY,LIMIT,1701007028173,309.1,1.011158
HOOKUSDT,BUY,LIMIT,1701012570057,99.9,1.018595
HOOKUSDT,SELL,LIMIT,1701015644389,102.9,0.952831
HOOKUSDT,SELL,LIMIT,1701015671243,435.6,0.951346
HOOKUSDT,SELL,LIMIT,1701015689870,441.0,0.948427
HOOKUSDT,SELL,LIMIT,1701015726343,5018.0,0.947208
HOOKUSDT,SELL,LIMIT,1701015729407,661.4,0.946118
HOOKUSDT,SELL,LIMIT,1701015842217,1610.3,0.940596
HOOKUSDT,SELL,LIMIT,1701016004686,28.2,0.939361
HOOKUSDT,SELL,LIMIT,1701016035297,349.4,0.935494
HOOKUSDT,SELL,LIMIT,1701016037880,86.5,0.933765
HOOKUSDT,SELL,LIMIT,1701016043129,527.9,0.932612
HOOKUSDT,SELL,LIMIT,1701016044114,2020.7,0.932299
HOOKUSDT,SELL,LIMIT,1701016045271,31.5,0.930713
HOOKUSDT,SELL,LIMIT,1701016046438,519.5,0.935447
HOOKUSDT,SELL,LIMIT,1701016050577,451.0,0.929599
HOOKUSDT,SELL,LIMIT,1701016099526,681.4,0.927940
HOOKUSDT,SELL,LIMIT,1701016101778,458.0,0.927394
HOOKUSDT,BUY,LIMIT,1701019781120,4228.0,1.007790
HOOKUSDT,BUY,LIMIT,1701028724641,908.6,1.014141
HOOKUSDT,BUY,LIMIT,1701030190275,259.9,1.020355
HOOKUSDT,BUY,LIMIT,1701031776526,209.9,1.026996
HOOKUSDT,BUY,LIMIT,1701043716197,34.1,1.031111
HOOKUSDT,BUY,LIMIT,1701043756780,10.1,1.039676
HOOKUSDT,BUY,LIMIT,1701044508582,1122.6,1.041767
HOOKUSDT,BUY,LIMIT,1701044746946,651.1,1.044393
HOOKUSDT,BUY,LIMIT,1701044845598,5946.8,1.047364
HOOKUSDT,BUY,LIMIT,1701044861804,89.0,1.047622
HOOKUSDT,BUY,LIMIT,1701045042867,357.0,1.051458
HOOKUSDT,BUY,LIMIT,1701045250082,5.5,1.053625
HOOKUSDT,BUY,LIMIT,1701045397572,20.4,1.058393
HOOKUSDT,SELL,LIMIT,1701048276656,1631.4,0.983360
HOOKUSDT,SELL,LIMIT,1701048282424,1857.9,0.981589
HOOKUSDT,SELL,LIMIT,1701048929815,2818.2,0.974746
HOOKUSDT,SELL,LIMIT,1701050780907,23.0,0.967450
HOOKUSDT,SELL,LIMIT,1701052955098,913.7,0.966517
HOOKUSDT,SELL,LIMIT,1701055062793,19.9,0.959224
HOOKUSDT,SELL,LIMIT,1701055318155,413.9,0.954619
HOOKUSDT,SELL,LIMIT,1701055614416,1010.9,0.954433
HOOKUSDT,SELL,LIMIT,1701055783084,102.9,0.949012
HOOKUSDT,SELL,LIMIT,1701055784107,37.9,0.950706
HOOKUSDT,SELL,LIMIT,1701055981849,2320.5,0.948585
HOOKUSDT,SELL,LIMIT,1701055982921,3182.1,0.947160
HOOKUSDT,SELL,LIMIT,1701056053415,222.7,0.947269
HOOKUSDT,SELL,LIMIT,1701056090325,6.7,0.948641
