Symbol,Side,Order Type,Time,Quantity,Price
HOOKUSDT,SELL,LIMIT,1701066548224,98.5,0.943764
HOOKUSDT,SELL,LIMIT,1701067250093,210.0,0.941087
HOOKUSDT,SELL,LIMIT,1701067251882,39.7,0.940330
HOOKUSDT,SELL,LIMIT,1701067290509,20.6,0.937848
HOOKUSDT,SELL,LIMIT,1701067295773,5033.1,0.937115
HOOKUSDT,SELL,LIMIT,1701067298255,869.6,0.936879
HOOKUSDT,SELL,LIMIT,1701067299258,146.3,0.936492
HOOKUSDT,SELL,LIMIT,1701067596907,99.4,0.934540
HOOKUSDT,SELL,LIMIT,1701067748347,50.0,0.933728
HOOKUSDT,SELL,LIMIT,1701067855829,2352.4,0.929161
HOOKUSDT,SELL,LIMIT,1701068150053,10.2,0.927756
HOOKUSDT,SELL,LIMIT,1701068155672,181.0,0.927750
HOOKUSDT,SELL,LIMIT,1701068167513,1000.0,0.925719
HOOKUSDT,SELL,LIMIT,1701068333317,312.6,0.922982
HOOKUSDT,SELL,LIMIT,1701069517027,5154.6,0.922279
HOOKUSDT,SELL,LIMIT,1701069519822,463.9,0.921893
HOOKUSDT,SELL,LIMIT,1701069523109,1662.4,0.921430
HOOKUSDT,SELL,LIMIT,1701069525092,206.8,0.920287
HOOKUSDT,SELL,LIMIT,1701069555522,216.3,0.919564
HOOKUSDT,SELL,LIMIT,1701069577430,57.9,0.918944
HOOKUSDT,SELL,LIMIT,1701069592298,39.6,0.919241
HOOKUSDT,SELL,LIMIT,1701069824048,1385.4,0.917174
HOOKUSDT,SELL,LIMIT,1701069856432,5.3,0.914675
HOOKUSDT,SELL,LIMIT,1701069879451,2740.2,0.913597
HOOKUSDT,SELL,LIMIT,1701069896114,5264.8,0.912861
HOOKUSDT,SELL,LIMIT,1701069899571,580.0,0.913011
HOOKUSDT,SELL,LIMIT,1701069910438,8.2,0.911922
HOOKUSDT,SELL,LIMIT,1701070173949,82.4,0.914666
HOOKUSDT,SELL,LIMIT,1701081446970,420.3,0.918355
HOOKUSDT,SELL,LIMIT,1701082650803,2444.8,0.913581
HOOKUSDT,SELL,LIMIT,1701082701314,145.1,0.911218
HOOKUSDT,SELL,LIMIT,1701082706548,10.3,0.910825
HOOKUSDT,BUY,LIMIT,1701088912665,35.1,0.978507
HOOKUSDT,BUY,LIMIT,1701089489207,106.7,0.983008
HOOKUSDT,BUY,LIMIT,1701090648256,212.6,0.987107
HOOKUSDT,SELL,LIMIT,1701100491895,249.4,0.933698
HOOKUSDT,SELL,LIMIT,1701100575488,1056.0,0.927597
HOOKUSDT,SELL,LIMIT,1701100642788,61.5,0.925276
HOOKUSDT,SELL,LIMIT,1701101007837,9.7,0.928270
HOOKUSDT,SELL,LIMIT,1701111217394,104.7,0.932405
HOOKUSDT,SELL,LIMIT,1701114206114,564.8,0.925999
HOOKUSDT,SELL,LIMIT,1701114263717,3000.0,0.923027
HOOKUSDT,SELL,LIMIT,1701114353527,175.7,0.922551
HOOKUSDT,SELL,LIMIT,1701114359671,126.9,0.920544
HOOKUSDT,SELL,LIMIT,1701114476684,278.1,0.919628
HOOKUSDT,SELL,LIMIT,1701117095349,653.5,0.914635
HOOKUSDT,SELL,LIMIT,1701117112910,1677.8,0.913147
HOOKUSDT,SELL,LIMIT,1701117114079,22.2,0.912871
HOOKUSDT,SELL,LIMIT,1701135024099,90.8,0.947171
HOOKUSDT,SELL,LIMIT,1701149141285,1141.1,0.946740
HOOKUSDT,SELL,LIMIT,1701149520181,31.5,0.945053
HOOKUSDT,SELL,LIMIT,1701149779475,72.2,0.945023
HOOKUSDT,SELL,LIMIT,1701149816302,34.5,0.942407
HOOKUSDT,SELL,LIMIT,1701149845730,1000.0,0.960367
HOOKUSDT,SELL,LIMIT,1701149905177,3402.0,0.938909
HOOKUSDT,SELL,LIMIT,1701151627964,311.3,0.940874
HOOKUSDT,SELL,LIMIT,1701159346284,76.5,0.948574
HOOKUSDT,BUY,LIMIT,1701164689717,46.9,1.017378
HOOKUSDT,BUY,LIMIT,1701167025059,2650.5,1.026589
HOOKUSDT,BUY,LIMIT,1701168145656,10.0,1.027658
HOOKUSDT,BUY,LIMIT,1701169704200,179.5,1.031454
HOOKUSDT,BUY,LIMIT,1701169736041,6.2,1.032663
HOOKUSDT,BUY,LIMIT,1701169916528,59.3,1.034621
HOOKUSDT,BUY,LIMIT,1701172769356,1039.7,1.041405
HOOKUSDT,BUY,LIMIT,1701174081558,730.0,1.046844
HOOKUSDT,BUY,LIMIT,1701176241665,10.3,1.051381
HOOKUSDT,BUY,LIMIT,1701179170541,3308.6,1.057674
HOOKUSDT,BUY,LIMIT,1701180188397,246.4,1.064289
HOOKUSDT,BUY,LIMIT,1701198006373,1247.1,1.043475
HOOKUSDT,BUY,LIMIT,1701198089221,103.6,1.047937
HOOKUSDT,BUY,LIMIT,1701231294353,310.4,1.065350
HOOKUSDT,BUY,LIMIT,1701232503400,20.9,1.067344
HOOKUSDT,BUY,LIMIT,1701232658559,660.0,1.069917
HOOKUSDT,BUY,LIMIT,1701244815580,1248.6,1.075188
HOOKUSDT,BUY,LIMIT,1701244817462,4.2,1.076540
HOOKUSDT,BUY,LIMIT,1701244818735,966.3,1.078307
HOOKUSDT,BUY,LIMIT,1701244823153,30.5,1.079454
HOOKUSDT,BUY,LIMIT,1701244824333,12.2,1.081157
HOOKUSDT,BUY,LIMIT,1701244842233,478.2,1.088903
HOOKUSDT,BUY,LIMIT,1701244846096,674.5,1.093960
HOOKUSDT,BUY,LIMIT,1701244851166,14.3,1.096335
HOOKUSDT,BUY,LIMIT,1701244852245,285.9,1.096178
HOOKUSDT,BUY,LIMIT,1701244865303,14.1,1.099625
HOOKUSDT,BUY,LIMIT,1701244894743,250.6,1.108740
HOOKUSDT,BUY,LIMIT,1701244907692,58.7,1.113623
HOOKUSDT,BUY,LIMIT,1701244909155,8.1,1.114542
HOOKUSDT,BUY,LIMIT,1701245294774,19.7,1.115101
HOOKUSDT,BUY,LIMIT,1701245299694,19.6,1.118685
HOOKUSDT,BUY,LIMIT,1701245300782,284.1,1.119473
HOOKUSDT,BUY,LIMIT,1701245432395,979.5,1.122154
HOOKUSDT,BUY,LIMIT,1701245433574,156.5,1.123776
HOOKUSDT,BUY,LIMIT,1701249056864,839.4,1.111458
HOOKUSDT,BUY,LIMIT,1701249465308,34.9,1.129374
HOOKUSDT,BUY,LIMIT,1701249847478,219.2,1.136734
HOOKUSDT,BUY,LIMIT,1701249850257,2927.5,1.139201
HOOKUSDT,BUY,LIMIT,1701249903689,128.3,1.143513
HOOKUSDT,BUY,LIMIT,1701250364810,195.6,1.144057
HOOKUSDT,BUY,LIMIT,1701250366067,97.3,1.144670
HOOKUSDT,BUY,LIMIT,1701250367450,408.3,1.148960
HOOKUSDT,BUY,LIMIT,1701250378230,18.1,1.158190
HOOKUSDT,BUY,LIMIT,1701250379476,10000.0,1.161482
HOOKUSDT,BUY,LIMIT,1701250382400,106.9,1.164835
HOOKUSDT,BUY,LIMIT,1701250383514,7.2,1.163403
HOOKUSDT,BUY,LIMIT,1701250387176,320.4,1.173170
HOOKUSDT,BUY,LIMIT,1701250388278,46.8,1.175481
HOOKUSDT,BUY,LIMIT,1701250422323,255.6,1.179300
HOOKUSDT,SELL,LIMIT,1701250521774,557.8,1.098680
HOOKUSDT,SELL,LIMIT,1701251970142,1783.1,1.088654
HOOKUSDT,BUY,LIMIT,1701252151276,36.0,1.162572
HOOKUSDT,SELL,LIMIT,1701253227609,532.4,1.076597
HOOKUSDT,SELL,LIMIT,1701253229335,66.4,1.072301
HOOKUSDT,SELL,LIMIT,1701253230350,4230.9,1.072069
HOOKUSDT,SELL,LIMIT,1701254404303,106.5,1.095947
HOOKUSDT,BUY,LIMIT,1701257619750,108.6,1.163226
HOOKUSDT,BUY,LIMIT,1701258794100,18.7,1.177350
HOOKUSDT,SELL,LIMIT,1701261802075,165.5,1.090598
HOOKUSDT,SELL,LIMIT,1701261994264,36.9,1.087623
HOOKUSDT,SELL,LIMIT,1701261998119,54.8,1.087498
HOOKUSDT,SELL,LIMIT,1701262026474,3742.9,1.086828
HOOKUSDT,SELL,LIMIT,1701262087402,5.4,1.082710
HOOKUSDT,SELL,LIMIT,1701262089838,6.8,1.080976
HOOKUSDT,SELL,LIMIT,1701262131399,265.8,1.079953
HOOKUSDT,SELL,LIMIT,1701262153137,0.1,1.077037
HOOKUSDT,SELL,LIMIT,1701262154420,17.7,1.076767
HOOKUSDT,SELL,LIMIT,1701262158053,106.2,1.075790
HOOKUSDT,SELL,LIMIT,1701262160358,174.3,1.074395
HOOKUSDT,SELL,LIMIT,1701262164211,4157.4,1.072652
HOOKUSDT,SELL,LIMIT,1701263769202,52.4,1.098592
HOOKUSDT,SELL,LIMIT,1701264299652,54.2,1.092276
HOOKUSDT,SELL,LIMIT,1701267534534,600.0,1.073633
HOOKUSDT,SELL,LIMIT,1701268304659,23.9,1.069964
HOOKUSDT,SELL,LIMIT,1701268328191,14.8,1.068705
HOOKUSDT,SELL,LIMIT,1701268331714,1502.7,1.068374
HOOKUSDT,SELL,LIMIT,1701268357325,51.1,1.077067
HOOKUSDT,SELL,LIMIT,1701268388383,56.9,1.067108
HOOKUSDT,SELL,LIMIT,1701268395748,89.7,1.066220
HOOKUSDT,SELL,LIMIT,1701268397136,101.0,1.065996
HOOKUSDT,SELL,LIMIT,1701268398575,74.0,1.064581
HOOKUSDT,SELL,LIMIT,1701268406419,929.6,1.064371
HOOKUSDT,SELL,LIMIT,1701268409075,892.8,1.064225
HOOKUSDT,SELL,LIMIT,1701268415168,4.5,1.064112
HOOKUSDT,SELL,LIMIT,1701268424075,322.5,1.063774
HOOKUSDT,SELL,LIMIT,1701268430445,888.1,1.063305
HOOKUSDT,SELL,LIMIT,1701268435412,211.3,1.063192
HOOKUSDT,SELL,LIMIT,1701268437772,9.8,1.062494
HOOKUSDT,SELL,LIMIT,1701268439665,1313.4,1.062203
HOOKUSDT,SELL,LIMIT,1701269258060,2067.3,1.061918
HOOKUSDT,SELL,LIMIT,1701270452941,1960.4,1.061444
HOOKUSDT,SELL,LIMIT,1701270458499,865.7,1.062083
HOOKUSDT,SELL,LIMIT,1701270551990,1751.3,1.060847
HOOKUSDT,SELL,LIMIT,1701270569103,399.1,1.060424
HOOKUSDT,SELL,LIMIT,1701270571026,179.6,1.060217
HOOKUSDT,SELL,LIMIT,1701270641159,75.2,1.055018
HOOKUSDT,SELL,LIMIT,1701274611562,11.2,1.070550
HOOKUSDT,BUY,LIMIT,1701283670922,4578.7,1.132313
HOOKUSDT,BUY,LIMIT,1701283764518,53.2,1.135936
HOOKUSDT,BUY,LIMIT,1701283775681,25.0,1.137500
HOOKUSDT,SELL,LIMIT,1701283873446,18.0,1.108022
HOOKUSDT,BUY,LIMIT,1701284630959,333.9,1.144402
HOOKUSDT,BUY,LIMIT,1701284632152,199.0,1.145035
HOOKUSDT,BUY,LIMIT,1701284656179,25.4,1.146129
HOOKUSDT,BUY,LIMIT,1701284957502,20.0,1.004009
HOOKUSDT,BUY,LIMIT,1701284959758,5.5,0.000000
HOOKUSDT,BUY,LIMIT,1701285000039,2287.4,1.147326
HOOKUSDT,BUY,LIMIT,1701285059994,91.1,1.151196
HOOKUSDT,BUY,LIMIT,1701287898311,734.1,1.151431
HOOKUSDT,BUY,LIMIT,1701287909284,49.0,1.154148
HOOKUSDT,BUY,LIMIT,1701287912008,37.6,1.154574
HOOKUSDT,SELL,LIMIT,1701293008008,599.4,1.088389
HOOKUSDT,BUY,LIMIT,1701297341881,44.9,1.166309
HOOKUSDT,BUY,LIMIT,1701297701366,93.9,1.172431
HOOKUSDT,BUY,LIMIT,1701297711033,514.9,1.172598
HOOKUSDT,BUY,LIMIT,1701297730377,8.8,1.179374
HOOKUSDT,BUY,LIMIT,1701297732154,17.0,1.182247
HOOKUSDT,BUY,LIMIT,1701297747356,142.3,1.186243
HOOKUSDT,BUY,LIMIT,1701297748408,46.6,1.187555
HOOKUSDT,BUY,LIMIT,1701298014859,563.3,1.187520
HOOKUSDT,BUY,LIMIT,1701298016301,92.7,1.188250
HOOKUSDT,BUY,LIMIT,1701298017695,90.0,1.189227
HOOKUSDT,BUY,LIMIT,1701298127726,88.7,1.190016
HOOKUSDT,BUY,LIMIT,1701298129182,749.1,1.190299
HOOKUSDT,BUY,LIMIT,1701298130939,3868.1,1.190860
HOOKUSDT,BUY,LIMIT,1701298144337,1.0,1.191523
HOOKUSDT,BUY,LIMIT,1701298145589,73.6,1.194036
HOOKUSDT,BUY,LIMIT,1701298147130,25.6,1.194193
HOOKUSDT,BUY,LIMIT,1701298225421,176.8,1.196771
HOOKUSDT,BUY,LIMIT,1701298232410,621.8,1.197764
HOOKUSDT,BUY,LIMIT,1701298372213,1016.8,1.200830
HOOKUSDT,BUY,LIMIT,1701298379328,1681.9,1.202499
HOOKUSDT,BUY,LIMIT,1701298910227,22.7,1.204362
HOOKUSDT,BUY,LIMIT,1701298938926,169.1,1.205491
HOOKUSDT,BUY,LIMIT,1701298948589,124.7,1.206998
HOOKUSDT,BUY,LIMIT,1701298950215,108.3,1.207380
HOOKUSDT,BUY,LIMIT,1701299710254,96.8,1.208551
HOOKUSDT,BUY,LIMIT,1701299767396,176.4,1.208819
HOOKUSDT,BUY,LIMIT,1701299768662,4868.4,1.210490
HOOKUSDT,BUY,LIMIT,1701299771866,13.6,1.210617
HOOKUSDT,BUY,LIMIT,1701299822074,10.0,1.215480
HOOKUSDT,BUY,LIMIT,1701299823929,87.9,1.215608
HOOKUSDT,BUY,LIMIT,1701299862654,10.0,1.216489
HOOKUSDT,BUY,LIMIT,1701299903271,17.9,1.217069
HOOKUSDT,BUY,LIMIT,1701299941411,312.7,1.217895
HOOKUSDT,BUY,LIMIT,1701299944070,377.0,1.220624
HOOKUSDT,BUY,LIMIT,1701299945405,18.5,1.220144
HOOKUSDT,BUY,LIMIT,1701300291279,5.3,1.223083
HOOKUSDT,BUY,LIMIT,1701300378981,1210.5,1.225300
HOOKUSDT,BUY,LIMIT,1701300381514,223.7,1.225554
HOOKUSDT,BUY,LIMIT,1701300504159,688.8,1.226218
HOOKUSDT,BUY,LIMIT,1701300510865,1610.2,1.226475
HOOKUSDT,BUY,LIMIT,1701300517295,178.2,1.226902
HOOKUSDT,BUY,LIMIT,1701300549200,260.0,1.229954
HOOKUSDT,BUY,LIMIT,1701300550216,16.8,1.229356
HOOKUSDT,BUY,LIMIT,1701300585249,896.6,1.232198
HOOKUSDT,BUY,LIMIT,1701300587055,4257.8,1.232780
HOOKUSDT,BUY,LIMIT,1701300770095,2047.3,1.236026
HOOKUSDT,BUY,LIMIT,1701300866947,10.1,1.238924
HOOKUSDT,SELL,LIMIT,1701301306592,12.7,1.152262
HOOKUSDT,SELL,LIMIT,1701301313228,13.3,1.151444
HOOKUSDT,SELL,LIMIT,1701301593296,45.6,1.148918
HOOKUSDT,SELL,LIMIT,1701301595696,89.5,1.147019
HOOKUSDT,SELL,LIMIT,1701301632624,0.1,1.143979
HOOKUSDT,SELL,LIMIT,1701302877365,8.4,1.139754
HOOKUSDT,SELL,LIMIT,1701302885113,179.0,1.138300
HOOKUSDT,SELL,LIMIT,1701302886321,19.6,1.137853
HOOKUSDT,SELL,LIMIT,1701302893276,1328.2,1.136581
HOOKUSDT,SELL,LIMIT,1701302895098,52.0,1.135083
HOOKUSDT,SELL,LIMIT,1701302897493,891.8,1.135496
HOOKUSDT,SELL,LIMIT,1701304688351,361.8,1.128720
HOOKUSDT,SELL,LIMIT,1701304692216,464.5,1.125997
HOOKUSDT,SELL,LIMIT,1701304695362,691.8,1.124431
HOOKUSDT,SELL,LIMIT,1701304697395,40.1,1.124671
HOOKUSDT,SELL,LIMIT,1701304754508,154.6,1.123724
HOOKUSDT,SELL,LIMIT,1701304763191,27.4,1.122671
HOOKUSDT,SELL,LIMIT,1701304764442,1259.5,1.121419
HOOKUSDT,SELL,LIMIT,1701304771733,930.6,1.120807
HOOKUSDT,SELL,LIMIT,1701305015086,499.1,1.119441
HOOKUSDT,SELL,LIMIT,1701305018663,2635.3,1.119022
HOOKUSDT,SELL,LIMIT,1701305049237,1213.9,1.118288
HOOKUSDT,SELL,LIMIT,1701305053146,91.8,1.118106
HOOKUSDT,SELL,LIMIT,1701305064402,746.7,1.117773
HOOKUSDT,SELL,LIMIT,1701305113268,205.0,1.116919
HOOKUSDT,SELL,LIMIT,1701305114538,170.0,1.116569
HOOKUSDT,SELL,LIMIT,1701305177884,196.6,1.116182
HOOKUSDT,SELL,LIMIT,1701305525283,4310.3,1.134494
HOOKUSDT,SELL,LIMIT,1701305941077,118.6,1.120967
HOOKUSDT,SELL,LIMIT,1701306080034,302.1,1.114584
HOOKUSDT,SELL,LIMIT,1701306083515,5.0,1.113404
HOOKUSDT,SELL,LIMIT,1701306084598,414.3,1.112782
HOOKUSDT,SELL,LIMIT,1701306086252,88.8,1.111938
HOOKUSDT,SELL,LIMIT,1701306088560,395.9,1.110057
HOOKUSDT,SELL,LIMIT,1701306099883,170.7,1.109742
HOOKUSDT,SELL,LIMIT,1701306106168,327.3,1.108550
HOOKUSDT,SELL,LIMIT,1701306109189,583.7,1.106791
HOOKUSDT,SELL,LIMIT,1701306118056,674.6,1.103336
HOOKUSDT,SELL,LIMIT,1701306173412,217.7,1.101484
HOOKUSDT,SELL,LIMIT,1701306181181,221.7,1.100940
HOOKUSDT,SELL,LIMIT,1701306409180,8893.4,1.096730
HOOKUSDT,SELL,LIMIT,1701306410596,542.1,1.097949
HOOKUSDT,SELL,LIMIT,1701306412987,17.1,1.096898
HOOKUSDT,SELL,LIMIT,1701306416110,1600.0,1.093470
HOOKUSDT,SELL,LIMIT,1701306490034,731.3,1.100949
HOOKUSDT,SELL,LIMIT,1701307820166,42.5,1.112725
HOOKUSDT,SELL,LIMIT,1701310018445,127.3,1.094197
HOOKUSDT,SELL,LIMIT,1701310949914,85.4,1.092160
HOOKUSDT,SELL,LIMIT,1701310960307,143.1,1.091590
HOOKUSDT,SELL,LIMIT,1701310963708,48.9,1.090894
HOOKUSDT,SELL,LIMIT,1701314643094,0.1,1.108581
HOOKUSDT,BUY,LIMIT,1701315606316,4829.2,1.159320
HOOKUSDT,BUY,LIMIT,1701315608321,11133.4,1.164909
HOOKUSDT,BUY,LIMIT,1701315738834,16.6,1.171726
HOOKUSDT,BUY,LIMIT,1701316429748,83.6,1.176615
HOOKUSDT,BUY,LIMIT,1701316621794,49.4,1.185725
HOOKUSDT,BUY,LIMIT,1701316656892,168.7,1.194252
HOOKUSDT,BUY,LIMIT,1701316668999,322.7,1.199668
HOOKUSDT,BUY,LIMIT,1701316680666,3956.3,1.200652
HOOKUSDT,BUY,LIMIT,1701317287460,325.2,1.205472
HOOKUSDT,BUY,LIMIT,1701317309709,291.1,1.220707
HOOKUSDT,BUY,LIMIT,1701317320741,3433.5,1.222994
HOOKUSDT,BUY,LIMIT,1701317339189,20.8,1.224685
HOOKUSDT,BUY,LIMIT,1701317340380,43.3,1.225282
HOOKUSDT,BUY,LIMIT,1701317343814,67.1,1.226851
HOOKUSDT,BUY,LIMIT,1701317345401,23.3,1.227829
HOOKUSDT,BUY,LIMIT,1701317396050,6.0,1.233165
HOOKUSDT,BUY,LIMIT,1701317397250,3416.0,1.229516
HOOKUSDT,BUY,LIMIT,1701317415072,4.7,1.243974
HOOKUSDT,SELL,LIMIT,1701321948178,77.6,1.159570
HOOKUSDT,SELL,LIMIT,1701323614502,442.8,1.145470
HOOKUSDT,SELL,LIMIT,1701323616158,4156.2,1.142759
HOOKUSDT,SELL,LIMIT,1701323617296,125.3,1.131689
HOOKUSDT,SELL,LIMIT,1701323618334,6.7,1.131907
HOOKUSDT,SELL,LIMIT,1701323619459,22.8,1.127071
HOOKUSDT,SELL,LIMIT,1701323629690,843.8,1.125988
HOOKUSDT,SELL,LIMIT,1701323642168,49.7,1.123182
HOOKUSDT,SELL,LIMIT,1701323643304,381.3,1.121237
HOOKUSDT,SELL,LIMIT,1701323647081,65.2,1.118945
HOOKUSDT,SELL,LIMIT,1701323648213,37.1,1.118513
HOOKUSDT,SELL,LIMIT,1701323649247,1794.7,1.118732
HOOKUSDT,SELL,LIMIT,1701323650877,75.2,1.117536
HOOKUSDT,SELL,LIMIT,1701323654157,775.4,1.116859
HOOKUSDT,SELL,LIMIT,1701323665784,340.4,1.116486
HOOKUSDT,SELL,LIMIT,1701323692348,328.1,1.115594
HOOKUSDT,SELL,LIMIT,1701323694291,8.6,1.115257
HOOKUSDT,SELL,LIMIT,1701323695411,4253.3,1.115059
HOOKUSDT,SELL,LIMIT,1701323699522,116.4,1.113308
HOOKUSDT,SELL,LIMIT,1701323702127,42.3,1.111830
HOOKUSDT,SELL,LIMIT,1701323712194,1614.8,1.108139
HOOKUSDT,SELL,LIMIT,1701323713733,92.1,1.107986
HOOKUSDT,SELL,LIMIT,1701323714860,12.1,1.106984
HOOKUSDT,SELL,LIMIT,1701323716275,17.1,1.102828
HOOKUSDT,SELL,LIMIT,1701323717554,389.5,1.101470
HOOKUSDT,SELL,LIMIT,1701323718748,153.8,1.100161
HOOKUSDT,BUY,LIMIT,1701324403333,4.7,1.179258
HOOKUSDT,SELL,LIMIT,1701325844866,68.0,1.119565
HOOKUSDT,BUY,LIMIT,1701329628088,21.7,1.193987
HOOKUSDT,BUY,LIMIT,1701329765975,14.1,1.201065
HOOKUSDT,BUY,LIMIT,1701329774372,1834.8,1.201496
HOOKUSDT,BUY,LIMIT,1701329826249,18.5,1.205705
HOOKUSDT,BUY,LIMIT,1701329958229,17.3,1.192787
HOOKUSDT,SELL,LIMIT,1701331205108,1721.4,1.130725
HOOKUSDT,SELL,LIMIT,1701331609996,20.4,1.121516
HOOKUSDT,SELL,LIMIT,1701331612451,9.4,1.121231
HOOKUSDT,SELL,LIMIT,1701331683480,372.7,1.119662
HOOKUSDT,SELL,LIMIT,1701331712805,34.9,1.119380
HOOKUSDT,SELL,LIMIT,1701331750462,127.3,1.114829
HOOKUSDT,SELL,LIMIT,1701331794138,641.0,1.109530
HOOKUSDT,SELL,LIMIT,1701331797250,3759.2,1.108471
HOOKUSDT,BUY,LIMIT,1701335197737,148.6,1.192677
HOOKUSDT,BUY,LIMIT,1701335202284,457.3,1.194181
HOOKUSDT,BUY,LIMIT,1701337025706,100.9,1.196557
HOOKUSDT,BUY,LIMIT,1701337304440,0.4,1.200693
HOOKUSDT,BUY,LIMIT,1701337346842,61.0,1.205810
HOOKUSDT,BUY,LIMIT,1701337432894,17.6,1.208179
HOOKUSDT,SELL,LIMIT,1701338323883,29.2,1.139807
HOOKUSDT,BUY,LIMIT,1701338416103,110.7,1.221088
HOOKUSDT,BUY,LIMIT,1701338417307,6.8,1.218979
HOOKUSDT,BUY,LIMIT,1701338419504,2133.6,1.230036
HOOKUSDT,BUY,LIMIT,1701338422107,14.6,1.234511
HOOKUSDT,BUY,LIMIT,1701338423107,958.2,1.232497
HOOKUSDT,BUY,LIMIT,1701338424150,71.2,1.235454
HOOKUSDT,BUY,LIMIT,1701338468182,10.7,1.236559
HOOKUSDT,BUY,LIMIT,1701338477204,1181.2,1.238969
HOOKUSDT,BUY,LIMIT,1701338478207,10.2,1.238764
HOOKUSDT,BUY,LIMIT,1701338482449,27.5,1.240505
HOOKUSDT,BUY,LIMIT,1701338493210,4.3,1.243843
HOOKUSDT,BUY,LIMIT,1701338515288,764.6,1.244745
HOOKUSDT,BUY,LIMIT,1701338516479,59.5,1.247493
HOOKUSDT,BUY,LIMIT,1701338520388,125.4,1.248744
HOOKUSDT,BUY,LIMIT,1701338521433,45.3,1.248378
HOOKUSDT,BUY,LIMIT,1701338522510,17.7,1.251577
HOOKUSDT,BUY,LIMIT,1701338525674,43.9,1.252320
HOOKUSDT,BUY,LIMIT,1701338527506,714.4,1.255332
HOOKUSDT,BUY,LIMIT,1701338529162,90.9,1.257879
HOOKUSDT,BUY,LIMIT,1701338530162,25.3,1.258006
HOOKUSDT,BUY,LIMIT,1701338531279,63.6,1.262206
HOOKUSDT,BUY,LIMIT,1701338533310,108.5,1.263234
HOOKUSDT,SELL,LIMIT,1701338832138,261.7,1.174030
HOOKUSDT,SELL,LIMIT,1701338834159,176.6,1.173726
HOOKUSDT,SELL,LIMIT,1701339613188,421.6,1.166201
HOOKUSDT,SELL,LIMIT,1701339615085,77.7,1.164486
HOOKUSDT,SELL,LIMIT,1701339637021,112.4,1.161290
HOOKUSDT,SELL,LIMIT,1701339671094,71.1,1.155927
HOOKUSDT,SELL,LIMIT,1701339673582,40.7,1.155253
HOOKUSDT,SELL,LIMIT,1701339676758,1671.9,1.154777
HOOKUSDT,SELL,LIMIT,1701339678750,5.8,1.154735
HOOKUSDT,SELL,LIMIT,1701340443369,129.3,1.153538
HOOKUSDT,SELL,LIMIT,1701340576315,2376.0,1.150749
HOOKUSDT,SELL,LIMIT,1701340577347,16.6,1.150218
HOOKUSDT,SELL,LIMIT,1701340579280,305.6,1.149336
HOOKUSDT,SELL,LIMIT,1701340580319,1143.0,1.147933
HOOKUSDT,SELL,LIMIT,1701340581440,938.4,1.146417
HOOKUSDT,SELL,LIMIT,1701340583705,1046.9,1.144353
HOOKUSDT,SELL,LIMIT,1701340587438,788.0,1.143437
HOOKUSDT,SELL,LIMIT,1701340590350,475.3,1.141979
HOOKUSDT,SELL,LIMIT,1701340627974,79.1,1.140300
HOOKUSDT,SELL,LIMIT,1701340640065,26.8,1.135966
HOOKUSDT,SELL,LIMIT,1701340643254,93.6,1.131634
HOOKUSDT,SELL,LIMIT,1701340644267,662.4,1.129083
HOOKUSDT,SELL,LIMIT,1701340645277,66.4,1.128693
HOOKUSDT,SELL,LIMIT,1701340646294,1190.8,1.127098
HOOKUSDT,SELL,LIMIT,1701340881372,58.2,1.124825
HOOKUSDT,SELL,LIMIT,1701341131835,74.2,1.123472
HOOKUSDT,SELL,LIMIT,1701341136981,1932.2,1.123097
HOOKUSDT,SELL,LIMIT,1701341139035,67.7,1.121712
HOOKUSDT,SELL,LIMIT,1701341140479,1200.5,1.121054
HOOKUSDT,SELL,LIMIT,1701341168751,316.8,1.119421
HOOKUSDT,SELL,LIMIT,1701341171263,1282.5,1.117071
HOOKUSDT,SELL,LIMIT,1701341173413,2174.6,1.116708
HOOKUSDT,SELL,LIMIT,1701341235200,2897.5,1.113294
HOOKUSDT,SELL,LIMIT,1701341236362,839.8,1.114880
HOOKUSDT,SELL,LIMIT,1701341241920,40.0,1.113160
HOOKUSDT,SELL,LIMIT,1701345485229,3148.0,1.112020
HOOKUSDT,SELL,LIMIT,1701345486233,501.3,1.112439
HOOKUSDT,SELL,LIMIT,1701345488826,433.7,1.106666
HOOKUSDT,SELL,LIMIT,1701345607903,27.1,1.105527
HOOKUSDT,SELL,LIMIT,1701345609263,22.3,1.104930
HOOKUSDT,SELL,LIMIT,1701345612284,4199.3,1.104051
HOOKUSDT,SELL,LIMIT,1701345673844,151.6,1.102656
HOOKUSDT,SELL,LIMIT,1701345729916,37.6,1.100820
HOOKUSDT,SELL,LIMIT,1701345737935,11.8,1.100572
HOOKUSDT,SELL,LIMIT,1701345742068,1298.4,1.098590
HOOKUSDT,SELL,LIMIT,1701345743482,69.2,1.096801
HOOKUSDT,SELL,LIMIT,1701345744517,29.5,1.093641
HOOKUSDT,SELL,LIMIT,1701345746390,492.4,1.090939
HOOKUSDT,SELL,LIMIT,1701345918318,685.0,1.089603
HOOKUSDT,SELL,LIMIT,1701345920450,1823.4,1.088388
HOOKUSDT,SELL,LIMIT,1701345922038,54.0,1.086603
HOOKUSDT,SELL,LIMIT,1701345923345,161.0,1.085955
HOOKUSDT,SELL,LIMIT,1701346119573,951.3,1.084545
HOOKUSDT,SELL,LIMIT,1701346135203,25.9,1.083344
HOOKUSDT,SELL,LIMIT,1701346137040,1445.8,1.083219
HOOKUSDT,SELL,LIMIT,1701347000331,17.8,1.082436
HOOKUSDT,SELL,LIMIT,1701347002765,20.2,1.081635
HOOKUSDT,SELL,LIMIT,1701347004335,528.7,1.079411
HOOKUSDT,SELL,LIMIT,1701347005394,193.9,1.077178
HOOKUSDT,SELL,LIMIT,1701347006396,266.5,1.076098
HOOKUSDT,SELL,LIMIT,1701347008531,89.2,1.074016
HOOKUSDT,SELL,LIMIT,1701347010502,104.8,1.072972
HOOKUSDT,SELL,LIMIT,1701347012781,155.9,1.072198
HOOKUSDT,SELL,LIMIT,1701347039215,175.6,1.071994
HOOKUSDT,SELL,LIMIT,1701347233649,3268.6,1.071846
HOOKUSDT,SELL,LIMIT,1701347238667,174.6,1.070862
HOOKUSDT,SELL,LIMIT,1701347259140,37.6,1.070494
HOOKUSDT,SELL,LIMIT,1701347267806,112.5,1.069764
HOOKUSDT,SELL,LIMIT,1701347277073,887.8,1.069365
HOOKUSDT,SELL,LIMIT,1701347282488,904.5,1.068817
HOOKUSDT,SELL,LIMIT,1701347284207,1062.7,1.068175
HOOKUSDT,SELL,LIMIT,1701347285336,4.9,1.065837
HOOKUSDT,SELL,LIMIT,1701347304323,7.1,1.065037
HOOKUSDT,SELL,LIMIT,1701347338582,80.6,1.063681
HOOKUSDT,SELL,LIMIT,1701347382123,352.5,1.063628
HOOKUSDT,SELL,LIMIT,1701347753975,1000.0,1.066535
HOOKUSDT,SELL,LIMIT,1701349581947,9.8,1.063639
HOOKUSDT,SELL,LIMIT,1701349673290,16.5,1.061396
HOOKUSDT,SELL,LIMIT,1701349681201,91.3,1.059508
HOOKUSDT,SELL,LIMIT,1701349758503,10.7,1.059046
HOOKUSDT,SELL,LIMIT,1701350116168,2695.4,1.058143
HOOKUSDT,SELL,LIMIT,1701350117802,70.0,1.057070
HOOKUSDT,SELL,LIMIT,1701350118820,373.7,1.056118
HOOKUSDT,SELL,LIMIT,1701350119842,232.6,1.056087
HOOKUSDT,SELL,LIMIT,1701350189424,385.9,1.057931
