Symbol,Side,Order Type,Time,Quantity,Price
HOOKUSDT,SELL,LIMIT,1701918392259,480.6,1.023921
HOOKUSDT,SELL,LIMIT,1701918393775,18.4,1.023598
HOOKUSDT,SELL,LIMIT,1701918412279,376.7,1.022654
HOOKUSDT,SELL,LIMIT,1701918413356,19.3,1.022610
HOOKUSDT,SELL,LIMIT,1701918444069,1797.7,1.022454
HOOKUSDT,SELL,LIMIT,1701918455970,372.6,1.022248
HOOKUSDT,SELL,LIMIT,1701918457161,36.3,1.022197
HOOKUSDT,SELL,LIMIT,1701918459606,188.1,1.021228
HOOKUSDT,SELL,LIMIT,1701918460970,5.8,1.019745
HOOKUSDT,SELL,LIMIT,1701918462294,179.5,1.017022
HOOKUSDT,SELL,LIMIT,1701918463335,133.0,1.016112
HOOKUSDT,SELL,LIMIT,1701918464538,75.6,1.015882
HOOKUSDT,SELL,LIMIT,1701918469219,393.1,1.015511
HOOKUSDT,BUY,LIMIT,1701930557418,68.4,1.101324
HOOKUSDT,BUY,LIMIT,1701930701092,3170.3,1.114576
HOOKUSDT,BUY,LIMIT,1701930719103,19.1,1.115513
HOOKUSDT,SELL,LIMIT,1701931097044,783.0,1.072170
HOOKUSDT,BUY,LIMIT,1701932606019,81.8,1.123388
HOOKUSDT,SELL,LIMIT,1701936587589,52.6,1.049025
HOOKUSDT,SELL,LIMIT,1701936591709,18.1,1.046788
HOOKUSDT,SELL,LIMIT,1701936594247,109.1,1.045418
HOOKUSDT,SELL,LIMIT,1701936904175,181.9,1.044563
HOOKUSDT,SELL,LIMIT,1701937335427,959.7,1.038131
HOOKUSDT,SELL,LIMIT,1701937818145,280.6,1.042117
HOOKUSDT,SELL,LIMIT,1701937962329,9.5,1.029926
HOOKUSDT,SELL,LIMIT,1701937968370,4575.3,1.028606
HOOKUSDT,SELL,LIMIT,1701937971953,1956.4,1.027882
HOOKUSDT,SELL,LIMIT,1701939568885,36.4,1.026801
HOOKUSDT,SELL,LIMIT,1701939974289,387.2,1.028496
HOOKUSDT,SELL,LIMIT,1701940011616,228.7,1.027829
HOOKUSDT,SELL,LIMIT,1701940516311,37.0,1.028217
HOOKUSDT,SELL,LIMIT,1701940562571,406.6,1.024219
HOOKUSDT,SELL,LIMIT,1701940568357,9.7,1.023110
HOOKUSDT,SELL,LIMIT,1701940570751,1625.6,1.020748
HOOKUSDT,SELL,LIMIT,1701940798328,2546.3,1.020616
HOOKUSDT,SELL,LIMIT,1701941074364,62.7,1.023250
HOOKUSDT,SELL,LIMIT,1701941154960,164.6,1.021482
HOOKUSDT,SELL,LIMIT,1701941157137,288.8,1.019589
HOOKUSDT,SELL,LIMIT,1701941158751,93.5,1.019439
HOOKUSDT,SELL,LIMIT,1701941161184,315.3,1.017650
HOOKUSDT,SELL,LIMIT,1701941162972,458.2,1.017092
HOOKUSDT,SELL,LIMIT,1701941172469,549.9,1.016716
HOOKUSDT,SELL,LIMIT,1701941174124,7.5,1.022296
HOOKUSDT,SELL,LIMIT,1701941175468,861.2,1.015384
HOOKUSDT,SELL,LIMIT,1701941177162,18.7,1.014606
HOOKUSDT,SELL,LIMIT,1701941178533,198.1,1.013601
HOOKUSDT,SELL,LIMIT,1701941179669,265.2,1.011661
HOOKUSDT,SELL,LIMIT,1701941185469,87.8,1.016252
HOOKUSDT,SELL,LIMIT,1701941187474,383.1,1.011692
HOOKUSDT,SELL,LIMIT,1701941188500,98.3,1.011573
HOOKUSDT,SELL,LIMIT,1701941189504,34.3,1.010487
HOOKUSDT,SELL,LIMIT,1701941190765,4671.2,1.009648
HOOKUSDT,SELL,LIMIT,1701941192120,12.7,1.005955
HOOKUSDT,SELL,LIMIT,1701941193154,183.7,1.004996
HOOKUSDT,SELL,LIMIT,1701941194508,10.4,1.004576
HOOKUSDT,SELL,LIMIT,1701941243565,63.0,1.007579
HOOKUSDT,SELL,LIMIT,1701941248088,620.9,1.005087
HOOKUSDT,SELL,LIMIT,1701941747575,578.6,1.022239
HOOKUSDT,BUY,LIMIT,1701953976590,0.1,1.089870
HOOKUSDT,BUY,LIMIT,1701956297673,6.2,1.095381
HOOKUSDT,BUY,LIMIT,1701956451534,47.8,1.097041
HOOKUSDT,BUY,LIMIT,1701962805184,13.5,1.107131
HOOKUSDT,BUY,LIMIT,1701964261113,470.6,1.112637
HOOKUSDT,SELL,LIMIT,1701964402658,965.4,1.065839
HOOKUSDT,BUY,LIMIT,1701965876638,167.9,1.121780
HOOKUSDT,BUY,LIMIT,1701970063467,92.6,1.125306
HOOKUSDT,SELL,LIMIT,1701976032941,896.6,1.068370
HOOKUSDT,SELL,LIMIT,1701977168562,45.8,1.059717
HOOKUSDT,SELL,LIMIT,1701977296239,1093.6,1.057470
HOOKUSDT,SELL,LIMIT,1701981548975,268.6,1.061951
HOOKUSDT,BUY,LIMIT,1701984526536,196.0,1.116872
HOOKUSDT,SELL,LIMIT,1701988321321,16.9,1.075647
HOOKUSDT,SELL,LIMIT,1701988343136,1818.6,1.074047
HOOKUSDT,BUY,LIMIT,1702000514858,1815.1,1.136044
HOOKUSDT,BUY,LIMIT,1702000811902,53.2,1.140823
HOOKUSDT,BUY,LIMIT,1702005668815,55.1,1.140063
HOOKUSDT,BUY,LIMIT,1702005818419,174.4,1.144849
HOOKUSDT,BUY,LIMIT,1702007154541,25.1,1.140567
HOOKUSDT,BUY,LIMIT,1702036070805,829.9,1.135637
HOOKUSDT,SELL,LIMIT,1702038608713,23.6,1.110905
HOOKUSDT,SELL,LIMIT,1702050405435,8.6,1.083783
HOOKUSDT,BUY,LIMIT,1702052530226,67.6,1.136863
HOOKUSDT,SELL,LIMIT,1702078604777,38.1,1.091338
HOOKUSDT,SELL,LIMIT,1702079060541,101.2,1.090223
HOOKUSDT,BUY,LIMIT,1702082952365,35.7,1.146197
HOOKUSDT,SELL,LIMIT,1702084090528,4641.8,1.078846
HOOKUSDT,BUY,LIMIT,1702085725258,44.8,1.142622
HOOKUSDT,SELL,LIMIT,1702102392471,4770.1,1.093439
HOOKUSDT,BUY,LIMIT,1702107993310,6.4,1.149347
HOOKUSDT,BUY,LIMIT,1702110428055,13.5,1.155574
HOOKUSDT,SELL,LIMIT,1702110910900,395.2,1.094590
HOOKUSDT,SELL,LIMIT,1702110977804,265.3,1.090663
HOOKUSDT,SELL,LIMIT,1702110980628,4521.8,1.090563
HOOKUSDT,SELL,LIMIT,1702111028672,18.3,1.082215
HOOKUSDT,SELL,LIMIT,1702111031400,3.5,1.081212
HOOKUSDT,SELL,LIMIT,1702111379378,1937.1,1.073600
HOOKUSDT,SELL,LIMIT,1702111380670,3324.3,1.072247
HOOKUSDT,SELL,LIMIT,1702111382023,873.8,1.070012
HOOKUSDT,SELL,LIMIT,1702111388826,168.2,1.069365
HOOKUSDT,SELL,LIMIT,1702111389989,548.7,1.069062
HOOKUSDT,SELL,LIMIT,1702111392630,113.5,1.067225
HOOKUSDT,SELL,LIMIT,1702125021405,6.3,1.090262
HOOKUSDT,BUY,LIMIT,1702130933021,10.9,1.153811
HOOKUSDT,SELL,LIMIT,1702135775422,611.7,1.084567
HOOKUSDT,BUY,LIMIT,1702138350688,103.2,1.147500
HOOKUSDT,SELL,LIMIT,1702141690695,747.8,1.084373
HOOKUSDT,SELL,LIMIT,1702141700591,58.6,1.084189
HOOKUSDT,SELL,LIMIT,1702153920229,4438.2,1.101202
HOOKUSDT,BUY,LIMIT,1702162950393,706.6,1.170999
HOOKUSDT,SELL,LIMIT,1702164207645,37.0,1.114968
HOOKUSDT,SELL,LIMIT,1702164520778,453.1,1.104609
HOOKUSDT,SELL,LIMIT,1702164530288,15.8,1.104224
HOOKUSDT,SELL,LIMIT,1702164540451,529.3,1.104851
HOOKUSDT,SELL,LIMIT,1702164543435,30.1,1.100791
HOOKUSDT,SELL,LIMIT,1702164675106,886.3,1.105568
HOOKUSDT,SELL,LIMIT,1702164798455,12.9,1.092370
HOOKUSDT,SELL,LIMIT,1702164800308,847.0,1.091174
HOOKUSDT,SELL,LIMIT,1702164801469,39.1,1.094716
HOOKUSDT,SELL,LIMIT,1702164804413,4404.1,1.089960
HOOKUSDT,SELL,LIMIT,1702164807751,47.0,1.099561
HOOKUSDT,SELL,LIMIT,1702164809280,52.2,1.092213
HOOKUSDT,SELL,LIMIT,1702164811610,24.7,1.096600
HOOKUSDT,SELL,LIMIT,1702164851161,248.2,1.091617
HOOKUSDT,SELL,LIMIT,1702164965362,228.9,1.086819
HOOKUSDT,SELL,LIMIT,1702200333127,14.8,1.097676
HOOKUSDT,SELL,LIMIT,1702200455255,74.0,1.095276
HOOKUSDT,SELL,LIMIT,1702200690292,13.0,1.090595
HOOKUSDT,SELL,LIMIT,1702200744460,1879.5,1.089600
HOOKUSDT,SELL,LIMIT,1702200774365,88.1,1.089241
HOOKUSDT,SELL,LIMIT,1702200792201,100.7,1.089100
HOOKUSDT,SELL,LIMIT,1702200893356,300.5,1.086395
HOOKUSDT,SELL,LIMIT,1702200895087,127.3,1.086240
HOOKUSDT,SELL,LIMIT,1702200897915,136.3,1.085253
HOOKUSDT,SELL,LIMIT,1702200899998,69.0,1.084581
HOOKUSDT,SELL,LIMIT,1702200921193,11.2,1.085628
HOOKUSDT,SELL,LIMIT,1702200943690,77.0,1.084406
HOOKUSDT,SELL,LIMIT,1702200945686,247.1,1.084006
HOOKUSDT,SELL,LIMIT,1702201432279,276.9,1.085944
HOOKUSDT,SELL,LIMIT,1702201479284,500.0,1.084121
HOOKUSDT,SELL,LIMIT,1702201484697,81.0,1.082869
HOOKUSDT,SELL,LIMIT,1702202049290,10.0,1.080578
HOOKUSDT,SELL,LIMIT,1702202050435,33.4,1.080464
HOOKUSDT,SELL,LIMIT,1702202267739,44.9,1.078883
HOOKUSDT,SELL,LIMIT,1702202275917,1624.9,1.078393
HOOKUSDT,SELL,LIMIT,1702202286096,4451.9,1.078001
HOOKUSDT,SELL,LIMIT,1702202289739,555.9,1.077983
HOOKUSDT,SELL,LIMIT,1702202292273,91.0,1.077320
HOOKUSDT,SELL,LIMIT,1702202293391,2122.1,1.077324
HOOKUSDT,SELL,LIMIT,1702202297236,96.0,1.076188
HOOKUSDT,SELL,LIMIT,1702202318131,17.6,1.075838
HOOKUSDT,SELL,LIMIT,1702202321108,442.2,1.075834
HOOKUSDT,SELL,LIMIT,1702202325153,50.1,1.074942
HOOKUSDT,SELL,LIMIT,1702202364482,44.2,1.073888
HOOKUSDT,SELL,LIMIT,1702202372103,13.9,1.072666
HOOKUSDT,SELL,LIMIT,1702202373169,35.4,1.074548
HOOKUSDT,SELL,LIMIT,1702202379345,112.0,1.070945
HOOKUSDT,SELL,LIMIT,1702202380993,398.3,1.070749
HOOKUSDT,SELL,LIMIT,1702202389485,133.1,1.070180
HOOKUSDT,SELL,LIMIT,1702202398505,1169.0,1.069768
HOOKUSDT,BUY,LIMIT,1702240430251,179.0,1.162391
HOOKUSDT,BUY,LIMIT,1702240744727,280.1,1.166719
HOOKUSDT,SELL,LIMIT,1702241344397,16.1,1.123404
HOOKUSDT,SELL,LIMIT,1702256620302,86.7,1.111195
HOOKUSDT,SELL,LIMIT,1702256722675,40.5,1.108873
HOOKUSDT,SELL,LIMIT,1702256725384,68.0,1.113473
HOOKUSDT,SELL,LIMIT,1702256908222,2334.6,1.105964
HOOKUSDT,SELL,LIMIT,1702256913393,186.3,1.104906
HOOKUSDT,SELL,LIMIT,1702256914476,239.4,1.104968
HOOKUSDT,SELL,LIMIT,1702256986392,3921.4,1.101108
HOOKUSDT,SELL,LIMIT,1702260431298,405.8,1.126569
HOOKUSDT,SELL,LIMIT,1702260438732,182.7,1.109648
HOOKUSDT,SELL,LIMIT,1702260628176,4461.0,1.100136
HOOKUSDT,SELL,LIMIT,1702260633542,4335.0,1.106627
HOOKUSDT,SELL,LIMIT,1702260635332,158.6,1.096356
HOOKUSDT,SELL,LIMIT,1702260637903,481.0,1.095501
HOOKUSDT,SELL,LIMIT,1702260667813,370.7,1.097209
HOOKUSDT,SELL,LIMIT,1702260694467,3515.9,1.093086
HOOKUSDT,SELL,LIMIT,1702260696875,128.2,1.091756
HOOKUSDT,SELL,LIMIT,1702260699263,521.3,1.090914
HOOKUSDT,SELL,LIMIT,1702260701304,271.0,1.090819
HOOKUSDT,SELL,LIMIT,1702260707265,902.1,1.090408
HOOKUSDT,SELL,LIMIT,1702260709230,45.1,1.090071
HOOKUSDT,SELL,LIMIT,1702260710289,5.2,1.089904
HOOKUSDT,SELL,LIMIT,1702260715417,304.5,1.092217
HOOKUSDT,SELL,LIMIT,1702260716805,5.6,1.088031
HOOKUSDT,SELL,LIMIT,1702260717866,107.3,1.093062
HOOKUSDT,SELL,LIMIT,1702260719378,2717.6,1.083925
HOOKUSDT,SELL,LIMIT,1702260720922,123.9,1.082449
HOOKUSDT,SELL,LIMIT,1702260722275,192.3,1.082089
HOOKUSDT,SELL,LIMIT,1702260723471,1026.6,1.081318
HOOKUSDT,SELL,LIMIT,1702260724664,18.5,1.090750
HOOKUSDT,SELL,LIMIT,1702260725792,28.1,1.080965
HOOKUSDT,SELL,LIMIT,1702260728281,4453.1,1.083160
HOOKUSDT,SELL,LIMIT,1702260730225,1318.3,1.081963
HOOKUSDT,SELL,LIMIT,1702260731452,301.8,1.087939
HOOKUSDT,SELL,LIMIT,1702260732646,99.9,1.080224
HOOKUSDT,SELL,LIMIT,1702260734019,4282.8,1.079139
HOOKUSDT,SELL,LIMIT,1702260735488,1.9,1.077374
HOOKUSDT,SELL,LIMIT,1702260736520,68.2,1.074762
HOOKUSDT,SELL,LIMIT,1702260739415,31.0,1.087514
HOOKUSDT,SELL,LIMIT,1702260740430,209.0,1.074953
HOOKUSDT,SELL,LIMIT,1702260741503,355.0,1.073416
HOOKUSDT,SELL,LIMIT,1702260742692,179.1,1.075845
HOOKUSDT,SELL,LIMIT,1702260743910,2097.0,1.076553
HOOKUSDT,SELL,LIMIT,1702260744916,121.0,1.071044
HOOKUSDT,SELL,LIMIT,1702260746228,12.9,1.070876
HOOKUSDT,SELL,LIMIT,1702260747577,1000.0,1.069694
HOOKUSDT,SELL,LIMIT,1702260748618,2383.2,1.068696
HOOKUSDT,SELL,LIMIT,1702260749724,864.0,1.067611
HOOKUSDT,SELL,LIMIT,1702260750751,47.2,1.068475
HOOKUSDT,SELL,LIMIT,1702260751754,271.5,1.062730
HOOKUSDT,SELL,LIMIT,1702260752825,17.4,1.062403
HOOKUSDT,SELL,LIMIT,1702260754055,4460.0,1.062696
HOOKUSDT,SELL,LIMIT,1702260755882,1730.8,1.062558
HOOKUSDT,SELL,LIMIT,1702260757787,186.1,1.061270
HOOKUSDT,SELL,LIMIT,1702260759088,220.8,1.065147
HOOKUSDT,SELL,LIMIT,1702260760699,619.7,1.058338
HOOKUSDT,SELL,LIMIT,1702260762167,252.3,1.058372
HOOKUSDT,SELL,LIMIT,1702260763445,81.7,1.058199
HOOKUSDT,SELL,LIMIT,1702260765351,71.5,1.078540
HOOKUSDT,SELL,LIMIT,1702260766362,4722.0,1.058013
HOOKUSDT,SELL,LIMIT,1702260767511,20.0,1.057642
HOOKUSDT,SELL,LIMIT,1702260768612,10.0,1.057547
HOOKUSDT,SELL,LIMIT,1702260769578,93.2,1.056335
HOOKUSDT,SELL,LIMIT,1702260770711,988.4,1.062952
HOOKUSDT,SELL,LIMIT,1702260771821,1000.0,1.064913
HOOKUSDT,SELL,LIMIT,1702260772848,18005.3,1.048383
HOOKUSDT,SELL,LIMIT,1702260774058,52.0,1.052456
HOOKUSDT,SELL,LIMIT,1702260775065,4.7,1.049668
HOOKUSDT,SELL,LIMIT,1702260776164,864.8,1.048911
HOOKUSDT,SELL,LIMIT,1702260777243,2587.7,1.047798
HOOKUSDT,SELL,LIMIT,1702260778294,0.2,1.045641
HOOKUSDT,SELL,LIMIT,1702260779329,1803.7,1.047782
HOOKUSDT,SELL,LIMIT,1702260780433,177.8,1.042162
HOOKUSDT,SELL,LIMIT,1702260781441,454.5,1.041325
HOOKUSDT,SELL,LIMIT,1702260782555,271.8,1.041084
HOOKUSDT,SELL,LIMIT,1702260783633,6000.0,1.039035
HOOKUSDT,SELL,LIMIT,1702260784733,223.2,1.039830
HOOKUSDT,SELL,LIMIT,1702260785751,40993.3,1.022730
HOOKUSDT,SELL,LIMIT,1702260787418,400.0,1.039389
HOOKUSDT,SELL,LIMIT,1702260788439,170.8,1.040750
HOOKUSDT,SELL,LIMIT,1702260789588,1395.3,1.038646
HOOKUSDT,SELL,LIMIT,1702260790690,24.3,1.039216
HOOKUSDT,SELL,LIMIT,1702260791730,1854.2,1.037873
HOOKUSDT,SELL,LIMIT,1702260792978,994.6,1.036197
HOOKUSDT,SELL,LIMIT,1702260794019,203.0,1.037152
HOOKUSDT,SELL,LIMIT,1702260795010,264.3,1.035314
HOOKUSDT,SELL,LIMIT,1702260796357,1680.0,1.034994
HOOKUSDT,SELL,LIMIT,1702260797477,90.9,1.083812
HOOKUSDT,SELL,LIMIT,1702260798488,33.0,1.029741
HOOKUSDT,SELL,LIMIT,1702260799505,5528.6,1.027184
HOOKUSDT,SELL,LIMIT,1702260800645,1734.8,1.025632
HOOKUSDT,SELL,LIMIT,1702260801638,92.4,1.030811
HOOKUSDT,SELL,LIMIT,1702260802773,480.9,1.030209
HOOKUSDT,SELL,LIMIT,1702260803835,17.2,1.030192
HOOKUSDT,SELL,LIMIT,1702260805025,857.5,1.030725
HOOKUSDT,SELL,LIMIT,1702260806437,225.3,1.040697
HOOKUSDT,SELL,LIMIT,1702260807514,2428.3,1.027772
HOOKUSDT,SELL,LIMIT,1702260808580,4545.6,1.028298
HOOKUSDT,SELL,LIMIT,1702260810261,366.4,1.028808
HOOKUSDT,SELL,LIMIT,1702260811305,107.2,1.036995
HOOKUSDT,SELL,LIMIT,1702260812477,216.8,1.027692
HOOKUSDT,SELL,LIMIT,1702260813519,1199.5,1.025127
HOOKUSDT,SELL,LIMIT,1702260814832,191.2,1.026361
HOOKUSDT,SELL,LIMIT,1702260816582,443.2,1.035060
HOOKUSDT,SELL,LIMIT,1702260817731,2738.6,1.028181
HOOKUSDT,SELL,LIMIT,1702260821130,200.0,1.027106
HOOKUSDT,SELL,LIMIT,1702260824886,862.1,1.029859
HOOKUSDT,BUY,LIMIT,1702260837559,945.3,1.067303
HOOKUSDT,SELL,LIMIT,1702260861356,22.2,1.033411
HOOKUSDT,SELL,LIMIT,1702260865308,3.3,1.038507
