Symbol,Side,Order Type,Time,Quantity,Price
HOTUSDT,SELL,LIMIT,1701915448607,153681,0.001959
HOTUSDT,SELL,LIMIT,1701918286877,1717169,0.001957
HOTUSDT,SELL,LIMIT,1701918462966,160209,0.001957
HOTUSDT,SELL,LIMIT,1701918497445,238342,0.001953
HOTUSDT,SELL,LIMIT,1701918640967,7354,0.001946
HOTUSDT,BUY,LIMIT,1701919094438,19819,0.002032
HOTUSDT,BUY,LIMIT,1701920651212,41565,0.002059
HOTUSDT,BUY,LIMIT,1701924237097,44313,0.002070
HOTUSDT,BUY,LIMIT,1701924817415,25030,0.002078
HOTUSDT,SELL,LIMIT,1701927438055,42717,0.001956
HOTUSDT,SELL,LIMIT,1701927460896,3951,0.001955
HOTUSDT,SELL,LIMIT,1701927846249,36217,0.001945
HOTUSDT,SELL,LIMIT,1701927847386,109901,0.001946
HOTUSDT,SELL,LIMIT,1701927870523,12132,0.001944
HOTUSDT,SELL,LIMIT,1701927903196,709441,0.001943
HOTUSDT,SELL,LIMIT,1701927905147,495049,0.001941
HOTUSDT,SELL,LIMIT,1701927979047,7939,0.001937
HOTUSDT,SELL,LIMIT,1701927980065,86637,0.001936
HOTUSDT,SELL,LIMIT,1701927981180,6325,0.001937
HOTUSDT,SELL,LIMIT,1701928176140,53943,0.001935
HOTUSDT,SELL,LIMIT,1701928178618,2959,0.001934
HOTUSDT,SELL,LIMIT,1701928187375,124031,0.001934
HOTUSDT,SELL,LIMIT,1701928198487,84784,0.001933
HOTUSDT,SELL,LIMIT,1701928200074,246305,0.001930
HOTUSDT,SELL,LIMIT,1701929213411,10681,0.001930
HOTUSDT,SELL,LIMIT,1701929220385,59269,0.001928
HOTUSDT,SELL,LIMIT,1701929231525,107877,0.001927
HOTUSDT,SELL,LIMIT,1701929253715,226745,0.001927
HOTUSDT,SELL,LIMIT,1701929262465,32801,0.001926
HOTUSDT,SELL,LIMIT,1701929264519,5056,0.001926
HOTUSDT,SELL,LIMIT,1701929351684,306487,0.001925
HOTUSDT,SELL,LIMIT,1701929354059,816526,0.001923
HOTUSDT,SELL,LIMIT,1701929355246,245611,0.001924
HOTUSDT,SELL,LIMIT,1701929356392,63924,0.001922
HOTUSDT,SELL,LIMIT,1701929357504,22587,0.001920
HOTUSDT,SELL,LIMIT,1701929371620,4835,0.001919
HOTUSDT,SELL,LIMIT,1701929373133,29040,0.001919
HOTUSDT,SELL,LIMIT,1701929381250,54036,0.001918
HOTUSDT,SELL,LIMIT,1701929398117,396045,0.001918
HOTUSDT,SELL,LIMIT,1701930062312,797276,0.001917
HOTUSDT,SELL,LIMIT,1701930069043,346706,0.001916
HOTUSDT,SELL,LIMIT,1701930070634,37998,0.001916
HOTUSDT,SELL,LIMIT,1701930072844,25467,0.001915
HOTUSDT,SELL,LIMIT,1701930092674,14895,0.001915
HOTUSDT,SELL,LIMIT,1701930101031,155322,0.001914
HOTUSDT,SELL,LIMIT,1701930103052,99108,0.001914
HOTUSDT,SELL,LIMIT,1701930110237,3472,0.001914
HOTUSDT,SELL,LIMIT,1701930788243,367458,0.001935
HOTUSDT,SELL,LIMIT,1701931107876,2130894,0.001921
HOTUSDT,SELL,LIMIT,1701931133735,1832,0.001920
HOTUSDT,SELL,LIMIT,1701931567165,11614,0.001908
HOTUSDT,SELL,LIMIT,1701931568223,305075,0.001908
HOTUSDT,SELL,LIMIT,1701931569526,1261361,0.001905
HOTUSDT,SELL,LIMIT,1701931600197,9522,0.001904
HOTUSDT,SELL,LIMIT,1701931603764,4870,0.001904
HOTUSDT,BUY,LIMIT,1701932034387,98345,0.001939
HOTUSDT,BUY,LIMIT,1701934126185,43133,0.002029
HOTUSDT,BUY,LIMIT,1701934230706,10412,0.002026
HOTUSDT,BUY,LIMIT,1701935037048,637104,0.002040
HOTUSDT,BUY,LIMIT,1701935081315,29119,0.002042
HOTUSDT,BUY,LIMIT,1701935083719,6378,0.002045
HOTUSDT,BUY,LIMIT,1701936499193,101317,0.002052
HOTUSDT,BUY,LIMIT,1701936500817,266312,0.002053
HOTUSDT,BUY,LIMIT,1701936501893,38667,0.002054
HOTUSDT,BUY,LIMIT,1701936598911,6122,0.002057
HOTUSDT,SELL,LIMIT,1701936907881,14880,0.001949
HOTUSDT,SELL,LIMIT,1701937320810,35752,0.001957
HOTUSDT,SELL,LIMIT,1701937356817,12750,0.001955
HOTUSDT,SELL,LIMIT,1701937483692,400610,0.001954
HOTUSDT,SELL,LIMIT,1701937823466,5000,0.001945
HOTUSDT,SELL,LIMIT,1701939313756,1417269,0.001941
HOTUSDT,SELL,LIMIT,1701939322906,282087,0.001939
HOTUSDT,SELL,LIMIT,1701939341175,79808,0.001935
HOTUSDT,SELL,LIMIT,1701939372245,12594509,0.001921
HOTUSDT,SELL,LIMIT,1701939576202,2853881,0.001928
HOTUSDT,SELL,LIMIT,1701939776832,3745,0.001928
HOTUSDT,SELL,LIMIT,1701939819157,99001,0.001927
HOTUSDT,SELL,LIMIT,1701939877409,36697,0.001923
HOTUSDT,SELL,LIMIT,1701939903658,110552,0.001921
HOTUSDT,SELL,LIMIT,1701939977136,21487,0.001919
HOTUSDT,SELL,LIMIT,1701939994657,10750,0.001920
HOTUSDT,SELL,LIMIT,1701940003451,35710,0.001918
HOTUSDT,SELL,LIMIT,1701940012339,268888,0.001914
HOTUSDT,SELL,LIMIT,1701940013369,61368,0.001917
HOTUSDT,SELL,LIMIT,1701940472220,37330,0.001914
HOTUSDT,SELL,LIMIT,1701940537520,35140,0.001912
HOTUSDT,SELL,LIMIT,1701940557710,62156,0.001913
HOTUSDT,SELL,LIMIT,1701940559133,3040,0.001911
HOTUSDT,SELL,LIMIT,1701940561850,293540,0.001910
HOTUSDT,SELL,LIMIT,1701940563439,1054326,0.001911
HOTUSDT,SELL,LIMIT,1701940564649,35038,0.001908
HOTUSDT,SELL,LIMIT,1701940565674,38565,0.001908
HOTUSDT,SELL,LIMIT,1701940568089,35438,0.001905
HOTUSDT,SELL,LIMIT,1701940569296,99805,0.001905
HOTUSDT,SELL,LIMIT,1701940572384,2433595,0.001904
HOTUSDT,SELL,LIMIT,1701940678079,119909,0.001908
HOTUSDT,SELL,LIMIT,1701941076209,194162,0.001903
HOTUSDT,SELL,LIMIT,1701941105487,110849,0.001902
HOTUSDT,SELL,LIMIT,1701941107149,31986,0.001899
HOTUSDT,SELL,LIMIT,1701941108169,9447,0.001898
HOTUSDT,SELL,LIMIT,1701941154422,6634,0.001899
HOTUSDT,SELL,LIMIT,1701941156056,1000000,0.001896
HOTUSDT,SELL,LIMIT,1701941161045,28303,0.001897
HOTUSDT,SELL,LIMIT,1701941162070,990589,0.001896
HOTUSDT,SELL,LIMIT,1701941173613,501504,0.001895
HOTUSDT,SELL,LIMIT,1701941181828,15449,0.001895
HOTUSDT,SELL,LIMIT,1701941185689,164470,0.001895
HOTUSDT,SELL,LIMIT,1701941187296,14751,0.001895
HOTUSDT,SELL,LIMIT,1701941188451,30854,0.001894
HOTUSDT,SELL,LIMIT,1701941189530,70023,0.001893
HOTUSDT,SELL,LIMIT,1701941193320,26513,0.001893
HOTUSDT,SELL,LIMIT,1701941219011,829650,0.001900
HOTUSDT,SELL,LIMIT,1701941231769,5281,0.001893
HOTUSDT,SELL,LIMIT,1701941235284,33041,0.001893
HOTUSDT,SELL,LIMIT,1701941239145,105210,0.001892
HOTUSDT,SELL,LIMIT,1701941240179,23809,0.001892
HOTUSDT,SELL,LIMIT,1701941244674,44603,0.001891
HOTUSDT,SELL,LIMIT,1701941245710,3089471,0.001888
HOTUSDT,SELL,LIMIT,1701941248869,58413,0.001890
HOTUSDT,SELL,LIMIT,1701941250326,4916,0.001890
HOTUSDT,SELL,LIMIT,1701941254325,264,0.001890
HOTUSDT,SELL,LIMIT,1701941256940,52760,0.001890
HOTUSDT,SELL,LIMIT,1701941269555,20940,0.001889
HOTUSDT,BUY,LIMIT,1701941649914,1000000,0.001985
HOTUSDT,SELL,LIMIT,1701941726622,1000000,0.001913
HOTUSDT,BUY,LIMIT,1701941757394,2540920,0.001992
HOTUSDT,SELL,LIMIT,1701942228071,83803,0.001916
HOTUSDT,BUY,LIMIT,1701942376524,63195,0.002005
HOTUSDT,BUY,LIMIT,1701942863566,225564,0.002012
HOTUSDT,BUY,LIMIT,1701948157527,6816,0.002022
HOTUSDT,BUY,LIMIT,1701948158636,2572,0.002023
HOTUSDT,BUY,LIMIT,1701951005255,72968,0.002024
HOTUSDT,BUY,LIMIT,1701951075766,174699,0.002027
HOTUSDT,BUY,LIMIT,1701951106182,2656,0.002028
HOTUSDT,BUY,LIMIT,1701951387219,68164,0.002017
HOTUSDT,BUY,LIMIT,1701952173152,19934,0.002023
HOTUSDT,BUY,LIMIT,1701952958462,4814,0.002022
HOTUSDT,SELL,LIMIT,1701952987844,16120,0.001947
HOTUSDT,BUY,LIMIT,1701953397492,598392,0.002026
HOTUSDT,BUY,LIMIT,1701954140547,65623,0.002031
HOTUSDT,BUY,LIMIT,1701954206239,93,0.002036
HOTUSDT,BUY,LIMIT,1701954228187,756688,0.002036
HOTUSDT,SELL,LIMIT,1701956559004,50428,0.001954
HOTUSDT,BUY,LIMIT,1701959599444,41023,0.002027
HOTUSDT,SELL,LIMIT,1701959657367,90033,0.001952
HOTUSDT,SELL,LIMIT,1701959663859,597640,0.001954
HOTUSDT,BUY,LIMIT,1701960523821,30460,0.002037
HOTUSDT,BUY,LIMIT,1701960914449,64755,0.002043
HOTUSDT,BUY,LIMIT,1701960916648,75431,0.002045
HOTUSDT,BUY,LIMIT,1701960920984,10444,0.002047
HOTUSDT,BUY,LIMIT,1701960970515,7604,0.002050
HOTUSDT,BUY,LIMIT,1701960972697,38818,0.002053
HOTUSDT,BUY,LIMIT,1701961029170,155570,0.002054
HOTUSDT,BUY,LIMIT,1701961431347,5585,0.002008
HOTUSDT,BUY,LIMIT,1701962638273,2369,0.002050
HOTUSDT,BUY,LIMIT,1701963001731,126466,0.002056
HOTUSDT,BUY,LIMIT,1701963021684,12102,0.002047
HOTUSDT,BUY,LIMIT,1701964257519,250000,0.002054
HOTUSDT,SELL,LIMIT,1701964914095,1527029,0.001953
HOTUSDT,BUY,LIMIT,1701965064899,92413,0.002039
HOTUSDT,BUY,LIMIT,1701965067173,101419,0.002033
HOTUSDT,BUY,LIMIT,1701965615356,65057,0.002058
HOTUSDT,BUY,LIMIT,1701965621772,516259,0.002058
HOTUSDT,BUY,LIMIT,1701965637277,30333,0.002058
HOTUSDT,BUY,LIMIT,1701966021376,1018848,0.002060
HOTUSDT,BUY,LIMIT,1701966028551,7974,0.002062
HOTUSDT,BUY,LIMIT,1701966033157,21687,0.002063
HOTUSDT,BUY,LIMIT,1701966036407,118408,0.002065
HOTUSDT,BUY,LIMIT,1701966071060,12479,0.002066
HOTUSDT,BUY,LIMIT,1701966072496,74379,0.002066
HOTUSDT,BUY,LIMIT,1701966087502,11671,0.002068
HOTUSDT,BUY,LIMIT,1701966089880,17515,0.002068
HOTUSDT,BUY,LIMIT,1701966127129,6000,0.002069
HOTUSDT,BUY,LIMIT,1701966138103,174874,0.002070
HOTUSDT,BUY,LIMIT,1701966183647,10136,0.002071
HOTUSDT,BUY,LIMIT,1701966215431,64888,0.002073
HOTUSDT,BUY,LIMIT,1701966223266,5055,0.002076
HOTUSDT,BUY,LIMIT,1701966224324,77420,0.002077
HOTUSDT,BUY,LIMIT,1701966643685,592571,0.002069
HOTUSDT,BUY,LIMIT,1701966702910,11045,0.002079
HOTUSDT,BUY,LIMIT,1701966705923,32337,0.002078
HOTUSDT,BUY,LIMIT,1701966787626,10505193,0.002087
HOTUSDT,BUY,LIMIT,1701968338166,27660,0.002086
HOTUSDT,BUY,LIMIT,1701968378245,109835,0.002088
HOTUSDT,BUY,LIMIT,1701969739172,47641,0.002090
HOTUSDT,BUY,LIMIT,1701969749469,60360,0.002091
HOTUSDT,BUY,LIMIT,1701969750471,6433,0.002091
HOTUSDT,BUY,LIMIT,1701969985658,6213,0.002094
HOTUSDT,BUY,LIMIT,1701969995617,205064,0.002095
HOTUSDT,BUY,LIMIT,1701970284977,15405,0.002089
HOTUSDT,BUY,LIMIT,1701973740892,94754,0.002099
HOTUSDT,BUY,LIMIT,1701973793843,378180,0.002102
HOTUSDT,BUY,LIMIT,1701973804864,186094,0.002102
HOTUSDT,SELL,LIMIT,1701978253985,36958,0.002010
HOTUSDT,SELL,LIMIT,1701981178183,102864,0.001973
HOTUSDT,SELL,LIMIT,1701981222181,105691,0.001968
HOTUSDT,SELL,LIMIT,1701981277336,401800,0.001965
HOTUSDT,SELL,LIMIT,1701981301443,68958,0.001960
HOTUSDT,SELL,LIMIT,1701981302510,11415,0.001960
HOTUSDT,SELL,LIMIT,1701981350700,6633,0.001958
HOTUSDT,SELL,LIMIT,1701981382244,20449,0.001957
HOTUSDT,SELL,LIMIT,1701981401402,121964,0.001955
HOTUSDT,SELL,LIMIT,1701981627506,5428787,0.001949
HOTUSDT,SELL,LIMIT,1701982136067,192847,0.001954
HOTUSDT,SELL,LIMIT,1701982138223,56892,0.001953
HOTUSDT,SELL,LIMIT,1701982139473,28049,0.001952
HOTUSDT,SELL,LIMIT,1701982372973,25265,0.001951
HOTUSDT,SELL,LIMIT,1701983191573,100905,0.001949
HOTUSDT,SELL,LIMIT,1701983314461,194630,0.001948
HOTUSDT,SELL,LIMIT,1701983316331,14795,0.001946
HOTUSDT,SELL,LIMIT,1701983317394,43122,0.001944
HOTUSDT,SELL,LIMIT,1701983353881,895408,0.001942
HOTUSDT,SELL,LIMIT,1701983355215,7205,0.001941
HOTUSDT,SELL,LIMIT,1701983425414,24497,0.001940
HOTUSDT,SELL,LIMIT,1701983426420,48995,0.001939
HOTUSDT,SELL,LIMIT,1701983562075,208348,0.001939
HOTUSDT,SELL,LIMIT,1701983565920,24228,0.001939
HOTUSDT,SELL,LIMIT,1701983573635,94052,0.001939
HOTUSDT,SELL,LIMIT,1701983585212,145870,0.001937
HOTUSDT,SELL,LIMIT,1701983586400,981836,0.001937
HOTUSDT,SELL,LIMIT,1701983598067,116954,0.001935
HOTUSDT,SELL,LIMIT,1701983738358,48966,0.001934
HOTUSDT,SELL,LIMIT,1701983740687,14375,0.001933
HOTUSDT,SELL,LIMIT,1701983766224,30000,0.001932
HOTUSDT,SELL,LIMIT,1701983769855,106915,0.001930
HOTUSDT,SELL,LIMIT,1701984844256,277777,0.001952
HOTUSDT,BUY,LIMIT,1701985124776,8849,0.002028
HOTUSDT,SELL,LIMIT,1701987561241,386979,0.001946
HOTUSDT,SELL,LIMIT,1701988369754,7583,0.001941
HOTUSDT,SELL,LIMIT,1701988480560,28376,0.001937
HOTUSDT,BUY,LIMIT,1702000657157,13293,0.002059
HOTUSDT,BUY,LIMIT,1702000660274,2522704,0.002060
HOTUSDT,SELL,LIMIT,1702002184595,441105,0.001967
HOTUSDT,SELL,LIMIT,1702002740838,762970,0.001965
HOTUSDT,SELL,LIMIT,1702003272060,9008,0.001962
HOTUSDT,SELL,LIMIT,1702003777155,1339504,0.001960
HOTUSDT,SELL,LIMIT,1702003898668,67808,0.001959
HOTUSDT,SELL,LIMIT,1702005363184,220,0.001961
HOTUSDT,SELL,LIMIT,1702008066065,1088917,0.001951
HOTUSDT,SELL,LIMIT,1702009383213,124333,0.001955
HOTUSDT,BUY,LIMIT,1702016282574,51386,0.002038
HOTUSDT,BUY,LIMIT,1702020438066,364955,0.002074
HOTUSDT,BUY,LIMIT,1702020452139,428503,0.002082
HOTUSDT,BUY,LIMIT,1702020563085,166849,0.002088
HOTUSDT,BUY,LIMIT,1702020576342,4959,0.002089
HOTUSDT,BUY,LIMIT,1702020579261,1627040,0.002090
HOTUSDT,BUY,LIMIT,1702020588221,50664,0.002094
HOTUSDT,BUY,LIMIT,1702020602604,22018,0.002098
HOTUSDT,BUY,LIMIT,1702020609304,35129,0.002104
HOTUSDT,BUY,LIMIT,1702020635423,28340,0.002114
HOTUSDT,BUY,LIMIT,1702020641525,10000,0.002117
HOTUSDT,BUY,LIMIT,1702020657252,4149,0.002122
HOTUSDT,BUY,LIMIT,1702020778552,6924,0.002127
HOTUSDT,BUY,LIMIT,1702020780683,168315,0.002129
HOTUSDT,BUY,LIMIT,1702020841317,632047,0.002132
HOTUSDT,BUY,LIMIT,1702020866098,3157,0.002143
HOTUSDT,BUY,LIMIT,1702020867149,686049,0.002143
HOTUSDT,BUY,LIMIT,1702021998543,5067,0.002149
HOTUSDT,BUY,LIMIT,1702022124076,32296,0.002150
HOTUSDT,BUY,LIMIT,1702022198179,12755,0.002156
HOTUSDT,BUY,LIMIT,1702022200035,5169,0.002160
HOTUSDT,BUY,LIMIT,1702022586141,104483,0.002164
HOTUSDT,BUY,LIMIT,1702022644127,45098,0.002165
HOTUSDT,BUY,LIMIT,1702022646698,911886,0.002166
HOTUSDT,BUY,LIMIT,1702022751670,4000,0.002172
HOTUSDT,BUY,LIMIT,1702022766204,29645,0.002173
HOTUSDT,BUY,LIMIT,1702022780914,19845,0.002173
HOTUSDT,BUY,LIMIT,1702022841449,63992,0.002178
HOTUSDT,BUY,LIMIT,1702022864991,97581,0.002180
HOTUSDT,BUY,LIMIT,1702022885521,15454,0.002183
HOTUSDT,BUY,LIMIT,1702023245716,190566,0.002189
HOTUSDT,BUY,LIMIT,1702023266217,40508,0.002192
HOTUSDT,BUY,LIMIT,1702023317112,329936,0.002195
HOTUSDT,BUY,LIMIT,1702024217194,29180,0.002201
HOTUSDT,BUY,LIMIT,1702024238998,5529,0.002207
HOTUSDT,BUY,LIMIT,1702024336129,7744,0.002208
HOTUSDT,BUY,LIMIT,1702024345329,29648,0.002215
HOTUSDT,BUY,LIMIT,1702024429309,26577,0.002222
HOTUSDT,BUY,LIMIT,1702024443818,12627551,0.002237
HOTUSDT,BUY,LIMIT,1702024464139,239784,0.002228
HOTUSDT,BUY,LIMIT,1702024471274,207815,0.002230
HOTUSDT,BUY,LIMIT,1702024478201,4519,0.002232
HOTUSDT,BUY,LIMIT,1702024488144,5842,0.002233
HOTUSDT,BUY,LIMIT,1702024501176,5375,0.002235
HOTUSDT,BUY,LIMIT,1702024599078,366069,0.002233
HOTUSDT,BUY,LIMIT,1702024873645,16080,0.002236
HOTUSDT,BUY,LIMIT,1702026239078,1500000,0.002237
HOTUSDT,BUY,LIMIT,1702026253207,20654,0.002243
HOTUSDT,SELL,LIMIT,1702026528509,1316022,0.002100
HOTUSDT,SELL,LIMIT,1702026532522,52343,0.002098
HOTUSDT,SELL,LIMIT,1702026534375,5659,0.002095
HOTUSDT,SELL,LIMIT,1702026593041,4731,0.002092
HOTUSDT,SELL,LIMIT,1702026673590,104119,0.002089
HOTUSDT,SELL,LIMIT,1702026675515,4026340,0.002084
HOTUSDT,SELL,LIMIT,1702026677645,109591,0.002085
HOTUSDT,SELL,LIMIT,1702026678912,124525,0.002083
HOTUSDT,SELL,LIMIT,1702026683328,496608,0.002080
HOTUSDT,SELL,LIMIT,1702026685184,56856,0.002078
HOTUSDT,SELL,LIMIT,1702026686339,27994,0.002079
HOTUSDT,SELL,LIMIT,1702026687384,957934,0.002078
HOTUSDT,SELL,LIMIT,1702026696433,26263,0.002077
HOTUSDT,SELL,LIMIT,1702026697558,261918,0.002076
HOTUSDT,SELL,LIMIT,1702026699702,468408,0.002075
HOTUSDT,BUY,LIMIT,1702027082483,44326,0.002202
HOTUSDT,BUY,LIMIT,1702028053543,336849,0.002200
HOTUSDT,SELL,LIMIT,1702029520993,33898,0.002077
HOTUSDT,SELL,LIMIT,1702029524546,7583,0.002075
HOTUSDT,SELL,LIMIT,1702029531197,562973,0.002073
HOTUSDT,SELL,LIMIT,1702029541641,27412,0.002072
HOTUSDT,SELL,LIMIT,1702029543113,937122,0.002071
HOTUSDT,SELL,LIMIT,1702029544275,4572,0.002071
HOTUSDT,SELL,LIMIT,1702029547742,98122,0.002070
HOTUSDT,SELL,LIMIT,1702029586251,95486,0.002067
HOTUSDT,SELL,LIMIT,1702029601113,344986,0.002066
HOTUSDT,SELL,LIMIT,1702029602317,200382,0.002066
HOTUSDT,SELL,LIMIT,1702029603614,177776,0.002065
HOTUSDT,SELL,LIMIT,1702029618490,25722,0.002065
HOTUSDT,SELL,LIMIT,1702029640604,117747,0.002061
HOTUSDT,SELL,LIMIT,1702029773578,29735,0.002060
HOTUSDT,BUY,LIMIT,1702029875300,978044,0.002133
HOTUSDT,SELL,LIMIT,1702029878261,56371,0.002060
HOTUSDT,SELL,LIMIT,1702029908741,21395,0.002051
HOTUSDT,SELL,LIMIT,1702030463736,198827,0.002046
HOTUSDT,SELL,LIMIT,1702030468323,6590,0.002046
HOTUSDT,BUY,LIMIT,1702034769520,5930,0.002187
HOTUSDT,BUY,LIMIT,1702034948880,14312,0.002195
HOTUSDT,BUY,LIMIT,1702034963745,125236,0.002210
HOTUSDT,BUY,LIMIT,1702035900743,3631,0.002183
HOTUSDT,SELL,LIMIT,1702036153297,13872577,0.002076
HOTUSDT,SELL,LIMIT,1702042785601,543560,0.002071
HOTUSDT,SELL,LIMIT,1702042787613,857418,0.002069
HOTUSDT,SELL,LIMIT,1702043840386,7037,0.002065
HOTUSDT,SELL,LIMIT,1702043935002,211401,0.002060
HOTUSDT,SELL,LIMIT,1702047038239,16245,0.002076
HOTUSDT,SELL,LIMIT,1702050475845,7087,0.002075
HOTUSDT,SELL,LIMIT,1702050895425,31242,0.002058
HOTUSDT,SELL,LIMIT,1702051873103,628386,0.002056
HOTUSDT,BUY,LIMIT,1702052530226,39791,0.002145
HOTUSDT,BUY,LIMIT,1702052852154,136441,0.002125
HOTUSDT,SELL,LIMIT,1702052910019,21398,0.002054
HOTUSDT,SELL,LIMIT,1702052980680,4518,0.002052
HOTUSDT,SELL,LIMIT,1702053075795,260962,0.002048
HOTUSDT,SELL,LIMIT,1702053188129,1373948,0.002047
HOTUSDT,SELL,LIMIT,1702055280416,163664,0.002045
HOTUSDT,SELL,LIMIT,1702055300300,44564,0.002042
HOTUSDT,SELL,LIMIT,1702055312372,872721,0.002040
HOTUSDT,SELL,LIMIT,1702056268974,3433,0.002039
HOTUSDT,SELL,LIMIT,1702056280576,4668,0.002037
HOTUSDT,SELL,LIMIT,1702056341869,6117,0.002035
HOTUSDT,BUY,LIMIT,1702060191427,3154,0.002137
HOTUSDT,SELL,LIMIT,1702060982239,13805,0.002065
HOTUSDT,BUY,LIMIT,1702065877489,104339,0.002142
HOTUSDT,BUY,LIMIT,1702068613784,32140,0.002132
HOTUSDT,BUY,LIMIT,1702068996144,1425581,0.002147
HOTUSDT,BUY,LIMIT,1702070656562,36663,0.002150
HOTUSDT,SELL,LIMIT,1702076317176,526004,0.002061
HOTUSDT,BUY,LIMIT,1702078548839,302649,0.002159
HOTUSDT,SELL,LIMIT,1702079062959,33238,0.002071
HOTUSDT,BUY,LIMIT,1702080125400,30496,0.002163
HOTUSDT,BUY,LIMIT,1702080273199,504420,0.002163
HOTUSDT,BUY,LIMIT,1702081707194,187021,0.002161
HOTUSDT,BUY,LIMIT,1702081777178,634766,0.002163
HOTUSDT,BUY,LIMIT,1702082330082,9102,0.002166
HOTUSDT,SELL,LIMIT,1702082421050,138508,0.002088
HOTUSDT,BUY,LIMIT,1702082957417,92461,0.002163
HOTUSDT,SELL,LIMIT,1702084104537,24119,0.002046
HOTUSDT,BUY,LIMIT,1702085555500,52,0.002147
HOTUSDT,BUY,LIMIT,1702093605571,15479,0.002163
HOTUSDT,BUY,LIMIT,1702094757471,20771,0.002164
HOTUSDT,BUY,LIMIT,1702101611845,141899,0.002165
HOTUSDT,BUY,LIMIT,1702103220432,50890,0.002156
HOTUSDT,BUY,LIMIT,1702103365393,59559,0.002165
HOTUSDT,BUY,LIMIT,1702103544660,620650,0.002178
HOTUSDT,BUY,LIMIT,1702103685660,36096,0.002187
HOTUSDT,BUY,LIMIT,1702104882385,16783,0.002195
HOTUSDT,BUY,LIMIT,1702105645787,184056,0.002189
HOTUSDT,BUY,LIMIT,1702105665318,145547,0.002189
HOTUSDT,BUY,LIMIT,1702105908477,45024,0.002190
HOTUSDT,BUY,LIMIT,1702106074902,18442,0.002190
HOTUSDT,BUY,LIMIT,1702108054444,52503,0.002184
HOTUSDT,BUY,LIMIT,1702109301798,8125,0.002178
HOTUSDT,BUY,LIMIT,1702109721252,11999,0.002172
HOTUSDT,SELL,LIMIT,1702110269147,2821,0.002099
HOTUSDT,BUY,LIMIT,1702110330207,102101,0.002194
HOTUSDT,SELL,LIMIT,1702110973444,1114620,0.002074
HOTUSDT,SELL,LIMIT,1702110982123,70323,0.002068
HOTUSDT,SELL,LIMIT,1702110984642,2296522,0.002068
HOTUSDT,SELL,LIMIT,1702111029135,5969,0.002063
HOTUSDT,SELL,LIMIT,1702111034400,145633,0.002062
HOTUSDT,SELL,LIMIT,1702111035735,38690,0.002059
HOTUSDT,SELL,LIMIT,1702111039340,169474,0.002055
HOTUSDT,SELL,LIMIT,1702111040955,843454,0.002053
HOTUSDT,SELL,LIMIT,1702111042731,281030,0.002051
HOTUSDT,SELL,LIMIT,1702111045344,1909900,0.002044
HOTUSDT,SELL,LIMIT,1702111377110,101098,0.002045
HOTUSDT,SELL,LIMIT,1702111384919,175000,0.002036
HOTUSDT,SELL,LIMIT,1702111386281,110706,0.002039
HOTUSDT,SELL,LIMIT,1702111387593,2316,0.002036
HOTUSDT,SELL,LIMIT,1702111390212,47415,0.002030
HOTUSDT,BUY,LIMIT,1702113711098,310585,0.002153
HOTUSDT,BUY,LIMIT,1702118210363,92985,0.002189
HOTUSDT,SELL,LIMIT,1702125113094,28709,0.002076
HOTUSDT,SELL,LIMIT,1702132999531,2365059,0.002066
HOTUSDT,SELL,LIMIT,1702133005574,185878,0.002062
HOTUSDT,SELL,LIMIT,1702133007087,88301,0.002060
HOTUSDT,SELL,LIMIT,1702133399816,153848,0.002057
HOTUSDT,SELL,LIMIT,1702133619561,147414,0.002057
