Symbol,Side,Order Type,Time,Quantity,Price
ICPUSDT,SELL,LIMIT,1701939893295,565,4.843532
ICPUSDT,SELL,LIMIT,1701939977136,8,4.835161
ICPUSDT,SELL,LIMIT,1701940026052,22,4.827782
ICPUSDT,SELL,LIMIT,1701940565401,1357,4.787638
ICPUSDT,SELL,LIMIT,1701941075691,27,4.781932
ICPUSDT,SELL,LIMIT,1701941112683,9,4.777567
ICPUSDT,SELL,LIMIT,1701941146709,2,4.778233
ICPUSDT,SELL,LIMIT,1701941148597,52,4.777583
ICPUSDT,SELL,LIMIT,1701941151201,21,4.763007
ICPUSDT,SELL,LIMIT,1701941155850,268,4.761670
ICPUSDT,SELL,LIMIT,1701941172484,150,4.757031
ICPUSDT,SELL,LIMIT,1701941175366,9,4.755834
ICPUSDT,SELL,LIMIT,1701941176696,39,4.750762
ICPUSDT,SELL,LIMIT,1701941177905,213,4.749130
ICPUSDT,SELL,LIMIT,1701941179191,7,4.743804
ICPUSDT,SELL,LIMIT,1701941181599,11,4.739556
ICPUSDT,SELL,LIMIT,1701941183236,274,4.736665
ICPUSDT,SELL,LIMIT,1701941185376,4,4.733135
ICPUSDT,SELL,LIMIT,1701941187749,12,4.733161
ICPUSDT,SELL,LIMIT,1701941237379,12,4.747738
ICPUSDT,SELL,LIMIT,1701941240130,6,4.731549
ICPUSDT,SELL,LIMIT,1701941247114,146,4.728020
ICPUSDT,SELL,LIMIT,1701941254175,7,4.736908
ICPUSDT,SELL,LIMIT,1701941257044,20,4.727571
ICPUSDT,BUY,LIMIT,1701953976590,1,5.000295
ICPUSDT,SELL,LIMIT,1701976470276,511,4.905752
ICPUSDT,SELL,LIMIT,1701976842275,2,4.902481
ICPUSDT,SELL,LIMIT,1701977267747,14,4.899551
ICPUSDT,BUY,LIMIT,1702004044667,171,5.165933
ICPUSDT,BUY,LIMIT,1702004125604,49,5.168844
ICPUSDT,BUY,LIMIT,1702005660142,8,5.176814
ICPUSDT,BUY,LIMIT,1702007154540,6,5.182310
ICPUSDT,SELL,LIMIT,1702008179369,2,5.047653
ICPUSDT,SELL,LIMIT,1702020530518,2,5.004451
ICPUSDT,BUY,LIMIT,1702027821919,40,5.154880
ICPUSDT,BUY,LIMIT,1702038054895,10,5.200495
ICPUSDT,BUY,LIMIT,1702038087194,2163,5.250402
ICPUSDT,BUY,LIMIT,1702038139132,125,5.214527
ICPUSDT,BUY,LIMIT,1702038904488,15,5.231881
ICPUSDT,BUY,LIMIT,1702038977502,81,5.244959
ICPUSDT,BUY,LIMIT,1702038997212,102,5.250356
ICPUSDT,BUY,LIMIT,1702039097275,34,5.259070
ICPUSDT,BUY,LIMIT,1702039287483,16,5.263621
ICPUSDT,SELL,LIMIT,1702042237173,6,5.069977
ICPUSDT,BUY,LIMIT,1702052161449,9,5.297775
ICPUSDT,BUY,LIMIT,1702052163998,1532,5.327500
ICPUSDT,BUY,LIMIT,1702052530227,14,5.310878
ICPUSDT,BUY,LIMIT,1702052601243,21,5.316640
ICPUSDT,BUY,LIMIT,1702052643969,20,5.328133
ICPUSDT,BUY,LIMIT,1702066102323,12,5.334594
ICPUSDT,BUY,LIMIT,1702066538275,14,5.334280
ICPUSDT,SELL,LIMIT,1702067636908,10,5.214331
ICPUSDT,SELL,LIMIT,1702069749120,15,5.196853
ICPUSDT,BUY,LIMIT,1702081808723,150,5.344920
ICPUSDT,BUY,LIMIT,1702082106889,15,5.353510
ICPUSDT,BUY,LIMIT,1702082675211,80,5.366537
ICPUSDT,BUY,LIMIT,1702082779689,104,5.373279
ICPUSDT,BUY,LIMIT,1702082810275,960,5.380825
ICPUSDT,BUY,LIMIT,1702086283148,151,5.394628
ICPUSDT,BUY,LIMIT,1702086287246,89,5.402453
ICPUSDT,BUY,LIMIT,1702086358165,74,5.414415
ICPUSDT,BUY,LIMIT,1702087738315,4,5.431078
ICPUSDT,BUY,LIMIT,1702091371421,10,5.437633
ICPUSDT,BUY,LIMIT,1702091419135,904,5.449284
ICPUSDT,BUY,LIMIT,1702091756252,199,5.446929
ICPUSDT,BUY,LIMIT,1702094628257,16,5.451694
ICPUSDT,BUY,LIMIT,1702094796704,135,5.468140
ICPUSDT,BUY,LIMIT,1702095910060,29,5.483229
ICPUSDT,BUY,LIMIT,1702095981443,488,5.485163
ICPUSDT,BUY,LIMIT,1702097209493,85,5.493602
ICPUSDT,BUY,LIMIT,1702097214873,17,5.505557
ICPUSDT,BUY,LIMIT,1702097265621,300,5.508805
ICPUSDT,BUY,LIMIT,1702097663161,953,5.519711
ICPUSDT,BUY,LIMIT,1702097675827,50,5.521338
ICPUSDT,BUY,LIMIT,1702102153620,2,5.450704
ICPUSDT,SELL,LIMIT,1702108293137,4,5.385601
ICPUSDT,BUY,LIMIT,1702108364893,8,5.500460
ICPUSDT,BUY,LIMIT,1702108945731,20,5.492290
ICPUSDT,BUY,LIMIT,1702109107754,500,5.480917
ICPUSDT,BUY,LIMIT,1702109271248,9,5.504683
ICPUSDT,BUY,LIMIT,1702109365138,216,5.507557
ICPUSDT,SELL,LIMIT,1702109841926,79,5.399461
ICPUSDT,BUY,LIMIT,1702110592364,42,5.519168
ICPUSDT,BUY,LIMIT,1702110885548,17,5.456130
ICPUSDT,SELL,LIMIT,1702110974398,12,5.322765
ICPUSDT,SELL,LIMIT,1702111032364,23,5.283255
ICPUSDT,SELL,LIMIT,1702111035448,114,5.277538
ICPUSDT,SELL,LIMIT,1702111043506,400,5.266103
ICPUSDT,SELL,LIMIT,1702111044989,26,5.262051
ICPUSDT,SELL,LIMIT,1702111207385,918,5.245895
ICPUSDT,SELL,LIMIT,1702111377735,46,5.234363
ICPUSDT,SELL,LIMIT,1702111382218,7,5.227121
ICPUSDT,SELL,LIMIT,1702111383936,24,5.226937
ICPUSDT,SELL,LIMIT,1702111385794,56,5.226533
ICPUSDT,SELL,LIMIT,1702111388958,14,5.229013
ICPUSDT,SELL,LIMIT,1702115632704,6,5.280401
ICPUSDT,BUY,LIMIT,1702129337577,61,5.544682
ICPUSDT,SELL,LIMIT,1702133004441,100,5.341371
ICPUSDT,SELL,LIMIT,1702134885164,28,5.286601
ICPUSDT,SELL,LIMIT,1702134895302,482,5.289141
ICPUSDT,SELL,LIMIT,1702139252897,6,5.328515
ICPUSDT,SELL,LIMIT,1702139275425,93,5.319164
ICPUSDT,SELL,LIMIT,1702144600769,278,5.322655
ICPUSDT,SELL,LIMIT,1702144765113,596,5.280722
ICPUSDT,BUY,LIMIT,1702149305713,417,5.550417
ICPUSDT,BUY,LIMIT,1702153648054,23,5.485584
ICPUSDT,BUY,LIMIT,1702157482386,60,5.576520
ICPUSDT,BUY,LIMIT,1702157636304,596,5.610534
ICPUSDT,BUY,LIMIT,1702159935658,6,5.628699
ICPUSDT,BUY,LIMIT,1702159968456,29,5.635078
ICPUSDT,BUY,LIMIT,1702160194967,361,5.639707
ICPUSDT,BUY,LIMIT,1702160275330,1,5.650548
ICPUSDT,BUY,LIMIT,1702160749297,2537,5.724022
ICPUSDT,BUY,LIMIT,1702160755837,88,5.672651
ICPUSDT,BUY,LIMIT,1702161055874,233,5.689451
ICPUSDT,BUY,LIMIT,1702161075766,79,5.701851
ICPUSDT,BUY,LIMIT,1702161134639,1,5.715309
ICPUSDT,BUY,LIMIT,1702161138145,192,5.717897
ICPUSDT,SELL,LIMIT,1702164542114,149,5.531826
ICPUSDT,SELL,LIMIT,1702164544817,900,5.507669
ICPUSDT,SELL,LIMIT,1702164800987,20,5.484698
ICPUSDT,SELL,LIMIT,1702164803400,30,5.474809
ICPUSDT,SELL,LIMIT,1702164805558,26,5.489035
ICPUSDT,SELL,LIMIT,1702164809480,16,5.465272
ICPUSDT,SELL,LIMIT,1702164810807,39,5.491074
ICPUSDT,SELL,LIMIT,1702164871164,4,5.451434
ICPUSDT,BUY,LIMIT,1702187572327,18,5.587009
ICPUSDT,SELL,LIMIT,1702192757089,455,5.365574
ICPUSDT,SELL,LIMIT,1702192808549,13,5.360862
ICPUSDT,SELL,LIMIT,1702192879076,89,5.341758
ICPUSDT,SELL,LIMIT,1702193854884,7,5.423500
ICPUSDT,SELL,LIMIT,1702196699210,169,5.329125
ICPUSDT,SELL,LIMIT,1702196719615,17,5.322224
ICPUSDT,SELL,LIMIT,1702197092515,4468,5.249325
ICPUSDT,SELL,LIMIT,1702200730498,2,5.304283
ICPUSDT,SELL,LIMIT,1702200731720,19,5.300656
ICPUSDT,SELL,LIMIT,1702200757868,47,5.296340
ICPUSDT,SELL,LIMIT,1702200763921,3,5.288704
ICPUSDT,SELL,LIMIT,1702200937134,76,5.287165
ICPUSDT,SELL,LIMIT,1702201458511,34,5.284071
ICPUSDT,SELL,LIMIT,1702201472859,7,5.276689
ICPUSDT,SELL,LIMIT,1702202078571,54,5.271751
ICPUSDT,SELL,LIMIT,1702202081271,131,5.271491
ICPUSDT,SELL,LIMIT,1702202095474,266,5.268033
ICPUSDT,SELL,LIMIT,1702202169190,442,5.260031
ICPUSDT,SELL,LIMIT,1702202263412,1633,5.227078
ICPUSDT,SELL,LIMIT,1702202267739,9,5.257891
ICPUSDT,SELL,LIMIT,1702202273223,747,5.256901
ICPUSDT,SELL,LIMIT,1702202274464,76,5.255837
ICPUSDT,SELL,LIMIT,1702202291419,309,5.255311
ICPUSDT,SELL,LIMIT,1702202295067,5,5.243446
ICPUSDT,SELL,LIMIT,1702202296160,71,5.240966
ICPUSDT,SELL,LIMIT,1702202297845,4,5.236806
ICPUSDT,SELL,LIMIT,1702202323035,342,5.233141
ICPUSDT,SELL,LIMIT,1702202325353,33,5.232151
ICPUSDT,SELL,LIMIT,1702202380363,1,5.231161
ICPUSDT,SELL,LIMIT,1702202382394,265,5.230396
ICPUSDT,SELL,LIMIT,1702202383500,1218,5.215409
ICPUSDT,SELL,LIMIT,1702202393338,5,5.227216
ICPUSDT,SELL,LIMIT,1702202398187,545,5.226353
ICPUSDT,BUY,LIMIT,1702241346357,14,5.496512
ICPUSDT,BUY,LIMIT,1702246997590,28,5.555136
ICPUSDT,BUY,LIMIT,1702251094673,6,5.615920
ICPUSDT,BUY,LIMIT,1702251118969,111,5.621660
ICPUSDT,BUY,LIMIT,1702252164264,92,5.631475
ICPUSDT,SELL,LIMIT,1702256620302,46,5.474976
ICPUSDT,SELL,LIMIT,1702256714903,60,5.471636
ICPUSDT,BUY,LIMIT,1702259375220,1,5.694770
ICPUSDT,BUY,LIMIT,1702259547712,58,5.749314
ICPUSDT,BUY,LIMIT,1702259677953,60,5.759949
ICPUSDT,SELL,LIMIT,1702260429287,100,5.542265
ICPUSDT,SELL,LIMIT,1702260440956,8,5.517907
ICPUSDT,SELL,LIMIT,1702260443415,8,5.513304
ICPUSDT,SELL,LIMIT,1702260635228,86,5.467424
ICPUSDT,SELL,LIMIT,1702260697975,195,5.473254
ICPUSDT,SELL,LIMIT,1702260708242,350,5.507643
ICPUSDT,SELL,LIMIT,1702260710029,12,5.429940
ICPUSDT,SELL,LIMIT,1702260711242,7,5.429844
ICPUSDT,SELL,LIMIT,1702260713127,2000,5.382621
ICPUSDT,SELL,LIMIT,1702260714460,15,5.424907
ICPUSDT,SELL,LIMIT,1702260716192,200,5.457567
ICPUSDT,SELL,LIMIT,1702260718865,9,5.408130
ICPUSDT,SELL,LIMIT,1702260720032,500,5.404710
ICPUSDT,SELL,LIMIT,1702260722628,102,5.407772
ICPUSDT,SELL,LIMIT,1702260726136,110,5.398534
ICPUSDT,SELL,LIMIT,1702260727770,33,5.419612
ICPUSDT,SELL,LIMIT,1702260729666,464,5.385731
ICPUSDT,SELL,LIMIT,1702260730702,50,5.366650
ICPUSDT,SELL,LIMIT,1702260732042,135,5.383141
ICPUSDT,SELL,LIMIT,1702260733307,2,8.757074
ICPUSDT,SELL,LIMIT,1702260737251,12,5.472578
ICPUSDT,SELL,LIMIT,1702260738374,37,5.440384
ICPUSDT,SELL,LIMIT,1702260739422,1497,5.323772
ICPUSDT,SELL,LIMIT,1702260740428,185,5.339713
ICPUSDT,SELL,LIMIT,1702260742941,35,5.337421
ICPUSDT,SELL,LIMIT,1702260744624,2,5.430424
ICPUSDT,SELL,LIMIT,1702260745720,41,5.327176
ICPUSDT,SELL,LIMIT,1702260747063,15,5.319574
ICPUSDT,SELL,LIMIT,1702260748551,4,5.317387
ICPUSDT,SELL,LIMIT,1702260749678,49,5.448281
ICPUSDT,SELL,LIMIT,1702260750775,250,5.308432
ICPUSDT,SELL,LIMIT,1702260751817,72,5.306608
ICPUSDT,SELL,LIMIT,1702260752825,4,5.295940
ICPUSDT,SELL,LIMIT,1702260753923,36,5.966361
ICPUSDT,SELL,LIMIT,1702260755566,1634,5.257914
ICPUSDT,SELL,LIMIT,1702260756664,475,5.290682
ICPUSDT,SELL,LIMIT,1702260757679,66,5.281876
ICPUSDT,SELL,LIMIT,1702260759114,20,5.274832
ICPUSDT,SELL,LIMIT,1702260760126,1,5.274053
ICPUSDT,SELL,LIMIT,1702260761178,1,6.119827
ICPUSDT,SELL,LIMIT,1702260762344,676,5.274163
ICPUSDT,SELL,LIMIT,1702260763576,3238,5.228491
ICPUSDT,SELL,LIMIT,1702260764620,4,12.836191
ICPUSDT,SELL,LIMIT,1702260765631,40,5.249217
ICPUSDT,SELL,LIMIT,1702260766666,26,5.246764
ICPUSDT,SELL,LIMIT,1702260767815,18,5.244870
ICPUSDT,SELL,LIMIT,1702260769183,1959,5.186223
ICPUSDT,SELL,LIMIT,1702260770533,93,5.242448
ICPUSDT,SELL,LIMIT,1702260771622,5,5.225270
ICPUSDT,SELL,LIMIT,1702260772733,35,5.497986
ICPUSDT,SELL,LIMIT,1702260773926,110,5.217097
ICPUSDT,SELL,LIMIT,1702260775045,24,5.271318
ICPUSDT,SELL,LIMIT,1702260776127,290,5.198457
ICPUSDT,SELL,LIMIT,1702260777173,20,5.194437
ICPUSDT,SELL,LIMIT,1702260778208,1,5.184969
ICPUSDT,SELL,LIMIT,1702260779450,35,5.181536
ICPUSDT,SELL,LIMIT,1702260780503,1000,5.174311
ICPUSDT,SELL,LIMIT,1702260781594,1,5.175725
ICPUSDT,SELL,LIMIT,1702260782656,155,5.173612
ICPUSDT,SELL,LIMIT,1702260783660,10,5.338166
ICPUSDT,SELL,LIMIT,1702260784691,3312,5.097967
ICPUSDT,SELL,LIMIT,1702260785740,805,5.112912
ICPUSDT,SELL,LIMIT,1702260786900,28,5.174302
ICPUSDT,SELL,LIMIT,1702260787993,94,5.191018
ICPUSDT,SELL,LIMIT,1702260789074,956,5.162273
ICPUSDT,BUY,LIMIT,1702260790376,6,5.237019
ICPUSDT,SELL,LIMIT,1702260791537,36,5.154186
ICPUSDT,SELL,LIMIT,1702260792671,10,5.136151
ICPUSDT,SELL,LIMIT,1702260793856,303,5.272740
ICPUSDT,SELL,LIMIT,1702260794904,41,5.134357
ICPUSDT,SELL,LIMIT,1702260796278,1027,5.138343
ICPUSDT,SELL,LIMIT,1702260797409,1837,5.101820
ICPUSDT,SELL,LIMIT,1702260798460,9,5.283556
ICPUSDT,SELL,LIMIT,1702260799520,3,5.141324
ICPUSDT,SELL,LIMIT,1702260800766,1,5.123458
ICPUSDT,SELL,LIMIT,1702260802217,111,5.140539
ICPUSDT,SELL,LIMIT,1702260803538,2939,5.080284
ICPUSDT,BUY,LIMIT,1702260804625,79,5.237368
ICPUSDT,SELL,LIMIT,1702260805636,111,5.121215
ICPUSDT,SELL,LIMIT,1702260806912,36,5.107278
ICPUSDT,SELL,LIMIT,1702260807961,50,5.103548
ICPUSDT,SELL,LIMIT,1702260809045,210,5.108120
ICPUSDT,SELL,LIMIT,1702260810290,932,5.141921
ICPUSDT,SELL,LIMIT,1702260811297,191,5.085980
ICPUSDT,SELL,LIMIT,1702260812351,3,5.078152
ICPUSDT,SELL,LIMIT,1702260813833,95,5.077316
ICPUSDT,SELL,LIMIT,1702260815161,4,5.077826
ICPUSDT,SELL,LIMIT,1702260816397,8,5.150145
ICPUSDT,SELL,LIMIT,1702260817712,37,5.074425
ICPUSDT,SELL,LIMIT,1702260818737,307,5.059851
ICPUSDT,SELL,LIMIT,1702260819912,1285,5.037345
ICPUSDT,SELL,LIMIT,1702260821418,1,5.053794
ICPUSDT,SELL,LIMIT,1702260823403,4,5.044044
ICPUSDT,SELL,LIMIT,1702260825223,15,5.039022
ICPUSDT,SELL,LIMIT,1702260828097,8,5.036061
ICPUSDT,SELL,LIMIT,1702260832076,44,5.041775
ICPUSDT,SELL,LIMIT,1702260833542,178,5.035222
ICPUSDT,SELL,LIMIT,1702260837288,186,5.016663
ICPUSDT,BUY,LIMIT,1702260843331,463,5.143522
ICPUSDT,BUY,LIMIT,1702260861356,2,5.206550
ICPUSDT,SELL,LIMIT,1702262626141,19,5.194882
