Symbol,Side,Order Type,Time,Quantity,Price
IDUSDT,SELL,LIMIT,1701069514398,218,0.2405930
IDUSDT,SELL,LIMIT,1701069516520,370,0.2404401
IDUSDT,SELL,LIMIT,1701069547568,333,0.2402060
IDUSDT,SELL,LIMIT,1701069616779,102,0.2397356
IDUSDT,SELL,LIMIT,1701069637974,616,0.2395579
IDUSDT,SELL,LIMIT,1701069845983,3182,0.2389231
IDUSDT,SELL,LIMIT,1701070174167,270,0.2379292
IDUSDT,SELL,LIMIT,1701077678299,4171,0.2405187
IDUSDT,SELL,LIMIT,1701080759152,66,0.2389563
IDUSDT,SELL,LIMIT,1701082134437,6002,0.2379276
IDUSDT,SELL,LIMIT,1701082672252,914,0.2383608
IDUSDT,SELL,LIMIT,1701084648421,4027,0.2379441
IDUSDT,SELL,LIMIT,1701084931816,176,0.2373341
IDUSDT,SELL,LIMIT,1701093137517,479,0.2399511
IDUSDT,SELL,LIMIT,1701097078995,9200,0.2360181
IDUSDT,SELL,LIMIT,1701097090170,803,0.2357806
IDUSDT,SELL,LIMIT,1701097097426,3388,0.2352258
IDUSDT,SELL,LIMIT,1701100728100,930,0.2350127
IDUSDT,SELL,LIMIT,1701101163022,1273,0.2347907
IDUSDT,SELL,LIMIT,1701104216796,6000,0.2375584
IDUSDT,BUY,LIMIT,1701106359593,1952,0.2525610
IDUSDT,SELL,LIMIT,1701114161373,1704,0.2370304
IDUSDT,SELL,LIMIT,1701118630628,683,0.2343819
IDUSDT,BUY,LIMIT,1701132436578,34,0.2525614
IDUSDT,BUY,LIMIT,1701139112258,4081,0.2534075
IDUSDT,SELL,LIMIT,1701148133294,333,0.2366351
IDUSDT,SELL,LIMIT,1701149046222,544,0.2359348
IDUSDT,SELL,LIMIT,1701149156587,803,0.2356420
IDUSDT,SELL,LIMIT,1701149890235,1301,0.2347240
IDUSDT,SELL,LIMIT,1701151263535,2669,0.2344823
IDUSDT,SELL,LIMIT,1701156646983,842,0.2364459
IDUSDT,BUY,LIMIT,1701174732766,499,0.2552847
IDUSDT,BUY,LIMIT,1701174826527,6492,0.2558041
IDUSDT,BUY,LIMIT,1701174964777,29,0.2565706
IDUSDT,BUY,LIMIT,1701174966246,32,0.2566468
IDUSDT,BUY,LIMIT,1701174995852,92,0.2567489
IDUSDT,BUY,LIMIT,1701184710028,834,0.2590321
IDUSDT,BUY,LIMIT,1701224612037,82,0.2611235
IDUSDT,BUY,LIMIT,1701224646089,400,0.2619802
IDUSDT,BUY,LIMIT,1701224660819,2230,0.2620680
IDUSDT,BUY,LIMIT,1701224712501,786,0.2632181
IDUSDT,BUY,LIMIT,1701224762868,358,0.2635502
IDUSDT,BUY,LIMIT,1701225601103,699,0.2644751
IDUSDT,BUY,LIMIT,1701225602143,27,0.2645918
IDUSDT,SELL,LIMIT,1701226449685,1,0.2531341
IDUSDT,BUY,LIMIT,1701226730321,22,0.2652958
IDUSDT,BUY,LIMIT,1701226933181,3,0.2656380
IDUSDT,BUY,LIMIT,1701227056990,545,0.2666712
IDUSDT,BUY,LIMIT,1701227161547,80,0.2673498
IDUSDT,BUY,LIMIT,1701231426160,2104,0.2733209
IDUSDT,BUY,LIMIT,1701247930867,460,0.2710258
IDUSDT,SELL,LIMIT,1701252193585,358,0.2551233
IDUSDT,SELL,LIMIT,1701252263289,38,0.2539934
IDUSDT,SELL,LIMIT,1701254002371,3354,0.2530504
IDUSDT,SELL,LIMIT,1701254008338,1193,0.2524683
IDUSDT,SELL,LIMIT,1701254065838,25,0.2522219
IDUSDT,SELL,LIMIT,1701254408058,79,0.2518046
IDUSDT,SELL,LIMIT,1701254418533,49,0.2514800
IDUSDT,SELL,LIMIT,1701270377498,375,0.2516283
IDUSDT,SELL,LIMIT,1701270544875,763,0.2500311
IDUSDT,SELL,LIMIT,1701270548597,19,0.2499090
IDUSDT,SELL,LIMIT,1701270551279,91,0.2497674
IDUSDT,SELL,LIMIT,1701270582633,438,0.2493121
IDUSDT,SELL,LIMIT,1701270613501,234,0.2491262
IDUSDT,SELL,LIMIT,1701270615480,413,0.2490440
IDUSDT,SELL,LIMIT,1701270617257,193,0.2489510
IDUSDT,SELL,LIMIT,1701270745575,21,0.2486755
IDUSDT,SELL,LIMIT,1701290335794,289,0.2498550
IDUSDT,SELL,LIMIT,1701290337788,23,0.2497041
IDUSDT,BUY,LIMIT,1701299425010,25,0.2660396
IDUSDT,BUY,LIMIT,1701299476773,686,0.2669116
IDUSDT,BUY,LIMIT,1701299501196,14682,0.2680980
IDUSDT,BUY,LIMIT,1701299502306,20,0.2679762
IDUSDT,BUY,LIMIT,1701299503984,6061,0.2687524
IDUSDT,BUY,LIMIT,1701299507317,4322,0.2688134
IDUSDT,BUY,LIMIT,1701299517251,3273,0.2689884
IDUSDT,BUY,LIMIT,1701299518790,78,0.2690331
IDUSDT,BUY,LIMIT,1701300095263,632,0.2691964
IDUSDT,BUY,LIMIT,1701300182441,393,0.2692737
IDUSDT,BUY,LIMIT,1701300570369,49,0.2694255
IDUSDT,BUY,LIMIT,1701300598372,2296,0.2696936
IDUSDT,BUY,LIMIT,1701300599400,584,0.2696818
IDUSDT,BUY,LIMIT,1701300608254,567,0.2696950
IDUSDT,BUY,LIMIT,1701300627601,944,0.2698459
IDUSDT,BUY,LIMIT,1701303299230,34,0.2701394
IDUSDT,BUY,LIMIT,1701303719844,1020,0.2707953
IDUSDT,BUY,LIMIT,1701304558897,45,0.2717874
IDUSDT,BUY,LIMIT,1701313874765,1297,0.2732604
IDUSDT,BUY,LIMIT,1701317508248,117,0.2697291
IDUSDT,BUY,LIMIT,1701320401066,3191,0.2577187
IDUSDT,BUY,LIMIT,1701320402373,132,0.2328715
IDUSDT,BUY,LIMIT,1701320403411,678,0.2769104
IDUSDT,BUY,LIMIT,1701320404529,199,0.2837746
IDUSDT,BUY,LIMIT,1701320405574,2691,0.2999680
IDUSDT,BUY,LIMIT,1701320406619,207,0.3089670
IDUSDT,BUY,LIMIT,1701320407773,39,0.3176003
IDUSDT,BUY,LIMIT,1701320414058,377,0.3175452
IDUSDT,BUY,LIMIT,1701320415199,23216,0.3196006
IDUSDT,BUY,LIMIT,1701320417051,3203,0.3305614
IDUSDT,BUY,LIMIT,1701320419151,50,0.3305445
IDUSDT,BUY,LIMIT,1701320421525,3954,0.3338984
IDUSDT,BUY,LIMIT,1701320424281,589,0.3395567
IDUSDT,BUY,LIMIT,1701320425298,945,0.3357688
IDUSDT,BUY,LIMIT,1701320426329,5755,0.3421049
IDUSDT,BUY,LIMIT,1701320429836,5514,0.3460323
IDUSDT,BUY,LIMIT,1701320431038,5514,0.3476364
IDUSDT,BUY,LIMIT,1701320432982,10536,0.3506781
IDUSDT,BUY,LIMIT,1701320436085,653,0.3521489
IDUSDT,BUY,LIMIT,1701320441489,21074,0.3547590
IDUSDT,SELL,LIMIT,1701320448038,433,0.3312493
IDUSDT,BUY,LIMIT,1701320456133,1633,0.3571403
IDUSDT,SELL,LIMIT,1701320523120,593,0.3268559
IDUSDT,BUY,LIMIT,1701320564749,60,0.3495587
IDUSDT,SELL,LIMIT,1701320601143,2865,0.3216428
IDUSDT,SELL,LIMIT,1701320608059,23041,0.3212346
IDUSDT,SELL,LIMIT,1701320609066,251,0.3206988
IDUSDT,SELL,LIMIT,1701320610281,4362,0.3200462
IDUSDT,SELL,LIMIT,1701320614645,134,0.3184781
IDUSDT,SELL,LIMIT,1701320667151,5880,0.3167656
IDUSDT,SELL,LIMIT,1701320668549,29,0.3160590
IDUSDT,BUY,LIMIT,1701320712296,4961,0.3410437
IDUSDT,BUY,LIMIT,1701320932937,259,0.3401429
IDUSDT,BUY,LIMIT,1701320934082,925,0.3405711
IDUSDT,BUY,LIMIT,1701320935329,187,0.3409138
IDUSDT,SELL,LIMIT,1701321241158,695,0.3161769
IDUSDT,SELL,LIMIT,1701321259866,6088,0.3156549
IDUSDT,SELL,LIMIT,1701321274340,342,0.3151815
IDUSDT,SELL,LIMIT,1701321276084,2421,0.3145169
IDUSDT,SELL,LIMIT,1701321277354,601,0.3144724
IDUSDT,SELL,LIMIT,1701321279787,7231,0.3140841
IDUSDT,SELL,LIMIT,1701321318077,90,0.3143351
IDUSDT,BUY,LIMIT,1701321679560,1413,0.3363367
IDUSDT,BUY,LIMIT,1701321682157,332,0.3370854
IDUSDT,BUY,LIMIT,1701321684797,793,0.3375713
IDUSDT,BUY,LIMIT,1701321700053,62,0.3382537
IDUSDT,BUY,LIMIT,1701321711521,123,0.3394273
IDUSDT,BUY,LIMIT,1701321715138,2193,0.3399152
IDUSDT,BUY,LIMIT,1701321885898,1306,0.3402149
IDUSDT,BUY,LIMIT,1701321899498,73,0.3406396
IDUSDT,BUY,LIMIT,1701321906295,64,0.3417172
IDUSDT,BUY,LIMIT,1701321915887,38,0.3424370
IDUSDT,BUY,LIMIT,1701321928647,50,0.3426696
IDUSDT,BUY,LIMIT,1701321936548,98,0.3430158
IDUSDT,BUY,LIMIT,1701321938899,851,0.3431766
IDUSDT,BUY,LIMIT,1701322043818,500,0.3432990
IDUSDT,BUY,LIMIT,1701322045080,500,0.3442230
IDUSDT,BUY,LIMIT,1701322048667,1266,0.3442078
IDUSDT,BUY,LIMIT,1701322050051,4335,0.3446961
IDUSDT,BUY,LIMIT,1701322051165,74,0.3445459
IDUSDT,BUY,LIMIT,1701322053685,2742,0.3447627
IDUSDT,BUY,LIMIT,1701322061131,114,0.3454423
IDUSDT,BUY,LIMIT,1701322072513,600,0.3456766
IDUSDT,BUY,LIMIT,1701322074425,225,0.3458179
IDUSDT,BUY,LIMIT,1701322077140,117,0.3464198
IDUSDT,BUY,LIMIT,1701322081040,2843,0.3465863
IDUSDT,BUY,LIMIT,1701322090388,9108,0.3468325
IDUSDT,BUY,LIMIT,1701322302154,228,0.3471000
IDUSDT,BUY,LIMIT,1701322303257,635,0.3473024
IDUSDT,BUY,LIMIT,1701322304642,9706,0.3475353
IDUSDT,BUY,LIMIT,1701322310258,550,0.3478170
IDUSDT,BUY,LIMIT,1701322311588,8783,0.3481004
IDUSDT,BUY,LIMIT,1701322312685,13581,0.3490119
IDUSDT,BUY,LIMIT,1701322314122,66,0.3491537
IDUSDT,BUY,LIMIT,1701322567133,411,0.3499422
IDUSDT,BUY,LIMIT,1701322569751,12662,0.3501843
IDUSDT,BUY,LIMIT,1701322570822,75,0.3510775
IDUSDT,SELL,LIMIT,1701322919144,1802,0.3265596
IDUSDT,SELL,LIMIT,1701322928749,604,0.3261031
IDUSDT,SELL,LIMIT,1701323199030,876,0.3257301
IDUSDT,SELL,LIMIT,1701323202260,309,0.3253217
IDUSDT,SELL,LIMIT,1701323203423,80,0.3253186
IDUSDT,SELL,LIMIT,1701323206409,14633,0.3244623
IDUSDT,SELL,LIMIT,1701323207496,760,0.3243795
IDUSDT,SELL,LIMIT,1701323209729,2932,0.3240151
IDUSDT,BUY,LIMIT,1701323360229,15110,0.3472081
IDUSDT,BUY,LIMIT,1701323363093,9774,0.3478271
IDUSDT,BUY,LIMIT,1701323372397,434,0.3486092
IDUSDT,BUY,LIMIT,1701323375503,15073,0.3492444
IDUSDT,BUY,LIMIT,1701323377141,5103,0.3497784
IDUSDT,BUY,LIMIT,1701323378972,384,0.3502305
IDUSDT,SELL,LIMIT,1701323850353,91,0.3243875
IDUSDT,SELL,LIMIT,1701323852257,388,0.3237006
IDUSDT,SELL,LIMIT,1701323854025,463,0.3236454
IDUSDT,SELL,LIMIT,1701323866464,3758,0.3235721
IDUSDT,SELL,LIMIT,1701324206434,106,0.3272002
IDUSDT,BUY,LIMIT,1701324591913,5288,0.3455423
IDUSDT,BUY,LIMIT,1701324688485,3377,0.3463185
IDUSDT,BUY,LIMIT,1701324692604,1594,0.3466498
IDUSDT,BUY,LIMIT,1701324693608,99,0.3474154
IDUSDT,SELL,LIMIT,1701325440079,696,0.3225458
IDUSDT,SELL,LIMIT,1701325442115,2273,0.3214389
IDUSDT,SELL,LIMIT,1701325443145,1645,0.3209622
IDUSDT,SELL,LIMIT,1701325444160,16,0.3208863
IDUSDT,SELL,LIMIT,1701325452193,4778,0.3202126
IDUSDT,SELL,LIMIT,1701325504037,18,0.3196533
IDUSDT,SELL,LIMIT,1701325505048,19906,0.3191662
IDUSDT,SELL,LIMIT,1701325506083,1503,0.3194480
IDUSDT,SELL,LIMIT,1701325507240,99,0.3189046
IDUSDT,SELL,LIMIT,1701325571454,581,0.3188853
IDUSDT,SELL,LIMIT,1701325572513,310,0.3186077
IDUSDT,SELL,LIMIT,1701325573648,923,0.3185072
IDUSDT,SELL,LIMIT,1701325574700,25,0.3180316
IDUSDT,SELL,LIMIT,1701325575895,200,0.3178420
IDUSDT,SELL,LIMIT,1701325695273,1729,0.3176660
IDUSDT,SELL,LIMIT,1701325699083,89,0.3174576
IDUSDT,SELL,LIMIT,1701325704568,5934,0.3173417
IDUSDT,SELL,LIMIT,1701325706081,97,0.3172783
IDUSDT,SELL,LIMIT,1701325707339,165,0.3167018
IDUSDT,SELL,LIMIT,1701325711956,198,0.3165626
IDUSDT,SELL,LIMIT,1701325752164,465,0.3162812
IDUSDT,SELL,LIMIT,1701325777872,597,0.3162194
IDUSDT,BUY,LIMIT,1701326361595,1543,0.3385981
IDUSDT,BUY,LIMIT,1701326365090,23,0.3389548
IDUSDT,BUY,LIMIT,1701326366224,124,0.3388835
IDUSDT,SELL,LIMIT,1701328485579,347,0.3161481
IDUSDT,SELL,LIMIT,1701328496237,14786,0.3150765
IDUSDT,SELL,LIMIT,1701328497677,15082,0.3149914
IDUSDT,SELL,LIMIT,1701328502100,9083,0.3148681
IDUSDT,SELL,LIMIT,1701328515723,968,0.3145537
IDUSDT,SELL,LIMIT,1701328534356,74,0.3143263
IDUSDT,SELL,LIMIT,1701328536068,6165,0.3140769
IDUSDT,SELL,LIMIT,1701328537110,1084,0.3142293
IDUSDT,SELL,LIMIT,1701328539169,624,0.3135661
IDUSDT,SELL,LIMIT,1701328540473,90,0.3137562
IDUSDT,SELL,LIMIT,1701328541499,298,0.3132651
IDUSDT,SELL,LIMIT,1701328545448,4047,0.3129707
IDUSDT,SELL,LIMIT,1701328550344,951,0.3126159
IDUSDT,SELL,LIMIT,1701328551385,1135,0.3126326
IDUSDT,SELL,LIMIT,1701328553036,5000,0.3124931
IDUSDT,SELL,LIMIT,1701328557909,885,0.3123918
IDUSDT,SELL,LIMIT,1701328562157,21,0.3121362
IDUSDT,BUY,LIMIT,1701330361550,31,0.3345281
IDUSDT,BUY,LIMIT,1701330364041,5171,0.3344638
IDUSDT,BUY,LIMIT,1701330398562,1138,0.3354263
IDUSDT,BUY,LIMIT,1701330965927,109,0.3300913
IDUSDT,BUY,LIMIT,1701331231593,1079,0.3319190
IDUSDT,SELL,LIMIT,1701331599122,653,0.3144154
IDUSDT,SELL,LIMIT,1701332252039,589,0.3213287
IDUSDT,BUY,LIMIT,1701332296188,128,0.3352119
IDUSDT,BUY,LIMIT,1701332297344,141,0.3342297
IDUSDT,BUY,LIMIT,1701332345147,529,0.3356877
IDUSDT,BUY,LIMIT,1701332346160,822,0.3356390
IDUSDT,BUY,LIMIT,1701332356053,173,0.3370404
IDUSDT,BUY,LIMIT,1701332357062,304,0.3365867
IDUSDT,BUY,LIMIT,1701332358438,31,0.3371606
IDUSDT,BUY,LIMIT,1701332359598,4848,0.3373801
IDUSDT,BUY,LIMIT,1701332363054,1830,0.3380356
IDUSDT,BUY,LIMIT,1701332364293,569,0.3372039
IDUSDT,BUY,LIMIT,1701332380219,105,0.3374956
IDUSDT,BUY,LIMIT,1701332382689,1234,0.3377074
IDUSDT,SELL,LIMIT,1701334326439,3824,0.3192111
IDUSDT,SELL,LIMIT,1701335041526,2230,0.3142810
IDUSDT,SELL,LIMIT,1701335053383,8174,0.3139710
IDUSDT,BUY,LIMIT,1701335116075,312,0.3356300
IDUSDT,BUY,LIMIT,1701335117110,6274,0.3359360
IDUSDT,BUY,LIMIT,1701335118234,2393,0.3363609
IDUSDT,BUY,LIMIT,1701335120062,1873,0.3373006
IDUSDT,BUY,LIMIT,1701335122410,88,0.3379086
IDUSDT,BUY,LIMIT,1701335125085,198,0.3396697
IDUSDT,SELL,LIMIT,1701335229171,480,0.3151691
IDUSDT,SELL,LIMIT,1701335295136,572,0.3147134
IDUSDT,SELL,LIMIT,1701335312818,3021,0.3145163
IDUSDT,SELL,LIMIT,1701335323562,58,0.3131385
IDUSDT,SELL,LIMIT,1701335325642,482,0.3126196
IDUSDT,SELL,LIMIT,1701335346086,288,0.3123890
IDUSDT,SELL,LIMIT,1701335347150,5512,0.3122365
IDUSDT,SELL,LIMIT,1701335349085,964,0.3118592
IDUSDT,SELL,LIMIT,1701335350270,38,0.3117269
IDUSDT,SELL,LIMIT,1701335351303,1908,0.3116571
IDUSDT,SELL,LIMIT,1701335352354,4151,0.3110507
IDUSDT,SELL,LIMIT,1701335353368,73,0.3108656
IDUSDT,SELL,LIMIT,1701335354623,1618,0.3105164
IDUSDT,SELL,LIMIT,1701335356130,44,0.3101036
IDUSDT,SELL,LIMIT,1701335357189,33,0.3101787
IDUSDT,SELL,LIMIT,1701335358593,6271,0.3093716
IDUSDT,SELL,LIMIT,1701335396192,3433,0.3087981
IDUSDT,SELL,LIMIT,1701335397202,610,0.3089599
IDUSDT,SELL,LIMIT,1701335398216,496,0.3087225
IDUSDT,SELL,LIMIT,1701335400080,4226,0.3075506
IDUSDT,SELL,LIMIT,1701335401144,227,0.3085735
IDUSDT,SELL,LIMIT,1701335402684,5556,0.3078671
IDUSDT,SELL,LIMIT,1701335411463,1692,0.3075139
IDUSDT,SELL,LIMIT,1701335413087,25,0.3072967
IDUSDT,SELL,LIMIT,1701335414089,959,0.3069147
IDUSDT,SELL,LIMIT,1701335416076,1209,0.3056676
IDUSDT,SELL,LIMIT,1701335418079,6510,0.3054865
IDUSDT,SELL,LIMIT,1701335420091,154,0.3048926
IDUSDT,SELL,LIMIT,1701335421172,2808,0.3050126
IDUSDT,SELL,LIMIT,1701335423167,9718,0.3046533
IDUSDT,SELL,LIMIT,1701335428669,1069,0.3043780
IDUSDT,SELL,LIMIT,1701335430176,4619,0.3042638
IDUSDT,SELL,LIMIT,1701335431202,76,0.3042682
IDUSDT,SELL,LIMIT,1701335432297,503,0.3039473
IDUSDT,SELL,LIMIT,1701335433301,1500,0.3024631
IDUSDT,SELL,LIMIT,1701335434320,16,0.3032606
IDUSDT,SELL,LIMIT,1701335435360,75545,0.3006944
IDUSDT,SELL,LIMIT,1701335437289,1267,0.3016886
IDUSDT,SELL,LIMIT,1701335438454,2269,0.3017060
IDUSDT,SELL,LIMIT,1701335439786,369,0.3014577
IDUSDT,SELL,LIMIT,1701335448993,4953,0.3012803
IDUSDT,SELL,LIMIT,1701335450314,304,0.3010949
IDUSDT,SELL,LIMIT,1701335451648,119,0.3010250
IDUSDT,SELL,LIMIT,1701335452658,1243,0.3007895
IDUSDT,SELL,LIMIT,1701335453723,92,0.3006142
IDUSDT,SELL,LIMIT,1701335455543,7676,0.3005215
IDUSDT,SELL,LIMIT,1701335457328,443,0.3003722
IDUSDT,SELL,LIMIT,1701335463080,2178,0.3002628
IDUSDT,SELL,LIMIT,1701335464641,274,0.3000641
IDUSDT,SELL,LIMIT,1701335465648,465,0.2994727
IDUSDT,SELL,LIMIT,1701335467207,14,0.2986376
IDUSDT,SELL,LIMIT,1701335472930,359,0.2983527
IDUSDT,BUY,LIMIT,1701335753093,572,0.3196669
IDUSDT,SELL,LIMIT,1701336260186,1000,0.2983309
IDUSDT,SELL,LIMIT,1701336283834,212,0.2980879
IDUSDT,SELL,LIMIT,1701336285800,1331,0.2976556
IDUSDT,SELL,LIMIT,1701336294100,85,0.2974501
IDUSDT,SELL,LIMIT,1701336295192,330,0.2975271
IDUSDT,SELL,LIMIT,1701336297066,88,0.2965635
IDUSDT,SELL,LIMIT,1701336298070,21,0.2963378
IDUSDT,SELL,LIMIT,1701336302429,6585,0.2961072
IDUSDT,SELL,LIMIT,1701336307184,3214,0.2955093
IDUSDT,SELL,LIMIT,1701336308272,2362,0.2954607
IDUSDT,SELL,LIMIT,1701336309409,63,0.2952613
IDUSDT,SELL,LIMIT,1701336310454,66,0.2952657
IDUSDT,SELL,LIMIT,1701336315150,3065,0.2949142
IDUSDT,SELL,LIMIT,1701336316380,640,0.2949614
IDUSDT,SELL,LIMIT,1701336317525,2268,0.2945575
IDUSDT,SELL,LIMIT,1701336318631,1678,0.2944845
IDUSDT,SELL,LIMIT,1701336323404,10792,0.2944118
IDUSDT,SELL,LIMIT,1701336346072,92,0.2942730
IDUSDT,SELL,LIMIT,1701336347083,61,0.2943736
IDUSDT,SELL,LIMIT,1701336348361,1018,0.2941741
IDUSDT,SELL,LIMIT,1701336349431,172,0.2933779
IDUSDT,SELL,LIMIT,1701336351119,3637,0.2931404
IDUSDT,SELL,LIMIT,1701336352133,269,0.2930897
IDUSDT,SELL,LIMIT,1701336354586,1500,0.2928887
IDUSDT,SELL,LIMIT,1701336375349,1,0.2925901
IDUSDT,SELL,LIMIT,1701336377144,13153,0.2923755
IDUSDT,SELL,LIMIT,1701336378389,15000,0.2924717
IDUSDT,SELL,LIMIT,1701336379478,97,0.2920967
IDUSDT,SELL,LIMIT,1701336387349,69,0.2918767
IDUSDT,SELL,LIMIT,1701336388546,3772,0.2914602
IDUSDT,SELL,LIMIT,1701336390022,288,0.2912071
IDUSDT,SELL,LIMIT,1701336392670,266,0.2913244
IDUSDT,SELL,LIMIT,1701336395052,635,0.2911568
IDUSDT,SELL,LIMIT,1701336396357,160,0.2907661
IDUSDT,SELL,LIMIT,1701336398046,324,0.2906871
IDUSDT,SELL,LIMIT,1701336405112,12358,0.2903714
IDUSDT,SELL,LIMIT,1701336409209,2237,0.2900008
IDUSDT,SELL,LIMIT,1701336411097,1608,0.2898935
IDUSDT,SELL,LIMIT,1701336412244,9142,0.2898010
IDUSDT,SELL,LIMIT,1701336416870,822,0.2896830
IDUSDT,SELL,LIMIT,1701336418310,2600,0.2895821
IDUSDT,SELL,LIMIT,1701336420802,48,0.2893955
IDUSDT,SELL,LIMIT,1701336421939,253,0.2893244
IDUSDT,SELL,LIMIT,1701336441279,257,0.2889359
IDUSDT,SELL,LIMIT,1701336550052,169,0.2883519
IDUSDT,SELL,LIMIT,1701336551071,401,0.2886624
IDUSDT,SELL,LIMIT,1701336552610,978,0.2880483
IDUSDT,SELL,LIMIT,1701336554715,990,0.2880040
IDUSDT,SELL,LIMIT,1701336556226,903,0.2871951
IDUSDT,SELL,LIMIT,1701336557241,14609,0.2878118
IDUSDT,SELL,LIMIT,1701336558312,10190,0.2867107
IDUSDT,SELL,LIMIT,1701336560412,336,0.2866497
IDUSDT,SELL,LIMIT,1701336621999,42,0.2874341
IDUSDT,SELL,LIMIT,1701336627166,156,0.2863591
IDUSDT,SELL,LIMIT,1701336628205,2349,0.2861829
IDUSDT,SELL,LIMIT,1701336629266,156,0.2851929
IDUSDT,SELL,LIMIT,1701336636077,1,0.2853206
IDUSDT,SELL,LIMIT,1701336637137,478,0.2850601
IDUSDT,SELL,LIMIT,1701336638225,4613,0.2849128
IDUSDT,SELL,LIMIT,1701336644336,830,0.2846032
IDUSDT,SELL,LIMIT,1701336645569,1919,0.2845610
IDUSDT,SELL,LIMIT,1701336647047,2289,0.2843034
IDUSDT,SELL,LIMIT,1701336654244,300,0.2842781
IDUSDT,SELL,LIMIT,1701336655346,1596,0.2840724
IDUSDT,SELL,LIMIT,1701336656535,11416,0.2838133
IDUSDT,SELL,LIMIT,1701336666048,501,0.2835411
IDUSDT,SELL,LIMIT,1701336667338,219,0.2833227
IDUSDT,SELL,LIMIT,1701336668491,174,0.2830368
IDUSDT,SELL,LIMIT,1701336670253,332,0.2830137
IDUSDT,SELL,LIMIT,1701336702500,16,0.2842981
IDUSDT,BUY,LIMIT,1701336837239,296,0.3028857
IDUSDT,BUY,LIMIT,1701337365647,390,0.3033055
IDUSDT,BUY,LIMIT,1701337368030,796,0.3036055
IDUSDT,BUY,LIMIT,1701337484102,1100,0.3043550
IDUSDT,BUY,LIMIT,1701337491698,763,0.3045274
IDUSDT,BUY,LIMIT,1701337504714,108,0.3045649
IDUSDT,SELL,LIMIT,1701338335615,88,0.2896881
IDUSDT,SELL,LIMIT,1701339955948,42,0.2877788
IDUSDT,SELL,LIMIT,1701341203111,923,0.2875940
IDUSDT,SELL,LIMIT,1701342065522,183,0.2833884
IDUSDT,SELL,LIMIT,1701342165731,429,0.2830723
IDUSDT,SELL,LIMIT,1701342166984,89,0.2822486
IDUSDT,SELL,LIMIT,1701342168173,474,0.2812593
IDUSDT,SELL,LIMIT,1701342416069,36,0.2811828
IDUSDT,SELL,LIMIT,1701342417151,374,0.2808792
IDUSDT,SELL,LIMIT,1701342418297,2860,0.2809202
IDUSDT,SELL,LIMIT,1701342435451,862,0.2806851
IDUSDT,SELL,LIMIT,1701342436968,63,0.2804832
IDUSDT,SELL,LIMIT,1701342437971,1249,0.2801455
IDUSDT,SELL,LIMIT,1701342439020,229,0.2797390
IDUSDT,SELL,LIMIT,1701342440420,6875,0.2795988
IDUSDT,SELL,LIMIT,1701343398358,200,0.2794141
IDUSDT,SELL,LIMIT,1701343405726,11017,0.2794181
IDUSDT,SELL,LIMIT,1701343406861,680,0.2793149
IDUSDT,SELL,LIMIT,1701343407864,2289,0.2789244
IDUSDT,SELL,LIMIT,1701343409090,344,0.2787154
IDUSDT,SELL,LIMIT,1701343422037,28,0.2783416
IDUSDT,SELL,LIMIT,1701343423246,746,0.2785512
IDUSDT,SELL,LIMIT,1701343424326,682,0.2783065
IDUSDT,SELL,LIMIT,1701343426373,123,0.2779918
IDUSDT,BUY,LIMIT,1701345987218,53,0.2955310
IDUSDT,BUY,LIMIT,1701346452803,111,0.2985826
IDUSDT,BUY,LIMIT,1701346456158,32,0.2988976
IDUSDT,BUY,LIMIT,1701346463206,18,0.2990025
IDUSDT,BUY,LIMIT,1701346474844,79,0.2990471
IDUSDT,BUY,LIMIT,1701346477624,3676,0.2993174
IDUSDT,BUY,LIMIT,1701346483222,942,0.2994035
IDUSDT,BUY,LIMIT,1701346485771,2371,0.2995131
IDUSDT,BUY,LIMIT,1701346489596,209,0.2996223
IDUSDT,BUY,LIMIT,1701346501187,5406,0.2996321
IDUSDT,BUY,LIMIT,1701346529805,923,0.2998457
IDUSDT,BUY,LIMIT,1701346734744,160,0.2999273
IDUSDT,BUY,LIMIT,1701346741253,160,0.3000525
IDUSDT,BUY,LIMIT,1701346742709,254,0.3001569
IDUSDT,BUY,LIMIT,1701346750923,428,0.3003838
IDUSDT,BUY,LIMIT,1701346758886,192,0.3006240
IDUSDT,BUY,LIMIT,1701346761632,713,0.3007876
IDUSDT,BUY,LIMIT,1701346766624,797,0.3013082
IDUSDT,BUY,LIMIT,1701346782553,299,0.3015025
IDUSDT,BUY,LIMIT,1701346786292,281,0.3014339
IDUSDT,BUY,LIMIT,1701346788097,35,0.3016058
IDUSDT,BUY,LIMIT,1701346882249,870,0.3017213
IDUSDT,BUY,LIMIT,1701346897340,776,0.3018362
IDUSDT,BUY,LIMIT,1701346900989,173,0.3018312
IDUSDT,BUY,LIMIT,1701346920573,2089,0.3021712
IDUSDT,BUY,LIMIT,1701346928067,537,0.3022560
IDUSDT,BUY,LIMIT,1701346951212,80,0.3023053
IDUSDT,BUY,LIMIT,1701346960414,1287,0.3029343
IDUSDT,BUY,LIMIT,1701346973199,34,0.3032005
IDUSDT,BUY,LIMIT,1701346974244,93,0.3032467
IDUSDT,BUY,LIMIT,1701346976658,3497,0.3032654
IDUSDT,BUY,LIMIT,1701347016731,362,0.3033979
IDUSDT,BUY,LIMIT,1701347020662,713,0.3034515
IDUSDT,BUY,LIMIT,1701347034599,824,0.3041392
IDUSDT,BUY,LIMIT,1701348166126,4053,0.3043370
IDUSDT,BUY,LIMIT,1701348908173,2133,0.3055964
IDUSDT,BUY,LIMIT,1701348910174,18,0.3062441
IDUSDT,BUY,LIMIT,1701348941582,1710,0.3063111
IDUSDT,BUY,LIMIT,1701348943148,7710,0.3069787
IDUSDT,BUY,LIMIT,1701348944672,1100,0.3072916
IDUSDT,SELL,LIMIT,1701349396929,1697,0.2922361
IDUSDT,SELL,LIMIT,1701349508212,1265,0.2914536
IDUSDT,SELL,LIMIT,1701349642587,44,0.2921654
IDUSDT,SELL,LIMIT,1701349696676,68,0.2895015
IDUSDT,SELL,LIMIT,1701349698460,1732,0.2896729
IDUSDT,SELL,LIMIT,1701349704137,15272,0.2882181
IDUSDT,SELL,LIMIT,1701350149397,450,0.2864322
IDUSDT,SELL,LIMIT,1701350187069,335,0.2850901
IDUSDT,SELL,LIMIT,1701350188347,536,0.2850377
IDUSDT,SELL,LIMIT,1701350191081,885,0.2847456
IDUSDT,SELL,LIMIT,1701350192147,1148,0.2846409
IDUSDT,SELL,LIMIT,1701350194809,1,0.2844766
IDUSDT,SELL,LIMIT,1701350197389,3184,0.2842104
IDUSDT,SELL,LIMIT,1701350892649,459,0.2836367
IDUSDT,SELL,LIMIT,1701350893972,2011,0.2834448
IDUSDT,SELL,LIMIT,1701350900228,1122,0.2833881
IDUSDT,SELL,LIMIT,1701350901794,53,0.2831597
IDUSDT,SELL,LIMIT,1701350930270,113,0.2828194
IDUSDT,SELL,LIMIT,1701350931301,116,0.2827671
IDUSDT,SELL,LIMIT,1701351422250,94,0.2821936
IDUSDT,SELL,LIMIT,1701351423398,228,0.2821586
IDUSDT,SELL,LIMIT,1701351425530,2568,0.2820195
IDUSDT,SELL,LIMIT,1701351428858,1685,0.2818982
IDUSDT,SELL,LIMIT,1701351438911,707,0.2817654
IDUSDT,SELL,LIMIT,1701351460568,109,0.2815795
IDUSDT,SELL,LIMIT,1701351461612,61,0.2813595
IDUSDT,SELL,LIMIT,1701351462864,5370,0.2810797
IDUSDT,SELL,LIMIT,1701351775592,2319,0.2807251
IDUSDT,SELL,LIMIT,1701351777620,2126,0.2805865
IDUSDT,SELL,LIMIT,1701351779835,9276,0.2805934
IDUSDT,SELL,LIMIT,1701351784142,254,0.2802322
IDUSDT,SELL,LIMIT,1701351786302,136,0.2800241
IDUSDT,SELL,LIMIT,1701352189553,1450,0.2797829
IDUSDT,SELL,LIMIT,1701352195210,149,0.2791527
IDUSDT,SELL,LIMIT,1701352199452,666,0.2791563
IDUSDT,SELL,LIMIT,1701352204469,80,0.2788278
IDUSDT,SELL,LIMIT,1701352240269,141,0.2787678
IDUSDT,SELL,LIMIT,1701352531451,1,0.2795421
