Symbol,Side,Order Type,Time,Quantity,Price
IDUSDT,SELL,LIMIT,1701918694364,14538,0.2645311
IDUSDT,SELL,LIMIT,1701922959099,2283,0.2671167
IDUSDT,SELL,LIMIT,1701924238599,2211,0.2687129
IDUSDT,BUY,LIMIT,1701930298242,736,0.2848293
IDUSDT,BUY,LIMIT,1701930446992,215,0.2884493
IDUSDT,BUY,LIMIT,1701930569431,236,0.2902216
IDUSDT,SELL,LIMIT,1701936224198,310,0.2741856
IDUSDT,SELL,LIMIT,1701936917169,53,0.2725093
IDUSDT,SELL,LIMIT,1701936924860,3000,0.2723645
IDUSDT,SELL,LIMIT,1701937851450,902,0.2707850
IDUSDT,SELL,LIMIT,1701939371934,1542,0.2705641
IDUSDT,SELL,LIMIT,1701939392894,566,0.2695706
IDUSDT,SELL,LIMIT,1701939397060,2906,0.2692351
IDUSDT,SELL,LIMIT,1701939997734,313,0.2686520
IDUSDT,SELL,LIMIT,1701940006106,12093,0.2686131
IDUSDT,SELL,LIMIT,1701940009415,6986,0.2683977
IDUSDT,SELL,LIMIT,1701940013435,1643,0.2683804
IDUSDT,SELL,LIMIT,1701940024842,111,0.2679943
IDUSDT,SELL,LIMIT,1701940537924,87,0.2677878
IDUSDT,SELL,LIMIT,1701940566080,2829,0.2669534
IDUSDT,SELL,LIMIT,1701940569051,858,0.2668139
IDUSDT,SELL,LIMIT,1701941071364,8628,0.2662317
IDUSDT,SELL,LIMIT,1701941076480,268,0.2664780
IDUSDT,SELL,LIMIT,1701941099020,21,0.2658811
IDUSDT,SELL,LIMIT,1701941159284,17674,0.2649735
IDUSDT,SELL,LIMIT,1701941161189,1564,0.2649222
IDUSDT,SELL,LIMIT,1701941177491,18,0.2647292
IDUSDT,SELL,LIMIT,1701941181338,10950,0.2645706
IDUSDT,SELL,LIMIT,1701941183113,452,0.2642323
IDUSDT,SELL,LIMIT,1701941184223,23,0.2644315
IDUSDT,SELL,LIMIT,1701941185561,540,0.2639581
IDUSDT,SELL,LIMIT,1701941187200,139,0.2637853
IDUSDT,SELL,LIMIT,1701941189192,118,0.2634308
IDUSDT,SELL,LIMIT,1701941192161,60,0.2633805
IDUSDT,SELL,LIMIT,1701941194108,33,0.2632968
IDUSDT,SELL,LIMIT,1701941236301,335,0.2636598
IDUSDT,SELL,LIMIT,1701941237455,1454,0.2634681
IDUSDT,SELL,LIMIT,1701941239121,1096,0.2631309
IDUSDT,SELL,LIMIT,1701941245097,55,0.2629253
IDUSDT,SELL,LIMIT,1701941246634,3178,0.2628956
IDUSDT,SELL,LIMIT,1701941255228,742,0.2626347
IDUSDT,SELL,LIMIT,1701941256400,185,0.2625999
IDUSDT,SELL,LIMIT,1701942352197,120,0.2726386
IDUSDT,BUY,LIMIT,1701945241434,51,0.2816260
IDUSDT,BUY,LIMIT,1701945574253,4441,0.2851839
IDUSDT,BUY,LIMIT,1701956239495,6061,0.2886942
IDUSDT,BUY,LIMIT,1701957667167,1488,0.2876780
IDUSDT,BUY,LIMIT,1701963339441,1333,0.2914851
IDUSDT,SELL,LIMIT,1701964341731,1096,0.2790061
IDUSDT,SELL,LIMIT,1701965055660,8692,0.2785177
IDUSDT,SELL,LIMIT,1701975635214,718,0.2804774
IDUSDT,SELL,LIMIT,1701988556284,65,0.2796239
IDUSDT,SELL,LIMIT,1701994520039,2689,0.2825726
IDUSDT,SELL,LIMIT,1702003950342,10000,0.2796141
IDUSDT,BUY,LIMIT,1702015535141,115,0.2964560
IDUSDT,BUY,LIMIT,1702015555361,1485,0.2971277
IDUSDT,BUY,LIMIT,1702015631773,809,0.2985778
IDUSDT,BUY,LIMIT,1702015634877,2781,0.2988550
IDUSDT,BUY,LIMIT,1702015639071,103,0.2990025
IDUSDT,SELL,LIMIT,1702017615164,2328,0.2810848
IDUSDT,SELL,LIMIT,1702020679914,1040,0.2761154
IDUSDT,SELL,LIMIT,1702041931797,20650,0.2822468
IDUSDT,SELL,LIMIT,1702049474376,53,0.2830241
IDUSDT,BUY,LIMIT,1702049975363,1790,0.2970933
IDUSDT,BUY,LIMIT,1702053244404,7371,0.2992649
IDUSDT,BUY,LIMIT,1702055903193,393,0.2994943
IDUSDT,BUY,LIMIT,1702055914884,350,0.2996848
IDUSDT,BUY,LIMIT,1702065542284,125,0.2997847
IDUSDT,BUY,LIMIT,1702068238866,916,0.2996760
IDUSDT,BUY,LIMIT,1702068934242,2002,0.3004920
IDUSDT,BUY,LIMIT,1702077766959,205,0.3017022
IDUSDT,BUY,LIMIT,1702078825340,61,0.3028616
IDUSDT,BUY,LIMIT,1702078827814,287,0.3031477
IDUSDT,BUY,LIMIT,1702080687268,533,0.3030212
IDUSDT,BUY,LIMIT,1702081393452,291,0.3026699
IDUSDT,BUY,LIMIT,1702082084464,203,0.3034500
IDUSDT,SELL,LIMIT,1702083535274,520,0.2907661
IDUSDT,SELL,LIMIT,1702083831615,104,0.2899821
IDUSDT,BUY,LIMIT,1702090775734,286,0.3047301
IDUSDT,BUY,LIMIT,1702090870895,2319,0.3056469
IDUSDT,BUY,LIMIT,1702091158843,550,0.3064958
IDUSDT,BUY,LIMIT,1702091397138,127,0.3077453
IDUSDT,BUY,LIMIT,1702092202167,2674,0.3072764
IDUSDT,BUY,LIMIT,1702102921241,48,0.3088988
IDUSDT,BUY,LIMIT,1702102922556,5,0.3092541
IDUSDT,BUY,LIMIT,1702102932265,737,0.3094975
IDUSDT,BUY,LIMIT,1702104961411,374,0.3065100
IDUSDT,SELL,LIMIT,1702106782704,304,0.2961202
IDUSDT,BUY,LIMIT,1702107721662,550,0.3105084
IDUSDT,BUY,LIMIT,1702107982046,60,0.3099780
IDUSDT,BUY,LIMIT,1702108059311,461,0.3110995
IDUSDT,BUY,LIMIT,1702109295069,3937,0.3118637
IDUSDT,BUY,LIMIT,1702109514107,174,0.3109980
IDUSDT,SELL,LIMIT,1702110824050,461,0.2958186
IDUSDT,SELL,LIMIT,1702110977804,1046,0.2938335
IDUSDT,SELL,LIMIT,1702110980629,16955,0.2929405
IDUSDT,SELL,LIMIT,1702111030249,208,0.2915287
IDUSDT,SELL,LIMIT,1702111031400,36,0.2915057
IDUSDT,SELL,LIMIT,1702111037248,367,0.2909153
IDUSDT,SELL,LIMIT,1702111044394,275,0.2899015
IDUSDT,SELL,LIMIT,1702111047554,5402,0.2895082
IDUSDT,SELL,LIMIT,1702111048621,316,0.2895754
IDUSDT,SELL,LIMIT,1702111380665,55,0.2889521
IDUSDT,SELL,LIMIT,1702111382937,99,0.2887205
IDUSDT,SELL,LIMIT,1702111386281,1254,0.2881743
IDUSDT,SELL,LIMIT,1702111387604,878,0.2880025
IDUSDT,SELL,LIMIT,1702111388792,1333,0.2877089
IDUSDT,SELL,LIMIT,1702132999531,13284,0.2929895
IDUSDT,SELL,LIMIT,1702133004441,1000,0.2928859
IDUSDT,SELL,LIMIT,1702133007773,5524,0.2925573
IDUSDT,SELL,LIMIT,1702134895303,13554,0.2927055
IDUSDT,SELL,LIMIT,1702139269873,856,0.2962065
IDUSDT,SELL,LIMIT,1702139275425,1670,0.2959237
IDUSDT,SELL,LIMIT,1702141650429,77,0.2955828
IDUSDT,SELL,LIMIT,1702141676717,2413,0.2951181
IDUSDT,SELL,LIMIT,1702141705939,1579,0.2946131
IDUSDT,SELL,LIMIT,1702141746324,87,0.2954993
IDUSDT,SELL,LIMIT,1702142141754,500,0.2937167
IDUSDT,BUY,LIMIT,1702148014273,339,0.3135799
IDUSDT,SELL,LIMIT,1702148490488,166,0.2999188
IDUSDT,SELL,LIMIT,1702153869548,2637,0.2998875
IDUSDT,SELL,LIMIT,1702158406179,1626,0.2988324
IDUSDT,SELL,LIMIT,1702164437232,21,0.2927358
IDUSDT,BUY,LIMIT,1702164520778,431,0.3045555
IDUSDT,SELL,LIMIT,1702164542346,1663,0.2916875
IDUSDT,SELL,LIMIT,1702164557697,5751,0.2910851
IDUSDT,SELL,LIMIT,1702164687174,4363,0.2909621
IDUSDT,SELL,LIMIT,1702164748094,336,0.2952018
IDUSDT,SELL,LIMIT,1702164749256,1459,0.2904660
IDUSDT,SELL,LIMIT,1702164752252,4780,0.2898423
IDUSDT,SELL,LIMIT,1702164766566,3275,0.2901781
IDUSDT,SELL,LIMIT,1702164798455,128,0.2900834
IDUSDT,SELL,LIMIT,1702164800433,68,0.2897486
IDUSDT,SELL,LIMIT,1702164801524,321,0.2894987
IDUSDT,SELL,LIMIT,1702164802547,2602,0.2895113
IDUSDT,SELL,LIMIT,1702164804067,49,0.2890591
IDUSDT,SELL,LIMIT,1702164805231,34,0.2887091
IDUSDT,SELL,LIMIT,1702164806361,125,0.2889464
IDUSDT,SELL,LIMIT,1702164807703,22,0.2883787
IDUSDT,SELL,LIMIT,1702164808936,511,0.2883201
IDUSDT,SELL,LIMIT,1702164810716,3300,0.2881528
IDUSDT,SELL,LIMIT,1702164813305,654,0.2905688
IDUSDT,SELL,LIMIT,1702164816483,1073,0.2884520
IDUSDT,SELL,LIMIT,1702164939189,7210,0.2880943
IDUSDT,SELL,LIMIT,1702172266816,141,0.2935131
IDUSDT,SELL,LIMIT,1702172348439,1369,0.2936557
IDUSDT,SELL,LIMIT,1702174539992,1642,0.2960570
IDUSDT,BUY,LIMIT,1702174772593,85,0.3094511
IDUSDT,BUY,LIMIT,1702175353676,3372,0.3112657
IDUSDT,SELL,LIMIT,1702192757493,671,0.2923112
IDUSDT,SELL,LIMIT,1702192863122,90,0.2911581
IDUSDT,SELL,LIMIT,1702193010866,794,0.2898286
IDUSDT,SELL,LIMIT,1702193039618,165,0.2898026
IDUSDT,SELL,LIMIT,1702193859274,658,0.2885151
IDUSDT,SELL,LIMIT,1702196715253,552,0.2884160
IDUSDT,SELL,LIMIT,1702196724789,751,0.2881300
IDUSDT,SELL,LIMIT,1702196744213,988,0.2879646
IDUSDT,SELL,LIMIT,1702197070079,264,0.2878350
IDUSDT,SELL,LIMIT,1702197071671,657,0.2875008
IDUSDT,SELL,LIMIT,1702197073751,1306,0.2874366
IDUSDT,SELL,LIMIT,1702197076310,1552,0.2873499
IDUSDT,SELL,LIMIT,1702197084115,72,0.2871766
IDUSDT,SELL,LIMIT,1702197085127,662,0.2870736
IDUSDT,SELL,LIMIT,1702197087570,16589,0.2869007
IDUSDT,SELL,LIMIT,1702197089071,71,0.2867029
IDUSDT,SELL,LIMIT,1702197439215,3654,0.2871066
IDUSDT,SELL,LIMIT,1702197771095,6963,0.2865753
IDUSDT,SELL,LIMIT,1702197772738,3796,0.2864672
IDUSDT,SELL,LIMIT,1702200283125,263,0.2864066
IDUSDT,SELL,LIMIT,1702200329765,3328,0.2860058
IDUSDT,SELL,LIMIT,1702200332264,1946,0.2858149
IDUSDT,SELL,LIMIT,1702200340285,7500,0.2851208
IDUSDT,SELL,LIMIT,1702200342265,590,0.2850340
IDUSDT,SELL,LIMIT,1702200344520,118,0.2848176
IDUSDT,SELL,LIMIT,1702200451403,40,0.2846869
IDUSDT,SELL,LIMIT,1702200452509,1305,0.2847150
IDUSDT,SELL,LIMIT,1702200518210,477,0.2843207
IDUSDT,SELL,LIMIT,1702200519212,16789,0.2834223
IDUSDT,SELL,LIMIT,1702200520317,126,0.2841513
IDUSDT,SELL,LIMIT,1702200540031,163,0.2827748
IDUSDT,SELL,LIMIT,1702200889273,335,0.2823755
IDUSDT,SELL,LIMIT,1702200930548,2105,0.2818481
IDUSDT,SELL,LIMIT,1702200938183,12547,0.2817269
IDUSDT,SELL,LIMIT,1702200940434,741,0.2812306
IDUSDT,SELL,LIMIT,1702200941930,4107,0.2811348
IDUSDT,SELL,LIMIT,1702201422602,2095,0.2808826
IDUSDT,SELL,LIMIT,1702201428311,620,0.2807443
IDUSDT,SELL,LIMIT,1702201479982,1270,0.2801909
IDUSDT,SELL,LIMIT,1702202043016,6786,0.2800120
IDUSDT,SELL,LIMIT,1702202053002,1320,0.2795116
IDUSDT,SELL,LIMIT,1702202054475,79,0.2791291
IDUSDT,SELL,LIMIT,1702202055563,449,0.2789763
IDUSDT,SELL,LIMIT,1702202061092,2388,0.2785237
IDUSDT,SELL,LIMIT,1702202065281,341,0.2783501
IDUSDT,SELL,LIMIT,1702202073353,687,0.2781314
IDUSDT,SELL,LIMIT,1702202081470,720,0.2780480
IDUSDT,SELL,LIMIT,1702202083370,15009,0.2780077
IDUSDT,SELL,LIMIT,1702202096469,57,0.2779353
IDUSDT,SELL,LIMIT,1702202157134,168,0.2781241
IDUSDT,SELL,LIMIT,1702202257359,34,0.2780261
IDUSDT,SELL,LIMIT,1702202260134,5964,0.2778374
IDUSDT,SELL,LIMIT,1702202262854,978,0.2778357
IDUSDT,SELL,LIMIT,1702202271450,3418,0.2777587
IDUSDT,SELL,LIMIT,1702202272695,6903,0.2773246
IDUSDT,SELL,LIMIT,1702202290847,2589,0.2772627
IDUSDT,SELL,LIMIT,1702202316198,1000,0.2772387
IDUSDT,SELL,LIMIT,1702202319111,990,0.2771441
IDUSDT,SELL,LIMIT,1702202323177,82,0.2768193
IDUSDT,SELL,LIMIT,1702202324268,66,0.2767448
IDUSDT,SELL,LIMIT,1702202374565,1254,0.2763062
IDUSDT,SELL,LIMIT,1702202382384,3405,0.2759853
IDUSDT,SELL,LIMIT,1702202388116,165,0.2761166
IDUSDT,SELL,LIMIT,1702202390549,7361,0.2759144
IDUSDT,SELL,LIMIT,1702202396684,657,0.2757728
IDUSDT,BUY,LIMIT,1702239834550,18,0.2963564
IDUSDT,BUY,LIMIT,1702241628050,492,0.2983308
IDUSDT,BUY,LIMIT,1702241703479,615,0.2984734
IDUSDT,BUY,LIMIT,1702241723308,33,0.2987283
IDUSDT,SELL,LIMIT,1702256130915,151,0.2830145
IDUSDT,SELL,LIMIT,1702256620279,1441,0.2799645
IDUSDT,SELL,LIMIT,1702256914974,244,0.2785381
IDUSDT,SELL,LIMIT,1702256976458,120,0.2777595
IDUSDT,SELL,LIMIT,1702257006762,2047,0.2775904
IDUSDT,SELL,LIMIT,1702260427786,1719,0.2812474
IDUSDT,SELL,LIMIT,1702260429402,6018,0.2796079
IDUSDT,SELL,LIMIT,1702260434150,280,0.2799365
IDUSDT,SELL,LIMIT,1702260437728,13900,0.2788514
IDUSDT,SELL,LIMIT,1702260443738,1015,0.2782033
IDUSDT,SELL,LIMIT,1702260623140,294,0.2776946
IDUSDT,SELL,LIMIT,1702260627322,9698,0.2772635
IDUSDT,SELL,LIMIT,1702260628702,2153,0.2771345
IDUSDT,SELL,LIMIT,1702260631456,24,0.2925032
IDUSDT,SELL,LIMIT,1702260632740,12110,0.2766850
IDUSDT,SELL,LIMIT,1702260633926,343,0.2766516
IDUSDT,SELL,LIMIT,1702260636004,556,0.2762233
IDUSDT,SELL,LIMIT,1702260689360,50,0.2757482
IDUSDT,SELL,LIMIT,1702260695094,6898,0.2754631
IDUSDT,SELL,LIMIT,1702260698524,430,0.2752983
IDUSDT,SELL,LIMIT,1702260700272,1358,0.2748430
IDUSDT,SELL,LIMIT,1702260701979,149,0.2746371
IDUSDT,SELL,LIMIT,1702260706029,1375,0.2750985
IDUSDT,SELL,LIMIT,1702260707191,865,0.2742651
IDUSDT,SELL,LIMIT,1702260708193,6000,0.2727366
IDUSDT,SELL,LIMIT,1702260709243,46,0.2729770
IDUSDT,SELL,LIMIT,1702260710287,41,0.2724729
IDUSDT,SELL,LIMIT,1702260711320,29,0.2733737
IDUSDT,SELL,LIMIT,1702260712373,412,0.2722801
IDUSDT,SELL,LIMIT,1702260713457,2615,0.2719358
IDUSDT,SELL,LIMIT,1702260714676,44453,0.2710617
IDUSDT,SELL,LIMIT,1702260715685,35,0.2715820
IDUSDT,SELL,LIMIT,1702260717265,106,0.2715613
IDUSDT,SELL,LIMIT,1702260718531,1524,0.2711082
IDUSDT,SELL,LIMIT,1702260719632,105,0.2711806
IDUSDT,SELL,LIMIT,1702260720804,6500,0.2755274
IDUSDT,SELL,LIMIT,1702260721825,913,0.2706749
IDUSDT,SELL,LIMIT,1702260723679,1570,0.2706946
IDUSDT,SELL,LIMIT,1702260725516,674,0.2706179
IDUSDT,SELL,LIMIT,1702260726615,2588,0.2705618
IDUSDT,SELL,LIMIT,1702260728245,7215,0.2705878
IDUSDT,SELL,LIMIT,1702260729514,2624,0.2704700
IDUSDT,SELL,LIMIT,1702260730550,36,0.2699586
IDUSDT,SELL,LIMIT,1702260731671,220,0.2703289
IDUSDT,SELL,LIMIT,1702260732742,341,0.2695876
IDUSDT,SELL,LIMIT,1702260733926,547,0.2691395
IDUSDT,SELL,LIMIT,1702260735485,561,0.2690573
IDUSDT,SELL,LIMIT,1702260736536,988,0.2687866
IDUSDT,SELL,LIMIT,1702260737735,837,0.2688428
IDUSDT,SELL,LIMIT,1702260739151,1189,0.2667592
IDUSDT,SELL,LIMIT,1702260740717,10500,0.2662329
IDUSDT,SELL,LIMIT,1702260741842,678,0.2662255
IDUSDT,SELL,LIMIT,1702260742955,137,0.2662292
IDUSDT,SELL,LIMIT,1702260744223,5629,0.2666457
IDUSDT,SELL,LIMIT,1702260745292,830,0.2655002
IDUSDT,SELL,LIMIT,1702260746326,1515,0.2653439
IDUSDT,SELL,LIMIT,1702260747665,2822,0.2652260
IDUSDT,SELL,LIMIT,1702260748717,2664,0.2650513
IDUSDT,SELL,LIMIT,1702260749723,3302,0.2638107
IDUSDT,SELL,LIMIT,1702260750733,20,0.2633793
IDUSDT,SELL,LIMIT,1702260751857,1553,0.2637110
IDUSDT,SELL,LIMIT,1702260752882,762,0.2625480
IDUSDT,SELL,LIMIT,1702260754041,341,0.2620718
IDUSDT,SELL,LIMIT,1702260755055,6180,0.2608309
IDUSDT,SELL,LIMIT,1702260756413,661,0.2605909
IDUSDT,SELL,LIMIT,1702260757497,981,0.2599146
IDUSDT,SELL,LIMIT,1702260758486,108,0.2590282
IDUSDT,SELL,LIMIT,1702260759519,16241,0.2586561
IDUSDT,SELL,LIMIT,1702260760573,66,0.2582162
IDUSDT,SELL,LIMIT,1702260761636,725,0.2585276
IDUSDT,SELL,LIMIT,1702260762649,800,0.2571695
IDUSDT,SELL,LIMIT,1702260763656,20,0.2549764
IDUSDT,SELL,LIMIT,1702260764684,143,0.2567218
IDUSDT,SELL,LIMIT,1702260766587,148,0.2547843
IDUSDT,SELL,LIMIT,1702260767658,17513,0.2546751
IDUSDT,SELL,LIMIT,1702260768742,4199,0.2546751
IDUSDT,SELL,LIMIT,1702260769700,15844,0.2536483
IDUSDT,SELL,LIMIT,1702260770918,10033,0.2535390
IDUSDT,SELL,LIMIT,1702260771923,543,0.2535390
IDUSDT,SELL,LIMIT,1702260773183,96,0.2541611
IDUSDT,SELL,LIMIT,1702260774206,3759,0.2540633
IDUSDT,SELL,LIMIT,1702260775228,98,0.2526441
IDUSDT,SELL,LIMIT,1702260776431,416,0.2519365
IDUSDT,SELL,LIMIT,1702260777595,99,0.2517349
IDUSDT,SELL,LIMIT,1702260778610,87486,0.2500627
IDUSDT,SELL,LIMIT,1702260779631,542,0.2488763
IDUSDT,SELL,LIMIT,1702260780644,5000,0.2481292
IDUSDT,SELL,LIMIT,1702260781846,209,0.2497325
IDUSDT,SELL,LIMIT,1702260783059,446,0.2510746
IDUSDT,SELL,LIMIT,1702260784241,17667,0.2504722
IDUSDT,SELL,LIMIT,1702260785258,293,0.2525319
IDUSDT,SELL,LIMIT,1702260786293,249,0.2534403
IDUSDT,SELL,LIMIT,1702260787543,13977,0.2521867
IDUSDT,SELL,LIMIT,1702260788711,4500,0.2481498
IDUSDT,SELL,LIMIT,1702260791005,65,0.2489465
IDUSDT,SELL,LIMIT,1702260792568,1361,0.2506434
IDUSDT,SELL,LIMIT,1702260793664,331,0.2491665
IDUSDT,SELL,LIMIT,1702260794743,242,0.2492704
IDUSDT,SELL,LIMIT,1702260796289,69,0.2487808
IDUSDT,SELL,LIMIT,1702260797413,71802,0.2474405
IDUSDT,SELL,LIMIT,1702260798618,6000,0.2548756
IDUSDT,SELL,LIMIT,1702260800348,1188,0.2480398
IDUSDT,SELL,LIMIT,1702260801449,7570,0.2479152
IDUSDT,SELL,LIMIT,1702260802451,1103,0.2477446
IDUSDT,SELL,LIMIT,1702260803906,92,0.2479199
IDUSDT,SELL,LIMIT,1702260805363,1820,0.2466374
IDUSDT,SELL,LIMIT,1702260806436,2300,0.2516019
IDUSDT,SELL,LIMIT,1702260807640,4937,0.2466216
IDUSDT,SELL,LIMIT,1702260808957,2670,0.2464698
IDUSDT,SELL,LIMIT,1702260810630,283,0.2464369
IDUSDT,SELL,LIMIT,1702260811916,1390,0.2464701
IDUSDT,SELL,LIMIT,1702260813108,362,0.2464152
IDUSDT,SELL,LIMIT,1702260814260,3415,0.2465867
IDUSDT,SELL,LIMIT,1702260815656,2676,0.2465867
IDUSDT,SELL,LIMIT,1702260816720,850,0.2462270
IDUSDT,SELL,LIMIT,1702260818225,7917,0.2461850
IDUSDT,SELL,LIMIT,1702260819509,3600,0.2473878
IDUSDT,SELL,LIMIT,1702260822106,32467,0.2460061
IDUSDT,SELL,LIMIT,1702260823546,20169,0.2471538
IDUSDT,BUY,LIMIT,1702260824766,200,0.2553465
IDUSDT,SELL,LIMIT,1702260832391,13855,0.2488636
IDUSDT,BUY,LIMIT,1702260851456,112,0.2620575
IDUSDT,BUY,LIMIT,1702264350539,125472,0.2778585
IDUSDT,SELL,LIMIT,1702265891419,5253,0.2662661
