Symbol,Side,Order Type,Time,Quantity,Price
IDUSDT,SELL,LIMIT,1701918694364,14538,0.2645311
IDUSDT,SELL,LIMIT,1701922959099,2283,0.2671167
IDUSDT,SELL,LIMIT,1701924238599,2211,0.2687129
IDUSDT,BUY,LIMIT,1701930298242,736,0.2848293
IDUSDT,BUY,LIMIT,1701930446992,215,0.2884493
IDUSDT,BUY,LIMIT,1701930569431,236,0.2902216
IDUSDT,SELL,LIMIT,1701936224198,310,0.2741856
IDUSDT,SELL,LIMIT,1701936917169,53,0.2725093
IDUSDT,SELL,LIMIT,1701936924860,3000,0.2723645
IDUSDT,SELL,LIMIT,1701937851450,902,0.2707850
IDUSDT,SELL,LIMIT,1701939371934,1542,0.2705641
IDUSDT,SELL,LIMIT,1701939392894,566,0.2695706
IDUSDT,SELL,LIMIT,1701939397060,2906,0.2692351
IDUSDT,SELL,LIMIT,1701939997734,313,0.2686520
IDUSDT,SELL,LIMIT,1701940006106,12093,0.2686131
IDUSDT,SELL,LIMIT,1701940009415,6986,0.2683977
IDUSDT,SELL,LIMIT,1701940013435,1643,0.2683804
IDUSDT,SELL,LIMIT,1701940024842,111,0.2679943
IDUSDT,SELL,LIMIT,1701940537924,87,0.2677878
IDUSDT,SELL,LIMIT,1701940566080,2829,0.2669534
IDUSDT,SELL,LIMIT,1701940569051,858,0.2668139
IDUSDT,SELL,LIMIT,1701941071364,8628,0.2662317
IDUSDT,SELL,LIMIT,1701941076480,268,0.2664780
IDUSDT,SELL,LIMIT,1701941099020,21,0.2658811
IDUSDT,SELL,LIMIT,1701941159284,17674,0.2649735
IDUSDT,SELL,LIMIT,1701941161189,1564,0.2649222
IDUSDT,SELL,LIMIT,1701941177491,18,0.2647292
IDUSDT,SELL,LIMIT,1701941181338,10950,0.2645706
IDUSDT,SELL,LIMIT,1701941183113,452,0.2642323
IDUSDT,SELL,LIMIT,1701941184223,23,0.2644315
IDUSDT,SELL,LIMIT,1701941185561,540,0.2639581
IDUSDT,SELL,LIMIT,1701941187200,139,0.2637853
IDUSDT,SELL,LIMIT,1701941189192,118,0.2634308
IDUSDT,SELL,LIMIT,1701941192161,60,0.2633805
IDUSDT,SELL,LIMIT,1701941194108,33,0.2632968
IDUSDT,SELL,LIMIT,1701941236301,335,0.2636598
IDUSDT,SELL,LIMIT,1701941237455,1454,0.2634681
IDUSDT,SELL,LIMIT,1701941239121,1096,0.2631309
IDUSDT,SELL,LIMIT,1701941245097,55,0.2629253
IDUSDT,SELL,LIMIT,1701941246634,3178,0.2628956
IDUSDT,SELL,LIMIT,1701941255228,742,0.2626347
IDUSDT,SELL,LIMIT,1701941256400,185,0.2625999
IDUSDT,SELL,LIMIT,1701942352197,120,0.2726386
IDUSDT,BUY,LIMIT,1701945241434,51,0.2816260
IDUSDT,BUY,LIMIT,1701945574253,4441,0.2851839
IDUSDT,BUY,LIMIT,1701956239495,6061,0.2886942
IDUSDT,BUY,LIMIT,1701957667167,1488,0.2876780
IDUSDT,BUY,LIMIT,1701963339441,1333,0.2914851
IDUSDT,SELL,LIMIT,1701964341731,1096,0.2790061
IDUSDT,SELL,LIMIT,1701965055660,8692,0.2785177
IDUSDT,SELL,LIMIT,1701975635214,718,0.2804774
IDUSDT,SELL,LIMIT,1701988556284,65,0.2796239
IDUSDT,SELL,LIMIT,1701994520039,2689,0.2825726
IDUSDT,SELL,LIMIT,1702003950342,10000,0.2796141
IDUSDT,BUY,LIMIT,1702015535141,115,0.2964560
IDUSDT,BUY,LIMIT,1702015555361,1485,0.2971277
IDUSDT,BUY,LIMIT,1702015631773,809,0.2985778
IDUSDT,BUY,LIMIT,1702015634877,2781,0.2988550
IDUSDT,BUY,LIMIT,1702015639071,103,0.2990025
IDUSDT,SELL,LIMIT,1702017615164,2328,0.2810848
IDUSDT,SELL,LIMIT,1702020679914,1040,0.2761154
IDUSDT,SELL,LIMIT,1702041931797,20650,0.2822468
IDUSDT,SELL,LIMIT,1702049474376,53,0.2830241
IDUSDT,BUY,LIMIT,1702049975363,1790,0.2970933
IDUSDT,BUY,LIMIT,1702053244404,7371,0.2992649
IDUSDT,BUY,LIMIT,1702055903193,393,0.2994943
IDUSDT,BUY,LIMIT,1702055914884,350,0.2996848
IDUSDT,BUY,LIMIT,1702065542284,125,0.2997847
IDUSDT,BUY,LIMIT,1702068238866,916,0.2996760
IDUSDT,BUY,LIMIT,1702068934242,2002,0.3004920
IDUSDT,BUY,LIMIT,1702077766959,205,0.3017022
IDUSDT,BUY,LIMIT,1702078825340,61,0.3028616
IDUSDT,BUY,LIMIT,1702078827814,287,0.3031477
IDUSDT,BUY,LIMIT,1702080687268,533,0.3030212
IDUSDT,BUY,LIMIT,1702081393452,291,0.3026699
IDUSDT,BUY,LIMIT,1702082084464,203,0.3034500
IDUSDT,SELL,LIMIT,1702083535274,520,0.2907661
IDUSDT,SELL,LIMIT,1702083831615,104,0.2899821
IDUSDT,BUY,LIMIT,1702090775734,286,0.3047301
IDUSDT,BUY,LIMIT,1702090870895,2319,0.3056469
IDUSDT,BUY,LIMIT,1702091158843,550,0.3064958
IDUSDT,BUY,LIMIT,1702091397138,127,0.3077453
IDUSDT,BUY,LIMIT,1702092202167,2674,0.3072764
IDUSDT,BUY,LIMIT,1702102921241,48,0.3088988
IDUSDT,BUY,LIMIT,1702102922556,5,0.3092541
IDUSDT,BUY,LIMIT,1702102932265,737,0.3094975
IDUSDT,BUY,LIMIT,1702104961411,374,0.3065100
IDUSDT,SELL,LIMIT,1702106782704,304,0.2961202
IDUSDT,BUY,LIMIT,1702107721662,550,0.3105084
IDUSDT,BUY,LIMIT,1702107982046,60,0.3099780
IDUSDT,BUY,LIMIT,1702108059311,461,0.3110995
IDUSDT,BUY,LIMIT,1702109295069,3937,0.3118637
IDUSDT,BUY,LIMIT,1702109514107,174,0.3109980
IDUSDT,SELL,LIMIT,1702110824050,461,0.2958186
IDUSDT,SELL,LIMIT,1702110977804,1046,0.2938335
IDUSDT,SELL,LIMIT,1702110980629,16955,0.2929405
IDUSDT,SELL,LIMIT,1702111030249,208,0.2915287
IDUSDT,SELL,LIMIT,1702111031400,36,0.2915057
IDUSDT,SELL,LIMIT,1702111037248,367,0.2909153
IDUSDT,SELL,LIMIT,1702111044394,275,0.2899015
IDUSDT,SELL,LIMIT,1702111047554,5402,0.2895082
IDUSDT,SELL,LIMIT,1702111048621,316,0.2895754
IDUSDT,SELL,LIMIT,1702111380665,55,0.2889521
IDUSDT,SELL,LIMIT,1702111382937,99,0.2887205
IDUSDT,SELL,LIMIT,1702111386281,1254,0.2881743
IDUSDT,SELL,LIMIT,1702111387604,878,0.2880025
IDUSDT,SELL,LIMIT,1702111388792,1333,0.2877089
IDUSDT,SELL,LIMIT,1702132999531,13284,0.2929895
IDUSDT,SELL,LIMIT,1702133004441,1000,0.2928859
IDUSDT,SELL,LIMIT,1702133007773,5524,0.2925573
