Symbol,Side,Order Type,Time,Quantity,Price
ILVUSDT,SELL,LIMIT,1701917265455,0.6,95.01274
ILVUSDT,SELL,LIMIT,1701918515648,6.3,94.56574
ILVUSDT,SELL,LIMIT,1701918518070,0.2,94.41621
ILVUSDT,SELL,LIMIT,1701918519202,5.8,94.34911
ILVUSDT,SELL,LIMIT,1701918538494,2.3,94.12682
ILVUSDT,BUY,LIMIT,1701929803311,40.6,101.98166
ILVUSDT,BUY,LIMIT,1701930726233,40.0,102.53166
ILVUSDT,SELL,LIMIT,1701931053930,14.8,98.62607
ILVUSDT,SELL,LIMIT,1701931650972,32.4,98.35550
ILVUSDT,SELL,LIMIT,1701931715988,7.1,98.16816
ILVUSDT,SELL,LIMIT,1701933584305,12.5,98.02001
ILVUSDT,BUY,LIMIT,1701934181959,2.8,101.63720
ILVUSDT,SELL,LIMIT,1701937340424,3.1,97.59552
ILVUSDT,SELL,LIMIT,1701937351240,1.2,97.52966
ILVUSDT,SELL,LIMIT,1701937353207,1.1,97.41805
ILVUSDT,SELL,LIMIT,1701937394863,6.0,97.29773
ILVUSDT,SELL,LIMIT,1701939282025,5.0,97.13810
ILVUSDT,SELL,LIMIT,1701940563709,0.2,95.68713
ILVUSDT,SELL,LIMIT,1701940664831,0.1,95.46804
ILVUSDT,SELL,LIMIT,1701940674191,39.4,95.41727
ILVUSDT,SELL,LIMIT,1701940676072,4.9,95.34915
ILVUSDT,SELL,LIMIT,1701941069285,0.6,95.17132
ILVUSDT,SELL,LIMIT,1701941071933,22.8,95.15044
ILVUSDT,SELL,LIMIT,1701941074357,2.1,95.10360
ILVUSDT,SELL,LIMIT,1701941164247,15.2,94.90713
ILVUSDT,SELL,LIMIT,1701941169738,0.7,94.89744
ILVUSDT,SELL,LIMIT,1701941174124,0.3,94.88776
ILVUSDT,SELL,LIMIT,1701941176063,1.2,94.91392
ILVUSDT,SELL,LIMIT,1701941184379,2.0,94.79460
ILVUSDT,SELL,LIMIT,1701941186721,0.2,94.78853
ILVUSDT,SELL,LIMIT,1701941189915,9.4,94.71553
ILVUSDT,SELL,LIMIT,1701941191009,0.1,94.72179
ILVUSDT,SELL,LIMIT,1701941194450,3.2,94.60404
ILVUSDT,SELL,LIMIT,1701941234104,4.8,94.58724
ILVUSDT,SELL,LIMIT,1701941238753,0.7,94.47706
ILVUSDT,SELL,LIMIT,1701941247114,3.3,94.36943
ILVUSDT,SELL,LIMIT,1701941249341,2.3,94.98276
ILVUSDT,BUY,LIMIT,1701941567421,0.2,98.55210
ILVUSDT,BUY,LIMIT,1701942201368,0.3,99.36827
ILVUSDT,SELL,LIMIT,1701944365235,8.2,96.08923
ILVUSDT,SELL,LIMIT,1701948787381,2.7,96.98099
ILVUSDT,BUY,LIMIT,1701950069148,5.7,100.09337
ILVUSDT,BUY,LIMIT,1701950122786,1.8,100.11329
ILVUSDT,SELL,LIMIT,1701951115637,0.2,97.75385
ILVUSDT,BUY,LIMIT,1701951261632,0.8,100.65965
ILVUSDT,BUY,LIMIT,1701951263146,0.5,100.69948
ILVUSDT,BUY,LIMIT,1701951315857,0.7,101.01455
ILVUSDT,BUY,LIMIT,1701951334107,51.5,101.37776
ILVUSDT,BUY,LIMIT,1701951337174,20.4,101.35974
ILVUSDT,SELL,LIMIT,1701951660374,14.9,97.39201
ILVUSDT,BUY,LIMIT,1701953186168,5.0,100.69482
ILVUSDT,BUY,LIMIT,1701953976591,0.1,100.84114
ILVUSDT,SELL,LIMIT,1701956614118,3.8,96.84772
ILVUSDT,BUY,LIMIT,1701959502332,0.1,100.96205
ILVUSDT,SELL,LIMIT,1701960137611,1.5,97.44605
ILVUSDT,BUY,LIMIT,1701961106339,0.1,101.01523
ILVUSDT,BUY,LIMIT,1701961780637,1.4,102.50667
ILVUSDT,BUY,LIMIT,1701961802099,17.6,102.74125
ILVUSDT,BUY,LIMIT,1701962668974,4.8,102.93297
ILVUSDT,BUY,LIMIT,1701962686690,0.1,103.25235
ILVUSDT,SELL,LIMIT,1701962979045,0.2,99.79869
ILVUSDT,BUY,LIMIT,1701963101128,1.1,103.51712
ILVUSDT,BUY,LIMIT,1701963816483,0.3,103.71310
ILVUSDT,BUY,LIMIT,1701965008055,41.0,103.33296
ILVUSDT,BUY,LIMIT,1701966207473,4.4,104.54325
ILVUSDT,BUY,LIMIT,1701966348157,0.2,104.60814
ILVUSDT,BUY,LIMIT,1701966842966,1.0,104.66441
ILVUSDT,SELL,LIMIT,1701970936277,0.1,100.46675
ILVUSDT,SELL,LIMIT,1701971010673,0.3,100.58110
ILVUSDT,BUY,LIMIT,1701972012699,18.0,104.09008
ILVUSDT,BUY,LIMIT,1701979377932,49.2,103.42823
ILVUSDT,BUY,LIMIT,1701988308020,3.8,105.60737
ILVUSDT,SELL,LIMIT,1701988459916,1.4,102.93598
ILVUSDT,BUY,LIMIT,1701994803052,2.4,104.30797
ILVUSDT,BUY,LIMIT,1702005734158,1.1,106.06719
ILVUSDT,SELL,LIMIT,1702006335103,1.2,103.04221
ILVUSDT,BUY,LIMIT,1702008352292,3.7,106.39302
ILVUSDT,SELL,LIMIT,1702013676626,0.4,102.87407
ILVUSDT,SELL,LIMIT,1702017325463,0.1,102.29849
ILVUSDT,SELL,LIMIT,1702020502005,0.5,101.88841
ILVUSDT,SELL,LIMIT,1702020664029,6.0,101.24247
ILVUSDT,SELL,LIMIT,1702029059987,1.1,102.36896
ILVUSDT,BUY,LIMIT,1702035371431,18.6,106.94040
ILVUSDT,SELL,LIMIT,1702040261450,0.9,102.52893
ILVUSDT,SELL,LIMIT,1702040472061,1.8,102.43233
ILVUSDT,SELL,LIMIT,1702042237077,2.6,101.72901
ILVUSDT,BUY,LIMIT,1702046064400,0.9,105.26375
ILVUSDT,BUY,LIMIT,1702047699502,0.3,105.83587
ILVUSDT,BUY,LIMIT,1702048347691,1.7,106.11968
ILVUSDT,SELL,LIMIT,1702055008188,12.3,102.57791
ILVUSDT,SELL,LIMIT,1702056305857,47.7,101.53261
ILVUSDT,SELL,LIMIT,1702071209323,0.8,101.95061
ILVUSDT,SELL,LIMIT,1702075497360,1.6,101.24715
ILVUSDT,SELL,LIMIT,1702076299146,47.9,101.07132
ILVUSDT,SELL,LIMIT,1702079930200,16.2,101.03542
ILVUSDT,BUY,LIMIT,1702097549692,9.0,106.87784
ILVUSDT,BUY,LIMIT,1702101205732,16.9,107.41509
ILVUSDT,BUY,LIMIT,1702101663551,50.0,107.83894
ILVUSDT,BUY,LIMIT,1702101793944,1.9,108.30757
ILVUSDT,BUY,LIMIT,1702101823978,22.7,108.45876
ILVUSDT,BUY,LIMIT,1702103734771,8.1,108.86257
ILVUSDT,BUY,LIMIT,1702104581365,0.1,109.33107
ILVUSDT,BUY,LIMIT,1702105849786,21.1,109.03259
ILVUSDT,BUY,LIMIT,1702108474605,3.3,111.09175
ILVUSDT,BUY,LIMIT,1702108583457,1.3,111.63525
ILVUSDT,SELL,LIMIT,1702109979972,0.1,110.73568
ILVUSDT,BUY,LIMIT,1702109995367,2.0,112.78638
ILVUSDT,SELL,LIMIT,1702110659806,2.0,108.68458
ILVUSDT,SELL,LIMIT,1702110965006,0.1,107.78216
ILVUSDT,SELL,LIMIT,1702111348891,0.4,106.02950
ILVUSDT,SELL,LIMIT,1702111354764,0.1,105.68906
ILVUSDT,SELL,LIMIT,1702111379622,0.1,105.84429
ILVUSDT,SELL,LIMIT,1702111398693,28.7,105.15399
ILVUSDT,SELL,LIMIT,1702112888238,1.8,105.53751
ILVUSDT,BUY,LIMIT,1702113746346,0.6,110.61427
ILVUSDT,SELL,LIMIT,1702117065398,2.6,107.18585
ILVUSDT,SELL,LIMIT,1702120447538,3.6,108.24459
ILVUSDT,SELL,LIMIT,1702120592787,20.0,106.83877
ILVUSDT,SELL,LIMIT,1702120817296,3.7,106.45246
ILVUSDT,BUY,LIMIT,1702123787568,25.6,111.37745
ILVUSDT,SELL,LIMIT,1702125409072,12.4,106.90633
ILVUSDT,SELL,LIMIT,1702125506161,0.1,108.01919
