Symbol,Side,Order Type,Time,Quantity,Price
ILVUSDT,SELL,LIMIT,1700989003398,0.1,115.59041
ILVUSDT,SELL,LIMIT,1700989005430,30.0,115.48986
ILVUSDT,SELL,LIMIT,1700989007454,3.9,115.45778
ILVUSDT,SELL,LIMIT,1700989060474,6.5,115.03846
ILVUSDT,SELL,LIMIT,1700989152445,3.9,114.67817
ILVUSDT,SELL,LIMIT,1700989187571,42.7,114.55899
ILVUSDT,SELL,LIMIT,1700989358662,0.1,114.17370
ILVUSDT,SELL,LIMIT,1700989366095,2.1,113.98593
ILVUSDT,SELL,LIMIT,1700989390975,1.5,113.67722
ILVUSDT,SELL,LIMIT,1700989477233,42.9,113.12034
ILVUSDT,SELL,LIMIT,1700989478271,0.4,113.13808
ILVUSDT,SELL,LIMIT,1700989495376,3.3,113.06315
ILVUSDT,SELL,LIMIT,1700989526271,3.8,112.83938
ILVUSDT,SELL,LIMIT,1700996586036,0.5,112.93811
ILVUSDT,SELL,LIMIT,1700998202104,0.2,112.72021
ILVUSDT,SELL,LIMIT,1700999942073,15.3,112.68156
ILVUSDT,SELL,LIMIT,1701000418453,0.9,112.54416
ILVUSDT,SELL,LIMIT,1701000421666,11.8,112.36892
ILVUSDT,SELL,LIMIT,1701000423102,0.1,111.98415
ILVUSDT,SELL,LIMIT,1701000424359,4.7,111.99775
ILVUSDT,SELL,LIMIT,1701000577079,0.1,111.60247
ILVUSDT,SELL,LIMIT,1701001177092,4.3,111.51643
ILVUSDT,BUY,LIMIT,1701002291237,1.0,115.92571
ILVUSDT,SELL,LIMIT,1701004967294,0.1,112.18574
ILVUSDT,BUY,LIMIT,1701006656131,4.3,116.15932
ILVUSDT,BUY,LIMIT,1701007153149,0.8,116.50333
ILVUSDT,BUY,LIMIT,1701007792279,1.7,116.73157
ILVUSDT,BUY,LIMIT,1701007845645,0.9,116.85224
ILVUSDT,SELL,LIMIT,1701008946946,10.3,112.61016
ILVUSDT,BUY,LIMIT,1701009579357,33.0,115.79635
ILVUSDT,BUY,LIMIT,1701011069803,2.7,115.98147
ILVUSDT,SELL,LIMIT,1701012031804,3.4,112.07332
ILVUSDT,SELL,LIMIT,1701014007071,27.4,111.15758
ILVUSDT,SELL,LIMIT,1701014031203,37.8,110.97702
ILVUSDT,SELL,LIMIT,1701014034197,0.2,110.47231
ILVUSDT,SELL,LIMIT,1701014035326,0.9,110.41655
ILVUSDT,SELL,LIMIT,1701014046264,3.7,110.04955
ILVUSDT,SELL,LIMIT,1701014047293,0.3,110.18296
ILVUSDT,SELL,LIMIT,1701014053414,0.8,109.96553
ILVUSDT,SELL,LIMIT,1701014069448,1.7,109.81468
ILVUSDT,SELL,LIMIT,1701014070483,2.0,109.79958
ILVUSDT,BUY,LIMIT,1701014556703,0.1,114.12716
ILVUSDT,BUY,LIMIT,1701014610168,3.1,114.35988
ILVUSDT,SELL,LIMIT,1701014998305,20.4,111.07169
ILVUSDT,SELL,LIMIT,1701015523434,2.8,109.77794
ILVUSDT,SELL,LIMIT,1701015529103,44.8,109.65548
ILVUSDT,SELL,LIMIT,1701015672264,2.6,109.53882
ILVUSDT,SELL,LIMIT,1701015683114,2.0,109.42082
ILVUSDT,SELL,LIMIT,1701015685757,60.1,109.05418
ILVUSDT,SELL,LIMIT,1701015688373,1.6,109.28818
ILVUSDT,SELL,LIMIT,1701015741983,1.8,109.20533
ILVUSDT,SELL,LIMIT,1701015747122,28.6,108.95751
ILVUSDT,SELL,LIMIT,1701015761724,66.0,108.63732
ILVUSDT,SELL,LIMIT,1701015765394,0.3,108.84168
ILVUSDT,SELL,LIMIT,1701015777253,1.1,108.77494
ILVUSDT,SELL,LIMIT,1701015880104,29.3,108.73894
ILVUSDT,SELL,LIMIT,1701015930488,9.5,108.58472
ILVUSDT,SELL,LIMIT,1701015997115,18.8,108.60611
ILVUSDT,SELL,LIMIT,1701015999225,10.0,108.63707
ILVUSDT,SELL,LIMIT,1701016002182,7.3,107.91981
ILVUSDT,SELL,LIMIT,1701016003275,7.4,107.81902
ILVUSDT,SELL,LIMIT,1701016004803,7.6,107.70882
ILVUSDT,SELL,LIMIT,1701016032335,0.1,107.86118
ILVUSDT,SELL,LIMIT,1701016037390,10.7,107.84988
ILVUSDT,SELL,LIMIT,1701016045351,0.1,107.80512
ILVUSDT,SELL,LIMIT,1701016048274,1.7,107.76266
ILVUSDT,SELL,LIMIT,1701016093160,1.0,107.59387
ILVUSDT,SELL,LIMIT,1701016095206,0.6,107.58075
ILVUSDT,SELL,LIMIT,1701016099624,3.6,107.46052
ILVUSDT,SELL,LIMIT,1701016101770,0.4,107.41729
ILVUSDT,SELL,LIMIT,1701016103229,0.2,107.50271
ILVUSDT,SELL,LIMIT,1701016301215,44.2,107.26889
ILVUSDT,SELL,LIMIT,1701016302224,0.1,107.14765
ILVUSDT,SELL,LIMIT,1701016303339,2.6,106.82982
ILVUSDT,SELL,LIMIT,1701016430432,3.1,107.86736
ILVUSDT,BUY,LIMIT,1701016476181,11.4,111.41612
ILVUSDT,SELL,LIMIT,1701016595514,2.2,107.26551
ILVUSDT,BUY,LIMIT,1701016768969,6.1,111.41155
ILVUSDT,BUY,LIMIT,1701018899640,23.1,113.54223
ILVUSDT,BUY,LIMIT,1701021115390,0.6,115.55271
ILVUSDT,SELL,LIMIT,1701021732334,1.7,111.90735
ILVUSDT,SELL,LIMIT,1701021738618,4.1,111.64479
ILVUSDT,BUY,LIMIT,1701022242800,17.6,115.34698
ILVUSDT,SELL,LIMIT,1701022716719,0.1,111.66915
ILVUSDT,SELL,LIMIT,1701023825176,0.8,110.77241
ILVUSDT,SELL,LIMIT,1701023828310,16.8,110.69032
ILVUSDT,SELL,LIMIT,1701024630303,44.4,110.37053
ILVUSDT,SELL,LIMIT,1701024634254,0.3,110.28982
ILVUSDT,SELL,LIMIT,1701024635794,6.5,110.27278
ILVUSDT,BUY,LIMIT,1701025341332,2.2,114.75012
ILVUSDT,SELL,LIMIT,1701025495626,0.4,110.84457
ILVUSDT,SELL,LIMIT,1701025500220,2.4,110.75373
ILVUSDT,BUY,LIMIT,1701026112488,10.9,115.24981
ILVUSDT,BUY,LIMIT,1701026117866,16.0,115.27054
ILVUSDT,BUY,LIMIT,1701026182073,3.5,115.41423
ILVUSDT,BUY,LIMIT,1701027405112,2.3,114.79289
ILVUSDT,BUY,LIMIT,1701029044597,43.4,116.11600
ILVUSDT,BUY,LIMIT,1701029084594,0.9,116.28779
ILVUSDT,BUY,LIMIT,1701029136584,1.1,116.39312
ILVUSDT,SELL,LIMIT,1701031543066,0.7,112.54809
ILVUSDT,BUY,LIMIT,1701031590373,0.2,116.31069
ILVUSDT,BUY,LIMIT,1701033353575,2.2,116.84768
ILVUSDT,BUY,LIMIT,1701034243647,9.3,117.14208
ILVUSDT,BUY,LIMIT,1701034245200,23.3,117.24753
ILVUSDT,BUY,LIMIT,1701034309725,23.2,117.61705
ILVUSDT,BUY,LIMIT,1701034382528,9.4,117.80420
ILVUSDT,BUY,LIMIT,1701034387947,2.0,118.09700
ILVUSDT,BUY,LIMIT,1701034404129,1.2,118.30636
ILVUSDT,BUY,LIMIT,1701034414381,1.8,118.55722
ILVUSDT,BUY,LIMIT,1701034417416,0.2,118.61341
ILVUSDT,BUY,LIMIT,1701036200201,50.8,118.91037
ILVUSDT,BUY,LIMIT,1701036496528,18.0,119.23286
ILVUSDT,BUY,LIMIT,1701036499398,25.2,119.72537
ILVUSDT,BUY,LIMIT,1701037486863,0.8,119.68534
ILVUSDT,BUY,LIMIT,1701038167895,1.6,119.90919
ILVUSDT,BUY,LIMIT,1701038657122,43.1,119.97468
ILVUSDT,BUY,LIMIT,1701038939129,0.5,119.72451
ILVUSDT,BUY,LIMIT,1701039351004,2.2,119.81802
ILVUSDT,SELL,LIMIT,1701039452217,24.6,115.95784
ILVUSDT,SELL,LIMIT,1701039673342,0.3,115.77143
ILVUSDT,SELL,LIMIT,1701039675128,0.1,115.70995
ILVUSDT,SELL,LIMIT,1701039697226,20.7,115.49554
ILVUSDT,SELL,LIMIT,1701039731672,0.3,115.21093
ILVUSDT,SELL,LIMIT,1701039735323,1.1,115.13515
ILVUSDT,SELL,LIMIT,1701039824784,0.1,114.79123
ILVUSDT,SELL,LIMIT,1701040606289,8.4,114.73281
ILVUSDT,SELL,LIMIT,1701041097481,0.5,114.25129
ILVUSDT,SELL,LIMIT,1701041280014,0.1,114.10259
ILVUSDT,SELL,LIMIT,1701041281267,1.1,114.03112
ILVUSDT,BUY,LIMIT,1701042102072,9.0,118.60785
ILVUSDT,SELL,LIMIT,1701043249057,1.3,114.92058
ILVUSDT,BUY,LIMIT,1701044213845,67.9,120.44445
ILVUSDT,BUY,LIMIT,1701044222467,0.1,120.08236
ILVUSDT,BUY,LIMIT,1701044231391,13.1,120.30189
ILVUSDT,BUY,LIMIT,1701044236694,1.0,120.36932
ILVUSDT,BUY,LIMIT,1701044239319,2.6,120.53189
ILVUSDT,BUY,LIMIT,1701044240817,1.6,120.65948
ILVUSDT,BUY,LIMIT,1701044253063,0.2,120.78284
ILVUSDT,BUY,LIMIT,1701044254125,0.2,120.76938
ILVUSDT,BUY,LIMIT,1701044438428,0.1,121.10144
ILVUSDT,BUY,LIMIT,1701044439732,0.1,121.10725
ILVUSDT,BUY,LIMIT,1701044440945,16.1,121.12988
ILVUSDT,BUY,LIMIT,1701044455000,0.3,121.22322
ILVUSDT,BUY,LIMIT,1701044527159,0.9,121.37101
ILVUSDT,BUY,LIMIT,1701044530512,0.1,121.39316
ILVUSDT,BUY,LIMIT,1701044540607,15.0,121.45374
ILVUSDT,BUY,LIMIT,1701044564875,1.6,121.53205
ILVUSDT,BUY,LIMIT,1701044592320,3.6,121.68783
ILVUSDT,BUY,LIMIT,1701044601629,9.8,121.73374
ILVUSDT,BUY,LIMIT,1701044629075,0.2,121.80897
ILVUSDT,BUY,LIMIT,1701044630289,1.8,121.94881
ILVUSDT,BUY,LIMIT,1701044643362,0.4,122.13877
ILVUSDT,SELL,LIMIT,1701044656655,6.8,117.89846
ILVUSDT,BUY,LIMIT,1701044879025,2.0,122.15058
ILVUSDT,BUY,LIMIT,1701045053194,9.2,122.45035
ILVUSDT,BUY,LIMIT,1701045054412,0.2,122.53286
ILVUSDT,BUY,LIMIT,1701045056587,1.9,122.54775
ILVUSDT,BUY,LIMIT,1701045059261,29.3,122.58646
ILVUSDT,SELL,LIMIT,1701045215283,5.4,118.12949
ILVUSDT,BUY,LIMIT,1701045477215,0.7,122.61109
ILVUSDT,BUY,LIMIT,1701045482940,34.2,122.67586
ILVUSDT,BUY,LIMIT,1701045504541,2.2,122.75221
ILVUSDT,BUY,LIMIT,1701045940240,0.1,122.92111
ILVUSDT,BUY,LIMIT,1701045945547,38.7,123.15124
ILVUSDT,BUY,LIMIT,1701045946909,1.8,123.20346
ILVUSDT,BUY,LIMIT,1701045948051,0.1,123.36356
ILVUSDT,BUY,LIMIT,1701045949081,4.7,123.31511
ILVUSDT,BUY,LIMIT,1701045950256,4.4,123.54645
ILVUSDT,BUY,LIMIT,1701045951963,0.9,123.74354
ILVUSDT,BUY,LIMIT,1701045953102,6.2,124.15831
ILVUSDT,BUY,LIMIT,1701045954244,1.6,124.08043
ILVUSDT,BUY,LIMIT,1701046442743,1.0,124.18325
ILVUSDT,SELL,LIMIT,1701046522941,0.1,119.81185
ILVUSDT,BUY,LIMIT,1701046878476,1.4,122.87057
ILVUSDT,BUY,LIMIT,1701047457418,0.4,124.08692
ILVUSDT,BUY,LIMIT,1701047507610,7.4,124.34481
ILVUSDT,BUY,LIMIT,1701047509326,24.4,124.43110
ILVUSDT,SELL,LIMIT,1701048425229,0.6,118.67422
ILVUSDT,SELL,LIMIT,1701048446295,4.7,118.23839
ILVUSDT,SELL,LIMIT,1701049326416,9.7,118.29023
ILVUSDT,SELL,LIMIT,1701050153780,2.0,117.74614
ILVUSDT,SELL,LIMIT,1701050286152,11.3,117.26076
ILVUSDT,SELL,LIMIT,1701050291192,0.7,117.05379
ILVUSDT,SELL,LIMIT,1701050292755,5.7,116.94906
ILVUSDT,SELL,LIMIT,1701050306251,10.2,116.86213
ILVUSDT,BUY,LIMIT,1701051174907,0.5,121.52704
ILVUSDT,BUY,LIMIT,1701051810839,0.7,118.43652
ILVUSDT,SELL,LIMIT,1701052377616,4.1,116.66399
ILVUSDT,SELL,LIMIT,1701053093115,5.6,115.88806
ILVUSDT,SELL,LIMIT,1701053197093,12.3,115.69012
ILVUSDT,SELL,LIMIT,1701053201964,32.6,115.66528
ILVUSDT,SELL,LIMIT,1701053203407,1.2,115.56703
ILVUSDT,SELL,LIMIT,1701053205252,22.8,115.45635
ILVUSDT,SELL,LIMIT,1701054414273,0.8,115.16396
ILVUSDT,SELL,LIMIT,1701055038746,0.8,115.45855
ILVUSDT,SELL,LIMIT,1701056081888,4.2,114.76800
ILVUSDT,SELL,LIMIT,1701056090234,82.3,114.10571
ILVUSDT,SELL,LIMIT,1701056179596,4.3,114.28823
ILVUSDT,SELL,LIMIT,1701056183058,0.9,114.26107
ILVUSDT,SELL,LIMIT,1701056219576,0.3,114.20559
ILVUSDT,BUY,LIMIT,1701061067704,7.5,120.39717
ILVUSDT,BUY,LIMIT,1701062102387,1.6,121.68350
ILVUSDT,SELL,LIMIT,1701062299381,6.5,117.61379
