Symbol,Side,Order Type,Time,Quantity,Price
ILVUSDT,SELL,LIMIT,1701917265455,0.6,95.01274
ILVUSDT,SELL,LIMIT,1701918515648,6.3,94.56574
ILVUSDT,SELL,LIMIT,1701918518070,0.2,94.41621
ILVUSDT,SELL,LIMIT,1701918519202,5.8,94.34911
ILVUSDT,SELL,LIMIT,1701918538494,2.3,94.12682
ILVUSDT,BUY,LIMIT,1701929803311,40.6,101.98166
ILVUSDT,BUY,LIMIT,1701930726233,40.0,102.53166
ILVUSDT,SELL,LIMIT,1701931053930,14.8,98.62607
ILVUSDT,SELL,LIMIT,1701931650972,32.4,98.35550
ILVUSDT,SELL,LIMIT,1701931715988,7.1,98.16816
ILVUSDT,SELL,LIMIT,1701933584305,12.5,98.02001
ILVUSDT,BUY,LIMIT,1701934181959,2.8,101.63720
ILVUSDT,SELL,LIMIT,1701937340424,3.1,97.59552
ILVUSDT,SELL,LIMIT,1701937351240,1.2,97.52966
ILVUSDT,SELL,LIMIT,1701937353207,1.1,97.41805
ILVUSDT,SELL,LIMIT,1701937394863,6.0,97.29773
ILVUSDT,SELL,LIMIT,1701939282025,5.0,97.13810
ILVUSDT,SELL,LIMIT,1701940563709,0.2,95.68713
ILVUSDT,SELL,LIMIT,1701940664831,0.1,95.46804
ILVUSDT,SELL,LIMIT,1701940674191,39.4,95.41727
ILVUSDT,SELL,LIMIT,1701940676072,4.9,95.34915
ILVUSDT,SELL,LIMIT,1701941069285,0.6,95.17132
ILVUSDT,SELL,LIMIT,1701941071933,22.8,95.15044
ILVUSDT,SELL,LIMIT,1701941074357,2.1,95.10360
ILVUSDT,SELL,LIMIT,1701941164247,15.2,94.90713
ILVUSDT,SELL,LIMIT,1701941169738,0.7,94.89744
ILVUSDT,SELL,LIMIT,1701941174124,0.3,94.88776
ILVUSDT,SELL,LIMIT,1701941176063,1.2,94.91392
ILVUSDT,SELL,LIMIT,1701941184379,2.0,94.79460
ILVUSDT,SELL,LIMIT,1701941186721,0.2,94.78853
ILVUSDT,SELL,LIMIT,1701941189915,9.4,94.71553
ILVUSDT,SELL,LIMIT,1701941191009,0.1,94.72179
ILVUSDT,SELL,LIMIT,1701941194450,3.2,94.60404
ILVUSDT,SELL,LIMIT,1701941234104,4.8,94.58724
ILVUSDT,SELL,LIMIT,1701941238753,0.7,94.47706
ILVUSDT,SELL,LIMIT,1701941247114,3.3,94.36943
ILVUSDT,SELL,LIMIT,1701941249341,2.3,94.98276
ILVUSDT,BUY,LIMIT,1701941567421,0.2,98.55210
ILVUSDT,BUY,LIMIT,1701942201368,0.3,99.36827
ILVUSDT,SELL,LIMIT,1701944365235,8.2,96.08923
ILVUSDT,SELL,LIMIT,1701948787381,2.7,96.98099
ILVUSDT,BUY,LIMIT,1701950069148,5.7,100.09337
ILVUSDT,BUY,LIMIT,1701950122786,1.8,100.11329
ILVUSDT,SELL,LIMIT,1701951115637,0.2,97.75385
ILVUSDT,BUY,LIMIT,1701951261632,0.8,100.65965
ILVUSDT,BUY,LIMIT,1701951263146,0.5,100.69948
ILVUSDT,BUY,LIMIT,1701951315857,0.7,101.01455
ILVUSDT,BUY,LIMIT,1701951334107,51.5,101.37776
ILVUSDT,BUY,LIMIT,1701951337174,20.4,101.35974
ILVUSDT,SELL,LIMIT,1701951660374,14.9,97.39201
ILVUSDT,BUY,LIMIT,1701953186168,5.0,100.69482
ILVUSDT,BUY,LIMIT,1701953976591,0.1,100.84114
ILVUSDT,SELL,LIMIT,1701956614118,3.8,96.84772
ILVUSDT,BUY,LIMIT,1701959502332,0.1,100.96205
ILVUSDT,SELL,LIMIT,1701960137611,1.5,97.44605
ILVUSDT,BUY,LIMIT,1701961106339,0.1,101.01523
ILVUSDT,BUY,LIMIT,1701961780637,1.4,102.50667
ILVUSDT,BUY,LIMIT,1701961802099,17.6,102.74125
ILVUSDT,BUY,LIMIT,1701962668974,4.8,102.93297
ILVUSDT,BUY,LIMIT,1701962686690,0.1,103.25235
ILVUSDT,SELL,LIMIT,1701962979045,0.2,99.79869
ILVUSDT,BUY,LIMIT,1701963101128,1.1,103.51712
ILVUSDT,BUY,LIMIT,1701963816483,0.3,103.71310
ILVUSDT,BUY,LIMIT,1701965008055,41.0,103.33296
ILVUSDT,BUY,LIMIT,1701966207473,4.4,104.54325
ILVUSDT,BUY,LIMIT,1701966348157,0.2,104.60814
ILVUSDT,BUY,LIMIT,1701966842966,1.0,104.66441
ILVUSDT,SELL,LIMIT,1701970936277,0.1,100.46675
ILVUSDT,SELL,LIMIT,1701971010673,0.3,100.58110
ILVUSDT,BUY,LIMIT,1701972012699,18.0,104.09008
ILVUSDT,BUY,LIMIT,1701979377932,49.2,103.42823
ILVUSDT,BUY,LIMIT,1701988308020,3.8,105.60737
ILVUSDT,SELL,LIMIT,1701988459916,1.4,102.93598
ILVUSDT,BUY,LIMIT,1701994803052,2.4,104.30797
ILVUSDT,BUY,LIMIT,1702005734158,1.1,106.06719
ILVUSDT,SELL,LIMIT,1702006335103,1.2,103.04221
ILVUSDT,BUY,LIMIT,1702008352292,3.7,106.39302
ILVUSDT,SELL,LIMIT,1702013676626,0.4,102.87407
ILVUSDT,SELL,LIMIT,1702017325463,0.1,102.29849
ILVUSDT,SELL,LIMIT,1702020502005,0.5,101.88841
ILVUSDT,SELL,LIMIT,1702020664029,6.0,101.24247
ILVUSDT,SELL,LIMIT,1702029059987,1.1,102.36896
ILVUSDT,BUY,LIMIT,1702035371431,18.6,106.94040
ILVUSDT,SELL,LIMIT,1702040261450,0.9,102.52893
ILVUSDT,SELL,LIMIT,1702040472061,1.8,102.43233
ILVUSDT,SELL,LIMIT,1702042237077,2.6,101.72901
ILVUSDT,BUY,LIMIT,1702046064400,0.9,105.26375
ILVUSDT,BUY,LIMIT,1702047699502,0.3,105.83587
ILVUSDT,BUY,LIMIT,1702048347691,1.7,106.11968
ILVUSDT,SELL,LIMIT,1702055008188,12.3,102.57791
ILVUSDT,SELL,LIMIT,1702056305857,47.7,101.53261
ILVUSDT,SELL,LIMIT,1702071209323,0.8,101.95061
ILVUSDT,SELL,LIMIT,1702075497360,1.6,101.24715
ILVUSDT,SELL,LIMIT,1702076299146,47.9,101.07132
ILVUSDT,SELL,LIMIT,1702079930200,16.2,101.03542
ILVUSDT,BUY,LIMIT,1702097549692,9.0,106.87784
ILVUSDT,BUY,LIMIT,1702101205732,16.9,107.41509
ILVUSDT,BUY,LIMIT,1702101663551,50.0,107.83894
ILVUSDT,BUY,LIMIT,1702101793944,1.9,108.30757
ILVUSDT,BUY,LIMIT,1702101823978,22.7,108.45876
ILVUSDT,BUY,LIMIT,1702103734771,8.1,108.86257
ILVUSDT,BUY,LIMIT,1702104581365,0.1,109.33107
ILVUSDT,BUY,LIMIT,1702105849786,21.1,109.03259
ILVUSDT,BUY,LIMIT,1702108474605,3.3,111.09175
ILVUSDT,BUY,LIMIT,1702108583457,1.3,111.63525
ILVUSDT,SELL,LIMIT,1702109979972,0.1,110.73568
ILVUSDT,BUY,LIMIT,1702109995367,2.0,112.78638
ILVUSDT,SELL,LIMIT,1702110659806,2.0,108.68458
ILVUSDT,SELL,LIMIT,1702110965006,0.1,107.78216
ILVUSDT,SELL,LIMIT,1702111348891,0.4,106.02950
ILVUSDT,SELL,LIMIT,1702111354764,0.1,105.68906
ILVUSDT,SELL,LIMIT,1702111379622,0.1,105.84429
ILVUSDT,SELL,LIMIT,1702111398693,28.7,105.15399
ILVUSDT,SELL,LIMIT,1702112888238,1.8,105.53751
ILVUSDT,BUY,LIMIT,1702113746346,0.6,110.61427
ILVUSDT,SELL,LIMIT,1702117065398,2.6,107.18585
ILVUSDT,SELL,LIMIT,1702120447538,3.6,108.24459
ILVUSDT,SELL,LIMIT,1702120592787,20.0,106.83877
ILVUSDT,SELL,LIMIT,1702120817296,3.7,106.45246
ILVUSDT,BUY,LIMIT,1702123787568,25.6,111.37745
ILVUSDT,SELL,LIMIT,1702125409072,12.4,106.90633
ILVUSDT,SELL,LIMIT,1702125506161,0.1,108.01919
ILVUSDT,SELL,LIMIT,1702139148649,10.6,106.41477
ILVUSDT,SELL,LIMIT,1702139163182,1.8,106.52361
ILVUSDT,SELL,LIMIT,1702141849067,9.5,106.36205
ILVUSDT,SELL,LIMIT,1702144704436,13.3,106.08480
ILVUSDT,BUY,LIMIT,1702148029406,0.1,111.87802
ILVUSDT,BUY,LIMIT,1702149931312,0.6,112.39498
ILVUSDT,SELL,LIMIT,1702153694414,1.9,107.69868
ILVUSDT,SELL,LIMIT,1702156346615,0.6,106.67566
ILVUSDT,SELL,LIMIT,1702164744274,6.4,106.77319
ILVUSDT,SELL,LIMIT,1702164801730,1.9,106.21066
ILVUSDT,SELL,LIMIT,1702164804414,50.6,106.05416
ILVUSDT,SELL,LIMIT,1702164808038,31.8,106.14389
ILVUSDT,SELL,LIMIT,1702164810516,2.8,106.19015
ILVUSDT,SELL,LIMIT,1702164817012,6.3,106.38858
ILVUSDT,BUY,LIMIT,1702166498122,0.3,110.06296
ILVUSDT,BUY,LIMIT,1702173469002,1.9,114.19434
ILVUSDT,BUY,LIMIT,1702173501332,1.6,114.44953
ILVUSDT,BUY,LIMIT,1702173609164,0.8,115.22264
ILVUSDT,BUY,LIMIT,1702173623196,0.5,115.72457
ILVUSDT,BUY,LIMIT,1702173624239,23.4,115.67120
ILVUSDT,BUY,LIMIT,1702173667904,0.1,115.74540
ILVUSDT,BUY,LIMIT,1702173879564,1.3,116.08749
ILVUSDT,BUY,LIMIT,1702173883554,39.7,116.18080
ILVUSDT,BUY,LIMIT,1702174185300,0.5,116.03873
ILVUSDT,SELL,LIMIT,1702174717190,0.4,112.56562
ILVUSDT,BUY,LIMIT,1702174991510,18.3,116.77256
ILVUSDT,BUY,LIMIT,1702175093353,10.0,117.55687
ILVUSDT,SELL,LIMIT,1702175201083,1.5,113.46935
ILVUSDT,BUY,LIMIT,1702176047363,7.5,116.58036
ILVUSDT,BUY,LIMIT,1702176311503,0.8,117.36390
ILVUSDT,SELL,LIMIT,1702176577783,1.4,113.72542
ILVUSDT,SELL,LIMIT,1702176590570,0.8,113.51249
ILVUSDT,BUY,LIMIT,1702177028447,0.1,117.08705
ILVUSDT,SELL,LIMIT,1702177242930,0.3,113.30985
ILVUSDT,SELL,LIMIT,1702177245656,1.7,113.17297
ILVUSDT,SELL,LIMIT,1702177291181,0.2,112.84360
ILVUSDT,SELL,LIMIT,1702177547208,2.6,112.68308
ILVUSDT,SELL,LIMIT,1702177633493,2.2,112.44804
ILVUSDT,SELL,LIMIT,1702177637093,0.3,112.29206
ILVUSDT,SELL,LIMIT,1702177638263,0.2,112.16313
ILVUSDT,SELL,LIMIT,1702178163818,0.1,111.97495
ILVUSDT,SELL,LIMIT,1702178232444,0.1,111.77018
ILVUSDT,SELL,LIMIT,1702178798264,7.9,111.46644
ILVUSDT,SELL,LIMIT,1702179461755,2.9,111.38079
ILVUSDT,SELL,LIMIT,1702179684845,0.9,110.94817
ILVUSDT,SELL,LIMIT,1702180233997,3.3,110.46310
ILVUSDT,SELL,LIMIT,1702180236644,19.1,110.45707
ILVUSDT,SELL,LIMIT,1702181117633,11.6,110.35971
ILVUSDT,SELL,LIMIT,1702181121191,4.2,110.24010
ILVUSDT,BUY,LIMIT,1702183207466,0.4,114.95298
ILVUSDT,SELL,LIMIT,1702186384063,0.3,110.94581
ILVUSDT,SELL,LIMIT,1702191966119,7.0,110.44468
ILVUSDT,SELL,LIMIT,1702192815478,6.2,110.02370
ILVUSDT,SELL,LIMIT,1702192859815,0.8,109.94571
ILVUSDT,SELL,LIMIT,1702193845654,2.4,109.86716
ILVUSDT,SELL,LIMIT,1702193848989,0.5,109.93855
ILVUSDT,SELL,LIMIT,1702196559521,44.0,109.70914
ILVUSDT,SELL,LIMIT,1702196569539,8.9,109.65937
ILVUSDT,SELL,LIMIT,1702196584507,15.9,109.25145
ILVUSDT,SELL,LIMIT,1702196607398,5.3,109.06571
ILVUSDT,SELL,LIMIT,1702196619288,0.4,108.77431
ILVUSDT,SELL,LIMIT,1702196628282,7.6,108.57940
ILVUSDT,SELL,LIMIT,1702196633780,7.5,108.47065
ILVUSDT,SELL,LIMIT,1702196640168,4.7,108.39912
ILVUSDT,SELL,LIMIT,1702196643133,5.9,108.10467
ILVUSDT,SELL,LIMIT,1702196644807,2.3,108.05151
ILVUSDT,SELL,LIMIT,1702196656118,2.6,107.87043
ILVUSDT,SELL,LIMIT,1702196674573,4.1,107.62377
ILVUSDT,SELL,LIMIT,1702196969058,13.0,107.11950
ILVUSDT,SELL,LIMIT,1702197050889,2.9,106.97101
ILVUSDT,SELL,LIMIT,1702197053062,2.4,106.85149
ILVUSDT,SELL,LIMIT,1702197440086,1.9,106.71499
ILVUSDT,SELL,LIMIT,1702197855479,3.3,106.61641
ILVUSDT,SELL,LIMIT,1702198323482,3.2,106.26552
ILVUSDT,SELL,LIMIT,1702199653529,8.6,106.08312
ILVUSDT,SELL,LIMIT,1702200730403,0.5,105.78508
ILVUSDT,SELL,LIMIT,1702200888886,0.1,105.48761
ILVUSDT,SELL,LIMIT,1702200893426,3.4,105.45460
ILVUSDT,SELL,LIMIT,1702200915238,9.3,105.18917
ILVUSDT,SELL,LIMIT,1702200916355,8.3,104.88126
ILVUSDT,SELL,LIMIT,1702200918067,8.6,104.77932
ILVUSDT,SELL,LIMIT,1702200927341,0.3,104.71954
ILVUSDT,SELL,LIMIT,1702200929142,0.2,104.53350
ILVUSDT,SELL,LIMIT,1702201473342,2.6,104.84334
ILVUSDT,SELL,LIMIT,1702202075506,34.6,104.56851
ILVUSDT,SELL,LIMIT,1702202171318,12.8,104.40188
ILVUSDT,SELL,LIMIT,1702202192611,42.4,104.27494
ILVUSDT,SELL,LIMIT,1702202196959,0.9,104.24209
ILVUSDT,SELL,LIMIT,1702202234272,36.0,104.17542
ILVUSDT,SELL,LIMIT,1702202258790,0.2,104.17881
ILVUSDT,SELL,LIMIT,1702202300285,9.0,104.09730
ILVUSDT,SELL,LIMIT,1702202322560,10.4,104.05204
ILVUSDT,SELL,LIMIT,1702202325768,0.1,103.94792
ILVUSDT,SELL,LIMIT,1702202366082,7.1,103.92889
ILVUSDT,SELL,LIMIT,1702202372217,16.4,103.91941
ILVUSDT,SELL,LIMIT,1702202380360,181.1,103.06773
ILVUSDT,SELL,LIMIT,1702202391947,1.9,103.62334
ILVUSDT,BUY,LIMIT,1702209980605,5.6,108.68306
ILVUSDT,BUY,LIMIT,1702221720256,0.1,110.01470
ILVUSDT,SELL,LIMIT,1702227945030,2.5,105.68989
ILVUSDT,SELL,LIMIT,1702230211117,0.9,105.40259
ILVUSDT,BUY,LIMIT,1702240763378,1.4,110.82844
ILVUSDT,BUY,LIMIT,1702241350500,5.0,110.89922
ILVUSDT,SELL,LIMIT,1702256066124,44.4,105.93240
ILVUSDT,SELL,LIMIT,1702256481669,3.4,105.33839
ILVUSDT,SELL,LIMIT,1702256489232,0.3,105.32350
ILVUSDT,SELL,LIMIT,1702256496050,0.1,105.27148
ILVUSDT,SELL,LIMIT,1702256719381,27.7,104.71685
ILVUSDT,SELL,LIMIT,1702256907145,46.4,104.51326
ILVUSDT,SELL,LIMIT,1702256917360,5.1,104.24818
ILVUSDT,SELL,LIMIT,1702256919533,17.8,104.19376
ILVUSDT,SELL,LIMIT,1702257007674,17.4,104.09055
ILVUSDT,SELL,LIMIT,1702260416386,12.7,103.84521
ILVUSDT,SELL,LIMIT,1702260429316,2.8,103.60216
ILVUSDT,SELL,LIMIT,1702260430988,35.9,103.55222
ILVUSDT,SELL,LIMIT,1702260434520,0.9,103.04657
ILVUSDT,SELL,LIMIT,1702260437160,1.2,102.62683
ILVUSDT,SELL,LIMIT,1702260438261,0.1,102.53176
ILVUSDT,SELL,LIMIT,1702260439277,12.0,102.43468
ILVUSDT,SELL,LIMIT,1702260440288,21.1,102.30885
ILVUSDT,SELL,LIMIT,1702260629330,10.9,102.59839
ILVUSDT,SELL,LIMIT,1702260630741,3.3,102.60638
ILVUSDT,SELL,LIMIT,1702260637969,1.7,102.39724
ILVUSDT,SELL,LIMIT,1702260657568,7.2,102.03381
ILVUSDT,SELL,LIMIT,1702260693729,3.9,101.93207
ILVUSDT,SELL,LIMIT,1702260695138,7.8,101.91497
ILVUSDT,SELL,LIMIT,1702260701127,24.1,101.85812
ILVUSDT,SELL,LIMIT,1702260708207,18.0,101.79567
ILVUSDT,SELL,LIMIT,1702260710241,1.0,101.77210
ILVUSDT,SELL,LIMIT,1702260711679,33.2,101.73283
ILVUSDT,SELL,LIMIT,1702260714228,9.2,101.64540
ILVUSDT,SELL,LIMIT,1702260715492,7.3,101.68662
ILVUSDT,SELL,LIMIT,1702260718187,0.4,101.43891
ILVUSDT,SELL,LIMIT,1702260719247,48.3,101.43630
ILVUSDT,SELL,LIMIT,1702260720303,0.2,101.37994
ILVUSDT,SELL,LIMIT,1702260721919,0.9,101.12357
ILVUSDT,SELL,LIMIT,1702260723599,7.5,101.15081
ILVUSDT,SELL,LIMIT,1702260724898,48.7,101.09305
ILVUSDT,SELL,LIMIT,1702260727461,0.5,101.06578
ILVUSDT,SELL,LIMIT,1702260728669,16.5,99.29370
ILVUSDT,SELL,LIMIT,1702260730092,15.4,100.66138
ILVUSDT,SELL,LIMIT,1702260731465,1.0,100.44561
ILVUSDT,SELL,LIMIT,1702260733586,9.3,99.49799
ILVUSDT,SELL,LIMIT,1702260734640,1.7,99.68247
ILVUSDT,SELL,LIMIT,1702260737178,1.8,99.47100
ILVUSDT,SELL,LIMIT,1702260738315,200.0,98.70669
ILVUSDT,SELL,LIMIT,1702260739724,2.2,99.96967
ILVUSDT,SELL,LIMIT,1702260741655,91.9,98.75926
ILVUSDT,SELL,LIMIT,1702260742738,41.0,99.26553
ILVUSDT,SELL,LIMIT,1702260744023,0.4,99.38597
ILVUSDT,SELL,LIMIT,1702260745866,14.3,99.24260
ILVUSDT,SELL,LIMIT,1702260747322,20.7,99.21777
ILVUSDT,SELL,LIMIT,1702260751466,6.9,99.13127
ILVUSDT,SELL,LIMIT,1702260752822,0.7,99.00954
ILVUSDT,SELL,LIMIT,1702260754567,10.8,98.85423
ILVUSDT,SELL,LIMIT,1702260755929,3.1,98.90883
ILVUSDT,SELL,LIMIT,1702260757052,2.1,98.91564
ILVUSDT,SELL,LIMIT,1702260758459,2.3,98.62412
ILVUSDT,SELL,LIMIT,1702260759659,1.7,98.69635
ILVUSDT,SELL,LIMIT,1702260760668,13.3,98.22668
ILVUSDT,SELL,LIMIT,1702260761789,0.3,98.48496
ILVUSDT,SELL,LIMIT,1702260762958,12.5,97.80480
ILVUSDT,SELL,LIMIT,1702260764233,3.7,97.97833
ILVUSDT,SELL,LIMIT,1702260765542,20.8,98.29826
ILVUSDT,SELL,LIMIT,1702260766604,10.0,98.29826
ILVUSDT,SELL,LIMIT,1702260767801,9.5,97.44356
ILVUSDT,SELL,LIMIT,1702260768832,13.9,97.45143
ILVUSDT,SELL,LIMIT,1702260770544,40.0,97.41262
ILVUSDT,SELL,LIMIT,1702260771698,8.5,97.19973
ILVUSDT,SELL,LIMIT,1702260772863,1.0,97.20055
ILVUSDT,BUY,LIMIT,1702260774376,0.4,98.96462
ILVUSDT,SELL,LIMIT,1702260775498,200.0,96.04677
ILVUSDT,SELL,LIMIT,1702260776525,6.5,96.79140
ILVUSDT,SELL,LIMIT,1702260777983,90.2,96.11233
ILVUSDT,SELL,LIMIT,1702260780268,22.0,96.40624
ILVUSDT,SELL,LIMIT,1702260781429,0.8,96.48625
ILVUSDT,SELL,LIMIT,1702260782553,4.7,96.25018
ILVUSDT,SELL,LIMIT,1702260783762,12.0,96.42934
ILVUSDT,SELL,LIMIT,1702260785234,1.8,96.30086
ILVUSDT,SELL,LIMIT,1702260787823,223.5,95.35498
ILVUSDT,SELL,LIMIT,1702260788910,6.9,95.93471
ILVUSDT,SELL,LIMIT,1702260790393,1.8,95.28211
ILVUSDT,SELL,LIMIT,1702260791444,21.3,94.96431
ILVUSDT,SELL,LIMIT,1702260792483,3.8,94.78223
ILVUSDT,SELL,LIMIT,1702260793562,1.0,94.68849
ILVUSDT,SELL,LIMIT,1702260794646,3.6,94.63533
ILVUSDT,SELL,LIMIT,1702260797565,3.7,93.10632
ILVUSDT,SELL,LIMIT,1702260799321,9.8,94.42757
ILVUSDT,SELL,LIMIT,1702260800350,0.2,94.33178
ILVUSDT,SELL,LIMIT,1702260801360,12.4,94.44542
ILVUSDT,SELL,LIMIT,1702260804471,1.5,94.37774
ILVUSDT,SELL,LIMIT,1702260806088,59.5,94.17822
ILVUSDT,SELL,LIMIT,1702260807209,2.0,94.47363
ILVUSDT,SELL,LIMIT,1702260808322,0.9,94.28067
ILVUSDT,SELL,LIMIT,1702260809542,1.2,94.23135
ILVUSDT,SELL,LIMIT,1702260810554,1.0,94.42885
ILVUSDT,SELL,LIMIT,1702260811832,1.5,94.15009
ILVUSDT,SELL,LIMIT,1702260814259,19.4,94.20168
ILVUSDT,SELL,LIMIT,1702260818210,105.0,93.49193
ILVUSDT,SELL,LIMIT,1702260819422,10.0,93.91994
ILVUSDT,SELL,LIMIT,1702260821092,2.8,93.66623
ILVUSDT,SELL,LIMIT,1702260822260,1.1,93.72991
ILVUSDT,SELL,LIMIT,1702260823382,1.7,93.80098
ILVUSDT,SELL,LIMIT,1702260824543,0.7,93.48873
ILVUSDT,SELL,LIMIT,1702260826185,8.7,93.31802
ILVUSDT,SELL,LIMIT,1702260827353,1.6,93.36226
ILVUSDT,SELL,LIMIT,1702260828792,1.8,93.20573
ILVUSDT,SELL,LIMIT,1702260829994,3.2,92.92678
ILVUSDT,SELL,LIMIT,1702260831107,21.3,92.70881
ILVUSDT,SELL,LIMIT,1702260833750,6.1,92.75949
ILVUSDT,SELL,LIMIT,1702260835346,0.7,92.61328
ILVUSDT,BUY,LIMIT,1702260840393,0.5,95.61582
ILVUSDT,SELL,LIMIT,1702260977224,25.6,95.60903
ILVUSDT,SELL,LIMIT,1702260979594,13.4,95.41569
ILVUSDT,SELL,LIMIT,1702260984156,15.4,95.18056
ILVUSDT,BUY,LIMIT,1702261158119,0.1,98.93635
ILVUSDT,SELL,LIMIT,1702261976293,0.9,97.36181
ILVUSDT,SELL,LIMIT,1702262510185,15.1,97.35742
ILVUSDT,SELL,LIMIT,1702262613522,50.6,96.94575
ILVUSDT,SELL,LIMIT,1702262845112,0.4,96.54789
ILVUSDT,SELL,LIMIT,1702263389168,15.2,97.32324
ILVUSDT,BUY,LIMIT,1702264480851,7.7,102.75724
ILVUSDT,BUY,LIMIT,1702265822254,49.6,103.58250
ILVUSDT,SELL,LIMIT,1702266581780,0.4,100.19009
ILVUSDT,SELL,LIMIT,1702267092716,2.9,99.60647
ILVUSDT,SELL,LIMIT,1702267205481,14.7,99.58214
