Symbol,Side,Order Type,Time,Quantity,Price
ILVUSDT,SELL,LIMIT,1701065029830,40.3,116.73842
ILVUSDT,BUY,LIMIT,1701066753247,4.6,122.21841
ILVUSDT,BUY,LIMIT,1701067748377,4.5,121.07061
ILVUSDT,SELL,LIMIT,1701067992112,3.2,117.12406
ILVUSDT,BUY,LIMIT,1701068996709,1.6,112.55292
ILVUSDT,SELL,LIMIT,1701069633253,0.5,116.71381
ILVUSDT,SELL,LIMIT,1701069828162,0.1,116.19653
ILVUSDT,SELL,LIMIT,1701069854538,1.0,115.85690
ILVUSDT,SELL,LIMIT,1701070422256,1.7,115.44777
ILVUSDT,SELL,LIMIT,1701070439121,5.7,114.92755
ILVUSDT,SELL,LIMIT,1701070441337,2.4,114.87839
ILVUSDT,SELL,LIMIT,1701070442597,0.4,114.87951
ILVUSDT,SELL,LIMIT,1701070924813,30.2,116.00752
ILVUSDT,BUY,LIMIT,1701074121298,1.0,120.41596
ILVUSDT,BUY,LIMIT,1701074632245,7.7,121.17738
ILVUSDT,BUY,LIMIT,1701074663236,1.9,121.52534
ILVUSDT,BUY,LIMIT,1701076636443,0.1,122.00883
ILVUSDT,SELL,LIMIT,1701077630636,0.6,116.79947
ILVUSDT,BUY,LIMIT,1701078491116,0.1,121.49381
ILVUSDT,SELL,LIMIT,1701081256084,2.1,116.51566
ILVUSDT,SELL,LIMIT,1701081470097,1.3,116.18401
ILVUSDT,SELL,LIMIT,1701081493885,45.4,115.86719
ILVUSDT,SELL,LIMIT,1701082123662,0.1,115.67366
ILVUSDT,SELL,LIMIT,1701082127183,0.1,115.62407
ILVUSDT,SELL,LIMIT,1701082145161,2.6,115.59152
ILVUSDT,SELL,LIMIT,1701082653041,0.5,115.23401
ILVUSDT,SELL,LIMIT,1701082657492,1.0,115.19876
ILVUSDT,BUY,LIMIT,1701082899988,41.5,119.39759
ILVUSDT,SELL,LIMIT,1701083162070,2.0,115.49310
ILVUSDT,SELL,LIMIT,1701083768279,1.0,114.72803
ILVUSDT,SELL,LIMIT,1701083960060,1.4,114.56750
ILVUSDT,SELL,LIMIT,1701083973588,1.0,114.32281
ILVUSDT,SELL,LIMIT,1701084779261,13.7,114.37444
ILVUSDT,SELL,LIMIT,1701084830145,0.6,114.02872
ILVUSDT,SELL,LIMIT,1701084831215,10.2,113.80474
ILVUSDT,SELL,LIMIT,1701084833706,1.0,113.75520
ILVUSDT,SELL,LIMIT,1701084835630,1.6,113.61177
ILVUSDT,SELL,LIMIT,1701084837250,7.2,113.56152
ILVUSDT,SELL,LIMIT,1701084838328,0.5,113.31684
ILVUSDT,SELL,LIMIT,1701084840797,1.0,113.21393
ILVUSDT,SELL,LIMIT,1701084843949,0.1,113.18325
ILVUSDT,SELL,LIMIT,1701084848157,7.3,113.04085
ILVUSDT,SELL,LIMIT,1701084850754,16.7,112.90107
ILVUSDT,SELL,LIMIT,1701084931599,1.1,112.64928
ILVUSDT,BUY,LIMIT,1701085620286,2.7,117.55797
ILVUSDT,BUY,LIMIT,1701087124652,12.9,117.26820
ILVUSDT,SELL,LIMIT,1701088559435,26.2,113.35666
ILVUSDT,SELL,LIMIT,1701088561054,41.1,112.99636
ILVUSDT,SELL,LIMIT,1701088760465,1.5,112.68258
ILVUSDT,SELL,LIMIT,1701090576967,1.2,112.80526
ILVUSDT,SELL,LIMIT,1701090615604,7.1,112.53955
ILVUSDT,SELL,LIMIT,1701090974048,8.6,112.30157
ILVUSDT,SELL,LIMIT,1701090977267,1.6,112.17655
ILVUSDT,SELL,LIMIT,1701090978344,8.8,112.13416
ILVUSDT,BUY,LIMIT,1701093279526,0.2,117.56009
ILVUSDT,BUY,LIMIT,1701093724219,3.8,118.15107
ILVUSDT,SELL,LIMIT,1701094188012,0.2,114.29980
ILVUSDT,SELL,LIMIT,1701094284576,6.3,113.93159
ILVUSDT,SELL,LIMIT,1701095305804,0.8,112.01737
ILVUSDT,SELL,LIMIT,1701095355368,4.2,111.84676
ILVUSDT,SELL,LIMIT,1701095552135,16.9,111.81040
ILVUSDT,SELL,LIMIT,1701095560605,0.3,111.76808
ILVUSDT,SELL,LIMIT,1701095597778,0.1,111.63006
ILVUSDT,SELL,LIMIT,1701095599358,0.6,111.55649
ILVUSDT,SELL,LIMIT,1701095601735,1.5,111.45245
ILVUSDT,SELL,LIMIT,1701095605461,31.6,111.30316
ILVUSDT,SELL,LIMIT,1701095610952,8.9,110.95372
ILVUSDT,SELL,LIMIT,1701096675534,6.2,111.67700
ILVUSDT,SELL,LIMIT,1701096802920,0.8,111.18976
ILVUSDT,SELL,LIMIT,1701096939204,5.7,110.96438
ILVUSDT,SELL,LIMIT,1701097048858,18.2,110.74309
ILVUSDT,BUY,LIMIT,1701097602286,3.7,116.39556
ILVUSDT,BUY,LIMIT,1701098518704,0.1,117.46782
ILVUSDT,SELL,LIMIT,1701098748554,2.2,113.25949
ILVUSDT,SELL,LIMIT,1701099968064,18.7,111.73112
ILVUSDT,SELL,LIMIT,1701100641129,4.5,111.12162
ILVUSDT,SELL,LIMIT,1701100643525,0.3,110.76389
ILVUSDT,SELL,LIMIT,1701101329145,2.0,110.58437
ILVUSDT,BUY,LIMIT,1701101989555,31.7,114.45504
ILVUSDT,SELL,LIMIT,1701102135635,30.5,110.39674
ILVUSDT,BUY,LIMIT,1701102661348,21.7,115.03318
ILVUSDT,BUY,LIMIT,1701103560504,25.7,115.79528
ILVUSDT,SELL,LIMIT,1701111184011,0.2,112.48990
ILVUSDT,SELL,LIMIT,1701111984808,0.3,111.75941
ILVUSDT,SELL,LIMIT,1701112082444,3.1,111.58059
ILVUSDT,SELL,LIMIT,1701112123039,1.0,111.32023
ILVUSDT,BUY,LIMIT,1701112428189,1.8,115.23740
ILVUSDT,SELL,LIMIT,1701114124610,32.2,110.60427
ILVUSDT,SELL,LIMIT,1701114275225,4.0,110.43702
ILVUSDT,SELL,LIMIT,1701114368763,0.1,110.46776
ILVUSDT,BUY,LIMIT,1701114456078,43.2,113.83632
ILVUSDT,SELL,LIMIT,1701116867343,0.3,110.59620
ILVUSDT,SELL,LIMIT,1701117701606,4.4,110.25127
ILVUSDT,SELL,LIMIT,1701117761226,3.3,110.18605
ILVUSDT,SELL,LIMIT,1701117770139,1.0,109.98467
ILVUSDT,SELL,LIMIT,1701117772787,27.5,109.76645
ILVUSDT,SELL,LIMIT,1701117784637,30.4,109.61923
ILVUSDT,SELL,LIMIT,1701117860136,9.8,109.43618
ILVUSDT,SELL,LIMIT,1701117966192,4.9,109.33340
ILVUSDT,SELL,LIMIT,1701117967354,3.1,109.32961
ILVUSDT,BUY,LIMIT,1701118312998,1.2,113.23349
ILVUSDT,BUY,LIMIT,1701119416855,1.1,114.16609
ILVUSDT,BUY,LIMIT,1701119533205,9.2,114.76566
ILVUSDT,SELL,LIMIT,1701130420764,31.5,111.86899
ILVUSDT,BUY,LIMIT,1701131074420,0.3,116.34633
ILVUSDT,BUY,LIMIT,1701131100035,8.5,116.26320
ILVUSDT,BUY,LIMIT,1701132379386,19.0,117.01036
ILVUSDT,SELL,LIMIT,1701146660300,1.0,110.88522
ILVUSDT,SELL,LIMIT,1701147891408,0.2,110.01726
ILVUSDT,SELL,LIMIT,1701147894326,21.7,109.97370
ILVUSDT,SELL,LIMIT,1701147900120,1.5,109.71194
ILVUSDT,SELL,LIMIT,1701147918179,5.0,109.59943
ILVUSDT,SELL,LIMIT,1701148202261,8.8,109.11044
ILVUSDT,SELL,LIMIT,1701148205460,0.6,109.00161
ILVUSDT,SELL,LIMIT,1701148221160,20.0,108.98341
ILVUSDT,SELL,LIMIT,1701148229212,6.9,108.89095
ILVUSDT,SELL,LIMIT,1701148238099,0.2,108.62009
ILVUSDT,SELL,LIMIT,1701148885940,1.0,109.45416
ILVUSDT,SELL,LIMIT,1701149641885,31.0,108.56791
ILVUSDT,SELL,LIMIT,1701149674418,0.2,108.53727
ILVUSDT,SELL,LIMIT,1701149689473,18.3,108.55686
ILVUSDT,SELL,LIMIT,1701149772112,2.0,108.46802
ILVUSDT,SELL,LIMIT,1701149785549,0.1,108.31349
ILVUSDT,SELL,LIMIT,1701149809429,1.6,108.21616
ILVUSDT,SELL,LIMIT,1701149813416,2.5,108.16108
ILVUSDT,SELL,LIMIT,1701149816005,18.0,108.12334
ILVUSDT,SELL,LIMIT,1701149853161,1.5,108.11095
ILVUSDT,SELL,LIMIT,1701149854249,0.2,108.11034
ILVUSDT,BUY,LIMIT,1701149971092,0.9,111.96743
ILVUSDT,SELL,LIMIT,1701150535226,17.5,108.03045
ILVUSDT,SELL,LIMIT,1701150712393,12.0,107.84437
ILVUSDT,SELL,LIMIT,1701150724226,2.7,107.75409
ILVUSDT,SELL,LIMIT,1701150725306,3.7,107.64428
ILVUSDT,SELL,LIMIT,1701150732041,2.1,107.57625
ILVUSDT,SELL,LIMIT,1701150914105,53.0,107.27690
ILVUSDT,SELL,LIMIT,1701150923179,2.0,107.41793
ILVUSDT,SELL,LIMIT,1701150925356,1.4,107.18139
ILVUSDT,SELL,LIMIT,1701151012250,4.8,107.13629
ILVUSDT,SELL,LIMIT,1701151038183,6.0,107.10692
ILVUSDT,SELL,LIMIT,1701151040183,2.1,107.07317
ILVUSDT,SELL,LIMIT,1701151043896,56.2,106.87961
ILVUSDT,SELL,LIMIT,1701151045830,2.3,107.04761
ILVUSDT,SELL,LIMIT,1701151047340,4.8,107.01430
ILVUSDT,SELL,LIMIT,1701151050928,13.4,106.98792
ILVUSDT,SELL,LIMIT,1701151057829,0.2,106.94696
ILVUSDT,SELL,LIMIT,1701151153483,0.6,106.75746
ILVUSDT,SELL,LIMIT,1701151179834,0.1,106.75213
ILVUSDT,SELL,LIMIT,1701151190040,10.6,106.72277
ILVUSDT,SELL,LIMIT,1701151263535,0.8,106.58455
ILVUSDT,SELL,LIMIT,1701151282050,1.2,106.35406
ILVUSDT,SELL,LIMIT,1701151292292,0.7,106.32124
ILVUSDT,SELL,LIMIT,1701151606085,11.3,106.21207
ILVUSDT,SELL,LIMIT,1701151609424,1.5,106.15304
ILVUSDT,BUY,LIMIT,1701153022417,42.4,109.90702
ILVUSDT,SELL,LIMIT,1701153629249,1.0,106.41089
ILVUSDT,SELL,LIMIT,1701153964584,1.6,106.08275
ILVUSDT,SELL,LIMIT,1701155642145,3.3,106.54540
ILVUSDT,SELL,LIMIT,1701156141355,2.6,105.72802
ILVUSDT,SELL,LIMIT,1701156142374,1.3,105.41471
ILVUSDT,SELL,LIMIT,1701156144066,0.7,105.34194
ILVUSDT,SELL,LIMIT,1701156146286,2.3,105.30289
ILVUSDT,SELL,LIMIT,1701156156901,1.4,105.37771
ILVUSDT,SELL,LIMIT,1701156556924,8.6,105.05133
ILVUSDT,SELL,LIMIT,1701156558428,9.0,104.79319
ILVUSDT,SELL,LIMIT,1701156562571,0.1,104.62798
ILVUSDT,SELL,LIMIT,1701156874645,16.9,104.56182
ILVUSDT,SELL,LIMIT,1701156876766,4.0,104.28997
ILVUSDT,SELL,LIMIT,1701156888377,5.1,104.27484
ILVUSDT,SELL,LIMIT,1701156891177,1.3,104.02041
ILVUSDT,SELL,LIMIT,1701156892376,0.1,103.95674
ILVUSDT,BUY,LIMIT,1701157299241,2.5,108.09173
ILVUSDT,SELL,LIMIT,1701158635303,8.4,104.39131
ILVUSDT,SELL,LIMIT,1701160066543,3.2,103.85229
ILVUSDT,SELL,LIMIT,1701160071186,44.4,103.83212
ILVUSDT,SELL,LIMIT,1701160124285,6.2,103.71968
ILVUSDT,SELL,LIMIT,1701160137539,5.1,103.66406
ILVUSDT,SELL,LIMIT,1701160139041,1.4,103.60285
ILVUSDT,SELL,LIMIT,1701160140367,0.1,103.50623
ILVUSDT,SELL,LIMIT,1701160141737,10.9,103.37001
ILVUSDT,BUY,LIMIT,1701160339565,21.3,107.20087
ILVUSDT,SELL,LIMIT,1701161946614,3.7,103.79289
ILVUSDT,SELL,LIMIT,1701162052301,3.4,103.33245
ILVUSDT,SELL,LIMIT,1701162641448,0.7,103.21586
ILVUSDT,SELL,LIMIT,1701167209652,25.3,103.98942
ILVUSDT,SELL,LIMIT,1701169036944,0.3,103.56089
ILVUSDT,BUY,LIMIT,1701169371521,3.5,107.16731
ILVUSDT,BUY,LIMIT,1701170220477,0.4,107.98497
ILVUSDT,BUY,LIMIT,1701170244105,5.2,108.00701
ILVUSDT,BUY,LIMIT,1701170322798,1.9,108.11833
ILVUSDT,BUY,LIMIT,1701170767268,2.0,108.74295
ILVUSDT,BUY,LIMIT,1701170870522,31.8,109.01623
ILVUSDT,BUY,LIMIT,1701170873129,11.0,109.40272
ILVUSDT,BUY,LIMIT,1701171019796,0.2,105.42143
ILVUSDT,BUY,LIMIT,1701171768121,0.4,110.23948
ILVUSDT,BUY,LIMIT,1701171772331,8.7,110.28849
ILVUSDT,BUY,LIMIT,1701172063183,1.1,110.51244
ILVUSDT,BUY,LIMIT,1701172208151,12.1,110.86219
ILVUSDT,BUY,LIMIT,1701172458011,6.4,110.91069
ILVUSDT,BUY,LIMIT,1701172523658,0.5,111.08739
ILVUSDT,BUY,LIMIT,1701172526117,0.8,111.14205
ILVUSDT,BUY,LIMIT,1701172532191,19.9,111.17382
ILVUSDT,BUY,LIMIT,1701172535156,1.1,111.22601
ILVUSDT,BUY,LIMIT,1701172553465,4.5,111.37760
ILVUSDT,BUY,LIMIT,1701172556757,3.0,111.40062
ILVUSDT,BUY,LIMIT,1701172563559,3.4,111.50105
ILVUSDT,SELL,LIMIT,1701172913348,1.6,107.63029
ILVUSDT,SELL,LIMIT,1701174246918,2.8,107.07362
ILVUSDT,BUY,LIMIT,1701176422927,0.2,111.08343
ILVUSDT,BUY,LIMIT,1701177021020,0.3,111.60332
ILVUSDT,BUY,LIMIT,1701177313229,3.0,112.80408
ILVUSDT,BUY,LIMIT,1701177315777,40.0,112.97050
ILVUSDT,BUY,LIMIT,1701177424988,12.8,113.25370
ILVUSDT,BUY,LIMIT,1701177729780,5.4,113.27603
ILVUSDT,BUY,LIMIT,1701177880212,1.9,113.40685
ILVUSDT,BUY,LIMIT,1701177882187,1.0,113.45938
ILVUSDT,BUY,LIMIT,1701177889297,0.7,113.52595
ILVUSDT,BUY,LIMIT,1701178182435,1.1,114.76531
ILVUSDT,SELL,LIMIT,1701178387210,0.2,111.29014
ILVUSDT,BUY,LIMIT,1701179148460,12.4,115.63703
ILVUSDT,SELL,LIMIT,1701179307299,0.1,111.11587
ILVUSDT,SELL,LIMIT,1701182437065,1.5,111.16198
ILVUSDT,SELL,LIMIT,1701185570269,2.8,110.00733
ILVUSDT,BUY,LIMIT,1701188514850,0.6,114.99950
ILVUSDT,SELL,LIMIT,1701188948064,30.7,110.96683
ILVUSDT,BUY,LIMIT,1701189498796,1.6,115.40550
ILVUSDT,BUY,LIMIT,1701189542825,0.3,115.54334
ILVUSDT,BUY,LIMIT,1701189642948,0.8,115.73461
ILVUSDT,BUY,LIMIT,1701189668902,0.1,116.13055
ILVUSDT,BUY,LIMIT,1701189817284,0.2,116.16142
ILVUSDT,BUY,LIMIT,1701189936188,19.3,116.47264
ILVUSDT,BUY,LIMIT,1701190051755,2.7,116.67547
ILVUSDT,BUY,LIMIT,1701190161754,0.7,116.90942
ILVUSDT,BUY,LIMIT,1701190329331,24.6,117.15081
ILVUSDT,BUY,LIMIT,1701190362829,4.3,117.30666
ILVUSDT,BUY,LIMIT,1701190383732,0.9,117.41712
ILVUSDT,BUY,LIMIT,1701190674179,0.7,117.69954
ILVUSDT,BUY,LIMIT,1701190711348,9.5,117.73270
ILVUSDT,SELL,LIMIT,1701191141556,4.7,113.04125
ILVUSDT,SELL,LIMIT,1701191151397,0.1,112.88497
ILVUSDT,BUY,LIMIT,1701191384823,0.5,116.80003
ILVUSDT,BUY,LIMIT,1701192640597,0.2,117.47051
ILVUSDT,SELL,LIMIT,1701197424776,4.8,111.74281
ILVUSDT,BUY,LIMIT,1701197837885,1.0,115.34257
ILVUSDT,BUY,LIMIT,1701200469843,2.6,115.32093
ILVUSDT,BUY,LIMIT,1701200474717,1.2,115.38171
ILVUSDT,SELL,LIMIT,1701200504177,3.6,112.11293
ILVUSDT,BUY,LIMIT,1701201638450,1.3,115.63115
ILVUSDT,BUY,LIMIT,1701206579496,4.3,118.12354
ILVUSDT,BUY,LIMIT,1701206609992,35.4,118.82547
ILVUSDT,BUY,LIMIT,1701206611411,3.0,119.03670
ILVUSDT,BUY,LIMIT,1701206791650,1.1,119.42762
ILVUSDT,BUY,LIMIT,1701207216455,0.1,119.52233
ILVUSDT,BUY,LIMIT,1701207333548,1.0,119.96472
ILVUSDT,BUY,LIMIT,1701207347392,34.7,119.99918
ILVUSDT,BUY,LIMIT,1701207979784,2.9,120.08126
ILVUSDT,BUY,LIMIT,1701207988969,1.1,120.24912
ILVUSDT,BUY,LIMIT,1701208001765,5.4,120.60438
ILVUSDT,BUY,LIMIT,1701208273080,10.0,121.08629
ILVUSDT,SELL,LIMIT,1701208882902,5.7,116.88886
ILVUSDT,BUY,LIMIT,1701211896284,11.7,119.09685
ILVUSDT,SELL,LIMIT,1701211901730,15.5,115.55164
ILVUSDT,BUY,LIMIT,1701213290072,3.3,118.66453
ILVUSDT,SELL,LIMIT,1701216384654,0.2,114.11242
ILVUSDT,SELL,LIMIT,1701218783252,2.0,113.16361
ILVUSDT,SELL,LIMIT,1701223428454,33.8,113.08912
ILVUSDT,SELL,LIMIT,1701223605853,0.1,112.72595
ILVUSDT,SELL,LIMIT,1701225109738,20.5,112.45325
ILVUSDT,SELL,LIMIT,1701225763359,4.3,112.25996
ILVUSDT,SELL,LIMIT,1701227108314,26.2,111.71739
ILVUSDT,SELL,LIMIT,1701233207403,5.6,112.26645
ILVUSDT,SELL,LIMIT,1701233293719,22.8,112.09057
ILVUSDT,BUY,LIMIT,1701235487258,5.8,116.56909
ILVUSDT,SELL,LIMIT,1701243594459,6.0,110.88852
ILVUSDT,BUY,LIMIT,1701243619469,3.3,114.10252
ILVUSDT,BUY,LIMIT,1701243623021,7.2,114.10181
ILVUSDT,BUY,LIMIT,1701243635112,1.8,114.11815
ILVUSDT,SELL,LIMIT,1701243886810,0.9,110.41392
ILVUSDT,SELL,LIMIT,1701243906853,2.2,110.21753
ILVUSDT,SELL,LIMIT,1701243908060,8.7,110.07087
ILVUSDT,SELL,LIMIT,1701243937394,39.0,110.16748
ILVUSDT,BUY,LIMIT,1701244013605,2.0,113.80254
ILVUSDT,SELL,LIMIT,1701244868729,3.3,110.00481
ILVUSDT,SELL,LIMIT,1701245851298,10.0,109.98368
ILVUSDT,SELL,LIMIT,1701245966544,44.5,109.72538
ILVUSDT,SELL,LIMIT,1701246307550,47.9,109.63466
ILVUSDT,BUY,LIMIT,1701247274286,18.6,113.26971
ILVUSDT,SELL,LIMIT,1701254359225,3.6,110.42836
ILVUSDT,SELL,LIMIT,1701254660061,0.2,109.22708
ILVUSDT,SELL,LIMIT,1701254667580,0.5,109.09153
