Symbol,Side,Order Type,Time,Quantity,Price
IMXUSDT,BUY,LIMIT,1701918997246,6,1.4183
IMXUSDT,BUY,LIMIT,1701921263454,324,1.4250
IMXUSDT,BUY,LIMIT,1701923534203,116,1.4573
IMXUSDT,BUY,LIMIT,1701924308324,73,1.4614
IMXUSDT,BUY,LIMIT,1701924331934,218,1.4645
IMXUSDT,BUY,LIMIT,1701925538822,71,1.4721
IMXUSDT,BUY,LIMIT,1701927055763,11,1.4791
IMXUSDT,SELL,LIMIT,1701927423371,383,1.4289
IMXUSDT,BUY,LIMIT,1701930988497,67,1.4493
IMXUSDT,SELL,LIMIT,1701933824564,280,1.3960
IMXUSDT,SELL,LIMIT,1701936795316,941,1.4049
IMXUSDT,SELL,LIMIT,1701937320809,142,1.3946
IMXUSDT,SELL,LIMIT,1701937790306,35,1.3842
IMXUSDT,SELL,LIMIT,1701937852669,33,1.3831
IMXUSDT,SELL,LIMIT,1701937903746,4,1.3831
IMXUSDT,BUY,LIMIT,1701938310416,5,1.4335
IMXUSDT,SELL,LIMIT,1701940008275,136,1.3673
IMXUSDT,SELL,LIMIT,1701940449260,236,1.3641
IMXUSDT,SELL,LIMIT,1701940470105,224,1.3620
IMXUSDT,SELL,LIMIT,1701940552288,251,1.3621
IMXUSDT,SELL,LIMIT,1701941040278,2980,1.3553
IMXUSDT,SELL,LIMIT,1701941066092,466,1.3526
IMXUSDT,SELL,LIMIT,1701941067550,28,1.3531
IMXUSDT,SELL,LIMIT,1701941073311,124,1.3520
IMXUSDT,SELL,LIMIT,1701941158751,38,1.3502
IMXUSDT,SELL,LIMIT,1701941180096,890,1.3480
IMXUSDT,SELL,LIMIT,1701941188899,124,1.3450
IMXUSDT,SELL,LIMIT,1701941233513,20,1.3441
IMXUSDT,SELL,LIMIT,1701941239187,11,1.3434
IMXUSDT,SELL,LIMIT,1701941245119,17,1.3426
IMXUSDT,SELL,LIMIT,1701941246682,5101,1.3395
IMXUSDT,BUY,LIMIT,1701941594342,363,1.4034
IMXUSDT,BUY,LIMIT,1701942662122,105,1.4268
IMXUSDT,SELL,LIMIT,1701943363529,722,1.3780
IMXUSDT,BUY,LIMIT,1701945745565,361,1.4097
IMXUSDT,BUY,LIMIT,1701947850555,110,1.4142
IMXUSDT,SELL,LIMIT,1701949707452,646,1.3653
IMXUSDT,BUY,LIMIT,1701951326203,1796,1.4192
IMXUSDT,BUY,LIMIT,1701951335587,70,1.4262
IMXUSDT,SELL,LIMIT,1701951657511,110,1.3789
IMXUSDT,BUY,LIMIT,1701953976590,1,1.4327
IMXUSDT,BUY,LIMIT,1701955836954,19,1.4468
IMXUSDT,BUY,LIMIT,1701955838015,132,1.4473
IMXUSDT,BUY,LIMIT,1701955883010,1276,1.4481
IMXUSDT,BUY,LIMIT,1701959167493,736,1.4409
IMXUSDT,BUY,LIMIT,1701966973015,51,1.4583
IMXUSDT,SELL,LIMIT,1701967024571,102,1.4126
IMXUSDT,BUY,LIMIT,1701968145203,235,1.4636
IMXUSDT,BUY,LIMIT,1701968152790,8,1.4652
IMXUSDT,BUY,LIMIT,1701969463060,4,1.4708
IMXUSDT,BUY,LIMIT,1701969562393,3454,1.4748
IMXUSDT,BUY,LIMIT,1701970024163,80,1.4822
IMXUSDT,BUY,LIMIT,1701970113090,737,1.4876
IMXUSDT,BUY,LIMIT,1701970176871,842,1.4902
IMXUSDT,BUY,LIMIT,1701970214417,737,1.4927
IMXUSDT,SELL,LIMIT,1701971061313,33,1.4268
IMXUSDT,BUY,LIMIT,1701973748518,28,1.5033
IMXUSDT,BUY,LIMIT,1701973751792,1064,1.5039
IMXUSDT,BUY,LIMIT,1701973818123,8,1.5051
IMXUSDT,SELL,LIMIT,1701974286073,6,1.4529
IMXUSDT,SELL,LIMIT,1701974347349,1317,1.4509
IMXUSDT,BUY,LIMIT,1701974704936,439,1.5013
IMXUSDT,BUY,LIMIT,1701974956308,201,1.5092
IMXUSDT,BUY,LIMIT,1701974984553,368,1.5093
IMXUSDT,SELL,LIMIT,1701976685316,307,1.4501
IMXUSDT,SELL,LIMIT,1701976864468,101,1.4462
IMXUSDT,SELL,LIMIT,1701978006523,300,1.4350
IMXUSDT,SELL,LIMIT,1701978228302,2000,1.4347
IMXUSDT,SELL,LIMIT,1701978256637,35,1.4327
IMXUSDT,BUY,LIMIT,1701979140817,1061,1.4883
IMXUSDT,BUY,LIMIT,1701979419634,612,1.5041
IMXUSDT,BUY,LIMIT,1701979606670,84,1.5119
IMXUSDT,BUY,LIMIT,1701979772099,260,1.5146
IMXUSDT,BUY,LIMIT,1701979940863,192,1.5190
IMXUSDT,BUY,LIMIT,1701979985564,420,1.5198
IMXUSDT,SELL,LIMIT,1701980477798,1882,1.4674
IMXUSDT,SELL,LIMIT,1701980481030,34,1.4672
IMXUSDT,SELL,LIMIT,1701980618188,3340,1.4656
IMXUSDT,BUY,LIMIT,1701980755509,839,1.5182
IMXUSDT,SELL,LIMIT,1701980856056,5,1.4648
IMXUSDT,SELL,LIMIT,1701980869160,582,1.4587
IMXUSDT,SELL,LIMIT,1701981831139,57,1.4691
IMXUSDT,BUY,LIMIT,1701982169390,44,1.5171
IMXUSDT,BUY,LIMIT,1701983465344,1192,1.5199
IMXUSDT,BUY,LIMIT,1701986879330,700,1.5305
IMXUSDT,BUY,LIMIT,1701986931085,27,1.5335
IMXUSDT,BUY,LIMIT,1701986932730,39,1.5345
IMXUSDT,BUY,LIMIT,1701986941614,510,1.5347
IMXUSDT,BUY,LIMIT,1701986973219,144,1.5335
IMXUSDT,BUY,LIMIT,1701987992725,292,1.5351
IMXUSDT,BUY,LIMIT,1701987995741,358,1.5360
IMXUSDT,BUY,LIMIT,1701988176923,141,1.5370
IMXUSDT,BUY,LIMIT,1701988199038,36,1.5376
IMXUSDT,BUY,LIMIT,1701988200159,33,1.5398
IMXUSDT,BUY,LIMIT,1701988201176,579,1.5402
IMXUSDT,BUY,LIMIT,1701988276587,67,1.5412
IMXUSDT,BUY,LIMIT,1701988279789,68,1.5419
IMXUSDT,BUY,LIMIT,1701988302382,100,1.5453
IMXUSDT,BUY,LIMIT,1701988367512,71,1.5457
IMXUSDT,SELL,LIMIT,1701988408759,886,1.4972
IMXUSDT,SELL,LIMIT,1701988459916,8,1.4962
IMXUSDT,BUY,LIMIT,1701988702293,37,1.5469
IMXUSDT,BUY,LIMIT,1701988709545,2447,1.5491
IMXUSDT,BUY,LIMIT,1701988713563,421,1.5496
IMXUSDT,BUY,LIMIT,1701988716093,49,1.5500
IMXUSDT,BUY,LIMIT,1701988718417,1219,1.5510
IMXUSDT,BUY,LIMIT,1701988720097,343,1.5518
IMXUSDT,BUY,LIMIT,1701988734152,284,1.5522
IMXUSDT,BUY,LIMIT,1701988738372,30,1.5540
IMXUSDT,BUY,LIMIT,1701988745349,126,1.5547
IMXUSDT,BUY,LIMIT,1701988746764,3,1.5555
IMXUSDT,BUY,LIMIT,1701988749089,285,1.5558
IMXUSDT,BUY,LIMIT,1701988785066,40,1.5595
IMXUSDT,BUY,LIMIT,1701988786113,241,1.5594
IMXUSDT,BUY,LIMIT,1701988790485,82,1.5614
IMXUSDT,BUY,LIMIT,1701988858611,17,1.5618
IMXUSDT,SELL,LIMIT,1701989043162,43,1.5055
IMXUSDT,SELL,LIMIT,1701989206260,3247,1.4998
IMXUSDT,SELL,LIMIT,1701989457047,2323,1.4977
IMXUSDT,SELL,LIMIT,1701989501462,623,1.4941
IMXUSDT,SELL,LIMIT,1701989571644,79,1.4910
IMXUSDT,SELL,LIMIT,1701989583303,14,1.4870
IMXUSDT,BUY,LIMIT,1701992453578,26,1.5524
IMXUSDT,BUY,LIMIT,1701993363532,73,1.5629
IMXUSDT,BUY,LIMIT,1701993609323,7,1.5641
IMXUSDT,SELL,LIMIT,1701993742811,744,1.5057
IMXUSDT,BUY,LIMIT,1701993978041,96,1.5618
IMXUSDT,BUY,LIMIT,1701994207207,4,1.5659
IMXUSDT,BUY,LIMIT,1701994276912,149,1.5683
IMXUSDT,BUY,LIMIT,1701994279949,2580,1.5695
IMXUSDT,BUY,LIMIT,1701994296002,4,1.5699
IMXUSDT,BUY,LIMIT,1701994297804,57,1.5702
IMXUSDT,BUY,LIMIT,1701994309135,893,1.5713
IMXUSDT,BUY,LIMIT,1701994321849,17,1.5745
IMXUSDT,BUY,LIMIT,1701994323339,80,1.5755
IMXUSDT,BUY,LIMIT,1701994328363,141,1.5777
IMXUSDT,BUY,LIMIT,1701994338588,3264,1.5786
IMXUSDT,BUY,LIMIT,1701994340715,1292,1.5785
IMXUSDT,BUY,LIMIT,1701994379647,3225,1.5806
IMXUSDT,BUY,LIMIT,1701994383769,744,1.5810
IMXUSDT,BUY,LIMIT,1701994479991,4,1.5828
IMXUSDT,BUY,LIMIT,1701994484179,13,1.5857
IMXUSDT,BUY,LIMIT,1701994489433,98,1.5857
IMXUSDT,BUY,LIMIT,1701994491132,16,1.5886
IMXUSDT,BUY,LIMIT,1701994496304,87,1.5898
IMXUSDT,BUY,LIMIT,1701994498876,3774,1.5931
IMXUSDT,BUY,LIMIT,1701994501440,298,1.5926
IMXUSDT,BUY,LIMIT,1701994502889,194,1.5929
IMXUSDT,BUY,LIMIT,1701994504141,2183,1.5935
IMXUSDT,BUY,LIMIT,1701994505276,131,1.5968
IMXUSDT,BUY,LIMIT,1701994508817,1313,1.5983
IMXUSDT,BUY,LIMIT,1701994514217,4393,1.6044
IMXUSDT,BUY,LIMIT,1701994516675,801,1.6014
IMXUSDT,BUY,LIMIT,1701994519119,120,1.6037
IMXUSDT,BUY,LIMIT,1701994520126,835,1.6055
IMXUSDT,BUY,LIMIT,1701994521426,155,1.6060
IMXUSDT,BUY,LIMIT,1701994522477,184,1.6057
IMXUSDT,BUY,LIMIT,1701994536216,800,1.6047
IMXUSDT,BUY,LIMIT,1701994559655,666,1.6062
IMXUSDT,BUY,LIMIT,1701994560790,10,1.6071
IMXUSDT,BUY,LIMIT,1701994580353,3,1.6096
IMXUSDT,BUY,LIMIT,1701994581384,5,1.6096
IMXUSDT,BUY,LIMIT,1701994583053,39,1.6128
IMXUSDT,BUY,LIMIT,1701994585878,2527,1.6131
IMXUSDT,BUY,LIMIT,1701994588216,2134,1.6156
IMXUSDT,BUY,LIMIT,1701994589350,84,1.6159
IMXUSDT,BUY,LIMIT,1701994591984,35,1.6171
IMXUSDT,BUY,LIMIT,1701994606389,23,1.6192
IMXUSDT,BUY,LIMIT,1701994702734,2573,1.6201
IMXUSDT,SELL,LIMIT,1701994725242,1759,1.5586
IMXUSDT,SELL,LIMIT,1701994727326,632,1.5559
IMXUSDT,SELL,LIMIT,1701994809089,940,1.5526
IMXUSDT,SELL,LIMIT,1701994820509,15,1.5477
IMXUSDT,SELL,LIMIT,1701994828985,597,1.5427
IMXUSDT,BUY,LIMIT,1701995251423,101,1.6105
IMXUSDT,SELL,LIMIT,1701995311320,118,1.5600
IMXUSDT,SELL,LIMIT,1701995782481,1701,1.5337
IMXUSDT,SELL,LIMIT,1701995834667,204,1.5271
IMXUSDT,SELL,LIMIT,1701996117137,158,1.5228
IMXUSDT,SELL,LIMIT,1701996254749,5918,1.5084
IMXUSDT,SELL,LIMIT,1701996256644,5138,1.5095
IMXUSDT,SELL,LIMIT,1701996264364,360,1.5137
IMXUSDT,SELL,LIMIT,1701996383056,38,1.5098
IMXUSDT,SELL,LIMIT,1701997639438,315,1.5029
IMXUSDT,SELL,LIMIT,1701997658072,35,1.5019
IMXUSDT,SELL,LIMIT,1701997675460,55,1.4997
IMXUSDT,SELL,LIMIT,1701997772214,568,1.4916
IMXUSDT,BUY,LIMIT,1701997806978,985,1.5470
IMXUSDT,BUY,LIMIT,1701998308674,238,1.5485
IMXUSDT,BUY,LIMIT,1701998764136,24,1.5507
IMXUSDT,BUY,LIMIT,1702000504448,250,1.5622
IMXUSDT,SELL,LIMIT,1702001672377,42,1.5062
IMXUSDT,SELL,LIMIT,1702001923562,231,1.4935
IMXUSDT,SELL,LIMIT,1702003366996,476,1.4968
IMXUSDT,SELL,LIMIT,1702003828728,56,1.5022
IMXUSDT,BUY,LIMIT,1702003856677,3355,1.5456
IMXUSDT,BUY,LIMIT,1702005360602,526,1.5396
IMXUSDT,SELL,LIMIT,1702005363184,4,1.4980
IMXUSDT,BUY,LIMIT,1702006405287,746,1.5402
IMXUSDT,BUY,LIMIT,1702006467491,956,1.5370
IMXUSDT,BUY,LIMIT,1702006586373,171,1.5444
IMXUSDT,BUY,LIMIT,1702007154540,20,1.5435
IMXUSDT,SELL,LIMIT,1702009022231,49,1.4983
IMXUSDT,BUY,LIMIT,1702009681148,464,1.5422
IMXUSDT,SELL,LIMIT,1702010327917,3,1.4920
IMXUSDT,SELL,LIMIT,1702011897674,189,1.4770
IMXUSDT,SELL,LIMIT,1702012038442,2509,1.4758
IMXUSDT,SELL,LIMIT,1702012473204,1082,1.4732
IMXUSDT,BUY,LIMIT,1702016070094,4,1.5286
IMXUSDT,SELL,LIMIT,1702020166302,10,1.4705
IMXUSDT,SELL,LIMIT,1702020171566,129,1.4704
IMXUSDT,SELL,LIMIT,1702020190513,13,1.4673
IMXUSDT,BUY,LIMIT,1702021628559,10,1.5198
IMXUSDT,SELL,LIMIT,1702022553285,16,1.4613
IMXUSDT,BUY,LIMIT,1702027082483,58,1.5205
IMXUSDT,BUY,LIMIT,1702027754611,146,1.5425
IMXUSDT,BUY,LIMIT,1702029038523,1192,1.5459
IMXUSDT,BUY,LIMIT,1702029041816,108,1.5461
IMXUSDT,BUY,LIMIT,1702029256448,47,1.5541
IMXUSDT,SELL,LIMIT,1702029742070,1291,1.4984
IMXUSDT,BUY,LIMIT,1702033228539,26,1.5485
IMXUSDT,BUY,LIMIT,1702036151226,80,1.5341
IMXUSDT,SELL,LIMIT,1702040331403,355,1.4928
IMXUSDT,BUY,LIMIT,1702043278549,264,1.5484
IMXUSDT,BUY,LIMIT,1702048108127,7,1.5566
IMXUSDT,BUY,LIMIT,1702048309481,34,1.5612
IMXUSDT,BUY,LIMIT,1702048359233,6,1.5638
IMXUSDT,SELL,LIMIT,1702049083660,263,1.5118
IMXUSDT,BUY,LIMIT,1702049720508,6,1.5731
IMXUSDT,BUY,LIMIT,1702049721684,600,1.5839
IMXUSDT,BUY,LIMIT,1702049725981,295,1.5846
IMXUSDT,BUY,LIMIT,1702051767088,67,1.5877
IMXUSDT,BUY,LIMIT,1702051768254,2783,1.5876
IMXUSDT,BUY,LIMIT,1702051774307,1149,1.5910
IMXUSDT,BUY,LIMIT,1702051790361,114,1.5954
IMXUSDT,BUY,LIMIT,1702051791424,131,1.5941
IMXUSDT,BUY,LIMIT,1702051984871,139,1.6005
IMXUSDT,BUY,LIMIT,1702052530226,49,1.5937
IMXUSDT,BUY,LIMIT,1702052586627,134,1.5918
IMXUSDT,SELL,LIMIT,1702052719329,20,1.5404
IMXUSDT,BUY,LIMIT,1702054928485,43,1.6022
IMXUSDT,SELL,LIMIT,1702056248991,282,1.5470
IMXUSDT,SELL,LIMIT,1702059081067,3197,1.5384
IMXUSDT,SELL,LIMIT,1702060431233,21,1.5366
IMXUSDT,BUY,LIMIT,1702061458341,3000,1.5821
IMXUSDT,BUY,LIMIT,1702064060253,16,1.5852
IMXUSDT,BUY,LIMIT,1702065167574,56,1.5864
IMXUSDT,BUY,LIMIT,1702065623884,240,1.5862
IMXUSDT,BUY,LIMIT,1702066093758,4921,1.5938
IMXUSDT,BUY,LIMIT,1702066380315,6,1.6039
IMXUSDT,BUY,LIMIT,1702068238866,80,1.5995
IMXUSDT,BUY,LIMIT,1702071225966,71,1.6067
IMXUSDT,BUY,LIMIT,1702071322449,100,1.6081
IMXUSDT,BUY,LIMIT,1702072954524,201,1.6131
IMXUSDT,BUY,LIMIT,1702073257571,266,1.6137
IMXUSDT,BUY,LIMIT,1702073673495,26,1.6180
IMXUSDT,BUY,LIMIT,1702074074725,30,1.6192
IMXUSDT,SELL,LIMIT,1702076450449,1726,1.5606
IMXUSDT,BUY,LIMIT,1702078548839,216,1.5971
IMXUSDT,BUY,LIMIT,1702081350717,717,1.6058
IMXUSDT,BUY,LIMIT,1702082012346,33,1.6076
IMXUSDT,BUY,LIMIT,1702082048971,659,1.6078
IMXUSDT,BUY,LIMIT,1702082279388,40,1.6191
IMXUSDT,BUY,LIMIT,1702082290459,3146,1.6199
IMXUSDT,BUY,LIMIT,1702082304212,4,1.6216
IMXUSDT,BUY,LIMIT,1702082420850,287,1.6221
IMXUSDT,BUY,LIMIT,1702082595211,88,1.6245
IMXUSDT,BUY,LIMIT,1702082977449,238,1.6213
IMXUSDT,BUY,LIMIT,1702083859319,204,1.6093
IMXUSDT,SELL,LIMIT,1702084103423,42,1.5465
IMXUSDT,SELL,LIMIT,1702084181225,140,1.5420
IMXUSDT,SELL,LIMIT,1702084202866,94,1.5402
IMXUSDT,SELL,LIMIT,1702088206954,11,1.5792
IMXUSDT,BUY,LIMIT,1702091756252,1416,1.5976
IMXUSDT,BUY,LIMIT,1702093177631,5203,1.6306
IMXUSDT,BUY,LIMIT,1702093540639,37,1.6265
IMXUSDT,BUY,LIMIT,1702093545052,5,1.6271
IMXUSDT,BUY,LIMIT,1702094640017,82,1.6318
IMXUSDT,BUY,LIMIT,1702094706132,66,1.6338
IMXUSDT,BUY,LIMIT,1702094733268,2042,1.6395
IMXUSDT,BUY,LIMIT,1702094735893,8,1.6402
IMXUSDT,BUY,LIMIT,1702094738236,16,1.6416
IMXUSDT,BUY,LIMIT,1702094741345,35,1.6422
IMXUSDT,BUY,LIMIT,1702094754260,4,1.6429
IMXUSDT,BUY,LIMIT,1702094785777,2075,1.6429
IMXUSDT,BUY,LIMIT,1702094789171,780,1.6431
IMXUSDT,BUY,LIMIT,1702095177130,127,1.6444
IMXUSDT,BUY,LIMIT,1702095253057,13,1.6489
IMXUSDT,BUY,LIMIT,1702095254183,164,1.6477
IMXUSDT,BUY,LIMIT,1702095296252,145,1.6545
IMXUSDT,BUY,LIMIT,1702095335204,12,1.6562
IMXUSDT,BUY,LIMIT,1702095388418,664,1.6567
IMXUSDT,SELL,LIMIT,1702095798439,150,1.6000
IMXUSDT,BUY,LIMIT,1702096411873,1522,1.6580
IMXUSDT,BUY,LIMIT,1702096751249,1942,1.6594
IMXUSDT,BUY,LIMIT,1702096828362,83,1.6621
IMXUSDT,BUY,LIMIT,1702096831911,45,1.6637
IMXUSDT,BUY,LIMIT,1702096833109,23,1.6650
IMXUSDT,BUY,LIMIT,1702096834166,60,1.6647
IMXUSDT,BUY,LIMIT,1702096842264,6,1.6655
IMXUSDT,BUY,LIMIT,1702096845258,354,1.6668
IMXUSDT,BUY,LIMIT,1702097005717,72,1.6710
IMXUSDT,BUY,LIMIT,1702097253464,286,1.6743
IMXUSDT,BUY,LIMIT,1702097255105,62,1.6746
IMXUSDT,BUY,LIMIT,1702097279998,7,1.6765
IMXUSDT,BUY,LIMIT,1702097399614,1759,1.6793
IMXUSDT,BUY,LIMIT,1702097402302,94,1.6798
IMXUSDT,BUY,LIMIT,1702097412446,356,1.6808
IMXUSDT,BUY,LIMIT,1702097414891,9,1.6810
IMXUSDT,BUY,LIMIT,1702097416031,79,1.6815
IMXUSDT,BUY,LIMIT,1702097428323,27,1.6842
IMXUSDT,BUY,LIMIT,1702097430996,361,1.6884
IMXUSDT,BUY,LIMIT,1702097435218,626,1.6887
IMXUSDT,BUY,LIMIT,1702097623234,3228,1.6908
IMXUSDT,BUY,LIMIT,1702097718150,6,1.6907
IMXUSDT,BUY,LIMIT,1702097719184,26,1.6906
IMXUSDT,BUY,LIMIT,1702097747529,1800,1.6959
IMXUSDT,BUY,LIMIT,1702097766746,2800,1.6995
IMXUSDT,BUY,LIMIT,1702097775854,1068,1.7002
IMXUSDT,BUY,LIMIT,1702097779510,21,1.7005
IMXUSDT,BUY,LIMIT,1702097782330,159,1.7009
IMXUSDT,BUY,LIMIT,1702097792339,244,1.7023
IMXUSDT,BUY,LIMIT,1702097806233,3762,1.7092
IMXUSDT,BUY,LIMIT,1702097825524,64,1.7057
IMXUSDT,SELL,LIMIT,1702097857383,434,1.6478
IMXUSDT,BUY,LIMIT,1702098553786,77,1.6893
IMXUSDT,BUY,LIMIT,1702099077679,3000,1.6793
IMXUSDT,BUY,LIMIT,1702100188319,163,1.6952
IMXUSDT,BUY,LIMIT,1702100868365,168,1.7088
IMXUSDT,BUY,LIMIT,1702101003347,189,1.7125
IMXUSDT,BUY,LIMIT,1702101019943,15,1.7141
IMXUSDT,SELL,LIMIT,1702101088382,6,1.6471
IMXUSDT,BUY,LIMIT,1702101200168,212,1.6990
IMXUSDT,BUY,LIMIT,1702101512438,43,1.7171
IMXUSDT,BUY,LIMIT,1702101551154,11,1.7195
IMXUSDT,BUY,LIMIT,1702101555606,67,1.7235
IMXUSDT,BUY,LIMIT,1702101557142,885,1.7243
IMXUSDT,BUY,LIMIT,1702101611198,986,1.7279
IMXUSDT,BUY,LIMIT,1702101624172,51,1.7327
IMXUSDT,BUY,LIMIT,1702101637157,700,1.7359
IMXUSDT,BUY,LIMIT,1702101644302,1560,1.7474
IMXUSDT,BUY,LIMIT,1702101645883,45,1.7509
IMXUSDT,BUY,LIMIT,1702101650995,23,1.7526
IMXUSDT,SELL,LIMIT,1702101950015,2934,1.6702
IMXUSDT,BUY,LIMIT,1702102077171,60,1.7316
IMXUSDT,BUY,LIMIT,1702102497078,300,1.7426
IMXUSDT,SELL,LIMIT,1702102681394,164,1.6765
IMXUSDT,BUY,LIMIT,1702102900727,301,1.7203
IMXUSDT,BUY,LIMIT,1702103510576,211,1.7283
IMXUSDT,BUY,LIMIT,1702103600472,25,1.7319
IMXUSDT,SELL,LIMIT,1702104086863,1941,1.6817
IMXUSDT,BUY,LIMIT,1702104491276,49,1.7346
IMXUSDT,BUY,LIMIT,1702104704771,4,1.7435
IMXUSDT,BUY,LIMIT,1702104834274,59,1.7484
IMXUSDT,BUY,LIMIT,1702104842308,200,1.7514
IMXUSDT,BUY,LIMIT,1702104852605,48,1.7553
IMXUSDT,BUY,LIMIT,1702104858328,703,1.7567
IMXUSDT,BUY,LIMIT,1702104859343,71,1.7578
IMXUSDT,BUY,LIMIT,1702104860416,481,1.7582
IMXUSDT,BUY,LIMIT,1702104862138,2062,1.7597
IMXUSDT,BUY,LIMIT,1702104864275,38,1.7612
IMXUSDT,BUY,LIMIT,1702104866862,625,1.7640
IMXUSDT,BUY,LIMIT,1702104900034,87,1.7624
IMXUSDT,BUY,LIMIT,1702104904290,179,1.7654
IMXUSDT,BUY,LIMIT,1702104907620,12,1.7662
IMXUSDT,BUY,LIMIT,1702104910459,2743,1.7674
IMXUSDT,BUY,LIMIT,1702104924016,112,1.7720
IMXUSDT,BUY,LIMIT,1702104926404,892,1.7727
IMXUSDT,BUY,LIMIT,1702104927550,114,1.7747
IMXUSDT,BUY,LIMIT,1702104929020,2906,1.7769
IMXUSDT,BUY,LIMIT,1702104930268,1910,1.7781
IMXUSDT,BUY,LIMIT,1702104936552,779,1.7798
IMXUSDT,BUY,LIMIT,1702104941802,26,1.7812
IMXUSDT,BUY,LIMIT,1702104945242,139,1.7869
IMXUSDT,BUY,LIMIT,1702104953121,194,1.7898
IMXUSDT,BUY,LIMIT,1702104961091,251,1.7915
IMXUSDT,BUY,LIMIT,1702104963252,103,1.7929
IMXUSDT,BUY,LIMIT,1702104980133,1181,1.7944
IMXUSDT,BUY,LIMIT,1702104981135,4517,1.8030
IMXUSDT,BUY,LIMIT,1702104982488,299,1.7999
IMXUSDT,BUY,LIMIT,1702104984002,23,1.8020
IMXUSDT,BUY,LIMIT,1702104985007,122,1.8039
IMXUSDT,BUY,LIMIT,1702104986409,295,1.8091
IMXUSDT,BUY,LIMIT,1702104988829,1000,1.8107
IMXUSDT,BUY,LIMIT,1702104990262,4430,1.8191
IMXUSDT,BUY,LIMIT,1702104991266,4,1.8162
IMXUSDT,SELL,LIMIT,1702105062046,1397,1.7528
IMXUSDT,SELL,LIMIT,1702105068660,156,1.7462
IMXUSDT,SELL,LIMIT,1702105208308,2092,1.7258
IMXUSDT,BUY,LIMIT,1702105231078,86,1.7908
IMXUSDT,SELL,LIMIT,1702105344107,92,1.7291
IMXUSDT,SELL,LIMIT,1702105452130,154,1.7380
IMXUSDT,BUY,LIMIT,1702105793165,12,1.8005
IMXUSDT,SELL,LIMIT,1702106143632,403,1.7311
IMXUSDT,BUY,LIMIT,1702106206348,54,1.7899
IMXUSDT,BUY,LIMIT,1702106572843,153,1.8152
IMXUSDT,BUY,LIMIT,1702106575473,319,1.8189
IMXUSDT,SELL,LIMIT,1702106736568,803,1.7548
IMXUSDT,BUY,LIMIT,1702106866137,82,1.8051
IMXUSDT,BUY,LIMIT,1702107347080,310,1.8124
IMXUSDT,BUY,LIMIT,1702107399272,2820,1.8200
IMXUSDT,BUY,LIMIT,1702107402127,324,1.8213
IMXUSDT,BUY,LIMIT,1702107417650,13102,1.8379
IMXUSDT,BUY,LIMIT,1702107420332,156,1.8260
IMXUSDT,BUY,LIMIT,1702107484045,614,1.8285
IMXUSDT,BUY,LIMIT,1702107485836,146,1.8313
IMXUSDT,BUY,LIMIT,1702107490390,185,1.8346
IMXUSDT,BUY,LIMIT,1702107493145,6,1.8368
IMXUSDT,BUY,LIMIT,1702107496549,2834,1.8389
IMXUSDT,BUY,LIMIT,1702107500215,1118,1.8406
IMXUSDT,SELL,LIMIT,1702107513558,86,1.7740
IMXUSDT,SELL,LIMIT,1702107514651,1217,1.7734
IMXUSDT,SELL,LIMIT,1702107518297,1848,1.7718
IMXUSDT,SELL,LIMIT,1702107912269,1252,1.7553
IMXUSDT,BUY,LIMIT,1702107981969,1340,1.8296
IMXUSDT,SELL,LIMIT,1702108311250,288,1.7535
IMXUSDT,SELL,LIMIT,1702108382575,3,1.7454
IMXUSDT,BUY,LIMIT,1702109059323,141,1.8116
IMXUSDT,BUY,LIMIT,1702109101256,309,1.8157
IMXUSDT,BUY,LIMIT,1702109359571,7,1.8113
IMXUSDT,BUY,LIMIT,1702109514107,32,1.8090
IMXUSDT,BUY,LIMIT,1702109724335,200,1.8133
IMXUSDT,BUY,LIMIT,1702109894166,1362,1.8190
IMXUSDT,BUY,LIMIT,1702109967677,969,1.8307
IMXUSDT,BUY,LIMIT,1702110265329,150,1.8254
IMXUSDT,BUY,LIMIT,1702110313054,591,1.8320
IMXUSDT,SELL,LIMIT,1702110683204,3,1.7464
IMXUSDT,SELL,LIMIT,1702110693651,6,1.7415
IMXUSDT,SELL,LIMIT,1702110699094,589,1.7408
IMXUSDT,SELL,LIMIT,1702110709878,34,1.7398
IMXUSDT,SELL,LIMIT,1702110715366,173,1.7379
IMXUSDT,SELL,LIMIT,1702110717884,154,1.7364
IMXUSDT,SELL,LIMIT,1702110838878,9,1.7352
IMXUSDT,SELL,LIMIT,1702110880690,16,1.7290
IMXUSDT,SELL,LIMIT,1702110882269,280,1.7268
IMXUSDT,SELL,LIMIT,1702110970061,4,1.7314
IMXUSDT,SELL,LIMIT,1702110977804,308,1.7260
IMXUSDT,SELL,LIMIT,1702110981437,115,1.7238
IMXUSDT,SELL,LIMIT,1702110982493,79,1.7219
IMXUSDT,SELL,LIMIT,1702110983799,274,1.7216
IMXUSDT,SELL,LIMIT,1702111031229,58,1.8101
IMXUSDT,SELL,LIMIT,1702111032315,133,1.7190
IMXUSDT,SELL,LIMIT,1702111044146,1002,1.7129
IMXUSDT,SELL,LIMIT,1702111046682,58,1.7102
IMXUSDT,SELL,LIMIT,1702111048183,617,1.7093
IMXUSDT,SELL,LIMIT,1702111189729,1386,1.7056
IMXUSDT,SELL,LIMIT,1702111378662,84,1.7035
IMXUSDT,SELL,LIMIT,1702111385170,149,1.7022
IMXUSDT,BUY,LIMIT,1702111386529,28,1.7516
IMXUSDT,BUY,LIMIT,1702111539891,287,1.7719
IMXUSDT,SELL,LIMIT,1702111988826,631,1.7347
IMXUSDT,SELL,LIMIT,1702112737067,11,1.7227
IMXUSDT,BUY,LIMIT,1702113414324,117,1.7738
IMXUSDT,BUY,LIMIT,1702113715856,482,1.7800
IMXUSDT,SELL,LIMIT,1702114645393,48,1.7150
IMXUSDT,BUY,LIMIT,1702115181303,99,1.7618
IMXUSDT,BUY,LIMIT,1702116174296,952,1.7728
IMXUSDT,BUY,LIMIT,1702116556162,730,1.7814
IMXUSDT,BUY,LIMIT,1702119016748,28,1.7928
IMXUSDT,BUY,LIMIT,1702121459494,78,1.7972
IMXUSDT,BUY,LIMIT,1702121543132,51,1.8065
IMXUSDT,SELL,LIMIT,1702123141621,3,1.7404
IMXUSDT,BUY,LIMIT,1702124995492,242,1.8186
IMXUSDT,BUY,LIMIT,1702124998246,706,1.8221
IMXUSDT,BUY,LIMIT,1702125066185,419,1.8274
IMXUSDT,BUY,LIMIT,1702125241119,164,1.8316
IMXUSDT,BUY,LIMIT,1702125283655,110,1.8326
IMXUSDT,BUY,LIMIT,1702125298229,157,1.8412
IMXUSDT,SELL,LIMIT,1702125311620,357,1.7746
IMXUSDT,SELL,LIMIT,1702125321789,2122,1.7688
IMXUSDT,SELL,LIMIT,1702125427679,98,1.7614
IMXUSDT,SELL,LIMIT,1702126126685,300,1.7569
IMXUSDT,BUY,LIMIT,1702126179321,7,1.8200
IMXUSDT,SELL,LIMIT,1702126981355,17,1.7552
IMXUSDT,SELL,LIMIT,1702127010652,127,1.7528
IMXUSDT,SELL,LIMIT,1702128660153,16,1.7773
IMXUSDT,BUY,LIMIT,1702129687286,28,1.8262
IMXUSDT,SELL,LIMIT,1702131519661,1182,1.7578
IMXUSDT,SELL,LIMIT,1702131536581,25,1.7538
IMXUSDT,SELL,LIMIT,1702132610377,261,1.7445
IMXUSDT,SELL,LIMIT,1702132676211,153,1.7425
IMXUSDT,SELL,LIMIT,1702132823277,56,1.7420
IMXUSDT,SELL,LIMIT,1702133000323,108,1.7337
IMXUSDT,SELL,LIMIT,1702133003885,149,1.7324
IMXUSDT,SELL,LIMIT,1702133017193,78,1.7346
IMXUSDT,SELL,LIMIT,1702133345068,278,1.7344
