Symbol,Side,Order Type,Time,Quantity,Price
IMXUSDT,BUY,LIMIT,1701918997246,6,1.4183
IMXUSDT,BUY,LIMIT,1701921263454,324,1.4250
IMXUSDT,BUY,LIMIT,1701923534203,116,1.4573
IMXUSDT,BUY,LIMIT,1701924308324,73,1.4614
IMXUSDT,BUY,LIMIT,1701924331934,218,1.4645
IMXUSDT,BUY,LIMIT,1701925538822,71,1.4721
IMXUSDT,BUY,LIMIT,1701927055763,11,1.4791
IMXUSDT,SELL,LIMIT,1701927423371,383,1.4289
IMXUSDT,BUY,LIMIT,1701930988497,67,1.4493
IMXUSDT,SELL,LIMIT,1701933824564,280,1.3960
IMXUSDT,SELL,LIMIT,1701936795316,941,1.4049
IMXUSDT,SELL,LIMIT,1701937320809,142,1.3946
IMXUSDT,SELL,LIMIT,1701937790306,35,1.3842
IMXUSDT,SELL,LIMIT,1701937852669,33,1.3831
IMXUSDT,SELL,LIMIT,1701937903746,4,1.3831
IMXUSDT,BUY,LIMIT,1701938310416,5,1.4335
IMXUSDT,SELL,LIMIT,1701940008275,136,1.3673
IMXUSDT,SELL,LIMIT,1701940449260,236,1.3641
IMXUSDT,SELL,LIMIT,1701940470105,224,1.3620
IMXUSDT,SELL,LIMIT,1701940552288,251,1.3621
IMXUSDT,SELL,LIMIT,1701941040278,2980,1.3553
IMXUSDT,SELL,LIMIT,1701941066092,466,1.3526
IMXUSDT,SELL,LIMIT,1701941067550,28,1.3531
IMXUSDT,SELL,LIMIT,1701941073311,124,1.3520
IMXUSDT,SELL,LIMIT,1701941158751,38,1.3502
IMXUSDT,SELL,LIMIT,1701941180096,890,1.3480
IMXUSDT,SELL,LIMIT,1701941188899,124,1.3450
IMXUSDT,SELL,LIMIT,1701941233513,20,1.3441
IMXUSDT,SELL,LIMIT,1701941239187,11,1.3434
IMXUSDT,SELL,LIMIT,1701941245119,17,1.3426
IMXUSDT,SELL,LIMIT,1701941246682,5101,1.3395
IMXUSDT,BUY,LIMIT,1701941594342,363,1.4034
IMXUSDT,BUY,LIMIT,1701942662122,105,1.4268
IMXUSDT,SELL,LIMIT,1701943363529,722,1.3780
IMXUSDT,BUY,LIMIT,1701945745565,361,1.4097
IMXUSDT,BUY,LIMIT,1701947850555,110,1.4142
IMXUSDT,SELL,LIMIT,1701949707452,646,1.3653
IMXUSDT,BUY,LIMIT,1701951326203,1796,1.4192
IMXUSDT,BUY,LIMIT,1701951335587,70,1.4262
IMXUSDT,SELL,LIMIT,1701951657511,110,1.3789
IMXUSDT,BUY,LIMIT,1701953976590,1,1.4327
IMXUSDT,BUY,LIMIT,1701955836954,19,1.4468
IMXUSDT,BUY,LIMIT,1701955838015,132,1.4473
IMXUSDT,BUY,LIMIT,1701955883010,1276,1.4481
IMXUSDT,BUY,LIMIT,1701959167493,736,1.4409
IMXUSDT,BUY,LIMIT,1701966973015,51,1.4583
IMXUSDT,SELL,LIMIT,1701967024571,102,1.4126
IMXUSDT,BUY,LIMIT,1701968145203,235,1.4636
IMXUSDT,BUY,LIMIT,1701968152790,8,1.4652
IMXUSDT,BUY,LIMIT,1701969463060,4,1.4708
IMXUSDT,BUY,LIMIT,1701969562393,3454,1.4748
IMXUSDT,BUY,LIMIT,1701970024163,80,1.4822
IMXUSDT,BUY,LIMIT,1701970113090,737,1.4876
IMXUSDT,BUY,LIMIT,1701970176871,842,1.4902
IMXUSDT,BUY,LIMIT,1701970214417,737,1.4927
IMXUSDT,SELL,LIMIT,1701971061313,33,1.4268
IMXUSDT,BUY,LIMIT,1701973748518,28,1.5033
IMXUSDT,BUY,LIMIT,1701973751792,1064,1.5039
IMXUSDT,BUY,LIMIT,1701973818123,8,1.5051
IMXUSDT,SELL,LIMIT,1701974286073,6,1.4529
IMXUSDT,SELL,LIMIT,1701974347349,1317,1.4509
IMXUSDT,BUY,LIMIT,1701974704936,439,1.5013
IMXUSDT,BUY,LIMIT,1701974956308,201,1.5092
IMXUSDT,BUY,LIMIT,1701974984553,368,1.5093
IMXUSDT,SELL,LIMIT,1701976685316,307,1.4501
IMXUSDT,SELL,LIMIT,1701976864468,101,1.4462
IMXUSDT,SELL,LIMIT,1701978006523,300,1.4350
IMXUSDT,SELL,LIMIT,1701978228302,2000,1.4347
IMXUSDT,SELL,LIMIT,1701978256637,35,1.4327
IMXUSDT,BUY,LIMIT,1701979140817,1061,1.4883
IMXUSDT,BUY,LIMIT,1701979419634,612,1.5041
IMXUSDT,BUY,LIMIT,1701979606670,84,1.5119
IMXUSDT,BUY,LIMIT,1701979772099,260,1.5146
IMXUSDT,BUY,LIMIT,1701979940863,192,1.5190
IMXUSDT,BUY,LIMIT,1701979985564,420,1.5198
IMXUSDT,SELL,LIMIT,1701980477798,1882,1.4674
IMXUSDT,SELL,LIMIT,1701980481030,34,1.4672
IMXUSDT,SELL,LIMIT,1701980618188,3340,1.4656
IMXUSDT,BUY,LIMIT,1701980755509,839,1.5182
IMXUSDT,SELL,LIMIT,1701980856056,5,1.4648
IMXUSDT,SELL,LIMIT,1701980869160,582,1.4587
IMXUSDT,SELL,LIMIT,1701981831139,57,1.4691
IMXUSDT,BUY,LIMIT,1701982169390,44,1.5171
IMXUSDT,BUY,LIMIT,1701983465344,1192,1.5199
IMXUSDT,BUY,LIMIT,1701986879330,700,1.5305
IMXUSDT,BUY,LIMIT,1701986931085,27,1.5335
IMXUSDT,BUY,LIMIT,1701986932730,39,1.5345
IMXUSDT,BUY,LIMIT,1701986941614,510,1.5347
IMXUSDT,BUY,LIMIT,1701986973219,144,1.5335
IMXUSDT,BUY,LIMIT,1701987992725,292,1.5351
IMXUSDT,BUY,LIMIT,1701987995741,358,1.5360
IMXUSDT,BUY,LIMIT,1701988176923,141,1.5370
IMXUSDT,BUY,LIMIT,1701988199038,36,1.5376
IMXUSDT,BUY,LIMIT,1701988200159,33,1.5398
IMXUSDT,BUY,LIMIT,1701988201176,579,1.5402
IMXUSDT,BUY,LIMIT,1701988276587,67,1.5412
IMXUSDT,BUY,LIMIT,1701988279789,68,1.5419
IMXUSDT,BUY,LIMIT,1701988302382,100,1.5453
IMXUSDT,BUY,LIMIT,1701988367512,71,1.5457
IMXUSDT,SELL,LIMIT,1701988408759,886,1.4972
IMXUSDT,SELL,LIMIT,1701988459916,8,1.4962
IMXUSDT,BUY,LIMIT,1701988702293,37,1.5469
IMXUSDT,BUY,LIMIT,1701988709545,2447,1.5491
IMXUSDT,BUY,LIMIT,1701988713563,421,1.5496
IMXUSDT,BUY,LIMIT,1701988716093,49,1.5500
IMXUSDT,BUY,LIMIT,1701988718417,1219,1.5510
IMXUSDT,BUY,LIMIT,1701988720097,343,1.5518
IMXUSDT,BUY,LIMIT,1701988734152,284,1.5522
IMXUSDT,BUY,LIMIT,1701988738372,30,1.5540
IMXUSDT,BUY,LIMIT,1701988745349,126,1.5547
IMXUSDT,BUY,LIMIT,1701988746764,3,1.5555
IMXUSDT,BUY,LIMIT,1701988749089,285,1.5558
IMXUSDT,BUY,LIMIT,1701988785066,40,1.5595
IMXUSDT,BUY,LIMIT,1701988786113,241,1.5594
IMXUSDT,BUY,LIMIT,1701988790485,82,1.5614
IMXUSDT,BUY,LIMIT,1701988858611,17,1.5618
IMXUSDT,SELL,LIMIT,1701989043162,43,1.5055
IMXUSDT,SELL,LIMIT,1701989206260,3247,1.4998
IMXUSDT,SELL,LIMIT,1701989457047,2323,1.4977
IMXUSDT,SELL,LIMIT,1701989501462,623,1.4941
IMXUSDT,SELL,LIMIT,1701989571644,79,1.4910
IMXUSDT,SELL,LIMIT,1701989583303,14,1.4870
IMXUSDT,BUY,LIMIT,1701992453578,26,1.5524
IMXUSDT,BUY,LIMIT,1701993363532,73,1.5629
IMXUSDT,BUY,LIMIT,1701993609323,7,1.5641
IMXUSDT,SELL,LIMIT,1701993742811,744,1.5057
IMXUSDT,BUY,LIMIT,1701993978041,96,1.5618
IMXUSDT,BUY,LIMIT,1701994207207,4,1.5659
IMXUSDT,BUY,LIMIT,1701994276912,149,1.5683
IMXUSDT,BUY,LIMIT,1701994279949,2580,1.5695
IMXUSDT,BUY,LIMIT,1701994296002,4,1.5699
IMXUSDT,BUY,LIMIT,1701994297804,57,1.5702
IMXUSDT,BUY,LIMIT,1701994309135,893,1.5713
IMXUSDT,BUY,LIMIT,1701994321849,17,1.5745
IMXUSDT,BUY,LIMIT,1701994323339,80,1.5755
IMXUSDT,BUY,LIMIT,1701994328363,141,1.5777
IMXUSDT,BUY,LIMIT,1701994338588,3264,1.5786
IMXUSDT,BUY,LIMIT,1701994340715,1292,1.5785
IMXUSDT,BUY,LIMIT,1701994379647,3225,1.5806
IMXUSDT,BUY,LIMIT,1701994383769,744,1.5810
IMXUSDT,BUY,LIMIT,1701994479991,4,1.5828
IMXUSDT,BUY,LIMIT,1701994484179,13,1.5857
IMXUSDT,BUY,LIMIT,1701994489433,98,1.5857
IMXUSDT,BUY,LIMIT,1701994491132,16,1.5886
IMXUSDT,BUY,LIMIT,1701994496304,87,1.5898
IMXUSDT,BUY,LIMIT,1701994498876,3774,1.5931
IMXUSDT,BUY,LIMIT,1701994501440,298,1.5926
IMXUSDT,BUY,LIMIT,1701994502889,194,1.5929
IMXUSDT,BUY,LIMIT,1701994504141,2183,1.5935
IMXUSDT,BUY,LIMIT,1701994505276,131,1.5968
IMXUSDT,BUY,LIMIT,1701994508817,1313,1.5983
IMXUSDT,BUY,LIMIT,1701994514217,4393,1.6044
IMXUSDT,BUY,LIMIT,1701994516675,801,1.6014
IMXUSDT,BUY,LIMIT,1701994519119,120,1.6037
IMXUSDT,BUY,LIMIT,1701994520126,835,1.6055
IMXUSDT,BUY,LIMIT,1701994521426,155,1.6060
IMXUSDT,BUY,LIMIT,1701994522477,184,1.6057
IMXUSDT,BUY,LIMIT,1701994536216,800,1.6047
IMXUSDT,BUY,LIMIT,1701994559655,666,1.6062
IMXUSDT,BUY,LIMIT,1701994560790,10,1.6071
IMXUSDT,BUY,LIMIT,1701994580353,3,1.6096
IMXUSDT,BUY,LIMIT,1701994581384,5,1.6096
IMXUSDT,BUY,LIMIT,1701994583053,39,1.6128
IMXUSDT,BUY,LIMIT,1701994585878,2527,1.6131
IMXUSDT,BUY,LIMIT,1701994588216,2134,1.6156
IMXUSDT,BUY,LIMIT,1701994589350,84,1.6159
IMXUSDT,BUY,LIMIT,1701994591984,35,1.6171
IMXUSDT,BUY,LIMIT,1701994606389,23,1.6192
IMXUSDT,BUY,LIMIT,1701994702734,2573,1.6201
IMXUSDT,SELL,LIMIT,1701994725242,1759,1.5586
IMXUSDT,SELL,LIMIT,1701994727326,632,1.5559
IMXUSDT,SELL,LIMIT,1701994809089,940,1.5526
IMXUSDT,SELL,LIMIT,1701994820509,15,1.5477
IMXUSDT,SELL,LIMIT,1701994828985,597,1.5427
IMXUSDT,BUY,LIMIT,1701995251423,101,1.6105
IMXUSDT,SELL,LIMIT,1701995311320,118,1.5600
IMXUSDT,SELL,LIMIT,1701995782481,1701,1.5337
IMXUSDT,SELL,LIMIT,1701995834667,204,1.5271
IMXUSDT,SELL,LIMIT,1701996117137,158,1.5228
IMXUSDT,SELL,LIMIT,1701996254749,5918,1.5084
IMXUSDT,SELL,LIMIT,1701996256644,5138,1.5095
IMXUSDT,SELL,LIMIT,1701996264364,360,1.5137
IMXUSDT,SELL,LIMIT,1701996383056,38,1.5098
IMXUSDT,SELL,LIMIT,1701997639438,315,1.5029
IMXUSDT,SELL,LIMIT,1701997658072,35,1.5019
IMXUSDT,SELL,LIMIT,1701997675460,55,1.4997
IMXUSDT,SELL,LIMIT,1701997772214,568,1.4916
IMXUSDT,BUY,LIMIT,1701997806978,985,1.5470
IMXUSDT,BUY,LIMIT,1701998308674,238,1.5485
IMXUSDT,BUY,LIMIT,1701998764136,24,1.5507
IMXUSDT,BUY,LIMIT,1702000504448,250,1.5622
IMXUSDT,SELL,LIMIT,1702001672377,42,1.5062
IMXUSDT,SELL,LIMIT,1702001923562,231,1.4935
IMXUSDT,SELL,LIMIT,1702003366996,476,1.4968
IMXUSDT,SELL,LIMIT,1702003828728,56,1.5022
IMXUSDT,BUY,LIMIT,1702003856677,3355,1.5456
IMXUSDT,BUY,LIMIT,1702005360602,526,1.5396
IMXUSDT,SELL,LIMIT,1702005363184,4,1.4980
IMXUSDT,BUY,LIMIT,1702006405287,746,1.5402
IMXUSDT,BUY,LIMIT,1702006467491,956,1.5370
IMXUSDT,BUY,LIMIT,1702006586373,171,1.5444
IMXUSDT,BUY,LIMIT,1702007154540,20,1.5435
IMXUSDT,SELL,LIMIT,1702009022231,49,1.4983
IMXUSDT,BUY,LIMIT,1702009681148,464,1.5422
IMXUSDT,SELL,LIMIT,1702010327917,3,1.4920
IMXUSDT,SELL,LIMIT,1702011897674,189,1.4770
IMXUSDT,SELL,LIMIT,1702012038442,2509,1.4758
IMXUSDT,SELL,LIMIT,1702012473204,1082,1.4732
IMXUSDT,BUY,LIMIT,1702016070094,4,1.5286
IMXUSDT,SELL,LIMIT,1702020166302,10,1.4705
IMXUSDT,SELL,LIMIT,1702020171566,129,1.4704
IMXUSDT,SELL,LIMIT,1702020190513,13,1.4673
IMXUSDT,BUY,LIMIT,1702021628559,10,1.5198
IMXUSDT,SELL,LIMIT,1702022553285,16,1.4613
IMXUSDT,BUY,LIMIT,1702027082483,58,1.5205
IMXUSDT,BUY,LIMIT,1702027754611,146,1.5425
IMXUSDT,BUY,LIMIT,1702029038523,1192,1.5459
IMXUSDT,BUY,LIMIT,1702029041816,108,1.5461
IMXUSDT,BUY,LIMIT,1702029256448,47,1.5541
IMXUSDT,SELL,LIMIT,1702029742070,1291,1.4984
IMXUSDT,BUY,LIMIT,1702033228539,26,1.5485
IMXUSDT,BUY,LIMIT,1702036151226,80,1.5341
IMXUSDT,SELL,LIMIT,1702040331403,355,1.4928
IMXUSDT,BUY,LIMIT,1702043278549,264,1.5484
IMXUSDT,BUY,LIMIT,1702048108127,7,1.5566
IMXUSDT,BUY,LIMIT,1702048309481,34,1.5612
IMXUSDT,BUY,LIMIT,1702048359233,6,1.5638
IMXUSDT,SELL,LIMIT,1702049083660,263,1.5118
IMXUSDT,BUY,LIMIT,1702049720508,6,1.5731
IMXUSDT,BUY,LIMIT,1702049721684,600,1.5839
IMXUSDT,BUY,LIMIT,1702049725981,295,1.5846
IMXUSDT,BUY,LIMIT,1702051767088,67,1.5877
IMXUSDT,BUY,LIMIT,1702051768254,2783,1.5876
IMXUSDT,BUY,LIMIT,1702051774307,1149,1.5910
IMXUSDT,BUY,LIMIT,1702051790361,114,1.5954
IMXUSDT,BUY,LIMIT,1702051791424,131,1.5941
IMXUSDT,BUY,LIMIT,1702051984871,139,1.6005
IMXUSDT,BUY,LIMIT,1702052530226,49,1.5937
IMXUSDT,BUY,LIMIT,1702052586627,134,1.5918
IMXUSDT,SELL,LIMIT,1702052719329,20,1.5404
IMXUSDT,BUY,LIMIT,1702054928485,43,1.6022
IMXUSDT,SELL,LIMIT,1702056248991,282,1.5470
IMXUSDT,SELL,LIMIT,1702059081067,3197,1.5384
IMXUSDT,SELL,LIMIT,1702060431233,21,1.5366
IMXUSDT,BUY,LIMIT,1702061458341,3000,1.5821
IMXUSDT,BUY,LIMIT,1702064060253,16,1.5852
IMXUSDT,BUY,LIMIT,1702065167574,56,1.5864
IMXUSDT,BUY,LIMIT,1702065623884,240,1.5862
IMXUSDT,BUY,LIMIT,1702066093758,4921,1.5938
IMXUSDT,BUY,LIMIT,1702066380315,6,1.6039
IMXUSDT,BUY,LIMIT,1702068238866,80,1.5995
IMXUSDT,BUY,LIMIT,1702071225966,71,1.6067
IMXUSDT,BUY,LIMIT,1702071322449,100,1.6081
IMXUSDT,BUY,LIMIT,1702072954524,201,1.6131
IMXUSDT,BUY,LIMIT,1702073257571,266,1.6137
IMXUSDT,BUY,LIMIT,1702073673495,26,1.6180
IMXUSDT,BUY,LIMIT,1702074074725,30,1.6192
IMXUSDT,SELL,LIMIT,1702076450449,1726,1.5606
IMXUSDT,BUY,LIMIT,1702078548839,216,1.5971
IMXUSDT,BUY,LIMIT,1702081350717,717,1.6058
IMXUSDT,BUY,LIMIT,1702082012346,33,1.6076
IMXUSDT,BUY,LIMIT,1702082048971,659,1.6078
IMXUSDT,BUY,LIMIT,1702082279388,40,1.6191
IMXUSDT,BUY,LIMIT,1702082290459,3146,1.6199
IMXUSDT,BUY,LIMIT,1702082304212,4,1.6216
IMXUSDT,BUY,LIMIT,1702082420850,287,1.6221
IMXUSDT,BUY,LIMIT,1702082595211,88,1.6245
IMXUSDT,BUY,LIMIT,1702082977449,238,1.6213
IMXUSDT,BUY,LIMIT,1702083859319,204,1.6093
IMXUSDT,SELL,LIMIT,1702084103423,42,1.5465
IMXUSDT,SELL,LIMIT,1702084181225,140,1.5420
IMXUSDT,SELL,LIMIT,1702084202866,94,1.5402
IMXUSDT,SELL,LIMIT,1702088206954,11,1.5792
IMXUSDT,BUY,LIMIT,1702091756252,1416,1.5976
IMXUSDT,BUY,LIMIT,1702093177631,5203,1.6306
IMXUSDT,BUY,LIMIT,1702093540639,37,1.6265
IMXUSDT,BUY,LIMIT,1702093545052,5,1.6271
IMXUSDT,BUY,LIMIT,1702094640017,82,1.6318
IMXUSDT,BUY,LIMIT,1702094706132,66,1.6338
IMXUSDT,BUY,LIMIT,1702094733268,2042,1.6395
IMXUSDT,BUY,LIMIT,1702094735893,8,1.6402
IMXUSDT,BUY,LIMIT,1702094738236,16,1.6416
IMXUSDT,BUY,LIMIT,1702094741345,35,1.6422
IMXUSDT,BUY,LIMIT,1702094754260,4,1.6429
IMXUSDT,BUY,LIMIT,1702094785777,2075,1.6429
IMXUSDT,BUY,LIMIT,1702094789171,780,1.6431
IMXUSDT,BUY,LIMIT,1702095177130,127,1.6444
IMXUSDT,BUY,LIMIT,1702095253057,13,1.6489
IMXUSDT,BUY,LIMIT,1702095254183,164,1.6477
IMXUSDT,BUY,LIMIT,1702095296252,145,1.6545
IMXUSDT,BUY,LIMIT,1702095335204,12,1.6562
IMXUSDT,BUY,LIMIT,1702095388418,664,1.6567
IMXUSDT,SELL,LIMIT,1702095798439,150,1.6000
IMXUSDT,BUY,LIMIT,1702096411873,1522,1.6580
IMXUSDT,BUY,LIMIT,1702096751249,1942,1.6594
IMXUSDT,BUY,LIMIT,1702096828362,83,1.6621
IMXUSDT,BUY,LIMIT,1702096831911,45,1.6637
IMXUSDT,BUY,LIMIT,1702096833109,23,1.6650
IMXUSDT,BUY,LIMIT,1702096834166,60,1.6647
IMXUSDT,BUY,LIMIT,1702096842264,6,1.6655
IMXUSDT,BUY,LIMIT,1702096845258,354,1.6668
IMXUSDT,BUY,LIMIT,1702097005717,72,1.6710
IMXUSDT,BUY,LIMIT,1702097253464,286,1.6743
IMXUSDT,BUY,LIMIT,1702097255105,62,1.6746
IMXUSDT,BUY,LIMIT,1702097279998,7,1.6765
IMXUSDT,BUY,LIMIT,1702097399614,1759,1.6793
IMXUSDT,BUY,LIMIT,1702097402302,94,1.6798
IMXUSDT,BUY,LIMIT,1702097412446,356,1.6808
IMXUSDT,BUY,LIMIT,1702097414891,9,1.6810
IMXUSDT,BUY,LIMIT,1702097416031,79,1.6815
IMXUSDT,BUY,LIMIT,1702097428323,27,1.6842
IMXUSDT,BUY,LIMIT,1702097430996,361,1.6884
IMXUSDT,BUY,LIMIT,1702097435218,626,1.6887
IMXUSDT,BUY,LIMIT,1702097623234,3228,1.6908
IMXUSDT,BUY,LIMIT,1702097718150,6,1.6907
IMXUSDT,BUY,LIMIT,1702097719184,26,1.6906
IMXUSDT,BUY,LIMIT,1702097747529,1800,1.6959
IMXUSDT,BUY,LIMIT,1702097766746,2800,1.6995
IMXUSDT,BUY,LIMIT,1702097775854,1068,1.7002
IMXUSDT,BUY,LIMIT,1702097779510,21,1.7005
IMXUSDT,BUY,LIMIT,1702097782330,159,1.7009
IMXUSDT,BUY,LIMIT,1702097792339,244,1.7023
IMXUSDT,BUY,LIMIT,1702097806233,3762,1.7092
IMXUSDT,BUY,LIMIT,1702097825524,64,1.7057
IMXUSDT,SELL,LIMIT,1702097857383,434,1.6478
IMXUSDT,BUY,LIMIT,1702098553786,77,1.6893
IMXUSDT,BUY,LIMIT,1702099077679,3000,1.6793
IMXUSDT,BUY,LIMIT,1702100188319,163,1.6952
IMXUSDT,BUY,LIMIT,1702100868365,168,1.7088
IMXUSDT,BUY,LIMIT,1702101003347,189,1.7125
IMXUSDT,BUY,LIMIT,1702101019943,15,1.7141
IMXUSDT,SELL,LIMIT,1702101088382,6,1.6471
IMXUSDT,BUY,LIMIT,1702101200168,212,1.6990
IMXUSDT,BUY,LIMIT,1702101512438,43,1.7171
IMXUSDT,BUY,LIMIT,1702101551154,11,1.7195
IMXUSDT,BUY,LIMIT,1702101555606,67,1.7235
IMXUSDT,BUY,LIMIT,1702101557142,885,1.7243
IMXUSDT,BUY,LIMIT,1702101611198,986,1.7279
IMXUSDT,BUY,LIMIT,1702101624172,51,1.7327
IMXUSDT,BUY,LIMIT,1702101637157,700,1.7359
IMXUSDT,BUY,LIMIT,1702101644302,1560,1.7474
IMXUSDT,BUY,LIMIT,1702101645883,45,1.7509
IMXUSDT,BUY,LIMIT,1702101650995,23,1.7526
IMXUSDT,SELL,LIMIT,1702101950015,2934,1.6702
IMXUSDT,BUY,LIMIT,1702102077171,60,1.7316
IMXUSDT,BUY,LIMIT,1702102497078,300,1.7426
IMXUSDT,SELL,LIMIT,1702102681394,164,1.6765
IMXUSDT,BUY,LIMIT,1702102900727,301,1.7203
IMXUSDT,BUY,LIMIT,1702103510576,211,1.7283
IMXUSDT,BUY,LIMIT,1702103600472,25,1.7319
IMXUSDT,SELL,LIMIT,1702104086863,1941,1.6817
IMXUSDT,BUY,LIMIT,1702104491276,49,1.7346
IMXUSDT,BUY,LIMIT,1702104704771,4,1.7435
IMXUSDT,BUY,LIMIT,1702104834274,59,1.7484
IMXUSDT,BUY,LIMIT,1702104842308,200,1.7514
IMXUSDT,BUY,LIMIT,1702104852605,48,1.7553
IMXUSDT,BUY,LIMIT,1702104858328,703,1.7567
IMXUSDT,BUY,LIMIT,1702104859343,71,1.7578
IMXUSDT,BUY,LIMIT,1702104860416,481,1.7582
IMXUSDT,BUY,LIMIT,1702104862138,2062,1.7597
IMXUSDT,BUY,LIMIT,1702104864275,38,1.7612
IMXUSDT,BUY,LIMIT,1702104866862,625,1.7640
IMXUSDT,BUY,LIMIT,1702104900034,87,1.7624
IMXUSDT,BUY,LIMIT,1702104904290,179,1.7654
IMXUSDT,BUY,LIMIT,1702104907620,12,1.7662
IMXUSDT,BUY,LIMIT,1702104910459,2743,1.7674
IMXUSDT,BUY,LIMIT,1702104924016,112,1.7720
IMXUSDT,BUY,LIMIT,1702104926404,892,1.7727
IMXUSDT,BUY,LIMIT,1702104927550,114,1.7747
IMXUSDT,BUY,LIMIT,1702104929020,2906,1.7769
IMXUSDT,BUY,LIMIT,1702104930268,1910,1.7781
IMXUSDT,BUY,LIMIT,1702104936552,779,1.7798
IMXUSDT,BUY,LIMIT,1702104941802,26,1.7812
IMXUSDT,BUY,LIMIT,1702104945242,139,1.7869
IMXUSDT,BUY,LIMIT,1702104953121,194,1.7898
IMXUSDT,BUY,LIMIT,1702104961091,251,1.7915
IMXUSDT,BUY,LIMIT,1702104963252,103,1.7929
IMXUSDT,BUY,LIMIT,1702104980133,1181,1.7944
IMXUSDT,BUY,LIMIT,1702104981135,4517,1.8030
IMXUSDT,BUY,LIMIT,1702104982488,299,1.7999
IMXUSDT,BUY,LIMIT,1702104984002,23,1.8020
IMXUSDT,BUY,LIMIT,1702104985007,122,1.8039
IMXUSDT,BUY,LIMIT,1702104986409,295,1.8091
IMXUSDT,BUY,LIMIT,1702104988829,1000,1.8107
IMXUSDT,BUY,LIMIT,1702104990262,4430,1.8191
IMXUSDT,BUY,LIMIT,1702104991266,4,1.8162
IMXUSDT,SELL,LIMIT,1702105062046,1397,1.7528
IMXUSDT,SELL,LIMIT,1702105068660,156,1.7462
IMXUSDT,SELL,LIMIT,1702105208308,2092,1.7258
IMXUSDT,BUY,LIMIT,1702105231078,86,1.7908
IMXUSDT,SELL,LIMIT,1702105344107,92,1.7291
IMXUSDT,SELL,LIMIT,1702105452130,154,1.7380
IMXUSDT,BUY,LIMIT,1702105793165,12,1.8005
IMXUSDT,SELL,LIMIT,1702106143632,403,1.7311
IMXUSDT,BUY,LIMIT,1702106206348,54,1.7899
IMXUSDT,BUY,LIMIT,1702106572843,153,1.8152
IMXUSDT,BUY,LIMIT,1702106575473,319,1.8189
IMXUSDT,SELL,LIMIT,1702106736568,803,1.7548
IMXUSDT,BUY,LIMIT,1702106866137,82,1.8051
IMXUSDT,BUY,LIMIT,1702107347080,310,1.8124
IMXUSDT,BUY,LIMIT,1702107399272,2820,1.8200
IMXUSDT,BUY,LIMIT,1702107402127,324,1.8213
IMXUSDT,BUY,LIMIT,1702107417650,13102,1.8379
IMXUSDT,BUY,LIMIT,1702107420332,156,1.8260
IMXUSDT,BUY,LIMIT,1702107484045,614,1.8285
IMXUSDT,BUY,LIMIT,1702107485836,146,1.8313
IMXUSDT,BUY,LIMIT,1702107490390,185,1.8346
IMXUSDT,BUY,LIMIT,1702107493145,6,1.8368
IMXUSDT,BUY,LIMIT,1702107496549,2834,1.8389
IMXUSDT,BUY,LIMIT,1702107500215,1118,1.8406
IMXUSDT,SELL,LIMIT,1702107513558,86,1.7740
IMXUSDT,SELL,LIMIT,1702107514651,1217,1.7734
IMXUSDT,SELL,LIMIT,1702107518297,1848,1.7718
IMXUSDT,SELL,LIMIT,1702107912269,1252,1.7553
IMXUSDT,BUY,LIMIT,1702107981969,1340,1.8296
IMXUSDT,SELL,LIMIT,1702108311250,288,1.7535
IMXUSDT,SELL,LIMIT,1702108382575,3,1.7454
IMXUSDT,BUY,LIMIT,1702109059323,141,1.8116
IMXUSDT,BUY,LIMIT,1702109101256,309,1.8157
IMXUSDT,BUY,LIMIT,1702109359571,7,1.8113
IMXUSDT,BUY,LIMIT,1702109514107,32,1.8090
IMXUSDT,BUY,LIMIT,1702109724335,200,1.8133
IMXUSDT,BUY,LIMIT,1702109894166,1362,1.8190
IMXUSDT,BUY,LIMIT,1702109967677,969,1.8307
IMXUSDT,BUY,LIMIT,1702110265329,150,1.8254
IMXUSDT,BUY,LIMIT,1702110313054,591,1.8320
IMXUSDT,SELL,LIMIT,1702110683204,3,1.7464
IMXUSDT,SELL,LIMIT,1702110693651,6,1.7415
IMXUSDT,SELL,LIMIT,1702110699094,589,1.7408
IMXUSDT,SELL,LIMIT,1702110709878,34,1.7398
IMXUSDT,SELL,LIMIT,1702110715366,173,1.7379
IMXUSDT,SELL,LIMIT,1702110717884,154,1.7364
IMXUSDT,SELL,LIMIT,1702110838878,9,1.7352
IMXUSDT,SELL,LIMIT,1702110880690,16,1.7290
IMXUSDT,SELL,LIMIT,1702110882269,280,1.7268
IMXUSDT,SELL,LIMIT,1702110970061,4,1.7314
IMXUSDT,SELL,LIMIT,1702110977804,308,1.7260
IMXUSDT,SELL,LIMIT,1702110981437,115,1.7238
IMXUSDT,SELL,LIMIT,1702110982493,79,1.7219
IMXUSDT,SELL,LIMIT,1702110983799,274,1.7216
IMXUSDT,SELL,LIMIT,1702111031229,58,1.8101
IMXUSDT,SELL,LIMIT,1702111032315,133,1.7190
IMXUSDT,SELL,LIMIT,1702111044146,1002,1.7129
IMXUSDT,SELL,LIMIT,1702111046682,58,1.7102
IMXUSDT,SELL,LIMIT,1702111048183,617,1.7093
IMXUSDT,SELL,LIMIT,1702111189729,1386,1.7056
IMXUSDT,SELL,LIMIT,1702111378662,84,1.7035
IMXUSDT,SELL,LIMIT,1702111385170,149,1.7022
IMXUSDT,BUY,LIMIT,1702111386529,28,1.7516
IMXUSDT,BUY,LIMIT,1702111539891,287,1.7719
IMXUSDT,SELL,LIMIT,1702111988826,631,1.7347
IMXUSDT,SELL,LIMIT,1702112737067,11,1.7227
IMXUSDT,BUY,LIMIT,1702113414324,117,1.7738
IMXUSDT,BUY,LIMIT,1702113715856,482,1.7800
IMXUSDT,SELL,LIMIT,1702114645393,48,1.7150
IMXUSDT,BUY,LIMIT,1702115181303,99,1.7618
IMXUSDT,BUY,LIMIT,1702116174296,952,1.7728
IMXUSDT,BUY,LIMIT,1702116556162,730,1.7814
IMXUSDT,BUY,LIMIT,1702119016748,28,1.7928
IMXUSDT,BUY,LIMIT,1702121459494,78,1.7972
IMXUSDT,BUY,LIMIT,1702121543132,51,1.8065
IMXUSDT,SELL,LIMIT,1702123141621,3,1.7404
IMXUSDT,BUY,LIMIT,1702124995492,242,1.8186
IMXUSDT,BUY,LIMIT,1702124998246,706,1.8221
IMXUSDT,BUY,LIMIT,1702125066185,419,1.8274
IMXUSDT,BUY,LIMIT,1702125241119,164,1.8316
IMXUSDT,BUY,LIMIT,1702125283655,110,1.8326
IMXUSDT,BUY,LIMIT,1702125298229,157,1.8412
IMXUSDT,SELL,LIMIT,1702125311620,357,1.7746
IMXUSDT,SELL,LIMIT,1702125321789,2122,1.7688
IMXUSDT,SELL,LIMIT,1702125427679,98,1.7614
IMXUSDT,SELL,LIMIT,1702126126685,300,1.7569
IMXUSDT,BUY,LIMIT,1702126179321,7,1.8200
IMXUSDT,SELL,LIMIT,1702126981355,17,1.7552
IMXUSDT,SELL,LIMIT,1702127010652,127,1.7528
IMXUSDT,SELL,LIMIT,1702128660153,16,1.7773
IMXUSDT,BUY,LIMIT,1702129687286,28,1.8262
IMXUSDT,SELL,LIMIT,1702131519661,1182,1.7578
IMXUSDT,SELL,LIMIT,1702131536581,25,1.7538
IMXUSDT,SELL,LIMIT,1702132610377,261,1.7445
IMXUSDT,SELL,LIMIT,1702132676211,153,1.7425
IMXUSDT,SELL,LIMIT,1702132823277,56,1.7420
IMXUSDT,SELL,LIMIT,1702133000323,108,1.7337
IMXUSDT,SELL,LIMIT,1702133003885,149,1.7324
IMXUSDT,SELL,LIMIT,1702133017193,78,1.7346
IMXUSDT,SELL,LIMIT,1702133345068,278,1.7344
IMXUSDT,BUY,LIMIT,1702134493726,77,1.7972
IMXUSDT,BUY,LIMIT,1702135091495,500,1.8069
IMXUSDT,BUY,LIMIT,1702135103234,650,1.8073
IMXUSDT,BUY,LIMIT,1702135376019,322,1.8089
IMXUSDT,BUY,LIMIT,1702135434329,2588,1.8094
IMXUSDT,BUY,LIMIT,1702136018327,8,1.8213
IMXUSDT,BUY,LIMIT,1702136026287,310,1.8266
IMXUSDT,BUY,LIMIT,1702136027402,91,1.8258
IMXUSDT,BUY,LIMIT,1702136030173,700,1.8294
IMXUSDT,BUY,LIMIT,1702136031694,67,1.8299
IMXUSDT,BUY,LIMIT,1702136035529,3862,1.8366
IMXUSDT,BUY,LIMIT,1702136074274,1116,1.8409
IMXUSDT,BUY,LIMIT,1702136223339,244,1.8456
IMXUSDT,BUY,LIMIT,1702136224435,3900,1.8538
IMXUSDT,BUY,LIMIT,1702136227062,3,1.8554
IMXUSDT,BUY,LIMIT,1702136228523,537,1.8558
IMXUSDT,BUY,LIMIT,1702136235363,142,1.8565
IMXUSDT,BUY,LIMIT,1702136244302,186,1.8589
IMXUSDT,BUY,LIMIT,1702136245464,20,1.8570
IMXUSDT,BUY,LIMIT,1702136246493,34,1.8598
IMXUSDT,BUY,LIMIT,1702136263509,57,1.8611
IMXUSDT,BUY,LIMIT,1702136269167,116,1.8611
IMXUSDT,BUY,LIMIT,1702136272283,7,1.8637
IMXUSDT,BUY,LIMIT,1702136274728,5,1.8657
IMXUSDT,BUY,LIMIT,1702136279212,2963,1.8670
IMXUSDT,BUY,LIMIT,1702136280268,158,1.8702
IMXUSDT,BUY,LIMIT,1702136281289,10,1.8693
IMXUSDT,SELL,LIMIT,1702136353332,1916,1.8003
IMXUSDT,BUY,LIMIT,1702136573493,27,1.8677
IMXUSDT,SELL,LIMIT,1702136681147,4,1.8011
IMXUSDT,SELL,LIMIT,1702136693648,166,1.7962
IMXUSDT,SELL,LIMIT,1702136698506,305,1.7906
IMXUSDT,SELL,LIMIT,1702136703079,172,1.7865
IMXUSDT,SELL,LIMIT,1702136715550,203,1.7835
IMXUSDT,SELL,LIMIT,1702136745902,68,1.7775
IMXUSDT,SELL,LIMIT,1702136965239,97,1.7764
IMXUSDT,SELL,LIMIT,1702136983173,21,1.7727
IMXUSDT,SELL,LIMIT,1702137263607,762,1.7662
IMXUSDT,SELL,LIMIT,1702137266293,201,1.7645
IMXUSDT,SELL,LIMIT,1702137285578,8,1.7603
IMXUSDT,SELL,LIMIT,1702137555696,5,1.7587
IMXUSDT,BUY,LIMIT,1702137713409,179,1.8292
IMXUSDT,BUY,LIMIT,1702138387907,162,1.8344
IMXUSDT,BUY,LIMIT,1702138486506,63,1.8355
IMXUSDT,BUY,LIMIT,1702138489307,30,1.8363
IMXUSDT,BUY,LIMIT,1702138738225,6,1.8521
IMXUSDT,BUY,LIMIT,1702138739458,108,1.8527
IMXUSDT,BUY,LIMIT,1702138741615,466,1.8537
IMXUSDT,BUY,LIMIT,1702138802310,2145,1.8590
IMXUSDT,SELL,LIMIT,1702139009517,160,1.7970
IMXUSDT,SELL,LIMIT,1702139015678,375,1.7941
IMXUSDT,BUY,LIMIT,1702139074999,501,1.8677
IMXUSDT,BUY,LIMIT,1702139095340,2315,1.8728
IMXUSDT,BUY,LIMIT,1702139100781,519,1.8762
IMXUSDT,BUY,LIMIT,1702139104721,3859,1.8821
IMXUSDT,BUY,LIMIT,1702139115637,5,1.8718
IMXUSDT,SELL,LIMIT,1702139135392,478,1.8075
IMXUSDT,BUY,LIMIT,1702139215065,76,1.8721
IMXUSDT,SELL,LIMIT,1702139282639,108,1.8051
IMXUSDT,SELL,LIMIT,1702139283766,88,1.8029
IMXUSDT,BUY,LIMIT,1702139361871,13,1.8775
IMXUSDT,BUY,LIMIT,1702139367868,2705,1.8783
IMXUSDT,BUY,LIMIT,1702139371324,20,1.8807
IMXUSDT,BUY,LIMIT,1702139378432,10,1.8824
IMXUSDT,BUY,LIMIT,1702139380448,77,1.8825
IMXUSDT,BUY,LIMIT,1702139527087,33,1.8843
IMXUSDT,BUY,LIMIT,1702139528222,160,1.8845
IMXUSDT,BUY,LIMIT,1702139529330,20,1.8845
IMXUSDT,BUY,LIMIT,1702139530864,491,1.8866
IMXUSDT,BUY,LIMIT,1702139533063,245,1.8868
IMXUSDT,BUY,LIMIT,1702139572841,539,1.8890
IMXUSDT,BUY,LIMIT,1702139591413,54,1.8901
IMXUSDT,SELL,LIMIT,1702139712295,918,1.8230
IMXUSDT,SELL,LIMIT,1702139722914,654,1.8222
IMXUSDT,SELL,LIMIT,1702139727423,92,1.8214
IMXUSDT,SELL,LIMIT,1702139921171,2021,1.8179
IMXUSDT,SELL,LIMIT,1702139929950,4,1.8156
IMXUSDT,SELL,LIMIT,1702139932141,576,1.8153
IMXUSDT,SELL,LIMIT,1702139947116,6,1.8120
IMXUSDT,SELL,LIMIT,1702139948363,21,1.8135
IMXUSDT,BUY,LIMIT,1702139959215,250,1.8744
IMXUSDT,BUY,LIMIT,1702139962273,5,1.8805
IMXUSDT,SELL,LIMIT,1702140233236,52,1.8110
IMXUSDT,SELL,LIMIT,1702140234362,135,1.8080
IMXUSDT,SELL,LIMIT,1702140235795,3,1.8073
IMXUSDT,SELL,LIMIT,1702140237202,3,1.8061
IMXUSDT,SELL,LIMIT,1702140238415,15,1.8054
IMXUSDT,SELL,LIMIT,1702140240390,55,1.8036
IMXUSDT,BUY,LIMIT,1702140430394,536,1.8676
IMXUSDT,BUY,LIMIT,1702140432547,24,1.8683
IMXUSDT,BUY,LIMIT,1702140449302,58,1.8707
IMXUSDT,BUY,LIMIT,1702140776621,709,1.8763
IMXUSDT,BUY,LIMIT,1702140795115,154,1.8812
IMXUSDT,BUY,LIMIT,1702140801851,358,1.8828
IMXUSDT,BUY,LIMIT,1702140803187,10,1.8838
IMXUSDT,SELL,LIMIT,1702141001416,300,1.8180
IMXUSDT,BUY,LIMIT,1702141046945,238,1.8792
IMXUSDT,BUY,LIMIT,1702141122051,385,1.8867
IMXUSDT,BUY,LIMIT,1702141200103,43,1.8840
IMXUSDT,SELL,LIMIT,1702141220375,2099,1.8217
IMXUSDT,SELL,LIMIT,1702141385176,500,1.8105
IMXUSDT,BUY,LIMIT,1702141577339,265,1.8863
IMXUSDT,BUY,LIMIT,1702141579115,120,1.8889
IMXUSDT,BUY,LIMIT,1702141580219,31,1.8896
IMXUSDT,BUY,LIMIT,1702141650048,943,1.8915
IMXUSDT,BUY,LIMIT,1702141653148,2783,1.8927
IMXUSDT,BUY,LIMIT,1702141654213,232,1.8926
IMXUSDT,BUY,LIMIT,1702141655330,409,1.8931
IMXUSDT,SELL,LIMIT,1702141721696,276,1.8350
IMXUSDT,SELL,LIMIT,1702141746886,1425,1.8307
IMXUSDT,SELL,LIMIT,1702141859940,591,1.8251
IMXUSDT,BUY,LIMIT,1702141907918,11,1.8908
IMXUSDT,BUY,LIMIT,1702141911251,407,1.8917
IMXUSDT,BUY,LIMIT,1702141912406,2614,1.8916
IMXUSDT,BUY,LIMIT,1702141918077,1225,1.8962
IMXUSDT,BUY,LIMIT,1702141920269,979,1.9000
IMXUSDT,BUY,LIMIT,1702141921918,2500,1.9007
IMXUSDT,BUY,LIMIT,1702142031852,665,1.9043
IMXUSDT,BUY,LIMIT,1702142034120,2648,1.9051
IMXUSDT,BUY,LIMIT,1702142037060,2400,1.9076
IMXUSDT,BUY,LIMIT,1702142038139,167,1.9074
IMXUSDT,BUY,LIMIT,1702142040925,7,1.9100
IMXUSDT,BUY,LIMIT,1702142042923,267,1.9108
IMXUSDT,BUY,LIMIT,1702142045499,194,1.9123
IMXUSDT,BUY,LIMIT,1702142047008,150,1.9132
IMXUSDT,BUY,LIMIT,1702142157583,119,1.9134
IMXUSDT,BUY,LIMIT,1702142167572,53,1.9180
IMXUSDT,BUY,LIMIT,1702142170024,1355,1.9184
IMXUSDT,BUY,LIMIT,1702142171234,13,1.9187
IMXUSDT,BUY,LIMIT,1702142178138,8,1.9196
IMXUSDT,BUY,LIMIT,1702142191710,493,1.9202
IMXUSDT,SELL,LIMIT,1702142216525,106,1.8710
IMXUSDT,SELL,LIMIT,1702142276732,432,1.8523
IMXUSDT,SELL,LIMIT,1702142292200,4,1.8510
IMXUSDT,SELL,LIMIT,1702142294259,945,1.8482
IMXUSDT,BUY,LIMIT,1702142453005,527,1.9116
IMXUSDT,BUY,LIMIT,1702142760293,1749,1.9184
IMXUSDT,SELL,LIMIT,1702142775068,25,1.8655
IMXUSDT,SELL,LIMIT,1702142777483,438,1.8555
IMXUSDT,SELL,LIMIT,1702142787668,262,1.8496
IMXUSDT,SELL,LIMIT,1702142837309,90,1.8455
IMXUSDT,SELL,LIMIT,1702142870433,3,1.8421
IMXUSDT,SELL,LIMIT,1702142875333,699,1.8398
IMXUSDT,BUY,LIMIT,1702142941882,1338,1.9039
IMXUSDT,SELL,LIMIT,1702143016950,47,1.8479
IMXUSDT,BUY,LIMIT,1702143076002,153,1.9083
IMXUSDT,SELL,LIMIT,1702143140145,59,1.8433
IMXUSDT,SELL,LIMIT,1702143186147,566,1.8392
IMXUSDT,SELL,LIMIT,1702143187560,27,1.8385
IMXUSDT,BUY,LIMIT,1702143216933,156,1.9061
IMXUSDT,BUY,LIMIT,1702143253916,261,1.9102
IMXUSDT,BUY,LIMIT,1702143260053,20,1.9123
IMXUSDT,BUY,LIMIT,1702143262239,816,1.9148
IMXUSDT,BUY,LIMIT,1702143303484,61,1.9197
IMXUSDT,BUY,LIMIT,1702143340521,50,1.9202
IMXUSDT,BUY,LIMIT,1702143345000,2046,1.9213
IMXUSDT,BUY,LIMIT,1702143346284,5,1.9214
IMXUSDT,BUY,LIMIT,1702143347315,2222,1.9223
IMXUSDT,BUY,LIMIT,1702143376535,225,1.9239
IMXUSDT,BUY,LIMIT,1702143380195,613,1.9243
IMXUSDT,BUY,LIMIT,1702143381418,32,1.9239
IMXUSDT,BUY,LIMIT,1702143386168,1085,1.9259
IMXUSDT,BUY,LIMIT,1702143387377,5,1.9265
IMXUSDT,BUY,LIMIT,1702143391162,1,1.9323
IMXUSDT,BUY,LIMIT,1702143392192,3,1.9306
IMXUSDT,BUY,LIMIT,1702143393287,5,1.9341
IMXUSDT,BUY,LIMIT,1702143566065,44,1.9355
IMXUSDT,BUY,LIMIT,1702143567666,587,1.9362
IMXUSDT,BUY,LIMIT,1702143574231,526,1.9386
IMXUSDT,BUY,LIMIT,1702143576723,105,1.9395
IMXUSDT,BUY,LIMIT,1702143851691,249,1.9385
IMXUSDT,BUY,LIMIT,1702143863490,210,1.9418
IMXUSDT,BUY,LIMIT,1702143864841,36,1.9424
IMXUSDT,BUY,LIMIT,1702143984458,243,1.9406
IMXUSDT,BUY,LIMIT,1702144131488,38,1.9414
IMXUSDT,SELL,LIMIT,1702144218745,114,1.8715
IMXUSDT,SELL,LIMIT,1702144227267,163,1.8707
IMXUSDT,SELL,LIMIT,1702144228313,98,1.8672
IMXUSDT,SELL,LIMIT,1702144231079,105,1.8608
IMXUSDT,SELL,LIMIT,1702144232475,27,1.8650
IMXUSDT,SELL,LIMIT,1702144233910,179,1.8579
IMXUSDT,SELL,LIMIT,1702144279348,27,1.8551
IMXUSDT,SELL,LIMIT,1702144365392,531,1.8581
IMXUSDT,BUY,LIMIT,1702144599434,2007,1.9272
IMXUSDT,BUY,LIMIT,1702144612490,1768,1.9287
IMXUSDT,BUY,LIMIT,1702144616421,119,1.9319
IMXUSDT,SELL,LIMIT,1702144644711,1,1.9920
IMXUSDT,BUY,LIMIT,1702144698140,230,1.9357
IMXUSDT,SELL,LIMIT,1702144773720,5,1.8685
IMXUSDT,SELL,LIMIT,1702144921745,28,1.8634
IMXUSDT,SELL,LIMIT,1702144922946,112,1.8628
IMXUSDT,SELL,LIMIT,1702144929311,83,1.8595
IMXUSDT,SELL,LIMIT,1702144968770,9,1.8536
IMXUSDT,SELL,LIMIT,1702144970088,78,1.8518
IMXUSDT,SELL,LIMIT,1702144971210,784,1.8500
IMXUSDT,BUY,LIMIT,1702145196764,155,1.9161
IMXUSDT,BUY,LIMIT,1702145273588,220,1.9185
IMXUSDT,BUY,LIMIT,1702145278268,265,1.9226
IMXUSDT,BUY,LIMIT,1702145280442,47,1.9245
IMXUSDT,BUY,LIMIT,1702145283114,2652,1.9258
IMXUSDT,BUY,LIMIT,1702145720346,290,1.9274
IMXUSDT,BUY,LIMIT,1702145722521,14,1.9282
IMXUSDT,BUY,LIMIT,1702145728118,15,1.9325
IMXUSDT,BUY,LIMIT,1702145738906,349,1.9381
IMXUSDT,BUY,LIMIT,1702145740302,30,1.9411
IMXUSDT,BUY,LIMIT,1702145763095,938,1.9421
IMXUSDT,BUY,LIMIT,1702145837118,974,1.9434
IMXUSDT,BUY,LIMIT,1702145839055,61,1.9439
IMXUSDT,BUY,LIMIT,1702145842180,201,1.9449
IMXUSDT,BUY,LIMIT,1702145844122,1667,1.9471
IMXUSDT,BUY,LIMIT,1702145845231,187,1.9487
IMXUSDT,BUY,LIMIT,1702145846241,1603,1.9522
IMXUSDT,BUY,LIMIT,1702145847296,150,1.9510
IMXUSDT,BUY,LIMIT,1702145848301,214,1.9535
IMXUSDT,BUY,LIMIT,1702145849455,52,1.9527
IMXUSDT,BUY,LIMIT,1702145854737,641,1.9552
IMXUSDT,BUY,LIMIT,1702145855774,130,1.9563
IMXUSDT,BUY,LIMIT,1702145857606,39,1.9574
IMXUSDT,BUY,LIMIT,1702145861148,4,1.9585
IMXUSDT,BUY,LIMIT,1702145864810,78,1.9596
IMXUSDT,BUY,LIMIT,1702145867657,2847,1.9628
IMXUSDT,SELL,LIMIT,1702145917841,629,1.8914
IMXUSDT,BUY,LIMIT,1702146315613,647,1.9549
IMXUSDT,BUY,LIMIT,1702146335420,228,1.9570
IMXUSDT,SELL,LIMIT,1702146603750,1227,1.8870
IMXUSDT,BUY,LIMIT,1702146679150,136,1.9528
IMXUSDT,BUY,LIMIT,1702146689653,13,1.9553
IMXUSDT,BUY,LIMIT,1702146731785,71,1.9535
IMXUSDT,BUY,LIMIT,1702146912895,53,1.9580
IMXUSDT,BUY,LIMIT,1702146948278,90,1.9588
IMXUSDT,BUY,LIMIT,1702146949327,5,1.9616
IMXUSDT,BUY,LIMIT,1702146950438,100,1.9626
IMXUSDT,BUY,LIMIT,1702146952115,269,1.9631
IMXUSDT,BUY,LIMIT,1702146953288,21,1.9639
IMXUSDT,BUY,LIMIT,1702146954517,30,1.9636
IMXUSDT,BUY,LIMIT,1702146988114,15,1.9654
IMXUSDT,BUY,LIMIT,1702146989238,97,1.9651
IMXUSDT,BUY,LIMIT,1702147038719,123,1.9665
IMXUSDT,BUY,LIMIT,1702147039918,3,1.9679
IMXUSDT,BUY,LIMIT,1702147042156,1186,1.9693
IMXUSDT,BUY,LIMIT,1702147264607,82,1.9712
IMXUSDT,BUY,LIMIT,1702147266458,61,1.9718
IMXUSDT,BUY,LIMIT,1702147276757,871,1.9726
IMXUSDT,BUY,LIMIT,1702147280425,275,1.9731
IMXUSDT,BUY,LIMIT,1702147416240,128,1.9765
IMXUSDT,BUY,LIMIT,1702147417273,428,1.9770
IMXUSDT,BUY,LIMIT,1702147418458,23,1.9794
IMXUSDT,BUY,LIMIT,1702147419632,24,1.9778
IMXUSDT,BUY,LIMIT,1702147420915,331,1.9800
IMXUSDT,BUY,LIMIT,1702147426278,95,1.9812
IMXUSDT,BUY,LIMIT,1702147427457,256,1.9813
IMXUSDT,BUY,LIMIT,1702147552134,2571,1.9808
IMXUSDT,BUY,LIMIT,1702147585223,76,1.9781
IMXUSDT,SELL,LIMIT,1702147687889,507,1.9098
IMXUSDT,BUY,LIMIT,1702147750248,2650,1.9763
IMXUSDT,BUY,LIMIT,1702147835187,1551,1.9701
IMXUSDT,SELL,LIMIT,1702147846306,102,1.9092
IMXUSDT,SELL,LIMIT,1702148016186,2036,1.9150
IMXUSDT,BUY,LIMIT,1702148052573,62,1.9802
IMXUSDT,BUY,LIMIT,1702148055418,65,1.9814
IMXUSDT,BUY,LIMIT,1702148059074,52,1.9817
IMXUSDT,BUY,LIMIT,1702148060283,1036,1.9817
IMXUSDT,BUY,LIMIT,1702148063089,211,1.9834
IMXUSDT,BUY,LIMIT,1702148064172,45,1.9838
IMXUSDT,BUY,LIMIT,1702148104304,25,1.9842
IMXUSDT,BUY,LIMIT,1702148396168,16,1.9786
IMXUSDT,BUY,LIMIT,1702148468685,281,1.9849
IMXUSDT,BUY,LIMIT,1702148470866,19,1.9855
IMXUSDT,BUY,LIMIT,1702148472295,58,1.9859
IMXUSDT,BUY,LIMIT,1702148474158,359,1.9866
IMXUSDT,BUY,LIMIT,1702148489771,2392,1.9873
IMXUSDT,BUY,LIMIT,1702148493076,1259,1.9893
IMXUSDT,BUY,LIMIT,1702148494272,287,1.9919
IMXUSDT,BUY,LIMIT,1702148495932,412,1.9924
IMXUSDT,BUY,LIMIT,1702148497073,39,1.9947
IMXUSDT,BUY,LIMIT,1702148498105,63,1.9953
IMXUSDT,BUY,LIMIT,1702148509397,418,1.9961
IMXUSDT,BUY,LIMIT,1702148561687,869,1.9963
IMXUSDT,BUY,LIMIT,1702148567278,174,1.9972
IMXUSDT,BUY,LIMIT,1702148572137,12,1.9982
IMXUSDT,BUY,LIMIT,1702148577955,17,1.9991
IMXUSDT,BUY,LIMIT,1702148589090,42,2.0003
IMXUSDT,BUY,LIMIT,1702148590339,1866,2.0006
IMXUSDT,BUY,LIMIT,1702148592193,556,2.0008
IMXUSDT,BUY,LIMIT,1702148595347,221,2.0016
IMXUSDT,BUY,LIMIT,1702148596431,1546,2.0017
IMXUSDT,BUY,LIMIT,1702148617748,10,2.0029
IMXUSDT,BUY,LIMIT,1702148642501,2617,2.0043
IMXUSDT,BUY,LIMIT,1702148645145,286,2.0049
IMXUSDT,BUY,LIMIT,1702148646206,684,2.0037
IMXUSDT,BUY,LIMIT,1702148648606,256,2.0079
IMXUSDT,BUY,LIMIT,1702148649971,707,2.0096
IMXUSDT,BUY,LIMIT,1702148650978,4254,2.0185
IMXUSDT,BUY,LIMIT,1702148652020,1214,2.0152
IMXUSDT,BUY,LIMIT,1702148653862,53,2.0163
IMXUSDT,BUY,LIMIT,1702148655159,44,2.0178
IMXUSDT,BUY,LIMIT,1702148656380,8,2.0198
IMXUSDT,BUY,LIMIT,1702148657890,671,2.0215
IMXUSDT,SELL,LIMIT,1702148677553,236,1.9487
IMXUSDT,BUY,LIMIT,1702148843267,2522,2.0211
IMXUSDT,BUY,LIMIT,1702148844283,156,2.0233
IMXUSDT,BUY,LIMIT,1702148848375,5660,2.0339
IMXUSDT,BUY,LIMIT,1702148849671,1485,2.0239
IMXUSDT,SELL,LIMIT,1702148966116,123,1.9549
IMXUSDT,SELL,LIMIT,1702149007761,268,1.9535
IMXUSDT,SELL,LIMIT,1702149009499,35,1.9530
IMXUSDT,SELL,LIMIT,1702149038298,680,1.9482
IMXUSDT,SELL,LIMIT,1702149046857,44,1.9454
IMXUSDT,SELL,LIMIT,1702149050272,13,1.9443
IMXUSDT,SELL,LIMIT,1702149054106,203,1.9407
IMXUSDT,SELL,LIMIT,1702149055409,12,1.9409
IMXUSDT,SELL,LIMIT,1702149151012,6,1.9386
IMXUSDT,SELL,LIMIT,1702149174601,380,1.9372
IMXUSDT,BUY,LIMIT,1702149352325,218,2.0084
IMXUSDT,BUY,LIMIT,1702149359069,37,2.0098
IMXUSDT,BUY,LIMIT,1702149369017,70,2.0112
IMXUSDT,SELL,LIMIT,1702149438474,152,1.9437
IMXUSDT,SELL,LIMIT,1702149473743,1554,1.9401
IMXUSDT,SELL,LIMIT,1702149511487,481,1.9367
IMXUSDT,SELL,LIMIT,1702149828449,1707,1.9318
IMXUSDT,SELL,LIMIT,1702149842690,303,1.9301
IMXUSDT,SELL,LIMIT,1702150305237,69,1.9262
IMXUSDT,SELL,LIMIT,1702150321408,692,1.9235
IMXUSDT,BUY,LIMIT,1702150465966,19,1.9924
IMXUSDT,BUY,LIMIT,1702150496185,1244,1.9954
IMXUSDT,BUY,LIMIT,1702150499471,100,1.9966
IMXUSDT,BUY,LIMIT,1702150570737,1273,2.0022
IMXUSDT,BUY,LIMIT,1702150596774,1050,2.0055
IMXUSDT,BUY,LIMIT,1702150608773,169,2.0084
IMXUSDT,BUY,LIMIT,1702150633233,10,2.0097
IMXUSDT,SELL,LIMIT,1702150695144,128,1.9351
IMXUSDT,SELL,LIMIT,1702150699065,119,1.9294
IMXUSDT,SELL,LIMIT,1702150703019,2241,1.9281
IMXUSDT,SELL,LIMIT,1702150716557,8,1.9263
IMXUSDT,SELL,LIMIT,1702150718032,148,1.9255
IMXUSDT,SELL,LIMIT,1702150720296,12,1.9227
IMXUSDT,SELL,LIMIT,1702150729383,19,1.9205
IMXUSDT,SELL,LIMIT,1702150731393,336,1.9202
IMXUSDT,SELL,LIMIT,1702150779544,175,1.9175
IMXUSDT,BUY,LIMIT,1702150813315,906,1.9860
IMXUSDT,BUY,LIMIT,1702150816154,25,1.9908
IMXUSDT,SELL,LIMIT,1702150852377,204,1.9221
IMXUSDT,SELL,LIMIT,1702150855200,22,1.9209
IMXUSDT,SELL,LIMIT,1702151049844,21,1.9170
IMXUSDT,SELL,LIMIT,1702151411819,14,1.9282
IMXUSDT,SELL,LIMIT,1702151450132,1765,1.9168
IMXUSDT,SELL,LIMIT,1702151468266,21,1.9146
IMXUSDT,SELL,LIMIT,1702151479094,10,1.9131
IMXUSDT,SELL,LIMIT,1702151489525,176,1.9115
IMXUSDT,SELL,LIMIT,1702151490764,11,1.9107
IMXUSDT,SELL,LIMIT,1702151544091,128,1.9085
IMXUSDT,SELL,LIMIT,1702151545133,410,1.9083
IMXUSDT,SELL,LIMIT,1702151610930,20,1.9056
IMXUSDT,SELL,LIMIT,1702151930508,296,1.9040
IMXUSDT,SELL,LIMIT,1702151933452,274,1.9033
IMXUSDT,SELL,LIMIT,1702151944996,22,1.9029
IMXUSDT,SELL,LIMIT,1702151963077,6,1.8970
IMXUSDT,SELL,LIMIT,1702151966012,7665,1.8847
IMXUSDT,SELL,LIMIT,1702152030940,2222,1.8963
IMXUSDT,SELL,LIMIT,1702152033018,134,1.8953
IMXUSDT,SELL,LIMIT,1702152034326,220,1.8940
IMXUSDT,SELL,LIMIT,1702152160200,7,1.9484
IMXUSDT,BUY,LIMIT,1702152228297,28,1.9630
IMXUSDT,SELL,LIMIT,1702152678377,88,1.8925
IMXUSDT,SELL,LIMIT,1702152689943,13,1.8917
IMXUSDT,SELL,LIMIT,1702152725682,63,1.8916
IMXUSDT,SELL,LIMIT,1702152728112,1632,1.8881
IMXUSDT,SELL,LIMIT,1702152732486,2983,1.8855
IMXUSDT,SELL,LIMIT,1702152737220,376,1.8884
IMXUSDT,SELL,LIMIT,1702152887084,237,1.8867
IMXUSDT,SELL,LIMIT,1702152889456,363,1.8864
IMXUSDT,SELL,LIMIT,1702152895684,2026,1.8875
IMXUSDT,SELL,LIMIT,1702152897895,20,1.8856
IMXUSDT,SELL,LIMIT,1702152973612,775,1.8834
IMXUSDT,SELL,LIMIT,1702153000224,121,1.8788
IMXUSDT,SELL,LIMIT,1702153001268,38,1.8803
IMXUSDT,SELL,LIMIT,1702153003048,1415,1.8789
IMXUSDT,SELL,LIMIT,1702153006394,331,1.8786
IMXUSDT,SELL,LIMIT,1702153013328,218,1.8784
IMXUSDT,SELL,LIMIT,1702153014546,540,1.8800
IMXUSDT,SELL,LIMIT,1702153039430,2593,1.8752
IMXUSDT,SELL,LIMIT,1702153040514,106,1.8760
IMXUSDT,SELL,LIMIT,1702153121827,4,1.8758
IMXUSDT,SELL,LIMIT,1702153349406,78,1.8720
IMXUSDT,SELL,LIMIT,1702153351100,34,1.8710
IMXUSDT,SELL,LIMIT,1702153354577,117,1.8702
IMXUSDT,SELL,LIMIT,1702153357091,1090,1.8680
IMXUSDT,SELL,LIMIT,1702153358609,48,1.8662
IMXUSDT,SELL,LIMIT,1702153391948,279,1.8639
IMXUSDT,SELL,LIMIT,1702153415467,78,1.8628
IMXUSDT,SELL,LIMIT,1702153417259,225,1.8623
IMXUSDT,SELL,LIMIT,1702153418813,169,1.8619
IMXUSDT,BUY,LIMIT,1702153505320,504,1.9309
IMXUSDT,BUY,LIMIT,1702153511867,263,1.9346
IMXUSDT,BUY,LIMIT,1702153536961,20,1.9356
IMXUSDT,BUY,LIMIT,1702153578711,77,1.9366
IMXUSDT,BUY,LIMIT,1702153580554,76,1.9371
IMXUSDT,BUY,LIMIT,1702153648722,5,1.9333
IMXUSDT,SELL,LIMIT,1702153698991,765,1.8696
IMXUSDT,SELL,LIMIT,1702153700758,1861,1.8688
IMXUSDT,SELL,LIMIT,1702153707072,33,1.8683
IMXUSDT,SELL,LIMIT,1702153879392,29,1.8730
IMXUSDT,SELL,LIMIT,1702154103471,33,1.8799
IMXUSDT,BUY,LIMIT,1702154141300,210,1.9358
IMXUSDT,BUY,LIMIT,1702154222475,1050,1.9407
IMXUSDT,BUY,LIMIT,1702154452240,1227,1.9410
IMXUSDT,BUY,LIMIT,1702154453353,9,1.9417
IMXUSDT,BUY,LIMIT,1702154462016,2568,1.9445
IMXUSDT,BUY,LIMIT,1702154492037,924,1.9440
IMXUSDT,BUY,LIMIT,1702154654580,26,1.9502
IMXUSDT,BUY,LIMIT,1702154659239,88,1.9516
IMXUSDT,BUY,LIMIT,1702155624412,122,1.9550
IMXUSDT,BUY,LIMIT,1702155628140,1074,1.9565
IMXUSDT,BUY,LIMIT,1702155636023,509,1.9591
IMXUSDT,BUY,LIMIT,1702155637676,27,1.9595
IMXUSDT,SELL,LIMIT,1702155710484,646,1.8930
IMXUSDT,SELL,LIMIT,1702155769750,515,1.8836
IMXUSDT,SELL,LIMIT,1702155771964,131,1.8834
IMXUSDT,SELL,LIMIT,1702156540986,116,1.8743
IMXUSDT,BUY,LIMIT,1702156608987,2619,1.9469
IMXUSDT,BUY,LIMIT,1702156610393,18,1.9476
IMXUSDT,BUY,LIMIT,1702156815511,760,1.9538
IMXUSDT,BUY,LIMIT,1702156827185,132,1.9562
IMXUSDT,BUY,LIMIT,1702156925465,793,1.9563
IMXUSDT,BUY,LIMIT,1702156927315,18,1.9572
IMXUSDT,BUY,LIMIT,1702157406485,54,1.9602
IMXUSDT,BUY,LIMIT,1702157413166,51,1.9622
IMXUSDT,BUY,LIMIT,1702157414205,2193,1.9682
IMXUSDT,BUY,LIMIT,1702157821576,2560,1.9701
IMXUSDT,BUY,LIMIT,1702157851088,5,1.9723
IMXUSDT,BUY,LIMIT,1702157854423,95,1.9733
IMXUSDT,BUY,LIMIT,1702157871047,207,1.9760
IMXUSDT,BUY,LIMIT,1702157872614,741,1.9761
IMXUSDT,BUY,LIMIT,1702157875007,257,1.9767
IMXUSDT,BUY,LIMIT,1702157886154,259,1.9769
IMXUSDT,BUY,LIMIT,1702157889228,15,1.9770
IMXUSDT,BUY,LIMIT,1702157895280,18,1.9792
IMXUSDT,SELL,LIMIT,1702158239369,72,1.9205
IMXUSDT,BUY,LIMIT,1702158843381,453,1.9846
IMXUSDT,BUY,LIMIT,1702158846232,52,1.9860
IMXUSDT,BUY,LIMIT,1702158876284,10,1.9884
IMXUSDT,SELL,LIMIT,1702159143295,269,1.9172
IMXUSDT,SELL,LIMIT,1702159167763,824,1.9148
IMXUSDT,SELL,LIMIT,1702159170990,244,1.9131
IMXUSDT,SELL,LIMIT,1702159248204,258,1.9115
IMXUSDT,SELL,LIMIT,1702159251248,734,1.9100
IMXUSDT,SELL,LIMIT,1702159252519,41,1.9094
IMXUSDT,SELL,LIMIT,1702159257521,274,1.9081
IMXUSDT,BUY,LIMIT,1702159306227,148,1.9763
IMXUSDT,BUY,LIMIT,1702160247505,5,1.9864
IMXUSDT,BUY,LIMIT,1702160249406,286,1.9872
IMXUSDT,BUY,LIMIT,1702160255244,228,1.9885
IMXUSDT,BUY,LIMIT,1702160267662,129,1.9893
IMXUSDT,BUY,LIMIT,1702160269372,128,1.9897
IMXUSDT,BUY,LIMIT,1702160317563,3,1.9908
IMXUSDT,BUY,LIMIT,1702160324062,300,1.9929
IMXUSDT,BUY,LIMIT,1702160337782,13,1.9957
IMXUSDT,BUY,LIMIT,1702160686412,396,1.9969
IMXUSDT,BUY,LIMIT,1702160688860,51,1.9974
IMXUSDT,BUY,LIMIT,1702160690257,288,1.9991
IMXUSDT,BUY,LIMIT,1702160691360,18,1.9989
IMXUSDT,BUY,LIMIT,1702160692366,461,2.0014
IMXUSDT,SELL,LIMIT,1702161204214,30,1.9308
IMXUSDT,SELL,LIMIT,1702161213684,1269,1.9302
IMXUSDT,SELL,LIMIT,1702161270725,704,1.9285
IMXUSDT,SELL,LIMIT,1702161274849,12,1.9270
IMXUSDT,SELL,LIMIT,1702161287291,89,1.9235
IMXUSDT,SELL,LIMIT,1702161289129,2497,1.9232
IMXUSDT,SELL,LIMIT,1702161324254,1318,1.9237
IMXUSDT,BUY,LIMIT,1702161499251,51,1.9883
IMXUSDT,BUY,LIMIT,1702161500452,69,1.9897
IMXUSDT,SELL,LIMIT,1702161566164,106,1.9288
IMXUSDT,SELL,LIMIT,1702161749722,414,1.9227
IMXUSDT,SELL,LIMIT,1702161752257,728,1.9222
IMXUSDT,SELL,LIMIT,1702161827863,273,1.9158
IMXUSDT,SELL,LIMIT,1702161838339,470,1.9107
IMXUSDT,SELL,LIMIT,1702161839357,3,1.9092
IMXUSDT,SELL,LIMIT,1702161853207,104,1.9083
IMXUSDT,SELL,LIMIT,1702161959071,37,1.9162
IMXUSDT,BUY,LIMIT,1702162043424,259,1.9784
IMXUSDT,BUY,LIMIT,1702162054343,166,1.9798
IMXUSDT,SELL,LIMIT,1702162130076,702,1.9230
IMXUSDT,SELL,LIMIT,1702162131930,3,1.9109
IMXUSDT,SELL,LIMIT,1702162193855,1178,1.9104
IMXUSDT,SELL,LIMIT,1702162302136,141,1.9066
IMXUSDT,SELL,LIMIT,1702162303327,228,1.9050
IMXUSDT,SELL,LIMIT,1702162304354,6,1.9046
IMXUSDT,SELL,LIMIT,1702162305599,132,1.8993
IMXUSDT,SELL,LIMIT,1702162610779,1198,1.8950
IMXUSDT,SELL,LIMIT,1702162846284,1617,1.9030
IMXUSDT,SELL,LIMIT,1702163068942,89,1.9140
IMXUSDT,BUY,LIMIT,1702163684456,53,1.9686
IMXUSDT,BUY,LIMIT,1702163695140,1436,1.9693
IMXUSDT,BUY,LIMIT,1702163698102,105,1.9701
IMXUSDT,BUY,LIMIT,1702163708142,84,1.9730
IMXUSDT,SELL,LIMIT,1702164061287,646,1.8967
IMXUSDT,SELL,LIMIT,1702164062466,24,1.8965
IMXUSDT,SELL,LIMIT,1702164118800,71,1.8942
IMXUSDT,SELL,LIMIT,1702164150110,143,1.8930
IMXUSDT,SELL,LIMIT,1702164209077,2593,1.8898
IMXUSDT,SELL,LIMIT,1702164211251,1277,1.8895
IMXUSDT,SELL,LIMIT,1702164225757,271,1.8893
IMXUSDT,SELL,LIMIT,1702164229914,720,1.8890
IMXUSDT,SELL,LIMIT,1702164236580,78,1.8881
IMXUSDT,SELL,LIMIT,1702164240711,38,1.8875
IMXUSDT,SELL,LIMIT,1702164431102,489,1.8859
IMXUSDT,SELL,LIMIT,1702164440944,108,1.8840
IMXUSDT,SELL,LIMIT,1702164524757,3,1.8876
IMXUSDT,SELL,LIMIT,1702164528989,32,1.8908
IMXUSDT,SELL,LIMIT,1702164545517,135,1.8841
IMXUSDT,BUY,LIMIT,1702164580018,320,1.9418
IMXUSDT,SELL,LIMIT,1702164675777,299,1.8907
IMXUSDT,SELL,LIMIT,1702164749297,436,1.8822
IMXUSDT,SELL,LIMIT,1702164750567,50,1.9011
IMXUSDT,SELL,LIMIT,1702164752238,481,1.8789
IMXUSDT,SELL,LIMIT,1702164753524,25,1.8792
IMXUSDT,SELL,LIMIT,1702164755533,2056,1.8781
IMXUSDT,SELL,LIMIT,1702164772425,11,1.9160
IMXUSDT,SELL,LIMIT,1702164778613,265,1.8777
IMXUSDT,SELL,LIMIT,1702164794091,148,1.8765
IMXUSDT,SELL,LIMIT,1702164798318,39,1.8756
IMXUSDT,SELL,LIMIT,1702164800012,152,1.8746
IMXUSDT,SELL,LIMIT,1702164801518,133,1.8734
IMXUSDT,SELL,LIMIT,1702164803629,28,1.8722
IMXUSDT,SELL,LIMIT,1702164805801,651,1.8716
IMXUSDT,SELL,LIMIT,1702164806999,120,1.8708
IMXUSDT,SELL,LIMIT,1702164808257,296,1.8699
IMXUSDT,SELL,LIMIT,1702164809278,131,1.8671
IMXUSDT,SELL,LIMIT,1702164810514,54,1.8656
IMXUSDT,BUY,LIMIT,1702164840368,25,1.9337
IMXUSDT,BUY,LIMIT,1702164865823,264,1.9301
IMXUSDT,BUY,LIMIT,1702164992461,62,1.9416
IMXUSDT,BUY,LIMIT,1702165046786,2374,1.9448
IMXUSDT,SELL,LIMIT,1702165215173,950,1.8815
IMXUSDT,SELL,LIMIT,1702165217132,735,1.8800
IMXUSDT,BUY,LIMIT,1702165612685,235,1.9517
IMXUSDT,BUY,LIMIT,1702165711161,99,1.9583
IMXUSDT,BUY,LIMIT,1702165736274,998,1.9599
IMXUSDT,BUY,LIMIT,1702165847054,12,1.9630
IMXUSDT,BUY,LIMIT,1702165893665,208,1.9642
IMXUSDT,BUY,LIMIT,1702165902450,140,1.9680
IMXUSDT,BUY,LIMIT,1702165904783,244,1.9683
IMXUSDT,BUY,LIMIT,1702165929083,7,1.9692
IMXUSDT,SELL,LIMIT,1702165986299,612,1.9013
IMXUSDT,BUY,LIMIT,1702166266684,242,1.9595
IMXUSDT,BUY,LIMIT,1702166517422,28,1.9638
IMXUSDT,BUY,LIMIT,1702166520259,50,1.9642
IMXUSDT,BUY,LIMIT,1702166701175,33,1.9698
IMXUSDT,BUY,LIMIT,1702166702527,231,1.9717
IMXUSDT,BUY,LIMIT,1702166703763,342,1.9725
IMXUSDT,SELL,LIMIT,1702166771355,1008,1.8997
IMXUSDT,SELL,LIMIT,1702166773145,1227,1.8947
IMXUSDT,SELL,LIMIT,1702166778335,1274,1.8925
IMXUSDT,SELL,LIMIT,1702166791416,178,1.8919
IMXUSDT,SELL,LIMIT,1702166792420,80,1.8870
IMXUSDT,SELL,LIMIT,1702166800488,958,1.8860
IMXUSDT,SELL,LIMIT,1702166819409,555,1.8832
IMXUSDT,SELL,LIMIT,1702166820550,6,1.8823
IMXUSDT,SELL,LIMIT,1702166953016,2614,1.8778
IMXUSDT,SELL,LIMIT,1702166954799,140,1.8759
IMXUSDT,SELL,LIMIT,1702166960196,5,1.8732
IMXUSDT,SELL,LIMIT,1702166962209,2258,1.8692
IMXUSDT,SELL,LIMIT,1702166963339,156,1.8667
IMXUSDT,BUY,LIMIT,1702167084381,35,1.9398
IMXUSDT,BUY,LIMIT,1702167091541,21,1.9414
IMXUSDT,BUY,LIMIT,1702167175766,666,1.9461
IMXUSDT,BUY,LIMIT,1702167178104,52,1.9471
IMXUSDT,BUY,LIMIT,1702167209146,97,1.9499
IMXUSDT,BUY,LIMIT,1702167215379,6,1.9536
IMXUSDT,BUY,LIMIT,1702167383088,136,1.9614
IMXUSDT,BUY,LIMIT,1702167414199,73,1.9685
IMXUSDT,BUY,LIMIT,1702167518462,3,1.9634
IMXUSDT,SELL,LIMIT,1702167550302,299,1.8991
IMXUSDT,BUY,LIMIT,1702167745296,46,1.9735
IMXUSDT,BUY,LIMIT,1702167793250,1573,1.9747
IMXUSDT,BUY,LIMIT,1702167809387,102,1.9762
IMXUSDT,SELL,LIMIT,1702167944129,52,1.9045
IMXUSDT,BUY,LIMIT,1702168021069,1791,1.9714
IMXUSDT,BUY,LIMIT,1702168167084,93,1.9816
IMXUSDT,BUY,LIMIT,1702168172175,102,1.9815
IMXUSDT,BUY,LIMIT,1702168296633,332,1.9842
IMXUSDT,BUY,LIMIT,1702168300258,8,1.9856
IMXUSDT,BUY,LIMIT,1702168305158,52,1.9894
IMXUSDT,BUY,LIMIT,1702168306413,93,1.9904
IMXUSDT,SELL,LIMIT,1702168736213,849,1.9227
IMXUSDT,SELL,LIMIT,1702168739752,15,1.9208
IMXUSDT,SELL,LIMIT,1702168747162,22,1.9191
IMXUSDT,SELL,LIMIT,1702168751585,638,1.9182
IMXUSDT,SELL,LIMIT,1702168857797,2553,1.9162
IMXUSDT,SELL,LIMIT,1702168867373,1094,1.9124
IMXUSDT,SELL,LIMIT,1702168943793,368,1.9060
IMXUSDT,SELL,LIMIT,1702168951051,3,1.9045
IMXUSDT,SELL,LIMIT,1702168955454,71,1.9035
IMXUSDT,SELL,LIMIT,1702168959376,15,1.9031
IMXUSDT,SELL,LIMIT,1702169005564,57,1.9020
IMXUSDT,SELL,LIMIT,1702169085193,15,1.8887
IMXUSDT,BUY,LIMIT,1702169300545,1725,1.9580
IMXUSDT,BUY,LIMIT,1702169350395,19,1.9654
IMXUSDT,BUY,LIMIT,1702169402308,533,1.9698
IMXUSDT,BUY,LIMIT,1702169535466,199,1.9764
IMXUSDT,BUY,LIMIT,1702169561258,1274,1.9754
IMXUSDT,SELL,LIMIT,1702170248151,1949,1.9087
IMXUSDT,SELL,LIMIT,1702170502335,42,1.9040
IMXUSDT,SELL,LIMIT,1702170571121,76,1.8954
IMXUSDT,BUY,LIMIT,1702171267191,103,1.9778
IMXUSDT,SELL,LIMIT,1702171327944,250,1.9205
IMXUSDT,BUY,LIMIT,1702171405066,119,1.9813
IMXUSDT,BUY,LIMIT,1702171866142,398,1.9833
IMXUSDT,BUY,LIMIT,1702171867598,1367,1.9834
IMXUSDT,BUY,LIMIT,1702171872436,207,1.9854
IMXUSDT,SELL,LIMIT,1702171890680,2556,1.9416
IMXUSDT,BUY,LIMIT,1702172001330,312,1.9877
IMXUSDT,BUY,LIMIT,1702172004173,46,1.9887
IMXUSDT,BUY,LIMIT,1702172042057,6,1.9920
IMXUSDT,BUY,LIMIT,1702172045629,88,1.9929
IMXUSDT,BUY,LIMIT,1702172047946,2564,1.9944
IMXUSDT,BUY,LIMIT,1702172103629,220,1.9967
IMXUSDT,BUY,LIMIT,1702172105843,893,1.9975
IMXUSDT,BUY,LIMIT,1702172147959,54,2.0002
IMXUSDT,BUY,LIMIT,1702172150151,90,2.0022
IMXUSDT,BUY,LIMIT,1702172151175,314,2.0037
IMXUSDT,BUY,LIMIT,1702172153871,83,2.0033
IMXUSDT,BUY,LIMIT,1702172249674,98,2.0047
IMXUSDT,BUY,LIMIT,1702172277954,406,2.0058
IMXUSDT,BUY,LIMIT,1702172279354,1345,2.0064
IMXUSDT,BUY,LIMIT,1702172293827,66,2.0080
IMXUSDT,BUY,LIMIT,1702172295004,1655,2.0115
IMXUSDT,BUY,LIMIT,1702172296096,9,2.0117
IMXUSDT,BUY,LIMIT,1702172297139,336,2.0141
IMXUSDT,BUY,LIMIT,1702172298190,3121,2.0196
IMXUSDT,BUY,LIMIT,1702172299507,110,2.0158
IMXUSDT,BUY,LIMIT,1702172326094,17,2.0161
IMXUSDT,BUY,LIMIT,1702172327178,76,2.0160
IMXUSDT,BUY,LIMIT,1702172334161,114,2.0169
IMXUSDT,BUY,LIMIT,1702172339474,2078,2.0173
IMXUSDT,BUY,LIMIT,1702172340774,329,2.0179
IMXUSDT,BUY,LIMIT,1702172344670,518,2.0192
IMXUSDT,BUY,LIMIT,1702172346112,4,2.0216
IMXUSDT,BUY,LIMIT,1702172347192,432,2.0232
IMXUSDT,BUY,LIMIT,1702172348439,366,2.0238
IMXUSDT,BUY,LIMIT,1702172349553,2590,2.0248
IMXUSDT,BUY,LIMIT,1702172354400,1140,2.0243
IMXUSDT,BUY,LIMIT,1702172355504,985,2.0244
IMXUSDT,BUY,LIMIT,1702172359085,1283,2.0265
IMXUSDT,BUY,LIMIT,1702172423265,14,2.0267
IMXUSDT,BUY,LIMIT,1702172424425,47,2.0266
IMXUSDT,BUY,LIMIT,1702172425495,69,2.0269
IMXUSDT,BUY,LIMIT,1702172428056,19,2.0274
IMXUSDT,BUY,LIMIT,1702172430289,405,2.0287
IMXUSDT,SELL,LIMIT,1702172698285,28,1.9548
IMXUSDT,BUY,LIMIT,1702172749998,825,2.0292
IMXUSDT,BUY,LIMIT,1702172759153,300,2.0315
IMXUSDT,BUY,LIMIT,1702172760188,103,2.0352
IMXUSDT,BUY,LIMIT,1702172762077,270,2.0379
IMXUSDT,BUY,LIMIT,1702172763119,68,2.0375
IMXUSDT,SELL,LIMIT,1702172816152,201,1.9583
IMXUSDT,SELL,LIMIT,1702172817489,1646,1.9564
IMXUSDT,SELL,LIMIT,1702172909674,36,1.9556
IMXUSDT,SELL,LIMIT,1702172949410,122,1.9524
IMXUSDT,SELL,LIMIT,1702172950445,76,1.9476
IMXUSDT,SELL,LIMIT,1702172951946,183,1.9469
IMXUSDT,SELL,LIMIT,1702172968215,73,1.9455
IMXUSDT,BUY,LIMIT,1702173037844,26,2.0031
IMXUSDT,BUY,LIMIT,1702173086685,991,2.0109
IMXUSDT,BUY,LIMIT,1702173090441,66,2.0117
IMXUSDT,BUY,LIMIT,1702173310584,752,2.0263
IMXUSDT,BUY,LIMIT,1702173327039,620,2.0302
IMXUSDT,BUY,LIMIT,1702173328115,2510,2.0328
IMXUSDT,BUY,LIMIT,1702173345116,2027,2.0345
IMXUSDT,BUY,LIMIT,1702173373067,248,2.0387
IMXUSDT,BUY,LIMIT,1702173374165,28,2.0396
IMXUSDT,SELL,LIMIT,1702173439311,124,1.9647
IMXUSDT,SELL,LIMIT,1702173458652,21,1.9636
IMXUSDT,BUY,LIMIT,1702173559445,1703,2.0325
IMXUSDT,BUY,LIMIT,1702173697440,101,2.0201
IMXUSDT,BUY,LIMIT,1702173718115,73,2.0415
IMXUSDT,BUY,LIMIT,1702173719229,135,2.0436
IMXUSDT,BUY,LIMIT,1702173720269,15,2.0449
IMXUSDT,BUY,LIMIT,1702173721812,60,2.0449
IMXUSDT,SELL,LIMIT,1702173745527,397,1.9753
IMXUSDT,SELL,LIMIT,1702173747040,213,1.9751
IMXUSDT,SELL,LIMIT,1702173778254,245,1.9679
IMXUSDT,SELL,LIMIT,1702173997725,718,1.9598
IMXUSDT,SELL,LIMIT,1702173999295,38,1.9583
IMXUSDT,SELL,LIMIT,1702174005826,52,1.9553
IMXUSDT,SELL,LIMIT,1702174018890,54,1.9544
IMXUSDT,SELL,LIMIT,1702174022302,101,1.9492
IMXUSDT,SELL,LIMIT,1702174023718,3,1.9465
IMXUSDT,SELL,LIMIT,1702174121081,50,1.9477
IMXUSDT,SELL,LIMIT,1702174179654,22,1.9407
IMXUSDT,SELL,LIMIT,1702174181353,2327,1.9384
IMXUSDT,SELL,LIMIT,1702174182381,2148,1.9371
IMXUSDT,SELL,LIMIT,1702174221350,126,1.9360
IMXUSDT,SELL,LIMIT,1702174222542,474,1.9339
IMXUSDT,SELL,LIMIT,1702174546614,21,1.9454
IMXUSDT,SELL,LIMIT,1702174672980,1351,1.9356
IMXUSDT,SELL,LIMIT,1702174674757,421,1.9356
IMXUSDT,SELL,LIMIT,1702174681411,394,1.9324
IMXUSDT,SELL,LIMIT,1702174682456,330,1.9237
IMXUSDT,SELL,LIMIT,1702174686869,6,1.9206
IMXUSDT,SELL,LIMIT,1702174689939,446,1.9175
IMXUSDT,SELL,LIMIT,1702174691271,389,1.9156
IMXUSDT,SELL,LIMIT,1702174694284,69,1.9117
IMXUSDT,SELL,LIMIT,1702174698593,125,1.9115
IMXUSDT,SELL,LIMIT,1702174700129,285,1.9084
IMXUSDT,SELL,LIMIT,1702174702121,17186,1.8892
IMXUSDT,SELL,LIMIT,1702174703362,124,1.9075
IMXUSDT,SELL,LIMIT,1702174704631,29,1.9050
IMXUSDT,SELL,LIMIT,1702174755178,132,1.9103
IMXUSDT,SELL,LIMIT,1702174758461,5,1.9002
IMXUSDT,SELL,LIMIT,1702174760282,150,1.8908
IMXUSDT,SELL,LIMIT,1702174761505,2318,1.8978
IMXUSDT,SELL,LIMIT,1702174763134,91,1.8905
IMXUSDT,SELL,LIMIT,1702174768444,101,1.8901
IMXUSDT,SELL,LIMIT,1702174771103,20,1.8871
IMXUSDT,SELL,LIMIT,1702174772318,255,1.8877
IMXUSDT,SELL,LIMIT,1702174777282,87,1.8862
IMXUSDT,SELL,LIMIT,1702174942183,11,1.8817
IMXUSDT,SELL,LIMIT,1702174948166,198,1.8794
IMXUSDT,SELL,LIMIT,1702174953071,52,1.8786
IMXUSDT,SELL,LIMIT,1702174960486,5,1.8776
IMXUSDT,SELL,LIMIT,1702174964189,223,1.8768
IMXUSDT,SELL,LIMIT,1702174971455,29,1.8759
IMXUSDT,SELL,LIMIT,1702174973106,2351,1.8714
IMXUSDT,SELL,LIMIT,1702174974210,365,1.8728
IMXUSDT,SELL,LIMIT,1702175125570,7,1.8701
IMXUSDT,SELL,LIMIT,1702175132197,21,1.8682
IMXUSDT,SELL,LIMIT,1702175133206,3,1.8677
IMXUSDT,SELL,LIMIT,1702175134498,678,1.8650
IMXUSDT,SELL,LIMIT,1702175171230,521,1.8631
IMXUSDT,BUY,LIMIT,1702175317246,1099,1.9448
IMXUSDT,BUY,LIMIT,1702175328343,256,1.9459
IMXUSDT,BUY,LIMIT,1702175329883,261,1.9463
IMXUSDT,SELL,LIMIT,1702175571051,1302,1.8809
IMXUSDT,SELL,LIMIT,1702175584174,2076,1.8763
IMXUSDT,SELL,LIMIT,1702175585776,63,1.8761
IMXUSDT,SELL,LIMIT,1702175587213,3,1.8753
IMXUSDT,SELL,LIMIT,1702175588252,361,1.8754
IMXUSDT,BUY,LIMIT,1702175744095,520,1.9347
IMXUSDT,BUY,LIMIT,1702175779068,12,1.9384
IMXUSDT,BUY,LIMIT,1702176107594,2325,1.9518
IMXUSDT,SELL,LIMIT,1702176590878,229,1.8818
IMXUSDT,SELL,LIMIT,1702176592532,150,1.8769
IMXUSDT,SELL,LIMIT,1702176595262,3,1.8750
IMXUSDT,SELL,LIMIT,1702176599465,71,1.8714
IMXUSDT,SELL,LIMIT,1702176602424,53,1.8695
IMXUSDT,SELL,LIMIT,1702176604582,334,1.8684
IMXUSDT,BUY,LIMIT,1702176692251,1248,1.9320
IMXUSDT,SELL,LIMIT,1702176819471,230,1.8698
IMXUSDT,SELL,LIMIT,1702176898346,51,1.8595
IMXUSDT,SELL,LIMIT,1702176899491,100,1.8608
IMXUSDT,SELL,LIMIT,1702176900502,435,1.8541
IMXUSDT,SELL,LIMIT,1702176901534,127,1.8549
IMXUSDT,SELL,LIMIT,1702176902567,2582,1.8514
IMXUSDT,SELL,LIMIT,1702176904618,361,1.8485
IMXUSDT,SELL,LIMIT,1702176906642,970,1.8469
IMXUSDT,SELL,LIMIT,1702176908569,514,1.8458
IMXUSDT,SELL,LIMIT,1702176949344,6,1.8435
IMXUSDT,SELL,LIMIT,1702176950466,16,1.8432
IMXUSDT,SELL,LIMIT,1702177155058,5328,1.8338
IMXUSDT,BUY,LIMIT,1702177285176,88,1.9127
IMXUSDT,BUY,LIMIT,1702177559607,560,1.9171
IMXUSDT,BUY,LIMIT,1702177613608,106,1.9224
IMXUSDT,SELL,LIMIT,1702178163858,385,1.8564
IMXUSDT,SELL,LIMIT,1702178166381,141,1.8676
IMXUSDT,BUY,LIMIT,1702178439372,2655,1.9198
IMXUSDT,BUY,LIMIT,1702178799311,114,1.9236
IMXUSDT,BUY,LIMIT,1702179021200,3,1.9261
IMXUSDT,BUY,LIMIT,1702179081155,73,1.9283
IMXUSDT,SELL,LIMIT,1702179307059,10,1.8579
IMXUSDT,SELL,LIMIT,1702179342916,222,1.8513
IMXUSDT,SELL,LIMIT,1702179690112,1363,1.8493
IMXUSDT,SELL,LIMIT,1702179713897,14,1.8461
IMXUSDT,SELL,LIMIT,1702179715873,1399,1.8436
IMXUSDT,SELL,LIMIT,1702179718521,258,1.8418
IMXUSDT,SELL,LIMIT,1702179719952,424,1.8399
IMXUSDT,BUY,LIMIT,1702180197341,492,1.9070
IMXUSDT,BUY,LIMIT,1702180297293,2671,1.9077
IMXUSDT,SELL,LIMIT,1702180383794,1104,1.8466
IMXUSDT,BUY,LIMIT,1702180688117,16,1.9085
IMXUSDT,SELL,LIMIT,1702181075348,21,1.8462
IMXUSDT,SELL,LIMIT,1702181077144,79,1.8455
IMXUSDT,SELL,LIMIT,1702181102309,167,1.8348
IMXUSDT,SELL,LIMIT,1702181103325,10,1.8378
IMXUSDT,SELL,LIMIT,1702181107604,12,1.8322
IMXUSDT,SELL,LIMIT,1702181109375,81,1.8312
IMXUSDT,SELL,LIMIT,1702181204364,64,1.8368
IMXUSDT,BUY,LIMIT,1702181774207,236,1.9109
IMXUSDT,BUY,LIMIT,1702181883582,618,1.9176
IMXUSDT,BUY,LIMIT,1702181886110,4,1.9188
IMXUSDT,BUY,LIMIT,1702181914831,1291,1.9197
IMXUSDT,BUY,LIMIT,1702181946199,39,1.9210
IMXUSDT,BUY,LIMIT,1702182375831,3,1.9240
IMXUSDT,BUY,LIMIT,1702182546322,533,1.9281
IMXUSDT,BUY,LIMIT,1702182569321,293,1.9301
IMXUSDT,BUY,LIMIT,1702182573611,1508,1.9308
IMXUSDT,BUY,LIMIT,1702182576034,106,1.9332
IMXUSDT,BUY,LIMIT,1702182577089,1236,1.9335
IMXUSDT,BUY,LIMIT,1702182601145,444,1.9341
IMXUSDT,BUY,LIMIT,1702184108113,506,1.9300
IMXUSDT,BUY,LIMIT,1702184151128,3,1.9331
IMXUSDT,BUY,LIMIT,1702184883118,237,1.9328
IMXUSDT,BUY,LIMIT,1702184978824,1385,1.9353
IMXUSDT,BUY,LIMIT,1702184985113,252,1.9342
IMXUSDT,BUY,LIMIT,1702185854331,18,1.9304
IMXUSDT,BUY,LIMIT,1702186049454,10,1.9365
IMXUSDT,BUY,LIMIT,1702186084326,175,1.9378
IMXUSDT,BUY,LIMIT,1702186089731,24,1.9392
IMXUSDT,BUY,LIMIT,1702186097735,525,1.9399
IMXUSDT,BUY,LIMIT,1702186900317,50,1.9422
IMXUSDT,BUY,LIMIT,1702186919166,131,1.9427
IMXUSDT,BUY,LIMIT,1702186937300,86,1.9434
IMXUSDT,BUY,LIMIT,1702187725201,133,1.9276
IMXUSDT,SELL,LIMIT,1702187757702,23,1.8768
IMXUSDT,BUY,LIMIT,1702188295593,15,1.9436
IMXUSDT,BUY,LIMIT,1702188305675,270,1.9444
IMXUSDT,BUY,LIMIT,1702188335385,6,1.9481
IMXUSDT,BUY,LIMIT,1702188423672,47,1.9485
IMXUSDT,BUY,LIMIT,1702188425712,9,1.9488
IMXUSDT,BUY,LIMIT,1702188429468,7,1.9499
IMXUSDT,BUY,LIMIT,1702188436696,727,1.9510
IMXUSDT,BUY,LIMIT,1702188443692,24,1.9517
IMXUSDT,BUY,LIMIT,1702188449185,20,1.9524
IMXUSDT,BUY,LIMIT,1702188499679,635,1.9539
IMXUSDT,BUY,LIMIT,1702188513271,5,1.9550
IMXUSDT,BUY,LIMIT,1702188516423,58,1.9571
IMXUSDT,BUY,LIMIT,1702188518158,79,1.9583
IMXUSDT,BUY,LIMIT,1702188530154,353,1.9589
IMXUSDT,BUY,LIMIT,1702188532817,73,1.9600
IMXUSDT,BUY,LIMIT,1702188533870,431,1.9608
IMXUSDT,SELL,LIMIT,1702188779439,114,1.8922
IMXUSDT,SELL,LIMIT,1702189235702,148,1.8855
IMXUSDT,SELL,LIMIT,1702189239201,14,1.8853
IMXUSDT,SELL,LIMIT,1702189432240,647,1.8841
IMXUSDT,SELL,LIMIT,1702189788853,2339,1.8793
IMXUSDT,BUY,LIMIT,1702190098154,111,1.9474
IMXUSDT,BUY,LIMIT,1702190153103,515,1.9544
IMXUSDT,BUY,LIMIT,1702190159217,286,1.9550
IMXUSDT,SELL,LIMIT,1702190614479,5,1.8832
IMXUSDT,SELL,LIMIT,1702190639552,44,1.8772
IMXUSDT,BUY,LIMIT,1702190929998,1293,1.9473
IMXUSDT,SELL,LIMIT,1702191359065,973,1.8823
IMXUSDT,BUY,LIMIT,1702191791171,1405,1.9502
IMXUSDT,BUY,LIMIT,1702192077242,895,1.9509
IMXUSDT,SELL,LIMIT,1702192150054,83,1.8990
IMXUSDT,SELL,LIMIT,1702192476567,31,1.8848
IMXUSDT,BUY,LIMIT,1702192721565,7,1.9403
IMXUSDT,SELL,LIMIT,1702192757936,78,1.8811
IMXUSDT,SELL,LIMIT,1702192763449,41,1.8790
IMXUSDT,SELL,LIMIT,1702192824357,230,1.8793
IMXUSDT,SELL,LIMIT,1702192851782,163,1.8782
IMXUSDT,SELL,LIMIT,1702192856612,11,1.8768
IMXUSDT,BUY,LIMIT,1702192863122,32,1.9309
IMXUSDT,SELL,LIMIT,1702192881067,22,1.8734
IMXUSDT,SELL,LIMIT,1702192882275,360,1.8732
IMXUSDT,SELL,LIMIT,1702193001239,67,1.8700
IMXUSDT,SELL,LIMIT,1702193081418,36,1.8666
IMXUSDT,SELL,LIMIT,1702193082583,16,1.8663
IMXUSDT,BUY,LIMIT,1702193402531,116,1.9366
IMXUSDT,BUY,LIMIT,1702193405350,73,1.9367
IMXUSDT,BUY,LIMIT,1702193425097,803,1.9388
IMXUSDT,BUY,LIMIT,1702193586009,11,1.9465
IMXUSDT,SELL,LIMIT,1702193702086,26,1.8845
IMXUSDT,SELL,LIMIT,1702193850063,2613,1.8725
IMXUSDT,SELL,LIMIT,1702193923811,99,1.8626
IMXUSDT,SELL,LIMIT,1702193926242,15,1.8618
IMXUSDT,SELL,LIMIT,1702193940394,93,1.8630
IMXUSDT,BUY,LIMIT,1702194360740,302,1.9314
IMXUSDT,SELL,LIMIT,1702194888576,480,1.8729
IMXUSDT,BUY,LIMIT,1702195165364,175,1.9391
IMXUSDT,BUY,LIMIT,1702195211848,28,1.9415
IMXUSDT,SELL,LIMIT,1702196005724,146,1.8810
IMXUSDT,SELL,LIMIT,1702196166133,52,1.8849
IMXUSDT,BUY,LIMIT,1702196194222,28,1.9405
IMXUSDT,SELL,LIMIT,1702196698997,255,1.8687
IMXUSDT,SELL,LIMIT,1702196712109,276,1.8656
IMXUSDT,SELL,LIMIT,1702196724169,8,1.8653
IMXUSDT,SELL,LIMIT,1702196732432,304,1.8625
IMXUSDT,SELL,LIMIT,1702196808358,21,1.8613
IMXUSDT,SELL,LIMIT,1702197007499,1506,1.8600
IMXUSDT,SELL,LIMIT,1702197058093,120,1.8576
IMXUSDT,SELL,LIMIT,1702197064616,60,1.8573
IMXUSDT,SELL,LIMIT,1702197087503,22,1.8558
IMXUSDT,SELL,LIMIT,1702197089679,82,1.8551
IMXUSDT,BUY,LIMIT,1702197141236,21,1.9255
IMXUSDT,BUY,LIMIT,1702197204438,37,1.9281
IMXUSDT,BUY,LIMIT,1702197206421,617,1.9281
IMXUSDT,BUY,LIMIT,1702197570302,1724,1.9327
IMXUSDT,SELL,LIMIT,1702197824159,1898,1.8680
IMXUSDT,BUY,LIMIT,1702197980838,53,1.9254
IMXUSDT,SELL,LIMIT,1702199727286,114,1.8585
IMXUSDT,SELL,LIMIT,1702200185490,1561,1.8517
IMXUSDT,SELL,LIMIT,1702200211481,284,1.8494
IMXUSDT,SELL,LIMIT,1702200214432,34,1.8489
IMXUSDT,SELL,LIMIT,1702200799702,52,1.8434
IMXUSDT,BUY,LIMIT,1702200801824,3,1.8990
IMXUSDT,SELL,LIMIT,1702200803937,118,1.8426
IMXUSDT,SELL,LIMIT,1702200822684,3,1.8414
IMXUSDT,SELL,LIMIT,1702200823997,1045,1.8412
IMXUSDT,SELL,LIMIT,1702200828436,222,1.8378
IMXUSDT,SELL,LIMIT,1702200829578,19,1.8390
IMXUSDT,SELL,LIMIT,1702200860001,105,1.8370
IMXUSDT,SELL,LIMIT,1702200870296,1202,1.8364
IMXUSDT,SELL,LIMIT,1702200879969,19,1.8355
IMXUSDT,SELL,LIMIT,1702200889541,6577,1.8237
IMXUSDT,SELL,LIMIT,1702200891304,305,1.8341
IMXUSDT,SELL,LIMIT,1702200897166,53,1.8331
IMXUSDT,SELL,LIMIT,1702200932098,3,1.8320
IMXUSDT,SELL,LIMIT,1702200936501,741,1.8318
IMXUSDT,SELL,LIMIT,1702200937580,478,1.8301
IMXUSDT,SELL,LIMIT,1702200939694,607,1.8301
IMXUSDT,BUY,LIMIT,1702201090713,726,1.9033
IMXUSDT,SELL,LIMIT,1702201315770,5,1.8359
IMXUSDT,SELL,LIMIT,1702201408455,275,1.8317
IMXUSDT,SELL,LIMIT,1702201410639,1248,1.8300
IMXUSDT,SELL,LIMIT,1702201437135,13,1.8289
IMXUSDT,SELL,LIMIT,1702201479308,3,1.8278
IMXUSDT,BUY,LIMIT,1702201546076,30,1.8929
IMXUSDT,SELL,LIMIT,1702201792090,18,1.8262
IMXUSDT,SELL,LIMIT,1702201793283,241,1.8264
IMXUSDT,SELL,LIMIT,1702201794611,45,1.8260
IMXUSDT,SELL,LIMIT,1702201798501,44,1.8256
IMXUSDT,SELL,LIMIT,1702201800520,5,1.8255
IMXUSDT,SELL,LIMIT,1702201808006,54,1.8247
IMXUSDT,SELL,LIMIT,1702201809116,439,1.8232
IMXUSDT,SELL,LIMIT,1702201810228,139,1.8237
IMXUSDT,SELL,LIMIT,1702201813120,211,1.8207
IMXUSDT,SELL,LIMIT,1702201918180,3,1.8198
IMXUSDT,SELL,LIMIT,1702202046193,77,1.8200
IMXUSDT,SELL,LIMIT,1702202051690,1300,1.8189
IMXUSDT,SELL,LIMIT,1702202053137,74,1.8181
IMXUSDT,SELL,LIMIT,1702202054364,35,1.8168
IMXUSDT,SELL,LIMIT,1702202085892,1476,1.8158
IMXUSDT,SELL,LIMIT,1702202087529,1610,1.8156
IMXUSDT,SELL,LIMIT,1702202090961,6,1.8157
IMXUSDT,SELL,LIMIT,1702202097198,4935,1.8072
IMXUSDT,SELL,LIMIT,1702202259673,20,1.8177
IMXUSDT,SELL,LIMIT,1702202289478,576,1.8156
IMXUSDT,SELL,LIMIT,1702202290782,3293,1.8114
IMXUSDT,SELL,LIMIT,1702202293148,2663,1.8160
IMXUSDT,SELL,LIMIT,1702202295181,104,1.8117
IMXUSDT,SELL,LIMIT,1702202297225,54,1.8119
IMXUSDT,SELL,LIMIT,1702202300285,523,1.8121
IMXUSDT,SELL,LIMIT,1702202322978,1100,1.8102
IMXUSDT,SELL,LIMIT,1702202325353,53,1.8099
IMXUSDT,SELL,LIMIT,1702202380363,4,1.8102
IMXUSDT,SELL,LIMIT,1702202395555,95,1.8121
IMXUSDT,SELL,LIMIT,1702202399248,2617,1.8084
IMXUSDT,BUY,LIMIT,1702202548979,49,1.8770
IMXUSDT,BUY,LIMIT,1702202567236,1396,1.8774
IMXUSDT,BUY,LIMIT,1702202693355,156,1.8860
IMXUSDT,BUY,LIMIT,1702202707889,368,1.8886
IMXUSDT,BUY,LIMIT,1702202912421,3,1.8942
IMXUSDT,BUY,LIMIT,1702203697321,119,1.8955
IMXUSDT,BUY,LIMIT,1702203711083,100,1.8995
IMXUSDT,BUY,LIMIT,1702203724306,23,1.9020
IMXUSDT,BUY,LIMIT,1702203867882,194,1.9046
IMXUSDT,BUY,LIMIT,1702203932291,32,1.9062
IMXUSDT,BUY,LIMIT,1702203934175,10,1.9066
IMXUSDT,BUY,LIMIT,1702203990186,276,1.9086
IMXUSDT,SELL,LIMIT,1702204855811,129,1.8414
IMXUSDT,SELL,LIMIT,1702204901172,133,1.8402
IMXUSDT,SELL,LIMIT,1702205157479,77,1.8322
IMXUSDT,BUY,LIMIT,1702205740269,419,1.8971
IMXUSDT,BUY,LIMIT,1702205867042,18,1.8996
IMXUSDT,BUY,LIMIT,1702206278854,39,1.9039
IMXUSDT,SELL,LIMIT,1702207333753,365,1.8324
IMXUSDT,SELL,LIMIT,1702207383317,30,1.8289
IMXUSDT,BUY,LIMIT,1702207934021,102,1.8910
IMXUSDT,BUY,LIMIT,1702207939976,44,1.8917
IMXUSDT,BUY,LIMIT,1702208041573,2709,1.8974
IMXUSDT,BUY,LIMIT,1702208191188,540,1.8945
IMXUSDT,SELL,LIMIT,1702209171431,155,1.8325
IMXUSDT,SELL,LIMIT,1702210315270,1603,1.8145
IMXUSDT,SELL,LIMIT,1702210316284,5,1.8109
IMXUSDT,SELL,LIMIT,1702210317290,613,1.8087
IMXUSDT,SELL,LIMIT,1702210319057,1753,1.8064
IMXUSDT,SELL,LIMIT,1702210320125,45,1.8035
IMXUSDT,SELL,LIMIT,1702210321373,105,1.8023
IMXUSDT,SELL,LIMIT,1702210322557,347,1.8012
IMXUSDT,SELL,LIMIT,1702210489115,559,1.8019
IMXUSDT,SELL,LIMIT,1702210490123,28,1.7986
IMXUSDT,SELL,LIMIT,1702210498789,140,1.7928
IMXUSDT,SELL,LIMIT,1702210507345,100,1.7907
IMXUSDT,BUY,LIMIT,1702210955545,77,1.8562
IMXUSDT,BUY,LIMIT,1702210974850,5388,1.8651
IMXUSDT,SELL,LIMIT,1702211720418,288,1.7930
IMXUSDT,SELL,LIMIT,1702213413277,78,1.7969
IMXUSDT,SELL,LIMIT,1702214370107,5,1.7898
IMXUSDT,SELL,LIMIT,1702214371466,2516,1.7896
IMXUSDT,SELL,LIMIT,1702214384163,293,1.7870
IMXUSDT,SELL,LIMIT,1702214385336,116,1.7867
IMXUSDT,SELL,LIMIT,1702214404430,3,1.7861
IMXUSDT,SELL,LIMIT,1702214463066,210,1.7850
IMXUSDT,SELL,LIMIT,1702214465625,3,1.7848
IMXUSDT,SELL,LIMIT,1702214492334,31,1.7841
IMXUSDT,SELL,LIMIT,1702214500539,411,1.7834
IMXUSDT,SELL,LIMIT,1702214502916,6,1.7833
IMXUSDT,SELL,LIMIT,1702214515325,6,1.7821
IMXUSDT,SELL,LIMIT,1702214516416,290,1.7800
IMXUSDT,SELL,LIMIT,1702214518750,42,1.7801
IMXUSDT,BUY,LIMIT,1702216156413,2759,1.8468
IMXUSDT,SELL,LIMIT,1702216490319,214,1.7789
IMXUSDT,SELL,LIMIT,1702216491381,54,1.7783
IMXUSDT,SELL,LIMIT,1702216501482,460,1.7777
IMXUSDT,BUY,LIMIT,1702217024845,134,1.8443
IMXUSDT,SELL,LIMIT,1702218880832,529,1.7775
IMXUSDT,BUY,LIMIT,1702220100648,565,1.8448
IMXUSDT,BUY,LIMIT,1702221145590,200,1.8411
IMXUSDT,BUY,LIMIT,1702223827234,13,1.8551
IMXUSDT,SELL,LIMIT,1702225160525,74,1.7961
IMXUSDT,BUY,LIMIT,1702225392406,46,1.8054
IMXUSDT,SELL,LIMIT,1702226598160,403,1.7857
IMXUSDT,SELL,LIMIT,1702226608148,27,1.7853
IMXUSDT,SELL,LIMIT,1702228844373,26,1.7834
IMXUSDT,BUY,LIMIT,1702230140869,34,1.8319
IMXUSDT,SELL,LIMIT,1702230192877,147,1.7794
IMXUSDT,SELL,LIMIT,1702230205036,20,1.7770
IMXUSDT,SELL,LIMIT,1702230331351,79,1.7768
IMXUSDT,BUY,LIMIT,1702231473209,1859,1.8560
IMXUSDT,BUY,LIMIT,1702231762892,13,1.8586
IMXUSDT,BUY,LIMIT,1702232307586,288,1.8563
IMXUSDT,BUY,LIMIT,1702235282816,438,1.8624
IMXUSDT,BUY,LIMIT,1702235592929,534,1.8614
IMXUSDT,BUY,LIMIT,1702235597153,734,1.8382
IMXUSDT,BUY,LIMIT,1702235729224,178,1.8633
IMXUSDT,BUY,LIMIT,1702236186355,26,1.8606
IMXUSDT,BUY,LIMIT,1702236919230,42,1.8712
IMXUSDT,BUY,LIMIT,1702236926119,193,1.8732
IMXUSDT,BUY,LIMIT,1702236928470,8,1.8733
IMXUSDT,BUY,LIMIT,1702236937457,355,1.8767
IMXUSDT,BUY,LIMIT,1702238160074,21,1.8815
IMXUSDT,BUY,LIMIT,1702239821168,13,1.8720
IMXUSDT,BUY,LIMIT,1702240379528,44,1.8732
IMXUSDT,BUY,LIMIT,1702240564485,22,1.8768
IMXUSDT,BUY,LIMIT,1702240714618,2520,1.8825
IMXUSDT,BUY,LIMIT,1702240742022,9,1.8834
IMXUSDT,BUY,LIMIT,1702240757838,2,1.8824
IMXUSDT,BUY,LIMIT,1702240764155,54,1.8845
IMXUSDT,SELL,LIMIT,1702240836704,50,1.8275
IMXUSDT,BUY,LIMIT,1702240896573,6,1.8857
IMXUSDT,BUY,LIMIT,1702241074520,6,1.8809
IMXUSDT,BUY,LIMIT,1702241182472,6,1.8832
IMXUSDT,BUY,LIMIT,1702241633038,15,1.8820
IMXUSDT,SELL,LIMIT,1702241685301,11110,1.8120
IMXUSDT,BUY,LIMIT,1702241946167,42,1.8816
IMXUSDT,BUY,LIMIT,1702242352166,2245,1.8862
IMXUSDT,BUY,LIMIT,1702243215589,473,1.8856
IMXUSDT,BUY,LIMIT,1702244304241,20,1.8898
IMXUSDT,BUY,LIMIT,1702244731413,2,1.8930
IMXUSDT,BUY,LIMIT,1702244860350,150,1.8953
IMXUSDT,SELL,LIMIT,1702245080217,118,1.8272
IMXUSDT,SELL,LIMIT,1702245690202,249,1.8191
IMXUSDT,SELL,LIMIT,1702248246835,275,1.8077
IMXUSDT,SELL,LIMIT,1702250252632,152,1.8039
IMXUSDT,SELL,LIMIT,1702250281481,270,1.8010
IMXUSDT,SELL,LIMIT,1702250342225,2465,1.8090
IMXUSDT,SELL,LIMIT,1702250554878,7,1.7961
IMXUSDT,BUY,LIMIT,1702252780737,44,1.8712
IMXUSDT,SELL,LIMIT,1702253703941,130,1.8137
IMXUSDT,SELL,LIMIT,1702253758866,20,1.8107
IMXUSDT,BUY,LIMIT,1702253834533,1,1.8672
IMXUSDT,SELL,LIMIT,1702254173088,52,1.8130
IMXUSDT,SELL,LIMIT,1702254304957,17,1.7968
IMXUSDT,SELL,LIMIT,1702254404163,53,1.7984
IMXUSDT,SELL,LIMIT,1702254476700,2698,1.7908
IMXUSDT,SELL,LIMIT,1702254484266,269,1.7905
IMXUSDT,BUY,LIMIT,1702254671886,93,1.8531
IMXUSDT,BUY,LIMIT,1702255717010,546,1.8638
IMXUSDT,SELL,LIMIT,1702255975251,2722,1.7983
IMXUSDT,SELL,LIMIT,1702256163400,29,1.7936
IMXUSDT,SELL,LIMIT,1702256457026,15,1.7954
IMXUSDT,SELL,LIMIT,1702256606549,2467,1.7911
IMXUSDT,SELL,LIMIT,1702256607711,195,1.7897
IMXUSDT,SELL,LIMIT,1702256620872,30,1.7886
IMXUSDT,SELL,LIMIT,1702256724029,50,1.7853
IMXUSDT,SELL,LIMIT,1702256915122,1230,1.7834
IMXUSDT,SELL,LIMIT,1702256916801,1656,1.7839
IMXUSDT,SELL,LIMIT,1702256920662,172,1.7808
IMXUSDT,SELL,LIMIT,1702256929626,783,1.7819
IMXUSDT,SELL,LIMIT,1702256957112,4,1.7971
IMXUSDT,SELL,LIMIT,1702256996074,569,1.7809
IMXUSDT,SELL,LIMIT,1702257004681,126,1.7790
IMXUSDT,SELL,LIMIT,1702259011522,2716,1.8022
IMXUSDT,SELL,LIMIT,1702260164811,18,1.7940
IMXUSDT,SELL,LIMIT,1702260303189,2053,1.7889
IMXUSDT,SELL,LIMIT,1702260326389,163,1.7840
IMXUSDT,SELL,LIMIT,1702260331489,684,1.7874
IMXUSDT,BUY,LIMIT,1702260404618,547,1.8437
IMXUSDT,SELL,LIMIT,1702260429340,3778,1.7784
IMXUSDT,BUY,LIMIT,1702260431772,11,1.8353
IMXUSDT,SELL,LIMIT,1702260433423,81,1.7811
IMXUSDT,SELL,LIMIT,1702260435072,10,1.7799
IMXUSDT,SELL,LIMIT,1702260436255,382,1.7779
IMXUSDT,SELL,LIMIT,1702260439675,1014,1.7773
IMXUSDT,SELL,LIMIT,1702260441657,12,1.7762
IMXUSDT,SELL,LIMIT,1702260443543,173,1.7746
IMXUSDT,SELL,LIMIT,1702260446478,102,1.7729
IMXUSDT,SELL,LIMIT,1702260449042,2752,1.7723
IMXUSDT,SELL,LIMIT,1702260622523,63,1.7741
IMXUSDT,SELL,LIMIT,1702260627779,5,1.7701
IMXUSDT,SELL,LIMIT,1702260629310,2686,1.7706
IMXUSDT,SELL,LIMIT,1702260632068,1047,1.7695
IMXUSDT,SELL,LIMIT,1702260634120,1164,1.7676
IMXUSDT,SELL,LIMIT,1702260635145,2593,1.7663
IMXUSDT,SELL,LIMIT,1702260636599,183,1.7653
IMXUSDT,SELL,LIMIT,1702260637861,17,1.7607
IMXUSDT,SELL,LIMIT,1702260667137,869,1.7628
IMXUSDT,SELL,LIMIT,1702260689472,35,1.7602
IMXUSDT,SELL,LIMIT,1702260693591,345,1.7592
IMXUSDT,SELL,LIMIT,1702260695493,637,1.7596
IMXUSDT,SELL,LIMIT,1702260697726,3,1.7592
IMXUSDT,SELL,LIMIT,1702260699259,812,1.7577
IMXUSDT,SELL,LIMIT,1702260700779,14,1.7574
IMXUSDT,SELL,LIMIT,1702260702208,95,1.7547
IMXUSDT,SELL,LIMIT,1702260703570,412,1.7562
IMXUSDT,SELL,LIMIT,1702260705478,12957,1.7408
IMXUSDT,SELL,LIMIT,1702260707253,29,1.7521
IMXUSDT,SELL,LIMIT,1702260708485,18,1.7520
IMXUSDT,SELL,LIMIT,1702260709594,147,1.7516
IMXUSDT,SELL,LIMIT,1702260711107,35,1.7497
IMXUSDT,SELL,LIMIT,1702260712273,621,1.7470
IMXUSDT,BUY,LIMIT,1702260714187,17,1.7985
IMXUSDT,SELL,LIMIT,1702260715584,6,1.7460
IMXUSDT,SELL,LIMIT,1702260716616,313,1.7460
IMXUSDT,SELL,LIMIT,1702260717803,210,1.7447
IMXUSDT,SELL,LIMIT,1702260719028,2740,1.7454
IMXUSDT,SELL,LIMIT,1702260720227,1752,1.7394
IMXUSDT,SELL,LIMIT,1702260721391,1838,1.7392
IMXUSDT,SELL,LIMIT,1702260722443,559,1.7362
IMXUSDT,SELL,LIMIT,1702260723599,439,1.7366
IMXUSDT,SELL,LIMIT,1702260724971,21,1.7362
IMXUSDT,SELL,LIMIT,1702260727719,573,1.7351
IMXUSDT,SELL,LIMIT,1702260728883,1573,1.7328
IMXUSDT,SELL,LIMIT,1702260730702,151,1.7290
IMXUSDT,SELL,LIMIT,1702260731781,11,1.7290
IMXUSDT,SELL,LIMIT,1702260732964,15,1.7359
IMXUSDT,SELL,LIMIT,1702260734052,110,1.7270
IMXUSDT,SELL,LIMIT,1702260735653,26,1.7274
IMXUSDT,SELL,LIMIT,1702260736875,54,1.7268
IMXUSDT,SELL,LIMIT,1702260738398,3282,1.7238
IMXUSDT,SELL,LIMIT,1702260739555,12,1.7252
IMXUSDT,SELL,LIMIT,1702260741267,174,1.7222
IMXUSDT,SELL,LIMIT,1702260742324,912,1.7230
IMXUSDT,SELL,LIMIT,1702260743790,3350,1.7207
IMXUSDT,SELL,LIMIT,1702260744882,24,1.7188
IMXUSDT,SELL,LIMIT,1702260745895,380,1.7405
IMXUSDT,SELL,LIMIT,1702260746924,10042,1.6999
IMXUSDT,SELL,LIMIT,1702260748049,42,1.7103
IMXUSDT,SELL,LIMIT,1702260750074,16,1.7085
IMXUSDT,SELL,LIMIT,1702260751575,23,1.7098
IMXUSDT,BUY,LIMIT,1702260752597,12,1.7436
IMXUSDT,SELL,LIMIT,1702260754046,279,1.7053
IMXUSDT,SELL,LIMIT,1702260755197,1504,1.7050
IMXUSDT,SELL,LIMIT,1702260756527,5,1.7696
IMXUSDT,SELL,LIMIT,1702260757532,90,1.7210
IMXUSDT,SELL,LIMIT,1702260758667,291,1.7001
IMXUSDT,SELL,LIMIT,1702260759771,268,1.6971
IMXUSDT,SELL,LIMIT,1702260760789,3,1.6921
IMXUSDT,BUY,LIMIT,1702260761803,835,1.7436
IMXUSDT,SELL,LIMIT,1702260762806,3119,1.6967
IMXUSDT,SELL,LIMIT,1702260764755,3,1.6906
IMXUSDT,SELL,LIMIT,1702260765799,167,1.6916
IMXUSDT,SELL,LIMIT,1702260766853,1179,1.6902
IMXUSDT,SELL,LIMIT,1702260767883,3,1.6855
IMXUSDT,SELL,LIMIT,1702260768935,34,1.6855
IMXUSDT,BUY,LIMIT,1702260769915,186,1.6521
IMXUSDT,SELL,LIMIT,1702260770994,1000,1.6844
IMXUSDT,BUY,LIMIT,1702260772058,10,1.6440
IMXUSDT,SELL,LIMIT,1702260773151,73,1.6811
IMXUSDT,SELL,LIMIT,1702260774263,1021,1.7005
IMXUSDT,SELL,LIMIT,1702260775390,20454,1.6620
IMXUSDT,SELL,LIMIT,1702260776419,247,1.6716
IMXUSDT,SELL,LIMIT,1702260777465,1658,1.6694
IMXUSDT,SELL,LIMIT,1702260778475,19,1.6661
IMXUSDT,BUY,LIMIT,1702260779527,2104,1.7168
IMXUSDT,SELL,LIMIT,1702260780529,27,1.6678
IMXUSDT,SELL,LIMIT,1702260781594,3,1.6674
IMXUSDT,SELL,LIMIT,1702260782621,312,1.6698
IMXUSDT,SELL,LIMIT,1702260783626,842,1.6655
IMXUSDT,SELL,LIMIT,1702260784634,272,1.6630
IMXUSDT,SELL,LIMIT,1702260785686,111,1.6608
IMXUSDT,SELL,LIMIT,1702260787105,406,1.6607
IMXUSDT,BUY,LIMIT,1702260788366,7,1.7020
IMXUSDT,SELL,LIMIT,1702260789393,3,1.6514
IMXUSDT,SELL,LIMIT,1702260790672,3,1.6517
IMXUSDT,SELL,LIMIT,1702260791742,383,1.6488
IMXUSDT,SELL,LIMIT,1702260792993,17,1.6462
IMXUSDT,SELL,LIMIT,1702260794411,35,2.3067
IMXUSDT,SELL,LIMIT,1702260795460,20,1.6397
IMXUSDT,SELL,LIMIT,1702260796466,828,1.6392
IMXUSDT,SELL,LIMIT,1702260797559,536,1.6396
IMXUSDT,SELL,LIMIT,1702260799386,420,1.6381
IMXUSDT,SELL,LIMIT,1702260800479,134,1.6633
IMXUSDT,SELL,LIMIT,1702260801909,1488,1.6361
IMXUSDT,BUY,LIMIT,1702260802944,1370,1.6851
IMXUSDT,SELL,LIMIT,1702260804096,63,1.6371
IMXUSDT,SELL,LIMIT,1702260805403,37,1.6312
IMXUSDT,SELL,LIMIT,1702260806558,27,1.6330
IMXUSDT,SELL,LIMIT,1702260807908,4,1.6326
IMXUSDT,SELL,LIMIT,1702260809141,217,1.6312
IMXUSDT,SELL,LIMIT,1702260810565,274,1.6303
IMXUSDT,SELL,LIMIT,1702260811649,363,1.6303
IMXUSDT,SELL,LIMIT,1702260812680,333,1.6330
IMXUSDT,SELL,LIMIT,1702260813706,68,1.6299
IMXUSDT,SELL,LIMIT,1702260814779,30,1.6212
IMXUSDT,SELL,LIMIT,1702260816869,17,1.6204
IMXUSDT,SELL,LIMIT,1702260818106,1500,1.6130
IMXUSDT,SELL,LIMIT,1702260819165,1085,1.6189
IMXUSDT,SELL,LIMIT,1702260821026,139,1.6149
IMXUSDT,BUY,LIMIT,1702260823577,293,1.6561
IMXUSDT,BUY,LIMIT,1702260828546,50,1.6652
IMXUSDT,BUY,LIMIT,1702260834905,1000,1.6726
IMXUSDT,BUY,LIMIT,1702260840393,76,1.6650
IMXUSDT,BUY,LIMIT,1702260846207,436,1.6925
IMXUSDT,BUY,LIMIT,1702260856058,67,1.7059
IMXUSDT,BUY,LIMIT,1702260860507,86,1.7036
IMXUSDT,BUY,LIMIT,1702260876726,3,1.7179
IMXUSDT,BUY,LIMIT,1702260912743,3774,1.7326
IMXUSDT,BUY,LIMIT,1702261039070,109,1.7668
IMXUSDT,BUY,LIMIT,1702261212391,16,1.7752
IMXUSDT,SELL,LIMIT,1702261260637,2776,1.7104
IMXUSDT,BUY,LIMIT,1702261448590,775,1.7779
IMXUSDT,SELL,LIMIT,1702261555620,32,1.7146
IMXUSDT,BUY,LIMIT,1702261628248,691,1.7731
IMXUSDT,BUY,LIMIT,1702261795209,62,1.7810
IMXUSDT,SELL,LIMIT,1702262147368,1516,1.7395
IMXUSDT,BUY,LIMIT,1702263064229,15,1.7941
IMXUSDT,BUY,LIMIT,1702263248159,135,1.8194
IMXUSDT,BUY,LIMIT,1702263582135,2843,1.8309
IMXUSDT,BUY,LIMIT,1702263594454,2826,1.8321
IMXUSDT,BUY,LIMIT,1702263595748,9,1.8366
IMXUSDT,BUY,LIMIT,1702263610184,56,1.8454
IMXUSDT,BUY,LIMIT,1702263611283,1173,1.8465
IMXUSDT,BUY,LIMIT,1702263615751,77,1.8521
IMXUSDT,BUY,LIMIT,1702263660241,275,1.8676
IMXUSDT,BUY,LIMIT,1702263671585,439,1.8684
IMXUSDT,BUY,LIMIT,1702263683277,3,1.8721
IMXUSDT,BUY,LIMIT,1702263684597,57,1.8733
IMXUSDT,BUY,LIMIT,1702263699976,2777,1.8688
IMXUSDT,BUY,LIMIT,1702263732212,503,1.8757
IMXUSDT,BUY,LIMIT,1702263739113,308,1.8773
IMXUSDT,BUY,LIMIT,1702263783099,104,1.8811
IMXUSDT,BUY,LIMIT,1702263789117,81,1.8882
IMXUSDT,BUY,LIMIT,1702263796196,35,1.8922
IMXUSDT,BUY,LIMIT,1702263802087,9,1.8971
IMXUSDT,BUY,LIMIT,1702263803091,52,1.8971
IMXUSDT,BUY,LIMIT,1702263810969,235,1.9047
IMXUSDT,BUY,LIMIT,1702263862782,88,1.8963
IMXUSDT,BUY,LIMIT,1702264049107,2,1.8866
IMXUSDT,BUY,LIMIT,1702264198897,179,1.8767
IMXUSDT,BUY,LIMIT,1702264319811,26,1.8876
IMXUSDT,BUY,LIMIT,1702264330293,143,1.8908
IMXUSDT,BUY,LIMIT,1702265163570,21,1.9039
IMXUSDT,BUY,LIMIT,1702265176914,551,1.9130
IMXUSDT,BUY,LIMIT,1702265178127,613,1.9145
IMXUSDT,BUY,LIMIT,1702265181366,132,1.9192
IMXUSDT,BUY,LIMIT,1702265183801,27,1.9228
IMXUSDT,BUY,LIMIT,1702265203348,252,1.9247
IMXUSDT,BUY,LIMIT,1702265205512,544,1.9263
IMXUSDT,BUY,LIMIT,1702265211210,2755,1.9299
IMXUSDT,BUY,LIMIT,1702265212264,241,1.9336
IMXUSDT,BUY,LIMIT,1702265216034,442,1.9348
IMXUSDT,BUY,LIMIT,1702265219068,526,1.9361
IMXUSDT,BUY,LIMIT,1702265221198,1398,1.9383
IMXUSDT,SELL,LIMIT,1702265631415,1211,1.8710
IMXUSDT,BUY,LIMIT,1702265742979,318,1.9416
IMXUSDT,BUY,LIMIT,1702265762379,50,1.9449
IMXUSDT,BUY,LIMIT,1702265764213,1050,1.9473
IMXUSDT,BUY,LIMIT,1702265916055,8,1.9495
IMXUSDT,BUY,LIMIT,1702265932917,149,1.9515
IMXUSDT,BUY,LIMIT,1702265995057,3,1.9543
IMXUSDT,BUY,LIMIT,1702266092913,349,1.9416
IMXUSDT,BUY,LIMIT,1702266423292,462,1.9583
IMXUSDT,BUY,LIMIT,1702266426455,2126,1.9586
IMXUSDT,BUY,LIMIT,1702266448375,890,1.9595
IMXUSDT,BUY,LIMIT,1702266465531,7,1.9604
IMXUSDT,BUY,LIMIT,1702266483828,326,1.9609
IMXUSDT,BUY,LIMIT,1702266498322,6538,1.9731
IMXUSDT,SELL,LIMIT,1702266656477,1689,1.8886
IMXUSDT,BUY,LIMIT,1702266782064,18,1.9681
IMXUSDT,BUY,LIMIT,1702266783092,88,1.9692
IMXUSDT,BUY,LIMIT,1702266784190,1000,1.9733
IMXUSDT,BUY,LIMIT,1702266808573,3,1.9787
IMXUSDT,SELL,LIMIT,1702266884232,12,1.9051
IMXUSDT,SELL,LIMIT,1702267182653,37,1.8881
IMXUSDT,SELL,LIMIT,1702267185316,2235,1.8857
IMXUSDT,BUY,LIMIT,1702267452267,306,1.9390
IMXUSDT,BUY,LIMIT,1702267483189,76,1.9454
IMXUSDT,BUY,LIMIT,1702267651357,266,1.9561
IMXUSDT,BUY,LIMIT,1702267653168,500,1.9573
IMXUSDT,BUY,LIMIT,1702267682588,22,1.9575
IMXUSDT,SELL,LIMIT,1702267898952,2118,1.9079
IMXUSDT,BUY,LIMIT,1702268321885,11,1.9826
IMXUSDT,BUY,LIMIT,1702268353511,6,1.9886
IMXUSDT,BUY,LIMIT,1702268357423,50,1.9903
IMXUSDT,BUY,LIMIT,1702268359147,50,1.9965
IMXUSDT,BUY,LIMIT,1702268361466,366,1.9949
