Symbol,Side,Order Type,Time,Quantity,Price
IMXUSDT,SELL,LIMIT,1700993337279,1260,1.3613
IMXUSDT,SELL,LIMIT,1700995269587,47,1.3590
IMXUSDT,SELL,LIMIT,1700996135034,28,1.3544
IMXUSDT,SELL,LIMIT,1700996579118,1684,1.3532
IMXUSDT,SELL,LIMIT,1701000269191,1080,1.3499
IMXUSDT,SELL,LIMIT,1701000285704,1569,1.3490
IMXUSDT,SELL,LIMIT,1701000556081,18,1.3465
IMXUSDT,SELL,LIMIT,1701000598541,39,1.3458
IMXUSDT,SELL,LIMIT,1701001151775,1024,1.3442
IMXUSDT,SELL,LIMIT,1701001399222,155,1.3439
IMXUSDT,SELL,LIMIT,1701001500936,37,1.3422
IMXUSDT,SELL,LIMIT,1701001502435,6,1.3418
IMXUSDT,SELL,LIMIT,1701001503519,30,1.3409
IMXUSDT,SELL,LIMIT,1701001511153,713,1.3392
IMXUSDT,SELL,LIMIT,1701001515445,416,1.3378
IMXUSDT,SELL,LIMIT,1701003771259,7,1.3562
IMXUSDT,BUY,LIMIT,1701006870002,303,1.3963
IMXUSDT,SELL,LIMIT,1701008179679,89,1.3553
IMXUSDT,SELL,LIMIT,1701008309266,40,1.3479
IMXUSDT,SELL,LIMIT,1701008436649,992,1.3413
IMXUSDT,SELL,LIMIT,1701009264267,600,1.3351
IMXUSDT,SELL,LIMIT,1701009274623,3084,1.3332
IMXUSDT,BUY,LIMIT,1701011232258,684,1.3869
IMXUSDT,SELL,LIMIT,1701013966629,3677,1.3314
IMXUSDT,SELL,LIMIT,1701014016971,2587,1.3301
IMXUSDT,SELL,LIMIT,1701014044535,4,1.3289
IMXUSDT,SELL,LIMIT,1701015220089,15,1.3274
IMXUSDT,SELL,LIMIT,1701015221906,716,1.3271
IMXUSDT,SELL,LIMIT,1701015232482,301,1.3271
IMXUSDT,SELL,LIMIT,1701015238357,1380,1.3269
IMXUSDT,SELL,LIMIT,1701015333600,5448,1.3220
IMXUSDT,SELL,LIMIT,1701015348982,70,1.3260
IMXUSDT,SELL,LIMIT,1701015351141,796,1.3255
IMXUSDT,SELL,LIMIT,1701015529103,1847,1.3247
IMXUSDT,SELL,LIMIT,1701015639728,1815,1.3233
IMXUSDT,SELL,LIMIT,1701015644388,70,1.3225
IMXUSDT,SELL,LIMIT,1701015655238,575,1.3220
IMXUSDT,SELL,LIMIT,1701015662318,42,1.3219
IMXUSDT,SELL,LIMIT,1701015671240,16262,1.3106
IMXUSDT,SELL,LIMIT,1701015673139,337,1.3196
IMXUSDT,SELL,LIMIT,1701015674148,11,1.3194
IMXUSDT,SELL,LIMIT,1701015675486,60,1.3189
IMXUSDT,SELL,LIMIT,1701015684296,178,1.3183
IMXUSDT,SELL,LIMIT,1701015685412,3428,1.3183
IMXUSDT,SELL,LIMIT,1701015686454,18,1.3181
IMXUSDT,SELL,LIMIT,1701015732656,414,1.3172
IMXUSDT,SELL,LIMIT,1701015747046,2317,1.3163
IMXUSDT,SELL,LIMIT,1701015760628,29,1.3162
IMXUSDT,SELL,LIMIT,1701015761720,3000,1.3160
IMXUSDT,SELL,LIMIT,1701015862450,7,1.3155
IMXUSDT,SELL,LIMIT,1701016003275,110,1.3145
IMXUSDT,SELL,LIMIT,1701016014623,385,1.3135
IMXUSDT,SELL,LIMIT,1701016029072,35,1.3122
IMXUSDT,SELL,LIMIT,1701016031777,148,1.3111
IMXUSDT,SELL,LIMIT,1701016034190,982,1.3108
IMXUSDT,SELL,LIMIT,1701016036258,300,1.3132
IMXUSDT,SELL,LIMIT,1701016041655,51,1.3095
IMXUSDT,SELL,LIMIT,1701016043256,10,1.3071
IMXUSDT,SELL,LIMIT,1701016044429,91,1.3096
IMXUSDT,SELL,LIMIT,1701016045274,3000,1.3065
IMXUSDT,SELL,LIMIT,1701016046263,1547,1.3063
IMXUSDT,SELL,LIMIT,1701016047252,63,1.3061
IMXUSDT,SELL,LIMIT,1701016048126,578,1.3084
IMXUSDT,SELL,LIMIT,1701016049856,59,1.3056
IMXUSDT,BUY,LIMIT,1701016063369,101,1.3503
IMXUSDT,SELL,LIMIT,1701016088817,40,1.3052
IMXUSDT,SELL,LIMIT,1701016096112,70,1.3061
IMXUSDT,SELL,LIMIT,1701016098929,142,1.3040
IMXUSDT,SELL,LIMIT,1701016100060,8,1.3029
IMXUSDT,SELL,LIMIT,1701016101626,349,1.3025
IMXUSDT,SELL,LIMIT,1701016102438,129,1.3017
IMXUSDT,BUY,LIMIT,1701016178447,22,1.3511
IMXUSDT,BUY,LIMIT,1701016400577,4,1.3573
IMXUSDT,BUY,LIMIT,1701019911863,636,1.3646
IMXUSDT,SELL,LIMIT,1701020791081,2031,1.3197
IMXUSDT,BUY,LIMIT,1701022360128,206,1.3606
IMXUSDT,BUY,LIMIT,1701031592473,2610,1.3661
IMXUSDT,BUY,LIMIT,1701036054942,148,1.3745
IMXUSDT,BUY,LIMIT,1701036113139,2450,1.3776
IMXUSDT,BUY,LIMIT,1701036441102,43,1.3820
IMXUSDT,BUY,LIMIT,1701036935843,186,1.3846
IMXUSDT,BUY,LIMIT,1701037459888,43,1.3877
IMXUSDT,BUY,LIMIT,1701037487511,632,1.3892
IMXUSDT,BUY,LIMIT,1701037605072,98,1.3905
IMXUSDT,BUY,LIMIT,1701037742044,3000,1.3917
IMXUSDT,BUY,LIMIT,1701039513838,74,1.3981
IMXUSDT,SELL,LIMIT,1701040606289,649,1.3452
IMXUSDT,SELL,LIMIT,1701041742743,114,1.3424
IMXUSDT,SELL,LIMIT,1701043361951,47,1.3354
IMXUSDT,SELL,LIMIT,1701043399252,162,1.3334
IMXUSDT,SELL,LIMIT,1701043551071,96,1.3324
IMXUSDT,SELL,LIMIT,1701046571296,157,1.3471
IMXUSDT,SELL,LIMIT,1701051384185,2324,1.3332
IMXUSDT,SELL,LIMIT,1701052732301,37,1.3284
IMXUSDT,SELL,LIMIT,1701054627099,566,1.3200
IMXUSDT,SELL,LIMIT,1701054856845,815,1.3189
IMXUSDT,SELL,LIMIT,1701055761614,49,1.3146
IMXUSDT,SELL,LIMIT,1701056109186,96,1.3076
IMXUSDT,SELL,LIMIT,1701056129985,33,1.3079
IMXUSDT,SELL,LIMIT,1701056150276,34,1.3067
IMXUSDT,SELL,LIMIT,1701056151981,256,1.3067
IMXUSDT,BUY,LIMIT,1701061101915,38,1.3735
IMXUSDT,BUY,LIMIT,1701061272966,148,1.3798
IMXUSDT,BUY,LIMIT,1701061635026,67,1.3919
IMXUSDT,BUY,LIMIT,1701061667896,12,1.3932
