Symbol,Side,Order Type,Time,Quantity,Price
IMXUSDT,BUY,LIMIT,1701065150574,7,1.4006
IMXUSDT,BUY,LIMIT,1701065184253,115,1.4028
IMXUSDT,BUY,LIMIT,1701065186583,112,1.4031
IMXUSDT,BUY,LIMIT,1701065547212,1638,1.4061
IMXUSDT,BUY,LIMIT,1701065606077,561,1.4076
IMXUSDT,BUY,LIMIT,1701065685748,72,1.4143
IMXUSDT,BUY,LIMIT,1701065722590,48,1.4175
IMXUSDT,BUY,LIMIT,1701065968303,749,1.4240
IMXUSDT,BUY,LIMIT,1701065978063,3982,1.4284
IMXUSDT,BUY,LIMIT,1701067750295,144,1.3911
IMXUSDT,BUY,LIMIT,1701067751666,723,1.4045
IMXUSDT,BUY,LIMIT,1701067814734,144,1.4026
IMXUSDT,SELL,LIMIT,1701068154338,131,1.3547
IMXUSDT,BUY,LIMIT,1701068965305,144,1.4060
IMXUSDT,BUY,LIMIT,1701068997365,78,1.4073
IMXUSDT,BUY,LIMIT,1701069009184,60,1.4085
IMXUSDT,BUY,LIMIT,1701069010420,144,1.4091
IMXUSDT,BUY,LIMIT,1701069014100,361,1.4130
IMXUSDT,BUY,LIMIT,1701069038785,32,1.4166
IMXUSDT,SELL,LIMIT,1701069801625,38,1.3526
IMXUSDT,SELL,LIMIT,1701069824074,844,1.3519
IMXUSDT,SELL,LIMIT,1701069883218,2768,1.3461
IMXUSDT,SELL,LIMIT,1701069901065,333,1.3409
IMXUSDT,SELL,LIMIT,1701070371591,2741,1.3476
IMXUSDT,SELL,LIMIT,1701070924813,2552,1.3439
IMXUSDT,BUY,LIMIT,1701073980424,2427,1.4116
IMXUSDT,BUY,LIMIT,1701074114903,649,1.4157
IMXUSDT,BUY,LIMIT,1701074408424,159,1.4169
IMXUSDT,SELL,LIMIT,1701075543333,204,1.3499
IMXUSDT,SELL,LIMIT,1701078508203,3660,1.3389
IMXUSDT,SELL,LIMIT,1701078790828,1721,1.3348
IMXUSDT,SELL,LIMIT,1701079125634,239,1.3314
IMXUSDT,SELL,LIMIT,1701079212490,967,1.3300
IMXUSDT,SELL,LIMIT,1701079475800,9,1.3281
IMXUSDT,SELL,LIMIT,1701079537359,293,1.3267
IMXUSDT,SELL,LIMIT,1701080035464,144,1.3227
IMXUSDT,SELL,LIMIT,1701080362619,82,1.3185
IMXUSDT,SELL,LIMIT,1701080390401,37,1.3170
IMXUSDT,SELL,LIMIT,1701080446204,259,1.3163
IMXUSDT,SELL,LIMIT,1701080720541,6,1.3148
IMXUSDT,SELL,LIMIT,1701081023266,1869,1.3098
IMXUSDT,SELL,LIMIT,1701081451129,617,1.3072
IMXUSDT,SELL,LIMIT,1701081484423,296,1.3069
IMXUSDT,SELL,LIMIT,1701082020359,268,1.3052
IMXUSDT,SELL,LIMIT,1701082029122,3768,1.3041
IMXUSDT,SELL,LIMIT,1701082031491,71,1.3031
IMXUSDT,SELL,LIMIT,1701082062407,9,1.3017
IMXUSDT,SELL,LIMIT,1701082112912,32,1.3017
IMXUSDT,SELL,LIMIT,1701082121326,63,1.3000
IMXUSDT,SELL,LIMIT,1701082124158,2499,1.2987
IMXUSDT,SELL,LIMIT,1701082597363,375,1.2956
IMXUSDT,SELL,LIMIT,1701082600221,2,1.2953
IMXUSDT,SELL,LIMIT,1701082617271,832,1.2936
IMXUSDT,SELL,LIMIT,1701082630161,1311,1.2928
IMXUSDT,SELL,LIMIT,1701082660784,142,1.2917
IMXUSDT,SELL,LIMIT,1701082690822,475,1.2891
IMXUSDT,BUY,LIMIT,1701087651520,150,1.3521
IMXUSDT,BUY,LIMIT,1701088271211,500,1.3540
IMXUSDT,BUY,LIMIT,1701093684238,207,1.3489
IMXUSDT,SELL,LIMIT,1701095122141,1888,1.2919
IMXUSDT,SELL,LIMIT,1701095355368,263,1.2939
IMXUSDT,SELL,LIMIT,1701095499604,76,1.2907
IMXUSDT,SELL,LIMIT,1701095505051,3805,1.2876
IMXUSDT,SELL,LIMIT,1701095506359,171,1.2869
IMXUSDT,SELL,LIMIT,1701095531055,418,1.2865
IMXUSDT,SELL,LIMIT,1701095551975,5,1.2856
IMXUSDT,SELL,LIMIT,1701095610952,778,1.2872
IMXUSDT,SELL,LIMIT,1701097082134,56,1.2833
IMXUSDT,SELL,LIMIT,1701097083526,102,1.2830
IMXUSDT,BUY,LIMIT,1701097356115,44,1.3315
IMXUSDT,BUY,LIMIT,1701098545495,72,1.3484
IMXUSDT,SELL,LIMIT,1701099272691,923,1.2992
IMXUSDT,SELL,LIMIT,1701100067102,237,1.2954
IMXUSDT,BUY,LIMIT,1701100142464,91,1.3321
IMXUSDT,SELL,LIMIT,1701100571864,28,1.2949
IMXUSDT,SELL,LIMIT,1701101007757,25,1.3052
IMXUSDT,BUY,LIMIT,1701103686419,75,1.3521
IMXUSDT,BUY,LIMIT,1701104395150,3062,1.3563
IMXUSDT,BUY,LIMIT,1701104743305,40,1.3629
IMXUSDT,BUY,LIMIT,1701104803427,1139,1.3634
IMXUSDT,BUY,LIMIT,1701104807811,101,1.3667
IMXUSDT,BUY,LIMIT,1701104916963,153,1.3686
IMXUSDT,SELL,LIMIT,1701109560198,159,1.3275
IMXUSDT,SELL,LIMIT,1701110448822,703,1.3230
IMXUSDT,SELL,LIMIT,1701110462390,48,1.3229
IMXUSDT,SELL,LIMIT,1701110508025,19,1.3213
IMXUSDT,SELL,LIMIT,1701114352850,5,1.2958
IMXUSDT,SELL,LIMIT,1701114469181,133,1.2930
IMXUSDT,SELL,LIMIT,1701114473322,7,1.2928
IMXUSDT,SELL,LIMIT,1701114525525,12,1.2909
IMXUSDT,BUY,LIMIT,1701119530878,3775,1.3493
IMXUSDT,BUY,LIMIT,1701119759036,108,1.3540
IMXUSDT,BUY,LIMIT,1701122230681,3000,1.3576
IMXUSDT,BUY,LIMIT,1701126423131,1,1.3616
IMXUSDT,BUY,LIMIT,1701131058366,6,1.3639
IMXUSDT,SELL,LIMIT,1701136741175,48,1.3021
IMXUSDT,SELL,LIMIT,1701137393548,9,1.2911
IMXUSDT,SELL,LIMIT,1701137481337,31,1.2866
IMXUSDT,SELL,LIMIT,1701138225222,435,1.2815
IMXUSDT,SELL,LIMIT,1701143495674,35,1.2803
IMXUSDT,SELL,LIMIT,1701144091516,93,1.2786
IMXUSDT,SELL,LIMIT,1701144106117,50,1.2778
IMXUSDT,SELL,LIMIT,1701144129659,151,1.2757
IMXUSDT,SELL,LIMIT,1701144173042,2667,1.2735
IMXUSDT,SELL,LIMIT,1701144174116,13,1.2736
IMXUSDT,BUY,LIMIT,1701144630878,14,1.3190
IMXUSDT,SELL,LIMIT,1701145775932,3425,1.2734
IMXUSDT,SELL,LIMIT,1701145858067,5,1.2731
IMXUSDT,SELL,LIMIT,1701145929694,187,1.2714
IMXUSDT,SELL,LIMIT,1701145933087,1384,1.2708
IMXUSDT,SELL,LIMIT,1701145979080,201,1.2700
IMXUSDT,SELL,LIMIT,1701145991356,20,1.2694
IMXUSDT,SELL,LIMIT,1701146061805,1541,1.2681
IMXUSDT,SELL,LIMIT,1701146621665,15,1.2665
IMXUSDT,SELL,LIMIT,1701146917496,354,1.2658
IMXUSDT,SELL,LIMIT,1701146965136,1204,1.2649
IMXUSDT,SELL,LIMIT,1701147194929,14,1.2639
IMXUSDT,SELL,LIMIT,1701147283300,35,1.2639
IMXUSDT,SELL,LIMIT,1701147344412,18,1.2631
IMXUSDT,SELL,LIMIT,1701147464796,776,1.2630
IMXUSDT,SELL,LIMIT,1701147467060,183,1.2625
IMXUSDT,SELL,LIMIT,1701147810439,41,1.2622
IMXUSDT,SELL,LIMIT,1701147837813,356,1.2617
IMXUSDT,SELL,LIMIT,1701147891408,7,1.2614
IMXUSDT,SELL,LIMIT,1701147911703,91,1.2613
IMXUSDT,SELL,LIMIT,1701147986377,122,1.2608
IMXUSDT,SELL,LIMIT,1701147988090,741,1.2601
IMXUSDT,SELL,LIMIT,1701148128083,53,1.2591
IMXUSDT,SELL,LIMIT,1701148200347,115,1.2580
IMXUSDT,SELL,LIMIT,1701148239019,261,1.2578
IMXUSDT,SELL,LIMIT,1701149838306,1791,1.2568
IMXUSDT,SELL,LIMIT,1701149839429,1749,1.2548
IMXUSDT,SELL,LIMIT,1701149842552,173,1.2546
IMXUSDT,SELL,LIMIT,1701149845236,2681,1.2544
IMXUSDT,SELL,LIMIT,1701149849601,142,1.2535
IMXUSDT,SELL,LIMIT,1701149851180,382,1.2534
IMXUSDT,SELL,LIMIT,1701149852206,668,1.2553
IMXUSDT,SELL,LIMIT,1701149894827,59,1.2521
IMXUSDT,SELL,LIMIT,1701149896070,118,1.2520
IMXUSDT,BUY,LIMIT,1701153399901,400,1.3066
IMXUSDT,SELL,LIMIT,1701153757058,730,1.2633
IMXUSDT,BUY,LIMIT,1701154433242,424,1.3009
IMXUSDT,SELL,LIMIT,1701155792156,40,1.2557
IMXUSDT,SELL,LIMIT,1701156382655,449,1.2515
IMXUSDT,SELL,LIMIT,1701156384760,147,1.2514
IMXUSDT,SELL,LIMIT,1701156470814,4,1.2508
IMXUSDT,SELL,LIMIT,1701156479645,109,1.2497
IMXUSDT,SELL,LIMIT,1701156483444,789,1.2493
IMXUSDT,SELL,LIMIT,1701156557840,1440,1.2490
IMXUSDT,SELL,LIMIT,1701156561122,100,1.2485
IMXUSDT,BUY,LIMIT,1701158031364,47,1.3045
IMXUSDT,SELL,LIMIT,1701162630834,44,1.2670
IMXUSDT,BUY,LIMIT,1701162978556,475,1.3155
IMXUSDT,BUY,LIMIT,1701164282932,49,1.3190
IMXUSDT,BUY,LIMIT,1701164387786,143,1.3212
IMXUSDT,BUY,LIMIT,1701164470342,2554,1.3219
IMXUSDT,BUY,LIMIT,1701171232566,70,1.3284
IMXUSDT,BUY,LIMIT,1701172534042,3746,1.3326
IMXUSDT,BUY,LIMIT,1701178331284,1735,1.3292
IMXUSDT,BUY,LIMIT,1701186195275,57,1.3334
IMXUSDT,SELL,LIMIT,1701186523811,312,1.2954
IMXUSDT,BUY,LIMIT,1701189648227,4272,1.3520
IMXUSDT,BUY,LIMIT,1701190212417,403,1.3605
IMXUSDT,BUY,LIMIT,1701190254063,244,1.3628
IMXUSDT,BUY,LIMIT,1701190277018,178,1.3654
IMXUSDT,BUY,LIMIT,1701190385547,9,1.3681
IMXUSDT,BUY,LIMIT,1701190444272,11,1.3745
IMXUSDT,BUY,LIMIT,1701190966243,210,1.3805
IMXUSDT,BUY,LIMIT,1701190969250,204,1.3831
IMXUSDT,BUY,LIMIT,1701190970337,1015,1.3826
IMXUSDT,SELL,LIMIT,1701193064751,13,1.3347
IMXUSDT,BUY,LIMIT,1701193588725,79,1.3900
IMXUSDT,BUY,LIMIT,1701193593850,3940,1.3928
IMXUSDT,BUY,LIMIT,1701193597470,130,1.3930
IMXUSDT,SELL,LIMIT,1701197529179,479,1.3397
IMXUSDT,BUY,LIMIT,1701197838335,7,1.3785
IMXUSDT,BUY,LIMIT,1701197853507,20,1.3799
IMXUSDT,BUY,LIMIT,1701198676644,84,1.3842
IMXUSDT,BUY,LIMIT,1701199840223,199,1.3824
IMXUSDT,BUY,LIMIT,1701200474855,646,1.3830
IMXUSDT,BUY,LIMIT,1701201640491,5,1.3824
IMXUSDT,SELL,LIMIT,1701206394184,31,1.3274
IMXUSDT,SELL,LIMIT,1701207899427,161,1.3238
IMXUSDT,SELL,LIMIT,1701220568954,393,1.3126
IMXUSDT,SELL,LIMIT,1701223421170,123,1.3039
IMXUSDT,SELL,LIMIT,1701223480977,18,1.3029
IMXUSDT,SELL,LIMIT,1701223574950,237,1.3020
IMXUSDT,SELL,LIMIT,1701225676802,1276,1.3010
IMXUSDT,SELL,LIMIT,1701231849541,251,1.2953
IMXUSDT,SELL,LIMIT,1701242226250,40,1.2985
IMXUSDT,SELL,LIMIT,1701243890952,37,1.2971
IMXUSDT,SELL,LIMIT,1701245667991,37,1.2936
IMXUSDT,SELL,LIMIT,1701245726698,89,1.2933
IMXUSDT,SELL,LIMIT,1701246428114,12,1.2952
IMXUSDT,SELL,LIMIT,1701251618060,314,1.2915
IMXUSDT,SELL,LIMIT,1701252049610,6,1.2880
IMXUSDT,SELL,LIMIT,1701252184406,401,1.2861
IMXUSDT,SELL,LIMIT,1701252224067,682,1.2847
IMXUSDT,SELL,LIMIT,1701252236047,335,1.2826
IMXUSDT,SELL,LIMIT,1701252997103,110,1.2817
IMXUSDT,SELL,LIMIT,1701253164290,6,1.2775
IMXUSDT,SELL,LIMIT,1701253364711,6,1.2753
IMXUSDT,SELL,LIMIT,1701254416269,2952,1.2672
IMXUSDT,SELL,LIMIT,1701254418065,66,1.2643
IMXUSDT,SELL,LIMIT,1701254419213,49,1.2642
IMXUSDT,SELL,LIMIT,1701254683380,17,1.2632
IMXUSDT,SELL,LIMIT,1701260080882,177,1.2663
IMXUSDT,SELL,LIMIT,1701263470100,3782,1.2609
IMXUSDT,SELL,LIMIT,1701264301433,87,1.2596
IMXUSDT,SELL,LIMIT,1701264312546,113,1.2588
IMXUSDT,SELL,LIMIT,1701268455769,4,1.2551
IMXUSDT,SELL,LIMIT,1701268914985,5,1.2549
IMXUSDT,SELL,LIMIT,1701269144962,3488,1.2540
IMXUSDT,SELL,LIMIT,1701269160393,74,1.2532
IMXUSDT,SELL,LIMIT,1701269255592,912,1.2529
IMXUSDT,SELL,LIMIT,1701270451504,234,1.2518
IMXUSDT,SELL,LIMIT,1701270572098,700,1.2506
IMXUSDT,SELL,LIMIT,1701270573256,302,1.2501
IMXUSDT,SELL,LIMIT,1701270584102,1000,1.2486
IMXUSDT,SELL,LIMIT,1701270585150,146,1.2487
IMXUSDT,SELL,LIMIT,1701270586284,119,1.2483
IMXUSDT,SELL,LIMIT,1701270587635,23,1.2465
IMXUSDT,SELL,LIMIT,1701270613523,112,1.2456
IMXUSDT,SELL,LIMIT,1701270615426,728,1.2453
IMXUSDT,SELL,LIMIT,1701270616938,255,1.2451
IMXUSDT,SELL,LIMIT,1701270618821,300,1.2447
IMXUSDT,SELL,LIMIT,1701270620521,979,1.2448
IMXUSDT,SELL,LIMIT,1701275585808,911,1.2431
IMXUSDT,SELL,LIMIT,1701275610280,113,1.2421
IMXUSDT,SELL,LIMIT,1701275615477,10,1.2417
IMXUSDT,SELL,LIMIT,1701275805081,69,1.2407
IMXUSDT,SELL,LIMIT,1701275806344,36,1.2406
IMXUSDT,SELL,LIMIT,1701275828256,484,1.2398
IMXUSDT,SELL,LIMIT,1701275834281,2299,1.2394
IMXUSDT,SELL,LIMIT,1701275835453,1121,1.2394
IMXUSDT,SELL,LIMIT,1701282189694,18,1.2550
IMXUSDT,BUY,LIMIT,1701283711814,275,1.2940
IMXUSDT,BUY,LIMIT,1701290177088,80,1.2704
IMXUSDT,SELL,LIMIT,1701290357494,1113,1.2489
IMXUSDT,SELL,LIMIT,1701293106427,130,1.2574
IMXUSDT,SELL,LIMIT,1701294901049,160,1.2543
IMXUSDT,BUY,LIMIT,1701300263937,57,1.2973
IMXUSDT,SELL,LIMIT,1701302675138,156,1.2541
IMXUSDT,SELL,LIMIT,1701305609142,516,1.2455
IMXUSDT,SELL,LIMIT,1701306221293,1058,1.2412
IMXUSDT,SELL,LIMIT,1701306431403,2952,1.2376
IMXUSDT,SELL,LIMIT,1701309050841,3650,1.2364
IMXUSDT,SELL,LIMIT,1701309059285,400,1.2355
IMXUSDT,SELL,LIMIT,1701309119541,15,1.2342
IMXUSDT,SELL,LIMIT,1701309414313,241,1.2331
IMXUSDT,SELL,LIMIT,1701309523803,3898,1.2318
IMXUSDT,SELL,LIMIT,1701310985038,1,1.2310
IMXUSDT,SELL,LIMIT,1701310990469,171,1.2276
IMXUSDT,BUY,LIMIT,1701315342962,195,1.2865
IMXUSDT,BUY,LIMIT,1701315368130,71,1.2867
IMXUSDT,BUY,LIMIT,1701315446370,5,1.2881
IMXUSDT,SELL,LIMIT,1701319887704,85,1.2492
IMXUSDT,SELL,LIMIT,1701330855701,157,1.2446
IMXUSDT,SELL,LIMIT,1701330938400,12,1.2448
IMXUSDT,SELL,LIMIT,1701332676601,36,1.2343
IMXUSDT,SELL,LIMIT,1701332717548,137,1.2335
IMXUSDT,SELL,LIMIT,1701333088268,11,1.2272
IMXUSDT,SELL,LIMIT,1701333097130,2809,1.2271
IMXUSDT,SELL,LIMIT,1701333228360,1083,1.2270
IMXUSDT,SELL,LIMIT,1701333266018,38,1.2263
IMXUSDT,SELL,LIMIT,1701333269264,398,1.2252
IMXUSDT,SELL,LIMIT,1701333273318,2699,1.2240
IMXUSDT,SELL,LIMIT,1701333363041,278,1.2237
IMXUSDT,SELL,LIMIT,1701333443247,88,1.2234
IMXUSDT,SELL,LIMIT,1701333444680,3064,1.2232
IMXUSDT,SELL,LIMIT,1701333663386,420,1.2226
IMXUSDT,SELL,LIMIT,1701333679499,31089,1.2110
IMXUSDT,SELL,LIMIT,1701333682427,155,1.2209
IMXUSDT,SELL,LIMIT,1701333726983,4049,1.2202
IMXUSDT,SELL,LIMIT,1701335247726,211,1.2215
IMXUSDT,SELL,LIMIT,1701335416892,45,1.2202
IMXUSDT,SELL,LIMIT,1701335439653,803,1.2192
IMXUSDT,BUY,LIMIT,1701346035978,1421,1.2902
IMXUSDT,SELL,LIMIT,1701349698593,3906,1.2401
IMXUSDT,SELL,LIMIT,1701349765440,480,1.2394
IMXUSDT,SELL,LIMIT,1701355203266,277,1.2255
IMXUSDT,BUY,LIMIT,1701360688086,3872,1.2816
IMXUSDT,BUY,LIMIT,1701364097044,67,1.2905
IMXUSDT,BUY,LIMIT,1701365755204,59,1.2906
IMXUSDT,BUY,LIMIT,1701365830286,160,1.2919
IMXUSDT,BUY,LIMIT,1701365935576,24,1.2928
IMXUSDT,SELL,LIMIT,1701373543263,280,1.2570
IMXUSDT,SELL,LIMIT,1701374207041,111,1.2552
IMXUSDT,BUY,LIMIT,1701379640168,620,1.3004
IMXUSDT,BUY,LIMIT,1701381343457,26,1.3043
IMXUSDT,SELL,LIMIT,1701388893769,3884,1.2606
IMXUSDT,BUY,LIMIT,1701391181824,635,1.2934
IMXUSDT,BUY,LIMIT,1701393646662,41,1.3007
IMXUSDT,BUY,LIMIT,1701393967917,85,1.3086
IMXUSDT,BUY,LIMIT,1701394006378,118,1.3089
IMXUSDT,BUY,LIMIT,1701394009189,3852,1.3096
IMXUSDT,BUY,LIMIT,1701394075837,32,1.3105
IMXUSDT,BUY,LIMIT,1701394563917,14,1.3191
IMXUSDT,BUY,LIMIT,1701394587611,67,1.3201
IMXUSDT,BUY,LIMIT,1701398096867,299,1.3203
IMXUSDT,BUY,LIMIT,1701398551115,173,1.3263
IMXUSDT,BUY,LIMIT,1701398905289,109,1.3315
IMXUSDT,BUY,LIMIT,1701399883580,131,1.3339
IMXUSDT,BUY,LIMIT,1701399976816,45,1.3395
IMXUSDT,BUY,LIMIT,1701401576151,17,1.3464
IMXUSDT,BUY,LIMIT,1701402009656,143,1.3494
IMXUSDT,BUY,LIMIT,1701402093892,2211,1.3511
IMXUSDT,BUY,LIMIT,1701402622329,11,1.3584
IMXUSDT,BUY,LIMIT,1701402822135,800,1.3615
IMXUSDT,BUY,LIMIT,1701402824107,5,1.3616
IMXUSDT,BUY,LIMIT,1701402848065,9,1.3633
IMXUSDT,BUY,LIMIT,1701402942416,8,1.3674
IMXUSDT,BUY,LIMIT,1701402994226,24,1.3689
IMXUSDT,BUY,LIMIT,1701405515308,4,1.3611
IMXUSDT,BUY,LIMIT,1701408350919,84,1.3705
IMXUSDT,BUY,LIMIT,1701408389712,26,1.3722
IMXUSDT,BUY,LIMIT,1701408392378,269,1.3748
IMXUSDT,BUY,LIMIT,1701408857154,14,1.3790
IMXUSDT,BUY,LIMIT,1701408981095,10,1.3821
IMXUSDT,BUY,LIMIT,1701408982666,413,1.3835
IMXUSDT,BUY,LIMIT,1701409286151,129,1.3852
IMXUSDT,SELL,LIMIT,1701409818287,3665,1.3353
IMXUSDT,SELL,LIMIT,1701410047955,5,1.3287
IMXUSDT,SELL,LIMIT,1701410312444,2431,1.3274
IMXUSDT,SELL,LIMIT,1701410577242,1707,1.3223
IMXUSDT,SELL,LIMIT,1701410584092,1382,1.3220
IMXUSDT,SELL,LIMIT,1701410765236,988,1.3182
IMXUSDT,BUY,LIMIT,1701412128375,6,1.3732
IMXUSDT,BUY,LIMIT,1701412289364,48,1.3766
IMXUSDT,SELL,LIMIT,1701415189355,29,1.3281
IMXUSDT,SELL,LIMIT,1701418740576,3566,1.3282
IMXUSDT,SELL,LIMIT,1701418742543,509,1.3281
IMXUSDT,BUY,LIMIT,1701419676389,2458,1.3797
IMXUSDT,SELL,LIMIT,1701421324557,1658,1.3305
IMXUSDT,BUY,LIMIT,1701421764046,1922,1.3742
IMXUSDT,BUY,LIMIT,1701422503595,58,1.3856
IMXUSDT,SELL,LIMIT,1701423475586,751,1.3339
IMXUSDT,SELL,LIMIT,1701423486522,3652,1.3327
IMXUSDT,SELL,LIMIT,1701423488690,43,1.3326
IMXUSDT,BUY,LIMIT,1701424524897,7,1.3810
IMXUSDT,SELL,LIMIT,1701425703789,15,1.3293
IMXUSDT,SELL,LIMIT,1701426447404,352,1.3274
IMXUSDT,SELL,LIMIT,1701426941913,696,1.3267
IMXUSDT,SELL,LIMIT,1701427119692,131,1.3255
IMXUSDT,SELL,LIMIT,1701427155613,54,1.3248
IMXUSDT,BUY,LIMIT,1701428572083,158,1.3770
IMXUSDT,BUY,LIMIT,1701428602224,6,1.3815
IMXUSDT,BUY,LIMIT,1701428611521,1207,1.3829
IMXUSDT,BUY,LIMIT,1701428617125,252,1.3858
IMXUSDT,BUY,LIMIT,1701428658714,65,1.3891
IMXUSDT,SELL,LIMIT,1701428873089,438,1.3398
IMXUSDT,BUY,LIMIT,1701429209290,151,1.3900
IMXUSDT,BUY,LIMIT,1701429211122,41,1.3917
IMXUSDT,SELL,LIMIT,1701429429857,2831,1.3410
IMXUSDT,SELL,LIMIT,1701429436066,558,1.3385
IMXUSDT,SELL,LIMIT,1701429566376,42,1.3376
IMXUSDT,BUY,LIMIT,1701430122373,376,1.3823
IMXUSDT,SELL,LIMIT,1701430262323,657,1.3364
IMXUSDT,SELL,LIMIT,1701430585133,75,1.3279
IMXUSDT,SELL,LIMIT,1701433387484,259,1.3263
IMXUSDT,BUY,LIMIT,1701433970728,371,1.3739
IMXUSDT,BUY,LIMIT,1701434160428,33,1.3722
IMXUSDT,SELL,LIMIT,1701434692203,247,1.3246
IMXUSDT,BUY,LIMIT,1701436524099,284,1.3745
IMXUSDT,BUY,LIMIT,1701436840142,12,1.3687
IMXUSDT,BUY,LIMIT,1701437089410,285,1.3869
IMXUSDT,BUY,LIMIT,1701438871221,212,1.3777
IMXUSDT,SELL,LIMIT,1701440356987,125,1.3310
IMXUSDT,BUY,LIMIT,1701441837375,20,1.3717
IMXUSDT,BUY,LIMIT,1701441973103,137,1.3708
IMXUSDT,SELL,LIMIT,1701442072483,201,1.3284
IMXUSDT,SELL,LIMIT,1701442218170,3695,1.3260
IMXUSDT,BUY,LIMIT,1701443475768,66,1.3816
IMXUSDT,BUY,LIMIT,1701444774832,1086,1.3833
IMXUSDT,BUY,LIMIT,1701444990904,15,1.3852
IMXUSDT,BUY,LIMIT,1701445603617,44,1.3889
IMXUSDT,SELL,LIMIT,1701447219995,36,1.3426
IMXUSDT,BUY,LIMIT,1701447701357,18,1.2227
IMXUSDT,BUY,LIMIT,1701447851380,100,1.3917
IMXUSDT,BUY,LIMIT,1701447893273,216,1.3937
IMXUSDT,BUY,LIMIT,1701449026820,7,1.3967
IMXUSDT,BUY,LIMIT,1701449269555,22,1.3981
IMXUSDT,BUY,LIMIT,1701449276194,6,1.3996
IMXUSDT,BUY,LIMIT,1701449298634,23,1.4001
IMXUSDT,BUY,LIMIT,1701449355856,59,1.4032
IMXUSDT,BUY,LIMIT,1701449418514,316,1.4073
IMXUSDT,BUY,LIMIT,1701449426247,6,1.4075
IMXUSDT,BUY,LIMIT,1701449430639,38,1.4083
IMXUSDT,BUY,LIMIT,1701449444581,1481,1.4087
IMXUSDT,BUY,LIMIT,1701451302653,444,1.4079
IMXUSDT,BUY,LIMIT,1701451306105,153,1.4097
IMXUSDT,BUY,LIMIT,1701451798497,5,1.4113
IMXUSDT,BUY,LIMIT,1701452972494,15,1.4140
IMXUSDT,BUY,LIMIT,1701452982241,381,1.4146
IMXUSDT,BUY,LIMIT,1701453030137,4,1.4161
IMXUSDT,BUY,LIMIT,1701453039249,409,1.4172
IMXUSDT,BUY,LIMIT,1701453040565,36,1.4179
IMXUSDT,BUY,LIMIT,1701453043547,92,1.4184
IMXUSDT,BUY,LIMIT,1701453052242,8,1.4193
IMXUSDT,BUY,LIMIT,1701453192825,85,1.4201
IMXUSDT,BUY,LIMIT,1701453245326,21,1.4211
IMXUSDT,BUY,LIMIT,1701453250345,187,1.4211
IMXUSDT,BUY,LIMIT,1701453298413,15,1.4225
IMXUSDT,BUY,LIMIT,1701453302219,206,1.4230
IMXUSDT,BUY,LIMIT,1701453305012,372,1.4232
IMXUSDT,BUY,LIMIT,1701453318333,83,1.4239
IMXUSDT,BUY,LIMIT,1701453730305,223,1.4256
IMXUSDT,BUY,LIMIT,1701453732030,15,1.4261
IMXUSDT,BUY,LIMIT,1701453737125,39,1.4271
IMXUSDT,BUY,LIMIT,1701453789579,59,1.4287
IMXUSDT,BUY,LIMIT,1701453791847,1632,1.4272
IMXUSDT,BUY,LIMIT,1701453821478,182,1.4293
IMXUSDT,BUY,LIMIT,1701453822574,8,1.4291
IMXUSDT,BUY,LIMIT,1701453833560,6,1.4296
IMXUSDT,BUY,LIMIT,1701453902822,51,1.4310
IMXUSDT,BUY,LIMIT,1701453926727,653,1.4319
IMXUSDT,BUY,LIMIT,1701453928585,16,1.4332
IMXUSDT,BUY,LIMIT,1701453943496,30,1.4342
IMXUSDT,BUY,LIMIT,1701454004298,731,1.4348
IMXUSDT,BUY,LIMIT,1701454026955,4509,1.4387
IMXUSDT,BUY,LIMIT,1701454041104,18,1.4364
IMXUSDT,BUY,LIMIT,1701454068064,303,1.4374
IMXUSDT,BUY,LIMIT,1701454081166,657,1.4392
IMXUSDT,BUY,LIMIT,1701454083457,119,1.4393
IMXUSDT,BUY,LIMIT,1701454332460,91,1.4401
IMXUSDT,BUY,LIMIT,1701454333692,176,1.4403
IMXUSDT,BUY,LIMIT,1701454335170,403,1.4414
IMXUSDT,BUY,LIMIT,1701454339307,22,1.4435
IMXUSDT,BUY,LIMIT,1701454384992,12,1.4436
IMXUSDT,BUY,LIMIT,1701454573337,361,1.4463
IMXUSDT,BUY,LIMIT,1701454576519,96,1.4472
IMXUSDT,BUY,LIMIT,1701454585151,159,1.4477
IMXUSDT,BUY,LIMIT,1701454586408,2158,1.4478
IMXUSDT,BUY,LIMIT,1701454650512,1218,1.4491
IMXUSDT,BUY,LIMIT,1701454660614,15,1.4501
IMXUSDT,BUY,LIMIT,1701454689297,5137,1.4566
IMXUSDT,BUY,LIMIT,1701454698105,116,1.4525
IMXUSDT,BUY,LIMIT,1701454745183,377,1.4532
IMXUSDT,BUY,LIMIT,1701454746371,99,1.4557
IMXUSDT,BUY,LIMIT,1701454749891,1022,1.4572
IMXUSDT,BUY,LIMIT,1701454790046,8,1.4580
IMXUSDT,BUY,LIMIT,1701454817907,302,1.4582
IMXUSDT,BUY,LIMIT,1701454846227,210,1.4592
IMXUSDT,BUY,LIMIT,1701454894912,247,1.4607
IMXUSDT,BUY,LIMIT,1701455076570,57,1.4633
IMXUSDT,BUY,LIMIT,1701455095839,73,1.4637
IMXUSDT,BUY,LIMIT,1701455098337,10967,1.4744
IMXUSDT,SELL,LIMIT,1701455228958,61,1.4128
IMXUSDT,SELL,LIMIT,1701455260235,300,1.4118
IMXUSDT,SELL,LIMIT,1701455284005,1741,1.4105
IMXUSDT,BUY,LIMIT,1701455634718,7,1.4604
IMXUSDT,BUY,LIMIT,1701455775252,7,1.4659
IMXUSDT,BUY,LIMIT,1701455776342,2026,1.4665
IMXUSDT,BUY,LIMIT,1701455795936,9,1.4670
IMXUSDT,BUY,LIMIT,1701456135763,200,1.4620
IMXUSDT,SELL,LIMIT,1701457257902,347,1.4054
IMXUSDT,SELL,LIMIT,1701457462196,181,1.4010
IMXUSDT,SELL,LIMIT,1701457540176,11,1.3984
IMXUSDT,SELL,LIMIT,1701457541422,2090,1.3990
IMXUSDT,SELL,LIMIT,1701458101168,755,1.3925
IMXUSDT,BUY,LIMIT,1701459234615,35,1.4463
IMXUSDT,BUY,LIMIT,1701459564658,132,1.4519
IMXUSDT,BUY,LIMIT,1701459607173,553,1.4500
IMXUSDT,SELL,LIMIT,1701460853071,218,1.4050
IMXUSDT,SELL,LIMIT,1701461297357,14,1.4037
IMXUSDT,BUY,LIMIT,1701461978328,913,1.4582
IMXUSDT,BUY,LIMIT,1701463478974,3445,1.4614
IMXUSDT,BUY,LIMIT,1701464640044,385,1.4652
IMXUSDT,BUY,LIMIT,1701464641817,632,1.4656
IMXUSDT,BUY,LIMIT,1701464762169,5,1.4680
IMXUSDT,BUY,LIMIT,1701464926903,84,1.4689
IMXUSDT,BUY,LIMIT,1701464941945,15,1.4694
IMXUSDT,BUY,LIMIT,1701464943922,38,1.4697
IMXUSDT,BUY,LIMIT,1701465000858,65,1.4704
IMXUSDT,BUY,LIMIT,1701465002299,108,1.4707
IMXUSDT,BUY,LIMIT,1701465039364,56,1.4714
IMXUSDT,BUY,LIMIT,1701465066213,920,1.4734
IMXUSDT,BUY,LIMIT,1701465069273,921,1.4737
IMXUSDT,BUY,LIMIT,1701465076623,116,1.4746
IMXUSDT,BUY,LIMIT,1701465083420,501,1.4750
IMXUSDT,BUY,LIMIT,1701465101185,7,1.4765
IMXUSDT,BUY,LIMIT,1701465107598,2625,1.4772
IMXUSDT,BUY,LIMIT,1701465110819,10,1.4784
IMXUSDT,BUY,LIMIT,1701465112214,134,1.4786
IMXUSDT,BUY,LIMIT,1701465113301,38,1.4796
IMXUSDT,BUY,LIMIT,1701465233260,299,1.4804
IMXUSDT,BUY,LIMIT,1701465234359,3486,1.4811
IMXUSDT,BUY,LIMIT,1701465244871,214,1.4813
IMXUSDT,BUY,LIMIT,1701465262460,8,1.4818
IMXUSDT,BUY,LIMIT,1701465265216,4323,1.4851
IMXUSDT,BUY,LIMIT,1701465305133,410,1.4841
IMXUSDT,BUY,LIMIT,1701465306175,749,1.4843
IMXUSDT,SELL,LIMIT,1701465327743,4,1.4346
IMXUSDT,BUY,LIMIT,1701465402400,560,1.4858
IMXUSDT,BUY,LIMIT,1701465405450,1564,1.4864
IMXUSDT,BUY,LIMIT,1701465443633,45,1.4867
IMXUSDT,BUY,LIMIT,1701465501031,37,1.4871
IMXUSDT,BUY,LIMIT,1701465502467,247,1.4876
IMXUSDT,BUY,LIMIT,1701465504548,136,1.4882
IMXUSDT,BUY,LIMIT,1701465508312,136,1.4883
IMXUSDT,BUY,LIMIT,1701465523598,3463,1.4894
IMXUSDT,BUY,LIMIT,1701465611188,241,1.4902
IMXUSDT,BUY,LIMIT,1701465612310,34,1.4901
IMXUSDT,BUY,LIMIT,1701465640685,17,1.4904
IMXUSDT,BUY,LIMIT,1701465644421,1180,1.4908
IMXUSDT,BUY,LIMIT,1701465671176,20,1.4929
IMXUSDT,BUY,LIMIT,1701465672350,150,1.4931
IMXUSDT,BUY,LIMIT,1701465676596,324,1.4934
IMXUSDT,BUY,LIMIT,1701465731561,18,1.4939
IMXUSDT,BUY,LIMIT,1701465754108,52,1.4939
IMXUSDT,BUY,LIMIT,1701465759215,4,1.4942
IMXUSDT,BUY,LIMIT,1701465760260,35,1.4947
IMXUSDT,BUY,LIMIT,1701465819897,2001,1.4952
IMXUSDT,BUY,LIMIT,1701465825179,84,1.4953
IMXUSDT,BUY,LIMIT,1701465836375,13,1.4960
IMXUSDT,BUY,LIMIT,1701465838148,7,1.4966
IMXUSDT,BUY,LIMIT,1701465839395,285,1.4980
IMXUSDT,BUY,LIMIT,1701465850720,28,1.4997
IMXUSDT,SELL,LIMIT,1701466282436,182,1.4449
IMXUSDT,SELL,LIMIT,1701466887383,19,1.4386
IMXUSDT,BUY,LIMIT,1701467286878,1196,1.4905
IMXUSDT,SELL,LIMIT,1701467689435,853,1.4394
IMXUSDT,SELL,LIMIT,1701467708286,339,1.4387
IMXUSDT,SELL,LIMIT,1701467863285,479,1.4336
IMXUSDT,SELL,LIMIT,1701468576915,52,1.4307
IMXUSDT,SELL,LIMIT,1701470195130,1278,1.4286
IMXUSDT,SELL,LIMIT,1701470340481,550,1.4267
IMXUSDT,SELL,LIMIT,1701470640247,12,1.4226
IMXUSDT,SELL,LIMIT,1701471157643,638,1.4214
IMXUSDT,BUY,LIMIT,1701471831592,242,1.4728
IMXUSDT,BUY,LIMIT,1701471834244,6,1.4738
IMXUSDT,BUY,LIMIT,1701475716319,103,1.4748
IMXUSDT,BUY,LIMIT,1701475719157,1061,1.4761
IMXUSDT,BUY,LIMIT,1701475727224,3455,1.4782
IMXUSDT,BUY,LIMIT,1701475851252,3459,1.4793
IMXUSDT,BUY,LIMIT,1701476351439,478,1.4814
IMXUSDT,SELL,LIMIT,1701476669354,648,1.4357
IMXUSDT,SELL,LIMIT,1701476688468,324,1.4339
IMXUSDT,BUY,LIMIT,1701476860487,1712,1.4884
IMXUSDT,SELL,LIMIT,1701476965616,1912,1.4380
IMXUSDT,SELL,LIMIT,1701476977195,922,1.4332
IMXUSDT,SELL,LIMIT,1701477051158,2526,1.4254
IMXUSDT,SELL,LIMIT,1701477055031,715,1.4231
IMXUSDT,SELL,LIMIT,1701477130231,669,1.4191
IMXUSDT,SELL,LIMIT,1701477150651,92,1.4144
IMXUSDT,SELL,LIMIT,1701477157258,921,1.4148
IMXUSDT,BUY,LIMIT,1701477626834,355,1.4642
IMXUSDT,BUY,LIMIT,1701478545774,698,1.4654
IMXUSDT,BUY,LIMIT,1701478741279,10,1.4680
IMXUSDT,BUY,LIMIT,1701479329560,49,1.4680
IMXUSDT,BUY,LIMIT,1701479843129,100,1.4505
IMXUSDT,BUY,LIMIT,1701480227205,4,1.4608
IMXUSDT,BUY,LIMIT,1701480989464,40,1.4598
IMXUSDT,SELL,LIMIT,1701482100386,64,1.4111
IMXUSDT,SELL,LIMIT,1701482192513,300,1.4096
IMXUSDT,SELL,LIMIT,1701482201374,1679,1.4089
IMXUSDT,SELL,LIMIT,1701482555341,20,1.4077
IMXUSDT,SELL,LIMIT,1701483423772,1631,1.4035
IMXUSDT,SELL,LIMIT,1701483980575,632,1.3985
IMXUSDT,SELL,LIMIT,1701484244126,9886,1.3874
IMXUSDT,SELL,LIMIT,1701484245754,47,1.3961
IMXUSDT,SELL,LIMIT,1701484544598,6538,1.3877
IMXUSDT,SELL,LIMIT,1701484547333,63,1.3938
IMXUSDT,SELL,LIMIT,1701484702844,8,1.3918
IMXUSDT,SELL,LIMIT,1701484709555,87,1.3914
IMXUSDT,SELL,LIMIT,1701484711072,116,1.3913
IMXUSDT,SELL,LIMIT,1701485125668,78,1.3903
IMXUSDT,BUY,LIMIT,1701485993893,8,1.4087
IMXUSDT,BUY,LIMIT,1701485995170,73,1.4374
IMXUSDT,BUY,LIMIT,1701486001220,3000,1.3485
IMXUSDT,BUY,LIMIT,1701486002260,265,1.4394
IMXUSDT,BUY,LIMIT,1701486003303,1488,1.4124
IMXUSDT,BUY,LIMIT,1701486004308,11,1.4392
IMXUSDT,BUY,LIMIT,1701486005542,10,1.4392
IMXUSDT,SELL,LIMIT,1701486006816,36,3.4292
IMXUSDT,BUY,LIMIT,1701486025221,88,1.4405
IMXUSDT,SELL,LIMIT,1701489196564,14,1.3936
IMXUSDT,SELL,LIMIT,1701489292281,61,1.3917
IMXUSDT,SELL,LIMIT,1701490504582,171,1.3896
IMXUSDT,SELL,LIMIT,1701492808120,17,1.3855
IMXUSDT,SELL,LIMIT,1701493098656,3000,1.3846
IMXUSDT,SELL,LIMIT,1701493101461,3457,1.3838
IMXUSDT,SELL,LIMIT,1701493298413,687,1.3829
IMXUSDT,SELL,LIMIT,1701493302522,151,1.3818
IMXUSDT,SELL,LIMIT,1701493309197,5,1.3814
IMXUSDT,SELL,LIMIT,1701496492358,76,1.3794
IMXUSDT,BUY,LIMIT,1701498320704,32,1.4288
IMXUSDT,SELL,LIMIT,1701499852254,10,1.3744
IMXUSDT,SELL,LIMIT,1701500301891,1913,1.3721
IMXUSDT,SELL,LIMIT,1701500303550,409,1.3719
IMXUSDT,BUY,LIMIT,1701500432248,432,1.4151
IMXUSDT,SELL,LIMIT,1701501215582,7,1.3709
IMXUSDT,SELL,LIMIT,1701503137597,3549,1.3822
IMXUSDT,BUY,LIMIT,1701505503376,18,1.4329
IMXUSDT,BUY,LIMIT,1701505717539,13,1.4332
IMXUSDT,BUY,LIMIT,1701507947102,141,1.4339
IMXUSDT,BUY,LIMIT,1701508036843,5220,1.4404
