Symbol,Side,Order Type,Time,Quantity,Price
IMXUSDT,BUY,LIMIT,1701065150574,7,1.4006
IMXUSDT,BUY,LIMIT,1701065184253,115,1.4028
IMXUSDT,BUY,LIMIT,1701065186583,112,1.4031
IMXUSDT,BUY,LIMIT,1701065547212,1638,1.4061
IMXUSDT,BUY,LIMIT,1701065606077,561,1.4076
IMXUSDT,BUY,LIMIT,1701065685748,72,1.4143
IMXUSDT,BUY,LIMIT,1701065722590,48,1.4175
IMXUSDT,BUY,LIMIT,1701065968303,749,1.4240
IMXUSDT,BUY,LIMIT,1701065978063,3982,1.4284
IMXUSDT,BUY,LIMIT,1701067750295,144,1.3911
IMXUSDT,BUY,LIMIT,1701067751666,723,1.4045
IMXUSDT,BUY,LIMIT,1701067814734,144,1.4026
IMXUSDT,SELL,LIMIT,1701068154338,131,1.3547
IMXUSDT,BUY,LIMIT,1701068965305,144,1.4060
IMXUSDT,BUY,LIMIT,1701068997365,78,1.4073
IMXUSDT,BUY,LIMIT,1701069009184,60,1.4085
IMXUSDT,BUY,LIMIT,1701069010420,144,1.4091
IMXUSDT,BUY,LIMIT,1701069014100,361,1.4130
IMXUSDT,BUY,LIMIT,1701069038785,32,1.4166
IMXUSDT,SELL,LIMIT,1701069801625,38,1.3526
IMXUSDT,SELL,LIMIT,1701069824074,844,1.3519
IMXUSDT,SELL,LIMIT,1701069883218,2768,1.3461
IMXUSDT,SELL,LIMIT,1701069901065,333,1.3409
IMXUSDT,SELL,LIMIT,1701070371591,2741,1.3476
IMXUSDT,SELL,LIMIT,1701070924813,2552,1.3439
IMXUSDT,BUY,LIMIT,1701073980424,2427,1.4116
IMXUSDT,BUY,LIMIT,1701074114903,649,1.4157
IMXUSDT,BUY,LIMIT,1701074408424,159,1.4169
IMXUSDT,SELL,LIMIT,1701075543333,204,1.3499
IMXUSDT,SELL,LIMIT,1701078508203,3660,1.3389
IMXUSDT,SELL,LIMIT,1701078790828,1721,1.3348
IMXUSDT,SELL,LIMIT,1701079125634,239,1.3314
IMXUSDT,SELL,LIMIT,1701079212490,967,1.3300
IMXUSDT,SELL,LIMIT,1701079475800,9,1.3281
IMXUSDT,SELL,LIMIT,1701079537359,293,1.3267
IMXUSDT,SELL,LIMIT,1701080035464,144,1.3227
IMXUSDT,SELL,LIMIT,1701080362619,82,1.3185
IMXUSDT,SELL,LIMIT,1701080390401,37,1.3170
IMXUSDT,SELL,LIMIT,1701080446204,259,1.3163
IMXUSDT,SELL,LIMIT,1701080720541,6,1.3148
IMXUSDT,SELL,LIMIT,1701081023266,1869,1.3098
IMXUSDT,SELL,LIMIT,1701081451129,617,1.3072
IMXUSDT,SELL,LIMIT,1701081484423,296,1.3069
IMXUSDT,SELL,LIMIT,1701082020359,268,1.3052
IMXUSDT,SELL,LIMIT,1701082029122,3768,1.3041
IMXUSDT,SELL,LIMIT,1701082031491,71,1.3031
IMXUSDT,SELL,LIMIT,1701082062407,9,1.3017
IMXUSDT,SELL,LIMIT,1701082112912,32,1.3017
IMXUSDT,SELL,LIMIT,1701082121326,63,1.3000
IMXUSDT,SELL,LIMIT,1701082124158,2499,1.2987
IMXUSDT,SELL,LIMIT,1701082597363,375,1.2956
IMXUSDT,SELL,LIMIT,1701082600221,2,1.2953
IMXUSDT,SELL,LIMIT,1701082617271,832,1.2936
IMXUSDT,SELL,LIMIT,1701082630161,1311,1.2928
IMXUSDT,SELL,LIMIT,1701082660784,142,1.2917
IMXUSDT,SELL,LIMIT,1701082690822,475,1.2891
IMXUSDT,BUY,LIMIT,1701087651520,150,1.3521
IMXUSDT,BUY,LIMIT,1701088271211,500,1.3540
IMXUSDT,BUY,LIMIT,1701093684238,207,1.3489
IMXUSDT,SELL,LIMIT,1701095122141,1888,1.2919
IMXUSDT,SELL,LIMIT,1701095355368,263,1.2939
IMXUSDT,SELL,LIMIT,1701095499604,76,1.2907
IMXUSDT,SELL,LIMIT,1701095505051,3805,1.2876
IMXUSDT,SELL,LIMIT,1701095506359,171,1.2869
IMXUSDT,SELL,LIMIT,1701095531055,418,1.2865
IMXUSDT,SELL,LIMIT,1701095551975,5,1.2856
IMXUSDT,SELL,LIMIT,1701095610952,778,1.2872
IMXUSDT,SELL,LIMIT,1701097082134,56,1.2833
IMXUSDT,SELL,LIMIT,1701097083526,102,1.2830
IMXUSDT,BUY,LIMIT,1701097356115,44,1.3315
IMXUSDT,BUY,LIMIT,1701098545495,72,1.3484
IMXUSDT,SELL,LIMIT,1701099272691,923,1.2992
IMXUSDT,SELL,LIMIT,1701100067102,237,1.2954
IMXUSDT,BUY,LIMIT,1701100142464,91,1.3321
IMXUSDT,SELL,LIMIT,1701100571864,28,1.2949
IMXUSDT,SELL,LIMIT,1701101007757,25,1.3052
IMXUSDT,BUY,LIMIT,1701103686419,75,1.3521
IMXUSDT,BUY,LIMIT,1701104395150,3062,1.3563
IMXUSDT,BUY,LIMIT,1701104743305,40,1.3629
IMXUSDT,BUY,LIMIT,1701104803427,1139,1.3634
IMXUSDT,BUY,LIMIT,1701104807811,101,1.3667
IMXUSDT,BUY,LIMIT,1701104916963,153,1.3686
IMXUSDT,SELL,LIMIT,1701109560198,159,1.3275
IMXUSDT,SELL,LIMIT,1701110448822,703,1.3230
IMXUSDT,SELL,LIMIT,1701110462390,48,1.3229
IMXUSDT,SELL,LIMIT,1701110508025,19,1.3213
IMXUSDT,SELL,LIMIT,1701114352850,5,1.2958
IMXUSDT,SELL,LIMIT,1701114469181,133,1.2930
IMXUSDT,SELL,LIMIT,1701114473322,7,1.2928
IMXUSDT,SELL,LIMIT,1701114525525,12,1.2909
IMXUSDT,BUY,LIMIT,1701119530878,3775,1.3493
IMXUSDT,BUY,LIMIT,1701119759036,108,1.3540
IMXUSDT,BUY,LIMIT,1701122230681,3000,1.3576
IMXUSDT,BUY,LIMIT,1701126423131,1,1.3616
IMXUSDT,BUY,LIMIT,1701131058366,6,1.3639
IMXUSDT,SELL,LIMIT,1701136741175,48,1.3021
IMXUSDT,SELL,LIMIT,1701137393548,9,1.2911
IMXUSDT,SELL,LIMIT,1701137481337,31,1.2866
IMXUSDT,SELL,LIMIT,1701138225222,435,1.2815
IMXUSDT,SELL,LIMIT,1701143495674,35,1.2803
IMXUSDT,SELL,LIMIT,1701144091516,93,1.2786
IMXUSDT,SELL,LIMIT,1701144106117,50,1.2778
IMXUSDT,SELL,LIMIT,1701144129659,151,1.2757
IMXUSDT,SELL,LIMIT,1701144173042,2667,1.2735
IMXUSDT,SELL,LIMIT,1701144174116,13,1.2736
IMXUSDT,BUY,LIMIT,1701144630878,14,1.3190
IMXUSDT,SELL,LIMIT,1701145775932,3425,1.2734
IMXUSDT,SELL,LIMIT,1701145858067,5,1.2731
IMXUSDT,SELL,LIMIT,1701145929694,187,1.2714
IMXUSDT,SELL,LIMIT,1701145933087,1384,1.2708
IMXUSDT,SELL,LIMIT,1701145979080,201,1.2700
IMXUSDT,SELL,LIMIT,1701145991356,20,1.2694
IMXUSDT,SELL,LIMIT,1701146061805,1541,1.2681
IMXUSDT,SELL,LIMIT,1701146621665,15,1.2665
IMXUSDT,SELL,LIMIT,1701146917496,354,1.2658
IMXUSDT,SELL,LIMIT,1701146965136,1204,1.2649
IMXUSDT,SELL,LIMIT,1701147194929,14,1.2639
IMXUSDT,SELL,LIMIT,1701147283300,35,1.2639
IMXUSDT,SELL,LIMIT,1701147344412,18,1.2631
IMXUSDT,SELL,LIMIT,1701147464796,776,1.2630
IMXUSDT,SELL,LIMIT,1701147467060,183,1.2625
IMXUSDT,SELL,LIMIT,1701147810439,41,1.2622
IMXUSDT,SELL,LIMIT,1701147837813,356,1.2617
IMXUSDT,SELL,LIMIT,1701147891408,7,1.2614
IMXUSDT,SELL,LIMIT,1701147911703,91,1.2613
IMXUSDT,SELL,LIMIT,1701147986377,122,1.2608
IMXUSDT,SELL,LIMIT,1701147988090,741,1.2601
IMXUSDT,SELL,LIMIT,1701148128083,53,1.2591
IMXUSDT,SELL,LIMIT,1701148200347,115,1.2580
IMXUSDT,SELL,LIMIT,1701148239019,261,1.2578
IMXUSDT,SELL,LIMIT,1701149838306,1791,1.2568
IMXUSDT,SELL,LIMIT,1701149839429,1749,1.2548
IMXUSDT,SELL,LIMIT,1701149842552,173,1.2546
IMXUSDT,SELL,LIMIT,1701149845236,2681,1.2544
IMXUSDT,SELL,LIMIT,1701149849601,142,1.2535
IMXUSDT,SELL,LIMIT,1701149851180,382,1.2534
IMXUSDT,SELL,LIMIT,1701149852206,668,1.2553
IMXUSDT,SELL,LIMIT,1701149894827,59,1.2521
IMXUSDT,SELL,LIMIT,1701149896070,118,1.2520
IMXUSDT,BUY,LIMIT,1701153399901,400,1.3066
IMXUSDT,SELL,LIMIT,1701153757058,730,1.2633
IMXUSDT,BUY,LIMIT,1701154433242,424,1.3009
IMXUSDT,SELL,LIMIT,1701155792156,40,1.2557
IMXUSDT,SELL,LIMIT,1701156382655,449,1.2515
IMXUSDT,SELL,LIMIT,1701156384760,147,1.2514
IMXUSDT,SELL,LIMIT,1701156470814,4,1.2508
IMXUSDT,SELL,LIMIT,1701156479645,109,1.2497
IMXUSDT,SELL,LIMIT,1701156483444,789,1.2493
IMXUSDT,SELL,LIMIT,1701156557840,1440,1.2490
IMXUSDT,SELL,LIMIT,1701156561122,100,1.2485
IMXUSDT,BUY,LIMIT,1701158031364,47,1.3045
IMXUSDT,SELL,LIMIT,1701162630834,44,1.2670
IMXUSDT,BUY,LIMIT,1701162978556,475,1.3155
IMXUSDT,BUY,LIMIT,1701164282932,49,1.3190
IMXUSDT,BUY,LIMIT,1701164387786,143,1.3212
IMXUSDT,BUY,LIMIT,1701164470342,2554,1.3219
IMXUSDT,BUY,LIMIT,1701171232566,70,1.3284
IMXUSDT,BUY,LIMIT,1701172534042,3746,1.3326
IMXUSDT,BUY,LIMIT,1701178331284,1735,1.3292
IMXUSDT,BUY,LIMIT,1701186195275,57,1.3334
IMXUSDT,SELL,LIMIT,1701186523811,312,1.2954
IMXUSDT,BUY,LIMIT,1701189648227,4272,1.3520
IMXUSDT,BUY,LIMIT,1701190212417,403,1.3605
IMXUSDT,BUY,LIMIT,1701190254063,244,1.3628
IMXUSDT,BUY,LIMIT,1701190277018,178,1.3654
IMXUSDT,BUY,LIMIT,1701190385547,9,1.3681
IMXUSDT,BUY,LIMIT,1701190444272,11,1.3745
IMXUSDT,BUY,LIMIT,1701190966243,210,1.3805
IMXUSDT,BUY,LIMIT,1701190969250,204,1.3831
IMXUSDT,BUY,LIMIT,1701190970337,1015,1.3826
IMXUSDT,SELL,LIMIT,1701193064751,13,1.3347
IMXUSDT,BUY,LIMIT,1701193588725,79,1.3900
IMXUSDT,BUY,LIMIT,1701193593850,3940,1.3928
IMXUSDT,BUY,LIMIT,1701193597470,130,1.3930
IMXUSDT,SELL,LIMIT,1701197529179,479,1.3397
IMXUSDT,BUY,LIMIT,1701197838335,7,1.3785
IMXUSDT,BUY,LIMIT,1701197853507,20,1.3799
IMXUSDT,BUY,LIMIT,1701198676644,84,1.3842
IMXUSDT,BUY,LIMIT,1701199840223,199,1.3824
IMXUSDT,BUY,LIMIT,1701200474855,646,1.3830
IMXUSDT,BUY,LIMIT,1701201640491,5,1.3824
IMXUSDT,SELL,LIMIT,1701206394184,31,1.3274
IMXUSDT,SELL,LIMIT,1701207899427,161,1.3238
IMXUSDT,SELL,LIMIT,1701220568954,393,1.3126
IMXUSDT,SELL,LIMIT,1701223421170,123,1.3039
IMXUSDT,SELL,LIMIT,1701223480977,18,1.3029
IMXUSDT,SELL,LIMIT,1701223574950,237,1.3020
IMXUSDT,SELL,LIMIT,1701225676802,1276,1.3010
IMXUSDT,SELL,LIMIT,1701231849541,251,1.2953
IMXUSDT,SELL,LIMIT,1701242226250,40,1.2985
IMXUSDT,SELL,LIMIT,1701243890952,37,1.2971
IMXUSDT,SELL,LIMIT,1701245667991,37,1.2936
IMXUSDT,SELL,LIMIT,1701245726698,89,1.2933
IMXUSDT,SELL,LIMIT,1701246428114,12,1.2952
IMXUSDT,SELL,LIMIT,1701251618060,314,1.2915
IMXUSDT,SELL,LIMIT,1701252049610,6,1.2880
IMXUSDT,SELL,LIMIT,1701252184406,401,1.2861
IMXUSDT,SELL,LIMIT,1701252224067,682,1.2847
IMXUSDT,SELL,LIMIT,1701252236047,335,1.2826
IMXUSDT,SELL,LIMIT,1701252997103,110,1.2817
IMXUSDT,SELL,LIMIT,1701253164290,6,1.2775
IMXUSDT,SELL,LIMIT,1701253364711,6,1.2753
IMXUSDT,SELL,LIMIT,1701254416269,2952,1.2672
IMXUSDT,SELL,LIMIT,1701254418065,66,1.2643
IMXUSDT,SELL,LIMIT,1701254419213,49,1.2642
