Symbol,Side,Order Type,Time,Quantity,Price
IMXUSDT,BUY,LIMIT,1700846813214,1619,1.4365
IMXUSDT,SELL,LIMIT,1700848495822,29,1.3843
IMXUSDT,BUY,LIMIT,1700856911272,20,1.4428
IMXUSDT,BUY,LIMIT,1700857674407,353,1.4440
IMXUSDT,BUY,LIMIT,1700859009112,464,1.4412
IMXUSDT,SELL,LIMIT,1700863949098,1168,1.4390
IMXUSDT,SELL,LIMIT,1700863951396,116,1.3885
IMXUSDT,SELL,LIMIT,1700863953615,644,1.3874
IMXUSDT,BUY,LIMIT,1700864477792,35,1.4396
IMXUSDT,BUY,LIMIT,1700868787484,128,1.4338
IMXUSDT,BUY,LIMIT,1700870066313,77,1.4434
IMXUSDT,BUY,LIMIT,1700870246519,70,1.4475
IMXUSDT,BUY,LIMIT,1700871328044,103,1.4534
IMXUSDT,BUY,LIMIT,1700871367981,401,1.4551
IMXUSDT,BUY,LIMIT,1700871372735,7,1.4560
IMXUSDT,BUY,LIMIT,1700871386163,27,1.4596
IMXUSDT,BUY,LIMIT,1700871499482,15,1.4625
IMXUSDT,BUY,LIMIT,1700871807458,28,1.4547
IMXUSDT,SELL,LIMIT,1700875033422,3201,1.3838
IMXUSDT,BUY,LIMIT,1700877272222,4,1.4450
IMXUSDT,BUY,LIMIT,1700877372287,487,1.4484
IMXUSDT,SELL,LIMIT,1700878930512,350,1.3943
IMXUSDT,SELL,LIMIT,1700884198632,864,1.3895
IMXUSDT,SELL,LIMIT,1700889504005,475,1.3743
IMXUSDT,SELL,LIMIT,1700889559508,1397,1.3738
IMXUSDT,SELL,LIMIT,1700892442807,8774,1.3626
IMXUSDT,SELL,LIMIT,1700898100797,261,1.3670
IMXUSDT,SELL,LIMIT,1700908445753,18,1.3623
IMXUSDT,SELL,LIMIT,1700908597264,441,1.3609
IMXUSDT,SELL,LIMIT,1700908598371,29,1.3597
IMXUSDT,SELL,LIMIT,1700908613578,718,1.3582
IMXUSDT,SELL,LIMIT,1700908621931,871,1.3580
IMXUSDT,SELL,LIMIT,1700908672965,206,1.3563
IMXUSDT,SELL,LIMIT,1700908979720,99,1.3555
IMXUSDT,SELL,LIMIT,1700909042990,40,1.3509
IMXUSDT,SELL,LIMIT,1700912214111,236,1.3483
IMXUSDT,SELL,LIMIT,1700912215169,85,1.3483
IMXUSDT,SELL,LIMIT,1700912266554,3941,1.3462
IMXUSDT,SELL,LIMIT,1700912275166,458,1.3463
IMXUSDT,SELL,LIMIT,1700912291098,1087,1.3453
IMXUSDT,SELL,LIMIT,1700912293160,8,1.3437
IMXUSDT,SELL,LIMIT,1700912370492,1023,1.3418
IMXUSDT,SELL,LIMIT,1700912401602,87,1.3399
IMXUSDT,SELL,LIMIT,1700912403668,2141,1.3399
IMXUSDT,SELL,LIMIT,1700912446428,146,1.3392
IMXUSDT,SELL,LIMIT,1700912504167,4,1.3360
IMXUSDT,SELL,LIMIT,1700912505862,73,1.3355
IMXUSDT,SELL,LIMIT,1700912511056,1,1.3351
IMXUSDT,BUY,LIMIT,1700916425495,7,1.3873
IMXUSDT,BUY,LIMIT,1700919395283,73,1.3897
IMXUSDT,BUY,LIMIT,1700926294344,3637,1.3982
IMXUSDT,BUY,LIMIT,1700926672109,136,1.3999
IMXUSDT,BUY,LIMIT,1700926723756,1090,1.4016
IMXUSDT,BUY,LIMIT,1700928656696,104,1.4153
IMXUSDT,BUY,LIMIT,1700929006182,6,1.4186
IMXUSDT,BUY,LIMIT,1700929278327,272,1.4146
IMXUSDT,BUY,LIMIT,1700931687846,6,1.4314
IMXUSDT,SELL,LIMIT,1700933232588,1309,1.3844
IMXUSDT,SELL,LIMIT,1700935772308,819,1.3844
