Symbol,Side,Order Type,Time,Quantity,Price
INJUSDT,SELL,LIMIT,1700995915283,16.7,16.308735
INJUSDT,SELL,LIMIT,1700996126261,2.2,16.283353
INJUSDT,SELL,LIMIT,1700996258146,4.5,16.275258
INJUSDT,SELL,LIMIT,1700996339884,0.5,16.266249
INJUSDT,SELL,LIMIT,1700996358655,36.5,16.261669
INJUSDT,SELL,LIMIT,1700999772772,138.4,16.334413
INJUSDT,SELL,LIMIT,1701001501640,0.4,16.260548
INJUSDT,SELL,LIMIT,1701001502597,16.0,16.252709
INJUSDT,SELL,LIMIT,1701001503725,2.9,16.231936
INJUSDT,BUY,LIMIT,1701002367541,150.0,17.286051
INJUSDT,BUY,LIMIT,1701002371047,4.4,17.302272
INJUSDT,BUY,LIMIT,1701002818093,104.4,17.330437
INJUSDT,BUY,LIMIT,1701002824107,9.9,17.334057
INJUSDT,BUY,LIMIT,1701002838811,4.0,17.350917
INJUSDT,SELL,LIMIT,1701004646397,0.6,16.506779
INJUSDT,SELL,LIMIT,1701008181501,7.0,16.513917
INJUSDT,SELL,LIMIT,1701008232425,67.3,16.402201
INJUSDT,SELL,LIMIT,1701008441180,11.6,16.302488
INJUSDT,SELL,LIMIT,1701008443216,0.3,16.282841
INJUSDT,SELL,LIMIT,1701008444689,168.7,16.313099
INJUSDT,SELL,LIMIT,1701008446462,10.6,16.264237
INJUSDT,SELL,LIMIT,1701009018538,0.8,16.250575
INJUSDT,SELL,LIMIT,1701009248572,23.1,16.227444
INJUSDT,SELL,LIMIT,1701009275295,128.2,16.220797
INJUSDT,SELL,LIMIT,1701009281116,15.7,16.214131
INJUSDT,SELL,LIMIT,1701009291375,7.4,16.219681
INJUSDT,SELL,LIMIT,1701013541407,6.0,16.224472
INJUSDT,SELL,LIMIT,1701013629066,11.8,16.201803
INJUSDT,SELL,LIMIT,1701013640327,18.3,16.197014
INJUSDT,SELL,LIMIT,1701013641448,40.2,16.150921
INJUSDT,SELL,LIMIT,1701013649602,0.9,16.129200
INJUSDT,SELL,LIMIT,1701013677455,11.8,16.127743
INJUSDT,SELL,LIMIT,1701013695659,450.0,16.113462
INJUSDT,SELL,LIMIT,1701013705376,21.8,16.111573
INJUSDT,SELL,LIMIT,1701013742244,7.7,16.084191
INJUSDT,SELL,LIMIT,1701013749220,26.9,16.081230
INJUSDT,SELL,LIMIT,1701013954422,109.1,16.112289
INJUSDT,SELL,LIMIT,1701013968032,8.7,16.084741
INJUSDT,SELL,LIMIT,1701014034521,256.2,16.065141
INJUSDT,SELL,LIMIT,1701014039234,17.7,16.066371
INJUSDT,SELL,LIMIT,1701014041247,5.1,16.056921
INJUSDT,BUY,LIMIT,1701014933342,12.1,16.866720
INJUSDT,SELL,LIMIT,1701015637917,3.3,16.182177
INJUSDT,SELL,LIMIT,1701015659094,6.4,16.121640
INJUSDT,SELL,LIMIT,1701015668577,9.2,16.086113
INJUSDT,SELL,LIMIT,1701015671242,38.7,16.105419
INJUSDT,SELL,LIMIT,1701015684296,11.5,16.058345
INJUSDT,SELL,LIMIT,1701015685441,1.1,16.053762
INJUSDT,SELL,LIMIT,1701015686378,7.0,16.049641
INJUSDT,SELL,LIMIT,1701015689081,23.6,16.047008
INJUSDT,SELL,LIMIT,1701015745109,34.9,16.042634
INJUSDT,SELL,LIMIT,1701015747488,24.6,16.073226
INJUSDT,SELL,LIMIT,1701015758189,1.0,16.036856
INJUSDT,SELL,LIMIT,1701015759277,1.7,16.025544
INJUSDT,SELL,LIMIT,1701015760964,4.6,16.006437
INJUSDT,SELL,LIMIT,1701015841275,0.6,16.382112
INJUSDT,SELL,LIMIT,1701015843633,297.3,16.020178
INJUSDT,SELL,LIMIT,1701015855194,1.6,15.999481
INJUSDT,SELL,LIMIT,1701015856242,19.5,15.996779
INJUSDT,SELL,LIMIT,1701015866399,1.3,15.967749
INJUSDT,SELL,LIMIT,1701015869712,12.6,15.963459
INJUSDT,SELL,LIMIT,1701015873156,13.6,15.957038
INJUSDT,SELL,LIMIT,1701015875260,55.9,15.956359
INJUSDT,SELL,LIMIT,1701016013604,29.3,15.977009
INJUSDT,SELL,LIMIT,1701016019120,9.7,15.967179
INJUSDT,SELL,LIMIT,1701016026807,139.0,15.954630
INJUSDT,SELL,LIMIT,1701016028590,0.3,15.950561
INJUSDT,SELL,LIMIT,1701016032306,9.0,15.941058
INJUSDT,SELL,LIMIT,1701016036052,89.6,15.940679
INJUSDT,SELL,LIMIT,1701016037638,59.4,15.948726
INJUSDT,SELL,LIMIT,1701016042755,62.8,15.935257
INJUSDT,SELL,LIMIT,1701016044107,29.8,15.923088
INJUSDT,SELL,LIMIT,1701016045542,20.1,15.918161
INJUSDT,SELL,LIMIT,1701016046477,2.9,15.907455
INJUSDT,SELL,LIMIT,1701016047902,446.7,15.881006
INJUSDT,SELL,LIMIT,1701016048772,12.1,15.901767
INJUSDT,SELL,LIMIT,1701016049817,6.5,15.893114
INJUSDT,SELL,LIMIT,1701016079333,1.3,15.887723
INJUSDT,SELL,LIMIT,1701016085117,2.7,15.905225
INJUSDT,SELL,LIMIT,1701016097992,15.5,15.878659
INJUSDT,SELL,LIMIT,1701016099968,44.7,15.874213
INJUSDT,SELL,LIMIT,1701016102277,3.1,15.869721
INJUSDT,BUY,LIMIT,1701017692139,168.2,16.879082
INJUSDT,BUY,LIMIT,1701017702073,6.8,16.896750
INJUSDT,BUY,LIMIT,1701018330018,83.2,17.043410
INJUSDT,BUY,LIMIT,1701018341112,13.7,17.053799
INJUSDT,BUY,LIMIT,1701021319986,37.1,16.937285
INJUSDT,BUY,LIMIT,1701028372083,5.3,16.916019
INJUSDT,BUY,LIMIT,1701030236693,19.4,17.128191
INJUSDT,BUY,LIMIT,1701030533675,11.5,17.171500
INJUSDT,BUY,LIMIT,1701031590373,0.5,17.083844
INJUSDT,BUY,LIMIT,1701031759331,1.1,17.151593
INJUSDT,BUY,LIMIT,1701031761617,0.5,17.151066
INJUSDT,BUY,LIMIT,1701031959337,5.3,17.208690
INJUSDT,BUY,LIMIT,1701038004586,47.2,17.282597
INJUSDT,BUY,LIMIT,1701038089392,4.4,17.251914
INJUSDT,BUY,LIMIT,1701038570726,82.7,17.375219
INJUSDT,BUY,LIMIT,1701042063614,124.0,17.404527
INJUSDT,BUY,LIMIT,1701042082006,43.0,17.414646
INJUSDT,BUY,LIMIT,1701042087940,16.4,17.420810
INJUSDT,BUY,LIMIT,1701042154139,0.9,17.431375
INJUSDT,BUY,LIMIT,1701042190110,35.8,17.441537
INJUSDT,BUY,LIMIT,1701042208946,64.8,17.453974
INJUSDT,BUY,LIMIT,1701042264660,1.7,17.457310
INJUSDT,BUY,LIMIT,1701042277455,219.9,17.481534
INJUSDT,BUY,LIMIT,1701042326044,6.2,17.494591
INJUSDT,BUY,LIMIT,1701042432299,4.9,17.525538
INJUSDT,BUY,LIMIT,1701042514003,23.6,17.546184
INJUSDT,BUY,LIMIT,1701044527590,8.8,17.553524
INJUSDT,BUY,LIMIT,1701044840762,10.7,17.562608
INJUSDT,BUY,LIMIT,1701044858621,617.7,17.626242
INJUSDT,BUY,LIMIT,1701044861090,15.6,17.593237
INJUSDT,BUY,LIMIT,1701044863994,31.0,17.595519
INJUSDT,BUY,LIMIT,1701044924109,0.6,17.609817
INJUSDT,BUY,LIMIT,1701045756244,8.0,17.444912
INJUSDT,BUY,LIMIT,1701049970192,30.0,17.633543
INJUSDT,SELL,LIMIT,1701054795090,14.0,16.573133
INJUSDT,SELL,LIMIT,1701055174376,12.2,16.538858
INJUSDT,BUY,LIMIT,1701055293939,51.0,17.200641
INJUSDT,SELL,LIMIT,1701056090996,30.0,16.493569
INJUSDT,SELL,LIMIT,1701056100418,30.5,16.473382
INJUSDT,SELL,LIMIT,1701056106316,92.2,16.456620
INJUSDT,SELL,LIMIT,1701056129985,2.5,16.452241
INJUSDT,BUY,LIMIT,1701058477103,74.1,17.520630
INJUSDT,BUY,LIMIT,1701060014211,2.4,17.614480
INJUSDT,BUY,LIMIT,1701060829099,14.6,17.558305
INJUSDT,BUY,LIMIT,1701061303155,1.0,17.636133
INJUSDT,BUY,LIMIT,1701062737123,2.0,17.655078
INJUSDT,BUY,LIMIT,1701062781972,4.7,17.671252
INJUSDT,BUY,LIMIT,1701062797898,51.6,17.678307
INJUSDT,BUY,LIMIT,1701062808761,1.3,17.684530
INJUSDT,BUY,LIMIT,1701062810109,60.5,17.686157
INJUSDT,BUY,LIMIT,1701062828374,22.2,17.704512
INJUSDT,BUY,LIMIT,1701062844307,0.7,17.721768
INJUSDT,BUY,LIMIT,1701063974720,19.5,17.511236
