Symbol,Side,Order Type,Time,Quantity,Price
INJUSDT,BUY,LIMIT,1701067750139,0.4,17.402742
INJUSDT,BUY,LIMIT,1701067784345,0.5,17.404996
INJUSDT,BUY,LIMIT,1701067785952,11.9,17.256423
INJUSDT,BUY,LIMIT,1701067814423,73.8,17.411400
INJUSDT,BUY,LIMIT,1701068052295,6.9,17.356720
INJUSDT,BUY,LIMIT,1701068950263,0.6,17.335253
INJUSDT,BUY,LIMIT,1701068965298,0.3,17.332876
INJUSDT,BUY,LIMIT,1701068996071,0.4,17.339717
INJUSDT,BUY,LIMIT,1701068997259,0.3,17.335386
INJUSDT,BUY,LIMIT,1701069010923,72.0,17.189028
INJUSDT,BUY,LIMIT,1701069013333,3.2,17.335387
INJUSDT,BUY,LIMIT,1701069030444,0.3,17.334260
INJUSDT,SELL,LIMIT,1701069136556,173.0,16.584163
INJUSDT,SELL,LIMIT,1701069617293,113.8,16.571394
INJUSDT,SELL,LIMIT,1701069630530,5.7,16.538834
INJUSDT,SELL,LIMIT,1701069633293,38.0,16.521957
INJUSDT,SELL,LIMIT,1701069729926,0.6,16.477369
INJUSDT,SELL,LIMIT,1701069760178,9.4,16.473192
INJUSDT,SELL,LIMIT,1701069797664,1.2,16.466201
INJUSDT,SELL,LIMIT,1701069799029,2.3,16.435833
INJUSDT,SELL,LIMIT,1701069800076,2.9,16.439813
INJUSDT,SELL,LIMIT,1701069803056,8.8,16.449412
INJUSDT,SELL,LIMIT,1701069859181,15.6,16.418214
INJUSDT,SELL,LIMIT,1701069860987,4.4,16.427149
INJUSDT,SELL,LIMIT,1701069865731,28.9,16.415026
INJUSDT,SELL,LIMIT,1701069874852,7.0,16.406102
INJUSDT,SELL,LIMIT,1701069876926,0.7,16.395628
INJUSDT,SELL,LIMIT,1701069879209,196.4,16.401939
INJUSDT,SELL,LIMIT,1701069884421,8.8,16.411869
INJUSDT,SELL,LIMIT,1701069896430,2.2,16.386600
INJUSDT,SELL,LIMIT,1701069901155,0.4,16.379269
INJUSDT,SELL,LIMIT,1701069923157,14.5,16.360109
INJUSDT,SELL,LIMIT,1701070440589,4.9,16.334291
INJUSDT,SELL,LIMIT,1701070442537,100.0,16.326089
INJUSDT,BUY,LIMIT,1701073571165,10.4,17.405263
INJUSDT,SELL,LIMIT,1701079119167,3.5,16.311888
INJUSDT,SELL,LIMIT,1701079125083,1.4,16.305135
INJUSDT,SELL,LIMIT,1701079144756,2.1,16.293965
INJUSDT,SELL,LIMIT,1701079213817,257.9,16.275752
INJUSDT,SELL,LIMIT,1701079305151,42.0,16.267065
INJUSDT,SELL,LIMIT,1701079308211,48.3,16.261397
INJUSDT,SELL,LIMIT,1701079315687,9.1,16.249497
INJUSDT,SELL,LIMIT,1701079321092,8.6,16.243258
INJUSDT,SELL,LIMIT,1701080066552,1.6,16.236326
INJUSDT,SELL,LIMIT,1701080256096,32.7,16.223460
INJUSDT,SELL,LIMIT,1701080539478,24.7,16.202902
INJUSDT,SELL,LIMIT,1701081165219,12.7,16.251558
INJUSDT,SELL,LIMIT,1701081416126,18.6,16.181916
INJUSDT,SELL,LIMIT,1701081435505,19.0,16.163969
INJUSDT,SELL,LIMIT,1701081438658,0.8,16.155076
INJUSDT,SELL,LIMIT,1701081441214,5.7,16.151977
INJUSDT,SELL,LIMIT,1701081452434,5.9,16.148249
INJUSDT,SELL,LIMIT,1701081456085,1.2,16.146578
INJUSDT,SELL,LIMIT,1701081478085,4.6,16.137431
INJUSDT,SELL,LIMIT,1701081482096,3.3,16.130138
INJUSDT,SELL,LIMIT,1701081485210,31.8,16.124653
INJUSDT,SELL,LIMIT,1701081487921,40.0,16.121497
INJUSDT,SELL,LIMIT,1701082690678,4.9,16.126948
INJUSDT,SELL,LIMIT,1701082695304,5.0,16.097606
INJUSDT,SELL,LIMIT,1701082697548,3.6,16.096335
INJUSDT,SELL,LIMIT,1701082703751,1.1,16.089715
INJUSDT,SELL,LIMIT,1701082707156,2.3,16.082526
INJUSDT,SELL,LIMIT,1701082727834,8.8,16.072613
INJUSDT,BUY,LIMIT,1701085464595,56.9,17.092232
INJUSDT,BUY,LIMIT,1701085745586,30.4,17.150345
INJUSDT,BUY,LIMIT,1701085747412,10.8,17.160940
INJUSDT,SELL,LIMIT,1701086705911,0.7,33.365128
INJUSDT,SELL,LIMIT,1701086710048,66.3,16.388127
INJUSDT,BUY,LIMIT,1701088253724,22.6,17.193633
INJUSDT,BUY,LIMIT,1701088260632,7.7,17.208690
INJUSDT,BUY,LIMIT,1701088980242,301.1,17.264821
INJUSDT,BUY,LIMIT,1701089188300,73.7,17.312521
INJUSDT,BUY,LIMIT,1701089195087,0.4,17.320650
INJUSDT,BUY,LIMIT,1701089196276,7.5,17.328323
INJUSDT,BUY,LIMIT,1701089206138,21.5,17.333713
INJUSDT,BUY,LIMIT,1701089213529,1.2,17.352041
INJUSDT,BUY,LIMIT,1701089263591,5.6,17.395387
INJUSDT,BUY,LIMIT,1701089265132,315.3,17.405898
INJUSDT,BUY,LIMIT,1701089267297,1.8,17.413032
INJUSDT,BUY,LIMIT,1701089304914,1.3,17.452776
INJUSDT,BUY,LIMIT,1701089534220,22.6,17.520630
INJUSDT,BUY,LIMIT,1701089600169,4.8,17.536838
INJUSDT,BUY,LIMIT,1701092866841,1.4,17.087241
INJUSDT,BUY,LIMIT,1701093236970,10.7,17.395054
INJUSDT,BUY,LIMIT,1701093238394,11.2,17.409753
INJUSDT,BUY,LIMIT,1701095230041,36.0,17.298793
INJUSDT,BUY,LIMIT,1701097462187,3.1,17.557711
INJUSDT,BUY,LIMIT,1701097464257,5.9,17.562222
INJUSDT,BUY,LIMIT,1701097597162,1.0,17.636640
INJUSDT,BUY,LIMIT,1701097598263,5.8,17.608431
INJUSDT,BUY,LIMIT,1701097767100,36.3,17.658438
INJUSDT,BUY,LIMIT,1701097788938,165.2,17.676864
INJUSDT,BUY,LIMIT,1701098192912,15.1,17.687457
INJUSDT,BUY,LIMIT,1701098210454,11.7,17.722322
INJUSDT,BUY,LIMIT,1701098212969,80.3,17.727950
INJUSDT,BUY,LIMIT,1701098244922,0.8,17.761738
INJUSDT,BUY,LIMIT,1701098258209,51.3,17.770297
INJUSDT,BUY,LIMIT,1701098263659,83.3,17.812145
INJUSDT,BUY,LIMIT,1701098280818,350.5,17.844301
INJUSDT,BUY,LIMIT,1701098288081,1.5,17.835833
INJUSDT,BUY,LIMIT,1701098306460,32.1,17.837911
INJUSDT,BUY,LIMIT,1701098312049,4.7,17.840386
INJUSDT,BUY,LIMIT,1701098314222,38.8,17.841351
INJUSDT,BUY,LIMIT,1701098315241,11.7,17.846600
INJUSDT,BUY,LIMIT,1701098318081,4.1,17.863394
INJUSDT,SELL,LIMIT,1701099159247,0.6,16.788462
INJUSDT,SELL,LIMIT,1701099181230,39.1,16.742362
INJUSDT,SELL,LIMIT,1701099970318,14.3,16.707481
INJUSDT,SELL,LIMIT,1701099980591,57.5,16.691157
INJUSDT,SELL,LIMIT,1701099987074,83.7,16.676620
INJUSDT,SELL,LIMIT,1701100025895,6.8,16.647361
INJUSDT,SELL,LIMIT,1701100031374,8.0,16.639703
INJUSDT,SELL,LIMIT,1701100032436,39.9,16.630653
INJUSDT,SELL,LIMIT,1701100068183,7.8,16.613381
INJUSDT,SELL,LIMIT,1701100131314,21.8,16.581186
INJUSDT,SELL,LIMIT,1701100140899,0.2,16.565315
INJUSDT,SELL,LIMIT,1701100142244,6.0,16.555995
INJUSDT,SELL,LIMIT,1701100180616,6.1,16.558627
INJUSDT,SELL,LIMIT,1701100184366,22.9,16.542494
INJUSDT,SELL,LIMIT,1701100212290,11.3,16.518093
INJUSDT,SELL,LIMIT,1701100213444,65.2,16.515274
INJUSDT,SELL,LIMIT,1701100217585,286.9,16.499590
INJUSDT,SELL,LIMIT,1701100219172,233.3,16.478718
INJUSDT,SELL,LIMIT,1701100220301,58.5,16.475449
INJUSDT,SELL,LIMIT,1701100235475,0.4,16.473869
INJUSDT,SELL,LIMIT,1701100238890,173.2,16.452567
INJUSDT,SELL,LIMIT,1701100266975,2.1,16.470177
INJUSDT,SELL,LIMIT,1701100273866,5.2,16.443822
INJUSDT,SELL,LIMIT,1701100288131,0.9,16.424664
INJUSDT,SELL,LIMIT,1701100289465,13.1,16.421405
INJUSDT,SELL,LIMIT,1701100470129,56.6,16.398493
INJUSDT,SELL,LIMIT,1701100474615,7.0,16.393180
INJUSDT,SELL,LIMIT,1701100479801,5.7,16.364100
INJUSDT,SELL,LIMIT,1701100489436,6.8,16.343625
INJUSDT,SELL,LIMIT,1701100565491,73.4,16.573939
INJUSDT,SELL,LIMIT,1701100570438,5.7,16.393206
INJUSDT,SELL,LIMIT,1701100618167,36.0,16.385818
INJUSDT,SELL,LIMIT,1701100628232,7.0,16.319015
INJUSDT,SELL,LIMIT,1701100640383,7.9,16.322935
INJUSDT,SELL,LIMIT,1701100641370,4.6,16.311263
INJUSDT,SELL,LIMIT,1701100645406,5.4,16.299250
INJUSDT,SELL,LIMIT,1701100816419,11.5,16.360921
INJUSDT,SELL,LIMIT,1701101158182,2.5,16.299418
INJUSDT,SELL,LIMIT,1701101245261,308.8,16.260267
INJUSDT,SELL,LIMIT,1701101300242,153.8,16.229051
INJUSDT,SELL,LIMIT,1701101348249,2.3,16.204048
INJUSDT,SELL,LIMIT,1701101390985,5.7,16.182137
INJUSDT,SELL,LIMIT,1701101408031,9.3,16.168194
INJUSDT,SELL,LIMIT,1701101466642,4.6,16.165071
INJUSDT,SELL,LIMIT,1701102045844,59.5,16.380937
INJUSDT,BUY,LIMIT,1701104762278,54.0,17.105155
INJUSDT,SELL,LIMIT,1701104913160,1.2,16.437541
INJUSDT,SELL,LIMIT,1701107451286,9.0,16.162066
INJUSDT,SELL,LIMIT,1701107550365,0.5,16.155300
INJUSDT,SELL,LIMIT,1701107560043,28.6,16.151270
INJUSDT,SELL,LIMIT,1701107653589,20.4,16.139029
INJUSDT,SELL,LIMIT,1701107654850,100.0,16.138606
INJUSDT,SELL,LIMIT,1701111923651,76.3,16.204719
INJUSDT,SELL,LIMIT,1701111930107,43.1,16.142842
INJUSDT,SELL,LIMIT,1701111993526,129.4,16.122697
INJUSDT,SELL,LIMIT,1701111994828,0.8,16.120021
INJUSDT,BUY,LIMIT,1701112023430,502.2,16.800090
INJUSDT,SELL,LIMIT,1701112050232,15.6,16.119516
INJUSDT,SELL,LIMIT,1701112055690,2.1,16.111147
INJUSDT,SELL,LIMIT,1701112058241,27.2,16.100617
INJUSDT,SELL,LIMIT,1701112123597,0.7,16.095833
INJUSDT,SELL,LIMIT,1701112194722,3.1,16.089921
INJUSDT,SELL,LIMIT,1701112212875,68.1,16.087804
INJUSDT,SELL,LIMIT,1701114037066,111.9,16.117076
INJUSDT,SELL,LIMIT,1701114125496,8.1,16.086834
INJUSDT,SELL,LIMIT,1701114144598,0.5,16.080311
INJUSDT,SELL,LIMIT,1701114147371,122.1,16.074700
INJUSDT,SELL,LIMIT,1701114158320,177.1,16.059203
INJUSDT,SELL,LIMIT,1701114162341,8.4,16.032561
INJUSDT,SELL,LIMIT,1701114163741,141.4,16.021593
INJUSDT,SELL,LIMIT,1701114211126,9.9,15.997213
INJUSDT,SELL,LIMIT,1701114212263,0.7,15.948808
INJUSDT,SELL,LIMIT,1701114231455,449.9,15.897473
INJUSDT,SELL,LIMIT,1701114235663,5.6,15.925517
INJUSDT,SELL,LIMIT,1701114277168,7.0,15.925001
INJUSDT,SELL,LIMIT,1701114343100,13.7,15.912328
INJUSDT,SELL,LIMIT,1701114345028,1.9,15.911578
INJUSDT,SELL,LIMIT,1701114355332,116.3,15.907900
INJUSDT,SELL,LIMIT,1701114368763,0.5,15.918855
INJUSDT,SELL,LIMIT,1701114396298,0.6,15.896372
INJUSDT,SELL,LIMIT,1701114466287,13.1,15.897682
INJUSDT,SELL,LIMIT,1701114468085,5.2,15.890946
INJUSDT,SELL,LIMIT,1701114470495,2.3,15.887194
INJUSDT,SELL,LIMIT,1701114472453,23.9,15.885950
INJUSDT,SELL,LIMIT,1701114477549,0.3,15.883352
INJUSDT,SELL,LIMIT,1701114494288,3.7,15.877827
INJUSDT,SELL,LIMIT,1701115590248,8.5,15.874742
INJUSDT,SELL,LIMIT,1701115596135,179.6,15.859217
INJUSDT,SELL,LIMIT,1701115602896,8.1,15.854356
INJUSDT,SELL,LIMIT,1701115614543,24.2,15.851104
INJUSDT,SELL,LIMIT,1701115621810,3.4,15.850489
INJUSDT,BUY,LIMIT,1701116682573,0.2,11.672489
INJUSDT,SELL,LIMIT,1701116904165,1.7,15.846318
INJUSDT,SELL,LIMIT,1701116905858,2.4,15.837829
INJUSDT,SELL,LIMIT,1701116909137,73.0,15.832186
INJUSDT,SELL,LIMIT,1701117000783,50.0,15.821121
INJUSDT,SELL,LIMIT,1701117387189,3.0,15.816977
INJUSDT,SELL,LIMIT,1701118060808,21.7,15.815043
INJUSDT,SELL,LIMIT,1701118069279,31.4,15.811605
INJUSDT,SELL,LIMIT,1701118129972,38.9,15.804497
INJUSDT,SELL,LIMIT,1701118133699,79.7,15.802102
INJUSDT,SELL,LIMIT,1701118145638,7.2,15.801153
INJUSDT,SELL,LIMIT,1701118146796,0.6,15.800819
INJUSDT,SELL,LIMIT,1701118322408,157.6,15.774380
INJUSDT,SELL,LIMIT,1701118323848,23.7,15.762633
INJUSDT,SELL,LIMIT,1701118342189,2.3,15.736810
INJUSDT,SELL,LIMIT,1701119023738,302.2,15.724320
INJUSDT,SELL,LIMIT,1701119093475,10.7,15.720198
INJUSDT,SELL,LIMIT,1701119136221,36.1,15.713190
INJUSDT,BUY,LIMIT,1701121764633,0.4,16.558792
INJUSDT,BUY,LIMIT,1701126096743,1.0,16.654643
INJUSDT,BUY,LIMIT,1701127901660,3.8,16.750014
INJUSDT,BUY,LIMIT,1701127964836,286.7,16.753456
INJUSDT,BUY,LIMIT,1701128391454,8.1,16.839107
INJUSDT,BUY,LIMIT,1701128394193,3.3,16.843072
INJUSDT,BUY,LIMIT,1701128544011,10.4,16.885321
INJUSDT,BUY,LIMIT,1701128645824,42.6,16.908625
INJUSDT,BUY,LIMIT,1701128875848,7.1,16.922307
INJUSDT,BUY,LIMIT,1701128965019,1.0,16.946968
INJUSDT,BUY,LIMIT,1701128971326,3.3,16.958403
INJUSDT,BUY,LIMIT,1701129055477,3.1,16.976710
INJUSDT,BUY,LIMIT,1701129535990,11.1,17.021606
INJUSDT,BUY,LIMIT,1701129824733,2.9,17.030182
INJUSDT,SELL,LIMIT,1701129917162,42.3,16.547166
INJUSDT,BUY,LIMIT,1701130858576,374.9,17.079196
INJUSDT,BUY,LIMIT,1701130862050,3.0,17.066538
INJUSDT,BUY,LIMIT,1701130900545,15.8,17.084379
INJUSDT,BUY,LIMIT,1701130937343,32.0,17.097306
INJUSDT,BUY,LIMIT,1701130939473,13.6,17.114666
INJUSDT,BUY,LIMIT,1701131094715,6.1,17.179570
INJUSDT,BUY,LIMIT,1701131942378,18.2,17.267728
INJUSDT,BUY,LIMIT,1701131946644,0.9,17.275535
INJUSDT,BUY,LIMIT,1701132134359,320.0,17.320508
INJUSDT,BUY,LIMIT,1701132143911,323.2,17.321117
INJUSDT,BUY,LIMIT,1701132191217,6.4,17.329666
INJUSDT,BUY,LIMIT,1701132224353,50.1,17.351865
INJUSDT,BUY,LIMIT,1701132238614,853.8,17.414243
INJUSDT,BUY,LIMIT,1701132246424,255.2,17.373529
INJUSDT,BUY,LIMIT,1701132268367,44.4,17.385717
INJUSDT,BUY,LIMIT,1701132295728,10.6,17.405957
INJUSDT,BUY,LIMIT,1701132297336,1.1,17.407053
INJUSDT,BUY,LIMIT,1701132997164,13.6,17.419594
INJUSDT,SELL,LIMIT,1701136168050,65.3,16.346742
INJUSDT,SELL,LIMIT,1701137434982,47.8,16.204445
INJUSDT,SELL,LIMIT,1701138451117,61.4,16.104369
INJUSDT,SELL,LIMIT,1701139323726,4.8,16.018259
INJUSDT,SELL,LIMIT,1701146006882,7.3,15.921908
INJUSDT,SELL,LIMIT,1701146045676,0.7,15.906851
INJUSDT,SELL,LIMIT,1701146815039,5.0,15.849341
INJUSDT,SELL,LIMIT,1701146918072,9.1,15.840517
INJUSDT,SELL,LIMIT,1701147870171,14.2,15.799408
INJUSDT,SELL,LIMIT,1701148008348,67.6,15.716309
INJUSDT,SELL,LIMIT,1701148171709,1.1,15.695890
INJUSDT,SELL,LIMIT,1701148219119,1.6,15.690374
INJUSDT,SELL,LIMIT,1701148220187,2.8,15.689148
INJUSDT,SELL,LIMIT,1701148238262,5.4,15.685469
INJUSDT,SELL,LIMIT,1701148289599,9.9,15.674831
INJUSDT,SELL,LIMIT,1701148319066,235.2,15.661889
INJUSDT,SELL,LIMIT,1701148907522,25.9,15.654755
INJUSDT,SELL,LIMIT,1701148967033,2.5,15.644720
INJUSDT,SELL,LIMIT,1701149078089,0.3,15.627153
INJUSDT,SELL,LIMIT,1701149079818,16.4,15.617485
INJUSDT,SELL,LIMIT,1701149082069,9.8,15.613146
INJUSDT,SELL,LIMIT,1701149083655,62.2,15.608140
INJUSDT,SELL,LIMIT,1701149086186,122.7,15.605491
INJUSDT,SELL,LIMIT,1701149096922,17.1,15.594097
INJUSDT,SELL,LIMIT,1701149098282,6.0,15.583251
INJUSDT,SELL,LIMIT,1701149099384,24.9,15.579857
INJUSDT,SELL,LIMIT,1701149100421,292.2,15.574654
INJUSDT,SELL,LIMIT,1701149402627,49.6,15.579805
INJUSDT,SELL,LIMIT,1701149449200,745.2,15.522088
INJUSDT,SELL,LIMIT,1701149450700,33.7,15.558685
INJUSDT,SELL,LIMIT,1701149452632,23.1,15.556065
INJUSDT,SELL,LIMIT,1701149455751,263.6,15.555013
INJUSDT,SELL,LIMIT,1701149457187,86.8,15.553415
INJUSDT,SELL,LIMIT,1701149473096,32.5,15.544975
INJUSDT,SELL,LIMIT,1701149474139,75.1,15.502331
INJUSDT,SELL,LIMIT,1701149494220,18.4,15.488261
INJUSDT,SELL,LIMIT,1701149495278,1.2,15.462827
INJUSDT,SELL,LIMIT,1701149689473,59.5,15.511319
INJUSDT,SELL,LIMIT,1701149773133,54.8,15.499771
INJUSDT,SELL,LIMIT,1701149832079,4.1,15.493669
INJUSDT,SELL,LIMIT,1701149845729,145.7,15.481005
INJUSDT,SELL,LIMIT,1701149857328,0.8,15.489306
INJUSDT,SELL,LIMIT,1701149892757,104.3,15.460335
INJUSDT,SELL,LIMIT,1701149895330,58.6,15.457702
INJUSDT,SELL,LIMIT,1701150684367,7.7,15.446256
INJUSDT,SELL,LIMIT,1701150687193,168.2,15.442813
INJUSDT,SELL,LIMIT,1701150924176,109.7,15.456693
INJUSDT,SELL,LIMIT,1701151043079,5.4,15.436053
INJUSDT,SELL,LIMIT,1701151059254,5.9,15.434815
INJUSDT,SELL,LIMIT,1701151093129,274.2,15.422581
INJUSDT,SELL,LIMIT,1701151094174,19.5,15.431248
INJUSDT,SELL,LIMIT,1701151105270,15.0,15.399560
INJUSDT,SELL,LIMIT,1701151106276,2.4,15.396695
INJUSDT,SELL,LIMIT,1701151107615,4.3,15.382895
INJUSDT,SELL,LIMIT,1701151194361,16.0,15.377844
INJUSDT,SELL,LIMIT,1701151196498,96.8,15.368051
INJUSDT,SELL,LIMIT,1701151230110,0.3,15.365501
INJUSDT,SELL,LIMIT,1701151247799,3.4,15.363064
INJUSDT,SELL,LIMIT,1701151249800,1.2,15.369162
INJUSDT,SELL,LIMIT,1701151263536,134.2,15.356601
INJUSDT,SELL,LIMIT,1701151264552,9.5,15.354715
INJUSDT,SELL,LIMIT,1701151272288,2.7,15.351242
INJUSDT,SELL,LIMIT,1701151285787,26.8,15.344467
INJUSDT,SELL,LIMIT,1701151626115,4.0,15.326048
INJUSDT,SELL,LIMIT,1701151627469,7.0,15.321566
INJUSDT,BUY,LIMIT,1701155263130,1.4,16.410120
INJUSDT,BUY,LIMIT,1701166675165,0.4,16.470822
INJUSDT,BUY,LIMIT,1701166685935,48.5,16.475950
INJUSDT,BUY,LIMIT,1701168050184,1.9,16.541679
INJUSDT,BUY,LIMIT,1701168073095,1.8,16.547941
INJUSDT,BUY,LIMIT,1701168160838,13.5,16.557407
INJUSDT,BUY,LIMIT,1701169088837,2.6,16.558972
INJUSDT,BUY,LIMIT,1701169110046,1.4,16.572408
INJUSDT,BUY,LIMIT,1701169113824,9.7,16.578586
INJUSDT,BUY,LIMIT,1701171205046,1.8,16.634630
INJUSDT,BUY,LIMIT,1701171274786,172.2,16.639985
INJUSDT,BUY,LIMIT,1701171993502,3.5,16.549175
INJUSDT,BUY,LIMIT,1701172358346,3.5,16.611407
INJUSDT,BUY,LIMIT,1701180082679,3.9,16.683531
INJUSDT,SELL,LIMIT,1701185851338,72.4,15.943324
INJUSDT,BUY,LIMIT,1701186189214,15.5,16.715723
INJUSDT,BUY,LIMIT,1701186219125,276.6,16.770929
INJUSDT,BUY,LIMIT,1701186334350,1.5,16.808367
INJUSDT,BUY,LIMIT,1701186347223,2.3,16.811744
INJUSDT,BUY,LIMIT,1701186355248,20.1,16.818820
INJUSDT,BUY,LIMIT,1701186373128,77.8,16.838280
INJUSDT,BUY,LIMIT,1701186570656,5.0,16.844760
INJUSDT,BUY,LIMIT,1701186572137,0.6,16.846469
INJUSDT,BUY,LIMIT,1701186619257,190.5,16.865556
INJUSDT,BUY,LIMIT,1701186623580,2.3,16.877614
INJUSDT,BUY,LIMIT,1701186626296,1.8,16.890776
INJUSDT,BUY,LIMIT,1701186652428,40.4,16.895897
INJUSDT,BUY,LIMIT,1701186677398,7.7,16.924399
INJUSDT,BUY,LIMIT,1701186696802,215.2,16.919222
INJUSDT,BUY,LIMIT,1701187082693,1.5,16.928061
INJUSDT,BUY,LIMIT,1701187184132,306.7,16.948740
INJUSDT,BUY,LIMIT,1701187272447,61.1,16.884847
INJUSDT,BUY,LIMIT,1701187305670,189.1,16.953751
INJUSDT,BUY,LIMIT,1701187681094,12.7,16.986793
INJUSDT,SELL,LIMIT,1701187802089,0.9,16.300379
INJUSDT,BUY,LIMIT,1701189588676,54.2,17.013625
INJUSDT,BUY,LIMIT,1701189611751,53.4,17.025523
INJUSDT,BUY,LIMIT,1701189627342,19.9,17.034000
INJUSDT,BUY,LIMIT,1701189669946,14.1,17.038080
INJUSDT,BUY,LIMIT,1701189755149,224.8,17.042014
INJUSDT,BUY,LIMIT,1701189757207,0.6,17.052887
INJUSDT,BUY,LIMIT,1701189792153,1.2,17.059926
INJUSDT,BUY,LIMIT,1701189798140,53.4,17.061386
INJUSDT,BUY,LIMIT,1701189804437,4.2,17.077140
INJUSDT,BUY,LIMIT,1701189813995,3.0,17.053911
INJUSDT,BUY,LIMIT,1701189818641,1.3,17.092404
INJUSDT,BUY,LIMIT,1701189820231,10.0,17.101503
INJUSDT,BUY,LIMIT,1701189823648,0.5,17.109394
INJUSDT,BUY,LIMIT,1701189844253,7.4,17.113600
INJUSDT,BUY,LIMIT,1701189975892,0.2,17.038515
INJUSDT,BUY,LIMIT,1701190443263,7.9,17.079710
INJUSDT,BUY,LIMIT,1701192031067,1.4,17.113305
INJUSDT,BUY,LIMIT,1701192057436,1.0,17.139649
INJUSDT,BUY,LIMIT,1701192069112,0.6,17.176251
INJUSDT,BUY,LIMIT,1701192089135,73.9,17.200534
INJUSDT,BUY,LIMIT,1701192277804,3.1,17.189702
INJUSDT,BUY,LIMIT,1701195155507,2.2,17.242166
INJUSDT,BUY,LIMIT,1701195290259,289.5,17.270631
INJUSDT,BUY,LIMIT,1701197838335,0.3,17.058876
INJUSDT,SELL,LIMIT,1701197859770,18.4,16.415361
INJUSDT,BUY,LIMIT,1701197862394,315.1,17.098353
INJUSDT,BUY,LIMIT,1701198067880,5.0,17.138522
INJUSDT,BUY,LIMIT,1701200375165,31.1,17.280628
INJUSDT,BUY,LIMIT,1701200447880,6.3,17.299482
INJUSDT,BUY,LIMIT,1701200451224,25.0,17.306225
INJUSDT,BUY,LIMIT,1701200474659,9.0,17.323649
INJUSDT,BUY,LIMIT,1701200543792,1.2,17.358104
INJUSDT,BUY,LIMIT,1701200548179,1.5,17.363265
INJUSDT,BUY,LIMIT,1701200562292,1.3,17.369087
INJUSDT,BUY,LIMIT,1701200563352,0.4,17.377608
INJUSDT,BUY,LIMIT,1701200610432,90.5,17.390981
INJUSDT,BUY,LIMIT,1701200616252,0.7,17.398892
INJUSDT,BUY,LIMIT,1701201635236,0.5,17.347984
INJUSDT,BUY,LIMIT,1701201919292,99.2,17.415839
INJUSDT,BUY,LIMIT,1701202323997,0.7,17.449009
INJUSDT,SELL,LIMIT,1701207071232,11.0,16.428062
INJUSDT,SELL,LIMIT,1701207258261,32.4,16.370592
INJUSDT,SELL,LIMIT,1701207516112,1.4,16.350733
INJUSDT,SELL,LIMIT,1701207836315,0.9,16.261210
INJUSDT,SELL,LIMIT,1701211965282,24.2,16.286644
INJUSDT,SELL,LIMIT,1701214369048,38.5,16.231841
INJUSDT,SELL,LIMIT,1701214730022,1.7,16.208698
INJUSDT,SELL,LIMIT,1701216758269,6.6,16.232833
INJUSDT,BUY,LIMIT,1701219740075,385.3,16.987097
INJUSDT,SELL,LIMIT,1701223614738,2.0,16.197226
INJUSDT,SELL,LIMIT,1701225103850,1.4,16.183796
INJUSDT,SELL,LIMIT,1701225143421,62.4,16.180305
INJUSDT,SELL,LIMIT,1701226074447,12.1,16.146427
INJUSDT,BUY,LIMIT,1701239192105,7.5,17.142759
INJUSDT,BUY,LIMIT,1701240683489,8.0,17.243621
INJUSDT,BUY,LIMIT,1701240690258,2.5,17.256739
INJUSDT,BUY,LIMIT,1701241375331,152.2,17.302207
INJUSDT,BUY,LIMIT,1701241690182,286.0,17.367871
INJUSDT,BUY,LIMIT,1701243223447,18.1,17.381969
INJUSDT,BUY,LIMIT,1701243234410,33.3,17.411169
INJUSDT,BUY,LIMIT,1701243281439,3.5,17.430384
INJUSDT,BUY,LIMIT,1701243283435,8.7,17.471821
INJUSDT,BUY,LIMIT,1701243349199,0.8,17.482664
INJUSDT,BUY,LIMIT,1701243946686,5.4,17.523110
INJUSDT,SELL,LIMIT,1701244868729,8.4,16.791743
INJUSDT,BUY,LIMIT,1701247383684,371.2,17.502197
INJUSDT,BUY,LIMIT,1701247563341,79.8,17.507280
INJUSDT,BUY,LIMIT,1701247849420,24.7,17.528755
INJUSDT,BUY,LIMIT,1701247851178,24.9,17.539961
INJUSDT,BUY,LIMIT,1701247944032,1.0,17.595727
INJUSDT,BUY,LIMIT,1701247945093,190.0,17.614960
INJUSDT,BUY,LIMIT,1701248003324,6.7,17.626397
INJUSDT,BUY,LIMIT,1701248052373,0.6,17.615049
INJUSDT,BUY,LIMIT,1701248534074,0.6,17.636262
INJUSDT,BUY,LIMIT,1701248539216,318.0,17.653471
INJUSDT,BUY,LIMIT,1701248659549,9.1,17.628660
INJUSDT,BUY,LIMIT,1701248780300,13.2,17.676088
INJUSDT,BUY,LIMIT,1701248889039,58.3,17.652916
INJUSDT,BUY,LIMIT,1701249174005,56.6,17.688929
INJUSDT,BUY,LIMIT,1701249195702,239.7,17.734073
INJUSDT,BUY,LIMIT,1701249309371,2.5,17.774821
INJUSDT,BUY,LIMIT,1701249324862,199.1,17.784863
INJUSDT,BUY,LIMIT,1701249338755,17.1,17.787394
INJUSDT,BUY,LIMIT,1701249340571,1.4,17.791781
INJUSDT,BUY,LIMIT,1701249343304,1.6,17.798131
INJUSDT,BUY,LIMIT,1701249373212,6.1,17.804100
INJUSDT,BUY,LIMIT,1701249374407,20.0,17.806268
INJUSDT,BUY,LIMIT,1701249436254,3.6,17.831922
INJUSDT,BUY,LIMIT,1701249440714,70.8,17.836492
INJUSDT,BUY,LIMIT,1701249442449,39.5,17.836841
INJUSDT,BUY,LIMIT,1701249555468,301.2,17.862790
INJUSDT,BUY,LIMIT,1701251534494,5.4,17.558178
INJUSDT,SELL,LIMIT,1701251614470,100.0,16.752589
INJUSDT,BUY,LIMIT,1701252125070,7.0,17.275038
INJUSDT,SELL,LIMIT,1701253354119,33.5,16.644020
INJUSDT,SELL,LIMIT,1701253527472,132.8,16.617439
INJUSDT,SELL,LIMIT,1701253529558,293.1,16.613941
INJUSDT,SELL,LIMIT,1701253548524,1.7,16.605125
INJUSDT,BUY,LIMIT,1701253602623,21.8,17.285940
INJUSDT,SELL,LIMIT,1701253616173,25.8,16.592677
INJUSDT,SELL,LIMIT,1701254360176,5.8,16.520818
INJUSDT,SELL,LIMIT,1701254379974,8.4,16.507281
INJUSDT,SELL,LIMIT,1701254389992,25.2,16.498987
INJUSDT,SELL,LIMIT,1701254417197,0.7,16.511775
INJUSDT,SELL,LIMIT,1701254419014,18.0,16.455897
INJUSDT,SELL,LIMIT,1701254526413,50.9,16.445525
