Symbol,Side,Order Type,Time,Quantity,Price
INJUSDT,SELL,LIMIT,1701918658343,2.0,16.579645
INJUSDT,SELL,LIMIT,1701918682535,31.4,16.576576
INJUSDT,BUY,LIMIT,1701922109458,2.9,17.499120
INJUSDT,BUY,LIMIT,1701925657418,20.5,17.768898
INJUSDT,BUY,LIMIT,1701925685315,1.3,17.782726
INJUSDT,SELL,LIMIT,1701937823780,9.4,16.703215
INJUSDT,SELL,LIMIT,1701939342696,12.4,16.718801
INJUSDT,BUY,LIMIT,1701939455340,1.4,16.817119
INJUSDT,SELL,LIMIT,1701939567812,287.4,16.669349
INJUSDT,SELL,LIMIT,1701939570874,174.4,16.664090
INJUSDT,SELL,LIMIT,1701939985620,23.8,16.688240
INJUSDT,SELL,LIMIT,1701940025248,15.5,16.806825
INJUSDT,SELL,LIMIT,1701940467425,26.6,16.646786
INJUSDT,SELL,LIMIT,1701940556326,13.9,16.585719
INJUSDT,SELL,LIMIT,1701940558292,4.5,16.574778
INJUSDT,SELL,LIMIT,1701940560729,7.6,16.580658
INJUSDT,SELL,LIMIT,1701940563773,181.3,16.566820
INJUSDT,SELL,LIMIT,1701940565699,8.0,16.549783
INJUSDT,SELL,LIMIT,1701940566921,229.8,16.538647
INJUSDT,SELL,LIMIT,1701940693650,11.2,16.526691
INJUSDT,SELL,LIMIT,1701941016743,28.4,16.520607
INJUSDT,SELL,LIMIT,1701941032477,1.2,16.510486
INJUSDT,SELL,LIMIT,1701941041186,2.0,16.499186
INJUSDT,SELL,LIMIT,1701941156783,1.8,16.483686
INJUSDT,SELL,LIMIT,1701941159351,737.9,16.425811
INJUSDT,SELL,LIMIT,1701941169324,4.2,16.473327
INJUSDT,SELL,LIMIT,1701941174567,34.7,16.468445
INJUSDT,SELL,LIMIT,1701941184144,33.3,16.440021
INJUSDT,SELL,LIMIT,1701941187460,6.1,16.437889
INJUSDT,SELL,LIMIT,1701941189255,2.8,16.413956
INJUSDT,SELL,LIMIT,1701941193029,12.0,16.407984
INJUSDT,SELL,LIMIT,1701941237399,58.3,16.397420
INJUSDT,SELL,LIMIT,1701941239230,1.8,16.420416
INJUSDT,SELL,LIMIT,1701941244310,54.5,16.396848
INJUSDT,SELL,LIMIT,1701941245538,1.4,16.379373
INJUSDT,SELL,LIMIT,1701941247354,17.4,16.373898
INJUSDT,SELL,LIMIT,1701941256866,245.7,16.359715
INJUSDT,SELL,LIMIT,1701941271173,8.0,16.357077
INJUSDT,BUY,LIMIT,1701952361361,10.0,17.546277
INJUSDT,BUY,LIMIT,1701952391904,7.2,17.561874
INJUSDT,BUY,LIMIT,1701952583511,15.5,17.603984
INJUSDT,BUY,LIMIT,1701952641199,11.9,17.658766
INJUSDT,BUY,LIMIT,1701952698767,0.3,17.675021
INJUSDT,BUY,LIMIT,1701952732580,0.1,17.688322
INJUSDT,BUY,LIMIT,1701952783133,0.4,17.711867
INJUSDT,BUY,LIMIT,1701952896080,22.2,17.747423
INJUSDT,BUY,LIMIT,1701953976591,0.1,17.723520
INJUSDT,BUY,LIMIT,1701954172942,28.7,17.794110
INJUSDT,BUY,LIMIT,1701954204415,467.3,17.832272
INJUSDT,SELL,LIMIT,1701957749271,5.3,16.721164
INJUSDT,SELL,LIMIT,1701958802043,2.8,16.681041
INJUSDT,BUY,LIMIT,1701963030615,46.8,17.715769
INJUSDT,BUY,LIMIT,1701963324672,113.9,17.788241
INJUSDT,BUY,LIMIT,1701963336939,59.0,17.838737
INJUSDT,SELL,LIMIT,1701964341731,32.5,16.992221
INJUSDT,SELL,LIMIT,1701964862036,353.8,17.071998
INJUSDT,BUY,LIMIT,1701964997298,3.8,17.871385
INJUSDT,BUY,LIMIT,1701965020541,26.3,17.923193
INJUSDT,BUY,LIMIT,1701965058187,10.8,17.918340
INJUSDT,BUY,LIMIT,1701965208664,37.5,17.969243
INJUSDT,BUY,LIMIT,1701965216162,80.7,18.014999
INJUSDT,BUY,LIMIT,1701965273667,49.5,18.033000
INJUSDT,BUY,LIMIT,1701965295666,15.0,18.056829
INJUSDT,BUY,LIMIT,1701965557273,23.1,18.080892
INJUSDT,BUY,LIMIT,1701966787250,0.5,18.097673
INJUSDT,BUY,LIMIT,1701966789342,276.7,18.110378
INJUSDT,BUY,LIMIT,1701966793824,0.9,18.136203
INJUSDT,BUY,LIMIT,1701966842955,59.5,18.218810
INJUSDT,BUY,LIMIT,1701966875481,243.9,18.277798
INJUSDT,BUY,LIMIT,1701967102772,327.9,18.348248
INJUSDT,BUY,LIMIT,1701967159333,1.6,18.351658
INJUSDT,BUY,LIMIT,1701967167153,56.0,18.364550
INJUSDT,BUY,LIMIT,1701968155525,9.6,18.429488
INJUSDT,BUY,LIMIT,1701968182472,21.2,18.473960
INJUSDT,BUY,LIMIT,1701968185062,5.6,18.477009
INJUSDT,BUY,LIMIT,1701968190934,52.7,18.478171
INJUSDT,BUY,LIMIT,1701968237525,0.5,18.498027
INJUSDT,BUY,LIMIT,1701968239720,71.9,18.499054
INJUSDT,BUY,LIMIT,1701968980176,8.3,18.525262
INJUSDT,BUY,LIMIT,1701968985242,408.5,18.561458
INJUSDT,BUY,LIMIT,1701969115171,18.7,18.615351
INJUSDT,BUY,LIMIT,1701969274643,12.3,18.646536
INJUSDT,BUY,LIMIT,1701969276290,3.4,18.652692
INJUSDT,BUY,LIMIT,1701969292155,183.5,18.662974
INJUSDT,BUY,LIMIT,1701969293484,183.9,18.663237
INJUSDT,BUY,LIMIT,1701969303519,91.9,18.672565
INJUSDT,BUY,LIMIT,1701969305627,183.9,18.671581
INJUSDT,BUY,LIMIT,1701969323684,183.9,18.676574
INJUSDT,BUY,LIMIT,1701969396366,139.5,18.674160
INJUSDT,BUY,LIMIT,1701969398096,0.4,18.683670
INJUSDT,BUY,LIMIT,1701969399476,17.0,18.686440
INJUSDT,BUY,LIMIT,1701969436089,78.3,18.691500
INJUSDT,BUY,LIMIT,1701969623418,30.6,18.701614
INJUSDT,BUY,LIMIT,1701969656303,30.8,18.706990
INJUSDT,BUY,LIMIT,1701969670027,18.0,18.716083
INJUSDT,BUY,LIMIT,1701969892784,58.0,18.740815
INJUSDT,BUY,LIMIT,1701969895569,146.6,18.743760
INJUSDT,BUY,LIMIT,1701969899813,183.1,18.751056
INJUSDT,BUY,LIMIT,1701970020477,0.7,18.754829
INJUSDT,BUY,LIMIT,1701970025865,2930.1,18.876476
INJUSDT,BUY,LIMIT,1701970353569,95.2,18.783454
INJUSDT,BUY,LIMIT,1701970402291,2.2,18.796497
INJUSDT,BUY,LIMIT,1701970405858,5.0,18.800631
INJUSDT,BUY,LIMIT,1701970413222,6.0,18.813566
INJUSDT,BUY,LIMIT,1701970416362,1.4,18.814671
INJUSDT,BUY,LIMIT,1701970628242,147.8,18.825989
INJUSDT,BUY,LIMIT,1701971625407,0.8,18.850557
INJUSDT,BUY,LIMIT,1701971667407,1.3,18.860488
INJUSDT,BUY,LIMIT,1701971669185,6.6,18.871951
INJUSDT,BUY,LIMIT,1701971671563,4.7,18.877198
INJUSDT,BUY,LIMIT,1701971740095,17.5,18.928193
INJUSDT,BUY,LIMIT,1701971744304,27.7,18.933247
INJUSDT,BUY,LIMIT,1701971745346,28.5,18.935001
INJUSDT,BUY,LIMIT,1701971747518,4.1,18.943905
INJUSDT,BUY,LIMIT,1701971753362,41.2,18.945622
INJUSDT,BUY,LIMIT,1701971758251,5.4,18.962063
INJUSDT,BUY,LIMIT,1701971766594,0.4,18.980342
INJUSDT,BUY,LIMIT,1701971769357,14.6,18.984226
INJUSDT,BUY,LIMIT,1701971810661,27.6,18.999280
INJUSDT,BUY,LIMIT,1701971943205,165.7,19.005801
INJUSDT,BUY,LIMIT,1701971945854,0.4,19.007671
INJUSDT,BUY,LIMIT,1701971963302,5.5,19.020088
INJUSDT,BUY,LIMIT,1701971965035,8.4,19.026383
INJUSDT,BUY,LIMIT,1701971988833,4.0,19.057509
INJUSDT,SELL,LIMIT,1701974013977,25.6,17.832439
INJUSDT,SELL,LIMIT,1701974036658,12.4,17.752399
INJUSDT,SELL,LIMIT,1701974170376,1.4,17.720989
INJUSDT,SELL,LIMIT,1701974260502,7.1,17.683766
INJUSDT,SELL,LIMIT,1701974294998,17.7,17.659234
INJUSDT,SELL,LIMIT,1701976309315,29.2,17.728407
INJUSDT,SELL,LIMIT,1701976364375,31.2,17.647908
INJUSDT,SELL,LIMIT,1701976458544,10.0,17.626827
INJUSDT,SELL,LIMIT,1701976830233,0.6,17.534041
INJUSDT,SELL,LIMIT,1701977184244,12.2,17.483681
INJUSDT,SELL,LIMIT,1701977194627,13.2,17.475368
INJUSDT,SELL,LIMIT,1701977297375,19.0,17.439219
INJUSDT,SELL,LIMIT,1701978091410,2.1,17.416409
INJUSDT,SELL,LIMIT,1701978121830,1.1,17.406940
INJUSDT,BUY,LIMIT,1701984164564,0.5,18.112968
INJUSDT,BUY,LIMIT,1701986555548,1.6,18.541636
INJUSDT,BUY,LIMIT,1701986640143,22.2,18.588641
INJUSDT,BUY,LIMIT,1701986663913,6.0,18.598734
INJUSDT,BUY,LIMIT,1701986839118,33.8,18.679211
INJUSDT,BUY,LIMIT,1701987004827,90.0,18.718773
INJUSDT,BUY,LIMIT,1701987840074,1012.1,18.830945
INJUSDT,BUY,LIMIT,1701998358155,7.8,18.767920
INJUSDT,BUY,LIMIT,1701998543066,3.6,18.790883
INJUSDT,BUY,LIMIT,1702001335805,5.2,18.852242
INJUSDT,BUY,LIMIT,1702001355186,41.0,18.869969
INJUSDT,BUY,LIMIT,1702004067300,0.7,18.940744
INJUSDT,BUY,LIMIT,1702004069499,0.9,18.945986
INJUSDT,BUY,LIMIT,1702004076142,141.7,18.952949
INJUSDT,BUY,LIMIT,1702004084106,466.1,18.998524
INJUSDT,BUY,LIMIT,1702004096088,0.8,18.970859
INJUSDT,BUY,LIMIT,1702005330021,282.4,18.846565
INJUSDT,BUY,LIMIT,1702006377240,180.3,19.038589
INJUSDT,BUY,LIMIT,1702006408150,6.5,19.046758
INJUSDT,BUY,LIMIT,1702006441575,0.3,19.054178
INJUSDT,BUY,LIMIT,1702006465442,59.1,19.058806
INJUSDT,BUY,LIMIT,1702006583963,722.1,19.120582
INJUSDT,BUY,LIMIT,1702006594909,12.5,19.066806
INJUSDT,BUY,LIMIT,1702006601721,907.4,19.134555
INJUSDT,BUY,LIMIT,1702007128162,8.3,19.095674
INJUSDT,BUY,LIMIT,1702007130047,147.3,19.107319
INJUSDT,BUY,LIMIT,1702007154540,1.6,19.103909
INJUSDT,BUY,LIMIT,1702007160890,1.3,19.116275
INJUSDT,BUY,LIMIT,1702007173244,287.7,19.139243
INJUSDT,BUY,LIMIT,1702007178541,1.7,19.137748
INJUSDT,BUY,LIMIT,1702007406114,26.8,19.159796
INJUSDT,BUY,LIMIT,1702007407359,0.6,19.169550
INJUSDT,BUY,LIMIT,1702007408549,24.1,19.170508
INJUSDT,BUY,LIMIT,1702007421096,0.5,19.173351
INJUSDT,BUY,LIMIT,1702007430664,2.3,19.175882
INJUSDT,BUY,LIMIT,1702007609131,0.3,19.179503
INJUSDT,BUY,LIMIT,1702008024450,79.2,19.204800
INJUSDT,BUY,LIMIT,1702008025975,2.7,19.216036
INJUSDT,BUY,LIMIT,1702008028754,6.5,19.220196
INJUSDT,BUY,LIMIT,1702008034272,2.0,19.224597
INJUSDT,BUY,LIMIT,1702008148397,6.4,19.245709
INJUSDT,BUY,LIMIT,1702008292023,20.9,19.288486
INJUSDT,BUY,LIMIT,1702008350252,23.8,19.306163
INJUSDT,BUY,LIMIT,1702008369573,5.7,19.309125
INJUSDT,BUY,LIMIT,1702008377659,3.4,19.317206
INJUSDT,BUY,LIMIT,1702008381611,3.0,19.338993
INJUSDT,BUY,LIMIT,1702008383679,0.5,19.340280
INJUSDT,BUY,LIMIT,1702008401340,45.6,19.342886
INJUSDT,BUY,LIMIT,1702008415668,4.4,19.387439
INJUSDT,BUY,LIMIT,1702008462219,13.9,19.395637
INJUSDT,BUY,LIMIT,1702008476233,0.5,19.421300
INJUSDT,BUY,LIMIT,1702008556903,8.8,19.437001
INJUSDT,BUY,LIMIT,1702008813523,99.5,19.396235
INJUSDT,BUY,LIMIT,1702009310417,10.6,19.444260
INJUSDT,BUY,LIMIT,1702009323365,6.9,19.447320
INJUSDT,BUY,LIMIT,1702009337377,0.3,19.454492
INJUSDT,BUY,LIMIT,1702009403141,8.2,19.474437
INJUSDT,BUY,LIMIT,1702009408733,32.6,19.480796
INJUSDT,BUY,LIMIT,1702009657161,4.0,19.506129
INJUSDT,BUY,LIMIT,1702009659669,13.2,19.510298
INJUSDT,BUY,LIMIT,1702009697164,1.6,19.530115
INJUSDT,BUY,LIMIT,1702009702110,7.2,19.550039
INJUSDT,BUY,LIMIT,1702009705743,16.9,19.560832
INJUSDT,BUY,LIMIT,1702009738229,0.5,19.566829
INJUSDT,BUY,LIMIT,1702010016727,5.6,19.577427
INJUSDT,SELL,LIMIT,1702012210546,1.2,18.373151
INJUSDT,SELL,LIMIT,1702012838379,11.0,18.350405
INJUSDT,SELL,LIMIT,1702013062483,260.4,18.256751
INJUSDT,SELL,LIMIT,1702013303733,176.5,18.230587
INJUSDT,SELL,LIMIT,1702013305155,5.2,18.229605
INJUSDT,SELL,LIMIT,1702013332192,2.9,18.210234
INJUSDT,SELL,LIMIT,1702013781062,38.6,18.203932
INJUSDT,SELL,LIMIT,1702013782625,1.2,18.191401
INJUSDT,SELL,LIMIT,1702013823096,14.4,18.172081
INJUSDT,BUY,LIMIT,1702016235013,5.8,19.049559
INJUSDT,SELL,LIMIT,1702020207408,1.6,18.035765
INJUSDT,SELL,LIMIT,1702020222807,110.2,18.021022
INJUSDT,SELL,LIMIT,1702020225618,0.5,18.002149
INJUSDT,SELL,LIMIT,1702022582643,2.4,17.988328
INJUSDT,SELL,LIMIT,1702022845523,8.2,17.966006
INJUSDT,SELL,LIMIT,1702022848400,7.0,17.937230
INJUSDT,SELL,LIMIT,1702022986972,380.0,17.994094
INJUSDT,BUY,LIMIT,1702025585392,2.7,19.108089
INJUSDT,BUY,LIMIT,1702027050230,6.2,19.303521
INJUSDT,BUY,LIMIT,1702027052340,1.3,19.312794
INJUSDT,BUY,LIMIT,1702027084559,20.5,19.340937
INJUSDT,BUY,LIMIT,1702027098740,0.6,19.349044
INJUSDT,BUY,LIMIT,1702027132868,61.0,19.395820
INJUSDT,BUY,LIMIT,1702027134194,1.4,19.402267
INJUSDT,BUY,LIMIT,1702027481070,52.9,19.391413
INJUSDT,BUY,LIMIT,1702027591013,5.0,19.420454
INJUSDT,BUY,LIMIT,1702027593048,1.9,19.426897
INJUSDT,BUY,LIMIT,1702027656589,10.2,19.455353
INJUSDT,BUY,LIMIT,1702027852199,547.4,19.554915
INJUSDT,BUY,LIMIT,1702027888273,1.6,19.522799
INJUSDT,BUY,LIMIT,1702027902852,4.4,19.534343
INJUSDT,BUY,LIMIT,1702027906098,38.3,19.583124
INJUSDT,BUY,LIMIT,1702027922176,8.0,19.611559
INJUSDT,BUY,LIMIT,1702031922671,63.1,19.634406
INJUSDT,BUY,LIMIT,1702031932116,17.0,19.688124
INJUSDT,BUY,LIMIT,1702031933330,100.0,19.700317
INJUSDT,BUY,LIMIT,1702032015063,8.5,19.714653
INJUSDT,BUY,LIMIT,1702032041779,0.4,19.731512
INJUSDT,BUY,LIMIT,1702032047689,1.5,19.729490
INJUSDT,BUY,LIMIT,1702032079682,2.6,19.737644
INJUSDT,BUY,LIMIT,1702032080811,1.7,19.739658
INJUSDT,BUY,LIMIT,1702032227816,207.8,19.751482
INJUSDT,BUY,LIMIT,1702032332412,15.1,19.759579
INJUSDT,BUY,LIMIT,1702032335781,13.1,19.762489
INJUSDT,BUY,LIMIT,1702032338664,1.0,19.763256
INJUSDT,BUY,LIMIT,1702032344879,158.9,19.764045
INJUSDT,BUY,LIMIT,1702032352192,4.6,19.771226
INJUSDT,BUY,LIMIT,1702032371612,0.4,19.777527
INJUSDT,BUY,LIMIT,1702032436920,39.5,19.800030
INJUSDT,BUY,LIMIT,1702032441326,1.5,19.812708
INJUSDT,BUY,LIMIT,1702032501122,11.1,19.783967
INJUSDT,BUY,LIMIT,1702032555144,2.0,19.781238
INJUSDT,BUY,LIMIT,1702032580258,24.2,19.768063
INJUSDT,BUY,LIMIT,1702033366127,1.0,19.812219
INJUSDT,BUY,LIMIT,1702033697091,5.2,19.841220
INJUSDT,BUY,LIMIT,1702033703162,47.4,19.859821
INJUSDT,BUY,LIMIT,1702033714338,19.2,19.868465
INJUSDT,BUY,LIMIT,1702033715390,1.4,19.897191
INJUSDT,BUY,LIMIT,1702033718132,108.1,19.910491
INJUSDT,BUY,LIMIT,1702033754252,10.0,19.924758
INJUSDT,BUY,LIMIT,1702033755351,13.0,19.936570
INJUSDT,BUY,LIMIT,1702033793661,6.9,19.948316
INJUSDT,BUY,LIMIT,1702033797096,3.2,19.971262
INJUSDT,BUY,LIMIT,1702033798266,12.9,19.959092
INJUSDT,BUY,LIMIT,1702033804223,3.6,20.011517
INJUSDT,BUY,LIMIT,1702033805330,11.4,19.998690
INJUSDT,BUY,LIMIT,1702033806830,54.8,20.018230
INJUSDT,BUY,LIMIT,1702033860341,135.9,20.048672
INJUSDT,BUY,LIMIT,1702033861454,12.1,20.052230
INJUSDT,BUY,LIMIT,1702034296408,145.8,20.034930
INJUSDT,BUY,LIMIT,1702034788515,2.5,17.934907
INJUSDT,BUY,LIMIT,1702035246018,1.2,19.763340
INJUSDT,BUY,LIMIT,1702035470009,54.8,19.889976
INJUSDT,BUY,LIMIT,1702036300887,50.0,19.940500
INJUSDT,BUY,LIMIT,1702036311466,500.0,20.033025
INJUSDT,BUY,LIMIT,1702036343704,70.0,20.052180
INJUSDT,BUY,LIMIT,1702036836499,12.9,19.985028
INJUSDT,BUY,LIMIT,1702037019833,21.3,20.069115
INJUSDT,BUY,LIMIT,1702037023494,3.1,20.076659
INJUSDT,SELL,LIMIT,1702037059082,0.5,19.317837
INJUSDT,BUY,LIMIT,1702037341759,60.6,20.089105
INJUSDT,BUY,LIMIT,1702038201162,3.7,20.095747
INJUSDT,BUY,LIMIT,1702038238613,10.5,20.108119
INJUSDT,BUY,LIMIT,1702038239735,6.4,20.111126
INJUSDT,BUY,LIMIT,1702038241504,367.7,20.152416
INJUSDT,BUY,LIMIT,1702038243650,11.3,20.129616
INJUSDT,BUY,LIMIT,1702038246069,1.3,20.148613
INJUSDT,BUY,LIMIT,1702039326363,5.6,20.151560
INJUSDT,BUY,LIMIT,1702039372556,0.5,20.184479
INJUSDT,BUY,LIMIT,1702039373766,33.2,20.198115
INJUSDT,BUY,LIMIT,1702039377999,1.3,20.209627
INJUSDT,BUY,LIMIT,1702039381177,0.8,20.221141
INJUSDT,SELL,LIMIT,1702041607220,3.2,19.230281
INJUSDT,BUY,LIMIT,1702041822324,0.3,19.945050
INJUSDT,SELL,LIMIT,1702042587773,104.0,18.964594
INJUSDT,SELL,LIMIT,1702043009644,1.0,19.298594
INJUSDT,SELL,LIMIT,1702045407417,25.3,18.924582
INJUSDT,SELL,LIMIT,1702045441134,2.6,18.875662
INJUSDT,SELL,LIMIT,1702045564229,18.6,18.868025
INJUSDT,BUY,LIMIT,1702047077887,5.8,19.744979
INJUSDT,BUY,LIMIT,1702048150471,6.4,19.913035
INJUSDT,SELL,LIMIT,1702050664608,1.9,18.804802
INJUSDT,SELL,LIMIT,1702050666257,0.9,18.793840
INJUSDT,SELL,LIMIT,1702050667292,12.9,18.787596
INJUSDT,SELL,LIMIT,1702050671095,1.4,18.762475
INJUSDT,SELL,LIMIT,1702050707848,0.2,18.738086
INJUSDT,SELL,LIMIT,1702050709369,20.3,18.708126
INJUSDT,SELL,LIMIT,1702050712698,3.3,18.697493
INJUSDT,SELL,LIMIT,1702050714266,1.1,18.685221
INJUSDT,SELL,LIMIT,1702050722048,10.0,18.679982
INJUSDT,SELL,LIMIT,1702050739266,4.5,18.665567
INJUSDT,SELL,LIMIT,1702050740310,24.4,18.643828
INJUSDT,SELL,LIMIT,1702050741331,2.8,18.642801
INJUSDT,BUY,LIMIT,1702051371851,4.3,19.454443
INJUSDT,BUY,LIMIT,1702051485399,8.4,19.486351
INJUSDT,BUY,LIMIT,1702051498782,1.4,19.527667
INJUSDT,SELL,LIMIT,1702051840249,3.8,18.738218
INJUSDT,BUY,LIMIT,1702052161449,2.6,19.624044
INJUSDT,BUY,LIMIT,1702053445380,4.0,19.607639
INJUSDT,BUY,LIMIT,1702053523492,0.6,19.616641
INJUSDT,BUY,LIMIT,1702054319374,14.0,19.652227
INJUSDT,SELL,LIMIT,1702055268196,29.3,18.893726
INJUSDT,BUY,LIMIT,1702055829040,131.2,19.817882
INJUSDT,BUY,LIMIT,1702058733538,13.0,19.983947
INJUSDT,BUY,LIMIT,1702058793564,4.0,19.996368
INJUSDT,BUY,LIMIT,1702058945205,22.3,20.003547
INJUSDT,BUY,LIMIT,1702059180326,255.8,20.023831
INJUSDT,BUY,LIMIT,1702059263256,1.4,20.040137
INJUSDT,BUY,LIMIT,1702059546631,1.1,20.075497
INJUSDT,BUY,LIMIT,1702059626371,258.0,20.132426
INJUSDT,BUY,LIMIT,1702059628145,0.5,20.176122
INJUSDT,BUY,LIMIT,1702062073342,5.1,19.941137
INJUSDT,BUY,LIMIT,1702066009962,41.7,19.888681
INJUSDT,BUY,LIMIT,1702066924088,5.8,20.054220
INJUSDT,BUY,LIMIT,1702067740550,63.3,20.008171
INJUSDT,BUY,LIMIT,1702067968663,9.8,20.101966
INJUSDT,BUY,LIMIT,1702068046296,8.5,20.111340
INJUSDT,BUY,LIMIT,1702068070256,15.0,20.097141
INJUSDT,BUY,LIMIT,1702068898123,71.0,20.092980
INJUSDT,BUY,LIMIT,1702069043203,75.4,20.026780
INJUSDT,BUY,LIMIT,1702069072661,1.0,20.053228
INJUSDT,BUY,LIMIT,1702069113509,25.5,20.069113
INJUSDT,BUY,LIMIT,1702071299131,19.3,20.204581
INJUSDT,BUY,LIMIT,1702071307901,0.6,20.217525
INJUSDT,BUY,LIMIT,1702071324805,52.6,20.231524
INJUSDT,BUY,LIMIT,1702071328054,95.2,20.247040
INJUSDT,BUY,LIMIT,1702071338268,12.4,20.258652
INJUSDT,BUY,LIMIT,1702071340111,12.8,20.267571
INJUSDT,BUY,LIMIT,1702071343241,1.3,20.277072
INJUSDT,BUY,LIMIT,1702071345291,19.3,20.279943
INJUSDT,BUY,LIMIT,1702071355683,3.0,20.289921
INJUSDT,BUY,LIMIT,1702071366661,150.0,20.299933
INJUSDT,BUY,LIMIT,1702071399391,600.6,20.370255
INJUSDT,BUY,LIMIT,1702071473533,255.0,20.328844
INJUSDT,BUY,LIMIT,1702071476752,23.3,20.334055
INJUSDT,BUY,LIMIT,1702071484570,0.3,20.341028
INJUSDT,BUY,LIMIT,1702071494985,0.6,20.344729
INJUSDT,BUY,LIMIT,1702071498765,13.5,20.358047
INJUSDT,BUY,LIMIT,1702072241464,496.9,20.376624
INJUSDT,BUY,LIMIT,1702072286690,0.7,20.364909
INJUSDT,BUY,LIMIT,1702072317464,1.0,20.380625
INJUSDT,BUY,LIMIT,1702072319873,1.9,20.402280
INJUSDT,BUY,LIMIT,1702072389048,154.2,20.398273
INJUSDT,BUY,LIMIT,1702072394181,137.8,20.405035
INJUSDT,BUY,LIMIT,1702072429209,2.6,20.412778
INJUSDT,BUY,LIMIT,1702072431300,23.6,20.417094
INJUSDT,BUY,LIMIT,1702072442087,47.4,20.419659
INJUSDT,BUY,LIMIT,1702072633371,14.1,20.478577
INJUSDT,BUY,LIMIT,1702072634413,0.6,20.458351
INJUSDT,BUY,LIMIT,1702072635517,90.0,20.487526
INJUSDT,BUY,LIMIT,1702072636759,0.3,20.489258
INJUSDT,BUY,LIMIT,1702072648222,5.4,20.500116
INJUSDT,BUY,LIMIT,1702072649718,1.8,20.510157
INJUSDT,BUY,LIMIT,1702072651138,0.5,20.536050
INJUSDT,BUY,LIMIT,1702072652152,4.6,20.535888
INJUSDT,BUY,LIMIT,1702072654874,2.9,20.537567
INJUSDT,BUY,LIMIT,1702072657585,93.1,20.549852
INJUSDT,BUY,LIMIT,1702072659533,214.1,20.552257
INJUSDT,BUY,LIMIT,1702072667535,23.5,20.559818
INJUSDT,BUY,LIMIT,1702072669997,28.7,20.562071
INJUSDT,BUY,LIMIT,1702072672561,665.2,20.639221
INJUSDT,BUY,LIMIT,1702072674411,1.5,20.580346
INJUSDT,BUY,LIMIT,1702072676367,4.0,20.583737
INJUSDT,BUY,LIMIT,1702072681231,437.6,20.637698
INJUSDT,BUY,LIMIT,1702072684139,13.0,20.599401
INJUSDT,BUY,LIMIT,1702072687956,34.8,20.607574
INJUSDT,BUY,LIMIT,1702072733330,1.7,20.605423
INJUSDT,BUY,LIMIT,1702072746423,3.1,20.609911
INJUSDT,BUY,LIMIT,1702072763080,435.1,20.665992
INJUSDT,BUY,LIMIT,1702072764264,11.8,20.627448
INJUSDT,BUY,LIMIT,1702072767830,272.9,20.651681
INJUSDT,BUY,LIMIT,1702072774747,237.1,20.645234
INJUSDT,BUY,LIMIT,1702072780438,46.2,20.620276
INJUSDT,BUY,LIMIT,1702072782128,51.3,20.674961
INJUSDT,BUY,LIMIT,1702072783447,20.2,20.689985
INJUSDT,BUY,LIMIT,1702072786103,68.5,20.715550
INJUSDT,BUY,LIMIT,1702072794034,16.5,20.714496
INJUSDT,BUY,LIMIT,1702072807839,3.9,20.736968
INJUSDT,BUY,LIMIT,1702072808906,5.0,20.751687
INJUSDT,BUY,LIMIT,1702072811262,286.1,20.781326
INJUSDT,BUY,LIMIT,1702072813063,243.9,20.780297
INJUSDT,BUY,LIMIT,1702072814066,334.3,20.797986
INJUSDT,BUY,LIMIT,1702072821542,76.3,20.776080
INJUSDT,BUY,LIMIT,1702072823180,5.0,20.793021
INJUSDT,BUY,LIMIT,1702072824641,11.9,20.804201
INJUSDT,BUY,LIMIT,1702072825913,31.6,20.815756
INJUSDT,BUY,LIMIT,1702072834436,14.9,20.804549
INJUSDT,BUY,LIMIT,1702072836845,106.2,20.821122
INJUSDT,BUY,LIMIT,1702072838102,0.2,20.828317
INJUSDT,BUY,LIMIT,1702072839207,9.1,20.837592
INJUSDT,BUY,LIMIT,1702072840493,3.2,20.841272
INJUSDT,BUY,LIMIT,1702072843815,20.5,20.860020
INJUSDT,BUY,LIMIT,1702072848049,1149.0,20.947513
INJUSDT,BUY,LIMIT,1702072849195,10.6,20.875551
INJUSDT,BUY,LIMIT,1702072850466,0.4,20.877844
INJUSDT,BUY,LIMIT,1702072851546,237.8,20.880643
INJUSDT,BUY,LIMIT,1702072855129,13.4,20.888461
INJUSDT,BUY,LIMIT,1702072856527,75.3,20.892082
INJUSDT,BUY,LIMIT,1702072858426,57.2,20.908016
INJUSDT,BUY,LIMIT,1702072860177,273.5,20.944273
INJUSDT,BUY,LIMIT,1702072894347,9.2,20.939445
INJUSDT,SELL,LIMIT,1702074879280,2.8,19.623976
INJUSDT,SELL,LIMIT,1702075656435,0.3,19.540294
INJUSDT,SELL,LIMIT,1702075657471,21.3,19.544072
INJUSDT,SELL,LIMIT,1702075676902,1.0,19.471287
INJUSDT,SELL,LIMIT,1702075702788,136.0,19.425304
INJUSDT,SELL,LIMIT,1702075765686,62.1,19.287293
INJUSDT,SELL,LIMIT,1702075774169,49.9,19.228966
INJUSDT,SELL,LIMIT,1702075777322,19.7,19.214197
INJUSDT,SELL,LIMIT,1702075789830,22.4,19.155802
INJUSDT,SELL,LIMIT,1702075848377,44.5,19.112174
INJUSDT,SELL,LIMIT,1702075852126,15.0,19.107981
INJUSDT,SELL,LIMIT,1702075855960,30.0,19.096419
INJUSDT,SELL,LIMIT,1702075941652,11.5,19.032143
INJUSDT,SELL,LIMIT,1702076456755,90.0,19.091381
INJUSDT,SELL,LIMIT,1702076604494,274.7,19.005393
INJUSDT,SELL,LIMIT,1702077273045,4.9,18.993090
INJUSDT,SELL,LIMIT,1702077574001,87.4,18.971728
INJUSDT,SELL,LIMIT,1702077695206,165.2,18.909791
INJUSDT,SELL,LIMIT,1702077696344,5.1,18.889977
INJUSDT,SELL,LIMIT,1702077717515,42.5,18.858751
INJUSDT,SELL,LIMIT,1702077759999,3.5,18.865185
INJUSDT,BUY,LIMIT,1702079208714,600.0,19.654055
INJUSDT,BUY,LIMIT,1702080227364,16.5,19.813500
INJUSDT,BUY,LIMIT,1702080246843,15.1,19.808544
INJUSDT,BUY,LIMIT,1702080269790,136.2,19.826760
INJUSDT,SELL,LIMIT,1702081676318,1.3,19.157947
INJUSDT,BUY,LIMIT,1702081704336,258.8,19.938395
INJUSDT,BUY,LIMIT,1702082891041,92.6,19.851748
INJUSDT,SELL,LIMIT,1702084052500,174.9,18.825647
INJUSDT,SELL,LIMIT,1702084073099,3.6,18.784897
INJUSDT,SELL,LIMIT,1702084092758,7.6,18.766167
INJUSDT,SELL,LIMIT,1702084100486,33.4,18.766814
INJUSDT,SELL,LIMIT,1702084182183,25.8,19.146973
INJUSDT,SELL,LIMIT,1702084226232,2.9,18.708520
INJUSDT,SELL,LIMIT,1702084227342,10.1,18.712019
INJUSDT,SELL,LIMIT,1702084228454,30.4,18.705136
INJUSDT,BUY,LIMIT,1702085765364,12.8,19.691848
INJUSDT,BUY,LIMIT,1702085794953,85.3,19.670811
INJUSDT,BUY,LIMIT,1702086534191,2.0,19.595330
INJUSDT,BUY,LIMIT,1702088863361,6.6,19.745912
INJUSDT,BUY,LIMIT,1702091767172,51.7,19.684335
INJUSDT,BUY,LIMIT,1702092601142,0.7,19.909464
INJUSDT,BUY,LIMIT,1702094740271,7.6,19.738954
INJUSDT,BUY,LIMIT,1702094757471,5.3,19.764013
INJUSDT,SELL,LIMIT,1702094794773,0.8,18.974761
INJUSDT,BUY,LIMIT,1702099075118,20.1,19.748220
INJUSDT,BUY,LIMIT,1702099943734,7.6,19.768506
INJUSDT,SELL,LIMIT,1702102180475,2.8,18.674821
INJUSDT,SELL,LIMIT,1702102182527,1.7,18.656082
INJUSDT,SELL,LIMIT,1702102192071,100.0,18.623148
INJUSDT,SELL,LIMIT,1702102193093,177.5,18.598998
INJUSDT,SELL,LIMIT,1702102194305,15.5,18.542393
INJUSDT,BUY,LIMIT,1702102440309,2.2,19.583199
INJUSDT,BUY,LIMIT,1702102906902,0.3,19.467726
INJUSDT,BUY,LIMIT,1702103510576,14.2,19.610520
INJUSDT,BUY,LIMIT,1702103513579,10.5,19.457134
INJUSDT,BUY,LIMIT,1702108817240,20.4,19.466167
INJUSDT,BUY,LIMIT,1702108898549,222.3,19.629089
INJUSDT,BUY,LIMIT,1702109108115,136.8,19.643401
INJUSDT,BUY,LIMIT,1702109244834,3.6,19.675722
INJUSDT,BUY,LIMIT,1702109295313,61.8,19.701113
INJUSDT,BUY,LIMIT,1702109359571,0.5,19.702320
INJUSDT,BUY,LIMIT,1702109416423,0.9,19.658460
INJUSDT,BUY,LIMIT,1702109512846,13.0,19.442778
INJUSDT,SELL,LIMIT,1702109533317,67.2,18.860101
INJUSDT,BUY,LIMIT,1702109720549,1.5,19.553709
INJUSDT,BUY,LIMIT,1702109721993,15.4,19.625858
INJUSDT,BUY,LIMIT,1702109775353,2.6,19.677058
INJUSDT,BUY,LIMIT,1702109779545,3.3,19.667034
INJUSDT,BUY,LIMIT,1702109886347,528.4,19.742362
INJUSDT,SELL,LIMIT,1702109987055,3.4,18.981498
INJUSDT,BUY,LIMIT,1702109988260,101.2,19.655400
INJUSDT,BUY,LIMIT,1702110217397,0.3,19.675270
INJUSDT,BUY,LIMIT,1702110258259,8.1,19.599371
INJUSDT,BUY,LIMIT,1702110269147,6.7,19.665600
INJUSDT,SELL,LIMIT,1702110771165,8.9,18.897162
INJUSDT,SELL,LIMIT,1702110973478,1.1,18.544452
INJUSDT,SELL,LIMIT,1702110975608,27.5,18.534741
INJUSDT,SELL,LIMIT,1702110977141,25.9,18.514984
INJUSDT,SELL,LIMIT,1702110978378,76.4,18.530131
INJUSDT,SELL,LIMIT,1702110984773,9.2,18.509409
INJUSDT,SELL,LIMIT,1702110990262,6.5,18.500275
INJUSDT,SELL,LIMIT,1702110991385,41.7,18.499349
INJUSDT,SELL,LIMIT,1702110992517,25.9,18.485208
INJUSDT,SELL,LIMIT,1702111029296,4.1,18.466486
INJUSDT,SELL,LIMIT,1702111036122,43.5,18.428261
INJUSDT,SELL,LIMIT,1702111037356,5.0,18.425244
INJUSDT,SELL,LIMIT,1702111038509,8.9,18.419829
INJUSDT,SELL,LIMIT,1702111039573,42.7,18.399535
INJUSDT,SELL,LIMIT,1702111041152,113.3,18.335871
INJUSDT,SELL,LIMIT,1702111042172,33.6,18.363834
INJUSDT,SELL,LIMIT,1702111043354,16.5,18.333117
INJUSDT,SELL,LIMIT,1702111044738,42.6,18.327397
INJUSDT,SELL,LIMIT,1702111046299,102.2,18.313291
INJUSDT,SELL,LIMIT,1702111047319,2.7,18.326936
INJUSDT,SELL,LIMIT,1702111200135,93.1,18.411241
INJUSDT,SELL,LIMIT,1702111378421,140.4,18.371301
INJUSDT,SELL,LIMIT,1702111381241,87.0,18.333465
INJUSDT,SELL,LIMIT,1702111385197,362.3,18.304255
INJUSDT,SELL,LIMIT,1702111387791,10.5,18.313041
INJUSDT,SELL,LIMIT,1702111388977,49.1,18.357543
INJUSDT,SELL,LIMIT,1702111390480,54.8,18.285879
INJUSDT,SELL,LIMIT,1702111392477,14.7,18.299644
INJUSDT,BUY,LIMIT,1702113667306,0.5,19.483691
INJUSDT,BUY,LIMIT,1702118597690,2.8,19.661578
INJUSDT,BUY,LIMIT,1702118616189,123.7,19.704392
INJUSDT,BUY,LIMIT,1702118625690,137.4,19.713270
INJUSDT,BUY,LIMIT,1702118809293,12.6,19.739949
INJUSDT,BUY,LIMIT,1702120219210,25.2,19.780465
INJUSDT,BUY,LIMIT,1702120270754,5.3,19.801966
INJUSDT,BUY,LIMIT,1702120350247,0.6,19.825863
INJUSDT,BUY,LIMIT,1702120917064,2.0,19.835234
INJUSDT,BUY,LIMIT,1702121571184,39.5,19.900008
INJUSDT,BUY,LIMIT,1702121855391,10.1,19.953994
INJUSDT,SELL,LIMIT,1702128668408,53.2,18.809228
INJUSDT,SELL,LIMIT,1702128672178,1.9,18.797592
INJUSDT,SELL,LIMIT,1702132893218,0.3,18.746648
INJUSDT,SELL,LIMIT,1702132940093,78.2,18.704697
INJUSDT,SELL,LIMIT,1702132941270,117.3,18.699059
INJUSDT,SELL,LIMIT,1702132959689,51.0,18.682079
INJUSDT,SELL,LIMIT,1702132970319,40.5,18.670063
INJUSDT,SELL,LIMIT,1702132994473,1.1,18.660361
INJUSDT,SELL,LIMIT,1702132996858,1.7,18.644134
INJUSDT,SELL,LIMIT,1702133001069,29.4,18.704761
INJUSDT,SELL,LIMIT,1702133002217,13.7,18.637378
INJUSDT,SELL,LIMIT,1702133003545,25.7,18.619239
INJUSDT,SELL,LIMIT,1702133005781,10.3,18.601955
INJUSDT,SELL,LIMIT,1702133007043,30.4,18.594627
INJUSDT,SELL,LIMIT,1702133008794,9.8,18.575858
INJUSDT,SELL,LIMIT,1702134501225,5.0,18.822415
INJUSDT,SELL,LIMIT,1702134507992,6.4,18.781825
INJUSDT,BUY,LIMIT,1702136036064,22.5,19.719660
INJUSDT,BUY,LIMIT,1702136993413,39.0,20.003606
INJUSDT,BUY,LIMIT,1702137154772,4.1,20.022915
INJUSDT,BUY,LIMIT,1702137166066,3.1,20.033905
INJUSDT,BUY,LIMIT,1702137210132,20.0,20.069179
INJUSDT,BUY,LIMIT,1702137211296,18.2,20.066282
INJUSDT,BUY,LIMIT,1702137212535,106.0,20.073705
INJUSDT,BUY,LIMIT,1702137228042,0.6,20.087737
INJUSDT,BUY,LIMIT,1702137254258,10.3,20.101851
INJUSDT,BUY,LIMIT,1702137257717,22.3,20.105345
INJUSDT,BUY,LIMIT,1702137290918,26.1,20.150548
INJUSDT,BUY,LIMIT,1702137296846,24.9,20.166034
INJUSDT,BUY,LIMIT,1702137298576,0.3,20.165052
INJUSDT,BUY,LIMIT,1702137317617,13.9,20.177687
INJUSDT,BUY,LIMIT,1702137319409,259.9,20.195948
INJUSDT,BUY,LIMIT,1702137324635,1.3,20.208606
INJUSDT,BUY,LIMIT,1702137346197,2.6,20.221247
INJUSDT,BUY,LIMIT,1702137347343,51.3,20.223654
INJUSDT,BUY,LIMIT,1702137355581,71.8,20.229646
INJUSDT,SELL,LIMIT,1702138954080,0.1,19.122181
INJUSDT,SELL,LIMIT,1702138978253,2.1,19.602111
INJUSDT,SELL,LIMIT,1702139269948,0.1,18.973553
INJUSDT,SELL,LIMIT,1702139275072,6.9,18.966355
INJUSDT,SELL,LIMIT,1702139279386,0.6,18.940829
INJUSDT,SELL,LIMIT,1702139290247,19.5,18.925544
INJUSDT,SELL,LIMIT,1702139292623,4.2,18.915941
INJUSDT,SELL,LIMIT,1702141092125,10.6,18.872516
INJUSDT,SELL,LIMIT,1702141284957,11.5,18.853241
INJUSDT,SELL,LIMIT,1702141384950,8.7,18.834032
INJUSDT,SELL,LIMIT,1702141423949,10.4,18.807943
INJUSDT,SELL,LIMIT,1702141540071,22.4,18.775112
INJUSDT,SELL,LIMIT,1702141551286,18.9,18.772881
INJUSDT,SELL,LIMIT,1702141558264,5.9,18.762163
INJUSDT,SELL,LIMIT,1702141564518,0.3,18.748381
INJUSDT,SELL,LIMIT,1702141608165,323.6,18.727947
INJUSDT,SELL,LIMIT,1702141662062,123.9,18.665235
INJUSDT,SELL,LIMIT,1702141694477,154.4,18.650925
INJUSDT,SELL,LIMIT,1702141746324,1.5,18.644721
INJUSDT,SELL,LIMIT,1702141757921,50.8,18.634639
INJUSDT,SELL,LIMIT,1702141849292,0.3,18.630781
INJUSDT,SELL,LIMIT,1702141850933,1.0,18.719335
INJUSDT,SELL,LIMIT,1702141852017,0.3,18.644984
INJUSDT,SELL,LIMIT,1702142067416,1.0,18.742994
INJUSDT,SELL,LIMIT,1702142075391,19.5,18.596638
INJUSDT,SELL,LIMIT,1702144708473,1.3,18.756993
INJUSDT,SELL,LIMIT,1702153018498,55.1,18.583790
INJUSDT,SELL,LIMIT,1702153020541,9.0,18.566749
INJUSDT,SELL,LIMIT,1702153031101,10.7,18.559625
INJUSDT,SELL,LIMIT,1702153032692,6.1,18.522693
INJUSDT,SELL,LIMIT,1702153100615,2.6,18.512219
INJUSDT,SELL,LIMIT,1702153707090,206.9,18.610580
INJUSDT,SELL,LIMIT,1702153884842,31.3,18.519061
INJUSDT,SELL,LIMIT,1702154064905,5.6,18.498976
INJUSDT,SELL,LIMIT,1702155260833,19.9,18.496687
INJUSDT,SELL,LIMIT,1702156347368,6.3,18.492246
INJUSDT,SELL,LIMIT,1702156350126,103.7,18.485440
INJUSDT,SELL,LIMIT,1702156356498,18.1,18.478383
INJUSDT,SELL,LIMIT,1702156358295,1.2,18.474039
INJUSDT,SELL,LIMIT,1702156359358,4.1,18.467756
INJUSDT,SELL,LIMIT,1702156360545,2.6,18.446435
INJUSDT,SELL,LIMIT,1702156361823,62.4,18.433995
INJUSDT,SELL,LIMIT,1702156365055,7.4,18.410872
INJUSDT,SELL,LIMIT,1702156370342,48.9,18.399736
INJUSDT,SELL,LIMIT,1702164088057,1.0,18.388504
INJUSDT,SELL,LIMIT,1702164142318,0.5,18.376545
INJUSDT,SELL,LIMIT,1702164143708,11.4,18.367366
INJUSDT,SELL,LIMIT,1702164214022,4.0,18.352245
INJUSDT,SELL,LIMIT,1702164247798,10.0,18.349521
INJUSDT,SELL,LIMIT,1702164295068,7.9,18.343483
INJUSDT,SELL,LIMIT,1702164297217,41.4,18.327223
INJUSDT,SELL,LIMIT,1702164298466,157.7,18.281235
INJUSDT,SELL,LIMIT,1702164300204,358.3,18.246650
INJUSDT,SELL,LIMIT,1702164472390,20.7,18.259749
INJUSDT,SELL,LIMIT,1702164532396,0.5,18.256066
INJUSDT,SELL,LIMIT,1702164534227,3.5,18.251373
INJUSDT,SELL,LIMIT,1702164536311,26.1,18.237295
INJUSDT,SELL,LIMIT,1702164538365,26.2,18.234695
INJUSDT,SELL,LIMIT,1702164540104,405.4,18.186575
INJUSDT,SELL,LIMIT,1702164541113,38.5,18.199918
INJUSDT,SELL,LIMIT,1702164543224,22.5,18.174718
INJUSDT,SELL,LIMIT,1702164545099,50.8,18.169391
INJUSDT,BUY,LIMIT,1702164554007,0.6,18.936129
INJUSDT,SELL,LIMIT,1702164569438,34.6,18.208818
INJUSDT,SELL,LIMIT,1702164579505,22.8,18.215315
INJUSDT,SELL,LIMIT,1702164745208,10.3,18.169579
INJUSDT,SELL,LIMIT,1702164746669,130.5,18.167825
INJUSDT,SELL,LIMIT,1702164748396,16.6,18.158303
INJUSDT,SELL,LIMIT,1702164750145,594.2,18.102955
INJUSDT,SELL,LIMIT,1702164752165,0.6,18.095938
INJUSDT,SELL,LIMIT,1702164753290,3.2,18.114822
INJUSDT,SELL,LIMIT,1702164754468,1.4,18.089685
INJUSDT,SELL,LIMIT,1702164756080,0.3,18.075841
INJUSDT,SELL,LIMIT,1702164782447,10.2,18.124012
INJUSDT,SELL,LIMIT,1702164798447,0.8,18.069584
INJUSDT,SELL,LIMIT,1702164800590,31.4,18.052801
INJUSDT,SELL,LIMIT,1702164801699,1.6,18.040641
INJUSDT,SELL,LIMIT,1702164803502,3.0,18.036282
INJUSDT,SELL,LIMIT,1702164805318,23.3,18.004914
INJUSDT,SELL,LIMIT,1702164806382,15.0,18.010645
INJUSDT,SELL,LIMIT,1702164808076,4.1,18.007648
INJUSDT,SELL,LIMIT,1702164809524,7.6,17.999632
INJUSDT,SELL,LIMIT,1702164810802,50.0,18.001903
INJUSDT,SELL,LIMIT,1702164813391,2.5,18.645917
INJUSDT,SELL,LIMIT,1702164849382,3.8,18.079197
INJUSDT,SELL,LIMIT,1702164866287,3.0,18.040255
INJUSDT,BUY,LIMIT,1702175380957,12.3,19.424057
INJUSDT,BUY,LIMIT,1702182825787,20.0,19.544978
INJUSDT,SELL,LIMIT,1702192738378,21.0,18.522629
INJUSDT,SELL,LIMIT,1702192871486,69.8,18.400481
INJUSDT,SELL,LIMIT,1702192876507,1.4,18.391714
INJUSDT,SELL,LIMIT,1702193714248,0.3,18.375322
INJUSDT,SELL,LIMIT,1702193758587,1.0,18.364642
INJUSDT,SELL,LIMIT,1702197092104,67.4,18.271797
INJUSDT,SELL,LIMIT,1702200358383,1.8,18.438755
INJUSDT,SELL,LIMIT,1702200727429,5.2,18.372406
INJUSDT,SELL,LIMIT,1702202046434,16.3,18.380052
INJUSDT,SELL,LIMIT,1702202053928,80.7,18.359328
INJUSDT,SELL,LIMIT,1702202170748,206.7,18.274654
INJUSDT,SELL,LIMIT,1702202196959,9.1,18.268335
INJUSDT,SELL,LIMIT,1702202263998,7.9,18.234266
INJUSDT,SELL,LIMIT,1702202267739,2.6,18.229097
INJUSDT,SELL,LIMIT,1702202272710,5.2,18.223804
INJUSDT,SELL,LIMIT,1702202289401,2.4,18.213595
INJUSDT,SELL,LIMIT,1702202324322,51.6,18.176061
INJUSDT,SELL,LIMIT,1702202325353,4.9,18.172706
INJUSDT,SELL,LIMIT,1702202363916,108.5,18.168044
INJUSDT,SELL,LIMIT,1702202365427,5.2,18.167745
INJUSDT,SELL,LIMIT,1702202374081,0.8,18.158926
INJUSDT,SELL,LIMIT,1702202380290,15.9,18.203282
INJUSDT,SELL,LIMIT,1702202381704,66.8,18.158038
INJUSDT,SELL,LIMIT,1702202384156,1.2,18.151226
INJUSDT,SELL,LIMIT,1702202390501,1.1,18.149156
INJUSDT,BUY,LIMIT,1702211163909,1.0,19.159804
INJUSDT,BUY,LIMIT,1702222265408,32.0,19.528838
INJUSDT,BUY,LIMIT,1702222717943,4.5,19.558064
INJUSDT,BUY,LIMIT,1702222738322,37.5,19.601663
INJUSDT,BUY,LIMIT,1702222763416,8.3,19.636721
INJUSDT,BUY,LIMIT,1702222974263,460.0,19.706051
INJUSDT,BUY,LIMIT,1702223038308,8.7,19.673066
INJUSDT,BUY,LIMIT,1702223835512,5.3,19.703728
INJUSDT,BUY,LIMIT,1702224084201,0.5,19.731359
INJUSDT,BUY,LIMIT,1702224085618,9.7,19.755213
INJUSDT,BUY,LIMIT,1702224095546,0.7,19.765274
INJUSDT,BUY,LIMIT,1702224099212,1.5,19.781768
INJUSDT,BUY,LIMIT,1702224152340,19.4,19.784599
INJUSDT,BUY,LIMIT,1702226676234,15.7,19.863010
INJUSDT,BUY,LIMIT,1702227349441,10.9,19.906081
INJUSDT,BUY,LIMIT,1702227374467,0.6,19.931776
INJUSDT,BUY,LIMIT,1702227845141,13.4,19.976100
INJUSDT,BUY,LIMIT,1702229642137,0.3,20.007189
INJUSDT,BUY,LIMIT,1702229927385,67.4,20.072136
INJUSDT,BUY,LIMIT,1702230057592,13.2,20.100207
INJUSDT,SELL,LIMIT,1702230255974,0.9,19.267380
INJUSDT,BUY,LIMIT,1702230848222,50.0,20.130287
INJUSDT,BUY,LIMIT,1702230883116,25.9,20.141981
INJUSDT,BUY,LIMIT,1702231028757,5.2,20.163141
INJUSDT,BUY,LIMIT,1702231033951,0.9,20.176279
INJUSDT,BUY,LIMIT,1702232023030,72.5,20.107760
INJUSDT,BUY,LIMIT,1702232731331,36.3,20.138894
INJUSDT,BUY,LIMIT,1702233206402,1.1,20.185523
INJUSDT,BUY,LIMIT,1702234088311,255.5,20.268916
INJUSDT,BUY,LIMIT,1702234117711,1.3,20.302405
INJUSDT,BUY,LIMIT,1702234119834,31.0,20.310861
INJUSDT,BUY,LIMIT,1702234159230,7.4,20.345223
INJUSDT,BUY,LIMIT,1702234183238,9.2,20.374800
INJUSDT,BUY,LIMIT,1702234184634,3.2,20.376042
INJUSDT,BUY,LIMIT,1702234404821,156.3,20.392604
INJUSDT,BUY,LIMIT,1702234418064,30.5,20.395621
INJUSDT,BUY,LIMIT,1702234521499,47.6,20.401170
INJUSDT,BUY,LIMIT,1702234907086,0.3,20.418610
INJUSDT,BUY,LIMIT,1702234910215,50.0,20.419726
INJUSDT,BUY,LIMIT,1702234912062,20.2,20.430086
INJUSDT,BUY,LIMIT,1702234917361,20.2,20.441923
INJUSDT,BUY,LIMIT,1702234921326,69.0,20.451566
INJUSDT,BUY,LIMIT,1702234963878,25.4,20.470055
INJUSDT,BUY,LIMIT,1702234981307,1.0,20.473976
INJUSDT,BUY,LIMIT,1702235022301,15.5,20.482135
INJUSDT,BUY,LIMIT,1702235038519,93.0,20.488293
INJUSDT,BUY,LIMIT,1702235041540,66.0,20.496023
INJUSDT,BUY,LIMIT,1702235110100,34.4,20.508198
INJUSDT,BUY,LIMIT,1702235269427,30.9,20.513956
INJUSDT,BUY,LIMIT,1702235270434,20.6,20.518585
INJUSDT,BUY,LIMIT,1702235275743,291.5,20.541515
INJUSDT,BUY,LIMIT,1702235278743,15.3,20.530409
INJUSDT,BUY,LIMIT,1702235280625,5.7,20.533576
INJUSDT,BUY,LIMIT,1702235292018,56.5,20.536945
INJUSDT,BUY,LIMIT,1702235297401,18.4,20.552530
INJUSDT,BUY,LIMIT,1702235306981,17.8,20.561921
INJUSDT,BUY,LIMIT,1702235309200,55.1,20.563700
INJUSDT,BUY,LIMIT,1702235310789,5.4,20.569033
INJUSDT,BUY,LIMIT,1702235312196,2.1,20.581744
INJUSDT,BUY,LIMIT,1702235313374,18.9,20.578899
INJUSDT,BUY,LIMIT,1702235319636,8.4,20.589738
INJUSDT,BUY,LIMIT,1702235333195,8.9,20.599845
INJUSDT,BUY,LIMIT,1702235334203,2.6,20.600564
INJUSDT,BUY,LIMIT,1702235390915,39.8,20.606259
INJUSDT,BUY,LIMIT,1702235397618,20.5,20.608111
INJUSDT,BUY,LIMIT,1702235399341,71.3,20.608693
INJUSDT,BUY,LIMIT,1702235785410,80.0,20.611278
INJUSDT,BUY,LIMIT,1702235788435,51.7,20.614008
INJUSDT,BUY,LIMIT,1702235818133,75.6,20.622093
INJUSDT,BUY,LIMIT,1702235819402,50.0,20.623198
INJUSDT,BUY,LIMIT,1702235821241,25.9,20.625415
INJUSDT,BUY,LIMIT,1702235858837,9.3,20.629623
INJUSDT,BUY,LIMIT,1702235860495,97.5,20.630724
INJUSDT,BUY,LIMIT,1702235922316,0.6,20.637717
INJUSDT,BUY,LIMIT,1702235955484,8.1,20.651151
INJUSDT,BUY,LIMIT,1702235965390,26.1,20.654550
INJUSDT,BUY,LIMIT,1702236080720,76.2,20.663800
INJUSDT,BUY,LIMIT,1702236084561,108.9,20.666173
INJUSDT,BUY,LIMIT,1702236106229,32.0,20.680019
INJUSDT,BUY,LIMIT,1702236125296,2.1,20.681447
INJUSDT,BUY,LIMIT,1702236126312,101.7,20.688074
INJUSDT,BUY,LIMIT,1702236150394,2.5,20.703806
INJUSDT,BUY,LIMIT,1702236152755,57.2,20.701598
INJUSDT,BUY,LIMIT,1702236157860,0.4,20.707617
INJUSDT,BUY,LIMIT,1702236164469,20.0,20.714338
INJUSDT,SELL,LIMIT,1702237411314,246.3,19.492061
INJUSDT,SELL,LIMIT,1702237506739,5.7,19.424970
INJUSDT,SELL,LIMIT,1702237508968,37.9,19.393005
INJUSDT,BUY,LIMIT,1702238581898,1.5,20.476171
INJUSDT,BUY,LIMIT,1702238854835,9.8,20.635114
INJUSDT,BUY,LIMIT,1702238982289,10.4,20.541780
INJUSDT,BUY,LIMIT,1702239104791,0.2,20.641500
INJUSDT,BUY,LIMIT,1702239115360,26.9,20.648501
INJUSDT,BUY,LIMIT,1702239157935,253.6,20.686785
INJUSDT,BUY,LIMIT,1702239159710,254.8,20.689440
INJUSDT,BUY,LIMIT,1702239339714,14.2,20.712837
INJUSDT,BUY,LIMIT,1702239849291,10.1,20.717129
INJUSDT,BUY,LIMIT,1702239850964,46.5,20.726542
INJUSDT,BUY,LIMIT,1702239869454,13.9,20.671041
INJUSDT,BUY,LIMIT,1702239925184,0.6,20.772392
INJUSDT,BUY,LIMIT,1702239926392,3.3,20.799939
INJUSDT,BUY,LIMIT,1702239927414,27.8,20.797922
INJUSDT,BUY,LIMIT,1702239982432,2.8,20.827623
INJUSDT,BUY,LIMIT,1702239988136,42.3,20.837571
INJUSDT,BUY,LIMIT,1702239990267,3.7,20.857763
INJUSDT,BUY,LIMIT,1702240084122,19.9,20.864340
INJUSDT,BUY,LIMIT,1702240085398,62.9,20.865478
INJUSDT,BUY,LIMIT,1702240088139,5.9,20.870847
INJUSDT,BUY,LIMIT,1702240335214,1.1,20.724934
INJUSDT,BUY,LIMIT,1702240613460,1.0,20.800801
INJUSDT,BUY,LIMIT,1702240757970,6.2,20.821474
INJUSDT,BUY,LIMIT,1702240764154,5.0,20.845303
INJUSDT,BUY,LIMIT,1702240896382,5.4,20.891889
INJUSDT,BUY,LIMIT,1702240938116,72.7,20.897892
INJUSDT,BUY,LIMIT,1702241062899,5.5,20.856497
INJUSDT,BUY,LIMIT,1702241074520,0.3,20.860546
INJUSDT,BUY,LIMIT,1702241098380,28.1,20.913554
INJUSDT,BUY,LIMIT,1702241117786,68.0,20.905215
INJUSDT,BUY,LIMIT,1702241136463,11.9,20.915870
INJUSDT,BUY,LIMIT,1702241140320,0.3,20.918982
INJUSDT,BUY,LIMIT,1702241175135,32.5,20.935367
INJUSDT,BUY,LIMIT,1702241179248,0.3,20.936332
INJUSDT,BUY,LIMIT,1702241182471,0.3,20.941583
INJUSDT,BUY,LIMIT,1702241204181,25.6,20.956901
INJUSDT,BUY,LIMIT,1702241220357,10.0,20.973944
INJUSDT,BUY,LIMIT,1702241221383,117.7,20.996361
INJUSDT,BUY,LIMIT,1702241228765,7.5,20.990127
INJUSDT,BUY,LIMIT,1702241293537,6.1,21.018400
INJUSDT,BUY,LIMIT,1702241295055,65.8,21.022995
INJUSDT,BUY,LIMIT,1702241300326,10.0,21.053068
INJUSDT,BUY,LIMIT,1702241301386,5.3,21.059130
INJUSDT,BUY,LIMIT,1702241302644,17.0,21.059418
INJUSDT,BUY,LIMIT,1702241304653,50.0,21.066665
INJUSDT,BUY,LIMIT,1702241306438,48.9,21.078716
INJUSDT,BUY,LIMIT,1702241308710,25.0,21.083662
INJUSDT,BUY,LIMIT,1702241312277,39.1,21.093419
INJUSDT,BUY,LIMIT,1702241314628,1.0,21.094858
INJUSDT,BUY,LIMIT,1702241318372,48.4,21.113509
INJUSDT,BUY,LIMIT,1702241319428,2.4,21.115750
INJUSDT,BUY,LIMIT,1702241321984,8.4,21.135311
INJUSDT,BUY,LIMIT,1702241323221,100.0,21.180356
INJUSDT,BUY,LIMIT,1702241324274,2.6,21.160656
INJUSDT,BUY,LIMIT,1702241326203,9.3,21.181436
INJUSDT,BUY,LIMIT,1702241328326,3.1,21.192481
INJUSDT,BUY,LIMIT,1702241329454,56.9,21.194103
INJUSDT,BUY,LIMIT,1702241332080,16.3,21.207566
INJUSDT,BUY,LIMIT,1702241333325,44.5,21.201020
INJUSDT,BUY,LIMIT,1702241340362,46.5,21.211920
INJUSDT,BUY,LIMIT,1702241341581,94.2,21.220500
INJUSDT,BUY,LIMIT,1702241343335,90.0,21.224440
INJUSDT,BUY,LIMIT,1702241346032,6.3,21.233977
INJUSDT,BUY,LIMIT,1702241347692,1.0,21.235252
INJUSDT,BUY,LIMIT,1702241411598,17.7,21.241160
INJUSDT,BUY,LIMIT,1702241646727,3.0,21.219060
INJUSDT,BUY,LIMIT,1702241659223,20.1,21.244802
INJUSDT,BUY,LIMIT,1702241660519,3.9,21.246580
INJUSDT,BUY,LIMIT,1702241668073,2.4,21.252549
INJUSDT,BUY,LIMIT,1702241765647,15.0,21.268682
INJUSDT,BUY,LIMIT,1702241768014,59.0,21.275806
INJUSDT,BUY,LIMIT,1702241769654,64.8,21.278769
INJUSDT,BUY,LIMIT,1702241884669,118.7,21.280053
INJUSDT,BUY,LIMIT,1702241893256,4.7,21.285247
INJUSDT,BUY,LIMIT,1702241894271,10.0,21.303602
INJUSDT,BUY,LIMIT,1702241899896,3.1,21.316324
INJUSDT,BUY,LIMIT,1702241903971,0.9,21.326895
INJUSDT,BUY,LIMIT,1702241906205,66.9,21.334053
INJUSDT,BUY,LIMIT,1702242010153,66.8,21.395258
INJUSDT,BUY,LIMIT,1702242013234,3.3,21.416062
INJUSDT,BUY,LIMIT,1702242015337,8.0,21.435177
INJUSDT,BUY,LIMIT,1702242017896,0.6,21.437980
INJUSDT,BUY,LIMIT,1702242047318,11.7,21.447450
INJUSDT,SELL,LIMIT,1702243764383,12.9,20.097841
INJUSDT,BUY,LIMIT,1702244983000,1.6,21.127988
INJUSDT,BUY,LIMIT,1702249229903,3.9,21.380769
INJUSDT,BUY,LIMIT,1702249278828,20.7,21.408087
INJUSDT,BUY,LIMIT,1702251207975,5.0,21.364387
INJUSDT,BUY,LIMIT,1702251374844,87.8,21.465597
INJUSDT,BUY,LIMIT,1702251375885,1.7,21.480920
INJUSDT,BUY,LIMIT,1702251380343,167.2,21.504326
INJUSDT,BUY,LIMIT,1702251381893,21.6,21.506126
INJUSDT,BUY,LIMIT,1702251385229,32.0,21.527005
INJUSDT,BUY,LIMIT,1702251460951,16.6,21.545459
INJUSDT,BUY,LIMIT,1702251468198,0.4,21.554476
INJUSDT,BUY,LIMIT,1702251497516,119.0,21.575850
INJUSDT,BUY,LIMIT,1702251886421,6.6,21.592486
INJUSDT,BUY,LIMIT,1702251891251,2.4,21.611205
INJUSDT,BUY,LIMIT,1702251892288,507.2,21.674122
INJUSDT,BUY,LIMIT,1702251893554,230.7,21.668734
INJUSDT,BUY,LIMIT,1702251894577,1.3,21.677733
INJUSDT,BUY,LIMIT,1702252007354,14.7,21.687930
INJUSDT,BUY,LIMIT,1702252011195,9.8,21.709704
INJUSDT,BUY,LIMIT,1702252012198,239.4,21.743962
INJUSDT,BUY,LIMIT,1702252141510,204.3,21.774176
INJUSDT,BUY,LIMIT,1702252172105,0.3,21.785972
INJUSDT,BUY,LIMIT,1702252173141,79.1,21.803396
INJUSDT,BUY,LIMIT,1702252174858,2.5,21.813306
INJUSDT,BUY,LIMIT,1702252274027,24.5,21.819395
INJUSDT,BUY,LIMIT,1702252275317,7.5,21.822845
INJUSDT,SELL,LIMIT,1702255373718,34.4,20.515583
INJUSDT,SELL,LIMIT,1702255404562,39.3,20.512893
INJUSDT,SELL,LIMIT,1702255495517,80.3,20.496000
INJUSDT,SELL,LIMIT,1702255520422,4.2,20.466946
INJUSDT,SELL,LIMIT,1702255894029,14.5,20.470241
INJUSDT,SELL,LIMIT,1702256449175,236.2,20.394120
INJUSDT,SELL,LIMIT,1702256450453,512.6,20.315121
INJUSDT,SELL,LIMIT,1702256458154,3.8,20.378922
INJUSDT,SELL,LIMIT,1702256567228,1.1,20.398163
INJUSDT,SELL,LIMIT,1702256575182,5.0,20.381061
INJUSDT,SELL,LIMIT,1702256583097,12.5,20.365154
INJUSDT,SELL,LIMIT,1702256607426,21.1,20.340780
INJUSDT,SELL,LIMIT,1702256620302,4.8,20.297024
INJUSDT,SELL,LIMIT,1702256721386,93.6,20.329250
INJUSDT,SELL,LIMIT,1702256730011,75.3,20.330144
INJUSDT,SELL,LIMIT,1702256914392,29.2,20.488175
INJUSDT,SELL,LIMIT,1702256980040,11.0,20.267869
INJUSDT,SELL,LIMIT,1702257005339,31.0,20.257389
INJUSDT,SELL,LIMIT,1702257009370,4.8,20.242918
INJUSDT,SELL,LIMIT,1702258488402,0.3,21.483227
INJUSDT,BUY,LIMIT,1702259450050,16.8,21.712308
INJUSDT,BUY,LIMIT,1702259668243,9.1,21.729127
INJUSDT,SELL,LIMIT,1702260285095,9.0,20.590101
INJUSDT,SELL,LIMIT,1702260429316,10.2,20.468396
INJUSDT,SELL,LIMIT,1702260431053,12.2,20.452736
INJUSDT,SELL,LIMIT,1702260434749,14.5,25.951435
INJUSDT,SELL,LIMIT,1702260440403,131.2,20.473645
INJUSDT,SELL,LIMIT,1702260631404,7.8,21.972068
INJUSDT,SELL,LIMIT,1702260657147,11.8,20.373166
INJUSDT,SELL,LIMIT,1702260667378,37.1,20.368943
INJUSDT,SELL,LIMIT,1702260686335,30.0,20.351400
INJUSDT,SELL,LIMIT,1702260688314,100.2,20.315388
INJUSDT,SELL,LIMIT,1702260690382,1.1,20.510917
INJUSDT,SELL,LIMIT,1702260694414,50.0,20.348932
INJUSDT,SELL,LIMIT,1702260695837,12.4,20.403715
INJUSDT,SELL,LIMIT,1702260696902,119.8,20.289902
INJUSDT,SELL,LIMIT,1702260698637,3.6,20.267742
INJUSDT,SELL,LIMIT,1702260700814,0.1,21.646353
INJUSDT,SELL,LIMIT,1702260708140,18.3,20.217379
INJUSDT,SELL,LIMIT,1702260709223,0.4,20.245463
INJUSDT,SELL,LIMIT,1702260712235,12.0,20.209404
INJUSDT,SELL,LIMIT,1702260713495,511.3,20.132484
INJUSDT,SELL,LIMIT,1702260714647,199.7,20.163953
INJUSDT,SELL,LIMIT,1702260715706,17.4,20.159378
INJUSDT,SELL,LIMIT,1702260716946,1.3,20.138244
INJUSDT,SELL,LIMIT,1702260718584,18.9,20.082524
INJUSDT,SELL,LIMIT,1702260719609,0.9,20.093199
INJUSDT,SELL,LIMIT,1702260721632,2.8,20.032314
INJUSDT,BUY,LIMIT,1702260722878,5.1,20.806558
INJUSDT,SELL,LIMIT,1702260723897,0.8,19.986801
INJUSDT,SELL,LIMIT,1702260724919,0.5,20.724215
INJUSDT,SELL,LIMIT,1702260726362,0.9,21.515288
INJUSDT,SELL,LIMIT,1702260727465,23.5,19.922195
INJUSDT,SELL,LIMIT,1702260728894,9.3,19.933087
INJUSDT,SELL,LIMIT,1702260730092,72.1,19.852925
INJUSDT,SELL,LIMIT,1702260731146,181.8,19.848439
INJUSDT,SELL,LIMIT,1702260732560,47.4,19.912805
INJUSDT,SELL,LIMIT,1702260733722,13.2,19.798027
INJUSDT,SELL,LIMIT,1702260734755,0.3,19.798310
INJUSDT,SELL,LIMIT,1702260736405,8.3,19.784974
INJUSDT,SELL,LIMIT,1702260738551,5.1,19.803402
INJUSDT,SELL,LIMIT,1702260740394,9.1,19.785902
INJUSDT,SELL,LIMIT,1702260741717,2.7,19.777952
INJUSDT,SELL,LIMIT,1702260743354,0.4,19.756374
INJUSDT,SELL,LIMIT,1702260744672,11.5,19.730904
INJUSDT,SELL,LIMIT,1702260745664,51.9,19.739107
INJUSDT,SELL,LIMIT,1702260746949,5.1,19.819644
INJUSDT,BUY,LIMIT,1702260747952,6.1,20.353031
INJUSDT,SELL,LIMIT,1702260749506,17.0,19.693591
INJUSDT,SELL,LIMIT,1702260750546,1.7,19.681336
INJUSDT,BUY,LIMIT,1702260751580,2.1,20.362427
INJUSDT,SELL,LIMIT,1702260752616,31.3,19.653026
INJUSDT,SELL,LIMIT,1702260753909,14.8,19.767480
INJUSDT,SELL,LIMIT,1702260754948,1.9,19.616636
INJUSDT,BUY,LIMIT,1702260756491,99.9,20.383027
INJUSDT,SELL,LIMIT,1702260757596,142.3,19.579794
INJUSDT,SELL,LIMIT,1702260758672,12.0,19.811596
INJUSDT,SELL,LIMIT,1702260759979,3.3,19.584150
INJUSDT,SELL,LIMIT,1702260761376,16.6,19.567679
INJUSDT,SELL,LIMIT,1702260762597,0.3,19.561417
INJUSDT,SELL,LIMIT,1702260763731,50.3,19.715682
INJUSDT,SELL,LIMIT,1702260764755,0.3,19.562291
INJUSDT,SELL,LIMIT,1702260765773,100.0,19.617103
INJUSDT,SELL,LIMIT,1702260766947,0.3,26.754056
INJUSDT,SELL,LIMIT,1702260767989,10530.1,19.049517
INJUSDT,SELL,LIMIT,1702260769106,10.4,19.518831
INJUSDT,BUY,LIMIT,1702260770156,5.4,20.361153
INJUSDT,SELL,LIMIT,1702260771336,24.8,20.525846
INJUSDT,SELL,LIMIT,1702260772576,133.0,19.946495
INJUSDT,SELL,LIMIT,1702260773647,1.9,19.645685
INJUSDT,SELL,LIMIT,1702260774656,9.7,19.438494
INJUSDT,SELL,LIMIT,1702260775665,10.3,19.330013
INJUSDT,SELL,LIMIT,1702260776739,7.0,19.612016
INJUSDT,SELL,LIMIT,1702260777793,75.7,20.390983
INJUSDT,SELL,LIMIT,1702260778800,195.1,19.302372
INJUSDT,SELL,LIMIT,1702260779902,504.5,19.113047
INJUSDT,SELL,LIMIT,1702260780905,34.5,19.099829
INJUSDT,SELL,LIMIT,1702260782040,0.3,19.048114
INJUSDT,SELL,LIMIT,1702260783050,0.3,19.058977
INJUSDT,BUY,LIMIT,1702260784077,35.6,19.396791
INJUSDT,SELL,LIMIT,1702260785114,5.0,19.084828
INJUSDT,SELL,LIMIT,1702260786282,3.5,19.254908
INJUSDT,SELL,LIMIT,1702260787314,29.1,18.949422
INJUSDT,SELL,LIMIT,1702260788333,49.7,18.818256
INJUSDT,SELL,LIMIT,1702260789362,13.6,18.850312
INJUSDT,SELL,LIMIT,1702260790701,84.3,18.839711
INJUSDT,SELL,LIMIT,1702260791984,132.1,18.833657
INJUSDT,BUY,LIMIT,1702260793443,259.9,19.513138
INJUSDT,SELL,LIMIT,1702260794462,50.1,18.766597
INJUSDT,SELL,LIMIT,1702260795478,11.2,18.715109
INJUSDT,SELL,LIMIT,1702260796505,5.7,18.698489
INJUSDT,SELL,LIMIT,1702260797536,88.8,18.684726
INJUSDT,SELL,LIMIT,1702260798585,240.0,18.875530
INJUSDT,SELL,LIMIT,1702260799693,20.0,18.692346
INJUSDT,SELL,LIMIT,1702260800766,0.3,18.668554
INJUSDT,SELL,LIMIT,1702260801801,0.6,18.697975
INJUSDT,SELL,LIMIT,1702260802831,202.7,18.657247
INJUSDT,SELL,LIMIT,1702260803902,48.2,18.649356
INJUSDT,SELL,LIMIT,1702260805350,14.4,18.784637
INJUSDT,SELL,LIMIT,1702260806406,4.0,18.659799
INJUSDT,SELL,LIMIT,1702260807475,474.8,18.567203
INJUSDT,SELL,LIMIT,1702260808525,0.1,19.344145
INJUSDT,SELL,LIMIT,1702260810153,16.5,18.648964
INJUSDT,SELL,LIMIT,1702260811215,11.4,18.882919
INJUSDT,SELL,LIMIT,1702260812358,0.1,18.650871
INJUSDT,SELL,LIMIT,1702260813418,2.0,18.650862
INJUSDT,SELL,LIMIT,1702260814663,0.4,18.691538
INJUSDT,SELL,LIMIT,1702260815939,1167.5,18.563362
INJUSDT,SELL,LIMIT,1702260817095,18.1,18.593261
INJUSDT,SELL,LIMIT,1702260818138,0.5,18.587258
INJUSDT,SELL,LIMIT,1702260819364,17.6,18.805908
INJUSDT,SELL,LIMIT,1702260821259,5.1,18.555917
INJUSDT,SELL,LIMIT,1702260822809,1.9,18.553039
INJUSDT,SELL,LIMIT,1702260826191,14.0,18.531711
INJUSDT,SELL,LIMIT,1702260827340,9.1,18.547179
INJUSDT,SELL,LIMIT,1702260828401,11.6,18.523443
INJUSDT,SELL,LIMIT,1702260833760,143.5,18.500938
INJUSDT,BUY,LIMIT,1702260839213,5.6,19.681043
INJUSDT,BUY,LIMIT,1702260856006,103.7,19.893985
INJUSDT,BUY,LIMIT,1702260868116,1.2,20.034014
INJUSDT,BUY,LIMIT,1702260876726,0.3,20.167033
INJUSDT,BUY,LIMIT,1702260885410,10.5,20.172749
INJUSDT,BUY,LIMIT,1702260944510,4.8,20.527930
INJUSDT,BUY,LIMIT,1702261175354,49.0,20.618916
INJUSDT,BUY,LIMIT,1702261185279,21.1,20.745574
INJUSDT,BUY,LIMIT,1702261194714,1202.3,20.927959
INJUSDT,BUY,LIMIT,1702261198610,5.0,20.956416
INJUSDT,BUY,LIMIT,1702261955593,14.9,21.053370
INJUSDT,BUY,LIMIT,1702262000592,13.7,21.160562
INJUSDT,BUY,LIMIT,1702262026156,3.4,21.258725
INJUSDT,BUY,LIMIT,1702262027543,109.8,21.264154
INJUSDT,BUY,LIMIT,1702262028850,39.0,21.296272
INJUSDT,BUY,LIMIT,1702262030563,84.4,21.334458
INJUSDT,BUY,LIMIT,1702262041747,104.6,21.336980
INJUSDT,SELL,LIMIT,1702262619018,8.2,20.076704
INJUSDT,SELL,LIMIT,1702262627309,5.9,19.972369
INJUSDT,BUY,LIMIT,1702262988045,5.3,20.759040
INJUSDT,BUY,LIMIT,1702263094762,15.0,21.110905
INJUSDT,BUY,LIMIT,1702263103581,29.8,21.159490
INJUSDT,BUY,LIMIT,1702263115821,5.4,21.179686
INJUSDT,BUY,LIMIT,1702263147398,39.1,21.277759
INJUSDT,BUY,LIMIT,1702263150190,0.4,21.404552
INJUSDT,BUY,LIMIT,1702263152563,1.3,21.453053
INJUSDT,BUY,LIMIT,1702263155690,6.6,21.486465
INJUSDT,BUY,LIMIT,1702263158612,0.9,21.523860
INJUSDT,BUY,LIMIT,1702263161626,7.0,21.527489
INJUSDT,BUY,LIMIT,1702263162637,0.9,21.554070
INJUSDT,BUY,LIMIT,1702263164229,48.9,21.578924
INJUSDT,BUY,LIMIT,1702263181018,59.5,21.606075
INJUSDT,BUY,LIMIT,1702263183416,251.5,21.633965
INJUSDT,BUY,LIMIT,1702263189104,9.3,21.653632
INJUSDT,BUY,LIMIT,1702263190163,62.8,21.654435
INJUSDT,BUY,LIMIT,1702263191242,0.7,21.684763
INJUSDT,BUY,LIMIT,1702263201602,0.3,21.691332
INJUSDT,BUY,LIMIT,1702263203297,195.1,21.703565
INJUSDT,BUY,LIMIT,1702263204618,2.0,21.706864
INJUSDT,BUY,LIMIT,1702263205771,79.5,21.709864
INJUSDT,BUY,LIMIT,1702263214081,0.3,21.794500
INJUSDT,BUY,LIMIT,1702263217243,54.6,21.830343
INJUSDT,BUY,LIMIT,1702263219180,40.6,21.843376
INJUSDT,BUY,LIMIT,1702263221383,0.5,21.853673
INJUSDT,BUY,LIMIT,1702263222480,51.3,21.889794
INJUSDT,BUY,LIMIT,1702263223509,48.0,21.905308
INJUSDT,BUY,LIMIT,1702263224669,337.4,21.987871
INJUSDT,BUY,LIMIT,1702263226212,24.6,22.003415
INJUSDT,BUY,LIMIT,1702263227437,3.3,21.977534
INJUSDT,BUY,LIMIT,1702263228570,100.0,22.014106
INJUSDT,BUY,LIMIT,1702263229630,136.2,22.017681
INJUSDT,BUY,LIMIT,1702263230678,48.4,22.095750
INJUSDT,BUY,LIMIT,1702263232396,1.0,22.116771
INJUSDT,BUY,LIMIT,1702263233470,91.0,22.122318
INJUSDT,BUY,LIMIT,1702263282321,5.0,22.137800
INJUSDT,BUY,LIMIT,1702263288017,4.4,22.143617
INJUSDT,BUY,LIMIT,1702263289156,85.1,22.162298
INJUSDT,BUY,LIMIT,1702263300094,9.8,22.184946
INJUSDT,BUY,LIMIT,1702263301205,7.3,22.185551
INJUSDT,BUY,LIMIT,1702263304932,100.8,22.196827
INJUSDT,BUY,LIMIT,1702263306010,2.6,22.205701
INJUSDT,BUY,LIMIT,1702263307235,246.7,22.228972
INJUSDT,BUY,LIMIT,1702263316223,19.7,22.241699
INJUSDT,BUY,LIMIT,1702263317655,66.2,22.249536
INJUSDT,BUY,LIMIT,1702263318969,350.0,22.302705
INJUSDT,BUY,LIMIT,1702263320113,2.0,22.313454
INJUSDT,BUY,LIMIT,1702263321552,1.0,22.333951
INJUSDT,BUY,LIMIT,1702263337584,9.6,22.346916
INJUSDT,BUY,LIMIT,1702263339083,0.3,22.366161
INJUSDT,BUY,LIMIT,1702263340212,2.4,22.373725
INJUSDT,BUY,LIMIT,1702263341444,44.7,22.392491
INJUSDT,BUY,LIMIT,1702263347420,0.4,22.380840
INJUSDT,BUY,LIMIT,1702263591530,19.4,22.413230
INJUSDT,BUY,LIMIT,1702263592540,14.6,22.393093
INJUSDT,BUY,LIMIT,1702263636153,32.0,22.429854
INJUSDT,BUY,LIMIT,1702263637336,19.2,22.418780
INJUSDT,BUY,LIMIT,1702263639440,2.1,22.479528
INJUSDT,BUY,LIMIT,1702263641143,1.8,22.493280
INJUSDT,BUY,LIMIT,1702263642253,1.0,22.501392
INJUSDT,BUY,LIMIT,1702263643261,5.2,22.604633
INJUSDT,BUY,LIMIT,1702263644321,21.5,22.620449
INJUSDT,BUY,LIMIT,1702263668333,48.9,22.650154
INJUSDT,BUY,LIMIT,1702263670092,36.1,22.673818
INJUSDT,BUY,LIMIT,1702263671275,72.6,22.703171
INJUSDT,BUY,LIMIT,1702263673437,118.4,22.728954
INJUSDT,BUY,LIMIT,1702263683909,24.2,22.721339
INJUSDT,BUY,LIMIT,1702263685279,98.8,22.727734
INJUSDT,BUY,LIMIT,1702263928476,66.6,22.747424
INJUSDT,BUY,LIMIT,1702263930211,6.0,22.780195
INJUSDT,BUY,LIMIT,1702263931220,21.6,22.779948
INJUSDT,BUY,LIMIT,1702263934171,3.0,22.811215
INJUSDT,BUY,LIMIT,1702263935290,80.1,22.837938
INJUSDT,BUY,LIMIT,1702263936419,19.6,22.864738
INJUSDT,BUY,LIMIT,1702263938148,0.5,22.896165
INJUSDT,BUY,LIMIT,1702263939179,2.8,22.897649
INJUSDT,BUY,LIMIT,1702263943223,0.5,22.929662
INJUSDT,BUY,LIMIT,1702263949325,11.8,22.950308
INJUSDT,BUY,LIMIT,1702263952393,116.2,22.960385
INJUSDT,BUY,LIMIT,1702263955152,16.9,22.978898
INJUSDT,BUY,LIMIT,1702263956303,12.5,22.984026
INJUSDT,BUY,LIMIT,1702263957901,45.6,22.990620
INJUSDT,BUY,LIMIT,1702263959030,177.9,22.995716
INJUSDT,BUY,LIMIT,1702263960073,80.0,23.003454
INJUSDT,BUY,LIMIT,1702263961229,126.5,23.024712
INJUSDT,BUY,LIMIT,1702263963284,175.7,23.039648
INJUSDT,BUY,LIMIT,1702263964489,6.0,23.028929
INJUSDT,BUY,LIMIT,1702263972833,21.3,23.052172
INJUSDT,SELL,LIMIT,1702263981507,131.1,22.037236
INJUSDT,BUY,LIMIT,1702264011089,14.6,22.981007
INJUSDT,BUY,LIMIT,1702264021688,171.4,23.007762
INJUSDT,BUY,LIMIT,1702264023476,300.0,23.072637
INJUSDT,BUY,LIMIT,1702264212568,53.1,22.556389
INJUSDT,SELL,LIMIT,1702264213787,0.8,21.655255
INJUSDT,SELL,LIMIT,1702264339018,65.8,21.599224
INJUSDT,BUY,LIMIT,1702264355327,49.5,22.426389
INJUSDT,SELL,LIMIT,1702264437708,0.5,21.520963
INJUSDT,SELL,LIMIT,1702264439975,2.9,21.503713
INJUSDT,SELL,LIMIT,1702264445778,2.0,21.479235
INJUSDT,SELL,LIMIT,1702264513339,10.0,21.460364
INJUSDT,SELL,LIMIT,1702264514363,6.7,21.471978
INJUSDT,SELL,LIMIT,1702264515706,183.4,21.439248
INJUSDT,SELL,LIMIT,1702264560525,12.8,21.351128
INJUSDT,SELL,LIMIT,1702264563147,20.9,21.310422
INJUSDT,SELL,LIMIT,1702264564673,8.6,21.291132
INJUSDT,SELL,LIMIT,1702264567872,8.9,21.264587
INJUSDT,BUY,LIMIT,1702264734204,50.3,22.314712
INJUSDT,SELL,LIMIT,1702264806155,2.0,21.375761
INJUSDT,BUY,LIMIT,1702265189717,1.0,22.635424
INJUSDT,BUY,LIMIT,1702265194156,2.3,22.676895
INJUSDT,BUY,LIMIT,1702265204451,26.6,22.682836
INJUSDT,BUY,LIMIT,1702265211250,4.5,22.688436
INJUSDT,BUY,LIMIT,1702265212354,4.5,22.716409
INJUSDT,BUY,LIMIT,1702265394110,73.7,22.692829
INJUSDT,SELL,LIMIT,1702265482532,4.3,21.750918
INJUSDT,BUY,LIMIT,1702265922631,94.5,22.668618
INJUSDT,BUY,LIMIT,1702266077361,227.7,22.826729
INJUSDT,BUY,LIMIT,1702266094304,10.0,22.877693
INJUSDT,BUY,LIMIT,1702266095959,72.7,22.884997
INJUSDT,BUY,LIMIT,1702266104173,26.9,22.887756
INJUSDT,BUY,LIMIT,1702266112562,22.0,22.916075
INJUSDT,BUY,LIMIT,1702266135768,30.1,22.951109
INJUSDT,BUY,LIMIT,1702266140633,5.9,22.968026
INJUSDT,BUY,LIMIT,1702266149146,75.4,22.984850
INJUSDT,BUY,LIMIT,1702266152256,0.6,22.955053
INJUSDT,BUY,LIMIT,1702266178546,1.5,22.994354
INJUSDT,BUY,LIMIT,1702266188098,36.0,23.043652
INJUSDT,BUY,LIMIT,1702266189133,4.5,23.074604
INJUSDT,BUY,LIMIT,1702266190161,3.1,23.063826
INJUSDT,BUY,LIMIT,1702266191744,10.9,23.087277
INJUSDT,BUY,LIMIT,1702266279699,0.7,23.095457
INJUSDT,BUY,LIMIT,1702266281106,3.4,23.100591
INJUSDT,BUY,LIMIT,1702266283108,30.4,23.130479
INJUSDT,BUY,LIMIT,1702266284141,12.5,23.202446
INJUSDT,BUY,LIMIT,1702266286294,4.1,23.217888
INJUSDT,BUY,LIMIT,1702266287314,10.2,23.213139
INJUSDT,BUY,LIMIT,1702266301305,9.6,23.227451
INJUSDT,BUY,LIMIT,1702266330010,43.0,23.248834
INJUSDT,BUY,LIMIT,1702266331049,1.5,23.279082
INJUSDT,BUY,LIMIT,1702266333478,2.3,23.328207
INJUSDT,BUY,LIMIT,1702266334486,5.6,23.378020
INJUSDT,BUY,LIMIT,1702266336007,119.1,23.377996
INJUSDT,BUY,LIMIT,1702266337150,17.3,23.418006
INJUSDT,BUY,LIMIT,1702266338235,13.2,23.443381
INJUSDT,SELL,LIMIT,1702266348050,105.1,22.440878
INJUSDT,BUY,LIMIT,1702266416225,252.0,23.522742
INJUSDT,BUY,LIMIT,1702266425075,233.8,23.494846
INJUSDT,BUY,LIMIT,1702266444405,8.6,23.537201
INJUSDT,BUY,LIMIT,1702266451874,6.3,23.530663
INJUSDT,BUY,LIMIT,1702266458695,1.5,23.549818
INJUSDT,BUY,LIMIT,1702266461803,24.4,23.560513
INJUSDT,BUY,LIMIT,1702266462813,2.0,23.587022
INJUSDT,BUY,LIMIT,1702266468122,169.8,23.615803
INJUSDT,BUY,LIMIT,1702266469293,17.1,23.604015
INJUSDT,BUY,LIMIT,1702266470314,2.0,23.672294
INJUSDT,BUY,LIMIT,1702266472224,11.3,23.689822
INJUSDT,BUY,LIMIT,1702266473257,18.0,23.715279
INJUSDT,BUY,LIMIT,1702266474908,1.6,23.719749
INJUSDT,BUY,LIMIT,1702266475974,9.1,23.731681
INJUSDT,BUY,LIMIT,1702266501484,226.8,23.704996
INJUSDT,SELL,LIMIT,1702266507157,69.7,22.725805
INJUSDT,BUY,LIMIT,1702266549404,5.3,23.696236
INJUSDT,SELL,LIMIT,1702266633514,5.2,22.483849
INJUSDT,SELL,LIMIT,1702266718402,8.6,22.304684
INJUSDT,SELL,LIMIT,1702266720472,19.4,22.269501
INJUSDT,SELL,LIMIT,1702266732349,61.8,22.166420
INJUSDT,SELL,LIMIT,1702267200105,36.5,22.179882
INJUSDT,SELL,LIMIT,1702267536297,5.3,22.039047
INJUSDT,SELL,LIMIT,1702267538640,17.3,22.023510
INJUSDT,BUY,LIMIT,1702267682588,28.2,23.289283
INJUSDT,BUY,LIMIT,1702267728611,5.7,23.420455
INJUSDT,BUY,LIMIT,1702267804398,68.2,23.465690
INJUSDT,BUY,LIMIT,1702268170896,8.8,23.503950
INJUSDT,SELL,LIMIT,1702268505836,23.0,22.141177
