Symbol,Side,Order Type,Time,Quantity,Price
INJUSDT,BUY,LIMIT,1701067750139,0.4,17.402742
INJUSDT,BUY,LIMIT,1701067784345,0.5,17.404996
INJUSDT,BUY,LIMIT,1701067785952,11.9,17.256423
INJUSDT,BUY,LIMIT,1701067814423,73.8,17.411400
INJUSDT,BUY,LIMIT,1701068052295,6.9,17.356720
INJUSDT,BUY,LIMIT,1701068950263,0.6,17.335253
INJUSDT,BUY,LIMIT,1701068965298,0.3,17.332876
INJUSDT,BUY,LIMIT,1701068996071,0.4,17.339717
INJUSDT,BUY,LIMIT,1701068997259,0.3,17.335386
INJUSDT,BUY,LIMIT,1701069010923,72.0,17.189028
INJUSDT,BUY,LIMIT,1701069013333,3.2,17.335387
INJUSDT,BUY,LIMIT,1701069030444,0.3,17.334260
INJUSDT,SELL,LIMIT,1701069136556,173.0,16.584163
INJUSDT,SELL,LIMIT,1701069617293,113.8,16.571394
INJUSDT,SELL,LIMIT,1701069630530,5.7,16.538834
INJUSDT,SELL,LIMIT,1701069633293,38.0,16.521957
INJUSDT,SELL,LIMIT,1701069729926,0.6,16.477369
INJUSDT,SELL,LIMIT,1701069760178,9.4,16.473192
INJUSDT,SELL,LIMIT,1701069797664,1.2,16.466201
INJUSDT,SELL,LIMIT,1701069799029,2.3,16.435833
INJUSDT,SELL,LIMIT,1701069800076,2.9,16.439813
INJUSDT,SELL,LIMIT,1701069803056,8.8,16.449412
INJUSDT,SELL,LIMIT,1701069859181,15.6,16.418214
INJUSDT,SELL,LIMIT,1701069860987,4.4,16.427149
INJUSDT,SELL,LIMIT,1701069865731,28.9,16.415026
INJUSDT,SELL,LIMIT,1701069874852,7.0,16.406102
INJUSDT,SELL,LIMIT,1701069876926,0.7,16.395628
INJUSDT,SELL,LIMIT,1701069879209,196.4,16.401939
INJUSDT,SELL,LIMIT,1701069884421,8.8,16.411869
INJUSDT,SELL,LIMIT,1701069896430,2.2,16.386600
INJUSDT,SELL,LIMIT,1701069901155,0.4,16.379269
INJUSDT,SELL,LIMIT,1701069923157,14.5,16.360109
INJUSDT,SELL,LIMIT,1701070440589,4.9,16.334291
INJUSDT,SELL,LIMIT,1701070442537,100.0,16.326089
INJUSDT,BUY,LIMIT,1701073571165,10.4,17.405263
INJUSDT,SELL,LIMIT,1701079119167,3.5,16.311888
INJUSDT,SELL,LIMIT,1701079125083,1.4,16.305135
INJUSDT,SELL,LIMIT,1701079144756,2.1,16.293965
INJUSDT,SELL,LIMIT,1701079213817,257.9,16.275752
INJUSDT,SELL,LIMIT,1701079305151,42.0,16.267065
INJUSDT,SELL,LIMIT,1701079308211,48.3,16.261397
INJUSDT,SELL,LIMIT,1701079315687,9.1,16.249497
INJUSDT,SELL,LIMIT,1701079321092,8.6,16.243258
INJUSDT,SELL,LIMIT,1701080066552,1.6,16.236326
INJUSDT,SELL,LIMIT,1701080256096,32.7,16.223460
INJUSDT,SELL,LIMIT,1701080539478,24.7,16.202902
INJUSDT,SELL,LIMIT,1701081165219,12.7,16.251558
INJUSDT,SELL,LIMIT,1701081416126,18.6,16.181916
INJUSDT,SELL,LIMIT,1701081435505,19.0,16.163969
INJUSDT,SELL,LIMIT,1701081438658,0.8,16.155076
INJUSDT,SELL,LIMIT,1701081441214,5.7,16.151977
INJUSDT,SELL,LIMIT,1701081452434,5.9,16.148249
INJUSDT,SELL,LIMIT,1701081456085,1.2,16.146578
INJUSDT,SELL,LIMIT,1701081478085,4.6,16.137431
INJUSDT,SELL,LIMIT,1701081482096,3.3,16.130138
INJUSDT,SELL,LIMIT,1701081485210,31.8,16.124653
INJUSDT,SELL,LIMIT,1701081487921,40.0,16.121497
INJUSDT,SELL,LIMIT,1701082690678,4.9,16.126948
INJUSDT,SELL,LIMIT,1701082695304,5.0,16.097606
INJUSDT,SELL,LIMIT,1701082697548,3.6,16.096335
INJUSDT,SELL,LIMIT,1701082703751,1.1,16.089715
INJUSDT,SELL,LIMIT,1701082707156,2.3,16.082526
INJUSDT,SELL,LIMIT,1701082727834,8.8,16.072613
INJUSDT,BUY,LIMIT,1701085464595,56.9,17.092232
INJUSDT,BUY,LIMIT,1701085745586,30.4,17.150345
INJUSDT,BUY,LIMIT,1701085747412,10.8,17.160940
INJUSDT,SELL,LIMIT,1701086705911,0.7,33.365128
INJUSDT,SELL,LIMIT,1701086710048,66.3,16.388127
INJUSDT,BUY,LIMIT,1701088253724,22.6,17.193633
INJUSDT,BUY,LIMIT,1701088260632,7.7,17.208690
INJUSDT,BUY,LIMIT,1701088980242,301.1,17.264821
INJUSDT,BUY,LIMIT,1701089188300,73.7,17.312521
INJUSDT,BUY,LIMIT,1701089195087,0.4,17.320650
INJUSDT,BUY,LIMIT,1701089196276,7.5,17.328323
INJUSDT,BUY,LIMIT,1701089206138,21.5,17.333713
INJUSDT,BUY,LIMIT,1701089213529,1.2,17.352041
INJUSDT,BUY,LIMIT,1701089263591,5.6,17.395387
INJUSDT,BUY,LIMIT,1701089265132,315.3,17.405898
INJUSDT,BUY,LIMIT,1701089267297,1.8,17.413032
INJUSDT,BUY,LIMIT,1701089304914,1.3,17.452776
INJUSDT,BUY,LIMIT,1701089534220,22.6,17.520630
INJUSDT,BUY,LIMIT,1701089600169,4.8,17.536838
INJUSDT,BUY,LIMIT,1701092866841,1.4,17.087241
INJUSDT,BUY,LIMIT,1701093236970,10.7,17.395054
INJUSDT,BUY,LIMIT,1701093238394,11.2,17.409753
INJUSDT,BUY,LIMIT,1701095230041,36.0,17.298793
INJUSDT,BUY,LIMIT,1701097462187,3.1,17.557711
INJUSDT,BUY,LIMIT,1701097464257,5.9,17.562222
INJUSDT,BUY,LIMIT,1701097597162,1.0,17.636640
INJUSDT,BUY,LIMIT,1701097598263,5.8,17.608431
INJUSDT,BUY,LIMIT,1701097767100,36.3,17.658438
INJUSDT,BUY,LIMIT,1701097788938,165.2,17.676864
INJUSDT,BUY,LIMIT,1701098192912,15.1,17.687457
INJUSDT,BUY,LIMIT,1701098210454,11.7,17.722322
INJUSDT,BUY,LIMIT,1701098212969,80.3,17.727950
INJUSDT,BUY,LIMIT,1701098244922,0.8,17.761738
INJUSDT,BUY,LIMIT,1701098258209,51.3,17.770297
INJUSDT,BUY,LIMIT,1701098263659,83.3,17.812145
INJUSDT,BUY,LIMIT,1701098280818,350.5,17.844301
INJUSDT,BUY,LIMIT,1701098288081,1.5,17.835833
INJUSDT,BUY,LIMIT,1701098306460,32.1,17.837911
INJUSDT,BUY,LIMIT,1701098312049,4.7,17.840386
INJUSDT,BUY,LIMIT,1701098314222,38.8,17.841351
INJUSDT,BUY,LIMIT,1701098315241,11.7,17.846600
INJUSDT,BUY,LIMIT,1701098318081,4.1,17.863394
INJUSDT,SELL,LIMIT,1701099159247,0.6,16.788462
INJUSDT,SELL,LIMIT,1701099181230,39.1,16.742362
INJUSDT,SELL,LIMIT,1701099970318,14.3,16.707481
INJUSDT,SELL,LIMIT,1701099980591,57.5,16.691157
INJUSDT,SELL,LIMIT,1701099987074,83.7,16.676620
INJUSDT,SELL,LIMIT,1701100025895,6.8,16.647361
INJUSDT,SELL,LIMIT,1701100031374,8.0,16.639703
INJUSDT,SELL,LIMIT,1701100032436,39.9,16.630653
INJUSDT,SELL,LIMIT,1701100068183,7.8,16.613381
INJUSDT,SELL,LIMIT,1701100131314,21.8,16.581186
INJUSDT,SELL,LIMIT,1701100140899,0.2,16.565315
INJUSDT,SELL,LIMIT,1701100142244,6.0,16.555995
INJUSDT,SELL,LIMIT,1701100180616,6.1,16.558627
INJUSDT,SELL,LIMIT,1701100184366,22.9,16.542494
INJUSDT,SELL,LIMIT,1701100212290,11.3,16.518093
INJUSDT,SELL,LIMIT,1701100213444,65.2,16.515274
INJUSDT,SELL,LIMIT,1701100217585,286.9,16.499590
INJUSDT,SELL,LIMIT,1701100219172,233.3,16.478718
INJUSDT,SELL,LIMIT,1701100220301,58.5,16.475449
INJUSDT,SELL,LIMIT,1701100235475,0.4,16.473869
INJUSDT,SELL,LIMIT,1701100238890,173.2,16.452567
INJUSDT,SELL,LIMIT,1701100266975,2.1,16.470177
INJUSDT,SELL,LIMIT,1701100273866,5.2,16.443822
INJUSDT,SELL,LIMIT,1701100288131,0.9,16.424664
INJUSDT,SELL,LIMIT,1701100289465,13.1,16.421405
INJUSDT,SELL,LIMIT,1701100470129,56.6,16.398493
INJUSDT,SELL,LIMIT,1701100474615,7.0,16.393180
INJUSDT,SELL,LIMIT,1701100479801,5.7,16.364100
INJUSDT,SELL,LIMIT,1701100489436,6.8,16.343625
INJUSDT,SELL,LIMIT,1701100565491,73.4,16.573939
INJUSDT,SELL,LIMIT,1701100570438,5.7,16.393206
INJUSDT,SELL,LIMIT,1701100618167,36.0,16.385818
INJUSDT,SELL,LIMIT,1701100628232,7.0,16.319015
INJUSDT,SELL,LIMIT,1701100640383,7.9,16.322935
INJUSDT,SELL,LIMIT,1701100641370,4.6,16.311263
INJUSDT,SELL,LIMIT,1701100645406,5.4,16.299250
INJUSDT,SELL,LIMIT,1701100816419,11.5,16.360921
INJUSDT,SELL,LIMIT,1701101158182,2.5,16.299418
INJUSDT,SELL,LIMIT,1701101245261,308.8,16.260267
INJUSDT,SELL,LIMIT,1701101300242,153.8,16.229051
INJUSDT,SELL,LIMIT,1701101348249,2.3,16.204048
INJUSDT,SELL,LIMIT,1701101390985,5.7,16.182137
INJUSDT,SELL,LIMIT,1701101408031,9.3,16.168194
INJUSDT,SELL,LIMIT,1701101466642,4.6,16.165071
INJUSDT,SELL,LIMIT,1701102045844,59.5,16.380937
INJUSDT,BUY,LIMIT,1701104762278,54.0,17.105155
INJUSDT,SELL,LIMIT,1701104913160,1.2,16.437541
INJUSDT,SELL,LIMIT,1701107451286,9.0,16.162066
INJUSDT,SELL,LIMIT,1701107550365,0.5,16.155300
INJUSDT,SELL,LIMIT,1701107560043,28.6,16.151270
INJUSDT,SELL,LIMIT,1701107653589,20.4,16.139029
INJUSDT,SELL,LIMIT,1701107654850,100.0,16.138606
INJUSDT,SELL,LIMIT,1701111923651,76.3,16.204719
INJUSDT,SELL,LIMIT,1701111930107,43.1,16.142842
INJUSDT,SELL,LIMIT,1701111993526,129.4,16.122697
INJUSDT,SELL,LIMIT,1701111994828,0.8,16.120021
INJUSDT,BUY,LIMIT,1701112023430,502.2,16.800090
INJUSDT,SELL,LIMIT,1701112050232,15.6,16.119516
INJUSDT,SELL,LIMIT,1701112055690,2.1,16.111147
INJUSDT,SELL,LIMIT,1701112058241,27.2,16.100617
INJUSDT,SELL,LIMIT,1701112123597,0.7,16.095833
INJUSDT,SELL,LIMIT,1701112194722,3.1,16.089921
INJUSDT,SELL,LIMIT,1701112212875,68.1,16.087804
INJUSDT,SELL,LIMIT,1701114037066,111.9,16.117076
INJUSDT,SELL,LIMIT,1701114125496,8.1,16.086834
INJUSDT,SELL,LIMIT,1701114144598,0.5,16.080311
INJUSDT,SELL,LIMIT,1701114147371,122.1,16.074700
INJUSDT,SELL,LIMIT,1701114158320,177.1,16.059203
INJUSDT,SELL,LIMIT,1701114162341,8.4,16.032561
INJUSDT,SELL,LIMIT,1701114163741,141.4,16.021593
INJUSDT,SELL,LIMIT,1701114211126,9.9,15.997213
INJUSDT,SELL,LIMIT,1701114212263,0.7,15.948808
INJUSDT,SELL,LIMIT,1701114231455,449.9,15.897473
INJUSDT,SELL,LIMIT,1701114235663,5.6,15.925517
INJUSDT,SELL,LIMIT,1701114277168,7.0,15.925001
INJUSDT,SELL,LIMIT,1701114343100,13.7,15.912328
INJUSDT,SELL,LIMIT,1701114345028,1.9,15.911578
INJUSDT,SELL,LIMIT,1701114355332,116.3,15.907900
INJUSDT,SELL,LIMIT,1701114368763,0.5,15.918855
INJUSDT,SELL,LIMIT,1701114396298,0.6,15.896372
INJUSDT,SELL,LIMIT,1701114466287,13.1,15.897682
INJUSDT,SELL,LIMIT,1701114468085,5.2,15.890946
INJUSDT,SELL,LIMIT,1701114470495,2.3,15.887194
INJUSDT,SELL,LIMIT,1701114472453,23.9,15.885950
INJUSDT,SELL,LIMIT,1701114477549,0.3,15.883352
INJUSDT,SELL,LIMIT,1701114494288,3.7,15.877827
INJUSDT,SELL,LIMIT,1701115590248,8.5,15.874742
INJUSDT,SELL,LIMIT,1701115596135,179.6,15.859217
INJUSDT,SELL,LIMIT,1701115602896,8.1,15.854356
INJUSDT,SELL,LIMIT,1701115614543,24.2,15.851104
INJUSDT,SELL,LIMIT,1701115621810,3.4,15.850489
INJUSDT,BUY,LIMIT,1701116682573,0.2,11.672489
INJUSDT,SELL,LIMIT,1701116904165,1.7,15.846318
INJUSDT,SELL,LIMIT,1701116905858,2.4,15.837829
INJUSDT,SELL,LIMIT,1701116909137,73.0,15.832186
INJUSDT,SELL,LIMIT,1701117000783,50.0,15.821121
INJUSDT,SELL,LIMIT,1701117387189,3.0,15.816977
INJUSDT,SELL,LIMIT,1701118060808,21.7,15.815043
INJUSDT,SELL,LIMIT,1701118069279,31.4,15.811605
INJUSDT,SELL,LIMIT,1701118129972,38.9,15.804497
INJUSDT,SELL,LIMIT,1701118133699,79.7,15.802102
INJUSDT,SELL,LIMIT,1701118145638,7.2,15.801153
INJUSDT,SELL,LIMIT,1701118146796,0.6,15.800819
INJUSDT,SELL,LIMIT,1701118322408,157.6,15.774380
INJUSDT,SELL,LIMIT,1701118323848,23.7,15.762633
INJUSDT,SELL,LIMIT,1701118342189,2.3,15.736810
INJUSDT,SELL,LIMIT,1701119023738,302.2,15.724320
INJUSDT,SELL,LIMIT,1701119093475,10.7,15.720198
INJUSDT,SELL,LIMIT,1701119136221,36.1,15.713190
INJUSDT,BUY,LIMIT,1701121764633,0.4,16.558792
INJUSDT,BUY,LIMIT,1701126096743,1.0,16.654643
INJUSDT,BUY,LIMIT,1701127901660,3.8,16.750014
INJUSDT,BUY,LIMIT,1701127964836,286.7,16.753456
INJUSDT,BUY,LIMIT,1701128391454,8.1,16.839107
INJUSDT,BUY,LIMIT,1701128394193,3.3,16.843072
INJUSDT,BUY,LIMIT,1701128544011,10.4,16.885321
INJUSDT,BUY,LIMIT,1701128645824,42.6,16.908625
INJUSDT,BUY,LIMIT,1701128875848,7.1,16.922307
INJUSDT,BUY,LIMIT,1701128965019,1.0,16.946968
INJUSDT,BUY,LIMIT,1701128971326,3.3,16.958403
INJUSDT,BUY,LIMIT,1701129055477,3.1,16.976710
INJUSDT,BUY,LIMIT,1701129535990,11.1,17.021606
INJUSDT,BUY,LIMIT,1701129824733,2.9,17.030182
INJUSDT,SELL,LIMIT,1701129917162,42.3,16.547166
INJUSDT,BUY,LIMIT,1701130858576,374.9,17.079196
INJUSDT,BUY,LIMIT,1701130862050,3.0,17.066538
INJUSDT,BUY,LIMIT,1701130900545,15.8,17.084379
INJUSDT,BUY,LIMIT,1701130937343,32.0,17.097306
INJUSDT,BUY,LIMIT,1701130939473,13.6,17.114666
INJUSDT,BUY,LIMIT,1701131094715,6.1,17.179570
INJUSDT,BUY,LIMIT,1701131942378,18.2,17.267728
INJUSDT,BUY,LIMIT,1701131946644,0.9,17.275535
INJUSDT,BUY,LIMIT,1701132134359,320.0,17.320508
INJUSDT,BUY,LIMIT,1701132143911,323.2,17.321117
INJUSDT,BUY,LIMIT,1701132191217,6.4,17.329666
INJUSDT,BUY,LIMIT,1701132224353,50.1,17.351865
INJUSDT,BUY,LIMIT,1701132238614,853.8,17.414243
INJUSDT,BUY,LIMIT,1701132246424,255.2,17.373529
INJUSDT,BUY,LIMIT,1701132268367,44.4,17.385717
INJUSDT,BUY,LIMIT,1701132295728,10.6,17.405957
INJUSDT,BUY,LIMIT,1701132297336,1.1,17.407053
INJUSDT,BUY,LIMIT,1701132997164,13.6,17.419594
INJUSDT,SELL,LIMIT,1701136168050,65.3,16.346742
INJUSDT,SELL,LIMIT,1701137434982,47.8,16.204445
INJUSDT,SELL,LIMIT,1701138451117,61.4,16.104369
INJUSDT,SELL,LIMIT,1701139323726,4.8,16.018259
INJUSDT,SELL,LIMIT,1701146006882,7.3,15.921908
INJUSDT,SELL,LIMIT,1701146045676,0.7,15.906851
INJUSDT,SELL,LIMIT,1701146815039,5.0,15.849341
INJUSDT,SELL,LIMIT,1701146918072,9.1,15.840517
INJUSDT,SELL,LIMIT,1701147870171,14.2,15.799408
INJUSDT,SELL,LIMIT,1701148008348,67.6,15.716309
INJUSDT,SELL,LIMIT,1701148171709,1.1,15.695890
INJUSDT,SELL,LIMIT,1701148219119,1.6,15.690374
INJUSDT,SELL,LIMIT,1701148220187,2.8,15.689148
INJUSDT,SELL,LIMIT,1701148238262,5.4,15.685469
INJUSDT,SELL,LIMIT,1701148289599,9.9,15.674831
INJUSDT,SELL,LIMIT,1701148319066,235.2,15.661889
INJUSDT,SELL,LIMIT,1701148907522,25.9,15.654755
INJUSDT,SELL,LIMIT,1701148967033,2.5,15.644720
INJUSDT,SELL,LIMIT,1701149078089,0.3,15.627153
INJUSDT,SELL,LIMIT,1701149079818,16.4,15.617485
INJUSDT,SELL,LIMIT,1701149082069,9.8,15.613146
INJUSDT,SELL,LIMIT,1701149083655,62.2,15.608140
INJUSDT,SELL,LIMIT,1701149086186,122.7,15.605491
INJUSDT,SELL,LIMIT,1701149096922,17.1,15.594097
INJUSDT,SELL,LIMIT,1701149098282,6.0,15.583251
INJUSDT,SELL,LIMIT,1701149099384,24.9,15.579857
INJUSDT,SELL,LIMIT,1701149100421,292.2,15.574654
INJUSDT,SELL,LIMIT,1701149402627,49.6,15.579805
INJUSDT,SELL,LIMIT,1701149449200,745.2,15.522088
INJUSDT,SELL,LIMIT,1701149450700,33.7,15.558685
INJUSDT,SELL,LIMIT,1701149452632,23.1,15.556065
INJUSDT,SELL,LIMIT,1701149455751,263.6,15.555013
INJUSDT,SELL,LIMIT,1701149457187,86.8,15.553415
INJUSDT,SELL,LIMIT,1701149473096,32.5,15.544975
INJUSDT,SELL,LIMIT,1701149474139,75.1,15.502331
INJUSDT,SELL,LIMIT,1701149494220,18.4,15.488261
INJUSDT,SELL,LIMIT,1701149495278,1.2,15.462827
INJUSDT,SELL,LIMIT,1701149689473,59.5,15.511319
INJUSDT,SELL,LIMIT,1701149773133,54.8,15.499771
INJUSDT,SELL,LIMIT,1701149832079,4.1,15.493669
INJUSDT,SELL,LIMIT,1701149845729,145.7,15.481005
INJUSDT,SELL,LIMIT,1701149857328,0.8,15.489306
INJUSDT,SELL,LIMIT,1701149892757,104.3,15.460335
INJUSDT,SELL,LIMIT,1701149895330,58.6,15.457702
INJUSDT,SELL,LIMIT,1701150684367,7.7,15.446256
INJUSDT,SELL,LIMIT,1701150687193,168.2,15.442813
INJUSDT,SELL,LIMIT,1701150924176,109.7,15.456693
INJUSDT,SELL,LIMIT,1701151043079,5.4,15.436053
INJUSDT,SELL,LIMIT,1701151059254,5.9,15.434815
INJUSDT,SELL,LIMIT,1701151093129,274.2,15.422581
INJUSDT,SELL,LIMIT,1701151094174,19.5,15.431248
INJUSDT,SELL,LIMIT,1701151105270,15.0,15.399560
INJUSDT,SELL,LIMIT,1701151106276,2.4,15.396695
INJUSDT,SELL,LIMIT,1701151107615,4.3,15.382895
INJUSDT,SELL,LIMIT,1701151194361,16.0,15.377844
INJUSDT,SELL,LIMIT,1701151196498,96.8,15.368051
INJUSDT,SELL,LIMIT,1701151230110,0.3,15.365501
INJUSDT,SELL,LIMIT,1701151247799,3.4,15.363064
INJUSDT,SELL,LIMIT,1701151249800,1.2,15.369162
INJUSDT,SELL,LIMIT,1701151263536,134.2,15.356601
INJUSDT,SELL,LIMIT,1701151264552,9.5,15.354715
INJUSDT,SELL,LIMIT,1701151272288,2.7,15.351242
INJUSDT,SELL,LIMIT,1701151285787,26.8,15.344467
INJUSDT,SELL,LIMIT,1701151626115,4.0,15.326048
INJUSDT,SELL,LIMIT,1701151627469,7.0,15.321566
INJUSDT,BUY,LIMIT,1701155263130,1.4,16.410120
INJUSDT,BUY,LIMIT,1701166675165,0.4,16.470822
INJUSDT,BUY,LIMIT,1701166685935,48.5,16.475950
INJUSDT,BUY,LIMIT,1701168050184,1.9,16.541679
INJUSDT,BUY,LIMIT,1701168073095,1.8,16.547941
INJUSDT,BUY,LIMIT,1701168160838,13.5,16.557407
INJUSDT,BUY,LIMIT,1701169088837,2.6,16.558972
INJUSDT,BUY,LIMIT,1701169110046,1.4,16.572408
INJUSDT,BUY,LIMIT,1701169113824,9.7,16.578586
INJUSDT,BUY,LIMIT,1701171205046,1.8,16.634630
INJUSDT,BUY,LIMIT,1701171274786,172.2,16.639985
INJUSDT,BUY,LIMIT,1701171993502,3.5,16.549175
INJUSDT,BUY,LIMIT,1701172358346,3.5,16.611407
INJUSDT,BUY,LIMIT,1701180082679,3.9,16.683531
INJUSDT,SELL,LIMIT,1701185851338,72.4,15.943324
INJUSDT,BUY,LIMIT,1701186189214,15.5,16.715723
INJUSDT,BUY,LIMIT,1701186219125,276.6,16.770929
INJUSDT,BUY,LIMIT,1701186334350,1.5,16.808367
INJUSDT,BUY,LIMIT,1701186347223,2.3,16.811744
INJUSDT,BUY,LIMIT,1701186355248,20.1,16.818820
INJUSDT,BUY,LIMIT,1701186373128,77.8,16.838280
INJUSDT,BUY,LIMIT,1701186570656,5.0,16.844760
INJUSDT,BUY,LIMIT,1701186572137,0.6,16.846469
INJUSDT,BUY,LIMIT,1701186619257,190.5,16.865556
INJUSDT,BUY,LIMIT,1701186623580,2.3,16.877614
INJUSDT,BUY,LIMIT,1701186626296,1.8,16.890776
INJUSDT,BUY,LIMIT,1701186652428,40.4,16.895897
INJUSDT,BUY,LIMIT,1701186677398,7.7,16.924399
INJUSDT,BUY,LIMIT,1701186696802,215.2,16.919222
INJUSDT,BUY,LIMIT,1701187082693,1.5,16.928061
INJUSDT,BUY,LIMIT,1701187184132,306.7,16.948740
INJUSDT,BUY,LIMIT,1701187272447,61.1,16.884847
INJUSDT,BUY,LIMIT,1701187305670,189.1,16.953751
INJUSDT,BUY,LIMIT,1701187681094,12.7,16.986793
INJUSDT,SELL,LIMIT,1701187802089,0.9,16.300379
INJUSDT,BUY,LIMIT,1701189588676,54.2,17.013625
INJUSDT,BUY,LIMIT,1701189611751,53.4,17.025523
INJUSDT,BUY,LIMIT,1701189627342,19.9,17.034000
INJUSDT,BUY,LIMIT,1701189669946,14.1,17.038080
INJUSDT,BUY,LIMIT,1701189755149,224.8,17.042014
INJUSDT,BUY,LIMIT,1701189757207,0.6,17.052887
INJUSDT,BUY,LIMIT,1701189792153,1.2,17.059926
INJUSDT,BUY,LIMIT,1701189798140,53.4,17.061386
INJUSDT,BUY,LIMIT,1701189804437,4.2,17.077140
INJUSDT,BUY,LIMIT,1701189813995,3.0,17.053911
INJUSDT,BUY,LIMIT,1701189818641,1.3,17.092404
INJUSDT,BUY,LIMIT,1701189820231,10.0,17.101503
INJUSDT,BUY,LIMIT,1701189823648,0.5,17.109394
INJUSDT,BUY,LIMIT,1701189844253,7.4,17.113600
INJUSDT,BUY,LIMIT,1701189975892,0.2,17.038515
INJUSDT,BUY,LIMIT,1701190443263,7.9,17.079710
INJUSDT,BUY,LIMIT,1701192031067,1.4,17.113305
INJUSDT,BUY,LIMIT,1701192057436,1.0,17.139649
INJUSDT,BUY,LIMIT,1701192069112,0.6,17.176251
INJUSDT,BUY,LIMIT,1701192089135,73.9,17.200534
INJUSDT,BUY,LIMIT,1701192277804,3.1,17.189702
INJUSDT,BUY,LIMIT,1701195155507,2.2,17.242166
INJUSDT,BUY,LIMIT,1701195290259,289.5,17.270631
INJUSDT,BUY,LIMIT,1701197838335,0.3,17.058876
INJUSDT,SELL,LIMIT,1701197859770,18.4,16.415361
INJUSDT,BUY,LIMIT,1701197862394,315.1,17.098353
INJUSDT,BUY,LIMIT,1701198067880,5.0,17.138522
INJUSDT,BUY,LIMIT,1701200375165,31.1,17.280628
INJUSDT,BUY,LIMIT,1701200447880,6.3,17.299482
INJUSDT,BUY,LIMIT,1701200451224,25.0,17.306225
INJUSDT,BUY,LIMIT,1701200474659,9.0,17.323649
INJUSDT,BUY,LIMIT,1701200543792,1.2,17.358104
INJUSDT,BUY,LIMIT,1701200548179,1.5,17.363265
INJUSDT,BUY,LIMIT,1701200562292,1.3,17.369087
INJUSDT,BUY,LIMIT,1701200563352,0.4,17.377608
INJUSDT,BUY,LIMIT,1701200610432,90.5,17.390981
INJUSDT,BUY,LIMIT,1701200616252,0.7,17.398892
INJUSDT,BUY,LIMIT,1701201635236,0.5,17.347984
INJUSDT,BUY,LIMIT,1701201919292,99.2,17.415839
INJUSDT,BUY,LIMIT,1701202323997,0.7,17.449009
INJUSDT,SELL,LIMIT,1701207071232,11.0,16.428062
INJUSDT,SELL,LIMIT,1701207258261,32.4,16.370592
INJUSDT,SELL,LIMIT,1701207516112,1.4,16.350733
INJUSDT,SELL,LIMIT,1701207836315,0.9,16.261210
INJUSDT,SELL,LIMIT,1701211965282,24.2,16.286644
INJUSDT,SELL,LIMIT,1701214369048,38.5,16.231841
INJUSDT,SELL,LIMIT,1701214730022,1.7,16.208698
INJUSDT,SELL,LIMIT,1701216758269,6.6,16.232833
INJUSDT,BUY,LIMIT,1701219740075,385.3,16.987097
INJUSDT,SELL,LIMIT,1701223614738,2.0,16.197226
INJUSDT,SELL,LIMIT,1701225103850,1.4,16.183796
INJUSDT,SELL,LIMIT,1701225143421,62.4,16.180305
INJUSDT,SELL,LIMIT,1701226074447,12.1,16.146427
INJUSDT,BUY,LIMIT,1701239192105,7.5,17.142759
INJUSDT,BUY,LIMIT,1701240683489,8.0,17.243621
INJUSDT,BUY,LIMIT,1701240690258,2.5,17.256739
INJUSDT,BUY,LIMIT,1701241375331,152.2,17.302207
INJUSDT,BUY,LIMIT,1701241690182,286.0,17.367871
INJUSDT,BUY,LIMIT,1701243223447,18.1,17.381969
INJUSDT,BUY,LIMIT,1701243234410,33.3,17.411169
INJUSDT,BUY,LIMIT,1701243281439,3.5,17.430384
INJUSDT,BUY,LIMIT,1701243283435,8.7,17.471821
INJUSDT,BUY,LIMIT,1701243349199,0.8,17.482664
INJUSDT,BUY,LIMIT,1701243946686,5.4,17.523110
INJUSDT,SELL,LIMIT,1701244868729,8.4,16.791743
INJUSDT,BUY,LIMIT,1701247383684,371.2,17.502197
INJUSDT,BUY,LIMIT,1701247563341,79.8,17.507280
INJUSDT,BUY,LIMIT,1701247849420,24.7,17.528755
INJUSDT,BUY,LIMIT,1701247851178,24.9,17.539961
INJUSDT,BUY,LIMIT,1701247944032,1.0,17.595727
INJUSDT,BUY,LIMIT,1701247945093,190.0,17.614960
INJUSDT,BUY,LIMIT,1701248003324,6.7,17.626397
INJUSDT,BUY,LIMIT,1701248052373,0.6,17.615049
INJUSDT,BUY,LIMIT,1701248534074,0.6,17.636262
INJUSDT,BUY,LIMIT,1701248539216,318.0,17.653471
INJUSDT,BUY,LIMIT,1701248659549,9.1,17.628660
INJUSDT,BUY,LIMIT,1701248780300,13.2,17.676088
INJUSDT,BUY,LIMIT,1701248889039,58.3,17.652916
INJUSDT,BUY,LIMIT,1701249174005,56.6,17.688929
INJUSDT,BUY,LIMIT,1701249195702,239.7,17.734073
INJUSDT,BUY,LIMIT,1701249309371,2.5,17.774821
INJUSDT,BUY,LIMIT,1701249324862,199.1,17.784863
INJUSDT,BUY,LIMIT,1701249338755,17.1,17.787394
INJUSDT,BUY,LIMIT,1701249340571,1.4,17.791781
INJUSDT,BUY,LIMIT,1701249343304,1.6,17.798131
INJUSDT,BUY,LIMIT,1701249373212,6.1,17.804100
INJUSDT,BUY,LIMIT,1701249374407,20.0,17.806268
INJUSDT,BUY,LIMIT,1701249436254,3.6,17.831922
INJUSDT,BUY,LIMIT,1701249440714,70.8,17.836492
INJUSDT,BUY,LIMIT,1701249442449,39.5,17.836841
INJUSDT,BUY,LIMIT,1701249555468,301.2,17.862790
INJUSDT,BUY,LIMIT,1701251534494,5.4,17.558178
INJUSDT,SELL,LIMIT,1701251614470,100.0,16.752589
INJUSDT,BUY,LIMIT,1701252125070,7.0,17.275038
INJUSDT,SELL,LIMIT,1701253354119,33.5,16.644020
INJUSDT,SELL,LIMIT,1701253527472,132.8,16.617439
INJUSDT,SELL,LIMIT,1701253529558,293.1,16.613941
INJUSDT,SELL,LIMIT,1701253548524,1.7,16.605125
INJUSDT,BUY,LIMIT,1701253602623,21.8,17.285940
INJUSDT,SELL,LIMIT,1701253616173,25.8,16.592677
INJUSDT,SELL,LIMIT,1701254360176,5.8,16.520818
INJUSDT,SELL,LIMIT,1701254379974,8.4,16.507281
INJUSDT,SELL,LIMIT,1701254389992,25.2,16.498987
INJUSDT,SELL,LIMIT,1701254417197,0.7,16.511775
INJUSDT,SELL,LIMIT,1701254419014,18.0,16.455897
INJUSDT,SELL,LIMIT,1701254526413,50.9,16.445525
INJUSDT,BUY,LIMIT,1701261099287,0.9,17.399901
INJUSDT,SELL,LIMIT,1701263722707,389.1,16.544209
INJUSDT,SELL,LIMIT,1701265509829,0.9,16.404695
INJUSDT,SELL,LIMIT,1701267453187,100.0,16.352256
INJUSDT,SELL,LIMIT,1701267454190,171.2,16.358877
INJUSDT,SELL,LIMIT,1701267480926,58.1,16.338497
INJUSDT,SELL,LIMIT,1701267498739,10.1,16.327146
INJUSDT,SELL,LIMIT,1701267566785,15.7,16.297767
INJUSDT,SELL,LIMIT,1701267790261,38.0,16.272680
INJUSDT,SELL,LIMIT,1701268454444,15.9,16.297300
INJUSDT,SELL,LIMIT,1701269054461,38.2,16.255261
INJUSDT,SELL,LIMIT,1701269153492,34.6,16.245953
INJUSDT,SELL,LIMIT,1701269155024,41.9,16.236956
INJUSDT,SELL,LIMIT,1701269157765,29.7,16.227304
INJUSDT,SELL,LIMIT,1701269160393,7.6,16.221941
INJUSDT,SELL,LIMIT,1701269258900,1.0,16.210072
INJUSDT,SELL,LIMIT,1701269261045,2.9,16.206282
INJUSDT,SELL,LIMIT,1701269867253,114.1,16.185587
INJUSDT,SELL,LIMIT,1701270343751,94.5,16.175531
INJUSDT,SELL,LIMIT,1701270448402,26.3,16.154748
INJUSDT,SELL,LIMIT,1701270557334,0.8,16.150558
INJUSDT,SELL,LIMIT,1701270568301,0.9,16.144849
INJUSDT,SELL,LIMIT,1701270577184,4.6,16.113719
INJUSDT,SELL,LIMIT,1701270580317,11.8,16.109691
INJUSDT,SELL,LIMIT,1701270581338,26.8,16.075721
INJUSDT,SELL,LIMIT,1701270583399,4.4,16.058381
INJUSDT,SELL,LIMIT,1701270584870,268.1,16.051328
INJUSDT,SELL,LIMIT,1701270586031,0.3,16.272757
INJUSDT,SELL,LIMIT,1701270618892,0.3,16.037883
INJUSDT,SELL,LIMIT,1701270622715,14.1,16.039280
INJUSDT,SELL,LIMIT,1701270635338,2.8,16.032399
INJUSDT,SELL,LIMIT,1701270745255,5.1,16.027634
INJUSDT,SELL,LIMIT,1701270753192,6.3,16.022583
INJUSDT,SELL,LIMIT,1701270757937,1.2,16.009538
INJUSDT,SELL,LIMIT,1701275842216,4.5,16.222078
INJUSDT,BUY,LIMIT,1701280003688,15.2,17.028967
INJUSDT,BUY,LIMIT,1701280178246,0.4,17.112209
INJUSDT,BUY,LIMIT,1701280294346,41.4,17.140536
INJUSDT,BUY,LIMIT,1701280327223,74.0,17.148018
INJUSDT,BUY,LIMIT,1701281339087,70.0,17.178764
INJUSDT,BUY,LIMIT,1701281896410,285.6,17.226447
INJUSDT,BUY,LIMIT,1701281902683,1.0,17.228874
INJUSDT,BUY,LIMIT,1701282136651,2.8,17.297148
INJUSDT,BUY,LIMIT,1701282147643,36.4,17.311392
INJUSDT,SELL,LIMIT,1701289930763,26.0,16.480661
INJUSDT,SELL,LIMIT,1701290339560,33.8,16.488968
INJUSDT,SELL,LIMIT,1701292837102,10.0,16.482401
INJUSDT,SELL,LIMIT,1701300263411,175.1,16.398718
INJUSDT,BUY,LIMIT,1701312121505,1.2,17.442442
INJUSDT,BUY,LIMIT,1701312124494,10.0,17.449512
INJUSDT,BUY,LIMIT,1701312243707,8.2,17.473533
INJUSDT,BUY,LIMIT,1701312894986,2.6,17.500276
INJUSDT,BUY,LIMIT,1701313210031,1.8,17.544635
INJUSDT,BUY,LIMIT,1701313214080,22.7,17.554273
INJUSDT,BUY,LIMIT,1701313221002,16.8,17.627499
INJUSDT,BUY,LIMIT,1701315409693,279.9,17.607240
INJUSDT,BUY,LIMIT,1701315523105,0.5,17.590689
INJUSDT,BUY,LIMIT,1701315740690,15.0,17.602461
INJUSDT,BUY,LIMIT,1701315967625,40.0,17.653386
INJUSDT,BUY,LIMIT,1701315969276,52.9,17.658862
INJUSDT,BUY,LIMIT,1701315976851,5.3,17.680501
INJUSDT,BUY,LIMIT,1701316010183,2.0,17.724138
INJUSDT,BUY,LIMIT,1701316015905,28.3,17.741532
INJUSDT,BUY,LIMIT,1701316027492,1.0,17.743293
INJUSDT,BUY,LIMIT,1701316115059,75.5,17.767468
INJUSDT,BUY,LIMIT,1701316123551,1.1,17.768318
INJUSDT,BUY,LIMIT,1701316131448,1.7,17.827901
INJUSDT,BUY,LIMIT,1701316565787,1.0,17.842087
INJUSDT,BUY,LIMIT,1701316568030,175.6,17.845485
INJUSDT,BUY,LIMIT,1701316588361,0.8,17.863609
INJUSDT,BUY,LIMIT,1701316591866,2.1,17.853865
INJUSDT,BUY,LIMIT,1701316594158,7.6,17.873374
INJUSDT,BUY,LIMIT,1701316595173,11.3,17.894249
INJUSDT,BUY,LIMIT,1701316609534,6.5,17.900911
INJUSDT,BUY,LIMIT,1701316772927,4.6,17.940527
INJUSDT,BUY,LIMIT,1701316778259,74.0,17.959418
INJUSDT,BUY,LIMIT,1701316799092,11.8,17.970686
INJUSDT,BUY,LIMIT,1701316801403,10.0,17.989045
INJUSDT,BUY,LIMIT,1701316819386,0.3,18.004488
INJUSDT,BUY,LIMIT,1701316834411,306.5,18.023414
INJUSDT,BUY,LIMIT,1701316847047,9.1,18.035747
INJUSDT,BUY,LIMIT,1701316851273,11.1,18.036250
INJUSDT,BUY,LIMIT,1701316869369,3.0,18.052023
INJUSDT,BUY,LIMIT,1701316876560,64.7,18.079362
INJUSDT,BUY,LIMIT,1701316880064,40.0,18.085177
INJUSDT,BUY,LIMIT,1701317001284,11.0,18.098354
INJUSDT,BUY,LIMIT,1701317002289,9.6,18.091625
INJUSDT,BUY,LIMIT,1701317017041,11.5,18.136042
INJUSDT,BUY,LIMIT,1701317018465,238.6,18.138664
INJUSDT,BUY,LIMIT,1701317023978,155.5,18.153960
INJUSDT,BUY,LIMIT,1701317143335,6.6,18.174956
INJUSDT,BUY,LIMIT,1701317147201,37.6,18.196500
INJUSDT,BUY,LIMIT,1701317148936,7.5,18.202248
INJUSDT,BUY,LIMIT,1701317161098,1.1,18.220214
INJUSDT,BUY,LIMIT,1701317264001,12.0,18.224389
INJUSDT,BUY,LIMIT,1701317483585,4.9,18.233582
INJUSDT,BUY,LIMIT,1701317732746,9.2,18.249555
INJUSDT,BUY,LIMIT,1701317739172,12.0,18.253906
INJUSDT,BUY,LIMIT,1701317744650,33.0,18.267515
INJUSDT,BUY,LIMIT,1701318320441,11.0,18.281460
INJUSDT,BUY,LIMIT,1701318329992,0.6,18.283066
INJUSDT,BUY,LIMIT,1701318332379,93.6,18.284855
INJUSDT,BUY,LIMIT,1701318362423,4.4,18.286912
INJUSDT,BUY,LIMIT,1701319030844,2.0,18.311196
INJUSDT,SELL,LIMIT,1701319834242,16.8,17.417340
INJUSDT,SELL,LIMIT,1701319835955,2.7,17.488778
INJUSDT,SELL,LIMIT,1701320889314,1.0,17.424900
INJUSDT,SELL,LIMIT,1701320999167,280.6,17.451542
INJUSDT,SELL,LIMIT,1701323758489,2.2,17.150153
INJUSDT,BUY,LIMIT,1701329795636,11.5,18.242944
INJUSDT,BUY,LIMIT,1701336586175,0.5,18.336708
INJUSDT,BUY,LIMIT,1701336649076,28.4,18.342208
INJUSDT,BUY,LIMIT,1701336650331,113.7,18.342450
INJUSDT,BUY,LIMIT,1701336658265,0.7,18.349920
INJUSDT,BUY,LIMIT,1701337161473,59.8,18.399127
INJUSDT,BUY,LIMIT,1701337167224,22.3,18.411117
INJUSDT,BUY,LIMIT,1701337169919,8.3,18.444898
INJUSDT,BUY,LIMIT,1701337190944,30.3,18.456431
INJUSDT,BUY,LIMIT,1701337193042,9.5,18.470178
INJUSDT,BUY,LIMIT,1701337452703,9.0,18.485686
INJUSDT,BUY,LIMIT,1701337475744,23.9,18.503718
INJUSDT,BUY,LIMIT,1701337478288,1.8,18.508319
INJUSDT,BUY,LIMIT,1701337480496,7.3,18.513073
INJUSDT,BUY,LIMIT,1701337484525,5.5,18.531764
INJUSDT,BUY,LIMIT,1701337623428,70.0,18.534338
INJUSDT,BUY,LIMIT,1701337630450,0.6,18.534292
INJUSDT,BUY,LIMIT,1701337631705,1.0,18.551799
INJUSDT,BUY,LIMIT,1701337644371,28.3,18.556489
INJUSDT,BUY,LIMIT,1701337653190,30.4,18.561268
INJUSDT,BUY,LIMIT,1701337661231,10.7,18.568035
INJUSDT,BUY,LIMIT,1701337662315,62.2,18.567952
INJUSDT,BUY,LIMIT,1701337663394,339.4,18.586311
INJUSDT,BUY,LIMIT,1701337866388,0.3,18.583318
INJUSDT,BUY,LIMIT,1701337869364,4.5,18.591299
INJUSDT,BUY,LIMIT,1701337882518,0.5,18.606631
INJUSDT,SELL,LIMIT,1701344230094,0.5,17.773485
INJUSDT,BUY,LIMIT,1701345499761,811.5,18.591392
INJUSDT,BUY,LIMIT,1701348475046,3.5,18.514020
INJUSDT,BUY,LIMIT,1701349509436,11.9,18.398291
INJUSDT,SELL,LIMIT,1701349642376,33.0,17.675808
INJUSDT,BUY,LIMIT,1701351547752,2.1,18.609820
INJUSDT,BUY,LIMIT,1701351549651,20.6,18.615202
INJUSDT,BUY,LIMIT,1701351550876,0.3,18.624721
INJUSDT,BUY,LIMIT,1701351556951,0.1,18.641169
INJUSDT,BUY,LIMIT,1701351561066,149.1,18.671072
INJUSDT,BUY,LIMIT,1701351562099,135.2,18.662313
INJUSDT,BUY,LIMIT,1701351563236,0.5,18.677595
INJUSDT,BUY,LIMIT,1701351934062,42.1,18.627967
INJUSDT,BUY,LIMIT,1701351956173,3.2,18.622062
INJUSDT,SELL,LIMIT,1701353033017,17.9,17.568688
INJUSDT,SELL,LIMIT,1701353044584,7.9,17.545099
INJUSDT,SELL,LIMIT,1701353048996,352.3,17.509560
INJUSDT,SELL,LIMIT,1701354874887,6.9,17.489940
INJUSDT,SELL,LIMIT,1701354881200,26.3,17.473346
INJUSDT,SELL,LIMIT,1701354893035,20.0,17.450769
INJUSDT,SELL,LIMIT,1701354895900,206.5,17.431471
INJUSDT,SELL,LIMIT,1701354898147,13.7,17.427904
INJUSDT,SELL,LIMIT,1701354899378,23.4,17.422808
INJUSDT,SELL,LIMIT,1701354901114,2.5,17.401694
INJUSDT,SELL,LIMIT,1701354902449,0.8,17.406169
INJUSDT,SELL,LIMIT,1701354919192,0.7,17.394984
INJUSDT,SELL,LIMIT,1701354920214,20.4,17.394582
INJUSDT,SELL,LIMIT,1701354921239,114.7,17.380717
INJUSDT,SELL,LIMIT,1701354925093,42.9,17.375119
INJUSDT,SELL,LIMIT,1701354928362,5.8,17.372677
INJUSDT,SELL,LIMIT,1701354951889,16.7,17.368774
INJUSDT,SELL,LIMIT,1701355184070,0.9,17.418477
INJUSDT,SELL,LIMIT,1701355367569,8.4,17.366971
INJUSDT,SELL,LIMIT,1701355372693,38.7,17.360067
INJUSDT,SELL,LIMIT,1701355379142,76.6,17.347802
INJUSDT,SELL,LIMIT,1701355380913,6.4,17.333422
INJUSDT,BUY,LIMIT,1701357795013,43.2,18.421824
INJUSDT,BUY,LIMIT,1701357900048,2.5,18.451940
INJUSDT,SELL,LIMIT,1701361095410,4.7,17.518590
INJUSDT,BUY,LIMIT,1701361936790,33.1,18.543546
INJUSDT,BUY,LIMIT,1701364456066,7.5,18.447187
INJUSDT,SELL,LIMIT,1701364807408,79.3,17.664501
INJUSDT,BUY,LIMIT,1701379725322,280.2,18.546451
INJUSDT,BUY,LIMIT,1701379789125,212.4,18.594994
INJUSDT,BUY,LIMIT,1701379796000,1.3,18.609558
INJUSDT,BUY,LIMIT,1701379862319,1.5,18.605378
INJUSDT,BUY,LIMIT,1701379910084,1.8,18.624773
INJUSDT,BUY,LIMIT,1701379911555,7.5,18.626081
INJUSDT,BUY,LIMIT,1701379920013,87.3,18.641951
INJUSDT,BUY,LIMIT,1701379927265,120.9,18.645696
INJUSDT,BUY,LIMIT,1701379946491,1.4,18.657888
INJUSDT,BUY,LIMIT,1701379948510,0.1,18.670154
INJUSDT,BUY,LIMIT,1701379970059,55.9,18.692804
INJUSDT,BUY,LIMIT,1701379971965,4.1,18.694281
INJUSDT,BUY,LIMIT,1701380179064,11.2,18.698911
INJUSDT,BUY,LIMIT,1701380180462,1.7,18.700520
INJUSDT,BUY,LIMIT,1701380185699,8.1,18.711291
INJUSDT,BUY,LIMIT,1701380186883,378.3,18.739438
INJUSDT,BUY,LIMIT,1701380187932,1.2,18.714702
INJUSDT,BUY,LIMIT,1701382045493,7.6,18.739560
INJUSDT,BUY,LIMIT,1701382063402,14.2,18.749422
INJUSDT,BUY,LIMIT,1701382090766,6.8,18.753835
INJUSDT,BUY,LIMIT,1701382288483,3.7,18.755481
INJUSDT,BUY,LIMIT,1701383194817,7.9,18.768132
INJUSDT,BUY,LIMIT,1701383196283,11.0,18.769125
INJUSDT,BUY,LIMIT,1701383197422,0.8,18.788704
INJUSDT,BUY,LIMIT,1701383449347,3.0,18.801224
INJUSDT,BUY,LIMIT,1701383450408,3.4,18.802358
INJUSDT,BUY,LIMIT,1701383453626,14.5,18.814213
INJUSDT,BUY,LIMIT,1701383634449,2.1,18.815938
INJUSDT,BUY,LIMIT,1701383641263,11.3,18.821997
INJUSDT,BUY,LIMIT,1701388881127,12.2,18.832289
INJUSDT,BUY,LIMIT,1701388891612,5.4,18.835509
INJUSDT,BUY,LIMIT,1701388903775,7.3,18.837285
INJUSDT,BUY,LIMIT,1701388907470,2.8,18.844577
INJUSDT,BUY,LIMIT,1701388911247,8.3,18.850069
INJUSDT,BUY,LIMIT,1701388912646,0.8,18.851783
INJUSDT,BUY,LIMIT,1701388914050,5.5,18.877196
INJUSDT,BUY,LIMIT,1701388915069,0.5,18.869524
INJUSDT,BUY,LIMIT,1701388916163,0.9,18.885521
INJUSDT,BUY,LIMIT,1701388942074,18.4,18.883865
INJUSDT,BUY,LIMIT,1701389129462,11.0,18.867960
INJUSDT,BUY,LIMIT,1701389185312,25.5,18.875147
INJUSDT,BUY,LIMIT,1701389187338,62.4,18.875147
INJUSDT,SELL,LIMIT,1701390437243,2.0,17.866585
INJUSDT,SELL,LIMIT,1701390583600,26.2,17.781161
INJUSDT,BUY,LIMIT,1701391138227,12.4,18.657271
INJUSDT,BUY,LIMIT,1701391307253,1.9,18.671604
INJUSDT,BUY,LIMIT,1701392587007,12.4,18.546660
INJUSDT,BUY,LIMIT,1701392869125,11.4,18.611498
INJUSDT,BUY,LIMIT,1701393417493,37.4,18.615479
INJUSDT,BUY,LIMIT,1701393526115,2.6,18.565966
INJUSDT,BUY,LIMIT,1701393536136,82.0,18.575233
INJUSDT,BUY,LIMIT,1701393541474,15.0,18.493686
INJUSDT,BUY,LIMIT,1701393753506,17.2,18.619045
INJUSDT,BUY,LIMIT,1701393774579,2795.3,18.718977
INJUSDT,BUY,LIMIT,1701393792548,28.5,18.642542
INJUSDT,BUY,LIMIT,1701394032152,20.0,18.815704
INJUSDT,BUY,LIMIT,1701394555100,5.5,18.521585
INJUSDT,BUY,LIMIT,1701396482505,87.1,18.673185
INJUSDT,SELL,LIMIT,1701398847356,1.0,17.697438
INJUSDT,SELL,LIMIT,1701398861904,46.9,17.682573
INJUSDT,SELL,LIMIT,1701398922068,64.9,17.653724
INJUSDT,SELL,LIMIT,1701398923370,83.9,17.656066
INJUSDT,SELL,LIMIT,1701398970029,23.9,17.623741
INJUSDT,SELL,LIMIT,1701399023986,95.3,17.621513
INJUSDT,SELL,LIMIT,1701399108393,87.8,17.586319
INJUSDT,SELL,LIMIT,1701399110207,22.5,17.576117
INJUSDT,SELL,LIMIT,1701399126757,4.5,17.543689
INJUSDT,SELL,LIMIT,1701399128632,273.7,17.538383
INJUSDT,SELL,LIMIT,1701399134222,15.4,17.533253
INJUSDT,BUY,LIMIT,1701400262471,11.0,18.358286
INJUSDT,BUY,LIMIT,1701400824067,10.0,18.370221
INJUSDT,BUY,LIMIT,1701401807089,4.9,18.429361
INJUSDT,BUY,LIMIT,1701403294524,9.0,18.643966
INJUSDT,BUY,LIMIT,1701404055657,122.7,18.634676
INJUSDT,BUY,LIMIT,1701405515309,0.3,18.391813
INJUSDT,BUY,LIMIT,1701410586823,0.5,18.157785
INJUSDT,SELL,LIMIT,1701412311767,1.4,17.603018
INJUSDT,SELL,LIMIT,1701416376327,2.0,17.764728
INJUSDT,SELL,LIMIT,1701416427522,1.8,17.739961
INJUSDT,BUY,LIMIT,1701422218260,36.1,18.639955
INJUSDT,BUY,LIMIT,1701422231625,102.1,18.567537
INJUSDT,BUY,LIMIT,1701422238022,20.6,18.676358
INJUSDT,BUY,LIMIT,1701422240595,1.8,18.715636
INJUSDT,BUY,LIMIT,1701422243625,19.2,18.754505
INJUSDT,BUY,LIMIT,1701422245016,22.1,18.755454
INJUSDT,BUY,LIMIT,1701422259278,10.7,18.799933
INJUSDT,BUY,LIMIT,1701422262128,17.9,18.810105
INJUSDT,BUY,LIMIT,1701422296074,3.5,18.819591
INJUSDT,BUY,LIMIT,1701422297083,0.4,18.821051
INJUSDT,BUY,LIMIT,1701422319187,0.7,18.750426
INJUSDT,BUY,LIMIT,1701422320510,67.8,18.820020
INJUSDT,BUY,LIMIT,1701423503087,0.9,18.840489
INJUSDT,BUY,LIMIT,1701423511894,154.6,18.856822
INJUSDT,BUY,LIMIT,1701423514327,5.6,18.858173
INJUSDT,BUY,LIMIT,1701423519897,17.2,18.872116
INJUSDT,BUY,LIMIT,1701423530338,36.3,18.897742
INJUSDT,BUY,LIMIT,1701423533693,55.3,18.904333
INJUSDT,BUY,LIMIT,1701423639797,4.4,18.915494
INJUSDT,BUY,LIMIT,1701423653238,2.9,18.927344
INJUSDT,BUY,LIMIT,1701423655373,276.0,18.933356
INJUSDT,BUY,LIMIT,1701423657239,1.7,18.938728
INJUSDT,BUY,LIMIT,1701423954675,1.6,18.933439
INJUSDT,BUY,LIMIT,1701424041243,9.2,18.940558
INJUSDT,BUY,LIMIT,1701424045118,1.5,18.949813
INJUSDT,BUY,LIMIT,1701424046388,14.5,18.949127
INJUSDT,BUY,LIMIT,1701424047525,34.9,18.951241
INJUSDT,BUY,LIMIT,1701424054474,3.7,18.958861
INJUSDT,BUY,LIMIT,1701424058239,6.5,19.002045
INJUSDT,BUY,LIMIT,1701424059316,10.4,18.993874
INJUSDT,BUY,LIMIT,1701424060363,0.8,19.024989
INJUSDT,BUY,LIMIT,1701424061392,20.3,19.049903
INJUSDT,BUY,LIMIT,1701424062607,2.4,19.086150
INJUSDT,BUY,LIMIT,1701424105344,0.7,19.090236
INJUSDT,BUY,LIMIT,1701424107287,6.8,19.113817
INJUSDT,BUY,LIMIT,1701424108527,85.9,19.111207
INJUSDT,BUY,LIMIT,1701424113947,2.5,19.118010
INJUSDT,BUY,LIMIT,1701424119286,280.0,19.132635
INJUSDT,BUY,LIMIT,1701424121590,283.8,19.140228
INJUSDT,BUY,LIMIT,1701424128481,4.9,19.154932
INJUSDT,BUY,LIMIT,1701424133584,4.2,19.161451
INJUSDT,BUY,LIMIT,1701424187732,1.3,19.170282
INJUSDT,BUY,LIMIT,1701424188997,149.0,19.192288
INJUSDT,BUY,LIMIT,1701424190208,21.8,19.195519
INJUSDT,BUY,LIMIT,1701424210272,4.1,19.198387
INJUSDT,BUY,LIMIT,1701424215153,4.2,19.220745
INJUSDT,BUY,LIMIT,1701424216370,16.8,19.233664
INJUSDT,BUY,LIMIT,1701424581558,32.4,19.155256
INJUSDT,BUY,LIMIT,1701424804305,18.0,19.168110
INJUSDT,BUY,LIMIT,1701424824924,10.1,19.206612
INJUSDT,BUY,LIMIT,1701424843405,101.5,19.239592
INJUSDT,BUY,LIMIT,1701424844426,14.4,19.238596
INJUSDT,BUY,LIMIT,1701424847321,0.7,19.242730
INJUSDT,BUY,LIMIT,1701424852491,45.9,19.245718
INJUSDT,BUY,LIMIT,1701424853625,27.7,19.249554
INJUSDT,BUY,LIMIT,1701424855907,12.3,19.256729
INJUSDT,SELL,LIMIT,1701428607892,191.9,18.125168
INJUSDT,SELL,LIMIT,1701433381383,10.6,18.030636
INJUSDT,SELL,LIMIT,1701433385031,6.1,18.019576
INJUSDT,SELL,LIMIT,1701433408349,0.9,18.001494
INJUSDT,SELL,LIMIT,1701439783548,18.7,17.919850
INJUSDT,SELL,LIMIT,1701439789717,22.7,17.905794
INJUSDT,SELL,LIMIT,1701439790819,3.7,17.887500
INJUSDT,BUY,LIMIT,1701441550811,119.4,18.639044
INJUSDT,BUY,LIMIT,1701441615034,17.4,18.675370
INJUSDT,SELL,LIMIT,1701441835298,2.6,17.869323
INJUSDT,SELL,LIMIT,1701441853509,26.4,17.855175
INJUSDT,SELL,LIMIT,1701442085683,77.3,17.832494
INJUSDT,SELL,LIMIT,1701442087063,0.5,17.809790
INJUSDT,SELL,LIMIT,1701442088691,10.6,17.807635
INJUSDT,SELL,LIMIT,1701442161607,20.4,17.791824
INJUSDT,SELL,LIMIT,1701442163187,4.3,17.775024
INJUSDT,SELL,LIMIT,1701442167097,72.0,17.773401
INJUSDT,SELL,LIMIT,1701442191265,1.2,17.724538
INJUSDT,SELL,LIMIT,1701442220691,1.8,17.702007
INJUSDT,BUY,LIMIT,1701443682481,8.9,18.621896
INJUSDT,BUY,LIMIT,1701447484920,154.3,18.699660
INJUSDT,BUY,LIMIT,1701447548689,2.3,18.700382
INJUSDT,BUY,LIMIT,1701447701715,5.2,18.746448
INJUSDT,BUY,LIMIT,1701447740418,5.3,18.822206
INJUSDT,BUY,LIMIT,1701447741427,6.8,18.803262
INJUSDT,BUY,LIMIT,1701447840404,18.8,18.865920
INJUSDT,BUY,LIMIT,1701447845409,7.1,18.862247
INJUSDT,BUY,LIMIT,1701447899118,0.3,18.900191
INJUSDT,BUY,LIMIT,1701447922154,5.4,18.801723
INJUSDT,BUY,LIMIT,1701447938525,509.9,18.960620
INJUSDT,BUY,LIMIT,1701448196796,5.9,18.927548
INJUSDT,BUY,LIMIT,1701448430457,0.8,18.862732
INJUSDT,SELL,LIMIT,1701448436612,59.9,18.145781
INJUSDT,BUY,LIMIT,1701448459658,0.3,18.764561
INJUSDT,BUY,LIMIT,1701448495814,1.7,18.897205
INJUSDT,BUY,LIMIT,1701448524189,28.4,18.917380
INJUSDT,BUY,LIMIT,1701448534492,4.0,18.933983
INJUSDT,BUY,LIMIT,1701448548462,1.1,18.936584
INJUSDT,BUY,LIMIT,1701448552322,13.7,18.941617
INJUSDT,BUY,LIMIT,1701448553440,68.6,18.939373
INJUSDT,BUY,LIMIT,1701448578917,44.4,18.981531
INJUSDT,BUY,LIMIT,1701453791318,30.6,18.616220
INJUSDT,BUY,LIMIT,1701453795487,1.6,8.368913
INJUSDT,BUY,LIMIT,1701460029389,5.2,18.494527
INJUSDT,BUY,LIMIT,1701460031295,1.3,17.959565
INJUSDT,BUY,LIMIT,1701460032490,0.8,14.566838
INJUSDT,BUY,LIMIT,1701460579958,6.0,18.595620
INJUSDT,BUY,LIMIT,1701462832239,13.0,18.575291
INJUSDT,SELL,LIMIT,1701464321077,7.2,17.784095
INJUSDT,SELL,LIMIT,1701470122347,5.5,17.704117
INJUSDT,SELL,LIMIT,1701470148095,6.8,17.691118
INJUSDT,SELL,LIMIT,1701470163479,1.2,17.688792
INJUSDT,SELL,LIMIT,1701470378569,1.5,17.653117
INJUSDT,SELL,LIMIT,1701470379616,134.0,17.613476
INJUSDT,SELL,LIMIT,1701470381268,3.6,17.602381
INJUSDT,SELL,LIMIT,1701470638982,10.6,17.590192
INJUSDT,SELL,LIMIT,1701470641357,0.8,17.574826
INJUSDT,SELL,LIMIT,1701470642557,17.6,17.569335
INJUSDT,SELL,LIMIT,1701470648222,1.3,17.554283
INJUSDT,SELL,LIMIT,1701470649319,19.9,17.479213
INJUSDT,SELL,LIMIT,1701470650345,0.9,17.451995
INJUSDT,SELL,LIMIT,1701470651511,31.2,17.444009
INJUSDT,SELL,LIMIT,1701470653204,2.6,17.430275
INJUSDT,SELL,LIMIT,1701477214185,50.0,17.398958
INJUSDT,BUY,LIMIT,1701480664693,15.1,18.429448
INJUSDT,BUY,LIMIT,1701485668096,11.1,18.373529
INJUSDT,BUY,LIMIT,1701485991142,2.4,18.314956
INJUSDT,BUY,LIMIT,1701485992360,0.5,18.363278
INJUSDT,BUY,LIMIT,1701485993525,9.8,18.361541
INJUSDT,BUY,LIMIT,1701485995057,3.7,17.666572
INJUSDT,BUY,LIMIT,1701485997187,0.5,17.564893
INJUSDT,BUY,LIMIT,1701485998463,1.3,12.398412
INJUSDT,BUY,LIMIT,1701486000036,14.5,17.894481
INJUSDT,BUY,LIMIT,1701486001368,10.0,18.225906
INJUSDT,BUY,LIMIT,1701486002387,3.0,18.373721
INJUSDT,BUY,LIMIT,1701486004124,9.6,18.377605
INJUSDT,BUY,LIMIT,1701486005587,5.6,18.385701
INJUSDT,BUY,LIMIT,1701486006596,2.2,18.385772
INJUSDT,BUY,LIMIT,1701486011741,18.8,18.389363
INJUSDT,BUY,LIMIT,1701488660026,130.5,18.446689
INJUSDT,BUY,LIMIT,1701488986450,66.5,18.558067
INJUSDT,BUY,LIMIT,1701492673166,128.5,18.547674
INJUSDT,BUY,LIMIT,1701492870172,44.0,18.616757
INJUSDT,BUY,LIMIT,1701492871186,23.1,18.598529
INJUSDT,BUY,LIMIT,1701492901321,6.0,18.645853
INJUSDT,BUY,LIMIT,1701492916120,30.6,18.670259
INJUSDT,BUY,LIMIT,1701492998998,59.9,18.654786
INJUSDT,BUY,LIMIT,1701493024823,57.5,18.685486
INJUSDT,BUY,LIMIT,1701493223372,7.3,18.714776
INJUSDT,BUY,LIMIT,1701493224920,8.4,18.724722
INJUSDT,BUY,LIMIT,1701500307682,90.8,18.667098
INJUSDT,BUY,LIMIT,1701500720099,0.8,18.707198
INJUSDT,BUY,LIMIT,1701500727973,58.8,18.706800
INJUSDT,BUY,LIMIT,1701501026948,7.1,18.727238
INJUSDT,BUY,LIMIT,1701501032439,28.0,18.729168
INJUSDT,BUY,LIMIT,1701501697141,2.7,18.768778
INJUSDT,BUY,LIMIT,1701502978841,25.1,18.668282
INJUSDT,BUY,LIMIT,1701503177526,8.0,18.637375
INJUSDT,BUY,LIMIT,1701504550102,56.2,18.552457
INJUSDT,SELL,LIMIT,1701507397308,1.0,17.686414
