Symbol,Side,Order Type,Time,Quantity,Price
IOSTUSDT,SELL,LIMIT,1701931837104,4095,0.009452
IOSTUSDT,SELL,LIMIT,1701937350332,46198,0.009447
IOSTUSDT,SELL,LIMIT,1701939473871,4663,0.009351
IOSTUSDT,SELL,LIMIT,1701939570874,525618,0.009353
IOSTUSDT,SELL,LIMIT,1701939572776,5266,0.009343
IOSTUSDT,SELL,LIMIT,1701939976271,255649,0.009322
IOSTUSDT,SELL,LIMIT,1701940003379,10389,0.009310
IOSTUSDT,SELL,LIMIT,1701940053116,177514,0.009300
IOSTUSDT,SELL,LIMIT,1701940524704,154453,0.009278
IOSTUSDT,SELL,LIMIT,1701940543551,514033,0.009275
IOSTUSDT,SELL,LIMIT,1701940546054,25318,0.009267
IOSTUSDT,SELL,LIMIT,1701940563156,300,0.009252
IOSTUSDT,SELL,LIMIT,1701940564318,112628,0.009252
IOSTUSDT,SELL,LIMIT,1701940565848,3077,0.009245
IOSTUSDT,SELL,LIMIT,1701940568506,2597,0.009241
IOSTUSDT,SELL,LIMIT,1701940571529,150541,0.009237
IOSTUSDT,SELL,LIMIT,1701941064493,74380,0.009236
IOSTUSDT,SELL,LIMIT,1701941076310,14719,0.009226
IOSTUSDT,SELL,LIMIT,1701941160592,31280,0.009206
IOSTUSDT,SELL,LIMIT,1701941166081,29325,0.009206
IOSTUSDT,SELL,LIMIT,1701941187474,71042,0.009181
IOSTUSDT,SELL,LIMIT,1701941192906,492686,0.009174
IOSTUSDT,SELL,LIMIT,1701949643317,915,0.009317
IOSTUSDT,BUY,LIMIT,1701950842425,74188,0.009652
IOSTUSDT,SELL,LIMIT,1701951897699,2947,0.009406
IOSTUSDT,BUY,LIMIT,1701959507216,966,0.009774
IOSTUSDT,BUY,LIMIT,1701962844777,110380,0.009809
IOSTUSDT,BUY,LIMIT,1701963130862,29077,0.009850
IOSTUSDT,SELL,LIMIT,1701970949670,13378,0.009557
IOSTUSDT,SELL,LIMIT,1701970968945,3078,0.009550
IOSTUSDT,SELL,LIMIT,1701971370939,7083,0.009525
IOSTUSDT,SELL,LIMIT,1701974780220,965,0.009498
IOSTUSDT,SELL,LIMIT,1701976454741,18387,0.009488
IOSTUSDT,SELL,LIMIT,1701977176301,239546,0.009460
IOSTUSDT,BUY,LIMIT,1701983075400,3530,0.009789
IOSTUSDT,BUY,LIMIT,1702014630997,859,0.009944
IOSTUSDT,BUY,LIMIT,1702014700235,2790,0.009973
IOSTUSDT,BUY,LIMIT,1702014772221,14009,0.009995
IOSTUSDT,BUY,LIMIT,1702014773245,1260,0.009988
IOSTUSDT,BUY,LIMIT,1702016991704,474,0.010046
IOSTUSDT,SELL,LIMIT,1702019109335,47917,0.009691
IOSTUSDT,SELL,LIMIT,1702021483606,286,0.009675
IOSTUSDT,BUY,LIMIT,1702021771696,2071,0.010055
IOSTUSDT,BUY,LIMIT,1702027534166,2806,0.010051
IOSTUSDT,BUY,LIMIT,1702027716940,625,0.010076
IOSTUSDT,BUY,LIMIT,1702027954526,2922,0.010084
IOSTUSDT,BUY,LIMIT,1702032231363,25326,0.010066
IOSTUSDT,BUY,LIMIT,1702032517547,1058,0.010096
IOSTUSDT,BUY,LIMIT,1702032518793,1220,0.010102
IOSTUSDT,BUY,LIMIT,1702032643344,9601,0.010118
IOSTUSDT,BUY,LIMIT,1702032931247,4604,0.010126
IOSTUSDT,BUY,LIMIT,1702034788863,2311,0.010096
IOSTUSDT,BUY,LIMIT,1702035271039,533,0.010131
IOSTUSDT,BUY,LIMIT,1702041642442,10054,0.010153
IOSTUSDT,BUY,LIMIT,1702048821216,17847,0.010245
IOSTUSDT,BUY,LIMIT,1702053445379,6971,0.010289
IOSTUSDT,SELL,LIMIT,1702055757403,1587,0.009886
IOSTUSDT,BUY,LIMIT,1702056077657,8813,0.010231
IOSTUSDT,SELL,LIMIT,1702056442848,80294,0.009883
IOSTUSDT,BUY,LIMIT,1702059491159,1884,0.010307
IOSTUSDT,BUY,LIMIT,1702060662298,1723,0.010365
IOSTUSDT,BUY,LIMIT,1702061286953,5600,0.010392
IOSTUSDT,BUY,LIMIT,1702061638327,544,0.010386
IOSTUSDT,BUY,LIMIT,1702064737449,3048,0.010434
IOSTUSDT,BUY,LIMIT,1702069078918,4962,0.010468
IOSTUSDT,SELL,LIMIT,1702069750133,4213,0.010093
IOSTUSDT,SELL,LIMIT,1702070682374,11706,0.010050
IOSTUSDT,SELL,LIMIT,1702071753823,144791,0.010048
IOSTUSDT,BUY,LIMIT,1702080566139,1188,0.010421
IOSTUSDT,BUY,LIMIT,1702081585139,514,0.010396
IOSTUSDT,BUY,LIMIT,1702081652141,10926,0.010399
IOSTUSDT,SELL,LIMIT,1702084057012,16211,0.010014
IOSTUSDT,SELL,LIMIT,1702084104213,24529,0.009996
IOSTUSDT,SELL,LIMIT,1702084109369,3905,0.009989
IOSTUSDT,SELL,LIMIT,1702084110613,2280,0.009968
IOSTUSDT,BUY,LIMIT,1702084803694,1430,0.010316
IOSTUSDT,BUY,LIMIT,1702092580629,2826,0.010427
IOSTUSDT,BUY,LIMIT,1702094804566,32247,0.010494
IOSTUSDT,BUY,LIMIT,1702094976158,7433,0.010485
IOSTUSDT,BUY,LIMIT,1702095991937,1434,0.010499
IOSTUSDT,BUY,LIMIT,1702098694522,3053,0.010478
IOSTUSDT,SELL,LIMIT,1702104067086,1804,0.010207
IOSTUSDT,BUY,LIMIT,1702108233149,4862,0.010542
IOSTUSDT,BUY,LIMIT,1702108555235,7510,0.010540
IOSTUSDT,BUY,LIMIT,1702109892379,1270,0.010514
IOSTUSDT,BUY,LIMIT,1702110686107,6904,0.010493
IOSTUSDT,SELL,LIMIT,1702110875819,974,0.010132
IOSTUSDT,BUY,LIMIT,1702110881491,2818,0.010433
IOSTUSDT,SELL,LIMIT,1702110910123,2907,0.010105
IOSTUSDT,SELL,LIMIT,1702111030123,16495,0.010032
IOSTUSDT,SELL,LIMIT,1702111046720,3652,0.009993
IOSTUSDT,SELL,LIMIT,1702111376388,149232,0.009953
IOSTUSDT,SELL,LIMIT,1702123284102,51329,0.010049
IOSTUSDT,BUY,LIMIT,1702127175404,16548,0.010423
IOSTUSDT,SELL,LIMIT,1702131254065,4725,0.010232
IOSTUSDT,SELL,LIMIT,1702132822551,5794,0.010089
IOSTUSDT,SELL,LIMIT,1702133003204,7974,0.010050
IOSTUSDT,SELL,LIMIT,1702133344135,1525,0.009999
