Symbol,Side,Order Type,Time,Quantity,Price
IOSTUSDT,SELL,LIMIT,1701931837104,4095,0.009452
IOSTUSDT,SELL,LIMIT,1701937350332,46198,0.009447
IOSTUSDT,SELL,LIMIT,1701939473871,4663,0.009351
IOSTUSDT,SELL,LIMIT,1701939570874,525618,0.009353
IOSTUSDT,SELL,LIMIT,1701939572776,5266,0.009343
IOSTUSDT,SELL,LIMIT,1701939976271,255649,0.009322
IOSTUSDT,SELL,LIMIT,1701940003379,10389,0.009310
IOSTUSDT,SELL,LIMIT,1701940053116,177514,0.009300
IOSTUSDT,SELL,LIMIT,1701940524704,154453,0.009278
IOSTUSDT,SELL,LIMIT,1701940543551,514033,0.009275
IOSTUSDT,SELL,LIMIT,1701940546054,25318,0.009267
IOSTUSDT,SELL,LIMIT,1701940563156,300,0.009252
IOSTUSDT,SELL,LIMIT,1701940564318,112628,0.009252
IOSTUSDT,SELL,LIMIT,1701940565848,3077,0.009245
IOSTUSDT,SELL,LIMIT,1701940568506,2597,0.009241
IOSTUSDT,SELL,LIMIT,1701940571529,150541,0.009237
IOSTUSDT,SELL,LIMIT,1701941064493,74380,0.009236
IOSTUSDT,SELL,LIMIT,1701941076310,14719,0.009226
IOSTUSDT,SELL,LIMIT,1701941160592,31280,0.009206
IOSTUSDT,SELL,LIMIT,1701941166081,29325,0.009206
IOSTUSDT,SELL,LIMIT,1701941187474,71042,0.009181
IOSTUSDT,SELL,LIMIT,1701941192906,492686,0.009174
IOSTUSDT,SELL,LIMIT,1701949643317,915,0.009317
IOSTUSDT,BUY,LIMIT,1701950842425,74188,0.009652
IOSTUSDT,SELL,LIMIT,1701951897699,2947,0.009406
IOSTUSDT,BUY,LIMIT,1701959507216,966,0.009774
IOSTUSDT,BUY,LIMIT,1701962844777,110380,0.009809
IOSTUSDT,BUY,LIMIT,1701963130862,29077,0.009850
IOSTUSDT,SELL,LIMIT,1701970949670,13378,0.009557
IOSTUSDT,SELL,LIMIT,1701970968945,3078,0.009550
IOSTUSDT,SELL,LIMIT,1701971370939,7083,0.009525
IOSTUSDT,SELL,LIMIT,1701974780220,965,0.009498
IOSTUSDT,SELL,LIMIT,1701976454741,18387,0.009488
IOSTUSDT,SELL,LIMIT,1701977176301,239546,0.009460
IOSTUSDT,BUY,LIMIT,1701983075400,3530,0.009789
IOSTUSDT,BUY,LIMIT,1702014630997,859,0.009944
IOSTUSDT,BUY,LIMIT,1702014700235,2790,0.009973
IOSTUSDT,BUY,LIMIT,1702014772221,14009,0.009995
IOSTUSDT,BUY,LIMIT,1702014773245,1260,0.009988
IOSTUSDT,BUY,LIMIT,1702016991704,474,0.010046
IOSTUSDT,SELL,LIMIT,1702019109335,47917,0.009691
IOSTUSDT,SELL,LIMIT,1702021483606,286,0.009675
IOSTUSDT,BUY,LIMIT,1702021771696,2071,0.010055
IOSTUSDT,BUY,LIMIT,1702027534166,2806,0.010051
IOSTUSDT,BUY,LIMIT,1702027716940,625,0.010076
IOSTUSDT,BUY,LIMIT,1702027954526,2922,0.010084
IOSTUSDT,BUY,LIMIT,1702032231363,25326,0.010066
IOSTUSDT,BUY,LIMIT,1702032517547,1058,0.010096
IOSTUSDT,BUY,LIMIT,1702032518793,1220,0.010102
IOSTUSDT,BUY,LIMIT,1702032643344,9601,0.010118
IOSTUSDT,BUY,LIMIT,1702032931247,4604,0.010126
IOSTUSDT,BUY,LIMIT,1702034788863,2311,0.010096
IOSTUSDT,BUY,LIMIT,1702035271039,533,0.010131
IOSTUSDT,BUY,LIMIT,1702041642442,10054,0.010153
IOSTUSDT,BUY,LIMIT,1702048821216,17847,0.010245
IOSTUSDT,BUY,LIMIT,1702053445379,6971,0.010289
IOSTUSDT,SELL,LIMIT,1702055757403,1587,0.009886
IOSTUSDT,BUY,LIMIT,1702056077657,8813,0.010231
IOSTUSDT,SELL,LIMIT,1702056442848,80294,0.009883
IOSTUSDT,BUY,LIMIT,1702059491159,1884,0.010307
IOSTUSDT,BUY,LIMIT,1702060662298,1723,0.010365
IOSTUSDT,BUY,LIMIT,1702061286953,5600,0.010392
IOSTUSDT,BUY,LIMIT,1702061638327,544,0.010386
IOSTUSDT,BUY,LIMIT,1702064737449,3048,0.010434
IOSTUSDT,BUY,LIMIT,1702069078918,4962,0.010468
IOSTUSDT,SELL,LIMIT,1702069750133,4213,0.010093
IOSTUSDT,SELL,LIMIT,1702070682374,11706,0.010050
IOSTUSDT,SELL,LIMIT,1702071753823,144791,0.010048
IOSTUSDT,BUY,LIMIT,1702080566139,1188,0.010421
IOSTUSDT,BUY,LIMIT,1702081585139,514,0.010396
IOSTUSDT,BUY,LIMIT,1702081652141,10926,0.010399
IOSTUSDT,SELL,LIMIT,1702084057012,16211,0.010014
IOSTUSDT,SELL,LIMIT,1702084104213,24529,0.009996
IOSTUSDT,SELL,LIMIT,1702084109369,3905,0.009989
IOSTUSDT,SELL,LIMIT,1702084110613,2280,0.009968
IOSTUSDT,BUY,LIMIT,1702084803694,1430,0.010316
IOSTUSDT,BUY,LIMIT,1702092580629,2826,0.010427
IOSTUSDT,BUY,LIMIT,1702094804566,32247,0.010494
IOSTUSDT,BUY,LIMIT,1702094976158,7433,0.010485
IOSTUSDT,BUY,LIMIT,1702095991937,1434,0.010499
IOSTUSDT,BUY,LIMIT,1702098694522,3053,0.010478
IOSTUSDT,SELL,LIMIT,1702104067086,1804,0.010207
IOSTUSDT,BUY,LIMIT,1702108233149,4862,0.010542
IOSTUSDT,BUY,LIMIT,1702108555235,7510,0.010540
IOSTUSDT,BUY,LIMIT,1702109892379,1270,0.010514
IOSTUSDT,BUY,LIMIT,1702110686107,6904,0.010493
IOSTUSDT,SELL,LIMIT,1702110875819,974,0.010132
IOSTUSDT,BUY,LIMIT,1702110881491,2818,0.010433
IOSTUSDT,SELL,LIMIT,1702110910123,2907,0.010105
IOSTUSDT,SELL,LIMIT,1702111030123,16495,0.010032
IOSTUSDT,SELL,LIMIT,1702111046720,3652,0.009993
IOSTUSDT,SELL,LIMIT,1702111376388,149232,0.009953
IOSTUSDT,SELL,LIMIT,1702123284102,51329,0.010049
IOSTUSDT,BUY,LIMIT,1702127175404,16548,0.010423
IOSTUSDT,SELL,LIMIT,1702131254065,4725,0.010232
IOSTUSDT,SELL,LIMIT,1702132822551,5794,0.010089
IOSTUSDT,SELL,LIMIT,1702133003204,7974,0.010050
IOSTUSDT,SELL,LIMIT,1702133344135,1525,0.009999
IOSTUSDT,SELL,LIMIT,1702134496516,579,0.010040
IOSTUSDT,SELL,LIMIT,1702138977359,237261,0.010117
IOSTUSDT,SELL,LIMIT,1702139123714,10747,0.010090
IOSTUSDT,SELL,LIMIT,1702139199591,1091,0.010089
IOSTUSDT,SELL,LIMIT,1702140880453,159412,0.010086
IOSTUSDT,SELL,LIMIT,1702141565305,11494,0.010056
IOSTUSDT,SELL,LIMIT,1702141745082,3936,0.010032
IOSTUSDT,SELL,LIMIT,1702141852396,11001,0.009996
IOSTUSDT,BUY,LIMIT,1702147200290,105372,0.010447
IOSTUSDT,SELL,LIMIT,1702161380170,193779,0.010079
IOSTUSDT,SELL,LIMIT,1702164529449,18808,0.009968
IOSTUSDT,SELL,LIMIT,1702164545447,16317,0.009953
IOSTUSDT,SELL,LIMIT,1702164548907,49770,0.009944
IOSTUSDT,SELL,LIMIT,1702164750482,495,0.009914
IOSTUSDT,SELL,LIMIT,1702164800382,189985,0.009913
IOSTUSDT,SELL,LIMIT,1702164803589,1298,0.009906
IOSTUSDT,SELL,LIMIT,1702164808428,25996,0.009877
IOSTUSDT,SELL,LIMIT,1702164810444,120000,0.009905
IOSTUSDT,SELL,LIMIT,1702164868058,37664,0.009866
IOSTUSDT,SELL,LIMIT,1702189088902,767,0.010035
IOSTUSDT,SELL,LIMIT,1702189172824,35890,0.010028
IOSTUSDT,SELL,LIMIT,1702192776545,10508,0.009935
IOSTUSDT,SELL,LIMIT,1702193850906,27239,0.009891
IOSTUSDT,SELL,LIMIT,1702197458231,1252,0.009863
IOSTUSDT,SELL,LIMIT,1702197734478,15375,0.009855
IOSTUSDT,SELL,LIMIT,1702197744648,1283,0.009851
IOSTUSDT,SELL,LIMIT,1702197855702,4876,0.009849
IOSTUSDT,SELL,LIMIT,1702198093278,20827,0.009844
IOSTUSDT,SELL,LIMIT,1702198315042,8981,0.009826
IOSTUSDT,SELL,LIMIT,1702198316219,1643,0.009819
IOSTUSDT,SELL,LIMIT,1702198317383,2413,0.009818
IOSTUSDT,SELL,LIMIT,1702198349523,23472,0.009796
IOSTUSDT,SELL,LIMIT,1702200223591,9428,0.009786
IOSTUSDT,SELL,LIMIT,1702200277594,1472,0.009787
IOSTUSDT,SELL,LIMIT,1702200330010,17963,0.009773
IOSTUSDT,SELL,LIMIT,1702200331924,153771,0.009766
IOSTUSDT,SELL,LIMIT,1702200617898,1088,0.009746
IOSTUSDT,SELL,LIMIT,1702200729404,3285,0.009753
IOSTUSDT,SELL,LIMIT,1702200743240,5000,0.009738
IOSTUSDT,SELL,LIMIT,1702200796033,9832,0.009719
IOSTUSDT,SELL,LIMIT,1702200935002,194612,0.009709
IOSTUSDT,SELL,LIMIT,1702200938411,245001,0.009699
IOSTUSDT,SELL,LIMIT,1702201495179,583,0.009684
IOSTUSDT,SELL,LIMIT,1702202076782,175192,0.009677
IOSTUSDT,SELL,LIMIT,1702202110946,490,0.009673
IOSTUSDT,SELL,LIMIT,1702202114439,14,0.009663
IOSTUSDT,SELL,LIMIT,1702202176179,4938,0.009657
IOSTUSDT,SELL,LIMIT,1702202177556,822,0.009655
IOSTUSDT,SELL,LIMIT,1702202187084,107623,0.009652
IOSTUSDT,SELL,LIMIT,1702202253401,4896,0.009648
IOSTUSDT,SELL,LIMIT,1702202258805,44686,0.009645
IOSTUSDT,SELL,LIMIT,1702202263234,12335,0.009640
IOSTUSDT,SELL,LIMIT,1702202279629,6290,0.009631
IOSTUSDT,SELL,LIMIT,1702202298159,7980,0.009625
IOSTUSDT,SELL,LIMIT,1702202318310,17519,0.009623
IOSTUSDT,SELL,LIMIT,1702202321775,43798,0.009623
IOSTUSDT,SELL,LIMIT,1702202323300,26278,0.009621
IOSTUSDT,SELL,LIMIT,1702202324363,87596,0.009621
IOSTUSDT,SELL,LIMIT,1702202369715,1080,0.009599
IOSTUSDT,SELL,LIMIT,1702202371876,42466,0.009594
IOSTUSDT,SELL,LIMIT,1702202375209,333926,0.009597
IOSTUSDT,SELL,LIMIT,1702202380131,17519,0.009585
IOSTUSDT,SELL,LIMIT,1702202381493,5131,0.009588
IOSTUSDT,SELL,LIMIT,1702202383301,31517,0.009582
IOSTUSDT,SELL,LIMIT,1702202408681,29242,0.009573
IOSTUSDT,SELL,LIMIT,1702227059920,2093,0.009837
IOSTUSDT,SELL,LIMIT,1702230398156,139638,0.009737
IOSTUSDT,SELL,LIMIT,1702250166158,4913,0.009922
IOSTUSDT,SELL,LIMIT,1702250292685,1200,0.009890
IOSTUSDT,SELL,LIMIT,1702250299392,7206,0.009884
IOSTUSDT,SELL,LIMIT,1702254020129,20756,0.010265
IOSTUSDT,SELL,LIMIT,1702256716349,2114,0.009751
IOSTUSDT,SELL,LIMIT,1702256914051,653,0.009714
IOSTUSDT,SELL,LIMIT,1702256918395,1056,0.009702
IOSTUSDT,SELL,LIMIT,1702256972338,1931,0.009700
IOSTUSDT,SELL,LIMIT,1702260434372,87779,0.009691
IOSTUSDT,SELL,LIMIT,1702260437604,34413,0.009685
IOSTUSDT,SELL,LIMIT,1702260439933,4893,0.009658
IOSTUSDT,SELL,LIMIT,1702260622573,19879,0.009629
IOSTUSDT,SELL,LIMIT,1702260628176,487926,0.009619
IOSTUSDT,SELL,LIMIT,1702260631537,5000,0.009600
IOSTUSDT,SELL,LIMIT,1702260633745,31357,0.009596
IOSTUSDT,SELL,LIMIT,1702260695238,70246,0.009566
IOSTUSDT,SELL,LIMIT,1702260707265,99675,0.009542
IOSTUSDT,SELL,LIMIT,1702260708555,32933,0.009539
IOSTUSDT,SELL,LIMIT,1702260710029,11379,0.009539
IOSTUSDT,SELL,LIMIT,1702260711212,144460,0.009520
IOSTUSDT,SELL,LIMIT,1702260712407,500,0.009517
IOSTUSDT,SELL,LIMIT,1702260713463,200000,0.009506
IOSTUSDT,SELL,LIMIT,1702260714798,5108,0.009509
IOSTUSDT,SELL,LIMIT,1702260716805,650,0.009495
IOSTUSDT,SELL,LIMIT,1702260717984,39724,0.009492
IOSTUSDT,SELL,LIMIT,1702260719112,1883,0.009477
IOSTUSDT,SELL,LIMIT,1702260720702,1002,0.009463
IOSTUSDT,SELL,LIMIT,1702260723618,4191,0.009435
IOSTUSDT,SELL,LIMIT,1702260724638,25298,0.009434
IOSTUSDT,SELL,LIMIT,1702260729718,4692,0.009417
IOSTUSDT,SELL,LIMIT,1702260731624,29041,0.009411
IOSTUSDT,SELL,LIMIT,1702260733614,3223,0.009392
IOSTUSDT,BUY,LIMIT,1702260735767,5010,0.009653
IOSTUSDT,SELL,LIMIT,1702260737415,29130,0.009409
IOSTUSDT,SELL,LIMIT,1702260740645,139999,0.009402
IOSTUSDT,BUY,LIMIT,1702260741717,1000,0.009686
IOSTUSDT,SELL,LIMIT,1702260744177,300000,0.009400
IOSTUSDT,SELL,LIMIT,1702260745321,626252,0.009364
IOSTUSDT,SELL,LIMIT,1702260746468,203434,0.009360
IOSTUSDT,SELL,LIMIT,1702260747503,114811,0.009267
IOSTUSDT,SELL,LIMIT,1702260748617,8689,0.009262
IOSTUSDT,SELL,LIMIT,1702260749827,10385,0.009114
IOSTUSDT,SELL,LIMIT,1702260750883,4974,0.009192
IOSTUSDT,SELL,LIMIT,1702260752824,1958,0.009209
IOSTUSDT,SELL,LIMIT,1702260754032,20163,0.009215
IOSTUSDT,SELL,LIMIT,1702260755331,3127297,0.009053
IOSTUSDT,SELL,LIMIT,1702260756974,33496,0.009125
IOSTUSDT,SELL,LIMIT,1702260759825,44106,0.009146
IOSTUSDT,SELL,LIMIT,1702260760869,482,0.009127
IOSTUSDT,SELL,LIMIT,1702260762596,987,0.009123
IOSTUSDT,SELL,LIMIT,1702260764087,1526,0.009093
IOSTUSDT,SELL,LIMIT,1702260765722,989,0.009112
IOSTUSDT,SELL,LIMIT,1702260766715,989,0.009117
IOSTUSDT,SELL,LIMIT,1702260767882,987,0.009116
IOSTUSDT,SELL,LIMIT,1702260769594,2335,0.009057
IOSTUSDT,SELL,LIMIT,1702260770902,25005,0.009086
IOSTUSDT,SELL,LIMIT,1702260772093,9898,0.009056
IOSTUSDT,SELL,LIMIT,1702260773108,106156,0.009028
IOSTUSDT,SELL,LIMIT,1702260774469,14088,0.008990
IOSTUSDT,SELL,LIMIT,1702260775595,362398,0.008990
IOSTUSDT,SELL,LIMIT,1702260776868,1056,0.008990
IOSTUSDT,SELL,LIMIT,1702260778207,987,0.008919
IOSTUSDT,SELL,LIMIT,1702260780405,26678,0.008906
IOSTUSDT,SELL,LIMIT,1702260781562,2020,0.008906
IOSTUSDT,SELL,LIMIT,1702260782738,27102,0.008887
IOSTUSDT,SELL,LIMIT,1702260784094,71646,0.008881
IOSTUSDT,SELL,LIMIT,1702260785114,4858,0.008891
IOSTUSDT,SELL,LIMIT,1702260786762,4543,0.008898
IOSTUSDT,SELL,LIMIT,1702260787830,881,0.008904
IOSTUSDT,SELL,LIMIT,1702260788910,50643,0.008863
IOSTUSDT,SELL,LIMIT,1702260789952,20255,0.008839
IOSTUSDT,SELL,LIMIT,1702260791373,4852,0.008917
IOSTUSDT,SELL,LIMIT,1702260792474,5555,0.008838
IOSTUSDT,SELL,LIMIT,1702260793595,100000,0.008869
IOSTUSDT,SELL,LIMIT,1702260795768,19928,0.008798
IOSTUSDT,SELL,LIMIT,1702260796932,52460,0.008804
IOSTUSDT,SELL,LIMIT,1702260798135,501,0.008985
IOSTUSDT,SELL,LIMIT,1702260799277,20616,0.008792
IOSTUSDT,SELL,LIMIT,1702260800477,9850,0.008810
IOSTUSDT,SELL,LIMIT,1702260801486,1830,0.008789
IOSTUSDT,SELL,LIMIT,1702260803505,703,0.008783
IOSTUSDT,SELL,LIMIT,1702260805333,827,0.012138
IOSTUSDT,SELL,LIMIT,1702260806912,15345,0.008776
IOSTUSDT,SELL,LIMIT,1702260808029,320080,0.008768
IOSTUSDT,SELL,LIMIT,1702260809067,10000,0.008781
IOSTUSDT,SELL,LIMIT,1702260810253,1727,0.008752
IOSTUSDT,SELL,LIMIT,1702260811323,97157,0.008752
IOSTUSDT,BUY,LIMIT,1702260813254,15850,0.009018
IOSTUSDT,SELL,LIMIT,1702260814259,207460,0.008740
IOSTUSDT,SELL,LIMIT,1702260815295,2114,0.008740
IOSTUSDT,SELL,LIMIT,1702260816774,4852,0.009170
IOSTUSDT,SELL,LIMIT,1702260818449,5109,0.008751
IOSTUSDT,SELL,LIMIT,1702260851344,22351,0.009002
IOSTUSDT,SELL,LIMIT,1702260861356,1169,0.008943
IOSTUSDT,BUY,LIMIT,1702260874336,3000,0.009241
IOSTUSDT,BUY,LIMIT,1702261109919,1005,0.009405
IOSTUSDT,SELL,LIMIT,1702262578812,535293,0.009125
IOSTUSDT,BUY,LIMIT,1702266219195,157016,0.009648
