Symbol,Side,Order Type,Time,Quantity,Price
IOTAUSDT,SELL,LIMIT,1701914961906,5701.4,0.3026
IOTAUSDT,SELL,LIMIT,1701914987607,326.1,0.3024
IOTAUSDT,SELL,LIMIT,1701914994093,154.2,0.3020
IOTAUSDT,BUY,LIMIT,1701915205812,472.1,0.3134
IOTAUSDT,BUY,LIMIT,1701915214563,857.5,0.3140
IOTAUSDT,SELL,LIMIT,1701915508597,319.5,0.3022
IOTAUSDT,SELL,LIMIT,1701915555563,77.3,0.3003
IOTAUSDT,SELL,LIMIT,1701916255072,32.4,0.2994
IOTAUSDT,SELL,LIMIT,1701917573315,16363.3,0.3006
IOTAUSDT,SELL,LIMIT,1701918928052,1000.0,0.2973
IOTAUSDT,SELL,LIMIT,1701919091793,1155.1,0.2969
IOTAUSDT,SELL,LIMIT,1701919664264,115.5,0.2949
IOTAUSDT,SELL,LIMIT,1701919858524,500.8,0.2946
IOTAUSDT,SELL,LIMIT,1701920198758,24.9,0.2938
IOTAUSDT,SELL,LIMIT,1701920228708,2932.9,0.2931
IOTAUSDT,SELL,LIMIT,1701925256704,365.3,0.2929
IOTAUSDT,SELL,LIMIT,1701926392958,16772.8,0.2922
IOTAUSDT,BUY,LIMIT,1701927846854,681.4,0.3018
IOTAUSDT,SELL,LIMIT,1701928063179,5000.0,0.2918
IOTAUSDT,SELL,LIMIT,1701928327505,124.6,0.2911
IOTAUSDT,SELL,LIMIT,1701929239658,3239.3,0.2899
IOTAUSDT,SELL,LIMIT,1701930036751,658.6,0.2897
IOTAUSDT,BUY,LIMIT,1701931029069,1195.9,0.3004
IOTAUSDT,BUY,LIMIT,1701931031887,50.9,0.3007
IOTAUSDT,SELL,LIMIT,1701931410342,197.3,0.2921
IOTAUSDT,SELL,LIMIT,1701934017090,278.1,0.2904
IOTAUSDT,SELL,LIMIT,1701934859212,763.5,0.2900
IOTAUSDT,SELL,LIMIT,1701934958806,5165.6,0.2897
IOTAUSDT,SELL,LIMIT,1701936902232,579.9,0.2894
IOTAUSDT,SELL,LIMIT,1701936915203,236.9,0.2891
IOTAUSDT,SELL,LIMIT,1701936924992,18411.3,0.2889
IOTAUSDT,SELL,LIMIT,1701936928102,1005.8,0.2887
IOTAUSDT,SELL,LIMIT,1701936981898,1350.0,0.2885
IOTAUSDT,SELL,LIMIT,1701936986978,748.8,0.2884
IOTAUSDT,SELL,LIMIT,1701937401866,16863.4,0.2883
IOTAUSDT,SELL,LIMIT,1701937406139,539.8,0.2880
IOTAUSDT,SELL,LIMIT,1701937407335,187.3,0.2881
IOTAUSDT,SELL,LIMIT,1701937483560,29.1,0.2880
IOTAUSDT,SELL,LIMIT,1701939130748,99.9,0.2864
IOTAUSDT,SELL,LIMIT,1701939167696,3428.6,0.2863
IOTAUSDT,SELL,LIMIT,1701939357071,11297.0,0.2861
IOTAUSDT,SELL,LIMIT,1701939366588,1053.9,0.2853
IOTAUSDT,SELL,LIMIT,1701939561824,610.0,0.2850
IOTAUSDT,SELL,LIMIT,1701939573272,16703.2,0.2850
IOTAUSDT,SELL,LIMIT,1701939873302,3094.9,0.2852
IOTAUSDT,SELL,LIMIT,1701939911769,7128.2,0.2848
IOTAUSDT,SELL,LIMIT,1701939931107,11.1,0.2847
IOTAUSDT,SELL,LIMIT,1701939932312,1805.4,0.2846
IOTAUSDT,SELL,LIMIT,1701939999981,10006.7,0.2852
IOTAUSDT,SELL,LIMIT,1701940022459,1737.5,0.2843
IOTAUSDT,SELL,LIMIT,1701940417148,41.9,0.2836
IOTAUSDT,SELL,LIMIT,1701940453966,9453.0,0.2834
IOTAUSDT,SELL,LIMIT,1701940455693,171.1,0.2835
IOTAUSDT,SELL,LIMIT,1701940472191,3417.6,0.2836
IOTAUSDT,SELL,LIMIT,1701940525450,2592.4,0.2834
IOTAUSDT,SELL,LIMIT,1701940555385,225.9,0.2832
IOTAUSDT,SELL,LIMIT,1701940559140,690.8,0.2830
IOTAUSDT,SELL,LIMIT,1701940562072,5113.4,0.2827
IOTAUSDT,SELL,LIMIT,1701940564976,1345.4,0.2826
IOTAUSDT,SELL,LIMIT,1701940566089,1089.7,0.2824
IOTAUSDT,SELL,LIMIT,1701940568290,63.8,0.2822
IOTAUSDT,SELL,LIMIT,1701940569554,491.0,0.2823
IOTAUSDT,SELL,LIMIT,1701940605149,90.7,0.2833
IOTAUSDT,SELL,LIMIT,1701941071508,102.8,0.2821
IOTAUSDT,SELL,LIMIT,1701941073179,73.9,0.2820
IOTAUSDT,SELL,LIMIT,1701941074184,751.5,0.2817
IOTAUSDT,SELL,LIMIT,1701941075304,1867.9,0.2813
IOTAUSDT,SELL,LIMIT,1701941078855,16650.0,0.2811
IOTAUSDT,SELL,LIMIT,1701941083382,967.8,0.2811
IOTAUSDT,SELL,LIMIT,1701941110937,61.1,0.2810
IOTAUSDT,SELL,LIMIT,1701941117567,331.4,0.2809
IOTAUSDT,SELL,LIMIT,1701941146709,15.7,0.2810
IOTAUSDT,SELL,LIMIT,1701941152162,149.7,0.2808
IOTAUSDT,SELL,LIMIT,1701941153180,591.8,0.2808
IOTAUSDT,SELL,LIMIT,1701941154282,397.8,0.2805
IOTAUSDT,SELL,LIMIT,1701941158751,344.3,0.2801
IOTAUSDT,SELL,LIMIT,1701941160142,11881.7,0.2801
IOTAUSDT,SELL,LIMIT,1701941171413,195.0,0.2800
IOTAUSDT,SELL,LIMIT,1701941175171,49707.2,0.2780
IOTAUSDT,SELL,LIMIT,1701941176187,513.5,0.2800
IOTAUSDT,SELL,LIMIT,1701941179224,16916.5,0.2798
IOTAUSDT,SELL,LIMIT,1701941180407,3219.5,0.2798
IOTAUSDT,SELL,LIMIT,1701941182227,446.7,0.2795
IOTAUSDT,SELL,LIMIT,1701941183480,1101.8,0.2795
IOTAUSDT,SELL,LIMIT,1701941185108,2103.5,0.2796
IOTAUSDT,SELL,LIMIT,1701941186289,6000.0,0.2795
IOTAUSDT,SELL,LIMIT,1701941189372,99.0,0.2791
IOTAUSDT,SELL,LIMIT,1701941190829,132.0,0.2791
IOTAUSDT,SELL,LIMIT,1701941192347,1289.0,0.2790
IOTAUSDT,SELL,LIMIT,1701941193382,61.9,0.2790
IOTAUSDT,SELL,LIMIT,1701941237623,1843.5,0.2792
IOTAUSDT,SELL,LIMIT,1701941239258,667.3,0.2791
IOTAUSDT,SELL,LIMIT,1701941246273,438.0,0.2788
IOTAUSDT,BUY,LIMIT,1701941586806,1615.2,0.2915
IOTAUSDT,BUY,LIMIT,1701942224645,16999.3,0.2924
IOTAUSDT,BUY,LIMIT,1701942370001,33.8,0.2931
IOTAUSDT,BUY,LIMIT,1701942395448,2712.1,0.2932
IOTAUSDT,BUY,LIMIT,1701942731477,62.3,0.2928
IOTAUSDT,BUY,LIMIT,1701943760926,1044.9,0.2928
IOTAUSDT,SELL,LIMIT,1701944551479,9314.6,0.2820
IOTAUSDT,BUY,LIMIT,1701945414986,468.3,0.2933
IOTAUSDT,SELL,LIMIT,1701945492358,143.0,0.2844
IOTAUSDT,BUY,LIMIT,1701948084995,1423.2,0.2953
IOTAUSDT,BUY,LIMIT,1701948181121,98.1,0.2958
IOTAUSDT,SELL,LIMIT,1701949388422,181.1,0.2856
IOTAUSDT,BUY,LIMIT,1701950796686,3187.4,0.2970
IOTAUSDT,BUY,LIMIT,1701950817824,305.0,0.2974
IOTAUSDT,BUY,LIMIT,1701950954267,60.1,0.2981
IOTAUSDT,BUY,LIMIT,1701950958261,122.9,0.2982
IOTAUSDT,BUY,LIMIT,1701951319162,189.4,0.2980
IOTAUSDT,SELL,LIMIT,1701951455759,613.4,0.2878
IOTAUSDT,SELL,LIMIT,1701953003381,885.5,0.2862
IOTAUSDT,SELL,LIMIT,1701953322187,2056.4,0.2857
IOTAUSDT,BUY,LIMIT,1701953906291,19.2,0.2967
IOTAUSDT,BUY,LIMIT,1701953976590,0.1,0.2964
IOTAUSDT,SELL,LIMIT,1701954575746,135.4,0.2862
IOTAUSDT,SELL,LIMIT,1701956437479,5922.8,0.2850
IOTAUSDT,SELL,LIMIT,1701956662204,55.5,0.2844
IOTAUSDT,SELL,LIMIT,1701957751582,982.3,0.2841
IOTAUSDT,BUY,LIMIT,1701959757093,1454.1,0.2943
IOTAUSDT,SELL,LIMIT,1701962091128,2509.6,0.2846
IOTAUSDT,BUY,LIMIT,1701963031290,17.2,0.2972
IOTAUSDT,SELL,LIMIT,1701964523069,827.6,0.2858
IOTAUSDT,SELL,LIMIT,1701965807562,997.4,0.2845
IOTAUSDT,SELL,LIMIT,1701968692836,17.8,0.2849
IOTAUSDT,SELL,LIMIT,1701970959000,379.4,0.2863
IOTAUSDT,SELL,LIMIT,1701973422204,1016.6,0.2848
IOTAUSDT,SELL,LIMIT,1701973433574,1735.0,0.2847
IOTAUSDT,SELL,LIMIT,1701974072972,17235.4,0.2843
IOTAUSDT,SELL,LIMIT,1701974074023,258.9,0.2843
IOTAUSDT,SELL,LIMIT,1701974092396,30.9,0.2840
IOTAUSDT,SELL,LIMIT,1701974102269,105.5,0.2840
IOTAUSDT,SELL,LIMIT,1701974180596,469.8,0.2839
IOTAUSDT,SELL,LIMIT,1701974182417,8532.4,0.2839
IOTAUSDT,SELL,LIMIT,1701974307038,513.5,0.2832
IOTAUSDT,SELL,LIMIT,1701974313965,176.9,0.2830
IOTAUSDT,SELL,LIMIT,1701977294378,10736.9,0.2838
IOTAUSDT,SELL,LIMIT,1701977298487,4241.5,0.2837
IOTAUSDT,SELL,LIMIT,1701978093354,55.4,0.2838
IOTAUSDT,SELL,LIMIT,1701978257769,10836.3,0.2836
IOTAUSDT,SELL,LIMIT,1701981597869,397.3,0.2828
IOTAUSDT,SELL,LIMIT,1701981599311,1966.5,0.2827
IOTAUSDT,SELL,LIMIT,1701988556284,15.0,0.2880
IOTAUSDT,BUY,LIMIT,1701989293660,20.8,0.2994
IOTAUSDT,SELL,LIMIT,1701990730924,4856.7,0.2874
IOTAUSDT,SELL,LIMIT,1701990778257,23.8,0.2872
IOTAUSDT,BUY,LIMIT,1701993624990,8109.5,0.2995
IOTAUSDT,BUY,LIMIT,1701993655784,80.6,0.2998
IOTAUSDT,SELL,LIMIT,1701995581415,119.3,0.2886
IOTAUSDT,SELL,LIMIT,1701996236228,1425.9,0.2868
IOTAUSDT,SELL,LIMIT,1701996238397,416.0,0.2866
IOTAUSDT,SELL,LIMIT,1701997459678,904.2,0.2861
IOTAUSDT,SELL,LIMIT,1701997760109,25494.2,0.2846
IOTAUSDT,SELL,LIMIT,1701997761336,634.9,0.2855
IOTAUSDT,SELL,LIMIT,1701997762774,28.8,0.2854
IOTAUSDT,BUY,LIMIT,1702001371379,17247.3,0.2955
IOTAUSDT,SELL,LIMIT,1702003326410,1795.5,0.2852
IOTAUSDT,SELL,LIMIT,1702003654185,11424.9,0.2854
IOTAUSDT,SELL,LIMIT,1702003691125,595.7,0.2847
IOTAUSDT,SELL,LIMIT,1702003692777,308.1,0.2846
IOTAUSDT,SELL,LIMIT,1702004857302,35.5,0.2843
IOTAUSDT,SELL,LIMIT,1702005085470,2896.8,0.2836
IOTAUSDT,SELL,LIMIT,1702005166057,759.2,0.2829
IOTAUSDT,BUY,LIMIT,1702005253286,39.4,0.2914
IOTAUSDT,BUY,LIMIT,1702006333495,900.0,0.2934
IOTAUSDT,SELL,LIMIT,1702010052532,5089.7,0.2857
IOTAUSDT,SELL,LIMIT,1702010307288,133.9,0.2845
IOTAUSDT,BUY,LIMIT,1702011141516,724.2,0.2920
IOTAUSDT,BUY,LIMIT,1702016284743,16647.7,0.2954
IOTAUSDT,SELL,LIMIT,1702017525396,259.6,0.2844
IOTAUSDT,SELL,LIMIT,1702018058627,1390.0,0.2843
IOTAUSDT,BUY,LIMIT,1702019046150,0.2,0.2928
IOTAUSDT,SELL,LIMIT,1702019170998,27.7,0.2835
IOTAUSDT,SELL,LIMIT,1702019182106,69.2,0.2833
IOTAUSDT,SELL,LIMIT,1702020541230,1027.5,0.2824
IOTAUSDT,SELL,LIMIT,1702020542921,1956.5,0.2820
IOTAUSDT,SELL,LIMIT,1702020544799,257.1,0.2815
IOTAUSDT,SELL,LIMIT,1702020664805,7867.8,0.2812
IOTAUSDT,SELL,LIMIT,1702020669127,50.7,0.2809
IOTAUSDT,SELL,LIMIT,1702020671649,3445.2,0.2808
IOTAUSDT,BUY,LIMIT,1702020917697,50.0,0.2915
IOTAUSDT,BUY,LIMIT,1702021630005,50.0,0.2919
IOTAUSDT,SELL,LIMIT,1702022501159,12344.8,0.2809
IOTAUSDT,SELL,LIMIT,1702022534906,217.9,0.2808
IOTAUSDT,SELL,LIMIT,1702022536463,21.1,0.2805
IOTAUSDT,SELL,LIMIT,1702022848753,17.4,0.2802
IOTAUSDT,SELL,LIMIT,1702023061171,3430.5,0.2801
IOTAUSDT,SELL,LIMIT,1702023260090,1769.9,0.2800
IOTAUSDT,SELL,LIMIT,1702023271514,3792.4,0.2798
IOTAUSDT,SELL,LIMIT,1702023404839,63.0,0.2798
IOTAUSDT,BUY,LIMIT,1702025473246,124.4,0.2908
IOTAUSDT,BUY,LIMIT,1702027245129,350.8,0.2920
IOTAUSDT,BUY,LIMIT,1702027250994,1241.0,0.2923
IOTAUSDT,BUY,LIMIT,1702027454415,502.9,0.2925
IOTAUSDT,BUY,LIMIT,1702027890055,2744.9,0.2938
IOTAUSDT,BUY,LIMIT,1702027937214,291.4,0.2936
IOTAUSDT,BUY,LIMIT,1702029832666,125.5,0.2939
IOTAUSDT,BUY,LIMIT,1702032343490,405.7,0.2956
IOTAUSDT,BUY,LIMIT,1702032372537,2500.0,0.2957
IOTAUSDT,SELL,LIMIT,1702034215766,8689.3,0.2851
IOTAUSDT,BUY,LIMIT,1702034611416,12770.9,0.2932
IOTAUSDT,BUY,LIMIT,1702035162393,19.7,0.2932
IOTAUSDT,BUY,LIMIT,1702035256167,4800.0,0.2925
IOTAUSDT,SELL,LIMIT,1702035869794,310.7,0.2837
IOTAUSDT,BUY,LIMIT,1702036066280,242.4,0.2908
IOTAUSDT,BUY,LIMIT,1702036193639,3.1,0.2926
IOTAUSDT,SELL,LIMIT,1702036351151,930.2,0.2829
IOTAUSDT,SELL,LIMIT,1702036577096,36.3,0.2827
IOTAUSDT,SELL,LIMIT,1702036929473,1100.6,0.2827
IOTAUSDT,SELL,LIMIT,1702037015005,2672.0,0.2822
IOTAUSDT,BUY,LIMIT,1702038769095,158.4,0.2920
IOTAUSDT,BUY,LIMIT,1702039748141,1295.0,0.2941
IOTAUSDT,BUY,LIMIT,1702039882333,101.9,0.2958
IOTAUSDT,BUY,LIMIT,1702039884774,958.7,0.2960
IOTAUSDT,BUY,LIMIT,1702039889204,2116.3,0.2960
IOTAUSDT,BUY,LIMIT,1702039979414,608.9,0.2968
IOTAUSDT,BUY,LIMIT,1702040096008,1406.9,0.2977
IOTAUSDT,BUY,LIMIT,1702040148729,1053.6,0.2986
IOTAUSDT,BUY,LIMIT,1702040271233,54.3,0.2990
IOTAUSDT,BUY,LIMIT,1702040274546,2608.5,0.2993
IOTAUSDT,SELL,LIMIT,1702040407191,31.2,0.2877
IOTAUSDT,SELL,LIMIT,1702040590422,16016.5,0.2873
IOTAUSDT,BUY,LIMIT,1702040732713,323.8,0.2979
IOTAUSDT,BUY,LIMIT,1702040942208,86.8,0.2988
IOTAUSDT,BUY,LIMIT,1702041425279,167.1,0.2972
IOTAUSDT,SELL,LIMIT,1702042119076,1701.8,0.2869
IOTAUSDT,SELL,LIMIT,1702042233357,111.6,0.2858
IOTAUSDT,SELL,LIMIT,1702042235153,137.2,0.2856
IOTAUSDT,SELL,LIMIT,1702042239598,50.3,0.2851
IOTAUSDT,SELL,LIMIT,1702043836056,1066.4,0.2847
IOTAUSDT,BUY,LIMIT,1702044487582,200.0,0.2940
IOTAUSDT,BUY,LIMIT,1702046327330,157.1,0.2957
IOTAUSDT,BUY,LIMIT,1702047701490,2192.4,0.2959
IOTAUSDT,BUY,LIMIT,1702047969230,1954.2,0.2966
IOTAUSDT,BUY,LIMIT,1702048108127,31.3,0.2973
IOTAUSDT,SELL,LIMIT,1702049033562,16969.4,0.2868
IOTAUSDT,SELL,LIMIT,1702049503557,1714.0,0.2861
IOTAUSDT,SELL,LIMIT,1702050801167,3785.2,0.2855
IOTAUSDT,SELL,LIMIT,1702050803793,7079.3,0.2854
IOTAUSDT,SELL,LIMIT,1702050832257,2218.5,0.2851
IOTAUSDT,SELL,LIMIT,1702050884442,61.8,0.2848
IOTAUSDT,BUY,LIMIT,1702051337185,1071.2,0.2953
IOTAUSDT,BUY,LIMIT,1702052161449,173.2,0.2956
IOTAUSDT,SELL,LIMIT,1702053865593,637.5,0.2873
IOTAUSDT,BUY,LIMIT,1702054204214,6386.2,0.2952
IOTAUSDT,SELL,LIMIT,1702055288882,398.6,0.2868
IOTAUSDT,SELL,LIMIT,1702055298502,6067.9,0.2866
IOTAUSDT,SELL,LIMIT,1702055307424,2437.9,0.2865
IOTAUSDT,SELL,LIMIT,1702055748444,608.8,0.2861
IOTAUSDT,SELL,LIMIT,1702055758278,1332.6,0.2861
IOTAUSDT,SELL,LIMIT,1702056437937,904.7,0.2859
IOTAUSDT,BUY,LIMIT,1702057151230,51.2,0.2981
IOTAUSDT,SELL,LIMIT,1702059318282,138.6,0.2887
IOTAUSDT,SELL,LIMIT,1702060845101,1292.3,0.2872
IOTAUSDT,BUY,LIMIT,1702064939206,965.4,0.2974
IOTAUSDT,BUY,LIMIT,1702066817578,443.9,0.3001
IOTAUSDT,BUY,LIMIT,1702068212634,137.6,0.3004
IOTAUSDT,BUY,LIMIT,1702068795247,605.2,0.3000
IOTAUSDT,BUY,LIMIT,1702068882533,400.0,0.3004
IOTAUSDT,BUY,LIMIT,1702068900137,118.9,0.3007
IOTAUSDT,BUY,LIMIT,1702069020282,138.2,0.3011
IOTAUSDT,SELL,LIMIT,1702069623535,4994.0,0.2914
IOTAUSDT,SELL,LIMIT,1702072119320,28.9,0.2888
IOTAUSDT,BUY,LIMIT,1702075945381,146.4,0.3008
IOTAUSDT,BUY,LIMIT,1702076314451,516.8,0.3019
IOTAUSDT,BUY,LIMIT,1702076626176,10058.9,0.3022
IOTAUSDT,BUY,LIMIT,1702077373789,2916.8,0.3026
IOTAUSDT,BUY,LIMIT,1702077407457,2410.3,0.3030
IOTAUSDT,BUY,LIMIT,1702077418819,228.1,0.3031
IOTAUSDT,BUY,LIMIT,1702077941289,1753.9,0.3033
IOTAUSDT,BUY,LIMIT,1702078072121,10653.8,0.3035
IOTAUSDT,BUY,LIMIT,1702078073160,171.7,0.3035
IOTAUSDT,BUY,LIMIT,1702078607881,41.5,0.3039
IOTAUSDT,BUY,LIMIT,1702079646105,119.5,0.3042
IOTAUSDT,BUY,LIMIT,1702079649216,22.8,0.3043
IOTAUSDT,BUY,LIMIT,1702079653143,145.4,0.3043
IOTAUSDT,BUY,LIMIT,1702079671605,1514.1,0.3050
IOTAUSDT,BUY,LIMIT,1702079750083,110.1,0.3050
IOTAUSDT,BUY,LIMIT,1702079837231,727.7,0.3051
IOTAUSDT,BUY,LIMIT,1702079854094,577.9,0.3053
IOTAUSDT,BUY,LIMIT,1702079861711,364.6,0.3053
IOTAUSDT,BUY,LIMIT,1702079961077,4810.2,0.3057
IOTAUSDT,BUY,LIMIT,1702079964839,5267.5,0.3057
IOTAUSDT,SELL,LIMIT,1702080089783,2564.8,0.2953
IOTAUSDT,SELL,LIMIT,1702080319516,725.8,0.2943
IOTAUSDT,SELL,LIMIT,1702080324800,3455.0,0.2938
IOTAUSDT,SELL,LIMIT,1702080552018,99.0,0.2928
IOTAUSDT,SELL,LIMIT,1702080737105,16707.3,0.2925
IOTAUSDT,BUY,LIMIT,1702081323494,360.2,0.3025
IOTAUSDT,SELL,LIMIT,1702082508789,1235.5,0.2955
IOTAUSDT,SELL,LIMIT,1702083879087,792.0,0.2920
IOTAUSDT,SELL,LIMIT,1702083997864,2386.2,0.2918
IOTAUSDT,SELL,LIMIT,1702084007658,290.9,0.2915
IOTAUSDT,SELL,LIMIT,1702084062749,393.8,0.2908
IOTAUSDT,SELL,LIMIT,1702084069112,544.1,0.2902
IOTAUSDT,SELL,LIMIT,1702084194999,856.7,0.2895
IOTAUSDT,SELL,LIMIT,1702084212009,2265.5,0.2894
IOTAUSDT,SELL,LIMIT,1702085454162,77.4,0.2886
IOTAUSDT,BUY,LIMIT,1702085555501,40.3,0.2974
IOTAUSDT,BUY,LIMIT,1702085758294,46.4,0.2990
IOTAUSDT,SELL,LIMIT,1702086004272,10458.4,0.2901
IOTAUSDT,SELL,LIMIT,1702087846176,7764.7,0.2888
IOTAUSDT,SELL,LIMIT,1702088008079,497.4,0.2887
IOTAUSDT,BUY,LIMIT,1702090475776,253.0,0.2992
IOTAUSDT,BUY,LIMIT,1702090478140,6079.6,0.2998
IOTAUSDT,SELL,LIMIT,1702091662699,839.0,0.2935
IOTAUSDT,SELL,LIMIT,1702091709164,162.2,0.2933
IOTAUSDT,BUY,LIMIT,1702091714172,895.0,0.3021
IOTAUSDT,BUY,LIMIT,1702091775978,759.0,0.3021
IOTAUSDT,BUY,LIMIT,1702093970055,323.2,0.3013
IOTAUSDT,SELL,LIMIT,1702094609878,678.6,0.2939
IOTAUSDT,SELL,LIMIT,1702095692719,25.8,0.2907
IOTAUSDT,BUY,LIMIT,1702097314230,41.5,0.3006
IOTAUSDT,BUY,LIMIT,1702097524425,74.1,0.3003
IOTAUSDT,BUY,LIMIT,1702103178872,1067.9,0.3011
IOTAUSDT,BUY,LIMIT,1702103285832,76.1,0.3012
IOTAUSDT,BUY,LIMIT,1702103376622,173.9,0.3013
IOTAUSDT,BUY,LIMIT,1702104834274,120.0,0.3019
IOTAUSDT,BUY,LIMIT,1702104900034,359.7,0.3019
IOTAUSDT,BUY,LIMIT,1702105743956,4211.5,0.3026
IOTAUSDT,BUY,LIMIT,1702105815150,530.8,0.3028
IOTAUSDT,SELL,LIMIT,1702106595240,1857.2,0.2923
IOTAUSDT,BUY,LIMIT,1702106825704,264.5,0.3019
IOTAUSDT,SELL,LIMIT,1702108344400,33.4,0.2936
IOTAUSDT,BUY,LIMIT,1702108365961,100.0,0.2965
IOTAUSDT,BUY,LIMIT,1702108563555,374.0,0.3030
IOTAUSDT,SELL,LIMIT,1702109010082,300.0,0.2968
IOTAUSDT,SELL,LIMIT,1702109024562,5810.2,0.2939
IOTAUSDT,BUY,LIMIT,1702109231075,449.3,0.3025
IOTAUSDT,SELL,LIMIT,1702109422308,468.0,0.2939
IOTAUSDT,SELL,LIMIT,1702109723343,57.4,0.3012
IOTAUSDT,SELL,LIMIT,1702110726624,84.1,0.2918
IOTAUSDT,SELL,LIMIT,1702110814107,129.7,0.2915
IOTAUSDT,SELL,LIMIT,1702110816244,38.8,0.2914
IOTAUSDT,SELL,LIMIT,1702110826104,4189.0,0.2913
IOTAUSDT,SELL,LIMIT,1702110849403,81.8,0.2912
IOTAUSDT,SELL,LIMIT,1702110855256,393.6,0.2910
IOTAUSDT,SELL,LIMIT,1702110878427,988.8,0.2903
IOTAUSDT,SELL,LIMIT,1702110901366,168.6,0.2901
IOTAUSDT,SELL,LIMIT,1702110905459,170.0,0.2900
IOTAUSDT,SELL,LIMIT,1702110907981,5656.0,0.2896
IOTAUSDT,SELL,LIMIT,1702110910123,102.7,0.2895
IOTAUSDT,SELL,LIMIT,1702110915644,16806.8,0.2893
IOTAUSDT,SELL,LIMIT,1702110972582,27.9,0.2887
IOTAUSDT,SELL,LIMIT,1702110978592,1392.0,0.2877
IOTAUSDT,SELL,LIMIT,1702110979829,1078.5,0.2874
IOTAUSDT,SELL,LIMIT,1702110981264,212.7,0.2870
IOTAUSDT,SELL,LIMIT,1702111030611,652.6,0.2869
IOTAUSDT,SELL,LIMIT,1702111032606,7913.8,0.2867
IOTAUSDT,SELL,LIMIT,1702111035914,87.4,0.2864
IOTAUSDT,SELL,LIMIT,1702111037421,3961.5,0.2860
IOTAUSDT,SELL,LIMIT,1702111038628,271.5,0.2863
IOTAUSDT,SELL,LIMIT,1702111043570,441.6,0.2859
IOTAUSDT,SELL,LIMIT,1702111044672,590.6,0.2844
IOTAUSDT,SELL,LIMIT,1702111046268,1978.5,0.2842
IOTAUSDT,SELL,LIMIT,1702111047488,64.6,0.2838
IOTAUSDT,SELL,LIMIT,1702111376017,398.0,0.2856
IOTAUSDT,SELL,LIMIT,1702111377667,29.9,0.2846
IOTAUSDT,SELL,LIMIT,1702111386168,17164.4,0.2838
IOTAUSDT,SELL,LIMIT,1702111387240,158.3,0.2834
IOTAUSDT,SELL,LIMIT,1702111388485,1339.6,0.2835
IOTAUSDT,SELL,LIMIT,1702111389512,264.1,0.2833
IOTAUSDT,SELL,LIMIT,1702114820943,14102.6,0.2879
IOTAUSDT,SELL,LIMIT,1702114838727,30.6,0.2876
IOTAUSDT,SELL,LIMIT,1702115059076,142.6,0.2868
IOTAUSDT,SELL,LIMIT,1702115631901,436.0,0.2859
IOTAUSDT,SELL,LIMIT,1702115638297,349.6,0.2859
IOTAUSDT,SELL,LIMIT,1702117868574,2081.7,0.2867
IOTAUSDT,SELL,LIMIT,1702124399601,956.0,0.2884
IOTAUSDT,SELL,LIMIT,1702132600282,171.9,0.2892
IOTAUSDT,SELL,LIMIT,1702132813649,192.0,0.2881
IOTAUSDT,SELL,LIMIT,1702132815529,571.8,0.2878
IOTAUSDT,SELL,LIMIT,1702132824408,16868.9,0.2877
IOTAUSDT,SELL,LIMIT,1702132919231,173.9,0.2875
IOTAUSDT,SELL,LIMIT,1702132948776,4042.3,0.2872
IOTAUSDT,SELL,LIMIT,1702132994367,34.1,0.2866
IOTAUSDT,SELL,LIMIT,1702132995388,15061.2,0.2866
IOTAUSDT,SELL,LIMIT,1702132997268,600.0,0.2862
IOTAUSDT,SELL,LIMIT,1702132998551,235.9,0.2862
IOTAUSDT,SELL,LIMIT,1702133000134,63.0,0.2858
IOTAUSDT,SELL,LIMIT,1702133001298,694.8,0.2859
IOTAUSDT,SELL,LIMIT,1702133002389,276.9,0.2857
IOTAUSDT,SELL,LIMIT,1702133005433,9238.6,0.2855
IOTAUSDT,SELL,LIMIT,1702133006804,17123.2,0.2850
IOTAUSDT,SELL,LIMIT,1702133333484,17132.3,0.2858
IOTAUSDT,SELL,LIMIT,1702134404061,207.2,0.2867
IOTAUSDT,SELL,LIMIT,1702134881068,102.7,0.2858
IOTAUSDT,BUY,LIMIT,1702137815321,1784.1,0.3013
IOTAUSDT,SELL,LIMIT,1702138663296,506.0,0.2904
IOTAUSDT,SELL,LIMIT,1702139126679,169.8,0.2890
IOTAUSDT,SELL,LIMIT,1702139295502,2260.5,0.2876
IOTAUSDT,SELL,LIMIT,1702140564670,58.7,0.2894
IOTAUSDT,SELL,LIMIT,1702140779061,52.8,0.2881
IOTAUSDT,SELL,LIMIT,1702141561976,91.3,0.2865
IOTAUSDT,SELL,LIMIT,1702141675409,69.8,0.2864
IOTAUSDT,SELL,LIMIT,1702141744426,528.0,0.2860
IOTAUSDT,SELL,LIMIT,1702141748539,248.5,0.2860
IOTAUSDT,SELL,LIMIT,1702141846625,34.2,0.2854
IOTAUSDT,SELL,LIMIT,1702141848454,6594.7,0.2850
IOTAUSDT,SELL,LIMIT,1702141849661,3292.7,0.2850
IOTAUSDT,SELL,LIMIT,1702141850824,5768.5,0.2850
IOTAUSDT,SELL,LIMIT,1702141860410,320.6,0.2848
IOTAUSDT,BUY,LIMIT,1702143252221,1631.8,0.2955
IOTAUSDT,BUY,LIMIT,1702145847334,4246.1,0.2958
IOTAUSDT,BUY,LIMIT,1702146915782,4455.1,0.2974
IOTAUSDT,BUY,LIMIT,1702148496577,521.3,0.2971
IOTAUSDT,BUY,LIMIT,1702148717581,2261.1,0.2992
IOTAUSDT,BUY,LIMIT,1702148956396,23.9,0.2998
IOTAUSDT,SELL,LIMIT,1702152773968,44.1,0.2887
IOTAUSDT,BUY,LIMIT,1702153645431,96.3,0.2966
IOTAUSDT,SELL,LIMIT,1702153912367,680.7,0.2867
IOTAUSDT,SELL,LIMIT,1702156347339,4000.0,0.2865
IOTAUSDT,SELL,LIMIT,1702162170400,101.7,0.2886
IOTAUSDT,SELL,LIMIT,1702162181123,523.8,0.2885
IOTAUSDT,SELL,LIMIT,1702162449128,24.5,0.2877
IOTAUSDT,SELL,LIMIT,1702162450197,14053.6,0.2877
IOTAUSDT,SELL,LIMIT,1702164567075,20.5,0.2852
IOTAUSDT,SELL,LIMIT,1702164579780,221.9,0.2848
IOTAUSDT,SELL,LIMIT,1702164588054,3096.5,0.2853
IOTAUSDT,SELL,LIMIT,1702164747573,352.7,0.2844
IOTAUSDT,SELL,LIMIT,1702164749389,669.7,0.2843
IOTAUSDT,SELL,LIMIT,1702164750723,520.5,0.2842
IOTAUSDT,SELL,LIMIT,1702164752349,17126.4,0.2840
IOTAUSDT,SELL,LIMIT,1702164765575,168.0,0.2836
IOTAUSDT,SELL,LIMIT,1702164767030,10151.2,0.2835
IOTAUSDT,SELL,LIMIT,1702164801328,1034.1,0.2833
IOTAUSDT,SELL,LIMIT,1702164802620,662.8,0.2832
IOTAUSDT,SELL,LIMIT,1702164804581,8947.8,0.2831
IOTAUSDT,SELL,LIMIT,1702164805706,115.6,0.2830
IOTAUSDT,SELL,LIMIT,1702164806743,105.4,0.2831
IOTAUSDT,SELL,LIMIT,1702164807901,51.2,0.2829
IOTAUSDT,SELL,LIMIT,1702164808977,1701.6,0.2828
IOTAUSDT,SELL,LIMIT,1702164810322,2076.3,0.2826
IOTAUSDT,SELL,LIMIT,1702164811424,3809.6,0.2846
IOTAUSDT,SELL,LIMIT,1702164814518,82.2,0.2820
IOTAUSDT,SELL,LIMIT,1702164849619,632.1,0.2829
IOTAUSDT,SELL,LIMIT,1702164866061,1076.3,0.2824
IOTAUSDT,BUY,LIMIT,1702165238176,28.6,0.2933
IOTAUSDT,BUY,LIMIT,1702166446964,278.9,0.2939
IOTAUSDT,BUY,LIMIT,1702166466604,17436.9,0.2940
IOTAUSDT,BUY,LIMIT,1702171775311,1032.3,0.2954
IOTAUSDT,SELL,LIMIT,1702174127930,52.6,0.2845
IOTAUSDT,SELL,LIMIT,1702176854163,102.4,0.2857
IOTAUSDT,BUY,LIMIT,1702182579534,123.5,0.2969
IOTAUSDT,BUY,LIMIT,1702184157764,228.1,0.2996
IOTAUSDT,BUY,LIMIT,1702184189239,50.3,0.2999
IOTAUSDT,BUY,LIMIT,1702184192072,1024.1,0.3001
IOTAUSDT,BUY,LIMIT,1702186279211,10779.0,0.3007
IOTAUSDT,SELL,LIMIT,1702187840837,147.2,0.2900
IOTAUSDT,SELL,LIMIT,1702189081521,86.5,0.2891
IOTAUSDT,SELL,LIMIT,1702192714924,3248.8,0.2874
IOTAUSDT,SELL,LIMIT,1702192746090,50.7,0.2871
IOTAUSDT,SELL,LIMIT,1702192804302,2211.9,0.2871
IOTAUSDT,SELL,LIMIT,1702192884092,901.1,0.2861
IOTAUSDT,SELL,LIMIT,1702193815541,169.6,0.2862
IOTAUSDT,SELL,LIMIT,1702193855433,45.6,0.2857
IOTAUSDT,SELL,LIMIT,1702196591316,3234.7,0.2862
IOTAUSDT,SELL,LIMIT,1702196679581,12286.0,0.2865
IOTAUSDT,SELL,LIMIT,1702196714137,1084.3,0.2854
IOTAUSDT,SELL,LIMIT,1702197853262,223.7,0.2842
IOTAUSDT,BUY,LIMIT,1702197899192,17.9,0.2927
IOTAUSDT,SELL,LIMIT,1702200160234,2695.3,0.2842
IOTAUSDT,SELL,LIMIT,1702200170409,63.0,0.2839
IOTAUSDT,SELL,LIMIT,1702200218200,13436.3,0.2839
IOTAUSDT,SELL,LIMIT,1702200220443,223.3,0.2837
IOTAUSDT,SELL,LIMIT,1702200310656,1421.0,0.2833
IOTAUSDT,SELL,LIMIT,1702200326578,2394.4,0.2830
IOTAUSDT,SELL,LIMIT,1702200329946,79324.2,0.2806
IOTAUSDT,SELL,LIMIT,1702200623107,1804.3,0.2824
IOTAUSDT,SELL,LIMIT,1702200698679,1243.8,0.2824
IOTAUSDT,SELL,LIMIT,1702200701107,20.0,0.2823
IOTAUSDT,SELL,LIMIT,1702200765871,12722.7,0.2818
IOTAUSDT,SELL,LIMIT,1702200768025,477.7,0.2818
IOTAUSDT,SELL,LIMIT,1702200794586,79.2,0.2815
IOTAUSDT,SELL,LIMIT,1702200796461,1620.1,0.2814
IOTAUSDT,SELL,LIMIT,1702200898560,2408.9,0.2811
IOTAUSDT,SELL,LIMIT,1702200926616,874.6,0.2811
IOTAUSDT,SELL,LIMIT,1702200929111,349.7,0.2810
IOTAUSDT,SELL,LIMIT,1702200934786,279.0,0.2808
IOTAUSDT,SELL,LIMIT,1702200936175,65953.7,0.2785
IOTAUSDT,SELL,LIMIT,1702200937403,3394.1,0.2805
IOTAUSDT,SELL,LIMIT,1702200938456,58.6,0.2806
IOTAUSDT,SELL,LIMIT,1702201452891,83.0,0.2809
IOTAUSDT,SELL,LIMIT,1702201480464,3428.8,0.2806
IOTAUSDT,SELL,LIMIT,1702201493133,400.8,0.2805
IOTAUSDT,SELL,LIMIT,1702202054090,67.8,0.2804
IOTAUSDT,SELL,LIMIT,1702202055151,271.5,0.2801
IOTAUSDT,SELL,LIMIT,1702202056565,10895.8,0.2801
IOTAUSDT,SELL,LIMIT,1702202082153,135.2,0.2799
IOTAUSDT,SELL,LIMIT,1702202084863,94.5,0.2799
IOTAUSDT,SELL,LIMIT,1702202157284,1077.3,0.2799
IOTAUSDT,SELL,LIMIT,1702202158297,2041.0,0.2798
IOTAUSDT,SELL,LIMIT,1702202253402,169.6,0.2797
IOTAUSDT,SELL,LIMIT,1702202255187,1951.6,0.2796
IOTAUSDT,SELL,LIMIT,1702202260324,5834.9,0.2795
IOTAUSDT,SELL,LIMIT,1702202261419,11072.5,0.2791
IOTAUSDT,SELL,LIMIT,1702202263133,142.4,0.2792
IOTAUSDT,SELL,LIMIT,1702202273281,3035.0,0.2790
IOTAUSDT,SELL,LIMIT,1702202274613,536.9,0.2790
IOTAUSDT,SELL,LIMIT,1702202276187,509.1,0.2789
IOTAUSDT,SELL,LIMIT,1702202277197,170.0,0.2789
IOTAUSDT,SELL,LIMIT,1702202278214,107.2,0.2789
IOTAUSDT,SELL,LIMIT,1702202289401,127.2,0.2790
IOTAUSDT,SELL,LIMIT,1702202290434,4521.7,0.2780
IOTAUSDT,SELL,LIMIT,1702202291466,364.4,0.2778
IOTAUSDT,SELL,LIMIT,1702202294194,428.7,0.2779
IOTAUSDT,SELL,LIMIT,1702202321511,340.5,0.2777
IOTAUSDT,SELL,LIMIT,1702202323471,171.2,0.2775
IOTAUSDT,SELL,LIMIT,1702202324489,2373.1,0.2766
IOTAUSDT,SELL,LIMIT,1702202325518,3774.0,0.2766
IOTAUSDT,SELL,LIMIT,1702202364437,6874.1,0.2771
IOTAUSDT,SELL,LIMIT,1702202381082,4313.3,0.2765
IOTAUSDT,SELL,LIMIT,1702202383591,315.3,0.2765
IOTAUSDT,SELL,LIMIT,1702202399446,169.2,0.2767
IOTAUSDT,SELL,LIMIT,1702202408262,793.2,0.2765
IOTAUSDT,SELL,LIMIT,1702203647299,608.6,0.2776
IOTAUSDT,SELL,LIMIT,1702204771365,75.1,0.2775
IOTAUSDT,SELL,LIMIT,1702204882249,17680.3,0.2773
IOTAUSDT,BUY,LIMIT,1702205629320,177.6,0.2872
IOTAUSDT,BUY,LIMIT,1702205853619,158.2,0.2875
IOTAUSDT,SELL,LIMIT,1702209045544,691.8,0.2796
IOTAUSDT,BUY,LIMIT,1702210096646,1766.7,0.2885
IOTAUSDT,BUY,LIMIT,1702210252014,348.7,0.2888
IOTAUSDT,BUY,LIMIT,1702210253557,130.5,0.2889
IOTAUSDT,BUY,LIMIT,1702210650189,175.8,0.2898
IOTAUSDT,SELL,LIMIT,1702212072956,137.0,0.2805
IOTAUSDT,SELL,LIMIT,1702214444859,6545.2,0.2807
IOTAUSDT,SELL,LIMIT,1702214446262,2213.3,0.2806
IOTAUSDT,SELL,LIMIT,1702214467743,91.0,0.2803
IOTAUSDT,SELL,LIMIT,1702214835466,107.4,0.2801
IOTAUSDT,SELL,LIMIT,1702214845197,78.3,0.2799
IOTAUSDT,BUY,LIMIT,1702216155688,4419.3,0.2898
IOTAUSDT,SELL,LIMIT,1702216454142,2730.6,0.2800
IOTAUSDT,BUY,LIMIT,1702217280678,8177.1,0.2895
IOTAUSDT,BUY,LIMIT,1702217353777,19.7,0.2897
IOTAUSDT,SELL,LIMIT,1702218149461,0.5,0.2822
IOTAUSDT,SELL,LIMIT,1702218344205,750.1,0.2798
IOTAUSDT,BUY,LIMIT,1702219739551,87.7,0.2896
IOTAUSDT,BUY,LIMIT,1702219766115,19.4,0.2898
IOTAUSDT,BUY,LIMIT,1702220844414,188.6,0.2902
IOTAUSDT,BUY,LIMIT,1702221496153,622.9,0.2910
IOTAUSDT,BUY,LIMIT,1702223014142,39.2,0.2916
IOTAUSDT,SELL,LIMIT,1702230185508,73.3,0.2802
IOTAUSDT,SELL,LIMIT,1702230315563,41.5,0.2797
IOTAUSDT,BUY,LIMIT,1702232899862,40.2,0.2919
IOTAUSDT,BUY,LIMIT,1702238373058,3680.0,0.2927
IOTAUSDT,BUY,LIMIT,1702238526454,9543.4,0.2930
IOTAUSDT,SELL,LIMIT,1702238604571,77.4,0.2847
IOTAUSDT,BUY,LIMIT,1702238892051,214.9,0.2936
IOTAUSDT,BUY,LIMIT,1702240325250,8840.2,0.2936
IOTAUSDT,BUY,LIMIT,1702240398089,164.1,0.2943
IOTAUSDT,BUY,LIMIT,1702240399227,17.8,0.2941
IOTAUSDT,BUY,LIMIT,1702240400253,180.2,0.2943
IOTAUSDT,BUY,LIMIT,1702242010191,2003.3,0.2960
IOTAUSDT,SELL,LIMIT,1702243557254,410.7,0.2864
IOTAUSDT,SELL,LIMIT,1702250243614,94.5,0.2842
IOTAUSDT,SELL,LIMIT,1702253847776,1731.3,0.2831
IOTAUSDT,SELL,LIMIT,1702254239340,19.0,0.2827
IOTAUSDT,SELL,LIMIT,1702254572555,101.6,0.2821
IOTAUSDT,SELL,LIMIT,1702254909100,14293.1,0.2819
IOTAUSDT,SELL,LIMIT,1702255226353,1468.5,0.2808
IOTAUSDT,SELL,LIMIT,1702255553966,258.3,0.2795
IOTAUSDT,SELL,LIMIT,1702256493585,140.4,0.2789
IOTAUSDT,SELL,LIMIT,1702256501112,382.1,0.2788
IOTAUSDT,SELL,LIMIT,1702256575337,23257.5,0.2776
IOTAUSDT,SELL,LIMIT,1702256610534,387.4,0.2780
IOTAUSDT,SELL,LIMIT,1702256626166,306.9,0.2776
IOTAUSDT,SELL,LIMIT,1702256724030,164.5,0.2774
IOTAUSDT,SELL,LIMIT,1702256906165,810.7,0.2770
IOTAUSDT,SELL,LIMIT,1702256914413,2771.3,0.2762
IOTAUSDT,SELL,LIMIT,1702256915493,12800.8,0.2766
IOTAUSDT,SELL,LIMIT,1702256916529,4843.1,0.2758
IOTAUSDT,SELL,LIMIT,1702256917536,950.0,0.2746
IOTAUSDT,SELL,LIMIT,1702256918566,9399.2,0.2753
IOTAUSDT,SELL,LIMIT,1702256922239,2076.1,0.2748
IOTAUSDT,SELL,LIMIT,1702260263662,31.2,0.2762
IOTAUSDT,SELL,LIMIT,1702260318097,5951.8,0.2750
IOTAUSDT,SELL,LIMIT,1702260322698,5143.2,0.2749
IOTAUSDT,SELL,LIMIT,1702260325420,69.2,0.2747
IOTAUSDT,SELL,LIMIT,1702260327431,207.2,0.2746
IOTAUSDT,SELL,LIMIT,1702260426972,16407.6,0.2745
IOTAUSDT,SELL,LIMIT,1702260428056,714.3,0.2745
IOTAUSDT,SELL,LIMIT,1702260429285,2168.9,0.2741
IOTAUSDT,SELL,LIMIT,1702260430292,2120.2,0.2738
IOTAUSDT,SELL,LIMIT,1702260431685,18.8,0.2734
IOTAUSDT,SELL,LIMIT,1702260435284,11673.6,0.2732
IOTAUSDT,SELL,LIMIT,1702260436542,813.7,0.2731
IOTAUSDT,SELL,LIMIT,1702260438510,1327.2,0.2728
IOTAUSDT,SELL,LIMIT,1702260441181,489.2,0.2725
IOTAUSDT,SELL,LIMIT,1702260442777,416.2,0.2724
IOTAUSDT,SELL,LIMIT,1702260475255,1013.8,0.2730
IOTAUSDT,SELL,LIMIT,1702260620123,605.3,0.2723
IOTAUSDT,SELL,LIMIT,1702260622657,0.4,0.2723
IOTAUSDT,SELL,LIMIT,1702260624248,65.8,0.2721
IOTAUSDT,SELL,LIMIT,1702260626508,2999.3,0.2720
IOTAUSDT,SELL,LIMIT,1702260627606,93.6,0.2720
IOTAUSDT,SELL,LIMIT,1702260629198,28125.0,0.2705
IOTAUSDT,SELL,LIMIT,1702260630637,756.5,0.2711
IOTAUSDT,SELL,LIMIT,1702260631762,1710.2,0.2711
IOTAUSDT,SELL,LIMIT,1702260633282,3544.4,0.2708
IOTAUSDT,SELL,LIMIT,1702260634802,343.2,0.2705
IOTAUSDT,SELL,LIMIT,1702260635912,11140.9,0.2704
IOTAUSDT,SELL,LIMIT,1702260637277,2639.6,0.2701
IOTAUSDT,SELL,LIMIT,1702260692213,1581.1,0.2703
IOTAUSDT,SELL,LIMIT,1702260694284,1582.4,0.2699
IOTAUSDT,SELL,LIMIT,1702260695700,148.9,0.2698
IOTAUSDT,SELL,LIMIT,1702260697096,13507.4,0.2695
IOTAUSDT,SELL,LIMIT,1702260699201,16.6,0.2693
IOTAUSDT,SELL,LIMIT,1702260700358,1686.7,0.2693
IOTAUSDT,SELL,LIMIT,1702260706153,155.0,0.2691
IOTAUSDT,SELL,LIMIT,1702260707218,123.3,0.2688
IOTAUSDT,SELL,LIMIT,1702260708153,1720.5,0.2688
IOTAUSDT,SELL,LIMIT,1702260709396,2237.2,0.2687
IOTAUSDT,SELL,LIMIT,1702260710649,410.7,0.2687
IOTAUSDT,SELL,LIMIT,1702260711829,17.2,0.2686
IOTAUSDT,SELL,LIMIT,1702260712864,492.9,0.2685
IOTAUSDT,SELL,LIMIT,1702260713921,716.2,0.2685
IOTAUSDT,SELL,LIMIT,1702260714940,46.6,0.2683
IOTAUSDT,SELL,LIMIT,1702260716235,100.1,0.2677
IOTAUSDT,SELL,LIMIT,1702260717530,24047.2,0.2668
IOTAUSDT,SELL,LIMIT,1702260718591,8629.8,0.2671
IOTAUSDT,SELL,LIMIT,1702260719793,546.8,0.2682
IOTAUSDT,SELL,LIMIT,1702260722300,20.8,0.2672
IOTAUSDT,SELL,LIMIT,1702260724410,314.4,0.2669
IOTAUSDT,SELL,LIMIT,1702260725466,186.6,0.2662
IOTAUSDT,SELL,LIMIT,1702260726586,1146.4,0.2667
IOTAUSDT,SELL,LIMIT,1702260727605,24032.0,0.2654
IOTAUSDT,SELL,LIMIT,1702260728622,43947.5,0.2645
IOTAUSDT,SELL,LIMIT,1702260729641,17.9,0.2660
IOTAUSDT,SELL,LIMIT,1702260730656,358.0,0.2655
IOTAUSDT,SELL,LIMIT,1702260731732,170.5,0.2654
IOTAUSDT,SELL,LIMIT,1702260733296,7616.5,0.2644
IOTAUSDT,SELL,LIMIT,1702260734298,7742.2,0.2637
IOTAUSDT,SELL,LIMIT,1702260735791,26.0,0.2638
IOTAUSDT,SELL,LIMIT,1702260736860,540.4,0.2634
IOTAUSDT,SELL,LIMIT,1702260737884,686.7,0.2634
IOTAUSDT,SELL,LIMIT,1702260738891,343.6,0.2633
IOTAUSDT,SELL,LIMIT,1702260740394,333.8,0.2627
IOTAUSDT,SELL,LIMIT,1702260741455,79007.2,0.2592
IOTAUSDT,SELL,LIMIT,1702260742487,6896.5,0.2612
IOTAUSDT,SELL,LIMIT,1702260743557,2498.6,0.2611
IOTAUSDT,SELL,LIMIT,1702260744593,932.3,0.2610
IOTAUSDT,SELL,LIMIT,1702260745579,16923.3,0.2601
IOTAUSDT,SELL,LIMIT,1702260746623,15094.8,0.2623
IOTAUSDT,SELL,LIMIT,1702260747671,16580.6,0.2584
IOTAUSDT,SELL,LIMIT,1702260748759,822.6,0.2580
IOTAUSDT,SELL,LIMIT,1702260749837,100.0,0.2576
IOTAUSDT,SELL,LIMIT,1702260750849,4757.5,0.2571
IOTAUSDT,SELL,LIMIT,1702260751904,125.2,0.2565
IOTAUSDT,SELL,LIMIT,1702260752973,3458.4,0.2567
IOTAUSDT,SELL,LIMIT,1702260754032,743.4,0.2561
IOTAUSDT,SELL,LIMIT,1702260755033,2337.5,0.2544
IOTAUSDT,SELL,LIMIT,1702260756668,1000.0,0.2557
IOTAUSDT,SELL,LIMIT,1702260757698,21372.4,0.2529
IOTAUSDT,SELL,LIMIT,1702260758702,8718.4,0.2527
IOTAUSDT,SELL,LIMIT,1702260759707,406.6,0.2529
IOTAUSDT,SELL,LIMIT,1702260760698,956.1,0.2524
IOTAUSDT,SELL,LIMIT,1702260761771,1457.7,0.2514
IOTAUSDT,SELL,LIMIT,1702260762782,422.5,0.2518
IOTAUSDT,SELL,LIMIT,1702260763890,2066.1,0.2515
IOTAUSDT,SELL,LIMIT,1702260764956,29.1,0.2515
IOTAUSDT,SELL,LIMIT,1702260766770,182.7,0.2514
IOTAUSDT,SELL,LIMIT,1702260767802,9001.4,0.2512
IOTAUSDT,SELL,LIMIT,1702260768882,378.9,0.2510
IOTAUSDT,SELL,LIMIT,1702260769978,35.0,0.2499
IOTAUSDT,SELL,LIMIT,1702260771088,201.9,0.2497
IOTAUSDT,SELL,LIMIT,1702260772100,1960.7,0.2492
IOTAUSDT,SELL,LIMIT,1702260773141,200.0,0.2484
IOTAUSDT,SELL,LIMIT,1702260774356,1021.5,0.2483
IOTAUSDT,SELL,LIMIT,1702260775416,5778.3,0.2475
IOTAUSDT,SELL,LIMIT,1702260776419,480.5,0.2476
IOTAUSDT,SELL,LIMIT,1702260777439,415.0,0.2464
IOTAUSDT,SELL,LIMIT,1702260778449,1293.7,0.2474
IOTAUSDT,SELL,LIMIT,1702260779470,1034.1,0.2488
IOTAUSDT,SELL,LIMIT,1702260780514,6122.6,0.2460
IOTAUSDT,SELL,LIMIT,1702260781569,472.7,0.2460
IOTAUSDT,SELL,LIMIT,1702260782682,550.0,0.2460
IOTAUSDT,SELL,LIMIT,1702260783696,183.6,0.2459
IOTAUSDT,SELL,LIMIT,1702260784786,960.0,0.2460
IOTAUSDT,SELL,LIMIT,1702260786294,84.4,0.2460
IOTAUSDT,SELL,LIMIT,1702260787405,15000.0,0.2452
IOTAUSDT,SELL,LIMIT,1702260788430,604.0,0.2440
IOTAUSDT,SELL,LIMIT,1702260789455,47.4,0.2451
IOTAUSDT,SELL,LIMIT,1702260790567,24.3,0.2437
IOTAUSDT,SELL,LIMIT,1702260791569,556.0,0.2431
IOTAUSDT,SELL,LIMIT,1702260792622,17364.5,0.2430
IOTAUSDT,SELL,LIMIT,1702260793708,132.9,0.2428
IOTAUSDT,SELL,LIMIT,1702260794734,15652.8,0.2428
IOTAUSDT,SELL,LIMIT,1702260795904,2846.4,0.2422
IOTAUSDT,SELL,LIMIT,1702260796941,19.0,0.2416
IOTAUSDT,SELL,LIMIT,1702260798157,214.0,0.2416
IOTAUSDT,SELL,LIMIT,1702260799327,348.7,0.2412
IOTAUSDT,SELL,LIMIT,1702260800492,1689.9,0.2407
IOTAUSDT,SELL,LIMIT,1702260801548,1025.9,0.2411
IOTAUSDT,SELL,LIMIT,1702260802612,6000.0,0.2408
IOTAUSDT,SELL,LIMIT,1702260803691,49.6,0.2409
IOTAUSDT,SELL,LIMIT,1702260804701,583.7,0.2400
IOTAUSDT,SELL,LIMIT,1702260805722,160.4,0.2410
IOTAUSDT,SELL,LIMIT,1702260806786,275.0,0.2471
IOTAUSDT,SELL,LIMIT,1702260807904,18.0,0.2396
IOTAUSDT,SELL,LIMIT,1702260809195,30.0,0.2538
IOTAUSDT,SELL,LIMIT,1702260811221,21367.5,0.2407
IOTAUSDT,SELL,LIMIT,1702260812270,287.1,0.2405
IOTAUSDT,SELL,LIMIT,1702260813272,117.2,0.2393
IOTAUSDT,SELL,LIMIT,1702260814291,3009.2,0.2393
IOTAUSDT,SELL,LIMIT,1702260815485,370.2,0.2393
IOTAUSDT,SELL,LIMIT,1702260817773,3569.5,0.2398
IOTAUSDT,SELL,LIMIT,1702260820575,6415.5,0.2403
IOTAUSDT,SELL,LIMIT,1702260821642,507.5,0.2404
IOTAUSDT,SELL,LIMIT,1702260823985,217.7,0.2411
IOTAUSDT,SELL,LIMIT,1702260824986,1865.8,0.2413
IOTAUSDT,BUY,LIMIT,1702260829225,457.2,0.2504
IOTAUSDT,BUY,LIMIT,1702260837932,3090.2,0.2519
IOTAUSDT,BUY,LIMIT,1702260874336,180.0,0.2591
IOTAUSDT,SELL,LIMIT,1702260947263,117.9,0.2563
IOTAUSDT,BUY,LIMIT,1702261114056,27.8,0.2655
IOTAUSDT,BUY,LIMIT,1702261309663,2863.1,0.2658
IOTAUSDT,SELL,LIMIT,1702262557178,960.3,0.2585
IOTAUSDT,SELL,LIMIT,1702262615563,451.3,0.2579
IOTAUSDT,SELL,LIMIT,1702262627260,180.8,0.2570
IOTAUSDT,SELL,LIMIT,1702262834836,35.2,0.2575
IOTAUSDT,SELL,LIMIT,1702267136199,196.7,0.2628
