Symbol,Side,Order Type,Time,Quantity,Price
IOTAUSDT,SELL,LIMIT,1701000420826,1025.8,0.1774
IOTAUSDT,SELL,LIMIT,1701000569574,5428.7,0.1771
IOTAUSDT,SELL,LIMIT,1701001502500,576.4,0.1767
IOTAUSDT,SELL,LIMIT,1701001508402,200.4,0.1761
IOTAUSDT,SELL,LIMIT,1701009270343,626.3,0.1753
IOTAUSDT,SELL,LIMIT,1701013730453,363.9,0.1749
IOTAUSDT,SELL,LIMIT,1701013741041,14246.5,0.1748
IOTAUSDT,SELL,LIMIT,1701013750969,77.0,0.1746
IOTAUSDT,SELL,LIMIT,1701013873362,172.3,0.1745
IOTAUSDT,SELL,LIMIT,1701013904333,28121.4,0.1747
IOTAUSDT,SELL,LIMIT,1701013995504,634.9,0.1741
IOTAUSDT,SELL,LIMIT,1701014019799,1232.0,0.1739
IOTAUSDT,SELL,LIMIT,1701014058087,61.1,0.1737
IOTAUSDT,SELL,LIMIT,1701015642927,588.5,0.1738
IOTAUSDT,SELL,LIMIT,1701015644388,549.4,0.1736
IOTAUSDT,SELL,LIMIT,1701015658344,5564.8,0.1736
IOTAUSDT,SELL,LIMIT,1701015663977,100.5,0.1734
IOTAUSDT,SELL,LIMIT,1701015674152,2232.1,0.1733
IOTAUSDT,SELL,LIMIT,1701015675250,160.2,0.1732
IOTAUSDT,SELL,LIMIT,1701015677386,2201.3,0.1726
IOTAUSDT,SELL,LIMIT,1701015764348,103.6,0.1724
IOTAUSDT,SELL,LIMIT,1701016014757,58.5,0.1722
IOTAUSDT,SELL,LIMIT,1701016032335,14.9,0.1719
IOTAUSDT,SELL,LIMIT,1701016033916,455.9,0.1717
IOTAUSDT,SELL,LIMIT,1701016043256,32.9,0.1715
IOTAUSDT,SELL,LIMIT,1701016044388,799.3,0.1713
IOTAUSDT,SELL,LIMIT,1701016045372,15863.2,0.1712
IOTAUSDT,SELL,LIMIT,1701016047165,3245.0,0.1710
IOTAUSDT,SELL,LIMIT,1701016048087,36.4,0.1712
IOTAUSDT,SELL,LIMIT,1701016049340,230.2,0.1710
IOTAUSDT,SELL,LIMIT,1701016050361,109.0,0.1775
IOTAUSDT,SELL,LIMIT,1701016098557,20273.3,0.1707
IOTAUSDT,SELL,LIMIT,1701016099616,28044.3,0.1705
IOTAUSDT,SELL,LIMIT,1701016101143,3000.0,0.1704
IOTAUSDT,SELL,LIMIT,1701016101989,15924.6,0.1704
IOTAUSDT,SELL,LIMIT,1701016103224,1395.0,0.1703
IOTAUSDT,SELL,LIMIT,1701016104189,16447.3,0.1699
IOTAUSDT,SELL,LIMIT,1701016838422,1098.3,0.1720
IOTAUSDT,SELL,LIMIT,1701029551957,254.4,0.1732
IOTAUSDT,BUY,LIMIT,1701031248574,28392.9,0.1795
IOTAUSDT,BUY,LIMIT,1701031800347,8.0,0.1802
IOTAUSDT,SELL,LIMIT,1701049352510,1080.5,0.1748
IOTAUSDT,SELL,LIMIT,1701051934849,2358.4,0.1741
IOTAUSDT,SELL,LIMIT,1701052284419,32.2,0.1740
IOTAUSDT,SELL,LIMIT,1701052737294,207.6,0.1738
IOTAUSDT,SELL,LIMIT,1701056045443,12403.5,0.1719
