Symbol,Side,Order Type,Time,Quantity,Price
IOTAUSDT,BUY,LIMIT,1701065800951,780.8,0.1797
IOTAUSDT,SELL,LIMIT,1701067863845,2808.9,0.1728
IOTAUSDT,SELL,LIMIT,1701069556013,6120.0,0.1718
IOTAUSDT,SELL,LIMIT,1701069575506,41.6,0.1715
IOTAUSDT,SELL,LIMIT,1701069829907,205.4,0.1712
IOTAUSDT,SELL,LIMIT,1701069855385,4055.4,0.1710
IOTAUSDT,SELL,LIMIT,1701069878440,1804.2,0.1708
IOTAUSDT,SELL,LIMIT,1701069889037,624.4,0.1708
IOTAUSDT,SELL,LIMIT,1701074847443,1414.1,0.1719
IOTAUSDT,SELL,LIMIT,1701074950901,9531.7,0.1716
IOTAUSDT,SELL,LIMIT,1701080337453,230.0,0.1709
IOTAUSDT,SELL,LIMIT,1701080766069,2442.4,0.1701
IOTAUSDT,SELL,LIMIT,1701081183547,836.0,0.1700
IOTAUSDT,SELL,LIMIT,1701081211377,150.0,0.1699
IOTAUSDT,SELL,LIMIT,1701081261551,109.5,0.1698
IOTAUSDT,SELL,LIMIT,1701081285450,1310.5,0.1698
IOTAUSDT,SELL,LIMIT,1701081434720,2832.3,0.1693
IOTAUSDT,SELL,LIMIT,1701081450071,257.2,0.1692
IOTAUSDT,SELL,LIMIT,1701081451881,8331.6,0.1690
IOTAUSDT,SELL,LIMIT,1701081457278,162.3,0.1690
IOTAUSDT,SELL,LIMIT,1701081485162,2044.3,0.1690
IOTAUSDT,SELL,LIMIT,1701081496231,3781.0,0.1690
IOTAUSDT,SELL,LIMIT,1701081580379,4811.6,0.1688
IOTAUSDT,SELL,LIMIT,1701082654749,4153.5,0.1686
IOTAUSDT,SELL,LIMIT,1701082707246,748.7,0.1682
IOTAUSDT,SELL,LIMIT,1701090771231,8022.5,0.1680
IOTAUSDT,SELL,LIMIT,1701090806365,609.9,0.1680
IOTAUSDT,SELL,LIMIT,1701090869338,28592.2,0.1679
IOTAUSDT,SELL,LIMIT,1701091162297,292.5,0.1677
IOTAUSDT,SELL,LIMIT,1701091164643,1916.7,0.1676
IOTAUSDT,SELL,LIMIT,1701093136438,6524.6,0.1675
IOTAUSDT,SELL,LIMIT,1701095387886,1440.4,0.1674
IOTAUSDT,SELL,LIMIT,1701095393711,100.0,0.1673
IOTAUSDT,SELL,LIMIT,1701095580717,103.2,0.1670
IOTAUSDT,SELL,LIMIT,1701097088328,335.6,0.1670
IOTAUSDT,SELL,LIMIT,1701097099732,308.0,0.1668
IOTAUSDT,SELL,LIMIT,1701097102042,2948.9,0.1667
IOTAUSDT,SELL,LIMIT,1701100159298,179.6,0.1679
IOTAUSDT,SELL,LIMIT,1701100640370,8379.8,0.1669
IOTAUSDT,BUY,LIMIT,1701103478853,299.4,0.1732
IOTAUSDT,SELL,LIMIT,1701111164754,156.3,0.1676
IOTAUSDT,SELL,LIMIT,1701111254440,3339.9,0.1675
IOTAUSDT,SELL,LIMIT,1701112213184,13000.0,0.1665
IOTAUSDT,SELL,LIMIT,1701114162426,156.4,0.1667
IOTAUSDT,SELL,LIMIT,1701114234552,1105.6,0.1663
IOTAUSDT,SELL,LIMIT,1701114263859,4784.8,0.1659
IOTAUSDT,SELL,LIMIT,1701114381162,468.0,0.1658
IOTAUSDT,SELL,LIMIT,1701114464259,6666.0,0.1652
IOTAUSDT,SELL,LIMIT,1701114471540,355.7,0.1654
IOTAUSDT,SELL,LIMIT,1701114475428,28026.9,0.1654
IOTAUSDT,BUY,LIMIT,1701115284844,1515.0,0.1714
IOTAUSDT,SELL,LIMIT,1701116830038,35.1,0.1657
IOTAUSDT,SELL,LIMIT,1701117352852,552.1,0.1654
IOTAUSDT,SELL,LIMIT,1701133646333,215.5,0.1685
IOTAUSDT,SELL,LIMIT,1701143258748,380.1,0.1675
IOTAUSDT,SELL,LIMIT,1701145961184,5091.2,0.1669
IOTAUSDT,SELL,LIMIT,1701148009956,200.0,0.1655
IOTAUSDT,SELL,LIMIT,1701148195294,115.8,0.1650
IOTAUSDT,SELL,LIMIT,1701148221125,479.2,0.1648
IOTAUSDT,SELL,LIMIT,1701149771344,567.7,0.1647
IOTAUSDT,SELL,LIMIT,1701149845068,302.4,0.1644
IOTAUSDT,SELL,LIMIT,1701149851199,2744.2,0.1643
IOTAUSDT,SELL,LIMIT,1701149853205,54.9,0.1642
IOTAUSDT,SELL,LIMIT,1701149890894,245.9,0.1640
IOTAUSDT,SELL,LIMIT,1701151273267,136.3,0.1641
IOTAUSDT,BUY,LIMIT,1701157995555,539.3,0.1708
IOTAUSDT,BUY,LIMIT,1701164387786,142.0,0.1709
IOTAUSDT,SELL,LIMIT,1701171839284,354.5,0.1678
IOTAUSDT,SELL,LIMIT,1701176538837,214.2,0.1666
IOTAUSDT,SELL,LIMIT,1701185917340,38.2,0.1673
IOTAUSDT,BUY,LIMIT,1701192316243,187.0,0.1761
IOTAUSDT,SELL,LIMIT,1701197457705,3636.7,0.1700
IOTAUSDT,BUY,LIMIT,1701197853201,920.6,0.1695
IOTAUSDT,SELL,LIMIT,1701203188431,318.5,0.1706
IOTAUSDT,SELL,LIMIT,1701211834106,5484.9,0.1698
IOTAUSDT,SELL,LIMIT,1701211848397,2294.8,0.1698
IOTAUSDT,SELL,LIMIT,1701211938455,28920.7,0.1694
IOTAUSDT,SELL,LIMIT,1701211939501,3049.6,0.1694
IOTAUSDT,SELL,LIMIT,1701214604522,131.5,0.1720
IOTAUSDT,BUY,LIMIT,1701218739262,6013.6,0.1757
IOTAUSDT,BUY,LIMIT,1701228379644,659.1,0.1764
IOTAUSDT,BUY,LIMIT,1701242093857,2234.8,0.1774
IOTAUSDT,BUY,LIMIT,1701245639311,29904.3,0.1775
IOTAUSDT,BUY,LIMIT,1701246351163,71.8,0.1778
IOTAUSDT,BUY,LIMIT,1701248753572,3106.0,0.1789
IOTAUSDT,SELL,LIMIT,1701254362374,67.7,0.1710
IOTAUSDT,SELL,LIMIT,1701254411339,4971.6,0.1708
IOTAUSDT,SELL,LIMIT,1701254418830,2323.1,0.1706
