Symbol,Side,Order Type,Time,Quantity,Price
IOTAUSDT,BUY,LIMIT,1701065800951,780.8,0.1797
IOTAUSDT,SELL,LIMIT,1701067863845,2808.9,0.1728
IOTAUSDT,SELL,LIMIT,1701069556013,6120.0,0.1718
IOTAUSDT,SELL,LIMIT,1701069575506,41.6,0.1715
IOTAUSDT,SELL,LIMIT,1701069829907,205.4,0.1712
IOTAUSDT,SELL,LIMIT,1701069855385,4055.4,0.1710
IOTAUSDT,SELL,LIMIT,1701069878440,1804.2,0.1708
IOTAUSDT,SELL,LIMIT,1701069889037,624.4,0.1708
IOTAUSDT,SELL,LIMIT,1701074847443,1414.1,0.1719
IOTAUSDT,SELL,LIMIT,1701074950901,9531.7,0.1716
IOTAUSDT,SELL,LIMIT,1701080337453,230.0,0.1709
IOTAUSDT,SELL,LIMIT,1701080766069,2442.4,0.1701
IOTAUSDT,SELL,LIMIT,1701081183547,836.0,0.1700
IOTAUSDT,SELL,LIMIT,1701081211377,150.0,0.1699
IOTAUSDT,SELL,LIMIT,1701081261551,109.5,0.1698
IOTAUSDT,SELL,LIMIT,1701081285450,1310.5,0.1698
IOTAUSDT,SELL,LIMIT,1701081434720,2832.3,0.1693
IOTAUSDT,SELL,LIMIT,1701081450071,257.2,0.1692
IOTAUSDT,SELL,LIMIT,1701081451881,8331.6,0.1690
IOTAUSDT,SELL,LIMIT,1701081457278,162.3,0.1690
IOTAUSDT,SELL,LIMIT,1701081485162,2044.3,0.1690
IOTAUSDT,SELL,LIMIT,1701081496231,3781.0,0.1690
IOTAUSDT,SELL,LIMIT,1701081580379,4811.6,0.1688
IOTAUSDT,SELL,LIMIT,1701082654749,4153.5,0.1686
IOTAUSDT,SELL,LIMIT,1701082707246,748.7,0.1682
IOTAUSDT,SELL,LIMIT,1701090771231,8022.5,0.1680
IOTAUSDT,SELL,LIMIT,1701090806365,609.9,0.1680
IOTAUSDT,SELL,LIMIT,1701090869338,28592.2,0.1679
IOTAUSDT,SELL,LIMIT,1701091162297,292.5,0.1677
IOTAUSDT,SELL,LIMIT,1701091164643,1916.7,0.1676
IOTAUSDT,SELL,LIMIT,1701093136438,6524.6,0.1675
IOTAUSDT,SELL,LIMIT,1701095387886,1440.4,0.1674
IOTAUSDT,SELL,LIMIT,1701095393711,100.0,0.1673
IOTAUSDT,SELL,LIMIT,1701095580717,103.2,0.1670
IOTAUSDT,SELL,LIMIT,1701097088328,335.6,0.1670
IOTAUSDT,SELL,LIMIT,1701097099732,308.0,0.1668
IOTAUSDT,SELL,LIMIT,1701097102042,2948.9,0.1667
IOTAUSDT,SELL,LIMIT,1701100159298,179.6,0.1679
IOTAUSDT,SELL,LIMIT,1701100640370,8379.8,0.1669
IOTAUSDT,BUY,LIMIT,1701103478853,299.4,0.1732
IOTAUSDT,SELL,LIMIT,1701111164754,156.3,0.1676
IOTAUSDT,SELL,LIMIT,1701111254440,3339.9,0.1675
IOTAUSDT,SELL,LIMIT,1701112213184,13000.0,0.1665
IOTAUSDT,SELL,LIMIT,1701114162426,156.4,0.1667
IOTAUSDT,SELL,LIMIT,1701114234552,1105.6,0.1663
IOTAUSDT,SELL,LIMIT,1701114263859,4784.8,0.1659
IOTAUSDT,SELL,LIMIT,1701114381162,468.0,0.1658
IOTAUSDT,SELL,LIMIT,1701114464259,6666.0,0.1652
IOTAUSDT,SELL,LIMIT,1701114471540,355.7,0.1654
IOTAUSDT,SELL,LIMIT,1701114475428,28026.9,0.1654
IOTAUSDT,BUY,LIMIT,1701115284844,1515.0,0.1714
IOTAUSDT,SELL,LIMIT,1701116830038,35.1,0.1657
IOTAUSDT,SELL,LIMIT,1701117352852,552.1,0.1654
IOTAUSDT,SELL,LIMIT,1701133646333,215.5,0.1685
IOTAUSDT,SELL,LIMIT,1701143258748,380.1,0.1675
IOTAUSDT,SELL,LIMIT,1701145961184,5091.2,0.1669
IOTAUSDT,SELL,LIMIT,1701148009956,200.0,0.1655
IOTAUSDT,SELL,LIMIT,1701148195294,115.8,0.1650
IOTAUSDT,SELL,LIMIT,1701148221125,479.2,0.1648
IOTAUSDT,SELL,LIMIT,1701149771344,567.7,0.1647
IOTAUSDT,SELL,LIMIT,1701149845068,302.4,0.1644
IOTAUSDT,SELL,LIMIT,1701149851199,2744.2,0.1643
IOTAUSDT,SELL,LIMIT,1701149853205,54.9,0.1642
IOTAUSDT,SELL,LIMIT,1701149890894,245.9,0.1640
IOTAUSDT,SELL,LIMIT,1701151273267,136.3,0.1641
IOTAUSDT,BUY,LIMIT,1701157995555,539.3,0.1708
IOTAUSDT,BUY,LIMIT,1701164387786,142.0,0.1709
IOTAUSDT,SELL,LIMIT,1701171839284,354.5,0.1678
IOTAUSDT,SELL,LIMIT,1701176538837,214.2,0.1666
IOTAUSDT,SELL,LIMIT,1701185917340,38.2,0.1673
IOTAUSDT,BUY,LIMIT,1701192316243,187.0,0.1761
IOTAUSDT,SELL,LIMIT,1701197457705,3636.7,0.1700
IOTAUSDT,BUY,LIMIT,1701197853201,920.6,0.1695
IOTAUSDT,SELL,LIMIT,1701203188431,318.5,0.1706
IOTAUSDT,SELL,LIMIT,1701211834106,5484.9,0.1698
IOTAUSDT,SELL,LIMIT,1701211848397,2294.8,0.1698
IOTAUSDT,SELL,LIMIT,1701211938455,28920.7,0.1694
IOTAUSDT,SELL,LIMIT,1701211939501,3049.6,0.1694
IOTAUSDT,SELL,LIMIT,1701214604522,131.5,0.1720
IOTAUSDT,BUY,LIMIT,1701218739262,6013.6,0.1757
IOTAUSDT,BUY,LIMIT,1701228379644,659.1,0.1764
IOTAUSDT,BUY,LIMIT,1701242093857,2234.8,0.1774
IOTAUSDT,BUY,LIMIT,1701245639311,29904.3,0.1775
IOTAUSDT,BUY,LIMIT,1701246351163,71.8,0.1778
IOTAUSDT,BUY,LIMIT,1701248753572,3106.0,0.1789
IOTAUSDT,SELL,LIMIT,1701254362374,67.7,0.1710
IOTAUSDT,SELL,LIMIT,1701254411339,4971.6,0.1708
IOTAUSDT,SELL,LIMIT,1701254418830,2323.1,0.1706
IOTAUSDT,BUY,LIMIT,1701259207651,1635.3,0.1798
IOTAUSDT,BUY,LIMIT,1701259210065,1340.8,0.1810
IOTAUSDT,BUY,LIMIT,1701259229740,401.8,0.1816
IOTAUSDT,BUY,LIMIT,1701259232539,126.0,0.1818
IOTAUSDT,BUY,LIMIT,1701259248361,1415.6,0.1820
IOTAUSDT,SELL,LIMIT,1701259293123,1236.4,0.1772
IOTAUSDT,BUY,LIMIT,1701259360185,266.5,0.1848
IOTAUSDT,SELL,LIMIT,1701259397091,20277.6,0.1783
IOTAUSDT,SELL,LIMIT,1701259405604,12213.6,0.1779
IOTAUSDT,BUY,LIMIT,1701259427927,5549.3,0.1838
IOTAUSDT,BUY,LIMIT,1701259491715,11150.9,0.1855
IOTAUSDT,BUY,LIMIT,1701259586283,949.6,0.1864
IOTAUSDT,BUY,LIMIT,1701259595726,58.7,0.1872
IOTAUSDT,SELL,LIMIT,1701259629106,27095.4,0.1807
IOTAUSDT,BUY,LIMIT,1701259675467,1134.4,0.1874
IOTAUSDT,BUY,LIMIT,1701259690380,183.8,0.1884
IOTAUSDT,BUY,LIMIT,1701259716602,547.8,0.1896
IOTAUSDT,BUY,LIMIT,1701259733821,115.4,0.1905
IOTAUSDT,SELL,LIMIT,1701259747522,10711.3,0.1826
IOTAUSDT,BUY,LIMIT,1701259762510,3462.9,0.1888
IOTAUSDT,SELL,LIMIT,1701259811089,234.8,0.1824
IOTAUSDT,SELL,LIMIT,1701259812189,2449.3,0.1822
IOTAUSDT,SELL,LIMIT,1701259816073,488.4,0.1814
IOTAUSDT,SELL,LIMIT,1701259817114,446.8,0.1814
IOTAUSDT,BUY,LIMIT,1701259900283,3750.3,0.1887
IOTAUSDT,BUY,LIMIT,1701259966307,384.7,0.1901
IOTAUSDT,BUY,LIMIT,1701259971489,1114.3,0.1904
IOTAUSDT,BUY,LIMIT,1701260007278,4302.9,0.1907
IOTAUSDT,BUY,LIMIT,1701260013083,1333.3,0.1912
IOTAUSDT,BUY,LIMIT,1701260014905,2907.3,0.1913
IOTAUSDT,BUY,LIMIT,1701260029333,4945.0,0.1916
IOTAUSDT,BUY,LIMIT,1701260039200,5310.6,0.1921
IOTAUSDT,BUY,LIMIT,1701260041647,592.7,0.1922
IOTAUSDT,BUY,LIMIT,1701260044466,3860.6,0.1927
IOTAUSDT,BUY,LIMIT,1701260049306,3197.0,0.1927
IOTAUSDT,SELL,LIMIT,1701260078002,1624.4,0.1859
IOTAUSDT,BUY,LIMIT,1701260085465,6166.8,0.1934
IOTAUSDT,BUY,LIMIT,1701260086809,1346.2,0.1934
IOTAUSDT,BUY,LIMIT,1701260088530,710.9,0.1943
IOTAUSDT,BUY,LIMIT,1701260094286,1427.2,0.1949
IOTAUSDT,BUY,LIMIT,1701260159200,13309.5,0.1951
IOTAUSDT,BUY,LIMIT,1701260192026,235.9,0.1955
IOTAUSDT,BUY,LIMIT,1701260193261,2683.5,0.1958
IOTAUSDT,BUY,LIMIT,1701260197228,1098.7,0.1961
IOTAUSDT,BUY,LIMIT,1701260198410,5349.8,0.1963
IOTAUSDT,BUY,LIMIT,1701260205029,350.0,0.1964
IOTAUSDT,BUY,LIMIT,1701260209516,21276.5,0.1966
IOTAUSDT,BUY,LIMIT,1701260289513,175.7,0.1971
IOTAUSDT,BUY,LIMIT,1701260294027,23467.3,0.1977
IOTAUSDT,BUY,LIMIT,1701260296318,95.9,0.1980
IOTAUSDT,BUY,LIMIT,1701260301766,12547.6,0.1983
IOTAUSDT,BUY,LIMIT,1701260307557,574.8,0.1987
IOTAUSDT,BUY,LIMIT,1701260310272,532.7,0.1988
IOTAUSDT,BUY,LIMIT,1701260338040,625.1,0.1995
IOTAUSDT,BUY,LIMIT,1701260340113,194.9,0.2003
IOTAUSDT,BUY,LIMIT,1701260341256,143.7,0.2001
IOTAUSDT,BUY,LIMIT,1701260373144,822.2,0.2004
IOTAUSDT,BUY,LIMIT,1701260374162,108.8,0.2005
IOTAUSDT,BUY,LIMIT,1701260375891,3269.5,0.2006
IOTAUSDT,BUY,LIMIT,1701260378045,3671.5,0.2010
IOTAUSDT,BUY,LIMIT,1701260381006,792.4,0.2012
IOTAUSDT,BUY,LIMIT,1701260400056,2431.8,0.2015
IOTAUSDT,BUY,LIMIT,1701260401384,469.6,0.2020
IOTAUSDT,BUY,LIMIT,1701260419238,10833.4,0.2022
IOTAUSDT,SELL,LIMIT,1701260432607,148.4,0.1941
IOTAUSDT,SELL,LIMIT,1701260438363,3651.2,0.1939
IOTAUSDT,SELL,LIMIT,1701260453004,4074.9,0.1928
IOTAUSDT,BUY,LIMIT,1701260474779,6377.5,0.2006
IOTAUSDT,BUY,LIMIT,1701260505216,4631.2,0.2026
IOTAUSDT,BUY,LIMIT,1701260506217,2657.3,0.2025
IOTAUSDT,BUY,LIMIT,1701260509677,12222.9,0.2028
IOTAUSDT,BUY,LIMIT,1701260516300,38956.2,0.2036
IOTAUSDT,BUY,LIMIT,1701260527951,1647.0,0.2032
IOTAUSDT,BUY,LIMIT,1701260532867,656.0,0.2034
IOTAUSDT,BUY,LIMIT,1701260534199,18223.1,0.2039
IOTAUSDT,BUY,LIMIT,1701260538529,39028.6,0.2048
IOTAUSDT,BUY,LIMIT,1701260544423,4205.0,0.2051
IOTAUSDT,SELL,LIMIT,1701260575492,920.8,0.1975
IOTAUSDT,SELL,LIMIT,1701260614415,6231.3,0.1968
IOTAUSDT,BUY,LIMIT,1701260666997,10050.2,0.2033
IOTAUSDT,BUY,LIMIT,1701260669228,8411.9,0.2036
IOTAUSDT,BUY,LIMIT,1701260671585,2463.0,0.2039
IOTAUSDT,BUY,LIMIT,1701260672825,3788.6,0.2041
IOTAUSDT,BUY,LIMIT,1701260674394,13635.3,0.2045
IOTAUSDT,BUY,LIMIT,1701260675667,25.5,0.2048
IOTAUSDT,BUY,LIMIT,1701260677332,6355.0,0.2055
IOTAUSDT,BUY,LIMIT,1701260684247,2859.8,0.2059
IOTAUSDT,BUY,LIMIT,1701260694003,16271.0,0.2062
IOTAUSDT,BUY,LIMIT,1701260695018,30303.0,0.2066
IOTAUSDT,SELL,LIMIT,1701260732619,1332.4,0.1985
IOTAUSDT,BUY,LIMIT,1701260767860,12668.7,0.2051
IOTAUSDT,BUY,LIMIT,1701260810147,572.5,0.2068
IOTAUSDT,BUY,LIMIT,1701260815046,95.2,0.2078
IOTAUSDT,BUY,LIMIT,1701260816332,9861.9,0.2075
IOTAUSDT,BUY,LIMIT,1701260817469,0.1,0.2082
IOTAUSDT,BUY,LIMIT,1701260818496,1845.9,0.2084
IOTAUSDT,BUY,LIMIT,1701260831384,5902.0,0.2088
IOTAUSDT,SELL,LIMIT,1701260868756,11438.1,0.2009
IOTAUSDT,BUY,LIMIT,1701260896793,15335.7,0.2087
IOTAUSDT,BUY,LIMIT,1701260901618,977.5,0.2088
IOTAUSDT,BUY,LIMIT,1701260902745,910.1,0.2091
IOTAUSDT,BUY,LIMIT,1701260905576,9746.5,0.2094
IOTAUSDT,BUY,LIMIT,1701260907163,2450.5,0.2101
IOTAUSDT,BUY,LIMIT,1701260919223,519.4,0.2101
IOTAUSDT,BUY,LIMIT,1701260923399,2442.5,0.2102
IOTAUSDT,BUY,LIMIT,1701260930189,742.0,0.2107
IOTAUSDT,BUY,LIMIT,1701260931256,603.9,0.2107
IOTAUSDT,BUY,LIMIT,1701260991395,3905.8,0.2103
IOTAUSDT,BUY,LIMIT,1701261007740,3045.7,0.2105
IOTAUSDT,SELL,LIMIT,1701261034053,3659.7,0.2033
IOTAUSDT,BUY,LIMIT,1701261036048,237.9,0.2111
IOTAUSDT,BUY,LIMIT,1701261037262,59.2,0.2107
IOTAUSDT,BUY,LIMIT,1701261045132,8665.3,0.2112
IOTAUSDT,BUY,LIMIT,1701261046301,565.9,0.2120
IOTAUSDT,BUY,LIMIT,1701261059448,32168.4,0.2127
IOTAUSDT,BUY,LIMIT,1701261074076,43722.4,0.2132
IOTAUSDT,BUY,LIMIT,1701261075432,7456.2,0.2125
IOTAUSDT,SELL,LIMIT,1701261094777,660.0,0.2040
IOTAUSDT,SELL,LIMIT,1701261095937,1735.2,0.2033
IOTAUSDT,SELL,LIMIT,1701261097238,966.6,0.2030
IOTAUSDT,SELL,LIMIT,1701261098264,356.8,0.2028
IOTAUSDT,SELL,LIMIT,1701261099269,1471.5,0.2013
IOTAUSDT,SELL,LIMIT,1701261100278,24177.5,0.2015
IOTAUSDT,SELL,LIMIT,1701261102645,7607.3,0.2008
IOTAUSDT,SELL,LIMIT,1701261112104,3000.0,0.2006
IOTAUSDT,SELL,LIMIT,1701261128490,979.9,0.2002
IOTAUSDT,SELL,LIMIT,1701261129494,602.2,0.1998
IOTAUSDT,BUY,LIMIT,1701261140602,24632.9,0.2070
IOTAUSDT,BUY,LIMIT,1701261142425,2010.0,0.2072
IOTAUSDT,BUY,LIMIT,1701261148300,1660.2,0.2074
IOTAUSDT,BUY,LIMIT,1701261150920,12297.6,0.2080
IOTAUSDT,BUY,LIMIT,1701261157362,988.0,0.2080
IOTAUSDT,SELL,LIMIT,1701261165097,24190.3,0.2007
IOTAUSDT,SELL,LIMIT,1701261170176,2276.5,0.2001
IOTAUSDT,BUY,LIMIT,1701261191871,1154.7,0.2081
IOTAUSDT,BUY,LIMIT,1701261195751,35.9,0.2082
IOTAUSDT,BUY,LIMIT,1701261208807,24437.9,0.2087
IOTAUSDT,BUY,LIMIT,1701261234617,24473.8,0.2085
IOTAUSDT,BUY,LIMIT,1701261254172,7733.0,0.2090
IOTAUSDT,BUY,LIMIT,1701261255463,3168.4,0.2092
IOTAUSDT,BUY,LIMIT,1701261256562,74.5,0.2098
IOTAUSDT,BUY,LIMIT,1701261263191,1221.2,0.2108
IOTAUSDT,BUY,LIMIT,1701261264210,488.0,0.2099
IOTAUSDT,BUY,LIMIT,1701261267605,1401.2,0.2110
IOTAUSDT,BUY,LIMIT,1701261273378,4000.0,0.2123
IOTAUSDT,SELL,LIMIT,1701261321077,69.6,0.2041
IOTAUSDT,SELL,LIMIT,1701261326272,35.5,0.2037
IOTAUSDT,SELL,LIMIT,1701261330064,216.0,0.2034
IOTAUSDT,SELL,LIMIT,1701261365344,6044.3,0.2028
IOTAUSDT,SELL,LIMIT,1701261369177,4215.1,0.2018
IOTAUSDT,SELL,LIMIT,1701261371031,1217.7,0.2016
IOTAUSDT,SELL,LIMIT,1701261373055,34.0,0.2008
IOTAUSDT,SELL,LIMIT,1701261446468,1288.3,0.2011
IOTAUSDT,SELL,LIMIT,1701261525345,225.9,0.2006
IOTAUSDT,BUY,LIMIT,1701261535693,3776.9,0.2071
IOTAUSDT,SELL,LIMIT,1701261576647,6066.2,0.1999
IOTAUSDT,BUY,LIMIT,1701261592046,7257.8,0.2069
IOTAUSDT,BUY,LIMIT,1701261595629,24630.5,0.2070
IOTAUSDT,BUY,LIMIT,1701261597397,246.0,0.2071
IOTAUSDT,BUY,LIMIT,1701261599403,176.6,0.2078
IOTAUSDT,BUY,LIMIT,1701261648782,242.7,0.2082
IOTAUSDT,BUY,LIMIT,1701261649820,394.3,0.2085
IOTAUSDT,BUY,LIMIT,1701261651320,105.1,0.2088
IOTAUSDT,BUY,LIMIT,1701261652376,23739.6,0.2090
IOTAUSDT,BUY,LIMIT,1701261653454,2390.2,0.2091
IOTAUSDT,BUY,LIMIT,1701261654776,3156.2,0.2098
IOTAUSDT,BUY,LIMIT,1701261669010,100.7,0.2103
IOTAUSDT,BUY,LIMIT,1701261680064,492.8,0.2110
IOTAUSDT,BUY,LIMIT,1701261681413,543.4,0.2112
IOTAUSDT,BUY,LIMIT,1701261683943,4921.2,0.2113
IOTAUSDT,BUY,LIMIT,1701261685116,382.2,0.2114
IOTAUSDT,BUY,LIMIT,1701261686229,16660.4,0.2115
IOTAUSDT,BUY,LIMIT,1701261687263,570.5,0.2117
IOTAUSDT,BUY,LIMIT,1701261693079,1923.0,0.2121
IOTAUSDT,BUY,LIMIT,1701261694181,63.9,0.2120
IOTAUSDT,BUY,LIMIT,1701261696043,7711.2,0.2125
IOTAUSDT,BUY,LIMIT,1701261697361,1143.5,0.2126
IOTAUSDT,BUY,LIMIT,1701261700085,1539.0,0.2130
IOTAUSDT,BUY,LIMIT,1701261701141,24637.8,0.2134
IOTAUSDT,BUY,LIMIT,1701261714044,1965.6,0.2138
IOTAUSDT,BUY,LIMIT,1701261715104,1232.6,0.2142
IOTAUSDT,BUY,LIMIT,1701261716233,21734.5,0.2141
IOTAUSDT,BUY,LIMIT,1701261717911,19926.0,0.2145
IOTAUSDT,SELL,LIMIT,1701261725547,66.9,0.2067
IOTAUSDT,BUY,LIMIT,1701261744387,302.7,0.2138
IOTAUSDT,BUY,LIMIT,1701261747105,19056.6,0.2142
IOTAUSDT,BUY,LIMIT,1701261748761,77.0,0.2144
IOTAUSDT,BUY,LIMIT,1701261752373,3569.2,0.2147
IOTAUSDT,BUY,LIMIT,1701261754559,206.7,0.2149
IOTAUSDT,BUY,LIMIT,1701261757113,7997.2,0.2151
IOTAUSDT,BUY,LIMIT,1701261758276,3665.6,0.2153
IOTAUSDT,BUY,LIMIT,1701261759477,1184.0,0.2154
IOTAUSDT,BUY,LIMIT,1701261760526,275.2,0.2155
IOTAUSDT,BUY,LIMIT,1701261762623,1418.8,0.2156
IOTAUSDT,BUY,LIMIT,1701261765358,19090.9,0.2157
IOTAUSDT,BUY,LIMIT,1701261766535,6303.4,0.2158
IOTAUSDT,BUY,LIMIT,1701261773464,5385.3,0.2159
IOTAUSDT,BUY,LIMIT,1701261775574,20111.0,0.2161
IOTAUSDT,BUY,LIMIT,1701261777040,734.3,0.2164
IOTAUSDT,BUY,LIMIT,1701261778252,2635.3,0.2165
IOTAUSDT,BUY,LIMIT,1701261779332,763.3,0.2169
IOTAUSDT,BUY,LIMIT,1701261781451,1015.4,0.2170
IOTAUSDT,SELL,LIMIT,1701261787122,20964.5,0.2096
IOTAUSDT,SELL,LIMIT,1701261798041,2848.1,0.2090
IOTAUSDT,BUY,LIMIT,1701261865076,83.4,0.2166
IOTAUSDT,BUY,LIMIT,1701261866095,73.6,0.2167
IOTAUSDT,BUY,LIMIT,1701261867124,38.1,0.2177
IOTAUSDT,BUY,LIMIT,1701261869031,10233.8,0.2178
IOTAUSDT,SELL,LIMIT,1701261909060,998.8,0.2096
IOTAUSDT,SELL,LIMIT,1701261912630,4141.5,0.2086
IOTAUSDT,SELL,LIMIT,1701261914361,2630.6,0.2085
IOTAUSDT,BUY,LIMIT,1701261920137,707.3,0.2157
IOTAUSDT,BUY,LIMIT,1701261926893,1178.8,0.2171
IOTAUSDT,BUY,LIMIT,1701261927993,4951.8,0.2175
IOTAUSDT,BUY,LIMIT,1701261930951,4652.3,0.2176
IOTAUSDT,BUY,LIMIT,1701261932084,1935.9,0.2177
IOTAUSDT,BUY,LIMIT,1701261933094,11282.8,0.2178
IOTAUSDT,BUY,LIMIT,1701261934100,42.5,0.2184
IOTAUSDT,BUY,LIMIT,1701261935238,355.0,0.2186
IOTAUSDT,BUY,LIMIT,1701261937216,1979.2,0.2189
IOTAUSDT,SELL,LIMIT,1701261953823,85.8,0.2115
IOTAUSDT,BUY,LIMIT,1701261970136,936.3,0.2182
IOTAUSDT,BUY,LIMIT,1701261971164,1452.2,0.2184
IOTAUSDT,BUY,LIMIT,1701261975700,85.7,0.2190
IOTAUSDT,SELL,LIMIT,1701262001832,482.8,0.2111
IOTAUSDT,SELL,LIMIT,1701262010728,9930.9,0.2104
IOTAUSDT,SELL,LIMIT,1701262011921,23179.5,0.2101
IOTAUSDT,SELL,LIMIT,1701262016772,226.7,0.2094
IOTAUSDT,SELL,LIMIT,1701262023114,110.5,0.2094
IOTAUSDT,SELL,LIMIT,1701262026048,249.4,0.2091
IOTAUSDT,BUY,LIMIT,1701262035069,725.7,0.2164
IOTAUSDT,BUY,LIMIT,1701262036556,848.2,0.2168
IOTAUSDT,BUY,LIMIT,1701262039114,35.1,0.2172
IOTAUSDT,BUY,LIMIT,1701262060395,376.9,0.2184
IOTAUSDT,BUY,LIMIT,1701262061565,42.2,0.2182
IOTAUSDT,BUY,LIMIT,1701262062633,5838.3,0.2191
IOTAUSDT,BUY,LIMIT,1701262108074,244.8,0.2198
IOTAUSDT,BUY,LIMIT,1701262109134,23234.2,0.2197
IOTAUSDT,BUY,LIMIT,1701262114056,270.4,0.2206
IOTAUSDT,BUY,LIMIT,1701262115306,423.1,0.2207
IOTAUSDT,SELL,LIMIT,1701262158124,1479.3,0.2112
IOTAUSDT,SELL,LIMIT,1701262159263,6810.1,0.2110
IOTAUSDT,SELL,LIMIT,1701262160944,22893.6,0.2107
IOTAUSDT,SELL,LIMIT,1701262217056,938.8,0.2105
IOTAUSDT,BUY,LIMIT,1701262264733,935.4,0.2179
IOTAUSDT,BUY,LIMIT,1701262266695,681.9,0.2181
IOTAUSDT,BUY,LIMIT,1701262267820,14800.2,0.2182
IOTAUSDT,BUY,LIMIT,1701262274774,17469.6,0.2184
IOTAUSDT,BUY,LIMIT,1701262276050,154.3,0.2187
IOTAUSDT,BUY,LIMIT,1701262315591,1314.8,0.2189
IOTAUSDT,BUY,LIMIT,1701262324362,692.7,0.2197
IOTAUSDT,SELL,LIMIT,1701262350109,1851.3,0.2122
IOTAUSDT,SELL,LIMIT,1701262351329,13093.7,0.2121
IOTAUSDT,SELL,LIMIT,1701262352898,400.2,0.2118
IOTAUSDT,SELL,LIMIT,1701262384189,430.8,0.2112
IOTAUSDT,SELL,LIMIT,1701262385306,1035.8,0.2112
IOTAUSDT,SELL,LIMIT,1701262388894,1683.4,0.2110
IOTAUSDT,SELL,LIMIT,1701262390532,158.2,0.2109
IOTAUSDT,SELL,LIMIT,1701262394300,558.0,0.2108
IOTAUSDT,SELL,LIMIT,1701262395522,100.4,0.2104
IOTAUSDT,SELL,LIMIT,1701262396660,443.3,0.2101
IOTAUSDT,SELL,LIMIT,1701262401467,400.7,0.2098
IOTAUSDT,BUY,LIMIT,1701262418197,98.7,0.2181
IOTAUSDT,BUY,LIMIT,1701262419224,1649.6,0.2182
IOTAUSDT,BUY,LIMIT,1701262420281,2398.7,0.2199
IOTAUSDT,SELL,LIMIT,1701262468055,3113.2,0.2112
IOTAUSDT,BUY,LIMIT,1701262493101,726.6,0.2200
IOTAUSDT,BUY,LIMIT,1701262495279,238.2,0.2207
IOTAUSDT,BUY,LIMIT,1701262496475,23126.7,0.2209
IOTAUSDT,SELL,LIMIT,1701262512241,27.1,0.2134
IOTAUSDT,SELL,LIMIT,1701262514337,390.5,0.2129
IOTAUSDT,BUY,LIMIT,1701262519604,89.4,0.2210
IOTAUSDT,BUY,LIMIT,1701262522104,5810.5,0.2213
IOTAUSDT,BUY,LIMIT,1701262523302,85.3,0.2215
IOTAUSDT,BUY,LIMIT,1701262532303,112.4,0.2220
IOTAUSDT,BUY,LIMIT,1701262533665,239.7,0.2220
IOTAUSDT,BUY,LIMIT,1701262534860,4000.0,0.2222
IOTAUSDT,BUY,LIMIT,1701262537139,1039.0,0.2225
IOTAUSDT,BUY,LIMIT,1701262541450,208.3,0.2225
IOTAUSDT,SELL,LIMIT,1701262545510,941.8,0.2144
IOTAUSDT,BUY,LIMIT,1701262587476,817.8,0.2218
IOTAUSDT,BUY,LIMIT,1701262593040,5309.8,0.2221
IOTAUSDT,BUY,LIMIT,1701262661135,6029.4,0.2223
IOTAUSDT,BUY,LIMIT,1701262662252,1156.0,0.2228
IOTAUSDT,BUY,LIMIT,1701262664161,61.3,0.2230
IOTAUSDT,BUY,LIMIT,1701262665218,1156.1,0.2231
IOTAUSDT,BUY,LIMIT,1701262668167,635.8,0.2234
IOTAUSDT,BUY,LIMIT,1701262672190,771.0,0.2232
IOTAUSDT,BUY,LIMIT,1701262676164,172.6,0.2233
IOTAUSDT,BUY,LIMIT,1701262693339,114.9,0.2236
IOTAUSDT,BUY,LIMIT,1701262695105,1821.4,0.2239
IOTAUSDT,BUY,LIMIT,1701262700435,600.4,0.2240
IOTAUSDT,BUY,LIMIT,1701262702283,175.3,0.2241
IOTAUSDT,BUY,LIMIT,1701262725106,25.2,0.2244
IOTAUSDT,BUY,LIMIT,1701262726153,25193.9,0.2247
IOTAUSDT,BUY,LIMIT,1701262727222,450.0,0.2245
IOTAUSDT,BUY,LIMIT,1701262728256,1456.6,0.2245
IOTAUSDT,BUY,LIMIT,1701262729280,2090.9,0.2247
IOTAUSDT,BUY,LIMIT,1701262738943,466.6,0.2247
IOTAUSDT,BUY,LIMIT,1701262740157,14689.1,0.2248
IOTAUSDT,BUY,LIMIT,1701262741325,61446.2,0.2262
IOTAUSDT,BUY,LIMIT,1701262744205,132.3,0.2250
IOTAUSDT,BUY,LIMIT,1701262745214,479.0,0.2250
IOTAUSDT,BUY,LIMIT,1701262784405,14621.8,0.2245
IOTAUSDT,BUY,LIMIT,1701262786582,6609.4,0.2245
IOTAUSDT,BUY,LIMIT,1701262792138,3349.5,0.2246
IOTAUSDT,BUY,LIMIT,1701262796042,459.9,0.2253
IOTAUSDT,BUY,LIMIT,1701262797047,68.4,0.2254
IOTAUSDT,BUY,LIMIT,1701262798254,2473.6,0.2258
IOTAUSDT,BUY,LIMIT,1701262802088,62940.5,0.2273
IOTAUSDT,BUY,LIMIT,1701262803148,26315.7,0.2264
IOTAUSDT,BUY,LIMIT,1701262804173,568.6,0.2261
IOTAUSDT,BUY,LIMIT,1701262805491,3246.7,0.2263
IOTAUSDT,BUY,LIMIT,1701262808724,10077.4,0.2263
IOTAUSDT,BUY,LIMIT,1701262815875,6834.9,0.2251
IOTAUSDT,BUY,LIMIT,1701262817124,3645.9,0.2265
IOTAUSDT,BUY,LIMIT,1701262818162,5716.0,0.2269
IOTAUSDT,BUY,LIMIT,1701262819171,914.4,0.2274
IOTAUSDT,BUY,LIMIT,1701262820346,7625.5,0.2274
IOTAUSDT,BUY,LIMIT,1701262826087,50.5,0.2281
IOTAUSDT,BUY,LIMIT,1701262827208,948.0,0.2281
IOTAUSDT,BUY,LIMIT,1701262828232,5118.1,0.2289
IOTAUSDT,BUY,LIMIT,1701262829271,13969.9,0.2282
IOTAUSDT,BUY,LIMIT,1701262830317,8632.7,0.2296
IOTAUSDT,BUY,LIMIT,1701262833118,1050.9,0.2297
IOTAUSDT,BUY,LIMIT,1701262834169,35.3,0.2298
IOTAUSDT,BUY,LIMIT,1701262835190,495.6,0.2301
IOTAUSDT,BUY,LIMIT,1701262836224,624.1,0.2309
IOTAUSDT,BUY,LIMIT,1701262837281,2271.4,0.2309
IOTAUSDT,BUY,LIMIT,1701262838494,303.7,0.2319
IOTAUSDT,BUY,LIMIT,1701262840498,18436.9,0.2321
IOTAUSDT,BUY,LIMIT,1701262841511,85.1,0.2323
IOTAUSDT,BUY,LIMIT,1701262843788,4980.0,0.2325
IOTAUSDT,BUY,LIMIT,1701262844933,1189.3,0.2326
IOTAUSDT,BUY,LIMIT,1701262846056,40669.4,0.2342
IOTAUSDT,BUY,LIMIT,1701262847108,38.6,0.2334
IOTAUSDT,BUY,LIMIT,1701262848468,3518.5,0.2336
IOTAUSDT,BUY,LIMIT,1701262849506,4677.1,0.2339
IOTAUSDT,BUY,LIMIT,1701262851158,8484.3,0.2340
IOTAUSDT,BUY,LIMIT,1701262872089,64.0,0.2322
IOTAUSDT,BUY,LIMIT,1701262874869,1022.7,0.2330
IOTAUSDT,BUY,LIMIT,1701262876077,5538.7,0.2344
IOTAUSDT,BUY,LIMIT,1701262877116,2913.4,0.2340
IOTAUSDT,BUY,LIMIT,1701262881590,12290.0,0.2343
IOTAUSDT,BUY,LIMIT,1701262892058,93.7,0.2347
IOTAUSDT,BUY,LIMIT,1701262893109,1396.9,0.2348
IOTAUSDT,BUY,LIMIT,1701262895086,455.7,0.2356
IOTAUSDT,BUY,LIMIT,1701262896104,358.6,0.2358
IOTAUSDT,BUY,LIMIT,1701262897228,732.7,0.2360
IOTAUSDT,BUY,LIMIT,1701262899131,382.5,0.2361
IOTAUSDT,BUY,LIMIT,1701262900201,80339.9,0.2381
IOTAUSDT,BUY,LIMIT,1701262901384,44.6,0.2365
IOTAUSDT,BUY,LIMIT,1701262905116,31.0,0.2368
IOTAUSDT,BUY,LIMIT,1701262906232,1051.4,0.2371
IOTAUSDT,BUY,LIMIT,1701262907280,11079.4,0.2372
IOTAUSDT,BUY,LIMIT,1701262950582,102.8,0.2340
IOTAUSDT,BUY,LIMIT,1701262951828,3505.9,0.2346
IOTAUSDT,SELL,LIMIT,1701262969767,5445.4,0.2234
IOTAUSDT,SELL,LIMIT,1701262970781,374.5,0.2232
IOTAUSDT,SELL,LIMIT,1701262974932,48.4,0.2225
IOTAUSDT,BUY,LIMIT,1701262987342,14106.6,0.2310
IOTAUSDT,BUY,LIMIT,1701262988435,141.2,0.2314
IOTAUSDT,SELL,LIMIT,1701262997160,393.4,0.2232
IOTAUSDT,SELL,LIMIT,1701263002253,4213.5,0.2222
IOTAUSDT,SELL,LIMIT,1701263005206,2131.8,0.2219
IOTAUSDT,SELL,LIMIT,1701263006868,1063.1,0.2215
IOTAUSDT,SELL,LIMIT,1701263008039,15030.4,0.2214
IOTAUSDT,SELL,LIMIT,1701263009195,1110.6,0.2212
IOTAUSDT,SELL,LIMIT,1701263012185,341.3,0.2209
IOTAUSDT,SELL,LIMIT,1701263013418,3517.5,0.2209
IOTAUSDT,SELL,LIMIT,1701263015028,517.1,0.2206
IOTAUSDT,BUY,LIMIT,1701263017064,2611.0,0.2283
IOTAUSDT,BUY,LIMIT,1701263021724,30.3,0.2285
IOTAUSDT,BUY,LIMIT,1701263049110,489.0,0.2290
IOTAUSDT,BUY,LIMIT,1701263050198,777.2,0.2298
IOTAUSDT,BUY,LIMIT,1701263051313,2691.3,0.2301
IOTAUSDT,BUY,LIMIT,1701263052457,220.2,0.2300
IOTAUSDT,BUY,LIMIT,1701263055154,2757.6,0.2320
IOTAUSDT,BUY,LIMIT,1701263056164,16245.3,0.2319
IOTAUSDT,BUY,LIMIT,1701263057790,1087.8,0.2324
IOTAUSDT,BUY,LIMIT,1701263058876,6922.2,0.2324
IOTAUSDT,SELL,LIMIT,1701263063328,46.0,0.2246
IOTAUSDT,SELL,LIMIT,1701263069740,6696.1,0.2243
IOTAUSDT,SELL,LIMIT,1701263082768,1026.2,0.2241
IOTAUSDT,SELL,LIMIT,1701263085289,16967.4,0.2237
IOTAUSDT,SELL,LIMIT,1701263089710,442.6,0.2232
IOTAUSDT,SELL,LIMIT,1701263092043,203.7,0.2227
IOTAUSDT,SELL,LIMIT,1701263093184,21920.2,0.2223
IOTAUSDT,SELL,LIMIT,1701263098796,106.9,0.2216
IOTAUSDT,SELL,LIMIT,1701263100285,198.7,0.2214
IOTAUSDT,SELL,LIMIT,1701263104043,4888.8,0.2206
IOTAUSDT,SELL,LIMIT,1701263105212,1671.3,0.2201
IOTAUSDT,SELL,LIMIT,1701263107256,387.7,0.2196
IOTAUSDT,SELL,LIMIT,1701263108377,654.2,0.2188
IOTAUSDT,SELL,LIMIT,1701263110322,3917.7,0.2184
IOTAUSDT,BUY,LIMIT,1701263139740,141.2,0.2273
IOTAUSDT,BUY,LIMIT,1701263140898,1874.1,0.2279
IOTAUSDT,BUY,LIMIT,1701263143042,12302.4,0.2286
IOTAUSDT,BUY,LIMIT,1701263144249,2766.5,0.2288
IOTAUSDT,BUY,LIMIT,1701263145647,1879.5,0.2291
IOTAUSDT,BUY,LIMIT,1701263148601,823.3,0.2303
IOTAUSDT,BUY,LIMIT,1701263149978,941.3,0.2306
IOTAUSDT,BUY,LIMIT,1701263170473,500.0,0.2314
IOTAUSDT,BUY,LIMIT,1701263171949,28.6,0.2320
IOTAUSDT,BUY,LIMIT,1701263172997,60.6,0.2328
IOTAUSDT,BUY,LIMIT,1701263175728,99.1,0.2328
IOTAUSDT,SELL,LIMIT,1701263189477,660.9,0.2244
IOTAUSDT,SELL,LIMIT,1701263219625,2030.7,0.2235
IOTAUSDT,SELL,LIMIT,1701263220999,3035.7,0.2233
IOTAUSDT,SELL,LIMIT,1701263222122,2113.0,0.2228
IOTAUSDT,BUY,LIMIT,1701263233747,743.3,0.2313
IOTAUSDT,BUY,LIMIT,1701263236328,670.1,0.2320
IOTAUSDT,BUY,LIMIT,1701263238284,47.4,0.2329
IOTAUSDT,BUY,LIMIT,1701263239316,4217.8,0.2329
IOTAUSDT,BUY,LIMIT,1701263246056,3953.1,0.2334
IOTAUSDT,BUY,LIMIT,1701263247084,39.8,0.2348
IOTAUSDT,BUY,LIMIT,1701263248133,374.4,0.2341
IOTAUSDT,BUY,LIMIT,1701263253330,208.1,0.2345
IOTAUSDT,BUY,LIMIT,1701263254362,550.6,0.2348
IOTAUSDT,SELL,LIMIT,1701263267421,11950.8,0.2263
IOTAUSDT,BUY,LIMIT,1701263276045,217.4,0.2346
IOTAUSDT,BUY,LIMIT,1701263279066,703.5,0.2352
IOTAUSDT,BUY,LIMIT,1701263280256,16368.3,0.2349
IOTAUSDT,BUY,LIMIT,1701263281265,11238.4,0.2359
IOTAUSDT,BUY,LIMIT,1701263282319,65.8,0.2356
IOTAUSDT,BUY,LIMIT,1701263304592,694.0,0.2358
IOTAUSDT,BUY,LIMIT,1701263305905,17159.6,0.2359
IOTAUSDT,BUY,LIMIT,1701263307119,62.9,0.2362
IOTAUSDT,BUY,LIMIT,1701263308240,8922.4,0.2362
IOTAUSDT,BUY,LIMIT,1701263314371,10937.5,0.2364
IOTAUSDT,BUY,LIMIT,1701263315691,6978.1,0.2366
IOTAUSDT,BUY,LIMIT,1701263316891,21549.8,0.2367
IOTAUSDT,BUY,LIMIT,1701263319032,2647.4,0.2369
IOTAUSDT,BUY,LIMIT,1701263320046,448.0,0.2370
IOTAUSDT,BUY,LIMIT,1701263321056,839.8,0.2379
IOTAUSDT,BUY,LIMIT,1701263322072,466.2,0.2378
IOTAUSDT,BUY,LIMIT,1701263323114,4778.7,0.2382
IOTAUSDT,BUY,LIMIT,1701263325194,9146.7,0.2385
IOTAUSDT,BUY,LIMIT,1701263326323,3593.7,0.2386
IOTAUSDT,BUY,LIMIT,1701263328136,215.6,0.2389
IOTAUSDT,BUY,LIMIT,1701263329296,4132.9,0.2391
IOTAUSDT,BUY,LIMIT,1701263331154,1189.1,0.2392
IOTAUSDT,BUY,LIMIT,1701263333624,513.0,0.2392
IOTAUSDT,BUY,LIMIT,1701263377417,1561.0,0.2370
IOTAUSDT,BUY,LIMIT,1701263378529,29.7,0.2372
IOTAUSDT,SELL,LIMIT,1701263390126,21579.6,0.2272
IOTAUSDT,SELL,LIMIT,1701263391151,860.7,0.2275
IOTAUSDT,BUY,LIMIT,1701263395891,678.8,0.2350
IOTAUSDT,SELL,LIMIT,1701263406442,21157.2,0.2270
IOTAUSDT,SELL,LIMIT,1701263407511,3362.5,0.2268
IOTAUSDT,SELL,LIMIT,1701263409485,26.9,0.2259
IOTAUSDT,SELL,LIMIT,1701263410690,177.6,0.2255
IOTAUSDT,SELL,LIMIT,1701263413353,236.5,0.2252
IOTAUSDT,BUY,LIMIT,1701263415814,125.0,0.2333
IOTAUSDT,BUY,LIMIT,1701263439513,2097.5,0.2337
IOTAUSDT,BUY,LIMIT,1701263442124,316.4,0.2342
IOTAUSDT,BUY,LIMIT,1701263463055,1530.0,0.2351
IOTAUSDT,BUY,LIMIT,1701263464217,5099.7,0.2350
IOTAUSDT,BUY,LIMIT,1701263465269,515.1,0.2364
IOTAUSDT,BUY,LIMIT,1701263466316,4322.4,0.2357
IOTAUSDT,BUY,LIMIT,1701263467481,1210.3,0.2376
IOTAUSDT,BUY,LIMIT,1701263468485,1154.2,0.2381
IOTAUSDT,BUY,LIMIT,1701263469515,1025.5,0.2381
IOTAUSDT,BUY,LIMIT,1701263474100,32592.6,0.2406
IOTAUSDT,BUY,LIMIT,1701263475106,404.6,0.2417
IOTAUSDT,BUY,LIMIT,1701263476112,4714.5,0.2414
IOTAUSDT,BUY,LIMIT,1701263477168,99798.3,0.2442
IOTAUSDT,BUY,LIMIT,1701263478175,11762.8,0.2420
IOTAUSDT,BUY,LIMIT,1701263482739,40.4,0.2426
IOTAUSDT,SELL,LIMIT,1701263514817,4081.2,0.2312
IOTAUSDT,SELL,LIMIT,1701263520779,443.8,0.2304
IOTAUSDT,BUY,LIMIT,1701263524106,21548.7,0.2386
IOTAUSDT,BUY,LIMIT,1701263529253,87.5,0.2390
IOTAUSDT,SELL,LIMIT,1701263543289,640.2,0.2299
IOTAUSDT,SELL,LIMIT,1701263544501,21385.7,0.2292
IOTAUSDT,SELL,LIMIT,1701263545897,257.2,0.2290
IOTAUSDT,SELL,LIMIT,1701263546976,4331.6,0.2270
IOTAUSDT,SELL,LIMIT,1701263555198,1878.6,0.2266
IOTAUSDT,SELL,LIMIT,1701263556351,2967.4,0.2268
IOTAUSDT,BUY,LIMIT,1701263559971,2245.5,0.2340
IOTAUSDT,BUY,LIMIT,1701263568223,347.1,0.2346
IOTAUSDT,BUY,LIMIT,1701263569599,3135.5,0.2352
IOTAUSDT,BUY,LIMIT,1701263570885,322.6,0.2354
IOTAUSDT,BUY,LIMIT,1701263596193,518.2,0.2354
IOTAUSDT,BUY,LIMIT,1701263599063,947.9,0.2356
IOTAUSDT,BUY,LIMIT,1701263601574,54.6,0.2359
IOTAUSDT,BUY,LIMIT,1701263614233,38.6,0.2357
IOTAUSDT,BUY,LIMIT,1701263635965,230.1,0.2363
IOTAUSDT,BUY,LIMIT,1701263637147,300.8,0.2373
IOTAUSDT,BUY,LIMIT,1701263638172,1736.5,0.2381
IOTAUSDT,BUY,LIMIT,1701263640457,246.7,0.2379
IOTAUSDT,BUY,LIMIT,1701263655783,2081.3,0.2379
IOTAUSDT,BUY,LIMIT,1701263657269,1041.4,0.2381
IOTAUSDT,SELL,LIMIT,1701263662396,1059.6,0.2299
IOTAUSDT,SELL,LIMIT,1701263678017,762.3,0.2292
IOTAUSDT,SELL,LIMIT,1701263686406,21411.7,0.2287
IOTAUSDT,SELL,LIMIT,1701263687857,129.8,0.2283
IOTAUSDT,SELL,LIMIT,1701263691599,3301.8,0.2285
IOTAUSDT,SELL,LIMIT,1701263694539,3357.0,0.2280
IOTAUSDT,SELL,LIMIT,1701263695628,194.6,0.2277
IOTAUSDT,SELL,LIMIT,1701263698302,444.4,0.2275
IOTAUSDT,BUY,LIMIT,1701263705555,2765.7,0.2358
IOTAUSDT,SELL,LIMIT,1701263711053,1004.9,0.2281
IOTAUSDT,SELL,LIMIT,1701263720052,547.4,0.2271
IOTAUSDT,SELL,LIMIT,1701263723313,3778.0,0.2268
IOTAUSDT,SELL,LIMIT,1701263724374,14878.9,0.2267
IOTAUSDT,SELL,LIMIT,1701263725835,6260.3,0.2258
IOTAUSDT,SELL,LIMIT,1701263726865,858.7,0.2256
IOTAUSDT,SELL,LIMIT,1701263727954,1818.0,0.2255
IOTAUSDT,BUY,LIMIT,1701263741535,262.9,0.2335
IOTAUSDT,BUY,LIMIT,1701263747094,10912.2,0.2338
IOTAUSDT,BUY,LIMIT,1701263751029,3033.1,0.2339
IOTAUSDT,BUY,LIMIT,1701263752442,7557.4,0.2340
IOTAUSDT,BUY,LIMIT,1701263754228,275.1,0.2347
IOTAUSDT,BUY,LIMIT,1701263762096,1041.6,0.2352
IOTAUSDT,BUY,LIMIT,1701263763325,2291.6,0.2354
IOTAUSDT,BUY,LIMIT,1701263765520,3412.9,0.2363
IOTAUSDT,SELL,LIMIT,1701263771228,2000.4,0.2279
IOTAUSDT,SELL,LIMIT,1701263777328,22.1,0.2275
IOTAUSDT,SELL,LIMIT,1701263778334,175.5,0.2272
IOTAUSDT,SELL,LIMIT,1701263779381,5409.9,0.2267
IOTAUSDT,SELL,LIMIT,1701263781526,13681.4,0.2264
IOTAUSDT,SELL,LIMIT,1701263788660,448.3,0.2253
IOTAUSDT,SELL,LIMIT,1701263790562,435.6,0.2253
IOTAUSDT,SELL,LIMIT,1701263791786,18612.8,0.2247
IOTAUSDT,SELL,LIMIT,1701263792849,8268.0,0.2242
IOTAUSDT,BUY,LIMIT,1701263800133,93.1,0.2320
IOTAUSDT,BUY,LIMIT,1701263801735,4177.3,0.2324
IOTAUSDT,BUY,LIMIT,1701263812205,8791.2,0.2330
IOTAUSDT,BUY,LIMIT,1701263827298,4034.9,0.2341
IOTAUSDT,SELL,LIMIT,1701263851523,4330.8,0.2264
IOTAUSDT,BUY,LIMIT,1701263874213,26.9,0.2346
IOTAUSDT,BUY,LIMIT,1701263875250,9260.5,0.2348
IOTAUSDT,BUY,LIMIT,1701263876510,2373.8,0.2352
IOTAUSDT,BUY,LIMIT,1701263878026,6289.7,0.2363
IOTAUSDT,BUY,LIMIT,1701263879840,3519.8,0.2365
IOTAUSDT,BUY,LIMIT,1701263886211,1307.7,0.2374
IOTAUSDT,BUY,LIMIT,1701263887212,475.9,0.2374
IOTAUSDT,BUY,LIMIT,1701263888547,744.1,0.2378
IOTAUSDT,SELL,LIMIT,1701263894298,490.6,0.2300
IOTAUSDT,BUY,LIMIT,1701263898210,85.6,0.2382
IOTAUSDT,BUY,LIMIT,1701263899303,109361.3,0.2404
IOTAUSDT,BUY,LIMIT,1701263900641,1005.1,0.2386
IOTAUSDT,SELL,LIMIT,1701263911138,4286.3,0.2288
IOTAUSDT,BUY,LIMIT,1701263932423,357.1,0.2367
IOTAUSDT,SELL,LIMIT,1701263944282,104.3,0.2282
IOTAUSDT,SELL,LIMIT,1701263950192,2653.7,0.2275
IOTAUSDT,SELL,LIMIT,1701263963363,111.8,0.2273
IOTAUSDT,SELL,LIMIT,1701263966021,166.1,0.2267
IOTAUSDT,BUY,LIMIT,1701263974031,85.3,0.2348
IOTAUSDT,BUY,LIMIT,1701263975378,1586.5,0.2348
IOTAUSDT,BUY,LIMIT,1701263991168,8650.5,0.2356
IOTAUSDT,SELL,LIMIT,1701264014045,1064.1,0.2273
IOTAUSDT,SELL,LIMIT,1701264015285,3312.6,0.2269
IOTAUSDT,BUY,LIMIT,1701264020258,379.9,0.2342
IOTAUSDT,BUY,LIMIT,1701264022462,1627.3,0.2351
IOTAUSDT,SELL,LIMIT,1701264034487,769.8,0.2269
IOTAUSDT,SELL,LIMIT,1701264064304,254.2,0.2260
IOTAUSDT,SELL,LIMIT,1701264066128,64.3,0.2257
IOTAUSDT,SELL,LIMIT,1701264067182,434.7,0.2255
IOTAUSDT,SELL,LIMIT,1701264068229,2041.9,0.2247
IOTAUSDT,SELL,LIMIT,1701264069279,6987.5,0.2249
IOTAUSDT,SELL,LIMIT,1701264070314,3960.9,0.2236
IOTAUSDT,SELL,LIMIT,1701264071408,14803.4,0.2230
IOTAUSDT,SELL,LIMIT,1701264072441,21766.1,0.2231
IOTAUSDT,SELL,LIMIT,1701264073916,204.1,0.2224
IOTAUSDT,SELL,LIMIT,1701264075009,4000.0,0.2220
IOTAUSDT,BUY,LIMIT,1701264080586,147.7,0.2304
IOTAUSDT,SELL,LIMIT,1701264087850,34.6,0.2492
IOTAUSDT,BUY,LIMIT,1701264091224,5706.7,0.2308
IOTAUSDT,BUY,LIMIT,1701264093020,4692.0,0.2310
IOTAUSDT,BUY,LIMIT,1701264096601,11023.4,0.2332
IOTAUSDT,SELL,LIMIT,1701264120108,1974.9,0.2243
IOTAUSDT,SELL,LIMIT,1701264121142,1083.5,0.2234
IOTAUSDT,SELL,LIMIT,1701264122887,6917.1,0.2233
IOTAUSDT,BUY,LIMIT,1701264133292,495.2,0.2316
IOTAUSDT,BUY,LIMIT,1701264147134,461.0,0.2050
IOTAUSDT,BUY,LIMIT,1701264188794,875.6,0.2327
IOTAUSDT,BUY,LIMIT,1701264190144,4314.9,0.2331
IOTAUSDT,BUY,LIMIT,1701264197046,10872.7,0.2333
IOTAUSDT,BUY,LIMIT,1701264198096,4351.2,0.2334
IOTAUSDT,SELL,LIMIT,1701264224441,2746.3,0.2245
IOTAUSDT,SELL,LIMIT,1701264226546,4032.5,0.2241
IOTAUSDT,SELL,LIMIT,1701264227631,2025.3,0.2240
IOTAUSDT,BUY,LIMIT,1701264261876,970.1,0.2319
IOTAUSDT,BUY,LIMIT,1701264263373,7854.7,0.2326
IOTAUSDT,BUY,LIMIT,1701264265040,1720.1,0.2329
IOTAUSDT,BUY,LIMIT,1701264266206,59.7,0.2330
IOTAUSDT,BUY,LIMIT,1701264276351,924.0,0.2338
IOTAUSDT,BUY,LIMIT,1701264277428,4517.0,0.2350
IOTAUSDT,BUY,LIMIT,1701264279076,18945.9,0.2358
IOTAUSDT,BUY,LIMIT,1701264280470,30.3,0.2353
IOTAUSDT,BUY,LIMIT,1701264283287,1989.7,0.2360
IOTAUSDT,BUY,LIMIT,1701264314871,696.3,0.2354
IOTAUSDT,SELL,LIMIT,1701264342227,31.2,0.2264
IOTAUSDT,SELL,LIMIT,1701264345263,92.9,0.2262
IOTAUSDT,SELL,LIMIT,1701264348205,12647.2,0.2258
IOTAUSDT,SELL,LIMIT,1701264351302,55.0,0.2254
IOTAUSDT,SELL,LIMIT,1701264360239,43.5,0.2253
IOTAUSDT,SELL,LIMIT,1701264372583,123.5,0.2251
IOTAUSDT,SELL,LIMIT,1701264385370,10229.7,0.2246
IOTAUSDT,BUY,LIMIT,1701264395327,21920.2,0.2327
IOTAUSDT,BUY,LIMIT,1701264409969,116.9,0.2327
IOTAUSDT,BUY,LIMIT,1701264435615,3000.0,0.2329
IOTAUSDT,BUY,LIMIT,1701264437766,50.6,0.2333
IOTAUSDT,BUY,LIMIT,1701264438797,2282.9,0.2335
IOTAUSDT,BUY,LIMIT,1701264440264,9893.4,0.2338
IOTAUSDT,SELL,LIMIT,1701264500327,38.1,0.2258
IOTAUSDT,BUY,LIMIT,1701264566060,998.9,0.2336
IOTAUSDT,BUY,LIMIT,1701264567179,375.6,0.2341
IOTAUSDT,BUY,LIMIT,1701264568993,382.4,0.2348
IOTAUSDT,BUY,LIMIT,1701264585121,26.1,0.2348
IOTAUSDT,SELL,LIMIT,1701264602463,1024.8,0.2260
IOTAUSDT,SELL,LIMIT,1701264609082,1062.8,0.2258
IOTAUSDT,SELL,LIMIT,1701264610086,268.4,0.2255
IOTAUSDT,SELL,LIMIT,1701264611250,2391.1,0.2254
IOTAUSDT,SELL,LIMIT,1701264633966,1944.9,0.2249
IOTAUSDT,SELL,LIMIT,1701264635026,715.5,0.2247
IOTAUSDT,SELL,LIMIT,1701264646759,1291.6,0.2246
IOTAUSDT,SELL,LIMIT,1701264648431,22.7,0.2241
IOTAUSDT,SELL,LIMIT,1701264649794,434.5,0.2236
IOTAUSDT,BUY,LIMIT,1701264665224,2204.5,0.2310
IOTAUSDT,BUY,LIMIT,1701264667646,711.8,0.2314
IOTAUSDT,BUY,LIMIT,1701264669603,1319.2,0.2319
IOTAUSDT,BUY,LIMIT,1701264679725,17887.5,0.2320
IOTAUSDT,BUY,LIMIT,1701264682081,28.6,0.2326
IOTAUSDT,BUY,LIMIT,1701264683129,855.6,0.2325
IOTAUSDT,BUY,LIMIT,1701264701354,30.6,0.2331
IOTAUSDT,BUY,LIMIT,1701264702782,70.6,0.2333
IOTAUSDT,BUY,LIMIT,1701264703983,1347.0,0.2336
IOTAUSDT,BUY,LIMIT,1701264727151,10887.9,0.2345
IOTAUSDT,BUY,LIMIT,1701264728250,21767.5,0.2340
IOTAUSDT,BUY,LIMIT,1701264729357,957.6,0.2347
IOTAUSDT,SELL,LIMIT,1701264761092,2627.9,0.2253
IOTAUSDT,SELL,LIMIT,1701264801474,4305.7,0.2256
IOTAUSDT,BUY,LIMIT,1701264808955,893.3,0.2337
IOTAUSDT,BUY,LIMIT,1701264890466,2784.7,0.2338
IOTAUSDT,BUY,LIMIT,1701264891607,2449.5,0.2340
IOTAUSDT,BUY,LIMIT,1701264958312,4035.2,0.2343
IOTAUSDT,BUY,LIMIT,1701264960212,5371.0,0.2343
IOTAUSDT,BUY,LIMIT,1701264979120,3754.4,0.2347
IOTAUSDT,BUY,LIMIT,1701264983206,2703.8,0.2349
IOTAUSDT,BUY,LIMIT,1701264984346,21815.0,0.2350
IOTAUSDT,BUY,LIMIT,1701264985376,3288.2,0.2349
IOTAUSDT,BUY,LIMIT,1701264995068,6402.0,0.2352
IOTAUSDT,BUY,LIMIT,1701264996392,13179.2,0.2353
IOTAUSDT,BUY,LIMIT,1701264997514,8441.5,0.2355
IOTAUSDT,BUY,LIMIT,1701264999250,1439.9,0.2357
IOTAUSDT,BUY,LIMIT,1701265000289,1275.9,0.2358
IOTAUSDT,BUY,LIMIT,1701265002321,4053.8,0.2363
IOTAUSDT,BUY,LIMIT,1701265003465,4988.1,0.2365
IOTAUSDT,BUY,LIMIT,1701265007391,6126.9,0.2366
IOTAUSDT,BUY,LIMIT,1701265090724,378.2,0.2369
IOTAUSDT,BUY,LIMIT,1701265096249,2581.7,0.2370
IOTAUSDT,BUY,LIMIT,1701265153363,9616.4,0.2371
IOTAUSDT,BUY,LIMIT,1701265161087,1696.2,0.2376
IOTAUSDT,BUY,LIMIT,1701265162175,2548.5,0.2373
IOTAUSDT,BUY,LIMIT,1701265166331,2304.7,0.2378
IOTAUSDT,SELL,LIMIT,1701265189323,42.3,0.2288
IOTAUSDT,SELL,LIMIT,1701265194006,21422.4,0.2282
IOTAUSDT,SELL,LIMIT,1701265195136,1714.4,0.2275
IOTAUSDT,SELL,LIMIT,1701265210067,358.8,0.2269
IOTAUSDT,SELL,LIMIT,1701265211745,1548.7,0.2265
IOTAUSDT,BUY,LIMIT,1701265243126,5411.2,0.2355
IOTAUSDT,BUY,LIMIT,1701265245021,4963.1,0.2356
IOTAUSDT,BUY,LIMIT,1701265247155,967.1,0.2360
IOTAUSDT,SELL,LIMIT,1701265368281,4398.9,0.2283
IOTAUSDT,SELL,LIMIT,1701265402756,323.3,0.2281
IOTAUSDT,SELL,LIMIT,1701265408528,68.1,0.2276
IOTAUSDT,SELL,LIMIT,1701265409996,215.5,0.2275
IOTAUSDT,SELL,LIMIT,1701265420980,151.9,0.2271
IOTAUSDT,SELL,LIMIT,1701265424205,722.8,0.2270
IOTAUSDT,SELL,LIMIT,1701265425664,577.2,0.2269
IOTAUSDT,SELL,LIMIT,1701265500429,802.0,0.2267
IOTAUSDT,BUY,LIMIT,1701265510717,10866.6,0.2345
IOTAUSDT,BUY,LIMIT,1701265512055,5419.9,0.2346
IOTAUSDT,BUY,LIMIT,1701265513354,8882.9,0.2348
IOTAUSDT,BUY,LIMIT,1701265514488,13372.5,0.2352
IOTAUSDT,BUY,LIMIT,1701265516187,244.5,0.2363
IOTAUSDT,BUY,LIMIT,1701265545336,421.3,0.2365
IOTAUSDT,BUY,LIMIT,1701265571544,194.1,0.2367
IOTAUSDT,BUY,LIMIT,1701265574578,802.4,0.2370
IOTAUSDT,BUY,LIMIT,1701265576443,1924.8,0.2370
IOTAUSDT,BUY,LIMIT,1701265579835,11431.6,0.2371
IOTAUSDT,BUY,LIMIT,1701265582879,198.2,0.2372
IOTAUSDT,BUY,LIMIT,1701265583947,4553.3,0.2374
IOTAUSDT,SELL,LIMIT,1701265605087,1877.3,0.2289
IOTAUSDT,SELL,LIMIT,1701265648186,429.1,0.2285
IOTAUSDT,SELL,LIMIT,1701265662830,1329.2,0.2281
IOTAUSDT,SELL,LIMIT,1701265681281,12317.2,0.2278
IOTAUSDT,SELL,LIMIT,1701265696352,5386.6,0.2268
IOTAUSDT,SELL,LIMIT,1701265698753,517.5,0.2264
IOTAUSDT,SELL,LIMIT,1701265741107,3878.2,0.2259
IOTAUSDT,SELL,LIMIT,1701265742300,2321.7,0.2255
IOTAUSDT,SELL,LIMIT,1701265743313,1685.9,0.2255
IOTAUSDT,SELL,LIMIT,1701265752624,359.7,0.2255
IOTAUSDT,SELL,LIMIT,1701265777080,6650.7,0.2254
IOTAUSDT,SELL,LIMIT,1701265778218,3296.6,0.2251
IOTAUSDT,SELL,LIMIT,1701265780002,98.6,0.2250
IOTAUSDT,BUY,LIMIT,1701265790453,175.6,0.2329
IOTAUSDT,BUY,LIMIT,1701265796212,3366.4,0.2336
IOTAUSDT,SELL,LIMIT,1701265843831,53.6,0.2253
IOTAUSDT,SELL,LIMIT,1701265844988,4549.1,0.2252
IOTAUSDT,SELL,LIMIT,1701265856427,4709.3,0.2246
IOTAUSDT,SELL,LIMIT,1701265858140,178.6,0.2245
IOTAUSDT,SELL,LIMIT,1701265859148,2738.4,0.2239
IOTAUSDT,SELL,LIMIT,1701265898490,264.6,0.2237
IOTAUSDT,SELL,LIMIT,1701265900245,3008.1,0.2236
IOTAUSDT,BUY,LIMIT,1701265932538,12839.6,0.2320
IOTAUSDT,BUY,LIMIT,1701265941295,219.2,0.2325
IOTAUSDT,BUY,LIMIT,1701265945174,211.7,0.2327
IOTAUSDT,SELL,LIMIT,1701266007504,19671.5,0.2253
IOTAUSDT,SELL,LIMIT,1701266051407,12433.7,0.2247
IOTAUSDT,SELL,LIMIT,1701266054454,1793.2,0.2245
IOTAUSDT,SELL,LIMIT,1701266055465,1904.1,0.2245
IOTAUSDT,BUY,LIMIT,1701266092038,219.4,0.2322
IOTAUSDT,BUY,LIMIT,1701266093397,3068.8,0.2326
IOTAUSDT,BUY,LIMIT,1701266114973,27.0,0.2330
IOTAUSDT,SELL,LIMIT,1701266137978,211.2,0.2249
IOTAUSDT,SELL,LIMIT,1701266266097,2208.1,0.2240
IOTAUSDT,SELL,LIMIT,1701266267254,2015.2,0.2240
IOTAUSDT,SELL,LIMIT,1701266269896,2137.5,0.2238
IOTAUSDT,SELL,LIMIT,1701266331148,35.8,0.2240
IOTAUSDT,SELL,LIMIT,1701266332397,700.0,0.2236
IOTAUSDT,SELL,LIMIT,1701266335069,2408.6,0.2235
IOTAUSDT,SELL,LIMIT,1701266336285,340.0,0.2235
IOTAUSDT,SELL,LIMIT,1701266337721,1324.6,0.2233
IOTAUSDT,SELL,LIMIT,1701266341128,6913.6,0.2233
IOTAUSDT,SELL,LIMIT,1701266355137,375.1,0.2231
IOTAUSDT,SELL,LIMIT,1701266365352,517.0,0.2229
IOTAUSDT,BUY,LIMIT,1701266372132,4111.8,0.2309
IOTAUSDT,BUY,LIMIT,1701266373167,424.0,0.2308
IOTAUSDT,SELL,LIMIT,1701266384313,4753.9,0.2228
IOTAUSDT,SELL,LIMIT,1701266385368,21996.0,0.2226
IOTAUSDT,SELL,LIMIT,1701266387631,1000.0,0.2226
IOTAUSDT,BUY,LIMIT,1701266391882,4078.1,0.2306
IOTAUSDT,SELL,LIMIT,1701266400294,191.1,0.2225
IOTAUSDT,BUY,LIMIT,1701266406296,750.3,0.2303
IOTAUSDT,BUY,LIMIT,1701266414534,26.5,0.2310
IOTAUSDT,SELL,LIMIT,1701266425054,906.3,0.2224
IOTAUSDT,SELL,LIMIT,1701266426122,32.5,0.2214
IOTAUSDT,SELL,LIMIT,1701266427128,364.5,0.2213
IOTAUSDT,SELL,LIMIT,1701266428151,2125.2,0.2213
IOTAUSDT,SELL,LIMIT,1701266445093,306.2,0.2210
IOTAUSDT,SELL,LIMIT,1701266446369,2128.0,0.2207
IOTAUSDT,SELL,LIMIT,1701266447411,652.6,0.2201
IOTAUSDT,SELL,LIMIT,1701266449044,443.2,0.2196
IOTAUSDT,SELL,LIMIT,1701266450120,3797.8,0.2197
IOTAUSDT,SELL,LIMIT,1701266452452,133.8,0.2192
IOTAUSDT,SELL,LIMIT,1701266454453,542.5,0.2189
IOTAUSDT,SELL,LIMIT,1701266457350,60138.0,0.2174
IOTAUSDT,SELL,LIMIT,1701266458471,50.2,0.2187
IOTAUSDT,SELL,LIMIT,1701266468103,106.1,0.2184
IOTAUSDT,BUY,LIMIT,1701266475577,2066.2,0.2260
IOTAUSDT,BUY,LIMIT,1701266479249,426.0,0.2263
IOTAUSDT,BUY,LIMIT,1701266484486,2899.9,0.2269
IOTAUSDT,BUY,LIMIT,1701266490462,1628.4,0.2269
IOTAUSDT,BUY,LIMIT,1701266491485,1829.6,0.2271
IOTAUSDT,BUY,LIMIT,1701266526491,929.3,0.2277
IOTAUSDT,BUY,LIMIT,1701266529853,12783.8,0.2281
IOTAUSDT,BUY,LIMIT,1701266531892,5971.3,0.2281
IOTAUSDT,BUY,LIMIT,1701266592191,184.7,0.2277
IOTAUSDT,BUY,LIMIT,1701266639163,219.2,0.2281
IOTAUSDT,BUY,LIMIT,1701266643351,13416.8,0.2281
IOTAUSDT,BUY,LIMIT,1701266644767,75.4,0.2283
IOTAUSDT,BUY,LIMIT,1701266646245,2827.0,0.2283
IOTAUSDT,BUY,LIMIT,1701266651528,11155.7,0.2285
IOTAUSDT,BUY,LIMIT,1701266653039,12051.4,0.2292
IOTAUSDT,BUY,LIMIT,1701266654141,5543.2,0.2299
IOTAUSDT,BUY,LIMIT,1701266674454,26.7,0.2307
IOTAUSDT,BUY,LIMIT,1701266679327,1640.3,0.2310
IOTAUSDT,BUY,LIMIT,1701266680369,274.7,0.2311
IOTAUSDT,BUY,LIMIT,1701266681529,2500.0,0.2317
IOTAUSDT,BUY,LIMIT,1701266683682,426.8,0.2321
IOTAUSDT,BUY,LIMIT,1701266775200,727.3,0.2314
IOTAUSDT,BUY,LIMIT,1701266782567,1653.4,0.2319
IOTAUSDT,BUY,LIMIT,1701266792507,129.5,0.2319
IOTAUSDT,BUY,LIMIT,1701266795103,6482.8,0.2320
IOTAUSDT,BUY,LIMIT,1701266796251,1042.0,0.2323
IOTAUSDT,BUY,LIMIT,1701266800168,247.9,0.2326
IOTAUSDT,BUY,LIMIT,1701266801343,65.6,0.2326
IOTAUSDT,BUY,LIMIT,1701266807615,21891.4,0.2329
IOTAUSDT,BUY,LIMIT,1701266809384,880.0,0.2331
IOTAUSDT,BUY,LIMIT,1701266812074,26.0,0.2332
IOTAUSDT,BUY,LIMIT,1701266863675,468.1,0.2333
IOTAUSDT,BUY,LIMIT,1701266866260,2324.6,0.2334
IOTAUSDT,BUY,LIMIT,1701266867365,3974.2,0.2337
IOTAUSDT,BUY,LIMIT,1701266868394,2227.2,0.2336
IOTAUSDT,BUY,LIMIT,1701266953067,445.4,0.2340
IOTAUSDT,BUY,LIMIT,1701266954198,20035.2,0.2342
IOTAUSDT,BUY,LIMIT,1701266955245,486.9,0.2345
IOTAUSDT,BUY,LIMIT,1701266957777,4500.4,0.2346
IOTAUSDT,BUY,LIMIT,1701266959057,2200.7,0.2347
IOTAUSDT,BUY,LIMIT,1701266960118,2709.1,0.2351
IOTAUSDT,BUY,LIMIT,1701266961176,43.4,0.2351
IOTAUSDT,BUY,LIMIT,1701266964935,3427.4,0.2353
IOTAUSDT,SELL,LIMIT,1701267025423,3813.6,0.2267
IOTAUSDT,SELL,LIMIT,1701267026859,34.6,0.2266
IOTAUSDT,SELL,LIMIT,1701267115819,141.9,0.2262
IOTAUSDT,SELL,LIMIT,1701267124519,176.2,0.2258
IOTAUSDT,BUY,LIMIT,1701267132823,260.4,0.2336
IOTAUSDT,SELL,LIMIT,1701267247283,67.2,0.2256
IOTAUSDT,SELL,LIMIT,1701267263067,21758.0,0.2253
IOTAUSDT,BUY,LIMIT,1701267280183,2500.0,0.2333
IOTAUSDT,BUY,LIMIT,1701267281414,26.2,0.2335
IOTAUSDT,BUY,LIMIT,1701267350057,672.5,0.2337
IOTAUSDT,BUY,LIMIT,1701267352667,55.3,0.2337
IOTAUSDT,SELL,LIMIT,1701267400095,452.8,0.2253
IOTAUSDT,SELL,LIMIT,1701267401106,27.0,0.2252
IOTAUSDT,SELL,LIMIT,1701267402226,129.8,0.2251
IOTAUSDT,SELL,LIMIT,1701267409031,386.0,0.2249
IOTAUSDT,SELL,LIMIT,1701267410133,550.9,0.2248
IOTAUSDT,SELL,LIMIT,1701267411344,1266.7,0.2246
IOTAUSDT,SELL,LIMIT,1701267416884,21.9,0.2245
IOTAUSDT,BUY,LIMIT,1701267442538,24.4,0.2324
IOTAUSDT,BUY,LIMIT,1701267445245,5000.0,0.2327
IOTAUSDT,BUY,LIMIT,1701267505390,2818.6,0.2329
IOTAUSDT,BUY,LIMIT,1701267509243,84.5,0.2335
IOTAUSDT,BUY,LIMIT,1701267511279,161.2,0.2339
IOTAUSDT,BUY,LIMIT,1701267512338,1446.3,0.2342
IOTAUSDT,BUY,LIMIT,1701267513419,9501.4,0.2341
IOTAUSDT,BUY,LIMIT,1701267514523,6528.1,0.2344
IOTAUSDT,BUY,LIMIT,1701267517263,2495.5,0.2346
IOTAUSDT,BUY,LIMIT,1701267519200,341.9,0.2348
IOTAUSDT,BUY,LIMIT,1701267552957,1492.6,0.2350
IOTAUSDT,BUY,LIMIT,1701267554115,296.5,0.2350
IOTAUSDT,BUY,LIMIT,1701267556707,3672.9,0.2352
IOTAUSDT,BUY,LIMIT,1701267562330,130.7,0.2353
IOTAUSDT,BUY,LIMIT,1701267564933,31.3,0.2354
IOTAUSDT,BUY,LIMIT,1701267572985,2433.3,0.2354
IOTAUSDT,BUY,LIMIT,1701267575402,1392.4,0.2357
IOTAUSDT,BUY,LIMIT,1701267576781,27.3,0.2359
IOTAUSDT,BUY,LIMIT,1701267591481,1779.3,0.2359
IOTAUSDT,BUY,LIMIT,1701267599317,168.5,0.2360
IOTAUSDT,BUY,LIMIT,1701267600497,1549.8,0.2362
IOTAUSDT,SELL,LIMIT,1701267627816,1519.3,0.2272
IOTAUSDT,BUY,LIMIT,1701267730067,1620.4,0.2355
IOTAUSDT,BUY,LIMIT,1701267732413,1180.7,0.2357
IOTAUSDT,BUY,LIMIT,1701267735055,92.9,0.2360
IOTAUSDT,BUY,LIMIT,1701267736087,21645.0,0.2359
IOTAUSDT,BUY,LIMIT,1701267737211,139.4,0.2362
IOTAUSDT,BUY,LIMIT,1701267762198,259.2,0.2365
IOTAUSDT,BUY,LIMIT,1701267763398,545.2,0.2363
IOTAUSDT,BUY,LIMIT,1701267764451,10023.8,0.2372
IOTAUSDT,SELL,LIMIT,1701267847799,10291.4,0.2287
IOTAUSDT,SELL,LIMIT,1701267877922,559.6,0.2284
IOTAUSDT,SELL,LIMIT,1701267881606,2148.6,0.2280
IOTAUSDT,SELL,LIMIT,1701267883074,19368.1,0.2277
IOTAUSDT,SELL,LIMIT,1701267884801,281.9,0.2275
IOTAUSDT,SELL,LIMIT,1701267886243,1062.8,0.2274
IOTAUSDT,SELL,LIMIT,1701267889055,102.4,0.2269
IOTAUSDT,SELL,LIMIT,1701267890676,181.3,0.2267
IOTAUSDT,SELL,LIMIT,1701268029362,277.0,0.2262
IOTAUSDT,SELL,LIMIT,1701268043833,23.3,0.2260
IOTAUSDT,SELL,LIMIT,1701268095277,5159.4,0.2254
IOTAUSDT,BUY,LIMIT,1701268249513,497.8,0.2333
IOTAUSDT,BUY,LIMIT,1701268250648,5000.0,0.2333
IOTAUSDT,BUY,LIMIT,1701268252045,1021.1,0.2337
IOTAUSDT,BUY,LIMIT,1701268253465,1541.1,0.2344
IOTAUSDT,BUY,LIMIT,1701268254882,434.7,0.2345
IOTAUSDT,BUY,LIMIT,1701268255951,512.5,0.2349
IOTAUSDT,SELL,LIMIT,1701268335926,21615.4,0.2268
IOTAUSDT,SELL,LIMIT,1701268338795,2573.0,0.2267
IOTAUSDT,SELL,LIMIT,1701268340043,2986.4,0.2264
IOTAUSDT,SELL,LIMIT,1701268394438,3689.8,0.2256
IOTAUSDT,SELL,LIMIT,1701268422686,142.1,0.2253
IOTAUSDT,SELL,LIMIT,1701268432470,19798.8,0.2251
IOTAUSDT,SELL,LIMIT,1701268433516,778.5,0.2249
IOTAUSDT,SELL,LIMIT,1701268435071,1124.5,0.2242
IOTAUSDT,SELL,LIMIT,1701268436297,5468.0,0.2241
IOTAUSDT,BUY,LIMIT,1701268448990,5105.3,0.2322
IOTAUSDT,SELL,LIMIT,1701268453902,808.8,0.2253
IOTAUSDT,BUY,LIMIT,1701268489438,14259.2,0.2324
IOTAUSDT,BUY,LIMIT,1701268579804,48.2,0.2327
IOTAUSDT,BUY,LIMIT,1701268581102,391.8,0.2328
IOTAUSDT,SELL,LIMIT,1701268676849,890.8,0.2246
IOTAUSDT,SELL,LIMIT,1701268752969,3215.5,0.2242
IOTAUSDT,SELL,LIMIT,1701268754195,2164.5,0.2238
IOTAUSDT,SELL,LIMIT,1701268755230,613.5,0.2239
IOTAUSDT,SELL,LIMIT,1701268762290,257.2,0.2235
IOTAUSDT,SELL,LIMIT,1701268810098,85.8,0.2232
IOTAUSDT,SELL,LIMIT,1701268811174,9382.9,0.2228
IOTAUSDT,SELL,LIMIT,1701268814585,1333.5,0.2226
IOTAUSDT,BUY,LIMIT,1701268836407,296.9,0.2307
IOTAUSDT,BUY,LIMIT,1701268870798,487.4,0.2316
IOTAUSDT,BUY,LIMIT,1701268876704,1985.5,0.2317
IOTAUSDT,BUY,LIMIT,1701268878512,1595.9,0.2319
IOTAUSDT,BUY,LIMIT,1701268880240,52.1,0.2319
IOTAUSDT,BUY,LIMIT,1701268907063,1874.9,0.2320
IOTAUSDT,BUY,LIMIT,1701268908074,565.2,0.2324
IOTAUSDT,BUY,LIMIT,1701268916056,2057.2,0.2329
IOTAUSDT,BUY,LIMIT,1701268918563,970.5,0.2332
IOTAUSDT,BUY,LIMIT,1701268966416,1818.1,0.2329
IOTAUSDT,BUY,LIMIT,1701268967516,2299.9,0.2333
IOTAUSDT,BUY,LIMIT,1701268968612,289.7,0.2337
IOTAUSDT,BUY,LIMIT,1701268970167,1744.0,0.2340
IOTAUSDT,BUY,LIMIT,1701268971209,7134.6,0.2344
IOTAUSDT,BUY,LIMIT,1701268972230,2768.7,0.2340
IOTAUSDT,BUY,LIMIT,1701269007777,40.6,0.2348
IOTAUSDT,BUY,LIMIT,1701269010882,3727.3,0.2349
IOTAUSDT,SELL,LIMIT,1701269038084,21626.2,0.2266
IOTAUSDT,SELL,LIMIT,1701269065825,851.9,0.2263
IOTAUSDT,BUY,LIMIT,1701269151957,1777.0,0.2315
IOTAUSDT,BUY,LIMIT,1701269153179,650.6,0.2330
IOTAUSDT,BUY,LIMIT,1701269165598,4044.9,0.2337
IOTAUSDT,SELL,LIMIT,1701269278292,1066.1,0.2254
IOTAUSDT,SELL,LIMIT,1701269293551,198.0,0.2254
IOTAUSDT,SELL,LIMIT,1701269541286,225.0,0.2253
IOTAUSDT,SELL,LIMIT,1701269556280,3157.5,0.2252
IOTAUSDT,SELL,LIMIT,1701269560073,4357.2,0.2250
IOTAUSDT,SELL,LIMIT,1701269575766,615.0,0.2248
IOTAUSDT,SELL,LIMIT,1701269581864,24.1,0.2245
IOTAUSDT,SELL,LIMIT,1701269585395,300.0,0.2243
IOTAUSDT,SELL,LIMIT,1701269628769,14609.1,0.2241
IOTAUSDT,SELL,LIMIT,1701269678049,3843.6,0.2239
IOTAUSDT,SELL,LIMIT,1701269679948,8398.0,0.2238
IOTAUSDT,SELL,LIMIT,1701269698859,50.0,0.2233
IOTAUSDT,SELL,LIMIT,1701269715229,8008.7,0.2231
IOTAUSDT,SELL,LIMIT,1701269721240,645.6,0.2230
IOTAUSDT,SELL,LIMIT,1701269724715,2136.7,0.2224
IOTAUSDT,SELL,LIMIT,1701269833225,1432.8,0.2222
IOTAUSDT,SELL,LIMIT,1701269834309,111.7,0.2223
IOTAUSDT,SELL,LIMIT,1701269835386,1763.1,0.2216
IOTAUSDT,SELL,LIMIT,1701269836517,96.8,0.2214
IOTAUSDT,SELL,LIMIT,1701269837519,102.0,0.2212
IOTAUSDT,SELL,LIMIT,1701269840426,118.6,0.2210
IOTAUSDT,SELL,LIMIT,1701269863200,1056.7,0.2208
IOTAUSDT,SELL,LIMIT,1701269864296,980.7,0.2208
IOTAUSDT,SELL,LIMIT,1701269865346,5977.5,0.2207
IOTAUSDT,SELL,LIMIT,1701269866496,20834.8,0.2206
IOTAUSDT,SELL,LIMIT,1701269867824,6562.8,0.2205
IOTAUSDT,SELL,LIMIT,1701269874210,6000.0,0.2203
IOTAUSDT,SELL,LIMIT,1701269875450,169.8,0.2204
IOTAUSDT,SELL,LIMIT,1701269877168,22321.4,0.2196
IOTAUSDT,SELL,LIMIT,1701269878218,1065.0,0.2192
IOTAUSDT,SELL,LIMIT,1701269880162,98.3,0.2191
IOTAUSDT,SELL,LIMIT,1701269881289,621.9,0.2189
IOTAUSDT,SELL,LIMIT,1701269882328,542.6,0.2190
IOTAUSDT,SELL,LIMIT,1701269896290,9945.6,0.2188
IOTAUSDT,SELL,LIMIT,1701269897359,9951.7,0.2186
IOTAUSDT,SELL,LIMIT,1701269898363,3054.9,0.2180
IOTAUSDT,SELL,LIMIT,1701269899425,47.8,0.2180
IOTAUSDT,BUY,LIMIT,1701269912015,4100.0,0.2258
IOTAUSDT,BUY,LIMIT,1701269914507,9242.5,0.2262
IOTAUSDT,BUY,LIMIT,1701269916098,682.8,0.2266
IOTAUSDT,BUY,LIMIT,1701269917230,446.9,0.2266
IOTAUSDT,BUY,LIMIT,1701269918855,94.8,0.2270
IOTAUSDT,BUY,LIMIT,1701270006640,4304.4,0.2273
IOTAUSDT,BUY,LIMIT,1701270008349,410.2,0.2274
IOTAUSDT,BUY,LIMIT,1701270009443,2434.0,0.2276
IOTAUSDT,BUY,LIMIT,1701270013034,201.1,0.2284
IOTAUSDT,BUY,LIMIT,1701270014103,69.4,0.2281
IOTAUSDT,BUY,LIMIT,1701270064035,315.6,0.2291
IOTAUSDT,BUY,LIMIT,1701270065053,55.5,0.2290
IOTAUSDT,BUY,LIMIT,1701270066129,44.6,0.2299
IOTAUSDT,BUY,LIMIT,1701270099614,656.2,0.2299
IOTAUSDT,BUY,LIMIT,1701270258385,50.0,0.2297
IOTAUSDT,SELL,LIMIT,1701270296927,770.1,0.2218
IOTAUSDT,SELL,LIMIT,1701270300439,472.6,0.2215
IOTAUSDT,SELL,LIMIT,1701270302373,68.5,0.2213
IOTAUSDT,SELL,LIMIT,1701270305075,1058.3,0.2212
IOTAUSDT,SELL,LIMIT,1701270398315,30.0,0.2220
IOTAUSDT,SELL,LIMIT,1701270423082,16292.6,0.2211
IOTAUSDT,SELL,LIMIT,1701270424204,136.3,0.2211
IOTAUSDT,SELL,LIMIT,1701270425302,607.0,0.2211
IOTAUSDT,SELL,LIMIT,1701270438333,4000.0,0.2232
IOTAUSDT,SELL,LIMIT,1701270451636,434.4,0.2212
IOTAUSDT,SELL,LIMIT,1701270480769,605.5,0.2210
IOTAUSDT,SELL,LIMIT,1701270540391,120.8,0.2208
IOTAUSDT,SELL,LIMIT,1701270542573,129.8,0.2206
IOTAUSDT,SELL,LIMIT,1701270546045,107805.0,0.2187
IOTAUSDT,SELL,LIMIT,1701270548142,176.3,0.2203
IOTAUSDT,SELL,LIMIT,1701270551517,13410.7,0.2200
IOTAUSDT,SELL,LIMIT,1701270563621,10211.5,0.2196
IOTAUSDT,SELL,LIMIT,1701270568283,3344.6,0.2190
IOTAUSDT,BUY,LIMIT,1701270573812,23529.4,0.2259
IOTAUSDT,BUY,LIMIT,1701270583914,219.3,0.2257
IOTAUSDT,SELL,LIMIT,1701270585495,584.9,0.2193
IOTAUSDT,SELL,LIMIT,1701270588295,29.6,0.2188
IOTAUSDT,BUY,LIMIT,1701270599259,1533.5,0.2265
IOTAUSDT,BUY,LIMIT,1701270604385,180.3,0.2268
IOTAUSDT,BUY,LIMIT,1701270608756,1214.6,0.2269
IOTAUSDT,SELL,LIMIT,1701270619319,1700.7,0.2191
IOTAUSDT,SELL,LIMIT,1701270621824,1748.9,0.2191
IOTAUSDT,SELL,LIMIT,1701270623251,194.5,0.2186
IOTAUSDT,BUY,LIMIT,1701270627638,5573.5,0.2261
IOTAUSDT,SELL,LIMIT,1701270629822,1391.3,0.2203
IOTAUSDT,BUY,LIMIT,1701270646965,22012.5,0.2270
IOTAUSDT,BUY,LIMIT,1701270661275,44.2,0.2273
IOTAUSDT,BUY,LIMIT,1701270662653,3659.5,0.2276
IOTAUSDT,BUY,LIMIT,1701270664193,1554.7,0.2281
IOTAUSDT,BUY,LIMIT,1701270666144,38.1,0.2283
IOTAUSDT,BUY,LIMIT,1701270681976,634.7,0.2289
IOTAUSDT,BUY,LIMIT,1701270688069,22.5,0.2287
IOTAUSDT,BUY,LIMIT,1701270695070,3961.4,0.2294
IOTAUSDT,BUY,LIMIT,1701270699586,1306.1,0.2296
IOTAUSDT,BUY,LIMIT,1701270704171,66.4,0.2300
IOTAUSDT,BUY,LIMIT,1701270705175,1517.4,0.2298
IOTAUSDT,BUY,LIMIT,1701270706302,1196.2,0.2301
IOTAUSDT,BUY,LIMIT,1701270708040,300.0,0.2304
IOTAUSDT,BUY,LIMIT,1701270709188,162.9,0.2304
IOTAUSDT,BUY,LIMIT,1701270710273,155.3,0.2310
IOTAUSDT,BUY,LIMIT,1701270765228,2122.9,0.2307
IOTAUSDT,SELL,LIMIT,1701270815896,4262.8,0.2229
IOTAUSDT,SELL,LIMIT,1701270843179,845.8,0.2227
IOTAUSDT,SELL,LIMIT,1701270874545,4267.8,0.2227
IOTAUSDT,SELL,LIMIT,1701270875966,22.1,0.2224
IOTAUSDT,SELL,LIMIT,1701270877166,16461.8,0.2222
IOTAUSDT,SELL,LIMIT,1701270888063,1010.4,0.2221
IOTAUSDT,SELL,LIMIT,1701270890907,1573.0,0.2219
IOTAUSDT,BUY,LIMIT,1701270922135,236.0,0.2296
IOTAUSDT,BUY,LIMIT,1701270924691,17754.1,0.2297
IOTAUSDT,BUY,LIMIT,1701270930290,744.5,0.2303
IOTAUSDT,BUY,LIMIT,1701270931713,9109.2,0.2307
IOTAUSDT,BUY,LIMIT,1701270938342,26.9,0.2313
IOTAUSDT,BUY,LIMIT,1701270946064,6903.1,0.2314
IOTAUSDT,BUY,LIMIT,1701270947345,1295.4,0.2313
IOTAUSDT,BUY,LIMIT,1701270950372,793.1,0.2316
IOTAUSDT,BUY,LIMIT,1701270952635,10087.8,0.2317
IOTAUSDT,BUY,LIMIT,1701270956249,1934.9,0.2321
IOTAUSDT,SELL,LIMIT,1701271095005,537.3,0.2238
IOTAUSDT,BUY,LIMIT,1701271258768,105.3,0.2320
IOTAUSDT,BUY,LIMIT,1701271260448,14300.8,0.2322
IOTAUSDT,SELL,LIMIT,1701271282102,5559.6,0.2243
IOTAUSDT,SELL,LIMIT,1701271283365,690.4,0.2242
IOTAUSDT,SELL,LIMIT,1701271289988,5475.6,0.2237
IOTAUSDT,SELL,LIMIT,1701271349166,42.4,0.2235
IOTAUSDT,SELL,LIMIT,1701271410039,1052.6,0.2231
IOTAUSDT,SELL,LIMIT,1701271411268,2902.2,0.2233
IOTAUSDT,SELL,LIMIT,1701271412505,899.4,0.2231
IOTAUSDT,BUY,LIMIT,1701271520144,3018.1,0.2313
IOTAUSDT,SELL,LIMIT,1701271603682,5480.1,0.2232
IOTAUSDT,SELL,LIMIT,1701271606600,1541.3,0.2230
IOTAUSDT,SELL,LIMIT,1701271607609,418.0,0.2230
IOTAUSDT,SELL,LIMIT,1701271609962,2198.7,0.2230
IOTAUSDT,SELL,LIMIT,1701271612267,130.9,0.2228
IOTAUSDT,SELL,LIMIT,1701271614014,1996.7,0.2227
IOTAUSDT,SELL,LIMIT,1701271626256,63.3,0.2227
IOTAUSDT,SELL,LIMIT,1701271659977,26.2,0.2226
IOTAUSDT,BUY,LIMIT,1701271706415,221.0,0.2306
IOTAUSDT,BUY,LIMIT,1701271707818,639.5,0.2307
IOTAUSDT,SELL,LIMIT,1701271771388,92.4,0.2225
IOTAUSDT,SELL,LIMIT,1701271810381,526.6,0.2223
IOTAUSDT,SELL,LIMIT,1701271814843,218.3,0.2221
IOTAUSDT,SELL,LIMIT,1701271822064,11441.0,0.2220
IOTAUSDT,SELL,LIMIT,1701271823099,623.9,0.2214
IOTAUSDT,SELL,LIMIT,1701271824177,773.5,0.2214
IOTAUSDT,SELL,LIMIT,1701271826391,405.3,0.2210
IOTAUSDT,SELL,LIMIT,1701271830367,96.5,0.2208
IOTAUSDT,SELL,LIMIT,1701271832104,44.3,0.2205
IOTAUSDT,SELL,LIMIT,1701271833889,2901.5,0.2201
IOTAUSDT,SELL,LIMIT,1701271834913,259.7,0.2196
IOTAUSDT,BUY,LIMIT,1701271840218,1552.7,0.2274
IOTAUSDT,BUY,LIMIT,1701271861373,362.6,0.2278
IOTAUSDT,BUY,LIMIT,1701271880176,918.1,0.2282
IOTAUSDT,BUY,LIMIT,1701271881441,518.9,0.2285
IOTAUSDT,BUY,LIMIT,1701271883590,16801.0,0.2292
IOTAUSDT,BUY,LIMIT,1701271926108,79.7,0.2302
IOTAUSDT,BUY,LIMIT,1701271928039,50.7,0.2304
IOTAUSDT,BUY,LIMIT,1701271929109,4267.1,0.2305
IOTAUSDT,BUY,LIMIT,1701271934506,130.9,0.2309
IOTAUSDT,BUY,LIMIT,1701271935766,852.3,0.2314
IOTAUSDT,BUY,LIMIT,1701271944143,554.9,0.2316
IOTAUSDT,BUY,LIMIT,1701271945156,1542.9,0.2315
IOTAUSDT,BUY,LIMIT,1701271947252,86.4,0.2317
IOTAUSDT,BUY,LIMIT,1701272019199,11241.0,0.2310
IOTAUSDT,BUY,LIMIT,1701272055077,1923.9,0.2319
IOTAUSDT,BUY,LIMIT,1701272058936,361.2,0.2323
IOTAUSDT,BUY,LIMIT,1701272060325,215.3,0.2323
IOTAUSDT,BUY,LIMIT,1701272169180,2555.2,0.2323
IOTAUSDT,BUY,LIMIT,1701272171549,438.7,0.2324
IOTAUSDT,BUY,LIMIT,1701272190615,6407.4,0.2325
IOTAUSDT,BUY,LIMIT,1701272201452,30.1,0.2325
IOTAUSDT,BUY,LIMIT,1701272203473,327.0,0.2326
IOTAUSDT,BUY,LIMIT,1701272207591,1793.9,0.2327
IOTAUSDT,BUY,LIMIT,1701272208727,22321.4,0.2329
IOTAUSDT,BUY,LIMIT,1701272211069,9645.1,0.2330
IOTAUSDT,BUY,LIMIT,1701272214482,6609.6,0.2331
IOTAUSDT,BUY,LIMIT,1701272217781,476.9,0.2331
IOTAUSDT,BUY,LIMIT,1701272320229,4256.6,0.2332
IOTAUSDT,BUY,LIMIT,1701272321443,105.7,0.2333
IOTAUSDT,BUY,LIMIT,1701272331198,343.8,0.2334
IOTAUSDT,BUY,LIMIT,1701272332554,2.7,0.2334
IOTAUSDT,BUY,LIMIT,1701272334900,11531.7,0.2335
IOTAUSDT,BUY,LIMIT,1701272342494,176.0,0.2336
IOTAUSDT,BUY,LIMIT,1701272344839,863.2,0.2336
IOTAUSDT,BUY,LIMIT,1701272346072,5000.0,0.2339
IOTAUSDT,BUY,LIMIT,1701272347214,1015.9,0.2339
IOTAUSDT,BUY,LIMIT,1701272348684,1584.7,0.2341
IOTAUSDT,BUY,LIMIT,1701272350114,89.7,0.2341
IOTAUSDT,BUY,LIMIT,1701272352581,590.2,0.2342
IOTAUSDT,BUY,LIMIT,1701272353825,264.8,0.2343
IOTAUSDT,BUY,LIMIT,1701272354849,24.3,0.2344
IOTAUSDT,BUY,LIMIT,1701272355876,1526.1,0.2345
IOTAUSDT,BUY,LIMIT,1701272356901,222.1,0.2354
IOTAUSDT,BUY,LIMIT,1701272357902,3318.4,0.2360
IOTAUSDT,BUY,LIMIT,1701272359019,774.0,0.2363
IOTAUSDT,BUY,LIMIT,1701272384193,165.9,0.2356
IOTAUSDT,BUY,LIMIT,1701272399541,5237.2,0.2357
IOTAUSDT,BUY,LIMIT,1701272401124,1318.8,0.2313
IOTAUSDT,BUY,LIMIT,1701272402596,111.0,0.1770
IOTAUSDT,BUY,LIMIT,1701272404679,685.2,0.2317
IOTAUSDT,BUY,LIMIT,1701272421129,599.3,0.2360
IOTAUSDT,BUY,LIMIT,1701272422212,8937.0,0.2340
IOTAUSDT,BUY,LIMIT,1701272423464,750.0,0.2359
IOTAUSDT,BUY,LIMIT,1701272424578,5772.4,0.2365
IOTAUSDT,SELL,LIMIT,1701272467481,281.8,0.2284
IOTAUSDT,SELL,LIMIT,1701272472287,1624.8,0.2277
IOTAUSDT,SELL,LIMIT,1701272483512,215.7,0.2272
IOTAUSDT,SELL,LIMIT,1701272487355,599.2,0.2269
IOTAUSDT,BUY,LIMIT,1701272503190,106.7,0.2340
IOTAUSDT,SELL,LIMIT,1701272506108,43.0,0.2267
IOTAUSDT,SELL,LIMIT,1701272510908,425.7,0.2263
IOTAUSDT,SELL,LIMIT,1701272535501,50.1,0.2262
IOTAUSDT,SELL,LIMIT,1701272537571,264.1,0.2261
IOTAUSDT,SELL,LIMIT,1701272548539,34.5,0.2258
IOTAUSDT,SELL,LIMIT,1701272553621,315.7,0.2255
IOTAUSDT,SELL,LIMIT,1701272578333,2943.8,0.2252
IOTAUSDT,BUY,LIMIT,1701272661161,8659.5,0.2333
IOTAUSDT,BUY,LIMIT,1701272663175,2398.6,0.2336
IOTAUSDT,BUY,LIMIT,1701272664524,262.0,0.2334
IOTAUSDT,BUY,LIMIT,1701272687876,2181.5,0.2337
IOTAUSDT,BUY,LIMIT,1701272689031,1769.2,0.2338
IOTAUSDT,BUY,LIMIT,1701272690138,3100.2,0.2339
IOTAUSDT,BUY,LIMIT,1701272691152,142.3,0.2342
IOTAUSDT,BUY,LIMIT,1701272727048,165.6,0.2346
IOTAUSDT,BUY,LIMIT,1701272728076,34.7,0.2348
IOTAUSDT,BUY,LIMIT,1701272729217,2823.6,0.2346
IOTAUSDT,BUY,LIMIT,1701272730578,2127.8,0.2347
IOTAUSDT,BUY,LIMIT,1701272732132,4025.7,0.2350
IOTAUSDT,BUY,LIMIT,1701272733194,78.4,0.2351
IOTAUSDT,BUY,LIMIT,1701272735501,3482.5,0.2354
IOTAUSDT,BUY,LIMIT,1701272738402,3050.0,0.2355
IOTAUSDT,SELL,LIMIT,1701272774206,6149.7,0.2277
IOTAUSDT,SELL,LIMIT,1701272837210,152.3,0.2259
IOTAUSDT,SELL,LIMIT,1701272890442,1212.0,0.2255
IOTAUSDT,SELL,LIMIT,1701272904047,94.9,0.2250
IOTAUSDT,SELL,LIMIT,1701272905985,28.9,0.2249
IOTAUSDT,BUY,LIMIT,1701272969072,7901.3,0.2330
IOTAUSDT,BUY,LIMIT,1701272970078,391.5,0.2330
IOTAUSDT,BUY,LIMIT,1701272972004,2407.4,0.2333
IOTAUSDT,BUY,LIMIT,1701272977497,4359.1,0.2335
IOTAUSDT,BUY,LIMIT,1701272978605,2239.3,0.2335
IOTAUSDT,BUY,LIMIT,1701272999926,10893.2,0.2342
IOTAUSDT,BUY,LIMIT,1701273002661,4349.7,0.2344
IOTAUSDT,BUY,LIMIT,1701273023332,2608.6,0.2345
IOTAUSDT,BUY,LIMIT,1701273025649,21748.5,0.2344
IOTAUSDT,BUY,LIMIT,1701273036319,2162.5,0.2347
IOTAUSDT,BUY,LIMIT,1701273081478,459.7,0.2348
IOTAUSDT,BUY,LIMIT,1701273083286,4416.2,0.2350
IOTAUSDT,BUY,LIMIT,1701273084328,5761.9,0.2351
IOTAUSDT,BUY,LIMIT,1701273099094,2151.4,0.2353
IOTAUSDT,BUY,LIMIT,1701273145104,1808.6,0.2353
IOTAUSDT,BUY,LIMIT,1701273147177,173.5,0.2354
IOTAUSDT,BUY,LIMIT,1701273148273,4218.1,0.2354
IOTAUSDT,BUY,LIMIT,1701273149593,1732.7,0.2356
IOTAUSDT,BUY,LIMIT,1701273151095,283.1,0.2358
IOTAUSDT,BUY,LIMIT,1701273152194,1273.0,0.2360
IOTAUSDT,BUY,LIMIT,1701273153227,4108.9,0.2362
IOTAUSDT,BUY,LIMIT,1701273154255,10562.5,0.2369
IOTAUSDT,BUY,LIMIT,1701273155306,1661.8,0.2369
IOTAUSDT,BUY,LIMIT,1701273156361,45.2,0.2373
IOTAUSDT,BUY,LIMIT,1701273157363,1771.7,0.2388
IOTAUSDT,BUY,LIMIT,1701273158390,1109.2,0.2387
IOTAUSDT,BUY,LIMIT,1701273159438,435.5,0.2390
IOTAUSDT,BUY,LIMIT,1701273189281,80.0,0.2387
IOTAUSDT,BUY,LIMIT,1701273190354,662.2,0.2389
IOTAUSDT,BUY,LIMIT,1701273191387,6378.4,0.2394
IOTAUSDT,BUY,LIMIT,1701273192396,2051.8,0.2393
IOTAUSDT,BUY,LIMIT,1701273193397,876.4,0.2408
IOTAUSDT,BUY,LIMIT,1701273194435,20713.5,0.2420
IOTAUSDT,BUY,LIMIT,1701273195465,636.0,0.2414
IOTAUSDT,SELL,LIMIT,1701273200133,1499.1,0.2338
IOTAUSDT,BUY,LIMIT,1701273204244,11124.7,0.2417
IOTAUSDT,BUY,LIMIT,1701273206126,82.0,0.2425
IOTAUSDT,SELL,LIMIT,1701273223653,79.8,0.2339
IOTAUSDT,SELL,LIMIT,1701273232553,419.8,0.2336
IOTAUSDT,BUY,LIMIT,1701273266214,593.5,0.2412
IOTAUSDT,BUY,LIMIT,1701273277788,2174.8,0.2415
IOTAUSDT,BUY,LIMIT,1701273279312,392.8,0.2416
IOTAUSDT,SELL,LIMIT,1701273311733,43.0,0.2331
IOTAUSDT,BUY,LIMIT,1701273345042,3614.3,0.2412
IOTAUSDT,SELL,LIMIT,1701273396024,950.8,0.2327
IOTAUSDT,SELL,LIMIT,1701273405609,274.1,0.2323
IOTAUSDT,SELL,LIMIT,1701273407267,344.3,0.2320
IOTAUSDT,SELL,LIMIT,1701273408374,6717.9,0.2321
IOTAUSDT,SELL,LIMIT,1701273436549,1640.8,0.2316
IOTAUSDT,SELL,LIMIT,1701273447772,1562.0,0.2311
IOTAUSDT,BUY,LIMIT,1701273482043,534.8,0.2394
IOTAUSDT,BUY,LIMIT,1701273488730,2341.4,0.2396
IOTAUSDT,BUY,LIMIT,1701273490133,526.1,0.2396
IOTAUSDT,BUY,LIMIT,1701273515011,5508.9,0.2402
IOTAUSDT,BUY,LIMIT,1701273516290,1905.2,0.2406
IOTAUSDT,SELL,LIMIT,1701273574766,12371.5,0.2323
IOTAUSDT,BUY,LIMIT,1701273603275,1226.2,0.2393
IOTAUSDT,BUY,LIMIT,1701273609111,2541.2,0.2407
IOTAUSDT,BUY,LIMIT,1701273610113,1586.3,0.2407
IOTAUSDT,BUY,LIMIT,1701273611135,5231.3,0.2409
IOTAUSDT,BUY,LIMIT,1701273612198,895.5,0.2408
IOTAUSDT,BUY,LIMIT,1701273614068,17776.6,0.2411
IOTAUSDT,BUY,LIMIT,1701273615076,3902.7,0.2414
IOTAUSDT,BUY,LIMIT,1701273616083,23.4,0.2414
IOTAUSDT,BUY,LIMIT,1701273617059,146.1,0.2420
IOTAUSDT,BUY,LIMIT,1701273618114,1975.2,0.2423
IOTAUSDT,BUY,LIMIT,1701273619120,20490.0,0.2426
IOTAUSDT,BUY,LIMIT,1701273620134,1577.4,0.2430
IOTAUSDT,BUY,LIMIT,1701273621140,631.5,0.2435
IOTAUSDT,BUY,LIMIT,1701273622151,44.9,0.2436
IOTAUSDT,BUY,LIMIT,1701273623170,881.2,0.2443
IOTAUSDT,BUY,LIMIT,1701273624178,353.3,0.2444
IOTAUSDT,BUY,LIMIT,1701273631712,3074.0,0.2411
IOTAUSDT,SELL,LIMIT,1701273643027,20876.8,0.2348
IOTAUSDT,SELL,LIMIT,1701273648072,17702.7,0.2341
IOTAUSDT,SELL,LIMIT,1701273650854,1127.7,0.2338
IOTAUSDT,SELL,LIMIT,1701273652057,497.7,0.2333
IOTAUSDT,SELL,LIMIT,1701273653191,534.8,0.2326
IOTAUSDT,SELL,LIMIT,1701273654195,1714.6,0.2330
IOTAUSDT,SELL,LIMIT,1701273656165,250.0,0.2312
IOTAUSDT,SELL,LIMIT,1701273658371,559.9,0.2309
IOTAUSDT,SELL,LIMIT,1701273659513,20981.9,0.2302
IOTAUSDT,BUY,LIMIT,1701273670038,2153.3,0.2380
IOTAUSDT,BUY,LIMIT,1701273673700,1712.8,0.2381
IOTAUSDT,SELL,LIMIT,1701273685406,172.2,0.2298
IOTAUSDT,SELL,LIMIT,1701273687236,23.0,0.2296
IOTAUSDT,SELL,LIMIT,1701273688263,27.7,0.2294
IOTAUSDT,SELL,LIMIT,1701273689681,10448.8,0.2290
IOTAUSDT,SELL,LIMIT,1701273690779,515.5,0.2290
IOTAUSDT,SELL,LIMIT,1701273694444,254.7,0.2285
IOTAUSDT,SELL,LIMIT,1701273695486,805.8,0.2277
IOTAUSDT,SELL,LIMIT,1701273697185,710.7,0.2271
IOTAUSDT,SELL,LIMIT,1701273698438,23.2,0.2273
IOTAUSDT,BUY,LIMIT,1701273708912,114.8,0.2354
IOTAUSDT,BUY,LIMIT,1701273712958,15031.6,0.2358
IOTAUSDT,BUY,LIMIT,1701273714072,646.8,0.2362
IOTAUSDT,BUY,LIMIT,1701273715188,1084.5,0.2365
IOTAUSDT,BUY,LIMIT,1701273717353,438.6,0.2367
IOTAUSDT,BUY,LIMIT,1701273719464,20057.4,0.2368
IOTAUSDT,BUY,LIMIT,1701273735795,1396.8,0.2369
IOTAUSDT,SELL,LIMIT,1701273761093,471.2,0.2282
IOTAUSDT,SELL,LIMIT,1701273763419,3434.4,0.2279
IOTAUSDT,SELL,LIMIT,1701273765391,255.7,0.2274
IOTAUSDT,SELL,LIMIT,1701273769046,123.6,0.2270
IOTAUSDT,BUY,LIMIT,1701273776457,3657.1,0.2347
IOTAUSDT,SELL,LIMIT,1701273825218,2691.7,0.2279
IOTAUSDT,BUY,LIMIT,1701273857750,279.3,0.2351
IOTAUSDT,BUY,LIMIT,1701273914097,216.4,0.2356
IOTAUSDT,BUY,LIMIT,1701273915109,10808.4,0.2357
IOTAUSDT,BUY,LIMIT,1701273916459,43.1,0.2361
IOTAUSDT,SELL,LIMIT,1701273960079,5631.5,0.2271
IOTAUSDT,SELL,LIMIT,1701273961537,458.0,0.2269
IOTAUSDT,BUY,LIMIT,1701273991292,5890.7,0.2353
IOTAUSDT,BUY,LIMIT,1701273992521,2204.2,0.2357
IOTAUSDT,BUY,LIMIT,1701273999233,1269.1,0.2360
IOTAUSDT,BUY,LIMIT,1701274000237,4151.0,0.2365
IOTAUSDT,BUY,LIMIT,1701274001398,1740.3,0.2365
IOTAUSDT,BUY,LIMIT,1701274002579,3853.6,0.2366
IOTAUSDT,BUY,LIMIT,1701274003858,460.7,0.2367
IOTAUSDT,BUY,LIMIT,1701274005112,557.2,0.2369
IOTAUSDT,BUY,LIMIT,1701274006557,1382.8,0.2370
IOTAUSDT,BUY,LIMIT,1701274020116,398.2,0.2371
IOTAUSDT,BUY,LIMIT,1701274034515,113.9,0.2372
IOTAUSDT,BUY,LIMIT,1701274041427,33.6,0.2375
IOTAUSDT,BUY,LIMIT,1701274044998,512.4,0.2377
IOTAUSDT,BUY,LIMIT,1701274046022,239.9,0.2377
IOTAUSDT,BUY,LIMIT,1701274047096,571.2,0.2379
IOTAUSDT,BUY,LIMIT,1701274048098,9598.2,0.2379
IOTAUSDT,BUY,LIMIT,1701274090767,615.1,0.2374
IOTAUSDT,BUY,LIMIT,1701274215374,212.3,0.2364
IOTAUSDT,SELL,LIMIT,1701274253863,2493.2,0.2283
IOTAUSDT,SELL,LIMIT,1701274255079,296.9,0.2281
IOTAUSDT,BUY,LIMIT,1701274337912,1212.0,0.2361
IOTAUSDT,BUY,LIMIT,1701274339047,1144.4,0.2366
IOTAUSDT,BUY,LIMIT,1701274340110,9658.7,0.2366
IOTAUSDT,BUY,LIMIT,1701274390388,990.8,0.2370
IOTAUSDT,BUY,LIMIT,1701274391935,4977.3,0.2372
IOTAUSDT,BUY,LIMIT,1701274392980,1218.9,0.2375
IOTAUSDT,BUY,LIMIT,1701274394075,17048.3,0.2380
IOTAUSDT,BUY,LIMIT,1701274402273,3904.4,0.2381
IOTAUSDT,BUY,LIMIT,1701274406212,3033.9,0.2381
IOTAUSDT,BUY,LIMIT,1701274513099,2156.2,0.2382
IOTAUSDT,BUY,LIMIT,1701274514280,8628.1,0.2383
IOTAUSDT,BUY,LIMIT,1701274518269,179.1,0.2387
IOTAUSDT,BUY,LIMIT,1701274519422,1705.7,0.2391
IOTAUSDT,BUY,LIMIT,1701274521060,1554.9,0.2395
IOTAUSDT,BUY,LIMIT,1701274522067,38.5,0.2393
IOTAUSDT,BUY,LIMIT,1701274523093,755.7,0.2396
IOTAUSDT,BUY,LIMIT,1701274524634,1506.6,0.2399
IOTAUSDT,BUY,LIMIT,1701274525779,737.4,0.2402
IOTAUSDT,BUY,LIMIT,1701274545237,3625.7,0.2384
IOTAUSDT,SELL,LIMIT,1701274546322,230.2,0.2331
IOTAUSDT,SELL,LIMIT,1701274609420,437.7,0.2316
IOTAUSDT,BUY,LIMIT,1701274629222,1971.8,0.2395
IOTAUSDT,BUY,LIMIT,1701274631603,352.4,0.2399
IOTAUSDT,SELL,LIMIT,1701274724177,79.3,0.2310
IOTAUSDT,SELL,LIMIT,1701274726523,616.3,0.2309
IOTAUSDT,SELL,LIMIT,1701274796495,39.5,0.2308
IOTAUSDT,SELL,LIMIT,1701274856797,55.0,0.2307
IOTAUSDT,SELL,LIMIT,1701274858259,9184.7,0.2301
IOTAUSDT,SELL,LIMIT,1701274859365,299.2,0.2301
IOTAUSDT,SELL,LIMIT,1701274866004,22.3,0.2297
IOTAUSDT,SELL,LIMIT,1701274887979,20405.1,0.2293
IOTAUSDT,SELL,LIMIT,1701274908628,578.0,0.2289
IOTAUSDT,SELL,LIMIT,1701274910180,2309.1,0.2287
IOTAUSDT,BUY,LIMIT,1701274936184,384.4,0.2372
IOTAUSDT,BUY,LIMIT,1701274941081,96.6,0.2375
IOTAUSDT,BUY,LIMIT,1701274942924,2145.9,0.2376
IOTAUSDT,BUY,LIMIT,1701274972636,210.7,0.2380
IOTAUSDT,BUY,LIMIT,1701274988083,81.2,0.2380
IOTAUSDT,BUY,LIMIT,1701274994887,4142.2,0.2385
IOTAUSDT,SELL,LIMIT,1701275108946,101.7,0.2302
IOTAUSDT,SELL,LIMIT,1701275112263,387.3,0.2302
IOTAUSDT,BUY,LIMIT,1701275177165,25.7,0.2381
IOTAUSDT,SELL,LIMIT,1701275212675,3303.4,0.2298
IOTAUSDT,SELL,LIMIT,1701275213864,4034.1,0.2292
IOTAUSDT,SELL,LIMIT,1701275215711,959.0,0.2290
IOTAUSDT,BUY,LIMIT,1701275292055,17016.4,0.2375
IOTAUSDT,BUY,LIMIT,1701275296341,1502.1,0.2376
IOTAUSDT,BUY,LIMIT,1701275300357,318.3,0.2376
IOTAUSDT,BUY,LIMIT,1701275349635,538.2,0.2381
IOTAUSDT,BUY,LIMIT,1701275352689,17174.7,0.2385
IOTAUSDT,BUY,LIMIT,1701275355382,2253.9,0.2385
IOTAUSDT,BUY,LIMIT,1701275416799,2125.0,0.2383
IOTAUSDT,BUY,LIMIT,1701275418382,213.8,0.2384
IOTAUSDT,BUY,LIMIT,1701275421877,313.6,0.2384
IOTAUSDT,SELL,LIMIT,1701275629088,100.1,0.2292
IOTAUSDT,SELL,LIMIT,1701275630100,1043.5,0.2293
IOTAUSDT,SELL,LIMIT,1701275631149,220.1,0.2291
IOTAUSDT,SELL,LIMIT,1701275632252,4765.1,0.2284
IOTAUSDT,SELL,LIMIT,1701275633311,1303.1,0.2287
IOTAUSDT,SELL,LIMIT,1701275798175,366.3,0.2325
IOTAUSDT,SELL,LIMIT,1701275822510,648.4,0.2285
IOTAUSDT,SELL,LIMIT,1701275825261,192.6,0.2283
IOTAUSDT,SELL,LIMIT,1701275826331,3370.5,0.2284
IOTAUSDT,SELL,LIMIT,1701275832394,3005.1,0.2281
IOTAUSDT,SELL,LIMIT,1701275833705,700.0,0.2281
IOTAUSDT,SELL,LIMIT,1701275839412,2330.8,0.2279
IOTAUSDT,SELL,LIMIT,1701275840418,22.1,0.2276
IOTAUSDT,BUY,LIMIT,1701275886452,2000.0,0.2356
IOTAUSDT,BUY,LIMIT,1701275889810,222.6,0.2358
IOTAUSDT,SELL,LIMIT,1701275986919,946.4,0.2280
IOTAUSDT,SELL,LIMIT,1701275989996,89.6,0.2276
IOTAUSDT,BUY,LIMIT,1701276021604,353.2,0.2356
IOTAUSDT,BUY,LIMIT,1701276042189,546.0,0.2358
IOTAUSDT,BUY,LIMIT,1701276043400,249.9,0.2361
IOTAUSDT,BUY,LIMIT,1701276045683,753.6,0.2361
IOTAUSDT,BUY,LIMIT,1701276114200,76.1,0.2359
IOTAUSDT,BUY,LIMIT,1701276162435,215.6,0.2363
IOTAUSDT,BUY,LIMIT,1701276165145,7144.5,0.2364
IOTAUSDT,BUY,LIMIT,1701276174449,1456.8,0.2366
IOTAUSDT,BUY,LIMIT,1701276176326,429.2,0.2367
IOTAUSDT,BUY,LIMIT,1701276177415,709.3,0.2368
IOTAUSDT,BUY,LIMIT,1701276178634,231.5,0.2371
IOTAUSDT,BUY,LIMIT,1701276179646,269.6,0.2371
IOTAUSDT,BUY,LIMIT,1701276180957,202.7,0.2375
IOTAUSDT,BUY,LIMIT,1701276183253,2835.6,0.2376
IOTAUSDT,BUY,LIMIT,1701276186052,24.4,0.2377
IOTAUSDT,BUY,LIMIT,1701276187184,218.5,0.2377
IOTAUSDT,BUY,LIMIT,1701276190480,4408.5,0.2382
IOTAUSDT,BUY,LIMIT,1701276205159,572.0,0.2387
IOTAUSDT,BUY,LIMIT,1701276206176,5341.8,0.2386
IOTAUSDT,BUY,LIMIT,1701276207373,15078.6,0.2390
IOTAUSDT,BUY,LIMIT,1701276243094,275.8,0.2392
IOTAUSDT,BUY,LIMIT,1701276251098,10270.1,0.2392
IOTAUSDT,BUY,LIMIT,1701276253229,594.1,0.2395
IOTAUSDT,BUY,LIMIT,1701276369335,330.0,0.2386
IOTAUSDT,BUY,LIMIT,1701276378457,15035.0,0.2390
IOTAUSDT,BUY,LIMIT,1701276386080,21299.7,0.2396
IOTAUSDT,BUY,LIMIT,1701276388397,1063.8,0.2396
IOTAUSDT,BUY,LIMIT,1701276390072,939.3,0.2398
IOTAUSDT,BUY,LIMIT,1701276391091,1755.6,0.2398
IOTAUSDT,BUY,LIMIT,1701276393081,35.4,0.2401
IOTAUSDT,BUY,LIMIT,1701276394133,5071.1,0.2404
IOTAUSDT,BUY,LIMIT,1701276395329,680.7,0.2406
IOTAUSDT,BUY,LIMIT,1701276396380,1061.4,0.2408
IOTAUSDT,BUY,LIMIT,1701276413047,711.5,0.2410
IOTAUSDT,BUY,LIMIT,1701276414067,10037.0,0.2412
IOTAUSDT,BUY,LIMIT,1701276415228,3612.7,0.2413
IOTAUSDT,BUY,LIMIT,1701276497041,4032.2,0.2405
IOTAUSDT,SELL,LIMIT,1701276570334,346.1,0.2324
IOTAUSDT,SELL,LIMIT,1701276574051,1017.9,0.2322
IOTAUSDT,SELL,LIMIT,1701276581009,2220.7,0.2320
IOTAUSDT,BUY,LIMIT,1701276618253,145.2,0.2402
IOTAUSDT,BUY,LIMIT,1701276620615,1057.9,0.2405
IOTAUSDT,BUY,LIMIT,1701276736901,1180.8,0.2406
IOTAUSDT,BUY,LIMIT,1701276742175,5924.6,0.2409
IOTAUSDT,BUY,LIMIT,1701276747293,38.1,0.2413
IOTAUSDT,BUY,LIMIT,1701276748366,52.2,0.2412
IOTAUSDT,BUY,LIMIT,1701276750193,1860.1,0.2414
IOTAUSDT,BUY,LIMIT,1701276790481,83.3,0.2415
IOTAUSDT,BUY,LIMIT,1701276792095,1970.6,0.2415
IOTAUSDT,BUY,LIMIT,1701276795752,566.1,0.2416
IOTAUSDT,BUY,LIMIT,1701276797092,255.7,0.2417
IOTAUSDT,BUY,LIMIT,1701276798127,517.8,0.2419
IOTAUSDT,BUY,LIMIT,1701276799370,1264.7,0.2421
IOTAUSDT,BUY,LIMIT,1701276800401,945.8,0.2424
IOTAUSDT,BUY,LIMIT,1701276801419,1415.8,0.2423
IOTAUSDT,BUY,LIMIT,1701276811067,604.3,0.2427
IOTAUSDT,BUY,LIMIT,1701276812091,613.5,0.2432
IOTAUSDT,BUY,LIMIT,1701276813133,1780.7,0.2431
IOTAUSDT,BUY,LIMIT,1701276814146,821.2,0.2434
IOTAUSDT,SELL,LIMIT,1701276849689,30.7,0.2347
IOTAUSDT,BUY,LIMIT,1701276888225,8866.8,0.2426
IOTAUSDT,SELL,LIMIT,1701276950613,386.5,0.2339
IOTAUSDT,SELL,LIMIT,1701276976346,1729.0,0.2338
IOTAUSDT,SELL,LIMIT,1701277049933,1405.8,0.2334
IOTAUSDT,SELL,LIMIT,1701277055249,681.2,0.2332
IOTAUSDT,SELL,LIMIT,1701277056401,40.8,0.2331
IOTAUSDT,SELL,LIMIT,1701277058490,14727.0,0.2330
IOTAUSDT,SELL,LIMIT,1701277062452,432.0,0.2329
IOTAUSDT,SELL,LIMIT,1701277074116,52.8,0.2326
IOTAUSDT,BUY,LIMIT,1701277137043,5924.6,0.2408
IOTAUSDT,BUY,LIMIT,1701277140056,1553.5,0.2410
IOTAUSDT,SELL,LIMIT,1701277253078,7092.7,0.2335
IOTAUSDT,SELL,LIMIT,1701277297885,21070.3,0.2326
IOTAUSDT,SELL,LIMIT,1701277302548,946.2,0.2326
IOTAUSDT,SELL,LIMIT,1701277304490,2678.4,0.2325
IOTAUSDT,SELL,LIMIT,1701277305855,380.9,0.2323
IOTAUSDT,SELL,LIMIT,1701277309877,3558.1,0.2320
IOTAUSDT,SELL,LIMIT,1701277311392,1788.2,0.2318
IOTAUSDT,SELL,LIMIT,1701277327205,296.4,0.2315
IOTAUSDT,SELL,LIMIT,1701277336199,2712.4,0.2313
IOTAUSDT,SELL,LIMIT,1701277340156,67.9,0.2313
IOTAUSDT,SELL,LIMIT,1701277343932,311.5,0.2309
IOTAUSDT,SELL,LIMIT,1701277348170,21064.4,0.2304
IOTAUSDT,SELL,LIMIT,1701277349309,85.6,0.2301
IOTAUSDT,SELL,LIMIT,1701277352494,1323.7,0.2301
IOTAUSDT,BUY,LIMIT,1701277387920,639.3,0.2383
IOTAUSDT,BUY,LIMIT,1701277390375,157.9,0.2386
IOTAUSDT,BUY,LIMIT,1701277454889,123.6,0.2387
IOTAUSDT,BUY,LIMIT,1701277496758,1247.3,0.2389
IOTAUSDT,BUY,LIMIT,1701277606434,1278.7,0.2392
IOTAUSDT,BUY,LIMIT,1701277609733,509.8,0.2393
IOTAUSDT,BUY,LIMIT,1701277611493,13637.2,0.2394
IOTAUSDT,SELL,LIMIT,1701277672532,17949.5,0.2311
IOTAUSDT,SELL,LIMIT,1701277685414,938.5,0.2309
IOTAUSDT,SELL,LIMIT,1701277699010,1763.7,0.2306
IOTAUSDT,SELL,LIMIT,1701277734549,404.2,0.2305
IOTAUSDT,BUY,LIMIT,1701277797610,2825.8,0.2384
IOTAUSDT,BUY,LIMIT,1701277804574,4370.9,0.2386
IOTAUSDT,BUY,LIMIT,1701277805627,24.8,0.2387
IOTAUSDT,BUY,LIMIT,1701277807622,8939.8,0.2387
IOTAUSDT,BUY,LIMIT,1701277809214,702.6,0.2388
IOTAUSDT,SELL,LIMIT,1701277983880,351.6,0.2304
IOTAUSDT,SELL,LIMIT,1701277997050,4254.6,0.2302
IOTAUSDT,SELL,LIMIT,1701278049719,407.0,0.2316
IOTAUSDT,SELL,LIMIT,1701278123475,1063.2,0.2301
IOTAUSDT,SELL,LIMIT,1701278124587,2343.0,0.2299
IOTAUSDT,SELL,LIMIT,1701278128247,478.7,0.2297
IOTAUSDT,SELL,LIMIT,1701278129754,346.7,0.2297
IOTAUSDT,SELL,LIMIT,1701278131332,618.7,0.2296
IOTAUSDT,SELL,LIMIT,1701278132413,911.4,0.2294
IOTAUSDT,BUY,LIMIT,1701278170654,11450.0,0.2373
IOTAUSDT,BUY,LIMIT,1701278220105,170.6,0.2375
IOTAUSDT,BUY,LIMIT,1701278224157,4291.8,0.2376
IOTAUSDT,BUY,LIMIT,1701278379838,834.0,0.2383
IOTAUSDT,BUY,LIMIT,1701278402445,5021.6,0.2384
IOTAUSDT,BUY,LIMIT,1701278403965,855.0,0.2385
IOTAUSDT,BUY,LIMIT,1701278405287,2411.8,0.2387
IOTAUSDT,BUY,LIMIT,1701278408834,1067.9,0.2388
IOTAUSDT,SELL,LIMIT,1701278535086,2106.1,0.2302
IOTAUSDT,SELL,LIMIT,1701278536244,206.5,0.2301
IOTAUSDT,SELL,LIMIT,1701278537788,210.9,0.2299
IOTAUSDT,SELL,LIMIT,1701278551717,61.9,0.2297
IOTAUSDT,SELL,LIMIT,1701278552751,161.0,0.2295
IOTAUSDT,SELL,LIMIT,1701278561964,623.3,0.2292
IOTAUSDT,BUY,LIMIT,1701278677120,10288.0,0.2376
IOTAUSDT,BUY,LIMIT,1701278678173,1285.3,0.2376
IOTAUSDT,BUY,LIMIT,1701278679812,69.4,0.2378
IOTAUSDT,BUY,LIMIT,1701278694778,41.3,0.2378
IOTAUSDT,BUY,LIMIT,1701278696196,2334.0,0.2380
IOTAUSDT,BUY,LIMIT,1701278698064,854.7,0.2386
IOTAUSDT,BUY,LIMIT,1701278699184,45.7,0.2382
IOTAUSDT,BUY,LIMIT,1701278708481,2143.2,0.2391
IOTAUSDT,BUY,LIMIT,1701278710301,170.4,0.2392
IOTAUSDT,BUY,LIMIT,1701278711457,1271.1,0.2392
IOTAUSDT,BUY,LIMIT,1701278713573,439.3,0.2393
IOTAUSDT,BUY,LIMIT,1701278715781,903.0,0.2394
IOTAUSDT,BUY,LIMIT,1701278720098,178.0,0.2395
IOTAUSDT,BUY,LIMIT,1701278891421,617.8,0.2389
IOTAUSDT,BUY,LIMIT,1701278899930,770.4,0.2390
IOTAUSDT,SELL,LIMIT,1701278958152,238.6,0.2307
IOTAUSDT,SELL,LIMIT,1701278959156,1051.7,0.2306
IOTAUSDT,SELL,LIMIT,1701279127938,1019.9,0.2302
IOTAUSDT,SELL,LIMIT,1701279129157,25.7,0.2301
IOTAUSDT,SELL,LIMIT,1701279133554,53.5,0.2298
IOTAUSDT,SELL,LIMIT,1701279144387,13826.2,0.2296
IOTAUSDT,BUY,LIMIT,1701279189424,470.3,0.2377
IOTAUSDT,BUY,LIMIT,1701279329311,4502.8,0.2378
IOTAUSDT,BUY,LIMIT,1701279393276,413.6,0.2382
IOTAUSDT,BUY,LIMIT,1701279409200,134.9,0.2384
IOTAUSDT,SELL,LIMIT,1701279436225,0.1,0.2306
IOTAUSDT,SELL,LIMIT,1701279737837,4181.0,0.2299
IOTAUSDT,SELL,LIMIT,1701279751036,150.7,0.2297
IOTAUSDT,SELL,LIMIT,1701279776444,42.4,0.2294
IOTAUSDT,BUY,LIMIT,1701279811862,1212.7,0.2376
IOTAUSDT,SELL,LIMIT,1701279961040,301.0,0.2296
IOTAUSDT,SELL,LIMIT,1701280011241,85.8,0.2292
IOTAUSDT,BUY,LIMIT,1701280043157,27.6,0.2291
IOTAUSDT,BUY,LIMIT,1701280305144,23.8,0.2374
IOTAUSDT,BUY,LIMIT,1701280501111,1542.1,0.2375
IOTAUSDT,BUY,LIMIT,1701280504045,21477.6,0.2377
IOTAUSDT,BUY,LIMIT,1701280505733,321.9,0.2379
IOTAUSDT,BUY,LIMIT,1701280508380,80.0,0.2383
IOTAUSDT,BUY,LIMIT,1701280708361,2328.3,0.2383
IOTAUSDT,BUY,LIMIT,1701280725463,2646.1,0.2385
IOTAUSDT,BUY,LIMIT,1701280728498,40.8,0.2386
IOTAUSDT,BUY,LIMIT,1701280730657,2829.9,0.2388
IOTAUSDT,BUY,LIMIT,1701280733372,211.8,0.2390
IOTAUSDT,BUY,LIMIT,1701280737409,2214.2,0.2391
IOTAUSDT,BUY,LIMIT,1701280802713,251.9,0.2392
IOTAUSDT,BUY,LIMIT,1701280803915,2581.3,0.2393
IOTAUSDT,BUY,LIMIT,1701280806159,2290.5,0.2394
IOTAUSDT,BUY,LIMIT,1701280807289,892.8,0.2398
IOTAUSDT,BUY,LIMIT,1701280808549,1067.6,0.2402
IOTAUSDT,BUY,LIMIT,1701280809863,1778.0,0.2405
IOTAUSDT,BUY,LIMIT,1701280822037,5175.9,0.2406
IOTAUSDT,BUY,LIMIT,1701280859031,4076.8,0.2410
IOTAUSDT,BUY,LIMIT,1701280860226,3277.5,0.2412
IOTAUSDT,BUY,LIMIT,1701280865039,2545.9,0.2416
IOTAUSDT,BUY,LIMIT,1701280866050,499.4,0.2421
IOTAUSDT,BUY,LIMIT,1701280868008,84.7,0.2422
IOTAUSDT,BUY,LIMIT,1701280952475,711.2,0.2421
IOTAUSDT,BUY,LIMIT,1701281017526,150.0,0.2424
IOTAUSDT,BUY,LIMIT,1701281022240,44.1,0.2425
IOTAUSDT,BUY,LIMIT,1701281024266,128.7,0.2426
IOTAUSDT,BUY,LIMIT,1701281026479,571.1,0.2426
IOTAUSDT,BUY,LIMIT,1701281178215,2240.3,0.2425
IOTAUSDT,BUY,LIMIT,1701281179635,3950.7,0.2422
IOTAUSDT,BUY,LIMIT,1701281180650,990.2,0.2429
IOTAUSDT,BUY,LIMIT,1701281181656,787.9,0.2441
IOTAUSDT,BUY,LIMIT,1701281182684,1013.7,0.2449
IOTAUSDT,BUY,LIMIT,1701281183688,85.1,0.2459
IOTAUSDT,BUY,LIMIT,1701281184795,2067.1,0.2463
IOTAUSDT,SELL,LIMIT,1701281186593,20593.0,0.2380
IOTAUSDT,SELL,LIMIT,1701281198035,516.4,0.2371
IOTAUSDT,BUY,LIMIT,1701281205197,85.5,0.2450
IOTAUSDT,BUY,LIMIT,1701281206768,13467.9,0.2456
IOTAUSDT,BUY,LIMIT,1701281224083,2728.0,0.2464
IOTAUSDT,BUY,LIMIT,1701281225087,50.9,0.2465
IOTAUSDT,BUY,LIMIT,1701281226094,4029.5,0.2467
IOTAUSDT,BUY,LIMIT,1701281227136,5798.1,0.2468
IOTAUSDT,BUY,LIMIT,1701281228168,651.2,0.2471
IOTAUSDT,BUY,LIMIT,1701281229171,2210.4,0.2472
IOTAUSDT,BUY,LIMIT,1701281230172,6131.7,0.2476
IOTAUSDT,BUY,LIMIT,1701281232059,9998.1,0.2487
IOTAUSDT,BUY,LIMIT,1701281233145,90.3,0.2487
IOTAUSDT,BUY,LIMIT,1701281302409,480.1,0.2474
IOTAUSDT,BUY,LIMIT,1701281345423,13339.5,0.2479
IOTAUSDT,BUY,LIMIT,1701281355059,859.6,0.2488
IOTAUSDT,BUY,LIMIT,1701281356059,419.6,0.2494
IOTAUSDT,BUY,LIMIT,1701281357062,2042.4,0.2496
IOTAUSDT,BUY,LIMIT,1701281358062,594.0,0.2501
IOTAUSDT,BUY,LIMIT,1701281359121,485.8,0.2500
IOTAUSDT,BUY,LIMIT,1701281361062,335.9,0.2503
IOTAUSDT,BUY,LIMIT,1701281371054,118.2,0.2504
IOTAUSDT,BUY,LIMIT,1701281372056,146.8,0.2507
IOTAUSDT,BUY,LIMIT,1701281373095,1101.8,0.2506
IOTAUSDT,BUY,LIMIT,1701281376104,84.4,0.2507
IOTAUSDT,BUY,LIMIT,1701281377132,81.9,0.2507
IOTAUSDT,BUY,LIMIT,1701281378164,2035.1,0.2509
IOTAUSDT,BUY,LIMIT,1701281379167,4104.5,0.2514
IOTAUSDT,BUY,LIMIT,1701281380458,7686.4,0.2514
IOTAUSDT,BUY,LIMIT,1701281385383,1389.6,0.2514
IOTAUSDT,BUY,LIMIT,1701281410308,158.6,0.2509
IOTAUSDT,BUY,LIMIT,1701281412632,82.8,0.2510
IOTAUSDT,BUY,LIMIT,1701281416072,715.9,0.2514
IOTAUSDT,BUY,LIMIT,1701281417095,185.1,0.2516
IOTAUSDT,BUY,LIMIT,1701281418185,109027.4,0.2544
IOTAUSDT,BUY,LIMIT,1701281421697,36.5,0.2520
IOTAUSDT,BUY,LIMIT,1701281422735,4778.8,0.2523
IOTAUSDT,BUY,LIMIT,1701281423755,1340.3,0.2525
IOTAUSDT,BUY,LIMIT,1701281425049,230.5,0.2525
IOTAUSDT,BUY,LIMIT,1701281426171,63.9,0.2525
IOTAUSDT,BUY,LIMIT,1701281427233,6456.8,0.2527
IOTAUSDT,BUY,LIMIT,1701281431137,9659.4,0.2526
IOTAUSDT,SELL,LIMIT,1701281470222,28.2,0.2432
IOTAUSDT,SELL,LIMIT,1701281485506,1500.9,0.2428
IOTAUSDT,SELL,LIMIT,1701281487342,1687.3,0.2427
IOTAUSDT,SELL,LIMIT,1701281488552,2258.0,0.2419
IOTAUSDT,SELL,LIMIT,1701281489657,45.1,0.2417
IOTAUSDT,SELL,LIMIT,1701281490947,11894.4,0.2415
IOTAUSDT,SELL,LIMIT,1701281492719,9174.8,0.2414
IOTAUSDT,BUY,LIMIT,1701281511809,55.0,0.2497
IOTAUSDT,BUY,LIMIT,1701281513389,730.6,0.2498
IOTAUSDT,BUY,LIMIT,1701281514784,4610.6,0.2502
IOTAUSDT,BUY,LIMIT,1701281517368,7808.5,0.2502
IOTAUSDT,BUY,LIMIT,1701281519062,328.6,0.2506
IOTAUSDT,BUY,LIMIT,1701281521913,325.7,0.2511
IOTAUSDT,BUY,LIMIT,1701281533224,5046.7,0.2512
IOTAUSDT,BUY,LIMIT,1701281537280,61.8,0.2514
IOTAUSDT,BUY,LIMIT,1701281538351,277.4,0.2515
IOTAUSDT,BUY,LIMIT,1701281539977,197.6,0.2518
IOTAUSDT,BUY,LIMIT,1701281543118,26.1,0.2520
IOTAUSDT,BUY,LIMIT,1701281546463,2004.0,0.2523
IOTAUSDT,BUY,LIMIT,1701281547677,2767.9,0.2524
IOTAUSDT,BUY,LIMIT,1701281550898,111.8,0.2524
IOTAUSDT,SELL,LIMIT,1701281574272,1248.1,0.2433
IOTAUSDT,SELL,LIMIT,1701281575473,551.9,0.2433
IOTAUSDT,BUY,LIMIT,1701281596026,207.9,0.2517
IOTAUSDT,SELL,LIMIT,1701281677134,1199.6,0.2431
IOTAUSDT,BUY,LIMIT,1701281711234,1516.6,0.2517
IOTAUSDT,BUY,LIMIT,1701281712327,910.4,0.2519
IOTAUSDT,BUY,LIMIT,1701281713832,1210.1,0.2520
IOTAUSDT,SELL,LIMIT,1701281740358,190.7,0.2436
IOTAUSDT,SELL,LIMIT,1701281747183,132.5,0.2434
IOTAUSDT,SELL,LIMIT,1701281750468,44.7,0.2431
IOTAUSDT,SELL,LIMIT,1701281752057,974.1,0.2429
IOTAUSDT,SELL,LIMIT,1701281754092,14181.5,0.2420
IOTAUSDT,SELL,LIMIT,1701281763532,815.6,0.2417
IOTAUSDT,SELL,LIMIT,1701281789360,754.8,0.2417
IOTAUSDT,SELL,LIMIT,1701281791301,54.3,0.2414
IOTAUSDT,BUY,LIMIT,1701281819199,3024.6,0.2497
IOTAUSDT,BUY,LIMIT,1701281820275,5598.9,0.2498
IOTAUSDT,SELL,LIMIT,1701281856365,131.0,0.2412
IOTAUSDT,SELL,LIMIT,1701281857733,6996.8,0.2410
IOTAUSDT,SELL,LIMIT,1701281860729,3239.8,0.2409
IOTAUSDT,BUY,LIMIT,1701281872794,1355.0,0.2493
IOTAUSDT,BUY,LIMIT,1701281975560,63.5,0.2496
IOTAUSDT,BUY,LIMIT,1701281988728,15312.3,0.2496
IOTAUSDT,BUY,LIMIT,1701281990074,1341.0,0.2498
IOTAUSDT,BUY,LIMIT,1701281991237,4029.6,0.2503
IOTAUSDT,BUY,LIMIT,1701281997458,170.5,0.2504
IOTAUSDT,BUY,LIMIT,1701282040424,1488.1,0.2505
IOTAUSDT,BUY,LIMIT,1701282041995,131.9,0.2506
IOTAUSDT,BUY,LIMIT,1701282043065,1114.7,0.2511
IOTAUSDT,BUY,LIMIT,1701282044386,4298.3,0.2510
IOTAUSDT,BUY,LIMIT,1701282063021,2407.5,0.2512
IOTAUSDT,BUY,LIMIT,1701282066359,258.4,0.2512
IOTAUSDT,BUY,LIMIT,1701282068812,36.2,0.2513
IOTAUSDT,BUY,LIMIT,1701282100229,1467.1,0.2512
IOTAUSDT,BUY,LIMIT,1701282113106,5271.6,0.2514
IOTAUSDT,BUY,LIMIT,1701282114153,1327.6,0.2514
IOTAUSDT,BUY,LIMIT,1701282115338,20179.3,0.2517
IOTAUSDT,BUY,LIMIT,1701282164372,560.5,0.2493
IOTAUSDT,BUY,LIMIT,1701282166318,212.2,0.2425
IOTAUSDT,BUY,LIMIT,1701282167376,2326.4,0.2489
IOTAUSDT,BUY,LIMIT,1701282170386,466.8,0.2496
IOTAUSDT,BUY,LIMIT,1701282173366,1032.6,0.2506
IOTAUSDT,BUY,LIMIT,1701282174387,840.5,0.2504
IOTAUSDT,SELL,LIMIT,1701282178062,1778.9,0.2425
IOTAUSDT,SELL,LIMIT,1701282180342,829.7,0.2423
IOTAUSDT,BUY,LIMIT,1701282187667,521.8,0.2495
IOTAUSDT,SELL,LIMIT,1701282193549,51.1,0.2421
IOTAUSDT,SELL,LIMIT,1701282195045,2196.8,0.2418
IOTAUSDT,SELL,LIMIT,1701282196419,513.9,0.2417
IOTAUSDT,SELL,LIMIT,1701282211282,3944.5,0.2413
IOTAUSDT,BUY,LIMIT,1701282234362,1925.1,0.2494
IOTAUSDT,SELL,LIMIT,1701282339438,24.8,0.2408
IOTAUSDT,BUY,LIMIT,1701282456055,697.0,0.2496
IOTAUSDT,BUY,LIMIT,1701282638933,2494.3,0.2496
IOTAUSDT,BUY,LIMIT,1701282687590,46.9,0.2497
IOTAUSDT,BUY,LIMIT,1701282688804,9988.0,0.2499
IOTAUSDT,BUY,LIMIT,1701282690147,101.5,0.2503
IOTAUSDT,BUY,LIMIT,1701282756047,1430.0,0.2503
IOTAUSDT,BUY,LIMIT,1701282757155,20350.0,0.2504
IOTAUSDT,BUY,LIMIT,1701282758325,106.6,0.2503
IOTAUSDT,BUY,LIMIT,1701282759889,2335.8,0.2505
IOTAUSDT,BUY,LIMIT,1701282761315,98.3,0.2506
IOTAUSDT,BUY,LIMIT,1701282763363,4305.2,0.2509
IOTAUSDT,BUY,LIMIT,1701282766316,369.5,0.2511
IOTAUSDT,BUY,LIMIT,1701282767408,117.5,0.2512
IOTAUSDT,BUY,LIMIT,1701282777917,4199.7,0.2514
IOTAUSDT,BUY,LIMIT,1701282784060,257.7,0.2515
IOTAUSDT,BUY,LIMIT,1701282787060,397.5,0.2516
IOTAUSDT,BUY,LIMIT,1701282797221,460.9,0.2518
IOTAUSDT,BUY,LIMIT,1701282819151,1012.1,0.2518
IOTAUSDT,BUY,LIMIT,1701282821033,101.0,0.2519
IOTAUSDT,SELL,LIMIT,1701283000276,4036.7,0.2428
IOTAUSDT,SELL,LIMIT,1701283002491,5686.3,0.2427
IOTAUSDT,SELL,LIMIT,1701283012351,405.0,0.2426
IOTAUSDT,SELL,LIMIT,1701283046332,1465.6,0.2424
IOTAUSDT,SELL,LIMIT,1701283047497,4257.1,0.2424
IOTAUSDT,SELL,LIMIT,1701283053833,340.8,0.2421
IOTAUSDT,SELL,LIMIT,1701283113679,199.9,0.2418
IOTAUSDT,SELL,LIMIT,1701283146375,1944.0,0.2416
IOTAUSDT,SELL,LIMIT,1701283147623,170.8,0.2416
IOTAUSDT,SELL,LIMIT,1701283169722,81.6,0.2415
IOTAUSDT,SELL,LIMIT,1701283172183,10112.7,0.2415
IOTAUSDT,SELL,LIMIT,1701283184341,203.0,0.2412
IOTAUSDT,SELL,LIMIT,1701283203373,184.4,0.2412
IOTAUSDT,SELL,LIMIT,1701283205453,20333.4,0.2411
IOTAUSDT,SELL,LIMIT,1701283209096,5511.8,0.2409
IOTAUSDT,BUY,LIMIT,1701283270053,4084.4,0.2495
IOTAUSDT,SELL,LIMIT,1701283295117,205.5,0.2409
IOTAUSDT,SELL,LIMIT,1701283296392,672.7,0.2409
IOTAUSDT,SELL,LIMIT,1701283297439,6279.1,0.2408
IOTAUSDT,SELL,LIMIT,1701283298507,652.9,0.2405
IOTAUSDT,BUY,LIMIT,1701283522198,2249.4,0.2494
IOTAUSDT,BUY,LIMIT,1701283523652,1496.6,0.2498
IOTAUSDT,BUY,LIMIT,1701283525141,1020.6,0.2500
IOTAUSDT,BUY,LIMIT,1701283526326,1019.1,0.2500
IOTAUSDT,BUY,LIMIT,1701283530071,10824.4,0.2501
IOTAUSDT,BUY,LIMIT,1701283531156,4469.5,0.2503
IOTAUSDT,BUY,LIMIT,1701283535053,144.2,0.2505
IOTAUSDT,BUY,LIMIT,1701283537006,2035.0,0.2505
IOTAUSDT,BUY,LIMIT,1701283538107,84.0,0.2511
IOTAUSDT,BUY,LIMIT,1701283539975,2646.9,0.2515
IOTAUSDT,BUY,LIMIT,1701283546036,196.3,0.2517
IOTAUSDT,BUY,LIMIT,1701283548383,272.6,0.2519
IOTAUSDT,BUY,LIMIT,1701283560068,12248.7,0.2520
IOTAUSDT,BUY,LIMIT,1701283561190,407.4,0.2520
IOTAUSDT,BUY,LIMIT,1701283562727,410.0,0.2522
IOTAUSDT,BUY,LIMIT,1701283563747,515.6,0.2524
IOTAUSDT,BUY,LIMIT,1701283564933,70.3,0.2525
IOTAUSDT,BUY,LIMIT,1701283574259,108382.3,0.2545
IOTAUSDT,BUY,LIMIT,1701283608762,1293.2,0.2524
IOTAUSDT,BUY,LIMIT,1701283610312,67.5,0.2526
IOTAUSDT,BUY,LIMIT,1701283611315,1047.7,0.2531
IOTAUSDT,BUY,LIMIT,1701283612460,1612.9,0.2529
IOTAUSDT,BUY,LIMIT,1701283613518,130.9,0.2533
IOTAUSDT,BUY,LIMIT,1701283614535,3407.0,0.2535
IOTAUSDT,BUY,LIMIT,1701283615560,368.8,0.2541
IOTAUSDT,BUY,LIMIT,1701283616565,752.9,0.2549
IOTAUSDT,BUY,LIMIT,1701283617641,4286.5,0.2550
IOTAUSDT,BUY,LIMIT,1701283618680,43.5,0.2557
IOTAUSDT,BUY,LIMIT,1701283619700,52.3,0.2559
IOTAUSDT,SELL,LIMIT,1701283723317,1133.9,0.2460
IOTAUSDT,SELL,LIMIT,1701283724348,1365.7,0.2462
IOTAUSDT,SELL,LIMIT,1701283725983,1134.9,0.2457
IOTAUSDT,BUY,LIMIT,1701283747391,219.4,0.2543
IOTAUSDT,BUY,LIMIT,1701283753064,211.4,0.2549
IOTAUSDT,BUY,LIMIT,1701283755191,33.5,0.2555
IOTAUSDT,BUY,LIMIT,1701283756230,5003.5,0.2552
IOTAUSDT,BUY,LIMIT,1701283757517,20032.0,0.2557
IOTAUSDT,BUY,LIMIT,1701283759143,557.4,0.2561
IOTAUSDT,BUY,LIMIT,1701283760256,400.0,0.2562
IOTAUSDT,BUY,LIMIT,1701283761259,8050.7,0.2571
IOTAUSDT,BUY,LIMIT,1701283762223,1175.1,0.2569
IOTAUSDT,BUY,LIMIT,1701283763279,418.3,0.2578
IOTAUSDT,BUY,LIMIT,1701283764287,1074.6,0.2579
IOTAUSDT,BUY,LIMIT,1701283765303,841.3,0.2597
IOTAUSDT,BUY,LIMIT,1701283766312,105.3,0.2606
IOTAUSDT,BUY,LIMIT,1701283767316,388.3,0.2601
IOTAUSDT,BUY,LIMIT,1701283769664,4893.7,0.2613
IOTAUSDT,BUY,LIMIT,1701283774629,829.4,0.2603
IOTAUSDT,SELL,LIMIT,1701283782138,3852.2,0.2519
IOTAUSDT,BUY,LIMIT,1701283813198,721.1,0.2602
IOTAUSDT,BUY,LIMIT,1701283814198,700.0,0.2613
IOTAUSDT,BUY,LIMIT,1701283815256,2128.0,0.2613
IOTAUSDT,BUY,LIMIT,1701283818048,154.7,0.2620
IOTAUSDT,BUY,LIMIT,1701283820526,829.0,0.2618
IOTAUSDT,BUY,LIMIT,1701283829606,24000.0,0.2624
IOTAUSDT,BUY,LIMIT,1701283831077,643.3,0.2622
IOTAUSDT,BUY,LIMIT,1701283832094,1615.7,0.2623
IOTAUSDT,BUY,LIMIT,1701283833136,1134.6,0.2623
IOTAUSDT,BUY,LIMIT,1701283834173,918.8,0.2625
IOTAUSDT,BUY,LIMIT,1701283835175,41.3,0.2630
IOTAUSDT,BUY,LIMIT,1701283836183,831.4,0.2633
IOTAUSDT,BUY,LIMIT,1701283837207,10264.5,0.2644
IOTAUSDT,BUY,LIMIT,1701283839452,803.9,0.2637
IOTAUSDT,BUY,LIMIT,1701283840759,264.8,0.2639
IOTAUSDT,BUY,LIMIT,1701283842143,2323.3,0.2639
IOTAUSDT,BUY,LIMIT,1701283871078,762.0,0.2644
IOTAUSDT,BUY,LIMIT,1701283872084,998.1,0.2649
IOTAUSDT,BUY,LIMIT,1701283873090,14649.1,0.2648
IOTAUSDT,BUY,LIMIT,1701283874091,458.6,0.2658
IOTAUSDT,BUY,LIMIT,1701283875096,564.9,0.2662
IOTAUSDT,BUY,LIMIT,1701283876144,8456.6,0.2666
IOTAUSDT,BUY,LIMIT,1701283931138,7882.0,0.2654
IOTAUSDT,BUY,LIMIT,1701283932294,2712.4,0.2653
IOTAUSDT,SELL,LIMIT,1701283972197,75.3,0.2549
IOTAUSDT,SELL,LIMIT,1701283973360,958.8,0.2557
IOTAUSDT,SELL,LIMIT,1701283974562,218.2,0.2547
IOTAUSDT,BUY,LIMIT,1701283992804,2798.2,0.2629
IOTAUSDT,BUY,LIMIT,1701283994215,23.7,0.2632
IOTAUSDT,BUY,LIMIT,1701284001300,624.1,0.2644
IOTAUSDT,BUY,LIMIT,1701284003135,335.2,0.2646
IOTAUSDT,SELL,LIMIT,1701284072125,26.1,0.2554
IOTAUSDT,SELL,LIMIT,1701284194113,1228.9,0.2552
IOTAUSDT,SELL,LIMIT,1701284195136,593.7,0.2552
IOTAUSDT,SELL,LIMIT,1701284196475,12909.8,0.2549
IOTAUSDT,SELL,LIMIT,1701284198239,69.3,0.2548
IOTAUSDT,BUY,LIMIT,1701284327437,171.0,0.2637
IOTAUSDT,BUY,LIMIT,1701284328686,77.1,0.2641
IOTAUSDT,BUY,LIMIT,1701284368055,156.9,0.2645
IOTAUSDT,BUY,LIMIT,1701284403362,1926.0,0.2647
IOTAUSDT,BUY,LIMIT,1701284404484,962.2,0.2650
IOTAUSDT,BUY,LIMIT,1701284405699,38.4,0.2655
IOTAUSDT,BUY,LIMIT,1701284406942,36.2,0.2656
IOTAUSDT,BUY,LIMIT,1701284407988,4295.5,0.2661
IOTAUSDT,BUY,LIMIT,1701284412096,15938.9,0.2661
IOTAUSDT,BUY,LIMIT,1701284413167,268.1,0.2661
IOTAUSDT,BUY,LIMIT,1701284414912,64.5,0.2664
IOTAUSDT,BUY,LIMIT,1701284415955,1558.5,0.2666
IOTAUSDT,BUY,LIMIT,1701284418052,103.7,0.2671
IOTAUSDT,BUY,LIMIT,1701284419099,1878.4,0.2672
IOTAUSDT,BUY,LIMIT,1701284420274,764.5,0.2674
IOTAUSDT,BUY,LIMIT,1701284421281,7781.3,0.2677
IOTAUSDT,BUY,LIMIT,1701284422286,1722.7,0.2681
IOTAUSDT,BUY,LIMIT,1701284423305,34.4,0.2695
IOTAUSDT,BUY,LIMIT,1701284424307,1561.2,0.2703
IOTAUSDT,BUY,LIMIT,1701284425308,360.8,0.2701
IOTAUSDT,BUY,LIMIT,1701284426327,7126.7,0.2708
IOTAUSDT,BUY,LIMIT,1701284468094,250.0,0.2703
IOTAUSDT,BUY,LIMIT,1701284470261,7944.7,0.2703
IOTAUSDT,BUY,LIMIT,1701284471411,640.0,0.2708
IOTAUSDT,BUY,LIMIT,1701284472414,2305.6,0.2710
IOTAUSDT,BUY,LIMIT,1701284473458,2291.9,0.2716
IOTAUSDT,BUY,LIMIT,1701284474494,99.0,0.2717
IOTAUSDT,BUY,LIMIT,1701284475500,903.7,0.2724
IOTAUSDT,BUY,LIMIT,1701284479036,77.0,0.2726
IOTAUSDT,BUY,LIMIT,1701284488053,2239.3,0.2728
IOTAUSDT,BUY,LIMIT,1701284489082,495.0,0.2732
IOTAUSDT,BUY,LIMIT,1701284490112,998.9,0.2735
IOTAUSDT,BUY,LIMIT,1701284491116,19911.6,0.2741
IOTAUSDT,BUY,LIMIT,1701284492117,129.5,0.2746
IOTAUSDT,BUY,LIMIT,1701284493153,685.8,0.2748
IOTAUSDT,BUY,LIMIT,1701284500088,176.9,0.2753
IOTAUSDT,BUY,LIMIT,1701284501149,2899.1,0.2755
IOTAUSDT,BUY,LIMIT,1701284502154,218.1,0.2758
IOTAUSDT,BUY,LIMIT,1701284503204,190.5,0.2756
IOTAUSDT,BUY,LIMIT,1701284505986,777.9,0.2757
IOTAUSDT,BUY,LIMIT,1701284518053,19.9,0.2754
IOTAUSDT,SELL,LIMIT,1701284527459,184.1,0.2655
IOTAUSDT,SELL,LIMIT,1701284541141,69.1,0.2651
IOTAUSDT,SELL,LIMIT,1701284542502,1356.1,0.2650
IOTAUSDT,SELL,LIMIT,1701284544600,5225.3,0.2650
IOTAUSDT,SELL,LIMIT,1701284559303,30.2,0.2647
IOTAUSDT,BUY,LIMIT,1701284592122,3830.2,0.2735
IOTAUSDT,BUY,LIMIT,1701284598069,73.0,0.2742
IOTAUSDT,BUY,LIMIT,1701284599149,853.3,0.2742
IOTAUSDT,SELL,LIMIT,1701284643022,144.7,0.2640
IOTAUSDT,SELL,LIMIT,1701284644196,3525.2,0.2637
IOTAUSDT,SELL,LIMIT,1701284645417,2832.8,0.2638
IOTAUSDT,SELL,LIMIT,1701284649092,255.6,0.2630
IOTAUSDT,BUY,LIMIT,1701284661546,344.1,0.2728
IOTAUSDT,BUY,LIMIT,1701284663671,23.7,0.2731
IOTAUSDT,BUY,LIMIT,1701284678952,31.3,0.2733
IOTAUSDT,SELL,LIMIT,1701284703357,3770.1,0.2637
IOTAUSDT,SELL,LIMIT,1701284704566,185.9,0.2634
IOTAUSDT,SELL,LIMIT,1701284706691,4782.4,0.2631
IOTAUSDT,BUY,LIMIT,1701284715721,59.0,0.2729
IOTAUSDT,SELL,LIMIT,1701284721423,94.5,0.2645
IOTAUSDT,BUY,LIMIT,1701284727411,132.9,0.2738
IOTAUSDT,BUY,LIMIT,1701284733311,186.1,0.2740
IOTAUSDT,BUY,LIMIT,1701284734329,1790.2,0.2745
IOTAUSDT,BUY,LIMIT,1701284735406,37.1,0.2743
IOTAUSDT,BUY,LIMIT,1701284736416,74.7,0.2750
IOTAUSDT,BUY,LIMIT,1701284737491,495.3,0.2754
IOTAUSDT,BUY,LIMIT,1701284739493,17450.2,0.2753
IOTAUSDT,BUY,LIMIT,1701284745079,376.7,0.2757
IOTAUSDT,BUY,LIMIT,1701284746171,1870.5,0.2757
IOTAUSDT,BUY,LIMIT,1701284749286,3558.3,0.2758
IOTAUSDT,BUY,LIMIT,1701284763695,2736.5,0.2753
IOTAUSDT,SELL,LIMIT,1701284786358,85.4,0.2661
IOTAUSDT,SELL,LIMIT,1701284794131,3119.0,0.2658
IOTAUSDT,BUY,LIMIT,1701284832163,16687.4,0.2754
IOTAUSDT,BUY,LIMIT,1701284833250,497.5,0.2754
IOTAUSDT,BUY,LIMIT,1701284834297,3342.7,0.2759
IOTAUSDT,BUY,LIMIT,1701284835310,14312.0,0.2760
IOTAUSDT,BUY,LIMIT,1701284836318,431.6,0.2762
IOTAUSDT,BUY,LIMIT,1701284837334,2241.1,0.2769
IOTAUSDT,BUY,LIMIT,1701284839402,28187.0,0.2789
IOTAUSDT,SELL,LIMIT,1701284846764,1995.9,0.2683
IOTAUSDT,BUY,LIMIT,1701284851987,10248.6,0.2770
IOTAUSDT,BUY,LIMIT,1701284856090,7592.7,0.2776
IOTAUSDT,BUY,LIMIT,1701284877060,75.8,0.2788
IOTAUSDT,BUY,LIMIT,1701284878072,2408.0,0.2787
IOTAUSDT,BUY,LIMIT,1701284879073,2814.7,0.2795
IOTAUSDT,BUY,LIMIT,1701284880080,1808.8,0.2799
IOTAUSDT,BUY,LIMIT,1701284914381,1325.6,0.2788
IOTAUSDT,BUY,LIMIT,1701284916173,2922.6,0.2790
IOTAUSDT,BUY,LIMIT,1701284919046,3949.9,0.2794
IOTAUSDT,BUY,LIMIT,1701284920290,938.7,0.2793
IOTAUSDT,BUY,LIMIT,1701284922311,32.0,0.2794
IOTAUSDT,BUY,LIMIT,1701284923344,1826.8,0.2797
IOTAUSDT,BUY,LIMIT,1701284924379,981.2,0.2796
IOTAUSDT,BUY,LIMIT,1701284925403,1849.0,0.2802
IOTAUSDT,BUY,LIMIT,1701284926448,18436.5,0.2803
IOTAUSDT,BUY,LIMIT,1701284927460,1876.0,0.2808
IOTAUSDT,BUY,LIMIT,1701284928463,1583.2,0.2807
IOTAUSDT,BUY,LIMIT,1701284929476,129.7,0.2816
IOTAUSDT,BUY,LIMIT,1701284930487,857.2,0.2823
IOTAUSDT,BUY,LIMIT,1701284938493,74845.0,0.2842
IOTAUSDT,BUY,LIMIT,1701284939939,1816.1,0.2823
IOTAUSDT,BUY,LIMIT,1701284940974,1875.2,0.2827
IOTAUSDT,BUY,LIMIT,1701284946993,1839.7,0.2826
IOTAUSDT,BUY,LIMIT,1701284951508,916.2,0.2824
IOTAUSDT,BUY,LIMIT,1701284953004,2798.7,0.2826
IOTAUSDT,BUY,LIMIT,1701284954057,446.1,0.2829
IOTAUSDT,BUY,LIMIT,1701284955105,439.3,0.2828
IOTAUSDT,BUY,LIMIT,1701284956125,7847.4,0.2833
IOTAUSDT,BUY,LIMIT,1701284957128,3667.6,0.2833
IOTAUSDT,BUY,LIMIT,1701284958137,1781.6,0.2858
IOTAUSDT,BUY,LIMIT,1701284959140,130.7,0.2859
IOTAUSDT,BUY,LIMIT,1701284960142,2196.1,0.2877
IOTAUSDT,BUY,LIMIT,1701284961144,1192.0,0.2900
IOTAUSDT,BUY,LIMIT,1701284963411,1764.3,0.2886
IOTAUSDT,BUY,LIMIT,1701284971223,5476.8,0.2888
IOTAUSDT,BUY,LIMIT,1701284972304,213.0,0.2888
IOTAUSDT,SELL,LIMIT,1701284981404,246.2,0.2790
IOTAUSDT,SELL,LIMIT,1701284982475,171.3,0.2785
IOTAUSDT,SELL,LIMIT,1701284984112,35.5,0.2780
IOTAUSDT,BUY,LIMIT,1701284995397,5201.6,0.2877
IOTAUSDT,BUY,LIMIT,1701285001313,302.9,0.2882
IOTAUSDT,BUY,LIMIT,1701285002341,4410.7,0.2890
IOTAUSDT,BUY,LIMIT,1701285003404,1005.3,0.2892
IOTAUSDT,SELL,LIMIT,1701285014390,499.7,0.2782
IOTAUSDT,SELL,LIMIT,1701285015717,1822.0,0.2775
IOTAUSDT,BUY,LIMIT,1701285020892,12256.1,0.2870
IOTAUSDT,SELL,LIMIT,1701285035673,4239.4,0.2772
IOTAUSDT,SELL,LIMIT,1701285037166,1777.9,0.2768
IOTAUSDT,BUY,LIMIT,1701285046356,256.5,0.2870
IOTAUSDT,BUY,LIMIT,1701285049046,31.9,0.2879
IOTAUSDT,BUY,LIMIT,1701285050124,1691.7,0.2884
IOTAUSDT,BUY,LIMIT,1701285051255,16471.8,0.2897
IOTAUSDT,BUY,LIMIT,1701285052280,140.6,0.2897
IOTAUSDT,BUY,LIMIT,1701285053281,940.7,0.2905
IOTAUSDT,BUY,LIMIT,1701285054280,1893.9,0.2904
IOTAUSDT,BUY,LIMIT,1701285055333,490.9,0.2911
IOTAUSDT,BUY,LIMIT,1701285056277,2856.5,0.2911
IOTAUSDT,BUY,LIMIT,1701285058039,93.1,0.2899
IOTAUSDT,SELL,LIMIT,1701285059425,27.5,0.2816
IOTAUSDT,SELL,LIMIT,1701285068287,2452.7,0.2805
IOTAUSDT,BUY,LIMIT,1701285087670,371.5,0.2901
IOTAUSDT,SELL,LIMIT,1701285096812,7652.6,0.2797
IOTAUSDT,SELL,LIMIT,1701285097870,3615.9,0.2785
IOTAUSDT,SELL,LIMIT,1701285100514,2258.9,0.2777
IOTAUSDT,SELL,LIMIT,1701285106983,2313.1,0.2789
IOTAUSDT,BUY,LIMIT,1701285110764,19129.0,0.2865
IOTAUSDT,SELL,LIMIT,1701285125925,68.2,0.2777
IOTAUSDT,BUY,LIMIT,1701285133306,5208.3,0.2855
IOTAUSDT,SELL,LIMIT,1701285137107,992.3,0.2770
IOTAUSDT,SELL,LIMIT,1701285139849,879.2,0.2767
IOTAUSDT,SELL,LIMIT,1701285141844,51.8,0.2766
IOTAUSDT,SELL,LIMIT,1701285143006,2327.8,0.2762
IOTAUSDT,SELL,LIMIT,1701285144041,1580.6,0.2755
IOTAUSDT,SELL,LIMIT,1701285145076,773.6,0.2756
IOTAUSDT,SELL,LIMIT,1701285146508,844.4,0.2753
IOTAUSDT,BUY,LIMIT,1701285150352,137.9,0.2847
IOTAUSDT,BUY,LIMIT,1701285162019,515.9,0.2851
IOTAUSDT,BUY,LIMIT,1701285163451,399.4,0.2859
IOTAUSDT,BUY,LIMIT,1701285169680,849.5,0.2863
IOTAUSDT,BUY,LIMIT,1701285171241,614.7,0.2864
IOTAUSDT,SELL,LIMIT,1701285197073,1829.9,0.2760
IOTAUSDT,BUY,LIMIT,1701285220987,726.1,0.2858
IOTAUSDT,BUY,LIMIT,1701285222320,120.2,0.2860
IOTAUSDT,BUY,LIMIT,1701285225140,3158.1,0.2863
IOTAUSDT,BUY,LIMIT,1701285226240,389.4,0.2866
IOTAUSDT,BUY,LIMIT,1701285227285,14242.4,0.2866
IOTAUSDT,BUY,LIMIT,1701285228401,787.4,0.2867
IOTAUSDT,BUY,LIMIT,1701285229897,8144.7,0.2871
IOTAUSDT,BUY,LIMIT,1701285245040,2256.8,0.2882
IOTAUSDT,BUY,LIMIT,1701285246280,39.1,0.2879
IOTAUSDT,BUY,LIMIT,1701285247669,704.9,0.2883
IOTAUSDT,BUY,LIMIT,1701285248685,326.1,0.2886
IOTAUSDT,BUY,LIMIT,1701285256212,194.4,0.2890
IOTAUSDT,BUY,LIMIT,1701285258332,533.8,0.2894
IOTAUSDT,BUY,LIMIT,1701285259378,170.2,0.2895
IOTAUSDT,SELL,LIMIT,1701285298359,6598.6,0.2781
IOTAUSDT,SELL,LIMIT,1701285299476,184.7,0.2781
IOTAUSDT,SELL,LIMIT,1701285301256,86.5,0.2778
IOTAUSDT,SELL,LIMIT,1701285303364,16956.0,0.2777
IOTAUSDT,SELL,LIMIT,1701285304367,97.5,0.2770
IOTAUSDT,SELL,LIMIT,1701285307487,933.9,0.2766
IOTAUSDT,BUY,LIMIT,1701285313651,2811.8,0.2863
IOTAUSDT,SELL,LIMIT,1701285321506,114.7,0.2768
IOTAUSDT,SELL,LIMIT,1701285325012,73.8,0.2768
IOTAUSDT,SELL,LIMIT,1701285326552,4940.2,0.2763
IOTAUSDT,SELL,LIMIT,1701285328087,889.6,0.2755
IOTAUSDT,SELL,LIMIT,1701285329391,29.3,0.2753
IOTAUSDT,SELL,LIMIT,1701285330408,694.7,0.2737
IOTAUSDT,SELL,LIMIT,1701285332128,11907.1,0.2724
IOTAUSDT,SELL,LIMIT,1701285333303,230.0,0.2724
IOTAUSDT,SELL,LIMIT,1701285337039,24193.3,0.2710
IOTAUSDT,SELL,LIMIT,1701285338101,3527.3,0.2718
IOTAUSDT,BUY,LIMIT,1701285355353,1629.8,0.2815
IOTAUSDT,BUY,LIMIT,1701285372046,401.9,0.2821
IOTAUSDT,BUY,LIMIT,1701285373376,253.0,0.2825
IOTAUSDT,BUY,LIMIT,1701285374710,60.5,0.2831
IOTAUSDT,SELL,LIMIT,1701285382302,17934.0,0.2733
IOTAUSDT,SELL,LIMIT,1701285421532,538.0,0.2732
IOTAUSDT,SELL,LIMIT,1701285425685,17979.1,0.2727
IOTAUSDT,SELL,LIMIT,1701285427077,422.7,0.2720
IOTAUSDT,SELL,LIMIT,1701285432169,12260.6,0.2713
IOTAUSDT,SELL,LIMIT,1701285433178,4360.6,0.2702
IOTAUSDT,SELL,LIMIT,1701285434203,2690.5,0.2708
IOTAUSDT,SELL,LIMIT,1701285435242,355.6,0.2699
IOTAUSDT,SELL,LIMIT,1701285443464,1411.2,0.2694
IOTAUSDT,SELL,LIMIT,1701285444469,3533.1,0.2693
IOTAUSDT,BUY,LIMIT,1701285452292,1594.7,0.2787
IOTAUSDT,BUY,LIMIT,1701285463542,3063.8,0.2793
IOTAUSDT,BUY,LIMIT,1701285465458,19.2,0.2793
IOTAUSDT,BUY,LIMIT,1701285466931,9018.9,0.2798
IOTAUSDT,SELL,LIMIT,1701285475086,111.3,0.2698
IOTAUSDT,BUY,LIMIT,1701285485653,484.8,0.2793
IOTAUSDT,BUY,LIMIT,1701285492300,1073.9,0.2795
IOTAUSDT,BUY,LIMIT,1701285494464,528.1,0.2802
IOTAUSDT,BUY,LIMIT,1701285496058,1448.9,0.2805
IOTAUSDT,BUY,LIMIT,1701285497575,385.3,0.2809
IOTAUSDT,BUY,LIMIT,1701285498984,104.7,0.2810
IOTAUSDT,SELL,LIMIT,1701285534200,213.4,0.2710
IOTAUSDT,SELL,LIMIT,1701285535280,14897.1,0.2709
IOTAUSDT,BUY,LIMIT,1701285552523,499.2,0.2800
IOTAUSDT,SELL,LIMIT,1701285592038,1810.2,0.2707
IOTAUSDT,BUY,LIMIT,1701285620940,16640.4,0.2796
IOTAUSDT,SELL,LIMIT,1701285644384,209.0,0.2699
IOTAUSDT,SELL,LIMIT,1701285645636,1108.9,0.2697
IOTAUSDT,SELL,LIMIT,1701285647424,54.6,0.2694
IOTAUSDT,SELL,LIMIT,1701285649432,28.4,0.2692
IOTAUSDT,SELL,LIMIT,1701285650450,774.4,0.2689
IOTAUSDT,SELL,LIMIT,1701285652110,4014.5,0.2686
IOTAUSDT,SELL,LIMIT,1701285653222,2707.6,0.2680
IOTAUSDT,SELL,LIMIT,1701285657314,368.9,0.2682
IOTAUSDT,SELL,LIMIT,1701285659999,9510.3,0.2683
IOTAUSDT,SELL,LIMIT,1701285662614,87.3,0.2679
IOTAUSDT,SELL,LIMIT,1701285664280,39081.6,0.2662
IOTAUSDT,SELL,LIMIT,1701285665518,2635.2,0.2676
IOTAUSDT,BUY,LIMIT,1701285671110,125.7,0.2768
IOTAUSDT,BUY,LIMIT,1701285672153,2214.4,0.2772
IOTAUSDT,BUY,LIMIT,1701285696677,8883.1,0.2781
IOTAUSDT,BUY,LIMIT,1701285698499,2802.0,0.2784
IOTAUSDT,BUY,LIMIT,1701285700802,2415.2,0.2784
IOTAUSDT,BUY,LIMIT,1701285726353,3678.6,0.2786
IOTAUSDT,BUY,LIMIT,1701285730020,109.7,0.2786
IOTAUSDT,BUY,LIMIT,1701285736317,40.6,0.2789
IOTAUSDT,BUY,LIMIT,1701285743735,400.6,0.2790
IOTAUSDT,BUY,LIMIT,1701285745448,98.9,0.2791
IOTAUSDT,BUY,LIMIT,1701285747116,422.0,0.2795
IOTAUSDT,BUY,LIMIT,1701285749515,1837.8,0.2797
IOTAUSDT,BUY,LIMIT,1701285755366,75.1,0.2799
IOTAUSDT,BUY,LIMIT,1701285756746,1579.0,0.2801
IOTAUSDT,BUY,LIMIT,1701285758515,214.1,0.2803
IOTAUSDT,BUY,LIMIT,1701285760210,3422.4,0.2804
IOTAUSDT,BUY,LIMIT,1701285771389,1548.8,0.2804
IOTAUSDT,BUY,LIMIT,1701285772396,189.6,0.2807
IOTAUSDT,BUY,LIMIT,1701285773568,5085.3,0.2809
IOTAUSDT,BUY,LIMIT,1701285774748,5762.8,0.2811
IOTAUSDT,BUY,LIMIT,1701285776548,1560.3,0.2811
IOTAUSDT,BUY,LIMIT,1701285777964,2958.6,0.2813
IOTAUSDT,SELL,LIMIT,1701285786972,145.5,0.2717
IOTAUSDT,SELL,LIMIT,1701285788971,1705.8,0.2714
IOTAUSDT,SELL,LIMIT,1701285791995,4029.7,0.2710
IOTAUSDT,BUY,LIMIT,1701285795056,25.0,0.2788
IOTAUSDT,SELL,LIMIT,1701285801115,1103.9,0.2705
IOTAUSDT,SELL,LIMIT,1701285802555,945.2,0.2704
IOTAUSDT,SELL,LIMIT,1701285812368,1466.4,0.2701
IOTAUSDT,SELL,LIMIT,1701285814244,346.7,0.2695
IOTAUSDT,SELL,LIMIT,1701285831744,416.0,0.2690
IOTAUSDT,SELL,LIMIT,1701285833155,37.8,0.2690
IOTAUSDT,SELL,LIMIT,1701285834430,4696.8,0.2686
IOTAUSDT,SELL,LIMIT,1701285835447,112.6,0.2687
IOTAUSDT,SELL,LIMIT,1701285845062,327.4,0.2685
IOTAUSDT,SELL,LIMIT,1701285847869,1197.5,0.2685
IOTAUSDT,BUY,LIMIT,1701285924334,990.2,0.2781
