Symbol,Side,Order Type,Time,Quantity,Price
IOTXUSDT,SELL,LIMIT,1701069856091,10979,0.02417
IOTXUSDT,SELL,LIMIT,1701069860360,9689,0.02419
IOTXUSDT,SELL,LIMIT,1701069881086,404,0.02414
IOTXUSDT,SELL,LIMIT,1701069901186,205002,0.02407
IOTXUSDT,SELL,LIMIT,1701070440575,1195,0.02407
IOTXUSDT,BUY,LIMIT,1701080955658,567,0.02461
IOTXUSDT,SELL,LIMIT,1701082706350,6076,0.02396
IOTXUSDT,SELL,LIMIT,1701084932719,8704,0.02390
IOTXUSDT,SELL,LIMIT,1701086809153,1330,0.02416
IOTXUSDT,SELL,LIMIT,1701093082309,27509,0.02389
IOTXUSDT,SELL,LIMIT,1701093091169,10100,0.02388
IOTXUSDT,SELL,LIMIT,1701093118218,3987,0.02386
IOTXUSDT,SELL,LIMIT,1701094988934,795,0.02382
IOTXUSDT,SELL,LIMIT,1701095380205,10321,0.02379
IOTXUSDT,SELL,LIMIT,1701095611336,240,0.02371
IOTXUSDT,SELL,LIMIT,1701096783384,359,0.02367
IOTXUSDT,SELL,LIMIT,1701097032638,5424,0.02365
IOTXUSDT,SELL,LIMIT,1701097047334,1724,0.02363
IOTXUSDT,SELL,LIMIT,1701100513818,3995,0.02358
IOTXUSDT,SELL,LIMIT,1701100566527,8567,0.02351
IOTXUSDT,SELL,LIMIT,1701100575766,5360,0.02350
IOTXUSDT,SELL,LIMIT,1701100577076,2799,0.02346
IOTXUSDT,SELL,LIMIT,1701100640893,51581,0.02342
IOTXUSDT,SELL,LIMIT,1701101007837,1194,0.02351
IOTXUSDT,SELL,LIMIT,1701112119468,384,0.02342
IOTXUSDT,SELL,LIMIT,1701112177666,16979,0.02340
IOTXUSDT,SELL,LIMIT,1701112180205,26262,0.02338
IOTXUSDT,SELL,LIMIT,1701112207161,4149,0.02338
IOTXUSDT,SELL,LIMIT,1701112209781,50093,0.02337
IOTXUSDT,SELL,LIMIT,1701114238396,8934,0.02332
IOTXUSDT,SELL,LIMIT,1701114353256,254,0.02328
IOTXUSDT,SELL,LIMIT,1701114354529,1777,0.02326
IOTXUSDT,SELL,LIMIT,1701114355811,396,0.02322
IOTXUSDT,SELL,LIMIT,1701114477459,7361,0.02323
IOTXUSDT,SELL,LIMIT,1701116979324,1157,0.02317
IOTXUSDT,SELL,LIMIT,1701137432025,8803,0.02358
IOTXUSDT,SELL,LIMIT,1701148939260,61322,0.02335
IOTXUSDT,BUY,LIMIT,1701164387786,2202,0.02410
IOTXUSDT,BUY,LIMIT,1701189845113,5330,0.02479
IOTXUSDT,SELL,LIMIT,1701198543928,11524,0.02429
IOTXUSDT,SELL,LIMIT,1701254360176,4081,0.02390
IOTXUSDT,SELL,LIMIT,1701254425614,812,0.02383
IOTXUSDT,BUY,LIMIT,1701263108597,18647,0.02530
IOTXUSDT,BUY,LIMIT,1701263132218,7236,0.02532
IOTXUSDT,BUY,LIMIT,1701263658416,33347,0.02534
IOTXUSDT,SELL,LIMIT,1701270440178,2172,0.02423
IOTXUSDT,SELL,LIMIT,1701270451932,216,0.02422
IOTXUSDT,BUY,LIMIT,1701282520440,1788,0.02564
IOTXUSDT,BUY,LIMIT,1701284960139,298,0.02576
IOTXUSDT,BUY,LIMIT,1701285000275,23549,0.02585
IOTXUSDT,BUY,LIMIT,1701285016410,21197,0.02591
IOTXUSDT,BUY,LIMIT,1701285033475,47499,0.02598
IOTXUSDT,BUY,LIMIT,1701285037432,1643,0.02609
IOTXUSDT,BUY,LIMIT,1701285067191,515,0.02615
IOTXUSDT,BUY,LIMIT,1701285072473,72350,0.02622
IOTXUSDT,BUY,LIMIT,1701302566153,948,0.02636
IOTXUSDT,BUY,LIMIT,1701302842499,2400,0.02642
IOTXUSDT,BUY,LIMIT,1701303274278,197,0.02469
IOTXUSDT,BUY,LIMIT,1701304273081,750,0.02662
IOTXUSDT,BUY,LIMIT,1701304338480,7135,0.02663
IOTXUSDT,SELL,LIMIT,1701305595450,11429,0.02509
IOTXUSDT,SELL,LIMIT,1701306213188,43643,0.02494
IOTXUSDT,SELL,LIMIT,1701306335480,4510,0.02485
IOTXUSDT,SELL,LIMIT,1701306419701,11299,0.02476
IOTXUSDT,SELL,LIMIT,1701306421052,7634,0.02475
IOTXUSDT,SELL,LIMIT,1701310851383,4722,0.02470
IOTXUSDT,SELL,LIMIT,1701310874260,529,0.02469
IOTXUSDT,SELL,LIMIT,1701330618123,19427,0.02465
IOTXUSDT,SELL,LIMIT,1701330620123,4619,0.02464
IOTXUSDT,SELL,LIMIT,1701331739640,144715,0.02462
IOTXUSDT,SELL,LIMIT,1701331753324,2291,0.02460
IOTXUSDT,SELL,LIMIT,1701332569705,93472,0.02455
IOTXUSDT,SELL,LIMIT,1701332571794,2155,0.02454
IOTXUSDT,SELL,LIMIT,1701335456378,4564,0.02452
IOTXUSDT,SELL,LIMIT,1701352293466,15586,0.02446
IOTXUSDT,SELL,LIMIT,1701352396512,5917,0.02444
IOTXUSDT,SELL,LIMIT,1701352510912,21520,0.02440
IOTXUSDT,SELL,LIMIT,1701353030921,10639,0.02425
IOTXUSDT,SELL,LIMIT,1701353046475,4661,0.02421
IOTXUSDT,SELL,LIMIT,1701354627869,2003,0.02418
IOTXUSDT,SELL,LIMIT,1701354674625,7639,0.02415
IOTXUSDT,SELL,LIMIT,1701354938970,60512,0.02418
IOTXUSDT,SELL,LIMIT,1701355162233,69008,0.02414
IOTXUSDT,SELL,LIMIT,1701355670138,175,0.02408
IOTXUSDT,BUY,LIMIT,1701393625608,851,0.02547
IOTXUSDT,BUY,LIMIT,1701393822765,7135,0.02552
IOTXUSDT,BUY,LIMIT,1701394801427,277,0.02569
IOTXUSDT,BUY,LIMIT,1701405515309,219,0.02550
IOTXUSDT,BUY,LIMIT,1701447393147,2018,0.02515
IOTXUSDT,BUY,LIMIT,1701448528850,11326,0.02544
IOTXUSDT,BUY,LIMIT,1701460032097,334,0.02541
IOTXUSDT,BUY,LIMIT,1701479845273,695,0.02569
IOTXUSDT,BUY,LIMIT,1701485669008,1199,0.02561
IOTXUSDT,BUY,LIMIT,1701485991142,281,0.02564
IOTXUSDT,BUY,LIMIT,1701485992683,264,0.02564
IOTXUSDT,BUY,LIMIT,1701485993992,531,0.02565
IOTXUSDT,BUY,LIMIT,1701485995057,502,0.02565
