Symbol,Side,Order Type,Time,Quantity,Price
JASMYUSDT,BUY,LIMIT,1701066788578,14924,0.005453
JASMYUSDT,BUY,LIMIT,1701066793345,8433,0.005460
JASMYUSDT,SELL,LIMIT,1701067812255,1543,0.005214
JASMYUSDT,SELL,LIMIT,1701069856703,384173,0.005123
JASMYUSDT,SELL,LIMIT,1701069897465,360879,0.005099
JASMYUSDT,SELL,LIMIT,1701077459652,3317,0.005049
JASMYUSDT,SELL,LIMIT,1701078154524,236071,0.005033
JASMYUSDT,SELL,LIMIT,1701078996336,268132,0.005008
JASMYUSDT,SELL,LIMIT,1701078997883,3696,0.005004
JASMYUSDT,SELL,LIMIT,1701079019827,233273,0.004994
JASMYUSDT,SELL,LIMIT,1701080687489,133664,0.004978
JASMYUSDT,SELL,LIMIT,1701080689441,39858,0.004972
JASMYUSDT,SELL,LIMIT,1701080708993,3608,0.004971
JASMYUSDT,SELL,LIMIT,1701080715015,90430,0.004971
JASMYUSDT,SELL,LIMIT,1701080716129,4363,0.004970
JASMYUSDT,SELL,LIMIT,1701080751282,937090,0.004970
JASMYUSDT,SELL,LIMIT,1701080775814,7727,0.004964
JASMYUSDT,SELL,LIMIT,1701081278070,183150,0.004966
JASMYUSDT,SELL,LIMIT,1701081439165,382117,0.004939
JASMYUSDT,SELL,LIMIT,1701081454142,500000,0.004957
JASMYUSDT,SELL,LIMIT,1701081460798,36827,0.004934
JASMYUSDT,SELL,LIMIT,1701081462239,3854,0.004933
JASMYUSDT,SELL,LIMIT,1701081475308,4809,0.004929
JASMYUSDT,SELL,LIMIT,1701081481408,133739,0.004926
JASMYUSDT,SELL,LIMIT,1701081490318,7356,0.004923
JASMYUSDT,SELL,LIMIT,1701084906230,90395,0.004907
JASMYUSDT,SELL,LIMIT,1701084917291,18233,0.004902
JASMYUSDT,SELL,LIMIT,1701094710650,88790,0.004910
JASMYUSDT,SELL,LIMIT,1701097040048,348056,0.004894
JASMYUSDT,SELL,LIMIT,1701097041091,15945,0.004895
JASMYUSDT,SELL,LIMIT,1701097086891,858,0.004882
JASMYUSDT,SELL,LIMIT,1701097091920,108060,0.004876
JASMYUSDT,SELL,LIMIT,1701097097095,18498,0.004874
JASMYUSDT,SELL,LIMIT,1701097099845,201412,0.004871
JASMYUSDT,SELL,LIMIT,1701097101274,11090,0.004871
JASMYUSDT,SELL,LIMIT,1701100815056,71377,0.004871
JASMYUSDT,SELL,LIMIT,1701101007837,1780,0.004893
JASMYUSDT,SELL,LIMIT,1701111696939,61684,0.004855
JASMYUSDT,SELL,LIMIT,1701112053041,117483,0.004843
JASMYUSDT,SELL,LIMIT,1701112054358,1899,0.004845
JASMYUSDT,SELL,LIMIT,1701112058168,98383,0.004842
JASMYUSDT,SELL,LIMIT,1701112083121,3143,0.004842
JASMYUSDT,SELL,LIMIT,1701112093841,11158,0.004838
JASMYUSDT,SELL,LIMIT,1701112195499,69928,0.004834
JASMYUSDT,SELL,LIMIT,1701114233344,27369,0.004833
JASMYUSDT,SELL,LIMIT,1701114257023,33544,0.004825
JASMYUSDT,SELL,LIMIT,1701114259392,16409,0.004823
JASMYUSDT,SELL,LIMIT,1701114462393,121253,0.004813
JASMYUSDT,SELL,LIMIT,1701114467262,240473,0.004809
JASMYUSDT,SELL,LIMIT,1701114469058,49440,0.004801
JASMYUSDT,SELL,LIMIT,1701114470141,990099,0.004800
JASMYUSDT,SELL,LIMIT,1701114475487,173772,0.004799
JASMYUSDT,SELL,LIMIT,1701114477122,418522,0.004796
JASMYUSDT,SELL,LIMIT,1701114478358,18000,0.004794
JASMYUSDT,SELL,LIMIT,1701114495155,44651,0.004792
JASMYUSDT,BUY,LIMIT,1701126583180,16663,0.005061
JASMYUSDT,SELL,LIMIT,1701145648279,8036,0.004863
JASMYUSDT,SELL,LIMIT,1701147467060,13123,0.004833
JASMYUSDT,SELL,LIMIT,1701148124113,198265,0.004797
JASMYUSDT,SELL,LIMIT,1701148137843,3000000,0.004773
JASMYUSDT,SELL,LIMIT,1701148183035,12176,0.004787
JASMYUSDT,SELL,LIMIT,1701148221233,29323,0.004784
JASMYUSDT,SELL,LIMIT,1701148245970,44165,0.004782
JASMYUSDT,SELL,LIMIT,1701149757378,2652,0.004780
JASMYUSDT,SELL,LIMIT,1701149771344,3813,0.004775
JASMYUSDT,SELL,LIMIT,1701149833979,9784,0.004772
JASMYUSDT,SELL,LIMIT,1701149838156,82516,0.004771
JASMYUSDT,SELL,LIMIT,1701149852009,73014,0.004767
JASMYUSDT,SELL,LIMIT,1701149854017,2939,0.004764
JASMYUSDT,SELL,LIMIT,1701149855998,240996,0.004762
JASMYUSDT,SELL,LIMIT,1701149885571,5472,0.004761
JASMYUSDT,SELL,LIMIT,1701149889318,166308,0.004760
JASMYUSDT,SELL,LIMIT,1701149890476,9568,0.004758
JASMYUSDT,BUY,LIMIT,1701164433243,20218,0.005023
JASMYUSDT,SELL,LIMIT,1701182220269,19355,0.004944
JASMYUSDT,BUY,LIMIT,1701190964875,19879,0.005167
JASMYUSDT,BUY,LIMIT,1701192143121,545564,0.005196
JASMYUSDT,BUY,LIMIT,1701219167718,10000,0.005119
JASMYUSDT,SELL,LIMIT,1701252234577,6592,0.004864
JASMYUSDT,SELL,LIMIT,1701253157059,3835,0.005042
JASMYUSDT,SELL,LIMIT,1701254062831,200645,0.004834
JASMYUSDT,SELL,LIMIT,1701254070599,22311,0.004829
JASMYUSDT,SELL,LIMIT,1701254292694,141458,0.004825
JASMYUSDT,SELL,LIMIT,1701254356004,66575,0.004822
JASMYUSDT,SELL,LIMIT,1701254358949,4431,0.004820
JASMYUSDT,SELL,LIMIT,1701254361278,91319,0.004819
JASMYUSDT,SELL,LIMIT,1701254658208,143002,0.004802
JASMYUSDT,SELL,LIMIT,1701254700478,19514,0.004794
JASMYUSDT,SELL,LIMIT,1701264273693,24817,0.004815
JASMYUSDT,SELL,LIMIT,1701264620503,838782,0.004799
JASMYUSDT,SELL,LIMIT,1701264665934,127081,0.004796
JASMYUSDT,SELL,LIMIT,1701265437481,7878,0.004815
JASMYUSDT,SELL,LIMIT,1701268332576,7144,0.004781
JASMYUSDT,SELL,LIMIT,1701268383456,30167,0.004775
JASMYUSDT,SELL,LIMIT,1701268386200,57380,0.004774
JASMYUSDT,SELL,LIMIT,1701268387941,13401,0.004772
JASMYUSDT,SELL,LIMIT,1701268431163,2990,0.004770
JASMYUSDT,SELL,LIMIT,1701269099172,2988,0.004764
JASMYUSDT,SELL,LIMIT,1701269102190,416873,0.004761
JASMYUSDT,SELL,LIMIT,1701269141385,8423,0.004757
JASMYUSDT,SELL,LIMIT,1701269143445,11574,0.004755
JASMYUSDT,SELL,LIMIT,1701269155604,2698,0.004751
JASMYUSDT,SELL,LIMIT,1701269157463,22728,0.004748
JASMYUSDT,SELL,LIMIT,1701269253346,630000,0.004743
JASMYUSDT,SELL,LIMIT,1701269256243,33059,0.004739
JASMYUSDT,SELL,LIMIT,1701269263052,992379,0.004737
JASMYUSDT,SELL,LIMIT,1701269295861,21378,0.004735
JASMYUSDT,SELL,LIMIT,1701269303640,38818,0.004732
JASMYUSDT,SELL,LIMIT,1701270437004,768306,0.004732
JASMYUSDT,SELL,LIMIT,1701270440226,5928,0.004729
JASMYUSDT,SELL,LIMIT,1701270480361,198886,0.004724
JASMYUSDT,SELL,LIMIT,1701270507165,494103,0.004726
JASMYUSDT,SELL,LIMIT,1701270588779,42774,0.004716
JASMYUSDT,SELL,LIMIT,1701270593317,6986,0.004715
JASMYUSDT,SELL,LIMIT,1701270616353,15675,0.004707
JASMYUSDT,SELL,LIMIT,1701270618699,71736,0.004704
JASMYUSDT,SELL,LIMIT,1701270620399,114858,0.004701
JASMYUSDT,SELL,LIMIT,1701275834726,11537,0.004729
JASMYUSDT,SELL,LIMIT,1701293898160,50058,0.004795
JASMYUSDT,SELL,LIMIT,1701307558291,2569,0.004809
JASMYUSDT,SELL,LIMIT,1701315609056,202429,0.004843
JASMYUSDT,SELL,LIMIT,1701342842355,7894,0.004841
JASMYUSDT,BUY,LIMIT,1701347536539,1398,0.005065
