Symbol,Side,Order Type,Time,Quantity,Price
JASMYUSDT,SELL,LIMIT,1701918654444,28011,0.006156
JASMYUSDT,BUY,LIMIT,1701921438588,8472,0.006600
JASMYUSDT,BUY,LIMIT,1701921441827,6394,0.006603
JASMYUSDT,BUY,LIMIT,1701921446312,39677,0.006610
JASMYUSDT,BUY,LIMIT,1701921451851,18642,0.006613
JASMYUSDT,BUY,LIMIT,1701921454803,26979,0.006623
JASMYUSDT,BUY,LIMIT,1701924325191,17000,0.006520
JASMYUSDT,SELL,LIMIT,1701925796582,7412,0.006174
JASMYUSDT,SELL,LIMIT,1701925810318,3037,0.006158
JASMYUSDT,SELL,LIMIT,1701925813278,275866,0.006157
JASMYUSDT,SELL,LIMIT,1701926333220,17636,0.006148
JASMYUSDT,SELL,LIMIT,1701926334422,14026,0.006148
JASMYUSDT,SELL,LIMIT,1701926337904,28567,0.006146
JASMYUSDT,SELL,LIMIT,1701926408370,45795,0.006146
JASMYUSDT,SELL,LIMIT,1701926425549,1285,0.006141
JASMYUSDT,SELL,LIMIT,1701926442388,259260,0.006131
JASMYUSDT,SELL,LIMIT,1701926467311,41126,0.006115
JASMYUSDT,SELL,LIMIT,1701926468745,7555,0.006110
JASMYUSDT,SELL,LIMIT,1701926472232,31075,0.006110
JASMYUSDT,SELL,LIMIT,1701926473367,135794,0.006108
JASMYUSDT,SELL,LIMIT,1701926516943,2121,0.006103
JASMYUSDT,SELL,LIMIT,1701926526228,2463,0.006102
JASMYUSDT,SELL,LIMIT,1701926669542,474224,0.006093
JASMYUSDT,SELL,LIMIT,1701929464086,17249,0.006090
JASMYUSDT,SELL,LIMIT,1701929473279,3941,0.006085
JASMYUSDT,SELL,LIMIT,1701929477979,3132,0.006083
JASMYUSDT,SELL,LIMIT,1701929538216,76547,0.006074
JASMYUSDT,SELL,LIMIT,1701929551069,17753,0.006072
JASMYUSDT,SELL,LIMIT,1701929552262,2504,0.006068
JASMYUSDT,SELL,LIMIT,1701929564236,1662,0.006067
JASMYUSDT,SELL,LIMIT,1701929611256,5990,0.006062
JASMYUSDT,SELL,LIMIT,1701930871072,21341,0.006056
JASMYUSDT,SELL,LIMIT,1701930877953,1020,0.006053
JASMYUSDT,SELL,LIMIT,1701930879138,28068,0.006050
JASMYUSDT,SELL,LIMIT,1701930889291,11457,0.006040
JASMYUSDT,SELL,LIMIT,1701930890359,54704,0.006039
JASMYUSDT,SELL,LIMIT,1701931324149,25000,0.006038
JASMYUSDT,SELL,LIMIT,1701931328698,5721,0.006037
JASMYUSDT,SELL,LIMIT,1701931331417,3149,0.006035
JASMYUSDT,SELL,LIMIT,1701931333277,194497,0.006034
JASMYUSDT,SELL,LIMIT,1701931346909,2456,0.006030
JASMYUSDT,SELL,LIMIT,1701931350552,16789,0.006028
JASMYUSDT,SELL,LIMIT,1701931407246,196735,0.006021
JASMYUSDT,SELL,LIMIT,1701931654087,1664,0.006017
JASMYUSDT,SELL,LIMIT,1701931811606,202627,0.006003
JASMYUSDT,BUY,LIMIT,1701932034387,48411,0.006280
JASMYUSDT,SELL,LIMIT,1701933351823,100000,0.005995
JASMYUSDT,SELL,LIMIT,1701937320810,5057,0.006031
JASMYUSDT,SELL,LIMIT,1701937820125,25051,0.006014
JASMYUSDT,SELL,LIMIT,1701939451722,3957,0.005984
JASMYUSDT,SELL,LIMIT,1701939705365,513856,0.005992
JASMYUSDT,SELL,LIMIT,1701940004366,96054,0.005977
JASMYUSDT,SELL,LIMIT,1701940026275,400000,0.005965
JASMYUSDT,SELL,LIMIT,1701940028603,526555,0.005962
JASMYUSDT,SELL,LIMIT,1701940563140,20970,0.005975
JASMYUSDT,SELL,LIMIT,1701940565412,173672,0.005959
JASMYUSDT,SELL,LIMIT,1701940568696,2086,0.005955
JASMYUSDT,SELL,LIMIT,1701940583063,18408,0.005945
JASMYUSDT,SELL,LIMIT,1701940663209,88993,0.005941
JASMYUSDT,SELL,LIMIT,1701940664224,11421,0.005933
JASMYUSDT,SELL,LIMIT,1701940665234,7591,0.005935
JASMYUSDT,SELL,LIMIT,1701940669161,297651,0.005931
JASMYUSDT,SELL,LIMIT,1701940673162,192307,0.005931
JASMYUSDT,SELL,LIMIT,1701940674214,3787,0.005931
JASMYUSDT,SELL,LIMIT,1701940707093,800983,0.005926
JASMYUSDT,SELL,LIMIT,1701940708184,1029,0.005927
JASMYUSDT,SELL,LIMIT,1701940711417,21910,0.005920
JASMYUSDT,SELL,LIMIT,1701940714185,11222,0.005918
JASMYUSDT,SELL,LIMIT,1701940715706,17416,0.005915
JASMYUSDT,SELL,LIMIT,1701941026111,25302,0.005936
JASMYUSDT,SELL,LIMIT,1701941068825,23556,0.005933
JASMYUSDT,SELL,LIMIT,1701941113004,13101,0.005913
JASMYUSDT,SELL,LIMIT,1701941146709,803,0.005916
JASMYUSDT,SELL,LIMIT,1701941154476,146512,0.005908
JASMYUSDT,SELL,LIMIT,1701941159455,17262,0.005906
JASMYUSDT,SELL,LIMIT,1701941162034,65066,0.005900
JASMYUSDT,SELL,LIMIT,1701941163642,273684,0.005897
JASMYUSDT,SELL,LIMIT,1701941166092,40004,0.005893
JASMYUSDT,SELL,LIMIT,1701941182466,65666,0.005888
JASMYUSDT,SELL,LIMIT,1701941183965,11066,0.005891
JASMYUSDT,SELL,LIMIT,1701941185949,10578,0.005883
JASMYUSDT,SELL,LIMIT,1701941187764,6815,0.005880
JASMYUSDT,SELL,LIMIT,1701941189222,4654,0.005872
JASMYUSDT,SELL,LIMIT,1701941190343,502631,0.005871
JASMYUSDT,SELL,LIMIT,1701941240209,52334,0.005874
JASMYUSDT,SELL,LIMIT,1701941250360,3396,0.005874
JASMYUSDT,SELL,LIMIT,1701941256220,91284,0.005866
JASMYUSDT,SELL,LIMIT,1701941257294,40272,0.005867
JASMYUSDT,BUY,LIMIT,1701944852354,77270,0.006225
JASMYUSDT,SELL,LIMIT,1701946429053,5276,0.005908
JASMYUSDT,BUY,LIMIT,1701953915187,11109,0.006306
JASMYUSDT,SELL,LIMIT,1701954156113,900,0.006038
JASMYUSDT,BUY,LIMIT,1701954332498,7424,0.006316
JASMYUSDT,BUY,LIMIT,1701954397905,11597,0.006358
JASMYUSDT,BUY,LIMIT,1701954416089,3570,0.006362
JASMYUSDT,BUY,LIMIT,1701954421198,130498,0.006364
JASMYUSDT,BUY,LIMIT,1701954422601,687206,0.006366
JASMYUSDT,BUY,LIMIT,1701954458379,144713,0.006371
JASMYUSDT,SELL,LIMIT,1701955409338,11900,0.006018
JASMYUSDT,SELL,LIMIT,1701956559285,4231,0.005978
JASMYUSDT,SELL,LIMIT,1701959750169,22486,0.005916
JASMYUSDT,SELL,LIMIT,1701959970413,27028,0.005902
JASMYUSDT,SELL,LIMIT,1701960210682,1980,0.005877
JASMYUSDT,SELL,LIMIT,1701964866930,3395,0.005895
JASMYUSDT,BUY,LIMIT,1701966503750,156838,0.006168
JASMYUSDT,SELL,LIMIT,1701966651274,13002,0.005939
JASMYUSDT,SELL,LIMIT,1701970312711,1103,0.005896
JASMYUSDT,SELL,LIMIT,1701976278349,16369,0.005877
JASMYUSDT,SELL,LIMIT,1701976378194,51878,0.005863
JASMYUSDT,SELL,LIMIT,1701976380201,27923,0.005862
JASMYUSDT,SELL,LIMIT,1701976398532,26616,0.005860
JASMYUSDT,SELL,LIMIT,1701976428486,304545,0.005853
JASMYUSDT,SELL,LIMIT,1701976429507,96101,0.005850
JASMYUSDT,SELL,LIMIT,1701976431500,3574,0.005847
JASMYUSDT,SELL,LIMIT,1701976432940,70404,0.005844
JASMYUSDT,SELL,LIMIT,1701976452418,23937,0.005841
JASMYUSDT,SELL,LIMIT,1701976723629,16052,0.005838
JASMYUSDT,SELL,LIMIT,1701976763333,61930,0.005835
JASMYUSDT,SELL,LIMIT,1701976772157,2372,0.005834
JASMYUSDT,SELL,LIMIT,1701976862179,330989,0.005830
JASMYUSDT,SELL,LIMIT,1701976863273,1853,0.005832
JASMYUSDT,SELL,LIMIT,1701976864561,78580,0.005812
JASMYUSDT,SELL,LIMIT,1701976866282,16801,0.005805
JASMYUSDT,SELL,LIMIT,1701976868111,2167,0.005803
JASMYUSDT,SELL,LIMIT,1701976871213,16374,0.005802
JASMYUSDT,SELL,LIMIT,1701977177603,7139,0.005799
JASMYUSDT,SELL,LIMIT,1701977267747,12195,0.005802
JASMYUSDT,SELL,LIMIT,1701977287173,3639,0.005791
JASMYUSDT,SELL,LIMIT,1701977296937,9167,0.005789
JASMYUSDT,SELL,LIMIT,1701977299809,3860,0.005783
JASMYUSDT,SELL,LIMIT,1701977301030,19305,0.005782
JASMYUSDT,SELL,LIMIT,1701977302538,1372,0.005778
JASMYUSDT,SELL,LIMIT,1701981314073,3601,0.005775
JASMYUSDT,SELL,LIMIT,1701981316295,31196,0.005773
JASMYUSDT,SELL,LIMIT,1701981363483,77586,0.005770
JASMYUSDT,SELL,LIMIT,1701981364675,19942,0.005769
JASMYUSDT,SELL,LIMIT,1701981574747,11541,0.005759
JASMYUSDT,SELL,LIMIT,1701981602067,7919,0.005756
JASMYUSDT,SELL,LIMIT,1701981611883,3721,0.005755
JASMYUSDT,SELL,LIMIT,1701981618086,165016,0.005754
JASMYUSDT,SELL,LIMIT,1701981625223,5632,0.005752
JASMYUSDT,SELL,LIMIT,1701981626360,1972,0.005752
JASMYUSDT,SELL,LIMIT,1701981640343,1647,0.005749
JASMYUSDT,BUY,LIMIT,1702005369283,191272,0.006124
JASMYUSDT,BUY,LIMIT,1702014019806,19296,0.006174
JASMYUSDT,BUY,LIMIT,1702016017584,1689,0.006215
JASMYUSDT,BUY,LIMIT,1702035255001,50305,0.006186
JASMYUSDT,SELL,LIMIT,1702037074754,1670,0.005938
JASMYUSDT,BUY,LIMIT,1702037885338,65099,0.006171
JASMYUSDT,SELL,LIMIT,1702044471539,264437,0.005926
JASMYUSDT,BUY,LIMIT,1702046039348,84017,0.006249
JASMYUSDT,BUY,LIMIT,1702046046176,33046,0.006258
JASMYUSDT,BUY,LIMIT,1702046047342,12189,0.006259
JASMYUSDT,BUY,LIMIT,1702046048898,206577,0.006265
JASMYUSDT,BUY,LIMIT,1702046060276,2081,0.006276
JASMYUSDT,BUY,LIMIT,1702046061613,94745,0.006276
JASMYUSDT,SELL,LIMIT,1702047719461,1146,0.005970
JASMYUSDT,SELL,LIMIT,1702050554272,113378,0.006009
JASMYUSDT,SELL,LIMIT,1702050723341,64904,0.005987
JASMYUSDT,BUY,LIMIT,1702052530226,12836,0.006250
JASMYUSDT,SELL,LIMIT,1702053214363,5976,0.007038
JASMYUSDT,BUY,LIMIT,1702055178129,39255,0.006287
JASMYUSDT,BUY,LIMIT,1702055462103,34636,0.006256
JASMYUSDT,BUY,LIMIT,1702056054109,64277,0.006307
JASMYUSDT,BUY,LIMIT,1702056089330,81912,0.006312
JASMYUSDT,BUY,LIMIT,1702056091063,25435,0.006313
JASMYUSDT,BUY,LIMIT,1702056105338,16622,0.006315
JASMYUSDT,BUY,LIMIT,1702056167287,31720,0.006319
JASMYUSDT,BUY,LIMIT,1702056198861,16780,0.006323
JASMYUSDT,BUY,LIMIT,1702056214731,94910,0.006331
JASMYUSDT,BUY,LIMIT,1702056233512,16892,0.006332
JASMYUSDT,BUY,LIMIT,1702056755968,6245,0.006338
JASMYUSDT,BUY,LIMIT,1702056764328,557120,0.006347
JASMYUSDT,BUY,LIMIT,1702056768863,43676,0.006348
JASMYUSDT,BUY,LIMIT,1702056782984,2478,0.006351
JASMYUSDT,BUY,LIMIT,1702056809133,914,0.006355
JASMYUSDT,BUY,LIMIT,1702056810159,90460,0.006354
JASMYUSDT,BUY,LIMIT,1702056866146,824,0.006372
JASMYUSDT,BUY,LIMIT,1702056903294,3699,0.006375
JASMYUSDT,BUY,LIMIT,1702057032706,3263,0.006390
JASMYUSDT,BUY,LIMIT,1702057034343,17104,0.006398
JASMYUSDT,BUY,LIMIT,1702057663947,6977,0.006415
JASMYUSDT,BUY,LIMIT,1702057671390,163398,0.006425
JASMYUSDT,BUY,LIMIT,1702057676248,2000,0.006429
JASMYUSDT,BUY,LIMIT,1702057732406,13169,0.006440
JASMYUSDT,BUY,LIMIT,1702059546715,82218,0.006451
JASMYUSDT,BUY,LIMIT,1702059602070,47249,0.006453
JASMYUSDT,BUY,LIMIT,1702060191427,1081,0.006419
JASMYUSDT,BUY,LIMIT,1702064737449,3760,0.006371
JASMYUSDT,BUY,LIMIT,1702066448304,43404,0.006368
JASMYUSDT,BUY,LIMIT,1702067590378,333500,0.006359
JASMYUSDT,BUY,LIMIT,1702070625984,64481,0.006361
JASMYUSDT,BUY,LIMIT,1702074074725,4474,0.006363
JASMYUSDT,BUY,LIMIT,1702075528134,172732,0.006380
JASMYUSDT,BUY,LIMIT,1702078502987,934,0.006404
JASMYUSDT,BUY,LIMIT,1702078943204,39629,0.006436
JASMYUSDT,BUY,LIMIT,1702080431566,3153,0.006424
JASMYUSDT,BUY,LIMIT,1702080555480,74033,0.006431
JASMYUSDT,BUY,LIMIT,1702080753697,7999,0.006478
JASMYUSDT,BUY,LIMIT,1702081954711,15768,0.006494
JASMYUSDT,BUY,LIMIT,1702082084142,3255,0.006502
JASMYUSDT,BUY,LIMIT,1702082427190,160901,0.006526
JASMYUSDT,BUY,LIMIT,1702082957417,47183,0.006493
JASMYUSDT,BUY,LIMIT,1702094757471,5572,0.006432
JASMYUSDT,BUY,LIMIT,1702102344318,6325,0.006422
JASMYUSDT,BUY,LIMIT,1702103600472,4900,0.006452
JASMYUSDT,BUY,LIMIT,1702105876224,63,0.006461
JASMYUSDT,BUY,LIMIT,1702107142277,290225,0.006437
JASMYUSDT,BUY,LIMIT,1702108316972,83478,0.006468
JASMYUSDT,BUY,LIMIT,1702109747578,387740,0.006477
JASMYUSDT,BUY,LIMIT,1702109776976,8225,0.006479
JASMYUSDT,BUY,LIMIT,1702109792129,40417,0.006485
JASMYUSDT,SELL,LIMIT,1702110859825,2474,0.006171
JASMYUSDT,SELL,LIMIT,1702110968990,32412,0.006110
JASMYUSDT,SELL,LIMIT,1702110974398,13613,0.006101
JASMYUSDT,SELL,LIMIT,1702111035735,15213,0.006072
JASMYUSDT,SELL,LIMIT,1702111038854,57618,0.006067
JASMYUSDT,SELL,LIMIT,1702111040553,24067,0.006065
JASMYUSDT,SELL,LIMIT,1702111045351,16790,0.006045
JASMYUSDT,SELL,LIMIT,1702111046578,2703,0.006033
JASMYUSDT,SELL,LIMIT,1702111203594,7843,0.006025
JASMYUSDT,SELL,LIMIT,1702111380284,33684,0.005995
JASMYUSDT,SELL,LIMIT,1702111381309,46876,0.005998
JASMYUSDT,SELL,LIMIT,1702111387251,15878,0.005987
JASMYUSDT,SELL,LIMIT,1702111388455,20169,0.005985
JASMYUSDT,SELL,LIMIT,1702111389904,62789,0.005984
JASMYUSDT,BUY,LIMIT,1702114271003,6211,0.006378
JASMYUSDT,BUY,LIMIT,1702132970133,15073,0.006282
JASMYUSDT,SELL,LIMIT,1702133004733,6250,0.006010
JASMYUSDT,SELL,LIMIT,1702139267557,24105,0.006199
JASMYUSDT,BUY,LIMIT,1702141564518,1614,0.006391
JASMYUSDT,SELL,LIMIT,1702162641034,16684,0.005979
JASMYUSDT,SELL,LIMIT,1702162642547,6077,0.005970
JASMYUSDT,SELL,LIMIT,1702164065565,108599,0.005963
JASMYUSDT,SELL,LIMIT,1702164068196,6430,0.005960
JASMYUSDT,SELL,LIMIT,1702164115501,28185,0.005954
JASMYUSDT,SELL,LIMIT,1702164117232,6763,0.005953
JASMYUSDT,SELL,LIMIT,1702164273692,47704,0.005940
JASMYUSDT,SELL,LIMIT,1702164386128,4240,0.005935
JASMYUSDT,SELL,LIMIT,1702164387180,42155,0.005935
JASMYUSDT,SELL,LIMIT,1702164388373,203938,0.005931
JASMYUSDT,SELL,LIMIT,1702164535222,315568,0.005918
JASMYUSDT,SELL,LIMIT,1702164541269,267588,0.005912
JASMYUSDT,SELL,LIMIT,1702164543535,54647,0.005910
JASMYUSDT,SELL,LIMIT,1702164556365,32154,0.005910
JASMYUSDT,SELL,LIMIT,1702164749578,112826,0.005892
JASMYUSDT,SELL,LIMIT,1702164754478,83944,0.005889
JASMYUSDT,SELL,LIMIT,1702164775142,243581,0.005890
JASMYUSDT,SELL,LIMIT,1702164800987,11556,0.005883
JASMYUSDT,SELL,LIMIT,1702164802140,226689,0.005882
JASMYUSDT,SELL,LIMIT,1702164803538,123456,0.005871
JASMYUSDT,SELL,LIMIT,1702164804565,425783,0.005870
JASMYUSDT,SELL,LIMIT,1702164807369,43996,0.005866
JASMYUSDT,SELL,LIMIT,1702164808658,4486,0.005864
JASMYUSDT,SELL,LIMIT,1702164810008,1044,0.005862
JASMYUSDT,SELL,LIMIT,1702164811100,32462,0.005857
JASMYUSDT,BUY,LIMIT,1702166242200,3360,0.006159
JASMYUSDT,BUY,LIMIT,1702170822974,19436,0.006298
JASMYUSDT,BUY,LIMIT,1702171094370,154618,0.006302
JASMYUSDT,SELL,LIMIT,1702191300566,848,0.006121
JASMYUSDT,BUY,LIMIT,1702196683841,30000,0.006289
JASMYUSDT,SELL,LIMIT,1702200765438,252457,0.005971
JASMYUSDT,SELL,LIMIT,1702201492006,820,0.005942
JASMYUSDT,SELL,LIMIT,1702202157134,7931,0.005917
JASMYUSDT,SELL,LIMIT,1702202289886,88067,0.005910
JASMYUSDT,SELL,LIMIT,1702202298160,969,0.005906
JASMYUSDT,SELL,LIMIT,1702202318311,14992,0.005906
JASMYUSDT,SELL,LIMIT,1702202323568,980,0.005903
JASMYUSDT,SELL,LIMIT,1702202379255,8845,0.005897
JASMYUSDT,SELL,LIMIT,1702202380363,788,0.005896
JASMYUSDT,BUY,LIMIT,1702202386354,2500,0.006129
JASMYUSDT,BUY,LIMIT,1702233500556,17925,0.006328
JASMYUSDT,SELL,LIMIT,1702235728142,81618,0.006155
JASMYUSDT,BUY,LIMIT,1702239319821,75890,0.006352
JASMYUSDT,BUY,LIMIT,1702240701921,32658,0.006451
JASMYUSDT,BUY,LIMIT,1702240714058,56027,0.006451
JASMYUSDT,BUY,LIMIT,1702241341837,39779,0.006466
JASMYUSDT,BUY,LIMIT,1702250752351,816,0.006314
JASMYUSDT,BUY,LIMIT,1702253834533,421,0.006341
JASMYUSDT,SELL,LIMIT,1702256620301,15820,0.006015
JASMYUSDT,SELL,LIMIT,1702256921066,20234,0.005983
JASMYUSDT,SELL,LIMIT,1702256972386,79440,0.005975
JASMYUSDT,SELL,LIMIT,1702256981452,9530,0.005972
JASMYUSDT,SELL,LIMIT,1702256988567,803715,0.005968
JASMYUSDT,SELL,LIMIT,1702260430397,7871,0.006037
JASMYUSDT,SELL,LIMIT,1702260434132,55974,0.006029
JASMYUSDT,SELL,LIMIT,1702260440169,52012,0.006116
JASMYUSDT,SELL,LIMIT,1702260628733,836,0.006001
JASMYUSDT,SELL,LIMIT,1702260630615,232960,0.006024
JASMYUSDT,SELL,LIMIT,1702260632320,29120,0.005987
JASMYUSDT,SELL,LIMIT,1702260636028,77296,0.005976
JASMYUSDT,SELL,LIMIT,1702260699185,27728,0.005948
JASMYUSDT,SELL,LIMIT,1702260708990,10021,0.005924
JASMYUSDT,SELL,LIMIT,1702260710289,958,0.005923
JASMYUSDT,SELL,LIMIT,1702260711571,6178,0.005920
JASMYUSDT,SELL,LIMIT,1702260715116,78227,0.005927
JASMYUSDT,SELL,LIMIT,1702260717143,337042,0.005913
JASMYUSDT,SELL,LIMIT,1702260720303,4057,0.005901
JASMYUSDT,SELL,LIMIT,1702260721494,16173,0.005917
JASMYUSDT,SELL,LIMIT,1702260722603,53934,0.005902
JASMYUSDT,SELL,LIMIT,1702260723833,750000,0.005933
JASMYUSDT,SELL,LIMIT,1702260724893,8002,0.005897
JASMYUSDT,SELL,LIMIT,1702260727627,83570,0.005898
JASMYUSDT,SELL,LIMIT,1702260730702,22532,0.005891
JASMYUSDT,SELL,LIMIT,1702260731767,18436,0.005891
JASMYUSDT,SELL,LIMIT,1702260733670,130355,0.005888
JASMYUSDT,SELL,LIMIT,1702260735827,10881,0.005879
JASMYUSDT,SELL,LIMIT,1702260737155,782747,0.005866
JASMYUSDT,SELL,LIMIT,1702260738418,32590,0.005853
JASMYUSDT,SELL,LIMIT,1702260740435,34215,0.005850
JASMYUSDT,SELL,LIMIT,1702260741575,5700,0.005842
JASMYUSDT,SELL,LIMIT,1702260742653,5702,0.005931
JASMYUSDT,SELL,LIMIT,1702260743936,816708,0.005840
JASMYUSDT,SELL,LIMIT,1702260744975,64635,0.005838
JASMYUSDT,SELL,LIMIT,1702260746418,20709,0.005827
JASMYUSDT,SELL,LIMIT,1702260747703,16194,0.005810
JASMYUSDT,SELL,LIMIT,1702260748776,18173,0.005810
JASMYUSDT,SELL,LIMIT,1702260750308,275139,0.005809
JASMYUSDT,SELL,LIMIT,1702260752045,83153,0.005922
JASMYUSDT,SELL,LIMIT,1702260753307,2995,0.005805
JASMYUSDT,SELL,LIMIT,1702260756014,783818,0.005807
JASMYUSDT,SELL,LIMIT,1702260757507,36025,0.005799
JASMYUSDT,SELL,LIMIT,1702260759013,98409,0.005811
JASMYUSDT,SELL,LIMIT,1702260760059,40391,0.005789
JASMYUSDT,BUY,LIMIT,1702260761113,2489,0.006005
JASMYUSDT,SELL,LIMIT,1702260762580,6827,0.005979
JASMYUSDT,SELL,LIMIT,1702260763643,23771,0.005745
JASMYUSDT,SELL,LIMIT,1702260764659,4108,0.005710
JASMYUSDT,SELL,LIMIT,1702260765722,1618,0.005710
JASMYUSDT,SELL,LIMIT,1702260766716,1618,0.005710
JASMYUSDT,SELL,LIMIT,1702260767883,1620,0.005722
JASMYUSDT,SELL,LIMIT,1702260769106,23115,0.005722
JASMYUSDT,BUY,LIMIT,1702260770331,2672,0.005835
JASMYUSDT,SELL,LIMIT,1702260771355,62079,0.005764
JASMYUSDT,SELL,LIMIT,1702260772703,469299,0.005713
JASMYUSDT,SELL,LIMIT,1702260774088,2483,0.005712
JASMYUSDT,SELL,LIMIT,1702260775105,94012,0.005720
JASMYUSDT,SELL,LIMIT,1702260776125,10000,0.005718
JASMYUSDT,SELL,LIMIT,1702260777462,5000,0.005765
JASMYUSDT,SELL,LIMIT,1702260779212,1618,0.005715
JASMYUSDT,SELL,LIMIT,1702260780616,92176,0.005713
JASMYUSDT,SELL,LIMIT,1702260781847,9611,0.005710
JASMYUSDT,SELL,LIMIT,1702260783050,1620,0.005711
JASMYUSDT,BUY,LIMIT,1702260784431,3210,0.005939
JASMYUSDT,SELL,LIMIT,1702260785494,17903,0.005707
JASMYUSDT,SELL,LIMIT,1702260786494,2126,0.005689
JASMYUSDT,SELL,LIMIT,1702260787543,315308,0.005689
JASMYUSDT,SELL,LIMIT,1702260788689,14628,0.006091
JASMYUSDT,SELL,LIMIT,1702260789835,1620,0.005690
JASMYUSDT,SELL,LIMIT,1702260790990,141972,0.005690
JASMYUSDT,SELL,LIMIT,1702260791991,2054,0.005677
JASMYUSDT,SELL,LIMIT,1702260793435,2337,0.005606
JASMYUSDT,SELL,LIMIT,1702260794492,3524,0.005605
JASMYUSDT,SELL,LIMIT,1702260795564,3559,0.005603
JASMYUSDT,SELL,LIMIT,1702260797270,1522,0.005562
JASMYUSDT,SELL,LIMIT,1702260798305,120831,0.005556
JASMYUSDT,SELL,LIMIT,1702260799403,94039,0.005541
JASMYUSDT,SELL,LIMIT,1702260800477,25054,0.005530
JASMYUSDT,SELL,LIMIT,1702260801615,890,0.005529
JASMYUSDT,SELL,LIMIT,1702260802669,19207,0.005493
JASMYUSDT,SELL,LIMIT,1702260805450,89087,0.005473
JASMYUSDT,SELL,LIMIT,1702260806533,3951,0.005726
JASMYUSDT,SELL,LIMIT,1702260807799,1622,0.005475
JASMYUSDT,SELL,LIMIT,1702260810572,26077,0.005461
JASMYUSDT,SELL,LIMIT,1702260811640,10704,0.005439
JASMYUSDT,SELL,LIMIT,1702260812650,1030151,0.005464
JASMYUSDT,SELL,LIMIT,1702260814194,27625,0.005434
JASMYUSDT,SELL,LIMIT,1702260815627,74939,0.005440
JASMYUSDT,SELL,LIMIT,1702260817094,32294,0.005423
JASMYUSDT,SELL,LIMIT,1702260818280,868,0.005436
JASMYUSDT,SELL,LIMIT,1702260825128,9117,0.005420
JASMYUSDT,SELL,LIMIT,1702260829104,182439,0.005412
JASMYUSDT,SELL,LIMIT,1702260830203,201496,0.005410
JASMYUSDT,SELL,LIMIT,1702260832153,184555,0.005396
JASMYUSDT,SELL,LIMIT,1702260833180,25554,0.005399
JASMYUSDT,SELL,LIMIT,1702260834242,37719,0.005372
JASMYUSDT,SELL,LIMIT,1702260835474,50810,0.005321
JASMYUSDT,SELL,LIMIT,1702260836587,6784,0.005351
JASMYUSDT,SELL,LIMIT,1702262873709,9325,0.005534
JASMYUSDT,SELL,LIMIT,1702265724235,1622,0.005736
JASMYUSDT,SELL,LIMIT,1702266101500,1622,0.005789
