Symbol,Side,Order Type,Time,Quantity,Price
JOEUSDT,BUY,LIMIT,1701068996811,37,0.3817989
JOEUSDT,SELL,LIMIT,1701081437370,27,0.3600283
JOEUSDT,SELL,LIMIT,1701082624081,200,0.3590806
JOEUSDT,SELL,LIMIT,1701082706593,731,0.3579493
JOEUSDT,SELL,LIMIT,1701097103073,239,0.3573508
JOEUSDT,SELL,LIMIT,1701100767453,1542,0.3572006
JOEUSDT,SELL,LIMIT,1701111840099,1060,0.3589583
JOEUSDT,SELL,LIMIT,1701114461559,246,0.3541251
JOEUSDT,SELL,LIMIT,1701114479302,606,0.3534882
JOEUSDT,SELL,LIMIT,1701114492273,580,0.3531743
JOEUSDT,SELL,LIMIT,1701149824961,3071,0.3553287
JOEUSDT,SELL,LIMIT,1701149854354,288,0.3554221
JOEUSDT,SELL,LIMIT,1701151263535,816,0.3533522
JOEUSDT,BUY,LIMIT,1701189613720,273,0.3840003
JOEUSDT,SELL,LIMIT,1701190172448,533,0.3693536
JOEUSDT,BUY,LIMIT,1701190811516,3333,0.3857885
JOEUSDT,BUY,LIMIT,1701247849420,1157,0.3915780
JOEUSDT,SELL,LIMIT,1701266444368,811,0.3689862
JOEUSDT,SELL,LIMIT,1701270616388,104,0.3623233
JOEUSDT,SELL,LIMIT,1701275932695,2638,0.3633509
JOEUSDT,SELL,LIMIT,1701284960139,16,0.3686890
JOEUSDT,BUY,LIMIT,1701376753282,195,0.3947884
JOEUSDT,BUY,LIMIT,1701377040958,125,0.3958429
JOEUSDT,BUY,LIMIT,1701377614791,13,0.3964511
JOEUSDT,BUY,LIMIT,1701378875176,553,0.3975373
JOEUSDT,BUY,LIMIT,1701380011562,37,0.4009588
JOEUSDT,BUY,LIMIT,1701380106385,20,0.4015868
JOEUSDT,BUY,LIMIT,1701380174582,48,0.4021752
JOEUSDT,BUY,LIMIT,1701393555230,65,0.3997130
JOEUSDT,BUY,LIMIT,1701393669619,736,0.4007953
JOEUSDT,BUY,LIMIT,1701403202322,307,0.4121658
JOEUSDT,BUY,LIMIT,1701403568052,758,0.4141534
JOEUSDT,BUY,LIMIT,1701403770967,771,0.4150266
JOEUSDT,BUY,LIMIT,1701404667330,75,0.4150796
JOEUSDT,BUY,LIMIT,1701407961713,659,0.4167226
JOEUSDT,BUY,LIMIT,1701409469368,89,0.4205247
JOEUSDT,BUY,LIMIT,1701409478895,982,0.4213742
JOEUSDT,BUY,LIMIT,1701409481402,118,0.4215658
JOEUSDT,BUY,LIMIT,1701410006582,66,0.4231421
JOEUSDT,BUY,LIMIT,1701410507042,350,0.4250759
JOEUSDT,BUY,LIMIT,1701413205313,1894,0.4264117
JOEUSDT,BUY,LIMIT,1701413215803,70,0.4266557
JOEUSDT,BUY,LIMIT,1701413368159,1008,0.4307934
JOEUSDT,BUY,LIMIT,1701414457810,81,0.4326969
JOEUSDT,BUY,LIMIT,1701414481603,12518,0.4334228
JOEUSDT,BUY,LIMIT,1701414854926,911,0.4356474
JOEUSDT,BUY,LIMIT,1701414880662,915,0.4361995
JOEUSDT,SELL,LIMIT,1701416264886,34,0.4130481
JOEUSDT,SELL,LIMIT,1701419545342,88,0.4135765
JOEUSDT,BUY,LIMIT,1701424030956,1212,0.4307166
JOEUSDT,BUY,LIMIT,1701424673321,12,0.4382287
JOEUSDT,BUY,LIMIT,1701424688457,60,0.4388489
JOEUSDT,BUY,LIMIT,1701424735388,145,0.4402624
JOEUSDT,BUY,LIMIT,1701424776061,636,0.4407659
JOEUSDT,BUY,LIMIT,1701424839518,12,0.4408850
JOEUSDT,BUY,LIMIT,1701424843919,32,0.4409999
JOEUSDT,BUY,LIMIT,1701424862892,51,0.4411259
JOEUSDT,BUY,LIMIT,1701424869702,55,0.4413098
JOEUSDT,BUY,LIMIT,1701424901320,24,0.4417345
JOEUSDT,BUY,LIMIT,1701424917078,9,0.4421657
JOEUSDT,BUY,LIMIT,1701424920044,14,0.4422421
JOEUSDT,BUY,LIMIT,1701424924320,4213,0.4424574
JOEUSDT,BUY,LIMIT,1701425006862,2224,0.4429427
JOEUSDT,BUY,LIMIT,1701425007922,6553,0.4430509
JOEUSDT,BUY,LIMIT,1701425025177,49,0.4432329
JOEUSDT,BUY,LIMIT,1701425049927,283,0.4439604
JOEUSDT,BUY,LIMIT,1701425053844,672,0.4442587
JOEUSDT,BUY,LIMIT,1701425088135,2416,0.4444521
JOEUSDT,BUY,LIMIT,1701425089189,221,0.4443533
JOEUSDT,BUY,LIMIT,1701425090417,197,0.4447809
JOEUSDT,BUY,LIMIT,1701425092181,248,0.4452098
JOEUSDT,BUY,LIMIT,1701426820108,2062,0.4456336
JOEUSDT,BUY,LIMIT,1701426823641,5188,0.4460216
JOEUSDT,BUY,LIMIT,1701426903762,171,0.4460338
JOEUSDT,BUY,LIMIT,1701426907156,14,0.4462464
JOEUSDT,BUY,LIMIT,1701426908355,51,0.4465849
JOEUSDT,BUY,LIMIT,1701426909362,38,0.4466115
JOEUSDT,BUY,LIMIT,1701426934190,882,0.4467830
JOEUSDT,BUY,LIMIT,1701426935413,317,0.4466630
JOEUSDT,BUY,LIMIT,1701426981040,1857,0.4468721
JOEUSDT,BUY,LIMIT,1701427465171,41,0.4473957
JOEUSDT,BUY,LIMIT,1701427466710,14,0.4475251
JOEUSDT,BUY,LIMIT,1701427468109,322,0.4480261
JOEUSDT,SELL,LIMIT,1701431422212,528,0.4172429
JOEUSDT,SELL,LIMIT,1701432781384,1113,0.4167420
JOEUSDT,SELL,LIMIT,1701432782929,478,0.4164770
JOEUSDT,SELL,LIMIT,1701432881307,117,0.4156460
JOEUSDT,SELL,LIMIT,1701432882423,1445,0.4155226
JOEUSDT,SELL,LIMIT,1701432886532,83,0.4153128
JOEUSDT,SELL,LIMIT,1701434782562,1396,0.4152318
JOEUSDT,SELL,LIMIT,1701434842259,451,0.4146017
JOEUSDT,SELL,LIMIT,1701434849495,452,0.4145528
JOEUSDT,SELL,LIMIT,1701434889025,459,0.4139392
JOEUSDT,SELL,LIMIT,1701435058254,369,0.4134676
JOEUSDT,SELL,LIMIT,1701438180472,680,0.4194401
JOEUSDT,BUY,LIMIT,1701440128854,13,0.4441434
JOEUSDT,BUY,LIMIT,1701440133328,348,0.4448767
JOEUSDT,BUY,LIMIT,1701440142774,187,0.4450421
JOEUSDT,BUY,LIMIT,1701440156012,172,0.4451228
JOEUSDT,BUY,LIMIT,1701440161612,58,0.4455127
JOEUSDT,BUY,LIMIT,1701440168124,51,0.4457208
JOEUSDT,BUY,LIMIT,1701441615433,2046,0.4422408
JOEUSDT,BUY,LIMIT,1701442036120,50,0.4328677
JOEUSDT,SELL,LIMIT,1701442323066,1002,0.4151377
JOEUSDT,BUY,LIMIT,1701447169130,36,0.4212889
JOEUSDT,BUY,LIMIT,1701447383267,46,0.4389060
JOEUSDT,BUY,LIMIT,1701447394861,217,0.4388015
JOEUSDT,BUY,LIMIT,1701447538279,103,0.4376155
JOEUSDT,BUY,LIMIT,1701447546850,242,0.4397682
JOEUSDT,BUY,LIMIT,1701447701357,23,0.4409460
JOEUSDT,BUY,LIMIT,1701447712806,292,0.4387563
JOEUSDT,BUY,LIMIT,1701447893475,135,0.4418738
JOEUSDT,BUY,LIMIT,1701447911390,75,0.4416782
JOEUSDT,BUY,LIMIT,1701447988868,24,0.4421637
JOEUSDT,BUY,LIMIT,1701448086195,947,0.4423740
JOEUSDT,BUY,LIMIT,1701448533570,39,0.4417717
JOEUSDT,BUY,LIMIT,1701450673910,172,0.4448428
JOEUSDT,BUY,LIMIT,1701451302509,51,0.4453454
JOEUSDT,BUY,LIMIT,1701451313181,667,0.4457638
JOEUSDT,BUY,LIMIT,1701451317154,2267,0.4458738
JOEUSDT,BUY,LIMIT,1701451322178,53,0.4461893
JOEUSDT,BUY,LIMIT,1701451362206,27,0.4463949
JOEUSDT,BUY,LIMIT,1701451399086,1443,0.4466646
JOEUSDT,BUY,LIMIT,1701451400186,94,0.4467048
JOEUSDT,BUY,LIMIT,1701451403415,37,0.4469146
JOEUSDT,BUY,LIMIT,1701451412116,116,0.4471296
JOEUSDT,BUY,LIMIT,1701451507299,31,0.4474567
JOEUSDT,BUY,LIMIT,1701451530268,488,0.4478399
JOEUSDT,BUY,LIMIT,1701451553752,27,0.4482361
JOEUSDT,BUY,LIMIT,1701451578858,15,0.4485312
JOEUSDT,BUY,LIMIT,1701451581811,27,0.4487789
JOEUSDT,BUY,LIMIT,1701451604139,45,0.4497533
JOEUSDT,BUY,LIMIT,1701451606325,373,0.4499869
JOEUSDT,BUY,LIMIT,1701453793318,23,0.4492900
JOEUSDT,BUY,LIMIT,1701453795775,177,0.4492477
JOEUSDT,BUY,LIMIT,1701455096135,450,0.4463138
JOEUSDT,BUY,LIMIT,1701455758211,118,0.4511377
JOEUSDT,SELL,LIMIT,1701476535226,99,0.4256485
JOEUSDT,BUY,LIMIT,1701485994474,2947,0.4373371
JOEUSDT,BUY,LIMIT,1701485997114,183,0.4321717
JOEUSDT,SELL,LIMIT,1701485999330,57,0.4251203
JOEUSDT,BUY,LIMIT,1701486001386,4700,0.4425533
JOEUSDT,BUY,LIMIT,1701486002421,2405,0.4425533
JOEUSDT,BUY,LIMIT,1701486004025,8117,0.4427175
JOEUSDT,BUY,LIMIT,1701486006158,1036,0.4430312
JOEUSDT,BUY,LIMIT,1701486007223,244,0.4433658
JOEUSDT,BUY,LIMIT,1701487230237,60,0.4456643
JOEUSDT,BUY,LIMIT,1701489066135,13,0.4458977
JOEUSDT,SELL,LIMIT,1701489261928,13,0.4274793
JOEUSDT,BUY,LIMIT,1701489560297,99,0.4465915
JOEUSDT,BUY,LIMIT,1701492963435,11028,0.4497360
JOEUSDT,SELL,LIMIT,1701496474236,229,0.4308081
JOEUSDT,BUY,LIMIT,1701498273063,187,0.4488805
JOEUSDT,BUY,LIMIT,1701500796813,20,0.4471110
JOEUSDT,BUY,LIMIT,1701504051690,34,0.4515439
JOEUSDT,BUY,LIMIT,1701504067453,400,0.4515890
JOEUSDT,BUY,LIMIT,1701504071772,762,0.4521157
JOEUSDT,BUY,LIMIT,1701504086150,240,0.4528268
JOEUSDT,BUY,LIMIT,1701504087326,150,0.4527934
