Symbol,Side,Order Type,Time,Quantity,Price
JOEUSDT,BUY,LIMIT,1701924133959,514,0.5231496
JOEUSDT,SELL,LIMIT,1701931653510,697,0.4985949
JOEUSDT,BUY,LIMIT,1701932032075,97,0.5174552
JOEUSDT,SELL,LIMIT,1701937400502,107,0.4925034
JOEUSDT,SELL,LIMIT,1701941187671,1094,0.4908629
JOEUSDT,SELL,LIMIT,1701941244394,3320,0.4904438
JOEUSDT,BUY,LIMIT,1701946892323,343,0.5385155
JOEUSDT,BUY,LIMIT,1701946919205,6162,0.5461857
JOEUSDT,BUY,LIMIT,1701946923620,97,0.5490389
JOEUSDT,SELL,LIMIT,1701950560067,229,0.5086371
JOEUSDT,SELL,LIMIT,1701951047326,647,0.5038912
JOEUSDT,BUY,LIMIT,1701953976590,1,0.5347890
JOEUSDT,BUY,LIMIT,1701963684978,7182,0.5349261
JOEUSDT,BUY,LIMIT,1701970161362,89,0.5494501
JOEUSDT,BUY,LIMIT,1701970166130,28,0.5504353
JOEUSDT,BUY,LIMIT,1701970169309,76,0.5509028
JOEUSDT,BUY,LIMIT,1701970180130,123,0.5514490
JOEUSDT,BUY,LIMIT,1701970200798,230,0.5505960
JOEUSDT,SELL,LIMIT,1701976833115,92,0.5029857
JOEUSDT,BUY,LIMIT,1702000447304,97,0.5398084
JOEUSDT,BUY,LIMIT,1702005510136,3885,0.5438288
JOEUSDT,BUY,LIMIT,1702006617214,16,0.5511271
JOEUSDT,BUY,LIMIT,1702007032113,489,0.5525910
JOEUSDT,BUY,LIMIT,1702007154540,54,0.5527052
JOEUSDT,BUY,LIMIT,1702007204073,63,0.5531407
JOEUSDT,BUY,LIMIT,1702008122891,1832,0.5555370
JOEUSDT,BUY,LIMIT,1702008124542,32,0.5556738
JOEUSDT,BUY,LIMIT,1702008126465,93,0.5558691
JOEUSDT,BUY,LIMIT,1702009153352,366,0.5589715
JOEUSDT,BUY,LIMIT,1702009289069,230,0.5596876
JOEUSDT,BUY,LIMIT,1702009698179,28,0.5625568
JOEUSDT,BUY,LIMIT,1702009775050,1279,0.5651679
JOEUSDT,BUY,LIMIT,1702009797289,1457,0.5658650
JOEUSDT,BUY,LIMIT,1702009819873,13,0.5670336
JOEUSDT,BUY,LIMIT,1702009823065,24,0.5673197
JOEUSDT,BUY,LIMIT,1702009844917,92,0.5679418
JOEUSDT,BUY,LIMIT,1702009870502,290,0.5686758
JOEUSDT,BUY,LIMIT,1702009872599,696,0.5688927
JOEUSDT,BUY,LIMIT,1702009875859,166,0.5690003
JOEUSDT,BUY,LIMIT,1702010264453,6282,0.5709857
JOEUSDT,BUY,LIMIT,1702010282588,32,0.5720796
JOEUSDT,BUY,LIMIT,1702010287129,361,0.5725609
JOEUSDT,BUY,LIMIT,1702010446496,152,0.5732369
JOEUSDT,BUY,LIMIT,1702010456390,40,0.5756507
JOEUSDT,BUY,LIMIT,1702010457668,912,0.5758738
JOEUSDT,SELL,LIMIT,1702011874166,17,0.5347413
JOEUSDT,SELL,LIMIT,1702011875423,61,0.5354128
JOEUSDT,SELL,LIMIT,1702011911736,88,0.5324922
JOEUSDT,SELL,LIMIT,1702012008034,64,0.5302901
JOEUSDT,BUY,LIMIT,1702014589999,3691,0.5529090
JOEUSDT,BUY,LIMIT,1702015774240,116,0.5501239
JOEUSDT,SELL,LIMIT,1702021484417,1184,0.5301744
JOEUSDT,SELL,LIMIT,1702028944490,94,0.5341738
JOEUSDT,BUY,LIMIT,1702039690195,11,0.5649907
JOEUSDT,BUY,LIMIT,1702039763902,2293,0.5661942
JOEUSDT,BUY,LIMIT,1702045257324,386,0.5680475
JOEUSDT,BUY,LIMIT,1702045476594,80,0.5697191
JOEUSDT,BUY,LIMIT,1702045541775,1754,0.5723304
JOEUSDT,BUY,LIMIT,1702045736480,366,0.5730466
JOEUSDT,BUY,LIMIT,1702046003130,4547,0.5765950
JOEUSDT,BUY,LIMIT,1702051533224,3200,0.5714776
JOEUSDT,BUY,LIMIT,1702052530226,165,0.5714916
JOEUSDT,SELL,LIMIT,1702055502489,122,0.5516657
JOEUSDT,BUY,LIMIT,1702056099897,427,0.5787868
JOEUSDT,BUY,LIMIT,1702057007763,39,0.5804305
JOEUSDT,BUY,LIMIT,1702057511234,1025,0.5835629
JOEUSDT,BUY,LIMIT,1702057651374,250,0.5842258
JOEUSDT,BUY,LIMIT,1702057803363,962,0.5863596
JOEUSDT,BUY,LIMIT,1702058141327,116,0.5880180
JOEUSDT,BUY,LIMIT,1702058212711,413,0.5884820
JOEUSDT,BUY,LIMIT,1702058217087,2040,0.5888876
JOEUSDT,BUY,LIMIT,1702058951604,10,0.5908684
JOEUSDT,BUY,LIMIT,1702058974921,617,0.5912219
JOEUSDT,BUY,LIMIT,1702058984853,93,0.5918224
JOEUSDT,BUY,LIMIT,1702059011443,25,0.5920871
JOEUSDT,BUY,LIMIT,1702059014500,40,0.5921749
JOEUSDT,BUY,LIMIT,1702059028738,10,0.5932079
JOEUSDT,BUY,LIMIT,1702059066671,10,0.5942072
JOEUSDT,BUY,LIMIT,1702062826504,25,0.5978607
JOEUSDT,BUY,LIMIT,1702062837623,1800,0.5981212
JOEUSDT,BUY,LIMIT,1702062863463,16097,0.6005127
JOEUSDT,BUY,LIMIT,1702062884914,497,0.6005993
JOEUSDT,BUY,LIMIT,1702062891460,1,0.6006141
JOEUSDT,BUY,LIMIT,1702063268340,8719,0.6014825
JOEUSDT,BUY,LIMIT,1702063298973,153,0.6021891
JOEUSDT,BUY,LIMIT,1702063302383,2024,0.6027417
JOEUSDT,BUY,LIMIT,1702063321187,38,0.6046848
JOEUSDT,BUY,LIMIT,1702063325111,43,0.6056296
JOEUSDT,BUY,LIMIT,1702064065461,14,0.6064993
JOEUSDT,BUY,LIMIT,1702064087272,3803,0.6072761
JOEUSDT,BUY,LIMIT,1702064724087,304,0.6096558
JOEUSDT,BUY,LIMIT,1702064738855,88,0.6110189
JOEUSDT,BUY,LIMIT,1702064985715,1213,0.6125626
JOEUSDT,BUY,LIMIT,1702064997684,17,0.6140053
JOEUSDT,BUY,LIMIT,1702065010096,41,0.6152854
JOEUSDT,BUY,LIMIT,1702065050285,850,0.6176158
JOEUSDT,BUY,LIMIT,1702065054260,9327,0.6191523
JOEUSDT,BUY,LIMIT,1702065168322,672,0.6196517
JOEUSDT,BUY,LIMIT,1702065180378,203,0.6210836
JOEUSDT,BUY,LIMIT,1702065330735,20,0.6249734
JOEUSDT,BUY,LIMIT,1702065338366,171,0.6256827
JOEUSDT,BUY,LIMIT,1702065341446,1883,0.6263456
JOEUSDT,BUY,LIMIT,1702065350277,16,0.6263106
JOEUSDT,BUY,LIMIT,1702065351403,8375,0.6267306
JOEUSDT,BUY,LIMIT,1702065355407,114,0.6270792
JOEUSDT,BUY,LIMIT,1702065359072,50,0.6271215
JOEUSDT,BUY,LIMIT,1702065363206,1747,0.6277743
JOEUSDT,BUY,LIMIT,1702065364716,2264,0.6278916
JOEUSDT,BUY,LIMIT,1702065367121,294,0.6288632
JOEUSDT,BUY,LIMIT,1702065379383,256,0.6298800
JOEUSDT,BUY,LIMIT,1702065380546,830,0.6294756
JOEUSDT,BUY,LIMIT,1702065529197,4057,0.6291430
JOEUSDT,BUY,LIMIT,1702065549601,6438,0.6317521
JOEUSDT,BUY,LIMIT,1702065552023,8103,0.6320872
JOEUSDT,BUY,LIMIT,1702065618124,169,0.6344534
JOEUSDT,BUY,LIMIT,1702065620206,3214,0.6354770
JOEUSDT,BUY,LIMIT,1702065622941,93,0.6362814
JOEUSDT,BUY,LIMIT,1702065625130,21,0.6378915
JOEUSDT,BUY,LIMIT,1702065626204,17,0.6402914
JOEUSDT,BUY,LIMIT,1702065627474,1963,0.6403881
JOEUSDT,BUY,LIMIT,1702065693411,2633,0.6414360
JOEUSDT,BUY,LIMIT,1702065735471,223,0.6424639
JOEUSDT,BUY,LIMIT,1702065743587,340,0.6453884
JOEUSDT,BUY,LIMIT,1702065747592,228,0.6459230
JOEUSDT,SELL,LIMIT,1702066132509,218,0.6003331
JOEUSDT,SELL,LIMIT,1702066133552,462,0.6001484
JOEUSDT,SELL,LIMIT,1702066135446,1973,0.5994164
JOEUSDT,SELL,LIMIT,1702066151878,94,0.5987960
JOEUSDT,SELL,LIMIT,1702067416553,48,0.5974786
JOEUSDT,SELL,LIMIT,1702067417818,1770,0.5971452
JOEUSDT,SELL,LIMIT,1702067542880,60,0.5968990
JOEUSDT,SELL,LIMIT,1702067567134,23,0.5958601
JOEUSDT,BUY,LIMIT,1702068162157,1305,0.6366015
JOEUSDT,BUY,LIMIT,1702068170208,884,0.6420660
JOEUSDT,BUY,LIMIT,1702068171462,3553,0.6387220
JOEUSDT,BUY,LIMIT,1702068173384,37,0.6421693
JOEUSDT,BUY,LIMIT,1702068174445,15,0.6414544
JOEUSDT,BUY,LIMIT,1702068177161,547,0.6446111
JOEUSDT,BUY,LIMIT,1702068178486,148,0.6447078
JOEUSDT,BUY,LIMIT,1702068190208,1924,0.6458369
JOEUSDT,BUY,LIMIT,1702068191234,18,0.6465406
JOEUSDT,BUY,LIMIT,1702068193471,1822,0.6475025
JOEUSDT,BUY,LIMIT,1702068197491,2591,0.6486714
JOEUSDT,BUY,LIMIT,1702068203296,160,0.6497859
JOEUSDT,BUY,LIMIT,1702070658150,143,0.6352008
JOEUSDT,SELL,LIMIT,1702071736152,257,0.6032038
JOEUSDT,SELL,LIMIT,1702072099729,594,0.5995463
JOEUSDT,SELL,LIMIT,1702072158421,74,0.5987530
JOEUSDT,SELL,LIMIT,1702072330278,350,0.5977341
JOEUSDT,SELL,LIMIT,1702073594250,800,0.5938751
JOEUSDT,SELL,LIMIT,1702073714313,885,0.5934815
JOEUSDT,SELL,LIMIT,1702073770291,63,0.5930636
JOEUSDT,SELL,LIMIT,1702073772125,152,0.5927492
JOEUSDT,SELL,LIMIT,1702073773366,93,0.5926786
JOEUSDT,SELL,LIMIT,1702073816320,10,0.5918468
JOEUSDT,SELL,LIMIT,1702073818485,792,0.5911437
JOEUSDT,SELL,LIMIT,1702074022849,1929,0.5909245
JOEUSDT,SELL,LIMIT,1702074052461,25,0.5897007
JOEUSDT,SELL,LIMIT,1702074071534,2018,0.5879708
JOEUSDT,SELL,LIMIT,1702074131847,16,0.5869387
JOEUSDT,SELL,LIMIT,1702074729181,83,0.5840448
JOEUSDT,SELL,LIMIT,1702075284680,1758,0.5858622
JOEUSDT,BUY,LIMIT,1702078943204,355,0.6140532
JOEUSDT,BUY,LIMIT,1702080065402,515,0.6173726
JOEUSDT,BUY,LIMIT,1702080751951,113,0.6295185
JOEUSDT,BUY,LIMIT,1702080759576,231,0.6296467
JOEUSDT,BUY,LIMIT,1702080760775,1704,0.6302015
JOEUSDT,BUY,LIMIT,1702080763857,410,0.6305186
JOEUSDT,BUY,LIMIT,1702081253139,10,0.6316033
JOEUSDT,BUY,LIMIT,1702081353615,113,0.6325861
JOEUSDT,BUY,LIMIT,1702081508337,942,0.6338542
JOEUSDT,BUY,LIMIT,1702081595565,6000,0.6330120
JOEUSDT,BUY,LIMIT,1702081665589,14,0.6305566
JOEUSDT,BUY,LIMIT,1702082105322,32,0.6380100
JOEUSDT,BUY,LIMIT,1702082183410,229,0.6387288
JOEUSDT,BUY,LIMIT,1702082257073,213,0.6405767
JOEUSDT,BUY,LIMIT,1702082275676,1173,0.6424605
JOEUSDT,BUY,LIMIT,1702082356422,84,0.6431138
JOEUSDT,BUY,LIMIT,1702082471139,19,0.6453726
JOEUSDT,BUY,LIMIT,1702082475380,66,0.6455828
JOEUSDT,SELL,LIMIT,1702083888577,92,0.6123793
JOEUSDT,SELL,LIMIT,1702086907147,265,0.6101927
JOEUSDT,SELL,LIMIT,1702091220486,1000,0.6075105
JOEUSDT,BUY,LIMIT,1702094580570,30,0.6446626
JOEUSDT,BUY,LIMIT,1702094584135,32,0.6433668
JOEUSDT,BUY,LIMIT,1702094616202,126,0.6454468
JOEUSDT,BUY,LIMIT,1702097536583,48,0.6483761
JOEUSDT,BUY,LIMIT,1702098106111,51,0.6504410
JOEUSDT,BUY,LIMIT,1702098120714,69,0.6508597
JOEUSDT,BUY,LIMIT,1702098122096,34,0.6517073
JOEUSDT,BUY,LIMIT,1702098127099,14,0.6526840
JOEUSDT,BUY,LIMIT,1702098128616,19,0.6528985
JOEUSDT,BUY,LIMIT,1702102392197,90,0.6373917
JOEUSDT,BUY,LIMIT,1702102906902,10,0.6389280
JOEUSDT,BUY,LIMIT,1702103108062,50,0.6392351
JOEUSDT,BUY,LIMIT,1702103511528,158,0.6413548
JOEUSDT,BUY,LIMIT,1702103513323,1028,0.6379437
JOEUSDT,BUY,LIMIT,1702103527205,985,0.6362691
JOEUSDT,BUY,LIMIT,1702103593995,1632,0.6401731
JOEUSDT,BUY,LIMIT,1702103648318,2014,0.6442628
JOEUSDT,BUY,LIMIT,1702106866137,825,0.6404170
JOEUSDT,BUY,LIMIT,1702107956856,53,0.6449926
JOEUSDT,BUY,LIMIT,1702107981969,8130,0.6479561
JOEUSDT,BUY,LIMIT,1702108060006,111,0.6495891
JOEUSDT,BUY,LIMIT,1702108073389,17,0.6506580
JOEUSDT,BUY,LIMIT,1702108962340,42,0.6513113
JOEUSDT,BUY,LIMIT,1702108994068,7539,0.6522542
JOEUSDT,BUY,LIMIT,1702109014409,80,0.6536161
JOEUSDT,BUY,LIMIT,1702109026196,8196,0.6542809
JOEUSDT,BUY,LIMIT,1702109027215,101,0.6541624
JOEUSDT,BUY,LIMIT,1702109028352,161,0.6543735
JOEUSDT,BUY,LIMIT,1702109045233,94,0.6547544
JOEUSDT,BUY,LIMIT,1702109081238,29,0.6559194
JOEUSDT,BUY,LIMIT,1702109111153,149,0.6567061
JOEUSDT,BUY,LIMIT,1702109112306,335,0.6568661
JOEUSDT,BUY,LIMIT,1702109114424,3196,0.6572788
JOEUSDT,BUY,LIMIT,1702109244834,59,0.6562680
JOEUSDT,BUY,LIMIT,1702109414582,803,0.6560666
JOEUSDT,BUY,LIMIT,1702109514013,47,0.6567948
JOEUSDT,BUY,LIMIT,1702109557540,216,0.6579132
JOEUSDT,BUY,LIMIT,1702109724435,5809,0.6544814
JOEUSDT,BUY,LIMIT,1702109726556,176,0.6575447
JOEUSDT,BUY,LIMIT,1702109771710,1147,0.6596184
JOEUSDT,BUY,LIMIT,1702109774177,168,0.6597099
JOEUSDT,BUY,LIMIT,1702109775765,718,0.6599780
JOEUSDT,BUY,LIMIT,1702109777515,663,0.6603562
JOEUSDT,BUY,LIMIT,1702109785382,205,0.6606771
JOEUSDT,BUY,LIMIT,1702109986939,244,0.6566760
JOEUSDT,SELL,LIMIT,1702110970061,9,0.6277196
JOEUSDT,SELL,LIMIT,1702110980296,46,0.6289208
JOEUSDT,BUY,LIMIT,1702111031400,22,0.6502350
JOEUSDT,SELL,LIMIT,1702111035735,41,0.6225935
JOEUSDT,SELL,LIMIT,1702111378799,319,0.6186289
JOEUSDT,BUY,LIMIT,1702113349049,574,0.6606980
JOEUSDT,BUY,LIMIT,1702113357198,484,0.6608293
JOEUSDT,BUY,LIMIT,1702113360952,187,0.6616997
JOEUSDT,BUY,LIMIT,1702113374449,7932,0.6623063
JOEUSDT,BUY,LIMIT,1702113402388,12,0.6637296
JOEUSDT,BUY,LIMIT,1702113421341,3163,0.6640428
JOEUSDT,BUY,LIMIT,1702113445798,42,0.6644493
JOEUSDT,BUY,LIMIT,1702113788447,752,0.6648491
JOEUSDT,BUY,LIMIT,1702114264146,173,0.6683134
JOEUSDT,BUY,LIMIT,1702114268530,22,0.6695747
JOEUSDT,BUY,LIMIT,1702114845836,50,0.6627397
JOEUSDT,SELL,LIMIT,1702117312254,314,0.6208998
JOEUSDT,BUY,LIMIT,1702122694528,4245,0.6654320
JOEUSDT,BUY,LIMIT,1702122923308,1355,0.6666225
JOEUSDT,BUY,LIMIT,1702125269168,532,0.6674654
JOEUSDT,BUY,LIMIT,1702125277505,682,0.6683899
JOEUSDT,BUY,LIMIT,1702125288858,319,0.6687226
JOEUSDT,BUY,LIMIT,1702125487235,5621,0.6702999
JOEUSDT,BUY,LIMIT,1702125488436,66,0.6712941
JOEUSDT,BUY,LIMIT,1702125502505,2170,0.6717497
JOEUSDT,BUY,LIMIT,1702125508353,1993,0.6724348
JOEUSDT,BUY,LIMIT,1702125545315,1198,0.6749116
JOEUSDT,BUY,LIMIT,1702125639110,63,0.6755839
JOEUSDT,BUY,LIMIT,1702125640250,1679,0.6755026
JOEUSDT,BUY,LIMIT,1702126586087,204,0.6723377
JOEUSDT,BUY,LIMIT,1702126785625,594,0.6774522
JOEUSDT,BUY,LIMIT,1702127887626,23,0.6673754
JOEUSDT,BUY,LIMIT,1702128431083,159,0.6667740
JOEUSDT,SELL,LIMIT,1702128684937,832,0.6384004
JOEUSDT,BUY,LIMIT,1702129587437,254,0.6659400
JOEUSDT,BUY,LIMIT,1702130999596,259,0.6777098
JOEUSDT,BUY,LIMIT,1702131059093,11054,0.6806420
JOEUSDT,BUY,LIMIT,1702131164877,360,0.6816717
JOEUSDT,BUY,LIMIT,1702131172314,3169,0.6833438
JOEUSDT,BUY,LIMIT,1702131282138,367,0.6839585
JOEUSDT,BUY,LIMIT,1702131357221,3834,0.6851398
JOEUSDT,BUY,LIMIT,1702131361247,7,0.6858542
JOEUSDT,SELL,LIMIT,1702132269770,60,0.6549492
JOEUSDT,SELL,LIMIT,1702132793917,3324,0.6434223
JOEUSDT,SELL,LIMIT,1702132945081,215,0.6386863
JOEUSDT,SELL,LIMIT,1702132989635,306,0.6370633
JOEUSDT,SELL,LIMIT,1702132991137,572,0.6359957
JOEUSDT,SELL,LIMIT,1702132992413,253,0.6353907
JOEUSDT,SELL,LIMIT,1702132993759,2414,0.6350384
JOEUSDT,SELL,LIMIT,1702133005353,200,0.6319575
JOEUSDT,SELL,LIMIT,1702133017193,66,0.6452418
JOEUSDT,SELL,LIMIT,1702134514363,253,0.6259758
JOEUSDT,SELL,LIMIT,1702134521402,366,0.6253469
JOEUSDT,BUY,LIMIT,1702135298413,12,0.6738015
JOEUSDT,BUY,LIMIT,1702135305245,1051,0.6739798
JOEUSDT,BUY,LIMIT,1702135306657,77,0.6744965
JOEUSDT,BUY,LIMIT,1702135326691,630,0.6757893
JOEUSDT,BUY,LIMIT,1702135347219,955,0.6771749
JOEUSDT,BUY,LIMIT,1702135836410,2953,0.6809784
JOEUSDT,BUY,LIMIT,1702135958158,106,0.6858701
JOEUSDT,BUY,LIMIT,1702135965180,43,0.6868535
JOEUSDT,BUY,LIMIT,1702135967108,182,0.6872761
JOEUSDT,BUY,LIMIT,1702135968227,12,0.6877853
JOEUSDT,BUY,LIMIT,1702135969377,2836,0.6883390
JOEUSDT,BUY,LIMIT,1702135973475,4,0.6892212
JOEUSDT,BUY,LIMIT,1702135977537,776,0.6894923
JOEUSDT,BUY,LIMIT,1702135980372,18,0.6904437
JOEUSDT,BUY,LIMIT,1702135981472,42,0.6906525
JOEUSDT,BUY,LIMIT,1702135983209,3030,0.6928680
JOEUSDT,BUY,LIMIT,1702135987369,1050,0.6932092
JOEUSDT,BUY,LIMIT,1702136000160,561,0.6952138
JOEUSDT,BUY,LIMIT,1702136001215,36,0.6949047
JOEUSDT,BUY,LIMIT,1702136016381,619,0.6953687
JOEUSDT,BUY,LIMIT,1702136075234,1763,0.6964352
JOEUSDT,BUY,LIMIT,1702136099534,7859,0.6970315
JOEUSDT,BUY,LIMIT,1702136159150,925,0.6971399
JOEUSDT,BUY,LIMIT,1702136164819,2315,0.6976088
JOEUSDT,BUY,LIMIT,1702136188366,270,0.6987142
JOEUSDT,BUY,LIMIT,1702136191712,9691,0.7002522
JOEUSDT,BUY,LIMIT,1702136194449,1509,0.7000210
JOEUSDT,BUY,LIMIT,1702136198295,5,0.7008530
JOEUSDT,BUY,LIMIT,1702136202179,63,0.7013710
JOEUSDT,BUY,LIMIT,1702136209395,11,0.7017059
JOEUSDT,BUY,LIMIT,1702136210525,12,0.7022479
JOEUSDT,BUY,LIMIT,1702136214268,616,0.7024710
JOEUSDT,BUY,LIMIT,1702136215415,54,0.7024196
JOEUSDT,BUY,LIMIT,1702136223809,300,0.7028673
JOEUSDT,BUY,LIMIT,1702136225285,15,0.7036547
JOEUSDT,BUY,LIMIT,1702136232385,8224,0.7045978
JOEUSDT,BUY,LIMIT,1702136242521,731,0.7058265
JOEUSDT,BUY,LIMIT,1702136246400,63,0.7061057
JOEUSDT,BUY,LIMIT,1702136256252,40,0.7065780
JOEUSDT,BUY,LIMIT,1702136258864,120,0.7090008
JOEUSDT,BUY,LIMIT,1702136309444,1098,0.7096847
JOEUSDT,BUY,LIMIT,1702136312107,1089,0.7103790
JOEUSDT,BUY,LIMIT,1702136314166,7250,0.7114867
JOEUSDT,BUY,LIMIT,1702136577757,35,0.7107360
JOEUSDT,BUY,LIMIT,1702136582729,758,0.7116810
JOEUSDT,BUY,LIMIT,1702136585976,213,0.7130352
JOEUSDT,BUY,LIMIT,1702136587503,294,0.7138640
JOEUSDT,BUY,LIMIT,1702136589789,336,0.7142303
JOEUSDT,BUY,LIMIT,1702136619655,47,0.7150193
JOEUSDT,BUY,LIMIT,1702136621959,24,0.7150505
JOEUSDT,BUY,LIMIT,1702137359329,12,0.7158585
JOEUSDT,BUY,LIMIT,1702137361734,1993,0.7163903
JOEUSDT,BUY,LIMIT,1702137382257,20,0.7164185
JOEUSDT,BUY,LIMIT,1702137445715,4485,0.7169084
JOEUSDT,BUY,LIMIT,1702137446724,148,0.7172651
JOEUSDT,SELL,LIMIT,1702138570411,85,0.6681345
JOEUSDT,SELL,LIMIT,1702138633720,294,0.6670260
JOEUSDT,SELL,LIMIT,1702138643755,122,0.6670385
JOEUSDT,SELL,LIMIT,1702138657219,63,0.6666539
JOEUSDT,SELL,LIMIT,1702138658534,74,0.6659201
JOEUSDT,SELL,LIMIT,1702138660378,98,0.6655497
JOEUSDT,SELL,LIMIT,1702138666220,69,0.6645792
JOEUSDT,SELL,LIMIT,1702138778399,228,0.6644745
JOEUSDT,SELL,LIMIT,1702138799212,1977,0.6634030
JOEUSDT,SELL,LIMIT,1702138818749,110,0.6629643
JOEUSDT,SELL,LIMIT,1702138821307,389,0.6625842
JOEUSDT,SELL,LIMIT,1702139128350,260,0.6644401
JOEUSDT,SELL,LIMIT,1702140210517,874,0.6606508
JOEUSDT,SELL,LIMIT,1702140212297,221,0.6596681
JOEUSDT,SELL,LIMIT,1702140213379,2394,0.6596245
JOEUSDT,SELL,LIMIT,1702140264155,1444,0.6591087
JOEUSDT,SELL,LIMIT,1702140265965,63,0.6590085
JOEUSDT,SELL,LIMIT,1702140325113,529,0.6584033
JOEUSDT,SELL,LIMIT,1702140829053,2845,0.6571806
JOEUSDT,SELL,LIMIT,1702140830137,322,0.6569780
JOEUSDT,SELL,LIMIT,1702140835979,1000,0.6564476
JOEUSDT,SELL,LIMIT,1702140837034,25,0.6551900
JOEUSDT,SELL,LIMIT,1702140849295,776,0.6535127
JOEUSDT,SELL,LIMIT,1702140850565,20,0.6528826
JOEUSDT,SELL,LIMIT,1702140853121,838,0.6524832
JOEUSDT,SELL,LIMIT,1702140854311,601,0.6523837
JOEUSDT,SELL,LIMIT,1702140857109,233,0.6521701
JOEUSDT,SELL,LIMIT,1702140859324,268,0.6508041
JOEUSDT,SELL,LIMIT,1702140860501,4540,0.6503436
JOEUSDT,SELL,LIMIT,1702140910633,75,0.6490886
JOEUSDT,SELL,LIMIT,1702140911758,98,0.6487967
JOEUSDT,SELL,LIMIT,1702140918665,178,0.6483843
JOEUSDT,SELL,LIMIT,1702140920942,174,0.6479761
JOEUSDT,SELL,LIMIT,1702140922077,9,0.6477675
JOEUSDT,SELL,LIMIT,1702140924498,495,0.6471432
JOEUSDT,SELL,LIMIT,1702140968264,299,0.6465047
JOEUSDT,SELL,LIMIT,1702140970512,7345,0.6450346
JOEUSDT,SELL,LIMIT,1702140971623,175,0.6441524
JOEUSDT,SELL,LIMIT,1702140972815,10,0.6438611
JOEUSDT,SELL,LIMIT,1702141551571,190,0.6441803
JOEUSDT,SELL,LIMIT,1702141562717,8,0.6436946
JOEUSDT,SELL,LIMIT,1702141706544,1656,0.6444481
JOEUSDT,SELL,LIMIT,1702141848161,344,0.6458201
JOEUSDT,SELL,LIMIT,1702142186126,601,0.6427537
JOEUSDT,SELL,LIMIT,1702142187487,1524,0.6423555
JOEUSDT,SELL,LIMIT,1702142189242,31,0.6418399
JOEUSDT,SELL,LIMIT,1702142190309,54,0.6419889
JOEUSDT,SELL,LIMIT,1702142192146,43,0.6402668
JOEUSDT,SELL,LIMIT,1702142198405,228,0.6388477
JOEUSDT,SELL,LIMIT,1702142216566,460,0.6389601
JOEUSDT,SELL,LIMIT,1702142235162,37,0.6383444
JOEUSDT,SELL,LIMIT,1702142272290,2619,0.6376263
JOEUSDT,SELL,LIMIT,1702142287909,652,0.6372375
JOEUSDT,SELL,LIMIT,1702142296668,409,0.6365645
JOEUSDT,SELL,LIMIT,1702142302105,14,0.6358592
JOEUSDT,SELL,LIMIT,1702142303266,7070,0.6361474
JOEUSDT,SELL,LIMIT,1702142306138,14,0.6342688
JOEUSDT,SELL,LIMIT,1702142576380,1853,0.6333860
JOEUSDT,SELL,LIMIT,1702142746262,30,0.6353341
JOEUSDT,SELL,LIMIT,1702142777642,29,0.6346894
JOEUSDT,SELL,LIMIT,1702143000431,12,0.6316222
JOEUSDT,SELL,LIMIT,1702143010603,7686,0.6320771
JOEUSDT,SELL,LIMIT,1702143021953,34,0.6311988
JOEUSDT,SELL,LIMIT,1702143027058,71,0.6317496
JOEUSDT,SELL,LIMIT,1702143030160,73,0.6337172
JOEUSDT,SELL,LIMIT,1702144627674,100,0.6797776
JOEUSDT,SELL,LIMIT,1702144644277,2991,0.6458261
JOEUSDT,SELL,LIMIT,1702144704436,10572,0.6483003
JOEUSDT,BUY,LIMIT,1702146119450,731,0.6759028
JOEUSDT,BUY,LIMIT,1702146237711,18,0.6767176
JOEUSDT,BUY,LIMIT,1702146997655,428,0.6774522
JOEUSDT,BUY,LIMIT,1702147000361,287,0.6777738
JOEUSDT,BUY,LIMIT,1702147008372,61,0.6778720
JOEUSDT,BUY,LIMIT,1702147589144,349,0.6786526
JOEUSDT,BUY,LIMIT,1702147831378,647,0.6795622
JOEUSDT,BUY,LIMIT,1702147859657,924,0.6807449
JOEUSDT,BUY,LIMIT,1702148092116,415,0.6823731
JOEUSDT,BUY,LIMIT,1702148162981,562,0.6837339
JOEUSDT,BUY,LIMIT,1702148239402,200,0.6840450
JOEUSDT,BUY,LIMIT,1702148829927,218,0.6867316
JOEUSDT,BUY,LIMIT,1702149023938,152,0.6886688
JOEUSDT,BUY,LIMIT,1702151433346,232,0.6755134
JOEUSDT,BUY,LIMIT,1702153648722,14,0.6736932
JOEUSDT,SELL,LIMIT,1702153697180,401,0.6474737
JOEUSDT,SELL,LIMIT,1702153702862,141,0.6481950
JOEUSDT,SELL,LIMIT,1702153707622,750,0.6476873
JOEUSDT,SELL,LIMIT,1702157066282,255,0.6403055
JOEUSDT,SELL,LIMIT,1702157082720,650,0.6392670
JOEUSDT,SELL,LIMIT,1702157180482,651,0.6370749
JOEUSDT,SELL,LIMIT,1702161379342,420,0.6390581
JOEUSDT,SELL,LIMIT,1702161388496,14172,0.6375100
JOEUSDT,SELL,LIMIT,1702162549646,88,0.6342185
JOEUSDT,SELL,LIMIT,1702162564154,680,0.6337746
JOEUSDT,SELL,LIMIT,1702162650850,287,0.6334259
JOEUSDT,SELL,LIMIT,1702162959652,2276,0.6324336
JOEUSDT,SELL,LIMIT,1702162980245,230,0.6302381
JOEUSDT,SELL,LIMIT,1702162982041,24,0.6301597
JOEUSDT,SELL,LIMIT,1702163001484,3492,0.6296606
JOEUSDT,SELL,LIMIT,1702163009753,275,0.6295103
JOEUSDT,SELL,LIMIT,1702163068050,635,0.6262705
JOEUSDT,SELL,LIMIT,1702163069090,1225,0.6267437
JOEUSDT,SELL,LIMIT,1702163070274,1763,0.6239692
JOEUSDT,SELL,LIMIT,1702163071284,321,0.6239961
JOEUSDT,SELL,LIMIT,1702164054114,7083,0.6275921
JOEUSDT,SELL,LIMIT,1702164530772,145,0.6253813
JOEUSDT,SELL,LIMIT,1702164573157,868,0.6243581
JOEUSDT,BUY,LIMIT,1702164582415,3,0.6236816
JOEUSDT,SELL,LIMIT,1702164584424,100,0.6235751
JOEUSDT,SELL,LIMIT,1702164588133,72,0.6232363
JOEUSDT,SELL,LIMIT,1702164607081,28085,0.6208195
JOEUSDT,SELL,LIMIT,1702164750558,3100,0.6229861
JOEUSDT,SELL,LIMIT,1702164752400,53,0.6228875
JOEUSDT,SELL,LIMIT,1702164766998,53,0.6230841
JOEUSDT,SELL,LIMIT,1702164795800,300,0.6236227
JOEUSDT,SELL,LIMIT,1702164799785,39,0.6233636
JOEUSDT,SELL,LIMIT,1702164801530,1039,0.6295797
JOEUSDT,SELL,LIMIT,1702164803735,6053,0.6219814
JOEUSDT,SELL,LIMIT,1702164805356,211,0.6218441
JOEUSDT,SELL,LIMIT,1702164808108,1817,0.6213991
JOEUSDT,SELL,LIMIT,1702164811639,1484,0.6201144
JOEUSDT,BUY,LIMIT,1702164821776,22,0.6469208
JOEUSDT,SELL,LIMIT,1702164850193,440,0.6221504
JOEUSDT,BUY,LIMIT,1702166705047,444,0.6659725
JOEUSDT,BUY,LIMIT,1702166945549,52,0.6678812
JOEUSDT,BUY,LIMIT,1702167481314,11,0.6728026
JOEUSDT,BUY,LIMIT,1702167487441,585,0.6743388
JOEUSDT,BUY,LIMIT,1702169503861,3363,0.6699016
JOEUSDT,BUY,LIMIT,1702172349553,2572,0.6707520
JOEUSDT,SELL,LIMIT,1702173338602,25,0.6438640
JOEUSDT,BUY,LIMIT,1702183170061,150,0.6760993
JOEUSDT,BUY,LIMIT,1702183371954,62,0.6819411
JOEUSDT,BUY,LIMIT,1702183541059,11,0.6840716
JOEUSDT,BUY,LIMIT,1702190745093,1334,0.6673619
JOEUSDT,BUY,LIMIT,1702193142551,1733,0.6627986
JOEUSDT,SELL,LIMIT,1702193604306,1552,0.6343981
JOEUSDT,SELL,LIMIT,1702196711209,2990,0.6298145
JOEUSDT,SELL,LIMIT,1702196793749,368,0.6285212
JOEUSDT,SELL,LIMIT,1702196821493,244,0.6276775
JOEUSDT,SELL,LIMIT,1702196822531,1670,0.6276670
JOEUSDT,SELL,LIMIT,1702202291623,80,0.6284741
JOEUSDT,SELL,LIMIT,1702202292700,3776,0.6285721
JOEUSDT,SELL,LIMIT,1702202381434,747,0.6261377
JOEUSDT,SELL,LIMIT,1702202390140,500,0.6265397
JOEUSDT,BUY,LIMIT,1702207701592,147,0.6546360
JOEUSDT,BUY,LIMIT,1702210579251,3877,0.6709608
JOEUSDT,BUY,LIMIT,1702210688397,248,0.6744165
JOEUSDT,BUY,LIMIT,1702210704081,155,0.6749164
JOEUSDT,BUY,LIMIT,1702210951937,66,0.6752403
JOEUSDT,BUY,LIMIT,1702210980171,155,0.6764756
JOEUSDT,BUY,LIMIT,1702211181122,95,0.6784542
JOEUSDT,BUY,LIMIT,1702212984005,162,0.6797883
JOEUSDT,BUY,LIMIT,1702216010828,491,0.6836197
JOEUSDT,BUY,LIMIT,1702217618725,63,0.6865659
JOEUSDT,BUY,LIMIT,1702225392406,109,0.6713640
JOEUSDT,BUY,LIMIT,1702225611471,104,0.6729837
JOEUSDT,BUY,LIMIT,1702232415950,15,0.6889876
JOEUSDT,BUY,LIMIT,1702232435704,1638,0.6897403
JOEUSDT,BUY,LIMIT,1702232444169,1996,0.6909030
JOEUSDT,BUY,LIMIT,1702232526421,501,0.6923088
JOEUSDT,BUY,LIMIT,1702232548860,261,0.6933433
JOEUSDT,BUY,LIMIT,1702232634665,6089,0.6947996
JOEUSDT,BUY,LIMIT,1702232638537,286,0.6954888
JOEUSDT,BUY,LIMIT,1702232640541,142,0.6959403
JOEUSDT,BUY,LIMIT,1702233134320,1108,0.6968737
JOEUSDT,BUY,LIMIT,1702233215080,8,0.6979533
JOEUSDT,BUY,LIMIT,1702233221329,3845,0.6981885
JOEUSDT,BUY,LIMIT,1702233230524,49,0.6986310
JOEUSDT,BUY,LIMIT,1702234868564,975,0.7010619
JOEUSDT,BUY,LIMIT,1702235048224,165,0.7033273
JOEUSDT,BUY,LIMIT,1702235052394,76,0.7034610
JOEUSDT,BUY,LIMIT,1702235524273,846,0.7039251
JOEUSDT,BUY,LIMIT,1702235532532,11,0.7044399
JOEUSDT,BUY,LIMIT,1702235568277,429,0.7052410
JOEUSDT,BUY,LIMIT,1702235609650,2969,0.7061882
JOEUSDT,BUY,LIMIT,1702235629797,28,0.7072943
JOEUSDT,BUY,LIMIT,1702235639303,147,0.7087864
JOEUSDT,BUY,LIMIT,1702235672950,1073,0.7119177
JOEUSDT,BUY,LIMIT,1702235699197,481,0.7130186
JOEUSDT,BUY,LIMIT,1702235760154,2037,0.7161029
JOEUSDT,SELL,LIMIT,1702236215221,239,0.6837171
JOEUSDT,BUY,LIMIT,1702236820121,302,0.7180527
JOEUSDT,BUY,LIMIT,1702236829118,599,0.7185313
JOEUSDT,BUY,LIMIT,1702236835311,11,0.7198111
JOEUSDT,BUY,LIMIT,1702236836348,778,0.7188751
JOEUSDT,BUY,LIMIT,1702236983350,125,0.7206166
JOEUSDT,BUY,LIMIT,1702237071545,291,0.7216618
JOEUSDT,BUY,LIMIT,1702237111349,575,0.7229576
JOEUSDT,BUY,LIMIT,1702237119249,650,0.7233121
JOEUSDT,BUY,LIMIT,1702237130887,94,0.7236253
JOEUSDT,BUY,LIMIT,1702237144477,124,0.7241859
JOEUSDT,BUY,LIMIT,1702237146065,4987,0.7249715
JOEUSDT,BUY,LIMIT,1702237148313,594,0.7255766
JOEUSDT,BUY,LIMIT,1702237165368,117,0.7261561
JOEUSDT,BUY,LIMIT,1702237182553,262,0.7264163
JOEUSDT,BUY,LIMIT,1702237206275,24,0.7268991
JOEUSDT,BUY,LIMIT,1702237404121,304,0.7274067
JOEUSDT,BUY,LIMIT,1702237476739,84,0.7285706
JOEUSDT,BUY,LIMIT,1702237505299,32,0.7299409
JOEUSDT,BUY,LIMIT,1702237517584,789,0.7299764
JOEUSDT,BUY,LIMIT,1702237523072,9,0.7300096
JOEUSDT,BUY,LIMIT,1702237540136,61,0.7313744
JOEUSDT,BUY,LIMIT,1702237548978,13,0.7316657
JOEUSDT,BUY,LIMIT,1702237593431,297,0.7330646
JOEUSDT,BUY,LIMIT,1702237596272,1748,0.7335019
JOEUSDT,BUY,LIMIT,1702237599162,832,0.7341529
JOEUSDT,BUY,LIMIT,1702237600518,84,0.7342428
JOEUSDT,BUY,LIMIT,1702237608653,1292,0.7348966
JOEUSDT,BUY,LIMIT,1702237625479,15,0.7362342
JOEUSDT,BUY,LIMIT,1702237628426,1865,0.7368458
JOEUSDT,BUY,LIMIT,1702237639075,1497,0.7374017
JOEUSDT,BUY,LIMIT,1702237641329,70,0.7378491
JOEUSDT,BUY,LIMIT,1702237655851,32,0.7383021
JOEUSDT,BUY,LIMIT,1702237659899,1775,0.7390592
JOEUSDT,BUY,LIMIT,1702237662517,11,0.7399744
JOEUSDT,BUY,LIMIT,1702237664450,1118,0.7415324
JOEUSDT,BUY,LIMIT,1702237668964,1709,0.7421450
JOEUSDT,BUY,LIMIT,1702237670190,1912,0.7433480
JOEUSDT,BUY,LIMIT,1702237671253,90,0.7434617
JOEUSDT,BUY,LIMIT,1702237672374,3078,0.7450188
JOEUSDT,BUY,LIMIT,1702237674544,70,0.7468192
JOEUSDT,BUY,LIMIT,1702237681639,1070,0.7474189
JOEUSDT,BUY,LIMIT,1702237684130,264,0.7491898
JOEUSDT,BUY,LIMIT,1702238180071,1202,0.7383100
JOEUSDT,BUY,LIMIT,1702238269769,1167,0.7353180
JOEUSDT,BUY,LIMIT,1702238436160,7354,0.7396888
JOEUSDT,SELL,LIMIT,1702239366459,77,0.6917690
JOEUSDT,SELL,LIMIT,1702239372675,270,0.6909018
JOEUSDT,BUY,LIMIT,1702239873136,613,0.7263455
JOEUSDT,BUY,LIMIT,1702240352158,100,0.7317951
JOEUSDT,BUY,LIMIT,1702240578441,141,0.7325640
JOEUSDT,BUY,LIMIT,1702240761714,132,0.7306009
JOEUSDT,BUY,LIMIT,1702240988112,8,0.7407905
JOEUSDT,BUY,LIMIT,1702242010191,492,0.7364525
JOEUSDT,BUY,LIMIT,1702249375512,465,0.7264017
JOEUSDT,BUY,LIMIT,1702255583236,43,0.7412965
JOEUSDT,BUY,LIMIT,1702255585496,10,0.7420965
JOEUSDT,BUY,LIMIT,1702255674217,3894,0.7443270
JOEUSDT,BUY,LIMIT,1702255754212,11,0.7451273
JOEUSDT,BUY,LIMIT,1702255800126,16,0.7464441
JOEUSDT,BUY,LIMIT,1702255803486,223,0.7466838
JOEUSDT,SELL,LIMIT,1702256439375,350,0.6978320
JOEUSDT,SELL,LIMIT,1702256539419,915,0.6936685
JOEUSDT,SELL,LIMIT,1702256607846,3459,0.6867593
JOEUSDT,SELL,LIMIT,1702256620301,138,0.6867841
JOEUSDT,SELL,LIMIT,1702256625150,51,0.6859448
JOEUSDT,SELL,LIMIT,1702256629050,89,0.6841974
JOEUSDT,SELL,LIMIT,1702256631210,500,0.6825913
JOEUSDT,SELL,LIMIT,1702256632227,1548,0.6831443
JOEUSDT,SELL,LIMIT,1702256918438,274,0.6832657
JOEUSDT,SELL,LIMIT,1702258553161,111,0.6804127
JOEUSDT,BUY,LIMIT,1702259558193,947,0.7117734
JOEUSDT,BUY,LIMIT,1702259666508,749,0.7125755
JOEUSDT,SELL,LIMIT,1702260159080,7,0.6794948
JOEUSDT,SELL,LIMIT,1702260171370,2172,0.6790501
JOEUSDT,SELL,LIMIT,1702260174379,2138,0.6789624
JOEUSDT,SELL,LIMIT,1702260181092,20,0.6787516
JOEUSDT,SELL,LIMIT,1702260281807,2053,0.6784698
JOEUSDT,SELL,LIMIT,1702260322467,416,0.6762457
JOEUSDT,SELL,LIMIT,1702260430722,10,0.7465722
JOEUSDT,BUY,LIMIT,1702260431863,57,0.6979169
JOEUSDT,SELL,LIMIT,1702260435429,7150,0.6747280
JOEUSDT,SELL,LIMIT,1702260437592,197,0.6737714
JOEUSDT,SELL,LIMIT,1702260439933,28,0.6734778
JOEUSDT,SELL,LIMIT,1702260443854,1848,0.6729361
JOEUSDT,SELL,LIMIT,1702260445583,1490,0.6730407
JOEUSDT,SELL,LIMIT,1702260447044,302,0.6729587
JOEUSDT,SELL,LIMIT,1702260448926,4228,0.6727946
JOEUSDT,SELL,LIMIT,1702260488986,100,0.6735978
JOEUSDT,SELL,LIMIT,1702260628805,245,0.6730770
JOEUSDT,SELL,LIMIT,1702260630593,192,0.6718266
JOEUSDT,SELL,LIMIT,1702260632635,25,0.6708464
JOEUSDT,SELL,LIMIT,1702260637685,2268,0.6701943
JOEUSDT,SELL,LIMIT,1702260667803,571,0.6682964
JOEUSDT,SELL,LIMIT,1702260695716,3107,0.6689798
JOEUSDT,SELL,LIMIT,1702260700642,140,0.6657180
JOEUSDT,SELL,LIMIT,1702260707749,6356,0.6649958
JOEUSDT,SELL,LIMIT,1702260709259,185,0.6648706
JOEUSDT,SELL,LIMIT,1702260711331,214,0.6647695
JOEUSDT,SELL,LIMIT,1702260714263,6622,0.6659827
JOEUSDT,SELL,LIMIT,1702260717541,165,0.6742753
JOEUSDT,SELL,LIMIT,1702260718705,7483,0.6784293
JOEUSDT,SELL,LIMIT,1702260719886,50,0.6618258
JOEUSDT,SELL,LIMIT,1702260721941,3167,0.6618753
JOEUSDT,SELL,LIMIT,1702260723268,519,0.6614482
JOEUSDT,SELL,LIMIT,1702260724549,6209,0.6602955
JOEUSDT,SELL,LIMIT,1702260725985,50000,0.6739370
JOEUSDT,BUY,LIMIT,1702260727984,20,0.6875682
JOEUSDT,SELL,LIMIT,1702260729576,151,0.6605455
JOEUSDT,BUY,LIMIT,1702260730825,1319,0.6864124
JOEUSDT,SELL,LIMIT,1702260733473,38,0.6652926
JOEUSDT,SELL,LIMIT,1702260735037,7336,0.6594153
JOEUSDT,SELL,LIMIT,1702260737129,63,0.6584179
JOEUSDT,SELL,LIMIT,1702260738447,67,0.6568941
JOEUSDT,SELL,LIMIT,1702260742633,330,0.6566295
JOEUSDT,SELL,LIMIT,1702260745636,4,0.9846503
JOEUSDT,SELL,LIMIT,1702260746847,71,0.6627373
JOEUSDT,SELL,LIMIT,1702260749712,7153,0.6588620
JOEUSDT,SELL,LIMIT,1702260750816,932,0.6558596
JOEUSDT,SELL,LIMIT,1702260752677,1281,0.6544930
JOEUSDT,SELL,LIMIT,1702260754788,97,0.6531692
JOEUSDT,SELL,LIMIT,1702260757939,7618,0.6525775
JOEUSDT,SELL,LIMIT,1702260758956,95,0.6510925
JOEUSDT,BUY,LIMIT,1702260760005,1,0.6759210
JOEUSDT,SELL,LIMIT,1702260761037,92,0.6475629
JOEUSDT,SELL,LIMIT,1702260762690,9,0.6435552
JOEUSDT,SELL,LIMIT,1702260763758,239,0.6436978
JOEUSDT,SELL,LIMIT,1702260764955,15,0.6409073
JOEUSDT,SELL,LIMIT,1702260766351,310,0.6539266
JOEUSDT,SELL,LIMIT,1702260767696,64,0.6626657
JOEUSDT,SELL,LIMIT,1702260769745,200,0.6403920
JOEUSDT,SELL,LIMIT,1702260771202,49,0.6400475
JOEUSDT,BUY,LIMIT,1702260772312,3076,0.6661718
JOEUSDT,SELL,LIMIT,1702260773475,335,0.6418163
JOEUSDT,SELL,LIMIT,1702260774470,170,0.6400468
JOEUSDT,SELL,LIMIT,1702260775647,2182,0.6438679
JOEUSDT,SELL,LIMIT,1702260776817,3458,0.6410826
JOEUSDT,SELL,LIMIT,1702260778649,100,0.6425314
JOEUSDT,SELL,LIMIT,1702260780138,16,0.6411257
JOEUSDT,SELL,LIMIT,1702260782193,10,0.6393548
JOEUSDT,BUY,LIMIT,1702260783264,339,0.6652000
JOEUSDT,SELL,LIMIT,1702260784675,40,0.6384554
JOEUSDT,SELL,LIMIT,1702260786943,1902,0.6380907
JOEUSDT,SELL,LIMIT,1702260788361,138,0.6390599
JOEUSDT,BUY,LIMIT,1702260789408,46,0.6636755
JOEUSDT,SELL,LIMIT,1702260790542,100,0.6829607
JOEUSDT,SELL,LIMIT,1702260791588,6930,0.6386381
JOEUSDT,SELL,LIMIT,1702260792897,5654,0.6395980
JOEUSDT,SELL,LIMIT,1702260794441,183,0.6383562
JOEUSDT,SELL,LIMIT,1702260796421,818,0.6400379
JOEUSDT,SELL,LIMIT,1702260797571,72482,0.6285095
JOEUSDT,SELL,LIMIT,1702260798972,669,0.6380497
JOEUSDT,SELL,LIMIT,1702260800812,1734,0.6399403
JOEUSDT,SELL,LIMIT,1702260802066,6205,0.6381238
JOEUSDT,BUY,LIMIT,1702260804086,352,0.6628708
JOEUSDT,SELL,LIMIT,1702260805557,7519,0.6464154
JOEUSDT,BUY,LIMIT,1702260806588,83,0.6641115
JOEUSDT,SELL,LIMIT,1702260807908,10,0.6381884
JOEUSDT,SELL,LIMIT,1702260808978,6967,0.6381884
JOEUSDT,SELL,LIMIT,1702260810170,254,0.6510969
JOEUSDT,BUY,LIMIT,1702260811307,50,0.6645866
JOEUSDT,SELL,LIMIT,1702260813022,1489,0.6460919
JOEUSDT,SELL,LIMIT,1702260814678,20,2.7078851
JOEUSDT,SELL,LIMIT,1702260818418,13,0.6393500
JOEUSDT,SELL,LIMIT,1702260826169,1125,0.6375449
JOEUSDT,BUY,LIMIT,1702260840392,83,0.6693922
JOEUSDT,BUY,LIMIT,1702260856549,25,0.6722494
JOEUSDT,BUY,LIMIT,1702260876726,10,0.6704532
JOEUSDT,BUY,LIMIT,1702261323382,501,0.6901512
JOEUSDT,BUY,LIMIT,1702261416326,861,0.6928701
JOEUSDT,SELL,LIMIT,1702262615562,174,0.6569381
JOEUSDT,BUY,LIMIT,1702263628172,14,0.6839710
JOEUSDT,BUY,LIMIT,1702266000872,4054,0.7049878
