Symbol,Side,Order Type,Time,Quantity,Price
JOEUSDT,BUY,LIMIT,1701924133959,514,0.5231496
JOEUSDT,SELL,LIMIT,1701931653510,697,0.4985949
JOEUSDT,BUY,LIMIT,1701932032075,97,0.5174552
JOEUSDT,SELL,LIMIT,1701937400502,107,0.4925034
JOEUSDT,SELL,LIMIT,1701941187671,1094,0.4908629
JOEUSDT,SELL,LIMIT,1701941244394,3320,0.4904438
JOEUSDT,BUY,LIMIT,1701946892323,343,0.5385155
JOEUSDT,BUY,LIMIT,1701946919205,6162,0.5461857
JOEUSDT,BUY,LIMIT,1701946923620,97,0.5490389
JOEUSDT,SELL,LIMIT,1701950560067,229,0.5086371
JOEUSDT,SELL,LIMIT,1701951047326,647,0.5038912
JOEUSDT,BUY,LIMIT,1701953976590,1,0.5347890
JOEUSDT,BUY,LIMIT,1701963684978,7182,0.5349261
JOEUSDT,BUY,LIMIT,1701970161362,89,0.5494501
JOEUSDT,BUY,LIMIT,1701970166130,28,0.5504353
JOEUSDT,BUY,LIMIT,1701970169309,76,0.5509028
JOEUSDT,BUY,LIMIT,1701970180130,123,0.5514490
JOEUSDT,BUY,LIMIT,1701970200798,230,0.5505960
JOEUSDT,SELL,LIMIT,1701976833115,92,0.5029857
JOEUSDT,BUY,LIMIT,1702000447304,97,0.5398084
JOEUSDT,BUY,LIMIT,1702005510136,3885,0.5438288
JOEUSDT,BUY,LIMIT,1702006617214,16,0.5511271
JOEUSDT,BUY,LIMIT,1702007032113,489,0.5525910
JOEUSDT,BUY,LIMIT,1702007154540,54,0.5527052
JOEUSDT,BUY,LIMIT,1702007204073,63,0.5531407
JOEUSDT,BUY,LIMIT,1702008122891,1832,0.5555370
JOEUSDT,BUY,LIMIT,1702008124542,32,0.5556738
JOEUSDT,BUY,LIMIT,1702008126465,93,0.5558691
JOEUSDT,BUY,LIMIT,1702009153352,366,0.5589715
JOEUSDT,BUY,LIMIT,1702009289069,230,0.5596876
JOEUSDT,BUY,LIMIT,1702009698179,28,0.5625568
JOEUSDT,BUY,LIMIT,1702009775050,1279,0.5651679
JOEUSDT,BUY,LIMIT,1702009797289,1457,0.5658650
JOEUSDT,BUY,LIMIT,1702009819873,13,0.5670336
JOEUSDT,BUY,LIMIT,1702009823065,24,0.5673197
JOEUSDT,BUY,LIMIT,1702009844917,92,0.5679418
JOEUSDT,BUY,LIMIT,1702009870502,290,0.5686758
JOEUSDT,BUY,LIMIT,1702009872599,696,0.5688927
JOEUSDT,BUY,LIMIT,1702009875859,166,0.5690003
JOEUSDT,BUY,LIMIT,1702010264453,6282,0.5709857
JOEUSDT,BUY,LIMIT,1702010282588,32,0.5720796
JOEUSDT,BUY,LIMIT,1702010287129,361,0.5725609
JOEUSDT,BUY,LIMIT,1702010446496,152,0.5732369
JOEUSDT,BUY,LIMIT,1702010456390,40,0.5756507
JOEUSDT,BUY,LIMIT,1702010457668,912,0.5758738
JOEUSDT,SELL,LIMIT,1702011874166,17,0.5347413
JOEUSDT,SELL,LIMIT,1702011875423,61,0.5354128
JOEUSDT,SELL,LIMIT,1702011911736,88,0.5324922
JOEUSDT,SELL,LIMIT,1702012008034,64,0.5302901
JOEUSDT,BUY,LIMIT,1702014589999,3691,0.5529090
JOEUSDT,BUY,LIMIT,1702015774240,116,0.5501239
JOEUSDT,SELL,LIMIT,1702021484417,1184,0.5301744
JOEUSDT,SELL,LIMIT,1702028944490,94,0.5341738
JOEUSDT,BUY,LIMIT,1702039690195,11,0.5649907
JOEUSDT,BUY,LIMIT,1702039763902,2293,0.5661942
JOEUSDT,BUY,LIMIT,1702045257324,386,0.5680475
JOEUSDT,BUY,LIMIT,1702045476594,80,0.5697191
JOEUSDT,BUY,LIMIT,1702045541775,1754,0.5723304
JOEUSDT,BUY,LIMIT,1702045736480,366,0.5730466
JOEUSDT,BUY,LIMIT,1702046003130,4547,0.5765950
JOEUSDT,BUY,LIMIT,1702051533224,3200,0.5714776
JOEUSDT,BUY,LIMIT,1702052530226,165,0.5714916
JOEUSDT,SELL,LIMIT,1702055502489,122,0.5516657
JOEUSDT,BUY,LIMIT,1702056099897,427,0.5787868
JOEUSDT,BUY,LIMIT,1702057007763,39,0.5804305
JOEUSDT,BUY,LIMIT,1702057511234,1025,0.5835629
JOEUSDT,BUY,LIMIT,1702057651374,250,0.5842258
JOEUSDT,BUY,LIMIT,1702057803363,962,0.5863596
JOEUSDT,BUY,LIMIT,1702058141327,116,0.5880180
JOEUSDT,BUY,LIMIT,1702058212711,413,0.5884820
JOEUSDT,BUY,LIMIT,1702058217087,2040,0.5888876
JOEUSDT,BUY,LIMIT,1702058951604,10,0.5908684
JOEUSDT,BUY,LIMIT,1702058974921,617,0.5912219
JOEUSDT,BUY,LIMIT,1702058984853,93,0.5918224
JOEUSDT,BUY,LIMIT,1702059011443,25,0.5920871
JOEUSDT,BUY,LIMIT,1702059014500,40,0.5921749
JOEUSDT,BUY,LIMIT,1702059028738,10,0.5932079
JOEUSDT,BUY,LIMIT,1702059066671,10,0.5942072
JOEUSDT,BUY,LIMIT,1702062826504,25,0.5978607
JOEUSDT,BUY,LIMIT,1702062837623,1800,0.5981212
JOEUSDT,BUY,LIMIT,1702062863463,16097,0.6005127
JOEUSDT,BUY,LIMIT,1702062884914,497,0.6005993
JOEUSDT,BUY,LIMIT,1702062891460,1,0.6006141
JOEUSDT,BUY,LIMIT,1702063268340,8719,0.6014825
JOEUSDT,BUY,LIMIT,1702063298973,153,0.6021891
JOEUSDT,BUY,LIMIT,1702063302383,2024,0.6027417
JOEUSDT,BUY,LIMIT,1702063321187,38,0.6046848
JOEUSDT,BUY,LIMIT,1702063325111,43,0.6056296
JOEUSDT,BUY,LIMIT,1702064065461,14,0.6064993
JOEUSDT,BUY,LIMIT,1702064087272,3803,0.6072761
JOEUSDT,BUY,LIMIT,1702064724087,304,0.6096558
JOEUSDT,BUY,LIMIT,1702064738855,88,0.6110189
JOEUSDT,BUY,LIMIT,1702064985715,1213,0.6125626
JOEUSDT,BUY,LIMIT,1702064997684,17,0.6140053
JOEUSDT,BUY,LIMIT,1702065010096,41,0.6152854
JOEUSDT,BUY,LIMIT,1702065050285,850,0.6176158
JOEUSDT,BUY,LIMIT,1702065054260,9327,0.6191523
JOEUSDT,BUY,LIMIT,1702065168322,672,0.6196517
JOEUSDT,BUY,LIMIT,1702065180378,203,0.6210836
JOEUSDT,BUY,LIMIT,1702065330735,20,0.6249734
JOEUSDT,BUY,LIMIT,1702065338366,171,0.6256827
JOEUSDT,BUY,LIMIT,1702065341446,1883,0.6263456
JOEUSDT,BUY,LIMIT,1702065350277,16,0.6263106
JOEUSDT,BUY,LIMIT,1702065351403,8375,0.6267306
JOEUSDT,BUY,LIMIT,1702065355407,114,0.6270792
JOEUSDT,BUY,LIMIT,1702065359072,50,0.6271215
JOEUSDT,BUY,LIMIT,1702065363206,1747,0.6277743
JOEUSDT,BUY,LIMIT,1702065364716,2264,0.6278916
JOEUSDT,BUY,LIMIT,1702065367121,294,0.6288632
JOEUSDT,BUY,LIMIT,1702065379383,256,0.6298800
JOEUSDT,BUY,LIMIT,1702065380546,830,0.6294756
JOEUSDT,BUY,LIMIT,1702065529197,4057,0.6291430
JOEUSDT,BUY,LIMIT,1702065549601,6438,0.6317521
JOEUSDT,BUY,LIMIT,1702065552023,8103,0.6320872
JOEUSDT,BUY,LIMIT,1702065618124,169,0.6344534
JOEUSDT,BUY,LIMIT,1702065620206,3214,0.6354770
JOEUSDT,BUY,LIMIT,1702065622941,93,0.6362814
JOEUSDT,BUY,LIMIT,1702065625130,21,0.6378915
JOEUSDT,BUY,LIMIT,1702065626204,17,0.6402914
JOEUSDT,BUY,LIMIT,1702065627474,1963,0.6403881
JOEUSDT,BUY,LIMIT,1702065693411,2633,0.6414360
JOEUSDT,BUY,LIMIT,1702065735471,223,0.6424639
JOEUSDT,BUY,LIMIT,1702065743587,340,0.6453884
JOEUSDT,BUY,LIMIT,1702065747592,228,0.6459230
JOEUSDT,SELL,LIMIT,1702066132509,218,0.6003331
JOEUSDT,SELL,LIMIT,1702066133552,462,0.6001484
JOEUSDT,SELL,LIMIT,1702066135446,1973,0.5994164
JOEUSDT,SELL,LIMIT,1702066151878,94,0.5987960
JOEUSDT,SELL,LIMIT,1702067416553,48,0.5974786
JOEUSDT,SELL,LIMIT,1702067417818,1770,0.5971452
JOEUSDT,SELL,LIMIT,1702067542880,60,0.5968990
JOEUSDT,SELL,LIMIT,1702067567134,23,0.5958601
JOEUSDT,BUY,LIMIT,1702068162157,1305,0.6366015
JOEUSDT,BUY,LIMIT,1702068170208,884,0.6420660
JOEUSDT,BUY,LIMIT,1702068171462,3553,0.6387220
JOEUSDT,BUY,LIMIT,1702068173384,37,0.6421693
JOEUSDT,BUY,LIMIT,1702068174445,15,0.6414544
JOEUSDT,BUY,LIMIT,1702068177161,547,0.6446111
JOEUSDT,BUY,LIMIT,1702068178486,148,0.6447078
JOEUSDT,BUY,LIMIT,1702068190208,1924,0.6458369
JOEUSDT,BUY,LIMIT,1702068191234,18,0.6465406
JOEUSDT,BUY,LIMIT,1702068193471,1822,0.6475025
JOEUSDT,BUY,LIMIT,1702068197491,2591,0.6486714
JOEUSDT,BUY,LIMIT,1702068203296,160,0.6497859
JOEUSDT,BUY,LIMIT,1702070658150,143,0.6352008
JOEUSDT,SELL,LIMIT,1702071736152,257,0.6032038
JOEUSDT,SELL,LIMIT,1702072099729,594,0.5995463
JOEUSDT,SELL,LIMIT,1702072158421,74,0.5987530
JOEUSDT,SELL,LIMIT,1702072330278,350,0.5977341
JOEUSDT,SELL,LIMIT,1702073594250,800,0.5938751
JOEUSDT,SELL,LIMIT,1702073714313,885,0.5934815
JOEUSDT,SELL,LIMIT,1702073770291,63,0.5930636
JOEUSDT,SELL,LIMIT,1702073772125,152,0.5927492
JOEUSDT,SELL,LIMIT,1702073773366,93,0.5926786
JOEUSDT,SELL,LIMIT,1702073816320,10,0.5918468
JOEUSDT,SELL,LIMIT,1702073818485,792,0.5911437
JOEUSDT,SELL,LIMIT,1702074022849,1929,0.5909245
JOEUSDT,SELL,LIMIT,1702074052461,25,0.5897007
JOEUSDT,SELL,LIMIT,1702074071534,2018,0.5879708
JOEUSDT,SELL,LIMIT,1702074131847,16,0.5869387
JOEUSDT,SELL,LIMIT,1702074729181,83,0.5840448
JOEUSDT,SELL,LIMIT,1702075284680,1758,0.5858622
JOEUSDT,BUY,LIMIT,1702078943204,355,0.6140532
JOEUSDT,BUY,LIMIT,1702080065402,515,0.6173726
JOEUSDT,BUY,LIMIT,1702080751951,113,0.6295185
JOEUSDT,BUY,LIMIT,1702080759576,231,0.6296467
JOEUSDT,BUY,LIMIT,1702080760775,1704,0.6302015
JOEUSDT,BUY,LIMIT,1702080763857,410,0.6305186
JOEUSDT,BUY,LIMIT,1702081253139,10,0.6316033
JOEUSDT,BUY,LIMIT,1702081353615,113,0.6325861
JOEUSDT,BUY,LIMIT,1702081508337,942,0.6338542
JOEUSDT,BUY,LIMIT,1702081595565,6000,0.6330120
JOEUSDT,BUY,LIMIT,1702081665589,14,0.6305566
JOEUSDT,BUY,LIMIT,1702082105322,32,0.6380100
JOEUSDT,BUY,LIMIT,1702082183410,229,0.6387288
JOEUSDT,BUY,LIMIT,1702082257073,213,0.6405767
JOEUSDT,BUY,LIMIT,1702082275676,1173,0.6424605
JOEUSDT,BUY,LIMIT,1702082356422,84,0.6431138
JOEUSDT,BUY,LIMIT,1702082471139,19,0.6453726
JOEUSDT,BUY,LIMIT,1702082475380,66,0.6455828
JOEUSDT,SELL,LIMIT,1702083888577,92,0.6123793
JOEUSDT,SELL,LIMIT,1702086907147,265,0.6101927
JOEUSDT,SELL,LIMIT,1702091220486,1000,0.6075105
JOEUSDT,BUY,LIMIT,1702094580570,30,0.6446626
JOEUSDT,BUY,LIMIT,1702094584135,32,0.6433668
JOEUSDT,BUY,LIMIT,1702094616202,126,0.6454468
JOEUSDT,BUY,LIMIT,1702097536583,48,0.6483761
JOEUSDT,BUY,LIMIT,1702098106111,51,0.6504410
JOEUSDT,BUY,LIMIT,1702098120714,69,0.6508597
JOEUSDT,BUY,LIMIT,1702098122096,34,0.6517073
JOEUSDT,BUY,LIMIT,1702098127099,14,0.6526840
JOEUSDT,BUY,LIMIT,1702098128616,19,0.6528985
JOEUSDT,BUY,LIMIT,1702102392197,90,0.6373917
JOEUSDT,BUY,LIMIT,1702102906902,10,0.6389280
JOEUSDT,BUY,LIMIT,1702103108062,50,0.6392351
JOEUSDT,BUY,LIMIT,1702103511528,158,0.6413548
JOEUSDT,BUY,LIMIT,1702103513323,1028,0.6379437
JOEUSDT,BUY,LIMIT,1702103527205,985,0.6362691
JOEUSDT,BUY,LIMIT,1702103593995,1632,0.6401731
JOEUSDT,BUY,LIMIT,1702103648318,2014,0.6442628
JOEUSDT,BUY,LIMIT,1702106866137,825,0.6404170
JOEUSDT,BUY,LIMIT,1702107956856,53,0.6449926
JOEUSDT,BUY,LIMIT,1702107981969,8130,0.6479561
JOEUSDT,BUY,LIMIT,1702108060006,111,0.6495891
JOEUSDT,BUY,LIMIT,1702108073389,17,0.6506580
JOEUSDT,BUY,LIMIT,1702108962340,42,0.6513113
JOEUSDT,BUY,LIMIT,1702108994068,7539,0.6522542
JOEUSDT,BUY,LIMIT,1702109014409,80,0.6536161
JOEUSDT,BUY,LIMIT,1702109026196,8196,0.6542809
JOEUSDT,BUY,LIMIT,1702109027215,101,0.6541624
JOEUSDT,BUY,LIMIT,1702109028352,161,0.6543735
JOEUSDT,BUY,LIMIT,1702109045233,94,0.6547544
JOEUSDT,BUY,LIMIT,1702109081238,29,0.6559194
JOEUSDT,BUY,LIMIT,1702109111153,149,0.6567061
JOEUSDT,BUY,LIMIT,1702109112306,335,0.6568661
JOEUSDT,BUY,LIMIT,1702109114424,3196,0.6572788
JOEUSDT,BUY,LIMIT,1702109244834,59,0.6562680
JOEUSDT,BUY,LIMIT,1702109414582,803,0.6560666
JOEUSDT,BUY,LIMIT,1702109514013,47,0.6567948
JOEUSDT,BUY,LIMIT,1702109557540,216,0.6579132
JOEUSDT,BUY,LIMIT,1702109724435,5809,0.6544814
JOEUSDT,BUY,LIMIT,1702109726556,176,0.6575447
JOEUSDT,BUY,LIMIT,1702109771710,1147,0.6596184
JOEUSDT,BUY,LIMIT,1702109774177,168,0.6597099
JOEUSDT,BUY,LIMIT,1702109775765,718,0.6599780
JOEUSDT,BUY,LIMIT,1702109777515,663,0.6603562
JOEUSDT,BUY,LIMIT,1702109785382,205,0.6606771
JOEUSDT,BUY,LIMIT,1702109986939,244,0.6566760
JOEUSDT,SELL,LIMIT,1702110970061,9,0.6277196
JOEUSDT,SELL,LIMIT,1702110980296,46,0.6289208
JOEUSDT,BUY,LIMIT,1702111031400,22,0.6502350
JOEUSDT,SELL,LIMIT,1702111035735,41,0.6225935
JOEUSDT,SELL,LIMIT,1702111378799,319,0.6186289
JOEUSDT,BUY,LIMIT,1702113349049,574,0.6606980
JOEUSDT,BUY,LIMIT,1702113357198,484,0.6608293
JOEUSDT,BUY,LIMIT,1702113360952,187,0.6616997
JOEUSDT,BUY,LIMIT,1702113374449,7932,0.6623063
JOEUSDT,BUY,LIMIT,1702113402388,12,0.6637296
JOEUSDT,BUY,LIMIT,1702113421341,3163,0.6640428
JOEUSDT,BUY,LIMIT,1702113445798,42,0.6644493
JOEUSDT,BUY,LIMIT,1702113788447,752,0.6648491
JOEUSDT,BUY,LIMIT,1702114264146,173,0.6683134
JOEUSDT,BUY,LIMIT,1702114268530,22,0.6695747
JOEUSDT,BUY,LIMIT,1702114845836,50,0.6627397
JOEUSDT,SELL,LIMIT,1702117312254,314,0.6208998
JOEUSDT,BUY,LIMIT,1702122694528,4245,0.6654320
JOEUSDT,BUY,LIMIT,1702122923308,1355,0.6666225
JOEUSDT,BUY,LIMIT,1702125269168,532,0.6674654
JOEUSDT,BUY,LIMIT,1702125277505,682,0.6683899
JOEUSDT,BUY,LIMIT,1702125288858,319,0.6687226
JOEUSDT,BUY,LIMIT,1702125487235,5621,0.6702999
JOEUSDT,BUY,LIMIT,1702125488436,66,0.6712941
JOEUSDT,BUY,LIMIT,1702125502505,2170,0.6717497
JOEUSDT,BUY,LIMIT,1702125508353,1993,0.6724348
JOEUSDT,BUY,LIMIT,1702125545315,1198,0.6749116
JOEUSDT,BUY,LIMIT,1702125639110,63,0.6755839
JOEUSDT,BUY,LIMIT,1702125640250,1679,0.6755026
JOEUSDT,BUY,LIMIT,1702126586087,204,0.6723377
JOEUSDT,BUY,LIMIT,1702126785625,594,0.6774522
JOEUSDT,BUY,LIMIT,1702127887626,23,0.6673754
JOEUSDT,BUY,LIMIT,1702128431083,159,0.6667740
JOEUSDT,SELL,LIMIT,1702128684937,832,0.6384004
JOEUSDT,BUY,LIMIT,1702129587437,254,0.6659400
JOEUSDT,BUY,LIMIT,1702130999596,259,0.6777098
JOEUSDT,BUY,LIMIT,1702131059093,11054,0.6806420
JOEUSDT,BUY,LIMIT,1702131164877,360,0.6816717
JOEUSDT,BUY,LIMIT,1702131172314,3169,0.6833438
JOEUSDT,BUY,LIMIT,1702131282138,367,0.6839585
JOEUSDT,BUY,LIMIT,1702131357221,3834,0.6851398
JOEUSDT,BUY,LIMIT,1702131361247,7,0.6858542
JOEUSDT,SELL,LIMIT,1702132269770,60,0.6549492
JOEUSDT,SELL,LIMIT,1702132793917,3324,0.6434223
JOEUSDT,SELL,LIMIT,1702132945081,215,0.6386863
JOEUSDT,SELL,LIMIT,1702132989635,306,0.6370633
JOEUSDT,SELL,LIMIT,1702132991137,572,0.6359957
JOEUSDT,SELL,LIMIT,1702132992413,253,0.6353907
JOEUSDT,SELL,LIMIT,1702132993759,2414,0.6350384
JOEUSDT,SELL,LIMIT,1702133005353,200,0.6319575
JOEUSDT,SELL,LIMIT,1702133017193,66,0.6452418
