Symbol,Side,Order Type,Time,Quantity,Price
KASUSDT,SELL,LIMIT,1701067840716,210,0.1269756
KASUSDT,SELL,LIMIT,1701069516511,380,0.1261293
KASUSDT,SELL,LIMIT,1701069575699,21660,0.1263132
KASUSDT,SELL,LIMIT,1701069639582,1654,0.1259028
KASUSDT,SELL,LIMIT,1701069797807,38487,0.1257413
KASUSDT,SELL,LIMIT,1701069801625,407,0.1257438
KASUSDT,SELL,LIMIT,1701069803933,982,0.1257273
KASUSDT,SELL,LIMIT,1701069878215,226,0.1255438
KASUSDT,SELL,LIMIT,1701069956357,3011,0.1252919
KASUSDT,SELL,LIMIT,1701070022829,3235,0.1251928
KASUSDT,SELL,LIMIT,1701070110794,50000,0.1252089
KASUSDT,SELL,LIMIT,1701070174167,947,0.1250795
KASUSDT,BUY,LIMIT,1701072035697,78,0.1326994
KASUSDT,SELL,LIMIT,1701074377224,171,0.1285452
KASUSDT,BUY,LIMIT,1701075625060,1563,0.1320388
KASUSDT,SELL,LIMIT,1701077034075,38473,0.1273869
KASUSDT,SELL,LIMIT,1701077636827,37627,0.1269352
KASUSDT,SELL,LIMIT,1701077715477,899,0.1265545
KASUSDT,SELL,LIMIT,1701077974236,1515,0.1264414
KASUSDT,SELL,LIMIT,1701078852599,869,0.1261668
KASUSDT,SELL,LIMIT,1701079281290,2378,0.1255471
KASUSDT,SELL,LIMIT,1701079347099,84,0.1252511
KASUSDT,SELL,LIMIT,1701079374290,389,0.1251970
KASUSDT,SELL,LIMIT,1701079534683,354,0.1250796
KASUSDT,SELL,LIMIT,1701079542761,1763,0.1250230
KASUSDT,SELL,LIMIT,1701079566254,99,0.1248079
KASUSDT,SELL,LIMIT,1701079572582,91,0.1247373
KASUSDT,SELL,LIMIT,1701080007028,2218,0.1244921
KASUSDT,SELL,LIMIT,1701080064461,1140,0.1243381
KASUSDT,SELL,LIMIT,1701080147149,1055,0.1241773
KASUSDT,SELL,LIMIT,1701080551568,2187,0.1241413
KASUSDT,SELL,LIMIT,1701080662412,1863,0.1240001
KASUSDT,SELL,LIMIT,1701080677100,654,0.1239379
KASUSDT,SELL,LIMIT,1701080684666,1736,0.1239137
KASUSDT,SELL,LIMIT,1701080688287,35846,0.1238700
KASUSDT,SELL,LIMIT,1701080689994,628,0.1238474
KASUSDT,SELL,LIMIT,1701080692780,11513,0.1238042
KASUSDT,SELL,LIMIT,1701080694355,183,0.1237902
KASUSDT,SELL,LIMIT,1701080842196,4689,0.1236037
KASUSDT,SELL,LIMIT,1701080848308,4700,0.1235919
KASUSDT,SELL,LIMIT,1701080849376,3020,0.1235416
KASUSDT,SELL,LIMIT,1701080870149,567,0.1234549
KASUSDT,SELL,LIMIT,1701080884392,770,0.1234277
KASUSDT,SELL,LIMIT,1701080887321,44173,0.1232593
KASUSDT,SELL,LIMIT,1701080908383,4196,0.1233557
KASUSDT,SELL,LIMIT,1701081199942,365,0.1232990
KASUSDT,SELL,LIMIT,1701081222014,145,0.1232757
KASUSDT,SELL,LIMIT,1701081310346,1998,0.1232305
KASUSDT,SELL,LIMIT,1701081438938,2212,0.1231911
KASUSDT,SELL,LIMIT,1701081450274,45676,0.1229727
KASUSDT,SELL,LIMIT,1701081459117,14758,0.1230811
KASUSDT,SELL,LIMIT,1701081472095,19001,0.1230051
KASUSDT,SELL,LIMIT,1701081473618,26453,0.1229754
KASUSDT,SELL,LIMIT,1701081476686,798,0.1227556
KASUSDT,SELL,LIMIT,1701081479051,24274,0.1226861
KASUSDT,SELL,LIMIT,1701081480107,76,0.1226599
KASUSDT,SELL,LIMIT,1701081610152,7485,0.1246108
KASUSDT,SELL,LIMIT,1701082123218,81208,0.1225298
KASUSDT,SELL,LIMIT,1701082150011,38102,0.1227590
KASUSDT,SELL,LIMIT,1701082651470,183,0.1226883
KASUSDT,SELL,LIMIT,1701082670674,1164,0.1224808
KASUSDT,SELL,LIMIT,1701082672067,5808,0.1224616
KASUSDT,SELL,LIMIT,1701082696248,3350,0.1223843
KASUSDT,SELL,LIMIT,1701082706458,7050,0.1222360
KASUSDT,SELL,LIMIT,1701082710194,48,0.1221176
KASUSDT,SELL,LIMIT,1701082779103,1408,0.1220938
KASUSDT,SELL,LIMIT,1701082780872,80,0.1220680
KASUSDT,BUY,LIMIT,1701084130395,4352,0.1275311
KASUSDT,SELL,LIMIT,1701084664319,35,0.1409758
KASUSDT,SELL,LIMIT,1701084845057,23904,0.1229904
KASUSDT,SELL,LIMIT,1701084918488,5976,0.1228866
KASUSDT,BUY,LIMIT,1701085856883,49,0.1278546
KASUSDT,SELL,LIMIT,1701094452456,39621,0.1236026
KASUSDT,SELL,LIMIT,1701094842191,2513,0.1227996
KASUSDT,SELL,LIMIT,1701094886183,10356,0.1225017
KASUSDT,SELL,LIMIT,1701095612874,10797,0.1221166
KASUSDT,SELL,LIMIT,1701096129739,1629,0.1223529
KASUSDT,SELL,LIMIT,1701096650517,6688,0.1219323
KASUSDT,SELL,LIMIT,1701096654374,3494,0.1218607
KASUSDT,SELL,LIMIT,1701096711262,343,0.1218201
KASUSDT,SELL,LIMIT,1701096712553,1000,0.1218006
KASUSDT,SELL,LIMIT,1701096717072,3177,0.1217633
KASUSDT,SELL,LIMIT,1701096718484,19694,0.1217750
KASUSDT,SELL,LIMIT,1701096722767,104,0.1217136
KASUSDT,SELL,LIMIT,1701096737460,1832,0.1216060
KASUSDT,SELL,LIMIT,1701096750240,5724,0.1214764
KASUSDT,SELL,LIMIT,1701096763497,5121,0.1214415
KASUSDT,SELL,LIMIT,1701096792296,1650,0.1213963
KASUSDT,SELL,LIMIT,1701096793546,603,0.1213262
KASUSDT,SELL,LIMIT,1701096794719,4385,0.1211759
KASUSDT,SELL,LIMIT,1701096795811,5954,0.1210898
KASUSDT,SELL,LIMIT,1701096801508,645,0.1209518
KASUSDT,SELL,LIMIT,1701096804535,420,0.1208490
KASUSDT,SELL,LIMIT,1701096805681,15744,0.1207322
KASUSDT,SELL,LIMIT,1701096808463,13570,0.1206449
KASUSDT,SELL,LIMIT,1701096812230,495,0.1206108
KASUSDT,SELL,LIMIT,1701096818219,128,0.1205376
KASUSDT,SELL,LIMIT,1701097083369,11328,0.1205385
KASUSDT,SELL,LIMIT,1701097100165,329,0.1205612
KASUSDT,SELL,LIMIT,1701097101389,3538,0.1205612
KASUSDT,SELL,LIMIT,1701100293779,400,0.1222304
KASUSDT,SELL,LIMIT,1701100536779,2,2.4854855
KASUSDT,SELL,LIMIT,1701102337622,399,0.1225372
KASUSDT,BUY,LIMIT,1701103630693,526,0.1278417
KASUSDT,BUY,LIMIT,1701104964515,1270,0.1279166
KASUSDT,BUY,LIMIT,1701105092299,14153,0.1283104
KASUSDT,SELL,LIMIT,1701107339735,618,0.1239310
KASUSDT,SELL,LIMIT,1701107363898,1484,0.1236277
KASUSDT,SELL,LIMIT,1701111652965,398,0.1226605
KASUSDT,SELL,LIMIT,1701111920299,100489,0.1219631
KASUSDT,SELL,LIMIT,1701112120201,710,0.1221892
KASUSDT,SELL,LIMIT,1701114123614,63,0.1219115
KASUSDT,SELL,LIMIT,1701114142445,682,0.1218827
KASUSDT,SELL,LIMIT,1701114163672,2769,0.1217443
KASUSDT,SELL,LIMIT,1701114205080,969,0.1215987
KASUSDT,SELL,LIMIT,1701114227827,2379,0.1215377
KASUSDT,SELL,LIMIT,1701114241854,632,0.1214383
KASUSDT,SELL,LIMIT,1701114275870,73,0.1212447
KASUSDT,SELL,LIMIT,1701114352848,183,0.1212486
KASUSDT,SELL,LIMIT,1701114359070,28290,0.1211768
KASUSDT,SELL,LIMIT,1701114456211,15000,0.1211452
KASUSDT,SELL,LIMIT,1701114466287,1045,0.1210960
KASUSDT,SELL,LIMIT,1701114499753,1000,0.1210001
KASUSDT,SELL,LIMIT,1701114534699,2113,0.1209138
KASUSDT,SELL,LIMIT,1701116867343,209,0.1211945
KASUSDT,SELL,LIMIT,1701116902227,1134,0.1210565
KASUSDT,SELL,LIMIT,1701116926250,979,0.1209280
KASUSDT,SELL,LIMIT,1701117095429,6123,0.1208334
KASUSDT,SELL,LIMIT,1701117105694,11780,0.1207118
KASUSDT,SELL,LIMIT,1701117275773,7744,0.1206267
KASUSDT,SELL,LIMIT,1701117520182,57,0.1208272
KASUSDT,SELL,LIMIT,1701118042161,13267,0.1204007
KASUSDT,SELL,LIMIT,1701118044243,1254,0.1203663
KASUSDT,SELL,LIMIT,1701118047222,394,0.1202959
KASUSDT,SELL,LIMIT,1701118052626,915,0.1201790
KASUSDT,SELL,LIMIT,1701118144520,10556,0.1201401
KASUSDT,SELL,LIMIT,1701118146426,1265,0.1201201
KASUSDT,SELL,LIMIT,1701118167433,950,0.1200905
KASUSDT,BUY,LIMIT,1701119202806,39736,0.1250065
KASUSDT,SELL,LIMIT,1701123685189,2019,0.1207232
KASUSDT,BUY,LIMIT,1701127099569,10499,0.1279882
KASUSDT,BUY,LIMIT,1701127517085,925,0.1288052
KASUSDT,BUY,LIMIT,1701127527519,20442,0.1290386
KASUSDT,BUY,LIMIT,1701127532260,17789,0.1291458
KASUSDT,BUY,LIMIT,1701128428075,51,0.1299442
KASUSDT,BUY,LIMIT,1701128776855,25169,0.1303596
KASUSDT,BUY,LIMIT,1701128794945,2248,0.1303850
KASUSDT,BUY,LIMIT,1701128870866,41,0.1306500
KASUSDT,BUY,LIMIT,1701130147487,4450,0.1309801
KASUSDT,BUY,LIMIT,1701130750631,5404,0.1305856
KASUSDT,BUY,LIMIT,1701131801166,383,0.1315021
KASUSDT,BUY,LIMIT,1701131913586,15584,0.1317954
KASUSDT,SELL,LIMIT,1701134011708,7419,0.1264565
KASUSDT,BUY,LIMIT,1701135158937,3191,0.1301575
KASUSDT,SELL,LIMIT,1701137409161,862,0.1259187
KASUSDT,BUY,LIMIT,1701142229802,159,0.1304528
KASUSDT,SELL,LIMIT,1701147898084,176,0.1239151
KASUSDT,SELL,LIMIT,1701148566224,1232,0.1285653
KASUSDT,SELL,LIMIT,1701148846984,5561,0.1238638
KASUSDT,SELL,LIMIT,1701149012499,10503,0.1234374
KASUSDT,SELL,LIMIT,1701149111721,5076,0.1232597
KASUSDT,SELL,LIMIT,1701149771344,766,0.1232827
KASUSDT,SELL,LIMIT,1701149892120,2423,0.1225928
KASUSDT,SELL,LIMIT,1701150335308,393,0.1221632
KASUSDT,SELL,LIMIT,1701151190559,177,0.1216229
KASUSDT,SELL,LIMIT,1701152691214,11905,0.1217605
KASUSDT,SELL,LIMIT,1701155627644,1132,0.1218378
KASUSDT,SELL,LIMIT,1701156448343,331,0.1213965
KASUSDT,SELL,LIMIT,1701156512774,30997,0.1210135
KASUSDT,BUY,LIMIT,1701162067419,85,0.1281350
KASUSDT,SELL,LIMIT,1701162697113,575,0.1245620
KASUSDT,SELL,LIMIT,1701165953779,103,0.1244697
KASUSDT,BUY,LIMIT,1701167777126,3018,0.1288010
KASUSDT,BUY,LIMIT,1701170508083,3919,0.1297970
KASUSDT,BUY,LIMIT,1701170518688,38728,0.1298320
KASUSDT,BUY,LIMIT,1701170733022,2740,0.1301266
KASUSDT,BUY,LIMIT,1701172358346,3022,0.1304985
KASUSDT,SELL,LIMIT,1701173255205,18989,0.1262499
KASUSDT,BUY,LIMIT,1701177689881,58,0.1325017
KASUSDT,BUY,LIMIT,1701177713605,4427,0.1327714
KASUSDT,BUY,LIMIT,1701177893945,8,0.1330890
KASUSDT,BUY,LIMIT,1701178077488,1300,0.1339015
KASUSDT,BUY,LIMIT,1701178090783,1444,0.1339447
KASUSDT,BUY,LIMIT,1701178827728,151,0.1344989
KASUSDT,BUY,LIMIT,1701178928697,100,0.1348684
KASUSDT,BUY,LIMIT,1701179678054,5355,0.1350174
KASUSDT,BUY,LIMIT,1701179755333,380,0.1351080
KASUSDT,BUY,LIMIT,1701179928098,369,0.1355461
KASUSDT,BUY,LIMIT,1701179951157,772,0.1357213
KASUSDT,BUY,LIMIT,1701180014271,572,0.1358337
KASUSDT,BUY,LIMIT,1701180052190,3051,0.1359279
KASUSDT,SELL,LIMIT,1701180220120,364,0.1310214
KASUSDT,SELL,LIMIT,1701180291497,2127,0.1302637
KASUSDT,SELL,LIMIT,1701182704364,375,0.1303177
KASUSDT,SELL,LIMIT,1701183734571,1365,0.1291024
KASUSDT,SELL,LIMIT,1701185431203,2007,0.1291639
KASUSDT,SELL,LIMIT,1701185918012,626,0.1285375
KASUSDT,BUY,LIMIT,1701189809879,2438,0.1349746
KASUSDT,BUY,LIMIT,1701189842932,230,0.1353623
KASUSDT,BUY,LIMIT,1701190436410,4262,0.1361105
KASUSDT,BUY,LIMIT,1701190544279,366,0.1363982
KASUSDT,SELL,LIMIT,1701196023513,54,0.1319498
KASUSDT,SELL,LIMIT,1701196476490,4278,0.1312893
KASUSDT,BUY,LIMIT,1701198102346,135,0.1336438
KASUSDT,SELL,LIMIT,1701198645994,36866,0.1315847
KASUSDT,SELL,LIMIT,1701200396310,256,0.1317534
KASUSDT,SELL,LIMIT,1701202044464,59,0.1316386
KASUSDT,SELL,LIMIT,1701203832209,2237,0.1316029
KASUSDT,SELL,LIMIT,1701206337888,83,0.1309589
KASUSDT,SELL,LIMIT,1701206515405,156,0.1308217
KASUSDT,SELL,LIMIT,1701206721249,35351,0.1302911
KASUSDT,SELL,LIMIT,1701207249210,1829,0.1299591
KASUSDT,SELL,LIMIT,1701208302168,40,0.1293764
KASUSDT,BUY,LIMIT,1701209471362,6401,0.1354356
KASUSDT,BUY,LIMIT,1701217741967,42,0.1358313
KASUSDT,BUY,LIMIT,1701219884096,436,0.1361004
KASUSDT,BUY,LIMIT,1701220246126,7083,0.1363708
KASUSDT,BUY,LIMIT,1701221097258,736,0.1367630
KASUSDT,SELL,LIMIT,1701223581573,2173,0.1312195
KASUSDT,SELL,LIMIT,1701232632052,999,0.1309616
KASUSDT,SELL,LIMIT,1701233028229,7515,0.1304296
KASUSDT,SELL,LIMIT,1701236170417,74,0.1292052
KASUSDT,BUY,LIMIT,1701243938935,160,0.1333015
KASUSDT,SELL,LIMIT,1701245098583,15195,0.1309435
KASUSDT,BUY,LIMIT,1701247566423,47,0.1352115
KASUSDT,SELL,LIMIT,1701252285261,1068,0.1315982
KASUSDT,SELL,LIMIT,1701252361027,6389,0.1312522
KASUSDT,SELL,LIMIT,1701254492784,55,0.1301323
KASUSDT,BUY,LIMIT,1701255771010,3970,0.1347053
KASUSDT,SELL,LIMIT,1701260011132,3851,0.1311698
KASUSDT,SELL,LIMIT,1701260307928,71,0.1306318
KASUSDT,SELL,LIMIT,1701264891571,14843,0.1297856
KASUSDT,SELL,LIMIT,1701265018906,2236,0.1296881
KASUSDT,SELL,LIMIT,1701268348345,249,0.1286685
KASUSDT,SELL,LIMIT,1701268392071,73306,0.1279671
KASUSDT,SELL,LIMIT,1701268417299,1399,0.1284745
KASUSDT,SELL,LIMIT,1701268434025,2019,0.1284063
KASUSDT,SELL,LIMIT,1701268436064,696,0.1283828
KASUSDT,SELL,LIMIT,1701268771067,37690,0.1282259
KASUSDT,SELL,LIMIT,1701268793450,1347,0.1281743
KASUSDT,SELL,LIMIT,1701268870895,27714,0.1279132
KASUSDT,SELL,LIMIT,1701269250222,3782,0.1277865
KASUSDT,SELL,LIMIT,1701269273062,1535,0.1277023
KASUSDT,SELL,LIMIT,1701270289332,970,0.1271704
KASUSDT,SELL,LIMIT,1701270341004,756,0.1271066
KASUSDT,SELL,LIMIT,1701270372654,1542,0.1270391
KASUSDT,SELL,LIMIT,1701270388897,1120,0.1269838
KASUSDT,SELL,LIMIT,1701270413464,13339,0.1268913
KASUSDT,SELL,LIMIT,1701270480668,104,0.1290190
KASUSDT,SELL,LIMIT,1701270560067,299,0.1264992
KASUSDT,SELL,LIMIT,1701270561261,13474,0.1263625
KASUSDT,SELL,LIMIT,1701270571296,41,0.1262832
KASUSDT,SELL,LIMIT,1701270572733,6271,0.1262332
KASUSDT,SELL,LIMIT,1701270587865,500,0.1262837
KASUSDT,SELL,LIMIT,1701270609586,46,0.1261127
KASUSDT,SELL,LIMIT,1701270940182,11238,0.1260798
KASUSDT,SELL,LIMIT,1701271443421,43,0.1256004
KASUSDT,SELL,LIMIT,1701271460299,7442,0.1255116
KASUSDT,SELL,LIMIT,1701271470114,94,0.1254265
KASUSDT,SELL,LIMIT,1701271471251,446,0.1253769
KASUSDT,SELL,LIMIT,1701271499722,69,0.1252479
KASUSDT,BUY,LIMIT,1701271859005,393,0.1297109
KASUSDT,BUY,LIMIT,1701273763738,300,0.1311406
KASUSDT,SELL,LIMIT,1701281180355,2141,0.1280210
KASUSDT,SELL,LIMIT,1701282541797,8021,0.1263807
KASUSDT,SELL,LIMIT,1701283614046,5,0.1269009
KASUSDT,BUY,LIMIT,1701284959481,5,0.1308042
KASUSDT,SELL,LIMIT,1701292879243,38000,0.1260609
KASUSDT,SELL,LIMIT,1701293178749,389,0.1258254
KASUSDT,SELL,LIMIT,1701293184817,116,0.1257628
KASUSDT,SELL,LIMIT,1701293188343,668,0.1256383
KASUSDT,BUY,LIMIT,1701294826044,827,0.1298149
KASUSDT,BUY,LIMIT,1701316338278,613,0.1314291
KASUSDT,BUY,LIMIT,1701322808165,7633,0.1328387
KASUSDT,SELL,LIMIT,1701324242300,10897,0.1282423
KASUSDT,SELL,LIMIT,1701330200312,40,0.1346611
KASUSDT,SELL,LIMIT,1701330817146,255,0.1280778
KASUSDT,SELL,LIMIT,1701331536814,366,0.1279679
KASUSDT,BUY,LIMIT,1701334332022,70,0.1311764
KASUSDT,SELL,LIMIT,1701342017265,44,0.1270859
KASUSDT,SELL,LIMIT,1701342154762,33441,0.1262604
KASUSDT,BUY,LIMIT,1701345552945,311,0.1314012
