Symbol,Side,Order Type,Time,Quantity,Price
KASUSDT,BUY,LIMIT,1701924784443,742,0.1410934
KASUSDT,SELL,LIMIT,1701927382637,605,0.1355200
KASUSDT,SELL,LIMIT,1701927402526,4096,0.1354464
KASUSDT,SELL,LIMIT,1701927429037,699,0.1352887
KASUSDT,SELL,LIMIT,1701929263232,146,0.1352270
KASUSDT,SELL,LIMIT,1701929653773,2500,0.1349910
KASUSDT,SELL,LIMIT,1701936949309,183,0.1343828
KASUSDT,SELL,LIMIT,1701937334123,491,0.1341784
KASUSDT,SELL,LIMIT,1701937496564,5862,0.1338205
KASUSDT,SELL,LIMIT,1701937766143,22750,0.1337682
KASUSDT,SELL,LIMIT,1701937786225,813,0.1336582
KASUSDT,SELL,LIMIT,1701937824454,204,0.1333662
KASUSDT,SELL,LIMIT,1701937851117,246,0.1332711
KASUSDT,SELL,LIMIT,1701937852339,41,0.1332577
KASUSDT,SELL,LIMIT,1701937867233,23434,0.1332492
KASUSDT,SELL,LIMIT,1701937910018,147,0.1331059
KASUSDT,SELL,LIMIT,1701937916334,353,0.1330979
KASUSDT,SELL,LIMIT,1701939589740,783,0.1330082
KASUSDT,SELL,LIMIT,1701939633555,242,0.1328766
KASUSDT,SELL,LIMIT,1701939657221,5005,0.1328584
KASUSDT,SELL,LIMIT,1701939677498,3335,0.1327568
KASUSDT,SELL,LIMIT,1701939678512,905,0.1327036
KASUSDT,SELL,LIMIT,1701939680327,3323,0.1323815
KASUSDT,SELL,LIMIT,1701939681390,1531,0.1323331
KASUSDT,SELL,LIMIT,1701939683368,1020,0.1320971
KASUSDT,SELL,LIMIT,1701939702194,3664,0.1320541
KASUSDT,SELL,LIMIT,1701939713471,8741,0.1319237
KASUSDT,SELL,LIMIT,1701939715331,723,0.1318010
KASUSDT,SELL,LIMIT,1701939719371,382,0.1316736
KASUSDT,BUY,LIMIT,1701939794843,373,0.1363840
KASUSDT,SELL,LIMIT,1701939966978,819,0.1325421
KASUSDT,SELL,LIMIT,1701940047271,12877,0.1319113
KASUSDT,SELL,LIMIT,1701940416010,3467,0.1316210
KASUSDT,SELL,LIMIT,1701940424760,4126,0.1315632
KASUSDT,SELL,LIMIT,1701940431998,197,0.1314894
KASUSDT,SELL,LIMIT,1701940436145,14317,0.1314751
KASUSDT,SELL,LIMIT,1701940439054,1435,0.1314434
KASUSDT,SELL,LIMIT,1701940475999,156,0.1312227
KASUSDT,SELL,LIMIT,1701940514116,15434,0.1310961
KASUSDT,SELL,LIMIT,1701940516067,1974,0.1310813
KASUSDT,SELL,LIMIT,1701940520046,2007,0.1310293
KASUSDT,SELL,LIMIT,1701940522101,8522,0.1306279
KASUSDT,SELL,LIMIT,1701940523247,46401,0.1303777
KASUSDT,SELL,LIMIT,1701940524898,51892,0.1300381
KASUSDT,SELL,LIMIT,1701940526478,4382,0.1302789
KASUSDT,SELL,LIMIT,1701940528473,16430,0.1302189
KASUSDT,SELL,LIMIT,1701940530505,17291,0.1301354
KASUSDT,SELL,LIMIT,1701940532127,30798,0.1300474
KASUSDT,SELL,LIMIT,1701940533175,1725,0.1300466
KASUSDT,SELL,LIMIT,1701940545309,8504,0.1299816
KASUSDT,SELL,LIMIT,1701940546334,50403,0.1296076
KASUSDT,SELL,LIMIT,1701940562483,1430,0.1298812
KASUSDT,SELL,LIMIT,1701940563574,385,0.1298735
KASUSDT,SELL,LIMIT,1701940566328,6947,0.1298051
KASUSDT,SELL,LIMIT,1701940575487,13364,0.1296013
KASUSDT,SELL,LIMIT,1701940579300,1666,0.1294925
KASUSDT,SELL,LIMIT,1701940585339,2571,0.1294351
KASUSDT,SELL,LIMIT,1701940586529,468,0.1294363
KASUSDT,SELL,LIMIT,1701940605214,70631,0.1287384
KASUSDT,SELL,LIMIT,1701940612245,2157,0.1291594
KASUSDT,SELL,LIMIT,1701940613372,162,0.1292053
KASUSDT,SELL,LIMIT,1701940616078,141474,0.1280636
KASUSDT,SELL,LIMIT,1701940617284,956,0.1289683
KASUSDT,SELL,LIMIT,1701940618358,343,0.1289996
KASUSDT,SELL,LIMIT,1701940631615,717,0.1288128
KASUSDT,SELL,LIMIT,1701940661334,9500,0.1287698
KASUSDT,SELL,LIMIT,1701940665799,1978,0.1286415
KASUSDT,SELL,LIMIT,1701940790329,2541,0.1285001
KASUSDT,SELL,LIMIT,1701941064465,515,0.1287243
KASUSDT,SELL,LIMIT,1701941081664,1125,0.1287419
KASUSDT,SELL,LIMIT,1701941154916,14473,0.1284256
KASUSDT,SELL,LIMIT,1701941166105,421,0.1282984
KASUSDT,SELL,LIMIT,1701941168504,1481,0.1282750
KASUSDT,SELL,LIMIT,1701941174193,2382,0.1282647
KASUSDT,SELL,LIMIT,1701941177391,7802,0.1282555
KASUSDT,SELL,LIMIT,1701941178993,370,0.1282450
KASUSDT,SELL,LIMIT,1701941189420,7763,0.1281768
KASUSDT,SELL,LIMIT,1701941190526,140,0.1280962
KASUSDT,SELL,LIMIT,1701941192948,2304,0.1279539
KASUSDT,SELL,LIMIT,1701941207256,361,0.1278425
KASUSDT,SELL,LIMIT,1701941209175,9868,0.1276871
KASUSDT,SELL,LIMIT,1701941210310,868,0.1276416
KASUSDT,SELL,LIMIT,1701941211411,1794,0.1276549
KASUSDT,SELL,LIMIT,1701941225644,3765,0.1275119
KASUSDT,SELL,LIMIT,1701941233158,1995,0.1272723
KASUSDT,SELL,LIMIT,1701941234200,35350,0.1274094
KASUSDT,SELL,LIMIT,1701941235230,90500,0.1264726
KASUSDT,SELL,LIMIT,1701941237105,4,0.1271415
KASUSDT,SELL,LIMIT,1701941238213,2515,0.1270354
KASUSDT,SELL,LIMIT,1701941242054,54994,0.1264241
KASUSDT,SELL,LIMIT,1701941243407,46447,0.1264255
KASUSDT,SELL,LIMIT,1701941244438,4515,0.1265520
KASUSDT,SELL,LIMIT,1701941245502,5000,0.1266030
KASUSDT,SELL,LIMIT,1701941247087,107757,0.1254106
KASUSDT,SELL,LIMIT,1701941248406,4109,0.1261696
KASUSDT,SELL,LIMIT,1701941279857,1452,0.1261365
KASUSDT,SELL,LIMIT,1701941282366,43870,0.1259631
KASUSDT,SELL,LIMIT,1701941284469,58991,0.1256057
KASUSDT,SELL,LIMIT,1701941286385,31088,0.1258433
KASUSDT,SELL,LIMIT,1701941338088,12792,0.1258042
KASUSDT,SELL,LIMIT,1701941339271,1644,0.1257683
KASUSDT,SELL,LIMIT,1701941340370,157,0.1256057
KASUSDT,SELL,LIMIT,1701941342165,1440,0.1254140
KASUSDT,BUY,LIMIT,1701942104528,3858,0.1320770
KASUSDT,SELL,LIMIT,1701943403509,328,0.1275429
KASUSDT,SELL,LIMIT,1701944169009,47,0.1262107
KASUSDT,SELL,LIMIT,1701944247108,1354,0.1253914
KASUSDT,SELL,LIMIT,1701944258390,27612,0.1253543
KASUSDT,SELL,LIMIT,1701944275474,2600,0.1251936
KASUSDT,SELL,LIMIT,1701944321679,665,0.1251715
KASUSDT,SELL,LIMIT,1701944323021,61,0.1251564
KASUSDT,SELL,LIMIT,1701944376188,2028,0.1250183
KASUSDT,SELL,LIMIT,1701944377499,7082,0.1249424
KASUSDT,SELL,LIMIT,1701944378727,9238,0.1249187
KASUSDT,SELL,LIMIT,1701947331243,2130,0.1256514
KASUSDT,SELL,LIMIT,1701954863121,1957,0.1284432
KASUSDT,BUY,LIMIT,1701961436773,15927,0.1328707
KASUSDT,SELL,LIMIT,1701964873320,5583,0.1288679
KASUSDT,BUY,LIMIT,1701965041673,4201,0.1330575
KASUSDT,SELL,LIMIT,1701965067236,3810,0.1290351
KASUSDT,SELL,LIMIT,1701965283887,1329,0.1292733
KASUSDT,BUY,LIMIT,1701965508098,16877,0.1333174
KASUSDT,SELL,LIMIT,1701967463106,12529,0.1280925
KASUSDT,SELL,LIMIT,1701967562124,1138,0.1277357
KASUSDT,SELL,LIMIT,1701968477095,3201,0.1271620
KASUSDT,SELL,LIMIT,1701968523190,481,0.1269058
KASUSDT,SELL,LIMIT,1701970721451,2134,0.1271125
KASUSDT,SELL,LIMIT,1701970892096,967,0.1266023
KASUSDT,SELL,LIMIT,1701970919964,831,0.1264275
KASUSDT,SELL,LIMIT,1701974303071,2442,0.1268826
KASUSDT,SELL,LIMIT,1701978409548,86,0.1263147
KASUSDT,BUY,LIMIT,1701979770293,8803,0.1310028
KASUSDT,SELL,LIMIT,1701981577029,38984,0.1259250
KASUSDT,SELL,LIMIT,1701981586128,9426,0.1258306
KASUSDT,SELL,LIMIT,1701981596341,481,0.1255582
KASUSDT,BUY,LIMIT,1701984681760,6323,0.1314817
KASUSDT,BUY,LIMIT,1701985167286,8798,0.1318728
KASUSDT,SELL,LIMIT,1701988329263,574,0.1269957
KASUSDT,SELL,LIMIT,1701988587312,3031,0.1261630
KASUSDT,SELL,LIMIT,1701989784290,38735,0.1258978
KASUSDT,SELL,LIMIT,1701989838245,1701,0.1256157
KASUSDT,SELL,LIMIT,1701990838809,3755,0.1253280
KASUSDT,SELL,LIMIT,1701990865070,38700,0.1252619
KASUSDT,SELL,LIMIT,1701991054181,2427,0.1251321
KASUSDT,SELL,LIMIT,1701991202068,1547,0.1249035
KASUSDT,SELL,LIMIT,1701991205491,2324,0.1248515
KASUSDT,SELL,LIMIT,1701991236092,76,0.1248238
KASUSDT,SELL,LIMIT,1701991242961,190,0.1247732
KASUSDT,SELL,LIMIT,1701991478767,320,0.1246855
KASUSDT,SELL,LIMIT,1701991480995,38197,0.1246615
KASUSDT,SELL,LIMIT,1701991487410,311,0.1246430
KASUSDT,SELL,LIMIT,1701991489946,7618,0.1246227
KASUSDT,SELL,LIMIT,1701991942388,22386,0.1245641
KASUSDT,SELL,LIMIT,1701991943486,94,0.1245707
KASUSDT,SELL,LIMIT,1701991947313,200,0.1244715
KASUSDT,BUY,LIMIT,1701994778958,67,0.1309955
KASUSDT,SELL,LIMIT,1701997517051,8025,0.1264526
KASUSDT,SELL,LIMIT,1701997574643,1284,0.1261975
KASUSDT,SELL,LIMIT,1701998429066,2631,0.1262298
KASUSDT,SELL,LIMIT,1702000531203,7200,0.1257707
KASUSDT,SELL,LIMIT,1702001989215,26981,0.1251751
KASUSDT,SELL,LIMIT,1702003090878,1087,0.1247257
KASUSDT,SELL,LIMIT,1702003092666,1082,0.1246613
KASUSDT,SELL,LIMIT,1702003276900,458,0.1243795
KASUSDT,SELL,LIMIT,1702003389060,1396,0.1243562
KASUSDT,SELL,LIMIT,1702003432712,3032,0.1242994
KASUSDT,SELL,LIMIT,1702003434257,168,0.1241880
KASUSDT,SELL,LIMIT,1702003435328,3139,0.1242309
KASUSDT,SELL,LIMIT,1702003489656,4601,0.1239754
KASUSDT,SELL,LIMIT,1702003494470,11281,0.1239310
KASUSDT,SELL,LIMIT,1702003504323,109,0.1239127
KASUSDT,SELL,LIMIT,1702003509207,7995,0.1239068
KASUSDT,SELL,LIMIT,1702003598671,3860,0.1238164
KASUSDT,SELL,LIMIT,1702003677024,636,0.1242918
KASUSDT,SELL,LIMIT,1702003722358,1263,0.1240596
KASUSDT,SELL,LIMIT,1702006467255,33377,0.1243071
KASUSDT,SELL,LIMIT,1702006813841,1544,0.1241086
KASUSDT,SELL,LIMIT,1702010327917,16,0.1257814
KASUSDT,BUY,LIMIT,1702015876055,420,0.1311684
KASUSDT,BUY,LIMIT,1702020502005,774,0.1310466
KASUSDT,BUY,LIMIT,1702028138425,3980,0.1344363
KASUSDT,SELL,LIMIT,1702029211100,1506,0.1300807
KASUSDT,SELL,LIMIT,1702029352279,347,0.1296920
KASUSDT,SELL,LIMIT,1702032459508,550,0.1296907
KASUSDT,BUY,LIMIT,1702032500866,4667,0.1340934
KASUSDT,SELL,LIMIT,1702033500371,151,0.1312882
KASUSDT,SELL,LIMIT,1702037074754,79,0.1323904
KASUSDT,SELL,LIMIT,1702041012607,3743,0.1309251
KASUSDT,SELL,LIMIT,1702041019063,13375,0.1307788
KASUSDT,BUY,LIMIT,1702042579605,1533,0.1354918
KASUSDT,SELL,LIMIT,1702044451210,1750,0.1304837
KASUSDT,SELL,LIMIT,1702045035333,716,0.1298766
KASUSDT,SELL,LIMIT,1702047495528,94,0.1307720
KASUSDT,SELL,LIMIT,1702050327927,1036,0.1297905
KASUSDT,SELL,LIMIT,1702050912628,2591,0.1286836
KASUSDT,SELL,LIMIT,1702050914082,981,0.1286166
KASUSDT,SELL,LIMIT,1702055370812,1487,0.1277857
KASUSDT,SELL,LIMIT,1702055372563,300,0.1277359
KASUSDT,SELL,LIMIT,1702055374430,595,0.1276305
KASUSDT,SELL,LIMIT,1702055378106,144,0.1274739
KASUSDT,BUY,LIMIT,1702065844399,597,0.1340331
KASUSDT,BUY,LIMIT,1702068680256,646,0.1351860
KASUSDT,SELL,LIMIT,1702072235617,19381,0.1299326
KASUSDT,SELL,LIMIT,1702073317827,25777,0.1303568
KASUSDT,SELL,LIMIT,1702078668955,395,0.1294461
KASUSDT,BUY,LIMIT,1702081403267,4028,0.1341615
KASUSDT,SELL,LIMIT,1702084203237,4140,0.1304305
KASUSDT,SELL,LIMIT,1702089951169,37711,0.1287515
KASUSDT,SELL,LIMIT,1702090079730,3803,0.1287299
KASUSDT,BUY,LIMIT,1702094801361,1617,0.1331245
KASUSDT,SELL,LIMIT,1702094974176,38026,0.1287030
KASUSDT,SELL,LIMIT,1702094996230,7210,0.1285128
KASUSDT,SELL,LIMIT,1702095246113,4817,0.1279373
KASUSDT,SELL,LIMIT,1702097543806,1405,0.1287282
KASUSDT,SELL,LIMIT,1702099331404,10281,0.1274030
KASUSDT,SELL,LIMIT,1702099333437,35497,0.1272867
KASUSDT,SELL,LIMIT,1702107521932,777,0.1288856
KASUSDT,SELL,LIMIT,1702109024562,13675,0.1303420
KASUSDT,BUY,LIMIT,1702110655655,79,0.1337668
KASUSDT,SELL,LIMIT,1702110831118,825,0.1291292
KASUSDT,SELL,LIMIT,1702110986402,98,0.1281372
KASUSDT,SELL,LIMIT,1702110999108,1934,0.1280525
KASUSDT,SELL,LIMIT,1702111026632,7697,0.1280641
KASUSDT,SELL,LIMIT,1702111040450,3800,0.1278228
KASUSDT,SELL,LIMIT,1702111044209,39509,0.1277805
KASUSDT,SELL,LIMIT,1702111045407,22665,0.1277947
KASUSDT,SELL,LIMIT,1702111207545,38454,0.1274590
KASUSDT,SELL,LIMIT,1702111229507,159,0.1273149
KASUSDT,SELL,LIMIT,1702111236767,2096,0.1273079
KASUSDT,SELL,LIMIT,1702111248159,47274,0.1270476
KASUSDT,SELL,LIMIT,1702111258471,633,0.1267798
KASUSDT,SELL,LIMIT,1702111259833,22912,0.1266748
KASUSDT,SELL,LIMIT,1702111294255,566,0.1264538
KASUSDT,SELL,LIMIT,1702111378799,10058,0.1263651
KASUSDT,SELL,LIMIT,1702111395197,2828,0.1261151
KASUSDT,SELL,LIMIT,1702111420418,31000,0.1260334
KASUSDT,SELL,LIMIT,1702111427293,700,0.1260146
KASUSDT,SELL,LIMIT,1702116288118,30904,0.1268682
KASUSDT,SELL,LIMIT,1702121163760,7689,0.1270670
KASUSDT,SELL,LIMIT,1702122561552,128,0.1278352
KASUSDT,SELL,LIMIT,1702125773184,1829,0.1262493
KASUSDT,SELL,LIMIT,1702125777743,109,0.1260331
KASUSDT,SELL,LIMIT,1702125813603,15544,0.1259820
KASUSDT,SELL,LIMIT,1702125842759,10000,0.1259028
KASUSDT,SELL,LIMIT,1702128335938,1499,0.1257998
KASUSDT,SELL,LIMIT,1702128339579,9645,0.1257612
KASUSDT,SELL,LIMIT,1702128688771,23087,0.1257084
KASUSDT,SELL,LIMIT,1702128754137,3000,0.1253922
KASUSDT,SELL,LIMIT,1702128759693,2065,0.1253656
KASUSDT,SELL,LIMIT,1702132045074,4872,0.1262527
KASUSDT,SELL,LIMIT,1702132663178,7801,0.1256422
KASUSDT,SELL,LIMIT,1702132671414,8263,0.1256565
KASUSDT,SELL,LIMIT,1702132678494,13338,0.1256021
KASUSDT,SELL,LIMIT,1702132686360,780,0.1255085
KASUSDT,SELL,LIMIT,1702132711498,230,0.1253520
KASUSDT,SELL,LIMIT,1702132813649,441,0.1252313
KASUSDT,SELL,LIMIT,1702132889318,2324,0.1249801
KASUSDT,SELL,LIMIT,1702132891508,3977,0.1249360
KASUSDT,SELL,LIMIT,1702133004957,12559,0.1248987
KASUSDT,SELL,LIMIT,1702133008852,15121,0.1247994
KASUSDT,SELL,LIMIT,1702133039965,192,0.1247796
KASUSDT,SELL,LIMIT,1702133337084,4807,0.1246642
KASUSDT,SELL,LIMIT,1702133362089,2561,0.1245737
KASUSDT,SELL,LIMIT,1702133366156,3373,0.1244539
KASUSDT,SELL,LIMIT,1702133368177,366,0.1243998
KASUSDT,SELL,LIMIT,1702133382722,801,0.1243082
KASUSDT,SELL,LIMIT,1702133410242,667,0.1242216
KASUSDT,SELL,LIMIT,1702134468636,22754,0.1243737
KASUSDT,SELL,LIMIT,1702134895713,10818,0.1247109
KASUSDT,SELL,LIMIT,1702138953956,3295,0.1257176
KASUSDT,SELL,LIMIT,1702139165030,4003,0.1257942
KASUSDT,SELL,LIMIT,1702139269197,4304,0.1254675
KASUSDT,SELL,LIMIT,1702141702073,2728,0.1246365
KASUSDT,SELL,LIMIT,1702141746324,72,0.1245605
KASUSDT,SELL,LIMIT,1702141846678,439,0.1244998
KASUSDT,SELL,LIMIT,1702141849149,1100,0.1244094
KASUSDT,SELL,LIMIT,1702141853063,16254,0.1244007
KASUSDT,SELL,LIMIT,1702142099315,3266,0.1241526
KASUSDT,SELL,LIMIT,1702142321008,745,0.1240935
KASUSDT,SELL,LIMIT,1702142426891,911,0.1240701
KASUSDT,BUY,LIMIT,1702143499437,2057,0.1288798
KASUSDT,SELL,LIMIT,1702144629559,38285,0.1252428
KASUSDT,BUY,LIMIT,1702146798376,1444,0.1301248
KASUSDT,SELL,LIMIT,1702156130967,22484,0.1265142
KASUSDT,BUY,LIMIT,1702162887884,4382,0.1312115
KASUSDT,SELL,LIMIT,1702164747097,40051,0.1279085
KASUSDT,SELL,LIMIT,1702164800922,82,0.1275837
KASUSDT,SELL,LIMIT,1702164803010,292,0.1276700
KASUSDT,SELL,LIMIT,1702164807612,2913,0.1275338
KASUSDT,SELL,LIMIT,1702164809572,11941,0.1273662
KASUSDT,SELL,LIMIT,1702164811485,39,0.1352199
KASUSDT,SELL,LIMIT,1702164877324,2909,0.1267608
KASUSDT,SELL,LIMIT,1702164924357,3876,0.1263308
KASUSDT,SELL,LIMIT,1702164936942,479,0.1261279
KASUSDT,SELL,LIMIT,1702165106235,3033,0.1259161
KASUSDT,SELL,LIMIT,1702166443644,28151,0.1260384
KASUSDT,BUY,LIMIT,1702172895299,38473,0.1325501
KASUSDT,BUY,LIMIT,1702173680689,2366,0.1327120
KASUSDT,BUY,LIMIT,1702175760902,166,0.1330263
KASUSDT,SELL,LIMIT,1702188089250,18587,0.1265986
KASUSDT,SELL,LIMIT,1702190259480,35140,0.1258818
KASUSDT,SELL,LIMIT,1702192093091,531,0.1284292
KASUSDT,SELL,LIMIT,1702192787252,5843,0.1253723
KASUSDT,SELL,LIMIT,1702192926546,2935,0.1251673
KASUSDT,SELL,LIMIT,1702200733815,3219,0.1249533
KASUSDT,SELL,LIMIT,1702200784907,10191,0.1247557
KASUSDT,SELL,LIMIT,1702200912339,2376,0.1245852
KASUSDT,SELL,LIMIT,1702200936211,4009,0.1245860
KASUSDT,SELL,LIMIT,1702200944403,7807,0.1247348
KASUSDT,SELL,LIMIT,1702201325397,469,0.1243723
KASUSDT,SELL,LIMIT,1702201384685,1317,0.1242933
KASUSDT,SELL,LIMIT,1702201391189,378,0.1242748
KASUSDT,SELL,LIMIT,1702201410609,5906,0.1241987
KASUSDT,SELL,LIMIT,1702201531973,763,0.1241531
KASUSDT,SELL,LIMIT,1702201760535,498,0.1241192
KASUSDT,SELL,LIMIT,1702201762919,469,0.1240495
KASUSDT,SELL,LIMIT,1702201803857,2199,0.1239863
KASUSDT,SELL,LIMIT,1702202196959,1363,0.1240608
KASUSDT,SELL,LIMIT,1702202263078,36066,0.1240707
KASUSDT,SELL,LIMIT,1702202270476,7958,0.1240434
KASUSDT,SELL,LIMIT,1702202271567,239,0.1240434
KASUSDT,SELL,LIMIT,1702202296212,13042,0.1239919
KASUSDT,SELL,LIMIT,1702202317091,37,0.1240192
KASUSDT,SELL,LIMIT,1702202324268,267,0.1240243
KASUSDT,SELL,LIMIT,1702202368511,300,0.1240904
KASUSDT,SELL,LIMIT,1702202380567,907,0.1239999
KASUSDT,SELL,LIMIT,1702202458873,792,0.1239290
KASUSDT,SELL,LIMIT,1702204132877,11565,0.1245484
KASUSDT,SELL,LIMIT,1702209679689,390,0.1237360
KASUSDT,SELL,LIMIT,1702209680730,662,0.1236639
KASUSDT,SELL,LIMIT,1702209682190,3098,0.1236120
KASUSDT,SELL,LIMIT,1702209683342,11736,0.1234626
KASUSDT,SELL,LIMIT,1702209684526,413,0.1233447
KASUSDT,SELL,LIMIT,1702209687297,788,0.1233407
KASUSDT,SELL,LIMIT,1702209688832,33801,0.1232152
KASUSDT,SELL,LIMIT,1702209690232,16837,0.1231568
KASUSDT,SELL,LIMIT,1702209691849,6857,0.1231530
KASUSDT,SELL,LIMIT,1702209696204,30000,0.1230370
KASUSDT,SELL,LIMIT,1702209697346,1052,0.1228153
KASUSDT,SELL,LIMIT,1702209701603,184467,0.1216701
KASUSDT,SELL,LIMIT,1702209704343,1807,0.1224410
KASUSDT,SELL,LIMIT,1702209708947,7903,0.1223581
KASUSDT,SELL,LIMIT,1702209710287,817,0.1222854
KASUSDT,SELL,LIMIT,1702209711605,29662,0.1222706
KASUSDT,SELL,LIMIT,1702209713845,216,0.1222409
KASUSDT,SELL,LIMIT,1702209715510,3124,0.1221911
KASUSDT,SELL,LIMIT,1702209717267,121,0.1221633
KASUSDT,SELL,LIMIT,1702209720405,122,0.1221017
KASUSDT,SELL,LIMIT,1702209722050,3919,0.1220526
KASUSDT,SELL,LIMIT,1702209723704,2587,0.1219742
KASUSDT,SELL,LIMIT,1702209726052,35887,0.1219051
KASUSDT,SELL,LIMIT,1702209746610,1011,0.1218012
KASUSDT,SELL,LIMIT,1702209747815,207,0.1217313
KASUSDT,SELL,LIMIT,1702209749488,1965,0.1216845
KASUSDT,SELL,LIMIT,1702209751173,399,0.1216637
KASUSDT,SELL,LIMIT,1702209752449,290,0.1215721
KASUSDT,SELL,LIMIT,1702209755072,18970,0.1215446
KASUSDT,SELL,LIMIT,1702209759627,8560,0.1215227
KASUSDT,SELL,LIMIT,1702209762881,7905,0.1214743
KASUSDT,SELL,LIMIT,1702214477553,153,0.1242342
KASUSDT,SELL,LIMIT,1702228556706,1962,0.1257993
KASUSDT,SELL,LIMIT,1702233869321,371,0.1262590
KASUSDT,SELL,LIMIT,1702233882058,4132,0.1261031
KASUSDT,SELL,LIMIT,1702235337404,498,0.1271456
KASUSDT,SELL,LIMIT,1702241334306,5000,0.1281930
KASUSDT,BUY,LIMIT,1702241445591,288,0.1322891
KASUSDT,SELL,LIMIT,1702244535208,1517,0.1275919
KASUSDT,SELL,LIMIT,1702250241313,38619,0.1268983
KASUSDT,SELL,LIMIT,1702250242489,5000,0.1268186
KASUSDT,SELL,LIMIT,1702256484173,1895,0.1259113
KASUSDT,SELL,LIMIT,1702256620301,825,0.1255737
KASUSDT,SELL,LIMIT,1702256633943,51,0.1254772
KASUSDT,SELL,LIMIT,1702256859382,4293,0.1250950
KASUSDT,SELL,LIMIT,1702256919889,7206,0.1252011
KASUSDT,SELL,LIMIT,1702260321246,1096,0.1247213
KASUSDT,SELL,LIMIT,1702260327822,5364,0.1247033
KASUSDT,SELL,LIMIT,1702260425120,958,0.1245788
KASUSDT,SELL,LIMIT,1702260430013,8085,0.1248162
KASUSDT,SELL,LIMIT,1702260436568,40000,0.1251555
KASUSDT,SELL,LIMIT,1702260438624,193993,0.1235273
KASUSDT,SELL,LIMIT,1702260440956,154,0.1243534
KASUSDT,SELL,LIMIT,1702260564733,16767,0.1238616
KASUSDT,SELL,LIMIT,1702260625041,9595,0.1236463
KASUSDT,BUY,LIMIT,1702260631690,747,0.1273683
KASUSDT,SELL,LIMIT,1702260635947,185,0.1235705
KASUSDT,SELL,LIMIT,1702260639249,240,0.1234422
KASUSDT,SELL,LIMIT,1702260684141,1407,0.1232362
KASUSDT,SELL,LIMIT,1702260696125,22800,0.1232498
KASUSDT,SELL,LIMIT,1702260708034,1937,0.1231565
KASUSDT,SELL,LIMIT,1702260710289,46,0.1230737
KASUSDT,SELL,LIMIT,1702260712169,12440,0.1230603
KASUSDT,SELL,LIMIT,1702260713611,17743,0.1229322
KASUSDT,SELL,LIMIT,1702260714658,393,0.1230288
KASUSDT,SELL,LIMIT,1702260717913,9290,0.1228694
KASUSDT,SELL,LIMIT,1702260719100,149,0.1228898
KASUSDT,SELL,LIMIT,1702260720904,2436,0.1228870
KASUSDT,SELL,LIMIT,1702260723367,390,0.1228715
KASUSDT,SELL,LIMIT,1702260724403,5569,0.1228715
KASUSDT,SELL,LIMIT,1702260726520,7871,0.1228649
KASUSDT,SELL,LIMIT,1702260727627,7683,0.1228279
KASUSDT,SELL,LIMIT,1702260730473,515,0.1227635
KASUSDT,SELL,LIMIT,1702260731806,1267,0.1227643
KASUSDT,SELL,LIMIT,1702260733115,1594,0.1230679
KASUSDT,SELL,LIMIT,1702260734392,3333,0.1227512
KASUSDT,SELL,LIMIT,1702260735446,15286,0.1227335
KASUSDT,SELL,LIMIT,1702260737054,494,0.1227212
KASUSDT,SELL,LIMIT,1702260739745,94424,0.1219770
KASUSDT,SELL,LIMIT,1702260741045,17989,0.1234966
KASUSDT,SELL,LIMIT,1702260742390,16098,0.1226079
KASUSDT,SELL,LIMIT,1702260745208,16834,0.1224916
KASUSDT,SELL,LIMIT,1702260746325,314,0.1225599
KASUSDT,SELL,LIMIT,1702260748441,2569,0.1225259
KASUSDT,SELL,LIMIT,1702260749658,28560,0.1225406
KASUSDT,SELL,LIMIT,1702260752622,57121,0.1221664
KASUSDT,SELL,LIMIT,1702260753661,1318,0.1225154
KASUSDT,BUY,LIMIT,1702260754691,4724,0.1252294
KASUSDT,SELL,LIMIT,1702260755866,10000,0.1224809
KASUSDT,SELL,LIMIT,1702260757319,765,0.1235858
KASUSDT,SELL,LIMIT,1702260758909,92,0.1223878
KASUSDT,SELL,LIMIT,1702260759982,436,0.1223553
KASUSDT,SELL,LIMIT,1702260761048,1925,0.1231321
KASUSDT,SELL,LIMIT,1702260762286,47850,0.1220735
KASUSDT,SELL,LIMIT,1702260763742,700,0.1222246
KASUSDT,SELL,LIMIT,1702260764756,27226,0.1222308
KASUSDT,SELL,LIMIT,1702260766709,2842,0.1221892
KASUSDT,SELL,LIMIT,1702260767839,22408,0.1221198
KASUSDT,SELL,LIMIT,1702260768950,353,0.1223149
KASUSDT,SELL,LIMIT,1702260770128,3058,0.1221068
KASUSDT,SELL,LIMIT,1702260771846,624,0.1222034
KASUSDT,SELL,LIMIT,1702260773365,11,0.1220664
KASUSDT,SELL,LIMIT,1702260774317,3820,0.1220110
KASUSDT,SELL,LIMIT,1702260775446,10576,0.1218574
KASUSDT,SELL,LIMIT,1702260776695,15357,0.1219263
KASUSDT,SELL,LIMIT,1702260778159,5000,0.1219108
KASUSDT,SELL,LIMIT,1702260779233,3984,0.1220300
KASUSDT,SELL,LIMIT,1702260780268,39062,0.1219034
KASUSDT,SELL,LIMIT,1702260781329,172,0.1305150
KASUSDT,SELL,LIMIT,1702260782502,4601,0.1217483
KASUSDT,SELL,LIMIT,1702260783559,157418,0.1208225
KASUSDT,SELL,LIMIT,1702260785474,17571,0.1215766
KASUSDT,SELL,LIMIT,1702260786467,9000,0.1214575
KASUSDT,SELL,LIMIT,1702260787541,62810,0.1205502
KASUSDT,SELL,LIMIT,1702260788559,1600,0.1209824
KASUSDT,SELL,LIMIT,1702260789573,59,0.1206795
KASUSDT,SELL,LIMIT,1702260790669,3400,0.1202471
KASUSDT,SELL,LIMIT,1702260791696,790,0.1203540
KASUSDT,SELL,LIMIT,1702260792828,52000,0.1197069
KASUSDT,SELL,LIMIT,1702260793916,14822,0.1200248
KASUSDT,SELL,LIMIT,1702260794978,1781,0.1200128
KASUSDT,SELL,LIMIT,1702260796529,200,0.1218114
KASUSDT,SELL,LIMIT,1702260797586,1500,0.1196720
KASUSDT,SELL,LIMIT,1702260798635,103317,0.1190909
KASUSDT,SELL,LIMIT,1702260799721,38850,0.1195944
KASUSDT,SELL,LIMIT,1702260800746,7213,0.1193783
KASUSDT,SELL,LIMIT,1702260801764,265299,0.1176733
KASUSDT,SELL,LIMIT,1702260802897,12924,0.1216974
KASUSDT,SELL,LIMIT,1702260804093,11399,0.1189978
KASUSDT,SELL,LIMIT,1702260805906,15589,0.1191236
KASUSDT,SELL,LIMIT,1702260807046,611,0.1200588
KASUSDT,SELL,LIMIT,1702260808149,1551,0.1204821
KASUSDT,SELL,LIMIT,1702260809234,340,0.1191470
KASUSDT,SELL,LIMIT,1702260812439,38150,0.1191125
KASUSDT,SELL,LIMIT,1702260814260,18811,0.1191271
KASUSDT,SELL,LIMIT,1702260816136,39296,0.1188702
KASUSDT,SELL,LIMIT,1702260817206,4801,0.1189728
KASUSDT,SELL,LIMIT,1702260818418,77,0.1189072
KASUSDT,SELL,LIMIT,1702260821130,500,0.1185631
KASUSDT,SELL,LIMIT,1702260822198,19802,0.1187391
KASUSDT,SELL,LIMIT,1702260824160,404,0.1283767
KASUSDT,SELL,LIMIT,1702260825202,347,0.1183976
KASUSDT,SELL,LIMIT,1702260826714,241,0.1181709
KASUSDT,SELL,LIMIT,1702260828010,2038,0.1180286
KASUSDT,SELL,LIMIT,1702260831094,4270,0.1178925
KASUSDT,SELL,LIMIT,1702260832123,1025,0.1174360
KASUSDT,SELL,LIMIT,1702260833196,8438,0.1171891
KASUSDT,SELL,LIMIT,1702260837146,5381,0.1170869
KASUSDT,SELL,LIMIT,1702260839735,1726,0.1169698
KASUSDT,SELL,LIMIT,1702260843820,3860,0.1168704
KASUSDT,SELL,LIMIT,1702260846004,560,0.1168582
KASUSDT,SELL,LIMIT,1702260848364,7258,0.1168082
KASUSDT,SELL,LIMIT,1702260849629,810,0.1168193
KASUSDT,SELL,LIMIT,1702260858197,270,0.1164305
KASUSDT,SELL,LIMIT,1702260859206,262,0.1164019
KASUSDT,SELL,LIMIT,1702260860450,1012,0.1160448
KASUSDT,SELL,LIMIT,1702260862582,111835,0.1152618
KASUSDT,SELL,LIMIT,1702260863891,249,0.1158823
KASUSDT,SELL,LIMIT,1702260865095,3016,0.1154836
KASUSDT,SELL,LIMIT,1702260866151,107,0.1151125
KASUSDT,SELL,LIMIT,1702260868416,30253,0.1151660
KASUSDT,SELL,LIMIT,1702260870202,1409,0.1149865
KASUSDT,SELL,LIMIT,1702260871536,3583,0.1149347
KASUSDT,SELL,LIMIT,1702260872602,9127,0.1147020
KASUSDT,SELL,LIMIT,1702260876248,183,0.1146709
KASUSDT,SELL,LIMIT,1702260877642,5045,0.1146247
KASUSDT,SELL,LIMIT,1702260887224,1610,0.1144963
KASUSDT,SELL,LIMIT,1702260888699,11977,0.1143733
KASUSDT,SELL,LIMIT,1702260889801,3614,0.1143121
KASUSDT,SELL,LIMIT,1702260914502,16119,0.1142462
KASUSDT,SELL,LIMIT,1702260922922,231,0.1141695
KASUSDT,SELL,LIMIT,1702260924076,5557,0.1140551
KASUSDT,SELL,LIMIT,1702260925200,1665,0.1140140
KASUSDT,SELL,LIMIT,1702260986922,420,0.1138027
KASUSDT,SELL,LIMIT,1702260989392,48310,0.1136410
KASUSDT,SELL,LIMIT,1702261020497,459,0.1137286
KASUSDT,SELL,LIMIT,1702261022563,38,0.1137350
KASUSDT,SELL,LIMIT,1702261024257,8153,0.1135571
KASUSDT,SELL,LIMIT,1702261028392,1390,0.1134506
KASUSDT,SELL,LIMIT,1702261031096,9203,0.1134253
KASUSDT,SELL,LIMIT,1702263072562,1796,0.1170452
KASUSDT,SELL,LIMIT,1702264891185,5924,0.1189949
KASUSDT,SELL,LIMIT,1702267326937,12462,0.1191559
