Symbol,Side,Order Type,Time,Quantity,Price
KASUSDT,BUY,LIMIT,1700846292092,908,0.1415592
KASUSDT,BUY,LIMIT,1700846419668,17435,0.1421933
KASUSDT,SELL,LIMIT,1700847399069,2000,0.1376370
KASUSDT,SELL,LIMIT,1700847496974,2609,0.1373375
KASUSDT,SELL,LIMIT,1700847914041,25357,0.1375977
KASUSDT,SELL,LIMIT,1700848012373,2976,0.1369067
KASUSDT,BUY,LIMIT,1700850051640,2001,0.1421383
KASUSDT,BUY,LIMIT,1700851200326,14309,0.1428323
KASUSDT,BUY,LIMIT,1700851219372,122,0.1429506
KASUSDT,BUY,LIMIT,1700851228234,4375,0.1429955
KASUSDT,SELL,LIMIT,1700852627998,78,0.1374414
KASUSDT,SELL,LIMIT,1700852815263,549,0.1373066
KASUSDT,SELL,LIMIT,1700853001169,2697,0.1372268
KASUSDT,BUY,LIMIT,1700854053146,48,0.1425720
KASUSDT,BUY,LIMIT,1700854916918,17582,0.1438446
KASUSDT,BUY,LIMIT,1700854983206,920,0.1440285
KASUSDT,SELL,LIMIT,1700855245986,31697,0.1389403
KASUSDT,SELL,LIMIT,1700856064185,99,0.1372152
KASUSDT,SELL,LIMIT,1700856073225,262,0.1370804
KASUSDT,SELL,LIMIT,1700856896474,18929,0.1368960
KASUSDT,SELL,LIMIT,1700857629595,229,0.1364412
KASUSDT,SELL,LIMIT,1700859044066,2807,0.1369888
KASUSDT,BUY,LIMIT,1700859783828,254,0.1418609
KASUSDT,BUY,LIMIT,1700860609492,338,0.1428926
KASUSDT,BUY,LIMIT,1700862584484,1365,0.1429256
KASUSDT,SELL,LIMIT,1700862926024,1140,0.1382533
KASUSDT,SELL,LIMIT,1700862990168,1668,0.1377953
KASUSDT,SELL,LIMIT,1700862995662,1300,0.1377499
KASUSDT,SELL,LIMIT,1700863961139,777,0.1366670
KASUSDT,SELL,LIMIT,1700865548271,19006,0.1361566
KASUSDT,SELL,LIMIT,1700865575242,675,0.1359903
KASUSDT,SELL,LIMIT,1700865583584,36054,0.1360127
KASUSDT,SELL,LIMIT,1700865599885,338,0.1358551
KASUSDT,SELL,LIMIT,1700866968353,7306,0.1364445
KASUSDT,SELL,LIMIT,1700867204466,1944,0.1356543
KASUSDT,BUY,LIMIT,1700871614199,4367,0.1434575
KASUSDT,SELL,LIMIT,1700876847208,1538,0.1383529
KASUSDT,SELL,LIMIT,1700876889132,1140,0.1380809
KASUSDT,BUY,LIMIT,1700877272222,43,0.1417366
KASUSDT,SELL,LIMIT,1700878679887,7121,0.1376300
KASUSDT,SELL,LIMIT,1700879844719,301,0.1370404
KASUSDT,SELL,LIMIT,1700880208686,5210,0.1366910
KASUSDT,BUY,LIMIT,1700880824240,113,0.1413788
KASUSDT,SELL,LIMIT,1700884358456,1281,0.1365022
KASUSDT,SELL,LIMIT,1700886774081,43,0.1363527
KASUSDT,SELL,LIMIT,1700887634413,35410,0.1368658
KASUSDT,SELL,LIMIT,1700890949432,353,0.1367984
KASUSDT,SELL,LIMIT,1700900494134,142,0.1369893
KASUSDT,SELL,LIMIT,1700903658927,1552,0.1368531
KASUSDT,SELL,LIMIT,1700904947533,44,0.1364095
KASUSDT,SELL,LIMIT,1700911902649,951,0.1364858
KASUSDT,SELL,LIMIT,1700912391198,1200,0.1354276
KASUSDT,SELL,LIMIT,1700912415744,171,0.1353841
KASUSDT,SELL,LIMIT,1700912419352,3474,0.1353501
KASUSDT,SELL,LIMIT,1700912457026,366,0.1352677
KASUSDT,SELL,LIMIT,1700912463066,8584,0.1350799
KASUSDT,SELL,LIMIT,1700912495306,1733,0.1349297
KASUSDT,SELL,LIMIT,1700912502479,1660,0.1348326
KASUSDT,BUY,LIMIT,1700914742583,27390,0.1405840
KASUSDT,SELL,LIMIT,1700918971259,193,0.1359162
KASUSDT,SELL,LIMIT,1700923546960,2065,0.1349861
KASUSDT,SELL,LIMIT,1700924323198,2880,0.1348778
KASUSDT,SELL,LIMIT,1700925864706,518,0.1345025
KASUSDT,SELL,LIMIT,1700925866686,729,0.1343758
KASUSDT,SELL,LIMIT,1700925919278,1270,0.1342189
KASUSDT,SELL,LIMIT,1700928161842,1975,0.1340204
KASUSDT,SELL,LIMIT,1700929442401,5923,0.1336679
KASUSDT,SELL,LIMIT,1700929617755,134,0.1335991
KASUSDT,SELL,LIMIT,1700929714177,1346,0.1335503
KASUSDT,SELL,LIMIT,1700929715362,2369,0.1333828
KASUSDT,SELL,LIMIT,1700929744325,1684,0.1331524
KASUSDT,SELL,LIMIT,1700930066833,10620,0.1331225
KASUSDT,SELL,LIMIT,1700930068506,1909,0.1330257
KASUSDT,SELL,LIMIT,1700930070060,580,0.1329431
KASUSDT,BUY,LIMIT,1700930380299,899,0.1376325
KASUSDT,SELL,LIMIT,1700931395912,7815,0.1325710
KASUSDT,SELL,LIMIT,1700931862361,4038,0.1326015
KASUSDT,SELL,LIMIT,1700932001212,4821,0.1325329
KASUSDT,BUY,LIMIT,1700932512769,42,0.1374072
KASUSDT,BUY,LIMIT,1700932613197,37,0.1380299
KASUSDT,SELL,LIMIT,1700935090478,10229,0.1326136
KASUSDT,SELL,LIMIT,1700935437891,723,0.1324719
KASUSDT,SELL,LIMIT,1700935459971,1877,0.1323839
KASUSDT,SELL,LIMIT,1700935461161,836,0.1323075
KASUSDT,SELL,LIMIT,1700935467283,2644,0.1321654
KASUSDT,SELL,LIMIT,1700935470083,3584,0.1320393
KASUSDT,SELL,LIMIT,1700935546062,6570,0.1320058
KASUSDT,SELL,LIMIT,1700935655223,7470,0.1319098
KASUSDT,SELL,LIMIT,1700935656314,37078,0.1318636
KASUSDT,SELL,LIMIT,1700935777652,1229,0.1317153
KASUSDT,BUY,LIMIT,1700937224374,38,0.1368571
KASUSDT,BUY,LIMIT,1700938444239,1425,0.1382369
KASUSDT,BUY,LIMIT,1700938746952,20671,0.1388139
KASUSDT,BUY,LIMIT,1700938901915,2410,0.1397431
KASUSDT,SELL,LIMIT,1700939683382,1777,0.1346470
