Symbol,Side,Order Type,Time,Quantity,Price
KASUSDT,SELL,LIMIT,1700988987100,1091,0.1327879
KASUSDT,SELL,LIMIT,1700991643172,3000,0.1326588
KASUSDT,SELL,LIMIT,1700995115440,382,0.1322696
KASUSDT,SELL,LIMIT,1700996964325,1002,0.1317150
KASUSDT,SELL,LIMIT,1700997000948,140,0.1316440
KASUSDT,SELL,LIMIT,1700997002639,10165,0.1316077
KASUSDT,SELL,LIMIT,1700997017684,5421,0.1315855
KASUSDT,SELL,LIMIT,1700997031173,3961,0.1314354
KASUSDT,SELL,LIMIT,1700997032626,9814,0.1314051
KASUSDT,SELL,LIMIT,1700997088356,723,0.1313466
KASUSDT,SELL,LIMIT,1700997099809,92,0.1312961
KASUSDT,SELL,LIMIT,1700997129798,2950,0.1311330
KASUSDT,SELL,LIMIT,1700997142430,28565,0.1311082
KASUSDT,SELL,LIMIT,1700998318047,164,0.1307405
KASUSDT,SELL,LIMIT,1700998319457,656,0.1307257
KASUSDT,SELL,LIMIT,1700998445223,28980,0.1305260
KASUSDT,SELL,LIMIT,1700998448396,2207,0.1304859
KASUSDT,SELL,LIMIT,1700998506841,14958,0.1303156
KASUSDT,SELL,LIMIT,1700998508820,907,0.1302663
KASUSDT,SELL,LIMIT,1700998523475,235,0.1302187
KASUSDT,SELL,LIMIT,1700999195482,2171,0.1298231
KASUSDT,SELL,LIMIT,1701000119116,595,0.1295342
KASUSDT,BUY,LIMIT,1701000292805,984,0.1346935
KASUSDT,SELL,LIMIT,1701001512463,4834,0.1300593
KASUSDT,BUY,LIMIT,1701003228242,100,0.1346759
KASUSDT,SELL,LIMIT,1701004646397,80,0.1310605
KASUSDT,SELL,LIMIT,1701006075113,1474,0.1310051
KASUSDT,SELL,LIMIT,1701008178259,300,0.1310740
KASUSDT,SELL,LIMIT,1701008448188,38,0.1304476
KASUSDT,SELL,LIMIT,1701008700330,2060,0.1306310
KASUSDT,SELL,LIMIT,1701009287150,271,0.1317744
KASUSDT,SELL,LIMIT,1701010975201,5586,0.1298810
KASUSDT,SELL,LIMIT,1701013499851,398,0.1302572
KASUSDT,SELL,LIMIT,1701013746436,3769,0.1300890
KASUSDT,SELL,LIMIT,1701013818080,22,0.1300299
KASUSDT,SELL,LIMIT,1701013863035,22849,0.1294844
KASUSDT,SELL,LIMIT,1701013865130,128163,0.1284466
KASUSDT,SELL,LIMIT,1701013891882,938,0.1291730
KASUSDT,SELL,LIMIT,1701013910788,37762,0.1291204
KASUSDT,SELL,LIMIT,1701013922938,14581,0.1289683
KASUSDT,SELL,LIMIT,1701013926636,35443,0.1289431
KASUSDT,SELL,LIMIT,1701013981451,2631,0.1287364
KASUSDT,SELL,LIMIT,1701013988715,26757,0.1286520
KASUSDT,SELL,LIMIT,1701014057878,347,0.1286229
KASUSDT,SELL,LIMIT,1701014060798,804,0.1285783
KASUSDT,BUY,LIMIT,1701014872043,2324,0.1333189
KASUSDT,SELL,LIMIT,1701015644388,1459,0.1289803
KASUSDT,SELL,LIMIT,1701015721481,600,0.1284823
KASUSDT,SELL,LIMIT,1701015734201,2543,0.1283825
KASUSDT,SELL,LIMIT,1701015741392,129,0.1283198
KASUSDT,SELL,LIMIT,1701015753829,360,0.1281943
KASUSDT,SELL,LIMIT,1701015830655,954,0.1281506
KASUSDT,SELL,LIMIT,1701015917063,4255,0.1277542
KASUSDT,SELL,LIMIT,1701015919148,2963,0.1275680
KASUSDT,SELL,LIMIT,1701015921165,1253,0.1275411
KASUSDT,SELL,LIMIT,1701015922706,37446,0.1274406
KASUSDT,SELL,LIMIT,1701015928087,566,0.1272638
KASUSDT,SELL,LIMIT,1701015929510,2813,0.1273111
KASUSDT,SELL,LIMIT,1701015937693,2722,0.1271718
KASUSDT,SELL,LIMIT,1701015944657,905,0.1274095
KASUSDT,SELL,LIMIT,1701015946177,1260,0.1273139
KASUSDT,SELL,LIMIT,1701016013094,76,0.1271100
KASUSDT,SELL,LIMIT,1701016016051,14586,0.1268095
KASUSDT,SELL,LIMIT,1701016017091,478,0.1270275
KASUSDT,SELL,LIMIT,1701016018402,1650,0.1267479
KASUSDT,SELL,LIMIT,1701016034571,12727,0.1266390
KASUSDT,SELL,LIMIT,1701016036258,10000,0.1266313
KASUSDT,SELL,LIMIT,1701016037887,172,0.1265569
KASUSDT,SELL,LIMIT,1701016039188,4283,0.1265117
KASUSDT,SELL,LIMIT,1701016041130,65000,0.1259684
KASUSDT,SELL,LIMIT,1701016045182,639,0.1264540
KASUSDT,SELL,LIMIT,1701016047303,387,0.1264420
KASUSDT,SELL,LIMIT,1701016048424,343,0.1263623
KASUSDT,SELL,LIMIT,1701016049343,12553,0.1263510
KASUSDT,SELL,LIMIT,1701016055394,298,0.1262266
KASUSDT,SELL,LIMIT,1701016083836,1279,0.1261510
KASUSDT,SELL,LIMIT,1701016085117,605,0.1259459
KASUSDT,SELL,LIMIT,1701016094505,7951,0.1259052
KASUSDT,SELL,LIMIT,1701016098123,1444,0.1257963
KASUSDT,SELL,LIMIT,1701016099285,2302,0.1255784
KASUSDT,SELL,LIMIT,1701016104609,7536,0.1256153
KASUSDT,SELL,LIMIT,1701016106781,1136,0.1254647
KASUSDT,SELL,LIMIT,1701016555771,500,0.1282485
KASUSDT,SELL,LIMIT,1701016869160,12428,0.1252683
KASUSDT,SELL,LIMIT,1701016870166,1353,0.1252125
KASUSDT,SELL,LIMIT,1701016896295,6396,0.1246557
KASUSDT,BUY,LIMIT,1701018463227,48,0.1316746
KASUSDT,BUY,LIMIT,1701018488200,65341,0.1324642
KASUSDT,SELL,LIMIT,1701018956152,56,0.1272651
KASUSDT,BUY,LIMIT,1701019277350,4604,0.1319543
KASUSDT,SELL,LIMIT,1701027456753,2616,0.1271103
KASUSDT,BUY,LIMIT,1701031300622,473,0.1332292
KASUSDT,BUY,LIMIT,1701031320098,1190,0.1332808
KASUSDT,BUY,LIMIT,1701031798160,850,0.1343667
KASUSDT,SELL,LIMIT,1701032454839,18813,0.1301314
KASUSDT,SELL,LIMIT,1701033839236,3,0.1283475
KASUSDT,SELL,LIMIT,1701033868212,3384,0.1280357
KASUSDT,BUY,LIMIT,1701036665692,11773,0.1336988
KASUSDT,SELL,LIMIT,1701039656767,345,0.1285109
KASUSDT,SELL,LIMIT,1701039849593,12287,0.1282515
KASUSDT,SELL,LIMIT,1701040046384,2966,0.1282294
KASUSDT,SELL,LIMIT,1701040611228,555,0.1281189
KASUSDT,BUY,LIMIT,1701047602211,15379,0.1337995
KASUSDT,SELL,LIMIT,1701051452553,1425,0.1280422
KASUSDT,SELL,LIMIT,1701051518482,1836,0.1280389
KASUSDT,SELL,LIMIT,1701051574873,403,0.1277503
KASUSDT,SELL,LIMIT,1701051579782,6606,0.1276999
KASUSDT,SELL,LIMIT,1701051790249,9098,0.1273476
KASUSDT,SELL,LIMIT,1701051803902,2983,0.1270953
KASUSDT,SELL,LIMIT,1701051915911,22300,0.1269432
KASUSDT,SELL,LIMIT,1701051934443,20000,0.1267658
KASUSDT,SELL,LIMIT,1701051936210,325,0.1265820
KASUSDT,SELL,LIMIT,1701054653046,2708,0.1262877
KASUSDT,BUY,LIMIT,1701055038747,3637,0.1298286
KASUSDT,SELL,LIMIT,1701055062793,155,0.1259665
KASUSDT,SELL,LIMIT,1701055755068,33089,0.1258928
KASUSDT,SELL,LIMIT,1701056090234,51116,0.1253364
KASUSDT,SELL,LIMIT,1701056122137,1512,0.1255679
KASUSDT,SELL,LIMIT,1701056123677,457,0.1255087
KASUSDT,SELL,LIMIT,1701056219576,75,0.1253165
KASUSDT,SELL,LIMIT,1701059092357,28548,0.1259922
