Symbol,Side,Order Type,Time,Quantity,Price
KAVAUSDT,BUY,LIMIT,1701932758349,45.0,0.8510
KAVAUSDT,BUY,LIMIT,1701932830289,893.8,0.8520
KAVAUSDT,BUY,LIMIT,1701932837227,24.6,0.8527
KAVAUSDT,BUY,LIMIT,1701933958106,67.1,0.8555
KAVAUSDT,BUY,LIMIT,1701933968883,58.6,0.8559
KAVAUSDT,BUY,LIMIT,1701933997268,109.8,0.8571
KAVAUSDT,BUY,LIMIT,1701934564717,801.2,0.8582
KAVAUSDT,BUY,LIMIT,1701934621533,220.1,0.8587
KAVAUSDT,BUY,LIMIT,1701935397884,60.5,0.8613
KAVAUSDT,BUY,LIMIT,1701935407845,50.1,0.8624
KAVAUSDT,BUY,LIMIT,1701935571226,15.3,0.8687
KAVAUSDT,SELL,LIMIT,1701940022111,221.4,0.8229
KAVAUSDT,BUY,LIMIT,1701953976590,0.1,0.8651
KAVAUSDT,BUY,LIMIT,1701958619652,309.9,0.8740
KAVAUSDT,BUY,LIMIT,1701958644431,144.8,0.8743
KAVAUSDT,BUY,LIMIT,1701958739042,24.0,0.8767
KAVAUSDT,BUY,LIMIT,1701958789834,265.4,0.8780
KAVAUSDT,BUY,LIMIT,1701958795924,178.1,0.8789
KAVAUSDT,BUY,LIMIT,1701960612313,4598.8,0.8838
KAVAUSDT,BUY,LIMIT,1701960743212,284.4,0.8856
KAVAUSDT,BUY,LIMIT,1701960749179,49.3,0.8859
KAVAUSDT,BUY,LIMIT,1701960782961,649.1,0.8890
KAVAUSDT,BUY,LIMIT,1701960885430,2228.7,0.8901
KAVAUSDT,BUY,LIMIT,1701960888373,1.8,0.8905
KAVAUSDT,BUY,LIMIT,1701962686690,0.1,0.8794
KAVAUSDT,SELL,LIMIT,1701965064343,733.0,0.8716
KAVAUSDT,BUY,LIMIT,1701967178394,1257.2,0.8817
KAVAUSDT,BUY,LIMIT,1701968152872,29.0,0.8809
KAVAUSDT,BUY,LIMIT,1701978456090,24.3,0.8946
KAVAUSDT,BUY,LIMIT,1701978457385,775.5,0.8943
KAVAUSDT,SELL,LIMIT,1701987528447,53.0,0.8626
KAVAUSDT,SELL,LIMIT,1701997718649,966.7,0.8491
KAVAUSDT,SELL,LIMIT,1701997734227,2223.6,0.8480
KAVAUSDT,SELL,LIMIT,1701997743062,5809.9,0.8465
KAVAUSDT,SELL,LIMIT,1701999087217,1419.1,0.8458
KAVAUSDT,SELL,LIMIT,1701999433086,28.4,0.8438
KAVAUSDT,SELL,LIMIT,1702000646014,55.0,0.8417
KAVAUSDT,SELL,LIMIT,1702001670100,1201.7,0.8412
KAVAUSDT,SELL,LIMIT,1702001677174,232.3,0.8411
KAVAUSDT,SELL,LIMIT,1702001688952,56.7,0.8410
KAVAUSDT,SELL,LIMIT,1702002904923,270.3,0.8367
KAVAUSDT,SELL,LIMIT,1702005803582,28.7,0.8430
KAVAUSDT,SELL,LIMIT,1702009792497,679.3,0.8441
KAVAUSDT,BUY,LIMIT,1702011149188,2025.6,0.8575
KAVAUSDT,SELL,LIMIT,1702037074754,5.9,0.8522
KAVAUSDT,BUY,LIMIT,1702037879419,341.8,0.8732
KAVAUSDT,BUY,LIMIT,1702051501763,43.1,0.8755
KAVAUSDT,BUY,LIMIT,1702053445379,82.2,0.8799
KAVAUSDT,BUY,LIMIT,1702053732469,17.7,0.8808
KAVAUSDT,SELL,LIMIT,1702054643443,301.1,0.8586
KAVAUSDT,SELL,LIMIT,1702055868168,5413.6,0.8609
KAVAUSDT,BUY,LIMIT,1702066049162,106.4,0.8827
KAVAUSDT,BUY,LIMIT,1702066202894,12.0,0.8833
KAVAUSDT,BUY,LIMIT,1702066716157,150.3,0.8838
KAVAUSDT,BUY,LIMIT,1702068614237,1441.7,0.8836
KAVAUSDT,SELL,LIMIT,1702074268949,273.5,0.8668
KAVAUSDT,BUY,LIMIT,1702077637431,152.0,0.8870
KAVAUSDT,BUY,LIMIT,1702077687713,607.9,0.8886
KAVAUSDT,BUY,LIMIT,1702078189202,296.8,0.8895
KAVAUSDT,BUY,LIMIT,1702081529720,341.7,0.8921
KAVAUSDT,BUY,LIMIT,1702081558377,117.1,0.8925
KAVAUSDT,SELL,LIMIT,1702084089255,7.0,0.8666
KAVAUSDT,BUY,LIMIT,1702086254072,32.2,0.8956
KAVAUSDT,BUY,LIMIT,1702086283410,495.6,0.8976
KAVAUSDT,BUY,LIMIT,1702086816384,99.9,0.8993
KAVAUSDT,BUY,LIMIT,1702086927340,1929.7,0.9005
KAVAUSDT,BUY,LIMIT,1702087122087,131.5,0.9028
KAVAUSDT,BUY,LIMIT,1702087618240,30.0,0.9053
KAVAUSDT,BUY,LIMIT,1702092160688,363.0,0.9010
KAVAUSDT,BUY,LIMIT,1702095871503,33.8,0.9001
KAVAUSDT,BUY,LIMIT,1702096712284,877.6,0.9025
KAVAUSDT,BUY,LIMIT,1702106027186,5000.0,0.8989
KAVAUSDT,BUY,LIMIT,1702106825704,188.8,0.8991
KAVAUSDT,BUY,LIMIT,1702109416423,97.4,0.9032
KAVAUSDT,BUY,LIMIT,1702109776976,57.4,0.9035
KAVAUSDT,SELL,LIMIT,1702110160492,322.0,0.8885
KAVAUSDT,SELL,LIMIT,1702110968990,242.4,0.8745
KAVAUSDT,SELL,LIMIT,1702110974398,103.4,0.8724
KAVAUSDT,SELL,LIMIT,1702111033023,16.7,0.8686
KAVAUSDT,SELL,LIMIT,1702111036122,1114.5,0.8677
KAVAUSDT,SELL,LIMIT,1702111037642,113.7,0.8677
KAVAUSDT,SELL,LIMIT,1702111039440,210.2,0.8690
KAVAUSDT,SELL,LIMIT,1702111045407,2945.9,0.8644
KAVAUSDT,SELL,LIMIT,1702111046609,222.0,0.8600
KAVAUSDT,SELL,LIMIT,1702111373585,558.4,0.8602
KAVAUSDT,SELL,LIMIT,1702111382654,1084.1,0.8577
KAVAUSDT,SELL,LIMIT,1702111387574,6305.7,0.8564
KAVAUSDT,SELL,LIMIT,1702115023497,34.2,0.8717
KAVAUSDT,SELL,LIMIT,1702115095953,178.6,0.8680
KAVAUSDT,SELL,LIMIT,1702115102492,466.3,0.8680
KAVAUSDT,SELL,LIMIT,1702115621300,248.5,0.8693
KAVAUSDT,BUY,LIMIT,1702129587437,111.1,0.8958
KAVAUSDT,SELL,LIMIT,1702133006154,240.9,0.8679
KAVAUSDT,SELL,LIMIT,1702139276539,91.4,0.8650
KAVAUSDT,SELL,LIMIT,1702139298294,87.0,0.8642
KAVAUSDT,SELL,LIMIT,1702141848534,2395.6,0.8591
KAVAUSDT,SELL,LIMIT,1702164208440,2302.8,0.8674
KAVAUSDT,SELL,LIMIT,1702164549464,231.9,0.8647
KAVAUSDT,SELL,LIMIT,1702164749135,5231.7,0.8606
KAVAUSDT,SELL,LIMIT,1702164750482,5.7,0.8600
KAVAUSDT,SELL,LIMIT,1702164792515,169.3,0.8564
KAVAUSDT,SELL,LIMIT,1702164803628,56.3,0.8543
KAVAUSDT,SELL,LIMIT,1702164808243,5.8,0.8532
KAVAUSDT,SELL,LIMIT,1702164839223,2834.7,0.8546
KAVAUSDT,SELL,LIMIT,1702177023282,439.4,0.8527
KAVAUSDT,SELL,LIMIT,1702177030009,3269.4,0.8526
KAVAUSDT,SELL,LIMIT,1702177037077,5.9,0.8522
KAVAUSDT,SELL,LIMIT,1702192690241,29.1,0.8515
KAVAUSDT,SELL,LIMIT,1702192696609,7.1,0.8510
KAVAUSDT,SELL,LIMIT,1702192717021,980.8,0.8505
KAVAUSDT,SELL,LIMIT,1702192799187,563.7,0.8495
KAVAUSDT,SELL,LIMIT,1702192803884,112.0,0.8488
KAVAUSDT,SELL,LIMIT,1702192805537,90.9,0.8484
KAVAUSDT,SELL,LIMIT,1702192874140,226.6,0.8469
KAVAUSDT,SELL,LIMIT,1702192878527,85.9,0.8468
KAVAUSDT,SELL,LIMIT,1702192881153,10749.2,0.8429
KAVAUSDT,SELL,LIMIT,1702192884777,122.3,0.8461
KAVAUSDT,SELL,LIMIT,1702193405351,62.1,0.8479
KAVAUSDT,SELL,LIMIT,1702193780927,368.5,0.8454
KAVAUSDT,SELL,LIMIT,1702193804150,1106.4,0.8453
KAVAUSDT,SELL,LIMIT,1702193845163,5.7,0.8450
KAVAUSDT,SELL,LIMIT,1702193928425,97.2,0.8434
KAVAUSDT,SELL,LIMIT,1702196675224,917.0,0.8422
KAVAUSDT,SELL,LIMIT,1702196824410,177.8,0.8413
KAVAUSDT,SELL,LIMIT,1702197090133,1702.2,0.8409
KAVAUSDT,SELL,LIMIT,1702197466083,78.7,0.8405
KAVAUSDT,SELL,LIMIT,1702200358383,44.0,0.8419
KAVAUSDT,SELL,LIMIT,1702200792224,39.6,0.8411
KAVAUSDT,SELL,LIMIT,1702200933817,652.5,0.8387
KAVAUSDT,SELL,LIMIT,1702200935041,182.4,0.8382
KAVAUSDT,SELL,LIMIT,1702201934453,545.6,0.8368
KAVAUSDT,SELL,LIMIT,1702202053266,139.9,0.8364
KAVAUSDT,SELL,LIMIT,1702202055350,456.0,0.8359
KAVAUSDT,SELL,LIMIT,1702202056436,260.4,0.8359
KAVAUSDT,SELL,LIMIT,1702202076782,2005.6,0.8360
KAVAUSDT,SELL,LIMIT,1702202086079,453.6,0.8360
KAVAUSDT,SELL,LIMIT,1702202157134,56.3,0.8366
KAVAUSDT,SELL,LIMIT,1702202262104,231.2,0.8377
KAVAUSDT,SELL,LIMIT,1702202264329,9.5,0.8377
KAVAUSDT,SELL,LIMIT,1702202275571,63.4,0.8379
KAVAUSDT,SELL,LIMIT,1702202315709,157.3,0.8378
KAVAUSDT,SELL,LIMIT,1702202318310,200.5,0.8378
KAVAUSDT,SELL,LIMIT,1702202321228,87.6,0.8378
KAVAUSDT,SELL,LIMIT,1702202324363,1002.8,0.8377
KAVAUSDT,SELL,LIMIT,1702202380131,200.5,0.8361
KAVAUSDT,SELL,LIMIT,1702202396094,22.6,0.8341
KAVAUSDT,SELL,LIMIT,1702202397438,201.5,0.8348
KAVAUSDT,SELL,LIMIT,1702202399024,59.2,0.8336
KAVAUSDT,SELL,LIMIT,1702235729224,165.4,0.8405
KAVAUSDT,SELL,LIMIT,1702236186355,19.5,0.8378
KAVAUSDT,BUY,LIMIT,1702240613460,16.9,0.8606
KAVAUSDT,SELL,LIMIT,1702240742023,6.3,0.8440
KAVAUSDT,SELL,LIMIT,1702241182471,0.3,0.8467
KAVAUSDT,SELL,LIMIT,1702256417488,841.3,0.8328
KAVAUSDT,SELL,LIMIT,1702256438852,694.9,0.8323
KAVAUSDT,SELL,LIMIT,1702256445559,26.0,0.8312
KAVAUSDT,SELL,LIMIT,1702256448928,76.4,0.8305
KAVAUSDT,SELL,LIMIT,1702256451528,2073.8,0.8297
KAVAUSDT,SELL,LIMIT,1702256454104,5696.7,0.8282
KAVAUSDT,SELL,LIMIT,1702256509308,929.5,0.8284
KAVAUSDT,SELL,LIMIT,1702256546098,0.3,0.8278
KAVAUSDT,SELL,LIMIT,1702256558886,111.9,0.8273
KAVAUSDT,SELL,LIMIT,1702256560290,119.5,0.8259
KAVAUSDT,SELL,LIMIT,1702256614896,4709.2,0.8247
KAVAUSDT,SELL,LIMIT,1702256620300,468.8,0.8244
KAVAUSDT,SELL,LIMIT,1702256622244,5.2,0.8241
KAVAUSDT,SELL,LIMIT,1702256623459,76.1,0.8242
KAVAUSDT,SELL,LIMIT,1702256724174,44.1,0.8218
KAVAUSDT,SELL,LIMIT,1702256725529,374.0,0.8202
KAVAUSDT,SELL,LIMIT,1702256728154,2820.2,0.8201
KAVAUSDT,SELL,LIMIT,1702256917248,81.2,0.8187
KAVAUSDT,SELL,LIMIT,1702256918274,2401.3,0.8187
KAVAUSDT,SELL,LIMIT,1702256921498,469.0,0.8182
KAVAUSDT,SELL,LIMIT,1702256980811,144.4,0.8180
KAVAUSDT,SELL,LIMIT,1702256985307,224.5,0.8180
KAVAUSDT,SELL,LIMIT,1702256993232,1500.0,0.8176
KAVAUSDT,SELL,LIMIT,1702256997639,146.4,0.8175
KAVAUSDT,SELL,LIMIT,1702257007187,291.4,0.8174
KAVAUSDT,SELL,LIMIT,1702260324405,6.0,0.8217
KAVAUSDT,SELL,LIMIT,1702260431716,4000.0,0.8178
KAVAUSDT,SELL,LIMIT,1702260434851,219.6,0.8170
KAVAUSDT,SELL,LIMIT,1702260439456,6009.8,0.8157
KAVAUSDT,SELL,LIMIT,1702260442865,37.1,0.8150
KAVAUSDT,SELL,LIMIT,1702260628200,23.3,0.8146
KAVAUSDT,SELL,LIMIT,1702260630465,623.8,0.8134
KAVAUSDT,SELL,LIMIT,1702260631509,172.1,0.8123
KAVAUSDT,SELL,LIMIT,1702260632644,949.5,0.8125
KAVAUSDT,SELL,LIMIT,1702260633645,119.6,0.8119
KAVAUSDT,SELL,LIMIT,1702260634658,886.3,0.8122
KAVAUSDT,SELL,LIMIT,1702260635809,95.6,0.8110
KAVAUSDT,SELL,LIMIT,1702260637249,213.4,0.8099
KAVAUSDT,SELL,LIMIT,1702260690538,508.6,0.8107
KAVAUSDT,SELL,LIMIT,1702260696593,480.2,0.8095
KAVAUSDT,SELL,LIMIT,1702260698159,679.0,0.8094
KAVAUSDT,SELL,LIMIT,1702260701105,14.8,0.8079
KAVAUSDT,SELL,LIMIT,1702260702572,281.5,0.8084
KAVAUSDT,SELL,LIMIT,1702260709201,1265.0,0.8081
KAVAUSDT,SELL,LIMIT,1702260710287,20.5,0.8068
KAVAUSDT,BUY,LIMIT,1702260711571,68.1,0.8225
KAVAUSDT,SELL,LIMIT,1702260713057,302.0,0.8057
KAVAUSDT,SELL,LIMIT,1702260714255,25.0,0.8042
KAVAUSDT,SELL,LIMIT,1702260715511,406.7,0.8044
KAVAUSDT,SELL,LIMIT,1702260716805,6.8,0.8044
KAVAUSDT,SELL,LIMIT,1702260717812,26.0,0.8037
KAVAUSDT,SELL,LIMIT,1702260718825,131.8,0.8021
KAVAUSDT,SELL,LIMIT,1702260721018,1439.0,0.8017
KAVAUSDT,SELL,LIMIT,1702260722274,260.4,0.8010
KAVAUSDT,SELL,LIMIT,1702260725238,28.7,0.8007
KAVAUSDT,SELL,LIMIT,1702260726606,19.8,0.8007
KAVAUSDT,SELL,LIMIT,1702260727729,406.2,0.8006
KAVAUSDT,SELL,LIMIT,1702260728913,45.4,0.8016
KAVAUSDT,SELL,LIMIT,1702260729966,257.4,0.8005
KAVAUSDT,SELL,LIMIT,1702260732125,37.5,0.8005
KAVAUSDT,SELL,LIMIT,1702260733307,1166.5,0.7992
KAVAUSDT,SELL,LIMIT,1702260736618,75.3,0.7987
KAVAUSDT,SELL,LIMIT,1702260737627,11985.7,0.7953
KAVAUSDT,SELL,LIMIT,1702260738895,378.4,0.7987
KAVAUSDT,SELL,LIMIT,1702260739953,2513.1,0.7987
KAVAUSDT,SELL,LIMIT,1702260741351,177.8,0.7984
KAVAUSDT,SELL,LIMIT,1702260742652,351.7,0.7982
KAVAUSDT,SELL,LIMIT,1702260743884,8440.2,0.7953
KAVAUSDT,SELL,LIMIT,1702260744975,1000.0,0.7976
KAVAUSDT,SELL,LIMIT,1702260746236,571.5,0.7963
KAVAUSDT,SELL,LIMIT,1702260747313,292.1,0.7951
KAVAUSDT,SELL,LIMIT,1702260748446,729.7,0.7944
KAVAUSDT,SELL,LIMIT,1702260749475,3199.4,0.8047
KAVAUSDT,SELL,LIMIT,1702260750733,7.0,0.7944
KAVAUSDT,SELL,LIMIT,1702260751921,99.7,0.7943
KAVAUSDT,SELL,LIMIT,1702260753478,2117.9,0.7934
KAVAUSDT,SELL,LIMIT,1702260754627,14914.9,0.7873
KAVAUSDT,SELL,LIMIT,1702260755650,100.0,0.7917
KAVAUSDT,SELL,LIMIT,1702260756668,200.0,0.7893
KAVAUSDT,SELL,LIMIT,1702260757679,213.5,0.7892
KAVAUSDT,SELL,LIMIT,1702260759039,980.3,0.7900
KAVAUSDT,SELL,LIMIT,1702260760066,304.5,0.7889
KAVAUSDT,SELL,LIMIT,1702260761091,1185.1,0.7824
KAVAUSDT,SELL,LIMIT,1702260762145,126.4,0.7824
KAVAUSDT,SELL,LIMIT,1702260763172,234.2,0.7856
KAVAUSDT,SELL,LIMIT,1702260764754,11.6,0.7832
KAVAUSDT,SELL,LIMIT,1702260766185,3371.2,0.7838
KAVAUSDT,SELL,LIMIT,1702260767257,11.6,0.7825
KAVAUSDT,SELL,LIMIT,1702260768393,8212.7,0.7803
KAVAUSDT,SELL,LIMIT,1702260769576,7.0,0.7794
KAVAUSDT,SELL,LIMIT,1702260770689,152.8,0.7803
KAVAUSDT,SELL,LIMIT,1702260771737,346.8,0.7791
KAVAUSDT,SELL,LIMIT,1702260772780,14.8,0.8090
KAVAUSDT,SELL,LIMIT,1702260774013,3120.5,0.7774
KAVAUSDT,SELL,LIMIT,1702260775089,1921.5,0.7753
KAVAUSDT,SELL,LIMIT,1702260776190,194.6,0.7751
KAVAUSDT,SELL,LIMIT,1702260777180,10000.0,0.7712
KAVAUSDT,SELL,LIMIT,1702260778202,1204.8,0.7749
KAVAUSDT,SELL,LIMIT,1702260779275,316.3,0.7730
KAVAUSDT,SELL,LIMIT,1702260780467,97.0,0.7725
KAVAUSDT,SELL,LIMIT,1702260781593,11.5,0.7730
KAVAUSDT,SELL,LIMIT,1702260782832,35.0,0.7720
KAVAUSDT,SELL,LIMIT,1702260783889,994.5,0.7768
KAVAUSDT,SELL,LIMIT,1702260784994,11.5,0.7705
KAVAUSDT,SELL,LIMIT,1702260785998,529.4,0.7689
KAVAUSDT,SELL,LIMIT,1702260787399,117.7,0.7647
KAVAUSDT,SELL,LIMIT,1702260788387,65.8,0.7649
KAVAUSDT,SELL,LIMIT,1702260789420,41916.6,0.7440
KAVAUSDT,SELL,LIMIT,1702260790426,37492.8,0.7502
KAVAUSDT,SELL,LIMIT,1702260791598,622.4,0.7563
KAVAUSDT,SELL,LIMIT,1702260792665,1122.9,0.7567
KAVAUSDT,SELL,LIMIT,1702260793771,8500.0,0.7516
KAVAUSDT,SELL,LIMIT,1702260794799,10340.4,0.7503
KAVAUSDT,SELL,LIMIT,1702260795818,10.3,0.7540
KAVAUSDT,SELL,LIMIT,1702260796838,124.1,0.7493
KAVAUSDT,SELL,LIMIT,1702260798092,351.8,0.7439
KAVAUSDT,SELL,LIMIT,1702260799197,650.0,0.7456
KAVAUSDT,BUY,LIMIT,1702260800239,203.5,0.7596
KAVAUSDT,SELL,LIMIT,1702260801277,27.5,0.7439
KAVAUSDT,SELL,LIMIT,1702260802463,115.6,0.7439
KAVAUSDT,SELL,LIMIT,1702260803517,1413.3,0.7390
KAVAUSDT,SELL,LIMIT,1702260804536,106.4,0.7379
KAVAUSDT,SELL,LIMIT,1702260805561,9.8,0.7422
KAVAUSDT,SELL,LIMIT,1702260806655,1.0,0.7400
KAVAUSDT,SELL,LIMIT,1702260807798,17.3,0.7393
KAVAUSDT,SELL,LIMIT,1702260808860,453.5,0.7398
KAVAUSDT,SELL,LIMIT,1702260810099,71.6,0.7398
KAVAUSDT,SELL,LIMIT,1702260811143,299.8,0.7331
KAVAUSDT,SELL,LIMIT,1702260812247,607.3,0.7312
KAVAUSDT,SELL,LIMIT,1702260813254,425.0,0.7312
KAVAUSDT,SELL,LIMIT,1702260814344,65.8,0.7352
KAVAUSDT,SELL,LIMIT,1702260815421,37.3,0.7352
KAVAUSDT,SELL,LIMIT,1702260817294,1910.9,0.7851
KAVAUSDT,SELL,LIMIT,1702260818449,55.6,0.7356
KAVAUSDT,SELL,LIMIT,1702260819534,3498.5,0.7435
KAVAUSDT,SELL,LIMIT,1702260820574,5283.8,0.7364
KAVAUSDT,SELL,LIMIT,1702260822896,653.0,0.7367
KAVAUSDT,SELL,LIMIT,1702260826478,14.9,0.7355
KAVAUSDT,SELL,LIMIT,1702260831250,1184.2,0.7363
KAVAUSDT,BUY,LIMIT,1702260840392,46.6,0.7576
KAVAUSDT,SELL,LIMIT,1702260861356,14.4,0.7516
KAVAUSDT,SELL,LIMIT,1702260865816,7.0,0.7540
KAVAUSDT,SELL,LIMIT,1702262615562,150.1,0.7671
KAVAUSDT,SELL,LIMIT,1702265724235,6.0,0.7716
KAVAUSDT,SELL,LIMIT,1702266101500,6.0,0.7754
