Symbol,Side,Order Type,Time,Quantity,Price
KAVAUSDT,BUY,LIMIT,1701932758349,45.0,0.8510
KAVAUSDT,BUY,LIMIT,1701932830289,893.8,0.8520
KAVAUSDT,BUY,LIMIT,1701932837227,24.6,0.8527
KAVAUSDT,BUY,LIMIT,1701933958106,67.1,0.8555
KAVAUSDT,BUY,LIMIT,1701933968883,58.6,0.8559
KAVAUSDT,BUY,LIMIT,1701933997268,109.8,0.8571
KAVAUSDT,BUY,LIMIT,1701934564717,801.2,0.8582
KAVAUSDT,BUY,LIMIT,1701934621533,220.1,0.8587
KAVAUSDT,BUY,LIMIT,1701935397884,60.5,0.8613
KAVAUSDT,BUY,LIMIT,1701935407845,50.1,0.8624
KAVAUSDT,BUY,LIMIT,1701935571226,15.3,0.8687
KAVAUSDT,SELL,LIMIT,1701940022111,221.4,0.8229
KAVAUSDT,BUY,LIMIT,1701953976590,0.1,0.8651
KAVAUSDT,BUY,LIMIT,1701958619652,309.9,0.8740
KAVAUSDT,BUY,LIMIT,1701958644431,144.8,0.8743
KAVAUSDT,BUY,LIMIT,1701958739042,24.0,0.8767
KAVAUSDT,BUY,LIMIT,1701958789834,265.4,0.8780
KAVAUSDT,BUY,LIMIT,1701958795924,178.1,0.8789
KAVAUSDT,BUY,LIMIT,1701960612313,4598.8,0.8838
KAVAUSDT,BUY,LIMIT,1701960743212,284.4,0.8856
KAVAUSDT,BUY,LIMIT,1701960749179,49.3,0.8859
KAVAUSDT,BUY,LIMIT,1701960782961,649.1,0.8890
KAVAUSDT,BUY,LIMIT,1701960885430,2228.7,0.8901
KAVAUSDT,BUY,LIMIT,1701960888373,1.8,0.8905
KAVAUSDT,BUY,LIMIT,1701962686690,0.1,0.8794
KAVAUSDT,SELL,LIMIT,1701965064343,733.0,0.8716
KAVAUSDT,BUY,LIMIT,1701967178394,1257.2,0.8817
KAVAUSDT,BUY,LIMIT,1701968152872,29.0,0.8809
KAVAUSDT,BUY,LIMIT,1701978456090,24.3,0.8946
KAVAUSDT,BUY,LIMIT,1701978457385,775.5,0.8943
KAVAUSDT,SELL,LIMIT,1701987528447,53.0,0.8626
KAVAUSDT,SELL,LIMIT,1701997718649,966.7,0.8491
KAVAUSDT,SELL,LIMIT,1701997734227,2223.6,0.8480
KAVAUSDT,SELL,LIMIT,1701997743062,5809.9,0.8465
KAVAUSDT,SELL,LIMIT,1701999087217,1419.1,0.8458
KAVAUSDT,SELL,LIMIT,1701999433086,28.4,0.8438
KAVAUSDT,SELL,LIMIT,1702000646014,55.0,0.8417
KAVAUSDT,SELL,LIMIT,1702001670100,1201.7,0.8412
KAVAUSDT,SELL,LIMIT,1702001677174,232.3,0.8411
KAVAUSDT,SELL,LIMIT,1702001688952,56.7,0.8410
KAVAUSDT,SELL,LIMIT,1702002904923,270.3,0.8367
KAVAUSDT,SELL,LIMIT,1702005803582,28.7,0.8430
KAVAUSDT,SELL,LIMIT,1702009792497,679.3,0.8441
KAVAUSDT,BUY,LIMIT,1702011149188,2025.6,0.8575
KAVAUSDT,SELL,LIMIT,1702037074754,5.9,0.8522
KAVAUSDT,BUY,LIMIT,1702037879419,341.8,0.8732
KAVAUSDT,BUY,LIMIT,1702051501763,43.1,0.8755
KAVAUSDT,BUY,LIMIT,1702053445379,82.2,0.8799
KAVAUSDT,BUY,LIMIT,1702053732469,17.7,0.8808
KAVAUSDT,SELL,LIMIT,1702054643443,301.1,0.8586
KAVAUSDT,SELL,LIMIT,1702055868168,5413.6,0.8609
KAVAUSDT,BUY,LIMIT,1702066049162,106.4,0.8827
KAVAUSDT,BUY,LIMIT,1702066202894,12.0,0.8833
KAVAUSDT,BUY,LIMIT,1702066716157,150.3,0.8838
KAVAUSDT,BUY,LIMIT,1702068614237,1441.7,0.8836
KAVAUSDT,SELL,LIMIT,1702074268949,273.5,0.8668
KAVAUSDT,BUY,LIMIT,1702077637431,152.0,0.8870
KAVAUSDT,BUY,LIMIT,1702077687713,607.9,0.8886
KAVAUSDT,BUY,LIMIT,1702078189202,296.8,0.8895
KAVAUSDT,BUY,LIMIT,1702081529720,341.7,0.8921
KAVAUSDT,BUY,LIMIT,1702081558377,117.1,0.8925
KAVAUSDT,SELL,LIMIT,1702084089255,7.0,0.8666
KAVAUSDT,BUY,LIMIT,1702086254072,32.2,0.8956
KAVAUSDT,BUY,LIMIT,1702086283410,495.6,0.8976
KAVAUSDT,BUY,LIMIT,1702086816384,99.9,0.8993
KAVAUSDT,BUY,LIMIT,1702086927340,1929.7,0.9005
KAVAUSDT,BUY,LIMIT,1702087122087,131.5,0.9028
KAVAUSDT,BUY,LIMIT,1702087618240,30.0,0.9053
KAVAUSDT,BUY,LIMIT,1702092160688,363.0,0.9010
KAVAUSDT,BUY,LIMIT,1702095871503,33.8,0.9001
KAVAUSDT,BUY,LIMIT,1702096712284,877.6,0.9025
KAVAUSDT,BUY,LIMIT,1702106027186,5000.0,0.8989
KAVAUSDT,BUY,LIMIT,1702106825704,188.8,0.8991
KAVAUSDT,BUY,LIMIT,1702109416423,97.4,0.9032
KAVAUSDT,BUY,LIMIT,1702109776976,57.4,0.9035
KAVAUSDT,SELL,LIMIT,1702110160492,322.0,0.8885
KAVAUSDT,SELL,LIMIT,1702110968990,242.4,0.8745
KAVAUSDT,SELL,LIMIT,1702110974398,103.4,0.8724
KAVAUSDT,SELL,LIMIT,1702111033023,16.7,0.8686
KAVAUSDT,SELL,LIMIT,1702111036122,1114.5,0.8677
KAVAUSDT,SELL,LIMIT,1702111037642,113.7,0.8677
KAVAUSDT,SELL,LIMIT,1702111039440,210.2,0.8690
KAVAUSDT,SELL,LIMIT,1702111045407,2945.9,0.8644
KAVAUSDT,SELL,LIMIT,1702111046609,222.0,0.8600
KAVAUSDT,SELL,LIMIT,1702111373585,558.4,0.8602
KAVAUSDT,SELL,LIMIT,1702111382654,1084.1,0.8577
KAVAUSDT,SELL,LIMIT,1702111387574,6305.7,0.8564
KAVAUSDT,SELL,LIMIT,1702115023497,34.2,0.8717
KAVAUSDT,SELL,LIMIT,1702115095953,178.6,0.8680
KAVAUSDT,SELL,LIMIT,1702115102492,466.3,0.8680
KAVAUSDT,SELL,LIMIT,1702115621300,248.5,0.8693
KAVAUSDT,BUY,LIMIT,1702129587437,111.1,0.8958
KAVAUSDT,SELL,LIMIT,1702133006154,240.9,0.8679
