Symbol,Side,Order Type,Time,Quantity,Price
KAVAUSDT,SELL,LIMIT,1701067644557,6291.5,0.7692
KAVAUSDT,SELL,LIMIT,1701067864590,6.6,0.7675
KAVAUSDT,SELL,LIMIT,1701069797857,400.9,0.7654
KAVAUSDT,SELL,LIMIT,1701069803453,229.4,0.7616
KAVAUSDT,SELL,LIMIT,1701069880716,1523.4,0.7601
KAVAUSDT,SELL,LIMIT,1701069888476,1147.1,0.7600
KAVAUSDT,SELL,LIMIT,1701070169575,264.0,0.7586
KAVAUSDT,SELL,LIMIT,1701070172064,696.3,0.7577
KAVAUSDT,SELL,LIMIT,1701074984269,196.9,0.7569
KAVAUSDT,SELL,LIMIT,1701079570745,12.8,0.7565
KAVAUSDT,SELL,LIMIT,1701080234222,254.7,0.7561
KAVAUSDT,SELL,LIMIT,1701080372327,37.9,0.7550
KAVAUSDT,SELL,LIMIT,1701080497768,4821.7,0.7544
KAVAUSDT,SELL,LIMIT,1701080543784,42.3,0.7533
KAVAUSDT,SELL,LIMIT,1701080816169,616.8,0.7523
KAVAUSDT,SELL,LIMIT,1701080853073,102.1,0.7518
KAVAUSDT,SELL,LIMIT,1701081194692,11.6,0.7512
KAVAUSDT,SELL,LIMIT,1701081211385,181.9,0.7502
KAVAUSDT,SELL,LIMIT,1701081212399,76.8,0.7499
KAVAUSDT,SELL,LIMIT,1701081481267,9.9,0.7483
KAVAUSDT,SELL,LIMIT,1701081584199,1028.0,0.7474
KAVAUSDT,SELL,LIMIT,1701081589604,195.8,0.7469
KAVAUSDT,SELL,LIMIT,1701082137386,72.4,0.7466
KAVAUSDT,SELL,LIMIT,1701082656502,25.0,0.7446
KAVAUSDT,SELL,LIMIT,1701082690945,2486.3,0.7444
KAVAUSDT,SELL,LIMIT,1701082706124,7.6,0.7437
KAVAUSDT,SELL,LIMIT,1701082728463,98.0,0.7435
KAVAUSDT,SELL,LIMIT,1701096908663,10.3,0.7433
KAVAUSDT,SELL,LIMIT,1701097070444,88.5,0.7405
KAVAUSDT,SELL,LIMIT,1701097091067,100.0,0.7494
KAVAUSDT,SELL,LIMIT,1701101007837,25.2,0.7413
KAVAUSDT,SELL,LIMIT,1701101048048,922.9,0.7425
KAVAUSDT,SELL,LIMIT,1701101238971,1207.0,0.7408
KAVAUSDT,SELL,LIMIT,1701114158908,6.7,0.7501
KAVAUSDT,SELL,LIMIT,1701114463769,11.5,0.7462
KAVAUSDT,BUY,LIMIT,1701137690982,7.6,0.7596
KAVAUSDT,SELL,LIMIT,1701146059451,151.8,0.7411
KAVAUSDT,SELL,LIMIT,1701147876245,55.7,0.7391
KAVAUSDT,SELL,LIMIT,1701147879202,49.8,0.7391
KAVAUSDT,SELL,LIMIT,1701147923071,5293.6,0.7383
KAVAUSDT,SELL,LIMIT,1701147925483,65.1,0.7377
KAVAUSDT,SELL,LIMIT,1701147942080,4.7,0.7379
KAVAUSDT,SELL,LIMIT,1701148007987,947.7,0.7371
KAVAUSDT,SELL,LIMIT,1701148130549,35.0,0.7353
KAVAUSDT,SELL,LIMIT,1701148137163,475.8,0.7350
KAVAUSDT,SELL,LIMIT,1701148139038,8.1,0.7348
KAVAUSDT,SELL,LIMIT,1701148178009,105.6,0.7339
KAVAUSDT,SELL,LIMIT,1701149014990,81.4,0.7336
KAVAUSDT,SELL,LIMIT,1701149055827,313.6,0.7332
KAVAUSDT,SELL,LIMIT,1701149085228,6.6,0.7325
KAVAUSDT,SELL,LIMIT,1701149086309,97.8,0.7324
KAVAUSDT,SELL,LIMIT,1701149692136,1659.0,0.7318
KAVAUSDT,SELL,LIMIT,1701149706213,334.2,0.7312
KAVAUSDT,SELL,LIMIT,1701149852248,1200.9,0.7303
KAVAUSDT,SELL,LIMIT,1701149868278,579.9,0.7295
KAVAUSDT,SELL,LIMIT,1701149882363,29.1,0.7284
KAVAUSDT,SELL,LIMIT,1701149884158,693.7,0.7280
KAVAUSDT,SELL,LIMIT,1701151248768,802.2,0.7263
KAVAUSDT,SELL,LIMIT,1701151263536,1872.4,0.7262
KAVAUSDT,SELL,LIMIT,1701151268317,824.0,0.7261
KAVAUSDT,BUY,LIMIT,1701172268726,82.8,0.7567
KAVAUSDT,BUY,LIMIT,1701182572137,47.4,0.7649
KAVAUSDT,BUY,LIMIT,1701193508117,9.8,0.7792
KAVAUSDT,BUY,LIMIT,1701193616449,48.1,0.7807
KAVAUSDT,BUY,LIMIT,1701197854011,106.0,0.7099
KAVAUSDT,SELL,LIMIT,1701219624312,10.1,0.7729
KAVAUSDT,BUY,LIMIT,1701247359925,69.2,0.7809
KAVAUSDT,SELL,LIMIT,1701253210331,102.6,0.7570
KAVAUSDT,SELL,LIMIT,1701253586249,37.0,0.7564
KAVAUSDT,SELL,LIMIT,1701266444368,523.6,0.7595
KAVAUSDT,SELL,LIMIT,1701274061302,162.3,0.7611
KAVAUSDT,SELL,LIMIT,1701275791553,272.9,0.7455
KAVAUSDT,SELL,LIMIT,1701275822890,48.9,0.7443
KAVAUSDT,SELL,LIMIT,1701290339913,376.5,0.7541
KAVAUSDT,SELL,LIMIT,1701353013290,242.9,0.7488
KAVAUSDT,SELL,LIMIT,1701354938970,781.8,0.7475
KAVAUSDT,SELL,LIMIT,1701395656309,6.5,0.7631
KAVAUSDT,BUY,LIMIT,1701405515310,7.1,0.7789
KAVAUSDT,BUY,LIMIT,1701414504745,149.2,0.7789
