Symbol,Side,Order Type,Time,Quantity,Price
KEYUSDT,SELL,LIMIT,1701065096450,17193,0.0055250
KEYUSDT,SELL,LIMIT,1701065106730,36236,0.0055245
KEYUSDT,SELL,LIMIT,1701068115287,4442,0.0055135
KEYUSDT,SELL,LIMIT,1701068116299,8308,0.0055164
KEYUSDT,SELL,LIMIT,1701068154041,4573,0.0055077
KEYUSDT,SELL,LIMIT,1701068249281,647915,0.0055027
KEYUSDT,SELL,LIMIT,1701068256168,96038,0.0054977
KEYUSDT,SELL,LIMIT,1701068358067,182270,0.0054877
KEYUSDT,SELL,LIMIT,1701069861316,36244,0.0054856
KEYUSDT,SELL,LIMIT,1701069917414,227943,0.0054683
KEYUSDT,SELL,LIMIT,1701070110296,248838,0.0054728
KEYUSDT,SELL,LIMIT,1701070173298,33072,0.0054555
KEYUSDT,SELL,LIMIT,1701081438306,4839,0.0054354
KEYUSDT,SELL,LIMIT,1701081454408,228727,0.0054275
KEYUSDT,SELL,LIMIT,1701081460273,220713,0.0054208
KEYUSDT,SELL,LIMIT,1701081487291,8304,0.0054193
KEYUSDT,SELL,LIMIT,1701082211440,41828,0.0054174
KEYUSDT,SELL,LIMIT,1701082457990,1755,0.0054155
KEYUSDT,SELL,LIMIT,1701082468635,104060,0.0054040
KEYUSDT,SELL,LIMIT,1701082483039,150262,0.0054027
KEYUSDT,SELL,LIMIT,1701082646115,16666,0.0053957
KEYUSDT,SELL,LIMIT,1701082650256,12255,0.0053916
KEYUSDT,SELL,LIMIT,1701082652547,100116,0.0053850
KEYUSDT,SELL,LIMIT,1701082655831,24088,0.0053797
KEYUSDT,SELL,LIMIT,1701082678268,17633,0.0053797
KEYUSDT,SELL,LIMIT,1701096799613,17224,0.0054420
KEYUSDT,SELL,LIMIT,1701097102223,163155,0.0054255
KEYUSDT,SELL,LIMIT,1701100214658,558143,0.0053786
KEYUSDT,SELL,LIMIT,1701100226778,4389,0.0053719
KEYUSDT,SELL,LIMIT,1701100523449,2031,0.0053693
KEYUSDT,SELL,LIMIT,1701100551074,18248,0.0053626
KEYUSDT,SELL,LIMIT,1701100556183,688221,0.0053589
KEYUSDT,SELL,LIMIT,1701100571053,148120,0.0053565
KEYUSDT,SELL,LIMIT,1701101045709,895724,0.0053784
KEYUSDT,SELL,LIMIT,1701102011864,12448,0.0054088
KEYUSDT,SELL,LIMIT,1701111638503,102352,0.0054011
KEYUSDT,SELL,LIMIT,1701114228796,1391,0.0053420
KEYUSDT,SELL,LIMIT,1701114230287,1662,0.0053374
KEYUSDT,SELL,LIMIT,1701114232981,80694,0.0053313
KEYUSDT,SELL,LIMIT,1701114261192,119510,0.0053259
KEYUSDT,SELL,LIMIT,1701114278956,1325,0.0053199
KEYUSDT,SELL,LIMIT,1701114352850,2920,0.0053200
KEYUSDT,SELL,LIMIT,1701114358149,357398,0.0053155
KEYUSDT,SELL,LIMIT,1701114380495,33247,0.0053141
KEYUSDT,SELL,LIMIT,1701114465333,8483,0.0053093
KEYUSDT,SELL,LIMIT,1701114471426,91086,0.0053049
KEYUSDT,SELL,LIMIT,1701114476751,89605,0.0053017
KEYUSDT,SELL,LIMIT,1701114479058,100000,0.0052946
KEYUSDT,SELL,LIMIT,1701116887086,17010,0.0052915
KEYUSDT,SELL,LIMIT,1701118070824,6604,0.0052742
KEYUSDT,BUY,LIMIT,1701131075322,8905,0.0056589
KEYUSDT,SELL,LIMIT,1701131094715,34699,0.0054395
KEYUSDT,SELL,LIMIT,1701147879202,7121,0.0053321
KEYUSDT,SELL,LIMIT,1701149852760,93215,0.0052986
KEYUSDT,SELL,LIMIT,1701151129130,8305,0.0052735
KEYUSDT,SELL,LIMIT,1701151263535,81478,0.0052624
KEYUSDT,SELL,LIMIT,1701156510044,872510,0.0052813
KEYUSDT,SELL,LIMIT,1701156561233,75752,0.0052742
KEYUSDT,BUY,LIMIT,1701166374434,186602,0.0057494
KEYUSDT,BUY,LIMIT,1701167585008,79156,0.0058016
KEYUSDT,BUY,LIMIT,1701169644514,23474,0.0058602
KEYUSDT,BUY,LIMIT,1701169734972,81912,0.0058671
KEYUSDT,BUY,LIMIT,1701169748193,3713,0.0058802
KEYUSDT,BUY,LIMIT,1701170405316,190487,0.0059186
KEYUSDT,BUY,LIMIT,1701171038260,5567,0.0059255
KEYUSDT,BUY,LIMIT,1701175410210,25582,0.0059925
KEYUSDT,BUY,LIMIT,1701175514122,27506,0.0059998
KEYUSDT,BUY,LIMIT,1701175551666,12978,0.0060124
KEYUSDT,BUY,LIMIT,1701197853681,68514,0.0060372
KEYUSDT,BUY,LIMIT,1701200703744,68251,0.0061112
KEYUSDT,BUY,LIMIT,1701215048140,16250,0.0061534
KEYUSDT,BUY,LIMIT,1701216247213,8485,0.0061928
KEYUSDT,SELL,LIMIT,1701225347530,1043,0.0058623
KEYUSDT,BUY,LIMIT,1701230451080,7668,0.0062346
KEYUSDT,BUY,LIMIT,1701230454095,165255,0.0062418
KEYUSDT,BUY,LIMIT,1701230527114,50250,0.0062666
KEYUSDT,BUY,LIMIT,1701230562769,3567,0.0062678
KEYUSDT,BUY,LIMIT,1701230574769,14032,0.0062810
KEYUSDT,BUY,LIMIT,1701230588863,951,0.0062881
KEYUSDT,BUY,LIMIT,1701230595279,1683,0.0063010
KEYUSDT,BUY,LIMIT,1701230638585,1159,0.0063164
KEYUSDT,BUY,LIMIT,1701230643248,7039,0.0063316
KEYUSDT,BUY,LIMIT,1701231005175,3471,0.0063399
KEYUSDT,BUY,LIMIT,1701231400943,437170,0.0063703
KEYUSDT,BUY,LIMIT,1701232301074,145421,0.0064269
KEYUSDT,BUY,LIMIT,1701233759010,1562,0.0064461
KEYUSDT,BUY,LIMIT,1701233807757,1818182,0.0064779
KEYUSDT,BUY,LIMIT,1701233849185,23093,0.0064784
KEYUSDT,BUY,LIMIT,1701234405196,47930,0.0064882
KEYUSDT,BUY,LIMIT,1701234455481,19457,0.0064964
KEYUSDT,BUY,LIMIT,1701234461231,244979,0.0065073
KEYUSDT,BUY,LIMIT,1701235439552,33655,0.0065349
KEYUSDT,BUY,LIMIT,1701235441755,4200,0.0065459
KEYUSDT,BUY,LIMIT,1701235465800,119499,0.0065753
KEYUSDT,SELL,LIMIT,1701238781078,17017,0.0060329
KEYUSDT,SELL,LIMIT,1701238782266,39338,0.0060348
KEYUSDT,BUY,LIMIT,1701241095373,16582,0.0064178
KEYUSDT,BUY,LIMIT,1701246521401,155574,0.0063838
KEYUSDT,BUY,LIMIT,1701247359925,7254,0.0064820
KEYUSDT,BUY,LIMIT,1701248709086,75815,0.0065306
KEYUSDT,BUY,LIMIT,1701249024950,1536,0.0065635
KEYUSDT,BUY,LIMIT,1701249359899,107611,0.0065893
KEYUSDT,BUY,LIMIT,1701249361124,2593,0.0066002
KEYUSDT,BUY,LIMIT,1701249440872,8087,0.0066138
KEYUSDT,BUY,LIMIT,1701249511131,1214,0.0066299
KEYUSDT,BUY,LIMIT,1701249512666,5348,0.0066386
KEYUSDT,BUY,LIMIT,1701249553817,9272,0.0066512
KEYUSDT,BUY,LIMIT,1701249658194,18578,0.0066626
KEYUSDT,BUY,LIMIT,1701249663494,1666,0.0066667
KEYUSDT,BUY,LIMIT,1701249664995,24938,0.0066674
KEYUSDT,BUY,LIMIT,1701249667568,11813,0.0066760
KEYUSDT,BUY,LIMIT,1701250502439,4386,0.0066789
KEYUSDT,BUY,LIMIT,1701250553710,177969,0.0066859
KEYUSDT,BUY,LIMIT,1701250669523,3232,0.0067197
KEYUSDT,SELL,LIMIT,1701252270178,12665,0.0063484
KEYUSDT,SELL,LIMIT,1701253298834,101577,0.0062534
