Symbol,Side,Order Type,Time,Quantity,Price
KEYUSDT,BUY,LIMIT,1700997411513,5389,0.0061206
KEYUSDT,BUY,LIMIT,1700997458247,32691,0.0061315
KEYUSDT,BUY,LIMIT,1700997461856,14202,0.0061347
KEYUSDT,BUY,LIMIT,1700997528107,219012,0.0061668
KEYUSDT,BUY,LIMIT,1700997530476,5263,0.0061717
KEYUSDT,BUY,LIMIT,1700997547859,1929,0.0061789
KEYUSDT,BUY,LIMIT,1701003192286,306696,0.0061351
KEYUSDT,SELL,LIMIT,1701008165760,65276,0.0057863
KEYUSDT,SELL,LIMIT,1701008361040,85907,0.0057565
KEYUSDT,SELL,LIMIT,1701008370219,16823,0.0057287
KEYUSDT,SELL,LIMIT,1701008371262,314248,0.0057293
KEYUSDT,SELL,LIMIT,1701008373115,62504,0.0057224
KEYUSDT,SELL,LIMIT,1701008374346,87116,0.0057185
KEYUSDT,SELL,LIMIT,1701008379123,13313,0.0057085
KEYUSDT,SELL,LIMIT,1701008391242,16658,0.0057020
KEYUSDT,SELL,LIMIT,1701008394548,3297,0.0056995
KEYUSDT,SELL,LIMIT,1701008397279,69402,0.0056980
KEYUSDT,SELL,LIMIT,1701008400550,22624,0.0056943
KEYUSDT,SELL,LIMIT,1701008403724,2902,0.0056903
KEYUSDT,SELL,LIMIT,1701008422473,200905,0.0056893
KEYUSDT,SELL,LIMIT,1701008423656,167362,0.0056823
KEYUSDT,SELL,LIMIT,1701008428205,187492,0.0056771
KEYUSDT,SELL,LIMIT,1701008429647,24884,0.0056664
KEYUSDT,SELL,LIMIT,1701008433655,74541,0.0056622
KEYUSDT,SELL,LIMIT,1701008441284,5868,0.0056929
KEYUSDT,SELL,LIMIT,1701008443171,15981,0.0056561
KEYUSDT,SELL,LIMIT,1701008444229,335852,0.0056548
KEYUSDT,SELL,LIMIT,1701008445342,50240,0.0056537
KEYUSDT,SELL,LIMIT,1701008446710,129002,0.0056443
KEYUSDT,SELL,LIMIT,1701008451223,129631,0.0056285
KEYUSDT,SELL,LIMIT,1701008453699,67590,0.0056254
KEYUSDT,SELL,LIMIT,1701008455040,400810,0.0056226
KEYUSDT,SELL,LIMIT,1701008456744,12462,0.0056212
KEYUSDT,SELL,LIMIT,1701009268379,3795,0.0056870
KEYUSDT,SELL,LIMIT,1701009286139,115041,0.0057738
KEYUSDT,SELL,LIMIT,1701010870121,795087,0.0056560
KEYUSDT,SELL,LIMIT,1701014017088,2158,0.0056542
KEYUSDT,SELL,LIMIT,1701014038725,915,0.0057270
KEYUSDT,SELL,LIMIT,1701014918288,3985,0.0057634
KEYUSDT,SELL,LIMIT,1701014921311,2616,0.0056797
KEYUSDT,SELL,LIMIT,1701015659094,18768,0.0056463
KEYUSDT,SELL,LIMIT,1701015671763,42666,0.0056381
KEYUSDT,SELL,LIMIT,1701015749618,10024,0.0056150
KEYUSDT,SELL,LIMIT,1701015762812,2078,0.0056112
KEYUSDT,SELL,LIMIT,1701015807575,60374,0.0056036
KEYUSDT,SELL,LIMIT,1701015843235,319630,0.0056019
KEYUSDT,SELL,LIMIT,1701015877620,3614,0.0055959
KEYUSDT,SELL,LIMIT,1701016033362,109359,0.0056571
KEYUSDT,SELL,LIMIT,1701016034934,3392,0.0055730
KEYUSDT,SELL,LIMIT,1701016041397,19369,0.0055726
KEYUSDT,SELL,LIMIT,1701016042882,11530,0.0055711
KEYUSDT,SELL,LIMIT,1701016044480,5016,0.0055605
KEYUSDT,SELL,LIMIT,1701016045474,357468,0.0055527
KEYUSDT,SELL,LIMIT,1701016047494,100000,0.0055713
KEYUSDT,SELL,LIMIT,1701016049003,14709,0.0055516
KEYUSDT,SELL,LIMIT,1701016051861,684735,0.0055406
KEYUSDT,SELL,LIMIT,1701016093699,331619,0.0055600
KEYUSDT,SELL,LIMIT,1701016098983,631396,0.0055422
KEYUSDT,SELL,LIMIT,1701016101057,849,0.0055330
KEYUSDT,SELL,LIMIT,1701016102154,7416,0.0055290
KEYUSDT,BUY,LIMIT,1701020067920,3758,0.0059510
KEYUSDT,BUY,LIMIT,1701027571075,2714,0.0059560
KEYUSDT,BUY,LIMIT,1701028003214,3561,0.0059995
KEYUSDT,BUY,LIMIT,1701028551494,108608,0.0060616
KEYUSDT,BUY,LIMIT,1701028596382,214763,0.0060829
KEYUSDT,BUY,LIMIT,1701028745055,5142,0.0061253
KEYUSDT,BUY,LIMIT,1701028776059,72066,0.0061487
KEYUSDT,SELL,LIMIT,1701048734112,61243,0.0057170
KEYUSDT,SELL,LIMIT,1701049114882,167139,0.0056972
KEYUSDT,SELL,LIMIT,1701050016075,16035,0.0056753
KEYUSDT,SELL,LIMIT,1701050281848,329597,0.0056705
KEYUSDT,SELL,LIMIT,1701050333900,18816,0.0056686
KEYUSDT,SELL,LIMIT,1701050757389,1006,0.0056637
KEYUSDT,SELL,LIMIT,1701050762520,20963,0.0056615
KEYUSDT,SELL,LIMIT,1701050871749,1738,0.0056500
KEYUSDT,SELL,LIMIT,1701052576699,301761,0.0056481
KEYUSDT,SELL,LIMIT,1701052656082,35900,0.0056405
KEYUSDT,SELL,LIMIT,1701052944701,293640,0.0056334
KEYUSDT,SELL,LIMIT,1701055062791,3365,0.0056034
KEYUSDT,SELL,LIMIT,1701055579529,9418,0.0055980
KEYUSDT,SELL,LIMIT,1701055799657,170098,0.0055866
KEYUSDT,SELL,LIMIT,1701056053416,33991,0.0055783
KEYUSDT,SELL,LIMIT,1701056055850,12154,0.0055758
KEYUSDT,SELL,LIMIT,1701056065089,57307,0.0055726
KEYUSDT,SELL,LIMIT,1701056090325,1185,0.0055729
KEYUSDT,SELL,LIMIT,1701056153714,19817,0.0055617
KEYUSDT,SELL,LIMIT,1701056199711,119754,0.0055538
KEYUSDT,SELL,LIMIT,1701063690099,1149,0.0055360
