Symbol,Side,Order Type,Time,Quantity,Price
KEYUSDT,BUY,LIMIT,1701922546540,2412,0.0063396
KEYUSDT,SELL,LIMIT,1701941074348,6257,0.0059891
KEYUSDT,SELL,LIMIT,1701941184381,13924,0.0059636
KEYUSDT,SELL,LIMIT,1701941192321,22148,0.0059399
KEYUSDT,SELL,LIMIT,1701941235359,11142,0.0060272
KEYUSDT,SELL,LIMIT,1701956556260,84546,0.0060770
KEYUSDT,SELL,LIMIT,1701967024571,1985,0.0061195
KEYUSDT,SELL,LIMIT,1701970312711,1096,0.0061358
KEYUSDT,BUY,LIMIT,1702007154541,4421,0.0064705
KEYUSDT,BUY,LIMIT,1702016847534,2101,0.0064976
KEYUSDT,SELL,LIMIT,1702037074754,808,0.0061378
KEYUSDT,BUY,LIMIT,1702053712700,11259,0.0064100
KEYUSDT,BUY,LIMIT,1702062110583,314566,0.0065144
KEYUSDT,BUY,LIMIT,1702062517496,465502,0.0065436
KEYUSDT,BUY,LIMIT,1702078312204,641,0.0066004
KEYUSDT,BUY,LIMIT,1702097489383,5401,0.0066820
KEYUSDT,BUY,LIMIT,1702103108062,8800,0.0066955
KEYUSDT,BUY,LIMIT,1702108083637,11620,0.0067367
KEYUSDT,BUY,LIMIT,1702109210138,2143,0.0067574
KEYUSDT,BUY,LIMIT,1702110873074,3704,0.0066964
KEYUSDT,SELL,LIMIT,1702110980629,770503,0.0063887
KEYUSDT,SELL,LIMIT,1702111030117,24198,0.0063618
KEYUSDT,BUY,LIMIT,1702111031400,10006,0.0066167
KEYUSDT,SELL,LIMIT,1702111379212,189187,0.0062958
KEYUSDT,SELL,LIMIT,1702111380741,7200,0.0062863
KEYUSDT,SELL,LIMIT,1702111386142,7518,0.0062842
KEYUSDT,SELL,LIMIT,1702133001762,41811,0.0062360
KEYUSDT,SELL,LIMIT,1702133008217,95397,0.0062253
KEYUSDT,SELL,LIMIT,1702164687137,4113,0.0062410
KEYUSDT,SELL,LIMIT,1702164792046,2915,0.0061982
KEYUSDT,SELL,LIMIT,1702164802392,201613,0.0061848
KEYUSDT,SELL,LIMIT,1702164805900,1517,0.0061785
KEYUSDT,SELL,LIMIT,1702164807471,10280,0.0061724
KEYUSDT,SELL,LIMIT,1702198850792,62468,0.0061749
KEYUSDT,SELL,LIMIT,1702200761852,31323,0.0061342
KEYUSDT,SELL,LIMIT,1702200826773,67048,0.0061191
KEYUSDT,SELL,LIMIT,1702200878596,76808,0.0061180
KEYUSDT,SELL,LIMIT,1702200880130,7774,0.0061125
KEYUSDT,SELL,LIMIT,1702200881354,388737,0.0061065
KEYUSDT,SELL,LIMIT,1702200889133,2293,0.0061008
KEYUSDT,SELL,LIMIT,1702202048154,111152,0.0060585
KEYUSDT,SELL,LIMIT,1702202157133,7638,0.0060508
KEYUSDT,SELL,LIMIT,1702202263234,29868,0.0060413
KEYUSDT,SELL,LIMIT,1702202295238,157480,0.0060339
KEYUSDT,SELL,LIMIT,1702202297190,6706,0.0060301
KEYUSDT,SELL,LIMIT,1702202298976,30495,0.0060280
KEYUSDT,SELL,LIMIT,1702202325679,78956,0.0060189
KEYUSDT,SELL,LIMIT,1702202351135,419199,0.0060135
KEYUSDT,SELL,LIMIT,1702202363736,488440,0.0060091
KEYUSDT,SELL,LIMIT,1702202373636,1110,0.0060013
KEYUSDT,BUY,LIMIT,1702241073818,13957,0.0064520
KEYUSDT,SELL,LIMIT,1702260427259,1909,0.0063200
KEYUSDT,SELL,LIMIT,1702260440403,5178,0.0060599
KEYUSDT,SELL,LIMIT,1702260624094,55040,0.0060429
KEYUSDT,BUY,LIMIT,1702260628389,16005,0.0062832
KEYUSDT,SELL,LIMIT,1702260637243,72091,0.0060075
KEYUSDT,SELL,LIMIT,1702260695434,235968,0.0059967
KEYUSDT,SELL,LIMIT,1702260697351,1909,0.0059952
KEYUSDT,SELL,LIMIT,1702260698755,158374,0.0059927
KEYUSDT,SELL,LIMIT,1702260710287,2784,0.0059839
KEYUSDT,SELL,LIMIT,1702260712817,1591,0.0059802
KEYUSDT,SELL,LIMIT,1702260714872,63,0.0059794
KEYUSDT,SELL,LIMIT,1702260718861,317616,0.0059776
KEYUSDT,SELL,LIMIT,1702260723471,182196,0.0059767
KEYUSDT,SELL,LIMIT,1702260724638,31851,0.0059762
KEYUSDT,SELL,LIMIT,1702260726311,196550,0.0059763
KEYUSDT,SELL,LIMIT,1702260728498,16738,0.0060651
KEYUSDT,SELL,LIMIT,1702260731596,160170,0.0059642
KEYUSDT,SELL,LIMIT,1702260734368,7709,0.0064711
KEYUSDT,SELL,LIMIT,1702260737245,706814,0.0059636
KEYUSDT,SELL,LIMIT,1702260738335,153633,0.0059637
KEYUSDT,SELL,LIMIT,1702260743688,24687,0.0059640
KEYUSDT,SELL,LIMIT,1702260745979,39936,0.0059642
KEYUSDT,SELL,LIMIT,1702260747703,15910,0.0059643
KEYUSDT,SELL,LIMIT,1702260748761,10504,0.0059553
KEYUSDT,SELL,LIMIT,1702260749909,2626,0.0059527
KEYUSDT,SELL,LIMIT,1702260752824,3072,0.0059466
KEYUSDT,SELL,LIMIT,1702260754074,7997,0.0059406
KEYUSDT,SELL,LIMIT,1702260757959,139058,0.0059206
KEYUSDT,SELL,LIMIT,1702260759114,15415,0.0059375
KEYUSDT,SELL,LIMIT,1702260760122,8029,0.0059192
KEYUSDT,SELL,LIMIT,1702260761376,23909,0.0059298
KEYUSDT,SELL,LIMIT,1702260762681,6053,0.0058876
KEYUSDT,SELL,LIMIT,1702260763795,312075,0.0059461
KEYUSDT,SELL,LIMIT,1702260766134,46019,0.0058912
KEYUSDT,SELL,LIMIT,1702260767526,33399,0.0058674
KEYUSDT,SELL,LIMIT,1702260768639,227247,0.0058710
KEYUSDT,SELL,LIMIT,1702260770265,50267,0.0058868
KEYUSDT,SELL,LIMIT,1702260771534,28313,0.0058566
KEYUSDT,SELL,LIMIT,1702260772592,16617,0.0057755
KEYUSDT,SELL,LIMIT,1702260773640,23499,0.0057541
KEYUSDT,SELL,LIMIT,1702260774669,18278,0.0056933
KEYUSDT,SELL,LIMIT,1702260775877,3935,0.0056933
KEYUSDT,SELL,LIMIT,1702260777020,16694,0.0056855
KEYUSDT,SELL,LIMIT,1702260778409,18177,0.0056625
KEYUSDT,SELL,LIMIT,1702260779904,13454,0.0056625
KEYUSDT,SELL,LIMIT,1702260781362,24359,0.0056394
KEYUSDT,SELL,LIMIT,1702260782390,143686,0.0055945
KEYUSDT,SELL,LIMIT,1702260784449,33684,0.0056189
KEYUSDT,SELL,LIMIT,1702260786962,3415,0.0055872
KEYUSDT,SELL,LIMIT,1702260788379,45850,0.0055458
KEYUSDT,SELL,LIMIT,1702260789399,52702,0.0055849
KEYUSDT,SELL,LIMIT,1702260792350,2771,0.0055842
KEYUSDT,SELL,LIMIT,1702260793514,130258,0.0055435
KEYUSDT,SELL,LIMIT,1702260796575,32934,0.0055419
KEYUSDT,SELL,LIMIT,1702260797608,39815,0.0055411
KEYUSDT,SELL,LIMIT,1702260798972,12719,0.0055411
KEYUSDT,SELL,LIMIT,1702260799992,6588,0.0055404
KEYUSDT,SELL,LIMIT,1702260801114,7421,0.0055387
KEYUSDT,SELL,LIMIT,1702260802216,48793,0.0055359
KEYUSDT,SELL,LIMIT,1702260803537,846596,0.0055359
KEYUSDT,SELL,LIMIT,1702260806144,50000,0.0055335
KEYUSDT,SELL,LIMIT,1702260807185,1601,0.0056136
KEYUSDT,SELL,LIMIT,1702260808513,31007,0.0055356
KEYUSDT,SELL,LIMIT,1702260809828,1054211,0.0055311
KEYUSDT,SELL,LIMIT,1702260811218,55368,0.0055211
KEYUSDT,SELL,LIMIT,1702260812388,23038,0.0055303
KEYUSDT,SELL,LIMIT,1702260813935,4000,0.0055145
KEYUSDT,SELL,LIMIT,1702260818280,1675,0.0055064
KEYUSDT,SELL,LIMIT,1702260820097,4632,0.0054982
KEYUSDT,SELL,LIMIT,1702260821552,38901,0.0055018
KEYUSDT,SELL,LIMIT,1702260822595,359469,0.0054827
KEYUSDT,SELL,LIMIT,1702260824164,32256,0.0054610
KEYUSDT,BUY,LIMIT,1702260856058,888,0.0057334
KEYUSDT,SELL,LIMIT,1702262615562,20323,0.0056169
