Symbol,Side,Order Type,Time,Quantity,Price
KEYUSDT,SELL,LIMIT,1701065096450,17193,0.0055250
KEYUSDT,SELL,LIMIT,1701065106730,36236,0.0055245
KEYUSDT,SELL,LIMIT,1701068115287,4442,0.0055135
KEYUSDT,SELL,LIMIT,1701068116299,8308,0.0055164
KEYUSDT,SELL,LIMIT,1701068154041,4573,0.0055077
KEYUSDT,SELL,LIMIT,1701068249281,647915,0.0055027
KEYUSDT,SELL,LIMIT,1701068256168,96038,0.0054977
KEYUSDT,SELL,LIMIT,1701068358067,182270,0.0054877
KEYUSDT,SELL,LIMIT,1701069861316,36244,0.0054856
KEYUSDT,SELL,LIMIT,1701069917414,227943,0.0054683
KEYUSDT,SELL,LIMIT,1701070110296,248838,0.0054728
KEYUSDT,SELL,LIMIT,1701070173298,33072,0.0054555
KEYUSDT,SELL,LIMIT,1701081438306,4839,0.0054354
KEYUSDT,SELL,LIMIT,1701081454408,228727,0.0054275
KEYUSDT,SELL,LIMIT,1701081460273,220713,0.0054208
KEYUSDT,SELL,LIMIT,1701081487291,8304,0.0054193
KEYUSDT,SELL,LIMIT,1701082211440,41828,0.0054174
KEYUSDT,SELL,LIMIT,1701082457990,1755,0.0054155
KEYUSDT,SELL,LIMIT,1701082468635,104060,0.0054040
KEYUSDT,SELL,LIMIT,1701082483039,150262,0.0054027
KEYUSDT,SELL,LIMIT,1701082646115,16666,0.0053957
KEYUSDT,SELL,LIMIT,1701082650256,12255,0.0053916
KEYUSDT,SELL,LIMIT,1701082652547,100116,0.0053850
KEYUSDT,SELL,LIMIT,1701082655831,24088,0.0053797
KEYUSDT,SELL,LIMIT,1701082678268,17633,0.0053797
KEYUSDT,SELL,LIMIT,1701096799613,17224,0.0054420
KEYUSDT,SELL,LIMIT,1701097102223,163155,0.0054255
KEYUSDT,SELL,LIMIT,1701100214658,558143,0.0053786
KEYUSDT,SELL,LIMIT,1701100226778,4389,0.0053719
KEYUSDT,SELL,LIMIT,1701100523449,2031,0.0053693
KEYUSDT,SELL,LIMIT,1701100551074,18248,0.0053626
KEYUSDT,SELL,LIMIT,1701100556183,688221,0.0053589
KEYUSDT,SELL,LIMIT,1701100571053,148120,0.0053565
KEYUSDT,SELL,LIMIT,1701101045709,895724,0.0053784
KEYUSDT,SELL,LIMIT,1701102011864,12448,0.0054088
KEYUSDT,SELL,LIMIT,1701111638503,102352,0.0054011
KEYUSDT,SELL,LIMIT,1701114228796,1391,0.0053420
KEYUSDT,SELL,LIMIT,1701114230287,1662,0.0053374
KEYUSDT,SELL,LIMIT,1701114232981,80694,0.0053313
KEYUSDT,SELL,LIMIT,1701114261192,119510,0.0053259
KEYUSDT,SELL,LIMIT,1701114278956,1325,0.0053199
KEYUSDT,SELL,LIMIT,1701114352850,2920,0.0053200
KEYUSDT,SELL,LIMIT,1701114358149,357398,0.0053155
KEYUSDT,SELL,LIMIT,1701114380495,33247,0.0053141
KEYUSDT,SELL,LIMIT,1701114465333,8483,0.0053093
KEYUSDT,SELL,LIMIT,1701114471426,91086,0.0053049
KEYUSDT,SELL,LIMIT,1701114476751,89605,0.0053017
KEYUSDT,SELL,LIMIT,1701114479058,100000,0.0052946
KEYUSDT,SELL,LIMIT,1701116887086,17010,0.0052915
KEYUSDT,SELL,LIMIT,1701118070824,6604,0.0052742
KEYUSDT,BUY,LIMIT,1701131075322,8905,0.0056589
KEYUSDT,SELL,LIMIT,1701131094715,34699,0.0054395
KEYUSDT,SELL,LIMIT,1701147879202,7121,0.0053321
KEYUSDT,SELL,LIMIT,1701149852760,93215,0.0052986
KEYUSDT,SELL,LIMIT,1701151129130,8305,0.0052735
KEYUSDT,SELL,LIMIT,1701151263535,81478,0.0052624
KEYUSDT,SELL,LIMIT,1701156510044,872510,0.0052813
KEYUSDT,SELL,LIMIT,1701156561233,75752,0.0052742
KEYUSDT,BUY,LIMIT,1701166374434,186602,0.0057494
KEYUSDT,BUY,LIMIT,1701167585008,79156,0.0058016
KEYUSDT,BUY,LIMIT,1701169644514,23474,0.0058602
KEYUSDT,BUY,LIMIT,1701169734972,81912,0.0058671
KEYUSDT,BUY,LIMIT,1701169748193,3713,0.0058802
KEYUSDT,BUY,LIMIT,1701170405316,190487,0.0059186
KEYUSDT,BUY,LIMIT,1701171038260,5567,0.0059255
KEYUSDT,BUY,LIMIT,1701175410210,25582,0.0059925
KEYUSDT,BUY,LIMIT,1701175514122,27506,0.0059998
KEYUSDT,BUY,LIMIT,1701175551666,12978,0.0060124
KEYUSDT,BUY,LIMIT,1701197853681,68514,0.0060372
KEYUSDT,BUY,LIMIT,1701200703744,68251,0.0061112
KEYUSDT,BUY,LIMIT,1701215048140,16250,0.0061534
KEYUSDT,BUY,LIMIT,1701216247213,8485,0.0061928
KEYUSDT,SELL,LIMIT,1701225347530,1043,0.0058623
KEYUSDT,BUY,LIMIT,1701230451080,7668,0.0062346
KEYUSDT,BUY,LIMIT,1701230454095,165255,0.0062418
KEYUSDT,BUY,LIMIT,1701230527114,50250,0.0062666
KEYUSDT,BUY,LIMIT,1701230562769,3567,0.0062678
KEYUSDT,BUY,LIMIT,1701230574769,14032,0.0062810
KEYUSDT,BUY,LIMIT,1701230588863,951,0.0062881
KEYUSDT,BUY,LIMIT,1701230595279,1683,0.0063010
KEYUSDT,BUY,LIMIT,1701230638585,1159,0.0063164
KEYUSDT,BUY,LIMIT,1701230643248,7039,0.0063316
KEYUSDT,BUY,LIMIT,1701231005175,3471,0.0063399
KEYUSDT,BUY,LIMIT,1701231400943,437170,0.0063703
KEYUSDT,BUY,LIMIT,1701232301074,145421,0.0064269
KEYUSDT,BUY,LIMIT,1701233759010,1562,0.0064461
KEYUSDT,BUY,LIMIT,1701233807757,1818182,0.0064779
KEYUSDT,BUY,LIMIT,1701233849185,23093,0.0064784
KEYUSDT,BUY,LIMIT,1701234405196,47930,0.0064882
KEYUSDT,BUY,LIMIT,1701234455481,19457,0.0064964
KEYUSDT,BUY,LIMIT,1701234461231,244979,0.0065073
KEYUSDT,BUY,LIMIT,1701235439552,33655,0.0065349
KEYUSDT,BUY,LIMIT,1701235441755,4200,0.0065459
KEYUSDT,BUY,LIMIT,1701235465800,119499,0.0065753
KEYUSDT,SELL,LIMIT,1701238781078,17017,0.0060329
KEYUSDT,SELL,LIMIT,1701238782266,39338,0.0060348
KEYUSDT,BUY,LIMIT,1701241095373,16582,0.0064178
KEYUSDT,BUY,LIMIT,1701246521401,155574,0.0063838
KEYUSDT,BUY,LIMIT,1701247359925,7254,0.0064820
KEYUSDT,BUY,LIMIT,1701248709086,75815,0.0065306
KEYUSDT,BUY,LIMIT,1701249024950,1536,0.0065635
KEYUSDT,BUY,LIMIT,1701249359899,107611,0.0065893
KEYUSDT,BUY,LIMIT,1701249361124,2593,0.0066002
KEYUSDT,BUY,LIMIT,1701249440872,8087,0.0066138
KEYUSDT,BUY,LIMIT,1701249511131,1214,0.0066299
KEYUSDT,BUY,LIMIT,1701249512666,5348,0.0066386
KEYUSDT,BUY,LIMIT,1701249553817,9272,0.0066512
KEYUSDT,BUY,LIMIT,1701249658194,18578,0.0066626
KEYUSDT,BUY,LIMIT,1701249663494,1666,0.0066667
KEYUSDT,BUY,LIMIT,1701249664995,24938,0.0066674
KEYUSDT,BUY,LIMIT,1701249667568,11813,0.0066760
KEYUSDT,BUY,LIMIT,1701250502439,4386,0.0066789
KEYUSDT,BUY,LIMIT,1701250553710,177969,0.0066859
KEYUSDT,BUY,LIMIT,1701250669523,3232,0.0067197
KEYUSDT,SELL,LIMIT,1701252270178,12665,0.0063484
KEYUSDT,SELL,LIMIT,1701253298834,101577,0.0062534
KEYUSDT,BUY,LIMIT,1701254846694,12220,0.0065447
KEYUSDT,BUY,LIMIT,1701259011244,31140,0.0065446
KEYUSDT,BUY,LIMIT,1701263448043,148286,0.0066983
KEYUSDT,SELL,LIMIT,1701264000027,3289,0.0066006
KEYUSDT,BUY,LIMIT,1701264031374,9955,0.0067250
KEYUSDT,BUY,LIMIT,1701264085315,4803,0.0067565
KEYUSDT,BUY,LIMIT,1701264118294,30933,0.0067699
KEYUSDT,BUY,LIMIT,1701264126633,64114,0.0067867
KEYUSDT,BUY,LIMIT,1701264141546,102447,0.0067940
KEYUSDT,BUY,LIMIT,1701264144065,8725,0.0068020
KEYUSDT,BUY,LIMIT,1701264145189,22975,0.0067976
KEYUSDT,BUY,LIMIT,1701264158860,1205,0.0068067
KEYUSDT,BUY,LIMIT,1701264159972,2332,0.0068113
KEYUSDT,SELL,LIMIT,1701265311190,7830,0.0063151
KEYUSDT,SELL,LIMIT,1701265365350,691211,0.0063029
KEYUSDT,SELL,LIMIT,1701265406750,29985,0.0062782
KEYUSDT,SELL,LIMIT,1701265437889,16628,0.0062414
KEYUSDT,SELL,LIMIT,1701265450253,2391,0.0062270
KEYUSDT,SELL,LIMIT,1701265453109,849,0.0062245
KEYUSDT,SELL,LIMIT,1701265457765,27433,0.0062109
KEYUSDT,SELL,LIMIT,1701265466832,17436,0.0061961
KEYUSDT,SELL,LIMIT,1701265472488,293944,0.0061928
KEYUSDT,SELL,LIMIT,1701265481468,364583,0.0061900
KEYUSDT,SELL,LIMIT,1701265483222,19665,0.0061888
KEYUSDT,SELL,LIMIT,1701265484480,5891,0.0061797
KEYUSDT,SELL,LIMIT,1701265501147,1004,0.0061672
KEYUSDT,SELL,LIMIT,1701265504349,54137,0.0061616
KEYUSDT,SELL,LIMIT,1701265505984,6661,0.0061590
KEYUSDT,SELL,LIMIT,1701265680384,15441,0.0061522
KEYUSDT,SELL,LIMIT,1701265681389,7062,0.0061541
KEYUSDT,SELL,LIMIT,1701265690216,216674,0.0061479
KEYUSDT,SELL,LIMIT,1701267768498,7635,0.0061369
KEYUSDT,SELL,LIMIT,1701267769772,2575,0.0061265
KEYUSDT,SELL,LIMIT,1701270324269,38309,0.0061235
KEYUSDT,SELL,LIMIT,1701270333423,17919,0.0061212
KEYUSDT,SELL,LIMIT,1701270338118,128825,0.0061211
KEYUSDT,SELL,LIMIT,1701270409184,2561,0.0060957
KEYUSDT,SELL,LIMIT,1701270410242,946,0.0060864
KEYUSDT,SELL,LIMIT,1701270422879,25430,0.0060622
KEYUSDT,SELL,LIMIT,1701270442689,18101,0.0060807
KEYUSDT,SELL,LIMIT,1701270585593,1474570,0.0060561
KEYUSDT,BUY,LIMIT,1701272384289,117636,0.0063489
KEYUSDT,BUY,LIMIT,1701273190154,44923,0.0064486
KEYUSDT,BUY,LIMIT,1701274054549,1506,0.0065346
KEYUSDT,BUY,LIMIT,1701274059709,104374,0.0065449
KEYUSDT,BUY,LIMIT,1701275694537,24382,0.0065997
KEYUSDT,BUY,LIMIT,1701276510340,100185,0.0066147
KEYUSDT,BUY,LIMIT,1701276626337,24939,0.0066644
KEYUSDT,BUY,LIMIT,1701276955061,314960,0.0066668
KEYUSDT,BUY,LIMIT,1701276962678,131361,0.0066727
KEYUSDT,BUY,LIMIT,1701276969258,25372,0.0066812
KEYUSDT,BUY,LIMIT,1701276980198,40000,0.0066880
KEYUSDT,BUY,LIMIT,1701277328676,17475,0.0066927
KEYUSDT,BUY,LIMIT,1701277340508,144757,0.0067004
KEYUSDT,SELL,LIMIT,1701280043125,10408,0.0063993
KEYUSDT,BUY,LIMIT,1701280492190,536568,0.0067206
KEYUSDT,BUY,LIMIT,1701280512499,1289,0.0067518
KEYUSDT,BUY,LIMIT,1701280513773,20925,0.0067607
KEYUSDT,BUY,LIMIT,1701280515127,106665,0.0067649
KEYUSDT,BUY,LIMIT,1701282187588,10875,0.0066438
KEYUSDT,BUY,LIMIT,1701283574259,807249,0.0067519
KEYUSDT,BUY,LIMIT,1701283645194,5000,0.0067712
KEYUSDT,BUY,LIMIT,1701283671669,917,0.0067801
KEYUSDT,BUY,LIMIT,1701283674233,3036,0.0067880
KEYUSDT,BUY,LIMIT,1701283680079,57349,0.0067918
KEYUSDT,BUY,LIMIT,1701283763793,850,0.0067554
KEYUSDT,BUY,LIMIT,1701283814031,607867,0.0067809
KEYUSDT,BUY,LIMIT,1701283852685,2968,0.0068123
KEYUSDT,BUY,LIMIT,1701283859468,119728,0.0068163
KEYUSDT,BUY,LIMIT,1701283862141,504667,0.0068235
KEYUSDT,BUY,LIMIT,1701283914686,3074,0.0068279
KEYUSDT,BUY,LIMIT,1701283919272,16029,0.0068311
KEYUSDT,BUY,LIMIT,1701283935915,7427,0.0068360
KEYUSDT,BUY,LIMIT,1701283937141,842,0.0068448
KEYUSDT,BUY,LIMIT,1701283999049,98569,0.0068679
KEYUSDT,BUY,LIMIT,1701284000306,1306,0.0068761
KEYUSDT,BUY,LIMIT,1701284028238,4629,0.0068835
KEYUSDT,BUY,LIMIT,1701284039019,17849,0.0068962
KEYUSDT,BUY,LIMIT,1701284422311,43829,0.0067843
KEYUSDT,BUY,LIMIT,1701284455283,65417,0.0068085
KEYUSDT,BUY,LIMIT,1701284489886,6125,0.0068297
KEYUSDT,BUY,LIMIT,1701284611060,18114,0.0068571
KEYUSDT,BUY,LIMIT,1701284860976,1871,0.0068482
KEYUSDT,BUY,LIMIT,1701284926738,628784,0.0068635
KEYUSDT,BUY,LIMIT,1701284936425,73282,0.0068730
KEYUSDT,BUY,LIMIT,1701284959354,235019,0.0068750
KEYUSDT,BUY,LIMIT,1701284979017,63358,0.0068816
KEYUSDT,BUY,LIMIT,1701285058111,5585,0.0069010
KEYUSDT,BUY,LIMIT,1701285059151,16554,0.0069011
KEYUSDT,BUY,LIMIT,1701285060881,312405,0.0069050
KEYUSDT,BUY,LIMIT,1701285108371,9390,0.0068566
KEYUSDT,BUY,LIMIT,1701285218308,760,0.0069076
KEYUSDT,BUY,LIMIT,1701285225045,32862,0.0069145
KEYUSDT,BUY,LIMIT,1701285228453,15462,0.0069204
KEYUSDT,BUY,LIMIT,1701285232978,16280,0.0069257
KEYUSDT,BUY,LIMIT,1701285363113,15204,0.0069473
KEYUSDT,SELL,LIMIT,1701286684085,7765,0.0064616
KEYUSDT,SELL,LIMIT,1701286756193,24456,0.0064465
KEYUSDT,SELL,LIMIT,1701289768132,63602,0.0064046
KEYUSDT,SELL,LIMIT,1701289769305,925,0.0063899
KEYUSDT,SELL,LIMIT,1701289877224,10174,0.0063861
KEYUSDT,SELL,LIMIT,1701289883066,5951,0.0063788
KEYUSDT,SELL,LIMIT,1701289892113,25000,0.0063776
KEYUSDT,SELL,LIMIT,1701289898180,29815,0.0063745
KEYUSDT,SELL,LIMIT,1701289900301,336684,0.0063725
KEYUSDT,SELL,LIMIT,1701289924515,70989,0.0063703
KEYUSDT,SELL,LIMIT,1701289933950,437077,0.0063664
KEYUSDT,SELL,LIMIT,1701290177032,145737,0.0063962
KEYUSDT,SELL,LIMIT,1701290342199,60052,0.0063557
KEYUSDT,SELL,LIMIT,1701290347001,61485,0.0063573
KEYUSDT,SELL,LIMIT,1701290353974,58803,0.0063487
KEYUSDT,BUY,LIMIT,1701300695316,184324,0.0067055
KEYUSDT,SELL,LIMIT,1701306420191,6558,0.0063421
KEYUSDT,SELL,LIMIT,1701307349056,30590,0.0063314
KEYUSDT,SELL,LIMIT,1701307351415,25729,0.0063244
KEYUSDT,SELL,LIMIT,1701307408126,15540,0.0063088
KEYUSDT,SELL,LIMIT,1701307523739,170109,0.0062812
KEYUSDT,SELL,LIMIT,1701307538326,90344,0.0062739
KEYUSDT,SELL,LIMIT,1701307540253,20916,0.0062704
KEYUSDT,SELL,LIMIT,1701307556899,3372,0.0062599
KEYUSDT,BUY,LIMIT,1701311990922,3484,0.0066013
KEYUSDT,SELL,LIMIT,1701315371248,3235,0.0063034
KEYUSDT,SELL,LIMIT,1701315606809,53259,0.0063878
KEYUSDT,SELL,LIMIT,1701317400715,5378,0.0062565
KEYUSDT,SELL,LIMIT,1701317778567,13522,0.0062472
KEYUSDT,SELL,LIMIT,1701317802202,224364,0.0062423
KEYUSDT,SELL,LIMIT,1701317804120,30444,0.0062418
KEYUSDT,SELL,LIMIT,1701317874465,11555,0.0062320
KEYUSDT,SELL,LIMIT,1701319890511,764,0.0062246
KEYUSDT,SELL,LIMIT,1701319925976,268770,0.0062160
KEYUSDT,SELL,LIMIT,1701325456216,53553,0.0062037
KEYUSDT,SELL,LIMIT,1701325504402,4601,0.0061960
KEYUSDT,SELL,LIMIT,1701325600332,768,0.0061862
KEYUSDT,SELL,LIMIT,1701327054235,805,0.0061837
KEYUSDT,SELL,LIMIT,1701330915304,1320,0.0061766
KEYUSDT,SELL,LIMIT,1701330917690,92017,0.0061688
KEYUSDT,SELL,LIMIT,1701331454089,28963,0.0061600
KEYUSDT,SELL,LIMIT,1701331511075,5092,0.0061540
KEYUSDT,SELL,LIMIT,1701331588743,69579,0.0061309
KEYUSDT,SELL,LIMIT,1701331599388,723028,0.0061251
KEYUSDT,SELL,LIMIT,1701331600779,14620,0.0061211
KEYUSDT,SELL,LIMIT,1701331670133,276219,0.0061181
KEYUSDT,SELL,LIMIT,1701331697057,1489,0.0061101
KEYUSDT,SELL,LIMIT,1701331758278,1701,0.0060974
KEYUSDT,SELL,LIMIT,1701331761599,763497,0.0060966
KEYUSDT,SELL,LIMIT,1701331768963,142329,0.0060926
KEYUSDT,SELL,LIMIT,1701332752579,26372,0.0060800
KEYUSDT,SELL,LIMIT,1701333563228,383596,0.0060619
KEYUSDT,SELL,LIMIT,1701333683804,1445,0.0060595
KEYUSDT,SELL,LIMIT,1701336333339,1571,0.0060504
KEYUSDT,SELL,LIMIT,1701336335302,784785,0.0060494
KEYUSDT,SELL,LIMIT,1701336345730,779909,0.0060426
KEYUSDT,SELL,LIMIT,1701336895988,1074,0.0060338
KEYUSDT,SELL,LIMIT,1701336902836,5040,0.0060317
KEYUSDT,SELL,LIMIT,1701337172641,22209,0.0060262
KEYUSDT,SELL,LIMIT,1701337174153,17064,0.0060246
KEYUSDT,SELL,LIMIT,1701338157092,1066,0.0060188
KEYUSDT,SELL,LIMIT,1701338192154,97190,0.0060102
KEYUSDT,SELL,LIMIT,1701341821912,6115,0.0059961
KEYUSDT,SELL,LIMIT,1701347720010,4196,0.0059883
KEYUSDT,SELL,LIMIT,1701347785212,159492,0.0059870
KEYUSDT,SELL,LIMIT,1701348454219,674352,0.0059839
KEYUSDT,SELL,LIMIT,1701349770877,5606,0.0059523
KEYUSDT,SELL,LIMIT,1701352523363,8805,0.0059443
KEYUSDT,SELL,LIMIT,1701352532287,905,0.0059385
KEYUSDT,SELL,LIMIT,1701352927961,8774,0.0059329
KEYUSDT,SELL,LIMIT,1701352954056,180739,0.0059268
KEYUSDT,SELL,LIMIT,1701353004152,142510,0.0059246
KEYUSDT,SELL,LIMIT,1701353012082,1788,0.0059186
KEYUSDT,SELL,LIMIT,1701353013122,117718,0.0059179
KEYUSDT,SELL,LIMIT,1701354211576,143603,0.0059291
KEYUSDT,SELL,LIMIT,1701367317505,2438,0.0058656
KEYUSDT,SELL,LIMIT,1701367596159,68330,0.0058547
KEYUSDT,SELL,LIMIT,1701367686784,18118,0.0058494
KEYUSDT,SELL,LIMIT,1701367888172,83777,0.0058409
KEYUSDT,SELL,LIMIT,1701367906418,6106,0.0058383
KEYUSDT,SELL,LIMIT,1701368188367,8000,0.0058284
KEYUSDT,SELL,LIMIT,1701370171386,20924,0.0058182
KEYUSDT,SELL,LIMIT,1701370180362,389430,0.0058170
KEYUSDT,SELL,LIMIT,1701371148081,839538,0.0058066
KEYUSDT,SELL,LIMIT,1701371214692,17400,0.0058008
KEYUSDT,SELL,LIMIT,1701392459684,17,0.0059222
KEYUSDT,BUY,LIMIT,1701401899592,679246,0.0061269
KEYUSDT,BUY,LIMIT,1701409421660,1828,0.0062411
KEYUSDT,BUY,LIMIT,1701409423247,408552,0.0062451
KEYUSDT,BUY,LIMIT,1701409424271,14681,0.0062460
KEYUSDT,BUY,LIMIT,1701409426218,335683,0.0062553
KEYUSDT,BUY,LIMIT,1701409428165,13800,0.0062605
KEYUSDT,SELL,LIMIT,1701416349564,142698,0.0059498
KEYUSDT,BUY,LIMIT,1701424847322,1024,0.0061090
KEYUSDT,SELL,LIMIT,1701433210964,8798,0.0058622
KEYUSDT,SELL,LIMIT,1701433306841,23948,0.0058472
KEYUSDT,SELL,LIMIT,1701441839377,1000,0.0058315
KEYUSDT,SELL,LIMIT,1701442241116,307280,0.0058018
KEYUSDT,BUY,LIMIT,1701447538260,76,0.0000000
KEYUSDT,SELL,LIMIT,1701452473279,22580,0.0057892
KEYUSDT,SELL,LIMIT,1701452477116,24586,0.0057858
KEYUSDT,SELL,LIMIT,1701485999498,15866,0.0073515
KEYUSDT,SELL,LIMIT,1701486001632,63181,0.0059637
KEYUSDT,BUY,LIMIT,1701488939042,357251,0.0063421
KEYUSDT,BUY,LIMIT,1701488946080,149006,0.0063508
KEYUSDT,BUY,LIMIT,1701488947156,47825,0.0063526
KEYUSDT,BUY,LIMIT,1701489949077,1287,0.0063633
KEYUSDT,BUY,LIMIT,1701490746083,3298,0.0063671
KEYUSDT,BUY,LIMIT,1701493513874,2795,0.0063084
