Symbol,Side,Order Type,Time,Quantity,Price
KLAYUSDT,SELL,LIMIT,1701065073843,246.1,0.1999
KLAYUSDT,SELL,LIMIT,1701068020904,260.9,0.1998
KLAYUSDT,SELL,LIMIT,1701068110093,773.0,0.1995
KLAYUSDT,SELL,LIMIT,1701068138307,2998.6,0.1994
KLAYUSDT,BUY,LIMIT,1701068934246,9822.3,0.2056
KLAYUSDT,BUY,LIMIT,1701069014302,98.4,0.2048
KLAYUSDT,SELL,LIMIT,1701069575248,9306.2,0.1989
KLAYUSDT,SELL,LIMIT,1701069850850,493.0,0.1983
KLAYUSDT,SELL,LIMIT,1701069880863,62.1,0.1982
KLAYUSDT,SELL,LIMIT,1701069885962,115.1,0.1981
KLAYUSDT,SELL,LIMIT,1701069887025,90.7,0.1981
KLAYUSDT,SELL,LIMIT,1701069888692,835.4,0.1977
KLAYUSDT,SELL,LIMIT,1701069889778,800.0,0.1976
KLAYUSDT,SELL,LIMIT,1701069901570,17390.9,0.1976
KLAYUSDT,SELL,LIMIT,1701070169575,2.3,0.3529
KLAYUSDT,SELL,LIMIT,1701080681096,1949.6,0.1979
KLAYUSDT,SELL,LIMIT,1701080769458,636.1,0.1977
KLAYUSDT,SELL,LIMIT,1701080806707,456.4,0.1973
KLAYUSDT,SELL,LIMIT,1701080809921,167.2,0.1969
KLAYUSDT,SELL,LIMIT,1701081165173,501.8,0.1968
KLAYUSDT,SELL,LIMIT,1701081167332,45.8,0.1967
KLAYUSDT,SELL,LIMIT,1701081330333,143139.6,0.1946
KLAYUSDT,SELL,LIMIT,1701081410019,250.0,0.1961
KLAYUSDT,SELL,LIMIT,1701081423050,25000.0,0.1960
KLAYUSDT,SELL,LIMIT,1701081427813,100.0,0.1958
KLAYUSDT,SELL,LIMIT,1701081435180,33428.6,0.1952
KLAYUSDT,SELL,LIMIT,1701081457177,1443.9,0.1956
KLAYUSDT,SELL,LIMIT,1701081459670,227.8,0.1956
KLAYUSDT,SELL,LIMIT,1701081499222,5.2,0.1956
KLAYUSDT,SELL,LIMIT,1701081584168,94.3,0.1955
KLAYUSDT,SELL,LIMIT,1701082230323,93.6,0.1958
KLAYUSDT,SELL,LIMIT,1701082608378,30.0,0.1949
KLAYUSDT,SELL,LIMIT,1701082612783,30153.1,0.1950
KLAYUSDT,SELL,LIMIT,1701082692671,3870.2,0.1946
KLAYUSDT,SELL,LIMIT,1701082726704,21297.8,0.1944
KLAYUSDT,SELL,LIMIT,1701083145108,252.5,0.1943
KLAYUSDT,SELL,LIMIT,1701083202077,29.5,0.1941
KLAYUSDT,SELL,LIMIT,1701083640886,196.6,0.1944
KLAYUSDT,BUY,LIMIT,1701084315056,9164.3,0.2014
KLAYUSDT,BUY,LIMIT,1701085116213,214.9,0.2019
KLAYUSDT,BUY,LIMIT,1701086016078,4540.8,0.2021
KLAYUSDT,SELL,LIMIT,1701086812351,86075.7,0.1940
KLAYUSDT,SELL,LIMIT,1701091162294,25176.2,0.1947
KLAYUSDT,SELL,LIMIT,1701093120103,15372.2,0.1947
KLAYUSDT,SELL,LIMIT,1701093131244,14900.2,0.1946
KLAYUSDT,SELL,LIMIT,1701093133066,293.7,0.1944
KLAYUSDT,SELL,LIMIT,1701093138284,1760.0,0.1942
KLAYUSDT,BUY,LIMIT,1701097417321,204.0,0.2025
KLAYUSDT,BUY,LIMIT,1701097584354,55.2,0.2037
KLAYUSDT,BUY,LIMIT,1701097689050,202.9,0.2039
KLAYUSDT,BUY,LIMIT,1701097707446,27.7,0.2040
KLAYUSDT,BUY,LIMIT,1701099934003,1391.0,0.2056
KLAYUSDT,SELL,LIMIT,1701100537019,9233.6,0.1986
KLAYUSDT,SELL,LIMIT,1701100571216,8000.0,0.1981
KLAYUSDT,BUY,LIMIT,1701101951401,7806.0,0.2065
KLAYUSDT,BUY,LIMIT,1701102594470,1431.1,0.2071
KLAYUSDT,BUY,LIMIT,1701102682691,75.8,0.2076
KLAYUSDT,BUY,LIMIT,1701103265101,291.3,0.2078
KLAYUSDT,BUY,LIMIT,1701103801555,242.0,0.2087
KLAYUSDT,BUY,LIMIT,1701104760619,4962.5,0.2083
KLAYUSDT,SELL,LIMIT,1701105634970,104.0,0.2001
KLAYUSDT,SELL,LIMIT,1701110619385,511.2,0.1989
KLAYUSDT,SELL,LIMIT,1701111856665,6052.1,0.1978
KLAYUSDT,SELL,LIMIT,1701111882540,2100.0,0.1977
KLAYUSDT,SELL,LIMIT,1701112159192,494.0,0.1971
KLAYUSDT,SELL,LIMIT,1701114163522,88.7,0.1963
KLAYUSDT,SELL,LIMIT,1701114545540,221.6,0.1951
KLAYUSDT,BUY,LIMIT,1701114638821,103.7,0.2020
KLAYUSDT,BUY,LIMIT,1701114819234,534.7,0.2026
KLAYUSDT,BUY,LIMIT,1701115290249,50.3,0.2028
KLAYUSDT,SELL,LIMIT,1701116768074,3912.6,0.1954
KLAYUSDT,SELL,LIMIT,1701118153678,1471.2,0.1949
KLAYUSDT,BUY,LIMIT,1701120394786,28.5,0.2038
KLAYUSDT,SELL,LIMIT,1701121950295,25.4,0.1982
KLAYUSDT,BUY,LIMIT,1701126423131,0.7,0.2046
KLAYUSDT,BUY,LIMIT,1701128323212,6086.8,0.2052
KLAYUSDT,BUY,LIMIT,1701130747803,348.3,0.2068
KLAYUSDT,SELL,LIMIT,1701132581250,88.0,0.2011
KLAYUSDT,BUY,LIMIT,1701139035047,2674.8,0.2038
KLAYUSDT,SELL,LIMIT,1701142551637,84.3,0.1982
KLAYUSDT,SELL,LIMIT,1701148239481,1958.6,0.1943
KLAYUSDT,SELL,LIMIT,1701148866532,3297.0,0.1938
KLAYUSDT,SELL,LIMIT,1701148909104,66.5,0.1936
KLAYUSDT,SELL,LIMIT,1701148937797,4800.0,0.1934
KLAYUSDT,SELL,LIMIT,1701149067959,24801.6,0.1935
KLAYUSDT,SELL,LIMIT,1701149121896,600.0,0.1931
KLAYUSDT,SELL,LIMIT,1701149130244,64.7,0.1931
KLAYUSDT,SELL,LIMIT,1701149132161,250.0,0.1931
KLAYUSDT,SELL,LIMIT,1701149144853,11066.4,0.1930
KLAYUSDT,SELL,LIMIT,1701149771344,237.8,0.1930
KLAYUSDT,SELL,LIMIT,1701149783736,1894.8,0.1930
KLAYUSDT,SELL,LIMIT,1701150535940,6654.8,0.1923
KLAYUSDT,SELL,LIMIT,1701151263535,899.1,0.1923
KLAYUSDT,BUY,LIMIT,1701152464191,8748.8,0.1999
KLAYUSDT,SELL,LIMIT,1701153667581,650.8,0.1919
KLAYUSDT,SELL,LIMIT,1701154243372,247.8,0.1918
KLAYUSDT,SELL,LIMIT,1701154255171,51537.4,0.1907
KLAYUSDT,SELL,LIMIT,1701156259301,7598.2,0.1911
KLAYUSDT,SELL,LIMIT,1701156385145,656.1,0.1908
KLAYUSDT,SELL,LIMIT,1701156386380,5431.7,0.1908
KLAYUSDT,SELL,LIMIT,1701156518642,2972.2,0.1907
KLAYUSDT,BUY,LIMIT,1701158038254,3352.2,0.1977
KLAYUSDT,BUY,LIMIT,1701158120247,136.8,0.1980
KLAYUSDT,SELL,LIMIT,1701173286265,390.9,0.1944
KLAYUSDT,BUY,LIMIT,1701175265413,1882.5,0.2022
KLAYUSDT,BUY,LIMIT,1701178520122,538.6,0.2037
KLAYUSDT,SELL,LIMIT,1701182178626,762.9,0.1964
KLAYUSDT,SELL,LIMIT,1701191208069,146.5,0.1979
KLAYUSDT,SELL,LIMIT,1701191309191,1559.5,0.1975
KLAYUSDT,SELL,LIMIT,1701193871566,1986.0,0.1997
KLAYUSDT,SELL,LIMIT,1701194519023,8001.7,0.1992
KLAYUSDT,SELL,LIMIT,1701194650076,956.7,0.1988
KLAYUSDT,SELL,LIMIT,1701197838334,218.0,0.1984
KLAYUSDT,BUY,LIMIT,1701197841310,2103.5,0.2044
KLAYUSDT,BUY,LIMIT,1701199557776,65.0,0.2059
KLAYUSDT,BUY,LIMIT,1701200405767,1307.6,0.2063
KLAYUSDT,BUY,LIMIT,1701200469843,2181.8,0.2066
KLAYUSDT,BUY,LIMIT,1701200495668,2018.7,0.2067
KLAYUSDT,BUY,LIMIT,1701204395035,3502.9,0.2062
KLAYUSDT,SELL,LIMIT,1701206852850,460.7,0.1988
KLAYUSDT,SELL,LIMIT,1701211931109,48.9,0.1980
KLAYUSDT,SELL,LIMIT,1701211932822,947.6,0.1978
KLAYUSDT,SELL,LIMIT,1701211942933,34.3,0.1977
KLAYUSDT,SELL,LIMIT,1701211952160,9743.1,0.1975
KLAYUSDT,SELL,LIMIT,1701214625221,1416.9,0.1973
KLAYUSDT,SELL,LIMIT,1701236097265,1401.1,0.1968
KLAYUSDT,SELL,LIMIT,1701236140077,385.6,0.1967
KLAYUSDT,SELL,LIMIT,1701236147257,2341.3,0.1967
KLAYUSDT,SELL,LIMIT,1701236170215,11839.6,0.1966
KLAYUSDT,SELL,LIMIT,1701236257524,189.1,0.1965
KLAYUSDT,SELL,LIMIT,1701236264312,228.6,0.1963
KLAYUSDT,SELL,LIMIT,1701244229976,540.1,0.1977
KLAYUSDT,SELL,LIMIT,1701248153190,166.6,0.1999
KLAYUSDT,BUY,LIMIT,1701249607907,1510.7,0.2043
KLAYUSDT,SELL,LIMIT,1701251618308,200.0,0.1969
KLAYUSDT,SELL,LIMIT,1701253158066,348.7,0.1954
KLAYUSDT,SELL,LIMIT,1701253614152,3295.2,0.1953
KLAYUSDT,SELL,LIMIT,1701253723451,905.7,0.1951
KLAYUSDT,SELL,LIMIT,1701254189317,187.0,0.1948
KLAYUSDT,SELL,LIMIT,1701254375453,6528.0,0.1945
KLAYUSDT,SELL,LIMIT,1701254421041,11754.8,0.1941
KLAYUSDT,SELL,LIMIT,1701254648187,4046.8,0.1941
KLAYUSDT,SELL,LIMIT,1701259259131,74.1,0.1946
KLAYUSDT,SELL,LIMIT,1701259261074,75.6,0.1944
KLAYUSDT,SELL,LIMIT,1701259858170,630.6,0.1943
KLAYUSDT,SELL,LIMIT,1701260340471,101.0,0.1940
KLAYUSDT,SELL,LIMIT,1701260454734,38.0,0.1939
KLAYUSDT,SELL,LIMIT,1701262857989,1457.1,0.1935
KLAYUSDT,SELL,LIMIT,1701263907103,29.4,0.1934
KLAYUSDT,SELL,LIMIT,1701264415532,89.6,0.1930
KLAYUSDT,SELL,LIMIT,1701268376829,928.7,0.1934
KLAYUSDT,SELL,LIMIT,1701269264775,134.7,0.1929
KLAYUSDT,SELL,LIMIT,1701270454131,1262.5,0.1927
KLAYUSDT,SELL,LIMIT,1701270507165,4921.3,0.1928
KLAYUSDT,SELL,LIMIT,1701270516829,7727.7,0.1926
KLAYUSDT,SELL,LIMIT,1701270547756,1136.8,0.1925
KLAYUSDT,SELL,LIMIT,1701270553146,679.5,0.1924
KLAYUSDT,SELL,LIMIT,1701270580729,35.3,0.1924
KLAYUSDT,SELL,LIMIT,1701270616394,51.0,0.1923
KLAYUSDT,SELL,LIMIT,1701270619485,132.1,0.1922
KLAYUSDT,SELL,LIMIT,1701270846429,1051.2,0.1921
KLAYUSDT,SELL,LIMIT,1701274635786,14671.1,0.1935
KLAYUSDT,SELL,LIMIT,1701275807255,244.9,0.1927
KLAYUSDT,BUY,LIMIT,1701283874039,103.0,0.1978
KLAYUSDT,SELL,LIMIT,1701284959289,16969.8,0.1938
KLAYUSDT,SELL,LIMIT,1701285469584,839.3,0.1937
KLAYUSDT,SELL,LIMIT,1701288287798,2.2,0.1929
KLAYUSDT,SELL,LIMIT,1701289875182,36.9,0.1922
KLAYUSDT,SELL,LIMIT,1701289985119,4800.6,0.1920
KLAYUSDT,SELL,LIMIT,1701290338267,2979.1,0.1916
KLAYUSDT,SELL,LIMIT,1701290362455,59.2,0.1915
KLAYUSDT,SELL,LIMIT,1701291317578,40970.5,0.1905
KLAYUSDT,SELL,LIMIT,1701297687466,1379.9,0.1909
KLAYUSDT,SELL,LIMIT,1701297852611,214.4,0.1908
KLAYUSDT,SELL,LIMIT,1701298002780,390.0,0.1906
KLAYUSDT,SELL,LIMIT,1701298878223,3129.5,0.1905
KLAYUSDT,SELL,LIMIT,1701299117293,9764.1,0.1904
KLAYUSDT,SELL,LIMIT,1701300904324,194.3,0.1903
KLAYUSDT,SELL,LIMIT,1701300942298,15666.2,0.1901
KLAYUSDT,SELL,LIMIT,1701300943727,5005.0,0.1899
KLAYUSDT,SELL,LIMIT,1701303400006,180.9,0.1903
KLAYUSDT,SELL,LIMIT,1701306417443,2687.0,0.1904
KLAYUSDT,SELL,LIMIT,1701306838469,41390.3,0.1891
KLAYUSDT,SELL,LIMIT,1701306840166,34.8,0.1898
KLAYUSDT,SELL,LIMIT,1701306892297,2200.0,0.1895
KLAYUSDT,SELL,LIMIT,1701306895278,41727.4,0.1887
KLAYUSDT,SELL,LIMIT,1701306941156,112.3,0.1892
KLAYUSDT,SELL,LIMIT,1701306986485,4558.1,0.1891
KLAYUSDT,SELL,LIMIT,1701308179243,24230.1,0.1889
KLAYUSDT,SELL,LIMIT,1701308183009,2054.8,0.1889
KLAYUSDT,SELL,LIMIT,1701308184519,1470.1,0.1888
KLAYUSDT,SELL,LIMIT,1701308186739,192.7,0.1887
KLAYUSDT,SELL,LIMIT,1701308409196,2647.5,0.1883
KLAYUSDT,SELL,LIMIT,1701308456336,14792.5,0.1881
KLAYUSDT,SELL,LIMIT,1701308459282,3294.8,0.1881
KLAYUSDT,SELL,LIMIT,1701308643029,480.0,0.1878
KLAYUSDT,SELL,LIMIT,1701309263901,528.2,0.1875
KLAYUSDT,SELL,LIMIT,1701309880605,208.3,0.1870
KLAYUSDT,SELL,LIMIT,1701310623530,2575.1,0.1867
KLAYUSDT,SELL,LIMIT,1701310667397,64201.3,0.1851
KLAYUSDT,SELL,LIMIT,1701310668805,3521.0,0.1861
KLAYUSDT,SELL,LIMIT,1701310794588,153.8,0.1857
KLAYUSDT,SELL,LIMIT,1701310963061,24.7,0.1855
KLAYUSDT,SELL,LIMIT,1701310964350,95.4,0.1855
KLAYUSDT,SELL,LIMIT,1701313374196,42.8,0.1851
KLAYUSDT,BUY,LIMIT,1701314985280,8514.1,0.1918
KLAYUSDT,SELL,LIMIT,1701318816175,90.8,0.1872
KLAYUSDT,SELL,LIMIT,1701320405574,7045.4,0.1861
KLAYUSDT,SELL,LIMIT,1701329216828,1770.6,0.1860
KLAYUSDT,SELL,LIMIT,1701330948506,50.0,0.1855
KLAYUSDT,SELL,LIMIT,1701331747047,50635.4,0.1842
KLAYUSDT,SELL,LIMIT,1701331749231,1755.0,0.1851
KLAYUSDT,SELL,LIMIT,1701332787449,1142.6,0.1849
KLAYUSDT,SELL,LIMIT,1701333617321,23620.1,0.1846
KLAYUSDT,SELL,LIMIT,1701334010831,26.8,0.1843
KLAYUSDT,SELL,LIMIT,1701335182926,324.5,0.1840
KLAYUSDT,SELL,LIMIT,1701335228403,22107.0,0.1840
KLAYUSDT,SELL,LIMIT,1701335230242,6182.7,0.1839
KLAYUSDT,SELL,LIMIT,1701335484374,129945.1,0.1823
KLAYUSDT,SELL,LIMIT,1701335539605,114.1,0.1837
KLAYUSDT,BUY,LIMIT,1701344891596,1300.7,0.1919
KLAYUSDT,SELL,LIMIT,1701349512224,2637.1,0.1860
KLAYUSDT,BUY,LIMIT,1701367530822,3152.4,0.1925
KLAYUSDT,SELL,LIMIT,1701375291001,1300.8,0.1847
KLAYUSDT,SELL,LIMIT,1701393783752,300.4,0.1853
KLAYUSDT,BUY,LIMIT,1701405515309,29.0,0.1935
KLAYUSDT,SELL,LIMIT,1701410377098,81.6,0.1866
KLAYUSDT,SELL,LIMIT,1701416209711,105.2,0.1963
