Symbol,Side,Order Type,Time,Quantity,Price
KLAYUSDT,SELL,LIMIT,1700988670768,151.5,0.2119
KLAYUSDT,SELL,LIMIT,1700989114656,6583.7,0.2116
KLAYUSDT,SELL,LIMIT,1700989168354,688.4,0.2114
KLAYUSDT,SELL,LIMIT,1700989425652,4270.5,0.2110
KLAYUSDT,SELL,LIMIT,1700991248087,23062.7,0.2105
KLAYUSDT,SELL,LIMIT,1700991513249,913.2,0.2104
KLAYUSDT,SELL,LIMIT,1700991590480,10399.1,0.2103
KLAYUSDT,SELL,LIMIT,1700992248396,27.1,0.2101
KLAYUSDT,SELL,LIMIT,1700993293540,26837.9,0.2097
KLAYUSDT,SELL,LIMIT,1700993454261,243.2,0.2093
KLAYUSDT,SELL,LIMIT,1700994417219,664.8,0.2086
KLAYUSDT,SELL,LIMIT,1700994438957,573.5,0.2085
KLAYUSDT,SELL,LIMIT,1700994640578,35.0,0.2081
KLAYUSDT,SELL,LIMIT,1700996149281,11271.4,0.2090
KLAYUSDT,SELL,LIMIT,1700996252049,728.0,0.2085
KLAYUSDT,SELL,LIMIT,1700996791122,351.3,0.2076
KLAYUSDT,SELL,LIMIT,1700996807001,1811.6,0.2075
KLAYUSDT,SELL,LIMIT,1700997129428,23173.8,0.2072
KLAYUSDT,SELL,LIMIT,1700999465314,45.9,0.2069
KLAYUSDT,BUY,LIMIT,1701000141392,12394.2,0.2149
KLAYUSDT,SELL,LIMIT,1701000611458,95.5,0.2074
KLAYUSDT,SELL,LIMIT,1701000754884,1837.3,0.2069
KLAYUSDT,SELL,LIMIT,1701001345628,4497.9,0.2068
KLAYUSDT,SELL,LIMIT,1701001356816,110.4,0.2067
KLAYUSDT,SELL,LIMIT,1701001503183,18800.0,0.2063
KLAYUSDT,BUY,LIMIT,1701002790820,23834.8,0.2140
KLAYUSDT,SELL,LIMIT,1701003894202,54.7,0.2084
KLAYUSDT,SELL,LIMIT,1701004246336,146.1,0.2079
KLAYUSDT,SELL,LIMIT,1701004407318,32.1,0.2074
KLAYUSDT,SELL,LIMIT,1701005458463,3897.2,0.2059
KLAYUSDT,SELL,LIMIT,1701006128779,43.1,0.2056
KLAYUSDT,SELL,LIMIT,1701008403317,169.6,0.2053
KLAYUSDT,SELL,LIMIT,1701008406277,4157.1,0.2052
KLAYUSDT,SELL,LIMIT,1701008412508,57567.6,0.2038
KLAYUSDT,SELL,LIMIT,1701008440202,36.0,0.2070
KLAYUSDT,SELL,LIMIT,1701008444295,1065.6,0.2047
KLAYUSDT,SELL,LIMIT,1701008446432,5693.3,0.2042
KLAYUSDT,SELL,LIMIT,1701008447508,5.4,0.2041
KLAYUSDT,SELL,LIMIT,1701009268379,261.3,0.2040
KLAYUSDT,SELL,LIMIT,1701009287389,254.9,0.2038
KLAYUSDT,SELL,LIMIT,1701009291331,2521.6,0.2039
KLAYUSDT,SELL,LIMIT,1701010474567,11.7,0.2036
KLAYUSDT,SELL,LIMIT,1701010670528,4126.1,0.2028
KLAYUSDT,SELL,LIMIT,1701010895456,40.4,0.2026
KLAYUSDT,SELL,LIMIT,1701010922077,1411.1,0.2020
KLAYUSDT,SELL,LIMIT,1701014285321,432.0,0.2036
KLAYUSDT,BUY,LIMIT,1701014861694,0.2,0.0000
KLAYUSDT,SELL,LIMIT,1701014936070,1083.6,0.2064
KLAYUSDT,SELL,LIMIT,1701015644389,475.5,0.2036
KLAYUSDT,SELL,LIMIT,1701015679262,110.1,0.2031
KLAYUSDT,SELL,LIMIT,1701015683328,1816.1,0.2031
KLAYUSDT,SELL,LIMIT,1701015685412,23649.1,0.2030
KLAYUSDT,SELL,LIMIT,1701015738310,112.7,0.2031
KLAYUSDT,SELL,LIMIT,1701015748323,23853.9,0.2023
KLAYUSDT,SELL,LIMIT,1701015922706,6201.7,0.2023
KLAYUSDT,SELL,LIMIT,1701016002367,474.8,0.2020
KLAYUSDT,SELL,LIMIT,1701016014267,605.3,0.2017
KLAYUSDT,SELL,LIMIT,1701016021169,1036.8,0.2015
KLAYUSDT,SELL,LIMIT,1701016031017,28.9,0.2012
KLAYUSDT,SELL,LIMIT,1701016032358,6448.9,0.2012
KLAYUSDT,SELL,LIMIT,1701016037988,553.1,0.2011
KLAYUSDT,SELL,LIMIT,1701016039498,2629.0,0.2010
KLAYUSDT,SELL,LIMIT,1701016041151,102.0,0.2008
KLAYUSDT,SELL,LIMIT,1701016042696,490.6,0.2014
KLAYUSDT,SELL,LIMIT,1701016044350,762.7,0.2006
KLAYUSDT,SELL,LIMIT,1701016045301,378.3,0.2006
KLAYUSDT,SELL,LIMIT,1701016046310,12195.1,0.2005
KLAYUSDT,SELL,LIMIT,1701016047678,94.8,0.2002
KLAYUSDT,SELL,LIMIT,1701016048650,306.5,0.1998
KLAYUSDT,SELL,LIMIT,1701022820067,5047.9,0.2021
KLAYUSDT,BUY,LIMIT,1701028747090,90.6,0.2090
KLAYUSDT,SELL,LIMIT,1701033232272,147.3,0.2017
KLAYUSDT,BUY,LIMIT,1701037573151,359.3,0.2103
KLAYUSDT,BUY,LIMIT,1701039580225,48.2,0.2116
KLAYUSDT,SELL,LIMIT,1701043298190,351.7,0.2037
KLAYUSDT,SELL,LIMIT,1701049256324,9708.5,0.2029
KLAYUSDT,SELL,LIMIT,1701049575100,40.0,0.2023
KLAYUSDT,SELL,LIMIT,1701052644111,24366.4,0.2022
KLAYUSDT,SELL,LIMIT,1701054445441,457.3,0.2009
KLAYUSDT,SELL,LIMIT,1701054508518,4448.3,0.2007
KLAYUSDT,SELL,LIMIT,1701054986460,6085.6,0.2002
KLAYUSDT,SELL,LIMIT,1701055054260,1576.2,0.1999
KLAYUSDT,SELL,LIMIT,1701055063411,97541.0,0.1984
KLAYUSDT,SELL,LIMIT,1701055347206,541.1,0.1996
KLAYUSDT,SELL,LIMIT,1701055554309,2035.7,0.1995
KLAYUSDT,SELL,LIMIT,1701055560908,10312.7,0.1995
KLAYUSDT,SELL,LIMIT,1701055696333,162.8,0.1993
KLAYUSDT,SELL,LIMIT,1701055697497,3145.0,0.1993
KLAYUSDT,SELL,LIMIT,1701056050241,1100.0,0.1990
KLAYUSDT,SELL,LIMIT,1701056056787,3679.2,0.1988
KLAYUSDT,SELL,LIMIT,1701056101179,23535.0,0.1986
KLAYUSDT,SELL,LIMIT,1701056131977,39.7,0.1985
KLAYUSDT,SELL,LIMIT,1701056182427,273.9,0.1983
KLAYUSDT,BUY,LIMIT,1701056638366,746.4,0.2053
KLAYUSDT,BUY,LIMIT,1701057420812,287.9,0.2060
KLAYUSDT,BUY,LIMIT,1701057663098,2302.6,0.2062
KLAYUSDT,BUY,LIMIT,1701058363285,29.0,0.2072
KLAYUSDT,BUY,LIMIT,1701058487123,773.5,0.2075
KLAYUSDT,BUY,LIMIT,1701058505039,991.7,0.2076
KLAYUSDT,BUY,LIMIT,1701059737052,3805.2,0.2085
KLAYUSDT,BUY,LIMIT,1701061635026,622.3,0.2087
