Symbol,Side,Order Type,Time,Quantity,Price
KLAYUSDT,BUY,LIMIT,1700845642877,25.1,0.2101
KLAYUSDT,BUY,LIMIT,1700849352074,531.9,0.2121
KLAYUSDT,SELL,LIMIT,1700851097314,20956.9,0.2043
KLAYUSDT,SELL,LIMIT,1700851935037,95.1,0.2036
KLAYUSDT,SELL,LIMIT,1700852576154,46.8,0.2029
KLAYUSDT,SELL,LIMIT,1700852897075,1151.3,0.2025
KLAYUSDT,SELL,LIMIT,1700852907247,982.2,0.2024
KLAYUSDT,SELL,LIMIT,1700853424163,20000.0,0.2021
KLAYUSDT,SELL,LIMIT,1700853749105,79.2,0.2020
KLAYUSDT,SELL,LIMIT,1700860063674,237.2,0.2022
KLAYUSDT,SELL,LIMIT,1700860747208,2416.0,0.2022
KLAYUSDT,SELL,LIMIT,1700860784994,2420.3,0.2021
KLAYUSDT,SELL,LIMIT,1700860791819,242.7,0.2019
KLAYUSDT,SELL,LIMIT,1700860808133,48.5,0.2017
KLAYUSDT,SELL,LIMIT,1700860809178,407.1,0.2017
KLAYUSDT,SELL,LIMIT,1700860810595,7531.7,0.2015
KLAYUSDT,SELL,LIMIT,1700862027307,416.4,0.2014
KLAYUSDT,SELL,LIMIT,1700862078876,40.3,0.2014
KLAYUSDT,SELL,LIMIT,1700862087253,1184.2,0.2013
KLAYUSDT,SELL,LIMIT,1700862905734,6938.1,0.2008
KLAYUSDT,SELL,LIMIT,1700863019513,45.9,0.2002
KLAYUSDT,SELL,LIMIT,1700863093408,100.0,0.2002
KLAYUSDT,SELL,LIMIT,1700863142182,95.0,0.2002
KLAYUSDT,SELL,LIMIT,1700863233134,2308.3,0.2001
KLAYUSDT,SELL,LIMIT,1700863286987,538.5,0.1999
KLAYUSDT,SELL,LIMIT,1700863313194,23000.0,0.1996
KLAYUSDT,SELL,LIMIT,1700863434461,457.3,0.1995
KLAYUSDT,SELL,LIMIT,1700863438041,100.3,0.1994
KLAYUSDT,SELL,LIMIT,1700863528570,451.6,0.1994
KLAYUSDT,SELL,LIMIT,1700863949643,22290.1,0.1991
KLAYUSDT,SELL,LIMIT,1700863953297,794.7,0.1990
KLAYUSDT,SELL,LIMIT,1700863964275,4576.5,0.1989
KLAYUSDT,SELL,LIMIT,1700864805624,3702.8,0.1986
KLAYUSDT,SELL,LIMIT,1700864956362,1374.0,0.1984
KLAYUSDT,SELL,LIMIT,1700864988404,180.0,0.1983
KLAYUSDT,SELL,LIMIT,1700865381274,56615.7,0.1970
KLAYUSDT,SELL,LIMIT,1700865382423,9486.7,0.1981
KLAYUSDT,BUY,LIMIT,1700866078383,408.0,0.2059
KLAYUSDT,SELL,LIMIT,1700866395965,563.6,0.1989
KLAYUSDT,BUY,LIMIT,1700867379015,9225.8,0.2040
KLAYUSDT,SELL,LIMIT,1700870650066,2872.2,0.1988
KLAYUSDT,BUY,LIMIT,1700871592297,2024.7,0.2060
KLAYUSDT,BUY,LIMIT,1700873003827,253.3,0.2076
KLAYUSDT,BUY,LIMIT,1700873366530,1494.1,0.2080
KLAYUSDT,BUY,LIMIT,1700873590365,551.9,0.2088
KLAYUSDT,BUY,LIMIT,1700874361978,366.6,0.2106
KLAYUSDT,BUY,LIMIT,1700875751734,263.2,0.2120
KLAYUSDT,BUY,LIMIT,1700876364972,2070.3,0.2125
KLAYUSDT,BUY,LIMIT,1700876369391,2047.8,0.2127
KLAYUSDT,BUY,LIMIT,1700876371446,126.4,0.2128
KLAYUSDT,SELL,LIMIT,1700877302421,795.5,0.2045
KLAYUSDT,SELL,LIMIT,1700877335911,2834.6,0.2044
KLAYUSDT,SELL,LIMIT,1700881518857,4450.0,0.2030
KLAYUSDT,SELL,LIMIT,1700881742269,60.5,0.2026
