Symbol,Side,Order Type,Time,Quantity,Price
KLAYUSDT,BUY,LIMIT,1700845642877,25.1,0.2101
KLAYUSDT,BUY,LIMIT,1700849352074,531.9,0.2121
KLAYUSDT,SELL,LIMIT,1700851097314,20956.9,0.2043
KLAYUSDT,SELL,LIMIT,1700851935037,95.1,0.2036
KLAYUSDT,SELL,LIMIT,1700852576154,46.8,0.2029
KLAYUSDT,SELL,LIMIT,1700852897075,1151.3,0.2025
KLAYUSDT,SELL,LIMIT,1700852907247,982.2,0.2024
KLAYUSDT,SELL,LIMIT,1700853424163,20000.0,0.2021
KLAYUSDT,SELL,LIMIT,1700853749105,79.2,0.2020
KLAYUSDT,SELL,LIMIT,1700860063674,237.2,0.2022
KLAYUSDT,SELL,LIMIT,1700860747208,2416.0,0.2022
KLAYUSDT,SELL,LIMIT,1700860784994,2420.3,0.2021
KLAYUSDT,SELL,LIMIT,1700860791819,242.7,0.2019
KLAYUSDT,SELL,LIMIT,1700860808133,48.5,0.2017
KLAYUSDT,SELL,LIMIT,1700860809178,407.1,0.2017
KLAYUSDT,SELL,LIMIT,1700860810595,7531.7,0.2015
KLAYUSDT,SELL,LIMIT,1700862027307,416.4,0.2014
KLAYUSDT,SELL,LIMIT,1700862078876,40.3,0.2014
KLAYUSDT,SELL,LIMIT,1700862087253,1184.2,0.2013
KLAYUSDT,SELL,LIMIT,1700862905734,6938.1,0.2008
KLAYUSDT,SELL,LIMIT,1700863019513,45.9,0.2002
KLAYUSDT,SELL,LIMIT,1700863093408,100.0,0.2002
KLAYUSDT,SELL,LIMIT,1700863142182,95.0,0.2002
KLAYUSDT,SELL,LIMIT,1700863233134,2308.3,0.2001
KLAYUSDT,SELL,LIMIT,1700863286987,538.5,0.1999
KLAYUSDT,SELL,LIMIT,1700863313194,23000.0,0.1996
KLAYUSDT,SELL,LIMIT,1700863434461,457.3,0.1995
KLAYUSDT,SELL,LIMIT,1700863438041,100.3,0.1994
KLAYUSDT,SELL,LIMIT,1700863528570,451.6,0.1994
KLAYUSDT,SELL,LIMIT,1700863949643,22290.1,0.1991
KLAYUSDT,SELL,LIMIT,1700863953297,794.7,0.1990
KLAYUSDT,SELL,LIMIT,1700863964275,4576.5,0.1989
KLAYUSDT,SELL,LIMIT,1700864805624,3702.8,0.1986
KLAYUSDT,SELL,LIMIT,1700864956362,1374.0,0.1984
KLAYUSDT,SELL,LIMIT,1700864988404,180.0,0.1983
KLAYUSDT,SELL,LIMIT,1700865381274,56615.7,0.1970
KLAYUSDT,SELL,LIMIT,1700865382423,9486.7,0.1981
KLAYUSDT,BUY,LIMIT,1700866078383,408.0,0.2059
KLAYUSDT,SELL,LIMIT,1700866395965,563.6,0.1989
KLAYUSDT,BUY,LIMIT,1700867379015,9225.8,0.2040
KLAYUSDT,SELL,LIMIT,1700870650066,2872.2,0.1988
KLAYUSDT,BUY,LIMIT,1700871592297,2024.7,0.2060
KLAYUSDT,BUY,LIMIT,1700873003827,253.3,0.2076
KLAYUSDT,BUY,LIMIT,1700873366530,1494.1,0.2080
KLAYUSDT,BUY,LIMIT,1700873590365,551.9,0.2088
KLAYUSDT,BUY,LIMIT,1700874361978,366.6,0.2106
KLAYUSDT,BUY,LIMIT,1700875751734,263.2,0.2120
KLAYUSDT,BUY,LIMIT,1700876364972,2070.3,0.2125
KLAYUSDT,BUY,LIMIT,1700876369391,2047.8,0.2127
KLAYUSDT,BUY,LIMIT,1700876371446,126.4,0.2128
KLAYUSDT,SELL,LIMIT,1700877302421,795.5,0.2045
KLAYUSDT,SELL,LIMIT,1700877335911,2834.6,0.2044
KLAYUSDT,SELL,LIMIT,1700881518857,4450.0,0.2030
KLAYUSDT,SELL,LIMIT,1700881742269,60.5,0.2026
KLAYUSDT,BUY,LIMIT,1700883878735,1462.3,0.2100
KLAYUSDT,BUY,LIMIT,1700883954165,44.0,0.2101
KLAYUSDT,BUY,LIMIT,1700884902541,22104.3,0.2102
KLAYUSDT,SELL,LIMIT,1700887670228,609.4,0.2019
KLAYUSDT,SELL,LIMIT,1700892736716,2697.3,0.1999
KLAYUSDT,SELL,LIMIT,1700894660850,7459.0,0.1997
KLAYUSDT,SELL,LIMIT,1700896628428,49.0,0.1989
KLAYUSDT,SELL,LIMIT,1700900139923,4894.7,0.2003
KLAYUSDT,BUY,LIMIT,1700901279201,1663.5,0.2067
KLAYUSDT,BUY,LIMIT,1700903801997,50.5,0.2080
KLAYUSDT,BUY,LIMIT,1700906334554,14655.5,0.2087
KLAYUSDT,BUY,LIMIT,1700907683752,446.8,0.2097
KLAYUSDT,BUY,LIMIT,1700910059442,7788.4,0.2107
KLAYUSDT,BUY,LIMIT,1700910276852,5381.9,0.2118
KLAYUSDT,BUY,LIMIT,1700910296021,2406.1,0.2119
KLAYUSDT,BUY,LIMIT,1700910778250,147.0,0.2127
KLAYUSDT,BUY,LIMIT,1700911987646,2537.7,0.2129
KLAYUSDT,BUY,LIMIT,1700911993177,584.5,0.2130
KLAYUSDT,BUY,LIMIT,1700912004401,43.9,0.2131
KLAYUSDT,BUY,LIMIT,1700912026991,948.6,0.2132
KLAYUSDT,BUY,LIMIT,1700912117018,12106.5,0.2133
KLAYUSDT,BUY,LIMIT,1700913872495,611.9,0.2140
KLAYUSDT,BUY,LIMIT,1700914106779,171.2,0.2146
KLAYUSDT,BUY,LIMIT,1700914452914,38.0,0.2149
KLAYUSDT,SELL,LIMIT,1700915203934,419.7,0.2067
KLAYUSDT,BUY,LIMIT,1700918982624,2594.8,0.2148
KLAYUSDT,BUY,LIMIT,1700919153322,1754.1,0.2151
KLAYUSDT,BUY,LIMIT,1700919201086,399.7,0.2152
KLAYUSDT,BUY,LIMIT,1700919493588,745.8,0.2157
KLAYUSDT,BUY,LIMIT,1700919758608,962.6,0.2162
KLAYUSDT,BUY,LIMIT,1700919950747,4625.6,0.2168
KLAYUSDT,BUY,LIMIT,1700920012084,3622.0,0.2170
KLAYUSDT,BUY,LIMIT,1700921655111,238.7,0.2179
KLAYUSDT,BUY,LIMIT,1700922709408,485.6,0.2186
KLAYUSDT,BUY,LIMIT,1700922737982,21878.7,0.2188
KLAYUSDT,BUY,LIMIT,1700922888148,696.1,0.2192
KLAYUSDT,BUY,LIMIT,1700922959960,189.5,0.2194
KLAYUSDT,BUY,LIMIT,1700922970292,186.6,0.2194
KLAYUSDT,BUY,LIMIT,1700922978509,130.0,0.2196
KLAYUSDT,BUY,LIMIT,1700923220126,23842.4,0.2200
KLAYUSDT,BUY,LIMIT,1700923270671,297.5,0.2204
KLAYUSDT,SELL,LIMIT,1700923959055,99.8,0.2127
KLAYUSDT,SELL,LIMIT,1700923960268,230.3,0.2127
KLAYUSDT,BUY,LIMIT,1700924848654,250.0,0.2198
KLAYUSDT,BUY,LIMIT,1700925122068,90.3,0.2206
KLAYUSDT,BUY,LIMIT,1700925272381,1861.3,0.2209
KLAYUSDT,BUY,LIMIT,1700925298182,185.4,0.2212
KLAYUSDT,BUY,LIMIT,1700925365591,18785.8,0.2216
KLAYUSDT,BUY,LIMIT,1700925672652,258.5,0.2222
KLAYUSDT,BUY,LIMIT,1700925673972,24.6,0.2225
KLAYUSDT,BUY,LIMIT,1700925678835,407.4,0.2227
KLAYUSDT,BUY,LIMIT,1700925761335,53.8,0.2234
KLAYUSDT,BUY,LIMIT,1700925929486,113.0,0.2236
KLAYUSDT,BUY,LIMIT,1700926528041,934.5,0.2240
KLAYUSDT,BUY,LIMIT,1700926529512,121.4,0.2240
KLAYUSDT,BUY,LIMIT,1700926544395,2557.2,0.2242
KLAYUSDT,BUY,LIMIT,1700926558927,50.8,0.2243
KLAYUSDT,BUY,LIMIT,1700926620911,790.2,0.2250
KLAYUSDT,BUY,LIMIT,1700926663239,11022.2,0.2252
KLAYUSDT,BUY,LIMIT,1700926718382,1440.6,0.2259
KLAYUSDT,BUY,LIMIT,1700926732520,1770.3,0.2266
KLAYUSDT,BUY,LIMIT,1700926735067,87.3,0.2269
KLAYUSDT,BUY,LIMIT,1700926831541,3162.8,0.2276
KLAYUSDT,BUY,LIMIT,1700926988092,477.0,0.2284
KLAYUSDT,BUY,LIMIT,1700926989240,3499.5,0.2284
KLAYUSDT,BUY,LIMIT,1700927092691,200000.0,0.2311
KLAYUSDT,BUY,LIMIT,1700927111920,9130.3,0.2293
KLAYUSDT,BUY,LIMIT,1700927147356,34.8,0.2298
KLAYUSDT,BUY,LIMIT,1700927164355,1611.4,0.2302
KLAYUSDT,BUY,LIMIT,1700927169360,8553.0,0.2305
KLAYUSDT,BUY,LIMIT,1700927183424,126.9,0.2308
KLAYUSDT,BUY,LIMIT,1700927204114,2208.6,0.2311
KLAYUSDT,BUY,LIMIT,1700927212304,4751.6,0.2312
KLAYUSDT,BUY,LIMIT,1700927224230,472.8,0.2316
KLAYUSDT,SELL,LIMIT,1700927407862,11576.3,0.2243
KLAYUSDT,SELL,LIMIT,1700927616106,10073.6,0.2236
KLAYUSDT,SELL,LIMIT,1700927617359,87.7,0.2234
KLAYUSDT,SELL,LIMIT,1700927833887,861.8,0.2216
KLAYUSDT,SELL,LIMIT,1700927864417,443.2,0.2212
KLAYUSDT,SELL,LIMIT,1700927900386,2876.9,0.2210
KLAYUSDT,SELL,LIMIT,1700927902390,1753.9,0.2209
KLAYUSDT,BUY,LIMIT,1700928133500,306.2,0.2285
KLAYUSDT,BUY,LIMIT,1700928135833,1084.1,0.2286
KLAYUSDT,BUY,LIMIT,1700928137374,8467.0,0.2288
KLAYUSDT,SELL,LIMIT,1700928214155,39.1,0.2217
KLAYUSDT,SELL,LIMIT,1700928349842,2678.9,0.2216
KLAYUSDT,BUY,LIMIT,1700928510755,7982.8,0.2275
KLAYUSDT,SELL,LIMIT,1700928913317,201.3,0.2187
KLAYUSDT,SELL,LIMIT,1700929047428,6111.8,0.2181
KLAYUSDT,BUY,LIMIT,1700929434332,27.2,0.2242
KLAYUSDT,SELL,LIMIT,1700929837250,825.6,0.2169
KLAYUSDT,SELL,LIMIT,1700930016315,290.3,0.2164
KLAYUSDT,SELL,LIMIT,1700930729160,51.1,0.2167
KLAYUSDT,BUY,LIMIT,1700931519505,1821.0,0.2239
KLAYUSDT,BUY,LIMIT,1700931970595,4851.5,0.2252
KLAYUSDT,BUY,LIMIT,1700932079035,379.5,0.2260
KLAYUSDT,SELL,LIMIT,1700932963541,127.6,0.2187
KLAYUSDT,BUY,LIMIT,1700935838951,410.1,0.2253
KLAYUSDT,SELL,LIMIT,1700936869293,591.7,0.2169
