Symbol,Side,Order Type,Time,Quantity,Price
KNCUSDT,BUY,LIMIT,1701931123192,5091,0.76066
KNCUSDT,BUY,LIMIT,1701933128264,1234,0.76241
KNCUSDT,SELL,LIMIT,1701940556422,1331,0.72407
KNCUSDT,SELL,LIMIT,1701940558331,133,0.72333
KNCUSDT,SELL,LIMIT,1701941180382,1160,0.71446
KNCUSDT,SELL,LIMIT,1701941181747,7216,0.71384
KNCUSDT,SELL,LIMIT,1701941185754,99,0.71381
KNCUSDT,BUY,LIMIT,1701953976590,1,0.75434
KNCUSDT,BUY,LIMIT,1701967181773,446,0.76447
KNCUSDT,SELL,LIMIT,1701974152477,13,0.73822
KNCUSDT,SELL,LIMIT,1701974249041,200,0.73727
KNCUSDT,SELL,LIMIT,1701974578185,219,0.73574
KNCUSDT,SELL,LIMIT,1701976862341,8,0.73452
KNCUSDT,BUY,LIMIT,1702008929405,1159,0.76554
KNCUSDT,SELL,LIMIT,1702012286988,640,0.73820
KNCUSDT,SELL,LIMIT,1702015995350,607,0.74313
KNCUSDT,BUY,LIMIT,1702018470541,1630,0.76104
KNCUSDT,SELL,LIMIT,1702020223415,2053,0.73346
KNCUSDT,BUY,LIMIT,1702020955128,6063,0.75656
KNCUSDT,BUY,LIMIT,1702035196092,36,0.76686
KNCUSDT,BUY,LIMIT,1702035870614,491,0.76827
KNCUSDT,BUY,LIMIT,1702037887521,1242,0.77046
KNCUSDT,BUY,LIMIT,1702039288118,11,0.77400
KNCUSDT,BUY,LIMIT,1702039610567,286,0.77584
KNCUSDT,BUY,LIMIT,1702048108127,10,0.77391
KNCUSDT,BUY,LIMIT,1702053712700,88,0.77911
KNCUSDT,BUY,LIMIT,1702064261522,700,0.77965
KNCUSDT,BUY,LIMIT,1702066020570,3173,0.78211
KNCUSDT,BUY,LIMIT,1702066329493,1493,0.78433
KNCUSDT,BUY,LIMIT,1702066503152,9,0.78499
KNCUSDT,BUY,LIMIT,1702069371339,30,0.78523
KNCUSDT,BUY,LIMIT,1702077912242,270,0.78719
KNCUSDT,BUY,LIMIT,1702080576805,15,0.79284
KNCUSDT,BUY,LIMIT,1702080645050,225,0.79343
KNCUSDT,BUY,LIMIT,1702080677249,646,0.79431
KNCUSDT,BUY,LIMIT,1702080679540,439,0.79463
KNCUSDT,BUY,LIMIT,1702081762826,221,0.79391
KNCUSDT,BUY,LIMIT,1702083126195,26,0.79362
KNCUSDT,BUY,LIMIT,1702085930146,6725,0.79542
KNCUSDT,BUY,LIMIT,1702097468352,28,0.79992
KNCUSDT,BUY,LIMIT,1702102556289,56,0.80276
KNCUSDT,BUY,LIMIT,1702107981258,26,0.80596
KNCUSDT,BUY,LIMIT,1702107984470,398,0.80596
KNCUSDT,BUY,LIMIT,1702108071031,22,0.80644
KNCUSDT,BUY,LIMIT,1702108074303,26,0.80645
KNCUSDT,BUY,LIMIT,1702108366209,26,0.80662
KNCUSDT,SELL,LIMIT,1702109566492,79,0.78030
KNCUSDT,SELL,LIMIT,1702110408701,410,0.77993
KNCUSDT,SELL,LIMIT,1702110796882,4493,0.77829
KNCUSDT,SELL,LIMIT,1702110910123,38,0.89459
KNCUSDT,SELL,LIMIT,1702110977955,945,0.76903
KNCUSDT,SELL,LIMIT,1702110993595,603,0.76602
KNCUSDT,SELL,LIMIT,1702111034086,1000,0.76457
KNCUSDT,SELL,LIMIT,1702111036122,1245,0.76423
KNCUSDT,SELL,LIMIT,1702111042718,197,0.76235
KNCUSDT,SELL,LIMIT,1702111380980,37,0.75803
KNCUSDT,SELL,LIMIT,1702111383400,126,0.75776
KNCUSDT,SELL,LIMIT,1702111385369,1598,0.75653
KNCUSDT,SELL,LIMIT,1702111387609,729,0.75530
KNCUSDT,SELL,LIMIT,1702114845038,254,0.76951
KNCUSDT,SELL,LIMIT,1702120986403,935,0.76858
KNCUSDT,SELL,LIMIT,1702122280779,190,0.76565
KNCUSDT,BUY,LIMIT,1702124798182,231,0.77449
KNCUSDT,BUY,LIMIT,1702127240478,231,0.79891
KNCUSDT,SELL,LIMIT,1702129587437,142,0.77347
KNCUSDT,SELL,LIMIT,1702133009291,380,0.77195
KNCUSDT,SELL,LIMIT,1702141852372,5513,0.76334
KNCUSDT,SELL,LIMIT,1702141860719,372,0.76172
KNCUSDT,SELL,LIMIT,1702144798086,103,0.76418
KNCUSDT,SELL,LIMIT,1702153020519,2632,0.76649
KNCUSDT,SELL,LIMIT,1702153776194,650,0.76408
KNCUSDT,SELL,LIMIT,1702164689402,2587,0.76068
KNCUSDT,SELL,LIMIT,1702164750481,6397,0.75958
KNCUSDT,SELL,LIMIT,1702164752635,18,0.75828
KNCUSDT,SELL,LIMIT,1702164792015,129,0.75755
KNCUSDT,SELL,LIMIT,1702164800987,66,0.75696
KNCUSDT,SELL,LIMIT,1702164802444,978,0.75575
KNCUSDT,SELL,LIMIT,1702164804005,816,0.75570
KNCUSDT,SELL,LIMIT,1702164808624,22,0.75482
KNCUSDT,SELL,LIMIT,1702164811421,1203,0.75503
KNCUSDT,SELL,LIMIT,1702174071443,3835,0.76199
KNCUSDT,BUY,LIMIT,1702181012276,31,0.78786
KNCUSDT,SELL,LIMIT,1702189257638,12,0.76724
KNCUSDT,SELL,LIMIT,1702196804798,1473,0.76072
KNCUSDT,SELL,LIMIT,1702198318179,2105,0.75380
KNCUSDT,SELL,LIMIT,1702198891220,33,0.75270
KNCUSDT,SELL,LIMIT,1702200218293,10161,0.74901
KNCUSDT,SELL,LIMIT,1702200252253,474,0.75170
KNCUSDT,SELL,LIMIT,1702200697467,79,0.74689
KNCUSDT,SELL,LIMIT,1702200725459,25,0.74587
KNCUSDT,SELL,LIMIT,1702200761489,43,0.74500
KNCUSDT,SELL,LIMIT,1702200772311,35,0.74389
KNCUSDT,SELL,LIMIT,1702200884951,1000,0.74359
KNCUSDT,SELL,LIMIT,1702200887474,2555,0.74319
KNCUSDT,SELL,LIMIT,1702200934162,253,0.74315
KNCUSDT,SELL,LIMIT,1702200935311,2505,0.74297
KNCUSDT,SELL,LIMIT,1702201410304,294,0.74200
KNCUSDT,SELL,LIMIT,1702201425103,607,0.74198
KNCUSDT,SELL,LIMIT,1702201427708,139,0.74197
KNCUSDT,SELL,LIMIT,1702201471877,636,0.74208
KNCUSDT,SELL,LIMIT,1702202051126,145,0.74122
KNCUSDT,SELL,LIMIT,1702202253402,63,0.74016
KNCUSDT,SELL,LIMIT,1702202260448,1056,0.74013
KNCUSDT,SELL,LIMIT,1702202261481,479,0.73970
KNCUSDT,SELL,LIMIT,1702202263234,117,0.73917
KNCUSDT,SELL,LIMIT,1702202273106,633,0.73901
KNCUSDT,SELL,LIMIT,1702202292592,506,0.73717
KNCUSDT,SELL,LIMIT,1702202297847,1630,0.73721
KNCUSDT,SELL,LIMIT,1702202323556,1535,0.73670
KNCUSDT,SELL,LIMIT,1702202370304,8,0.73581
KNCUSDT,SELL,LIMIT,1702202379900,344,0.73464
KNCUSDT,SELL,LIMIT,1702202383890,258,0.73437
KNCUSDT,SELL,LIMIT,1702202384949,821,0.73393
KNCUSDT,SELL,LIMIT,1702202387908,15,0.73356
KNCUSDT,SELL,LIMIT,1702209677864,200,0.74234
KNCUSDT,SELL,LIMIT,1702209687171,1039,0.74213
KNCUSDT,BUY,LIMIT,1702219778084,980,0.77740
KNCUSDT,SELL,LIMIT,1702229854982,60,0.74736
KNCUSDT,SELL,LIMIT,1702230170863,6548,0.74634
KNCUSDT,SELL,LIMIT,1702230591950,16,0.74439
KNCUSDT,BUY,LIMIT,1702240614457,8,0.78355
KNCUSDT,SELL,LIMIT,1702256318430,4607,0.74885
KNCUSDT,SELL,LIMIT,1702256326171,7,0.74834
KNCUSDT,SELL,LIMIT,1702256503187,7,0.74596
KNCUSDT,SELL,LIMIT,1702256558620,2934,0.74508
KNCUSDT,SELL,LIMIT,1702256560730,1546,0.74504
KNCUSDT,SELL,LIMIT,1702256620212,98,0.74245
KNCUSDT,SELL,LIMIT,1702256752408,58,0.74074
KNCUSDT,SELL,LIMIT,1702256913554,698,0.73922
KNCUSDT,SELL,LIMIT,1702256915457,843,0.73845
KNCUSDT,SELL,LIMIT,1702256917248,159,0.73702
KNCUSDT,SELL,LIMIT,1702256978355,384,0.73651
KNCUSDT,SELL,LIMIT,1702256983154,2961,0.73591
KNCUSDT,SELL,LIMIT,1702260290713,181,0.73828
KNCUSDT,SELL,LIMIT,1702260434748,2597,0.73387
KNCUSDT,SELL,LIMIT,1702260439933,64,0.73299
KNCUSDT,SELL,LIMIT,1702260441256,51,0.73252
KNCUSDT,SELL,LIMIT,1702260627968,6490,0.73050
KNCUSDT,SELL,LIMIT,1702260629233,39,0.72958
KNCUSDT,SELL,LIMIT,1702260630985,380,0.72912
KNCUSDT,SELL,LIMIT,1702260632620,1187,0.72635
KNCUSDT,SELL,LIMIT,1702260634513,1954,0.72497
KNCUSDT,SELL,LIMIT,1702260637348,634,0.72549
KNCUSDT,SELL,LIMIT,1702260694610,127,0.72466
KNCUSDT,SELL,LIMIT,1702260696268,55,0.72450
KNCUSDT,SELL,LIMIT,1702260698154,81,0.72360
KNCUSDT,SELL,LIMIT,1702260699200,356,0.72442
KNCUSDT,SELL,LIMIT,1702260707316,516,0.72260
KNCUSDT,SELL,LIMIT,1702260709201,2114,0.72253
KNCUSDT,SELL,LIMIT,1702260710287,24,0.72228
KNCUSDT,SELL,LIMIT,1702260711570,315,0.72230
KNCUSDT,SELL,LIMIT,1702260714340,2661,0.72128
KNCUSDT,SELL,LIMIT,1702260715448,778,0.72129
KNCUSDT,SELL,LIMIT,1702260716805,8,0.72130
KNCUSDT,SELL,LIMIT,1702260717809,31,0.72112
KNCUSDT,SELL,LIMIT,1702260718887,2660,0.71928
KNCUSDT,SELL,LIMIT,1702260720157,190,0.71919
KNCUSDT,SELL,LIMIT,1702260724490,2557,0.71894
KNCUSDT,SELL,LIMIT,1702260727716,20,0.71880
KNCUSDT,SELL,LIMIT,1702260729841,260,0.71803
KNCUSDT,SELL,LIMIT,1702260730848,1916,0.71734
KNCUSDT,SELL,LIMIT,1702260731920,2031,0.71734
KNCUSDT,SELL,LIMIT,1702260732952,169,0.71725
KNCUSDT,SELL,LIMIT,1702260734282,813,0.71654
KNCUSDT,SELL,LIMIT,1702260735442,21,0.72207
KNCUSDT,SELL,LIMIT,1702260736475,66,0.71611
KNCUSDT,SELL,LIMIT,1702260737642,13,0.71613
KNCUSDT,SELL,LIMIT,1702260738725,1040,0.71524
KNCUSDT,SELL,LIMIT,1702260740124,665,0.71458
KNCUSDT,SELL,LIMIT,1702260741552,855,0.71397
KNCUSDT,SELL,LIMIT,1702260742876,11313,0.71114
KNCUSDT,SELL,LIMIT,1702260744864,11290,0.71067
KNCUSDT,SELL,LIMIT,1702260746885,555,0.71270
KNCUSDT,SELL,LIMIT,1702260747910,545,0.71199
KNCUSDT,SELL,LIMIT,1702260749139,280,0.71088
KNCUSDT,SELL,LIMIT,1702260750883,62,0.70874
KNCUSDT,SELL,LIMIT,1702260752822,115,0.70966
KNCUSDT,SELL,LIMIT,1702260754032,541,0.70780
KNCUSDT,SELL,LIMIT,1702260755146,497,0.70641
KNCUSDT,SELL,LIMIT,1702260756234,237,0.70629
KNCUSDT,SELL,LIMIT,1702260757466,682,0.70434
KNCUSDT,SELL,LIMIT,1702260758753,117,0.70343
KNCUSDT,SELL,LIMIT,1702260759825,542,0.70284
KNCUSDT,SELL,LIMIT,1702260760917,61,0.70019
KNCUSDT,SELL,LIMIT,1702260762145,136,0.70019
KNCUSDT,SELL,LIMIT,1702260763642,318,0.69828
KNCUSDT,SELL,LIMIT,1702260764923,11823,0.69609
KNCUSDT,SELL,LIMIT,1702260766289,25684,0.69162
KNCUSDT,SELL,LIMIT,1702260767541,17815,0.69231
KNCUSDT,SELL,LIMIT,1702260768637,10,0.69487
KNCUSDT,SELL,LIMIT,1702260769603,634,0.69236
KNCUSDT,SELL,LIMIT,1702260770876,2361,0.69236
KNCUSDT,SELL,LIMIT,1702260771885,78,0.68972
KNCUSDT,SELL,LIMIT,1702260772892,18,0.68874
KNCUSDT,SELL,LIMIT,1702260774405,71,0.68692
KNCUSDT,SELL,LIMIT,1702260775512,162,0.68463
KNCUSDT,SELL,LIMIT,1702260776664,98,0.69465
KNCUSDT,SELL,LIMIT,1702260777749,62,0.68607
KNCUSDT,SELL,LIMIT,1702260778895,263,0.68431
KNCUSDT,SELL,LIMIT,1702260780274,1702,0.67851
KNCUSDT,SELL,LIMIT,1702260781320,943,0.68088
KNCUSDT,SELL,LIMIT,1702260782596,308,0.67689
KNCUSDT,SELL,LIMIT,1702260783714,10,0.67403
KNCUSDT,SELL,LIMIT,1702260784716,58,0.67336
KNCUSDT,SELL,LIMIT,1702260785750,26034,0.66860
KNCUSDT,SELL,LIMIT,1702260787430,144,0.67211
KNCUSDT,SELL,LIMIT,1702260788910,649,0.67106
KNCUSDT,SELL,LIMIT,1702260789962,81,0.66979
KNCUSDT,SELL,LIMIT,1702260791414,214,0.66950
KNCUSDT,SELL,LIMIT,1702260792519,69,0.66514
KNCUSDT,SELL,LIMIT,1702260793597,4250,0.66430
KNCUSDT,SELL,LIMIT,1702260795285,6,0.66128
KNCUSDT,SELL,LIMIT,1702260796289,20,0.65902
KNCUSDT,SELL,LIMIT,1702260798217,327,0.65865
KNCUSDT,SELL,LIMIT,1702260799513,3500,0.65719
KNCUSDT,SELL,LIMIT,1702260800811,2019,0.65932
KNCUSDT,SELL,LIMIT,1702260802214,393,0.65851
KNCUSDT,SELL,LIMIT,1702260803298,1020,0.65716
KNCUSDT,SELL,LIMIT,1702260804374,100,0.65671
KNCUSDT,SELL,LIMIT,1702260805992,2886,0.65509
KNCUSDT,SELL,LIMIT,1702260807309,38,0.65502
KNCUSDT,SELL,LIMIT,1702260808383,13,0.65319
KNCUSDT,SELL,LIMIT,1702260810496,248,0.64960
KNCUSDT,SELL,LIMIT,1702260812082,6418,0.64933
KNCUSDT,SELL,LIMIT,1702260813264,1359,0.64947
KNCUSDT,SELL,LIMIT,1702260814431,36,0.64756
KNCUSDT,SELL,LIMIT,1702260818449,56,0.64773
KNCUSDT,BUY,LIMIT,1702260842457,490,0.68370
KNCUSDT,BUY,LIMIT,1702260871885,39,0.69757
KNCUSDT,BUY,LIMIT,1702260902736,381,0.70224
KNCUSDT,SELL,LIMIT,1702263960911,78,0.69991
