Symbol,Side,Order Type,Time,Quantity,Price
KSMUSDT,SELL,LIMIT,1701067696055,50.5,24.100
KSMUSDT,SELL,LIMIT,1701067839247,101.8,24.044
KSMUSDT,SELL,LIMIT,1701068173468,97.4,23.867
KSMUSDT,SELL,LIMIT,1701068196520,9.6,23.854
KSMUSDT,SELL,LIMIT,1701068286211,7.2,23.842
KSMUSDT,BUY,LIMIT,1701068965298,5.7,24.698
KSMUSDT,BUY,LIMIT,1701068996072,5.3,24.468
KSMUSDT,BUY,LIMIT,1701068997259,3.8,24.400
KSMUSDT,BUY,LIMIT,1701069011600,7.7,24.752
KSMUSDT,BUY,LIMIT,1701069030444,3.8,24.746
KSMUSDT,SELL,LIMIT,1701069639669,171.3,23.822
KSMUSDT,SELL,LIMIT,1701069802231,30.7,23.798
KSMUSDT,SELL,LIMIT,1701069807841,300.0,23.694
KSMUSDT,SELL,LIMIT,1701069810094,81.5,23.758
KSMUSDT,SELL,LIMIT,1701069855074,15.9,23.750
KSMUSDT,SELL,LIMIT,1701069857189,8.6,23.749
KSMUSDT,SELL,LIMIT,1701069880636,1.5,23.731
KSMUSDT,SELL,LIMIT,1701069882437,62.2,23.721
KSMUSDT,SELL,LIMIT,1701069886345,105.2,23.696
KSMUSDT,SELL,LIMIT,1701070110296,32.0,23.688
KSMUSDT,SELL,LIMIT,1701070168799,3.9,23.673
KSMUSDT,SELL,LIMIT,1701070171566,76.7,23.667
KSMUSDT,SELL,LIMIT,1701070175229,76.6,23.658
KSMUSDT,SELL,LIMIT,1701070439242,39.6,23.675
KSMUSDT,SELL,LIMIT,1701070442105,0.3,23.668
KSMUSDT,SELL,LIMIT,1701070443441,10.9,23.688
KSMUSDT,SELL,LIMIT,1701080530493,3.0,23.699
KSMUSDT,SELL,LIMIT,1701081436072,3.3,23.548
KSMUSDT,SELL,LIMIT,1701081450172,1.4,23.517
KSMUSDT,SELL,LIMIT,1701082690154,2.7,23.492
KSMUSDT,SELL,LIMIT,1701082692210,5.7,23.468
KSMUSDT,SELL,LIMIT,1701082695757,10.8,23.466
KSMUSDT,SELL,LIMIT,1701082701901,0.2,23.474
KSMUSDT,SELL,LIMIT,1701084931252,1.8,23.440
KSMUSDT,SELL,LIMIT,1701084932314,5.0,23.441
KSMUSDT,SELL,LIMIT,1701089992507,8.5,23.399
KSMUSDT,SELL,LIMIT,1701089994760,7.8,23.391
KSMUSDT,SELL,LIMIT,1701090130054,1.7,23.374
KSMUSDT,SELL,LIMIT,1701096720765,41.3,23.628
KSMUSDT,SELL,LIMIT,1701097099732,7.5,23.511
KSMUSDT,SELL,LIMIT,1701097103644,6.3,23.510
KSMUSDT,BUY,LIMIT,1701098330295,4.1,24.589
KSMUSDT,SELL,LIMIT,1701100530589,0.3,23.542
KSMUSDT,SELL,LIMIT,1701100641923,1.1,23.454
KSMUSDT,SELL,LIMIT,1701100805081,4.2,23.420
KSMUSDT,SELL,LIMIT,1701112159192,4.1,23.655
KSMUSDT,SELL,LIMIT,1701114352849,0.6,23.586
KSMUSDT,SELL,LIMIT,1701114463769,0.3,23.524
KSMUSDT,SELL,LIMIT,1701114468250,206.4,23.530
KSMUSDT,SELL,LIMIT,1701114471540,2.5,23.503
KSMUSDT,SELL,LIMIT,1701114494237,9.4,23.457
KSMUSDT,SELL,LIMIT,1701114500017,11.0,23.437
KSMUSDT,BUY,LIMIT,1701123160285,5.8,24.471
KSMUSDT,SELL,LIMIT,1701124765384,6.5,23.765
KSMUSDT,SELL,LIMIT,1701137432024,66.3,23.828
KSMUSDT,SELL,LIMIT,1701146760972,4.2,23.873
KSMUSDT,SELL,LIMIT,1701148009181,8.3,23.732
KSMUSDT,SELL,LIMIT,1701148134152,39.5,23.683
KSMUSDT,SELL,LIMIT,1701148984044,175.9,23.595
KSMUSDT,SELL,LIMIT,1701149111721,49.8,23.591
KSMUSDT,SELL,LIMIT,1701149753139,1.0,23.489
KSMUSDT,SELL,LIMIT,1701149854134,193.0,23.412
KSMUSDT,SELL,LIMIT,1701149888286,0.9,23.411
KSMUSDT,SELL,LIMIT,1701185916188,7.0,23.697
KSMUSDT,SELL,LIMIT,1701211942195,2.3,23.928
KSMUSDT,SELL,LIMIT,1701244671278,0.9,24.202
KSMUSDT,BUY,LIMIT,1701247042315,1.8,25.154
KSMUSDT,BUY,LIMIT,1701247359926,2.0,25.222
KSMUSDT,SELL,LIMIT,1701253416862,4.0,24.251
KSMUSDT,SELL,LIMIT,1701253527933,29.5,24.197
KSMUSDT,SELL,LIMIT,1701259465242,23.7,24.285
KSMUSDT,SELL,LIMIT,1701268391399,0.5,23.851
KSMUSDT,SELL,LIMIT,1701269157616,101.5,23.844
KSMUSDT,SELL,LIMIT,1701270614365,128.1,23.676
KSMUSDT,SELL,LIMIT,1701270919594,1.8,23.637
KSMUSDT,SELL,LIMIT,1701275611887,8.8,23.563
KSMUSDT,SELL,LIMIT,1701275841338,6.5,23.528
KSMUSDT,SELL,LIMIT,1701275843179,78.6,23.524
KSMUSDT,SELL,LIMIT,1701288287798,0.2,23.761
KSMUSDT,SELL,LIMIT,1701290025232,1.0,23.634
KSMUSDT,SELL,LIMIT,1701335320340,6.4,23.846
KSMUSDT,BUY,LIMIT,1701339391581,0.2,24.705
KSMUSDT,BUY,LIMIT,1701357738885,0.5,24.886
KSMUSDT,BUY,LIMIT,1701359090291,37.2,25.132
KSMUSDT,BUY,LIMIT,1701359740135,7.1,25.322
KSMUSDT,BUY,LIMIT,1701360742147,126.9,25.508
KSMUSDT,BUY,LIMIT,1701360744329,6.6,25.516
KSMUSDT,BUY,LIMIT,1701360781635,0.8,25.591
KSMUSDT,BUY,LIMIT,1701360829704,781.2,25.864
KSMUSDT,SELL,LIMIT,1701361038522,18.5,24.780
KSMUSDT,SELL,LIMIT,1701361095884,2.9,24.464
KSMUSDT,SELL,LIMIT,1701363621827,6.1,24.616
KSMUSDT,BUY,LIMIT,1701373276326,3.2,25.756
KSMUSDT,SELL,LIMIT,1701378474165,2.4,24.825
KSMUSDT,BUY,LIMIT,1701381256300,92.4,25.786
KSMUSDT,BUY,LIMIT,1701381330699,2.1,25.814
KSMUSDT,BUY,LIMIT,1701381334342,3.4,25.825
KSMUSDT,BUY,LIMIT,1701381472036,174.6,25.833
KSMUSDT,BUY,LIMIT,1701382285468,0.6,25.901
KSMUSDT,SELL,LIMIT,1701385382034,1.7,24.937
KSMUSDT,BUY,LIMIT,1701386675356,3.8,25.987
KSMUSDT,BUY,LIMIT,1701387727271,0.8,26.105
KSMUSDT,BUY,LIMIT,1701387875385,0.3,26.198
KSMUSDT,BUY,LIMIT,1701389086218,1.7,26.321
KSMUSDT,BUY,LIMIT,1701389136551,0.2,26.326
KSMUSDT,BUY,LIMIT,1701389150321,16.3,26.390
KSMUSDT,BUY,LIMIT,1701389220235,34.2,26.435
KSMUSDT,BUY,LIMIT,1701389228166,13.4,26.454
KSMUSDT,SELL,LIMIT,1701389290661,71.5,25.525
KSMUSDT,SELL,LIMIT,1701389346523,0.8,25.400
KSMUSDT,SELL,LIMIT,1701389348136,19.7,25.331
KSMUSDT,SELL,LIMIT,1701389812336,5.7,25.154
KSMUSDT,SELL,LIMIT,1701390484214,1.8,25.095
KSMUSDT,SELL,LIMIT,1701391630634,182.4,24.979
KSMUSDT,SELL,LIMIT,1701391650261,14.5,24.973
KSMUSDT,SELL,LIMIT,1701391666856,9.8,24.847
KSMUSDT,BUY,LIMIT,1701393526115,2.3,25.679
KSMUSDT,BUY,LIMIT,1701393605136,12.3,25.675
KSMUSDT,BUY,LIMIT,1701398095143,4.5,25.659
KSMUSDT,BUY,LIMIT,1701404893470,2.0,25.608
KSMUSDT,BUY,LIMIT,1701405678556,3.6,25.719
KSMUSDT,SELL,LIMIT,1701409772061,1.4,24.776
KSMUSDT,SELL,LIMIT,1701409824649,14.5,24.769
KSMUSDT,SELL,LIMIT,1701409843071,58.4,24.757
KSMUSDT,BUY,LIMIT,1701424847580,99.4,25.905
KSMUSDT,SELL,LIMIT,1701424849425,25.3,25.165
