Symbol,Side,Order Type,Time,Quantity,Price
LDOUSDT,BUY,LIMIT,1701923297452,209,2.313920
LDOUSDT,BUY,LIMIT,1701923853865,26,2.315668
LDOUSDT,SELL,LIMIT,1701936966817,463,2.279656
LDOUSDT,SELL,LIMIT,1701939407189,167,2.266834
LDOUSDT,SELL,LIMIT,1701939576175,65,2.261093
LDOUSDT,SELL,LIMIT,1701940004790,215,2.257662
LDOUSDT,SELL,LIMIT,1701940027182,152,2.254409
LDOUSDT,SELL,LIMIT,1701940558883,91,2.249836
LDOUSDT,SELL,LIMIT,1701940568857,128,2.245256
LDOUSDT,SELL,LIMIT,1701941034676,207,2.243862
LDOUSDT,SELL,LIMIT,1701941093276,64,2.238420
LDOUSDT,SELL,LIMIT,1701941110681,176,2.238084
LDOUSDT,SELL,LIMIT,1701941150635,2210,2.237223
LDOUSDT,SELL,LIMIT,1701941152307,3768,2.232639
LDOUSDT,SELL,LIMIT,1701941153409,40,2.236826
LDOUSDT,SELL,LIMIT,1701941154573,2432,2.235035
LDOUSDT,SELL,LIMIT,1701941158105,1844,2.234169
LDOUSDT,SELL,LIMIT,1701941160716,215,2.232799
LDOUSDT,SELL,LIMIT,1701941171198,73,2.231612
LDOUSDT,SELL,LIMIT,1701941176066,22,2.230206
LDOUSDT,SELL,LIMIT,1701941180066,700,2.229109
LDOUSDT,SELL,LIMIT,1701941182900,85,2.228526
LDOUSDT,SELL,LIMIT,1701941184379,50,2.226985
LDOUSDT,SELL,LIMIT,1701941186138,405,2.225160
LDOUSDT,SELL,LIMIT,1701941187149,11,2.221870
LDOUSDT,SELL,LIMIT,1701941188271,168,2.221746
LDOUSDT,SELL,LIMIT,1701941189481,45,2.220922
LDOUSDT,SELL,LIMIT,1701941191034,56,2.220413
LDOUSDT,SELL,LIMIT,1701941208356,3,2.245707
LDOUSDT,SELL,LIMIT,1701941236186,2181,2.221446
LDOUSDT,SELL,LIMIT,1701941237623,238,2.219249
LDOUSDT,SELL,LIMIT,1701941247145,489,2.217416
LDOUSDT,SELL,LIMIT,1701946477782,298,2.244553
LDOUSDT,SELL,LIMIT,1701949385083,26,2.233877
LDOUSDT,BUY,LIMIT,1701953976591,1,2.292566
LDOUSDT,BUY,LIMIT,1701961405206,496,2.293093
LDOUSDT,BUY,LIMIT,1701961755470,136,2.305423
LDOUSDT,BUY,LIMIT,1701962453267,40,2.325147
LDOUSDT,BUY,LIMIT,1701962494056,2218,2.334337
LDOUSDT,BUY,LIMIT,1701962502297,178,2.335332
LDOUSDT,BUY,LIMIT,1701962539004,437,2.345768
LDOUSDT,BUY,LIMIT,1701962570108,36,2.358009
LDOUSDT,BUY,LIMIT,1701962647640,491,2.363395
LDOUSDT,BUY,LIMIT,1701962694495,36,2.366412
LDOUSDT,BUY,LIMIT,1701962816672,68,2.374375
LDOUSDT,BUY,LIMIT,1701962832058,18,2.378275
LDOUSDT,BUY,LIMIT,1701962843431,34,2.384197
LDOUSDT,BUY,LIMIT,1701962904151,458,2.392032
LDOUSDT,BUY,LIMIT,1701963050107,1085,2.398388
LDOUSDT,BUY,LIMIT,1701963088243,7,2.402387
LDOUSDT,BUY,LIMIT,1701963109150,927,2.403527
LDOUSDT,BUY,LIMIT,1701963269758,7792,2.422475
LDOUSDT,BUY,LIMIT,1701963736160,60,2.420564
LDOUSDT,BUY,LIMIT,1701965300093,153,2.435610
LDOUSDT,BUY,LIMIT,1701965301873,433,2.437144
LDOUSDT,BUY,LIMIT,1701965304024,3,2.439230
LDOUSDT,BUY,LIMIT,1701965306736,128,2.440500
LDOUSDT,BUY,LIMIT,1701965313950,540,2.442682
LDOUSDT,BUY,LIMIT,1701965326920,526,2.446487
LDOUSDT,BUY,LIMIT,1701965343069,9,2.447331
LDOUSDT,BUY,LIMIT,1701965344080,81,2.449366
LDOUSDT,BUY,LIMIT,1701965345123,30,2.449265
LDOUSDT,BUY,LIMIT,1701965352984,83,2.453454
LDOUSDT,BUY,LIMIT,1701965360629,366,2.456615
LDOUSDT,BUY,LIMIT,1701965561509,534,2.467330
LDOUSDT,BUY,LIMIT,1701965563405,31,2.469360
LDOUSDT,BUY,LIMIT,1701965596443,170,2.470583
LDOUSDT,BUY,LIMIT,1701965599143,3,2.472004
LDOUSDT,BUY,LIMIT,1701965624987,17,2.475761
LDOUSDT,BUY,LIMIT,1701966104015,2631,2.467229
LDOUSDT,BUY,LIMIT,1701966770257,66,2.481796
LDOUSDT,BUY,LIMIT,1701966799953,8,2.482556
LDOUSDT,BUY,LIMIT,1701966876266,104,2.488165
LDOUSDT,BUY,LIMIT,1701966884239,8,2.488497
LDOUSDT,BUY,LIMIT,1701967242291,12,2.490752
LDOUSDT,BUY,LIMIT,1701968152872,81,2.478921
LDOUSDT,BUY,LIMIT,1701968404061,339,2.491459
LDOUSDT,BUY,LIMIT,1701968431334,3179,2.496343
LDOUSDT,BUY,LIMIT,1701968597191,101,2.494809
LDOUSDT,BUY,LIMIT,1701968601699,69,2.500900
LDOUSDT,BUY,LIMIT,1701968693326,18,2.502393
LDOUSDT,BUY,LIMIT,1701968698414,916,2.508086
LDOUSDT,BUY,LIMIT,1701968729606,7,2.510760
LDOUSDT,BUY,LIMIT,1701968762371,18,2.514730
LDOUSDT,BUY,LIMIT,1701968778547,4,2.518794
LDOUSDT,BUY,LIMIT,1701968785978,305,2.519255
LDOUSDT,SELL,LIMIT,1701968952564,53,2.448298
LDOUSDT,BUY,LIMIT,1701969389924,119,2.500274
LDOUSDT,BUY,LIMIT,1701969438563,3493,2.520553
LDOUSDT,BUY,LIMIT,1701969852517,20,2.521353
LDOUSDT,BUY,LIMIT,1701969906184,60,2.523094
LDOUSDT,BUY,LIMIT,1701969909996,486,2.524749
LDOUSDT,BUY,LIMIT,1701969945451,15,2.527388
LDOUSDT,BUY,LIMIT,1701969955053,1011,2.528553
LDOUSDT,BUY,LIMIT,1701969998508,235,2.533150
LDOUSDT,BUY,LIMIT,1701970010284,103,2.535267
LDOUSDT,BUY,LIMIT,1701970014661,20018,2.546388
LDOUSDT,BUY,LIMIT,1701970058083,4,2.539302
LDOUSDT,BUY,LIMIT,1701970064487,61,2.542715
LDOUSDT,BUY,LIMIT,1701970085254,14,2.549613
LDOUSDT,BUY,LIMIT,1701970086321,1985,2.551014
LDOUSDT,BUY,LIMIT,1701970107814,482,2.554937
LDOUSDT,BUY,LIMIT,1701970137659,3,2.561008
LDOUSDT,BUY,LIMIT,1701970155334,3,2.565336
LDOUSDT,BUY,LIMIT,1701970177693,29,2.578650
LDOUSDT,BUY,LIMIT,1701970181100,2706,2.585678
LDOUSDT,BUY,LIMIT,1701970197223,555,2.584438
LDOUSDT,BUY,LIMIT,1701970200274,14,2.586902
LDOUSDT,BUY,LIMIT,1701970201490,22,2.585132
LDOUSDT,BUY,LIMIT,1701970208466,75,2.588037
LDOUSDT,BUY,LIMIT,1701970211859,709,2.589675
LDOUSDT,SELL,LIMIT,1701970984956,5,2.517373
LDOUSDT,SELL,LIMIT,1701971001404,282,2.514803
LDOUSDT,SELL,LIMIT,1701971044304,16,2.505375
LDOUSDT,SELL,LIMIT,1701971061936,909,2.503247
LDOUSDT,SELL,LIMIT,1701972199065,196,2.496991
LDOUSDT,BUY,LIMIT,1701973446433,122,2.556070
LDOUSDT,BUY,LIMIT,1701973915786,187,2.567051
LDOUSDT,BUY,LIMIT,1701974955383,499,2.573734
LDOUSDT,SELL,LIMIT,1701975733017,195,2.509578
LDOUSDT,SELL,LIMIT,1701975734841,38,2.508956
LDOUSDT,SELL,LIMIT,1701976053127,44,2.498319
LDOUSDT,SELL,LIMIT,1701976573699,210,2.494591
LDOUSDT,SELL,LIMIT,1701976686087,157,2.480006
LDOUSDT,SELL,LIMIT,1701976687418,5,2.478244
LDOUSDT,SELL,LIMIT,1701976829167,42,2.476902
LDOUSDT,SELL,LIMIT,1701977094660,126,2.473435
LDOUSDT,SELL,LIMIT,1701977145635,1797,2.465618
LDOUSDT,SELL,LIMIT,1701977147822,468,2.464322
LDOUSDT,SELL,LIMIT,1701977221821,1178,2.460130
LDOUSDT,SELL,LIMIT,1701977294433,49,2.454855
LDOUSDT,SELL,LIMIT,1701977295825,289,2.463076
LDOUSDT,SELL,LIMIT,1701977297387,6604,2.443936
LDOUSDT,BUY,LIMIT,1701983926415,152,2.531049
LDOUSDT,BUY,LIMIT,1701984235973,717,2.538182
LDOUSDT,BUY,LIMIT,1701984778245,406,2.558871
LDOUSDT,BUY,LIMIT,1701986973219,90,2.551320
LDOUSDT,BUY,LIMIT,1701994338588,1979,2.518166
LDOUSDT,SELL,LIMIT,1701997371075,610,2.469109
LDOUSDT,SELL,LIMIT,1701997645365,776,2.464789
LDOUSDT,SELL,LIMIT,1701997710287,153,2.459815
LDOUSDT,SELL,LIMIT,1701997753085,127,2.454609
LDOUSDT,SELL,LIMIT,1701997765380,217,2.452629
LDOUSDT,SELL,LIMIT,1702000643162,43,2.435868
LDOUSDT,SELL,LIMIT,1702000698367,275,2.433691
LDOUSDT,SELL,LIMIT,1702000752679,90,2.433187
LDOUSDT,SELL,LIMIT,1702002716356,667,2.435599
LDOUSDT,SELL,LIMIT,1702002891687,121,2.430140
LDOUSDT,SELL,LIMIT,1702002894203,23,2.429211
LDOUSDT,SELL,LIMIT,1702002900995,39,2.428753
LDOUSDT,SELL,LIMIT,1702002975100,75,2.426795
LDOUSDT,SELL,LIMIT,1702003669733,84,2.435301
LDOUSDT,SELL,LIMIT,1702004937692,409,2.423898
LDOUSDT,BUY,LIMIT,1702007154540,12,2.482147
LDOUSDT,BUY,LIMIT,1702008179369,3,2.484482
LDOUSDT,BUY,LIMIT,1702017128241,419,2.486576
LDOUSDT,SELL,LIMIT,1702017537784,106,2.453846
LDOUSDT,SELL,LIMIT,1702020530518,6,2.423571
LDOUSDT,SELL,LIMIT,1702020665468,19,2.417903
LDOUSDT,SELL,LIMIT,1702020671337,11,2.416222
LDOUSDT,SELL,LIMIT,1702023514490,7,2.412416
LDOUSDT,SELL,LIMIT,1702025825373,88,2.403885
LDOUSDT,BUY,LIMIT,1702035174241,5215,2.472367
LDOUSDT,BUY,LIMIT,1702036083674,7,2.477761
LDOUSDT,BUY,LIMIT,1702039393164,39,2.467838
LDOUSDT,SELL,LIMIT,1702040670233,1645,2.415458
LDOUSDT,SELL,LIMIT,1702040869859,608,2.413145
LDOUSDT,SELL,LIMIT,1702042238565,2035,2.410646
LDOUSDT,SELL,LIMIT,1702042240606,85,2.407240
LDOUSDT,SELL,LIMIT,1702042247950,305,2.406096
LDOUSDT,SELL,LIMIT,1702044411580,119,2.404993
LDOUSDT,SELL,LIMIT,1702044514391,774,2.398551
LDOUSDT,BUY,LIMIT,1702046366480,17,2.461698
LDOUSDT,SELL,LIMIT,1702047052877,3,2.429635
LDOUSDT,BUY,LIMIT,1702047820107,2059,2.475093
LDOUSDT,SELL,LIMIT,1702048155944,11827,2.430238
LDOUSDT,SELL,LIMIT,1702050826309,639,2.408906
LDOUSDT,BUY,LIMIT,1702052161449,20,2.456086
LDOUSDT,SELL,LIMIT,1702055477783,257,2.400532
LDOUSDT,SELL,LIMIT,1702055755266,158,2.398093
LDOUSDT,SELL,LIMIT,1702055758092,359,2.395357
LDOUSDT,SELL,LIMIT,1702055760793,2406,2.393470
LDOUSDT,SELL,LIMIT,1702055762231,1626,2.393399
LDOUSDT,SELL,LIMIT,1702056262161,1304,2.390780
LDOUSDT,SELL,LIMIT,1702065532346,25,2.429138
LDOUSDT,BUY,LIMIT,1702068238866,145,2.463899
LDOUSDT,BUY,LIMIT,1702070663071,20,2.458538
LDOUSDT,BUY,LIMIT,1702072654019,10,2.465791
LDOUSDT,SELL,LIMIT,1702072954524,36,2.432369
LDOUSDT,BUY,LIMIT,1702078182357,424,2.464197
LDOUSDT,BUY,LIMIT,1702080103613,32,2.468093
LDOUSDT,BUY,LIMIT,1702080420735,73,2.471475
LDOUSDT,BUY,LIMIT,1702081245323,397,2.470931
LDOUSDT,BUY,LIMIT,1702081529720,79,2.475061
LDOUSDT,BUY,LIMIT,1702081699371,107,2.481690
LDOUSDT,BUY,LIMIT,1702081771538,63,2.484286
LDOUSDT,BUY,LIMIT,1702082012346,4,2.481500
LDOUSDT,SELL,LIMIT,1702082043345,73,2.459183
LDOUSDT,BUY,LIMIT,1702084089255,7,2.455085
LDOUSDT,SELL,LIMIT,1702084179479,20,2.418294
LDOUSDT,SELL,LIMIT,1702084182068,8,2.417991
LDOUSDT,BUY,LIMIT,1702097513398,28,2.499824
LDOUSDT,BUY,LIMIT,1702097563263,698,2.501289
LDOUSDT,BUY,LIMIT,1702098053046,3,2.503324
LDOUSDT,BUY,LIMIT,1702099911923,73,2.509515
LDOUSDT,BUY,LIMIT,1702100377403,6,2.510440
LDOUSDT,BUY,LIMIT,1702101801758,269,2.515185
LDOUSDT,BUY,LIMIT,1702109244833,77,2.544978
LDOUSDT,BUY,LIMIT,1702109252957,391,2.547129
LDOUSDT,BUY,LIMIT,1702109420255,803,2.549155
LDOUSDT,BUY,LIMIT,1702109780750,4,2.539796
LDOUSDT,BUY,LIMIT,1702109986562,45,2.528924
LDOUSDT,BUY,LIMIT,1702110258258,204,2.546019
LDOUSDT,BUY,LIMIT,1702110308351,6,2.553007
LDOUSDT,SELL,LIMIT,1702110968881,208,2.483547
LDOUSDT,SELL,LIMIT,1702110973723,1259,2.478250
LDOUSDT,SELL,LIMIT,1702110977171,101,2.475856
LDOUSDT,SELL,LIMIT,1702110979359,1546,2.475763
LDOUSDT,SELL,LIMIT,1702110993145,60,2.468847
LDOUSDT,SELL,LIMIT,1702111044209,1634,2.453385
LDOUSDT,SELL,LIMIT,1702111045487,396,2.450324
LDOUSDT,SELL,LIMIT,1702111067547,795,2.447034
LDOUSDT,SELL,LIMIT,1702111371807,4150,2.427178
LDOUSDT,SELL,LIMIT,1702111373262,47,2.427341
LDOUSDT,SELL,LIMIT,1702111374505,1559,2.427222
LDOUSDT,SELL,LIMIT,1702111378348,5160,2.417828
LDOUSDT,SELL,LIMIT,1702111380319,45,2.422050
LDOUSDT,SELL,LIMIT,1702111381362,916,2.421061
LDOUSDT,SELL,LIMIT,1702111383884,28,2.420659
LDOUSDT,SELL,LIMIT,1702111385197,2022,2.419079
LDOUSDT,SELL,LIMIT,1702111386281,47,2.416980
LDOUSDT,SELL,LIMIT,1702111387285,20,2.418765
LDOUSDT,SELL,LIMIT,1702115081064,1884,2.429933
LDOUSDT,SELL,LIMIT,1702117677925,70,2.420507
LDOUSDT,SELL,LIMIT,1702128687632,592,2.404500
LDOUSDT,SELL,LIMIT,1702132674210,23,2.401252
LDOUSDT,SELL,LIMIT,1702132826875,204,2.394887
LDOUSDT,SELL,LIMIT,1702132828686,64,2.393866
LDOUSDT,SELL,LIMIT,1702132864429,45,2.392506
LDOUSDT,SELL,LIMIT,1702132938030,284,2.390613
LDOUSDT,SELL,LIMIT,1702133001508,151,2.381404
LDOUSDT,SELL,LIMIT,1702133002595,2396,2.377009
LDOUSDT,SELL,LIMIT,1702133003634,50,2.375076
LDOUSDT,SELL,LIMIT,1702133005525,557,2.372348
LDOUSDT,SELL,LIMIT,1702133007673,2,2.369882
