Symbol,Side,Order Type,Time,Quantity,Price
LDOUSDT,SELL,LIMIT,1701067861787,61,2.393155
LDOUSDT,SELL,LIMIT,1701068151472,138,2.390069
LDOUSDT,SELL,LIMIT,1701068164235,662,2.388924
LDOUSDT,SELL,LIMIT,1701068167604,14,2.388412
LDOUSDT,SELL,LIMIT,1701068336285,69,2.387987
LDOUSDT,SELL,LIMIT,1701068803422,56,2.385671
LDOUSDT,SELL,LIMIT,1701068810046,22,2.384424
LDOUSDT,SELL,LIMIT,1701068838358,950,2.383200
LDOUSDT,SELL,LIMIT,1701068844161,100,2.383456
LDOUSDT,SELL,LIMIT,1701068871089,237,2.380071
LDOUSDT,SELL,LIMIT,1701068872162,82,2.378160
LDOUSDT,SELL,LIMIT,1701068873180,75,2.378964
LDOUSDT,SELL,LIMIT,1701068876447,1117,2.377559
LDOUSDT,SELL,LIMIT,1701068901088,4,2.377401
LDOUSDT,SELL,LIMIT,1701068902906,80,2.376983
LDOUSDT,SELL,LIMIT,1701068912617,156,2.375427
LDOUSDT,SELL,LIMIT,1701069427663,73,2.383862
LDOUSDT,SELL,LIMIT,1701069512783,189,2.380034
LDOUSDT,SELL,LIMIT,1701069515026,118,2.386336
LDOUSDT,SELL,LIMIT,1701069527606,165,2.372914
LDOUSDT,SELL,LIMIT,1701069802243,836,2.374677
LDOUSDT,SELL,LIMIT,1701069807124,18,2.372860
LDOUSDT,SELL,LIMIT,1701069809572,26,2.372827
LDOUSDT,SELL,LIMIT,1701069855395,1658,2.370975
LDOUSDT,SELL,LIMIT,1701069860089,57,2.369148
LDOUSDT,SELL,LIMIT,1701069878287,15652,2.360185
LDOUSDT,SELL,LIMIT,1701069880835,211,2.367771
LDOUSDT,SELL,LIMIT,1701069886336,39,2.365724
LDOUSDT,SELL,LIMIT,1701069897799,407,2.365259
LDOUSDT,SELL,LIMIT,1701069899999,73,2.364930
LDOUSDT,SELL,LIMIT,1701070020121,7,2.361127
LDOUSDT,SELL,LIMIT,1701070021292,11,2.361318
LDOUSDT,SELL,LIMIT,1701070060366,9,2.356731
LDOUSDT,SELL,LIMIT,1701070063836,2,2.355506
LDOUSDT,SELL,LIMIT,1701070067067,6,2.353156
LDOUSDT,SELL,LIMIT,1701070168773,132,2.350612
LDOUSDT,SELL,LIMIT,1701070171172,190,2.350843
LDOUSDT,SELL,LIMIT,1701076982681,83,2.389409
LDOUSDT,SELL,LIMIT,1701080765675,592,2.346936
LDOUSDT,SELL,LIMIT,1701080822030,59,2.344567
LDOUSDT,SELL,LIMIT,1701081422150,78,2.346338
LDOUSDT,SELL,LIMIT,1701081427813,10,2.344548
LDOUSDT,SELL,LIMIT,1701081437773,750,2.342461
LDOUSDT,SELL,LIMIT,1701081447223,1752,2.340235
LDOUSDT,SELL,LIMIT,1701081450247,4,2.339429
LDOUSDT,SELL,LIMIT,1701081454125,14,2.338749
LDOUSDT,SELL,LIMIT,1701082618987,13,2.335631
LDOUSDT,SELL,LIMIT,1701082654229,64,2.334667
LDOUSDT,SELL,LIMIT,1701082695804,32,2.333714
LDOUSDT,SELL,LIMIT,1701082705788,11,2.332302
LDOUSDT,SELL,LIMIT,1701084931537,1000,2.336098
LDOUSDT,SELL,LIMIT,1701085024957,4,2.350194
LDOUSDT,SELL,LIMIT,1701094592197,59,2.339025
LDOUSDT,SELL,LIMIT,1701094610654,545,2.337877
LDOUSDT,SELL,LIMIT,1701094972233,53,2.332723
LDOUSDT,SELL,LIMIT,1701094991224,6,2.331530
LDOUSDT,SELL,LIMIT,1701095549306,142,2.329412
LDOUSDT,SELL,LIMIT,1701095561317,38,2.328636
LDOUSDT,SELL,LIMIT,1701095576423,770,2.328332
LDOUSDT,SELL,LIMIT,1701095613551,202,2.326110
LDOUSDT,SELL,LIMIT,1701096766341,215,2.326283
LDOUSDT,SELL,LIMIT,1701096782009,12,2.324590
LDOUSDT,SELL,LIMIT,1701096783150,8,2.323647
LDOUSDT,SELL,LIMIT,1701096785538,68,2.322989
LDOUSDT,SELL,LIMIT,1701096787653,25,2.321784
LDOUSDT,SELL,LIMIT,1701096790443,328,2.320264
LDOUSDT,SELL,LIMIT,1701097019239,130,2.319133
LDOUSDT,SELL,LIMIT,1701097020499,190,2.318224
LDOUSDT,SELL,LIMIT,1701097040747,258,2.318104
LDOUSDT,SELL,LIMIT,1701100078635,47,2.314582
LDOUSDT,SELL,LIMIT,1701100093284,20,2.313105
LDOUSDT,SELL,LIMIT,1701100110215,2851,2.309354
LDOUSDT,SELL,LIMIT,1701100149399,3,2.309582
LDOUSDT,SELL,LIMIT,1701100219107,2769,2.306687
LDOUSDT,SELL,LIMIT,1701100221434,16,2.308338
LDOUSDT,SELL,LIMIT,1701100573173,4,2.308566
LDOUSDT,SELL,LIMIT,1701100618166,97,2.308267
LDOUSDT,SELL,LIMIT,1701100641212,74,2.307075
LDOUSDT,SELL,LIMIT,1701100643103,58,2.306819
LDOUSDT,SELL,LIMIT,1701100644531,273,2.306919
LDOUSDT,SELL,LIMIT,1701100898279,134,2.306225
LDOUSDT,SELL,LIMIT,1701100909016,42,2.305750
LDOUSDT,SELL,LIMIT,1701102055598,81,2.322825
LDOUSDT,BUY,LIMIT,1701104977912,40,2.371756
LDOUSDT,BUY,LIMIT,1701111921202,214,2.348073
LDOUSDT,SELL,LIMIT,1701112058255,65,2.314331
LDOUSDT,SELL,LIMIT,1701112181757,2051,2.310027
LDOUSDT,SELL,LIMIT,1701114234201,4,2.304009
LDOUSDT,SELL,LIMIT,1701114235578,3,2.303136
LDOUSDT,SELL,LIMIT,1701114239238,293,2.300991
LDOUSDT,SELL,LIMIT,1701114240555,210,2.299808
LDOUSDT,SELL,LIMIT,1701114263716,2117,2.300392
LDOUSDT,SELL,LIMIT,1701114342133,1904,2.299016
LDOUSDT,SELL,LIMIT,1701114352848,9,2.298501
LDOUSDT,SELL,LIMIT,1701114357158,4,2.299195
LDOUSDT,SELL,LIMIT,1701114358244,11,2.297165
LDOUSDT,SELL,LIMIT,1701114360177,11,2.296071
LDOUSDT,SELL,LIMIT,1701114467595,1116,2.295038
LDOUSDT,SELL,LIMIT,1701114468928,56,2.293533
LDOUSDT,SELL,LIMIT,1701114472175,415,2.291858
LDOUSDT,SELL,LIMIT,1701114473420,1483,2.291840
LDOUSDT,SELL,LIMIT,1701114475454,21094,2.281788
LDOUSDT,SELL,LIMIT,1701114494333,24,2.288735
LDOUSDT,SELL,LIMIT,1701114520195,85,2.287907
LDOUSDT,SELL,LIMIT,1701114525314,28552,2.269690
LDOUSDT,SELL,LIMIT,1701114526497,13,2.286383
LDOUSDT,SELL,LIMIT,1701114527788,1044,2.281608
LDOUSDT,SELL,LIMIT,1701116990210,980,2.289858
LDOUSDT,BUY,LIMIT,1701121008415,320,2.360557
LDOUSDT,BUY,LIMIT,1701126181471,103,2.366892
LDOUSDT,BUY,LIMIT,1701130917600,420,2.385690
LDOUSDT,BUY,LIMIT,1701131607343,18,2.392017
LDOUSDT,SELL,LIMIT,1701137393548,5,2.333273
LDOUSDT,SELL,LIMIT,1701145714237,1113,2.326840
LDOUSDT,SELL,LIMIT,1701145768223,451,2.326016
LDOUSDT,SELL,LIMIT,1701146064071,2115,2.315409
LDOUSDT,SELL,LIMIT,1701146066286,50,2.317117
LDOUSDT,SELL,LIMIT,1701147875178,37,2.311915
LDOUSDT,SELL,LIMIT,1701148221820,2,2.304273
LDOUSDT,SELL,LIMIT,1701148236531,32,2.303276
LDOUSDT,SELL,LIMIT,1701148239713,19,2.301036
LDOUSDT,SELL,LIMIT,1701149063367,2950,2.293878
LDOUSDT,SELL,LIMIT,1701149690343,500,2.297333
LDOUSDT,SELL,LIMIT,1701149771344,42,2.295526
LDOUSDT,SELL,LIMIT,1701149773281,73,2.293820
LDOUSDT,SELL,LIMIT,1701149835426,15,2.290496
LDOUSDT,SELL,LIMIT,1701149845730,1000,2.289779
LDOUSDT,SELL,LIMIT,1701151174103,3,2.282005
LDOUSDT,SELL,LIMIT,1701151263536,219,2.279342
LDOUSDT,SELL,LIMIT,1701151265781,64506,2.247459
LDOUSDT,SELL,LIMIT,1701156561467,138,2.281676
LDOUSDT,SELL,LIMIT,1701158949629,9,2.303496
LDOUSDT,SELL,LIMIT,1701163962243,32,2.320593
LDOUSDT,BUY,LIMIT,1701164095544,28,2.352278
LDOUSDT,SELL,LIMIT,1701171931193,291,2.342046
LDOUSDT,SELL,LIMIT,1701176524156,106,2.305546
LDOUSDT,SELL,LIMIT,1701181227200,333,2.322249
LDOUSDT,SELL,LIMIT,1701185307506,5,2.300314
LDOUSDT,BUY,LIMIT,1701189814351,1843,2.377317
LDOUSDT,BUY,LIMIT,1701189844468,34,2.382133
LDOUSDT,BUY,LIMIT,1701190211317,222,2.384825
LDOUSDT,BUY,LIMIT,1701192172879,150,2.395159
LDOUSDT,BUY,LIMIT,1701192235641,38,2.399843
LDOUSDT,BUY,LIMIT,1701192244369,445,2.403535
LDOUSDT,BUY,LIMIT,1701192266848,106,2.407540
LDOUSDT,BUY,LIMIT,1701192277804,52,2.410577
LDOUSDT,BUY,LIMIT,1701193279327,50,2.404615
LDOUSDT,SELL,LIMIT,1701197853681,333,2.357648
LDOUSDT,SELL,LIMIT,1701203177258,4,2.338759
LDOUSDT,SELL,LIMIT,1701204105147,96,2.331910
LDOUSDT,SELL,LIMIT,1701204554278,2101,2.327955
LDOUSDT,SELL,LIMIT,1701204636959,1039,2.326506
LDOUSDT,SELL,LIMIT,1701211954296,1069,2.317512
LDOUSDT,SELL,LIMIT,1701213742067,800,2.313273
LDOUSDT,SELL,LIMIT,1701216479414,209,2.313180
LDOUSDT,SELL,LIMIT,1701216846546,461,2.307636
LDOUSDT,SELL,LIMIT,1701216977321,2122,2.306457
LDOUSDT,SELL,LIMIT,1701223495113,137,2.304502
LDOUSDT,SELL,LIMIT,1701223565170,35,2.303924
LDOUSDT,SELL,LIMIT,1701236257141,169,2.298381
LDOUSDT,SELL,LIMIT,1701243890952,20,2.322033
LDOUSDT,SELL,LIMIT,1701246271227,325,2.295881
LDOUSDT,SELL,LIMIT,1701252236384,1064,2.295942
LDOUSDT,SELL,LIMIT,1701253024082,736,2.288376
LDOUSDT,SELL,LIMIT,1701253134465,11,2.287506
LDOUSDT,SELL,LIMIT,1701253172038,5,2.286163
LDOUSDT,SELL,LIMIT,1701253173490,12,2.285778
LDOUSDT,SELL,LIMIT,1701253412138,9,2.287320
LDOUSDT,SELL,LIMIT,1701253588904,10,2.285432
LDOUSDT,SELL,LIMIT,1701253617118,38,2.276017
LDOUSDT,SELL,LIMIT,1701253618197,422,2.277999
LDOUSDT,SELL,LIMIT,1701253693343,5,2.274239
LDOUSDT,SELL,LIMIT,1701253717260,44,2.272684
LDOUSDT,SELL,LIMIT,1701254067373,1165,2.269332
LDOUSDT,SELL,LIMIT,1701254068472,3,2.268775
LDOUSDT,SELL,LIMIT,1701254069495,293,2.266680
LDOUSDT,SELL,LIMIT,1701254240129,416,2.270768
LDOUSDT,SELL,LIMIT,1701254360596,11,2.269175
LDOUSDT,SELL,LIMIT,1701254412134,105,2.264958
LDOUSDT,SELL,LIMIT,1701254413219,21,2.265337
LDOUSDT,SELL,LIMIT,1701254416310,2888,2.261101
LDOUSDT,SELL,LIMIT,1701258630117,119,2.260618
LDOUSDT,SELL,LIMIT,1701258631160,16880,2.252409
LDOUSDT,SELL,LIMIT,1701258632172,119,2.259851
LDOUSDT,SELL,LIMIT,1701259210427,81,2.258563
LDOUSDT,SELL,LIMIT,1701259221623,13,2.257708
LDOUSDT,SELL,LIMIT,1701259223280,2,2.255229
LDOUSDT,SELL,LIMIT,1701259225807,13,2.254884
LDOUSDT,SELL,LIMIT,1701259769152,222,2.251880
LDOUSDT,SELL,LIMIT,1701265772691,2157,2.255878
LDOUSDT,SELL,LIMIT,1701269393866,305,2.254593
LDOUSDT,SELL,LIMIT,1701270451128,395,2.253078
LDOUSDT,SELL,LIMIT,1701270574178,3,2.251207
LDOUSDT,SELL,LIMIT,1701270585261,751,2.250912
LDOUSDT,SELL,LIMIT,1701270586882,51,2.248912
LDOUSDT,SELL,LIMIT,1701270588766,8,2.248520
LDOUSDT,SELL,LIMIT,1701270592738,19,2.246981
LDOUSDT,SELL,LIMIT,1701270594932,80,2.243406
LDOUSDT,SELL,LIMIT,1701270616390,949,2.241261
LDOUSDT,SELL,LIMIT,1701270745082,140,2.240478
LDOUSDT,SELL,LIMIT,1701270764642,3,2.239855
LDOUSDT,SELL,LIMIT,1701270835214,268,2.238593
LDOUSDT,SELL,LIMIT,1701270842059,8093,2.230928
LDOUSDT,SELL,LIMIT,1701270886382,2000,2.234687
LDOUSDT,SELL,LIMIT,1701274526387,432,2.232587
LDOUSDT,SELL,LIMIT,1701274575100,545,2.230867
LDOUSDT,SELL,LIMIT,1701274590204,79,2.230280
LDOUSDT,SELL,LIMIT,1701275615595,134,2.226601
LDOUSDT,SELL,LIMIT,1701275616906,200,2.224620
LDOUSDT,SELL,LIMIT,1701275816362,104,2.223289
LDOUSDT,SELL,LIMIT,1701275817558,27,2.222842
LDOUSDT,SELL,LIMIT,1701275827444,85,2.222739
LDOUSDT,SELL,LIMIT,1701275829302,38,2.222477
LDOUSDT,SELL,LIMIT,1701275841400,43,2.220961
LDOUSDT,SELL,LIMIT,1701275842424,214,2.220854
LDOUSDT,SELL,LIMIT,1701275908503,168,2.218953
LDOUSDT,SELL,LIMIT,1701275909860,4,2.217687
LDOUSDT,SELL,LIMIT,1701276005733,20,2.215121
LDOUSDT,SELL,LIMIT,1701290347001,454,2.224674
LDOUSDT,BUY,LIMIT,1701315225662,36,2.295901
LDOUSDT,BUY,LIMIT,1701315445036,122,2.302327
LDOUSDT,SELL,LIMIT,1701320424281,106,2.268010
LDOUSDT,SELL,LIMIT,1701323734567,3,2.270402
LDOUSDT,BUY,LIMIT,1701325978136,143,2.314475
LDOUSDT,BUY,LIMIT,1701338798738,518,2.324264
LDOUSDT,BUY,LIMIT,1701340345064,37,2.341882
LDOUSDT,BUY,LIMIT,1701344480078,310,2.350562
LDOUSDT,BUY,LIMIT,1701344498758,178,2.351780
LDOUSDT,BUY,LIMIT,1701345005304,127,2.355560
LDOUSDT,BUY,LIMIT,1701346025192,4,2.363143
LDOUSDT,SELL,LIMIT,1701353037622,31,2.297632
LDOUSDT,SELL,LIMIT,1701353045122,300,2.295879
LDOUSDT,SELL,LIMIT,1701353047083,264,2.295668
LDOUSDT,BUY,LIMIT,1701356438036,1448,2.350586
LDOUSDT,BUY,LIMIT,1701357406369,8,2.370015
LDOUSDT,BUY,LIMIT,1701371955507,189,2.358637
LDOUSDT,SELL,LIMIT,1701384767499,425,2.328704
LDOUSDT,SELL,LIMIT,1701390591136,2138,2.327244
LDOUSDT,SELL,LIMIT,1701392459684,5,2.334656
LDOUSDT,BUY,LIMIT,1701393605136,177,2.376788
LDOUSDT,BUY,LIMIT,1701393673380,2163,2.378877
LDOUSDT,BUY,LIMIT,1701393727509,90,2.383466
LDOUSDT,BUY,LIMIT,1701393753831,122,2.385934
LDOUSDT,BUY,LIMIT,1701393900185,4,2.389728
LDOUSDT,BUY,LIMIT,1701393913133,259,2.391209
LDOUSDT,BUY,LIMIT,1701393920143,174,2.391196
LDOUSDT,BUY,LIMIT,1701393923110,314,2.391892
LDOUSDT,BUY,LIMIT,1701394008470,127,2.395303
LDOUSDT,BUY,LIMIT,1701394025764,69,2.396332
LDOUSDT,BUY,LIMIT,1701394086807,57,2.397546
LDOUSDT,BUY,LIMIT,1701394146978,112,2.399341
LDOUSDT,BUY,LIMIT,1701394221409,113,2.399927
LDOUSDT,BUY,LIMIT,1701394244704,120,2.402222
LDOUSDT,BUY,LIMIT,1701394246248,287,2.403069
LDOUSDT,BUY,LIMIT,1701394545332,283,2.408404
LDOUSDT,BUY,LIMIT,1701394868801,23,2.424252
LDOUSDT,BUY,LIMIT,1701394874103,28,2.425168
LDOUSDT,BUY,LIMIT,1701394875448,45,2.425402
LDOUSDT,BUY,LIMIT,1701394921553,328,2.426244
LDOUSDT,BUY,LIMIT,1701395014714,231,2.431076
LDOUSDT,BUY,LIMIT,1701395018472,215,2.430861
LDOUSDT,BUY,LIMIT,1701395020232,34,2.431545
LDOUSDT,BUY,LIMIT,1701395030173,115,2.432217
LDOUSDT,BUY,LIMIT,1701395112457,414,2.435430
LDOUSDT,BUY,LIMIT,1701395331879,43,2.438313
LDOUSDT,BUY,LIMIT,1701395539382,220,2.439594
LDOUSDT,BUY,LIMIT,1701395545513,436,2.440742
LDOUSDT,BUY,LIMIT,1701395566535,613,2.440825
LDOUSDT,BUY,LIMIT,1701398414688,67,2.421941
LDOUSDT,BUY,LIMIT,1701405515308,24,2.425566
LDOUSDT,BUY,LIMIT,1701405880094,1505,2.418222
LDOUSDT,SELL,LIMIT,1701416378752,20,2.371764
LDOUSDT,BUY,LIMIT,1701422243189,5,2.408564
LDOUSDT,BUY,LIMIT,1701424307269,335,2.431364
