Symbol,Side,Order Type,Time,Quantity,Price
LEVERUSDT,SELL,LIMIT,1701918561607,723311,0.0014003
LEVERUSDT,SELL,LIMIT,1701918563549,951,0.0013998
LEVERUSDT,SELL,LIMIT,1701937490888,7558,0.0014227
LEVERUSDT,SELL,LIMIT,1701939570874,2043596,0.0014113
LEVERUSDT,SELL,LIMIT,1701940539393,111286,0.0013985
LEVERUSDT,SELL,LIMIT,1701940545192,264809,0.0013965
LEVERUSDT,SELL,LIMIT,1701940547594,107012,0.0013965
LEVERUSDT,SELL,LIMIT,1701940550122,291533,0.0013951
LEVERUSDT,SELL,LIMIT,1701940552440,30762,0.0013935
LEVERUSDT,SELL,LIMIT,1701940555385,132752,0.0013935
LEVERUSDT,SELL,LIMIT,1701940558488,28430,0.0013926
LEVERUSDT,SELL,LIMIT,1701940565098,17029,0.0013998
LEVERUSDT,SELL,LIMIT,1701940566700,10998,0.0013917
LEVERUSDT,SELL,LIMIT,1701940674740,136705,0.0013903
LEVERUSDT,SELL,LIMIT,1701940678550,37150,0.0013888
LEVERUSDT,SELL,LIMIT,1701941058302,136263,0.0013871
LEVERUSDT,SELL,LIMIT,1701941074086,160636,0.0013854
LEVERUSDT,SELL,LIMIT,1701941140569,166066,0.0013851
LEVERUSDT,SELL,LIMIT,1701941154204,309336,0.0013826
LEVERUSDT,SELL,LIMIT,1701941156807,1566501,0.0013812
LEVERUSDT,SELL,LIMIT,1701941161249,940169,0.0013801
LEVERUSDT,SELL,LIMIT,1701941162302,602245,0.0013804
LEVERUSDT,SELL,LIMIT,1701941164572,61682,0.0013792
LEVERUSDT,SELL,LIMIT,1701941167157,55240,0.0013791
LEVERUSDT,SELL,LIMIT,1701941176782,15613,0.0013788
LEVERUSDT,SELL,LIMIT,1701941187275,64079,0.0013774
LEVERUSDT,SELL,LIMIT,1701941192104,35842,0.0013750
LEVERUSDT,SELL,LIMIT,1701941233865,80841,0.0013723
LEVERUSDT,SELL,LIMIT,1701941236301,141542,0.0013731
LEVERUSDT,SELL,LIMIT,1701941247163,173852,0.0013721
LEVERUSDT,SELL,LIMIT,1701941248188,28161,0.0013721
LEVERUSDT,SELL,LIMIT,1701941249272,13149,0.0013714
LEVERUSDT,SELL,LIMIT,1701941254781,234583,0.0013696
LEVERUSDT,SELL,LIMIT,1701941271306,171810,0.0013681
LEVERUSDT,SELL,LIMIT,1701964362147,29692,0.0014293
LEVERUSDT,BUY,LIMIT,1701992616261,152657,0.0015074
LEVERUSDT,SELL,LIMIT,1702010212515,162886,0.0014426
LEVERUSDT,BUY,LIMIT,1702016736495,1908572,0.0015137
LEVERUSDT,BUY,LIMIT,1702053445379,47468,0.0015092
LEVERUSDT,BUY,LIMIT,1702068580876,3311,0.0015188
LEVERUSDT,BUY,LIMIT,1702077364808,19506,0.0015314
LEVERUSDT,BUY,LIMIT,1702077375036,514839,0.0015315
LEVERUSDT,SELL,LIMIT,1702080190269,6412,0.0014766
LEVERUSDT,BUY,LIMIT,1702081926050,66101,0.0015444
LEVERUSDT,BUY,LIMIT,1702081943482,4000,0.0015481
LEVERUSDT,BUY,LIMIT,1702082952365,24570,0.0015449
LEVERUSDT,BUY,LIMIT,1702107296482,44298,0.0015273
LEVERUSDT,SELL,LIMIT,1702109108115,986982,0.0015020
LEVERUSDT,BUY,LIMIT,1702109211293,22616,0.0015439
LEVERUSDT,BUY,LIMIT,1702109514107,69333,0.0015468
LEVERUSDT,SELL,LIMIT,1702110970100,67993,0.0014637
LEVERUSDT,SELL,LIMIT,1702111371190,65876,0.0014432
LEVERUSDT,SELL,LIMIT,1702111379533,333111,0.0014431
LEVERUSDT,SELL,LIMIT,1702111381443,208328,0.0014414
LEVERUSDT,SELL,LIMIT,1702111386568,3307631,0.0014375
LEVERUSDT,SELL,LIMIT,1702111388350,1520251,0.0014368
LEVERUSDT,SELL,LIMIT,1702111389365,3704,0.0014374
LEVERUSDT,BUY,LIMIT,1702119250398,29112,0.0015181
LEVERUSDT,SELL,LIMIT,1702132999243,1363825,0.0014330
LEVERUSDT,SELL,LIMIT,1702133001838,152765,0.0014300
LEVERUSDT,SELL,LIMIT,1702133006593,6657,0.0014277
LEVERUSDT,SELL,LIMIT,1702133007807,113159,0.0014266
LEVERUSDT,SELL,LIMIT,1702138946141,375000,0.0014468
LEVERUSDT,SELL,LIMIT,1702139279386,4360,0.0014340
LEVERUSDT,SELL,LIMIT,1702141638373,1050412,0.0014341
LEVERUSDT,SELL,LIMIT,1702141849833,145798,0.0014286
LEVERUSDT,SELL,LIMIT,1702154348808,405630,0.0014202
LEVERUSDT,SELL,LIMIT,1702154351507,146617,0.0014177
LEVERUSDT,SELL,LIMIT,1702154356824,557259,0.0014176
LEVERUSDT,SELL,LIMIT,1702154357939,610974,0.0014130
LEVERUSDT,SELL,LIMIT,1702154384411,265575,0.0014117
LEVERUSDT,SELL,LIMIT,1702154388910,68927,0.0014113
LEVERUSDT,SELL,LIMIT,1702154402014,791525,0.0014107
LEVERUSDT,SELL,LIMIT,1702156360901,8322,0.0014152
LEVERUSDT,SELL,LIMIT,1702164294530,3352629,0.0014103
LEVERUSDT,SELL,LIMIT,1702164303204,686134,0.0014083
LEVERUSDT,SELL,LIMIT,1702164412134,99535,0.0014084
LEVERUSDT,SELL,LIMIT,1702164413229,2070972,0.0014083
LEVERUSDT,SELL,LIMIT,1702164420232,3413732,0.0014058
LEVERUSDT,SELL,LIMIT,1702164441195,338294,0.0014050
LEVERUSDT,SELL,LIMIT,1702164445045,220039,0.0014049
LEVERUSDT,SELL,LIMIT,1702164466215,65675,0.0014045
LEVERUSDT,SELL,LIMIT,1702164529394,483139,0.0014040
LEVERUSDT,SELL,LIMIT,1702164533245,832223,0.0013996
LEVERUSDT,SELL,LIMIT,1702164684266,3496398,0.0013977
LEVERUSDT,SELL,LIMIT,1702164689501,7149,0.0013964
LEVERUSDT,SELL,LIMIT,1702164727630,14413,0.0013962
LEVERUSDT,SELL,LIMIT,1702164746282,465476,0.0013950
LEVERUSDT,SELL,LIMIT,1702164748457,7263,0.0013948
LEVERUSDT,SELL,LIMIT,1702164749460,247835,0.0013943
LEVERUSDT,SELL,LIMIT,1702164750592,150000,0.0013940
LEVERUSDT,SELL,LIMIT,1702164752804,410000,0.0013936
LEVERUSDT,SELL,LIMIT,1702164754210,16272,0.0013919
LEVERUSDT,SELL,LIMIT,1702164758347,15199,0.0013909
LEVERUSDT,SELL,LIMIT,1702164799190,216291,0.0013910
LEVERUSDT,SELL,LIMIT,1702164800682,1214713,0.0013905
LEVERUSDT,SELL,LIMIT,1702164802304,900220,0.0013893
LEVERUSDT,SELL,LIMIT,1702164803867,16844,0.0013880
LEVERUSDT,SELL,LIMIT,1702164805376,8213,0.0013880
LEVERUSDT,SELL,LIMIT,1702164807288,1361655,0.0013864
LEVERUSDT,SELL,LIMIT,1702164809490,198411,0.0013860
LEVERUSDT,SELL,LIMIT,1702164869310,182051,0.0013848
LEVERUSDT,SELL,LIMIT,1702164871093,307679,0.0013848
LEVERUSDT,SELL,LIMIT,1702197440369,70481,0.0014024
LEVERUSDT,SELL,LIMIT,1702201411509,16482,0.0013844
LEVERUSDT,SELL,LIMIT,1702201428582,214054,0.0013835
LEVERUSDT,SELL,LIMIT,1702201487565,434250,0.0013821
LEVERUSDT,SELL,LIMIT,1702201495548,25876,0.0013819
LEVERUSDT,SELL,LIMIT,1702202081919,16602994,0.0013783
LEVERUSDT,SELL,LIMIT,1702202157133,33377,0.0013838
LEVERUSDT,SELL,LIMIT,1702202158733,61171,0.0013822
LEVERUSDT,SELL,LIMIT,1702202275131,98601,0.0013791
LEVERUSDT,SELL,LIMIT,1702202292397,87277,0.0013785
LEVERUSDT,SELL,LIMIT,1702202294132,36057,0.0013768
LEVERUSDT,SELL,LIMIT,1702202295613,22587,0.0013775
LEVERUSDT,SELL,LIMIT,1702202324165,2836181,0.0013797
LEVERUSDT,SELL,LIMIT,1702202326001,246401,0.0013753
LEVERUSDT,SELL,LIMIT,1702202368141,14196,0.0013742
LEVERUSDT,SELL,LIMIT,1702202384876,44693,0.0013712
LEVERUSDT,SELL,LIMIT,1702202393977,74474,0.0013697
LEVERUSDT,BUY,LIMIT,1702214639391,35612,0.0014762
LEVERUSDT,BUY,LIMIT,1702222687381,3419972,0.0014864
LEVERUSDT,SELL,LIMIT,1702256914392,517618,0.0013959
LEVERUSDT,SELL,LIMIT,1702256921156,86386,0.0013907
LEVERUSDT,SELL,LIMIT,1702260429680,51653,0.0014098
LEVERUSDT,SELL,LIMIT,1702260431163,199525,0.0013968
LEVERUSDT,SELL,LIMIT,1702260432304,934169,0.0013954
LEVERUSDT,SELL,LIMIT,1702260436381,13717,0.0013946
LEVERUSDT,SELL,LIMIT,1702260440115,65731,0.0014015
LEVERUSDT,SELL,LIMIT,1702260626346,16962,0.0013866
LEVERUSDT,SELL,LIMIT,1702260627850,27416,0.0013851
LEVERUSDT,SELL,LIMIT,1702260629045,74724,0.0013836
LEVERUSDT,SELL,LIMIT,1702260630552,23622,0.0013858
LEVERUSDT,SELL,LIMIT,1702260631677,852362,0.0013815
LEVERUSDT,SELL,LIMIT,1702260632731,277533,0.0013798
LEVERUSDT,SELL,LIMIT,1702260633817,87917,0.0013791
LEVERUSDT,SELL,LIMIT,1702260635222,5582,0.0013752
LEVERUSDT,SELL,LIMIT,1702260637298,269043,0.0013740
LEVERUSDT,SELL,LIMIT,1702260694495,397168,0.0013730
LEVERUSDT,SELL,LIMIT,1702260696013,226542,0.0013712
LEVERUSDT,SELL,LIMIT,1702260697077,4985,0.0013696
LEVERUSDT,SELL,LIMIT,1702260699104,333459,0.0013706
LEVERUSDT,SELL,LIMIT,1702260700328,1077686,0.0013690
LEVERUSDT,SELL,LIMIT,1702260706191,1559322,0.0013683
LEVERUSDT,SELL,LIMIT,1702260707646,106812,0.0013667
LEVERUSDT,SELL,LIMIT,1702260708769,702665,0.0013666
LEVERUSDT,SELL,LIMIT,1702260709807,460918,0.0013635
LEVERUSDT,SELL,LIMIT,1702260711572,13577,0.0013623
LEVERUSDT,SELL,LIMIT,1702260712901,132470,0.0013589
LEVERUSDT,SELL,LIMIT,1702260714052,1114233,0.0013584
LEVERUSDT,SELL,LIMIT,1702260715175,335885,0.0013564
LEVERUSDT,SELL,LIMIT,1702260716657,2246242,0.0013560
LEVERUSDT,SELL,LIMIT,1702260717745,12108,0.0013541
LEVERUSDT,SELL,LIMIT,1702260718774,12977,0.0013547
LEVERUSDT,SELL,LIMIT,1702260720137,582224,0.0013488
LEVERUSDT,SELL,LIMIT,1702260721386,12183,0.0013426
LEVERUSDT,SELL,LIMIT,1702260722398,621518,0.0013442
LEVERUSDT,SELL,LIMIT,1702260723672,3431240,0.0013367
LEVERUSDT,SELL,LIMIT,1702260724841,1815055,0.0013333
LEVERUSDT,SELL,LIMIT,1702260725851,697350,0.0013324
LEVERUSDT,SELL,LIMIT,1702260727421,1613269,0.0013266
LEVERUSDT,SELL,LIMIT,1702260728498,124481,0.0013219
LEVERUSDT,SELL,LIMIT,1702260729933,1803367,0.0013202
LEVERUSDT,SELL,LIMIT,1702260730935,83651,0.0013196
LEVERUSDT,SELL,LIMIT,1702260732783,70143,0.0013191
LEVERUSDT,BUY,LIMIT,1702260733809,93073,0.0013706
LEVERUSDT,SELL,LIMIT,1702260735097,3333333,0.0013162
LEVERUSDT,SELL,LIMIT,1702260736475,79092,0.0013176
LEVERUSDT,SELL,LIMIT,1702260737526,2255696,0.0013169
LEVERUSDT,SELL,LIMIT,1702260738745,168116,0.0013162
LEVERUSDT,SELL,LIMIT,1702260739763,73929,0.0013162
LEVERUSDT,SELL,LIMIT,1702260741352,88205,0.0013154
LEVERUSDT,SELL,LIMIT,1702260742405,815667,0.0013132
LEVERUSDT,SELL,LIMIT,1702260744574,253799,0.0013120
LEVERUSDT,SELL,LIMIT,1702260745653,17253,0.0013112
LEVERUSDT,SELL,LIMIT,1702260746694,803268,0.0013106
LEVERUSDT,SELL,LIMIT,1702260747702,69348,0.0013101
LEVERUSDT,SELL,LIMIT,1702260748751,3422946,0.0013218
LEVERUSDT,SELL,LIMIT,1702260749805,5936723,0.0013051
LEVERUSDT,SELL,LIMIT,1702260750819,406547,0.0013080
LEVERUSDT,SELL,LIMIT,1702260752656,3024594,0.0013066
LEVERUSDT,SELL,LIMIT,1702260753683,1405676,0.0013062
LEVERUSDT,SELL,LIMIT,1702260755650,100000,0.0013057
LEVERUSDT,SELL,LIMIT,1702260756878,317373,0.0013056
LEVERUSDT,SELL,LIMIT,1702260758104,1537215,0.0013049
LEVERUSDT,SELL,LIMIT,1702260759318,91944,0.0013037
LEVERUSDT,SELL,LIMIT,1702260760500,99824,0.0013024
LEVERUSDT,SELL,LIMIT,1702260761544,34107,0.0013030
LEVERUSDT,SELL,LIMIT,1702260762689,8373,0.0013036
LEVERUSDT,SELL,LIMIT,1702260763795,1419199,0.0013036
LEVERUSDT,SELL,LIMIT,1702260765044,88576,0.0013016
LEVERUSDT,SELL,LIMIT,1702260766491,713844,0.0013007
LEVERUSDT,SELL,LIMIT,1702260767568,275227,0.0012987
LEVERUSDT,SELL,LIMIT,1702260768613,695894,0.0012953
LEVERUSDT,SELL,LIMIT,1702260769697,70744,0.0013043
LEVERUSDT,SELL,LIMIT,1702260770929,6756862,0.0012919
LEVERUSDT,SELL,LIMIT,1702260771992,1000245,0.0016252
LEVERUSDT,SELL,LIMIT,1702260773009,407466,0.0012948
LEVERUSDT,SELL,LIMIT,1702260774068,1990254,0.0012946
LEVERUSDT,SELL,LIMIT,1702260775187,96045,0.0012932
LEVERUSDT,SELL,LIMIT,1702260776284,214608,0.0012925
LEVERUSDT,SELL,LIMIT,1702260777328,76404,0.0012866
LEVERUSDT,SELL,LIMIT,1702260778369,1227530,0.0012865
LEVERUSDT,SELL,LIMIT,1702260779581,25000,0.0012824
LEVERUSDT,SELL,LIMIT,1702260780593,132653,0.0012817
LEVERUSDT,SELL,LIMIT,1702260781717,77720,0.0012806
LEVERUSDT,SELL,LIMIT,1702260782834,10000,0.0012796
LEVERUSDT,SELL,LIMIT,1702260784021,954942,0.0012776
LEVERUSDT,SELL,LIMIT,1702260785047,177537,0.0012764
LEVERUSDT,SELL,LIMIT,1702260786159,121377,0.0012656
LEVERUSDT,SELL,LIMIT,1702260787411,718931,0.0012679
LEVERUSDT,SELL,LIMIT,1702260788469,275862,0.0012585
LEVERUSDT,SELL,LIMIT,1702260789482,6883458,0.0012606
LEVERUSDT,SELL,LIMIT,1702260790811,440095,0.0012569
LEVERUSDT,SELL,LIMIT,1702260792239,10768,0.0012565
LEVERUSDT,SELL,LIMIT,1702260793478,49141,0.0012548
LEVERUSDT,SELL,LIMIT,1702260794508,132978,0.0012565
LEVERUSDT,SELL,LIMIT,1702260795563,20478,0.0012493
LEVERUSDT,SELL,LIMIT,1702260796674,118094,0.0012503
LEVERUSDT,SELL,LIMIT,1702260798460,48117,0.0012488
LEVERUSDT,SELL,LIMIT,1702260799559,105264,0.0012488
LEVERUSDT,SELL,LIMIT,1702260800592,2547563,0.0012482
LEVERUSDT,SELL,LIMIT,1702260801614,494484,0.0012451
LEVERUSDT,SELL,LIMIT,1702260803305,1060427,0.0012403
LEVERUSDT,SELL,LIMIT,1702260804795,9130,0.0012449
LEVERUSDT,SELL,LIMIT,1702260805829,512726,0.0012447
LEVERUSDT,SELL,LIMIT,1702260806944,3966,0.0012402
LEVERUSDT,SELL,LIMIT,1702260808416,181223,0.0012399
LEVERUSDT,SELL,LIMIT,1702260809453,241712,0.0012399
LEVERUSDT,SELL,LIMIT,1702260810613,1999660,0.0012518
LEVERUSDT,SELL,LIMIT,1702260811640,68498,0.0012395
LEVERUSDT,SELL,LIMIT,1702260813088,483924,0.0012394
LEVERUSDT,SELL,LIMIT,1702260814207,240000,0.0012401
LEVERUSDT,SELL,LIMIT,1702260815261,178306,0.0012293
LEVERUSDT,SELL,LIMIT,1702260816332,73266,0.0012327
LEVERUSDT,SELL,LIMIT,1702260817508,969731,0.0012365
LEVERUSDT,SELL,LIMIT,1702260818611,4035,0.0012257
LEVERUSDT,SELL,LIMIT,1702260820239,5490,0.0012158
LEVERUSDT,SELL,LIMIT,1702260821356,405253,0.0012144
LEVERUSDT,SELL,LIMIT,1702260822373,72483,0.0012103
LEVERUSDT,SELL,LIMIT,1702260823642,211595,0.0012108
LEVERUSDT,SELL,LIMIT,1702260824847,894640,0.0012090
LEVERUSDT,SELL,LIMIT,1702260834183,483285,0.0012416
LEVERUSDT,BUY,LIMIT,1702260955474,7435,0.0013396
LEVERUSDT,BUY,LIMIT,1702261205642,362226,0.0013516
LEVERUSDT,SELL,LIMIT,1702263671067,13764,0.0013395
LEVERUSDT,SELL,LIMIT,1702266333478,12112,0.0013180
