Symbol,Side,Order Type,Time,Quantity,Price
LINAUSDT,SELL,LIMIT,1701918457908,220148,0.01076
LINAUSDT,SELL,LIMIT,1701927858549,8936,0.01092
LINAUSDT,SELL,LIMIT,1701929642267,7507,0.01083
LINAUSDT,SELL,LIMIT,1701939358940,330584,0.01072
LINAUSDT,SELL,LIMIT,1701939562528,106196,0.01068
LINAUSDT,SELL,LIMIT,1701939569675,69347,0.01068
LINAUSDT,SELL,LIMIT,1701939883107,23097,0.01066
LINAUSDT,SELL,LIMIT,1701939889910,4423,0.01066
LINAUSDT,SELL,LIMIT,1701939912088,35589,0.01066
LINAUSDT,SELL,LIMIT,1701939967608,929,0.01064
LINAUSDT,SELL,LIMIT,1701939972450,182221,0.01064
LINAUSDT,SELL,LIMIT,1701939974625,20000,0.01063
LINAUSDT,SELL,LIMIT,1701940009145,11343,0.01063
LINAUSDT,SELL,LIMIT,1701940021114,631,0.01062
LINAUSDT,SELL,LIMIT,1701940024516,43831,0.01062
LINAUSDT,SELL,LIMIT,1701940471403,91496,0.01062
LINAUSDT,SELL,LIMIT,1701940475211,973,0.01061
LINAUSDT,SELL,LIMIT,1701940520329,225294,0.01058
LINAUSDT,SELL,LIMIT,1701940528677,252,0.01058
LINAUSDT,SELL,LIMIT,1701940556350,108296,0.01058
LINAUSDT,SELL,LIMIT,1701940558525,46780,0.01057
LINAUSDT,SELL,LIMIT,1701940560676,154406,0.01055
LINAUSDT,SELL,LIMIT,1701940562750,78318,0.01056
LINAUSDT,SELL,LIMIT,1701940571093,97778,0.01056
LINAUSDT,SELL,LIMIT,1701940711052,13357,0.01054
LINAUSDT,SELL,LIMIT,1701940715187,15469,0.01053
LINAUSDT,SELL,LIMIT,1701940797296,18329,0.01053
LINAUSDT,SELL,LIMIT,1701941029644,35215,0.01052
LINAUSDT,SELL,LIMIT,1701941063476,4481,0.01052
LINAUSDT,SELL,LIMIT,1701941066130,180905,0.01051
LINAUSDT,SELL,LIMIT,1701941075978,31365,0.01050
LINAUSDT,SELL,LIMIT,1701941081547,102821,0.01050
LINAUSDT,SELL,LIMIT,1701941111305,11273,0.01048
LINAUSDT,SELL,LIMIT,1701941148259,5499,0.01049
LINAUSDT,SELL,LIMIT,1701941150140,515,0.01047
LINAUSDT,SELL,LIMIT,1701941151579,7362,0.01046
LINAUSDT,SELL,LIMIT,1701941153997,19000,0.01047
LINAUSDT,SELL,LIMIT,1701941155456,8801,0.01047
LINAUSDT,SELL,LIMIT,1701941156560,3691,0.01046
LINAUSDT,SELL,LIMIT,1701941161045,17140,0.01045
LINAUSDT,SELL,LIMIT,1701941170571,17328,0.01044
LINAUSDT,SELL,LIMIT,1701941173241,179533,0.01043
LINAUSDT,SELL,LIMIT,1701941175495,182354,0.01042
LINAUSDT,SELL,LIMIT,1701941178447,100364,0.01043
LINAUSDT,SELL,LIMIT,1701941185563,3226,0.01042
LINAUSDT,SELL,LIMIT,1701941187490,1700,0.01041
LINAUSDT,SELL,LIMIT,1701941189710,5239,0.01039
LINAUSDT,SELL,LIMIT,1701941238211,45000,0.01051
LINAUSDT,SELL,LIMIT,1701941245174,5669,0.01039
LINAUSDT,SELL,LIMIT,1701941258720,174293,0.01038
LINAUSDT,SELL,LIMIT,1701941270584,127283,0.01037
LINAUSDT,BUY,LIMIT,1701962702783,18556,0.01123
LINAUSDT,BUY,LIMIT,1701962773496,64234,0.01124
LINAUSDT,BUY,LIMIT,1701962774548,186682,0.01125
LINAUSDT,BUY,LIMIT,1701962999394,33585,0.01128
LINAUSDT,BUY,LIMIT,1701963033427,239383,0.01128
LINAUSDT,SELL,LIMIT,1701964827333,1901,0.01078
LINAUSDT,BUY,LIMIT,1701969680289,3853,0.01144
LINAUSDT,BUY,LIMIT,1701969681350,685,0.01144
LINAUSDT,BUY,LIMIT,1701972709218,1111,0.01148
LINAUSDT,BUY,LIMIT,1701972756444,18042,0.01151
LINAUSDT,SELL,LIMIT,1701978298219,109700,0.01078
LINAUSDT,SELL,LIMIT,1701985124776,1574,0.01090
LINAUSDT,SELL,LIMIT,1701988344656,5628,0.01088
LINAUSDT,SELL,LIMIT,1702003699114,4488,0.01089
LINAUSDT,BUY,LIMIT,1702005550015,4488,0.01142
LINAUSDT,BUY,LIMIT,1702008567063,71215,0.01158
LINAUSDT,BUY,LIMIT,1702008573119,3954,0.01160
LINAUSDT,BUY,LIMIT,1702008618116,1551,0.01164
LINAUSDT,BUY,LIMIT,1702008625471,1256,0.01164
LINAUSDT,BUY,LIMIT,1702008628073,772,0.01166
LINAUSDT,BUY,LIMIT,1702008629934,88141,0.01168
LINAUSDT,BUY,LIMIT,1702008639110,1328,0.01171
LINAUSDT,BUY,LIMIT,1702008642609,1503,0.01172
LINAUSDT,BUY,LIMIT,1702008650446,13214,0.01174
LINAUSDT,BUY,LIMIT,1702008651688,32497,0.01176
LINAUSDT,BUY,LIMIT,1702008656228,2366,0.01178
LINAUSDT,BUY,LIMIT,1702008663861,11626,0.01183
LINAUSDT,BUY,LIMIT,1702008670065,838,0.01186
LINAUSDT,BUY,LIMIT,1702008674084,500,0.01188
LINAUSDT,BUY,LIMIT,1702008684584,919,0.01193
LINAUSDT,SELL,LIMIT,1702020527059,20063,0.01115
LINAUSDT,SELL,LIMIT,1702020902405,79017,0.01104
LINAUSDT,SELL,LIMIT,1702022556156,32701,0.01100
LINAUSDT,SELL,LIMIT,1702026491899,7313,0.01102
LINAUSDT,SELL,LIMIT,1702028556336,143447,0.01115
LINAUSDT,BUY,LIMIT,1702048108127,916,0.01178
LINAUSDT,BUY,LIMIT,1702052374670,20449,0.01184
LINAUSDT,BUY,LIMIT,1702066078442,450000,0.01176
LINAUSDT,SELL,LIMIT,1702068243642,475028,0.01131
LINAUSDT,SELL,LIMIT,1702068817358,64685,0.01135
LINAUSDT,BUY,LIMIT,1702078311379,86880,0.01180
LINAUSDT,BUY,LIMIT,1702078464946,408,0.01185
LINAUSDT,BUY,LIMIT,1702078576192,1071,0.01194
LINAUSDT,BUY,LIMIT,1702081762826,12237,0.01195
LINAUSDT,BUY,LIMIT,1702091695685,2631,0.01197
LINAUSDT,BUY,LIMIT,1702091727336,12540,0.01199
LINAUSDT,BUY,LIMIT,1702091781666,789,0.01201
LINAUSDT,BUY,LIMIT,1702091927695,4689,0.01203
LINAUSDT,BUY,LIMIT,1702093786556,50471,0.01204
LINAUSDT,BUY,LIMIT,1702093864392,3137,0.01205
LINAUSDT,BUY,LIMIT,1702093976546,80000,0.01205
LINAUSDT,BUY,LIMIT,1702093984098,12084,0.01205
LINAUSDT,BUY,LIMIT,1702097343240,888,0.01207
LINAUSDT,BUY,LIMIT,1702097799292,5208,0.01210
LINAUSDT,SELL,LIMIT,1702103488320,84733,0.01167
LINAUSDT,SELL,LIMIT,1702108942501,605,0.01166
LINAUSDT,BUY,LIMIT,1702109934648,893,0.01217
LINAUSDT,BUY,LIMIT,1702109936816,7734,0.01217
LINAUSDT,BUY,LIMIT,1702109950090,257631,0.01221
LINAUSDT,BUY,LIMIT,1702109953211,22843,0.01223
LINAUSDT,BUY,LIMIT,1702109958696,452,0.01226
LINAUSDT,BUY,LIMIT,1702109962686,1667,0.01227
LINAUSDT,BUY,LIMIT,1702110008318,9785,0.01231
LINAUSDT,BUY,LIMIT,1702110018177,11137,0.01235
LINAUSDT,BUY,LIMIT,1702110020182,4360,0.01238
LINAUSDT,BUY,LIMIT,1702110031267,3471,0.01240
LINAUSDT,BUY,LIMIT,1702110032649,165507,0.01241
LINAUSDT,BUY,LIMIT,1702110034495,1742,0.01242
LINAUSDT,BUY,LIMIT,1702110037944,69239,0.01243
LINAUSDT,BUY,LIMIT,1702110042345,4251,0.01243
LINAUSDT,BUY,LIMIT,1702110049104,104658,0.01244
LINAUSDT,BUY,LIMIT,1702110064238,8417,0.01247
LINAUSDT,BUY,LIMIT,1702110068345,1789,0.01246
LINAUSDT,BUY,LIMIT,1702110074668,14121,0.01249
LINAUSDT,BUY,LIMIT,1702110076053,10083,0.01249
LINAUSDT,BUY,LIMIT,1702110081263,577,0.01251
LINAUSDT,SELL,LIMIT,1702110878596,1513,0.01181
LINAUSDT,SELL,LIMIT,1702110979460,113,0.01193
LINAUSDT,SELL,LIMIT,1702110982493,11407,0.01168
LINAUSDT,SELL,LIMIT,1702110985271,2444,0.01167
LINAUSDT,SELL,LIMIT,1702111026174,408496,0.01164
LINAUSDT,SELL,LIMIT,1702111034086,100000,0.01168
LINAUSDT,SELL,LIMIT,1702111037286,53752,0.01159
LINAUSDT,SELL,LIMIT,1702111038496,16393,0.01161
LINAUSDT,SELL,LIMIT,1702111040038,160492,0.01159
LINAUSDT,SELL,LIMIT,1702111042462,6786,0.01156
LINAUSDT,SELL,LIMIT,1702111194400,3444,0.01152
LINAUSDT,SELL,LIMIT,1702111373921,47985,0.01144
LINAUSDT,SELL,LIMIT,1702111374977,87314,0.01143
LINAUSDT,SELL,LIMIT,1702111378404,34339,0.01143
LINAUSDT,SELL,LIMIT,1702111382711,168776,0.01139
LINAUSDT,SELL,LIMIT,1702111386281,25678,0.01141
LINAUSDT,SELL,LIMIT,1702111387646,5000,0.01143
LINAUSDT,SELL,LIMIT,1702111389092,11109,0.01138
LINAUSDT,BUY,LIMIT,1702120738145,5535,0.01224
LINAUSDT,SELL,LIMIT,1702133006565,121591,0.01155
