Symbol,Side,Order Type,Time,Quantity,Price
LINAUSDT,SELL,LIMIT,1701001502486,1699,0.01047
LINAUSDT,SELL,LIMIT,1701001510099,22100,0.01046
LINAUSDT,SELL,LIMIT,1701008445093,918,0.01044
LINAUSDT,SELL,LIMIT,1701008545102,766,0.01043
LINAUSDT,SELL,LIMIT,1701008946361,9140,0.01042
LINAUSDT,SELL,LIMIT,1701009015545,1826,0.01041
LINAUSDT,SELL,LIMIT,1701009019328,22819,0.01040
LINAUSDT,SELL,LIMIT,1701009272051,31272,0.01041
LINAUSDT,SELL,LIMIT,1701009280903,1830,0.01040
LINAUSDT,SELL,LIMIT,1701009287485,1381,0.01039
LINAUSDT,SELL,LIMIT,1701010920181,571,0.01039
LINAUSDT,SELL,LIMIT,1701013684729,4568,0.01038
LINAUSDT,SELL,LIMIT,1701013716451,73963,0.01036
LINAUSDT,SELL,LIMIT,1701014003322,492,0.01032
LINAUSDT,SELL,LIMIT,1701014004325,314781,0.01032
LINAUSDT,SELL,LIMIT,1701014019084,6309,0.01030
LINAUSDT,SELL,LIMIT,1701014921311,500,0.01037
LINAUSDT,SELL,LIMIT,1701015676482,730,0.01030
LINAUSDT,SELL,LIMIT,1701015686121,471,0.01030
LINAUSDT,SELL,LIMIT,1701015687388,26049,0.01029
LINAUSDT,SELL,LIMIT,1701015759340,1851,0.01027
LINAUSDT,SELL,LIMIT,1701015762013,50749,0.01025
LINAUSDT,SELL,LIMIT,1701015788387,8054,0.01026
LINAUSDT,SELL,LIMIT,1701015806126,84499,0.01038
LINAUSDT,SELL,LIMIT,1701015840480,20180,0.01028
LINAUSDT,SELL,LIMIT,1701015841559,2012,0.01025
LINAUSDT,SELL,LIMIT,1701015866678,5781,0.01024
LINAUSDT,SELL,LIMIT,1701015877339,329033,0.01024
LINAUSDT,SELL,LIMIT,1701015882373,14224,0.01022
LINAUSDT,SELL,LIMIT,1701015909437,65923,0.01021
LINAUSDT,SELL,LIMIT,1701016013384,46080,0.01019
LINAUSDT,SELL,LIMIT,1701016020423,200000,0.01017
LINAUSDT,SELL,LIMIT,1701016033446,538,0.01015
LINAUSDT,SELL,LIMIT,1701016037235,1500,0.01015
LINAUSDT,SELL,LIMIT,1701016039743,57426,0.01015
LINAUSDT,SELL,LIMIT,1701016042310,42574,0.01013
LINAUSDT,SELL,LIMIT,1701016045152,2290219,0.01008
LINAUSDT,SELL,LIMIT,1701016047637,10000,0.01011
LINAUSDT,BUY,LIMIT,1701016063369,5704,0.01054
LINAUSDT,SELL,LIMIT,1701016079458,247414,0.01015
LINAUSDT,SELL,LIMIT,1701016099453,23240,0.01010
LINAUSDT,SELL,LIMIT,1701016101521,32745,0.01009
LINAUSDT,SELL,LIMIT,1701016102301,1906,0.01010
LINAUSDT,SELL,LIMIT,1701050839161,12933,0.01031
