Symbol,Side,Order Type,Time,Quantity,Price
LINKUSDT,SELL,LIMIT,1701067828061,4.82,14.546
LINKUSDT,SELL,LIMIT,1701067841008,37.93,14.538
LINKUSDT,SELL,LIMIT,1701067842136,50.91,14.535
LINKUSDT,SELL,LIMIT,1701067853068,1633.86,14.455
LINKUSDT,SELL,LIMIT,1701067854315,6.38,14.512
LINKUSDT,SELL,LIMIT,1701067862420,297.70,14.493
LINKUSDT,SELL,LIMIT,1701067864252,3.63,14.473
LINKUSDT,SELL,LIMIT,1701067865419,264.83,14.475
LINKUSDT,SELL,LIMIT,1701067867367,15.37,14.461
LINKUSDT,SELL,LIMIT,1701067869154,32.58,14.458
LINKUSDT,SELL,LIMIT,1701067872279,6.06,14.453
LINKUSDT,SELL,LIMIT,1701068114348,8.83,14.445
LINKUSDT,SELL,LIMIT,1701068117639,6.98,14.443
LINKUSDT,SELL,LIMIT,1701068165964,338.93,14.435
LINKUSDT,SELL,LIMIT,1701068171443,412.74,14.431
LINKUSDT,SELL,LIMIT,1701068386382,2.18,14.442
LINKUSDT,SELL,LIMIT,1701068402110,23.28,14.419
LINKUSDT,SELL,LIMIT,1701068403234,168.15,14.417
LINKUSDT,BUY,LIMIT,1701068950984,46.50,14.635
LINKUSDT,SELL,LIMIT,1701068997565,94.35,14.700
LINKUSDT,BUY,LIMIT,1701069011220,2.99,14.663
LINKUSDT,SELL,LIMIT,1701069527156,10.00,14.443
LINKUSDT,SELL,LIMIT,1701069571085,2.65,14.427
LINKUSDT,SELL,LIMIT,1701069573714,1.71,14.426
LINKUSDT,SELL,LIMIT,1701069575249,153.99,14.425
LINKUSDT,SELL,LIMIT,1701069636393,341.78,14.417
LINKUSDT,SELL,LIMIT,1701069637974,24.54,14.418
LINKUSDT,SELL,LIMIT,1701069825356,60.73,14.399
LINKUSDT,SELL,LIMIT,1701069826668,1.71,14.399
LINKUSDT,SELL,LIMIT,1701069828270,50.00,14.397
LINKUSDT,BUY,LIMIT,1701069849681,0.96,14.540
LINKUSDT,SELL,LIMIT,1701069867101,74.31,14.391
LINKUSDT,SELL,LIMIT,1701069879280,21.72,14.387
LINKUSDT,SELL,LIMIT,1701069880661,4.68,14.385
LINKUSDT,SELL,LIMIT,1701069883182,16.81,14.390
LINKUSDT,SELL,LIMIT,1701069885260,5.90,14.375
LINKUSDT,SELL,LIMIT,1701069886701,102.52,14.374
LINKUSDT,SELL,LIMIT,1701069887728,30.00,14.365
LINKUSDT,SELL,LIMIT,1701069894192,1.36,14.364
LINKUSDT,SELL,LIMIT,1701069895446,83.91,14.360
LINKUSDT,SELL,LIMIT,1701069897190,118.56,14.359
LINKUSDT,SELL,LIMIT,1701069899191,173.38,14.373
LINKUSDT,SELL,LIMIT,1701069901186,308.98,14.378
LINKUSDT,SELL,LIMIT,1701069906112,52.69,14.340
LINKUSDT,SELL,LIMIT,1701069907113,234.54,14.351
LINKUSDT,SELL,LIMIT,1701069910633,105.16,14.340
LINKUSDT,SELL,LIMIT,1701069912163,176.19,14.329
LINKUSDT,SELL,LIMIT,1701069913203,176.77,14.316
LINKUSDT,SELL,LIMIT,1701069914312,92.60,14.323
LINKUSDT,SELL,LIMIT,1701070167087,60.98,14.312
LINKUSDT,SELL,LIMIT,1701070168156,3.42,14.314
LINKUSDT,SELL,LIMIT,1701070169226,396.85,14.303
LINKUSDT,SELL,LIMIT,1701070171481,17.17,14.285
LINKUSDT,SELL,LIMIT,1701070172693,2.89,14.282
LINKUSDT,SELL,LIMIT,1701070174167,3.17,14.285
LINKUSDT,SELL,LIMIT,1701070356265,157.25,14.376
LINKUSDT,SELL,LIMIT,1701070439242,202.69,14.281
LINKUSDT,SELL,LIMIT,1701070440301,100.00,14.279
LINKUSDT,SELL,LIMIT,1701070442808,2.71,14.276
LINKUSDT,BUY,LIMIT,1701072854838,7.64,14.617
LINKUSDT,BUY,LIMIT,1701074348206,106.94,14.530
LINKUSDT,SELL,LIMIT,1701074831201,199.42,14.342
LINKUSDT,SELL,LIMIT,1701074867941,86.07,14.332
LINKUSDT,SELL,LIMIT,1701074949385,14.15,14.323
LINKUSDT,BUY,LIMIT,1701076494722,4.02,14.586
LINKUSDT,BUY,LIMIT,1701076630693,10.00,14.607
LINKUSDT,BUY,LIMIT,1701077125563,14.22,14.545
LINKUSDT,BUY,LIMIT,1701077399082,8.01,14.568
LINKUSDT,BUY,LIMIT,1701078434167,30.36,14.622
LINKUSDT,SELL,LIMIT,1701079488760,8.79,14.349
LINKUSDT,SELL,LIMIT,1701080372542,4.98,14.326
LINKUSDT,SELL,LIMIT,1701080391363,12.66,14.315
LINKUSDT,SELL,LIMIT,1701080406070,72.05,14.308
LINKUSDT,SELL,LIMIT,1701080407686,160.26,14.307
LINKUSDT,SELL,LIMIT,1701080477081,1.76,14.303
LINKUSDT,SELL,LIMIT,1701080515295,25.95,14.293
LINKUSDT,SELL,LIMIT,1701080544609,48.92,14.282
LINKUSDT,SELL,LIMIT,1701080548238,339.36,14.278
LINKUSDT,SELL,LIMIT,1701080549419,20.31,14.277
LINKUSDT,SELL,LIMIT,1701080552040,57.33,14.276
LINKUSDT,SELL,LIMIT,1701080732556,1.44,14.272
LINKUSDT,SELL,LIMIT,1701080742333,26.05,14.270
LINKUSDT,SELL,LIMIT,1701080748323,18.08,14.264
LINKUSDT,SELL,LIMIT,1701080750211,6.74,14.263
LINKUSDT,SELL,LIMIT,1701080761114,2.05,14.260
LINKUSDT,SELL,LIMIT,1701080762307,50.56,14.260
LINKUSDT,SELL,LIMIT,1701080778113,14.91,14.257
LINKUSDT,SELL,LIMIT,1701080873122,3.35,14.255
LINKUSDT,SELL,LIMIT,1701080874253,1.58,14.254
LINKUSDT,SELL,LIMIT,1701080875434,61.79,14.254
LINKUSDT,SELL,LIMIT,1701080877505,17.64,14.252
LINKUSDT,SELL,LIMIT,1701080879181,9.09,14.251
LINKUSDT,SELL,LIMIT,1701080915965,2.50,14.247
LINKUSDT,SELL,LIMIT,1701080917098,0.19,14.245
LINKUSDT,SELL,LIMIT,1701081158246,5.53,14.242
LINKUSDT,SELL,LIMIT,1701081164143,250.00,14.237
LINKUSDT,SELL,LIMIT,1701081165219,13.83,14.237
LINKUSDT,SELL,LIMIT,1701081198671,5.06,14.233
LINKUSDT,SELL,LIMIT,1701081199859,31.65,14.232
LINKUSDT,SELL,LIMIT,1701081202860,36.15,14.229
LINKUSDT,SELL,LIMIT,1701081208023,5.58,14.225
LINKUSDT,SELL,LIMIT,1701081212722,200.00,14.223
LINKUSDT,SELL,LIMIT,1701081329808,1.71,14.218
LINKUSDT,SELL,LIMIT,1701081436278,24.70,14.240
LINKUSDT,SELL,LIMIT,1701081437330,246.73,14.215
LINKUSDT,SELL,LIMIT,1701081439096,49.03,14.202
LINKUSDT,SELL,LIMIT,1701081440223,10.36,14.209
LINKUSDT,SELL,LIMIT,1701081441245,24.20,14.198
LINKUSDT,SELL,LIMIT,1701081446657,671.23,14.188
LINKUSDT,SELL,LIMIT,1701081450558,201.83,14.189
LINKUSDT,SELL,LIMIT,1701081452341,70.30,14.182
LINKUSDT,SELL,LIMIT,1701081487452,302.53,14.179
LINKUSDT,SELL,LIMIT,1701081488488,22.99,14.175
LINKUSDT,SELL,LIMIT,1701081493567,36.96,14.171
LINKUSDT,SELL,LIMIT,1701081496126,27.42,14.170
LINKUSDT,SELL,LIMIT,1701081497722,4.01,14.177
LINKUSDT,SELL,LIMIT,1701081580110,101.50,14.183
LINKUSDT,SELL,LIMIT,1701081584159,258.17,14.186
LINKUSDT,SELL,LIMIT,1701081609264,128.88,14.177
LINKUSDT,SELL,LIMIT,1701081786274,1.50,14.169
LINKUSDT,SELL,LIMIT,1701081791060,109.41,14.162
LINKUSDT,SELL,LIMIT,1701081792215,170.10,14.159
LINKUSDT,SELL,LIMIT,1701081794548,73.85,14.155
LINKUSDT,SELL,LIMIT,1701081796076,6.75,14.150
LINKUSDT,SELL,LIMIT,1701082020095,3.19,14.177
LINKUSDT,SELL,LIMIT,1701082118570,50.00,14.161
LINKUSDT,SELL,LIMIT,1701082121423,16.16,14.164
LINKUSDT,SELL,LIMIT,1701082127336,5.04,14.150
LINKUSDT,SELL,LIMIT,1701082128702,203.83,14.147
LINKUSDT,SELL,LIMIT,1701082138140,108.78,14.143
LINKUSDT,SELL,LIMIT,1701082139220,198.08,14.143
LINKUSDT,SELL,LIMIT,1701082140542,1.52,14.138
LINKUSDT,SELL,LIMIT,1701082212046,85.09,14.149
LINKUSDT,SELL,LIMIT,1701082673064,161.64,14.133
LINKUSDT,SELL,LIMIT,1701082676989,93.70,14.132
LINKUSDT,SELL,LIMIT,1701082678220,0.39,14.130
LINKUSDT,SELL,LIMIT,1701082684272,4.60,14.130
LINKUSDT,SELL,LIMIT,1701082690501,122.43,14.128
LINKUSDT,SELL,LIMIT,1701082693176,16.16,14.125
LINKUSDT,SELL,LIMIT,1701082702050,13.45,14.125
LINKUSDT,SELL,LIMIT,1701082704402,1.72,14.123
LINKUSDT,SELL,LIMIT,1701082705557,20.20,14.116
LINKUSDT,SELL,LIMIT,1701082726341,14.00,14.121
LINKUSDT,SELL,LIMIT,1701082728135,51.33,14.121
LINKUSDT,BUY,LIMIT,1701085863003,50.46,14.341
LINKUSDT,SELL,LIMIT,1701089963355,260.49,14.138
LINKUSDT,SELL,LIMIT,1701090011117,1.40,14.124
LINKUSDT,SELL,LIMIT,1701090033285,6.63,14.126
LINKUSDT,SELL,LIMIT,1701090982192,6.30,14.148
LINKUSDT,SELL,LIMIT,1701091163335,6.90,14.115
LINKUSDT,BUY,LIMIT,1701091315944,27.13,14.368
LINKUSDT,SELL,LIMIT,1701093076271,76.96,14.127
LINKUSDT,SELL,LIMIT,1701093117036,13.51,14.105
LINKUSDT,SELL,LIMIT,1701093118466,22.37,14.107
LINKUSDT,SELL,LIMIT,1701093119779,11.17,14.103
LINKUSDT,SELL,LIMIT,1701093135485,22.87,14.097
LINKUSDT,SELL,LIMIT,1701093136398,91.77,14.089
LINKUSDT,SELL,LIMIT,1701093137253,280.11,14.093
LINKUSDT,SELL,LIMIT,1701093138444,320.17,14.093
LINKUSDT,BUY,LIMIT,1701093717599,11.81,14.394
LINKUSDT,BUY,LIMIT,1701093813984,70.45,14.401
LINKUSDT,BUY,LIMIT,1701093827502,10.32,14.407
LINKUSDT,BUY,LIMIT,1701094624438,50.00,14.275
LINKUSDT,SELL,LIMIT,1701095120982,1.50,14.144
LINKUSDT,SELL,LIMIT,1701096679877,44.18,14.089
LINKUSDT,SELL,LIMIT,1701096684724,8.25,14.087
LINKUSDT,SELL,LIMIT,1701096685765,1068.99,14.056
LINKUSDT,SELL,LIMIT,1701096687131,21.58,14.084
LINKUSDT,SELL,LIMIT,1701096688194,56.92,14.084
LINKUSDT,SELL,LIMIT,1701096722948,3.50,14.082
LINKUSDT,SELL,LIMIT,1701096723965,16.38,14.076
LINKUSDT,SELL,LIMIT,1701096725359,62.42,14.072
LINKUSDT,SELL,LIMIT,1701096727324,50.00,14.069
LINKUSDT,SELL,LIMIT,1701096729038,40.56,14.068
LINKUSDT,SELL,LIMIT,1701096774121,54.81,14.076
LINKUSDT,SELL,LIMIT,1701096797797,136.77,14.075
LINKUSDT,SELL,LIMIT,1701097015504,349.91,14.064
LINKUSDT,SELL,LIMIT,1701097021488,34.06,14.058
LINKUSDT,SELL,LIMIT,1701097030094,86.54,14.058
LINKUSDT,SELL,LIMIT,1701097040216,171.82,14.047
LINKUSDT,SELL,LIMIT,1701097042402,13.18,14.044
LINKUSDT,SELL,LIMIT,1701097044703,120.54,14.043
LINKUSDT,SELL,LIMIT,1701097079510,23.00,14.041
LINKUSDT,SELL,LIMIT,1701097091067,20.00,14.039
LINKUSDT,SELL,LIMIT,1701097093420,2.09,14.039
LINKUSDT,SELL,LIMIT,1701097094584,929.42,14.015
LINKUSDT,SELL,LIMIT,1701097095822,19.52,14.036
LINKUSDT,SELL,LIMIT,1701097097151,5.61,14.034
LINKUSDT,SELL,LIMIT,1701097098157,3.15,14.029
LINKUSDT,SELL,LIMIT,1701097099292,349.22,14.023
LINKUSDT,SELL,LIMIT,1701097100334,3.41,14.023
LINKUSDT,SELL,LIMIT,1701097101317,15.05,14.019
LINKUSDT,BUY,LIMIT,1701097369287,234.67,14.290
LINKUSDT,BUY,LIMIT,1701098236210,75.59,14.376
LINKUSDT,BUY,LIMIT,1701098238128,8.02,14.377
LINKUSDT,BUY,LIMIT,1701098360465,2.00,14.382
LINKUSDT,BUY,LIMIT,1701098555870,3.21,14.387
LINKUSDT,SELL,LIMIT,1701099968306,302.06,14.125
LINKUSDT,SELL,LIMIT,1701099985033,15.94,14.118
LINKUSDT,SELL,LIMIT,1701100021397,13.06,14.107
LINKUSDT,SELL,LIMIT,1701100022895,13.99,14.106
LINKUSDT,SELL,LIMIT,1701100025103,129.38,14.104
LINKUSDT,SELL,LIMIT,1701100071527,3.87,14.095
LINKUSDT,SELL,LIMIT,1701100075146,20.59,14.092
LINKUSDT,SELL,LIMIT,1701100094457,8.27,14.082
LINKUSDT,SELL,LIMIT,1701100130743,1.77,14.078
LINKUSDT,SELL,LIMIT,1701100155000,2.80,14.069
LINKUSDT,SELL,LIMIT,1701100208250,48.48,14.064
LINKUSDT,SELL,LIMIT,1701100212659,30.99,14.058
LINKUSDT,SELL,LIMIT,1701100216036,180.00,14.055
LINKUSDT,SELL,LIMIT,1701100221376,3.46,14.056
LINKUSDT,SELL,LIMIT,1701100330299,170.16,14.069
LINKUSDT,SELL,LIMIT,1701100530589,13.82,14.060
LINKUSDT,SELL,LIMIT,1701100536439,70.00,14.058
LINKUSDT,SELL,LIMIT,1701100574075,12.39,14.036
LINKUSDT,SELL,LIMIT,1701100619457,103.63,14.020
LINKUSDT,SELL,LIMIT,1701100623399,458.08,14.016
LINKUSDT,SELL,LIMIT,1701100628070,3.19,14.013
LINKUSDT,SELL,LIMIT,1701100629404,90.18,14.013
LINKUSDT,SELL,LIMIT,1701100631045,4.66,14.009
LINKUSDT,SELL,LIMIT,1701100632328,12.97,14.009
LINKUSDT,SELL,LIMIT,1701100636700,72.98,14.008
LINKUSDT,SELL,LIMIT,1701100638196,37.95,14.004
LINKUSDT,SELL,LIMIT,1701100640323,18.50,13.994
LINKUSDT,SELL,LIMIT,1701100641212,21.20,13.990
LINKUSDT,SELL,LIMIT,1701100643106,9.98,13.989
LINKUSDT,SELL,LIMIT,1701100935116,36.16,14.020
LINKUSDT,SELL,LIMIT,1701101006071,10.00,14.037
LINKUSDT,SELL,LIMIT,1701101048048,196.54,14.054
LINKUSDT,SELL,LIMIT,1701101081800,350.31,14.056
LINKUSDT,SELL,LIMIT,1701101140921,19.80,14.038
LINKUSDT,BUY,LIMIT,1701101854104,6.78,14.274
LINKUSDT,BUY,LIMIT,1701101888023,247.64,14.294
LINKUSDT,SELL,LIMIT,1701102144677,342.74,14.093
LINKUSDT,BUY,LIMIT,1701103486694,3.80,14.328
LINKUSDT,SELL,LIMIT,1701103924895,4.00,14.313
LINKUSDT,BUY,LIMIT,1701104760619,51.05,14.348
LINKUSDT,BUY,LIMIT,1701104834440,11.51,14.358
LINKUSDT,BUY,LIMIT,1701105066975,3.51,14.366
LINKUSDT,SELL,LIMIT,1701106387154,34.82,14.198
LINKUSDT,SELL,LIMIT,1701107899017,194.99,14.087
LINKUSDT,SELL,LIMIT,1701111166089,7.14,14.072
LINKUSDT,SELL,LIMIT,1701111191838,12.41,14.069
LINKUSDT,SELL,LIMIT,1701111200255,27.43,14.061
LINKUSDT,SELL,LIMIT,1701111216203,1.56,14.059
LINKUSDT,SELL,LIMIT,1701111241390,122.60,14.046
LINKUSDT,SELL,LIMIT,1701111572065,7.65,14.040
LINKUSDT,SELL,LIMIT,1701111579314,9.71,14.038
LINKUSDT,SELL,LIMIT,1701111599271,4.35,14.036
LINKUSDT,SELL,LIMIT,1701111600329,56.34,14.036
LINKUSDT,SELL,LIMIT,1701111914167,62.93,14.052
LINKUSDT,SELL,LIMIT,1701112031302,3.12,14.021
LINKUSDT,SELL,LIMIT,1701112036072,53.32,14.018
LINKUSDT,SELL,LIMIT,1701112056204,11.04,14.014
LINKUSDT,SELL,LIMIT,1701112081108,318.91,13.999
LINKUSDT,SELL,LIMIT,1701112120351,6.99,13.998
LINKUSDT,SELL,LIMIT,1701112127772,6.87,13.996
LINKUSDT,SELL,LIMIT,1701112135279,1.44,13.994
LINKUSDT,SELL,LIMIT,1701112166435,2.89,13.987
LINKUSDT,SELL,LIMIT,1701112175827,57.90,13.984
LINKUSDT,SELL,LIMIT,1701112177308,13.57,13.978
LINKUSDT,SELL,LIMIT,1701112178316,12.08,13.980
LINKUSDT,SELL,LIMIT,1701112191944,1.84,13.973
LINKUSDT,SELL,LIMIT,1701112194715,97.89,13.974
LINKUSDT,SELL,LIMIT,1701112213871,24.71,13.970
LINKUSDT,SELL,LIMIT,1701112214919,26.76,13.969
LINKUSDT,SELL,LIMIT,1701112308639,111.51,13.968
LINKUSDT,SELL,LIMIT,1701112310486,750.00,13.956
LINKUSDT,SELL,LIMIT,1701113939084,3.95,13.959
LINKUSDT,SELL,LIMIT,1701113940202,29.01,13.958
LINKUSDT,SELL,LIMIT,1701114142066,37.54,13.956
LINKUSDT,SELL,LIMIT,1701114145833,5.28,13.955
LINKUSDT,SELL,LIMIT,1701114152237,3.36,13.953
LINKUSDT,SELL,LIMIT,1701114155391,1.48,13.952
LINKUSDT,SELL,LIMIT,1701114158618,82.82,13.948
LINKUSDT,SELL,LIMIT,1701114160180,12.43,13.943
LINKUSDT,SELL,LIMIT,1701114161398,3.35,13.936
LINKUSDT,SELL,LIMIT,1701114162294,16.77,13.925
LINKUSDT,SELL,LIMIT,1701114163156,1.65,13.932
LINKUSDT,SELL,LIMIT,1701114164252,85.63,13.917
LINKUSDT,SELL,LIMIT,1701114165324,84.23,13.917
LINKUSDT,SELL,LIMIT,1701114197175,600.00,13.911
LINKUSDT,SELL,LIMIT,1701114206544,3.53,13.914
LINKUSDT,SELL,LIMIT,1701114219680,266.94,13.912
LINKUSDT,SELL,LIMIT,1701114228448,38.05,13.911
LINKUSDT,SELL,LIMIT,1701114229759,173.89,13.904
LINKUSDT,SELL,LIMIT,1701114231261,27.74,13.904
LINKUSDT,SELL,LIMIT,1701114232318,52.52,13.901
LINKUSDT,SELL,LIMIT,1701114233377,21.23,13.894
LINKUSDT,SELL,LIMIT,1701114235163,20.54,13.891
LINKUSDT,SELL,LIMIT,1701114238298,11.40,13.870
LINKUSDT,SELL,LIMIT,1701114239433,88.60,13.870
LINKUSDT,SELL,LIMIT,1701114261153,96.82,13.868
LINKUSDT,SELL,LIMIT,1701114263086,29.58,13.865
LINKUSDT,SELL,LIMIT,1701114264150,24.53,13.865
LINKUSDT,SELL,LIMIT,1701114265627,33.28,13.861
LINKUSDT,SELL,LIMIT,1701114352848,5.26,13.873
LINKUSDT,SELL,LIMIT,1701114353883,270.84,13.873
LINKUSDT,SELL,LIMIT,1701114355054,675.18,13.861
LINKUSDT,SELL,LIMIT,1701114356792,34.88,13.865
LINKUSDT,SELL,LIMIT,1701114463459,21.25,13.861
LINKUSDT,SELL,LIMIT,1701114466137,173.01,13.852
LINKUSDT,SELL,LIMIT,1701114467264,6861.76,13.719
LINKUSDT,SELL,LIMIT,1701114468425,3.03,13.851
LINKUSDT,SELL,LIMIT,1701114471115,1.84,13.843
LINKUSDT,SELL,LIMIT,1701114475684,7.89,13.841
LINKUSDT,SELL,LIMIT,1701114476899,2073.82,13.791
LINKUSDT,SELL,LIMIT,1701114478006,185.07,13.835
LINKUSDT,SELL,LIMIT,1701114479091,38.26,13.832
LINKUSDT,SELL,LIMIT,1701114480164,1.44,13.829
LINKUSDT,SELL,LIMIT,1701114491758,12.80,13.827
LINKUSDT,SELL,LIMIT,1701114495156,173.56,13.822
LINKUSDT,SELL,LIMIT,1701114496188,2.11,13.816
LINKUSDT,SELL,LIMIT,1701114497285,133.31,13.817
LINKUSDT,SELL,LIMIT,1701114499394,5.61,13.816
LINKUSDT,SELL,LIMIT,1701114510154,5.45,13.920
LINKUSDT,SELL,LIMIT,1701114529992,92.91,13.814
LINKUSDT,SELL,LIMIT,1701114570296,0.01,13.837
LINKUSDT,SELL,LIMIT,1701116716812,2.04,13.874
LINKUSDT,SELL,LIMIT,1701116830192,20.24,13.845
LINKUSDT,SELL,LIMIT,1701116892155,4.26,13.824
LINKUSDT,SELL,LIMIT,1701116916051,6.25,13.819
LINKUSDT,SELL,LIMIT,1701117030550,149.96,13.833
LINKUSDT,BUY,LIMIT,1701119881862,359.68,14.100
LINKUSDT,BUY,LIMIT,1701119918874,1.59,14.110
LINKUSDT,BUY,LIMIT,1701120461920,59.51,14.117
LINKUSDT,BUY,LIMIT,1701120909865,12.96,14.146
LINKUSDT,BUY,LIMIT,1701120918318,276.29,14.152
LINKUSDT,BUY,LIMIT,1701121034154,24.57,14.171
LINKUSDT,SELL,LIMIT,1701121763540,253.09,14.011
LINKUSDT,BUY,LIMIT,1701121764633,1.50,14.126
LINKUSDT,SELL,LIMIT,1701122219674,70.01,13.980
LINKUSDT,SELL,LIMIT,1701126099134,6.00,14.425
LINKUSDT,BUY,LIMIT,1701126526243,28.23,14.191
LINKUSDT,BUY,LIMIT,1701126716377,3.46,14.214
LINKUSDT,BUY,LIMIT,1701126948670,196.39,14.238
LINKUSDT,BUY,LIMIT,1701127481105,23.27,14.271
LINKUSDT,BUY,LIMIT,1701127495325,4.78,14.276
LINKUSDT,BUY,LIMIT,1701131857400,361.76,14.331
LINKUSDT,BUY,LIMIT,1701131900046,31.70,14.350
LINKUSDT,BUY,LIMIT,1701131929539,25.80,14.363
LINKUSDT,SELL,LIMIT,1701137383041,3.34,14.097
LINKUSDT,SELL,LIMIT,1701137408250,17.30,14.093
LINKUSDT,SELL,LIMIT,1701137432025,14.20,14.096
LINKUSDT,SELL,LIMIT,1701143250019,36.03,14.072
LINKUSDT,SELL,LIMIT,1701143251321,195.99,14.072
LINKUSDT,SELL,LIMIT,1701143312210,52.61,14.065
LINKUSDT,SELL,LIMIT,1701144090691,5.68,14.047
LINKUSDT,SELL,LIMIT,1701144105468,12.28,14.032
LINKUSDT,SELL,LIMIT,1701144127598,73.90,14.024
LINKUSDT,SELL,LIMIT,1701144323199,20.52,14.019
LINKUSDT,SELL,LIMIT,1701144355568,9.56,14.015
LINKUSDT,SELL,LIMIT,1701144389393,155.56,14.014
LINKUSDT,SELL,LIMIT,1701145881111,63.16,14.010
LINKUSDT,SELL,LIMIT,1701145893268,20.05,14.006
LINKUSDT,SELL,LIMIT,1701145950727,297.06,13.998
LINKUSDT,SELL,LIMIT,1701146040195,5.62,13.983
LINKUSDT,SELL,LIMIT,1701146041313,2.13,13.979
LINKUSDT,SELL,LIMIT,1701146613331,6.61,13.972
LINKUSDT,SELL,LIMIT,1701146615703,21.19,13.971
LINKUSDT,SELL,LIMIT,1701146783196,450.00,13.960
LINKUSDT,SELL,LIMIT,1701146836619,82.86,13.960
LINKUSDT,SELL,LIMIT,1701146964351,60.86,13.953
LINKUSDT,SELL,LIMIT,1701147056155,54.07,13.952
LINKUSDT,SELL,LIMIT,1701147081326,54.61,13.955
LINKUSDT,SELL,LIMIT,1701147236054,1.50,13.950
LINKUSDT,SELL,LIMIT,1701147799975,18.54,13.956
LINKUSDT,SELL,LIMIT,1701147875878,49.38,13.936
LINKUSDT,SELL,LIMIT,1701147878179,200.74,13.923
LINKUSDT,SELL,LIMIT,1701147896010,202.25,13.911
LINKUSDT,SELL,LIMIT,1701147915159,2.39,13.907
LINKUSDT,SELL,LIMIT,1701147921161,26.15,13.903
LINKUSDT,SELL,LIMIT,1701147924031,47.93,13.898
LINKUSDT,SELL,LIMIT,1701147926788,1.92,13.896
LINKUSDT,SELL,LIMIT,1701148008244,2.00,13.894
LINKUSDT,SELL,LIMIT,1701148075200,34.90,13.872
LINKUSDT,SELL,LIMIT,1701148116050,14.26,13.866
LINKUSDT,SELL,LIMIT,1701148134109,100.00,13.856
LINKUSDT,SELL,LIMIT,1701148221292,213.54,13.849
LINKUSDT,SELL,LIMIT,1701148224326,356.50,13.842
LINKUSDT,SELL,LIMIT,1701148230091,1.67,14.272
LINKUSDT,SELL,LIMIT,1701148238539,595.02,13.831
LINKUSDT,SELL,LIMIT,1701148259420,164.20,13.835
LINKUSDT,SELL,LIMIT,1701148940268,16.09,13.845
LINKUSDT,SELL,LIMIT,1701148942165,25.94,13.852
LINKUSDT,SELL,LIMIT,1701149057094,29.08,13.829
LINKUSDT,SELL,LIMIT,1701149089618,354.58,13.826
LINKUSDT,SELL,LIMIT,1701149090661,91.24,13.824
LINKUSDT,SELL,LIMIT,1701149690343,80.00,13.828
LINKUSDT,SELL,LIMIT,1701149699841,424.95,13.824
LINKUSDT,SELL,LIMIT,1701149759379,352.80,13.822
LINKUSDT,SELL,LIMIT,1701149771057,3.86,13.818
LINKUSDT,SELL,LIMIT,1701149772410,5.18,13.815
LINKUSDT,SELL,LIMIT,1701149774070,62.51,13.808
LINKUSDT,SELL,LIMIT,1701149781274,8.69,13.803
LINKUSDT,SELL,LIMIT,1701149786515,62.65,13.803
LINKUSDT,SELL,LIMIT,1701149823482,35.34,13.799
LINKUSDT,SELL,LIMIT,1701149825276,27.85,13.795
LINKUSDT,SELL,LIMIT,1701149833218,1225.20,13.762
LINKUSDT,SELL,LIMIT,1701149838235,88.88,13.793
LINKUSDT,SELL,LIMIT,1701149841150,33.25,13.781
LINKUSDT,SELL,LIMIT,1701149842201,37.95,13.789
LINKUSDT,SELL,LIMIT,1701149844300,3.50,13.775
LINKUSDT,SELL,LIMIT,1701149845729,1000.00,13.749
LINKUSDT,SELL,LIMIT,1701149847163,98.96,13.772
LINKUSDT,SELL,LIMIT,1701149849154,159.66,13.768
LINKUSDT,SELL,LIMIT,1701149850182,9.42,13.767
LINKUSDT,SELL,LIMIT,1701149851218,27.54,13.765
LINKUSDT,SELL,LIMIT,1701149853529,7.43,13.762
LINKUSDT,SELL,LIMIT,1701149886873,110.62,13.762
LINKUSDT,SELL,LIMIT,1701149890458,20.52,13.760
LINKUSDT,SELL,LIMIT,1701149891961,125.57,13.760
LINKUSDT,SELL,LIMIT,1701149895217,160.33,13.758
LINKUSDT,SELL,LIMIT,1701149897407,2.75,13.757
LINKUSDT,SELL,LIMIT,1701150750142,1.37,13.755
LINKUSDT,SELL,LIMIT,1701150855388,13.76,13.752
LINKUSDT,SELL,LIMIT,1701150872398,84.31,13.750
LINKUSDT,SELL,LIMIT,1701150878083,4.76,13.748
LINKUSDT,SELL,LIMIT,1701150879143,31.11,13.748
LINKUSDT,SELL,LIMIT,1701150880703,12.11,13.747
LINKUSDT,SELL,LIMIT,1701150889201,14.74,13.743
LINKUSDT,SELL,LIMIT,1701151251243,8.66,13.744
LINKUSDT,SELL,LIMIT,1701151256152,22.10,13.739
LINKUSDT,SELL,LIMIT,1701151259790,353.23,13.739
LINKUSDT,SELL,LIMIT,1701151263536,746.84,13.730
LINKUSDT,SELL,LIMIT,1701151266928,3.46,13.739
LINKUSDT,SELL,LIMIT,1701151268155,133.03,13.738
LINKUSDT,SELL,LIMIT,1701151269628,131.15,13.736
LINKUSDT,SELL,LIMIT,1701151270680,2.25,13.735
LINKUSDT,SELL,LIMIT,1701151273267,11.98,13.737
LINKUSDT,SELL,LIMIT,1701151482178,69.91,13.734
LINKUSDT,SELL,LIMIT,1701151487116,136.23,13.732
LINKUSDT,SELL,LIMIT,1701151488141,1.52,13.724
LINKUSDT,SELL,LIMIT,1701151614488,5.54,13.727
LINKUSDT,SELL,LIMIT,1701151623063,58.33,13.719
LINKUSDT,SELL,LIMIT,1701151625120,140.38,13.718
LINKUSDT,SELL,LIMIT,1701151628146,84.50,13.716
LINKUSDT,SELL,LIMIT,1701151629158,396.83,13.716
LINKUSDT,SELL,LIMIT,1701151631119,787.22,13.702
LINKUSDT,SELL,LIMIT,1701151632410,69.85,13.711
LINKUSDT,BUY,LIMIT,1701152144522,362.13,13.946
LINKUSDT,BUY,LIMIT,1701152327684,29.93,13.980
LINKUSDT,BUY,LIMIT,1701152361126,5.40,13.991
LINKUSDT,BUY,LIMIT,1701153309623,101.02,14.035
LINKUSDT,SELL,LIMIT,1701154329285,9.79,13.891
LINKUSDT,SELL,LIMIT,1701156275589,11.69,13.836
LINKUSDT,SELL,LIMIT,1701156287088,105.61,13.824
LINKUSDT,SELL,LIMIT,1701156371677,6.23,13.809
LINKUSDT,SELL,LIMIT,1701156517208,25.42,13.790
LINKUSDT,SELL,LIMIT,1701156561283,1.50,13.785
LINKUSDT,BUY,LIMIT,1701157942861,1.59,14.046
LINKUSDT,BUY,LIMIT,1701158139071,1.56,14.071
LINKUSDT,BUY,LIMIT,1701164103324,55.25,14.094
LINKUSDT,BUY,LIMIT,1701164281175,269.82,14.107
LINKUSDT,BUY,LIMIT,1701164282789,1.50,14.112
LINKUSDT,BUY,LIMIT,1701164292321,25.43,14.123
LINKUSDT,BUY,LIMIT,1701164293816,182.02,14.123
LINKUSDT,BUY,LIMIT,1701164400458,81.65,14.119
LINKUSDT,BUY,LIMIT,1701164415732,4.29,14.150
LINKUSDT,BUY,LIMIT,1701164433175,42.63,14.154
LINKUSDT,BUY,LIMIT,1701164562618,25.47,14.166
LINKUSDT,BUY,LIMIT,1701164564156,14.15,14.168
LINKUSDT,BUY,LIMIT,1701164566260,6.50,14.172
LINKUSDT,BUY,LIMIT,1701164571099,4.76,14.185
LINKUSDT,BUY,LIMIT,1701164572225,357.14,14.183
LINKUSDT,BUY,LIMIT,1701164730405,134.48,14.198
LINKUSDT,BUY,LIMIT,1701165002838,71.45,14.207
LINKUSDT,BUY,LIMIT,1701165009210,16.43,14.211
LINKUSDT,BUY,LIMIT,1701166555232,5.18,14.236
LINKUSDT,BUY,LIMIT,1701166594881,357.14,14.241
LINKUSDT,BUY,LIMIT,1701166601183,3.62,14.245
LINKUSDT,BUY,LIMIT,1701166662361,15.72,14.254
LINKUSDT,BUY,LIMIT,1701166666633,556.49,14.262
LINKUSDT,BUY,LIMIT,1701166674955,9.78,14.261
LINKUSDT,BUY,LIMIT,1701166676095,3.50,14.264
LINKUSDT,BUY,LIMIT,1701166687866,29.20,14.265
LINKUSDT,BUY,LIMIT,1701166892165,34.28,14.280
LINKUSDT,BUY,LIMIT,1701170519397,1.76,14.295
LINKUSDT,BUY,LIMIT,1701170614019,5.55,14.311
LINKUSDT,BUY,LIMIT,1701170616146,39.39,14.312
LINKUSDT,BUY,LIMIT,1701170664608,10.73,14.317
LINKUSDT,BUY,LIMIT,1701170727482,157.62,14.318
LINKUSDT,BUY,LIMIT,1701170738684,7.90,14.328
LINKUSDT,BUY,LIMIT,1701170759614,10.48,14.329
LINKUSDT,BUY,LIMIT,1701171048342,3.23,14.336
LINKUSDT,BUY,LIMIT,1701171086935,71.63,14.340
LINKUSDT,BUY,LIMIT,1701171480237,1.11,14.304
LINKUSDT,SELL,LIMIT,1701172390430,55.06,14.216
LINKUSDT,BUY,LIMIT,1701172433236,7.06,14.360
LINKUSDT,BUY,LIMIT,1701172461131,3.69,14.364
LINKUSDT,BUY,LIMIT,1701172534988,13.89,14.374
LINKUSDT,BUY,LIMIT,1701172591394,386.89,14.387
LINKUSDT,BUY,LIMIT,1701172680578,3.60,14.387
LINKUSDT,BUY,LIMIT,1701178331284,36.22,14.366
LINKUSDT,BUY,LIMIT,1701178345212,719.94,14.379
LINKUSDT,BUY,LIMIT,1701178515635,14.06,14.389
LINKUSDT,BUY,LIMIT,1701179601602,14.09,14.410
LINKUSDT,BUY,LIMIT,1701179603865,7.80,14.414
LINKUSDT,BUY,LIMIT,1701179620627,37.98,14.415
LINKUSDT,BUY,LIMIT,1701179621661,8.44,14.416
LINKUSDT,BUY,LIMIT,1701179623867,39.35,14.419
LINKUSDT,BUY,LIMIT,1701179653533,5.09,14.433
LINKUSDT,BUY,LIMIT,1701179657171,4.01,14.437
LINKUSDT,BUY,LIMIT,1701179660403,1.90,14.439
LINKUSDT,BUY,LIMIT,1701179674427,88.62,14.447
LINKUSDT,BUY,LIMIT,1701179675933,106.76,14.451
