Symbol,Side,Order Type,Time,Quantity,Price
LINKUSDT,BUY,LIMIT,1700988677531,216.14,15.319
LINKUSDT,BUY,LIMIT,1700988679820,484.00,15.324
LINKUSDT,BUY,LIMIT,1700988681152,100.00,15.320
LINKUSDT,BUY,LIMIT,1700988683796,4.06,15.321
LINKUSDT,BUY,LIMIT,1700988706115,1.96,15.333
LINKUSDT,BUY,LIMIT,1700988713488,64.62,15.335
LINKUSDT,BUY,LIMIT,1700988719178,2019.58,15.391
LINKUSDT,BUY,LIMIT,1700988731664,1.75,15.340
LINKUSDT,BUY,LIMIT,1700988933563,85.93,15.343
LINKUSDT,BUY,LIMIT,1700988934698,138.17,15.345
LINKUSDT,BUY,LIMIT,1700988938559,44.43,15.346
LINKUSDT,BUY,LIMIT,1700988952465,1.71,15.345
LINKUSDT,BUY,LIMIT,1700988974573,35.19,15.346
LINKUSDT,BUY,LIMIT,1700988977111,19.29,15.348
LINKUSDT,BUY,LIMIT,1700988996333,14.47,15.349
LINKUSDT,BUY,LIMIT,1700989006787,111.05,15.350
LINKUSDT,BUY,LIMIT,1700989264239,25.90,15.359
LINKUSDT,BUY,LIMIT,1700989269192,17.51,15.362
LINKUSDT,BUY,LIMIT,1700989288972,56.04,15.370
LINKUSDT,BUY,LIMIT,1700989291237,30.00,15.371
LINKUSDT,BUY,LIMIT,1700989660743,1.40,15.376
LINKUSDT,BUY,LIMIT,1700989690280,350.33,15.381
LINKUSDT,BUY,LIMIT,1700989727251,11.51,15.388
LINKUSDT,BUY,LIMIT,1700989730195,242.18,15.394
LINKUSDT,BUY,LIMIT,1700989735103,55.19,15.398
LINKUSDT,BUY,LIMIT,1700989737097,68.34,15.402
LINKUSDT,BUY,LIMIT,1700989799112,403.56,15.407
LINKUSDT,SELL,LIMIT,1700991052148,192.29,15.117
LINKUSDT,SELL,LIMIT,1700993225435,4.28,15.098
LINKUSDT,SELL,LIMIT,1700994417106,22.07,15.084
LINKUSDT,SELL,LIMIT,1700994494513,46.88,15.078
LINKUSDT,SELL,LIMIT,1700996309198,99.39,15.049
LINKUSDT,SELL,LIMIT,1701000617168,4.60,15.094
LINKUSDT,SELL,LIMIT,1701001369515,114.85,15.031
LINKUSDT,SELL,LIMIT,1701001385603,14.46,15.025
LINKUSDT,SELL,LIMIT,1701001387242,13.45,15.020
LINKUSDT,SELL,LIMIT,1701001389120,5.69,15.014
LINKUSDT,SELL,LIMIT,1701001402928,30.52,15.010
LINKUSDT,SELL,LIMIT,1701001432965,2.63,15.000
LINKUSDT,SELL,LIMIT,1701001500438,32.29,15.002
LINKUSDT,SELL,LIMIT,1701001502428,76.09,14.979
LINKUSDT,SELL,LIMIT,1701001503780,11.11,14.975
LINKUSDT,BUY,LIMIT,1701002588154,4.20,15.135
LINKUSDT,SELL,LIMIT,1701005084815,26.37,14.968
LINKUSDT,SELL,LIMIT,1701005085971,4.00,14.964
LINKUSDT,SELL,LIMIT,1701005113854,147.20,14.955
LINKUSDT,SELL,LIMIT,1701005119079,11.46,14.953
LINKUSDT,SELL,LIMIT,1701005125753,326.04,14.944
LINKUSDT,SELL,LIMIT,1701006136391,3.22,14.937
LINKUSDT,SELL,LIMIT,1701006148616,51.23,14.935
LINKUSDT,SELL,LIMIT,1701006200807,2.30,14.921
LINKUSDT,SELL,LIMIT,1701006202270,1.40,14.919
LINKUSDT,SELL,LIMIT,1701006325762,14.27,14.910
LINKUSDT,SELL,LIMIT,1701008178080,86.53,14.960
LINKUSDT,SELL,LIMIT,1701008228034,63.80,14.901
LINKUSDT,SELL,LIMIT,1701008237832,16.21,14.894
LINKUSDT,SELL,LIMIT,1701008243666,402.33,14.882
LINKUSDT,SELL,LIMIT,1701008245177,10.87,14.884
LINKUSDT,SELL,LIMIT,1701008357527,65.88,14.872
LINKUSDT,SELL,LIMIT,1701008358904,92.97,14.870
LINKUSDT,SELL,LIMIT,1701008368714,23.86,14.859
LINKUSDT,SELL,LIMIT,1701008374933,1.75,14.851
LINKUSDT,SELL,LIMIT,1701008385008,91.29,14.848
LINKUSDT,SELL,LIMIT,1701008400308,10.72,14.842
LINKUSDT,SELL,LIMIT,1701008404528,183.57,14.841
LINKUSDT,SELL,LIMIT,1701008405728,23.94,14.836
LINKUSDT,SELL,LIMIT,1701008406903,85.41,14.831
LINKUSDT,SELL,LIMIT,1701008410608,94.52,14.813
LINKUSDT,SELL,LIMIT,1701008412426,243.73,14.807
LINKUSDT,SELL,LIMIT,1701008413995,330.39,14.805
LINKUSDT,SELL,LIMIT,1701008424460,5.38,14.803
LINKUSDT,SELL,LIMIT,1701008429241,9.43,14.803
LINKUSDT,SELL,LIMIT,1701008433115,7.92,14.790
LINKUSDT,SELL,LIMIT,1701008440227,100.96,14.770
LINKUSDT,SELL,LIMIT,1701008441252,23.17,14.763
LINKUSDT,SELL,LIMIT,1701008444617,2.93,14.749
LINKUSDT,SELL,LIMIT,1701008446836,11.71,14.749
LINKUSDT,SELL,LIMIT,1701008448196,1338.65,14.699
LINKUSDT,SELL,LIMIT,1701008449501,2.00,14.744
LINKUSDT,SELL,LIMIT,1701008451061,1.67,14.746
LINKUSDT,BUY,LIMIT,1701008719783,5.88,14.928
LINKUSDT,SELL,LIMIT,1701009014143,285.23,14.751
LINKUSDT,SELL,LIMIT,1701009015848,33.18,14.731
LINKUSDT,SELL,LIMIT,1701009019327,330.88,14.722
LINKUSDT,SELL,LIMIT,1701009260403,4.74,14.718
LINKUSDT,SELL,LIMIT,1701009261695,10.00,14.712
LINKUSDT,SELL,LIMIT,1701009263881,33.34,14.705
LINKUSDT,SELL,LIMIT,1701009265337,11.02,14.697
LINKUSDT,SELL,LIMIT,1701009272254,5.17,14.691
LINKUSDT,SELL,LIMIT,1701009284238,8.23,14.690
LINKUSDT,SELL,LIMIT,1701009286541,26.54,14.680
LINKUSDT,SELL,LIMIT,1701009288040,200.00,14.676
LINKUSDT,SELL,LIMIT,1701009289197,1.80,14.993
LINKUSDT,SELL,LIMIT,1701009290488,30.18,14.674
LINKUSDT,SELL,LIMIT,1701010404703,35.62,14.682
LINKUSDT,SELL,LIMIT,1701010474495,10.50,14.681
LINKUSDT,SELL,LIMIT,1701010723160,7.66,14.666
LINKUSDT,SELL,LIMIT,1701010724217,199.32,14.657
LINKUSDT,SELL,LIMIT,1701010870121,542.10,14.646
LINKUSDT,SELL,LIMIT,1701010874859,1000.00,14.623
LINKUSDT,SELL,LIMIT,1701010911607,21.14,14.647
LINKUSDT,SELL,LIMIT,1701010912824,1.42,14.645
LINKUSDT,BUY,LIMIT,1701012287892,1.51,14.948
LINKUSDT,BUY,LIMIT,1701012489531,49.50,14.967
LINKUSDT,BUY,LIMIT,1701012509484,125.18,14.968
LINKUSDT,BUY,LIMIT,1701012583123,3.99,14.995
LINKUSDT,BUY,LIMIT,1701012588601,36.36,14.995
LINKUSDT,BUY,LIMIT,1701012677356,1.63,15.017
LINKUSDT,SELL,LIMIT,1701013392242,4.32,14.773
LINKUSDT,SELL,LIMIT,1701013521444,141.90,14.743
LINKUSDT,SELL,LIMIT,1701013533108,46.46,14.735
LINKUSDT,SELL,LIMIT,1701013685292,110.02,14.738
LINKUSDT,SELL,LIMIT,1701013713676,6.94,14.720
LINKUSDT,SELL,LIMIT,1701013734538,17.56,14.711
LINKUSDT,SELL,LIMIT,1701013944426,226.67,14.727
LINKUSDT,SELL,LIMIT,1701013993917,3705.53,14.634
LINKUSDT,SELL,LIMIT,1701014014932,6.70,14.696
LINKUSDT,SELL,LIMIT,1701014033992,51.47,14.692
LINKUSDT,SELL,LIMIT,1701014041383,54.99,14.690
LINKUSDT,SELL,LIMIT,1701014043192,30.00,14.691
LINKUSDT,SELL,LIMIT,1701014057878,6.25,14.685
LINKUSDT,SELL,LIMIT,1701014059376,32.98,14.679
LINKUSDT,SELL,LIMIT,1701015169275,73.73,14.950
LINKUSDT,SELL,LIMIT,1701015644219,1.78,14.693
LINKUSDT,SELL,LIMIT,1701015659094,6.97,14.692
LINKUSDT,SELL,LIMIT,1701015661439,55.41,14.693
LINKUSDT,SELL,LIMIT,1701015670434,300.00,14.721
LINKUSDT,SELL,LIMIT,1701015673019,2.00,14.679
LINKUSDT,SELL,LIMIT,1701015675161,404.65,14.671
LINKUSDT,SELL,LIMIT,1701015682352,2.76,14.669
LINKUSDT,SELL,LIMIT,1701015684133,32.00,14.683
LINKUSDT,SELL,LIMIT,1701015685830,77.80,14.650
LINKUSDT,SELL,LIMIT,1701015733237,1.94,14.645
LINKUSDT,SELL,LIMIT,1701015740096,333.27,14.637
LINKUSDT,SELL,LIMIT,1701015741222,11.41,14.636
LINKUSDT,SELL,LIMIT,1701015746288,6.73,14.628
LINKUSDT,SELL,LIMIT,1701015747981,1.69,14.614
LINKUSDT,SELL,LIMIT,1701015762267,32.92,14.609
LINKUSDT,SELL,LIMIT,1701015806049,11.55,14.607
LINKUSDT,SELL,LIMIT,1701015836670,22.10,14.601
LINKUSDT,SELL,LIMIT,1701015867061,42.45,14.603
LINKUSDT,SELL,LIMIT,1701015869079,2.67,14.601
LINKUSDT,SELL,LIMIT,1701015870342,265.85,14.614
LINKUSDT,SELL,LIMIT,1701015873156,43.43,14.599
LINKUSDT,SELL,LIMIT,1701015874149,9.43,14.600
LINKUSDT,SELL,LIMIT,1701015906495,100.98,14.607
LINKUSDT,SELL,LIMIT,1701015999225,200.00,14.612
LINKUSDT,SELL,LIMIT,1701016013682,137.18,14.743
LINKUSDT,SELL,LIMIT,1701016015972,135.79,14.590
LINKUSDT,SELL,LIMIT,1701016019229,1.38,14.585
LINKUSDT,SELL,LIMIT,1701016020295,2.39,14.585
LINKUSDT,SELL,LIMIT,1701016022626,9.94,14.583
LINKUSDT,SELL,LIMIT,1701016026436,2.34,14.578
LINKUSDT,SELL,LIMIT,1701016027499,7.51,14.578
LINKUSDT,SELL,LIMIT,1701016029489,30.00,14.571
LINKUSDT,SELL,LIMIT,1701016030675,4.20,14.567
LINKUSDT,SELL,LIMIT,1701016031853,17.14,14.564
LINKUSDT,SELL,LIMIT,1701016032759,2.39,14.542
LINKUSDT,SELL,LIMIT,1701016033797,180.02,14.528
LINKUSDT,SELL,LIMIT,1701016034920,1.37,14.523
LINKUSDT,SELL,LIMIT,1701016035819,33.23,14.491
LINKUSDT,SELL,LIMIT,1701016037285,11.66,14.502
LINKUSDT,SELL,LIMIT,1701016039059,44.47,14.505
LINKUSDT,SELL,LIMIT,1701016040609,2980.00,14.422
LINKUSDT,SELL,LIMIT,1701016041708,782.23,14.458
LINKUSDT,SELL,LIMIT,1701016042715,1.38,14.451
LINKUSDT,SELL,LIMIT,1701016043837,338.60,14.450
LINKUSDT,SELL,LIMIT,1701016044686,61.45,14.447
LINKUSDT,SELL,LIMIT,1701016045524,67.70,14.495
LINKUSDT,SELL,LIMIT,1701016046408,216.09,14.432
LINKUSDT,SELL,LIMIT,1701016047322,13.30,14.423
LINKUSDT,SELL,LIMIT,1701016048140,349.55,14.423
LINKUSDT,SELL,LIMIT,1701016049210,76.84,14.414
LINKUSDT,SELL,LIMIT,1701016050131,1.32,14.379
LINKUSDT,SELL,LIMIT,1701016050939,63.20,14.380
LINKUSDT,SELL,LIMIT,1701016051910,133.81,14.349
LINKUSDT,SELL,LIMIT,1701016090277,102.75,14.398
LINKUSDT,SELL,LIMIT,1701016098417,70.89,14.380
LINKUSDT,SELL,LIMIT,1701016100061,5.88,14.375
LINKUSDT,SELL,LIMIT,1701016101745,110.00,14.357
LINKUSDT,SELL,LIMIT,1701016102438,19.91,14.426
LINKUSDT,SELL,LIMIT,1701016103219,2634.32,14.319
LINKUSDT,BUY,LIMIT,1701016405203,4.87,14.671
LINKUSDT,BUY,LIMIT,1701018226433,2.59,14.742
LINKUSDT,BUY,LIMIT,1701018239704,26.82,14.749
LINKUSDT,BUY,LIMIT,1701018246154,21.53,14.755
LINKUSDT,BUY,LIMIT,1701018439207,1.60,14.805
LINKUSDT,BUY,LIMIT,1701018484091,37.49,14.819
LINKUSDT,BUY,LIMIT,1701018572871,10.34,14.835
LINKUSDT,SELL,LIMIT,1701019963126,14.17,14.655
LINKUSDT,BUY,LIMIT,1701020044959,61.82,14.806
LINKUSDT,BUY,LIMIT,1701022407117,498.96,14.844
LINKUSDT,SELL,LIMIT,1701023045236,14.59,14.570
LINKUSDT,SELL,LIMIT,1701023354205,208.66,14.546
LINKUSDT,SELL,LIMIT,1701023841043,1.88,14.523
LINKUSDT,SELL,LIMIT,1701026414590,22.20,14.489
LINKUSDT,BUY,LIMIT,1701028798063,81.32,14.746
LINKUSDT,BUY,LIMIT,1701030207715,14.00,14.725
LINKUSDT,BUY,LIMIT,1701031366462,3.31,14.754
LINKUSDT,BUY,LIMIT,1701031389107,44.74,14.775
LINKUSDT,BUY,LIMIT,1701031590463,13.44,14.738
LINKUSDT,BUY,LIMIT,1701031600873,2.98,14.805
LINKUSDT,BUY,LIMIT,1701031664270,5.96,14.835
LINKUSDT,BUY,LIMIT,1701031676134,21.06,14.833
LINKUSDT,BUY,LIMIT,1701031679290,337.38,14.828
LINKUSDT,BUY,LIMIT,1701031746484,1.56,14.856
LINKUSDT,BUY,LIMIT,1701031748834,70.86,14.859
LINKUSDT,BUY,LIMIT,1701031752736,49.01,14.852
LINKUSDT,BUY,LIMIT,1701031763930,19.58,14.860
LINKUSDT,BUY,LIMIT,1701031767584,107.74,14.864
LINKUSDT,BUY,LIMIT,1701031787229,102.60,14.860
LINKUSDT,BUY,LIMIT,1701031800624,1.96,14.877
LINKUSDT,BUY,LIMIT,1701032411189,671.38,14.890
LINKUSDT,BUY,LIMIT,1701032419467,40.37,14.884
LINKUSDT,BUY,LIMIT,1701032481472,10.69,14.893
LINKUSDT,BUY,LIMIT,1701032498397,32.50,14.890
LINKUSDT,SELL,LIMIT,1701034627865,282.51,14.642
LINKUSDT,BUY,LIMIT,1701036191912,210.72,14.899
LINKUSDT,BUY,LIMIT,1701036193297,57.77,14.905
LINKUSDT,BUY,LIMIT,1701036222961,2.15,14.908
LINKUSDT,BUY,LIMIT,1701036352141,10.12,14.920
LINKUSDT,BUY,LIMIT,1701036354851,1.94,14.928
LINKUSDT,SELL,LIMIT,1701039786052,39.39,14.744
LINKUSDT,SELL,LIMIT,1701039934446,12.71,14.716
LINKUSDT,SELL,LIMIT,1701040141254,25.88,14.668
LINKUSDT,BUY,LIMIT,1701044469625,2.90,14.951
LINKUSDT,BUY,LIMIT,1701044481319,14.05,14.955
LINKUSDT,BUY,LIMIT,1701044505569,24.14,14.963
LINKUSDT,BUY,LIMIT,1701044525047,4.39,14.974
LINKUSDT,BUY,LIMIT,1701044526756,10.07,14.978
LINKUSDT,BUY,LIMIT,1701044535369,1.55,14.982
LINKUSDT,BUY,LIMIT,1701044621100,2.03,14.994
LINKUSDT,BUY,LIMIT,1701044623813,5.25,14.997
LINKUSDT,BUY,LIMIT,1701044637604,14.26,15.004
LINKUSDT,BUY,LIMIT,1701044668357,3.88,15.020
LINKUSDT,BUY,LIMIT,1701044697198,3.70,15.020
LINKUSDT,BUY,LIMIT,1701044702495,82.41,15.027
LINKUSDT,BUY,LIMIT,1701044799129,8.87,15.040
LINKUSDT,BUY,LIMIT,1701044807314,10.13,15.044
LINKUSDT,BUY,LIMIT,1701044830407,40.66,15.049
LINKUSDT,BUY,LIMIT,1701044835088,1.41,15.050
LINKUSDT,BUY,LIMIT,1701044863305,52.01,15.069
LINKUSDT,BUY,LIMIT,1701044871105,167.99,15.072
LINKUSDT,BUY,LIMIT,1701044877210,66.36,15.075
LINKUSDT,BUY,LIMIT,1701045097911,29.01,15.069
LINKUSDT,BUY,LIMIT,1701045533039,339.25,15.079
LINKUSDT,BUY,LIMIT,1701045534172,17.98,15.084
LINKUSDT,BUY,LIMIT,1701045551494,140.57,15.111
LINKUSDT,BUY,LIMIT,1701045560091,338.71,15.120
LINKUSDT,BUY,LIMIT,1701045566152,8.86,15.121
LINKUSDT,BUY,LIMIT,1701045568249,5.00,15.122
LINKUSDT,BUY,LIMIT,1701045755772,7.98,15.139
LINKUSDT,BUY,LIMIT,1701045761792,58.14,15.155
LINKUSDT,BUY,LIMIT,1701045765508,254.72,15.168
LINKUSDT,BUY,LIMIT,1701045768492,333.57,15.181
LINKUSDT,BUY,LIMIT,1701045772128,338.41,15.189
LINKUSDT,BUY,LIMIT,1701045779353,30.96,15.196
LINKUSDT,BUY,LIMIT,1701045782735,4.67,15.202
LINKUSDT,BUY,LIMIT,1701045784079,234.64,15.204
LINKUSDT,BUY,LIMIT,1701045788148,2819.50,15.262
LINKUSDT,BUY,LIMIT,1701045789810,7.96,15.207
LINKUSDT,BUY,LIMIT,1701045962274,9.36,15.222
LINKUSDT,BUY,LIMIT,1701045968216,13.18,15.229
LINKUSDT,BUY,LIMIT,1701045971494,1307.66,15.286
LINKUSDT,BUY,LIMIT,1701045983178,629.60,15.255
LINKUSDT,BUY,LIMIT,1701045984297,524.36,15.252
LINKUSDT,BUY,LIMIT,1701045989070,163.02,15.254
LINKUSDT,BUY,LIMIT,1701046032313,21.37,15.247
LINKUSDT,BUY,LIMIT,1701046100854,174.44,15.264
LINKUSDT,BUY,LIMIT,1701046385326,98.81,15.268
LINKUSDT,BUY,LIMIT,1701046392352,19.49,15.270
LINKUSDT,BUY,LIMIT,1701046398340,68.66,15.273
LINKUSDT,BUY,LIMIT,1701046431956,5.17,15.275
LINKUSDT,BUY,LIMIT,1701046548974,57.85,15.276
LINKUSDT,BUY,LIMIT,1701046617310,4.28,15.276
LINKUSDT,BUY,LIMIT,1701046629118,68.69,15.279
LINKUSDT,BUY,LIMIT,1701046752392,53.14,15.287
LINKUSDT,BUY,LIMIT,1701046763766,68.05,15.292
LINKUSDT,BUY,LIMIT,1701046780575,101.49,15.295
LINKUSDT,BUY,LIMIT,1701046784219,7.03,15.296
LINKUSDT,BUY,LIMIT,1701046785471,2.42,15.298
LINKUSDT,BUY,LIMIT,1701046811149,13.47,15.307
LINKUSDT,BUY,LIMIT,1701046812680,6.05,15.309
LINKUSDT,BUY,LIMIT,1701046814776,16.30,15.314
LINKUSDT,BUY,LIMIT,1701046839325,7.36,15.319
LINKUSDT,BUY,LIMIT,1701046849492,9.58,15.325
LINKUSDT,BUY,LIMIT,1701046890498,12.34,15.330
LINKUSDT,BUY,LIMIT,1701046928350,4.09,15.338
LINKUSDT,BUY,LIMIT,1701046929424,27.15,15.353
LINKUSDT,BUY,LIMIT,1701046934286,42.80,15.352
LINKUSDT,BUY,LIMIT,1701047004369,339.18,15.369
LINKUSDT,BUY,LIMIT,1701047034992,49.28,15.378
LINKUSDT,BUY,LIMIT,1701047201284,110.43,15.347
LINKUSDT,SELL,LIMIT,1701048114363,5.57,15.023
LINKUSDT,SELL,LIMIT,1701049514859,68.02,15.021
LINKUSDT,SELL,LIMIT,1701050320845,19.65,14.985
LINKUSDT,SELL,LIMIT,1701050402166,320.34,14.964
LINKUSDT,SELL,LIMIT,1701050405349,211.88,14.952
LINKUSDT,SELL,LIMIT,1701050737513,9.55,14.944
LINKUSDT,SELL,LIMIT,1701050738953,5.68,14.940
LINKUSDT,SELL,LIMIT,1701050798538,296.13,14.921
LINKUSDT,SELL,LIMIT,1701050829316,87.98,14.901
LINKUSDT,SELL,LIMIT,1701050832122,23.46,14.898
LINKUSDT,SELL,LIMIT,1701050834779,2.19,14.894
LINKUSDT,SELL,LIMIT,1701051336331,131.63,14.879
LINKUSDT,SELL,LIMIT,1701051913413,1.86,14.864
LINKUSDT,SELL,LIMIT,1701052862232,35.85,14.872
LINKUSDT,SELL,LIMIT,1701052881520,91.69,14.847
LINKUSDT,SELL,LIMIT,1701052929128,23.00,14.835
LINKUSDT,SELL,LIMIT,1701053052152,141.87,14.824
LINKUSDT,SELL,LIMIT,1701053063941,109.45,14.814
LINKUSDT,SELL,LIMIT,1701053151909,0.50,14.807
LINKUSDT,SELL,LIMIT,1701053171084,29.82,14.803
LINKUSDT,SELL,LIMIT,1701054350843,18.54,14.769
LINKUSDT,SELL,LIMIT,1701054362133,45.12,14.767
LINKUSDT,SELL,LIMIT,1701054378399,30.00,14.757
LINKUSDT,SELL,LIMIT,1701054445852,334.80,14.741
LINKUSDT,SELL,LIMIT,1701054453318,168.13,14.739
LINKUSDT,SELL,LIMIT,1701054456094,197.75,14.731
LINKUSDT,SELL,LIMIT,1701054461528,2.49,14.728
LINKUSDT,SELL,LIMIT,1701054468240,223.22,14.717
LINKUSDT,SELL,LIMIT,1701054471803,1.40,14.722
LINKUSDT,SELL,LIMIT,1701054472832,49.00,14.716
LINKUSDT,SELL,LIMIT,1701054486252,50.00,14.710
LINKUSDT,SELL,LIMIT,1701054976721,42.31,14.683
LINKUSDT,SELL,LIMIT,1701054979407,131.44,14.677
LINKUSDT,SELL,LIMIT,1701054981535,7.12,14.675
LINKUSDT,SELL,LIMIT,1701055050150,33.74,14.691
LINKUSDT,SELL,LIMIT,1701055062792,1.34,14.668
LINKUSDT,SELL,LIMIT,1701055165165,101.71,14.660
LINKUSDT,SELL,LIMIT,1701055166374,1.58,14.659
LINKUSDT,SELL,LIMIT,1701055477858,10.96,14.662
LINKUSDT,SELL,LIMIT,1701055516946,94.37,14.650
LINKUSDT,SELL,LIMIT,1701055611154,4.79,14.640
LINKUSDT,SELL,LIMIT,1701055669743,143.87,14.622
LINKUSDT,SELL,LIMIT,1701055673788,16.47,14.613
LINKUSDT,SELL,LIMIT,1701055675371,150.74,14.611
LINKUSDT,SELL,LIMIT,1701055684420,15.30,14.605
LINKUSDT,SELL,LIMIT,1701055696138,96.16,14.604
LINKUSDT,SELL,LIMIT,1701055697769,101.88,14.601
LINKUSDT,SELL,LIMIT,1701055753662,37.68,14.621
LINKUSDT,SELL,LIMIT,1701055829492,9.15,14.596
LINKUSDT,SELL,LIMIT,1701055932433,9.00,14.592
LINKUSDT,SELL,LIMIT,1701055937162,19.33,14.589
LINKUSDT,SELL,LIMIT,1701055972864,13.81,14.582
LINKUSDT,SELL,LIMIT,1701055978632,126.78,14.570
LINKUSDT,SELL,LIMIT,1701056011288,52.07,14.561
LINKUSDT,SELL,LIMIT,1701056017704,35.58,14.556
LINKUSDT,SELL,LIMIT,1701056028587,67.10,14.555
LINKUSDT,SELL,LIMIT,1701056042570,168.38,14.554
LINKUSDT,SELL,LIMIT,1701056055067,16.29,14.530
LINKUSDT,SELL,LIMIT,1701056056259,29.14,14.537
LINKUSDT,SELL,LIMIT,1701056091229,19.26,14.533
LINKUSDT,SELL,LIMIT,1701056140097,20.20,14.525
LINKUSDT,SELL,LIMIT,1701056149374,31.59,14.518
LINKUSDT,SELL,LIMIT,1701056160309,19.66,14.512
LINKUSDT,SELL,LIMIT,1701056216185,104.72,14.508
LINKUSDT,SELL,LIMIT,1701056247447,1.52,14.498
LINKUSDT,BUY,LIMIT,1701058177994,57.38,14.792
LINKUSDT,BUY,LIMIT,1701058282350,3.35,14.817
LINKUSDT,BUY,LIMIT,1701059724749,1.68,14.820
LINKUSDT,BUY,LIMIT,1701061047235,38.96,14.846
LINKUSDT,BUY,LIMIT,1701061158449,44.23,14.853
LINKUSDT,BUY,LIMIT,1701061207142,105.79,14.858
LINKUSDT,BUY,LIMIT,1701061209970,5.76,14.863
LINKUSDT,BUY,LIMIT,1701061276066,341.83,14.869
LINKUSDT,SELL,LIMIT,1701063553678,53.49,14.616
LINKUSDT,SELL,LIMIT,1701063602302,115.93,14.604
LINKUSDT,SELL,LIMIT,1701063607126,2.14,14.602
LINKUSDT,SELL,LIMIT,1701063683156,52.46,14.583
LINKUSDT,SELL,LIMIT,1701063686942,19.13,14.579
LINKUSDT,SELL,LIMIT,1701063692596,15.13,14.577
