Symbol,Side,Order Type,Time,Quantity,Price
LINKUSDT,BUY,LIMIT,1701916370292,1.93,15.538
LINKUSDT,BUY,LIMIT,1701917551480,32.55,15.560
LINKUSDT,BUY,LIMIT,1701920854776,58.54,15.519
LINKUSDT,BUY,LIMIT,1701922000351,2.30,15.593
LINKUSDT,BUY,LIMIT,1701922368371,165.52,15.626
LINKUSDT,BUY,LIMIT,1701923301642,220.11,15.667
LINKUSDT,BUY,LIMIT,1701924212825,164.11,15.706
LINKUSDT,BUY,LIMIT,1701924279012,39.03,15.715
LINKUSDT,BUY,LIMIT,1701924732344,61.21,15.727
LINKUSDT,BUY,LIMIT,1701924812828,3.47,15.746
LINKUSDT,BUY,LIMIT,1701925024074,28.04,15.748
LINKUSDT,BUY,LIMIT,1701925411318,19.17,15.775
LINKUSDT,BUY,LIMIT,1701925459979,40.54,15.784
LINKUSDT,BUY,LIMIT,1701925471475,72.83,15.789
LINKUSDT,BUY,LIMIT,1701925484463,27.33,15.796
LINKUSDT,BUY,LIMIT,1701925545794,99.25,15.803
LINKUSDT,BUY,LIMIT,1701927621071,63.81,15.787
LINKUSDT,SELL,LIMIT,1701930938537,63.00,15.503
LINKUSDT,BUY,LIMIT,1701934230706,0.47,15.679
LINKUSDT,SELL,LIMIT,1701936862182,318.08,15.455
LINKUSDT,SELL,LIMIT,1701936869649,63.87,15.449
LINKUSDT,SELL,LIMIT,1701936923394,320.40,15.414
LINKUSDT,SELL,LIMIT,1701936924424,37.28,15.413
LINKUSDT,SELL,LIMIT,1701936974386,1.59,15.405
LINKUSDT,SELL,LIMIT,1701936976558,6.07,15.404
LINKUSDT,SELL,LIMIT,1701937347227,8.77,15.386
LINKUSDT,SELL,LIMIT,1701937350403,8.87,15.384
LINKUSDT,SELL,LIMIT,1701937369208,242.40,15.381
LINKUSDT,SELL,LIMIT,1701937394281,39.09,15.376
LINKUSDT,SELL,LIMIT,1701937396201,9.00,15.373
LINKUSDT,SELL,LIMIT,1701937397346,320.53,15.367
LINKUSDT,SELL,LIMIT,1701937900387,316.81,15.364
LINKUSDT,BUY,LIMIT,1701938605049,29.17,15.654
LINKUSDT,BUY,LIMIT,1701938724215,131.37,15.668
LINKUSDT,SELL,LIMIT,1701939568433,100.00,15.351
LINKUSDT,SELL,LIMIT,1701939967240,96.58,15.327
LINKUSDT,SELL,LIMIT,1701939972965,98.49,15.312
LINKUSDT,SELL,LIMIT,1701939999279,1.29,15.327
LINKUSDT,SELL,LIMIT,1701940012072,48.00,15.310
LINKUSDT,SELL,LIMIT,1701940534848,10.00,15.307
LINKUSDT,SELL,LIMIT,1701940545581,5.10,15.306
LINKUSDT,SELL,LIMIT,1701940552288,12.34,15.300
LINKUSDT,SELL,LIMIT,1701940554788,4.52,15.305
LINKUSDT,SELL,LIMIT,1701940556584,21.23,15.302
LINKUSDT,SELL,LIMIT,1701940559811,56.63,15.303
LINKUSDT,SELL,LIMIT,1701940561186,42.53,15.287
LINKUSDT,SELL,LIMIT,1701940563255,163.56,15.277
LINKUSDT,SELL,LIMIT,1701940564361,38.84,15.281
LINKUSDT,SELL,LIMIT,1701940565757,16.18,15.270
LINKUSDT,SELL,LIMIT,1701940566865,13.26,15.271
LINKUSDT,SELL,LIMIT,1701940568263,5.00,15.258
LINKUSDT,SELL,LIMIT,1701940668567,72.09,15.257
LINKUSDT,SELL,LIMIT,1701940670086,66.31,15.253
LINKUSDT,SELL,LIMIT,1701940671211,14.37,15.248
LINKUSDT,SELL,LIMIT,1701940672348,8.00,15.250
LINKUSDT,SELL,LIMIT,1701941040116,322.37,15.221
LINKUSDT,SELL,LIMIT,1701941049338,128.94,15.215
LINKUSDT,SELL,LIMIT,1701941066301,20.41,15.209
LINKUSDT,SELL,LIMIT,1701941071359,129.19,15.199
LINKUSDT,SELL,LIMIT,1701941148805,10.00,15.203
LINKUSDT,SELL,LIMIT,1701941154077,3.05,15.186
LINKUSDT,SELL,LIMIT,1701941161488,3.11,15.181
LINKUSDT,SELL,LIMIT,1701941165200,6.15,15.179
LINKUSDT,SELL,LIMIT,1701941181099,1.80,15.167
LINKUSDT,SELL,LIMIT,1701941182212,11.53,15.156
LINKUSDT,SELL,LIMIT,1701941183433,90.03,15.156
LINKUSDT,SELL,LIMIT,1701941184807,10.48,15.159
LINKUSDT,SELL,LIMIT,1701941186024,27.03,15.153
LINKUSDT,SELL,LIMIT,1701941187103,7.30,15.131
LINKUSDT,SELL,LIMIT,1701941189101,10.05,15.116
LINKUSDT,SELL,LIMIT,1701941190139,17.04,15.130
LINKUSDT,SELL,LIMIT,1701941191157,108.73,15.111
LINKUSDT,SELL,LIMIT,1701941192862,284.38,15.104
LINKUSDT,SELL,LIMIT,1701941207112,97.22,15.102
LINKUSDT,SELL,LIMIT,1701941218648,24.10,15.098
LINKUSDT,SELL,LIMIT,1701941223614,2.38,15.103
LINKUSDT,SELL,LIMIT,1701941226249,14.86,15.097
LINKUSDT,SELL,LIMIT,1701941233119,38.00,15.092
LINKUSDT,SELL,LIMIT,1701941234634,182.23,15.088
LINKUSDT,SELL,LIMIT,1701941235722,50.83,15.086
LINKUSDT,SELL,LIMIT,1701941237255,214.60,15.080
LINKUSDT,SELL,LIMIT,1701941238353,398.25,15.075
LINKUSDT,SELL,LIMIT,1701941239555,20.80,15.063
LINKUSDT,SELL,LIMIT,1701941243061,48.56,15.055
LINKUSDT,SELL,LIMIT,1701941244148,134.36,15.054
LINKUSDT,SELL,LIMIT,1701941245323,30.52,15.048
LINKUSDT,SELL,LIMIT,1701941246388,7.68,15.048
LINKUSDT,SELL,LIMIT,1701941247717,208.96,15.039
LINKUSDT,BUY,LIMIT,1701942366481,22.93,15.449
LINKUSDT,BUY,LIMIT,1701942426061,38.52,15.467
LINKUSDT,BUY,LIMIT,1701942532264,32.70,15.488
LINKUSDT,BUY,LIMIT,1701942596011,626.76,15.503
LINKUSDT,SELL,LIMIT,1701943651672,172.16,15.208
LINKUSDT,SELL,LIMIT,1701943657810,120.95,15.207
LINKUSDT,SELL,LIMIT,1701946150067,120.00,15.177
LINKUSDT,SELL,LIMIT,1701946151366,231.76,15.162
LINKUSDT,SELL,LIMIT,1701946203655,2.74,15.130
LINKUSDT,SELL,LIMIT,1701946205118,217.85,15.128
LINKUSDT,SELL,LIMIT,1701946219715,5.68,15.126
LINKUSDT,SELL,LIMIT,1701946221141,40.00,15.125
LINKUSDT,SELL,LIMIT,1701946390324,1.31,15.107
LINKUSDT,SELL,LIMIT,1701946425121,28.25,15.065
LINKUSDT,SELL,LIMIT,1701946426339,53.03,15.068
LINKUSDT,SELL,LIMIT,1701946473282,1.28,15.032
LINKUSDT,SELL,LIMIT,1701946475686,65.09,15.033
LINKUSDT,SELL,LIMIT,1701946476762,432.40,15.025
LINKUSDT,SELL,LIMIT,1701946591339,1.31,15.014
LINKUSDT,SELL,LIMIT,1701946592373,115.34,15.011
LINKUSDT,SELL,LIMIT,1701946593454,5.00,14.999
LINKUSDT,SELL,LIMIT,1701946594733,1.39,14.996
LINKUSDT,SELL,LIMIT,1701946602411,15.38,14.990
LINKUSDT,SELL,LIMIT,1701946611731,325.56,14.993
LINKUSDT,BUY,LIMIT,1701948149097,159.88,15.271
LINKUSDT,BUY,LIMIT,1701948159639,52.97,15.282
LINKUSDT,BUY,LIMIT,1701948193309,32.65,15.283
LINKUSDT,SELL,LIMIT,1701948740106,4.30,15.087
LINKUSDT,SELL,LIMIT,1701949203317,15.06,15.010
LINKUSDT,SELL,LIMIT,1701949384144,5.49,15.000
LINKUSDT,SELL,LIMIT,1701949687835,12.67,14.985
LINKUSDT,SELL,LIMIT,1701949689508,1.25,14.985
LINKUSDT,SELL,LIMIT,1701949699366,1144.14,14.941
LINKUSDT,SELL,LIMIT,1701949702110,14.02,14.976
LINKUSDT,SELL,LIMIT,1701949703344,71.89,14.973
LINKUSDT,SELL,LIMIT,1701949704980,5.54,14.971
LINKUSDT,SELL,LIMIT,1701950626495,313.48,15.021
LINKUSDT,SELL,LIMIT,1701951318535,32.43,15.414
LINKUSDT,SELL,LIMIT,1701951337174,12.99,14.999
LINKUSDT,SELL,LIMIT,1701951560157,2.68,14.969
LINKUSDT,SELL,LIMIT,1701951564326,44.57,14.965
LINKUSDT,SELL,LIMIT,1701951567342,70.00,14.962
LINKUSDT,SELL,LIMIT,1701951569206,3.13,14.958
LINKUSDT,SELL,LIMIT,1701951575274,5.00,14.956
LINKUSDT,SELL,LIMIT,1701951577351,9.78,14.954
LINKUSDT,SELL,LIMIT,1701951580333,144.86,14.952
LINKUSDT,SELL,LIMIT,1701951585825,23.72,14.952
LINKUSDT,SELL,LIMIT,1701951588341,0.74,14.950
LINKUSDT,SELL,LIMIT,1701951597503,187.09,14.950
LINKUSDT,SELL,LIMIT,1701951601303,321.22,14.948
LINKUSDT,SELL,LIMIT,1701951602960,202.11,14.946
LINKUSDT,SELL,LIMIT,1701951606451,1.47,14.942
LINKUSDT,SELL,LIMIT,1701951788701,808.76,14.919
LINKUSDT,SELL,LIMIT,1701951790054,2.58,14.934
LINKUSDT,SELL,LIMIT,1701951791078,4.21,14.933
LINKUSDT,SELL,LIMIT,1701951792128,3579.91,14.818
LINKUSDT,SELL,LIMIT,1701951793265,373.94,14.888
LINKUSDT,SELL,LIMIT,1701951795308,1.34,14.873
LINKUSDT,SELL,LIMIT,1701951799072,169.68,14.869
LINKUSDT,SELL,LIMIT,1701951893573,15.00,14.869
LINKUSDT,SELL,LIMIT,1701951894709,72.58,14.845
LINKUSDT,SELL,LIMIT,1701951896018,345.99,14.841
LINKUSDT,SELL,LIMIT,1701951897317,126.06,14.840
LINKUSDT,SELL,LIMIT,1701951898342,2.56,14.825
LINKUSDT,SELL,LIMIT,1701951899357,28.05,14.805
LINKUSDT,SELL,LIMIT,1701951900375,117.34,14.795
LINKUSDT,SELL,LIMIT,1701951901396,665.64,14.786
LINKUSDT,SELL,LIMIT,1701951902460,2.86,14.747
LINKUSDT,SELL,LIMIT,1701951903464,6.45,14.743
LINKUSDT,SELL,LIMIT,1701951911074,7.50,14.743
LINKUSDT,SELL,LIMIT,1701951912379,20.51,14.744
LINKUSDT,SELL,LIMIT,1701951913595,41.81,14.730
LINKUSDT,SELL,LIMIT,1701951914640,1.53,14.713
LINKUSDT,SELL,LIMIT,1701951915718,20.02,14.695
LINKUSDT,SELL,LIMIT,1701951916725,94.41,14.676
LINKUSDT,SELL,LIMIT,1701951918061,30.00,14.663
LINKUSDT,SELL,LIMIT,1701951919161,101.41,14.657
LINKUSDT,SELL,LIMIT,1701951920162,10.19,14.646
LINKUSDT,SELL,LIMIT,1701951921296,12.18,14.643
LINKUSDT,BUY,LIMIT,1701952330569,24.66,15.011
LINKUSDT,BUY,LIMIT,1701953976591,0.01,15.072
LINKUSDT,SELL,LIMIT,1701956182210,334.21,14.752
LINKUSDT,SELL,LIMIT,1701956480622,144.74,14.744
LINKUSDT,SELL,LIMIT,1701956518007,12.83,14.738
LINKUSDT,SELL,LIMIT,1701956591123,67.07,14.733
LINKUSDT,SELL,LIMIT,1701956597407,5.01,14.727
LINKUSDT,SELL,LIMIT,1701956598517,41.57,14.722
LINKUSDT,SELL,LIMIT,1701956614151,5.90,14.706
LINKUSDT,SELL,LIMIT,1701956620171,16.21,14.699
LINKUSDT,SELL,LIMIT,1701956621356,61.48,14.696
LINKUSDT,BUY,LIMIT,1701959255260,65.35,14.976
LINKUSDT,BUY,LIMIT,1701959475096,50.65,14.995
LINKUSDT,BUY,LIMIT,1701959478686,153.07,15.001
LINKUSDT,BUY,LIMIT,1701959531113,6.36,15.014
LINKUSDT,BUY,LIMIT,1701959532178,264.09,15.038
LINKUSDT,BUY,LIMIT,1701959533438,4.26,15.023
LINKUSDT,BUY,LIMIT,1701961130322,88.86,15.081
LINKUSDT,BUY,LIMIT,1701961253226,20.26,15.094
LINKUSDT,BUY,LIMIT,1701961255458,62.93,15.097
LINKUSDT,BUY,LIMIT,1701961265099,71.64,15.099
LINKUSDT,BUY,LIMIT,1701961306080,1.27,15.151
LINKUSDT,BUY,LIMIT,1701962219620,13.11,15.196
LINKUSDT,BUY,LIMIT,1701962409383,3.44,15.212
LINKUSDT,BUY,LIMIT,1701962452180,167.57,15.218
LINKUSDT,BUY,LIMIT,1701962493288,1.46,15.223
LINKUSDT,BUY,LIMIT,1701962598152,98.25,15.265
LINKUSDT,BUY,LIMIT,1701962603166,90.80,15.271
LINKUSDT,BUY,LIMIT,1701962637312,234.30,15.279
LINKUSDT,BUY,LIMIT,1701962638464,17.14,15.304
LINKUSDT,BUY,LIMIT,1701962775096,55.14,15.352
LINKUSDT,BUY,LIMIT,1701962805665,2.98,15.373
LINKUSDT,BUY,LIMIT,1701962835485,20.00,15.392
LINKUSDT,BUY,LIMIT,1701962842447,7.64,15.402
LINKUSDT,BUY,LIMIT,1701962938105,6.52,15.411
LINKUSDT,BUY,LIMIT,1701963023597,5.98,15.431
LINKUSDT,BUY,LIMIT,1701963034632,148.46,15.435
LINKUSDT,BUY,LIMIT,1701963685251,1.29,15.400
LINKUSDT,SELL,LIMIT,1701964917314,133.62,15.111
LINKUSDT,SELL,LIMIT,1701964919407,18.75,15.105
LINKUSDT,BUY,LIMIT,1701965086399,19.33,15.381
LINKUSDT,BUY,LIMIT,1701965192099,1.59,15.404
LINKUSDT,BUY,LIMIT,1701965218337,26.69,15.417
LINKUSDT,BUY,LIMIT,1701965510351,80.27,15.426
LINKUSDT,BUY,LIMIT,1701965516099,76.31,15.435
LINKUSDT,BUY,LIMIT,1701965529751,50.97,15.456
LINKUSDT,SELL,LIMIT,1701965559103,5.00,15.962
LINKUSDT,BUY,LIMIT,1701965597076,39.35,15.485
LINKUSDT,BUY,LIMIT,1701965619942,16.62,15.489
LINKUSDT,BUY,LIMIT,1701965809806,1.92,15.496
LINKUSDT,BUY,LIMIT,1701965900842,7.49,15.515
LINKUSDT,BUY,LIMIT,1701965906717,4.41,15.516
LINKUSDT,BUY,LIMIT,1701966270606,11.04,15.539
LINKUSDT,SELL,LIMIT,1701966416752,0.03,15.381
LINKUSDT,BUY,LIMIT,1701966850167,240.33,15.535
LINKUSDT,BUY,LIMIT,1701968131766,2.01,15.548
LINKUSDT,BUY,LIMIT,1701968140177,26.14,15.554
LINKUSDT,BUY,LIMIT,1701968145455,327.50,15.559
LINKUSDT,BUY,LIMIT,1701968153796,39.79,15.568
LINKUSDT,BUY,LIMIT,1701968156180,37.39,15.570
LINKUSDT,BUY,LIMIT,1701968388613,117.60,15.575
LINKUSDT,BUY,LIMIT,1701968403128,81.28,15.581
LINKUSDT,BUY,LIMIT,1701969404097,29.59,15.599
LINKUSDT,BUY,LIMIT,1701969414044,1.35,15.606
LINKUSDT,BUY,LIMIT,1701969439320,4.50,15.608
LINKUSDT,BUY,LIMIT,1701969454551,2.49,15.618
LINKUSDT,BUY,LIMIT,1701969463423,486.64,15.634
LINKUSDT,BUY,LIMIT,1701969510357,3.50,15.640
LINKUSDT,BUY,LIMIT,1701969576524,1.65,15.664
LINKUSDT,BUY,LIMIT,1701969620133,9.48,15.668
LINKUSDT,BUY,LIMIT,1701969842492,94.02,15.671
LINKUSDT,BUY,LIMIT,1701969932949,20.06,15.684
LINKUSDT,BUY,LIMIT,1701970094355,24.07,15.698
LINKUSDT,BUY,LIMIT,1701970097833,1.49,15.700
LINKUSDT,BUY,LIMIT,1701970100395,113.27,15.703
LINKUSDT,BUY,LIMIT,1701970178899,44.99,15.704
LINKUSDT,SELL,LIMIT,1701970977428,14.48,15.419
LINKUSDT,SELL,LIMIT,1701970984113,1.79,15.412
LINKUSDT,SELL,LIMIT,1701970996226,320.36,15.401
LINKUSDT,SELL,LIMIT,1701970999023,17.84,15.394
LINKUSDT,SELL,LIMIT,1701971059236,34.68,15.371
LINKUSDT,SELL,LIMIT,1701971061083,144.03,15.366
LINKUSDT,SELL,LIMIT,1701971375000,78.71,15.354
LINKUSDT,SELL,LIMIT,1701971376291,61.47,15.349
LINKUSDT,SELL,LIMIT,1701971379964,3.48,15.338
LINKUSDT,SELL,LIMIT,1701971381235,140.00,15.341
LINKUSDT,SELL,LIMIT,1701971383080,103.75,15.334
LINKUSDT,BUY,LIMIT,1701971753362,38.68,15.588
LINKUSDT,SELL,LIMIT,1701973752402,0.93,15.387
LINKUSDT,SELL,LIMIT,1701974168048,14.01,15.312
LINKUSDT,SELL,LIMIT,1701974169430,314.52,15.309
LINKUSDT,SELL,LIMIT,1701974278561,251.94,15.286
LINKUSDT,SELL,LIMIT,1701974288376,5.49,15.300
LINKUSDT,SELL,LIMIT,1701974292573,107.81,15.281
LINKUSDT,SELL,LIMIT,1701974300404,1.78,15.277
LINKUSDT,SELL,LIMIT,1701974604492,3.22,15.267
LINKUSDT,SELL,LIMIT,1701974759657,43.82,15.260
LINKUSDT,SELL,LIMIT,1701975437317,30.00,15.246
LINKUSDT,SELL,LIMIT,1701975606192,88.22,15.236
LINKUSDT,SELL,LIMIT,1701975635670,20.00,15.232
LINKUSDT,SELL,LIMIT,1701975640118,3.35,15.220
LINKUSDT,SELL,LIMIT,1701975644919,35.02,15.214
LINKUSDT,SELL,LIMIT,1701976451856,94.28,15.219
LINKUSDT,SELL,LIMIT,1701976476814,47.00,15.208
LINKUSDT,SELL,LIMIT,1701976484383,15.90,15.200
LINKUSDT,SELL,LIMIT,1701976682648,24.82,15.187
LINKUSDT,SELL,LIMIT,1701976859409,2.00,15.179
LINKUSDT,SELL,LIMIT,1701977277286,48.15,15.145
LINKUSDT,SELL,LIMIT,1701977295887,166.83,15.134
LINKUSDT,SELL,LIMIT,1701977297185,1.35,15.131
LINKUSDT,SELL,LIMIT,1701977298226,55.42,15.121
LINKUSDT,SELL,LIMIT,1701977337055,4.35,15.115
LINKUSDT,SELL,LIMIT,1701977339936,18.80,15.113
LINKUSDT,SELL,LIMIT,1701978228302,10.00,15.140
LINKUSDT,BUY,LIMIT,1701979848594,82.20,15.401
LINKUSDT,BUY,LIMIT,1701979901089,34.40,15.406
LINKUSDT,BUY,LIMIT,1701980013776,11.50,15.415
LINKUSDT,SELL,LIMIT,1701981551105,1.88,15.127
LINKUSDT,BUY,LIMIT,1701981570997,26.24,15.226
LINKUSDT,SELL,LIMIT,1701981621249,336.24,15.117
LINKUSDT,BUY,LIMIT,1701982994946,11.69,15.386
LINKUSDT,BUY,LIMIT,1701983037559,14.00,15.397
LINKUSDT,BUY,LIMIT,1701983424023,51.26,15.424
LINKUSDT,BUY,LIMIT,1701983872122,49.24,15.457
LINKUSDT,BUY,LIMIT,1701983881178,3.17,15.471
LINKUSDT,BUY,LIMIT,1701983891913,61.85,15.494
LINKUSDT,BUY,LIMIT,1701983903674,655.73,15.452
LINKUSDT,BUY,LIMIT,1701984526373,0.03,15.518
LINKUSDT,BUY,LIMIT,1701984527673,77.69,15.520
LINKUSDT,BUY,LIMIT,1701984593186,22.35,15.523
LINKUSDT,BUY,LIMIT,1701984709184,4.78,15.549
LINKUSDT,BUY,LIMIT,1701984733808,1.55,15.557
LINKUSDT,BUY,LIMIT,1701984752557,112.70,15.573
LINKUSDT,BUY,LIMIT,1701984758398,6.13,15.585
LINKUSDT,BUY,LIMIT,1701984771694,959.24,15.614
LINKUSDT,BUY,LIMIT,1701984839267,477.86,15.612
LINKUSDT,BUY,LIMIT,1701984912688,48.71,15.632
LINKUSDT,BUY,LIMIT,1701984915013,5.16,15.634
LINKUSDT,BUY,LIMIT,1701985118142,3.12,15.674
LINKUSDT,BUY,LIMIT,1701985120178,5.86,15.678
LINKUSDT,BUY,LIMIT,1701985528143,112.76,15.676
LINKUSDT,BUY,LIMIT,1701986132229,13.14,15.713
LINKUSDT,BUY,LIMIT,1701986136227,35.00,15.718
LINKUSDT,BUY,LIMIT,1701986141110,120.00,15.736
LINKUSDT,BUY,LIMIT,1701986184215,15.65,15.739
LINKUSDT,BUY,LIMIT,1701986232249,72.36,15.750
LINKUSDT,BUY,LIMIT,1701986234641,6.69,15.759
LINKUSDT,BUY,LIMIT,1701986301527,2.33,15.765
LINKUSDT,BUY,LIMIT,1701986303844,14.46,15.765
LINKUSDT,BUY,LIMIT,1701986362897,1.93,15.771
LINKUSDT,BUY,LIMIT,1701986369438,35.55,15.774
LINKUSDT,BUY,LIMIT,1701986428347,3.49,15.780
LINKUSDT,BUY,LIMIT,1701986452819,1.65,15.792
LINKUSDT,BUY,LIMIT,1701986463805,12.25,15.795
LINKUSDT,BUY,LIMIT,1701986469781,8.94,15.800
LINKUSDT,BUY,LIMIT,1701986470878,769.02,15.821
LINKUSDT,BUY,LIMIT,1701986486365,3.20,15.815
LINKUSDT,BUY,LIMIT,1701986498874,6.56,15.831
LINKUSDT,BUY,LIMIT,1701986516055,108.06,15.833
LINKUSDT,BUY,LIMIT,1701986517622,101.66,15.841
LINKUSDT,BUY,LIMIT,1701986520301,25.89,15.843
LINKUSDT,BUY,LIMIT,1701986530420,2.00,15.849
LINKUSDT,BUY,LIMIT,1701986535081,1.75,15.855
LINKUSDT,BUY,LIMIT,1701986536127,54.84,15.859
LINKUSDT,BUY,LIMIT,1701986595502,13.16,15.864
LINKUSDT,BUY,LIMIT,1701986995352,3.03,15.878
LINKUSDT,BUY,LIMIT,1701987139580,33.88,15.896
LINKUSDT,BUY,LIMIT,1701987528447,1.44,15.818
LINKUSDT,SELL,LIMIT,1701987603472,0.37,15.606
LINKUSDT,SELL,LIMIT,1701987613339,25.00,15.596
LINKUSDT,BUY,LIMIT,1701987837103,600.00,15.868
LINKUSDT,SELL,LIMIT,1701988269999,156.60,15.587
LINKUSDT,SELL,LIMIT,1701988320993,48.44,15.556
LINKUSDT,SELL,LIMIT,1701988322361,16.84,15.550
LINKUSDT,SELL,LIMIT,1701988353061,6.46,15.595
LINKUSDT,SELL,LIMIT,1701988378481,15.36,15.523
LINKUSDT,SELL,LIMIT,1701988453166,505.59,15.500
LINKUSDT,SELL,LIMIT,1701988554322,276.57,15.469
LINKUSDT,BUY,LIMIT,1701990518373,235.91,15.756
LINKUSDT,BUY,LIMIT,1701992727585,73.65,15.808
LINKUSDT,BUY,LIMIT,1701992734275,44.88,15.819
LINKUSDT,SELL,LIMIT,1701992752038,2.10,15.716
LINKUSDT,BUY,LIMIT,1701992754620,85.96,15.830
LINKUSDT,BUY,LIMIT,1701992768940,3.36,15.835
LINKUSDT,BUY,LIMIT,1701992793735,9.61,15.849
LINKUSDT,BUY,LIMIT,1701993959533,216.57,15.849
LINKUSDT,BUY,LIMIT,1701994881222,62.70,15.880
LINKUSDT,SELL,LIMIT,1701996263135,20.68,15.599
LINKUSDT,SELL,LIMIT,1701997718649,65.55,15.545
LINKUSDT,SELL,LIMIT,1701997736991,161.71,15.540
LINKUSDT,SELL,LIMIT,1701997759039,100.00,15.534
LINKUSDT,SELL,LIMIT,1702002009842,8.68,15.558
LINKUSDT,SELL,LIMIT,1702002729419,198.80,15.520
LINKUSDT,SELL,LIMIT,1702002883606,75.84,15.563
LINKUSDT,BUY,LIMIT,1702003775128,24.39,15.653
LINKUSDT,BUY,LIMIT,1702004043487,254.01,15.764
LINKUSDT,BUY,LIMIT,1702004060323,0.10,15.784
LINKUSDT,BUY,LIMIT,1702004071099,22.52,15.793
LINKUSDT,BUY,LIMIT,1702005316024,5.05,15.752
LINKUSDT,BUY,LIMIT,1702005324562,58.43,15.756
LINKUSDT,BUY,LIMIT,1702005454135,14.00,15.781
LINKUSDT,BUY,LIMIT,1702005654056,35.17,15.837
LINKUSDT,BUY,LIMIT,1702005655246,198.29,15.837
LINKUSDT,BUY,LIMIT,1702005665685,1.27,15.843
LINKUSDT,BUY,LIMIT,1702005669168,1.76,15.847
LINKUSDT,BUY,LIMIT,1702005814140,168.12,15.820
LINKUSDT,BUY,LIMIT,1702005819398,16.32,15.844
LINKUSDT,BUY,LIMIT,1702006199147,27.23,15.802
LINKUSDT,BUY,LIMIT,1702006354113,17.49,15.854
LINKUSDT,SELL,LIMIT,1702006373283,35.27,15.706
LINKUSDT,SELL,LIMIT,1702006405628,1.70,15.694
LINKUSDT,BUY,LIMIT,1702006461858,787.21,15.882
LINKUSDT,BUY,LIMIT,1702006594909,165.84,15.877
LINKUSDT,BUY,LIMIT,1702006877053,3.32,15.890
LINKUSDT,BUY,LIMIT,1702006927776,289.48,15.906
LINKUSDT,BUY,LIMIT,1702006935055,11.39,15.909
LINKUSDT,BUY,LIMIT,1702006948414,24.00,15.915
LINKUSDT,BUY,LIMIT,1702006950297,30.01,15.927
LINKUSDT,BUY,LIMIT,1702006957379,3.84,15.935
LINKUSDT,BUY,LIMIT,1702006958907,13.14,15.943
LINKUSDT,BUY,LIMIT,1702006967464,14.49,15.953
LINKUSDT,BUY,LIMIT,1702006968680,57.00,15.959
LINKUSDT,BUY,LIMIT,1702006970760,19.43,15.986
LINKUSDT,BUY,LIMIT,1702006972181,146.17,15.990
LINKUSDT,BUY,LIMIT,1702006975044,1500.00,16.045
LINKUSDT,BUY,LIMIT,1702006976277,188.52,16.001
LINKUSDT,BUY,LIMIT,1702006977416,505.10,16.009
LINKUSDT,BUY,LIMIT,1702006980279,6.40,16.008
LINKUSDT,BUY,LIMIT,1702006981528,14.34,16.008
LINKUSDT,BUY,LIMIT,1702006992144,1.95,16.010
LINKUSDT,BUY,LIMIT,1702006993181,513.49,16.016
LINKUSDT,BUY,LIMIT,1702006994205,444.10,16.029
LINKUSDT,BUY,LIMIT,1702007003917,20.58,16.036
LINKUSDT,BUY,LIMIT,1702007004960,22.89,16.045
LINKUSDT,BUY,LIMIT,1702007010463,214.15,16.047
LINKUSDT,BUY,LIMIT,1702007015217,2.23,16.051
LINKUSDT,BUY,LIMIT,1702007018169,54.81,16.054
LINKUSDT,BUY,LIMIT,1702007075381,1.41,16.058
LINKUSDT,BUY,LIMIT,1702007096293,279.73,16.065
LINKUSDT,BUY,LIMIT,1702007099979,6.69,16.064
LINKUSDT,BUY,LIMIT,1702007101772,20.06,16.066
LINKUSDT,BUY,LIMIT,1702007167806,35.91,16.078
LINKUSDT,SELL,LIMIT,1702007969071,104.70,15.762
LINKUSDT,BUY,LIMIT,1702009676987,64.08,15.957
LINKUSDT,BUY,LIMIT,1702009681148,89.85,15.962
LINKUSDT,SELL,LIMIT,1702010318097,7.27,15.713
LINKUSDT,BUY,LIMIT,1702011699193,2.79,15.904
LINKUSDT,BUY,LIMIT,1702012507235,317.29,15.959
LINKUSDT,BUY,LIMIT,1702013793082,17.21,16.034
LINKUSDT,BUY,LIMIT,1702014152051,40.00,16.071
LINKUSDT,BUY,LIMIT,1702014994052,51.26,16.086
LINKUSDT,BUY,LIMIT,1702014995239,25.00,16.086
LINKUSDT,BUY,LIMIT,1702015001148,17.00,16.088
LINKUSDT,BUY,LIMIT,1702015423651,832.39,16.120
LINKUSDT,BUY,LIMIT,1702015432825,16.67,16.101
LINKUSDT,BUY,LIMIT,1702015463551,95.95,16.108
LINKUSDT,BUY,LIMIT,1702015465149,15.37,16.109
LINKUSDT,BUY,LIMIT,1702015516230,7.58,16.112
LINKUSDT,BUY,LIMIT,1702015527436,54.13,16.120
LINKUSDT,BUY,LIMIT,1702015590393,10.55,16.121
LINKUSDT,BUY,LIMIT,1702015608404,10.70,16.126
LINKUSDT,BUY,LIMIT,1702015656935,5.90,16.127
LINKUSDT,BUY,LIMIT,1702015734283,108.34,16.137
LINKUSDT,BUY,LIMIT,1702015735846,4.09,16.139
LINKUSDT,BUY,LIMIT,1702015817844,78.28,16.140
LINKUSDT,BUY,LIMIT,1702015833769,32.01,16.149
LINKUSDT,BUY,LIMIT,1702015876055,16.02,16.144
LINKUSDT,BUY,LIMIT,1702015889921,3.71,16.152
LINKUSDT,BUY,LIMIT,1702015946372,16.92,16.154
LINKUSDT,BUY,LIMIT,1702015973261,34.90,16.151
LINKUSDT,BUY,LIMIT,1702016012341,4.56,16.162
LINKUSDT,BUY,LIMIT,1702016080616,39.12,16.167
LINKUSDT,BUY,LIMIT,1702016098267,110.98,16.171
LINKUSDT,BUY,LIMIT,1702016741296,15.32,16.134
LINKUSDT,BUY,LIMIT,1702017182116,31.72,16.078
LINKUSDT,BUY,LIMIT,1702017385098,43.30,16.123
LINKUSDT,BUY,LIMIT,1702018126142,7.22,16.150
LINKUSDT,BUY,LIMIT,1702018634843,362.08,16.179
LINKUSDT,BUY,LIMIT,1702018653138,25.22,16.184
LINKUSDT,BUY,LIMIT,1702018732420,12.09,16.193
LINKUSDT,SELL,LIMIT,1702019536647,47.16,15.874
LINKUSDT,SELL,LIMIT,1702019538042,95.76,15.867
LINKUSDT,SELL,LIMIT,1702019869371,9.68,15.854
LINKUSDT,SELL,LIMIT,1702019926707,123.28,15.854
LINKUSDT,SELL,LIMIT,1702020042609,6.05,15.849
LINKUSDT,SELL,LIMIT,1702020059969,18.10,15.836
LINKUSDT,SELL,LIMIT,1702020115028,91.86,15.827
LINKUSDT,SELL,LIMIT,1702020149319,214.81,15.809
LINKUSDT,SELL,LIMIT,1702020196580,37.56,15.804
LINKUSDT,SELL,LIMIT,1702020223645,1.57,15.793
LINKUSDT,SELL,LIMIT,1702020530518,1.96,15.798
LINKUSDT,SELL,LIMIT,1702020538077,1.35,15.790
LINKUSDT,SELL,LIMIT,1702020539241,3.21,15.787
LINKUSDT,SELL,LIMIT,1702020541159,158.04,15.778
LINKUSDT,SELL,LIMIT,1702020642984,62.32,15.777
LINKUSDT,BUY,LIMIT,1702021628483,7.11,16.057
LINKUSDT,BUY,LIMIT,1702023268080,12.56,16.097
LINKUSDT,BUY,LIMIT,1702023277141,14.28,16.140
LINKUSDT,BUY,LIMIT,1702023281117,18.30,16.154
LINKUSDT,BUY,LIMIT,1702023284566,15.31,16.167
LINKUSDT,BUY,LIMIT,1702023285958,30.80,16.175
LINKUSDT,BUY,LIMIT,1702023336639,62.77,16.199
LINKUSDT,BUY,LIMIT,1702024324197,1.62,16.185
LINKUSDT,BUY,LIMIT,1702024539904,141.63,16.205
LINKUSDT,BUY,LIMIT,1702024602528,7.88,16.215
LINKUSDT,BUY,LIMIT,1702024685034,65.66,16.220
LINKUSDT,BUY,LIMIT,1702024686149,38.45,16.226
LINKUSDT,BUY,LIMIT,1702024746406,2.54,16.228
LINKUSDT,SELL,LIMIT,1702025163036,2.33,15.924
LINKUSDT,SELL,LIMIT,1702025964376,35.56,15.883
LINKUSDT,BUY,LIMIT,1702027055383,98.16,16.173
LINKUSDT,BUY,LIMIT,1702027082483,10.09,16.183
LINKUSDT,BUY,LIMIT,1702027101711,386.12,16.198
LINKUSDT,BUY,LIMIT,1702027253062,24.73,16.209
LINKUSDT,BUY,LIMIT,1702027432672,23.04,16.217
LINKUSDT,BUY,LIMIT,1702027490590,54.20,16.223
LINKUSDT,BUY,LIMIT,1702027525307,14.06,16.232
LINKUSDT,BUY,LIMIT,1702027552453,312.90,16.241
LINKUSDT,BUY,LIMIT,1702027560060,13.50,16.247
LINKUSDT,BUY,LIMIT,1702027561767,83.80,16.250
LINKUSDT,BUY,LIMIT,1702027568686,23.08,16.252
LINKUSDT,BUY,LIMIT,1702027572418,10.56,16.260
LINKUSDT,BUY,LIMIT,1702027596933,2877.90,16.333
LINKUSDT,BUY,LIMIT,1702027634459,47.54,16.267
LINKUSDT,BUY,LIMIT,1702027878982,1.74,16.278
LINKUSDT,BUY,LIMIT,1702027913162,4.91,16.289
LINKUSDT,BUY,LIMIT,1702027934414,44.82,16.297
LINKUSDT,BUY,LIMIT,1702027944077,336.06,16.299
LINKUSDT,BUY,LIMIT,1702027946539,1.92,16.306
LINKUSDT,BUY,LIMIT,1702028398725,47.17,16.311
LINKUSDT,BUY,LIMIT,1702028403454,9.20,16.314
LINKUSDT,BUY,LIMIT,1702028418545,14.00,16.317
LINKUSDT,BUY,LIMIT,1702028431589,13.49,16.322
LINKUSDT,BUY,LIMIT,1702028450326,303.52,16.327
LINKUSDT,BUY,LIMIT,1702028453225,1.74,16.329
LINKUSDT,BUY,LIMIT,1702028489391,26.53,16.335
LINKUSDT,BUY,LIMIT,1702028534421,94.90,16.340
LINKUSDT,SELL,LIMIT,1702029130524,5.66,16.041
LINKUSDT,SELL,LIMIT,1702029279404,18.59,16.003
LINKUSDT,BUY,LIMIT,1702030937061,625.46,16.316
LINKUSDT,BUY,LIMIT,1702031253699,82.85,16.350
LINKUSDT,BUY,LIMIT,1702031259427,309.78,16.351
LINKUSDT,BUY,LIMIT,1702032245299,1.40,16.288
LINKUSDT,BUY,LIMIT,1702032490145,65.69,16.381
LINKUSDT,BUY,LIMIT,1702032491388,28.73,16.369
LINKUSDT,BUY,LIMIT,1702032492390,115.79,16.397
LINKUSDT,BUY,LIMIT,1702032494348,2.34,16.400
LINKUSDT,BUY,LIMIT,1702032495378,51.87,16.406
LINKUSDT,BUY,LIMIT,1702032496502,5.34,16.413
LINKUSDT,BUY,LIMIT,1702032500192,105.58,16.423
LINKUSDT,BUY,LIMIT,1702032501215,150.89,16.420
LINKUSDT,BUY,LIMIT,1702032516249,261.76,16.443
LINKUSDT,BUY,LIMIT,1702032531364,47.98,16.446
LINKUSDT,BUY,LIMIT,1702032535622,124.12,16.448
LINKUSDT,BUY,LIMIT,1702032541462,27.53,16.452
LINKUSDT,BUY,LIMIT,1702032542904,13.86,16.456
LINKUSDT,BUY,LIMIT,1702032545182,6.78,16.460
LINKUSDT,BUY,LIMIT,1702032548446,2.41,16.463
LINKUSDT,BUY,LIMIT,1702032554093,70.34,16.480
LINKUSDT,BUY,LIMIT,1702032555198,30.48,16.493
LINKUSDT,BUY,LIMIT,1702032598306,32.14,16.502
LINKUSDT,BUY,LIMIT,1702032635195,3.07,16.509
LINKUSDT,BUY,LIMIT,1702032637178,75.38,16.517
LINKUSDT,BUY,LIMIT,1702032948061,15.71,16.504
LINKUSDT,BUY,LIMIT,1702032965381,6.17,16.520
LINKUSDT,BUY,LIMIT,1702032967621,3.29,16.528
LINKUSDT,BUY,LIMIT,1702033027673,5.00,16.534
LINKUSDT,BUY,LIMIT,1702033028944,8.91,16.536
LINKUSDT,BUY,LIMIT,1702033035090,63.94,16.549
LINKUSDT,BUY,LIMIT,1702033036132,3.14,16.550
LINKUSDT,BUY,LIMIT,1702033047565,50.59,16.555
LINKUSDT,BUY,LIMIT,1702033058346,0.10,16.561
LINKUSDT,BUY,LIMIT,1702033060152,194.12,16.567
LINKUSDT,BUY,LIMIT,1702033061435,92.03,16.565
LINKUSDT,BUY,LIMIT,1702033069962,2.50,16.576
LINKUSDT,BUY,LIMIT,1702033187375,1.68,16.556
LINKUSDT,BUY,LIMIT,1702033214074,138.69,16.585
LINKUSDT,BUY,LIMIT,1702033223251,5.76,16.572
LINKUSDT,BUY,LIMIT,1702033427208,6.22,16.601
LINKUSDT,BUY,LIMIT,1702033430035,1.93,16.601
LINKUSDT,BUY,LIMIT,1702033647904,145.03,16.610
LINKUSDT,BUY,LIMIT,1702033813994,3.54,16.571
LINKUSDT,SELL,LIMIT,1702034118384,85.37,16.304
LINKUSDT,SELL,LIMIT,1702034131565,42.41,16.284
LINKUSDT,SELL,LIMIT,1702034133783,14.23,16.273
LINKUSDT,SELL,LIMIT,1702034634524,27.97,16.280
LINKUSDT,BUY,LIMIT,1702034781243,262.37,16.432
LINKUSDT,BUY,LIMIT,1702035162093,64.96,16.373
LINKUSDT,BUY,LIMIT,1702035163191,9.00,16.482
LINKUSDT,SELL,LIMIT,1702035190165,3.53,16.293
LINKUSDT,BUY,LIMIT,1702035256167,185.00,16.481
LINKUSDT,BUY,LIMIT,1702035439952,1000.00,16.516
LINKUSDT,BUY,LIMIT,1702035451421,124.19,16.485
LINKUSDT,BUY,LIMIT,1702035585946,6.15,16.561
LINKUSDT,BUY,LIMIT,1702035606193,20.00,16.504
LINKUSDT,BUY,LIMIT,1702035734214,6.61,16.502
LINKUSDT,BUY,LIMIT,1702036083674,18.86,16.499
LINKUSDT,BUY,LIMIT,1702036193639,1.07,16.495
LINKUSDT,BUY,LIMIT,1702036732095,26.09,16.550
LINKUSDT,BUY,LIMIT,1702036820275,3.05,16.576
LINKUSDT,BUY,LIMIT,1702037911366,130.76,16.566
LINKUSDT,BUY,LIMIT,1702038001197,4.74,16.578
LINKUSDT,BUY,LIMIT,1702038003013,25.29,16.587
LINKUSDT,BUY,LIMIT,1702038429620,16.41,16.539
LINKUSDT,BUY,LIMIT,1702038481100,4168.26,16.713
LINKUSDT,BUY,LIMIT,1702038482360,564.02,16.591
LINKUSDT,BUY,LIMIT,1702038522987,2.35,16.616
LINKUSDT,BUY,LIMIT,1702038524329,105.86,16.619
LINKUSDT,BUY,LIMIT,1702039084394,0.43,16.488
LINKUSDT,BUY,LIMIT,1702039303272,1450.00,16.567
LINKUSDT,BUY,LIMIT,1702040421268,8.61,16.605
LINKUSDT,BUY,LIMIT,1702040436357,41.16,16.613
LINKUSDT,SELL,LIMIT,1702040826122,18.57,16.301
LINKUSDT,SELL,LIMIT,1702040993176,1.25,16.298
LINKUSDT,SELL,LIMIT,1702041002346,1.95,16.297
LINKUSDT,SELL,LIMIT,1702041019758,1.31,16.279
LINKUSDT,SELL,LIMIT,1702041025399,5.56,16.270
LINKUSDT,BUY,LIMIT,1702041951245,133.86,16.622
LINKUSDT,BUY,LIMIT,1702041955075,50.61,16.627
LINKUSDT,BUY,LIMIT,1702041963070,22.82,16.642
LINKUSDT,BUY,LIMIT,1702041965232,90.82,16.643
LINKUSDT,BUY,LIMIT,1702041989267,97.87,16.652
LINKUSDT,BUY,LIMIT,1702042022283,206.91,16.656
LINKUSDT,BUY,LIMIT,1702042048706,4.42,16.662
LINKUSDT,BUY,LIMIT,1702042053018,61.06,16.669
LINKUSDT,BUY,LIMIT,1702042065084,2.02,16.673
LINKUSDT,BUY,LIMIT,1702042067863,1.49,16.674
LINKUSDT,BUY,LIMIT,1702042070218,314.77,16.680
LINKUSDT,BUY,LIMIT,1702042071619,0.63,16.688
LINKUSDT,BUY,LIMIT,1702042086128,6.51,16.689
LINKUSDT,BUY,LIMIT,1702042089585,303.34,16.692
LINKUSDT,BUY,LIMIT,1702042098989,1293.56,16.745
LINKUSDT,SELL,LIMIT,1702042233608,2.20,16.391
LINKUSDT,SELL,LIMIT,1702042234986,6.34,16.382
LINKUSDT,SELL,LIMIT,1702042239196,117.00,16.414
LINKUSDT,SELL,LIMIT,1702042271444,38.55,16.341
LINKUSDT,BUY,LIMIT,1702042591076,73.90,16.645
LINKUSDT,BUY,LIMIT,1702042754431,39.52,16.706
LINKUSDT,BUY,LIMIT,1702042761279,23.60,16.706
LINKUSDT,BUY,LIMIT,1702042767160,8.28,16.714
LINKUSDT,BUY,LIMIT,1702042768302,9.72,16.720
LINKUSDT,BUY,LIMIT,1702042769678,37.17,16.725
LINKUSDT,BUY,LIMIT,1702042788488,2.12,16.732
LINKUSDT,BUY,LIMIT,1702042841991,2.77,16.735
LINKUSDT,BUY,LIMIT,1702042848218,164.05,16.748
LINKUSDT,BUY,LIMIT,1702042849337,72.91,16.750
LINKUSDT,BUY,LIMIT,1702042863488,1.35,16.758
LINKUSDT,BUY,LIMIT,1702042968093,2.40,16.767
LINKUSDT,BUY,LIMIT,1702042969127,42.43,16.769
LINKUSDT,BUY,LIMIT,1702042970174,62.40,16.820
LINKUSDT,BUY,LIMIT,1702042971225,10.00,16.833
LINKUSDT,BUY,LIMIT,1702042972297,24.33,16.829
LINKUSDT,BUY,LIMIT,1702042976336,87.80,16.841
LINKUSDT,BUY,LIMIT,1702042977435,51.37,16.852
LINKUSDT,BUY,LIMIT,1702042978466,7.99,16.872
LINKUSDT,BUY,LIMIT,1702042982657,108.26,16.876
LINKUSDT,BUY,LIMIT,1702042983690,109.82,16.893
LINKUSDT,BUY,LIMIT,1702042984708,4.40,16.906
LINKUSDT,BUY,LIMIT,1702043020058,257.15,16.916
LINKUSDT,BUY,LIMIT,1702043021069,4.98,16.911
LINKUSDT,BUY,LIMIT,1702043042369,4.03,16.917
LINKUSDT,BUY,LIMIT,1702043048089,21.05,16.922
LINKUSDT,BUY,LIMIT,1702043051747,30.04,16.925
LINKUSDT,BUY,LIMIT,1702043055252,3600.00,17.032
LINKUSDT,BUY,LIMIT,1702043056287,24.75,16.944
LINKUSDT,BUY,LIMIT,1702043057306,85.72,16.943
LINKUSDT,BUY,LIMIT,1702043064601,8.77,16.944
LINKUSDT,BUY,LIMIT,1702043073076,24.76,16.951
LINKUSDT,BUY,LIMIT,1702043074171,1445.31,17.009
LINKUSDT,BUY,LIMIT,1702043075546,29.67,16.972
LINKUSDT,BUY,LIMIT,1702043076717,16.27,16.979
LINKUSDT,BUY,LIMIT,1702043081507,21.35,16.980
LINKUSDT,BUY,LIMIT,1702043082985,31.24,16.992
LINKUSDT,BUY,LIMIT,1702043184034,0.70,16.995
LINKUSDT,BUY,LIMIT,1702043210242,4.72,17.000
LINKUSDT,BUY,LIMIT,1702043227560,2014.28,17.068
LINKUSDT,BUY,LIMIT,1702043228683,6.82,17.015
LINKUSDT,BUY,LIMIT,1702043237293,5.16,17.024
LINKUSDT,BUY,LIMIT,1702043240137,3.63,17.031
LINKUSDT,BUY,LIMIT,1702043241448,532.97,17.048
LINKUSDT,BUY,LIMIT,1702043243788,7.75,17.043
LINKUSDT,BUY,LIMIT,1702043247318,10.00,17.052
LINKUSDT,BUY,LIMIT,1702043256096,3.68,17.054
LINKUSDT,BUY,LIMIT,1702043257103,34.50,17.054
LINKUSDT,BUY,LIMIT,1702043258977,3.01,17.061
LINKUSDT,BUY,LIMIT,1702043260106,13.20,17.063
LINKUSDT,BUY,LIMIT,1702043333534,7.54,17.069
LINKUSDT,BUY,LIMIT,1702043335095,19.26,17.072
LINKUSDT,BUY,LIMIT,1702043336147,343.97,17.080
LINKUSDT,BUY,LIMIT,1702043342115,294.44,17.084
LINKUSDT,BUY,LIMIT,1702043343276,18.78,17.083
LINKUSDT,BUY,LIMIT,1702043346063,2.29,17.114
LINKUSDT,BUY,LIMIT,1702043347438,23.73,17.115
LINKUSDT,BUY,LIMIT,1702043352124,37.32,17.120
LINKUSDT,BUY,LIMIT,1702043364578,2.06,17.130
LINKUSDT,BUY,LIMIT,1702043365877,45.74,17.132
LINKUSDT,BUY,LIMIT,1702043371113,2.54,17.135
LINKUSDT,BUY,LIMIT,1702043376158,21.05,17.140
LINKUSDT,BUY,LIMIT,1702043377385,48.16,17.133
LINKUSDT,BUY,LIMIT,1702043414370,93.39,17.152
LINKUSDT,BUY,LIMIT,1702043415469,2.93,17.151
LINKUSDT,BUY,LIMIT,1702043446296,2.69,17.158
LINKUSDT,BUY,LIMIT,1702043447406,305.81,17.160
LINKUSDT,BUY,LIMIT,1702043451246,3.05,17.165
LINKUSDT,BUY,LIMIT,1702043453877,0.34,17.164
LINKUSDT,BUY,LIMIT,1702043456187,253.97,17.169
LINKUSDT,BUY,LIMIT,1702043457498,41.44,17.174
LINKUSDT,BUY,LIMIT,1702043459636,12.82,17.180
LINKUSDT,BUY,LIMIT,1702043468389,10.84,17.186
LINKUSDT,BUY,LIMIT,1702043470992,19.41,17.187
LINKUSDT,BUY,LIMIT,1702043472083,3.66,17.193
LINKUSDT,BUY,LIMIT,1702043473493,5.53,17.194
LINKUSDT,BUY,LIMIT,1702043475677,247.24,17.197
LINKUSDT,BUY,LIMIT,1702043482169,408.91,17.206
LINKUSDT,BUY,LIMIT,1702043484223,8.24,17.207
LINKUSDT,BUY,LIMIT,1702043660476,675.00,17.228
LINKUSDT,BUY,LIMIT,1702043661498,4.86,17.216
LINKUSDT,BUY,LIMIT,1702043668128,15.01,17.221
LINKUSDT,BUY,LIMIT,1702043669147,11.76,17.223
LINKUSDT,BUY,LIMIT,1702043670208,9.37,17.237
LINKUSDT,BUY,LIMIT,1702043672068,125.21,17.248
LINKUSDT,BUY,LIMIT,1702043673458,97.06,17.248
LINKUSDT,BUY,LIMIT,1702043674512,59.34,17.257
LINKUSDT,BUY,LIMIT,1702043677129,0.47,17.265
LINKUSDT,BUY,LIMIT,1702043682156,6.17,17.276
LINKUSDT,BUY,LIMIT,1702043683256,21.77,17.274
LINKUSDT,BUY,LIMIT,1702043684259,400.00,17.290
LINKUSDT,BUY,LIMIT,1702043689970,86.17,17.290
LINKUSDT,BUY,LIMIT,1702043691097,3000.00,17.368
LINKUSDT,BUY,LIMIT,1702043692115,93.77,17.315
LINKUSDT,BUY,LIMIT,1702043693266,13.05,17.321
LINKUSDT,BUY,LIMIT,1702043698049,12.11,17.334
LINKUSDT,BUY,LIMIT,1702043699051,203.58,17.353
LINKUSDT,BUY,LIMIT,1702043700195,64.00,17.367
LINKUSDT,BUY,LIMIT,1702043701453,145.56,17.385
LINKUSDT,BUY,LIMIT,1702043702490,140.51,17.376
LINKUSDT,BUY,LIMIT,1702043715145,1.30,17.388
LINKUSDT,BUY,LIMIT,1702043716156,152.47,17.413
LINKUSDT,BUY,LIMIT,1702043717171,26.23,17.415
LINKUSDT,SELL,LIMIT,1702043765673,98.07,17.078
LINKUSDT,SELL,LIMIT,1702043767577,0.02,17.050
LINKUSDT,SELL,LIMIT,1702043769302,164.67,17.045
LINKUSDT,SELL,LIMIT,1702043770469,102.35,17.031
LINKUSDT,SELL,LIMIT,1702043773410,79.73,17.024
LINKUSDT,SELL,LIMIT,1702043777115,10.10,17.003
LINKUSDT,SELL,LIMIT,1702043986342,289.01,17.023
LINKUSDT,SELL,LIMIT,1702043991172,11.41,16.971
LINKUSDT,SELL,LIMIT,1702044106698,1.45,16.933
LINKUSDT,SELL,LIMIT,1702044108208,268.54,16.895
LINKUSDT,SELL,LIMIT,1702044127111,77.83,16.891
LINKUSDT,SELL,LIMIT,1702044128359,145.74,16.891
LINKUSDT,SELL,LIMIT,1702044131964,1.23,16.882
LINKUSDT,SELL,LIMIT,1702044146747,21.76,16.876
LINKUSDT,SELL,LIMIT,1702044153123,55.92,16.865
LINKUSDT,SELL,LIMIT,1702044162714,240.50,16.856
LINKUSDT,SELL,LIMIT,1702044172320,23.26,16.825
LINKUSDT,BUY,LIMIT,1702044219195,2.63,17.125
LINKUSDT,SELL,LIMIT,1702044411582,73.78,16.816
LINKUSDT,SELL,LIMIT,1702044442234,41.30,16.807
LINKUSDT,SELL,LIMIT,1702044448231,2.38,16.804
LINKUSDT,SELL,LIMIT,1702044542758,22.59,16.783
LINKUSDT,SELL,LIMIT,1702044545076,31.87,16.776
LINKUSDT,BUY,LIMIT,1702044798903,4.43,17.092
LINKUSDT,BUY,LIMIT,1702044832134,1.41,17.108
LINKUSDT,BUY,LIMIT,1702044833186,7.16,17.116
LINKUSDT,SELL,LIMIT,1702045329265,184.48,16.785
LINKUSDT,SELL,LIMIT,1702045417284,278.36,16.754
LINKUSDT,SELL,LIMIT,1702045436464,16.30,16.738
LINKUSDT,SELL,LIMIT,1702045437863,5.17,16.736
LINKUSDT,SELL,LIMIT,1702045499111,269.37,16.728
LINKUSDT,SELL,LIMIT,1702045507455,61.10,16.723
LINKUSDT,SELL,LIMIT,1702045515986,47.78,16.709
LINKUSDT,SELL,LIMIT,1702045560278,293.82,16.702
LINKUSDT,SELL,LIMIT,1702045581671,93.36,16.692
LINKUSDT,SELL,LIMIT,1702045589198,4.67,16.676
LINKUSDT,SELL,LIMIT,1702045591238,19.88,16.674
LINKUSDT,SELL,LIMIT,1702045592838,3.26,16.671
LINKUSDT,BUY,LIMIT,1702045885456,36.36,16.873
LINKUSDT,BUY,LIMIT,1702045892587,171.93,16.880
LINKUSDT,SELL,LIMIT,1702046483117,165.37,16.640
LINKUSDT,SELL,LIMIT,1702046774099,6.89,16.612
LINKUSDT,SELL,LIMIT,1702046786721,44.15,16.611
LINKUSDT,SELL,LIMIT,1702046788398,53.50,16.605
LINKUSDT,SELL,LIMIT,1702046790532,5.40,16.602
LINKUSDT,SELL,LIMIT,1702046791980,4.12,16.597
LINKUSDT,SELL,LIMIT,1702046793576,213.97,16.597
LINKUSDT,BUY,LIMIT,1702047062320,63.63,16.929
LINKUSDT,BUY,LIMIT,1702047505730,5.76,16.949
LINKUSDT,BUY,LIMIT,1702047507332,207.09,16.955
LINKUSDT,BUY,LIMIT,1702047517483,289.50,16.967
LINKUSDT,BUY,LIMIT,1702047518581,15.46,16.966
LINKUSDT,BUY,LIMIT,1702047698214,71.02,17.003
LINKUSDT,BUY,LIMIT,1702047700059,82.10,17.015
LINKUSDT,BUY,LIMIT,1702047701191,15.17,17.011
LINKUSDT,BUY,LIMIT,1702047702328,55.71,17.015
LINKUSDT,BUY,LIMIT,1702047709446,34.93,17.008
LINKUSDT,BUY,LIMIT,1702048108127,0.98,17.001
LINKUSDT,BUY,LIMIT,1702048173260,12.52,17.026
LINKUSDT,BUY,LIMIT,1702048470258,20.23,17.030
LINKUSDT,BUY,LIMIT,1702048981073,8.07,16.980
LINKUSDT,SELL,LIMIT,1702049283492,44.26,16.700
LINKUSDT,SELL,LIMIT,1702049284820,24.72,16.697
LINKUSDT,SELL,LIMIT,1702049431245,10.00,16.680
LINKUSDT,SELL,LIMIT,1702049455817,14.54,16.677
LINKUSDT,SELL,LIMIT,1702050101045,11.84,16.664
LINKUSDT,SELL,LIMIT,1702050103389,296.51,16.661
LINKUSDT,SELL,LIMIT,1702050106884,4.44,16.659
LINKUSDT,SELL,LIMIT,1702050122313,296.15,16.646
LINKUSDT,SELL,LIMIT,1702050447034,3.12,16.692
LINKUSDT,BUY,LIMIT,1702050456356,152.51,16.875
LINKUSDT,BUY,LIMIT,1702050522823,14.02,16.900
LINKUSDT,SELL,LIMIT,1702050797290,100.00,16.688
LINKUSDT,SELL,LIMIT,1702050827002,4.00,16.654
LINKUSDT,SELL,LIMIT,1702050848906,5.18,16.635
LINKUSDT,SELL,LIMIT,1702050853493,222.41,16.625
LINKUSDT,SELL,LIMIT,1702050888273,8.00,16.613
LINKUSDT,SELL,LIMIT,1702050975284,44.59,16.611
LINKUSDT,SELL,LIMIT,1702050988269,11.02,16.652
LINKUSDT,BUY,LIMIT,1702051257194,10.14,16.834
LINKUSDT,BUY,LIMIT,1702051270399,0.02,16.848
LINKUSDT,BUY,LIMIT,1702051349120,116.16,16.870
LINKUSDT,BUY,LIMIT,1702051365653,271.91,16.889
LINKUSDT,BUY,LIMIT,1702051371238,316.01,16.888
LINKUSDT,BUY,LIMIT,1702051387368,157.11,16.905
LINKUSDT,SELL,LIMIT,1702051505091,7.21,16.810
LINKUSDT,BUY,LIMIT,1702051515200,46.29,16.933
LINKUSDT,SELL,LIMIT,1702051520184,21.27,16.768
LINKUSDT,BUY,LIMIT,1702052097267,15.23,16.959
LINKUSDT,BUY,LIMIT,1702052151487,423.73,16.943
LINKUSDT,BUY,LIMIT,1702052161448,3.09,16.948
LINKUSDT,BUY,LIMIT,1702052490745,3.46,16.977
LINKUSDT,BUY,LIMIT,1702052530227,4.30,16.981
LINKUSDT,BUY,LIMIT,1702052588660,2.70,16.974
LINKUSDT,SELL,LIMIT,1702053322465,85.76,16.672
LINKUSDT,SELL,LIMIT,1702054133267,4.00,16.628
LINKUSDT,SELL,LIMIT,1702054134273,148.32,16.629
LINKUSDT,SELL,LIMIT,1702054206070,1.78,16.607
LINKUSDT,SELL,LIMIT,1702054207988,260.35,16.606
LINKUSDT,SELL,LIMIT,1702054213056,39.52,16.602
LINKUSDT,SELL,LIMIT,1702054214356,22.13,16.573
LINKUSDT,SELL,LIMIT,1702054240562,135.19,16.564
LINKUSDT,SELL,LIMIT,1702054241671,15.79,16.564
LINKUSDT,SELL,LIMIT,1702054242768,2.25,16.554
LINKUSDT,SELL,LIMIT,1702054620077,215.93,16.545
LINKUSDT,SELL,LIMIT,1702054621097,124.62,16.524
LINKUSDT,SELL,LIMIT,1702054622100,31.70,16.524
LINKUSDT,SELL,LIMIT,1702054650892,168.73,16.516
LINKUSDT,SELL,LIMIT,1702054864228,4.91,16.510
LINKUSDT,SELL,LIMIT,1702054920707,178.18,16.498
LINKUSDT,SELL,LIMIT,1702055009750,5.17,16.540
LINKUSDT,SELL,LIMIT,1702055269178,223.29,16.537
LINKUSDT,SELL,LIMIT,1702055293322,75.32,16.532
LINKUSDT,SELL,LIMIT,1702055305148,699.79,16.496
LINKUSDT,SELL,LIMIT,1702056280172,148.82,16.525
LINKUSDT,SELL,LIMIT,1702056283401,4.45,16.519
LINKUSDT,SELL,LIMIT,1702056296649,1.49,16.509
LINKUSDT,SELL,LIMIT,1702056439408,2.00,16.490
LINKUSDT,SELL,LIMIT,1702056442049,151.81,16.486
LINKUSDT,SELL,LIMIT,1702056444259,50.33,16.482
LINKUSDT,SELL,LIMIT,1702056452467,3.53,16.478
LINKUSDT,SELL,LIMIT,1702057389342,11.66,16.576
LINKUSDT,BUY,LIMIT,1702058214654,2.63,16.815
LINKUSDT,SELL,LIMIT,1702059605348,36.72,16.578
LINKUSDT,BUY,LIMIT,1702062863479,60.18,16.829
LINKUSDT,BUY,LIMIT,1702062876568,300.93,16.830
LINKUSDT,BUY,LIMIT,1702064391134,1.50,16.848
LINKUSDT,BUY,LIMIT,1702064414528,2.10,16.849
LINKUSDT,BUY,LIMIT,1702064416675,67.89,16.849
LINKUSDT,BUY,LIMIT,1702064623073,1.81,16.871
LINKUSDT,BUY,LIMIT,1702064734978,340.00,16.868
LINKUSDT,BUY,LIMIT,1702065495217,156.87,16.880
LINKUSDT,BUY,LIMIT,1702065747592,21.29,16.888
LINKUSDT,BUY,LIMIT,1702065942715,41.11,16.885
LINKUSDT,BUY,LIMIT,1702066091781,7.27,16.884
LINKUSDT,BUY,LIMIT,1702067364213,4.41,16.882
LINKUSDT,BUY,LIMIT,1702067740550,247.45,16.865
LINKUSDT,BUY,LIMIT,1702068005335,20.00,16.919
LINKUSDT,BUY,LIMIT,1702068066269,4.52,16.924
LINKUSDT,BUY,LIMIT,1702068070256,45.00,16.926
LINKUSDT,BUY,LIMIT,1702068238866,36.75,16.903
LINKUSDT,BUY,LIMIT,1702068578422,91.09,16.892
LINKUSDT,BUY,LIMIT,1702068619642,6.00,16.910
LINKUSDT,BUY,LIMIT,1702068643380,27.77,16.929
LINKUSDT,BUY,LIMIT,1702068645262,186.89,16.932
LINKUSDT,BUY,LIMIT,1702069093610,50.05,16.927
LINKUSDT,BUY,LIMIT,1702069374407,2.33,16.937
LINKUSDT,BUY,LIMIT,1702069380693,30.09,16.939
LINKUSDT,BUY,LIMIT,1702069408000,5.36,16.946
LINKUSDT,BUY,LIMIT,1702070626128,4.78,16.868
LINKUSDT,BUY,LIMIT,1702070630265,4.53,16.906
LINKUSDT,BUY,LIMIT,1702070667246,3.69,16.895
LINKUSDT,BUY,LIMIT,1702070677034,60.00,16.909
LINKUSDT,BUY,LIMIT,1702071010345,22.76,16.964
LINKUSDT,BUY,LIMIT,1702071026243,19.27,16.976
LINKUSDT,BUY,LIMIT,1702071055408,27.69,16.987
LINKUSDT,BUY,LIMIT,1702072550677,40.63,16.990
LINKUSDT,BUY,LIMIT,1702072649718,2.10,17.000
LINKUSDT,BUY,LIMIT,1702072654019,2.36,17.003
LINKUSDT,BUY,LIMIT,1702072664184,5.79,17.005
LINKUSDT,BUY,LIMIT,1702072671667,1.47,17.006
LINKUSDT,BUY,LIMIT,1702072678108,59.89,17.010
LINKUSDT,BUY,LIMIT,1702072681399,37.24,17.012
LINKUSDT,BUY,LIMIT,1702072790977,2.46,17.017
LINKUSDT,BUY,LIMIT,1702072814825,15.44,17.024
LINKUSDT,BUY,LIMIT,1702072824419,149.55,17.026
LINKUSDT,BUY,LIMIT,1702072859393,10.15,17.006
LINKUSDT,SELL,LIMIT,1702075529138,16.72,16.841
LINKUSDT,BUY,LIMIT,1702075536518,253.34,16.923
LINKUSDT,SELL,LIMIT,1702076398976,50.25,16.694
LINKUSDT,SELL,LIMIT,1702076504854,1.22,16.687
LINKUSDT,SELL,LIMIT,1702077828678,5.77,16.723
LINKUSDT,BUY,LIMIT,1702078182356,4073.07,17.057
LINKUSDT,BUY,LIMIT,1702078388884,41.74,16.996
LINKUSDT,BUY,LIMIT,1702078548839,37.84,16.988
LINKUSDT,BUY,LIMIT,1702078554813,46.06,16.992
LINKUSDT,BUY,LIMIT,1702078609448,6.22,17.002
LINKUSDT,BUY,LIMIT,1702078976519,229.16,17.031
LINKUSDT,BUY,LIMIT,1702078977717,79.49,17.032
LINKUSDT,BUY,LIMIT,1702078979055,7.77,17.043
LINKUSDT,BUY,LIMIT,1702079067368,12.51,17.042
LINKUSDT,BUY,LIMIT,1702079459301,178.86,17.065
LINKUSDT,BUY,LIMIT,1702079485727,2.03,17.066
LINKUSDT,BUY,LIMIT,1702079540327,295.84,17.080
LINKUSDT,BUY,LIMIT,1702079627165,297.26,17.090
LINKUSDT,BUY,LIMIT,1702079628405,83.58,17.092
LINKUSDT,BUY,LIMIT,1702079644232,495.00,17.104
LINKUSDT,BUY,LIMIT,1702079647888,51.35,17.102
LINKUSDT,BUY,LIMIT,1702080006714,21.78,17.041
LINKUSDT,BUY,LIMIT,1702080201095,1001.22,17.125
LINKUSDT,BUY,LIMIT,1702080233156,8.49,17.093
LINKUSDT,BUY,LIMIT,1702080235287,550.00,17.102
LINKUSDT,BUY,LIMIT,1702080267967,60.79,17.099
LINKUSDT,SELL,LIMIT,1702080275343,2.00,16.927
LINKUSDT,BUY,LIMIT,1702080276822,9.35,17.098
LINKUSDT,BUY,LIMIT,1702080373665,2.54,17.114
LINKUSDT,BUY,LIMIT,1702080390371,58.78,17.128
LINKUSDT,BUY,LIMIT,1702080401253,152.47,17.130
LINKUSDT,BUY,LIMIT,1702080500604,42.10,17.134
LINKUSDT,BUY,LIMIT,1702080501876,59.50,17.139
LINKUSDT,BUY,LIMIT,1702080511330,56.50,17.143
LINKUSDT,BUY,LIMIT,1702080512856,12.20,17.145
LINKUSDT,BUY,LIMIT,1702080516354,53.55,17.153
LINKUSDT,BUY,LIMIT,1702080519818,212.60,17.155
LINKUSDT,BUY,LIMIT,1702080534749,5.90,17.159
LINKUSDT,BUY,LIMIT,1702080555554,87.33,17.161
LINKUSDT,BUY,LIMIT,1702080566139,9.24,17.170
LINKUSDT,BUY,LIMIT,1702080572292,60.22,17.174
LINKUSDT,BUY,LIMIT,1702080573714,51.21,17.177
LINKUSDT,BUY,LIMIT,1702080580156,27.32,17.187
LINKUSDT,BUY,LIMIT,1702080581486,1.67,17.189
LINKUSDT,BUY,LIMIT,1702080584445,73.97,17.193
LINKUSDT,BUY,LIMIT,1702080688078,23.00,17.170
LINKUSDT,BUY,LIMIT,1702080768623,430.86,17.173
LINKUSDT,BUY,LIMIT,1702080798701,58.36,17.154
LINKUSDT,BUY,LIMIT,1702080804141,163.76,17.158
LINKUSDT,BUY,LIMIT,1702081116978,140.76,17.198
LINKUSDT,BUY,LIMIT,1702081144852,20.07,17.212
LINKUSDT,BUY,LIMIT,1702081163902,29.01,17.228
LINKUSDT,BUY,LIMIT,1702081183103,64.08,17.225
LINKUSDT,BUY,LIMIT,1702081229517,16.26,17.221
LINKUSDT,SELL,LIMIT,1702081364752,8.66,17.057
LINKUSDT,BUY,LIMIT,1702081380962,31.65,17.216
LINKUSDT,BUY,LIMIT,1702081572144,5.04,17.235
LINKUSDT,BUY,LIMIT,1702081616186,23.80,17.249
LINKUSDT,BUY,LIMIT,1702081620361,2.67,17.257
LINKUSDT,BUY,LIMIT,1702081626343,894.09,17.288
LINKUSDT,BUY,LIMIT,1702081635436,5.00,17.250
LINKUSDT,SELL,LIMIT,1702081647070,7.12,17.084
LINKUSDT,BUY,LIMIT,1702081650252,360.00,17.258
LINKUSDT,BUY,LIMIT,1702081658798,30.00,17.255
LINKUSDT,BUY,LIMIT,1702081687390,69.39,17.259
LINKUSDT,BUY,LIMIT,1702081693559,505.23,17.270
LINKUSDT,BUY,LIMIT,1702081703765,465.68,17.270
LINKUSDT,BUY,LIMIT,1702081705779,5.15,17.265
LINKUSDT,BUY,LIMIT,1702081758513,13.88,17.270
LINKUSDT,BUY,LIMIT,1702081761159,29.74,17.275
LINKUSDT,BUY,LIMIT,1702081762341,2.18,17.275
LINKUSDT,BUY,LIMIT,1702081773263,30.05,17.277
LINKUSDT,BUY,LIMIT,1702081776368,0.96,17.280
LINKUSDT,BUY,LIMIT,1702081782990,232.99,17.282
LINKUSDT,BUY,LIMIT,1702082071118,787.76,17.271
LINKUSDT,BUY,LIMIT,1702082498397,21.31,17.157
LINKUSDT,BUY,LIMIT,1702083216665,66.00,17.111
LINKUSDT,SELL,LIMIT,1702083417241,6.17,16.890
LINKUSDT,SELL,LIMIT,1702083418504,6.47,16.899
LINKUSDT,BUY,LIMIT,1702083511277,7.59,17.045
LINKUSDT,SELL,LIMIT,1702083542372,49.25,16.869
LINKUSDT,SELL,LIMIT,1702083568686,2.77,16.851
LINKUSDT,SELL,LIMIT,1702083647472,348.89,16.824
LINKUSDT,SELL,LIMIT,1702083649481,116.49,16.825
LINKUSDT,SELL,LIMIT,1702083741074,7.02,16.802
LINKUSDT,SELL,LIMIT,1702083782338,91.43,16.799
LINKUSDT,SELL,LIMIT,1702083800467,22.04,16.796
LINKUSDT,SELL,LIMIT,1702083820717,504.86,16.782
LINKUSDT,SELL,LIMIT,1702083823307,1.36,16.781
LINKUSDT,SELL,LIMIT,1702083832368,14.03,16.771
LINKUSDT,SELL,LIMIT,1702083907998,37.62,16.744
LINKUSDT,SELL,LIMIT,1702083941858,53.97,16.737
LINKUSDT,SELL,LIMIT,1702084021049,6.23,16.728
LINKUSDT,SELL,LIMIT,1702084025115,6.42,16.717
LINKUSDT,SELL,LIMIT,1702084027215,14.74,16.704
LINKUSDT,SELL,LIMIT,1702084071282,280.86,16.679
LINKUSDT,SELL,LIMIT,1702084072540,51.66,16.676
LINKUSDT,SELL,LIMIT,1702084074069,9.93,16.672
LINKUSDT,SELL,LIMIT,1702084075106,5.87,16.673
LINKUSDT,SELL,LIMIT,1702084088226,3.43,16.652
LINKUSDT,SELL,LIMIT,1702084092356,14.59,16.629
LINKUSDT,SELL,LIMIT,1702084100486,69.05,16.629
LINKUSDT,SELL,LIMIT,1702084105698,27.54,16.605
LINKUSDT,SELL,LIMIT,1702084107177,2753.76,16.535
LINKUSDT,BUY,LIMIT,1702085555501,0.03,16.839
LINKUSDT,SELL,LIMIT,1702087139284,118.74,16.851
LINKUSDT,SELL,LIMIT,1702087328006,296.73,16.681
LINKUSDT,BUY,LIMIT,1702091756252,183.02,16.906
LINKUSDT,BUY,LIMIT,1702091786398,5.58,16.923
LINKUSDT,BUY,LIMIT,1702091977302,4.15,16.915
LINKUSDT,BUY,LIMIT,1702092330771,5.61,16.973
LINKUSDT,BUY,LIMIT,1702092335574,188.59,16.975
LINKUSDT,BUY,LIMIT,1702092350681,19.09,16.982
LINKUSDT,BUY,LIMIT,1702092354427,163.35,16.983
LINKUSDT,BUY,LIMIT,1702092580289,1.30,16.983
LINKUSDT,BUY,LIMIT,1702092598248,4.31,17.006
LINKUSDT,SELL,LIMIT,1702093064605,10.01,16.814
LINKUSDT,BUY,LIMIT,1702094617865,3.40,16.982
LINKUSDT,BUY,LIMIT,1702094628258,30.03,16.992
LINKUSDT,SELL,LIMIT,1702094801630,1.30,16.829
LINKUSDT,BUY,LIMIT,1702094809548,23.70,16.996
LINKUSDT,BUY,LIMIT,1702094843306,14.01,17.011
LINKUSDT,BUY,LIMIT,1702096174310,18.63,17.046
LINKUSDT,BUY,LIMIT,1702096521068,7.67,17.038
LINKUSDT,BUY,LIMIT,1702096791078,101.37,17.083
LINKUSDT,BUY,LIMIT,1702096796565,78.87,17.084
LINKUSDT,BUY,LIMIT,1702097185105,3.90,17.081
LINKUSDT,BUY,LIMIT,1702097265602,293.99,17.116
LINKUSDT,BUY,LIMIT,1702097270683,16.00,17.166
LINKUSDT,BUY,LIMIT,1702097286107,8.70,17.165
LINKUSDT,BUY,LIMIT,1702097504339,51.84,17.187
LINKUSDT,BUY,LIMIT,1702097555350,50.00,17.199
LINKUSDT,BUY,LIMIT,1702097628236,4.61,17.203
LINKUSDT,BUY,LIMIT,1702097630266,6.22,17.204
LINKUSDT,BUY,LIMIT,1702097662665,64.85,17.198
LINKUSDT,BUY,LIMIT,1702097844119,124.96,17.198
LINKUSDT,BUY,LIMIT,1702097849637,8.12,17.200
LINKUSDT,BUY,LIMIT,1702099041040,66.25,17.102
LINKUSDT,BUY,LIMIT,1702099077679,500.00,17.127
LINKUSDT,SELL,LIMIT,1702099198248,1.32,17.595
LINKUSDT,SELL,LIMIT,1702099293785,18.29,16.895
LINKUSDT,SELL,LIMIT,1702099304167,6.91,16.883
LINKUSDT,BUY,LIMIT,1702101204887,1150.47,17.205
LINKUSDT,BUY,LIMIT,1702101207276,10.00,17.166
LINKUSDT,BUY,LIMIT,1702101234646,89.96,17.170
LINKUSDT,BUY,LIMIT,1702102215702,72.36,17.138
LINKUSDT,SELL,LIMIT,1702102390680,1.20,16.962
LINKUSDT,BUY,LIMIT,1702102399628,1.67,17.121
LINKUSDT,BUY,LIMIT,1702102846068,306.77,17.221
LINKUSDT,BUY,LIMIT,1702102887882,99.67,17.232
LINKUSDT,BUY,LIMIT,1702102908794,23.57,17.239
LINKUSDT,BUY,LIMIT,1702102926752,3.30,17.232
LINKUSDT,BUY,LIMIT,1702102938562,3.79,17.236
LINKUSDT,BUY,LIMIT,1702103091595,9.00,17.195
LINKUSDT,BUY,LIMIT,1702103174129,28.57,17.205
LINKUSDT,BUY,LIMIT,1702103212393,106.05,17.205
LINKUSDT,BUY,LIMIT,1702103366887,30.00,17.228
LINKUSDT,BUY,LIMIT,1702103510292,6.86,17.203
LINKUSDT,BUY,LIMIT,1702104505077,4.45,17.233
LINKUSDT,BUY,LIMIT,1702104514430,700.00,17.276
LINKUSDT,BUY,LIMIT,1702104516747,167.94,17.250
LINKUSDT,BUY,LIMIT,1702104614084,14.60,17.288
LINKUSDT,BUY,LIMIT,1702104772414,4.69,17.251
LINKUSDT,BUY,LIMIT,1702104875241,6.93,17.286
LINKUSDT,BUY,LIMIT,1702105471431,19.18,17.274
LINKUSDT,BUY,LIMIT,1702105485996,5.73,17.285
LINKUSDT,BUY,LIMIT,1702105689884,12.33,17.265
LINKUSDT,BUY,LIMIT,1702105695650,134.00,17.264
LINKUSDT,BUY,LIMIT,1702105849190,109.56,17.240
LINKUSDT,BUY,LIMIT,1702105909486,13.33,17.254
LINKUSDT,BUY,LIMIT,1702106081224,12.02,17.286
LINKUSDT,BUY,LIMIT,1702106827841,1.63,17.248
LINKUSDT,BUY,LIMIT,1702106861177,2.08,17.235
LINKUSDT,BUY,LIMIT,1702106866352,198.13,17.170
LINKUSDT,BUY,LIMIT,1702106868096,32.24,17.259
LINKUSDT,BUY,LIMIT,1702106888279,33.87,17.266
LINKUSDT,BUY,LIMIT,1702107193189,59.11,17.233
LINKUSDT,BUY,LIMIT,1702107195170,55.18,17.235
LINKUSDT,BUY,LIMIT,1702107295144,2.94,17.204
LINKUSDT,BUY,LIMIT,1702107347080,36.45,17.268
LINKUSDT,BUY,LIMIT,1702107461428,24.37,17.300
LINKUSDT,BUY,LIMIT,1702107467402,6.26,17.302
LINKUSDT,BUY,LIMIT,1702107476322,142.66,17.276
LINKUSDT,BUY,LIMIT,1702107486311,12.85,17.309
LINKUSDT,BUY,LIMIT,1702107511152,2.59,17.312
LINKUSDT,BUY,LIMIT,1702107518644,18.94,17.322
LINKUSDT,BUY,LIMIT,1702107521241,17.15,17.326
LINKUSDT,BUY,LIMIT,1702107526857,21.33,17.327
LINKUSDT,SELL,LIMIT,1702107549250,6.83,17.123
LINKUSDT,BUY,LIMIT,1702107752432,1.38,17.330
LINKUSDT,BUY,LIMIT,1702107757473,38.89,17.330
LINKUSDT,BUY,LIMIT,1702107805357,92.91,17.346
LINKUSDT,BUY,LIMIT,1702107808364,1.34,17.352
LINKUSDT,BUY,LIMIT,1702107860171,502.93,17.359
LINKUSDT,BUY,LIMIT,1702107866334,124.20,17.355
LINKUSDT,BUY,LIMIT,1702107886174,12.56,17.363
LINKUSDT,BUY,LIMIT,1702107903161,45.84,17.375
LINKUSDT,BUY,LIMIT,1702107910009,5.41,17.375
LINKUSDT,BUY,LIMIT,1702107978577,1130.06,17.404
LINKUSDT,BUY,LIMIT,1702107982569,24.67,17.364
LINKUSDT,BUY,LIMIT,1702107987161,11.61,17.358
LINKUSDT,BUY,LIMIT,1702107991083,6.16,17.363
LINKUSDT,BUY,LIMIT,1702108155312,329.01,17.337
LINKUSDT,SELL,LIMIT,1702108293137,1.81,17.357
LINKUSDT,BUY,LIMIT,1702108319729,164.38,17.336
LINKUSDT,BUY,LIMIT,1702108360860,18.00,17.324
LINKUSDT,BUY,LIMIT,1702108513287,91.98,17.327
LINKUSDT,SELL,LIMIT,1702108532626,11.53,17.164
LINKUSDT,SELL,LIMIT,1702108541442,87.83,17.174
LINKUSDT,BUY,LIMIT,1702109102696,23.37,17.338
LINKUSDT,BUY,LIMIT,1702109107754,300.00,17.349
LINKUSDT,BUY,LIMIT,1702109152205,40.74,17.368
LINKUSDT,BUY,LIMIT,1702109155278,2.73,17.371
LINKUSDT,BUY,LIMIT,1702109204754,1.36,17.388
LINKUSDT,BUY,LIMIT,1702109208133,59.02,17.392
LINKUSDT,BUY,LIMIT,1702109239261,100.00,17.380
LINKUSDT,BUY,LIMIT,1702109259540,24.53,17.400
LINKUSDT,BUY,LIMIT,1702109294143,7.38,17.401
LINKUSDT,BUY,LIMIT,1702109302268,3.36,17.405
LINKUSDT,BUY,LIMIT,1702109365138,127.95,17.386
LINKUSDT,BUY,LIMIT,1702109370444,60.64,17.386
LINKUSDT,BUY,LIMIT,1702109416141,18.81,17.359
LINKUSDT,BUY,LIMIT,1702109420255,300.52,17.390
LINKUSDT,BUY,LIMIT,1702109477131,39.48,17.379
LINKUSDT,BUY,LIMIT,1702109481807,110.41,17.376
LINKUSDT,BUY,LIMIT,1702109512846,37.50,17.368
LINKUSDT,SELL,LIMIT,1702109557189,46.35,17.159
LINKUSDT,BUY,LIMIT,1702109721604,300.00,17.346
LINKUSDT,BUY,LIMIT,1702109741906,34.61,17.349
LINKUSDT,BUY,LIMIT,1702109743209,36.99,17.354
LINKUSDT,BUY,LIMIT,1702109749385,4.00,17.358
LINKUSDT,BUY,LIMIT,1702109751572,28.67,17.293
LINKUSDT,BUY,LIMIT,1702109761484,2070.60,17.426
LINKUSDT,BUY,LIMIT,1702109768134,60.66,17.365
LINKUSDT,BUY,LIMIT,1702109779545,19.33,17.373
LINKUSDT,BUY,LIMIT,1702109788113,23.93,17.381
LINKUSDT,BUY,LIMIT,1702109883274,1.73,17.371
LINKUSDT,BUY,LIMIT,1702109891929,185.85,17.363
LINKUSDT,BUY,LIMIT,1702110258259,9.37,17.328
LINKUSDT,BUY,LIMIT,1702110274162,1.44,17.330
LINKUSDT,BUY,LIMIT,1702110301147,7.78,17.336
LINKUSDT,BUY,LIMIT,1702110419037,0.52,17.318
LINKUSDT,SELL,LIMIT,1702110606403,0.49,17.122
LINKUSDT,SELL,LIMIT,1702110703070,82.48,17.073
LINKUSDT,SELL,LIMIT,1702110711595,228.37,17.062
LINKUSDT,SELL,LIMIT,1702110716346,144.81,17.050
LINKUSDT,SELL,LIMIT,1702110717455,49.61,17.049
LINKUSDT,SELL,LIMIT,1702110778161,23.36,17.047
LINKUSDT,SELL,LIMIT,1702110779448,289.30,17.044
LINKUSDT,SELL,LIMIT,1702110781048,7.71,17.043
LINKUSDT,SELL,LIMIT,1702110819658,2.50,17.038
LINKUSDT,SELL,LIMIT,1702110843759,15.30,17.024
LINKUSDT,SELL,LIMIT,1702110849287,2.75,17.020
LINKUSDT,SELL,LIMIT,1702110854068,30.96,17.015
LINKUSDT,SELL,LIMIT,1702110855479,6.31,17.004
LINKUSDT,SELL,LIMIT,1702110872492,1.23,16.971
LINKUSDT,SELL,LIMIT,1702110875282,62.52,16.958
LINKUSDT,SELL,LIMIT,1702110876494,15.67,16.960
LINKUSDT,SELL,LIMIT,1702110907200,50.00,16.953
LINKUSDT,SELL,LIMIT,1702110908251,5.16,16.942
LINKUSDT,SELL,LIMIT,1702110911882,128.10,16.935
LINKUSDT,SELL,LIMIT,1702110913070,128.44,16.930
LINKUSDT,SELL,LIMIT,1702110914984,290.02,16.926
LINKUSDT,SELL,LIMIT,1702110921462,126.92,16.922
LINKUSDT,SELL,LIMIT,1702110970061,1.19,16.922
LINKUSDT,SELL,LIMIT,1702110971279,41.93,16.918
LINKUSDT,SELL,LIMIT,1702110972606,289.67,16.917
LINKUSDT,SELL,LIMIT,1702110977804,25.18,16.909
LINKUSDT,SELL,LIMIT,1702110979149,3.52,16.901
LINKUSDT,SELL,LIMIT,1702110980628,295.92,16.888
LINKUSDT,SELL,LIMIT,1702110982221,260.54,16.866
LINKUSDT,SELL,LIMIT,1702110983229,1.53,16.849
LINKUSDT,SELL,LIMIT,1702110984504,123.77,16.855
LINKUSDT,SELL,LIMIT,1702110990324,23.53,16.848
LINKUSDT,SELL,LIMIT,1702110991414,166.06,16.848
LINKUSDT,SELL,LIMIT,1702110994524,28.61,16.823
LINKUSDT,SELL,LIMIT,1702111025723,7.53,16.814
LINKUSDT,SELL,LIMIT,1702111027841,90.86,16.798
LINKUSDT,SELL,LIMIT,1702111030243,107.15,16.795
LINKUSDT,SELL,LIMIT,1702111032142,10.93,16.792
LINKUSDT,SELL,LIMIT,1702111034203,27.60,16.781
LINKUSDT,SELL,LIMIT,1702111035770,40.00,16.767
LINKUSDT,SELL,LIMIT,1702111037082,15.41,16.757
LINKUSDT,SELL,LIMIT,1702111039267,153.09,16.741
LINKUSDT,SELL,LIMIT,1702111040386,90.95,16.737
LINKUSDT,SELL,LIMIT,1702111041419,108.10,16.727
LINKUSDT,SELL,LIMIT,1702111042546,28.48,16.706
LINKUSDT,SELL,LIMIT,1702111043614,1.33,16.703
LINKUSDT,SELL,LIMIT,1702111044657,8.27,16.685
LINKUSDT,SELL,LIMIT,1702111045709,57.86,16.682
LINKUSDT,SELL,LIMIT,1702111371459,50.00,16.685
LINKUSDT,SELL,LIMIT,1702111372758,18.70,16.673
LINKUSDT,SELL,LIMIT,1702111374516,10.40,16.708
LINKUSDT,SELL,LIMIT,1702111375963,5.93,16.657
LINKUSDT,SELL,LIMIT,1702111377059,30.06,16.645
LINKUSDT,SELL,LIMIT,1702111378087,20.74,16.640
LINKUSDT,SELL,LIMIT,1702111379245,37.62,16.625
LINKUSDT,SELL,LIMIT,1702111380378,94.32,16.599
LINKUSDT,SELL,LIMIT,1702111381792,40.00,16.599
LINKUSDT,SELL,LIMIT,1702111383271,1.24,16.595
LINKUSDT,SELL,LIMIT,1702111384547,50.54,16.591
LINKUSDT,SELL,LIMIT,1702111385794,9.86,16.587
LINKUSDT,SELL,LIMIT,1702111387327,142.89,16.564
LINKUSDT,SELL,LIMIT,1702111388401,2551.87,16.483
LINKUSDT,BUY,LIMIT,1702111663331,9.87,16.952
LINKUSDT,SELL,LIMIT,1702112323835,295.77,16.685
LINKUSDT,BUY,LIMIT,1702112498709,100.00,16.970
LINKUSDT,BUY,LIMIT,1702113445393,32.75,17.031
LINKUSDT,BUY,LIMIT,1702113806215,10.48,17.095
LINKUSDT,SELL,LIMIT,1702114837824,96.23,16.766
LINKUSDT,SELL,LIMIT,1702114983739,294.99,16.745
LINKUSDT,SELL,LIMIT,1702114989574,63.45,16.730
LINKUSDT,SELL,LIMIT,1702115033500,5.32,16.719
LINKUSDT,SELL,LIMIT,1702115037041,3.31,16.717
LINKUSDT,SELL,LIMIT,1702115042924,295.24,16.713
LINKUSDT,SELL,LIMIT,1702115046097,236.82,16.706
LINKUSDT,SELL,LIMIT,1702115068899,103.72,16.702
LINKUSDT,SELL,LIMIT,1702115070583,8.66,16.693
LINKUSDT,SELL,LIMIT,1702115081612,4.07,16.680
LINKUSDT,SELL,LIMIT,1702115623991,145.59,16.675
LINKUSDT,SELL,LIMIT,1702115626146,8.99,16.668
LINKUSDT,SELL,LIMIT,1702115627556,19.01,16.666
LINKUSDT,BUY,LIMIT,1702116716065,44.78,16.955
LINKUSDT,SELL,LIMIT,1702119806783,1.19,16.772
LINKUSDT,BUY,LIMIT,1702122006957,64.16,17.031
LINKUSDT,BUY,LIMIT,1702122648973,6.09,17.043
LINKUSDT,BUY,LIMIT,1702122753361,38.29,17.065
LINKUSDT,BUY,LIMIT,1702122831870,7.50,17.084
LINKUSDT,BUY,LIMIT,1702123546644,1.72,17.119
LINKUSDT,BUY,LIMIT,1702123598328,136.11,17.103
LINKUSDT,BUY,LIMIT,1702123739247,179.22,17.137
LINKUSDT,BUY,LIMIT,1702123750374,227.29,17.149
LINKUSDT,BUY,LIMIT,1702123818629,27.05,17.150
LINKUSDT,SELL,LIMIT,1702125009152,30.62,16.835
LINKUSDT,SELL,LIMIT,1702125079250,160.69,16.805
LINKUSDT,SELL,LIMIT,1702125114377,277.50,16.797
LINKUSDT,SELL,LIMIT,1702126957432,9.74,16.760
LINKUSDT,SELL,LIMIT,1702126981533,34.08,16.747
LINKUSDT,SELL,LIMIT,1702127417220,34.40,16.741
LINKUSDT,SELL,LIMIT,1702127465806,57.14,16.726
LINKUSDT,SELL,LIMIT,1702127469089,6.04,16.711
LINKUSDT,SELL,LIMIT,1702127470127,13.96,16.710
LINKUSDT,SELL,LIMIT,1702127865051,86.98,16.686
LINKUSDT,SELL,LIMIT,1702128599160,135.85,16.660
LINKUSDT,SELL,LIMIT,1702128600871,24.26,16.650
LINKUSDT,SELL,LIMIT,1702128602388,6.83,16.643
LINKUSDT,SELL,LIMIT,1702128681243,2.36,16.632
LINKUSDT,SELL,LIMIT,1702128683667,21.41,16.620
LINKUSDT,SELL,LIMIT,1702128684983,218.41,16.608
LINKUSDT,SELL,LIMIT,1702128686509,118.42,16.595
LINKUSDT,SELL,LIMIT,1702130518866,8.00,16.585
LINKUSDT,SELL,LIMIT,1702130520523,7.91,16.581
LINKUSDT,SELL,LIMIT,1702130521673,71.32,16.580
LINKUSDT,SELL,LIMIT,1702130780140,75.86,16.574
LINKUSDT,BUY,LIMIT,1702131261938,11.72,16.700
LINKUSDT,SELL,LIMIT,1702132603680,5.90,16.565
LINKUSDT,SELL,LIMIT,1702132605117,62.54,16.561
LINKUSDT,SELL,LIMIT,1702132660177,297.08,16.553
LINKUSDT,SELL,LIMIT,1702132664623,270.66,16.549
LINKUSDT,SELL,LIMIT,1702132666051,1.52,16.548
LINKUSDT,SELL,LIMIT,1702132671414,68.73,16.549
LINKUSDT,SELL,LIMIT,1702132707134,2.05,16.528
LINKUSDT,SELL,LIMIT,1702132785967,99.56,16.519
LINKUSDT,SELL,LIMIT,1702132787319,24.48,16.510
LINKUSDT,SELL,LIMIT,1702132788375,7.23,16.496
LINKUSDT,SELL,LIMIT,1702132789567,25.67,16.491
LINKUSDT,SELL,LIMIT,1702132790614,40.57,16.442
LINKUSDT,SELL,LIMIT,1702132822672,168.29,16.454
LINKUSDT,SELL,LIMIT,1702132828720,80.34,16.457
LINKUSDT,SELL,LIMIT,1702132988543,25.09,16.457
LINKUSDT,SELL,LIMIT,1702132992499,231.42,16.442
LINKUSDT,SELL,LIMIT,1702132993986,1.76,16.439
LINKUSDT,SELL,LIMIT,1702132995113,67.46,16.437
LINKUSDT,SELL,LIMIT,1702132996368,2.00,16.433
LINKUSDT,SELL,LIMIT,1702132999511,5.11,16.464
LINKUSDT,SELL,LIMIT,1702133000584,297.65,16.424
LINKUSDT,SELL,LIMIT,1702133002190,151.50,16.410
LINKUSDT,SELL,LIMIT,1702133003451,22.05,16.393
LINKUSDT,SELL,LIMIT,1702133004528,98.42,16.375
LINKUSDT,SELL,LIMIT,1702133005614,10.70,16.349
LINKUSDT,SELL,LIMIT,1702133006619,24.15,16.342
LINKUSDT,SELL,LIMIT,1702133007625,106.27,16.330
LINKUSDT,SELL,LIMIT,1702133008794,27.15,16.335
LINKUSDT,SELL,LIMIT,1702133378959,21.98,16.357
LINKUSDT,SELL,LIMIT,1702134493270,21.68,16.330
LINKUSDT,SELL,LIMIT,1702134496141,35.47,16.329
LINKUSDT,SELL,LIMIT,1702134497169,19.58,16.323
LINKUSDT,SELL,LIMIT,1702134498414,16.97,16.322
LINKUSDT,SELL,LIMIT,1702134499522,300.93,16.310
LINKUSDT,SELL,LIMIT,1702134501056,1.19,16.302
LINKUSDT,SELL,LIMIT,1702134502190,28.91,16.302
LINKUSDT,SELL,LIMIT,1702134507992,19.71,16.302
LINKUSDT,SELL,LIMIT,1702134509583,35.00,16.300
LINKUSDT,SELL,LIMIT,1702134937593,297.21,16.347
LINKUSDT,BUY,LIMIT,1702135837079,34.54,16.630
LINKUSDT,BUY,LIMIT,1702135957231,51.35,16.664
LINKUSDT,BUY,LIMIT,1702135958237,67.67,16.666
LINKUSDT,BUY,LIMIT,1702137082545,5.91,16.714
LINKUSDT,BUY,LIMIT,1702137083807,7.10,16.717
LINKUSDT,BUY,LIMIT,1702137167783,250.00,16.716
LINKUSDT,BUY,LIMIT,1702137232156,25.16,16.724
LINKUSDT,BUY,LIMIT,1702137352595,2.67,16.761
LINKUSDT,SELL,LIMIT,1702138905185,63.79,16.449
LINKUSDT,SELL,LIMIT,1702138907362,1.54,16.439
LINKUSDT,SELL,LIMIT,1702138909778,9.17,16.435
LINKUSDT,SELL,LIMIT,1702138942029,106.07,16.417
LINKUSDT,SELL,LIMIT,1702138943253,6.00,16.411
LINKUSDT,SELL,LIMIT,1702138947432,82.00,16.408
LINKUSDT,SELL,LIMIT,1702138951990,6.68,16.403
LINKUSDT,SELL,LIMIT,1702138953850,302.00,16.468
LINKUSDT,SELL,LIMIT,1702138955199,29.51,16.410
LINKUSDT,SELL,LIMIT,1702138978253,41.79,16.405
LINKUSDT,SELL,LIMIT,1702138994690,16.32,16.379
LINKUSDT,SELL,LIMIT,1702139008152,7.20,16.383
LINKUSDT,SELL,LIMIT,1702139117035,44.44,16.394
LINKUSDT,SELL,LIMIT,1702139125548,30.50,16.370
LINKUSDT,SELL,LIMIT,1702139128359,150.38,16.364
LINKUSDT,SELL,LIMIT,1702139262263,30.00,16.369
LINKUSDT,SELL,LIMIT,1702139272297,37.75,16.363
LINKUSDT,SELL,LIMIT,1702139275218,83.57,16.356
LINKUSDT,SELL,LIMIT,1702139290996,1.25,16.342
LINKUSDT,SELL,LIMIT,1702139293410,2.33,16.334
LINKUSDT,SELL,LIMIT,1702139296555,18.57,16.334
LINKUSDT,SELL,LIMIT,1702139298457,129.87,16.333
LINKUSDT,SELL,LIMIT,1702141562388,50.00,16.369
LINKUSDT,SELL,LIMIT,1702141642591,30.56,16.338
LINKUSDT,SELL,LIMIT,1702141660317,2.03,16.323
LINKUSDT,SELL,LIMIT,1702141662300,11.52,16.316
LINKUSDT,SELL,LIMIT,1702141696392,3.83,16.305
LINKUSDT,SELL,LIMIT,1702141697548,32.51,16.306
LINKUSDT,SELL,LIMIT,1702141700774,23.85,16.304
LINKUSDT,SELL,LIMIT,1702141702530,14.18,16.296
LINKUSDT,SELL,LIMIT,1702141703938,12.98,16.296
LINKUSDT,SELL,LIMIT,1702141707296,16.58,16.295
LINKUSDT,SELL,LIMIT,1702141709549,25.29,16.293
LINKUSDT,SELL,LIMIT,1702141746324,6.24,16.309
LINKUSDT,SELL,LIMIT,1702141755531,12.98,16.307
LINKUSDT,SELL,LIMIT,1702141757916,16.58,16.304
LINKUSDT,SELL,LIMIT,1702141759069,50.54,16.307
LINKUSDT,SELL,LIMIT,1702141765644,89.52,16.302
LINKUSDT,SELL,LIMIT,1702141847461,18.63,16.281
LINKUSDT,SELL,LIMIT,1702141848463,75.50,16.277
LINKUSDT,SELL,LIMIT,1702141849489,3.83,16.266
LINKUSDT,SELL,LIMIT,1702141850582,6.94,16.262
LINKUSDT,SELL,LIMIT,1702141851771,15.70,16.258
LINKUSDT,SELL,LIMIT,1702141855255,48.63,16.232
LINKUSDT,SELL,LIMIT,1702141856277,6.10,16.238
LINKUSDT,SELL,LIMIT,1702141858213,1.77,16.236
LINKUSDT,SELL,LIMIT,1702143029910,23.75,16.313
LINKUSDT,BUY,LIMIT,1702144519852,6.59,16.615
LINKUSDT,BUY,LIMIT,1702144538598,4.13,16.615
LINKUSDT,BUY,LIMIT,1702144540255,18.60,16.618
LINKUSDT,SELL,LIMIT,1702144625572,6.10,16.575
LINKUSDT,SELL,LIMIT,1702144631262,251.21,16.452
LINKUSDT,SELL,LIMIT,1702144704419,137.92,16.394
LINKUSDT,SELL,LIMIT,1702144766382,12.61,16.364
LINKUSDT,BUY,LIMIT,1702145859842,20.71,16.629
LINKUSDT,BUY,LIMIT,1702146394251,43.08,16.656
LINKUSDT,BUY,LIMIT,1702147486502,27.71,16.690
LINKUSDT,BUY,LIMIT,1702147881402,27.29,16.707
LINKUSDT,BUY,LIMIT,1702151561444,15.00,16.621
LINKUSDT,SELL,LIMIT,1702152737220,24.48,16.576
LINKUSDT,SELL,LIMIT,1702152970297,26.09,16.440
LINKUSDT,SELL,LIMIT,1702153649916,301.49,16.421
LINKUSDT,SELL,LIMIT,1702153700790,1.56,16.416
LINKUSDT,SELL,LIMIT,1702153731112,9.06,16.399
LINKUSDT,SELL,LIMIT,1702153766947,57.46,16.393
LINKUSDT,SELL,LIMIT,1702153878105,301.64,16.353
LINKUSDT,SELL,LIMIT,1702153885111,42.46,16.350
LINKUSDT,SELL,LIMIT,1702153912333,14.84,16.366
LINKUSDT,SELL,LIMIT,1702153922251,21.05,16.341
LINKUSDT,BUY,LIMIT,1702154090666,16.25,16.515
LINKUSDT,SELL,LIMIT,1702156365026,226.44,16.332
LINKUSDT,SELL,LIMIT,1702156368143,2.00,16.325
LINKUSDT,SELL,LIMIT,1702162548411,299.22,16.338
LINKUSDT,SELL,LIMIT,1702162610779,296.53,16.347
LINKUSDT,SELL,LIMIT,1702162638359,5.95,16.330
LINKUSDT,SELL,LIMIT,1702162640232,15.02,16.326
LINKUSDT,SELL,LIMIT,1702162643334,13.49,16.306
LINKUSDT,SELL,LIMIT,1702162644432,4.26,16.309
LINKUSDT,SELL,LIMIT,1702164111524,6.00,16.300
LINKUSDT,SELL,LIMIT,1702164115703,5.57,16.293
LINKUSDT,SELL,LIMIT,1702164144563,2.95,16.286
LINKUSDT,SELL,LIMIT,1702164145635,73.68,16.284
LINKUSDT,SELL,LIMIT,1702164207085,4.57,16.274
LINKUSDT,SELL,LIMIT,1702164210530,5.81,16.270
LINKUSDT,SELL,LIMIT,1702164212243,1.49,16.265
LINKUSDT,SELL,LIMIT,1702164213288,4.54,16.261
LINKUSDT,SELL,LIMIT,1702164243634,15.34,16.257
LINKUSDT,SELL,LIMIT,1702164293246,76.80,16.258
LINKUSDT,SELL,LIMIT,1702164449062,182.29,16.227
LINKUSDT,SELL,LIMIT,1702164450426,173.72,16.222
LINKUSDT,SELL,LIMIT,1702164495404,10.00,16.225
LINKUSDT,SELL,LIMIT,1702164506234,6.12,16.222
LINKUSDT,SELL,LIMIT,1702164508486,8.79,16.219
LINKUSDT,SELL,LIMIT,1702164509706,1049.17,16.179
LINKUSDT,SELL,LIMIT,1702164510869,115.24,16.214
LINKUSDT,SELL,LIMIT,1702164512089,18.60,16.212
LINKUSDT,SELL,LIMIT,1702164522510,22.85,16.209
LINKUSDT,SELL,LIMIT,1702164533254,12.10,16.203
LINKUSDT,SELL,LIMIT,1702164535521,302.21,16.200
LINKUSDT,SELL,LIMIT,1702164536758,115.84,16.197
LINKUSDT,SELL,LIMIT,1702164537779,2.26,16.187
LINKUSDT,SELL,LIMIT,1702164538963,4.00,16.166
LINKUSDT,SELL,LIMIT,1702164540285,11.98,16.164
LINKUSDT,SELL,LIMIT,1702164541505,2.74,16.160
LINKUSDT,SELL,LIMIT,1702164543131,13.14,16.154
LINKUSDT,SELL,LIMIT,1702164544181,10.00,16.152
LINKUSDT,SELL,LIMIT,1702164545199,1.29,16.148
LINKUSDT,SELL,LIMIT,1702164546236,1342.20,16.099
LINKUSDT,SELL,LIMIT,1702164687314,7.85,16.128
LINKUSDT,SELL,LIMIT,1702164688818,1.44,16.130
LINKUSDT,SELL,LIMIT,1702164743905,28.81,16.166
LINKUSDT,SELL,LIMIT,1702164746071,74.94,16.126
LINKUSDT,SELL,LIMIT,1702164747101,1.34,16.118
LINKUSDT,SELL,LIMIT,1702164748180,17.64,16.092
LINKUSDT,SELL,LIMIT,1702164749224,248.45,16.101
LINKUSDT,SELL,LIMIT,1702164750274,24.09,16.077
LINKUSDT,SELL,LIMIT,1702164751275,26.73,16.073
LINKUSDT,SELL,LIMIT,1702164772264,4.78,16.114
LINKUSDT,SELL,LIMIT,1702164791352,46.55,16.093
LINKUSDT,SELL,LIMIT,1702164797883,1661.70,16.039
LINKUSDT,SELL,LIMIT,1702164799328,32.75,16.083
LINKUSDT,SELL,LIMIT,1702164800546,19.09,16.073
LINKUSDT,SELL,LIMIT,1702164801573,37.26,16.062
LINKUSDT,SELL,LIMIT,1702164802649,892.30,16.034
LINKUSDT,SELL,LIMIT,1702164804153,149.54,16.087
LINKUSDT,SELL,LIMIT,1702164805361,52.97,16.049
LINKUSDT,SELL,LIMIT,1702164806579,6.75,16.035
LINKUSDT,SELL,LIMIT,1702164807612,22.79,16.024
LINKUSDT,SELL,LIMIT,1702164808630,23.29,16.023
LINKUSDT,SELL,LIMIT,1702164809729,181.52,16.009
LINKUSDT,SELL,LIMIT,1702164810740,52.76,16.000
LINKUSDT,SELL,LIMIT,1702164811822,59.12,15.995
LINKUSDT,SELL,LIMIT,1702164839223,298.43,16.049
LINKUSDT,SELL,LIMIT,1702164869310,13.89,16.018
LINKUSDT,BUY,LIMIT,1702167204938,289.65,16.355
LINKUSDT,BUY,LIMIT,1702167729930,6.92,16.424
LINKUSDT,BUY,LIMIT,1702167764395,0.01,16.428
LINKUSDT,BUY,LIMIT,1702168591169,7.43,16.448
LINKUSDT,BUY,LIMIT,1702170058448,7.33,16.524
LINKUSDT,SELL,LIMIT,1702170959418,14.20,16.225
LINKUSDT,SELL,LIMIT,1702172763069,2.22,16.325
LINKUSDT,SELL,LIMIT,1702174357929,55.40,16.256
LINKUSDT,SELL,LIMIT,1702174521276,27.35,16.233
LINKUSDT,SELL,LIMIT,1702175345082,7.04,16.202
LINKUSDT,SELL,LIMIT,1702175356984,1.27,16.188
LINKUSDT,SELL,LIMIT,1702177028447,3.05,16.169
LINKUSDT,BUY,LIMIT,1702183038067,6.13,16.473
LINKUSDT,BUY,LIMIT,1702184262839,12.08,16.496
LINKUSDT,BUY,LIMIT,1702186181102,25.76,16.504
LINKUSDT,BUY,LIMIT,1702188014349,15.64,16.502
LINKUSDT,SELL,LIMIT,1702189169371,30.38,16.316
LINKUSDT,SELL,LIMIT,1702192698266,4.59,16.192
LINKUSDT,SELL,LIMIT,1702192742224,3.36,16.177
LINKUSDT,SELL,LIMIT,1702192743313,15.97,16.174
LINKUSDT,SELL,LIMIT,1702192753534,9.00,16.173
LINKUSDT,SELL,LIMIT,1702192776313,304.76,16.167
LINKUSDT,SELL,LIMIT,1702192809285,1.24,16.161
LINKUSDT,SELL,LIMIT,1702192812050,28.96,16.155
LINKUSDT,SELL,LIMIT,1702192863122,14.16,16.149
LINKUSDT,SELL,LIMIT,1702192869801,440.03,16.134
LINKUSDT,SELL,LIMIT,1702192871622,304.91,16.139
LINKUSDT,SELL,LIMIT,1702192882726,27.36,16.124
LINKUSDT,SELL,LIMIT,1702192943612,87.19,16.133
LINKUSDT,BUY,LIMIT,1702193405350,14.04,16.357
LINKUSDT,BUY,LIMIT,1702195307027,3.14,16.442
LINKUSDT,SELL,LIMIT,1702196680489,6.59,16.144
LINKUSDT,SELL,LIMIT,1702196715806,12.54,16.138
LINKUSDT,SELL,LIMIT,1702196808282,25.44,16.117
LINKUSDT,SELL,LIMIT,1702197045569,61.14,16.106
LINKUSDT,SELL,LIMIT,1702197047159,6.08,16.100
LINKUSDT,SELL,LIMIT,1702197050709,28.81,16.095
LINKUSDT,SELL,LIMIT,1702197051719,29.85,16.091
LINKUSDT,SELL,LIMIT,1702197052875,42.73,16.081
LINKUSDT,SELL,LIMIT,1702197090320,143.65,16.062
LINKUSDT,SELL,LIMIT,1702197092125,4.00,16.059
LINKUSDT,SELL,LIMIT,1702197439179,305.61,16.078
LINKUSDT,SELL,LIMIT,1702198323672,3.04,16.105
LINKUSDT,SELL,LIMIT,1702200326192,286.64,16.053
LINKUSDT,SELL,LIMIT,1702200329152,2.26,16.050
LINKUSDT,SELL,LIMIT,1702200330596,10.00,16.042
LINKUSDT,SELL,LIMIT,1702200348885,2.82,16.042
LINKUSDT,SELL,LIMIT,1702200448318,307.23,16.029
LINKUSDT,SELL,LIMIT,1702200614073,534.54,16.020
LINKUSDT,SELL,LIMIT,1702200617008,1.63,16.018
LINKUSDT,SELL,LIMIT,1702200618763,19.77,16.015
LINKUSDT,SELL,LIMIT,1702200619978,3.86,16.006
LINKUSDT,SELL,LIMIT,1702200726693,68.37,16.011
LINKUSDT,SELL,LIMIT,1702200731101,44.58,15.999
LINKUSDT,SELL,LIMIT,1702200754535,77.16,15.996
LINKUSDT,SELL,LIMIT,1702200756334,32.24,15.993
LINKUSDT,SELL,LIMIT,1702200757472,3.86,15.992
LINKUSDT,SELL,LIMIT,1702200759049,700.00,15.975
LINKUSDT,SELL,LIMIT,1702200760359,36.24,15.989
LINKUSDT,SELL,LIMIT,1702200762121,1.81,15.986
LINKUSDT,SELL,LIMIT,1702200763384,1.20,15.984
LINKUSDT,SELL,LIMIT,1702200764864,1.20,15.979
LINKUSDT,SELL,LIMIT,1702200773484,84.23,15.983
LINKUSDT,SELL,LIMIT,1702200796999,14.18,15.977
LINKUSDT,SELL,LIMIT,1702200801645,47.96,15.974
LINKUSDT,SELL,LIMIT,1702200885961,7.33,15.974
LINKUSDT,SELL,LIMIT,1702200889099,247.48,15.953
LINKUSDT,SELL,LIMIT,1702200890106,339.63,15.943
LINKUSDT,SELL,LIMIT,1702200891237,90.00,15.942
LINKUSDT,SELL,LIMIT,1702200892365,30.22,15.940
LINKUSDT,SELL,LIMIT,1702200893914,1.90,15.939
LINKUSDT,SELL,LIMIT,1702200932330,6.55,15.945
LINKUSDT,SELL,LIMIT,1702200934651,9.87,15.938
LINKUSDT,SELL,LIMIT,1702200935665,99.92,15.936
LINKUSDT,SELL,LIMIT,1702200937158,90.30,15.915
LINKUSDT,SELL,LIMIT,1702200938294,3.59,15.911
LINKUSDT,SELL,LIMIT,1702201457316,95.35,15.934
LINKUSDT,SELL,LIMIT,1702201662559,23.94,15.920
LINKUSDT,SELL,LIMIT,1702201789836,516.49,15.898
LINKUSDT,SELL,LIMIT,1702201805495,8.78,15.904
LINKUSDT,SELL,LIMIT,1702201806882,34.89,15.898
LINKUSDT,SELL,LIMIT,1702202042262,7.81,15.890
LINKUSDT,SELL,LIMIT,1702202046060,9.18,15.883
LINKUSDT,SELL,LIMIT,1702202048524,25.14,15.881
LINKUSDT,SELL,LIMIT,1702202049646,4185.38,15.769
LINKUSDT,SELL,LIMIT,1702202050892,24.62,15.869
LINKUSDT,SELL,LIMIT,1702202052158,43.05,15.863
LINKUSDT,SELL,LIMIT,1702202053276,38.51,15.864
LINKUSDT,SELL,LIMIT,1702202055934,61.22,15.861
LINKUSDT,SELL,LIMIT,1702202057934,1.20,15.855
LINKUSDT,SELL,LIMIT,1702202060131,13.35,15.856
LINKUSDT,SELL,LIMIT,1702202075506,312.13,15.868
LINKUSDT,SELL,LIMIT,1702202076781,104.67,15.867
LINKUSDT,SELL,LIMIT,1702202111009,122.47,15.872
LINKUSDT,SELL,LIMIT,1702202156098,311.13,15.857
LINKUSDT,SELL,LIMIT,1702202157133,2.96,15.849
LINKUSDT,SELL,LIMIT,1702202158341,76.48,15.846
LINKUSDT,SELL,LIMIT,1702202159713,209.91,15.845
LINKUSDT,SELL,LIMIT,1702202224093,48.55,15.855
LINKUSDT,SELL,LIMIT,1702202259241,500.67,15.844
LINKUSDT,SELL,LIMIT,1702202262251,6.95,15.849
LINKUSDT,SELL,LIMIT,1702202263259,9.00,15.846
LINKUSDT,SELL,LIMIT,1702202268082,119.55,15.848
LINKUSDT,SELL,LIMIT,1702202277121,23.46,15.842
LINKUSDT,SELL,LIMIT,1702202278879,1.66,15.839
LINKUSDT,SELL,LIMIT,1702202280330,143.20,15.832
LINKUSDT,SELL,LIMIT,1702202289075,134.40,15.809
LINKUSDT,SELL,LIMIT,1702202290164,42.20,15.810
LINKUSDT,SELL,LIMIT,1702202291716,148.50,15.797
LINKUSDT,SELL,LIMIT,1702202293436,23.85,15.793
LINKUSDT,SELL,LIMIT,1702202294868,12.53,15.793
LINKUSDT,SELL,LIMIT,1702202297092,1.50,15.787
LINKUSDT,SELL,LIMIT,1702202298159,21.05,15.787
LINKUSDT,SELL,LIMIT,1702202313315,1.83,15.785
LINKUSDT,SELL,LIMIT,1702202315571,16.59,15.783
LINKUSDT,SELL,LIMIT,1702202317078,43.02,15.781
LINKUSDT,SELL,LIMIT,1702202318309,10.46,15.780
LINKUSDT,SELL,LIMIT,1702202321045,8.16,15.778
LINKUSDT,SELL,LIMIT,1702202322086,15.06,15.772
LINKUSDT,SELL,LIMIT,1702202323109,147.12,15.761
LINKUSDT,SELL,LIMIT,1702202324129,209.34,15.760
LINKUSDT,SELL,LIMIT,1702202369252,60.44,15.759
LINKUSDT,SELL,LIMIT,1702202370292,10.46,15.756
LINKUSDT,SELL,LIMIT,1702202372485,10.52,15.756
LINKUSDT,SELL,LIMIT,1702202377451,68.33,15.756
LINKUSDT,SELL,LIMIT,1702202379742,131.27,15.750
LINKUSDT,SELL,LIMIT,1702202380786,4.42,15.743
LINKUSDT,SELL,LIMIT,1702202382419,54.10,15.739
LINKUSDT,SELL,LIMIT,1702202383600,81.41,15.739
LINKUSDT,SELL,LIMIT,1702202387136,10.46,15.740
LINKUSDT,SELL,LIMIT,1702202388982,104.03,15.740
LINKUSDT,SELL,LIMIT,1702202390536,298.80,15.735
LINKUSDT,SELL,LIMIT,1702202392227,50.52,15.729
LINKUSDT,SELL,LIMIT,1702202393359,12.36,15.733
LINKUSDT,SELL,LIMIT,1702202399004,7.10,15.731
LINKUSDT,SELL,LIMIT,1702202400009,254.99,15.730
LINKUSDT,SELL,LIMIT,1702205740297,15.00,15.900
LINKUSDT,BUY,LIMIT,1702209085721,100.00,16.037
LINKUSDT,BUY,LIMIT,1702210752391,313.34,16.113
LINKUSDT,BUY,LIMIT,1702210758063,314.24,16.115
LINKUSDT,BUY,LIMIT,1702210974850,309.86,16.141
LINKUSDT,BUY,LIMIT,1702212386380,272.28,16.144
LINKUSDT,BUY,LIMIT,1702212387465,6.81,16.148
LINKUSDT,BUY,LIMIT,1702217264942,40.31,16.186
LINKUSDT,BUY,LIMIT,1702217352710,7.24,16.194
LINKUSDT,BUY,LIMIT,1702217359243,65.50,16.196
LINKUSDT,BUY,LIMIT,1702217418481,1.27,16.005
LINKUSDT,BUY,LIMIT,1702219611813,18.31,16.151
LINKUSDT,BUY,LIMIT,1702220966406,1.26,16.238
LINKUSDT,BUY,LIMIT,1702221264831,201.18,16.243
LINKUSDT,BUY,LIMIT,1702221266295,492.25,16.250
LINKUSDT,BUY,LIMIT,1702221427678,50.25,16.245
LINKUSDT,BUY,LIMIT,1702221492280,9.34,16.260
LINKUSDT,BUY,LIMIT,1702221507163,6.14,16.270
LINKUSDT,SELL,LIMIT,1702226589766,12.38,16.056
LINKUSDT,SELL,LIMIT,1702228791526,57.62,15.980
LINKUSDT,SELL,LIMIT,1702228817076,38.91,15.977
LINKUSDT,SELL,LIMIT,1702228845466,4.88,15.972
LINKUSDT,SELL,LIMIT,1702228853360,4.70,15.964
LINKUSDT,SELL,LIMIT,1702228855388,19.41,15.960
LINKUSDT,SELL,LIMIT,1702229342970,3.60,15.955
LINKUSDT,SELL,LIMIT,1702230190465,2.58,15.921
LINKUSDT,SELL,LIMIT,1702230254616,2.96,15.904
LINKUSDT,SELL,LIMIT,1702230259309,7.00,15.894
LINKUSDT,BUY,LIMIT,1702232775632,160.00,16.228
LINKUSDT,BUY,LIMIT,1702232932779,62.67,16.275
LINKUSDT,BUY,LIMIT,1702233688389,247.25,16.257
LINKUSDT,SELL,LIMIT,1702235324558,18.63,16.079
LINKUSDT,BUY,LIMIT,1702235728554,105.98,16.239
LINKUSDT,BUY,LIMIT,1702236186355,2.03,16.201
LINKUSDT,BUY,LIMIT,1702238225773,21.23,16.291
LINKUSDT,BUY,LIMIT,1702238283398,13.00,16.295
LINKUSDT,BUY,LIMIT,1702238288065,144.23,16.299
LINKUSDT,BUY,LIMIT,1702238306407,1.81,16.299
LINKUSDT,BUY,LIMIT,1702238308269,110.87,16.300
LINKUSDT,BUY,LIMIT,1702238311936,12.84,16.302
LINKUSDT,BUY,LIMIT,1702238333512,5.17,16.304
LINKUSDT,BUY,LIMIT,1702238492086,7.02,16.308
LINKUSDT,BUY,LIMIT,1702238517313,3.82,16.314
LINKUSDT,BUY,LIMIT,1702238520757,91.24,16.318
LINKUSDT,BUY,LIMIT,1702238562610,6.62,16.321
LINKUSDT,BUY,LIMIT,1702238931417,95.95,16.338
LINKUSDT,BUY,LIMIT,1702238954117,40.29,16.341
LINKUSDT,BUY,LIMIT,1702239113524,72.53,16.352
LINKUSDT,BUY,LIMIT,1702239141251,12.38,16.355
LINKUSDT,BUY,LIMIT,1702239142277,4.31,16.356
LINKUSDT,BUY,LIMIT,1702239146583,6.73,16.361
LINKUSDT,BUY,LIMIT,1702239148354,65.00,16.360
LINKUSDT,BUY,LIMIT,1702239174522,12.42,16.365
LINKUSDT,BUY,LIMIT,1702239208761,1.86,16.368
LINKUSDT,BUY,LIMIT,1702239507999,228.29,16.361
LINKUSDT,BUY,LIMIT,1702239833300,114.14,16.376
LINKUSDT,BUY,LIMIT,1702239850041,1.30,16.377
LINKUSDT,BUY,LIMIT,1702239870664,9.64,16.383
LINKUSDT,BUY,LIMIT,1702239874539,8.52,16.388
LINKUSDT,BUY,LIMIT,1702239877638,11.41,16.392
LINKUSDT,BUY,LIMIT,1702240325249,257.40,16.369
LINKUSDT,BUY,LIMIT,1702240379528,1.49,16.383
LINKUSDT,BUY,LIMIT,1702240455977,34.24,16.386
LINKUSDT,BUY,LIMIT,1702240487166,8.83,16.387
LINKUSDT,BUY,LIMIT,1702240513414,11.41,16.392
LINKUSDT,BUY,LIMIT,1702240530066,22.82,16.397
LINKUSDT,BUY,LIMIT,1702240537280,6.30,16.398
LINKUSDT,BUY,LIMIT,1702240562412,101.39,16.402
LINKUSDT,BUY,LIMIT,1702240564485,2.83,16.407
LINKUSDT,BUY,LIMIT,1702240613605,34.24,16.410
LINKUSDT,BUY,LIMIT,1702240617223,11.41,16.414
LINKUSDT,BUY,LIMIT,1702240715051,1.64,16.419
LINKUSDT,BUY,LIMIT,1702240742022,2.73,16.426
LINKUSDT,BUY,LIMIT,1702240744744,18.14,16.431
LINKUSDT,BUY,LIMIT,1702240755425,11.41,16.434
LINKUSDT,BUY,LIMIT,1702240757208,39.95,16.434
LINKUSDT,BUY,LIMIT,1702240758446,68.57,16.425
LINKUSDT,BUY,LIMIT,1702240761360,34.24,16.432
LINKUSDT,BUY,LIMIT,1702240764155,6.19,16.432
LINKUSDT,BUY,LIMIT,1702240782060,27.86,16.422
LINKUSDT,BUY,LIMIT,1702240887470,60.51,16.418
LINKUSDT,BUY,LIMIT,1702240913584,1.69,16.440
LINKUSDT,BUY,LIMIT,1702240935180,13.14,16.448
LINKUSDT,BUY,LIMIT,1702240939551,80.76,16.450
LINKUSDT,BUY,LIMIT,1702240947090,104.35,16.451
LINKUSDT,BUY,LIMIT,1702241033411,6.05,16.462
LINKUSDT,BUY,LIMIT,1702241035215,46.83,16.463
LINKUSDT,BUY,LIMIT,1702241049814,45.00,16.466
LINKUSDT,BUY,LIMIT,1702241074520,6.22,16.479
LINKUSDT,BUY,LIMIT,1702241117178,67.22,16.480
LINKUSDT,BUY,LIMIT,1702241179271,58.74,16.481
LINKUSDT,BUY,LIMIT,1702241182471,6.22,16.482
LINKUSDT,BUY,LIMIT,1702241186802,16.83,16.483
LINKUSDT,BUY,LIMIT,1702241192948,24.58,16.487
LINKUSDT,BUY,LIMIT,1702241208034,1.55,16.497
LINKUSDT,BUY,LIMIT,1702241234461,273.91,16.506
LINKUSDT,BUY,LIMIT,1702241351790,2.00,16.518
LINKUSDT,BUY,LIMIT,1702241356547,12.37,16.519
LINKUSDT,BUY,LIMIT,1702241365350,44.74,16.520
LINKUSDT,BUY,LIMIT,1702241581102,5.16,16.505
LINKUSDT,BUY,LIMIT,1702241638361,1109.19,16.552
LINKUSDT,BUY,LIMIT,1702241902436,500.00,16.539
LINKUSDT,BUY,LIMIT,1702241943610,22.23,16.537
LINKUSDT,BUY,LIMIT,1702241946167,4.66,16.536
LINKUSDT,BUY,LIMIT,1702242011558,14.53,16.535
LINKUSDT,BUY,LIMIT,1702243090967,14.46,16.452
LINKUSDT,SELL,LIMIT,1702243665248,9.02,16.226
LINKUSDT,SELL,LIMIT,1702243711309,3.66,16.277
LINKUSDT,SELL,LIMIT,1702243984664,351.75,16.210
LINKUSDT,SELL,LIMIT,1702245696219,148.49,16.161
LINKUSDT,SELL,LIMIT,1702245697332,4.33,16.156
LINKUSDT,SELL,LIMIT,1702245702288,60.00,16.151
LINKUSDT,BUY,LIMIT,1702245722310,1.30,16.316
LINKUSDT,BUY,LIMIT,1702246996812,1.99,16.460
LINKUSDT,BUY,LIMIT,1702247200266,170.12,16.493
LINKUSDT,BUY,LIMIT,1702249473463,2.14,16.517
LINKUSDT,SELL,LIMIT,1702250149577,255.47,16.231
LINKUSDT,SELL,LIMIT,1702250235259,15.00,16.230
LINKUSDT,SELL,LIMIT,1702250240856,43.28,16.219
LINKUSDT,SELL,LIMIT,1702250241952,24.58,16.216
LINKUSDT,SELL,LIMIT,1702250244484,2.89,16.206
LINKUSDT,SELL,LIMIT,1702250248070,302.88,16.203
LINKUSDT,SELL,LIMIT,1702250251912,14.78,16.196
LINKUSDT,SELL,LIMIT,1702250296593,304.49,16.195
LINKUSDT,SELL,LIMIT,1702250298843,44.24,16.182
LINKUSDT,SELL,LIMIT,1702250300331,4.31,16.178
LINKUSDT,SELL,LIMIT,1702250546489,33.00,16.162
LINKUSDT,BUY,LIMIT,1702251118969,1.57,16.414
LINKUSDT,BUY,LIMIT,1702253299536,48.94,16.516
LINKUSDT,BUY,LIMIT,1702253375545,56.46,16.547
LINKUSDT,BUY,LIMIT,1702253377178,10.14,16.549
LINKUSDT,BUY,LIMIT,1702253401008,64.31,16.553
LINKUSDT,SELL,LIMIT,1702255021342,61.40,16.228
LINKUSDT,SELL,LIMIT,1702255382138,4.15,16.185
LINKUSDT,SELL,LIMIT,1702255599240,38.54,16.161
LINKUSDT,SELL,LIMIT,1702255602118,23.98,16.154
LINKUSDT,SELL,LIMIT,1702255896068,237.94,16.152
LINKUSDT,SELL,LIMIT,1702255986303,24.16,16.126
LINKUSDT,SELL,LIMIT,1702256162552,169.02,16.114
LINKUSDT,SELL,LIMIT,1702256173856,10.18,16.109
LINKUSDT,SELL,LIMIT,1702256175512,1.24,16.107
LINKUSDT,SELL,LIMIT,1702256425967,73.52,16.097
LINKUSDT,SELL,LIMIT,1702256438408,230.62,16.083
LINKUSDT,SELL,LIMIT,1702256440345,305.13,16.074
LINKUSDT,SELL,LIMIT,1702256449076,323.48,16.070
LINKUSDT,SELL,LIMIT,1702256494613,1.24,16.049
LINKUSDT,SELL,LIMIT,1702256496002,3.04,16.047
LINKUSDT,SELL,LIMIT,1702256502303,164.15,16.035
LINKUSDT,SELL,LIMIT,1702256503372,2.46,16.039
LINKUSDT,SELL,LIMIT,1702256567125,4.92,16.025
LINKUSDT,SELL,LIMIT,1702256575182,18.99,16.019
LINKUSDT,SELL,LIMIT,1702256580206,259.51,16.009
LINKUSDT,SELL,LIMIT,1702256610870,124.94,15.996
LINKUSDT,SELL,LIMIT,1702256614238,74.57,15.989
LINKUSDT,SELL,LIMIT,1702256615543,64.85,15.988
LINKUSDT,SELL,LIMIT,1702256618707,99.74,15.993
LINKUSDT,SELL,LIMIT,1702256620999,610.27,15.985
LINKUSDT,SELL,LIMIT,1702256623689,221.14,15.972
LINKUSDT,SELL,LIMIT,1702256625231,25.46,15.970
LINKUSDT,SELL,LIMIT,1702256724029,6.35,15.975
LINKUSDT,SELL,LIMIT,1702256911163,55.68,15.961
LINKUSDT,SELL,LIMIT,1702256913293,13.24,15.960
LINKUSDT,SELL,LIMIT,1702256914392,205.43,15.933
LINKUSDT,SELL,LIMIT,1702256915671,1099.02,15.894
LINKUSDT,SELL,LIMIT,1702256916773,1.53,15.933
LINKUSDT,SELL,LIMIT,1702256917954,15.86,15.927
LINKUSDT,SELL,LIMIT,1702256919032,26.79,15.926
LINKUSDT,SELL,LIMIT,1702256921752,60.17,15.927
LINKUSDT,SELL,LIMIT,1702256924648,2.56,15.934
LINKUSDT,SELL,LIMIT,1702256980960,1.23,15.924
LINKUSDT,SELL,LIMIT,1702256987931,54.17,15.916
LINKUSDT,SELL,LIMIT,1702256993225,30.19,15.897
LINKUSDT,SELL,LIMIT,1702256994491,73.87,15.896
LINKUSDT,SELL,LIMIT,1702256996091,14.65,15.889
LINKUSDT,SELL,LIMIT,1702256997284,122.21,15.888
LINKUSDT,SELL,LIMIT,1702257008784,7.24,15.883
LINKUSDT,BUY,LIMIT,1702257785475,21.02,16.223
LINKUSDT,BUY,LIMIT,1702257985187,4.64,16.228
LINKUSDT,SELL,LIMIT,1702258256112,208.03,16.065
LINKUSDT,SELL,LIMIT,1702258488402,1.20,16.075
LINKUSDT,BUY,LIMIT,1702259677620,1.65,16.122
LINKUSDT,SELL,LIMIT,1702260212834,1.24,16.762
LINKUSDT,SELL,LIMIT,1702260238986,16.13,16.022
LINKUSDT,SELL,LIMIT,1702260248791,0.03,15.994
LINKUSDT,SELL,LIMIT,1702260281263,117.35,15.961
LINKUSDT,SELL,LIMIT,1702260283619,120.31,15.947
LINKUSDT,SELL,LIMIT,1702260285095,8.77,15.939
LINKUSDT,SELL,LIMIT,1702260286379,50.00,15.936
LINKUSDT,SELL,LIMIT,1702260294154,24.76,15.924
LINKUSDT,SELL,LIMIT,1702260319667,60.45,15.997
LINKUSDT,SELL,LIMIT,1702260322327,7.20,15.920
LINKUSDT,SELL,LIMIT,1702260324405,0.10,15.905
LINKUSDT,SELL,LIMIT,1702260425461,7.50,15.882
LINKUSDT,SELL,LIMIT,1702260427274,2.00,15.874
LINKUSDT,SELL,LIMIT,1702260428605,57.36,15.874
LINKUSDT,SELL,LIMIT,1702260429647,25.84,15.870
LINKUSDT,SELL,LIMIT,1702260430658,10.00,15.851
LINKUSDT,SELL,LIMIT,1702260431719,12.36,15.835
LINKUSDT,SELL,LIMIT,1702260434187,81.84,15.825
LINKUSDT,SELL,LIMIT,1702260435602,3025.87,15.762
LINKUSDT,SELL,LIMIT,1702260436677,7.00,15.814
LINKUSDT,SELL,LIMIT,1702260437769,306.53,15.805
LINKUSDT,SELL,LIMIT,1702260439135,1.47,15.786
LINKUSDT,SELL,LIMIT,1702260440237,30.93,15.796
LINKUSDT,SELL,LIMIT,1702260441357,3220.46,15.719
LINKUSDT,SELL,LIMIT,1702260442544,69.52,15.771
LINKUSDT,SELL,LIMIT,1702260622104,25.83,15.764
LINKUSDT,SELL,LIMIT,1702260623240,4.69,15.757
LINKUSDT,SELL,LIMIT,1702260624323,236.37,15.759
LINKUSDT,SELL,LIMIT,1702260626140,84.22,15.751
LINKUSDT,SELL,LIMIT,1702260627589,312.66,15.748
LINKUSDT,SELL,LIMIT,1702260628614,366.60,15.723
LINKUSDT,SELL,LIMIT,1702260630187,3.01,15.715
LINKUSDT,SELL,LIMIT,1702260631188,10.87,15.694
LINKUSDT,SELL,LIMIT,1702260632190,2.00,15.589
LINKUSDT,SELL,LIMIT,1702260633220,6.48,15.570
LINKUSDT,SELL,LIMIT,1702260634228,9.55,15.505
LINKUSDT,SELL,LIMIT,1702260635253,76.01,15.488
LINKUSDT,SELL,LIMIT,1702260636256,13.32,15.435
LINKUSDT,SELL,LIMIT,1702260637260,24.61,15.445
LINKUSDT,SELL,LIMIT,1702260638308,99.96,15.422
LINKUSDT,SELL,LIMIT,1702260639565,0.37,15.411
LINKUSDT,SELL,LIMIT,1702260665683,25.34,15.572
LINKUSDT,SELL,LIMIT,1702260689473,255.01,15.542
LINKUSDT,SELL,LIMIT,1702260694547,553.58,15.547
LINKUSDT,SELL,LIMIT,1702260698771,1.95,15.530
LINKUSDT,SELL,LIMIT,1702260700390,100.45,15.529
LINKUSDT,SELL,LIMIT,1702260706024,100.00,15.527
LINKUSDT,SELL,LIMIT,1702260707165,53.64,15.511
LINKUSDT,SELL,LIMIT,1702260708211,3121.04,15.439
LINKUSDT,SELL,LIMIT,1702260709273,6.08,15.492
LINKUSDT,SELL,LIMIT,1702260710527,572.74,15.485
LINKUSDT,SELL,LIMIT,1702260711570,8.74,15.478
LINKUSDT,SELL,LIMIT,1702260712586,398.82,15.482
LINKUSDT,SELL,LIMIT,1702260713650,3.12,15.470
LINKUSDT,SELL,LIMIT,1702260714682,95.76,15.468
LINKUSDT,SELL,LIMIT,1702260715828,5.89,15.461
LINKUSDT,SELL,LIMIT,1702260717690,3.17,15.427
LINKUSDT,SELL,LIMIT,1702260718781,2.76,15.424
LINKUSDT,SELL,LIMIT,1702260719793,26.99,15.388
LINKUSDT,SELL,LIMIT,1702260720904,13.97,15.383
LINKUSDT,SELL,LIMIT,1702260721930,3000.00,15.311
LINKUSDT,SELL,LIMIT,1702260722931,1.85,15.355
LINKUSDT,SELL,LIMIT,1702260723934,414.49,15.337
LINKUSDT,SELL,LIMIT,1702260725270,50.00,15.343
LINKUSDT,SELL,LIMIT,1702260726757,56.76,15.334
LINKUSDT,SELL,LIMIT,1702260727983,7.00,15.342
LINKUSDT,SELL,LIMIT,1702260729053,27.77,15.549
LINKUSDT,SELL,LIMIT,1702260730092,92.23,15.324
LINKUSDT,SELL,LIMIT,1702260731138,322.55,15.354
LINKUSDT,SELL,LIMIT,1702260732553,185.34,15.291
LINKUSDT,SELL,LIMIT,1702260733586,61.83,15.256
LINKUSDT,SELL,LIMIT,1702260734588,1402.53,15.246
LINKUSDT,SELL,LIMIT,1702260735593,200.00,15.223
LINKUSDT,SELL,LIMIT,1702260736611,462.87,15.212
LINKUSDT,SELL,LIMIT,1702260737624,152.25,15.190
LINKUSDT,SELL,LIMIT,1702260738631,12.87,15.202
LINKUSDT,SELL,LIMIT,1702260739646,30.44,15.173
LINKUSDT,SELL,LIMIT,1702260740651,9.59,15.136
LINKUSDT,SELL,LIMIT,1702260741653,15.00,15.168
LINKUSDT,SELL,LIMIT,1702260742658,61.20,15.127
LINKUSDT,SELL,LIMIT,1702260743665,525.54,15.109
LINKUSDT,SELL,LIMIT,1702260744809,2.41,15.131
LINKUSDT,SELL,LIMIT,1702260745853,41.66,15.109
LINKUSDT,SELL,LIMIT,1702260746869,149.54,15.082
LINKUSDT,SELL,LIMIT,1702260747875,8.72,15.074
LINKUSDT,SELL,LIMIT,1702260748868,608.92,15.113
LINKUSDT,SELL,LIMIT,1702260749915,1.82,15.066
LINKUSDT,SELL,LIMIT,1702260750951,2.99,15.055
LINKUSDT,SELL,LIMIT,1702260751975,1.71,15.039
LINKUSDT,SELL,LIMIT,1702260753249,13.49,15.053
LINKUSDT,SELL,LIMIT,1702260754317,283.54,15.029
LINKUSDT,SELL,LIMIT,1702260755366,11.49,15.020
LINKUSDT,SELL,LIMIT,1702260756494,231.28,15.017
LINKUSDT,SELL,LIMIT,1702260757525,9.34,14.991
LINKUSDT,SELL,LIMIT,1702260758528,153.45,14.992
LINKUSDT,SELL,LIMIT,1702260759529,2.30,14.953
LINKUSDT,SELL,LIMIT,1702260760485,6207.40,14.841
LINKUSDT,SELL,LIMIT,1702260761540,42.68,14.952
LINKUSDT,SELL,LIMIT,1702260762539,24.88,14.929
LINKUSDT,SELL,LIMIT,1702260763551,70.95,14.933
LINKUSDT,SELL,LIMIT,1702260764565,37.78,14.899
LINKUSDT,SELL,LIMIT,1702260765614,6.48,14.884
LINKUSDT,SELL,LIMIT,1702260766582,3.03,14.831
LINKUSDT,SELL,LIMIT,1702260767658,969.02,14.750
LINKUSDT,SELL,LIMIT,1702260768660,2.38,14.720
LINKUSDT,SELL,LIMIT,1702260769557,63.13,14.762
LINKUSDT,SELL,LIMIT,1702260770664,166.65,14.704
LINKUSDT,SELL,LIMIT,1702260771672,3.69,14.492
LINKUSDT,SELL,LIMIT,1702260772682,35.58,14.540
LINKUSDT,SELL,LIMIT,1702260773695,24.05,14.540
LINKUSDT,SELL,LIMIT,1702260774740,100.00,14.466
LINKUSDT,SELL,LIMIT,1702260775747,175.40,14.495
LINKUSDT,SELL,LIMIT,1702260776770,15.88,14.501
LINKUSDT,SELL,LIMIT,1702260777792,263.28,14.501
LINKUSDT,SELL,LIMIT,1702260778805,30.93,14.377
LINKUSDT,SELL,LIMIT,1702260779846,1088.00,14.349
LINKUSDT,SELL,LIMIT,1702260781209,2.00,14.404
LINKUSDT,SELL,LIMIT,1702260782374,42.77,14.370
LINKUSDT,SELL,LIMIT,1702260783424,1534.93,14.350
LINKUSDT,SELL,LIMIT,1702260784481,27.52,14.393
LINKUSDT,SELL,LIMIT,1702260785485,19.88,14.284
LINKUSDT,SELL,LIMIT,1702260786891,25.82,14.364
LINKUSDT,SELL,LIMIT,1702260788161,72.39,14.343
LINKUSDT,SELL,LIMIT,1702260789193,200.40,14.309
LINKUSDT,SELL,LIMIT,1702260790330,31.66,14.255
LINKUSDT,SELL,LIMIT,1702260791335,2500.00,14.216
LINKUSDT,SELL,LIMIT,1702260792403,187.49,14.253
LINKUSDT,SELL,LIMIT,1702260793409,1100.00,14.166
LINKUSDT,SELL,LIMIT,1702260794427,910.89,14.171
LINKUSDT,SELL,LIMIT,1702260795478,16.22,14.237
LINKUSDT,SELL,LIMIT,1702260796565,0.63,14.207
LINKUSDT,SELL,LIMIT,1702260797608,80.72,14.227
LINKUSDT,SELL,LIMIT,1702260798713,10.53,14.227
LINKUSDT,SELL,LIMIT,1702260799732,147.46,14.190
LINKUSDT,SELL,LIMIT,1702260800744,5.71,14.176
LINKUSDT,SELL,LIMIT,1702260801754,36.66,14.167
LINKUSDT,SELL,LIMIT,1702260802768,77.87,14.167
LINKUSDT,SELL,LIMIT,1702260803812,370.79,14.098
LINKUSDT,SELL,LIMIT,1702260804838,7.24,14.079
LINKUSDT,SELL,LIMIT,1702260805867,12.34,14.090
LINKUSDT,SELL,LIMIT,1702260806871,2.08,14.074
LINKUSDT,SELL,LIMIT,1702260807904,1.31,14.053
LINKUSDT,SELL,LIMIT,1702260808946,125.70,14.036
LINKUSDT,SELL,LIMIT,1702260809982,53.13,14.036
LINKUSDT,SELL,LIMIT,1702260811017,29.19,14.004
LINKUSDT,SELL,LIMIT,1702260812136,150.00,14.001
LINKUSDT,SELL,LIMIT,1702260813265,31.86,14.056
LINKUSDT,SELL,LIMIT,1702260814265,4.78,13.961
LINKUSDT,SELL,LIMIT,1702260815269,303.85,13.925
LINKUSDT,SELL,LIMIT,1702260816513,6.56,13.946
LINKUSDT,SELL,LIMIT,1702260817773,151.60,13.946
LINKUSDT,SELL,LIMIT,1702260818786,510.35,13.827
LINKUSDT,SELL,LIMIT,1702260820350,16.29,13.963
LINKUSDT,SELL,LIMIT,1702260821526,300.00,13.925
LINKUSDT,SELL,LIMIT,1702260822639,16.81,13.982
LINKUSDT,SELL,LIMIT,1702260824293,39.41,13.970
LINKUSDT,SELL,LIMIT,1702260826150,6.06,13.915
LINKUSDT,SELL,LIMIT,1702260827577,325.27,13.915
LINKUSDT,BUY,LIMIT,1702260829184,45.62,14.070
LINKUSDT,SELL,LIMIT,1702260832483,79.18,13.925
LINKUSDT,SELL,LIMIT,1702260834087,6.55,13.901
LINKUSDT,SELL,LIMIT,1702260835192,4.18,13.905
LINKUSDT,BUY,LIMIT,1702260843967,7170.00,14.249
LINKUSDT,BUY,LIMIT,1702260863909,12.68,14.301
LINKUSDT,BUY,LIMIT,1702260867588,28.15,14.362
LINKUSDT,BUY,LIMIT,1702260874336,5.00,14.487
LINKUSDT,BUY,LIMIT,1702260904436,259.08,14.583
LINKUSDT,SELL,LIMIT,1702260980354,10.00,14.577
LINKUSDT,SELL,LIMIT,1702260984728,2.26,14.557
LINKUSDT,SELL,LIMIT,1702260987961,60.00,14.494
LINKUSDT,SELL,LIMIT,1702261012207,2.00,14.547
LINKUSDT,BUY,LIMIT,1702261197103,3.05,15.003
LINKUSDT,SELL,LIMIT,1702261600336,2.25,14.756
LINKUSDT,SELL,LIMIT,1702261601367,167.38,14.743
LINKUSDT,SELL,LIMIT,1702261609537,4.11,14.724
LINKUSDT,SELL,LIMIT,1702261611173,100.00,14.712
LINKUSDT,SELL,LIMIT,1702261612563,335.57,14.700
LINKUSDT,BUY,LIMIT,1702262134247,1.54,14.980
LINKUSDT,SELL,LIMIT,1702262165082,21.43,14.675
LINKUSDT,SELL,LIMIT,1702262169277,334.58,14.689
LINKUSDT,SELL,LIMIT,1702262218360,170.13,14.625
LINKUSDT,SELL,LIMIT,1702262220042,2.59,14.612
LINKUSDT,SELL,LIMIT,1702262245280,6.73,14.595
LINKUSDT,SELL,LIMIT,1702262249775,22.50,14.587
LINKUSDT,SELL,LIMIT,1702262266893,310.65,14.557
LINKUSDT,SELL,LIMIT,1702262268155,203.16,14.548
LINKUSDT,SELL,LIMIT,1702262272305,5.36,14.547
LINKUSDT,SELL,LIMIT,1702262353212,202.08,14.524
LINKUSDT,SELL,LIMIT,1702262354513,3.00,14.515
LINKUSDT,SELL,LIMIT,1702262485381,25.46,14.508
LINKUSDT,SELL,LIMIT,1702262585774,126.99,14.503
LINKUSDT,SELL,LIMIT,1702262588021,5.03,14.500
LINKUSDT,SELL,LIMIT,1702262590624,5.00,14.473
LINKUSDT,SELL,LIMIT,1702262595170,18.96,14.465
LINKUSDT,SELL,LIMIT,1702262607972,11.37,14.459
LINKUSDT,SELL,LIMIT,1702262614509,12.41,14.455
LINKUSDT,SELL,LIMIT,1702262615562,7.97,14.454
LINKUSDT,SELL,LIMIT,1702262617390,49.47,14.444
LINKUSDT,SELL,LIMIT,1702262618437,43.16,14.439
LINKUSDT,SELL,LIMIT,1702262623144,15.00,14.431
LINKUSDT,SELL,LIMIT,1702262624300,78.03,14.421
LINKUSDT,SELL,LIMIT,1702262625305,21.83,14.428
LINKUSDT,SELL,LIMIT,1702262626388,20.00,14.386
LINKUSDT,SELL,LIMIT,1702262627523,50.00,14.355
LINKUSDT,SELL,LIMIT,1702262629197,337.33,14.333
LINKUSDT,SELL,LIMIT,1702262873708,3.62,14.396
LINKUSDT,BUY,LIMIT,1702262964171,4.82,14.641
LINKUSDT,SELL,LIMIT,1702262988045,24.71,14.502
LINKUSDT,BUY,LIMIT,1702263088632,9.67,14.737
LINKUSDT,BUY,LIMIT,1702263101412,109.76,14.751
LINKUSDT,BUY,LIMIT,1702263141960,61.73,14.787
LINKUSDT,BUY,LIMIT,1702263143447,118.97,14.810
LINKUSDT,BUY,LIMIT,1702263224243,35.21,14.831
LINKUSDT,BUY,LIMIT,1702263275321,17.39,14.875
LINKUSDT,BUY,LIMIT,1702263308012,9.17,14.889
LINKUSDT,BUY,LIMIT,1702263926088,2.25,14.962
LINKUSDT,BUY,LIMIT,1702263935154,6.73,14.988
LINKUSDT,BUY,LIMIT,1702264026346,587.91,15.035
LINKUSDT,SELL,LIMIT,1702264426262,5.05,14.864
LINKUSDT,BUY,LIMIT,1702264526565,382.11,14.995
LINKUSDT,SELL,LIMIT,1702264805200,7.58,14.791
LINKUSDT,SELL,LIMIT,1702264951192,334.42,14.758
LINKUSDT,SELL,LIMIT,1702265018080,7.90,14.737
LINKUSDT,BUY,LIMIT,1702265225841,31.60,14.996
LINKUSDT,BUY,LIMIT,1702265382094,371.72,15.064
LINKUSDT,BUY,LIMIT,1702265649805,60.59,15.098
LINKUSDT,BUY,LIMIT,1702265667517,1.37,15.110
LINKUSDT,BUY,LIMIT,1702265922832,14.25,15.146
LINKUSDT,BUY,LIMIT,1702265970899,19.30,15.192
LINKUSDT,BUY,LIMIT,1702266001292,56.47,15.228
LINKUSDT,BUY,LIMIT,1702266333552,42.44,15.159
LINKUSDT,SELL,LIMIT,1702267200425,337.58,15.027
LINKUSDT,BUY,LIMIT,1702267703479,94.61,15.278
LINKUSDT,BUY,LIMIT,1702267740355,10.00,15.293
