Symbol,Side,Order Type,Time,Quantity,Price
LINKUSDT,SELL,LIMIT,1701067828061,4.82,14.546
LINKUSDT,SELL,LIMIT,1701067841008,37.93,14.538
LINKUSDT,SELL,LIMIT,1701067842136,50.91,14.535
LINKUSDT,SELL,LIMIT,1701067853068,1633.86,14.455
LINKUSDT,SELL,LIMIT,1701067854315,6.38,14.512
LINKUSDT,SELL,LIMIT,1701067862420,297.70,14.493
LINKUSDT,SELL,LIMIT,1701067864252,3.63,14.473
LINKUSDT,SELL,LIMIT,1701067865419,264.83,14.475
LINKUSDT,SELL,LIMIT,1701067867367,15.37,14.461
LINKUSDT,SELL,LIMIT,1701067869154,32.58,14.458
LINKUSDT,SELL,LIMIT,1701067872279,6.06,14.453
LINKUSDT,SELL,LIMIT,1701068114348,8.83,14.445
LINKUSDT,SELL,LIMIT,1701068117639,6.98,14.443
LINKUSDT,SELL,LIMIT,1701068165964,338.93,14.435
LINKUSDT,SELL,LIMIT,1701068171443,412.74,14.431
LINKUSDT,SELL,LIMIT,1701068386382,2.18,14.442
LINKUSDT,SELL,LIMIT,1701068402110,23.28,14.419
LINKUSDT,SELL,LIMIT,1701068403234,168.15,14.417
LINKUSDT,BUY,LIMIT,1701068950984,46.50,14.635
LINKUSDT,SELL,LIMIT,1701068997565,94.35,14.700
LINKUSDT,BUY,LIMIT,1701069011220,2.99,14.663
LINKUSDT,SELL,LIMIT,1701069527156,10.00,14.443
LINKUSDT,SELL,LIMIT,1701069571085,2.65,14.427
LINKUSDT,SELL,LIMIT,1701069573714,1.71,14.426
LINKUSDT,SELL,LIMIT,1701069575249,153.99,14.425
LINKUSDT,SELL,LIMIT,1701069636393,341.78,14.417
LINKUSDT,SELL,LIMIT,1701069637974,24.54,14.418
LINKUSDT,SELL,LIMIT,1701069825356,60.73,14.399
LINKUSDT,SELL,LIMIT,1701069826668,1.71,14.399
LINKUSDT,SELL,LIMIT,1701069828270,50.00,14.397
LINKUSDT,BUY,LIMIT,1701069849681,0.96,14.540
LINKUSDT,SELL,LIMIT,1701069867101,74.31,14.391
LINKUSDT,SELL,LIMIT,1701069879280,21.72,14.387
LINKUSDT,SELL,LIMIT,1701069880661,4.68,14.385
LINKUSDT,SELL,LIMIT,1701069883182,16.81,14.390
LINKUSDT,SELL,LIMIT,1701069885260,5.90,14.375
LINKUSDT,SELL,LIMIT,1701069886701,102.52,14.374
LINKUSDT,SELL,LIMIT,1701069887728,30.00,14.365
LINKUSDT,SELL,LIMIT,1701069894192,1.36,14.364
LINKUSDT,SELL,LIMIT,1701069895446,83.91,14.360
LINKUSDT,SELL,LIMIT,1701069897190,118.56,14.359
LINKUSDT,SELL,LIMIT,1701069899191,173.38,14.373
LINKUSDT,SELL,LIMIT,1701069901186,308.98,14.378
LINKUSDT,SELL,LIMIT,1701069906112,52.69,14.340
LINKUSDT,SELL,LIMIT,1701069907113,234.54,14.351
LINKUSDT,SELL,LIMIT,1701069910633,105.16,14.340
LINKUSDT,SELL,LIMIT,1701069912163,176.19,14.329
LINKUSDT,SELL,LIMIT,1701069913203,176.77,14.316
LINKUSDT,SELL,LIMIT,1701069914312,92.60,14.323
LINKUSDT,SELL,LIMIT,1701070167087,60.98,14.312
LINKUSDT,SELL,LIMIT,1701070168156,3.42,14.314
LINKUSDT,SELL,LIMIT,1701070169226,396.85,14.303
LINKUSDT,SELL,LIMIT,1701070171481,17.17,14.285
LINKUSDT,SELL,LIMIT,1701070172693,2.89,14.282
LINKUSDT,SELL,LIMIT,1701070174167,3.17,14.285
LINKUSDT,SELL,LIMIT,1701070356265,157.25,14.376
LINKUSDT,SELL,LIMIT,1701070439242,202.69,14.281
LINKUSDT,SELL,LIMIT,1701070440301,100.00,14.279
LINKUSDT,SELL,LIMIT,1701070442808,2.71,14.276
LINKUSDT,BUY,LIMIT,1701072854838,7.64,14.617
LINKUSDT,BUY,LIMIT,1701074348206,106.94,14.530
LINKUSDT,SELL,LIMIT,1701074831201,199.42,14.342
LINKUSDT,SELL,LIMIT,1701074867941,86.07,14.332
LINKUSDT,SELL,LIMIT,1701074949385,14.15,14.323
LINKUSDT,BUY,LIMIT,1701076494722,4.02,14.586
LINKUSDT,BUY,LIMIT,1701076630693,10.00,14.607
LINKUSDT,BUY,LIMIT,1701077125563,14.22,14.545
LINKUSDT,BUY,LIMIT,1701077399082,8.01,14.568
LINKUSDT,BUY,LIMIT,1701078434167,30.36,14.622
LINKUSDT,SELL,LIMIT,1701079488760,8.79,14.349
LINKUSDT,SELL,LIMIT,1701080372542,4.98,14.326
LINKUSDT,SELL,LIMIT,1701080391363,12.66,14.315
LINKUSDT,SELL,LIMIT,1701080406070,72.05,14.308
LINKUSDT,SELL,LIMIT,1701080407686,160.26,14.307
LINKUSDT,SELL,LIMIT,1701080477081,1.76,14.303
LINKUSDT,SELL,LIMIT,1701080515295,25.95,14.293
LINKUSDT,SELL,LIMIT,1701080544609,48.92,14.282
LINKUSDT,SELL,LIMIT,1701080548238,339.36,14.278
LINKUSDT,SELL,LIMIT,1701080549419,20.31,14.277
LINKUSDT,SELL,LIMIT,1701080552040,57.33,14.276
LINKUSDT,SELL,LIMIT,1701080732556,1.44,14.272
LINKUSDT,SELL,LIMIT,1701080742333,26.05,14.270
LINKUSDT,SELL,LIMIT,1701080748323,18.08,14.264
LINKUSDT,SELL,LIMIT,1701080750211,6.74,14.263
LINKUSDT,SELL,LIMIT,1701080761114,2.05,14.260
LINKUSDT,SELL,LIMIT,1701080762307,50.56,14.260
LINKUSDT,SELL,LIMIT,1701080778113,14.91,14.257
LINKUSDT,SELL,LIMIT,1701080873122,3.35,14.255
LINKUSDT,SELL,LIMIT,1701080874253,1.58,14.254
LINKUSDT,SELL,LIMIT,1701080875434,61.79,14.254
LINKUSDT,SELL,LIMIT,1701080877505,17.64,14.252
LINKUSDT,SELL,LIMIT,1701080879181,9.09,14.251
LINKUSDT,SELL,LIMIT,1701080915965,2.50,14.247
LINKUSDT,SELL,LIMIT,1701080917098,0.19,14.245
LINKUSDT,SELL,LIMIT,1701081158246,5.53,14.242
LINKUSDT,SELL,LIMIT,1701081164143,250.00,14.237
LINKUSDT,SELL,LIMIT,1701081165219,13.83,14.237
LINKUSDT,SELL,LIMIT,1701081198671,5.06,14.233
LINKUSDT,SELL,LIMIT,1701081199859,31.65,14.232
LINKUSDT,SELL,LIMIT,1701081202860,36.15,14.229
LINKUSDT,SELL,LIMIT,1701081208023,5.58,14.225
LINKUSDT,SELL,LIMIT,1701081212722,200.00,14.223
LINKUSDT,SELL,LIMIT,1701081329808,1.71,14.218
LINKUSDT,SELL,LIMIT,1701081436278,24.70,14.240
LINKUSDT,SELL,LIMIT,1701081437330,246.73,14.215
LINKUSDT,SELL,LIMIT,1701081439096,49.03,14.202
LINKUSDT,SELL,LIMIT,1701081440223,10.36,14.209
LINKUSDT,SELL,LIMIT,1701081441245,24.20,14.198
LINKUSDT,SELL,LIMIT,1701081446657,671.23,14.188
LINKUSDT,SELL,LIMIT,1701081450558,201.83,14.189
LINKUSDT,SELL,LIMIT,1701081452341,70.30,14.182
LINKUSDT,SELL,LIMIT,1701081487452,302.53,14.179
LINKUSDT,SELL,LIMIT,1701081488488,22.99,14.175
LINKUSDT,SELL,LIMIT,1701081493567,36.96,14.171
LINKUSDT,SELL,LIMIT,1701081496126,27.42,14.170
LINKUSDT,SELL,LIMIT,1701081497722,4.01,14.177
LINKUSDT,SELL,LIMIT,1701081580110,101.50,14.183
LINKUSDT,SELL,LIMIT,1701081584159,258.17,14.186
LINKUSDT,SELL,LIMIT,1701081609264,128.88,14.177
LINKUSDT,SELL,LIMIT,1701081786274,1.50,14.169
LINKUSDT,SELL,LIMIT,1701081791060,109.41,14.162
LINKUSDT,SELL,LIMIT,1701081792215,170.10,14.159
LINKUSDT,SELL,LIMIT,1701081794548,73.85,14.155
LINKUSDT,SELL,LIMIT,1701081796076,6.75,14.150
LINKUSDT,SELL,LIMIT,1701082020095,3.19,14.177
LINKUSDT,SELL,LIMIT,1701082118570,50.00,14.161
LINKUSDT,SELL,LIMIT,1701082121423,16.16,14.164
LINKUSDT,SELL,LIMIT,1701082127336,5.04,14.150
LINKUSDT,SELL,LIMIT,1701082128702,203.83,14.147
LINKUSDT,SELL,LIMIT,1701082138140,108.78,14.143
LINKUSDT,SELL,LIMIT,1701082139220,198.08,14.143
LINKUSDT,SELL,LIMIT,1701082140542,1.52,14.138
LINKUSDT,SELL,LIMIT,1701082212046,85.09,14.149
LINKUSDT,SELL,LIMIT,1701082673064,161.64,14.133
LINKUSDT,SELL,LIMIT,1701082676989,93.70,14.132
LINKUSDT,SELL,LIMIT,1701082678220,0.39,14.130
LINKUSDT,SELL,LIMIT,1701082684272,4.60,14.130
LINKUSDT,SELL,LIMIT,1701082690501,122.43,14.128
LINKUSDT,SELL,LIMIT,1701082693176,16.16,14.125
LINKUSDT,SELL,LIMIT,1701082702050,13.45,14.125
LINKUSDT,SELL,LIMIT,1701082704402,1.72,14.123
LINKUSDT,SELL,LIMIT,1701082705557,20.20,14.116
LINKUSDT,SELL,LIMIT,1701082726341,14.00,14.121
LINKUSDT,SELL,LIMIT,1701082728135,51.33,14.121
LINKUSDT,BUY,LIMIT,1701085863003,50.46,14.341
LINKUSDT,SELL,LIMIT,1701089963355,260.49,14.138
LINKUSDT,SELL,LIMIT,1701090011117,1.40,14.124
LINKUSDT,SELL,LIMIT,1701090033285,6.63,14.126
LINKUSDT,SELL,LIMIT,1701090982192,6.30,14.148
LINKUSDT,SELL,LIMIT,1701091163335,6.90,14.115
LINKUSDT,BUY,LIMIT,1701091315944,27.13,14.368
LINKUSDT,SELL,LIMIT,1701093076271,76.96,14.127
LINKUSDT,SELL,LIMIT,1701093117036,13.51,14.105
LINKUSDT,SELL,LIMIT,1701093118466,22.37,14.107
LINKUSDT,SELL,LIMIT,1701093119779,11.17,14.103
LINKUSDT,SELL,LIMIT,1701093135485,22.87,14.097
LINKUSDT,SELL,LIMIT,1701093136398,91.77,14.089
LINKUSDT,SELL,LIMIT,1701093137253,280.11,14.093
LINKUSDT,SELL,LIMIT,1701093138444,320.17,14.093
LINKUSDT,BUY,LIMIT,1701093717599,11.81,14.394
LINKUSDT,BUY,LIMIT,1701093813984,70.45,14.401
LINKUSDT,BUY,LIMIT,1701093827502,10.32,14.407
LINKUSDT,BUY,LIMIT,1701094624438,50.00,14.275
LINKUSDT,SELL,LIMIT,1701095120982,1.50,14.144
LINKUSDT,SELL,LIMIT,1701096679877,44.18,14.089
LINKUSDT,SELL,LIMIT,1701096684724,8.25,14.087
LINKUSDT,SELL,LIMIT,1701096685765,1068.99,14.056
LINKUSDT,SELL,LIMIT,1701096687131,21.58,14.084
LINKUSDT,SELL,LIMIT,1701096688194,56.92,14.084
LINKUSDT,SELL,LIMIT,1701096722948,3.50,14.082
LINKUSDT,SELL,LIMIT,1701096723965,16.38,14.076
LINKUSDT,SELL,LIMIT,1701096725359,62.42,14.072
LINKUSDT,SELL,LIMIT,1701096727324,50.00,14.069
LINKUSDT,SELL,LIMIT,1701096729038,40.56,14.068
LINKUSDT,SELL,LIMIT,1701096774121,54.81,14.076
LINKUSDT,SELL,LIMIT,1701096797797,136.77,14.075
LINKUSDT,SELL,LIMIT,1701097015504,349.91,14.064
LINKUSDT,SELL,LIMIT,1701097021488,34.06,14.058
LINKUSDT,SELL,LIMIT,1701097030094,86.54,14.058
LINKUSDT,SELL,LIMIT,1701097040216,171.82,14.047
LINKUSDT,SELL,LIMIT,1701097042402,13.18,14.044
LINKUSDT,SELL,LIMIT,1701097044703,120.54,14.043
LINKUSDT,SELL,LIMIT,1701097079510,23.00,14.041
LINKUSDT,SELL,LIMIT,1701097091067,20.00,14.039
LINKUSDT,SELL,LIMIT,1701097093420,2.09,14.039
LINKUSDT,SELL,LIMIT,1701097094584,929.42,14.015
LINKUSDT,SELL,LIMIT,1701097095822,19.52,14.036
LINKUSDT,SELL,LIMIT,1701097097151,5.61,14.034
LINKUSDT,SELL,LIMIT,1701097098157,3.15,14.029
LINKUSDT,SELL,LIMIT,1701097099292,349.22,14.023
LINKUSDT,SELL,LIMIT,1701097100334,3.41,14.023
LINKUSDT,SELL,LIMIT,1701097101317,15.05,14.019
LINKUSDT,BUY,LIMIT,1701097369287,234.67,14.290
LINKUSDT,BUY,LIMIT,1701098236210,75.59,14.376
LINKUSDT,BUY,LIMIT,1701098238128,8.02,14.377
LINKUSDT,BUY,LIMIT,1701098360465,2.00,14.382
LINKUSDT,BUY,LIMIT,1701098555870,3.21,14.387
LINKUSDT,SELL,LIMIT,1701099968306,302.06,14.125
LINKUSDT,SELL,LIMIT,1701099985033,15.94,14.118
LINKUSDT,SELL,LIMIT,1701100021397,13.06,14.107
LINKUSDT,SELL,LIMIT,1701100022895,13.99,14.106
LINKUSDT,SELL,LIMIT,1701100025103,129.38,14.104
LINKUSDT,SELL,LIMIT,1701100071527,3.87,14.095
LINKUSDT,SELL,LIMIT,1701100075146,20.59,14.092
LINKUSDT,SELL,LIMIT,1701100094457,8.27,14.082
LINKUSDT,SELL,LIMIT,1701100130743,1.77,14.078
LINKUSDT,SELL,LIMIT,1701100155000,2.80,14.069
LINKUSDT,SELL,LIMIT,1701100208250,48.48,14.064
LINKUSDT,SELL,LIMIT,1701100212659,30.99,14.058
LINKUSDT,SELL,LIMIT,1701100216036,180.00,14.055
LINKUSDT,SELL,LIMIT,1701100221376,3.46,14.056
LINKUSDT,SELL,LIMIT,1701100330299,170.16,14.069
LINKUSDT,SELL,LIMIT,1701100530589,13.82,14.060
LINKUSDT,SELL,LIMIT,1701100536439,70.00,14.058
LINKUSDT,SELL,LIMIT,1701100574075,12.39,14.036
LINKUSDT,SELL,LIMIT,1701100619457,103.63,14.020
LINKUSDT,SELL,LIMIT,1701100623399,458.08,14.016
LINKUSDT,SELL,LIMIT,1701100628070,3.19,14.013
LINKUSDT,SELL,LIMIT,1701100629404,90.18,14.013
LINKUSDT,SELL,LIMIT,1701100631045,4.66,14.009
LINKUSDT,SELL,LIMIT,1701100632328,12.97,14.009
LINKUSDT,SELL,LIMIT,1701100636700,72.98,14.008
LINKUSDT,SELL,LIMIT,1701100638196,37.95,14.004
LINKUSDT,SELL,LIMIT,1701100640323,18.50,13.994
LINKUSDT,SELL,LIMIT,1701100641212,21.20,13.990
LINKUSDT,SELL,LIMIT,1701100643106,9.98,13.989
LINKUSDT,SELL,LIMIT,1701100935116,36.16,14.020
LINKUSDT,SELL,LIMIT,1701101006071,10.00,14.037
LINKUSDT,SELL,LIMIT,1701101048048,196.54,14.054
LINKUSDT,SELL,LIMIT,1701101081800,350.31,14.056
LINKUSDT,SELL,LIMIT,1701101140921,19.80,14.038
LINKUSDT,BUY,LIMIT,1701101854104,6.78,14.274
LINKUSDT,BUY,LIMIT,1701101888023,247.64,14.294
LINKUSDT,SELL,LIMIT,1701102144677,342.74,14.093
LINKUSDT,BUY,LIMIT,1701103486694,3.80,14.328
LINKUSDT,SELL,LIMIT,1701103924895,4.00,14.313
LINKUSDT,BUY,LIMIT,1701104760619,51.05,14.348
LINKUSDT,BUY,LIMIT,1701104834440,11.51,14.358
LINKUSDT,BUY,LIMIT,1701105066975,3.51,14.366
LINKUSDT,SELL,LIMIT,1701106387154,34.82,14.198
LINKUSDT,SELL,LIMIT,1701107899017,194.99,14.087
LINKUSDT,SELL,LIMIT,1701111166089,7.14,14.072
LINKUSDT,SELL,LIMIT,1701111191838,12.41,14.069
LINKUSDT,SELL,LIMIT,1701111200255,27.43,14.061
LINKUSDT,SELL,LIMIT,1701111216203,1.56,14.059
LINKUSDT,SELL,LIMIT,1701111241390,122.60,14.046
LINKUSDT,SELL,LIMIT,1701111572065,7.65,14.040
LINKUSDT,SELL,LIMIT,1701111579314,9.71,14.038
LINKUSDT,SELL,LIMIT,1701111599271,4.35,14.036
LINKUSDT,SELL,LIMIT,1701111600329,56.34,14.036
LINKUSDT,SELL,LIMIT,1701111914167,62.93,14.052
LINKUSDT,SELL,LIMIT,1701112031302,3.12,14.021
LINKUSDT,SELL,LIMIT,1701112036072,53.32,14.018
LINKUSDT,SELL,LIMIT,1701112056204,11.04,14.014
LINKUSDT,SELL,LIMIT,1701112081108,318.91,13.999
LINKUSDT,SELL,LIMIT,1701112120351,6.99,13.998
LINKUSDT,SELL,LIMIT,1701112127772,6.87,13.996
LINKUSDT,SELL,LIMIT,1701112135279,1.44,13.994
LINKUSDT,SELL,LIMIT,1701112166435,2.89,13.987
LINKUSDT,SELL,LIMIT,1701112175827,57.90,13.984
LINKUSDT,SELL,LIMIT,1701112177308,13.57,13.978
LINKUSDT,SELL,LIMIT,1701112178316,12.08,13.980
LINKUSDT,SELL,LIMIT,1701112191944,1.84,13.973
LINKUSDT,SELL,LIMIT,1701112194715,97.89,13.974
LINKUSDT,SELL,LIMIT,1701112213871,24.71,13.970
LINKUSDT,SELL,LIMIT,1701112214919,26.76,13.969
LINKUSDT,SELL,LIMIT,1701112308639,111.51,13.968
LINKUSDT,SELL,LIMIT,1701112310486,750.00,13.956
LINKUSDT,SELL,LIMIT,1701113939084,3.95,13.959
LINKUSDT,SELL,LIMIT,1701113940202,29.01,13.958
LINKUSDT,SELL,LIMIT,1701114142066,37.54,13.956
LINKUSDT,SELL,LIMIT,1701114145833,5.28,13.955
LINKUSDT,SELL,LIMIT,1701114152237,3.36,13.953
LINKUSDT,SELL,LIMIT,1701114155391,1.48,13.952
LINKUSDT,SELL,LIMIT,1701114158618,82.82,13.948
LINKUSDT,SELL,LIMIT,1701114160180,12.43,13.943
LINKUSDT,SELL,LIMIT,1701114161398,3.35,13.936
LINKUSDT,SELL,LIMIT,1701114162294,16.77,13.925
LINKUSDT,SELL,LIMIT,1701114163156,1.65,13.932
LINKUSDT,SELL,LIMIT,1701114164252,85.63,13.917
LINKUSDT,SELL,LIMIT,1701114165324,84.23,13.917
LINKUSDT,SELL,LIMIT,1701114197175,600.00,13.911
LINKUSDT,SELL,LIMIT,1701114206544,3.53,13.914
LINKUSDT,SELL,LIMIT,1701114219680,266.94,13.912
LINKUSDT,SELL,LIMIT,1701114228448,38.05,13.911
LINKUSDT,SELL,LIMIT,1701114229759,173.89,13.904
LINKUSDT,SELL,LIMIT,1701114231261,27.74,13.904
LINKUSDT,SELL,LIMIT,1701114232318,52.52,13.901
LINKUSDT,SELL,LIMIT,1701114233377,21.23,13.894
LINKUSDT,SELL,LIMIT,1701114235163,20.54,13.891
LINKUSDT,SELL,LIMIT,1701114238298,11.40,13.870
LINKUSDT,SELL,LIMIT,1701114239433,88.60,13.870
LINKUSDT,SELL,LIMIT,1701114261153,96.82,13.868
LINKUSDT,SELL,LIMIT,1701114263086,29.58,13.865
LINKUSDT,SELL,LIMIT,1701114264150,24.53,13.865
LINKUSDT,SELL,LIMIT,1701114265627,33.28,13.861
LINKUSDT,SELL,LIMIT,1701114352848,5.26,13.873
LINKUSDT,SELL,LIMIT,1701114353883,270.84,13.873
LINKUSDT,SELL,LIMIT,1701114355054,675.18,13.861
LINKUSDT,SELL,LIMIT,1701114356792,34.88,13.865
LINKUSDT,SELL,LIMIT,1701114463459,21.25,13.861
LINKUSDT,SELL,LIMIT,1701114466137,173.01,13.852
LINKUSDT,SELL,LIMIT,1701114467264,6861.76,13.719
LINKUSDT,SELL,LIMIT,1701114468425,3.03,13.851
LINKUSDT,SELL,LIMIT,1701114471115,1.84,13.843
LINKUSDT,SELL,LIMIT,1701114475684,7.89,13.841
LINKUSDT,SELL,LIMIT,1701114476899,2073.82,13.791
LINKUSDT,SELL,LIMIT,1701114478006,185.07,13.835
LINKUSDT,SELL,LIMIT,1701114479091,38.26,13.832
LINKUSDT,SELL,LIMIT,1701114480164,1.44,13.829
LINKUSDT,SELL,LIMIT,1701114491758,12.80,13.827
LINKUSDT,SELL,LIMIT,1701114495156,173.56,13.822
LINKUSDT,SELL,LIMIT,1701114496188,2.11,13.816
LINKUSDT,SELL,LIMIT,1701114497285,133.31,13.817
LINKUSDT,SELL,LIMIT,1701114499394,5.61,13.816
LINKUSDT,SELL,LIMIT,1701114510154,5.45,13.920
LINKUSDT,SELL,LIMIT,1701114529992,92.91,13.814
LINKUSDT,SELL,LIMIT,1701114570296,0.01,13.837
LINKUSDT,SELL,LIMIT,1701116716812,2.04,13.874
LINKUSDT,SELL,LIMIT,1701116830192,20.24,13.845
LINKUSDT,SELL,LIMIT,1701116892155,4.26,13.824
LINKUSDT,SELL,LIMIT,1701116916051,6.25,13.819
LINKUSDT,SELL,LIMIT,1701117030550,149.96,13.833
LINKUSDT,BUY,LIMIT,1701119881862,359.68,14.100
LINKUSDT,BUY,LIMIT,1701119918874,1.59,14.110
LINKUSDT,BUY,LIMIT,1701120461920,59.51,14.117
LINKUSDT,BUY,LIMIT,1701120909865,12.96,14.146
LINKUSDT,BUY,LIMIT,1701120918318,276.29,14.152
LINKUSDT,BUY,LIMIT,1701121034154,24.57,14.171
LINKUSDT,SELL,LIMIT,1701121763540,253.09,14.011
LINKUSDT,BUY,LIMIT,1701121764633,1.50,14.126
LINKUSDT,SELL,LIMIT,1701122219674,70.01,13.980
LINKUSDT,SELL,LIMIT,1701126099134,6.00,14.425
LINKUSDT,BUY,LIMIT,1701126526243,28.23,14.191
LINKUSDT,BUY,LIMIT,1701126716377,3.46,14.214
LINKUSDT,BUY,LIMIT,1701126948670,196.39,14.238
LINKUSDT,BUY,LIMIT,1701127481105,23.27,14.271
LINKUSDT,BUY,LIMIT,1701127495325,4.78,14.276
LINKUSDT,BUY,LIMIT,1701131857400,361.76,14.331
LINKUSDT,BUY,LIMIT,1701131900046,31.70,14.350
LINKUSDT,BUY,LIMIT,1701131929539,25.80,14.363
LINKUSDT,SELL,LIMIT,1701137383041,3.34,14.097
LINKUSDT,SELL,LIMIT,1701137408250,17.30,14.093
LINKUSDT,SELL,LIMIT,1701137432025,14.20,14.096
LINKUSDT,SELL,LIMIT,1701143250019,36.03,14.072
LINKUSDT,SELL,LIMIT,1701143251321,195.99,14.072
LINKUSDT,SELL,LIMIT,1701143312210,52.61,14.065
LINKUSDT,SELL,LIMIT,1701144090691,5.68,14.047
LINKUSDT,SELL,LIMIT,1701144105468,12.28,14.032
LINKUSDT,SELL,LIMIT,1701144127598,73.90,14.024
LINKUSDT,SELL,LIMIT,1701144323199,20.52,14.019
LINKUSDT,SELL,LIMIT,1701144355568,9.56,14.015
LINKUSDT,SELL,LIMIT,1701144389393,155.56,14.014
LINKUSDT,SELL,LIMIT,1701145881111,63.16,14.010
LINKUSDT,SELL,LIMIT,1701145893268,20.05,14.006
LINKUSDT,SELL,LIMIT,1701145950727,297.06,13.998
LINKUSDT,SELL,LIMIT,1701146040195,5.62,13.983
LINKUSDT,SELL,LIMIT,1701146041313,2.13,13.979
LINKUSDT,SELL,LIMIT,1701146613331,6.61,13.972
LINKUSDT,SELL,LIMIT,1701146615703,21.19,13.971
LINKUSDT,SELL,LIMIT,1701146783196,450.00,13.960
LINKUSDT,SELL,LIMIT,1701146836619,82.86,13.960
LINKUSDT,SELL,LIMIT,1701146964351,60.86,13.953
LINKUSDT,SELL,LIMIT,1701147056155,54.07,13.952
LINKUSDT,SELL,LIMIT,1701147081326,54.61,13.955
LINKUSDT,SELL,LIMIT,1701147236054,1.50,13.950
LINKUSDT,SELL,LIMIT,1701147799975,18.54,13.956
LINKUSDT,SELL,LIMIT,1701147875878,49.38,13.936
LINKUSDT,SELL,LIMIT,1701147878179,200.74,13.923
LINKUSDT,SELL,LIMIT,1701147896010,202.25,13.911
LINKUSDT,SELL,LIMIT,1701147915159,2.39,13.907
LINKUSDT,SELL,LIMIT,1701147921161,26.15,13.903
LINKUSDT,SELL,LIMIT,1701147924031,47.93,13.898
LINKUSDT,SELL,LIMIT,1701147926788,1.92,13.896
LINKUSDT,SELL,LIMIT,1701148008244,2.00,13.894
LINKUSDT,SELL,LIMIT,1701148075200,34.90,13.872
LINKUSDT,SELL,LIMIT,1701148116050,14.26,13.866
LINKUSDT,SELL,LIMIT,1701148134109,100.00,13.856
LINKUSDT,SELL,LIMIT,1701148221292,213.54,13.849
LINKUSDT,SELL,LIMIT,1701148224326,356.50,13.842
LINKUSDT,SELL,LIMIT,1701148230091,1.67,14.272
LINKUSDT,SELL,LIMIT,1701148238539,595.02,13.831
LINKUSDT,SELL,LIMIT,1701148259420,164.20,13.835
LINKUSDT,SELL,LIMIT,1701148940268,16.09,13.845
LINKUSDT,SELL,LIMIT,1701148942165,25.94,13.852
LINKUSDT,SELL,LIMIT,1701149057094,29.08,13.829
LINKUSDT,SELL,LIMIT,1701149089618,354.58,13.826
LINKUSDT,SELL,LIMIT,1701149090661,91.24,13.824
LINKUSDT,SELL,LIMIT,1701149690343,80.00,13.828
LINKUSDT,SELL,LIMIT,1701149699841,424.95,13.824
LINKUSDT,SELL,LIMIT,1701149759379,352.80,13.822
LINKUSDT,SELL,LIMIT,1701149771057,3.86,13.818
LINKUSDT,SELL,LIMIT,1701149772410,5.18,13.815
LINKUSDT,SELL,LIMIT,1701149774070,62.51,13.808
LINKUSDT,SELL,LIMIT,1701149781274,8.69,13.803
LINKUSDT,SELL,LIMIT,1701149786515,62.65,13.803
LINKUSDT,SELL,LIMIT,1701149823482,35.34,13.799
LINKUSDT,SELL,LIMIT,1701149825276,27.85,13.795
LINKUSDT,SELL,LIMIT,1701149833218,1225.20,13.762
LINKUSDT,SELL,LIMIT,1701149838235,88.88,13.793
LINKUSDT,SELL,LIMIT,1701149841150,33.25,13.781
LINKUSDT,SELL,LIMIT,1701149842201,37.95,13.789
LINKUSDT,SELL,LIMIT,1701149844300,3.50,13.775
LINKUSDT,SELL,LIMIT,1701149845729,1000.00,13.749
LINKUSDT,SELL,LIMIT,1701149847163,98.96,13.772
LINKUSDT,SELL,LIMIT,1701149849154,159.66,13.768
LINKUSDT,SELL,LIMIT,1701149850182,9.42,13.767
LINKUSDT,SELL,LIMIT,1701149851218,27.54,13.765
LINKUSDT,SELL,LIMIT,1701149853529,7.43,13.762
LINKUSDT,SELL,LIMIT,1701149886873,110.62,13.762
LINKUSDT,SELL,LIMIT,1701149890458,20.52,13.760
LINKUSDT,SELL,LIMIT,1701149891961,125.57,13.760
LINKUSDT,SELL,LIMIT,1701149895217,160.33,13.758
LINKUSDT,SELL,LIMIT,1701149897407,2.75,13.757
LINKUSDT,SELL,LIMIT,1701150750142,1.37,13.755
LINKUSDT,SELL,LIMIT,1701150855388,13.76,13.752
LINKUSDT,SELL,LIMIT,1701150872398,84.31,13.750
LINKUSDT,SELL,LIMIT,1701150878083,4.76,13.748
LINKUSDT,SELL,LIMIT,1701150879143,31.11,13.748
LINKUSDT,SELL,LIMIT,1701150880703,12.11,13.747
LINKUSDT,SELL,LIMIT,1701150889201,14.74,13.743
LINKUSDT,SELL,LIMIT,1701151251243,8.66,13.744
LINKUSDT,SELL,LIMIT,1701151256152,22.10,13.739
LINKUSDT,SELL,LIMIT,1701151259790,353.23,13.739
LINKUSDT,SELL,LIMIT,1701151263536,746.84,13.730
LINKUSDT,SELL,LIMIT,1701151266928,3.46,13.739
LINKUSDT,SELL,LIMIT,1701151268155,133.03,13.738
LINKUSDT,SELL,LIMIT,1701151269628,131.15,13.736
LINKUSDT,SELL,LIMIT,1701151270680,2.25,13.735
LINKUSDT,SELL,LIMIT,1701151273267,11.98,13.737
LINKUSDT,SELL,LIMIT,1701151482178,69.91,13.734
LINKUSDT,SELL,LIMIT,1701151487116,136.23,13.732
LINKUSDT,SELL,LIMIT,1701151488141,1.52,13.724
LINKUSDT,SELL,LIMIT,1701151614488,5.54,13.727
LINKUSDT,SELL,LIMIT,1701151623063,58.33,13.719
LINKUSDT,SELL,LIMIT,1701151625120,140.38,13.718
LINKUSDT,SELL,LIMIT,1701151628146,84.50,13.716
LINKUSDT,SELL,LIMIT,1701151629158,396.83,13.716
LINKUSDT,SELL,LIMIT,1701151631119,787.22,13.702
LINKUSDT,SELL,LIMIT,1701151632410,69.85,13.711
LINKUSDT,BUY,LIMIT,1701152144522,362.13,13.946
LINKUSDT,BUY,LIMIT,1701152327684,29.93,13.980
LINKUSDT,BUY,LIMIT,1701152361126,5.40,13.991
LINKUSDT,BUY,LIMIT,1701153309623,101.02,14.035
LINKUSDT,SELL,LIMIT,1701154329285,9.79,13.891
LINKUSDT,SELL,LIMIT,1701156275589,11.69,13.836
LINKUSDT,SELL,LIMIT,1701156287088,105.61,13.824
LINKUSDT,SELL,LIMIT,1701156371677,6.23,13.809
LINKUSDT,SELL,LIMIT,1701156517208,25.42,13.790
LINKUSDT,SELL,LIMIT,1701156561283,1.50,13.785
LINKUSDT,BUY,LIMIT,1701157942861,1.59,14.046
LINKUSDT,BUY,LIMIT,1701158139071,1.56,14.071
LINKUSDT,BUY,LIMIT,1701164103324,55.25,14.094
LINKUSDT,BUY,LIMIT,1701164281175,269.82,14.107
LINKUSDT,BUY,LIMIT,1701164282789,1.50,14.112
LINKUSDT,BUY,LIMIT,1701164292321,25.43,14.123
LINKUSDT,BUY,LIMIT,1701164293816,182.02,14.123
LINKUSDT,BUY,LIMIT,1701164400458,81.65,14.119
LINKUSDT,BUY,LIMIT,1701164415732,4.29,14.150
LINKUSDT,BUY,LIMIT,1701164433175,42.63,14.154
LINKUSDT,BUY,LIMIT,1701164562618,25.47,14.166
LINKUSDT,BUY,LIMIT,1701164564156,14.15,14.168
LINKUSDT,BUY,LIMIT,1701164566260,6.50,14.172
LINKUSDT,BUY,LIMIT,1701164571099,4.76,14.185
LINKUSDT,BUY,LIMIT,1701164572225,357.14,14.183
LINKUSDT,BUY,LIMIT,1701164730405,134.48,14.198
LINKUSDT,BUY,LIMIT,1701165002838,71.45,14.207
LINKUSDT,BUY,LIMIT,1701165009210,16.43,14.211
LINKUSDT,BUY,LIMIT,1701166555232,5.18,14.236
LINKUSDT,BUY,LIMIT,1701166594881,357.14,14.241
LINKUSDT,BUY,LIMIT,1701166601183,3.62,14.245
LINKUSDT,BUY,LIMIT,1701166662361,15.72,14.254
LINKUSDT,BUY,LIMIT,1701166666633,556.49,14.262
LINKUSDT,BUY,LIMIT,1701166674955,9.78,14.261
LINKUSDT,BUY,LIMIT,1701166676095,3.50,14.264
LINKUSDT,BUY,LIMIT,1701166687866,29.20,14.265
LINKUSDT,BUY,LIMIT,1701166892165,34.28,14.280
LINKUSDT,BUY,LIMIT,1701170519397,1.76,14.295
LINKUSDT,BUY,LIMIT,1701170614019,5.55,14.311
LINKUSDT,BUY,LIMIT,1701170616146,39.39,14.312
LINKUSDT,BUY,LIMIT,1701170664608,10.73,14.317
LINKUSDT,BUY,LIMIT,1701170727482,157.62,14.318
LINKUSDT,BUY,LIMIT,1701170738684,7.90,14.328
LINKUSDT,BUY,LIMIT,1701170759614,10.48,14.329
LINKUSDT,BUY,LIMIT,1701171048342,3.23,14.336
LINKUSDT,BUY,LIMIT,1701171086935,71.63,14.340
LINKUSDT,BUY,LIMIT,1701171480237,1.11,14.304
LINKUSDT,SELL,LIMIT,1701172390430,55.06,14.216
LINKUSDT,BUY,LIMIT,1701172433236,7.06,14.360
LINKUSDT,BUY,LIMIT,1701172461131,3.69,14.364
LINKUSDT,BUY,LIMIT,1701172534988,13.89,14.374
LINKUSDT,BUY,LIMIT,1701172591394,386.89,14.387
LINKUSDT,BUY,LIMIT,1701172680578,3.60,14.387
LINKUSDT,BUY,LIMIT,1701178331284,36.22,14.366
LINKUSDT,BUY,LIMIT,1701178345212,719.94,14.379
LINKUSDT,BUY,LIMIT,1701178515635,14.06,14.389
LINKUSDT,BUY,LIMIT,1701179601602,14.09,14.410
LINKUSDT,BUY,LIMIT,1701179603865,7.80,14.414
LINKUSDT,BUY,LIMIT,1701179620627,37.98,14.415
LINKUSDT,BUY,LIMIT,1701179621661,8.44,14.416
LINKUSDT,BUY,LIMIT,1701179623867,39.35,14.419
LINKUSDT,BUY,LIMIT,1701179653533,5.09,14.433
LINKUSDT,BUY,LIMIT,1701179657171,4.01,14.437
LINKUSDT,BUY,LIMIT,1701179660403,1.90,14.439
LINKUSDT,BUY,LIMIT,1701179674427,88.62,14.447
LINKUSDT,BUY,LIMIT,1701179675933,106.76,14.451
LINKUSDT,BUY,LIMIT,1701179704237,14.31,14.456
LINKUSDT,BUY,LIMIT,1701179709042,3.61,14.459
LINKUSDT,BUY,LIMIT,1701179710363,175.13,14.462
LINKUSDT,BUY,LIMIT,1701179723725,25.43,14.466
LINKUSDT,BUY,LIMIT,1701179825870,275.35,14.471
LINKUSDT,BUY,LIMIT,1701180078648,16.70,14.478
LINKUSDT,BUY,LIMIT,1701181503824,8.81,14.479
LINKUSDT,BUY,LIMIT,1701181512049,294.24,14.490
LINKUSDT,BUY,LIMIT,1701181524016,200.50,14.493
LINKUSDT,BUY,LIMIT,1701181543526,25.62,14.497
LINKUSDT,SELL,LIMIT,1701181769015,16.96,14.333
LINKUSDT,BUY,LIMIT,1701182328113,15.00,14.505
LINKUSDT,BUY,LIMIT,1701182344931,228.23,14.507
LINKUSDT,SELL,LIMIT,1701185409413,5.00,14.241
LINKUSDT,SELL,LIMIT,1701185466159,1.87,14.233
LINKUSDT,SELL,LIMIT,1701185476649,49.73,14.222
LINKUSDT,SELL,LIMIT,1701185485300,36.89,14.249
LINKUSDT,SELL,LIMIT,1701185851011,17.00,14.202
LINKUSDT,SELL,LIMIT,1701185852059,192.22,14.200
LINKUSDT,SELL,LIMIT,1701185912527,152.49,14.190
LINKUSDT,SELL,LIMIT,1701185916290,5.27,14.186
LINKUSDT,SELL,LIMIT,1701185917840,89.54,14.184
LINKUSDT,BUY,LIMIT,1701186182808,7.75,14.431
LINKUSDT,BUY,LIMIT,1701186197354,60.36,14.452
LINKUSDT,BUY,LIMIT,1701186204307,23.00,14.464
LINKUSDT,SELL,LIMIT,1701187262052,22.33,14.324
LINKUSDT,SELL,LIMIT,1701187269108,200.00,14.348
LINKUSDT,BUY,LIMIT,1701187286728,7.25,14.480
LINKUSDT,SELL,LIMIT,1701187807170,1.87,14.370
LINKUSDT,BUY,LIMIT,1701187811835,5.81,14.508
LINKUSDT,SELL,LIMIT,1701187931922,201.57,14.306
LINKUSDT,BUY,LIMIT,1701189815307,4.12,14.528
LINKUSDT,BUY,LIMIT,1701189821780,32.00,14.538
LINKUSDT,BUY,LIMIT,1701189845187,106.25,14.532
LINKUSDT,BUY,LIMIT,1701189846747,204.71,14.543
LINKUSDT,BUY,LIMIT,1701189932495,4.83,14.549
LINKUSDT,BUY,LIMIT,1701189975892,6.96,14.545
LINKUSDT,BUY,LIMIT,1701190003189,50.49,14.555
LINKUSDT,BUY,LIMIT,1701190022246,2.52,14.558
LINKUSDT,BUY,LIMIT,1701190179117,92.39,14.568
LINKUSDT,BUY,LIMIT,1701190204493,7.99,14.585
LINKUSDT,BUY,LIMIT,1701190207451,1.48,14.592
LINKUSDT,BUY,LIMIT,1701190208715,17.19,14.595
LINKUSDT,BUY,LIMIT,1701190216389,79.52,14.597
LINKUSDT,BUY,LIMIT,1701190275267,3.79,14.607
LINKUSDT,BUY,LIMIT,1701190314823,51.63,14.616
LINKUSDT,BUY,LIMIT,1701190318450,55.55,14.621
LINKUSDT,BUY,LIMIT,1701190348463,33.00,14.627
LINKUSDT,BUY,LIMIT,1701190362829,52.52,14.636
LINKUSDT,BUY,LIMIT,1701190365135,138.40,14.637
LINKUSDT,BUY,LIMIT,1701190370973,269.58,14.624
LINKUSDT,BUY,LIMIT,1701190372690,241.91,14.641
LINKUSDT,BUY,LIMIT,1701190385207,3.68,14.645
LINKUSDT,BUY,LIMIT,1701190387733,2.48,14.648
LINKUSDT,SELL,LIMIT,1701190430174,28.50,14.496
LINKUSDT,SELL,LIMIT,1701191001420,50.00,14.445
LINKUSDT,SELL,LIMIT,1701191114287,6.27,14.396
LINKUSDT,SELL,LIMIT,1701191151515,5.97,14.379
LINKUSDT,BUY,LIMIT,1701192031054,28.12,14.588
LINKUSDT,BUY,LIMIT,1701192034568,292.35,14.594
LINKUSDT,BUY,LIMIT,1701192062170,10.57,14.618
LINKUSDT,BUY,LIMIT,1701192065403,55.50,14.621
LINKUSDT,BUY,LIMIT,1701192085372,40.17,14.637
LINKUSDT,BUY,LIMIT,1701192090356,199.51,14.648
LINKUSDT,BUY,LIMIT,1701192137629,6.87,13.196
LINKUSDT,BUY,LIMIT,1701192159293,32.59,14.650
LINKUSDT,BUY,LIMIT,1701192160602,13.72,14.650
LINKUSDT,BUY,LIMIT,1701192173237,1081.99,14.683
LINKUSDT,BUY,LIMIT,1701192241193,55.49,14.652
LINKUSDT,BUY,LIMIT,1701192280011,12.75,14.660
LINKUSDT,BUY,LIMIT,1701192281254,14.32,14.661
LINKUSDT,BUY,LIMIT,1701192282390,3232.21,14.733
LINKUSDT,BUY,LIMIT,1701192322101,1.68,14.677
LINKUSDT,BUY,LIMIT,1701193006196,231.95,14.683
LINKUSDT,BUY,LIMIT,1701193107074,54.00,14.691
LINKUSDT,BUY,LIMIT,1701193955362,9.29,14.694
LINKUSDT,BUY,LIMIT,1701194010000,306.55,14.705
LINKUSDT,BUY,LIMIT,1701194013695,202.33,14.708
LINKUSDT,BUY,LIMIT,1701194112335,137.74,14.710
LINKUSDT,BUY,LIMIT,1701194149132,5.10,14.728
LINKUSDT,BUY,LIMIT,1701194166240,353.90,14.738
LINKUSDT,BUY,LIMIT,1701194168301,36.72,14.745
LINKUSDT,BUY,LIMIT,1701194215217,66.31,14.749
LINKUSDT,BUY,LIMIT,1701194225886,12.90,14.753
LINKUSDT,BUY,LIMIT,1701194421001,3.26,14.756
LINKUSDT,BUY,LIMIT,1701194423339,345.39,14.759
LINKUSDT,BUY,LIMIT,1701194425315,358.65,14.762
LINKUSDT,BUY,LIMIT,1701194427538,3.70,14.768
LINKUSDT,BUY,LIMIT,1701194459169,2.00,14.776
LINKUSDT,SELL,LIMIT,1701194699902,5.43,14.535
LINKUSDT,SELL,LIMIT,1701194784115,3.75,14.507
LINKUSDT,SELL,LIMIT,1701194805557,4.35,14.503
LINKUSDT,SELL,LIMIT,1701194833574,5.48,14.483
LINKUSDT,BUY,LIMIT,1701195619131,40.67,14.713
LINKUSDT,SELL,LIMIT,1701197404409,7.15,14.492
LINKUSDT,SELL,LIMIT,1701197454858,19.79,14.451
LINKUSDT,SELL,LIMIT,1701197672985,3.33,14.428
LINKUSDT,SELL,LIMIT,1701197859770,27.47,14.474
LINKUSDT,SELL,LIMIT,1701197862190,68.81,14.474
LINKUSDT,BUY,LIMIT,1701197871074,25.70,14.579
LINKUSDT,BUY,LIMIT,1701200475413,1.50,14.677
LINKUSDT,BUY,LIMIT,1701200547943,350.21,14.706
LINKUSDT,BUY,LIMIT,1701205494602,23.98,14.750
LINKUSDT,SELL,LIMIT,1701207880155,109.02,14.476
LINKUSDT,SELL,LIMIT,1701211451255,38.97,14.461
LINKUSDT,SELL,LIMIT,1701211740172,37.00,14.452
LINKUSDT,SELL,LIMIT,1701211743814,4.95,14.449
LINKUSDT,SELL,LIMIT,1701211822118,7.94,14.436
LINKUSDT,SELL,LIMIT,1701211848366,1.43,14.431
LINKUSDT,SELL,LIMIT,1701211856095,5.00,14.430
LINKUSDT,SELL,LIMIT,1701211895910,6.00,14.426
LINKUSDT,SELL,LIMIT,1701211906934,16.74,14.418
LINKUSDT,SELL,LIMIT,1701211912275,2.60,14.409
LINKUSDT,SELL,LIMIT,1701211921330,13.94,14.401
LINKUSDT,SELL,LIMIT,1701211927119,57.87,14.398
LINKUSDT,SELL,LIMIT,1701211928148,300.00,14.396
LINKUSDT,SELL,LIMIT,1701211929215,5.10,14.394
LINKUSDT,SELL,LIMIT,1701211954337,86.75,14.386
LINKUSDT,SELL,LIMIT,1701211966675,48.30,14.382
LINKUSDT,SELL,LIMIT,1701216846101,38.65,14.385
LINKUSDT,SELL,LIMIT,1701216947693,8.21,14.376
LINKUSDT,SELL,LIMIT,1701216949315,36.24,14.374
LINKUSDT,SELL,LIMIT,1701216951354,34.54,14.368
LINKUSDT,SELL,LIMIT,1701216966219,3.74,14.367
LINKUSDT,BUY,LIMIT,1701217917941,18.59,14.638
LINKUSDT,BUY,LIMIT,1701217960046,238.40,14.657
LINKUSDT,BUY,LIMIT,1701218027537,3.84,14.673
LINKUSDT,BUY,LIMIT,1701218029468,241.56,14.674
LINKUSDT,BUY,LIMIT,1701219096856,11.65,14.628
LINKUSDT,SELL,LIMIT,1701219170325,15.19,14.537
LINKUSDT,BUY,LIMIT,1701219764077,199.03,14.681
LINKUSDT,BUY,LIMIT,1701221950400,5.25,14.704
LINKUSDT,BUY,LIMIT,1701221973130,4.46,14.711
LINKUSDT,BUY,LIMIT,1701222005276,26.00,14.726
LINKUSDT,SELL,LIMIT,1701223416040,168.84,14.453
LINKUSDT,BUY,LIMIT,1701226449685,0.29,14.672
LINKUSDT,BUY,LIMIT,1701228184108,6.94,14.712
LINKUSDT,BUY,LIMIT,1701237758090,9.16,14.635
LINKUSDT,BUY,LIMIT,1701240120119,9.42,14.746
LINKUSDT,BUY,LIMIT,1701240121248,6.86,14.755
LINKUSDT,BUY,LIMIT,1701240122272,15.00,14.755
LINKUSDT,BUY,LIMIT,1701240137000,1.60,14.763
LINKUSDT,BUY,LIMIT,1701240138225,14.95,14.763
LINKUSDT,BUY,LIMIT,1701240141316,14.96,14.767
LINKUSDT,BUY,LIMIT,1701240146647,28.76,14.771
LINKUSDT,BUY,LIMIT,1701240160192,10.81,14.785
LINKUSDT,BUY,LIMIT,1701240191053,477.70,14.793
LINKUSDT,BUY,LIMIT,1701240192531,314.11,14.799
LINKUSDT,BUY,LIMIT,1701240194341,60.98,14.804
LINKUSDT,BUY,LIMIT,1701240214292,7.68,14.804
LINKUSDT,BUY,LIMIT,1701240223329,13.69,14.813
LINKUSDT,BUY,LIMIT,1701240226054,58.95,14.814
LINKUSDT,BUY,LIMIT,1701240227421,82.89,14.816
LINKUSDT,BUY,LIMIT,1701240235339,39.13,14.817
LINKUSDT,BUY,LIMIT,1701240265046,1.83,14.822
LINKUSDT,BUY,LIMIT,1701240369187,14.10,14.838
LINKUSDT,BUY,LIMIT,1701240370696,178.87,14.840
LINKUSDT,BUY,LIMIT,1701240432702,31.40,14.846
LINKUSDT,BUY,LIMIT,1701240439311,18.27,14.849
LINKUSDT,BUY,LIMIT,1701240734447,3.09,14.787
LINKUSDT,BUY,LIMIT,1701242976308,20.00,14.859
LINKUSDT,BUY,LIMIT,1701242984150,4.40,14.860
LINKUSDT,BUY,LIMIT,1701243185377,120.00,14.786
LINKUSDT,BUY,LIMIT,1701243890952,3.51,14.793
LINKUSDT,BUY,LIMIT,1701244868729,23.06,14.792
LINKUSDT,BUY,LIMIT,1701245404000,0.96,14.779
LINKUSDT,SELL,LIMIT,1701245837462,10.41,14.597
LINKUSDT,SELL,LIMIT,1701245855303,99.70,14.593
LINKUSDT,BUY,LIMIT,1701247219523,13.66,14.862
LINKUSDT,BUY,LIMIT,1701247310030,126.29,14.878
LINKUSDT,BUY,LIMIT,1701247325484,10.00,14.857
LINKUSDT,BUY,LIMIT,1701247355573,12.10,14.883
LINKUSDT,BUY,LIMIT,1701247356955,219.88,14.885
LINKUSDT,BUY,LIMIT,1701247358371,36.71,14.887
LINKUSDT,BUY,LIMIT,1701247359925,5.59,14.887
LINKUSDT,BUY,LIMIT,1701247566204,24.89,14.872
LINKUSDT,BUY,LIMIT,1701247567595,2.29,14.888
LINKUSDT,BUY,LIMIT,1701247575287,2.21,14.886
LINKUSDT,BUY,LIMIT,1701247577723,19.73,14.890
LINKUSDT,BUY,LIMIT,1701247578852,25.93,14.894
LINKUSDT,BUY,LIMIT,1701247603376,17.37,14.896
LINKUSDT,BUY,LIMIT,1701247650003,6.87,14.902
LINKUSDT,BUY,LIMIT,1701247715214,9.67,14.905
LINKUSDT,BUY,LIMIT,1701247793253,65.07,14.910
LINKUSDT,BUY,LIMIT,1701247807773,12.34,14.913
LINKUSDT,BUY,LIMIT,1701247821310,2.65,14.918
LINKUSDT,BUY,LIMIT,1701247823404,9.57,14.919
LINKUSDT,BUY,LIMIT,1701247859042,12.65,14.925
LINKUSDT,BUY,LIMIT,1701247863806,171.83,14.926
LINKUSDT,BUY,LIMIT,1701247869929,28.86,14.931
LINKUSDT,BUY,LIMIT,1701247929704,3.51,14.936
LINKUSDT,BUY,LIMIT,1701247943263,24.78,14.936
LINKUSDT,BUY,LIMIT,1701248006820,276.28,14.938
LINKUSDT,BUY,LIMIT,1701248026407,53.60,14.938
LINKUSDT,BUY,LIMIT,1701248035329,4.24,14.945
LINKUSDT,BUY,LIMIT,1701248039266,18.62,14.955
LINKUSDT,BUY,LIMIT,1701248041948,2.11,14.954
LINKUSDT,BUY,LIMIT,1701248044338,295.41,14.959
LINKUSDT,BUY,LIMIT,1701248240781,4336.97,15.042
LINKUSDT,BUY,LIMIT,1701248538915,72.32,14.962
LINKUSDT,BUY,LIMIT,1701248566559,11.54,14.966
LINKUSDT,BUY,LIMIT,1701248572099,98.04,14.968
LINKUSDT,BUY,LIMIT,1701248573157,56.82,14.967
LINKUSDT,BUY,LIMIT,1701248575766,6.30,14.969
LINKUSDT,BUY,LIMIT,1701248718594,69.98,14.973
LINKUSDT,BUY,LIMIT,1701248721055,15.00,14.975
LINKUSDT,BUY,LIMIT,1701248727164,6.45,14.981
LINKUSDT,BUY,LIMIT,1701248756427,44.75,14.994
LINKUSDT,BUY,LIMIT,1701248762858,9.86,14.997
LINKUSDT,BUY,LIMIT,1701248764516,378.72,14.998
LINKUSDT,BUY,LIMIT,1701248766279,4.07,14.999
LINKUSDT,BUY,LIMIT,1701248775957,8.39,15.000
LINKUSDT,BUY,LIMIT,1701248858165,10.69,15.006
LINKUSDT,BUY,LIMIT,1701248882740,151.51,15.016
LINKUSDT,BUY,LIMIT,1701248901476,337.67,15.018
LINKUSDT,BUY,LIMIT,1701248936707,5.31,15.025
LINKUSDT,BUY,LIMIT,1701248967332,741.39,15.043
LINKUSDT,BUY,LIMIT,1701248968580,67.92,15.031
LINKUSDT,BUY,LIMIT,1701248979260,20.82,15.033
LINKUSDT,BUY,LIMIT,1701249107703,2.43,15.041
LINKUSDT,BUY,LIMIT,1701249129734,105.17,15.044
LINKUSDT,BUY,LIMIT,1701249204033,31.30,15.058
LINKUSDT,BUY,LIMIT,1701249205131,146.77,15.059
LINKUSDT,BUY,LIMIT,1701249206458,2.26,15.063
LINKUSDT,BUY,LIMIT,1701249221645,303.32,15.065
LINKUSDT,BUY,LIMIT,1701249592284,36.70,14.984
LINKUSDT,SELL,LIMIT,1701250276764,301.15,14.775
LINKUSDT,BUY,LIMIT,1701251535167,1.60,14.775
LINKUSDT,BUY,LIMIT,1701252163314,161.05,14.914
LINKUSDT,SELL,LIMIT,1701252168675,131.57,14.765
LINKUSDT,SELL,LIMIT,1701252179591,16.24,14.753
LINKUSDT,SELL,LIMIT,1701252195006,3.74,14.749
LINKUSDT,SELL,LIMIT,1701253405119,83.62,14.713
LINKUSDT,SELL,LIMIT,1701253419353,90.70,14.708
LINKUSDT,SELL,LIMIT,1701253423688,29.79,14.704
LINKUSDT,SELL,LIMIT,1701253586123,1.93,14.697
LINKUSDT,SELL,LIMIT,1701253588787,2.46,14.691
LINKUSDT,SELL,LIMIT,1701253591514,24.00,14.690
LINKUSDT,SELL,LIMIT,1701253593606,31.48,14.686
LINKUSDT,SELL,LIMIT,1701253609787,4.54,14.685
LINKUSDT,SELL,LIMIT,1701253613612,26.42,14.680
LINKUSDT,SELL,LIMIT,1701253614760,30.23,14.673
LINKUSDT,SELL,LIMIT,1701254011806,34.56,14.664
LINKUSDT,SELL,LIMIT,1701254016080,49.00,14.661
LINKUSDT,SELL,LIMIT,1701254048364,3099.23,14.603
LINKUSDT,SELL,LIMIT,1701254068982,6.12,14.645
LINKUSDT,SELL,LIMIT,1701254073221,45.23,14.639
LINKUSDT,SELL,LIMIT,1701254259258,516.68,14.630
LINKUSDT,SELL,LIMIT,1701254279267,86.21,14.634
LINKUSDT,SELL,LIMIT,1701254297071,15.60,14.626
LINKUSDT,SELL,LIMIT,1701254300777,13.51,14.623
LINKUSDT,SELL,LIMIT,1701254305230,150.00,14.614
LINKUSDT,SELL,LIMIT,1701254403861,5.11,14.595
LINKUSDT,SELL,LIMIT,1701254412245,85.01,14.580
LINKUSDT,SELL,LIMIT,1701254416258,28.67,14.573
LINKUSDT,SELL,LIMIT,1701254418114,3.71,14.567
LINKUSDT,SELL,LIMIT,1701254419814,94.00,14.561
LINKUSDT,SELL,LIMIT,1701254423510,337.58,14.563
LINKUSDT,SELL,LIMIT,1701254647595,6.86,14.560
LINKUSDT,SELL,LIMIT,1701254654264,40.49,14.557
LINKUSDT,SELL,LIMIT,1701254690684,5.00,14.555
LINKUSDT,SELL,LIMIT,1701254708093,1.42,14.552
LINKUSDT,BUY,LIMIT,1701259523578,83.33,14.865
LINKUSDT,SELL,LIMIT,1701260308163,339.04,14.676
LINKUSDT,BUY,LIMIT,1701260923420,10.20,14.884
LINKUSDT,BUY,LIMIT,1701261125786,1.65,14.917
LINKUSDT,SELL,LIMIT,1701264118138,32.34,14.747
LINKUSDT,SELL,LIMIT,1701264417982,9.59,14.655
LINKUSDT,BUY,LIMIT,1701266684298,2.16,14.875
LINKUSDT,BUY,LIMIT,1701266685433,15.00,14.856
LINKUSDT,BUY,LIMIT,1701267245972,20.48,14.919
LINKUSDT,BUY,LIMIT,1701267278653,46.03,14.928
LINKUSDT,SELL,LIMIT,1701267569522,50.77,14.651
LINKUSDT,SELL,LIMIT,1701267707207,83.48,14.644
LINKUSDT,SELL,LIMIT,1701267721230,135.36,14.640
LINKUSDT,SELL,LIMIT,1701267725970,3.16,14.629
LINKUSDT,SELL,LIMIT,1701267785220,3.62,14.613
LINKUSDT,SELL,LIMIT,1701268326576,8.21,14.604
LINKUSDT,SELL,LIMIT,1701268357325,14.99,14.597
LINKUSDT,SELL,LIMIT,1701268380118,121.75,14.589
LINKUSDT,SELL,LIMIT,1701268382205,20.83,14.585
LINKUSDT,SELL,LIMIT,1701268412974,5.64,14.584
LINKUSDT,SELL,LIMIT,1701268414364,3.61,14.580
LINKUSDT,SELL,LIMIT,1701268415380,23.72,14.578
LINKUSDT,SELL,LIMIT,1701268417989,2.84,14.576
LINKUSDT,SELL,LIMIT,1701268453079,1.42,14.564
LINKUSDT,SELL,LIMIT,1701269146773,27.37,14.563
LINKUSDT,SELL,LIMIT,1701269149688,26.02,14.553
LINKUSDT,SELL,LIMIT,1701269151198,0.82,14.551
LINKUSDT,SELL,LIMIT,1701269157173,147.06,14.550
LINKUSDT,SELL,LIMIT,1701269158371,114.12,14.548
LINKUSDT,SELL,LIMIT,1701269244505,13.92,14.541
LINKUSDT,SELL,LIMIT,1701269245953,8.38,14.538
LINKUSDT,SELL,LIMIT,1701269252564,105.58,14.532
LINKUSDT,SELL,LIMIT,1701269259691,4.06,14.521
LINKUSDT,SELL,LIMIT,1701269265177,1.64,14.518
LINKUSDT,SELL,LIMIT,1701269393304,15.44,14.536
LINKUSDT,SELL,LIMIT,1701269763609,5.00,14.516
LINKUSDT,SELL,LIMIT,1701269768873,43.91,14.513
LINKUSDT,SELL,LIMIT,1701270052264,65.92,14.510
LINKUSDT,SELL,LIMIT,1701270263446,1.39,14.503
LINKUSDT,SELL,LIMIT,1701270318557,19.16,14.503
LINKUSDT,SELL,LIMIT,1701270319761,41.99,14.501
LINKUSDT,SELL,LIMIT,1701270321063,51.42,14.495
LINKUSDT,SELL,LIMIT,1701270336321,94.63,14.487
LINKUSDT,SELL,LIMIT,1701270337421,130.71,14.485
LINKUSDT,SELL,LIMIT,1701270338639,38.75,14.476
LINKUSDT,SELL,LIMIT,1701270341644,6.04,14.474
LINKUSDT,SELL,LIMIT,1701270385790,19.63,14.473
LINKUSDT,SELL,LIMIT,1701270387032,25.74,14.467
LINKUSDT,SELL,LIMIT,1701270388426,2.19,14.463
LINKUSDT,SELL,LIMIT,1701270432111,25.79,14.451
LINKUSDT,SELL,LIMIT,1701270436046,54.97,14.447
LINKUSDT,SELL,LIMIT,1701270437278,7.56,14.436
LINKUSDT,SELL,LIMIT,1701270438300,13.69,14.437
LINKUSDT,SELL,LIMIT,1701270440378,44.07,14.437
LINKUSDT,SELL,LIMIT,1701270442331,91.19,14.437
LINKUSDT,SELL,LIMIT,1701270446882,7.00,14.434
LINKUSDT,SELL,LIMIT,1701270450272,18.88,14.432
LINKUSDT,SELL,LIMIT,1701270451435,337.51,14.426
LINKUSDT,SELL,LIMIT,1701270453064,11.00,14.427
LINKUSDT,SELL,LIMIT,1701270569494,5.17,14.438
LINKUSDT,SELL,LIMIT,1701270582633,65.56,14.431
LINKUSDT,SELL,LIMIT,1701270584226,416.53,14.422
LINKUSDT,SELL,LIMIT,1701270585356,5.62,14.423
LINKUSDT,SELL,LIMIT,1701270586621,106.09,14.423
LINKUSDT,SELL,LIMIT,1701270592035,15.16,14.422
LINKUSDT,SELL,LIMIT,1701270611224,13.32,14.418
LINKUSDT,SELL,LIMIT,1701270612233,86.22,14.417
LINKUSDT,SELL,LIMIT,1701270613508,44.97,14.394
LINKUSDT,SELL,LIMIT,1701270615449,77.54,14.386
LINKUSDT,SELL,LIMIT,1701270616436,35.25,14.378
LINKUSDT,SELL,LIMIT,1701270618067,31.14,14.360
LINKUSDT,SELL,LIMIT,1701270619272,1.39,14.353
LINKUSDT,SELL,LIMIT,1701270848380,6.83,14.350
LINKUSDT,SELL,LIMIT,1701270919924,306.05,14.336
LINKUSDT,BUY,LIMIT,1701273753547,159.67,14.624
LINKUSDT,BUY,LIMIT,1701273832980,25.36,14.701
LINKUSDT,SELL,LIMIT,1701274315094,20.09,14.518
LINKUSDT,SELL,LIMIT,1701274710235,68.35,14.438
LINKUSDT,SELL,LIMIT,1701274752152,54.38,14.429
LINKUSDT,SELL,LIMIT,1701275433921,1.43,14.409
LINKUSDT,SELL,LIMIT,1701275484341,2.46,14.395
LINKUSDT,SELL,LIMIT,1701275512724,24.54,14.389
LINKUSDT,SELL,LIMIT,1701275602836,7.07,14.373
LINKUSDT,SELL,LIMIT,1701275834725,13.31,14.350
LINKUSDT,SELL,LIMIT,1701275842160,88.02,14.343
LINKUSDT,BUY,LIMIT,1701279650072,2.08,14.635
LINKUSDT,BUY,LIMIT,1701279654346,16.02,14.645
LINKUSDT,BUY,LIMIT,1701279671394,323.64,14.647
LINKUSDT,BUY,LIMIT,1701279676743,1.65,14.655
LINKUSDT,BUY,LIMIT,1701279938405,128.30,14.674
LINKUSDT,BUY,LIMIT,1701279940118,18.00,14.676
LINKUSDT,BUY,LIMIT,1701279985653,10.37,14.687
LINKUSDT,BUY,LIMIT,1701279997361,20.39,14.690
LINKUSDT,BUY,LIMIT,1701280150931,5.17,14.715
LINKUSDT,BUY,LIMIT,1701280158585,356.02,14.719
LINKUSDT,BUY,LIMIT,1701280170190,9.60,14.730
LINKUSDT,BUY,LIMIT,1701280416043,9.93,14.732
LINKUSDT,BUY,LIMIT,1701280521291,1.73,14.746
LINKUSDT,SELL,LIMIT,1701282927263,30.70,14.472
LINKUSDT,BUY,LIMIT,1701285039064,7.44,14.749
LINKUSDT,BUY,LIMIT,1701285056798,43.65,14.756
LINKUSDT,SELL,LIMIT,1701285688309,33.33,14.545
LINKUSDT,SELL,LIMIT,1701286598058,139.68,14.501
LINKUSDT,SELL,LIMIT,1701288287798,0.01,14.575
LINKUSDT,SELL,LIMIT,1701290151486,10.50,14.456
LINKUSDT,SELL,LIMIT,1701290332856,48.60,14.438
LINKUSDT,SELL,LIMIT,1701290336217,13.02,14.435
LINKUSDT,SELL,LIMIT,1701290340655,13.19,14.424
LINKUSDT,SELL,LIMIT,1701290354830,14.06,14.415
LINKUSDT,SELL,LIMIT,1701290357977,325.48,14.410
LINKUSDT,SELL,LIMIT,1701290422912,2.69,14.397
LINKUSDT,SELL,LIMIT,1701290425492,15.14,14.396
LINKUSDT,SELL,LIMIT,1701292015478,1.56,14.388
LINKUSDT,SELL,LIMIT,1701292016597,206.52,14.394
LINKUSDT,SELL,LIMIT,1701292611111,54.00,14.480
LINKUSDT,SELL,LIMIT,1701293900400,3.40,14.400
LINKUSDT,BUY,LIMIT,1701297330953,5.06,14.664
LINKUSDT,BUY,LIMIT,1701297619021,31.81,14.689
LINKUSDT,BUY,LIMIT,1701297635086,11.52,14.691
LINKUSDT,SELL,LIMIT,1701300222300,341.03,14.415
LINKUSDT,SELL,LIMIT,1701300273291,39.11,14.408
LINKUSDT,SELL,LIMIT,1701303436200,13.28,14.391
LINKUSDT,SELL,LIMIT,1701303456116,102.44,14.389
LINKUSDT,BUY,LIMIT,1701305231064,328.18,14.641
LINKUSDT,SELL,LIMIT,1701306109424,2.17,14.370
LINKUSDT,SELL,LIMIT,1701306130252,51.09,14.360
LINKUSDT,SELL,LIMIT,1701306134581,45.87,14.355
LINKUSDT,SELL,LIMIT,1701306196071,4.53,14.353
LINKUSDT,SELL,LIMIT,1701306257296,13.07,14.335
LINKUSDT,SELL,LIMIT,1701306277621,17.84,14.332
LINKUSDT,SELL,LIMIT,1701306426214,3.92,14.325
LINKUSDT,SELL,LIMIT,1701306427455,3.39,14.323
LINKUSDT,SELL,LIMIT,1701306428675,63.84,14.312
LINKUSDT,SELL,LIMIT,1701306430087,9.41,14.305
LINKUSDT,SELL,LIMIT,1701309612277,86.72,14.314
LINKUSDT,SELL,LIMIT,1701310767284,46.52,14.304
LINKUSDT,SELL,LIMIT,1701310804034,102.20,14.300
LINKUSDT,SELL,LIMIT,1701310805116,10.71,14.300
LINKUSDT,SELL,LIMIT,1701310811390,159.14,14.293
LINKUSDT,SELL,LIMIT,1701310865070,8.02,14.292
LINKUSDT,SELL,LIMIT,1701310890379,5.10,14.288
LINKUSDT,SELL,LIMIT,1701310929167,112.00,14.284
LINKUSDT,SELL,LIMIT,1701310938736,133.39,14.277
LINKUSDT,SELL,LIMIT,1701310947280,5.06,14.275
LINKUSDT,SELL,LIMIT,1701310963978,267.98,14.267
LINKUSDT,SELL,LIMIT,1701310973071,9.98,14.275
LINKUSDT,SELL,LIMIT,1701311719388,5.04,14.377
LINKUSDT,BUY,LIMIT,1701311929786,1.40,14.555
LINKUSDT,BUY,LIMIT,1701311987862,14.73,14.524
LINKUSDT,BUY,LIMIT,1701312158552,9.45,14.604
LINKUSDT,BUY,LIMIT,1701312568130,2.44,14.610
LINKUSDT,BUY,LIMIT,1701312742637,31.15,14.617
LINKUSDT,BUY,LIMIT,1701312744704,5.92,14.618
LINKUSDT,BUY,LIMIT,1701315694109,20.73,14.660
LINKUSDT,BUY,LIMIT,1701315704167,13.27,14.664
LINKUSDT,BUY,LIMIT,1701315707152,159.38,14.665
LINKUSDT,BUY,LIMIT,1701315731918,345.18,14.671
LINKUSDT,BUY,LIMIT,1701315806017,38.20,14.680
LINKUSDT,BUY,LIMIT,1701316115058,57.58,14.696
LINKUSDT,BUY,LIMIT,1701316184790,14.82,14.700
LINKUSDT,BUY,LIMIT,1701316186152,20.02,14.703
LINKUSDT,BUY,LIMIT,1701316712508,17.03,14.710
LINKUSDT,BUY,LIMIT,1701316716189,37.97,14.714
LINKUSDT,BUY,LIMIT,1701317205202,75.00,14.726
LINKUSDT,BUY,LIMIT,1701317293229,100.75,14.739
LINKUSDT,BUY,LIMIT,1701317734768,77.85,14.764
LINKUSDT,SELL,LIMIT,1701319880069,109.15,14.497
LINKUSDT,SELL,LIMIT,1701319887704,10.40,14.496
LINKUSDT,SELL,LIMIT,1701319925599,2.66,14.480
LINKUSDT,SELL,LIMIT,1701319929320,16.38,14.476
LINKUSDT,SELL,LIMIT,1701320452864,2.76,14.464
LINKUSDT,SELL,LIMIT,1701320475218,28.58,14.453
LINKUSDT,SELL,LIMIT,1701320479116,12.87,14.452
LINKUSDT,SELL,LIMIT,1701321139138,70.58,14.435
LINKUSDT,SELL,LIMIT,1701321733102,171.04,14.412
LINKUSDT,SELL,LIMIT,1701321734146,1.39,14.410
LINKUSDT,SELL,LIMIT,1701321898275,72.47,14.398
LINKUSDT,SELL,LIMIT,1701323706966,54.78,14.391
LINKUSDT,SELL,LIMIT,1701323743456,54.42,14.379
LINKUSDT,SELL,LIMIT,1701323744927,68.65,14.374
LINKUSDT,SELL,LIMIT,1701323754166,1.43,14.358
LINKUSDT,SELL,LIMIT,1701327046570,28.75,14.337
LINKUSDT,SELL,LIMIT,1701331612267,65.58,14.329
LINKUSDT,SELL,LIMIT,1701331840653,136.21,14.311
LINKUSDT,SELL,LIMIT,1701331853580,4.02,14.306
LINKUSDT,SELL,LIMIT,1701332044910,35.73,14.303
LINKUSDT,SELL,LIMIT,1701332288038,119.40,14.299
LINKUSDT,SELL,LIMIT,1701332363745,39.69,14.291
LINKUSDT,SELL,LIMIT,1701332461609,29.21,14.285
LINKUSDT,SELL,LIMIT,1701333453930,0.02,14.280
LINKUSDT,SELL,LIMIT,1701333470196,343.21,14.276
LINKUSDT,SELL,LIMIT,1701333485359,23.22,14.275
LINKUSDT,SELL,LIMIT,1701333497364,33.73,14.271
LINKUSDT,SELL,LIMIT,1701333499043,4.67,14.270
LINKUSDT,SELL,LIMIT,1701333552749,16.21,14.267
LINKUSDT,SELL,LIMIT,1701333554300,56.04,14.257
LINKUSDT,SELL,LIMIT,1701333561387,4.06,14.252
LINKUSDT,SELL,LIMIT,1701333562405,13.65,14.243
LINKUSDT,SELL,LIMIT,1701333563410,35.64,14.242
LINKUSDT,SELL,LIMIT,1701333565839,347.52,14.241
LINKUSDT,SELL,LIMIT,1701333674022,1099.88,14.209
LINKUSDT,SELL,LIMIT,1701333675258,136.56,14.240
LINKUSDT,SELL,LIMIT,1701333678590,1.73,14.237
LINKUSDT,SELL,LIMIT,1701333682101,5.55,14.228
LINKUSDT,SELL,LIMIT,1701333685424,11.13,14.228
LINKUSDT,SELL,LIMIT,1701333727124,22.71,14.237
LINKUSDT,SELL,LIMIT,1701333966312,3.30,14.225
LINKUSDT,SELL,LIMIT,1701333972177,19.98,14.220
LINKUSDT,SELL,LIMIT,1701333973379,51.42,14.223
LINKUSDT,SELL,LIMIT,1701335544106,6.90,14.222
LINKUSDT,BUY,LIMIT,1701336972324,28.41,14.531
LINKUSDT,BUY,LIMIT,1701336973852,180.00,14.552
LINKUSDT,BUY,LIMIT,1701336974992,70.76,14.567
LINKUSDT,BUY,LIMIT,1701336979585,21.59,14.578
LINKUSDT,BUY,LIMIT,1701336994339,10.49,14.614
LINKUSDT,BUY,LIMIT,1701337795166,20.69,14.628
LINKUSDT,BUY,LIMIT,1701337885221,15.46,14.664
LINKUSDT,BUY,LIMIT,1701337893014,3.98,14.672
LINKUSDT,BUY,LIMIT,1701337900627,50.00,14.683
LINKUSDT,BUY,LIMIT,1701337944061,32.51,14.694
LINKUSDT,BUY,LIMIT,1701337961874,17.25,14.711
LINKUSDT,BUY,LIMIT,1701338002087,58.51,14.717
LINKUSDT,BUY,LIMIT,1701344706108,29.98,14.750
LINKUSDT,BUY,LIMIT,1701344712659,44.21,14.753
LINKUSDT,BUY,LIMIT,1701344786491,300.79,14.759
LINKUSDT,BUY,LIMIT,1701344977803,2.57,14.782
LINKUSDT,BUY,LIMIT,1701345210310,2.06,14.787
LINKUSDT,BUY,LIMIT,1701345211425,1.67,14.785
LINKUSDT,BUY,LIMIT,1701345213061,1.40,14.789
LINKUSDT,BUY,LIMIT,1701345215527,10.79,14.794
LINKUSDT,BUY,LIMIT,1701345227125,341.14,14.797
LINKUSDT,BUY,LIMIT,1701345229537,12.41,14.800
LINKUSDT,BUY,LIMIT,1701345279258,264.68,14.804
LINKUSDT,BUY,LIMIT,1701345294237,12.72,14.812
LINKUSDT,BUY,LIMIT,1701345296363,12.72,14.803
LINKUSDT,BUY,LIMIT,1701345391374,36.12,14.820
LINKUSDT,BUY,LIMIT,1701345402442,12.72,14.819
LINKUSDT,BUY,LIMIT,1701345437745,9.84,14.830
LINKUSDT,BUY,LIMIT,1701345449037,5.87,14.834
LINKUSDT,BUY,LIMIT,1701345451351,6.39,14.835
LINKUSDT,BUY,LIMIT,1701345471517,2.19,14.839
LINKUSDT,BUY,LIMIT,1701345484330,4.00,14.846
LINKUSDT,BUY,LIMIT,1701345531239,585.26,14.865
LINKUSDT,BUY,LIMIT,1701345532320,3.07,14.861
LINKUSDT,BUY,LIMIT,1701345539776,89.13,14.863
LINKUSDT,BUY,LIMIT,1701345543110,27.57,14.865
LINKUSDT,BUY,LIMIT,1701345547292,2.63,14.866
LINKUSDT,BUY,LIMIT,1701345656257,69.07,14.868
LINKUSDT,BUY,LIMIT,1701345873613,19.66,14.885
LINKUSDT,BUY,LIMIT,1701345877423,3.26,14.889
LINKUSDT,BUY,LIMIT,1701345990334,50.71,14.893
LINKUSDT,SELL,LIMIT,1701346842795,98.02,14.630
LINKUSDT,SELL,LIMIT,1701347706256,225.98,14.579
LINKUSDT,SELL,LIMIT,1701347708177,16.42,14.575
LINKUSDT,SELL,LIMIT,1701347716918,118.67,14.564
LINKUSDT,SELL,LIMIT,1701347736529,51.72,14.549
LINKUSDT,SELL,LIMIT,1701349341110,214.61,14.525
LINKUSDT,SELL,LIMIT,1701349388451,48.36,14.511
LINKUSDT,SELL,LIMIT,1701349390447,50.00,14.507
LINKUSDT,SELL,LIMIT,1701349590772,5.58,14.497
LINKUSDT,SELL,LIMIT,1701349697741,22.07,14.494
LINKUSDT,SELL,LIMIT,1701350113345,2.35,14.482
LINKUSDT,SELL,LIMIT,1701350128163,46.75,14.477
LINKUSDT,SELL,LIMIT,1701350173257,102.96,14.476
LINKUSDT,SELL,LIMIT,1701350175510,116.13,14.470
LINKUSDT,SELL,LIMIT,1701352288483,14.74,14.468
LINKUSDT,SELL,LIMIT,1701352292280,6.05,14.475
LINKUSDT,SELL,LIMIT,1701352486926,333.88,14.453
LINKUSDT,SELL,LIMIT,1701352500426,66.41,14.446
LINKUSDT,SELL,LIMIT,1701352506406,0.60,14.438
LINKUSDT,SELL,LIMIT,1701352507406,21.13,14.439
LINKUSDT,SELL,LIMIT,1701352508943,60.64,14.438
LINKUSDT,SELL,LIMIT,1701352512944,16.15,14.431
LINKUSDT,SELL,LIMIT,1701352523691,10.23,14.426
LINKUSDT,SELL,LIMIT,1701352531138,20.70,14.419
