Symbol,Side,Order Type,Time,Quantity,Price
LITUSDT,SELL,LIMIT,1701067874127,521.2,0.851
LITUSDT,SELL,LIMIT,1701069534123,2000.0,0.845
LITUSDT,SELL,LIMIT,1701069759548,29.9,0.842
LITUSDT,SELL,LIMIT,1701069760592,456.1,0.842
LITUSDT,SELL,LIMIT,1701069818891,113.0,0.841
LITUSDT,SELL,LIMIT,1701069831620,63.9,0.840
LITUSDT,SELL,LIMIT,1701069833389,75.1,0.840
LITUSDT,SELL,LIMIT,1701069847190,11.1,0.839
LITUSDT,SELL,LIMIT,1701069881304,1995.9,0.838
LITUSDT,SELL,LIMIT,1701069882622,32.2,0.838
LITUSDT,SELL,LIMIT,1701069908638,23.3,0.837
LITUSDT,SELL,LIMIT,1701070440098,883.1,0.836
LITUSDT,SELL,LIMIT,1701070441330,25.8,0.836
LITUSDT,SELL,LIMIT,1701081435072,5617.9,0.835
LITUSDT,SELL,LIMIT,1701081438146,275.5,0.835
LITUSDT,SELL,LIMIT,1701081452190,643.2,0.834
LITUSDT,SELL,LIMIT,1701082696299,45.5,0.833
LITUSDT,SELL,LIMIT,1701082698086,255.8,0.832
LITUSDT,SELL,LIMIT,1701082699246,5562.3,0.832
LITUSDT,SELL,LIMIT,1701082727507,6.8,0.831
LITUSDT,SELL,LIMIT,1701086938357,595.5,0.843
LITUSDT,SELL,LIMIT,1701093136247,2457.5,0.836
LITUSDT,SELL,LIMIT,1701096675599,13.1,0.830
LITUSDT,SELL,LIMIT,1701096733671,137.5,0.830
LITUSDT,SELL,LIMIT,1701096738048,2585.9,0.829
LITUSDT,SELL,LIMIT,1701096789902,301.7,0.829
LITUSDT,SELL,LIMIT,1701097050300,19.2,0.827
LITUSDT,SELL,LIMIT,1701097091160,26881.7,0.827
LITUSDT,SELL,LIMIT,1701097094025,173.0,0.826
LITUSDT,SELL,LIMIT,1701100238239,25.7,0.831
LITUSDT,SELL,LIMIT,1701101007837,22.1,0.831
LITUSDT,BUY,LIMIT,1701112172366,1083.4,0.893
LITUSDT,BUY,LIMIT,1701112178468,2560.6,0.895
LITUSDT,BUY,LIMIT,1701112610158,38.4,0.898
LITUSDT,BUY,LIMIT,1701112682378,567.0,0.899
LITUSDT,SELL,LIMIT,1701114261807,11.2,0.849
LITUSDT,SELL,LIMIT,1701114352848,17.3,0.847
LITUSDT,SELL,LIMIT,1701135025265,233.1,0.835
LITUSDT,SELL,LIMIT,1701146066316,18.7,0.827
LITUSDT,SELL,LIMIT,1701146504255,230.1,0.826
LITUSDT,SELL,LIMIT,1701146541214,165.9,0.825
LITUSDT,SELL,LIMIT,1701146968118,2035.3,0.824
LITUSDT,SELL,LIMIT,1701147873709,311.2,0.823
LITUSDT,SELL,LIMIT,1701147875176,30.0,0.822
LITUSDT,SELL,LIMIT,1701147929042,6.1,0.822
LITUSDT,SELL,LIMIT,1701147942182,90.0,0.822
LITUSDT,SELL,LIMIT,1701148008317,6.0,0.821
LITUSDT,SELL,LIMIT,1701148157934,93.0,0.819
LITUSDT,SELL,LIMIT,1701149133544,750.1,0.817
LITUSDT,SELL,LIMIT,1701149147903,328.1,0.816
LITUSDT,SELL,LIMIT,1701149149504,9187.7,0.816
LITUSDT,SELL,LIMIT,1701149825014,1350.8,0.814
LITUSDT,SELL,LIMIT,1701149851317,1347.5,0.813
LITUSDT,SELL,LIMIT,1701149875483,35.2,0.812
LITUSDT,SELL,LIMIT,1701149890457,3509.4,0.812
LITUSDT,SELL,LIMIT,1701149908496,4769.6,0.811
LITUSDT,SELL,LIMIT,1701151264113,1396.4,0.810
LITUSDT,SELL,LIMIT,1701151273267,18.9,0.809
LITUSDT,SELL,LIMIT,1701151274728,190.0,0.810
LITUSDT,SELL,LIMIT,1701171838220,812.2,0.859
LITUSDT,BUY,LIMIT,1701197059568,21.9,0.904
LITUSDT,BUY,LIMIT,1701197853680,463.0,0.901
LITUSDT,BUY,LIMIT,1701201839086,28.1,0.912
LITUSDT,SELL,LIMIT,1701254034746,1226.7,0.875
LITUSDT,BUY,LIMIT,1701294394180,7.2,0.942
LITUSDT,BUY,LIMIT,1701294451345,29.5,0.944
LITUSDT,BUY,LIMIT,1701296088170,116.8,0.947
LITUSDT,BUY,LIMIT,1701296241357,2231.4,0.954
LITUSDT,BUY,LIMIT,1701297406791,157.8,0.962
LITUSDT,BUY,LIMIT,1701297903572,6599.3,0.967
LITUSDT,BUY,LIMIT,1701302471262,44.2,0.968
LITUSDT,BUY,LIMIT,1701303712077,470.0,0.972
LITUSDT,BUY,LIMIT,1701304285940,439.9,0.975
LITUSDT,BUY,LIMIT,1701304321543,21.0,0.976
LITUSDT,BUY,LIMIT,1701304409370,84.2,0.983
LITUSDT,BUY,LIMIT,1701304415875,30.0,0.984
LITUSDT,BUY,LIMIT,1701304556086,115.9,0.985
LITUSDT,BUY,LIMIT,1701304558571,1908.2,0.985
LITUSDT,BUY,LIMIT,1701320465083,98.9,0.988
LITUSDT,BUY,LIMIT,1701320470634,128.0,0.990
LITUSDT,BUY,LIMIT,1701320541871,12.0,0.991
LITUSDT,BUY,LIMIT,1701320547692,109.2,0.991
LITUSDT,BUY,LIMIT,1701320634016,50.2,0.992
LITUSDT,SELL,LIMIT,1701323254591,239.7,0.917
LITUSDT,SELL,LIMIT,1701324082139,150.1,0.914
LITUSDT,SELL,LIMIT,1701324095049,103.1,0.912
LITUSDT,SELL,LIMIT,1701330447965,20.8,0.910
LITUSDT,BUY,LIMIT,1701330938400,9.3,0.958
LITUSDT,SELL,LIMIT,1701331555185,102.1,0.909
LITUSDT,SELL,LIMIT,1701331620327,32.2,0.908
