Symbol,Side,Order Type,Time,Quantity,Price
LITUSDT,SELL,LIMIT,1701940539068,29.5,0.912
LITUSDT,SELL,LIMIT,1701940563348,100.0,0.909
LITUSDT,SELL,LIMIT,1701941160978,1030.9,0.906
LITUSDT,SELL,LIMIT,1701941174363,49.8,0.905
LITUSDT,SELL,LIMIT,1701941185659,986.8,0.904
LITUSDT,SELL,LIMIT,1701941187501,191.1,0.904
LITUSDT,SELL,LIMIT,1701941190376,6960.7,0.902
LITUSDT,SELL,LIMIT,1701941236443,377.5,0.901
LITUSDT,SELL,LIMIT,1701941248519,50.5,0.900
LITUSDT,BUY,LIMIT,1701941546064,53.7,0.953
LITUSDT,BUY,LIMIT,1701953976590,0.1,0.985
LITUSDT,BUY,LIMIT,1701955868046,78.0,0.990
LITUSDT,BUY,LIMIT,1701955869541,78.0,0.990
LITUSDT,BUY,LIMIT,1701963047680,165.9,0.998
LITUSDT,BUY,LIMIT,1701963689498,55.9,0.996
LITUSDT,BUY,LIMIT,1701966333134,186.2,1.004
LITUSDT,SELL,LIMIT,1701988487315,34.2,0.936
LITUSDT,SELL,LIMIT,1702003905706,20161.2,0.939
LITUSDT,BUY,LIMIT,1702009427284,22.8,1.002
LITUSDT,BUY,LIMIT,1702035163191,140.0,0.988
LITUSDT,BUY,LIMIT,1702051386072,139.7,0.999
LITUSDT,BUY,LIMIT,1702051502512,7.2,1.002
LITUSDT,BUY,LIMIT,1702061270270,80.7,1.005
LITUSDT,BUY,LIMIT,1702064195892,67.6,1.005
LITUSDT,BUY,LIMIT,1702066102323,74.9,1.005
LITUSDT,BUY,LIMIT,1702069043056,132.0,1.008
LITUSDT,BUY,LIMIT,1702080687269,133.1,1.016
LITUSDT,BUY,LIMIT,1702080779238,70.4,1.016
LITUSDT,SELL,LIMIT,1702081245323,55.1,0.973
LITUSDT,BUY,LIMIT,1702081348489,209.8,1.028
LITUSDT,BUY,LIMIT,1702081372992,949.4,1.030
LITUSDT,BUY,LIMIT,1702081375911,5227.3,1.030
LITUSDT,BUY,LIMIT,1702081377811,155.6,1.031
LITUSDT,BUY,LIMIT,1702081417426,266.3,1.034
LITUSDT,BUY,LIMIT,1702081429072,600.0,1.035
LITUSDT,BUY,LIMIT,1702081776368,16.0,1.036
LITUSDT,BUY,LIMIT,1702082111316,531.2,1.032
LITUSDT,BUY,LIMIT,1702083417132,875.0,1.033
LITUSDT,BUY,LIMIT,1702094627255,178.5,1.024
LITUSDT,BUY,LIMIT,1702094843360,20.3,1.026
LITUSDT,BUY,LIMIT,1702102061668,7.2,1.019
LITUSDT,SELL,LIMIT,1702103869490,3655.4,0.974
LITUSDT,BUY,LIMIT,1702107972321,22.0,1.022
LITUSDT,BUY,LIMIT,1702108262707,952.0,1.028
LITUSDT,BUY,LIMIT,1702110204247,3655.5,1.032
LITUSDT,SELL,LIMIT,1702111035735,55.5,0.959
LITUSDT,SELL,LIMIT,1702111047856,50.0,0.954
LITUSDT,SELL,LIMIT,1702111373387,1682.4,0.950
LITUSDT,SELL,LIMIT,1702111375838,108.5,0.949
LITUSDT,SELL,LIMIT,1702111381772,67.7,0.946
LITUSDT,SELL,LIMIT,1702111387609,1037.6,0.945
LITUSDT,SELL,LIMIT,1702133002448,729.3,0.955
LITUSDT,SELL,LIMIT,1702141554244,166.6,0.947
LITUSDT,SELL,LIMIT,1702141571480,150.9,0.945
LITUSDT,SELL,LIMIT,1702141625482,5.5,0.943
LITUSDT,SELL,LIMIT,1702141708143,162.8,0.942
LITUSDT,SELL,LIMIT,1702143022346,388.1,0.944
LITUSDT,SELL,LIMIT,1702164504872,46.2,0.945
LITUSDT,SELL,LIMIT,1702164691843,196.7,0.940
LITUSDT,SELL,LIMIT,1702164749101,227.5,0.937
LITUSDT,SELL,LIMIT,1702164801764,40.0,0.935
LITUSDT,SELL,LIMIT,1702164808242,5.1,0.933
LITUSDT,SELL,LIMIT,1702164812043,453.7,0.932
LITUSDT,SELL,LIMIT,1702164863670,1032.5,0.932
LITUSDT,SELL,LIMIT,1702164870437,1715.5,0.931
LITUSDT,SELL,LIMIT,1702200937292,20.3,0.936
LITUSDT,SELL,LIMIT,1702201431152,424.6,0.934
LITUSDT,SELL,LIMIT,1702202056436,202.5,0.931
LITUSDT,SELL,LIMIT,1702202081943,7.0,0.930
LITUSDT,SELL,LIMIT,1702202157134,49.9,0.929
LITUSDT,SELL,LIMIT,1702202255191,6.9,0.927
LITUSDT,SELL,LIMIT,1702202278557,2108.1,0.927
LITUSDT,SELL,LIMIT,1702202298501,1249.3,0.926
LITUSDT,SELL,LIMIT,1702202311211,125.9,0.923
LITUSDT,BUY,LIMIT,1702232749192,88.4,1.011
LITUSDT,SELL,LIMIT,1702256582171,55.3,0.943
LITUSDT,SELL,LIMIT,1702256620301,100.4,0.941
LITUSDT,SELL,LIMIT,1702256724763,30.0,0.939
LITUSDT,SELL,LIMIT,1702256908554,158.1,0.938
LITUSDT,SELL,LIMIT,1702260436562,4455.0,0.937
LITUSDT,SELL,LIMIT,1702260627779,5.7,0.933
LITUSDT,SELL,LIMIT,1702260631092,2828.8,0.932
LITUSDT,SELL,LIMIT,1702260696923,86.8,0.928
LITUSDT,SELL,LIMIT,1702260699262,1095.0,0.928
LITUSDT,SELL,LIMIT,1702260708162,1033.0,0.936
LITUSDT,SELL,LIMIT,1702260710288,6.1,0.924
LITUSDT,BUY,LIMIT,1702260711572,41.7,0.971
LITUSDT,SELL,LIMIT,1702260713552,18.1,0.923
LITUSDT,SELL,LIMIT,1702260714814,92.6,0.923
LITUSDT,SELL,LIMIT,1702260716192,2000.0,0.922
LITUSDT,SELL,LIMIT,1702260717738,154.7,0.921
LITUSDT,SELL,LIMIT,1702260720157,204.7,0.921
LITUSDT,SELL,LIMIT,1702260724198,6059.9,0.920
LITUSDT,SELL,LIMIT,1702260726265,28.7,0.919
LITUSDT,SELL,LIMIT,1702260727983,20.0,0.919
LITUSDT,SELL,LIMIT,1702260730225,968.8,0.919
LITUSDT,SELL,LIMIT,1702260735951,229.6,0.916
LITUSDT,SELL,LIMIT,1702260736953,726.9,0.915
LITUSDT,SELL,LIMIT,1702260738418,204.5,0.913
LITUSDT,SELL,LIMIT,1702260739562,11099.8,0.912
LITUSDT,SELL,LIMIT,1702260741525,26497.8,0.910
LITUSDT,SELL,LIMIT,1702260743916,775.7,0.911
LITUSDT,SELL,LIMIT,1702260745891,956.4,0.908
LITUSDT,SELL,LIMIT,1702260747632,396.6,0.908
LITUSDT,SELL,LIMIT,1702260748807,207.6,0.926
LITUSDT,SELL,LIMIT,1702260750733,12.2,0.908
LITUSDT,SELL,LIMIT,1702260751868,10234.7,0.908
LITUSDT,SELL,LIMIT,1702260753800,227.0,0.907
LITUSDT,SELL,LIMIT,1702260754996,109.8,0.905
LITUSDT,SELL,LIMIT,1702260757611,90.6,0.902
LITUSDT,SELL,LIMIT,1702260759054,788.1,0.902
LITUSDT,SELL,LIMIT,1702260760148,32.4,0.902
LITUSDT,SELL,LIMIT,1702260761178,0.9,0.902
LITUSDT,SELL,LIMIT,1702260762270,308.9,0.902
LITUSDT,SELL,LIMIT,1702260763643,105.7,0.901
LITUSDT,SELL,LIMIT,1702260764675,566.8,0.898
LITUSDT,SELL,LIMIT,1702260765845,2260.5,0.907
LITUSDT,SELL,LIMIT,1702260767378,3596.2,0.899
LITUSDT,SELL,LIMIT,1702260768638,4.4,0.896
LITUSDT,SELL,LIMIT,1702260769640,58.2,0.897
LITUSDT,SELL,LIMIT,1702260770935,83.3,0.887
LITUSDT,SELL,LIMIT,1702260771938,389.7,0.887
LITUSDT,SELL,LIMIT,1702260773115,25.5,0.885
LITUSDT,SELL,LIMIT,1702260774471,47.2,0.883
LITUSDT,SELL,LIMIT,1702260775578,50.5,0.883
LITUSDT,SELL,LIMIT,1702260776980,511.2,0.881
LITUSDT,SELL,LIMIT,1702260778136,19583.2,0.883
LITUSDT,SELL,LIMIT,1702260779199,928.5,0.879
LITUSDT,SELL,LIMIT,1702260780550,176.7,0.877
LITUSDT,SELL,LIMIT,1702260782332,500.0,0.877
LITUSDT,SELL,LIMIT,1702260783469,3904.8,0.874
LITUSDT,SELL,LIMIT,1702260784727,2132.8,0.872
LITUSDT,SELL,LIMIT,1702260785740,4321.5,0.870
LITUSDT,SELL,LIMIT,1702260787830,7.6,0.872
LITUSDT,SELL,LIMIT,1702260788883,208.3,0.865
LITUSDT,SELL,LIMIT,1702260790588,201.6,0.864
LITUSDT,SELL,LIMIT,1702260792693,13.1,0.863
LITUSDT,SELL,LIMIT,1702260793953,2553.1,0.858
LITUSDT,SELL,LIMIT,1702260795352,4072.1,0.856
LITUSDT,SELL,LIMIT,1702260796407,2257.3,0.854
LITUSDT,SELL,LIMIT,1702260797487,35.1,0.852
LITUSDT,SELL,LIMIT,1702260798487,148.0,0.852
LITUSDT,SELL,LIMIT,1702260799505,13842.1,0.848
LITUSDT,SELL,LIMIT,1702260800645,3820.9,0.850
LITUSDT,SELL,LIMIT,1702260801890,121.1,0.849
LITUSDT,SELL,LIMIT,1702260804219,48.6,0.848
LITUSDT,SELL,LIMIT,1702260805341,28351.7,0.843
LITUSDT,SELL,LIMIT,1702260806466,504.9,0.864
LITUSDT,SELL,LIMIT,1702260807582,285.6,0.844
LITUSDT,SELL,LIMIT,1702260808604,75.7,0.833
LITUSDT,SELL,LIMIT,1702260809694,4.2,0.837
LITUSDT,SELL,LIMIT,1702260811643,17455.3,0.829
LITUSDT,SELL,LIMIT,1702260812760,591.4,0.827
LITUSDT,SELL,LIMIT,1702260813935,26.6,0.824
LITUSDT,SELL,LIMIT,1702260815161,21.9,0.828
LITUSDT,SELL,LIMIT,1702260816241,2066.1,0.826
LITUSDT,SELL,LIMIT,1702260818267,3780.2,0.822
LITUSDT,SELL,LIMIT,1702260819273,1559.5,0.825
LITUSDT,SELL,LIMIT,1702260820287,9587.1,0.822
LITUSDT,BUY,LIMIT,1702260941062,34.8,0.910
LITUSDT,SELL,LIMIT,1702261148247,2083.8,0.873
