Symbol,Side,Order Type,Time,Quantity,Price
LOOMUSDT,BUY,LIMIT,1701924914736,175,0.1197858
LOOMUSDT,BUY,LIMIT,1701927241805,59,0.1199392
LOOMUSDT,BUY,LIMIT,1701927841659,831,0.1201985
LOOMUSDT,BUY,LIMIT,1701928424455,126,0.1205382
LOOMUSDT,BUY,LIMIT,1701929241066,520,0.1210664
LOOMUSDT,SELL,LIMIT,1701931928070,366,0.1149500
LOOMUSDT,BUY,LIMIT,1701934539227,78417,0.1230365
LOOMUSDT,BUY,LIMIT,1701934548839,4528,0.1231816
LOOMUSDT,BUY,LIMIT,1701934604853,546,0.1237746
LOOMUSDT,BUY,LIMIT,1701934607792,177,0.1238576
LOOMUSDT,BUY,LIMIT,1701934614844,822,0.1239813
LOOMUSDT,BUY,LIMIT,1701934640306,2711,0.1243199
LOOMUSDT,BUY,LIMIT,1701934642732,1172,0.1242963
LOOMUSDT,BUY,LIMIT,1701934655214,13162,0.1245197
LOOMUSDT,BUY,LIMIT,1701934690721,12779,0.1251398
LOOMUSDT,BUY,LIMIT,1701934736424,280,0.1264691
LOOMUSDT,BUY,LIMIT,1701934752075,3007,0.1268849
LOOMUSDT,BUY,LIMIT,1701934775392,108,0.1282821
LOOMUSDT,BUY,LIMIT,1701934779272,346,0.1284791
LOOMUSDT,BUY,LIMIT,1701936592192,1639,0.1282599
LOOMUSDT,BUY,LIMIT,1701936594963,816,0.1285241
LOOMUSDT,BUY,LIMIT,1701936598036,173,0.1286115
LOOMUSDT,BUY,LIMIT,1701936603601,8156,0.1287059
LOOMUSDT,BUY,LIMIT,1701936605866,207,0.1287847
LOOMUSDT,BUY,LIMIT,1701936608456,1710,0.1288218
LOOMUSDT,BUY,LIMIT,1701936622223,1934,0.1290028
LOOMUSDT,BUY,LIMIT,1701936630064,2203,0.1291836
LOOMUSDT,BUY,LIMIT,1701936631888,1293,0.1291995
LOOMUSDT,BUY,LIMIT,1701936637277,2145,0.1294428
LOOMUSDT,BUY,LIMIT,1701936645540,7144,0.1295033
LOOMUSDT,BUY,LIMIT,1701936647459,800,0.1296175
LOOMUSDT,BUY,LIMIT,1701936651731,448,0.1297762
LOOMUSDT,SELL,LIMIT,1701936721455,353,0.1193201
LOOMUSDT,SELL,LIMIT,1701936730821,13684,0.1192502
LOOMUSDT,SELL,LIMIT,1701936752230,5518,0.1186451
LOOMUSDT,SELL,LIMIT,1701936754322,6171,0.1183024
LOOMUSDT,SELL,LIMIT,1701936756556,8662,0.1181542
LOOMUSDT,SELL,LIMIT,1701936765423,1070,0.1180532
LOOMUSDT,SELL,LIMIT,1701936849625,674,0.1179849
LOOMUSDT,SELL,LIMIT,1701936933005,759,0.1177933
LOOMUSDT,SELL,LIMIT,1701937435257,304,0.1176142
LOOMUSDT,SELL,LIMIT,1701937446919,7666,0.1175212
LOOMUSDT,SELL,LIMIT,1701937449205,835,0.1174930
LOOMUSDT,SELL,LIMIT,1701937450280,78425,0.1174591
LOOMUSDT,SELL,LIMIT,1701937451529,34527,0.1173183
LOOMUSDT,SELL,LIMIT,1701937465705,2061,0.1170648
LOOMUSDT,SELL,LIMIT,1701937468689,2749,0.1169562
LOOMUSDT,SELL,LIMIT,1701937566752,1566,0.1168064
LOOMUSDT,SELL,LIMIT,1701937568814,362,0.1167879
LOOMUSDT,SELL,LIMIT,1701938508172,35487,0.1177394
LOOMUSDT,BUY,LIMIT,1701938884477,156,0.1266939
LOOMUSDT,BUY,LIMIT,1701938887076,1657,0.1269294
LOOMUSDT,BUY,LIMIT,1701938915563,2250,0.1271724
LOOMUSDT,BUY,LIMIT,1701939088350,509,0.1277499
LOOMUSDT,SELL,LIMIT,1701939489746,2977,0.1176832
LOOMUSDT,SELL,LIMIT,1701939675339,34968,0.1174024
LOOMUSDT,SELL,LIMIT,1701939760735,1918,0.1171598
LOOMUSDT,BUY,LIMIT,1701940188715,2873,0.1270262
LOOMUSDT,BUY,LIMIT,1701940248993,233,0.1273043
LOOMUSDT,BUY,LIMIT,1701940253218,1710,0.1275547
LOOMUSDT,BUY,LIMIT,1701940255099,820,0.1279713
LOOMUSDT,SELL,LIMIT,1701940567345,28208,0.1189727
LOOMUSDT,SELL,LIMIT,1701941174407,443,0.1204654
LOOMUSDT,SELL,LIMIT,1701941188385,349,0.1210240
LOOMUSDT,SELL,LIMIT,1701941207876,3579,0.1199003
LOOMUSDT,SELL,LIMIT,1701941223860,41,0.1191905
LOOMUSDT,SELL,LIMIT,1701941231324,3000,0.1189892
LOOMUSDT,SELL,LIMIT,1701941237180,1206,0.1187567
LOOMUSDT,SELL,LIMIT,1701941239423,1646,0.1187969
LOOMUSDT,SELL,LIMIT,1701941241388,4141,0.1185723
LOOMUSDT,SELL,LIMIT,1701941248475,93,0.1187928
LOOMUSDT,SELL,LIMIT,1701941364195,12281,0.1178725
LOOMUSDT,BUY,LIMIT,1701941748516,14070,0.1228762
LOOMUSDT,BUY,LIMIT,1701942144931,39431,0.1276462
LOOMUSDT,BUY,LIMIT,1701942153267,8777,0.1277714
LOOMUSDT,SELL,LIMIT,1701943621881,571,0.1177299
LOOMUSDT,SELL,LIMIT,1701943629132,27017,0.1176349
LOOMUSDT,SELL,LIMIT,1701943738301,7667,0.1175660
LOOMUSDT,SELL,LIMIT,1701943752534,4498,0.1173451
LOOMUSDT,SELL,LIMIT,1701943887209,205376,0.1173012
LOOMUSDT,SELL,LIMIT,1701943889102,1629,0.1172918
LOOMUSDT,SELL,LIMIT,1701944078636,2461,0.1172532
LOOMUSDT,SELL,LIMIT,1701944079645,145,0.1171788
LOOMUSDT,SELL,LIMIT,1701944093845,187,0.1170648
LOOMUSDT,SELL,LIMIT,1701944107558,48269,0.1169583
LOOMUSDT,SELL,LIMIT,1701944117282,3105,0.1169429
LOOMUSDT,SELL,LIMIT,1701944204392,200,0.1169322
LOOMUSDT,SELL,LIMIT,1701944207121,1210,0.1167450
LOOMUSDT,SELL,LIMIT,1701944208157,10204,0.1166847
LOOMUSDT,SELL,LIMIT,1701944213072,493,0.1166287
LOOMUSDT,SELL,LIMIT,1701944218804,6091,0.1166080
LOOMUSDT,SELL,LIMIT,1701944222348,1673,0.1166172
LOOMUSDT,SELL,LIMIT,1701944459097,5488,0.1165651
LOOMUSDT,SELL,LIMIT,1701944460346,540,0.1165892
LOOMUSDT,SELL,LIMIT,1701944472166,977,0.1164864
LOOMUSDT,SELL,LIMIT,1701944474532,3196,0.1163966
LOOMUSDT,SELL,LIMIT,1701944476224,1476,0.1163116
LOOMUSDT,SELL,LIMIT,1701944477280,15307,0.1163107
LOOMUSDT,SELL,LIMIT,1701944481579,341,0.1159167
LOOMUSDT,SELL,LIMIT,1701944482662,889,0.1159001
LOOMUSDT,BUY,LIMIT,1701949182316,114,0.1262895
LOOMUSDT,BUY,LIMIT,1701949801675,1426,0.1267199
LOOMUSDT,BUY,LIMIT,1701951245180,7963,0.1256835
LOOMUSDT,BUY,LIMIT,1701952240509,835,0.1271626
LOOMUSDT,BUY,LIMIT,1701952276122,146,0.1274749
LOOMUSDT,BUY,LIMIT,1701952280347,1599,0.1275536
LOOMUSDT,SELL,LIMIT,1701953384553,972,0.1191725
LOOMUSDT,SELL,LIMIT,1701954156114,100,0.1262777
LOOMUSDT,SELL,LIMIT,1701957604531,1092,0.1178724
LOOMUSDT,SELL,LIMIT,1701957962823,249,0.1188994
LOOMUSDT,BUY,LIMIT,1701958339950,257,0.1279392
LOOMUSDT,BUY,LIMIT,1701959192799,3429,0.1285016
LOOMUSDT,BUY,LIMIT,1701959326306,5691,0.1290839
LOOMUSDT,BUY,LIMIT,1701959327543,1084,0.1291133
LOOMUSDT,SELL,LIMIT,1701961663109,5707,0.1197109
LOOMUSDT,SELL,LIMIT,1701964939378,241,0.1189316
LOOMUSDT,BUY,LIMIT,1701965064173,2576,0.1265019
LOOMUSDT,BUY,LIMIT,1701970181295,26960,0.1280101
LOOMUSDT,SELL,LIMIT,1701970353822,20000,0.1203771
LOOMUSDT,SELL,LIMIT,1701974147373,43,0.1198968
LOOMUSDT,SELL,LIMIT,1701974287338,363,0.1193475
LOOMUSDT,SELL,LIMIT,1701976180654,513,0.1242001
LOOMUSDT,SELL,LIMIT,1701977297198,1133,0.1186863
LOOMUSDT,SELL,LIMIT,1701977330973,1070,0.1185913
LOOMUSDT,SELL,LIMIT,1701981493922,79,0.1194541
LOOMUSDT,SELL,LIMIT,1701981574152,2156,0.1184787
LOOMUSDT,SELL,LIMIT,1701981595086,350,0.1184541
LOOMUSDT,SELL,LIMIT,1701981596106,1200,0.1184031
LOOMUSDT,SELL,LIMIT,1701986952388,34,0.1187281
LOOMUSDT,SELL,LIMIT,1701987411230,1607,0.1181976
LOOMUSDT,SELL,LIMIT,1701987562104,21337,0.1180711
LOOMUSDT,SELL,LIMIT,1701989624263,840,0.1185258
LOOMUSDT,BUY,LIMIT,1701993617850,4071,0.1276334
LOOMUSDT,BUY,LIMIT,1701994197396,4023,0.1282679
LOOMUSDT,BUY,LIMIT,1701994199150,14891,0.1287228
LOOMUSDT,BUY,LIMIT,1701994298088,10045,0.1288295
LOOMUSDT,BUY,LIMIT,1701994312126,113,0.1289376
LOOMUSDT,SELL,LIMIT,1701997523473,99,0.1186277
LOOMUSDT,SELL,LIMIT,1702003469154,2063,0.1196981
LOOMUSDT,SELL,LIMIT,1702003653312,420,0.1275501
LOOMUSDT,BUY,LIMIT,1702005325251,41,0.1261666
LOOMUSDT,SELL,LIMIT,1702009302536,101461,0.1193244
LOOMUSDT,SELL,LIMIT,1702018040114,1650,0.1200028
LOOMUSDT,SELL,LIMIT,1702020413281,2095,0.1179949
LOOMUSDT,SELL,LIMIT,1702020475061,306,0.1179325
LOOMUSDT,SELL,LIMIT,1702020476119,944,0.1176051
LOOMUSDT,SELL,LIMIT,1702020477210,404,0.1175636
LOOMUSDT,SELL,LIMIT,1702020530518,114,0.1175641
LOOMUSDT,SELL,LIMIT,1702020541065,7281,0.1174862
LOOMUSDT,SELL,LIMIT,1702020542126,1000,0.1174800
LOOMUSDT,SELL,LIMIT,1702020578048,2629,0.1174418
LOOMUSDT,SELL,LIMIT,1702020579220,1634,0.1174114
LOOMUSDT,SELL,LIMIT,1702020581800,46,0.1174049
LOOMUSDT,SELL,LIMIT,1702020635123,1161,0.1172739
LOOMUSDT,SELL,LIMIT,1702020636401,8518,0.1173498
LOOMUSDT,SELL,LIMIT,1702020642179,811,0.1172197
LOOMUSDT,SELL,LIMIT,1702020643309,40683,0.1172628
LOOMUSDT,SELL,LIMIT,1702020654390,2901,0.1171616
LOOMUSDT,SELL,LIMIT,1702035255002,745,0.1190752
LOOMUSDT,SELL,LIMIT,1702036080602,212944,0.1181531
LOOMUSDT,SELL,LIMIT,1702044969509,78138,0.1180505
LOOMUSDT,SELL,LIMIT,1702045082837,25408,0.1180161
LOOMUSDT,SELL,LIMIT,1702048094263,1079,0.1188645
LOOMUSDT,SELL,LIMIT,1702048850447,246,0.1190453
LOOMUSDT,SELL,LIMIT,1702065484696,187,0.1214167
LOOMUSDT,BUY,LIMIT,1702066763667,43417,0.1275759
LOOMUSDT,BUY,LIMIT,1702068936800,8203,0.1280221
LOOMUSDT,BUY,LIMIT,1702069107501,2486,0.1281257
LOOMUSDT,BUY,LIMIT,1702076892363,214,0.1284834
LOOMUSDT,BUY,LIMIT,1702078502987,48,0.1295740
LOOMUSDT,BUY,LIMIT,1702078540356,15172,0.1297949
LOOMUSDT,BUY,LIMIT,1702080714835,6624,0.1299657
LOOMUSDT,BUY,LIMIT,1702080760753,565,0.1299975
LOOMUSDT,BUY,LIMIT,1702080840416,124,0.1303170
LOOMUSDT,BUY,LIMIT,1702084003432,629,0.1281327
LOOMUSDT,SELL,LIMIT,1702084109274,1480,0.1201547
LOOMUSDT,SELL,LIMIT,1702084111801,2831,0.1201131
LOOMUSDT,SELL,LIMIT,1702084217715,17030,0.1196849
LOOMUSDT,SELL,LIMIT,1702084219390,3084,0.1196049
LOOMUSDT,SELL,LIMIT,1702087357815,435,0.1204741
LOOMUSDT,SELL,LIMIT,1702094568510,166,0.1207131
LOOMUSDT,BUY,LIMIT,1702097915624,194,0.1289897
LOOMUSDT,BUY,LIMIT,1702102060954,850,0.1292650
LOOMUSDT,SELL,LIMIT,1702104842878,8412,0.1218321
LOOMUSDT,SELL,LIMIT,1702106867317,1447,0.1210632
LOOMUSDT,SELL,LIMIT,1702107986953,8798,0.1214362
LOOMUSDT,BUY,LIMIT,1702108474605,1780,0.1291401
LOOMUSDT,BUY,LIMIT,1702109747578,156813,0.1293680
LOOMUSDT,BUY,LIMIT,1702109776976,406,0.1294710
LOOMUSDT,SELL,LIMIT,1702109823666,249,0.1219801
LOOMUSDT,BUY,LIMIT,1702110202223,201,0.1292650
LOOMUSDT,SELL,LIMIT,1702110910123,239,0.1205216
LOOMUSDT,SELL,LIMIT,1702110975116,840,0.1201831
LOOMUSDT,SELL,LIMIT,1702111031424,15891,0.1197416
LOOMUSDT,SELL,LIMIT,1702111032618,59,0.1196654
LOOMUSDT,SELL,LIMIT,1702111034411,311,0.1196097
LOOMUSDT,SELL,LIMIT,1702111035420,124,0.1196262
LOOMUSDT,SELL,LIMIT,1702111037571,457,0.1195562
LOOMUSDT,SELL,LIMIT,1702111040685,13791,0.1193833
LOOMUSDT,SELL,LIMIT,1702111042212,7670,0.1193414
LOOMUSDT,SELL,LIMIT,1702111043542,80,0.1191851
LOOMUSDT,SELL,LIMIT,1702111044724,2171,0.1191975
LOOMUSDT,SELL,LIMIT,1702111045759,7980,0.1191847
LOOMUSDT,SELL,LIMIT,1702111046875,79,0.1190867
LOOMUSDT,SELL,LIMIT,1702111049982,41323,0.1189989
LOOMUSDT,SELL,LIMIT,1702111191072,7879,0.1188954
LOOMUSDT,SELL,LIMIT,1702111197397,65304,0.1188474
LOOMUSDT,SELL,LIMIT,1702111199278,838,0.1188250
LOOMUSDT,SELL,LIMIT,1702111380607,778,0.1184605
LOOMUSDT,SELL,LIMIT,1702111386092,1203,0.1184048
LOOMUSDT,SELL,LIMIT,1702111387866,7745,0.1183735
LOOMUSDT,SELL,LIMIT,1702111389302,798,0.1182554
LOOMUSDT,SELL,LIMIT,1702111390621,2486,0.1182345
LOOMUSDT,SELL,LIMIT,1702112441370,1866,0.1197761
LOOMUSDT,SELL,LIMIT,1702132603696,10000,0.1201283
LOOMUSDT,SELL,LIMIT,1702132997450,824,0.1190191
LOOMUSDT,SELL,LIMIT,1702132999359,1387,0.1191022
LOOMUSDT,SELL,LIMIT,1702133004892,10932,0.1188442
LOOMUSDT,SELL,LIMIT,1702133325963,4024,0.1189858
LOOMUSDT,SELL,LIMIT,1702133362718,3812,0.1188382
