Symbol,Side,Order Type,Time,Quantity,Price
LOOMUSDT,BUY,LIMIT,1701924914736,175,0.1197858
LOOMUSDT,BUY,LIMIT,1701927241805,59,0.1199392
LOOMUSDT,BUY,LIMIT,1701927841659,831,0.1201985
LOOMUSDT,BUY,LIMIT,1701928424455,126,0.1205382
LOOMUSDT,BUY,LIMIT,1701929241066,520,0.1210664
LOOMUSDT,SELL,LIMIT,1701931928070,366,0.1149500
LOOMUSDT,BUY,LIMIT,1701934539227,78417,0.1230365
LOOMUSDT,BUY,LIMIT,1701934548839,4528,0.1231816
LOOMUSDT,BUY,LIMIT,1701934604853,546,0.1237746
LOOMUSDT,BUY,LIMIT,1701934607792,177,0.1238576
LOOMUSDT,BUY,LIMIT,1701934614844,822,0.1239813
LOOMUSDT,BUY,LIMIT,1701934640306,2711,0.1243199
LOOMUSDT,BUY,LIMIT,1701934642732,1172,0.1242963
LOOMUSDT,BUY,LIMIT,1701934655214,13162,0.1245197
LOOMUSDT,BUY,LIMIT,1701934690721,12779,0.1251398
LOOMUSDT,BUY,LIMIT,1701934736424,280,0.1264691
LOOMUSDT,BUY,LIMIT,1701934752075,3007,0.1268849
LOOMUSDT,BUY,LIMIT,1701934775392,108,0.1282821
LOOMUSDT,BUY,LIMIT,1701934779272,346,0.1284791
LOOMUSDT,BUY,LIMIT,1701936592192,1639,0.1282599
LOOMUSDT,BUY,LIMIT,1701936594963,816,0.1285241
LOOMUSDT,BUY,LIMIT,1701936598036,173,0.1286115
LOOMUSDT,BUY,LIMIT,1701936603601,8156,0.1287059
LOOMUSDT,BUY,LIMIT,1701936605866,207,0.1287847
LOOMUSDT,BUY,LIMIT,1701936608456,1710,0.1288218
LOOMUSDT,BUY,LIMIT,1701936622223,1934,0.1290028
LOOMUSDT,BUY,LIMIT,1701936630064,2203,0.1291836
LOOMUSDT,BUY,LIMIT,1701936631888,1293,0.1291995
LOOMUSDT,BUY,LIMIT,1701936637277,2145,0.1294428
LOOMUSDT,BUY,LIMIT,1701936645540,7144,0.1295033
LOOMUSDT,BUY,LIMIT,1701936647459,800,0.1296175
LOOMUSDT,BUY,LIMIT,1701936651731,448,0.1297762
LOOMUSDT,SELL,LIMIT,1701936721455,353,0.1193201
LOOMUSDT,SELL,LIMIT,1701936730821,13684,0.1192502
LOOMUSDT,SELL,LIMIT,1701936752230,5518,0.1186451
LOOMUSDT,SELL,LIMIT,1701936754322,6171,0.1183024
LOOMUSDT,SELL,LIMIT,1701936756556,8662,0.1181542
LOOMUSDT,SELL,LIMIT,1701936765423,1070,0.1180532
LOOMUSDT,SELL,LIMIT,1701936849625,674,0.1179849
LOOMUSDT,SELL,LIMIT,1701936933005,759,0.1177933
LOOMUSDT,SELL,LIMIT,1701937435257,304,0.1176142
LOOMUSDT,SELL,LIMIT,1701937446919,7666,0.1175212
LOOMUSDT,SELL,LIMIT,1701937449205,835,0.1174930
LOOMUSDT,SELL,LIMIT,1701937450280,78425,0.1174591
LOOMUSDT,SELL,LIMIT,1701937451529,34527,0.1173183
LOOMUSDT,SELL,LIMIT,1701937465705,2061,0.1170648
LOOMUSDT,SELL,LIMIT,1701937468689,2749,0.1169562
LOOMUSDT,SELL,LIMIT,1701937566752,1566,0.1168064
LOOMUSDT,SELL,LIMIT,1701937568814,362,0.1167879
LOOMUSDT,SELL,LIMIT,1701938508172,35487,0.1177394
LOOMUSDT,BUY,LIMIT,1701938884477,156,0.1266939
LOOMUSDT,BUY,LIMIT,1701938887076,1657,0.1269294
LOOMUSDT,BUY,LIMIT,1701938915563,2250,0.1271724
LOOMUSDT,BUY,LIMIT,1701939088350,509,0.1277499
LOOMUSDT,SELL,LIMIT,1701939489746,2977,0.1176832
LOOMUSDT,SELL,LIMIT,1701939675339,34968,0.1174024
LOOMUSDT,SELL,LIMIT,1701939760735,1918,0.1171598
LOOMUSDT,BUY,LIMIT,1701940188715,2873,0.1270262
LOOMUSDT,BUY,LIMIT,1701940248993,233,0.1273043
LOOMUSDT,BUY,LIMIT,1701940253218,1710,0.1275547
LOOMUSDT,BUY,LIMIT,1701940255099,820,0.1279713
LOOMUSDT,SELL,LIMIT,1701940567345,28208,0.1189727
LOOMUSDT,SELL,LIMIT,1701941174407,443,0.1204654
LOOMUSDT,SELL,LIMIT,1701941188385,349,0.1210240
LOOMUSDT,SELL,LIMIT,1701941207876,3579,0.1199003
LOOMUSDT,SELL,LIMIT,1701941223860,41,0.1191905
LOOMUSDT,SELL,LIMIT,1701941231324,3000,0.1189892
LOOMUSDT,SELL,LIMIT,1701941237180,1206,0.1187567
LOOMUSDT,SELL,LIMIT,1701941239423,1646,0.1187969
LOOMUSDT,SELL,LIMIT,1701941241388,4141,0.1185723
LOOMUSDT,SELL,LIMIT,1701941248475,93,0.1187928
LOOMUSDT,SELL,LIMIT,1701941364195,12281,0.1178725
LOOMUSDT,BUY,LIMIT,1701941748516,14070,0.1228762
LOOMUSDT,BUY,LIMIT,1701942144931,39431,0.1276462
LOOMUSDT,BUY,LIMIT,1701942153267,8777,0.1277714
LOOMUSDT,SELL,LIMIT,1701943621881,571,0.1177299
LOOMUSDT,SELL,LIMIT,1701943629132,27017,0.1176349
LOOMUSDT,SELL,LIMIT,1701943738301,7667,0.1175660
LOOMUSDT,SELL,LIMIT,1701943752534,4498,0.1173451
LOOMUSDT,SELL,LIMIT,1701943887209,205376,0.1173012
LOOMUSDT,SELL,LIMIT,1701943889102,1629,0.1172918
LOOMUSDT,SELL,LIMIT,1701944078636,2461,0.1172532
LOOMUSDT,SELL,LIMIT,1701944079645,145,0.1171788
LOOMUSDT,SELL,LIMIT,1701944093845,187,0.1170648
LOOMUSDT,SELL,LIMIT,1701944107558,48269,0.1169583
LOOMUSDT,SELL,LIMIT,1701944117282,3105,0.1169429
LOOMUSDT,SELL,LIMIT,1701944204392,200,0.1169322
LOOMUSDT,SELL,LIMIT,1701944207121,1210,0.1167450
LOOMUSDT,SELL,LIMIT,1701944208157,10204,0.1166847
LOOMUSDT,SELL,LIMIT,1701944213072,493,0.1166287
LOOMUSDT,SELL,LIMIT,1701944218804,6091,0.1166080
LOOMUSDT,SELL,LIMIT,1701944222348,1673,0.1166172
LOOMUSDT,SELL,LIMIT,1701944459097,5488,0.1165651
LOOMUSDT,SELL,LIMIT,1701944460346,540,0.1165892
LOOMUSDT,SELL,LIMIT,1701944472166,977,0.1164864
LOOMUSDT,SELL,LIMIT,1701944474532,3196,0.1163966
LOOMUSDT,SELL,LIMIT,1701944476224,1476,0.1163116
LOOMUSDT,SELL,LIMIT,1701944477280,15307,0.1163107
LOOMUSDT,SELL,LIMIT,1701944481579,341,0.1159167
LOOMUSDT,SELL,LIMIT,1701944482662,889,0.1159001
LOOMUSDT,BUY,LIMIT,1701949182316,114,0.1262895
LOOMUSDT,BUY,LIMIT,1701949801675,1426,0.1267199
LOOMUSDT,BUY,LIMIT,1701951245180,7963,0.1256835
LOOMUSDT,BUY,LIMIT,1701952240509,835,0.1271626
LOOMUSDT,BUY,LIMIT,1701952276122,146,0.1274749
LOOMUSDT,BUY,LIMIT,1701952280347,1599,0.1275536
LOOMUSDT,SELL,LIMIT,1701953384553,972,0.1191725
LOOMUSDT,SELL,LIMIT,1701954156114,100,0.1262777
LOOMUSDT,SELL,LIMIT,1701957604531,1092,0.1178724
LOOMUSDT,SELL,LIMIT,1701957962823,249,0.1188994
LOOMUSDT,BUY,LIMIT,1701958339950,257,0.1279392
LOOMUSDT,BUY,LIMIT,1701959192799,3429,0.1285016
LOOMUSDT,BUY,LIMIT,1701959326306,5691,0.1290839
LOOMUSDT,BUY,LIMIT,1701959327543,1084,0.1291133
LOOMUSDT,SELL,LIMIT,1701961663109,5707,0.1197109
LOOMUSDT,SELL,LIMIT,1701964939378,241,0.1189316
LOOMUSDT,BUY,LIMIT,1701965064173,2576,0.1265019
LOOMUSDT,BUY,LIMIT,1701970181295,26960,0.1280101
LOOMUSDT,SELL,LIMIT,1701970353822,20000,0.1203771
LOOMUSDT,SELL,LIMIT,1701974147373,43,0.1198968
LOOMUSDT,SELL,LIMIT,1701974287338,363,0.1193475
LOOMUSDT,SELL,LIMIT,1701976180654,513,0.1242001
LOOMUSDT,SELL,LIMIT,1701977297198,1133,0.1186863
LOOMUSDT,SELL,LIMIT,1701977330973,1070,0.1185913
LOOMUSDT,SELL,LIMIT,1701981493922,79,0.1194541
LOOMUSDT,SELL,LIMIT,1701981574152,2156,0.1184787
LOOMUSDT,SELL,LIMIT,1701981595086,350,0.1184541
LOOMUSDT,SELL,LIMIT,1701981596106,1200,0.1184031
LOOMUSDT,SELL,LIMIT,1701986952388,34,0.1187281
LOOMUSDT,SELL,LIMIT,1701987411230,1607,0.1181976
LOOMUSDT,SELL,LIMIT,1701987562104,21337,0.1180711
LOOMUSDT,SELL,LIMIT,1701989624263,840,0.1185258
LOOMUSDT,BUY,LIMIT,1701993617850,4071,0.1276334
LOOMUSDT,BUY,LIMIT,1701994197396,4023,0.1282679
LOOMUSDT,BUY,LIMIT,1701994199150,14891,0.1287228
LOOMUSDT,BUY,LIMIT,1701994298088,10045,0.1288295
LOOMUSDT,BUY,LIMIT,1701994312126,113,0.1289376
LOOMUSDT,SELL,LIMIT,1701997523473,99,0.1186277
LOOMUSDT,SELL,LIMIT,1702003469154,2063,0.1196981
LOOMUSDT,SELL,LIMIT,1702003653312,420,0.1275501
LOOMUSDT,BUY,LIMIT,1702005325251,41,0.1261666
LOOMUSDT,SELL,LIMIT,1702009302536,101461,0.1193244
LOOMUSDT,SELL,LIMIT,1702018040114,1650,0.1200028
LOOMUSDT,SELL,LIMIT,1702020413281,2095,0.1179949
LOOMUSDT,SELL,LIMIT,1702020475061,306,0.1179325
LOOMUSDT,SELL,LIMIT,1702020476119,944,0.1176051
LOOMUSDT,SELL,LIMIT,1702020477210,404,0.1175636
LOOMUSDT,SELL,LIMIT,1702020530518,114,0.1175641
LOOMUSDT,SELL,LIMIT,1702020541065,7281,0.1174862
LOOMUSDT,SELL,LIMIT,1702020542126,1000,0.1174800
LOOMUSDT,SELL,LIMIT,1702020578048,2629,0.1174418
LOOMUSDT,SELL,LIMIT,1702020579220,1634,0.1174114
LOOMUSDT,SELL,LIMIT,1702020581800,46,0.1174049
LOOMUSDT,SELL,LIMIT,1702020635123,1161,0.1172739
LOOMUSDT,SELL,LIMIT,1702020636401,8518,0.1173498
LOOMUSDT,SELL,LIMIT,1702020642179,811,0.1172197
LOOMUSDT,SELL,LIMIT,1702020643309,40683,0.1172628
LOOMUSDT,SELL,LIMIT,1702020654390,2901,0.1171616
LOOMUSDT,SELL,LIMIT,1702035255002,745,0.1190752
LOOMUSDT,SELL,LIMIT,1702036080602,212944,0.1181531
LOOMUSDT,SELL,LIMIT,1702044969509,78138,0.1180505
LOOMUSDT,SELL,LIMIT,1702045082837,25408,0.1180161
LOOMUSDT,SELL,LIMIT,1702048094263,1079,0.1188645
LOOMUSDT,SELL,LIMIT,1702048850447,246,0.1190453
LOOMUSDT,SELL,LIMIT,1702065484696,187,0.1214167
LOOMUSDT,BUY,LIMIT,1702066763667,43417,0.1275759
LOOMUSDT,BUY,LIMIT,1702068936800,8203,0.1280221
LOOMUSDT,BUY,LIMIT,1702069107501,2486,0.1281257
LOOMUSDT,BUY,LIMIT,1702076892363,214,0.1284834
LOOMUSDT,BUY,LIMIT,1702078502987,48,0.1295740
LOOMUSDT,BUY,LIMIT,1702078540356,15172,0.1297949
LOOMUSDT,BUY,LIMIT,1702080714835,6624,0.1299657
LOOMUSDT,BUY,LIMIT,1702080760753,565,0.1299975
LOOMUSDT,BUY,LIMIT,1702080840416,124,0.1303170
LOOMUSDT,BUY,LIMIT,1702084003432,629,0.1281327
LOOMUSDT,SELL,LIMIT,1702084109274,1480,0.1201547
LOOMUSDT,SELL,LIMIT,1702084111801,2831,0.1201131
LOOMUSDT,SELL,LIMIT,1702084217715,17030,0.1196849
LOOMUSDT,SELL,LIMIT,1702084219390,3084,0.1196049
LOOMUSDT,SELL,LIMIT,1702087357815,435,0.1204741
LOOMUSDT,SELL,LIMIT,1702094568510,166,0.1207131
LOOMUSDT,BUY,LIMIT,1702097915624,194,0.1289897
LOOMUSDT,BUY,LIMIT,1702102060954,850,0.1292650
LOOMUSDT,SELL,LIMIT,1702104842878,8412,0.1218321
LOOMUSDT,SELL,LIMIT,1702106867317,1447,0.1210632
LOOMUSDT,SELL,LIMIT,1702107986953,8798,0.1214362
LOOMUSDT,BUY,LIMIT,1702108474605,1780,0.1291401
LOOMUSDT,BUY,LIMIT,1702109747578,156813,0.1293680
LOOMUSDT,BUY,LIMIT,1702109776976,406,0.1294710
LOOMUSDT,SELL,LIMIT,1702109823666,249,0.1219801
LOOMUSDT,BUY,LIMIT,1702110202223,201,0.1292650
LOOMUSDT,SELL,LIMIT,1702110910123,239,0.1205216
LOOMUSDT,SELL,LIMIT,1702110975116,840,0.1201831
LOOMUSDT,SELL,LIMIT,1702111031424,15891,0.1197416
LOOMUSDT,SELL,LIMIT,1702111032618,59,0.1196654
LOOMUSDT,SELL,LIMIT,1702111034411,311,0.1196097
LOOMUSDT,SELL,LIMIT,1702111035420,124,0.1196262
LOOMUSDT,SELL,LIMIT,1702111037571,457,0.1195562
LOOMUSDT,SELL,LIMIT,1702111040685,13791,0.1193833
LOOMUSDT,SELL,LIMIT,1702111042212,7670,0.1193414
LOOMUSDT,SELL,LIMIT,1702111043542,80,0.1191851
LOOMUSDT,SELL,LIMIT,1702111044724,2171,0.1191975
LOOMUSDT,SELL,LIMIT,1702111045759,7980,0.1191847
LOOMUSDT,SELL,LIMIT,1702111046875,79,0.1190867
LOOMUSDT,SELL,LIMIT,1702111049982,41323,0.1189989
LOOMUSDT,SELL,LIMIT,1702111191072,7879,0.1188954
LOOMUSDT,SELL,LIMIT,1702111197397,65304,0.1188474
LOOMUSDT,SELL,LIMIT,1702111199278,838,0.1188250
LOOMUSDT,SELL,LIMIT,1702111380607,778,0.1184605
LOOMUSDT,SELL,LIMIT,1702111386092,1203,0.1184048
LOOMUSDT,SELL,LIMIT,1702111387866,7745,0.1183735
LOOMUSDT,SELL,LIMIT,1702111389302,798,0.1182554
LOOMUSDT,SELL,LIMIT,1702111390621,2486,0.1182345
LOOMUSDT,SELL,LIMIT,1702112441370,1866,0.1197761
LOOMUSDT,SELL,LIMIT,1702132603696,10000,0.1201283
LOOMUSDT,SELL,LIMIT,1702132997450,824,0.1190191
LOOMUSDT,SELL,LIMIT,1702132999359,1387,0.1191022
LOOMUSDT,SELL,LIMIT,1702133004892,10932,0.1188442
LOOMUSDT,SELL,LIMIT,1702133325963,4024,0.1189858
LOOMUSDT,SELL,LIMIT,1702133362718,3812,0.1188382
LOOMUSDT,SELL,LIMIT,1702138739458,50,0.1199627
LOOMUSDT,SELL,LIMIT,1702138954511,61,0.1197383
LOOMUSDT,SELL,LIMIT,1702139259304,165,0.1192991
LOOMUSDT,SELL,LIMIT,1702141746324,240,0.1191046
LOOMUSDT,SELL,LIMIT,1702141848534,16469,0.1188251
LOOMUSDT,SELL,LIMIT,1702141852321,102,0.1187997
LOOMUSDT,SELL,LIMIT,1702144627145,1334,0.1413743
LOOMUSDT,SELL,LIMIT,1702148538052,821,0.1227191
LOOMUSDT,SELL,LIMIT,1702161327074,2897,0.1200205
LOOMUSDT,SELL,LIMIT,1702164210914,52152,0.1195306
LOOMUSDT,SELL,LIMIT,1702164541252,1473,0.1189221
LOOMUSDT,SELL,LIMIT,1702164549464,1683,0.1189009
LOOMUSDT,SELL,LIMIT,1702164740338,4815,0.1185341
LOOMUSDT,SELL,LIMIT,1702164747056,170,0.1184612
LOOMUSDT,SELL,LIMIT,1702164756096,2354,0.1183665
LOOMUSDT,SELL,LIMIT,1702164757560,15393,0.1183099
LOOMUSDT,SELL,LIMIT,1702164774327,339,0.1182191
LOOMUSDT,SELL,LIMIT,1702164797353,13773,0.1181936
LOOMUSDT,SELL,LIMIT,1702164798419,48,0.1183090
LOOMUSDT,SELL,LIMIT,1702164799643,188,0.1181327
LOOMUSDT,SELL,LIMIT,1702164801328,1742,0.1181063
LOOMUSDT,SELL,LIMIT,1702164802340,250,0.1203109
LOOMUSDT,SELL,LIMIT,1702164803454,87,0.1179894
LOOMUSDT,SELL,LIMIT,1702164805895,1120,0.1177420
LOOMUSDT,SELL,LIMIT,1702164808046,1931,0.1177246
LOOMUSDT,SELL,LIMIT,1702164809137,1052,0.1177079
LOOMUSDT,SELL,LIMIT,1702164810152,1759,0.1176679
LOOMUSDT,SELL,LIMIT,1702164811286,8821,0.1175746
LOOMUSDT,SELL,LIMIT,1702164871092,3174,0.1175203
LOOMUSDT,SELL,LIMIT,1702200770555,779,0.1175525
LOOMUSDT,SELL,LIMIT,1702200794486,5475,0.1174672
LOOMUSDT,SELL,LIMIT,1702200796661,560,0.1174666
LOOMUSDT,SELL,LIMIT,1702200798385,195,0.1173933
LOOMUSDT,SELL,LIMIT,1702200799472,3253,0.1172822
LOOMUSDT,SELL,LIMIT,1702200801259,814,0.1172203
LOOMUSDT,SELL,LIMIT,1702200884630,747,0.1171550
LOOMUSDT,SELL,LIMIT,1702200887302,1431,0.1171081
LOOMUSDT,SELL,LIMIT,1702200890580,107,0.1170878
LOOMUSDT,SELL,LIMIT,1702201468270,38724,0.1170310
LOOMUSDT,SELL,LIMIT,1702201470244,2474,0.1169650
LOOMUSDT,SELL,LIMIT,1702201473412,7594,0.1167777
LOOMUSDT,SELL,LIMIT,1702201480464,7945,0.1167544
LOOMUSDT,SELL,LIMIT,1702201485142,19357,0.1167274
LOOMUSDT,SELL,LIMIT,1702201497137,297,0.1166350
LOOMUSDT,SELL,LIMIT,1702202076145,2774,0.1166430
LOOMUSDT,SELL,LIMIT,1702202160170,7163,0.1165502
LOOMUSDT,SELL,LIMIT,1702202253402,401,0.1165985
LOOMUSDT,SELL,LIMIT,1702202257012,403,0.1165985
LOOMUSDT,SELL,LIMIT,1702202263461,42,0.1163289
LOOMUSDT,SELL,LIMIT,1702202265246,9189,0.1162008
LOOMUSDT,SELL,LIMIT,1702202266281,35358,0.1162374
LOOMUSDT,SELL,LIMIT,1702202269122,60,0.1161168
LOOMUSDT,SELL,LIMIT,1702202290698,859,0.1169000
LOOMUSDT,SELL,LIMIT,1702202298159,350,0.1161132
LOOMUSDT,SELL,LIMIT,1702202300308,1821,0.1160513
LOOMUSDT,SELL,LIMIT,1702202301972,6907,0.1160253
LOOMUSDT,SELL,LIMIT,1702202303181,4202,0.1159879
LOOMUSDT,SELL,LIMIT,1702202305882,21184,0.1159245
LOOMUSDT,SELL,LIMIT,1702202312192,163,0.1162825
LOOMUSDT,SELL,LIMIT,1702202320212,81,0.1159681
LOOMUSDT,SELL,LIMIT,1702202323568,326,0.1158887
LOOMUSDT,SELL,LIMIT,1702202356406,4292,0.1157678
LOOMUSDT,SELL,LIMIT,1702202357536,2784,0.1157330
LOOMUSDT,SELL,LIMIT,1702202363193,4059,0.1156913
LOOMUSDT,SELL,LIMIT,1702202368108,379,0.1156952
LOOMUSDT,SELL,LIMIT,1702202370076,545,0.1156649
LOOMUSDT,SELL,LIMIT,1702202374322,1221,0.1156307
LOOMUSDT,SELL,LIMIT,1702202379361,865,0.1156376
LOOMUSDT,SELL,LIMIT,1702202380363,44,0.1156273
LOOMUSDT,SELL,LIMIT,1702202382303,41686,0.1155785
LOOMUSDT,SELL,LIMIT,1702202389257,817,0.1155749
LOOMUSDT,SELL,LIMIT,1702202400126,93,0.1155269
LOOMUSDT,SELL,LIMIT,1702202409188,473,0.1155161
LOOMUSDT,SELL,LIMIT,1702232340407,3119,0.1177581
LOOMUSDT,SELL,LIMIT,1702240919399,472193,0.1175289
LOOMUSDT,SELL,LIMIT,1702250720324,227,0.1180143
LOOMUSDT,SELL,LIMIT,1702250762063,141132,0.1178783
LOOMUSDT,SELL,LIMIT,1702255587724,231,0.1166618
LOOMUSDT,SELL,LIMIT,1702255604363,35335,0.1165330
LOOMUSDT,SELL,LIMIT,1702256351322,7389,0.1164776
LOOMUSDT,SELL,LIMIT,1702256438845,2046,0.1164125
LOOMUSDT,SELL,LIMIT,1702256440668,80086,0.1163152
LOOMUSDT,SELL,LIMIT,1702256504193,17346,0.1161054
LOOMUSDT,SELL,LIMIT,1702256559274,122,0.1160293
LOOMUSDT,SELL,LIMIT,1702256566283,10187,0.1159743
LOOMUSDT,SELL,LIMIT,1702256594084,2558,0.1161093
LOOMUSDT,SELL,LIMIT,1702256614127,1071,0.1156869
LOOMUSDT,SELL,LIMIT,1702256721943,122524,0.1156396
LOOMUSDT,SELL,LIMIT,1702256905135,1042,0.1154481
LOOMUSDT,SELL,LIMIT,1702256909614,32934,0.1154041
LOOMUSDT,SELL,LIMIT,1702256915898,500,0.1153153
LOOMUSDT,SELL,LIMIT,1702256917211,3300,0.1152345
LOOMUSDT,SELL,LIMIT,1702256918285,117,0.1152104
LOOMUSDT,SELL,LIMIT,1702256921195,92,0.1151721
LOOMUSDT,SELL,LIMIT,1702256922430,3786,0.1151277
LOOMUSDT,SELL,LIMIT,1702256957128,5787,0.1149577
LOOMUSDT,SELL,LIMIT,1702256959480,59241,0.1148850
LOOMUSDT,SELL,LIMIT,1702256963469,2807,0.1147592
LOOMUSDT,SELL,LIMIT,1702256973305,2963,0.1147302
LOOMUSDT,SELL,LIMIT,1702256978098,395,0.1146810
LOOMUSDT,SELL,LIMIT,1702256979268,12360,0.1146687
LOOMUSDT,SELL,LIMIT,1702256987526,8298,0.1146151
LOOMUSDT,SELL,LIMIT,1702256996616,16018,0.1145512
LOOMUSDT,SELL,LIMIT,1702257009135,811,0.1145131
LOOMUSDT,SELL,LIMIT,1702260284057,110,0.1153714
LOOMUSDT,SELL,LIMIT,1702260430433,17823,0.1147511
LOOMUSDT,SELL,LIMIT,1702260431575,3937,0.1147511
LOOMUSDT,SELL,LIMIT,1702260441098,1699,0.1144859
LOOMUSDT,SELL,LIMIT,1702260443968,22462,0.1144781
LOOMUSDT,SELL,LIMIT,1702260451401,19112,0.1144460
LOOMUSDT,SELL,LIMIT,1702260466605,3299,0.1143808
LOOMUSDT,SELL,LIMIT,1702260468185,2583,0.1143300
LOOMUSDT,SELL,LIMIT,1702260620240,1187,0.1141691
LOOMUSDT,SELL,LIMIT,1702260622058,203426,0.1140925
LOOMUSDT,SELL,LIMIT,1702260623270,16820,0.1139751
LOOMUSDT,SELL,LIMIT,1702260624317,5346,0.1139241
LOOMUSDT,SELL,LIMIT,1702260625352,116,0.1137952
LOOMUSDT,SELL,LIMIT,1702260626374,14520,0.1135534
LOOMUSDT,SELL,LIMIT,1702260628621,1031,0.1135086
LOOMUSDT,BUY,LIMIT,1702260631690,810,0.1204078
LOOMUSDT,SELL,LIMIT,1702260633223,11567,0.1133579
LOOMUSDT,SELL,LIMIT,1702260634528,7123,0.1133449
LOOMUSDT,SELL,LIMIT,1702260635558,11683,0.1132813
LOOMUSDT,SELL,LIMIT,1702260637586,409,0.1131688
LOOMUSDT,SELL,LIMIT,1702260677137,32204,0.1131429
LOOMUSDT,SELL,LIMIT,1702260688668,8749,0.1130954
LOOMUSDT,SELL,LIMIT,1702260690195,1640,0.1130051
LOOMUSDT,SELL,LIMIT,1702260693456,216,0.1129673
LOOMUSDT,SELL,LIMIT,1702260695294,1190,0.1129467
LOOMUSDT,SELL,LIMIT,1702260696299,9787,0.1129531
LOOMUSDT,SELL,LIMIT,1702260697924,251,0.1128839
LOOMUSDT,SELL,LIMIT,1702260699262,4108,0.1128129
LOOMUSDT,SELL,LIMIT,1702260700610,2502,0.1128111
LOOMUSDT,SELL,LIMIT,1702260705146,8412,0.1129081
LOOMUSDT,SELL,LIMIT,1702260708396,16420,0.1127141
LOOMUSDT,SELL,LIMIT,1702260709506,320,0.1126417
LOOMUSDT,SELL,LIMIT,1702260712677,515,0.1140226
LOOMUSDT,SELL,LIMIT,1702260713856,8389,0.1126018
LOOMUSDT,SELL,LIMIT,1702260714894,59,0.1125201
LOOMUSDT,SELL,LIMIT,1702260716972,1000,0.1124912
LOOMUSDT,SELL,LIMIT,1702260718129,813,0.1124410
LOOMUSDT,SELL,LIMIT,1702260719230,1000,0.1122487
LOOMUSDT,SELL,LIMIT,1702260720356,134,0.1121556
LOOMUSDT,SELL,LIMIT,1702260721367,495,0.1107808
LOOMUSDT,SELL,LIMIT,1702260722391,628,0.1103729
LOOMUSDT,SELL,LIMIT,1702260724098,251042,0.1099784
LOOMUSDT,SELL,LIMIT,1702260725106,507,0.1101041
LOOMUSDT,SELL,LIMIT,1702260726470,3848,0.1096696
LOOMUSDT,SELL,LIMIT,1702260727431,3658,0.1095642
LOOMUSDT,SELL,LIMIT,1702260728632,76193,0.1097806
LOOMUSDT,SELL,LIMIT,1702260729781,17405,0.1095409
LOOMUSDT,SELL,LIMIT,1702260730850,10070,0.1098202
LOOMUSDT,SELL,LIMIT,1702260732041,773,0.1098202
LOOMUSDT,SELL,LIMIT,1702260733603,404,0.1101344
LOOMUSDT,SELL,LIMIT,1702260734903,813,0.1098933
LOOMUSDT,SELL,LIMIT,1702260735925,1050,0.1101967
LOOMUSDT,SELL,LIMIT,1702260738969,204415,0.1102013
LOOMUSDT,SELL,LIMIT,1702260740461,22636,0.1102186
LOOMUSDT,SELL,LIMIT,1702260741579,41792,0.1101865
LOOMUSDT,SELL,LIMIT,1702260742838,756,0.1104552
LOOMUSDT,SELL,LIMIT,1702260745019,165,0.1100352
LOOMUSDT,SELL,LIMIT,1702260746068,13467,0.1100951
LOOMUSDT,SELL,LIMIT,1702260748502,1621,0.1099777
LOOMUSDT,SELL,LIMIT,1702260749757,1636,0.1098376
LOOMUSDT,SELL,LIMIT,1702260750821,2701,0.1098376
LOOMUSDT,SELL,LIMIT,1702260751893,10207,0.1100328
LOOMUSDT,SELL,LIMIT,1702260752968,1621,0.1096237
LOOMUSDT,SELL,LIMIT,1702260754240,26,0.1095564
LOOMUSDT,SELL,LIMIT,1702260755646,24880,0.1092094
LOOMUSDT,SELL,LIMIT,1702260756775,95803,0.1090379
LOOMUSDT,SELL,LIMIT,1702260757962,32494,0.1093869
LOOMUSDT,SELL,LIMIT,1702260759001,545,0.1092411
LOOMUSDT,SELL,LIMIT,1702260760105,42459,0.1090154
LOOMUSDT,SELL,LIMIT,1702260761119,215,0.1087122
LOOMUSDT,SELL,LIMIT,1702260762167,720,0.1085050
LOOMUSDT,SELL,LIMIT,1702260763171,1643,0.1089134
LOOMUSDT,SELL,LIMIT,1702260764220,5172,0.1089134
LOOMUSDT,SELL,LIMIT,1702260765272,5300,0.1085443
LOOMUSDT,SELL,LIMIT,1702260766483,3474,0.1084527
LOOMUSDT,SELL,LIMIT,1702260767555,36709,0.1096579
LOOMUSDT,SELL,LIMIT,1702260768609,7645,0.1085514
LOOMUSDT,SELL,LIMIT,1702260769592,12737,0.1085366
LOOMUSDT,SELL,LIMIT,1702260770708,4824,0.1084771
LOOMUSDT,SELL,LIMIT,1702260771819,82,0.1078327
LOOMUSDT,SELL,LIMIT,1702260772814,1970,0.1077964
LOOMUSDT,SELL,LIMIT,1702260774093,63,0.1077944
LOOMUSDT,SELL,LIMIT,1702260775178,5477,0.1071990
LOOMUSDT,SELL,LIMIT,1702260776328,14141,0.1074214
LOOMUSDT,SELL,LIMIT,1702260778028,556,0.1072037
LOOMUSDT,SELL,LIMIT,1702260779087,8700,0.1067043
LOOMUSDT,SELL,LIMIT,1702260780424,50994,0.1105404
LOOMUSDT,SELL,LIMIT,1702260781477,773,0.1772886
LOOMUSDT,SELL,LIMIT,1702260782536,16154,0.1066870
LOOMUSDT,SELL,LIMIT,1702260783585,826,0.1066805
LOOMUSDT,SELL,LIMIT,1702260784664,284127,0.1057950
LOOMUSDT,SELL,LIMIT,1702260785668,134,0.1061151
LOOMUSDT,SELL,LIMIT,1702260786823,41757,0.1079262
LOOMUSDT,SELL,LIMIT,1702260788470,4125,0.1058021
LOOMUSDT,SELL,LIMIT,1702260789501,381085,0.1050035
LOOMUSDT,SELL,LIMIT,1702260790526,806,0.1055718
LOOMUSDT,SELL,LIMIT,1702260791542,4771,0.1050732
LOOMUSDT,SELL,LIMIT,1702260792548,85,0.1053205
LOOMUSDT,SELL,LIMIT,1702260793589,1603,0.1049841
LOOMUSDT,SELL,LIMIT,1702260794734,29111,0.1048096
LOOMUSDT,SELL,LIMIT,1702260795968,4385,0.1052156
LOOMUSDT,SELL,LIMIT,1702260797288,158,0.1043630
LOOMUSDT,SELL,LIMIT,1702260798437,357,0.1043630
LOOMUSDT,SELL,LIMIT,1702260799439,1381,0.1042886
LOOMUSDT,SELL,LIMIT,1702260800477,832,0.1034711
LOOMUSDT,SELL,LIMIT,1702260801503,101,0.1039345
LOOMUSDT,SELL,LIMIT,1702260802679,11843,0.1038787
LOOMUSDT,SELL,LIMIT,1702260803687,1016,0.1029971
LOOMUSDT,SELL,LIMIT,1702260804763,37364,0.1024119
LOOMUSDT,SELL,LIMIT,1702260805817,37744,0.1025793
LOOMUSDT,SELL,LIMIT,1702260806876,103,0.1018624
LOOMUSDT,SELL,LIMIT,1702260807904,42,0.1012097
LOOMUSDT,SELL,LIMIT,1702260809517,2581,0.1011090
LOOMUSDT,SELL,LIMIT,1702260810711,2021,0.1011819
LOOMUSDT,SELL,LIMIT,1702260811760,283,0.1011309
LOOMUSDT,SELL,LIMIT,1702260813466,12000,0.1026402
LOOMUSDT,SELL,LIMIT,1702260814490,1082,0.0996872
LOOMUSDT,SELL,LIMIT,1702260815536,54,0.0997615
LOOMUSDT,SELL,LIMIT,1702260816541,7111,0.0992756
LOOMUSDT,SELL,LIMIT,1702260817547,3001,0.0995082
LOOMUSDT,SELL,LIMIT,1702260818556,54,0.0982959
LOOMUSDT,SELL,LIMIT,1702260819592,730,0.0984404
LOOMUSDT,SELL,LIMIT,1702260820773,10000,0.0981450
LOOMUSDT,SELL,LIMIT,1702260822080,65,0.0975593
LOOMUSDT,SELL,LIMIT,1702260823107,12000,0.0969219
LOOMUSDT,SELL,LIMIT,1702260826075,8427,0.0968389
LOOMUSDT,SELL,LIMIT,1702260827268,24440,0.0965183
LOOMUSDT,SELL,LIMIT,1702260828458,32000,0.0967132
LOOMUSDT,SELL,LIMIT,1702260831038,6180,0.0972545
LOOMUSDT,BUY,LIMIT,1702260861356,86,0.1092323
LOOMUSDT,SELL,LIMIT,1702262615563,1067,0.1070740
LOOMUSDT,SELL,LIMIT,1702267223294,852,0.1093798
