Symbol,Side,Order Type,Time,Quantity,Price
LPTUSDT,SELL,LIMIT,1701069635703,371.1,6.136
LPTUSDT,SELL,LIMIT,1701069812780,12.4,6.122
LPTUSDT,SELL,LIMIT,1701069852612,3.6,6.124
LPTUSDT,SELL,LIMIT,1701069882086,24.8,6.111
LPTUSDT,SELL,LIMIT,1701069885244,4.2,6.108
LPTUSDT,SELL,LIMIT,1701069886344,304.8,6.104
LPTUSDT,SELL,LIMIT,1701069915491,744.2,6.099
LPTUSDT,SELL,LIMIT,1701074880237,237.9,6.157
LPTUSDT,BUY,LIMIT,1701075672696,61.8,6.376
LPTUSDT,SELL,LIMIT,1701081447899,140.3,6.158
LPTUSDT,SELL,LIMIT,1701082696926,7.4,6.145
LPTUSDT,SELL,LIMIT,1701082698526,28.0,6.145
LPTUSDT,SELL,LIMIT,1701087871165,598.6,6.137
LPTUSDT,SELL,LIMIT,1701088581637,89.1,6.118
LPTUSDT,SELL,LIMIT,1701091162550,1.4,6.099
LPTUSDT,SELL,LIMIT,1701093075232,3.1,6.083
LPTUSDT,SELL,LIMIT,1701093080526,372.4,6.080
LPTUSDT,SELL,LIMIT,1701093138186,19.5,6.075
LPTUSDT,SELL,LIMIT,1701095614074,110.7,6.069
LPTUSDT,SELL,LIMIT,1701097015210,36.6,6.044
LPTUSDT,SELL,LIMIT,1701097016389,15.3,6.049
LPTUSDT,SELL,LIMIT,1701097039387,31.5,6.035
LPTUSDT,SELL,LIMIT,1701097042368,29.8,6.032
LPTUSDT,SELL,LIMIT,1701097052319,4.7,6.022
LPTUSDT,SELL,LIMIT,1701097061099,92.5,6.021
LPTUSDT,SELL,LIMIT,1701097094980,63.2,6.015
LPTUSDT,SELL,LIMIT,1701097099732,11.3,6.013
LPTUSDT,SELL,LIMIT,1701097103971,1.5,6.007
LPTUSDT,SELL,LIMIT,1701097161270,105.0,6.006
LPTUSDT,BUY,LIMIT,1701097349920,501.9,6.228
LPTUSDT,SELL,LIMIT,1701097777172,105.3,6.079
LPTUSDT,SELL,LIMIT,1701100618166,32.5,6.022
LPTUSDT,SELL,LIMIT,1701100719439,6.0,6.077
LPTUSDT,SELL,LIMIT,1701104403032,31.9,6.142
LPTUSDT,SELL,LIMIT,1701111165294,150.6,6.079
LPTUSDT,SELL,LIMIT,1701114455190,557.4,6.009
LPTUSDT,SELL,LIMIT,1701114463266,18.0,6.020
LPTUSDT,SELL,LIMIT,1701114470140,957.4,5.987
LPTUSDT,SELL,LIMIT,1701114471165,39.8,5.994
LPTUSDT,SELL,LIMIT,1701114473736,53.2,6.001
LPTUSDT,SELL,LIMIT,1701114476683,40.2,5.993
LPTUSDT,SELL,LIMIT,1701114496879,0.8,5.991
LPTUSDT,SELL,LIMIT,1701114533389,0.9,5.984
LPTUSDT,SELL,LIMIT,1701116832539,366.1,6.020
LPTUSDT,BUY,LIMIT,1701121030161,13.0,6.292
LPTUSDT,SELL,LIMIT,1701147879202,2.6,6.061
LPTUSDT,SELL,LIMIT,1701149845729,1000.0,5.991
LPTUSDT,SELL,LIMIT,1701149868128,122.4,5.999
LPTUSDT,SELL,LIMIT,1701149879706,2140.0,5.954
LPTUSDT,SELL,LIMIT,1701151263534,125.0,5.993
LPTUSDT,SELL,LIMIT,1701156451716,14.3,6.023
LPTUSDT,BUY,LIMIT,1701166633549,3.0,6.309
LPTUSDT,SELL,LIMIT,1701173735123,32.0,6.135
LPTUSDT,SELL,LIMIT,1701176733137,7.7,6.107
LPTUSDT,BUY,LIMIT,1701190968551,7.9,6.408
LPTUSDT,BUY,LIMIT,1701197320276,7.8,6.503
LPTUSDT,SELL,LIMIT,1701202083088,129.0,6.254
LPTUSDT,SELL,LIMIT,1701211873038,24.9,6.204
LPTUSDT,SELL,LIMIT,1701211896182,37.0,6.232
LPTUSDT,SELL,LIMIT,1701211899166,318.0,6.198
LPTUSDT,SELL,LIMIT,1701216966721,49.0,6.182
LPTUSDT,SELL,LIMIT,1701216995379,194.1,6.179
LPTUSDT,SELL,LIMIT,1701236104380,500.0,6.176
LPTUSDT,SELL,LIMIT,1701239347142,1.3,6.185
LPTUSDT,SELL,LIMIT,1701243969335,17.4,6.216
LPTUSDT,SELL,LIMIT,1701250253275,102.2,6.235
LPTUSDT,SELL,LIMIT,1701254360177,15.7,6.165
LPTUSDT,SELL,LIMIT,1701254411332,31.4,6.163
