Symbol,Side,Order Type,Time,Quantity,Price
LPTUSDT,BUY,LIMIT,1701922056084,14.0,6.708
LPTUSDT,BUY,LIMIT,1701924268359,6.5,6.789
LPTUSDT,SELL,LIMIT,1701940021631,45.4,6.509
LPTUSDT,SELL,LIMIT,1701941184085,15.8,6.423
LPTUSDT,SELL,LIMIT,1701946474407,230.5,6.524
LPTUSDT,BUY,LIMIT,1701953976590,0.1,6.787
LPTUSDT,BUY,LIMIT,1701965246413,33.1,6.999
LPTUSDT,SELL,LIMIT,1701965349383,7.9,6.812
LPTUSDT,BUY,LIMIT,1701971753363,79.4,7.023
LPTUSDT,BUY,LIMIT,1701984527763,72.4,6.990
LPTUSDT,BUY,LIMIT,1701996751212,19.1,6.972
LPTUSDT,BUY,LIMIT,1702007154541,4.1,7.001
LPTUSDT,SELL,LIMIT,1702011356092,4.2,6.675
LPTUSDT,SELL,LIMIT,1702020652637,29.2,6.660
LPTUSDT,SELL,LIMIT,1702042296271,4.3,6.714
LPTUSDT,SELL,LIMIT,1702042535040,9.3,6.748
LPTUSDT,SELL,LIMIT,1702045069160,139.0,6.734
LPTUSDT,BUY,LIMIT,1702055213115,3.7,7.032
LPTUSDT,BUY,LIMIT,1702061810222,11.3,7.083
LPTUSDT,SELL,LIMIT,1702063731546,98.6,6.884
LPTUSDT,SELL,LIMIT,1702063956238,35.6,6.878
LPTUSDT,BUY,LIMIT,1702067170331,800.3,7.138
LPTUSDT,BUY,LIMIT,1702080267308,15.9,7.139
LPTUSDT,BUY,LIMIT,1702080307527,8.9,7.144
LPTUSDT,BUY,LIMIT,1702082084464,8.9,7.188
LPTUSDT,BUY,LIMIT,1702082671360,13.3,7.178
LPTUSDT,SELL,LIMIT,1702084107308,137.0,6.880
LPTUSDT,BUY,LIMIT,1702094646353,11.8,7.249
LPTUSDT,BUY,LIMIT,1702094647356,1.8,7.254
LPTUSDT,SELL,LIMIT,1702100377403,2.0,7.028
LPTUSDT,BUY,LIMIT,1702104858567,2.9,7.306
LPTUSDT,SELL,LIMIT,1702106619294,1.5,7.034
LPTUSDT,BUY,LIMIT,1702107972321,7.0,7.264
LPTUSDT,BUY,LIMIT,1702109244833,30.8,7.283
LPTUSDT,BUY,LIMIT,1702109354993,2.2,7.290
LPTUSDT,SELL,LIMIT,1702111045076,84.8,6.901
LPTUSDT,SELL,LIMIT,1702111046650,5.2,6.892
LPTUSDT,SELL,LIMIT,1702111378801,730.4,6.872
LPTUSDT,SELL,LIMIT,1702118370198,216.8,6.961
LPTUSDT,BUY,LIMIT,1702120051208,533.6,7.160
LPTUSDT,SELL,LIMIT,1702120960617,100.0,6.894
LPTUSDT,SELL,LIMIT,1702122368363,41.3,6.857
LPTUSDT,SELL,LIMIT,1702128692342,189.4,6.919
LPTUSDT,SELL,LIMIT,1702132987820,217.5,6.896
LPTUSDT,SELL,LIMIT,1702132988879,70.3,6.886
LPTUSDT,SELL,LIMIT,1702133005986,69.5,6.851
LPTUSDT,SELL,LIMIT,1702138722596,3.3,6.897
LPTUSDT,SELL,LIMIT,1702138953714,403.8,6.972
LPTUSDT,SELL,LIMIT,1702139251124,114.8,6.813
LPTUSDT,SELL,LIMIT,1702139309310,17.9,6.800
LPTUSDT,SELL,LIMIT,1702141645528,3.0,6.794
LPTUSDT,SELL,LIMIT,1702141662632,90.8,6.783
LPTUSDT,SELL,LIMIT,1702141852422,71.5,6.756
LPTUSDT,SELL,LIMIT,1702144761501,4.3,6.771
LPTUSDT,SELL,LIMIT,1702153865269,708.5,6.726
LPTUSDT,SELL,LIMIT,1702153912337,82.2,6.713
LPTUSDT,SELL,LIMIT,1702162111725,713.9,6.730
LPTUSDT,SELL,LIMIT,1702162541556,374.9,6.707
LPTUSDT,SELL,LIMIT,1702164163923,584.9,6.694
LPTUSDT,SELL,LIMIT,1702164192052,39.1,6.689
LPTUSDT,SELL,LIMIT,1702164244210,12.2,6.678
LPTUSDT,SELL,LIMIT,1702164294378,83.4,6.673
LPTUSDT,SELL,LIMIT,1702164451295,142.8,6.663
LPTUSDT,SELL,LIMIT,1702164515326,81.2,6.656
LPTUSDT,SELL,LIMIT,1702164536645,1000.4,6.635
LPTUSDT,SELL,LIMIT,1702164539666,710.0,6.640
LPTUSDT,SELL,LIMIT,1702164543435,7.5,6.645
LPTUSDT,SELL,LIMIT,1702164547791,730.8,6.638
LPTUSDT,SELL,LIMIT,1702164548916,419.5,6.631
LPTUSDT,SELL,LIMIT,1702164554033,663.1,6.616
LPTUSDT,SELL,LIMIT,1702164748714,7.4,6.609
LPTUSDT,SELL,LIMIT,1702164758557,2.8,6.603
LPTUSDT,SELL,LIMIT,1702164799953,7.9,6.599
LPTUSDT,SELL,LIMIT,1702164800987,14.1,6.590
LPTUSDT,SELL,LIMIT,1702164803952,0.7,6.578
LPTUSDT,SELL,LIMIT,1702164807474,108.0,6.578
LPTUSDT,SELL,LIMIT,1702164809459,390.3,6.577
LPTUSDT,SELL,LIMIT,1702164811421,154.7,6.555
LPTUSDT,SELL,LIMIT,1702164813689,194.1,6.567
LPTUSDT,BUY,LIMIT,1702169676166,5.7,7.020
LPTUSDT,SELL,LIMIT,1702192816111,57.9,6.728
LPTUSDT,SELL,LIMIT,1702196804799,179.1,6.696
LPTUSDT,SELL,LIMIT,1702200933817,56.9,6.626
LPTUSDT,SELL,LIMIT,1702201446946,52.2,6.629
LPTUSDT,SELL,LIMIT,1702202056436,50.2,6.616
LPTUSDT,SELL,LIMIT,1702202157133,7.0,6.607
LPTUSDT,SELL,LIMIT,1702202294144,11.9,6.569
LPTUSDT,SELL,LIMIT,1702202318310,25.3,6.571
LPTUSDT,SELL,LIMIT,1702202373428,86.9,6.559
LPTUSDT,SELL,LIMIT,1702202377968,14.3,6.557
LPTUSDT,SELL,LIMIT,1702202380362,1.4,6.554
LPTUSDT,SELL,LIMIT,1702202390453,5.9,6.547
LPTUSDT,SELL,LIMIT,1702202391555,697.3,6.541
LPTUSDT,SELL,LIMIT,1702202407238,12.3,6.538
LPTUSDT,BUY,LIMIT,1702209795502,117.4,6.835
LPTUSDT,SELL,LIMIT,1702224709500,6.9,6.697
LPTUSDT,SELL,LIMIT,1702250308418,718.9,6.743
LPTUSDT,SELL,LIMIT,1702256910333,442.1,6.666
LPTUSDT,SELL,LIMIT,1702256914694,152.3,6.665
LPTUSDT,SELL,LIMIT,1702256920952,4.5,6.655
LPTUSDT,SELL,LIMIT,1702260430629,104.0,6.664
LPTUSDT,SELL,LIMIT,1702260437655,2234.6,6.594
LPTUSDT,SELL,LIMIT,1702260439430,14.9,6.722
LPTUSDT,SELL,LIMIT,1702260628487,8.3,6.610
LPTUSDT,SELL,LIMIT,1702260630231,125.5,6.606
LPTUSDT,BUY,LIMIT,1702260631690,14.3,6.811
LPTUSDT,SELL,LIMIT,1702260637575,32.5,6.583
LPTUSDT,SELL,LIMIT,1702260675519,72.9,6.565
LPTUSDT,SELL,LIMIT,1702260694610,119.5,6.564
LPTUSDT,SELL,LIMIT,1702260697245,2.6,6.551
LPTUSDT,SELL,LIMIT,1702260698301,17.1,6.551
LPTUSDT,SELL,LIMIT,1702260699843,514.5,6.543
LPTUSDT,SELL,LIMIT,1702260706559,14.8,6.534
LPTUSDT,SELL,LIMIT,1702260708172,5.8,6.526
LPTUSDT,SELL,LIMIT,1702260710289,0.9,6.526
LPTUSDT,SELL,LIMIT,1702260711571,13.9,6.526
LPTUSDT,SELL,LIMIT,1702260713215,726.9,6.525
LPTUSDT,SELL,LIMIT,1702260714340,150.1,6.510
LPTUSDT,SELL,LIMIT,1702260715437,28.2,6.503
LPTUSDT,SELL,LIMIT,1702260717876,3100.0,6.440
LPTUSDT,SELL,LIMIT,1702260719003,236.2,6.476
LPTUSDT,SELL,LIMIT,1702260720427,29.4,6.474
LPTUSDT,SELL,LIMIT,1702260721536,140.8,6.461
LPTUSDT,SELL,LIMIT,1702260722594,4.4,6.461
LPTUSDT,SELL,LIMIT,1702260724635,62.1,6.432
LPTUSDT,SELL,LIMIT,1702260730506,14.6,6.409
LPTUSDT,SELL,LIMIT,1702260733018,72.6,6.406
LPTUSDT,SELL,LIMIT,1702260735575,10.7,6.390
LPTUSDT,SELL,LIMIT,1702260736617,0.7,6.408
LPTUSDT,SELL,LIMIT,1702260737680,144.1,6.376
LPTUSDT,SELL,LIMIT,1702260738840,29.5,6.382
LPTUSDT,SELL,LIMIT,1702260739925,57.5,6.374
LPTUSDT,SELL,LIMIT,1702260742175,2.5,6.347
LPTUSDT,SELL,LIMIT,1702260743435,3.1,6.323
LPTUSDT,SELL,LIMIT,1702260744598,7.7,6.332
LPTUSDT,SELL,LIMIT,1702260745721,31.3,6.320
LPTUSDT,SELL,LIMIT,1702260747510,7.2,6.280
LPTUSDT,SELL,LIMIT,1702260748568,66.0,6.267
LPTUSDT,SELL,LIMIT,1702260750018,1.5,6.282
LPTUSDT,SELL,LIMIT,1702260751503,342.2,6.280
LPTUSDT,SELL,LIMIT,1702260752600,73.5,6.241
LPTUSDT,SELL,LIMIT,1702260753692,45.5,6.254
LPTUSDT,SELL,LIMIT,1702260755070,250.0,6.212
LPTUSDT,SELL,LIMIT,1702260757438,64.9,6.209
LPTUSDT,SELL,LIMIT,1702260758551,29.8,6.211
LPTUSDT,SELL,LIMIT,1702260759699,66.0,6.174
LPTUSDT,SELL,LIMIT,1702260760699,106.5,6.155
LPTUSDT,SELL,LIMIT,1702260761930,23.2,6.148
LPTUSDT,SELL,LIMIT,1702260763033,1.5,6.155
LPTUSDT,SELL,LIMIT,1702260764754,1.5,6.156
LPTUSDT,SELL,LIMIT,1702260765835,2281.4,6.085
LPTUSDT,SELL,LIMIT,1702260766946,1.5,6.118
LPTUSDT,SELL,LIMIT,1702260768031,45.8,6.095
LPTUSDT,SELL,LIMIT,1702260769116,49.0,6.095
LPTUSDT,SELL,LIMIT,1702260770109,23.8,6.102
LPTUSDT,SELL,LIMIT,1702260771532,25.0,6.080
LPTUSDT,SELL,LIMIT,1702260772601,594.9,6.080
LPTUSDT,SELL,LIMIT,1702260774020,458.8,6.041
LPTUSDT,SELL,LIMIT,1702260775049,47.7,6.052
LPTUSDT,SELL,LIMIT,1702260776174,361.6,6.045
LPTUSDT,SELL,LIMIT,1702260777320,130.5,6.060
LPTUSDT,SELL,LIMIT,1702260778329,1.5,6.045
LPTUSDT,SELL,LIMIT,1702260779603,123.6,6.053
LPTUSDT,SELL,LIMIT,1702260781357,1.0,7.145
LPTUSDT,SELL,LIMIT,1702260782541,12.7,6.045
LPTUSDT,SELL,LIMIT,1702260783750,19.7,6.044
LPTUSDT,SELL,LIMIT,1702260784816,1.5,6.044
LPTUSDT,SELL,LIMIT,1702260786175,45.3,6.044
LPTUSDT,SELL,LIMIT,1702260787405,130.0,6.049
LPTUSDT,SELL,LIMIT,1702260789170,1483.0,6.482
LPTUSDT,SELL,LIMIT,1702260790466,24.8,6.056
LPTUSDT,SELL,LIMIT,1702260791498,884.6,6.034
LPTUSDT,SELL,LIMIT,1702260792828,580.0,6.054
LPTUSDT,SELL,LIMIT,1702260793844,10.4,6.034
LPTUSDT,SELL,LIMIT,1702260795296,0.8,6.025
LPTUSDT,SELL,LIMIT,1702260796405,1.6,6.020
LPTUSDT,SELL,LIMIT,1702260797438,78.2,6.014
LPTUSDT,SELL,LIMIT,1702260799520,59.2,6.023
LPTUSDT,SELL,LIMIT,1702260800765,1.5,6.015
LPTUSDT,SELL,LIMIT,1702260801775,150.0,6.015
LPTUSDT,SELL,LIMIT,1702260802845,3.4,6.009
LPTUSDT,SELL,LIMIT,1702260803867,150.1,6.010
LPTUSDT,SELL,LIMIT,1702260805290,3955.2,5.959
LPTUSDT,SELL,LIMIT,1702260806431,55.9,6.016
LPTUSDT,SELL,LIMIT,1702260807468,11.3,5.989
LPTUSDT,SELL,LIMIT,1702260808525,0.1,5.989
LPTUSDT,SELL,LIMIT,1702260810163,0.9,5.988
LPTUSDT,SELL,LIMIT,1702260811899,382.4,5.973
LPTUSDT,SELL,LIMIT,1702260813349,34.5,5.955
LPTUSDT,SELL,LIMIT,1702260814370,14.6,5.956
LPTUSDT,SELL,LIMIT,1702260815468,471.4,5.953
LPTUSDT,SELL,LIMIT,1702260818418,3.6,5.947
LPTUSDT,SELL,LIMIT,1702260823252,79.6,5.941
LPTUSDT,SELL,LIMIT,1702260826169,64.1,6.042
LPTUSDT,BUY,LIMIT,1702260864782,69.8,6.321
LPTUSDT,BUY,LIMIT,1702266008862,57.1,6.556
