Symbol,Side,Order Type,Time,Quantity,Price
LQTYUSDT,SELL,LIMIT,1701067746346,116.5,1.368582
LQTYUSDT,SELL,LIMIT,1701067751091,15.7,1.558710
LQTYUSDT,SELL,LIMIT,1701068944793,96.0,1.361023
LQTYUSDT,SELL,LIMIT,1701068950981,119.7,1.362514
LQTYUSDT,SELL,LIMIT,1701068965305,119.7,1.363185
LQTYUSDT,SELL,LIMIT,1701068991559,27.0,1.363630
LQTYUSDT,SELL,LIMIT,1701068995265,299.5,1.363652
LQTYUSDT,SELL,LIMIT,1701069011006,38.6,1.363714
LQTYUSDT,SELL,LIMIT,1701069085989,119.7,1.363327
LQTYUSDT,SELL,LIMIT,1701069800954,70.6,1.352222
LQTYUSDT,SELL,LIMIT,1701069850334,7.3,1.347058
LQTYUSDT,SELL,LIMIT,1701069854202,259.6,1.343977
LQTYUSDT,SELL,LIMIT,1701069865132,137.8,1.343301
LQTYUSDT,SELL,LIMIT,1701069875735,370.3,1.341850
LQTYUSDT,SELL,LIMIT,1701069902438,105.0,1.339438
LQTYUSDT,SELL,LIMIT,1701074019937,131.7,1.354580
LQTYUSDT,SELL,LIMIT,1701074107343,5991.2,1.352688
LQTYUSDT,SELL,LIMIT,1701080776164,70.7,1.336374
LQTYUSDT,SELL,LIMIT,1701081330177,978.5,1.332663
LQTYUSDT,SELL,LIMIT,1701081438018,31.3,1.330419
LQTYUSDT,SELL,LIMIT,1701081443966,12.1,1.334337
LQTYUSDT,SELL,LIMIT,1701081445093,32.5,1.329554
LQTYUSDT,SELL,LIMIT,1701081447899,492.2,1.329467
LQTYUSDT,SELL,LIMIT,1701082619981,127.9,1.321550
LQTYUSDT,SELL,LIMIT,1701082675996,14.1,1.320133
LQTYUSDT,SELL,LIMIT,1701082685151,56.5,1.319862
LQTYUSDT,SELL,LIMIT,1701082698526,98.4,1.319471
LQTYUSDT,SELL,LIMIT,1701083302698,48.3,1.317661
LQTYUSDT,SELL,LIMIT,1701084870460,255.5,1.315308
LQTYUSDT,SELL,LIMIT,1701084876737,29.0,1.314094
LQTYUSDT,SELL,LIMIT,1701084888000,1337.9,1.312782
LQTYUSDT,SELL,LIMIT,1701084907227,145.7,1.311855
LQTYUSDT,SELL,LIMIT,1701084917638,33.6,1.310007
LQTYUSDT,SELL,LIMIT,1701095612874,1058.1,1.329915
LQTYUSDT,SELL,LIMIT,1701100563879,1437.3,1.314818
LQTYUSDT,SELL,LIMIT,1701100643335,510.0,1.311316
LQTYUSDT,SELL,LIMIT,1701111581054,709.1,1.340135
LQTYUSDT,SELL,LIMIT,1701113163094,90.0,1.324471
LQTYUSDT,SELL,LIMIT,1701114231416,561.0,1.316127
LQTYUSDT,SELL,LIMIT,1701114352849,5.5,1.311829
LQTYUSDT,SELL,LIMIT,1701114469803,63.5,1.310495
LQTYUSDT,SELL,LIMIT,1701114470868,196.8,1.310495
LQTYUSDT,SELL,LIMIT,1701114473736,98.4,1.309322
LQTYUSDT,SELL,LIMIT,1701114476277,196.8,1.308197
LQTYUSDT,SELL,LIMIT,1701114477625,187.3,1.307679
LQTYUSDT,SELL,LIMIT,1701114495137,156.2,1.305343
LQTYUSDT,SELL,LIMIT,1701114497163,98.4,1.305082
LQTYUSDT,SELL,LIMIT,1701114502593,2109.6,1.304100
LQTYUSDT,SELL,LIMIT,1701116832540,350.8,1.312335
LQTYUSDT,SELL,LIMIT,1701123802234,44.4,1.325911
LQTYUSDT,BUY,LIMIT,1701131167655,12.1,1.407404
LQTYUSDT,BUY,LIMIT,1701131452097,11.1,1.408586
LQTYUSDT,BUY,LIMIT,1701140911100,450.7,1.413434
LQTYUSDT,SELL,LIMIT,1701144389393,289.6,1.351560
LQTYUSDT,SELL,LIMIT,1701151263535,354.6,1.325708
LQTYUSDT,BUY,LIMIT,1701163384540,564.8,1.430015
LQTYUSDT,BUY,LIMIT,1701163482435,4.3,1.439459
LQTYUSDT,BUY,LIMIT,1701163532384,1427.2,1.442304
LQTYUSDT,BUY,LIMIT,1701164390246,72.4,1.450610
LQTYUSDT,BUY,LIMIT,1701164393306,10.6,1.450964
LQTYUSDT,BUY,LIMIT,1701178873711,150.8,1.464714
LQTYUSDT,BUY,LIMIT,1701179035573,2478.5,1.470979
LQTYUSDT,BUY,LIMIT,1701179061870,29.6,1.472369
LQTYUSDT,BUY,LIMIT,1701181254069,76.9,1.489992
LQTYUSDT,BUY,LIMIT,1701181281317,698.7,1.492829
LQTYUSDT,BUY,LIMIT,1701186697576,2508.1,1.503541
LQTYUSDT,BUY,LIMIT,1701187173913,72.3,1.518958
LQTYUSDT,BUY,LIMIT,1701187175154,193.0,1.522244
LQTYUSDT,BUY,LIMIT,1701187186668,9.8,1.524753
LQTYUSDT,BUY,LIMIT,1701189823648,5.1,1.510976
LQTYUSDT,SELL,LIMIT,1701189984250,179.7,1.451675
LQTYUSDT,SELL,LIMIT,1701191616128,737.4,1.456304
LQTYUSDT,SELL,LIMIT,1701191913769,336.3,1.443800
LQTYUSDT,SELL,LIMIT,1701197859770,220.6,1.444729
LQTYUSDT,BUY,LIMIT,1701219243984,120.6,1.521639
LQTYUSDT,BUY,LIMIT,1701226508364,120.6,1.503148
LQTYUSDT,SELL,LIMIT,1701229053782,117.4,1.437425
LQTYUSDT,BUY,LIMIT,1701234660197,3.6,1.483322
LQTYUSDT,SELL,LIMIT,1701235888719,182.7,1.416935
LQTYUSDT,SELL,LIMIT,1701236200438,187.0,1.411907
LQTYUSDT,BUY,LIMIT,1701239347142,23.9,1.470941
LQTYUSDT,SELL,LIMIT,1701243887100,231.1,1.419884
LQTYUSDT,BUY,LIMIT,1701245404000,18.8,1.481345
LQTYUSDT,SELL,LIMIT,1701247820309,5.8,1.427820
LQTYUSDT,BUY,LIMIT,1701247955287,29.3,1.486996
LQTYUSDT,SELL,LIMIT,1701254411805,201.5,1.409978
LQTYUSDT,SELL,LIMIT,1701254413256,163.3,1.406203
LQTYUSDT,SELL,LIMIT,1701264077449,276.0,1.421721
LQTYUSDT,BUY,LIMIT,1701283835265,1.7,1.500924
LQTYUSDT,SELL,LIMIT,1701288287798,0.1,1.436191
LQTYUSDT,BUY,LIMIT,1701299558448,14.7,1.512519
LQTYUSDT,BUY,LIMIT,1701299560679,740.3,1.512479
LQTYUSDT,BUY,LIMIT,1701302787413,40.9,1.516295
LQTYUSDT,BUY,LIMIT,1701319832162,48.9,1.483590
LQTYUSDT,SELL,LIMIT,1701332372682,339.1,1.401705
LQTYUSDT,SELL,LIMIT,1701333057151,31.1,1.399427
LQTYUSDT,SELL,LIMIT,1701333613669,70.2,1.395186
LQTYUSDT,SELL,LIMIT,1701333666470,1048.4,1.394604
LQTYUSDT,SELL,LIMIT,1701335539874,23.4,1.391315
LQTYUSDT,SELL,LIMIT,1701335541607,68.3,1.389668
LQTYUSDT,SELL,LIMIT,1701352974131,238.2,1.425552
LQTYUSDT,SELL,LIMIT,1701353062266,378.2,1.387884
LQTYUSDT,BUY,LIMIT,1701394247811,62.7,1.488595
LQTYUSDT,BUY,LIMIT,1701395656309,3.6,1.489710
LQTYUSDT,BUY,LIMIT,1701397258080,436.1,1.496250
LQTYUSDT,BUY,LIMIT,1701405515309,3.8,1.496544
LQTYUSDT,SELL,LIMIT,1701442254711,68.9,1.420911
LQTYUSDT,BUY,LIMIT,1701447394805,11.9,1.465010
LQTYUSDT,SELL,LIMIT,1701452397570,7.6,1.408502
LQTYUSDT,BUY,LIMIT,1701459645120,8.8,1.474885
LQTYUSDT,BUY,LIMIT,1701460032097,5.7,1.488989
LQTYUSDT,BUY,LIMIT,1701460033098,9.2,1.392453
LQTYUSDT,BUY,LIMIT,1701479845273,11.9,1.442760
LQTYUSDT,BUY,LIMIT,1701485669008,20.6,1.472237
LQTYUSDT,BUY,LIMIT,1701485991142,4.8,1.473593
LQTYUSDT,BUY,LIMIT,1701485992683,4.5,1.473492
LQTYUSDT,BUY,LIMIT,1701485994354,1048.5,1.473492
LQTYUSDT,BUY,LIMIT,1701486002387,15.7,1.474875
LQTYUSDT,BUY,LIMIT,1701486005377,100.0,1.476149
LQTYUSDT,BUY,LIMIT,1701486006759,139.4,1.476149
LQTYUSDT,BUY,LIMIT,1701508539268,806.7,1.503238
