Symbol,Side,Order Type,Time,Quantity,Price
LRCUSDT,SELL,LIMIT,1701069414115,204,0.21580
LRCUSDT,SELL,LIMIT,1701069569873,166,0.21124
LRCUSDT,SELL,LIMIT,1701069575346,22611,0.21114
LRCUSDT,SELL,LIMIT,1701069669440,2000,0.21072
LRCUSDT,SELL,LIMIT,1701069809912,185,0.21029
LRCUSDT,SELL,LIMIT,1701069880943,238,0.20984
LRCUSDT,BUY,LIMIT,1701077399082,4,0.21930
LRCUSDT,SELL,LIMIT,1701078975489,9358,0.21189
LRCUSDT,SELL,LIMIT,1701078977547,7796,0.21187
LRCUSDT,SELL,LIMIT,1701080805716,2219,0.21052
LRCUSDT,BUY,LIMIT,1701080955658,61,0.21694
LRCUSDT,SELL,LIMIT,1701081436074,32,0.20928
LRCUSDT,SELL,LIMIT,1701082020268,12960,0.20885
LRCUSDT,SELL,LIMIT,1701082021309,223,0.20882
LRCUSDT,SELL,LIMIT,1701082650803,9048,0.20858
LRCUSDT,SELL,LIMIT,1701082656333,17856,0.20843
LRCUSDT,SELL,LIMIT,1701082675627,1504,0.20842
LRCUSDT,SELL,LIMIT,1701082706263,378,0.20833
LRCUSDT,SELL,LIMIT,1701082726105,66,0.21146
LRCUSDT,SELL,LIMIT,1701084768913,490,0.20836
LRCUSDT,SELL,LIMIT,1701084931384,303,0.20800
LRCUSDT,SELL,LIMIT,1701091163732,2411,0.20815
LRCUSDT,BUY,LIMIT,1701091423500,9025,0.21589
LRCUSDT,BUY,LIMIT,1701093345637,12476,0.21654
LRCUSDT,BUY,LIMIT,1701093358006,48,0.21664
LRCUSDT,SELL,LIMIT,1701094598348,9381,0.20984
LRCUSDT,SELL,LIMIT,1701095589839,134,0.20793
LRCUSDT,SELL,LIMIT,1701097090249,36,0.20729
LRCUSDT,SELL,LIMIT,1701097103401,447,0.20698
LRCUSDT,SELL,LIMIT,1701100529454,971,0.20747
LRCUSDT,SELL,LIMIT,1701102120655,892,0.20841
LRCUSDT,SELL,LIMIT,1701107530180,185,0.20905
LRCUSDT,SELL,LIMIT,1701114263254,70,0.20644
LRCUSDT,SELL,LIMIT,1701114352848,71,0.20626
LRCUSDT,SELL,LIMIT,1701114463769,40,0.20613
LRCUSDT,SELL,LIMIT,1701114471540,326,0.20580
LRCUSDT,SELL,LIMIT,1701118147415,507,0.20503
LRCUSDT,BUY,LIMIT,1701126725850,266,0.21615
LRCUSDT,BUY,LIMIT,1701130925011,3563,0.21752
LRCUSDT,SELL,LIMIT,1701141421405,762,0.20921
LRCUSDT,SELL,LIMIT,1701141423678,436,0.20910
LRCUSDT,SELL,LIMIT,1701146049930,1429,0.20793
LRCUSDT,SELL,LIMIT,1701147879202,257,0.20730
LRCUSDT,SELL,LIMIT,1701148008958,804,0.20686
LRCUSDT,SELL,LIMIT,1701148137389,303,0.20641
LRCUSDT,SELL,LIMIT,1701149693848,478,0.20600
LRCUSDT,SELL,LIMIT,1701149825059,1403,0.20583
LRCUSDT,SELL,LIMIT,1701149892324,22762,0.20508
LRCUSDT,SELL,LIMIT,1701156457347,1690,0.20525
LRCUSDT,BUY,LIMIT,1701163035146,9851,0.21276
LRCUSDT,BUY,LIMIT,1701186726472,684,0.21847
LRCUSDT,SELL,LIMIT,1701191242347,232,0.21189
LRCUSDT,SELL,LIMIT,1701197685216,92,0.21180
LRCUSDT,BUY,LIMIT,1701201306273,2441,0.21995
LRCUSDT,SELL,LIMIT,1701243270568,828,0.21360
LRCUSDT,SELL,LIMIT,1701253210331,411,0.21536
LRCUSDT,SELL,LIMIT,1701254045248,6279,0.21307
LRCUSDT,SELL,LIMIT,1701254342227,15459,0.21247
LRCUSDT,BUY,LIMIT,1701261172270,903,0.21950
LRCUSDT,SELL,LIMIT,1701264405387,9505,0.21232
LRCUSDT,SELL,LIMIT,1701268304615,11145,0.21221
LRCUSDT,SELL,LIMIT,1701270437890,234,0.21017
LRCUSDT,SELL,LIMIT,1701270586871,372,0.20915
LRCUSDT,SELL,LIMIT,1701275839980,281,0.20809
LRCUSDT,SELL,LIMIT,1701285491339,9870,0.21348
LRCUSDT,BUY,LIMIT,1701287782799,29,0.22276
LRCUSDT,BUY,LIMIT,1701288013777,46,0.22577
LRCUSDT,SELL,LIMIT,1701288287798,3,0.21993
LRCUSDT,BUY,LIMIT,1701288850251,8294,0.22787
LRCUSDT,BUY,LIMIT,1701288877486,1209,0.22887
LRCUSDT,SELL,LIMIT,1701290183308,4767,0.21798
LRCUSDT,SELL,LIMIT,1701290364150,500,0.21718
LRCUSDT,SELL,LIMIT,1701291318197,1262,0.21671
LRCUSDT,SELL,LIMIT,1701292645146,9960,0.21566
LRCUSDT,SELL,LIMIT,1701300276783,3795,0.21611
LRCUSDT,SELL,LIMIT,1701301925370,112,0.21553
LRCUSDT,SELL,LIMIT,1701301926466,1310,0.21558
LRCUSDT,BUY,LIMIT,1701303277675,3914,0.22364
LRCUSDT,BUY,LIMIT,1701315717609,899,0.22431
LRCUSDT,SELL,LIMIT,1701321062877,253,0.21581
LRCUSDT,SELL,LIMIT,1701321114400,387,0.21566
LRCUSDT,SELL,LIMIT,1701321388289,11145,0.21548
LRCUSDT,SELL,LIMIT,1701325939169,3498,0.21456
LRCUSDT,SELL,LIMIT,1701326983512,1230,0.21367
LRCUSDT,SELL,LIMIT,1701327054235,226,0.21336
LRCUSDT,SELL,LIMIT,1701333037221,2500,0.21105
LRCUSDT,SELL,LIMIT,1701333558336,1339,0.21041
LRCUSDT,SELL,LIMIT,1701353012271,23381,0.21072
LRCUSDT,SELL,LIMIT,1701390589095,3304,0.21139
LRCUSDT,SELL,LIMIT,1701390635148,4570,0.21101
LRCUSDT,SELL,LIMIT,1701390637837,315,0.21086
LRCUSDT,BUY,LIMIT,1701394048835,45,0.22006
LRCUSDT,BUY,LIMIT,1701394117153,254,0.22028
LRCUSDT,BUY,LIMIT,1701395079379,24,0.22088
LRCUSDT,BUY,LIMIT,1701405515309,25,0.22279
LRCUSDT,BUY,LIMIT,1701425854990,148,0.22416
