Symbol,Side,Order Type,Time,Quantity,Price
LRCUSDT,SELL,LIMIT,1701923504117,77,0.23931
LRCUSDT,BUY,LIMIT,1701935127444,583,0.24934
LRCUSDT,SELL,LIMIT,1701936875242,8209,0.23884
LRCUSDT,SELL,LIMIT,1701936887108,2970,0.23877
LRCUSDT,SELL,LIMIT,1701936922473,474,0.23848
LRCUSDT,SELL,LIMIT,1701937340374,957,0.23788
LRCUSDT,SELL,LIMIT,1701937355080,8365,0.23764
LRCUSDT,SELL,LIMIT,1701937395267,2264,0.23737
LRCUSDT,SELL,LIMIT,1701937823750,9444,0.23713
LRCUSDT,SELL,LIMIT,1701937829078,1663,0.23704
LRCUSDT,SELL,LIMIT,1701939365345,19610,0.23625
LRCUSDT,SELL,LIMIT,1701939393782,201,0.23618
LRCUSDT,SELL,LIMIT,1701939528637,413,0.23608
LRCUSDT,SELL,LIMIT,1701939568273,1971,0.23566
LRCUSDT,SELL,LIMIT,1701939912183,2618,0.23499
LRCUSDT,SELL,LIMIT,1701939967190,10316,0.23491
LRCUSDT,SELL,LIMIT,1701939974904,307,0.23482
LRCUSDT,SELL,LIMIT,1701940024541,3229,0.23453
LRCUSDT,SELL,LIMIT,1701940453347,4703,0.23422
LRCUSDT,SELL,LIMIT,1701940543593,6574,0.23389
LRCUSDT,SELL,LIMIT,1701940563079,761,0.23295
LRCUSDT,SELL,LIMIT,1701940570145,7877,0.23263
LRCUSDT,SELL,LIMIT,1701941051044,21,0.23235
LRCUSDT,SELL,LIMIT,1701941056772,3006,0.23232
LRCUSDT,SELL,LIMIT,1701941060334,100,0.23226
LRCUSDT,SELL,LIMIT,1701941072185,558,0.23191
LRCUSDT,SELL,LIMIT,1701941177450,38,0.23143
LRCUSDT,SELL,LIMIT,1701941187992,10620,0.23092
LRCUSDT,SELL,LIMIT,1701941189381,1283,0.23084
LRCUSDT,SELL,LIMIT,1701941190539,5443,0.23066
LRCUSDT,BUY,LIMIT,1701941236795,209,0.23625
LRCUSDT,SELL,LIMIT,1701941244497,653,0.23031
LRCUSDT,SELL,LIMIT,1701941246100,2827,0.23027
LRCUSDT,SELL,LIMIT,1701943599790,20955,0.23389
LRCUSDT,SELL,LIMIT,1701949669963,107,0.23267
LRCUSDT,BUY,LIMIT,1701963508179,5767,0.24743
LRCUSDT,BUY,LIMIT,1701964196675,431,0.24947
LRCUSDT,BUY,LIMIT,1701964729489,275,0.25340
LRCUSDT,BUY,LIMIT,1701965198671,1748,0.25851
LRCUSDT,SELL,LIMIT,1701965251770,264,0.24994
LRCUSDT,BUY,LIMIT,1701965513268,960,0.25859
LRCUSDT,BUY,LIMIT,1701967178394,4482,0.25434
LRCUSDT,SELL,LIMIT,1701968152872,601,0.24528
LRCUSDT,BUY,LIMIT,1701968416476,585,0.25406
LRCUSDT,BUY,LIMIT,1701969263481,592,0.25447
LRCUSDT,BUY,LIMIT,1701970546138,181,0.25545
LRCUSDT,BUY,LIMIT,1701984583123,107,0.25658
LRCUSDT,BUY,LIMIT,1701984758352,416,0.25638
LRCUSDT,BUY,LIMIT,1701985017672,191,0.25794
LRCUSDT,BUY,LIMIT,1701985019766,6002,0.25811
LRCUSDT,BUY,LIMIT,1701992718450,1625,0.25618
LRCUSDT,BUY,LIMIT,1702004014972,24,0.25956
LRCUSDT,BUY,LIMIT,1702004528530,100,0.25983
LRCUSDT,BUY,LIMIT,1702005013322,1605,0.26152
LRCUSDT,BUY,LIMIT,1702005016726,2,0.26158
LRCUSDT,BUY,LIMIT,1702005021445,827,0.26205
LRCUSDT,BUY,LIMIT,1702005033506,16319,0.26225
LRCUSDT,BUY,LIMIT,1702005117852,22,0.26240
LRCUSDT,BUY,LIMIT,1702005181176,36155,0.26400
LRCUSDT,BUY,LIMIT,1702005576681,484,0.26258
LRCUSDT,BUY,LIMIT,1702006552470,3269,0.26409
LRCUSDT,BUY,LIMIT,1702007154540,116,0.26370
LRCUSDT,BUY,LIMIT,1702007255117,396,0.26457
LRCUSDT,SELL,LIMIT,1702008421682,1031,0.25276
LRCUSDT,SELL,LIMIT,1702010357058,2801,0.25161
LRCUSDT,SELL,LIMIT,1702020192936,3943,0.25194
LRCUSDT,SELL,LIMIT,1702020666018,11603,0.24987
LRCUSDT,SELL,LIMIT,1702022557195,7367,0.25053
LRCUSDT,SELL,LIMIT,1702025331970,95,0.24967
LRCUSDT,SELL,LIMIT,1702025333998,1688,0.24960
LRCUSDT,SELL,LIMIT,1702026041167,7581,0.24923
LRCUSDT,SELL,LIMIT,1702029246685,635,0.24920
LRCUSDT,BUY,LIMIT,1702032494027,142,0.25866
LRCUSDT,BUY,LIMIT,1702033539157,941,0.26007
LRCUSDT,BUY,LIMIT,1702035690617,4948,0.26523
LRCUSDT,SELL,LIMIT,1702037043578,3633,0.25442
LRCUSDT,SELL,LIMIT,1702040641738,378,0.25506
LRCUSDT,SELL,LIMIT,1702042245203,7724,0.25459
LRCUSDT,SELL,LIMIT,1702044413964,994,0.25420
LRCUSDT,BUY,LIMIT,1702045702872,277,0.26234
LRCUSDT,SELL,LIMIT,1702049363510,60,0.25522
LRCUSDT,SELL,LIMIT,1702049642244,3,0.39153
LRCUSDT,SELL,LIMIT,1702051700135,195,0.25675
LRCUSDT,BUY,LIMIT,1702052081720,88,0.26561
LRCUSDT,BUY,LIMIT,1702053038398,489,0.26629
LRCUSDT,BUY,LIMIT,1702053445379,283,0.26552
LRCUSDT,BUY,LIMIT,1702053636513,60,0.26547
LRCUSDT,SELL,LIMIT,1702055271773,646,0.25420
LRCUSDT,SELL,LIMIT,1702055292871,1371,0.25392
LRCUSDT,SELL,LIMIT,1702055307895,45,0.25361
LRCUSDT,BUY,LIMIT,1702060483335,280,0.26135
LRCUSDT,BUY,LIMIT,1702065626609,61,0.26379
LRCUSDT,BUY,LIMIT,1702068652528,20,0.26390
LRCUSDT,BUY,LIMIT,1702068983722,323,0.26437
LRCUSDT,BUY,LIMIT,1702069078918,195,0.26461
LRCUSDT,SELL,LIMIT,1702070663071,123,0.25551
LRCUSDT,SELL,LIMIT,1702071751432,5832,0.25475
LRCUSDT,BUY,LIMIT,1702072671229,1631,0.26514
LRCUSDT,BUY,LIMIT,1702072672333,1480,0.26547
LRCUSDT,BUY,LIMIT,1702072775119,22,0.26647
LRCUSDT,BUY,LIMIT,1702072779152,39,0.26653
LRCUSDT,BUY,LIMIT,1702072786172,1877,0.26669
LRCUSDT,SELL,LIMIT,1702072954524,801,0.25788
LRCUSDT,BUY,LIMIT,1702073717063,250,0.26778
LRCUSDT,BUY,LIMIT,1702080100179,120,0.26660
LRCUSDT,BUY,LIMIT,1702080686319,11411,0.26813
LRCUSDT,BUY,LIMIT,1702080689930,982,0.26830
LRCUSDT,BUY,LIMIT,1702080750589,2116,0.26888
LRCUSDT,BUY,LIMIT,1702081253139,28,0.26904
LRCUSDT,BUY,LIMIT,1702081674183,20,0.26935
LRCUSDT,BUY,LIMIT,1702081984547,500,0.26960
LRCUSDT,BUY,LIMIT,1702082671360,156,0.26970
LRCUSDT,BUY,LIMIT,1702082860428,120,0.26993
LRCUSDT,BUY,LIMIT,1702082996027,4264,0.27040
LRCUSDT,SELL,LIMIT,1702084089255,70,0.25907
LRCUSDT,SELL,LIMIT,1702084103929,18777,0.25876
LRCUSDT,BUY,LIMIT,1702085837063,19564,0.27124
LRCUSDT,SELL,LIMIT,1702087357815,334,0.26103
LRCUSDT,SELL,LIMIT,1702088224487,10940,0.26046
LRCUSDT,BUY,LIMIT,1702094606392,3200,0.27120
LRCUSDT,SELL,LIMIT,1702099153369,844,0.26116
LRCUSDT,BUY,LIMIT,1702102361560,197,0.26774
LRCUSDT,BUY,LIMIT,1702102929864,492,0.26794
LRCUSDT,BUY,LIMIT,1702103376622,490,0.26856
LRCUSDT,BUY,LIMIT,1702109244833,1100,0.27245
LRCUSDT,BUY,LIMIT,1702109247504,4940,0.27255
LRCUSDT,SELL,LIMIT,1702109566492,39,0.26408
LRCUSDT,SELL,LIMIT,1702109785660,19,0.26420
LRCUSDT,BUY,LIMIT,1702109787113,465,0.27225
LRCUSDT,SELL,LIMIT,1702110839300,1691,0.26301
LRCUSDT,SELL,LIMIT,1702110909490,775,0.26166
LRCUSDT,SELL,LIMIT,1702110974398,331,0.26027
LRCUSDT,SELL,LIMIT,1702110980627,18753,0.25901
LRCUSDT,SELL,LIMIT,1702111043305,2460,0.25702
LRCUSDT,SELL,LIMIT,1702111045771,719,0.25644
LRCUSDT,SELL,LIMIT,1702111379152,9307,0.25524
LRCUSDT,SELL,LIMIT,1702111380516,75,0.25471
LRCUSDT,SELL,LIMIT,1702111386281,931,0.25370
LRCUSDT,SELL,LIMIT,1702111391700,2265,0.25324
LRCUSDT,SELL,LIMIT,1702112314369,478,0.25727
LRCUSDT,BUY,LIMIT,1702113373061,125,0.26844
LRCUSDT,BUY,LIMIT,1702116681627,8000,0.26938
LRCUSDT,BUY,LIMIT,1702116890702,5429,0.27001
LRCUSDT,BUY,LIMIT,1702116893269,15221,0.27003
LRCUSDT,BUY,LIMIT,1702118636574,6361,0.27198
LRCUSDT,BUY,LIMIT,1702123823104,1118,0.27210
LRCUSDT,BUY,LIMIT,1702124147206,6972,0.27311
LRCUSDT,BUY,LIMIT,1702125514635,1052,0.27401
LRCUSDT,SELL,LIMIT,1702125835721,16631,0.26491
LRCUSDT,SELL,LIMIT,1702128692342,4634,0.26356
LRCUSDT,SELL,LIMIT,1702128693413,2387,0.26336
LRCUSDT,SELL,LIMIT,1702132884980,3866,0.26092
LRCUSDT,SELL,LIMIT,1702132896445,1681,0.26066
LRCUSDT,SELL,LIMIT,1702132936839,38,0.26022
LRCUSDT,SELL,LIMIT,1702132994374,122,0.25965
LRCUSDT,SELL,LIMIT,1702133002339,5728,0.25906
LRCUSDT,SELL,LIMIT,1702133330456,943,0.25947
LRCUSDT,SELL,LIMIT,1702133345254,166,0.25942
LRCUSDT,SELL,LIMIT,1702134501463,162,0.25881
LRCUSDT,BUY,LIMIT,1702139211162,219,0.26897
LRCUSDT,SELL,LIMIT,1702139298298,38,0.25985
LRCUSDT,SELL,LIMIT,1702141691880,1158,0.25962
LRCUSDT,BUY,LIMIT,1702141741948,5624,0.26611
LRCUSDT,BUY,LIMIT,1702146068391,8427,0.26826
LRCUSDT,BUY,LIMIT,1702149119919,88,0.26946
LRCUSDT,SELL,LIMIT,1702156350554,113,0.25640
LRCUSDT,SELL,LIMIT,1702156362445,18917,0.25603
LRCUSDT,SELL,LIMIT,1702164511254,113,0.25601
LRCUSDT,SELL,LIMIT,1702164533311,1669,0.25581
LRCUSDT,SELL,LIMIT,1702164541642,955,0.25565
LRCUSDT,SELL,LIMIT,1702164545082,3530,0.25557
LRCUSDT,SELL,LIMIT,1702164546989,8304,0.25526
LRCUSDT,SELL,LIMIT,1702164548792,7711,0.25482
LRCUSDT,SELL,LIMIT,1702164673433,1508,0.25475
LRCUSDT,SELL,LIMIT,1702164746863,437,0.25477
LRCUSDT,SELL,LIMIT,1702164747868,18476,0.25433
LRCUSDT,SELL,LIMIT,1702164749111,189,0.25418
LRCUSDT,SELL,LIMIT,1702164750499,913,0.25394
LRCUSDT,SELL,LIMIT,1702164752602,381,0.25375
LRCUSDT,SELL,LIMIT,1702164800922,19,0.25364
LRCUSDT,SELL,LIMIT,1702164802326,12405,0.25348
LRCUSDT,SELL,LIMIT,1702164804248,988,0.25331
LRCUSDT,SELL,LIMIT,1702164806281,1001,0.25382
LRCUSDT,SELL,LIMIT,1702164807690,1684,0.25306
LRCUSDT,SELL,LIMIT,1702177039170,127,0.25670
LRCUSDT,SELL,LIMIT,1702189308149,363,0.25847
LRCUSDT,SELL,LIMIT,1702190022163,1642,0.25800
LRCUSDT,SELL,LIMIT,1702190024068,263,0.25794
LRCUSDT,SELL,LIMIT,1702192880476,231,0.25592
LRCUSDT,SELL,LIMIT,1702200888401,114,0.25552
LRCUSDT,SELL,LIMIT,1702200932192,1368,0.25454
LRCUSDT,SELL,LIMIT,1702201393529,4879,0.25469
LRCUSDT,SELL,LIMIT,1702202056436,1209,0.25315
LRCUSDT,SELL,LIMIT,1702202253402,187,0.25294
LRCUSDT,SELL,LIMIT,1702202271257,1369,0.25267
LRCUSDT,SELL,LIMIT,1702202275571,155,0.25266
LRCUSDT,SELL,LIMIT,1702202289648,50,0.25261
LRCUSDT,SELL,LIMIT,1702202290847,3276,0.25246
LRCUSDT,SELL,LIMIT,1702202292592,2047,0.25284
LRCUSDT,SELL,LIMIT,1702202298043,132,0.25230
LRCUSDT,SELL,LIMIT,1702202299625,5112,0.25218
LRCUSDT,SELL,LIMIT,1702202308030,123,0.25206
LRCUSDT,SELL,LIMIT,1702202318310,681,0.25186
LRCUSDT,SELL,LIMIT,1702202321502,19,0.25177
LRCUSDT,SELL,LIMIT,1702202326407,971,0.25167
LRCUSDT,SELL,LIMIT,1702202373081,377,0.25167
LRCUSDT,SELL,LIMIT,1702202380131,681,0.25131
LRCUSDT,SELL,LIMIT,1702202391566,539,0.25099
LRCUSDT,SELL,LIMIT,1702209416360,498,0.25285
LRCUSDT,BUY,LIMIT,1702214683302,146,0.26391
LRCUSDT,SELL,LIMIT,1702218741562,37,0.25677
LRCUSDT,SELL,LIMIT,1702230261877,1249,0.25481
LRCUSDT,SELL,LIMIT,1702230617880,50,0.25435
LRCUSDT,BUY,LIMIT,1702240758076,1167,0.26891
LRCUSDT,BUY,LIMIT,1702241046039,815,0.26976
LRCUSDT,BUY,LIMIT,1702241375331,53,0.27067
LRCUSDT,BUY,LIMIT,1702241609258,421,0.27079
LRCUSDT,SELL,LIMIT,1702243625110,18794,0.25979
LRCUSDT,SELL,LIMIT,1702243710553,908,0.25899
LRCUSDT,SELL,LIMIT,1702250234434,1261,0.25837
LRCUSDT,SELL,LIMIT,1702256578979,4884,0.25659
LRCUSDT,SELL,LIMIT,1702256620301,373,0.25581
LRCUSDT,SELL,LIMIT,1702256717028,380,0.25508
LRCUSDT,SELL,LIMIT,1702256729196,32,0.25503
LRCUSDT,SELL,LIMIT,1702256917696,1594,0.25576
LRCUSDT,SELL,LIMIT,1702257009370,147,0.25364
LRCUSDT,SELL,LIMIT,1702260266072,4857,0.25733
LRCUSDT,SELL,LIMIT,1702260428353,19,0.26668
LRCUSDT,SELL,LIMIT,1702260439933,376,0.25433
LRCUSDT,SELL,LIMIT,1702260445794,11574,0.25400
LRCUSDT,SELL,LIMIT,1702260627569,516,0.25289
LRCUSDT,SELL,LIMIT,1702260630518,508,0.25268
LRCUSDT,SELL,LIMIT,1702260632620,2437,0.25228
LRCUSDT,SELL,LIMIT,1702260635422,7448,0.25196
LRCUSDT,SELL,LIMIT,1702260636995,1542,0.25177
LRCUSDT,SELL,LIMIT,1702260667137,1934,0.25187
LRCUSDT,SELL,LIMIT,1702260690195,2678,0.25177
LRCUSDT,SELL,LIMIT,1702260695837,1577,0.25178
LRCUSDT,SELL,LIMIT,1702260697733,7707,0.25148
LRCUSDT,SELL,LIMIT,1702260699129,1814,0.25130
LRCUSDT,SELL,LIMIT,1702260707189,228,0.25058
LRCUSDT,SELL,LIMIT,1702260709138,564,0.25039
LRCUSDT,SELL,LIMIT,1702260710289,23,0.25017
LRCUSDT,SELL,LIMIT,1702260711376,550,0.25029
LRCUSDT,SELL,LIMIT,1702260714245,268,0.25024
LRCUSDT,SELL,LIMIT,1702260715488,476,0.24949
LRCUSDT,SELL,LIMIT,1702260716805,32,0.24933
LRCUSDT,SELL,LIMIT,1702260718471,23,0.24927
LRCUSDT,SELL,LIMIT,1702260722393,554,0.24870
LRCUSDT,SELL,LIMIT,1702260724577,1890,0.24864
LRCUSDT,SELL,LIMIT,1702260725767,573,0.24844
LRCUSDT,SELL,LIMIT,1702260727983,140,0.24838
LRCUSDT,SELL,LIMIT,1702260730702,538,0.24784
LRCUSDT,SELL,LIMIT,1702260731998,51,0.24784
LRCUSDT,SELL,LIMIT,1702260734568,1429,0.24834
LRCUSDT,SELL,LIMIT,1702260736618,279,0.24760
LRCUSDT,SELL,LIMIT,1702260737708,5641,0.24776
LRCUSDT,SELL,LIMIT,1702260739294,535,0.24766
LRCUSDT,SELL,LIMIT,1702260740423,683,0.24686
LRCUSDT,SELL,LIMIT,1702260741471,1251,0.24654
LRCUSDT,SELL,LIMIT,1702260742589,481,0.24650
LRCUSDT,SELL,LIMIT,1702260745229,371,0.24782
LRCUSDT,SELL,LIMIT,1702260746325,160,0.24557
LRCUSDT,SELL,LIMIT,1702260747949,1071,0.24569
LRCUSDT,SELL,LIMIT,1702260748998,2912,0.24525
LRCUSDT,SELL,LIMIT,1702260750005,28,0.24460
LRCUSDT,SELL,LIMIT,1702260751581,1210,0.24383
LRCUSDT,SELL,LIMIT,1702260752623,820,0.24352
LRCUSDT,SELL,LIMIT,1702260754269,50,0.24324
LRCUSDT,SELL,LIMIT,1702260755275,215,0.24238
LRCUSDT,SELL,LIMIT,1702260757679,718,0.24280
LRCUSDT,SELL,LIMIT,1702260758766,74993,0.24297
LRCUSDT,SELL,LIMIT,1702260759842,1196,0.24200
LRCUSDT,SELL,LIMIT,1702260760869,19,0.24101
LRCUSDT,SELL,LIMIT,1702260761967,9478,0.24104
LRCUSDT,SELL,LIMIT,1702260763034,19,0.24121
LRCUSDT,SELL,LIMIT,1702260764185,821,0.23995
LRCUSDT,SELL,LIMIT,1702260765211,1665,0.24119
LRCUSDT,SELL,LIMIT,1702260766587,307,0.23913
LRCUSDT,SELL,LIMIT,1702260767651,1252,0.23927
LRCUSDT,SELL,LIMIT,1702260768661,19,0.23888
LRCUSDT,SELL,LIMIT,1702260769660,359,0.23779
LRCUSDT,SELL,LIMIT,1702260770920,10675,0.23753
LRCUSDT,SELL,LIMIT,1702260772105,22,0.23656
LRCUSDT,SELL,LIMIT,1702260773218,772,0.23657
LRCUSDT,SELL,LIMIT,1702260774345,383,0.23634
LRCUSDT,SELL,LIMIT,1702260775481,19,0.23450
LRCUSDT,SELL,LIMIT,1702260776485,220,0.23498
LRCUSDT,SELL,LIMIT,1702260778208,19,0.23519
LRCUSDT,SELL,LIMIT,1702260779311,111,0.23373
LRCUSDT,SELL,LIMIT,1702260780315,658,0.23365
LRCUSDT,SELL,LIMIT,1702260781451,462,0.23327
LRCUSDT,SELL,LIMIT,1702260782546,22802,0.23284
LRCUSDT,SELL,LIMIT,1702260783659,156,0.23173
LRCUSDT,SELL,LIMIT,1702260784809,7506,0.23201
LRCUSDT,SELL,LIMIT,1702260786151,19,0.23177
LRCUSDT,SELL,LIMIT,1702260787471,251,0.23073
LRCUSDT,SELL,LIMIT,1702260788491,1226,0.23132
LRCUSDT,SELL,LIMIT,1702260789719,89,0.23034
LRCUSDT,SELL,LIMIT,1702260790772,74,0.22870
LRCUSDT,SELL,LIMIT,1702260791952,338,0.22870
LRCUSDT,SELL,LIMIT,1702260793435,644,0.22990
LRCUSDT,SELL,LIMIT,1702260794592,544,0.22984
LRCUSDT,SELL,LIMIT,1702260797344,535,0.22728
LRCUSDT,SELL,LIMIT,1702260798382,4700,0.22751
LRCUSDT,SELL,LIMIT,1702260800423,6054,0.22676
LRCUSDT,SELL,LIMIT,1702260801605,1727,0.22543
LRCUSDT,SELL,LIMIT,1702260802671,9977,0.22572
LRCUSDT,SELL,LIMIT,1702260803815,21771,0.22401
LRCUSDT,SELL,LIMIT,1702260805568,300,0.22360
LRCUSDT,SELL,LIMIT,1702260806684,688,0.22479
LRCUSDT,SELL,LIMIT,1702260807798,38,0.22338
LRCUSDT,SELL,LIMIT,1702260808893,681,0.22336
LRCUSDT,SELL,LIMIT,1702260810557,382,0.22387
LRCUSDT,SELL,LIMIT,1702260812063,27047,0.22217
LRCUSDT,SELL,LIMIT,1702260813192,5016,0.22257
LRCUSDT,SELL,LIMIT,1702260814358,864,0.22282
LRCUSDT,SELL,LIMIT,1702260815791,1135,0.22236
LRCUSDT,SELL,LIMIT,1702260817232,10932,0.22532
LRCUSDT,SELL,LIMIT,1702260818418,93,0.22369
LRCUSDT,BUY,LIMIT,1702260877258,155,0.24125
LRCUSDT,BUY,LIMIT,1702260923391,24,0.24463
LRCUSDT,SELL,LIMIT,1702261612308,2786,0.23770
LRCUSDT,SELL,LIMIT,1702262464492,561,0.23820
LRCUSDT,SELL,LIMIT,1702262615562,485,0.23652
LRCUSDT,SELL,LIMIT,1702262873708,220,0.23548
LRCUSDT,BUY,LIMIT,1702265751003,1164,0.24698
LRCUSDT,SELL,LIMIT,1702267232143,3415,0.23867
