Symbol,Side,Order Type,Time,Quantity,Price
LRCUSDT,SELL,LIMIT,1701923504117,77,0.23931
LRCUSDT,BUY,LIMIT,1701935127444,583,0.24934
LRCUSDT,SELL,LIMIT,1701936875242,8209,0.23884
LRCUSDT,SELL,LIMIT,1701936887108,2970,0.23877
LRCUSDT,SELL,LIMIT,1701936922473,474,0.23848
LRCUSDT,SELL,LIMIT,1701937340374,957,0.23788
LRCUSDT,SELL,LIMIT,1701937355080,8365,0.23764
LRCUSDT,SELL,LIMIT,1701937395267,2264,0.23737
LRCUSDT,SELL,LIMIT,1701937823750,9444,0.23713
LRCUSDT,SELL,LIMIT,1701937829078,1663,0.23704
LRCUSDT,SELL,LIMIT,1701939365345,19610,0.23625
LRCUSDT,SELL,LIMIT,1701939393782,201,0.23618
LRCUSDT,SELL,LIMIT,1701939528637,413,0.23608
LRCUSDT,SELL,LIMIT,1701939568273,1971,0.23566
LRCUSDT,SELL,LIMIT,1701939912183,2618,0.23499
LRCUSDT,SELL,LIMIT,1701939967190,10316,0.23491
LRCUSDT,SELL,LIMIT,1701939974904,307,0.23482
LRCUSDT,SELL,LIMIT,1701940024541,3229,0.23453
LRCUSDT,SELL,LIMIT,1701940453347,4703,0.23422
LRCUSDT,SELL,LIMIT,1701940543593,6574,0.23389
LRCUSDT,SELL,LIMIT,1701940563079,761,0.23295
LRCUSDT,SELL,LIMIT,1701940570145,7877,0.23263
LRCUSDT,SELL,LIMIT,1701941051044,21,0.23235
LRCUSDT,SELL,LIMIT,1701941056772,3006,0.23232
LRCUSDT,SELL,LIMIT,1701941060334,100,0.23226
LRCUSDT,SELL,LIMIT,1701941072185,558,0.23191
LRCUSDT,SELL,LIMIT,1701941177450,38,0.23143
LRCUSDT,SELL,LIMIT,1701941187992,10620,0.23092
LRCUSDT,SELL,LIMIT,1701941189381,1283,0.23084
LRCUSDT,SELL,LIMIT,1701941190539,5443,0.23066
LRCUSDT,BUY,LIMIT,1701941236795,209,0.23625
LRCUSDT,SELL,LIMIT,1701941244497,653,0.23031
LRCUSDT,SELL,LIMIT,1701941246100,2827,0.23027
LRCUSDT,SELL,LIMIT,1701943599790,20955,0.23389
LRCUSDT,SELL,LIMIT,1701949669963,107,0.23267
LRCUSDT,BUY,LIMIT,1701963508179,5767,0.24743
LRCUSDT,BUY,LIMIT,1701964196675,431,0.24947
LRCUSDT,BUY,LIMIT,1701964729489,275,0.25340
LRCUSDT,BUY,LIMIT,1701965198671,1748,0.25851
LRCUSDT,SELL,LIMIT,1701965251770,264,0.24994
LRCUSDT,BUY,LIMIT,1701965513268,960,0.25859
LRCUSDT,BUY,LIMIT,1701967178394,4482,0.25434
LRCUSDT,SELL,LIMIT,1701968152872,601,0.24528
LRCUSDT,BUY,LIMIT,1701968416476,585,0.25406
LRCUSDT,BUY,LIMIT,1701969263481,592,0.25447
LRCUSDT,BUY,LIMIT,1701970546138,181,0.25545
LRCUSDT,BUY,LIMIT,1701984583123,107,0.25658
LRCUSDT,BUY,LIMIT,1701984758352,416,0.25638
LRCUSDT,BUY,LIMIT,1701985017672,191,0.25794
LRCUSDT,BUY,LIMIT,1701985019766,6002,0.25811
LRCUSDT,BUY,LIMIT,1701992718450,1625,0.25618
LRCUSDT,BUY,LIMIT,1702004014972,24,0.25956
LRCUSDT,BUY,LIMIT,1702004528530,100,0.25983
LRCUSDT,BUY,LIMIT,1702005013322,1605,0.26152
LRCUSDT,BUY,LIMIT,1702005016726,2,0.26158
LRCUSDT,BUY,LIMIT,1702005021445,827,0.26205
LRCUSDT,BUY,LIMIT,1702005033506,16319,0.26225
LRCUSDT,BUY,LIMIT,1702005117852,22,0.26240
LRCUSDT,BUY,LIMIT,1702005181176,36155,0.26400
LRCUSDT,BUY,LIMIT,1702005576681,484,0.26258
LRCUSDT,BUY,LIMIT,1702006552470,3269,0.26409
LRCUSDT,BUY,LIMIT,1702007154540,116,0.26370
LRCUSDT,BUY,LIMIT,1702007255117,396,0.26457
LRCUSDT,SELL,LIMIT,1702008421682,1031,0.25276
LRCUSDT,SELL,LIMIT,1702010357058,2801,0.25161
LRCUSDT,SELL,LIMIT,1702020192936,3943,0.25194
LRCUSDT,SELL,LIMIT,1702020666018,11603,0.24987
LRCUSDT,SELL,LIMIT,1702022557195,7367,0.25053
LRCUSDT,SELL,LIMIT,1702025331970,95,0.24967
LRCUSDT,SELL,LIMIT,1702025333998,1688,0.24960
LRCUSDT,SELL,LIMIT,1702026041167,7581,0.24923
LRCUSDT,SELL,LIMIT,1702029246685,635,0.24920
LRCUSDT,BUY,LIMIT,1702032494027,142,0.25866
LRCUSDT,BUY,LIMIT,1702033539157,941,0.26007
LRCUSDT,BUY,LIMIT,1702035690617,4948,0.26523
LRCUSDT,SELL,LIMIT,1702037043578,3633,0.25442
LRCUSDT,SELL,LIMIT,1702040641738,378,0.25506
LRCUSDT,SELL,LIMIT,1702042245203,7724,0.25459
LRCUSDT,SELL,LIMIT,1702044413964,994,0.25420
LRCUSDT,BUY,LIMIT,1702045702872,277,0.26234
LRCUSDT,SELL,LIMIT,1702049363510,60,0.25522
LRCUSDT,SELL,LIMIT,1702049642244,3,0.39153
LRCUSDT,SELL,LIMIT,1702051700135,195,0.25675
LRCUSDT,BUY,LIMIT,1702052081720,88,0.26561
LRCUSDT,BUY,LIMIT,1702053038398,489,0.26629
LRCUSDT,BUY,LIMIT,1702053445379,283,0.26552
LRCUSDT,BUY,LIMIT,1702053636513,60,0.26547
LRCUSDT,SELL,LIMIT,1702055271773,646,0.25420
LRCUSDT,SELL,LIMIT,1702055292871,1371,0.25392
LRCUSDT,SELL,LIMIT,1702055307895,45,0.25361
LRCUSDT,BUY,LIMIT,1702060483335,280,0.26135
LRCUSDT,BUY,LIMIT,1702065626609,61,0.26379
LRCUSDT,BUY,LIMIT,1702068652528,20,0.26390
LRCUSDT,BUY,LIMIT,1702068983722,323,0.26437
LRCUSDT,BUY,LIMIT,1702069078918,195,0.26461
LRCUSDT,SELL,LIMIT,1702070663071,123,0.25551
LRCUSDT,SELL,LIMIT,1702071751432,5832,0.25475
LRCUSDT,BUY,LIMIT,1702072671229,1631,0.26514
LRCUSDT,BUY,LIMIT,1702072672333,1480,0.26547
LRCUSDT,BUY,LIMIT,1702072775119,22,0.26647
LRCUSDT,BUY,LIMIT,1702072779152,39,0.26653
LRCUSDT,BUY,LIMIT,1702072786172,1877,0.26669
LRCUSDT,SELL,LIMIT,1702072954524,801,0.25788
LRCUSDT,BUY,LIMIT,1702073717063,250,0.26778
LRCUSDT,BUY,LIMIT,1702080100179,120,0.26660
LRCUSDT,BUY,LIMIT,1702080686319,11411,0.26813
LRCUSDT,BUY,LIMIT,1702080689930,982,0.26830
LRCUSDT,BUY,LIMIT,1702080750589,2116,0.26888
LRCUSDT,BUY,LIMIT,1702081253139,28,0.26904
LRCUSDT,BUY,LIMIT,1702081674183,20,0.26935
LRCUSDT,BUY,LIMIT,1702081984547,500,0.26960
LRCUSDT,BUY,LIMIT,1702082671360,156,0.26970
LRCUSDT,BUY,LIMIT,1702082860428,120,0.26993
LRCUSDT,BUY,LIMIT,1702082996027,4264,0.27040
LRCUSDT,SELL,LIMIT,1702084089255,70,0.25907
LRCUSDT,SELL,LIMIT,1702084103929,18777,0.25876
LRCUSDT,BUY,LIMIT,1702085837063,19564,0.27124
LRCUSDT,SELL,LIMIT,1702087357815,334,0.26103
LRCUSDT,SELL,LIMIT,1702088224487,10940,0.26046
LRCUSDT,BUY,LIMIT,1702094606392,3200,0.27120
LRCUSDT,SELL,LIMIT,1702099153369,844,0.26116
LRCUSDT,BUY,LIMIT,1702102361560,197,0.26774
LRCUSDT,BUY,LIMIT,1702102929864,492,0.26794
LRCUSDT,BUY,LIMIT,1702103376622,490,0.26856
LRCUSDT,BUY,LIMIT,1702109244833,1100,0.27245
LRCUSDT,BUY,LIMIT,1702109247504,4940,0.27255
LRCUSDT,SELL,LIMIT,1702109566492,39,0.26408
LRCUSDT,SELL,LIMIT,1702109785660,19,0.26420
LRCUSDT,BUY,LIMIT,1702109787113,465,0.27225
LRCUSDT,SELL,LIMIT,1702110839300,1691,0.26301
LRCUSDT,SELL,LIMIT,1702110909490,775,0.26166
LRCUSDT,SELL,LIMIT,1702110974398,331,0.26027
LRCUSDT,SELL,LIMIT,1702110980627,18753,0.25901
LRCUSDT,SELL,LIMIT,1702111043305,2460,0.25702
LRCUSDT,SELL,LIMIT,1702111045771,719,0.25644
LRCUSDT,SELL,LIMIT,1702111379152,9307,0.25524
LRCUSDT,SELL,LIMIT,1702111380516,75,0.25471
LRCUSDT,SELL,LIMIT,1702111386281,931,0.25370
LRCUSDT,SELL,LIMIT,1702111391700,2265,0.25324
LRCUSDT,SELL,LIMIT,1702112314369,478,0.25727
LRCUSDT,BUY,LIMIT,1702113373061,125,0.26844
LRCUSDT,BUY,LIMIT,1702116681627,8000,0.26938
LRCUSDT,BUY,LIMIT,1702116890702,5429,0.27001
LRCUSDT,BUY,LIMIT,1702116893269,15221,0.27003
LRCUSDT,BUY,LIMIT,1702118636574,6361,0.27198
LRCUSDT,BUY,LIMIT,1702123823104,1118,0.27210
LRCUSDT,BUY,LIMIT,1702124147206,6972,0.27311
LRCUSDT,BUY,LIMIT,1702125514635,1052,0.27401
LRCUSDT,SELL,LIMIT,1702125835721,16631,0.26491
LRCUSDT,SELL,LIMIT,1702128692342,4634,0.26356
LRCUSDT,SELL,LIMIT,1702128693413,2387,0.26336
LRCUSDT,SELL,LIMIT,1702132884980,3866,0.26092
LRCUSDT,SELL,LIMIT,1702132896445,1681,0.26066
LRCUSDT,SELL,LIMIT,1702132936839,38,0.26022
LRCUSDT,SELL,LIMIT,1702132994374,122,0.25965
LRCUSDT,SELL,LIMIT,1702133002339,5728,0.25906
LRCUSDT,SELL,LIMIT,1702133330456,943,0.25947
LRCUSDT,SELL,LIMIT,1702133345254,166,0.25942
