Symbol,Side,Order Type,Time,Quantity,Price
LTCUSDT,BUY,LIMIT,1700846608092,19.644,71.48
LTCUSDT,BUY,LIMIT,1700846669273,3.648,71.56
LTCUSDT,BUY,LIMIT,1700846676384,14.530,71.56
LTCUSDT,BUY,LIMIT,1700846677459,24.336,71.57
LTCUSDT,BUY,LIMIT,1700846737996,2.216,71.60
LTCUSDT,BUY,LIMIT,1700846786887,7.399,71.63
LTCUSDT,BUY,LIMIT,1700846788407,0.453,71.64
LTCUSDT,BUY,LIMIT,1700846810875,7.226,71.74
LTCUSDT,BUY,LIMIT,1700846812931,16.969,71.76
LTCUSDT,BUY,LIMIT,1700846816298,3.068,71.76
LTCUSDT,BUY,LIMIT,1700846860377,17.301,71.79
LTCUSDT,BUY,LIMIT,1700846919424,0.548,71.81
LTCUSDT,BUY,LIMIT,1700847025117,5.608,71.83
LTCUSDT,BUY,LIMIT,1700847036746,2.689,71.87
LTCUSDT,BUY,LIMIT,1700847038840,4.640,71.93
LTCUSDT,BUY,LIMIT,1700847043346,0.722,71.94
LTCUSDT,BUY,LIMIT,1700847048182,214.807,72.15
LTCUSDT,BUY,LIMIT,1700847054350,50.700,72.00
LTCUSDT,BUY,LIMIT,1700847055787,0.151,72.03
LTCUSDT,BUY,LIMIT,1700847086414,0.452,72.09
LTCUSDT,BUY,LIMIT,1700847168042,1.183,72.12
LTCUSDT,SELL,LIMIT,1700847865997,9.992,70.65
LTCUSDT,SELL,LIMIT,1700848806147,0.294,70.53
LTCUSDT,SELL,LIMIT,1700848901700,0.129,70.47
LTCUSDT,SELL,LIMIT,1700850825116,5.161,70.16
LTCUSDT,SELL,LIMIT,1700850923423,1.371,70.10
LTCUSDT,SELL,LIMIT,1700863950147,25.820,70.03
LTCUSDT,SELL,LIMIT,1700863951030,1.715,70.00
LTCUSDT,SELL,LIMIT,1700863952541,70.456,69.99
LTCUSDT,SELL,LIMIT,1700863953787,26.102,69.97
LTCUSDT,SELL,LIMIT,1700863959049,2.575,69.92
LTCUSDT,SELL,LIMIT,1700863962890,10.195,69.88
LTCUSDT,SELL,LIMIT,1700865548271,70.466,70.21
LTCUSDT,SELL,LIMIT,1700870626456,73.763,70.33
LTCUSDT,BUY,LIMIT,1700874346416,15.999,71.39
LTCUSDT,BUY,LIMIT,1700874373061,4.945,71.43
LTCUSDT,BUY,LIMIT,1700874395174,0.708,71.46
LTCUSDT,BUY,LIMIT,1700874434918,9.702,71.54
LTCUSDT,BUY,LIMIT,1700876569120,1.006,71.67
LTCUSDT,BUY,LIMIT,1700876576734,0.283,71.71
LTCUSDT,BUY,LIMIT,1700876589737,9.812,71.77
LTCUSDT,BUY,LIMIT,1700876612064,6.139,71.78
LTCUSDT,BUY,LIMIT,1700876622852,4.223,71.83
LTCUSDT,BUY,LIMIT,1700876628178,2.488,71.94
LTCUSDT,BUY,LIMIT,1700876632606,4.730,72.07
LTCUSDT,BUY,LIMIT,1700876636184,124.016,72.22
LTCUSDT,BUY,LIMIT,1700876637223,12.849,72.18
LTCUSDT,BUY,LIMIT,1700876639797,1.570,72.22
LTCUSDT,BUY,LIMIT,1700876648141,0.718,72.26
LTCUSDT,BUY,LIMIT,1700876655373,0.600,72.31
LTCUSDT,BUY,LIMIT,1700876679174,10.797,72.49
LTCUSDT,BUY,LIMIT,1700876824146,0.803,72.38
LTCUSDT,BUY,LIMIT,1700876903135,1.620,72.47
LTCUSDT,BUY,LIMIT,1700876906118,214.317,72.67
LTCUSDT,BUY,LIMIT,1700876907159,0.431,72.50
LTCUSDT,BUY,LIMIT,1700877007920,0.859,72.56
LTCUSDT,BUY,LIMIT,1700877012087,10.867,72.56
LTCUSDT,BUY,LIMIT,1700882679049,0.338,66.39
