Symbol,Side,Order Type,Time,Quantity,Price
LTCUSDT,SELL,LIMIT,1701067750903,2.903,69.54
LTCUSDT,SELL,LIMIT,1701068286081,1.196,69.48
LTCUSDT,SELL,LIMIT,1701068371786,2.077,69.36
LTCUSDT,BUY,LIMIT,1701068996811,0.404,70.16
LTCUSDT,SELL,LIMIT,1701069556123,3.580,69.22
LTCUSDT,SELL,LIMIT,1701069665444,1.282,69.13
LTCUSDT,SELL,LIMIT,1701069806126,8.131,69.11
LTCUSDT,SELL,LIMIT,1701069810331,3.465,69.11
LTCUSDT,SELL,LIMIT,1701069825855,0.284,69.09
LTCUSDT,SELL,LIMIT,1701069870452,71.454,69.02
LTCUSDT,SELL,LIMIT,1701069878440,11.864,69.00
LTCUSDT,SELL,LIMIT,1701069880790,0.294,69.11
LTCUSDT,SELL,LIMIT,1701069885204,113.741,68.88
LTCUSDT,SELL,LIMIT,1701069894192,0.282,68.89
LTCUSDT,SELL,LIMIT,1701069895597,71.668,68.88
LTCUSDT,SELL,LIMIT,1701069896876,19.113,68.94
LTCUSDT,SELL,LIMIT,1701069900276,10.000,68.88
LTCUSDT,SELL,LIMIT,1701069914325,7.175,68.82
LTCUSDT,SELL,LIMIT,1701069917316,21.495,68.80
LTCUSDT,SELL,LIMIT,1701070167978,38.732,68.85
LTCUSDT,SELL,LIMIT,1701070172362,85.996,68.73
LTCUSDT,BUY,LIMIT,1701071627069,0.493,70.10
LTCUSDT,SELL,LIMIT,1701074338496,0.147,69.60
LTCUSDT,BUY,LIMIT,1701077399082,0.009,70.12
LTCUSDT,SELL,LIMIT,1701080232995,56.728,69.02
LTCUSDT,SELL,LIMIT,1701080544877,1.000,68.85
LTCUSDT,SELL,LIMIT,1701080707372,9.383,68.80
LTCUSDT,SELL,LIMIT,1701080759152,1.150,68.77
LTCUSDT,SELL,LIMIT,1701080777493,12.148,68.76
LTCUSDT,SELL,LIMIT,1701080852433,0.964,68.71
LTCUSDT,SELL,LIMIT,1701081256084,2.794,68.62
LTCUSDT,SELL,LIMIT,1701081261924,21.473,68.61
LTCUSDT,SELL,LIMIT,1701081329252,0.925,68.54
LTCUSDT,SELL,LIMIT,1701081436072,1.053,68.56
LTCUSDT,SELL,LIMIT,1701081437597,14.297,68.58
LTCUSDT,SELL,LIMIT,1701081438746,32.605,68.53
LTCUSDT,SELL,LIMIT,1701081440339,118.311,68.44
LTCUSDT,SELL,LIMIT,1701081446062,4.985,68.39
LTCUSDT,SELL,LIMIT,1701081448372,37.289,68.40
LTCUSDT,SELL,LIMIT,1701081450939,20.376,68.38
LTCUSDT,SELL,LIMIT,1701081452414,72.098,68.38
LTCUSDT,SELL,LIMIT,1701081605274,1.662,68.37
LTCUSDT,SELL,LIMIT,1701081609047,0.469,68.35
LTCUSDT,SELL,LIMIT,1701082118570,15.000,68.37
LTCUSDT,SELL,LIMIT,1701082124044,11.944,68.34
LTCUSDT,SELL,LIMIT,1701082125468,19.980,68.34
LTCUSDT,SELL,LIMIT,1701082126551,63.114,68.31
LTCUSDT,SELL,LIMIT,1701082127629,838.435,67.90
LTCUSDT,SELL,LIMIT,1701082128890,7.193,68.27
LTCUSDT,SELL,LIMIT,1701082132389,0.848,68.26
LTCUSDT,SELL,LIMIT,1701082145602,0.291,68.26
LTCUSDT,SELL,LIMIT,1701082675218,43.104,68.25
LTCUSDT,SELL,LIMIT,1701082685287,7.194,68.23
LTCUSDT,SELL,LIMIT,1701082689404,3.938,68.22
LTCUSDT,SELL,LIMIT,1701082694871,16.000,68.21
LTCUSDT,SELL,LIMIT,1701082696054,58.916,68.21
LTCUSDT,SELL,LIMIT,1701082700411,104.079,68.18
LTCUSDT,SELL,LIMIT,1701082701520,0.787,68.20
LTCUSDT,SELL,LIMIT,1701082703437,728.999,67.92
LTCUSDT,SELL,LIMIT,1701082705005,2.787,68.19
LTCUSDT,SELL,LIMIT,1701082725427,300.000,68.01
LTCUSDT,SELL,LIMIT,1701082726475,0.834,68.21
LTCUSDT,SELL,LIMIT,1701082728100,14.419,68.18
LTCUSDT,SELL,LIMIT,1701084699764,57.946,68.25
LTCUSDT,SELL,LIMIT,1701084760538,9.978,68.23
LTCUSDT,SELL,LIMIT,1701084930398,0.772,68.17
LTCUSDT,SELL,LIMIT,1701084931725,1.276,68.13
LTCUSDT,SELL,LIMIT,1701084933000,6.350,68.10
LTCUSDT,SELL,LIMIT,1701086486014,0.224,68.22
LTCUSDT,SELL,LIMIT,1701091163191,260.458,68.29
LTCUSDT,SELL,LIMIT,1701093117049,14.528,68.29
LTCUSDT,SELL,LIMIT,1701093706448,7.390,68.63
LTCUSDT,SELL,LIMIT,1701095552295,1.010,68.10
LTCUSDT,SELL,LIMIT,1701095553845,10.887,68.10
LTCUSDT,SELL,LIMIT,1701095555042,6.246,68.15
LTCUSDT,SELL,LIMIT,1701095561318,8.559,68.08
LTCUSDT,SELL,LIMIT,1701095562652,3.186,68.07
LTCUSDT,SELL,LIMIT,1701095565204,3.314,68.06
LTCUSDT,SELL,LIMIT,1701095566473,0.849,68.05
LTCUSDT,SELL,LIMIT,1701095577264,9.124,68.04
LTCUSDT,SELL,LIMIT,1701095581144,0.336,68.03
LTCUSDT,SELL,LIMIT,1701095584277,44.405,68.02
LTCUSDT,SELL,LIMIT,1701095587748,70.399,68.01
LTCUSDT,SELL,LIMIT,1701095590969,96.195,67.99
LTCUSDT,SELL,LIMIT,1701095592251,0.363,68.42
LTCUSDT,SELL,LIMIT,1701095595592,1.000,68.00
LTCUSDT,SELL,LIMIT,1701095597360,6.991,67.99
LTCUSDT,SELL,LIMIT,1701095599729,4.547,67.95
LTCUSDT,SELL,LIMIT,1701096774121,12.311,68.07
LTCUSDT,SELL,LIMIT,1701097007955,953.554,67.59
LTCUSDT,SELL,LIMIT,1701097068136,8.472,67.97
LTCUSDT,SELL,LIMIT,1701097076267,0.704,67.94
LTCUSDT,SELL,LIMIT,1701097079094,0.433,67.93
LTCUSDT,SELL,LIMIT,1701097080886,30.908,67.93
LTCUSDT,SELL,LIMIT,1701097082126,3.803,67.89
LTCUSDT,SELL,LIMIT,1701097083290,0.850,67.90
LTCUSDT,SELL,LIMIT,1701097090073,3.353,67.89
LTCUSDT,SELL,LIMIT,1701097092765,4.413,67.88
LTCUSDT,SELL,LIMIT,1701097094038,0.365,67.86
LTCUSDT,SELL,LIMIT,1701097099255,1.981,67.85
LTCUSDT,SELL,LIMIT,1701097104764,2.815,68.73
LTCUSDT,BUY,LIMIT,1701098528033,1.058,69.20
LTCUSDT,BUY,LIMIT,1701098533050,1.421,69.25
LTCUSDT,SELL,LIMIT,1701100531918,5.254,68.20
LTCUSDT,SELL,LIMIT,1701100570087,0.148,68.13
LTCUSDT,SELL,LIMIT,1701100603167,0.570,72.29
LTCUSDT,SELL,LIMIT,1701100618166,4.555,68.08
LTCUSDT,SELL,LIMIT,1701100643538,90.623,67.99
LTCUSDT,SELL,LIMIT,1701100781198,21.669,68.03
LTCUSDT,BUY,LIMIT,1701104216797,20.000,69.27
LTCUSDT,BUY,LIMIT,1701104833764,0.444,69.33
LTCUSDT,BUY,LIMIT,1701105033079,2.000,69.38
LTCUSDT,BUY,LIMIT,1701105191216,42.648,69.39
LTCUSDT,SELL,LIMIT,1701114162425,11.792,68.16
LTCUSDT,SELL,LIMIT,1701114163764,71.786,68.13
LTCUSDT,SELL,LIMIT,1701114228436,15.515,68.10
LTCUSDT,SELL,LIMIT,1701114268431,1.560,68.00
LTCUSDT,SELL,LIMIT,1701114274781,15.593,67.97
LTCUSDT,SELL,LIMIT,1701114277240,50.494,67.97
LTCUSDT,SELL,LIMIT,1701114344858,6.983,67.92
LTCUSDT,SELL,LIMIT,1701114355055,10.568,67.92
LTCUSDT,SELL,LIMIT,1701114382123,17.301,67.90
LTCUSDT,SELL,LIMIT,1701114441628,72.669,67.85
LTCUSDT,SELL,LIMIT,1701114455062,0.300,67.83
LTCUSDT,SELL,LIMIT,1701114456218,0.526,67.84
LTCUSDT,SELL,LIMIT,1701114457405,25.809,67.82
LTCUSDT,SELL,LIMIT,1701114462270,103.793,67.79
LTCUSDT,SELL,LIMIT,1701114464215,70.821,67.81
LTCUSDT,SELL,LIMIT,1701114468320,26.110,67.79
LTCUSDT,SELL,LIMIT,1701114469411,1.565,67.79
LTCUSDT,SELL,LIMIT,1701114471540,1.682,67.78
LTCUSDT,SELL,LIMIT,1701114474089,1.668,67.77
LTCUSDT,SELL,LIMIT,1701114475528,16.648,67.77
LTCUSDT,SELL,LIMIT,1701114477025,7.104,67.73
LTCUSDT,SELL,LIMIT,1701114489430,0.568,67.72
LTCUSDT,SELL,LIMIT,1701114492351,1100.467,67.18
LTCUSDT,SELL,LIMIT,1701114493448,2.199,67.71
LTCUSDT,SELL,LIMIT,1701114495069,0.288,67.71
LTCUSDT,SELL,LIMIT,1701114496314,1.263,67.69
LTCUSDT,SELL,LIMIT,1701114499134,101.560,67.61
LTCUSDT,SELL,LIMIT,1701114501754,82.437,67.60
LTCUSDT,SELL,LIMIT,1701114502883,3.723,67.60
LTCUSDT,SELL,LIMIT,1701114503965,9.166,67.59
LTCUSDT,SELL,LIMIT,1701114525525,0.290,67.63
LTCUSDT,SELL,LIMIT,1701116804098,10.888,67.98
LTCUSDT,SELL,LIMIT,1701118737445,2.254,67.98
LTCUSDT,BUY,LIMIT,1701120830040,7.282,69.13
LTCUSDT,BUY,LIMIT,1701120868299,0.320,69.17
LTCUSDT,BUY,LIMIT,1701126148258,52.762,69.42
LTCUSDT,BUY,LIMIT,1701126641903,1.571,69.47
LTCUSDT,BUY,LIMIT,1701126647592,5.112,69.47
LTCUSDT,BUY,LIMIT,1701127386499,0.365,69.27
LTCUSDT,BUY,LIMIT,1701127786185,0.674,69.59
LTCUSDT,BUY,LIMIT,1701130072999,1.998,69.43
LTCUSDT,BUY,LIMIT,1701131863928,3.287,69.72
LTCUSDT,BUY,LIMIT,1701131886486,85.533,69.73
LTCUSDT,BUY,LIMIT,1701131892093,5.764,69.72
LTCUSDT,BUY,LIMIT,1701132315260,1.356,69.75
LTCUSDT,SELL,LIMIT,1701137217218,1.448,68.47
LTCUSDT,SELL,LIMIT,1701137323435,2.864,68.37
LTCUSDT,SELL,LIMIT,1701137432470,4.530,68.35
LTCUSDT,SELL,LIMIT,1701146961078,20.671,68.30
LTCUSDT,SELL,LIMIT,1701147918027,2.000,68.05
LTCUSDT,SELL,LIMIT,1701147925096,12.621,68.00
LTCUSDT,SELL,LIMIT,1701147931173,1.021,67.90
LTCUSDT,SELL,LIMIT,1701147943104,14.556,67.88
LTCUSDT,SELL,LIMIT,1701148008759,2.000,67.86
LTCUSDT,SELL,LIMIT,1701148081237,2.730,67.84
LTCUSDT,SELL,LIMIT,1701148082927,12.339,67.82
LTCUSDT,SELL,LIMIT,1701148161236,5.000,67.74
LTCUSDT,SELL,LIMIT,1701148204292,0.553,67.72
LTCUSDT,SELL,LIMIT,1701148251625,21.568,67.66
LTCUSDT,SELL,LIMIT,1701149057555,2.309,67.76
LTCUSDT,SELL,LIMIT,1701149830769,29.523,67.71
LTCUSDT,SELL,LIMIT,1701149835426,2.749,67.70
LTCUSDT,SELL,LIMIT,1701149855186,5.712,67.63
LTCUSDT,SELL,LIMIT,1701149880081,3.554,67.61
LTCUSDT,SELL,LIMIT,1701149883584,15.619,67.60
LTCUSDT,SELL,LIMIT,1701149885218,48.059,67.59
LTCUSDT,SELL,LIMIT,1701149889362,2.117,67.54
LTCUSDT,SELL,LIMIT,1701149892757,8.017,67.52
LTCUSDT,SELL,LIMIT,1701149899116,1.162,67.50
LTCUSDT,SELL,LIMIT,1701149900326,0.775,67.50
LTCUSDT,SELL,LIMIT,1701151263534,12.717,67.74
LTCUSDT,SELL,LIMIT,1701151273267,0.570,67.72
LTCUSDT,SELL,LIMIT,1701155895545,305.097,67.72
LTCUSDT,BUY,LIMIT,1701162308185,0.467,68.98
LTCUSDT,BUY,LIMIT,1701162710079,2.825,69.06
LTCUSDT,BUY,LIMIT,1701163063447,4.635,69.11
LTCUSDT,BUY,LIMIT,1701163385392,22.462,69.22
LTCUSDT,SELL,LIMIT,1701171116265,0.408,68.71
LTCUSDT,BUY,LIMIT,1701171142719,1.623,69.44
LTCUSDT,BUY,LIMIT,1701172636499,1.250,69.53
LTCUSDT,SELL,LIMIT,1701176163375,2.361,68.27
LTCUSDT,BUY,LIMIT,1701179667060,10.772,69.47
LTCUSDT,BUY,LIMIT,1701179680675,35.220,69.48
LTCUSDT,BUY,LIMIT,1701186203325,1.650,69.57
LTCUSDT,BUY,LIMIT,1701189708538,1.431,69.76
LTCUSDT,BUY,LIMIT,1701189741013,1.451,69.77
LTCUSDT,BUY,LIMIT,1701189805347,8.017,69.83
LTCUSDT,BUY,LIMIT,1701189814366,1.000,69.88
LTCUSDT,BUY,LIMIT,1701189815814,1.280,69.90
LTCUSDT,BUY,LIMIT,1701189825253,3.215,69.93
LTCUSDT,BUY,LIMIT,1701189842255,2.664,69.95
LTCUSDT,BUY,LIMIT,1701189843732,0.328,70.02
LTCUSDT,BUY,LIMIT,1701189859028,0.578,70.06
LTCUSDT,BUY,LIMIT,1701189964569,34.832,70.07
LTCUSDT,BUY,LIMIT,1701189968589,5.695,70.09
LTCUSDT,BUY,LIMIT,1701190003942,6.888,70.13
LTCUSDT,BUY,LIMIT,1701190025995,2.065,70.16
LTCUSDT,BUY,LIMIT,1701190234586,0.372,70.19
LTCUSDT,BUY,LIMIT,1701190443263,2.460,70.21
LTCUSDT,BUY,LIMIT,1701191665862,0.332,70.29
LTCUSDT,BUY,LIMIT,1701191682897,5.983,70.30
LTCUSDT,BUY,LIMIT,1701192030190,1.456,70.26
LTCUSDT,BUY,LIMIT,1701192036362,6.287,70.34
LTCUSDT,BUY,LIMIT,1701192037368,4.281,70.39
LTCUSDT,BUY,LIMIT,1701192062170,2.894,70.35
LTCUSDT,SELL,LIMIT,1701192069059,2.759,69.88
LTCUSDT,BUY,LIMIT,1701192152365,95.098,70.51
LTCUSDT,BUY,LIMIT,1701192155200,2.701,70.51
LTCUSDT,BUY,LIMIT,1701192248220,23.178,70.57
LTCUSDT,BUY,LIMIT,1701192271123,2.201,70.59
LTCUSDT,SELL,LIMIT,1701192626603,1.165,69.68
LTCUSDT,SELL,LIMIT,1701193677736,739.565,69.40
LTCUSDT,BUY,LIMIT,1701200479059,1.437,70.14
LTCUSDT,SELL,LIMIT,1701200539119,13.957,69.67
LTCUSDT,SELL,LIMIT,1701209124584,1.961,69.39
LTCUSDT,SELL,LIMIT,1701211704067,13.178,70.40
LTCUSDT,SELL,LIMIT,1701211706384,5.565,70.14
LTCUSDT,SELL,LIMIT,1701211732370,1.751,69.34
LTCUSDT,SELL,LIMIT,1701211993243,3.171,69.14
LTCUSDT,SELL,LIMIT,1701214737266,3.857,69.13
LTCUSDT,SELL,LIMIT,1701219244533,4.235,69.61
LTCUSDT,SELL,LIMIT,1701219245997,4.087,69.68
LTCUSDT,SELL,LIMIT,1701219747908,10.000,69.83
LTCUSDT,BUY,LIMIT,1701221611049,8.075,70.40
LTCUSDT,SELL,LIMIT,1701241289044,206.430,69.54
LTCUSDT,BUY,LIMIT,1701243890952,0.728,70.28
LTCUSDT,BUY,LIMIT,1701247359925,1.158,70.53
LTCUSDT,BUY,LIMIT,1701247474237,71.777,70.58
LTCUSDT,BUY,LIMIT,1701247953764,0.716,70.65
LTCUSDT,BUY,LIMIT,1701247955314,3.811,70.69
LTCUSDT,BUY,LIMIT,1701248269375,0.329,70.73
LTCUSDT,BUY,LIMIT,1701248659549,1.455,70.67
LTCUSDT,BUY,LIMIT,1701251535139,2.142,70.46
LTCUSDT,SELL,LIMIT,1701253161359,4.310,69.71
LTCUSDT,SELL,LIMIT,1701253528183,10.279,69.75
LTCUSDT,SELL,LIMIT,1701254011515,9.734,69.50
LTCUSDT,SELL,LIMIT,1701254012963,20.000,69.44
LTCUSDT,SELL,LIMIT,1701254058840,13.645,69.42
LTCUSDT,SELL,LIMIT,1701254079115,0.737,69.36
LTCUSDT,SELL,LIMIT,1701254362325,0.909,69.29
LTCUSDT,SELL,LIMIT,1701254405795,20.522,69.28
LTCUSDT,SELL,LIMIT,1701254414575,0.447,69.26
LTCUSDT,SELL,LIMIT,1701254474322,3.000,69.31
LTCUSDT,SELL,LIMIT,1701254698343,69.850,69.17
LTCUSDT,BUY,LIMIT,1701261002612,35.116,70.16
LTCUSDT,SELL,LIMIT,1701264617551,4.865,69.27
LTCUSDT,SELL,LIMIT,1701269393304,4.514,69.18
LTCUSDT,SELL,LIMIT,1701270410044,20.755,69.32
LTCUSDT,SELL,LIMIT,1701270441062,9.263,69.28
LTCUSDT,SELL,LIMIT,1701270452478,0.752,69.49
LTCUSDT,SELL,LIMIT,1701270554310,2.000,69.16
LTCUSDT,SELL,LIMIT,1701270574094,11.617,69.09
LTCUSDT,SELL,LIMIT,1701270577083,0.556,69.07
LTCUSDT,SELL,LIMIT,1701270582945,12.629,69.05
LTCUSDT,SELL,LIMIT,1701270585080,1.643,69.01
LTCUSDT,SELL,LIMIT,1701270586243,5.148,69.05
LTCUSDT,SELL,LIMIT,1701270587246,25.000,69.00
LTCUSDT,SELL,LIMIT,1701270616297,71.429,68.99
LTCUSDT,SELL,LIMIT,1701270619055,0.702,68.94
LTCUSDT,SELL,LIMIT,1701270764642,3.475,68.96
LTCUSDT,SELL,LIMIT,1701270919594,1.646,68.93
LTCUSDT,SELL,LIMIT,1701275182572,10.787,69.12
LTCUSDT,SELL,LIMIT,1701275835746,20.014,68.93
LTCUSDT,SELL,LIMIT,1701275838194,2.350,68.92
LTCUSDT,SELL,LIMIT,1701275840423,0.360,68.90
LTCUSDT,SELL,LIMIT,1701275842151,1.116,68.89
LTCUSDT,SELL,LIMIT,1701275843366,1.382,68.85
LTCUSDT,BUY,LIMIT,1701279985653,2.164,70.22
LTCUSDT,BUY,LIMIT,1701280168782,1.076,70.27
LTCUSDT,BUY,LIMIT,1701280531256,0.494,70.28
LTCUSDT,BUY,LIMIT,1701280534101,11.149,70.29
LTCUSDT,SELL,LIMIT,1701282826871,0.009,71.76
LTCUSDT,BUY,LIMIT,1701284959696,0.642,70.25
LTCUSDT,BUY,LIMIT,1701286367253,0.322,70.10
LTCUSDT,SELL,LIMIT,1701288287798,0.059,69.49
LTCUSDT,SELL,LIMIT,1701289711366,0.641,69.41
LTCUSDT,SELL,LIMIT,1701291954375,62.910,69.26
LTCUSDT,BUY,LIMIT,1701301177109,8.669,70.40
LTCUSDT,BUY,LIMIT,1701304079552,0.642,70.40
LTCUSDT,BUY,LIMIT,1701304567306,1.124,70.52
LTCUSDT,SELL,LIMIT,1701307211998,0.315,69.51
LTCUSDT,BUY,LIMIT,1701317526087,2.312,70.40
LTCUSDT,SELL,LIMIT,1701321194587,3.172,70.09
LTCUSDT,SELL,LIMIT,1701327050273,2.604,69.42
LTCUSDT,BUY,LIMIT,1701329797672,0.135,70.14
LTCUSDT,SELL,LIMIT,1701331779307,0.355,69.21
LTCUSDT,SELL,LIMIT,1701332364709,0.318,69.10
LTCUSDT,SELL,LIMIT,1701333113368,10.000,69.08
LTCUSDT,SELL,LIMIT,1701333350336,0.943,69.05
LTCUSDT,SELL,LIMIT,1701333361856,45.425,69.04
LTCUSDT,SELL,LIMIT,1701333363365,0.289,69.03
LTCUSDT,SELL,LIMIT,1701333366563,7.168,69.01
LTCUSDT,SELL,LIMIT,1701333444138,0.937,68.98
LTCUSDT,SELL,LIMIT,1701333449792,62.806,68.96
LTCUSDT,SELL,LIMIT,1701333456229,5.041,68.94
LTCUSDT,SELL,LIMIT,1701333469020,53.799,68.94
LTCUSDT,SELL,LIMIT,1701333551063,0.289,68.92
LTCUSDT,SELL,LIMIT,1701333560270,0.410,68.90
LTCUSDT,SELL,LIMIT,1701333561298,1.313,68.90
LTCUSDT,SELL,LIMIT,1701333565856,0.458,68.88
LTCUSDT,SELL,LIMIT,1701333696511,0.444,68.86
LTCUSDT,SELL,LIMIT,1701333727093,7.485,68.84
LTCUSDT,SELL,LIMIT,1701335189597,2.879,69.03
LTCUSDT,BUY,LIMIT,1701349508986,5.000,69.89
LTCUSDT,SELL,LIMIT,1701349705651,1.640,69.18
LTCUSDT,SELL,LIMIT,1701352979836,15.885,68.98
LTCUSDT,SELL,LIMIT,1701353013290,7.686,68.88
LTCUSDT,SELL,LIMIT,1701353048085,2.024,68.80
LTCUSDT,SELL,LIMIT,1701353049126,5.781,68.80
LTCUSDT,SELL,LIMIT,1701353050294,33.684,68.80
LTCUSDT,SELL,LIMIT,1701353063476,11.042,68.79
LTCUSDT,BUY,LIMIT,1701371460358,0.327,69.75
LTCUSDT,BUY,LIMIT,1701394033460,0.333,70.15
LTCUSDT,BUY,LIMIT,1701394161630,2.621,70.18
LTCUSDT,BUY,LIMIT,1701394222956,2.184,70.20
LTCUSDT,BUY,LIMIT,1701394241778,8.872,70.21
LTCUSDT,BUY,LIMIT,1701394555171,14.740,70.29
LTCUSDT,BUY,LIMIT,1701394559289,1.000,70.29
LTCUSDT,BUY,LIMIT,1701394566356,1.667,70.30
LTCUSDT,BUY,LIMIT,1701394620251,0.467,70.32
LTCUSDT,BUY,LIMIT,1701394680063,1.151,70.33
LTCUSDT,BUY,LIMIT,1701396014261,0.700,70.35
LTCUSDT,BUY,LIMIT,1701398046435,6.290,70.37
LTCUSDT,SELL,LIMIT,1701398176702,14.385,69.78
LTCUSDT,BUY,LIMIT,1701398183114,0.517,70.39
LTCUSDT,BUY,LIMIT,1701398189082,2.597,70.41
LTCUSDT,BUY,LIMIT,1701398696930,544.059,70.69
LTCUSDT,BUY,LIMIT,1701398721843,0.304,70.45
LTCUSDT,BUY,LIMIT,1701398728965,26.603,70.46
LTCUSDT,BUY,LIMIT,1701399042141,24.732,70.51
LTCUSDT,BUY,LIMIT,1701399064195,26.039,70.54
LTCUSDT,BUY,LIMIT,1701399070670,42.522,70.58
LTCUSDT,BUY,LIMIT,1701399128665,1.075,70.62
LTCUSDT,BUY,LIMIT,1701403988683,19.669,70.62
LTCUSDT,BUY,LIMIT,1701404057218,0.666,70.64
LTCUSDT,BUY,LIMIT,1701404058666,2.778,70.64
LTCUSDT,BUY,LIMIT,1701404920812,3.534,70.67
LTCUSDT,BUY,LIMIT,1701405404786,4.311,70.74
LTCUSDT,BUY,LIMIT,1701405471056,0.968,70.77
LTCUSDT,BUY,LIMIT,1701405506309,2.228,70.78
LTCUSDT,BUY,LIMIT,1701405515309,0.300,70.80
LTCUSDT,BUY,LIMIT,1701405525247,2.145,70.81
LTCUSDT,BUY,LIMIT,1701405528756,0.564,70.82
LTCUSDT,BUY,LIMIT,1701405880094,27.136,70.77
LTCUSDT,BUY,LIMIT,1701414488149,24.482,70.83
LTCUSDT,BUY,LIMIT,1701414499635,6.564,70.87
LTCUSDT,BUY,LIMIT,1701421636400,2.313,70.78
LTCUSDT,BUY,LIMIT,1701421714781,5.465,70.79
LTCUSDT,BUY,LIMIT,1701422219129,13.230,70.94
LTCUSDT,BUY,LIMIT,1701422225038,0.727,70.96
LTCUSDT,BUY,LIMIT,1701422230136,0.525,70.98
LTCUSDT,SELL,LIMIT,1701422231176,13.667,70.45
LTCUSDT,BUY,LIMIT,1701422240169,0.561,71.02
LTCUSDT,BUY,LIMIT,1701422243504,10.506,71.03
LTCUSDT,BUY,LIMIT,1701422246063,17.890,71.05
LTCUSDT,BUY,LIMIT,1701422321295,4.220,71.07
LTCUSDT,BUY,LIMIT,1701422644934,0.299,71.09
LTCUSDT,BUY,LIMIT,1701422730235,0.451,71.14
LTCUSDT,BUY,LIMIT,1701423195518,13.279,71.22
LTCUSDT,BUY,LIMIT,1701423212380,0.645,71.25
LTCUSDT,BUY,LIMIT,1701423225233,0.415,71.26
LTCUSDT,BUY,LIMIT,1701423236184,1.314,71.28
LTCUSDT,BUY,LIMIT,1701423237470,21.066,71.29
LTCUSDT,BUY,LIMIT,1701423241429,1.016,71.30
LTCUSDT,BUY,LIMIT,1701423261050,52.857,71.31
LTCUSDT,BUY,LIMIT,1701423264128,0.364,71.32
LTCUSDT,BUY,LIMIT,1701423541699,1.944,71.34
LTCUSDT,BUY,LIMIT,1701423639285,0.288,71.36
LTCUSDT,BUY,LIMIT,1701423660260,8.315,71.38
LTCUSDT,BUY,LIMIT,1701423977103,10.000,71.40
LTCUSDT,BUY,LIMIT,1701423980267,24.094,71.41
LTCUSDT,BUY,LIMIT,1701423992685,1.737,71.42
LTCUSDT,BUY,LIMIT,1701423995302,2.199,71.42
LTCUSDT,BUY,LIMIT,1701424082432,3.841,71.51
LTCUSDT,BUY,LIMIT,1701424096646,0.881,71.53
LTCUSDT,BUY,LIMIT,1701424107603,0.558,71.57
LTCUSDT,BUY,LIMIT,1701424121202,78.646,71.59
LTCUSDT,BUY,LIMIT,1701424124653,2.342,71.59
LTCUSDT,BUY,LIMIT,1701424182326,0.588,71.60
LTCUSDT,BUY,LIMIT,1701424184829,2.801,71.61
LTCUSDT,BUY,LIMIT,1701424205573,0.715,71.61
LTCUSDT,BUY,LIMIT,1701424211898,9.190,71.64
LTCUSDT,BUY,LIMIT,1701424281229,0.303,71.68
LTCUSDT,BUY,LIMIT,1701424282679,32.866,71.70
LTCUSDT,BUY,LIMIT,1701424285034,2.573,71.73
LTCUSDT,BUY,LIMIT,1701424286225,0.356,71.72
LTCUSDT,BUY,LIMIT,1701424305393,4.990,71.67
LTCUSDT,BUY,LIMIT,1701424574489,10.883,71.64
LTCUSDT,BUY,LIMIT,1701424610995,16.282,71.67
LTCUSDT,SELL,LIMIT,1701424849541,0.428,84.81
