Symbol,Side,Order Type,Time,Quantity,Price
LTCUSDT,SELL,LIMIT,1701918644218,0.620,72.10
LTCUSDT,BUY,LIMIT,1701922965826,70.175,73.89
LTCUSDT,BUY,LIMIT,1701923211311,1.436,74.02
LTCUSDT,BUY,LIMIT,1701923225510,1.937,74.06
LTCUSDT,BUY,LIMIT,1701923229305,4.018,74.12
LTCUSDT,BUY,LIMIT,1701923973686,5.028,74.17
LTCUSDT,BUY,LIMIT,1701924279012,8.247,74.25
LTCUSDT,BUY,LIMIT,1701924762072,43.000,74.26
LTCUSDT,BUY,LIMIT,1701925200995,16.424,74.48
LTCUSDT,BUY,LIMIT,1701925265972,12.846,74.50
LTCUSDT,BUY,LIMIT,1701925400169,1.013,74.59
LTCUSDT,BUY,LIMIT,1701925402320,17.280,74.60
LTCUSDT,BUY,LIMIT,1701925422071,0.766,74.65
LTCUSDT,BUY,LIMIT,1701925435028,1.781,74.71
LTCUSDT,BUY,LIMIT,1701925468169,0.282,74.73
LTCUSDT,BUY,LIMIT,1701925478694,1.567,74.75
LTCUSDT,BUY,LIMIT,1701926962788,1.053,74.67
LTCUSDT,BUY,LIMIT,1701927528226,6.069,74.76
LTCUSDT,BUY,LIMIT,1701927621071,19.962,74.72
LTCUSDT,BUY,LIMIT,1701928379442,2.628,74.78
LTCUSDT,SELL,LIMIT,1701931569734,0.274,75.14
LTCUSDT,SELL,LIMIT,1701931581285,0.300,73.36
LTCUSDT,SELL,LIMIT,1701931587490,0.412,73.32
LTCUSDT,SELL,LIMIT,1701931589863,5.510,73.31
LTCUSDT,SELL,LIMIT,1701931651471,1.999,73.31
LTCUSDT,SELL,LIMIT,1701931652893,1.897,73.30
LTCUSDT,SELL,LIMIT,1701931807499,7.395,73.24
LTCUSDT,SELL,LIMIT,1701936923522,6.081,73.28
LTCUSDT,SELL,LIMIT,1701936968159,14.791,73.24
LTCUSDT,SELL,LIMIT,1701936969366,7.395,73.23
LTCUSDT,SELL,LIMIT,1701936980246,13.312,73.21
LTCUSDT,SELL,LIMIT,1701936981377,7.395,73.21
LTCUSDT,SELL,LIMIT,1701937344986,7.395,73.16
LTCUSDT,SELL,LIMIT,1701937386525,7.395,73.14
LTCUSDT,SELL,LIMIT,1701937400130,1.286,73.02
LTCUSDT,SELL,LIMIT,1701939365495,6.198,72.85
LTCUSDT,SELL,LIMIT,1701939367855,0.373,72.80
LTCUSDT,SELL,LIMIT,1701939871105,0.894,72.87
LTCUSDT,SELL,LIMIT,1701939932434,6.786,72.81
LTCUSDT,SELL,LIMIT,1701939972447,9.782,72.74
LTCUSDT,SELL,LIMIT,1701939997625,4.500,72.72
LTCUSDT,SELL,LIMIT,1701940011160,0.578,72.68
LTCUSDT,SELL,LIMIT,1701940013314,6.811,72.68
LTCUSDT,SELL,LIMIT,1701940020768,3.699,72.67
LTCUSDT,SELL,LIMIT,1701940523679,3.131,72.60
LTCUSDT,SELL,LIMIT,1701940545192,29.421,72.56
LTCUSDT,SELL,LIMIT,1701940547931,18.649,72.55
LTCUSDT,SELL,LIMIT,1701940555423,17.238,72.51
LTCUSDT,SELL,LIMIT,1701940559226,2.987,72.45
LTCUSDT,SELL,LIMIT,1701940563313,25.000,72.40
LTCUSDT,SELL,LIMIT,1701940567380,12.907,72.37
LTCUSDT,SELL,LIMIT,1701941025074,7.475,72.26
LTCUSDT,SELL,LIMIT,1701941060740,1.098,72.26
LTCUSDT,SELL,LIMIT,1701941067090,0.986,72.20
LTCUSDT,SELL,LIMIT,1701941075517,0.826,72.18
LTCUSDT,SELL,LIMIT,1701941153426,0.282,72.10
LTCUSDT,SELL,LIMIT,1701941159743,0.275,72.03
LTCUSDT,SELL,LIMIT,1701941161488,0.783,72.01
LTCUSDT,SELL,LIMIT,1701941174312,6.869,72.00
LTCUSDT,SELL,LIMIT,1701941185347,3.408,71.95
LTCUSDT,SELL,LIMIT,1701941187484,22.004,71.85
LTCUSDT,SELL,LIMIT,1701941189833,0.285,72.15
LTCUSDT,SELL,LIMIT,1701941207766,45.481,71.79
LTCUSDT,SELL,LIMIT,1701941226134,1.092,71.81
LTCUSDT,SELL,LIMIT,1701941231243,0.724,71.79
LTCUSDT,SELL,LIMIT,1701941237394,5.033,71.74
LTCUSDT,SELL,LIMIT,1701941239249,0.284,72.06
LTCUSDT,SELL,LIMIT,1701941240284,3.705,71.72
LTCUSDT,SELL,LIMIT,1701941245888,17.009,71.94
LTCUSDT,SELL,LIMIT,1701941247329,0.040,71.66
LTCUSDT,SELL,LIMIT,1701941248385,0.571,71.65
LTCUSDT,SELL,LIMIT,1701941254175,0.665,71.64
LTCUSDT,SELL,LIMIT,1701941256325,136.330,71.57
LTCUSDT,SELL,LIMIT,1701941271160,0.675,71.56
LTCUSDT,BUY,LIMIT,1701941531438,6.749,72.91
LTCUSDT,BUY,LIMIT,1701941536241,1.036,72.94
LTCUSDT,SELL,LIMIT,1701950638025,3.376,72.34
LTCUSDT,SELL,LIMIT,1701951337174,6.219,72.63
LTCUSDT,BUY,LIMIT,1701953965096,1.283,73.72
LTCUSDT,BUY,LIMIT,1701953976590,0.001,73.72
LTCUSDT,SELL,LIMIT,1701957042208,4.277,72.36
LTCUSDT,BUY,LIMIT,1701959502332,1.000,73.35
LTCUSDT,BUY,LIMIT,1701959801139,7.211,73.43
LTCUSDT,BUY,LIMIT,1701961431259,0.652,73.61
LTCUSDT,BUY,LIMIT,1701962461485,7.426,73.82
LTCUSDT,BUY,LIMIT,1701962490886,12.347,73.84
LTCUSDT,BUY,LIMIT,1701962512059,0.141,73.86
LTCUSDT,SELL,LIMIT,1701962642530,0.426,74.91
LTCUSDT,BUY,LIMIT,1701962686690,1.000,73.91
LTCUSDT,BUY,LIMIT,1701962750752,0.310,73.95
LTCUSDT,BUY,LIMIT,1701962771700,42.067,74.00
LTCUSDT,BUY,LIMIT,1701962848152,0.300,74.11
LTCUSDT,BUY,LIMIT,1701963000401,0.396,74.14
LTCUSDT,SELL,LIMIT,1701963021012,3.610,73.56
LTCUSDT,BUY,LIMIT,1701965033447,0.088,74.08
LTCUSDT,BUY,LIMIT,1701965086476,204.081,74.06
LTCUSDT,BUY,LIMIT,1701965358539,2.850,74.16
LTCUSDT,BUY,LIMIT,1701965528472,0.866,74.25
LTCUSDT,BUY,LIMIT,1701966133819,3.976,74.30
LTCUSDT,BUY,LIMIT,1701966134837,14.083,74.32
LTCUSDT,BUY,LIMIT,1701966410560,37.394,74.29
LTCUSDT,BUY,LIMIT,1701966789476,8.338,74.53
LTCUSDT,BUY,LIMIT,1701966791398,10.313,74.53
LTCUSDT,BUY,LIMIT,1701966850167,108.981,74.66
LTCUSDT,BUY,LIMIT,1701968119229,3.639,74.67
LTCUSDT,BUY,LIMIT,1701968145111,1.092,74.71
LTCUSDT,BUY,LIMIT,1701969747778,0.352,74.88
LTCUSDT,SELL,LIMIT,1701971378265,0.450,73.66
LTCUSDT,BUY,LIMIT,1701971753363,5.523,74.84
LTCUSDT,SELL,LIMIT,1701977167145,68.562,73.40
LTCUSDT,SELL,LIMIT,1701978085376,0.338,73.14
LTCUSDT,SELL,LIMIT,1701978294502,67.494,73.11
LTCUSDT,SELL,LIMIT,1701978436948,8.001,73.08
LTCUSDT,SELL,LIMIT,1701978438655,20.248,73.07
LTCUSDT,SELL,LIMIT,1701981586080,2.479,73.03
LTCUSDT,BUY,LIMIT,1701984741196,0.139,74.04
LTCUSDT,BUY,LIMIT,1701985095075,3.102,74.33
LTCUSDT,SELL,LIMIT,1701985124776,0.743,73.70
LTCUSDT,BUY,LIMIT,1701985178175,4.951,74.49
LTCUSDT,BUY,LIMIT,1701992787349,2.703,74.52
LTCUSDT,SELL,LIMIT,1701994170735,15.455,73.82
LTCUSDT,SELL,LIMIT,1701996361660,34.000,73.43
LTCUSDT,SELL,LIMIT,1701997410797,24.391,73.34
LTCUSDT,SELL,LIMIT,1701997437234,5.049,73.30
LTCUSDT,SELL,LIMIT,1701997472133,28.876,73.24
LTCUSDT,SELL,LIMIT,1701997711180,12.788,73.20
LTCUSDT,SELL,LIMIT,1701997744430,0.261,73.11
LTCUSDT,SELL,LIMIT,1701997773422,1.542,73.08
LTCUSDT,SELL,LIMIT,1702002743042,1.445,73.73
LTCUSDT,BUY,LIMIT,1702004071099,5.093,74.55
LTCUSDT,BUY,LIMIT,1702005286423,24.110,74.56
LTCUSDT,BUY,LIMIT,1702005324117,0.917,74.43
LTCUSDT,BUY,LIMIT,1702006482461,2.736,74.88
LTCUSDT,BUY,LIMIT,1702006680080,6.119,74.97
LTCUSDT,BUY,LIMIT,1702006750550,12.823,75.05
LTCUSDT,BUY,LIMIT,1702006767779,9.271,75.06
LTCUSDT,BUY,LIMIT,1702006869146,5.347,75.10
LTCUSDT,BUY,LIMIT,1702006899437,7.912,75.13
LTCUSDT,BUY,LIMIT,1702006942315,6.098,75.17
LTCUSDT,BUY,LIMIT,1702007153374,1.208,75.14
LTCUSDT,BUY,LIMIT,1702008918864,172.866,75.32
LTCUSDT,BUY,LIMIT,1702008934170,0.270,75.24
LTCUSDT,BUY,LIMIT,1702009676987,6.785,75.19
LTCUSDT,BUY,LIMIT,1702011698339,6.732,75.07
LTCUSDT,BUY,LIMIT,1702012438162,1.557,75.30
LTCUSDT,BUY,LIMIT,1702012456780,1.958,75.33
LTCUSDT,BUY,LIMIT,1702012469144,49.298,75.34
LTCUSDT,BUY,LIMIT,1702012536267,0.313,75.38
LTCUSDT,BUY,LIMIT,1702012543099,10.000,75.38
LTCUSDT,BUY,LIMIT,1702012563484,74.758,75.41
LTCUSDT,BUY,LIMIT,1702015838334,11.894,75.12
LTCUSDT,BUY,LIMIT,1702015946372,2.656,75.22
LTCUSDT,BUY,LIMIT,1702018380321,2.104,75.08
LTCUSDT,SELL,LIMIT,1702020223230,18.510,74.14
LTCUSDT,SELL,LIMIT,1702020326260,13.590,74.03
LTCUSDT,SELL,LIMIT,1702020336424,7.599,73.98
LTCUSDT,SELL,LIMIT,1702020472357,66.970,73.89
LTCUSDT,SELL,LIMIT,1702020505167,0.336,73.83
LTCUSDT,SELL,LIMIT,1702020507072,19.961,73.82
LTCUSDT,SELL,LIMIT,1702020520396,26.677,73.80
LTCUSDT,SELL,LIMIT,1702020530518,0.381,73.80
LTCUSDT,SELL,LIMIT,1702020637523,66.865,73.75
LTCUSDT,SELL,LIMIT,1702020643010,8.089,73.70
LTCUSDT,SELL,LIMIT,1702020652337,2.146,73.64
LTCUSDT,SELL,LIMIT,1702020655283,19.686,73.62
LTCUSDT,BUY,LIMIT,1702020664677,0.271,74.31
LTCUSDT,BUY,LIMIT,1702027314229,0.671,75.07
LTCUSDT,BUY,LIMIT,1702027432672,1.563,75.11
LTCUSDT,BUY,LIMIT,1702027570929,1.930,75.30
LTCUSDT,BUY,LIMIT,1702027592702,0.349,75.44
LTCUSDT,BUY,LIMIT,1702027633206,1.619,75.48
LTCUSDT,BUY,LIMIT,1702027664285,2.467,75.57
LTCUSDT,BUY,LIMIT,1702027665347,24.000,75.57
LTCUSDT,BUY,LIMIT,1702027667111,0.465,75.59
LTCUSDT,BUY,LIMIT,1702027669248,4.066,75.62
LTCUSDT,BUY,LIMIT,1702027670500,0.019,75.66
LTCUSDT,BUY,LIMIT,1702027685216,0.918,75.68
LTCUSDT,BUY,LIMIT,1702027687257,2.000,75.70
LTCUSDT,BUY,LIMIT,1702027690381,5.745,75.72
LTCUSDT,BUY,LIMIT,1702027693041,2.145,75.73
LTCUSDT,BUY,LIMIT,1702027712207,6.215,75.81
LTCUSDT,BUY,LIMIT,1702027713470,1.073,75.80
LTCUSDT,BUY,LIMIT,1702027715463,2.038,75.82
LTCUSDT,BUY,LIMIT,1702027722948,0.700,75.84
LTCUSDT,BUY,LIMIT,1702027783557,13.400,75.87
LTCUSDT,BUY,LIMIT,1702027786485,3.180,75.89
LTCUSDT,BUY,LIMIT,1702027788068,0.608,75.92
LTCUSDT,BUY,LIMIT,1702027813117,0.268,75.96
LTCUSDT,BUY,LIMIT,1702027814442,1.483,75.95
LTCUSDT,BUY,LIMIT,1702027836415,263.247,76.18
LTCUSDT,BUY,LIMIT,1702027842202,13.360,75.99
LTCUSDT,BUY,LIMIT,1702027845745,10.000,76.03
LTCUSDT,SELL,LIMIT,1702028139547,0.746,74.45
LTCUSDT,SELL,LIMIT,1702028336970,21.289,74.43
LTCUSDT,SELL,LIMIT,1702029212628,1.111,74.23
LTCUSDT,SELL,LIMIT,1702029240123,11.346,74.18
LTCUSDT,SELL,LIMIT,1702029241212,3.728,74.14
LTCUSDT,SELL,LIMIT,1702029568739,45.301,73.99
LTCUSDT,BUY,LIMIT,1702031447228,5.254,75.44
LTCUSDT,BUY,LIMIT,1702031539495,67.042,75.61
LTCUSDT,BUY,LIMIT,1702031683445,13.535,75.74
LTCUSDT,SELL,LIMIT,1702034747393,0.065,75.15
LTCUSDT,BUY,LIMIT,1702034824267,131.789,76.02
LTCUSDT,BUY,LIMIT,1702034835077,0.700,76.06
LTCUSDT,BUY,LIMIT,1702034836154,0.476,76.07
LTCUSDT,BUY,LIMIT,1702034838022,1.000,76.13
LTCUSDT,BUY,LIMIT,1702034839325,6.419,76.17
LTCUSDT,BUY,LIMIT,1702035157862,2.565,76.02
LTCUSDT,BUY,LIMIT,1702035174241,26.598,76.06
LTCUSDT,BUY,LIMIT,1702035450752,258.202,76.03
LTCUSDT,BUY,LIMIT,1702035452611,3.490,75.92
LTCUSDT,BUY,LIMIT,1702035734214,1.116,76.11
LTCUSDT,SELL,LIMIT,1702035937226,5.715,75.35
LTCUSDT,BUY,LIMIT,1702036079238,1.779,75.02
LTCUSDT,BUY,LIMIT,1702036083674,0.663,76.00
LTCUSDT,BUY,LIMIT,1702036109715,0.310,76.11
LTCUSDT,BUY,LIMIT,1702036193639,0.127,76.10
LTCUSDT,BUY,LIMIT,1702038247199,1.662,76.25
LTCUSDT,BUY,LIMIT,1702038248213,1.073,76.26
LTCUSDT,BUY,LIMIT,1702038481100,20.946,76.27
LTCUSDT,BUY,LIMIT,1702038584194,0.501,76.33
LTCUSDT,BUY,LIMIT,1702038609915,66.782,76.39
LTCUSDT,BUY,LIMIT,1702038636725,200.000,76.60
LTCUSDT,BUY,LIMIT,1702038702192,5.585,76.49
LTCUSDT,BUY,LIMIT,1702038704387,6.661,76.50
LTCUSDT,BUY,LIMIT,1702038715005,0.934,76.54
LTCUSDT,BUY,LIMIT,1702038716017,0.794,76.58
LTCUSDT,BUY,LIMIT,1702038732537,120.196,76.64
LTCUSDT,BUY,LIMIT,1702038737538,3.352,76.64
LTCUSDT,BUY,LIMIT,1702039084394,0.089,76.54
LTCUSDT,SELL,LIMIT,1702040185238,1.005,75.20
LTCUSDT,SELL,LIMIT,1702040192697,15.676,75.05
LTCUSDT,SELL,LIMIT,1702040197333,3.488,74.93
LTCUSDT,BUY,LIMIT,1702042848218,0.305,76.14
LTCUSDT,BUY,LIMIT,1702043343354,1.186,76.30
LTCUSDT,SELL,LIMIT,1702043701453,15.032,75.69
LTCUSDT,SELL,LIMIT,1702044018456,0.345,75.49
LTCUSDT,BUY,LIMIT,1702044211281,5.949,76.61
LTCUSDT,BUY,LIMIT,1702044263041,1.647,76.66
LTCUSDT,BUY,LIMIT,1702045885456,16.842,76.26
LTCUSDT,BUY,LIMIT,1702045896289,1.432,76.26
LTCUSDT,BUY,LIMIT,1702046149260,1.506,76.68
LTCUSDT,BUY,LIMIT,1702047696469,0.800,76.64
LTCUSDT,BUY,LIMIT,1702048102027,0.302,76.68
LTCUSDT,BUY,LIMIT,1702048180327,0.849,76.72
LTCUSDT,BUY,LIMIT,1702048188629,1.353,76.74
LTCUSDT,BUY,LIMIT,1702048192662,3.362,76.78
LTCUSDT,BUY,LIMIT,1702048205120,7.000,76.82
LTCUSDT,BUY,LIMIT,1702048396351,1.687,76.84
LTCUSDT,BUY,LIMIT,1702048458195,0.623,76.85
LTCUSDT,BUY,LIMIT,1702048470258,4.187,76.90
LTCUSDT,BUY,LIMIT,1702048481144,2.592,76.91
LTCUSDT,BUY,LIMIT,1702048549777,0.684,76.92
LTCUSDT,BUY,LIMIT,1702048553569,31.094,76.94
LTCUSDT,BUY,LIMIT,1702048556149,0.337,76.95
LTCUSDT,BUY,LIMIT,1702048558272,171.514,77.08
LTCUSDT,BUY,LIMIT,1702048559295,0.566,76.98
LTCUSDT,BUY,LIMIT,1702048573641,51.722,77.07
LTCUSDT,SELL,LIMIT,1702049827539,66.032,76.07
LTCUSDT,BUY,LIMIT,1702050394709,2.160,76.64
LTCUSDT,SELL,LIMIT,1702050447034,0.595,76.00
LTCUSDT,BUY,LIMIT,1702050454463,5.291,76.76
LTCUSDT,BUY,LIMIT,1702050456356,5.268,76.76
LTCUSDT,BUY,LIMIT,1702050726939,4.668,76.67
LTCUSDT,SELL,LIMIT,1702050827002,1.500,75.84
LTCUSDT,SELL,LIMIT,1702050961203,5.000,75.47
LTCUSDT,SELL,LIMIT,1702050966770,9.020,75.46
LTCUSDT,BUY,LIMIT,1702051257194,13.310,76.55
LTCUSDT,SELL,LIMIT,1702051261232,0.412,75.84
LTCUSDT,BUY,LIMIT,1702051270399,0.229,76.58
LTCUSDT,BUY,LIMIT,1702051338293,12.669,76.70
LTCUSDT,BUY,LIMIT,1702051354067,8.455,76.66
LTCUSDT,BUY,LIMIT,1702051365072,22.773,76.75
LTCUSDT,BUY,LIMIT,1702051371796,3.147,76.76
LTCUSDT,BUY,LIMIT,1702051512101,4.890,77.17
LTCUSDT,BUY,LIMIT,1702051513244,5.284,77.13
LTCUSDT,SELL,LIMIT,1702051515200,0.920,76.40
LTCUSDT,BUY,LIMIT,1702051520184,4.905,77.17
LTCUSDT,BUY,LIMIT,1702051642392,12.297,77.21
LTCUSDT,BUY,LIMIT,1702051648463,0.714,77.23
LTCUSDT,BUY,LIMIT,1702051650244,1.605,77.25
LTCUSDT,BUY,LIMIT,1702051731238,566.445,77.65
LTCUSDT,BUY,LIMIT,1702051737777,3.206,77.41
LTCUSDT,BUY,LIMIT,1702051758387,0.885,77.41
LTCUSDT,BUY,LIMIT,1702051759608,336.038,77.67
LTCUSDT,BUY,LIMIT,1702051914257,63.145,77.45
LTCUSDT,BUY,LIMIT,1702051915321,132.972,77.49
LTCUSDT,BUY,LIMIT,1702051940079,22.348,77.45
LTCUSDT,BUY,LIMIT,1702051955204,1.636,77.45
LTCUSDT,BUY,LIMIT,1702051960507,9.581,77.47
LTCUSDT,BUY,LIMIT,1702051963419,6.707,77.48
LTCUSDT,BUY,LIMIT,1702051974584,7.165,77.51
LTCUSDT,BUY,LIMIT,1702051977172,65.806,77.53
LTCUSDT,BUY,LIMIT,1702051979183,0.262,77.57
LTCUSDT,BUY,LIMIT,1702051981125,41.553,77.59
LTCUSDT,BUY,LIMIT,1702052033968,0.596,77.58
LTCUSDT,BUY,LIMIT,1702052043585,6.822,77.61
LTCUSDT,BUY,LIMIT,1702052045654,4.346,77.63
LTCUSDT,BUY,LIMIT,1702052081720,0.319,77.55
LTCUSDT,BUY,LIMIT,1702052090809,0.895,77.57
LTCUSDT,BUY,LIMIT,1702052113269,94.963,77.73
LTCUSDT,BUY,LIMIT,1702052114344,2.667,77.68
LTCUSDT,BUY,LIMIT,1702052116031,29.746,77.73
LTCUSDT,BUY,LIMIT,1702052118439,2.635,77.75
LTCUSDT,BUY,LIMIT,1702052119455,0.999,77.77
LTCUSDT,BUY,LIMIT,1702052124265,38.536,77.80
LTCUSDT,BUY,LIMIT,1702052127606,0.771,77.82
LTCUSDT,BUY,LIMIT,1702052128996,31.765,77.86
LTCUSDT,BUY,LIMIT,1702052130133,7.901,77.88
LTCUSDT,BUY,LIMIT,1702052132045,13.133,77.95
LTCUSDT,BUY,LIMIT,1702052133310,7.305,77.91
LTCUSDT,BUY,LIMIT,1702052136002,31.328,77.99
LTCUSDT,BUY,LIMIT,1702052137065,0.389,78.06
LTCUSDT,BUY,LIMIT,1702052143339,0.248,78.07
LTCUSDT,BUY,LIMIT,1702052149086,0.439,78.07
LTCUSDT,BUY,LIMIT,1702052150148,157.146,78.24
LTCUSDT,BUY,LIMIT,1702052151390,99.402,78.13
LTCUSDT,BUY,LIMIT,1702052158057,0.300,78.18
LTCUSDT,BUY,LIMIT,1702052161391,1.023,78.21
LTCUSDT,BUY,LIMIT,1702052164133,0.408,78.22
LTCUSDT,BUY,LIMIT,1702052165153,7.016,78.22
LTCUSDT,BUY,LIMIT,1702052174220,0.886,78.24
LTCUSDT,BUY,LIMIT,1702052175423,1.184,78.25
LTCUSDT,BUY,LIMIT,1702052188056,3.042,78.29
LTCUSDT,BUY,LIMIT,1702052193565,53.843,78.32
LTCUSDT,BUY,LIMIT,1702052195198,0.073,78.32
LTCUSDT,BUY,LIMIT,1702052197714,11.775,78.33
LTCUSDT,BUY,LIMIT,1702052201199,5.413,78.33
LTCUSDT,BUY,LIMIT,1702052237082,206.611,78.55
LTCUSDT,BUY,LIMIT,1702052239674,21.353,78.38
LTCUSDT,BUY,LIMIT,1702052246999,0.254,78.41
LTCUSDT,BUY,LIMIT,1702052249126,0.274,78.42
LTCUSDT,BUY,LIMIT,1702052250198,1.374,78.45
LTCUSDT,BUY,LIMIT,1702052266497,0.400,78.48
LTCUSDT,BUY,LIMIT,1702052326196,0.737,78.53
LTCUSDT,BUY,LIMIT,1702052327398,0.312,78.53
LTCUSDT,BUY,LIMIT,1702052328953,4.178,78.54
LTCUSDT,BUY,LIMIT,1702052331314,0.081,78.55
LTCUSDT,BUY,LIMIT,1702052333126,6.778,78.58
LTCUSDT,BUY,LIMIT,1702052347511,2.245,78.61
LTCUSDT,BUY,LIMIT,1702053164552,1.546,78.68
LTCUSDT,BUY,LIMIT,1702053167515,0.279,78.71
LTCUSDT,BUY,LIMIT,1702053169439,0.710,78.76
LTCUSDT,BUY,LIMIT,1702053174125,60.466,78.80
LTCUSDT,BUY,LIMIT,1702053190424,4.942,78.84
LTCUSDT,BUY,LIMIT,1702053216215,2.019,78.86
LTCUSDT,BUY,LIMIT,1702053226767,2.795,78.87
LTCUSDT,BUY,LIMIT,1702053228289,1.939,78.93
LTCUSDT,BUY,LIMIT,1702053230357,3.486,78.94
LTCUSDT,BUY,LIMIT,1702053239103,5.748,78.95
LTCUSDT,BUY,LIMIT,1702053249256,31.100,78.96
LTCUSDT,BUY,LIMIT,1702053251534,1.047,78.97
LTCUSDT,BUY,LIMIT,1702053263077,0.407,78.98
LTCUSDT,BUY,LIMIT,1702053264178,13.782,78.98
LTCUSDT,BUY,LIMIT,1702053266208,137.866,79.06
LTCUSDT,BUY,LIMIT,1702053267572,7.732,79.02
LTCUSDT,BUY,LIMIT,1702053269123,0.653,79.05
LTCUSDT,BUY,LIMIT,1702053271416,0.383,79.07
LTCUSDT,BUY,LIMIT,1702053272707,0.310,79.08
LTCUSDT,BUY,LIMIT,1702053274516,3.160,79.09
LTCUSDT,BUY,LIMIT,1702053283826,12.694,79.11
LTCUSDT,BUY,LIMIT,1702053285805,0.293,79.11
LTCUSDT,BUY,LIMIT,1702053287650,1.711,79.13
LTCUSDT,BUY,LIMIT,1702053296076,21.431,79.18
LTCUSDT,BUY,LIMIT,1702053298401,184.151,79.37
LTCUSDT,BUY,LIMIT,1702053300037,0.392,79.24
LTCUSDT,BUY,LIMIT,1702053307402,1.322,79.26
LTCUSDT,SELL,LIMIT,1702054286557,9.762,77.56
LTCUSDT,SELL,LIMIT,1702054288685,10.235,77.52
LTCUSDT,SELL,LIMIT,1702054292226,48.200,77.43
LTCUSDT,SELL,LIMIT,1702054294383,7.133,77.38
LTCUSDT,SELL,LIMIT,1702054301341,7.799,77.30
LTCUSDT,SELL,LIMIT,1702054305141,1.841,77.28
LTCUSDT,SELL,LIMIT,1702054801353,0.960,77.07
LTCUSDT,SELL,LIMIT,1702055254010,2.120,77.00
LTCUSDT,SELL,LIMIT,1702055318677,4.545,76.96
LTCUSDT,SELL,LIMIT,1702055684238,18.100,76.80
LTCUSDT,SELL,LIMIT,1702055748471,19.054,76.73
LTCUSDT,SELL,LIMIT,1702056271692,0.594,76.56
LTCUSDT,SELL,LIMIT,1702056283288,45.875,76.45
LTCUSDT,SELL,LIMIT,1702056285575,20.000,76.39
LTCUSDT,SELL,LIMIT,1702056287472,0.261,76.36
LTCUSDT,SELL,LIMIT,1702056288521,7.126,76.34
LTCUSDT,BUY,LIMIT,1702059050809,4.246,77.76
LTCUSDT,BUY,LIMIT,1702059052341,0.344,77.98
LTCUSDT,BUY,LIMIT,1702060358599,5.821,78.31
LTCUSDT,BUY,LIMIT,1702062141735,0.294,78.25
LTCUSDT,BUY,LIMIT,1702064060253,0.586,78.49
LTCUSDT,BUY,LIMIT,1702064194413,1.298,78.46
LTCUSDT,BUY,LIMIT,1702064195892,0.568,78.46
LTCUSDT,BUY,LIMIT,1702065942715,0.827,78.51
LTCUSDT,BUY,LIMIT,1702066091781,1.414,78.53
LTCUSDT,BUY,LIMIT,1702067740550,23.234,78.44
LTCUSDT,BUY,LIMIT,1702068149254,512.034,78.90
LTCUSDT,BUY,LIMIT,1702068150476,7.500,78.61
LTCUSDT,BUY,LIMIT,1702068201225,67.499,78.60
LTCUSDT,BUY,LIMIT,1702068229047,2.434,78.55
LTCUSDT,BUY,LIMIT,1702069048992,1.000,78.55
LTCUSDT,BUY,LIMIT,1702069059331,3.482,78.55
LTCUSDT,BUY,LIMIT,1702069078918,0.640,78.59
LTCUSDT,BUY,LIMIT,1702070184498,25.700,78.40
LTCUSDT,BUY,LIMIT,1702070556342,16.417,78.28
LTCUSDT,BUY,LIMIT,1702070628857,45.414,78.30
LTCUSDT,BUY,LIMIT,1702070755491,12.338,78.49
LTCUSDT,BUY,LIMIT,1702070895514,0.921,78.53
LTCUSDT,SELL,LIMIT,1702071752031,4.962,77.25
LTCUSDT,SELL,LIMIT,1702072121149,4.364,77.19
LTCUSDT,SELL,LIMIT,1702072132154,3.343,77.08
LTCUSDT,SELL,LIMIT,1702072133574,15.984,77.10
LTCUSDT,SELL,LIMIT,1702072139517,3.465,77.07
LTCUSDT,BUY,LIMIT,1702072671667,0.152,78.09
LTCUSDT,BUY,LIMIT,1702072952977,21.142,78.11
LTCUSDT,SELL,LIMIT,1702075529138,4.017,77.20
LTCUSDT,SELL,LIMIT,1702076871621,1.922,77.00
LTCUSDT,SELL,LIMIT,1702076892050,0.507,76.98
LTCUSDT,BUY,LIMIT,1702078182357,23.272,78.01
LTCUSDT,BUY,LIMIT,1702078609448,0.665,78.36
LTCUSDT,BUY,LIMIT,1702078613254,0.321,78.36
LTCUSDT,BUY,LIMIT,1702078634221,4.210,78.41
LTCUSDT,BUY,LIMIT,1702078635397,3.066,78.42
LTCUSDT,BUY,LIMIT,1702078883087,0.267,78.43
LTCUSDT,BUY,LIMIT,1702078884146,6.869,78.69
LTCUSDT,BUY,LIMIT,1702078945727,20.287,78.82
LTCUSDT,BUY,LIMIT,1702078947377,28.452,78.82
LTCUSDT,BUY,LIMIT,1702079029063,1.498,78.83
LTCUSDT,BUY,LIMIT,1702079051050,42.581,78.88
LTCUSDT,BUY,LIMIT,1702079455214,2.641,78.90
LTCUSDT,BUY,LIMIT,1702079622076,26.453,78.92
LTCUSDT,BUY,LIMIT,1702079645483,0.538,78.94
LTCUSDT,BUY,LIMIT,1702079694021,5.774,78.97
LTCUSDT,BUY,LIMIT,1702080275342,0.300,78.85
LTCUSDT,BUY,LIMIT,1702080390884,1.127,78.83
LTCUSDT,BUY,LIMIT,1702080754255,0.670,78.78
LTCUSDT,BUY,LIMIT,1702080887266,0.985,78.74
LTCUSDT,BUY,LIMIT,1702081165344,1.321,79.01
LTCUSDT,BUY,LIMIT,1702081180477,54.071,79.04
LTCUSDT,BUY,LIMIT,1702081183104,6.605,79.04
LTCUSDT,BUY,LIMIT,1702081206712,0.950,79.07
LTCUSDT,BUY,LIMIT,1702081217029,4.906,79.08
LTCUSDT,BUY,LIMIT,1702081225873,1.000,79.10
LTCUSDT,BUY,LIMIT,1702081229517,13.330,79.11
LTCUSDT,BUY,LIMIT,1702081331546,0.663,79.12
LTCUSDT,SELL,LIMIT,1702081364752,1.902,78.31
LTCUSDT,BUY,LIMIT,1702081623518,2.394,78.94
LTCUSDT,BUY,LIMIT,1702081641200,0.271,78.94
LTCUSDT,BUY,LIMIT,1702081735000,13.107,78.99
LTCUSDT,BUY,LIMIT,1702081825947,64.491,79.09
LTCUSDT,BUY,LIMIT,1702082094847,4.809,79.09
LTCUSDT,BUY,LIMIT,1702082415835,37.965,79.21
LTCUSDT,BUY,LIMIT,1702082671360,0.953,79.19
LTCUSDT,BUY,LIMIT,1702082904819,38.724,78.98
LTCUSDT,SELL,LIMIT,1702082924582,9.008,78.26
LTCUSDT,BUY,LIMIT,1702083216665,16.500,78.96
LTCUSDT,SELL,LIMIT,1702083647471,62.003,78.02
LTCUSDT,BUY,LIMIT,1702085555500,0.005,78.45
LTCUSDT,BUY,LIMIT,1702085900320,0.152,78.68
LTCUSDT,BUY,LIMIT,1702091789060,6.545,78.81
LTCUSDT,BUY,LIMIT,1702091928251,10.288,78.91
LTCUSDT,BUY,LIMIT,1702091934127,1.000,78.92
LTCUSDT,BUY,LIMIT,1702092631200,27.781,79.01
LTCUSDT,BUY,LIMIT,1702094617865,8.526,78.97
LTCUSDT,BUY,LIMIT,1702094628258,6.393,78.96
LTCUSDT,BUY,LIMIT,1702094785870,6.254,79.08
LTCUSDT,BUY,LIMIT,1702094788127,0.325,79.08
LTCUSDT,BUY,LIMIT,1702094990387,0.772,78.99
LTCUSDT,BUY,LIMIT,1702095774161,9.008,78.92
LTCUSDT,BUY,LIMIT,1702096991279,4.532,79.24
LTCUSDT,BUY,LIMIT,1702096999423,9.540,79.25
LTCUSDT,BUY,LIMIT,1702097297239,0.653,79.24
LTCUSDT,BUY,LIMIT,1702097535296,1.442,79.30
LTCUSDT,BUY,LIMIT,1702097537684,18.679,79.31
LTCUSDT,BUY,LIMIT,1702097598366,0.274,79.34
LTCUSDT,BUY,LIMIT,1702097615744,20.904,79.35
LTCUSDT,BUY,LIMIT,1702097620210,2.143,79.36
LTCUSDT,BUY,LIMIT,1702097622512,4.542,79.37
LTCUSDT,BUY,LIMIT,1702097626121,13.224,79.38
LTCUSDT,BUY,LIMIT,1702097650546,0.489,79.41
LTCUSDT,BUY,LIMIT,1702097663219,0.643,79.42
LTCUSDT,BUY,LIMIT,1702097666784,0.270,79.43
LTCUSDT,BUY,LIMIT,1702097680199,0.295,79.44
LTCUSDT,BUY,LIMIT,1702097844119,2.432,79.40
LTCUSDT,BUY,LIMIT,1702098589449,70.000,79.42
LTCUSDT,BUY,LIMIT,1702098922020,13.848,79.45
LTCUSDT,BUY,LIMIT,1702098931198,18.514,79.46
LTCUSDT,BUY,LIMIT,1702098932501,8.378,79.47
LTCUSDT,BUY,LIMIT,1702098941673,5.778,79.51
LTCUSDT,BUY,LIMIT,1702099032356,7.108,79.53
LTCUSDT,BUY,LIMIT,1702099051780,4.229,79.55
LTCUSDT,BUY,LIMIT,1702099075118,5.400,79.59
LTCUSDT,BUY,LIMIT,1702099076823,1.630,79.59
LTCUSDT,BUY,LIMIT,1702099079977,4.047,79.60
LTCUSDT,BUY,LIMIT,1702099086417,0.267,79.63
LTCUSDT,BUY,LIMIT,1702099172596,30.668,79.68
LTCUSDT,BUY,LIMIT,1702099327541,28.069,79.66
LTCUSDT,BUY,LIMIT,1702099526348,53.094,79.69
LTCUSDT,BUY,LIMIT,1702099548532,0.264,79.73
LTCUSDT,BUY,LIMIT,1702099551339,9.000,79.75
LTCUSDT,BUY,LIMIT,1702099576324,4.028,79.78
LTCUSDT,BUY,LIMIT,1702099579265,41.689,79.79
LTCUSDT,BUY,LIMIT,1702099584161,0.207,79.80
LTCUSDT,BUY,LIMIT,1702099590563,0.500,79.81
LTCUSDT,BUY,LIMIT,1702099603623,2.015,79.82
LTCUSDT,BUY,LIMIT,1702099605459,105.657,79.87
LTCUSDT,BUY,LIMIT,1702099606591,1.258,79.84
LTCUSDT,SELL,LIMIT,1702100614417,0.288,78.67
LTCUSDT,BUY,LIMIT,1702101204887,7.854,79.22
LTCUSDT,SELL,LIMIT,1702101342180,17.643,78.24
LTCUSDT,SELL,LIMIT,1702102341703,9.365,78.33
LTCUSDT,BUY,LIMIT,1702102346199,1.167,79.11
LTCUSDT,BUY,LIMIT,1702103376621,8.189,79.12
LTCUSDT,BUY,LIMIT,1702103723270,0.187,79.13
LTCUSDT,BUY,LIMIT,1702104606585,0.100,78.89
LTCUSDT,BUY,LIMIT,1702105732432,0.001,79.45
LTCUSDT,BUY,LIMIT,1702105909486,3.760,79.48
LTCUSDT,BUY,LIMIT,1702105970931,95.002,79.54
LTCUSDT,BUY,LIMIT,1702106081224,0.665,79.50
LTCUSDT,BUY,LIMIT,1702106298707,2.293,79.57
LTCUSDT,BUY,LIMIT,1702106825704,1.763,79.37
LTCUSDT,BUY,LIMIT,1702106888279,2.357,79.45
LTCUSDT,SELL,LIMIT,1702107511271,1.500,78.59
LTCUSDT,SELL,LIMIT,1702107520040,5.177,78.63
LTCUSDT,BUY,LIMIT,1702107523814,13.420,79.39
LTCUSDT,BUY,LIMIT,1702107549250,0.705,79.36
LTCUSDT,BUY,LIMIT,1702108132077,0.218,79.47
LTCUSDT,BUY,LIMIT,1702108199307,0.977,79.64
LTCUSDT,SELL,LIMIT,1702108293834,0.929,78.89
LTCUSDT,BUY,LIMIT,1702108298201,4.365,79.73
LTCUSDT,BUY,LIMIT,1702108513287,39.422,79.71
LTCUSDT,BUY,LIMIT,1702108532625,31.491,79.75
LTCUSDT,BUY,LIMIT,1702108541442,33.221,79.80
LTCUSDT,BUY,LIMIT,1702108556279,0.330,79.64
LTCUSDT,BUY,LIMIT,1702108951658,2.276,79.68
LTCUSDT,BUY,LIMIT,1702109102696,5.265,79.67
LTCUSDT,BUY,LIMIT,1702109370444,0.591,79.59
LTCUSDT,BUY,LIMIT,1702109477131,19.065,79.52
LTCUSDT,BUY,LIMIT,1702109512724,0.674,79.27
LTCUSDT,BUY,LIMIT,1702109514107,5.908,79.52
LTCUSDT,BUY,LIMIT,1702109557621,3.000,79.49
LTCUSDT,BUY,LIMIT,1702109751572,32.371,79.59
LTCUSDT,BUY,LIMIT,1702109836809,0.652,79.70
LTCUSDT,BUY,LIMIT,1702109925240,34.429,79.85
LTCUSDT,BUY,LIMIT,1702110064832,750.042,80.36
LTCUSDT,BUY,LIMIT,1702110067314,2.397,79.91
LTCUSDT,BUY,LIMIT,1702110068345,0.743,79.92
LTCUSDT,BUY,LIMIT,1702110072360,4.487,79.93
LTCUSDT,BUY,LIMIT,1702110089768,28.153,79.96
LTCUSDT,BUY,LIMIT,1702110091252,7.458,79.97
LTCUSDT,BUY,LIMIT,1702110102356,10.898,79.98
LTCUSDT,BUY,LIMIT,1702110120290,0.285,79.93
LTCUSDT,SELL,LIMIT,1702110238246,0.519,79.14
LTCUSDT,BUY,LIMIT,1702110275383,101.351,79.94
LTCUSDT,BUY,LIMIT,1702110301147,2.969,79.98
LTCUSDT,BUY,LIMIT,1702110488370,9.452,79.86
LTCUSDT,SELL,LIMIT,1702110844180,0.887,78.36
LTCUSDT,BUY,LIMIT,1702110862151,0.424,79.04
LTCUSDT,SELL,LIMIT,1702110869534,5.605,78.22
LTCUSDT,SELL,LIMIT,1702110872280,63.580,78.22
LTCUSDT,SELL,LIMIT,1702110876134,1.399,78.17
LTCUSDT,SELL,LIMIT,1702110880168,3.032,78.13
LTCUSDT,SELL,LIMIT,1702110881848,47.804,78.09
LTCUSDT,SELL,LIMIT,1702110909545,29.740,78.04
LTCUSDT,SELL,LIMIT,1702110911954,31.613,78.01
LTCUSDT,SELL,LIMIT,1702110913310,0.278,77.92
LTCUSDT,SELL,LIMIT,1702110914426,0.625,77.95
LTCUSDT,SELL,LIMIT,1702110921145,4.411,77.85
LTCUSDT,SELL,LIMIT,1702110969708,0.576,77.80
LTCUSDT,SELL,LIMIT,1702110972408,27.000,77.75
LTCUSDT,BUY,LIMIT,1702110975254,0.306,78.37
LTCUSDT,SELL,LIMIT,1702110979327,15.721,77.63
LTCUSDT,SELL,LIMIT,1702110980483,55.484,77.63
LTCUSDT,SELL,LIMIT,1702110982526,2.293,77.52
LTCUSDT,SELL,LIMIT,1702110984411,65.462,77.47
LTCUSDT,SELL,LIMIT,1702111030855,0.590,77.47
LTCUSDT,SELL,LIMIT,1702111032795,29.383,77.42
LTCUSDT,SELL,LIMIT,1702111034086,30.000,77.33
LTCUSDT,SELL,LIMIT,1702111035107,52.443,77.33
LTCUSDT,SELL,LIMIT,1702111037762,9.859,77.28
LTCUSDT,SELL,LIMIT,1702111039040,20.739,77.27
LTCUSDT,SELL,LIMIT,1702111040327,3.820,77.19
LTCUSDT,SELL,LIMIT,1702111043324,8.153,77.06
LTCUSDT,SELL,LIMIT,1702111044402,1.499,77.00
LTCUSDT,SELL,LIMIT,1702111045612,20.000,76.98
LTCUSDT,SELL,LIMIT,1702111061250,0.002,142.56
LTCUSDT,SELL,LIMIT,1702111204007,0.006,77.00
LTCUSDT,SELL,LIMIT,1702111371576,61.160,76.86
LTCUSDT,SELL,LIMIT,1702111374243,16.861,76.83
LTCUSDT,SELL,LIMIT,1702111375284,0.011,76.80
LTCUSDT,SELL,LIMIT,1702111377295,8.000,76.74
LTCUSDT,SELL,LIMIT,1702111378514,64.036,76.70
LTCUSDT,SELL,LIMIT,1702111380256,1.587,76.65
LTCUSDT,SELL,LIMIT,1702111381495,30.000,76.67
LTCUSDT,SELL,LIMIT,1702111384338,25.769,76.56
LTCUSDT,SELL,LIMIT,1702111385383,93.462,76.53
LTCUSDT,SELL,LIMIT,1702111386717,0.001,122.80
LTCUSDT,SELL,LIMIT,1702111387878,32.357,76.51
LTCUSDT,SELL,LIMIT,1702111389185,1.289,76.45
LTCUSDT,SELL,LIMIT,1702111392445,63.850,76.63
LTCUSDT,SELL,LIMIT,1702115023497,16.188,77.16
LTCUSDT,SELL,LIMIT,1702115079209,13.743,77.12
LTCUSDT,SELL,LIMIT,1702115081441,16.684,77.10
LTCUSDT,SELL,LIMIT,1702115087882,7.259,77.09
LTCUSDT,SELL,LIMIT,1702115090671,28.735,77.05
LTCUSDT,SELL,LIMIT,1702115094324,2.393,77.04
LTCUSDT,SELL,LIMIT,1702115102097,1.535,77.00
LTCUSDT,SELL,LIMIT,1702115621300,6.847,77.10
LTCUSDT,SELL,LIMIT,1702117631859,9.626,76.89
LTCUSDT,BUY,LIMIT,1702123657483,25.273,78.39
LTCUSDT,BUY,LIMIT,1702123903393,0.269,78.67
LTCUSDT,BUY,LIMIT,1702123978867,0.912,78.73
LTCUSDT,BUY,LIMIT,1702123985266,13.981,78.76
LTCUSDT,SELL,LIMIT,1702124761050,5.869,77.23
LTCUSDT,SELL,LIMIT,1702132794633,6.405,77.04
LTCUSDT,SELL,LIMIT,1702132800334,9.763,77.01
LTCUSDT,SELL,LIMIT,1702132813348,1.303,76.99
LTCUSDT,SELL,LIMIT,1702132824955,0.400,76.94
LTCUSDT,SELL,LIMIT,1702132939174,9.220,76.94
LTCUSDT,SELL,LIMIT,1702132945655,62.574,76.94
LTCUSDT,SELL,LIMIT,1702132954392,29.525,76.88
LTCUSDT,SELL,LIMIT,1702132978189,9.279,76.86
LTCUSDT,SELL,LIMIT,1702132981769,37.142,76.85
LTCUSDT,SELL,LIMIT,1702132984159,3.025,76.81
LTCUSDT,SELL,LIMIT,1702132985763,0.991,76.78
LTCUSDT,SELL,LIMIT,1702132992510,62.316,76.82
LTCUSDT,SELL,LIMIT,1702132993859,1.915,76.73
LTCUSDT,SELL,LIMIT,1702132997410,3.168,76.71
LTCUSDT,SELL,LIMIT,1702132999347,1.270,76.69
LTCUSDT,SELL,LIMIT,1702133000696,39.238,76.65
LTCUSDT,SELL,LIMIT,1702133001742,0.352,76.67
LTCUSDT,SELL,LIMIT,1702133002747,12.162,76.62
LTCUSDT,SELL,LIMIT,1702133003748,1.015,76.74
LTCUSDT,SELL,LIMIT,1702133005637,8.767,76.55
LTCUSDT,SELL,LIMIT,1702133007029,6.406,76.50
LTCUSDT,SELL,LIMIT,1702133008395,8.657,76.41
LTCUSDT,SELL,LIMIT,1702133329894,2.235,76.56
LTCUSDT,BUY,LIMIT,1702133367244,1.261,77.30
LTCUSDT,SELL,LIMIT,1702133376002,0.011,90.56
LTCUSDT,SELL,LIMIT,1702133378383,5.000,76.57
LTCUSDT,SELL,LIMIT,1702133385257,32.179,76.53
LTCUSDT,SELL,LIMIT,1702133392186,0.006,113.27
LTCUSDT,SELL,LIMIT,1702133395487,0.011,89.62
