Symbol,Side,Order Type,Time,Quantity,Price
LTCUSDT,SELL,LIMIT,1700989335785,0.533,70.61
LTCUSDT,SELL,LIMIT,1700991007721,8.000,70.64
LTCUSDT,SELL,LIMIT,1700991085079,1.979,70.59
LTCUSDT,SELL,LIMIT,1700991118116,9.343,70.58
LTCUSDT,SELL,LIMIT,1700991141848,3.122,70.54
LTCUSDT,SELL,LIMIT,1700991156139,5.822,70.52
LTCUSDT,SELL,LIMIT,1700993776372,0.325,70.65
LTCUSDT,SELL,LIMIT,1701000420826,1.632,70.46
LTCUSDT,SELL,LIMIT,1701000725006,2.959,70.43
LTCUSDT,SELL,LIMIT,1701001501934,5.426,70.37
LTCUSDT,SELL,LIMIT,1701001505376,24.880,70.18
LTCUSDT,SELL,LIMIT,1701005812038,1.308,71.54
LTCUSDT,SELL,LIMIT,1701006324725,0.747,70.18
LTCUSDT,SELL,LIMIT,1701006329186,10.800,70.23
LTCUSDT,SELL,LIMIT,1701008321493,17.917,70.13
LTCUSDT,SELL,LIMIT,1701008340159,0.434,70.11
LTCUSDT,SELL,LIMIT,1701008341330,20.948,70.11
LTCUSDT,SELL,LIMIT,1701008406092,1.440,70.07
LTCUSDT,SELL,LIMIT,1701008408302,1.395,70.07
LTCUSDT,SELL,LIMIT,1701008421646,70.018,70.07
LTCUSDT,SELL,LIMIT,1701008433485,7.664,70.06
LTCUSDT,SELL,LIMIT,1701008434636,26.771,70.04
LTCUSDT,SELL,LIMIT,1701008436044,2.113,70.03
LTCUSDT,SELL,LIMIT,1701008437429,18.520,69.97
LTCUSDT,SELL,LIMIT,1701008441304,18.750,69.94
LTCUSDT,SELL,LIMIT,1701008444672,54.190,69.93
LTCUSDT,SELL,LIMIT,1701008446276,0.901,69.92
LTCUSDT,SELL,LIMIT,1701008448197,2.155,69.90
LTCUSDT,SELL,LIMIT,1701008450534,16.416,69.93
LTCUSDT,SELL,LIMIT,1701008453694,0.705,69.90
LTCUSDT,SELL,LIMIT,1701008944060,1.108,69.86
LTCUSDT,SELL,LIMIT,1701009014920,7.825,69.97
LTCUSDT,SELL,LIMIT,1701009017417,1.232,69.86
LTCUSDT,SELL,LIMIT,1701009263709,5.000,69.83
LTCUSDT,SELL,LIMIT,1701009270589,4.468,69.79
LTCUSDT,SELL,LIMIT,1701009286566,0.527,69.77
LTCUSDT,SELL,LIMIT,1701009288284,10.494,69.75
LTCUSDT,SELL,LIMIT,1701009289709,11.265,69.71
LTCUSDT,SELL,LIMIT,1701013055152,2.705,70.12
LTCUSDT,SELL,LIMIT,1701013749413,29.120,69.99
LTCUSDT,SELL,LIMIT,1701014034521,115.606,69.84
LTCUSDT,SELL,LIMIT,1701015169125,0.404,70.27
LTCUSDT,SELL,LIMIT,1701015644389,1.430,69.72
LTCUSDT,SELL,LIMIT,1701015673728,2.593,69.71
LTCUSDT,SELL,LIMIT,1701015675166,14.691,69.70
LTCUSDT,SELL,LIMIT,1701015676418,8.016,69.81
LTCUSDT,SELL,LIMIT,1701015681621,32.304,69.60
LTCUSDT,SELL,LIMIT,1701015684172,70.392,69.55
LTCUSDT,SELL,LIMIT,1701015684981,0.100,69.54
LTCUSDT,SELL,LIMIT,1701015685872,14.681,69.52
LTCUSDT,SELL,LIMIT,1701015686695,41.130,69.49
LTCUSDT,SELL,LIMIT,1701015733063,12.263,69.49
LTCUSDT,SELL,LIMIT,1701015735422,18.210,69.48
LTCUSDT,SELL,LIMIT,1701015740493,0.539,69.48
LTCUSDT,SELL,LIMIT,1701015742292,4.310,69.48
LTCUSDT,SELL,LIMIT,1701015746554,35.503,69.47
LTCUSDT,SELL,LIMIT,1701015761571,11.800,69.41
LTCUSDT,SELL,LIMIT,1701015763779,0.422,69.39
LTCUSDT,SELL,LIMIT,1701015806077,3.385,69.37
LTCUSDT,SELL,LIMIT,1701015825368,0.500,69.36
LTCUSDT,SELL,LIMIT,1701015861979,5.040,69.36
LTCUSDT,SELL,LIMIT,1701015866561,3.641,69.35
LTCUSDT,SELL,LIMIT,1701015869079,0.338,69.33
LTCUSDT,SELL,LIMIT,1701015873105,1.762,69.33
LTCUSDT,SELL,LIMIT,1701015874149,37.691,69.33
LTCUSDT,SELL,LIMIT,1701015876362,4.819,69.32
LTCUSDT,SELL,LIMIT,1701015999621,51.795,69.31
LTCUSDT,SELL,LIMIT,1701016001345,4.139,69.32
LTCUSDT,SELL,LIMIT,1701016014243,22.400,69.27
LTCUSDT,SELL,LIMIT,1701016019064,40.825,69.23
LTCUSDT,SELL,LIMIT,1701016020128,0.591,69.15
LTCUSDT,SELL,LIMIT,1701016023044,1.294,69.05
LTCUSDT,SELL,LIMIT,1701016024462,0.421,69.05
LTCUSDT,SELL,LIMIT,1701016025984,6.573,69.02
LTCUSDT,SELL,LIMIT,1701016028400,5.070,68.99
LTCUSDT,SELL,LIMIT,1701016030483,3.509,68.94
LTCUSDT,SELL,LIMIT,1701016031380,8.292,68.95
LTCUSDT,SELL,LIMIT,1701016032482,1.408,68.87
LTCUSDT,SELL,LIMIT,1701016034627,3.612,68.92
LTCUSDT,SELL,LIMIT,1701016036427,19.037,68.86
LTCUSDT,SELL,LIMIT,1701016038103,7.948,68.86
LTCUSDT,SELL,LIMIT,1701016042119,18.082,68.82
LTCUSDT,SELL,LIMIT,1701016043211,34.558,68.82
LTCUSDT,SELL,LIMIT,1701016044600,13.696,68.76
LTCUSDT,SELL,LIMIT,1701016045485,33.350,68.76
LTCUSDT,SELL,LIMIT,1701016046629,712.694,68.44
LTCUSDT,SELL,LIMIT,1701016047368,15.000,68.72
LTCUSDT,SELL,LIMIT,1701016048402,8.484,68.72
LTCUSDT,SELL,LIMIT,1701016049424,3.181,68.68
LTCUSDT,SELL,LIMIT,1701016096283,53.753,68.72
LTCUSDT,SELL,LIMIT,1701016098164,1.259,68.67
LTCUSDT,SELL,LIMIT,1701016099563,4.178,68.71
LTCUSDT,SELL,LIMIT,1701016101376,1.600,68.64
LTCUSDT,SELL,LIMIT,1701016104520,33.825,68.62
LTCUSDT,SELL,LIMIT,1701016291386,32.538,68.62
LTCUSDT,SELL,LIMIT,1701016292882,5.865,68.60
LTCUSDT,SELL,LIMIT,1701016294096,6.492,68.60
LTCUSDT,SELL,LIMIT,1701016835280,0.425,69.21
LTCUSDT,BUY,LIMIT,1701017063488,15.530,69.90
LTCUSDT,BUY,LIMIT,1701019010131,1.743,69.95
LTCUSDT,BUY,LIMIT,1701022276773,25.777,70.22
LTCUSDT,BUY,LIMIT,1701027703990,17.561,69.67
LTCUSDT,BUY,LIMIT,1701031592416,7.537,70.29
LTCUSDT,BUY,LIMIT,1701031736883,5.519,70.43
LTCUSDT,BUY,LIMIT,1701031746853,20.775,70.49
LTCUSDT,BUY,LIMIT,1701031761213,71.697,70.52
LTCUSDT,BUY,LIMIT,1701036321197,0.804,70.55
LTCUSDT,BUY,LIMIT,1701045038119,0.651,70.67
LTCUSDT,BUY,LIMIT,1701045166424,7.015,70.65
LTCUSDT,BUY,LIMIT,1701045568249,0.600,70.69
LTCUSDT,BUY,LIMIT,1701045969984,9.971,70.72
LTCUSDT,SELL,LIMIT,1701049579036,1.419,69.54
LTCUSDT,SELL,LIMIT,1701050770300,10.822,69.51
LTCUSDT,SELL,LIMIT,1701050852180,0.624,69.44
LTCUSDT,SELL,LIMIT,1701050871917,0.331,69.44
LTCUSDT,SELL,LIMIT,1701051907669,10.006,69.39
LTCUSDT,SELL,LIMIT,1701051992977,7.395,69.32
LTCUSDT,SELL,LIMIT,1701052060216,63.651,69.32
LTCUSDT,SELL,LIMIT,1701052249729,24.087,69.28
LTCUSDT,SELL,LIMIT,1701052279393,5.918,69.27
LTCUSDT,SELL,LIMIT,1701052282442,1.283,69.23
LTCUSDT,SELL,LIMIT,1701052340740,14.259,69.22
LTCUSDT,SELL,LIMIT,1701052647498,12.681,69.17
LTCUSDT,SELL,LIMIT,1701052656295,18.943,69.14
LTCUSDT,SELL,LIMIT,1701052851149,0.822,69.11
LTCUSDT,SELL,LIMIT,1701053055926,1.570,69.00
LTCUSDT,SELL,LIMIT,1701053101080,0.300,69.04
LTCUSDT,SELL,LIMIT,1701053164263,0.295,68.98
LTCUSDT,SELL,LIMIT,1701053180805,7.264,68.97
LTCUSDT,SELL,LIMIT,1701054429063,0.508,69.05
LTCUSDT,SELL,LIMIT,1701055191998,1.272,68.98
LTCUSDT,SELL,LIMIT,1701055689987,21.346,68.92
LTCUSDT,SELL,LIMIT,1701055707125,1.238,68.86
LTCUSDT,SELL,LIMIT,1701055754272,5.735,68.85
LTCUSDT,SELL,LIMIT,1701056046045,0.792,68.79
LTCUSDT,SELL,LIMIT,1701056047346,11.316,68.77
LTCUSDT,SELL,LIMIT,1701056053415,5.472,68.75
LTCUSDT,SELL,LIMIT,1701056109386,4.797,68.71
LTCUSDT,SELL,LIMIT,1701056136687,4.223,68.69
LTCUSDT,SELL,LIMIT,1701056158126,3.000,68.68
LTCUSDT,SELL,LIMIT,1701056231922,2.658,68.67
LTCUSDT,SELL,LIMIT,1701056247242,28.634,68.64
