Symbol,Side,Order Type,Time,Quantity,Price
LUNA2USDT,BUY,LIMIT,1701065722278,130,0.7980945
LUNA2USDT,BUY,LIMIT,1701066152514,33,0.8006320
LUNA2USDT,BUY,LIMIT,1701066978316,465,0.8086452
LUNA2USDT,BUY,LIMIT,1701066981297,5426,0.8116940
LUNA2USDT,BUY,LIMIT,1701066983061,77,0.8118064
LUNA2USDT,BUY,LIMIT,1701067080839,239,0.8120736
LUNA2USDT,BUY,LIMIT,1701067095317,254,0.8131030
LUNA2USDT,BUY,LIMIT,1701067189638,4674,0.8140744
LUNA2USDT,BUY,LIMIT,1701067255191,33,0.8145986
LUNA2USDT,BUY,LIMIT,1701067257239,43,0.8145937
LUNA2USDT,BUY,LIMIT,1701067259264,4230,0.8130946
LUNA2USDT,BUY,LIMIT,1701067272184,114,0.8070252
LUNA2USDT,BUY,LIMIT,1701067279504,1137,0.8140735
LUNA2USDT,BUY,LIMIT,1701067289623,142,0.8117457
LUNA2USDT,BUY,LIMIT,1701067292251,256,0.8053333
LUNA2USDT,BUY,LIMIT,1701067371875,343,0.8170869
LUNA2USDT,BUY,LIMIT,1701067381370,401,0.8175346
LUNA2USDT,SELL,LIMIT,1701067539185,7,0.7926247
LUNA2USDT,BUY,LIMIT,1701067541112,271,0.8144360
LUNA2USDT,BUY,LIMIT,1701067550577,26,0.8157555
LUNA2USDT,BUY,LIMIT,1701067552201,464,0.8170750
LUNA2USDT,BUY,LIMIT,1701067564739,500,0.8181462
LUNA2USDT,BUY,LIMIT,1701067572392,59,0.8186749
LUNA2USDT,BUY,LIMIT,1701067579316,15,0.8190391
LUNA2USDT,BUY,LIMIT,1701067580443,319,0.8196330
LUNA2USDT,BUY,LIMIT,1701067581932,1279,0.8207950
LUNA2USDT,BUY,LIMIT,1701067640615,1513,0.8198154
LUNA2USDT,BUY,LIMIT,1701067643212,30,0.8190924
LUNA2USDT,BUY,LIMIT,1701067644556,6475,0.8215601
LUNA2USDT,BUY,LIMIT,1701067645767,42,0.8214685
LUNA2USDT,BUY,LIMIT,1701067647136,358,0.8232315
LUNA2USDT,BUY,LIMIT,1701067649463,1148,0.8221728
LUNA2USDT,BUY,LIMIT,1701067696432,1650,0.8243727
LUNA2USDT,BUY,LIMIT,1701067737769,11,0.8248843
LUNA2USDT,BUY,LIMIT,1701067746389,6646,0.8246560
LUNA2USDT,BUY,LIMIT,1701067748377,763,0.8258175
LUNA2USDT,BUY,LIMIT,1701067749402,32,0.8261643
LUNA2USDT,BUY,LIMIT,1701067750614,4844,0.8264924
LUNA2USDT,BUY,LIMIT,1701067751646,216,0.8287339
LUNA2USDT,SELL,LIMIT,1701067753410,7,2.1548410
LUNA2USDT,BUY,LIMIT,1701067757505,50,0.8291535
LUNA2USDT,BUY,LIMIT,1701067767747,511,0.8303778
LUNA2USDT,BUY,LIMIT,1701067768850,1018,0.8317089
LUNA2USDT,BUY,LIMIT,1701067769875,376,0.8320804
LUNA2USDT,BUY,LIMIT,1701067772507,2,0.8324680
LUNA2USDT,BUY,LIMIT,1701067773546,151,0.8345910
LUNA2USDT,BUY,LIMIT,1701067782967,154,0.8341270
LUNA2USDT,BUY,LIMIT,1701067793181,12,0.8360125
LUNA2USDT,BUY,LIMIT,1701067807576,311,0.8364281
LUNA2USDT,BUY,LIMIT,1701067810420,7,0.8366456
LUNA2USDT,BUY,LIMIT,1701067811540,365,0.8373021
LUNA2USDT,BUY,LIMIT,1701067812724,267,0.8375983
LUNA2USDT,BUY,LIMIT,1701067814708,625,0.8245316
LUNA2USDT,BUY,LIMIT,1701067815864,3115,0.8382674
LUNA2USDT,BUY,LIMIT,1701067817204,13109,0.8433181
LUNA2USDT,BUY,LIMIT,1701067818370,6287,0.8376794
LUNA2USDT,BUY,LIMIT,1701067831957,146,0.8398400
LUNA2USDT,BUY,LIMIT,1701067868489,42,0.8395065
LUNA2USDT,BUY,LIMIT,1701067873180,169,0.8400499
LUNA2USDT,BUY,LIMIT,1701067909506,2550,0.8409150
LUNA2USDT,BUY,LIMIT,1701067939198,335,0.8420112
LUNA2USDT,BUY,LIMIT,1701067940332,137,0.8424003
LUNA2USDT,BUY,LIMIT,1701067941675,49,0.8439246
LUNA2USDT,BUY,LIMIT,1701067945086,630,0.8444339
LUNA2USDT,BUY,LIMIT,1701067946241,147,0.8460463
LUNA2USDT,BUY,LIMIT,1701067947470,66,0.8462705
LUNA2USDT,BUY,LIMIT,1701067951810,210,0.8469513
LUNA2USDT,BUY,LIMIT,1701067952959,40,0.8474659
LUNA2USDT,BUY,LIMIT,1701067961171,394,0.8459574
LUNA2USDT,BUY,LIMIT,1701067963080,80,0.8476365
LUNA2USDT,BUY,LIMIT,1701067964993,826,0.8481182
LUNA2USDT,BUY,LIMIT,1701068030785,6614,0.8463677
LUNA2USDT,BUY,LIMIT,1701068051714,256,0.8456900
LUNA2USDT,BUY,LIMIT,1701068054400,251,0.8456980
LUNA2USDT,BUY,LIMIT,1701068057466,121,0.8475250
LUNA2USDT,BUY,LIMIT,1701068065500,482,0.8483436
LUNA2USDT,BUY,LIMIT,1701068074108,1178,0.8486873
LUNA2USDT,BUY,LIMIT,1701068075136,10147,0.8527927
LUNA2USDT,BUY,LIMIT,1701068076228,3685,0.8506098
LUNA2USDT,BUY,LIMIT,1701068078532,8,0.8497531
LUNA2USDT,BUY,LIMIT,1701068080252,248,0.8513770
LUNA2USDT,BUY,LIMIT,1701068081358,1154,0.8530060
LUNA2USDT,BUY,LIMIT,1701068085875,2206,0.8518895
LUNA2USDT,BUY,LIMIT,1701068127300,743,0.8535474
LUNA2USDT,BUY,LIMIT,1701068128339,141,0.8557746
LUNA2USDT,BUY,LIMIT,1701068130489,2166,0.8543200
LUNA2USDT,BUY,LIMIT,1701068131936,21,0.8563797
LUNA2USDT,SELL,LIMIT,1701068150928,140,0.8153526
LUNA2USDT,BUY,LIMIT,1701068877564,732,0.8413335
LUNA2USDT,SELL,LIMIT,1701068950984,500,0.8241787
LUNA2USDT,BUY,LIMIT,1701068965973,300,0.8481340
LUNA2USDT,BUY,LIMIT,1701068995041,296,0.8562873
LUNA2USDT,BUY,LIMIT,1701068996567,143,0.8552580
LUNA2USDT,BUY,LIMIT,1701068998143,56,0.8570660
LUNA2USDT,BUY,LIMIT,1701069001760,3677,0.8575052
LUNA2USDT,BUY,LIMIT,1701069002933,128,0.8583356
LUNA2USDT,BUY,LIMIT,1701069009376,29,0.8590614
LUNA2USDT,BUY,LIMIT,1701069010806,502,0.8598065
LUNA2USDT,BUY,LIMIT,1701069012227,284,0.8510148
LUNA2USDT,BUY,LIMIT,1701069013243,304,0.8580304
LUNA2USDT,BUY,LIMIT,1701069014872,2081,0.8594004
LUNA2USDT,BUY,LIMIT,1701069017144,153,0.8599919
LUNA2USDT,BUY,LIMIT,1701069024255,339,0.8608716
LUNA2USDT,BUY,LIMIT,1701069029560,229,0.8613784
LUNA2USDT,BUY,LIMIT,1701069053299,1520,0.8630600
LUNA2USDT,BUY,LIMIT,1701069054550,25,0.8640681
LUNA2USDT,BUY,LIMIT,1701069395816,50,0.8563035
LUNA2USDT,BUY,LIMIT,1701069405039,1133,0.8598673
LUNA2USDT,BUY,LIMIT,1701069441966,1872,0.8616335
LUNA2USDT,BUY,LIMIT,1701069460478,1,0.8648781
LUNA2USDT,BUY,LIMIT,1701069461885,5,0.8652596
LUNA2USDT,BUY,LIMIT,1701069464299,1,0.8664060
LUNA2USDT,BUY,LIMIT,1701069465508,10,0.8674664
LUNA2USDT,BUY,LIMIT,1701069466536,313,0.8677776
LUNA2USDT,BUY,LIMIT,1701069468062,10,0.8702842
LUNA2USDT,BUY,LIMIT,1701069469212,4819,0.8711483
LUNA2USDT,BUY,LIMIT,1701069477038,92,0.8732417
LUNA2USDT,BUY,LIMIT,1701069478094,1000,0.8756636
LUNA2USDT,BUY,LIMIT,1701069479150,1424,0.8764544
LUNA2USDT,BUY,LIMIT,1701069481880,2330,0.8775932
LUNA2USDT,BUY,LIMIT,1701069490257,311,0.8793553
LUNA2USDT,BUY,LIMIT,1701069496507,7,0.8796237
LUNA2USDT,BUY,LIMIT,1701069497741,120,0.8818320
LUNA2USDT,BUY,LIMIT,1701069498984,1957,0.8826440
LUNA2USDT,BUY,LIMIT,1701069575248,3212,0.8583267
LUNA2USDT,SELL,LIMIT,1701069876086,110,0.8219762
LUNA2USDT,SELL,LIMIT,1701069877824,7,0.8213001
LUNA2USDT,SELL,LIMIT,1701069879494,28,0.8207009
LUNA2USDT,SELL,LIMIT,1701069883218,1061,0.8193878
LUNA2USDT,BUY,LIMIT,1701069886778,24,0.8447478
LUNA2USDT,SELL,LIMIT,1701069887977,22,0.8208775
LUNA2USDT,SELL,LIMIT,1701069912206,2941,0.8175902
LUNA2USDT,SELL,LIMIT,1701069913224,365,0.8166619
LUNA2USDT,SELL,LIMIT,1701069914347,157,0.8155835
LUNA2USDT,SELL,LIMIT,1701070441285,43,0.8267916
LUNA2USDT,SELL,LIMIT,1701070921468,206,0.8114209
LUNA2USDT,SELL,LIMIT,1701070955573,55,0.8110618
LUNA2USDT,SELL,LIMIT,1701071609444,9,0.8104915
LUNA2USDT,SELL,LIMIT,1701071632139,64,0.8093257
LUNA2USDT,SELL,LIMIT,1701071675952,141,0.8074136
LUNA2USDT,BUY,LIMIT,1701073126097,30,0.8529328
LUNA2USDT,BUY,LIMIT,1701073284614,6091,0.8602269
LUNA2USDT,BUY,LIMIT,1701073376830,364,0.8618855
LUNA2USDT,BUY,LIMIT,1701073382483,1261,0.8631079
LUNA2USDT,BUY,LIMIT,1701073387126,24,0.8637696
LUNA2USDT,BUY,LIMIT,1701073401964,3649,0.8643377
LUNA2USDT,BUY,LIMIT,1701073405369,103,0.8648326
LUNA2USDT,BUY,LIMIT,1701073414173,39,0.8657859
LUNA2USDT,BUY,LIMIT,1701073419523,204,0.8664485
LUNA2USDT,BUY,LIMIT,1701073423699,2632,0.8670032
LUNA2USDT,BUY,LIMIT,1701073428167,1010,0.8675052
LUNA2USDT,BUY,LIMIT,1701073435954,444,0.8675954
LUNA2USDT,BUY,LIMIT,1701073934113,124,0.8587483
LUNA2USDT,BUY,LIMIT,1701074019812,366,0.8637650
LUNA2USDT,BUY,LIMIT,1701074338367,73,0.8373769
LUNA2USDT,BUY,LIMIT,1701074339506,508,0.8666070
LUNA2USDT,BUY,LIMIT,1701074340691,7,0.8671144
LUNA2USDT,BUY,LIMIT,1701074346081,199,0.8694490
LUNA2USDT,BUY,LIMIT,1701074348539,1075,0.8677231
LUNA2USDT,BUY,LIMIT,1701074349620,102,0.8677672
LUNA2USDT,BUY,LIMIT,1701074356107,933,0.8701594
LUNA2USDT,BUY,LIMIT,1701074363281,2752,0.8714175
LUNA2USDT,BUY,LIMIT,1701074367386,231,0.8717756
LUNA2USDT,BUY,LIMIT,1701074368898,481,0.8721340
LUNA2USDT,BUY,LIMIT,1701074370167,3500,0.8740618
LUNA2USDT,BUY,LIMIT,1701074371414,34,0.8744429
LUNA2USDT,BUY,LIMIT,1701074374233,186,0.8722629
LUNA2USDT,BUY,LIMIT,1701074376836,161,0.8770900
LUNA2USDT,BUY,LIMIT,1701074399688,289,0.8772633
LUNA2USDT,BUY,LIMIT,1701074403979,5951,0.8790846
LUNA2USDT,BUY,LIMIT,1701074406782,400,0.8786855
LUNA2USDT,BUY,LIMIT,1701074408078,234,0.8792920
LUNA2USDT,BUY,LIMIT,1701074409210,6,0.8799392
LUNA2USDT,BUY,LIMIT,1701074597218,172,0.8666828
LUNA2USDT,BUY,LIMIT,1701075600395,217,0.8737120
LUNA2USDT,BUY,LIMIT,1701075637566,266,0.8807820
LUNA2USDT,BUY,LIMIT,1701075650321,449,0.8815317
LUNA2USDT,BUY,LIMIT,1701075651407,340,0.8823387
LUNA2USDT,BUY,LIMIT,1701075652693,2966,0.8833078
LUNA2USDT,BUY,LIMIT,1701075654081,482,0.8845432
LUNA2USDT,BUY,LIMIT,1701075655145,946,0.8841509
LUNA2USDT,BUY,LIMIT,1701075656170,91,0.8871699
LUNA2USDT,BUY,LIMIT,1701075657257,98,0.8892834
LUNA2USDT,BUY,LIMIT,1701075660794,135,0.8884169
LUNA2USDT,BUY,LIMIT,1701075666066,1047,0.8897212
LUNA2USDT,BUY,LIMIT,1701075667755,47,0.8897572
LUNA2USDT,BUY,LIMIT,1701075668887,19,0.8900711
LUNA2USDT,BUY,LIMIT,1701075670909,966,0.8910702
LUNA2USDT,BUY,LIMIT,1701075674252,1,0.8913710
LUNA2USDT,BUY,LIMIT,1701075676062,23,0.8920750
LUNA2USDT,BUY,LIMIT,1701075677089,1087,0.8949775
LUNA2USDT,BUY,LIMIT,1701075690254,314,0.8954794
LUNA2USDT,BUY,LIMIT,1701075730052,275,0.8962043
LUNA2USDT,BUY,LIMIT,1701075731687,37,0.8972303
LUNA2USDT,BUY,LIMIT,1701075732758,13,0.8987413
LUNA2USDT,BUY,LIMIT,1701075733798,2521,0.8995724
LUNA2USDT,BUY,LIMIT,1701075736295,6,0.8997535
LUNA2USDT,BUY,LIMIT,1701075743130,207,0.9005874
LUNA2USDT,BUY,LIMIT,1701075744171,36,0.9007852
LUNA2USDT,BUY,LIMIT,1701075847546,9,0.9017120
LUNA2USDT,BUY,LIMIT,1701075849421,1226,0.9017780
LUNA2USDT,BUY,LIMIT,1701075850954,288,0.9018692
LUNA2USDT,BUY,LIMIT,1701075852174,1123,0.9020175
LUNA2USDT,BUY,LIMIT,1701075856196,60,0.9026290
LUNA2USDT,BUY,LIMIT,1701075857437,2063,0.9039734
LUNA2USDT,SELL,LIMIT,1701075997579,24,0.8631956
LUNA2USDT,BUY,LIMIT,1701076681339,55,0.9043450
LUNA2USDT,BUY,LIMIT,1701076683010,12,0.9053252
LUNA2USDT,BUY,LIMIT,1701076698780,2396,0.9060740
LUNA2USDT,BUY,LIMIT,1701076699933,352,0.9074100
LUNA2USDT,BUY,LIMIT,1701076701106,118,0.9093367
LUNA2USDT,BUY,LIMIT,1701076702136,2238,0.9090479
LUNA2USDT,BUY,LIMIT,1701076703653,95,0.9112012
LUNA2USDT,BUY,LIMIT,1701076704828,124,0.9129855
LUNA2USDT,BUY,LIMIT,1701076705999,695,0.9132259
LUNA2USDT,BUY,LIMIT,1701076778045,456,0.9148913
LUNA2USDT,BUY,LIMIT,1701076779055,4484,0.9134035
LUNA2USDT,BUY,LIMIT,1701076780328,4988,0.9147180
LUNA2USDT,BUY,LIMIT,1701076796100,297,0.9151639
LUNA2USDT,BUY,LIMIT,1701076797102,400,0.9166761
LUNA2USDT,BUY,LIMIT,1701076798146,946,0.9176885
LUNA2USDT,BUY,LIMIT,1701076799184,247,0.9191784
LUNA2USDT,BUY,LIMIT,1701076840827,569,0.9194676
LUNA2USDT,BUY,LIMIT,1701076845798,212,0.9197358
LUNA2USDT,BUY,LIMIT,1701076846907,5698,0.9211995
LUNA2USDT,BUY,LIMIT,1701076905157,455,0.9217615
LUNA2USDT,BUY,LIMIT,1701076906209,239,0.9249219
LUNA2USDT,BUY,LIMIT,1701076907217,398,0.9254816
LUNA2USDT,BUY,LIMIT,1701076909459,636,0.9267747
LUNA2USDT,BUY,LIMIT,1701076914097,63,0.9269640
LUNA2USDT,BUY,LIMIT,1701076915216,33,0.9284017
LUNA2USDT,BUY,LIMIT,1701076917054,150,0.9287514
LUNA2USDT,BUY,LIMIT,1701076918086,572,0.9290579
LUNA2USDT,BUY,LIMIT,1701076919260,2319,0.9297723
LUNA2USDT,BUY,LIMIT,1701076922042,1419,0.9305645
LUNA2USDT,BUY,LIMIT,1701076923054,127,0.9292451
LUNA2USDT,BUY,LIMIT,1701076929047,531,0.9343220
LUNA2USDT,BUY,LIMIT,1701076930083,397,0.9311625
LUNA2USDT,BUY,LIMIT,1701076931531,9,0.9343220
LUNA2USDT,BUY,LIMIT,1701076952821,1000,0.9327272
LUNA2USDT,BUY,LIMIT,1701076956124,147,0.9348240
LUNA2USDT,BUY,LIMIT,1701076958245,4590,0.9354886
LUNA2USDT,BUY,LIMIT,1701076959254,19,0.9361193
LUNA2USDT,BUY,LIMIT,1701076978170,25,0.9374494
LUNA2USDT,BUY,LIMIT,1701076979245,2765,0.9371367
LUNA2USDT,BUY,LIMIT,1701076981066,158,0.9379592
LUNA2USDT,BUY,LIMIT,1701076982131,35,0.9390437
LUNA2USDT,BUY,LIMIT,1701076985049,26,0.9399477
LUNA2USDT,BUY,LIMIT,1701076990073,294,0.9400931
LUNA2USDT,BUY,LIMIT,1701076991262,154,0.9401975
LUNA2USDT,SELL,LIMIT,1701077176501,690,0.8859541
LUNA2USDT,SELL,LIMIT,1701078233086,766,0.8798163
LUNA2USDT,SELL,LIMIT,1701078925154,50,0.8778638
LUNA2USDT,SELL,LIMIT,1701078931735,491,0.8767192
LUNA2USDT,SELL,LIMIT,1701078933185,1275,0.8751953
LUNA2USDT,SELL,LIMIT,1701078934226,79,0.8758653
LUNA2USDT,SELL,LIMIT,1701078966324,150,0.8749644
LUNA2USDT,SELL,LIMIT,1701078997211,90,0.8724738
LUNA2USDT,SELL,LIMIT,1701079002505,23,0.8722740
LUNA2USDT,SELL,LIMIT,1701079003723,1180,0.8714716
LUNA2USDT,SELL,LIMIT,1701079026103,90,0.8704168
LUNA2USDT,SELL,LIMIT,1701080778283,22,0.8973474
LUNA2USDT,BUY,LIMIT,1701081065075,1021,0.9289727
LUNA2USDT,BUY,LIMIT,1701081074784,5548,0.9272722
LUNA2USDT,SELL,LIMIT,1701081418054,109,0.8679017
LUNA2USDT,SELL,LIMIT,1701081419058,26,0.8634411
LUNA2USDT,SELL,LIMIT,1701081420081,117,0.8641001
LUNA2USDT,SELL,LIMIT,1701081421786,63,0.8636213
LUNA2USDT,SELL,LIMIT,1701081422826,2042,0.8630425
LUNA2USDT,SELL,LIMIT,1701081424110,11,0.8589922
LUNA2USDT,SELL,LIMIT,1701081425154,328,0.8601840
LUNA2USDT,SELL,LIMIT,1701081426185,5400,0.8582768
LUNA2USDT,SELL,LIMIT,1701081427193,73,0.8518014
LUNA2USDT,SELL,LIMIT,1701081428264,545,0.8526396
LUNA2USDT,SELL,LIMIT,1701081429328,275,0.8500272
LUNA2USDT,SELL,LIMIT,1701081434090,152,0.8468608
LUNA2USDT,SELL,LIMIT,1701081435095,177,0.8457721
LUNA2USDT,SELL,LIMIT,1701081436223,64,0.8456781
LUNA2USDT,SELL,LIMIT,1701081437559,6,0.8452981
LUNA2USDT,SELL,LIMIT,1701081449464,18,0.8463694
LUNA2USDT,SELL,LIMIT,1701081484423,451,0.8439636
LUNA2USDT,SELL,LIMIT,1701081485829,926,0.8432537
LUNA2USDT,SELL,LIMIT,1701081486849,30,0.8416856
LUNA2USDT,BUY,LIMIT,1701081499222,1,0.8685500
LUNA2USDT,BUY,LIMIT,1701081833999,2019,0.8953926
LUNA2USDT,BUY,LIMIT,1701081850961,66,0.8971126
LUNA2USDT,SELL,LIMIT,1701082206119,317,0.8570486
LUNA2USDT,SELL,LIMIT,1701082603748,4485,0.8476748
LUNA2USDT,SELL,LIMIT,1701082608100,77,0.8490848
LUNA2USDT,SELL,LIMIT,1701082614402,2238,0.8456787
LUNA2USDT,SELL,LIMIT,1701082628462,4620,0.8441742
LUNA2USDT,SELL,LIMIT,1701082632509,569,0.8503743
LUNA2USDT,SELL,LIMIT,1701082671932,46,0.8493210
LUNA2USDT,SELL,LIMIT,1701082683928,3000,0.8425106
LUNA2USDT,SELL,LIMIT,1701082695022,774,0.8399331
LUNA2USDT,BUY,LIMIT,1701084322189,10,0.8828470
LUNA2USDT,SELL,LIMIT,1701084642916,11,0.8511607
LUNA2USDT,SELL,LIMIT,1701084874094,20,0.8390605
LUNA2USDT,SELL,LIMIT,1701084882120,225,0.8383536
LUNA2USDT,SELL,LIMIT,1701084883252,43,0.8358052
LUNA2USDT,SELL,LIMIT,1701084884344,13,0.8370377
LUNA2USDT,SELL,LIMIT,1701084891226,494,0.8352593
LUNA2USDT,SELL,LIMIT,1701084892414,1251,0.8350359
LUNA2USDT,SELL,LIMIT,1701084912592,66,0.8358300
LUNA2USDT,SELL,LIMIT,1701086583734,24,0.8344019
LUNA2USDT,SELL,LIMIT,1701086584910,112,0.8337964
LUNA2USDT,SELL,LIMIT,1701086586805,27,0.8319833
LUNA2USDT,SELL,LIMIT,1701086589046,1889,0.8314251
LUNA2USDT,SELL,LIMIT,1701086590089,145,0.8294881
LUNA2USDT,SELL,LIMIT,1701086591089,207,0.8280993
LUNA2USDT,SELL,LIMIT,1701086594619,332,0.8288673
LUNA2USDT,SELL,LIMIT,1701086599696,159,0.8274722
LUNA2USDT,SELL,LIMIT,1701086600708,391,0.8265132
LUNA2USDT,SELL,LIMIT,1701086641700,796,0.8227075
LUNA2USDT,SELL,LIMIT,1701086642790,331,0.8226003
LUNA2USDT,SELL,LIMIT,1701086643799,1237,0.8200651
LUNA2USDT,SELL,LIMIT,1701086644809,3297,0.8189650
LUNA2USDT,SELL,LIMIT,1701086652331,140,0.8192487
LUNA2USDT,SELL,LIMIT,1701086655069,5658,0.8184467
LUNA2USDT,SELL,LIMIT,1701086656117,330,0.8167339
LUNA2USDT,SELL,LIMIT,1701086657121,348,0.8167686
LUNA2USDT,SELL,LIMIT,1701086684230,313,0.8171907
LUNA2USDT,SELL,LIMIT,1701086703692,7228,0.8117372
LUNA2USDT,SELL,LIMIT,1701086704702,130,0.8145656
LUNA2USDT,SELL,LIMIT,1701086705668,607,0.8093711
LUNA2USDT,SELL,LIMIT,1701086706787,670,0.8064520
LUNA2USDT,SELL,LIMIT,1701086707834,2190,0.8047108
LUNA2USDT,SELL,LIMIT,1701086709143,1,0.8009821
LUNA2USDT,SELL,LIMIT,1701086710291,4664,0.8000175
LUNA2USDT,SELL,LIMIT,1701086715510,1358,0.8086805
LUNA2USDT,SELL,LIMIT,1701086717057,199,0.7996531
LUNA2USDT,SELL,LIMIT,1701086718072,4664,0.7968656
LUNA2USDT,SELL,LIMIT,1701086724198,381,0.7963957
LUNA2USDT,SELL,LIMIT,1701086725212,96,0.7967032
LUNA2USDT,SELL,LIMIT,1701086729503,246,0.7957926
LUNA2USDT,SELL,LIMIT,1701086731059,229,0.7956303
LUNA2USDT,SELL,LIMIT,1701086732288,116,0.7952992
LUNA2USDT,SELL,LIMIT,1701086733354,291,0.7945641
LUNA2USDT,BUY,LIMIT,1701086949765,986,0.8461735
LUNA2USDT,SELL,LIMIT,1701087364127,742,0.8118862
LUNA2USDT,BUY,LIMIT,1701087616676,137,0.8485060
LUNA2USDT,BUY,LIMIT,1701088308260,30,0.8497699
LUNA2USDT,BUY,LIMIT,1701088309311,989,0.8494286
LUNA2USDT,SELL,LIMIT,1701088479121,27,0.8177070
LUNA2USDT,BUY,LIMIT,1701090899477,75,0.8504254
LUNA2USDT,BUY,LIMIT,1701090915657,371,0.8539648
LUNA2USDT,BUY,LIMIT,1701090916680,39,0.8555948
LUNA2USDT,BUY,LIMIT,1701090957536,249,0.8562870
LUNA2USDT,BUY,LIMIT,1701090959876,1144,0.8595865
LUNA2USDT,SELL,LIMIT,1701091163459,893,0.8402274
LUNA2USDT,BUY,LIMIT,1701092898029,113,0.8609660
LUNA2USDT,BUY,LIMIT,1701092899315,289,0.8619581
LUNA2USDT,BUY,LIMIT,1701092906138,41,0.8648175
LUNA2USDT,BUY,LIMIT,1701092907289,600,0.8646115
LUNA2USDT,BUY,LIMIT,1701092916299,21,0.8629988
LUNA2USDT,BUY,LIMIT,1701093164371,1186,0.8649951
LUNA2USDT,BUY,LIMIT,1701093188068,53,0.8657757
LUNA2USDT,BUY,LIMIT,1701093191662,60,0.8667068
LUNA2USDT,BUY,LIMIT,1701093195599,2434,0.8671198
LUNA2USDT,BUY,LIMIT,1701093206537,272,0.8655283
LUNA2USDT,BUY,LIMIT,1701093208377,297,0.8678888
LUNA2USDT,BUY,LIMIT,1701093231634,159,0.8663875
LUNA2USDT,BUY,LIMIT,1701093236352,255,0.8683943
LUNA2USDT,BUY,LIMIT,1701093237465,120,0.8689579
LUNA2USDT,BUY,LIMIT,1701093242795,7,0.8694058
LUNA2USDT,BUY,LIMIT,1701093264637,174,0.8695015
LUNA2USDT,BUY,LIMIT,1701093268222,54,0.8698660
LUNA2USDT,BUY,LIMIT,1701093269229,178,0.8697552
LUNA2USDT,BUY,LIMIT,1701093270349,482,0.8702016
LUNA2USDT,BUY,LIMIT,1701093273188,56,0.8721432
LUNA2USDT,BUY,LIMIT,1701093274382,105,0.8676896
LUNA2USDT,BUY,LIMIT,1701093319680,2326,0.8723373
LUNA2USDT,BUY,LIMIT,1701093320909,24,0.8725444
LUNA2USDT,BUY,LIMIT,1701093322040,79,0.8732888
LUNA2USDT,BUY,LIMIT,1701093325048,102,0.8740996
LUNA2USDT,BUY,LIMIT,1701093326131,42,0.8739384
LUNA2USDT,BUY,LIMIT,1701093327524,147,0.8745273
LUNA2USDT,BUY,LIMIT,1701093362909,54,0.8747738
LUNA2USDT,BUY,LIMIT,1701093365348,4891,0.8756282
LUNA2USDT,BUY,LIMIT,1701093366376,33,0.8767187
LUNA2USDT,BUY,LIMIT,1701093369287,1,0.8771214
LUNA2USDT,BUY,LIMIT,1701093454335,146,0.8763510
LUNA2USDT,BUY,LIMIT,1701093456066,347,0.8776328
LUNA2USDT,BUY,LIMIT,1701093458235,32,0.8782473
LUNA2USDT,BUY,LIMIT,1701093459247,5880,0.8791465
LUNA2USDT,BUY,LIMIT,1701093460530,69,0.8801248
LUNA2USDT,BUY,LIMIT,1701093462087,7,0.8802206
LUNA2USDT,BUY,LIMIT,1701093463165,1152,0.8820950
LUNA2USDT,BUY,LIMIT,1701093464425,534,0.8808694
LUNA2USDT,BUY,LIMIT,1701093466047,16,0.8835103
LUNA2USDT,BUY,LIMIT,1701093467065,820,0.8826799
LUNA2USDT,BUY,LIMIT,1701093468078,188,0.8853248
LUNA2USDT,BUY,LIMIT,1701093469266,290,0.8862234
LUNA2USDT,BUY,LIMIT,1701093471896,2228,0.8856091
LUNA2USDT,BUY,LIMIT,1701093473070,6,0.8880952
LUNA2USDT,BUY,LIMIT,1701093474186,201,0.8871654
LUNA2USDT,BUY,LIMIT,1701093504198,6048,0.8895345
LUNA2USDT,BUY,LIMIT,1701093659274,68,0.8894971
LUNA2USDT,BUY,LIMIT,1701093675845,7,0.8897490
LUNA2USDT,BUY,LIMIT,1701093682061,19,0.8908366
LUNA2USDT,BUY,LIMIT,1701093683067,111,0.8904635
LUNA2USDT,BUY,LIMIT,1701093684047,52,0.8916552
LUNA2USDT,BUY,LIMIT,1701093685766,20,0.8920616
LUNA2USDT,BUY,LIMIT,1701093686782,4704,0.8933707
LUNA2USDT,BUY,LIMIT,1701093688157,87,0.8942435
LUNA2USDT,BUY,LIMIT,1701093706448,220,0.8933458
LUNA2USDT,BUY,LIMIT,1701093708030,480,0.8952400
LUNA2USDT,BUY,LIMIT,1701093765311,24,0.8916992
LUNA2USDT,SELL,LIMIT,1701093911034,112,0.8917691
LUNA2USDT,SELL,LIMIT,1701093965161,578,0.8386140
LUNA2USDT,SELL,LIMIT,1701094117403,56,0.8362500
LUNA2USDT,SELL,LIMIT,1701094269310,3284,0.8350857
LUNA2USDT,SELL,LIMIT,1701094271788,1052,0.8347424
LUNA2USDT,SELL,LIMIT,1701095379663,5689,0.8338333
LUNA2USDT,SELL,LIMIT,1701095382486,3622,0.8331629
LUNA2USDT,SELL,LIMIT,1701095383590,2167,0.8321014
LUNA2USDT,SELL,LIMIT,1701095407824,163,0.8307001
LUNA2USDT,SELL,LIMIT,1701095409578,453,0.8297866
LUNA2USDT,SELL,LIMIT,1701095429579,466,0.8323251
LUNA2USDT,SELL,LIMIT,1701095457067,250,0.8293206
LUNA2USDT,SELL,LIMIT,1701095458213,106,0.8286601
LUNA2USDT,SELL,LIMIT,1701095459259,5701,0.8279911
LUNA2USDT,SELL,LIMIT,1701095460866,34,0.8275293
LUNA2USDT,SELL,LIMIT,1701095461867,89,0.8271975
LUNA2USDT,SELL,LIMIT,1701095463093,235,0.8217537
LUNA2USDT,SELL,LIMIT,1701095465770,7,0.8234969
LUNA2USDT,BUY,LIMIT,1701096666130,163,0.8450284
LUNA2USDT,SELL,LIMIT,1701097086051,265,0.8294937
LUNA2USDT,BUY,LIMIT,1701097392445,240,0.8681413
LUNA2USDT,BUY,LIMIT,1701097429407,361,0.8698911
LUNA2USDT,BUY,LIMIT,1701097435683,94,0.8745634
LUNA2USDT,BUY,LIMIT,1701097456596,5291,0.8737294
LUNA2USDT,BUY,LIMIT,1701097467393,237,0.8741671
LUNA2USDT,SELL,LIMIT,1701099290901,1931,0.8198291
LUNA2USDT,SELL,LIMIT,1701099751052,1516,0.8192825
LUNA2USDT,SELL,LIMIT,1701099752079,751,0.8186443
LUNA2USDT,SELL,LIMIT,1701099753170,133,0.8188934
LUNA2USDT,SELL,LIMIT,1701099757641,170,0.8185024
LUNA2USDT,SELL,LIMIT,1701099759166,22,0.8184152
LUNA2USDT,SELL,LIMIT,1701099760306,291,0.8182856
LUNA2USDT,SELL,LIMIT,1701099764237,1369,0.8178401
LUNA2USDT,SELL,LIMIT,1701099768794,68,0.8174269
LUNA2USDT,SELL,LIMIT,1701099775603,273,0.8170012
LUNA2USDT,SELL,LIMIT,1701099780210,34,0.8162407
LUNA2USDT,SELL,LIMIT,1701099783291,192,0.8157552
LUNA2USDT,SELL,LIMIT,1701099784693,413,0.8155291
LUNA2USDT,SELL,LIMIT,1701099785775,711,0.8148475
LUNA2USDT,SELL,LIMIT,1701099787524,3462,0.8144050
LUNA2USDT,SELL,LIMIT,1701099789884,700,0.8142144
LUNA2USDT,SELL,LIMIT,1701099791015,1806,0.8141630
LUNA2USDT,SELL,LIMIT,1701099803130,49,0.8141034
LUNA2USDT,SELL,LIMIT,1701099807405,553,0.8133974
LUNA2USDT,SELL,LIMIT,1701099808395,276,0.8133713
LUNA2USDT,SELL,LIMIT,1701100065255,56,0.8144747
LUNA2USDT,SELL,LIMIT,1701100070550,6,0.8139292
LUNA2USDT,SELL,LIMIT,1701100105175,584,0.8123970
LUNA2USDT,SELL,LIMIT,1701100106252,111,0.8115901
LUNA2USDT,SELL,LIMIT,1701100107378,46,0.8108926
LUNA2USDT,SELL,LIMIT,1701100110512,45,0.8107731
LUNA2USDT,SELL,LIMIT,1701100111673,119,0.8101752
LUNA2USDT,SELL,LIMIT,1701100129434,128,0.8100806
LUNA2USDT,SELL,LIMIT,1701100130592,719,0.8100078
LUNA2USDT,SELL,LIMIT,1701100135909,106,0.8096656
LUNA2USDT,SELL,LIMIT,1701100137211,11,0.8101500
LUNA2USDT,SELL,LIMIT,1701100140104,27,0.8088180
LUNA2USDT,SELL,LIMIT,1701100141771,611,0.8084880
LUNA2USDT,SELL,LIMIT,1701100143181,37,0.8066021
LUNA2USDT,SELL,LIMIT,1701100147004,6003,0.8064573
LUNA2USDT,SELL,LIMIT,1701100157067,43,0.8058648
LUNA2USDT,SELL,LIMIT,1701100159104,1905,0.8056728
LUNA2USDT,SELL,LIMIT,1701100161160,382,0.8054844
LUNA2USDT,SELL,LIMIT,1701100183156,1221,0.8220627
LUNA2USDT,SELL,LIMIT,1701100184248,2,0.8068136
LUNA2USDT,SELL,LIMIT,1701100186545,111,0.8061953
LUNA2USDT,SELL,LIMIT,1701100187696,145,0.8051633
LUNA2USDT,SELL,LIMIT,1701100188868,129,0.8041377
LUNA2USDT,SELL,LIMIT,1701100196421,5328,0.8038693
LUNA2USDT,SELL,LIMIT,1701100197827,3000,0.8036793
LUNA2USDT,SELL,LIMIT,1701100204718,228,0.8033749
LUNA2USDT,SELL,LIMIT,1701100205814,1023,0.8030798
LUNA2USDT,SELL,LIMIT,1701100207772,65,0.8026766
LUNA2USDT,SELL,LIMIT,1701100209092,5930,0.8015319
LUNA2USDT,SELL,LIMIT,1701100211822,28,0.8015241
LUNA2USDT,SELL,LIMIT,1701100214267,833,0.8011006
LUNA2USDT,SELL,LIMIT,1701100215288,179,0.8010802
LUNA2USDT,SELL,LIMIT,1701100216820,859,0.8011991
LUNA2USDT,SELL,LIMIT,1701100217934,521,0.8004247
LUNA2USDT,SELL,LIMIT,1701100218908,265,0.7994006
LUNA2USDT,SELL,LIMIT,1701100219877,129,0.7990913
LUNA2USDT,SELL,LIMIT,1701100221152,10,0.7987053
LUNA2USDT,SELL,LIMIT,1701100229034,746,0.7976450
LUNA2USDT,SELL,LIMIT,1701100230135,1381,0.7981681
LUNA2USDT,SELL,LIMIT,1701100232789,16,0.7971680
LUNA2USDT,SELL,LIMIT,1701100280410,688,0.7990877
LUNA2USDT,SELL,LIMIT,1701100283322,710,0.7966715
LUNA2USDT,SELL,LIMIT,1701100287325,95,0.7963506
LUNA2USDT,SELL,LIMIT,1701100289502,10,0.7962662
LUNA2USDT,SELL,LIMIT,1701100290998,212,0.7960365
LUNA2USDT,SELL,LIMIT,1701100292189,2860,0.7957239
LUNA2USDT,SELL,LIMIT,1701100293661,3031,0.7949721
LUNA2USDT,SELL,LIMIT,1701100305091,382,0.7932719
LUNA2USDT,SELL,LIMIT,1701100306182,8,0.7930781
LUNA2USDT,SELL,LIMIT,1701100307477,8,0.7926570
LUNA2USDT,SELL,LIMIT,1701100311245,100,0.7923137
LUNA2USDT,SELL,LIMIT,1701100317128,473,0.7975089
LUNA2USDT,SELL,LIMIT,1701100474615,115,0.7936288
LUNA2USDT,SELL,LIMIT,1701100482911,9,0.7933914
LUNA2USDT,SELL,LIMIT,1701100486973,58,0.7930850
LUNA2USDT,SELL,LIMIT,1701100491652,12,0.7926706
LUNA2USDT,SELL,LIMIT,1701100512366,1402,0.7921920
LUNA2USDT,SELL,LIMIT,1701100514152,1083,0.7915024
LUNA2USDT,SELL,LIMIT,1701100515293,87,0.7911290
LUNA2USDT,SELL,LIMIT,1701100516347,247,0.7911024
LUNA2USDT,SELL,LIMIT,1701100517945,5819,0.7908286
LUNA2USDT,SELL,LIMIT,1701100519135,138,0.7902955
LUNA2USDT,SELL,LIMIT,1701100520294,1437,0.7901840
LUNA2USDT,SELL,LIMIT,1701100522831,500,0.8300175
LUNA2USDT,SELL,LIMIT,1701100524125,417,0.7983113
LUNA2USDT,SELL,LIMIT,1701100526468,249,0.7897059
LUNA2USDT,SELL,LIMIT,1701100527479,11,0.7881216
LUNA2USDT,SELL,LIMIT,1701100529809,654,0.7880960
LUNA2USDT,SELL,LIMIT,1701100530812,346,0.7869039
LUNA2USDT,SELL,LIMIT,1701100531971,1942,0.7850151
LUNA2USDT,SELL,LIMIT,1701100533151,100,0.7851460
LUNA2USDT,SELL,LIMIT,1701100534333,1411,0.7839232
LUNA2USDT,SELL,LIMIT,1701100536179,1123,0.7922084
LUNA2USDT,SELL,LIMIT,1701100538106,5529,0.7834291
LUNA2USDT,SELL,LIMIT,1701100539185,389,0.7824727
LUNA2USDT,SELL,LIMIT,1701100540210,5197,0.7823984
LUNA2USDT,SELL,LIMIT,1701100541260,539,0.7808698
LUNA2USDT,SELL,LIMIT,1701100542280,585,0.7810928
LUNA2USDT,SELL,LIMIT,1701100543387,53,0.7793829
LUNA2USDT,SELL,LIMIT,1701100544411,2145,0.7787506
LUNA2USDT,SELL,LIMIT,1701100545558,396,0.7777897
LUNA2USDT,SELL,LIMIT,1701100549047,18,0.7759725
LUNA2USDT,SELL,LIMIT,1701100550053,15,0.7760566
LUNA2USDT,SELL,LIMIT,1701100552820,731,0.7748328
LUNA2USDT,SELL,LIMIT,1701100554053,2046,0.7734281
LUNA2USDT,SELL,LIMIT,1701100555065,55,0.7739925
LUNA2USDT,SELL,LIMIT,1701100556228,909,0.7726649
LUNA2USDT,SELL,LIMIT,1701100557479,56,0.7729250
LUNA2USDT,SELL,LIMIT,1701100560073,400,0.7721604
LUNA2USDT,SELL,LIMIT,1701100561089,10,0.7715616
LUNA2USDT,SELL,LIMIT,1701100562184,103,0.7711687
LUNA2USDT,SELL,LIMIT,1701100563200,102,0.7679569
LUNA2USDT,SELL,LIMIT,1701100564162,164,0.7658483
LUNA2USDT,SELL,LIMIT,1701100565226,549,0.7595099
LUNA2USDT,SELL,LIMIT,1701100570087,4,0.7610931
LUNA2USDT,SELL,LIMIT,1701100571096,2489,0.7594598
LUNA2USDT,SELL,LIMIT,1701100572145,396,0.7601022
LUNA2USDT,SELL,LIMIT,1701100573231,59,0.7560781
LUNA2USDT,SELL,LIMIT,1701100574249,412,0.7548661
LUNA2USDT,SELL,LIMIT,1701100575254,681,0.7472465
LUNA2USDT,BUY,LIMIT,1701100724808,31,0.7992573
LUNA2USDT,SELL,LIMIT,1701100992269,6383,0.7708411
LUNA2USDT,SELL,LIMIT,1701100994190,2466,0.7738165
LUNA2USDT,SELL,LIMIT,1701101001404,52,0.7689896
LUNA2USDT,SELL,LIMIT,1701101005140,592,0.7698924
LUNA2USDT,SELL,LIMIT,1701101007837,12,0.7615036
LUNA2USDT,SELL,LIMIT,1701101043313,607,0.7735425
LUNA2USDT,SELL,LIMIT,1701101047683,80,0.7734805
LUNA2USDT,SELL,LIMIT,1701101059087,7,0.7619577
LUNA2USDT,SELL,LIMIT,1701101060143,268,0.7619722
LUNA2USDT,SELL,LIMIT,1701101063033,705,0.7599747
LUNA2USDT,SELL,LIMIT,1701101066508,1146,0.7619215
LUNA2USDT,SELL,LIMIT,1701101072488,13,0.7605055
LUNA2USDT,SELL,LIMIT,1701101077289,551,0.7568741
LUNA2USDT,SELL,LIMIT,1701101078878,233,0.7567803
LUNA2USDT,SELL,LIMIT,1701101081893,1000,0.7591769
LUNA2USDT,SELL,LIMIT,1701101102991,20,0.7550972
LUNA2USDT,SELL,LIMIT,1701101107596,271,0.7539943
LUNA2USDT,SELL,LIMIT,1701101186235,485,0.7593233
LUNA2USDT,SELL,LIMIT,1701101240353,5054,0.7510794
LUNA2USDT,SELL,LIMIT,1701101244266,2930,0.7519046
LUNA2USDT,SELL,LIMIT,1701101246734,909,0.7510909
LUNA2USDT,SELL,LIMIT,1701102017081,6475,0.7513509
LUNA2USDT,SELL,LIMIT,1701102020793,113,0.7502734
LUNA2USDT,SELL,LIMIT,1701102025364,386,0.7541696
LUNA2USDT,SELL,LIMIT,1701102026844,13,0.7509022
LUNA2USDT,SELL,LIMIT,1701102028156,552,0.7481895
LUNA2USDT,SELL,LIMIT,1701102029167,271,0.7467286
LUNA2USDT,SELL,LIMIT,1701102030241,2882,0.7455070
LUNA2USDT,SELL,LIMIT,1701102033534,2519,0.7453562
LUNA2USDT,SELL,LIMIT,1701102040155,130,0.7452889
LUNA2USDT,SELL,LIMIT,1701102042581,209,0.7451939
LUNA2USDT,SELL,LIMIT,1701102043792,38,0.7438919
LUNA2USDT,SELL,LIMIT,1701102044841,53,0.7422384
LUNA2USDT,SELL,LIMIT,1701102048546,49,0.7409141
LUNA2USDT,SELL,LIMIT,1701102050473,176,0.7406829
LUNA2USDT,SELL,LIMIT,1701102051905,560,0.7399842
LUNA2USDT,SELL,LIMIT,1701102053704,34,0.7408710
LUNA2USDT,SELL,LIMIT,1701102054750,858,0.7388958
LUNA2USDT,SELL,LIMIT,1701102056041,1033,0.7383752
LUNA2USDT,SELL,LIMIT,1701102065265,260,0.7378218
LUNA2USDT,SELL,LIMIT,1701102067622,74,0.7382105
LUNA2USDT,SELL,LIMIT,1701102069295,58,0.7369796
LUNA2USDT,SELL,LIMIT,1701102070322,217,0.7339041
LUNA2USDT,SELL,LIMIT,1701102071328,550,0.7300514
LUNA2USDT,SELL,LIMIT,1701102072334,6669,0.7305929
LUNA2USDT,SELL,LIMIT,1701102077026,1730,0.7300469
LUNA2USDT,SELL,LIMIT,1701102078041,466,0.7280977
LUNA2USDT,SELL,LIMIT,1701102079563,289,0.7276066
LUNA2USDT,SELL,LIMIT,1701102081343,1044,0.7275683
LUNA2USDT,SELL,LIMIT,1701102083311,258,0.7274525
LUNA2USDT,SELL,LIMIT,1701102084491,5946,0.7257417
LUNA2USDT,SELL,LIMIT,1701102085837,195,0.7256662
LUNA2USDT,SELL,LIMIT,1701102143151,24,0.7260283
LUNA2USDT,SELL,LIMIT,1701102227849,330,0.7307428
LUNA2USDT,BUY,LIMIT,1701103079918,11,0.7666893
LUNA2USDT,BUY,LIMIT,1701103543068,89,0.7736914
LUNA2USDT,SELL,LIMIT,1701104913160,29,0.7442661
LUNA2USDT,SELL,LIMIT,1701105486718,398,0.7381795
LUNA2USDT,SELL,LIMIT,1701107316228,10,0.7400961
LUNA2USDT,SELL,LIMIT,1701110265975,4991,0.7295201
LUNA2USDT,SELL,LIMIT,1701110422317,111,0.7280742
LUNA2USDT,SELL,LIMIT,1701110443687,3356,0.7254078
LUNA2USDT,SELL,LIMIT,1701110447228,634,0.7270127
LUNA2USDT,SELL,LIMIT,1701110448228,1200,0.7243775
LUNA2USDT,SELL,LIMIT,1701110598594,95,0.7238765
LUNA2USDT,SELL,LIMIT,1701110600140,6554,0.7235620
LUNA2USDT,SELL,LIMIT,1701110605032,1166,0.7234987
LUNA2USDT,SELL,LIMIT,1701110606902,2887,0.7232600
LUNA2USDT,SELL,LIMIT,1701110609855,90,0.7230301
LUNA2USDT,SELL,LIMIT,1701110612517,3116,0.7225905
LUNA2USDT,SELL,LIMIT,1701110614068,13147,0.7189751
LUNA2USDT,SELL,LIMIT,1701110615362,1315,0.7221521
LUNA2USDT,SELL,LIMIT,1701110623353,1845,0.7219068
LUNA2USDT,SELL,LIMIT,1701110624395,131,0.7224288
LUNA2USDT,SELL,LIMIT,1701110644490,1644,0.7216149
LUNA2USDT,SELL,LIMIT,1701110645727,56,0.7207723
LUNA2USDT,SELL,LIMIT,1701110646987,7,0.7207362
LUNA2USDT,SELL,LIMIT,1701111097894,6719,0.7238732
LUNA2USDT,SELL,LIMIT,1701111109661,834,0.7213617
LUNA2USDT,SELL,LIMIT,1701111180075,42,0.7201955
LUNA2USDT,SELL,LIMIT,1701111181115,1089,0.7198173
LUNA2USDT,SELL,LIMIT,1701111193550,1351,0.7298213
LUNA2USDT,SELL,LIMIT,1701111195091,501,0.7194029
LUNA2USDT,SELL,LIMIT,1701111197412,4686,0.7192196
LUNA2USDT,SELL,LIMIT,1701111201147,248,0.7189914
LUNA2USDT,SELL,LIMIT,1701111204674,3712,0.7189594
LUNA2USDT,SELL,LIMIT,1701111209500,6,0.7188427
LUNA2USDT,SELL,LIMIT,1701111215638,47,0.7187679
LUNA2USDT,SELL,LIMIT,1701111230048,8,0.7173324
LUNA2USDT,SELL,LIMIT,1701111231078,342,0.7184966
LUNA2USDT,SELL,LIMIT,1701111232106,2780,0.7174441
LUNA2USDT,SELL,LIMIT,1701111233124,55,0.7145662
LUNA2USDT,SELL,LIMIT,1701111234184,1698,0.7142655
LUNA2USDT,SELL,LIMIT,1701111243046,50,0.7155546
LUNA2USDT,SELL,LIMIT,1701111254612,373,0.7170444
LUNA2USDT,SELL,LIMIT,1701111443136,77,0.7135930
LUNA2USDT,SELL,LIMIT,1701111444848,100,0.7136365
LUNA2USDT,SELL,LIMIT,1701111446186,57,0.7129399
LUNA2USDT,SELL,LIMIT,1701111628434,332,0.7126501
LUNA2USDT,SELL,LIMIT,1701111629519,152,0.7121906
LUNA2USDT,SELL,LIMIT,1701111631356,53,0.7116999
LUNA2USDT,SELL,LIMIT,1701111632571,18,0.7115631
LUNA2USDT,SELL,LIMIT,1701111635372,1400,0.7114413
LUNA2USDT,SELL,LIMIT,1701111636629,188,0.7113747
LUNA2USDT,SELL,LIMIT,1701111640212,4145,0.7112933
LUNA2USDT,SELL,LIMIT,1701111833364,3695,0.7109098
LUNA2USDT,SELL,LIMIT,1701111841428,6870,0.7112690
LUNA2USDT,SELL,LIMIT,1701111843938,1693,0.7104380
LUNA2USDT,SELL,LIMIT,1701111849053,129,0.7102281
LUNA2USDT,SELL,LIMIT,1701111851033,648,0.7100697
LUNA2USDT,SELL,LIMIT,1701111852169,495,0.7100779
LUNA2USDT,SELL,LIMIT,1701111859403,1,0.7096531
LUNA2USDT,SELL,LIMIT,1701111860512,9554,0.7076278
LUNA2USDT,SELL,LIMIT,1701111872272,953,0.7093244
LUNA2USDT,SELL,LIMIT,1701111878351,6693,0.7090548
LUNA2USDT,SELL,LIMIT,1701111879827,7,0.7089218
LUNA2USDT,SELL,LIMIT,1701111885321,12,0.7080191
LUNA2USDT,SELL,LIMIT,1701111886348,2030,0.7064623
LUNA2USDT,SELL,LIMIT,1701111889203,2444,0.7058589
LUNA2USDT,SELL,LIMIT,1701111899065,887,0.7047118
LUNA2USDT,SELL,LIMIT,1701111900211,24,0.7047293
LUNA2USDT,SELL,LIMIT,1701111901995,4228,0.7045539
LUNA2USDT,SELL,LIMIT,1701111920439,1885,0.7049923
LUNA2USDT,SELL,LIMIT,1701111922881,114,0.7042475
LUNA2USDT,SELL,LIMIT,1701111930357,672,0.7039750
LUNA2USDT,SELL,LIMIT,1701111937676,6669,0.7037631
LUNA2USDT,SELL,LIMIT,1701111944830,1232,0.7036210
LUNA2USDT,SELL,LIMIT,1701111948206,12,0.7030444
LUNA2USDT,SELL,LIMIT,1701111956562,50,0.7024364
LUNA2USDT,SELL,LIMIT,1701111958245,1093,0.7050472
LUNA2USDT,SELL,LIMIT,1701111964082,717,0.7021561
LUNA2USDT,SELL,LIMIT,1701112013138,412,0.7038247
LUNA2USDT,SELL,LIMIT,1701112022414,48,0.7027947
LUNA2USDT,SELL,LIMIT,1701112045135,1273,0.7022775
LUNA2USDT,SELL,LIMIT,1701112046207,184,0.7017295
LUNA2USDT,SELL,LIMIT,1701112047227,3384,0.7018179
LUNA2USDT,SELL,LIMIT,1701112053096,903,0.7006811
LUNA2USDT,SELL,LIMIT,1701112055702,4692,0.7003345
LUNA2USDT,SELL,LIMIT,1701112072229,1936,0.7012030
LUNA2USDT,SELL,LIMIT,1701112079075,846,0.7002364
LUNA2USDT,SELL,LIMIT,1701112131694,116,0.7004178
LUNA2USDT,SELL,LIMIT,1701112136206,2308,0.6997333
LUNA2USDT,SELL,LIMIT,1701112138426,13,0.6994629
LUNA2USDT,SELL,LIMIT,1701112179894,1055,0.7019117
LUNA2USDT,BUY,LIMIT,1701112339399,834,0.7338741
LUNA2USDT,SELL,LIMIT,1701114235315,269,0.7057651
LUNA2USDT,SELL,LIMIT,1701114343050,801,0.7091016
LUNA2USDT,SELL,LIMIT,1701114357396,10,0.7092061
LUNA2USDT,SELL,LIMIT,1701114368763,12,0.7068206
LUNA2USDT,SELL,LIMIT,1701114469181,111,0.7051616
LUNA2USDT,SELL,LIMIT,1701114474333,266,0.7050627
LUNA2USDT,SELL,LIMIT,1701114497278,86,0.7117387
LUNA2USDT,SELL,LIMIT,1701116822492,28,0.7084633
LUNA2USDT,SELL,LIMIT,1701116868613,1195,0.7057526
LUNA2USDT,SELL,LIMIT,1701116952455,105,0.7056541
LUNA2USDT,SELL,LIMIT,1701117115378,1135,0.7059213
LUNA2USDT,SELL,LIMIT,1701117187250,218,0.7092137
LUNA2USDT,SELL,LIMIT,1701117272753,190,0.7044709
LUNA2USDT,BUY,LIMIT,1701120766360,6918,0.7424338
LUNA2USDT,BUY,LIMIT,1701120771959,3088,0.7424923
LUNA2USDT,BUY,LIMIT,1701121047663,82,0.7474692
LUNA2USDT,BUY,LIMIT,1701121048737,94,0.7478551
LUNA2USDT,BUY,LIMIT,1701121731708,1404,0.7481991
LUNA2USDT,BUY,LIMIT,1701121736507,1539,0.7485624
LUNA2USDT,BUY,LIMIT,1701121772882,1035,0.7499439
LUNA2USDT,BUY,LIMIT,1701121828254,57,0.7509522
LUNA2USDT,BUY,LIMIT,1701121839540,2564,0.7454984
LUNA2USDT,BUY,LIMIT,1701121905320,14,0.7514438
LUNA2USDT,BUY,LIMIT,1701121911311,2724,0.7515845
LUNA2USDT,BUY,LIMIT,1701121912362,204,0.7516552
LUNA2USDT,BUY,LIMIT,1701122236088,279,0.7523916
LUNA2USDT,BUY,LIMIT,1701122258029,1287,0.7537485
LUNA2USDT,BUY,LIMIT,1701122264493,272,0.7545426
LUNA2USDT,BUY,LIMIT,1701122272544,169,0.7551204
LUNA2USDT,BUY,LIMIT,1701122275216,123,0.7554301
LUNA2USDT,BUY,LIMIT,1701122297578,49,0.7560520
LUNA2USDT,BUY,LIMIT,1701122327223,169,0.7572468
LUNA2USDT,BUY,LIMIT,1701122796339,637,0.7576160
LUNA2USDT,BUY,LIMIT,1701122875281,19,0.7581535
LUNA2USDT,BUY,LIMIT,1701122958521,24,0.7593209
LUNA2USDT,BUY,LIMIT,1701123054726,1147,0.7605677
LUNA2USDT,BUY,LIMIT,1701123157224,85,0.7612094
LUNA2USDT,BUY,LIMIT,1701123158935,7,0.7623483
LUNA2USDT,BUY,LIMIT,1701123224915,3743,0.7639456
LUNA2USDT,BUY,LIMIT,1701123241030,61,0.7640572
LUNA2USDT,SELL,LIMIT,1701130000273,882,0.7282897
LUNA2USDT,SELL,LIMIT,1701133496377,20,0.7218806
LUNA2USDT,SELL,LIMIT,1701133554535,11775,0.7148010
LUNA2USDT,SELL,LIMIT,1701145456367,6752,0.7135616
LUNA2USDT,SELL,LIMIT,1701145608025,6,0.7119736
LUNA2USDT,SELL,LIMIT,1701146557911,232,0.7098470
LUNA2USDT,SELL,LIMIT,1701146559254,3311,0.7092521
LUNA2USDT,SELL,LIMIT,1701146561790,1315,0.7090448
LUNA2USDT,SELL,LIMIT,1701146564699,703,0.7079899
LUNA2USDT,BUY,LIMIT,1701146767365,8,0.7322706
LUNA2USDT,SELL,LIMIT,1701147926448,35,0.7073630
LUNA2USDT,SELL,LIMIT,1701147968043,99,0.7070491
LUNA2USDT,SELL,LIMIT,1701147969080,63,0.7053851
LUNA2USDT,SELL,LIMIT,1701147985016,3732,0.7053651
LUNA2USDT,SELL,LIMIT,1701149030409,431,0.7067881
LUNA2USDT,SELL,LIMIT,1701149131086,110,0.7048404
LUNA2USDT,SELL,LIMIT,1701149431394,1932,0.7037623
LUNA2USDT,SELL,LIMIT,1701149688712,90,0.7032675
LUNA2USDT,SELL,LIMIT,1701149689923,25,0.7031481
LUNA2USDT,SELL,LIMIT,1701149726254,743,0.7022119
LUNA2USDT,SELL,LIMIT,1701149740103,13,0.7020501
LUNA2USDT,SELL,LIMIT,1701149741240,83,0.7020859
LUNA2USDT,SELL,LIMIT,1701149759702,967,0.7018826
LUNA2USDT,SELL,LIMIT,1701149761285,15,0.7017543
LUNA2USDT,SELL,LIMIT,1701149773787,27,0.7012477
LUNA2USDT,SELL,LIMIT,1701149801062,226,0.7016224
LUNA2USDT,SELL,LIMIT,1701149821973,242,0.7007476
LUNA2USDT,SELL,LIMIT,1701149852162,63,0.7006521
LUNA2USDT,SELL,LIMIT,1701149858238,539,0.6987933
LUNA2USDT,SELL,LIMIT,1701149859270,67,0.6986639
LUNA2USDT,SELL,LIMIT,1701154135386,815,0.6977101
LUNA2USDT,SELL,LIMIT,1701154137102,396,0.6970507
LUNA2USDT,SELL,LIMIT,1701154141721,166,0.6970209
LUNA2USDT,SELL,LIMIT,1701154198748,224,0.6968037
LUNA2USDT,SELL,LIMIT,1701154201580,602,0.6961865
LUNA2USDT,SELL,LIMIT,1701154203060,36,0.6941221
LUNA2USDT,SELL,LIMIT,1701154204128,3208,0.6945371
LUNA2USDT,SELL,LIMIT,1701154208536,154,0.6931677
LUNA2USDT,SELL,LIMIT,1701154246667,61,0.6928431
LUNA2USDT,SELL,LIMIT,1701154258041,19,0.6927172
LUNA2USDT,SELL,LIMIT,1701154260611,1175,0.6925871
LUNA2USDT,SELL,LIMIT,1701154291296,146,0.6913019
LUNA2USDT,SELL,LIMIT,1701154293334,4293,0.6908237
LUNA2USDT,SELL,LIMIT,1701154331845,41,0.7742105
LUNA2USDT,SELL,LIMIT,1701154351152,403,0.6900135
LUNA2USDT,SELL,LIMIT,1701154352397,19,0.6895554
LUNA2USDT,SELL,LIMIT,1701154353458,21,0.6896484
LUNA2USDT,SELL,LIMIT,1701154354659,918,0.6873357
LUNA2USDT,SELL,LIMIT,1701154355880,64,0.6869557
LUNA2USDT,SELL,LIMIT,1701154614080,863,0.6851328
LUNA2USDT,SELL,LIMIT,1701154615131,33,0.6853773
LUNA2USDT,SELL,LIMIT,1701154828415,401,0.6851680
LUNA2USDT,SELL,LIMIT,1701155302550,1385,0.6891319
LUNA2USDT,SELL,LIMIT,1701155319443,8,0.6875134
LUNA2USDT,SELL,LIMIT,1701155359113,379,0.6839664
LUNA2USDT,SELL,LIMIT,1701155360277,96,0.6834303
LUNA2USDT,SELL,LIMIT,1701155361383,79,0.6832925
LUNA2USDT,SELL,LIMIT,1701155450489,36,0.6846448
LUNA2USDT,SELL,LIMIT,1701155460170,2231,0.6840105
LUNA2USDT,SELL,LIMIT,1701155462473,408,0.6839214
LUNA2USDT,SELL,LIMIT,1701155537934,415,0.6819488
LUNA2USDT,SELL,LIMIT,1701155577354,3426,0.6821126
LUNA2USDT,SELL,LIMIT,1701155580012,58,0.6816469
LUNA2USDT,SELL,LIMIT,1701155592219,257,0.6813269
LUNA2USDT,SELL,LIMIT,1701155593282,517,0.6800681
LUNA2USDT,SELL,LIMIT,1701155594288,5876,0.6802853
LUNA2USDT,SELL,LIMIT,1701155596278,344,0.6793123
LUNA2USDT,SELL,LIMIT,1701155703705,3581,0.6788055
LUNA2USDT,SELL,LIMIT,1701155852246,40,0.6784133
LUNA2USDT,SELL,LIMIT,1701155854198,53,0.6781385
LUNA2USDT,SELL,LIMIT,1701155855274,1733,0.6777381
LUNA2USDT,SELL,LIMIT,1701155856278,377,0.6776456
LUNA2USDT,SELL,LIMIT,1701155859825,813,0.6773115
LUNA2USDT,SELL,LIMIT,1701155862102,863,0.6770882
LUNA2USDT,SELL,LIMIT,1701155864800,97,0.6769651
LUNA2USDT,SELL,LIMIT,1701155866263,877,0.6764300
LUNA2USDT,SELL,LIMIT,1701156480620,2965,0.6794861
LUNA2USDT,SELL,LIMIT,1701156859053,4822,0.6766475
LUNA2USDT,SELL,LIMIT,1701156874928,180,0.6763629
LUNA2USDT,SELL,LIMIT,1701157074413,1474,0.6758619
LUNA2USDT,SELL,LIMIT,1701157079186,60,0.6755226
LUNA2USDT,SELL,LIMIT,1701157107755,1297,0.6758675
LUNA2USDT,BUY,LIMIT,1701157711368,92,0.6799609
LUNA2USDT,SELL,LIMIT,1701162973660,841,0.6925730
LUNA2USDT,BUY,LIMIT,1701164543294,7263,0.7225875
LUNA2USDT,BUY,LIMIT,1701164931825,2191,0.7228529
LUNA2USDT,BUY,LIMIT,1701164936781,855,0.7230697
LUNA2USDT,SELL,LIMIT,1701165393122,1424,0.6972816
LUNA2USDT,SELL,LIMIT,1701168147913,140,0.6898081
LUNA2USDT,BUY,LIMIT,1701170778253,77,0.7168470
LUNA2USDT,BUY,LIMIT,1701170790462,28,0.7195730
LUNA2USDT,BUY,LIMIT,1701170792335,278,0.7201189
LUNA2USDT,BUY,LIMIT,1701171026102,464,0.7240686
LUNA2USDT,BUY,LIMIT,1701171143049,681,0.7234003
LUNA2USDT,BUY,LIMIT,1701179666232,105,0.7257517
LUNA2USDT,BUY,LIMIT,1701179743519,168,0.7265306
LUNA2USDT,BUY,LIMIT,1701181230146,476,0.7278263
LUNA2USDT,SELL,LIMIT,1701182220262,140,0.6972019
LUNA2USDT,BUY,LIMIT,1701186340214,43,0.7310437
LUNA2USDT,BUY,LIMIT,1701186341324,624,0.7371688
LUNA2USDT,BUY,LIMIT,1701186583207,4257,0.7448329
LUNA2USDT,BUY,LIMIT,1701186584239,284,0.7386619
LUNA2USDT,BUY,LIMIT,1701186634231,60,0.7458447
LUNA2USDT,BUY,LIMIT,1701186729375,119,0.7471653
LUNA2USDT,BUY,LIMIT,1701186999076,12,0.7448070
LUNA2USDT,BUY,LIMIT,1701187035768,134,0.7484807
LUNA2USDT,BUY,LIMIT,1701187042668,15,0.7502775
LUNA2USDT,BUY,LIMIT,1701187045136,2222,0.7505795
LUNA2USDT,BUY,LIMIT,1701187049958,2125,0.7509219
LUNA2USDT,BUY,LIMIT,1701187051441,250,0.7513545
LUNA2USDT,BUY,LIMIT,1701187053612,69,0.7528254
LUNA2USDT,BUY,LIMIT,1701187056862,1987,0.7532888
LUNA2USDT,BUY,LIMIT,1701187065362,1689,0.7543862
LUNA2USDT,BUY,LIMIT,1701187072955,1808,0.7548143
LUNA2USDT,BUY,LIMIT,1701187091630,13,0.7570018
LUNA2USDT,BUY,LIMIT,1701187100746,21,0.7574047
LUNA2USDT,BUY,LIMIT,1701187107065,199,0.7588140
LUNA2USDT,BUY,LIMIT,1701187110435,76,0.7588789
LUNA2USDT,BUY,LIMIT,1701187211914,443,0.7547563
LUNA2USDT,BUY,LIMIT,1701187219186,30,0.7579019
LUNA2USDT,BUY,LIMIT,1701187241517,72,0.7588939
LUNA2USDT,BUY,LIMIT,1701187243628,1123,0.7593669
LUNA2USDT,BUY,LIMIT,1701187245921,38,0.7594478
LUNA2USDT,BUY,LIMIT,1701187246936,2256,0.7596920
LUNA2USDT,BUY,LIMIT,1701187253036,14,0.7609448
LUNA2USDT,BUY,LIMIT,1701187254286,715,0.7568146
LUNA2USDT,BUY,LIMIT,1701187259633,1273,0.7611877
LUNA2USDT,BUY,LIMIT,1701187260724,7029,0.7636071
LUNA2USDT,SELL,LIMIT,1701187262052,735,0.7437416
LUNA2USDT,BUY,LIMIT,1701187267054,1670,0.7635065
LUNA2USDT,BUY,LIMIT,1701187281122,685,0.7604854
LUNA2USDT,BUY,LIMIT,1701187286953,10,0.7649437
LUNA2USDT,BUY,LIMIT,1701187290402,866,0.7654452
LUNA2USDT,BUY,LIMIT,1701187292691,2798,0.7659225
LUNA2USDT,BUY,LIMIT,1701188825076,20,0.7669439
LUNA2USDT,BUY,LIMIT,1701188826656,1346,0.7680558
LUNA2USDT,BUY,LIMIT,1701188834228,83,0.7691027
LUNA2USDT,BUY,LIMIT,1701188850672,10500,0.7736642
LUNA2USDT,BUY,LIMIT,1701188855504,427,0.7715300
LUNA2USDT,BUY,LIMIT,1701189287483,5649,0.7721871
LUNA2USDT,BUY,LIMIT,1701189316451,3994,0.7773302
LUNA2USDT,BUY,LIMIT,1701189321690,3435,0.7778383
LUNA2USDT,BUY,LIMIT,1701189323830,134,0.7780100
LUNA2USDT,BUY,LIMIT,1701189344376,423,0.7786362
LUNA2USDT,SELL,LIMIT,1701189497357,671,0.7533550
LUNA2USDT,BUY,LIMIT,1701189804437,98,0.7625695
LUNA2USDT,SELL,LIMIT,1701189977519,8,1.1751753
LUNA2USDT,SELL,LIMIT,1701190343142,800,0.7459444
LUNA2USDT,SELL,LIMIT,1701190389240,6369,0.7367801
LUNA2USDT,SELL,LIMIT,1701191049173,284,0.7229504
LUNA2USDT,SELL,LIMIT,1701191053470,738,0.7218078
LUNA2USDT,SELL,LIMIT,1701191055087,1096,0.7214797
LUNA2USDT,SELL,LIMIT,1701191070182,93,0.7215106
LUNA2USDT,SELL,LIMIT,1701191969513,218,0.7410192
LUNA2USDT,SELL,LIMIT,1701191993951,53,0.7458883
LUNA2USDT,BUY,LIMIT,1701191999080,5731,0.7653723
LUNA2USDT,BUY,LIMIT,1701192005535,290,0.7695325
LUNA2USDT,BUY,LIMIT,1701192006696,102,0.7699624
LUNA2USDT,BUY,LIMIT,1701192014632,72,0.7704280
LUNA2USDT,BUY,LIMIT,1701192084895,101,0.7718280
LUNA2USDT,BUY,LIMIT,1701192087120,68,0.7726523
LUNA2USDT,BUY,LIMIT,1701192115076,393,0.7748566
LUNA2USDT,BUY,LIMIT,1701192248558,6,0.7736736
LUNA2USDT,BUY,LIMIT,1701192394083,110,0.7773152
LUNA2USDT,BUY,LIMIT,1701192395179,129,0.7797033
LUNA2USDT,BUY,LIMIT,1701192398819,497,0.7820780
LUNA2USDT,BUY,LIMIT,1701192636995,200,0.7858804
LUNA2USDT,BUY,LIMIT,1701192640597,124,0.7858130
LUNA2USDT,BUY,LIMIT,1701192658137,516,0.7862483
LUNA2USDT,BUY,LIMIT,1701192673684,5111,0.7878011
LUNA2USDT,BUY,LIMIT,1701192710325,3506,0.7895447
LUNA2USDT,BUY,LIMIT,1701192711354,7,0.7892742
LUNA2USDT,BUY,LIMIT,1701192714706,1264,0.7900794
LUNA2USDT,BUY,LIMIT,1701192715966,1217,0.7906314
LUNA2USDT,BUY,LIMIT,1701192743456,215,0.7928555
LUNA2USDT,BUY,LIMIT,1701192745212,1353,0.7866997
LUNA2USDT,BUY,LIMIT,1701192757092,28,0.7946964
LUNA2USDT,BUY,LIMIT,1701192764307,264,0.7961430
LUNA2USDT,BUY,LIMIT,1701192765715,796,0.7967547
LUNA2USDT,BUY,LIMIT,1701192777242,715,0.7991094
LUNA2USDT,BUY,LIMIT,1701192805244,273,0.7999795
LUNA2USDT,BUY,LIMIT,1701192813916,65,0.8043964
LUNA2USDT,BUY,LIMIT,1701192816032,847,0.8062289
LUNA2USDT,BUY,LIMIT,1701192820141,80,0.8065284
LUNA2USDT,BUY,LIMIT,1701192821351,76,0.8067314
LUNA2USDT,SELL,LIMIT,1701194524045,420,0.7603030
LUNA2USDT,SELL,LIMIT,1701194588284,3144,0.7554091
LUNA2USDT,SELL,LIMIT,1701197529041,6450,0.7488632
LUNA2USDT,SELL,LIMIT,1701197532834,386,0.7481387
LUNA2USDT,SELL,LIMIT,1701197653731,24,0.7467356
LUNA2USDT,SELL,LIMIT,1701197838335,17,0.7509108
LUNA2USDT,BUY,LIMIT,1701197839349,7230,0.7744889
LUNA2USDT,BUY,LIMIT,1701197859427,2664,0.7730509
LUNA2USDT,BUY,LIMIT,1701198173020,44,0.7785458
LUNA2USDT,BUY,LIMIT,1701198352084,36,0.7818809
LUNA2USDT,BUY,LIMIT,1701199840223,57,0.7867340
LUNA2USDT,BUY,LIMIT,1701200474717,69,0.7697342
LUNA2USDT,BUY,LIMIT,1701200541333,117,0.7853917
LUNA2USDT,SELL,LIMIT,1701201564848,27,0.7656723
LUNA2USDT,SELL,LIMIT,1701206300418,70,0.7486484
LUNA2USDT,BUY,LIMIT,1701206772021,1610,0.7737345
LUNA2USDT,SELL,LIMIT,1701207126101,136,0.7449821
LUNA2USDT,SELL,LIMIT,1701207127366,1380,0.7447632
LUNA2USDT,SELL,LIMIT,1701207540058,1278,0.7429541
LUNA2USDT,SELL,LIMIT,1701207836304,201,0.7637466
LUNA2USDT,SELL,LIMIT,1701211690227,2233,0.7425220
LUNA2USDT,SELL,LIMIT,1701211701083,71,0.7418542
LUNA2USDT,SELL,LIMIT,1701211703329,1798,0.7414814
LUNA2USDT,SELL,LIMIT,1701211704745,30,0.7468416
LUNA2USDT,SELL,LIMIT,1701211705770,2631,0.7414196
LUNA2USDT,SELL,LIMIT,1701211708907,708,0.7409661
LUNA2USDT,SELL,LIMIT,1701211710743,92,0.7397053
LUNA2USDT,SELL,LIMIT,1701211846578,167,0.7390139
LUNA2USDT,SELL,LIMIT,1701211906934,52,0.7372224
LUNA2USDT,SELL,LIMIT,1701211929156,306,0.7363733
LUNA2USDT,SELL,LIMIT,1701216845378,262,0.7412505
LUNA2USDT,SELL,LIMIT,1701216846906,50,0.7416543
LUNA2USDT,BUY,LIMIT,1701219244562,19,0.7859565
LUNA2USDT,SELL,LIMIT,1701219622740,50,0.7821406
LUNA2USDT,BUY,LIMIT,1701219625692,74,0.7880506
LUNA2USDT,BUY,LIMIT,1701237588606,35,0.7916329
LUNA2USDT,BUY,LIMIT,1701237590458,631,0.7928875
LUNA2USDT,BUY,LIMIT,1701237753775,71,0.7882942
LUNA2USDT,SELL,LIMIT,1701239347142,96,0.7580129
LUNA2USDT,BUY,LIMIT,1701243184646,1603,0.7802304
LUNA2USDT,BUY,LIMIT,1701243341650,244,0.7941748
LUNA2USDT,BUY,LIMIT,1701243378872,1030,0.7947247
LUNA2USDT,BUY,LIMIT,1701243398631,5721,0.7985923
LUNA2USDT,BUY,LIMIT,1701243411581,206,0.7988907
LUNA2USDT,BUY,LIMIT,1701243474401,663,0.7997271
LUNA2USDT,BUY,LIMIT,1701243485248,412,0.7999216
LUNA2USDT,BUY,LIMIT,1701243489998,1311,0.8008395
LUNA2USDT,BUY,LIMIT,1701243512512,206,0.8015652
LUNA2USDT,BUY,LIMIT,1701243515131,185,0.8021808
LUNA2USDT,BUY,LIMIT,1701243559175,13,0.8030970
LUNA2USDT,BUY,LIMIT,1701243572015,130,0.8038370
LUNA2USDT,BUY,LIMIT,1701243611226,132,0.8023660
LUNA2USDT,BUY,LIMIT,1701243623871,13,0.8046516
LUNA2USDT,BUY,LIMIT,1701243630606,2231,0.8049683
LUNA2USDT,BUY,LIMIT,1701243639361,1510,0.8069250
LUNA2USDT,BUY,LIMIT,1701243648188,391,0.8074242
LUNA2USDT,BUY,LIMIT,1701243653495,256,0.8073855
LUNA2USDT,BUY,LIMIT,1701243666835,58,0.8086152
LUNA2USDT,BUY,LIMIT,1701243675244,28,0.8093473
LUNA2USDT,BUY,LIMIT,1701243686358,259,0.8098589
LUNA2USDT,BUY,LIMIT,1701243760920,50,0.8102654
LUNA2USDT,BUY,LIMIT,1701243763040,278,0.8114524
LUNA2USDT,BUY,LIMIT,1701243766136,2563,0.8120676
LUNA2USDT,BUY,LIMIT,1701243877047,1812,0.8166705
LUNA2USDT,BUY,LIMIT,1701243878070,86,0.8172720
LUNA2USDT,BUY,LIMIT,1701243880376,3907,0.8188440
LUNA2USDT,BUY,LIMIT,1701243883926,175,0.8199303
LUNA2USDT,BUY,LIMIT,1701243886603,418,0.8208747
LUNA2USDT,BUY,LIMIT,1701244040347,283,0.8221820
LUNA2USDT,BUY,LIMIT,1701244041442,543,0.8236393
LUNA2USDT,BUY,LIMIT,1701244046378,1460,0.8247085
LUNA2USDT,BUY,LIMIT,1701244048031,104,0.8258425
LUNA2USDT,BUY,LIMIT,1701246760159,5542,0.8214541
LUNA2USDT,BUY,LIMIT,1701246793718,8401,0.8271683
LUNA2USDT,BUY,LIMIT,1701247346249,1769,0.8247907
LUNA2USDT,BUY,LIMIT,1701249706172,175,0.8164739
LUNA2USDT,SELL,LIMIT,1701249816568,7,0.7934185
LUNA2USDT,SELL,LIMIT,1701253156752,59,0.7818368
LUNA2USDT,SELL,LIMIT,1701253176395,6982,0.7876846
LUNA2USDT,SELL,LIMIT,1701253228725,2842,0.7779792
LUNA2USDT,SELL,LIMIT,1701253405789,8825,0.7737959
LUNA2USDT,SELL,LIMIT,1701254360760,367,0.7756876
LUNA2USDT,SELL,LIMIT,1701254417770,28,0.7717526
LUNA2USDT,SELL,LIMIT,1701254419059,3743,0.7708786
LUNA2USDT,SELL,LIMIT,1701254421010,77,0.7704635
LUNA2USDT,SELL,LIMIT,1701254425614,72,0.7705439
LUNA2USDT,SELL,LIMIT,1701254650240,500,0.7813409
