Symbol,Side,Order Type,Time,Quantity,Price
LUNA2USDT,SELL,LIMIT,1700993686561,125,0.6658648
LUNA2USDT,SELL,LIMIT,1700993787093,57,0.6678855
LUNA2USDT,SELL,LIMIT,1700995570048,264,0.6639655
LUNA2USDT,SELL,LIMIT,1700995574825,90,0.6635857
LUNA2USDT,BUY,LIMIT,1700997605254,3040,0.7099866
LUNA2USDT,BUY,LIMIT,1700997607463,232,0.7122544
LUNA2USDT,BUY,LIMIT,1700997616075,75,0.7125971
LUNA2USDT,BUY,LIMIT,1700997628346,147,0.7130244
LUNA2USDT,BUY,LIMIT,1700997635424,87,0.7136699
LUNA2USDT,BUY,LIMIT,1700997647349,537,0.7154671
LUNA2USDT,BUY,LIMIT,1700997658056,299,0.7171677
LUNA2USDT,BUY,LIMIT,1700997670832,1005,0.7192329
LUNA2USDT,BUY,LIMIT,1700997699011,175,0.7211507
LUNA2USDT,BUY,LIMIT,1700997700815,309,0.7219326
LUNA2USDT,BUY,LIMIT,1700997708890,1621,0.7220437
LUNA2USDT,BUY,LIMIT,1700997710492,474,0.7222208
LUNA2USDT,BUY,LIMIT,1700997717014,211,0.7226486
LUNA2USDT,BUY,LIMIT,1700999803148,2718,0.7235319
LUNA2USDT,BUY,LIMIT,1700999804218,290,0.7234939
LUNA2USDT,BUY,LIMIT,1700999806517,78,0.7247203
LUNA2USDT,BUY,LIMIT,1700999808238,828,0.7276064
LUNA2USDT,BUY,LIMIT,1700999812276,257,0.7301538
LUNA2USDT,SELL,LIMIT,1701001500438,111,0.6898986
LUNA2USDT,SELL,LIMIT,1701001501781,1275,0.7148242
LUNA2USDT,SELL,LIMIT,1701002495221,687,0.6857203
LUNA2USDT,SELL,LIMIT,1701002499026,23,0.6804631
LUNA2USDT,BUY,LIMIT,1701008419180,181,0.7036456
LUNA2USDT,SELL,LIMIT,1701008440347,118,0.6791991
LUNA2USDT,SELL,LIMIT,1701008441489,59,0.6794322
LUNA2USDT,SELL,LIMIT,1701008446586,2297,0.6777556
LUNA2USDT,SELL,LIMIT,1701008448131,2096,0.6773687
LUNA2USDT,SELL,LIMIT,1701008449292,111,0.6773860
LUNA2USDT,SELL,LIMIT,1701008450474,397,0.6771122
LUNA2USDT,SELL,LIMIT,1701008462925,183,0.6763436
LUNA2USDT,SELL,LIMIT,1701009097856,434,0.6754861
LUNA2USDT,SELL,LIMIT,1701009175994,70,0.6745700
LUNA2USDT,SELL,LIMIT,1701009181279,140,0.6740947
LUNA2USDT,SELL,LIMIT,1701009183664,144,0.6738947
LUNA2USDT,SELL,LIMIT,1701009186946,1245,0.6732416
LUNA2USDT,SELL,LIMIT,1701009266280,8,0.6729541
LUNA2USDT,SELL,LIMIT,1701009270501,420,0.6726315
LUNA2USDT,SELL,LIMIT,1701009271606,6236,0.6720466
LUNA2USDT,SELL,LIMIT,1701009273187,91,0.6706801
LUNA2USDT,SELL,LIMIT,1701009277534,5914,0.6701149
LUNA2USDT,SELL,LIMIT,1701009279084,155,0.6717920
LUNA2USDT,SELL,LIMIT,1701009282734,22,0.6695111
LUNA2USDT,SELL,LIMIT,1701009288633,37,0.6688813
LUNA2USDT,BUY,LIMIT,1701011403663,210,0.7176711
LUNA2USDT,BUY,LIMIT,1701011433420,7304,0.7181946
LUNA2USDT,BUY,LIMIT,1701011703658,2306,0.7239770
LUNA2USDT,BUY,LIMIT,1701012090256,639,0.7271932
LUNA2USDT,BUY,LIMIT,1701012110574,2507,0.7278264
LUNA2USDT,BUY,LIMIT,1701012127109,22,0.7306607
LUNA2USDT,BUY,LIMIT,1701012132031,82,0.7310213
LUNA2USDT,BUY,LIMIT,1701012147896,731,0.7322184
LUNA2USDT,BUY,LIMIT,1701012170191,21,0.7331692
LUNA2USDT,BUY,LIMIT,1701012171199,132,0.7332081
LUNA2USDT,BUY,LIMIT,1701012172827,4433,0.7360425
LUNA2USDT,BUY,LIMIT,1701012177072,571,0.7367021
LUNA2USDT,BUY,LIMIT,1701012218240,6330,0.7385264
LUNA2USDT,BUY,LIMIT,1701012301132,1364,0.7426211
LUNA2USDT,BUY,LIMIT,1701012486449,291,0.7439932
LUNA2USDT,BUY,LIMIT,1701012509812,281,0.7453580
LUNA2USDT,BUY,LIMIT,1701012555519,281,0.7466143
LUNA2USDT,BUY,LIMIT,1701012557677,46,0.7482580
LUNA2USDT,BUY,LIMIT,1701012559767,449,0.7482746
LUNA2USDT,BUY,LIMIT,1701012578310,12,0.7493278
LUNA2USDT,BUY,LIMIT,1701012828786,213,0.7507281
LUNA2USDT,BUY,LIMIT,1701012831307,59,0.7513051
LUNA2USDT,BUY,LIMIT,1701013060377,206,0.7531147
LUNA2USDT,BUY,LIMIT,1701013063067,184,0.7544628
LUNA2USDT,BUY,LIMIT,1701013064111,3394,0.7543135
LUNA2USDT,BUY,LIMIT,1701013067448,2092,0.7554047
LUNA2USDT,BUY,LIMIT,1701013081015,972,0.7558560
LUNA2USDT,BUY,LIMIT,1701013082981,169,0.7561445
LUNA2USDT,BUY,LIMIT,1701013084339,193,0.7565775
LUNA2USDT,BUY,LIMIT,1701013086147,11,0.7581269
LUNA2USDT,BUY,LIMIT,1701013131734,1448,0.7592543
LUNA2USDT,BUY,LIMIT,1701013133640,76,0.7601224
LUNA2USDT,BUY,LIMIT,1701013135676,418,0.7606410
LUNA2USDT,BUY,LIMIT,1701013138051,1084,0.7608413
LUNA2USDT,BUY,LIMIT,1701013153163,34,0.7631785
LUNA2USDT,BUY,LIMIT,1701013155894,221,0.7631934
LUNA2USDT,BUY,LIMIT,1701013230533,16,0.7645637
LUNA2USDT,BUY,LIMIT,1701013231645,43,0.7650619
LUNA2USDT,BUY,LIMIT,1701013234791,6856,0.7655141
LUNA2USDT,BUY,LIMIT,1701013317137,291,0.7656327
LUNA2USDT,BUY,LIMIT,1701013323592,60,0.7665020
LUNA2USDT,BUY,LIMIT,1701013328143,142,0.7677685
LUNA2USDT,BUY,LIMIT,1701013329292,54,0.7693700
LUNA2USDT,BUY,LIMIT,1701013339965,2878,0.7706505
LUNA2USDT,BUY,LIMIT,1701013341014,6343,0.7709339
LUNA2USDT,BUY,LIMIT,1701013405251,11,0.7730631
LUNA2USDT,BUY,LIMIT,1701013410517,4309,0.7731807
LUNA2USDT,BUY,LIMIT,1701013418293,1464,0.7750431
LUNA2USDT,BUY,LIMIT,1701013419867,6344,0.7765508
LUNA2USDT,BUY,LIMIT,1701013424259,406,0.7767932
LUNA2USDT,BUY,LIMIT,1701013425621,90,0.7781173
LUNA2USDT,SELL,LIMIT,1701013535897,6544,0.7368662
LUNA2USDT,SELL,LIMIT,1701013538025,17,0.7385145
LUNA2USDT,BUY,LIMIT,1701013929376,433,0.7740390
LUNA2USDT,BUY,LIMIT,1701014487080,185,0.7793497
LUNA2USDT,BUY,LIMIT,1701014488082,10,0.7795286
LUNA2USDT,BUY,LIMIT,1701014492659,6817,0.7810815
LUNA2USDT,BUY,LIMIT,1701014494944,146,0.7811994
LUNA2USDT,BUY,LIMIT,1701014499328,1226,0.7822527
LUNA2USDT,BUY,LIMIT,1701014507183,469,0.7818874
LUNA2USDT,BUY,LIMIT,1701014567125,78,0.7827870
LUNA2USDT,BUY,LIMIT,1701014569435,6675,0.7854139
LUNA2USDT,BUY,LIMIT,1701014574447,6498,0.7860020
LUNA2USDT,BUY,LIMIT,1701014577192,2772,0.7867634
LUNA2USDT,BUY,LIMIT,1701014584812,587,0.7885303
LUNA2USDT,BUY,LIMIT,1701014585878,405,0.7891313
LUNA2USDT,BUY,LIMIT,1701014590134,87,0.7899726
LUNA2USDT,BUY,LIMIT,1701014592337,2383,0.7907846
LUNA2USDT,BUY,LIMIT,1701014602247,2629,0.7916998
LUNA2USDT,BUY,LIMIT,1701014603288,266,0.7912401
LUNA2USDT,BUY,LIMIT,1701014610159,559,0.7923128
LUNA2USDT,BUY,LIMIT,1701014616455,264,0.7928304
LUNA2USDT,BUY,LIMIT,1701014617528,37,0.7936540
LUNA2USDT,BUY,LIMIT,1701014618954,201,0.7938579
LUNA2USDT,BUY,LIMIT,1701014620658,221,0.7944420
LUNA2USDT,BUY,LIMIT,1701014712881,1613,0.7950479
LUNA2USDT,BUY,LIMIT,1701014714627,49,0.7957137
LUNA2USDT,BUY,LIMIT,1701014715813,1211,0.7969642
LUNA2USDT,BUY,LIMIT,1701014748171,12,0.7972601
LUNA2USDT,BUY,LIMIT,1701014749287,549,0.7979713
LUNA2USDT,BUY,LIMIT,1701014751364,67,0.7981778
LUNA2USDT,BUY,LIMIT,1701014752690,928,0.7985155
LUNA2USDT,BUY,LIMIT,1701014754603,1180,0.7995835
LUNA2USDT,BUY,LIMIT,1701014757578,264,0.8001312
LUNA2USDT,BUY,LIMIT,1701014762930,137,0.8019264
LUNA2USDT,BUY,LIMIT,1701014771606,130,0.8028354
LUNA2USDT,BUY,LIMIT,1701014776080,73,0.8032792
LUNA2USDT,BUY,LIMIT,1701014777815,100,0.8043560
LUNA2USDT,BUY,LIMIT,1701014779503,248,0.8047290
LUNA2USDT,BUY,LIMIT,1701014780863,698,0.8051349
LUNA2USDT,BUY,LIMIT,1701014782472,6483,0.8085603
LUNA2USDT,BUY,LIMIT,1701014791360,666,0.8088090
LUNA2USDT,BUY,LIMIT,1701014802599,13,0.8096165
LUNA2USDT,BUY,LIMIT,1701014807648,53,0.8104794
LUNA2USDT,BUY,LIMIT,1701014811409,90,0.8100974
LUNA2USDT,BUY,LIMIT,1701014812542,816,0.8120556
LUNA2USDT,BUY,LIMIT,1701014814118,477,0.8076378
LUNA2USDT,BUY,LIMIT,1701014815426,213,0.7430081
LUNA2USDT,BUY,LIMIT,1701014816432,345,0.8120596
LUNA2USDT,BUY,LIMIT,1701014857189,437,0.8127203
LUNA2USDT,BUY,LIMIT,1701014858322,83,0.8144154
LUNA2USDT,BUY,LIMIT,1701014859425,429,0.8143118
LUNA2USDT,BUY,LIMIT,1701014861209,1601,0.8105228
LUNA2USDT,BUY,LIMIT,1701014867301,2186,0.8156719
LUNA2USDT,BUY,LIMIT,1701014869871,154,0.8158773
LUNA2USDT,BUY,LIMIT,1701014871171,257,0.8167838
LUNA2USDT,BUY,LIMIT,1701014875380,183,0.8179897
LUNA2USDT,BUY,LIMIT,1701014877983,6959,0.8189923
LUNA2USDT,BUY,LIMIT,1701014884773,502,0.8193678
LUNA2USDT,BUY,LIMIT,1701014886180,749,0.8197094
LUNA2USDT,BUY,LIMIT,1701014887802,1568,0.8200613
LUNA2USDT,BUY,LIMIT,1701014894846,468,0.8202096
LUNA2USDT,BUY,LIMIT,1701014895860,17,0.8209312
LUNA2USDT,BUY,LIMIT,1701014897383,668,0.8223143
LUNA2USDT,BUY,LIMIT,1701014898465,525,0.8217487
LUNA2USDT,BUY,LIMIT,1701014902327,7,0.8228855
LUNA2USDT,BUY,LIMIT,1701014903390,319,0.8241277
LUNA2USDT,BUY,LIMIT,1701014906959,2427,0.8252753
LUNA2USDT,BUY,LIMIT,1701014908266,125,0.8265711
LUNA2USDT,BUY,LIMIT,1701014909339,716,0.8257859
LUNA2USDT,BUY,LIMIT,1701014911018,200,0.8269811
LUNA2USDT,BUY,LIMIT,1701014914042,2137,0.8295545
LUNA2USDT,BUY,LIMIT,1701014915072,6451,0.8311151
LUNA2USDT,BUY,LIMIT,1701014917056,654,0.8325045
LUNA2USDT,BUY,LIMIT,1701014918288,664,0.8342285
LUNA2USDT,BUY,LIMIT,1701014921063,2160,0.8286296
LUNA2USDT,BUY,LIMIT,1701014923504,1500,0.8240145
LUNA2USDT,BUY,LIMIT,1701014933449,3302,0.8325657
LUNA2USDT,BUY,LIMIT,1701014936549,243,0.8338857
LUNA2USDT,BUY,LIMIT,1701014948272,475,0.8353602
LUNA2USDT,BUY,LIMIT,1701014949348,1248,0.8346039
LUNA2USDT,BUY,LIMIT,1701014950424,1304,0.8361706
LUNA2USDT,BUY,LIMIT,1701014953364,421,0.8377657
LUNA2USDT,BUY,LIMIT,1701014955384,1036,0.8378100
LUNA2USDT,BUY,LIMIT,1701014962372,278,0.8379415
LUNA2USDT,SELL,LIMIT,1701014998100,15,0.8102006
LUNA2USDT,SELL,LIMIT,1701015000808,604,0.7815012
LUNA2USDT,SELL,LIMIT,1701015002049,996,0.7812614
LUNA2USDT,SELL,LIMIT,1701015003392,1517,0.7806935
LUNA2USDT,SELL,LIMIT,1701015005114,431,0.7795798
LUNA2USDT,SELL,LIMIT,1701015006753,1022,0.7786387
LUNA2USDT,SELL,LIMIT,1701015167278,1134,0.7775522
LUNA2USDT,SELL,LIMIT,1701015168412,261,0.7770202
LUNA2USDT,SELL,LIMIT,1701015175818,18,0.7758933
LUNA2USDT,SELL,LIMIT,1701015186295,1532,0.7750854
LUNA2USDT,SELL,LIMIT,1701015191356,5345,0.7744104
LUNA2USDT,SELL,LIMIT,1701015194288,463,0.7735580
LUNA2USDT,SELL,LIMIT,1701015198220,12,0.7729411
LUNA2USDT,SELL,LIMIT,1701015200055,2422,0.7694078
LUNA2USDT,SELL,LIMIT,1701015201890,1210,0.7685073
LUNA2USDT,SELL,LIMIT,1701015203279,3111,0.7666285
LUNA2USDT,SELL,LIMIT,1701015204298,150,0.7662649
LUNA2USDT,SELL,LIMIT,1701015207138,150,0.7655550
LUNA2USDT,SELL,LIMIT,1701015211221,4949,0.7645256
LUNA2USDT,SELL,LIMIT,1701015252385,6045,0.7708116
LUNA2USDT,SELL,LIMIT,1701015432559,676,0.7642007
LUNA2USDT,SELL,LIMIT,1701015452294,620,0.7637759
LUNA2USDT,SELL,LIMIT,1701015460592,10,0.7639927
LUNA2USDT,SELL,LIMIT,1701015464060,5000,0.7611579
LUNA2USDT,SELL,LIMIT,1701015465090,964,0.7614196
LUNA2USDT,SELL,LIMIT,1701015475247,5000,0.7601601
LUNA2USDT,SELL,LIMIT,1701015478260,658,0.7589744
LUNA2USDT,SELL,LIMIT,1701015480692,107,0.7580208
LUNA2USDT,SELL,LIMIT,1701015481709,99,0.7573100
LUNA2USDT,SELL,LIMIT,1701015503134,160,0.7546896
LUNA2USDT,SELL,LIMIT,1701015504198,881,0.7559241
LUNA2USDT,SELL,LIMIT,1701015505272,909,0.7541509
LUNA2USDT,SELL,LIMIT,1701015510120,698,0.7514735
LUNA2USDT,SELL,LIMIT,1701015511531,259,0.7509591
LUNA2USDT,SELL,LIMIT,1701015682352,3,0.7683311
LUNA2USDT,SELL,LIMIT,1701015684298,150,0.8917118
LUNA2USDT,SELL,LIMIT,1701015760255,226,0.7675776
LUNA2USDT,BUY,LIMIT,1701015910563,2446,0.7978915
LUNA2USDT,SELL,LIMIT,1701016034160,189,0.7742017
LUNA2USDT,SELL,LIMIT,1701016035314,2381,0.7692851
LUNA2USDT,SELL,LIMIT,1701016042852,18,0.7660346
LUNA2USDT,SELL,LIMIT,1701016043837,2655,0.7659401
LUNA2USDT,SELL,LIMIT,1701016045593,2,0.7665271
LUNA2USDT,SELL,LIMIT,1701016047152,83,0.8123691
LUNA2USDT,SELL,LIMIT,1701016049329,37,0.7661331
LUNA2USDT,SELL,LIMIT,1701016100062,24,0.7682016
LUNA2USDT,SELL,LIMIT,1701016225374,7224,0.7640338
LUNA2USDT,SELL,LIMIT,1701016307480,5773,0.7569969
LUNA2USDT,SELL,LIMIT,1701016311604,24,0.7562005
LUNA2USDT,SELL,LIMIT,1701016328262,2555,0.7530727
LUNA2USDT,SELL,LIMIT,1701016329787,58,0.7510671
LUNA2USDT,SELL,LIMIT,1701016443786,63,0.7505149
LUNA2USDT,SELL,LIMIT,1701016448549,77,0.7479501
LUNA2USDT,SELL,LIMIT,1701016450228,33,0.7458922
LUNA2USDT,SELL,LIMIT,1701016451414,1846,0.7458384
LUNA2USDT,SELL,LIMIT,1701016503521,41,0.7448619
LUNA2USDT,SELL,LIMIT,1701016506072,309,0.7434317
LUNA2USDT,SELL,LIMIT,1701016507081,801,0.7432103
LUNA2USDT,SELL,LIMIT,1701016508293,2212,0.7426568
LUNA2USDT,SELL,LIMIT,1701016633021,149,0.7492577
LUNA2USDT,SELL,LIMIT,1701016654988,310,0.7499369
LUNA2USDT,BUY,LIMIT,1701017932515,10,0.7752538
LUNA2USDT,BUY,LIMIT,1701018536625,9,0.7783908
LUNA2USDT,SELL,LIMIT,1701018763003,10,0.7553357
LUNA2USDT,BUY,LIMIT,1701019313078,1744,0.7770896
LUNA2USDT,BUY,LIMIT,1701019329122,517,0.7775252
LUNA2USDT,BUY,LIMIT,1701019762430,2611,0.7815406
LUNA2USDT,SELL,LIMIT,1701021616864,14,0.7420113
LUNA2USDT,SELL,LIMIT,1701021668137,12,0.7410099
LUNA2USDT,SELL,LIMIT,1701021669360,113,0.7393508
LUNA2USDT,SELL,LIMIT,1701021677135,1428,0.7385742
LUNA2USDT,SELL,LIMIT,1701021678140,430,0.7362814
LUNA2USDT,SELL,LIMIT,1701021717726,761,0.7352188
LUNA2USDT,SELL,LIMIT,1701021719145,296,0.7342152
LUNA2USDT,SELL,LIMIT,1701021720205,7,0.7349666
LUNA2USDT,SELL,LIMIT,1701021724506,138,0.7328143
LUNA2USDT,SELL,LIMIT,1701021726171,1396,0.7326656
LUNA2USDT,SELL,LIMIT,1701021728028,108,0.7319038
LUNA2USDT,SELL,LIMIT,1701021729147,1043,0.7315360
LUNA2USDT,SELL,LIMIT,1701021731425,359,0.7313206
LUNA2USDT,SELL,LIMIT,1701021732623,202,0.7312541
LUNA2USDT,SELL,LIMIT,1701021736080,44,0.7289430
LUNA2USDT,SELL,LIMIT,1701021737112,9495,0.7276647
LUNA2USDT,SELL,LIMIT,1701021813149,1365,0.7267316
LUNA2USDT,SELL,LIMIT,1701021814197,1730,0.7267974
LUNA2USDT,SELL,LIMIT,1701021998182,975,0.7262621
LUNA2USDT,SELL,LIMIT,1701021999954,28,0.7260653
LUNA2USDT,SELL,LIMIT,1701022005556,32,0.7257894
LUNA2USDT,SELL,LIMIT,1701022007467,150,0.7253071
LUNA2USDT,BUY,LIMIT,1701023934652,2176,0.7662325
LUNA2USDT,BUY,LIMIT,1701023984241,45,0.7752957
LUNA2USDT,BUY,LIMIT,1701023986643,2868,0.7755467
LUNA2USDT,BUY,LIMIT,1701023993295,62,0.7763030
LUNA2USDT,BUY,LIMIT,1701023995952,2296,0.7766723
LUNA2USDT,BUY,LIMIT,1701024002685,901,0.7768520
LUNA2USDT,BUY,LIMIT,1701024009295,270,0.7774696
LUNA2USDT,BUY,LIMIT,1701024014251,6680,0.7779662
LUNA2USDT,BUY,LIMIT,1701024017791,279,0.7789700
LUNA2USDT,BUY,LIMIT,1701024044181,1146,0.7815868
LUNA2USDT,BUY,LIMIT,1701024045666,671,0.7831508
LUNA2USDT,BUY,LIMIT,1701024059286,182,0.7828648
LUNA2USDT,BUY,LIMIT,1701025143116,36,0.7841513
LUNA2USDT,BUY,LIMIT,1701025248669,108,0.7852973
LUNA2USDT,BUY,LIMIT,1701025316775,41,0.7869778
LUNA2USDT,BUY,LIMIT,1701025319787,21,0.7877091
LUNA2USDT,BUY,LIMIT,1701025320847,26,0.7880695
LUNA2USDT,BUY,LIMIT,1701027379343,2583,0.7906568
LUNA2USDT,BUY,LIMIT,1701027383840,156,0.7926761
LUNA2USDT,BUY,LIMIT,1701027394499,332,0.7928892
LUNA2USDT,BUY,LIMIT,1701027395501,38,0.7954465
LUNA2USDT,BUY,LIMIT,1701027413379,750,0.7965907
LUNA2USDT,BUY,LIMIT,1701027414449,102,0.7982558
LUNA2USDT,BUY,LIMIT,1701027452693,402,0.7986825
LUNA2USDT,BUY,LIMIT,1701027456753,181,0.7986217
LUNA2USDT,BUY,LIMIT,1701027460794,13,0.7992992
LUNA2USDT,BUY,LIMIT,1701027462508,99,0.7998595
LUNA2USDT,BUY,LIMIT,1701027476272,262,0.7999462
LUNA2USDT,BUY,LIMIT,1701027482766,120,0.8006855
LUNA2USDT,BUY,LIMIT,1701027485565,10,0.8011939
LUNA2USDT,BUY,LIMIT,1701027487462,56,0.8019825
LUNA2USDT,BUY,LIMIT,1701027488721,478,0.8022422
LUNA2USDT,BUY,LIMIT,1701027492105,7,0.8033246
LUNA2USDT,BUY,LIMIT,1701027493134,2559,0.8026405
LUNA2USDT,BUY,LIMIT,1701027559058,391,0.8048435
LUNA2USDT,BUY,LIMIT,1701027563136,510,0.8061429
LUNA2USDT,BUY,LIMIT,1701027565199,48,0.8071704
LUNA2USDT,BUY,LIMIT,1701027567106,213,0.8075823
LUNA2USDT,SELL,LIMIT,1701029104061,72,0.7652044
LUNA2USDT,SELL,LIMIT,1701029107955,30,0.7610111
LUNA2USDT,BUY,LIMIT,1701030177427,1972,0.7915532
LUNA2USDT,BUY,LIMIT,1701031758016,126,0.7944846
LUNA2USDT,BUY,LIMIT,1701031787229,560,0.7836857
LUNA2USDT,BUY,LIMIT,1701032494979,646,0.7766241
LUNA2USDT,SELL,LIMIT,1701033723720,39,0.7700636
LUNA2USDT,SELL,LIMIT,1701033786693,1591,0.7679106
LUNA2USDT,SELL,LIMIT,1701039786052,95,0.7611394
LUNA2USDT,BUY,LIMIT,1701043655041,176,0.8080602
LUNA2USDT,BUY,LIMIT,1701043657054,28,0.8091935
LUNA2USDT,BUY,LIMIT,1701043658396,223,0.8091912
LUNA2USDT,BUY,LIMIT,1701043741602,51,0.8089445
LUNA2USDT,BUY,LIMIT,1701044057693,51,0.8094792
LUNA2USDT,BUY,LIMIT,1701044154764,103,0.8100708
LUNA2USDT,BUY,LIMIT,1701044187428,12,0.8091580
LUNA2USDT,BUY,LIMIT,1701044201292,1,0.8105579
LUNA2USDT,BUY,LIMIT,1701044204258,7,0.8108400
LUNA2USDT,BUY,LIMIT,1701044211161,51,0.8111626
LUNA2USDT,BUY,LIMIT,1701044213131,4003,0.8113017
LUNA2USDT,BUY,LIMIT,1701044214407,3942,0.8113665
LUNA2USDT,BUY,LIMIT,1701044215435,188,0.8123455
LUNA2USDT,BUY,LIMIT,1701044217302,88,0.8150518
LUNA2USDT,BUY,LIMIT,1701044360375,31,0.8137254
LUNA2USDT,BUY,LIMIT,1701044370672,64,0.8155537
LUNA2USDT,BUY,LIMIT,1701044377886,95,0.8157468
LUNA2USDT,BUY,LIMIT,1701044383894,53,0.8162486
LUNA2USDT,BUY,LIMIT,1701044387710,111,0.8166610
LUNA2USDT,BUY,LIMIT,1701044388816,14,0.8172652
LUNA2USDT,BUY,LIMIT,1701044389831,131,0.8179846
LUNA2USDT,BUY,LIMIT,1701044401543,54,0.8185017
LUNA2USDT,BUY,LIMIT,1701044456767,1513,0.8187580
LUNA2USDT,BUY,LIMIT,1701044458132,63,0.8193269
LUNA2USDT,BUY,LIMIT,1701044460632,670,0.8194981
LUNA2USDT,SELL,LIMIT,1701045095994,155,0.7671916
LUNA2USDT,SELL,LIMIT,1701045097681,199,0.7664362
LUNA2USDT,SELL,LIMIT,1701045108207,270,0.7639229
LUNA2USDT,SELL,LIMIT,1701045142148,83,0.7609601
LUNA2USDT,SELL,LIMIT,1701045185116,294,0.7601461
LUNA2USDT,SELL,LIMIT,1701045189092,3171,0.7594244
LUNA2USDT,SELL,LIMIT,1701045207245,16,0.7585563
LUNA2USDT,SELL,LIMIT,1701045217473,1729,0.7591303
LUNA2USDT,SELL,LIMIT,1701045242040,6257,0.7577606
LUNA2USDT,SELL,LIMIT,1701045243666,8,0.7574116
LUNA2USDT,SELL,LIMIT,1701045245884,6161,0.7555590
LUNA2USDT,SELL,LIMIT,1701045248286,418,0.7545433
LUNA2USDT,SELL,LIMIT,1701045249328,5098,0.7542125
LUNA2USDT,SELL,LIMIT,1701045251832,6221,0.7527454
LUNA2USDT,SELL,LIMIT,1701045265471,4389,0.7504993
LUNA2USDT,SELL,LIMIT,1701045267056,1227,0.7483520
LUNA2USDT,SELL,LIMIT,1701045268080,412,0.7469516
LUNA2USDT,SELL,LIMIT,1701045346974,92,0.7522446
LUNA2USDT,SELL,LIMIT,1701045352208,12,0.7582518
LUNA2USDT,SELL,LIMIT,1701045779325,2958,0.7488218
LUNA2USDT,SELL,LIMIT,1701045780328,19,0.7595279
LUNA2USDT,SELL,LIMIT,1701045786887,78,0.7470547
LUNA2USDT,SELL,LIMIT,1701045788479,127,0.7465716
LUNA2USDT,SELL,LIMIT,1701045791106,220,0.7463321
LUNA2USDT,SELL,LIMIT,1701045802554,2292,0.7446811
LUNA2USDT,SELL,LIMIT,1701045803796,29,0.7446056
LUNA2USDT,SELL,LIMIT,1701045805034,127,0.7437654
LUNA2USDT,SELL,LIMIT,1701045806222,25,0.7432459
LUNA2USDT,SELL,LIMIT,1701045811602,75,0.7430202
LUNA2USDT,SELL,LIMIT,1701046419129,381,0.7505737
LUNA2USDT,SELL,LIMIT,1701048861373,1161,0.7465779
LUNA2USDT,SELL,LIMIT,1701050331931,42,0.7421056
LUNA2USDT,SELL,LIMIT,1701050333197,209,0.7413740
LUNA2USDT,SELL,LIMIT,1701050335042,1686,0.7409486
LUNA2USDT,SELL,LIMIT,1701050336209,3703,0.7408261
LUNA2USDT,SELL,LIMIT,1701050338476,2948,0.7406984
LUNA2USDT,SELL,LIMIT,1701050349692,2465,0.7405529
LUNA2USDT,SELL,LIMIT,1701050352824,240,0.7400915
LUNA2USDT,SELL,LIMIT,1701050418428,542,0.7405101
LUNA2USDT,SELL,LIMIT,1701050530125,33,0.7351107
LUNA2USDT,SELL,LIMIT,1701050531155,3229,0.7363353
LUNA2USDT,SELL,LIMIT,1701050532730,194,0.7326449
LUNA2USDT,SELL,LIMIT,1701050542078,3321,0.7323169
LUNA2USDT,SELL,LIMIT,1701050543171,867,0.7321834
LUNA2USDT,SELL,LIMIT,1701051335166,480,0.7398790
LUNA2USDT,SELL,LIMIT,1701052445665,34,0.7389531
LUNA2USDT,SELL,LIMIT,1701052899208,3205,0.7343889
LUNA2USDT,SELL,LIMIT,1701052954482,488,0.7331530
LUNA2USDT,SELL,LIMIT,1701052955815,258,0.7349516
LUNA2USDT,SELL,LIMIT,1701052957090,17,0.7323476
LUNA2USDT,SELL,LIMIT,1701053113519,91,0.7318210
LUNA2USDT,SELL,LIMIT,1701053116992,503,0.7316738
LUNA2USDT,SELL,LIMIT,1701053128076,283,0.7315043
LUNA2USDT,SELL,LIMIT,1701054439185,4468,0.7311712
LUNA2USDT,SELL,LIMIT,1701054445390,10,0.7309262
LUNA2USDT,SELL,LIMIT,1701054449357,322,0.7302281
LUNA2USDT,SELL,LIMIT,1701054454022,250,0.7301238
LUNA2USDT,SELL,LIMIT,1701054455514,1252,0.7299835
LUNA2USDT,SELL,LIMIT,1701054468550,303,0.7328501
LUNA2USDT,SELL,LIMIT,1701054807050,2038,0.7297909
LUNA2USDT,SELL,LIMIT,1701054816404,100,0.7297754
LUNA2USDT,SELL,LIMIT,1701054951685,89,0.7294150
LUNA2USDT,SELL,LIMIT,1701054977028,4808,0.7292242
LUNA2USDT,SELL,LIMIT,1701054992450,78,0.7287997
LUNA2USDT,SELL,LIMIT,1701055018217,691,0.7285931
LUNA2USDT,SELL,LIMIT,1701055024263,359,0.7280049
LUNA2USDT,SELL,LIMIT,1701055033795,647,0.7275956
LUNA2USDT,SELL,LIMIT,1701055034965,7,0.7273782
LUNA2USDT,SELL,LIMIT,1701055038495,60,0.7269031
LUNA2USDT,SELL,LIMIT,1701055049132,20,0.7269031
LUNA2USDT,SELL,LIMIT,1701055050172,5204,0.7266789
LUNA2USDT,SELL,LIMIT,1701055052611,607,0.7262869
LUNA2USDT,SELL,LIMIT,1701055054103,84,0.7256507
LUNA2USDT,SELL,LIMIT,1701055059330,440,0.7255434
LUNA2USDT,SELL,LIMIT,1701055062791,51,0.7250525
LUNA2USDT,SELL,LIMIT,1701055344572,3612,0.7286034
LUNA2USDT,SELL,LIMIT,1701055753189,1286,0.7349234
LUNA2USDT,SELL,LIMIT,1701056009275,35,0.7261166
LUNA2USDT,SELL,LIMIT,1701056010306,31,0.7285679
LUNA2USDT,SELL,LIMIT,1701056021281,2894,0.7260564
LUNA2USDT,SELL,LIMIT,1701056040276,1566,0.7244427
LUNA2USDT,SELL,LIMIT,1701056044584,23,0.7241861
LUNA2USDT,SELL,LIMIT,1701056049641,27,0.7239865
LUNA2USDT,SELL,LIMIT,1701056053415,299,0.7238983
LUNA2USDT,SELL,LIMIT,1701056055269,127,0.7239516
LUNA2USDT,SELL,LIMIT,1701056061672,2355,0.7237794
LUNA2USDT,SELL,LIMIT,1701056090996,667,0.7237621
LUNA2USDT,SELL,LIMIT,1701056092229,30,0.7236761
LUNA2USDT,SELL,LIMIT,1701056095861,7465,0.7229011
LUNA2USDT,SELL,LIMIT,1701056112746,39,0.7236031
LUNA2USDT,SELL,LIMIT,1701056120691,587,0.7231047
LUNA2USDT,SELL,LIMIT,1701056121761,1999,0.7228696
LUNA2USDT,SELL,LIMIT,1701056123776,329,0.7221296
LUNA2USDT,SELL,LIMIT,1701056142656,240,0.7231803
LUNA2USDT,SELL,LIMIT,1701056158137,26,0.7216340
LUNA2USDT,SELL,LIMIT,1701056159228,114,0.7217304
LUNA2USDT,SELL,LIMIT,1701056174364,756,0.7212970
LUNA2USDT,SELL,LIMIT,1701056176607,6671,0.7208776
LUNA2USDT,SELL,LIMIT,1701056891115,1047,0.7205388
LUNA2USDT,SELL,LIMIT,1701056894596,1,0.7203779
LUNA2USDT,SELL,LIMIT,1701058654279,71,0.7247384
LUNA2USDT,SELL,LIMIT,1701058810253,45,0.7195207
LUNA2USDT,SELL,LIMIT,1701058823208,300,0.7193113
LUNA2USDT,SELL,LIMIT,1701058824617,2320,0.7188046
LUNA2USDT,SELL,LIMIT,1701058825627,308,0.7184062
LUNA2USDT,SELL,LIMIT,1701058829326,2350,0.7168831
LUNA2USDT,SELL,LIMIT,1701058832752,414,0.7167365
LUNA2USDT,SELL,LIMIT,1701058867583,1250,0.7165120
LUNA2USDT,SELL,LIMIT,1701058878512,17,0.7162422
LUNA2USDT,SELL,LIMIT,1701058961697,1720,0.7159859
LUNA2USDT,BUY,LIMIT,1701059521247,2875,0.7603677
LUNA2USDT,BUY,LIMIT,1701060479639,15,0.7642422
LUNA2USDT,BUY,LIMIT,1701061988671,18,0.7698055
LUNA2USDT,BUY,LIMIT,1701061998419,75,0.7705915
LUNA2USDT,BUY,LIMIT,1701062000073,19,0.7709627
LUNA2USDT,BUY,LIMIT,1701062009834,1442,0.7712880
LUNA2USDT,BUY,LIMIT,1701062018636,236,0.7728078
LUNA2USDT,BUY,LIMIT,1701062019979,858,0.7732786
LUNA2USDT,BUY,LIMIT,1701062024562,122,0.7735293
LUNA2USDT,BUY,LIMIT,1701062027035,44,0.7746310
LUNA2USDT,BUY,LIMIT,1701062048769,56,0.7752165
LUNA2USDT,BUY,LIMIT,1701062050625,13,0.7755677
LUNA2USDT,BUY,LIMIT,1701062051856,2725,0.7741732
LUNA2USDT,BUY,LIMIT,1701062054600,27,0.7772952
LUNA2USDT,BUY,LIMIT,1701062072011,10,0.7796810
LUNA2USDT,BUY,LIMIT,1701062075227,278,0.7799584
LUNA2USDT,BUY,LIMIT,1701062078375,108,0.7804786
LUNA2USDT,BUY,LIMIT,1701062200443,3399,0.7826602
LUNA2USDT,BUY,LIMIT,1701062202164,608,0.7828706
LUNA2USDT,BUY,LIMIT,1701062204114,2639,0.7829434
LUNA2USDT,BUY,LIMIT,1701062206430,46,0.7833677
LUNA2USDT,BUY,LIMIT,1701062223331,4447,0.7839025
LUNA2USDT,BUY,LIMIT,1701062225528,6625,0.7854555
LUNA2USDT,BUY,LIMIT,1701062227567,33,0.7853408
LUNA2USDT,BUY,LIMIT,1701062235077,1608,0.7863430
LUNA2USDT,BUY,LIMIT,1701062238087,1606,0.7876400
LUNA2USDT,BUY,LIMIT,1701062245094,106,0.7877665
LUNA2USDT,SELL,LIMIT,1701062968126,14,0.7564775
LUNA2USDT,BUY,LIMIT,1701063617139,401,0.7871462
LUNA2USDT,BUY,LIMIT,1701063620120,666,0.7878511
LUNA2USDT,BUY,LIMIT,1701063622378,67,0.7889091
LUNA2USDT,BUY,LIMIT,1701063643221,700,0.7901775
LUNA2USDT,BUY,LIMIT,1701063731085,4273,0.7918265
LUNA2USDT,BUY,LIMIT,1701063755237,34,0.7932315
LUNA2USDT,BUY,LIMIT,1701063771483,370,0.7946397
LUNA2USDT,BUY,LIMIT,1701063828254,818,0.7958987
LUNA2USDT,BUY,LIMIT,1701063854945,5356,0.7976135
LUNA2USDT,BUY,LIMIT,1701063858239,216,0.7991764
LUNA2USDT,BUY,LIMIT,1701063871042,182,0.7999576
LUNA2USDT,BUY,LIMIT,1701063895257,569,0.8002625
LUNA2USDT,BUY,LIMIT,1701063896277,55,0.8002300
LUNA2USDT,BUY,LIMIT,1701063941263,373,0.8008664
LUNA2USDT,BUY,LIMIT,1701064002968,518,0.8026026
LUNA2USDT,BUY,LIMIT,1701064023493,3843,0.8039313
LUNA2USDT,BUY,LIMIT,1701064027205,326,0.8051362
LUNA2USDT,BUY,LIMIT,1701064109853,73,0.8060257
LUNA2USDT,BUY,LIMIT,1701064119251,949,0.8044185
