Symbol,Side,Order Type,Time,Quantity,Price
LUNA2USDT,BUY,LIMIT,1701916612930,105,1.0728989
LUNA2USDT,BUY,LIMIT,1701927579915,5,1.0745583
LUNA2USDT,BUY,LIMIT,1701927599083,4878,1.0756663
LUNA2USDT,BUY,LIMIT,1701928751111,374,1.0859155
LUNA2USDT,BUY,LIMIT,1701928753130,96,1.0863934
LUNA2USDT,BUY,LIMIT,1701928760810,130,1.0878163
LUNA2USDT,SELL,LIMIT,1701931800171,2811,1.0181584
LUNA2USDT,SELL,LIMIT,1701931801253,4660,1.0182560
LUNA2USDT,SELL,LIMIT,1701937346386,73,1.0300662
LUNA2USDT,SELL,LIMIT,1701937353756,150,1.0288326
LUNA2USDT,SELL,LIMIT,1701939425963,97,1.0262206
LUNA2USDT,SELL,LIMIT,1701940014400,1049,1.0248457
LUNA2USDT,SELL,LIMIT,1701940475100,13,1.0262063
LUNA2USDT,SELL,LIMIT,1701940558779,28,1.0281778
LUNA2USDT,BUY,LIMIT,1701940560311,76,1.0466361
LUNA2USDT,BUY,LIMIT,1701940564131,132,1.0532949
LUNA2USDT,BUY,LIMIT,1701940673465,70,1.0561196
LUNA2USDT,BUY,LIMIT,1701940675463,283,1.0577792
LUNA2USDT,SELL,LIMIT,1701941156049,939,1.0213621
LUNA2USDT,SELL,LIMIT,1701941158751,95,1.0204677
LUNA2USDT,SELL,LIMIT,1701941160148,44,1.0201631
LUNA2USDT,SELL,LIMIT,1701941178993,40,1.0204020
LUNA2USDT,BUY,LIMIT,1701941180546,14,1.0507827
LUNA2USDT,BUY,LIMIT,1701941186031,80,1.0347779
LUNA2USDT,SELL,LIMIT,1701941189499,40,1.0181233
LUNA2USDT,SELL,LIMIT,1701941191570,156,1.0178301
LUNA2USDT,SELL,LIMIT,1701941192910,4612,1.0167309
LUNA2USDT,SELL,LIMIT,1701941207198,18,1.0181524
LUNA2USDT,SELL,LIMIT,1701941233683,88,1.0151042
LUNA2USDT,SELL,LIMIT,1701941235359,203,1.0150018
LUNA2USDT,SELL,LIMIT,1701941236935,709,1.0153229
LUNA2USDT,BUY,LIMIT,1701941238268,71,1.0458059
LUNA2USDT,SELL,LIMIT,1701941239363,4666,1.0148955
LUNA2USDT,SELL,LIMIT,1701941244278,1291,1.0146436
LUNA2USDT,SELL,LIMIT,1701941245901,118,1.0126786
LUNA2USDT,SELL,LIMIT,1701941247369,44,1.0121724
LUNA2USDT,BUY,LIMIT,1701941675116,82,1.0681006
LUNA2USDT,BUY,LIMIT,1701942227303,2097,1.0836847
LUNA2USDT,BUY,LIMIT,1701944422295,199,1.0926344
LUNA2USDT,BUY,LIMIT,1701944425979,2411,1.0961940
LUNA2USDT,BUY,LIMIT,1701944427374,93,1.0965474
LUNA2USDT,BUY,LIMIT,1701944435142,79,1.1031126
LUNA2USDT,SELL,LIMIT,1701948799894,931,1.0296020
LUNA2USDT,SELL,LIMIT,1701948805001,176,1.0291246
LUNA2USDT,SELL,LIMIT,1701948810406,816,1.0283932
LUNA2USDT,SELL,LIMIT,1701949023325,150,1.0244925
LUNA2USDT,SELL,LIMIT,1701949034331,5,1.0234787
LUNA2USDT,SELL,LIMIT,1701949035592,27,1.0224729
LUNA2USDT,SELL,LIMIT,1701949097633,702,1.0220381
LUNA2USDT,SELL,LIMIT,1701949101731,2173,1.0209452
LUNA2USDT,SELL,LIMIT,1701949140072,222,1.0194898
LUNA2USDT,SELL,LIMIT,1701949313907,450,1.0166788
LUNA2USDT,BUY,LIMIT,1701953976590,1,1.0671890
LUNA2USDT,SELL,LIMIT,1701962761156,94,1.0322614
LUNA2USDT,SELL,LIMIT,1701963021129,101,1.0368984
LUNA2USDT,SELL,LIMIT,1701963998163,61,1.0369559
LUNA2USDT,SELL,LIMIT,1701964198570,128,1.0258065
LUNA2USDT,SELL,LIMIT,1701965394800,1593,1.0177888
LUNA2USDT,SELL,LIMIT,1701965463429,500,1.0171092
LUNA2USDT,SELL,LIMIT,1701965723158,104,1.0083536
LUNA2USDT,SELL,LIMIT,1701965727553,1488,1.0077045
LUNA2USDT,SELL,LIMIT,1701965770327,966,1.0070641
LUNA2USDT,SELL,LIMIT,1701965772365,4740,1.0068360
LUNA2USDT,SELL,LIMIT,1701965778814,800,1.0057910
LUNA2USDT,SELL,LIMIT,1701965831539,93,1.0046469
LUNA2USDT,SELL,LIMIT,1701965834263,2249,1.0036814
LUNA2USDT,SELL,LIMIT,1701965835675,68,1.0027544
LUNA2USDT,SELL,LIMIT,1701965837311,15,1.0026594
LUNA2USDT,SELL,LIMIT,1701965840062,149,1.0021834
LUNA2USDT,SELL,LIMIT,1701965841269,592,1.0013927
LUNA2USDT,SELL,LIMIT,1701965843959,6,0.9998114
LUNA2USDT,SELL,LIMIT,1701965845050,384,0.9993717
LUNA2USDT,SELL,LIMIT,1701965846081,10,0.9986162
LUNA2USDT,SELL,LIMIT,1701968685511,2879,0.9984095
LUNA2USDT,SELL,LIMIT,1701968687564,16,0.9968451
LUNA2USDT,SELL,LIMIT,1701968689466,543,0.9964364
LUNA2USDT,SELL,LIMIT,1701968692351,45,0.9954196
LUNA2USDT,SELL,LIMIT,1701970285062,100,1.0070758
LUNA2USDT,SELL,LIMIT,1701970719528,645,1.0175881
LUNA2USDT,SELL,LIMIT,1701971061484,6,1.0007601
LUNA2USDT,SELL,LIMIT,1701974282276,1733,0.9938177
LUNA2USDT,SELL,LIMIT,1701974283650,77,0.9936803
LUNA2USDT,SELL,LIMIT,1701974288100,4788,0.9922129
LUNA2USDT,SELL,LIMIT,1701974303071,82,0.9915996
LUNA2USDT,SELL,LIMIT,1701974304083,1651,0.9913550
LUNA2USDT,SELL,LIMIT,1701975011054,95,0.9907505
LUNA2USDT,SELL,LIMIT,1701975012264,74,0.9908445
LUNA2USDT,SELL,LIMIT,1701975014099,106,0.9904456
LUNA2USDT,SELL,LIMIT,1701975015604,4550,0.9899655
LUNA2USDT,SELL,LIMIT,1701975017826,11,0.9891963
LUNA2USDT,SELL,LIMIT,1701975018848,71,0.9890549
LUNA2USDT,SELL,LIMIT,1701975249324,1180,0.9887644
LUNA2USDT,SELL,LIMIT,1701975250333,32,0.9886216
LUNA2USDT,SELL,LIMIT,1701975255943,19,0.9881884
LUNA2USDT,SELL,LIMIT,1701977299966,1771,0.9876792
LUNA2USDT,SELL,LIMIT,1701977307123,199,0.9875987
LUNA2USDT,SELL,LIMIT,1701981579599,663,0.9879551
LUNA2USDT,SELL,LIMIT,1701981629130,65,0.9868756
LUNA2USDT,SELL,LIMIT,1701981631309,633,0.9864951
LUNA2USDT,SELL,LIMIT,1701984758830,25000,0.9917753
LUNA2USDT,SELL,LIMIT,1701987586196,146,0.9897981
LUNA2USDT,SELL,LIMIT,1701987799687,14,0.9871229
LUNA2USDT,SELL,LIMIT,1701988399010,80,0.9870923
LUNA2USDT,SELL,LIMIT,1701988401442,840,0.9856506
LUNA2USDT,SELL,LIMIT,1701988402653,1913,0.9831080
LUNA2USDT,SELL,LIMIT,1701988403768,177,0.9772437
LUNA2USDT,SELL,LIMIT,1701988404863,34,0.9739492
LUNA2USDT,SELL,LIMIT,1701988406309,1429,0.9745751
LUNA2USDT,SELL,LIMIT,1702002728194,253,1.0016466
LUNA2USDT,SELL,LIMIT,1702006583164,9,0.9980853
LUNA2USDT,BUY,LIMIT,1702008869603,23,1.0338566
LUNA2USDT,BUY,LIMIT,1702013716078,2541,1.0536088
LUNA2USDT,BUY,LIMIT,1702013723142,3086,1.0542442
LUNA2USDT,BUY,LIMIT,1702013724300,19,1.0545673
LUNA2USDT,BUY,LIMIT,1702013730229,6,1.0553772
LUNA2USDT,BUY,LIMIT,1702013744354,5,1.0583376
LUNA2USDT,BUY,LIMIT,1702013745835,350,1.0588502
LUNA2USDT,BUY,LIMIT,1702013751135,990,1.0602980
LUNA2USDT,BUY,LIMIT,1702013757438,93,1.0612293
LUNA2USDT,BUY,LIMIT,1702013758476,107,1.0614384
LUNA2USDT,BUY,LIMIT,1702013759790,114,1.0623949
LUNA2USDT,BUY,LIMIT,1702013765397,687,1.0648073
LUNA2USDT,BUY,LIMIT,1702013776159,507,1.0648203
LUNA2USDT,BUY,LIMIT,1702013788585,407,1.0664332
LUNA2USDT,BUY,LIMIT,1702013791270,97,1.0682135
LUNA2USDT,BUY,LIMIT,1702013792578,7,1.0692596
LUNA2USDT,BUY,LIMIT,1702013794034,7,1.0699038
LUNA2USDT,BUY,LIMIT,1702013798272,400,1.0708256
LUNA2USDT,BUY,LIMIT,1702013841680,195,1.0721903
LUNA2USDT,BUY,LIMIT,1702013848351,464,1.0735186
LUNA2USDT,BUY,LIMIT,1702013857188,213,1.0751471
LUNA2USDT,SELL,LIMIT,1702019478253,80,1.0238632
LUNA2USDT,SELL,LIMIT,1702020643746,964,1.0047986
LUNA2USDT,SELL,LIMIT,1702023026540,67,0.9999280
LUNA2USDT,BUY,LIMIT,1702027937214,67,1.0363587
LUNA2USDT,SELL,LIMIT,1702029140310,125,1.0153810
LUNA2USDT,SELL,LIMIT,1702030815786,478,0.9944127
LUNA2USDT,BUY,LIMIT,1702032395244,3435,1.0303847
LUNA2USDT,BUY,LIMIT,1702034616241,1196,1.0408825
LUNA2USDT,BUY,LIMIT,1702034783067,1023,1.0400217
LUNA2USDT,BUY,LIMIT,1702034994721,4212,1.0392221
LUNA2USDT,SELL,LIMIT,1702037074754,6,1.0024159
LUNA2USDT,BUY,LIMIT,1702044542089,8,1.0592603
LUNA2USDT,BUY,LIMIT,1702044553176,93,1.0626187
LUNA2USDT,BUY,LIMIT,1702044567082,668,1.0642420
LUNA2USDT,BUY,LIMIT,1702045171105,69,1.0688404
LUNA2USDT,BUY,LIMIT,1702045188609,11,1.0725292
LUNA2USDT,BUY,LIMIT,1702045194215,7,1.0727314
LUNA2USDT,BUY,LIMIT,1702045216079,20,1.0750834
LUNA2USDT,BUY,LIMIT,1702045263109,32,1.0773848
LUNA2USDT,BUY,LIMIT,1702045267342,264,1.0812577
LUNA2USDT,BUY,LIMIT,1702045271063,48,1.0821338
LUNA2USDT,BUY,LIMIT,1702045285259,109,1.0842270
LUNA2USDT,BUY,LIMIT,1702045412373,57,1.0868267
LUNA2USDT,BUY,LIMIT,1702046366199,4115,1.0711294
LUNA2USDT,SELL,LIMIT,1702047653687,1018,1.0278614
LUNA2USDT,BUY,LIMIT,1702054347358,159,1.0606192
LUNA2USDT,SELL,LIMIT,1702056262420,4101,1.0204601
LUNA2USDT,SELL,LIMIT,1702059081067,1352,1.0236121
LUNA2USDT,SELL,LIMIT,1702065559709,4772,1.0294842
LUNA2USDT,SELL,LIMIT,1702065844138,3190,1.0308539
LUNA2USDT,BUY,LIMIT,1702067590378,1728,1.0663590
LUNA2USDT,BUY,LIMIT,1702069072661,45,1.0735247
LUNA2USDT,BUY,LIMIT,1702072859393,43,1.0592540
LUNA2USDT,SELL,LIMIT,1702075523716,54,1.0205586
LUNA2USDT,BUY,LIMIT,1702078593073,5,1.0561672
LUNA2USDT,BUY,LIMIT,1702080420734,159,1.0611824
LUNA2USDT,BUY,LIMIT,1702087628821,108,1.0581375
LUNA2USDT,BUY,LIMIT,1702092590443,98,1.0717540
LUNA2USDT,BUY,LIMIT,1702097846345,205,1.0593554
LUNA2USDT,BUY,LIMIT,1702105876224,1,1.0082906
LUNA2USDT,BUY,LIMIT,1702107982493,134,1.0679024
LUNA2USDT,SELL,LIMIT,1702109411230,2200,1.0426155
LUNA2USDT,SELL,LIMIT,1702109780749,8,1.0424172
LUNA2USDT,BUY,LIMIT,1702110310455,1489,1.0779271
LUNA2USDT,SELL,LIMIT,1702110993521,3921,1.0199219
LUNA2USDT,SELL,LIMIT,1702111035735,20,1.0163429
LUNA2USDT,SELL,LIMIT,1702111043324,1384,1.0119445
LUNA2USDT,SELL,LIMIT,1702111045327,11,1.0103738
LUNA2USDT,SELL,LIMIT,1702111341297,862,1.0311124
LUNA2USDT,SELL,LIMIT,1702111378799,382,1.0095511
LUNA2USDT,SELL,LIMIT,1702111382243,85,1.0078008
LUNA2USDT,SELL,LIMIT,1702111385190,1995,1.0076546
LUNA2USDT,SELL,LIMIT,1702111386750,2863,1.0070273
LUNA2USDT,SELL,LIMIT,1702111388061,122,1.0063434
LUNA2USDT,SELL,LIMIT,1702111389092,27,1.0061822
LUNA2USDT,SELL,LIMIT,1702111391528,386,1.0060730
LUNA2USDT,SELL,LIMIT,1702111392693,1126,1.0051801
LUNA2USDT,SELL,LIMIT,1702114253199,51,1.0118906
LUNA2USDT,SELL,LIMIT,1702114762554,57,1.0036720
LUNA2USDT,SELL,LIMIT,1702114768776,496,1.0034713
LUNA2USDT,SELL,LIMIT,1702114845253,1629,1.0030697
LUNA2USDT,SELL,LIMIT,1702114847684,9,1.0026562
LUNA2USDT,SELL,LIMIT,1702115032135,47,1.0024863
LUNA2USDT,SELL,LIMIT,1702115034111,40,1.0018524
LUNA2USDT,SELL,LIMIT,1702115100471,365,1.0011112
LUNA2USDT,SELL,LIMIT,1702115107080,25,1.0001752
LUNA2USDT,SELL,LIMIT,1702115631533,29,0.9994188
LUNA2USDT,SELL,LIMIT,1702115633453,76,0.9990233
LUNA2USDT,SELL,LIMIT,1702125473241,4305,1.0023843
LUNA2USDT,SELL,LIMIT,1702125883254,960,0.9981798
LUNA2USDT,SELL,LIMIT,1702125884865,287,0.9976097
LUNA2USDT,SELL,LIMIT,1702125887526,41,0.9966980
LUNA2USDT,SELL,LIMIT,1702127874513,542,1.0067686
LUNA2USDT,SELL,LIMIT,1702132988693,228,0.9965737
LUNA2USDT,SELL,LIMIT,1702132990747,37,0.9964378
LUNA2USDT,SELL,LIMIT,1702132992731,1192,0.9956341
LUNA2USDT,SELL,LIMIT,1702132994457,1512,0.9951607
LUNA2USDT,SELL,LIMIT,1702132995753,27,0.9937524
LUNA2USDT,SELL,LIMIT,1702132996884,420,0.9923730
LUNA2USDT,SELL,LIMIT,1702132998327,192,0.9919341
LUNA2USDT,SELL,LIMIT,1702133000198,72,0.9916501
LUNA2USDT,SELL,LIMIT,1702133001218,259,0.9890301
LUNA2USDT,SELL,LIMIT,1702133004067,12,0.9905428
LUNA2USDT,SELL,LIMIT,1702133007154,725,0.9959937
LUNA2USDT,SELL,LIMIT,1702133343395,29,0.9917749
