Symbol,Side,Order Type,Time,Quantity,Price
LUNA2USDT,BUY,LIMIT,1701916612930,105,1.0728989
LUNA2USDT,BUY,LIMIT,1701927579915,5,1.0745583
LUNA2USDT,BUY,LIMIT,1701927599083,4878,1.0756663
LUNA2USDT,BUY,LIMIT,1701928751111,374,1.0859155
LUNA2USDT,BUY,LIMIT,1701928753130,96,1.0863934
LUNA2USDT,BUY,LIMIT,1701928760810,130,1.0878163
LUNA2USDT,SELL,LIMIT,1701931800171,2811,1.0181584
LUNA2USDT,SELL,LIMIT,1701931801253,4660,1.0182560
LUNA2USDT,SELL,LIMIT,1701937346386,73,1.0300662
LUNA2USDT,SELL,LIMIT,1701937353756,150,1.0288326
LUNA2USDT,SELL,LIMIT,1701939425963,97,1.0262206
LUNA2USDT,SELL,LIMIT,1701940014400,1049,1.0248457
LUNA2USDT,SELL,LIMIT,1701940475100,13,1.0262063
LUNA2USDT,SELL,LIMIT,1701940558779,28,1.0281778
LUNA2USDT,BUY,LIMIT,1701940560311,76,1.0466361
LUNA2USDT,BUY,LIMIT,1701940564131,132,1.0532949
LUNA2USDT,BUY,LIMIT,1701940673465,70,1.0561196
LUNA2USDT,BUY,LIMIT,1701940675463,283,1.0577792
LUNA2USDT,SELL,LIMIT,1701941156049,939,1.0213621
LUNA2USDT,SELL,LIMIT,1701941158751,95,1.0204677
LUNA2USDT,SELL,LIMIT,1701941160148,44,1.0201631
LUNA2USDT,SELL,LIMIT,1701941178993,40,1.0204020
LUNA2USDT,BUY,LIMIT,1701941180546,14,1.0507827
LUNA2USDT,BUY,LIMIT,1701941186031,80,1.0347779
LUNA2USDT,SELL,LIMIT,1701941189499,40,1.0181233
LUNA2USDT,SELL,LIMIT,1701941191570,156,1.0178301
LUNA2USDT,SELL,LIMIT,1701941192910,4612,1.0167309
LUNA2USDT,SELL,LIMIT,1701941207198,18,1.0181524
LUNA2USDT,SELL,LIMIT,1701941233683,88,1.0151042
LUNA2USDT,SELL,LIMIT,1701941235359,203,1.0150018
LUNA2USDT,SELL,LIMIT,1701941236935,709,1.0153229
LUNA2USDT,BUY,LIMIT,1701941238268,71,1.0458059
LUNA2USDT,SELL,LIMIT,1701941239363,4666,1.0148955
LUNA2USDT,SELL,LIMIT,1701941244278,1291,1.0146436
LUNA2USDT,SELL,LIMIT,1701941245901,118,1.0126786
LUNA2USDT,SELL,LIMIT,1701941247369,44,1.0121724
LUNA2USDT,BUY,LIMIT,1701941675116,82,1.0681006
LUNA2USDT,BUY,LIMIT,1701942227303,2097,1.0836847
LUNA2USDT,BUY,LIMIT,1701944422295,199,1.0926344
LUNA2USDT,BUY,LIMIT,1701944425979,2411,1.0961940
LUNA2USDT,BUY,LIMIT,1701944427374,93,1.0965474
LUNA2USDT,BUY,LIMIT,1701944435142,79,1.1031126
LUNA2USDT,SELL,LIMIT,1701948799894,931,1.0296020
LUNA2USDT,SELL,LIMIT,1701948805001,176,1.0291246
LUNA2USDT,SELL,LIMIT,1701948810406,816,1.0283932
LUNA2USDT,SELL,LIMIT,1701949023325,150,1.0244925
LUNA2USDT,SELL,LIMIT,1701949034331,5,1.0234787
LUNA2USDT,SELL,LIMIT,1701949035592,27,1.0224729
LUNA2USDT,SELL,LIMIT,1701949097633,702,1.0220381
LUNA2USDT,SELL,LIMIT,1701949101731,2173,1.0209452
LUNA2USDT,SELL,LIMIT,1701949140072,222,1.0194898
LUNA2USDT,SELL,LIMIT,1701949313907,450,1.0166788
LUNA2USDT,BUY,LIMIT,1701953976590,1,1.0671890
LUNA2USDT,SELL,LIMIT,1701962761156,94,1.0322614
LUNA2USDT,SELL,LIMIT,1701963021129,101,1.0368984
LUNA2USDT,SELL,LIMIT,1701963998163,61,1.0369559
LUNA2USDT,SELL,LIMIT,1701964198570,128,1.0258065
LUNA2USDT,SELL,LIMIT,1701965394800,1593,1.0177888
LUNA2USDT,SELL,LIMIT,1701965463429,500,1.0171092
LUNA2USDT,SELL,LIMIT,1701965723158,104,1.0083536
LUNA2USDT,SELL,LIMIT,1701965727553,1488,1.0077045
LUNA2USDT,SELL,LIMIT,1701965770327,966,1.0070641
LUNA2USDT,SELL,LIMIT,1701965772365,4740,1.0068360
LUNA2USDT,SELL,LIMIT,1701965778814,800,1.0057910
LUNA2USDT,SELL,LIMIT,1701965831539,93,1.0046469
LUNA2USDT,SELL,LIMIT,1701965834263,2249,1.0036814
LUNA2USDT,SELL,LIMIT,1701965835675,68,1.0027544
LUNA2USDT,SELL,LIMIT,1701965837311,15,1.0026594
LUNA2USDT,SELL,LIMIT,1701965840062,149,1.0021834
LUNA2USDT,SELL,LIMIT,1701965841269,592,1.0013927
LUNA2USDT,SELL,LIMIT,1701965843959,6,0.9998114
LUNA2USDT,SELL,LIMIT,1701965845050,384,0.9993717
LUNA2USDT,SELL,LIMIT,1701965846081,10,0.9986162
LUNA2USDT,SELL,LIMIT,1701968685511,2879,0.9984095
LUNA2USDT,SELL,LIMIT,1701968687564,16,0.9968451
LUNA2USDT,SELL,LIMIT,1701968689466,543,0.9964364
LUNA2USDT,SELL,LIMIT,1701968692351,45,0.9954196
LUNA2USDT,SELL,LIMIT,1701970285062,100,1.0070758
LUNA2USDT,SELL,LIMIT,1701970719528,645,1.0175881
LUNA2USDT,SELL,LIMIT,1701971061484,6,1.0007601
LUNA2USDT,SELL,LIMIT,1701974282276,1733,0.9938177
LUNA2USDT,SELL,LIMIT,1701974283650,77,0.9936803
LUNA2USDT,SELL,LIMIT,1701974288100,4788,0.9922129
LUNA2USDT,SELL,LIMIT,1701974303071,82,0.9915996
LUNA2USDT,SELL,LIMIT,1701974304083,1651,0.9913550
LUNA2USDT,SELL,LIMIT,1701975011054,95,0.9907505
LUNA2USDT,SELL,LIMIT,1701975012264,74,0.9908445
LUNA2USDT,SELL,LIMIT,1701975014099,106,0.9904456
LUNA2USDT,SELL,LIMIT,1701975015604,4550,0.9899655
LUNA2USDT,SELL,LIMIT,1701975017826,11,0.9891963
LUNA2USDT,SELL,LIMIT,1701975018848,71,0.9890549
LUNA2USDT,SELL,LIMIT,1701975249324,1180,0.9887644
LUNA2USDT,SELL,LIMIT,1701975250333,32,0.9886216
LUNA2USDT,SELL,LIMIT,1701975255943,19,0.9881884
LUNA2USDT,SELL,LIMIT,1701977299966,1771,0.9876792
LUNA2USDT,SELL,LIMIT,1701977307123,199,0.9875987
LUNA2USDT,SELL,LIMIT,1701981579599,663,0.9879551
LUNA2USDT,SELL,LIMIT,1701981629130,65,0.9868756
LUNA2USDT,SELL,LIMIT,1701981631309,633,0.9864951
LUNA2USDT,SELL,LIMIT,1701984758830,25000,0.9917753
LUNA2USDT,SELL,LIMIT,1701987586196,146,0.9897981
LUNA2USDT,SELL,LIMIT,1701987799687,14,0.9871229
LUNA2USDT,SELL,LIMIT,1701988399010,80,0.9870923
LUNA2USDT,SELL,LIMIT,1701988401442,840,0.9856506
LUNA2USDT,SELL,LIMIT,1701988402653,1913,0.9831080
LUNA2USDT,SELL,LIMIT,1701988403768,177,0.9772437
LUNA2USDT,SELL,LIMIT,1701988404863,34,0.9739492
LUNA2USDT,SELL,LIMIT,1701988406309,1429,0.9745751
LUNA2USDT,SELL,LIMIT,1702002728194,253,1.0016466
LUNA2USDT,SELL,LIMIT,1702006583164,9,0.9980853
LUNA2USDT,BUY,LIMIT,1702008869603,23,1.0338566
LUNA2USDT,BUY,LIMIT,1702013716078,2541,1.0536088
LUNA2USDT,BUY,LIMIT,1702013723142,3086,1.0542442
LUNA2USDT,BUY,LIMIT,1702013724300,19,1.0545673
LUNA2USDT,BUY,LIMIT,1702013730229,6,1.0553772
LUNA2USDT,BUY,LIMIT,1702013744354,5,1.0583376
LUNA2USDT,BUY,LIMIT,1702013745835,350,1.0588502
LUNA2USDT,BUY,LIMIT,1702013751135,990,1.0602980
LUNA2USDT,BUY,LIMIT,1702013757438,93,1.0612293
LUNA2USDT,BUY,LIMIT,1702013758476,107,1.0614384
LUNA2USDT,BUY,LIMIT,1702013759790,114,1.0623949
LUNA2USDT,BUY,LIMIT,1702013765397,687,1.0648073
LUNA2USDT,BUY,LIMIT,1702013776159,507,1.0648203
LUNA2USDT,BUY,LIMIT,1702013788585,407,1.0664332
LUNA2USDT,BUY,LIMIT,1702013791270,97,1.0682135
LUNA2USDT,BUY,LIMIT,1702013792578,7,1.0692596
LUNA2USDT,BUY,LIMIT,1702013794034,7,1.0699038
LUNA2USDT,BUY,LIMIT,1702013798272,400,1.0708256
LUNA2USDT,BUY,LIMIT,1702013841680,195,1.0721903
LUNA2USDT,BUY,LIMIT,1702013848351,464,1.0735186
LUNA2USDT,BUY,LIMIT,1702013857188,213,1.0751471
LUNA2USDT,SELL,LIMIT,1702019478253,80,1.0238632
LUNA2USDT,SELL,LIMIT,1702020643746,964,1.0047986
LUNA2USDT,SELL,LIMIT,1702023026540,67,0.9999280
LUNA2USDT,BUY,LIMIT,1702027937214,67,1.0363587
LUNA2USDT,SELL,LIMIT,1702029140310,125,1.0153810
LUNA2USDT,SELL,LIMIT,1702030815786,478,0.9944127
LUNA2USDT,BUY,LIMIT,1702032395244,3435,1.0303847
LUNA2USDT,BUY,LIMIT,1702034616241,1196,1.0408825
LUNA2USDT,BUY,LIMIT,1702034783067,1023,1.0400217
LUNA2USDT,BUY,LIMIT,1702034994721,4212,1.0392221
LUNA2USDT,SELL,LIMIT,1702037074754,6,1.0024159
LUNA2USDT,BUY,LIMIT,1702044542089,8,1.0592603
LUNA2USDT,BUY,LIMIT,1702044553176,93,1.0626187
LUNA2USDT,BUY,LIMIT,1702044567082,668,1.0642420
LUNA2USDT,BUY,LIMIT,1702045171105,69,1.0688404
LUNA2USDT,BUY,LIMIT,1702045188609,11,1.0725292
LUNA2USDT,BUY,LIMIT,1702045194215,7,1.0727314
LUNA2USDT,BUY,LIMIT,1702045216079,20,1.0750834
LUNA2USDT,BUY,LIMIT,1702045263109,32,1.0773848
LUNA2USDT,BUY,LIMIT,1702045267342,264,1.0812577
LUNA2USDT,BUY,LIMIT,1702045271063,48,1.0821338
LUNA2USDT,BUY,LIMIT,1702045285259,109,1.0842270
LUNA2USDT,BUY,LIMIT,1702045412373,57,1.0868267
LUNA2USDT,BUY,LIMIT,1702046366199,4115,1.0711294
LUNA2USDT,SELL,LIMIT,1702047653687,1018,1.0278614
LUNA2USDT,BUY,LIMIT,1702054347358,159,1.0606192
LUNA2USDT,SELL,LIMIT,1702056262420,4101,1.0204601
LUNA2USDT,SELL,LIMIT,1702059081067,1352,1.0236121
LUNA2USDT,SELL,LIMIT,1702065559709,4772,1.0294842
LUNA2USDT,SELL,LIMIT,1702065844138,3190,1.0308539
LUNA2USDT,BUY,LIMIT,1702067590378,1728,1.0663590
LUNA2USDT,BUY,LIMIT,1702069072661,45,1.0735247
LUNA2USDT,BUY,LIMIT,1702072859393,43,1.0592540
LUNA2USDT,SELL,LIMIT,1702075523716,54,1.0205586
LUNA2USDT,BUY,LIMIT,1702078593073,5,1.0561672
LUNA2USDT,BUY,LIMIT,1702080420734,159,1.0611824
LUNA2USDT,BUY,LIMIT,1702087628821,108,1.0581375
LUNA2USDT,BUY,LIMIT,1702092590443,98,1.0717540
LUNA2USDT,BUY,LIMIT,1702097846345,205,1.0593554
LUNA2USDT,BUY,LIMIT,1702105876224,1,1.0082906
LUNA2USDT,BUY,LIMIT,1702107982493,134,1.0679024
LUNA2USDT,SELL,LIMIT,1702109411230,2200,1.0426155
LUNA2USDT,SELL,LIMIT,1702109780749,8,1.0424172
LUNA2USDT,BUY,LIMIT,1702110310455,1489,1.0779271
LUNA2USDT,SELL,LIMIT,1702110993521,3921,1.0199219
LUNA2USDT,SELL,LIMIT,1702111035735,20,1.0163429
LUNA2USDT,SELL,LIMIT,1702111043324,1384,1.0119445
LUNA2USDT,SELL,LIMIT,1702111045327,11,1.0103738
LUNA2USDT,SELL,LIMIT,1702111341297,862,1.0311124
LUNA2USDT,SELL,LIMIT,1702111378799,382,1.0095511
LUNA2USDT,SELL,LIMIT,1702111382243,85,1.0078008
LUNA2USDT,SELL,LIMIT,1702111385190,1995,1.0076546
LUNA2USDT,SELL,LIMIT,1702111386750,2863,1.0070273
LUNA2USDT,SELL,LIMIT,1702111388061,122,1.0063434
LUNA2USDT,SELL,LIMIT,1702111389092,27,1.0061822
LUNA2USDT,SELL,LIMIT,1702111391528,386,1.0060730
LUNA2USDT,SELL,LIMIT,1702111392693,1126,1.0051801
LUNA2USDT,SELL,LIMIT,1702114253199,51,1.0118906
LUNA2USDT,SELL,LIMIT,1702114762554,57,1.0036720
LUNA2USDT,SELL,LIMIT,1702114768776,496,1.0034713
LUNA2USDT,SELL,LIMIT,1702114845253,1629,1.0030697
LUNA2USDT,SELL,LIMIT,1702114847684,9,1.0026562
LUNA2USDT,SELL,LIMIT,1702115032135,47,1.0024863
LUNA2USDT,SELL,LIMIT,1702115034111,40,1.0018524
LUNA2USDT,SELL,LIMIT,1702115100471,365,1.0011112
LUNA2USDT,SELL,LIMIT,1702115107080,25,1.0001752
LUNA2USDT,SELL,LIMIT,1702115631533,29,0.9994188
LUNA2USDT,SELL,LIMIT,1702115633453,76,0.9990233
LUNA2USDT,SELL,LIMIT,1702125473241,4305,1.0023843
LUNA2USDT,SELL,LIMIT,1702125883254,960,0.9981798
LUNA2USDT,SELL,LIMIT,1702125884865,287,0.9976097
LUNA2USDT,SELL,LIMIT,1702125887526,41,0.9966980
LUNA2USDT,SELL,LIMIT,1702127874513,542,1.0067686
LUNA2USDT,SELL,LIMIT,1702132988693,228,0.9965737
LUNA2USDT,SELL,LIMIT,1702132990747,37,0.9964378
LUNA2USDT,SELL,LIMIT,1702132992731,1192,0.9956341
LUNA2USDT,SELL,LIMIT,1702132994457,1512,0.9951607
LUNA2USDT,SELL,LIMIT,1702132995753,27,0.9937524
LUNA2USDT,SELL,LIMIT,1702132996884,420,0.9923730
LUNA2USDT,SELL,LIMIT,1702132998327,192,0.9919341
LUNA2USDT,SELL,LIMIT,1702133000198,72,0.9916501
LUNA2USDT,SELL,LIMIT,1702133001218,259,0.9890301
LUNA2USDT,SELL,LIMIT,1702133004067,12,0.9905428
LUNA2USDT,SELL,LIMIT,1702133007154,725,0.9959937
LUNA2USDT,SELL,LIMIT,1702133343395,29,0.9917749
LUNA2USDT,SELL,LIMIT,1702134520957,59,0.9882475
LUNA2USDT,SELL,LIMIT,1702134523057,26,0.9877326
LUNA2USDT,SELL,LIMIT,1702134819186,94,0.9866479
LUNA2USDT,SELL,LIMIT,1702134821469,10,0.9864519
LUNA2USDT,SELL,LIMIT,1702134831298,21,0.9854664
LUNA2USDT,SELL,LIMIT,1702134843389,677,0.9860394
LUNA2USDT,SELL,LIMIT,1702134881068,28,0.9832271
LUNA2USDT,SELL,LIMIT,1702134882398,1014,0.9843248
LUNA2USDT,SELL,LIMIT,1702134937593,4806,0.9861821
LUNA2USDT,SELL,LIMIT,1702135739074,88,0.9843465
LUNA2USDT,SELL,LIMIT,1702136750507,15,0.9924747
LUNA2USDT,SELL,LIMIT,1702138960255,34,0.9894326
LUNA2USDT,SELL,LIMIT,1702139064481,284,0.9869002
LUNA2USDT,SELL,LIMIT,1702139117419,109,0.9876351
LUNA2USDT,SELL,LIMIT,1702139124563,1170,0.9838628
LUNA2USDT,SELL,LIMIT,1702139267189,366,0.9821121
LUNA2USDT,SELL,LIMIT,1702139268288,52,0.9823740
LUNA2USDT,SELL,LIMIT,1702139285871,28,0.9810847
LUNA2USDT,SELL,LIMIT,1702139296747,6,0.9803796
LUNA2USDT,SELL,LIMIT,1702139298263,385,0.9803098
LUNA2USDT,SELL,LIMIT,1702140765280,2009,0.9828297
LUNA2USDT,SELL,LIMIT,1702140769477,20,0.9790493
LUNA2USDT,SELL,LIMIT,1702140771577,1652,0.9788389
LUNA2USDT,SELL,LIMIT,1702140773289,136,0.9782607
LUNA2USDT,SELL,LIMIT,1702140774773,15,0.9781329
LUNA2USDT,SELL,LIMIT,1702140777178,24,0.9777937
LUNA2USDT,SELL,LIMIT,1702140793014,105,0.9776263
LUNA2USDT,SELL,LIMIT,1702140821646,562,0.9780066
LUNA2USDT,SELL,LIMIT,1702140849604,98,0.9769530
LUNA2USDT,SELL,LIMIT,1702141044997,1096,0.9760309
LUNA2USDT,SELL,LIMIT,1702141046080,254,0.9757645
LUNA2USDT,SELL,LIMIT,1702141063914,2684,0.9753434
LUNA2USDT,SELL,LIMIT,1702141066221,746,0.9747851
LUNA2USDT,SELL,LIMIT,1702141074618,406,0.9745462
LUNA2USDT,SELL,LIMIT,1702141075859,100,0.9742983
LUNA2USDT,SELL,LIMIT,1702141077208,2141,0.9732610
LUNA2USDT,SELL,LIMIT,1702141296088,286,0.9726390
LUNA2USDT,SELL,LIMIT,1702141302599,915,0.9724063
LUNA2USDT,SELL,LIMIT,1702141305394,143,0.9719813
LUNA2USDT,SELL,LIMIT,1702141306664,493,0.9718345
LUNA2USDT,SELL,LIMIT,1702141423294,212,0.9712577
LUNA2USDT,SELL,LIMIT,1702141424341,342,0.9716285
LUNA2USDT,SELL,LIMIT,1702141425929,4800,0.9706745
LUNA2USDT,SELL,LIMIT,1702141559707,56,0.9708161
LUNA2USDT,SELL,LIMIT,1702141562582,98,0.9683308
LUNA2USDT,SELL,LIMIT,1702141563606,2404,0.9651736
LUNA2USDT,SELL,LIMIT,1702141564621,266,0.9599571
LUNA2USDT,SELL,LIMIT,1702141565877,536,0.9594554
LUNA2USDT,SELL,LIMIT,1702141737290,4651,0.9632911
LUNA2USDT,SELL,LIMIT,1702141739130,4823,0.9629060
LUNA2USDT,SELL,LIMIT,1702141740254,388,0.9611631
LUNA2USDT,SELL,LIMIT,1702141846964,94,0.9594300
LUNA2USDT,SELL,LIMIT,1702141848330,401,0.9593662
LUNA2USDT,SELL,LIMIT,1702141849769,30,0.9579126
LUNA2USDT,SELL,LIMIT,1702141856070,986,0.9575784
LUNA2USDT,SELL,LIMIT,1702141857289,728,0.9580517
LUNA2USDT,SELL,LIMIT,1702141859230,3326,0.9582081
LUNA2USDT,SELL,LIMIT,1702141881375,2428,0.9572519
LUNA2USDT,SELL,LIMIT,1702142065019,594,0.9569561
LUNA2USDT,SELL,LIMIT,1702142066538,5023,0.9568164
LUNA2USDT,SELL,LIMIT,1702142067758,378,0.9553083
LUNA2USDT,SELL,LIMIT,1702142069555,6,0.9546509
LUNA2USDT,SELL,LIMIT,1702142088112,1007,0.9533938
LUNA2USDT,SELL,LIMIT,1702142089146,330,0.9539013
LUNA2USDT,SELL,LIMIT,1702142090228,180,0.9525876
LUNA2USDT,SELL,LIMIT,1702142091253,3530,0.9531340
LUNA2USDT,BUY,LIMIT,1702143097415,23,0.9837906
LUNA2USDT,BUY,LIMIT,1702146700850,205,1.0018874
LUNA2USDT,SELL,LIMIT,1702153624596,75,0.9667776
LUNA2USDT,SELL,LIMIT,1702153912226,815,0.9605721
LUNA2USDT,SELL,LIMIT,1702156334685,3697,0.9598015
LUNA2USDT,SELL,LIMIT,1702156368288,6,0.9587991
LUNA2USDT,SELL,LIMIT,1702162181123,474,0.9582314
LUNA2USDT,SELL,LIMIT,1702162182724,17,0.9591125
LUNA2USDT,SELL,LIMIT,1702162552067,4886,0.9535786
LUNA2USDT,SELL,LIMIT,1702162554144,2865,0.9522117
LUNA2USDT,SELL,LIMIT,1702162556252,98,0.9518707
LUNA2USDT,SELL,LIMIT,1702162557276,4298,0.9505433
LUNA2USDT,SELL,LIMIT,1702162558574,476,0.9491168
LUNA2USDT,SELL,LIMIT,1702163971284,18,0.9573216
LUNA2USDT,SELL,LIMIT,1702164210235,23,0.9511394
LUNA2USDT,SELL,LIMIT,1702164212849,2532,0.9509629
LUNA2USDT,SELL,LIMIT,1702164520778,564,0.9492446
LUNA2USDT,BUY,LIMIT,1702164524757,10,0.9714656
LUNA2USDT,SELL,LIMIT,1702164529459,114,0.9495162
LUNA2USDT,SELL,LIMIT,1702164530787,1083,0.9637581
LUNA2USDT,SELL,LIMIT,1702164533269,502,0.9489491
LUNA2USDT,SELL,LIMIT,1702164534386,1326,0.9481032
LUNA2USDT,SELL,LIMIT,1702164536090,167,0.9478123
LUNA2USDT,SELL,LIMIT,1702164537538,16,0.9475738
LUNA2USDT,SELL,LIMIT,1702164539094,4145,0.9473495
LUNA2USDT,SELL,LIMIT,1702164543231,20776,0.9395767
LUNA2USDT,SELL,LIMIT,1702164544518,64,0.9466994
LUNA2USDT,SELL,LIMIT,1702164545794,198,0.9466186
LUNA2USDT,SELL,LIMIT,1702164547815,144,0.9458697
LUNA2USDT,SELL,LIMIT,1702164549098,311,0.9458946
LUNA2USDT,SELL,LIMIT,1702164674161,100,0.9471761
LUNA2USDT,SELL,LIMIT,1702164689188,18,0.9455318
LUNA2USDT,SELL,LIMIT,1702164745241,707,0.9451356
LUNA2USDT,SELL,LIMIT,1702164746449,191,0.9438271
LUNA2USDT,SELL,LIMIT,1702164747806,177,0.9430391
LUNA2USDT,SELL,LIMIT,1702164749191,12,0.9426416
LUNA2USDT,SELL,LIMIT,1702164750297,2000,0.9423687
LUNA2USDT,SELL,LIMIT,1702164751309,47,0.9419790
LUNA2USDT,SELL,LIMIT,1702164752355,114,0.9410351
LUNA2USDT,SELL,LIMIT,1702164766237,22,0.9407680
LUNA2USDT,SELL,LIMIT,1702164767264,23,0.9410048
LUNA2USDT,SELL,LIMIT,1702164799598,524,0.9401865
LUNA2USDT,SELL,LIMIT,1702164800943,389,0.9397630
LUNA2USDT,SELL,LIMIT,1702164802584,95,0.9388967
LUNA2USDT,SELL,LIMIT,1702164805535,599,0.9382841
LUNA2USDT,SELL,LIMIT,1702164806548,309,0.9382841
LUNA2USDT,SELL,LIMIT,1702164807738,961,0.9376977
LUNA2USDT,SELL,LIMIT,1702164808917,1794,0.9369476
LUNA2USDT,SELL,LIMIT,1702164809958,105,0.9357076
LUNA2USDT,SELL,LIMIT,1702164811563,3951,0.9342621
LUNA2USDT,SELL,LIMIT,1702164813374,7,0.9374678
LUNA2USDT,SELL,LIMIT,1702164850192,349,0.9385081
LUNA2USDT,SELL,LIMIT,1702191965475,2638,0.9525200
LUNA2USDT,SELL,LIMIT,1702192120243,190,0.9511175
LUNA2USDT,SELL,LIMIT,1702192519971,4143,0.9508365
LUNA2USDT,SELL,LIMIT,1702192883220,3427,0.9428777
LUNA2USDT,SELL,LIMIT,1702193861330,823,0.9369824
LUNA2USDT,BUY,LIMIT,1702194506660,393,0.9986500
LUNA2USDT,BUY,LIMIT,1702194514277,18,1.0033988
LUNA2USDT,BUY,LIMIT,1702194515518,455,1.0043919
LUNA2USDT,BUY,LIMIT,1702194520618,5220,1.0051061
LUNA2USDT,SELL,LIMIT,1702197040691,163,0.9455300
LUNA2USDT,SELL,LIMIT,1702197091341,193,0.9442565
LUNA2USDT,SELL,LIMIT,1702200622127,787,0.9526394
LUNA2USDT,SELL,LIMIT,1702200933557,2572,0.9441226
LUNA2USDT,SELL,LIMIT,1702201480464,551,0.9476686
LUNA2USDT,SELL,LIMIT,1702202157133,47,0.9590946
LUNA2USDT,SELL,LIMIT,1702202258273,4588,0.9588438
LUNA2USDT,SELL,LIMIT,1702202289728,93,0.9581096
LUNA2USDT,SELL,LIMIT,1702202324165,3150,0.9562906
LUNA2USDT,SELL,LIMIT,1702202387909,306,0.9521011
LUNA2USDT,SELL,LIMIT,1702202398638,193,0.9519246
LUNA2USDT,BUY,LIMIT,1702203268779,708,1.0084132
LUNA2USDT,BUY,LIMIT,1702203343175,190,1.0119002
LUNA2USDT,BUY,LIMIT,1702203345103,1002,1.0122570
LUNA2USDT,BUY,LIMIT,1702203346363,112,1.0123363
LUNA2USDT,BUY,LIMIT,1702203348524,232,1.0130491
LUNA2USDT,BUY,LIMIT,1702203362073,2345,1.0144141
LUNA2USDT,BUY,LIMIT,1702203367414,56,1.0143102
LUNA2USDT,BUY,LIMIT,1702203371353,1623,1.0148727
LUNA2USDT,BUY,LIMIT,1702203373068,525,1.0156573
LUNA2USDT,BUY,LIMIT,1702203385112,51,1.0168935
LUNA2USDT,BUY,LIMIT,1702203396027,272,1.0173944
LUNA2USDT,BUY,LIMIT,1702203405188,615,1.0216080
LUNA2USDT,BUY,LIMIT,1702203406353,103,1.0217076
LUNA2USDT,BUY,LIMIT,1702203408464,1283,1.0230885
LUNA2USDT,BUY,LIMIT,1702203419182,495,1.0248273
LUNA2USDT,BUY,LIMIT,1702203423094,16,1.0271283
LUNA2USDT,BUY,LIMIT,1702205008947,167,1.0294850
LUNA2USDT,BUY,LIMIT,1702205019774,1007,1.0325784
LUNA2USDT,BUY,LIMIT,1702205034566,227,1.0341238
LUNA2USDT,BUY,LIMIT,1702205108721,26,1.0367586
LUNA2USDT,BUY,LIMIT,1702205200947,30,1.0380056
LUNA2USDT,BUY,LIMIT,1702205472841,1095,1.0392188
LUNA2USDT,BUY,LIMIT,1702205541151,197,1.0416445
LUNA2USDT,BUY,LIMIT,1702205566420,315,1.0425716
LUNA2USDT,BUY,LIMIT,1702205575717,1683,1.0474855
LUNA2USDT,BUY,LIMIT,1702205584175,1499,1.0491880
LUNA2USDT,BUY,LIMIT,1702205585283,45,1.0505299
LUNA2USDT,BUY,LIMIT,1702205589146,205,1.0515372
LUNA2USDT,BUY,LIMIT,1702205592962,135,1.0553455
LUNA2USDT,BUY,LIMIT,1702205598304,192,1.0575931
LUNA2USDT,BUY,LIMIT,1702205600069,8,1.0590006
LUNA2USDT,BUY,LIMIT,1702205612795,583,1.0610720
LUNA2USDT,BUY,LIMIT,1702205613938,111,1.0628515
LUNA2USDT,BUY,LIMIT,1702205624368,9,1.0645354
LUNA2USDT,BUY,LIMIT,1702205673757,3707,1.0661351
LUNA2USDT,BUY,LIMIT,1702205809350,101,1.0678814
LUNA2USDT,BUY,LIMIT,1702205818263,21,1.0676658
LUNA2USDT,BUY,LIMIT,1702206207691,172,1.0686738
LUNA2USDT,BUY,LIMIT,1702206211220,190,1.0697128
LUNA2USDT,BUY,LIMIT,1702206213136,25,1.0719025
LUNA2USDT,BUY,LIMIT,1702206215240,18,1.0721504
LUNA2USDT,BUY,LIMIT,1702206219677,29,1.0724500
LUNA2USDT,BUY,LIMIT,1702206222022,6,1.0753844
LUNA2USDT,BUY,LIMIT,1702206227027,109,1.0784037
LUNA2USDT,BUY,LIMIT,1702207049896,82,1.0751205
LUNA2USDT,BUY,LIMIT,1702207285987,1222,1.0810765
LUNA2USDT,BUY,LIMIT,1702207358608,138,1.0818068
LUNA2USDT,BUY,LIMIT,1702207361076,51,1.0823834
LUNA2USDT,BUY,LIMIT,1702207389394,43,1.0813305
LUNA2USDT,BUY,LIMIT,1702207544480,2230,1.0854138
LUNA2USDT,BUY,LIMIT,1702207731557,2918,1.0882549
LUNA2USDT,BUY,LIMIT,1702207779817,82,1.0889675
LUNA2USDT,BUY,LIMIT,1702207785698,740,1.0899982
LUNA2USDT,BUY,LIMIT,1702207853541,667,1.0906141
LUNA2USDT,BUY,LIMIT,1702207856210,700,1.0919793
LUNA2USDT,BUY,LIMIT,1702207867739,93,1.0938563
LUNA2USDT,BUY,LIMIT,1702207874742,6,1.0953385
LUNA2USDT,BUY,LIMIT,1702207882510,349,1.0957783
LUNA2USDT,BUY,LIMIT,1702207883705,1218,1.0966173
LUNA2USDT,BUY,LIMIT,1702207888103,4777,1.0977817
LUNA2USDT,BUY,LIMIT,1702207894450,4720,1.0987595
LUNA2USDT,BUY,LIMIT,1702207895560,267,1.0984577
LUNA2USDT,BUY,LIMIT,1702207912166,5668,1.1019996
LUNA2USDT,BUY,LIMIT,1702207919377,4093,1.1009747
LUNA2USDT,BUY,LIMIT,1702207924621,145,1.1013939
LUNA2USDT,BUY,LIMIT,1702207927608,124,1.1023038
LUNA2USDT,BUY,LIMIT,1702207928658,26,1.1024789
LUNA2USDT,BUY,LIMIT,1702207943192,95,1.1043896
LUNA2USDT,BUY,LIMIT,1702207946378,230,1.1049136
LUNA2USDT,BUY,LIMIT,1702208316852,3730,1.1062338
LUNA2USDT,BUY,LIMIT,1702208319349,388,1.1085346
LUNA2USDT,BUY,LIMIT,1702208320984,494,1.1097906
LUNA2USDT,BUY,LIMIT,1702208324488,4902,1.1113935
LUNA2USDT,BUY,LIMIT,1702208328295,70,1.1112274
LUNA2USDT,BUY,LIMIT,1702208339789,312,1.1119341
LUNA2USDT,BUY,LIMIT,1702208353406,369,1.1126307
LUNA2USDT,BUY,LIMIT,1702208356550,733,1.1129474
LUNA2USDT,BUY,LIMIT,1702208385443,1165,1.1135947
LUNA2USDT,BUY,LIMIT,1702208399613,162,1.1149550
LUNA2USDT,BUY,LIMIT,1702208431313,25,1.1154386
LUNA2USDT,BUY,LIMIT,1702208440134,287,1.1162387
LUNA2USDT,BUY,LIMIT,1702208441219,1790,1.1168366
LUNA2USDT,BUY,LIMIT,1702208476337,364,1.1195341
LUNA2USDT,BUY,LIMIT,1702208478852,6,1.1227610
LUNA2USDT,BUY,LIMIT,1702208479940,544,1.1232337
LUNA2USDT,BUY,LIMIT,1702208495913,364,1.1251387
LUNA2USDT,BUY,LIMIT,1702208496999,9,1.1253153
LUNA2USDT,BUY,LIMIT,1702208503616,146,1.1262113
LUNA2USDT,BUY,LIMIT,1702208509461,943,1.1281582
LUNA2USDT,BUY,LIMIT,1702208510503,4384,1.1282599
LUNA2USDT,BUY,LIMIT,1702208552784,212,1.1318755
LUNA2USDT,BUY,LIMIT,1702208558402,377,1.1347010
LUNA2USDT,BUY,LIMIT,1702208563134,47,1.1366479
LUNA2USDT,BUY,LIMIT,1702208588453,967,1.1370832
LUNA2USDT,BUY,LIMIT,1702208630572,4107,1.1377261
LUNA2USDT,BUY,LIMIT,1702208881336,574,1.1411193
LUNA2USDT,BUY,LIMIT,1702208885334,65,1.1426003
LUNA2USDT,BUY,LIMIT,1702208893377,194,1.1442747
LUNA2USDT,BUY,LIMIT,1702208900120,128,1.1449131
LUNA2USDT,BUY,LIMIT,1702208901223,20,1.1451094
LUNA2USDT,BUY,LIMIT,1702208904290,20,1.1462868
LUNA2USDT,BUY,LIMIT,1702209074572,244,1.1434858
LUNA2USDT,SELL,LIMIT,1702209684478,4439,1.0938779
LUNA2USDT,SELL,LIMIT,1702210161356,257,1.0718778
LUNA2USDT,SELL,LIMIT,1702210162423,287,1.0707241
LUNA2USDT,SELL,LIMIT,1702210165098,154,1.0705546
LUNA2USDT,SELL,LIMIT,1702210874714,1910,1.0704591
LUNA2USDT,SELL,LIMIT,1702210877198,88,1.0703054
LUNA2USDT,SELL,LIMIT,1702210878272,17,1.0685751
LUNA2USDT,SELL,LIMIT,1702210880096,8,1.0662919
LUNA2USDT,SELL,LIMIT,1702211105043,1362,1.0646488
LUNA2USDT,SELL,LIMIT,1702211106542,1681,1.0634300
LUNA2USDT,SELL,LIMIT,1702211108708,1444,1.0626110
LUNA2USDT,SELL,LIMIT,1702211110169,2695,1.0616986
LUNA2USDT,SELL,LIMIT,1702211111241,23,1.0574237
LUNA2USDT,SELL,LIMIT,1702211117836,5,1.0575264
LUNA2USDT,SELL,LIMIT,1702211188181,401,1.0556987
LUNA2USDT,SELL,LIMIT,1702211196518,111,1.0543739
LUNA2USDT,SELL,LIMIT,1702211200387,244,1.0526766
LUNA2USDT,SELL,LIMIT,1702211203475,507,1.0515865
LUNA2USDT,SELL,LIMIT,1702211205097,8,1.0511429
LUNA2USDT,SELL,LIMIT,1702211206203,167,1.0505318
LUNA2USDT,SELL,LIMIT,1702211208221,9,1.0498845
LUNA2USDT,SELL,LIMIT,1702211211269,1800,1.0494684
LUNA2USDT,SELL,LIMIT,1702211223887,63,1.0482775
LUNA2USDT,SELL,LIMIT,1702211225394,162,1.0474183
LUNA2USDT,SELL,LIMIT,1702211228074,4490,1.0449246
LUNA2USDT,SELL,LIMIT,1702211229363,49,1.0439401
LUNA2USDT,SELL,LIMIT,1702211230374,3438,1.0441064
LUNA2USDT,SELL,LIMIT,1702211231435,5,1.0414502
LUNA2USDT,SELL,LIMIT,1702214669077,85,1.0406612
LUNA2USDT,SELL,LIMIT,1702214685894,156,1.0398159
LUNA2USDT,SELL,LIMIT,1702214785412,19,1.0364635
LUNA2USDT,SELL,LIMIT,1702214795498,179,1.0346551
LUNA2USDT,SELL,LIMIT,1702214797519,299,1.0336464
LUNA2USDT,SELL,LIMIT,1702215120881,1468,1.0323466
LUNA2USDT,SELL,LIMIT,1702215590862,31,1.0306899
LUNA2USDT,SELL,LIMIT,1702215593535,77,1.0297377
LUNA2USDT,SELL,LIMIT,1702215598612,93,1.0289358
LUNA2USDT,SELL,LIMIT,1702215658301,273,1.0272919
LUNA2USDT,SELL,LIMIT,1702215670283,5,1.0266255
LUNA2USDT,SELL,LIMIT,1702215673345,45,1.0261211
LUNA2USDT,SELL,LIMIT,1702215689083,193,1.0252555
LUNA2USDT,SELL,LIMIT,1702215690218,1606,1.0244108
LUNA2USDT,SELL,LIMIT,1702215695878,2221,1.0241404
LUNA2USDT,SELL,LIMIT,1702221395869,45,1.0403391
LUNA2USDT,BUY,LIMIT,1702222374198,1016,1.0955631
LUNA2USDT,BUY,LIMIT,1702222416146,19,1.0985221
LUNA2USDT,BUY,LIMIT,1702222778571,28,1.1000034
LUNA2USDT,BUY,LIMIT,1702222801970,74,1.1014339
LUNA2USDT,BUY,LIMIT,1702222805764,246,1.1017766
LUNA2USDT,BUY,LIMIT,1702222865266,44,1.1035497
LUNA2USDT,BUY,LIMIT,1702223845166,16,1.1093406
LUNA2USDT,BUY,LIMIT,1702223846381,563,1.1092955
LUNA2USDT,BUY,LIMIT,1702223855628,1036,1.1133543
LUNA2USDT,BUY,LIMIT,1702223863439,7,1.1152316
LUNA2USDT,BUY,LIMIT,1702223864706,52,1.1154086
LUNA2USDT,BUY,LIMIT,1702223867748,469,1.1165869
LUNA2USDT,BUY,LIMIT,1702223926083,6,1.1170992
LUNA2USDT,BUY,LIMIT,1702223934414,120,1.1173373
LUNA2USDT,BUY,LIMIT,1702223935833,70,1.1180370
LUNA2USDT,BUY,LIMIT,1702223950333,353,1.1205446
LUNA2USDT,BUY,LIMIT,1702223957449,26,1.1205632
LUNA2USDT,BUY,LIMIT,1702223963012,5,1.1208472
LUNA2USDT,BUY,LIMIT,1702223964437,256,1.1209526
LUNA2USDT,BUY,LIMIT,1702223988388,1000,1.1233076
LUNA2USDT,BUY,LIMIT,1702223989421,420,1.1239461
LUNA2USDT,BUY,LIMIT,1702223990522,1634,1.1259493
LUNA2USDT,BUY,LIMIT,1702223991798,728,1.1274626
LUNA2USDT,BUY,LIMIT,1702224348566,101,1.1287129
LUNA2USDT,BUY,LIMIT,1702224349751,665,1.1292532
LUNA2USDT,BUY,LIMIT,1702224353966,4590,1.1318000
LUNA2USDT,BUY,LIMIT,1702224357322,6,1.1317970
LUNA2USDT,BUY,LIMIT,1702224362671,9,1.1327461
LUNA2USDT,BUY,LIMIT,1702224366040,150,1.1327558
LUNA2USDT,BUY,LIMIT,1702224377199,128,1.1340440
LUNA2USDT,BUY,LIMIT,1702224384670,123,1.1357130
LUNA2USDT,BUY,LIMIT,1702224398767,220,1.1367285
LUNA2USDT,BUY,LIMIT,1702224422090,974,1.1389510
LUNA2USDT,BUY,LIMIT,1702224482100,994,1.1407665
LUNA2USDT,BUY,LIMIT,1702224483102,11,1.1416464
LUNA2USDT,BUY,LIMIT,1702224484415,93,1.1414204
LUNA2USDT,BUY,LIMIT,1702224486092,744,1.1430114
LUNA2USDT,BUY,LIMIT,1702224495419,366,1.1442479
LUNA2USDT,BUY,LIMIT,1702224508640,161,1.1455938
LUNA2USDT,BUY,LIMIT,1702224510068,247,1.1458188
LUNA2USDT,BUY,LIMIT,1702224516651,5,1.1468344
LUNA2USDT,BUY,LIMIT,1702224572606,442,1.1508404
LUNA2USDT,BUY,LIMIT,1702224574714,95,1.1518683
LUNA2USDT,BUY,LIMIT,1702224576483,954,1.1529406
LUNA2USDT,BUY,LIMIT,1702224950336,33,1.1465295
LUNA2USDT,BUY,LIMIT,1702225308996,809,1.1549326
LUNA2USDT,BUY,LIMIT,1702225310097,61,1.1561302
LUNA2USDT,BUY,LIMIT,1702225311280,48,1.1574450
LUNA2USDT,BUY,LIMIT,1702225313268,17,1.1584343
LUNA2USDT,BUY,LIMIT,1702225314979,156,1.1585765
LUNA2USDT,BUY,LIMIT,1702225320143,220,1.1605141
LUNA2USDT,BUY,LIMIT,1702225321212,109,1.1598625
LUNA2USDT,BUY,LIMIT,1702225323220,2663,1.1628271
LUNA2USDT,BUY,LIMIT,1702225382040,874,1.1645693
LUNA2USDT,BUY,LIMIT,1702225384644,24,1.1652628
LUNA2USDT,BUY,LIMIT,1702225394351,1905,1.1658991
LUNA2USDT,BUY,LIMIT,1702225456653,347,1.1667630
LUNA2USDT,BUY,LIMIT,1702225466527,150,1.1686555
LUNA2USDT,BUY,LIMIT,1702225476074,4696,1.1715362
LUNA2USDT,BUY,LIMIT,1702225484091,540,1.1726577
LUNA2USDT,BUY,LIMIT,1702225485380,1563,1.1728089
LUNA2USDT,BUY,LIMIT,1702225518227,5,1.1751467
LUNA2USDT,BUY,LIMIT,1702225519293,2679,1.1750095
LUNA2USDT,BUY,LIMIT,1702225528551,33,1.1772063
LUNA2USDT,BUY,LIMIT,1702225529581,1,1.1773291
LUNA2USDT,BUY,LIMIT,1702225538492,973,1.1780703
LUNA2USDT,BUY,LIMIT,1702225541136,45,1.1790313
LUNA2USDT,BUY,LIMIT,1702225542228,148,1.1790938
LUNA2USDT,BUY,LIMIT,1702225543391,335,1.1798144
LUNA2USDT,BUY,LIMIT,1702225544400,16,1.1801511
LUNA2USDT,BUY,LIMIT,1702225545783,9,1.1813436
LUNA2USDT,BUY,LIMIT,1702225598815,704,1.1816475
LUNA2USDT,BUY,LIMIT,1702225710585,169,1.1822810
LUNA2USDT,BUY,LIMIT,1702225712170,1937,1.1840343
LUNA2USDT,BUY,LIMIT,1702225713524,428,1.1854814
LUNA2USDT,BUY,LIMIT,1702225714605,1108,1.1874228
LUNA2USDT,BUY,LIMIT,1702225716408,10,1.1881389
LUNA2USDT,BUY,LIMIT,1702225718388,1466,1.1889306
LUNA2USDT,BUY,LIMIT,1702225829078,352,1.1877622
LUNA2USDT,BUY,LIMIT,1702226106934,12,1.1893766
LUNA2USDT,BUY,LIMIT,1702226163567,46,1.1903682
LUNA2USDT,BUY,LIMIT,1702226213442,105,1.1906336
LUNA2USDT,BUY,LIMIT,1702226780541,143,1.1768507
LUNA2USDT,BUY,LIMIT,1702226931154,1277,1.1886570
LUNA2USDT,BUY,LIMIT,1702226961049,177,1.1908393
LUNA2USDT,BUY,LIMIT,1702226964744,1270,1.1910516
LUNA2USDT,BUY,LIMIT,1702226971119,20,1.1915632
LUNA2USDT,BUY,LIMIT,1702226973893,125,1.1923913
LUNA2USDT,BUY,LIMIT,1702226975315,1888,1.1924575
LUNA2USDT,BUY,LIMIT,1702226976558,314,1.1925727
LUNA2USDT,BUY,LIMIT,1702226978289,100,1.1932956
LUNA2USDT,BUY,LIMIT,1702226980739,425,1.1945008
LUNA2USDT,BUY,LIMIT,1702226984100,1643,1.1950388
LUNA2USDT,BUY,LIMIT,1702226985409,36,1.1955205
LUNA2USDT,BUY,LIMIT,1702226991284,19,1.1953890
LUNA2USDT,BUY,LIMIT,1702227048787,4587,1.1978257
LUNA2USDT,SELL,LIMIT,1702227191982,734,1.1505345
LUNA2USDT,BUY,LIMIT,1702227321115,63,1.1796274
LUNA2USDT,SELL,LIMIT,1702227702409,253,1.1224092
LUNA2USDT,BUY,LIMIT,1702228707828,3,1.1717400
LUNA2USDT,SELL,LIMIT,1702229365377,45,1.1198850
LUNA2USDT,SELL,LIMIT,1702229402432,168,1.1188484
LUNA2USDT,SELL,LIMIT,1702229651505,68,1.1179453
LUNA2USDT,SELL,LIMIT,1702230227417,17,1.1181095
LUNA2USDT,SELL,LIMIT,1702230228481,304,1.1205191
LUNA2USDT,SELL,LIMIT,1702230240275,265,1.1166752
LUNA2USDT,SELL,LIMIT,1702230242378,850,1.1159310
LUNA2USDT,SELL,LIMIT,1702230244295,73,1.1155859
LUNA2USDT,SELL,LIMIT,1702230245968,86,1.1140949
LUNA2USDT,SELL,LIMIT,1702230247358,24,1.1127144
LUNA2USDT,SELL,LIMIT,1702230248391,24,1.1124888
LUNA2USDT,SELL,LIMIT,1702230273468,33,1.1117191
LUNA2USDT,SELL,LIMIT,1702230280131,138,1.1110182
LUNA2USDT,SELL,LIMIT,1702230281281,2311,1.1107839
LUNA2USDT,SELL,LIMIT,1702230282411,7,1.1108495
LUNA2USDT,SELL,LIMIT,1702230283490,41,1.1093639
LUNA2USDT,SELL,LIMIT,1702230287165,150,1.1088711
LUNA2USDT,SELL,LIMIT,1702231138430,2086,1.1087092
LUNA2USDT,SELL,LIMIT,1702231139809,301,1.1085244
LUNA2USDT,SELL,LIMIT,1702231155698,169,1.1081103
LUNA2USDT,SELL,LIMIT,1702231156763,34,1.1077728
LUNA2USDT,SELL,LIMIT,1702231443884,1018,1.1036898
LUNA2USDT,SELL,LIMIT,1702231445172,24,1.1030451
LUNA2USDT,SELL,LIMIT,1702231446210,42,1.1021354
LUNA2USDT,SELL,LIMIT,1702231447337,31,1.1024841
LUNA2USDT,SELL,LIMIT,1702231448370,36,1.1017247
LUNA2USDT,SELL,LIMIT,1702231451980,12,1.1011539
LUNA2USDT,SELL,LIMIT,1702231453038,12,1.1008805
LUNA2USDT,SELL,LIMIT,1702231646115,9,1.0994435
LUNA2USDT,SELL,LIMIT,1702231647925,147,1.0990939
LUNA2USDT,SELL,LIMIT,1702231649275,1271,1.0970118
LUNA2USDT,SELL,LIMIT,1702231650288,1010,1.0972647
LUNA2USDT,BUY,LIMIT,1702232877492,16,1.1393976
LUNA2USDT,BUY,LIMIT,1702234889271,1832,1.1729889
LUNA2USDT,BUY,LIMIT,1702234894951,146,1.1738657
LUNA2USDT,BUY,LIMIT,1702234915703,49,1.1747262
LUNA2USDT,BUY,LIMIT,1702234928205,535,1.1752511
LUNA2USDT,SELL,LIMIT,1702236323014,18,1.1058577
LUNA2USDT,SELL,LIMIT,1702236367777,1495,1.1005418
LUNA2USDT,SELL,LIMIT,1702236399047,202,1.0989646
LUNA2USDT,SELL,LIMIT,1702237721615,126,1.1038896
LUNA2USDT,BUY,LIMIT,1702238380221,286,1.1442453
LUNA2USDT,SELL,LIMIT,1702239516014,6,1.1064194
LUNA2USDT,SELL,LIMIT,1702239517258,515,1.1065109
LUNA2USDT,BUY,LIMIT,1702239833300,1426,1.1399061
LUNA2USDT,BUY,LIMIT,1702239870292,28,1.1006580
LUNA2USDT,BUY,LIMIT,1702239877638,143,1.1401985
LUNA2USDT,SELL,LIMIT,1702240182861,100,1.0988031
LUNA2USDT,BUY,LIMIT,1702240379528,41,1.1397434
LUNA2USDT,BUY,LIMIT,1702240455977,246,1.1402510
LUNA2USDT,BUY,LIMIT,1702240513414,143,1.1408600
LUNA2USDT,BUY,LIMIT,1702240533666,58,1.1414690
LUNA2USDT,BUY,LIMIT,1702240562412,413,1.1410630
LUNA2USDT,BUY,LIMIT,1702240563638,102,1.1410630
LUNA2USDT,BUY,LIMIT,1702240613605,428,1.1401495
LUNA2USDT,BUY,LIMIT,1702240617223,143,1.1400480
LUNA2USDT,BUY,LIMIT,1702240755425,274,1.1376120
LUNA2USDT,BUY,LIMIT,1702240757208,195,1.1371044
LUNA2USDT,BUY,LIMIT,1702240761360,534,1.1369015
LUNA2USDT,BUY,LIMIT,1702240762682,3844,1.1368000
LUNA2USDT,BUY,LIMIT,1702240764155,87,1.1367784
LUNA2USDT,BUY,LIMIT,1702241017560,251,1.1314905
LUNA2USDT,SELL,LIMIT,1702241053375,5,1.1021485
LUNA2USDT,SELL,LIMIT,1702241054394,91,1.1009701
LUNA2USDT,BUY,LIMIT,1702241079605,1695,1.1335520
LUNA2USDT,SELL,LIMIT,1702241611951,511,1.0959656
LUNA2USDT,SELL,LIMIT,1702241617463,912,1.0947604
LUNA2USDT,SELL,LIMIT,1702241619679,171,1.0942318
LUNA2USDT,SELL,LIMIT,1702241621696,80,1.0933868
LUNA2USDT,SELL,LIMIT,1702241622839,1029,1.0922961
LUNA2USDT,SELL,LIMIT,1702241624066,57,1.0907154
LUNA2USDT,SELL,LIMIT,1702241625363,325,1.0901612
LUNA2USDT,SELL,LIMIT,1702241626434,164,1.0897620
LUNA2USDT,SELL,LIMIT,1702241627534,1456,1.0889293
LUNA2USDT,BUY,LIMIT,1702242006273,692,1.1333522
LUNA2USDT,BUY,LIMIT,1702242011558,55,1.1328414
LUNA2USDT,BUY,LIMIT,1702243059429,1,1.0035152
LUNA2USDT,SELL,LIMIT,1702246120467,95,1.0881006
LUNA2USDT,SELL,LIMIT,1702246121917,613,1.0879791
LUNA2USDT,SELL,LIMIT,1702246123308,20,1.0878805
LUNA2USDT,SELL,LIMIT,1702246124710,5,1.0873506
LUNA2USDT,SELL,LIMIT,1702246137670,110,1.0871373
LUNA2USDT,SELL,LIMIT,1702246140514,552,1.0869015
LUNA2USDT,SELL,LIMIT,1702246142064,166,1.0865935
LUNA2USDT,SELL,LIMIT,1702246143160,281,1.0857748
LUNA2USDT,SELL,LIMIT,1702246636771,412,1.0854085
LUNA2USDT,SELL,LIMIT,1702246642334,58,1.0852008
LUNA2USDT,SELL,LIMIT,1702246803117,48,1.0823810
LUNA2USDT,SELL,LIMIT,1702246804132,2372,1.0797644
LUNA2USDT,SELL,LIMIT,1702246805190,152,1.0809008
LUNA2USDT,SELL,LIMIT,1702250113406,88,1.0780004
LUNA2USDT,SELL,LIMIT,1702250114821,30,1.0768600
LUNA2USDT,SELL,LIMIT,1702250155408,383,1.0759834
LUNA2USDT,SELL,LIMIT,1702250158852,279,1.0762707
LUNA2USDT,SELL,LIMIT,1702250163306,35,1.0753364
LUNA2USDT,SELL,LIMIT,1702250225908,2277,1.0749771
LUNA2USDT,SELL,LIMIT,1702250232910,176,1.0743179
LUNA2USDT,SELL,LIMIT,1702250234006,940,1.0735142
LUNA2USDT,SELL,LIMIT,1702250235007,126,1.0720314
LUNA2USDT,SELL,LIMIT,1702250236118,666,1.0691059
LUNA2USDT,SELL,LIMIT,1702250245325,4439,1.0705295
LUNA2USDT,SELL,LIMIT,1702250249253,1616,1.0699191
LUNA2USDT,SELL,LIMIT,1702250300100,35,1.0684651
LUNA2USDT,SELL,LIMIT,1702250301110,18,1.0677300
LUNA2USDT,SELL,LIMIT,1702250302140,370,1.0676449
LUNA2USDT,SELL,LIMIT,1702250341435,130,1.0726651
LUNA2USDT,SELL,LIMIT,1702250554312,350,1.0671678
LUNA2USDT,SELL,LIMIT,1702250956916,8,1.0667311
LUNA2USDT,BUY,LIMIT,1702251118969,31,1.1021894
LUNA2USDT,SELL,LIMIT,1702251405663,497,1.0665896
LUNA2USDT,SELL,LIMIT,1702251410448,354,1.0663146
LUNA2USDT,SELL,LIMIT,1702251411468,96,1.0660394
LUNA2USDT,SELL,LIMIT,1702251413014,22,1.0655670
LUNA2USDT,SELL,LIMIT,1702251414400,129,1.0649251
LUNA2USDT,SELL,LIMIT,1702251415731,17,1.0647379
LUNA2USDT,SELL,LIMIT,1702251416888,4459,1.0646427
LUNA2USDT,SELL,LIMIT,1702251418462,34,1.0645598
LUNA2USDT,SELL,LIMIT,1702251423152,421,1.0641941
LUNA2USDT,SELL,LIMIT,1702251429595,51,1.0641451
LUNA2USDT,SELL,LIMIT,1702251431453,713,1.0637177
LUNA2USDT,SELL,LIMIT,1702251521061,7,1.0632302
LUNA2USDT,SELL,LIMIT,1702251523308,858,1.0628129
LUNA2USDT,SELL,LIMIT,1702251524607,43,1.0620411
LUNA2USDT,SELL,LIMIT,1702251526124,6,1.0612685
LUNA2USDT,SELL,LIMIT,1702251527142,87,1.0604914
LUNA2USDT,BUY,LIMIT,1702252164264,79,1.1040154
LUNA2USDT,BUY,LIMIT,1702254153079,1,0.0000000
LUNA2USDT,SELL,LIMIT,1702255894029,105,1.0749306
LUNA2USDT,SELL,LIMIT,1702256441518,169,1.0716801
LUNA2USDT,SELL,LIMIT,1702256492244,19,1.0740814
LUNA2USDT,SELL,LIMIT,1702256503608,255,1.0790243
LUNA2USDT,SELL,LIMIT,1702256508807,500,1.0703996
LUNA2USDT,SELL,LIMIT,1702256601971,592,1.0701041
LUNA2USDT,SELL,LIMIT,1702256607396,904,1.0684435
LUNA2USDT,SELL,LIMIT,1702256620301,89,1.0675885
LUNA2USDT,BUY,LIMIT,1702256715002,13,1.0953878
LUNA2USDT,SELL,LIMIT,1702256720542,614,1.0664839
LUNA2USDT,SELL,LIMIT,1702256722443,92,1.0654755
LUNA2USDT,SELL,LIMIT,1702256730011,484,1.0650591
LUNA2USDT,SELL,LIMIT,1702256858597,3301,1.0635864
LUNA2USDT,SELL,LIMIT,1702256907280,8,1.0613844
LUNA2USDT,SELL,LIMIT,1702256908342,3465,1.0613621
LUNA2USDT,SELL,LIMIT,1702256916977,119,1.0604116
LUNA2USDT,SELL,LIMIT,1702256918438,177,1.0599807
LUNA2USDT,SELL,LIMIT,1702256919661,1768,1.0592032
LUNA2USDT,SELL,LIMIT,1702256924280,1265,1.0587196
LUNA2USDT,SELL,LIMIT,1702256948564,24,1.0627564
LUNA2USDT,SELL,LIMIT,1702257009822,2654,1.0602519
LUNA2USDT,BUY,LIMIT,1702258795235,44,1.1293019
LUNA2USDT,BUY,LIMIT,1702258799495,1826,1.1310817
LUNA2USDT,BUY,LIMIT,1702258827818,394,1.1342200
LUNA2USDT,BUY,LIMIT,1702258843149,2054,1.1356409
LUNA2USDT,BUY,LIMIT,1702258844175,8,1.1372445
LUNA2USDT,BUY,LIMIT,1702258868164,240,1.1379723
LUNA2USDT,BUY,LIMIT,1702258872591,332,1.1388935
LUNA2USDT,BUY,LIMIT,1702258944297,1841,1.1396563
LUNA2USDT,BUY,LIMIT,1702258954545,142,1.1401768
LUNA2USDT,BUY,LIMIT,1702258956000,571,1.1412388
LUNA2USDT,BUY,LIMIT,1702258964805,301,1.1412938
LUNA2USDT,BUY,LIMIT,1702258966452,3104,1.1423910
LUNA2USDT,BUY,LIMIT,1702259039446,69,1.1439711
LUNA2USDT,BUY,LIMIT,1702259069209,2783,1.1442968
LUNA2USDT,BUY,LIMIT,1702259087527,1092,1.1468786
LUNA2USDT,BUY,LIMIT,1702259091157,91,1.1466837
LUNA2USDT,BUY,LIMIT,1702259660448,967,1.1347193
LUNA2USDT,SELL,LIMIT,1702260022147,376,1.0971462
LUNA2USDT,SELL,LIMIT,1702260267126,6,1.1172724
LUNA2USDT,SELL,LIMIT,1702260289744,358,1.0878749
LUNA2USDT,SELL,LIMIT,1702260320167,42,1.0908176
LUNA2USDT,SELL,LIMIT,1702260321246,120,1.0884475
LUNA2USDT,SELL,LIMIT,1702260428568,15,1.0842822
LUNA2USDT,SELL,LIMIT,1702260430841,62,1.0839741
LUNA2USDT,SELL,LIMIT,1702260433436,4622,1.0844617
LUNA2USDT,SELL,LIMIT,1702260434697,17,1.0877435
LUNA2USDT,SELL,LIMIT,1702260435711,2207,1.0811195
LUNA2USDT,SELL,LIMIT,1702260437769,2226,1.0823575
LUNA2USDT,SELL,LIMIT,1702260439224,178,1.0811395
LUNA2USDT,SELL,LIMIT,1702260440454,1688,1.0774822
LUNA2USDT,SELL,LIMIT,1702260628141,882,1.0756200
LUNA2USDT,SELL,LIMIT,1702260629802,380,1.0799485
LUNA2USDT,SELL,LIMIT,1702260631690,3047,1.0710638
LUNA2USDT,SELL,LIMIT,1702260633220,16,1.0730056
LUNA2USDT,SELL,LIMIT,1702260635744,432,1.0711811
LUNA2USDT,SELL,LIMIT,1702260636924,425,1.0691652
LUNA2USDT,BUY,LIMIT,1702260638344,75,1.1026763
LUNA2USDT,SELL,LIMIT,1702260653943,444,1.0684501
LUNA2USDT,SELL,LIMIT,1702260666036,624,1.0650626
LUNA2USDT,SELL,LIMIT,1702260667881,105,1.0710359
LUNA2USDT,SELL,LIMIT,1702260676666,174,1.0643914
LUNA2USDT,SELL,LIMIT,1702260689081,1022,1.0617219
LUNA2USDT,SELL,LIMIT,1702260693424,15,1.0626431
LUNA2USDT,SELL,LIMIT,1702260696169,569,1.0617799
LUNA2USDT,SELL,LIMIT,1702260698801,85,1.0616439
LUNA2USDT,SELL,LIMIT,1702260700116,42,1.0607752
LUNA2USDT,SELL,LIMIT,1702260701156,101,1.0616178
LUNA2USDT,SELL,LIMIT,1702260702485,2271,1.0618301
LUNA2USDT,SELL,LIMIT,1702260704547,3609,1.0607289
LUNA2USDT,SELL,LIMIT,1702260705610,313,1.0599151
LUNA2USDT,SELL,LIMIT,1702260708241,2153,1.0589754
LUNA2USDT,SELL,LIMIT,1702260709341,1769,1.0589658
LUNA2USDT,SELL,LIMIT,1702260711292,231,1.0614604
LUNA2USDT,SELL,LIMIT,1702260712362,490,1.0555590
LUNA2USDT,SELL,LIMIT,1702260713378,5,1.0570849
LUNA2USDT,SELL,LIMIT,1702260714387,13,1.0546851
LUNA2USDT,SELL,LIMIT,1702260715438,580,1.0481908
LUNA2USDT,SELL,LIMIT,1702260716478,588,1.0442126
LUNA2USDT,SELL,LIMIT,1702260717465,153,1.0452153
LUNA2USDT,SELL,LIMIT,1702260718584,151,1.0451893
LUNA2USDT,SELL,LIMIT,1702260719641,152,1.0430038
LUNA2USDT,SELL,LIMIT,1702260720774,44,1.1180983
LUNA2USDT,SELL,LIMIT,1702260722315,290,1.0415382
LUNA2USDT,SELL,LIMIT,1702260724592,155,1.0410485
LUNA2USDT,SELL,LIMIT,1702260725581,725,1.0392905
LUNA2USDT,SELL,LIMIT,1702260726639,4564,1.0431282
LUNA2USDT,SELL,LIMIT,1702260728019,208,1.0394806
LUNA2USDT,SELL,LIMIT,1702260729446,1901,1.0390359
LUNA2USDT,SELL,LIMIT,1702260730622,6764,1.0308226
LUNA2USDT,SELL,LIMIT,1702260731646,74,1.0353085
LUNA2USDT,SELL,LIMIT,1702260732818,998,1.0344407
LUNA2USDT,SELL,LIMIT,1702260733898,1067,1.0308980
LUNA2USDT,SELL,LIMIT,1702260735286,33,1.0307001
LUNA2USDT,SELL,LIMIT,1702260736860,550,1.0306566
LUNA2USDT,SELL,LIMIT,1702260737934,75,1.0291261
LUNA2USDT,SELL,LIMIT,1702260738935,436,1.0296316
LUNA2USDT,SELL,LIMIT,1702260740042,117,1.0271915
LUNA2USDT,SELL,LIMIT,1702260741050,212,1.0270626
LUNA2USDT,SELL,LIMIT,1702260742112,4439,1.0229122
LUNA2USDT,SELL,LIMIT,1702260743115,5300,1.0298586
LUNA2USDT,SELL,LIMIT,1702260744565,26,1.0165277
LUNA2USDT,SELL,LIMIT,1702260745570,959,1.0063369
LUNA2USDT,SELL,LIMIT,1702260746610,284,1.0032741
LUNA2USDT,SELL,LIMIT,1702260747703,91,1.0090189
LUNA2USDT,SELL,LIMIT,1702260748727,18,1.0052079
LUNA2USDT,SELL,LIMIT,1702260749757,234,1.0008166
LUNA2USDT,SELL,LIMIT,1702260750876,353,1.0032371
LUNA2USDT,SELL,LIMIT,1702260751919,151,1.0017351
LUNA2USDT,SELL,LIMIT,1702260752952,6661,1.0005184
LUNA2USDT,SELL,LIMIT,1702260753960,73,1.0099264
LUNA2USDT,SELL,LIMIT,1702260755472,197,1.0007783
LUNA2USDT,SELL,LIMIT,1702260756512,6726,1.0010039
LUNA2USDT,SELL,LIMIT,1702260757517,83,1.0065226
LUNA2USDT,SELL,LIMIT,1702260758553,104,1.0238532
LUNA2USDT,SELL,LIMIT,1702260759665,901,0.9991834
LUNA2USDT,SELL,LIMIT,1702260760633,162,0.9946340
LUNA2USDT,SELL,LIMIT,1702260761722,1184,0.9968126
LUNA2USDT,SELL,LIMIT,1702260763172,184,0.9951120
LUNA2USDT,SELL,LIMIT,1702260764173,83,0.9926702
LUNA2USDT,SELL,LIMIT,1702260765199,7,0.9917391
LUNA2USDT,SELL,LIMIT,1702260766537,2574,0.9892652
LUNA2USDT,SELL,LIMIT,1702260767590,40,0.9872285
LUNA2USDT,SELL,LIMIT,1702260768600,3170,0.9844428
LUNA2USDT,SELL,LIMIT,1702260769594,68,0.9772194
LUNA2USDT,SELL,LIMIT,1702260770700,1071,0.9768973
LUNA2USDT,SELL,LIMIT,1702260771777,83,0.9722161
LUNA2USDT,SELL,LIMIT,1702260772763,68,0.9725567
LUNA2USDT,SELL,LIMIT,1702260773825,7539,0.9690006
LUNA2USDT,SELL,LIMIT,1702260774866,5080,0.9743570
LUNA2USDT,SELL,LIMIT,1702260775884,92,0.9716037
LUNA2USDT,SELL,LIMIT,1702260777318,100,0.9703661
LUNA2USDT,SELL,LIMIT,1702260778398,213,0.9696701
LUNA2USDT,SELL,LIMIT,1702260779436,238,0.9935931
LUNA2USDT,SELL,LIMIT,1702260780475,139,0.9687465
LUNA2USDT,SELL,LIMIT,1702260781682,350,0.9684585
LUNA2USDT,SELL,LIMIT,1702260782706,667,0.9599403
LUNA2USDT,SELL,LIMIT,1702260783712,2196,0.9611816
LUNA2USDT,SELL,LIMIT,1702260784733,10688,0.9510751
LUNA2USDT,SELL,LIMIT,1702260785779,1050,0.9527114
LUNA2USDT,SELL,LIMIT,1702260786853,4041,0.9538182
LUNA2USDT,SELL,LIMIT,1702260787959,77,0.9495585
LUNA2USDT,SELL,LIMIT,1702260788961,189,0.9367673
LUNA2USDT,SELL,LIMIT,1702260789962,100,0.9362578
LUNA2USDT,SELL,LIMIT,1702260791136,89,0.9377050
LUNA2USDT,SELL,LIMIT,1702260792183,808,0.9320596
LUNA2USDT,SELL,LIMIT,1702260793244,87,0.9320596
LUNA2USDT,SELL,LIMIT,1702260794316,357,0.9359799
LUNA2USDT,SELL,LIMIT,1702260795350,35,0.9297455
LUNA2USDT,SELL,LIMIT,1702260796438,158,0.9288892
LUNA2USDT,SELL,LIMIT,1702260797655,1747,0.9293911
LUNA2USDT,SELL,LIMIT,1702260798847,21802,0.9238038
LUNA2USDT,SELL,LIMIT,1702260799853,61,0.9921956
LUNA2USDT,SELL,LIMIT,1702260801110,1113,0.9286792
LUNA2USDT,SELL,LIMIT,1702260802162,1732,0.9226674
LUNA2USDT,SELL,LIMIT,1702260803367,37,0.9223705
LUNA2USDT,SELL,LIMIT,1702260804667,132,0.9223705
LUNA2USDT,SELL,LIMIT,1702260805698,4,0.9236961
LUNA2USDT,SELL,LIMIT,1702260806739,43,0.9187449
LUNA2USDT,SELL,LIMIT,1702260807905,5,0.9232971
LUNA2USDT,SELL,LIMIT,1702260809347,762,0.9220783
LUNA2USDT,SELL,LIMIT,1702260810442,274,0.9209106
LUNA2USDT,SELL,LIMIT,1702260811638,9387,0.9205026
LUNA2USDT,SELL,LIMIT,1702260812695,49,0.9217497
LUNA2USDT,SELL,LIMIT,1702260814321,132,0.9254966
LUNA2USDT,SELL,LIMIT,1702260815321,69447,0.9100268
LUNA2USDT,SELL,LIMIT,1702260816353,22,0.9243254
LUNA2USDT,SELL,LIMIT,1702260818474,12,0.9262862
LUNA2USDT,SELL,LIMIT,1702260825263,141,0.9417677
LUNA2USDT,BUY,LIMIT,1702260826312,354,0.9548467
LUNA2USDT,BUY,LIMIT,1702260831807,760,0.9659755
LUNA2USDT,BUY,LIMIT,1702260840393,39,0.9778272
LUNA2USDT,BUY,LIMIT,1702260848054,229,0.9824250
LUNA2USDT,BUY,LIMIT,1702260852902,2202,0.9928056
LUNA2USDT,BUY,LIMIT,1702260858641,221,1.0016451
LUNA2USDT,BUY,LIMIT,1702260876726,5,1.0153950
LUNA2USDT,BUY,LIMIT,1702260906525,121,1.0208531
LUNA2USDT,BUY,LIMIT,1702260910665,4000,1.0218263
LUNA2USDT,BUY,LIMIT,1702260915854,263,1.0232364
LUNA2USDT,BUY,LIMIT,1702260932794,4591,1.0287619
LUNA2USDT,BUY,LIMIT,1702261196391,39,1.0415866
LUNA2USDT,BUY,LIMIT,1702261290484,1519,1.0456608
LUNA2USDT,SELL,LIMIT,1702262615571,103,1.0037625
LUNA2USDT,SELL,LIMIT,1702262873708,52,0.9948488
LUNA2USDT,SELL,LIMIT,1702263256373,9,1.0186603
LUNA2USDT,BUY,LIMIT,1702264017260,1831,1.0605507
LUNA2USDT,BUY,LIMIT,1702264024415,1561,1.0621252
LUNA2USDT,BUY,LIMIT,1702264052072,1261,1.0646516
LUNA2USDT,BUY,LIMIT,1702264053165,119,1.0657865
LUNA2USDT,BUY,LIMIT,1702264056518,948,1.0659669
LUNA2USDT,BUY,LIMIT,1702264089728,38,1.0685371
LUNA2USDT,BUY,LIMIT,1702267493394,5,1.0620446
