Symbol,Side,Order Type,Time,Quantity,Price
MAGICUSDT,SELL,LIMIT,1701918453528,52.2,0.847522
MAGICUSDT,SELL,LIMIT,1701918505262,2311.5,0.842555
MAGICUSDT,SELL,LIMIT,1701936982156,32.2,0.841844
MAGICUSDT,SELL,LIMIT,1701936984428,269.6,0.840412
MAGICUSDT,SELL,LIMIT,1701936986787,7.0,0.839541
MAGICUSDT,SELL,LIMIT,1701937243068,182.2,0.839493
MAGICUSDT,SELL,LIMIT,1701937248365,5.5,0.839143
MAGICUSDT,SELL,LIMIT,1701937318607,4398.8,0.837882
MAGICUSDT,SELL,LIMIT,1701937322027,451.0,0.837383
MAGICUSDT,SELL,LIMIT,1701937333209,47.6,0.836917
MAGICUSDT,SELL,LIMIT,1701937375751,2237.5,0.836709
MAGICUSDT,SELL,LIMIT,1701937393048,341.3,0.835776
MAGICUSDT,SELL,LIMIT,1701937394673,107.6,0.835508
MAGICUSDT,SELL,LIMIT,1701937465247,6.6,0.835098
MAGICUSDT,SELL,LIMIT,1701937466326,3181.7,0.835062
MAGICUSDT,SELL,LIMIT,1701938511757,1197.7,0.832617
MAGICUSDT,SELL,LIMIT,1701938513375,26.6,0.832404
MAGICUSDT,SELL,LIMIT,1701939105389,432.4,0.831970
MAGICUSDT,SELL,LIMIT,1701939130789,331.7,0.831338
MAGICUSDT,SELL,LIMIT,1701939132487,23.6,0.830939
MAGICUSDT,SELL,LIMIT,1701939358698,12.3,0.829508
MAGICUSDT,SELL,LIMIT,1701939362044,16.9,0.829330
MAGICUSDT,SELL,LIMIT,1701939406280,293.2,0.828462
MAGICUSDT,SELL,LIMIT,1701939436807,108.9,0.827827
MAGICUSDT,SELL,LIMIT,1701939437838,1512.2,0.827258
MAGICUSDT,SELL,LIMIT,1701939572602,114.1,0.824901
MAGICUSDT,SELL,LIMIT,1701939575685,81.3,0.824378
MAGICUSDT,SELL,LIMIT,1701939715906,96.2,0.824169
MAGICUSDT,SELL,LIMIT,1701940025104,1153.8,0.823487
MAGICUSDT,SELL,LIMIT,1701940026200,3182.1,0.823214
MAGICUSDT,SELL,LIMIT,1701940027442,24.5,0.823183
MAGICUSDT,SELL,LIMIT,1701940033320,719.7,0.822209
MAGICUSDT,SELL,LIMIT,1701940561579,681.1,0.819896
MAGICUSDT,SELL,LIMIT,1701940562728,48.2,0.819694
MAGICUSDT,SELL,LIMIT,1701940564537,117.6,0.818874
MAGICUSDT,SELL,LIMIT,1701940566631,2735.8,0.818354
MAGICUSDT,SELL,LIMIT,1701940568604,998.1,0.817992
MAGICUSDT,SELL,LIMIT,1701940673368,580.3,0.816777
MAGICUSDT,SELL,LIMIT,1701941074619,79.1,0.815083
MAGICUSDT,SELL,LIMIT,1701941113073,346.9,0.815121
MAGICUSDT,SELL,LIMIT,1701941151396,4000.0,0.814299
MAGICUSDT,SELL,LIMIT,1701941154383,90.7,0.814484
MAGICUSDT,SELL,LIMIT,1701941161954,3814.0,0.812929
MAGICUSDT,SELL,LIMIT,1701941171262,117.0,0.812619
MAGICUSDT,SELL,LIMIT,1701941174399,285.9,0.812200
MAGICUSDT,SELL,LIMIT,1701941177986,2443.3,0.812040
MAGICUSDT,SELL,LIMIT,1701941180602,4765.7,0.811665
MAGICUSDT,SELL,LIMIT,1701941184538,476.6,0.811003
MAGICUSDT,SELL,LIMIT,1701941186702,33.0,0.819988
MAGICUSDT,SELL,LIMIT,1701941188070,1500.0,0.809663
MAGICUSDT,SELL,LIMIT,1701941190383,982.3,0.809424
MAGICUSDT,SELL,LIMIT,1701941194669,121.1,0.809202
MAGICUSDT,SELL,LIMIT,1701941209316,333.2,0.809818
MAGICUSDT,SELL,LIMIT,1701941237314,900.0,0.819609
MAGICUSDT,SELL,LIMIT,1701941243061,170.8,0.809276
MAGICUSDT,SELL,LIMIT,1701941245293,90.0,0.808826
MAGICUSDT,SELL,LIMIT,1701941254901,1690.7,0.807994
MAGICUSDT,SELL,LIMIT,1701941256256,697.7,0.808109
MAGICUSDT,SELL,LIMIT,1701941271708,764.3,0.807666
MAGICUSDT,SELL,LIMIT,1701941312564,47.0,0.807528
MAGICUSDT,BUY,LIMIT,1701953976591,0.1,0.869340
MAGICUSDT,BUY,LIMIT,1701959502332,1.0,0.862694
MAGICUSDT,BUY,LIMIT,1701962686690,1.0,0.875359
MAGICUSDT,BUY,LIMIT,1701962772708,25.8,0.876952
MAGICUSDT,BUY,LIMIT,1701963095079,44.6,0.889305
MAGICUSDT,BUY,LIMIT,1701963096339,235.9,0.889203
MAGICUSDT,BUY,LIMIT,1701963167750,17.5,0.894954
MAGICUSDT,SELL,LIMIT,1701964380419,1097.8,0.864947
MAGICUSDT,BUY,LIMIT,1701964427983,26.9,0.905461
MAGICUSDT,BUY,LIMIT,1701964727954,494.9,0.914560
MAGICUSDT,BUY,LIMIT,1701964858315,362.8,0.922625
MAGICUSDT,BUY,LIMIT,1701964875049,194.6,0.923328
MAGICUSDT,BUY,LIMIT,1701964877909,208.4,0.923952
MAGICUSDT,BUY,LIMIT,1701964944181,39.1,0.927224
MAGICUSDT,BUY,LIMIT,1701964976182,35.0,0.932105
MAGICUSDT,BUY,LIMIT,1701965901177,16.6,0.940198
MAGICUSDT,BUY,LIMIT,1701966332419,444.4,0.944985
MAGICUSDT,BUY,LIMIT,1701966368740,25.9,0.946289
MAGICUSDT,BUY,LIMIT,1701966383311,1281.4,0.946660
MAGICUSDT,BUY,LIMIT,1701966401133,21.2,0.949436
MAGICUSDT,BUY,LIMIT,1701966966641,62.1,0.946442
MAGICUSDT,SELL,LIMIT,1701967031221,11.4,0.984743
MAGICUSDT,BUY,LIMIT,1701967822674,40.2,0.952928
MAGICUSDT,BUY,LIMIT,1701968151058,1246.4,0.959307
MAGICUSDT,SELL,LIMIT,1701974353369,255.0,0.891930
MAGICUSDT,SELL,LIMIT,1701974432243,4164.2,0.890795
MAGICUSDT,SELL,LIMIT,1701974756886,3990.6,0.889151
MAGICUSDT,SELL,LIMIT,1701976328012,10.0,0.886979
MAGICUSDT,SELL,LIMIT,1701976885302,1598.6,0.883373
MAGICUSDT,SELL,LIMIT,1701977272169,189.1,0.878271
MAGICUSDT,BUY,LIMIT,1701993966039,69.1,0.943878
MAGICUSDT,BUY,LIMIT,1701994919809,42.5,0.945604
MAGICUSDT,BUY,LIMIT,1701995320416,236.0,0.948243
MAGICUSDT,SELL,LIMIT,1701997654209,175.9,0.891218
MAGICUSDT,SELL,LIMIT,1702002729918,46.4,0.895386
MAGICUSDT,SELL,LIMIT,1702003045842,2812.7,0.889597
MAGICUSDT,SELL,LIMIT,1702022567705,250.3,0.873273
MAGICUSDT,SELL,LIMIT,1702025727688,54.5,0.870396
MAGICUSDT,SELL,LIMIT,1702025731221,326.9,0.868432
MAGICUSDT,BUY,LIMIT,1702035371431,368.3,0.917358
MAGICUSDT,SELL,LIMIT,1702044426413,866.7,0.865688
MAGICUSDT,SELL,LIMIT,1702051589068,0.9,0.968828
MAGICUSDT,BUY,LIMIT,1702053445379,79.8,0.914407
MAGICUSDT,SELL,LIMIT,1702055473500,6.7,0.870643
MAGICUSDT,BUY,LIMIT,1702080420734,197.6,0.922080
MAGICUSDT,SELL,LIMIT,1702080804141,2399.0,0.890800
MAGICUSDT,BUY,LIMIT,1702082228531,190.8,0.930903
MAGICUSDT,BUY,LIMIT,1702082315958,362.3,0.932735
MAGICUSDT,BUY,LIMIT,1702082621449,16.8,0.933993
MAGICUSDT,BUY,LIMIT,1702082676020,44.8,0.935673
MAGICUSDT,BUY,LIMIT,1702082717050,547.2,0.936091
MAGICUSDT,BUY,LIMIT,1702102070228,493.0,0.938514
MAGICUSDT,BUY,LIMIT,1702107521163,171.9,0.941785
MAGICUSDT,BUY,LIMIT,1702108067416,2000.0,0.945884
MAGICUSDT,BUY,LIMIT,1702109894166,4295.5,0.950932
MAGICUSDT,SELL,LIMIT,1702110968990,157.6,0.898073
MAGICUSDT,SELL,LIMIT,1702111044777,51.2,0.885868
MAGICUSDT,SELL,LIMIT,1702111046726,417.3,0.885778
MAGICUSDT,SELL,LIMIT,1702111083060,1440.1,0.885725
MAGICUSDT,SELL,LIMIT,1702111203132,1370.2,0.884174
MAGICUSDT,SELL,LIMIT,1702111205256,446.3,0.882640
MAGICUSDT,SELL,LIMIT,1702111377386,54.0,0.879806
MAGICUSDT,SELL,LIMIT,1702111387495,199.7,0.874655
MAGICUSDT,SELL,LIMIT,1702111389195,14.8,0.874045
MAGICUSDT,SELL,LIMIT,1702132890499,753.0,0.871456
MAGICUSDT,SELL,LIMIT,1702132990399,32.1,0.868466
MAGICUSDT,SELL,LIMIT,1702132992499,70.7,0.868087
MAGICUSDT,SELL,LIMIT,1702132997355,70.2,0.865436
MAGICUSDT,SELL,LIMIT,1702132998629,154.2,0.865162
MAGICUSDT,SELL,LIMIT,1702133003673,8.3,0.861841
MAGICUSDT,SELL,LIMIT,1702133006405,2103.6,0.859783
MAGICUSDT,SELL,LIMIT,1702133007623,1772.2,0.859541
MAGICUSDT,SELL,LIMIT,1702133009197,3317.4,0.859152
MAGICUSDT,BUY,LIMIT,1702139304308,103.7,0.890587
MAGICUSDT,SELL,LIMIT,1702141705353,3880.5,0.857171
MAGICUSDT,SELL,LIMIT,1702141707084,5.4,0.856963
MAGICUSDT,SELL,LIMIT,1702141849118,1112.8,0.854913
MAGICUSDT,SELL,LIMIT,1702141853443,166.8,0.853621
MAGICUSDT,SELL,LIMIT,1702141859489,1781.3,0.853337
MAGICUSDT,SELL,LIMIT,1702141860915,205.2,0.853258
MAGICUSDT,SELL,LIMIT,1702153885606,75.6,0.852100
MAGICUSDT,SELL,LIMIT,1702156265020,261.3,0.851073
MAGICUSDT,SELL,LIMIT,1702156348324,7.4,0.850502
MAGICUSDT,SELL,LIMIT,1702156357519,228.0,0.850056
MAGICUSDT,SELL,LIMIT,1702164249471,201.4,0.850451
MAGICUSDT,SELL,LIMIT,1702164537946,478.2,0.847681
MAGICUSDT,SELL,LIMIT,1702164539194,177.1,0.847408
MAGICUSDT,SELL,LIMIT,1702164672168,203.5,0.844730
MAGICUSDT,SELL,LIMIT,1702164704358,31.3,0.843425
MAGICUSDT,SELL,LIMIT,1702164706562,400.0,0.843553
MAGICUSDT,SELL,LIMIT,1702164743932,37.7,0.842448
MAGICUSDT,SELL,LIMIT,1702164748470,768.0,0.841205
MAGICUSDT,SELL,LIMIT,1702164750440,669.1,0.840645
MAGICUSDT,SELL,LIMIT,1702164752642,5651.6,0.840229
MAGICUSDT,SELL,LIMIT,1702164757532,53.1,0.840449
MAGICUSDT,SELL,LIMIT,1702164766542,579.1,0.839804
MAGICUSDT,SELL,LIMIT,1702164798698,4718.5,0.839377
MAGICUSDT,SELL,LIMIT,1702164800577,317.1,0.838905
MAGICUSDT,SELL,LIMIT,1702164801959,459.4,0.838449
MAGICUSDT,SELL,LIMIT,1702164803010,57.4,0.838195
MAGICUSDT,SELL,LIMIT,1702164806483,1255.1,0.836785
MAGICUSDT,SELL,LIMIT,1702164808181,146.6,0.844151
MAGICUSDT,SELL,LIMIT,1702164809329,227.2,0.836449
MAGICUSDT,SELL,LIMIT,1702164810595,1457.5,0.836179
MAGICUSDT,SELL,LIMIT,1702164815942,942.5,0.837152
MAGICUSDT,SELL,LIMIT,1702178166163,46.0,0.856722
MAGICUSDT,BUY,LIMIT,1702182680803,1164.1,0.901864
MAGICUSDT,SELL,LIMIT,1702200401263,1392.9,0.854627
MAGICUSDT,SELL,LIMIT,1702200886235,57.8,0.849465
MAGICUSDT,SELL,LIMIT,1702202043194,218.6,0.844896
MAGICUSDT,SELL,LIMIT,1702202074299,535.5,0.844023
MAGICUSDT,SELL,LIMIT,1702202157134,55.3,0.842801
MAGICUSDT,SELL,LIMIT,1702202257012,74.4,0.842997
MAGICUSDT,SELL,LIMIT,1702202288355,32.5,0.841851
MAGICUSDT,SELL,LIMIT,1702202291707,378.7,0.841213
MAGICUSDT,SELL,LIMIT,1702202298159,6.6,0.840207
MAGICUSDT,SELL,LIMIT,1702202318310,150.3,0.840155
MAGICUSDT,SELL,LIMIT,1702202323568,5.6,0.839311
MAGICUSDT,SELL,LIMIT,1702202378408,66.6,0.838187
MAGICUSDT,SELL,LIMIT,1702202380362,5.5,0.837701
MAGICUSDT,SELL,LIMIT,1702230632441,596.2,0.857774
MAGICUSDT,SELL,LIMIT,1702236181454,5.7,0.877679
MAGICUSDT,BUY,LIMIT,1702240955215,169.1,0.912842
MAGICUSDT,SELL,LIMIT,1702241074520,6.0,0.877902
MAGICUSDT,BUY,LIMIT,1702241082186,8.4,0.913952
MAGICUSDT,SELL,LIMIT,1702241117786,1318.7,0.877842
MAGICUSDT,SELL,LIMIT,1702241182472,6.0,0.877629
MAGICUSDT,BUY,LIMIT,1702241482532,400.5,0.916787
MAGICUSDT,SELL,LIMIT,1702256620301,111.0,0.860679
MAGICUSDT,SELL,LIMIT,1702256914694,337.4,0.857022
MAGICUSDT,SELL,LIMIT,1702256921618,396.6,0.855990
MAGICUSDT,SELL,LIMIT,1702256976596,14.3,0.857015
MAGICUSDT,SELL,LIMIT,1702260284359,10.9,0.859657
MAGICUSDT,SELL,LIMIT,1702260423140,921.8,0.858482
MAGICUSDT,SELL,LIMIT,1702260436141,486.5,0.852601
MAGICUSDT,SELL,LIMIT,1702260437728,3741.1,0.851947
MAGICUSDT,SELL,LIMIT,1702260439877,1302.2,0.851166
MAGICUSDT,SELL,LIMIT,1702260441084,999.4,0.851116
MAGICUSDT,SELL,LIMIT,1702260483172,2400.0,0.849469
MAGICUSDT,SELL,LIMIT,1702260631696,292.7,0.846688
MAGICUSDT,SELL,LIMIT,1702260634108,176.1,0.845826
MAGICUSDT,SELL,LIMIT,1702260635956,205.3,0.843898
MAGICUSDT,SELL,LIMIT,1702260637561,1111.2,0.843108
MAGICUSDT,SELL,LIMIT,1702260696167,127.3,0.842393
MAGICUSDT,SELL,LIMIT,1702260699262,591.5,0.841527
MAGICUSDT,SELL,LIMIT,1702260700540,298.6,0.844787
MAGICUSDT,SELL,LIMIT,1702260707687,23.9,0.840220
MAGICUSDT,SELL,LIMIT,1702260708791,2452.8,0.839764
MAGICUSDT,SELL,LIMIT,1702260710288,6.7,0.839180
MAGICUSDT,SELL,LIMIT,1702260711335,564.5,0.839273
MAGICUSDT,SELL,LIMIT,1702260714987,224.5,0.838194
MAGICUSDT,SELL,LIMIT,1702260716508,3402.8,0.836592
MAGICUSDT,SELL,LIMIT,1702260717825,34.9,0.836361
MAGICUSDT,SELL,LIMIT,1702260718838,37.6,0.833779
MAGICUSDT,SELL,LIMIT,1702260720502,11.1,0.834170
MAGICUSDT,SELL,LIMIT,1702260721838,575.7,0.834142
MAGICUSDT,SELL,LIMIT,1702260723726,110.3,0.859858
MAGICUSDT,SELL,LIMIT,1702260724836,7.1,0.833319
MAGICUSDT,SELL,LIMIT,1702260726489,5644.7,0.831428
MAGICUSDT,SELL,LIMIT,1702260727915,449.9,0.829690
MAGICUSDT,SELL,LIMIT,1702260729077,115.3,0.829414
MAGICUSDT,SELL,LIMIT,1702260730144,10.8,0.829247
MAGICUSDT,SELL,LIMIT,1702260731186,2897.3,0.833334
MAGICUSDT,SELL,LIMIT,1702260733176,23675.9,0.823716
MAGICUSDT,SELL,LIMIT,1702260736854,343.6,0.824568
MAGICUSDT,SELL,LIMIT,1702260738418,225.6,0.824485
MAGICUSDT,SELL,LIMIT,1702260741114,2.9,0.825019
MAGICUSDT,SELL,LIMIT,1702260742653,67.6,0.825890
MAGICUSDT,SELL,LIMIT,1702260744975,577.5,0.826451
MAGICUSDT,SELL,LIMIT,1702260746266,446.7,0.824652
MAGICUSDT,SELL,LIMIT,1702260747652,131.3,0.824467
MAGICUSDT,SELL,LIMIT,1702260748890,11.4,0.824194
MAGICUSDT,SELL,LIMIT,1702260749956,80.0,0.823751
MAGICUSDT,SELL,LIMIT,1702260751754,52.2,0.823523
MAGICUSDT,SELL,LIMIT,1702260752823,44.6,0.823385
MAGICUSDT,SELL,LIMIT,1702260754511,94.5,0.822720
MAGICUSDT,SELL,LIMIT,1702260755524,138.0,0.818848
MAGICUSDT,SELL,LIMIT,1702260756564,5443.5,0.818574
MAGICUSDT,SELL,LIMIT,1702260757641,1407.8,0.819756
MAGICUSDT,SELL,LIMIT,1702260758651,442.4,0.817142
MAGICUSDT,SELL,LIMIT,1702260759758,336.3,0.816811
MAGICUSDT,SELL,LIMIT,1702260760789,5.4,0.816017
MAGICUSDT,SELL,LIMIT,1702260761880,2858.7,0.816715
MAGICUSDT,SELL,LIMIT,1702260762882,82.3,0.810587
MAGICUSDT,SELL,LIMIT,1702260763891,177.9,0.812422
MAGICUSDT,SELL,LIMIT,1702260764936,853.6,0.808995
MAGICUSDT,SELL,LIMIT,1702260766501,61.9,0.804912
MAGICUSDT,SELL,LIMIT,1702260767561,280.4,0.804129
MAGICUSDT,SELL,LIMIT,1702260768661,5.4,0.804620
MAGICUSDT,SELL,LIMIT,1702260770329,79.1,0.808188
MAGICUSDT,SELL,LIMIT,1702260771548,270.5,0.802711
MAGICUSDT,SELL,LIMIT,1702260772724,111.5,0.798700
MAGICUSDT,SELL,LIMIT,1702260773777,389.1,0.799725
MAGICUSDT,SELL,LIMIT,1702260774803,365.8,0.797493
MAGICUSDT,SELL,LIMIT,1702260775878,10.4,0.794580
MAGICUSDT,SELL,LIMIT,1702260776917,5.4,0.794060
MAGICUSDT,SELL,LIMIT,1702260778207,5.4,0.792097
MAGICUSDT,SELL,LIMIT,1702260779495,278.1,0.789150
MAGICUSDT,SELL,LIMIT,1702260780552,28.1,0.789274
MAGICUSDT,SELL,LIMIT,1702260781575,17943.3,0.786017
MAGICUSDT,SELL,LIMIT,1702260782627,1393.3,0.785670
MAGICUSDT,SELL,LIMIT,1702260783635,5744.8,0.786506
MAGICUSDT,SELL,LIMIT,1702260784644,33.3,0.782965
MAGICUSDT,SELL,LIMIT,1702260785750,51618.4,0.770113
MAGICUSDT,SELL,LIMIT,1702260786942,1071.2,0.783875
MAGICUSDT,SELL,LIMIT,1702260788550,619.9,0.784308
MAGICUSDT,SELL,LIMIT,1702260789618,25.2,0.780833
MAGICUSDT,SELL,LIMIT,1702260791575,1747.4,0.780856
MAGICUSDT,SELL,LIMIT,1702260792993,40.2,0.780823
MAGICUSDT,SELL,LIMIT,1702260794122,226.8,0.781538
MAGICUSDT,SELL,LIMIT,1702260795280,8.8,0.778420
MAGICUSDT,SELL,LIMIT,1702260796281,12.7,0.778158
MAGICUSDT,SELL,LIMIT,1702260797334,8.9,0.778130
MAGICUSDT,SELL,LIMIT,1702260799288,110.9,0.777343
MAGICUSDT,SELL,LIMIT,1702260800407,1123.5,0.792878
MAGICUSDT,SELL,LIMIT,1702260801601,110198.9,0.759313
MAGICUSDT,SELL,LIMIT,1702260803037,15.2,0.776916
MAGICUSDT,SELL,LIMIT,1702260804074,21.7,0.777055
MAGICUSDT,SELL,LIMIT,1702260805359,35.1,0.776023
MAGICUSDT,SELL,LIMIT,1702260806410,232.1,0.776231
MAGICUSDT,SELL,LIMIT,1702260807457,546.0,0.773966
MAGICUSDT,SELL,LIMIT,1702260808958,369.7,0.774783
MAGICUSDT,SELL,LIMIT,1702260810331,63.0,0.773696
MAGICUSDT,SELL,LIMIT,1702260811658,350.0,0.771696
MAGICUSDT,SELL,LIMIT,1702260812678,140.4,0.770325
MAGICUSDT,SELL,LIMIT,1702260813692,83097.4,0.751676
MAGICUSDT,SELL,LIMIT,1702260814923,1200.0,0.766453
MAGICUSDT,SELL,LIMIT,1702260816218,558.9,0.761287
MAGICUSDT,SELL,LIMIT,1702260817492,555.5,0.762925
MAGICUSDT,SELL,LIMIT,1702260818547,24.1,0.760233
MAGICUSDT,SELL,LIMIT,1702260820782,14770.1,0.757383
MAGICUSDT,SELL,LIMIT,1702260821834,159.5,0.758214
MAGICUSDT,SELL,LIMIT,1702260823038,263.8,0.759641
MAGICUSDT,SELL,LIMIT,1702260824424,157.1,0.755789
MAGICUSDT,SELL,LIMIT,1702260825438,120.5,0.755580
MAGICUSDT,SELL,LIMIT,1702260826577,11.9,0.754741
MAGICUSDT,BUY,LIMIT,1702260840392,35.4,0.798047
MAGICUSDT,BUY,LIMIT,1702260937019,25.8,0.833291
MAGICUSDT,SELL,LIMIT,1702262873708,65.0,0.794137
MAGICUSDT,SELL,LIMIT,1702265724235,5.8,0.816537
