Symbol,Side,Order Type,Time,Quantity,Price
MAGICUSDT,SELL,LIMIT,1701918453528,52.2,0.847522
MAGICUSDT,SELL,LIMIT,1701918505262,2311.5,0.842555
MAGICUSDT,SELL,LIMIT,1701936982156,32.2,0.841844
MAGICUSDT,SELL,LIMIT,1701936984428,269.6,0.840412
MAGICUSDT,SELL,LIMIT,1701936986787,7.0,0.839541
MAGICUSDT,SELL,LIMIT,1701937243068,182.2,0.839493
MAGICUSDT,SELL,LIMIT,1701937248365,5.5,0.839143
MAGICUSDT,SELL,LIMIT,1701937318607,4398.8,0.837882
MAGICUSDT,SELL,LIMIT,1701937322027,451.0,0.837383
MAGICUSDT,SELL,LIMIT,1701937333209,47.6,0.836917
MAGICUSDT,SELL,LIMIT,1701937375751,2237.5,0.836709
MAGICUSDT,SELL,LIMIT,1701937393048,341.3,0.835776
MAGICUSDT,SELL,LIMIT,1701937394673,107.6,0.835508
MAGICUSDT,SELL,LIMIT,1701937465247,6.6,0.835098
MAGICUSDT,SELL,LIMIT,1701937466326,3181.7,0.835062
MAGICUSDT,SELL,LIMIT,1701938511757,1197.7,0.832617
MAGICUSDT,SELL,LIMIT,1701938513375,26.6,0.832404
MAGICUSDT,SELL,LIMIT,1701939105389,432.4,0.831970
MAGICUSDT,SELL,LIMIT,1701939130789,331.7,0.831338
MAGICUSDT,SELL,LIMIT,1701939132487,23.6,0.830939
MAGICUSDT,SELL,LIMIT,1701939358698,12.3,0.829508
MAGICUSDT,SELL,LIMIT,1701939362044,16.9,0.829330
MAGICUSDT,SELL,LIMIT,1701939406280,293.2,0.828462
MAGICUSDT,SELL,LIMIT,1701939436807,108.9,0.827827
MAGICUSDT,SELL,LIMIT,1701939437838,1512.2,0.827258
MAGICUSDT,SELL,LIMIT,1701939572602,114.1,0.824901
MAGICUSDT,SELL,LIMIT,1701939575685,81.3,0.824378
MAGICUSDT,SELL,LIMIT,1701939715906,96.2,0.824169
MAGICUSDT,SELL,LIMIT,1701940025104,1153.8,0.823487
MAGICUSDT,SELL,LIMIT,1701940026200,3182.1,0.823214
MAGICUSDT,SELL,LIMIT,1701940027442,24.5,0.823183
MAGICUSDT,SELL,LIMIT,1701940033320,719.7,0.822209
MAGICUSDT,SELL,LIMIT,1701940561579,681.1,0.819896
MAGICUSDT,SELL,LIMIT,1701940562728,48.2,0.819694
MAGICUSDT,SELL,LIMIT,1701940564537,117.6,0.818874
MAGICUSDT,SELL,LIMIT,1701940566631,2735.8,0.818354
MAGICUSDT,SELL,LIMIT,1701940568604,998.1,0.817992
MAGICUSDT,SELL,LIMIT,1701940673368,580.3,0.816777
MAGICUSDT,SELL,LIMIT,1701941074619,79.1,0.815083
MAGICUSDT,SELL,LIMIT,1701941113073,346.9,0.815121
MAGICUSDT,SELL,LIMIT,1701941151396,4000.0,0.814299
MAGICUSDT,SELL,LIMIT,1701941154383,90.7,0.814484
MAGICUSDT,SELL,LIMIT,1701941161954,3814.0,0.812929
MAGICUSDT,SELL,LIMIT,1701941171262,117.0,0.812619
MAGICUSDT,SELL,LIMIT,1701941174399,285.9,0.812200
MAGICUSDT,SELL,LIMIT,1701941177986,2443.3,0.812040
MAGICUSDT,SELL,LIMIT,1701941180602,4765.7,0.811665
MAGICUSDT,SELL,LIMIT,1701941184538,476.6,0.811003
MAGICUSDT,SELL,LIMIT,1701941186702,33.0,0.819988
MAGICUSDT,SELL,LIMIT,1701941188070,1500.0,0.809663
MAGICUSDT,SELL,LIMIT,1701941190383,982.3,0.809424
MAGICUSDT,SELL,LIMIT,1701941194669,121.1,0.809202
MAGICUSDT,SELL,LIMIT,1701941209316,333.2,0.809818
MAGICUSDT,SELL,LIMIT,1701941237314,900.0,0.819609
MAGICUSDT,SELL,LIMIT,1701941243061,170.8,0.809276
MAGICUSDT,SELL,LIMIT,1701941245293,90.0,0.808826
MAGICUSDT,SELL,LIMIT,1701941254901,1690.7,0.807994
MAGICUSDT,SELL,LIMIT,1701941256256,697.7,0.808109
MAGICUSDT,SELL,LIMIT,1701941271708,764.3,0.807666
MAGICUSDT,SELL,LIMIT,1701941312564,47.0,0.807528
MAGICUSDT,BUY,LIMIT,1701953976591,0.1,0.869340
MAGICUSDT,BUY,LIMIT,1701959502332,1.0,0.862694
MAGICUSDT,BUY,LIMIT,1701962686690,1.0,0.875359
MAGICUSDT,BUY,LIMIT,1701962772708,25.8,0.876952
MAGICUSDT,BUY,LIMIT,1701963095079,44.6,0.889305
MAGICUSDT,BUY,LIMIT,1701963096339,235.9,0.889203
MAGICUSDT,BUY,LIMIT,1701963167750,17.5,0.894954
MAGICUSDT,SELL,LIMIT,1701964380419,1097.8,0.864947
MAGICUSDT,BUY,LIMIT,1701964427983,26.9,0.905461
MAGICUSDT,BUY,LIMIT,1701964727954,494.9,0.914560
MAGICUSDT,BUY,LIMIT,1701964858315,362.8,0.922625
MAGICUSDT,BUY,LIMIT,1701964875049,194.6,0.923328
MAGICUSDT,BUY,LIMIT,1701964877909,208.4,0.923952
MAGICUSDT,BUY,LIMIT,1701964944181,39.1,0.927224
MAGICUSDT,BUY,LIMIT,1701964976182,35.0,0.932105
MAGICUSDT,BUY,LIMIT,1701965901177,16.6,0.940198
MAGICUSDT,BUY,LIMIT,1701966332419,444.4,0.944985
MAGICUSDT,BUY,LIMIT,1701966368740,25.9,0.946289
MAGICUSDT,BUY,LIMIT,1701966383311,1281.4,0.946660
MAGICUSDT,BUY,LIMIT,1701966401133,21.2,0.949436
MAGICUSDT,BUY,LIMIT,1701966966641,62.1,0.946442
MAGICUSDT,SELL,LIMIT,1701967031221,11.4,0.984743
MAGICUSDT,BUY,LIMIT,1701967822674,40.2,0.952928
MAGICUSDT,BUY,LIMIT,1701968151058,1246.4,0.959307
MAGICUSDT,SELL,LIMIT,1701974353369,255.0,0.891930
MAGICUSDT,SELL,LIMIT,1701974432243,4164.2,0.890795
MAGICUSDT,SELL,LIMIT,1701974756886,3990.6,0.889151
MAGICUSDT,SELL,LIMIT,1701976328012,10.0,0.886979
MAGICUSDT,SELL,LIMIT,1701976885302,1598.6,0.883373
MAGICUSDT,SELL,LIMIT,1701977272169,189.1,0.878271
MAGICUSDT,BUY,LIMIT,1701993966039,69.1,0.943878
MAGICUSDT,BUY,LIMIT,1701994919809,42.5,0.945604
MAGICUSDT,BUY,LIMIT,1701995320416,236.0,0.948243
MAGICUSDT,SELL,LIMIT,1701997654209,175.9,0.891218
MAGICUSDT,SELL,LIMIT,1702002729918,46.4,0.895386
MAGICUSDT,SELL,LIMIT,1702003045842,2812.7,0.889597
MAGICUSDT,SELL,LIMIT,1702022567705,250.3,0.873273
MAGICUSDT,SELL,LIMIT,1702025727688,54.5,0.870396
MAGICUSDT,SELL,LIMIT,1702025731221,326.9,0.868432
MAGICUSDT,BUY,LIMIT,1702035371431,368.3,0.917358
MAGICUSDT,SELL,LIMIT,1702044426413,866.7,0.865688
MAGICUSDT,SELL,LIMIT,1702051589068,0.9,0.968828
MAGICUSDT,BUY,LIMIT,1702053445379,79.8,0.914407
MAGICUSDT,SELL,LIMIT,1702055473500,6.7,0.870643
MAGICUSDT,BUY,LIMIT,1702080420734,197.6,0.922080
MAGICUSDT,SELL,LIMIT,1702080804141,2399.0,0.890800
MAGICUSDT,BUY,LIMIT,1702082228531,190.8,0.930903
MAGICUSDT,BUY,LIMIT,1702082315958,362.3,0.932735
MAGICUSDT,BUY,LIMIT,1702082621449,16.8,0.933993
MAGICUSDT,BUY,LIMIT,1702082676020,44.8,0.935673
MAGICUSDT,BUY,LIMIT,1702082717050,547.2,0.936091
MAGICUSDT,BUY,LIMIT,1702102070228,493.0,0.938514
MAGICUSDT,BUY,LIMIT,1702107521163,171.9,0.941785
MAGICUSDT,BUY,LIMIT,1702108067416,2000.0,0.945884
MAGICUSDT,BUY,LIMIT,1702109894166,4295.5,0.950932
MAGICUSDT,SELL,LIMIT,1702110968990,157.6,0.898073
MAGICUSDT,SELL,LIMIT,1702111044777,51.2,0.885868
MAGICUSDT,SELL,LIMIT,1702111046726,417.3,0.885778
MAGICUSDT,SELL,LIMIT,1702111083060,1440.1,0.885725
MAGICUSDT,SELL,LIMIT,1702111203132,1370.2,0.884174
MAGICUSDT,SELL,LIMIT,1702111205256,446.3,0.882640
MAGICUSDT,SELL,LIMIT,1702111377386,54.0,0.879806
MAGICUSDT,SELL,LIMIT,1702111387495,199.7,0.874655
MAGICUSDT,SELL,LIMIT,1702111389195,14.8,0.874045
MAGICUSDT,SELL,LIMIT,1702132890499,753.0,0.871456
MAGICUSDT,SELL,LIMIT,1702132990399,32.1,0.868466
MAGICUSDT,SELL,LIMIT,1702132992499,70.7,0.868087
MAGICUSDT,SELL,LIMIT,1702132997355,70.2,0.865436
MAGICUSDT,SELL,LIMIT,1702132998629,154.2,0.865162
MAGICUSDT,SELL,LIMIT,1702133003673,8.3,0.861841
MAGICUSDT,SELL,LIMIT,1702133006405,2103.6,0.859783
MAGICUSDT,SELL,LIMIT,1702133007623,1772.2,0.859541
MAGICUSDT,SELL,LIMIT,1702133009197,3317.4,0.859152
