Symbol,Side,Order Type,Time,Quantity,Price
MAGICUSDT,SELL,LIMIT,1700995940297,564.0,0.833408
MAGICUSDT,BUY,LIMIT,1700999307528,35.1,0.880798
MAGICUSDT,BUY,LIMIT,1701000202729,449.8,0.889478
MAGICUSDT,BUY,LIMIT,1701000264606,35.3,0.889968
MAGICUSDT,BUY,LIMIT,1701000303612,475.8,0.890233
MAGICUSDT,BUY,LIMIT,1701000875542,19.3,0.890710
MAGICUSDT,BUY,LIMIT,1701000961345,802.8,0.894966
MAGICUSDT,BUY,LIMIT,1701002540784,613.4,0.886477
MAGICUSDT,BUY,LIMIT,1701002637391,16.0,0.896673
MAGICUSDT,BUY,LIMIT,1701002646046,231.4,0.896948
MAGICUSDT,BUY,LIMIT,1701002650211,23.3,0.897427
MAGICUSDT,BUY,LIMIT,1701002651923,19.6,0.897639
MAGICUSDT,BUY,LIMIT,1701002655355,493.1,0.898314
MAGICUSDT,BUY,LIMIT,1701002669250,7.2,0.898791
MAGICUSDT,BUY,LIMIT,1701002670335,62.0,0.899857
MAGICUSDT,BUY,LIMIT,1701002682225,107.0,0.901958
MAGICUSDT,BUY,LIMIT,1701002683286,204.6,0.901587
MAGICUSDT,BUY,LIMIT,1701002692103,509.2,0.902581
MAGICUSDT,BUY,LIMIT,1701002699819,31.5,0.904501
MAGICUSDT,BUY,LIMIT,1701002702392,8.0,0.904597
MAGICUSDT,BUY,LIMIT,1701002704030,265.4,0.905746
MAGICUSDT,BUY,LIMIT,1701002823263,1570.4,0.900150
MAGICUSDT,BUY,LIMIT,1701003895270,151.2,0.906309
MAGICUSDT,BUY,LIMIT,1701003897464,11.0,0.907798
MAGICUSDT,BUY,LIMIT,1701003899206,13.0,0.908564
MAGICUSDT,BUY,LIMIT,1701003944223,79.4,0.907818
MAGICUSDT,BUY,LIMIT,1701003949166,26.4,0.908299
MAGICUSDT,BUY,LIMIT,1701003957267,98.5,0.908846
MAGICUSDT,BUY,LIMIT,1701003968928,108.2,0.908993
MAGICUSDT,BUY,LIMIT,1701003974227,1019.8,0.909367
MAGICUSDT,BUY,LIMIT,1701003975262,134.1,0.910076
MAGICUSDT,BUY,LIMIT,1701003976366,180.4,0.909535
MAGICUSDT,BUY,LIMIT,1701003988337,424.4,0.910956
MAGICUSDT,BUY,LIMIT,1701003990042,1279.3,0.911092
MAGICUSDT,BUY,LIMIT,1701003991522,35.5,0.911218
MAGICUSDT,BUY,LIMIT,1701003992727,228.2,0.911348
MAGICUSDT,BUY,LIMIT,1701003993895,1437.9,0.911764
MAGICUSDT,BUY,LIMIT,1701003996460,566.8,0.912447
MAGICUSDT,BUY,LIMIT,1701004000688,354.3,0.913330
MAGICUSDT,BUY,LIMIT,1701004006169,41.2,0.913634
MAGICUSDT,BUY,LIMIT,1701004059242,7.2,0.914366
MAGICUSDT,BUY,LIMIT,1701004126056,191.9,0.914355
MAGICUSDT,BUY,LIMIT,1701004127542,54.9,0.914736
MAGICUSDT,BUY,LIMIT,1701004132042,298.2,0.915188
MAGICUSDT,BUY,LIMIT,1701004134054,11.4,0.915484
MAGICUSDT,BUY,LIMIT,1701004135147,13.4,0.916173
MAGICUSDT,BUY,LIMIT,1701004138034,662.1,0.918997
MAGICUSDT,BUY,LIMIT,1701004139138,4658.8,0.919136
MAGICUSDT,BUY,LIMIT,1701004140973,83.8,0.919719
MAGICUSDT,BUY,LIMIT,1701004142079,338.6,0.920251
MAGICUSDT,BUY,LIMIT,1701004219102,41.6,0.920890
MAGICUSDT,BUY,LIMIT,1701004220197,238.7,0.920494
MAGICUSDT,BUY,LIMIT,1701004224273,516.3,0.921529
MAGICUSDT,BUY,LIMIT,1701004566886,15.0,0.921468
MAGICUSDT,BUY,LIMIT,1701004577587,1193.4,0.921714
MAGICUSDT,BUY,LIMIT,1701004578614,31.0,0.922257
MAGICUSDT,BUY,LIMIT,1701004580468,5687.6,0.922604
MAGICUSDT,BUY,LIMIT,1701004582115,605.1,0.923515
MAGICUSDT,BUY,LIMIT,1701004583143,64.3,0.923762
MAGICUSDT,BUY,LIMIT,1701004588060,1383.7,0.925686
MAGICUSDT,BUY,LIMIT,1701004589076,1064.7,0.925295
MAGICUSDT,BUY,LIMIT,1701004590106,55.6,0.925842
MAGICUSDT,BUY,LIMIT,1701004591231,485.1,0.926766
MAGICUSDT,BUY,LIMIT,1701004592241,12.5,0.927914
MAGICUSDT,BUY,LIMIT,1701004662822,16.2,0.927665
MAGICUSDT,BUY,LIMIT,1701004669158,3000.0,0.927627
MAGICUSDT,BUY,LIMIT,1701004673383,746.7,0.929075
MAGICUSDT,BUY,LIMIT,1701004700084,22.9,0.929198
MAGICUSDT,BUY,LIMIT,1701004701085,5647.8,0.929387
MAGICUSDT,BUY,LIMIT,1701004733072,258.4,0.929584
MAGICUSDT,SELL,LIMIT,1701005880324,562.7,0.877294
MAGICUSDT,SELL,LIMIT,1701008241797,19.9,0.865249
MAGICUSDT,SELL,LIMIT,1701008310042,70.8,0.863149
MAGICUSDT,SELL,LIMIT,1701008315335,411.3,0.862686
MAGICUSDT,SELL,LIMIT,1701008325556,107.4,0.861828
MAGICUSDT,SELL,LIMIT,1701008345599,193.5,0.860488
MAGICUSDT,SELL,LIMIT,1701008349378,3459.4,0.859674
MAGICUSDT,SELL,LIMIT,1701008433095,2190.7,0.861551
MAGICUSDT,SELL,LIMIT,1701008443106,147.9,0.856683
MAGICUSDT,SELL,LIMIT,1701008444649,2490.0,0.855928
MAGICUSDT,SELL,LIMIT,1701008886025,25.2,0.855656
MAGICUSDT,SELL,LIMIT,1701008891407,143.3,0.854395
MAGICUSDT,SELL,LIMIT,1701008903799,570.8,0.854018
MAGICUSDT,BUY,LIMIT,1701009243259,352.8,0.890772
MAGICUSDT,SELL,LIMIT,1701009287221,4465.8,0.855773
MAGICUSDT,SELL,LIMIT,1701009907956,4900.0,0.852314
MAGICUSDT,SELL,LIMIT,1701009911835,72.4,0.851183
MAGICUSDT,SELL,LIMIT,1701009930984,10.0,0.850874
MAGICUSDT,SELL,LIMIT,1701009932282,887.0,0.850426
MAGICUSDT,SELL,LIMIT,1701010151564,45.1,0.850010
MAGICUSDT,SELL,LIMIT,1701010154085,5592.5,0.849224
MAGICUSDT,SELL,LIMIT,1701010155273,23.1,0.849479
MAGICUSDT,SELL,LIMIT,1701010201603,206.5,0.847534
MAGICUSDT,SELL,LIMIT,1701010362711,172.8,0.845552
MAGICUSDT,SELL,LIMIT,1701010365491,4402.3,0.845251
MAGICUSDT,SELL,LIMIT,1701010378157,22.4,0.843855
MAGICUSDT,SELL,LIMIT,1701010484245,5589.4,0.841079
MAGICUSDT,SELL,LIMIT,1701010527318,969.3,0.840545
MAGICUSDT,SELL,LIMIT,1701010561165,11.1,0.840104
MAGICUSDT,SELL,LIMIT,1701010562422,146.4,0.839898
MAGICUSDT,SELL,LIMIT,1701010871242,1137.2,0.839027
MAGICUSDT,SELL,LIMIT,1701010874643,10.0,0.838746
MAGICUSDT,SELL,LIMIT,1701010875928,164.9,0.838719
MAGICUSDT,SELL,LIMIT,1701010902230,239.8,0.836242
MAGICUSDT,SELL,LIMIT,1701010903441,244.5,0.836367
MAGICUSDT,SELL,LIMIT,1701010909308,776.8,0.836085
MAGICUSDT,BUY,LIMIT,1701011058106,82.4,0.870817
MAGICUSDT,BUY,LIMIT,1701012730174,46.8,0.894888
MAGICUSDT,BUY,LIMIT,1701012741465,5862.3,0.895152
MAGICUSDT,BUY,LIMIT,1701012762214,1990.1,0.895851
MAGICUSDT,BUY,LIMIT,1701013135676,342.6,0.884795
MAGICUSDT,SELL,LIMIT,1701013426812,22.6,0.846590
MAGICUSDT,BUY,LIMIT,1701013956916,72.2,0.864758
MAGICUSDT,SELL,LIMIT,1701013963539,219.9,0.836039
MAGICUSDT,SELL,LIMIT,1701013993071,13.0,0.835440
MAGICUSDT,SELL,LIMIT,1701013996281,5604.7,0.834824
MAGICUSDT,SELL,LIMIT,1701013998501,2520.2,0.833516
MAGICUSDT,SELL,LIMIT,1701014003194,40.0,0.832435
MAGICUSDT,SELL,LIMIT,1701014004514,2854.2,0.832281
MAGICUSDT,SELL,LIMIT,1701014029575,901.4,0.831520
MAGICUSDT,SELL,LIMIT,1701014032375,5681.8,0.831279
MAGICUSDT,SELL,LIMIT,1701014033657,651.5,0.831254
MAGICUSDT,SELL,LIMIT,1701014038299,559.6,0.831220
MAGICUSDT,SELL,LIMIT,1701014053502,0.6,0.944188
MAGICUSDT,SELL,LIMIT,1701014387482,175.0,0.831829
MAGICUSDT,SELL,LIMIT,1701014404301,114.4,0.831013
MAGICUSDT,SELL,LIMIT,1701014415332,2290.1,0.829761
MAGICUSDT,BUY,LIMIT,1701014923050,186.5,0.857343
MAGICUSDT,BUY,LIMIT,1701014933342,462.5,0.863940
MAGICUSDT,SELL,LIMIT,1701014941498,1000.0,0.828753
MAGICUSDT,SELL,LIMIT,1701014949373,97.1,0.827843
MAGICUSDT,SELL,LIMIT,1701014956198,13.2,0.827301
MAGICUSDT,SELL,LIMIT,1701014960339,150.2,0.826759
MAGICUSDT,SELL,LIMIT,1701015001076,315.7,0.825399
MAGICUSDT,SELL,LIMIT,1701015007097,208.6,0.824136
MAGICUSDT,SELL,LIMIT,1701015008140,9.8,0.824928
MAGICUSDT,SELL,LIMIT,1701015009908,11.8,0.823297
MAGICUSDT,SELL,LIMIT,1701015011038,49.8,0.822580
MAGICUSDT,SELL,LIMIT,1701015106170,467.9,0.822547
MAGICUSDT,SELL,LIMIT,1701015115209,273.6,0.822198
MAGICUSDT,SELL,LIMIT,1701015116538,26.0,0.822020
MAGICUSDT,SELL,LIMIT,1701015130503,38.6,0.821698
MAGICUSDT,SELL,LIMIT,1701015143257,890.8,0.820816
MAGICUSDT,SELL,LIMIT,1701015167784,100.0,0.819991
MAGICUSDT,SELL,LIMIT,1701015190145,352.6,0.819126
MAGICUSDT,SELL,LIMIT,1701015206964,769.2,0.818638
MAGICUSDT,SELL,LIMIT,1701015209039,278.3,0.818105
MAGICUSDT,SELL,LIMIT,1701015212240,212.2,0.817903
MAGICUSDT,SELL,LIMIT,1701015409788,2576.0,0.816787
MAGICUSDT,SELL,LIMIT,1701015480767,792.4,0.816353
MAGICUSDT,SELL,LIMIT,1701015483215,577.7,0.816148
MAGICUSDT,SELL,LIMIT,1701015514510,79.8,0.814204
MAGICUSDT,SELL,LIMIT,1701015515837,1060.8,0.814025
MAGICUSDT,SELL,LIMIT,1701015525109,274.1,0.813601
MAGICUSDT,SELL,LIMIT,1701015530294,27699.2,0.810046
MAGICUSDT,SELL,LIMIT,1701015533906,312.8,0.812947
MAGICUSDT,SELL,LIMIT,1701015535204,797.2,0.812642
MAGICUSDT,SELL,LIMIT,1701015536651,112.1,0.812176
MAGICUSDT,SELL,LIMIT,1701015537796,6.9,0.811774
MAGICUSDT,SELL,LIMIT,1701015539038,16589.0,0.809036
MAGICUSDT,SELL,LIMIT,1701015640991,4890.0,0.812464
MAGICUSDT,SELL,LIMIT,1701015658287,39.8,0.810605
MAGICUSDT,SELL,LIMIT,1701015659434,204.6,0.809912
MAGICUSDT,SELL,LIMIT,1701015668441,1766.0,0.809769
MAGICUSDT,SELL,LIMIT,1701015671511,14.4,0.809425
MAGICUSDT,SELL,LIMIT,1701015674216,16.0,0.808698
MAGICUSDT,SELL,LIMIT,1701015683328,342.3,0.808164
MAGICUSDT,SELL,LIMIT,1701015684297,116.4,0.807717
MAGICUSDT,SELL,LIMIT,1701015686438,13.8,0.807601
MAGICUSDT,SELL,LIMIT,1701015758082,1526.8,0.806871
MAGICUSDT,SELL,LIMIT,1701015759190,5632.8,0.807221
MAGICUSDT,SELL,LIMIT,1701015761723,6000.0,0.806235
MAGICUSDT,SELL,LIMIT,1701015877406,390.3,0.810173
MAGICUSDT,SELL,LIMIT,1701016014036,55.2,0.810962
MAGICUSDT,SELL,LIMIT,1701016032240,11340.8,0.815894
MAGICUSDT,SELL,LIMIT,1701016041921,2970.6,0.806342
MAGICUSDT,SELL,LIMIT,1701016043256,7.0,0.805582
MAGICUSDT,SELL,LIMIT,1701016044561,938.0,0.804878
MAGICUSDT,SELL,LIMIT,1701016045992,4285.5,0.804619
MAGICUSDT,SELL,LIMIT,1701016047128,245.1,0.804036
MAGICUSDT,SELL,LIMIT,1701016048499,271.5,0.803683
MAGICUSDT,SELL,LIMIT,1701016050334,324.5,0.803246
MAGICUSDT,SELL,LIMIT,1701016051978,1565.9,0.803140
MAGICUSDT,SELL,LIMIT,1701016100061,24.0,0.804573
MAGICUSDT,SELL,LIMIT,1701016101623,3720.2,0.804139
MAGICUSDT,SELL,LIMIT,1701016103487,2000.0,0.802801
MAGICUSDT,BUY,LIMIT,1701018422273,254.6,0.864600
MAGICUSDT,BUY,LIMIT,1701018428215,330.7,0.865466
MAGICUSDT,BUY,LIMIT,1701018450407,474.8,0.868721
MAGICUSDT,BUY,LIMIT,1701018515950,3832.8,0.871490
MAGICUSDT,BUY,LIMIT,1701018538680,40.4,0.872398
MAGICUSDT,BUY,LIMIT,1701020665516,69.3,0.876636
MAGICUSDT,BUY,LIMIT,1701021977055,192.1,0.876805
MAGICUSDT,BUY,LIMIT,1701021979201,847.2,0.877708
MAGICUSDT,BUY,LIMIT,1701022133856,7.1,0.885198
MAGICUSDT,BUY,LIMIT,1701022276306,33.5,0.886845
MAGICUSDT,BUY,LIMIT,1701022290537,2381.8,0.887833
MAGICUSDT,BUY,LIMIT,1701022292245,1999.5,0.888131
MAGICUSDT,BUY,LIMIT,1701022295189,1405.7,0.888335
MAGICUSDT,BUY,LIMIT,1701022305586,236.0,0.889287
MAGICUSDT,BUY,LIMIT,1701022322965,1797.1,0.890741
MAGICUSDT,BUY,LIMIT,1701031591896,220.7,0.872085
MAGICUSDT,BUY,LIMIT,1701036164350,177.9,0.880801
MAGICUSDT,BUY,LIMIT,1701039066856,686.1,0.888302
MAGICUSDT,BUY,LIMIT,1701044929614,48.2,0.894223
MAGICUSDT,BUY,LIMIT,1701044942612,81.5,0.895099
MAGICUSDT,SELL,LIMIT,1701046338911,27.1,0.834920
MAGICUSDT,SELL,LIMIT,1701046449090,1189.8,0.832639
MAGICUSDT,SELL,LIMIT,1701046660748,228.9,0.830181
MAGICUSDT,SELL,LIMIT,1701048126024,2296.2,0.827710
MAGICUSDT,SELL,LIMIT,1701048253392,101.0,0.825006
MAGICUSDT,SELL,LIMIT,1701048261913,1211.8,0.824966
MAGICUSDT,SELL,LIMIT,1701048264716,2815.1,0.824665
MAGICUSDT,SELL,LIMIT,1701048301002,100.0,0.822247
MAGICUSDT,SELL,LIMIT,1701048535174,109.1,0.821637
MAGICUSDT,SELL,LIMIT,1701049281708,11.3,0.821236
MAGICUSDT,SELL,LIMIT,1701049286438,5781.4,0.820862
MAGICUSDT,SELL,LIMIT,1701049345337,463.9,0.819254
MAGICUSDT,SELL,LIMIT,1701049361122,293.7,0.818734
MAGICUSDT,SELL,LIMIT,1701049560236,71.3,0.818380
MAGICUSDT,SELL,LIMIT,1701049561885,17.0,0.818164
MAGICUSDT,SELL,LIMIT,1701051352623,12.4,0.822074
MAGICUSDT,SELL,LIMIT,1701055567377,17.8,0.830355
MAGICUSDT,SELL,LIMIT,1701056012456,663.8,0.830257
MAGICUSDT,SELL,LIMIT,1701056140909,12338.1,0.824888
MAGICUSDT,SELL,LIMIT,1701058829326,957.5,0.827709
MAGICUSDT,SELL,LIMIT,1701063317451,7.5,0.819378
MAGICUSDT,SELL,LIMIT,1701063518350,116.4,0.815706
