Symbol,Side,Order Type,Time,Quantity,Price
MAGICUSDT,BUY,LIMIT,1701067578825,119.3,0.849147
MAGICUSDT,BUY,LIMIT,1701067815679,4.7,0.730321
MAGICUSDT,SELL,LIMIT,1701067842258,676.1,0.813253
MAGICUSDT,SELL,LIMIT,1701067843608,11.6,0.813074
MAGICUSDT,BUY,LIMIT,1701068052268,5882.3,0.842030
MAGICUSDT,BUY,LIMIT,1701068078085,3951.6,0.843167
MAGICUSDT,SELL,LIMIT,1701068158817,4265.2,0.810455
MAGICUSDT,SELL,LIMIT,1701068164255,3666.5,0.810102
MAGICUSDT,SELL,LIMIT,1701068167854,1052.7,0.809634
MAGICUSDT,SELL,LIMIT,1701068407934,28.7,0.809202
MAGICUSDT,SELL,LIMIT,1701068951653,139.2,0.810065
MAGICUSDT,BUY,LIMIT,1701068952888,4526.5,0.842072
MAGICUSDT,BUY,LIMIT,1701068997365,14.1,0.000000
MAGICUSDT,SELL,LIMIT,1701069115273,1572.7,0.806353
MAGICUSDT,SELL,LIMIT,1701069136121,41.8,0.806247
MAGICUSDT,SELL,LIMIT,1701069502424,70.1,0.801958
MAGICUSDT,SELL,LIMIT,1701069516260,14.3,0.800999
MAGICUSDT,SELL,LIMIT,1701069517287,4303.4,0.801068
MAGICUSDT,SELL,LIMIT,1701069521551,44.6,0.800560
MAGICUSDT,SELL,LIMIT,1701069547814,168.3,0.800116
MAGICUSDT,SELL,LIMIT,1701069555193,11.2,0.799706
MAGICUSDT,SELL,LIMIT,1701069572066,943.5,0.799228
MAGICUSDT,SELL,LIMIT,1701069575065,3728.1,0.798742
MAGICUSDT,SELL,LIMIT,1701069778644,724.6,0.802898
MAGICUSDT,SELL,LIMIT,1701069808078,899.7,0.799628
MAGICUSDT,SELL,LIMIT,1701069850598,41.6,0.798051
MAGICUSDT,SELL,LIMIT,1701069858220,67.0,0.797823
MAGICUSDT,SELL,LIMIT,1701069859924,31.3,0.797640
MAGICUSDT,SELL,LIMIT,1701069880887,110.2,0.797516
MAGICUSDT,SELL,LIMIT,1701069883462,104.8,0.798146
MAGICUSDT,SELL,LIMIT,1701069885204,6292.9,0.796929
MAGICUSDT,SELL,LIMIT,1701069899107,1452.4,0.795490
MAGICUSDT,BUY,LIMIT,1701073978805,145.7,0.861287
MAGICUSDT,BUY,LIMIT,1701073983474,27.0,0.861367
MAGICUSDT,BUY,LIMIT,1701074340452,55.7,0.861983
MAGICUSDT,BUY,LIMIT,1701074348548,137.3,0.859609
MAGICUSDT,BUY,LIMIT,1701074370612,979.0,0.862909
MAGICUSDT,BUY,LIMIT,1701074979214,11.2,0.850332
MAGICUSDT,BUY,LIMIT,1701078566174,66.6,0.868853
MAGICUSDT,SELL,LIMIT,1701082578244,1719.4,0.818614
MAGICUSDT,SELL,LIMIT,1701086710291,971.9,0.823001
MAGICUSDT,SELL,LIMIT,1701089906721,5.9,0.812422
MAGICUSDT,SELL,LIMIT,1701089919633,260.5,0.811938
MAGICUSDT,SELL,LIMIT,1701089949203,468.4,0.811079
MAGICUSDT,BUY,LIMIT,1701091258126,43.1,0.860745
MAGICUSDT,BUY,LIMIT,1701093829175,55.3,0.869300
MAGICUSDT,BUY,LIMIT,1701098998454,8.4,0.874588
MAGICUSDT,BUY,LIMIT,1701099025602,189.6,0.875839
MAGICUSDT,BUY,LIMIT,1701099036996,598.5,0.877002
MAGICUSDT,BUY,LIMIT,1701099048571,196.5,0.879098
MAGICUSDT,BUY,LIMIT,1701099053171,59.7,0.879375
MAGICUSDT,BUY,LIMIT,1701099054215,196.9,0.879522
MAGICUSDT,BUY,LIMIT,1701100540313,295.8,0.850726
MAGICUSDT,BUY,LIMIT,1701100563412,1500.0,0.858432
MAGICUSDT,SELL,LIMIT,1701100901324,119.1,0.821309
MAGICUSDT,SELL,LIMIT,1701101071224,40.6,0.821681
MAGICUSDT,SELL,LIMIT,1701101164503,441.4,0.818652
MAGICUSDT,SELL,LIMIT,1701101185297,713.0,0.818322
MAGICUSDT,SELL,LIMIT,1701101735929,190.0,0.814963
MAGICUSDT,SELL,LIMIT,1701103595460,136.3,0.828280
MAGICUSDT,BUY,LIMIT,1701105222446,39.8,0.874944
MAGICUSDT,SELL,LIMIT,1701107687322,4283.7,0.814096
MAGICUSDT,SELL,LIMIT,1701107730771,123.4,0.812340
MAGICUSDT,SELL,LIMIT,1701111206691,23.0,0.811751
MAGICUSDT,SELL,LIMIT,1701111217126,585.4,0.811327
MAGICUSDT,SELL,LIMIT,1701111230549,30.5,0.810642
MAGICUSDT,SELL,LIMIT,1701111922957,418.7,0.807682
MAGICUSDT,SELL,LIMIT,1701112056899,5000.0,0.806280
MAGICUSDT,SELL,LIMIT,1701112118052,48.7,0.805576
MAGICUSDT,SELL,LIMIT,1701114045214,531.7,0.804895
MAGICUSDT,SELL,LIMIT,1701114218451,1821.5,0.803705
MAGICUSDT,SELL,LIMIT,1701114233571,238.2,0.802490
MAGICUSDT,SELL,LIMIT,1701114238669,182.5,0.801318
MAGICUSDT,SELL,LIMIT,1701114341165,13.5,0.800299
MAGICUSDT,SELL,LIMIT,1701114342296,28.4,0.799665
MAGICUSDT,BUY,LIMIT,1701114456079,2470.0,0.809242
MAGICUSDT,SELL,LIMIT,1701114467276,312.1,0.798340
MAGICUSDT,SELL,LIMIT,1701114470788,946.2,0.797787
MAGICUSDT,SELL,LIMIT,1701114474091,5169.4,0.797760
MAGICUSDT,SELL,LIMIT,1701114531185,384.3,0.797937
MAGICUSDT,SELL,LIMIT,1701116735534,350.0,0.797998
MAGICUSDT,SELL,LIMIT,1701116770234,44.3,0.795972
MAGICUSDT,SELL,LIMIT,1701116999514,132.2,0.794940
MAGICUSDT,SELL,LIMIT,1701117096089,3174.7,0.794603
MAGICUSDT,SELL,LIMIT,1701117661582,123.8,0.794077
MAGICUSDT,SELL,LIMIT,1701117926827,29.0,0.793849
MAGICUSDT,SELL,LIMIT,1701118072852,285.5,0.792036
MAGICUSDT,BUY,LIMIT,1701128347003,123.6,0.848730
MAGICUSDT,BUY,LIMIT,1701131094715,121.5,0.858502
MAGICUSDT,BUY,LIMIT,1701131214276,89.8,0.859412
MAGICUSDT,BUY,LIMIT,1701131333578,53.0,0.862304
MAGICUSDT,BUY,LIMIT,1701131906740,73.9,0.862772
MAGICUSDT,BUY,LIMIT,1701132014345,121.4,0.864208
MAGICUSDT,BUY,LIMIT,1701132080159,214.6,0.864644
MAGICUSDT,BUY,LIMIT,1701132103009,76.3,0.865381
MAGICUSDT,BUY,LIMIT,1701132323169,101.0,0.867844
MAGICUSDT,BUY,LIMIT,1701132325334,41.9,0.867963
MAGICUSDT,BUY,LIMIT,1701132950991,43.7,0.869572
MAGICUSDT,SELL,LIMIT,1701135182099,82.7,0.817902
MAGICUSDT,BUY,LIMIT,1701144956012,13.5,0.824202
MAGICUSDT,SELL,LIMIT,1701145708304,105.2,0.792199
MAGICUSDT,SELL,LIMIT,1701145761148,361.9,0.791788
MAGICUSDT,SELL,LIMIT,1701145766586,98.4,0.791610
MAGICUSDT,SELL,LIMIT,1701146013048,163.3,0.789455
MAGICUSDT,SELL,LIMIT,1701146057343,263.8,0.788916
MAGICUSDT,SELL,LIMIT,1701146507039,262.5,0.787895
MAGICUSDT,SELL,LIMIT,1701146533277,48.2,0.786874
MAGICUSDT,SELL,LIMIT,1701146615319,245.1,0.786064
MAGICUSDT,SELL,LIMIT,1701146896513,248.6,0.783594
MAGICUSDT,SELL,LIMIT,1701146964402,2646.0,0.783358
MAGICUSDT,SELL,LIMIT,1701146967863,37.6,0.782891
MAGICUSDT,SELL,LIMIT,1701147185457,6.8,0.782024
MAGICUSDT,SELL,LIMIT,1701147188329,2213.1,0.781524
MAGICUSDT,SELL,LIMIT,1701147243294,438.5,0.780851
MAGICUSDT,SELL,LIMIT,1701147444587,290.3,0.779680
MAGICUSDT,SELL,LIMIT,1701147577335,243.6,0.778982
MAGICUSDT,SELL,LIMIT,1701147586170,6022.3,0.778657
MAGICUSDT,SELL,LIMIT,1701147609320,483.6,0.778119
MAGICUSDT,SELL,LIMIT,1701147633106,2322.9,0.777985
MAGICUSDT,SELL,LIMIT,1701147920253,56.8,0.776953
MAGICUSDT,SELL,LIMIT,1701148008298,16.2,0.775863
MAGICUSDT,SELL,LIMIT,1701148195629,881.1,0.775562
MAGICUSDT,SELL,LIMIT,1701148239796,208.8,0.774259
MAGICUSDT,SELL,LIMIT,1701148241079,1000.0,0.773958
MAGICUSDT,SELL,LIMIT,1701148959646,98.5,0.773609
MAGICUSDT,SELL,LIMIT,1701149110996,6000.0,0.772996
MAGICUSDT,SELL,LIMIT,1701149502837,501.9,0.772121
MAGICUSDT,SELL,LIMIT,1701149751622,740.0,0.770696
MAGICUSDT,SELL,LIMIT,1701149841193,980.1,0.769744
MAGICUSDT,SELL,LIMIT,1701149849543,15965.8,0.766806
MAGICUSDT,SELL,LIMIT,1701149850750,7.8,0.768646
MAGICUSDT,SELL,LIMIT,1701149882466,5340.7,0.768093
MAGICUSDT,SELL,LIMIT,1701150520251,117.4,0.766698
MAGICUSDT,SELL,LIMIT,1701150521417,453.2,0.766203
MAGICUSDT,SELL,LIMIT,1701150541489,47.2,0.765493
MAGICUSDT,SELL,LIMIT,1701150712393,250.0,0.764952
MAGICUSDT,SELL,LIMIT,1701151085199,23.5,0.764814
MAGICUSDT,SELL,LIMIT,1701151263536,667.4,0.763232
MAGICUSDT,SELL,LIMIT,1701162042772,7.9,0.762604
MAGICUSDT,SELL,LIMIT,1701162051931,43.7,0.761457
MAGICUSDT,SELL,LIMIT,1701162850180,7.6,0.758130
MAGICUSDT,BUY,LIMIT,1701172164317,44.9,0.817958
MAGICUSDT,BUY,LIMIT,1701172284374,23.0,0.821158
MAGICUSDT,BUY,LIMIT,1701172348709,383.0,0.821953
MAGICUSDT,BUY,LIMIT,1701172449513,2271.0,0.822941
MAGICUSDT,BUY,LIMIT,1701172463333,127.5,0.823017
MAGICUSDT,BUY,LIMIT,1701172601721,2115.2,0.829868
MAGICUSDT,BUY,LIMIT,1701172636331,249.9,0.830969
MAGICUSDT,BUY,LIMIT,1701172646531,25.9,0.832856
MAGICUSDT,BUY,LIMIT,1701189842145,90.1,0.818574
MAGICUSDT,SELL,LIMIT,1701189996224,10.2,0.826478
MAGICUSDT,BUY,LIMIT,1701192640597,75.2,0.830436
MAGICUSDT,SELL,LIMIT,1701197838334,13.2,0.783413
MAGICUSDT,BUY,LIMIT,1701197853507,9.5,0.694110
MAGICUSDT,BUY,LIMIT,1701200495727,3233.7,0.817968
MAGICUSDT,SELL,LIMIT,1701211958288,3079.1,0.783270
MAGICUSDT,SELL,LIMIT,1701222589635,6243.7,0.774499
MAGICUSDT,SELL,LIMIT,1701223428813,62.4,0.774799
MAGICUSDT,SELL,LIMIT,1701223566467,127.5,0.772380
MAGICUSDT,SELL,LIMIT,1701223574529,5926.9,0.772196
MAGICUSDT,BUY,LIMIT,1701229334433,294.9,0.814234
MAGICUSDT,BUY,LIMIT,1701229993088,203.6,0.827256
MAGICUSDT,BUY,LIMIT,1701232522284,126.1,0.832320
MAGICUSDT,BUY,LIMIT,1701233602753,72.9,0.838045
MAGICUSDT,BUY,LIMIT,1701233607390,90.3,0.838944
MAGICUSDT,BUY,LIMIT,1701233750049,125.0,0.839840
MAGICUSDT,BUY,LIMIT,1701233757208,13.7,0.840316
MAGICUSDT,BUY,LIMIT,1701234369832,49.6,0.844331
MAGICUSDT,BUY,LIMIT,1701234460250,716.8,0.846956
MAGICUSDT,BUY,LIMIT,1701234465895,45.6,0.847084
MAGICUSDT,BUY,LIMIT,1701234598077,118.9,0.850102
MAGICUSDT,SELL,LIMIT,1701242055249,177.8,0.792021
MAGICUSDT,SELL,LIMIT,1701242411114,73.0,0.789766
MAGICUSDT,SELL,LIMIT,1701242412376,90.0,0.789671
MAGICUSDT,SELL,LIMIT,1701242463597,2445.8,0.788317
MAGICUSDT,SELL,LIMIT,1701242498827,122.9,0.787781
MAGICUSDT,SELL,LIMIT,1701243023456,4288.9,0.785507
MAGICUSDT,SELL,LIMIT,1701243367687,113.3,0.781300
MAGICUSDT,SELL,LIMIT,1701243517082,600.7,0.779979
MAGICUSDT,SELL,LIMIT,1701243635915,1832.6,0.779440
MAGICUSDT,SELL,LIMIT,1701245837359,13.8,0.777598
MAGICUSDT,SELL,LIMIT,1701253049349,51.3,0.776842
MAGICUSDT,SELL,LIMIT,1701253058681,2359.6,0.776014
MAGICUSDT,SELL,LIMIT,1701253326821,11.2,0.774493
MAGICUSDT,SELL,LIMIT,1701253413153,330.5,0.784135
MAGICUSDT,SELL,LIMIT,1701253617202,993.6,0.772514
MAGICUSDT,SELL,LIMIT,1701253618747,50.8,0.772349
MAGICUSDT,SELL,LIMIT,1701253649851,1039.9,0.771730
MAGICUSDT,SELL,LIMIT,1701253651414,75.1,0.771133
MAGICUSDT,SELL,LIMIT,1701253721749,5410.3,0.769715
MAGICUSDT,SELL,LIMIT,1701254293372,6.2,0.768090
MAGICUSDT,SELL,LIMIT,1701254334470,495.6,0.766967
MAGICUSDT,SELL,LIMIT,1701254338054,829.1,0.766757
MAGICUSDT,SELL,LIMIT,1701254361756,882.8,0.765625
MAGICUSDT,SELL,LIMIT,1701254412507,94.7,0.764963
MAGICUSDT,SELL,LIMIT,1701254414877,429.6,0.764528
MAGICUSDT,SELL,LIMIT,1701254419502,5460.8,0.763854
MAGICUSDT,SELL,LIMIT,1701254634691,373.1,0.763484
MAGICUSDT,SELL,LIMIT,1701254645456,107.7,0.762960
