Symbol,Side,Order Type,Time,Quantity,Price
MANAUSDT,SELL,LIMIT,1701067320297,939,0.4392
MANAUSDT,SELL,LIMIT,1701067751864,11319,0.4396
MANAUSDT,SELL,LIMIT,1701067865009,10822,0.4374
MANAUSDT,SELL,LIMIT,1701068020904,97,0.4377
MANAUSDT,SELL,LIMIT,1701068084383,124,0.4369
MANAUSDT,SELL,LIMIT,1701068105734,8659,0.4365
MANAUSDT,SELL,LIMIT,1701068110814,13317,0.4362
MANAUSDT,SELL,LIMIT,1701068112126,1518,0.4362
MANAUSDT,SELL,LIMIT,1701068113325,1089,0.4362
MANAUSDT,SELL,LIMIT,1701068121203,3800,0.4360
MANAUSDT,SELL,LIMIT,1701068130227,250,0.4361
MANAUSDT,SELL,LIMIT,1701068147703,7,0.4359
MANAUSDT,SELL,LIMIT,1701068150995,104,0.4354
MANAUSDT,SELL,LIMIT,1701068152582,4714,0.4352
MANAUSDT,SELL,LIMIT,1701068250326,20,0.4354
MANAUSDT,SELL,LIMIT,1701068253326,312,0.4432
MANAUSDT,SELL,LIMIT,1701068283778,1581,0.4348
MANAUSDT,SELL,LIMIT,1701068286314,1338,0.4347
MANAUSDT,SELL,LIMIT,1701068287605,124,0.4347
MANAUSDT,SELL,LIMIT,1701068365295,80500,0.4339
MANAUSDT,SELL,LIMIT,1701068367579,494,0.4345
MANAUSDT,SELL,LIMIT,1701068368983,347,0.4344
MANAUSDT,SELL,LIMIT,1701068905690,3,0.4351
MANAUSDT,SELL,LIMIT,1701069512730,597,0.4343
MANAUSDT,SELL,LIMIT,1701069516791,11004,0.4340
MANAUSDT,SELL,LIMIT,1701069517996,21,0.4340
MANAUSDT,SELL,LIMIT,1701069523168,6000,0.4335
MANAUSDT,SELL,LIMIT,1701069548307,3531,0.4334
MANAUSDT,SELL,LIMIT,1701069551295,59,0.4331
MANAUSDT,SELL,LIMIT,1701069796052,1116,0.4333
MANAUSDT,SELL,LIMIT,1701069826602,4382,0.4325
MANAUSDT,SELL,LIMIT,1701069838601,83,0.4325
MANAUSDT,SELL,LIMIT,1701069879829,14044,0.4314
MANAUSDT,SELL,LIMIT,1701069881080,8290,0.4314
MANAUSDT,SELL,LIMIT,1701069882468,2150,0.4310
MANAUSDT,SELL,LIMIT,1701069883827,588,0.4311
MANAUSDT,SELL,LIMIT,1701069885148,4642,0.4307
MANAUSDT,SELL,LIMIT,1701069886166,52,0.4310
MANAUSDT,SELL,LIMIT,1701069890109,22,0.4307
MANAUSDT,SELL,LIMIT,1701069899688,488,0.4306
MANAUSDT,SELL,LIMIT,1701069901990,438,0.4306
MANAUSDT,SELL,LIMIT,1701070167321,802,0.4304
MANAUSDT,SELL,LIMIT,1701070169139,213,0.4303
MANAUSDT,SELL,LIMIT,1701070170346,67,0.4303
MANAUSDT,SELL,LIMIT,1701070172199,125,0.4299
MANAUSDT,SELL,LIMIT,1701070439233,236,0.4295
MANAUSDT,SELL,LIMIT,1701070440096,1000,0.4293
MANAUSDT,SELL,LIMIT,1701076952821,5000,0.4352
MANAUSDT,SELL,LIMIT,1701077399082,3,0.4351
MANAUSDT,SELL,LIMIT,1701081440400,847,0.4319
MANAUSDT,SELL,LIMIT,1701081450123,4217,0.4313
MANAUSDT,SELL,LIMIT,1701081460167,1086,0.4309
MANAUSDT,SELL,LIMIT,1701082218821,265,0.4304
MANAUSDT,SELL,LIMIT,1701082498140,11400,0.4302
MANAUSDT,SELL,LIMIT,1701082500153,680,0.4299
MANAUSDT,SELL,LIMIT,1701082632669,2579,0.4296
MANAUSDT,SELL,LIMIT,1701082638242,446,0.4296
MANAUSDT,SELL,LIMIT,1701082651371,33932,0.4290
MANAUSDT,SELL,LIMIT,1701082652756,1423,0.4292
MANAUSDT,SELL,LIMIT,1701082668977,58,0.4290
MANAUSDT,SELL,LIMIT,1701082670157,1958,0.4288
MANAUSDT,SELL,LIMIT,1701082672870,1927,0.4289
MANAUSDT,SELL,LIMIT,1701082674969,15000,0.4288
MANAUSDT,SELL,LIMIT,1701082678852,63,0.4287
MANAUSDT,BUY,LIMIT,1701090860244,929,0.4453
MANAUSDT,BUY,LIMIT,1701092887820,12,0.4418
MANAUSDT,SELL,LIMIT,1701095011669,514,0.4328
MANAUSDT,SELL,LIMIT,1701095341801,11250,0.4332
MANAUSDT,SELL,LIMIT,1701095596489,11339,0.4319
MANAUSDT,SELL,LIMIT,1701096472578,450,0.4325
MANAUSDT,SELL,LIMIT,1701097076191,39,0.4308
MANAUSDT,SELL,LIMIT,1701097087992,2522,0.4305
MANAUSDT,SELL,LIMIT,1701097091049,20119,0.4302
MANAUSDT,SELL,LIMIT,1701097095271,8639,0.4297
MANAUSDT,SELL,LIMIT,1701097101068,3149,0.4294
MANAUSDT,SELL,LIMIT,1701100523824,444,0.4370
MANAUSDT,SELL,LIMIT,1701100542144,378,0.4336
MANAUSDT,SELL,LIMIT,1701100554158,37002,0.4330
MANAUSDT,SELL,LIMIT,1701100564216,7483,0.4331
MANAUSDT,SELL,LIMIT,1701100640439,6279,0.4319
MANAUSDT,SELL,LIMIT,1701100643403,158,0.4316
MANAUSDT,SELL,LIMIT,1701101140921,653,0.4330
MANAUSDT,SELL,LIMIT,1701101174315,2393,0.4328
MANAUSDT,SELL,LIMIT,1701101243560,8439,0.4332
MANAUSDT,BUY,LIMIT,1701103608883,11470,0.4449
MANAUSDT,SELL,LIMIT,1701107455097,4543,0.4353
MANAUSDT,SELL,LIMIT,1701111134407,125,0.4325
MANAUSDT,SELL,LIMIT,1701111170134,3673,0.4322
MANAUSDT,SELL,LIMIT,1701111192067,11371,0.4321
MANAUSDT,SELL,LIMIT,1701111319634,90,0.4315
MANAUSDT,SELL,LIMIT,1701111320857,3351,0.4311
MANAUSDT,SELL,LIMIT,1701111581054,5555,0.4305
MANAUSDT,SELL,LIMIT,1701111858453,9800,0.4319
MANAUSDT,SELL,LIMIT,1701111969304,1190,0.4303
MANAUSDT,SELL,LIMIT,1701111971899,24,0.4301
MANAUSDT,SELL,LIMIT,1701111994157,11294,0.4296
MANAUSDT,SELL,LIMIT,1701112119590,912,0.4292
MANAUSDT,SELL,LIMIT,1701112165533,27,0.4291
MANAUSDT,SELL,LIMIT,1701114228448,1244,0.4289
MANAUSDT,SELL,LIMIT,1701114233835,200,0.4290
MANAUSDT,SELL,LIMIT,1701114238164,11439,0.4282
MANAUSDT,SELL,LIMIT,1701114353090,338,0.4268
MANAUSDT,SELL,LIMIT,1701114356607,61,0.4270
MANAUSDT,SELL,LIMIT,1701114368763,18,0.4272
MANAUSDT,SELL,LIMIT,1701114471426,1148,0.4266
MANAUSDT,SELL,LIMIT,1701114472606,19,0.4265
MANAUSDT,SELL,LIMIT,1701114474046,48,0.4262
MANAUSDT,SELL,LIMIT,1701114478542,472,0.4261
MANAUSDT,SELL,LIMIT,1701114492073,90,0.4260
MANAUSDT,SELL,LIMIT,1701114496302,1686,0.4258
MANAUSDT,SELL,LIMIT,1701114497481,73,0.4258
MANAUSDT,SELL,LIMIT,1701114503850,536,0.4256
MANAUSDT,SELL,LIMIT,1701114528060,13,0.4251
MANAUSDT,SELL,LIMIT,1701114529107,6037,0.4249
MANAUSDT,SELL,LIMIT,1701114531184,555,0.4249
MANAUSDT,SELL,LIMIT,1701116877190,508,0.4263
MANAUSDT,SELL,LIMIT,1701117096784,146,0.4260
MANAUSDT,BUY,LIMIT,1701126094044,46,0.4371
MANAUSDT,BUY,LIMIT,1701126728943,2705,0.4393
MANAUSDT,BUY,LIMIT,1701128086338,98,0.4425
MANAUSDT,BUY,LIMIT,1701128110326,17802,0.4442
MANAUSDT,BUY,LIMIT,1701128358906,180,0.4441
MANAUSDT,SELL,LIMIT,1701146917152,13,0.4276
MANAUSDT,SELL,LIMIT,1701147196070,1183,0.4272
MANAUSDT,SELL,LIMIT,1701147290288,576,0.4271
MANAUSDT,SELL,LIMIT,1701147368145,4042,0.4267
MANAUSDT,SELL,LIMIT,1701147895392,3058,0.4251
MANAUSDT,SELL,LIMIT,1701147925948,85,0.4247
MANAUSDT,SELL,LIMIT,1701147928209,20000,0.4242
MANAUSDT,SELL,LIMIT,1701147930482,32,0.4243
MANAUSDT,SELL,LIMIT,1701147940730,1294,0.4242
MANAUSDT,SELL,LIMIT,1701148009187,6563,0.4239
MANAUSDT,SELL,LIMIT,1701148127071,431,0.4239
MANAUSDT,SELL,LIMIT,1701148135267,2619,0.4237
MANAUSDT,SELL,LIMIT,1701148220870,1122,0.4234
MANAUSDT,SELL,LIMIT,1701148239713,57,0.4227
MANAUSDT,SELL,LIMIT,1701149069033,4257,0.4227
MANAUSDT,SELL,LIMIT,1701149073565,118,0.4225
MANAUSDT,SELL,LIMIT,1701149076653,113,0.4225
MANAUSDT,SELL,LIMIT,1701149091680,3435,0.4223
MANAUSDT,SELL,LIMIT,1701149130282,2281,0.4222
MANAUSDT,SELL,LIMIT,1701149136092,2755,0.4216
MANAUSDT,SELL,LIMIT,1701149771344,120,0.4222
MANAUSDT,SELL,LIMIT,1701149845729,10000,0.4218
MANAUSDT,SELL,LIMIT,1701149848096,346820,0.4161
MANAUSDT,SELL,LIMIT,1701149850117,2000,0.4210
MANAUSDT,SELL,LIMIT,1701149852390,5756,0.4219
MANAUSDT,SELL,LIMIT,1701149883380,2042,0.4206
MANAUSDT,SELL,LIMIT,1701149892245,9337,0.4203
MANAUSDT,SELL,LIMIT,1701149896199,150,0.4204
MANAUSDT,SELL,LIMIT,1701149902716,87,0.4202
MANAUSDT,BUY,LIMIT,1701153317114,288,0.4332
MANAUSDT,SELL,LIMIT,1701156562240,38,0.4233
MANAUSDT,BUY,LIMIT,1701158118623,330,0.4338
MANAUSDT,SELL,LIMIT,1701165050320,85,0.5019
MANAUSDT,BUY,LIMIT,1701167573287,254,0.4355
MANAUSDT,BUY,LIMIT,1701170490316,330,0.4367
MANAUSDT,BUY,LIMIT,1701192281567,49,0.4435
MANAUSDT,BUY,LIMIT,1701193297420,1269,0.4436
MANAUSDT,BUY,LIMIT,1701194482106,377,0.4442
MANAUSDT,SELL,LIMIT,1701197856583,245,0.4358
MANAUSDT,SELL,LIMIT,1701197860370,1096,0.4358
MANAUSDT,BUY,LIMIT,1701200475212,25,0.4442
MANAUSDT,BUY,LIMIT,1701215197108,39,0.4474
MANAUSDT,SELL,LIMIT,1701227106304,20,0.4358
MANAUSDT,BUY,LIMIT,1701239346679,101,0.4431
MANAUSDT,SELL,LIMIT,1701247664330,953,0.4394
MANAUSDT,SELL,LIMIT,1701248659549,96,0.4406
MANAUSDT,SELL,LIMIT,1701254048364,11357,0.4357
MANAUSDT,SELL,LIMIT,1701254051132,4569,0.4358
MANAUSDT,SELL,LIMIT,1701254065069,60,0.4353
MANAUSDT,SELL,LIMIT,1701254356004,1214,0.4344
MANAUSDT,SELL,LIMIT,1701254414162,172,0.4334
MANAUSDT,SELL,LIMIT,1701254417424,500,0.4332
MANAUSDT,SELL,LIMIT,1701254420106,1943,0.4328
