Symbol,Side,Order Type,Time,Quantity,Price
MANAUSDT,SELL,LIMIT,1700852955682,1067,0.4069
MANAUSDT,SELL,LIMIT,1700853756101,152,0.4065
MANAUSDT,SELL,LIMIT,1700863963536,4513,0.4088
MANAUSDT,SELL,LIMIT,1700867694984,128,0.4076
MANAUSDT,BUY,LIMIT,1700871411234,1141,0.4154
MANAUSDT,SELL,LIMIT,1700875343251,442,0.4147
MANAUSDT,BUY,LIMIT,1700876193646,633,0.4213
MANAUSDT,BUY,LIMIT,1700876369284,964,0.4220
MANAUSDT,BUY,LIMIT,1700876372315,553,0.4221
MANAUSDT,BUY,LIMIT,1700876455451,2541,0.4225
MANAUSDT,BUY,LIMIT,1700876656041,302,0.4228
MANAUSDT,BUY,LIMIT,1700876832015,2819,0.4233
MANAUSDT,BUY,LIMIT,1700877247902,4845,0.4235
MANAUSDT,BUY,LIMIT,1700877776209,336,0.4253
MANAUSDT,BUY,LIMIT,1700878296546,16,0.4260
MANAUSDT,BUY,LIMIT,1700878964586,776,0.4267
MANAUSDT,BUY,LIMIT,1700879069315,1726,0.4277
MANAUSDT,BUY,LIMIT,1700879272438,59,0.4297
MANAUSDT,BUY,LIMIT,1700879274135,132108,0.4318
MANAUSDT,BUY,LIMIT,1700879275303,2963,0.4310
MANAUSDT,BUY,LIMIT,1700879280924,4310,0.4316
MANAUSDT,BUY,LIMIT,1700880624736,13,0.4328
MANAUSDT,BUY,LIMIT,1700880626710,202,0.4330
MANAUSDT,BUY,LIMIT,1700881748757,1401,0.4343
MANAUSDT,BUY,LIMIT,1700881751228,3706,0.4345
MANAUSDT,BUY,LIMIT,1700883842404,37,0.4346
MANAUSDT,BUY,LIMIT,1700883863139,1982,0.4358
MANAUSDT,BUY,LIMIT,1700883864988,39,0.4359
MANAUSDT,BUY,LIMIT,1700883871834,2000,0.4361
MANAUSDT,BUY,LIMIT,1700883932120,5088,0.4369
MANAUSDT,BUY,LIMIT,1700883939336,786,0.4371
MANAUSDT,BUY,LIMIT,1700883958861,2277,0.4374
MANAUSDT,BUY,LIMIT,1700885570855,22024,0.4391
MANAUSDT,BUY,LIMIT,1700886077301,556,0.4397
MANAUSDT,BUY,LIMIT,1700886123363,1960,0.4401
MANAUSDT,BUY,LIMIT,1700886135943,3000,0.4406
MANAUSDT,BUY,LIMIT,1700886137263,641,0.4411
MANAUSDT,BUY,LIMIT,1700887088119,5129,0.4417
MANAUSDT,BUY,LIMIT,1700887089196,813,0.4418
MANAUSDT,BUY,LIMIT,1700887091431,74,0.4419
MANAUSDT,BUY,LIMIT,1700887109442,2038,0.4423
MANAUSDT,BUY,LIMIT,1700887188571,675,0.4425
MANAUSDT,BUY,LIMIT,1700887970260,481,0.4428
MANAUSDT,BUY,LIMIT,1700888015041,17091,0.4441
MANAUSDT,BUY,LIMIT,1700888037097,12146,0.4448
MANAUSDT,BUY,LIMIT,1700888064290,542,0.4454
MANAUSDT,BUY,LIMIT,1700888071139,55,0.4459
MANAUSDT,BUY,LIMIT,1700888199212,189,0.4475
MANAUSDT,BUY,LIMIT,1700888650324,1166,0.4478
MANAUSDT,BUY,LIMIT,1700888652223,13034,0.4480
MANAUSDT,BUY,LIMIT,1700888922235,79,0.4510
MANAUSDT,SELL,LIMIT,1700893361318,1103,0.4348
MANAUSDT,SELL,LIMIT,1700893601226,24045,0.4332
MANAUSDT,BUY,LIMIT,1700896677634,5628,0.4439
MANAUSDT,BUY,LIMIT,1700896682184,693,0.4440
MANAUSDT,BUY,LIMIT,1700896700213,4128,0.4445
MANAUSDT,BUY,LIMIT,1700896764499,253,0.4453
MANAUSDT,BUY,LIMIT,1700896804549,326,0.4466
MANAUSDT,BUY,LIMIT,1700898265124,14,0.4470
MANAUSDT,BUY,LIMIT,1700898377247,21,0.4490
MANAUSDT,BUY,LIMIT,1700898396339,5633,0.4499
MANAUSDT,BUY,LIMIT,1700898478073,654,0.4515
MANAUSDT,BUY,LIMIT,1700898508271,3811,0.4520
MANAUSDT,BUY,LIMIT,1700898510115,130,0.4521
MANAUSDT,BUY,LIMIT,1700898526106,218,0.4526
MANAUSDT,BUY,LIMIT,1700898558740,1108,0.4547
MANAUSDT,BUY,LIMIT,1700898618483,867,0.4550
MANAUSDT,BUY,LIMIT,1700898640042,119,0.4558
MANAUSDT,BUY,LIMIT,1700898644917,909,0.4560
MANAUSDT,BUY,LIMIT,1700898646309,10015,0.4567
MANAUSDT,BUY,LIMIT,1700898649306,120,0.4568
MANAUSDT,BUY,LIMIT,1700898689340,49217,0.4577
MANAUSDT,BUY,LIMIT,1700898699695,70,0.4578
MANAUSDT,BUY,LIMIT,1700898707223,28,0.4580
MANAUSDT,BUY,LIMIT,1700898711105,925,0.4587
MANAUSDT,BUY,LIMIT,1700898712137,664,0.4600
MANAUSDT,BUY,LIMIT,1700898775573,273,0.4617
MANAUSDT,BUY,LIMIT,1700900149648,2811,0.4635
MANAUSDT,BUY,LIMIT,1700900201069,65,0.4646
MANAUSDT,BUY,LIMIT,1700900202794,367,0.4649
MANAUSDT,BUY,LIMIT,1700900204280,57,0.4653
MANAUSDT,BUY,LIMIT,1700900206166,2569,0.4656
MANAUSDT,BUY,LIMIT,1700900256232,2263,0.4663
MANAUSDT,BUY,LIMIT,1700900272622,39,0.4666
MANAUSDT,BUY,LIMIT,1700902182227,1816,0.4668
MANAUSDT,BUY,LIMIT,1700902185228,10000,0.4670
MANAUSDT,SELL,LIMIT,1700903392021,1234,0.4548
MANAUSDT,SELL,LIMIT,1700903411863,99,0.4541
MANAUSDT,SELL,LIMIT,1700903424448,60,0.4537
MANAUSDT,SELL,LIMIT,1700904164160,4016,0.4537
MANAUSDT,SELL,LIMIT,1700904171465,3272,0.4531
MANAUSDT,SELL,LIMIT,1700904371705,2563,0.4525
MANAUSDT,SELL,LIMIT,1700905105987,836,0.4515
MANAUSDT,SELL,LIMIT,1700905229428,230,0.4491
MANAUSDT,BUY,LIMIT,1700910449991,7695,0.4620
MANAUSDT,BUY,LIMIT,1700910697077,485,0.4643
MANAUSDT,BUY,LIMIT,1700910699679,42948,0.4650
MANAUSDT,BUY,LIMIT,1700910700944,27,0.4647
MANAUSDT,BUY,LIMIT,1700910707038,1030,0.4649
MANAUSDT,SELL,LIMIT,1700911353016,728,0.4586
MANAUSDT,BUY,LIMIT,1700911440251,7766,0.4678
MANAUSDT,SELL,LIMIT,1700912486986,2232,0.4537
MANAUSDT,SELL,LIMIT,1700912492636,63,0.4546
MANAUSDT,SELL,LIMIT,1700912496760,157,0.4523
MANAUSDT,SELL,LIMIT,1700912498965,306,0.4520
MANAUSDT,SELL,LIMIT,1700912512259,2461,0.4517
MANAUSDT,SELL,LIMIT,1700912552204,228,0.4511
MANAUSDT,SELL,LIMIT,1700912652508,4276,0.4507
MANAUSDT,BUY,LIMIT,1700914584312,10879,0.4609
MANAUSDT,SELL,LIMIT,1700917381321,507,0.4509
MANAUSDT,BUY,LIMIT,1700921442212,4552,0.4661
MANAUSDT,BUY,LIMIT,1700921679181,104,0.4665
MANAUSDT,BUY,LIMIT,1700921684160,10939,0.4666
MANAUSDT,BUY,LIMIT,1700922237556,10908,0.4673
MANAUSDT,BUY,LIMIT,1700922241229,158,0.4674
MANAUSDT,BUY,LIMIT,1700922359352,131,0.4674
MANAUSDT,BUY,LIMIT,1700923007125,2458,0.4676
MANAUSDT,BUY,LIMIT,1700923009423,43,0.4676
MANAUSDT,BUY,LIMIT,1700923027111,111,0.4687
MANAUSDT,BUY,LIMIT,1700923028196,698,0.4684
MANAUSDT,BUY,LIMIT,1700923030015,141,0.4693
MANAUSDT,BUY,LIMIT,1700923035071,221,0.4695
MANAUSDT,BUY,LIMIT,1700923078583,290,0.4706
MANAUSDT,BUY,LIMIT,1700923224260,169,0.4710
MANAUSDT,BUY,LIMIT,1700923226817,46,0.4714
MANAUSDT,BUY,LIMIT,1700923241342,426,0.4717
MANAUSDT,BUY,LIMIT,1700923251535,4036,0.4718
MANAUSDT,BUY,LIMIT,1700923257803,3699,0.4721
MANAUSDT,BUY,LIMIT,1700923262372,16,0.4727
MANAUSDT,BUY,LIMIT,1700923263667,13,0.4730
MANAUSDT,BUY,LIMIT,1700923272735,48578,0.4747
MANAUSDT,BUY,LIMIT,1700923324746,5090,0.4749
MANAUSDT,BUY,LIMIT,1700923328031,573,0.4755
MANAUSDT,BUY,LIMIT,1700923337016,136,0.4758
MANAUSDT,BUY,LIMIT,1700923339860,1803,0.4757
MANAUSDT,BUY,LIMIT,1700923341374,3504,0.4758
MANAUSDT,BUY,LIMIT,1700923344653,17539,0.4762
MANAUSDT,BUY,LIMIT,1700923347226,2785,0.4764
MANAUSDT,BUY,LIMIT,1700923350561,3277,0.4765
MANAUSDT,BUY,LIMIT,1700923353991,44,0.4766
MANAUSDT,SELL,LIMIT,1700926085378,1148,0.4650
MANAUSDT,SELL,LIMIT,1700926286080,117,0.4639
MANAUSDT,SELL,LIMIT,1700928000059,459,0.4633
MANAUSDT,SELL,LIMIT,1700928120319,142,0.4633
MANAUSDT,SELL,LIMIT,1700928187160,5548,0.4623
MANAUSDT,SELL,LIMIT,1700928344446,235,0.4620
MANAUSDT,SELL,LIMIT,1700929035091,16,0.4604
MANAUSDT,SELL,LIMIT,1700929117500,1306,0.4601
MANAUSDT,SELL,LIMIT,1700930355127,10133,0.4592
MANAUSDT,SELL,LIMIT,1700930363987,1285,0.4591
MANAUSDT,SELL,LIMIT,1700930484610,519,0.4587
MANAUSDT,SELL,LIMIT,1700933393359,384,0.4585
MANAUSDT,SELL,LIMIT,1700933416002,170,0.4577
MANAUSDT,SELL,LIMIT,1700940413362,207,0.4565
