Symbol,Side,Order Type,Time,Quantity,Price
MANAUSDT,SELL,LIMIT,1700991088226,1300,0.4502
MANAUSDT,SELL,LIMIT,1700991091051,1158,0.4501
MANAUSDT,SELL,LIMIT,1700991096166,1551,0.4500
MANAUSDT,SELL,LIMIT,1700996118260,547,0.4496
MANAUSDT,SELL,LIMIT,1700996154874,33,0.4494
MANAUSDT,SELL,LIMIT,1700996239073,262,0.4486
MANAUSDT,SELL,LIMIT,1700996240237,247,0.4486
MANAUSDT,SELL,LIMIT,1700996254580,74,0.4482
MANAUSDT,SELL,LIMIT,1700996277096,3951,0.4481
MANAUSDT,SELL,LIMIT,1700996296062,108,0.4479
MANAUSDT,SELL,LIMIT,1700996300416,6433,0.4480
MANAUSDT,SELL,LIMIT,1701000618024,964,0.4473
MANAUSDT,SELL,LIMIT,1701000619382,212,0.4474
MANAUSDT,SELL,LIMIT,1701000622008,675,0.4469
MANAUSDT,SELL,LIMIT,1701000625616,24968,0.4465
MANAUSDT,SELL,LIMIT,1701000627427,443,0.4465
MANAUSDT,SELL,LIMIT,1701000640577,81,0.4469
MANAUSDT,SELL,LIMIT,1701000643223,8010,0.4462
MANAUSDT,SELL,LIMIT,1701000648224,55,0.4460
MANAUSDT,SELL,LIMIT,1701000649271,3140,0.4458
MANAUSDT,SELL,LIMIT,1701000655064,87,0.4458
MANAUSDT,SELL,LIMIT,1701000658222,293,0.4458
MANAUSDT,SELL,LIMIT,1701001500715,1000,0.4474
MANAUSDT,SELL,LIMIT,1701001504263,2092,0.4462
MANAUSDT,BUY,LIMIT,1701003894202,153,0.4601
MANAUSDT,SELL,LIMIT,1701005082214,490,0.4481
MANAUSDT,BUY,LIMIT,1701005749979,274,0.4584
MANAUSDT,BUY,LIMIT,1701005828246,37,0.4601
MANAUSDT,BUY,LIMIT,1701005835950,25,0.4603
MANAUSDT,BUY,LIMIT,1701006037630,176,0.4621
MANAUSDT,BUY,LIMIT,1701006171668,142,0.4625
MANAUSDT,BUY,LIMIT,1701006339919,8585,0.4650
MANAUSDT,BUY,LIMIT,1701006542343,2159,0.4655
MANAUSDT,BUY,LIMIT,1701006543380,11,0.4655
MANAUSDT,BUY,LIMIT,1701006598352,3878,0.4667
MANAUSDT,BUY,LIMIT,1701006604331,246,0.4672
MANAUSDT,BUY,LIMIT,1701006821434,830,0.4701
MANAUSDT,BUY,LIMIT,1701006823612,2705,0.4702
MANAUSDT,BUY,LIMIT,1701006824725,10900,0.4706
MANAUSDT,SELL,LIMIT,1701008347187,43,0.4538
MANAUSDT,SELL,LIMIT,1701008390389,1065,0.4518
MANAUSDT,SELL,LIMIT,1701009288799,5304,0.4518
MANAUSDT,SELL,LIMIT,1701010440128,18,0.4507
MANAUSDT,SELL,LIMIT,1701010481909,482,0.4510
MANAUSDT,SELL,LIMIT,1701013685292,4445,0.4494
MANAUSDT,SELL,LIMIT,1701013686589,11477,0.4495
MANAUSDT,SELL,LIMIT,1701013749236,200,0.4487
MANAUSDT,SELL,LIMIT,1701013959714,9269,0.4477
MANAUSDT,SELL,LIMIT,1701013968032,124,0.4475
MANAUSDT,SELL,LIMIT,1701013982553,19,0.4472
MANAUSDT,SELL,LIMIT,1701013992322,200,0.4470
MANAUSDT,SELL,LIMIT,1701013998640,22,0.4470
MANAUSDT,SELL,LIMIT,1701014011453,505,0.4470
MANAUSDT,SELL,LIMIT,1701014019904,533,0.4469
MANAUSDT,SELL,LIMIT,1701014029625,332,0.4467
MANAUSDT,SELL,LIMIT,1701014035488,2368,0.4466
MANAUSDT,SELL,LIMIT,1701014041662,1944,0.4462
MANAUSDT,SELL,LIMIT,1701014042839,572,0.4460
MANAUSDT,SELL,LIMIT,1701014059376,2726,0.4456
MANAUSDT,BUY,LIMIT,1701014933342,438,0.4558
MANAUSDT,SELL,LIMIT,1701015169026,306,0.4495
MANAUSDT,SELL,LIMIT,1701015637815,31,0.4455
MANAUSDT,SELL,LIMIT,1701015640863,12,0.4451
MANAUSDT,SELL,LIMIT,1701015641875,1079,0.4450
MANAUSDT,SELL,LIMIT,1701015659094,243,0.4448
MANAUSDT,SELL,LIMIT,1701015661308,30,0.4448
MANAUSDT,SELL,LIMIT,1701015666172,21,0.4446
MANAUSDT,SELL,LIMIT,1701015668577,556,0.4444
MANAUSDT,SELL,LIMIT,1701015674075,729,0.4442
MANAUSDT,SELL,LIMIT,1701015676821,67,0.4440
MANAUSDT,SELL,LIMIT,1701015684297,546,0.4441
MANAUSDT,SELL,LIMIT,1701015735136,115,0.4438
MANAUSDT,SELL,LIMIT,1701015749467,214,0.4433
MANAUSDT,SELL,LIMIT,1701015761723,10978,0.4433
MANAUSDT,SELL,LIMIT,1701015807229,2,0.4447
MANAUSDT,SELL,LIMIT,1701015809696,84,0.4445
MANAUSDT,SELL,LIMIT,1701016013682,10889,0.4431
MANAUSDT,SELL,LIMIT,1701016015972,6557,0.4432
MANAUSDT,SELL,LIMIT,1701016019552,64,0.4428
MANAUSDT,SELL,LIMIT,1701016026152,615,0.4423
MANAUSDT,SELL,LIMIT,1701016027497,3291,0.4422
MANAUSDT,SELL,LIMIT,1701016030354,215,0.4420
MANAUSDT,SELL,LIMIT,1701016031244,12522,0.4412
MANAUSDT,SELL,LIMIT,1701016032240,6655,0.4411
MANAUSDT,SELL,LIMIT,1701016033736,162,0.4411
MANAUSDT,SELL,LIMIT,1701016036052,1886,0.4407
MANAUSDT,SELL,LIMIT,1701016040145,16,0.4407
MANAUSDT,SELL,LIMIT,1701016042114,750,0.4405
MANAUSDT,SELL,LIMIT,1701016043139,15396,0.4403
MANAUSDT,SELL,LIMIT,1701016044365,1309,0.4404
MANAUSDT,SELL,LIMIT,1701016045391,88935,0.4391
MANAUSDT,SELL,LIMIT,1701016046255,234,0.4397
MANAUSDT,SELL,LIMIT,1701016047306,327,0.4393
MANAUSDT,SELL,LIMIT,1701016049240,300,0.4390
MANAUSDT,SELL,LIMIT,1701016050260,534,0.4391
MANAUSDT,SELL,LIMIT,1701016099616,11029,0.4408
MANAUSDT,SELL,LIMIT,1701016101263,1191,0.4387
MANAUSDT,SELL,LIMIT,1701016102091,432,0.4384
MANAUSDT,SELL,LIMIT,1701016103424,11,0.4379
MANAUSDT,BUY,LIMIT,1701019786058,1288,0.4537
MANAUSDT,SELL,LIMIT,1701028282885,3485,0.4426
MANAUSDT,SELL,LIMIT,1701028284498,462,0.4425
MANAUSDT,BUY,LIMIT,1701031777167,891,0.4533
MANAUSDT,BUY,LIMIT,1701037412827,112,0.4550
MANAUSDT,BUY,LIMIT,1701037736818,2798,0.4554
MANAUSDT,BUY,LIMIT,1701043317120,12,0.4566
MANAUSDT,BUY,LIMIT,1701043319127,61,0.4570
MANAUSDT,BUY,LIMIT,1701043393156,10878,0.4573
MANAUSDT,BUY,LIMIT,1701043439054,2359,0.4576
MANAUSDT,BUY,LIMIT,1701043450972,10058,0.4585
MANAUSDT,BUY,LIMIT,1701043506523,3331,0.4593
MANAUSDT,BUY,LIMIT,1701043751301,3321,0.4615
MANAUSDT,BUY,LIMIT,1701043754693,45000,0.4623
MANAUSDT,BUY,LIMIT,1701043762130,1173,0.4630
MANAUSDT,BUY,LIMIT,1701043844814,1527,0.4633
MANAUSDT,BUY,LIMIT,1701044217959,65,0.4580
MANAUSDT,BUY,LIMIT,1701045934022,1502,0.4662
MANAUSDT,BUY,LIMIT,1701045978256,658,0.4673
MANAUSDT,BUY,LIMIT,1701045988755,1017,0.4678
MANAUSDT,BUY,LIMIT,1701045994114,10554,0.4680
MANAUSDT,BUY,LIMIT,1701045997361,7077,0.4682
MANAUSDT,BUY,LIMIT,1701046024193,21285,0.4685
MANAUSDT,BUY,LIMIT,1701046025393,44,0.4684
MANAUSDT,BUY,LIMIT,1701046059114,50,0.4687
MANAUSDT,BUY,LIMIT,1701046075345,3103,0.4691
MANAUSDT,BUY,LIMIT,1701046087831,111,0.4695
MANAUSDT,BUY,LIMIT,1701046567296,6736,0.4669
MANAUSDT,SELL,LIMIT,1701046869342,2026,0.4568
MANAUSDT,SELL,LIMIT,1701049997759,3564,0.4488
MANAUSDT,SELL,LIMIT,1701052393503,10847,0.4441
MANAUSDT,SELL,LIMIT,1701052741163,1718,0.4438
MANAUSDT,SELL,LIMIT,1701052818237,2337,0.4436
MANAUSDT,SELL,LIMIT,1701053045097,1123,0.4428
MANAUSDT,SELL,LIMIT,1701053051579,21,0.4427
MANAUSDT,SELL,LIMIT,1701053052778,2672,0.4426
MANAUSDT,SELL,LIMIT,1701053080889,230,0.4422
MANAUSDT,SELL,LIMIT,1701053193472,1823,0.4420
MANAUSDT,SELL,LIMIT,1701054343611,6885,0.4420
MANAUSDT,SELL,LIMIT,1701054349523,5012,0.4419
MANAUSDT,SELL,LIMIT,1701054351844,92,0.4418
MANAUSDT,SELL,LIMIT,1701054391220,11120,0.4410
MANAUSDT,SELL,LIMIT,1701054394311,1077,0.4409
MANAUSDT,SELL,LIMIT,1701054440814,1100,0.4406
MANAUSDT,SELL,LIMIT,1701055062792,43,0.4412
MANAUSDT,SELL,LIMIT,1701055687071,6804,0.4401
MANAUSDT,SELL,LIMIT,1701055695707,389,0.4404
MANAUSDT,SELL,LIMIT,1701056010363,11180,0.4397
MANAUSDT,SELL,LIMIT,1701056014003,906,0.4396
MANAUSDT,SELL,LIMIT,1701056016935,363,0.4394
MANAUSDT,SELL,LIMIT,1701056054050,1265,0.4388
MANAUSDT,SELL,LIMIT,1701056090325,15,0.4386
MANAUSDT,SELL,LIMIT,1701056165822,11,0.4377
MANAUSDT,SELL,LIMIT,1701058954286,766,0.4374
MANAUSDT,SELL,LIMIT,1701058957401,178,0.4373
