Symbol,Side,Order Type,Time,Quantity,Price
MASKUSDT,BUY,LIMIT,1701922579996,14,3.7670
MASKUSDT,BUY,LIMIT,1701934230706,2,3.7824
MASKUSDT,SELL,LIMIT,1701936916669,7,3.6768
MASKUSDT,SELL,LIMIT,1701939389671,21,3.6466
MASKUSDT,SELL,LIMIT,1701939409570,5,3.6413
MASKUSDT,SELL,LIMIT,1701939473181,159,3.6409
MASKUSDT,SELL,LIMIT,1701939550065,6000,3.6091
MASKUSDT,SELL,LIMIT,1701939572974,28,3.6351
MASKUSDT,SELL,LIMIT,1701939974758,182,3.6310
MASKUSDT,SELL,LIMIT,1701939975910,10,3.6291
MASKUSDT,SELL,LIMIT,1701939993062,245,3.6282
MASKUSDT,SELL,LIMIT,1701939994295,72,3.6256
MASKUSDT,SELL,LIMIT,1701940012181,9,3.6197
MASKUSDT,SELL,LIMIT,1701940024942,20,3.6195
MASKUSDT,SELL,LIMIT,1701940045294,204,3.6185
MASKUSDT,SELL,LIMIT,1701940047636,1036,3.6161
MASKUSDT,SELL,LIMIT,1701940052117,79,3.6144
MASKUSDT,SELL,LIMIT,1701940405315,51,3.6139
MASKUSDT,SELL,LIMIT,1701940415243,385,3.6091
MASKUSDT,SELL,LIMIT,1701940428451,210,3.6049
MASKUSDT,SELL,LIMIT,1701940431330,93,3.6044
MASKUSDT,SELL,LIMIT,1701940433009,310,3.6023
MASKUSDT,SELL,LIMIT,1701940434089,213,3.6012
MASKUSDT,SELL,LIMIT,1701940456410,6498,3.5707
MASKUSDT,SELL,LIMIT,1701940466987,24,3.5954
MASKUSDT,SELL,LIMIT,1701940472332,9,3.5942
MASKUSDT,SELL,LIMIT,1701940473392,2,3.5933
MASKUSDT,SELL,LIMIT,1701940474517,68,3.5923
MASKUSDT,SELL,LIMIT,1701940513112,290,3.5936
MASKUSDT,SELL,LIMIT,1701940526055,53,3.5917
MASKUSDT,SELL,LIMIT,1701940554120,30,3.5898
MASKUSDT,SELL,LIMIT,1701940555468,2061,3.5753
MASKUSDT,SELL,LIMIT,1701940556644,133,3.5829
MASKUSDT,SELL,LIMIT,1701940558136,8,3.5839
MASKUSDT,SELL,LIMIT,1701940559197,47,3.5829
MASKUSDT,SELL,LIMIT,1701940560252,208,3.5824
MASKUSDT,SELL,LIMIT,1701940562551,133,3.5799
MASKUSDT,SELL,LIMIT,1701940564377,279,3.5791
MASKUSDT,SELL,LIMIT,1701940566397,35,3.5791
MASKUSDT,SELL,LIMIT,1701940568857,126,3.5771
MASKUSDT,SELL,LIMIT,1701941049522,3,3.5763
MASKUSDT,SELL,LIMIT,1701941055738,176,3.5737
MASKUSDT,SELL,LIMIT,1701941057008,632,3.5717
MASKUSDT,SELL,LIMIT,1701941058601,17,3.5716
MASKUSDT,SELL,LIMIT,1701941074633,21,3.5700
MASKUSDT,SELL,LIMIT,1701941075765,75,3.5698
MASKUSDT,SELL,LIMIT,1701941109040,6,3.5687
MASKUSDT,SELL,LIMIT,1701941111353,262,3.5625
MASKUSDT,SELL,LIMIT,1701941112842,137,3.5628
MASKUSDT,SELL,LIMIT,1701941150283,507,3.5627
MASKUSDT,SELL,LIMIT,1701941152332,14,3.5621
MASKUSDT,SELL,LIMIT,1701941154415,135,3.5562
MASKUSDT,SELL,LIMIT,1701941159219,47,3.5550
MASKUSDT,SELL,LIMIT,1701941160460,202,3.5536
MASKUSDT,SELL,LIMIT,1701941176640,3,3.5645
MASKUSDT,SELL,LIMIT,1701941177780,106,3.5512
MASKUSDT,SELL,LIMIT,1701941179585,66,3.5502
MASKUSDT,SELL,LIMIT,1701941181295,7,3.5499
MASKUSDT,SELL,LIMIT,1701941182496,364,3.5510
MASKUSDT,SELL,LIMIT,1701941184652,43,3.5487
MASKUSDT,SELL,LIMIT,1701941185892,12,3.5460
MASKUSDT,SELL,LIMIT,1701941187265,132,3.5431
MASKUSDT,SELL,LIMIT,1701941188302,76,3.5456
MASKUSDT,SELL,LIMIT,1701941189318,488,3.5400
MASKUSDT,SELL,LIMIT,1701941190363,592,3.5394
MASKUSDT,SELL,LIMIT,1701941193483,4,3.5375
MASKUSDT,SELL,LIMIT,1701941238467,132,3.5350
MASKUSDT,SELL,LIMIT,1701941239879,6,3.5439
MASKUSDT,SELL,LIMIT,1701941245358,39,3.5280
MASKUSDT,SELL,LIMIT,1701941246504,2346,3.5197
MASKUSDT,SELL,LIMIT,1701941248218,2349,3.5127
MASKUSDT,SELL,LIMIT,1701941256257,220,3.5278
MASKUSDT,SELL,LIMIT,1701943129115,3,3.5959
MASKUSDT,SELL,LIMIT,1701943681515,165,3.5544
MASKUSDT,BUY,LIMIT,1701953976591,1,3.6723
MASKUSDT,SELL,LIMIT,1701954849760,12,3.5848
MASKUSDT,BUY,LIMIT,1701962529075,2,3.6773
MASKUSDT,BUY,LIMIT,1701962598284,26,3.6802
MASKUSDT,BUY,LIMIT,1701966094085,13,3.7369
MASKUSDT,BUY,LIMIT,1701968420268,3,3.7559
MASKUSDT,SELL,LIMIT,1701969523292,12,3.6779
MASKUSDT,SELL,LIMIT,1701974287996,170,3.6493
MASKUSDT,SELL,LIMIT,1701974290781,11,3.6486
MASKUSDT,SELL,LIMIT,1701974756490,249,3.6442
MASKUSDT,SELL,LIMIT,1701976440271,31,3.6387
MASKUSDT,BUY,LIMIT,1701983871220,19,3.7270
MASKUSDT,BUY,LIMIT,1701984344258,167,3.7378
MASKUSDT,SELL,LIMIT,1701988564585,94,3.6496
MASKUSDT,SELL,LIMIT,1701997759189,93,3.6641
MASKUSDT,SELL,LIMIT,1702003653419,157,3.6876
MASKUSDT,SELL,LIMIT,1702004556495,40,3.7029
MASKUSDT,BUY,LIMIT,1702006955192,178,3.8013
MASKUSDT,BUY,LIMIT,1702007154541,8,3.8064
MASKUSDT,SELL,LIMIT,1702020517056,48,3.7223
MASKUSDT,SELL,LIMIT,1702020571844,3,3.7199
MASKUSDT,SELL,LIMIT,1702020575435,2,3.7141
MASKUSDT,SELL,LIMIT,1702020639857,146,3.7082
MASKUSDT,SELL,LIMIT,1702020670346,3,3.7008
MASKUSDT,SELL,LIMIT,1702023053131,3,3.6978
MASKUSDT,SELL,LIMIT,1702023059240,167,3.6928
MASKUSDT,BUY,LIMIT,1702026470896,87,3.7721
MASKUSDT,BUY,LIMIT,1702035304551,87,3.8194
MASKUSDT,BUY,LIMIT,1702036083674,10,3.8185
MASKUSDT,BUY,LIMIT,1702037911366,491,3.8113
MASKUSDT,SELL,LIMIT,1702040974327,2,3.7153
MASKUSDT,BUY,LIMIT,1702048108127,2,3.8460
MASKUSDT,BUY,LIMIT,1702051278554,63,3.8635
MASKUSDT,BUY,LIMIT,1702053445380,18,3.8560
MASKUSDT,BUY,LIMIT,1702053984104,371,3.8665
MASKUSDT,SELL,LIMIT,1702056285598,9,3.7388
MASKUSDT,SELL,LIMIT,1702056451851,26,3.7364
MASKUSDT,SELL,LIMIT,1702064737449,10,3.7943
MASKUSDT,BUY,LIMIT,1702066093396,138,3.8757
MASKUSDT,BUY,LIMIT,1702067128246,10,3.8742
MASKUSDT,BUY,LIMIT,1702069046630,304,3.8851
MASKUSDT,SELL,LIMIT,1702070657106,17,3.7949
MASKUSDT,SELL,LIMIT,1702076391168,204,3.7599
MASKUSDT,BUY,LIMIT,1702080586439,10,3.8997
MASKUSDT,BUY,LIMIT,1702080648063,48,3.9042
MASKUSDT,BUY,LIMIT,1702080670316,54,3.8107
MASKUSDT,BUY,LIMIT,1702080687269,34,3.9036
MASKUSDT,BUY,LIMIT,1702081422178,81,3.9061
MASKUSDT,BUY,LIMIT,1702081645788,339,3.9006
MASKUSDT,BUY,LIMIT,1702084803694,3,3.8748
MASKUSDT,BUY,LIMIT,1702100742707,1739,3.9428
MASKUSDT,BUY,LIMIT,1702102062361,85,3.9369
MASKUSDT,SELL,LIMIT,1702102150362,3,3.9717
MASKUSDT,BUY,LIMIT,1702102910552,4,3.9483
MASKUSDT,BUY,LIMIT,1702102953274,293,3.9772
MASKUSDT,SELL,LIMIT,1702107524333,332,3.8846
MASKUSDT,SELL,LIMIT,1702107978910,14,3.9381
MASKUSDT,SELL,LIMIT,1702108319063,71,3.8934
MASKUSDT,SELL,LIMIT,1702110307805,7,3.8977
MASKUSDT,SELL,LIMIT,1702110906026,38,3.8523
MASKUSDT,SELL,LIMIT,1702110980837,124,3.8272
MASKUSDT,SELL,LIMIT,1702111028258,26,3.8134
MASKUSDT,SELL,LIMIT,1702111029953,777,3.8106
MASKUSDT,SELL,LIMIT,1702111034519,10,3.8009
MASKUSDT,SELL,LIMIT,1702111038683,359,3.7955
MASKUSDT,SELL,LIMIT,1702111040319,26,3.7927
MASKUSDT,SELL,LIMIT,1702111042291,133,3.7890
MASKUSDT,SELL,LIMIT,1702111043735,142,3.7846
MASKUSDT,SELL,LIMIT,1702111045056,534,3.7770
MASKUSDT,SELL,LIMIT,1702111046510,134,3.7789
MASKUSDT,SELL,LIMIT,1702111376182,2,3.7758
MASKUSDT,SELL,LIMIT,1702111380316,1291,3.7644
MASKUSDT,SELL,LIMIT,1702111381368,12,3.7611
MASKUSDT,SELL,LIMIT,1702111386904,308,3.7538
MASKUSDT,SELL,LIMIT,1702111389894,1306,3.7442
MASKUSDT,SELL,LIMIT,1702115026061,13,3.7947
MASKUSDT,SELL,LIMIT,1702115616866,130,3.7775
MASKUSDT,SELL,LIMIT,1702115627321,7,3.7750
MASKUSDT,BUY,LIMIT,1702123599178,5,3.9083
MASKUSDT,SELL,LIMIT,1702125019117,37,3.8026
MASKUSDT,BUY,LIMIT,1702130940257,3,3.9148
MASKUSDT,BUY,LIMIT,1702131156180,5,3.9270
MASKUSDT,BUY,LIMIT,1702131157203,130,3.9269
MASKUSDT,SELL,LIMIT,1702132999531,1300,3.7728
MASKUSDT,SELL,LIMIT,1702133002066,90,3.7671
MASKUSDT,SELL,LIMIT,1702133003201,166,3.7618
MASKUSDT,SELL,LIMIT,1702133006396,63,3.7531
MASKUSDT,SELL,LIMIT,1702133008681,130,3.7536
MASKUSDT,SELL,LIMIT,1702134885108,50,3.7514
MASKUSDT,SELL,LIMIT,1702134892673,800,3.7489
MASKUSDT,BUY,LIMIT,1702137077241,33,3.8916
MASKUSDT,SELL,LIMIT,1702139114300,26,3.7823
MASKUSDT,SELL,LIMIT,1702139284114,70,3.7597
MASKUSDT,SELL,LIMIT,1702139285634,20,3.7598
MASKUSDT,SELL,LIMIT,1702139292744,1303,3.7618
MASKUSDT,SELL,LIMIT,1702139296534,18,3.7681
MASKUSDT,BUY,LIMIT,1702141201741,26,3.8602
MASKUSDT,SELL,LIMIT,1702141564517,107,3.7638
MASKUSDT,SELL,LIMIT,1702141746324,2,3.7492
MASKUSDT,SELL,LIMIT,1702141768665,268,3.7447
MASKUSDT,SELL,LIMIT,1702141772571,11,3.7446
MASKUSDT,SELL,LIMIT,1702141780446,4,3.7438
MASKUSDT,SELL,LIMIT,1702141847263,7,3.7400
MASKUSDT,SELL,LIMIT,1702141848368,6,3.7366
MASKUSDT,SELL,LIMIT,1702141851131,352,3.7314
MASKUSDT,SELL,LIMIT,1702141853242,4085,3.7051
MASKUSDT,SELL,LIMIT,1702141856628,59,3.7267
MASKUSDT,SELL,LIMIT,1702141858441,8,3.7268
MASKUSDT,SELL,LIMIT,1702141860237,15,3.7248
MASKUSDT,BUY,LIMIT,1702150574205,26,3.8656
MASKUSDT,SELL,LIMIT,1702162131192,9,3.7871
MASKUSDT,BUY,LIMIT,1702162449478,6,3.8551
MASKUSDT,SELL,LIMIT,1702164143157,45,3.7611
MASKUSDT,SELL,LIMIT,1702164145034,68,3.7602
MASKUSDT,SELL,LIMIT,1702164296114,59,3.7484
MASKUSDT,SELL,LIMIT,1702164449487,42,3.7416
MASKUSDT,SELL,LIMIT,1702164531343,483,3.7465
MASKUSDT,SELL,LIMIT,1702164541252,51,3.7345
MASKUSDT,SELL,LIMIT,1702164548792,916,3.7297
MASKUSDT,SELL,LIMIT,1702164553843,61,3.7295
MASKUSDT,SELL,LIMIT,1702164583130,808,3.7278
MASKUSDT,SELL,LIMIT,1702164675106,261,3.7256
MASKUSDT,SELL,LIMIT,1702164682259,78,3.7239
MASKUSDT,SELL,LIMIT,1702164683528,30,3.7236
MASKUSDT,SELL,LIMIT,1702164685130,8,3.7219
MASKUSDT,SELL,LIMIT,1702164748094,25,3.7161
MASKUSDT,SELL,LIMIT,1702164749380,14,3.7145
MASKUSDT,SELL,LIMIT,1702164750745,74,3.7107
MASKUSDT,SELL,LIMIT,1702164752257,337,3.6997
MASKUSDT,SELL,LIMIT,1702164793386,646,3.6994
MASKUSDT,SELL,LIMIT,1702164797202,157,3.6981
MASKUSDT,SELL,LIMIT,1702164800365,148,3.6950
MASKUSDT,SELL,LIMIT,1702164801648,327,3.6896
MASKUSDT,SELL,LIMIT,1702164802804,339,3.6878
MASKUSDT,SELL,LIMIT,1702164804045,168,3.6877
MASKUSDT,SELL,LIMIT,1702164805385,26,3.6788
MASKUSDT,SELL,LIMIT,1702164806419,15,3.6783
MASKUSDT,SELL,LIMIT,1702164807764,12,3.6724
MASKUSDT,SELL,LIMIT,1702164810960,276,3.6726
MASKUSDT,SELL,LIMIT,1702164812105,426,3.6695
MASKUSDT,SELL,LIMIT,1702164838228,363,3.6873
MASKUSDT,BUY,LIMIT,1702166462100,1342,3.8040
MASKUSDT,BUY,LIMIT,1702166522323,4,3.8122
MASKUSDT,SELL,LIMIT,1702180257182,26,3.7594
MASKUSDT,SELL,LIMIT,1702192879638,129,3.7702
MASKUSDT,BUY,LIMIT,1702195129070,1307,3.8806
MASKUSDT,SELL,LIMIT,1702197772299,1056,3.7559
MASKUSDT,SELL,LIMIT,1702200741297,146,3.7264
MASKUSDT,SELL,LIMIT,1702200762400,259,3.7220
MASKUSDT,SELL,LIMIT,1702200886235,13,3.7155
MASKUSDT,SELL,LIMIT,1702201416041,269,3.6973
MASKUSDT,SELL,LIMIT,1702201417675,329,3.6957
MASKUSDT,SELL,LIMIT,1702201425938,45,3.6956
MASKUSDT,SELL,LIMIT,1702201479284,200,3.6917
MASKUSDT,SELL,LIMIT,1702202082304,16,3.6794
MASKUSDT,SELL,LIMIT,1702202253402,12,3.6799
MASKUSDT,SELL,LIMIT,1702202263214,5,3.6770
MASKUSDT,SELL,LIMIT,1702202273106,25,3.6752
MASKUSDT,SELL,LIMIT,1702202289210,7,3.6740
MASKUSDT,SELL,LIMIT,1702202293401,130,3.6704
MASKUSDT,SELL,LIMIT,1702202296287,5,3.6694
MASKUSDT,SELL,LIMIT,1702202298334,91,3.6683
MASKUSDT,SELL,LIMIT,1702202300335,12,3.6671
MASKUSDT,SELL,LIMIT,1702202303016,71,3.6650
MASKUSDT,SELL,LIMIT,1702202304338,776,3.6629
MASKUSDT,SELL,LIMIT,1702202305445,60,3.6614
MASKUSDT,SELL,LIMIT,1702202318310,46,3.6635
MASKUSDT,SELL,LIMIT,1702202324173,397,3.6574
MASKUSDT,SELL,LIMIT,1702202369252,73,3.6576
MASKUSDT,SELL,LIMIT,1702202379799,1281,3.6546
MASKUSDT,SELL,LIMIT,1702202380821,5,3.6524
MASKUSDT,SELL,LIMIT,1702202382790,408,3.6521
MASKUSDT,SELL,LIMIT,1702202387499,431,3.6501
MASKUSDT,SELL,LIMIT,1702202388522,868,3.6506
MASKUSDT,SELL,LIMIT,1702202390408,86,3.6496
MASKUSDT,SELL,LIMIT,1702202391530,884,3.6487
MASKUSDT,SELL,LIMIT,1702202393056,236,3.6481
MASKUSDT,SELL,LIMIT,1702202403248,1397,3.6466
MASKUSDT,BUY,LIMIT,1702221526328,24,3.8213
MASKUSDT,SELL,LIMIT,1702229299481,2,3.7153
MASKUSDT,BUY,LIMIT,1702238916890,6,3.8419
MASKUSDT,BUY,LIMIT,1702239164412,155,3.8450
MASKUSDT,BUY,LIMIT,1702239832619,10,3.8556
MASKUSDT,BUY,LIMIT,1702240649532,190,3.8771
MASKUSDT,SELL,LIMIT,1702241074520,1,3.8159
MASKUSDT,SELL,LIMIT,1702241117786,61,3.8160
MASKUSDT,SELL,LIMIT,1702241182472,1,3.8125
MASKUSDT,BUY,LIMIT,1702241596246,14,3.8990
MASKUSDT,SELL,LIMIT,1702243757056,1070,3.7778
MASKUSDT,SELL,LIMIT,1702256439539,105,3.7741
MASKUSDT,SELL,LIMIT,1702256441358,38,3.7379
MASKUSDT,SELL,LIMIT,1702256620300,78,3.7151
MASKUSDT,SELL,LIMIT,1702256729198,6,3.7052
MASKUSDT,SELL,LIMIT,1702256901234,1317,3.7169
MASKUSDT,SELL,LIMIT,1702256912164,80,3.6993
MASKUSDT,SELL,LIMIT,1702256914631,90,3.6914
MASKUSDT,SELL,LIMIT,1702256994166,3,3.6794
MASKUSDT,SELL,LIMIT,1702257008279,1090,3.6756
MASKUSDT,SELL,LIMIT,1702260422262,24,3.7103
MASKUSDT,SELL,LIMIT,1702260424405,1333,3.6935
MASKUSDT,SELL,LIMIT,1702260427786,656,3.6888
MASKUSDT,SELL,LIMIT,1702260429461,1273,3.6852
MASKUSDT,SELL,LIMIT,1702260430607,309,3.6838
MASKUSDT,SELL,LIMIT,1702260433413,686,3.6808
MASKUSDT,SELL,LIMIT,1702260434891,2,3.6765
MASKUSDT,SELL,LIMIT,1702260440348,135,3.6730
MASKUSDT,SELL,LIMIT,1702260443257,93,3.6688
MASKUSDT,SELL,LIMIT,1702260465200,83,3.6684
MASKUSDT,SELL,LIMIT,1702260467281,5320,3.6402
MASKUSDT,SELL,LIMIT,1702260622332,15,3.6621
MASKUSDT,SELL,LIMIT,1702260624648,75,3.6578
MASKUSDT,SELL,LIMIT,1702260628176,1033,3.6503
MASKUSDT,SELL,LIMIT,1702260629994,235,3.6502
MASKUSDT,SELL,LIMIT,1702260631156,1215,3.6482
MASKUSDT,SELL,LIMIT,1702260632169,1621,3.6386
MASKUSDT,SELL,LIMIT,1702260633651,4,3.6358
MASKUSDT,SELL,LIMIT,1702260634744,67,3.6317
MASKUSDT,SELL,LIMIT,1702260636226,226,3.6229
MASKUSDT,SELL,LIMIT,1702260689756,1047,3.6275
MASKUSDT,SELL,LIMIT,1702260694725,114,3.6263
MASKUSDT,SELL,LIMIT,1702260696444,11,3.6239
MASKUSDT,SELL,LIMIT,1702260698199,1520,3.6179
MASKUSDT,SELL,LIMIT,1702260699262,300,3.6193
MASKUSDT,SELL,LIMIT,1702260701364,41,3.6182
MASKUSDT,SELL,LIMIT,1702260706019,25,3.6181
MASKUSDT,SELL,LIMIT,1702260707157,2148,3.6018
MASKUSDT,SELL,LIMIT,1702260708167,23,3.6115
MASKUSDT,SELL,LIMIT,1702260709229,13,3.6058
MASKUSDT,SELL,LIMIT,1702260710288,2,3.6080
MASKUSDT,SELL,LIMIT,1702260711468,193,3.6069
MASKUSDT,SELL,LIMIT,1702260712473,795,3.5981
MASKUSDT,SELL,LIMIT,1702260714360,236,3.5959
MASKUSDT,SELL,LIMIT,1702260715412,63,3.5871
MASKUSDT,SELL,LIMIT,1702260716481,156,3.5871
MASKUSDT,SELL,LIMIT,1702260717686,1125,3.5840
MASKUSDT,SELL,LIMIT,1702260718911,66,3.5860
MASKUSDT,SELL,LIMIT,1702260720303,2,3.5857
MASKUSDT,SELL,LIMIT,1702260721417,1299,3.5932
MASKUSDT,SELL,LIMIT,1702260722656,82,3.5883
MASKUSDT,SELL,LIMIT,1702260724813,508,3.5797
MASKUSDT,SELL,LIMIT,1702260725817,8,3.5713
MASKUSDT,SELL,LIMIT,1702260727694,652,3.5656
MASKUSDT,SELL,LIMIT,1702260728896,5,3.5638
MASKUSDT,SELL,LIMIT,1702260730224,513,3.5656
MASKUSDT,SELL,LIMIT,1702260731331,129,3.5577
MASKUSDT,SELL,LIMIT,1702260732818,297,3.5609
MASKUSDT,SELL,LIMIT,1702260734903,160,3.5585
MASKUSDT,BUY,LIMIT,1702260736423,3,3.6277
MASKUSDT,SELL,LIMIT,1702260737453,1,3.5489
MASKUSDT,SELL,LIMIT,1702260738503,102,3.5778
MASKUSDT,SELL,LIMIT,1702260739610,20,3.5477
MASKUSDT,SELL,LIMIT,1702260741114,1,3.5422
MASKUSDT,SELL,LIMIT,1702260742182,51,3.5300
MASKUSDT,SELL,LIMIT,1702260743201,2,3.5224
MASKUSDT,SELL,LIMIT,1702260744223,619,3.5139
MASKUSDT,SELL,LIMIT,1702260745370,4,3.5085
MASKUSDT,SELL,LIMIT,1702260746519,257,3.5046
MASKUSDT,SELL,LIMIT,1702260747633,40,3.5032
MASKUSDT,SELL,LIMIT,1702260748775,33,3.5000
MASKUSDT,SELL,LIMIT,1702260749997,119,3.4950
MASKUSDT,SELL,LIMIT,1702260751318,6,3.4950
MASKUSDT,SELL,LIMIT,1702260752824,5,3.4992
MASKUSDT,SELL,LIMIT,1702260754451,895,3.4947
MASKUSDT,SELL,LIMIT,1702260755565,2551,3.4790
MASKUSDT,SELL,LIMIT,1702260756864,924,3.4904
MASKUSDT,SELL,LIMIT,1702260757900,760,3.4800
MASKUSDT,SELL,LIMIT,1702260758938,577,3.4763
MASKUSDT,SELL,LIMIT,1702260759960,1176,3.4722
MASKUSDT,SELL,LIMIT,1702260760965,2,3.4592
MASKUSDT,SELL,LIMIT,1702260761982,2,3.4592
MASKUSDT,SELL,LIMIT,1702260763033,4,3.4583
MASKUSDT,SELL,LIMIT,1702260764122,500,3.4545
MASKUSDT,SELL,LIMIT,1702260765163,165,3.4407
MASKUSDT,SELL,LIMIT,1702260766534,2150,3.4165
MASKUSDT,SELL,LIMIT,1702260767598,5882,3.4176
MASKUSDT,SELL,LIMIT,1702260768622,16,3.4156
MASKUSDT,SELL,LIMIT,1702260769560,370,3.4139
MASKUSDT,SELL,LIMIT,1702260770713,8482,3.3687
MASKUSDT,SELL,LIMIT,1702260771756,26,3.3951
MASKUSDT,SELL,LIMIT,1702260772785,6,3.3865
MASKUSDT,SELL,LIMIT,1702260773981,9,3.3870
MASKUSDT,SELL,LIMIT,1702260775045,467,3.3852
MASKUSDT,SELL,LIMIT,1702260776062,2213,3.3480
MASKUSDT,SELL,LIMIT,1702260777243,780,3.3578
MASKUSDT,SELL,LIMIT,1702260778270,2,3.3475
MASKUSDT,SELL,LIMIT,1702260779303,6091,3.3168
MASKUSDT,SELL,LIMIT,1702260780583,1938,3.3409
MASKUSDT,SELL,LIMIT,1702260781593,4,3.3343
MASKUSDT,SELL,LIMIT,1702260782773,28,3.3410
MASKUSDT,SELL,LIMIT,1702260783783,131,3.3314
MASKUSDT,SELL,LIMIT,1702260784815,4,3.3263
MASKUSDT,SELL,LIMIT,1702260785937,1320,3.3147
MASKUSDT,SELL,LIMIT,1702260787049,85,3.3532
MASKUSDT,SELL,LIMIT,1702260788054,55,3.3152
MASKUSDT,SELL,LIMIT,1702260789124,9,3.3232
MASKUSDT,SELL,LIMIT,1702260790304,103,3.3169
MASKUSDT,SELL,LIMIT,1702260791498,1562,3.3124
MASKUSDT,SELL,LIMIT,1702260792850,29,3.3084
MASKUSDT,SELL,LIMIT,1702260793866,126,3.3028
MASKUSDT,SELL,LIMIT,1702260795012,99,3.2999
MASKUSDT,SELL,LIMIT,1702260796052,500,3.2943
MASKUSDT,SELL,LIMIT,1702260797424,1026,3.2615
MASKUSDT,SELL,LIMIT,1702260798528,11,3.2930
MASKUSDT,SELL,LIMIT,1702260799566,33,3.2821
MASKUSDT,SELL,LIMIT,1702260800726,158,3.2816
MASKUSDT,SELL,LIMIT,1702260801770,81,3.2814
MASKUSDT,SELL,LIMIT,1702260803396,50,3.2693
MASKUSDT,SELL,LIMIT,1702260804416,550,3.2690
MASKUSDT,SELL,LIMIT,1702260805417,736,3.2576
MASKUSDT,SELL,LIMIT,1702260806436,1732,3.2604
MASKUSDT,SELL,LIMIT,1702260807468,25,3.2606
MASKUSDT,SELL,LIMIT,1702260808491,2000,3.2435
MASKUSDT,SELL,LIMIT,1702260810220,51,3.2599
MASKUSDT,SELL,LIMIT,1702260811528,465,3.2599
MASKUSDT,SELL,LIMIT,1702260812965,211,3.2402
MASKUSDT,SELL,LIMIT,1702260814160,6,3.2391
MASKUSDT,SELL,LIMIT,1702260816554,2,3.2371
MASKUSDT,SELL,LIMIT,1702260818047,304,3.2371
MASKUSDT,SELL,LIMIT,1702260819083,12258,3.2040
MASKUSDT,SELL,LIMIT,1702260820822,3,3.2402
MASKUSDT,SELL,LIMIT,1702260823038,22,3.2403
MASKUSDT,SELL,LIMIT,1702260828400,47,3.2580
MASKUSDT,SELL,LIMIT,1702260834833,4,3.2788
MASKUSDT,BUY,LIMIT,1702260840392,11,3.3844
MASKUSDT,SELL,LIMIT,1702260865816,2,3.3651
MASKUSDT,BUY,LIMIT,1702260931785,146,3.5161
MASKUSDT,SELL,LIMIT,1702262500382,1060,3.4608
MASKUSDT,SELL,LIMIT,1702262547392,325,3.4505
MASKUSDT,SELL,LIMIT,1702262562978,904,3.4443
MASKUSDT,SELL,LIMIT,1702262580718,90,3.4415
MASKUSDT,SELL,LIMIT,1702262590394,11,3.4376
MASKUSDT,SELL,LIMIT,1702262611971,111,3.4308
MASKUSDT,SELL,LIMIT,1702262615562,34,3.4287
MASKUSDT,SELL,LIMIT,1702262873708,15,3.4134
