Symbol,Side,Order Type,Time,Quantity,Price
MASKUSDT,SELL,LIMIT,1701068114045,9,3.3368
MASKUSDT,SELL,LIMIT,1701068152742,290,3.3346
MASKUSDT,SELL,LIMIT,1701068164617,1,3.8145
MASKUSDT,SELL,LIMIT,1701068288074,1128,3.3300
MASKUSDT,SELL,LIMIT,1701068324565,1472,3.3273
MASKUSDT,SELL,LIMIT,1701068371293,2,3.3242
MASKUSDT,SELL,LIMIT,1701069552320,392,3.3221
MASKUSDT,SELL,LIMIT,1701069778644,287,3.3192
MASKUSDT,SELL,LIMIT,1701069868305,109,3.3057
MASKUSDT,SELL,LIMIT,1701069881758,85,3.3018
MASKUSDT,SELL,LIMIT,1701069887345,37,3.3006
MASKUSDT,SELL,LIMIT,1701069889697,42,3.2982
MASKUSDT,SELL,LIMIT,1701069892750,47,3.2968
MASKUSDT,SELL,LIMIT,1701069897781,46,3.2948
MASKUSDT,SELL,LIMIT,1701069901989,56,3.2944
MASKUSDT,SELL,LIMIT,1701070431192,188,3.3036
MASKUSDT,BUY,LIMIT,1701077399082,2,3.4085
MASKUSDT,SELL,LIMIT,1701080765676,258,3.3122
MASKUSDT,SELL,LIMIT,1701080853408,495,3.3098
MASKUSDT,SELL,LIMIT,1701080872200,727,3.3080
MASKUSDT,SELL,LIMIT,1701080873342,73,3.3086
MASKUSDT,SELL,LIMIT,1701081134782,2,3.3060
MASKUSDT,SELL,LIMIT,1701081256397,57,3.3034
MASKUSDT,SELL,LIMIT,1701081302421,46,3.3021
MASKUSDT,SELL,LIMIT,1701081329459,196,3.3000
MASKUSDT,SELL,LIMIT,1701081437362,17,3.2968
MASKUSDT,SELL,LIMIT,1701081440116,38,3.2948
MASKUSDT,SELL,LIMIT,1701081490312,46,3.2902
MASKUSDT,SELL,LIMIT,1701081495572,411,3.2900
MASKUSDT,SELL,LIMIT,1701081498510,24,3.2900
MASKUSDT,SELL,LIMIT,1701082617166,2,3.2880
MASKUSDT,SELL,LIMIT,1701082628489,53,3.2860
MASKUSDT,SELL,LIMIT,1701082631102,105,3.2856
MASKUSDT,SELL,LIMIT,1701082643263,20,3.2834
MASKUSDT,SELL,LIMIT,1701082644995,85,3.2832
MASKUSDT,SELL,LIMIT,1701082681838,379,3.2763
MASKUSDT,SELL,LIMIT,1701082687202,73,3.2752
MASKUSDT,SELL,LIMIT,1701082705780,70,3.2737
MASKUSDT,SELL,LIMIT,1701085910616,58,3.3086
MASKUSDT,BUY,LIMIT,1701093268078,197,3.3606
MASKUSDT,SELL,LIMIT,1701094958691,7,3.2792
MASKUSDT,SELL,LIMIT,1701094964484,441,3.2776
MASKUSDT,SELL,LIMIT,1701095006889,31,3.2761
MASKUSDT,SELL,LIMIT,1701095509391,14,3.2732
MASKUSDT,SELL,LIMIT,1701095553161,7,3.2697
MASKUSDT,SELL,LIMIT,1701095590301,363,3.2677
MASKUSDT,SELL,LIMIT,1701095593408,188,3.2675
MASKUSDT,SELL,LIMIT,1701095611230,388,3.2637
MASKUSDT,SELL,LIMIT,1701097025491,5,3.2664
MASKUSDT,SELL,LIMIT,1701097081077,128,3.2604
MASKUSDT,SELL,LIMIT,1701097088558,157,3.2592
MASKUSDT,SELL,LIMIT,1701097091478,40,3.2585
MASKUSDT,SELL,LIMIT,1701097093375,45,3.2563
MASKUSDT,SELL,LIMIT,1701097094413,5,3.2564
MASKUSDT,SELL,LIMIT,1701097099753,5,3.2537
MASKUSDT,SELL,LIMIT,1701097103459,3,3.2523
MASKUSDT,SELL,LIMIT,1701100573345,8,3.2506
MASKUSDT,SELL,LIMIT,1701100590157,13797,3.2127
MASKUSDT,SELL,LIMIT,1701100592205,62,3.2470
MASKUSDT,SELL,LIMIT,1701100618166,45,3.2448
MASKUSDT,SELL,LIMIT,1701100626678,8,3.2437
MASKUSDT,SELL,LIMIT,1701100628043,1003,3.2423
MASKUSDT,SELL,LIMIT,1701100640780,8,3.2408
MASKUSDT,SELL,LIMIT,1701102055598,53,3.2809
MASKUSDT,BUY,LIMIT,1701104758628,148,3.3645
MASKUSDT,SELL,LIMIT,1701111576047,81,3.2746
MASKUSDT,SELL,LIMIT,1701112166155,599,3.2661
MASKUSDT,SELL,LIMIT,1701114226598,1429,3.2621
MASKUSDT,SELL,LIMIT,1701114235146,1172,3.2594
MASKUSDT,SELL,LIMIT,1701114238301,173,3.2587
MASKUSDT,SELL,LIMIT,1701114240845,595,3.2575
MASKUSDT,SELL,LIMIT,1701114263716,1507,3.2558
MASKUSDT,SELL,LIMIT,1701114352848,6,3.2523
MASKUSDT,SELL,LIMIT,1701114355286,30,3.2511
MASKUSDT,SELL,LIMIT,1701114471425,301,3.2468
MASKUSDT,SELL,LIMIT,1701114479451,39,3.2442
MASKUSDT,SELL,LIMIT,1701114494475,367,3.2418
MASKUSDT,SELL,LIMIT,1701114496302,113,3.2405
MASKUSDT,SELL,LIMIT,1701114498631,149,3.2378
MASKUSDT,SELL,LIMIT,1701116551334,1525,3.2625
MASKUSDT,SELL,LIMIT,1701116832539,390,3.2483
MASKUSDT,SELL,LIMIT,1701146496162,61,3.2752
MASKUSDT,SELL,LIMIT,1701146541763,19,3.2706
MASKUSDT,SELL,LIMIT,1701146618210,362,3.2689
MASKUSDT,SELL,LIMIT,1701147924919,291,3.2575
MASKUSDT,SELL,LIMIT,1701147959968,246,3.2529
MASKUSDT,SELL,LIMIT,1701147961021,60,3.2523
MASKUSDT,SELL,LIMIT,1701148221305,1512,3.2399
MASKUSDT,SELL,LIMIT,1701148260057,34,3.2383
MASKUSDT,SELL,LIMIT,1701149111485,283,3.2374
MASKUSDT,SELL,LIMIT,1701149504161,88,3.2351
MASKUSDT,SELL,LIMIT,1701149694659,18,3.2316
MASKUSDT,SELL,LIMIT,1701149773677,598,3.2314
MASKUSDT,SELL,LIMIT,1701149808571,1495,3.2293
MASKUSDT,SELL,LIMIT,1701149825423,134,3.2274
MASKUSDT,SELL,LIMIT,1701149829609,16,3.2265
MASKUSDT,SELL,LIMIT,1701149843648,7550,3.1976
MASKUSDT,SELL,LIMIT,1701149846188,51,3.2202
MASKUSDT,SELL,LIMIT,1701149852527,52,3.2175
MASKUSDT,SELL,LIMIT,1701149880435,89,3.2154
MASKUSDT,SELL,LIMIT,1701149881576,3220,3.1959
MASKUSDT,SELL,LIMIT,1701149890109,193,3.2101
MASKUSDT,SELL,LIMIT,1701149896191,33,3.2089
MASKUSDT,SELL,LIMIT,1701154321495,58,3.2746
MASKUSDT,SELL,LIMIT,1701156451492,76,3.2264
MASKUSDT,SELL,LIMIT,1701156513549,535,3.2250
MASKUSDT,SELL,LIMIT,1701156545105,2,3.2240
MASKUSDT,SELL,LIMIT,1701156562732,121,3.2182
MASKUSDT,BUY,LIMIT,1701178354909,679,3.3725
MASKUSDT,BUY,LIMIT,1701187287729,644,3.4037
MASKUSDT,BUY,LIMIT,1701189822929,6,3.4253
MASKUSDT,BUY,LIMIT,1701190198505,88,3.4306
MASKUSDT,BUY,LIMIT,1701190526246,74,3.4415
MASKUSDT,BUY,LIMIT,1701192038243,55,3.4482
MASKUSDT,BUY,LIMIT,1701192065586,11238,3.4867
MASKUSDT,BUY,LIMIT,1701192160667,102,3.4603
MASKUSDT,SELL,LIMIT,1701197850244,15,3.3678
MASKUSDT,BUY,LIMIT,1701197862395,250,3.4391
MASKUSDT,SELL,LIMIT,1701205560235,296,3.3960
MASKUSDT,SELL,LIMIT,1701228085278,9,3.3531
MASKUSDT,SELL,LIMIT,1701228091842,138,3.3525
MASKUSDT,SELL,LIMIT,1701229053118,365,3.3513
MASKUSDT,BUY,LIMIT,1701241215202,108,3.4624
MASKUSDT,SELL,LIMIT,1701246428114,8,3.3869
MASKUSDT,BUY,LIMIT,1701247359925,16,3.4703
MASKUSDT,BUY,LIMIT,1701248616276,16114,3.5238
MASKUSDT,BUY,LIMIT,1701248631012,1306,3.4872
MASKUSDT,BUY,LIMIT,1701249391902,339,3.4944
MASKUSDT,SELL,LIMIT,1701251677047,7,3.3911
MASKUSDT,SELL,LIMIT,1701254067422,73,3.3665
MASKUSDT,SELL,LIMIT,1701254657581,87,3.3442
MASKUSDT,BUY,LIMIT,1701260844745,1462,3.4712
MASKUSDT,SELL,LIMIT,1701268325468,1154,3.3557
MASKUSDT,SELL,LIMIT,1701268454730,361,3.3487
MASKUSDT,SELL,LIMIT,1701269259211,37,3.3456
MASKUSDT,SELL,LIMIT,1701270570368,425,3.3387
MASKUSDT,SELL,LIMIT,1701270583914,20,3.3396
MASKUSDT,SELL,LIMIT,1701270587866,1479,3.3354
MASKUSDT,SELL,LIMIT,1701270613757,15,3.3328
MASKUSDT,BUY,LIMIT,1701305037107,2,3.4762
MASKUSDT,BUY,LIMIT,1701305244488,361,3.5008
MASKUSDT,SELL,LIMIT,1701308460572,2,3.3759
MASKUSDT,SELL,LIMIT,1701319951203,15,3.3568
MASKUSDT,SELL,LIMIT,1701321015516,18,3.3550
MASKUSDT,SELL,LIMIT,1701321065950,2,3.3530
MASKUSDT,SELL,LIMIT,1701321402229,67,3.3458
MASKUSDT,BUY,LIMIT,1701351976663,54,3.4509
MASKUSDT,SELL,LIMIT,1701352523458,686,3.3571
MASKUSDT,SELL,LIMIT,1701352527659,106,3.3552
