Symbol,Side,Order Type,Time,Quantity,Price
MASKUSDT,BUY,LIMIT,1701922579996,14,3.7670
MASKUSDT,BUY,LIMIT,1701934230706,2,3.7824
MASKUSDT,SELL,LIMIT,1701936916669,7,3.6768
MASKUSDT,SELL,LIMIT,1701939389671,21,3.6466
MASKUSDT,SELL,LIMIT,1701939409570,5,3.6413
MASKUSDT,SELL,LIMIT,1701939473181,159,3.6409
MASKUSDT,SELL,LIMIT,1701939550065,6000,3.6091
MASKUSDT,SELL,LIMIT,1701939572974,28,3.6351
MASKUSDT,SELL,LIMIT,1701939974758,182,3.6310
MASKUSDT,SELL,LIMIT,1701939975910,10,3.6291
MASKUSDT,SELL,LIMIT,1701939993062,245,3.6282
MASKUSDT,SELL,LIMIT,1701939994295,72,3.6256
MASKUSDT,SELL,LIMIT,1701940012181,9,3.6197
MASKUSDT,SELL,LIMIT,1701940024942,20,3.6195
MASKUSDT,SELL,LIMIT,1701940045294,204,3.6185
MASKUSDT,SELL,LIMIT,1701940047636,1036,3.6161
MASKUSDT,SELL,LIMIT,1701940052117,79,3.6144
MASKUSDT,SELL,LIMIT,1701940405315,51,3.6139
MASKUSDT,SELL,LIMIT,1701940415243,385,3.6091
MASKUSDT,SELL,LIMIT,1701940428451,210,3.6049
MASKUSDT,SELL,LIMIT,1701940431330,93,3.6044
MASKUSDT,SELL,LIMIT,1701940433009,310,3.6023
MASKUSDT,SELL,LIMIT,1701940434089,213,3.6012
MASKUSDT,SELL,LIMIT,1701940456410,6498,3.5707
MASKUSDT,SELL,LIMIT,1701940466987,24,3.5954
MASKUSDT,SELL,LIMIT,1701940472332,9,3.5942
MASKUSDT,SELL,LIMIT,1701940473392,2,3.5933
MASKUSDT,SELL,LIMIT,1701940474517,68,3.5923
MASKUSDT,SELL,LIMIT,1701940513112,290,3.5936
MASKUSDT,SELL,LIMIT,1701940526055,53,3.5917
MASKUSDT,SELL,LIMIT,1701940554120,30,3.5898
MASKUSDT,SELL,LIMIT,1701940555468,2061,3.5753
MASKUSDT,SELL,LIMIT,1701940556644,133,3.5829
MASKUSDT,SELL,LIMIT,1701940558136,8,3.5839
MASKUSDT,SELL,LIMIT,1701940559197,47,3.5829
MASKUSDT,SELL,LIMIT,1701940560252,208,3.5824
MASKUSDT,SELL,LIMIT,1701940562551,133,3.5799
MASKUSDT,SELL,LIMIT,1701940564377,279,3.5791
MASKUSDT,SELL,LIMIT,1701940566397,35,3.5791
MASKUSDT,SELL,LIMIT,1701940568857,126,3.5771
MASKUSDT,SELL,LIMIT,1701941049522,3,3.5763
MASKUSDT,SELL,LIMIT,1701941055738,176,3.5737
MASKUSDT,SELL,LIMIT,1701941057008,632,3.5717
MASKUSDT,SELL,LIMIT,1701941058601,17,3.5716
MASKUSDT,SELL,LIMIT,1701941074633,21,3.5700
MASKUSDT,SELL,LIMIT,1701941075765,75,3.5698
MASKUSDT,SELL,LIMIT,1701941109040,6,3.5687
MASKUSDT,SELL,LIMIT,1701941111353,262,3.5625
MASKUSDT,SELL,LIMIT,1701941112842,137,3.5628
MASKUSDT,SELL,LIMIT,1701941150283,507,3.5627
MASKUSDT,SELL,LIMIT,1701941152332,14,3.5621
MASKUSDT,SELL,LIMIT,1701941154415,135,3.5562
MASKUSDT,SELL,LIMIT,1701941159219,47,3.5550
MASKUSDT,SELL,LIMIT,1701941160460,202,3.5536
MASKUSDT,SELL,LIMIT,1701941176640,3,3.5645
MASKUSDT,SELL,LIMIT,1701941177780,106,3.5512
MASKUSDT,SELL,LIMIT,1701941179585,66,3.5502
MASKUSDT,SELL,LIMIT,1701941181295,7,3.5499
MASKUSDT,SELL,LIMIT,1701941182496,364,3.5510
MASKUSDT,SELL,LIMIT,1701941184652,43,3.5487
MASKUSDT,SELL,LIMIT,1701941185892,12,3.5460
MASKUSDT,SELL,LIMIT,1701941187265,132,3.5431
MASKUSDT,SELL,LIMIT,1701941188302,76,3.5456
MASKUSDT,SELL,LIMIT,1701941189318,488,3.5400
MASKUSDT,SELL,LIMIT,1701941190363,592,3.5394
MASKUSDT,SELL,LIMIT,1701941193483,4,3.5375
MASKUSDT,SELL,LIMIT,1701941238467,132,3.5350
MASKUSDT,SELL,LIMIT,1701941239879,6,3.5439
MASKUSDT,SELL,LIMIT,1701941245358,39,3.5280
MASKUSDT,SELL,LIMIT,1701941246504,2346,3.5197
MASKUSDT,SELL,LIMIT,1701941248218,2349,3.5127
MASKUSDT,SELL,LIMIT,1701941256257,220,3.5278
MASKUSDT,SELL,LIMIT,1701943129115,3,3.5959
MASKUSDT,SELL,LIMIT,1701943681515,165,3.5544
MASKUSDT,BUY,LIMIT,1701953976591,1,3.6723
MASKUSDT,SELL,LIMIT,1701954849760,12,3.5848
MASKUSDT,BUY,LIMIT,1701962529075,2,3.6773
MASKUSDT,BUY,LIMIT,1701962598284,26,3.6802
MASKUSDT,BUY,LIMIT,1701966094085,13,3.7369
MASKUSDT,BUY,LIMIT,1701968420268,3,3.7559
MASKUSDT,SELL,LIMIT,1701969523292,12,3.6779
MASKUSDT,SELL,LIMIT,1701974287996,170,3.6493
MASKUSDT,SELL,LIMIT,1701974290781,11,3.6486
MASKUSDT,SELL,LIMIT,1701974756490,249,3.6442
MASKUSDT,SELL,LIMIT,1701976440271,31,3.6387
MASKUSDT,BUY,LIMIT,1701983871220,19,3.7270
MASKUSDT,BUY,LIMIT,1701984344258,167,3.7378
MASKUSDT,SELL,LIMIT,1701988564585,94,3.6496
MASKUSDT,SELL,LIMIT,1701997759189,93,3.6641
MASKUSDT,SELL,LIMIT,1702003653419,157,3.6876
MASKUSDT,SELL,LIMIT,1702004556495,40,3.7029
MASKUSDT,BUY,LIMIT,1702006955192,178,3.8013
MASKUSDT,BUY,LIMIT,1702007154541,8,3.8064
MASKUSDT,SELL,LIMIT,1702020517056,48,3.7223
MASKUSDT,SELL,LIMIT,1702020571844,3,3.7199
MASKUSDT,SELL,LIMIT,1702020575435,2,3.7141
MASKUSDT,SELL,LIMIT,1702020639857,146,3.7082
MASKUSDT,SELL,LIMIT,1702020670346,3,3.7008
MASKUSDT,SELL,LIMIT,1702023053131,3,3.6978
MASKUSDT,SELL,LIMIT,1702023059240,167,3.6928
MASKUSDT,BUY,LIMIT,1702026470896,87,3.7721
MASKUSDT,BUY,LIMIT,1702035304551,87,3.8194
MASKUSDT,BUY,LIMIT,1702036083674,10,3.8185
MASKUSDT,BUY,LIMIT,1702037911366,491,3.8113
MASKUSDT,SELL,LIMIT,1702040974327,2,3.7153
MASKUSDT,BUY,LIMIT,1702048108127,2,3.8460
MASKUSDT,BUY,LIMIT,1702051278554,63,3.8635
MASKUSDT,BUY,LIMIT,1702053445380,18,3.8560
MASKUSDT,BUY,LIMIT,1702053984104,371,3.8665
MASKUSDT,SELL,LIMIT,1702056285598,9,3.7388
MASKUSDT,SELL,LIMIT,1702056451851,26,3.7364
MASKUSDT,SELL,LIMIT,1702064737449,10,3.7943
MASKUSDT,BUY,LIMIT,1702066093396,138,3.8757
MASKUSDT,BUY,LIMIT,1702067128246,10,3.8742
MASKUSDT,BUY,LIMIT,1702069046630,304,3.8851
MASKUSDT,SELL,LIMIT,1702070657106,17,3.7949
MASKUSDT,SELL,LIMIT,1702076391168,204,3.7599
MASKUSDT,BUY,LIMIT,1702080586439,10,3.8997
MASKUSDT,BUY,LIMIT,1702080648063,48,3.9042
MASKUSDT,BUY,LIMIT,1702080670316,54,3.8107
MASKUSDT,BUY,LIMIT,1702080687269,34,3.9036
MASKUSDT,BUY,LIMIT,1702081422178,81,3.9061
MASKUSDT,BUY,LIMIT,1702081645788,339,3.9006
MASKUSDT,BUY,LIMIT,1702084803694,3,3.8748
MASKUSDT,BUY,LIMIT,1702100742707,1739,3.9428
MASKUSDT,BUY,LIMIT,1702102062361,85,3.9369
MASKUSDT,SELL,LIMIT,1702102150362,3,3.9717
MASKUSDT,BUY,LIMIT,1702102910552,4,3.9483
MASKUSDT,BUY,LIMIT,1702102953274,293,3.9772
MASKUSDT,SELL,LIMIT,1702107524333,332,3.8846
MASKUSDT,SELL,LIMIT,1702107978910,14,3.9381
MASKUSDT,SELL,LIMIT,1702108319063,71,3.8934
MASKUSDT,SELL,LIMIT,1702110307805,7,3.8977
MASKUSDT,SELL,LIMIT,1702110906026,38,3.8523
MASKUSDT,SELL,LIMIT,1702110980837,124,3.8272
MASKUSDT,SELL,LIMIT,1702111028258,26,3.8134
MASKUSDT,SELL,LIMIT,1702111029953,777,3.8106
MASKUSDT,SELL,LIMIT,1702111034519,10,3.8009
MASKUSDT,SELL,LIMIT,1702111038683,359,3.7955
MASKUSDT,SELL,LIMIT,1702111040319,26,3.7927
MASKUSDT,SELL,LIMIT,1702111042291,133,3.7890
MASKUSDT,SELL,LIMIT,1702111043735,142,3.7846
MASKUSDT,SELL,LIMIT,1702111045056,534,3.7770
MASKUSDT,SELL,LIMIT,1702111046510,134,3.7789
MASKUSDT,SELL,LIMIT,1702111376182,2,3.7758
MASKUSDT,SELL,LIMIT,1702111380316,1291,3.7644
MASKUSDT,SELL,LIMIT,1702111381368,12,3.7611
MASKUSDT,SELL,LIMIT,1702111386904,308,3.7538
MASKUSDT,SELL,LIMIT,1702111389894,1306,3.7442
MASKUSDT,SELL,LIMIT,1702115026061,13,3.7947
MASKUSDT,SELL,LIMIT,1702115616866,130,3.7775
MASKUSDT,SELL,LIMIT,1702115627321,7,3.7750
MASKUSDT,BUY,LIMIT,1702123599178,5,3.9083
MASKUSDT,SELL,LIMIT,1702125019117,37,3.8026
MASKUSDT,BUY,LIMIT,1702130940257,3,3.9148
MASKUSDT,BUY,LIMIT,1702131156180,5,3.9270
MASKUSDT,BUY,LIMIT,1702131157203,130,3.9269
MASKUSDT,SELL,LIMIT,1702132999531,1300,3.7728
MASKUSDT,SELL,LIMIT,1702133002066,90,3.7671
MASKUSDT,SELL,LIMIT,1702133003201,166,3.7618
MASKUSDT,SELL,LIMIT,1702133006396,63,3.7531
MASKUSDT,SELL,LIMIT,1702133008681,130,3.7536
