Symbol,Side,Order Type,Time,Quantity,Price
MATICUSDT,SELL,LIMIT,1700991166799,403,0.77211
MATICUSDT,SELL,LIMIT,1700991173041,4143,0.77202
MATICUSDT,SELL,LIMIT,1700991205725,255,0.77163
MATICUSDT,SELL,LIMIT,1700995874283,337,0.77195
MATICUSDT,SELL,LIMIT,1700996165044,1547,0.77104
MATICUSDT,SELL,LIMIT,1700999299664,103,0.77005
MATICUSDT,SELL,LIMIT,1700999303073,1153,0.76990
MATICUSDT,SELL,LIMIT,1700999305450,12,0.76966
MATICUSDT,SELL,LIMIT,1700999307019,121,0.76963
MATICUSDT,SELL,LIMIT,1700999347056,1103,0.76918
MATICUSDT,SELL,LIMIT,1700999612472,63,0.76888
MATICUSDT,SELL,LIMIT,1701000568916,43,0.76848
MATICUSDT,SELL,LIMIT,1701000660340,12,0.76814
MATICUSDT,SELL,LIMIT,1701000661352,10287,0.76825
MATICUSDT,SELL,LIMIT,1701001110054,151,0.76784
MATICUSDT,SELL,LIMIT,1701001113209,10,0.76778
MATICUSDT,SELL,LIMIT,1701001123331,1422,0.76754
MATICUSDT,SELL,LIMIT,1701001126358,211,0.76728
MATICUSDT,SELL,LIMIT,1701001434891,200,0.76735
MATICUSDT,SELL,LIMIT,1701001501490,9306,0.76648
MATICUSDT,SELL,LIMIT,1701001503471,385,0.76547
MATICUSDT,SELL,LIMIT,1701001504156,1332,0.76566
MATICUSDT,SELL,LIMIT,1701002959324,391,0.76778
MATICUSDT,SELL,LIMIT,1701005081052,3063,0.76489
MATICUSDT,SELL,LIMIT,1701005082118,1026,0.76499
MATICUSDT,SELL,LIMIT,1701005084282,2920,0.76470
MATICUSDT,SELL,LIMIT,1701006134811,11143,0.76469
MATICUSDT,SELL,LIMIT,1701006198573,201,0.76404
MATICUSDT,SELL,LIMIT,1701006200072,992,0.76394
MATICUSDT,BUY,LIMIT,1701006339470,100,0.77365
MATICUSDT,SELL,LIMIT,1701008404462,181,0.76356
MATICUSDT,SELL,LIMIT,1701008406662,170,0.76336
MATICUSDT,SELL,LIMIT,1701008417065,517,0.76284
MATICUSDT,SELL,LIMIT,1701008440462,3368,0.76268
MATICUSDT,SELL,LIMIT,1701008443963,102,0.76256
MATICUSDT,SELL,LIMIT,1701008444980,70,0.76241
MATICUSDT,SELL,LIMIT,1701008446836,829,0.76204
MATICUSDT,SELL,LIMIT,1701008449045,280,0.76184
MATICUSDT,SELL,LIMIT,1701008450182,927,0.76176
MATICUSDT,SELL,LIMIT,1701008452698,54,0.76151
MATICUSDT,SELL,LIMIT,1701008814231,3357,0.76094
MATICUSDT,SELL,LIMIT,1701008833508,131,0.76054
MATICUSDT,SELL,LIMIT,1701008844247,337,0.76027
MATICUSDT,SELL,LIMIT,1701008845307,12179,0.75964
MATICUSDT,SELL,LIMIT,1701008846358,340,0.75984
MATICUSDT,SELL,LIMIT,1701008944340,695,0.75962
MATICUSDT,SELL,LIMIT,1701008946541,292,0.75946
MATICUSDT,SELL,LIMIT,1701008947799,7359,0.75923
MATICUSDT,SELL,LIMIT,1701009013410,14995,0.75891
MATICUSDT,SELL,LIMIT,1701009014503,288,0.75862
MATICUSDT,SELL,LIMIT,1701009016441,1029,0.75844
MATICUSDT,SELL,LIMIT,1701009017674,150,0.75872
MATICUSDT,SELL,LIMIT,1701009198073,697,0.76122
MATICUSDT,SELL,LIMIT,1701009258696,341,0.75799
MATICUSDT,SELL,LIMIT,1701009259869,8028,0.75790
MATICUSDT,SELL,LIMIT,1701009261007,5344,0.75771
MATICUSDT,SELL,LIMIT,1701009263078,6504,0.75731
MATICUSDT,SELL,LIMIT,1701009264183,1759,0.75658
MATICUSDT,SELL,LIMIT,1701009266985,1277,0.75651
MATICUSDT,SELL,LIMIT,1701009280588,150,0.75747
MATICUSDT,SELL,LIMIT,1701009288253,1131,0.75633
MATICUSDT,SELL,LIMIT,1701009290185,6077,0.75606
MATICUSDT,SELL,LIMIT,1701009343162,710,0.75573
MATICUSDT,SELL,LIMIT,1701009345541,89,0.75545
MATICUSDT,SELL,LIMIT,1701009347423,272,0.75523
MATICUSDT,SELL,LIMIT,1701009349480,222,0.75526
MATICUSDT,SELL,LIMIT,1701010868196,147,0.75504
MATICUSDT,SELL,LIMIT,1701010870063,2026,0.75497
MATICUSDT,SELL,LIMIT,1701010871479,705,0.75464
MATICUSDT,SELL,LIMIT,1701010875246,97,0.75489
MATICUSDT,SELL,LIMIT,1701011809050,16,0.75427
MATICUSDT,SELL,LIMIT,1701011810589,38,0.75418
MATICUSDT,SELL,LIMIT,1701011812038,2217,0.75407
MATICUSDT,SELL,LIMIT,1701011824515,560,0.75355
MATICUSDT,SELL,LIMIT,1701011826937,753,0.75344
MATICUSDT,SELL,LIMIT,1701011828191,26,0.75324
MATICUSDT,SELL,LIMIT,1701013531340,12608,0.75447
MATICUSDT,SELL,LIMIT,1701013868743,36,0.75304
MATICUSDT,SELL,LIMIT,1701013909236,559,0.75302
MATICUSDT,SELL,LIMIT,1701013916386,300,0.75291
MATICUSDT,SELL,LIMIT,1701013939856,2000,0.75282
MATICUSDT,SELL,LIMIT,1701013943052,1937,0.75276
MATICUSDT,SELL,LIMIT,1701013944426,4679,0.75256
MATICUSDT,SELL,LIMIT,1701013954093,5981,0.75256
MATICUSDT,SELL,LIMIT,1701013958050,816,0.75225
MATICUSDT,SELL,LIMIT,1701013973969,3831,0.75223
MATICUSDT,SELL,LIMIT,1701013978089,2282,0.75221
MATICUSDT,SELL,LIMIT,1701013985499,7,0.75439
MATICUSDT,SELL,LIMIT,1701013994531,250,0.75214
MATICUSDT,SELL,LIMIT,1701013997051,672,0.75212
MATICUSDT,SELL,LIMIT,1701013998992,38,0.75211
MATICUSDT,SELL,LIMIT,1701014016212,284,0.75189
MATICUSDT,SELL,LIMIT,1701014032441,32,0.75187
MATICUSDT,SELL,LIMIT,1701014035102,255,0.75184
MATICUSDT,SELL,LIMIT,1701014038950,159,0.75181
MATICUSDT,SELL,LIMIT,1701014044798,79,0.75140
MATICUSDT,SELL,LIMIT,1701014057878,130,0.75147
MATICUSDT,SELL,LIMIT,1701014062217,1883,0.75120
MATICUSDT,SELL,LIMIT,1701014865078,1405,0.75430
MATICUSDT,SELL,LIMIT,1701014875380,26,0.75948
MATICUSDT,SELL,LIMIT,1701015640991,5800,0.75226
MATICUSDT,SELL,LIMIT,1701015644388,192,0.75215
MATICUSDT,SELL,LIMIT,1701015671243,1653,0.75172
MATICUSDT,SELL,LIMIT,1701015682173,1007,0.75142
MATICUSDT,SELL,LIMIT,1701015684169,3409,0.75040
MATICUSDT,SELL,LIMIT,1701015685053,19,0.75022
MATICUSDT,SELL,LIMIT,1701015687925,1930,0.75014
MATICUSDT,SELL,LIMIT,1701015747111,131,0.74991
MATICUSDT,SELL,LIMIT,1701015748148,4250,0.74971
MATICUSDT,SELL,LIMIT,1701015751241,1054,0.74956
MATICUSDT,SELL,LIMIT,1701015758467,2679,0.74935
MATICUSDT,SELL,LIMIT,1701015760703,10,0.74915
MATICUSDT,SELL,LIMIT,1701015761721,5555,0.74896
MATICUSDT,SELL,LIMIT,1701015783604,51,0.74898
MATICUSDT,SELL,LIMIT,1701015786641,83,0.74879
MATICUSDT,SELL,LIMIT,1701015798066,737,0.74883
MATICUSDT,SELL,LIMIT,1701015805613,351,0.74860
MATICUSDT,SELL,LIMIT,1701015806746,19,0.74842
MATICUSDT,SELL,LIMIT,1701015811719,3500,0.74826
MATICUSDT,SELL,LIMIT,1701015840485,3043,0.74844
MATICUSDT,SELL,LIMIT,1701015869522,657,0.74844
MATICUSDT,SELL,LIMIT,1701015872555,1421,0.74825
MATICUSDT,SELL,LIMIT,1701015874755,1619,0.74818
MATICUSDT,SELL,LIMIT,1701015877219,482,0.74816
MATICUSDT,SELL,LIMIT,1701015904893,64,0.74811
MATICUSDT,SELL,LIMIT,1701015907547,1288,0.74808
MATICUSDT,SELL,LIMIT,1701015949352,351,0.74873
MATICUSDT,SELL,LIMIT,1701016013989,66,0.74791
MATICUSDT,SELL,LIMIT,1701016015199,21,0.74803
MATICUSDT,SELL,LIMIT,1701016017789,458,0.74787
MATICUSDT,SELL,LIMIT,1701016019072,400,0.74770
MATICUSDT,SELL,LIMIT,1701016021066,2894,0.74693
MATICUSDT,SELL,LIMIT,1701016022327,465,0.74698
MATICUSDT,SELL,LIMIT,1701016025067,152623,0.74437
MATICUSDT,SELL,LIMIT,1701016026940,393,0.74672
MATICUSDT,SELL,LIMIT,1701016028757,1864,0.74637
MATICUSDT,SELL,LIMIT,1701016030339,848,0.74618
MATICUSDT,SELL,LIMIT,1701016031324,29,0.74614
MATICUSDT,SELL,LIMIT,1701016032241,53,0.74607
MATICUSDT,SELL,LIMIT,1701016033121,90,0.74573
MATICUSDT,SELL,LIMIT,1701016034136,5962,0.74454
MATICUSDT,SELL,LIMIT,1701016035183,518,0.74492
MATICUSDT,SELL,LIMIT,1701016036340,8038,0.74429
MATICUSDT,SELL,LIMIT,1701016037389,23,0.74404
MATICUSDT,SELL,LIMIT,1701016038665,292,0.74323
MATICUSDT,SELL,LIMIT,1701016040097,3790,0.74297
MATICUSDT,SELL,LIMIT,1701016041047,33,0.74256
MATICUSDT,SELL,LIMIT,1701016042168,4237,0.74143
MATICUSDT,SELL,LIMIT,1701016043119,1492,0.74161
MATICUSDT,SELL,LIMIT,1701016044082,5360,0.74096
MATICUSDT,SELL,LIMIT,1701016044991,67,0.74096
MATICUSDT,SELL,LIMIT,1701016045870,184,0.74052
MATICUSDT,SELL,LIMIT,1701016047233,28,0.74009
MATICUSDT,SELL,LIMIT,1701016048064,31,0.74003
MATICUSDT,SELL,LIMIT,1701016049346,134,0.73995
MATICUSDT,SELL,LIMIT,1701016050313,2342,0.73967
MATICUSDT,SELL,LIMIT,1701016051263,2568,0.73992
MATICUSDT,SELL,LIMIT,1701016095845,676,0.74034
MATICUSDT,SELL,LIMIT,1701016097040,645,0.74088
MATICUSDT,SELL,LIMIT,1701016098062,1304,0.73891
MATICUSDT,SELL,LIMIT,1701016099065,106,0.73862
MATICUSDT,SELL,LIMIT,1701016100069,1089,0.73848
MATICUSDT,SELL,LIMIT,1701016101120,3801,0.73761
MATICUSDT,SELL,LIMIT,1701016102038,667,0.73761
MATICUSDT,SELL,LIMIT,1701016104104,1593,0.73778
MATICUSDT,BUY,LIMIT,1701016155124,3950,0.75220
MATICUSDT,BUY,LIMIT,1701017041579,6689,0.75453
MATICUSDT,BUY,LIMIT,1701019998046,66,0.75856
MATICUSDT,BUY,LIMIT,1701020266140,73,0.75945
MATICUSDT,BUY,LIMIT,1701020297786,2511,0.75976
MATICUSDT,BUY,LIMIT,1701022244163,1652,0.76039
MATICUSDT,BUY,LIMIT,1701022288243,6652,0.76133
MATICUSDT,BUY,LIMIT,1701022343817,120,0.76193
MATICUSDT,BUY,LIMIT,1701022371562,421,0.76228
MATICUSDT,BUY,LIMIT,1701022432847,797,0.76272
MATICUSDT,SELL,LIMIT,1701023357786,311,0.74779
MATICUSDT,BUY,LIMIT,1701023988684,258,0.75651
MATICUSDT,SELL,LIMIT,1701024632895,292,0.74753
MATICUSDT,SELL,LIMIT,1701025024737,13239,0.74759
MATICUSDT,BUY,LIMIT,1701025704538,1046,0.76183
MATICUSDT,BUY,LIMIT,1701028483321,2140,0.76210
MATICUSDT,BUY,LIMIT,1701028500192,242,0.76213
MATICUSDT,BUY,LIMIT,1701028952016,1513,0.76450
MATICUSDT,BUY,LIMIT,1701030191002,529,0.76481
MATICUSDT,BUY,LIMIT,1701030211493,13058,0.76496
MATICUSDT,BUY,LIMIT,1701030329115,255,0.76530
MATICUSDT,BUY,LIMIT,1701030332028,7,0.76535
MATICUSDT,BUY,LIMIT,1701030562168,1336,0.76542
MATICUSDT,BUY,LIMIT,1701030647304,15,0.76582
MATICUSDT,BUY,LIMIT,1701030648357,31,0.76579
MATICUSDT,BUY,LIMIT,1701030661238,9,0.76592
MATICUSDT,BUY,LIMIT,1701031385117,3970,0.76715
MATICUSDT,BUY,LIMIT,1701031388425,474,0.76750
MATICUSDT,BUY,LIMIT,1701031389629,170,0.76764
MATICUSDT,BUY,LIMIT,1701031591381,1500,0.76836
MATICUSDT,BUY,LIMIT,1701031601113,502,0.76910
MATICUSDT,BUY,LIMIT,1701031676134,403,0.76964
MATICUSDT,BUY,LIMIT,1701031717670,2944,0.76980
MATICUSDT,BUY,LIMIT,1701031728160,216,0.76998
MATICUSDT,BUY,LIMIT,1701031731883,29,0.77006
MATICUSDT,BUY,LIMIT,1701031752736,937,0.77071
MATICUSDT,BUY,LIMIT,1701031763284,28,0.77132
MATICUSDT,BUY,LIMIT,1701031788388,4211,0.77178
MATICUSDT,BUY,LIMIT,1701031800333,17,0.77398
MATICUSDT,SELL,LIMIT,1701039952886,977,0.75714
MATICUSDT,SELL,LIMIT,1701040044701,2690,0.75661
MATICUSDT,SELL,LIMIT,1701040106507,1044,0.75595
MATICUSDT,SELL,LIMIT,1701040110257,912,0.75593
MATICUSDT,SELL,LIMIT,1701040134892,1829,0.75561
MATICUSDT,SELL,LIMIT,1701040348345,21,0.75495
MATICUSDT,SELL,LIMIT,1701040606289,2059,0.75531
MATICUSDT,BUY,LIMIT,1701044615483,152,0.76948
MATICUSDT,BUY,LIMIT,1701044894306,82,0.77120
MATICUSDT,BUY,LIMIT,1701044944201,390,0.77125
MATICUSDT,BUY,LIMIT,1701045017618,363,0.77177
MATICUSDT,BUY,LIMIT,1701045037486,76,0.77195
MATICUSDT,BUY,LIMIT,1701045568249,60,0.77149
MATICUSDT,BUY,LIMIT,1701047220212,4852,0.77251
MATICUSDT,SELL,LIMIT,1701049239920,9777,0.75631
MATICUSDT,SELL,LIMIT,1701049247312,703,0.75624
MATICUSDT,SELL,LIMIT,1701050668439,50,0.75449
MATICUSDT,SELL,LIMIT,1701050758944,5837,0.75388
MATICUSDT,SELL,LIMIT,1701050766316,35,0.75365
MATICUSDT,SELL,LIMIT,1701050847569,2488,0.75344
MATICUSDT,SELL,LIMIT,1701051347424,694,0.75367
MATICUSDT,SELL,LIMIT,1701051378428,235,0.75324
MATICUSDT,SELL,LIMIT,1701051937021,305,0.75238
MATICUSDT,SELL,LIMIT,1701052260322,88,0.75217
MATICUSDT,SELL,LIMIT,1701052282619,776,0.75147
MATICUSDT,SELL,LIMIT,1701052286448,1130,0.75148
MATICUSDT,SELL,LIMIT,1701052636251,1447,0.75136
MATICUSDT,SELL,LIMIT,1701052642186,27,0.75134
MATICUSDT,SELL,LIMIT,1701052811800,4259,0.75070
MATICUSDT,SELL,LIMIT,1701052820167,1429,0.75060
MATICUSDT,SELL,LIMIT,1701052824351,255,0.75060
MATICUSDT,SELL,LIMIT,1701052843382,450,0.75022
MATICUSDT,SELL,LIMIT,1701052867204,175,0.75019
MATICUSDT,SELL,LIMIT,1701052873875,218,0.74996
MATICUSDT,SELL,LIMIT,1701052881525,401,0.74942
MATICUSDT,SELL,LIMIT,1701053138229,19,0.74922
MATICUSDT,SELL,LIMIT,1701053171519,75,0.74916
MATICUSDT,SELL,LIMIT,1701053185170,13041,0.74898
MATICUSDT,SELL,LIMIT,1701054468116,4817,0.74930
MATICUSDT,SELL,LIMIT,1701054609124,2000,0.74909
MATICUSDT,SELL,LIMIT,1701054620305,15386,0.74878
MATICUSDT,SELL,LIMIT,1701054951685,1051,0.74981
MATICUSDT,SELL,LIMIT,1701055059129,1859,0.74863
MATICUSDT,SELL,LIMIT,1701055692648,99,0.74778
MATICUSDT,SELL,LIMIT,1701055752957,1343,0.74766
MATICUSDT,SELL,LIMIT,1701055826600,87,0.74699
MATICUSDT,SELL,LIMIT,1701056027022,18605,0.74621
MATICUSDT,SELL,LIMIT,1701056053502,5847,0.74627
MATICUSDT,SELL,LIMIT,1701056055042,400,0.74591
MATICUSDT,SELL,LIMIT,1701056102218,5637,0.74568
MATICUSDT,SELL,LIMIT,1701056109742,105,0.74559
MATICUSDT,SELL,LIMIT,1701056111608,72,0.74518
MATICUSDT,SELL,LIMIT,1701056115137,390,0.74474
MATICUSDT,SELL,LIMIT,1701056165055,572,0.74410
MATICUSDT,SELL,LIMIT,1701056247210,7863,0.74446
MATICUSDT,BUY,LIMIT,1701057764341,133,0.75972
MATICUSDT,BUY,LIMIT,1701060996672,360,0.76305
MATICUSDT,BUY,LIMIT,1701061001611,253,0.76316
