Symbol,Side,Order Type,Time,Quantity,Price
MATICUSDT,BUY,LIMIT,1701917455172,51,0.83366
MATICUSDT,SELL,LIMIT,1701918537089,500,0.81672
MATICUSDT,SELL,LIMIT,1701919094438,371,0.81926
MATICUSDT,BUY,LIMIT,1701922115939,609,0.83698
MATICUSDT,BUY,LIMIT,1701922494297,475,0.83805
MATICUSDT,BUY,LIMIT,1701923262829,72,0.84092
MATICUSDT,BUY,LIMIT,1701924343748,1698,0.84295
MATICUSDT,BUY,LIMIT,1701924657046,1572,0.84260
MATICUSDT,BUY,LIMIT,1701926859624,163,0.84626
MATICUSDT,BUY,LIMIT,1701926962788,98,0.84724
MATICUSDT,BUY,LIMIT,1701927621071,612,0.84534
MATICUSDT,BUY,LIMIT,1701929081704,940,0.84426
MATICUSDT,BUY,LIMIT,1701930531961,300000,0.85088
MATICUSDT,BUY,LIMIT,1701930629324,3710,0.84947
MATICUSDT,SELL,LIMIT,1701936834071,14,0.83709
MATICUSDT,SELL,LIMIT,1701936909780,336,0.83258
MATICUSDT,SELL,LIMIT,1701936910865,1551,0.83247
MATICUSDT,SELL,LIMIT,1701936912193,45,0.83205
MATICUSDT,SELL,LIMIT,1701936922508,2976,0.83109
MATICUSDT,SELL,LIMIT,1701937369208,4161,0.83164
MATICUSDT,SELL,LIMIT,1701937391915,1590,0.83008
MATICUSDT,SELL,LIMIT,1701937392984,434,0.82973
MATICUSDT,SELL,LIMIT,1701937394180,876,0.82951
MATICUSDT,SELL,LIMIT,1701937396074,250,0.82959
MATICUSDT,SELL,LIMIT,1701937397255,799,0.82904
MATICUSDT,BUY,LIMIT,1701938362420,216,0.84480
MATICUSDT,SELL,LIMIT,1701939131966,24,0.82838
MATICUSDT,SELL,LIMIT,1701939393254,5960,0.82776
MATICUSDT,SELL,LIMIT,1701939544093,232,0.82671
MATICUSDT,SELL,LIMIT,1701939566888,779,0.82627
MATICUSDT,SELL,LIMIT,1701939568433,1000,0.82631
MATICUSDT,SELL,LIMIT,1701939572824,5822,0.82571
MATICUSDT,SELL,LIMIT,1701939969117,453,0.82532
MATICUSDT,SELL,LIMIT,1701939972066,113,0.82454
MATICUSDT,SELL,LIMIT,1701939973276,1184,0.82475
MATICUSDT,BUY,LIMIT,1701939976921,598,0.83417
MATICUSDT,SELL,LIMIT,1701940002127,3827,0.82415
MATICUSDT,SELL,LIMIT,1701940005341,100,0.82337
MATICUSDT,SELL,LIMIT,1701940006506,27,0.82335
MATICUSDT,SELL,LIMIT,1701940008672,9571,0.82291
MATICUSDT,SELL,LIMIT,1701940011564,288,0.82268
MATICUSDT,SELL,LIMIT,1701940012619,3505,0.82261
MATICUSDT,SELL,LIMIT,1701940451571,960,0.82157
MATICUSDT,SELL,LIMIT,1701940473252,948,0.82114
MATICUSDT,SELL,LIMIT,1701940537160,104,0.82089
MATICUSDT,SELL,LIMIT,1701940552288,417,0.82065
MATICUSDT,SELL,LIMIT,1701940555230,1582,0.82025
MATICUSDT,SELL,LIMIT,1701940556315,11826,0.81998
MATICUSDT,SELL,LIMIT,1701940558779,479,0.81966
MATICUSDT,SELL,LIMIT,1701940559804,246,0.81930
MATICUSDT,SELL,LIMIT,1701940563261,33,0.81866
MATICUSDT,SELL,LIMIT,1701940567308,7103,0.81828
MATICUSDT,SELL,LIMIT,1701940678503,562,0.81693
MATICUSDT,SELL,LIMIT,1701940796579,1226,0.81689
MATICUSDT,SELL,LIMIT,1701940959447,12,0.81611
MATICUSDT,SELL,LIMIT,1701940991175,3747,0.81564
MATICUSDT,SELL,LIMIT,1701941047476,12153,0.81466
MATICUSDT,SELL,LIMIT,1701941064391,556,0.81414
MATICUSDT,SELL,LIMIT,1701941069893,141,0.81360
MATICUSDT,SELL,LIMIT,1701941071058,139,0.81329
MATICUSDT,SELL,LIMIT,1701941076052,7195,0.81293
MATICUSDT,SELL,LIMIT,1701941106111,204,0.81282
MATICUSDT,SELL,LIMIT,1701941107425,819,0.81264
MATICUSDT,SELL,LIMIT,1701941109003,40,0.81252
MATICUSDT,SELL,LIMIT,1701941110080,306,0.81241
MATICUSDT,SELL,LIMIT,1701941112196,7251,0.81160
MATICUSDT,SELL,LIMIT,1701941146709,12,0.81190
MATICUSDT,SELL,LIMIT,1701941150788,100,0.81137
MATICUSDT,SELL,LIMIT,1701941153426,10,0.81111
MATICUSDT,SELL,LIMIT,1701941155035,890,0.81101
MATICUSDT,SELL,LIMIT,1701941161030,16,0.80972
MATICUSDT,SELL,LIMIT,1701941174564,7460,0.80935
MATICUSDT,SELL,LIMIT,1701941181499,609,0.80898
MATICUSDT,SELL,LIMIT,1701941182949,1516,0.80887
MATICUSDT,SELL,LIMIT,1701941185829,243,0.80885
MATICUSDT,SELL,LIMIT,1701941187226,3870,0.80830
MATICUSDT,SELL,LIMIT,1701941188315,21,0.80793
MATICUSDT,SELL,LIMIT,1701941189476,36,0.80747
MATICUSDT,SELL,LIMIT,1701941193361,307,0.80738
MATICUSDT,SELL,LIMIT,1701941234348,666,0.80773
MATICUSDT,SELL,LIMIT,1701941239359,104,0.80674
MATICUSDT,SELL,LIMIT,1701941240360,1541,0.80752
MATICUSDT,SELL,LIMIT,1701941243565,677,0.80674
MATICUSDT,SELL,LIMIT,1701941245310,1504,0.81112
MATICUSDT,SELL,LIMIT,1701941246328,27,0.80659
MATICUSDT,SELL,LIMIT,1701941256103,3878,0.80623
MATICUSDT,BUY,LIMIT,1701941765410,149,0.82632
MATICUSDT,SELL,LIMIT,1701942406916,1000,0.82020
MATICUSDT,SELL,LIMIT,1701943657810,2198,0.81509
MATICUSDT,SELL,LIMIT,1701946517295,454,0.81206
MATICUSDT,BUY,LIMIT,1701948130203,1101,0.82763
MATICUSDT,BUY,LIMIT,1701948149711,131,0.82811
MATICUSDT,BUY,LIMIT,1701948402382,353,0.82864
MATICUSDT,SELL,LIMIT,1701949445358,332,0.81205
MATICUSDT,SELL,LIMIT,1701949484790,100,0.81166
MATICUSDT,SELL,LIMIT,1701949654562,6202,0.81156
MATICUSDT,SELL,LIMIT,1701949697060,12154,0.81095
MATICUSDT,SELL,LIMIT,1701949700477,339,0.81075
MATICUSDT,SELL,LIMIT,1701950638025,591,0.80972
MATICUSDT,SELL,LIMIT,1701950640144,86,0.80972
MATICUSDT,SELL,LIMIT,1701950674016,658,0.80894
MATICUSDT,SELL,LIMIT,1701951324769,357,0.84843
MATICUSDT,SELL,LIMIT,1701951902032,1011,0.81248
MATICUSDT,SELL,LIMIT,1701951919510,35,0.81149
MATICUSDT,BUY,LIMIT,1701952769245,65,0.82799
MATICUSDT,BUY,LIMIT,1701953152698,76,0.82836
MATICUSDT,BUY,LIMIT,1701953976591,1,0.82894
MATICUSDT,SELL,LIMIT,1701955848344,57,0.81351
MATICUSDT,SELL,LIMIT,1701956183456,121,0.81068
MATICUSDT,SELL,LIMIT,1701956877285,7996,0.81041
MATICUSDT,SELL,LIMIT,1701956906423,439,0.80940
MATICUSDT,BUY,LIMIT,1701959757093,307,0.82723
MATICUSDT,BUY,LIMIT,1701959769247,133,0.82771
MATICUSDT,BUY,LIMIT,1701961027441,12269,0.82652
MATICUSDT,BUY,LIMIT,1701962313905,2727,0.83119
MATICUSDT,BUY,LIMIT,1701962317222,1119,0.83159
MATICUSDT,BUY,LIMIT,1701962327005,60,0.83178
MATICUSDT,BUY,LIMIT,1701962366681,207,0.83251
MATICUSDT,BUY,LIMIT,1701962383538,4931,0.83320
MATICUSDT,BUY,LIMIT,1701962408371,381,0.83464
MATICUSDT,BUY,LIMIT,1701962532425,4812,0.83357
MATICUSDT,BUY,LIMIT,1701962843100,230,0.83657
MATICUSDT,BUY,LIMIT,1701963022134,13,0.83788
MATICUSDT,BUY,LIMIT,1701963023511,700,0.83789
MATICUSDT,BUY,LIMIT,1701963030075,1640,0.83801
MATICUSDT,BUY,LIMIT,1701963314405,142,0.83892
MATICUSDT,BUY,LIMIT,1701963344805,5815,0.84016
MATICUSDT,BUY,LIMIT,1701963482676,96,0.84123
MATICUSDT,BUY,LIMIT,1701963500764,1051,0.84165
MATICUSDT,BUY,LIMIT,1701963599811,473,0.84252
MATICUSDT,BUY,LIMIT,1701963685251,7,0.84268
MATICUSDT,SELL,LIMIT,1701964747414,287,0.83158
MATICUSDT,SELL,LIMIT,1701964911152,174,0.83079
MATICUSDT,BUY,LIMIT,1701965123463,1931,0.84410
MATICUSDT,BUY,LIMIT,1701965141647,1503,0.84478
MATICUSDT,BUY,LIMIT,1701965146755,30156,0.84549
MATICUSDT,BUY,LIMIT,1701965187530,366,0.84514
MATICUSDT,BUY,LIMIT,1701965218540,6,0.84557
MATICUSDT,SELL,LIMIT,1701965327476,60,0.83690
MATICUSDT,SELL,LIMIT,1701965439827,1000,0.83521
MATICUSDT,BUY,LIMIT,1701965868050,294,0.84624
MATICUSDT,BUY,LIMIT,1701965899178,4749,0.84753
MATICUSDT,BUY,LIMIT,1701965900290,60,0.84754
MATICUSDT,BUY,LIMIT,1701966138170,8,0.84843
MATICUSDT,BUY,LIMIT,1701966144313,28,0.84893
MATICUSDT,BUY,LIMIT,1701966147175,21,0.84917
MATICUSDT,BUY,LIMIT,1701966152703,345,0.84952
MATICUSDT,BUY,LIMIT,1701966177267,181,0.85082
MATICUSDT,BUY,LIMIT,1701966210138,40,0.85087
MATICUSDT,BUY,LIMIT,1701966319929,59,0.85124
MATICUSDT,BUY,LIMIT,1701966410560,3278,0.85161
MATICUSDT,BUY,LIMIT,1701966423950,347,0.85211
MATICUSDT,BUY,LIMIT,1701966789476,839,0.85315
MATICUSDT,BUY,LIMIT,1701966801453,7140,0.85409
MATICUSDT,BUY,LIMIT,1701966817711,161,0.85415
MATICUSDT,BUY,LIMIT,1701966850374,80,0.85431
MATICUSDT,BUY,LIMIT,1701966860824,80,0.85460
MATICUSDT,BUY,LIMIT,1701967116839,16,0.85543
MATICUSDT,BUY,LIMIT,1701967153777,32,0.85584
MATICUSDT,BUY,LIMIT,1701967157263,241,0.85578
MATICUSDT,BUY,LIMIT,1701967159870,28,0.85580
MATICUSDT,BUY,LIMIT,1701967181584,26,0.85644
MATICUSDT,BUY,LIMIT,1701967184581,1692,0.85670
MATICUSDT,BUY,LIMIT,1701967235053,195,0.85700
MATICUSDT,BUY,LIMIT,1701967240700,254,0.85733
MATICUSDT,BUY,LIMIT,1701967243364,155,0.85806
MATICUSDT,BUY,LIMIT,1701967244891,48,0.85875
MATICUSDT,BUY,LIMIT,1701967246446,24,0.85892
MATICUSDT,BUY,LIMIT,1701967256436,500,0.85957
MATICUSDT,BUY,LIMIT,1701967492384,188,0.85943
MATICUSDT,BUY,LIMIT,1701967567090,349,0.85992
MATICUSDT,BUY,LIMIT,1701967595206,3142,0.86033
MATICUSDT,BUY,LIMIT,1701967726695,2291,0.86116
MATICUSDT,BUY,LIMIT,1701967728892,153,0.86114
MATICUSDT,BUY,LIMIT,1701967732060,1192,0.86123
MATICUSDT,BUY,LIMIT,1701967742698,2,0.86142
MATICUSDT,BUY,LIMIT,1701967749493,1949,0.86147
MATICUSDT,BUY,LIMIT,1701967751141,3634,0.86161
MATICUSDT,BUY,LIMIT,1701967764445,2007,0.86219
MATICUSDT,BUY,LIMIT,1701967765560,265,0.86223
MATICUSDT,BUY,LIMIT,1701967767947,510,0.86274
MATICUSDT,BUY,LIMIT,1701967773486,4199,0.86285
MATICUSDT,BUY,LIMIT,1701967774710,5000,0.86292
MATICUSDT,BUY,LIMIT,1701967788509,128,0.86332
MATICUSDT,BUY,LIMIT,1701967790970,71,0.86340
MATICUSDT,BUY,LIMIT,1701967801751,2219,0.86380
MATICUSDT,BUY,LIMIT,1701967815233,2472,0.86366
MATICUSDT,BUY,LIMIT,1701967819223,25398,0.86367
MATICUSDT,BUY,LIMIT,1701968152396,374,0.86153
MATICUSDT,BUY,LIMIT,1701968156176,7128,0.86185
MATICUSDT,BUY,LIMIT,1701968404061,2430,0.86219
MATICUSDT,SELL,LIMIT,1701968914695,841,0.84401
MATICUSDT,SELL,LIMIT,1701968921033,8876,0.84373
MATICUSDT,SELL,LIMIT,1701968922322,108,0.84368
MATICUSDT,SELL,LIMIT,1701968926687,55,0.84355
MATICUSDT,SELL,LIMIT,1701968940368,2663,0.84319
MATICUSDT,SELL,LIMIT,1701968943449,56,0.84290
MATICUSDT,SELL,LIMIT,1701969151250,3641,0.84077
MATICUSDT,SELL,LIMIT,1701969161975,100,0.84040
MATICUSDT,BUY,LIMIT,1701969314345,6700,0.85525
MATICUSDT,BUY,LIMIT,1701969620222,4035,0.85815
MATICUSDT,BUY,LIMIT,1701970400232,9364,0.85954
MATICUSDT,BUY,LIMIT,1701970568976,5567,0.86148
MATICUSDT,BUY,LIMIT,1701970662949,876,0.86360
MATICUSDT,BUY,LIMIT,1701970687136,257,0.86391
MATICUSDT,SELL,LIMIT,1701971014673,5521,0.84608
MATICUSDT,BUY,LIMIT,1701971753362,999,0.85977
MATICUSDT,SELL,LIMIT,1701974278500,47,0.84148
MATICUSDT,SELL,LIMIT,1701974425174,425,0.84036
MATICUSDT,SELL,LIMIT,1701974760830,612,0.83877
MATICUSDT,SELL,LIMIT,1701976300558,5,0.83806
MATICUSDT,SELL,LIMIT,1701976302338,1000,0.83796
MATICUSDT,SELL,LIMIT,1701976303370,114,0.83731
MATICUSDT,SELL,LIMIT,1701976304563,2204,0.83717
MATICUSDT,SELL,LIMIT,1701976425485,5889,0.83690
MATICUSDT,SELL,LIMIT,1701976451302,7,0.83622
MATICUSDT,SELL,LIMIT,1701976854391,314,0.83497
MATICUSDT,SELL,LIMIT,1701976858766,596,0.83407
MATICUSDT,SELL,LIMIT,1701976859895,9,0.83368
MATICUSDT,SELL,LIMIT,1701976899334,5882,0.83334
MATICUSDT,SELL,LIMIT,1701977066389,697,0.83320
MATICUSDT,SELL,LIMIT,1701977076258,6139,0.83304
MATICUSDT,SELL,LIMIT,1701977168562,27,0.83248
MATICUSDT,SELL,LIMIT,1701977268236,2396,0.83139
MATICUSDT,SELL,LIMIT,1701978083145,873,0.82980
MATICUSDT,SELL,LIMIT,1701978093808,456,0.82946
MATICUSDT,SELL,LIMIT,1701978255303,5850,0.82858
MATICUSDT,BUY,LIMIT,1701979898095,19,0.84590
MATICUSDT,SELL,LIMIT,1701981418698,2474,0.82959
MATICUSDT,SELL,LIMIT,1701981502646,17,0.82941
MATICUSDT,SELL,LIMIT,1701981554344,30001,0.82788
MATICUSDT,SELL,LIMIT,1701981590900,925,0.82791
MATICUSDT,SELL,LIMIT,1701982307254,178,0.82711
MATICUSDT,SELL,LIMIT,1701982309060,13,0.82655
MATICUSDT,SELL,LIMIT,1701982362281,23405,0.82610
MATICUSDT,SELL,LIMIT,1701982383533,2200,0.82602
MATICUSDT,SELL,LIMIT,1701982385492,36,0.82570
MATICUSDT,SELL,LIMIT,1701982391071,457,0.82487
MATICUSDT,SELL,LIMIT,1701982393247,2990,0.82446
MATICUSDT,SELL,LIMIT,1701982397377,169,0.82417
MATICUSDT,BUY,LIMIT,1701984742366,124,0.84188
MATICUSDT,BUY,LIMIT,1701984744334,191,0.84670
MATICUSDT,BUY,LIMIT,1701984758087,20,0.84736
MATICUSDT,SELL,LIMIT,1701984759413,133,0.83939
MATICUSDT,BUY,LIMIT,1701986511891,632,0.85150
MATICUSDT,BUY,LIMIT,1701986574501,716,0.85291
MATICUSDT,BUY,LIMIT,1701986575909,1195,0.85301
MATICUSDT,BUY,LIMIT,1701987528447,13,0.84856
MATICUSDT,SELL,LIMIT,1701988325647,519,0.83577
MATICUSDT,SELL,LIMIT,1701988351511,282,0.83500
MATICUSDT,SELL,LIMIT,1701988368239,520,0.83477
MATICUSDT,SELL,LIMIT,1701988432265,147,0.83443
MATICUSDT,SELL,LIMIT,1701988440726,14,0.83434
MATICUSDT,SELL,LIMIT,1701988475006,11822,0.83328
MATICUSDT,SELL,LIMIT,1701988478790,1533,0.83329
MATICUSDT,SELL,LIMIT,1701988556625,91,0.83522
MATICUSDT,SELL,LIMIT,1701988572188,830,0.83278
MATICUSDT,SELL,LIMIT,1701989785207,111,0.83042
MATICUSDT,SELL,LIMIT,1701989798287,8500,0.82986
MATICUSDT,BUY,LIMIT,1701993362308,12,0.84814
MATICUSDT,BUY,LIMIT,1701994168776,5554,0.85373
MATICUSDT,BUY,LIMIT,1701994171412,5944,0.85383
MATICUSDT,BUY,LIMIT,1701994826715,5391,0.85520
MATICUSDT,BUY,LIMIT,1701995103105,472,0.85754
MATICUSDT,SELL,LIMIT,1701997746837,73,0.83865
MATICUSDT,SELL,LIMIT,1701997761380,489,0.83786
MATICUSDT,BUY,LIMIT,1701998283380,154,0.85432
MATICUSDT,BUY,LIMIT,1701998315065,1003,0.85566
MATICUSDT,BUY,LIMIT,1701998342892,272,0.85665
MATICUSDT,BUY,LIMIT,1701998379166,445,0.85922
MATICUSDT,SELL,LIMIT,1702001928779,12,0.84137
MATICUSDT,SELL,LIMIT,1702002936282,2772,0.84110
MATICUSDT,SELL,LIMIT,1702003725072,1127,0.84067
MATICUSDT,BUY,LIMIT,1702003854932,310,0.85061
MATICUSDT,BUY,LIMIT,1702004042022,1400,0.85475
MATICUSDT,BUY,LIMIT,1702005522983,20,0.85873
MATICUSDT,BUY,LIMIT,1702005560982,973,0.85959
MATICUSDT,BUY,LIMIT,1702005646147,547,0.85908
MATICUSDT,BUY,LIMIT,1702005654646,82,0.85925
MATICUSDT,BUY,LIMIT,1702005673336,11705,0.86032
MATICUSDT,BUY,LIMIT,1702005687663,2815,0.86060
MATICUSDT,BUY,LIMIT,1702005723324,2857,0.86115
MATICUSDT,BUY,LIMIT,1702005814140,3160,0.86108
MATICUSDT,BUY,LIMIT,1702005816262,90,0.86113
MATICUSDT,BUY,LIMIT,1702005819398,366,0.86116
MATICUSDT,BUY,LIMIT,1702006591593,1322,0.85922
MATICUSDT,BUY,LIMIT,1702006594909,398,0.85967
MATICUSDT,BUY,LIMIT,1702006669105,89,0.85863
MATICUSDT,BUY,LIMIT,1702006970760,389,0.86048
MATICUSDT,BUY,LIMIT,1702007011384,104,0.86101
MATICUSDT,BUY,LIMIT,1702007080162,111,0.86149
MATICUSDT,BUY,LIMIT,1702007096650,160,0.86143
MATICUSDT,BUY,LIMIT,1702007105770,1200,0.86158
MATICUSDT,BUY,LIMIT,1702007120269,55,0.86190
MATICUSDT,BUY,LIMIT,1702007154541,33,0.86224
MATICUSDT,BUY,LIMIT,1702008861814,7996,0.86305
MATICUSDT,BUY,LIMIT,1702008918777,3759,0.86408
MATICUSDT,BUY,LIMIT,1702009596189,11920,0.86095
MATICUSDT,BUY,LIMIT,1702009676987,714,0.86098
MATICUSDT,SELL,LIMIT,1702011110733,474,0.84709
MATICUSDT,BUY,LIMIT,1702015829268,8981,0.86093
MATICUSDT,BUY,LIMIT,1702015901369,1122,0.86170
MATICUSDT,BUY,LIMIT,1702015946372,135,0.86226
MATICUSDT,BUY,LIMIT,1702015987107,6,0.86281
MATICUSDT,BUY,LIMIT,1702016154522,2100,0.86412
MATICUSDT,SELL,LIMIT,1702016234171,85,0.85357
MATICUSDT,BUY,LIMIT,1702016742219,1770,0.86349
MATICUSDT,SELL,LIMIT,1702017042467,168,0.85366
MATICUSDT,BUY,LIMIT,1702017786334,777,0.85865
MATICUSDT,BUY,LIMIT,1702018126142,143,0.85992
MATICUSDT,BUY,LIMIT,1702018380321,3824,0.86218
MATICUSDT,BUY,LIMIT,1702018385312,6,0.86189
MATICUSDT,BUY,LIMIT,1702018470541,2329,0.86405
MATICUSDT,BUY,LIMIT,1702018477485,1021,0.86417
MATICUSDT,BUY,LIMIT,1702018479694,874,0.86427
MATICUSDT,BUY,LIMIT,1702018502074,9,0.86445
MATICUSDT,BUY,LIMIT,1702018507696,25,0.86469
MATICUSDT,BUY,LIMIT,1702018537293,15,0.86517
MATICUSDT,BUY,LIMIT,1702018539499,186,0.86526
MATICUSDT,BUY,LIMIT,1702018590694,221,0.86622
MATICUSDT,BUY,LIMIT,1702018608192,182,0.86674
MATICUSDT,BUY,LIMIT,1702018622324,41,0.86712
MATICUSDT,BUY,LIMIT,1702018634843,3506,0.86744
MATICUSDT,BUY,LIMIT,1702018654109,3806,0.86759
MATICUSDT,BUY,LIMIT,1702018680167,20874,0.86831
MATICUSDT,BUY,LIMIT,1702018685808,2842,0.86802
MATICUSDT,BUY,LIMIT,1702018688413,10199,0.86853
MATICUSDT,BUY,LIMIT,1702018718913,1282,0.86882
MATICUSDT,BUY,LIMIT,1702018724823,30,0.86902
MATICUSDT,BUY,LIMIT,1702018728522,93,0.86931
MATICUSDT,BUY,LIMIT,1702019287350,98,0.86987
MATICUSDT,BUY,LIMIT,1702019291216,127,0.87062
MATICUSDT,BUY,LIMIT,1702019301653,30193,0.87149
MATICUSDT,BUY,LIMIT,1702019302725,208,0.87097
MATICUSDT,BUY,LIMIT,1702019306961,12,0.87114
MATICUSDT,BUY,LIMIT,1702019309063,100,0.87124
MATICUSDT,BUY,LIMIT,1702019325330,26,0.87168
MATICUSDT,BUY,LIMIT,1702019329932,261,0.87198
MATICUSDT,BUY,LIMIT,1702019333254,633,0.87201
MATICUSDT,BUY,LIMIT,1702019347407,696,0.87230
MATICUSDT,BUY,LIMIT,1702019351716,3,0.87247
MATICUSDT,SELL,LIMIT,1702019543677,1531,0.85552
MATICUSDT,SELL,LIMIT,1702020183199,185,0.85178
MATICUSDT,SELL,LIMIT,1702020184874,89,0.85131
MATICUSDT,SELL,LIMIT,1702020192323,74,0.85079
MATICUSDT,SELL,LIMIT,1702020223451,568,0.85064
MATICUSDT,SELL,LIMIT,1702020414538,5599,0.84918
MATICUSDT,SELL,LIMIT,1702020504305,45,0.84900
MATICUSDT,SELL,LIMIT,1702020530518,37,0.84784
MATICUSDT,BUY,LIMIT,1702021622059,544,0.86614
MATICUSDT,BUY,LIMIT,1702021631444,316,0.86706
MATICUSDT,BUY,LIMIT,1702021703333,6,0.86820
MATICUSDT,BUY,LIMIT,1702021752865,3921,0.87000
MATICUSDT,SELL,LIMIT,1702022534579,418,0.85236
MATICUSDT,BUY,LIMIT,1702023843647,100,0.87083
MATICUSDT,BUY,LIMIT,1702023860102,2568,0.87135
MATICUSDT,BUY,LIMIT,1702023898205,3971,0.87281
MATICUSDT,BUY,LIMIT,1702023899251,977,0.87303
MATICUSDT,BUY,LIMIT,1702023900840,4543,0.87314
MATICUSDT,BUY,LIMIT,1702023902241,99,0.87338
MATICUSDT,BUY,LIMIT,1702024003824,66,0.87405
MATICUSDT,SELL,LIMIT,1702024650269,3083,0.85606
MATICUSDT,SELL,LIMIT,1702024651985,1268,0.85597
MATICUSDT,BUY,LIMIT,1702027101711,3598,0.86697
MATICUSDT,BUY,LIMIT,1702027114954,6000,0.86724
MATICUSDT,SELL,LIMIT,1702029309515,2449,0.85402
MATICUSDT,BUY,LIMIT,1702030188125,1163,0.87063
MATICUSDT,BUY,LIMIT,1702033059118,713,0.87203
MATICUSDT,BUY,LIMIT,1702033223893,128,0.87376
MATICUSDT,BUY,LIMIT,1702033246654,19,0.87446
MATICUSDT,BUY,LIMIT,1702033272399,68,0.87494
MATICUSDT,BUY,LIMIT,1702033274393,35,0.87505
MATICUSDT,BUY,LIMIT,1702033284985,480,0.87521
MATICUSDT,SELL,LIMIT,1702033813994,76,0.86283
MATICUSDT,BUY,LIMIT,1702033876309,350,0.87407
MATICUSDT,BUY,LIMIT,1702034375160,11627,0.87524
MATICUSDT,BUY,LIMIT,1702034781243,3466,0.87470
MATICUSDT,BUY,LIMIT,1702034832373,32,0.87535
MATICUSDT,BUY,LIMIT,1702034885312,2302,0.87585
MATICUSDT,BUY,LIMIT,1702034908019,58,0.87611
MATICUSDT,BUY,LIMIT,1702034913017,358,0.87599
MATICUSDT,BUY,LIMIT,1702034962882,643,0.87661
MATICUSDT,BUY,LIMIT,1702034994720,14938,0.87713
MATICUSDT,BUY,LIMIT,1702035076234,464,0.87740
MATICUSDT,BUY,LIMIT,1702035109273,74,0.87781
MATICUSDT,BUY,LIMIT,1702035115528,11536,0.87791
MATICUSDT,BUY,LIMIT,1702035138468,580,0.87843
MATICUSDT,BUY,LIMIT,1702035157638,3029,0.87894
MATICUSDT,BUY,LIMIT,1702035162342,1263,0.87944
MATICUSDT,BUY,LIMIT,1702035163362,120,0.87952
MATICUSDT,BUY,LIMIT,1702035167502,110,0.87976
MATICUSDT,BUY,LIMIT,1702035174241,15117,0.88001
MATICUSDT,BUY,LIMIT,1702035178369,49,0.87981
MATICUSDT,BUY,LIMIT,1702035179614,107,0.87982
MATICUSDT,BUY,LIMIT,1702035190165,760,0.88000
MATICUSDT,BUY,LIMIT,1702035194166,2918,0.88019
MATICUSDT,BUY,LIMIT,1702035195222,250,0.88030
MATICUSDT,BUY,LIMIT,1702035301341,32,0.88056
MATICUSDT,BUY,LIMIT,1702035441376,104,0.87934
MATICUSDT,BUY,LIMIT,1702035490508,1530,0.87972
MATICUSDT,BUY,LIMIT,1702035582119,12,0.88101
MATICUSDT,BUY,LIMIT,1702035583457,224,0.88118
MATICUSDT,BUY,LIMIT,1702035587792,2346,0.88137
MATICUSDT,BUY,LIMIT,1702035597607,2205,0.88163
MATICUSDT,BUY,LIMIT,1702035601101,43917,0.88366
MATICUSDT,BUY,LIMIT,1702035602414,8,0.88207
MATICUSDT,BUY,LIMIT,1702035603930,9,0.88269
MATICUSDT,BUY,LIMIT,1702035604958,38,0.88272
MATICUSDT,BUY,LIMIT,1702035607236,677,0.88283
MATICUSDT,BUY,LIMIT,1702035619562,4863,0.88302
MATICUSDT,BUY,LIMIT,1702035620651,2364,0.88317
MATICUSDT,BUY,LIMIT,1702035633156,33,0.88325
MATICUSDT,BUY,LIMIT,1702035634629,11,0.88326
MATICUSDT,BUY,LIMIT,1702035641204,30,0.88345
MATICUSDT,BUY,LIMIT,1702035642417,189,0.88341
MATICUSDT,BUY,LIMIT,1702035643793,14000,0.88364
MATICUSDT,BUY,LIMIT,1702035681700,350,0.88377
MATICUSDT,BUY,LIMIT,1702035685320,12,0.88390
MATICUSDT,BUY,LIMIT,1702035714340,300,0.88442
MATICUSDT,BUY,LIMIT,1702035716029,1356,0.88468
MATICUSDT,BUY,LIMIT,1702035734214,2292,0.88477
MATICUSDT,BUY,LIMIT,1702035737143,329,0.88509
MATICUSDT,BUY,LIMIT,1702035738313,1536,0.88506
MATICUSDT,BUY,LIMIT,1702035772487,32,0.88554
MATICUSDT,BUY,LIMIT,1702035790707,70,0.88576
MATICUSDT,BUY,LIMIT,1702035806647,10,0.88579
MATICUSDT,SELL,LIMIT,1702035931684,250,0.87343
MATICUSDT,SELL,LIMIT,1702035940090,46,0.87456
MATICUSDT,BUY,LIMIT,1702036083674,46,0.88427
MATICUSDT,BUY,LIMIT,1702036193639,4,0.88356
MATICUSDT,BUY,LIMIT,1702037822586,8,0.88610
MATICUSDT,BUY,LIMIT,1702037839369,53,0.88653
MATICUSDT,BUY,LIMIT,1702037841274,689,0.88659
MATICUSDT,BUY,LIMIT,1702037844307,19,0.88685
MATICUSDT,BUY,LIMIT,1702037862639,1424,0.88776
MATICUSDT,BUY,LIMIT,1702037864882,400,0.88791
MATICUSDT,BUY,LIMIT,1702037867217,2851,0.88805
MATICUSDT,BUY,LIMIT,1702037870716,250,0.88810
MATICUSDT,BUY,LIMIT,1702037874273,919,0.88848
MATICUSDT,BUY,LIMIT,1702037883637,170,0.88853
MATICUSDT,BUY,LIMIT,1702037886222,10441,0.88856
MATICUSDT,BUY,LIMIT,1702037888364,677,0.88867
MATICUSDT,BUY,LIMIT,1702038468085,2645,0.88843
MATICUSDT,BUY,LIMIT,1702038477795,3035,0.88898
MATICUSDT,BUY,LIMIT,1702038478950,8530,0.89036
MATICUSDT,BUY,LIMIT,1702038481838,185,0.89049
MATICUSDT,BUY,LIMIT,1702038511648,80,0.89054
MATICUSDT,BUY,LIMIT,1702038518531,2421,0.89086
MATICUSDT,BUY,LIMIT,1702038579261,176,0.89137
MATICUSDT,BUY,LIMIT,1702038627858,339,0.89169
MATICUSDT,BUY,LIMIT,1702038644955,841,0.89221
MATICUSDT,BUY,LIMIT,1702039888485,194,0.89235
MATICUSDT,BUY,LIMIT,1702039965076,1265,0.89242
MATICUSDT,BUY,LIMIT,1702039966081,95,0.89248
MATICUSDT,BUY,LIMIT,1702039967998,5801,0.89266
MATICUSDT,BUY,LIMIT,1702039971663,233,0.89298
MATICUSDT,BUY,LIMIT,1702039980936,620,0.89312
MATICUSDT,BUY,LIMIT,1702040005161,150,0.89401
MATICUSDT,BUY,LIMIT,1702040006329,439,0.89413
MATICUSDT,BUY,LIMIT,1702040011175,212,0.89424
MATICUSDT,BUY,LIMIT,1702040014204,27320,0.89489
MATICUSDT,BUY,LIMIT,1702040018858,827,0.89452
MATICUSDT,BUY,LIMIT,1702040040701,165,0.89455
MATICUSDT,BUY,LIMIT,1702040054349,1000,0.89469
MATICUSDT,BUY,LIMIT,1702040056256,1302,0.89476
MATICUSDT,SELL,LIMIT,1702040993867,81,0.87383
MATICUSDT,SELL,LIMIT,1702040995743,7,0.87375
MATICUSDT,SELL,LIMIT,1702041020257,138,0.87357
MATICUSDT,SELL,LIMIT,1702041522961,181,0.87191
MATICUSDT,SELL,LIMIT,1702041757327,641,0.87128
MATICUSDT,SELL,LIMIT,1702041769986,10845,0.87112
MATICUSDT,SELL,LIMIT,1702041790637,515,0.87045
MATICUSDT,BUY,LIMIT,1702041931094,625,0.88314
MATICUSDT,SELL,LIMIT,1702042207711,567,0.87014
MATICUSDT,SELL,LIMIT,1702042213953,4111,0.86940
MATICUSDT,SELL,LIMIT,1702042215454,4057,0.86845
MATICUSDT,SELL,LIMIT,1702042229377,34,0.86805
MATICUSDT,SELL,LIMIT,1702042234366,6,0.86763
MATICUSDT,SELL,LIMIT,1702042236426,57,0.86686
MATICUSDT,SELL,LIMIT,1702042237579,525,0.86678
MATICUSDT,SELL,LIMIT,1702042240813,11284,0.86605
MATICUSDT,SELL,LIMIT,1702042244422,255,0.86593
MATICUSDT,SELL,LIMIT,1702042247080,755,0.86576
MATICUSDT,SELL,LIMIT,1702042248089,964,0.86555
MATICUSDT,SELL,LIMIT,1702043210242,44,0.87036
MATICUSDT,BUY,LIMIT,1702043693271,2368,0.88040
MATICUSDT,BUY,LIMIT,1702043699170,63,0.87774
MATICUSDT,BUY,LIMIT,1702044198546,858,0.88450
MATICUSDT,SELL,LIMIT,1702044414306,1994,0.86990
MATICUSDT,BUY,LIMIT,1702044966224,95,0.88478
MATICUSDT,BUY,LIMIT,1702044970700,1000,0.88484
MATICUSDT,BUY,LIMIT,1702045081545,10000,0.88705
MATICUSDT,BUY,LIMIT,1702045102105,17,0.88801
MATICUSDT,BUY,LIMIT,1702045121615,50,0.88886
MATICUSDT,SELL,LIMIT,1702045589716,34,0.87322
MATICUSDT,BUY,LIMIT,1702045885456,3008,0.88723
MATICUSDT,BUY,LIMIT,1702046922531,578,0.88759
MATICUSDT,BUY,LIMIT,1702047052877,89,0.88870
MATICUSDT,BUY,LIMIT,1702047698214,2598,0.89007
MATICUSDT,BUY,LIMIT,1702047700059,709,0.89042
MATICUSDT,BUY,LIMIT,1702047707129,2115,0.89065
MATICUSDT,BUY,LIMIT,1702048984720,3228,0.88759
MATICUSDT,SELL,LIMIT,1702049344124,64,0.87443
MATICUSDT,SELL,LIMIT,1702049348061,218,0.87419
MATICUSDT,SELL,LIMIT,1702049380444,230,0.87381
MATICUSDT,SELL,LIMIT,1702049416210,1026,0.87325
MATICUSDT,BUY,LIMIT,1702050454463,2177,0.88510
MATICUSDT,BUY,LIMIT,1702050456356,1651,0.88511
MATICUSDT,BUY,LIMIT,1702050726939,119,0.88335
MATICUSDT,SELL,LIMIT,1702050828486,277,0.87043
MATICUSDT,BUY,LIMIT,1702050920393,35,0.88120
MATICUSDT,SELL,LIMIT,1702050975749,6,0.87109
MATICUSDT,BUY,LIMIT,1702051257194,189,0.88266
MATICUSDT,BUY,LIMIT,1702051261345,10939,0.88255
MATICUSDT,BUY,LIMIT,1702051270893,8553,0.88326
MATICUSDT,SELL,LIMIT,1702051365653,2088,0.87529
MATICUSDT,BUY,LIMIT,1702051386904,122,0.88618
MATICUSDT,BUY,LIMIT,1702051501763,41,0.88678
MATICUSDT,SELL,LIMIT,1702051515200,60,0.87672
MATICUSDT,BUY,LIMIT,1702051523660,539,0.88734
MATICUSDT,BUY,LIMIT,1702051545086,4749,0.88771
MATICUSDT,BUY,LIMIT,1702051548958,279,0.88786
MATICUSDT,BUY,LIMIT,1702051910060,1561,0.89050
MATICUSDT,BUY,LIMIT,1702052027428,24,0.89171
MATICUSDT,BUY,LIMIT,1702052070370,659,0.89240
MATICUSDT,BUY,LIMIT,1702052081512,107,0.89311
MATICUSDT,BUY,LIMIT,1702052085192,2219,0.89337
MATICUSDT,BUY,LIMIT,1702052090809,567,0.89424
MATICUSDT,BUY,LIMIT,1702052092680,238,0.89425
MATICUSDT,BUY,LIMIT,1702052152152,427,0.89433
MATICUSDT,BUY,LIMIT,1702052155260,7369,0.89442
MATICUSDT,BUY,LIMIT,1702052161449,57,0.89461
MATICUSDT,BUY,LIMIT,1702052172161,2440,0.89546
MATICUSDT,BUY,LIMIT,1702052173352,182,0.89535
MATICUSDT,BUY,LIMIT,1702052176140,1757,0.89566
MATICUSDT,BUY,LIMIT,1702052177478,267,0.89593
MATICUSDT,BUY,LIMIT,1702052202945,4551,0.89627
MATICUSDT,BUY,LIMIT,1702052204587,941,0.89632
MATICUSDT,BUY,LIMIT,1702052208330,800,0.89637
MATICUSDT,BUY,LIMIT,1702052216765,19,0.89621
MATICUSDT,BUY,LIMIT,1702052530227,81,0.89421
MATICUSDT,BUY,LIMIT,1702052617137,145,0.89467
MATICUSDT,BUY,LIMIT,1702053523492,42,0.89351
MATICUSDT,SELL,LIMIT,1702055229079,7,0.87870
MATICUSDT,SELL,LIMIT,1702055291654,7000,0.87669
MATICUSDT,SELL,LIMIT,1702055292990,1203,0.87655
MATICUSDT,SELL,LIMIT,1702055298698,24,0.87709
MATICUSDT,SELL,LIMIT,1702055302069,6,0.87598
MATICUSDT,SELL,LIMIT,1702055350344,74,0.87490
MATICUSDT,BUY,LIMIT,1702055577293,359,0.89081
MATICUSDT,SELL,LIMIT,1702055606639,147,0.88154
MATICUSDT,BUY,LIMIT,1702056003359,21,0.89372
MATICUSDT,SELL,LIMIT,1702056008356,257,0.88681
MATICUSDT,BUY,LIMIT,1702056029828,169,0.89479
MATICUSDT,BUY,LIMIT,1702056054095,86,0.89602
MATICUSDT,BUY,LIMIT,1702056055332,20,0.89614
MATICUSDT,BUY,LIMIT,1702056071781,34,0.89655
MATICUSDT,BUY,LIMIT,1702056073032,1586,0.89675
MATICUSDT,BUY,LIMIT,1702057124359,6063,0.89748
MATICUSDT,BUY,LIMIT,1702057127254,133,0.89767
MATICUSDT,BUY,LIMIT,1702057130236,4220,0.89792
MATICUSDT,BUY,LIMIT,1702057136954,602,0.89855
MATICUSDT,BUY,LIMIT,1702057138454,82,0.89862
MATICUSDT,BUY,LIMIT,1702057139656,122,0.89881
MATICUSDT,BUY,LIMIT,1702057144082,9,0.89898
MATICUSDT,SELL,LIMIT,1702057389342,22,0.88078
MATICUSDT,SELL,LIMIT,1702057391415,468,0.88285
MATICUSDT,BUY,LIMIT,1702058588743,211,0.89564
MATICUSDT,BUY,LIMIT,1702060186113,51,0.90076
MATICUSDT,BUY,LIMIT,1702060187135,307,0.89917
MATICUSDT,BUY,LIMIT,1702063852304,61,0.90208
MATICUSDT,BUY,LIMIT,1702063856829,10,0.90254
MATICUSDT,BUY,LIMIT,1702063891261,36,0.90293
MATICUSDT,BUY,LIMIT,1702063899598,1629,0.90297
MATICUSDT,BUY,LIMIT,1702063902490,18,0.90318
MATICUSDT,BUY,LIMIT,1702063976245,1643,0.90345
MATICUSDT,BUY,LIMIT,1702063981281,300,0.90354
MATICUSDT,BUY,LIMIT,1702064012360,182,0.90398
MATICUSDT,BUY,LIMIT,1702064015683,1821,0.90430
MATICUSDT,BUY,LIMIT,1702064060752,168,0.90449
MATICUSDT,BUY,LIMIT,1702064063415,923,0.90456
MATICUSDT,BUY,LIMIT,1702064125230,19052,0.90503
MATICUSDT,BUY,LIMIT,1702064126403,670,0.90463
MATICUSDT,BUY,LIMIT,1702064194413,18,0.90059
MATICUSDT,BUY,LIMIT,1702064195842,133,0.90484
MATICUSDT,BUY,LIMIT,1702064398074,669,0.90499
MATICUSDT,BUY,LIMIT,1702064408489,856,0.90513
MATICUSDT,BUY,LIMIT,1702064409551,3668,0.90507
MATICUSDT,BUY,LIMIT,1702064571637,458,0.90538
MATICUSDT,BUY,LIMIT,1702064598090,15,0.90555
MATICUSDT,BUY,LIMIT,1702064732777,561,0.90539
MATICUSDT,BUY,LIMIT,1702065163913,37452,0.90768
MATICUSDT,BUY,LIMIT,1702065167463,12,0.90659
MATICUSDT,BUY,LIMIT,1702065169306,2429,0.90708
MATICUSDT,BUY,LIMIT,1702065171058,293,0.90732
MATICUSDT,BUY,LIMIT,1702065172393,375,0.90719
MATICUSDT,BUY,LIMIT,1702065174194,854,0.90759
MATICUSDT,BUY,LIMIT,1702065180470,37,0.90795
MATICUSDT,BUY,LIMIT,1702065188320,1756,0.90862
MATICUSDT,BUY,LIMIT,1702065189833,414,0.90893
MATICUSDT,BUY,LIMIT,1702065196504,40,0.90946
MATICUSDT,BUY,LIMIT,1702065214346,100,0.90959
MATICUSDT,BUY,LIMIT,1702065227879,4122,0.90997
MATICUSDT,BUY,LIMIT,1702065231349,105,0.91024
MATICUSDT,BUY,LIMIT,1702065235436,1297,0.91038
MATICUSDT,BUY,LIMIT,1702065292055,17,0.91121
MATICUSDT,BUY,LIMIT,1702065294255,50000,0.91343
MATICUSDT,BUY,LIMIT,1702065295385,302,0.91165
MATICUSDT,BUY,LIMIT,1702065297164,13,0.91231
MATICUSDT,BUY,LIMIT,1702065298321,996,0.91196
MATICUSDT,BUY,LIMIT,1702065310333,482,0.91253
MATICUSDT,BUY,LIMIT,1702065312578,5272,0.91278
MATICUSDT,BUY,LIMIT,1702065315168,100,0.91318
MATICUSDT,BUY,LIMIT,1702065356105,70,0.91337
MATICUSDT,BUY,LIMIT,1702065357195,549,0.91342
MATICUSDT,BUY,LIMIT,1702065358715,138,0.91362
MATICUSDT,BUY,LIMIT,1702065360093,91,0.91420
MATICUSDT,BUY,LIMIT,1702065364724,143,0.91434
MATICUSDT,BUY,LIMIT,1702065381488,647,0.91440
MATICUSDT,BUY,LIMIT,1702065413416,4,0.91475
MATICUSDT,BUY,LIMIT,1702065435282,15597,0.91538
MATICUSDT,BUY,LIMIT,1702065472469,5108,0.91577
MATICUSDT,BUY,LIMIT,1702065483464,9,0.91609
MATICUSDT,BUY,LIMIT,1702065493332,446,0.91636
MATICUSDT,BUY,LIMIT,1702065499663,199,0.91648
MATICUSDT,BUY,LIMIT,1702065528228,18,0.91701
MATICUSDT,BUY,LIMIT,1702065942715,177,0.91170
MATICUSDT,BUY,LIMIT,1702067216556,915,0.90972
MATICUSDT,BUY,LIMIT,1702067589493,777,0.90953
MATICUSDT,SELL,LIMIT,1702067779374,244,0.89670
MATICUSDT,BUY,LIMIT,1702068150476,350,0.90735
MATICUSDT,BUY,LIMIT,1702068255273,286,0.90746
MATICUSDT,BUY,LIMIT,1702068613784,900,0.91221
MATICUSDT,BUY,LIMIT,1702068715183,12,0.91173
MATICUSDT,BUY,LIMIT,1702068817358,1084,0.91123
MATICUSDT,SELL,LIMIT,1702069018954,12,0.90367
MATICUSDT,BUY,LIMIT,1702069036350,97,0.91192
MATICUSDT,BUY,LIMIT,1702069078918,54,0.91163
MATICUSDT,SELL,LIMIT,1702069555180,296,0.90339
MATICUSDT,BUY,LIMIT,1702070184498,5070,0.91007
MATICUSDT,BUY,LIMIT,1702070611297,8,0.90720
MATICUSDT,BUY,LIMIT,1702070628873,1163,0.90690
MATICUSDT,BUY,LIMIT,1702070655360,206,0.90698
MATICUSDT,BUY,LIMIT,1702070751088,431,0.90702
MATICUSDT,BUY,LIMIT,1702070895513,896,0.90831
MATICUSDT,SELL,LIMIT,1702071574670,11,0.89488
MATICUSDT,SELL,LIMIT,1702071576624,2879,0.89471
MATICUSDT,SELL,LIMIT,1702071653092,11021,0.89431
MATICUSDT,SELL,LIMIT,1702071655567,10,0.89409
MATICUSDT,SELL,LIMIT,1702071750368,8481,0.89357
MATICUSDT,SELL,LIMIT,1702071755066,1388,0.89268
MATICUSDT,SELL,LIMIT,1702071759087,477,0.89219
MATICUSDT,SELL,LIMIT,1702071760505,10549,0.89200
MATICUSDT,SELL,LIMIT,1702071761640,166,0.89123
MATICUSDT,SELL,LIMIT,1702071825549,6822,0.89058
MATICUSDT,SELL,LIMIT,1702071827058,5226,0.89040
MATICUSDT,BUY,LIMIT,1702072671667,14,0.90525
MATICUSDT,BUY,LIMIT,1702072954524,622,0.90346
MATICUSDT,BUY,LIMIT,1702075536518,7694,0.90781
MATICUSDT,BUY,LIMIT,1702075906413,17,0.90918
MATICUSDT,BUY,LIMIT,1702077264554,1386,0.90954
MATICUSDT,BUY,LIMIT,1702077283338,145,0.90967
MATICUSDT,BUY,LIMIT,1702077351643,5888,0.91077
MATICUSDT,BUY,LIMIT,1702077364000,873,0.91111
MATICUSDT,BUY,LIMIT,1702078168861,391,0.91092
MATICUSDT,SELL,LIMIT,1702078604308,2220,0.90434
MATICUSDT,BUY,LIMIT,1702078609448,204,0.91188
MATICUSDT,BUY,LIMIT,1702079191977,711,0.91318
MATICUSDT,BUY,LIMIT,1702080022974,285,0.91390
MATICUSDT,BUY,LIMIT,1702080195476,221,0.91433
MATICUSDT,BUY,LIMIT,1702080245484,1524,0.91487
MATICUSDT,BUY,LIMIT,1702080273208,1127,0.91525
MATICUSDT,BUY,LIMIT,1702080276661,349,0.91533
MATICUSDT,BUY,LIMIT,1702080390884,698,0.91535
MATICUSDT,BUY,LIMIT,1702080402587,279,0.91583
MATICUSDT,BUY,LIMIT,1702080518004,375,0.91590
MATICUSDT,BUY,LIMIT,1702080687268,164,0.91651
MATICUSDT,BUY,LIMIT,1702080750076,66,0.91586
MATICUSDT,BUY,LIMIT,1702080781351,2149,0.91671
MATICUSDT,BUY,LIMIT,1702080887266,278,0.91693
MATICUSDT,BUY,LIMIT,1702080973222,1460,0.91491
MATICUSDT,BUY,LIMIT,1702080992331,15,0.91732
MATICUSDT,BUY,LIMIT,1702081028458,260,0.91750
MATICUSDT,BUY,LIMIT,1702081031922,2140,0.91762
MATICUSDT,BUY,LIMIT,1702081035593,111,0.91807
MATICUSDT,BUY,LIMIT,1702081039696,6474,0.91833
MATICUSDT,BUY,LIMIT,1702081145389,92,0.91747
MATICUSDT,BUY,LIMIT,1702081183104,510,0.91791
MATICUSDT,BUY,LIMIT,1702081216128,10,0.91868
MATICUSDT,BUY,LIMIT,1702081222263,433,0.91886
MATICUSDT,BUY,LIMIT,1702081223701,71,0.91888
MATICUSDT,BUY,LIMIT,1702081225207,1035,0.91897
MATICUSDT,BUY,LIMIT,1702081229517,1244,0.91905
MATICUSDT,BUY,LIMIT,1702081243224,461,0.92024
MATICUSDT,BUY,LIMIT,1702081279750,979,0.92041
MATICUSDT,BUY,LIMIT,1702081282379,72,0.92054
MATICUSDT,BUY,LIMIT,1702081285996,379,0.92060
MATICUSDT,BUY,LIMIT,1702081353878,126,0.92114
MATICUSDT,BUY,LIMIT,1702081357201,32,0.92122
MATICUSDT,SELL,LIMIT,1702081364752,82,0.91058
MATICUSDT,BUY,LIMIT,1702081374817,74,0.92178
MATICUSDT,BUY,LIMIT,1702081380962,2625,0.92207
MATICUSDT,BUY,LIMIT,1702081392194,681,0.92246
MATICUSDT,BUY,LIMIT,1702081394318,7326,0.92267
MATICUSDT,BUY,LIMIT,1702081404409,1651,0.92281
MATICUSDT,BUY,LIMIT,1702081405787,42,0.92303
MATICUSDT,BUY,LIMIT,1702081407276,644,0.92317
MATICUSDT,BUY,LIMIT,1702081415949,171,0.92368
MATICUSDT,BUY,LIMIT,1702081418126,166,0.92374
MATICUSDT,BUY,LIMIT,1702081450316,167,0.92421
MATICUSDT,BUY,LIMIT,1702081462145,3201,0.92429
MATICUSDT,BUY,LIMIT,1702081473250,169,0.92465
MATICUSDT,BUY,LIMIT,1702081485554,400,0.92492
MATICUSDT,BUY,LIMIT,1702081514997,104,0.92541
MATICUSDT,BUY,LIMIT,1702081590286,100,0.92560
MATICUSDT,BUY,LIMIT,1702081623518,352,0.92401
MATICUSDT,BUY,LIMIT,1702081645585,882,0.92475
MATICUSDT,BUY,LIMIT,1702081660990,1377,0.92324
MATICUSDT,BUY,LIMIT,1702081663162,88,0.92511
MATICUSDT,BUY,LIMIT,1702081861528,1066,0.92491
MATICUSDT,BUY,LIMIT,1702081935812,7,0.92584
MATICUSDT,BUY,LIMIT,1702081956158,15,0.92596
MATICUSDT,BUY,LIMIT,1702081976943,50,0.92609
MATICUSDT,BUY,LIMIT,1702081981066,227,0.92614
MATICUSDT,BUY,LIMIT,1702081984546,285,0.92621
MATICUSDT,BUY,LIMIT,1702082040826,12,0.92501
MATICUSDT,BUY,LIMIT,1702082047744,455,0.92527
MATICUSDT,BUY,LIMIT,1702082048970,936,0.92527
MATICUSDT,BUY,LIMIT,1702082060826,200,0.92547
MATICUSDT,BUY,LIMIT,1702082276902,16,0.92715
MATICUSDT,BUY,LIMIT,1702082441745,94,0.92421
MATICUSDT,BUY,LIMIT,1702082449251,9150,0.92391
MATICUSDT,BUY,LIMIT,1702082477044,1031,0.92379
MATICUSDT,BUY,LIMIT,1702082657674,35,0.92712
MATICUSDT,BUY,LIMIT,1702082891041,9813,0.92733
MATICUSDT,BUY,LIMIT,1702082896997,7184,0.92760
MATICUSDT,BUY,LIMIT,1702082898300,120,0.92775
MATICUSDT,BUY,LIMIT,1702082905962,581,0.92800
MATICUSDT,BUY,LIMIT,1702082974937,285,0.92612
MATICUSDT,BUY,LIMIT,1702083126195,502,0.92470
MATICUSDT,SELL,LIMIT,1702083683844,552,0.90912
MATICUSDT,SELL,LIMIT,1702083807389,1249,0.90887
MATICUSDT,BUY,LIMIT,1702083859319,479,0.91958
MATICUSDT,SELL,LIMIT,1702083888577,116,0.90822
MATICUSDT,SELL,LIMIT,1702083985599,847,0.90702
MATICUSDT,SELL,LIMIT,1702084020253,9,0.90674
MATICUSDT,SELL,LIMIT,1702084092118,1543,0.90283
MATICUSDT,SELL,LIMIT,1702084139283,197,0.90160
MATICUSDT,SELL,LIMIT,1702084181225,70,0.90212
MATICUSDT,SELL,LIMIT,1702084201658,27134,0.90055
MATICUSDT,SELL,LIMIT,1702084217758,21,0.90058
MATICUSDT,SELL,LIMIT,1702084222183,56,0.89993
MATICUSDT,BUY,LIMIT,1702085317691,17,0.91793
MATICUSDT,BUY,LIMIT,1702085336178,765,0.91830
MATICUSDT,BUY,LIMIT,1702085555501,289,0.91877
MATICUSDT,BUY,LIMIT,1702085609116,51,0.92107
MATICUSDT,BUY,LIMIT,1702085803356,117,0.92262
MATICUSDT,BUY,LIMIT,1702085814878,800,0.92380
MATICUSDT,BUY,LIMIT,1702085901360,335,0.92330
MATICUSDT,SELL,LIMIT,1702087403383,78,0.90494
MATICUSDT,SELL,LIMIT,1702089651881,2198,0.89984
MATICUSDT,SELL,LIMIT,1702089655170,358,0.89948
MATICUSDT,SELL,LIMIT,1702089657168,134,0.89924
MATICUSDT,SELL,LIMIT,1702089659142,7533,0.89904
MATICUSDT,SELL,LIMIT,1702090079090,6720,0.89800
MATICUSDT,SELL,LIMIT,1702090127400,6,0.89719
MATICUSDT,BUY,LIMIT,1702091786454,17500,0.91455
MATICUSDT,BUY,LIMIT,1702091789060,687,0.91437
MATICUSDT,BUY,LIMIT,1702091904325,134,0.91672
MATICUSDT,BUY,LIMIT,1702091928370,13,0.91636
MATICUSDT,BUY,LIMIT,1702091933373,116,0.91606
MATICUSDT,BUY,LIMIT,1702092158653,592,0.91694
MATICUSDT,SELL,LIMIT,1702092382992,333,0.90930
MATICUSDT,BUY,LIMIT,1702092508073,678,0.92066
MATICUSDT,BUY,LIMIT,1702092580731,59253,0.92271
MATICUSDT,BUY,LIMIT,1702092602375,306,0.92151
MATICUSDT,BUY,LIMIT,1702094571228,50,0.91694
MATICUSDT,BUY,LIMIT,1702094617796,327,0.91811
MATICUSDT,BUY,LIMIT,1702094628258,560,0.91869
MATICUSDT,BUY,LIMIT,1702094637317,300,0.91899
MATICUSDT,BUY,LIMIT,1702094640000,87,0.91865
MATICUSDT,BUY,LIMIT,1702094799740,156,0.92141
MATICUSDT,BUY,LIMIT,1702094844373,422,0.92270
MATICUSDT,BUY,LIMIT,1702096034203,2363,0.92170
MATICUSDT,BUY,LIMIT,1702096358528,318,0.92114
MATICUSDT,SELL,LIMIT,1702096521068,48,0.91120
MATICUSDT,BUY,LIMIT,1702097312292,74,0.92350
MATICUSDT,BUY,LIMIT,1702097314230,19,0.92358
MATICUSDT,BUY,LIMIT,1702097426871,47,0.92451
MATICUSDT,BUY,LIMIT,1702097526093,171,0.92488
MATICUSDT,BUY,LIMIT,1702097630266,545,0.92498
MATICUSDT,BUY,LIMIT,1702097662665,2238,0.92468
MATICUSDT,BUY,LIMIT,1702097849637,133,0.92525
MATICUSDT,BUY,LIMIT,1702097931380,77,0.92569
MATICUSDT,BUY,LIMIT,1702098140783,610,0.92531
MATICUSDT,BUY,LIMIT,1702098148274,1042,0.92501
MATICUSDT,BUY,LIMIT,1702098181354,2419,0.92585
MATICUSDT,BUY,LIMIT,1702098206509,24,0.92654
MATICUSDT,BUY,LIMIT,1702098794146,66,0.92806
MATICUSDT,BUY,LIMIT,1702098938240,323,0.92788
MATICUSDT,SELL,LIMIT,1702099077679,3000,0.91608
MATICUSDT,BUY,LIMIT,1702101204887,704,0.92204
MATICUSDT,BUY,LIMIT,1702101915237,2297,0.92512
MATICUSDT,BUY,LIMIT,1702102388055,35000,0.92753
MATICUSDT,BUY,LIMIT,1702102639217,442,0.92843
MATICUSDT,BUY,LIMIT,1702102642376,1,0.92862
MATICUSDT,BUY,LIMIT,1702102645651,11918,0.92884
MATICUSDT,BUY,LIMIT,1702102888557,426,0.92922
MATICUSDT,BUY,LIMIT,1702102890449,111,0.92936
MATICUSDT,BUY,LIMIT,1702102897618,109,0.92942
MATICUSDT,BUY,LIMIT,1702102920230,116,0.92991
MATICUSDT,BUY,LIMIT,1702102927882,25,0.92996
MATICUSDT,BUY,LIMIT,1702102929864,279,0.92996
MATICUSDT,BUY,LIMIT,1702102952165,168,0.93011
MATICUSDT,BUY,LIMIT,1702103111875,849,0.93043
MATICUSDT,BUY,LIMIT,1702103121313,236,0.93067
MATICUSDT,BUY,LIMIT,1702103212393,392,0.93034
MATICUSDT,BUY,LIMIT,1702103376621,477,0.92995
MATICUSDT,BUY,LIMIT,1702103600472,56,0.92753
MATICUSDT,BUY,LIMIT,1702103625097,2259,0.92757
MATICUSDT,BUY,LIMIT,1702103679813,180,0.92834
MATICUSDT,SELL,LIMIT,1702104025608,6,0.92176
MATICUSDT,BUY,LIMIT,1702104801374,567,0.92842
MATICUSDT,BUY,LIMIT,1702104945932,570,0.93090
MATICUSDT,BUY,LIMIT,1702105501144,38,0.93113
MATICUSDT,BUY,LIMIT,1702105523474,30,0.93155
MATICUSDT,BUY,LIMIT,1702105529293,2875,0.93185
MATICUSDT,BUY,LIMIT,1702105550154,927,0.93208
MATICUSDT,BUY,LIMIT,1702105695650,1015,0.93193
MATICUSDT,BUY,LIMIT,1702105732432,32,0.93175
MATICUSDT,BUY,LIMIT,1702105895522,2137,0.93271
MATICUSDT,BUY,LIMIT,1702105907059,37,0.93329
MATICUSDT,BUY,LIMIT,1702105917298,9,0.93404
MATICUSDT,BUY,LIMIT,1702105924387,911,0.93428
MATICUSDT,BUY,LIMIT,1702106031105,8,0.93241
MATICUSDT,BUY,LIMIT,1702106081224,390,0.93323
MATICUSDT,SELL,LIMIT,1702106298707,783,0.92194
MATICUSDT,BUY,LIMIT,1702106866348,121,0.92885
MATICUSDT,BUY,LIMIT,1702106888279,397,0.93352
MATICUSDT,BUY,LIMIT,1702107150680,43,0.93454
MATICUSDT,BUY,LIMIT,1702107160401,140,0.93528
MATICUSDT,BUY,LIMIT,1702107161805,108,0.93543
MATICUSDT,BUY,LIMIT,1702107193189,1094,0.93512
MATICUSDT,BUY,LIMIT,1702107196455,12,0.93530
MATICUSDT,BUY,LIMIT,1702107199566,8275,0.93541
MATICUSDT,BUY,LIMIT,1702107294105,1221,0.93558
MATICUSDT,BUY,LIMIT,1702107297151,30227,0.93650
MATICUSDT,BUY,LIMIT,1702107299994,17,0.93567
MATICUSDT,BUY,LIMIT,1702107311470,80,0.93588
MATICUSDT,BUY,LIMIT,1702107518644,274,0.93427
MATICUSDT,BUY,LIMIT,1702107520072,53,0.93461
MATICUSDT,BUY,LIMIT,1702107526857,458,0.93516
MATICUSDT,SELL,LIMIT,1702107549250,85,0.92264
MATICUSDT,BUY,LIMIT,1702107979473,85,0.93599
MATICUSDT,BUY,LIMIT,1702107982569,1684,0.93616
MATICUSDT,BUY,LIMIT,1702107987161,273,0.93629
MATICUSDT,BUY,LIMIT,1702107993310,9,0.93627
MATICUSDT,BUY,LIMIT,1702108007372,1280,0.93642
MATICUSDT,BUY,LIMIT,1702108010002,49,0.93645
MATICUSDT,BUY,LIMIT,1702108054444,249,0.93620
MATICUSDT,SELL,LIMIT,1702108064081,94,0.92511
MATICUSDT,BUY,LIMIT,1702108074303,137,0.93643
MATICUSDT,BUY,LIMIT,1702108155312,4282,0.93590
MATICUSDT,BUY,LIMIT,1702108281959,204,0.93638
MATICUSDT,BUY,LIMIT,1702108293834,146,0.93618
MATICUSDT,BUY,LIMIT,1702108295641,449,0.93654
MATICUSDT,BUY,LIMIT,1702108319729,2902,0.93679
MATICUSDT,BUY,LIMIT,1702108358162,6,0.93682
MATICUSDT,BUY,LIMIT,1702108360130,292,0.93699
MATICUSDT,BUY,LIMIT,1702108513287,1711,0.93668
MATICUSDT,BUY,LIMIT,1702108532625,9274,0.93662
MATICUSDT,SELL,LIMIT,1702108541442,1431,0.92532
MATICUSDT,BUY,LIMIT,1702108849078,1000,0.93363
MATICUSDT,BUY,LIMIT,1702108938427,32,0.93566
MATICUSDT,BUY,LIMIT,1702109065842,25,0.93771
MATICUSDT,BUY,LIMIT,1702109074521,338,0.93786
MATICUSDT,BUY,LIMIT,1702109082741,716,0.93824
MATICUSDT,BUY,LIMIT,1702109090435,195,0.93843
MATICUSDT,BUY,LIMIT,1702109097031,370,0.93874
MATICUSDT,BUY,LIMIT,1702109098596,2020,0.93876
MATICUSDT,BUY,LIMIT,1702109110862,231,0.93946
MATICUSDT,BUY,LIMIT,1702109114048,11249,0.93965
MATICUSDT,BUY,LIMIT,1702109138334,16,0.93969
MATICUSDT,BUY,LIMIT,1702109166503,51,0.94058
MATICUSDT,BUY,LIMIT,1702109177357,27557,0.94135
MATICUSDT,BUY,LIMIT,1702109181869,1140,0.94109
MATICUSDT,BUY,LIMIT,1702109187453,244,0.94140
MATICUSDT,BUY,LIMIT,1702109190584,5350,0.94164
MATICUSDT,BUY,LIMIT,1702109191659,261,0.94178
MATICUSDT,BUY,LIMIT,1702109193223,79,0.94271
MATICUSDT,BUY,LIMIT,1702109194883,831,0.94272
MATICUSDT,BUY,LIMIT,1702109198538,50,0.94301
MATICUSDT,BUY,LIMIT,1702109207528,24,0.94359
MATICUSDT,BUY,LIMIT,1702109208925,71,0.94375
MATICUSDT,BUY,LIMIT,1702109210772,106,0.94426
MATICUSDT,BUY,LIMIT,1702109214349,420,0.94453
MATICUSDT,BUY,LIMIT,1702109218245,2387,0.94476
MATICUSDT,BUY,LIMIT,1702109221746,2314,0.94504
MATICUSDT,BUY,LIMIT,1702109364558,3834,0.94468
MATICUSDT,BUY,LIMIT,1702109370444,618,0.94467
MATICUSDT,BUY,LIMIT,1702109416204,89,0.94480
MATICUSDT,BUY,LIMIT,1702109420255,3090,0.94503
MATICUSDT,BUY,LIMIT,1702109422275,1017,0.94492
MATICUSDT,BUY,LIMIT,1702109470758,415,0.94521
MATICUSDT,BUY,LIMIT,1702109472290,22,0.94534
MATICUSDT,BUY,LIMIT,1702109475410,100,0.94539
MATICUSDT,BUY,LIMIT,1702109477131,348,0.94473
MATICUSDT,BUY,LIMIT,1702109487204,1847,0.94499
MATICUSDT,BUY,LIMIT,1702109532978,352,0.94403
MATICUSDT,BUY,LIMIT,1702109635668,1469,0.94181
MATICUSDT,BUY,LIMIT,1702109691330,88,0.94387
MATICUSDT,BUY,LIMIT,1702109752773,220,0.94553
MATICUSDT,BUY,LIMIT,1702109759578,811457,0.95264
MATICUSDT,BUY,LIMIT,1702109761228,21690,0.94677
MATICUSDT,BUY,LIMIT,1702109762535,63,0.94646
MATICUSDT,BUY,LIMIT,1702109768542,130,0.94721
MATICUSDT,BUY,LIMIT,1702109777055,140199,0.95033
MATICUSDT,BUY,LIMIT,1702109778111,8,0.94743
MATICUSDT,BUY,LIMIT,1702109787113,150,0.94761
MATICUSDT,BUY,LIMIT,1702109881349,6,0.94782
MATICUSDT,BUY,LIMIT,1702109886173,13,0.94844
MATICUSDT,BUY,LIMIT,1702109887188,72,0.94840
MATICUSDT,BUY,LIMIT,1702109902075,3383,0.94899
MATICUSDT,BUY,LIMIT,1702109914289,49,0.94903
MATICUSDT,BUY,LIMIT,1702109915495,17809,0.95005
MATICUSDT,BUY,LIMIT,1702109918669,11,0.94991
MATICUSDT,BUY,LIMIT,1702109924911,547,0.95000
MATICUSDT,BUY,LIMIT,1702109928967,6619,0.95022
MATICUSDT,SELL,LIMIT,1702109979972,6,0.93536
MATICUSDT,BUY,LIMIT,1702110216392,19,0.95032
MATICUSDT,BUY,LIMIT,1702110220152,18,0.95073
MATICUSDT,BUY,LIMIT,1702110221395,327,0.95091
MATICUSDT,BUY,LIMIT,1702110226270,13,0.95174
MATICUSDT,BUY,LIMIT,1702110227925,169,0.95187
MATICUSDT,BUY,LIMIT,1702110238246,2447,0.95201
MATICUSDT,BUY,LIMIT,1702110258258,1239,0.95140
MATICUSDT,BUY,LIMIT,1702110275707,213,0.95211
MATICUSDT,BUY,LIMIT,1702110277133,223,0.95227
MATICUSDT,BUY,LIMIT,1702110285116,700,0.95259
MATICUSDT,BUY,LIMIT,1702110291815,1124,0.95272
MATICUSDT,BUY,LIMIT,1702110497477,147,0.95024
MATICUSDT,SELL,LIMIT,1702110725210,15,0.93222
MATICUSDT,SELL,LIMIT,1702110726317,106,0.93249
MATICUSDT,SELL,LIMIT,1702110849954,170,0.93104
MATICUSDT,SELL,LIMIT,1702110852059,405,0.93014
MATICUSDT,SELL,LIMIT,1702110873098,419,0.92854
MATICUSDT,SELL,LIMIT,1702110879477,7236,0.92740
MATICUSDT,SELL,LIMIT,1702110882073,403,0.92662
MATICUSDT,SELL,LIMIT,1702110899769,104,0.92620
MATICUSDT,SELL,LIMIT,1702110902289,140,0.92548
MATICUSDT,SELL,LIMIT,1702110907105,2106,0.92361
MATICUSDT,SELL,LIMIT,1702110908270,50,0.92401
MATICUSDT,SELL,LIMIT,1702110910216,2418,0.92266
MATICUSDT,SELL,LIMIT,1702110913245,10620,0.92212
MATICUSDT,SELL,LIMIT,1702110930116,1061,0.91848
MATICUSDT,SELL,LIMIT,1702110931290,55,0.92006
MATICUSDT,SELL,LIMIT,1702110971566,424,0.92213
MATICUSDT,SELL,LIMIT,1702110974399,213,0.91927
MATICUSDT,SELL,LIMIT,1702110979395,5735,0.91813
MATICUSDT,SELL,LIMIT,1702110980508,532,0.91770
MATICUSDT,SELL,LIMIT,1702110982810,3717,0.91716
MATICUSDT,SELL,LIMIT,1702110990499,23580,0.91493
MATICUSDT,SELL,LIMIT,1702110992319,274,0.91386
MATICUSDT,SELL,LIMIT,1702110994275,2804,0.91366
MATICUSDT,SELL,LIMIT,1702111029135,18,0.91280
MATICUSDT,SELL,LIMIT,1702111030586,319,0.91292
MATICUSDT,SELL,LIMIT,1702111033306,2868,0.91288
MATICUSDT,SELL,LIMIT,1702111034361,154,0.91109
MATICUSDT,SELL,LIMIT,1702111036122,1058,0.91031
MATICUSDT,SELL,LIMIT,1702111037177,1817,0.90891
MATICUSDT,SELL,LIMIT,1702111038466,50,0.91014
MATICUSDT,SELL,LIMIT,1702111039859,5625,0.90849
MATICUSDT,SELL,LIMIT,1702111041104,531,0.90811
MATICUSDT,SELL,LIMIT,1702111042236,869,0.90760
MATICUSDT,SELL,LIMIT,1702111043479,65,0.90534
MATICUSDT,SELL,LIMIT,1702111044579,2162,0.90671
MATICUSDT,SELL,LIMIT,1702111045615,49,0.90416
MATICUSDT,BUY,LIMIT,1702111152852,212,0.92514
MATICUSDT,SELL,LIMIT,1702111200097,4688,0.90703
MATICUSDT,SELL,LIMIT,1702111371558,410,0.90581
MATICUSDT,SELL,LIMIT,1702111374463,654,0.90507
MATICUSDT,SELL,LIMIT,1702111377147,236,0.90457
MATICUSDT,SELL,LIMIT,1702111379642,761,0.90433
MATICUSDT,SELL,LIMIT,1702111381408,1723,0.90363
MATICUSDT,SELL,LIMIT,1702111386335,1600,0.90342
MATICUSDT,SELL,LIMIT,1702111387791,278,0.90312
MATICUSDT,SELL,LIMIT,1702111389118,643,0.90271
MATICUSDT,SELL,LIMIT,1702111390824,2159,0.90238
MATICUSDT,BUY,LIMIT,1702111566260,100,0.92376
MATICUSDT,SELL,LIMIT,1702112327197,3590,0.90808
MATICUSDT,BUY,LIMIT,1702113376901,918,0.92829
MATICUSDT,BUY,LIMIT,1702113533260,795,0.93118
MATICUSDT,BUY,LIMIT,1702114454991,73,0.93481
MATICUSDT,SELL,LIMIT,1702115033429,116,0.91367
MATICUSDT,SELL,LIMIT,1702115035071,1013,0.91330
MATICUSDT,SELL,LIMIT,1702115078861,9,0.91302
MATICUSDT,SELL,LIMIT,1702115080588,41,0.91267
MATICUSDT,SELL,LIMIT,1702115082054,31,0.91251
MATICUSDT,SELL,LIMIT,1702115099562,5000,0.91069
MATICUSDT,SELL,LIMIT,1702115590804,2158,0.90906
MATICUSDT,SELL,LIMIT,1702115600950,108,0.90791
MATICUSDT,SELL,LIMIT,1702115613681,827,0.90724
MATICUSDT,SELL,LIMIT,1702115614696,107,0.90696
MATICUSDT,SELL,LIMIT,1702115616184,8157,0.90679
MATICUSDT,SELL,LIMIT,1702115620179,1735,0.90659
MATICUSDT,SELL,LIMIT,1702115621693,6,0.90647
MATICUSDT,SELL,LIMIT,1702115623383,653,0.90625
MATICUSDT,SELL,LIMIT,1702115638641,2437,0.90569
MATICUSDT,SELL,LIMIT,1702117677182,543,0.90787
MATICUSDT,BUY,LIMIT,1702118457019,1125,0.92538
MATICUSDT,BUY,LIMIT,1702118459016,2700,0.92558
MATICUSDT,BUY,LIMIT,1702118504379,100,0.92600
MATICUSDT,BUY,LIMIT,1702118572150,2333,0.92785
MATICUSDT,SELL,LIMIT,1702120866769,107,0.91662
MATICUSDT,BUY,LIMIT,1702121567694,2901,0.92923
MATICUSDT,BUY,LIMIT,1702121600618,1102,0.93040
MATICUSDT,BUY,LIMIT,1702122762705,2676,0.93413
MATICUSDT,BUY,LIMIT,1702123653656,1587,0.93602
MATICUSDT,BUY,LIMIT,1702123785493,1246,0.93665
MATICUSDT,BUY,LIMIT,1702123821157,185,0.93710
MATICUSDT,BUY,LIMIT,1702123828533,753,0.93728
MATICUSDT,BUY,LIMIT,1702123855417,84,0.93745
MATICUSDT,SELL,LIMIT,1702124333719,68,0.92049
MATICUSDT,SELL,LIMIT,1702125075878,7,0.91866
MATICUSDT,SELL,LIMIT,1702125115183,611,0.91830
MATICUSDT,BUY,LIMIT,1702126076166,46,0.93646
MATICUSDT,BUY,LIMIT,1702127300274,2377,0.94001
MATICUSDT,SELL,LIMIT,1702128614176,322,0.92083
MATICUSDT,SELL,LIMIT,1702128624504,10724,0.92057
MATICUSDT,SELL,LIMIT,1702128671096,1278,0.92000
MATICUSDT,SELL,LIMIT,1702128684990,2212,0.91924
MATICUSDT,SELL,LIMIT,1702128686364,7,0.91912
MATICUSDT,SELL,LIMIT,1702129283305,1931,0.91851
MATICUSDT,SELL,LIMIT,1702132473312,231,0.91899
MATICUSDT,SELL,LIMIT,1702132514225,33,0.91857
MATICUSDT,SELL,LIMIT,1702132589677,2308,0.91776
MATICUSDT,SELL,LIMIT,1702132599190,53,0.91692
MATICUSDT,SELL,LIMIT,1702132601475,1032,0.91667
MATICUSDT,SELL,LIMIT,1702132603140,107,0.91623
MATICUSDT,SELL,LIMIT,1702132610715,401,0.91524
MATICUSDT,SELL,LIMIT,1702132671720,15,0.91517
MATICUSDT,SELL,LIMIT,1702132672813,10723,0.91468
MATICUSDT,SELL,LIMIT,1702132674251,3731,0.91409
MATICUSDT,SELL,LIMIT,1702132704930,10777,0.91383
MATICUSDT,SELL,LIMIT,1702132815729,12,0.91398
MATICUSDT,SELL,LIMIT,1702132822256,53,0.91237
MATICUSDT,SELL,LIMIT,1702132828249,2753,0.91151
MATICUSDT,SELL,LIMIT,1702132887676,173,0.91191
MATICUSDT,SELL,LIMIT,1702132986596,527,0.91094
MATICUSDT,SELL,LIMIT,1702132992594,3469,0.91039
MATICUSDT,SELL,LIMIT,1702132994394,287,0.90942
MATICUSDT,SELL,LIMIT,1702132995930,193,0.90937
MATICUSDT,SELL,LIMIT,1702132997160,486,0.90832
MATICUSDT,SELL,LIMIT,1702132999511,189,0.90843
MATICUSDT,SELL,LIMIT,1702133000883,125,0.90879
MATICUSDT,SELL,LIMIT,1702133002190,696,0.90641
MATICUSDT,SELL,LIMIT,1702133005946,10869,0.90856
MATICUSDT,SELL,LIMIT,1702133006948,1089,0.90460
MATICUSDT,SELL,LIMIT,1702133007989,43,0.90446
MATICUSDT,SELL,LIMIT,1702133378383,1000,0.90625
