Symbol,Side,Order Type,Time,Quantity,Price
MAVUSDT,SELL,LIMIT,1701917150305,2103,0.3308732
MAVUSDT,SELL,LIMIT,1701917709436,435,0.3306216
MAVUSDT,SELL,LIMIT,1701917730906,3601,0.3298487
MAVUSDT,SELL,LIMIT,1701917740369,260,0.3297298
MAVUSDT,SELL,LIMIT,1701917894435,6202,0.3292915
MAVUSDT,SELL,LIMIT,1701917897375,170,0.3291232
MAVUSDT,BUY,LIMIT,1701923966289,49,0.3527328
MAVUSDT,BUY,LIMIT,1701924766140,39,0.3535592
MAVUSDT,BUY,LIMIT,1701925101229,101,0.3553965
MAVUSDT,BUY,LIMIT,1701926532088,125,0.3595357
MAVUSDT,SELL,LIMIT,1701939360538,2022,0.3333248
MAVUSDT,SELL,LIMIT,1701940027182,613,0.3310206
MAVUSDT,SELL,LIMIT,1701940562346,307,0.3296862
MAVUSDT,SELL,LIMIT,1701940573184,122,0.3284846
MAVUSDT,SELL,LIMIT,1701941166429,832,0.3284521
MAVUSDT,SELL,LIMIT,1701941175048,1279,0.3278502
MAVUSDT,SELL,LIMIT,1701941180409,823,0.3273777
MAVUSDT,SELL,LIMIT,1701941185229,619,0.3316282
MAVUSDT,SELL,LIMIT,1701941189475,2742,0.3260645
MAVUSDT,SELL,LIMIT,1701941238448,409,0.3264800
MAVUSDT,SELL,LIMIT,1701941239472,1091,0.3257253
MAVUSDT,SELL,LIMIT,1701941245167,835,0.3252809
MAVUSDT,SELL,LIMIT,1701941249489,2771,0.3249304
MAVUSDT,BUY,LIMIT,1701946953207,1227,0.3591365
MAVUSDT,BUY,LIMIT,1701953414379,15,0.3706259
MAVUSDT,BUY,LIMIT,1701958218200,1094,0.3722576
MAVUSDT,BUY,LIMIT,1701958245166,1147,0.3756428
MAVUSDT,BUY,LIMIT,1701958250747,2017,0.3761405
MAVUSDT,BUY,LIMIT,1701959956193,111,0.3767385
MAVUSDT,BUY,LIMIT,1701961100282,305,0.3780547
MAVUSDT,BUY,LIMIT,1701961141172,121,0.3786026
MAVUSDT,BUY,LIMIT,1701963559261,225,0.3840120
MAVUSDT,BUY,LIMIT,1701964144439,219,0.3856267
MAVUSDT,BUY,LIMIT,1701971904939,322,0.3908062
MAVUSDT,BUY,LIMIT,1701971912986,470,0.3916838
MAVUSDT,SELL,LIMIT,1701988459916,30,0.3623332
MAVUSDT,SELL,LIMIT,1701988508227,1009,0.3608539
MAVUSDT,SELL,LIMIT,1701991032449,290,0.3600138
MAVUSDT,SELL,LIMIT,1701991199339,14,0.3595551
MAVUSDT,SELL,LIMIT,1701997755488,37,0.3565697
MAVUSDT,SELL,LIMIT,1701997756938,10044,0.3565055
MAVUSDT,BUY,LIMIT,1702007154540,79,0.3814800
MAVUSDT,BUY,LIMIT,1702017444210,78,0.3742289
MAVUSDT,SELL,LIMIT,1702018643084,8611,0.3554570
MAVUSDT,SELL,LIMIT,1702020642444,297,0.3539866
MAVUSDT,SELL,LIMIT,1702022564173,537,0.3537107
MAVUSDT,SELL,LIMIT,1702023399880,806,0.3533207
MAVUSDT,SELL,LIMIT,1702025164885,608,0.3523561
MAVUSDT,SELL,LIMIT,1702025169819,109,0.3520179
MAVUSDT,SELL,LIMIT,1702025803651,1135,0.3503031
MAVUSDT,SELL,LIMIT,1702025826556,27,0.3498520
MAVUSDT,SELL,LIMIT,1702028356215,30,0.3494155
MAVUSDT,SELL,LIMIT,1702029415203,4005,0.3486787
MAVUSDT,SELL,LIMIT,1702041385321,982,0.3531388
MAVUSDT,BUY,LIMIT,1702052530226,218,0.3725040
MAVUSDT,BUY,LIMIT,1702060657660,244,0.3775001
MAVUSDT,BUY,LIMIT,1702072681793,110,0.3775034
MAVUSDT,BUY,LIMIT,1702078883372,39,0.3758700
MAVUSDT,BUY,LIMIT,1702080420734,417,0.3763021
MAVUSDT,BUY,LIMIT,1702080768624,8608,0.3761824
MAVUSDT,BUY,LIMIT,1702094757471,57,0.3770940
MAVUSDT,BUY,LIMIT,1702095296075,28,0.3753320
MAVUSDT,BUY,LIMIT,1702109756395,109,0.3734118
MAVUSDT,SELL,LIMIT,1702110915270,57,0.3531343
MAVUSDT,SELL,LIMIT,1702110972299,526,0.3513320
MAVUSDT,SELL,LIMIT,1702110975468,54,0.3512002
MAVUSDT,SELL,LIMIT,1702110978729,542,0.3502787
MAVUSDT,SELL,LIMIT,1702110979778,543,0.3501087
MAVUSDT,SELL,LIMIT,1702110987236,675,0.3491717
MAVUSDT,SELL,LIMIT,1702111034196,76,0.3478850
MAVUSDT,SELL,LIMIT,1702111035296,55,0.3486451
MAVUSDT,SELL,LIMIT,1702111037573,300,0.3470475
MAVUSDT,SELL,LIMIT,1702111043408,40288,0.3438936
MAVUSDT,SELL,LIMIT,1702111044603,283,0.3451144
MAVUSDT,SELL,LIMIT,1702111046671,303,0.3432562
MAVUSDT,SELL,LIMIT,1702111047806,3327,0.3436990
MAVUSDT,SELL,LIMIT,1702111050850,1357,0.3429383
MAVUSDT,SELL,LIMIT,1702111052405,148,0.3420721
MAVUSDT,SELL,LIMIT,1702111378799,551,0.3444080
MAVUSDT,SELL,LIMIT,1702111387266,14169,0.3431302
MAVUSDT,BUY,LIMIT,1702127697552,120,0.3601438
MAVUSDT,SELL,LIMIT,1702132813649,82,0.3402285
MAVUSDT,SELL,LIMIT,1702132996580,895,0.3393019
MAVUSDT,SELL,LIMIT,1702133000798,244,0.3385912
MAVUSDT,SELL,LIMIT,1702133005531,1488,0.3373451
MAVUSDT,SELL,LIMIT,1702139296554,100,0.3385890
MAVUSDT,SELL,LIMIT,1702141692235,631,0.3384416
MAVUSDT,SELL,LIMIT,1702141707238,1227,0.3383941
MAVUSDT,SELL,LIMIT,1702142285343,279,0.3393741
MAVUSDT,SELL,LIMIT,1702144795939,11001,0.3366579
MAVUSDT,SELL,LIMIT,1702164205912,7651,0.3365311
MAVUSDT,SELL,LIMIT,1702164208274,112,0.3361638
MAVUSDT,SELL,LIMIT,1702164209514,50,0.3361119
MAVUSDT,SELL,LIMIT,1702164294329,211,0.3352154
MAVUSDT,SELL,LIMIT,1702164540713,2628,0.3349758
MAVUSDT,SELL,LIMIT,1702164544540,473,0.3343172
MAVUSDT,SELL,LIMIT,1702164675106,2865,0.3341801
MAVUSDT,SELL,LIMIT,1702164756336,24,0.3326121
MAVUSDT,SELL,LIMIT,1702164792944,9,0.3323632
MAVUSDT,SELL,LIMIT,1702164795385,94,0.3322632
MAVUSDT,SELL,LIMIT,1702164800444,37821,0.3309945
MAVUSDT,SELL,LIMIT,1702164801503,18,0.3319937
MAVUSDT,SELL,LIMIT,1702164802606,511,0.3318868
MAVUSDT,SELL,LIMIT,1702164805575,1256,0.3314406
MAVUSDT,SELL,LIMIT,1702164806613,1185,0.3315067
MAVUSDT,SELL,LIMIT,1702164808115,2049,0.3314332
MAVUSDT,SELL,LIMIT,1702164809590,824,0.3311094
MAVUSDT,SELL,LIMIT,1702164811197,9231,0.3306640
MAVUSDT,SELL,LIMIT,1702164862806,5750,0.3304797
MAVUSDT,SELL,LIMIT,1702164864547,99,0.3303378
MAVUSDT,SELL,LIMIT,1702164866745,865,0.3302236
MAVUSDT,SELL,LIMIT,1702164868115,4412,0.3298943
MAVUSDT,SELL,LIMIT,1702200322515,7318,0.3299807
MAVUSDT,SELL,LIMIT,1702200331564,289,0.3298741
MAVUSDT,SELL,LIMIT,1702200346148,1554,0.3297090
MAVUSDT,SELL,LIMIT,1702200376281,2868,0.3293041
MAVUSDT,SELL,LIMIT,1702200402958,289,0.3291662
MAVUSDT,SELL,LIMIT,1702200450754,288,0.3288883
MAVUSDT,SELL,LIMIT,1702200825139,293,0.3285477
MAVUSDT,SELL,LIMIT,1702200877250,820,0.3282393
MAVUSDT,SELL,LIMIT,1702200883774,146,0.3279131
MAVUSDT,SELL,LIMIT,1702200889021,127,0.3274986
MAVUSDT,SELL,LIMIT,1702200892101,13620,0.3272232
MAVUSDT,SELL,LIMIT,1702202082966,153,0.3268782
MAVUSDT,SELL,LIMIT,1702202090127,1781,0.3258833
MAVUSDT,SELL,LIMIT,1702202091268,2977,0.3260077
MAVUSDT,SELL,LIMIT,1702202093050,73,0.3255252
MAVUSDT,SELL,LIMIT,1702202157132,136,0.3266137
MAVUSDT,SELL,LIMIT,1702202290847,2536,0.3256541
MAVUSDT,SELL,LIMIT,1702202295166,60,0.3254507
MAVUSDT,SELL,LIMIT,1702202321112,15,0.3253601
MAVUSDT,SELL,LIMIT,1702202323957,2399,0.3248940
MAVUSDT,SELL,LIMIT,1702202325108,5386,0.3244177
MAVUSDT,SELL,LIMIT,1702202401779,2351,0.3241816
MAVUSDT,SELL,LIMIT,1702202405361,4491,0.3239147
MAVUSDT,SELL,LIMIT,1702205101750,8219,0.3270501
MAVUSDT,BUY,LIMIT,1702240695997,186,0.3538282
MAVUSDT,SELL,LIMIT,1702242425108,5681,0.3412361
MAVUSDT,SELL,LIMIT,1702252202065,8199,0.3368689
MAVUSDT,SELL,LIMIT,1702256573813,454,0.3328905
MAVUSDT,SELL,LIMIT,1702256595357,6573,0.3323165
MAVUSDT,SELL,LIMIT,1702256620301,285,0.3316434
MAVUSDT,SELL,LIMIT,1702256911252,629,0.3304425
MAVUSDT,SELL,LIMIT,1702256997365,7184,0.3278652
MAVUSDT,SELL,LIMIT,1702257009391,5,0.3278385
MAVUSDT,SELL,LIMIT,1702260434748,2887,0.3296979
MAVUSDT,SELL,LIMIT,1702260436865,335,0.3301632
MAVUSDT,SELL,LIMIT,1702260634379,1103,0.3274874
MAVUSDT,SELL,LIMIT,1702260635770,2470,0.3270424
MAVUSDT,SELL,LIMIT,1702260638098,209,0.3260822
MAVUSDT,SELL,LIMIT,1702260690279,291,0.3259683
MAVUSDT,SELL,LIMIT,1702260691404,270,0.3259878
MAVUSDT,SELL,LIMIT,1702260694350,894,0.3258306
MAVUSDT,SELL,LIMIT,1702260699261,2929,0.3252986
MAVUSDT,SELL,LIMIT,1702260708479,690,0.3250701
MAVUSDT,SELL,LIMIT,1702260710287,51,0.3246351
MAVUSDT,SELL,LIMIT,1702260711571,106,0.3244513
MAVUSDT,SELL,LIMIT,1702260714279,1063,0.3229441
MAVUSDT,SELL,LIMIT,1702260715358,1050,0.3227135
MAVUSDT,SELL,LIMIT,1702260716618,337,0.3218057
MAVUSDT,SELL,LIMIT,1702260717638,300,0.3206127
MAVUSDT,SELL,LIMIT,1702260718674,169,0.3212911
MAVUSDT,SELL,LIMIT,1702260720703,1135,0.3195069
MAVUSDT,SELL,LIMIT,1702260721825,239,0.3186559
MAVUSDT,SELL,LIMIT,1702260723512,969,0.3184110
MAVUSDT,SELL,LIMIT,1702260724513,107,0.3181276
MAVUSDT,SELL,LIMIT,1702260726289,113,0.3174452
MAVUSDT,SELL,LIMIT,1702260727719,2939,0.3166135
MAVUSDT,SELL,LIMIT,1702260729542,18,0.3166059
MAVUSDT,SELL,LIMIT,1702260730576,1801,0.3159780
MAVUSDT,SELL,LIMIT,1702260732152,1364,0.3162710
MAVUSDT,SELL,LIMIT,1702260733399,596,0.3155519
MAVUSDT,SELL,LIMIT,1702260735900,4243,0.3152326
MAVUSDT,SELL,LIMIT,1702260736938,276,0.3152242
MAVUSDT,SELL,LIMIT,1702260738335,3911,0.3152228
MAVUSDT,SELL,LIMIT,1702260739952,22882,0.3147116
MAVUSDT,SELL,LIMIT,1702260741535,2055,0.3150428
MAVUSDT,SELL,LIMIT,1702260742564,581,0.3137750
MAVUSDT,SELL,LIMIT,1702260745019,85,0.3132049
MAVUSDT,SELL,LIMIT,1702260746086,293,0.3121733
MAVUSDT,SELL,LIMIT,1702260747902,935,0.3116882
MAVUSDT,SELL,LIMIT,1702260749926,579,0.3113408
MAVUSDT,SELL,LIMIT,1702260751249,14269,0.3113408
MAVUSDT,SELL,LIMIT,1702260752695,5652,0.3107512
MAVUSDT,SELL,LIMIT,1702260753839,3333,0.3099875
MAVUSDT,SELL,LIMIT,1702260754897,141,0.3099477
MAVUSDT,SELL,LIMIT,1702260756413,1853,0.3095456
MAVUSDT,SELL,LIMIT,1702260757466,1534,0.3093532
MAVUSDT,SELL,LIMIT,1702260758646,3733,0.3091973
MAVUSDT,SELL,LIMIT,1702260759655,1881,0.3093084
MAVUSDT,SELL,LIMIT,1702260760636,3098,0.3080023
MAVUSDT,SELL,LIMIT,1702260761694,640,0.3076923
MAVUSDT,SELL,LIMIT,1702260762703,56,0.3073085
MAVUSDT,SELL,LIMIT,1702260764087,132,0.3063764
MAVUSDT,SELL,LIMIT,1702260765524,1388,0.3051000
MAVUSDT,SELL,LIMIT,1702260766482,49,0.3052228
MAVUSDT,SELL,LIMIT,1702260767966,96,0.3039621
MAVUSDT,SELL,LIMIT,1702260769084,4355,0.3048897
MAVUSDT,SELL,LIMIT,1702260770054,49273,0.3029335
MAVUSDT,SELL,LIMIT,1702260771169,558,0.3029777
MAVUSDT,SELL,LIMIT,1702260772180,128,0.3030416
MAVUSDT,SELL,LIMIT,1702260773469,14778,0.3018753
MAVUSDT,SELL,LIMIT,1702260774468,421,0.3000547
MAVUSDT,SELL,LIMIT,1702260775581,40,0.3000547
MAVUSDT,SELL,LIMIT,1702260776798,89,0.2999777
MAVUSDT,SELL,LIMIT,1702260777834,147,0.2993768
MAVUSDT,SELL,LIMIT,1702260778968,606,0.2992175
MAVUSDT,SELL,LIMIT,1702260780262,471,0.2967882
MAVUSDT,SELL,LIMIT,1702260781430,581,0.2969758
MAVUSDT,SELL,LIMIT,1702260782452,239,0.2966680
MAVUSDT,SELL,LIMIT,1702260783427,45705,0.2952620
MAVUSDT,SELL,LIMIT,1702260784590,1690,0.2957580
MAVUSDT,SELL,LIMIT,1702260785787,7203,0.2955139
MAVUSDT,SELL,LIMIT,1702260787172,241,0.2950077
MAVUSDT,SELL,LIMIT,1702260788226,304,0.2949293
MAVUSDT,SELL,LIMIT,1702260789310,8000,0.2951403
MAVUSDT,SELL,LIMIT,1702260790476,3008,0.2934361
MAVUSDT,SELL,LIMIT,1702260791542,5267,0.2923829
MAVUSDT,SELL,LIMIT,1702260792698,13724,0.2930915
MAVUSDT,SELL,LIMIT,1702260793708,103,0.2914579
MAVUSDT,SELL,LIMIT,1702260795563,36,0.2914368
MAVUSDT,SELL,LIMIT,1702260797331,21,0.2894206
MAVUSDT,SELL,LIMIT,1702260798428,5297,0.2894206
MAVUSDT,SELL,LIMIT,1702260799605,5360,0.2897847
MAVUSDT,SELL,LIMIT,1702260800731,145,0.7534131
MAVUSDT,SELL,LIMIT,1702260801849,1392,0.2893550
MAVUSDT,SELL,LIMIT,1702260802944,10686,0.2870537
MAVUSDT,SELL,LIMIT,1702260803987,3456,0.2863715
MAVUSDT,SELL,LIMIT,1702260805363,2297,0.2824433
MAVUSDT,SELL,LIMIT,1702260806533,284,0.2816016
MAVUSDT,SELL,LIMIT,1702260807559,2860,0.2817494
MAVUSDT,SELL,LIMIT,1702260808665,384,0.2823922
MAVUSDT,SELL,LIMIT,1702260810216,6000,0.2810159
MAVUSDT,SELL,LIMIT,1702260811336,13811,0.2778539
MAVUSDT,SELL,LIMIT,1702260812389,635,0.2795344
MAVUSDT,SELL,LIMIT,1702260813469,2046,0.2784799
MAVUSDT,SELL,LIMIT,1702260814476,123,0.2771520
MAVUSDT,SELL,LIMIT,1702260815498,19658,0.2776078
MAVUSDT,SELL,LIMIT,1702260818245,4456,0.2748467
MAVUSDT,SELL,LIMIT,1702260819422,2241,0.2748467
MAVUSDT,SELL,LIMIT,1702260821696,182,0.2741146
MAVUSDT,SELL,LIMIT,1702260825146,9611,0.2740137
MAVUSDT,BUY,LIMIT,1702260840392,120,0.2908802
