Symbol,Side,Order Type,Time,Quantity,Price
MAVUSDT,SELL,LIMIT,1700996171758,7478,0.2990520
MAVUSDT,SELL,LIMIT,1700996300406,823,0.2985701
MAVUSDT,SELL,LIMIT,1700996367729,31,0.2982937
MAVUSDT,SELL,LIMIT,1701000051477,77,0.2979443
MAVUSDT,SELL,LIMIT,1701000053101,1595,0.2977289
MAVUSDT,SELL,LIMIT,1701000054146,1191,0.2976688
MAVUSDT,SELL,LIMIT,1701000062824,4715,0.2975703
MAVUSDT,SELL,LIMIT,1701003771259,30,0.3021010
MAVUSDT,SELL,LIMIT,1701010444350,171,0.2988245
MAVUSDT,SELL,LIMIT,1701010489301,3300,0.2972323
MAVUSDT,SELL,LIMIT,1701010567379,62,0.2969213
MAVUSDT,SELL,LIMIT,1701010912113,14820,0.2957984
MAVUSDT,SELL,LIMIT,1701010914291,177,0.2953399
MAVUSDT,SELL,LIMIT,1701010920183,30,0.2951573
MAVUSDT,SELL,LIMIT,1701010921884,5362,0.2950825
MAVUSDT,SELL,LIMIT,1701014017088,39,0.2944116
MAVUSDT,SELL,LIMIT,1701014056385,16717,0.2942616
MAVUSDT,SELL,LIMIT,1701014059180,8338,0.2942614
MAVUSDT,SELL,LIMIT,1701014407352,1334,0.2937782
MAVUSDT,SELL,LIMIT,1701015669260,5551,0.2919919
MAVUSDT,SELL,LIMIT,1701015672813,5291,0.2917349
MAVUSDT,SELL,LIMIT,1701015684916,22596,0.2909370
MAVUSDT,SELL,LIMIT,1701015749167,12370,0.2912913
MAVUSDT,SELL,LIMIT,1701015763929,1869,0.2907646
MAVUSDT,SELL,LIMIT,1701015861693,71,0.2910836
MAVUSDT,SELL,LIMIT,1701015904987,34,0.2904785
MAVUSDT,SELL,LIMIT,1701016012118,802,0.2900976
MAVUSDT,SELL,LIMIT,1701016019236,1611,0.2896141
MAVUSDT,SELL,LIMIT,1701016025075,1504,0.2894372
MAVUSDT,SELL,LIMIT,1701016027124,732,0.2893361
MAVUSDT,SELL,LIMIT,1701016028296,169,0.2893602
MAVUSDT,SELL,LIMIT,1701016031115,2138,0.2885916
MAVUSDT,SELL,LIMIT,1701016032238,4500,0.2877058
MAVUSDT,SELL,LIMIT,1701016043256,19,0.2876174
MAVUSDT,SELL,LIMIT,1701016045351,49,0.2873076
MAVUSDT,SELL,LIMIT,1701016047643,1608,0.2872325
MAVUSDT,SELL,LIMIT,1701016048868,407,0.2869561
MAVUSDT,SELL,LIMIT,1701016049926,9482,0.2868495
MAVUSDT,SELL,LIMIT,1701016098733,1106,0.2864769
MAVUSDT,SELL,LIMIT,1701016100144,1950,0.2861716
MAVUSDT,SELL,LIMIT,1701016105134,2660,0.2856317
MAVUSDT,SELL,LIMIT,1701016838788,20,0.2888546
MAVUSDT,SELL,LIMIT,1701024588616,4528,0.2915496
MAVUSDT,BUY,LIMIT,1701045341446,133,0.3119714
MAVUSDT,BUY,LIMIT,1701045380589,24,0.3121819
MAVUSDT,BUY,LIMIT,1701045741639,1077,0.3125280
MAVUSDT,SELL,LIMIT,1701049516203,53,0.2886706
MAVUSDT,SELL,LIMIT,1701054431580,370,0.2867892
MAVUSDT,BUY,LIMIT,1701055038746,332,0.2984576
MAVUSDT,SELL,LIMIT,1701055062791,65,0.2863422
MAVUSDT,SELL,LIMIT,1701055388698,318,0.2857672
MAVUSDT,SELL,LIMIT,1701056121908,9367,0.2844979
MAVUSDT,SELL,LIMIT,1701056141928,47,0.2844533
MAVUSDT,SELL,LIMIT,1701056214282,1540,0.2837392
MAVUSDT,SELL,LIMIT,1701056217576,336,0.2836953
