Symbol,Side,Order Type,Time,Quantity,Price
MBLUSDT,BUY,LIMIT,1701065576314,138776,0.0053084
MBLUSDT,SELL,LIMIT,1701069555522,57859,0.0051189
MBLUSDT,SELL,LIMIT,1701069896969,25000,0.0050919
MBLUSDT,SELL,LIMIT,1701080787420,30854,0.0050679
MBLUSDT,SELL,LIMIT,1701080849773,29074,0.0050649
MBLUSDT,SELL,LIMIT,1701081614515,22708,0.0050263
MBLUSDT,SELL,LIMIT,1701081621062,100000,0.0050241
MBLUSDT,SELL,LIMIT,1701082119745,6382,0.0050185
MBLUSDT,SELL,LIMIT,1701082483039,147441,0.0050092
MBLUSDT,SELL,LIMIT,1701082488315,163576,0.0050051
MBLUSDT,SELL,LIMIT,1701082498957,1478,0.0049950
MBLUSDT,SELL,LIMIT,1701082619368,538282,0.0049929
MBLUSDT,SELL,LIMIT,1701082654050,7035,0.0049846
MBLUSDT,SELL,LIMIT,1701082729011,881882,0.0049710
MBLUSDT,SELL,LIMIT,1701100511736,51753,0.0050732
MBLUSDT,SELL,LIMIT,1701100810228,994,0.0050273
MBLUSDT,SELL,LIMIT,1701101007837,4953,0.0050262
MBLUSDT,SELL,LIMIT,1701107792172,59053,0.0050396
MBLUSDT,SELL,LIMIT,1701111929046,232589,0.0050255
MBLUSDT,SELL,LIMIT,1701114163868,551287,0.0050068
MBLUSDT,SELL,LIMIT,1701114352848,1324,0.0049887
MBLUSDT,SELL,LIMIT,1701114355681,125554,0.0049861
MBLUSDT,SELL,LIMIT,1701129997309,50000,0.0050531
MBLUSDT,SELL,LIMIT,1701137141465,9244,0.0049440
MBLUSDT,SELL,LIMIT,1701137177480,9107,0.0049395
MBLUSDT,SELL,LIMIT,1701137541879,43840,0.0049349
MBLUSDT,SELL,LIMIT,1701141539245,197153,0.0049192
MBLUSDT,SELL,LIMIT,1701144414348,20804,0.0049136
MBLUSDT,SELL,LIMIT,1701147550044,417777,0.0048936
MBLUSDT,SELL,LIMIT,1701147878954,4268,0.0048755
MBLUSDT,SELL,LIMIT,1701147883944,552613,0.0048677
MBLUSDT,SELL,LIMIT,1701147989301,583,0.0048607
MBLUSDT,SELL,LIMIT,1701148008869,1852,0.0048573
MBLUSDT,SELL,LIMIT,1701148114332,311526,0.0048542
MBLUSDT,SELL,LIMIT,1701148160047,49618,0.0048492
MBLUSDT,SELL,LIMIT,1701148166402,57171,0.0048394
MBLUSDT,SELL,LIMIT,1701149010139,303180,0.0048315
MBLUSDT,SELL,LIMIT,1701149884779,370433,0.0048143
MBLUSDT,SELL,LIMIT,1701149889054,14532,0.0048139
MBLUSDT,BUY,LIMIT,1701152161812,1085,0.0050302
MBLUSDT,SELL,LIMIT,1701161533214,1501,0.0048666
MBLUSDT,SELL,LIMIT,1701165895881,19166,0.0048838
MBLUSDT,BUY,LIMIT,1701179744213,1382,0.0051059
MBLUSDT,BUY,LIMIT,1701181266070,36077,0.0051148
MBLUSDT,BUY,LIMIT,1701192070016,984,0.0052258
MBLUSDT,SELL,LIMIT,1701194650029,10221,0.0050639
MBLUSDT,SELL,LIMIT,1701197862457,58333,0.0050567
MBLUSDT,SELL,LIMIT,1701199840223,5747,0.0050659
MBLUSDT,BUY,LIMIT,1701200475535,1024,0.0052494
MBLUSDT,BUY,LIMIT,1701216004458,9669,0.0053091
MBLUSDT,BUY,LIMIT,1701246760159,588207,0.0052165
MBLUSDT,SELL,LIMIT,1701253347052,107281,0.0050425
MBLUSDT,SELL,LIMIT,1701262815503,3209,0.0049784
MBLUSDT,SELL,LIMIT,1701270275687,10297,0.0049700
MBLUSDT,SELL,LIMIT,1701270579491,195297,0.0049501
MBLUSDT,SELL,LIMIT,1701283614046,121,0.0050108
MBLUSDT,SELL,LIMIT,1701286237386,154347,0.0049930
MBLUSDT,SELL,LIMIT,1701306992173,15007,0.0049151
MBLUSDT,SELL,LIMIT,1701332538948,219176,0.0049064
MBLUSDT,SELL,LIMIT,1701335274103,83023,0.0049031
MBLUSDT,BUY,LIMIT,1701386799889,100347,0.0051203
MBLUSDT,BUY,LIMIT,1701390423994,8707,0.0052452
MBLUSDT,BUY,LIMIT,1701391204350,74142,0.0054064
MBLUSDT,BUY,LIMIT,1701391219408,1654,0.0054519
MBLUSDT,BUY,LIMIT,1701391222274,595034,0.0054784
MBLUSDT,BUY,LIMIT,1701391329394,158650,0.0054870
MBLUSDT,BUY,LIMIT,1701391330830,358921,0.0054897
MBLUSDT,BUY,LIMIT,1701391332834,22488,0.0055002
MBLUSDT,BUY,LIMIT,1701391344239,122903,0.0055195
MBLUSDT,BUY,LIMIT,1701391350345,678305,0.0055350
MBLUSDT,SELL,LIMIT,1701391386558,920011,0.0053296
MBLUSDT,SELL,LIMIT,1701391405514,61552,0.0053127
MBLUSDT,SELL,LIMIT,1701391632160,30640,0.0053245
MBLUSDT,SELL,LIMIT,1701391641269,434143,0.0053012
MBLUSDT,SELL,LIMIT,1701391644873,14145,0.0052880
MBLUSDT,SELL,LIMIT,1701391647226,217695,0.0052567
MBLUSDT,SELL,LIMIT,1701391743060,10273,0.0052782
MBLUSDT,BUY,LIMIT,1701392003261,23337,0.0055212
MBLUSDT,BUY,LIMIT,1701392014612,48046,0.0055356
MBLUSDT,BUY,LIMIT,1701392128782,9106,0.0056056
MBLUSDT,BUY,LIMIT,1701392194932,209692,0.0055999
MBLUSDT,BUY,LIMIT,1701392201953,3331,0.0056078
MBLUSDT,BUY,LIMIT,1701392228152,28002,0.0056221
MBLUSDT,BUY,LIMIT,1701392230646,938438,0.0056303
MBLUSDT,BUY,LIMIT,1701392235631,134371,0.0056442
MBLUSDT,BUY,LIMIT,1701392318984,7312,0.0056746
MBLUSDT,BUY,LIMIT,1701392347637,149168,0.0056846
MBLUSDT,SELL,LIMIT,1701392463774,1364,0.0054321
MBLUSDT,SELL,LIMIT,1701392502083,20830,0.0054673
MBLUSDT,SELL,LIMIT,1701392503157,104214,0.0054685
MBLUSDT,BUY,LIMIT,1701392537989,27852,0.0056464
MBLUSDT,BUY,LIMIT,1701392602378,1011,0.0056673
MBLUSDT,BUY,LIMIT,1701392615539,875898,0.0056978
MBLUSDT,BUY,LIMIT,1701392616742,80455,0.0057272
MBLUSDT,SELL,LIMIT,1701392665328,65850,0.0055073
MBLUSDT,SELL,LIMIT,1701392698909,7120,0.0054841
MBLUSDT,BUY,LIMIT,1701392809415,267802,0.0056867
MBLUSDT,BUY,LIMIT,1701392903801,752857,0.0056975
MBLUSDT,BUY,LIMIT,1701392905059,126343,0.0057141
MBLUSDT,BUY,LIMIT,1701392907054,406811,0.0057166
MBLUSDT,BUY,LIMIT,1701392938136,892219,0.0057458
MBLUSDT,BUY,LIMIT,1701392939186,16092,0.0057512
MBLUSDT,BUY,LIMIT,1701393024578,903,0.0057642
MBLUSDT,BUY,LIMIT,1701393027104,965,0.0057722
MBLUSDT,BUY,LIMIT,1701393034767,2273422,0.0058082
MBLUSDT,SELL,LIMIT,1701393073314,8509,0.0055969
MBLUSDT,BUY,LIMIT,1701393097718,36219,0.0058053
MBLUSDT,BUY,LIMIT,1701393123098,42270,0.0058138
MBLUSDT,SELL,LIMIT,1701393172214,19126,0.0056028
MBLUSDT,SELL,LIMIT,1701393173261,33619,0.0056023
MBLUSDT,SELL,LIMIT,1701393217944,53527,0.0056097
MBLUSDT,SELL,LIMIT,1701393249300,831,0.0055849
MBLUSDT,SELL,LIMIT,1701393258472,18451,0.0055802
MBLUSDT,SELL,LIMIT,1701393265924,25527,0.0055750
MBLUSDT,SELL,LIMIT,1701393271278,7300,0.0055654
MBLUSDT,SELL,LIMIT,1701393320718,8962,0.0055755
MBLUSDT,SELL,LIMIT,1701393336154,803433,0.0055596
MBLUSDT,SELL,LIMIT,1701393354884,373,0.0055439
MBLUSDT,SELL,LIMIT,1701393548604,56914,0.0055912
MBLUSDT,SELL,LIMIT,1701393589292,32718,0.0055848
MBLUSDT,SELL,LIMIT,1701393592358,15259,0.0055775
MBLUSDT,SELL,LIMIT,1701393643010,208168,0.0055735
MBLUSDT,BUY,LIMIT,1701393735349,48998,0.0057526
MBLUSDT,SELL,LIMIT,1701393871945,682515,0.0055829
MBLUSDT,SELL,LIMIT,1701393888119,1823,0.0055799
MBLUSDT,BUY,LIMIT,1701393951210,2494,0.0057713
MBLUSDT,SELL,LIMIT,1701393993228,386880,0.0055784
MBLUSDT,SELL,LIMIT,1701394122106,10034,0.0055435
MBLUSDT,SELL,LIMIT,1701394124117,40294,0.0055114
MBLUSDT,SELL,LIMIT,1701394125171,272274,0.0055135
MBLUSDT,SELL,LIMIT,1701394126288,23229,0.0054731
MBLUSDT,SELL,LIMIT,1701394189034,33641,0.0054605
MBLUSDT,SELL,LIMIT,1701394220116,91525,0.0054237
MBLUSDT,SELL,LIMIT,1701394221171,68381,0.0054246
MBLUSDT,SELL,LIMIT,1701394223268,172542,0.0054213
MBLUSDT,SELL,LIMIT,1701394242107,723880,0.0054060
MBLUSDT,SELL,LIMIT,1701394243513,898311,0.0054058
MBLUSDT,SELL,LIMIT,1701394298175,15265,0.0053830
MBLUSDT,SELL,LIMIT,1701394344215,97365,0.0053806
MBLUSDT,SELL,LIMIT,1701394346095,103246,0.0053731
MBLUSDT,SELL,LIMIT,1701394367122,61551,0.0053593
MBLUSDT,BUY,LIMIT,1701394416069,84948,0.0055712
MBLUSDT,BUY,LIMIT,1701394418487,992,0.0055784
MBLUSDT,BUY,LIMIT,1701394443154,39276,0.0055815
MBLUSDT,SELL,LIMIT,1701394703330,913,0.0054009
MBLUSDT,BUY,LIMIT,1701394781158,7533,0.0055666
MBLUSDT,BUY,LIMIT,1701394794962,56711,0.0055798
MBLUSDT,BUY,LIMIT,1701395180433,46341,0.0055964
MBLUSDT,BUY,LIMIT,1701395189118,31345,0.0056177
MBLUSDT,BUY,LIMIT,1701395256165,5738,0.0056395
MBLUSDT,BUY,LIMIT,1701396134609,25376,0.0055692
MBLUSDT,SELL,LIMIT,1701396594092,60195,0.0054034
MBLUSDT,SELL,LIMIT,1701396757849,321188,0.0053679
MBLUSDT,SELL,LIMIT,1701396782584,1014,0.0053554
MBLUSDT,SELL,LIMIT,1701396873488,65985,0.0053526
MBLUSDT,BUY,LIMIT,1701398182958,6111,0.0055741
MBLUSDT,BUY,LIMIT,1701398374257,61451,0.0056369
MBLUSDT,BUY,LIMIT,1701398377743,916590,0.0056509
MBLUSDT,BUY,LIMIT,1701398710146,38234,0.0056521
MBLUSDT,SELL,LIMIT,1701398812066,390172,0.0054620
MBLUSDT,BUY,LIMIT,1701399072611,153539,0.0056441
MBLUSDT,SELL,LIMIT,1701399347699,88997,0.0054544
MBLUSDT,SELL,LIMIT,1701399392808,41967,0.0054488
MBLUSDT,SELL,LIMIT,1701399717544,39036,0.0054144
MBLUSDT,SELL,LIMIT,1701399766910,374077,0.0054086
MBLUSDT,SELL,LIMIT,1701399773397,224600,0.0053938
MBLUSDT,SELL,LIMIT,1701401621604,875284,0.0053741
MBLUSDT,SELL,LIMIT,1701401840112,30879,0.0053483
MBLUSDT,SELL,LIMIT,1701401842115,53203,0.0053352
MBLUSDT,SELL,LIMIT,1701401845847,893,0.0053321
MBLUSDT,BUY,LIMIT,1701401895874,8619,0.0055561
MBLUSDT,SELL,LIMIT,1701403656215,343705,0.0053508
MBLUSDT,SELL,LIMIT,1701403657217,130489,0.0053493
MBLUSDT,SELL,LIMIT,1701403775076,1024,0.0053245
MBLUSDT,SELL,LIMIT,1701403780934,63637,0.0053175
MBLUSDT,SELL,LIMIT,1701403784300,3897,0.0053130
MBLUSDT,SELL,LIMIT,1701404232091,269509,0.0053010
MBLUSDT,SELL,LIMIT,1701404263241,40779,0.0052807
MBLUSDT,SELL,LIMIT,1701408929649,284994,0.0053141
MBLUSDT,SELL,LIMIT,1701409306183,1933,0.0053104
MBLUSDT,BUY,LIMIT,1701410574160,67609,0.0055155
MBLUSDT,BUY,LIMIT,1701411085695,58436,0.0055654
MBLUSDT,BUY,LIMIT,1701411274911,72097,0.0055749
MBLUSDT,BUY,LIMIT,1701411278304,1067,0.0055769
MBLUSDT,SELL,LIMIT,1701411560115,84140,0.0053434
MBLUSDT,SELL,LIMIT,1701411563154,8151,0.0053416
MBLUSDT,SELL,LIMIT,1701411572639,16090,0.0053277
MBLUSDT,BUY,LIMIT,1701412275969,185185,0.0055069
MBLUSDT,BUY,LIMIT,1701412292546,4280,0.0055203
MBLUSDT,BUY,LIMIT,1701412300109,925744,0.0055370
MBLUSDT,BUY,LIMIT,1701412550720,6179,0.0055338
MBLUSDT,SELL,LIMIT,1701415474074,3091,0.0053197
MBLUSDT,SELL,LIMIT,1701416307347,129933,0.0053049
MBLUSDT,BUY,LIMIT,1701417314701,54881,0.0054838
MBLUSDT,BUY,LIMIT,1701417321213,13769,0.0054889
MBLUSDT,SELL,LIMIT,1701419128452,45343,0.0053195
MBLUSDT,SELL,LIMIT,1701419242585,43949,0.0053177
MBLUSDT,BUY,LIMIT,1701422159490,27341,0.0054920
MBLUSDT,BUY,LIMIT,1701427345447,706436,0.0055494
MBLUSDT,BUY,LIMIT,1701427363180,16632,0.0055879
MBLUSDT,SELL,LIMIT,1701427450902,65444,0.0053939
MBLUSDT,BUY,LIMIT,1701427687783,14047,0.0056395
MBLUSDT,SELL,LIMIT,1701427942449,128393,0.0053951
MBLUSDT,SELL,LIMIT,1701427947405,841533,0.0053906
MBLUSDT,BUY,LIMIT,1701428889598,18208,0.0056143
MBLUSDT,BUY,LIMIT,1701429490339,4552,0.0055980
MBLUSDT,BUY,LIMIT,1701429570662,52788,0.0056466
MBLUSDT,BUY,LIMIT,1701429582225,111831,0.0056559
MBLUSDT,BUY,LIMIT,1701429583328,1855,0.0056593
MBLUSDT,SELL,LIMIT,1701429782336,1188,0.0054428
MBLUSDT,SELL,LIMIT,1701429786087,6321,0.0054402
MBLUSDT,SELL,LIMIT,1701429787090,69353,0.0054339
MBLUSDT,SELL,LIMIT,1701430983297,306215,0.0054315
MBLUSDT,SELL,LIMIT,1701430986761,347996,0.0054287
MBLUSDT,SELL,LIMIT,1701431240958,7307,0.0054177
MBLUSDT,SELL,LIMIT,1701431466228,448682,0.0053902
MBLUSDT,SELL,LIMIT,1701431470173,118907,0.0053862
MBLUSDT,SELL,LIMIT,1701431479660,1406,0.0053809
MBLUSDT,SELL,LIMIT,1701431495818,42322,0.0053797
MBLUSDT,SELL,LIMIT,1701431595238,246831,0.0053752
MBLUSDT,SELL,LIMIT,1701431596296,2363,0.0053726
MBLUSDT,BUY,LIMIT,1701432022057,20565,0.0055602
MBLUSDT,BUY,LIMIT,1701432070361,83967,0.0055793
MBLUSDT,BUY,LIMIT,1701432083177,76260,0.0055873
MBLUSDT,BUY,LIMIT,1701432233136,59606,0.0055739
MBLUSDT,BUY,LIMIT,1701432262826,1643,0.0055901
MBLUSDT,SELL,LIMIT,1701432704599,75638,0.0053812
MBLUSDT,BUY,LIMIT,1701433301492,25123,0.0055807
MBLUSDT,SELL,LIMIT,1701434289258,97326,0.0053909
MBLUSDT,SELL,LIMIT,1701434291969,91024,0.0053843
MBLUSDT,SELL,LIMIT,1701436747910,12512,0.0053856
MBLUSDT,SELL,LIMIT,1701437566952,1323,0.0053569
MBLUSDT,SELL,LIMIT,1701437568820,22321,0.0053528
MBLUSDT,SELL,LIMIT,1701437571960,141907,0.0053470
MBLUSDT,SELL,LIMIT,1701437575919,46499,0.0053463
MBLUSDT,SELL,LIMIT,1701437590487,28375,0.0053383
MBLUSDT,SELL,LIMIT,1701439117115,45925,0.0053240
MBLUSDT,BUY,LIMIT,1701439589525,924214,0.0055248
MBLUSDT,BUY,LIMIT,1701441381237,1727,0.0055297
MBLUSDT,SELL,LIMIT,1701441832079,182472,0.0053290
MBLUSDT,SELL,LIMIT,1701441881816,149532,0.0053265
MBLUSDT,SELL,LIMIT,1701442085358,16662,0.0053129
MBLUSDT,SELL,LIMIT,1701442117173,70435,0.0053067
MBLUSDT,SELL,LIMIT,1701442371443,28583,0.0053160
MBLUSDT,BUY,LIMIT,1701443504108,17961,0.0055181
MBLUSDT,BUY,LIMIT,1701447382682,4423,0.0054951
MBLUSDT,BUY,LIMIT,1701447542631,137556,0.0055185
MBLUSDT,SELL,LIMIT,1701447843017,1460,0.0154800
MBLUSDT,BUY,LIMIT,1701448079477,8911,0.0055272
MBLUSDT,BUY,LIMIT,1701448084160,27654,0.0055334
MBLUSDT,BUY,LIMIT,1701448490712,931543,0.0055305
MBLUSDT,SELL,LIMIT,1701450654202,16562,0.0053269
MBLUSDT,SELL,LIMIT,1701451922271,16569,0.0052924
MBLUSDT,SELL,LIMIT,1701451940173,51558,0.0052878
MBLUSDT,BUY,LIMIT,1701453055254,931433,0.0054743
MBLUSDT,BUY,LIMIT,1701453126226,186185,0.0054787
MBLUSDT,BUY,LIMIT,1701453204827,11238,0.0054920
MBLUSDT,BUY,LIMIT,1701455149494,11182,0.0044293
MBLUSDT,SELL,LIMIT,1701457756381,38574,0.0053342
MBLUSDT,SELL,LIMIT,1701458686143,555554,0.0053298
MBLUSDT,SELL,LIMIT,1701460029389,13171,0.0053354
MBLUSDT,SELL,LIMIT,1701471711682,1594,0.0053018
MBLUSDT,SELL,LIMIT,1701473316180,205550,0.0052936
MBLUSDT,SELL,LIMIT,1701475217363,1399,0.0052820
MBLUSDT,SELL,LIMIT,1701475237394,91240,0.0052708
MBLUSDT,SELL,LIMIT,1701475369401,5452,0.0052665
MBLUSDT,SELL,LIMIT,1701475380487,2367648,0.0052274
MBLUSDT,SELL,LIMIT,1701475388113,71277,0.0052461
MBLUSDT,SELL,LIMIT,1701475390456,994,0.0052429
MBLUSDT,SELL,LIMIT,1701475425296,3666,0.0052330
MBLUSDT,SELL,LIMIT,1701475752119,25298,0.0052314
MBLUSDT,SELL,LIMIT,1701475753678,10000,0.0052288
MBLUSDT,SELL,LIMIT,1701476273325,1628,0.0052127
MBLUSDT,SELL,LIMIT,1701476280078,135905,0.0052080
MBLUSDT,SELL,LIMIT,1701476285100,21946,0.0052023
MBLUSDT,BUY,LIMIT,1701476471398,277416,0.0053674
MBLUSDT,SELL,LIMIT,1701476694850,204287,0.0051939
MBLUSDT,BUY,LIMIT,1701479149100,8948,0.0053900
MBLUSDT,BUY,LIMIT,1701479486398,944361,0.0054004
MBLUSDT,BUY,LIMIT,1701479628127,27694,0.0054588
MBLUSDT,BUY,LIMIT,1701479810387,37060,0.0055132
MBLUSDT,BUY,LIMIT,1701479812758,31391,0.0055201
MBLUSDT,BUY,LIMIT,1701482291780,248317,0.0054506
MBLUSDT,BUY,LIMIT,1701485992360,1798,0.0053922
MBLUSDT,SELL,LIMIT,1701486001398,15234,0.0052324
MBLUSDT,BUY,LIMIT,1701486002604,90942,0.0052601
MBLUSDT,BUY,LIMIT,1701486004228,72254,0.0053603
MBLUSDT,BUY,LIMIT,1701486006745,66255,0.0053916
MBLUSDT,SELL,LIMIT,1701493795470,14346,0.0052248
MBLUSDT,BUY,LIMIT,1701497000639,15845,0.0055417
MBLUSDT,BUY,LIMIT,1701497002041,5842,0.0055509
MBLUSDT,BUY,LIMIT,1701497109039,150914,0.0055644
MBLUSDT,BUY,LIMIT,1701497116390,306455,0.0055850
MBLUSDT,BUY,LIMIT,1701497133360,18418,0.0055957
MBLUSDT,BUY,LIMIT,1701497159484,1048391,0.0056300
MBLUSDT,SELL,LIMIT,1701498469518,924385,0.0053021
MBLUSDT,BUY,LIMIT,1701503620175,51887,0.0055182
MBLUSDT,BUY,LIMIT,1701503633106,1203,0.0055255
MBLUSDT,SELL,LIMIT,1701508803463,59799,0.0053568
