Symbol,Side,Order Type,Time,Quantity,Price
MBLUSDT,BUY,LIMIT,1701065576314,138776,0.0053084
MBLUSDT,SELL,LIMIT,1701069555522,57859,0.0051189
MBLUSDT,SELL,LIMIT,1701069896969,25000,0.0050919
MBLUSDT,SELL,LIMIT,1701080787420,30854,0.0050679
MBLUSDT,SELL,LIMIT,1701080849773,29074,0.0050649
MBLUSDT,SELL,LIMIT,1701081614515,22708,0.0050263
MBLUSDT,SELL,LIMIT,1701081621062,100000,0.0050241
MBLUSDT,SELL,LIMIT,1701082119745,6382,0.0050185
MBLUSDT,SELL,LIMIT,1701082483039,147441,0.0050092
MBLUSDT,SELL,LIMIT,1701082488315,163576,0.0050051
MBLUSDT,SELL,LIMIT,1701082498957,1478,0.0049950
MBLUSDT,SELL,LIMIT,1701082619368,538282,0.0049929
MBLUSDT,SELL,LIMIT,1701082654050,7035,0.0049846
MBLUSDT,SELL,LIMIT,1701082729011,881882,0.0049710
MBLUSDT,SELL,LIMIT,1701100511736,51753,0.0050732
MBLUSDT,SELL,LIMIT,1701100810228,994,0.0050273
MBLUSDT,SELL,LIMIT,1701101007837,4953,0.0050262
MBLUSDT,SELL,LIMIT,1701107792172,59053,0.0050396
MBLUSDT,SELL,LIMIT,1701111929046,232589,0.0050255
MBLUSDT,SELL,LIMIT,1701114163868,551287,0.0050068
MBLUSDT,SELL,LIMIT,1701114352848,1324,0.0049887
MBLUSDT,SELL,LIMIT,1701114355681,125554,0.0049861
MBLUSDT,SELL,LIMIT,1701129997309,50000,0.0050531
MBLUSDT,SELL,LIMIT,1701137141465,9244,0.0049440
MBLUSDT,SELL,LIMIT,1701137177480,9107,0.0049395
MBLUSDT,SELL,LIMIT,1701137541879,43840,0.0049349
MBLUSDT,SELL,LIMIT,1701141539245,197153,0.0049192
MBLUSDT,SELL,LIMIT,1701144414348,20804,0.0049136
MBLUSDT,SELL,LIMIT,1701147550044,417777,0.0048936
MBLUSDT,SELL,LIMIT,1701147878954,4268,0.0048755
MBLUSDT,SELL,LIMIT,1701147883944,552613,0.0048677
MBLUSDT,SELL,LIMIT,1701147989301,583,0.0048607
MBLUSDT,SELL,LIMIT,1701148008869,1852,0.0048573
MBLUSDT,SELL,LIMIT,1701148114332,311526,0.0048542
MBLUSDT,SELL,LIMIT,1701148160047,49618,0.0048492
MBLUSDT,SELL,LIMIT,1701148166402,57171,0.0048394
MBLUSDT,SELL,LIMIT,1701149010139,303180,0.0048315
MBLUSDT,SELL,LIMIT,1701149884779,370433,0.0048143
MBLUSDT,SELL,LIMIT,1701149889054,14532,0.0048139
MBLUSDT,BUY,LIMIT,1701152161812,1085,0.0050302
MBLUSDT,SELL,LIMIT,1701161533214,1501,0.0048666
MBLUSDT,SELL,LIMIT,1701165895881,19166,0.0048838
MBLUSDT,BUY,LIMIT,1701179744213,1382,0.0051059
MBLUSDT,BUY,LIMIT,1701181266070,36077,0.0051148
MBLUSDT,BUY,LIMIT,1701192070016,984,0.0052258
MBLUSDT,SELL,LIMIT,1701194650029,10221,0.0050639
MBLUSDT,SELL,LIMIT,1701197862457,58333,0.0050567
MBLUSDT,SELL,LIMIT,1701199840223,5747,0.0050659
MBLUSDT,BUY,LIMIT,1701200475535,1024,0.0052494
MBLUSDT,BUY,LIMIT,1701216004458,9669,0.0053091
MBLUSDT,BUY,LIMIT,1701246760159,588207,0.0052165
MBLUSDT,SELL,LIMIT,1701253347052,107281,0.0050425
MBLUSDT,SELL,LIMIT,1701262815503,3209,0.0049784
MBLUSDT,SELL,LIMIT,1701270275687,10297,0.0049700
MBLUSDT,SELL,LIMIT,1701270579491,195297,0.0049501
MBLUSDT,SELL,LIMIT,1701283614046,121,0.0050108
MBLUSDT,SELL,LIMIT,1701286237386,154347,0.0049930
MBLUSDT,SELL,LIMIT,1701306992173,15007,0.0049151
MBLUSDT,SELL,LIMIT,1701332538948,219176,0.0049064
MBLUSDT,SELL,LIMIT,1701335274103,83023,0.0049031
MBLUSDT,BUY,LIMIT,1701386799889,100347,0.0051203
MBLUSDT,BUY,LIMIT,1701390423994,8707,0.0052452
MBLUSDT,BUY,LIMIT,1701391204350,74142,0.0054064
MBLUSDT,BUY,LIMIT,1701391219408,1654,0.0054519
MBLUSDT,BUY,LIMIT,1701391222274,595034,0.0054784
MBLUSDT,BUY,LIMIT,1701391329394,158650,0.0054870
MBLUSDT,BUY,LIMIT,1701391330830,358921,0.0054897
MBLUSDT,BUY,LIMIT,1701391332834,22488,0.0055002
MBLUSDT,BUY,LIMIT,1701391344239,122903,0.0055195
MBLUSDT,BUY,LIMIT,1701391350345,678305,0.0055350
MBLUSDT,SELL,LIMIT,1701391386558,920011,0.0053296
MBLUSDT,SELL,LIMIT,1701391405514,61552,0.0053127
MBLUSDT,SELL,LIMIT,1701391632160,30640,0.0053245
MBLUSDT,SELL,LIMIT,1701391641269,434143,0.0053012
MBLUSDT,SELL,LIMIT,1701391644873,14145,0.0052880
MBLUSDT,SELL,LIMIT,1701391647226,217695,0.0052567
MBLUSDT,SELL,LIMIT,1701391743060,10273,0.0052782
MBLUSDT,BUY,LIMIT,1701392003261,23337,0.0055212
MBLUSDT,BUY,LIMIT,1701392014612,48046,0.0055356
MBLUSDT,BUY,LIMIT,1701392128782,9106,0.0056056
MBLUSDT,BUY,LIMIT,1701392194932,209692,0.0055999
MBLUSDT,BUY,LIMIT,1701392201953,3331,0.0056078
MBLUSDT,BUY,LIMIT,1701392228152,28002,0.0056221
MBLUSDT,BUY,LIMIT,1701392230646,938438,0.0056303
MBLUSDT,BUY,LIMIT,1701392235631,134371,0.0056442
MBLUSDT,BUY,LIMIT,1701392318984,7312,0.0056746
MBLUSDT,BUY,LIMIT,1701392347637,149168,0.0056846
MBLUSDT,SELL,LIMIT,1701392463774,1364,0.0054321
MBLUSDT,SELL,LIMIT,1701392502083,20830,0.0054673
MBLUSDT,SELL,LIMIT,1701392503157,104214,0.0054685
MBLUSDT,BUY,LIMIT,1701392537989,27852,0.0056464
MBLUSDT,BUY,LIMIT,1701392602378,1011,0.0056673
MBLUSDT,BUY,LIMIT,1701392615539,875898,0.0056978
MBLUSDT,BUY,LIMIT,1701392616742,80455,0.0057272
MBLUSDT,SELL,LIMIT,1701392665328,65850,0.0055073
MBLUSDT,SELL,LIMIT,1701392698909,7120,0.0054841
MBLUSDT,BUY,LIMIT,1701392809415,267802,0.0056867
MBLUSDT,BUY,LIMIT,1701392903801,752857,0.0056975
MBLUSDT,BUY,LIMIT,1701392905059,126343,0.0057141
MBLUSDT,BUY,LIMIT,1701392907054,406811,0.0057166
MBLUSDT,BUY,LIMIT,1701392938136,892219,0.0057458
MBLUSDT,BUY,LIMIT,1701392939186,16092,0.0057512
MBLUSDT,BUY,LIMIT,1701393024578,903,0.0057642
MBLUSDT,BUY,LIMIT,1701393027104,965,0.0057722
MBLUSDT,BUY,LIMIT,1701393034767,2273422,0.0058082
MBLUSDT,SELL,LIMIT,1701393073314,8509,0.0055969
MBLUSDT,BUY,LIMIT,1701393097718,36219,0.0058053
MBLUSDT,BUY,LIMIT,1701393123098,42270,0.0058138
MBLUSDT,SELL,LIMIT,1701393172214,19126,0.0056028
MBLUSDT,SELL,LIMIT,1701393173261,33619,0.0056023
MBLUSDT,SELL,LIMIT,1701393217944,53527,0.0056097
MBLUSDT,SELL,LIMIT,1701393249300,831,0.0055849
MBLUSDT,SELL,LIMIT,1701393258472,18451,0.0055802
MBLUSDT,SELL,LIMIT,1701393265924,25527,0.0055750
MBLUSDT,SELL,LIMIT,1701393271278,7300,0.0055654
MBLUSDT,SELL,LIMIT,1701393320718,8962,0.0055755
MBLUSDT,SELL,LIMIT,1701393336154,803433,0.0055596
MBLUSDT,SELL,LIMIT,1701393354884,373,0.0055439
MBLUSDT,SELL,LIMIT,1701393548604,56914,0.0055912
MBLUSDT,SELL,LIMIT,1701393589292,32718,0.0055848
MBLUSDT,SELL,LIMIT,1701393592358,15259,0.0055775
MBLUSDT,SELL,LIMIT,1701393643010,208168,0.0055735
MBLUSDT,BUY,LIMIT,1701393735349,48998,0.0057526
MBLUSDT,SELL,LIMIT,1701393871945,682515,0.0055829
MBLUSDT,SELL,LIMIT,1701393888119,1823,0.0055799
MBLUSDT,BUY,LIMIT,1701393951210,2494,0.0057713
MBLUSDT,SELL,LIMIT,1701393993228,386880,0.0055784
MBLUSDT,SELL,LIMIT,1701394122106,10034,0.0055435
MBLUSDT,SELL,LIMIT,1701394124117,40294,0.0055114
MBLUSDT,SELL,LIMIT,1701394125171,272274,0.0055135
MBLUSDT,SELL,LIMIT,1701394126288,23229,0.0054731
MBLUSDT,SELL,LIMIT,1701394189034,33641,0.0054605
MBLUSDT,SELL,LIMIT,1701394220116,91525,0.0054237
MBLUSDT,SELL,LIMIT,1701394221171,68381,0.0054246
MBLUSDT,SELL,LIMIT,1701394223268,172542,0.0054213
MBLUSDT,SELL,LIMIT,1701394242107,723880,0.0054060
MBLUSDT,SELL,LIMIT,1701394243513,898311,0.0054058
MBLUSDT,SELL,LIMIT,1701394298175,15265,0.0053830
MBLUSDT,SELL,LIMIT,1701394344215,97365,0.0053806
MBLUSDT,SELL,LIMIT,1701394346095,103246,0.0053731
MBLUSDT,SELL,LIMIT,1701394367122,61551,0.0053593
MBLUSDT,BUY,LIMIT,1701394416069,84948,0.0055712
MBLUSDT,BUY,LIMIT,1701394418487,992,0.0055784
MBLUSDT,BUY,LIMIT,1701394443154,39276,0.0055815
MBLUSDT,SELL,LIMIT,1701394703330,913,0.0054009
MBLUSDT,BUY,LIMIT,1701394781158,7533,0.0055666
MBLUSDT,BUY,LIMIT,1701394794962,56711,0.0055798
MBLUSDT,BUY,LIMIT,1701395180433,46341,0.0055964
MBLUSDT,BUY,LIMIT,1701395189118,31345,0.0056177
MBLUSDT,BUY,LIMIT,1701395256165,5738,0.0056395
MBLUSDT,BUY,LIMIT,1701396134609,25376,0.0055692
MBLUSDT,SELL,LIMIT,1701396594092,60195,0.0054034
MBLUSDT,SELL,LIMIT,1701396757849,321188,0.0053679
MBLUSDT,SELL,LIMIT,1701396782584,1014,0.0053554
MBLUSDT,SELL,LIMIT,1701396873488,65985,0.0053526
MBLUSDT,BUY,LIMIT,1701398182958,6111,0.0055741
MBLUSDT,BUY,LIMIT,1701398374257,61451,0.0056369
MBLUSDT,BUY,LIMIT,1701398377743,916590,0.0056509
MBLUSDT,BUY,LIMIT,1701398710146,38234,0.0056521
MBLUSDT,SELL,LIMIT,1701398812066,390172,0.0054620
MBLUSDT,BUY,LIMIT,1701399072611,153539,0.0056441
MBLUSDT,SELL,LIMIT,1701399347699,88997,0.0054544
MBLUSDT,SELL,LIMIT,1701399392808,41967,0.0054488
MBLUSDT,SELL,LIMIT,1701399717544,39036,0.0054144
MBLUSDT,SELL,LIMIT,1701399766910,374077,0.0054086
MBLUSDT,SELL,LIMIT,1701399773397,224600,0.0053938
MBLUSDT,SELL,LIMIT,1701401621604,875284,0.0053741
MBLUSDT,SELL,LIMIT,1701401840112,30879,0.0053483
MBLUSDT,SELL,LIMIT,1701401842115,53203,0.0053352
MBLUSDT,SELL,LIMIT,1701401845847,893,0.0053321
MBLUSDT,BUY,LIMIT,1701401895874,8619,0.0055561
MBLUSDT,SELL,LIMIT,1701403656215,343705,0.0053508
MBLUSDT,SELL,LIMIT,1701403657217,130489,0.0053493
MBLUSDT,SELL,LIMIT,1701403775076,1024,0.0053245
MBLUSDT,SELL,LIMIT,1701403780934,63637,0.0053175
MBLUSDT,SELL,LIMIT,1701403784300,3897,0.0053130
MBLUSDT,SELL,LIMIT,1701404232091,269509,0.0053010
MBLUSDT,SELL,LIMIT,1701404263241,40779,0.0052807
MBLUSDT,SELL,LIMIT,1701408929649,284994,0.0053141
MBLUSDT,SELL,LIMIT,1701409306183,1933,0.0053104
MBLUSDT,BUY,LIMIT,1701410574160,67609,0.0055155
MBLUSDT,BUY,LIMIT,1701411085695,58436,0.0055654
MBLUSDT,BUY,LIMIT,1701411274911,72097,0.0055749
MBLUSDT,BUY,LIMIT,1701411278304,1067,0.0055769
MBLUSDT,SELL,LIMIT,1701411560115,84140,0.0053434
MBLUSDT,SELL,LIMIT,1701411563154,8151,0.0053416
MBLUSDT,SELL,LIMIT,1701411572639,16090,0.0053277
MBLUSDT,BUY,LIMIT,1701412275969,185185,0.0055069
MBLUSDT,BUY,LIMIT,1701412292546,4280,0.0055203
MBLUSDT,BUY,LIMIT,1701412300109,925744,0.0055370
MBLUSDT,BUY,LIMIT,1701412550720,6179,0.0055338
MBLUSDT,SELL,LIMIT,1701415474074,3091,0.0053197
MBLUSDT,SELL,LIMIT,1701416307347,129933,0.0053049
MBLUSDT,BUY,LIMIT,1701417314701,54881,0.0054838
MBLUSDT,BUY,LIMIT,1701417321213,13769,0.0054889
MBLUSDT,SELL,LIMIT,1701419128452,45343,0.0053195
MBLUSDT,SELL,LIMIT,1701419242585,43949,0.0053177
MBLUSDT,BUY,LIMIT,1701422159490,27341,0.0054920
