Symbol,Side,Order Type,Time,Quantity,Price
MDTUSDT,BUY,LIMIT,1700846435414,19211,0.0665686
MDTUSDT,BUY,LIMIT,1700846772286,14772,0.0669412
MDTUSDT,BUY,LIMIT,1700846786142,3909,0.0671606
MDTUSDT,BUY,LIMIT,1700846788843,105,0.0672695
MDTUSDT,BUY,LIMIT,1700846808253,7916,0.0675248
MDTUSDT,BUY,LIMIT,1700847563390,3889,0.0676389
MDTUSDT,BUY,LIMIT,1700847566185,61817,0.0677219
MDTUSDT,BUY,LIMIT,1700847569704,125,0.0678110
MDTUSDT,BUY,LIMIT,1700847574449,8508,0.0678706
MDTUSDT,BUY,LIMIT,1700847578399,2501,0.0679507
MDTUSDT,BUY,LIMIT,1700847581129,350,0.0680872
MDTUSDT,BUY,LIMIT,1700847582208,439,0.0680953
MDTUSDT,BUY,LIMIT,1700847589774,1536,0.0682669
MDTUSDT,BUY,LIMIT,1700847593369,559,0.0684071
MDTUSDT,BUY,LIMIT,1700847594377,14230,0.0684047
MDTUSDT,BUY,LIMIT,1700847596838,68007,0.0686395
MDTUSDT,BUY,LIMIT,1700847614544,244,0.0686924
MDTUSDT,BUY,LIMIT,1700847623575,2131,0.0689033
MDTUSDT,BUY,LIMIT,1700847625148,470,0.0689273
MDTUSDT,BUY,LIMIT,1700847626262,14018,0.0689733
MDTUSDT,BUY,LIMIT,1700847633195,25681,0.0691398
MDTUSDT,BUY,LIMIT,1700847647486,41,0.0691623
MDTUSDT,BUY,LIMIT,1700847650194,3442,0.0692392
MDTUSDT,BUY,LIMIT,1700847651269,3509,0.0692299
MDTUSDT,BUY,LIMIT,1700847652305,45871,0.0692868
MDTUSDT,BUY,LIMIT,1700847655284,30999,0.0694070
MDTUSDT,BUY,LIMIT,1700847657139,394,0.0694648
MDTUSDT,BUY,LIMIT,1700847678067,959,0.0696161
MDTUSDT,BUY,LIMIT,1700847680079,19794,0.0697223
MDTUSDT,BUY,LIMIT,1700847682686,23400,0.0697408
MDTUSDT,BUY,LIMIT,1700847683878,13739,0.0697932
MDTUSDT,BUY,LIMIT,1700847685734,12466,0.0698378
MDTUSDT,BUY,LIMIT,1700847689174,135,0.0699320
MDTUSDT,BUY,LIMIT,1700847690325,10000,0.0699811
MDTUSDT,BUY,LIMIT,1700847691454,188,0.0699909
MDTUSDT,BUY,LIMIT,1700847692528,344,0.0701046
MDTUSDT,BUY,LIMIT,1700847700239,2016,0.0702943
MDTUSDT,BUY,LIMIT,1700847701309,8099,0.0703324
MDTUSDT,BUY,LIMIT,1700847704253,3001,0.0703953
MDTUSDT,BUY,LIMIT,1700847705347,809,0.0704355
MDTUSDT,BUY,LIMIT,1700847707130,156,0.0704557
MDTUSDT,BUY,LIMIT,1700847708195,499,0.0706043
MDTUSDT,BUY,LIMIT,1700847713035,52471,0.0707081
MDTUSDT,BUY,LIMIT,1700847715048,10200,0.0708100
MDTUSDT,BUY,LIMIT,1700847716063,171,0.0708376
MDTUSDT,BUY,LIMIT,1700847717842,235,0.0708929
MDTUSDT,BUY,LIMIT,1700847724040,106,0.0708862
MDTUSDT,BUY,LIMIT,1700847726104,35320,0.0710300
MDTUSDT,BUY,LIMIT,1700847727116,304,0.0710079
MDTUSDT,BUY,LIMIT,1700847728329,772,0.0711146
MDTUSDT,SELL,LIMIT,1700847845197,1768,0.0660428
MDTUSDT,SELL,LIMIT,1700847939129,2000,0.0655354
MDTUSDT,SELL,LIMIT,1700848003461,20434,0.0653238
MDTUSDT,SELL,LIMIT,1700848004484,4781,0.0653440
MDTUSDT,BUY,LIMIT,1700848555465,1365,0.0687496
MDTUSDT,BUY,LIMIT,1700848630151,6724,0.0686186
MDTUSDT,BUY,LIMIT,1700848693082,3444,0.0689860
MDTUSDT,BUY,LIMIT,1700848695233,79428,0.0692130
MDTUSDT,BUY,LIMIT,1700848773698,362,0.0682986
MDTUSDT,BUY,LIMIT,1700851630198,5762,0.0701009
MDTUSDT,BUY,LIMIT,1700851631551,1681,0.0701266
MDTUSDT,BUY,LIMIT,1700851713175,168,0.0703059
MDTUSDT,BUY,LIMIT,1700851718064,44019,0.0703366
MDTUSDT,BUY,LIMIT,1700851720068,773,0.0705282
MDTUSDT,BUY,LIMIT,1700851721133,49570,0.0704311
MDTUSDT,BUY,LIMIT,1700851722559,35909,0.0706963
MDTUSDT,BUY,LIMIT,1700851730660,535,0.0707350
MDTUSDT,BUY,LIMIT,1700851731773,698,0.0707732
MDTUSDT,BUY,LIMIT,1700851735186,8086,0.0708091
MDTUSDT,BUY,LIMIT,1700851737147,14766,0.0709186
MDTUSDT,BUY,LIMIT,1700852500036,4770,0.0710109
MDTUSDT,BUY,LIMIT,1700852505374,1548,0.0710714
MDTUSDT,BUY,LIMIT,1700852507079,1534,0.0711633
MDTUSDT,BUY,LIMIT,1700852508131,16097,0.0712152
MDTUSDT,BUY,LIMIT,1700853770091,9714,0.0705489
MDTUSDT,BUY,LIMIT,1700853841962,243,0.0705426
MDTUSDT,BUY,LIMIT,1700856057083,1725,0.0695533
MDTUSDT,BUY,LIMIT,1700857769609,2165,0.0704837
MDTUSDT,BUY,LIMIT,1700858519230,375,0.0712084
MDTUSDT,BUY,LIMIT,1700858521044,147,0.0712593
MDTUSDT,BUY,LIMIT,1700858522268,6299,0.0712994
MDTUSDT,BUY,LIMIT,1700858551113,4292,0.0714796
MDTUSDT,BUY,LIMIT,1700858552117,1325,0.0714968
MDTUSDT,BUY,LIMIT,1700858553628,2519,0.0715686
MDTUSDT,BUY,LIMIT,1700858556888,1380,0.0715602
MDTUSDT,BUY,LIMIT,1700858864770,18208,0.0716142
MDTUSDT,BUY,LIMIT,1700858867658,11940,0.0716337
MDTUSDT,BUY,LIMIT,1700858869561,29304,0.0716301
MDTUSDT,BUY,LIMIT,1700858878094,1031,0.0716622
MDTUSDT,BUY,LIMIT,1700858925590,73616,0.0716469
MDTUSDT,BUY,LIMIT,1700859012309,43261,0.0714546
MDTUSDT,BUY,LIMIT,1700859021660,60454,0.0716344
MDTUSDT,BUY,LIMIT,1700859026460,2102,0.0717013
MDTUSDT,BUY,LIMIT,1700859028341,2390,0.0717052
MDTUSDT,BUY,LIMIT,1700859031209,2729,0.0716855
MDTUSDT,BUY,LIMIT,1700859036159,244,0.0717655
MDTUSDT,BUY,LIMIT,1700859038318,30647,0.0717790
MDTUSDT,BUY,LIMIT,1700859041398,7646,0.0717915
MDTUSDT,BUY,LIMIT,1700859043419,731,0.0694556
MDTUSDT,BUY,LIMIT,1700859046142,338,0.0717533
MDTUSDT,BUY,LIMIT,1700859069605,11683,0.0718440
MDTUSDT,BUY,LIMIT,1700859070888,695,0.0718722
MDTUSDT,BUY,LIMIT,1700859071897,96,0.0721384
MDTUSDT,BUY,LIMIT,1700859073275,37197,0.0721682
MDTUSDT,BUY,LIMIT,1700859092068,539,0.0722062
MDTUSDT,BUY,LIMIT,1700859093244,14692,0.0722159
MDTUSDT,BUY,LIMIT,1700859097849,4070,0.0722480
MDTUSDT,BUY,LIMIT,1700859101817,9902,0.0722581
MDTUSDT,BUY,LIMIT,1700859106274,8737,0.0723052
MDTUSDT,BUY,LIMIT,1700859107687,36258,0.0723814
MDTUSDT,BUY,LIMIT,1700859109050,2450,0.0724679
MDTUSDT,BUY,LIMIT,1700859110100,13672,0.0725686
MDTUSDT,BUY,LIMIT,1700859111105,1605,0.0726169
MDTUSDT,BUY,LIMIT,1700859112183,1091,0.0727183
MDTUSDT,BUY,LIMIT,1700859113310,207,0.0727616
MDTUSDT,BUY,LIMIT,1700859114334,72216,0.0727353
MDTUSDT,BUY,LIMIT,1700859201147,77,0.0728543
MDTUSDT,BUY,LIMIT,1700859202202,167,0.0728617
MDTUSDT,BUY,LIMIT,1700859209223,5764,0.0729018
MDTUSDT,BUY,LIMIT,1700859211146,1360,0.0729611
MDTUSDT,BUY,LIMIT,1700859212201,539,0.0729284
MDTUSDT,BUY,LIMIT,1700859213247,11610,0.0731308
MDTUSDT,BUY,LIMIT,1700859214289,1178,0.0731604
MDTUSDT,BUY,LIMIT,1700859235124,87,0.0731902
MDTUSDT,BUY,LIMIT,1700859236291,34785,0.0732049
MDTUSDT,BUY,LIMIT,1700859237562,153018,0.0734169
MDTUSDT,BUY,LIMIT,1700859239394,5513,0.0732803
MDTUSDT,BUY,LIMIT,1700859241299,30619,0.0732990
MDTUSDT,BUY,LIMIT,1700859865276,488,0.0733644
MDTUSDT,BUY,LIMIT,1700859870119,3106,0.0734860
MDTUSDT,BUY,LIMIT,1700859871208,394,0.0735447
MDTUSDT,BUY,LIMIT,1700859872234,1942,0.0738627
MDTUSDT,SELL,LIMIT,1700863620139,1500,0.0687394
MDTUSDT,SELL,LIMIT,1700863625921,1349,0.0687117
MDTUSDT,SELL,LIMIT,1700863627480,4311,0.0686434
MDTUSDT,SELL,LIMIT,1700863629144,346,0.0684839
MDTUSDT,SELL,LIMIT,1700863733311,2539,0.0684585
MDTUSDT,SELL,LIMIT,1700863856260,113,0.0688665
MDTUSDT,SELL,LIMIT,1700863862298,69429,0.0684068
MDTUSDT,SELL,LIMIT,1700863954527,5481,0.0683299
MDTUSDT,BUY,LIMIT,1700863959906,361,0.0711183
MDTUSDT,SELL,LIMIT,1700863961308,393,0.0683081
MDTUSDT,SELL,LIMIT,1700863962474,4575,0.0681924
MDTUSDT,SELL,LIMIT,1700863964815,27948,0.0680095
MDTUSDT,SELL,LIMIT,1700865548834,4205,0.0714280
MDTUSDT,BUY,LIMIT,1700866088110,1935,0.0703653
MDTUSDT,SELL,LIMIT,1700866638883,227,0.0685235
MDTUSDT,SELL,LIMIT,1700866683110,709,0.0683075
MDTUSDT,SELL,LIMIT,1700866689243,931,0.0679932
MDTUSDT,SELL,LIMIT,1700866758486,1731,0.0678529
MDTUSDT,SELL,LIMIT,1700866759946,3469,0.0677671
MDTUSDT,SELL,LIMIT,1700866971544,5540,0.0677602
MDTUSDT,SELL,LIMIT,1700866975126,710,0.0677138
MDTUSDT,SELL,LIMIT,1700866978661,242,0.0676815
MDTUSDT,SELL,LIMIT,1700866981609,8614,0.0676763
MDTUSDT,SELL,LIMIT,1700867014402,3171,0.0676344
MDTUSDT,SELL,LIMIT,1700867015609,56141,0.0676068
MDTUSDT,SELL,LIMIT,1700867017131,3993,0.0675421
MDTUSDT,SELL,LIMIT,1700867018133,70179,0.0675766
MDTUSDT,SELL,LIMIT,1700867019422,712,0.0674856
MDTUSDT,SELL,LIMIT,1700867020738,438,0.0674492
MDTUSDT,SELL,LIMIT,1700867182115,688,0.0688323
MDTUSDT,SELL,LIMIT,1700867183222,7292,0.0679017
MDTUSDT,SELL,LIMIT,1700867202094,1662,0.0677200
MDTUSDT,SELL,LIMIT,1700867217148,519,0.0673686
MDTUSDT,SELL,LIMIT,1700867218173,22093,0.0673900
MDTUSDT,SELL,LIMIT,1700867281320,3435,0.0673026
MDTUSDT,SELL,LIMIT,1700867677049,154,0.0670606
MDTUSDT,SELL,LIMIT,1700867678803,9024,0.0669797
MDTUSDT,SELL,LIMIT,1700867684109,35213,0.0670024
MDTUSDT,BUY,LIMIT,1700868987349,6734,0.0708312
MDTUSDT,BUY,LIMIT,1700869995140,948,0.0721738
MDTUSDT,BUY,LIMIT,1700869996139,37041,0.0722682
MDTUSDT,SELL,LIMIT,1700870727259,137,0.0680289
MDTUSDT,BUY,LIMIT,1700870916341,210,0.0722960
MDTUSDT,BUY,LIMIT,1700870918377,11400,0.0724603
MDTUSDT,BUY,LIMIT,1700870920104,3536,0.0725770
MDTUSDT,BUY,LIMIT,1700870921142,7239,0.0728061
MDTUSDT,BUY,LIMIT,1700870945767,4381,0.0728601
MDTUSDT,BUY,LIMIT,1700870957113,5168,0.0729096
MDTUSDT,BUY,LIMIT,1700870958239,2688,0.0730785
MDTUSDT,BUY,LIMIT,1700870959387,40915,0.0732969
MDTUSDT,BUY,LIMIT,1700871409471,394,0.0723140
MDTUSDT,SELL,LIMIT,1700873586289,1949,0.0680350
MDTUSDT,BUY,LIMIT,1700875376974,1,0.0718280
MDTUSDT,BUY,LIMIT,1700875768676,26008,0.0717645
MDTUSDT,BUY,LIMIT,1700876364972,4623,0.0720263
MDTUSDT,BUY,LIMIT,1700876415436,34092,0.0725008
MDTUSDT,BUY,LIMIT,1700876455723,2875,0.0728713
MDTUSDT,BUY,LIMIT,1700876558603,31778,0.0727565
MDTUSDT,BUY,LIMIT,1700876709433,5191,0.0729297
MDTUSDT,BUY,LIMIT,1700877372910,38461,0.0730848
MDTUSDT,BUY,LIMIT,1700878327019,2028,0.0726137
MDTUSDT,BUY,LIMIT,1700878382582,2100,0.0725820
MDTUSDT,BUY,LIMIT,1700878419031,903,0.0725015
MDTUSDT,BUY,LIMIT,1700880737730,4297,0.0732884
MDTUSDT,BUY,LIMIT,1700880745107,620,0.0733631
MDTUSDT,BUY,LIMIT,1700880850431,2862,0.0734144
MDTUSDT,BUY,LIMIT,1700880852207,101,0.0735391
MDTUSDT,BUY,LIMIT,1700880853446,531,0.0735594
MDTUSDT,BUY,LIMIT,1700880856702,285,0.0737360
MDTUSDT,BUY,LIMIT,1700880857878,657,0.0737484
MDTUSDT,BUY,LIMIT,1700881858948,27319,0.0724097
MDTUSDT,SELL,LIMIT,1700883850305,2101,0.0686661
MDTUSDT,SELL,LIMIT,1700883863891,12352,0.0683882
MDTUSDT,SELL,LIMIT,1700883870266,812,0.0682950
MDTUSDT,SELL,LIMIT,1700883890202,121,0.0682481
MDTUSDT,SELL,LIMIT,1700883895859,106,0.0682217
MDTUSDT,SELL,LIMIT,1700883901868,5702,0.0682149
MDTUSDT,SELL,LIMIT,1700883904314,4361,0.0681432
MDTUSDT,SELL,LIMIT,1700883909496,11721,0.0680228
MDTUSDT,SELL,LIMIT,1700883910707,1406,0.0679394
MDTUSDT,SELL,LIMIT,1700883911708,336,0.0677806
MDTUSDT,SELL,LIMIT,1700883913655,7360,0.0677327
MDTUSDT,BUY,LIMIT,1700883954165,88,0.0706652
MDTUSDT,SELL,LIMIT,1700883970408,824,0.0676986
MDTUSDT,SELL,LIMIT,1700883972307,70264,0.0676164
MDTUSDT,SELL,LIMIT,1700883974065,1026,0.0675912
MDTUSDT,SELL,LIMIT,1700884032237,39353,0.0675607
MDTUSDT,SELL,LIMIT,1700884075340,182,0.0675214
MDTUSDT,SELL,LIMIT,1700884077206,579,0.0675109
MDTUSDT,SELL,LIMIT,1700884079359,582,0.0674997
MDTUSDT,SELL,LIMIT,1700884215108,142,0.0674731
MDTUSDT,SELL,LIMIT,1700884217321,1294,0.0674067
MDTUSDT,SELL,LIMIT,1700885571355,6777,0.0674143
MDTUSDT,SELL,LIMIT,1700886096951,280,0.0676716
MDTUSDT,SELL,LIMIT,1700886291363,15025,0.0673406
MDTUSDT,SELL,LIMIT,1700886308112,897,0.0673097
MDTUSDT,SELL,LIMIT,1700886309304,189,0.0672881
MDTUSDT,SELL,LIMIT,1700889517421,452,0.0671889
MDTUSDT,SELL,LIMIT,1700889541632,9119,0.0668489
MDTUSDT,SELL,LIMIT,1700889572605,13084,0.0667987
MDTUSDT,SELL,LIMIT,1700889574569,448,0.0667665
MDTUSDT,SELL,LIMIT,1700889577524,786,0.0667437
MDTUSDT,SELL,LIMIT,1700889578546,1864,0.0666157
MDTUSDT,SELL,LIMIT,1700889606989,41061,0.0665754
MDTUSDT,SELL,LIMIT,1700889628346,300,0.0665563
MDTUSDT,SELL,LIMIT,1700889632375,9514,0.0665141
MDTUSDT,SELL,LIMIT,1700889634057,7309,0.0664558
MDTUSDT,SELL,LIMIT,1700889635362,1795,0.0664741
MDTUSDT,SELL,LIMIT,1700891673849,4344,0.0662637
MDTUSDT,SELL,LIMIT,1700891679270,1255,0.0660668
MDTUSDT,SELL,LIMIT,1700891680412,621,0.0661011
MDTUSDT,SELL,LIMIT,1700891738469,641,0.0660355
MDTUSDT,SELL,LIMIT,1700891741897,27084,0.0660280
MDTUSDT,SELL,LIMIT,1700891763193,3048,0.0659633
MDTUSDT,SELL,LIMIT,1700891765010,11267,0.0659170
MDTUSDT,SELL,LIMIT,1700891780511,1504,0.0658756
MDTUSDT,SELL,LIMIT,1700891783799,781,0.0658660
MDTUSDT,SELL,LIMIT,1700891786656,131,0.0658562
MDTUSDT,SELL,LIMIT,1700891792156,4993,0.0657981
MDTUSDT,SELL,LIMIT,1700892076470,350,0.0657561
MDTUSDT,SELL,LIMIT,1700892078067,144,0.0657063
MDTUSDT,SELL,LIMIT,1700892081085,58401,0.0656176
MDTUSDT,SELL,LIMIT,1700892082106,2847,0.0656441
MDTUSDT,SELL,LIMIT,1700892115214,4288,0.0655409
MDTUSDT,SELL,LIMIT,1700892116426,8234,0.0655307
MDTUSDT,SELL,LIMIT,1700892213977,381,0.0655030
MDTUSDT,SELL,LIMIT,1700892216072,29002,0.0654869
MDTUSDT,SELL,LIMIT,1700892217246,1434,0.0654551
MDTUSDT,SELL,LIMIT,1700892221734,1154,0.0654417
MDTUSDT,SELL,LIMIT,1700892224134,2819,0.0654099
MDTUSDT,SELL,LIMIT,1700892228034,52015,0.0653739
MDTUSDT,SELL,LIMIT,1700892266615,2936,0.0653739
MDTUSDT,SELL,LIMIT,1700892270459,1106,0.0652615
MDTUSDT,SELL,LIMIT,1700892271678,11540,0.0652190
MDTUSDT,SELL,LIMIT,1700892274978,34251,0.0652217
MDTUSDT,SELL,LIMIT,1700892276086,268,0.0650223
MDTUSDT,SELL,LIMIT,1700892283963,5841,0.0650011
MDTUSDT,SELL,LIMIT,1700892286082,123,0.0648992
MDTUSDT,SELL,LIMIT,1700892291212,20584,0.0648503
MDTUSDT,SELL,LIMIT,1700892293756,6868,0.0647303
MDTUSDT,SELL,LIMIT,1700892325602,10080,0.0647195
MDTUSDT,SELL,LIMIT,1700892328043,230,0.0646181
MDTUSDT,SELL,LIMIT,1700892329333,16031,0.0646352
MDTUSDT,SELL,LIMIT,1700892379042,1135,0.0645527
MDTUSDT,SELL,LIMIT,1700892386962,1392,0.0644104
MDTUSDT,SELL,LIMIT,1700892389628,72274,0.0643923
MDTUSDT,SELL,LIMIT,1700892396259,96,0.0643825
MDTUSDT,SELL,LIMIT,1700892399559,153,0.0643311
MDTUSDT,SELL,LIMIT,1700892421592,151,0.0643192
MDTUSDT,SELL,LIMIT,1700892431012,140,0.0642498
MDTUSDT,SELL,LIMIT,1700892432298,148,0.0642391
MDTUSDT,SELL,LIMIT,1700892443743,5044,0.0641587
MDTUSDT,SELL,LIMIT,1700892444793,148,0.0641211
MDTUSDT,SELL,LIMIT,1700892447799,74107,0.0641101
MDTUSDT,SELL,LIMIT,1700892449503,33679,0.0641084
MDTUSDT,SELL,LIMIT,1700892461403,1000,0.0641019
MDTUSDT,SELL,LIMIT,1700892463451,3086,0.0640875
MDTUSDT,SELL,LIMIT,1700892465685,48621,0.0640698
MDTUSDT,SELL,LIMIT,1700892467227,23176,0.0640450
MDTUSDT,SELL,LIMIT,1700892481214,234,0.0640030
MDTUSDT,SELL,LIMIT,1700892486133,2093,0.0639685
MDTUSDT,SELL,LIMIT,1700892489331,787,0.0639467
MDTUSDT,SELL,LIMIT,1700892494240,5581,0.0639151
MDTUSDT,SELL,LIMIT,1700892496871,2818,0.0638972
MDTUSDT,SELL,LIMIT,1700892499296,253,0.0638718
MDTUSDT,SELL,LIMIT,1700892500692,549,0.0638465
MDTUSDT,SELL,LIMIT,1700892501733,2448,0.0636509
MDTUSDT,SELL,LIMIT,1700892510875,1111,0.0636476
MDTUSDT,SELL,LIMIT,1700892512071,3715,0.0636026
MDTUSDT,SELL,LIMIT,1700892542109,516,0.0635124
MDTUSDT,SELL,LIMIT,1700892543227,145,0.0635011
MDTUSDT,SELL,LIMIT,1700892544890,1418,0.0633195
MDTUSDT,SELL,LIMIT,1700892546580,400,0.0632582
MDTUSDT,SELL,LIMIT,1700892548055,10360,0.0631884
MDTUSDT,SELL,LIMIT,1700892551129,3485,0.0631451
MDTUSDT,SELL,LIMIT,1700892552172,697,0.0631645
MDTUSDT,SELL,LIMIT,1700892556156,2890,0.0630141
MDTUSDT,SELL,LIMIT,1700892557348,100,0.0629691
MDTUSDT,SELL,LIMIT,1700892594062,593,0.0627967
MDTUSDT,SELL,LIMIT,1700892596041,37050,0.0627313
MDTUSDT,SELL,LIMIT,1700892598083,960,0.0626781
MDTUSDT,SELL,LIMIT,1700892644052,72302,0.0626068
MDTUSDT,SELL,LIMIT,1700892649530,500,0.0624494
MDTUSDT,SELL,LIMIT,1700892856055,74,0.0624200
MDTUSDT,SELL,LIMIT,1700892857897,903,0.0623974
MDTUSDT,SELL,LIMIT,1700892859366,716,0.0623593
MDTUSDT,SELL,LIMIT,1700892863149,300,0.0622758
MDTUSDT,SELL,LIMIT,1700892872086,13953,0.0619951
MDTUSDT,SELL,LIMIT,1700892873156,6520,0.0621095
MDTUSDT,SELL,LIMIT,1700892913996,559,0.0620157
MDTUSDT,SELL,LIMIT,1700893038200,2467,0.0624619
MDTUSDT,SELL,LIMIT,1700894001471,242,0.0626925
MDTUSDT,SELL,LIMIT,1700894131740,71806,0.0625339
MDTUSDT,BUY,LIMIT,1700895462645,3005,0.0668552
MDTUSDT,BUY,LIMIT,1700896661151,2501,0.0665697
MDTUSDT,BUY,LIMIT,1700897063884,678,0.0671365
MDTUSDT,BUY,LIMIT,1700897082773,31123,0.0672082
MDTUSDT,BUY,LIMIT,1700897249413,4277,0.0672519
MDTUSDT,SELL,LIMIT,1700897753609,440,0.0642783
MDTUSDT,BUY,LIMIT,1700897959081,360,0.0665686
MDTUSDT,SELL,LIMIT,1700902190805,76543,0.0632808
MDTUSDT,SELL,LIMIT,1700905272027,2952,0.0630466
MDTUSDT,SELL,LIMIT,1700907662848,563,0.0635748
MDTUSDT,SELL,LIMIT,1700908992160,2000,0.0629357
MDTUSDT,SELL,LIMIT,1700910117912,24488,0.0626107
MDTUSDT,SELL,LIMIT,1700910153378,278,0.0625663
MDTUSDT,SELL,LIMIT,1700911145242,5000,0.0626344
MDTUSDT,SELL,LIMIT,1700911148186,528,0.0626113
MDTUSDT,SELL,LIMIT,1700912211270,12994,0.0633454
MDTUSDT,SELL,LIMIT,1700912491454,847,0.0631630
MDTUSDT,SELL,LIMIT,1700912501937,5546,0.0631519
MDTUSDT,SELL,LIMIT,1700912507839,1050,0.0634161
MDTUSDT,BUY,LIMIT,1700912893085,54624,0.0661169
MDTUSDT,SELL,LIMIT,1700916232758,146,0.0635433
MDTUSDT,BUY,LIMIT,1700917013179,1554,0.0667549
MDTUSDT,BUY,LIMIT,1700917285328,1098,0.0662634
MDTUSDT,BUY,LIMIT,1700917720136,933,0.0671388
MDTUSDT,BUY,LIMIT,1700919078222,8932,0.0671470
MDTUSDT,BUY,LIMIT,1700919559384,9361,0.0672816
MDTUSDT,BUY,LIMIT,1700919562208,3219,0.0675311
MDTUSDT,BUY,LIMIT,1700919886276,2127,0.0675993
MDTUSDT,BUY,LIMIT,1700920944361,906,0.0676788
MDTUSDT,BUY,LIMIT,1700920945431,6990,0.0677121
MDTUSDT,BUY,LIMIT,1700923828373,4761,0.0679558
MDTUSDT,BUY,LIMIT,1700923968162,308,0.0680978
MDTUSDT,BUY,LIMIT,1700924379152,230,0.0681649
MDTUSDT,BUY,LIMIT,1700924386357,2263,0.0681959
MDTUSDT,BUY,LIMIT,1700925929486,641,0.0677615
MDTUSDT,SELL,LIMIT,1700926972869,148,0.0653392
MDTUSDT,BUY,LIMIT,1700927284123,7926,0.0682580
MDTUSDT,BUY,LIMIT,1700927300630,7725,0.0682939
MDTUSDT,BUY,LIMIT,1700927304712,507,0.0683325
MDTUSDT,BUY,LIMIT,1700927331247,3778,0.0684122
MDTUSDT,BUY,LIMIT,1700927389784,5000,0.0684769
MDTUSDT,BUY,LIMIT,1700927422119,6123,0.0685440
MDTUSDT,BUY,LIMIT,1700927423156,459,0.0685215
MDTUSDT,BUY,LIMIT,1700927433031,6116,0.0686569
MDTUSDT,BUY,LIMIT,1700927434053,6803,0.0687961
MDTUSDT,BUY,LIMIT,1700927435059,167,0.0687845
MDTUSDT,BUY,LIMIT,1700927447541,39473,0.0689170
MDTUSDT,BUY,LIMIT,1700927902238,137,0.0690389
MDTUSDT,BUY,LIMIT,1700928153670,29135,0.0691785
MDTUSDT,BUY,LIMIT,1700928154728,76569,0.0692113
MDTUSDT,BUY,LIMIT,1700928280141,2254,0.0693928
MDTUSDT,BUY,LIMIT,1700928281624,64058,0.0694568
MDTUSDT,BUY,LIMIT,1700928283261,244,0.0695635
MDTUSDT,BUY,LIMIT,1700928285356,36217,0.0695812
MDTUSDT,BUY,LIMIT,1700928319613,1082,0.0697766
MDTUSDT,BUY,LIMIT,1700928323575,1545,0.0698894
MDTUSDT,BUY,LIMIT,1700928328684,300,0.0700213
MDTUSDT,BUY,LIMIT,1700928330979,6498,0.0701441
MDTUSDT,BUY,LIMIT,1700928332799,280,0.0702134
MDTUSDT,BUY,LIMIT,1700928334315,3710,0.0703040
MDTUSDT,BUY,LIMIT,1700928344833,2902,0.0703493
MDTUSDT,BUY,LIMIT,1700928347477,246,0.0704279
MDTUSDT,BUY,LIMIT,1700928348895,2226,0.0706753
MDTUSDT,BUY,LIMIT,1700928351806,4669,0.0707950
MDTUSDT,BUY,LIMIT,1700928353342,309,0.0710231
MDTUSDT,BUY,LIMIT,1700928354542,1929,0.0712320
MDTUSDT,BUY,LIMIT,1700928356152,5539,0.0713339
MDTUSDT,BUY,LIMIT,1700928358073,32158,0.0714917
MDTUSDT,BUY,LIMIT,1700928363145,381,0.0713713
MDTUSDT,BUY,LIMIT,1700928367688,1356,0.0716694
MDTUSDT,BUY,LIMIT,1700928368897,4640,0.0717765
MDTUSDT,BUY,LIMIT,1700928370075,4782,0.0720476
MDTUSDT,BUY,LIMIT,1700928371136,2573,0.0720253
MDTUSDT,BUY,LIMIT,1700928375662,3,0.0721902
MDTUSDT,BUY,LIMIT,1700928378302,2875,0.0723959
MDTUSDT,BUY,LIMIT,1700928379350,614,0.0725525
MDTUSDT,BUY,LIMIT,1700928380432,68242,0.0724308
MDTUSDT,BUY,LIMIT,1700928382914,349,0.0729388
MDTUSDT,BUY,LIMIT,1700928396055,37855,0.0733020
MDTUSDT,BUY,LIMIT,1700928398238,82,0.0733551
MDTUSDT,BUY,LIMIT,1700928409070,127,0.0734753
MDTUSDT,BUY,LIMIT,1700928414349,1500,0.0734860
MDTUSDT,BUY,LIMIT,1700928416395,142,0.0736539
MDTUSDT,BUY,LIMIT,1700928435233,4351,0.0735338
MDTUSDT,BUY,LIMIT,1700928437338,31664,0.0737350
MDTUSDT,BUY,LIMIT,1700928440814,772,0.0737847
MDTUSDT,BUY,LIMIT,1700928462899,9415,0.0739087
MDTUSDT,BUY,LIMIT,1700928464175,3477,0.0739600
MDTUSDT,BUY,LIMIT,1700928466271,1485,0.0740546
MDTUSDT,BUY,LIMIT,1700928588142,39512,0.0741271
MDTUSDT,BUY,LIMIT,1700928589308,22976,0.0740688
MDTUSDT,BUY,LIMIT,1700928590737,431,0.0744530
MDTUSDT,BUY,LIMIT,1700928593085,15195,0.0745069
MDTUSDT,BUY,LIMIT,1700928601466,15400,0.0745601
MDTUSDT,BUY,LIMIT,1700928602530,345,0.0746037
MDTUSDT,BUY,LIMIT,1700928604336,221,0.0746628
MDTUSDT,BUY,LIMIT,1700928610049,29706,0.0747366
MDTUSDT,BUY,LIMIT,1700928611068,476,0.0747555
MDTUSDT,BUY,LIMIT,1700928612234,17204,0.0747593
MDTUSDT,BUY,LIMIT,1700928674447,139,0.0748285
MDTUSDT,BUY,LIMIT,1700928677969,1402,0.0749199
MDTUSDT,BUY,LIMIT,1700928679284,1106,0.0749841
MDTUSDT,BUY,LIMIT,1700929410228,94,0.0752081
MDTUSDT,BUY,LIMIT,1700929466700,6187,0.0752996
MDTUSDT,BUY,LIMIT,1700929468219,11,0.0753450
MDTUSDT,BUY,LIMIT,1700929469269,500,0.0755593
MDTUSDT,BUY,LIMIT,1700929827734,208,0.0756843
MDTUSDT,BUY,LIMIT,1700930417504,4515,0.0758871
MDTUSDT,BUY,LIMIT,1700930418771,3614,0.0759900
MDTUSDT,BUY,LIMIT,1700930419859,18030,0.0760056
MDTUSDT,BUY,LIMIT,1700930748295,13802,0.0761296
MDTUSDT,BUY,LIMIT,1700930752173,28170,0.0762245
MDTUSDT,BUY,LIMIT,1700930764462,108,0.0763449
MDTUSDT,BUY,LIMIT,1700931020801,9889,0.0761327
MDTUSDT,BUY,LIMIT,1700931171111,96,0.0765491
MDTUSDT,BUY,LIMIT,1700931172311,965,0.0767448
MDTUSDT,BUY,LIMIT,1700931173359,1137,0.0766370
MDTUSDT,BUY,LIMIT,1700931175627,432,0.0768033
MDTUSDT,BUY,LIMIT,1700931187079,846,0.0768453
MDTUSDT,BUY,LIMIT,1700931188289,417,0.0769134
MDTUSDT,BUY,LIMIT,1700931190157,1338,0.0769229
MDTUSDT,BUY,LIMIT,1700931191258,2897,0.0769913
MDTUSDT,BUY,LIMIT,1700931192827,31573,0.0770024
MDTUSDT,BUY,LIMIT,1700931193851,3244,0.0770359
MDTUSDT,BUY,LIMIT,1700931246661,305,0.0771426
MDTUSDT,BUY,LIMIT,1700931266209,1398,0.0771690
MDTUSDT,BUY,LIMIT,1700931400780,1693,0.0771949
MDTUSDT,BUY,LIMIT,1700931401959,7376,0.0772127
MDTUSDT,BUY,LIMIT,1700931403074,1130,0.0772612
MDTUSDT,BUY,LIMIT,1700931404456,22541,0.0773387
MDTUSDT,BUY,LIMIT,1700931626262,1542,0.0775159
MDTUSDT,BUY,LIMIT,1700931627453,6123,0.0776075
MDTUSDT,BUY,LIMIT,1700931628519,1296,0.0777428
MDTUSDT,BUY,LIMIT,1700931674505,757,0.0777240
MDTUSDT,BUY,LIMIT,1700931731052,2570,0.0777901
MDTUSDT,BUY,LIMIT,1700931732507,179,0.0778091
MDTUSDT,BUY,LIMIT,1700931733644,5893,0.0778209
MDTUSDT,BUY,LIMIT,1700931734705,160,0.0778748
MDTUSDT,BUY,LIMIT,1700931736155,7000,0.0780535
MDTUSDT,BUY,LIMIT,1700931737247,14968,0.0780880
MDTUSDT,BUY,LIMIT,1700931738527,43229,0.0782981
MDTUSDT,BUY,LIMIT,1700931744076,10060,0.0783231
MDTUSDT,BUY,LIMIT,1700931746302,1336,0.0784051
MDTUSDT,BUY,LIMIT,1700931747496,75465,0.0784158
MDTUSDT,BUY,LIMIT,1700931749962,7947,0.0783960
MDTUSDT,BUY,LIMIT,1700931793043,246,0.0787549
MDTUSDT,BUY,LIMIT,1700931796097,4380,0.0789367
MDTUSDT,BUY,LIMIT,1700931797104,3281,0.0789353
MDTUSDT,SELL,LIMIT,1700933087320,2617,0.0731216
MDTUSDT,SELL,LIMIT,1700933338485,15044,0.0731111
MDTUSDT,SELL,LIMIT,1700933345471,5342,0.0729754
MDTUSDT,SELL,LIMIT,1700933346529,260,0.0729336
MDTUSDT,SELL,LIMIT,1700933349037,3044,0.0728993
MDTUSDT,SELL,LIMIT,1700933353462,1588,0.0728807
MDTUSDT,SELL,LIMIT,1700933356576,143,0.0728465
MDTUSDT,SELL,LIMIT,1700933593187,4928,0.0724781
MDTUSDT,SELL,LIMIT,1700933594508,1483,0.0725200
MDTUSDT,SELL,LIMIT,1700933651616,829,0.0722754
MDTUSDT,SELL,LIMIT,1700933732171,2058,0.0722141
MDTUSDT,SELL,LIMIT,1700933794111,254,0.0721606
MDTUSDT,SELL,LIMIT,1700933797239,1624,0.0720887
MDTUSDT,SELL,LIMIT,1700933951139,129,0.0719796
MDTUSDT,SELL,LIMIT,1700934348694,2767,0.0718009
MDTUSDT,SELL,LIMIT,1700934369048,33259,0.0718017
MDTUSDT,SELL,LIMIT,1700934371293,48943,0.0717294
MDTUSDT,SELL,LIMIT,1700934551061,198,0.0714091
MDTUSDT,SELL,LIMIT,1700934557001,194,0.0712021
MDTUSDT,SELL,LIMIT,1700934559245,119,0.0711321
MDTUSDT,SELL,LIMIT,1700934568126,7334,0.0710937
MDTUSDT,SELL,LIMIT,1700934570763,668,0.0710179
MDTUSDT,SELL,LIMIT,1700934590485,2672,0.0710044
MDTUSDT,SELL,LIMIT,1700934592532,2677,0.0709801
MDTUSDT,SELL,LIMIT,1700934602369,6628,0.0709610
MDTUSDT,SELL,LIMIT,1700934605083,13813,0.0708649
MDTUSDT,SELL,LIMIT,1700934606144,3302,0.0708157
MDTUSDT,SELL,LIMIT,1700934607409,3972,0.0707745
MDTUSDT,SELL,LIMIT,1700934615104,192,0.0707425
MDTUSDT,SELL,LIMIT,1700934628063,663,0.0706653
MDTUSDT,SELL,LIMIT,1700934630166,2636,0.0706295
MDTUSDT,SELL,LIMIT,1700934654831,67385,0.0705050
MDTUSDT,SELL,LIMIT,1700934657621,7987,0.0704395
MDTUSDT,SELL,LIMIT,1700934663731,2698,0.0704285
MDTUSDT,SELL,LIMIT,1700934671027,180,0.0704015
MDTUSDT,SELL,LIMIT,1700934678327,26748,0.0702334
MDTUSDT,BUY,LIMIT,1700937221612,579,0.0754721
MDTUSDT,BUY,LIMIT,1700939113715,1138,0.0755856
MDTUSDT,BUY,LIMIT,1700939150375,78,0.0759523
