Symbol,Side,Order Type,Time,Quantity,Price
MDTUSDT,BUY,LIMIT,1701064901605,1395,0.0753328
MDTUSDT,BUY,LIMIT,1701064944583,5514,0.0758471
MDTUSDT,BUY,LIMIT,1701064954095,1018,0.0760820
MDTUSDT,BUY,LIMIT,1701064955287,15989,0.0765409
MDTUSDT,BUY,LIMIT,1701064957251,68975,0.0767474
MDTUSDT,BUY,LIMIT,1701064959632,474,0.0768131
MDTUSDT,BUY,LIMIT,1701067092475,30319,0.0768982
MDTUSDT,BUY,LIMIT,1701067094186,4079,0.0772116
MDTUSDT,BUY,LIMIT,1701067258129,4380,0.0774266
MDTUSDT,BUY,LIMIT,1701067260257,21410,0.0777891
MDTUSDT,BUY,LIMIT,1701067550308,14208,0.0772412
MDTUSDT,BUY,LIMIT,1701067748717,21980,0.0769327
MDTUSDT,SELL,LIMIT,1701067751279,19182,0.0739158
MDTUSDT,BUY,LIMIT,1701067784015,6370,0.0767498
MDTUSDT,BUY,LIMIT,1701067810524,634,0.0768931
MDTUSDT,BUY,LIMIT,1701067814423,49558,0.0768354
MDTUSDT,SELL,LIMIT,1701068020904,149,0.0807136
MDTUSDT,BUY,LIMIT,1701068051093,8181,0.0778463
MDTUSDT,BUY,LIMIT,1701068077960,3000,0.0782186
MDTUSDT,BUY,LIMIT,1701068079240,141,0.0783146
MDTUSDT,BUY,LIMIT,1701068510781,2360,0.0783672
MDTUSDT,BUY,LIMIT,1701068941501,9513,0.0782569
MDTUSDT,BUY,LIMIT,1701068989843,5097,0.0782426
MDTUSDT,BUY,LIMIT,1701068996709,1315,0.0781759
MDTUSDT,BUY,LIMIT,1701069014872,10080,0.0780496
MDTUSDT,SELL,LIMIT,1701069515350,1079,0.0745912
MDTUSDT,BUY,LIMIT,1701069577430,557,0.0774587
MDTUSDT,SELL,LIMIT,1701069639665,632,0.0744409
MDTUSDT,SELL,LIMIT,1701069808454,1556,0.0746071
MDTUSDT,BUY,LIMIT,1701069896237,149,0.0760402
MDTUSDT,SELL,LIMIT,1701070440129,1003,0.0737080
MDTUSDT,BUY,LIMIT,1701070820530,26860,0.0782272
MDTUSDT,BUY,LIMIT,1701070834967,5475,0.0784783
MDTUSDT,BUY,LIMIT,1701070848295,1997,0.0788069
MDTUSDT,BUY,LIMIT,1701070849345,2765,0.0792480
MDTUSDT,BUY,LIMIT,1701070850436,537,0.0792467
MDTUSDT,BUY,LIMIT,1701070853073,4119,0.0795508
MDTUSDT,BUY,LIMIT,1701070854127,18986,0.0795369
MDTUSDT,BUY,LIMIT,1701070855169,49974,0.0797107
MDTUSDT,BUY,LIMIT,1701070856226,47,0.0796973
MDTUSDT,BUY,LIMIT,1701070857351,140,0.0800267
MDTUSDT,BUY,LIMIT,1701070858808,522,0.0801951
MDTUSDT,BUY,LIMIT,1701071007716,19013,0.0800385
MDTUSDT,SELL,LIMIT,1701071470393,1957,0.0745353
MDTUSDT,SELL,LIMIT,1701071479338,1502,0.0742159
MDTUSDT,SELL,LIMIT,1701071529138,489,0.0742092
MDTUSDT,SELL,LIMIT,1701071677113,2308,0.0740962
MDTUSDT,SELL,LIMIT,1701071678275,268,0.0740245
MDTUSDT,BUY,LIMIT,1701072406758,3976,0.0791413
MDTUSDT,SELL,LIMIT,1701074099254,11430,0.0735981
MDTUSDT,SELL,LIMIT,1701074101045,1609,0.0733771
MDTUSDT,SELL,LIMIT,1701074102395,7622,0.0734155
MDTUSDT,SELL,LIMIT,1701074109613,33926,0.0731820
MDTUSDT,SELL,LIMIT,1701074111237,6369,0.0731132
MDTUSDT,SELL,LIMIT,1701074112275,3758,0.0729210
MDTUSDT,SELL,LIMIT,1701074113649,3130,0.0728398
MDTUSDT,SELL,LIMIT,1701074130127,261,0.0727226
MDTUSDT,SELL,LIMIT,1701074132647,47565,0.0727066
MDTUSDT,SELL,LIMIT,1701074134070,5232,0.0726036
MDTUSDT,SELL,LIMIT,1701074135782,6653,0.0724739
MDTUSDT,SELL,LIMIT,1701074137774,91,0.0724611
MDTUSDT,SELL,LIMIT,1701074266875,4374,0.0723090
MDTUSDT,SELL,LIMIT,1701074301406,492,0.0721798
MDTUSDT,SELL,LIMIT,1701074321537,1628,0.0720898
MDTUSDT,SELL,LIMIT,1701074345881,1160,0.0720253
MDTUSDT,SELL,LIMIT,1701074349894,392,0.0719641
MDTUSDT,SELL,LIMIT,1701074360282,1321,0.0717459
MDTUSDT,SELL,LIMIT,1701074479655,1670,0.0717211
MDTUSDT,SELL,LIMIT,1701074496073,6801,0.0715980
MDTUSDT,SELL,LIMIT,1701074518723,44907,0.0714647
MDTUSDT,SELL,LIMIT,1701074537704,244,0.0713030
MDTUSDT,SELL,LIMIT,1701074597910,7405,0.0712792
MDTUSDT,BUY,LIMIT,1701076335170,420,0.0767267
MDTUSDT,BUY,LIMIT,1701077423960,2705,0.0773403
MDTUSDT,BUY,LIMIT,1701077443230,287,0.0773492
MDTUSDT,BUY,LIMIT,1701078265263,1374,0.0782253
MDTUSDT,BUY,LIMIT,1701078266299,16659,0.0782253
MDTUSDT,BUY,LIMIT,1701085856026,109,0.0781013
MDTUSDT,BUY,LIMIT,1701087326041,1342,0.0782087
MDTUSDT,SELL,LIMIT,1701088033748,262,0.0733383
MDTUSDT,SELL,LIMIT,1701088430686,640,0.0727656
MDTUSDT,SELL,LIMIT,1701088479121,572,0.0727956
MDTUSDT,SELL,LIMIT,1701088505065,5370,0.0725004
MDTUSDT,SELL,LIMIT,1701088506310,785,0.0725305
MDTUSDT,SELL,LIMIT,1701088509328,456,0.0723829
MDTUSDT,SELL,LIMIT,1701088513100,5747,0.0723504
MDTUSDT,SELL,LIMIT,1701088571128,2424,0.0722333
MDTUSDT,BUY,LIMIT,1701090888480,5699,0.0775801
MDTUSDT,BUY,LIMIT,1701090891006,2868,0.0779581
MDTUSDT,BUY,LIMIT,1701091502363,5467,0.0783570
MDTUSDT,BUY,LIMIT,1701091536719,630,0.0784501
MDTUSDT,BUY,LIMIT,1701093360948,2670,0.0786390
MDTUSDT,BUY,LIMIT,1701093363251,18979,0.0788245
MDTUSDT,BUY,LIMIT,1701093366915,5721,0.0788776
MDTUSDT,BUY,LIMIT,1701093369838,26705,0.0789437
MDTUSDT,BUY,LIMIT,1701093504198,65191,0.0786173
MDTUSDT,BUY,LIMIT,1701093604488,72,0.0790010
MDTUSDT,BUY,LIMIT,1701093712992,555,0.0791370
MDTUSDT,BUY,LIMIT,1701095515236,703,0.0783360
MDTUSDT,BUY,LIMIT,1701098030123,4000,0.0796324
MDTUSDT,BUY,LIMIT,1701098031198,2832,0.0795486
MDTUSDT,BUY,LIMIT,1701098032359,50298,0.0797953
MDTUSDT,BUY,LIMIT,1701099590918,65694,0.0800023
MDTUSDT,BUY,LIMIT,1701099592192,802,0.0800033
MDTUSDT,BUY,LIMIT,1701099596304,281,0.0800793
MDTUSDT,BUY,LIMIT,1701099598009,5224,0.0803294
MDTUSDT,SELL,LIMIT,1701100065255,1039,0.0768732
MDTUSDT,SELL,LIMIT,1701100070550,68,0.0764708
MDTUSDT,SELL,LIMIT,1701100330648,904,0.0771324
MDTUSDT,BUY,LIMIT,1701100494462,101,0.0803666
MDTUSDT,BUY,LIMIT,1701100495550,1390,0.0804776
MDTUSDT,BUY,LIMIT,1701100497073,260,0.0806410
MDTUSDT,BUY,LIMIT,1701100498213,70,0.0805972
MDTUSDT,BUY,LIMIT,1701100523814,66799,0.0795092
MDTUSDT,BUY,LIMIT,1701100529876,1959,0.0794473
MDTUSDT,BUY,LIMIT,1701100564138,77,0.0794997
MDTUSDT,BUY,LIMIT,1701100565290,1101,0.0790602
MDTUSDT,SELL,LIMIT,1701100570255,1587,0.0762299
MDTUSDT,BUY,LIMIT,1701100573013,9864,0.0790390
MDTUSDT,SELL,LIMIT,1701100574059,1032,0.0781974
MDTUSDT,BUY,LIMIT,1701101007690,228,0.0783003
MDTUSDT,SELL,LIMIT,1701101054834,701,0.0752960
MDTUSDT,SELL,LIMIT,1701101060143,2781,0.0754958
MDTUSDT,SELL,LIMIT,1701101078170,2130,0.0753737
MDTUSDT,SELL,LIMIT,1701101088772,4988,0.0751335
MDTUSDT,SELL,LIMIT,1701101150740,150,0.0745425
MDTUSDT,SELL,LIMIT,1701101153363,7169,0.0745336
MDTUSDT,SELL,LIMIT,1701101158613,3422,0.0743949
MDTUSDT,SELL,LIMIT,1701101836501,2568,0.0755912
MDTUSDT,SELL,LIMIT,1701102284782,2571,0.0752739
MDTUSDT,BUY,LIMIT,1701102583718,6000,0.0778833
MDTUSDT,SELL,LIMIT,1701102993704,1442,0.0743907
MDTUSDT,SELL,LIMIT,1701103015830,15360,0.0742658
MDTUSDT,SELL,LIMIT,1701103034070,10731,0.0741745
MDTUSDT,BUY,LIMIT,1701104733053,11936,0.0795055
MDTUSDT,BUY,LIMIT,1701104947048,51061,0.0795482
MDTUSDT,BUY,LIMIT,1701104950259,173,0.0796789
MDTUSDT,BUY,LIMIT,1701104999875,5658,0.0797297
MDTUSDT,BUY,LIMIT,1701105001802,459,0.0800505
MDTUSDT,SELL,LIMIT,1701105134689,1586,0.0774149
MDTUSDT,BUY,LIMIT,1701105337735,70,0.0801370
MDTUSDT,BUY,LIMIT,1701106100640,1116,0.0804431
MDTUSDT,BUY,LIMIT,1701106117118,1824,0.0805311
MDTUSDT,BUY,LIMIT,1701106119450,526,0.0806643
MDTUSDT,BUY,LIMIT,1701106129044,6817,0.0808651
MDTUSDT,BUY,LIMIT,1701106130182,5329,0.0807849
MDTUSDT,BUY,LIMIT,1701106142978,1310,0.0809466
MDTUSDT,BUY,LIMIT,1701106144137,23460,0.0809838
MDTUSDT,BUY,LIMIT,1701106145308,4312,0.0810071
MDTUSDT,BUY,LIMIT,1701106146676,210,0.0810234
MDTUSDT,BUY,LIMIT,1701106148046,248,0.0811234
MDTUSDT,BUY,LIMIT,1701106149118,8558,0.0812391
MDTUSDT,BUY,LIMIT,1701106161683,290,0.0815044
MDTUSDT,BUY,LIMIT,1701106162707,9574,0.0817477
MDTUSDT,BUY,LIMIT,1701106163755,1700,0.0820311
MDTUSDT,BUY,LIMIT,1701106165056,2181,0.0826245
MDTUSDT,BUY,LIMIT,1701106166115,25736,0.0821553
MDTUSDT,BUY,LIMIT,1701106167908,5026,0.0824478
MDTUSDT,BUY,LIMIT,1701106169059,2314,0.0827452
MDTUSDT,BUY,LIMIT,1701106301299,2467,0.0827254
MDTUSDT,SELL,LIMIT,1701108386334,617,0.0769168
MDTUSDT,BUY,LIMIT,1701111049975,189,0.0799620
MDTUSDT,BUY,LIMIT,1701111068831,64641,0.0799573
MDTUSDT,BUY,LIMIT,1701111191075,837,0.0801449
MDTUSDT,BUY,LIMIT,1701111193454,140646,0.0803632
MDTUSDT,BUY,LIMIT,1701111282428,1618,0.0799781
MDTUSDT,SELL,LIMIT,1701111285048,7786,0.0768139
MDTUSDT,BUY,LIMIT,1701111440358,23,0.0787345
MDTUSDT,BUY,LIMIT,1701111839563,153,0.0805559
MDTUSDT,BUY,LIMIT,1701112023430,37037,0.0804881
MDTUSDT,BUY,LIMIT,1701112329636,760,0.0782984
MDTUSDT,SELL,LIMIT,1701113427612,14402,0.0763989
MDTUSDT,SELL,LIMIT,1701113433565,511,0.0761707
MDTUSDT,SELL,LIMIT,1701113440644,1504,0.0760502
MDTUSDT,BUY,LIMIT,1701114341117,12575,0.0795090
MDTUSDT,BUY,LIMIT,1701114494123,28710,0.0793252
MDTUSDT,SELL,LIMIT,1701114571624,847,0.0761391
MDTUSDT,BUY,LIMIT,1701116683178,128,0.0787019
MDTUSDT,BUY,LIMIT,1701116696828,3948,0.0791520
MDTUSDT,SELL,LIMIT,1701116754681,5475,0.0757725
MDTUSDT,SELL,LIMIT,1701116761191,43548,0.0756908
MDTUSDT,SELL,LIMIT,1701116764579,174,0.0756547
MDTUSDT,SELL,LIMIT,1701116818171,976,0.0756198
MDTUSDT,SELL,LIMIT,1701116821519,1880,0.0755746
MDTUSDT,SELL,LIMIT,1701116828193,92,0.0755234
MDTUSDT,SELL,LIMIT,1701116831151,895,0.0754606
MDTUSDT,SELL,LIMIT,1701116832154,14703,0.0752380
MDTUSDT,SELL,LIMIT,1701116833406,48620,0.0751890
MDTUSDT,SELL,LIMIT,1701117203767,688,0.0749728
MDTUSDT,SELL,LIMIT,1701117206200,1267,0.0749079
MDTUSDT,SELL,LIMIT,1701117209129,242,0.0748507
MDTUSDT,SELL,LIMIT,1701117212400,492,0.0747965
MDTUSDT,SELL,LIMIT,1701117269931,1139,0.0752001
MDTUSDT,SELL,LIMIT,1701117348091,1725,0.0748088
MDTUSDT,SELL,LIMIT,1701117358439,13947,0.0747754
MDTUSDT,SELL,LIMIT,1701117564273,1210,0.0746952
MDTUSDT,SELL,LIMIT,1701117565314,2324,0.0747161
MDTUSDT,SELL,LIMIT,1701117581882,856,0.0745900
MDTUSDT,SELL,LIMIT,1701117653005,3113,0.0745130
MDTUSDT,SELL,LIMIT,1701117655118,3849,0.0744607
MDTUSDT,SELL,LIMIT,1701117656665,4843,0.0744081
MDTUSDT,SELL,LIMIT,1701117658879,11183,0.0743783
MDTUSDT,SELL,LIMIT,1701117817326,3196,0.0742739
MDTUSDT,SELL,LIMIT,1701117818847,2324,0.0742229
MDTUSDT,SELL,LIMIT,1701117903225,4092,0.0740289
MDTUSDT,SELL,LIMIT,1701117904270,5194,0.0740744
MDTUSDT,SELL,LIMIT,1701117907244,3039,0.0740191
MDTUSDT,SELL,LIMIT,1701117913504,37212,0.0739847
MDTUSDT,SELL,LIMIT,1701117996757,29743,0.0739606
MDTUSDT,SELL,LIMIT,1701117999365,7122,0.0739482
MDTUSDT,SELL,LIMIT,1701118008065,88,0.0739435
MDTUSDT,SELL,LIMIT,1701118024059,11584,0.0738035
MDTUSDT,SELL,LIMIT,1701118026394,3126,0.0735456
MDTUSDT,SELL,LIMIT,1701118061414,621,0.0735478
MDTUSDT,SELL,LIMIT,1701118063309,17171,0.0735370
MDTUSDT,SELL,LIMIT,1701118068532,27886,0.0734461
MDTUSDT,SELL,LIMIT,1701118246199,8630,0.0741235
MDTUSDT,BUY,LIMIT,1701118456099,167,0.0770568
MDTUSDT,BUY,LIMIT,1701120967311,6957,0.0785436
MDTUSDT,BUY,LIMIT,1701121019319,3912,0.0788308
MDTUSDT,BUY,LIMIT,1701121738757,131,0.0786531
MDTUSDT,BUY,LIMIT,1701121961417,9009,0.0793858
MDTUSDT,BUY,LIMIT,1701122066250,3199,0.0794840
MDTUSDT,BUY,LIMIT,1701122067377,374,0.0795826
MDTUSDT,BUY,LIMIT,1701122100486,1408,0.0797159
MDTUSDT,BUY,LIMIT,1701122101741,1314,0.0800138
MDTUSDT,BUY,LIMIT,1701123167358,12441,0.0790180
MDTUSDT,BUY,LIMIT,1701124765384,2220,0.0784556
MDTUSDT,SELL,LIMIT,1701127053877,66,0.0762147
MDTUSDT,SELL,LIMIT,1701127478864,100,0.1046112
MDTUSDT,BUY,LIMIT,1701128299133,11852,0.0801733
MDTUSDT,BUY,LIMIT,1701128301613,10798,0.0803099
MDTUSDT,BUY,LIMIT,1701128881572,3808,0.0805029
MDTUSDT,BUY,LIMIT,1701129122467,22918,0.0805581
MDTUSDT,BUY,LIMIT,1701129790562,29846,0.0808818
MDTUSDT,BUY,LIMIT,1701129793251,3251,0.0809065
MDTUSDT,BUY,LIMIT,1701129804268,3183,0.0809106
MDTUSDT,BUY,LIMIT,1701129809562,4795,0.0809771
MDTUSDT,BUY,LIMIT,1701129815039,3869,0.0813443
MDTUSDT,BUY,LIMIT,1701129816121,201,0.0815089
MDTUSDT,BUY,LIMIT,1701129817381,4431,0.0816967
MDTUSDT,BUY,LIMIT,1701129819103,2522,0.0817380
MDTUSDT,BUY,LIMIT,1701129832150,1689,0.0819106
MDTUSDT,BUY,LIMIT,1701129834530,6626,0.0819606
MDTUSDT,BUY,LIMIT,1701129836601,860,0.0820711
MDTUSDT,BUY,LIMIT,1701129838704,2229,0.0820899
MDTUSDT,BUY,LIMIT,1701129843708,131,0.0821865
MDTUSDT,BUY,LIMIT,1701129880276,4024,0.0817710
MDTUSDT,SELL,LIMIT,1701129916244,9723,0.0789334
MDTUSDT,BUY,LIMIT,1701130080139,2699,0.0824385
MDTUSDT,BUY,LIMIT,1701131330969,3200,0.0820250
MDTUSDT,BUY,LIMIT,1701132072038,1075,0.0828433
MDTUSDT,BUY,LIMIT,1701132073049,2113,0.0826700
MDTUSDT,BUY,LIMIT,1701132074051,104,0.0829483
MDTUSDT,BUY,LIMIT,1701132075077,2531,0.0830160
MDTUSDT,BUY,LIMIT,1701132462098,233,0.0831568
MDTUSDT,BUY,LIMIT,1701132463199,948,0.0832451
MDTUSDT,BUY,LIMIT,1701132465332,239,0.0834812
MDTUSDT,BUY,LIMIT,1701132908199,92,0.0835168
MDTUSDT,BUY,LIMIT,1701132910063,7250,0.0836258
MDTUSDT,BUY,LIMIT,1701132911053,2126,0.0838037
MDTUSDT,BUY,LIMIT,1701132912070,1293,0.0838216
MDTUSDT,BUY,LIMIT,1701132913084,2501,0.0839314
MDTUSDT,BUY,LIMIT,1701132920142,8291,0.0842033
MDTUSDT,BUY,LIMIT,1701132921297,66,0.0841983
MDTUSDT,BUY,LIMIT,1701132922429,337,0.0842409
MDTUSDT,BUY,LIMIT,1701132924038,4241,0.0843068
MDTUSDT,BUY,LIMIT,1701132925092,2000,0.0843516
MDTUSDT,BUY,LIMIT,1701132926181,1810,0.0845511
MDTUSDT,BUY,LIMIT,1701132927206,3095,0.0846674
MDTUSDT,BUY,LIMIT,1701132928209,16872,0.0847576
MDTUSDT,BUY,LIMIT,1701132929235,15000,0.0849986
MDTUSDT,BUY,LIMIT,1701132930274,1075,0.0850681
MDTUSDT,BUY,LIMIT,1701132931359,1319,0.0852452
MDTUSDT,SELL,LIMIT,1701134271797,6186,0.0790330
MDTUSDT,SELL,LIMIT,1701134296162,1450,0.0786642
MDTUSDT,SELL,LIMIT,1701134297314,352,0.0787380
MDTUSDT,SELL,LIMIT,1701135168014,2000,0.0785469
MDTUSDT,SELL,LIMIT,1701135172636,40040,0.0782499
MDTUSDT,SELL,LIMIT,1701135174429,1208,0.0781771
MDTUSDT,SELL,LIMIT,1701135176184,209,0.0781489
MDTUSDT,SELL,LIMIT,1701135181542,708,0.0780496
MDTUSDT,BUY,LIMIT,1701135682279,9143,0.0813163
MDTUSDT,SELL,LIMIT,1701136985606,650,0.0779165
MDTUSDT,SELL,LIMIT,1701137077183,6884,0.0774602
MDTUSDT,SELL,LIMIT,1701137079889,969,0.0773822
MDTUSDT,SELL,LIMIT,1701137133267,3923,0.0773714
MDTUSDT,SELL,LIMIT,1701137155717,498,0.0772953
MDTUSDT,SELL,LIMIT,1701137622900,5581,0.0772035
MDTUSDT,SELL,LIMIT,1701137625173,496,0.0770529
MDTUSDT,SELL,LIMIT,1701137651220,3087,0.0769312
MDTUSDT,SELL,LIMIT,1701137664293,895,0.0768521
MDTUSDT,SELL,LIMIT,1701137698407,367,0.0767601
MDTUSDT,SELL,LIMIT,1701137702143,1316,0.0766808
MDTUSDT,SELL,LIMIT,1701138495114,607,0.0785955
MDTUSDT,BUY,LIMIT,1701138498417,4782,0.0821493
MDTUSDT,BUY,LIMIT,1701139179689,20775,0.0824002
MDTUSDT,BUY,LIMIT,1701139400258,2201,0.0825955
MDTUSDT,BUY,LIMIT,1701139707124,3751,0.0828752
MDTUSDT,BUY,LIMIT,1701139711169,90,0.0829524
MDTUSDT,BUY,LIMIT,1701139724623,140,0.0830359
MDTUSDT,SELL,LIMIT,1701142553201,94,0.0767861
MDTUSDT,SELL,LIMIT,1701145469249,118,0.0779776
MDTUSDT,SELL,LIMIT,1701145992403,505,0.0766283
MDTUSDT,SELL,LIMIT,1701146007093,236,0.0765103
MDTUSDT,SELL,LIMIT,1701146009228,247,0.0764377
MDTUSDT,SELL,LIMIT,1701146010234,610,0.0763728
MDTUSDT,BUY,LIMIT,1701146073207,9031,0.0818708
MDTUSDT,BUY,LIMIT,1701146074436,2952,0.0819261
MDTUSDT,BUY,LIMIT,1701146076478,8748,0.0820491
MDTUSDT,BUY,LIMIT,1701146087390,7802,0.0821879
MDTUSDT,BUY,LIMIT,1701146136046,119,0.0825349
MDTUSDT,BUY,LIMIT,1701146140382,100,0.0826481
MDTUSDT,BUY,LIMIT,1701146152074,6927,0.0827760
MDTUSDT,BUY,LIMIT,1701146157033,800,0.0829314
MDTUSDT,BUY,LIMIT,1701146161266,56310,0.0830432
MDTUSDT,BUY,LIMIT,1701147892895,3044,0.0821198
MDTUSDT,SELL,LIMIT,1701147925981,74,0.0787823
MDTUSDT,BUY,LIMIT,1701148432289,3006,0.0827704
MDTUSDT,BUY,LIMIT,1701148846984,2258,0.0827361
MDTUSDT,BUY,LIMIT,1701149138396,4839,0.0823241
MDTUSDT,BUY,LIMIT,1701149582663,20661,0.0831428
MDTUSDT,BUY,LIMIT,1701149583804,127,0.0832181
MDTUSDT,SELL,LIMIT,1701149901002,12138,0.0786470
MDTUSDT,SELL,LIMIT,1701151263536,13176,0.0780027
MDTUSDT,SELL,LIMIT,1701153167076,4123,0.0773866
MDTUSDT,SELL,LIMIT,1701153169294,2979,0.0773633
MDTUSDT,SELL,LIMIT,1701153187421,34031,0.0773097
MDTUSDT,SELL,LIMIT,1701153189137,1287,0.0771541
MDTUSDT,SELL,LIMIT,1701153190364,2631,0.0771203
MDTUSDT,SELL,LIMIT,1701153213078,3790,0.0770929
MDTUSDT,SELL,LIMIT,1701153215525,432,0.0769791
MDTUSDT,SELL,LIMIT,1701153238586,8712,0.0770063
MDTUSDT,SELL,LIMIT,1701153250824,2505,0.0769490
MDTUSDT,SELL,LIMIT,1701153253293,1066,0.0767705
MDTUSDT,SELL,LIMIT,1701153257053,9730,0.0766221
MDTUSDT,BUY,LIMIT,1701154881009,9762,0.0821696
MDTUSDT,SELL,LIMIT,1701155464435,23823,0.0790749
MDTUSDT,BUY,LIMIT,1701155534209,217,0.0825851
MDTUSDT,SELL,LIMIT,1701155624521,291,0.0790283
MDTUSDT,SELL,LIMIT,1701156864322,6,0.0786957
MDTUSDT,BUY,LIMIT,1701157401311,58636,0.0825511
MDTUSDT,BUY,LIMIT,1701157455022,277,0.0826691
MDTUSDT,BUY,LIMIT,1701157875148,833,0.0834894
MDTUSDT,BUY,LIMIT,1701157913208,1848,0.0835132
MDTUSDT,BUY,LIMIT,1701157914286,25125,0.0835640
MDTUSDT,BUY,LIMIT,1701157916273,476,0.0835955
MDTUSDT,BUY,LIMIT,1701157921355,21000,0.0836432
MDTUSDT,BUY,LIMIT,1701157992961,1734,0.0836766
MDTUSDT,BUY,LIMIT,1701157994367,1837,0.0837152
MDTUSDT,BUY,LIMIT,1701157995512,1039,0.0837843
MDTUSDT,BUY,LIMIT,1701157998243,11709,0.0837920
MDTUSDT,BUY,LIMIT,1701158000434,26297,0.0838042
MDTUSDT,BUY,LIMIT,1701158002945,1583,0.0839036
MDTUSDT,BUY,LIMIT,1701158005889,906,0.0839604
MDTUSDT,BUY,LIMIT,1701158009424,21839,0.0840896
MDTUSDT,BUY,LIMIT,1701158013107,504,0.0841470
MDTUSDT,BUY,LIMIT,1701158015058,1188,0.0841662
MDTUSDT,BUY,LIMIT,1701158471161,1233,0.0842318
MDTUSDT,BUY,LIMIT,1701158472208,1000,0.0842090
MDTUSDT,BUY,LIMIT,1701158473229,25475,0.0843198
MDTUSDT,BUY,LIMIT,1701162975103,400,0.0844019
MDTUSDT,BUY,LIMIT,1701162976376,2521,0.0844264
MDTUSDT,BUY,LIMIT,1701162977632,39933,0.0844974
MDTUSDT,BUY,LIMIT,1701162983693,252,0.0845195
MDTUSDT,BUY,LIMIT,1701163003802,5032,0.0845876
MDTUSDT,BUY,LIMIT,1701163005142,6240,0.0848464
MDTUSDT,BUY,LIMIT,1701163006439,1598,0.0847903
MDTUSDT,BUY,LIMIT,1701163094039,1441,0.0849773
MDTUSDT,BUY,LIMIT,1701163095120,61712,0.0850422
MDTUSDT,BUY,LIMIT,1701163096226,12804,0.0850489
MDTUSDT,BUY,LIMIT,1701163099346,827,0.0851602
MDTUSDT,BUY,LIMIT,1701163102990,823,0.0852827
MDTUSDT,BUY,LIMIT,1701163105238,5198,0.0853208
MDTUSDT,BUY,LIMIT,1701163106448,452,0.0853387
MDTUSDT,BUY,LIMIT,1701163512126,71,0.0853800
MDTUSDT,BUY,LIMIT,1701163515871,805,0.0854331
MDTUSDT,BUY,LIMIT,1701163783207,1915,0.0855322
MDTUSDT,BUY,LIMIT,1701163784211,94,0.0855657
MDTUSDT,BUY,LIMIT,1701163786104,1168,0.0858010
MDTUSDT,BUY,LIMIT,1701163787151,62069,0.0859655
MDTUSDT,BUY,LIMIT,1701163788320,29424,0.0859519
MDTUSDT,BUY,LIMIT,1701163813071,323,0.0859949
MDTUSDT,BUY,LIMIT,1701163814141,9597,0.0860757
MDTUSDT,BUY,LIMIT,1701163815197,1701,0.0861512
MDTUSDT,BUY,LIMIT,1701163816593,4692,0.0862307
MDTUSDT,BUY,LIMIT,1701163817948,2578,0.0862750
MDTUSDT,BUY,LIMIT,1701163827000,2840,0.0863318
MDTUSDT,BUY,LIMIT,1701163830331,23718,0.0863871
MDTUSDT,BUY,LIMIT,1701163831606,959,0.0864317
MDTUSDT,BUY,LIMIT,1701163838267,571,0.0864679
MDTUSDT,BUY,LIMIT,1701163841051,260,0.0865715
MDTUSDT,BUY,LIMIT,1701163842185,20604,0.0865209
MDTUSDT,BUY,LIMIT,1701163843772,125,0.0865741
MDTUSDT,BUY,LIMIT,1701163931252,9891,0.0866043
MDTUSDT,BUY,LIMIT,1701163946051,318,0.0866260
MDTUSDT,BUY,LIMIT,1701163950056,6207,0.0866858
MDTUSDT,BUY,LIMIT,1701163951076,397,0.0871732
MDTUSDT,BUY,LIMIT,1701163952112,604,0.0871600
MDTUSDT,BUY,LIMIT,1701164176204,130106,0.0874743
MDTUSDT,BUY,LIMIT,1701164179049,114,0.0873779
MDTUSDT,BUY,LIMIT,1701164180291,1328,0.0873505
MDTUSDT,BUY,LIMIT,1701164182241,161,0.0875372
MDTUSDT,BUY,LIMIT,1701164186194,16247,0.0875340
MDTUSDT,BUY,LIMIT,1701164344025,320,0.0870996
MDTUSDT,BUY,LIMIT,1701164387786,35054,0.0874363
MDTUSDT,BUY,LIMIT,1701164391804,2257,0.0875570
MDTUSDT,BUY,LIMIT,1701164392866,1040,0.0877750
MDTUSDT,BUY,LIMIT,1701164394151,67,0.0879384
MDTUSDT,BUY,LIMIT,1701164395167,11090,0.0882031
MDTUSDT,BUY,LIMIT,1701164396217,12802,0.0882078
MDTUSDT,BUY,LIMIT,1701164398975,3479,0.0882109
MDTUSDT,BUY,LIMIT,1701165176265,1754,0.0883050
MDTUSDT,BUY,LIMIT,1701165177353,1063,0.0882756
MDTUSDT,BUY,LIMIT,1701165178520,15679,0.0886169
MDTUSDT,BUY,LIMIT,1701165180106,1403,0.0887082
MDTUSDT,BUY,LIMIT,1701165181141,1916,0.0886968
MDTUSDT,BUY,LIMIT,1701165182175,81,0.0888185
MDTUSDT,BUY,LIMIT,1701165183591,456,0.0890210
MDTUSDT,BUY,LIMIT,1701165184757,431,0.0891419
MDTUSDT,BUY,LIMIT,1701165185817,2597,0.0892285
MDTUSDT,BUY,LIMIT,1701165188779,1159,0.0892540
MDTUSDT,BUY,LIMIT,1701165189839,393,0.0895133
MDTUSDT,BUY,LIMIT,1701165191048,31792,0.0896430
MDTUSDT,BUY,LIMIT,1701165193163,6266,0.0898196
MDTUSDT,BUY,LIMIT,1701165194183,7778,0.0897009
MDTUSDT,BUY,LIMIT,1701165195268,500,0.0898278
MDTUSDT,BUY,LIMIT,1701165196318,1522,0.0899363
MDTUSDT,BUY,LIMIT,1701165201587,2274,0.0899610
MDTUSDT,BUY,LIMIT,1701166330484,113,0.0887155
MDTUSDT,BUY,LIMIT,1701167578698,5424,0.0881549
MDTUSDT,BUY,LIMIT,1701167673109,2326,0.0881913
MDTUSDT,BUY,LIMIT,1701168046186,39632,0.0900704
MDTUSDT,BUY,LIMIT,1701168047259,516,0.0901426
MDTUSDT,BUY,LIMIT,1701168055054,2311,0.0902832
MDTUSDT,BUY,LIMIT,1701168056117,5663,0.0901910
MDTUSDT,BUY,LIMIT,1701168057178,4602,0.0903780
MDTUSDT,BUY,LIMIT,1701168058185,4622,0.0907843
MDTUSDT,BUY,LIMIT,1701168059822,4392,0.0908946
MDTUSDT,BUY,LIMIT,1701168385737,16912,0.0908065
MDTUSDT,BUY,LIMIT,1701168387291,2887,0.0909134
MDTUSDT,BUY,LIMIT,1701168389447,133,0.0909158
MDTUSDT,BUY,LIMIT,1701168390777,479,0.0909699
MDTUSDT,BUY,LIMIT,1701168392073,53454,0.0911085
MDTUSDT,BUY,LIMIT,1701168393155,1280,0.0910634
MDTUSDT,BUY,LIMIT,1701168397170,207,0.0912403
MDTUSDT,BUY,LIMIT,1701168398405,267,0.0912531
MDTUSDT,BUY,LIMIT,1701169215045,2298,0.0914210
MDTUSDT,BUY,LIMIT,1701169216071,1713,0.0914125
MDTUSDT,BUY,LIMIT,1701169217296,702,0.0915087
MDTUSDT,BUY,LIMIT,1701170172440,57295,0.0912150
MDTUSDT,BUY,LIMIT,1701170511724,777,0.0915348
MDTUSDT,BUY,LIMIT,1701170514540,4589,0.0915661
MDTUSDT,BUY,LIMIT,1701170517101,11395,0.0918032
MDTUSDT,BUY,LIMIT,1701170518103,1141,0.0919624
MDTUSDT,BUY,LIMIT,1701170519152,320,0.0919264
MDTUSDT,BUY,LIMIT,1701170520413,50761,0.0919924
MDTUSDT,BUY,LIMIT,1701170528047,232,0.0922031
MDTUSDT,BUY,LIMIT,1701170529085,5219,0.0921886
MDTUSDT,BUY,LIMIT,1701170530910,3157,0.0924147
MDTUSDT,BUY,LIMIT,1701170718658,222,0.0916263
MDTUSDT,BUY,LIMIT,1701170728167,11775,0.0918756
MDTUSDT,BUY,LIMIT,1701170784182,3889,0.0918101
MDTUSDT,BUY,LIMIT,1701170836014,3856,0.0924120
MDTUSDT,BUY,LIMIT,1701171021104,29507,0.0920608
MDTUSDT,BUY,LIMIT,1701171028538,15489,0.0924401
MDTUSDT,BUY,LIMIT,1701171030914,3098,0.0924663
MDTUSDT,BUY,LIMIT,1701171035076,4540,0.0924752
MDTUSDT,BUY,LIMIT,1701171045098,5689,0.0925147
MDTUSDT,BUY,LIMIT,1701171049429,578,0.0925295
MDTUSDT,BUY,LIMIT,1701171052401,948,0.0925370
MDTUSDT,BUY,LIMIT,1701171053635,5565,0.0925602
MDTUSDT,BUY,LIMIT,1701171059256,90,0.0925977
MDTUSDT,BUY,LIMIT,1701171060390,4743,0.0925953
MDTUSDT,BUY,LIMIT,1701171061426,2940,0.0926732
MDTUSDT,BUY,LIMIT,1701171062650,1661,0.0927980
MDTUSDT,BUY,LIMIT,1701171946109,1000,0.0928805
MDTUSDT,BUY,LIMIT,1701171947111,230,0.0934457
MDTUSDT,BUY,LIMIT,1701171948118,749,0.0930984
MDTUSDT,BUY,LIMIT,1701171949166,3045,0.0937010
MDTUSDT,BUY,LIMIT,1701171950188,3176,0.0937604
MDTUSDT,BUY,LIMIT,1701171976301,6164,0.0931361
MDTUSDT,BUY,LIMIT,1701172006105,37836,0.0938705
MDTUSDT,BUY,LIMIT,1701172011238,32059,0.0938842
MDTUSDT,BUY,LIMIT,1701172012450,260,0.0939297
MDTUSDT,BUY,LIMIT,1701172014114,23534,0.0939976
MDTUSDT,BUY,LIMIT,1701172015416,13850,0.0939939
MDTUSDT,BUY,LIMIT,1701172016442,3240,0.0940835
MDTUSDT,BUY,LIMIT,1701172017447,776,0.0942898
MDTUSDT,BUY,LIMIT,1701172018451,10607,0.0942557
MDTUSDT,BUY,LIMIT,1701172019475,632,0.0944820
MDTUSDT,BUY,LIMIT,1701172021059,3768,0.0945802
MDTUSDT,SELL,LIMIT,1701172730878,810,0.0880005
MDTUSDT,SELL,LIMIT,1701172753027,2846,0.0878460
MDTUSDT,SELL,LIMIT,1701172758286,760,0.0877428
MDTUSDT,SELL,LIMIT,1701172765245,982,0.0875762
MDTUSDT,SELL,LIMIT,1701172768049,140,0.0872893
MDTUSDT,SELL,LIMIT,1701172769217,3292,0.0873217
MDTUSDT,SELL,LIMIT,1701172770481,1313,0.0872550
MDTUSDT,SELL,LIMIT,1701172771998,559,0.0872349
MDTUSDT,SELL,LIMIT,1701172781119,54484,0.0872000
MDTUSDT,SELL,LIMIT,1701172782231,378,0.0871420
MDTUSDT,SELL,LIMIT,1701172784530,3370,0.0869422
MDTUSDT,SELL,LIMIT,1701172785678,1445,0.0867629
MDTUSDT,SELL,LIMIT,1701172813890,2933,0.0866583
MDTUSDT,SELL,LIMIT,1701172816760,4391,0.0864887
MDTUSDT,SELL,LIMIT,1701172819585,2295,0.0862685
MDTUSDT,SELL,LIMIT,1701172821597,186,0.0861814
MDTUSDT,SELL,LIMIT,1701172870218,6274,0.0859745
MDTUSDT,SELL,LIMIT,1701172871834,3245,0.0858147
MDTUSDT,SELL,LIMIT,1701172876132,269,0.0856927
MDTUSDT,SELL,LIMIT,1701172877304,16422,0.0856993
MDTUSDT,SELL,LIMIT,1701172882947,15375,0.0856606
MDTUSDT,SELL,LIMIT,1701172884097,1725,0.0856417
MDTUSDT,SELL,LIMIT,1701172891225,890,0.0855271
MDTUSDT,SELL,LIMIT,1701172892336,8016,0.0855181
MDTUSDT,SELL,LIMIT,1701172893410,5556,0.0855180
MDTUSDT,SELL,LIMIT,1701172895162,1254,0.0851867
MDTUSDT,SELL,LIMIT,1701172896285,8287,0.0850514
MDTUSDT,SELL,LIMIT,1701172935918,111,0.0849675
MDTUSDT,SELL,LIMIT,1701172937223,9203,0.0849083
MDTUSDT,SELL,LIMIT,1701172943047,704,0.0848435
MDTUSDT,SELL,LIMIT,1701172944133,4311,0.0848243
MDTUSDT,SELL,LIMIT,1701172945170,4644,0.0845679
MDTUSDT,SELL,LIMIT,1701172946312,12987,0.0844484
MDTUSDT,SELL,LIMIT,1701172994375,4842,0.0847552
MDTUSDT,SELL,LIMIT,1701173003061,3115,0.0843949
MDTUSDT,SELL,LIMIT,1701173005114,451,0.0842467
MDTUSDT,BUY,LIMIT,1701173332078,18604,0.0902558
MDTUSDT,BUY,LIMIT,1701173333381,6703,0.0902876
MDTUSDT,BUY,LIMIT,1701173650366,2064,0.0904986
MDTUSDT,BUY,LIMIT,1701173651473,142,0.0904670
MDTUSDT,BUY,LIMIT,1701173656714,11599,0.0905242
MDTUSDT,BUY,LIMIT,1701173657782,40933,0.0907919
MDTUSDT,BUY,LIMIT,1701173659013,958,0.0908956
MDTUSDT,BUY,LIMIT,1701173676640,17272,0.0911950
MDTUSDT,BUY,LIMIT,1701173713754,3485,0.0913246
MDTUSDT,BUY,LIMIT,1701173714844,757,0.0914312
MDTUSDT,BUY,LIMIT,1701173724314,7243,0.0915193
MDTUSDT,BUY,LIMIT,1701173730734,60,0.0916003
MDTUSDT,BUY,LIMIT,1701173734700,22039,0.0916686
MDTUSDT,BUY,LIMIT,1701173735828,171,0.0917330
MDTUSDT,BUY,LIMIT,1701173841210,1759,0.0918158
MDTUSDT,BUY,LIMIT,1701174074335,578,0.0920849
MDTUSDT,SELL,LIMIT,1701175340870,71,0.0856264
MDTUSDT,SELL,LIMIT,1701175354618,713,0.0855658
MDTUSDT,SELL,LIMIT,1701176524978,478,0.0852411
MDTUSDT,SELL,LIMIT,1701176527043,2260,0.0849648
MDTUSDT,SELL,LIMIT,1701176532327,1172,0.0847297
MDTUSDT,SELL,LIMIT,1701176536964,3624,0.0846888
MDTUSDT,SELL,LIMIT,1701176541080,18967,0.0845147
MDTUSDT,SELL,LIMIT,1701176542459,10298,0.0843807
MDTUSDT,SELL,LIMIT,1701176560142,1168,0.0841669
MDTUSDT,SELL,LIMIT,1701176564131,9624,0.0840949
MDTUSDT,SELL,LIMIT,1701177175497,2108,0.0840596
MDTUSDT,SELL,LIMIT,1701177192941,2653,0.0840168
MDTUSDT,SELL,LIMIT,1701177522245,43669,0.0840164
MDTUSDT,SELL,LIMIT,1701177523610,58,0.0839500
MDTUSDT,SELL,LIMIT,1701177526471,1781,0.0837244
MDTUSDT,SELL,LIMIT,1701177551202,2213,0.0836450
MDTUSDT,SELL,LIMIT,1701177552992,11178,0.0836157
MDTUSDT,SELL,LIMIT,1701178279925,5087,0.0850139
MDTUSDT,SELL,LIMIT,1701178400386,148,0.0845732
MDTUSDT,BUY,LIMIT,1701178460754,151,0.0871650
