Symbol,Side,Order Type,Time,Quantity,Price
MDTUSDT,BUY,LIMIT,1700846435414,19211,0.0665686
MDTUSDT,BUY,LIMIT,1700846772286,14772,0.0669412
MDTUSDT,BUY,LIMIT,1700846786142,3909,0.0671606
MDTUSDT,BUY,LIMIT,1700846788843,105,0.0672695
MDTUSDT,BUY,LIMIT,1700846808253,7916,0.0675248
MDTUSDT,BUY,LIMIT,1700847563390,3889,0.0676389
MDTUSDT,BUY,LIMIT,1700847566185,61817,0.0677219
MDTUSDT,BUY,LIMIT,1700847569704,125,0.0678110
MDTUSDT,BUY,LIMIT,1700847574449,8508,0.0678706
MDTUSDT,BUY,LIMIT,1700847578399,2501,0.0679507
MDTUSDT,BUY,LIMIT,1700847581129,350,0.0680872
MDTUSDT,BUY,LIMIT,1700847582208,439,0.0680953
MDTUSDT,BUY,LIMIT,1700847589774,1536,0.0682669
MDTUSDT,BUY,LIMIT,1700847593369,559,0.0684071
MDTUSDT,BUY,LIMIT,1700847594377,14230,0.0684047
MDTUSDT,BUY,LIMIT,1700847596838,68007,0.0686395
MDTUSDT,BUY,LIMIT,1700847614544,244,0.0686924
MDTUSDT,BUY,LIMIT,1700847623575,2131,0.0689033
MDTUSDT,BUY,LIMIT,1700847625148,470,0.0689273
MDTUSDT,BUY,LIMIT,1700847626262,14018,0.0689733
MDTUSDT,BUY,LIMIT,1700847633195,25681,0.0691398
MDTUSDT,BUY,LIMIT,1700847647486,41,0.0691623
MDTUSDT,BUY,LIMIT,1700847650194,3442,0.0692392
MDTUSDT,BUY,LIMIT,1700847651269,3509,0.0692299
MDTUSDT,BUY,LIMIT,1700847652305,45871,0.0692868
MDTUSDT,BUY,LIMIT,1700847655284,30999,0.0694070
MDTUSDT,BUY,LIMIT,1700847657139,394,0.0694648
MDTUSDT,BUY,LIMIT,1700847678067,959,0.0696161
MDTUSDT,BUY,LIMIT,1700847680079,19794,0.0697223
MDTUSDT,BUY,LIMIT,1700847682686,23400,0.0697408
MDTUSDT,BUY,LIMIT,1700847683878,13739,0.0697932
MDTUSDT,BUY,LIMIT,1700847685734,12466,0.0698378
MDTUSDT,BUY,LIMIT,1700847689174,135,0.0699320
MDTUSDT,BUY,LIMIT,1700847690325,10000,0.0699811
MDTUSDT,BUY,LIMIT,1700847691454,188,0.0699909
MDTUSDT,BUY,LIMIT,1700847692528,344,0.0701046
MDTUSDT,BUY,LIMIT,1700847700239,2016,0.0702943
MDTUSDT,BUY,LIMIT,1700847701309,8099,0.0703324
MDTUSDT,BUY,LIMIT,1700847704253,3001,0.0703953
MDTUSDT,BUY,LIMIT,1700847705347,809,0.0704355
MDTUSDT,BUY,LIMIT,1700847707130,156,0.0704557
MDTUSDT,BUY,LIMIT,1700847708195,499,0.0706043
MDTUSDT,BUY,LIMIT,1700847713035,52471,0.0707081
MDTUSDT,BUY,LIMIT,1700847715048,10200,0.0708100
MDTUSDT,BUY,LIMIT,1700847716063,171,0.0708376
MDTUSDT,BUY,LIMIT,1700847717842,235,0.0708929
MDTUSDT,BUY,LIMIT,1700847724040,106,0.0708862
MDTUSDT,BUY,LIMIT,1700847726104,35320,0.0710300
MDTUSDT,BUY,LIMIT,1700847727116,304,0.0710079
MDTUSDT,BUY,LIMIT,1700847728329,772,0.0711146
MDTUSDT,SELL,LIMIT,1700847845197,1768,0.0660428
MDTUSDT,SELL,LIMIT,1700847939129,2000,0.0655354
MDTUSDT,SELL,LIMIT,1700848003461,20434,0.0653238
MDTUSDT,SELL,LIMIT,1700848004484,4781,0.0653440
MDTUSDT,BUY,LIMIT,1700848555465,1365,0.0687496
MDTUSDT,BUY,LIMIT,1700848630151,6724,0.0686186
MDTUSDT,BUY,LIMIT,1700848693082,3444,0.0689860
MDTUSDT,BUY,LIMIT,1700848695233,79428,0.0692130
MDTUSDT,BUY,LIMIT,1700848773698,362,0.0682986
MDTUSDT,BUY,LIMIT,1700851630198,5762,0.0701009
MDTUSDT,BUY,LIMIT,1700851631551,1681,0.0701266
MDTUSDT,BUY,LIMIT,1700851713175,168,0.0703059
MDTUSDT,BUY,LIMIT,1700851718064,44019,0.0703366
MDTUSDT,BUY,LIMIT,1700851720068,773,0.0705282
MDTUSDT,BUY,LIMIT,1700851721133,49570,0.0704311
MDTUSDT,BUY,LIMIT,1700851722559,35909,0.0706963
MDTUSDT,BUY,LIMIT,1700851730660,535,0.0707350
MDTUSDT,BUY,LIMIT,1700851731773,698,0.0707732
MDTUSDT,BUY,LIMIT,1700851735186,8086,0.0708091
MDTUSDT,BUY,LIMIT,1700851737147,14766,0.0709186
MDTUSDT,BUY,LIMIT,1700852500036,4770,0.0710109
MDTUSDT,BUY,LIMIT,1700852505374,1548,0.0710714
MDTUSDT,BUY,LIMIT,1700852507079,1534,0.0711633
MDTUSDT,BUY,LIMIT,1700852508131,16097,0.0712152
MDTUSDT,BUY,LIMIT,1700853770091,9714,0.0705489
MDTUSDT,BUY,LIMIT,1700853841962,243,0.0705426
MDTUSDT,BUY,LIMIT,1700856057083,1725,0.0695533
MDTUSDT,BUY,LIMIT,1700857769609,2165,0.0704837
MDTUSDT,BUY,LIMIT,1700858519230,375,0.0712084
MDTUSDT,BUY,LIMIT,1700858521044,147,0.0712593
MDTUSDT,BUY,LIMIT,1700858522268,6299,0.0712994
MDTUSDT,BUY,LIMIT,1700858551113,4292,0.0714796
MDTUSDT,BUY,LIMIT,1700858552117,1325,0.0714968
MDTUSDT,BUY,LIMIT,1700858553628,2519,0.0715686
MDTUSDT,BUY,LIMIT,1700858556888,1380,0.0715602
MDTUSDT,BUY,LIMIT,1700858864770,18208,0.0716142
MDTUSDT,BUY,LIMIT,1700858867658,11940,0.0716337
MDTUSDT,BUY,LIMIT,1700858869561,29304,0.0716301
MDTUSDT,BUY,LIMIT,1700858878094,1031,0.0716622
MDTUSDT,BUY,LIMIT,1700858925590,73616,0.0716469
MDTUSDT,BUY,LIMIT,1700859012309,43261,0.0714546
MDTUSDT,BUY,LIMIT,1700859021660,60454,0.0716344
MDTUSDT,BUY,LIMIT,1700859026460,2102,0.0717013
MDTUSDT,BUY,LIMIT,1700859028341,2390,0.0717052
MDTUSDT,BUY,LIMIT,1700859031209,2729,0.0716855
MDTUSDT,BUY,LIMIT,1700859036159,244,0.0717655
MDTUSDT,BUY,LIMIT,1700859038318,30647,0.0717790
MDTUSDT,BUY,LIMIT,1700859041398,7646,0.0717915
MDTUSDT,BUY,LIMIT,1700859043419,731,0.0694556
MDTUSDT,BUY,LIMIT,1700859046142,338,0.0717533
MDTUSDT,BUY,LIMIT,1700859069605,11683,0.0718440
MDTUSDT,BUY,LIMIT,1700859070888,695,0.0718722
MDTUSDT,BUY,LIMIT,1700859071897,96,0.0721384
MDTUSDT,BUY,LIMIT,1700859073275,37197,0.0721682
MDTUSDT,BUY,LIMIT,1700859092068,539,0.0722062
MDTUSDT,BUY,LIMIT,1700859093244,14692,0.0722159
MDTUSDT,BUY,LIMIT,1700859097849,4070,0.0722480
MDTUSDT,BUY,LIMIT,1700859101817,9902,0.0722581
MDTUSDT,BUY,LIMIT,1700859106274,8737,0.0723052
MDTUSDT,BUY,LIMIT,1700859107687,36258,0.0723814
MDTUSDT,BUY,LIMIT,1700859109050,2450,0.0724679
MDTUSDT,BUY,LIMIT,1700859110100,13672,0.0725686
MDTUSDT,BUY,LIMIT,1700859111105,1605,0.0726169
MDTUSDT,BUY,LIMIT,1700859112183,1091,0.0727183
MDTUSDT,BUY,LIMIT,1700859113310,207,0.0727616
MDTUSDT,BUY,LIMIT,1700859114334,72216,0.0727353
MDTUSDT,BUY,LIMIT,1700859201147,77,0.0728543
MDTUSDT,BUY,LIMIT,1700859202202,167,0.0728617
MDTUSDT,BUY,LIMIT,1700859209223,5764,0.0729018
MDTUSDT,BUY,LIMIT,1700859211146,1360,0.0729611
MDTUSDT,BUY,LIMIT,1700859212201,539,0.0729284
MDTUSDT,BUY,LIMIT,1700859213247,11610,0.0731308
MDTUSDT,BUY,LIMIT,1700859214289,1178,0.0731604
MDTUSDT,BUY,LIMIT,1700859235124,87,0.0731902
MDTUSDT,BUY,LIMIT,1700859236291,34785,0.0732049
MDTUSDT,BUY,LIMIT,1700859237562,153018,0.0734169
MDTUSDT,BUY,LIMIT,1700859239394,5513,0.0732803
MDTUSDT,BUY,LIMIT,1700859241299,30619,0.0732990
MDTUSDT,BUY,LIMIT,1700859865276,488,0.0733644
MDTUSDT,BUY,LIMIT,1700859870119,3106,0.0734860
MDTUSDT,BUY,LIMIT,1700859871208,394,0.0735447
MDTUSDT,BUY,LIMIT,1700859872234,1942,0.0738627
MDTUSDT,SELL,LIMIT,1700863620139,1500,0.0687394
MDTUSDT,SELL,LIMIT,1700863625921,1349,0.0687117
MDTUSDT,SELL,LIMIT,1700863627480,4311,0.0686434
MDTUSDT,SELL,LIMIT,1700863629144,346,0.0684839
MDTUSDT,SELL,LIMIT,1700863733311,2539,0.0684585
MDTUSDT,SELL,LIMIT,1700863856260,113,0.0688665
MDTUSDT,SELL,LIMIT,1700863862298,69429,0.0684068
MDTUSDT,SELL,LIMIT,1700863954527,5481,0.0683299
MDTUSDT,BUY,LIMIT,1700863959906,361,0.0711183
MDTUSDT,SELL,LIMIT,1700863961308,393,0.0683081
MDTUSDT,SELL,LIMIT,1700863962474,4575,0.0681924
MDTUSDT,SELL,LIMIT,1700863964815,27948,0.0680095
MDTUSDT,SELL,LIMIT,1700865548834,4205,0.0714280
MDTUSDT,BUY,LIMIT,1700866088110,1935,0.0703653
MDTUSDT,SELL,LIMIT,1700866638883,227,0.0685235
MDTUSDT,SELL,LIMIT,1700866683110,709,0.0683075
MDTUSDT,SELL,LIMIT,1700866689243,931,0.0679932
MDTUSDT,SELL,LIMIT,1700866758486,1731,0.0678529
MDTUSDT,SELL,LIMIT,1700866759946,3469,0.0677671
MDTUSDT,SELL,LIMIT,1700866971544,5540,0.0677602
MDTUSDT,SELL,LIMIT,1700866975126,710,0.0677138
MDTUSDT,SELL,LIMIT,1700866978661,242,0.0676815
MDTUSDT,SELL,LIMIT,1700866981609,8614,0.0676763
MDTUSDT,SELL,LIMIT,1700867014402,3171,0.0676344
MDTUSDT,SELL,LIMIT,1700867015609,56141,0.0676068
MDTUSDT,SELL,LIMIT,1700867017131,3993,0.0675421
MDTUSDT,SELL,LIMIT,1700867018133,70179,0.0675766
MDTUSDT,SELL,LIMIT,1700867019422,712,0.0674856
MDTUSDT,SELL,LIMIT,1700867020738,438,0.0674492
MDTUSDT,SELL,LIMIT,1700867182115,688,0.0688323
MDTUSDT,SELL,LIMIT,1700867183222,7292,0.0679017
MDTUSDT,SELL,LIMIT,1700867202094,1662,0.0677200
MDTUSDT,SELL,LIMIT,1700867217148,519,0.0673686
MDTUSDT,SELL,LIMIT,1700867218173,22093,0.0673900
MDTUSDT,SELL,LIMIT,1700867281320,3435,0.0673026
MDTUSDT,SELL,LIMIT,1700867677049,154,0.0670606
MDTUSDT,SELL,LIMIT,1700867678803,9024,0.0669797
MDTUSDT,SELL,LIMIT,1700867684109,35213,0.0670024
MDTUSDT,BUY,LIMIT,1700868987349,6734,0.0708312
MDTUSDT,BUY,LIMIT,1700869995140,948,0.0721738
MDTUSDT,BUY,LIMIT,1700869996139,37041,0.0722682
MDTUSDT,SELL,LIMIT,1700870727259,137,0.0680289
MDTUSDT,BUY,LIMIT,1700870916341,210,0.0722960
MDTUSDT,BUY,LIMIT,1700870918377,11400,0.0724603
MDTUSDT,BUY,LIMIT,1700870920104,3536,0.0725770
MDTUSDT,BUY,LIMIT,1700870921142,7239,0.0728061
MDTUSDT,BUY,LIMIT,1700870945767,4381,0.0728601
MDTUSDT,BUY,LIMIT,1700870957113,5168,0.0729096
MDTUSDT,BUY,LIMIT,1700870958239,2688,0.0730785
MDTUSDT,BUY,LIMIT,1700870959387,40915,0.0732969
MDTUSDT,BUY,LIMIT,1700871409471,394,0.0723140
MDTUSDT,SELL,LIMIT,1700873586289,1949,0.0680350
MDTUSDT,BUY,LIMIT,1700875376974,1,0.0718280
MDTUSDT,BUY,LIMIT,1700875768676,26008,0.0717645
MDTUSDT,BUY,LIMIT,1700876364972,4623,0.0720263
MDTUSDT,BUY,LIMIT,1700876415436,34092,0.0725008
MDTUSDT,BUY,LIMIT,1700876455723,2875,0.0728713
MDTUSDT,BUY,LIMIT,1700876558603,31778,0.0727565
MDTUSDT,BUY,LIMIT,1700876709433,5191,0.0729297
MDTUSDT,BUY,LIMIT,1700877372910,38461,0.0730848
MDTUSDT,BUY,LIMIT,1700878327019,2028,0.0726137
MDTUSDT,BUY,LIMIT,1700878382582,2100,0.0725820
MDTUSDT,BUY,LIMIT,1700878419031,903,0.0725015
MDTUSDT,BUY,LIMIT,1700880737730,4297,0.0732884
MDTUSDT,BUY,LIMIT,1700880745107,620,0.0733631
MDTUSDT,BUY,LIMIT,1700880850431,2862,0.0734144
MDTUSDT,BUY,LIMIT,1700880852207,101,0.0735391
MDTUSDT,BUY,LIMIT,1700880853446,531,0.0735594
MDTUSDT,BUY,LIMIT,1700880856702,285,0.0737360
MDTUSDT,BUY,LIMIT,1700880857878,657,0.0737484
MDTUSDT,BUY,LIMIT,1700881858948,27319,0.0724097
