Symbol,Side,Order Type,Time,Quantity,Price
MDTUSDT,BUY,LIMIT,1701064901605,1395,0.0753328
MDTUSDT,BUY,LIMIT,1701064944583,5514,0.0758471
MDTUSDT,BUY,LIMIT,1701064954095,1018,0.0760820
MDTUSDT,BUY,LIMIT,1701064955287,15989,0.0765409
MDTUSDT,BUY,LIMIT,1701064957251,68975,0.0767474
MDTUSDT,BUY,LIMIT,1701064959632,474,0.0768131
MDTUSDT,BUY,LIMIT,1701067092475,30319,0.0768982
MDTUSDT,BUY,LIMIT,1701067094186,4079,0.0772116
MDTUSDT,BUY,LIMIT,1701067258129,4380,0.0774266
MDTUSDT,BUY,LIMIT,1701067260257,21410,0.0777891
MDTUSDT,BUY,LIMIT,1701067550308,14208,0.0772412
MDTUSDT,BUY,LIMIT,1701067748717,21980,0.0769327
MDTUSDT,SELL,LIMIT,1701067751279,19182,0.0739158
MDTUSDT,BUY,LIMIT,1701067784015,6370,0.0767498
MDTUSDT,BUY,LIMIT,1701067810524,634,0.0768931
MDTUSDT,BUY,LIMIT,1701067814423,49558,0.0768354
MDTUSDT,SELL,LIMIT,1701068020904,149,0.0807136
MDTUSDT,BUY,LIMIT,1701068051093,8181,0.0778463
MDTUSDT,BUY,LIMIT,1701068077960,3000,0.0782186
MDTUSDT,BUY,LIMIT,1701068079240,141,0.0783146
MDTUSDT,BUY,LIMIT,1701068510781,2360,0.0783672
MDTUSDT,BUY,LIMIT,1701068941501,9513,0.0782569
MDTUSDT,BUY,LIMIT,1701068989843,5097,0.0782426
MDTUSDT,BUY,LIMIT,1701068996709,1315,0.0781759
MDTUSDT,BUY,LIMIT,1701069014872,10080,0.0780496
MDTUSDT,SELL,LIMIT,1701069515350,1079,0.0745912
MDTUSDT,BUY,LIMIT,1701069577430,557,0.0774587
MDTUSDT,SELL,LIMIT,1701069639665,632,0.0744409
MDTUSDT,SELL,LIMIT,1701069808454,1556,0.0746071
MDTUSDT,BUY,LIMIT,1701069896237,149,0.0760402
MDTUSDT,SELL,LIMIT,1701070440129,1003,0.0737080
MDTUSDT,BUY,LIMIT,1701070820530,26860,0.0782272
MDTUSDT,BUY,LIMIT,1701070834967,5475,0.0784783
MDTUSDT,BUY,LIMIT,1701070848295,1997,0.0788069
MDTUSDT,BUY,LIMIT,1701070849345,2765,0.0792480
MDTUSDT,BUY,LIMIT,1701070850436,537,0.0792467
MDTUSDT,BUY,LIMIT,1701070853073,4119,0.0795508
MDTUSDT,BUY,LIMIT,1701070854127,18986,0.0795369
MDTUSDT,BUY,LIMIT,1701070855169,49974,0.0797107
MDTUSDT,BUY,LIMIT,1701070856226,47,0.0796973
MDTUSDT,BUY,LIMIT,1701070857351,140,0.0800267
MDTUSDT,BUY,LIMIT,1701070858808,522,0.0801951
MDTUSDT,BUY,LIMIT,1701071007716,19013,0.0800385
MDTUSDT,SELL,LIMIT,1701071470393,1957,0.0745353
MDTUSDT,SELL,LIMIT,1701071479338,1502,0.0742159
MDTUSDT,SELL,LIMIT,1701071529138,489,0.0742092
MDTUSDT,SELL,LIMIT,1701071677113,2308,0.0740962
MDTUSDT,SELL,LIMIT,1701071678275,268,0.0740245
MDTUSDT,BUY,LIMIT,1701072406758,3976,0.0791413
MDTUSDT,SELL,LIMIT,1701074099254,11430,0.0735981
MDTUSDT,SELL,LIMIT,1701074101045,1609,0.0733771
MDTUSDT,SELL,LIMIT,1701074102395,7622,0.0734155
MDTUSDT,SELL,LIMIT,1701074109613,33926,0.0731820
MDTUSDT,SELL,LIMIT,1701074111237,6369,0.0731132
MDTUSDT,SELL,LIMIT,1701074112275,3758,0.0729210
MDTUSDT,SELL,LIMIT,1701074113649,3130,0.0728398
MDTUSDT,SELL,LIMIT,1701074130127,261,0.0727226
MDTUSDT,SELL,LIMIT,1701074132647,47565,0.0727066
MDTUSDT,SELL,LIMIT,1701074134070,5232,0.0726036
MDTUSDT,SELL,LIMIT,1701074135782,6653,0.0724739
MDTUSDT,SELL,LIMIT,1701074137774,91,0.0724611
MDTUSDT,SELL,LIMIT,1701074266875,4374,0.0723090
MDTUSDT,SELL,LIMIT,1701074301406,492,0.0721798
MDTUSDT,SELL,LIMIT,1701074321537,1628,0.0720898
MDTUSDT,SELL,LIMIT,1701074345881,1160,0.0720253
MDTUSDT,SELL,LIMIT,1701074349894,392,0.0719641
MDTUSDT,SELL,LIMIT,1701074360282,1321,0.0717459
MDTUSDT,SELL,LIMIT,1701074479655,1670,0.0717211
MDTUSDT,SELL,LIMIT,1701074496073,6801,0.0715980
MDTUSDT,SELL,LIMIT,1701074518723,44907,0.0714647
MDTUSDT,SELL,LIMIT,1701074537704,244,0.0713030
MDTUSDT,SELL,LIMIT,1701074597910,7405,0.0712792
MDTUSDT,BUY,LIMIT,1701076335170,420,0.0767267
MDTUSDT,BUY,LIMIT,1701077423960,2705,0.0773403
MDTUSDT,BUY,LIMIT,1701077443230,287,0.0773492
MDTUSDT,BUY,LIMIT,1701078265263,1374,0.0782253
MDTUSDT,BUY,LIMIT,1701078266299,16659,0.0782253
MDTUSDT,BUY,LIMIT,1701085856026,109,0.0781013
MDTUSDT,BUY,LIMIT,1701087326041,1342,0.0782087
MDTUSDT,SELL,LIMIT,1701088033748,262,0.0733383
MDTUSDT,SELL,LIMIT,1701088430686,640,0.0727656
MDTUSDT,SELL,LIMIT,1701088479121,572,0.0727956
MDTUSDT,SELL,LIMIT,1701088505065,5370,0.0725004
MDTUSDT,SELL,LIMIT,1701088506310,785,0.0725305
MDTUSDT,SELL,LIMIT,1701088509328,456,0.0723829
MDTUSDT,SELL,LIMIT,1701088513100,5747,0.0723504
MDTUSDT,SELL,LIMIT,1701088571128,2424,0.0722333
MDTUSDT,BUY,LIMIT,1701090888480,5699,0.0775801
MDTUSDT,BUY,LIMIT,1701090891006,2868,0.0779581
MDTUSDT,BUY,LIMIT,1701091502363,5467,0.0783570
MDTUSDT,BUY,LIMIT,1701091536719,630,0.0784501
MDTUSDT,BUY,LIMIT,1701093360948,2670,0.0786390
MDTUSDT,BUY,LIMIT,1701093363251,18979,0.0788245
MDTUSDT,BUY,LIMIT,1701093366915,5721,0.0788776
MDTUSDT,BUY,LIMIT,1701093369838,26705,0.0789437
MDTUSDT,BUY,LIMIT,1701093504198,65191,0.0786173
MDTUSDT,BUY,LIMIT,1701093604488,72,0.0790010
MDTUSDT,BUY,LIMIT,1701093712992,555,0.0791370
MDTUSDT,BUY,LIMIT,1701095515236,703,0.0783360
MDTUSDT,BUY,LIMIT,1701098030123,4000,0.0796324
MDTUSDT,BUY,LIMIT,1701098031198,2832,0.0795486
MDTUSDT,BUY,LIMIT,1701098032359,50298,0.0797953
MDTUSDT,BUY,LIMIT,1701099590918,65694,0.0800023
MDTUSDT,BUY,LIMIT,1701099592192,802,0.0800033
MDTUSDT,BUY,LIMIT,1701099596304,281,0.0800793
MDTUSDT,BUY,LIMIT,1701099598009,5224,0.0803294
MDTUSDT,SELL,LIMIT,1701100065255,1039,0.0768732
MDTUSDT,SELL,LIMIT,1701100070550,68,0.0764708
MDTUSDT,SELL,LIMIT,1701100330648,904,0.0771324
MDTUSDT,BUY,LIMIT,1701100494462,101,0.0803666
MDTUSDT,BUY,LIMIT,1701100495550,1390,0.0804776
MDTUSDT,BUY,LIMIT,1701100497073,260,0.0806410
MDTUSDT,BUY,LIMIT,1701100498213,70,0.0805972
MDTUSDT,BUY,LIMIT,1701100523814,66799,0.0795092
MDTUSDT,BUY,LIMIT,1701100529876,1959,0.0794473
MDTUSDT,BUY,LIMIT,1701100564138,77,0.0794997
MDTUSDT,BUY,LIMIT,1701100565290,1101,0.0790602
MDTUSDT,SELL,LIMIT,1701100570255,1587,0.0762299
MDTUSDT,BUY,LIMIT,1701100573013,9864,0.0790390
MDTUSDT,SELL,LIMIT,1701100574059,1032,0.0781974
MDTUSDT,BUY,LIMIT,1701101007690,228,0.0783003
MDTUSDT,SELL,LIMIT,1701101054834,701,0.0752960
MDTUSDT,SELL,LIMIT,1701101060143,2781,0.0754958
MDTUSDT,SELL,LIMIT,1701101078170,2130,0.0753737
MDTUSDT,SELL,LIMIT,1701101088772,4988,0.0751335
MDTUSDT,SELL,LIMIT,1701101150740,150,0.0745425
MDTUSDT,SELL,LIMIT,1701101153363,7169,0.0745336
MDTUSDT,SELL,LIMIT,1701101158613,3422,0.0743949
MDTUSDT,SELL,LIMIT,1701101836501,2568,0.0755912
MDTUSDT,SELL,LIMIT,1701102284782,2571,0.0752739
MDTUSDT,BUY,LIMIT,1701102583718,6000,0.0778833
MDTUSDT,SELL,LIMIT,1701102993704,1442,0.0743907
MDTUSDT,SELL,LIMIT,1701103015830,15360,0.0742658
MDTUSDT,SELL,LIMIT,1701103034070,10731,0.0741745
MDTUSDT,BUY,LIMIT,1701104733053,11936,0.0795055
MDTUSDT,BUY,LIMIT,1701104947048,51061,0.0795482
MDTUSDT,BUY,LIMIT,1701104950259,173,0.0796789
MDTUSDT,BUY,LIMIT,1701104999875,5658,0.0797297
MDTUSDT,BUY,LIMIT,1701105001802,459,0.0800505
MDTUSDT,SELL,LIMIT,1701105134689,1586,0.0774149
MDTUSDT,BUY,LIMIT,1701105337735,70,0.0801370
MDTUSDT,BUY,LIMIT,1701106100640,1116,0.0804431
MDTUSDT,BUY,LIMIT,1701106117118,1824,0.0805311
MDTUSDT,BUY,LIMIT,1701106119450,526,0.0806643
MDTUSDT,BUY,LIMIT,1701106129044,6817,0.0808651
MDTUSDT,BUY,LIMIT,1701106130182,5329,0.0807849
MDTUSDT,BUY,LIMIT,1701106142978,1310,0.0809466
MDTUSDT,BUY,LIMIT,1701106144137,23460,0.0809838
MDTUSDT,BUY,LIMIT,1701106145308,4312,0.0810071
MDTUSDT,BUY,LIMIT,1701106146676,210,0.0810234
MDTUSDT,BUY,LIMIT,1701106148046,248,0.0811234
MDTUSDT,BUY,LIMIT,1701106149118,8558,0.0812391
MDTUSDT,BUY,LIMIT,1701106161683,290,0.0815044
MDTUSDT,BUY,LIMIT,1701106162707,9574,0.0817477
MDTUSDT,BUY,LIMIT,1701106163755,1700,0.0820311
MDTUSDT,BUY,LIMIT,1701106165056,2181,0.0826245
MDTUSDT,BUY,LIMIT,1701106166115,25736,0.0821553
MDTUSDT,BUY,LIMIT,1701106167908,5026,0.0824478
MDTUSDT,BUY,LIMIT,1701106169059,2314,0.0827452
MDTUSDT,BUY,LIMIT,1701106301299,2467,0.0827254
MDTUSDT,SELL,LIMIT,1701108386334,617,0.0769168
MDTUSDT,BUY,LIMIT,1701111049975,189,0.0799620
MDTUSDT,BUY,LIMIT,1701111068831,64641,0.0799573
MDTUSDT,BUY,LIMIT,1701111191075,837,0.0801449
MDTUSDT,BUY,LIMIT,1701111193454,140646,0.0803632
MDTUSDT,BUY,LIMIT,1701111282428,1618,0.0799781
MDTUSDT,SELL,LIMIT,1701111285048,7786,0.0768139
MDTUSDT,BUY,LIMIT,1701111440358,23,0.0787345
MDTUSDT,BUY,LIMIT,1701111839563,153,0.0805559
MDTUSDT,BUY,LIMIT,1701112023430,37037,0.0804881
MDTUSDT,BUY,LIMIT,1701112329636,760,0.0782984
MDTUSDT,SELL,LIMIT,1701113427612,14402,0.0763989
MDTUSDT,SELL,LIMIT,1701113433565,511,0.0761707
MDTUSDT,SELL,LIMIT,1701113440644,1504,0.0760502
MDTUSDT,BUY,LIMIT,1701114341117,12575,0.0795090
MDTUSDT,BUY,LIMIT,1701114494123,28710,0.0793252
MDTUSDT,SELL,LIMIT,1701114571624,847,0.0761391
MDTUSDT,BUY,LIMIT,1701116683178,128,0.0787019
MDTUSDT,BUY,LIMIT,1701116696828,3948,0.0791520
MDTUSDT,SELL,LIMIT,1701116754681,5475,0.0757725
MDTUSDT,SELL,LIMIT,1701116761191,43548,0.0756908
MDTUSDT,SELL,LIMIT,1701116764579,174,0.0756547
MDTUSDT,SELL,LIMIT,1701116818171,976,0.0756198
MDTUSDT,SELL,LIMIT,1701116821519,1880,0.0755746
MDTUSDT,SELL,LIMIT,1701116828193,92,0.0755234
MDTUSDT,SELL,LIMIT,1701116831151,895,0.0754606
MDTUSDT,SELL,LIMIT,1701116832154,14703,0.0752380
MDTUSDT,SELL,LIMIT,1701116833406,48620,0.0751890
MDTUSDT,SELL,LIMIT,1701117203767,688,0.0749728
MDTUSDT,SELL,LIMIT,1701117206200,1267,0.0749079
MDTUSDT,SELL,LIMIT,1701117209129,242,0.0748507
MDTUSDT,SELL,LIMIT,1701117212400,492,0.0747965
MDTUSDT,SELL,LIMIT,1701117269931,1139,0.0752001
MDTUSDT,SELL,LIMIT,1701117348091,1725,0.0748088
MDTUSDT,SELL,LIMIT,1701117358439,13947,0.0747754
MDTUSDT,SELL,LIMIT,1701117564273,1210,0.0746952
MDTUSDT,SELL,LIMIT,1701117565314,2324,0.0747161
MDTUSDT,SELL,LIMIT,1701117581882,856,0.0745900
MDTUSDT,SELL,LIMIT,1701117653005,3113,0.0745130
MDTUSDT,SELL,LIMIT,1701117655118,3849,0.0744607
MDTUSDT,SELL,LIMIT,1701117656665,4843,0.0744081
MDTUSDT,SELL,LIMIT,1701117658879,11183,0.0743783
MDTUSDT,SELL,LIMIT,1701117817326,3196,0.0742739
MDTUSDT,SELL,LIMIT,1701117818847,2324,0.0742229
MDTUSDT,SELL,LIMIT,1701117903225,4092,0.0740289
MDTUSDT,SELL,LIMIT,1701117904270,5194,0.0740744
MDTUSDT,SELL,LIMIT,1701117907244,3039,0.0740191
MDTUSDT,SELL,LIMIT,1701117913504,37212,0.0739847
MDTUSDT,SELL,LIMIT,1701117996757,29743,0.0739606
MDTUSDT,SELL,LIMIT,1701117999365,7122,0.0739482
MDTUSDT,SELL,LIMIT,1701118008065,88,0.0739435
MDTUSDT,SELL,LIMIT,1701118024059,11584,0.0738035
MDTUSDT,SELL,LIMIT,1701118026394,3126,0.0735456
MDTUSDT,SELL,LIMIT,1701118061414,621,0.0735478
MDTUSDT,SELL,LIMIT,1701118063309,17171,0.0735370
MDTUSDT,SELL,LIMIT,1701118068532,27886,0.0734461
MDTUSDT,SELL,LIMIT,1701118246199,8630,0.0741235
MDTUSDT,BUY,LIMIT,1701118456099,167,0.0770568
MDTUSDT,BUY,LIMIT,1701120967311,6957,0.0785436
MDTUSDT,BUY,LIMIT,1701121019319,3912,0.0788308
MDTUSDT,BUY,LIMIT,1701121738757,131,0.0786531
MDTUSDT,BUY,LIMIT,1701121961417,9009,0.0793858
MDTUSDT,BUY,LIMIT,1701122066250,3199,0.0794840
MDTUSDT,BUY,LIMIT,1701122067377,374,0.0795826
MDTUSDT,BUY,LIMIT,1701122100486,1408,0.0797159
MDTUSDT,BUY,LIMIT,1701122101741,1314,0.0800138
MDTUSDT,BUY,LIMIT,1701123167358,12441,0.0790180
MDTUSDT,BUY,LIMIT,1701124765384,2220,0.0784556
MDTUSDT,SELL,LIMIT,1701127053877,66,0.0762147
MDTUSDT,SELL,LIMIT,1701127478864,100,0.1046112
MDTUSDT,BUY,LIMIT,1701128299133,11852,0.0801733
MDTUSDT,BUY,LIMIT,1701128301613,10798,0.0803099
MDTUSDT,BUY,LIMIT,1701128881572,3808,0.0805029
MDTUSDT,BUY,LIMIT,1701129122467,22918,0.0805581
MDTUSDT,BUY,LIMIT,1701129790562,29846,0.0808818
MDTUSDT,BUY,LIMIT,1701129793251,3251,0.0809065
MDTUSDT,BUY,LIMIT,1701129804268,3183,0.0809106
MDTUSDT,BUY,LIMIT,1701129809562,4795,0.0809771
MDTUSDT,BUY,LIMIT,1701129815039,3869,0.0813443
MDTUSDT,BUY,LIMIT,1701129816121,201,0.0815089
MDTUSDT,BUY,LIMIT,1701129817381,4431,0.0816967
MDTUSDT,BUY,LIMIT,1701129819103,2522,0.0817380
MDTUSDT,BUY,LIMIT,1701129832150,1689,0.0819106
MDTUSDT,BUY,LIMIT,1701129834530,6626,0.0819606
MDTUSDT,BUY,LIMIT,1701129836601,860,0.0820711
MDTUSDT,BUY,LIMIT,1701129838704,2229,0.0820899
MDTUSDT,BUY,LIMIT,1701129843708,131,0.0821865
MDTUSDT,BUY,LIMIT,1701129880276,4024,0.0817710
MDTUSDT,SELL,LIMIT,1701129916244,9723,0.0789334
MDTUSDT,BUY,LIMIT,1701130080139,2699,0.0824385
MDTUSDT,BUY,LIMIT,1701131330969,3200,0.0820250
MDTUSDT,BUY,LIMIT,1701132072038,1075,0.0828433
MDTUSDT,BUY,LIMIT,1701132073049,2113,0.0826700
MDTUSDT,BUY,LIMIT,1701132074051,104,0.0829483
MDTUSDT,BUY,LIMIT,1701132075077,2531,0.0830160
MDTUSDT,BUY,LIMIT,1701132462098,233,0.0831568
MDTUSDT,BUY,LIMIT,1701132463199,948,0.0832451
MDTUSDT,BUY,LIMIT,1701132465332,239,0.0834812
MDTUSDT,BUY,LIMIT,1701132908199,92,0.0835168
MDTUSDT,BUY,LIMIT,1701132910063,7250,0.0836258
MDTUSDT,BUY,LIMIT,1701132911053,2126,0.0838037
MDTUSDT,BUY,LIMIT,1701132912070,1293,0.0838216
MDTUSDT,BUY,LIMIT,1701132913084,2501,0.0839314
MDTUSDT,BUY,LIMIT,1701132920142,8291,0.0842033
MDTUSDT,BUY,LIMIT,1701132921297,66,0.0841983
MDTUSDT,BUY,LIMIT,1701132922429,337,0.0842409
MDTUSDT,BUY,LIMIT,1701132924038,4241,0.0843068
MDTUSDT,BUY,LIMIT,1701132925092,2000,0.0843516
MDTUSDT,BUY,LIMIT,1701132926181,1810,0.0845511
MDTUSDT,BUY,LIMIT,1701132927206,3095,0.0846674
MDTUSDT,BUY,LIMIT,1701132928209,16872,0.0847576
MDTUSDT,BUY,LIMIT,1701132929235,15000,0.0849986
MDTUSDT,BUY,LIMIT,1701132930274,1075,0.0850681
MDTUSDT,BUY,LIMIT,1701132931359,1319,0.0852452
MDTUSDT,SELL,LIMIT,1701134271797,6186,0.0790330
MDTUSDT,SELL,LIMIT,1701134296162,1450,0.0786642
MDTUSDT,SELL,LIMIT,1701134297314,352,0.0787380
MDTUSDT,SELL,LIMIT,1701135168014,2000,0.0785469
MDTUSDT,SELL,LIMIT,1701135172636,40040,0.0782499
MDTUSDT,SELL,LIMIT,1701135174429,1208,0.0781771
MDTUSDT,SELL,LIMIT,1701135176184,209,0.0781489
MDTUSDT,SELL,LIMIT,1701135181542,708,0.0780496
MDTUSDT,BUY,LIMIT,1701135682279,9143,0.0813163
MDTUSDT,SELL,LIMIT,1701136985606,650,0.0779165
MDTUSDT,SELL,LIMIT,1701137077183,6884,0.0774602
MDTUSDT,SELL,LIMIT,1701137079889,969,0.0773822
MDTUSDT,SELL,LIMIT,1701137133267,3923,0.0773714
MDTUSDT,SELL,LIMIT,1701137155717,498,0.0772953
MDTUSDT,SELL,LIMIT,1701137622900,5581,0.0772035
MDTUSDT,SELL,LIMIT,1701137625173,496,0.0770529
MDTUSDT,SELL,LIMIT,1701137651220,3087,0.0769312
MDTUSDT,SELL,LIMIT,1701137664293,895,0.0768521
MDTUSDT,SELL,LIMIT,1701137698407,367,0.0767601
MDTUSDT,SELL,LIMIT,1701137702143,1316,0.0766808
MDTUSDT,SELL,LIMIT,1701138495114,607,0.0785955
MDTUSDT,BUY,LIMIT,1701138498417,4782,0.0821493
MDTUSDT,BUY,LIMIT,1701139179689,20775,0.0824002
MDTUSDT,BUY,LIMIT,1701139400258,2201,0.0825955
MDTUSDT,BUY,LIMIT,1701139707124,3751,0.0828752
MDTUSDT,BUY,LIMIT,1701139711169,90,0.0829524
MDTUSDT,BUY,LIMIT,1701139724623,140,0.0830359
MDTUSDT,SELL,LIMIT,1701142553201,94,0.0767861
MDTUSDT,SELL,LIMIT,1701145469249,118,0.0779776
MDTUSDT,SELL,LIMIT,1701145992403,505,0.0766283
MDTUSDT,SELL,LIMIT,1701146007093,236,0.0765103
MDTUSDT,SELL,LIMIT,1701146009228,247,0.0764377
MDTUSDT,SELL,LIMIT,1701146010234,610,0.0763728
MDTUSDT,BUY,LIMIT,1701146073207,9031,0.0818708
MDTUSDT,BUY,LIMIT,1701146074436,2952,0.0819261
MDTUSDT,BUY,LIMIT,1701146076478,8748,0.0820491
MDTUSDT,BUY,LIMIT,1701146087390,7802,0.0821879
MDTUSDT,BUY,LIMIT,1701146136046,119,0.0825349
MDTUSDT,BUY,LIMIT,1701146140382,100,0.0826481
MDTUSDT,BUY,LIMIT,1701146152074,6927,0.0827760
MDTUSDT,BUY,LIMIT,1701146157033,800,0.0829314
MDTUSDT,BUY,LIMIT,1701146161266,56310,0.0830432
MDTUSDT,BUY,LIMIT,1701147892895,3044,0.0821198
MDTUSDT,SELL,LIMIT,1701147925981,74,0.0787823
MDTUSDT,BUY,LIMIT,1701148432289,3006,0.0827704
MDTUSDT,BUY,LIMIT,1701148846984,2258,0.0827361
MDTUSDT,BUY,LIMIT,1701149138396,4839,0.0823241
MDTUSDT,BUY,LIMIT,1701149582663,20661,0.0831428
MDTUSDT,BUY,LIMIT,1701149583804,127,0.0832181
MDTUSDT,SELL,LIMIT,1701149901002,12138,0.0786470
MDTUSDT,SELL,LIMIT,1701151263536,13176,0.0780027
MDTUSDT,SELL,LIMIT,1701153167076,4123,0.0773866
MDTUSDT,SELL,LIMIT,1701153169294,2979,0.0773633
MDTUSDT,SELL,LIMIT,1701153187421,34031,0.0773097
MDTUSDT,SELL,LIMIT,1701153189137,1287,0.0771541
MDTUSDT,SELL,LIMIT,1701153190364,2631,0.0771203
MDTUSDT,SELL,LIMIT,1701153213078,3790,0.0770929
MDTUSDT,SELL,LIMIT,1701153215525,432,0.0769791
MDTUSDT,SELL,LIMIT,1701153238586,8712,0.0770063
MDTUSDT,SELL,LIMIT,1701153250824,2505,0.0769490
MDTUSDT,SELL,LIMIT,1701153253293,1066,0.0767705
MDTUSDT,SELL,LIMIT,1701153257053,9730,0.0766221
MDTUSDT,BUY,LIMIT,1701154881009,9762,0.0821696
MDTUSDT,SELL,LIMIT,1701155464435,23823,0.0790749
MDTUSDT,BUY,LIMIT,1701155534209,217,0.0825851
MDTUSDT,SELL,LIMIT,1701155624521,291,0.0790283
MDTUSDT,SELL,LIMIT,1701156864322,6,0.0786957
MDTUSDT,BUY,LIMIT,1701157401311,58636,0.0825511
MDTUSDT,BUY,LIMIT,1701157455022,277,0.0826691
MDTUSDT,BUY,LIMIT,1701157875148,833,0.0834894
MDTUSDT,BUY,LIMIT,1701157913208,1848,0.0835132
MDTUSDT,BUY,LIMIT,1701157914286,25125,0.0835640
MDTUSDT,BUY,LIMIT,1701157916273,476,0.0835955
MDTUSDT,BUY,LIMIT,1701157921355,21000,0.0836432
MDTUSDT,BUY,LIMIT,1701157992961,1734,0.0836766
MDTUSDT,BUY,LIMIT,1701157994367,1837,0.0837152
MDTUSDT,BUY,LIMIT,1701157995512,1039,0.0837843
MDTUSDT,BUY,LIMIT,1701157998243,11709,0.0837920
MDTUSDT,BUY,LIMIT,1701158000434,26297,0.0838042
MDTUSDT,BUY,LIMIT,1701158002945,1583,0.0839036
MDTUSDT,BUY,LIMIT,1701158005889,906,0.0839604
MDTUSDT,BUY,LIMIT,1701158009424,21839,0.0840896
MDTUSDT,BUY,LIMIT,1701158013107,504,0.0841470
MDTUSDT,BUY,LIMIT,1701158015058,1188,0.0841662
MDTUSDT,BUY,LIMIT,1701158471161,1233,0.0842318
MDTUSDT,BUY,LIMIT,1701158472208,1000,0.0842090
MDTUSDT,BUY,LIMIT,1701158473229,25475,0.0843198
MDTUSDT,BUY,LIMIT,1701162975103,400,0.0844019
MDTUSDT,BUY,LIMIT,1701162976376,2521,0.0844264
MDTUSDT,BUY,LIMIT,1701162977632,39933,0.0844974
MDTUSDT,BUY,LIMIT,1701162983693,252,0.0845195
MDTUSDT,BUY,LIMIT,1701163003802,5032,0.0845876
MDTUSDT,BUY,LIMIT,1701163005142,6240,0.0848464
MDTUSDT,BUY,LIMIT,1701163006439,1598,0.0847903
MDTUSDT,BUY,LIMIT,1701163094039,1441,0.0849773
MDTUSDT,BUY,LIMIT,1701163095120,61712,0.0850422
MDTUSDT,BUY,LIMIT,1701163096226,12804,0.0850489
MDTUSDT,BUY,LIMIT,1701163099346,827,0.0851602
MDTUSDT,BUY,LIMIT,1701163102990,823,0.0852827
MDTUSDT,BUY,LIMIT,1701163105238,5198,0.0853208
MDTUSDT,BUY,LIMIT,1701163106448,452,0.0853387
MDTUSDT,BUY,LIMIT,1701163512126,71,0.0853800
MDTUSDT,BUY,LIMIT,1701163515871,805,0.0854331
MDTUSDT,BUY,LIMIT,1701163783207,1915,0.0855322
MDTUSDT,BUY,LIMIT,1701163784211,94,0.0855657
MDTUSDT,BUY,LIMIT,1701163786104,1168,0.0858010
MDTUSDT,BUY,LIMIT,1701163787151,62069,0.0859655
MDTUSDT,BUY,LIMIT,1701163788320,29424,0.0859519
MDTUSDT,BUY,LIMIT,1701163813071,323,0.0859949
MDTUSDT,BUY,LIMIT,1701163814141,9597,0.0860757
MDTUSDT,BUY,LIMIT,1701163815197,1701,0.0861512
MDTUSDT,BUY,LIMIT,1701163816593,4692,0.0862307
MDTUSDT,BUY,LIMIT,1701163817948,2578,0.0862750
MDTUSDT,BUY,LIMIT,1701163827000,2840,0.0863318
MDTUSDT,BUY,LIMIT,1701163830331,23718,0.0863871
MDTUSDT,BUY,LIMIT,1701163831606,959,0.0864317
MDTUSDT,BUY,LIMIT,1701163838267,571,0.0864679
MDTUSDT,BUY,LIMIT,1701163841051,260,0.0865715
MDTUSDT,BUY,LIMIT,1701163842185,20604,0.0865209
MDTUSDT,BUY,LIMIT,1701163843772,125,0.0865741
MDTUSDT,BUY,LIMIT,1701163931252,9891,0.0866043
MDTUSDT,BUY,LIMIT,1701163946051,318,0.0866260
MDTUSDT,BUY,LIMIT,1701163950056,6207,0.0866858
MDTUSDT,BUY,LIMIT,1701163951076,397,0.0871732
MDTUSDT,BUY,LIMIT,1701163952112,604,0.0871600
MDTUSDT,BUY,LIMIT,1701164176204,130106,0.0874743
MDTUSDT,BUY,LIMIT,1701164179049,114,0.0873779
MDTUSDT,BUY,LIMIT,1701164180291,1328,0.0873505
MDTUSDT,BUY,LIMIT,1701164182241,161,0.0875372
MDTUSDT,BUY,LIMIT,1701164186194,16247,0.0875340
MDTUSDT,BUY,LIMIT,1701164344025,320,0.0870996
MDTUSDT,BUY,LIMIT,1701164387786,35054,0.0874363
MDTUSDT,BUY,LIMIT,1701164391804,2257,0.0875570
MDTUSDT,BUY,LIMIT,1701164392866,1040,0.0877750
MDTUSDT,BUY,LIMIT,1701164394151,67,0.0879384
MDTUSDT,BUY,LIMIT,1701164395167,11090,0.0882031
MDTUSDT,BUY,LIMIT,1701164396217,12802,0.0882078
MDTUSDT,BUY,LIMIT,1701164398975,3479,0.0882109
MDTUSDT,BUY,LIMIT,1701165176265,1754,0.0883050
MDTUSDT,BUY,LIMIT,1701165177353,1063,0.0882756
MDTUSDT,BUY,LIMIT,1701165178520,15679,0.0886169
MDTUSDT,BUY,LIMIT,1701165180106,1403,0.0887082
MDTUSDT,BUY,LIMIT,1701165181141,1916,0.0886968
MDTUSDT,BUY,LIMIT,1701165182175,81,0.0888185
MDTUSDT,BUY,LIMIT,1701165183591,456,0.0890210
MDTUSDT,BUY,LIMIT,1701165184757,431,0.0891419
MDTUSDT,BUY,LIMIT,1701165185817,2597,0.0892285
MDTUSDT,BUY,LIMIT,1701165188779,1159,0.0892540
MDTUSDT,BUY,LIMIT,1701165189839,393,0.0895133
MDTUSDT,BUY,LIMIT,1701165191048,31792,0.0896430
MDTUSDT,BUY,LIMIT,1701165193163,6266,0.0898196
MDTUSDT,BUY,LIMIT,1701165194183,7778,0.0897009
MDTUSDT,BUY,LIMIT,1701165195268,500,0.0898278
MDTUSDT,BUY,LIMIT,1701165196318,1522,0.0899363
MDTUSDT,BUY,LIMIT,1701165201587,2274,0.0899610
MDTUSDT,BUY,LIMIT,1701166330484,113,0.0887155
MDTUSDT,BUY,LIMIT,1701167578698,5424,0.0881549
MDTUSDT,BUY,LIMIT,1701167673109,2326,0.0881913
MDTUSDT,BUY,LIMIT,1701168046186,39632,0.0900704
MDTUSDT,BUY,LIMIT,1701168047259,516,0.0901426
MDTUSDT,BUY,LIMIT,1701168055054,2311,0.0902832
MDTUSDT,BUY,LIMIT,1701168056117,5663,0.0901910
MDTUSDT,BUY,LIMIT,1701168057178,4602,0.0903780
MDTUSDT,BUY,LIMIT,1701168058185,4622,0.0907843
MDTUSDT,BUY,LIMIT,1701168059822,4392,0.0908946
MDTUSDT,BUY,LIMIT,1701168385737,16912,0.0908065
MDTUSDT,BUY,LIMIT,1701168387291,2887,0.0909134
MDTUSDT,BUY,LIMIT,1701168389447,133,0.0909158
MDTUSDT,BUY,LIMIT,1701168390777,479,0.0909699
MDTUSDT,BUY,LIMIT,1701168392073,53454,0.0911085
MDTUSDT,BUY,LIMIT,1701168393155,1280,0.0910634
MDTUSDT,BUY,LIMIT,1701168397170,207,0.0912403
MDTUSDT,BUY,LIMIT,1701168398405,267,0.0912531
MDTUSDT,BUY,LIMIT,1701169215045,2298,0.0914210
MDTUSDT,BUY,LIMIT,1701169216071,1713,0.0914125
MDTUSDT,BUY,LIMIT,1701169217296,702,0.0915087
MDTUSDT,BUY,LIMIT,1701170172440,57295,0.0912150
MDTUSDT,BUY,LIMIT,1701170511724,777,0.0915348
MDTUSDT,BUY,LIMIT,1701170514540,4589,0.0915661
MDTUSDT,BUY,LIMIT,1701170517101,11395,0.0918032
MDTUSDT,BUY,LIMIT,1701170518103,1141,0.0919624
MDTUSDT,BUY,LIMIT,1701170519152,320,0.0919264
MDTUSDT,BUY,LIMIT,1701170520413,50761,0.0919924
MDTUSDT,BUY,LIMIT,1701170528047,232,0.0922031
MDTUSDT,BUY,LIMIT,1701170529085,5219,0.0921886
MDTUSDT,BUY,LIMIT,1701170530910,3157,0.0924147
MDTUSDT,BUY,LIMIT,1701170718658,222,0.0916263
MDTUSDT,BUY,LIMIT,1701170728167,11775,0.0918756
MDTUSDT,BUY,LIMIT,1701170784182,3889,0.0918101
MDTUSDT,BUY,LIMIT,1701170836014,3856,0.0924120
MDTUSDT,BUY,LIMIT,1701171021104,29507,0.0920608
MDTUSDT,BUY,LIMIT,1701171028538,15489,0.0924401
MDTUSDT,BUY,LIMIT,1701171030914,3098,0.0924663
MDTUSDT,BUY,LIMIT,1701171035076,4540,0.0924752
MDTUSDT,BUY,LIMIT,1701171045098,5689,0.0925147
MDTUSDT,BUY,LIMIT,1701171049429,578,0.0925295
MDTUSDT,BUY,LIMIT,1701171052401,948,0.0925370
MDTUSDT,BUY,LIMIT,1701171053635,5565,0.0925602
MDTUSDT,BUY,LIMIT,1701171059256,90,0.0925977
MDTUSDT,BUY,LIMIT,1701171060390,4743,0.0925953
MDTUSDT,BUY,LIMIT,1701171061426,2940,0.0926732
MDTUSDT,BUY,LIMIT,1701171062650,1661,0.0927980
MDTUSDT,BUY,LIMIT,1701171946109,1000,0.0928805
MDTUSDT,BUY,LIMIT,1701171947111,230,0.0934457
MDTUSDT,BUY,LIMIT,1701171948118,749,0.0930984
MDTUSDT,BUY,LIMIT,1701171949166,3045,0.0937010
MDTUSDT,BUY,LIMIT,1701171950188,3176,0.0937604
MDTUSDT,BUY,LIMIT,1701171976301,6164,0.0931361
MDTUSDT,BUY,LIMIT,1701172006105,37836,0.0938705
MDTUSDT,BUY,LIMIT,1701172011238,32059,0.0938842
MDTUSDT,BUY,LIMIT,1701172012450,260,0.0939297
MDTUSDT,BUY,LIMIT,1701172014114,23534,0.0939976
MDTUSDT,BUY,LIMIT,1701172015416,13850,0.0939939
MDTUSDT,BUY,LIMIT,1701172016442,3240,0.0940835
MDTUSDT,BUY,LIMIT,1701172017447,776,0.0942898
MDTUSDT,BUY,LIMIT,1701172018451,10607,0.0942557
MDTUSDT,BUY,LIMIT,1701172019475,632,0.0944820
MDTUSDT,BUY,LIMIT,1701172021059,3768,0.0945802
MDTUSDT,SELL,LIMIT,1701172730878,810,0.0880005
MDTUSDT,SELL,LIMIT,1701172753027,2846,0.0878460
MDTUSDT,SELL,LIMIT,1701172758286,760,0.0877428
MDTUSDT,SELL,LIMIT,1701172765245,982,0.0875762
MDTUSDT,SELL,LIMIT,1701172768049,140,0.0872893
MDTUSDT,SELL,LIMIT,1701172769217,3292,0.0873217
MDTUSDT,SELL,LIMIT,1701172770481,1313,0.0872550
MDTUSDT,SELL,LIMIT,1701172771998,559,0.0872349
MDTUSDT,SELL,LIMIT,1701172781119,54484,0.0872000
MDTUSDT,SELL,LIMIT,1701172782231,378,0.0871420
MDTUSDT,SELL,LIMIT,1701172784530,3370,0.0869422
MDTUSDT,SELL,LIMIT,1701172785678,1445,0.0867629
MDTUSDT,SELL,LIMIT,1701172813890,2933,0.0866583
MDTUSDT,SELL,LIMIT,1701172816760,4391,0.0864887
MDTUSDT,SELL,LIMIT,1701172819585,2295,0.0862685
MDTUSDT,SELL,LIMIT,1701172821597,186,0.0861814
MDTUSDT,SELL,LIMIT,1701172870218,6274,0.0859745
MDTUSDT,SELL,LIMIT,1701172871834,3245,0.0858147
MDTUSDT,SELL,LIMIT,1701172876132,269,0.0856927
MDTUSDT,SELL,LIMIT,1701172877304,16422,0.0856993
MDTUSDT,SELL,LIMIT,1701172882947,15375,0.0856606
MDTUSDT,SELL,LIMIT,1701172884097,1725,0.0856417
MDTUSDT,SELL,LIMIT,1701172891225,890,0.0855271
MDTUSDT,SELL,LIMIT,1701172892336,8016,0.0855181
MDTUSDT,SELL,LIMIT,1701172893410,5556,0.0855180
MDTUSDT,SELL,LIMIT,1701172895162,1254,0.0851867
MDTUSDT,SELL,LIMIT,1701172896285,8287,0.0850514
MDTUSDT,SELL,LIMIT,1701172935918,111,0.0849675
MDTUSDT,SELL,LIMIT,1701172937223,9203,0.0849083
MDTUSDT,SELL,LIMIT,1701172943047,704,0.0848435
MDTUSDT,SELL,LIMIT,1701172944133,4311,0.0848243
MDTUSDT,SELL,LIMIT,1701172945170,4644,0.0845679
MDTUSDT,SELL,LIMIT,1701172946312,12987,0.0844484
MDTUSDT,SELL,LIMIT,1701172994375,4842,0.0847552
MDTUSDT,SELL,LIMIT,1701173003061,3115,0.0843949
MDTUSDT,SELL,LIMIT,1701173005114,451,0.0842467
MDTUSDT,BUY,LIMIT,1701173332078,18604,0.0902558
MDTUSDT,BUY,LIMIT,1701173333381,6703,0.0902876
MDTUSDT,BUY,LIMIT,1701173650366,2064,0.0904986
MDTUSDT,BUY,LIMIT,1701173651473,142,0.0904670
MDTUSDT,BUY,LIMIT,1701173656714,11599,0.0905242
MDTUSDT,BUY,LIMIT,1701173657782,40933,0.0907919
MDTUSDT,BUY,LIMIT,1701173659013,958,0.0908956
MDTUSDT,BUY,LIMIT,1701173676640,17272,0.0911950
MDTUSDT,BUY,LIMIT,1701173713754,3485,0.0913246
MDTUSDT,BUY,LIMIT,1701173714844,757,0.0914312
MDTUSDT,BUY,LIMIT,1701173724314,7243,0.0915193
MDTUSDT,BUY,LIMIT,1701173730734,60,0.0916003
MDTUSDT,BUY,LIMIT,1701173734700,22039,0.0916686
MDTUSDT,BUY,LIMIT,1701173735828,171,0.0917330
MDTUSDT,BUY,LIMIT,1701173841210,1759,0.0918158
MDTUSDT,BUY,LIMIT,1701174074335,578,0.0920849
MDTUSDT,SELL,LIMIT,1701175340870,71,0.0856264
MDTUSDT,SELL,LIMIT,1701175354618,713,0.0855658
MDTUSDT,SELL,LIMIT,1701176524978,478,0.0852411
MDTUSDT,SELL,LIMIT,1701176527043,2260,0.0849648
MDTUSDT,SELL,LIMIT,1701176532327,1172,0.0847297
MDTUSDT,SELL,LIMIT,1701176536964,3624,0.0846888
MDTUSDT,SELL,LIMIT,1701176541080,18967,0.0845147
MDTUSDT,SELL,LIMIT,1701176542459,10298,0.0843807
MDTUSDT,SELL,LIMIT,1701176560142,1168,0.0841669
MDTUSDT,SELL,LIMIT,1701176564131,9624,0.0840949
MDTUSDT,SELL,LIMIT,1701177175497,2108,0.0840596
MDTUSDT,SELL,LIMIT,1701177192941,2653,0.0840168
MDTUSDT,SELL,LIMIT,1701177522245,43669,0.0840164
MDTUSDT,SELL,LIMIT,1701177523610,58,0.0839500
MDTUSDT,SELL,LIMIT,1701177526471,1781,0.0837244
MDTUSDT,SELL,LIMIT,1701177551202,2213,0.0836450
MDTUSDT,SELL,LIMIT,1701177552992,11178,0.0836157
MDTUSDT,SELL,LIMIT,1701178279925,5087,0.0850139
MDTUSDT,SELL,LIMIT,1701178400386,148,0.0845732
MDTUSDT,BUY,LIMIT,1701178460754,151,0.0871650
MDTUSDT,BUY,LIMIT,1701179990685,11586,0.0897524
MDTUSDT,BUY,LIMIT,1701179993344,23419,0.0898984
MDTUSDT,BUY,LIMIT,1701179995951,581,0.0901742
MDTUSDT,BUY,LIMIT,1701179997449,1461,0.0902788
MDTUSDT,BUY,LIMIT,1701179998501,189,0.0903824
MDTUSDT,BUY,LIMIT,1701180000979,4883,0.0904726
MDTUSDT,BUY,LIMIT,1701180001988,1344,0.0906033
MDTUSDT,BUY,LIMIT,1701180003012,39492,0.0909239
MDTUSDT,BUY,LIMIT,1701180012332,506,0.0912026
MDTUSDT,BUY,LIMIT,1701180016329,7508,0.0912402
MDTUSDT,BUY,LIMIT,1701180018249,1038,0.0913942
MDTUSDT,BUY,LIMIT,1701180020136,20453,0.0915164
MDTUSDT,BUY,LIMIT,1701180028279,4452,0.0916000
MDTUSDT,BUY,LIMIT,1701180030329,141,0.0916612
MDTUSDT,BUY,LIMIT,1701180031425,139,0.0916655
MDTUSDT,BUY,LIMIT,1701180032491,598,0.0917698
MDTUSDT,BUY,LIMIT,1701180034106,40000,0.0919234
MDTUSDT,BUY,LIMIT,1701180035177,292,0.0921012
MDTUSDT,BUY,LIMIT,1701180036219,7051,0.0921409
MDTUSDT,BUY,LIMIT,1701180039046,227,0.0922924
MDTUSDT,BUY,LIMIT,1701180040082,50873,0.0923824
MDTUSDT,BUY,LIMIT,1701180041484,33371,0.0924403
MDTUSDT,BUY,LIMIT,1701180046072,123,0.0927101
MDTUSDT,BUY,LIMIT,1701180047134,14905,0.0927020
MDTUSDT,BUY,LIMIT,1701180048137,13506,0.0928758
MDTUSDT,BUY,LIMIT,1701180062685,7843,0.0929135
MDTUSDT,BUY,LIMIT,1701180065270,2000,0.0930521
MDTUSDT,BUY,LIMIT,1701180068300,28998,0.0931154
MDTUSDT,BUY,LIMIT,1701181717552,5000,0.0912781
MDTUSDT,BUY,LIMIT,1701181726578,177,0.0908325
MDTUSDT,BUY,LIMIT,1701181769203,669,0.0916103
MDTUSDT,BUY,LIMIT,1701182115007,18144,0.0931122
MDTUSDT,BUY,LIMIT,1701182123697,4598,0.0932860
MDTUSDT,BUY,LIMIT,1701182125165,1162,0.0933467
MDTUSDT,BUY,LIMIT,1701182126171,1066,0.0934324
MDTUSDT,BUY,LIMIT,1701182128640,1169,0.0936009
MDTUSDT,BUY,LIMIT,1701182130804,3022,0.0936053
MDTUSDT,BUY,LIMIT,1701184901668,349,0.0925751
MDTUSDT,BUY,LIMIT,1701185244606,6417,0.0930028
MDTUSDT,BUY,LIMIT,1701186178152,6329,0.0915003
MDTUSDT,BUY,LIMIT,1701187047246,216,0.0909363
MDTUSDT,BUY,LIMIT,1701187106440,12078,0.0914633
MDTUSDT,BUY,LIMIT,1701187210765,281,0.0900805
MDTUSDT,SELL,LIMIT,1701187218198,2298,0.0880958
MDTUSDT,BUY,LIMIT,1701187257383,210,0.0912288
MDTUSDT,BUY,LIMIT,1701187271401,22411,0.0914693
MDTUSDT,BUY,LIMIT,1701187304558,5543,0.0915532
MDTUSDT,SELL,LIMIT,1701187371191,4570,0.0887354
MDTUSDT,BUY,LIMIT,1701187407025,1285,0.0925744
MDTUSDT,BUY,LIMIT,1701187474268,2000,0.0924151
MDTUSDT,BUY,LIMIT,1701187681879,56024,0.0929640
MDTUSDT,BUY,LIMIT,1701187726191,29162,0.0932344
MDTUSDT,BUY,LIMIT,1701188633790,72,0.0916992
MDTUSDT,BUY,LIMIT,1701189038692,113,0.0927467
MDTUSDT,BUY,LIMIT,1701189091219,2588,0.0931762
MDTUSDT,BUY,LIMIT,1701189498364,20716,0.0925483
MDTUSDT,BUY,LIMIT,1701189678521,1954,0.0937052
MDTUSDT,BUY,LIMIT,1701189679532,8485,0.0937658
MDTUSDT,BUY,LIMIT,1701189681552,5395,0.0938845
MDTUSDT,BUY,LIMIT,1701189682709,22335,0.0939789
MDTUSDT,BUY,LIMIT,1701189683869,14004,0.0940344
MDTUSDT,BUY,LIMIT,1701189841573,7656,0.0915422
MDTUSDT,BUY,LIMIT,1701189847625,179,0.0936822
MDTUSDT,BUY,LIMIT,1701189916818,22736,0.0938810
MDTUSDT,BUY,LIMIT,1701189920428,2395,0.0941317
MDTUSDT,BUY,LIMIT,1701189924532,24785,0.0941052
MDTUSDT,BUY,LIMIT,1701189977084,21200,0.0936360
MDTUSDT,BUY,LIMIT,1701189997252,8432,0.0935979
MDTUSDT,BUY,LIMIT,1701190006391,10509,0.0936086
MDTUSDT,BUY,LIMIT,1701190018499,7558,0.0935985
MDTUSDT,BUY,LIMIT,1701190146298,56485,0.0931829
MDTUSDT,BUY,LIMIT,1701190172255,22464,0.0933597
MDTUSDT,BUY,LIMIT,1701190179477,42234,0.0935073
MDTUSDT,BUY,LIMIT,1701190199074,111,0.0933704
MDTUSDT,BUY,LIMIT,1701190209915,23229,0.0938738
MDTUSDT,BUY,LIMIT,1701190216776,183,0.0942837
MDTUSDT,BUY,LIMIT,1701190218952,1874,0.0943014
MDTUSDT,BUY,LIMIT,1701190220197,555,0.0944962
MDTUSDT,BUY,LIMIT,1701190221214,2132,0.0943636
MDTUSDT,BUY,LIMIT,1701190222973,513,0.0945783
MDTUSDT,BUY,LIMIT,1701190340274,199,0.0944723
MDTUSDT,BUY,LIMIT,1701190352567,2527,0.0946359
MDTUSDT,BUY,LIMIT,1701190354276,400,0.0947172
MDTUSDT,BUY,LIMIT,1701190355280,190,0.0946988
MDTUSDT,BUY,LIMIT,1701190356722,912,0.0947842
MDTUSDT,BUY,LIMIT,1701190359633,3330,0.0947976
MDTUSDT,BUY,LIMIT,1701190361239,879,0.0948771
MDTUSDT,BUY,LIMIT,1701190452304,775,0.0939259
MDTUSDT,SELL,LIMIT,1701191119285,1403,0.0900436
MDTUSDT,SELL,LIMIT,1701191194856,166,0.0892247
MDTUSDT,BUY,LIMIT,1701191999456,7359,0.0935376
MDTUSDT,BUY,LIMIT,1701192076591,13445,0.0939351
MDTUSDT,BUY,LIMIT,1701192088587,63147,0.0942879
MDTUSDT,BUY,LIMIT,1701192281407,287,0.0940235
MDTUSDT,BUY,LIMIT,1701192627734,3000,0.0941369
MDTUSDT,BUY,LIMIT,1701192640597,1130,0.0945272
MDTUSDT,BUY,LIMIT,1701192641946,14937,0.0947020
MDTUSDT,BUY,LIMIT,1701194218993,4646,0.0945437
MDTUSDT,SELL,LIMIT,1701194645355,671,0.0903504
MDTUSDT,BUY,LIMIT,1701195283174,887,0.0950436
MDTUSDT,BUY,LIMIT,1701195284184,1216,0.0951429
MDTUSDT,BUY,LIMIT,1701195285634,110,0.0952298
MDTUSDT,BUY,LIMIT,1701195287048,499,0.0952553
MDTUSDT,BUY,LIMIT,1701195288173,1407,0.0953259
MDTUSDT,BUY,LIMIT,1701195306332,422,0.0953717
MDTUSDT,BUY,LIMIT,1701195307632,1624,0.0953890
MDTUSDT,BUY,LIMIT,1701195309112,666,0.0955127
MDTUSDT,BUY,LIMIT,1701195310241,1066,0.0955237
MDTUSDT,BUY,LIMIT,1701195311334,2802,0.0955318
MDTUSDT,BUY,LIMIT,1701195312400,1066,0.0955457
MDTUSDT,BUY,LIMIT,1701195328154,53339,0.0955717
MDTUSDT,BUY,LIMIT,1701195329291,211,0.0955460
MDTUSDT,BUY,LIMIT,1701195341207,34168,0.0956405
MDTUSDT,BUY,LIMIT,1701195342470,66,0.0957001
MDTUSDT,BUY,LIMIT,1701195343680,616,0.0957750
MDTUSDT,BUY,LIMIT,1701195344761,4378,0.0958480
MDTUSDT,BUY,LIMIT,1701195346152,58227,0.0961245
MDTUSDT,BUY,LIMIT,1701195347204,344,0.0960267
MDTUSDT,BUY,LIMIT,1701195550794,26013,0.0954625
MDTUSDT,BUY,LIMIT,1701195558332,462,0.0960556
MDTUSDT,BUY,LIMIT,1701195613374,126,0.0957534
MDTUSDT,BUY,LIMIT,1701195684267,21518,0.0959411
MDTUSDT,BUY,LIMIT,1701195719147,12539,0.0960754
MDTUSDT,BUY,LIMIT,1701195794161,2238,0.0961311
MDTUSDT,BUY,LIMIT,1701195795186,340,0.0961128
MDTUSDT,BUY,LIMIT,1701195801104,17,0.0962532
MDTUSDT,BUY,LIMIT,1701195803070,63,0.0962978
MDTUSDT,BUY,LIMIT,1701195804120,74,0.0962978
MDTUSDT,BUY,LIMIT,1701195807098,1422,0.0963535
MDTUSDT,BUY,LIMIT,1701195808123,64,0.0963330
MDTUSDT,BUY,LIMIT,1701195809232,423,0.0965950
MDTUSDT,BUY,LIMIT,1701195810261,2240,0.0964948
MDTUSDT,BUY,LIMIT,1701195811442,863,0.0966689
MDTUSDT,BUY,LIMIT,1701195852418,29506,0.0965884
MDTUSDT,BUY,LIMIT,1701195854826,2285,0.0967010
MDTUSDT,BUY,LIMIT,1701195856280,1121,0.0967762
MDTUSDT,BUY,LIMIT,1701195857292,400,0.0968545
MDTUSDT,BUY,LIMIT,1701195858390,119,0.0969532
MDTUSDT,BUY,LIMIT,1701195859405,21956,0.0969964
MDTUSDT,BUY,LIMIT,1701195860516,569,0.0970564
MDTUSDT,BUY,LIMIT,1701195971902,1182,0.0962573
MDTUSDT,BUY,LIMIT,1701195977681,10074,0.0961608
MDTUSDT,BUY,LIMIT,1701196034296,23017,0.0963058
MDTUSDT,BUY,LIMIT,1701196210062,701,0.0972317
MDTUSDT,BUY,LIMIT,1701196211154,1708,0.0971543
MDTUSDT,BUY,LIMIT,1701196212170,105,0.0972481
MDTUSDT,BUY,LIMIT,1701196213189,12529,0.0972978
MDTUSDT,BUY,LIMIT,1701196214205,99090,0.0981592
MDTUSDT,BUY,LIMIT,1701196215247,568,0.0980487
MDTUSDT,BUY,LIMIT,1701196216255,140491,0.0987419
MDTUSDT,BUY,LIMIT,1701196217294,24079,0.0985931
MDTUSDT,BUY,LIMIT,1701196218298,240,0.0985873
MDTUSDT,BUY,LIMIT,1701196219555,41542,0.0986558
MDTUSDT,BUY,LIMIT,1701196220847,32720,0.0986749
MDTUSDT,BUY,LIMIT,1701196223222,7965,0.0987111
MDTUSDT,BUY,LIMIT,1701196226314,153,0.0987286
MDTUSDT,BUY,LIMIT,1701196239081,22730,0.0988093
MDTUSDT,BUY,LIMIT,1701196240288,1102,0.0987703
MDTUSDT,BUY,LIMIT,1701196241306,1723,0.0989522
MDTUSDT,BUY,LIMIT,1701196242323,526,0.0990011
MDTUSDT,BUY,LIMIT,1701196243429,1860,0.0990966
MDTUSDT,BUY,LIMIT,1701196248702,9227,0.0991011
MDTUSDT,BUY,LIMIT,1701196497380,1763,0.0988277
MDTUSDT,BUY,LIMIT,1701196511239,11866,0.0990957
MDTUSDT,BUY,LIMIT,1701196934067,10034,0.0991348
MDTUSDT,BUY,LIMIT,1701196935357,167,0.0991690
MDTUSDT,BUY,LIMIT,1701196936554,433,0.0991968
MDTUSDT,BUY,LIMIT,1701196937606,59379,0.0994872
MDTUSDT,BUY,LIMIT,1701196939125,3924,0.0995126
MDTUSDT,BUY,LIMIT,1701196940196,3835,0.0994930
MDTUSDT,BUY,LIMIT,1701196941229,480,0.0995462
MDTUSDT,BUY,LIMIT,1701196942381,3459,0.0996617
MDTUSDT,BUY,LIMIT,1701196996842,268,0.0996718
MDTUSDT,BUY,LIMIT,1701196998062,1556,0.0997114
MDTUSDT,BUY,LIMIT,1701196999123,1106,0.0997288
MDTUSDT,BUY,LIMIT,1701197003504,359,0.0997930
MDTUSDT,BUY,LIMIT,1701197008276,733,0.0998825
MDTUSDT,BUY,LIMIT,1701197009279,1453,0.0999577
MDTUSDT,BUY,LIMIT,1701197011219,15527,0.0999612
MDTUSDT,BUY,LIMIT,1701197013091,1151,0.1000020
MDTUSDT,BUY,LIMIT,1701197014226,1049,0.0999895
MDTUSDT,BUY,LIMIT,1701197015258,6683,0.1000973
MDTUSDT,BUY,LIMIT,1701197016279,74,0.1000969
MDTUSDT,BUY,LIMIT,1701197017300,17993,0.1003170
MDTUSDT,BUY,LIMIT,1701197018349,85889,0.1007488
MDTUSDT,BUY,LIMIT,1701197114072,21000,0.1006329
MDTUSDT,BUY,LIMIT,1701197115102,114908,0.1007761
MDTUSDT,BUY,LIMIT,1701197528259,2384,0.1004626
MDTUSDT,BUY,LIMIT,1701197529646,1000,0.1006568
MDTUSDT,BUY,LIMIT,1701197531207,246,0.1008390
MDTUSDT,BUY,LIMIT,1701197532400,110204,0.1011879
MDTUSDT,BUY,LIMIT,1701197533453,8821,0.1009772
MDTUSDT,BUY,LIMIT,1701197534637,5427,0.1009911
MDTUSDT,BUY,LIMIT,1701197535781,13970,0.1010331
MDTUSDT,BUY,LIMIT,1701197536901,4960,0.1011812
MDTUSDT,BUY,LIMIT,1701197538409,2587,0.1012088
MDTUSDT,BUY,LIMIT,1701197549436,6648,0.1012738
MDTUSDT,BUY,LIMIT,1701197550479,240,0.1012869
MDTUSDT,BUY,LIMIT,1701197592452,914,0.1013404
MDTUSDT,BUY,LIMIT,1701197596201,437,0.1013984
MDTUSDT,BUY,LIMIT,1701197597346,12169,0.1014287
MDTUSDT,BUY,LIMIT,1701197599119,2797,0.1014841
MDTUSDT,BUY,LIMIT,1701197600506,328,0.1014926
MDTUSDT,BUY,LIMIT,1701197602948,446,0.1015002
MDTUSDT,BUY,LIMIT,1701197621387,5938,0.1015379
MDTUSDT,BUY,LIMIT,1701197622436,65000,0.1016677
MDTUSDT,BUY,LIMIT,1701197714058,612,0.1015947
MDTUSDT,BUY,LIMIT,1701197715122,75864,0.1018487
MDTUSDT,BUY,LIMIT,1701197716232,1870,0.1016945
MDTUSDT,BUY,LIMIT,1701197717374,5874,0.1017337
MDTUSDT,BUY,LIMIT,1701197722097,34327,0.1017475
MDTUSDT,BUY,LIMIT,1701197723166,364,0.1017676
MDTUSDT,BUY,LIMIT,1701197724805,220,0.1018097
MDTUSDT,BUY,LIMIT,1701197775608,20000,0.1016539
MDTUSDT,BUY,LIMIT,1701197783832,496,0.1018145
MDTUSDT,BUY,LIMIT,1701197784930,1409,0.1018315
MDTUSDT,BUY,LIMIT,1701197786705,3504,0.1018305
MDTUSDT,BUY,LIMIT,1701197794132,472,0.1019077
MDTUSDT,BUY,LIMIT,1701197795139,13911,0.1019980
MDTUSDT,BUY,LIMIT,1701197796244,2664,0.1019973
MDTUSDT,BUY,LIMIT,1701197833091,62,0.1021091
MDTUSDT,BUY,LIMIT,1701197834099,785,0.1023360
MDTUSDT,BUY,LIMIT,1701197835126,1803,0.1026144
MDTUSDT,BUY,LIMIT,1701197836234,205,0.1027141
MDTUSDT,BUY,LIMIT,1701197837250,39011,0.1031193
MDTUSDT,BUY,LIMIT,1701197838262,42840,0.1029414
MDTUSDT,BUY,LIMIT,1701197839280,1110,0.1034050
MDTUSDT,BUY,LIMIT,1701197840296,560,0.1039689
MDTUSDT,BUY,LIMIT,1701197841300,1486,0.1037882
MDTUSDT,BUY,LIMIT,1701197842301,87,0.1043555
MDTUSDT,BUY,LIMIT,1701197843379,1486,0.1044706
MDTUSDT,BUY,LIMIT,1701197844389,992,0.1047583
MDTUSDT,BUY,LIMIT,1701197847063,992,0.1048463
MDTUSDT,BUY,LIMIT,1701197848072,331,0.1048345
MDTUSDT,BUY,LIMIT,1701197849063,52,0.1054787
MDTUSDT,BUY,LIMIT,1701197850053,10111,0.1061307
MDTUSDT,BUY,LIMIT,1701197851164,3038,0.1067611
MDTUSDT,BUY,LIMIT,1701197852221,15941,0.1068342
MDTUSDT,BUY,LIMIT,1701197853221,1248,0.1094398
MDTUSDT,BUY,LIMIT,1701197854224,7919,0.1080537
MDTUSDT,BUY,LIMIT,1701197856061,4673,0.1108040
MDTUSDT,BUY,LIMIT,1701197857067,10546,0.1094824
MDTUSDT,BUY,LIMIT,1701197859060,1112,0.1113766
MDTUSDT,BUY,LIMIT,1701197860091,31002,0.1110361
MDTUSDT,BUY,LIMIT,1701197862059,1036,0.1118821
MDTUSDT,BUY,LIMIT,1701197863062,15890,0.1118249
MDTUSDT,SELL,LIMIT,1701197873910,5616,0.1048491
MDTUSDT,SELL,LIMIT,1701197890936,18258,0.1034042
MDTUSDT,SELL,LIMIT,1701197906753,5600,0.1029746
MDTUSDT,SELL,LIMIT,1701197925413,34,0.1025103
MDTUSDT,SELL,LIMIT,1701197940903,2402,0.1016561
MDTUSDT,SELL,LIMIT,1701197946064,285,0.1012097
MDTUSDT,SELL,LIMIT,1701197947092,16605,0.1012895
MDTUSDT,SELL,LIMIT,1701197949313,100,0.1010874
MDTUSDT,SELL,LIMIT,1701198013053,20011,0.1003328
MDTUSDT,SELL,LIMIT,1701198014102,3958,0.0997111
MDTUSDT,SELL,LIMIT,1701198015373,1200,0.0992275
MDTUSDT,SELL,LIMIT,1701198017071,37686,0.0985245
MDTUSDT,SELL,LIMIT,1701198018400,496,0.0988901
MDTUSDT,SELL,LIMIT,1701198024096,6976,0.0980622
MDTUSDT,SELL,LIMIT,1701198025113,8362,0.0979239
MDTUSDT,SELL,LIMIT,1701198026122,1565,0.0975830
MDTUSDT,SELL,LIMIT,1701198027343,1235,0.0975249
MDTUSDT,SELL,LIMIT,1701198028931,26536,0.0968145
MDTUSDT,SELL,LIMIT,1701198030177,1646,0.0964033
MDTUSDT,SELL,LIMIT,1701198054721,484,0.0962008
MDTUSDT,SELL,LIMIT,1701198055952,9096,0.0959078
MDTUSDT,SELL,LIMIT,1701198059458,9211,0.0956041
MDTUSDT,SELL,LIMIT,1701198061142,895,0.0953079
MDTUSDT,BUY,LIMIT,1701198101755,57,0.1000687
MDTUSDT,SELL,LIMIT,1701198132022,1113,0.0946742
MDTUSDT,SELL,LIMIT,1701198133124,6685,0.0945132
MDTUSDT,SELL,LIMIT,1701198134190,9249,0.0944144
MDTUSDT,SELL,LIMIT,1701198135303,75,0.0940706
MDTUSDT,SELL,LIMIT,1701198155890,25232,0.0937086
MDTUSDT,SELL,LIMIT,1701198167297,6104,0.0932995
MDTUSDT,SELL,LIMIT,1701198169541,7955,0.0933133
MDTUSDT,SELL,LIMIT,1701198181066,3458,0.0928317
MDTUSDT,SELL,LIMIT,1701198182078,973,0.0929380
MDTUSDT,SELL,LIMIT,1701198184833,2757,0.0926732
MDTUSDT,SELL,LIMIT,1701198186188,1447,0.0926162
MDTUSDT,SELL,LIMIT,1701198191652,2150,0.0925021
MDTUSDT,SELL,LIMIT,1701198194238,34477,0.0922950
MDTUSDT,SELL,LIMIT,1701198195683,40539,0.0921883
MDTUSDT,SELL,LIMIT,1701198197099,185,0.0919320
MDTUSDT,SELL,LIMIT,1701198279281,104,0.0917895
MDTUSDT,SELL,LIMIT,1701198280371,45428,0.0918219
MDTUSDT,SELL,LIMIT,1701198312049,69,0.0912520
MDTUSDT,SELL,LIMIT,1701198313078,19553,0.0913803
MDTUSDT,BUY,LIMIT,1701198330847,137,0.0953730
MDTUSDT,BUY,LIMIT,1701198735211,214,0.0981282
MDTUSDT,BUY,LIMIT,1701198806365,106,0.0983791
MDTUSDT,BUY,LIMIT,1701198809977,29901,0.0983938
MDTUSDT,BUY,LIMIT,1701198847749,106,0.0985408
MDTUSDT,BUY,LIMIT,1701198849887,363,0.0988610
MDTUSDT,BUY,LIMIT,1701198851036,2063,0.0991536
MDTUSDT,BUY,LIMIT,1701198852098,6357,0.0994232
MDTUSDT,BUY,LIMIT,1701198853231,759,0.0993704
MDTUSDT,BUY,LIMIT,1701198856196,8697,0.0997313
MDTUSDT,BUY,LIMIT,1701198875249,875,0.0997815
MDTUSDT,BUY,LIMIT,1701198912263,4789,0.0999684
MDTUSDT,BUY,LIMIT,1701198913289,386,0.1000343
MDTUSDT,BUY,LIMIT,1701198915377,1815,0.1002073
MDTUSDT,BUY,LIMIT,1701198917388,3382,0.1002484
MDTUSDT,BUY,LIMIT,1701198932183,4246,0.1003277
MDTUSDT,BUY,LIMIT,1701198933478,26164,0.1003083
MDTUSDT,BUY,LIMIT,1701198934517,12547,0.1003959
MDTUSDT,BUY,LIMIT,1701198936343,160,0.1005157
MDTUSDT,BUY,LIMIT,1701198960325,9413,0.1005927
MDTUSDT,BUY,LIMIT,1701198973216,2057,0.1008428
MDTUSDT,BUY,LIMIT,1701198974344,1931,0.1007816
MDTUSDT,BUY,LIMIT,1701198976600,5431,0.1013290
MDTUSDT,BUY,LIMIT,1701198999253,14416,0.1011198
MDTUSDT,BUY,LIMIT,1701199013189,4450,0.1017549
MDTUSDT,BUY,LIMIT,1701199014192,19192,0.1017781
MDTUSDT,BUY,LIMIT,1701199015424,613,0.1018293
MDTUSDT,BUY,LIMIT,1701199188118,16833,0.1024421
MDTUSDT,BUY,LIMIT,1701199189144,15995,0.1025485
MDTUSDT,BUY,LIMIT,1701199190159,680,0.1026940
MDTUSDT,BUY,LIMIT,1701199191584,3191,0.1027676
MDTUSDT,BUY,LIMIT,1701199194025,326,0.1028174
MDTUSDT,BUY,LIMIT,1701199273049,628,0.1030293
MDTUSDT,BUY,LIMIT,1701199274147,9174,0.1029304
MDTUSDT,BUY,LIMIT,1701199275387,9623,0.1033418
MDTUSDT,BUY,LIMIT,1701199276437,2503,0.1036181
MDTUSDT,BUY,LIMIT,1701199287139,867,0.1035095
MDTUSDT,BUY,LIMIT,1701199332213,1057,0.1040365
MDTUSDT,BUY,LIMIT,1701199333343,8641,0.1041725
MDTUSDT,BUY,LIMIT,1701199720225,1331996,0.1042151
MDTUSDT,BUY,LIMIT,1701199722061,10083,0.1047637
MDTUSDT,BUY,LIMIT,1701199723121,462,0.1048436
MDTUSDT,BUY,LIMIT,1701199840223,727,0.1029994
MDTUSDT,BUY,LIMIT,1701200045153,1400,0.1050141
MDTUSDT,BUY,LIMIT,1701200057091,1001,0.1051009
MDTUSDT,BUY,LIMIT,1701200058236,5011,0.1051128
MDTUSDT,BUY,LIMIT,1701200062003,1701,0.1055046
MDTUSDT,BUY,LIMIT,1701200064333,104,0.1055185
MDTUSDT,BUY,LIMIT,1701200118234,4177,0.1059553
MDTUSDT,BUY,LIMIT,1701200119383,3556,0.1058056
MDTUSDT,BUY,LIMIT,1701200120437,25994,0.1061194
MDTUSDT,BUY,LIMIT,1701200122158,378,0.1062920
MDTUSDT,BUY,LIMIT,1701200127672,205,0.1066179
MDTUSDT,BUY,LIMIT,1701200307308,2861,0.1071799
MDTUSDT,BUY,LIMIT,1701200308317,270,0.1068971
MDTUSDT,BUY,LIMIT,1701200309344,13891,0.1072251
MDTUSDT,BUY,LIMIT,1701200310395,1534,0.1073234
MDTUSDT,BUY,LIMIT,1701200335600,272,0.1077448
MDTUSDT,BUY,LIMIT,1701200337263,518,0.1077804
MDTUSDT,BUY,LIMIT,1701200340301,33601,0.1079491
MDTUSDT,BUY,LIMIT,1701200341373,445,0.1078700
MDTUSDT,BUY,LIMIT,1701200342881,8154,0.1082660
MDTUSDT,BUY,LIMIT,1701200344094,21133,0.1083852
MDTUSDT,BUY,LIMIT,1701200345166,145575,0.1087995
MDTUSDT,BUY,LIMIT,1701200347297,2026,0.1085817
MDTUSDT,BUY,LIMIT,1701200381119,55231,0.1088630
MDTUSDT,BUY,LIMIT,1701200383595,5030,0.1091754
MDTUSDT,BUY,LIMIT,1701200385017,3769,0.1091795
MDTUSDT,BUY,LIMIT,1701200469843,2641,0.1077857
MDTUSDT,BUY,LIMIT,1701200473858,1089,0.1072386
MDTUSDT,BUY,LIMIT,1701200474717,1025,0.1086606
MDTUSDT,BUY,LIMIT,1701200542253,973,0.1072800
MDTUSDT,BUY,LIMIT,1701200562315,14489,0.1078294
MDTUSDT,BUY,LIMIT,1701200809165,380,0.1092595
MDTUSDT,BUY,LIMIT,1701200810341,1128,0.1092494
MDTUSDT,BUY,LIMIT,1701200811760,12251,0.1095513
MDTUSDT,BUY,LIMIT,1701200812794,42434,0.1096670
MDTUSDT,BUY,LIMIT,1701200814060,2181,0.1103902
MDTUSDT,BUY,LIMIT,1701200847386,100,0.1102706
MDTUSDT,BUY,LIMIT,1701201202047,799,0.1079869
MDTUSDT,BUY,LIMIT,1701201307082,1995,0.1072763
MDTUSDT,BUY,LIMIT,1701201376346,198,0.1079308
MDTUSDT,SELL,LIMIT,1701201536082,1953,0.1025382
MDTUSDT,SELL,LIMIT,1701201537118,132,0.1025626
MDTUSDT,SELL,LIMIT,1701201538383,8427,0.1024084
MDTUSDT,SELL,LIMIT,1701201539433,147,0.1022969
MDTUSDT,SELL,LIMIT,1701201574949,832,0.1022792
MDTUSDT,BUY,LIMIT,1701201610665,17925,0.1095934
MDTUSDT,BUY,LIMIT,1701201611898,3547,0.1099772
MDTUSDT,BUY,LIMIT,1701201614047,4690,0.1107965
MDTUSDT,BUY,LIMIT,1701201615066,878,0.1105189
MDTUSDT,BUY,LIMIT,1701201620083,685,0.1110142
MDTUSDT,BUY,LIMIT,1701201621310,6110,0.1110306
MDTUSDT,BUY,LIMIT,1701201622650,5885,0.1111722
MDTUSDT,BUY,LIMIT,1701201623690,1477,0.1112788
MDTUSDT,BUY,LIMIT,1701201624812,140,0.1114082
MDTUSDT,BUY,LIMIT,1701201634051,1034,0.1116672
MDTUSDT,BUY,LIMIT,1701201635086,52083,0.1121098
MDTUSDT,BUY,LIMIT,1701201636145,446,0.1125544
MDTUSDT,BUY,LIMIT,1701201637313,165,0.1128972
MDTUSDT,BUY,LIMIT,1701201638450,7021,0.1131588
MDTUSDT,BUY,LIMIT,1701201640049,4701,0.1139425
MDTUSDT,BUY,LIMIT,1701201641069,12660,0.1131638
MDTUSDT,BUY,LIMIT,1701201651100,8817,0.1141387
MDTUSDT,BUY,LIMIT,1701201652140,23726,0.1152600
MDTUSDT,BUY,LIMIT,1701201653144,415,0.1150908
MDTUSDT,BUY,LIMIT,1701201654366,6402,0.1146213
MDTUSDT,SELL,LIMIT,1701201788790,62,0.1072165
MDTUSDT,BUY,LIMIT,1701202210715,2288,0.1146573
MDTUSDT,SELL,LIMIT,1701202513333,149,0.1067793
MDTUSDT,BUY,LIMIT,1701202654180,6051,0.1114699
MDTUSDT,SELL,LIMIT,1701202675522,10496,0.1064259
MDTUSDT,SELL,LIMIT,1701202676601,835,0.1062202
MDTUSDT,SELL,LIMIT,1701202677772,9961,0.1060294
MDTUSDT,SELL,LIMIT,1701203058445,1318,0.1059857
MDTUSDT,SELL,LIMIT,1701203060823,1358,0.1057259
MDTUSDT,SELL,LIMIT,1701203096286,320,0.1052440
MDTUSDT,SELL,LIMIT,1701203097452,444,0.1051064
MDTUSDT,SELL,LIMIT,1701203102766,1113,0.1049781
MDTUSDT,SELL,LIMIT,1701203433205,36251,0.1048584
MDTUSDT,SELL,LIMIT,1701203435297,529,0.1047174
MDTUSDT,SELL,LIMIT,1701203436370,1365,0.1046643
MDTUSDT,SELL,LIMIT,1701203438294,170,0.1046240
MDTUSDT,SELL,LIMIT,1701203444336,386,0.1045682
MDTUSDT,SELL,LIMIT,1701203445486,164,0.1045006
MDTUSDT,SELL,LIMIT,1701203447116,439,0.1044221
MDTUSDT,SELL,LIMIT,1701203448456,1170,0.1043746
MDTUSDT,SELL,LIMIT,1701203457749,89,0.1042743
MDTUSDT,SELL,LIMIT,1701203467376,5171,0.1042177
MDTUSDT,SELL,LIMIT,1701203514986,1237,0.1041380
MDTUSDT,SELL,LIMIT,1701203551173,1072,0.1040429
MDTUSDT,SELL,LIMIT,1701203565099,48,0.1040174
MDTUSDT,SELL,LIMIT,1701203568594,217,0.1039497
MDTUSDT,SELL,LIMIT,1701203570578,3181,0.1038934
MDTUSDT,SELL,LIMIT,1701203572222,1830,0.1038380
MDTUSDT,SELL,LIMIT,1701203578808,2225,0.1037637
MDTUSDT,SELL,LIMIT,1701203580159,56227,0.1035665
MDTUSDT,SELL,LIMIT,1701203582071,21247,0.1033843
MDTUSDT,SELL,LIMIT,1701203583179,2919,0.1033508
MDTUSDT,SELL,LIMIT,1701203584246,41057,0.1030642
MDTUSDT,SELL,LIMIT,1701203585273,618,0.1032674
MDTUSDT,SELL,LIMIT,1701203595136,5032,0.1030733
MDTUSDT,SELL,LIMIT,1701203597056,9979,0.1027625
MDTUSDT,SELL,LIMIT,1701203599065,595,0.1025078
MDTUSDT,SELL,LIMIT,1701203600077,47076,0.1020818
MDTUSDT,SELL,LIMIT,1701203601227,11636,0.1020872
MDTUSDT,SELL,LIMIT,1701203602495,2553,0.1019891
MDTUSDT,SELL,LIMIT,1701203628131,46994,0.1016015
MDTUSDT,SELL,LIMIT,1701203629485,71,0.1016364
MDTUSDT,SELL,LIMIT,1701203631937,1706,0.1015100
MDTUSDT,SELL,LIMIT,1701203645232,562,0.1012019
MDTUSDT,SELL,LIMIT,1701203647195,2511,0.1010873
MDTUSDT,SELL,LIMIT,1701203648662,12349,0.1009589
MDTUSDT,SELL,LIMIT,1701203708361,75,0.1006581
MDTUSDT,SELL,LIMIT,1701203767099,6359,0.0998894
MDTUSDT,SELL,LIMIT,1701203768204,9095,0.0999512
MDTUSDT,SELL,LIMIT,1701203776595,899,0.0995955
MDTUSDT,SELL,LIMIT,1701203780108,93,0.0996603
MDTUSDT,SELL,LIMIT,1701203782510,759,0.0994197
MDTUSDT,SELL,LIMIT,1701203796336,180,0.0994532
MDTUSDT,SELL,LIMIT,1701203797413,4046,0.0993582
MDTUSDT,SELL,LIMIT,1701203802772,1332,0.0990087
MDTUSDT,BUY,LIMIT,1701203859860,95,0.1052055
MDTUSDT,BUY,LIMIT,1701203921057,826,0.1060612
MDTUSDT,BUY,LIMIT,1701203922072,4067,0.1063431
MDTUSDT,BUY,LIMIT,1701203923592,213,0.1065662
MDTUSDT,BUY,LIMIT,1701204028482,3918,0.1066573
MDTUSDT,BUY,LIMIT,1701204035726,2769,0.1068326
MDTUSDT,BUY,LIMIT,1701204036845,528,0.1069745
MDTUSDT,BUY,LIMIT,1701204128226,17346,0.1071111
MDTUSDT,BUY,LIMIT,1701204129327,311,0.1072461
MDTUSDT,BUY,LIMIT,1701204132916,197,0.1074451
MDTUSDT,BUY,LIMIT,1701204408293,12497,0.1075827
MDTUSDT,SELL,LIMIT,1701205279620,9490,0.0999797
MDTUSDT,SELL,LIMIT,1701205306375,26347,0.0997553
MDTUSDT,SELL,LIMIT,1701205312627,3276,0.0996042
MDTUSDT,SELL,LIMIT,1701205313945,835,0.0993769
MDTUSDT,SELL,LIMIT,1701205315412,654,0.0991991
MDTUSDT,SELL,LIMIT,1701205317212,547,0.0991677
MDTUSDT,SELL,LIMIT,1701205324344,2912,0.0991379
MDTUSDT,BUY,LIMIT,1701205434160,1404,0.1062198
MDTUSDT,BUY,LIMIT,1701205435169,81,0.1065521
MDTUSDT,BUY,LIMIT,1701205448762,3456,0.1066403
MDTUSDT,BUY,LIMIT,1701205454044,784,0.1062766
MDTUSDT,BUY,LIMIT,1701205805072,84,0.1041268
MDTUSDT,SELL,LIMIT,1701207072520,3538,0.0991579
MDTUSDT,SELL,LIMIT,1701207078078,226,0.1019793
MDTUSDT,SELL,LIMIT,1701207123222,48459,0.0999863
MDTUSDT,SELL,LIMIT,1701207124551,190,0.1039086
MDTUSDT,SELL,LIMIT,1701207132813,1552,0.0996521
MDTUSDT,SELL,LIMIT,1701207219892,968,0.0991402
MDTUSDT,SELL,LIMIT,1701207220951,105,0.0988101
MDTUSDT,SELL,LIMIT,1701207837119,591,0.0997188
MDTUSDT,BUY,LIMIT,1701208407389,586,0.0758021
MDTUSDT,SELL,LIMIT,1701209437128,10529,0.0997053
MDTUSDT,SELL,LIMIT,1701209991296,59,0.0999686
MDTUSDT,SELL,LIMIT,1701210506582,27674,0.0986435
MDTUSDT,SELL,LIMIT,1701210508226,261,0.0985605
MDTUSDT,SELL,LIMIT,1701210509391,96,0.0985576
MDTUSDT,SELL,LIMIT,1701210513460,16738,0.0984330
MDTUSDT,SELL,LIMIT,1701210516450,96,0.0983345
MDTUSDT,SELL,LIMIT,1701210519687,2218,0.0981863
MDTUSDT,SELL,LIMIT,1701210759071,603,0.0981013
MDTUSDT,SELL,LIMIT,1701210760132,22870,0.0977282
MDTUSDT,SELL,LIMIT,1701210774029,488,0.0974881
MDTUSDT,SELL,LIMIT,1701210777892,6264,0.0973892
MDTUSDT,SELL,LIMIT,1701210779065,2784,0.0972529
MDTUSDT,SELL,LIMIT,1701210780166,9687,0.0972913
MDTUSDT,SELL,LIMIT,1701210781167,2000,0.0967685
MDTUSDT,SELL,LIMIT,1701210782194,3000,0.0967295
MDTUSDT,SELL,LIMIT,1701210783553,1195,0.0963437
MDTUSDT,SELL,LIMIT,1701210802588,1347,0.0962094
MDTUSDT,SELL,LIMIT,1701210804063,5060,0.0960090
MDTUSDT,SELL,LIMIT,1701210805146,203,0.0959275
MDTUSDT,SELL,LIMIT,1701210806809,2969,0.0958857
MDTUSDT,SELL,LIMIT,1701210875720,2601,0.0957923
MDTUSDT,SELL,LIMIT,1701210877182,210,0.0956423
MDTUSDT,SELL,LIMIT,1701210878436,7610,0.0957789
MDTUSDT,BUY,LIMIT,1701211223432,204,0.1026306
MDTUSDT,BUY,LIMIT,1701211224634,1413,0.1028820
MDTUSDT,BUY,LIMIT,1701211242370,26392,0.1029161
MDTUSDT,BUY,LIMIT,1701211247982,6010,0.1030897
MDTUSDT,BUY,LIMIT,1701211385851,252,0.1033118
MDTUSDT,BUY,LIMIT,1701211388148,4058,0.1033936
MDTUSDT,BUY,LIMIT,1701211467273,1057,0.1036470
MDTUSDT,BUY,LIMIT,1701211469114,1726,0.1037129
MDTUSDT,BUY,LIMIT,1701211470452,31831,0.1039739
MDTUSDT,BUY,LIMIT,1701211472444,655,0.1040517
MDTUSDT,BUY,LIMIT,1701211474073,1748,0.1042136
MDTUSDT,BUY,LIMIT,1701211475220,4590,0.1041553
MDTUSDT,BUY,LIMIT,1701211476295,1696,0.1046020
MDTUSDT,BUY,LIMIT,1701211477320,1034,0.1045308
MDTUSDT,BUY,LIMIT,1701211478553,102524,0.1056762
MDTUSDT,BUY,LIMIT,1701211479576,4201,0.1063120
MDTUSDT,BUY,LIMIT,1701211480861,6924,0.1063182
MDTUSDT,BUY,LIMIT,1701211482181,51,0.1064408
MDTUSDT,SELL,LIMIT,1701211705462,539,0.0994673
MDTUSDT,SELL,LIMIT,1701211895492,7529,0.0997070
MDTUSDT,SELL,LIMIT,1701211926084,3972,0.0985935
MDTUSDT,BUY,LIMIT,1701215831002,3246,0.1035258
MDTUSDT,BUY,LIMIT,1701216209264,30317,0.1043355
MDTUSDT,BUY,LIMIT,1701216210351,20732,0.1043160
MDTUSDT,BUY,LIMIT,1701216212812,199,0.1044271
MDTUSDT,BUY,LIMIT,1701216213830,3759,0.1047482
MDTUSDT,BUY,LIMIT,1701216215064,1511,0.1048660
MDTUSDT,BUY,LIMIT,1701216216080,20855,0.1050414
MDTUSDT,BUY,LIMIT,1701216217847,824,0.1054328
MDTUSDT,SELL,LIMIT,1701216521422,67,0.1049775
MDTUSDT,BUY,LIMIT,1701218041101,10900,0.1050302
MDTUSDT,BUY,LIMIT,1701218627929,241,0.1032506
MDTUSDT,SELL,LIMIT,1701218925820,19051,0.0979805
MDTUSDT,SELL,LIMIT,1701218929172,204,0.0978545
MDTUSDT,SELL,LIMIT,1701218963116,97,0.0973884
MDTUSDT,SELL,LIMIT,1701218964146,8914,0.0972546
MDTUSDT,SELL,LIMIT,1701218969225,3335,0.0971548
MDTUSDT,SELL,LIMIT,1701218970293,1,0.0969387
MDTUSDT,SELL,LIMIT,1701218971614,48823,0.0968124
MDTUSDT,SELL,LIMIT,1701218973245,281,0.0967100
MDTUSDT,SELL,LIMIT,1701218975148,4272,0.0966689
MDTUSDT,SELL,LIMIT,1701218976216,18362,0.0964930
MDTUSDT,SELL,LIMIT,1701218977260,36576,0.0965496
MDTUSDT,SELL,LIMIT,1701218978388,11648,0.0963006
MDTUSDT,SELL,LIMIT,1701218980180,55,0.0961917
MDTUSDT,SELL,LIMIT,1701218984131,99,0.0956840
MDTUSDT,SELL,LIMIT,1701218985150,1157,0.0959513
MDTUSDT,SELL,LIMIT,1701218996674,4652,0.0956241
MDTUSDT,SELL,LIMIT,1701219079210,43945,0.0955479
MDTUSDT,SELL,LIMIT,1701219080270,294,0.0955369
MDTUSDT,BUY,LIMIT,1701219130323,449,0.1025256
MDTUSDT,BUY,LIMIT,1701219131503,11461,0.1028073
MDTUSDT,BUY,LIMIT,1701219134355,6288,0.1030279
MDTUSDT,BUY,LIMIT,1701219136737,9109,0.1034053
MDTUSDT,BUY,LIMIT,1701219167665,1,0.0636187
MDTUSDT,BUY,LIMIT,1701219245997,647,0.1032204
MDTUSDT,BUY,LIMIT,1701219253762,216,0.1038568
MDTUSDT,BUY,LIMIT,1701219413830,5016,0.1047225
MDTUSDT,BUY,LIMIT,1701219415201,1762,0.1050872
MDTUSDT,BUY,LIMIT,1701219416553,1222,0.1051494
MDTUSDT,BUY,LIMIT,1701219622304,9740,0.1048639
MDTUSDT,BUY,LIMIT,1701219641111,511,0.1046601
MDTUSDT,BUY,LIMIT,1701219665513,1034,0.1051916
MDTUSDT,BUY,LIMIT,1701219719838,49470,0.1053449
MDTUSDT,BUY,LIMIT,1701219722602,1992,0.1055167
MDTUSDT,BUY,LIMIT,1701219781391,800,0.1056246
MDTUSDT,BUY,LIMIT,1701219785814,3076,0.1058206
MDTUSDT,BUY,LIMIT,1701219787595,657,0.1058695
MDTUSDT,BUY,LIMIT,1701219789368,62,0.1058984
MDTUSDT,BUY,LIMIT,1701219793522,2781,0.1060989
MDTUSDT,BUY,LIMIT,1701220458315,223,0.1048957
MDTUSDT,BUY,LIMIT,1701221026021,4998,0.1060991
MDTUSDT,BUY,LIMIT,1701221028401,829,0.1061303
MDTUSDT,BUY,LIMIT,1701221099301,427,0.1062189
MDTUSDT,BUY,LIMIT,1701221105551,6658,0.1062676
MDTUSDT,BUY,LIMIT,1701221106616,425,0.1064497
MDTUSDT,BUY,LIMIT,1701221108062,441,0.1067309
MDTUSDT,BUY,LIMIT,1701221109063,1471,0.1065621
MDTUSDT,BUY,LIMIT,1701221116086,16841,0.1069061
MDTUSDT,BUY,LIMIT,1701221117535,2222,0.1069402
MDTUSDT,BUY,LIMIT,1701221243065,1871,0.1074639
MDTUSDT,BUY,LIMIT,1701221244112,920,0.1078616
MDTUSDT,BUY,LIMIT,1701221245149,709,0.1078092
MDTUSDT,SELL,LIMIT,1701221649569,17200,0.1019887
MDTUSDT,SELL,LIMIT,1701221732159,966,0.1025784
MDTUSDT,BUY,LIMIT,1701226417329,387,0.1080511
MDTUSDT,BUY,LIMIT,1701226419101,976,0.1081673
MDTUSDT,BUY,LIMIT,1701226420127,4150,0.1084781
MDTUSDT,BUY,LIMIT,1701226421194,217,0.1083814
MDTUSDT,BUY,LIMIT,1701226422310,3080,0.1089236
MDTUSDT,BUY,LIMIT,1701226423412,24654,0.1092000
MDTUSDT,BUY,LIMIT,1701226555063,59,0.1071381
MDTUSDT,BUY,LIMIT,1701226947965,14024,0.1076462
MDTUSDT,BUY,LIMIT,1701231134514,7463,0.1075710
MDTUSDT,BUY,LIMIT,1701233759010,64,0.1067289
MDTUSDT,BUY,LIMIT,1701234679147,481,0.1070637
MDTUSDT,BUY,LIMIT,1701236375572,209,0.1052020
MDTUSDT,SELL,LIMIT,1701236430170,2042,0.1008806
MDTUSDT,SELL,LIMIT,1701236457762,125,0.1005901
MDTUSDT,BUY,LIMIT,1701238449161,116,0.1054885
MDTUSDT,SELL,LIMIT,1701239040450,773,0.1005218
MDTUSDT,SELL,LIMIT,1701239067853,325,0.1004532
MDTUSDT,SELL,LIMIT,1701239069231,8072,0.1003571
MDTUSDT,SELL,LIMIT,1701239100955,512,0.1002757
MDTUSDT,SELL,LIMIT,1701239104069,1,0.1001871
MDTUSDT,SELL,LIMIT,1701239105264,740,0.1001435
MDTUSDT,BUY,LIMIT,1701239283655,70,0.1041647
MDTUSDT,BUY,LIMIT,1701239299168,5536,0.1044130
MDTUSDT,BUY,LIMIT,1701239346982,4949,0.1043836
MDTUSDT,SELL,LIMIT,1701240193310,7678,0.1001127
MDTUSDT,SELL,LIMIT,1701240196513,504,0.1000990
MDTUSDT,SELL,LIMIT,1701240200468,57,0.1000544
MDTUSDT,SELL,LIMIT,1701240215525,441,0.1000349
MDTUSDT,SELL,LIMIT,1701240218323,9485,0.0999981
MDTUSDT,SELL,LIMIT,1701240272117,120,0.0999764
MDTUSDT,SELL,LIMIT,1701240287477,152,0.0999137
MDTUSDT,SELL,LIMIT,1701240289298,5030,0.0999032
MDTUSDT,SELL,LIMIT,1701240290326,524,0.0998680
MDTUSDT,SELL,LIMIT,1701240292428,158,0.0998200
MDTUSDT,SELL,LIMIT,1701240295117,10364,0.0997848
MDTUSDT,SELL,LIMIT,1701240300133,229,0.0995791
MDTUSDT,SELL,LIMIT,1701240302816,344,0.0996515
MDTUSDT,SELL,LIMIT,1701240303821,10757,0.0995331
MDTUSDT,SELL,LIMIT,1701240304882,442,0.0993844
MDTUSDT,BUY,LIMIT,1701240738527,972,0.1040248
MDTUSDT,BUY,LIMIT,1701241097439,58363,0.1042036
MDTUSDT,BUY,LIMIT,1701241224227,16289,0.1045957
MDTUSDT,BUY,LIMIT,1701243011412,5608,0.1067666
MDTUSDT,BUY,LIMIT,1701243252863,2301,0.1056620
MDTUSDT,SELL,LIMIT,1701243407701,36,0.1007506
MDTUSDT,BUY,LIMIT,1701243425198,3874,0.1048570
MDTUSDT,SELL,LIMIT,1701243428081,605,0.1007571
MDTUSDT,BUY,LIMIT,1701243611197,5986,0.1021034
MDTUSDT,BUY,LIMIT,1701243637050,50,0.1037850
MDTUSDT,BUY,LIMIT,1701243884778,5124,0.1043496
MDTUSDT,BUY,LIMIT,1701243891013,22387,0.1041735
MDTUSDT,BUY,LIMIT,1701243938732,17814,0.1042518
MDTUSDT,BUY,LIMIT,1701244018063,496,0.1042133
MDTUSDT,BUY,LIMIT,1701244033752,976,0.1042709
MDTUSDT,BUY,LIMIT,1701245105215,755,0.1051239
MDTUSDT,BUY,LIMIT,1701245429366,2101,0.1052945
MDTUSDT,BUY,LIMIT,1701245518348,1172,0.1051870
MDTUSDT,BUY,LIMIT,1701245633866,9707,0.1052209
MDTUSDT,BUY,LIMIT,1701246058142,80,0.1032508
MDTUSDT,BUY,LIMIT,1701246124501,28955,0.1025326
MDTUSDT,BUY,LIMIT,1701246188332,2983,0.1041884
MDTUSDT,BUY,LIMIT,1701246235164,40297,0.1047233
MDTUSDT,BUY,LIMIT,1701246301766,899,0.1067976
MDTUSDT,BUY,LIMIT,1701246303421,114,0.1069230
MDTUSDT,BUY,LIMIT,1701246305834,40270,0.1069863
MDTUSDT,BUY,LIMIT,1701246307078,22947,0.1071327
MDTUSDT,BUY,LIMIT,1701246308093,1188,0.1077601
MDTUSDT,BUY,LIMIT,1701246309177,1593,0.1081641
MDTUSDT,BUY,LIMIT,1701246310198,3013,0.1079731
MDTUSDT,BUY,LIMIT,1701246311261,253,0.1083310
MDTUSDT,BUY,LIMIT,1701246312448,24132,0.1083429
MDTUSDT,BUY,LIMIT,1701246314933,3483,0.1084287
MDTUSDT,BUY,LIMIT,1701246316929,3887,0.1084468
MDTUSDT,BUY,LIMIT,1701246345156,2013,0.1086498
MDTUSDT,BUY,LIMIT,1701246346307,9773,0.1087452
MDTUSDT,BUY,LIMIT,1701246356084,5079,0.1088369
MDTUSDT,BUY,LIMIT,1701246357484,9777,0.1088990
MDTUSDT,BUY,LIMIT,1701246364653,3936,0.1089272
MDTUSDT,BUY,LIMIT,1701246366185,163,0.1093003
MDTUSDT,BUY,LIMIT,1701246367191,229,0.1093373
MDTUSDT,BUY,LIMIT,1701246368198,29394,0.1100099
MDTUSDT,BUY,LIMIT,1701246369250,261,0.1101170
MDTUSDT,BUY,LIMIT,1701246370360,2248,0.1107147
MDTUSDT,BUY,LIMIT,1701246384055,3034,0.1107665
MDTUSDT,BUY,LIMIT,1701246385110,918,0.1107805
MDTUSDT,BUY,LIMIT,1701246387516,1025,0.1109772
MDTUSDT,BUY,LIMIT,1701246417110,2454,0.1111337
MDTUSDT,BUY,LIMIT,1701246418174,354,0.1111204
MDTUSDT,BUY,LIMIT,1701246419206,8494,0.1114845
MDTUSDT,BUY,LIMIT,1701246420217,696,0.1114379
MDTUSDT,BUY,LIMIT,1701246421239,524,0.1115873
MDTUSDT,BUY,LIMIT,1701246425050,6234,0.1116671
MDTUSDT,BUY,LIMIT,1701246426058,745,0.1119073
MDTUSDT,BUY,LIMIT,1701246427082,134,0.1121974
MDTUSDT,BUY,LIMIT,1701246428114,229,0.1128383
MDTUSDT,BUY,LIMIT,1701246429136,113,0.1126303
MDTUSDT,BUY,LIMIT,1701246431422,3969,0.1128400
MDTUSDT,BUY,LIMIT,1701246453383,1875,0.1126590
MDTUSDT,BUY,LIMIT,1701246507012,124503,0.1121442
MDTUSDT,BUY,LIMIT,1701246519072,98,0.1130071
MDTUSDT,BUY,LIMIT,1701246520073,1661,0.1129279
MDTUSDT,BUY,LIMIT,1701246521075,681,0.1134890
MDTUSDT,BUY,LIMIT,1701246522076,1802,0.1138539
MDTUSDT,BUY,LIMIT,1701246523142,197,0.1138770
MDTUSDT,BUY,LIMIT,1701246524204,12077,0.1141128
MDTUSDT,SELL,LIMIT,1701246637320,219,0.1072205
MDTUSDT,BUY,LIMIT,1701247262689,555,0.1125580
MDTUSDT,BUY,LIMIT,1701247361259,926,0.1130995
MDTUSDT,BUY,LIMIT,1701247362956,1330,0.1133275
MDTUSDT,BUY,LIMIT,1701247370259,1088,0.1134749
MDTUSDT,BUY,LIMIT,1701247371619,1802,0.1135568
MDTUSDT,BUY,LIMIT,1701247372846,8768,0.1137683
MDTUSDT,BUY,LIMIT,1701247374857,1653,0.1139412
MDTUSDT,BUY,LIMIT,1701247380075,10544,0.1143284
MDTUSDT,BUY,LIMIT,1701247381084,815,0.1142553
MDTUSDT,BUY,LIMIT,1701247382103,1561,0.1146880
MDTUSDT,BUY,LIMIT,1701247383203,16116,0.1147569
MDTUSDT,BUY,LIMIT,1701247384302,1300,0.1150517
MDTUSDT,BUY,LIMIT,1701247386188,4314,0.1151056
MDTUSDT,BUY,LIMIT,1701247387455,14988,0.1151784
MDTUSDT,BUY,LIMIT,1701247388625,282,0.1152241
MDTUSDT,BUY,LIMIT,1701247389647,1570,0.1155051
MDTUSDT,BUY,LIMIT,1701247392037,5270,0.1158898
MDTUSDT,BUY,LIMIT,1701247393037,296,0.1159479
MDTUSDT,BUY,LIMIT,1701247394099,8144,0.1160029
MDTUSDT,BUY,LIMIT,1701247395194,5501,0.1160059
MDTUSDT,BUY,LIMIT,1701247456850,9525,0.1157898
MDTUSDT,BUY,LIMIT,1701247535287,3851,0.1142324
MDTUSDT,BUY,LIMIT,1701247566423,217,0.1146173
MDTUSDT,BUY,LIMIT,1701247576893,1112,0.1147739
MDTUSDT,BUY,LIMIT,1701247578823,297,0.1143057
MDTUSDT,BUY,LIMIT,1701247585197,2833,0.1156985
MDTUSDT,BUY,LIMIT,1701247589143,139,0.1156363
MDTUSDT,SELL,LIMIT,1701247679498,28635,0.1078549
MDTUSDT,SELL,LIMIT,1701247682760,220,0.1078237
MDTUSDT,SELL,LIMIT,1701247692049,1,0.1074765
MDTUSDT,SELL,LIMIT,1701247693265,16627,0.1074066
MDTUSDT,SELL,LIMIT,1701247975056,1020,0.1071817
MDTUSDT,BUY,LIMIT,1701248006820,6705,0.1138952
MDTUSDT,BUY,LIMIT,1701248102906,187,0.1135759
MDTUSDT,BUY,LIMIT,1701248105218,79,0.1148208
MDTUSDT,BUY,LIMIT,1701248133390,79,0.1151105
MDTUSDT,BUY,LIMIT,1701248134840,3362,0.1151698
MDTUSDT,BUY,LIMIT,1701248151134,12758,0.1155843
MDTUSDT,BUY,LIMIT,1701248152156,178,0.1160271
MDTUSDT,BUY,LIMIT,1701248153190,1594,0.1162588
MDTUSDT,BUY,LIMIT,1701248154208,1639,0.1162395
MDTUSDT,BUY,LIMIT,1701248155231,192,0.1163720
MDTUSDT,BUY,LIMIT,1701248156247,5959,0.1167959
MDTUSDT,BUY,LIMIT,1701248164267,1829,0.1168760
MDTUSDT,BUY,LIMIT,1701248215114,622,0.1169051
MDTUSDT,BUY,LIMIT,1701248216168,2926,0.1169712
MDTUSDT,BUY,LIMIT,1701248217267,16361,0.1170578
MDTUSDT,BUY,LIMIT,1701248235715,15530,0.1172677
MDTUSDT,BUY,LIMIT,1701248238074,267,0.1173629
MDTUSDT,BUY,LIMIT,1701248239210,1462,0.1175260
MDTUSDT,BUY,LIMIT,1701248322785,1012,0.1172774
MDTUSDT,BUY,LIMIT,1701248337508,11411,0.1176608
MDTUSDT,BUY,LIMIT,1701248338536,3368,0.1177406
MDTUSDT,BUY,LIMIT,1701248340643,3919,0.1177686
MDTUSDT,BUY,LIMIT,1701248346028,384,0.1178501
MDTUSDT,BUY,LIMIT,1701248647190,2107,0.1179354
MDTUSDT,BUY,LIMIT,1701248648260,2566,0.1181040
MDTUSDT,BUY,LIMIT,1701248649275,44124,0.1181021
MDTUSDT,BUY,LIMIT,1701248658641,50922,0.1184033
MDTUSDT,BUY,LIMIT,1701248659725,16455,0.1185910
MDTUSDT,BUY,LIMIT,1701248660738,1640,0.1186747
MDTUSDT,BUY,LIMIT,1701248662002,2915,0.1188407
MDTUSDT,BUY,LIMIT,1701248749402,640,0.1188034
MDTUSDT,BUY,LIMIT,1701248754164,79,0.1189206
MDTUSDT,BUY,LIMIT,1701248755242,891,0.1189429
MDTUSDT,BUY,LIMIT,1701248756324,20909,0.1190497
MDTUSDT,BUY,LIMIT,1701248757330,440,0.1190473
MDTUSDT,BUY,LIMIT,1701248758387,4664,0.1192150
MDTUSDT,BUY,LIMIT,1701248762447,507,0.1192296
MDTUSDT,BUY,LIMIT,1701248770046,44487,0.1193918
MDTUSDT,BUY,LIMIT,1701248771088,3358,0.1194794
MDTUSDT,BUY,LIMIT,1701248772169,7596,0.1194918
MDTUSDT,BUY,LIMIT,1701248773177,313,0.1196820
MDTUSDT,BUY,LIMIT,1701248774238,51,0.1197032
MDTUSDT,BUY,LIMIT,1701248775278,6666,0.1199775
MDTUSDT,BUY,LIMIT,1701248776301,1946,0.1201391
MDTUSDT,BUY,LIMIT,1701248777309,7347,0.1203740
MDTUSDT,BUY,LIMIT,1701248778408,2756,0.1205929
MDTUSDT,BUY,LIMIT,1701248783066,3534,0.1207749
MDTUSDT,BUY,LIMIT,1701248784164,1739,0.1207270
MDTUSDT,BUY,LIMIT,1701248785239,500,0.1210290
MDTUSDT,BUY,LIMIT,1701248786271,6537,0.1212097
MDTUSDT,BUY,LIMIT,1701248788717,618,0.1210687
MDTUSDT,BUY,LIMIT,1701248790014,98,0.1210879
MDTUSDT,BUY,LIMIT,1701248791023,19451,0.1211218
MDTUSDT,BUY,LIMIT,1701248824426,1242,0.1213371
MDTUSDT,BUY,LIMIT,1701248843099,288,0.1216532
MDTUSDT,BUY,LIMIT,1701248844170,12221,0.1215933
MDTUSDT,BUY,LIMIT,1701248845177,4242,0.1218400
MDTUSDT,BUY,LIMIT,1701248848594,8493,0.1219010
MDTUSDT,BUY,LIMIT,1701248849596,2461,0.1219398
MDTUSDT,BUY,LIMIT,1701248851039,17401,0.1226831
MDTUSDT,BUY,LIMIT,1701248852089,97,0.1225225
MDTUSDT,BUY,LIMIT,1701248853492,3865,0.1226126
MDTUSDT,BUY,LIMIT,1701248854768,380,0.1226619
MDTUSDT,BUY,LIMIT,1701248856616,1200,0.1226285
MDTUSDT,SELL,LIMIT,1701248965057,27127,0.1141440
MDTUSDT,SELL,LIMIT,1701249010404,837,0.1139343
MDTUSDT,SELL,LIMIT,1701249031577,691,0.1135655
MDTUSDT,SELL,LIMIT,1701249038432,6947,0.1131107
MDTUSDT,SELL,LIMIT,1701249042484,2076,0.1129504
MDTUSDT,SELL,LIMIT,1701249043551,1213,0.1129286
MDTUSDT,SELL,LIMIT,1701249047996,4176,0.1126524
MDTUSDT,SELL,LIMIT,1701249064801,9512,0.1121788
MDTUSDT,SELL,LIMIT,1701249076529,252,0.1117033
MDTUSDT,SELL,LIMIT,1701249077575,2263,0.1114831
MDTUSDT,SELL,LIMIT,1701249078834,18643,0.1114215
MDTUSDT,SELL,LIMIT,1701249080167,516,0.1112801
MDTUSDT,SELL,LIMIT,1701249091499,4413,0.1108121
MDTUSDT,SELL,LIMIT,1701249113782,2061,0.1102232
MDTUSDT,SELL,LIMIT,1701249115233,1055,0.1101488
MDTUSDT,SELL,LIMIT,1701249119049,1704,0.1101062
MDTUSDT,SELL,LIMIT,1701249126812,521,0.1092731
MDTUSDT,SELL,LIMIT,1701249128820,9829,0.1092231
MDTUSDT,SELL,LIMIT,1701249129924,8112,0.1091778
MDTUSDT,SELL,LIMIT,1701249131064,571,0.1086365
MDTUSDT,SELL,LIMIT,1701249145065,5111,0.1082127
MDTUSDT,SELL,LIMIT,1701249146312,346,0.1083127
MDTUSDT,SELL,LIMIT,1701249188469,4291,0.1073737
MDTUSDT,SELL,LIMIT,1701249191304,7046,0.1072173
MDTUSDT,SELL,LIMIT,1701249192480,704,0.1072084
MDTUSDT,SELL,LIMIT,1701249194564,349,0.1067127
MDTUSDT,SELL,LIMIT,1701249212693,2137,0.1067231
MDTUSDT,SELL,LIMIT,1701249235834,6761,0.1066383
MDTUSDT,SELL,LIMIT,1701249239791,218,0.1064662
MDTUSDT,SELL,LIMIT,1701249241159,45,0.1063139
MDTUSDT,SELL,LIMIT,1701249243117,162,0.1059819
MDTUSDT,SELL,LIMIT,1701249244218,13,0.1060822
MDTUSDT,SELL,LIMIT,1701249251248,1275,0.1058580
MDTUSDT,SELL,LIMIT,1701249252441,22521,0.1055535
MDTUSDT,SELL,LIMIT,1701249298286,193,0.1051565
MDTUSDT,SELL,LIMIT,1701249300134,4033,0.1050726
MDTUSDT,SELL,LIMIT,1701249301380,522,0.1047771
MDTUSDT,SELL,LIMIT,1701249302406,613,0.1045699
MDTUSDT,SELL,LIMIT,1701249303653,45770,0.1044818
MDTUSDT,SELL,LIMIT,1701249305520,13035,0.1043701
MDTUSDT,SELL,LIMIT,1701249306577,7454,0.1039481
MDTUSDT,SELL,LIMIT,1701249312189,373,0.1036911
MDTUSDT,SELL,LIMIT,1701249313308,454,0.1036670
MDTUSDT,SELL,LIMIT,1701249314383,309,0.1032737
MDTUSDT,SELL,LIMIT,1701249315814,1686,0.1029843
MDTUSDT,SELL,LIMIT,1701249335322,5301,0.1028424
MDTUSDT,SELL,LIMIT,1701249336351,4301,0.1026165
MDTUSDT,SELL,LIMIT,1701249337353,3203,0.1026066
MDTUSDT,SELL,LIMIT,1701249338579,3018,0.1025639
MDTUSDT,SELL,LIMIT,1701249340141,1116,0.1023359
MDTUSDT,SELL,LIMIT,1701249343865,410,0.1020270
MDTUSDT,SELL,LIMIT,1701249344945,2584,0.1018178
MDTUSDT,SELL,LIMIT,1701249354312,2761,0.1017593
MDTUSDT,SELL,LIMIT,1701249355436,1060,0.1016707
MDTUSDT,SELL,LIMIT,1701249356549,1775,0.1015692
MDTUSDT,SELL,LIMIT,1701249357640,9380,0.1012910
MDTUSDT,SELL,LIMIT,1701249364161,154,0.1006519
MDTUSDT,SELL,LIMIT,1701249365275,4198,0.1008177
MDTUSDT,SELL,LIMIT,1701249366280,16852,0.1005458
MDTUSDT,SELL,LIMIT,1701249367533,699,0.1004453
MDTUSDT,SELL,LIMIT,1701249368549,6821,0.1002938
MDTUSDT,SELL,LIMIT,1701249370436,1368,0.0997361
MDTUSDT,SELL,LIMIT,1701249371980,2333,0.0997125
MDTUSDT,SELL,LIMIT,1701249372999,1760,0.0994179
MDTUSDT,SELL,LIMIT,1701249407215,45721,0.0992136
MDTUSDT,SELL,LIMIT,1701249408323,287,0.0992347
MDTUSDT,SELL,LIMIT,1701249409445,3550,0.0990221
MDTUSDT,SELL,LIMIT,1701249410551,918,0.0985243
MDTUSDT,SELL,LIMIT,1701249427262,1932,0.0983458
MDTUSDT,SELL,LIMIT,1701249428292,48309,0.0983458
MDTUSDT,SELL,LIMIT,1701249429295,17412,0.0981556
MDTUSDT,SELL,LIMIT,1701249436659,4045,0.0979062
MDTUSDT,SELL,LIMIT,1701249437791,472,0.0976761
MDTUSDT,SELL,LIMIT,1701249439051,514,0.0974045
MDTUSDT,SELL,LIMIT,1701249440215,20122,0.0973712
MDTUSDT,SELL,LIMIT,1701249457505,4345,0.0971433
MDTUSDT,SELL,LIMIT,1701249470048,13217,0.0971095
MDTUSDT,SELL,LIMIT,1701249471125,1318,0.0970998
MDTUSDT,SELL,LIMIT,1701249472682,3148,0.0970425
MDTUSDT,SELL,LIMIT,1701249495951,951,0.0969590
MDTUSDT,SELL,LIMIT,1701249551055,5010,0.0964681
MDTUSDT,SELL,LIMIT,1701249629286,479,0.0961084
MDTUSDT,SELL,LIMIT,1701249630478,989,0.0960654
MDTUSDT,SELL,LIMIT,1701249631526,3963,0.0958866
MDTUSDT,SELL,LIMIT,1701249634049,312,0.0958121
MDTUSDT,SELL,LIMIT,1701249635368,2666,0.0958320
MDTUSDT,SELL,LIMIT,1701249636457,2272,0.0956658
MDTUSDT,SELL,LIMIT,1701249637810,3946,0.0952787
MDTUSDT,SELL,LIMIT,1701249647314,139,0.0952305
MDTUSDT,SELL,LIMIT,1701249670040,11504,0.0948951
MDTUSDT,SELL,LIMIT,1701249671054,21350,0.0950201
MDTUSDT,SELL,LIMIT,1701249708050,3076,0.0946605
MDTUSDT,SELL,LIMIT,1701249709324,2245,0.0952324
MDTUSDT,SELL,LIMIT,1701249754091,3703,0.0944608
MDTUSDT,SELL,LIMIT,1701249755391,4043,0.0944489
MDTUSDT,SELL,LIMIT,1701249756400,309,0.0940866
MDTUSDT,SELL,LIMIT,1701249757620,14267,0.0940595
MDTUSDT,SELL,LIMIT,1701249758624,5000,0.0939174
MDTUSDT,SELL,LIMIT,1701249760254,2389,0.0934318
MDTUSDT,SELL,LIMIT,1701249761392,103,0.0935454
MDTUSDT,SELL,LIMIT,1701249768791,12754,0.0933721
MDTUSDT,SELL,LIMIT,1701249789264,1512,0.0930134
MDTUSDT,SELL,LIMIT,1701249790317,2022,0.0930475
MDTUSDT,SELL,LIMIT,1701249819048,62,0.0928461
MDTUSDT,SELL,LIMIT,1701249820061,301,0.0926325
MDTUSDT,SELL,LIMIT,1701249821129,45,0.0927619
MDTUSDT,SELL,LIMIT,1701249828177,176,0.0924375
MDTUSDT,SELL,LIMIT,1701249829392,1949,0.0924063
MDTUSDT,SELL,LIMIT,1701249834071,50026,0.0923527
MDTUSDT,SELL,LIMIT,1701249835094,7520,0.0923874
MDTUSDT,SELL,LIMIT,1701249836112,23651,0.0923208
MDTUSDT,SELL,LIMIT,1701249837222,100,0.0922228
MDTUSDT,SELL,LIMIT,1701249845071,12434,0.0920935
MDTUSDT,SELL,LIMIT,1701249846222,5675,0.0919749
MDTUSDT,SELL,LIMIT,1701249890777,7065,0.0927963
MDTUSDT,SELL,LIMIT,1701249907566,2497,0.0936824
MDTUSDT,SELL,LIMIT,1701249942878,266,0.0931384
MDTUSDT,SELL,LIMIT,1701249980081,48152,0.0918961
MDTUSDT,SELL,LIMIT,1701249981195,500,0.0916474
MDTUSDT,SELL,LIMIT,1701249982201,51,0.0916795
MDTUSDT,SELL,LIMIT,1701249983270,312,0.0914011
MDTUSDT,SELL,LIMIT,1701249992325,44648,0.0911751
MDTUSDT,SELL,LIMIT,1701249993615,40098,0.0911399
MDTUSDT,SELL,LIMIT,1701249995200,1220,0.0911034
MDTUSDT,SELL,LIMIT,1701249996376,3707,0.0910124
MDTUSDT,SELL,LIMIT,1701250021755,238,0.0909533
MDTUSDT,SELL,LIMIT,1701250026046,32489,0.0906807
MDTUSDT,SELL,LIMIT,1701250027082,49607,0.0908395
MDTUSDT,SELL,LIMIT,1701250028088,97,0.0902188
MDTUSDT,SELL,LIMIT,1701250029383,1790,0.0903921
MDTUSDT,SELL,LIMIT,1701250030400,1200,0.0900310
MDTUSDT,SELL,LIMIT,1701250031516,1755,0.0898321
MDTUSDT,SELL,LIMIT,1701250035067,300,0.0896662
MDTUSDT,SELL,LIMIT,1701250036148,16334,0.0896955
MDTUSDT,SELL,LIMIT,1701250037569,46808,0.0893189
MDTUSDT,SELL,LIMIT,1701250038617,29344,0.0891393
MDTUSDT,SELL,LIMIT,1701250039695,17024,0.0890316
MDTUSDT,SELL,LIMIT,1701250041177,1212,0.0886509
MDTUSDT,SELL,LIMIT,1701250042451,1186,0.0885108
MDTUSDT,SELL,LIMIT,1701250052081,9826,0.0883841
MDTUSDT,SELL,LIMIT,1701250053104,5982,0.0882197
MDTUSDT,SELL,LIMIT,1701250054951,6435,0.0880566
MDTUSDT,SELL,LIMIT,1701250077558,2301,0.0879411
MDTUSDT,SELL,LIMIT,1701250098044,2720,0.0878936
MDTUSDT,SELL,LIMIT,1701250099182,17563,0.0876128
MDTUSDT,SELL,LIMIT,1701250106793,685,0.0874946
MDTUSDT,SELL,LIMIT,1701250152133,8929,0.0873181
MDTUSDT,SELL,LIMIT,1701250153144,1849,0.0874164
MDTUSDT,SELL,LIMIT,1701250192377,9220,0.0871642
MDTUSDT,SELL,LIMIT,1701250193451,618,0.0872155
MDTUSDT,SELL,LIMIT,1701250201558,4852,0.0870694
MDTUSDT,SELL,LIMIT,1701250202926,17203,0.0869789
MDTUSDT,SELL,LIMIT,1701250212302,800,0.0869096
MDTUSDT,SELL,LIMIT,1701250272091,142,0.0871221
MDTUSDT,SELL,LIMIT,1701250274157,637,0.0867784
MDTUSDT,SELL,LIMIT,1701250275259,23481,0.0865540
MDTUSDT,SELL,LIMIT,1701250276266,229,0.0864797
MDTUSDT,SELL,LIMIT,1701250277467,13750,0.0864216
MDTUSDT,SELL,LIMIT,1701250278668,260,0.0862883
MDTUSDT,SELL,LIMIT,1701250281471,865,0.0862009
MDTUSDT,BUY,LIMIT,1701250367344,3710,0.0925503
MDTUSDT,BUY,LIMIT,1701250368408,3480,0.0926629
MDTUSDT,BUY,LIMIT,1701250383089,568,0.0930696
MDTUSDT,SELL,LIMIT,1701250492978,156,0.0866287
MDTUSDT,SELL,LIMIT,1701250505409,547,0.0865160
MDTUSDT,SELL,LIMIT,1701250515270,662,0.0861635
MDTUSDT,SELL,LIMIT,1701250516287,484,0.0860394
MDTUSDT,SELL,LIMIT,1701250549350,55253,0.0858928
MDTUSDT,SELL,LIMIT,1701250551055,56310,0.0857588
MDTUSDT,SELL,LIMIT,1701250552070,2894,0.0857123
MDTUSDT,SELL,LIMIT,1701250553214,4239,0.0854992
MDTUSDT,SELL,LIMIT,1701250554242,139,0.0855191
MDTUSDT,SELL,LIMIT,1701250555357,451,0.0851373
MDTUSDT,SELL,LIMIT,1701250556363,14457,0.0852230
MDTUSDT,SELL,LIMIT,1701250557399,289,0.0849789
MDTUSDT,SELL,LIMIT,1701250570149,219,0.0847898
MDTUSDT,SELL,LIMIT,1701250571242,3,0.0847520
MDTUSDT,SELL,LIMIT,1701250577127,2384,0.0846189
MDTUSDT,SELL,LIMIT,1701250598077,1043,0.0844441
MDTUSDT,SELL,LIMIT,1701250599138,1506,0.0843708
MDTUSDT,SELL,LIMIT,1701250600190,1129,0.0840928
MDTUSDT,SELL,LIMIT,1701250605192,1008,0.0841334
MDTUSDT,SELL,LIMIT,1701250607091,147,0.0841135
MDTUSDT,SELL,LIMIT,1701250639057,2072,0.0840511
MDTUSDT,SELL,LIMIT,1701250646113,3875,0.0838025
MDTUSDT,SELL,LIMIT,1701250647175,9955,0.0836177
MDTUSDT,SELL,LIMIT,1701250648299,171,0.0836737
MDTUSDT,SELL,LIMIT,1701250649507,22727,0.0836177
MDTUSDT,SELL,LIMIT,1701250680054,404,0.0834300
MDTUSDT,SELL,LIMIT,1701250681216,4891,0.0834319
MDTUSDT,SELL,LIMIT,1701250682351,150,0.0833448
MDTUSDT,SELL,LIMIT,1701250686537,5353,0.0831883
MDTUSDT,SELL,LIMIT,1701250687577,3209,0.0829792
MDTUSDT,SELL,LIMIT,1701250689045,16581,0.0827878
MDTUSDT,SELL,LIMIT,1701250690135,919,0.0828277
MDTUSDT,SELL,LIMIT,1701250692051,13407,0.0826371
MDTUSDT,SELL,LIMIT,1701250693241,509,0.0825508
MDTUSDT,SELL,LIMIT,1701250704238,1345,0.0824110
MDTUSDT,SELL,LIMIT,1701250722673,507,0.0823350
MDTUSDT,SELL,LIMIT,1701250723751,57411,0.0823238
MDTUSDT,SELL,LIMIT,1701250725091,359,0.0821511
MDTUSDT,SELL,LIMIT,1701250726118,9000,0.0820924
MDTUSDT,SELL,LIMIT,1701250727267,3575,0.0819177
MDTUSDT,SELL,LIMIT,1701250731069,988,0.0818568
MDTUSDT,SELL,LIMIT,1701250751377,1943,0.0816006
MDTUSDT,SELL,LIMIT,1701250752528,1550,0.0815027
MDTUSDT,SELL,LIMIT,1701250773037,79234,0.0813787
MDTUSDT,SELL,LIMIT,1701250774180,351,0.0813980
MDTUSDT,SELL,LIMIT,1701250776481,38151,0.0814389
MDTUSDT,SELL,LIMIT,1701250787196,2327,0.0813718
MDTUSDT,SELL,LIMIT,1701250788233,241300,0.0808686
MDTUSDT,SELL,LIMIT,1701250794454,110,0.0811088
MDTUSDT,SELL,LIMIT,1701250798353,20797,0.0811089
MDTUSDT,SELL,LIMIT,1701250801774,58363,0.0810668
MDTUSDT,SELL,LIMIT,1701250809196,32218,0.0810181
MDTUSDT,SELL,LIMIT,1701250810202,4167,0.0809253
MDTUSDT,SELL,LIMIT,1701250811251,35660,0.0806783
MDTUSDT,SELL,LIMIT,1701250812435,1863,0.0807671
MDTUSDT,SELL,LIMIT,1701250815239,9403,0.0804357
MDTUSDT,SELL,LIMIT,1701250817435,23,0.0804367
MDTUSDT,SELL,LIMIT,1701250823226,1833,0.0803871
MDTUSDT,SELL,LIMIT,1701250824408,50000,0.0803483
MDTUSDT,SELL,LIMIT,1701250841058,2500,0.0802445
MDTUSDT,SELL,LIMIT,1701250861566,4536,0.0802473
MDTUSDT,SELL,LIMIT,1701250864654,113,0.0801179
MDTUSDT,SELL,LIMIT,1701250870125,1655,0.0799369
MDTUSDT,SELL,LIMIT,1701250871202,3776,0.0799865
MDTUSDT,SELL,LIMIT,1701250872216,27613,0.0794743
MDTUSDT,SELL,LIMIT,1701250873796,1187,0.0793207
MDTUSDT,SELL,LIMIT,1701250917079,8511,0.0792177
MDTUSDT,SELL,LIMIT,1701250919460,1636,0.0792177
MDTUSDT,SELL,LIMIT,1701250925389,1719,0.0790532
MDTUSDT,SELL,LIMIT,1701250926484,70,0.0790480
MDTUSDT,SELL,LIMIT,1701250927506,7281,0.0789479
MDTUSDT,SELL,LIMIT,1701250928538,87948,0.0783121
MDTUSDT,SELL,LIMIT,1701250929542,6897,0.0785759
MDTUSDT,SELL,LIMIT,1701250966905,1024,0.0784197
MDTUSDT,SELL,LIMIT,1701250967927,90244,0.0781796
MDTUSDT,SELL,LIMIT,1701250977153,288,0.0781952
MDTUSDT,SELL,LIMIT,1701251019129,3320,0.0781975
MDTUSDT,SELL,LIMIT,1701251034158,2679,0.0781682
MDTUSDT,SELL,LIMIT,1701251035366,363,0.0781826
MDTUSDT,SELL,LIMIT,1701251036464,102,0.0780708
MDTUSDT,SELL,LIMIT,1701251080070,1453,0.0778473
MDTUSDT,SELL,LIMIT,1701251081083,8634,0.0779440
MDTUSDT,SELL,LIMIT,1701251082118,5417,0.0776919
MDTUSDT,SELL,LIMIT,1701251083231,3420,0.0775114
MDTUSDT,SELL,LIMIT,1701251110917,11847,0.0774239
MDTUSDT,SELL,LIMIT,1701251112527,15193,0.0774098
MDTUSDT,SELL,LIMIT,1701251129252,22102,0.0772581
MDTUSDT,SELL,LIMIT,1701251130426,161,0.0772893
MDTUSDT,SELL,LIMIT,1701251131720,27341,0.0771304
MDTUSDT,SELL,LIMIT,1701251140048,12579,0.0769296
MDTUSDT,SELL,LIMIT,1701251141093,538,0.0769021
MDTUSDT,SELL,LIMIT,1701251146468,462,0.0768758
MDTUSDT,SELL,LIMIT,1701251147854,57,0.0767564
MDTUSDT,SELL,LIMIT,1701251173253,2457,0.0764733
MDTUSDT,SELL,LIMIT,1701251174346,26266,0.0764548
MDTUSDT,SELL,LIMIT,1701251176807,2586,0.0764006
MDTUSDT,SELL,LIMIT,1701251185234,169,0.0767145
MDTUSDT,BUY,LIMIT,1701251226163,3198,0.0819882
MDTUSDT,BUY,LIMIT,1701251227298,121,0.0821073
MDTUSDT,BUY,LIMIT,1701251237102,13685,0.0824441
MDTUSDT,BUY,LIMIT,1701251238345,171,0.0824779
MDTUSDT,BUY,LIMIT,1701251239827,34339,0.0825674
MDTUSDT,BUY,LIMIT,1701251241350,12838,0.0827402
MDTUSDT,SELL,LIMIT,1701251289087,6283,0.0763719
MDTUSDT,SELL,LIMIT,1701251291234,483,0.0762822
MDTUSDT,SELL,LIMIT,1701251304114,297,0.0761521
MDTUSDT,SELL,LIMIT,1701251305119,670,0.0761607
MDTUSDT,SELL,LIMIT,1701251306355,1449,0.0759201
MDTUSDT,SELL,LIMIT,1701251313258,1904,0.0758663
MDTUSDT,SELL,LIMIT,1701251314705,23574,0.0758072
MDTUSDT,SELL,LIMIT,1701251318420,45042,0.0758815
MDTUSDT,SELL,LIMIT,1701251320557,18701,0.0758212
MDTUSDT,SELL,LIMIT,1701251322136,57228,0.0754654
MDTUSDT,SELL,LIMIT,1701251323289,1591,0.0755463
MDTUSDT,SELL,LIMIT,1701251324608,56546,0.0754529
MDTUSDT,SELL,LIMIT,1701251326321,6636,0.0753710
MDTUSDT,SELL,LIMIT,1701251340707,191160,0.0751281
MDTUSDT,SELL,LIMIT,1701251343245,542,0.0752552
MDTUSDT,SELL,LIMIT,1701251344393,32632,0.0752465
MDTUSDT,SELL,LIMIT,1701251345435,166,0.0751029
MDTUSDT,SELL,LIMIT,1701251346445,57055,0.0749519
MDTUSDT,SELL,LIMIT,1701251347521,7641,0.0747334
MDTUSDT,SELL,LIMIT,1701251349042,14081,0.0745121
MDTUSDT,SELL,LIMIT,1701251350139,535,0.0744259
MDTUSDT,SELL,LIMIT,1701251370068,20468,0.0742341
MDTUSDT,SELL,LIMIT,1701251375731,11678,0.0742631
MDTUSDT,SELL,LIMIT,1701251397168,105,0.0741200
MDTUSDT,SELL,LIMIT,1701251398223,406,0.0738887
MDTUSDT,SELL,LIMIT,1701251404085,4287,0.0738082
MDTUSDT,SELL,LIMIT,1701251405129,11007,0.0737900
MDTUSDT,SELL,LIMIT,1701251406156,564,0.0736494
MDTUSDT,SELL,LIMIT,1701251407247,11823,0.0736442
MDTUSDT,SELL,LIMIT,1701251408908,52425,0.0735103
MDTUSDT,SELL,LIMIT,1701251410191,2900,0.0732774
MDTUSDT,SELL,LIMIT,1701251411216,3639,0.0732670
MDTUSDT,BUY,LIMIT,1701251459168,1503,0.0784524
MDTUSDT,BUY,LIMIT,1701251468638,2615,0.0786285
MDTUSDT,BUY,LIMIT,1701251470293,9339,0.0790369
MDTUSDT,BUY,LIMIT,1701251471324,265,0.0790483
MDTUSDT,BUY,LIMIT,1701251474855,996,0.0791156
MDTUSDT,BUY,LIMIT,1701251516626,783,0.0795592
MDTUSDT,BUY,LIMIT,1701251517719,1425,0.0797906
MDTUSDT,BUY,LIMIT,1701251529872,4512,0.0799348
MDTUSDT,BUY,LIMIT,1701251530926,9699,0.0799527
MDTUSDT,BUY,LIMIT,1701251537424,65402,0.0802572
MDTUSDT,BUY,LIMIT,1701251539071,2844,0.0803551
MDTUSDT,BUY,LIMIT,1701251540664,198,0.0804008
MDTUSDT,SELL,LIMIT,1701251598021,3092,0.0748995
MDTUSDT,BUY,LIMIT,1701251649326,854,0.0798564
MDTUSDT,BUY,LIMIT,1701251650904,22715,0.0801123
MDTUSDT,BUY,LIMIT,1701251652588,7985,0.0802153
MDTUSDT,SELL,LIMIT,1701251873431,18087,0.0748374
MDTUSDT,SELL,LIMIT,1701251875726,635,0.0748189
MDTUSDT,SELL,LIMIT,1701251876730,239,0.0741157
MDTUSDT,SELL,LIMIT,1701251878271,11096,0.0739816
MDTUSDT,SELL,LIMIT,1701251879377,256,0.0739816
MDTUSDT,SELL,LIMIT,1701251890038,2576,0.0739256
MDTUSDT,SELL,LIMIT,1701251891275,672,0.0738714
MDTUSDT,SELL,LIMIT,1701251895455,13616,0.0735879
MDTUSDT,SELL,LIMIT,1701251896796,2615,0.0734995
MDTUSDT,SELL,LIMIT,1701251898153,16029,0.0733819
MDTUSDT,BUY,LIMIT,1701251981599,1549,0.0790063
MDTUSDT,BUY,LIMIT,1701251983271,33103,0.0792808
MDTUSDT,BUY,LIMIT,1701251984519,4004,0.0793677
MDTUSDT,SELL,LIMIT,1701252012362,14685,0.0738700
MDTUSDT,SELL,LIMIT,1701252014324,936,0.0736817
MDTUSDT,SELL,LIMIT,1701252015914,13256,0.0733739
MDTUSDT,SELL,LIMIT,1701252019091,2505,0.0732098
MDTUSDT,SELL,LIMIT,1701252020107,931,0.0732032
MDTUSDT,SELL,LIMIT,1701252021322,9085,0.0730219
MDTUSDT,SELL,LIMIT,1701252022621,54,0.0730069
MDTUSDT,SELL,LIMIT,1701252023681,46069,0.0728206
MDTUSDT,SELL,LIMIT,1701252026197,4242,0.0727776
MDTUSDT,SELL,LIMIT,1701252027226,5784,0.0728683
MDTUSDT,SELL,LIMIT,1701252028313,115,0.0725865
MDTUSDT,SELL,LIMIT,1701252029359,1261,0.0725505
MDTUSDT,SELL,LIMIT,1701252031034,905,0.0723633
MDTUSDT,SELL,LIMIT,1701252032113,484,0.0724627
MDTUSDT,SELL,LIMIT,1701252041220,11547,0.0721739
MDTUSDT,SELL,LIMIT,1701252042268,2337,0.0721847
MDTUSDT,SELL,LIMIT,1701252045045,669,0.0720443
MDTUSDT,SELL,LIMIT,1701252046065,7026,0.0719253
MDTUSDT,SELL,LIMIT,1701252047194,13650,0.0718402
MDTUSDT,SELL,LIMIT,1701252048256,8367,0.0715213
MDTUSDT,SELL,LIMIT,1701252049365,1085,0.0716220
MDTUSDT,SELL,LIMIT,1701252050389,1856,0.0714625
MDTUSDT,SELL,LIMIT,1701252052058,135627,0.0711428
MDTUSDT,SELL,LIMIT,1701252053124,5241,0.0713050
MDTUSDT,SELL,LIMIT,1701252054588,3457,0.0711682
MDTUSDT,SELL,LIMIT,1701252057072,33733,0.0710868
MDTUSDT,SELL,LIMIT,1701252058144,761,0.0711577
MDTUSDT,SELL,LIMIT,1701252059855,3297,0.0709806
MDTUSDT,SELL,LIMIT,1701252065433,3806,0.0709605
MDTUSDT,SELL,LIMIT,1701252070035,4308,0.0709149
MDTUSDT,SELL,LIMIT,1701252071035,113070,0.0707093
MDTUSDT,SELL,LIMIT,1701252072079,8177,0.0706762
MDTUSDT,SELL,LIMIT,1701252073113,33062,0.0703496
MDTUSDT,SELL,LIMIT,1701252075409,639,0.0703312
MDTUSDT,SELL,LIMIT,1701252082707,65034,0.0702463
MDTUSDT,SELL,LIMIT,1701252084035,2009,0.0701200
MDTUSDT,SELL,LIMIT,1701252085036,250,0.0700947
MDTUSDT,SELL,LIMIT,1701252086095,3137,0.0700522
MDTUSDT,SELL,LIMIT,1701252089048,18697,0.0697887
MDTUSDT,SELL,LIMIT,1701252090152,6256,0.0698411
MDTUSDT,SELL,LIMIT,1701252091259,14357,0.0696513
MDTUSDT,SELL,LIMIT,1701252092278,68,0.0694621
MDTUSDT,SELL,LIMIT,1701252093296,555,0.0693909
MDTUSDT,SELL,LIMIT,1701252094639,50728,0.0693202
MDTUSDT,SELL,LIMIT,1701252117094,10583,0.0690651
MDTUSDT,SELL,LIMIT,1701252118481,13315,0.0691177
MDTUSDT,SELL,LIMIT,1701252119598,140,0.0688068
MDTUSDT,SELL,LIMIT,1701252123289,204442,0.0684935
MDTUSDT,SELL,LIMIT,1701252124324,20918,0.0685771
MDTUSDT,SELL,LIMIT,1701252125326,4848,0.0685001
MDTUSDT,SELL,LIMIT,1701252126409,6251,0.0682928
MDTUSDT,SELL,LIMIT,1701252131060,28737,0.0679864
MDTUSDT,SELL,LIMIT,1701252132094,2932,0.0680894
MDTUSDT,SELL,LIMIT,1701252133675,5155,0.0678115
MDTUSDT,SELL,LIMIT,1701252136533,297,0.0677304
MDTUSDT,SELL,LIMIT,1701252137546,3036,0.0675690
MDTUSDT,SELL,LIMIT,1701252145287,393,0.0674746
MDTUSDT,SELL,LIMIT,1701252146297,14741,0.0674386
MDTUSDT,SELL,LIMIT,1701252147739,10442,0.0673268
MDTUSDT,SELL,LIMIT,1701252171214,46365,0.0671595
MDTUSDT,SELL,LIMIT,1701252172336,333,0.0672235
MDTUSDT,SELL,LIMIT,1701252174234,3469,0.0670013
MDTUSDT,SELL,LIMIT,1701252175312,9722,0.0671307
MDTUSDT,SELL,LIMIT,1701252192278,69112,0.0669866
MDTUSDT,SELL,LIMIT,1701252225436,930,0.0669879
MDTUSDT,SELL,LIMIT,1701252269096,222,0.0665905
MDTUSDT,SELL,LIMIT,1701252270112,1221,0.0668494
MDTUSDT,SELL,LIMIT,1701252271159,2762,0.0663855
MDTUSDT,SELL,LIMIT,1701252277352,1220,0.0663718
MDTUSDT,SELL,LIMIT,1701252279536,47723,0.0662453
MDTUSDT,BUY,LIMIT,1701252318295,6566,0.0710721
MDTUSDT,BUY,LIMIT,1701252319397,297,0.0711141
MDTUSDT,BUY,LIMIT,1701252322138,1531,0.0712820
MDTUSDT,BUY,LIMIT,1701252323277,962,0.0713240
MDTUSDT,BUY,LIMIT,1701252332375,1531,0.0715075
MDTUSDT,BUY,LIMIT,1701252366302,87,0.0717824
MDTUSDT,BUY,LIMIT,1701252367320,17577,0.0717725
MDTUSDT,BUY,LIMIT,1701252369093,134,0.0718277
MDTUSDT,BUY,LIMIT,1701252370100,359,0.0719012
MDTUSDT,BUY,LIMIT,1701252376321,1097,0.0721017
MDTUSDT,BUY,LIMIT,1701252377820,730,0.0721216
MDTUSDT,BUY,LIMIT,1701252379076,35455,0.0723343
MDTUSDT,BUY,LIMIT,1701252380240,3265,0.0723945
MDTUSDT,BUY,LIMIT,1701252416127,3210,0.0726877
MDTUSDT,BUY,LIMIT,1701252426813,1439,0.0730159
MDTUSDT,BUY,LIMIT,1701252473261,8784,0.0730178
MDTUSDT,BUY,LIMIT,1701252565843,4768,0.0730662
MDTUSDT,BUY,LIMIT,1701252573330,6302,0.0733494
MDTUSDT,BUY,LIMIT,1701252591144,35760,0.0734258
MDTUSDT,SELL,LIMIT,1701252665697,25205,0.0683400
MDTUSDT,SELL,LIMIT,1701252667543,18750,0.0682237
MDTUSDT,SELL,LIMIT,1701252668571,8659,0.0680626
MDTUSDT,SELL,LIMIT,1701252670185,6425,0.0679532
MDTUSDT,SELL,LIMIT,1701252671247,2252,0.0678144
MDTUSDT,SELL,LIMIT,1701252672309,350,0.0678563
MDTUSDT,SELL,LIMIT,1701252674873,2813,0.0676177
MDTUSDT,SELL,LIMIT,1701252679047,4047,0.0676224
MDTUSDT,SELL,LIMIT,1701252680532,361,0.0675479
MDTUSDT,SELL,LIMIT,1701252681706,1889,0.0673218
MDTUSDT,SELL,LIMIT,1701252683046,366,0.0671340
MDTUSDT,SELL,LIMIT,1701252709175,15989,0.0669471
MDTUSDT,SELL,LIMIT,1701252710287,70,0.0670856
MDTUSDT,SELL,LIMIT,1701252713158,22556,0.0667675
MDTUSDT,SELL,LIMIT,1701252724137,39346,0.0666243
MDTUSDT,SELL,LIMIT,1701252726182,4152,0.0665477
MDTUSDT,SELL,LIMIT,1701252727192,12336,0.0661176
MDTUSDT,BUY,LIMIT,1701252771560,699,0.0709796
MDTUSDT,BUY,LIMIT,1701252814441,1105,0.0710828
MDTUSDT,BUY,LIMIT,1701252820151,493,0.0713122
MDTUSDT,BUY,LIMIT,1701252868298,2503,0.0715896
MDTUSDT,BUY,LIMIT,1701252902419,17574,0.0720106
MDTUSDT,BUY,LIMIT,1701252972341,4218,0.0720372
MDTUSDT,BUY,LIMIT,1701253038069,39214,0.0725451
MDTUSDT,BUY,LIMIT,1701253156752,15,0.0718591
MDTUSDT,SELL,LIMIT,1701253230345,6,0.1314042
MDTUSDT,BUY,LIMIT,1701253249036,1746,0.0727957
MDTUSDT,BUY,LIMIT,1701253250339,1470,0.0730747
MDTUSDT,BUY,LIMIT,1701253252107,2995,0.0730851
MDTUSDT,SELL,LIMIT,1701253341222,4780,0.0690068
MDTUSDT,BUY,LIMIT,1701253542163,3769,0.0735804
MDTUSDT,BUY,LIMIT,1701253543221,2841,0.0734367
MDTUSDT,BUY,LIMIT,1701253544266,188,0.0736224
MDTUSDT,BUY,LIMIT,1701253568358,1263,0.0741338
MDTUSDT,SELL,LIMIT,1701253979155,51581,0.0689766
MDTUSDT,SELL,LIMIT,1701253980459,552,0.0688734
MDTUSDT,SELL,LIMIT,1701253991099,1012,0.0686041
MDTUSDT,SELL,LIMIT,1701253992209,40231,0.0686231
MDTUSDT,SELL,LIMIT,1701253993211,4181,0.0681236
MDTUSDT,SELL,LIMIT,1701253994250,14198,0.0683005
MDTUSDT,BUY,LIMIT,1701254136182,135,0.0728562
MDTUSDT,BUY,LIMIT,1701254137689,348,0.0733150
MDTUSDT,SELL,LIMIT,1701254417338,7404,0.0689075
MDTUSDT,SELL,LIMIT,1701254425614,1425,0.0684164
MDTUSDT,SELL,LIMIT,1701254772102,64842,0.0683238
MDTUSDT,SELL,LIMIT,1701254775855,472,0.0682771
MDTUSDT,SELL,LIMIT,1701254777499,160,0.0682150
MDTUSDT,SELL,LIMIT,1701254778779,2527,0.0681450
MDTUSDT,SELL,LIMIT,1701254780093,3173,0.0680621
MDTUSDT,SELL,LIMIT,1701254781261,3489,0.0680876
MDTUSDT,SELL,LIMIT,1701254785261,6560,0.0679680
MDTUSDT,SELL,LIMIT,1701254786556,7615,0.0679204
MDTUSDT,SELL,LIMIT,1701254801340,5073,0.0679109
MDTUSDT,SELL,LIMIT,1701254802362,13000,0.0678965
MDTUSDT,SELL,LIMIT,1701254937468,3512,0.0677083
MDTUSDT,SELL,LIMIT,1701254939168,861,0.0676325
MDTUSDT,SELL,LIMIT,1701254940219,16606,0.0675248
MDTUSDT,SELL,LIMIT,1701254941333,1552,0.0674630
MDTUSDT,SELL,LIMIT,1701254945208,185,0.0673845
MDTUSDT,SELL,LIMIT,1701254972286,1411,0.0672966
MDTUSDT,SELL,LIMIT,1701254973589,1232,0.0671965
MDTUSDT,SELL,LIMIT,1701254974832,2246,0.0669891
MDTUSDT,SELL,LIMIT,1701254976114,18247,0.0668401
MDTUSDT,SELL,LIMIT,1701254977306,12897,0.0668000
MDTUSDT,SELL,LIMIT,1701254985632,1937,0.0665400
MDTUSDT,SELL,LIMIT,1701254987163,4084,0.0664624
MDTUSDT,SELL,LIMIT,1701254988192,6797,0.0665141
MDTUSDT,SELL,LIMIT,1701254989256,20160,0.0662075
MDTUSDT,SELL,LIMIT,1701255001065,22242,0.0662621
MDTUSDT,SELL,LIMIT,1701255002066,2873,0.0661226
MDTUSDT,SELL,LIMIT,1701255010106,3448,0.0659899
MDTUSDT,SELL,LIMIT,1701255011169,1877,0.0660390
MDTUSDT,SELL,LIMIT,1701255012169,313,0.0657762
MDTUSDT,SELL,LIMIT,1701255013178,309,0.0657465
MDTUSDT,SELL,LIMIT,1701255014270,615,0.0655625
MDTUSDT,SELL,LIMIT,1701255015308,36231,0.0655639
MDTUSDT,SELL,LIMIT,1701255017550,153,0.0655368
MDTUSDT,SELL,LIMIT,1701255053286,167,0.0654244
MDTUSDT,SELL,LIMIT,1701255060732,46883,0.0654060
MDTUSDT,SELL,LIMIT,1701255061849,243,0.0652596
MDTUSDT,SELL,LIMIT,1701255063045,3877,0.0651153
MDTUSDT,SELL,LIMIT,1701255064431,12014,0.0649796
MDTUSDT,SELL,LIMIT,1701255066192,2763,0.0649402
MDTUSDT,SELL,LIMIT,1701255067353,13003,0.0649533
MDTUSDT,SELL,LIMIT,1701255068527,5492,0.0648448
MDTUSDT,SELL,LIMIT,1701255070117,211,0.0648206
MDTUSDT,SELL,LIMIT,1701255076075,7074,0.0646713
MDTUSDT,SELL,LIMIT,1701255077156,10306,0.0646380
MDTUSDT,SELL,LIMIT,1701255078225,27694,0.0645803
MDTUSDT,SELL,LIMIT,1701255083256,2225,0.0645363
MDTUSDT,SELL,LIMIT,1701255110116,1770,0.0644889
MDTUSDT,SELL,LIMIT,1701255111153,138,0.0644496
MDTUSDT,SELL,LIMIT,1701255112300,3084,0.0642659
MDTUSDT,SELL,LIMIT,1701255114377,28716,0.0642368
MDTUSDT,SELL,LIMIT,1701255124063,2341,0.0642101
MDTUSDT,SELL,LIMIT,1701255132136,1483,0.0640436
MDTUSDT,SELL,LIMIT,1701255133165,1452,0.0639604
MDTUSDT,SELL,LIMIT,1701255134316,72992,0.0639472
MDTUSDT,SELL,LIMIT,1701255135318,9081,0.0638955
MDTUSDT,SELL,LIMIT,1701255136346,19608,0.0639273
MDTUSDT,BUY,LIMIT,1701255148775,83,0.0666408
MDTUSDT,SELL,LIMIT,1701255169075,1176,0.0633497
MDTUSDT,SELL,LIMIT,1701255170144,2757,0.0636623
MDTUSDT,SELL,LIMIT,1701255171401,10810,0.0633434
MDTUSDT,SELL,LIMIT,1701255176204,1272,0.0633211
MDTUSDT,SELL,LIMIT,1701255177244,31969,0.0633113
MDTUSDT,SELL,LIMIT,1701255181185,13036,0.0632149
MDTUSDT,SELL,LIMIT,1701255182425,12147,0.0631713
MDTUSDT,SELL,LIMIT,1701255183915,5521,0.0631450
MDTUSDT,SELL,LIMIT,1701255185159,607,0.0630716
MDTUSDT,SELL,LIMIT,1701255186290,11983,0.0631231
MDTUSDT,SELL,LIMIT,1701255191755,1811,0.0630589
MDTUSDT,SELL,LIMIT,1701255192881,824,0.0630016
MDTUSDT,BUY,LIMIT,1701255290517,12650,0.0673503
MDTUSDT,BUY,LIMIT,1701255293097,2865,0.0675353
MDTUSDT,BUY,LIMIT,1701255294172,969,0.0675294
MDTUSDT,BUY,LIMIT,1701255302113,83,0.0677872
MDTUSDT,BUY,LIMIT,1701255311125,6586,0.0678234
MDTUSDT,BUY,LIMIT,1701255312326,12564,0.0678907
MDTUSDT,BUY,LIMIT,1701255365644,8052,0.0681488
MDTUSDT,BUY,LIMIT,1701255549296,175,0.0682793
MDTUSDT,BUY,LIMIT,1701255597048,2321,0.0688877
MDTUSDT,BUY,LIMIT,1701255705228,75,0.0674587
MDTUSDT,BUY,LIMIT,1701255792202,1803,0.0692218
MDTUSDT,BUY,LIMIT,1701255848394,14564,0.0694991
MDTUSDT,BUY,LIMIT,1701256059381,4332,0.0696149
MDTUSDT,BUY,LIMIT,1701256062374,188,0.0697433
MDTUSDT,BUY,LIMIT,1701256270337,1918,0.0697929
MDTUSDT,BUY,LIMIT,1701256271515,4342,0.0698223
MDTUSDT,BUY,LIMIT,1701256278011,1317,0.0700646
MDTUSDT,SELL,LIMIT,1701257291157,291,0.0649953
MDTUSDT,SELL,LIMIT,1701257292253,13279,0.0648389
MDTUSDT,SELL,LIMIT,1701259173030,5243,0.0660023
MDTUSDT,SELL,LIMIT,1701259220387,655,0.0648096
MDTUSDT,SELL,LIMIT,1701259227525,1946,0.0646583
MDTUSDT,SELL,LIMIT,1701259229361,15150,0.0646518
MDTUSDT,SELL,LIMIT,1701259230569,7252,0.0646368
MDTUSDT,SELL,LIMIT,1701259231757,4512,0.0645991
MDTUSDT,SELL,LIMIT,1701259233200,12881,0.0644522
MDTUSDT,SELL,LIMIT,1701259237875,237,0.0645138
MDTUSDT,SELL,LIMIT,1701259269114,22682,0.0642186
MDTUSDT,SELL,LIMIT,1701259270206,793,0.0641841
MDTUSDT,SELL,LIMIT,1701259271415,4696,0.0638991
MDTUSDT,SELL,LIMIT,1701259272457,160,0.0640665
MDTUSDT,SELL,LIMIT,1701259273782,182,0.0637689
MDTUSDT,SELL,LIMIT,1701259279459,28571,0.0638714
MDTUSDT,BUY,LIMIT,1701259372430,647,0.0683893
MDTUSDT,SELL,LIMIT,1701259467962,1605,0.0654806
MDTUSDT,BUY,LIMIT,1701259524791,3072,0.0686038
MDTUSDT,BUY,LIMIT,1701259689050,283,0.0669258
MDTUSDT,SELL,LIMIT,1701259817114,311,0.0657437
MDTUSDT,BUY,LIMIT,1701259904327,13490,0.0688291
MDTUSDT,BUY,LIMIT,1701261447004,2938,0.0691576
MDTUSDT,BUY,LIMIT,1701261448286,74567,0.0692605
MDTUSDT,BUY,LIMIT,1701261453343,978,0.0695111
MDTUSDT,BUY,LIMIT,1701261454814,18208,0.0696835
MDTUSDT,BUY,LIMIT,1701261464392,6213,0.0697972
MDTUSDT,BUY,LIMIT,1701261465428,1702,0.0699197
MDTUSDT,SELL,LIMIT,1701262912033,2091,0.0666988
MDTUSDT,SELL,LIMIT,1701263328192,24163,0.0652094
MDTUSDT,SELL,LIMIT,1701263372188,30106,0.0649267
MDTUSDT,SELL,LIMIT,1701263384239,733,0.0648242
MDTUSDT,SELL,LIMIT,1701263386107,39804,0.0646812
MDTUSDT,SELL,LIMIT,1701263438951,513,0.0647772
MDTUSDT,SELL,LIMIT,1701263458082,1527,0.0646204
MDTUSDT,SELL,LIMIT,1701263467402,31272,0.0645101
MDTUSDT,SELL,LIMIT,1701263543302,2826,0.0643490
MDTUSDT,SELL,LIMIT,1701263551233,2410,0.0642331
MDTUSDT,SELL,LIMIT,1701263552284,725,0.0642762
MDTUSDT,SELL,LIMIT,1701263554502,6486,0.0641556
MDTUSDT,SELL,LIMIT,1701263856438,3000,0.0648365
MDTUSDT,SELL,LIMIT,1701263936469,12612,0.0648282
MDTUSDT,SELL,LIMIT,1701263947889,420,0.0647367
MDTUSDT,SELL,LIMIT,1701263949251,169,0.0656848
MDTUSDT,SELL,LIMIT,1701263950304,7677,0.0647217
MDTUSDT,SELL,LIMIT,1701264064654,1621,0.0649596
MDTUSDT,SELL,LIMIT,1701264152700,73902,0.0641206
MDTUSDT,SELL,LIMIT,1701264153828,45135,0.0641019
MDTUSDT,SELL,LIMIT,1701264155035,1593,0.0640633
MDTUSDT,SELL,LIMIT,1701264156056,180,0.0639310
MDTUSDT,SELL,LIMIT,1701264170198,340,0.0639023
MDTUSDT,SELL,LIMIT,1701264171271,1946,0.0638471
MDTUSDT,SELL,LIMIT,1701264172276,743,0.0636361
MDTUSDT,SELL,LIMIT,1701264173295,297,0.0635625
MDTUSDT,SELL,LIMIT,1701264174332,2537,0.0634041
MDTUSDT,SELL,LIMIT,1701264175352,88,0.0633677
MDTUSDT,SELL,LIMIT,1701264184138,3926,0.0632381
MDTUSDT,SELL,LIMIT,1701264185178,18758,0.0632631
MDTUSDT,SELL,LIMIT,1701264186181,48508,0.0631392
MDTUSDT,SELL,LIMIT,1701264187287,1307,0.0630450
MDTUSDT,SELL,LIMIT,1701264188350,4745,0.0629794
MDTUSDT,SELL,LIMIT,1701264189391,9415,0.0629952
MDTUSDT,SELL,LIMIT,1701264191028,284,0.0626615
MDTUSDT,SELL,LIMIT,1701264192073,303,0.0627240
MDTUSDT,SELL,LIMIT,1701264193079,6777,0.0623869
MDTUSDT,SELL,LIMIT,1701264194096,574,0.0623541
MDTUSDT,SELL,LIMIT,1701264195994,207,0.0623149
MDTUSDT,BUY,LIMIT,1701264250854,7173,0.0670182
MDTUSDT,BUY,LIMIT,1701264670087,167,0.0672414
MDTUSDT,BUY,LIMIT,1701269417825,276,0.0683094
MDTUSDT,BUY,LIMIT,1701269419055,1075,0.0686338
MDTUSDT,BUY,LIMIT,1701269442305,324,0.0687171
MDTUSDT,SELL,LIMIT,1701270275112,237,0.0651594
MDTUSDT,SELL,LIMIT,1701270337431,21456,0.0649381
MDTUSDT,SELL,LIMIT,1701270402205,6985,0.0648927
MDTUSDT,SELL,LIMIT,1701270416418,2000,0.0648503
MDTUSDT,SELL,LIMIT,1701270437807,355,0.0648730
MDTUSDT,SELL,LIMIT,1701270441206,343,0.0648673
MDTUSDT,SELL,LIMIT,1701270452951,983,0.0648153
MDTUSDT,SELL,LIMIT,1701270480362,1504,0.0700516
MDTUSDT,SELL,LIMIT,1701270507165,12574,0.0649024
MDTUSDT,SELL,LIMIT,1701270549047,11031,0.0648807
MDTUSDT,BUY,LIMIT,1701270616368,5863,0.0676335
MDTUSDT,SELL,LIMIT,1701270618238,97,0.0649349
MDTUSDT,SELL,LIMIT,1701270755782,3306,0.0649691
MDTUSDT,SELL,LIMIT,1701271655380,1640,0.0647370
MDTUSDT,SELL,LIMIT,1701271662384,495,0.0645450
MDTUSDT,SELL,LIMIT,1701271813457,14077,0.0643516
MDTUSDT,SELL,LIMIT,1701271815171,1231,0.0640990
MDTUSDT,SELL,LIMIT,1701272179240,6447,0.0637826
MDTUSDT,SELL,LIMIT,1701272388109,23900,0.0634425
MDTUSDT,SELL,LIMIT,1701272389231,544,0.0636399
MDTUSDT,SELL,LIMIT,1701272420783,530,0.0634747
MDTUSDT,SELL,LIMIT,1701272424661,4781,0.0634453
MDTUSDT,BUY,LIMIT,1701272470069,2099,0.0653223
MDTUSDT,SELL,LIMIT,1701272888448,216,0.0639994
MDTUSDT,SELL,LIMIT,1701273193791,3773,0.0637099
MDTUSDT,SELL,LIMIT,1701273887542,2804,0.0632155
MDTUSDT,SELL,LIMIT,1701273889061,4539,0.0626397
MDTUSDT,SELL,LIMIT,1701273889962,4148,0.0627781
MDTUSDT,SELL,LIMIT,1701273891152,7988,0.0624521
MDTUSDT,SELL,LIMIT,1701273899424,826,0.0624118
MDTUSDT,SELL,LIMIT,1701273902292,75339,0.0623757
MDTUSDT,SELL,LIMIT,1701273906288,430,0.0623616
MDTUSDT,SELL,LIMIT,1701273919041,239,0.0621623
MDTUSDT,SELL,LIMIT,1701273920085,1048,0.0623075
MDTUSDT,SELL,LIMIT,1701273966755,56170,0.0622372
MDTUSDT,SELL,LIMIT,1701274051155,23893,0.0621510
MDTUSDT,SELL,LIMIT,1701274060159,638,0.0620031
MDTUSDT,SELL,LIMIT,1701274061618,243,0.0619820
MDTUSDT,SELL,LIMIT,1701274062622,912,0.0618222
MDTUSDT,SELL,LIMIT,1701274063872,3283,0.0617803
MDTUSDT,SELL,LIMIT,1701274069124,557,0.0617683
MDTUSDT,SELL,LIMIT,1701274070165,588,0.0615973
MDTUSDT,SELL,LIMIT,1701274071221,20753,0.0616990
MDTUSDT,SELL,LIMIT,1701274073121,37265,0.0614776
MDTUSDT,SELL,LIMIT,1701274074085,1200,0.0615047
MDTUSDT,SELL,LIMIT,1701274113076,10966,0.0613690
MDTUSDT,SELL,LIMIT,1701274114104,31106,0.0612619
MDTUSDT,SELL,LIMIT,1701274115113,6765,0.0611690
MDTUSDT,SELL,LIMIT,1701274116337,7188,0.0611840
MDTUSDT,SELL,LIMIT,1701274153217,1079,0.0611326
MDTUSDT,SELL,LIMIT,1701274162989,9405,0.0611136
MDTUSDT,SELL,LIMIT,1701274430298,1589,0.0620955
MDTUSDT,BUY,LIMIT,1701274546322,260,0.0649536
MDTUSDT,SELL,LIMIT,1701275607667,1037,0.0630851
MDTUSDT,BUY,LIMIT,1701275644255,6132,0.0657541
MDTUSDT,BUY,LIMIT,1701275668832,8478,0.0659693
MDTUSDT,SELL,LIMIT,1701275932695,5481,0.0624065
MDTUSDT,BUY,LIMIT,1701276239251,15088,0.0660301
MDTUSDT,BUY,LIMIT,1701276247427,106,0.0661715
MDTUSDT,BUY,LIMIT,1701279952226,994,0.0664784
MDTUSDT,BUY,LIMIT,1701279961408,57461,0.0664999
MDTUSDT,SELL,LIMIT,1701281379553,10830,0.0636707
MDTUSDT,BUY,LIMIT,1701281403341,870,0.0652887
MDTUSDT,SELL,LIMIT,1701282166220,2283,0.0641009
MDTUSDT,BUY,LIMIT,1701283087894,4306,0.0665545
MDTUSDT,BUY,LIMIT,1701283128095,400,0.0666477
MDTUSDT,BUY,LIMIT,1701283134311,578,0.0666754
MDTUSDT,BUY,LIMIT,1701283140114,9443,0.0666887
MDTUSDT,BUY,LIMIT,1701283141183,82,0.0666940
MDTUSDT,BUY,LIMIT,1701283153638,94,0.0667167
MDTUSDT,BUY,LIMIT,1701283164236,102,0.0668174
MDTUSDT,BUY,LIMIT,1701283199470,1156,0.0668296
MDTUSDT,BUY,LIMIT,1701283203303,55436,0.0668587
MDTUSDT,SELL,LIMIT,1701283614046,4,0.0638826
MDTUSDT,SELL,LIMIT,1701283761316,38263,0.0641120
MDTUSDT,SELL,LIMIT,1701283763168,240,0.0647286
MDTUSDT,SELL,LIMIT,1701283764344,2757,0.0644760
MDTUSDT,BUY,LIMIT,1701283833677,147,0.0666404
MDTUSDT,SELL,LIMIT,1701283835265,53,0.0640235
MDTUSDT,SELL,LIMIT,1701283836303,694,0.0640333
MDTUSDT,BUY,LIMIT,1701283841962,25,0.0666264
MDTUSDT,SELL,LIMIT,1701283921718,7542,0.0640838
MDTUSDT,BUY,LIMIT,1701284381373,303,0.0669146
MDTUSDT,SELL,LIMIT,1701284422576,12674,0.0645618
MDTUSDT,SELL,LIMIT,1701284489732,4325,0.0641411
MDTUSDT,SELL,LIMIT,1701284491073,2035,0.0641814
MDTUSDT,SELL,LIMIT,1701284931910,45224,0.0638845
MDTUSDT,SELL,LIMIT,1701284958315,82,0.0644156
MDTUSDT,SELL,LIMIT,1701284959399,378,0.0682214
MDTUSDT,BUY,LIMIT,1701285028179,19764,0.0669771
MDTUSDT,BUY,LIMIT,1701285039050,494,0.0670021
MDTUSDT,BUY,LIMIT,1701285051299,10673,0.0670169
MDTUSDT,SELL,LIMIT,1701285057101,508,0.0644057
MDTUSDT,SELL,LIMIT,1701285224139,1449,0.0644057
MDTUSDT,BUY,LIMIT,1701285241156,1548,0.0670770
MDTUSDT,BUY,LIMIT,1701285660678,11718,0.0673205
MDTUSDT,BUY,LIMIT,1701285663071,1181,0.0674240
MDTUSDT,BUY,LIMIT,1701285813446,1785,0.0676087
MDTUSDT,BUY,LIMIT,1701285837242,1759,0.0676441
MDTUSDT,BUY,LIMIT,1701285840433,9240,0.0676954
MDTUSDT,BUY,LIMIT,1701285947124,64033,0.0677008
MDTUSDT,BUY,LIMIT,1701285959344,18403,0.0677420
MDTUSDT,BUY,LIMIT,1701286185112,3231,0.0679441
MDTUSDT,BUY,LIMIT,1701286186130,3729,0.0678069
MDTUSDT,BUY,LIMIT,1701286187778,661,0.0679940
MDTUSDT,SELL,LIMIT,1701286336157,391,0.0638570
MDTUSDT,SELL,LIMIT,1701286338986,9834,0.0636450
MDTUSDT,SELL,LIMIT,1701288669106,83,0.0644886
MDTUSDT,SELL,LIMIT,1701290168693,1017,0.0639880
MDTUSDT,SELL,LIMIT,1701290179272,5859,0.0639259
MDTUSDT,SELL,LIMIT,1701290180676,9356,0.0639346
MDTUSDT,SELL,LIMIT,1701290201631,36490,0.0638073
MDTUSDT,SELL,LIMIT,1701290339284,2584,0.0637797
MDTUSDT,SELL,LIMIT,1701290340737,12333,0.0637909
MDTUSDT,SELL,LIMIT,1701290347001,6546,0.0638256
MDTUSDT,SELL,LIMIT,1701290350406,4214,0.0636426
MDTUSDT,SELL,LIMIT,1701292636349,1009,0.0633759
MDTUSDT,SELL,LIMIT,1701293102186,328,0.0631742
MDTUSDT,SELL,LIMIT,1701293103260,831,0.0628301
MDTUSDT,SELL,LIMIT,1701293106079,18982,0.0626264
MDTUSDT,SELL,LIMIT,1701295029899,559,0.0633879
MDTUSDT,SELL,LIMIT,1701297168328,1677,0.0626115
MDTUSDT,SELL,LIMIT,1701297169392,7425,0.0625324
MDTUSDT,SELL,LIMIT,1701297172538,129,0.0625004
MDTUSDT,SELL,LIMIT,1701297703424,38753,0.0629945
MDTUSDT,SELL,LIMIT,1701301998255,634,0.0631242
MDTUSDT,SELL,LIMIT,1701303344345,3687,0.0638028
MDTUSDT,SELL,LIMIT,1701303392361,43939,0.0637515
MDTUSDT,SELL,LIMIT,1701305384421,31770,0.0644417
MDTUSDT,BUY,LIMIT,1701305412880,77668,0.0669461
MDTUSDT,SELL,LIMIT,1701305522278,44810,0.0643694
MDTUSDT,BUY,LIMIT,1701305752523,1347,0.0672601
MDTUSDT,BUY,LIMIT,1701305777712,194,0.0673610
MDTUSDT,SELL,LIMIT,1701306423239,29931,0.0630605
MDTUSDT,BUY,LIMIT,1701315394428,1277,0.0658953
MDTUSDT,BUY,LIMIT,1701315461321,110,0.0657531
