Symbol,Side,Order Type,Time,Quantity,Price
MDTUSDT,SELL,LIMIT,1701934333389,336,0.0580942
MDTUSDT,SELL,LIMIT,1701941151187,55289,0.0565867
MDTUSDT,SELL,LIMIT,1701941152212,6127,0.0565461
MDTUSDT,SELL,LIMIT,1701941154228,427,0.0565308
MDTUSDT,SELL,LIMIT,1701941159948,663,0.0564805
MDTUSDT,SELL,LIMIT,1701941173901,252,0.0564013
MDTUSDT,SELL,LIMIT,1701941182227,46632,0.0562478
MDTUSDT,SELL,LIMIT,1701941183318,3568,0.0562567
MDTUSDT,SELL,LIMIT,1701941187250,44215,0.0562099
MDTUSDT,SELL,LIMIT,1701941238178,2524,0.0561258
MDTUSDT,SELL,LIMIT,1701941241097,185,0.0560926
MDTUSDT,SELL,LIMIT,1701941245441,5234,0.0560619
MDTUSDT,SELL,LIMIT,1701941246592,1068,0.0560497
MDTUSDT,SELL,LIMIT,1701941248203,1021,0.0560239
MDTUSDT,BUY,LIMIT,1701953038966,210,0.0610657
MDTUSDT,BUY,LIMIT,1701953057526,94,0.0617031
MDTUSDT,BUY,LIMIT,1701953215155,11548,0.0623858
MDTUSDT,BUY,LIMIT,1701953225558,99,0.0624794
MDTUSDT,BUY,LIMIT,1701953258799,687,0.0631611
MDTUSDT,BUY,LIMIT,1701953276190,391,0.0632230
MDTUSDT,BUY,LIMIT,1701953280416,172,0.0633179
MDTUSDT,SELL,LIMIT,1701953382757,6403,0.0592311
MDTUSDT,SELL,LIMIT,1701953415889,40089,0.0586422
MDTUSDT,SELL,LIMIT,1701953417245,81273,0.0583788
MDTUSDT,SELL,LIMIT,1701953418752,8201,0.0582474
MDTUSDT,SELL,LIMIT,1701953423566,11855,0.0581965
MDTUSDT,SELL,LIMIT,1701953724518,1939,0.0575789
MDTUSDT,SELL,LIMIT,1701956904666,71474,0.0578998
MDTUSDT,SELL,LIMIT,1701959611187,586,0.0587752
MDTUSDT,SELL,LIMIT,1701970178456,342,0.0591972
MDTUSDT,SELL,LIMIT,1701984758147,79164,0.0606164
MDTUSDT,SELL,LIMIT,1702008918794,112805,0.0602508
MDTUSDT,SELL,LIMIT,1702032904190,12330,0.0595652
MDTUSDT,SELL,LIMIT,1702048326348,3138,0.0595155
MDTUSDT,BUY,LIMIT,1702060219093,1880,0.0615756
MDTUSDT,SELL,LIMIT,1702060844151,15566,0.0590719
MDTUSDT,SELL,LIMIT,1702065568747,4411,0.0594164
MDTUSDT,BUY,LIMIT,1702069116977,1090,0.0631060
MDTUSDT,BUY,LIMIT,1702069127361,365,0.0632468
MDTUSDT,BUY,LIMIT,1702069132752,85,0.0633654
MDTUSDT,BUY,LIMIT,1702069136286,4947,0.0634138
MDTUSDT,BUY,LIMIT,1702069152179,351,0.0637692
MDTUSDT,BUY,LIMIT,1702069157184,6556,0.0640381
MDTUSDT,BUY,LIMIT,1702069163522,459,0.0644743
MDTUSDT,BUY,LIMIT,1702069165536,6622,0.0645363
MDTUSDT,BUY,LIMIT,1702069168084,110,0.0650651
MDTUSDT,BUY,LIMIT,1702069169132,9798,0.0650972
MDTUSDT,BUY,LIMIT,1702069179147,10772,0.0652518
MDTUSDT,BUY,LIMIT,1702069186826,514,0.0654220
MDTUSDT,SELL,LIMIT,1702069273136,93,0.0605617
MDTUSDT,BUY,LIMIT,1702079069014,9556,0.0631459
MDTUSDT,BUY,LIMIT,1702080687269,2066,0.0632853
MDTUSDT,BUY,LIMIT,1702091874539,5656,0.0656823
MDTUSDT,BUY,LIMIT,1702091899099,44144,0.0660896
MDTUSDT,BUY,LIMIT,1702091900197,299,0.0661182
MDTUSDT,SELL,LIMIT,1702102387343,10792,0.0619142
MDTUSDT,BUY,LIMIT,1702103285832,520,0.0651592
MDTUSDT,BUY,LIMIT,1702109656282,1658,0.0660825
MDTUSDT,BUY,LIMIT,1702110827145,968,0.0664292
MDTUSDT,BUY,LIMIT,1702110838502,1492,0.0665188
MDTUSDT,SELL,LIMIT,1702110973723,2738,0.0626794
MDTUSDT,SELL,LIMIT,1702110977804,4605,0.0622203
MDTUSDT,SELL,LIMIT,1702110982493,981,0.0620477
MDTUSDT,SELL,LIMIT,1702111039352,379,0.0618346
MDTUSDT,SELL,LIMIT,1702111044237,6618,0.0620398
MDTUSDT,SELL,LIMIT,1702111046610,52950,0.0614078
MDTUSDT,SELL,LIMIT,1702111191139,2654,0.0611683
MDTUSDT,SELL,LIMIT,1702111194272,6965,0.0609563
MDTUSDT,SELL,LIMIT,1702111204446,6410,0.0608700
MDTUSDT,SELL,LIMIT,1702111361010,39963,0.0608129
MDTUSDT,SELL,LIMIT,1702111373136,75889,0.0607493
MDTUSDT,SELL,LIMIT,1702111376325,388,0.0607301
MDTUSDT,SELL,LIMIT,1702111382801,486,0.0607009
MDTUSDT,SELL,LIMIT,1702111384959,1117,0.0604974
MDTUSDT,SELL,LIMIT,1702132610202,158,0.0600418
MDTUSDT,SELL,LIMIT,1702132628307,9421,0.0599980
MDTUSDT,SELL,LIMIT,1702132668908,14920,0.0598683
MDTUSDT,SELL,LIMIT,1702132822262,6724,0.0597927
MDTUSDT,SELL,LIMIT,1702132954175,5146,0.0604453
MDTUSDT,SELL,LIMIT,1702132998572,151000,0.0595949
MDTUSDT,SELL,LIMIT,1702133009182,36362,0.0596043
MDTUSDT,SELL,LIMIT,1702133341010,12251,0.0595784
MDTUSDT,SELL,LIMIT,1702134887441,149,0.0594242
MDTUSDT,SELL,LIMIT,1702138954215,500,0.0596517
MDTUSDT,SELL,LIMIT,1702141190758,2227,0.0594571
MDTUSDT,SELL,LIMIT,1702141649759,11092,0.0590655
MDTUSDT,SELL,LIMIT,1702141740806,2760,0.0592728
MDTUSDT,SELL,LIMIT,1702141755177,86,0.0589746
MDTUSDT,SELL,LIMIT,1702141848561,20000,0.0589429
MDTUSDT,SELL,LIMIT,1702141851279,16588,0.0589315
MDTUSDT,SELL,LIMIT,1702141852469,18746,0.0588643
MDTUSDT,SELL,LIMIT,1702142654275,19071,0.0587978
MDTUSDT,SELL,LIMIT,1702142657312,658,0.0587895
MDTUSDT,SELL,LIMIT,1702142659375,307,0.0587401
MDTUSDT,SELL,LIMIT,1702142837419,10424,0.0585778
MDTUSDT,SELL,LIMIT,1702142839572,45464,0.0585686
MDTUSDT,SELL,LIMIT,1702142942584,10329,0.0584733
MDTUSDT,SELL,LIMIT,1702144794059,437,0.0583780
MDTUSDT,SELL,LIMIT,1702153011334,14997,0.0581983
MDTUSDT,SELL,LIMIT,1702153012771,913,0.0581049
MDTUSDT,SELL,LIMIT,1702153016643,459,0.0579757
MDTUSDT,SELL,LIMIT,1702153733295,5878,0.0580129
MDTUSDT,SELL,LIMIT,1702153913471,1930,0.0579654
MDTUSDT,SELL,LIMIT,1702156256537,200,0.0579372
MDTUSDT,SELL,LIMIT,1702156343235,458,0.0578490
MDTUSDT,SELL,LIMIT,1702156348875,164105,0.0576561
MDTUSDT,SELL,LIMIT,1702156350583,9127,0.0577438
MDTUSDT,SELL,LIMIT,1702156367051,3041,0.0577457
MDTUSDT,SELL,LIMIT,1702164212235,24793,0.0577533
MDTUSDT,SELL,LIMIT,1702164543414,121,0.0575340
MDTUSDT,SELL,LIMIT,1702164547368,3834,0.0574379
MDTUSDT,SELL,LIMIT,1702164553701,84476,0.0573757
MDTUSDT,SELL,LIMIT,1702164749456,1670,0.0572321
MDTUSDT,SELL,LIMIT,1702164752397,2015,0.0571874
MDTUSDT,SELL,LIMIT,1702164753421,25791,0.0572022
MDTUSDT,SELL,LIMIT,1702164765414,5018,0.0571499
MDTUSDT,SELL,LIMIT,1702164800682,28310,0.0570337
MDTUSDT,SELL,LIMIT,1702164801747,4975,0.0570361
MDTUSDT,SELL,LIMIT,1702164803516,523,0.0569749
MDTUSDT,SELL,LIMIT,1702164806712,2463,0.0569469
MDTUSDT,SELL,LIMIT,1702164808433,38574,0.0569290
MDTUSDT,SELL,LIMIT,1702164809492,52682,0.0569283
MDTUSDT,SELL,LIMIT,1702164810535,1555,0.0568253
MDTUSDT,SELL,LIMIT,1702164840546,1253,0.0569773
MDTUSDT,BUY,LIMIT,1702186211938,4,0.0610655
MDTUSDT,SELL,LIMIT,1702200934285,10213,0.0575653
MDTUSDT,SELL,LIMIT,1702202157134,806,0.0577221
MDTUSDT,SELL,LIMIT,1702202290595,1712,0.0577103
MDTUSDT,SELL,LIMIT,1702202349231,2009,0.0576839
MDTUSDT,SELL,LIMIT,1702202382336,1285,0.0575634
MDTUSDT,SELL,LIMIT,1702202394097,920,0.0575402
MDTUSDT,SELL,LIMIT,1702250195393,2950,0.0600329
MDTUSDT,SELL,LIMIT,1702256511970,25536,0.0593055
MDTUSDT,SELL,LIMIT,1702256620301,1620,0.0589486
MDTUSDT,SELL,LIMIT,1702256914853,14162,0.0588402
MDTUSDT,SELL,LIMIT,1702260434748,66833,0.0587217
MDTUSDT,SELL,LIMIT,1702260439128,11911,0.0586002
MDTUSDT,SELL,LIMIT,1702260444120,1892,0.0585272
MDTUSDT,SELL,LIMIT,1702260628648,3309,0.0583216
MDTUSDT,SELL,LIMIT,1702260631361,10597,0.0582836
MDTUSDT,SELL,LIMIT,1702260633255,2406,0.0582327
MDTUSDT,SELL,LIMIT,1702260635665,6673,0.0582555
MDTUSDT,SELL,LIMIT,1702260637318,13112,0.0581640
MDTUSDT,SELL,LIMIT,1702260667123,3360,0.0580641
MDTUSDT,SELL,LIMIT,1702260668471,1472,0.0580405
MDTUSDT,SELL,LIMIT,1702260695737,8427,0.0578790
MDTUSDT,SELL,LIMIT,1702260701362,65125,0.0578649
MDTUSDT,SELL,LIMIT,1702260707587,4738,0.0579042
MDTUSDT,SELL,LIMIT,1702260709608,10153,0.0578481
MDTUSDT,BUY,LIMIT,1702260711572,673,0.0602021
MDTUSDT,SELL,LIMIT,1702260712894,3656,0.0578413
MDTUSDT,SELL,LIMIT,1702260714932,6014,0.0578136
MDTUSDT,SELL,LIMIT,1702260716508,84183,0.0576702
MDTUSDT,SELL,LIMIT,1702260717688,12161,0.0576675
MDTUSDT,SELL,LIMIT,1702260719438,6680,0.0575663
MDTUSDT,SELL,LIMIT,1702260720672,165,0.0575904
MDTUSDT,SELL,LIMIT,1702260722093,12000,0.0575135
MDTUSDT,SELL,LIMIT,1702260724489,11597,0.0573331
MDTUSDT,SELL,LIMIT,1702260728064,105865,0.0572719
MDTUSDT,SELL,LIMIT,1702260729642,4900,0.0573282
MDTUSDT,SELL,LIMIT,1702260731496,3185,0.0572944
MDTUSDT,SELL,LIMIT,1702260732818,17298,0.0572243
MDTUSDT,SELL,LIMIT,1702260733879,1989,0.0572115
MDTUSDT,BUY,LIMIT,1702260735488,1,0.0594850
MDTUSDT,SELL,LIMIT,1702260736502,50428,0.0573322
MDTUSDT,SELL,LIMIT,1702260738418,3337,0.0570370
MDTUSDT,SELL,LIMIT,1702260739818,262,0.0570370
MDTUSDT,SELL,LIMIT,1702260742392,119,0.1133936
MDTUSDT,SELL,LIMIT,1702260745660,3212,0.0570240
MDTUSDT,SELL,LIMIT,1702260748776,3719,0.0570100
MDTUSDT,SELL,LIMIT,1702260749956,700,0.0569486
MDTUSDT,SELL,LIMIT,1702260752031,5013,0.0570563
MDTUSDT,SELL,LIMIT,1702260753431,37296,0.0570160
MDTUSDT,SELL,LIMIT,1702260754527,7464,0.0570018
MDTUSDT,SELL,LIMIT,1702260756963,216,0.0569876
MDTUSDT,SELL,LIMIT,1702260758465,4086,0.0649280
MDTUSDT,SELL,LIMIT,1702260759788,1014,0.0567852
MDTUSDT,SELL,LIMIT,1702260760844,61789,0.0567657
MDTUSDT,SELL,LIMIT,1702260762176,2303,0.0567348
MDTUSDT,SELL,LIMIT,1702260763643,1544,0.0566669
MDTUSDT,SELL,LIMIT,1702260764784,8005,0.0565486
MDTUSDT,SELL,LIMIT,1702260765866,32729,0.0601841
MDTUSDT,SELL,LIMIT,1702260767044,4293,0.0564277
MDTUSDT,SELL,LIMIT,1702260768534,248938,0.0561449
MDTUSDT,SELL,LIMIT,1702260769548,383,0.0560443
MDTUSDT,SELL,LIMIT,1702260770677,21000,0.0559754
MDTUSDT,SELL,LIMIT,1702260771854,17793,0.0557433
MDTUSDT,SELL,LIMIT,1702260772867,778,0.0558604
MDTUSDT,SELL,LIMIT,1702260774335,274,0.0556084
MDTUSDT,SELL,LIMIT,1702260775426,4401,0.0554707
MDTUSDT,SELL,LIMIT,1702260776581,62029,0.0554494
MDTUSDT,SELL,LIMIT,1702260777659,4209,0.0559411
MDTUSDT,SELL,LIMIT,1702260778693,738,0.0550674
MDTUSDT,SELL,LIMIT,1702260779696,742,0.0550624
MDTUSDT,SELL,LIMIT,1702260780821,86525,0.0548531
MDTUSDT,SELL,LIMIT,1702260781851,454,0.0548142
MDTUSDT,SELL,LIMIT,1702260783064,21123,0.0547659
MDTUSDT,SELL,LIMIT,1702260784102,18599,0.0547361
MDTUSDT,SELL,LIMIT,1702260785123,49102,0.0548596
MDTUSDT,SELL,LIMIT,1702260786352,4555,0.0547144
MDTUSDT,SELL,LIMIT,1702260787526,349,0.0545733
MDTUSDT,SELL,LIMIT,1702260788547,4343,0.0548850
MDTUSDT,SELL,LIMIT,1702260789588,95234,0.0544077
MDTUSDT,SELL,LIMIT,1702260790951,906,0.0544950
MDTUSDT,SELL,LIMIT,1702260792239,418,0.0545630
MDTUSDT,SELL,LIMIT,1702260793374,721,0.0541099
MDTUSDT,SELL,LIMIT,1702260794422,13524,0.0542827
MDTUSDT,SELL,LIMIT,1702260795563,1025,0.0540950
MDTUSDT,SELL,LIMIT,1702260797301,87,0.0539963
MDTUSDT,SELL,LIMIT,1702260798972,8259,0.0539859
MDTUSDT,SELL,LIMIT,1702260800587,62577,0.0537728
MDTUSDT,SELL,LIMIT,1702260801618,35772,0.0538991
MDTUSDT,SELL,LIMIT,1702260802643,9956,0.0538991
MDTUSDT,SELL,LIMIT,1702260803764,8368,0.0538374
MDTUSDT,SELL,LIMIT,1702260804971,142,0.0536080
MDTUSDT,SELL,LIMIT,1702260805992,56871,0.0535889
MDTUSDT,SELL,LIMIT,1702260807399,3789,0.0536071
MDTUSDT,SELL,LIMIT,1702260808403,1184,0.0535668
MDTUSDT,SELL,LIMIT,1702260809414,349869,0.0533650
MDTUSDT,SELL,LIMIT,1702260810554,19914,0.0534711
MDTUSDT,SELL,LIMIT,1702260811566,1743195,0.0521519
MDTUSDT,SELL,LIMIT,1702260814207,6956,0.0532041
MDTUSDT,SELL,LIMIT,1702260815266,438,0.0533802
MDTUSDT,SELL,LIMIT,1702260816718,10000,0.0532425
MDTUSDT,SELL,LIMIT,1702260817880,4145,0.0530267
MDTUSDT,SELL,LIMIT,1702260818896,2875,0.0527299
MDTUSDT,SELL,LIMIT,1702260820822,84,0.0528107
MDTUSDT,SELL,LIMIT,1702260823074,3651,0.0524323
MDTUSDT,SELL,LIMIT,1702260827045,41902,0.0525621
MDTUSDT,SELL,LIMIT,1702260828440,5589,0.0525576
MDTUSDT,SELL,LIMIT,1702260831091,2542,0.0522814
MDTUSDT,SELL,LIMIT,1702260832249,61334,0.0523524
MDTUSDT,BUY,LIMIT,1702260845161,10356,0.0552737
MDTUSDT,BUY,LIMIT,1702260851456,1482,0.0556715
MDTUSDT,SELL,LIMIT,1702260861356,406,0.0541625
MDTUSDT,BUY,LIMIT,1702261108926,819,0.0576605
MDTUSDT,SELL,LIMIT,1702264517424,337,0.0559189
