Symbol,Side,Order Type,Time,Quantity,Price
MEMEUSDT,SELL,LIMIT,1700847662261,3529,0.0269788
MEMEUSDT,SELL,LIMIT,1700847750604,1378,0.0269450
MEMEUSDT,SELL,LIMIT,1700847865070,712,0.0269262
MEMEUSDT,SELL,LIMIT,1700847866562,9109,0.0269147
MEMEUSDT,BUY,LIMIT,1700848633798,20074,0.0277511
MEMEUSDT,SELL,LIMIT,1700848899704,2706,0.0269148
MEMEUSDT,SELL,LIMIT,1700848924035,181975,0.0268862
MEMEUSDT,BUY,LIMIT,1700849371100,38638,0.0278090
MEMEUSDT,SELL,LIMIT,1700849655077,70748,0.0268649
MEMEUSDT,SELL,LIMIT,1700849681053,3285,0.0268397
MEMEUSDT,SELL,LIMIT,1700849682991,3119,0.0268352
MEMEUSDT,SELL,LIMIT,1700849719133,15555,0.0268851
MEMEUSDT,SELL,LIMIT,1700849762943,1642,0.0268299
MEMEUSDT,SELL,LIMIT,1700849766227,39795,0.0268142
MEMEUSDT,SELL,LIMIT,1700849769115,1445,0.0267873
MEMEUSDT,SELL,LIMIT,1700849770362,4513,0.0267895
MEMEUSDT,SELL,LIMIT,1700849925244,814,0.0267704
MEMEUSDT,SELL,LIMIT,1700850064234,2301,0.0267617
MEMEUSDT,SELL,LIMIT,1700850067138,723,0.0267564
MEMEUSDT,SELL,LIMIT,1700850068886,2637,0.0267439
MEMEUSDT,SELL,LIMIT,1700850201507,8296,0.0267274
MEMEUSDT,SELL,LIMIT,1700850285397,10409,0.0267747
MEMEUSDT,SELL,LIMIT,1700850332672,3000,0.0267227
MEMEUSDT,SELL,LIMIT,1700850335966,18769,0.0267112
MEMEUSDT,BUY,LIMIT,1700850843141,3790,0.0275740
MEMEUSDT,BUY,LIMIT,1700851647177,83487,0.0277272
MEMEUSDT,SELL,LIMIT,1700852120484,6263,0.0267426
MEMEUSDT,SELL,LIMIT,1700852951211,1940,0.0267033
MEMEUSDT,SELL,LIMIT,1700852953448,6781,0.0266887
MEMEUSDT,SELL,LIMIT,1700852955598,13320,0.0266850
MEMEUSDT,SELL,LIMIT,1700852956641,183019,0.0266716
MEMEUSDT,SELL,LIMIT,1700852957731,42075,0.0266658
MEMEUSDT,SELL,LIMIT,1700852960642,19203,0.0266549
MEMEUSDT,SELL,LIMIT,1700853020104,16563,0.0266155
MEMEUSDT,SELL,LIMIT,1700853021262,20356,0.0266444
MEMEUSDT,SELL,LIMIT,1700855245986,72981,0.0266584
MEMEUSDT,BUY,LIMIT,1700856037345,13690,0.0276019
MEMEUSDT,SELL,LIMIT,1700857001074,475,0.0266724
MEMEUSDT,BUY,LIMIT,1700858177091,270,0.0276975
MEMEUSDT,SELL,LIMIT,1700859043064,64520,0.0268882
MEMEUSDT,BUY,LIMIT,1700860340272,247,0.0277474
MEMEUSDT,BUY,LIMIT,1700860447621,2500,0.0278127
MEMEUSDT,BUY,LIMIT,1700862008235,3776,0.0278017
MEMEUSDT,BUY,LIMIT,1700862413155,116347,0.0278453
MEMEUSDT,BUY,LIMIT,1700862541336,1873,0.0279037
MEMEUSDT,BUY,LIMIT,1700862556868,220,0.0279107
MEMEUSDT,BUY,LIMIT,1700862559524,55354,0.0279257
MEMEUSDT,BUY,LIMIT,1700862561236,731,0.0279466
MEMEUSDT,BUY,LIMIT,1700862565341,10953,0.0279531
MEMEUSDT,SELL,LIMIT,1700863321557,10918,0.0269026
MEMEUSDT,SELL,LIMIT,1700863326187,1234,0.0268670
MEMEUSDT,SELL,LIMIT,1700863328449,6397,0.0268459
MEMEUSDT,SELL,LIMIT,1700863339179,16555,0.0268203
MEMEUSDT,SELL,LIMIT,1700863355290,90748,0.0267950
MEMEUSDT,SELL,LIMIT,1700863766406,20036,0.0268328
MEMEUSDT,SELL,LIMIT,1700863837256,48924,0.0267871
MEMEUSDT,SELL,LIMIT,1700863864721,103232,0.0267596
MEMEUSDT,SELL,LIMIT,1700863948606,122482,0.0269663
MEMEUSDT,SELL,LIMIT,1700863949555,9683,0.0266970
MEMEUSDT,SELL,LIMIT,1700863961399,3706,0.0266713
MEMEUSDT,SELL,LIMIT,1700863977429,7345,0.0266363
MEMEUSDT,SELL,LIMIT,1700866682849,16031,0.0267761
MEMEUSDT,SELL,LIMIT,1700866718820,133846,0.0266286
MEMEUSDT,SELL,LIMIT,1700866893033,71303,0.0266203
MEMEUSDT,SELL,LIMIT,1700866899674,53832,0.0266123
MEMEUSDT,SELL,LIMIT,1700866912147,3155,0.0266109
MEMEUSDT,SELL,LIMIT,1700866931076,7119,0.0266068
MEMEUSDT,SELL,LIMIT,1700866948101,236,0.0266050
MEMEUSDT,SELL,LIMIT,1700867051165,4598,0.0265868
MEMEUSDT,SELL,LIMIT,1700867052180,83374,0.0265244
MEMEUSDT,SELL,LIMIT,1700867058519,509,0.0264964
MEMEUSDT,SELL,LIMIT,1700867059803,29345,0.0264915
MEMEUSDT,SELL,LIMIT,1700867060823,13027,0.0264798
MEMEUSDT,SELL,LIMIT,1700867062587,63288,0.0264538
MEMEUSDT,SELL,LIMIT,1700867065871,976,0.0264501
MEMEUSDT,SELL,LIMIT,1700867084149,33177,0.0264735
MEMEUSDT,SELL,LIMIT,1700867086449,35272,0.0264670
MEMEUSDT,SELL,LIMIT,1700867127693,7882,0.0264449
MEMEUSDT,SELL,LIMIT,1700867171409,1488,0.0264075
MEMEUSDT,SELL,LIMIT,1700867176616,4874,0.0264118
MEMEUSDT,SELL,LIMIT,1700867178304,44879,0.0264025
MEMEUSDT,SELL,LIMIT,1700867182671,10782,0.0264079
MEMEUSDT,SELL,LIMIT,1700867184803,7323,0.0263915
MEMEUSDT,SELL,LIMIT,1700867202689,18085,0.0264495
MEMEUSDT,SELL,LIMIT,1700867349046,18491,0.0263709
MEMEUSDT,SELL,LIMIT,1700867351995,260,0.0263574
MEMEUSDT,SELL,LIMIT,1700867354395,1639,0.0263532
MEMEUSDT,SELL,LIMIT,1700867356219,53091,0.0263363
MEMEUSDT,SELL,LIMIT,1700867368714,569,0.0263330
MEMEUSDT,SELL,LIMIT,1700867398029,934,0.0263391
MEMEUSDT,SELL,LIMIT,1700867414316,243249,0.0262659
MEMEUSDT,SELL,LIMIT,1700867418344,13144,0.0263263
MEMEUSDT,SELL,LIMIT,1700867473162,516,0.0263189
MEMEUSDT,SELL,LIMIT,1700867498996,54528,0.0263148
MEMEUSDT,SELL,LIMIT,1700867500084,6996,0.0263114
MEMEUSDT,SELL,LIMIT,1700867794260,7153,0.0262843
MEMEUSDT,SELL,LIMIT,1700867796228,2790,0.0262803
MEMEUSDT,BUY,LIMIT,1700868337839,860,0.0272862
MEMEUSDT,BUY,LIMIT,1700868355144,19241,0.0273072
MEMEUSDT,SELL,LIMIT,1700870554346,995,0.0265987
MEMEUSDT,SELL,LIMIT,1700870574014,3160,0.0265748
MEMEUSDT,SELL,LIMIT,1700870595837,79625,0.0265380
MEMEUSDT,SELL,LIMIT,1700870603239,416,0.0265322
MEMEUSDT,SELL,LIMIT,1700870605398,3947,0.0265156
MEMEUSDT,SELL,LIMIT,1700870634220,15344,0.0264680
MEMEUSDT,SELL,LIMIT,1700870646380,13227,0.0264091
MEMEUSDT,SELL,LIMIT,1700870650949,161336,0.0263867
MEMEUSDT,BUY,LIMIT,1700872149816,20441,0.0275231
MEMEUSDT,BUY,LIMIT,1700872498411,112232,0.0275848
MEMEUSDT,BUY,LIMIT,1700872624824,3081,0.0276881
MEMEUSDT,BUY,LIMIT,1700872767007,494,0.0278401
MEMEUSDT,BUY,LIMIT,1700873741234,29678,0.0279194
MEMEUSDT,BUY,LIMIT,1700873787052,3649,0.0279373
MEMEUSDT,BUY,LIMIT,1700873844973,162792,0.0280246
MEMEUSDT,BUY,LIMIT,1700873846248,4099,0.0280308
MEMEUSDT,BUY,LIMIT,1700873849511,7823,0.0280759
MEMEUSDT,BUY,LIMIT,1700873853287,57991,0.0280884
MEMEUSDT,BUY,LIMIT,1700874139896,42853,0.0281219
MEMEUSDT,BUY,LIMIT,1700874140988,48297,0.0281298
MEMEUSDT,BUY,LIMIT,1700874177190,30228,0.0281587
MEMEUSDT,BUY,LIMIT,1700874208218,13435,0.0281823
MEMEUSDT,BUY,LIMIT,1700874218301,10465,0.0282052
MEMEUSDT,BUY,LIMIT,1700874226140,34882,0.0282631
MEMEUSDT,BUY,LIMIT,1700874246040,1319,0.0283240
MEMEUSDT,BUY,LIMIT,1700874345476,10286,0.0282523
MEMEUSDT,BUY,LIMIT,1700874360531,367,0.0283131
MEMEUSDT,BUY,LIMIT,1700874569004,530,0.0283519
MEMEUSDT,BUY,LIMIT,1700874673753,51748,0.0284293
MEMEUSDT,BUY,LIMIT,1700874694957,4760,0.0284351
MEMEUSDT,BUY,LIMIT,1700874703108,13990,0.0284763
MEMEUSDT,BUY,LIMIT,1700874705310,307,0.0284850
MEMEUSDT,BUY,LIMIT,1700875055197,74166,0.0285433
MEMEUSDT,BUY,LIMIT,1700875059123,147686,0.0285659
MEMEUSDT,BUY,LIMIT,1700875099042,47838,0.0286101
MEMEUSDT,BUY,LIMIT,1700875108638,733,0.0286259
MEMEUSDT,SELL,LIMIT,1700875244926,6763,0.0276408
MEMEUSDT,SELL,LIMIT,1700875250752,17785,0.0275908
MEMEUSDT,BUY,LIMIT,1700876353384,227,0.0285062
MEMEUSDT,BUY,LIMIT,1700876476251,15389,0.0286860
MEMEUSDT,BUY,LIMIT,1700876542093,1184,0.0286988
MEMEUSDT,BUY,LIMIT,1700876559222,12923,0.0287230
MEMEUSDT,BUY,LIMIT,1700876562652,1758,0.0287254
MEMEUSDT,BUY,LIMIT,1700877272222,227,0.0285106
MEMEUSDT,BUY,LIMIT,1700878960761,65151,0.0285878
MEMEUSDT,BUY,LIMIT,1700878982192,674,0.0286716
MEMEUSDT,BUY,LIMIT,1700879461909,24199,0.0286152
MEMEUSDT,SELL,LIMIT,1700881857729,73237,0.0276684
MEMEUSDT,BUY,LIMIT,1700883629205,330,0.0286718
MEMEUSDT,BUY,LIMIT,1700883640981,213,0.0286869
MEMEUSDT,BUY,LIMIT,1700884166965,5562,0.0286761
MEMEUSDT,SELL,LIMIT,1700885180049,1466,0.0275905
MEMEUSDT,SELL,LIMIT,1700885186843,88822,0.0275865
MEMEUSDT,SELL,LIMIT,1700885209151,18703,0.0275585
MEMEUSDT,SELL,LIMIT,1700885210155,40585,0.0275452
MEMEUSDT,BUY,LIMIT,1700886080384,4443,0.0284734
MEMEUSDT,SELL,LIMIT,1700886319245,249,0.0274762
MEMEUSDT,SELL,LIMIT,1700886320608,11913,0.0274577
MEMEUSDT,SELL,LIMIT,1700886333153,5834,0.0274103
MEMEUSDT,SELL,LIMIT,1700886987897,5709,0.0273966
MEMEUSDT,SELL,LIMIT,1700887009788,121082,0.0273852
MEMEUSDT,SELL,LIMIT,1700887290348,9742,0.0273555
MEMEUSDT,SELL,LIMIT,1700887706037,80995,0.0273116
MEMEUSDT,SELL,LIMIT,1700887769162,447,0.0272775
MEMEUSDT,SELL,LIMIT,1700887770472,29770,0.0272569
MEMEUSDT,SELL,LIMIT,1700888468454,40677,0.0272295
MEMEUSDT,BUY,LIMIT,1700889395078,2254,0.0282501
MEMEUSDT,BUY,LIMIT,1700889863616,5220,0.0283241
MEMEUSDT,BUY,LIMIT,1700889997276,345,0.0284278
MEMEUSDT,BUY,LIMIT,1700890074342,16986,0.0285143
MEMEUSDT,BUY,LIMIT,1700890228515,543377,0.0287204
MEMEUSDT,BUY,LIMIT,1700890390941,28344,0.0285994
MEMEUSDT,BUY,LIMIT,1700890404255,29401,0.0286174
MEMEUSDT,BUY,LIMIT,1700890439446,6272,0.0286748
MEMEUSDT,BUY,LIMIT,1700890499276,17883,0.0287490
MEMEUSDT,BUY,LIMIT,1700890509754,19090,0.0287738
MEMEUSDT,BUY,LIMIT,1700890511231,1424,0.0287827
MEMEUSDT,BUY,LIMIT,1700890532179,1111,0.0287975
MEMEUSDT,BUY,LIMIT,1700890538273,6017,0.0288504
MEMEUSDT,BUY,LIMIT,1700890542359,141,0.0288546
MEMEUSDT,BUY,LIMIT,1700890549308,2515,0.0289002
MEMEUSDT,BUY,LIMIT,1700890571462,80558,0.0289272
MEMEUSDT,SELL,LIMIT,1700890757578,15668,0.0278378
MEMEUSDT,SELL,LIMIT,1700891068813,61945,0.0277033
MEMEUSDT,SELL,LIMIT,1700892703223,283,0.0276125
MEMEUSDT,SELL,LIMIT,1700892710447,28137,0.0275969
MEMEUSDT,SELL,LIMIT,1700892718433,25288,0.0275741
MEMEUSDT,BUY,LIMIT,1700892869065,3525,0.0285358
MEMEUSDT,BUY,LIMIT,1700893018190,13798,0.0286206
MEMEUSDT,BUY,LIMIT,1700893034457,163087,0.0286679
MEMEUSDT,SELL,LIMIT,1700893333643,4413,0.0276765
MEMEUSDT,SELL,LIMIT,1700893564138,9804,0.0276417
MEMEUSDT,SELL,LIMIT,1700895200709,51877,0.0275471
MEMEUSDT,SELL,LIMIT,1700896277823,177721,0.0274471
MEMEUSDT,SELL,LIMIT,1700896299827,17585,0.0274273
MEMEUSDT,BUY,LIMIT,1700897219424,9093,0.0284399
MEMEUSDT,BUY,LIMIT,1700897727787,3665,0.0285137
MEMEUSDT,SELL,LIMIT,1700897991059,355,0.0275374
MEMEUSDT,BUY,LIMIT,1700898238412,17327,0.0285036
MEMEUSDT,BUY,LIMIT,1700898239634,380326,0.0286607
MEMEUSDT,BUY,LIMIT,1700899033594,24813,0.0285399
MEMEUSDT,BUY,LIMIT,1700899036842,357,0.0285542
MEMEUSDT,BUY,LIMIT,1700899043285,178475,0.0285696
MEMEUSDT,BUY,LIMIT,1700899047197,126418,0.0285937
MEMEUSDT,BUY,LIMIT,1700899124158,2439,0.0286797
MEMEUSDT,BUY,LIMIT,1700899212194,8297,0.0288239
MEMEUSDT,BUY,LIMIT,1700899230330,77847,0.0288722
MEMEUSDT,BUY,LIMIT,1700899297028,850,0.0289481
MEMEUSDT,BUY,LIMIT,1700899305755,9031,0.0289638
MEMEUSDT,BUY,LIMIT,1700899307149,3205,0.0289944
MEMEUSDT,BUY,LIMIT,1700899315399,17231,0.0290226
MEMEUSDT,BUY,LIMIT,1700899316417,5967,0.0290235
MEMEUSDT,BUY,LIMIT,1700899318326,14922,0.0290850
MEMEUSDT,BUY,LIMIT,1700899320135,17374,0.0290885
MEMEUSDT,BUY,LIMIT,1700899323034,560,0.0290983
MEMEUSDT,BUY,LIMIT,1700899324352,86088,0.0291027
MEMEUSDT,BUY,LIMIT,1700899326022,155540,0.0291253
MEMEUSDT,BUY,LIMIT,1700899327279,12450,0.0291367
MEMEUSDT,BUY,LIMIT,1700899329040,36215,0.0291879
MEMEUSDT,BUY,LIMIT,1700899330077,11370,0.0291890
MEMEUSDT,BUY,LIMIT,1700899331232,10623,0.0291938
MEMEUSDT,BUY,LIMIT,1700899333174,214891,0.0292883
MEMEUSDT,BUY,LIMIT,1700899356895,54069,0.0292524
MEMEUSDT,BUY,LIMIT,1700899358145,25234,0.0292632
MEMEUSDT,BUY,LIMIT,1700899359169,61599,0.0292779
MEMEUSDT,BUY,LIMIT,1700899366060,190,0.0292912
MEMEUSDT,BUY,LIMIT,1700899367716,12486,0.0293100
MEMEUSDT,BUY,LIMIT,1700899371860,13619,0.0293195
MEMEUSDT,BUY,LIMIT,1700899397908,4736,0.0293547
MEMEUSDT,BUY,LIMIT,1700899399478,2753,0.0293794
MEMEUSDT,BUY,LIMIT,1700899418816,1917,0.0293836
MEMEUSDT,BUY,LIMIT,1700899462361,616,0.0293904
MEMEUSDT,BUY,LIMIT,1700899464619,1933,0.0293968
MEMEUSDT,BUY,LIMIT,1700899469537,1489,0.0294000
MEMEUSDT,BUY,LIMIT,1700899471118,1070,0.0294040
MEMEUSDT,BUY,LIMIT,1700899472585,3569,0.0294117
MEMEUSDT,BUY,LIMIT,1700899526994,523,0.0294325
MEMEUSDT,BUY,LIMIT,1700899529204,10062,0.0294578
MEMEUSDT,BUY,LIMIT,1700899533953,20506,0.0294543
MEMEUSDT,BUY,LIMIT,1700899538512,1972,0.0294965
MEMEUSDT,BUY,LIMIT,1700899542478,7128,0.0295055
MEMEUSDT,BUY,LIMIT,1700899548239,22650,0.0295143
MEMEUSDT,BUY,LIMIT,1700899549242,48828,0.0295627
MEMEUSDT,BUY,LIMIT,1700899550294,59056,0.0295657
MEMEUSDT,SELL,LIMIT,1700899791313,3793,0.0283612
MEMEUSDT,SELL,LIMIT,1700899803377,2013,0.0283200
MEMEUSDT,BUY,LIMIT,1700900006106,49555,0.0293455
MEMEUSDT,BUY,LIMIT,1700900008820,39305,0.0293615
MEMEUSDT,SELL,LIMIT,1700900109415,16931,0.0283916
MEMEUSDT,SELL,LIMIT,1700900132292,1304,0.0283686
MEMEUSDT,SELL,LIMIT,1700900154216,61798,0.0282854
MEMEUSDT,BUY,LIMIT,1700900447316,23033,0.0294293
MEMEUSDT,BUY,LIMIT,1700900449815,265,0.0294754
MEMEUSDT,BUY,LIMIT,1700900484246,164660,0.0295038
MEMEUSDT,BUY,LIMIT,1700900485618,1670,0.0295426
MEMEUSDT,BUY,LIMIT,1700900494136,15216,0.0295742
MEMEUSDT,BUY,LIMIT,1700900503334,557,0.0296201
MEMEUSDT,BUY,LIMIT,1700900505098,7243,0.0296730
MEMEUSDT,BUY,LIMIT,1700900513065,4830,0.0297340
MEMEUSDT,BUY,LIMIT,1700900520600,7903,0.0297453
MEMEUSDT,BUY,LIMIT,1700900523435,11867,0.0297527
MEMEUSDT,BUY,LIMIT,1700900525872,3653,0.0297632
MEMEUSDT,BUY,LIMIT,1700900527271,10954,0.0298027
MEMEUSDT,BUY,LIMIT,1700900531906,16767,0.0298111
MEMEUSDT,BUY,LIMIT,1700900544113,19491,0.0298624
MEMEUSDT,SELL,LIMIT,1700900587660,17324,0.0287530
MEMEUSDT,SELL,LIMIT,1700900611811,3422,0.0285841
MEMEUSDT,BUY,LIMIT,1700901353304,16150,0.0297863
MEMEUSDT,BUY,LIMIT,1700901359249,17214,0.0298356
MEMEUSDT,BUY,LIMIT,1700901507410,5215,0.0298818
MEMEUSDT,BUY,LIMIT,1700901519169,12671,0.0299229
MEMEUSDT,BUY,LIMIT,1700901520329,8391,0.0299532
MEMEUSDT,BUY,LIMIT,1700901521429,367,0.0299754
MEMEUSDT,BUY,LIMIT,1700901523413,6798,0.0300026
MEMEUSDT,BUY,LIMIT,1700901525690,14443,0.0300127
MEMEUSDT,BUY,LIMIT,1700901571180,486,0.0300401
MEMEUSDT,BUY,LIMIT,1700901572271,102145,0.0300252
MEMEUSDT,BUY,LIMIT,1700901576970,70491,0.0300719
MEMEUSDT,BUY,LIMIT,1700901578568,9019,0.0301178
MEMEUSDT,BUY,LIMIT,1700901581769,2715,0.0301290
MEMEUSDT,BUY,LIMIT,1700901583075,610,0.0301392
MEMEUSDT,BUY,LIMIT,1700901584194,5860,0.0301650
MEMEUSDT,BUY,LIMIT,1700901586087,30000,0.0302244
MEMEUSDT,BUY,LIMIT,1700901593718,43318,0.0302346
MEMEUSDT,BUY,LIMIT,1700901595114,225732,0.0303420
MEMEUSDT,BUY,LIMIT,1700901596270,1091,0.0302827
MEMEUSDT,BUY,LIMIT,1700901601449,17656,0.0303822
MEMEUSDT,BUY,LIMIT,1700901602557,130,0.0304236
MEMEUSDT,BUY,LIMIT,1700901604409,31234,0.0304363
MEMEUSDT,BUY,LIMIT,1700901606147,5591,0.0304417
MEMEUSDT,BUY,LIMIT,1700901608387,1312,0.0304457
MEMEUSDT,BUY,LIMIT,1700901609410,953,0.0304647
MEMEUSDT,BUY,LIMIT,1700901617131,92592,0.0304987
MEMEUSDT,BUY,LIMIT,1700901618144,71284,0.0305382
MEMEUSDT,BUY,LIMIT,1700901619256,69535,0.0306018
MEMEUSDT,BUY,LIMIT,1700901620270,130083,0.0306365
MEMEUSDT,BUY,LIMIT,1700901621388,5797,0.0306697
MEMEUSDT,BUY,LIMIT,1700901622637,23228,0.0306949
MEMEUSDT,BUY,LIMIT,1700901623787,3053,0.0307397
MEMEUSDT,BUY,LIMIT,1700901625206,184087,0.0308034
MEMEUSDT,BUY,LIMIT,1700901626279,5480,0.0307748
MEMEUSDT,BUY,LIMIT,1700901628034,2043,0.0308137
MEMEUSDT,BUY,LIMIT,1700901629040,2619,0.0308508
MEMEUSDT,BUY,LIMIT,1700901630179,12757,0.0308656
MEMEUSDT,BUY,LIMIT,1700901631282,6147,0.0308537
MEMEUSDT,BUY,LIMIT,1700901667095,100000,0.0308847
MEMEUSDT,BUY,LIMIT,1700901668286,142409,0.0308798
MEMEUSDT,SELL,LIMIT,1700901798339,4827,0.0296405
MEMEUSDT,BUY,LIMIT,1700901998302,82789,0.0307909
MEMEUSDT,BUY,LIMIT,1700902029271,11404,0.0309142
MEMEUSDT,BUY,LIMIT,1700902034806,20000,0.0309179
MEMEUSDT,BUY,LIMIT,1700902041229,45,0.0309337
MEMEUSDT,BUY,LIMIT,1700902046224,48140,0.0309575
MEMEUSDT,BUY,LIMIT,1700902048094,10642,0.0309822
MEMEUSDT,SELL,LIMIT,1700902083113,158616,0.0298825
MEMEUSDT,SELL,LIMIT,1700902087533,34461,0.0298110
MEMEUSDT,SELL,LIMIT,1700902093114,164257,0.0297651
MEMEUSDT,SELL,LIMIT,1700902127285,4783,0.0297036
MEMEUSDT,SELL,LIMIT,1700902128297,3249,0.0297016
MEMEUSDT,SELL,LIMIT,1700902134018,14041,0.0296844
MEMEUSDT,SELL,LIMIT,1700902179840,5854,0.0296163
MEMEUSDT,SELL,LIMIT,1700902184452,816,0.0295894
MEMEUSDT,SELL,LIMIT,1700902186119,72179,0.0295497
MEMEUSDT,SELL,LIMIT,1700902187192,22473,0.0295321
MEMEUSDT,SELL,LIMIT,1700902193985,17098,0.0294999
MEMEUSDT,SELL,LIMIT,1700902269252,125904,0.0294651
MEMEUSDT,BUY,LIMIT,1700902345372,8292,0.0305459
MEMEUSDT,SELL,LIMIT,1700902495993,4541,0.0294889
MEMEUSDT,SELL,LIMIT,1700902512407,63124,0.0294518
MEMEUSDT,SELL,LIMIT,1700902838583,18226,0.0294654
MEMEUSDT,SELL,LIMIT,1700902870167,290,0.0294383
MEMEUSDT,SELL,LIMIT,1700902871190,1054,0.0294207
MEMEUSDT,SELL,LIMIT,1700902872816,46573,0.0294016
MEMEUSDT,SELL,LIMIT,1700902876283,46913,0.0293880
MEMEUSDT,SELL,LIMIT,1700902877405,6803,0.0293678
MEMEUSDT,SELL,LIMIT,1700902878408,15551,0.0293761
MEMEUSDT,SELL,LIMIT,1700902883969,32492,0.0293470
MEMEUSDT,SELL,LIMIT,1700902885755,245,0.0293263
MEMEUSDT,SELL,LIMIT,1700902889204,12041,0.0293150
MEMEUSDT,SELL,LIMIT,1700902896977,6382,0.0292837
MEMEUSDT,SELL,LIMIT,1700903017067,7463,0.0291597
MEMEUSDT,SELL,LIMIT,1700903019126,46413,0.0291298
MEMEUSDT,SELL,LIMIT,1700903022716,2061,0.0291121
MEMEUSDT,SELL,LIMIT,1700903071185,10260,0.0291007
MEMEUSDT,BUY,LIMIT,1700903149136,387,0.0301354
MEMEUSDT,BUY,LIMIT,1700903704068,1341,0.0302853
MEMEUSDT,SELL,LIMIT,1700903823754,513,0.0292240
MEMEUSDT,SELL,LIMIT,1700903825685,20333,0.0292101
MEMEUSDT,SELL,LIMIT,1700903829289,4093,0.0291901
MEMEUSDT,BUY,LIMIT,1700903937446,258,0.0302605
MEMEUSDT,SELL,LIMIT,1700904316858,29859,0.0292429
MEMEUSDT,SELL,LIMIT,1700904318108,877,0.0292232
MEMEUSDT,SELL,LIMIT,1700904326695,6832,0.0292030
MEMEUSDT,BUY,LIMIT,1700904824850,2465,0.0302587
MEMEUSDT,BUY,LIMIT,1700904827842,259,0.0303142
MEMEUSDT,BUY,LIMIT,1700904831611,110000,0.0303245
MEMEUSDT,BUY,LIMIT,1700904835117,29768,0.0303467
MEMEUSDT,BUY,LIMIT,1700904836253,12718,0.0303444
MEMEUSDT,BUY,LIMIT,1700904838273,2510,0.0304023
MEMEUSDT,BUY,LIMIT,1700904865320,3108,0.0304145
MEMEUSDT,BUY,LIMIT,1700904866562,763,0.0304491
MEMEUSDT,BUY,LIMIT,1700904878027,147812,0.0304932
MEMEUSDT,BUY,LIMIT,1700904884407,500,0.0305358
MEMEUSDT,BUY,LIMIT,1700904887644,6282,0.0305615
MEMEUSDT,BUY,LIMIT,1700904889393,81071,0.0305962
MEMEUSDT,BUY,LIMIT,1700904893622,5204,0.0306550
MEMEUSDT,BUY,LIMIT,1700904904216,26223,0.0306980
MEMEUSDT,BUY,LIMIT,1700904930096,16838,0.0307064
MEMEUSDT,BUY,LIMIT,1700904939294,47353,0.0307399
MEMEUSDT,BUY,LIMIT,1700904943730,1066,0.0307520
MEMEUSDT,BUY,LIMIT,1700904954197,17442,0.0307816
MEMEUSDT,BUY,LIMIT,1700904955481,32806,0.0307861
MEMEUSDT,SELL,LIMIT,1700904995148,14433,0.0297512
MEMEUSDT,SELL,LIMIT,1700905006108,874,0.0297085
MEMEUSDT,SELL,LIMIT,1700905017446,540,0.0296698
MEMEUSDT,SELL,LIMIT,1700905020080,20189,0.0296679
MEMEUSDT,BUY,LIMIT,1700905552041,7984,0.0306920
MEMEUSDT,BUY,LIMIT,1700905553108,1331,0.0306527
MEMEUSDT,BUY,LIMIT,1700905555053,33009,0.0307227
MEMEUSDT,BUY,LIMIT,1700905560580,18055,0.0307485
MEMEUSDT,SELL,LIMIT,1700905800738,118354,0.0296359
MEMEUSDT,SELL,LIMIT,1700905802962,62523,0.0296213
MEMEUSDT,SELL,LIMIT,1700905815059,52120,0.0296040
MEMEUSDT,SELL,LIMIT,1700905909181,23434,0.0295582
MEMEUSDT,SELL,LIMIT,1700905912071,1140,0.0295084
MEMEUSDT,SELL,LIMIT,1700905913309,48281,0.0295182
MEMEUSDT,SELL,LIMIT,1700905915730,2364,0.0295130
MEMEUSDT,SELL,LIMIT,1700905918389,24780,0.0294802
MEMEUSDT,SELL,LIMIT,1700905921199,3208,0.0294464
MEMEUSDT,SELL,LIMIT,1700905922216,369,0.0294376
MEMEUSDT,SELL,LIMIT,1700905930649,1887,0.0293493
MEMEUSDT,BUY,LIMIT,1700906025180,4354,0.0303776
MEMEUSDT,BUY,LIMIT,1700906040690,11486,0.0304358
MEMEUSDT,BUY,LIMIT,1700906209068,1402,0.0304605
MEMEUSDT,BUY,LIMIT,1700906240195,16718,0.0304841
MEMEUSDT,BUY,LIMIT,1700906352056,12285,0.0305440
MEMEUSDT,BUY,LIMIT,1700906373702,1687,0.0306093
MEMEUSDT,BUY,LIMIT,1700906416386,83402,0.0307248
MEMEUSDT,BUY,LIMIT,1700906459156,43137,0.0307788
MEMEUSDT,BUY,LIMIT,1700906460639,122528,0.0307877
MEMEUSDT,BUY,LIMIT,1700906464149,29076,0.0308265
MEMEUSDT,BUY,LIMIT,1700906471253,33144,0.0308823
MEMEUSDT,BUY,LIMIT,1700906489318,34969,0.0309046
MEMEUSDT,BUY,LIMIT,1700906499723,1276,0.0309433
MEMEUSDT,SELL,LIMIT,1700906560402,2806,0.0298642
MEMEUSDT,SELL,LIMIT,1700906573842,47617,0.0298325
MEMEUSDT,SELL,LIMIT,1700906644577,1580,0.0297139
MEMEUSDT,SELL,LIMIT,1700906647919,153642,0.0297002
MEMEUSDT,SELL,LIMIT,1700906651272,1724,0.0296821
MEMEUSDT,SELL,LIMIT,1700906652529,2686,0.0296333
MEMEUSDT,SELL,LIMIT,1700906655074,1571,0.0296139
MEMEUSDT,BUY,LIMIT,1700906884490,3323,0.0306727
MEMEUSDT,BUY,LIMIT,1700906889227,1896,0.0307166
MEMEUSDT,BUY,LIMIT,1700906892442,6278,0.0307469
MEMEUSDT,BUY,LIMIT,1700906938110,364,0.0308041
MEMEUSDT,SELL,LIMIT,1700907092065,17114,0.0297492
MEMEUSDT,SELL,LIMIT,1700907147093,904,0.0296984
MEMEUSDT,BUY,LIMIT,1700907472382,281,0.0307917
MEMEUSDT,BUY,LIMIT,1700907474541,153001,0.0308204
MEMEUSDT,SELL,LIMIT,1700907547132,13958,0.0298556
MEMEUSDT,BUY,LIMIT,1700907606560,519,0.0309220
MEMEUSDT,BUY,LIMIT,1700907617355,993,0.0309592
MEMEUSDT,BUY,LIMIT,1700907619084,130300,0.0309873
MEMEUSDT,BUY,LIMIT,1700907626498,4563,0.0310004
MEMEUSDT,BUY,LIMIT,1700907627548,1729,0.0310326
MEMEUSDT,BUY,LIMIT,1700907635260,6968,0.0310796
MEMEUSDT,BUY,LIMIT,1700907638046,34391,0.0311467
MEMEUSDT,BUY,LIMIT,1700907639111,405768,0.0313097
MEMEUSDT,BUY,LIMIT,1700907640413,165888,0.0311769
MEMEUSDT,BUY,LIMIT,1700907645220,3855,0.0311943
MEMEUSDT,BUY,LIMIT,1700907646349,1985,0.0311816
MEMEUSDT,BUY,LIMIT,1700907647923,7931,0.0312026
MEMEUSDT,BUY,LIMIT,1700907662848,1845,0.0312219
MEMEUSDT,BUY,LIMIT,1700907667362,164641,0.0312271
MEMEUSDT,BUY,LIMIT,1700907669337,625,0.0312349
MEMEUSDT,BUY,LIMIT,1700907670629,731,0.0312607
MEMEUSDT,BUY,LIMIT,1700907672090,21360,0.0312736
MEMEUSDT,BUY,LIMIT,1700907675789,68100,0.0312889
MEMEUSDT,BUY,LIMIT,1700907679122,136864,0.0313360
MEMEUSDT,BUY,LIMIT,1700907680158,136714,0.0313292
MEMEUSDT,BUY,LIMIT,1700907681673,36971,0.0313462
MEMEUSDT,BUY,LIMIT,1700907682726,346,0.0313472
MEMEUSDT,BUY,LIMIT,1700907684199,50011,0.0314186
MEMEUSDT,BUY,LIMIT,1700907688593,4550,0.0314321
MEMEUSDT,BUY,LIMIT,1700907694261,769,0.0314389
MEMEUSDT,BUY,LIMIT,1700907695328,166661,0.0314662
MEMEUSDT,BUY,LIMIT,1700907697050,6993,0.0314897
MEMEUSDT,BUY,LIMIT,1700907698075,16295,0.0315149
MEMEUSDT,BUY,LIMIT,1700907699102,98242,0.0315511
MEMEUSDT,BUY,LIMIT,1700907700218,2273,0.0315725
MEMEUSDT,BUY,LIMIT,1700907702052,9182,0.0315876
MEMEUSDT,BUY,LIMIT,1700907703125,13293,0.0316033
MEMEUSDT,BUY,LIMIT,1700907704502,12826,0.0316122
MEMEUSDT,BUY,LIMIT,1700907705659,13266,0.0316422
MEMEUSDT,SELL,LIMIT,1700907720687,160513,0.0305284
MEMEUSDT,BUY,LIMIT,1700907738560,113609,0.0316010
MEMEUSDT,BUY,LIMIT,1700907793388,5002,0.0316543
MEMEUSDT,SELL,LIMIT,1700907822112,10371,0.0305432
MEMEUSDT,SELL,LIMIT,1700907847628,3569,0.0304777
MEMEUSDT,SELL,LIMIT,1700907850618,89640,0.0304400
MEMEUSDT,BUY,LIMIT,1700907931451,58170,0.0315602
MEMEUSDT,BUY,LIMIT,1700907934248,58742,0.0315989
MEMEUSDT,SELL,LIMIT,1700907965552,1324,0.0305215
MEMEUSDT,SELL,LIMIT,1700907992520,72504,0.0304160
MEMEUSDT,SELL,LIMIT,1700908001779,70436,0.0303926
MEMEUSDT,SELL,LIMIT,1700908046874,9163,0.0303519
MEMEUSDT,SELL,LIMIT,1700908071677,4325,0.0302962
MEMEUSDT,SELL,LIMIT,1700908078316,80936,0.0302896
MEMEUSDT,SELL,LIMIT,1700908464370,19678,0.0302871
MEMEUSDT,SELL,LIMIT,1700908475200,10897,0.0302453
MEMEUSDT,SELL,LIMIT,1700908477101,2904,0.0302321
MEMEUSDT,SELL,LIMIT,1700908478195,45881,0.0302075
MEMEUSDT,BUY,LIMIT,1700908558648,162707,0.0313480
MEMEUSDT,SELL,LIMIT,1700908915603,3169,0.0302001
MEMEUSDT,SELL,LIMIT,1700908916680,2002,0.0301901
MEMEUSDT,BUY,LIMIT,1700908951631,16285,0.0312977
MEMEUSDT,SELL,LIMIT,1700909182107,345,0.0301807
MEMEUSDT,SELL,LIMIT,1700909183295,3194,0.0301589
MEMEUSDT,SELL,LIMIT,1700909192187,40725,0.0301315
MEMEUSDT,SELL,LIMIT,1700909193251,194,0.0301246
MEMEUSDT,SELL,LIMIT,1700909205115,29846,0.0301017
MEMEUSDT,SELL,LIMIT,1700909206144,11067,0.0301164
MEMEUSDT,SELL,LIMIT,1700909207725,371,0.0300851
MEMEUSDT,SELL,LIMIT,1700909211376,64105,0.0300193
MEMEUSDT,SELL,LIMIT,1700909218289,2755,0.0299788
MEMEUSDT,SELL,LIMIT,1700909442191,968,0.0299531
MEMEUSDT,SELL,LIMIT,1700909444812,15000,0.0299337
MEMEUSDT,SELL,LIMIT,1700909446821,1485,0.0299076
MEMEUSDT,SELL,LIMIT,1700909448628,27387,0.0298661
MEMEUSDT,SELL,LIMIT,1700909453231,486,0.0298522
MEMEUSDT,BUY,LIMIT,1700909568935,1151,0.0309793
MEMEUSDT,BUY,LIMIT,1700909572807,8073,0.0310266
MEMEUSDT,BUY,LIMIT,1700909818680,4220,0.0310633
MEMEUSDT,BUY,LIMIT,1700909833036,3279,0.0310845
MEMEUSDT,BUY,LIMIT,1700909843723,1749,0.0310947
MEMEUSDT,BUY,LIMIT,1700909894219,163759,0.0311283
MEMEUSDT,BUY,LIMIT,1700909915100,15585,0.0312244
MEMEUSDT,BUY,LIMIT,1700909917241,2453,0.0312762
MEMEUSDT,BUY,LIMIT,1700909919402,2295,0.0312829
MEMEUSDT,BUY,LIMIT,1700909928104,44306,0.0313025
MEMEUSDT,BUY,LIMIT,1700909978454,50086,0.0313556
MEMEUSDT,BUY,LIMIT,1700909980218,26284,0.0313896
MEMEUSDT,BUY,LIMIT,1700909982538,22243,0.0313964
MEMEUSDT,BUY,LIMIT,1700909987718,9780,0.0314234
MEMEUSDT,BUY,LIMIT,1700910032163,3303,0.0314480
MEMEUSDT,BUY,LIMIT,1700910036240,296,0.0314967
MEMEUSDT,BUY,LIMIT,1700910038690,38676,0.0315091
MEMEUSDT,BUY,LIMIT,1700910044164,14242,0.0316053
MEMEUSDT,BUY,LIMIT,1700910069732,20000,0.0316590
MEMEUSDT,BUY,LIMIT,1700910076943,50364,0.0316740
MEMEUSDT,BUY,LIMIT,1700910078358,4335,0.0316883
MEMEUSDT,BUY,LIMIT,1700910079629,16572,0.0316987
MEMEUSDT,SELL,LIMIT,1700910120190,3205,0.0305742
MEMEUSDT,SELL,LIMIT,1700910130407,159207,0.0305696
MEMEUSDT,SELL,LIMIT,1700910135303,752,0.0305386
MEMEUSDT,SELL,LIMIT,1700910147738,640,0.0304688
MEMEUSDT,SELL,LIMIT,1700910188105,10791,0.0303667
MEMEUSDT,SELL,LIMIT,1700910198221,3680,0.0303423
MEMEUSDT,SELL,LIMIT,1700910204975,4811,0.0303284
MEMEUSDT,BUY,LIMIT,1700910230997,114682,0.0314232
MEMEUSDT,SELL,LIMIT,1700910316286,2332,0.0303264
MEMEUSDT,SELL,LIMIT,1700910357424,103479,0.0303192
MEMEUSDT,SELL,LIMIT,1700910368226,3234,0.0302980
MEMEUSDT,SELL,LIMIT,1700910373403,17894,0.0302689
MEMEUSDT,SELL,LIMIT,1700910723418,37089,0.0302118
MEMEUSDT,SELL,LIMIT,1700910973089,176,0.0301731
MEMEUSDT,SELL,LIMIT,1700910984929,3245,0.0301722
MEMEUSDT,SELL,LIMIT,1700910986064,346,0.0301456
MEMEUSDT,SELL,LIMIT,1700910987267,35394,0.0301695
MEMEUSDT,SELL,LIMIT,1700910996014,7506,0.0301138
MEMEUSDT,SELL,LIMIT,1700911003072,8740,0.0301003
MEMEUSDT,SELL,LIMIT,1700911004523,55342,0.0300795
MEMEUSDT,SELL,LIMIT,1700911005743,1557,0.0300310
MEMEUSDT,SELL,LIMIT,1700911008180,9104,0.0300106
MEMEUSDT,SELL,LIMIT,1700911030046,130228,0.0299973
MEMEUSDT,SELL,LIMIT,1700911118101,29800,0.0299695
MEMEUSDT,SELL,LIMIT,1700911126940,679,0.0298892
MEMEUSDT,SELL,LIMIT,1700911129434,17393,0.0298726
MEMEUSDT,SELL,LIMIT,1700911144615,4712,0.0298499
MEMEUSDT,SELL,LIMIT,1700911148222,807,0.0297882
MEMEUSDT,SELL,LIMIT,1700911149363,96265,0.0297864
MEMEUSDT,SELL,LIMIT,1700911267238,100000,0.0298086
MEMEUSDT,SELL,LIMIT,1700911283188,10711,0.0297826
MEMEUSDT,SELL,LIMIT,1700911315839,1623,0.0297698
MEMEUSDT,SELL,LIMIT,1700911322300,40653,0.0297617
MEMEUSDT,SELL,LIMIT,1700911325336,491,0.0297410
MEMEUSDT,SELL,LIMIT,1700911327792,500,0.0297286
MEMEUSDT,SELL,LIMIT,1700911328883,58457,0.0297281
MEMEUSDT,SELL,LIMIT,1700911331564,14061,0.0297164
MEMEUSDT,SELL,LIMIT,1700911334086,909,0.0297040
MEMEUSDT,SELL,LIMIT,1700911337745,8,0.0296550
MEMEUSDT,SELL,LIMIT,1700911343079,9196,0.0296201
MEMEUSDT,SELL,LIMIT,1700911344829,2887,0.0296123
MEMEUSDT,SELL,LIMIT,1700911346562,22672,0.0296024
MEMEUSDT,SELL,LIMIT,1700911359733,1833,0.0295938
MEMEUSDT,SELL,LIMIT,1700911360755,353,0.0295865
MEMEUSDT,BUY,LIMIT,1700911450826,1538,0.0306288
MEMEUSDT,BUY,LIMIT,1700911455973,1254,0.0306360
MEMEUSDT,SELL,LIMIT,1700911472321,3236,0.0296398
MEMEUSDT,SELL,LIMIT,1700911509191,43944,0.0295789
MEMEUSDT,SELL,LIMIT,1700911512831,255,0.0295774
MEMEUSDT,SELL,LIMIT,1700911519416,5018,0.0295466
MEMEUSDT,SELL,LIMIT,1700911520725,1800,0.0295274
MEMEUSDT,SELL,LIMIT,1700911522147,1536,0.0295025
MEMEUSDT,SELL,LIMIT,1700911523169,8375,0.0294661
MEMEUSDT,SELL,LIMIT,1700911524327,75298,0.0294775
MEMEUSDT,SELL,LIMIT,1700911532367,4967,0.0294842
MEMEUSDT,SELL,LIMIT,1700911580179,48284,0.0294320
MEMEUSDT,SELL,LIMIT,1700911586262,29683,0.0294242
MEMEUSDT,BUY,LIMIT,1700911653459,16746,0.0304608
MEMEUSDT,BUY,LIMIT,1700911682511,7370,0.0304999
MEMEUSDT,BUY,LIMIT,1700911689806,71683,0.0305328
MEMEUSDT,BUY,LIMIT,1700911696887,42373,0.0305358
MEMEUSDT,BUY,LIMIT,1700911702058,1132,0.0305580
MEMEUSDT,BUY,LIMIT,1700911704558,543,0.0305643
MEMEUSDT,BUY,LIMIT,1700911821847,8323,0.0306203
MEMEUSDT,BUY,LIMIT,1700911845483,33313,0.0306345
MEMEUSDT,BUY,LIMIT,1700912099646,91870,0.0307093
MEMEUSDT,SELL,LIMIT,1700912246321,44247,0.0296431
MEMEUSDT,SELL,LIMIT,1700912252298,32292,0.0296183
MEMEUSDT,SELL,LIMIT,1700912254510,2845,0.0296062
MEMEUSDT,SELL,LIMIT,1700912256127,24723,0.0295972
MEMEUSDT,SELL,LIMIT,1700912259135,864,0.0295897
MEMEUSDT,BUY,LIMIT,1700912326428,51851,0.0306413
MEMEUSDT,BUY,LIMIT,1700912335002,334,0.0306854
MEMEUSDT,BUY,LIMIT,1700912387628,211,0.0307404
MEMEUSDT,SELL,LIMIT,1700912439091,183351,0.0296779
MEMEUSDT,SELL,LIMIT,1700912505796,16623,0.0295685
MEMEUSDT,SELL,LIMIT,1700912652793,1320,0.0295398
MEMEUSDT,SELL,LIMIT,1700912654190,8,0.0295379
MEMEUSDT,SELL,LIMIT,1700912669639,12824,0.0295280
MEMEUSDT,SELL,LIMIT,1700912672572,77670,0.0294925
MEMEUSDT,SELL,LIMIT,1700912673676,1901,0.0294874
MEMEUSDT,SELL,LIMIT,1700912697042,105489,0.0294558
MEMEUSDT,SELL,LIMIT,1700912698431,23643,0.0294589
MEMEUSDT,SELL,LIMIT,1700912702612,441,0.0294408
MEMEUSDT,SELL,LIMIT,1700912704024,399,0.0294312
MEMEUSDT,BUY,LIMIT,1700912733595,10902,0.0305062
MEMEUSDT,BUY,LIMIT,1700912737573,7931,0.0305338
MEMEUSDT,BUY,LIMIT,1700912740808,161701,0.0305592
MEMEUSDT,BUY,LIMIT,1700912749464,150196,0.0305987
MEMEUSDT,BUY,LIMIT,1700912763166,339,0.0306360
MEMEUSDT,SELL,LIMIT,1700912847524,16273,0.0295961
MEMEUSDT,BUY,LIMIT,1700913462167,176,0.0306680
MEMEUSDT,BUY,LIMIT,1700913753405,5132,0.0307276
MEMEUSDT,BUY,LIMIT,1700913758090,133309,0.0307476
MEMEUSDT,BUY,LIMIT,1700913762062,175,0.0307697
MEMEUSDT,BUY,LIMIT,1700913769773,496,0.0308066
MEMEUSDT,BUY,LIMIT,1700913780943,216,0.0308620
MEMEUSDT,BUY,LIMIT,1700913783807,15918,0.0308810
MEMEUSDT,BUY,LIMIT,1700914539356,55731,0.0308933
MEMEUSDT,BUY,LIMIT,1700914629641,65582,0.0309412
MEMEUSDT,BUY,LIMIT,1700914632193,10806,0.0309439
MEMEUSDT,BUY,LIMIT,1700914644006,19729,0.0309605
MEMEUSDT,BUY,LIMIT,1700914698385,2290,0.0310028
MEMEUSDT,BUY,LIMIT,1700914728273,166278,0.0310924
MEMEUSDT,BUY,LIMIT,1700915005378,40000,0.0311854
MEMEUSDT,BUY,LIMIT,1700915010480,15380,0.0312089
MEMEUSDT,BUY,LIMIT,1700915100746,3328,0.0312436
MEMEUSDT,SELL,LIMIT,1700915288461,211,0.0301905
MEMEUSDT,SELL,LIMIT,1700915298239,367,0.0301655
MEMEUSDT,SELL,LIMIT,1700915301245,2781,0.0301411
MEMEUSDT,SELL,LIMIT,1700915309241,7622,0.0301080
MEMEUSDT,SELL,LIMIT,1700915646896,3786,0.0299975
MEMEUSDT,SELL,LIMIT,1700915678369,97991,0.0299796
MEMEUSDT,SELL,LIMIT,1700915688793,7349,0.0299452
MEMEUSDT,BUY,LIMIT,1700915864528,12651,0.0310325
MEMEUSDT,SELL,LIMIT,1700916102826,31120,0.0299688
MEMEUSDT,SELL,LIMIT,1700916182184,8957,0.0299124
MEMEUSDT,SELL,LIMIT,1700916187219,26083,0.0298807
MEMEUSDT,SELL,LIMIT,1700916188464,8548,0.0298743
MEMEUSDT,SELL,LIMIT,1700916190404,2766,0.0298712
MEMEUSDT,SELL,LIMIT,1700916252311,23244,0.0300122
MEMEUSDT,SELL,LIMIT,1700916256585,35901,0.0298233
MEMEUSDT,SELL,LIMIT,1700916258604,286,0.0298059
MEMEUSDT,SELL,LIMIT,1700916263443,16377,0.0297963
MEMEUSDT,SELL,LIMIT,1700916477888,1103,0.0298145
MEMEUSDT,SELL,LIMIT,1700916480082,226,0.0298084
MEMEUSDT,SELL,LIMIT,1700916483186,633,0.0297718
MEMEUSDT,SELL,LIMIT,1700916489700,3924,0.0297570
MEMEUSDT,SELL,LIMIT,1700916492080,7321,0.0297272
MEMEUSDT,SELL,LIMIT,1700916506584,21110,0.0297010
MEMEUSDT,SELL,LIMIT,1700916507669,63396,0.0296928
MEMEUSDT,BUY,LIMIT,1700916841144,46157,0.0308147
MEMEUSDT,SELL,LIMIT,1700917386276,32967,0.0297291
MEMEUSDT,SELL,LIMIT,1700917412983,19801,0.0297002
MEMEUSDT,SELL,LIMIT,1700917428179,14113,0.0296740
MEMEUSDT,SELL,LIMIT,1700917429393,10160,0.0296512
MEMEUSDT,SELL,LIMIT,1700917431444,10276,0.0295401
MEMEUSDT,SELL,LIMIT,1700917438763,220,0.0295211
MEMEUSDT,SELL,LIMIT,1700917523998,6581,0.0294662
MEMEUSDT,SELL,LIMIT,1700917552417,1182,0.0294490
MEMEUSDT,SELL,LIMIT,1700917555404,651,0.0293815
MEMEUSDT,SELL,LIMIT,1700917557567,7564,0.0293740
MEMEUSDT,SELL,LIMIT,1700917561370,2294,0.0293656
MEMEUSDT,SELL,LIMIT,1700917567235,14656,0.0293368
MEMEUSDT,SELL,LIMIT,1700917568515,5270,0.0293361
MEMEUSDT,SELL,LIMIT,1700917571566,75643,0.0293153
MEMEUSDT,SELL,LIMIT,1700917577709,6811,0.0293134
MEMEUSDT,SELL,LIMIT,1700917580268,21429,0.0292921
MEMEUSDT,SELL,LIMIT,1700917583434,2492,0.0292852
MEMEUSDT,SELL,LIMIT,1700917585652,151501,0.0292742
MEMEUSDT,BUY,LIMIT,1700917597466,20891,0.0302080
MEMEUSDT,SELL,LIMIT,1700917952391,10885,0.0293370
MEMEUSDT,SELL,LIMIT,1700917964278,18308,0.0293081
MEMEUSDT,SELL,LIMIT,1700917969388,12540,0.0292937
MEMEUSDT,SELL,LIMIT,1700918283156,2604,0.0292493
MEMEUSDT,SELL,LIMIT,1700918284212,5004,0.0292237
MEMEUSDT,SELL,LIMIT,1700918285323,227,0.0292163
MEMEUSDT,SELL,LIMIT,1700918286406,6712,0.0292006
MEMEUSDT,SELL,LIMIT,1700918288163,127416,0.0291597
MEMEUSDT,SELL,LIMIT,1700918453366,24890,0.0291573
MEMEUSDT,SELL,LIMIT,1700918469727,10134,0.0291473
MEMEUSDT,SELL,LIMIT,1700918473321,16475,0.0291132
MEMEUSDT,SELL,LIMIT,1700918474355,28155,0.0291219
MEMEUSDT,SELL,LIMIT,1700918476146,7082,0.0291095
MEMEUSDT,BUY,LIMIT,1700918844243,8036,0.0302398
MEMEUSDT,BUY,LIMIT,1700918882050,12636,0.0302574
MEMEUSDT,BUY,LIMIT,1700918887286,5429,0.0302686
MEMEUSDT,BUY,LIMIT,1700918891292,2582,0.0303102
MEMEUSDT,SELL,LIMIT,1700918942346,7420,0.0291734
MEMEUSDT,SELL,LIMIT,1700918945336,1821,0.0291287
MEMEUSDT,SELL,LIMIT,1700918963055,6755,0.0290973
MEMEUSDT,SELL,LIMIT,1700918968090,22598,0.0290793
MEMEUSDT,SELL,LIMIT,1700918970075,23940,0.0289828
MEMEUSDT,SELL,LIMIT,1700918971142,33021,0.0290325
MEMEUSDT,SELL,LIMIT,1700918985082,9699,0.0289454
MEMEUSDT,SELL,LIMIT,1700918986536,36994,0.0289407
MEMEUSDT,SELL,LIMIT,1700918987692,1987,0.0289381
MEMEUSDT,BUY,LIMIT,1700919080404,4331,0.0300493
MEMEUSDT,BUY,LIMIT,1700919774789,392,0.0302534
MEMEUSDT,BUY,LIMIT,1700920331910,9755,0.0303359
MEMEUSDT,BUY,LIMIT,1700920527281,40760,0.0303808
MEMEUSDT,BUY,LIMIT,1700921058579,5274,0.0303900
MEMEUSDT,BUY,LIMIT,1700921060157,5349,0.0303986
MEMEUSDT,SELL,LIMIT,1700921472867,24447,0.0293465
MEMEUSDT,SELL,LIMIT,1700921494009,267,0.0292981
MEMEUSDT,SELL,LIMIT,1700921495418,6949,0.0292894
MEMEUSDT,SELL,LIMIT,1700921498169,255,0.0292826
MEMEUSDT,SELL,LIMIT,1700921503286,415,0.0292505
MEMEUSDT,SELL,LIMIT,1700921523000,5027,0.0292189
MEMEUSDT,SELL,LIMIT,1700921530362,1241,0.0291738
MEMEUSDT,SELL,LIMIT,1700921531907,1635,0.0291712
MEMEUSDT,SELL,LIMIT,1700921552402,200,0.0291618
MEMEUSDT,SELL,LIMIT,1700921556220,444,0.0291533
MEMEUSDT,SELL,LIMIT,1700921557245,1755,0.0291499
MEMEUSDT,SELL,LIMIT,1700921558282,2303,0.0291420
MEMEUSDT,BUY,LIMIT,1700921614195,16455,0.0301322
MEMEUSDT,SELL,LIMIT,1700922106605,3192,0.0291301
MEMEUSDT,BUY,LIMIT,1700922659548,138318,0.0302044
MEMEUSDT,BUY,LIMIT,1700922671180,5868,0.0303281
MEMEUSDT,BUY,LIMIT,1700922972101,5353,0.0304380
MEMEUSDT,BUY,LIMIT,1700922977395,3825,0.0304657
MEMEUSDT,BUY,LIMIT,1700922982939,77556,0.0305076
MEMEUSDT,BUY,LIMIT,1700923000755,12855,0.0305279
MEMEUSDT,BUY,LIMIT,1700923005031,258,0.0305397
MEMEUSDT,BUY,LIMIT,1700923009252,166944,0.0305430
MEMEUSDT,SELL,LIMIT,1700923130700,7300,0.0294905
MEMEUSDT,BUY,LIMIT,1700923259474,2505,0.0305511
MEMEUSDT,BUY,LIMIT,1700923282136,82112,0.0306377
MEMEUSDT,BUY,LIMIT,1700923284391,5978,0.0306606
MEMEUSDT,BUY,LIMIT,1700923286061,8482,0.0306653
MEMEUSDT,SELL,LIMIT,1700923551141,310,0.0294671
MEMEUSDT,SELL,LIMIT,1700923555803,2187,0.0294425
MEMEUSDT,BUY,LIMIT,1700923841674,14815,0.0305589
MEMEUSDT,SELL,LIMIT,1700924495325,725,0.0295973
MEMEUSDT,BUY,LIMIT,1700924537498,8602,0.0305899
MEMEUSDT,BUY,LIMIT,1700924576549,134707,0.0306572
MEMEUSDT,SELL,LIMIT,1700924659580,541,0.0295901
MEMEUSDT,SELL,LIMIT,1700924670317,3414,0.0295573
MEMEUSDT,SELL,LIMIT,1700924697334,56621,0.0294921
MEMEUSDT,SELL,LIMIT,1700924833946,662,0.0294487
MEMEUSDT,BUY,LIMIT,1700925421355,7454,0.0305430
MEMEUSDT,BUY,LIMIT,1700925423218,15274,0.0305460
MEMEUSDT,BUY,LIMIT,1700925484151,11210,0.0305909
MEMEUSDT,BUY,LIMIT,1700925487485,24648,0.0305940
MEMEUSDT,SELL,LIMIT,1700925726673,15831,0.0294258
MEMEUSDT,SELL,LIMIT,1700925728087,25844,0.0294187
MEMEUSDT,BUY,LIMIT,1700925806078,6285,0.0304460
MEMEUSDT,BUY,LIMIT,1700926028646,166666,0.0305940
MEMEUSDT,BUY,LIMIT,1700926294344,133486,0.0306815
MEMEUSDT,BUY,LIMIT,1700926296236,39990,0.0306884
MEMEUSDT,BUY,LIMIT,1700926300638,2668,0.0306956
MEMEUSDT,BUY,LIMIT,1700926340398,3453,0.0307296
MEMEUSDT,BUY,LIMIT,1700926342277,73434,0.0307419
MEMEUSDT,BUY,LIMIT,1700926367347,28631,0.0307575
MEMEUSDT,BUY,LIMIT,1700926389805,26890,0.0307723
MEMEUSDT,BUY,LIMIT,1700926405815,50000,0.0307979
MEMEUSDT,SELL,LIMIT,1700926529233,1743,0.0297285
MEMEUSDT,SELL,LIMIT,1700926860299,57747,0.0296680
MEMEUSDT,BUY,LIMIT,1700927153371,9636,0.0306743
MEMEUSDT,BUY,LIMIT,1700927570749,22850,0.0306959
MEMEUSDT,BUY,LIMIT,1700927573156,796,0.0307055
MEMEUSDT,BUY,LIMIT,1700927678083,7654,0.0307563
MEMEUSDT,BUY,LIMIT,1700927679533,27754,0.0307791
MEMEUSDT,BUY,LIMIT,1700927877064,2549,0.0307949
MEMEUSDT,SELL,LIMIT,1700928069402,5693,0.0297223
MEMEUSDT,SELL,LIMIT,1700928088106,3293,0.0296645
MEMEUSDT,SELL,LIMIT,1700928089262,11412,0.0296731
MEMEUSDT,SELL,LIMIT,1700928093131,5617,0.0296538
MEMEUSDT,SELL,LIMIT,1700928315690,38967,0.0296082
MEMEUSDT,SELL,LIMIT,1700928318667,1196,0.0296013
MEMEUSDT,SELL,LIMIT,1700928348250,339,0.0295889
MEMEUSDT,BUY,LIMIT,1700928626805,1664,0.0306308
MEMEUSDT,BUY,LIMIT,1700928630388,43071,0.0306591
MEMEUSDT,BUY,LIMIT,1700928634300,1290,0.0307204
MEMEUSDT,BUY,LIMIT,1700928636261,165685,0.0307377
MEMEUSDT,BUY,LIMIT,1700928640189,49728,0.0307559
MEMEUSDT,BUY,LIMIT,1700928641249,1095,0.0307458
MEMEUSDT,BUY,LIMIT,1700928643827,7405,0.0307783
MEMEUSDT,BUY,LIMIT,1700928679334,37370,0.0308154
MEMEUSDT,BUY,LIMIT,1700928684431,12281,0.0308234
MEMEUSDT,BUY,LIMIT,1700928685964,164331,0.0308453
MEMEUSDT,BUY,LIMIT,1700928687084,8159,0.0308512
MEMEUSDT,BUY,LIMIT,1700928690876,11696,0.0308699
MEMEUSDT,BUY,LIMIT,1700928700330,30378,0.0308720
MEMEUSDT,BUY,LIMIT,1700928715549,4497,0.0308797
MEMEUSDT,BUY,LIMIT,1700928716688,38526,0.0308840
MEMEUSDT,BUY,LIMIT,1700928721418,23723,0.0309090
MEMEUSDT,BUY,LIMIT,1700928724034,2177,0.0309403
MEMEUSDT,BUY,LIMIT,1700928729589,371651,0.0311096
MEMEUSDT,BUY,LIMIT,1700928731478,2783,0.0309595
MEMEUSDT,BUY,LIMIT,1700928733104,46977,0.0310033
MEMEUSDT,BUY,LIMIT,1700928735121,1113,0.0310334
MEMEUSDT,SELL,LIMIT,1700928818038,3559,0.0299362
MEMEUSDT,BUY,LIMIT,1700929074170,2368,0.0310070
MEMEUSDT,SELL,LIMIT,1700929740300,2603,0.0299247
MEMEUSDT,SELL,LIMIT,1700930072982,101745,0.0298923
MEMEUSDT,SELL,LIMIT,1700930074170,102549,0.0298696
MEMEUSDT,SELL,LIMIT,1700930075281,6562,0.0298708
MEMEUSDT,SELL,LIMIT,1700930122076,477,0.0298499
MEMEUSDT,SELL,LIMIT,1700930359628,2741,0.0298173
MEMEUSDT,SELL,LIMIT,1700930376234,1020,0.0298054
MEMEUSDT,BUY,LIMIT,1700931027779,749,0.0308434
MEMEUSDT,BUY,LIMIT,1700931031274,1650,0.0308783
MEMEUSDT,BUY,LIMIT,1700931041997,17101,0.0309140
MEMEUSDT,BUY,LIMIT,1700931043832,9913,0.0309672
MEMEUSDT,BUY,LIMIT,1700931060203,65630,0.0310303
MEMEUSDT,BUY,LIMIT,1700931064102,12000,0.0310444
MEMEUSDT,BUY,LIMIT,1700931066185,35919,0.0310612
MEMEUSDT,BUY,LIMIT,1700931068177,4985,0.0311036
MEMEUSDT,BUY,LIMIT,1700931069363,2947,0.0311385
MEMEUSDT,BUY,LIMIT,1700931076603,81819,0.0311969
MEMEUSDT,BUY,LIMIT,1700931078114,481,0.0312011
MEMEUSDT,BUY,LIMIT,1700931079254,6225,0.0312013
MEMEUSDT,BUY,LIMIT,1700931201807,3333,0.0312497
MEMEUSDT,BUY,LIMIT,1700931226691,8342,0.0312564
MEMEUSDT,BUY,LIMIT,1700931231288,269360,0.0313988
MEMEUSDT,BUY,LIMIT,1700931235531,669,0.0313053
MEMEUSDT,BUY,LIMIT,1700931237085,168,0.0313251
MEMEUSDT,BUY,LIMIT,1700931238269,153997,0.0313285
MEMEUSDT,BUY,LIMIT,1700931239697,7517,0.0313370
MEMEUSDT,BUY,LIMIT,1700931268401,409,0.0313518
MEMEUSDT,SELL,LIMIT,1700931398969,12945,0.0302452
MEMEUSDT,SELL,LIMIT,1700931645302,444,0.0302169
MEMEUSDT,BUY,LIMIT,1700932375015,110000,0.0313434
MEMEUSDT,BUY,LIMIT,1700932407119,2296,0.0313903
MEMEUSDT,BUY,LIMIT,1700932419953,8108,0.0314009
MEMEUSDT,BUY,LIMIT,1700932744625,90573,0.0313860
MEMEUSDT,BUY,LIMIT,1700932750222,1043,0.0313968
MEMEUSDT,BUY,LIMIT,1700932758232,1734,0.0314042
MEMEUSDT,BUY,LIMIT,1700932760375,481,0.0314172
MEMEUSDT,BUY,LIMIT,1700932763347,4171,0.0314372
MEMEUSDT,BUY,LIMIT,1700932770352,614,0.0314430
MEMEUSDT,BUY,LIMIT,1700932782725,8237,0.0314479
MEMEUSDT,BUY,LIMIT,1700932790965,4021,0.0314515
MEMEUSDT,BUY,LIMIT,1700932792376,8927,0.0314576
MEMEUSDT,BUY,LIMIT,1700932824782,31868,0.0314609
MEMEUSDT,BUY,LIMIT,1700932842125,18302,0.0314835
MEMEUSDT,BUY,LIMIT,1700932843133,4000,0.0314843
MEMEUSDT,BUY,LIMIT,1700932847110,8333,0.0314955
MEMEUSDT,BUY,LIMIT,1700932849245,3532,0.0315048
MEMEUSDT,BUY,LIMIT,1700932850819,804,0.0315119
MEMEUSDT,BUY,LIMIT,1700932857679,9316,0.0315330
MEMEUSDT,BUY,LIMIT,1700932859154,6132,0.0315653
MEMEUSDT,BUY,LIMIT,1700932861488,13501,0.0315703
MEMEUSDT,BUY,LIMIT,1700932914095,7422,0.0315861
MEMEUSDT,BUY,LIMIT,1700932915105,6262,0.0315954
MEMEUSDT,BUY,LIMIT,1700932917173,4180,0.0316142
MEMEUSDT,BUY,LIMIT,1700932926735,163,0.0316254
MEMEUSDT,BUY,LIMIT,1700932929772,5761,0.0316257
MEMEUSDT,BUY,LIMIT,1700932933448,194,0.0316351
MEMEUSDT,BUY,LIMIT,1700932934601,2517,0.0316500
MEMEUSDT,BUY,LIMIT,1700932936289,32258,0.0316533
MEMEUSDT,BUY,LIMIT,1700932977966,2810,0.0316636
MEMEUSDT,BUY,LIMIT,1700932985490,3880,0.0316823
MEMEUSDT,BUY,LIMIT,1700932990014,5637,0.0316892
MEMEUSDT,BUY,LIMIT,1700932991200,116473,0.0316990
MEMEUSDT,BUY,LIMIT,1700932993196,27371,0.0317169
MEMEUSDT,BUY,LIMIT,1700933024491,7380,0.0317418
MEMEUSDT,BUY,LIMIT,1700933030260,6026,0.0317645
MEMEUSDT,BUY,LIMIT,1700933031401,6190,0.0317783
MEMEUSDT,BUY,LIMIT,1700933032494,47650,0.0317939
MEMEUSDT,BUY,LIMIT,1700933034039,129837,0.0317974
MEMEUSDT,BUY,LIMIT,1700933035050,96486,0.0318070
MEMEUSDT,BUY,LIMIT,1700933036063,3465,0.0318178
MEMEUSDT,BUY,LIMIT,1700933037249,350,0.0318330
MEMEUSDT,BUY,LIMIT,1700933038262,936,0.0318366
MEMEUSDT,BUY,LIMIT,1700933039460,97269,0.0318638
MEMEUSDT,BUY,LIMIT,1700933040794,194,0.0318877
MEMEUSDT,BUY,LIMIT,1700933044431,16829,0.0318929
MEMEUSDT,BUY,LIMIT,1700933046809,15306,0.0319029
MEMEUSDT,BUY,LIMIT,1700933047998,7987,0.0319197
MEMEUSDT,BUY,LIMIT,1700933049223,13133,0.0319621
MEMEUSDT,BUY,LIMIT,1700933050240,38951,0.0319948
MEMEUSDT,BUY,LIMIT,1700933052072,60000,0.0320208
MEMEUSDT,BUY,LIMIT,1700933053125,3290,0.0320484
MEMEUSDT,BUY,LIMIT,1700933055188,3854,0.0320533
MEMEUSDT,BUY,LIMIT,1700933076042,16028,0.0321039
MEMEUSDT,BUY,LIMIT,1700933077094,569,0.0321172
MEMEUSDT,BUY,LIMIT,1700933078360,2897,0.0321170
MEMEUSDT,BUY,LIMIT,1700933079572,7850,0.0321471
MEMEUSDT,BUY,LIMIT,1700933081453,852,0.0321672
MEMEUSDT,BUY,LIMIT,1700933082643,84167,0.0321821
MEMEUSDT,BUY,LIMIT,1700933089155,27432,0.0321959
MEMEUSDT,BUY,LIMIT,1700933090556,248676,0.0323224
MEMEUSDT,BUY,LIMIT,1700933091730,1734,0.0322225
MEMEUSDT,BUY,LIMIT,1700933092777,2110,0.0322660
MEMEUSDT,BUY,LIMIT,1700933093968,1287,0.0323018
MEMEUSDT,BUY,LIMIT,1700933096147,1554,0.0323139
MEMEUSDT,BUY,LIMIT,1700933097165,1578,0.0323072
MEMEUSDT,BUY,LIMIT,1700933098479,17640,0.0323339
MEMEUSDT,BUY,LIMIT,1700933100090,159012,0.0323402
MEMEUSDT,SELL,LIMIT,1700933128924,31960,0.0312073
MEMEUSDT,BUY,LIMIT,1700933180207,326,0.0323485
MEMEUSDT,SELL,LIMIT,1700933289160,909,0.0311970
MEMEUSDT,SELL,LIMIT,1700933292289,22659,0.0311931
MEMEUSDT,BUY,LIMIT,1700933431645,2462,0.0322837
MEMEUSDT,BUY,LIMIT,1700933436463,201,0.0323012
MEMEUSDT,BUY,LIMIT,1700933439799,2344,0.0323413
MEMEUSDT,BUY,LIMIT,1700933443264,12293,0.0323623
MEMEUSDT,BUY,LIMIT,1700933445607,71861,0.0323902
MEMEUSDT,BUY,LIMIT,1700933446753,2218,0.0324109
MEMEUSDT,BUY,LIMIT,1700933448862,2051,0.0324235
MEMEUSDT,BUY,LIMIT,1700933450299,29982,0.0324388
MEMEUSDT,BUY,LIMIT,1700933451348,142901,0.0324394
MEMEUSDT,BUY,LIMIT,1700933456247,14912,0.0324566
MEMEUSDT,BUY,LIMIT,1700933459258,82804,0.0324699
MEMEUSDT,BUY,LIMIT,1700933460271,5382,0.0325278
MEMEUSDT,BUY,LIMIT,1700933461491,33592,0.0324790
MEMEUSDT,BUY,LIMIT,1700933463269,63177,0.0325438
MEMEUSDT,BUY,LIMIT,1700933464630,27001,0.0325574
MEMEUSDT,BUY,LIMIT,1700933466057,43049,0.0325663
MEMEUSDT,BUY,LIMIT,1700933467122,64925,0.0325836
MEMEUSDT,BUY,LIMIT,1700933468164,23191,0.0326076
MEMEUSDT,BUY,LIMIT,1700933470058,14500,0.0326201
MEMEUSDT,BUY,LIMIT,1700933471069,4290,0.0326238
MEMEUSDT,BUY,LIMIT,1700933475114,340,0.0326974
MEMEUSDT,BUY,LIMIT,1700933476149,1356,0.0327056
MEMEUSDT,BUY,LIMIT,1700933477156,461,0.0327920
MEMEUSDT,BUY,LIMIT,1700933478171,26538,0.0327797
MEMEUSDT,BUY,LIMIT,1700933516201,5916,0.0328269
MEMEUSDT,BUY,LIMIT,1700933517238,1256,0.0328173
MEMEUSDT,BUY,LIMIT,1700933527251,66368,0.0328387
MEMEUSDT,BUY,LIMIT,1700933530063,3343,0.0328714
MEMEUSDT,BUY,LIMIT,1700933533113,5111,0.0328785
MEMEUSDT,BUY,LIMIT,1700933534157,23515,0.0328781
MEMEUSDT,BUY,LIMIT,1700933535216,2133,0.0328855
MEMEUSDT,BUY,LIMIT,1700933536352,107000,0.0329351
MEMEUSDT,BUY,LIMIT,1700933537971,15971,0.0329474
MEMEUSDT,BUY,LIMIT,1700933547257,51869,0.0329540
MEMEUSDT,BUY,LIMIT,1700933549039,7722,0.0329569
MEMEUSDT,BUY,LIMIT,1700933551713,54922,0.0329635
MEMEUSDT,BUY,LIMIT,1700933553944,17669,0.0329764
MEMEUSDT,BUY,LIMIT,1700933555495,333,0.0329869
MEMEUSDT,BUY,LIMIT,1700933556528,159784,0.0330336
MEMEUSDT,BUY,LIMIT,1700933558329,3823,0.0330424
MEMEUSDT,BUY,LIMIT,1700933565630,27211,0.0330118
MEMEUSDT,BUY,LIMIT,1700933577481,192500,0.0331198
MEMEUSDT,BUY,LIMIT,1700933579056,77262,0.0330897
MEMEUSDT,BUY,LIMIT,1700933580207,11945,0.0330710
MEMEUSDT,BUY,LIMIT,1700933586176,10000,0.0331170
MEMEUSDT,BUY,LIMIT,1700933587287,2234,0.0331072
MEMEUSDT,SELL,LIMIT,1700933605116,12953,0.0319479
MEMEUSDT,SELL,LIMIT,1700933615073,2690,0.0318733
MEMEUSDT,SELL,LIMIT,1700933618587,11938,0.0318545
MEMEUSDT,BUY,LIMIT,1700933693899,225,0.0329712
MEMEUSDT,SELL,LIMIT,1700933782638,4481,0.0319288
MEMEUSDT,SELL,LIMIT,1700933786179,7579,0.0319103
MEMEUSDT,SELL,LIMIT,1700933787247,153551,0.0318957
MEMEUSDT,SELL,LIMIT,1700933790205,65979,0.0318692
MEMEUSDT,SELL,LIMIT,1700933792282,2300,0.0318478
MEMEUSDT,SELL,LIMIT,1700933793956,895,0.0318335
MEMEUSDT,SELL,LIMIT,1700933795255,130554,0.0318140
MEMEUSDT,SELL,LIMIT,1700933797088,721,0.0318068
MEMEUSDT,SELL,LIMIT,1700933800688,15264,0.0317746
MEMEUSDT,SELL,LIMIT,1700933803102,160,0.0317488
MEMEUSDT,SELL,LIMIT,1700933826448,26540,0.0316672
MEMEUSDT,SELL,LIMIT,1700933828300,551,0.0316339
MEMEUSDT,SELL,LIMIT,1700933837284,2513,0.0315995
MEMEUSDT,SELL,LIMIT,1700933839189,46739,0.0315445
MEMEUSDT,SELL,LIMIT,1700933840222,3946,0.0315530
MEMEUSDT,BUY,LIMIT,1700933885753,7723,0.0326892
MEMEUSDT,BUY,LIMIT,1700933890814,2951,0.0327322
MEMEUSDT,BUY,LIMIT,1700933893436,1279,0.0327422
MEMEUSDT,BUY,LIMIT,1700933895036,38684,0.0328012
MEMEUSDT,BUY,LIMIT,1700933910126,121089,0.0329114
MEMEUSDT,BUY,LIMIT,1700933916318,47050,0.0330420
MEMEUSDT,BUY,LIMIT,1700933921143,2251,0.0330670
MEMEUSDT,SELL,LIMIT,1700933963016,12248,0.0319108
MEMEUSDT,SELL,LIMIT,1700933964292,159,0.0319030
MEMEUSDT,SELL,LIMIT,1700933967145,18384,0.0318805
MEMEUSDT,SELL,LIMIT,1700933970116,10041,0.0318596
MEMEUSDT,BUY,LIMIT,1700934208102,38833,0.0329826
MEMEUSDT,BUY,LIMIT,1700934238085,51380,0.0331152
MEMEUSDT,BUY,LIMIT,1700934239246,7576,0.0330606
MEMEUSDT,BUY,LIMIT,1700934241166,315,0.0331703
MEMEUSDT,BUY,LIMIT,1700934242195,11315,0.0332060
MEMEUSDT,BUY,LIMIT,1700934250379,33617,0.0332245
MEMEUSDT,BUY,LIMIT,1700934259227,4240,0.0332570
MEMEUSDT,BUY,LIMIT,1700934260380,1273,0.0332547
MEMEUSDT,BUY,LIMIT,1700934261650,5489,0.0332686
MEMEUSDT,BUY,LIMIT,1700934263798,2468,0.0332656
MEMEUSDT,BUY,LIMIT,1700934265513,3864,0.0332813
MEMEUSDT,BUY,LIMIT,1700934267168,158532,0.0333172
MEMEUSDT,BUY,LIMIT,1700934268239,25662,0.0332983
MEMEUSDT,BUY,LIMIT,1700934269319,24836,0.0333399
MEMEUSDT,BUY,LIMIT,1700934271519,594,0.0333377
MEMEUSDT,BUY,LIMIT,1700934278447,329,0.0333574
MEMEUSDT,SELL,LIMIT,1700934323522,4500,0.0322032
MEMEUSDT,SELL,LIMIT,1700934326494,3044,0.0321990
MEMEUSDT,SELL,LIMIT,1700934331377,9924,0.0321711
MEMEUSDT,SELL,LIMIT,1700934332537,12176,0.0321628
MEMEUSDT,SELL,LIMIT,1700934411099,702,0.0321014
MEMEUSDT,SELL,LIMIT,1700934413429,34782,0.0320787
MEMEUSDT,SELL,LIMIT,1700934415683,15439,0.0320806
MEMEUSDT,SELL,LIMIT,1700934417184,28983,0.0320648
MEMEUSDT,SELL,LIMIT,1700934517476,86382,0.0320323
MEMEUSDT,SELL,LIMIT,1700934522984,6186,0.0320000
MEMEUSDT,SELL,LIMIT,1700934531922,52026,0.0319870
MEMEUSDT,SELL,LIMIT,1700934533069,16436,0.0319635
MEMEUSDT,SELL,LIMIT,1700934534165,335,0.0319762
MEMEUSDT,SELL,LIMIT,1700934544627,2789,0.0319174
MEMEUSDT,SELL,LIMIT,1700934597496,464,0.0318791
MEMEUSDT,SELL,LIMIT,1700934760960,413,0.0318794
MEMEUSDT,SELL,LIMIT,1700934762861,332,0.0318726
MEMEUSDT,SELL,LIMIT,1700934764523,40269,0.0318532
MEMEUSDT,SELL,LIMIT,1700934769654,48607,0.0318381
MEMEUSDT,SELL,LIMIT,1700934780209,664,0.0318161
MEMEUSDT,SELL,LIMIT,1700934781815,1505,0.0317880
MEMEUSDT,BUY,LIMIT,1700934845971,20110,0.0329616
MEMEUSDT,SELL,LIMIT,1700935172554,1665,0.0318541
MEMEUSDT,SELL,LIMIT,1700935333492,63115,0.0318101
MEMEUSDT,SELL,LIMIT,1700935337186,595,0.0317891
MEMEUSDT,SELL,LIMIT,1700935339997,21023,0.0317677
MEMEUSDT,SELL,LIMIT,1700935341414,4495,0.0317513
MEMEUSDT,SELL,LIMIT,1700935343098,2040,0.0317453
MEMEUSDT,SELL,LIMIT,1700935348145,2580,0.0317330
MEMEUSDT,SELL,LIMIT,1700935349216,72705,0.0317380
MEMEUSDT,SELL,LIMIT,1700935351114,346,0.0317162
MEMEUSDT,SELL,LIMIT,1700935353563,152070,0.0316991
MEMEUSDT,SELL,LIMIT,1700935390312,595,0.0316737
MEMEUSDT,SELL,LIMIT,1700935398166,1758,0.0316385
MEMEUSDT,SELL,LIMIT,1700935401437,458,0.0316167
MEMEUSDT,SELL,LIMIT,1700935420425,152443,0.0316039
MEMEUSDT,SELL,LIMIT,1700935439505,785,0.0315609
MEMEUSDT,BUY,LIMIT,1700935477263,2017,0.0326984
MEMEUSDT,BUY,LIMIT,1700935481101,1594,0.0327388
MEMEUSDT,BUY,LIMIT,1700935500413,1235,0.0327702
MEMEUSDT,BUY,LIMIT,1700935502079,54180,0.0328071
MEMEUSDT,BUY,LIMIT,1700935649572,2958,0.0329236
MEMEUSDT,BUY,LIMIT,1700935658969,28953,0.0329595
MEMEUSDT,SELL,LIMIT,1700935712358,30719,0.0318707
MEMEUSDT,SELL,LIMIT,1700935714575,16142,0.0318547
MEMEUSDT,SELL,LIMIT,1700935716156,2300,0.0318493
MEMEUSDT,SELL,LIMIT,1700935718385,1035,0.0318364
MEMEUSDT,SELL,LIMIT,1700935719448,1581,0.0318061
MEMEUSDT,SELL,LIMIT,1700935720926,22217,0.0317915
MEMEUSDT,SELL,LIMIT,1700935723209,1371,0.0317791
MEMEUSDT,SELL,LIMIT,1700935725843,20000,0.0317403
MEMEUSDT,SELL,LIMIT,1700935728906,3688,0.0317385
MEMEUSDT,SELL,LIMIT,1700935733970,11257,0.0317241
MEMEUSDT,SELL,LIMIT,1700935739481,3283,0.0316927
MEMEUSDT,SELL,LIMIT,1700935749481,780,0.0316577
MEMEUSDT,SELL,LIMIT,1700935750553,3106,0.0316323
MEMEUSDT,BUY,LIMIT,1700935792435,5319,0.0327258
MEMEUSDT,BUY,LIMIT,1700935815379,17261,0.0328122
MEMEUSDT,BUY,LIMIT,1700935820657,200,0.0328615
MEMEUSDT,SELL,LIMIT,1700935860236,567,0.0316665
MEMEUSDT,SELL,LIMIT,1700936050703,77459,0.0315950
MEMEUSDT,SELL,LIMIT,1700936052469,4261,0.0315730
MEMEUSDT,SELL,LIMIT,1700936118607,1552,0.0315626
MEMEUSDT,SELL,LIMIT,1700936120367,285,0.0315195
MEMEUSDT,SELL,LIMIT,1700936122207,3259,0.0314622
MEMEUSDT,SELL,LIMIT,1700936123250,5624,0.0314268
MEMEUSDT,SELL,LIMIT,1700936127250,7723,0.0313834
MEMEUSDT,SELL,LIMIT,1700936147782,537,0.0313410
MEMEUSDT,SELL,LIMIT,1700936150140,53892,0.0313201
MEMEUSDT,SELL,LIMIT,1700936151578,8464,0.0313026
MEMEUSDT,BUY,LIMIT,1700936302896,2555,0.0324344
MEMEUSDT,BUY,LIMIT,1700936306935,12760,0.0324517
MEMEUSDT,BUY,LIMIT,1700936308436,26503,0.0324759
MEMEUSDT,BUY,LIMIT,1700936316903,12000,0.0325099
MEMEUSDT,BUY,LIMIT,1700936331783,1160,0.0325702
MEMEUSDT,BUY,LIMIT,1700936334894,30891,0.0326134
MEMEUSDT,BUY,LIMIT,1700936343282,7741,0.0326408
MEMEUSDT,BUY,LIMIT,1700936345516,36223,0.0326873
MEMEUSDT,BUY,LIMIT,1700936418038,1104,0.0328134
MEMEUSDT,BUY,LIMIT,1700936421260,3966,0.0328651
MEMEUSDT,BUY,LIMIT,1700936424059,30000,0.0329123
MEMEUSDT,BUY,LIMIT,1700936437537,25982,0.0329448
MEMEUSDT,BUY,LIMIT,1700936693412,78876,0.0329799
MEMEUSDT,BUY,LIMIT,1700936731105,6182,0.0330014
MEMEUSDT,BUY,LIMIT,1700936732276,2238,0.0330610
MEMEUSDT,BUY,LIMIT,1700936733284,28810,0.0331172
MEMEUSDT,BUY,LIMIT,1700936734326,134821,0.0331162
MEMEUSDT,BUY,LIMIT,1700936735960,292,0.0331428
MEMEUSDT,BUY,LIMIT,1700936737003,90169,0.0331763
MEMEUSDT,BUY,LIMIT,1700936738462,19077,0.0331862
MEMEUSDT,BUY,LIMIT,1700936746286,6182,0.0332071
MEMEUSDT,SELL,LIMIT,1700936779603,19936,0.0320679
MEMEUSDT,SELL,LIMIT,1700936783763,152782,0.0320401
MEMEUSDT,SELL,LIMIT,1700936903059,8420,0.0320189
MEMEUSDT,SELL,LIMIT,1700936904082,7549,0.0319917
MEMEUSDT,BUY,LIMIT,1700937173962,16429,0.0331634
MEMEUSDT,BUY,LIMIT,1700937198256,47611,0.0331995
MEMEUSDT,SELL,LIMIT,1700937235125,111637,0.0320469
MEMEUSDT,SELL,LIMIT,1700937236617,3178,0.0320327
MEMEUSDT,BUY,LIMIT,1700937251337,3101,0.0330444
MEMEUSDT,SELL,LIMIT,1700937305398,559,0.0320032
MEMEUSDT,SELL,LIMIT,1700937307516,6873,0.0319685
MEMEUSDT,SELL,LIMIT,1700937315212,910,0.0319087
MEMEUSDT,SELL,LIMIT,1700937353198,8276,0.0319017
MEMEUSDT,SELL,LIMIT,1700937356486,2523,0.0318850
MEMEUSDT,SELL,LIMIT,1700937568749,4604,0.0318170
MEMEUSDT,SELL,LIMIT,1700937579849,7320,0.0317956
MEMEUSDT,SELL,LIMIT,1700937581334,1704,0.0317847
MEMEUSDT,SELL,LIMIT,1700937844537,15373,0.0317687
MEMEUSDT,SELL,LIMIT,1700937867282,14747,0.0317629
MEMEUSDT,BUY,LIMIT,1700937965637,151631,0.0328576
MEMEUSDT,BUY,LIMIT,1700938341448,30976,0.0329222
MEMEUSDT,BUY,LIMIT,1700938344157,42803,0.0329472
MEMEUSDT,BUY,LIMIT,1700938349053,776,0.0329849
MEMEUSDT,BUY,LIMIT,1700938589365,356,0.0330122
MEMEUSDT,BUY,LIMIT,1700938693495,389,0.0330257
MEMEUSDT,BUY,LIMIT,1700938761681,465,0.0330617
MEMEUSDT,BUY,LIMIT,1700938763476,757,0.0330675
MEMEUSDT,BUY,LIMIT,1700938853525,20403,0.0330250
MEMEUSDT,BUY,LIMIT,1700938861303,2313,0.0330363
MEMEUSDT,BUY,LIMIT,1700938870349,77913,0.0330704
MEMEUSDT,BUY,LIMIT,1700938877499,91386,0.0330833
MEMEUSDT,BUY,LIMIT,1700938879918,162,0.0331112
MEMEUSDT,SELL,LIMIT,1700938960339,2160,0.0319675
MEMEUSDT,SELL,LIMIT,1700938963209,1365,0.0319480
MEMEUSDT,SELL,LIMIT,1700938966970,71853,0.0319407
MEMEUSDT,SELL,LIMIT,1700938970286,146213,0.0319385
MEMEUSDT,SELL,LIMIT,1700938974093,84550,0.0319220
MEMEUSDT,SELL,LIMIT,1700938981753,42969,0.0318691
MEMEUSDT,SELL,LIMIT,1700939489611,1353,0.0318223
MEMEUSDT,SELL,LIMIT,1700939494305,42915,0.0318049
MEMEUSDT,SELL,LIMIT,1700939497164,580,0.0317807
MEMEUSDT,SELL,LIMIT,1700939506580,252,0.0317704
MEMEUSDT,SELL,LIMIT,1700939538192,29652,0.0317427
MEMEUSDT,SELL,LIMIT,1700939658712,1256,0.0317309
MEMEUSDT,SELL,LIMIT,1700939775376,1029,0.0317270
MEMEUSDT,SELL,LIMIT,1700939778498,45032,0.0316851
MEMEUSDT,SELL,LIMIT,1700939783809,10125,0.0316814
MEMEUSDT,SELL,LIMIT,1700939785264,42554,0.0316648
MEMEUSDT,SELL,LIMIT,1700939786404,13944,0.0316544
MEMEUSDT,SELL,LIMIT,1700939788090,1548,0.0316410
MEMEUSDT,SELL,LIMIT,1700939789215,5597,0.0316146
MEMEUSDT,BUY,LIMIT,1700939828921,35576,0.0327273
MEMEUSDT,SELL,LIMIT,1700940144132,320,0.0317241
MEMEUSDT,SELL,LIMIT,1700940168833,489,0.0316831
MEMEUSDT,SELL,LIMIT,1700940176742,102444,0.0316882
MEMEUSDT,SELL,LIMIT,1700940203538,1388,0.0316717
