Symbol,Side,Order Type,Time,Quantity,Price
MEMEUSDT,SELL,LIMIT,1700847662261,3529,0.0269788
MEMEUSDT,SELL,LIMIT,1700847750604,1378,0.0269450
MEMEUSDT,SELL,LIMIT,1700847865070,712,0.0269262
MEMEUSDT,SELL,LIMIT,1700847866562,9109,0.0269147
MEMEUSDT,BUY,LIMIT,1700848633798,20074,0.0277511
MEMEUSDT,SELL,LIMIT,1700848899704,2706,0.0269148
MEMEUSDT,SELL,LIMIT,1700848924035,181975,0.0268862
MEMEUSDT,BUY,LIMIT,1700849371100,38638,0.0278090
MEMEUSDT,SELL,LIMIT,1700849655077,70748,0.0268649
MEMEUSDT,SELL,LIMIT,1700849681053,3285,0.0268397
MEMEUSDT,SELL,LIMIT,1700849682991,3119,0.0268352
MEMEUSDT,SELL,LIMIT,1700849719133,15555,0.0268851
MEMEUSDT,SELL,LIMIT,1700849762943,1642,0.0268299
MEMEUSDT,SELL,LIMIT,1700849766227,39795,0.0268142
MEMEUSDT,SELL,LIMIT,1700849769115,1445,0.0267873
MEMEUSDT,SELL,LIMIT,1700849770362,4513,0.0267895
MEMEUSDT,SELL,LIMIT,1700849925244,814,0.0267704
MEMEUSDT,SELL,LIMIT,1700850064234,2301,0.0267617
MEMEUSDT,SELL,LIMIT,1700850067138,723,0.0267564
MEMEUSDT,SELL,LIMIT,1700850068886,2637,0.0267439
MEMEUSDT,SELL,LIMIT,1700850201507,8296,0.0267274
MEMEUSDT,SELL,LIMIT,1700850285397,10409,0.0267747
MEMEUSDT,SELL,LIMIT,1700850332672,3000,0.0267227
MEMEUSDT,SELL,LIMIT,1700850335966,18769,0.0267112
MEMEUSDT,BUY,LIMIT,1700850843141,3790,0.0275740
MEMEUSDT,BUY,LIMIT,1700851647177,83487,0.0277272
MEMEUSDT,SELL,LIMIT,1700852120484,6263,0.0267426
MEMEUSDT,SELL,LIMIT,1700852951211,1940,0.0267033
MEMEUSDT,SELL,LIMIT,1700852953448,6781,0.0266887
MEMEUSDT,SELL,LIMIT,1700852955598,13320,0.0266850
MEMEUSDT,SELL,LIMIT,1700852956641,183019,0.0266716
MEMEUSDT,SELL,LIMIT,1700852957731,42075,0.0266658
MEMEUSDT,SELL,LIMIT,1700852960642,19203,0.0266549
MEMEUSDT,SELL,LIMIT,1700853020104,16563,0.0266155
MEMEUSDT,SELL,LIMIT,1700853021262,20356,0.0266444
MEMEUSDT,SELL,LIMIT,1700855245986,72981,0.0266584
MEMEUSDT,BUY,LIMIT,1700856037345,13690,0.0276019
MEMEUSDT,SELL,LIMIT,1700857001074,475,0.0266724
MEMEUSDT,BUY,LIMIT,1700858177091,270,0.0276975
MEMEUSDT,SELL,LIMIT,1700859043064,64520,0.0268882
MEMEUSDT,BUY,LIMIT,1700860340272,247,0.0277474
MEMEUSDT,BUY,LIMIT,1700860447621,2500,0.0278127
MEMEUSDT,BUY,LIMIT,1700862008235,3776,0.0278017
MEMEUSDT,BUY,LIMIT,1700862413155,116347,0.0278453
MEMEUSDT,BUY,LIMIT,1700862541336,1873,0.0279037
MEMEUSDT,BUY,LIMIT,1700862556868,220,0.0279107
MEMEUSDT,BUY,LIMIT,1700862559524,55354,0.0279257
MEMEUSDT,BUY,LIMIT,1700862561236,731,0.0279466
MEMEUSDT,BUY,LIMIT,1700862565341,10953,0.0279531
MEMEUSDT,SELL,LIMIT,1700863321557,10918,0.0269026
MEMEUSDT,SELL,LIMIT,1700863326187,1234,0.0268670
MEMEUSDT,SELL,LIMIT,1700863328449,6397,0.0268459
MEMEUSDT,SELL,LIMIT,1700863339179,16555,0.0268203
MEMEUSDT,SELL,LIMIT,1700863355290,90748,0.0267950
MEMEUSDT,SELL,LIMIT,1700863766406,20036,0.0268328
MEMEUSDT,SELL,LIMIT,1700863837256,48924,0.0267871
MEMEUSDT,SELL,LIMIT,1700863864721,103232,0.0267596
MEMEUSDT,SELL,LIMIT,1700863948606,122482,0.0269663
MEMEUSDT,SELL,LIMIT,1700863949555,9683,0.0266970
MEMEUSDT,SELL,LIMIT,1700863961399,3706,0.0266713
MEMEUSDT,SELL,LIMIT,1700863977429,7345,0.0266363
MEMEUSDT,SELL,LIMIT,1700866682849,16031,0.0267761
MEMEUSDT,SELL,LIMIT,1700866718820,133846,0.0266286
MEMEUSDT,SELL,LIMIT,1700866893033,71303,0.0266203
MEMEUSDT,SELL,LIMIT,1700866899674,53832,0.0266123
MEMEUSDT,SELL,LIMIT,1700866912147,3155,0.0266109
MEMEUSDT,SELL,LIMIT,1700866931076,7119,0.0266068
MEMEUSDT,SELL,LIMIT,1700866948101,236,0.0266050
MEMEUSDT,SELL,LIMIT,1700867051165,4598,0.0265868
MEMEUSDT,SELL,LIMIT,1700867052180,83374,0.0265244
MEMEUSDT,SELL,LIMIT,1700867058519,509,0.0264964
MEMEUSDT,SELL,LIMIT,1700867059803,29345,0.0264915
MEMEUSDT,SELL,LIMIT,1700867060823,13027,0.0264798
MEMEUSDT,SELL,LIMIT,1700867062587,63288,0.0264538
MEMEUSDT,SELL,LIMIT,1700867065871,976,0.0264501
MEMEUSDT,SELL,LIMIT,1700867084149,33177,0.0264735
MEMEUSDT,SELL,LIMIT,1700867086449,35272,0.0264670
MEMEUSDT,SELL,LIMIT,1700867127693,7882,0.0264449
MEMEUSDT,SELL,LIMIT,1700867171409,1488,0.0264075
MEMEUSDT,SELL,LIMIT,1700867176616,4874,0.0264118
MEMEUSDT,SELL,LIMIT,1700867178304,44879,0.0264025
MEMEUSDT,SELL,LIMIT,1700867182671,10782,0.0264079
MEMEUSDT,SELL,LIMIT,1700867184803,7323,0.0263915
MEMEUSDT,SELL,LIMIT,1700867202689,18085,0.0264495
MEMEUSDT,SELL,LIMIT,1700867349046,18491,0.0263709
MEMEUSDT,SELL,LIMIT,1700867351995,260,0.0263574
MEMEUSDT,SELL,LIMIT,1700867354395,1639,0.0263532
MEMEUSDT,SELL,LIMIT,1700867356219,53091,0.0263363
MEMEUSDT,SELL,LIMIT,1700867368714,569,0.0263330
MEMEUSDT,SELL,LIMIT,1700867398029,934,0.0263391
MEMEUSDT,SELL,LIMIT,1700867414316,243249,0.0262659
MEMEUSDT,SELL,LIMIT,1700867418344,13144,0.0263263
MEMEUSDT,SELL,LIMIT,1700867473162,516,0.0263189
MEMEUSDT,SELL,LIMIT,1700867498996,54528,0.0263148
MEMEUSDT,SELL,LIMIT,1700867500084,6996,0.0263114
MEMEUSDT,SELL,LIMIT,1700867794260,7153,0.0262843
MEMEUSDT,SELL,LIMIT,1700867796228,2790,0.0262803
MEMEUSDT,BUY,LIMIT,1700868337839,860,0.0272862
MEMEUSDT,BUY,LIMIT,1700868355144,19241,0.0273072
MEMEUSDT,SELL,LIMIT,1700870554346,995,0.0265987
MEMEUSDT,SELL,LIMIT,1700870574014,3160,0.0265748
MEMEUSDT,SELL,LIMIT,1700870595837,79625,0.0265380
MEMEUSDT,SELL,LIMIT,1700870603239,416,0.0265322
MEMEUSDT,SELL,LIMIT,1700870605398,3947,0.0265156
MEMEUSDT,SELL,LIMIT,1700870634220,15344,0.0264680
MEMEUSDT,SELL,LIMIT,1700870646380,13227,0.0264091
MEMEUSDT,SELL,LIMIT,1700870650949,161336,0.0263867
MEMEUSDT,BUY,LIMIT,1700872149816,20441,0.0275231
MEMEUSDT,BUY,LIMIT,1700872498411,112232,0.0275848
MEMEUSDT,BUY,LIMIT,1700872624824,3081,0.0276881
MEMEUSDT,BUY,LIMIT,1700872767007,494,0.0278401
MEMEUSDT,BUY,LIMIT,1700873741234,29678,0.0279194
MEMEUSDT,BUY,LIMIT,1700873787052,3649,0.0279373
MEMEUSDT,BUY,LIMIT,1700873844973,162792,0.0280246
MEMEUSDT,BUY,LIMIT,1700873846248,4099,0.0280308
MEMEUSDT,BUY,LIMIT,1700873849511,7823,0.0280759
MEMEUSDT,BUY,LIMIT,1700873853287,57991,0.0280884
MEMEUSDT,BUY,LIMIT,1700874139896,42853,0.0281219
MEMEUSDT,BUY,LIMIT,1700874140988,48297,0.0281298
MEMEUSDT,BUY,LIMIT,1700874177190,30228,0.0281587
MEMEUSDT,BUY,LIMIT,1700874208218,13435,0.0281823
MEMEUSDT,BUY,LIMIT,1700874218301,10465,0.0282052
MEMEUSDT,BUY,LIMIT,1700874226140,34882,0.0282631
MEMEUSDT,BUY,LIMIT,1700874246040,1319,0.0283240
MEMEUSDT,BUY,LIMIT,1700874345476,10286,0.0282523
MEMEUSDT,BUY,LIMIT,1700874360531,367,0.0283131
MEMEUSDT,BUY,LIMIT,1700874569004,530,0.0283519
MEMEUSDT,BUY,LIMIT,1700874673753,51748,0.0284293
MEMEUSDT,BUY,LIMIT,1700874694957,4760,0.0284351
MEMEUSDT,BUY,LIMIT,1700874703108,13990,0.0284763
MEMEUSDT,BUY,LIMIT,1700874705310,307,0.0284850
MEMEUSDT,BUY,LIMIT,1700875055197,74166,0.0285433
MEMEUSDT,BUY,LIMIT,1700875059123,147686,0.0285659
MEMEUSDT,BUY,LIMIT,1700875099042,47838,0.0286101
MEMEUSDT,BUY,LIMIT,1700875108638,733,0.0286259
MEMEUSDT,SELL,LIMIT,1700875244926,6763,0.0276408
MEMEUSDT,SELL,LIMIT,1700875250752,17785,0.0275908
MEMEUSDT,BUY,LIMIT,1700876353384,227,0.0285062
MEMEUSDT,BUY,LIMIT,1700876476251,15389,0.0286860
MEMEUSDT,BUY,LIMIT,1700876542093,1184,0.0286988
MEMEUSDT,BUY,LIMIT,1700876559222,12923,0.0287230
MEMEUSDT,BUY,LIMIT,1700876562652,1758,0.0287254
MEMEUSDT,BUY,LIMIT,1700877272222,227,0.0285106
MEMEUSDT,BUY,LIMIT,1700878960761,65151,0.0285878
MEMEUSDT,BUY,LIMIT,1700878982192,674,0.0286716
MEMEUSDT,BUY,LIMIT,1700879461909,24199,0.0286152
MEMEUSDT,SELL,LIMIT,1700881857729,73237,0.0276684
