Symbol,Side,Order Type,Time,Quantity,Price
MEMEUSDT,BUY,LIMIT,1700988901827,1298,0.0323987
MEMEUSDT,BUY,LIMIT,1700988939484,32079,0.0324663
MEMEUSDT,BUY,LIMIT,1700988974474,48726,0.0325219
MEMEUSDT,BUY,LIMIT,1700989059212,26651,0.0325541
MEMEUSDT,BUY,LIMIT,1700989081964,33802,0.0325786
MEMEUSDT,BUY,LIMIT,1700989083181,835,0.0325892
MEMEUSDT,BUY,LIMIT,1700989085351,42868,0.0326112
MEMEUSDT,BUY,LIMIT,1700989087047,14492,0.0326281
MEMEUSDT,BUY,LIMIT,1700989089605,3907,0.0326547
MEMEUSDT,SELL,LIMIT,1700989402635,7098,0.0314282
MEMEUSDT,SELL,LIMIT,1700989968737,348,0.0313942
MEMEUSDT,SELL,LIMIT,1700990505146,17183,0.0313734
MEMEUSDT,SELL,LIMIT,1700990520026,816,0.0313579
MEMEUSDT,SELL,LIMIT,1700990541276,1493,0.0313396
MEMEUSDT,SELL,LIMIT,1700990543155,4397,0.0313034
MEMEUSDT,SELL,LIMIT,1700990544305,19480,0.0313013
MEMEUSDT,SELL,LIMIT,1700990720182,821,0.0312621
MEMEUSDT,SELL,LIMIT,1700990829782,5820,0.0312084
MEMEUSDT,SELL,LIMIT,1700990838178,1270,0.0311801
MEMEUSDT,SELL,LIMIT,1700990839319,2864,0.0311771
MEMEUSDT,SELL,LIMIT,1700990844478,21428,0.0311462
MEMEUSDT,SELL,LIMIT,1700990863339,5245,0.0311116
MEMEUSDT,SELL,LIMIT,1700990888036,200,0.0311393
MEMEUSDT,SELL,LIMIT,1700990914206,12437,0.0311090
MEMEUSDT,SELL,LIMIT,1700990916848,63053,0.0310957
MEMEUSDT,SELL,LIMIT,1700990938834,156440,0.0311073
MEMEUSDT,SELL,LIMIT,1700990946341,4866,0.0310728
MEMEUSDT,SELL,LIMIT,1700990947757,4882,0.0310528
MEMEUSDT,SELL,LIMIT,1700990992159,93717,0.0310171
MEMEUSDT,SELL,LIMIT,1700990998342,3796,0.0309640
MEMEUSDT,SELL,LIMIT,1700991000738,2254,0.0309764
MEMEUSDT,SELL,LIMIT,1700991012884,183,0.0309305
MEMEUSDT,SELL,LIMIT,1700991015924,3231,0.0309181
MEMEUSDT,SELL,LIMIT,1700991025204,356,0.0309154
MEMEUSDT,SELL,LIMIT,1700991060240,19839,0.0308812
MEMEUSDT,SELL,LIMIT,1700991061412,19351,0.0308777
MEMEUSDT,SELL,LIMIT,1700991069986,20639,0.0308739
MEMEUSDT,SELL,LIMIT,1700991072085,869,0.0308677
MEMEUSDT,SELL,LIMIT,1700991074328,754,0.0308617
MEMEUSDT,SELL,LIMIT,1700991101055,400,0.0308376
MEMEUSDT,SELL,LIMIT,1700991111362,156175,0.0308325
MEMEUSDT,SELL,LIMIT,1700991121375,2000,0.0308125
MEMEUSDT,SELL,LIMIT,1700991125556,31665,0.0307903
MEMEUSDT,SELL,LIMIT,1700991127095,6278,0.0307762
MEMEUSDT,SELL,LIMIT,1700991131994,577,0.0307685
MEMEUSDT,SELL,LIMIT,1700991134207,5955,0.0307640
MEMEUSDT,SELL,LIMIT,1700991135992,31760,0.0307572
MEMEUSDT,SELL,LIMIT,1700991137698,175,0.0307343
MEMEUSDT,SELL,LIMIT,1700991139633,55657,0.0307444
MEMEUSDT,SELL,LIMIT,1700991168065,2199,0.0307300
MEMEUSDT,SELL,LIMIT,1700991189855,43397,0.0307269
MEMEUSDT,SELL,LIMIT,1700991236716,1987,0.0307896
MEMEUSDT,SELL,LIMIT,1700991246869,10471,0.0307217
MEMEUSDT,BUY,LIMIT,1700991723123,128097,0.0318404
MEMEUSDT,BUY,LIMIT,1700992556090,16066,0.0319176
MEMEUSDT,BUY,LIMIT,1700992674810,160,0.0319362
MEMEUSDT,SELL,LIMIT,1700992988266,35470,0.0308225
MEMEUSDT,SELL,LIMIT,1700992989300,32304,0.0308152
MEMEUSDT,SELL,LIMIT,1700993069082,90171,0.0307664
MEMEUSDT,SELL,LIMIT,1700993213702,153770,0.0307503
MEMEUSDT,SELL,LIMIT,1700993253931,2274,0.0307310
MEMEUSDT,SELL,LIMIT,1700993257067,749,0.0307234
MEMEUSDT,SELL,LIMIT,1700993258915,8295,0.0307154
MEMEUSDT,SELL,LIMIT,1700993260122,4433,0.0307035
MEMEUSDT,SELL,LIMIT,1700993313542,2500,0.0306922
MEMEUSDT,SELL,LIMIT,1700993314753,65141,0.0306742
MEMEUSDT,SELL,LIMIT,1700993315997,17375,0.0306308
MEMEUSDT,SELL,LIMIT,1700993317078,11517,0.0306048
MEMEUSDT,SELL,LIMIT,1700993332126,35009,0.0305689
MEMEUSDT,SELL,LIMIT,1700993355086,23818,0.0305608
MEMEUSDT,SELL,LIMIT,1700993356240,361,0.0305579
MEMEUSDT,SELL,LIMIT,1700993359376,54866,0.0305533
MEMEUSDT,SELL,LIMIT,1700993361906,140394,0.0305458
MEMEUSDT,SELL,LIMIT,1700993363168,81165,0.0305449
MEMEUSDT,SELL,LIMIT,1700993365411,38439,0.0305322
MEMEUSDT,SELL,LIMIT,1700993367040,12297,0.0304411
MEMEUSDT,SELL,LIMIT,1700993368057,10471,0.0304600
MEMEUSDT,SELL,LIMIT,1700993369117,46715,0.0304167
MEMEUSDT,SELL,LIMIT,1700993370148,937,0.0304132
MEMEUSDT,SELL,LIMIT,1700993371193,53431,0.0303744
MEMEUSDT,SELL,LIMIT,1700993373320,2551,0.0303524
MEMEUSDT,BUY,LIMIT,1700993598237,82129,0.0315117
MEMEUSDT,SELL,LIMIT,1700993727890,149334,0.0304283
MEMEUSDT,SELL,LIMIT,1700993770577,51152,0.0303468
MEMEUSDT,SELL,LIMIT,1700993772039,1332,0.0303206
MEMEUSDT,SELL,LIMIT,1700993773147,8016,0.0303134
MEMEUSDT,SELL,LIMIT,1700993775226,3041,0.0303130
MEMEUSDT,SELL,LIMIT,1700993776342,8048,0.0303086
MEMEUSDT,SELL,LIMIT,1700993778484,40439,0.0302981
MEMEUSDT,SELL,LIMIT,1700993779874,74833,0.0302918
MEMEUSDT,SELL,LIMIT,1700993781100,4489,0.0302851
MEMEUSDT,SELL,LIMIT,1700993784163,1052,0.0302791
MEMEUSDT,SELL,LIMIT,1700993785422,5728,0.0302582
MEMEUSDT,SELL,LIMIT,1700993786600,64002,0.0302446
MEMEUSDT,SELL,LIMIT,1700993787609,553,0.0302291
MEMEUSDT,SELL,LIMIT,1700993788634,3278,0.0302041
MEMEUSDT,SELL,LIMIT,1700993790481,4101,0.0302055
MEMEUSDT,SELL,LIMIT,1700993806402,1041,0.0301981
MEMEUSDT,SELL,LIMIT,1700993808624,31137,0.0302004
MEMEUSDT,SELL,LIMIT,1700993824374,17729,0.0301858
MEMEUSDT,SELL,LIMIT,1700993825935,79436,0.0301824
MEMEUSDT,SELL,LIMIT,1700993844117,22201,0.0301687
MEMEUSDT,SELL,LIMIT,1700993862545,1564,0.0302656
MEMEUSDT,BUY,LIMIT,1700993969271,51824,0.0313085
MEMEUSDT,SELL,LIMIT,1700994421263,26880,0.0302744
MEMEUSDT,SELL,LIMIT,1700994895569,145738,0.0303410
MEMEUSDT,SELL,LIMIT,1700995556839,1147,0.0302366
MEMEUSDT,SELL,LIMIT,1700995558709,152698,0.0302228
MEMEUSDT,SELL,LIMIT,1700995564180,38694,0.0301903
MEMEUSDT,SELL,LIMIT,1700995566055,5362,0.0301649
MEMEUSDT,SELL,LIMIT,1700995567090,6927,0.0301652
MEMEUSDT,SELL,LIMIT,1700995568116,1121,0.0301547
MEMEUSDT,SELL,LIMIT,1700995569201,30596,0.0301578
MEMEUSDT,SELL,LIMIT,1700995571448,9194,0.0301537
MEMEUSDT,SELL,LIMIT,1700995585061,20810,0.0301306
MEMEUSDT,SELL,LIMIT,1700995586277,25897,0.0301279
MEMEUSDT,SELL,LIMIT,1700995594090,12867,0.0301235
MEMEUSDT,SELL,LIMIT,1700995595140,1553,0.0301221
MEMEUSDT,SELL,LIMIT,1700995596197,629,0.0301231
MEMEUSDT,SELL,LIMIT,1700995597332,15169,0.0301115
MEMEUSDT,SELL,LIMIT,1700995599596,19334,0.0301126
MEMEUSDT,BUY,LIMIT,1700995702238,2582,0.0312521
MEMEUSDT,BUY,LIMIT,1700995719421,27964,0.0312815
MEMEUSDT,SELL,LIMIT,1700995832054,7526,0.0302144
MEMEUSDT,SELL,LIMIT,1700995853612,141112,0.0302257
MEMEUSDT,SELL,LIMIT,1700995855874,107488,0.0302046
MEMEUSDT,SELL,LIMIT,1700995908671,3118,0.0301805
MEMEUSDT,SELL,LIMIT,1700995919421,30325,0.0301667
MEMEUSDT,SELL,LIMIT,1700996140828,8833,0.0301510
MEMEUSDT,SELL,LIMIT,1700996287066,182,0.0301113
MEMEUSDT,SELL,LIMIT,1700996289272,597,0.0301053
MEMEUSDT,SELL,LIMIT,1700996296062,1570,0.0300938
MEMEUSDT,SELL,LIMIT,1700996297136,1644,0.0300899
MEMEUSDT,SELL,LIMIT,1700996310346,124773,0.0300858
MEMEUSDT,SELL,LIMIT,1700996312851,527,0.0300801
MEMEUSDT,SELL,LIMIT,1700996317467,8098,0.0300684
MEMEUSDT,SELL,LIMIT,1700996325076,11487,0.0300645
MEMEUSDT,SELL,LIMIT,1700996326211,535,0.0300649
MEMEUSDT,SELL,LIMIT,1700996327553,1716,0.0300544
MEMEUSDT,SELL,LIMIT,1700996328904,5588,0.0300496
MEMEUSDT,SELL,LIMIT,1700996332407,2008,0.0300281
MEMEUSDT,SELL,LIMIT,1700996334986,1754,0.0300049
MEMEUSDT,SELL,LIMIT,1700996336651,24959,0.0299961
MEMEUSDT,SELL,LIMIT,1700996339525,8232,0.0299852
MEMEUSDT,SELL,LIMIT,1700996343140,317,0.0299836
MEMEUSDT,BUY,LIMIT,1700996614609,42498,0.0311312
MEMEUSDT,BUY,LIMIT,1700996619269,5441,0.0311752
MEMEUSDT,BUY,LIMIT,1700996796109,20996,0.0312075
MEMEUSDT,SELL,LIMIT,1700997185585,6449,0.0301242
MEMEUSDT,SELL,LIMIT,1700997212137,7156,0.0300867
MEMEUSDT,SELL,LIMIT,1700997222610,92211,0.0300608
MEMEUSDT,SELL,LIMIT,1700997226051,6275,0.0300384
MEMEUSDT,BUY,LIMIT,1700998621729,7432,0.0312604
MEMEUSDT,BUY,LIMIT,1700998655567,6401,0.0312775
MEMEUSDT,BUY,LIMIT,1700998659695,469,0.0312874
MEMEUSDT,BUY,LIMIT,1700998724511,36310,0.0313306
MEMEUSDT,SELL,LIMIT,1700999506815,40098,0.0301994
MEMEUSDT,SELL,LIMIT,1700999513102,8364,0.0301890
MEMEUSDT,SELL,LIMIT,1700999770991,3203,0.0313684
MEMEUSDT,SELL,LIMIT,1700999772282,5034,0.0301627
MEMEUSDT,SELL,LIMIT,1701000362437,7928,0.0301249
MEMEUSDT,SELL,LIMIT,1701000388611,21181,0.0301175
MEMEUSDT,SELL,LIMIT,1701000420826,11622,0.0300999
MEMEUSDT,SELL,LIMIT,1701000421928,518,0.0300984
MEMEUSDT,SELL,LIMIT,1701000426005,3236,0.0300948
MEMEUSDT,SELL,LIMIT,1701000437591,47335,0.0300757
MEMEUSDT,SELL,LIMIT,1701000439706,1951,0.0300733
MEMEUSDT,SELL,LIMIT,1701000448345,1246,0.0300484
MEMEUSDT,SELL,LIMIT,1701000449478,48721,0.0300159
MEMEUSDT,SELL,LIMIT,1701000490423,35342,0.0300050
MEMEUSDT,SELL,LIMIT,1701000495158,40836,0.0299917
MEMEUSDT,SELL,LIMIT,1701000555514,8661,0.0301823
MEMEUSDT,SELL,LIMIT,1701000556527,5397,0.0299618
MEMEUSDT,SELL,LIMIT,1701000557576,11517,0.0298772
MEMEUSDT,SELL,LIMIT,1701000558633,10107,0.0298434
MEMEUSDT,SELL,LIMIT,1701000568687,23476,0.0298364
MEMEUSDT,SELL,LIMIT,1701000591823,77588,0.0298497
MEMEUSDT,SELL,LIMIT,1701000607283,21721,0.0298262
MEMEUSDT,SELL,LIMIT,1701000617003,4675,0.0298255
MEMEUSDT,SELL,LIMIT,1701000628402,34238,0.0298086
MEMEUSDT,SELL,LIMIT,1701000645560,16089,0.0298112
MEMEUSDT,SELL,LIMIT,1701000649121,1650,0.0298064
MEMEUSDT,SELL,LIMIT,1701000654234,29548,0.0298043
MEMEUSDT,SELL,LIMIT,1701000662352,741156,0.0295635
MEMEUSDT,SELL,LIMIT,1701000663571,1596,0.0297909
MEMEUSDT,SELL,LIMIT,1701000673877,13504,0.0297812
MEMEUSDT,SELL,LIMIT,1701000675477,5339,0.0297725
MEMEUSDT,SELL,LIMIT,1701000676575,17678,0.0297502
MEMEUSDT,SELL,LIMIT,1701000678082,74566,0.0297429
MEMEUSDT,SELL,LIMIT,1701000679112,31948,0.0297479
MEMEUSDT,SELL,LIMIT,1701000680395,3000,0.0297375
MEMEUSDT,SELL,LIMIT,1701000681403,13829,0.0297198
MEMEUSDT,SELL,LIMIT,1701000682714,214,0.0297088
MEMEUSDT,SELL,LIMIT,1701000683855,52862,0.0296925
MEMEUSDT,SELL,LIMIT,1701000725394,77981,0.0297373
MEMEUSDT,BUY,LIMIT,1701000821537,1653,0.0307542
MEMEUSDT,BUY,LIMIT,1701000838069,11902,0.0307774
MEMEUSDT,BUY,LIMIT,1701000856177,381,0.0307927
MEMEUSDT,SELL,LIMIT,1701001500728,8059,0.0298308
MEMEUSDT,SELL,LIMIT,1701001501781,125629,0.0298268
MEMEUSDT,SELL,LIMIT,1701001502839,31068,0.0297889
MEMEUSDT,SELL,LIMIT,1701001504071,159066,0.0316447
MEMEUSDT,BUY,LIMIT,1701001531099,8266,0.0308370
MEMEUSDT,BUY,LIMIT,1701001562087,600,0.0308853
MEMEUSDT,BUY,LIMIT,1701001796185,1640,0.0309214
MEMEUSDT,SELL,LIMIT,1701001927088,21758,0.0300504
MEMEUSDT,BUY,LIMIT,1701002008684,493,0.0310110
MEMEUSDT,BUY,LIMIT,1701002028174,490,0.0310731
MEMEUSDT,BUY,LIMIT,1701002030542,5156,0.0310772
MEMEUSDT,BUY,LIMIT,1701002052157,25699,0.0311180
MEMEUSDT,BUY,LIMIT,1701002054116,164495,0.0311410
MEMEUSDT,BUY,LIMIT,1701002055264,34103,0.0311422
MEMEUSDT,BUY,LIMIT,1701002067366,1998,0.0312126
MEMEUSDT,BUY,LIMIT,1701002068465,5765,0.0312217
MEMEUSDT,SELL,LIMIT,1701002942066,3088,0.0300414
MEMEUSDT,SELL,LIMIT,1701002945858,3628,0.0300316
MEMEUSDT,SELL,LIMIT,1701002960120,2572,0.0299817
MEMEUSDT,SELL,LIMIT,1701002962328,20000,0.0299747
MEMEUSDT,SELL,LIMIT,1701002975648,3346,0.0299359
MEMEUSDT,BUY,LIMIT,1701003516396,165,0.0310656
MEMEUSDT,BUY,LIMIT,1701003518235,1639,0.0310802
MEMEUSDT,BUY,LIMIT,1701003521331,986,0.0311030
MEMEUSDT,BUY,LIMIT,1701003532759,11454,0.0311119
MEMEUSDT,SELL,LIMIT,1701003841915,161717,0.0299660
MEMEUSDT,SELL,LIMIT,1701003894202,326,0.0299592
MEMEUSDT,SELL,LIMIT,1701003938849,497,0.0299414
MEMEUSDT,SELL,LIMIT,1701003943791,28393,0.0299254
MEMEUSDT,SELL,LIMIT,1701003955352,428,0.0299126
MEMEUSDT,SELL,LIMIT,1701003958205,1306,0.0299100
MEMEUSDT,SELL,LIMIT,1701003971140,6214,0.0298526
MEMEUSDT,SELL,LIMIT,1701004549046,40958,0.0299149
MEMEUSDT,SELL,LIMIT,1701004786084,74705,0.0298875
MEMEUSDT,SELL,LIMIT,1701004837148,49252,0.0298828
MEMEUSDT,SELL,LIMIT,1701004839124,28980,0.0298591
MEMEUSDT,SELL,LIMIT,1701004847076,164180,0.0298286
MEMEUSDT,SELL,LIMIT,1701004848201,1114,0.0298251
MEMEUSDT,SELL,LIMIT,1701004860273,300,0.0298218
MEMEUSDT,SELL,LIMIT,1701004871174,765,0.0297976
MEMEUSDT,SELL,LIMIT,1701004886125,51109,0.0297797
MEMEUSDT,SELL,LIMIT,1701004887320,197,0.0297458
MEMEUSDT,SELL,LIMIT,1701005060647,2111,0.0297387
MEMEUSDT,SELL,LIMIT,1701005063265,63612,0.0297194
MEMEUSDT,SELL,LIMIT,1701005064294,156755,0.0296844
MEMEUSDT,SELL,LIMIT,1701005065378,221,0.0296990
MEMEUSDT,SELL,LIMIT,1701005066635,1164,0.0296718
MEMEUSDT,SELL,LIMIT,1701005068324,90174,0.0296614
MEMEUSDT,SELL,LIMIT,1701005082697,173,0.0296572
MEMEUSDT,SELL,LIMIT,1701005085040,4305,0.0296571
MEMEUSDT,SELL,LIMIT,1701005086147,51378,0.0296469
MEMEUSDT,SELL,LIMIT,1701005088343,12467,0.0296070
MEMEUSDT,SELL,LIMIT,1701005132148,11968,0.0296439
MEMEUSDT,SELL,LIMIT,1701005204098,5421,0.0296002
MEMEUSDT,SELL,LIMIT,1701005206784,4773,0.0296013
MEMEUSDT,SELL,LIMIT,1701005211838,65189,0.0295953
MEMEUSDT,SELL,LIMIT,1701005222061,8538,0.0295880
MEMEUSDT,SELL,LIMIT,1701005227262,9646,0.0295519
MEMEUSDT,SELL,LIMIT,1701005228334,1914,0.0295319
MEMEUSDT,SELL,LIMIT,1701005229399,19502,0.0295036
MEMEUSDT,SELL,LIMIT,1701005445064,5035,0.0294284
MEMEUSDT,SELL,LIMIT,1701005446211,4122,0.0294085
MEMEUSDT,SELL,LIMIT,1701005447236,3174,0.0294082
MEMEUSDT,SELL,LIMIT,1701005448527,6208,0.0294034
MEMEUSDT,SELL,LIMIT,1701005450763,164342,0.0293954
MEMEUSDT,SELL,LIMIT,1701005457774,131135,0.0293800
MEMEUSDT,SELL,LIMIT,1701005459695,5000,0.0293739
MEMEUSDT,SELL,LIMIT,1701005462447,41675,0.0293569
MEMEUSDT,SELL,LIMIT,1701005463449,3392,0.0293344
MEMEUSDT,SELL,LIMIT,1701005464499,34600,0.0293218
MEMEUSDT,SELL,LIMIT,1701005465499,2155,0.0293242
MEMEUSDT,SELL,LIMIT,1701005472451,221603,0.0292349
MEMEUSDT,SELL,LIMIT,1701005478405,107218,0.0292903
MEMEUSDT,SELL,LIMIT,1701005480191,6589,0.0292900
MEMEUSDT,SELL,LIMIT,1701005481289,3789,0.0292759
MEMEUSDT,SELL,LIMIT,1701005482373,605,0.0292664
MEMEUSDT,SELL,LIMIT,1701005483507,6423,0.0292449
MEMEUSDT,SELL,LIMIT,1701005484569,26505,0.0292400
MEMEUSDT,BUY,LIMIT,1701005505075,11990,0.0302562
MEMEUSDT,SELL,LIMIT,1701005889699,209,0.0292228
MEMEUSDT,SELL,LIMIT,1701005890738,93778,0.0292184
MEMEUSDT,SELL,LIMIT,1701005919425,6831,0.0292157
MEMEUSDT,SELL,LIMIT,1701005922863,2886,0.0292133
MEMEUSDT,SELL,LIMIT,1701005926963,312116,0.0290731
MEMEUSDT,SELL,LIMIT,1701005940686,5665,0.0292101
MEMEUSDT,SELL,LIMIT,1701005942331,8294,0.0292028
MEMEUSDT,SELL,LIMIT,1701005990470,175547,0.0292297
MEMEUSDT,SELL,LIMIT,1701006198978,133445,0.0292302
MEMEUSDT,SELL,LIMIT,1701006200911,1944,0.0291999
MEMEUSDT,SELL,LIMIT,1701006218843,43184,0.0291985
MEMEUSDT,SELL,LIMIT,1701006257359,778,0.0291948
MEMEUSDT,SELL,LIMIT,1701006258797,4618,0.0291882
MEMEUSDT,SELL,LIMIT,1701006269217,2602,0.0291823
MEMEUSDT,SELL,LIMIT,1701006270264,124880,0.0291682
MEMEUSDT,SELL,LIMIT,1701006271306,94524,0.0291698
MEMEUSDT,SELL,LIMIT,1701006294306,216,0.0291610
MEMEUSDT,SELL,LIMIT,1701006295465,1178,0.0291557
MEMEUSDT,SELL,LIMIT,1701006296743,8739,0.0291480
MEMEUSDT,SELL,LIMIT,1701006306981,2669,0.0291514
MEMEUSDT,SELL,LIMIT,1701006314444,926,0.0291284
MEMEUSDT,SELL,LIMIT,1701006315555,41371,0.0291187
MEMEUSDT,SELL,LIMIT,1701006317071,3282,0.0291142
MEMEUSDT,SELL,LIMIT,1701006318318,1934,0.0291150
MEMEUSDT,SELL,LIMIT,1701006320555,280,0.0291069
MEMEUSDT,SELL,LIMIT,1701006322274,8147,0.0291013
MEMEUSDT,BUY,LIMIT,1701006339470,8000,0.0300032
MEMEUSDT,BUY,LIMIT,1701006410035,6122,0.0302309
MEMEUSDT,BUY,LIMIT,1701006432531,16862,0.0302707
MEMEUSDT,BUY,LIMIT,1701006585450,908,0.0302906
MEMEUSDT,BUY,LIMIT,1701006995772,167897,0.0303464
MEMEUSDT,BUY,LIMIT,1701007013043,2705,0.0303798
MEMEUSDT,BUY,LIMIT,1701007024250,63884,0.0304031
MEMEUSDT,BUY,LIMIT,1701007078404,149292,0.0304196
MEMEUSDT,BUY,LIMIT,1701007080139,802,0.0304356
MEMEUSDT,BUY,LIMIT,1701007086433,99467,0.0304482
MEMEUSDT,SELL,LIMIT,1701007331958,866,0.0293783
MEMEUSDT,SELL,LIMIT,1701007501137,33351,0.0293694
MEMEUSDT,SELL,LIMIT,1701007508642,10665,0.0293683
MEMEUSDT,SELL,LIMIT,1701007530501,16701,0.0293454
MEMEUSDT,SELL,LIMIT,1701007868534,416,0.0293296
MEMEUSDT,SELL,LIMIT,1701007980612,3750,0.0292586
MEMEUSDT,SELL,LIMIT,1701008016541,4275,0.0292546
MEMEUSDT,SELL,LIMIT,1701008161005,1923,0.0292407
MEMEUSDT,SELL,LIMIT,1701008180944,4352,0.0292214
MEMEUSDT,SELL,LIMIT,1701008189888,662,0.0292157
MEMEUSDT,SELL,LIMIT,1701008197841,73964,0.0291952
MEMEUSDT,SELL,LIMIT,1701008233208,2823,0.0291836
MEMEUSDT,SELL,LIMIT,1701008303101,1682,0.0291297
MEMEUSDT,SELL,LIMIT,1701008305409,47623,0.0291167
MEMEUSDT,SELL,LIMIT,1701008343279,1850,0.0291540
MEMEUSDT,SELL,LIMIT,1701008395148,31071,0.0291078
MEMEUSDT,SELL,LIMIT,1701008398380,97600,0.0291058
MEMEUSDT,SELL,LIMIT,1701008405105,2884,0.0290968
MEMEUSDT,SELL,LIMIT,1701008406370,6642,0.0290954
MEMEUSDT,SELL,LIMIT,1701008408044,65279,0.0290935
MEMEUSDT,SELL,LIMIT,1701008411528,3833,0.0290890
MEMEUSDT,SELL,LIMIT,1701008413452,21017,0.0290799
MEMEUSDT,SELL,LIMIT,1701008417035,28980,0.0290910
MEMEUSDT,SELL,LIMIT,1701008419440,7896,0.0290797
MEMEUSDT,SELL,LIMIT,1701008435291,3267,0.0290778
MEMEUSDT,SELL,LIMIT,1701008437227,24207,0.0290729
MEMEUSDT,SELL,LIMIT,1701008438785,97941,0.0290615
MEMEUSDT,SELL,LIMIT,1701008439873,3097,0.0290590
MEMEUSDT,SELL,LIMIT,1701008441021,3230,0.0290431
MEMEUSDT,SELL,LIMIT,1701008442171,53343,0.0290307
MEMEUSDT,SELL,LIMIT,1701008443150,3293,0.0289856
MEMEUSDT,SELL,LIMIT,1701008444142,2685,0.0290110
MEMEUSDT,SELL,LIMIT,1701008446129,3108,0.0289693
MEMEUSDT,SELL,LIMIT,1701008447290,1717,0.0289633
MEMEUSDT,SELL,LIMIT,1701008448428,1100,0.0289652
MEMEUSDT,SELL,LIMIT,1701008449600,712,0.0289526
MEMEUSDT,SELL,LIMIT,1701008450730,14802,0.0289380
MEMEUSDT,SELL,LIMIT,1701008451761,400,0.0288730
MEMEUSDT,SELL,LIMIT,1701008453126,27630,0.0288415
MEMEUSDT,BUY,LIMIT,1701008595092,7684,0.0299231
MEMEUSDT,SELL,LIMIT,1701008927943,250,0.0291037
MEMEUSDT,SELL,LIMIT,1701008944541,3142,0.0294884
MEMEUSDT,SELL,LIMIT,1701009019327,21754,0.0290376
MEMEUSDT,SELL,LIMIT,1701009156716,40821,0.0289882
MEMEUSDT,SELL,LIMIT,1701009164567,2035,0.0289534
MEMEUSDT,SELL,LIMIT,1701009183082,95447,0.0289160
MEMEUSDT,SELL,LIMIT,1701009189881,2174,0.0289038
MEMEUSDT,SELL,LIMIT,1701009246297,1144,0.0288328
MEMEUSDT,SELL,LIMIT,1701009247324,3613,0.0288340
MEMEUSDT,SELL,LIMIT,1701009257837,73309,0.0287906
MEMEUSDT,SELL,LIMIT,1701009258972,260506,0.0286851
MEMEUSDT,SELL,LIMIT,1701009260137,30441,0.0287768
MEMEUSDT,SELL,LIMIT,1701009261466,31225,0.0287628
MEMEUSDT,SELL,LIMIT,1701009262550,6611,0.0287558
MEMEUSDT,SELL,LIMIT,1701009263474,253,0.0287495
MEMEUSDT,SELL,LIMIT,1701009274041,1070,0.0287307
MEMEUSDT,SELL,LIMIT,1701009289070,16005,0.0287502
MEMEUSDT,BUY,LIMIT,1701009431267,71856,0.0297859
MEMEUSDT,BUY,LIMIT,1701009510302,1753,0.0298937
MEMEUSDT,BUY,LIMIT,1701010343560,8447,0.0299813
MEMEUSDT,SELL,LIMIT,1701010404703,3576,0.0289768
MEMEUSDT,SELL,LIMIT,1701010468820,15420,0.0289179
MEMEUSDT,SELL,LIMIT,1701010474495,5789,0.0289049
MEMEUSDT,SELL,LIMIT,1701010481688,3099,0.0288970
MEMEUSDT,BUY,LIMIT,1701010773460,4726,0.0298527
MEMEUSDT,BUY,LIMIT,1701011062804,7852,0.0299471
MEMEUSDT,BUY,LIMIT,1701011107366,4476,0.0299863
MEMEUSDT,BUY,LIMIT,1701011118459,535,0.0300035
MEMEUSDT,BUY,LIMIT,1701011149704,6225,0.0300209
MEMEUSDT,SELL,LIMIT,1701011636252,242,0.0289388
MEMEUSDT,SELL,LIMIT,1701011667215,3705,0.0289082
MEMEUSDT,SELL,LIMIT,1701011777520,11829,0.0288382
MEMEUSDT,SELL,LIMIT,1701011786055,155457,0.0288174
MEMEUSDT,SELL,LIMIT,1701011798854,18324,0.0287919
MEMEUSDT,SELL,LIMIT,1701011809426,11950,0.0287348
MEMEUSDT,SELL,LIMIT,1701011812484,1828,0.0287251
MEMEUSDT,SELL,LIMIT,1701011824365,9839,0.0287206
MEMEUSDT,SELL,LIMIT,1701012404170,12470,0.0289358
MEMEUSDT,BUY,LIMIT,1701012637515,10323,0.0299322
MEMEUSDT,BUY,LIMIT,1701012682727,409,0.0299578
MEMEUSDT,SELL,LIMIT,1701012878410,1907,0.0289149
MEMEUSDT,SELL,LIMIT,1701012882592,96797,0.0289041
MEMEUSDT,SELL,LIMIT,1701012891096,2571,0.0288858
MEMEUSDT,SELL,LIMIT,1701012949633,328,0.0288538
MEMEUSDT,SELL,LIMIT,1701013021149,28905,0.0287911
MEMEUSDT,SELL,LIMIT,1701013028318,5204,0.0287437
MEMEUSDT,SELL,LIMIT,1701013030045,33521,0.0287135
MEMEUSDT,SELL,LIMIT,1701013035180,33134,0.0287155
MEMEUSDT,SELL,LIMIT,1701013038099,19948,0.0286876
MEMEUSDT,SELL,LIMIT,1701013055098,48600,0.0287158
MEMEUSDT,SELL,LIMIT,1701013066258,33012,0.0286808
MEMEUSDT,SELL,LIMIT,1701013067435,777,0.0286777
MEMEUSDT,SELL,LIMIT,1701013081005,2850,0.0286699
MEMEUSDT,SELL,LIMIT,1701013082122,3910,0.0286609
MEMEUSDT,SELL,LIMIT,1701013083234,38548,0.0286363
MEMEUSDT,SELL,LIMIT,1701013084852,7161,0.0286271
MEMEUSDT,SELL,LIMIT,1701013089113,2298,0.0286241
MEMEUSDT,SELL,LIMIT,1701013090438,571,0.0286142
MEMEUSDT,SELL,LIMIT,1701013093675,403,0.0286016
MEMEUSDT,SELL,LIMIT,1701013096270,157,0.0285836
MEMEUSDT,SELL,LIMIT,1701013098602,2002,0.0285846
MEMEUSDT,SELL,LIMIT,1701013100603,1452,0.0285850
MEMEUSDT,SELL,LIMIT,1701013102368,8038,0.0285769
MEMEUSDT,SELL,LIMIT,1701013137648,255,0.0290583
MEMEUSDT,SELL,LIMIT,1701013275314,2510,0.0286035
MEMEUSDT,SELL,LIMIT,1701013370201,11837,0.0285432
MEMEUSDT,SELL,LIMIT,1701013371242,3752,0.0285214
MEMEUSDT,SELL,LIMIT,1701013384346,12724,0.0285098
MEMEUSDT,SELL,LIMIT,1701013385453,6141,0.0284951
MEMEUSDT,SELL,LIMIT,1701013386661,3182,0.0284924
MEMEUSDT,SELL,LIMIT,1701013388021,402,0.0284887
MEMEUSDT,SELL,LIMIT,1701013409224,175,0.0284835
MEMEUSDT,SELL,LIMIT,1701013414393,491,0.0284744
MEMEUSDT,SELL,LIMIT,1701013431438,4622,0.0284695
MEMEUSDT,SELL,LIMIT,1701013517170,260027,0.0284001
MEMEUSDT,SELL,LIMIT,1701013531236,89729,0.0284744
MEMEUSDT,SELL,LIMIT,1701013652107,15229,0.0284599
MEMEUSDT,SELL,LIMIT,1701013654069,191,0.0284487
MEMEUSDT,SELL,LIMIT,1701013656248,22543,0.0284359
MEMEUSDT,SELL,LIMIT,1701013662209,57239,0.0284259
MEMEUSDT,SELL,LIMIT,1701013663386,171232,0.0284188
MEMEUSDT,SELL,LIMIT,1701013665117,1153,0.0284006
MEMEUSDT,SELL,LIMIT,1701013666210,9171,0.0283992
MEMEUSDT,SELL,LIMIT,1701013668182,2432,0.0283880
MEMEUSDT,SELL,LIMIT,1701013669195,26202,0.0283862
MEMEUSDT,SELL,LIMIT,1701013670433,2138,0.0283828
MEMEUSDT,SELL,LIMIT,1701013671715,1318,0.0283714
MEMEUSDT,SELL,LIMIT,1701013672845,5176,0.0283670
MEMEUSDT,SELL,LIMIT,1701013682656,6011,0.0283627
MEMEUSDT,SELL,LIMIT,1701013684024,10200,0.0283415
MEMEUSDT,SELL,LIMIT,1701013686478,4143,0.0283326
MEMEUSDT,SELL,LIMIT,1701013688236,49392,0.0283246
MEMEUSDT,SELL,LIMIT,1701013689294,308,0.0283152
MEMEUSDT,SELL,LIMIT,1701013690323,7644,0.0283168
MEMEUSDT,SELL,LIMIT,1701013692015,968,0.0283083
MEMEUSDT,SELL,LIMIT,1701013695158,2457,0.0282725
MEMEUSDT,SELL,LIMIT,1701013696182,3359,0.0282683
MEMEUSDT,SELL,LIMIT,1701013700214,1595,0.0282585
MEMEUSDT,SELL,LIMIT,1701013703009,840,0.0282471
MEMEUSDT,SELL,LIMIT,1701013704334,4969,0.0282398
MEMEUSDT,SELL,LIMIT,1701013705361,1815,0.0282298
MEMEUSDT,SELL,LIMIT,1701013707628,1238,0.0282318
MEMEUSDT,SELL,LIMIT,1701013719673,14416,0.0282553
MEMEUSDT,BUY,LIMIT,1701013801453,4167,0.0292468
MEMEUSDT,SELL,LIMIT,1701013818080,6663,0.0283906
MEMEUSDT,SELL,LIMIT,1701013861957,174388,0.0283675
MEMEUSDT,SELL,LIMIT,1701013939856,13225,0.0283818
MEMEUSDT,SELL,LIMIT,1701013944808,7124,0.0283533
MEMEUSDT,SELL,LIMIT,1701013959714,152887,0.0283119
MEMEUSDT,SELL,LIMIT,1701013981698,86983,0.0282939
MEMEUSDT,SELL,LIMIT,1701014014489,48750,0.0282927
MEMEUSDT,SELL,LIMIT,1701014017823,4444,0.0282769
MEMEUSDT,SELL,LIMIT,1701014038299,9350,0.0282426
MEMEUSDT,SELL,LIMIT,1701014042005,129142,0.0282210
MEMEUSDT,SELL,LIMIT,1701014043440,111729,0.0282351
MEMEUSDT,SELL,LIMIT,1701014062674,9268,0.0282204
MEMEUSDT,SELL,LIMIT,1701014064114,87276,0.0282043
MEMEUSDT,BUY,LIMIT,1701014206899,299,0.0293092
MEMEUSDT,BUY,LIMIT,1701014224276,485,0.0293422
MEMEUSDT,BUY,LIMIT,1701014373756,6968,0.0293504
MEMEUSDT,BUY,LIMIT,1701014434279,3642,0.0293819
MEMEUSDT,BUY,LIMIT,1701014435514,21333,0.0294083
MEMEUSDT,BUY,LIMIT,1701014456655,47488,0.0294100
MEMEUSDT,BUY,LIMIT,1701014507122,7000,0.0294347
MEMEUSDT,BUY,LIMIT,1701014536386,37764,0.0294364
MEMEUSDT,BUY,LIMIT,1701014640441,90718,0.0296026
MEMEUSDT,SELL,LIMIT,1701015108596,15095,0.0285157
MEMEUSDT,SELL,LIMIT,1701015137751,945,0.0284375
MEMEUSDT,SELL,LIMIT,1701015146789,686,0.0283721
MEMEUSDT,SELL,LIMIT,1701015213377,6250,0.0283030
MEMEUSDT,SELL,LIMIT,1701015512547,25000,0.0283493
MEMEUSDT,SELL,LIMIT,1701015532435,6911,0.0282848
MEMEUSDT,SELL,LIMIT,1701015543725,15126,0.0282684
MEMEUSDT,SELL,LIMIT,1701015669441,3176,0.0282426
MEMEUSDT,SELL,LIMIT,1701015671608,4267,0.0282579
MEMEUSDT,SELL,LIMIT,1701015673728,3772,0.0282297
MEMEUSDT,SELL,LIMIT,1701015674734,2722,0.0282162
MEMEUSDT,SELL,LIMIT,1701015681020,19021,0.0282059
MEMEUSDT,SELL,LIMIT,1701015682352,1020,0.0282019
MEMEUSDT,SELL,LIMIT,1701015683328,8320,0.0281940
MEMEUSDT,SELL,LIMIT,1701015684168,1958,0.0281881
MEMEUSDT,SELL,LIMIT,1701015684983,1276,0.0281807
MEMEUSDT,SELL,LIMIT,1701015686000,98900,0.0281459
MEMEUSDT,SELL,LIMIT,1701015747296,15853,0.0281663
MEMEUSDT,SELL,LIMIT,1701015749653,32802,0.0281543
MEMEUSDT,SELL,LIMIT,1701015751000,3795,0.0281389
MEMEUSDT,SELL,LIMIT,1701015760848,9417,0.0281509
MEMEUSDT,SELL,LIMIT,1701015763130,18575,0.0281283
MEMEUSDT,SELL,LIMIT,1701015764107,59900,0.0281299
MEMEUSDT,SELL,LIMIT,1701015770104,1665,0.0281042
MEMEUSDT,SELL,LIMIT,1701015771251,9225,0.0280991
MEMEUSDT,SELL,LIMIT,1701015778325,7577,0.0280941
MEMEUSDT,SELL,LIMIT,1701015786236,6769,0.0280752
MEMEUSDT,SELL,LIMIT,1701015805502,723,0.0280761
MEMEUSDT,SELL,LIMIT,1701015807229,23,0.0280736
MEMEUSDT,SELL,LIMIT,1701015873256,33,0.2121590
MEMEUSDT,SELL,LIMIT,1701015876570,4371,0.0281015
MEMEUSDT,SELL,LIMIT,1701015877877,14944,0.0281080
MEMEUSDT,SELL,LIMIT,1701015904460,852,0.0292559
MEMEUSDT,SELL,LIMIT,1701015908880,18671,0.0281159
MEMEUSDT,SELL,LIMIT,1701016001081,1051,0.0282398
MEMEUSDT,SELL,LIMIT,1701016013109,19798,0.0280746
MEMEUSDT,SELL,LIMIT,1701016014195,3068,0.0280702
MEMEUSDT,SELL,LIMIT,1701016017888,30334,0.0280693
MEMEUSDT,SELL,LIMIT,1701016019255,172247,0.0280664
MEMEUSDT,SELL,LIMIT,1701016022112,34503,0.0280520
MEMEUSDT,SELL,LIMIT,1701016023263,240401,0.0279632
MEMEUSDT,SELL,LIMIT,1701016024290,13289,0.0280433
MEMEUSDT,SELL,LIMIT,1701016025316,1582,0.0280253
MEMEUSDT,SELL,LIMIT,1701016026779,213314,0.0279576
MEMEUSDT,SELL,LIMIT,1701016028836,55078,0.0280068
MEMEUSDT,SELL,LIMIT,1701016029898,918,0.0280041
MEMEUSDT,SELL,LIMIT,1701016031324,503,0.0279719
MEMEUSDT,SELL,LIMIT,1701016032302,99398,0.0279624
MEMEUSDT,SELL,LIMIT,1701016033308,14626,0.0279685
MEMEUSDT,SELL,LIMIT,1701016034480,300000,0.0278470
MEMEUSDT,SELL,LIMIT,1701016036033,14844,0.0279636
MEMEUSDT,SELL,LIMIT,1701016039957,53363,0.0279615
MEMEUSDT,SELL,LIMIT,1701016041066,21771,0.0279604
MEMEUSDT,SELL,LIMIT,1701016042169,15549,0.0279558
MEMEUSDT,SELL,LIMIT,1701016043121,80000,0.0279522
MEMEUSDT,SELL,LIMIT,1701016044258,19693,0.0279406
MEMEUSDT,SELL,LIMIT,1701016045264,1406,0.0279516
MEMEUSDT,SELL,LIMIT,1701016046173,37577,0.0279112
MEMEUSDT,SELL,LIMIT,1701016047197,2950,0.0279050
MEMEUSDT,SELL,LIMIT,1701016048109,444,0.0278364
MEMEUSDT,SELL,LIMIT,1701016048967,25129,0.0278886
MEMEUSDT,SELL,LIMIT,1701016049885,731,0.0278300
MEMEUSDT,SELL,LIMIT,1701016050836,58102,0.0278074
MEMEUSDT,SELL,LIMIT,1701016052216,9522,0.0278020
MEMEUSDT,SELL,LIMIT,1701016067106,19550,0.0278833
MEMEUSDT,SELL,LIMIT,1701016068170,3387,0.0278489
MEMEUSDT,SELL,LIMIT,1701016089190,78875,0.0278249
MEMEUSDT,SELL,LIMIT,1701016099088,93883,0.0277777
MEMEUSDT,SELL,LIMIT,1701016100060,3759,0.0277777
MEMEUSDT,SELL,LIMIT,1701016101183,1045500,0.0275458
MEMEUSDT,SELL,LIMIT,1701016102068,4761,0.0277712
MEMEUSDT,SELL,LIMIT,1701016103129,32015,0.0277667
MEMEUSDT,SELL,LIMIT,1701016104157,81490,0.0277374
MEMEUSDT,SELL,LIMIT,1701016105258,53692,0.0277488
MEMEUSDT,BUY,LIMIT,1701016120604,18227,0.0287203
MEMEUSDT,BUY,LIMIT,1701016127252,6324,0.0287270
MEMEUSDT,BUY,LIMIT,1701016329052,26875,0.0286379
MEMEUSDT,SELL,LIMIT,1701016376098,197632,0.0279649
MEMEUSDT,SELL,LIMIT,1701016652708,437,0.0280336
MEMEUSDT,SELL,LIMIT,1701016881609,590,0.0279321
MEMEUSDT,BUY,LIMIT,1701016921722,3662,0.0289171
MEMEUSDT,BUY,LIMIT,1701016924207,597,0.0289381
MEMEUSDT,BUY,LIMIT,1701016928224,17636,0.0289696
MEMEUSDT,BUY,LIMIT,1701017066663,176447,0.0290708
MEMEUSDT,SELL,LIMIT,1701017231756,149999,0.0280413
MEMEUSDT,SELL,LIMIT,1701017235151,726,0.0280248
MEMEUSDT,SELL,LIMIT,1701017295846,59372,0.0279558
MEMEUSDT,SELL,LIMIT,1701017326054,70129,0.0279358
MEMEUSDT,SELL,LIMIT,1701017365500,99661,0.0278699
MEMEUSDT,SELL,LIMIT,1701018103124,1249,0.0277784
MEMEUSDT,SELL,LIMIT,1701018107132,135506,0.0277700
MEMEUSDT,BUY,LIMIT,1701018188711,88145,0.0287400
MEMEUSDT,BUY,LIMIT,1701018221732,25213,0.0288078
MEMEUSDT,BUY,LIMIT,1701018336084,91781,0.0288718
MEMEUSDT,BUY,LIMIT,1701018338401,3094,0.0288765
MEMEUSDT,BUY,LIMIT,1701018343218,10657,0.0288844
MEMEUSDT,BUY,LIMIT,1701018354818,9324,0.0289082
MEMEUSDT,BUY,LIMIT,1701018356190,881,0.0289113
MEMEUSDT,BUY,LIMIT,1701018363091,8500,0.0289204
MEMEUSDT,BUY,LIMIT,1701019233956,485,0.0291244
MEMEUSDT,BUY,LIMIT,1701019345258,174825,0.0291662
MEMEUSDT,BUY,LIMIT,1701019447177,183,0.0292134
MEMEUSDT,BUY,LIMIT,1701019465037,10600,0.0292376
MEMEUSDT,BUY,LIMIT,1701019466084,13333,0.0292396
MEMEUSDT,BUY,LIMIT,1701020010192,10913,0.0292296
MEMEUSDT,BUY,LIMIT,1701020027367,13012,0.0292576
MEMEUSDT,BUY,LIMIT,1701020054471,67384,0.0292784
MEMEUSDT,BUY,LIMIT,1701020060063,69039,0.0292878
MEMEUSDT,BUY,LIMIT,1701020105398,314,0.0293400
MEMEUSDT,BUY,LIMIT,1701020106571,6413,0.0293727
MEMEUSDT,BUY,LIMIT,1701020108108,8794,0.0293830
MEMEUSDT,BUY,LIMIT,1701020239349,2821,0.0294333
MEMEUSDT,SELL,LIMIT,1701020750187,1786,0.0284926
MEMEUSDT,SELL,LIMIT,1701020787417,152728,0.0284872
MEMEUSDT,SELL,LIMIT,1701021133999,2740,0.0284762
MEMEUSDT,BUY,LIMIT,1701021316151,9516,0.0294983
MEMEUSDT,BUY,LIMIT,1701021318955,789,0.0295041
MEMEUSDT,BUY,LIMIT,1701021490810,500,0.0295315
MEMEUSDT,BUY,LIMIT,1701021501577,2475,0.0295488
MEMEUSDT,BUY,LIMIT,1701021503108,303737,0.0296830
MEMEUSDT,BUY,LIMIT,1701021515225,21144,0.0295821
MEMEUSDT,BUY,LIMIT,1701021527564,21144,0.0295916
MEMEUSDT,BUY,LIMIT,1701021691059,3908,0.0296149
MEMEUSDT,BUY,LIMIT,1701021948944,52599,0.0296445
MEMEUSDT,BUY,LIMIT,1701021950590,13702,0.0296489
MEMEUSDT,BUY,LIMIT,1701021958915,7330,0.0296759
MEMEUSDT,BUY,LIMIT,1701021980093,5512,0.0297075
MEMEUSDT,BUY,LIMIT,1701022001222,136373,0.0297523
MEMEUSDT,BUY,LIMIT,1701022004251,6249,0.0297605
MEMEUSDT,BUY,LIMIT,1701022015059,11273,0.0297740
MEMEUSDT,BUY,LIMIT,1701022027849,50959,0.0297859
MEMEUSDT,BUY,LIMIT,1701022068171,3513,0.0298085
MEMEUSDT,BUY,LIMIT,1701022072292,1309,0.0298188
MEMEUSDT,BUY,LIMIT,1701022074150,8714,0.0298351
MEMEUSDT,SELL,LIMIT,1701022214414,170050,0.0288189
MEMEUSDT,SELL,LIMIT,1701022551927,8464,0.0287378
MEMEUSDT,SELL,LIMIT,1701022553309,695,0.0287201
MEMEUSDT,SELL,LIMIT,1701022554431,62102,0.0287200
MEMEUSDT,SELL,LIMIT,1701022562201,5914,0.0286979
MEMEUSDT,SELL,LIMIT,1701022565492,3157,0.0286570
MEMEUSDT,SELL,LIMIT,1701022569819,11961,0.0286483
MEMEUSDT,SELL,LIMIT,1701023043257,20757,0.0285625
MEMEUSDT,SELL,LIMIT,1701023044499,159930,0.0285506
MEMEUSDT,SELL,LIMIT,1701023172328,450,0.0285038
MEMEUSDT,SELL,LIMIT,1701023175833,411,0.0284989
MEMEUSDT,BUY,LIMIT,1701023511160,86814,0.0295597
MEMEUSDT,SELL,LIMIT,1701023822463,434,0.0285279
MEMEUSDT,SELL,LIMIT,1701023823885,343,0.0285240
MEMEUSDT,SELL,LIMIT,1701024142386,28837,0.0284294
MEMEUSDT,SELL,LIMIT,1701024147190,106437,0.0284169
MEMEUSDT,SELL,LIMIT,1701024148619,1481,0.0284060
MEMEUSDT,SELL,LIMIT,1701024536135,6189,0.0284410
MEMEUSDT,BUY,LIMIT,1701025538085,16080,0.0294513
MEMEUSDT,BUY,LIMIT,1701025539668,51638,0.0294699
MEMEUSDT,BUY,LIMIT,1701025554162,1125,0.0295028
MEMEUSDT,BUY,LIMIT,1701025623264,820,0.0295537
MEMEUSDT,SELL,LIMIT,1701025770150,24991,0.0287994
MEMEUSDT,SELL,LIMIT,1701025896034,8916,0.0285014
MEMEUSDT,BUY,LIMIT,1701026726509,32680,0.0294839
MEMEUSDT,BUY,LIMIT,1701027374514,39584,0.0295368
MEMEUSDT,BUY,LIMIT,1701027388738,17981,0.0295497
MEMEUSDT,BUY,LIMIT,1701027418342,60629,0.0295680
MEMEUSDT,BUY,LIMIT,1701028696384,8000,0.0296743
MEMEUSDT,SELL,LIMIT,1701029079739,665,0.0286469
MEMEUSDT,SELL,LIMIT,1701029105101,6777,0.0286410
MEMEUSDT,BUY,LIMIT,1701030056571,178,0.0297086
MEMEUSDT,BUY,LIMIT,1701030200182,1030,0.0297411
MEMEUSDT,BUY,LIMIT,1701031097570,165722,0.0298048
MEMEUSDT,BUY,LIMIT,1701031099286,1673,0.0298094
MEMEUSDT,BUY,LIMIT,1701031102049,35219,0.0298113
MEMEUSDT,BUY,LIMIT,1701031121255,236,0.0298555
MEMEUSDT,BUY,LIMIT,1701031122433,6883,0.0298582
MEMEUSDT,BUY,LIMIT,1701031244034,424208,0.0300906
MEMEUSDT,BUY,LIMIT,1701031593485,4373,0.0299207
MEMEUSDT,BUY,LIMIT,1701031598257,75885,0.0299585
MEMEUSDT,BUY,LIMIT,1701031599354,1783,0.0299732
MEMEUSDT,BUY,LIMIT,1701031600419,14753,0.0299815
MEMEUSDT,BUY,LIMIT,1701031608064,7203,0.0300248
MEMEUSDT,BUY,LIMIT,1701031623702,8761,0.0300214
MEMEUSDT,BUY,LIMIT,1701031640111,70846,0.0300259
MEMEUSDT,BUY,LIMIT,1701031654203,919,0.0300257
MEMEUSDT,BUY,LIMIT,1701031663284,206,0.0300414
MEMEUSDT,BUY,LIMIT,1701031672766,5627,0.0300455
MEMEUSDT,BUY,LIMIT,1701031722723,26561,0.0300564
MEMEUSDT,BUY,LIMIT,1701031724274,307,0.0300569
MEMEUSDT,BUY,LIMIT,1701031756428,279,0.0300802
MEMEUSDT,BUY,LIMIT,1701031786292,3399,0.0300352
MEMEUSDT,BUY,LIMIT,1701031872887,165016,0.0301115
MEMEUSDT,BUY,LIMIT,1701031875982,657,0.0301381
MEMEUSDT,BUY,LIMIT,1701031984167,127,0.0301519
MEMEUSDT,BUY,LIMIT,1701031985431,31235,0.0301589
MEMEUSDT,BUY,LIMIT,1701032010498,7067,0.0301713
MEMEUSDT,SELL,LIMIT,1701032237345,2196,0.0291384
MEMEUSDT,SELL,LIMIT,1701032250624,901,0.0290934
MEMEUSDT,SELL,LIMIT,1701032265605,5428,0.0290680
MEMEUSDT,SELL,LIMIT,1701032773444,47746,0.0290141
MEMEUSDT,SELL,LIMIT,1701033409687,3787,0.0289201
MEMEUSDT,SELL,LIMIT,1701033412495,130192,0.0289130
MEMEUSDT,SELL,LIMIT,1701033485381,22698,0.0288700
MEMEUSDT,SELL,LIMIT,1701036210234,13437,0.0290378
MEMEUSDT,BUY,LIMIT,1701036435891,6316,0.0300545
MEMEUSDT,BUY,LIMIT,1701036452741,76990,0.0300528
MEMEUSDT,SELL,LIMIT,1701037070572,1691,0.0289719
MEMEUSDT,SELL,LIMIT,1701037905575,2694,0.0288964
MEMEUSDT,SELL,LIMIT,1701039682050,6355,0.0289579
MEMEUSDT,SELL,LIMIT,1701039699309,270,0.0289444
MEMEUSDT,SELL,LIMIT,1701039759199,5924,0.0288830
MEMEUSDT,SELL,LIMIT,1701039763351,26312,0.0288783
MEMEUSDT,SELL,LIMIT,1701039769296,611,0.0288547
MEMEUSDT,SELL,LIMIT,1701039774855,169746,0.0288490
MEMEUSDT,SELL,LIMIT,1701039777758,44979,0.0288383
MEMEUSDT,SELL,LIMIT,1701039957795,348,0.0288090
MEMEUSDT,SELL,LIMIT,1701040077060,51097,0.0287931
MEMEUSDT,SELL,LIMIT,1701040078067,216,0.0287928
MEMEUSDT,SELL,LIMIT,1701040079804,195,0.0287851
MEMEUSDT,SELL,LIMIT,1701040299124,66000,0.0287596
MEMEUSDT,SELL,LIMIT,1701040300686,1845,0.0287478
MEMEUSDT,SELL,LIMIT,1701040304319,5891,0.0287307
MEMEUSDT,SELL,LIMIT,1701040308318,16102,0.0287278
MEMEUSDT,SELL,LIMIT,1701040324016,63579,0.0287178
MEMEUSDT,SELL,LIMIT,1701040609214,45542,0.0286964
MEMEUSDT,SELL,LIMIT,1701040611228,1704,0.0286714
MEMEUSDT,SELL,LIMIT,1701041949651,5267,0.0287118
MEMEUSDT,BUY,LIMIT,1701042850116,47481,0.0297299
MEMEUSDT,BUY,LIMIT,1701043286494,1364,0.0297318
MEMEUSDT,SELL,LIMIT,1701043557891,1619,0.0286834
MEMEUSDT,SELL,LIMIT,1701043569316,9976,0.0286768
MEMEUSDT,SELL,LIMIT,1701043571243,4533,0.0286548
MEMEUSDT,SELL,LIMIT,1701043572414,148373,0.0286386
MEMEUSDT,SELL,LIMIT,1701043574189,3013,0.0286235
MEMEUSDT,SELL,LIMIT,1701043575453,4407,0.0286165
MEMEUSDT,SELL,LIMIT,1701043576881,170534,0.0286096
MEMEUSDT,SELL,LIMIT,1701043578147,230,0.0285860
MEMEUSDT,SELL,LIMIT,1701043579254,5108,0.0285686
MEMEUSDT,BUY,LIMIT,1701043748315,47984,0.0297522
MEMEUSDT,BUY,LIMIT,1701043750054,879,0.0297634
MEMEUSDT,BUY,LIMIT,1701043765439,2427,0.0298240
MEMEUSDT,BUY,LIMIT,1701043840654,126265,0.0298251
MEMEUSDT,BUY,LIMIT,1701044201558,7707,0.0299758
MEMEUSDT,BUY,LIMIT,1701044206699,41013,0.0299860
MEMEUSDT,BUY,LIMIT,1701044217472,977,0.0300280
MEMEUSDT,BUY,LIMIT,1701044347537,3779,0.0301302
MEMEUSDT,BUY,LIMIT,1701044357624,1441,0.0301976
MEMEUSDT,BUY,LIMIT,1701044501125,7314,0.0302522
MEMEUSDT,BUY,LIMIT,1701044512671,3163,0.0302784
MEMEUSDT,BUY,LIMIT,1701044523539,26375,0.0302962
MEMEUSDT,SELL,LIMIT,1701044586575,100502,0.0292579
MEMEUSDT,BUY,LIMIT,1701045158722,4294,0.0301917
MEMEUSDT,BUY,LIMIT,1701045169301,203,0.0303066
MEMEUSDT,BUY,LIMIT,1701045174150,1261,0.0303378
MEMEUSDT,BUY,LIMIT,1701045265645,669,0.0303460
MEMEUSDT,BUY,LIMIT,1701045786904,9991,0.0302182
MEMEUSDT,SELL,LIMIT,1701045911059,21868,0.0292459
MEMEUSDT,SELL,LIMIT,1701046135444,31375,0.0291804
MEMEUSDT,SELL,LIMIT,1701046140143,2136,0.0291711
MEMEUSDT,BUY,LIMIT,1701046352769,30175,0.0304066
MEMEUSDT,BUY,LIMIT,1701046581035,13805,0.0304208
MEMEUSDT,BUY,LIMIT,1701046603093,23324,0.0304630
MEMEUSDT,BUY,LIMIT,1701046604192,6168,0.0304472
MEMEUSDT,BUY,LIMIT,1701046613355,24509,0.0304844
MEMEUSDT,BUY,LIMIT,1701046765438,14285,0.0304987
MEMEUSDT,BUY,LIMIT,1701046782049,7206,0.0305238
MEMEUSDT,BUY,LIMIT,1701046783238,11773,0.0305227
MEMEUSDT,BUY,LIMIT,1701046795065,593,0.0305408
MEMEUSDT,BUY,LIMIT,1701046802744,15085,0.0305604
MEMEUSDT,BUY,LIMIT,1701046842542,21045,0.0305698
MEMEUSDT,BUY,LIMIT,1701046864257,2174,0.0305776
MEMEUSDT,BUY,LIMIT,1701046867578,12704,0.0305790
MEMEUSDT,BUY,LIMIT,1701046874355,52632,0.0306073
MEMEUSDT,BUY,LIMIT,1701046888589,26427,0.0306272
MEMEUSDT,BUY,LIMIT,1701046889775,2798,0.0306448
MEMEUSDT,BUY,LIMIT,1701046900710,71091,0.0306717
MEMEUSDT,BUY,LIMIT,1701046902703,1628,0.0306756
MEMEUSDT,BUY,LIMIT,1701047031646,1000,0.0307337
MEMEUSDT,BUY,LIMIT,1701047035304,3771,0.0307450
MEMEUSDT,SELL,LIMIT,1701047112125,71001,0.0296353
MEMEUSDT,SELL,LIMIT,1701047362841,2956,0.0295886
MEMEUSDT,SELL,LIMIT,1701047406122,21563,0.0295343
MEMEUSDT,SELL,LIMIT,1701047423334,31520,0.0295223
MEMEUSDT,SELL,LIMIT,1701047426727,6634,0.0295060
MEMEUSDT,SELL,LIMIT,1701047776275,7470,0.0294839
MEMEUSDT,SELL,LIMIT,1701047828411,41554,0.0294061
MEMEUSDT,SELL,LIMIT,1701048273652,12851,0.0293185
MEMEUSDT,SELL,LIMIT,1701049007650,238,0.0292049
MEMEUSDT,SELL,LIMIT,1701049030140,5428,0.0291737
MEMEUSDT,SELL,LIMIT,1701049042623,103601,0.0291447
MEMEUSDT,SELL,LIMIT,1701049049275,5023,0.0290987
MEMEUSDT,SELL,LIMIT,1701049136525,671,0.0290650
MEMEUSDT,SELL,LIMIT,1701049207382,167431,0.0290429
MEMEUSDT,SELL,LIMIT,1701049211600,20521,0.0290307
MEMEUSDT,SELL,LIMIT,1701049245095,47302,0.0293752
MEMEUSDT,SELL,LIMIT,1701049280198,175229,0.0290393
MEMEUSDT,SELL,LIMIT,1701049306143,818,0.0289992
MEMEUSDT,SELL,LIMIT,1701049353142,244,0.0289486
MEMEUSDT,SELL,LIMIT,1701049564255,1536,0.0288848
MEMEUSDT,BUY,LIMIT,1701050008358,7299,0.0298672
MEMEUSDT,BUY,LIMIT,1701050036221,1703,0.0299275
MEMEUSDT,BUY,LIMIT,1701050065264,19122,0.0299827
MEMEUSDT,SELL,LIMIT,1701050285170,3736,0.0288445
MEMEUSDT,SELL,LIMIT,1701050323223,3163,0.0287935
MEMEUSDT,SELL,LIMIT,1701050340922,18353,0.0287877
MEMEUSDT,SELL,LIMIT,1701050368408,85181,0.0287616
MEMEUSDT,SELL,LIMIT,1701050405886,5675,0.0287425
MEMEUSDT,BUY,LIMIT,1701050521275,4055,0.0298061
MEMEUSDT,BUY,LIMIT,1701050755199,5555,0.0298310
MEMEUSDT,BUY,LIMIT,1701051058154,1278,0.0301421
MEMEUSDT,BUY,LIMIT,1701051059180,4787,0.0301451
MEMEUSDT,SELL,LIMIT,1701051245971,1824,0.0290731
MEMEUSDT,BUY,LIMIT,1701051911544,4961,0.0299710
MEMEUSDT,BUY,LIMIT,1701051914189,15464,0.0299835
MEMEUSDT,BUY,LIMIT,1701051916295,70501,0.0299872
MEMEUSDT,BUY,LIMIT,1701052083641,42408,0.0300666
MEMEUSDT,BUY,LIMIT,1701052517100,7146,0.0299774
MEMEUSDT,SELL,LIMIT,1701052645108,3697,0.0290327
MEMEUSDT,SELL,LIMIT,1701052646913,4829,0.0290200
MEMEUSDT,BUY,LIMIT,1701053239424,136254,0.0300200
MEMEUSDT,SELL,LIMIT,1701053467685,93219,0.0292451
MEMEUSDT,SELL,LIMIT,1701053521327,181,0.0291387
MEMEUSDT,SELL,LIMIT,1701053605988,4006,0.0290474
MEMEUSDT,BUY,LIMIT,1701053729737,135592,0.0299979
MEMEUSDT,SELL,LIMIT,1701054253776,62946,0.0290331
MEMEUSDT,SELL,LIMIT,1701054384397,821,0.0289073
MEMEUSDT,SELL,LIMIT,1701054388131,42449,0.0288806
MEMEUSDT,SELL,LIMIT,1701054390124,1480,0.0288719
MEMEUSDT,SELL,LIMIT,1701054393164,5525,0.0288630
MEMEUSDT,SELL,LIMIT,1701054403754,936,0.0288293
MEMEUSDT,SELL,LIMIT,1701054405143,4649,0.0288101
MEMEUSDT,SELL,LIMIT,1701054419916,67046,0.0287754
MEMEUSDT,SELL,LIMIT,1701054439565,2316,0.0288204
MEMEUSDT,SELL,LIMIT,1701054454214,10000,0.0288133
MEMEUSDT,SELL,LIMIT,1701054468117,42390,0.0288279
MEMEUSDT,BUY,LIMIT,1701054815092,3594,0.0300279
MEMEUSDT,SELL,LIMIT,1701054851337,535,0.0291029
MEMEUSDT,SELL,LIMIT,1701054904288,912,0.0289953
MEMEUSDT,SELL,LIMIT,1701055063057,8433,0.0289856
MEMEUSDT,SELL,LIMIT,1701055605883,1823,0.0288347
MEMEUSDT,SELL,LIMIT,1701055704272,9710,0.0287396
MEMEUSDT,SELL,LIMIT,1701055712760,71434,0.0287268
MEMEUSDT,SELL,LIMIT,1701055734564,377,0.0287018
MEMEUSDT,SELL,LIMIT,1701055745028,526,0.0286839
MEMEUSDT,SELL,LIMIT,1701055813590,437,0.0286818
MEMEUSDT,SELL,LIMIT,1701055990131,169325,0.0286749
MEMEUSDT,SELL,LIMIT,1701055992313,171794,0.0286508
MEMEUSDT,SELL,LIMIT,1701055994074,18033,0.0286160
MEMEUSDT,SELL,LIMIT,1701056007165,4837,0.0286065
MEMEUSDT,SELL,LIMIT,1701056010306,8595,0.0286025
MEMEUSDT,SELL,LIMIT,1701056017216,67808,0.0285842
MEMEUSDT,SELL,LIMIT,1701056023888,20672,0.0285760
MEMEUSDT,SELL,LIMIT,1701056028251,11767,0.0285479
MEMEUSDT,SELL,LIMIT,1701056048044,62578,0.0285428
MEMEUSDT,SELL,LIMIT,1701056049435,500,0.0285338
MEMEUSDT,SELL,LIMIT,1701056053052,22077,0.0284942
MEMEUSDT,SELL,LIMIT,1701056054189,14194,0.0285181
MEMEUSDT,SELL,LIMIT,1701056055472,36567,0.0284697
MEMEUSDT,SELL,LIMIT,1701056078291,7533,0.0285214
MEMEUSDT,SELL,LIMIT,1701056105959,954,0.0285084
MEMEUSDT,SELL,LIMIT,1701056117150,7427,0.0284732
MEMEUSDT,SELL,LIMIT,1701056120148,13000,0.0284607
MEMEUSDT,SELL,LIMIT,1701056123082,33767,0.0284421
MEMEUSDT,SELL,LIMIT,1701056131977,447,0.0284380
MEMEUSDT,SELL,LIMIT,1701056142114,707,0.0287439
MEMEUSDT,SELL,LIMIT,1701056149192,6948,0.0284365
MEMEUSDT,SELL,LIMIT,1701056155142,8000,0.0284432
MEMEUSDT,SELL,LIMIT,1701056157243,175,0.0284259
MEMEUSDT,BUY,LIMIT,1701056649034,28581,0.0296700
MEMEUSDT,BUY,LIMIT,1701056771820,3315,0.0298002
MEMEUSDT,BUY,LIMIT,1701057621844,781,0.0299179
MEMEUSDT,SELL,LIMIT,1701058939716,15560,0.0289484
MEMEUSDT,BUY,LIMIT,1701058961065,6813,0.0298140
MEMEUSDT,BUY,LIMIT,1701059237985,162899,0.0300354
MEMEUSDT,BUY,LIMIT,1701059245068,51588,0.0300439
MEMEUSDT,BUY,LIMIT,1701059251559,127999,0.0300720
MEMEUSDT,BUY,LIMIT,1701059266869,170010,0.0300854
MEMEUSDT,BUY,LIMIT,1701059270849,12366,0.0300974
MEMEUSDT,BUY,LIMIT,1701059531312,193,0.0301240
MEMEUSDT,SELL,LIMIT,1701061174336,2308,0.0289551
MEMEUSDT,SELL,LIMIT,1701061478352,17086,0.0289200
MEMEUSDT,SELL,LIMIT,1701062161074,232,0.0288775
MEMEUSDT,SELL,LIMIT,1701062178075,25304,0.0288515
MEMEUSDT,SELL,LIMIT,1701062187885,11044,0.0288248
MEMEUSDT,SELL,LIMIT,1701062198316,12026,0.0287958
MEMEUSDT,SELL,LIMIT,1701062218227,30397,0.0287713
MEMEUSDT,SELL,LIMIT,1701062274133,3184,0.0287213
MEMEUSDT,SELL,LIMIT,1701062756492,263,0.0287116
MEMEUSDT,SELL,LIMIT,1701063174032,102389,0.0286772
MEMEUSDT,SELL,LIMIT,1701063602025,4949,0.0285570
MEMEUSDT,SELL,LIMIT,1701063604075,580,0.0285179
MEMEUSDT,SELL,LIMIT,1701063648377,324,0.0284754
MEMEUSDT,SELL,LIMIT,1701063669139,18575,0.0284627
MEMEUSDT,SELL,LIMIT,1701063688112,168605,0.0284255
MEMEUSDT,SELL,LIMIT,1701063689136,50244,0.0284139
MEMEUSDT,SELL,LIMIT,1701063693593,64273,0.0284040
MEMEUSDT,SELL,LIMIT,1701063702386,61186,0.0283985
MEMEUSDT,SELL,LIMIT,1701063762983,4953,0.0284348
MEMEUSDT,SELL,LIMIT,1701063910171,191,0.0283771
MEMEUSDT,SELL,LIMIT,1701063934199,8465,0.0283509
MEMEUSDT,SELL,LIMIT,1701063946039,19453,0.0283309
MEMEUSDT,SELL,LIMIT,1701063964867,204701,0.0282732
MEMEUSDT,SELL,LIMIT,1701063974217,42934,0.0283021
MEMEUSDT,SELL,LIMIT,1701063975344,5000,0.0283005
MEMEUSDT,SELL,LIMIT,1701063976519,15822,0.0282902
MEMEUSDT,SELL,LIMIT,1701064022916,10620,0.0282833
MEMEUSDT,SELL,LIMIT,1701064026451,582,0.0282684
MEMEUSDT,SELL,LIMIT,1701064027587,1555,0.0282529
MEMEUSDT,SELL,LIMIT,1701064114494,15026,0.0282247
MEMEUSDT,SELL,LIMIT,1701064119055,20989,0.0282169
MEMEUSDT,SELL,LIMIT,1701064120181,361,0.0282119
MEMEUSDT,SELL,LIMIT,1701064121297,145747,0.0281704
MEMEUSDT,SELL,LIMIT,1701064122353,48840,0.0281704
MEMEUSDT,SELL,LIMIT,1701064123676,72891,0.0281189
