Symbol,Side,Order Type,Time,Quantity,Price
MEMEUSDT,BUY,LIMIT,1701064877947,1851,0.0294687
MEMEUSDT,SELL,LIMIT,1701065285195,117094,0.0285431
MEMEUSDT,SELL,LIMIT,1701066108405,17182,0.0285237
MEMEUSDT,SELL,LIMIT,1701066117894,1554,0.0285103
MEMEUSDT,SELL,LIMIT,1701066127416,3692,0.0284914
MEMEUSDT,SELL,LIMIT,1701066136591,7056,0.0284526
MEMEUSDT,SELL,LIMIT,1701066557600,16873,0.0284531
MEMEUSDT,SELL,LIMIT,1701066942918,467,0.0283818
MEMEUSDT,BUY,LIMIT,1701067094558,52772,0.0293275
MEMEUSDT,SELL,LIMIT,1701067282080,21140,0.0283100
MEMEUSDT,SELL,LIMIT,1701067317225,7009,0.0282258
MEMEUSDT,SELL,LIMIT,1701067322978,20366,0.0282037
MEMEUSDT,BUY,LIMIT,1701067539254,3000,0.0290723
MEMEUSDT,BUY,LIMIT,1701067551163,9873,0.0290573
MEMEUSDT,SELL,LIMIT,1701067557212,10956,0.0283716
MEMEUSDT,SELL,LIMIT,1701067565102,593,0.0282827
MEMEUSDT,SELL,LIMIT,1701067574482,30604,0.0282904
MEMEUSDT,SELL,LIMIT,1701067682213,17421,0.0281319
MEMEUSDT,SELL,LIMIT,1701067683236,172137,0.0280620
MEMEUSDT,SELL,LIMIT,1701067697024,34577,0.0281301
MEMEUSDT,SELL,LIMIT,1701067749327,333,0.0280735
MEMEUSDT,SELL,LIMIT,1701067828371,21098,0.0280134
MEMEUSDT,SELL,LIMIT,1701067833815,1130,0.0279869
MEMEUSDT,SELL,LIMIT,1701067837186,4506,0.0279565
MEMEUSDT,SELL,LIMIT,1701067838202,1742,0.0279599
MEMEUSDT,SELL,LIMIT,1701067840714,35087,0.0279275
MEMEUSDT,SELL,LIMIT,1701067843209,19302,0.0279232
MEMEUSDT,SELL,LIMIT,1701067847426,2657,0.0279144
MEMEUSDT,SELL,LIMIT,1701067866938,13984,0.0279107
MEMEUSDT,SELL,LIMIT,1701067868239,17015,0.0279052
MEMEUSDT,SELL,LIMIT,1701067870364,34071,0.0278915
MEMEUSDT,SELL,LIMIT,1701067990352,13253,0.0278695
MEMEUSDT,SELL,LIMIT,1701067996532,57323,0.0278613
MEMEUSDT,SELL,LIMIT,1701068020904,1444,0.0278499
MEMEUSDT,SELL,LIMIT,1701068025423,914,0.0278439
MEMEUSDT,SELL,LIMIT,1701068029428,34076,0.0278403
MEMEUSDT,SELL,LIMIT,1701068054015,1802,0.0278277
MEMEUSDT,SELL,LIMIT,1701068074154,21582,0.0278217
MEMEUSDT,SELL,LIMIT,1701068079096,608,0.0278167
MEMEUSDT,SELL,LIMIT,1701068083172,6910,0.0278059
MEMEUSDT,SELL,LIMIT,1701068092629,15261,0.0277851
MEMEUSDT,SELL,LIMIT,1701068114961,12418,0.0277869
MEMEUSDT,SELL,LIMIT,1701068125556,598,0.0277750
MEMEUSDT,SELL,LIMIT,1701068154661,20000,0.0277970
MEMEUSDT,SELL,LIMIT,1701068155757,5943,0.0277710
MEMEUSDT,SELL,LIMIT,1701068157882,14192,0.0277489
MEMEUSDT,SELL,LIMIT,1701068160886,3181,0.0277355
MEMEUSDT,SELL,LIMIT,1701068285371,934008,0.0275792
MEMEUSDT,BUY,LIMIT,1701068434842,154184,0.0287594
MEMEUSDT,BUY,LIMIT,1701068438093,2248,0.0287698
MEMEUSDT,BUY,LIMIT,1701068796466,78405,0.0288068
MEMEUSDT,BUY,LIMIT,1701069009309,29121,0.0287703
MEMEUSDT,BUY,LIMIT,1701069011745,22079,0.0287490
MEMEUSDT,SELL,LIMIT,1701069196894,53,0.0278736
MEMEUSDT,SELL,LIMIT,1701069236718,19380,0.0278276
MEMEUSDT,SELL,LIMIT,1701069429271,84360,0.0279130
MEMEUSDT,BUY,LIMIT,1701069507866,3076,0.0288344
MEMEUSDT,SELL,LIMIT,1701069512967,1000,0.0282052
MEMEUSDT,SELL,LIMIT,1701069526310,56000,0.0278850
MEMEUSDT,SELL,LIMIT,1701069549127,15966,0.0278178
MEMEUSDT,SELL,LIMIT,1701069556123,8515,0.0277899
MEMEUSDT,SELL,LIMIT,1701069557509,1696,0.0278185
MEMEUSDT,SELL,LIMIT,1701069573545,6661,0.0277706
MEMEUSDT,SELL,LIMIT,1701069575248,67755,0.0277623
MEMEUSDT,SELL,LIMIT,1701069577823,30623,0.0277540
MEMEUSDT,SELL,LIMIT,1701069630874,31180,0.0277988
MEMEUSDT,SELL,LIMIT,1701069632255,2624,0.0277482
MEMEUSDT,SELL,LIMIT,1701069635231,1059,0.0277392
MEMEUSDT,SELL,LIMIT,1701069637149,174189,0.0277306
MEMEUSDT,SELL,LIMIT,1701069639027,1035,0.0276692
MEMEUSDT,SELL,LIMIT,1701069640139,544,0.0276768
MEMEUSDT,SELL,LIMIT,1701069666255,6420,0.0276451
MEMEUSDT,SELL,LIMIT,1701069734164,1992,0.0276376
MEMEUSDT,SELL,LIMIT,1701069735655,70000,0.0276353
MEMEUSDT,SELL,LIMIT,1701069736859,4580,0.0276221
MEMEUSDT,SELL,LIMIT,1701069740725,6773,0.0276166
MEMEUSDT,SELL,LIMIT,1701069778133,39340,0.0276861
MEMEUSDT,SELL,LIMIT,1701069782061,3401,0.0276083
MEMEUSDT,SELL,LIMIT,1701069783122,10843,0.0276119
MEMEUSDT,SELL,LIMIT,1701069793196,2224,0.0275977
MEMEUSDT,SELL,LIMIT,1701069795086,682,0.0275081
MEMEUSDT,SELL,LIMIT,1701069796179,122595,0.0275473
MEMEUSDT,SELL,LIMIT,1701069797181,13661,0.0274448
MEMEUSDT,SELL,LIMIT,1701069798213,22701,0.0274633
MEMEUSDT,SELL,LIMIT,1701069799351,1534,0.0274139
MEMEUSDT,SELL,LIMIT,1701069803170,2259,0.0273738
MEMEUSDT,SELL,LIMIT,1701069804184,138115,0.0273816
MEMEUSDT,SELL,LIMIT,1701069805192,78704,0.0273219
MEMEUSDT,SELL,LIMIT,1701069806220,13673,0.0273171
MEMEUSDT,SELL,LIMIT,1701069807261,21874,0.0272950
MEMEUSDT,SELL,LIMIT,1701069808266,1798,0.0272497
MEMEUSDT,SELL,LIMIT,1701069809775,128086,0.0272406
MEMEUSDT,SELL,LIMIT,1701069832156,21078,0.0272888
MEMEUSDT,SELL,LIMIT,1701069842110,41132,0.0272288
MEMEUSDT,SELL,LIMIT,1701069843182,38722,0.0272325
MEMEUSDT,SELL,LIMIT,1701069856175,943,0.0272125
MEMEUSDT,SELL,LIMIT,1701069857276,185083,0.0271438
MEMEUSDT,SELL,LIMIT,1701069858294,47500,0.0271870
MEMEUSDT,SELL,LIMIT,1701069859303,159753,0.0271275
MEMEUSDT,SELL,LIMIT,1701069880071,25402,0.0271147
MEMEUSDT,SELL,LIMIT,1701069881182,35527,0.0271075
MEMEUSDT,SELL,LIMIT,1701069883031,90825,0.0271056
MEMEUSDT,SELL,LIMIT,1701069884188,7741,0.0270730
MEMEUSDT,SELL,LIMIT,1701069885199,6668,0.0269954
MEMEUSDT,SELL,LIMIT,1701069886217,52181,0.0269186
MEMEUSDT,SELL,LIMIT,1701069887223,20164,0.0269122
MEMEUSDT,SELL,LIMIT,1701069888302,3000,0.0268949
MEMEUSDT,SELL,LIMIT,1701069889428,279838,0.0268136
MEMEUSDT,SELL,LIMIT,1701069894040,3419,0.0268808
MEMEUSDT,SELL,LIMIT,1701069895100,80278,0.0268380
MEMEUSDT,SELL,LIMIT,1701069896123,14810,0.0267584
MEMEUSDT,SELL,LIMIT,1701069897160,4204,0.0268130
MEMEUSDT,BUY,LIMIT,1701069921393,44930,0.0278509
MEMEUSDT,SELL,LIMIT,1701070098197,33050,0.0269077
MEMEUSDT,SELL,LIMIT,1701070099221,14216,0.0269380
MEMEUSDT,SELL,LIMIT,1701070110065,115142,0.0267946
MEMEUSDT,SELL,LIMIT,1701070111118,18319,0.0267343
MEMEUSDT,SELL,LIMIT,1701070112416,1891,0.0265717
MEMEUSDT,SELL,LIMIT,1701070113440,9300,0.0265768
MEMEUSDT,SELL,LIMIT,1701070162542,53411,0.0265650
MEMEUSDT,SELL,LIMIT,1701070164100,97519,0.0265554
MEMEUSDT,SELL,LIMIT,1701070165073,21137,0.0265437
MEMEUSDT,SELL,LIMIT,1701070166168,32750,0.0264739
MEMEUSDT,SELL,LIMIT,1701070167214,33925,0.0265119
MEMEUSDT,SELL,LIMIT,1701070168239,14098,0.0264356
MEMEUSDT,SELL,LIMIT,1701070169310,34716,0.0263693
MEMEUSDT,SELL,LIMIT,1701070174167,651,0.0264058
MEMEUSDT,BUY,LIMIT,1701070211337,2418,0.0274664
MEMEUSDT,BUY,LIMIT,1701070214943,24683,0.0274785
MEMEUSDT,BUY,LIMIT,1701070227445,3885,0.0275613
MEMEUSDT,BUY,LIMIT,1701070245519,8702,0.0276365
MEMEUSDT,SELL,LIMIT,1701070365360,919,0.0267521
MEMEUSDT,SELL,LIMIT,1701070368241,64586,0.0267442
MEMEUSDT,SELL,LIMIT,1701070440129,3827,0.0264739
MEMEUSDT,SELL,LIMIT,1701070442046,185185,0.0264655
MEMEUSDT,BUY,LIMIT,1701070450624,92788,0.0274671
MEMEUSDT,BUY,LIMIT,1701070490198,81604,0.0275585
MEMEUSDT,SELL,LIMIT,1701070637658,14000,0.0268874
MEMEUSDT,BUY,LIMIT,1701071224991,712,0.0279732
MEMEUSDT,SELL,LIMIT,1701071314370,11179,0.0270159
MEMEUSDT,SELL,LIMIT,1701071365572,7378,0.0269683
MEMEUSDT,BUY,LIMIT,1701071813828,318,0.0279637
MEMEUSDT,SELL,LIMIT,1701072141234,444,0.0269720
MEMEUSDT,SELL,LIMIT,1701072153599,672,0.0269386
MEMEUSDT,SELL,LIMIT,1701072155552,203,0.0269047
MEMEUSDT,SELL,LIMIT,1701072157187,3679,0.0268825
MEMEUSDT,SELL,LIMIT,1701072188886,218,0.0269268
MEMEUSDT,SELL,LIMIT,1701072384933,3648,0.0268623
MEMEUSDT,SELL,LIMIT,1701072412756,182124,0.0268228
MEMEUSDT,SELL,LIMIT,1701072415258,49553,0.0267980
MEMEUSDT,SELL,LIMIT,1701072418201,29078,0.0267718
MEMEUSDT,BUY,LIMIT,1701072480036,1480,0.0277202
MEMEUSDT,BUY,LIMIT,1701072543880,21176,0.0278835
MEMEUSDT,BUY,LIMIT,1701072552753,259,0.0279247
MEMEUSDT,SELL,LIMIT,1701072977115,116167,0.0269276
MEMEUSDT,SELL,LIMIT,1701072980184,1480,0.0269008
MEMEUSDT,SELL,LIMIT,1701073129965,3000,0.0269243
MEMEUSDT,BUY,LIMIT,1701073358976,25221,0.0278488
MEMEUSDT,SELL,LIMIT,1701073951416,128903,0.0268592
MEMEUSDT,BUY,LIMIT,1701073978214,18381,0.0275767
MEMEUSDT,SELL,LIMIT,1701074191378,48196,0.0267751
MEMEUSDT,SELL,LIMIT,1701074371184,69352,0.0267725
MEMEUSDT,SELL,LIMIT,1701074373720,25423,0.0267773
MEMEUSDT,SELL,LIMIT,1701074597218,6306,0.0267507
MEMEUSDT,BUY,LIMIT,1701074730059,18094,0.0277048
MEMEUSDT,BUY,LIMIT,1701074731735,71940,0.0277187
MEMEUSDT,SELL,LIMIT,1701074890694,12,0.0317391
MEMEUSDT,SELL,LIMIT,1701074952058,364,0.0267160
MEMEUSDT,SELL,LIMIT,1701075856545,41213,0.0269878
MEMEUSDT,SELL,LIMIT,1701075972482,9023,0.0267453
MEMEUSDT,BUY,LIMIT,1701076369273,736,0.0277772
MEMEUSDT,BUY,LIMIT,1701076370328,44039,0.0277599
MEMEUSDT,BUY,LIMIT,1701076395782,1480,0.0278109
MEMEUSDT,BUY,LIMIT,1701076414443,509,0.0278264
MEMEUSDT,BUY,LIMIT,1701076417009,1986,0.0278393
MEMEUSDT,BUY,LIMIT,1701076432843,1839,0.0278649
MEMEUSDT,BUY,LIMIT,1701076594715,732,0.0279368
MEMEUSDT,SELL,LIMIT,1701076755657,85247,0.0269177
MEMEUSDT,SELL,LIMIT,1701077031786,139673,0.0268366
MEMEUSDT,SELL,LIMIT,1701077039447,3188,0.0268119
MEMEUSDT,SELL,LIMIT,1701077076411,305,0.0267998
MEMEUSDT,SELL,LIMIT,1701077474873,288,0.0267159
MEMEUSDT,SELL,LIMIT,1701077485195,304,0.0267013
MEMEUSDT,SELL,LIMIT,1701077487391,112697,0.0266963
MEMEUSDT,SELL,LIMIT,1701077489823,110061,0.0266780
MEMEUSDT,SELL,LIMIT,1701077491020,87590,0.0266567
MEMEUSDT,SELL,LIMIT,1701077492317,3490,0.0266346
MEMEUSDT,SELL,LIMIT,1701077494711,159800,0.0266301
MEMEUSDT,SELL,LIMIT,1701077496424,5000,0.0266216
MEMEUSDT,SELL,LIMIT,1701077498799,28889,0.0266097
MEMEUSDT,SELL,LIMIT,1701077502484,8093,0.0265743
MEMEUSDT,BUY,LIMIT,1701077760094,6412,0.0276342
MEMEUSDT,BUY,LIMIT,1701078454058,5948,0.0278405
MEMEUSDT,BUY,LIMIT,1701078455425,13953,0.0278415
MEMEUSDT,BUY,LIMIT,1701079637671,1277,0.0279333
MEMEUSDT,SELL,LIMIT,1701080398299,703,0.0269446
MEMEUSDT,SELL,LIMIT,1701080481735,3150,0.0269042
MEMEUSDT,SELL,LIMIT,1701080521626,11628,0.0268958
MEMEUSDT,SELL,LIMIT,1701080544068,8799,0.0268631
MEMEUSDT,SELL,LIMIT,1701080649796,149008,0.0268284
MEMEUSDT,SELL,LIMIT,1701080678475,986,0.0268264
MEMEUSDT,SELL,LIMIT,1701080692598,33100,0.0267885
MEMEUSDT,SELL,LIMIT,1701080758230,3135,0.0267586
MEMEUSDT,SELL,LIMIT,1701080787234,2507,0.0267261
MEMEUSDT,SELL,LIMIT,1701080790082,13970,0.0267290
MEMEUSDT,SELL,LIMIT,1701080800352,64801,0.0267037
MEMEUSDT,SELL,LIMIT,1701081082247,9596,0.0266548
MEMEUSDT,SELL,LIMIT,1701081199068,16228,0.0266133
MEMEUSDT,SELL,LIMIT,1701081255013,10973,0.0267867
MEMEUSDT,SELL,LIMIT,1701081315657,598,0.0265646
MEMEUSDT,SELL,LIMIT,1701081322971,165357,0.0265330
MEMEUSDT,SELL,LIMIT,1701081329343,557,0.0265185
MEMEUSDT,SELL,LIMIT,1701081414349,125429,0.0265769
MEMEUSDT,SELL,LIMIT,1701081422150,3114,0.0265620
MEMEUSDT,SELL,LIMIT,1701081435310,52962,0.0265302
MEMEUSDT,SELL,LIMIT,1701081436340,4555,0.0265057
MEMEUSDT,SELL,LIMIT,1701081438581,286,0.0264939
MEMEUSDT,SELL,LIMIT,1701081439810,4586,0.0264860
MEMEUSDT,SELL,LIMIT,1701081443814,182768,0.0264776
MEMEUSDT,SELL,LIMIT,1701081453157,68519,0.0264747
MEMEUSDT,SELL,LIMIT,1701081455331,119029,0.0264653
MEMEUSDT,SELL,LIMIT,1701081458538,181336,0.0264512
MEMEUSDT,SELL,LIMIT,1701081459677,4504,0.0264495
MEMEUSDT,SELL,LIMIT,1701081498257,172146,0.0264630
MEMEUSDT,BUY,LIMIT,1701081651249,33852,0.0274294
MEMEUSDT,SELL,LIMIT,1701082038083,1672,0.0265719
MEMEUSDT,SELL,LIMIT,1701082123057,10000,0.0265235
MEMEUSDT,SELL,LIMIT,1701082134437,44723,0.0265256
MEMEUSDT,SELL,LIMIT,1701082150376,78771,0.0264981
MEMEUSDT,SELL,LIMIT,1701082220018,2391,0.0263934
MEMEUSDT,SELL,LIMIT,1701082226212,360,0.0263420
MEMEUSDT,SELL,LIMIT,1701082227332,135105,0.0263257
MEMEUSDT,BUY,LIMIT,1701082270558,451,0.0273042
MEMEUSDT,SELL,LIMIT,1701082469040,4602,0.0263243
MEMEUSDT,SELL,LIMIT,1701082488054,788,0.0263052
MEMEUSDT,SELL,LIMIT,1701082489063,2449,0.0262860
MEMEUSDT,SELL,LIMIT,1701082671186,20000,0.0263173
MEMEUSDT,SELL,LIMIT,1701082674630,12321,0.0263544
MEMEUSDT,SELL,LIMIT,1701082693414,91911,0.0263005
MEMEUSDT,SELL,LIMIT,1701082694456,2406,0.0262641
MEMEUSDT,SELL,LIMIT,1701082697010,12154,0.0262630
MEMEUSDT,SELL,LIMIT,1701082698740,14429,0.0262757
MEMEUSDT,SELL,LIMIT,1701082702300,2018,0.0262635
MEMEUSDT,BUY,LIMIT,1701082749695,93545,0.0272492
MEMEUSDT,BUY,LIMIT,1701082755365,277,0.0272550
MEMEUSDT,BUY,LIMIT,1701082828572,32681,0.0274945
MEMEUSDT,BUY,LIMIT,1701082832158,10328,0.0275019
MEMEUSDT,SELL,LIMIT,1701083199091,68366,0.0264366
MEMEUSDT,SELL,LIMIT,1701083772174,16638,0.0263408
MEMEUSDT,SELL,LIMIT,1701084429697,181392,0.0264818
MEMEUSDT,SELL,LIMIT,1701084611661,1264,0.0263979
MEMEUSDT,SELL,LIMIT,1701084634828,14521,0.0263796
MEMEUSDT,SELL,LIMIT,1701084637438,82880,0.0263707
MEMEUSDT,SELL,LIMIT,1701084648560,20267,0.0263254
MEMEUSDT,SELL,LIMIT,1701084702412,37322,0.0263050
MEMEUSDT,SELL,LIMIT,1701084705247,6548,0.0262872
MEMEUSDT,SELL,LIMIT,1701084706667,16087,0.0262751
MEMEUSDT,SELL,LIMIT,1701084728759,167513,0.0262586
MEMEUSDT,BUY,LIMIT,1701084989033,16749,0.0274602
MEMEUSDT,BUY,LIMIT,1701085053840,16480,0.0275448
MEMEUSDT,SELL,LIMIT,1701085326278,17610,0.0265452
MEMEUSDT,SELL,LIMIT,1701085327298,3249,0.0265366
MEMEUSDT,SELL,LIMIT,1701086196073,4783,0.0265478
MEMEUSDT,SELL,LIMIT,1701086325215,17189,0.0265018
MEMEUSDT,SELL,LIMIT,1701086449756,1443,0.0264680
MEMEUSDT,SELL,LIMIT,1701086456169,3077,0.0264719
MEMEUSDT,BUY,LIMIT,1701086660811,854,0.0274469
MEMEUSDT,BUY,LIMIT,1701086703826,1334,0.0274453
MEMEUSDT,BUY,LIMIT,1701086704927,21978,0.0275699
MEMEUSDT,BUY,LIMIT,1701086714291,9462,0.0275935
MEMEUSDT,BUY,LIMIT,1701086715306,1548,0.0276046
MEMEUSDT,SELL,LIMIT,1701086769274,362,0.0271157
MEMEUSDT,SELL,LIMIT,1701086895098,1828,0.0266634
MEMEUSDT,BUY,LIMIT,1701087257678,1872,0.0276132
MEMEUSDT,BUY,LIMIT,1701087261681,30000,0.0276296
MEMEUSDT,BUY,LIMIT,1701087318957,5541,0.0276380
MEMEUSDT,BUY,LIMIT,1701087325536,26215,0.0276555
MEMEUSDT,BUY,LIMIT,1701087337365,29783,0.0276709
MEMEUSDT,SELL,LIMIT,1701087727105,3273,0.0266924
MEMEUSDT,BUY,LIMIT,1701088238999,14999,0.0276585
MEMEUSDT,BUY,LIMIT,1701088283077,2160,0.0275902
MEMEUSDT,SELL,LIMIT,1701088481794,46572,0.0267101
MEMEUSDT,SELL,LIMIT,1701088488247,200,0.0266768
MEMEUSDT,SELL,LIMIT,1701088554797,5185,0.0266332
MEMEUSDT,SELL,LIMIT,1701089745436,1805,0.0267077
MEMEUSDT,BUY,LIMIT,1701090727942,767,0.0276392
MEMEUSDT,SELL,LIMIT,1701090980092,154065,0.0267008
MEMEUSDT,SELL,LIMIT,1701090998457,70891,0.0268734
MEMEUSDT,SELL,LIMIT,1701091152292,347,0.0266829
MEMEUSDT,BUY,LIMIT,1701091220479,2775,0.0276753
MEMEUSDT,BUY,LIMIT,1701091232584,6727,0.0277702
MEMEUSDT,BUY,LIMIT,1701091244970,159150,0.0277808
MEMEUSDT,BUY,LIMIT,1701091258486,25629,0.0278010
MEMEUSDT,SELL,LIMIT,1701092010267,182508,0.0267494
MEMEUSDT,SELL,LIMIT,1701092439489,5099,0.0267300
MEMEUSDT,SELL,LIMIT,1701092515487,175000,0.0267413
MEMEUSDT,SELL,LIMIT,1701092747287,16207,0.0266946
MEMEUSDT,SELL,LIMIT,1701092749649,84722,0.0266872
MEMEUSDT,SELL,LIMIT,1701093094336,2076,0.0266423
MEMEUSDT,SELL,LIMIT,1701093114269,3047,0.0266340
MEMEUSDT,SELL,LIMIT,1701093116363,465,0.0266148
MEMEUSDT,SELL,LIMIT,1701093118260,8683,0.0265913
MEMEUSDT,SELL,LIMIT,1701093119821,2434,0.0265839
MEMEUSDT,SELL,LIMIT,1701093129257,11441,0.0265609
MEMEUSDT,SELL,LIMIT,1701093136266,407,0.0265384
MEMEUSDT,SELL,LIMIT,1701093137091,23104,0.0265282
MEMEUSDT,BUY,LIMIT,1701093219250,43317,0.0276054
MEMEUSDT,BUY,LIMIT,1701093710887,51346,0.0276699
MEMEUSDT,SELL,LIMIT,1701094231323,33507,0.0267299
MEMEUSDT,SELL,LIMIT,1701094286286,2009,0.0267100
MEMEUSDT,SELL,LIMIT,1701094398874,54264,0.0266998
MEMEUSDT,SELL,LIMIT,1701094439974,22752,0.0266511
MEMEUSDT,SELL,LIMIT,1701094505164,109530,0.0266449
MEMEUSDT,SELL,LIMIT,1701094532357,507,0.0266315
MEMEUSDT,SELL,LIMIT,1701094537401,1190,0.0266249
MEMEUSDT,SELL,LIMIT,1701094546095,2215,0.0266156
MEMEUSDT,SELL,LIMIT,1701094637126,11270,0.0265712
MEMEUSDT,SELL,LIMIT,1701094943084,528,0.0265143
MEMEUSDT,SELL,LIMIT,1701094944090,13260,0.0265187
MEMEUSDT,SELL,LIMIT,1701095024720,92138,0.0265228
MEMEUSDT,SELL,LIMIT,1701095246832,71301,0.0265739
MEMEUSDT,SELL,LIMIT,1701095348079,165541,0.0264566
MEMEUSDT,SELL,LIMIT,1701095349504,19660,0.0264905
MEMEUSDT,SELL,LIMIT,1701095389484,204341,0.0264245
MEMEUSDT,SELL,LIMIT,1701095530666,172973,0.0264661
MEMEUSDT,SELL,LIMIT,1701095556486,12700,0.0264271
MEMEUSDT,SELL,LIMIT,1701095567885,164346,0.0264064
MEMEUSDT,SELL,LIMIT,1701095573064,2643,0.0264029
MEMEUSDT,SELL,LIMIT,1701095592386,7448,0.0265486
MEMEUSDT,SELL,LIMIT,1701095597778,800,0.0263914
MEMEUSDT,SELL,LIMIT,1701095600245,27867,0.0263838
MEMEUSDT,BUY,LIMIT,1701095653301,45481,0.0273804
MEMEUSDT,SELL,LIMIT,1701096127377,86493,0.0264489
MEMEUSDT,BUY,LIMIT,1701096592184,10155,0.0274090
MEMEUSDT,BUY,LIMIT,1701096593270,343,0.0274091
MEMEUSDT,SELL,LIMIT,1701096690678,684,0.0264631
MEMEUSDT,BUY,LIMIT,1701097399361,34088,0.0274722
MEMEUSDT,BUY,LIMIT,1701097770398,188,0.0275937
MEMEUSDT,BUY,LIMIT,1701098208308,190,0.0276098
MEMEUSDT,BUY,LIMIT,1701098298579,30000,0.0276642
MEMEUSDT,BUY,LIMIT,1701098303345,1112,0.0276783
MEMEUSDT,BUY,LIMIT,1701098311497,1958,0.0276970
MEMEUSDT,BUY,LIMIT,1701098312533,39942,0.0276997
MEMEUSDT,BUY,LIMIT,1701098332918,144276,0.0277154
MEMEUSDT,SELL,LIMIT,1701099187722,14163,0.0267121
MEMEUSDT,SELL,LIMIT,1701099194124,975,0.0266890
MEMEUSDT,SELL,LIMIT,1701099202739,1651,0.0266632
MEMEUSDT,SELL,LIMIT,1701099241482,324,0.0266180
MEMEUSDT,SELL,LIMIT,1701099275296,11228,0.0265861
MEMEUSDT,SELL,LIMIT,1701099958297,27402,0.0265644
MEMEUSDT,SELL,LIMIT,1701100016090,184558,0.0265401
MEMEUSDT,SELL,LIMIT,1701100049039,33352,0.0265096
MEMEUSDT,SELL,LIMIT,1701100084228,183513,0.0264801
MEMEUSDT,SELL,LIMIT,1701100125893,183864,0.0264644
MEMEUSDT,SELL,LIMIT,1701100127850,183425,0.0264646
MEMEUSDT,SELL,LIMIT,1701100135901,20761,0.0264466
MEMEUSDT,SELL,LIMIT,1701100150922,184067,0.0264400
MEMEUSDT,SELL,LIMIT,1701100284901,7761,0.0264025
MEMEUSDT,SELL,LIMIT,1701100512543,819,0.0268315
MEMEUSDT,SELL,LIMIT,1701100515979,5422,0.0265568
MEMEUSDT,SELL,LIMIT,1701100524290,14318,0.0264249
MEMEUSDT,SELL,LIMIT,1701100530599,2091,0.0267096
MEMEUSDT,SELL,LIMIT,1701100536389,42228,0.0264140
MEMEUSDT,SELL,LIMIT,1701100566165,36644,0.0265770
MEMEUSDT,SELL,LIMIT,1701100569205,3019,0.0264347
MEMEUSDT,SELL,LIMIT,1701100571066,114091,0.0263990
MEMEUSDT,SELL,LIMIT,1701100574031,766,0.0263589
MEMEUSDT,SELL,LIMIT,1701100576078,52884,0.0263582
MEMEUSDT,SELL,LIMIT,1701100597928,77667,0.0263423
MEMEUSDT,SELL,LIMIT,1701100621260,41406,0.0263341
MEMEUSDT,SELL,LIMIT,1701100623058,7640,0.0262142
MEMEUSDT,SELL,LIMIT,1701100624064,8000,0.0262494
MEMEUSDT,SELL,LIMIT,1701100625142,2000,0.0261563
MEMEUSDT,SELL,LIMIT,1701100642262,17401,0.0262250
MEMEUSDT,BUY,LIMIT,1701100659703,44033,0.0271352
MEMEUSDT,SELL,LIMIT,1701100815338,57860,0.0263119
MEMEUSDT,SELL,LIMIT,1701100932397,31,0.0264082
MEMEUSDT,SELL,LIMIT,1701101002039,11197,0.0264672
MEMEUSDT,SELL,LIMIT,1701101006973,45595,0.0264663
MEMEUSDT,SELL,LIMIT,1701101051220,395,0.0264572
MEMEUSDT,SELL,LIMIT,1701101054834,1599,0.0264355
MEMEUSDT,SELL,LIMIT,1701101078557,310,0.0271583
MEMEUSDT,SELL,LIMIT,1701102047753,6548,0.0264851
MEMEUSDT,SELL,LIMIT,1701102090995,1208,0.0264286
MEMEUSDT,SELL,LIMIT,1701102092778,3839,0.0264156
MEMEUSDT,SELL,LIMIT,1701102144677,175564,0.0263374
MEMEUSDT,SELL,LIMIT,1701102266105,3720,0.0263758
MEMEUSDT,SELL,LIMIT,1701102342974,48143,0.0263084
MEMEUSDT,BUY,LIMIT,1701102682328,5868,0.0272584
MEMEUSDT,SELL,LIMIT,1701102982887,248,0.0264535
MEMEUSDT,BUY,LIMIT,1701103498174,4081,0.0272836
MEMEUSDT,BUY,LIMIT,1701104185287,186,0.0274805
MEMEUSDT,SELL,LIMIT,1701104216796,40000,0.0266910
MEMEUSDT,BUY,LIMIT,1701104368130,410,0.0275119
MEMEUSDT,SELL,LIMIT,1701104502581,2867,0.0268410
MEMEUSDT,BUY,LIMIT,1701105061426,262,0.0276384
MEMEUSDT,BUY,LIMIT,1701105316078,9208,0.0277687
MEMEUSDT,BUY,LIMIT,1701105324452,17154,0.0278294
MEMEUSDT,BUY,LIMIT,1701105466541,39832,0.0278354
MEMEUSDT,SELL,LIMIT,1701105868843,134382,0.0267750
MEMEUSDT,SELL,LIMIT,1701105870072,402,0.0267699
MEMEUSDT,SELL,LIMIT,1701105918478,586,0.0267508
MEMEUSDT,SELL,LIMIT,1701105948182,43067,0.0267229
MEMEUSDT,SELL,LIMIT,1701107384711,11721,0.0267412
MEMEUSDT,SELL,LIMIT,1701107409068,743,0.0267185
MEMEUSDT,SELL,LIMIT,1701107462173,80057,0.0266920
MEMEUSDT,SELL,LIMIT,1701107474056,6276,0.0266435
MEMEUSDT,BUY,LIMIT,1701108142528,8119,0.0275854
MEMEUSDT,BUY,LIMIT,1701108145332,1412,0.0275873
MEMEUSDT,SELL,LIMIT,1701110619385,1884,0.0266600
MEMEUSDT,SELL,LIMIT,1701111176733,1652,0.0265930
MEMEUSDT,SELL,LIMIT,1701111191075,2001,0.0266020
MEMEUSDT,SELL,LIMIT,1701111216081,83787,0.0265538
MEMEUSDT,SELL,LIMIT,1701111221306,27050,0.0265382
MEMEUSDT,SELL,LIMIT,1701111396029,668,0.0265660
MEMEUSDT,SELL,LIMIT,1701111571006,4421,0.0265300
MEMEUSDT,SELL,LIMIT,1701111580479,8229,0.0267547
MEMEUSDT,SELL,LIMIT,1701111615655,8821,0.0264954
MEMEUSDT,SELL,LIMIT,1701111636629,3318,0.0265212
MEMEUSDT,SELL,LIMIT,1701111768376,81744,0.0265594
MEMEUSDT,SELL,LIMIT,1701111839563,1906,0.0266234
MEMEUSDT,SELL,LIMIT,1701111874376,6804,0.0265879
MEMEUSDT,SELL,LIMIT,1701111921600,69084,0.0265566
MEMEUSDT,SELL,LIMIT,1701111924526,1156,0.0265539
MEMEUSDT,SELL,LIMIT,1701112022414,3014,0.0264896
MEMEUSDT,SELL,LIMIT,1701112031423,369,0.0264742
MEMEUSDT,SELL,LIMIT,1701112033221,25154,0.0264689
MEMEUSDT,SELL,LIMIT,1701112081107,47175,0.0264338
MEMEUSDT,SELL,LIMIT,1701112082888,485,0.0264224
MEMEUSDT,SELL,LIMIT,1701112159193,3701,0.0264169
MEMEUSDT,BUY,LIMIT,1701112553185,80552,0.0273323
MEMEUSDT,SELL,LIMIT,1701113060130,366,0.0263820
MEMEUSDT,SELL,LIMIT,1701113078210,13689,0.0263548
MEMEUSDT,SELL,LIMIT,1701113082697,11070,0.0263358
MEMEUSDT,SELL,LIMIT,1701113299792,12344,0.0263777
MEMEUSDT,SELL,LIMIT,1701114044179,1824,0.0262896
MEMEUSDT,SELL,LIMIT,1701114045279,29200,0.0262990
MEMEUSDT,SELL,LIMIT,1701114102217,8161,0.0262858
MEMEUSDT,SELL,LIMIT,1701114139245,32734,0.0262675
MEMEUSDT,SELL,LIMIT,1701114140694,522,0.0262488
MEMEUSDT,SELL,LIMIT,1701114148090,34236,0.0262244
MEMEUSDT,SELL,LIMIT,1701114154843,3703,0.0262177
MEMEUSDT,SELL,LIMIT,1701114161694,3318,0.0262095
MEMEUSDT,SELL,LIMIT,1701114162897,60000,0.0261986
MEMEUSDT,SELL,LIMIT,1701114163868,105266,0.0261854
MEMEUSDT,SELL,LIMIT,1701114228405,211,0.0261742
MEMEUSDT,SELL,LIMIT,1701114229686,24549,0.0261672
MEMEUSDT,SELL,LIMIT,1701114232981,15456,0.0261722
MEMEUSDT,SELL,LIMIT,1701114234159,20500,0.0261651
MEMEUSDT,SELL,LIMIT,1701114235225,29018,0.0261517
MEMEUSDT,SELL,LIMIT,1701114236279,193,0.0261480
MEMEUSDT,SELL,LIMIT,1701114237381,1862,0.0261403
MEMEUSDT,SELL,LIMIT,1701114238416,55514,0.0261249
MEMEUSDT,SELL,LIMIT,1701114239742,8236,0.0261139
MEMEUSDT,SELL,LIMIT,1701114242417,3267,0.0261495
MEMEUSDT,SELL,LIMIT,1701114263946,668909,0.0259687
MEMEUSDT,SELL,LIMIT,1701114266119,67010,0.0260909
MEMEUSDT,SELL,LIMIT,1701114267188,162094,0.0261029
MEMEUSDT,SELL,LIMIT,1701114268242,12000,0.0260712
MEMEUSDT,SELL,LIMIT,1701114274876,2790,0.0260757
MEMEUSDT,SELL,LIMIT,1701114276048,2320,0.0260596
MEMEUSDT,SELL,LIMIT,1701114284720,31,0.0263226
MEMEUSDT,BUY,LIMIT,1701114318354,1250,0.0269052
MEMEUSDT,SELL,LIMIT,1701114352848,568,0.0260603
MEMEUSDT,SELL,LIMIT,1701114354014,58164,0.0260534
MEMEUSDT,SELL,LIMIT,1701114456078,153447,0.0260700
MEMEUSDT,SELL,LIMIT,1701114466987,7237,0.0260428
MEMEUSDT,SELL,LIMIT,1701114468203,369,0.0260335
MEMEUSDT,SELL,LIMIT,1701114470469,1466,0.0260242
MEMEUSDT,SELL,LIMIT,1701114471580,48737,0.0260190
MEMEUSDT,SELL,LIMIT,1701114473310,12167,0.0260098
MEMEUSDT,SELL,LIMIT,1701114474312,120754,0.0259961
MEMEUSDT,SELL,LIMIT,1701114476054,984,0.0259556
MEMEUSDT,SELL,LIMIT,1701114477164,2161,0.0259883
MEMEUSDT,SELL,LIMIT,1701114478367,29377,0.0259474
MEMEUSDT,SELL,LIMIT,1701114480539,159729,0.0259688
MEMEUSDT,SELL,LIMIT,1701114491347,67488,0.0259429
MEMEUSDT,SELL,LIMIT,1701114493107,4936,0.0259279
MEMEUSDT,SELL,LIMIT,1701114494267,36800,0.0259279
MEMEUSDT,SELL,LIMIT,1701114496188,1638,0.0259192
MEMEUSDT,SELL,LIMIT,1701114497431,4519,0.0259226
MEMEUSDT,SELL,LIMIT,1701114498760,25308,0.0259163
MEMEUSDT,SELL,LIMIT,1701114499753,10000,0.0259126
MEMEUSDT,SELL,LIMIT,1701114504284,4621,0.0259104
MEMEUSDT,SELL,LIMIT,1701114512230,10227,0.0259529
MEMEUSDT,SELL,LIMIT,1701114523311,11006,0.0259339
MEMEUSDT,BUY,LIMIT,1701114607066,8513,0.0268689
MEMEUSDT,SELL,LIMIT,1701114617612,3685,0.0260949
MEMEUSDT,BUY,LIMIT,1701114633409,38604,0.0269123
MEMEUSDT,BUY,LIMIT,1701115273412,1834,0.0270983
MEMEUSDT,BUY,LIMIT,1701115310560,229,0.0272169
MEMEUSDT,SELL,LIMIT,1701115489339,166946,0.0262447
MEMEUSDT,SELL,LIMIT,1701116552170,16522,0.0263370
MEMEUSDT,SELL,LIMIT,1701116606677,2993,0.0262923
MEMEUSDT,SELL,LIMIT,1701116697362,1784,0.0263148
MEMEUSDT,SELL,LIMIT,1701116714561,3386,0.0262809
MEMEUSDT,SELL,LIMIT,1701116834950,831,0.0261564
MEMEUSDT,SELL,LIMIT,1701116890315,64377,0.0262397
MEMEUSDT,SELL,LIMIT,1701116979993,79417,0.0261051
MEMEUSDT,SELL,LIMIT,1701117112553,69170,0.0261141
MEMEUSDT,SELL,LIMIT,1701117187250,5205,0.0260996
MEMEUSDT,SELL,LIMIT,1701117359143,6642,0.0260976
MEMEUSDT,BUY,LIMIT,1701117536823,1377,0.0270287
MEMEUSDT,SELL,LIMIT,1701117538344,824,0.0262208
MEMEUSDT,BUY,LIMIT,1701118286314,8050,0.0270992
MEMEUSDT,BUY,LIMIT,1701118925046,1912,0.0271584
MEMEUSDT,BUY,LIMIT,1701119376582,214,0.0272977
MEMEUSDT,BUY,LIMIT,1701119400743,1901,0.0273303
MEMEUSDT,BUY,LIMIT,1701119563088,141056,0.0274440
MEMEUSDT,BUY,LIMIT,1701119762596,6434,0.0274922
MEMEUSDT,BUY,LIMIT,1701120276469,52529,0.0275346
MEMEUSDT,BUY,LIMIT,1701120878327,1150,0.0276427
MEMEUSDT,BUY,LIMIT,1701120889687,238,0.0276470
MEMEUSDT,BUY,LIMIT,1701121738122,143719,0.0273906
MEMEUSDT,SELL,LIMIT,1701121839061,28240,0.0267099
MEMEUSDT,BUY,LIMIT,1701122267154,14753,0.0274780
MEMEUSDT,SELL,LIMIT,1701122782817,1675,0.0265744
MEMEUSDT,SELL,LIMIT,1701122964228,1722,0.0265406
MEMEUSDT,SELL,LIMIT,1701123087323,105766,0.0265598
MEMEUSDT,SELL,LIMIT,1701123158006,16355,0.0265570
MEMEUSDT,BUY,LIMIT,1701123169069,41753,0.0273655
MEMEUSDT,SELL,LIMIT,1701123226666,954,0.0265993
MEMEUSDT,SELL,LIMIT,1701123703100,59621,0.0264983
MEMEUSDT,SELL,LIMIT,1701123716245,5135,0.0264832
MEMEUSDT,SELL,LIMIT,1701123738957,4002,0.0264728
MEMEUSDT,BUY,LIMIT,1701125981772,326,0.0274948
MEMEUSDT,SELL,LIMIT,1701126099134,1400,0.0267233
MEMEUSDT,BUY,LIMIT,1701127054107,561,0.0275085
MEMEUSDT,BUY,LIMIT,1701127481105,338,0.0275633
MEMEUSDT,BUY,LIMIT,1701127560146,20507,0.0276592
MEMEUSDT,BUY,LIMIT,1701127806210,10742,0.0276334
MEMEUSDT,BUY,LIMIT,1701128281189,7184,0.0276712
MEMEUSDT,BUY,LIMIT,1701128360172,222,0.0276944
MEMEUSDT,BUY,LIMIT,1701128462572,30960,0.0277569
MEMEUSDT,BUY,LIMIT,1701130911300,43364,0.0277195
MEMEUSDT,BUY,LIMIT,1701130913590,55517,0.0277427
MEMEUSDT,BUY,LIMIT,1701131906075,188,0.0278685
MEMEUSDT,BUY,LIMIT,1701131912770,12793,0.0279010
MEMEUSDT,BUY,LIMIT,1701131913900,622,0.0279277
MEMEUSDT,BUY,LIMIT,1701131922703,2092,0.0279316
MEMEUSDT,BUY,LIMIT,1701131929284,67378,0.0279383
MEMEUSDT,BUY,LIMIT,1701132526876,21712,0.0279680
MEMEUSDT,BUY,LIMIT,1701132528688,1049,0.0279731
MEMEUSDT,BUY,LIMIT,1701132559712,2642,0.0279971
MEMEUSDT,SELL,LIMIT,1701133457442,1167,0.0271603
MEMEUSDT,SELL,LIMIT,1701133573726,52201,0.0269233
MEMEUSDT,SELL,LIMIT,1701133586075,19645,0.0268999
MEMEUSDT,SELL,LIMIT,1701133762266,324,0.0268072
MEMEUSDT,SELL,LIMIT,1701134258389,54878,0.0267920
MEMEUSDT,BUY,LIMIT,1701134937800,183665,0.0278073
MEMEUSDT,BUY,LIMIT,1701135388970,220,0.0280131
MEMEUSDT,BUY,LIMIT,1701135634587,16308,0.0280680
MEMEUSDT,BUY,LIMIT,1701135636286,36978,0.0280842
MEMEUSDT,BUY,LIMIT,1701135650285,46026,0.0281222
MEMEUSDT,BUY,LIMIT,1701135652058,7134,0.0281378
MEMEUSDT,BUY,LIMIT,1701135682136,10543,0.0281550
MEMEUSDT,BUY,LIMIT,1701135976238,183945,0.0282045
MEMEUSDT,BUY,LIMIT,1701136035594,184,0.0282436
MEMEUSDT,BUY,LIMIT,1701136049937,38278,0.0282562
MEMEUSDT,SELL,LIMIT,1701136678158,8958,0.0272315
MEMEUSDT,SELL,LIMIT,1701136920694,6106,0.0270929
MEMEUSDT,SELL,LIMIT,1701136925560,20272,0.0270526
MEMEUSDT,SELL,LIMIT,1701137246041,1800,0.0268950
MEMEUSDT,SELL,LIMIT,1701137429137,19637,0.0268002
MEMEUSDT,SELL,LIMIT,1701137432025,41212,0.0268259
MEMEUSDT,SELL,LIMIT,1701137541879,7830,0.0268661
MEMEUSDT,BUY,LIMIT,1701137904175,15504,0.0279534
MEMEUSDT,BUY,LIMIT,1701138385501,742,0.0282937
MEMEUSDT,BUY,LIMIT,1701138390722,13462,0.0283149
MEMEUSDT,BUY,LIMIT,1701138495307,468,0.0283575
MEMEUSDT,BUY,LIMIT,1701138499832,73968,0.0283666
MEMEUSDT,SELL,LIMIT,1701138550264,10792,0.0273958
MEMEUSDT,BUY,LIMIT,1701140951665,21174,0.0281555
MEMEUSDT,SELL,LIMIT,1701141241184,4424,0.0271567
MEMEUSDT,BUY,LIMIT,1701142840563,12911,0.0282784
MEMEUSDT,SELL,LIMIT,1701144406586,970,0.0272704
MEMEUSDT,BUY,LIMIT,1701144726134,83,0.0282625
MEMEUSDT,SELL,LIMIT,1701145160317,156712,0.0272336
MEMEUSDT,SELL,LIMIT,1701145847911,50712,0.0270838
MEMEUSDT,SELL,LIMIT,1701145974572,2901,0.0270208
MEMEUSDT,SELL,LIMIT,1701146061039,2828,0.0269556
MEMEUSDT,SELL,LIMIT,1701146062361,892,0.0269448
MEMEUSDT,SELL,LIMIT,1701146067092,2692,0.0269160
MEMEUSDT,SELL,LIMIT,1701146964569,90402,0.0269088
MEMEUSDT,SELL,LIMIT,1701147883215,796,0.0268659
MEMEUSDT,SELL,LIMIT,1701147890407,1500,0.0268512
MEMEUSDT,SELL,LIMIT,1701147891409,367,0.0268500
MEMEUSDT,SELL,LIMIT,1701148008305,19092,0.0268938
MEMEUSDT,SELL,LIMIT,1701148133060,10124,0.0267903
MEMEUSDT,SELL,LIMIT,1701148240229,1830,0.0267632
MEMEUSDT,SELL,LIMIT,1701148384450,11001,0.0267543
MEMEUSDT,SELL,LIMIT,1701148395204,7252,0.0267394
MEMEUSDT,SELL,LIMIT,1701148431911,4427,0.0267441
MEMEUSDT,SELL,LIMIT,1701148434312,131773,0.0268229
MEMEUSDT,SELL,LIMIT,1701148436103,1654,0.0267284
MEMEUSDT,SELL,LIMIT,1701148440118,44555,0.0267151
MEMEUSDT,SELL,LIMIT,1701148445347,126001,0.0267122
MEMEUSDT,SELL,LIMIT,1701148447693,179093,0.0267034
MEMEUSDT,SELL,LIMIT,1701148465073,13217,0.0266903
MEMEUSDT,SELL,LIMIT,1701148468061,19508,0.0266748
MEMEUSDT,SELL,LIMIT,1701148491308,4299,0.0266551
MEMEUSDT,SELL,LIMIT,1701148495816,141603,0.0266420
MEMEUSDT,SELL,LIMIT,1701148584535,1248,0.0266202
MEMEUSDT,SELL,LIMIT,1701148594324,1476,0.0266097
MEMEUSDT,SELL,LIMIT,1701148905397,275,0.0265054
MEMEUSDT,SELL,LIMIT,1701148906975,65932,0.0265001
MEMEUSDT,SELL,LIMIT,1701148911023,1199,0.0264805
MEMEUSDT,SELL,LIMIT,1701148915276,55001,0.0264680
MEMEUSDT,SELL,LIMIT,1701148936933,6360,0.0264491
MEMEUSDT,SELL,LIMIT,1701148938872,7132,0.0264408
MEMEUSDT,SELL,LIMIT,1701148940622,3445,0.0264304
MEMEUSDT,SELL,LIMIT,1701149784128,295,0.0264636
MEMEUSDT,SELL,LIMIT,1701149816287,130074,0.0264514
MEMEUSDT,SELL,LIMIT,1701149827642,2168,0.0264074
MEMEUSDT,SELL,LIMIT,1701149830034,6213,0.0263696
MEMEUSDT,SELL,LIMIT,1701149833218,171612,0.0263665
MEMEUSDT,SELL,LIMIT,1701149845223,1802,0.0263541
MEMEUSDT,SELL,LIMIT,1701149873863,549,0.0263361
MEMEUSDT,SELL,LIMIT,1701149880191,26187,0.0263303
MEMEUSDT,SELL,LIMIT,1701149881767,2883,0.0263263
MEMEUSDT,SELL,LIMIT,1701149883497,15398,0.0263253
MEMEUSDT,SELL,LIMIT,1701149895793,1470,0.0263211
MEMEUSDT,SELL,LIMIT,1701149897042,45300,0.0263142
MEMEUSDT,SELL,LIMIT,1701149898416,6992,0.0263016
MEMEUSDT,SELL,LIMIT,1701149911060,493,0.0262914
MEMEUSDT,BUY,LIMIT,1701149981725,446,0.0272579
MEMEUSDT,BUY,LIMIT,1701150102353,3355,0.0274560
MEMEUSDT,SELL,LIMIT,1701150539144,3786,0.0263264
MEMEUSDT,SELL,LIMIT,1701151263535,22318,0.0263504
MEMEUSDT,SELL,LIMIT,1701151268585,36105,0.0263261
MEMEUSDT,SELL,LIMIT,1701151275527,3585,0.0263077
MEMEUSDT,BUY,LIMIT,1701152014176,74122,0.0274706
MEMEUSDT,BUY,LIMIT,1701152015439,59477,0.0274871
MEMEUSDT,SELL,LIMIT,1701152519064,1390,0.0264942
MEMEUSDT,SELL,LIMIT,1701152624200,152038,0.0264481
MEMEUSDT,SELL,LIMIT,1701154322129,800,0.0264109
MEMEUSDT,SELL,LIMIT,1701154334836,181149,0.0263975
MEMEUSDT,SELL,LIMIT,1701154361971,114278,0.0264282
MEMEUSDT,SELL,LIMIT,1701154730026,182,0.0265521
MEMEUSDT,SELL,LIMIT,1701155124179,26747,0.0263661
MEMEUSDT,SELL,LIMIT,1701155321214,2192,0.0264547
MEMEUSDT,SELL,LIMIT,1701155347815,29775,0.0264660
MEMEUSDT,SELL,LIMIT,1701155450489,4943,0.0263498
MEMEUSDT,SELL,LIMIT,1701155464988,186539,0.0263403
MEMEUSDT,SELL,LIMIT,1701155471219,1692,0.0263284
MEMEUSDT,SELL,LIMIT,1701155558731,5190,0.0262857
MEMEUSDT,SELL,LIMIT,1701155564246,16751,0.0262845
MEMEUSDT,SELL,LIMIT,1701155655208,14897,0.0263290
MEMEUSDT,SELL,LIMIT,1701155666298,12418,0.0262778
MEMEUSDT,SELL,LIMIT,1701155668425,4654,0.0262754
MEMEUSDT,SELL,LIMIT,1701155690656,49664,0.0262634
MEMEUSDT,SELL,LIMIT,1701155692482,106780,0.0262336
MEMEUSDT,SELL,LIMIT,1701155695303,7175,0.0262206
MEMEUSDT,SELL,LIMIT,1701155700120,19626,0.0262168
MEMEUSDT,SELL,LIMIT,1701155712926,260,0.0262044
MEMEUSDT,SELL,LIMIT,1701155718922,113683,0.0261985
MEMEUSDT,SELL,LIMIT,1701155721320,108280,0.0261940
MEMEUSDT,SELL,LIMIT,1701155740981,5887,0.0262296
MEMEUSDT,SELL,LIMIT,1701155775263,3506,0.0261902
MEMEUSDT,SELL,LIMIT,1701155786441,54492,0.0261776
MEMEUSDT,SELL,LIMIT,1701155787987,10170,0.0261715
MEMEUSDT,SELL,LIMIT,1701155789980,58082,0.0261640
MEMEUSDT,SELL,LIMIT,1701155792744,7594,0.0261608
MEMEUSDT,SELL,LIMIT,1701155798154,10855,0.0261519
MEMEUSDT,SELL,LIMIT,1701155841964,1091,0.0261258
MEMEUSDT,SELL,LIMIT,1701155887505,13311,0.0261044
MEMEUSDT,SELL,LIMIT,1701155891123,1596,0.0261026
MEMEUSDT,SELL,LIMIT,1701155893311,1062,0.0260823
MEMEUSDT,SELL,LIMIT,1701155899041,10083,0.0260723
MEMEUSDT,SELL,LIMIT,1701155975328,1058,0.0260686
MEMEUSDT,SELL,LIMIT,1701155982045,1674,0.0260557
MEMEUSDT,SELL,LIMIT,1701156040192,169715,0.0260366
MEMEUSDT,SELL,LIMIT,1701156041406,919,0.0260392
MEMEUSDT,SELL,LIMIT,1701156133118,21665,0.0260831
MEMEUSDT,SELL,LIMIT,1701156150816,5551,0.0262285
MEMEUSDT,SELL,LIMIT,1701156321487,755925,0.0258192
MEMEUSDT,SELL,LIMIT,1701156365218,795,0.0259504
MEMEUSDT,SELL,LIMIT,1701156441440,22518,0.0259267
MEMEUSDT,SELL,LIMIT,1701156448343,1319,0.0259209
MEMEUSDT,SELL,LIMIT,1701156452777,60083,0.0259117
MEMEUSDT,SELL,LIMIT,1701156455052,47305,0.0258821
MEMEUSDT,SELL,LIMIT,1701156456116,29873,0.0258749
MEMEUSDT,SELL,LIMIT,1701156457126,50000,0.0258345
MEMEUSDT,SELL,LIMIT,1701156509346,9140,0.0263077
MEMEUSDT,SELL,LIMIT,1701156514666,30541,0.0257889
MEMEUSDT,SELL,LIMIT,1701156519220,404,0.0257663
MEMEUSDT,SELL,LIMIT,1701156522360,66861,0.0257515
MEMEUSDT,SELL,LIMIT,1701156524482,194,0.0257445
MEMEUSDT,SELL,LIMIT,1701156526081,197808,0.0257176
MEMEUSDT,SELL,LIMIT,1701156527392,659,0.0257122
MEMEUSDT,SELL,LIMIT,1701156529418,7356,0.0257026
MEMEUSDT,SELL,LIMIT,1701156533155,44882,0.0256929
MEMEUSDT,SELL,LIMIT,1701156534172,714,0.0256655
MEMEUSDT,SELL,LIMIT,1701156542943,3156,0.0256535
MEMEUSDT,SELL,LIMIT,1701156561948,45163,0.0256714
MEMEUSDT,SELL,LIMIT,1701156563062,100000,0.0256367
MEMEUSDT,SELL,LIMIT,1701156566180,58365,0.0256289
MEMEUSDT,SELL,LIMIT,1701156567247,3862,0.0256307
MEMEUSDT,SELL,LIMIT,1701156568490,17515,0.0256295
MEMEUSDT,SELL,LIMIT,1701156572105,7310,0.0256227
MEMEUSDT,SELL,LIMIT,1701156573310,3909,0.0256230
MEMEUSDT,BUY,LIMIT,1701157143730,16477,0.0267308
MEMEUSDT,BUY,LIMIT,1701157272623,9709,0.0268003
MEMEUSDT,BUY,LIMIT,1701157298394,13415,0.0268332
MEMEUSDT,BUY,LIMIT,1701157520255,25747,0.0268579
MEMEUSDT,BUY,LIMIT,1701157556162,145675,0.0268742
MEMEUSDT,BUY,LIMIT,1701157840272,101977,0.0271793
MEMEUSDT,BUY,LIMIT,1701157846379,14691,0.0271939
MEMEUSDT,BUY,LIMIT,1701157929148,330,0.0273391
MEMEUSDT,BUY,LIMIT,1701157956272,3893,0.0273881
MEMEUSDT,SELL,LIMIT,1701158177067,47829,0.0264238
MEMEUSDT,SELL,LIMIT,1701158799964,15000,0.0262638
MEMEUSDT,SELL,LIMIT,1701158956118,582,0.0262321
MEMEUSDT,SELL,LIMIT,1701158968162,740,0.0262188
MEMEUSDT,SELL,LIMIT,1701159224485,161799,0.0262551
MEMEUSDT,BUY,LIMIT,1701159399722,380,0.0269995
MEMEUSDT,BUY,LIMIT,1701160271708,1287,0.0269554
MEMEUSDT,SELL,LIMIT,1701160937738,53303,0.0260297
MEMEUSDT,SELL,LIMIT,1701160964456,16890,0.0259763
MEMEUSDT,SELL,LIMIT,1701161013222,18832,0.0259589
MEMEUSDT,BUY,LIMIT,1701161236032,90363,0.0268729
MEMEUSDT,BUY,LIMIT,1701161242249,37885,0.0269170
MEMEUSDT,BUY,LIMIT,1701162199415,348,0.0269720
MEMEUSDT,BUY,LIMIT,1701162223842,1790,0.0269797
MEMEUSDT,BUY,LIMIT,1701162988444,17711,0.0270198
MEMEUSDT,BUY,LIMIT,1701163001116,28468,0.0270430
MEMEUSDT,SELL,LIMIT,1701164017702,126808,0.0261530
MEMEUSDT,BUY,LIMIT,1701164304170,559,0.0271308
MEMEUSDT,BUY,LIMIT,1701164305351,4457,0.0271298
MEMEUSDT,BUY,LIMIT,1701164326662,253,0.0271842
MEMEUSDT,BUY,LIMIT,1701164468098,1350,0.0272532
MEMEUSDT,BUY,LIMIT,1701164469762,3114,0.0272558
MEMEUSDT,BUY,LIMIT,1701164824325,39612,0.0274149
MEMEUSDT,SELL,LIMIT,1701165396045,13864,0.0265063
MEMEUSDT,SELL,LIMIT,1701165811680,25504,0.0264195
MEMEUSDT,SELL,LIMIT,1701165865155,34262,0.0263759
MEMEUSDT,SELL,LIMIT,1701165880944,9000,0.0263528
MEMEUSDT,SELL,LIMIT,1701165926275,47669,0.0263102
MEMEUSDT,BUY,LIMIT,1701166565118,4049,0.0273089
MEMEUSDT,BUY,LIMIT,1701166566374,9332,0.0273184
MEMEUSDT,BUY,LIMIT,1701167304265,3600,0.0271670
MEMEUSDT,BUY,LIMIT,1701169048438,4821,0.0274831
MEMEUSDT,BUY,LIMIT,1701169049740,13265,0.0275158
MEMEUSDT,BUY,LIMIT,1701169060326,440,0.0275352
MEMEUSDT,BUY,LIMIT,1701169062374,14768,0.0275534
MEMEUSDT,BUY,LIMIT,1701169076202,30071,0.0276218
MEMEUSDT,BUY,LIMIT,1701169135013,4226,0.0276748
MEMEUSDT,BUY,LIMIT,1701169157118,12020,0.0277232
MEMEUSDT,BUY,LIMIT,1701169662317,12725,0.0277555
MEMEUSDT,BUY,LIMIT,1701169664318,449,0.0277726
MEMEUSDT,BUY,LIMIT,1701169674661,379,0.0277899
MEMEUSDT,BUY,LIMIT,1701169676186,300,0.0278225
MEMEUSDT,BUY,LIMIT,1701169679250,188536,0.0278413
MEMEUSDT,BUY,LIMIT,1701169680362,9006,0.0278318
MEMEUSDT,BUY,LIMIT,1701169697193,1890,0.0278807
MEMEUSDT,BUY,LIMIT,1701169732220,183621,0.0279030
MEMEUSDT,BUY,LIMIT,1701169744159,306431,0.0280573
MEMEUSDT,BUY,LIMIT,1701169745508,56996,0.0279503
MEMEUSDT,BUY,LIMIT,1701169747216,994,0.0279571
MEMEUSDT,BUY,LIMIT,1701169750494,203,0.0279711
MEMEUSDT,BUY,LIMIT,1701169757514,7649,0.0280105
MEMEUSDT,BUY,LIMIT,1701169765799,2510,0.0280429
MEMEUSDT,BUY,LIMIT,1701169809246,14000,0.0280983
MEMEUSDT,BUY,LIMIT,1701169811262,1098,0.0281048
MEMEUSDT,BUY,LIMIT,1701169813073,1186,0.0281226
MEMEUSDT,SELL,LIMIT,1701169906710,18078,0.0270801
MEMEUSDT,BUY,LIMIT,1701170242489,18007,0.0280395
MEMEUSDT,BUY,LIMIT,1701170479611,1643,0.0281907
MEMEUSDT,BUY,LIMIT,1701170513226,540,0.0282376
MEMEUSDT,BUY,LIMIT,1701170514399,29616,0.0282566
MEMEUSDT,BUY,LIMIT,1701170516314,1275,0.0282768
MEMEUSDT,BUY,LIMIT,1701170656165,34895,0.0282244
MEMEUSDT,BUY,LIMIT,1701171083908,21739,0.0282090
MEMEUSDT,SELL,LIMIT,1701171385228,175777,0.0272818
MEMEUSDT,SELL,LIMIT,1701171386315,609,0.0272706
MEMEUSDT,SELL,LIMIT,1701171391089,2680,0.0272473
MEMEUSDT,SELL,LIMIT,1701171416578,108025,0.0272190
MEMEUSDT,SELL,LIMIT,1701171434031,1478,0.0272088
MEMEUSDT,SELL,LIMIT,1701171645721,2739,0.0271509
MEMEUSDT,BUY,LIMIT,1701171766140,192,0.0281555
MEMEUSDT,BUY,LIMIT,1701171818313,23133,0.0281898
MEMEUSDT,BUY,LIMIT,1701171893695,2984,0.0283207
MEMEUSDT,BUY,LIMIT,1701171895485,1000,0.0283260
MEMEUSDT,SELL,LIMIT,1701172967324,96428,0.0273051
MEMEUSDT,SELL,LIMIT,1701173022171,925,0.0272340
MEMEUSDT,SELL,LIMIT,1701173312290,18078,0.0271095
MEMEUSDT,SELL,LIMIT,1701173323631,130670,0.0271034
MEMEUSDT,SELL,LIMIT,1701173326376,74029,0.0270808
MEMEUSDT,SELL,LIMIT,1701173328093,253,0.0270521
MEMEUSDT,BUY,LIMIT,1701174058241,8915,0.0280002
MEMEUSDT,BUY,LIMIT,1701174065359,218,0.0280097
MEMEUSDT,BUY,LIMIT,1701174507500,3412,0.0280367
MEMEUSDT,SELL,LIMIT,1701175157602,29744,0.0271457
MEMEUSDT,SELL,LIMIT,1701175184229,15140,0.0271358
MEMEUSDT,SELL,LIMIT,1701175191467,18074,0.0271189
MEMEUSDT,SELL,LIMIT,1701176538485,81864,0.0270984
MEMEUSDT,SELL,LIMIT,1701176620946,119756,0.0270590
MEMEUSDT,SELL,LIMIT,1701176732792,147545,0.0270482
MEMEUSDT,SELL,LIMIT,1701176741104,21582,0.0270432
MEMEUSDT,SELL,LIMIT,1701176746196,70214,0.0270301
MEMEUSDT,SELL,LIMIT,1701176892850,10361,0.0269849
MEMEUSDT,BUY,LIMIT,1701178306265,106565,0.0281380
MEMEUSDT,BUY,LIMIT,1701178329435,101680,0.0281517
MEMEUSDT,BUY,LIMIT,1701178354627,3463,0.0281655
MEMEUSDT,BUY,LIMIT,1701178665236,16459,0.0281974
MEMEUSDT,BUY,LIMIT,1701178729716,2838,0.0282147
MEMEUSDT,BUY,LIMIT,1701178730991,4265,0.0282164
MEMEUSDT,BUY,LIMIT,1701178745510,36127,0.0282280
MEMEUSDT,BUY,LIMIT,1701178772398,5466,0.0283155
MEMEUSDT,BUY,LIMIT,1701178775207,91087,0.0283363
MEMEUSDT,BUY,LIMIT,1701178782366,227,0.0283459
MEMEUSDT,BUY,LIMIT,1701178806109,5006,0.0283670
MEMEUSDT,BUY,LIMIT,1701178830348,21734,0.0283962
MEMEUSDT,BUY,LIMIT,1701178837210,7467,0.0283998
MEMEUSDT,BUY,LIMIT,1701178845637,24901,0.0284143
MEMEUSDT,BUY,LIMIT,1701178853481,3657,0.0284245
MEMEUSDT,BUY,LIMIT,1701178855808,7349,0.0284406
MEMEUSDT,SELL,LIMIT,1701179012304,1880,0.0274537
MEMEUSDT,SELL,LIMIT,1701179285836,75336,0.0274256
MEMEUSDT,SELL,LIMIT,1701179287238,111025,0.0274008
MEMEUSDT,BUY,LIMIT,1701179600639,33194,0.0283225
MEMEUSDT,BUY,LIMIT,1701179601898,1115,0.0283211
MEMEUSDT,BUY,LIMIT,1701179673482,15793,0.0284365
MEMEUSDT,BUY,LIMIT,1701179677871,743,0.0284607
MEMEUSDT,BUY,LIMIT,1701179679099,10975,0.0284750
MEMEUSDT,SELL,LIMIT,1701180428126,55641,0.0272946
MEMEUSDT,SELL,LIMIT,1701180479671,35714,0.0272689
MEMEUSDT,BUY,LIMIT,1701181544683,1159,0.0282385
MEMEUSDT,BUY,LIMIT,1701181929921,1189,0.0283085
MEMEUSDT,BUY,LIMIT,1701182067054,32920,0.0284498
MEMEUSDT,BUY,LIMIT,1701182367892,13956,0.0284576
MEMEUSDT,BUY,LIMIT,1701182399053,172701,0.0284733
MEMEUSDT,BUY,LIMIT,1701183201132,50176,0.0284870
MEMEUSDT,BUY,LIMIT,1701183212801,361,0.0285164
MEMEUSDT,BUY,LIMIT,1701183216950,11066,0.0285268
MEMEUSDT,BUY,LIMIT,1701183218344,1363,0.0285547
MEMEUSDT,BUY,LIMIT,1701183222090,29856,0.0285568
MEMEUSDT,BUY,LIMIT,1701183848487,16642,0.0285703
MEMEUSDT,BUY,LIMIT,1701183851291,89063,0.0286257
MEMEUSDT,BUY,LIMIT,1701183856206,36634,0.0286637
MEMEUSDT,BUY,LIMIT,1701183875120,7656,0.0287404
MEMEUSDT,BUY,LIMIT,1701183876783,922,0.0287436
MEMEUSDT,BUY,LIMIT,1701183878089,1128,0.0287473
MEMEUSDT,BUY,LIMIT,1701183881055,1906,0.0287646
MEMEUSDT,BUY,LIMIT,1701183885407,41383,0.0287762
MEMEUSDT,BUY,LIMIT,1701183939080,10428,0.0288275
MEMEUSDT,BUY,LIMIT,1701183940280,16307,0.0288170
MEMEUSDT,BUY,LIMIT,1701183941449,10836,0.0288738
MEMEUSDT,BUY,LIMIT,1701183949126,29100,0.0288765
MEMEUSDT,SELL,LIMIT,1701184215860,184,0.0277790
MEMEUSDT,SELL,LIMIT,1701184238931,316,0.0277558
MEMEUSDT,SELL,LIMIT,1701184537683,8340,0.0276491
MEMEUSDT,SELL,LIMIT,1701184540901,9619,0.0276388
MEMEUSDT,SELL,LIMIT,1701184549845,65828,0.0276368
MEMEUSDT,SELL,LIMIT,1701184595034,391,0.0276295
MEMEUSDT,SELL,LIMIT,1701185317183,3543,0.0276666
MEMEUSDT,SELL,LIMIT,1701185485300,2760,0.0276033
MEMEUSDT,SELL,LIMIT,1701185495829,12114,0.0275732
MEMEUSDT,SELL,LIMIT,1701185556209,628,0.0275438
MEMEUSDT,SELL,LIMIT,1701185576505,34210,0.0274850
MEMEUSDT,SELL,LIMIT,1701185785938,24001,0.0274739
MEMEUSDT,SELL,LIMIT,1701185790124,4268,0.0274639
MEMEUSDT,SELL,LIMIT,1701185797954,90421,0.0274457
MEMEUSDT,SELL,LIMIT,1701185805055,75034,0.0274291
MEMEUSDT,SELL,LIMIT,1701185806290,24169,0.0274312
MEMEUSDT,SELL,LIMIT,1701185807750,210,0.0274136
MEMEUSDT,SELL,LIMIT,1701185853068,90314,0.0274174
MEMEUSDT,BUY,LIMIT,1701186125137,89612,0.0284604
MEMEUSDT,BUY,LIMIT,1701186146272,15697,0.0285272
MEMEUSDT,BUY,LIMIT,1701186151492,366,0.0285572
MEMEUSDT,BUY,LIMIT,1701186171191,12312,0.0286002
MEMEUSDT,BUY,LIMIT,1701186195275,2786,0.0286818
MEMEUSDT,BUY,LIMIT,1701186199084,76744,0.0287064
MEMEUSDT,BUY,LIMIT,1701186359397,38705,0.0286447
MEMEUSDT,SELL,LIMIT,1701186441848,774,0.0277181
MEMEUSDT,SELL,LIMIT,1701186474822,80820,0.0276876
MEMEUSDT,SELL,LIMIT,1701186480190,178,0.0276728
MEMEUSDT,SELL,LIMIT,1701186491628,61871,0.0276540
MEMEUSDT,SELL,LIMIT,1701186806045,665,0.0275274
MEMEUSDT,SELL,LIMIT,1701186812091,4149,0.0275121
MEMEUSDT,BUY,LIMIT,1701187100108,161498,0.0284238
MEMEUSDT,SELL,LIMIT,1701187253689,6300,0.0275473
MEMEUSDT,BUY,LIMIT,1701187262052,24011,0.0283973
MEMEUSDT,BUY,LIMIT,1701187267805,94534,0.0284032
MEMEUSDT,SELL,LIMIT,1701187371213,59588,0.0276019
MEMEUSDT,BUY,LIMIT,1701187672176,89493,0.0284949
MEMEUSDT,SELL,LIMIT,1701188516369,9866,0.0277470
MEMEUSDT,SELL,LIMIT,1701189048767,3000,0.0277662
MEMEUSDT,BUY,LIMIT,1701189073113,2954,0.0286329
MEMEUSDT,SELL,LIMIT,1701189626991,51281,0.0276624
MEMEUSDT,SELL,LIMIT,1701189772287,826,0.0276042
MEMEUSDT,BUY,LIMIT,1701190032781,5644,0.0285700
MEMEUSDT,BUY,LIMIT,1701190202276,24368,0.0286530
MEMEUSDT,BUY,LIMIT,1701190211533,120019,0.0286846
MEMEUSDT,BUY,LIMIT,1701190269540,10161,0.0287073
MEMEUSDT,BUY,LIMIT,1701190275979,20345,0.0287579
MEMEUSDT,BUY,LIMIT,1701190283202,15000,0.0288036
MEMEUSDT,BUY,LIMIT,1701190313089,6191,0.0288350
MEMEUSDT,SELL,LIMIT,1701190500396,1766,0.0277310
MEMEUSDT,SELL,LIMIT,1701190645472,35721,0.0276787
MEMEUSDT,SELL,LIMIT,1701190786850,7180,0.0276506
MEMEUSDT,SELL,LIMIT,1701191053470,16895,0.0276222
MEMEUSDT,SELL,LIMIT,1701191118281,87547,0.0275506
MEMEUSDT,SELL,LIMIT,1701191120866,1616,0.0275427
MEMEUSDT,SELL,LIMIT,1701191137534,4767,0.0275133
MEMEUSDT,SELL,LIMIT,1701191139850,196,0.0274836
MEMEUSDT,SELL,LIMIT,1701191141556,39114,0.0274797
MEMEUSDT,SELL,LIMIT,1701191151488,35301,0.0274658
MEMEUSDT,SELL,LIMIT,1701191210688,333,0.0274581
MEMEUSDT,SELL,LIMIT,1701191257168,177872,0.0273857
MEMEUSDT,BUY,LIMIT,1701191452388,67,0.0283931
MEMEUSDT,BUY,LIMIT,1701191465476,888,0.0284112
MEMEUSDT,BUY,LIMIT,1701191946154,2083,0.0284920
MEMEUSDT,BUY,LIMIT,1701191966703,57,0.0285276
MEMEUSDT,BUY,LIMIT,1701191994403,18050,0.0285682
MEMEUSDT,BUY,LIMIT,1701192038120,2654,0.0286811
MEMEUSDT,BUY,LIMIT,1701192058462,267,0.0286917
MEMEUSDT,SELL,LIMIT,1701192182615,65000,0.0277927
MEMEUSDT,SELL,LIMIT,1701192185982,907,0.0277742
MEMEUSDT,SELL,LIMIT,1701192203259,515,0.0277169
MEMEUSDT,SELL,LIMIT,1701192866348,17241,0.0276054
MEMEUSDT,SELL,LIMIT,1701193191115,4036,0.0275988
MEMEUSDT,SELL,LIMIT,1701193538530,4167,0.0275721
MEMEUSDT,SELL,LIMIT,1701194624675,272,0.0276481
MEMEUSDT,SELL,LIMIT,1701194646218,485,0.0275876
MEMEUSDT,SELL,LIMIT,1701196216223,740,0.0276449
MEMEUSDT,SELL,LIMIT,1701196840827,15991,0.0275746
MEMEUSDT,SELL,LIMIT,1701197443955,1104,0.0275107
MEMEUSDT,SELL,LIMIT,1701197445778,519,0.0275071
MEMEUSDT,SELL,LIMIT,1701197448503,1086,0.0274771
MEMEUSDT,SELL,LIMIT,1701197453241,55927,0.0274727
MEMEUSDT,SELL,LIMIT,1701197565174,41049,0.0274605
MEMEUSDT,SELL,LIMIT,1701197571847,5341,0.0274538
MEMEUSDT,SELL,LIMIT,1701197576491,202,0.0274491
MEMEUSDT,SELL,LIMIT,1701197623198,35061,0.0274228
MEMEUSDT,SELL,LIMIT,1701197850682,46357,0.0275659
MEMEUSDT,BUY,LIMIT,1701197862395,77618,0.0283853
MEMEUSDT,BUY,LIMIT,1701200475413,200,0.0285197
MEMEUSDT,BUY,LIMIT,1701201079007,41095,0.0285923
MEMEUSDT,BUY,LIMIT,1701201080325,41579,0.0285991
MEMEUSDT,BUY,LIMIT,1701201087753,289,0.0286152
MEMEUSDT,BUY,LIMIT,1701201109690,209,0.0286601
MEMEUSDT,BUY,LIMIT,1701201634440,63817,0.0285763
MEMEUSDT,SELL,LIMIT,1701201652055,4396,0.0286854
MEMEUSDT,BUY,LIMIT,1701202120494,188,0.0286943
MEMEUSDT,SELL,LIMIT,1701202778283,19888,0.0276802
MEMEUSDT,SELL,LIMIT,1701202779429,80556,0.0276820
MEMEUSDT,SELL,LIMIT,1701202807806,31938,0.0276717
MEMEUSDT,SELL,LIMIT,1701202838945,5670,0.0276300
MEMEUSDT,SELL,LIMIT,1701202890389,365,0.0275985
MEMEUSDT,SELL,LIMIT,1701203046033,3459,0.0275569
MEMEUSDT,SELL,LIMIT,1701203047704,36093,0.0275547
MEMEUSDT,SELL,LIMIT,1701203103192,7231,0.0275275
MEMEUSDT,SELL,LIMIT,1701203105428,1149,0.0275227
MEMEUSDT,SELL,LIMIT,1701203118205,95914,0.0275068
MEMEUSDT,SELL,LIMIT,1701203124136,2633,0.0275103
MEMEUSDT,SELL,LIMIT,1701203194265,15628,0.0274500
MEMEUSDT,BUY,LIMIT,1701203814170,117696,0.0284169
MEMEUSDT,BUY,LIMIT,1701204438464,21,0.0286106
MEMEUSDT,SELL,LIMIT,1701207123223,195,0.0274443
MEMEUSDT,SELL,LIMIT,1701207127455,6607,0.0274328
MEMEUSDT,SELL,LIMIT,1701207137144,10000,0.0273991
MEMEUSDT,SELL,LIMIT,1701207148771,69167,0.0273638
MEMEUSDT,BUY,LIMIT,1701207308258,175000,0.0282398
MEMEUSDT,SELL,LIMIT,1701207852825,178826,0.0273579
MEMEUSDT,SELL,LIMIT,1701209059190,36771,0.0274136
MEMEUSDT,SELL,LIMIT,1701210385177,178533,0.0273498
MEMEUSDT,SELL,LIMIT,1701210404429,35551,0.0273379
MEMEUSDT,SELL,LIMIT,1701210406336,460,0.0273260
MEMEUSDT,SELL,LIMIT,1701210573343,28575,0.0273046
MEMEUSDT,SELL,LIMIT,1701211815319,44684,0.0272720
MEMEUSDT,SELL,LIMIT,1701211904429,2884,0.0272196
MEMEUSDT,SELL,LIMIT,1701211906448,97989,0.0272080
MEMEUSDT,SELL,LIMIT,1701211907604,580,0.0271902
MEMEUSDT,SELL,LIMIT,1701211908806,430,0.0271816
MEMEUSDT,SELL,LIMIT,1701211933020,179604,0.0271559
MEMEUSDT,BUY,LIMIT,1701212210424,11089,0.0281179
MEMEUSDT,SELL,LIMIT,1701214644129,106096,0.0272695
MEMEUSDT,SELL,LIMIT,1701214662507,57136,0.0272624
MEMEUSDT,BUY,LIMIT,1701215712797,9252,0.0285345
MEMEUSDT,BUY,LIMIT,1701216148427,596,0.0287630
MEMEUSDT,BUY,LIMIT,1701216156457,444,0.0287842
MEMEUSDT,BUY,LIMIT,1701216175761,10983,0.0288137
MEMEUSDT,BUY,LIMIT,1701216177599,294672,0.0289497
MEMEUSDT,BUY,LIMIT,1701216211445,3567,0.0288417
MEMEUSDT,BUY,LIMIT,1701216247060,812,0.0289020
MEMEUSDT,SELL,LIMIT,1701216349488,6092,0.0278869
MEMEUSDT,BUY,LIMIT,1701216693323,199,0.0288282
MEMEUSDT,SELL,LIMIT,1701216954656,19453,0.0277857
MEMEUSDT,SELL,LIMIT,1701216972121,7347,0.0277419
MEMEUSDT,SELL,LIMIT,1701216974597,6165,0.0277322
MEMEUSDT,SELL,LIMIT,1701216996050,187,0.0277006
MEMEUSDT,SELL,LIMIT,1701217130396,8000,0.0276953
MEMEUSDT,BUY,LIMIT,1701219243573,37801,0.0285266
MEMEUSDT,SELL,LIMIT,1701220056604,177295,0.0276204
MEMEUSDT,SELL,LIMIT,1701220059581,5000,0.0276169
MEMEUSDT,BUY,LIMIT,1701221248333,58412,0.0286741
MEMEUSDT,BUY,LIMIT,1701221921079,178,0.0288093
MEMEUSDT,BUY,LIMIT,1701221948268,14499,0.0288432
MEMEUSDT,BUY,LIMIT,1701221956020,6612,0.0288847
MEMEUSDT,BUY,LIMIT,1701221965343,7479,0.0288921
MEMEUSDT,SELL,LIMIT,1701223358204,105340,0.0279099
MEMEUSDT,SELL,LIMIT,1701225170319,15278,0.0277546
MEMEUSDT,SELL,LIMIT,1701225172236,177,0.0277471
MEMEUSDT,SELL,LIMIT,1701225710059,11551,0.0276864
MEMEUSDT,SELL,LIMIT,1701225968449,291,0.0276134
MEMEUSDT,SELL,LIMIT,1701225970106,3892,0.0276101
MEMEUSDT,SELL,LIMIT,1701225975959,156468,0.0275506
MEMEUSDT,SELL,LIMIT,1701227107166,25631,0.0275340
MEMEUSDT,SELL,LIMIT,1701227108391,53018,0.0275185
MEMEUSDT,SELL,LIMIT,1701227243409,11064,0.0274679
MEMEUSDT,SELL,LIMIT,1701227258989,25015,0.0274290
MEMEUSDT,SELL,LIMIT,1701229225048,46686,0.0273567
MEMEUSDT,BUY,LIMIT,1701230248603,752,0.0283861
MEMEUSDT,SELL,LIMIT,1701235837832,8977,0.0273967
MEMEUSDT,SELL,LIMIT,1701235851468,11435,0.0273912
MEMEUSDT,SELL,LIMIT,1701235940707,2866,0.0273439
MEMEUSDT,SELL,LIMIT,1701235958287,1934,0.0273284
MEMEUSDT,SELL,LIMIT,1701235961349,10644,0.0273167
MEMEUSDT,SELL,LIMIT,1701236093603,9312,0.0272789
MEMEUSDT,SELL,LIMIT,1701236095317,1530,0.0272597
MEMEUSDT,SELL,LIMIT,1701236112970,18335,0.0272308
MEMEUSDT,SELL,LIMIT,1701239978423,7945,0.0275006
MEMEUSDT,BUY,LIMIT,1701240301663,5894,0.0284168
MEMEUSDT,BUY,LIMIT,1701240671506,5994,0.0284644
MEMEUSDT,BUY,LIMIT,1701240680306,35226,0.0285076
MEMEUSDT,BUY,LIMIT,1701240685077,17173,0.0285245
MEMEUSDT,BUY,LIMIT,1701240873111,894,0.0285786
MEMEUSDT,BUY,LIMIT,1701240918098,567,0.0285761
MEMEUSDT,SELL,LIMIT,1701241479217,28427,0.0275926
MEMEUSDT,SELL,LIMIT,1701241649599,959,0.0275366
MEMEUSDT,SELL,LIMIT,1701243312008,1337,0.0274077
MEMEUSDT,SELL,LIMIT,1701243392332,595,0.0273535
MEMEUSDT,SELL,LIMIT,1701243441312,715,0.0273415
MEMEUSDT,SELL,LIMIT,1701243450064,5748,0.0273142
MEMEUSDT,SELL,LIMIT,1701243610725,6590,0.0275914
MEMEUSDT,SELL,LIMIT,1701243637050,515,0.0272931
MEMEUSDT,SELL,LIMIT,1701243726374,25488,0.0272468
MEMEUSDT,SELL,LIMIT,1701243890952,1762,0.0272630
MEMEUSDT,BUY,LIMIT,1701243937602,3882,0.0273643
MEMEUSDT,SELL,LIMIT,1701244572094,23687,0.0271729
MEMEUSDT,SELL,LIMIT,1701244632478,226,0.0271539
MEMEUSDT,BUY,LIMIT,1701245084236,5395,0.0281428
MEMEUSDT,SELL,LIMIT,1701245760496,1106,0.0272194
MEMEUSDT,SELL,LIMIT,1701245782106,33283,0.0271965
MEMEUSDT,BUY,LIMIT,1701246450067,18896,0.0281241
MEMEUSDT,SELL,LIMIT,1701247323071,4538,0.0273636
MEMEUSDT,BUY,LIMIT,1701247360434,39816,0.0282322
MEMEUSDT,SELL,LIMIT,1701247383992,1000,0.0274371
MEMEUSDT,BUY,LIMIT,1701247455336,58762,0.0282586
MEMEUSDT,BUY,LIMIT,1701247564231,2150,0.0283136
MEMEUSDT,SELL,LIMIT,1701247578354,45272,0.0275091
MEMEUSDT,BUY,LIMIT,1701247930156,14292,0.0284244
MEMEUSDT,BUY,LIMIT,1701247953767,427,0.0284410
MEMEUSDT,BUY,LIMIT,1701247983326,98080,0.0284280
MEMEUSDT,BUY,LIMIT,1701248632702,100330,0.0285013
MEMEUSDT,BUY,LIMIT,1701248659549,5566,0.0284944
MEMEUSDT,BUY,LIMIT,1701248675465,7037,0.0285391
MEMEUSDT,BUY,LIMIT,1701248679231,479,0.0285544
MEMEUSDT,BUY,LIMIT,1701248713502,133575,0.0286175
MEMEUSDT,BUY,LIMIT,1701248732869,26142,0.0286875
MEMEUSDT,BUY,LIMIT,1701248741496,855,0.0287101
MEMEUSDT,BUY,LIMIT,1701248743391,15579,0.0287710
MEMEUSDT,BUY,LIMIT,1701248751890,2696,0.0287988
MEMEUSDT,BUY,LIMIT,1701248755167,28906,0.0288429
MEMEUSDT,BUY,LIMIT,1701248794314,637,0.0289068
MEMEUSDT,BUY,LIMIT,1701248802670,74821,0.0289451
MEMEUSDT,BUY,LIMIT,1701248805914,2920,0.0289385
MEMEUSDT,BUY,LIMIT,1701248822365,114925,0.0289660
MEMEUSDT,BUY,LIMIT,1701248824426,22067,0.0290249
MEMEUSDT,BUY,LIMIT,1701248825441,1471,0.0290050
MEMEUSDT,BUY,LIMIT,1701248835192,38642,0.0290314
MEMEUSDT,SELL,LIMIT,1701248900126,35140,0.0280417
MEMEUSDT,BUY,LIMIT,1701249576509,13372,0.0289031
MEMEUSDT,BUY,LIMIT,1701249581529,51683,0.0289461
MEMEUSDT,BUY,LIMIT,1701249586673,400,0.0289875
MEMEUSDT,BUY,LIMIT,1701249591070,181,0.0290576
MEMEUSDT,BUY,LIMIT,1701249592152,360,0.0291024
MEMEUSDT,BUY,LIMIT,1701249593248,5281,0.0291588
MEMEUSDT,BUY,LIMIT,1701249598284,995,0.0292099
MEMEUSDT,BUY,LIMIT,1701249599734,2117,0.0292644
MEMEUSDT,SELL,LIMIT,1701249839982,80457,0.0280790
MEMEUSDT,SELL,LIMIT,1701249961531,4670,0.0280009
MEMEUSDT,SELL,LIMIT,1701250004203,70345,0.0278775
MEMEUSDT,SELL,LIMIT,1701250013624,54871,0.0278221
MEMEUSDT,SELL,LIMIT,1701250019269,3472,0.0278091
MEMEUSDT,SELL,LIMIT,1701250029369,45267,0.0277413
MEMEUSDT,SELL,LIMIT,1701250056120,395,0.0276945
MEMEUSDT,SELL,LIMIT,1701250239547,5865,0.0275512
MEMEUSDT,SELL,LIMIT,1701250263490,108897,0.0275396
MEMEUSDT,SELL,LIMIT,1701250708080,37489,0.0278099
MEMEUSDT,SELL,LIMIT,1701250870428,423,0.0277633
MEMEUSDT,SELL,LIMIT,1701251615875,1414,0.0276779
MEMEUSDT,SELL,LIMIT,1701251668676,39466,0.0276361
MEMEUSDT,SELL,LIMIT,1701252134457,183,0.0275529
MEMEUSDT,SELL,LIMIT,1701252154008,2092,0.0275317
MEMEUSDT,SELL,LIMIT,1701252156279,24280,0.0275066
MEMEUSDT,SELL,LIMIT,1701252164079,10397,0.0274832
MEMEUSDT,SELL,LIMIT,1701252194447,20683,0.0274573
MEMEUSDT,SELL,LIMIT,1701252271499,226077,0.0273917
MEMEUSDT,SELL,LIMIT,1701253162694,32048,0.0274401
MEMEUSDT,SELL,LIMIT,1701253164690,245,0.0274345
MEMEUSDT,SELL,LIMIT,1701253182581,3600,0.0273911
MEMEUSDT,SELL,LIMIT,1701253185323,5782,0.0273808
MEMEUSDT,SELL,LIMIT,1701253329841,22375,0.0273392
MEMEUSDT,SELL,LIMIT,1701253411639,901,0.0273132
MEMEUSDT,SELL,LIMIT,1701253612594,35000,0.0272643
MEMEUSDT,SELL,LIMIT,1701253617692,4622,0.0272593
MEMEUSDT,BUY,LIMIT,1701253877276,436,0.0282163
MEMEUSDT,SELL,LIMIT,1701253976643,109326,0.0272463
MEMEUSDT,SELL,LIMIT,1701254016080,17737,0.0272229
MEMEUSDT,SELL,LIMIT,1701254047554,1733,0.0272017
MEMEUSDT,SELL,LIMIT,1701254051364,2288,0.0271996
MEMEUSDT,SELL,LIMIT,1701254053428,17208,0.0271869
MEMEUSDT,SELL,LIMIT,1701254054552,13229,0.0271837
MEMEUSDT,SELL,LIMIT,1701254060382,66929,0.0271608
MEMEUSDT,SELL,LIMIT,1701254405671,26406,0.0271487
MEMEUSDT,SELL,LIMIT,1701254411805,20803,0.0271527
MEMEUSDT,SELL,LIMIT,1701254416499,3664,0.0271272
MEMEUSDT,SELL,LIMIT,1701254417527,17793,0.0270471
MEMEUSDT,SELL,LIMIT,1701254419052,107745,0.0269556
MEMEUSDT,SELL,LIMIT,1701254419995,47002,0.0269564
MEMEUSDT,SELL,LIMIT,1701254421591,4626,0.0269866
MEMEUSDT,SELL,LIMIT,1701254430338,9797,0.0269933
MEMEUSDT,SELL,LIMIT,1701254507380,61588,0.0269288
MEMEUSDT,SELL,LIMIT,1701254525643,9148,0.0269153
MEMEUSDT,SELL,LIMIT,1701254528798,22532,0.0268978
MEMEUSDT,SELL,LIMIT,1701254641661,78519,0.0268853
MEMEUSDT,SELL,LIMIT,1701254642877,215,0.0268340
MEMEUSDT,SELL,LIMIT,1701254651447,425478,0.0266502
MEMEUSDT,SELL,LIMIT,1701254652509,104438,0.0268129
MEMEUSDT,SELL,LIMIT,1701254657734,5737,0.0267967
MEMEUSDT,SELL,LIMIT,1701254659350,1418,0.0267853
MEMEUSDT,SELL,LIMIT,1701254660501,1230,0.0267773
