Symbol,Side,Order Type,Time,Quantity,Price
MEMEUSDT,SELL,LIMIT,1701914953187,37102,0.0382616
MEMEUSDT,SELL,LIMIT,1701914957258,837,0.0382082
MEMEUSDT,SELL,LIMIT,1701914983880,142,0.0381194
MEMEUSDT,BUY,LIMIT,1701915305442,5903,0.0396144
MEMEUSDT,SELL,LIMIT,1701915812536,4592,0.0382496
MEMEUSDT,BUY,LIMIT,1701915979943,142,0.0395729
MEMEUSDT,SELL,LIMIT,1701916613227,3822,0.0380496
MEMEUSDT,BUY,LIMIT,1701916746391,24442,0.0394214
MEMEUSDT,SELL,LIMIT,1701917051657,9947,0.0380939
MEMEUSDT,SELL,LIMIT,1701917053496,69095,0.0379965
MEMEUSDT,SELL,LIMIT,1701917220176,592,0.0379672
MEMEUSDT,SELL,LIMIT,1701917573751,2993,0.0379482
MEMEUSDT,SELL,LIMIT,1701917591168,2868,0.0379303
MEMEUSDT,SELL,LIMIT,1701917605655,32387,0.0377803
MEMEUSDT,SELL,LIMIT,1701917610709,203,0.0377071
MEMEUSDT,SELL,LIMIT,1701917613332,130,0.0376847
MEMEUSDT,SELL,LIMIT,1701917614724,7701,0.0376567
MEMEUSDT,BUY,LIMIT,1701918015742,19027,0.0391323
MEMEUSDT,BUY,LIMIT,1701918192979,14644,0.0392847
MEMEUSDT,BUY,LIMIT,1701918219148,10190,0.0392950
MEMEUSDT,SELL,LIMIT,1701918485041,1403,0.0379023
MEMEUSDT,SELL,LIMIT,1701918487891,26063,0.0378774
MEMEUSDT,SELL,LIMIT,1701918503303,47110,0.0378106
MEMEUSDT,SELL,LIMIT,1701918516310,19104,0.0376487
MEMEUSDT,SELL,LIMIT,1701918520506,17755,0.0376198
MEMEUSDT,SELL,LIMIT,1701918521692,1478,0.0376172
MEMEUSDT,SELL,LIMIT,1701918527416,4313,0.0375700
MEMEUSDT,SELL,LIMIT,1701918544760,5092,0.0375359
MEMEUSDT,SELL,LIMIT,1701918552110,3765,0.0375297
MEMEUSDT,SELL,LIMIT,1701918554307,11560,0.0374841
MEMEUSDT,SELL,LIMIT,1701918563552,9034,0.0374619
MEMEUSDT,SELL,LIMIT,1701918565806,15413,0.0374506
MEMEUSDT,SELL,LIMIT,1701918577168,39670,0.0374335
MEMEUSDT,SELL,LIMIT,1701918578277,4813,0.0374293
MEMEUSDT,SELL,LIMIT,1701918579430,7865,0.0373545
MEMEUSDT,SELL,LIMIT,1701918580560,208,0.0373214
MEMEUSDT,SELL,LIMIT,1701918647084,2205,0.0372256
MEMEUSDT,SELL,LIMIT,1701918648133,1337,0.0372573
MEMEUSDT,BUY,LIMIT,1701918733999,19413,0.0386531
MEMEUSDT,BUY,LIMIT,1701918884154,12178,0.0388533
MEMEUSDT,BUY,LIMIT,1701918955353,94941,0.0390397
MEMEUSDT,BUY,LIMIT,1701918964574,15097,0.0390749
MEMEUSDT,BUY,LIMIT,1701919091609,2296,0.0390965
MEMEUSDT,BUY,LIMIT,1701919094438,10120,0.0389203
MEMEUSDT,BUY,LIMIT,1701919104460,5087,0.0392656
MEMEUSDT,BUY,LIMIT,1701919106410,9993,0.0392818
MEMEUSDT,BUY,LIMIT,1701919126435,75050,0.0396304
MEMEUSDT,BUY,LIMIT,1701919132303,17683,0.0397203
MEMEUSDT,BUY,LIMIT,1701919133584,351,0.0397588
MEMEUSDT,BUY,LIMIT,1701919143341,129198,0.0398143
MEMEUSDT,SELL,LIMIT,1701919209139,22653,0.0382180
MEMEUSDT,SELL,LIMIT,1701919590543,25308,0.0382393
MEMEUSDT,SELL,LIMIT,1701919602196,27916,0.0381926
MEMEUSDT,SELL,LIMIT,1701919950798,1295,0.0380370
MEMEUSDT,BUY,LIMIT,1701920948985,1034,0.0396287
MEMEUSDT,BUY,LIMIT,1701920967439,181,0.0396732
MEMEUSDT,BUY,LIMIT,1701921633390,5023,0.0396940
MEMEUSDT,BUY,LIMIT,1701921784622,77404,0.0398934
MEMEUSDT,SELL,LIMIT,1701921850651,600,0.0385768
MEMEUSDT,SELL,LIMIT,1701922688268,2543,0.0385318
MEMEUSDT,SELL,LIMIT,1701922786603,60000,0.0384872
MEMEUSDT,BUY,LIMIT,1701923866750,30349,0.0399134
MEMEUSDT,BUY,LIMIT,1701923980227,15483,0.0399841
MEMEUSDT,BUY,LIMIT,1701923997725,10407,0.0400358
MEMEUSDT,BUY,LIMIT,1701924004652,282,0.0400727
MEMEUSDT,BUY,LIMIT,1701924012059,8739,0.0400894
MEMEUSDT,BUY,LIMIT,1701924015227,2080,0.0401139
MEMEUSDT,BUY,LIMIT,1701924026091,16476,0.0401750
MEMEUSDT,BUY,LIMIT,1701924081484,3215,0.0402341
MEMEUSDT,BUY,LIMIT,1701924087515,58193,0.0402533
MEMEUSDT,BUY,LIMIT,1701924089100,877,0.0402667
MEMEUSDT,BUY,LIMIT,1701924094614,66,0.0403394
MEMEUSDT,BUY,LIMIT,1701924108785,7416,0.0403787
MEMEUSDT,BUY,LIMIT,1701924109862,160,0.0403824
MEMEUSDT,BUY,LIMIT,1701924279220,131,0.0402995
MEMEUSDT,BUY,LIMIT,1701924304786,3422,0.0403571
MEMEUSDT,BUY,LIMIT,1701924306626,303,0.0403231
MEMEUSDT,BUY,LIMIT,1701924596523,24234,0.0404566
MEMEUSDT,BUY,LIMIT,1701924601773,4972,0.0404817
MEMEUSDT,BUY,LIMIT,1701924627206,125636,0.0405052
MEMEUSDT,BUY,LIMIT,1701924640480,467,0.0405436
MEMEUSDT,BUY,LIMIT,1701924644139,467,0.0405434
MEMEUSDT,BUY,LIMIT,1701924685297,3220,0.0406149
MEMEUSDT,BUY,LIMIT,1701924707168,8430,0.0406481
MEMEUSDT,BUY,LIMIT,1701924797355,341,0.0407200
MEMEUSDT,BUY,LIMIT,1701925110814,13450,0.0408069
MEMEUSDT,BUY,LIMIT,1701925125330,154,0.0408348
MEMEUSDT,BUY,LIMIT,1701925173640,3790,0.0409179
MEMEUSDT,BUY,LIMIT,1701925175978,25183,0.0409505
MEMEUSDT,BUY,LIMIT,1701925179323,5906,0.0409748
MEMEUSDT,SELL,LIMIT,1701925302743,1646,0.0394708
MEMEUSDT,BUY,LIMIT,1701925425514,121262,0.0408119
MEMEUSDT,BUY,LIMIT,1701925427095,21660,0.0408193
MEMEUSDT,BUY,LIMIT,1701926057827,366,0.0410270
MEMEUSDT,BUY,LIMIT,1701926079314,96209,0.0411131
MEMEUSDT,BUY,LIMIT,1701926083792,11751,0.0411280
MEMEUSDT,BUY,LIMIT,1701926099136,5006,0.0411687
MEMEUSDT,BUY,LIMIT,1701926100264,16412,0.0411521
MEMEUSDT,SELL,LIMIT,1701926225458,40425,0.0396513
MEMEUSDT,SELL,LIMIT,1701926227375,3745,0.0396441
MEMEUSDT,BUY,LIMIT,1701926343600,1084,0.0410375
MEMEUSDT,BUY,LIMIT,1701926714491,10183,0.0412048
MEMEUSDT,SELL,LIMIT,1701927081312,616,0.0397459
MEMEUSDT,SELL,LIMIT,1701927117098,10527,0.0396499
MEMEUSDT,BUY,LIMIT,1701927432264,4994,0.0412377
MEMEUSDT,BUY,LIMIT,1701927438747,2528,0.0412710
MEMEUSDT,BUY,LIMIT,1701927598262,11351,0.0413201
MEMEUSDT,BUY,LIMIT,1701927600372,77668,0.0413560
MEMEUSDT,BUY,LIMIT,1701927777503,19544,0.0414793
MEMEUSDT,BUY,LIMIT,1701927778793,24837,0.0415250
MEMEUSDT,BUY,LIMIT,1701927781548,956,0.0415621
MEMEUSDT,BUY,LIMIT,1701927787695,2478,0.0415850
MEMEUSDT,BUY,LIMIT,1701927801645,28671,0.0416522
MEMEUSDT,BUY,LIMIT,1701927803740,2761,0.0417368
MEMEUSDT,BUY,LIMIT,1701927804829,6006,0.0417962
MEMEUSDT,BUY,LIMIT,1701927814165,8657,0.0418600
MEMEUSDT,BUY,LIMIT,1701927822465,4287,0.0419051
MEMEUSDT,BUY,LIMIT,1701927825270,169,0.0419866
MEMEUSDT,BUY,LIMIT,1701927826329,12394,0.0420320
MEMEUSDT,BUY,LIMIT,1701927827841,17102,0.0420433
MEMEUSDT,BUY,LIMIT,1701927829234,3892,0.0420840
MEMEUSDT,BUY,LIMIT,1701927830272,24168,0.0421038
MEMEUSDT,BUY,LIMIT,1701927831306,442,0.0422497
MEMEUSDT,BUY,LIMIT,1701927842942,5141,0.0422698
MEMEUSDT,BUY,LIMIT,1701927845325,46626,0.0423136
MEMEUSDT,BUY,LIMIT,1701927846543,143604,0.0423629
MEMEUSDT,BUY,LIMIT,1701927854220,37060,0.0424900
MEMEUSDT,BUY,LIMIT,1701927862700,15465,0.0425851
MEMEUSDT,BUY,LIMIT,1701927864122,30487,0.0426612
MEMEUSDT,BUY,LIMIT,1701927865224,20260,0.0427219
MEMEUSDT,SELL,LIMIT,1701927888352,8903,0.0412970
MEMEUSDT,SELL,LIMIT,1701927893465,20714,0.0412439
MEMEUSDT,SELL,LIMIT,1701927918263,628,0.0409971
MEMEUSDT,SELL,LIMIT,1701927983413,177,0.0409026
MEMEUSDT,SELL,LIMIT,1701927988557,59998,0.0408036
MEMEUSDT,BUY,LIMIT,1701928016114,379,0.0422705
MEMEUSDT,BUY,LIMIT,1701928021110,51708,0.0423737
MEMEUSDT,SELL,LIMIT,1701928100267,27278,0.0408450
MEMEUSDT,BUY,LIMIT,1701928192029,2902,0.0422644
MEMEUSDT,BUY,LIMIT,1701928195913,1445,0.0422797
MEMEUSDT,BUY,LIMIT,1701928210173,308,0.0424875
MEMEUSDT,BUY,LIMIT,1701928230151,9373,0.0426972
MEMEUSDT,BUY,LIMIT,1701928234136,14,0.0428496
MEMEUSDT,BUY,LIMIT,1701928236341,364,0.0429339
MEMEUSDT,BUY,LIMIT,1701928237919,10575,0.0429988
MEMEUSDT,BUY,LIMIT,1701928239089,57558,0.0430611
MEMEUSDT,BUY,LIMIT,1701928242128,497,0.0430796
MEMEUSDT,BUY,LIMIT,1701928245233,128,0.0431009
MEMEUSDT,BUY,LIMIT,1701928246247,1550,0.0431216
MEMEUSDT,BUY,LIMIT,1701928251452,72770,0.0431779
MEMEUSDT,BUY,LIMIT,1701928253255,8647,0.0432691
MEMEUSDT,BUY,LIMIT,1701928255024,101526,0.0433254
MEMEUSDT,SELL,LIMIT,1701928265941,22542,0.0418564
MEMEUSDT,SELL,LIMIT,1701928306679,10500,0.0417703
MEMEUSDT,SELL,LIMIT,1701928310201,269,0.0417114
MEMEUSDT,SELL,LIMIT,1701928314794,5642,0.0416197
MEMEUSDT,BUY,LIMIT,1701928346839,2895,0.0431660
MEMEUSDT,BUY,LIMIT,1701928393435,12355,0.0431263
MEMEUSDT,BUY,LIMIT,1701928406318,2680,0.0433498
MEMEUSDT,BUY,LIMIT,1701928420871,9468,0.0433833
MEMEUSDT,SELL,LIMIT,1701928509324,11503,0.0417877
MEMEUSDT,SELL,LIMIT,1701928568826,98452,0.0418135
MEMEUSDT,SELL,LIMIT,1701928582282,4827,0.0417670
MEMEUSDT,SELL,LIMIT,1701928588695,666,0.0416579
MEMEUSDT,SELL,LIMIT,1701928640463,2874,0.0415869
MEMEUSDT,SELL,LIMIT,1701928648232,300,0.0414808
MEMEUSDT,BUY,LIMIT,1701928711533,1183,0.0429863
MEMEUSDT,BUY,LIMIT,1701928731443,19243,0.0432986
MEMEUSDT,BUY,LIMIT,1701928741360,16013,0.0433589
MEMEUSDT,SELL,LIMIT,1701928786891,1406,0.0417764
MEMEUSDT,SELL,LIMIT,1701928824096,765,0.0415240
MEMEUSDT,SELL,LIMIT,1701928825963,22932,0.0415162
MEMEUSDT,SELL,LIMIT,1701928875659,2365,0.0414449
MEMEUSDT,SELL,LIMIT,1701928878834,1007,0.0414409
MEMEUSDT,SELL,LIMIT,1701929021831,191,0.0413636
MEMEUSDT,SELL,LIMIT,1701929119225,70462,0.0412105
MEMEUSDT,SELL,LIMIT,1701929120517,2694,0.0411851
MEMEUSDT,SELL,LIMIT,1701929266639,119505,0.0410107
MEMEUSDT,SELL,LIMIT,1701929346619,7665,0.0409547
MEMEUSDT,SELL,LIMIT,1701929355452,5834,0.0408487
MEMEUSDT,SELL,LIMIT,1701929357028,119888,0.0407987
MEMEUSDT,SELL,LIMIT,1701929386921,7225,0.0407686
MEMEUSDT,SELL,LIMIT,1701929465646,9682,0.0407126
MEMEUSDT,SELL,LIMIT,1701929861692,75525,0.0406504
MEMEUSDT,SELL,LIMIT,1701929888177,530,0.0406186
MEMEUSDT,SELL,LIMIT,1701930028034,5098,0.0406015
MEMEUSDT,SELL,LIMIT,1701930030528,10888,0.0405634
MEMEUSDT,SELL,LIMIT,1701930031536,6587,0.0404987
MEMEUSDT,SELL,LIMIT,1701930032657,6454,0.0404609
MEMEUSDT,SELL,LIMIT,1701930043240,6147,0.0404286
MEMEUSDT,SELL,LIMIT,1701930047119,23930,0.0404203
MEMEUSDT,SELL,LIMIT,1701930049145,4950,0.0404113
MEMEUSDT,SELL,LIMIT,1701930052654,364,0.0403929
MEMEUSDT,SELL,LIMIT,1701930056423,28850,0.0403694
MEMEUSDT,SELL,LIMIT,1701930060469,1252,0.0403683
MEMEUSDT,SELL,LIMIT,1701930062684,76477,0.0403471
MEMEUSDT,SELL,LIMIT,1701930665008,876,0.0403098
MEMEUSDT,SELL,LIMIT,1701930666945,65563,0.0402948
MEMEUSDT,SELL,LIMIT,1701930668002,39995,0.0402824
MEMEUSDT,SELL,LIMIT,1701930675282,861,0.0402564
MEMEUSDT,SELL,LIMIT,1701930676362,13730,0.0402485
MEMEUSDT,SELL,LIMIT,1701930677393,1329,0.0402421
MEMEUSDT,SELL,LIMIT,1701930697238,22096,0.0401940
MEMEUSDT,SELL,LIMIT,1701930783757,2375,0.0399874
MEMEUSDT,SELL,LIMIT,1701931047390,4269,0.0399612
MEMEUSDT,SELL,LIMIT,1701931050300,1892,0.0399118
MEMEUSDT,SELL,LIMIT,1701931059632,3323,0.0399003
MEMEUSDT,SELL,LIMIT,1701931070632,24296,0.0398666
MEMEUSDT,SELL,LIMIT,1701931074020,1542,0.0398619
MEMEUSDT,SELL,LIMIT,1701931076033,13336,0.0398524
MEMEUSDT,SELL,LIMIT,1701931077216,327,0.0398270
MEMEUSDT,SELL,LIMIT,1701931155214,15109,0.0397303
MEMEUSDT,SELL,LIMIT,1701931156536,5866,0.0397656
MEMEUSDT,SELL,LIMIT,1701931158832,8939,0.0397207
MEMEUSDT,SELL,LIMIT,1701931183937,897,0.0397042
MEMEUSDT,SELL,LIMIT,1701931186393,100694,0.0396797
MEMEUSDT,SELL,LIMIT,1701931187493,119764,0.0396757
MEMEUSDT,SELL,LIMIT,1701931189089,2930,0.0396548
MEMEUSDT,SELL,LIMIT,1701931195407,3588,0.0396235
MEMEUSDT,SELL,LIMIT,1701931408131,6852,0.0395624
MEMEUSDT,SELL,LIMIT,1701931409576,205714,0.0393943
MEMEUSDT,SELL,LIMIT,1701931410899,7778,0.0395285
MEMEUSDT,SELL,LIMIT,1701931428036,46767,0.0393495
MEMEUSDT,SELL,LIMIT,1701931429075,723,0.0394192
MEMEUSDT,SELL,LIMIT,1701931430089,110717,0.0393061
MEMEUSDT,SELL,LIMIT,1701931432335,18760,0.0392081
MEMEUSDT,SELL,LIMIT,1701931506447,1184,0.0393124
MEMEUSDT,SELL,LIMIT,1701931543415,537,0.0391626
MEMEUSDT,SELL,LIMIT,1701931548192,19816,0.0391484
MEMEUSDT,SELL,LIMIT,1701931551382,124223,0.0391082
MEMEUSDT,SELL,LIMIT,1701931552630,71194,0.0390542
MEMEUSDT,SELL,LIMIT,1701931554286,4835,0.0390208
MEMEUSDT,SELL,LIMIT,1701931556276,7675,0.0390017
MEMEUSDT,SELL,LIMIT,1701931570269,80548,0.0394317
MEMEUSDT,SELL,LIMIT,1701931575583,61798,0.0393757
MEMEUSDT,SELL,LIMIT,1701931656270,14742,0.0389756
MEMEUSDT,SELL,LIMIT,1701931666318,3000,0.0389679
MEMEUSDT,SELL,LIMIT,1701931667676,48443,0.0389603
MEMEUSDT,SELL,LIMIT,1701931688887,3882,0.0389454
MEMEUSDT,SELL,LIMIT,1701931714005,14285,0.0389354
MEMEUSDT,SELL,LIMIT,1701931738422,15645,0.0389156
MEMEUSDT,SELL,LIMIT,1701931740068,9437,0.0388081
MEMEUSDT,SELL,LIMIT,1701931807239,47041,0.0387803
MEMEUSDT,SELL,LIMIT,1701931808596,30000,0.0387652
MEMEUSDT,SELL,LIMIT,1701931814535,12480,0.0387275
MEMEUSDT,SELL,LIMIT,1701931822406,776,0.0388370
MEMEUSDT,SELL,LIMIT,1701931834707,369,0.0388436
MEMEUSDT,BUY,LIMIT,1701932042474,62381,0.0404115
MEMEUSDT,BUY,LIMIT,1701932133194,302,0.0405913
MEMEUSDT,BUY,LIMIT,1701932221253,151,0.0407836
MEMEUSDT,BUY,LIMIT,1701932552802,754,0.0408813
MEMEUSDT,BUY,LIMIT,1701932565313,1000,0.0409023
MEMEUSDT,BUY,LIMIT,1701932633353,7020,0.0410051
MEMEUSDT,SELL,LIMIT,1701932719263,20201,0.0395944
MEMEUSDT,SELL,LIMIT,1701932730710,21147,0.0395689
MEMEUSDT,SELL,LIMIT,1701932731724,1000,0.0395608
MEMEUSDT,SELL,LIMIT,1701932736204,21787,0.0395389
MEMEUSDT,SELL,LIMIT,1701933362465,25764,0.0393696
MEMEUSDT,SELL,LIMIT,1701933364895,14299,0.0393541
MEMEUSDT,SELL,LIMIT,1701933444814,3798,0.0391134
MEMEUSDT,SELL,LIMIT,1701933484680,105853,0.0390683
MEMEUSDT,BUY,LIMIT,1701933670851,10284,0.0405220
MEMEUSDT,BUY,LIMIT,1701933704038,36568,0.0406782
MEMEUSDT,BUY,LIMIT,1701933712641,2910,0.0407694
MEMEUSDT,BUY,LIMIT,1701933773709,57181,0.0410623
MEMEUSDT,SELL,LIMIT,1701934128497,1846,0.0397218
MEMEUSDT,BUY,LIMIT,1701934230705,622,0.0408750
MEMEUSDT,SELL,LIMIT,1701934261410,367,0.0396155
MEMEUSDT,SELL,LIMIT,1701935210271,3028,0.0392567
MEMEUSDT,SELL,LIMIT,1701935211401,65318,0.0392634
MEMEUSDT,SELL,LIMIT,1701936119030,3269,0.0392402
MEMEUSDT,SELL,LIMIT,1701936123267,287,0.0392034
MEMEUSDT,SELL,LIMIT,1701936194412,9016,0.0393745
MEMEUSDT,BUY,LIMIT,1701936325598,3737,0.0407444
MEMEUSDT,BUY,LIMIT,1701936358816,22344,0.0408928
MEMEUSDT,SELL,LIMIT,1701936553066,281,0.0394708
MEMEUSDT,SELL,LIMIT,1701936554233,2671,0.0394215
MEMEUSDT,SELL,LIMIT,1701936568487,2357,0.0394873
MEMEUSDT,SELL,LIMIT,1701936749195,6419,0.0392295
MEMEUSDT,SELL,LIMIT,1701936761393,88148,0.0391576
MEMEUSDT,SELL,LIMIT,1701936782168,120947,0.0390885
MEMEUSDT,SELL,LIMIT,1701936797225,1719,0.0390582
MEMEUSDT,SELL,LIMIT,1701936798453,11030,0.0390459
MEMEUSDT,SELL,LIMIT,1701936849249,47292,0.0389663
MEMEUSDT,SELL,LIMIT,1701936862030,1123,0.0389141
MEMEUSDT,SELL,LIMIT,1701936864478,247291,0.0387167
MEMEUSDT,SELL,LIMIT,1701936867107,1052,0.0389058
MEMEUSDT,SELL,LIMIT,1701936868241,582,0.0388865
MEMEUSDT,SELL,LIMIT,1701936873175,8107,0.0388664
MEMEUSDT,SELL,LIMIT,1701936893278,8890,0.0388381
MEMEUSDT,SELL,LIMIT,1701936917085,2760,0.0387856
MEMEUSDT,SELL,LIMIT,1701936919280,1515,0.0387093
MEMEUSDT,SELL,LIMIT,1701936923154,3714,0.0386933
MEMEUSDT,SELL,LIMIT,1701936924217,311,0.0386676
MEMEUSDT,SELL,LIMIT,1701936925221,678,0.0386869
MEMEUSDT,SELL,LIMIT,1701937290265,6302,0.0388263
MEMEUSDT,SELL,LIMIT,1701937345189,316,0.0387283
MEMEUSDT,SELL,LIMIT,1701937704126,750,0.0387530
MEMEUSDT,SELL,LIMIT,1701937837883,24734,0.0385475
MEMEUSDT,SELL,LIMIT,1701937842572,107581,0.0385204
MEMEUSDT,BUY,LIMIT,1701938031292,663,0.0398824
MEMEUSDT,BUY,LIMIT,1701938034350,968,0.0399908
MEMEUSDT,BUY,LIMIT,1701938039153,1250,0.0401244
MEMEUSDT,BUY,LIMIT,1701938043975,25517,0.0401460
MEMEUSDT,BUY,LIMIT,1701938753069,4109,0.0402418
MEMEUSDT,BUY,LIMIT,1701938764836,10234,0.0403013
MEMEUSDT,SELL,LIMIT,1701939045765,3036,0.0387346
MEMEUSDT,SELL,LIMIT,1701939059496,11143,0.0386248
MEMEUSDT,SELL,LIMIT,1701939087101,5837,0.0386063
MEMEUSDT,SELL,LIMIT,1701939104029,10296,0.0385796
MEMEUSDT,SELL,LIMIT,1701939126106,1457,0.0385127
MEMEUSDT,SELL,LIMIT,1701939132572,17269,0.0384894
MEMEUSDT,SELL,LIMIT,1701939138312,9130,0.0384651
MEMEUSDT,SELL,LIMIT,1701939139444,64932,0.0384646
MEMEUSDT,BUY,LIMIT,1701939240012,129,0.0398583
MEMEUSDT,SELL,LIMIT,1701939314673,72970,0.0385231
MEMEUSDT,SELL,LIMIT,1701939321132,86526,0.0384554
MEMEUSDT,SELL,LIMIT,1701939340885,21039,0.0384398
MEMEUSDT,SELL,LIMIT,1701939342696,15511,0.0384236
MEMEUSDT,SELL,LIMIT,1701939346531,10303,0.0384140
MEMEUSDT,SELL,LIMIT,1701939347639,2301,0.0383711
MEMEUSDT,SELL,LIMIT,1701939349385,5000,0.0383317
MEMEUSDT,SELL,LIMIT,1701939360538,16406,0.0383274
MEMEUSDT,SELL,LIMIT,1701939363077,9322,0.0383190
MEMEUSDT,SELL,LIMIT,1701939364090,3050,0.0383208
MEMEUSDT,SELL,LIMIT,1701939365176,16994,0.0383091
MEMEUSDT,SELL,LIMIT,1701939366719,6904,0.0382924
MEMEUSDT,SELL,LIMIT,1701939369394,37959,0.0382729
MEMEUSDT,SELL,LIMIT,1701939370577,4930,0.0382681
MEMEUSDT,SELL,LIMIT,1701939371645,552839,0.0379436
MEMEUSDT,SELL,LIMIT,1701939451918,5138,0.0382598
MEMEUSDT,SELL,LIMIT,1701939457720,1677,0.0381904
MEMEUSDT,SELL,LIMIT,1701939459691,2277,0.0381888
MEMEUSDT,SELL,LIMIT,1701939465107,9528,0.0381344
MEMEUSDT,SELL,LIMIT,1701939466126,807,0.0381416
MEMEUSDT,SELL,LIMIT,1701939473850,9000,0.0381010
MEMEUSDT,SELL,LIMIT,1701939476259,1001,0.0380943
MEMEUSDT,SELL,LIMIT,1701939477956,3339,0.0380856
MEMEUSDT,SELL,LIMIT,1701939526939,382,0.0381289
MEMEUSDT,SELL,LIMIT,1701939961472,46386,0.0381846
MEMEUSDT,SELL,LIMIT,1701939971176,427,0.0381216
MEMEUSDT,SELL,LIMIT,1701939999129,1280,0.0381954
MEMEUSDT,SELL,LIMIT,1701940002195,89359,0.0381575
MEMEUSDT,SELL,LIMIT,1701940014271,16122,0.0380681
MEMEUSDT,SELL,LIMIT,1701940019130,2385,0.0380462
MEMEUSDT,SELL,LIMIT,1701940020175,29417,0.0380542
MEMEUSDT,SELL,LIMIT,1701940022962,8414,0.0380273
MEMEUSDT,SELL,LIMIT,1701940025248,22072,0.0380240
MEMEUSDT,SELL,LIMIT,1701940027182,2415,0.0379984
MEMEUSDT,SELL,LIMIT,1701940028351,5334,0.0380023
MEMEUSDT,BUY,LIMIT,1701940098325,6196,0.0394470
MEMEUSDT,SELL,LIMIT,1701940414262,76164,0.0381463
MEMEUSDT,SELL,LIMIT,1701940474408,73282,0.0380237
MEMEUSDT,SELL,LIMIT,1701940542864,2582,0.0379905
MEMEUSDT,SELL,LIMIT,1701940552068,4984,0.0379761
MEMEUSDT,SELL,LIMIT,1701940553413,56469,0.0379466
MEMEUSDT,SELL,LIMIT,1701940556428,47631,0.0379322
MEMEUSDT,SELL,LIMIT,1701940564649,720,0.0379357
MEMEUSDT,SELL,LIMIT,1701940565990,7128,0.0382479
MEMEUSDT,SELL,LIMIT,1701940568268,47273,0.0378907
MEMEUSDT,SELL,LIMIT,1701940570132,2482,0.0378762
MEMEUSDT,BUY,LIMIT,1701940592987,2270,0.0392229
MEMEUSDT,BUY,LIMIT,1701940623549,8957,0.0392899
MEMEUSDT,BUY,LIMIT,1701940824748,13026,0.0394216
MEMEUSDT,BUY,LIMIT,1701940828027,129490,0.0394590
MEMEUSDT,BUY,LIMIT,1701940829215,17605,0.0394630
MEMEUSDT,BUY,LIMIT,1701940830264,146,0.0394742
MEMEUSDT,SELL,LIMIT,1701940953235,511,0.0382793
MEMEUSDT,SELL,LIMIT,1701940964515,128009,0.0382519
MEMEUSDT,SELL,LIMIT,1701941049440,375,0.0380941
MEMEUSDT,SELL,LIMIT,1701941066920,6961,0.0380709
MEMEUSDT,SELL,LIMIT,1701941072073,44734,0.0380760
MEMEUSDT,SELL,LIMIT,1701941146709,123,0.0380467
MEMEUSDT,SELL,LIMIT,1701941151548,1449,0.0380289
MEMEUSDT,SELL,LIMIT,1701941154097,992,0.0379802
MEMEUSDT,SELL,LIMIT,1701941156056,200000,0.0378068
MEMEUSDT,SELL,LIMIT,1701941157450,17788,0.0379495
MEMEUSDT,SELL,LIMIT,1701941159742,2652,0.0379370
MEMEUSDT,SELL,LIMIT,1701941166171,51256,0.0378753
MEMEUSDT,SELL,LIMIT,1701941169106,11836,0.0378536
MEMEUSDT,SELL,LIMIT,1701941170244,405,0.0378517
MEMEUSDT,SELL,LIMIT,1701941174336,14488,0.0378370
MEMEUSDT,SELL,LIMIT,1701941176463,7021,0.0378309
MEMEUSDT,SELL,LIMIT,1701941179616,5861,0.0378038
MEMEUSDT,SELL,LIMIT,1701941181593,2877,0.0377620
MEMEUSDT,SELL,LIMIT,1701941183197,2517,0.0377615
MEMEUSDT,SELL,LIMIT,1701941184221,32895,0.0377487
MEMEUSDT,SELL,LIMIT,1701941185659,15097,0.0377465
MEMEUSDT,SELL,LIMIT,1701941187114,1710,0.0377139
MEMEUSDT,SELL,LIMIT,1701941188167,1979,0.0376945
MEMEUSDT,SELL,LIMIT,1701941189214,217468,0.0388676
MEMEUSDT,SELL,LIMIT,1701941190456,1136,0.0376377
MEMEUSDT,SELL,LIMIT,1701941192147,7899,0.0375909
MEMEUSDT,SELL,LIMIT,1701941207111,75764,0.0375863
MEMEUSDT,SELL,LIMIT,1701941208202,656,0.0375862
MEMEUSDT,SELL,LIMIT,1701941217004,128385,0.0376242
MEMEUSDT,SELL,LIMIT,1701941234348,8702,0.0376443
MEMEUSDT,SELL,LIMIT,1701941238515,78775,0.0376291
MEMEUSDT,SELL,LIMIT,1701941240351,900,0.0386007
MEMEUSDT,SELL,LIMIT,1701941243924,2016,0.0378078
MEMEUSDT,SELL,LIMIT,1701941245712,794,0.0376108
MEMEUSDT,SELL,LIMIT,1701941247114,30394,0.0375837
MEMEUSDT,SELL,LIMIT,1701941248626,13950,0.0375723
MEMEUSDT,SELL,LIMIT,1701941250360,1121,0.0375874
MEMEUSDT,SELL,LIMIT,1701941255191,143,0.0375749
MEMEUSDT,SELL,LIMIT,1701941257131,1581,0.0375631
MEMEUSDT,BUY,LIMIT,1701941395135,390,0.0390182
MEMEUSDT,BUY,LIMIT,1701941456439,24535,0.0392969
MEMEUSDT,BUY,LIMIT,1701941472758,130848,0.0393231
MEMEUSDT,BUY,LIMIT,1701941478538,2381,0.0393595
MEMEUSDT,BUY,LIMIT,1701941572755,3879,0.0396003
MEMEUSDT,BUY,LIMIT,1701941654244,2478,0.0396712
MEMEUSDT,BUY,LIMIT,1701941664412,2640,0.0396989
MEMEUSDT,BUY,LIMIT,1701941665762,22680,0.0397253
MEMEUSDT,BUY,LIMIT,1701941675407,231,0.0397359
MEMEUSDT,BUY,LIMIT,1701941677419,36304,0.0397676
MEMEUSDT,BUY,LIMIT,1701941693821,128395,0.0398804
MEMEUSDT,BUY,LIMIT,1701941732912,128255,0.0399454
MEMEUSDT,SELL,LIMIT,1701941929905,4036,0.0384909
MEMEUSDT,BUY,LIMIT,1701942081212,1204,0.0399259
MEMEUSDT,BUY,LIMIT,1701942099062,3622,0.0400209
MEMEUSDT,BUY,LIMIT,1701942109343,7712,0.0400357
MEMEUSDT,BUY,LIMIT,1701942120663,943,0.0400845
MEMEUSDT,BUY,LIMIT,1701942127658,200,0.0401201
MEMEUSDT,BUY,LIMIT,1701942138743,49667,0.0401969
MEMEUSDT,BUY,LIMIT,1701942139970,38632,0.0402630
MEMEUSDT,BUY,LIMIT,1701942142690,28374,0.0403461
MEMEUSDT,BUY,LIMIT,1701942158317,10917,0.0404236
MEMEUSDT,BUY,LIMIT,1701942161656,3715,0.0404405
MEMEUSDT,BUY,LIMIT,1701942163223,38778,0.0404429
MEMEUSDT,BUY,LIMIT,1701942166194,153,0.0404739
MEMEUSDT,BUY,LIMIT,1701942342076,1171,0.0401848
MEMEUSDT,BUY,LIMIT,1701942439831,21209,0.0405491
MEMEUSDT,BUY,LIMIT,1701942444071,1353,0.0405740
MEMEUSDT,BUY,LIMIT,1701942445349,2034,0.0405758
MEMEUSDT,BUY,LIMIT,1701942448762,1294,0.0406463
MEMEUSDT,SELL,LIMIT,1701942545359,14145,0.0392297
MEMEUSDT,BUY,LIMIT,1701942653594,6678,0.0406674
MEMEUSDT,BUY,LIMIT,1701942969322,2224,0.0405671
MEMEUSDT,BUY,LIMIT,1701943025430,34348,0.0406880
MEMEUSDT,BUY,LIMIT,1701943049648,53229,0.0407322
MEMEUSDT,BUY,LIMIT,1701943051054,6298,0.0407596
MEMEUSDT,BUY,LIMIT,1701943062914,14468,0.0407900
MEMEUSDT,SELL,LIMIT,1701943147259,1924,0.0392695
MEMEUSDT,BUY,LIMIT,1701943298915,17534,0.0408177
MEMEUSDT,SELL,LIMIT,1701943398662,7630,0.0393880
MEMEUSDT,SELL,LIMIT,1701943553209,2796,0.0391970
MEMEUSDT,SELL,LIMIT,1701943556866,87053,0.0391836
MEMEUSDT,SELL,LIMIT,1701943607328,9759,0.0394277
MEMEUSDT,BUY,LIMIT,1701943711410,14337,0.0406282
MEMEUSDT,SELL,LIMIT,1701943739762,152,0.0398302
MEMEUSDT,BUY,LIMIT,1701943789933,1350,0.0409033
MEMEUSDT,BUY,LIMIT,1701943795643,5914,0.0409360
MEMEUSDT,BUY,LIMIT,1701943806385,4018,0.0410136
MEMEUSDT,BUY,LIMIT,1701943899173,57799,0.0410780
MEMEUSDT,BUY,LIMIT,1701943901699,15460,0.0411525
MEMEUSDT,BUY,LIMIT,1701943902828,37284,0.0412603
MEMEUSDT,BUY,LIMIT,1701943905704,125141,0.0413225
MEMEUSDT,BUY,LIMIT,1701943916790,20738,0.0413478
MEMEUSDT,BUY,LIMIT,1701943919141,2921,0.0414062
MEMEUSDT,SELL,LIMIT,1701943948458,30508,0.0398566
MEMEUSDT,SELL,LIMIT,1701944047077,26923,0.0397400
MEMEUSDT,SELL,LIMIT,1701944051376,16104,0.0397054
MEMEUSDT,SELL,LIMIT,1701944054281,29185,0.0396698
MEMEUSDT,BUY,LIMIT,1701944273897,6800,0.0410193
MEMEUSDT,SELL,LIMIT,1701944746113,1083,0.0395191
MEMEUSDT,SELL,LIMIT,1701944799969,79505,0.0394805
MEMEUSDT,BUY,LIMIT,1701944864100,35966,0.0408606
MEMEUSDT,BUY,LIMIT,1701945073748,177,0.0410640
MEMEUSDT,BUY,LIMIT,1701945079202,9766,0.0411179
MEMEUSDT,BUY,LIMIT,1701945267034,125,0.0412652
MEMEUSDT,BUY,LIMIT,1701945354249,2871,0.0414038
MEMEUSDT,BUY,LIMIT,1701945356130,11074,0.0414465
MEMEUSDT,BUY,LIMIT,1701945402197,5442,0.0415030
MEMEUSDT,BUY,LIMIT,1701945413763,485,0.0415166
MEMEUSDT,BUY,LIMIT,1701945415432,1770,0.0415552
MEMEUSDT,SELL,LIMIT,1701945499151,16906,0.0400906
MEMEUSDT,SELL,LIMIT,1701945722304,21986,0.0400034
MEMEUSDT,SELL,LIMIT,1701945964654,122797,0.0398622
MEMEUSDT,SELL,LIMIT,1701945970470,8607,0.0398320
MEMEUSDT,SELL,LIMIT,1701946005906,49545,0.0397473
MEMEUSDT,SELL,LIMIT,1701946052080,3435,0.0397169
MEMEUSDT,SELL,LIMIT,1701946062617,17956,0.0396933
MEMEUSDT,SELL,LIMIT,1701946346597,2477,0.0395695
MEMEUSDT,SELL,LIMIT,1701946357847,1626,0.0395127
MEMEUSDT,SELL,LIMIT,1701946401172,21597,0.0394626
MEMEUSDT,SELL,LIMIT,1701946405436,2238,0.0394508
MEMEUSDT,SELL,LIMIT,1701946408509,12313,0.0394109
MEMEUSDT,SELL,LIMIT,1701946411313,2301,0.0393817
MEMEUSDT,SELL,LIMIT,1701946420459,515,0.0393209
MEMEUSDT,SELL,LIMIT,1701946424562,17456,0.0393061
MEMEUSDT,SELL,LIMIT,1701946427534,28918,0.0392917
MEMEUSDT,BUY,LIMIT,1701946874861,1678,0.0408457
MEMEUSDT,BUY,LIMIT,1701946905068,10877,0.0409226
MEMEUSDT,SELL,LIMIT,1701947161588,2672,0.0393943
MEMEUSDT,BUY,LIMIT,1701947533237,2530,0.0409333
MEMEUSDT,BUY,LIMIT,1701947546964,9717,0.0410124
MEMEUSDT,BUY,LIMIT,1701947565812,3981,0.0410574
MEMEUSDT,BUY,LIMIT,1701947604506,1872,0.0411223
MEMEUSDT,BUY,LIMIT,1701947609812,521,0.0411586
MEMEUSDT,BUY,LIMIT,1701947790234,97352,0.0411939
MEMEUSDT,SELL,LIMIT,1701947832669,220,0.0397883
MEMEUSDT,SELL,LIMIT,1701947834850,543,0.0397548
MEMEUSDT,SELL,LIMIT,1701947890350,222,0.0396752
MEMEUSDT,BUY,LIMIT,1701947989090,123946,0.0411129
MEMEUSDT,BUY,LIMIT,1701948108346,41537,0.0411701
MEMEUSDT,SELL,LIMIT,1701948221613,2933,0.0397600
MEMEUSDT,SELL,LIMIT,1701948223613,8696,0.0397453
MEMEUSDT,SELL,LIMIT,1701948230207,2919,0.0397247
MEMEUSDT,SELL,LIMIT,1701948740444,12430,0.0396262
MEMEUSDT,SELL,LIMIT,1701948742335,6191,0.0395706
MEMEUSDT,SELL,LIMIT,1701948776147,37878,0.0395488
MEMEUSDT,SELL,LIMIT,1701948778125,3480,0.0395309
MEMEUSDT,SELL,LIMIT,1701948835487,8862,0.0395023
MEMEUSDT,SELL,LIMIT,1701948849504,61331,0.0394494
MEMEUSDT,SELL,LIMIT,1701949193166,331,0.0393562
MEMEUSDT,SELL,LIMIT,1701949205125,2742,0.0392897
MEMEUSDT,SELL,LIMIT,1701949211409,774,0.0392274
MEMEUSDT,SELL,LIMIT,1701949220107,739,0.0391892
MEMEUSDT,SELL,LIMIT,1701949221157,65205,0.0391911
MEMEUSDT,BUY,LIMIT,1701949415577,23307,0.0406389
MEMEUSDT,SELL,LIMIT,1701949662866,33022,0.0391963
MEMEUSDT,BUY,LIMIT,1701949852171,1140,0.0406590
MEMEUSDT,BUY,LIMIT,1701949925148,110070,0.0407831
MEMEUSDT,BUY,LIMIT,1701949932537,10820,0.0408262
MEMEUSDT,BUY,LIMIT,1701949955326,217,0.0408986
MEMEUSDT,BUY,LIMIT,1701949957011,22790,0.0409235
MEMEUSDT,BUY,LIMIT,1701949966211,134,0.0409510
MEMEUSDT,BUY,LIMIT,1701949969384,5711,0.0409591
MEMEUSDT,BUY,LIMIT,1701950054132,1865,0.0409992
MEMEUSDT,BUY,LIMIT,1701950201050,7945,0.0409451
MEMEUSDT,BUY,LIMIT,1701950584072,308,0.0410171
MEMEUSDT,SELL,LIMIT,1701950669637,1150,0.0395648
MEMEUSDT,BUY,LIMIT,1701950755946,56556,0.0410880
MEMEUSDT,BUY,LIMIT,1701950770208,29716,0.0411629
MEMEUSDT,BUY,LIMIT,1701950773131,15916,0.0412129
MEMEUSDT,BUY,LIMIT,1701950782464,602,0.0413106
MEMEUSDT,BUY,LIMIT,1701950790241,3136,0.0413512
MEMEUSDT,BUY,LIMIT,1701950849800,15201,0.0414493
MEMEUSDT,BUY,LIMIT,1701950854156,1523,0.0414814
MEMEUSDT,SELL,LIMIT,1701951054920,4730,0.0399939
MEMEUSDT,BUY,LIMIT,1701951104122,123013,0.0414355
MEMEUSDT,SELL,LIMIT,1701951148226,157,0.0400218
MEMEUSDT,SELL,LIMIT,1701951184983,114115,0.0399950
MEMEUSDT,BUY,LIMIT,1701951225633,37643,0.0412974
MEMEUSDT,BUY,LIMIT,1701951324768,5499,0.0412778
MEMEUSDT,BUY,LIMIT,1701951339140,11411,0.0414188
MEMEUSDT,BUY,LIMIT,1701951342034,77307,0.0414567
MEMEUSDT,BUY,LIMIT,1701951364595,25619,0.0415211
MEMEUSDT,BUY,LIMIT,1701951367519,3783,0.0415897
MEMEUSDT,BUY,LIMIT,1701951373154,5047,0.0415532
MEMEUSDT,BUY,LIMIT,1701951379577,62580,0.0416078
MEMEUSDT,BUY,LIMIT,1701951380635,31935,0.0416684
MEMEUSDT,BUY,LIMIT,1701951384163,22660,0.0416979
MEMEUSDT,BUY,LIMIT,1701951385517,36130,0.0417608
MEMEUSDT,BUY,LIMIT,1701951387162,206,0.0418058
MEMEUSDT,BUY,LIMIT,1701951388629,967,0.0418473
MEMEUSDT,BUY,LIMIT,1701951393080,918,0.0419337
MEMEUSDT,BUY,LIMIT,1701951394086,1500,0.0418945
MEMEUSDT,BUY,LIMIT,1701951399524,223,0.0419442
MEMEUSDT,BUY,LIMIT,1701951402325,72583,0.0419644
MEMEUSDT,BUY,LIMIT,1701951405162,762,0.0420009
MEMEUSDT,BUY,LIMIT,1701951406689,188,0.0420177
MEMEUSDT,SELL,LIMIT,1701951426096,96737,0.0405603
MEMEUSDT,SELL,LIMIT,1701951428666,38936,0.0404912
MEMEUSDT,SELL,LIMIT,1701951429798,121051,0.0404457
MEMEUSDT,SELL,LIMIT,1701951431271,4466,0.0404236
MEMEUSDT,BUY,LIMIT,1701951460309,71168,0.0420249
MEMEUSDT,BUY,LIMIT,1701951465195,12653,0.0421381
MEMEUSDT,BUY,LIMIT,1701951466208,443,0.0422085
MEMEUSDT,BUY,LIMIT,1701951475092,3679,0.0422374
MEMEUSDT,SELL,LIMIT,1701951589307,10777,0.0406373
MEMEUSDT,SELL,LIMIT,1701951612090,107829,0.0405698
MEMEUSDT,SELL,LIMIT,1701951613268,27309,0.0405796
MEMEUSDT,SELL,LIMIT,1701951615986,1756,0.0405464
MEMEUSDT,SELL,LIMIT,1701951639026,34708,0.0404428
MEMEUSDT,SELL,LIMIT,1701951640535,18800,0.0404334
MEMEUSDT,SELL,LIMIT,1701951648821,6798,0.0404077
MEMEUSDT,SELL,LIMIT,1701951661441,4119,0.0403113
MEMEUSDT,SELL,LIMIT,1701951663626,10281,0.0402383
MEMEUSDT,SELL,LIMIT,1701951691394,1020,0.0408500
MEMEUSDT,BUY,LIMIT,1701951750473,16288,0.0416898
MEMEUSDT,BUY,LIMIT,1701951779790,6452,0.0418615
MEMEUSDT,SELL,LIMIT,1701951855508,2453,0.0404211
MEMEUSDT,BUY,LIMIT,1701952008049,1526,0.0418586
MEMEUSDT,BUY,LIMIT,1701952023209,121805,0.0418942
MEMEUSDT,BUY,LIMIT,1701952028276,20000,0.0419525
MEMEUSDT,BUY,LIMIT,1701952051712,55759,0.0420837
MEMEUSDT,BUY,LIMIT,1701952053485,760,0.0421409
MEMEUSDT,BUY,LIMIT,1701952055400,625,0.0422070
MEMEUSDT,BUY,LIMIT,1701952063264,68301,0.0422843
MEMEUSDT,BUY,LIMIT,1701952068380,14431,0.0423113
MEMEUSDT,BUY,LIMIT,1701952069492,6196,0.0423188
MEMEUSDT,BUY,LIMIT,1701952071139,162,0.0423341
MEMEUSDT,BUY,LIMIT,1701952074273,9881,0.0423780
MEMEUSDT,BUY,LIMIT,1701952075565,104147,0.0423924
MEMEUSDT,BUY,LIMIT,1701952077309,758,0.0424309
MEMEUSDT,BUY,LIMIT,1701952080472,264,0.0424881
MEMEUSDT,BUY,LIMIT,1701952100643,1943,0.0425166
MEMEUSDT,BUY,LIMIT,1701952106405,501,0.0425324
MEMEUSDT,BUY,LIMIT,1701952112427,47977,0.0425543
MEMEUSDT,BUY,LIMIT,1701952113940,15798,0.0425753
MEMEUSDT,BUY,LIMIT,1701952115439,125303,0.0426093
MEMEUSDT,BUY,LIMIT,1701952123103,10736,0.0426569
MEMEUSDT,SELL,LIMIT,1701952149107,11419,0.0410614
MEMEUSDT,SELL,LIMIT,1701952157607,26872,0.0409826
MEMEUSDT,BUY,LIMIT,1701952223575,1599,0.0424221
MEMEUSDT,BUY,LIMIT,1701952227019,647,0.0424574
MEMEUSDT,SELL,LIMIT,1701952265604,10644,0.0410875
MEMEUSDT,SELL,LIMIT,1701952334744,119548,0.0409576
MEMEUSDT,SELL,LIMIT,1701952339663,117837,0.0408831
MEMEUSDT,SELL,LIMIT,1701952342132,2340,0.0408497
MEMEUSDT,SELL,LIMIT,1701952354781,300,0.0408186
MEMEUSDT,SELL,LIMIT,1701952377513,2455,0.0407724
MEMEUSDT,SELL,LIMIT,1701952536395,31805,0.0407627
MEMEUSDT,SELL,LIMIT,1701952540922,3607,0.0407569
MEMEUSDT,SELL,LIMIT,1701952633255,9512,0.0406897
MEMEUSDT,SELL,LIMIT,1701952707048,1544,0.0406034
MEMEUSDT,SELL,LIMIT,1701952723472,6526,0.0405099
MEMEUSDT,SELL,LIMIT,1701952724843,547,0.0404919
MEMEUSDT,BUY,LIMIT,1701952883287,754,0.0419877
MEMEUSDT,BUY,LIMIT,1701952891351,1338,0.0420515
MEMEUSDT,BUY,LIMIT,1701952950570,405,0.0422197
MEMEUSDT,BUY,LIMIT,1701952972950,1729,0.0423344
MEMEUSDT,SELL,LIMIT,1701953120436,589,0.0408504
MEMEUSDT,SELL,LIMIT,1701953294410,458,0.0406351
MEMEUSDT,BUY,LIMIT,1701953360051,11612,0.0419915
MEMEUSDT,BUY,LIMIT,1701953386520,9453,0.0417593
MEMEUSDT,BUY,LIMIT,1701953435570,29831,0.0421779
MEMEUSDT,BUY,LIMIT,1701953440911,635,0.0422501
MEMEUSDT,BUY,LIMIT,1701953555134,90595,0.0423944
MEMEUSDT,BUY,LIMIT,1701953558937,14463,0.0424470
MEMEUSDT,BUY,LIMIT,1701953561413,1452,0.0425334
MEMEUSDT,BUY,LIMIT,1701953562446,310,0.0425378
MEMEUSDT,BUY,LIMIT,1701953571080,244,0.0426610
MEMEUSDT,BUY,LIMIT,1701953572243,1970,0.0426796
MEMEUSDT,BUY,LIMIT,1701953575179,587,0.0426866
MEMEUSDT,BUY,LIMIT,1701953578282,60679,0.0427397
MEMEUSDT,BUY,LIMIT,1701953579375,1199,0.0427726
MEMEUSDT,BUY,LIMIT,1701953585505,122582,0.0428596
MEMEUSDT,BUY,LIMIT,1701953587076,20061,0.0428786
MEMEUSDT,BUY,LIMIT,1701953588211,11500,0.0428906
MEMEUSDT,BUY,LIMIT,1701953597408,3717,0.0429529
MEMEUSDT,BUY,LIMIT,1701953598472,16170,0.0429929
MEMEUSDT,BUY,LIMIT,1701953606996,4559,0.0430421
MEMEUSDT,BUY,LIMIT,1701953608456,18043,0.0430755
MEMEUSDT,SELL,LIMIT,1701953657162,11731,0.0415496
MEMEUSDT,SELL,LIMIT,1701953670817,23867,0.0415033
MEMEUSDT,SELL,LIMIT,1701953685766,15002,0.0413790
MEMEUSDT,SELL,LIMIT,1701954070386,21695,0.0411401
MEMEUSDT,SELL,LIMIT,1701954075571,1835,0.0410848
MEMEUSDT,SELL,LIMIT,1701954080392,26882,0.0410573
MEMEUSDT,SELL,LIMIT,1701954086334,9134,0.0410186
MEMEUSDT,BUY,LIMIT,1701954116376,1561,0.0425575
MEMEUSDT,BUY,LIMIT,1701954135705,590,0.0428253
MEMEUSDT,BUY,LIMIT,1701954155550,1464,0.0416959
MEMEUSDT,SELL,LIMIT,1701954170670,790,0.0413666
MEMEUSDT,SELL,LIMIT,1701954185252,22551,0.0412767
MEMEUSDT,SELL,LIMIT,1701954188309,31168,0.0412097
MEMEUSDT,SELL,LIMIT,1701954196377,941,0.0410892
MEMEUSDT,SELL,LIMIT,1701954313506,22165,0.0409547
MEMEUSDT,SELL,LIMIT,1701954315697,21681,0.0408836
MEMEUSDT,SELL,LIMIT,1701954316786,120036,0.0408293
MEMEUSDT,BUY,LIMIT,1701954602505,2647,0.0424808
MEMEUSDT,BUY,LIMIT,1701954613218,134,0.0425359
MEMEUSDT,SELL,LIMIT,1701954679076,113162,0.0410095
MEMEUSDT,SELL,LIMIT,1701954796434,39864,0.0409014
MEMEUSDT,SELL,LIMIT,1701954844279,2396,0.0408494
MEMEUSDT,SELL,LIMIT,1701954851372,18173,0.0407765
MEMEUSDT,SELL,LIMIT,1701954925523,9593,0.0407741
MEMEUSDT,BUY,LIMIT,1701955001642,23412,0.0422446
MEMEUSDT,BUY,LIMIT,1701955003328,1502,0.0422623
MEMEUSDT,BUY,LIMIT,1701955008935,17969,0.0423829
MEMEUSDT,BUY,LIMIT,1701955020174,1503,0.0424611
MEMEUSDT,BUY,LIMIT,1701955083453,6621,0.0426145
MEMEUSDT,BUY,LIMIT,1701955098499,1178,0.0426369
MEMEUSDT,BUY,LIMIT,1701955101052,5500,0.0427427
MEMEUSDT,BUY,LIMIT,1701955236015,12066,0.0428066
MEMEUSDT,BUY,LIMIT,1701955239733,52516,0.0428317
MEMEUSDT,BUY,LIMIT,1701955242077,69814,0.0428836
MEMEUSDT,BUY,LIMIT,1701955243747,1155,0.0428925
MEMEUSDT,BUY,LIMIT,1701955299975,112883,0.0429436
MEMEUSDT,BUY,LIMIT,1701955306105,11521,0.0429540
MEMEUSDT,BUY,LIMIT,1701955319060,1003,0.0430696
MEMEUSDT,BUY,LIMIT,1701955320097,7430,0.0430525
MEMEUSDT,SELL,LIMIT,1701955383992,6667,0.0414441
MEMEUSDT,SELL,LIMIT,1701955408746,16350,0.0414488
MEMEUSDT,SELL,LIMIT,1701955424372,5896,0.0413948
MEMEUSDT,SELL,LIMIT,1701955531437,5209,0.0413895
MEMEUSDT,SELL,LIMIT,1701955533017,52027,0.0413641
MEMEUSDT,BUY,LIMIT,1701955789366,6725,0.0428997
MEMEUSDT,SELL,LIMIT,1701955894246,67318,0.0413352
MEMEUSDT,SELL,LIMIT,1701955930272,155,0.0413002
MEMEUSDT,BUY,LIMIT,1701956005630,2967,0.0427694
MEMEUSDT,BUY,LIMIT,1701956066379,1009,0.0428637
MEMEUSDT,BUY,LIMIT,1701956073292,1363,0.0429639
MEMEUSDT,BUY,LIMIT,1701956079208,1160,0.0429809
MEMEUSDT,BUY,LIMIT,1701956085783,107122,0.0430379
MEMEUSDT,BUY,LIMIT,1701956119771,1183,0.0430729
MEMEUSDT,BUY,LIMIT,1701956122388,77281,0.0430982
MEMEUSDT,BUY,LIMIT,1701956130644,134,0.0431576
MEMEUSDT,BUY,LIMIT,1701956138407,29256,0.0431695
MEMEUSDT,SELL,LIMIT,1701956177198,8929,0.0416454
MEMEUSDT,SELL,LIMIT,1701956186172,554,0.0416409
MEMEUSDT,SELL,LIMIT,1701956190282,2255,0.0415754
MEMEUSDT,SELL,LIMIT,1701956192537,35179,0.0415099
MEMEUSDT,SELL,LIMIT,1701956196547,29460,0.0414337
MEMEUSDT,SELL,LIMIT,1701956207160,12171,0.0413576
MEMEUSDT,SELL,LIMIT,1701956209599,90000,0.0413167
MEMEUSDT,BUY,LIMIT,1701956246838,1039,0.0428305
MEMEUSDT,SELL,LIMIT,1701956303940,9796,0.0415413
MEMEUSDT,BUY,LIMIT,1701956403152,54179,0.0428921
MEMEUSDT,BUY,LIMIT,1701956413136,3912,0.0431474
MEMEUSDT,BUY,LIMIT,1701956416970,5159,0.0431761
MEMEUSDT,BUY,LIMIT,1701956418217,9010,0.0432127
MEMEUSDT,BUY,LIMIT,1701956419748,10024,0.0432395
MEMEUSDT,BUY,LIMIT,1701956421184,6049,0.0432637
MEMEUSDT,BUY,LIMIT,1701956422514,24029,0.0432712
MEMEUSDT,BUY,LIMIT,1701956423598,6458,0.0433758
MEMEUSDT,BUY,LIMIT,1701956424777,1304,0.0434184
MEMEUSDT,BUY,LIMIT,1701956427093,30775,0.0433826
MEMEUSDT,BUY,LIMIT,1701956430481,329,0.0434126
MEMEUSDT,SELL,LIMIT,1701956463139,20421,0.0419535
MEMEUSDT,SELL,LIMIT,1701956469161,40117,0.0418877
MEMEUSDT,SELL,LIMIT,1701956503509,10063,0.0417810
MEMEUSDT,SELL,LIMIT,1701956556307,996,0.0416579
MEMEUSDT,SELL,LIMIT,1701956559285,609,0.0422232
MEMEUSDT,SELL,LIMIT,1701956572837,117517,0.0415430
MEMEUSDT,SELL,LIMIT,1701956578139,20864,0.0415287
MEMEUSDT,SELL,LIMIT,1701956597686,11195,0.0414254
MEMEUSDT,SELL,LIMIT,1701956619081,121250,0.0412688
MEMEUSDT,SELL,LIMIT,1701956621918,15636,0.0412518
MEMEUSDT,SELL,LIMIT,1701956623729,146,0.0412410
MEMEUSDT,SELL,LIMIT,1701956627814,13356,0.0411593
MEMEUSDT,SELL,LIMIT,1701956629209,110000,0.0411488
MEMEUSDT,SELL,LIMIT,1701956630279,6715,0.0411104
MEMEUSDT,SELL,LIMIT,1701956631377,55294,0.0410827
MEMEUSDT,SELL,LIMIT,1701956632442,1597,0.0410729
MEMEUSDT,SELL,LIMIT,1701956633829,22608,0.0409941
MEMEUSDT,SELL,LIMIT,1701956637186,4460,0.0409683
MEMEUSDT,SELL,LIMIT,1701956638627,2500,0.0409324
MEMEUSDT,SELL,LIMIT,1701956641600,2616,0.0409470
MEMEUSDT,SELL,LIMIT,1701956661681,24390,0.0409239
MEMEUSDT,SELL,LIMIT,1701956662927,4490,0.0408678
MEMEUSDT,SELL,LIMIT,1701956674286,88912,0.0408117
MEMEUSDT,SELL,LIMIT,1701956675326,14423,0.0408211
MEMEUSDT,SELL,LIMIT,1701956778005,4577,0.0407733
MEMEUSDT,SELL,LIMIT,1701956780007,19702,0.0407590
MEMEUSDT,SELL,LIMIT,1701956781747,8418,0.0407614
MEMEUSDT,SELL,LIMIT,1701956865836,2372,0.0407642
MEMEUSDT,SELL,LIMIT,1701956877285,108102,0.0407388
MEMEUSDT,SELL,LIMIT,1701956879147,237,0.0407303
MEMEUSDT,SELL,LIMIT,1701956887523,12344,0.0406392
MEMEUSDT,SELL,LIMIT,1701956889707,12928,0.0406029
MEMEUSDT,SELL,LIMIT,1701956891254,410,0.0405697
MEMEUSDT,SELL,LIMIT,1701956898329,13928,0.0405136
MEMEUSDT,SELL,LIMIT,1701956906273,87616,0.0405833
MEMEUSDT,SELL,LIMIT,1701956908486,500,0.0405050
MEMEUSDT,SELL,LIMIT,1701957971611,192,0.0407805
MEMEUSDT,SELL,LIMIT,1701957994572,94224,0.0407609
MEMEUSDT,SELL,LIMIT,1701958023391,81774,0.0406820
MEMEUSDT,SELL,LIMIT,1701958048690,15467,0.0406588
MEMEUSDT,SELL,LIMIT,1701958054236,1211,0.0406485
MEMEUSDT,SELL,LIMIT,1701958055284,399,0.0406235
MEMEUSDT,SELL,LIMIT,1701958510260,13926,0.0406126
MEMEUSDT,SELL,LIMIT,1701958513150,55794,0.0405951
MEMEUSDT,SELL,LIMIT,1701958595671,42865,0.0405197
MEMEUSDT,SELL,LIMIT,1701958606801,3625,0.0404780
MEMEUSDT,SELL,LIMIT,1701958608129,375,0.0404533
MEMEUSDT,SELL,LIMIT,1701958610457,6107,0.0404328
MEMEUSDT,BUY,LIMIT,1701958702912,151,0.0420187
MEMEUSDT,SELL,LIMIT,1701959125226,523,0.0407693
MEMEUSDT,BUY,LIMIT,1701959151121,1293,0.0420828
MEMEUSDT,BUY,LIMIT,1701959152262,4366,0.0420924
MEMEUSDT,BUY,LIMIT,1701959164283,63604,0.0421381
MEMEUSDT,BUY,LIMIT,1701959178618,19679,0.0421986
MEMEUSDT,BUY,LIMIT,1701959183512,24000,0.0422864
MEMEUSDT,BUY,LIMIT,1701959195471,12141,0.0423614
MEMEUSDT,BUY,LIMIT,1701959207247,102070,0.0424036
MEMEUSDT,BUY,LIMIT,1701959210753,625,0.0424081
MEMEUSDT,BUY,LIMIT,1701959244211,62537,0.0423346
MEMEUSDT,BUY,LIMIT,1701959467398,14433,0.0425208
MEMEUSDT,BUY,LIMIT,1701959469175,11909,0.0425369
MEMEUSDT,BUY,LIMIT,1701959470204,953,0.0425415
MEMEUSDT,BUY,LIMIT,1701959485345,42,0.0425403
MEMEUSDT,BUY,LIMIT,1701959500216,1206,0.0425663
MEMEUSDT,BUY,LIMIT,1701959501574,29779,0.0425770
MEMEUSDT,BUY,LIMIT,1701959502950,5681,0.0425907
MEMEUSDT,BUY,LIMIT,1701959556680,2411,0.0426609
MEMEUSDT,BUY,LIMIT,1701959611071,4152,0.0427291
MEMEUSDT,BUY,LIMIT,1701959626325,2754,0.0427345
MEMEUSDT,BUY,LIMIT,1701959639211,458,0.0428031
MEMEUSDT,BUY,LIMIT,1701959724424,3225,0.0427617
MEMEUSDT,SELL,LIMIT,1701959965533,7746,0.0413268
MEMEUSDT,SELL,LIMIT,1701959970415,6161,0.0412865
MEMEUSDT,BUY,LIMIT,1701960200563,1806,0.0428739
MEMEUSDT,BUY,LIMIT,1701960207012,383,0.0429406
MEMEUSDT,BUY,LIMIT,1701960208331,606,0.0429550
MEMEUSDT,BUY,LIMIT,1701960210254,1455,0.0430144
MEMEUSDT,BUY,LIMIT,1701960212744,5016,0.0430819
MEMEUSDT,BUY,LIMIT,1701960220827,9705,0.0431033
MEMEUSDT,BUY,LIMIT,1701960250024,670,0.0432035
MEMEUSDT,BUY,LIMIT,1701960251162,149,0.0432341
MEMEUSDT,BUY,LIMIT,1701960254161,35799,0.0432902
MEMEUSDT,SELL,LIMIT,1701960284707,6607,0.0418185
MEMEUSDT,SELL,LIMIT,1701960433332,3748,0.0415301
MEMEUSDT,SELL,LIMIT,1701960434757,34572,0.0415244
MEMEUSDT,BUY,LIMIT,1701960512222,7221,0.0431069
MEMEUSDT,BUY,LIMIT,1701960515101,2432,0.0431569
MEMEUSDT,BUY,LIMIT,1701960518021,9443,0.0431959
MEMEUSDT,BUY,LIMIT,1701960539873,8103,0.0432998
MEMEUSDT,BUY,LIMIT,1701960547186,78174,0.0433169
MEMEUSDT,BUY,LIMIT,1701960550212,16255,0.0433588
MEMEUSDT,BUY,LIMIT,1701960559169,2337,0.0433723
MEMEUSDT,BUY,LIMIT,1701960563311,824,0.0434020
MEMEUSDT,BUY,LIMIT,1701960564904,918,0.0434073
MEMEUSDT,BUY,LIMIT,1701960568875,9180,0.0434226
MEMEUSDT,BUY,LIMIT,1701960571240,4762,0.0434703
MEMEUSDT,SELL,LIMIT,1701960656571,196,0.0418380
MEMEUSDT,SELL,LIMIT,1701960700475,11230,0.0418105
MEMEUSDT,SELL,LIMIT,1701960706352,2675,0.0417304
MEMEUSDT,SELL,LIMIT,1701961026129,10333,0.0416788
MEMEUSDT,SELL,LIMIT,1701961050093,32948,0.0416483
MEMEUSDT,SELL,LIMIT,1701961053376,25891,0.0416017
MEMEUSDT,BUY,LIMIT,1701961120600,20783,0.0428616
MEMEUSDT,BUY,LIMIT,1701961138616,2422,0.0428284
MEMEUSDT,SELL,LIMIT,1701961144444,3706,0.0415798
MEMEUSDT,SELL,LIMIT,1701961149994,336,0.0415528
MEMEUSDT,SELL,LIMIT,1701961155886,15998,0.0415116
MEMEUSDT,BUY,LIMIT,1701961206172,1401,0.0429352
MEMEUSDT,BUY,LIMIT,1701961207509,1710,0.0429479
MEMEUSDT,SELL,LIMIT,1701961332141,1004,0.0417036
MEMEUSDT,SELL,LIMIT,1701961397568,45135,0.0415951
MEMEUSDT,SELL,LIMIT,1701961401935,115190,0.0415687
MEMEUSDT,BUY,LIMIT,1701961519127,39182,0.0430425
MEMEUSDT,SELL,LIMIT,1701961542187,23531,0.0416029
MEMEUSDT,SELL,LIMIT,1701961563473,54680,0.0415191
MEMEUSDT,SELL,LIMIT,1701961597473,5420,0.0414685
MEMEUSDT,SELL,LIMIT,1701961615154,8994,0.0413653
MEMEUSDT,SELL,LIMIT,1701961616203,21370,0.0413711
MEMEUSDT,SELL,LIMIT,1701961636748,1500,0.0413543
MEMEUSDT,SELL,LIMIT,1701961638253,211,0.0413438
MEMEUSDT,SELL,LIMIT,1701961640328,331,0.0413201
MEMEUSDT,SELL,LIMIT,1701961748548,44,0.0413829
MEMEUSDT,SELL,LIMIT,1701961858677,88411,0.0412580
MEMEUSDT,BUY,LIMIT,1701961963069,1155,0.0428325
MEMEUSDT,BUY,LIMIT,1701961964490,384,0.0428354
MEMEUSDT,BUY,LIMIT,1701961970144,3575,0.0428721
MEMEUSDT,BUY,LIMIT,1701962133686,32932,0.0428963
MEMEUSDT,BUY,LIMIT,1701962143732,64697,0.0429329
MEMEUSDT,BUY,LIMIT,1701962185222,4398,0.0429566
MEMEUSDT,BUY,LIMIT,1701962209799,4282,0.0430236
MEMEUSDT,BUY,LIMIT,1701962461485,9549,0.0430268
MEMEUSDT,BUY,LIMIT,1701962475106,828,0.0430438
MEMEUSDT,BUY,LIMIT,1701962480443,763,0.0431024
MEMEUSDT,BUY,LIMIT,1701962482327,5921,0.0431058
MEMEUSDT,BUY,LIMIT,1701962484794,23546,0.0431375
MEMEUSDT,BUY,LIMIT,1701962485977,4184,0.0431588
MEMEUSDT,BUY,LIMIT,1701962522455,3529,0.0431399
MEMEUSDT,BUY,LIMIT,1701962562594,18716,0.0432008
MEMEUSDT,BUY,LIMIT,1701962595058,30090,0.0432511
MEMEUSDT,BUY,LIMIT,1701962596211,11000,0.0432532
MEMEUSDT,BUY,LIMIT,1701962640091,26936,0.0435074
MEMEUSDT,BUY,LIMIT,1701962641097,2197,0.0435668
MEMEUSDT,BUY,LIMIT,1701962642128,15551,0.0437596
MEMEUSDT,BUY,LIMIT,1701962643152,352,0.0437164
MEMEUSDT,BUY,LIMIT,1701962646544,22119,0.0438396
MEMEUSDT,BUY,LIMIT,1701962647779,2466,0.0438581
MEMEUSDT,BUY,LIMIT,1701962650530,4866,0.0439132
MEMEUSDT,BUY,LIMIT,1701962652871,11000,0.0439839
MEMEUSDT,BUY,LIMIT,1701962656077,3444,0.0439888
MEMEUSDT,BUY,LIMIT,1701962657296,41829,0.0440663
MEMEUSDT,BUY,LIMIT,1701962658323,5497,0.0441474
MEMEUSDT,BUY,LIMIT,1701962660140,3843,0.0441629
MEMEUSDT,BUY,LIMIT,1701962683424,2004,0.0440222
MEMEUSDT,BUY,LIMIT,1701962699430,30000,0.0441806
MEMEUSDT,BUY,LIMIT,1701962700827,7231,0.0442104
MEMEUSDT,BUY,LIMIT,1701962702259,98698,0.0442237
MEMEUSDT,BUY,LIMIT,1701962714368,12621,0.0442400
MEMEUSDT,BUY,LIMIT,1701962727291,5240,0.0442665
MEMEUSDT,BUY,LIMIT,1701962740555,23707,0.0442805
MEMEUSDT,BUY,LIMIT,1701962743161,12704,0.0443000
MEMEUSDT,BUY,LIMIT,1701962753954,479,0.0443024
MEMEUSDT,BUY,LIMIT,1701962755838,1288,0.0443235
MEMEUSDT,BUY,LIMIT,1701962758191,137,0.0443492
MEMEUSDT,BUY,LIMIT,1701962759253,19817,0.0443538
MEMEUSDT,BUY,LIMIT,1701962761151,34000,0.0444041
MEMEUSDT,BUY,LIMIT,1701962762183,148,0.0443794
MEMEUSDT,BUY,LIMIT,1701962767502,9671,0.0444662
MEMEUSDT,BUY,LIMIT,1701962769167,247715,0.0447257
MEMEUSDT,BUY,LIMIT,1701962771170,33222,0.0444939
MEMEUSDT,BUY,LIMIT,1701962772348,3635,0.0445021
MEMEUSDT,SELL,LIMIT,1701962787568,1219,0.0429922
MEMEUSDT,SELL,LIMIT,1701962807841,2815,0.0427250
MEMEUSDT,SELL,LIMIT,1701962886156,871,0.0426563
MEMEUSDT,SELL,LIMIT,1701962958099,48569,0.0426012
MEMEUSDT,SELL,LIMIT,1701962959578,7649,0.0426221
MEMEUSDT,SELL,LIMIT,1701962971723,143,0.0425117
MEMEUSDT,SELL,LIMIT,1701962983174,537,0.0424527
MEMEUSDT,SELL,LIMIT,1701963057493,3796,0.0423071
MEMEUSDT,SELL,LIMIT,1701963058566,13378,0.0423080
MEMEUSDT,SELL,LIMIT,1701963060930,48322,0.0422161
MEMEUSDT,SELL,LIMIT,1701963062419,3224,0.0421943
MEMEUSDT,SELL,LIMIT,1701963065493,16269,0.0421733
MEMEUSDT,SELL,LIMIT,1701963071920,68838,0.0421687
MEMEUSDT,BUY,LIMIT,1701963099421,238,0.0436729
MEMEUSDT,SELL,LIMIT,1701963131089,9275,0.0422862
MEMEUSDT,SELL,LIMIT,1701963133236,9319,0.0422526
MEMEUSDT,SELL,LIMIT,1701963140933,38291,0.0421486
MEMEUSDT,SELL,LIMIT,1701963142061,8228,0.0420775
MEMEUSDT,BUY,LIMIT,1701963222528,2065,0.0436792
MEMEUSDT,BUY,LIMIT,1701963225092,10350,0.0437576
MEMEUSDT,SELL,LIMIT,1701963425478,45069,0.0422435
MEMEUSDT,SELL,LIMIT,1701964013607,2320,0.0421876
MEMEUSDT,SELL,LIMIT,1701964015433,33779,0.0421350
MEMEUSDT,SELL,LIMIT,1701964034477,86789,0.0420367
MEMEUSDT,SELL,LIMIT,1701964038247,20471,0.0419481
MEMEUSDT,BUY,LIMIT,1701964059463,27360,0.0434564
MEMEUSDT,BUY,LIMIT,1701964061507,1194,0.0435332
MEMEUSDT,SELL,LIMIT,1701964102785,2206,0.0420133
MEMEUSDT,SELL,LIMIT,1701964114425,13187,0.0419490
MEMEUSDT,SELL,LIMIT,1701964147015,6677,0.0419089
MEMEUSDT,SELL,LIMIT,1701964149615,191,0.0418273
MEMEUSDT,SELL,LIMIT,1701964152666,14209,0.0418059
MEMEUSDT,BUY,LIMIT,1701964228768,117583,0.0433316
MEMEUSDT,BUY,LIMIT,1701964230666,370,0.0433778
MEMEUSDT,BUY,LIMIT,1701964234141,2389,0.0434434
MEMEUSDT,BUY,LIMIT,1701964240716,117849,0.0435345
MEMEUSDT,BUY,LIMIT,1701964405559,595,0.0412499
MEMEUSDT,SELL,LIMIT,1701964519759,8941,0.0417912
MEMEUSDT,SELL,LIMIT,1701964521018,12560,0.0417861
MEMEUSDT,SELL,LIMIT,1701964593490,105689,0.0417721
MEMEUSDT,SELL,LIMIT,1701964601340,25581,0.0417180
MEMEUSDT,SELL,LIMIT,1701964604069,227544,0.0414660
MEMEUSDT,SELL,LIMIT,1701964605384,784,0.0416375
MEMEUSDT,SELL,LIMIT,1701964607250,5059,0.0416176
MEMEUSDT,SELL,LIMIT,1701964608421,60010,0.0415988
MEMEUSDT,SELL,LIMIT,1701964610059,18984,0.0415753
MEMEUSDT,SELL,LIMIT,1701964612560,274,0.0415577
MEMEUSDT,SELL,LIMIT,1701964613807,95307,0.0415266
MEMEUSDT,SELL,LIMIT,1701964624878,4817,0.0414918
MEMEUSDT,SELL,LIMIT,1701964630091,6966,0.0414515
MEMEUSDT,SELL,LIMIT,1701964631440,198,0.0414640
MEMEUSDT,SELL,LIMIT,1701964635228,19750,0.0414193
MEMEUSDT,SELL,LIMIT,1701964727578,4742,0.0415385
MEMEUSDT,SELL,LIMIT,1701964731135,7000,0.0413752
MEMEUSDT,SELL,LIMIT,1701964735362,12642,0.0413347
MEMEUSDT,SELL,LIMIT,1701964737167,1844,0.0412987
MEMEUSDT,SELL,LIMIT,1701964744446,16397,0.0412539
MEMEUSDT,SELL,LIMIT,1701964745579,210,0.0412176
MEMEUSDT,SELL,LIMIT,1701964747042,6928,0.0411438
MEMEUSDT,SELL,LIMIT,1701964748092,225,0.0411620
MEMEUSDT,SELL,LIMIT,1701964761410,20000,0.0411435
MEMEUSDT,SELL,LIMIT,1701964763111,355,0.0411091
MEMEUSDT,SELL,LIMIT,1701964764215,102702,0.0411121
MEMEUSDT,SELL,LIMIT,1701964771725,2384,0.0411700
MEMEUSDT,SELL,LIMIT,1701964827183,201,0.0410293
MEMEUSDT,SELL,LIMIT,1701964828440,894,0.0409530
MEMEUSDT,SELL,LIMIT,1701964869169,3956,0.0409117
MEMEUSDT,SELL,LIMIT,1701964870352,2120,0.0409017
MEMEUSDT,SELL,LIMIT,1701964873102,12505,0.0408790
MEMEUSDT,SELL,LIMIT,1701964874115,37412,0.0408582
MEMEUSDT,BUY,LIMIT,1701964894412,4441,0.0423129
MEMEUSDT,SELL,LIMIT,1701964902857,469,0.0409189
MEMEUSDT,SELL,LIMIT,1701964910299,8942,0.0408539
MEMEUSDT,SELL,LIMIT,1701964915416,688,0.0408247
MEMEUSDT,SELL,LIMIT,1701964916503,21199,0.0408230
MEMEUSDT,SELL,LIMIT,1701964920129,6498,0.0408100
MEMEUSDT,SELL,LIMIT,1701964924787,575,0.0407716
MEMEUSDT,BUY,LIMIT,1701964955760,219,0.0422207
MEMEUSDT,BUY,LIMIT,1701965000066,120252,0.0424015
MEMEUSDT,BUY,LIMIT,1701965011686,35809,0.0424738
MEMEUSDT,BUY,LIMIT,1701965013203,113537,0.0425322
MEMEUSDT,BUY,LIMIT,1701965017114,6466,0.0425398
MEMEUSDT,BUY,LIMIT,1701965060284,3333,0.0426280
MEMEUSDT,BUY,LIMIT,1701965064173,14382,0.0424804
MEMEUSDT,SELL,LIMIT,1701965231471,3434,0.0411712
MEMEUSDT,SELL,LIMIT,1701965333548,8240,0.0416383
MEMEUSDT,SELL,LIMIT,1701965346394,16653,0.0411225
MEMEUSDT,SELL,LIMIT,1701965347863,1952,0.0410830
MEMEUSDT,SELL,LIMIT,1701965349022,679,0.0409861
MEMEUSDT,SELL,LIMIT,1701965379348,18985,0.0409263
MEMEUSDT,SELL,LIMIT,1701965384048,992,0.0408494
MEMEUSDT,SELL,LIMIT,1701965396496,1106,0.0407373
MEMEUSDT,SELL,LIMIT,1701965428200,43442,0.0407204
MEMEUSDT,SELL,LIMIT,1701965430276,370,0.0406938
MEMEUSDT,SELL,LIMIT,1701965434419,4715,0.0406785
MEMEUSDT,SELL,LIMIT,1701965437282,10726,0.0406124
MEMEUSDT,SELL,LIMIT,1701965438299,233,0.0406246
MEMEUSDT,SELL,LIMIT,1701965445230,459,0.0405811
MEMEUSDT,SELL,LIMIT,1701965447216,1619,0.0405696
MEMEUSDT,SELL,LIMIT,1701965452493,3691,0.0405640
MEMEUSDT,SELL,LIMIT,1701965510790,804,0.0405344
MEMEUSDT,SELL,LIMIT,1701965540623,86969,0.0405125
MEMEUSDT,SELL,LIMIT,1701965543130,1676,0.0404458
MEMEUSDT,SELL,LIMIT,1701965544279,10886,0.0404139
MEMEUSDT,SELL,LIMIT,1701965545491,3583,0.0403991
MEMEUSDT,SELL,LIMIT,1701965549326,1350,0.0403710
MEMEUSDT,SELL,LIMIT,1701965551143,2351,0.0403304
MEMEUSDT,SELL,LIMIT,1701965552493,1709,0.0403409
MEMEUSDT,SELL,LIMIT,1701965553947,26961,0.0402761
MEMEUSDT,SELL,LIMIT,1701965555226,27450,0.0402710
MEMEUSDT,SELL,LIMIT,1701965556366,10523,0.0402578
MEMEUSDT,SELL,LIMIT,1701965557440,617,0.0402083
MEMEUSDT,SELL,LIMIT,1701965558444,6921,0.0401855
MEMEUSDT,SELL,LIMIT,1701965569728,16768,0.0401883
MEMEUSDT,SELL,LIMIT,1701965570886,96110,0.0401451
MEMEUSDT,SELL,LIMIT,1701965573050,11038,0.0401180
MEMEUSDT,SELL,LIMIT,1701965635986,72688,0.0402203
MEMEUSDT,SELL,LIMIT,1701965674248,20731,0.0401631
MEMEUSDT,BUY,LIMIT,1701965740888,135,0.0415925
MEMEUSDT,SELL,LIMIT,1701965776369,15670,0.0405671
MEMEUSDT,BUY,LIMIT,1701965784517,34334,0.0417393
MEMEUSDT,BUY,LIMIT,1701965790561,740,0.0417555
MEMEUSDT,BUY,LIMIT,1701965792745,11498,0.0417616
MEMEUSDT,BUY,LIMIT,1701965793954,1477,0.0417862
MEMEUSDT,BUY,LIMIT,1701965795094,36659,0.0418243
MEMEUSDT,BUY,LIMIT,1701965798510,7986,0.0419117
MEMEUSDT,SELL,LIMIT,1701965956326,101173,0.0405883
MEMEUSDT,SELL,LIMIT,1701965957947,304,0.0405530
MEMEUSDT,BUY,LIMIT,1701966022742,26377,0.0420712
MEMEUSDT,BUY,LIMIT,1701966070035,23282,0.0422445
MEMEUSDT,BUY,LIMIT,1701966072331,238,0.0422482
MEMEUSDT,BUY,LIMIT,1701966102273,24146,0.0424158
MEMEUSDT,BUY,LIMIT,1701966106086,26942,0.0424519
MEMEUSDT,BUY,LIMIT,1701966163073,119846,0.0425086
MEMEUSDT,SELL,LIMIT,1701966361570,20565,0.0410281
MEMEUSDT,SELL,LIMIT,1701966373062,46771,0.0410077
MEMEUSDT,SELL,LIMIT,1701966547412,8058,0.0409265
MEMEUSDT,SELL,LIMIT,1701966625446,400,0.0408684
MEMEUSDT,SELL,LIMIT,1701966671134,207,0.0408400
MEMEUSDT,SELL,LIMIT,1701966673063,166,0.0408246
MEMEUSDT,SELL,LIMIT,1701966730248,3538,0.0408138
MEMEUSDT,BUY,LIMIT,1701966801125,25357,0.0422087
MEMEUSDT,SELL,LIMIT,1701966944472,119990,0.0406145
MEMEUSDT,SELL,LIMIT,1701966949275,6689,0.0405849
MEMEUSDT,SELL,LIMIT,1701966954543,989,0.0405815
MEMEUSDT,SELL,LIMIT,1701967010115,8934,0.0405595
MEMEUSDT,SELL,LIMIT,1701967012466,11417,0.0405408
MEMEUSDT,SELL,LIMIT,1701967051007,6929,0.0404909
MEMEUSDT,BUY,LIMIT,1701967163083,7306,0.0419557
MEMEUSDT,BUY,LIMIT,1701967172428,7966,0.0420852
MEMEUSDT,BUY,LIMIT,1701967184382,14044,0.0421136
MEMEUSDT,BUY,LIMIT,1701967217257,1102,0.0419709
MEMEUSDT,SELL,LIMIT,1701967306560,4829,0.0405893
MEMEUSDT,SELL,LIMIT,1701967314752,4677,0.0405235
MEMEUSDT,SELL,LIMIT,1701967709354,6581,0.0404638
MEMEUSDT,SELL,LIMIT,1701967712395,15933,0.0404399
MEMEUSDT,SELL,LIMIT,1701967715497,144,0.0404390
MEMEUSDT,SELL,LIMIT,1701967735436,7177,0.0404326
MEMEUSDT,SELL,LIMIT,1701967737509,7988,0.0404233
MEMEUSDT,SELL,LIMIT,1701967738682,3122,0.0404049
MEMEUSDT,SELL,LIMIT,1701967755726,24239,0.0404022
MEMEUSDT,SELL,LIMIT,1701967767038,6100,0.0404215
MEMEUSDT,SELL,LIMIT,1701967904910,1453,0.0403935
MEMEUSDT,SELL,LIMIT,1701967907267,6069,0.0403756
MEMEUSDT,SELL,LIMIT,1701967908866,189,0.0403501
MEMEUSDT,SELL,LIMIT,1701967911472,121343,0.0403314
MEMEUSDT,SELL,LIMIT,1701967921259,804,0.0403097
MEMEUSDT,BUY,LIMIT,1701968061381,1447,0.0418423
MEMEUSDT,BUY,LIMIT,1701968110789,266,0.0420340
MEMEUSDT,BUY,LIMIT,1701968119092,55422,0.0421067
MEMEUSDT,BUY,LIMIT,1701968120698,120854,0.0421911
MEMEUSDT,BUY,LIMIT,1701968123397,15883,0.0422105
MEMEUSDT,BUY,LIMIT,1701968149451,15825,0.0423907
MEMEUSDT,BUY,LIMIT,1701968154909,36955,0.0424478
MEMEUSDT,BUY,LIMIT,1701968156176,38391,0.0424382
MEMEUSDT,SELL,LIMIT,1701968357888,433,0.0408370
MEMEUSDT,SELL,LIMIT,1701968445843,33679,0.0406761
MEMEUSDT,SELL,LIMIT,1701968499228,55466,0.0405209
MEMEUSDT,BUY,LIMIT,1701968646563,3492,0.0421204
MEMEUSDT,BUY,LIMIT,1701968780649,1210,0.0423465
MEMEUSDT,BUY,LIMIT,1701968805678,861,0.0424464
MEMEUSDT,BUY,LIMIT,1701968808191,4051,0.0425289
MEMEUSDT,BUY,LIMIT,1701968809505,26669,0.0425524
MEMEUSDT,BUY,LIMIT,1701968918411,125,0.0425857
MEMEUSDT,BUY,LIMIT,1701969032969,1069,0.0427948
MEMEUSDT,BUY,LIMIT,1701969038109,21900,0.0428152
MEMEUSDT,BUY,LIMIT,1701969109261,30273,0.0429112
MEMEUSDT,BUY,LIMIT,1701969118050,1511,0.0429848
MEMEUSDT,BUY,LIMIT,1701969125457,129540,0.0430731
MEMEUSDT,BUY,LIMIT,1701969131073,40267,0.0430622
MEMEUSDT,BUY,LIMIT,1701969139293,9893,0.0431659
MEMEUSDT,BUY,LIMIT,1701969141568,105112,0.0431782
MEMEUSDT,BUY,LIMIT,1701969145327,73330,0.0432059
MEMEUSDT,BUY,LIMIT,1701969148884,539,0.0432462
MEMEUSDT,BUY,LIMIT,1701969163118,2937,0.0433376
MEMEUSDT,BUY,LIMIT,1701969164124,61015,0.0433910
MEMEUSDT,BUY,LIMIT,1701969169065,96776,0.0434492
MEMEUSDT,BUY,LIMIT,1701969186530,8225,0.0434930
MEMEUSDT,BUY,LIMIT,1701969196093,60000,0.0434871
MEMEUSDT,BUY,LIMIT,1701969201681,5124,0.0435667
MEMEUSDT,BUY,LIMIT,1701969219032,376,0.0436125
MEMEUSDT,SELL,LIMIT,1701969339964,778,0.0420466
MEMEUSDT,SELL,LIMIT,1701969342187,1453,0.0420259
MEMEUSDT,SELL,LIMIT,1701969344075,1510,0.0419812
MEMEUSDT,SELL,LIMIT,1701969346363,10947,0.0419570
MEMEUSDT,SELL,LIMIT,1701969447176,233,0.0418562
MEMEUSDT,SELL,LIMIT,1701969448507,7275,0.0418566
MEMEUSDT,SELL,LIMIT,1701969636651,584,0.0415545
MEMEUSDT,SELL,LIMIT,1701969640192,142,0.0415126
MEMEUSDT,SELL,LIMIT,1701969672176,114136,0.0414518
MEMEUSDT,SELL,LIMIT,1701969679015,2078,0.0414268
MEMEUSDT,SELL,LIMIT,1701969693300,14210,0.0413332
MEMEUSDT,BUY,LIMIT,1701970207455,187,0.0429031
MEMEUSDT,SELL,LIMIT,1701970269881,1185,0.0415741
MEMEUSDT,SELL,LIMIT,1701970551235,16446,0.0414301
MEMEUSDT,SELL,LIMIT,1701970557244,1632,0.0414072
MEMEUSDT,SELL,LIMIT,1701970885234,64766,0.0413863
MEMEUSDT,SELL,LIMIT,1701970909684,7965,0.0412827
MEMEUSDT,SELL,LIMIT,1701970911368,3413,0.0412640
MEMEUSDT,SELL,LIMIT,1701970913112,29719,0.0412216
MEMEUSDT,SELL,LIMIT,1701970914257,4742,0.0411976
MEMEUSDT,SELL,LIMIT,1701970929889,68672,0.0411693
MEMEUSDT,BUY,LIMIT,1701971005708,19990,0.0426605
MEMEUSDT,SELL,LIMIT,1701971014023,2227,0.0415968
MEMEUSDT,BUY,LIMIT,1701971046586,496,0.0423915
MEMEUSDT,BUY,LIMIT,1701971122777,36482,0.0427069
MEMEUSDT,BUY,LIMIT,1701971244560,5412,0.0427055
MEMEUSDT,BUY,LIMIT,1701971453872,35897,0.0428483
MEMEUSDT,SELL,LIMIT,1701971538382,1114,0.0413785
MEMEUSDT,SELL,LIMIT,1701971826116,448,0.0413623
MEMEUSDT,SELL,LIMIT,1701971873833,88050,0.0413425
MEMEUSDT,SELL,LIMIT,1701971903005,2551,0.0413077
MEMEUSDT,SELL,LIMIT,1701971931379,2479,0.0412836
MEMEUSDT,SELL,LIMIT,1701972038714,10431,0.0412645
MEMEUSDT,SELL,LIMIT,1701972078546,128,0.0412061
MEMEUSDT,SELL,LIMIT,1701972080218,15062,0.0411961
MEMEUSDT,SELL,LIMIT,1701972103184,15524,0.0411467
MEMEUSDT,SELL,LIMIT,1701972108035,6449,0.0411258
MEMEUSDT,BUY,LIMIT,1701972562742,92641,0.0427224
MEMEUSDT,BUY,LIMIT,1701972619239,1187,0.0427579
MEMEUSDT,SELL,LIMIT,1701972921826,8605,0.0413300
MEMEUSDT,SELL,LIMIT,1701973127185,13346,0.0412688
MEMEUSDT,SELL,LIMIT,1701973170065,18174,0.0412068
MEMEUSDT,SELL,LIMIT,1701973192092,9337,0.0411598
MEMEUSDT,SELL,LIMIT,1701973196075,344,0.0411788
MEMEUSDT,SELL,LIMIT,1701973399020,9851,0.0410231
MEMEUSDT,SELL,LIMIT,1701973979728,272,0.0410118
MEMEUSDT,SELL,LIMIT,1701974030776,118826,0.0410053
MEMEUSDT,SELL,LIMIT,1701974036516,773,0.0409968
MEMEUSDT,SELL,LIMIT,1701974044944,62030,0.0410622
MEMEUSDT,SELL,LIMIT,1701974056440,479,0.0409987
MEMEUSDT,SELL,LIMIT,1701974058402,143,0.0409776
MEMEUSDT,SELL,LIMIT,1701974143513,4441,0.0409239
MEMEUSDT,SELL,LIMIT,1701974153112,29038,0.0408499
MEMEUSDT,SELL,LIMIT,1701974154281,193,0.0408066
MEMEUSDT,SELL,LIMIT,1701974155592,7444,0.0407959
MEMEUSDT,SELL,LIMIT,1701974261687,5919,0.0407197
MEMEUSDT,SELL,LIMIT,1701974264283,2531,0.0406938
MEMEUSDT,SELL,LIMIT,1701974274507,800,0.0406774
MEMEUSDT,SELL,LIMIT,1701974276590,235,0.0406469
MEMEUSDT,SELL,LIMIT,1701974277944,4546,0.0406409
MEMEUSDT,SELL,LIMIT,1701974287338,7213,0.0406130
MEMEUSDT,SELL,LIMIT,1701974291740,20909,0.0405654
MEMEUSDT,SELL,LIMIT,1701974303071,3895,0.0405835
MEMEUSDT,SELL,LIMIT,1701974306892,3248,0.0405340
MEMEUSDT,BUY,LIMIT,1701975138095,41819,0.0420966
MEMEUSDT,SELL,LIMIT,1701975895993,1132,0.0407025
MEMEUSDT,SELL,LIMIT,1701976158060,396,0.0406252
MEMEUSDT,SELL,LIMIT,1701976163925,3888,0.0405822
MEMEUSDT,SELL,LIMIT,1701976165809,8269,0.0405779
MEMEUSDT,BUY,LIMIT,1701976553343,20238,0.0420262
MEMEUSDT,SELL,LIMIT,1701977007473,16888,0.0405948
MEMEUSDT,SELL,LIMIT,1701977012080,1235,0.0405801
MEMEUSDT,SELL,LIMIT,1701977032726,128,0.0404681
MEMEUSDT,SELL,LIMIT,1701977033929,30193,0.0403836
MEMEUSDT,SELL,LIMIT,1701977060558,1250,0.0403509
MEMEUSDT,SELL,LIMIT,1701977061703,2608,0.0403488
MEMEUSDT,SELL,LIMIT,1701977065601,5324,0.0403111
MEMEUSDT,SELL,LIMIT,1701977188937,34843,0.0403181
MEMEUSDT,SELL,LIMIT,1701977266012,26523,0.0402885
MEMEUSDT,SELL,LIMIT,1701977267051,2000,0.0400615
MEMEUSDT,SELL,LIMIT,1701977268087,5978,0.0401802
MEMEUSDT,SELL,LIMIT,1701977269417,7118,0.0400462
MEMEUSDT,SELL,LIMIT,1701977295128,928,0.0401671
MEMEUSDT,SELL,LIMIT,1701977296181,3824,0.0400981
MEMEUSDT,BUY,LIMIT,1701977429606,46833,0.0415735
MEMEUSDT,BUY,LIMIT,1701977650870,24944,0.0417770
MEMEUSDT,SELL,LIMIT,1701977992478,6374,0.0403267
MEMEUSDT,SELL,LIMIT,1701978115220,4063,0.0402091
MEMEUSDT,SELL,LIMIT,1701978228303,75000,0.0403472
MEMEUSDT,SELL,LIMIT,1701978367411,304,0.0547475
MEMEUSDT,SELL,LIMIT,1701979331188,4201,0.0402432
MEMEUSDT,SELL,LIMIT,1701979354419,342,0.0401960
MEMEUSDT,BUY,LIMIT,1701979632063,930,0.0418108
MEMEUSDT,BUY,LIMIT,1701979635881,169,0.0418657
MEMEUSDT,SELL,LIMIT,1701980075500,14264,0.0405200
MEMEUSDT,SELL,LIMIT,1701980222721,231,0.0402919
MEMEUSDT,SELL,LIMIT,1701980293880,363,0.0402296
MEMEUSDT,SELL,LIMIT,1701980298872,90042,0.0401933
MEMEUSDT,SELL,LIMIT,1701980303287,50,0.0402062
MEMEUSDT,SELL,LIMIT,1701980304769,15330,0.0402019
MEMEUSDT,SELL,LIMIT,1701980315793,540,0.0401222
MEMEUSDT,SELL,LIMIT,1701980373207,1225,0.0400983
MEMEUSDT,SELL,LIMIT,1701980416102,414,0.0400868
MEMEUSDT,SELL,LIMIT,1701980421945,464,0.0400521
MEMEUSDT,SELL,LIMIT,1701980423669,152309,0.0399690
MEMEUSDT,SELL,LIMIT,1701980424796,4348,0.0400240
MEMEUSDT,SELL,LIMIT,1701980449498,5646,0.0399930
MEMEUSDT,SELL,LIMIT,1701980451867,6246,0.0399882
MEMEUSDT,SELL,LIMIT,1701980453345,472,0.0399787
MEMEUSDT,SELL,LIMIT,1701980487920,11364,0.0399688
MEMEUSDT,SELL,LIMIT,1701980489182,142,0.0399577
MEMEUSDT,SELL,LIMIT,1701980490283,34,0.0545078
MEMEUSDT,SELL,LIMIT,1701980547400,840,0.0399490
MEMEUSDT,SELL,LIMIT,1701980549158,474,0.0399366
MEMEUSDT,SELL,LIMIT,1701980557811,163,0.0399324
MEMEUSDT,SELL,LIMIT,1701980560510,3949,0.0399241
MEMEUSDT,SELL,LIMIT,1701980586063,5120,0.0400356
MEMEUSDT,SELL,LIMIT,1701981365437,133,0.0399710
MEMEUSDT,SELL,LIMIT,1701981447254,5839,0.0398697
MEMEUSDT,SELL,LIMIT,1701981448269,45000,0.0398517
MEMEUSDT,SELL,LIMIT,1701981493042,36176,0.0398051
MEMEUSDT,SELL,LIMIT,1701981494067,7928,0.0397551
MEMEUSDT,SELL,LIMIT,1701981495106,5456,0.0396847
MEMEUSDT,SELL,LIMIT,1701981496109,6068,0.0396887
MEMEUSDT,SELL,LIMIT,1701981516280,35122,0.0396610
MEMEUSDT,SELL,LIMIT,1701981518145,2381,0.0396529
MEMEUSDT,SELL,LIMIT,1701981519366,14384,0.0396552
MEMEUSDT,SELL,LIMIT,1701981520723,290,0.0396261
MEMEUSDT,SELL,LIMIT,1701981521822,2661,0.0396160
MEMEUSDT,SELL,LIMIT,1701981523112,132,0.0395944
MEMEUSDT,SELL,LIMIT,1701981566937,1887,0.0396332
MEMEUSDT,SELL,LIMIT,1701981620991,30398,0.0396602
MEMEUSDT,SELL,LIMIT,1701981623196,2458,0.0397244
MEMEUSDT,BUY,LIMIT,1701982955119,2480,0.0411091
MEMEUSDT,BUY,LIMIT,1701982956662,309,0.0411378
MEMEUSDT,BUY,LIMIT,1701982994612,6191,0.0411660
MEMEUSDT,BUY,LIMIT,1701983014955,123724,0.0412438
MEMEUSDT,SELL,LIMIT,1701983621320,5421,0.0397187
MEMEUSDT,BUY,LIMIT,1701983871636,3662,0.0411326
MEMEUSDT,BUY,LIMIT,1701983927082,20300,0.0412406
MEMEUSDT,BUY,LIMIT,1701984193275,122546,0.0412453
MEMEUSDT,BUY,LIMIT,1701984445430,19556,0.0412896
MEMEUSDT,SELL,LIMIT,1701985086280,2000,0.0398982
MEMEUSDT,SELL,LIMIT,1701985122067,6779,0.0399989
MEMEUSDT,SELL,LIMIT,1701985613618,10143,0.0398206
MEMEUSDT,SELL,LIMIT,1701985614627,18638,0.0398183
MEMEUSDT,SELL,LIMIT,1701985615749,131,0.0397951
MEMEUSDT,SELL,LIMIT,1701985658159,653,0.0397809
MEMEUSDT,SELL,LIMIT,1701985668778,9109,0.0397695
MEMEUSDT,BUY,LIMIT,1701986091730,6228,0.0412290
MEMEUSDT,SELL,LIMIT,1701986381473,143,0.0397891
MEMEUSDT,SELL,LIMIT,1701986905985,1500,0.0397264
MEMEUSDT,SELL,LIMIT,1701987443346,91781,0.0396738
MEMEUSDT,SELL,LIMIT,1701987445097,100000,0.0394086
MEMEUSDT,SELL,LIMIT,1701987446217,120113,0.0394299
MEMEUSDT,SELL,LIMIT,1701987448889,1643,0.0394010
MEMEUSDT,SELL,LIMIT,1701987450166,4234,0.0393104
MEMEUSDT,SELL,LIMIT,1701987451311,28238,0.0393533
MEMEUSDT,SELL,LIMIT,1701987560334,41721,0.0395909
MEMEUSDT,SELL,LIMIT,1701987562104,122220,0.0393360
MEMEUSDT,SELL,LIMIT,1701987582685,27839,0.0392911
MEMEUSDT,SELL,LIMIT,1701987583706,120288,0.0392628
MEMEUSDT,SELL,LIMIT,1701987585121,12724,0.0392555
MEMEUSDT,SELL,LIMIT,1701987586324,4745,0.0392381
MEMEUSDT,SELL,LIMIT,1701987625074,37470,0.0392891
MEMEUSDT,SELL,LIMIT,1701988071526,36622,0.0393555
MEMEUSDT,SELL,LIMIT,1701988307180,3873,0.0392365
MEMEUSDT,SELL,LIMIT,1701988308490,62861,0.0392375
MEMEUSDT,SELL,LIMIT,1701988323195,3670,0.0392152
MEMEUSDT,SELL,LIMIT,1701988326893,16563,0.0392035
MEMEUSDT,SELL,LIMIT,1701988328370,1656,0.0391636
MEMEUSDT,SELL,LIMIT,1701988330154,118180,0.0391528
MEMEUSDT,SELL,LIMIT,1701988331391,11467,0.0391580
MEMEUSDT,SELL,LIMIT,1701988343136,116808,0.0391469
MEMEUSDT,SELL,LIMIT,1701988353092,1693,0.0390772
MEMEUSDT,SELL,LIMIT,1701988354132,48637,0.0390888
MEMEUSDT,SELL,LIMIT,1701988355206,1256,0.0390121
MEMEUSDT,SELL,LIMIT,1701988356487,1265,0.0387890
MEMEUSDT,SELL,LIMIT,1701988365396,201,0.0388438
MEMEUSDT,SELL,LIMIT,1701988368082,65058,0.0388476
MEMEUSDT,SELL,LIMIT,1701988369265,7581,0.0387748
MEMEUSDT,SELL,LIMIT,1701988370272,48176,0.0387645
MEMEUSDT,SELL,LIMIT,1701988371368,2345,0.0387550
MEMEUSDT,SELL,LIMIT,1701988382787,1920,0.0388159
MEMEUSDT,SELL,LIMIT,1701988399349,3254,0.0389900
MEMEUSDT,SELL,LIMIT,1701988402981,18191,0.0388832
MEMEUSDT,SELL,LIMIT,1701988418664,625,0.0390407
MEMEUSDT,SELL,LIMIT,1701988451290,3949,0.0388668
MEMEUSDT,SELL,LIMIT,1701988456150,24323,0.0388110
MEMEUSDT,SELL,LIMIT,1701988462131,515,0.0390139
MEMEUSDT,SELL,LIMIT,1701988478790,45963,0.0388120
MEMEUSDT,SELL,LIMIT,1701988488627,371,0.0388258
MEMEUSDT,SELL,LIMIT,1701988849183,3605,0.0387315
MEMEUSDT,SELL,LIMIT,1701988850885,14109,0.0387207
MEMEUSDT,SELL,LIMIT,1701988853538,19092,0.0387180
MEMEUSDT,SELL,LIMIT,1701988871600,894,0.0387060
MEMEUSDT,SELL,LIMIT,1701988873183,1474,0.0386924
MEMEUSDT,SELL,LIMIT,1701988874317,47015,0.0386909
MEMEUSDT,SELL,LIMIT,1701989520249,192,0.0387010
MEMEUSDT,SELL,LIMIT,1701989538590,5000,0.0386748
MEMEUSDT,SELL,LIMIT,1701989539936,1269,0.0386583
MEMEUSDT,SELL,LIMIT,1701989582028,304,0.0386513
MEMEUSDT,SELL,LIMIT,1701989592302,22050,0.0386362
MEMEUSDT,SELL,LIMIT,1701989606073,29777,0.0386171
MEMEUSDT,SELL,LIMIT,1701989611119,208505,0.0384580
MEMEUSDT,SELL,LIMIT,1701989613956,23002,0.0385986
MEMEUSDT,SELL,LIMIT,1701989617506,1981,0.0385869
MEMEUSDT,SELL,LIMIT,1701989624114,2634,0.0385822
MEMEUSDT,SELL,LIMIT,1701989626577,66123,0.0385783
MEMEUSDT,BUY,LIMIT,1701989704131,126346,0.0400988
MEMEUSDT,SELL,LIMIT,1701990518373,59964,0.0388929
MEMEUSDT,SELL,LIMIT,1701990822107,16982,0.0386571
MEMEUSDT,SELL,LIMIT,1701990848898,8890,0.0385906
MEMEUSDT,SELL,LIMIT,1701990939827,8872,0.0386259
MEMEUSDT,SELL,LIMIT,1701991036247,703,0.0385804
MEMEUSDT,SELL,LIMIT,1701991038062,190,0.0385727
MEMEUSDT,SELL,LIMIT,1701991413763,140,0.0385679
MEMEUSDT,SELL,LIMIT,1701991420698,793,0.0385563
MEMEUSDT,SELL,LIMIT,1701991434449,733,0.0385421
MEMEUSDT,SELL,LIMIT,1701991435864,241,0.0385419
MEMEUSDT,SELL,LIMIT,1701991680470,6162,0.0385329
MEMEUSDT,SELL,LIMIT,1701991710688,3691,0.0385151
MEMEUSDT,SELL,LIMIT,1701991723825,48214,0.0384882
MEMEUSDT,SELL,LIMIT,1701991725502,177619,0.0383794
MEMEUSDT,BUY,LIMIT,1701991939985,20744,0.0399366
MEMEUSDT,BUY,LIMIT,1701991953347,734,0.0399796
MEMEUSDT,SELL,LIMIT,1701993264775,1317,0.0387025
MEMEUSDT,BUY,LIMIT,1701993788790,13224,0.0400285
MEMEUSDT,BUY,LIMIT,1701993869095,79531,0.0400835
MEMEUSDT,SELL,LIMIT,1701994275591,2612,0.0387769
MEMEUSDT,SELL,LIMIT,1701994298881,14139,0.0386877
MEMEUSDT,SELL,LIMIT,1701994341334,30000,0.0386717
MEMEUSDT,SELL,LIMIT,1701994357715,7350,0.0386331
MEMEUSDT,SELL,LIMIT,1701994427218,375,0.0385730
MEMEUSDT,SELL,LIMIT,1701994428705,190,0.0385531
MEMEUSDT,SELL,LIMIT,1701994458509,9467,0.0385180
MEMEUSDT,SELL,LIMIT,1701994461320,786,0.0385064
MEMEUSDT,SELL,LIMIT,1701994509116,345,0.0384780
MEMEUSDT,SELL,LIMIT,1701994511175,7764,0.0384694
MEMEUSDT,BUY,LIMIT,1701994811229,500,0.0400874
MEMEUSDT,BUY,LIMIT,1701995013090,6993,0.0402863
MEMEUSDT,BUY,LIMIT,1701995252418,4997,0.0404774
MEMEUSDT,BUY,LIMIT,1701995253680,23884,0.0404860
MEMEUSDT,BUY,LIMIT,1701995258094,5015,0.0405019
MEMEUSDT,BUY,LIMIT,1701995260955,133,0.0405307
MEMEUSDT,SELL,LIMIT,1701995532547,1221,0.0390598
MEMEUSDT,SELL,LIMIT,1701995762293,848,0.0390233
MEMEUSDT,BUY,LIMIT,1701996492414,4831,0.0405012
MEMEUSDT,BUY,LIMIT,1701996768101,2426,0.0406841
MEMEUSDT,BUY,LIMIT,1701997224151,300,0.0407293
MEMEUSDT,BUY,LIMIT,1701997229172,5768,0.0407651
MEMEUSDT,SELL,LIMIT,1701997575933,2948,0.0391927
MEMEUSDT,SELL,LIMIT,1701997594953,14649,0.0391595
MEMEUSDT,SELL,LIMIT,1701997669159,786,0.0391544
MEMEUSDT,SELL,LIMIT,1701997671773,2767,0.0391356
MEMEUSDT,SELL,LIMIT,1701997711812,791,0.0390721
MEMEUSDT,SELL,LIMIT,1701997723491,2347,0.0391534
MEMEUSDT,SELL,LIMIT,1701997744100,12594,0.0389141
MEMEUSDT,SELL,LIMIT,1701997749009,3651,0.0388998
MEMEUSDT,SELL,LIMIT,1701997971412,71,0.0388428
MEMEUSDT,SELL,LIMIT,1701997977356,5562,0.0387519
MEMEUSDT,SELL,LIMIT,1701997997299,2283,0.0387477
MEMEUSDT,SELL,LIMIT,1701998001052,816,0.0387437
MEMEUSDT,SELL,LIMIT,1701998019803,74138,0.0387321
MEMEUSDT,SELL,LIMIT,1701998022365,4402,0.0387096
MEMEUSDT,SELL,LIMIT,1701998033596,4922,0.0386784
MEMEUSDT,SELL,LIMIT,1701998225946,53159,0.0386684
MEMEUSDT,SELL,LIMIT,1701998234142,21476,0.0386405
MEMEUSDT,SELL,LIMIT,1701998249251,886,0.0386243
MEMEUSDT,SELL,LIMIT,1701998261108,38119,0.0385710
MEMEUSDT,SELL,LIMIT,1701998475524,304,0.0384915
MEMEUSDT,SELL,LIMIT,1701998501367,81713,0.0384515
MEMEUSDT,SELL,LIMIT,1701998502437,48543,0.0384325
MEMEUSDT,SELL,LIMIT,1701998503495,26207,0.0383392
MEMEUSDT,SELL,LIMIT,1701998504528,148,0.0383067
MEMEUSDT,SELL,LIMIT,1701998505529,45343,0.0382780
MEMEUSDT,BUY,LIMIT,1701998777577,2329,0.0397501
MEMEUSDT,BUY,LIMIT,1701998918360,3834,0.0399245
MEMEUSDT,BUY,LIMIT,1701998921772,29071,0.0399526
MEMEUSDT,BUY,LIMIT,1701999240119,6385,0.0399868
MEMEUSDT,BUY,LIMIT,1701999326277,820,0.0401835
MEMEUSDT,BUY,LIMIT,1701999528248,63158,0.0402485
MEMEUSDT,BUY,LIMIT,1701999549314,159,0.0402648
MEMEUSDT,BUY,LIMIT,1701999661724,765,0.0402926
MEMEUSDT,BUY,LIMIT,1701999979954,10091,0.0404761
MEMEUSDT,BUY,LIMIT,1702000016757,1031,0.0405550
MEMEUSDT,BUY,LIMIT,1702000228857,6330,0.0406227
MEMEUSDT,BUY,LIMIT,1702000382436,1500,0.0407366
MEMEUSDT,BUY,LIMIT,1702000406458,2052,0.0407625
MEMEUSDT,BUY,LIMIT,1702000424994,2438,0.0408184
MEMEUSDT,BUY,LIMIT,1702000438254,126689,0.0408590
MEMEUSDT,BUY,LIMIT,1702000470744,3783,0.0409992
MEMEUSDT,BUY,LIMIT,1702000487152,1599,0.0410050
MEMEUSDT,BUY,LIMIT,1702000536987,1902,0.0411201
MEMEUSDT,BUY,LIMIT,1702000665197,20128,0.0412222
MEMEUSDT,BUY,LIMIT,1702000825878,12283,0.0411983
MEMEUSDT,BUY,LIMIT,1702000987145,1067,0.0413130
MEMEUSDT,BUY,LIMIT,1702001002984,1522,0.0413709
MEMEUSDT,BUY,LIMIT,1702001004301,2820,0.0413812
MEMEUSDT,BUY,LIMIT,1702001009523,16118,0.0414182
MEMEUSDT,BUY,LIMIT,1702001016096,4672,0.0415384
MEMEUSDT,BUY,LIMIT,1702001023313,178,0.0415669
MEMEUSDT,BUY,LIMIT,1702001025139,98290,0.0416029
MEMEUSDT,BUY,LIMIT,1702001032270,7502,0.0416388
MEMEUSDT,SELL,LIMIT,1702001064866,381,0.0401571
MEMEUSDT,BUY,LIMIT,1702001140891,14091,0.0414597
MEMEUSDT,SELL,LIMIT,1702001174020,1055,0.0400973
MEMEUSDT,SELL,LIMIT,1702001176032,107258,0.0400186
MEMEUSDT,SELL,LIMIT,1702001348111,7364,0.0399296
MEMEUSDT,SELL,LIMIT,1702001414572,25648,0.0397606
MEMEUSDT,SELL,LIMIT,1702002020237,18457,0.0395022
MEMEUSDT,SELL,LIMIT,1702002062169,7463,0.0394240
MEMEUSDT,SELL,LIMIT,1702002255617,12137,0.0392772
MEMEUSDT,SELL,LIMIT,1702002631858,33329,0.0392500
MEMEUSDT,SELL,LIMIT,1702002634213,1242,0.0392195
MEMEUSDT,SELL,LIMIT,1702002699616,188,0.0391617
MEMEUSDT,SELL,LIMIT,1702002705433,3245,0.0391278
MEMEUSDT,SELL,LIMIT,1702002729069,1978,0.0394481
MEMEUSDT,SELL,LIMIT,1702002733407,247,0.0390207
MEMEUSDT,SELL,LIMIT,1702002735305,1196,0.0390124
MEMEUSDT,SELL,LIMIT,1702002738183,14340,0.0389803
MEMEUSDT,SELL,LIMIT,1702002740838,22394,0.0389430
MEMEUSDT,SELL,LIMIT,1702002743436,218511,0.0387791
MEMEUSDT,SELL,LIMIT,1702002775411,3065,0.0389011
MEMEUSDT,SELL,LIMIT,1702002850638,64589,0.0390875
MEMEUSDT,SELL,LIMIT,1702002856783,13092,0.0387906
MEMEUSDT,SELL,LIMIT,1702002885249,5619,0.0387200
MEMEUSDT,SELL,LIMIT,1702002890172,12176,0.0387123
MEMEUSDT,SELL,LIMIT,1702002918165,5105,0.0386565
MEMEUSDT,SELL,LIMIT,1702002924694,11004,0.0386489
MEMEUSDT,SELL,LIMIT,1702002933281,100641,0.0386284
MEMEUSDT,SELL,LIMIT,1702002961358,5980,0.0385966
MEMEUSDT,SELL,LIMIT,1702002979507,14343,0.0385526
MEMEUSDT,SELL,LIMIT,1702003047000,1000,0.0386190
MEMEUSDT,SELL,LIMIT,1702003272542,33178,0.0385028
MEMEUSDT,SELL,LIMIT,1702003573234,1236,0.0384365
MEMEUSDT,SELL,LIMIT,1702003596332,15314,0.0384072
MEMEUSDT,SELL,LIMIT,1702003597709,11695,0.0383848
MEMEUSDT,SELL,LIMIT,1702003606163,119505,0.0383495
MEMEUSDT,SELL,LIMIT,1702003619279,15501,0.0382909
MEMEUSDT,SELL,LIMIT,1702003621726,12834,0.0382667
MEMEUSDT,SELL,LIMIT,1702003629648,3761,0.0382732
MEMEUSDT,SELL,LIMIT,1702003642404,16374,0.0382466
MEMEUSDT,SELL,LIMIT,1702003653680,124250,0.0385905
MEMEUSDT,SELL,LIMIT,1702003662359,1857,0.0382228
MEMEUSDT,SELL,LIMIT,1702003665729,3494,0.0382189
MEMEUSDT,SELL,LIMIT,1702003667694,465,0.0381987
MEMEUSDT,SELL,LIMIT,1702003668730,251,0.0381871
MEMEUSDT,SELL,LIMIT,1702003669733,4556,0.0381511
MEMEUSDT,SELL,LIMIT,1702003670790,17992,0.0381435
MEMEUSDT,SELL,LIMIT,1702003672301,9636,0.0381188
MEMEUSDT,SELL,LIMIT,1702003673365,2369,0.0381156
MEMEUSDT,SELL,LIMIT,1702003677519,662,0.0382879
MEMEUSDT,SELL,LIMIT,1702003678629,11744,0.0381048
MEMEUSDT,SELL,LIMIT,1702003679869,11438,0.0380988
MEMEUSDT,SELL,LIMIT,1702003683289,2481,0.0380852
MEMEUSDT,SELL,LIMIT,1702003693070,454,0.0380806
MEMEUSDT,SELL,LIMIT,1702003694255,119,0.0380729
MEMEUSDT,SELL,LIMIT,1702003711055,6284,0.0380985
MEMEUSDT,SELL,LIMIT,1702003715798,18242,0.0380620
MEMEUSDT,SELL,LIMIT,1702003717060,500,0.0380560
MEMEUSDT,SELL,LIMIT,1702003718182,2410,0.0380304
MEMEUSDT,SELL,LIMIT,1702003721311,22705,0.0380228
MEMEUSDT,SELL,LIMIT,1702003724109,9211,0.0380091
MEMEUSDT,SELL,LIMIT,1702003739925,38257,0.0380081
MEMEUSDT,SELL,LIMIT,1702003775128,34493,0.0380082
MEMEUSDT,SELL,LIMIT,1702003778877,19788,0.0379901
MEMEUSDT,SELL,LIMIT,1702003780507,1230,0.0379856
MEMEUSDT,SELL,LIMIT,1702003783253,8391,0.0379724
MEMEUSDT,SELL,LIMIT,1702003792488,14792,0.0379688
MEMEUSDT,BUY,LIMIT,1702003934538,5272,0.0394143
MEMEUSDT,SELL,LIMIT,1702003959518,494,0.0384289
MEMEUSDT,SELL,LIMIT,1702004283356,11550,0.0385269
MEMEUSDT,SELL,LIMIT,1702004444625,6509,0.0385110
MEMEUSDT,SELL,LIMIT,1702004480602,2545,0.0384609
MEMEUSDT,SELL,LIMIT,1702004506753,16044,0.0383554
MEMEUSDT,BUY,LIMIT,1702004999899,1277,0.0399251
MEMEUSDT,SELL,LIMIT,1702005316024,324,0.0387671
MEMEUSDT,BUY,LIMIT,1702005325177,15934,0.0399319
MEMEUSDT,SELL,LIMIT,1702005327657,12319,0.0387583
MEMEUSDT,BUY,LIMIT,1702005556162,104772,0.0400508
MEMEUSDT,BUY,LIMIT,1702005686826,212,0.0401380
MEMEUSDT,BUY,LIMIT,1702005717826,56854,0.0402093
MEMEUSDT,BUY,LIMIT,1702005797472,18227,0.0403330
MEMEUSDT,BUY,LIMIT,1702005811484,7614,0.0403429
MEMEUSDT,BUY,LIMIT,1702005813212,26989,0.0403684
MEMEUSDT,SELL,LIMIT,1702005942643,126,0.0390020
MEMEUSDT,SELL,LIMIT,1702006002908,14679,0.0389101
MEMEUSDT,SELL,LIMIT,1702006350898,188,0.0391541
MEMEUSDT,BUY,LIMIT,1702006366334,13561,0.0403145
MEMEUSDT,SELL,LIMIT,1702006729332,2831,0.0391091
MEMEUSDT,BUY,LIMIT,1702006898195,16216,0.0404703
MEMEUSDT,BUY,LIMIT,1702006899596,1475,0.0404126
MEMEUSDT,SELL,LIMIT,1702007488005,727,0.0390682
MEMEUSDT,SELL,LIMIT,1702007492120,5990,0.0390377
MEMEUSDT,SELL,LIMIT,1702008076465,4806,0.0389190
MEMEUSDT,BUY,LIMIT,1702008135273,26261,0.0402596
MEMEUSDT,SELL,LIMIT,1702008296220,60089,0.0388392
MEMEUSDT,BUY,LIMIT,1702008654261,721,0.0402534
MEMEUSDT,BUY,LIMIT,1702008659778,5053,0.0402808
MEMEUSDT,SELL,LIMIT,1702009288557,268,0.0389476
MEMEUSDT,SELL,LIMIT,1702009302342,500,0.0389281
MEMEUSDT,SELL,LIMIT,1702009601024,420,0.0388649
MEMEUSDT,SELL,LIMIT,1702009604289,8177,0.0387660
MEMEUSDT,SELL,LIMIT,1702009987727,1520,0.0387673
MEMEUSDT,SELL,LIMIT,1702010021762,4692,0.0387238
MEMEUSDT,SELL,LIMIT,1702010027335,185,0.0386995
MEMEUSDT,SELL,LIMIT,1702010212515,15071,0.0386426
MEMEUSDT,SELL,LIMIT,1702010214189,11685,0.0386210
MEMEUSDT,SELL,LIMIT,1702010215527,260,0.0385879
MEMEUSDT,SELL,LIMIT,1702010219104,96031,0.0385660
MEMEUSDT,SELL,LIMIT,1702010221460,1390,0.0385636
MEMEUSDT,SELL,LIMIT,1702010259779,6450,0.0385253
MEMEUSDT,SELL,LIMIT,1702010327917,48,0.0385293
MEMEUSDT,SELL,LIMIT,1702010339394,1732,0.0385043
MEMEUSDT,SELL,LIMIT,1702010468208,2121,0.0384710
MEMEUSDT,SELL,LIMIT,1702010472998,125628,0.0384655
MEMEUSDT,SELL,LIMIT,1702010668938,983,0.0383482
MEMEUSDT,SELL,LIMIT,1702010867856,16744,0.0383195
MEMEUSDT,SELL,LIMIT,1702010905124,3834,0.0382896
MEMEUSDT,SELL,LIMIT,1702010943300,406,0.0382287
MEMEUSDT,SELL,LIMIT,1702010989446,33441,0.0381776
MEMEUSDT,SELL,LIMIT,1702010992349,16624,0.0381583
MEMEUSDT,SELL,LIMIT,1702011015412,58127,0.0381324
MEMEUSDT,SELL,LIMIT,1702011047069,2745,0.0381142
MEMEUSDT,SELL,LIMIT,1702011063917,38435,0.0380514
MEMEUSDT,SELL,LIMIT,1702011118930,1452,0.0381130
MEMEUSDT,SELL,LIMIT,1702011255408,1341,0.0380487
MEMEUSDT,SELL,LIMIT,1702011256872,13543,0.0380420
MEMEUSDT,SELL,LIMIT,1702011288112,1972,0.0380253
MEMEUSDT,SELL,LIMIT,1702011290283,385,0.0380148
MEMEUSDT,SELL,LIMIT,1702011327479,4091,0.0379703
MEMEUSDT,SELL,LIMIT,1702011328770,25629,0.0379637
MEMEUSDT,SELL,LIMIT,1702011340222,16609,0.0379556
MEMEUSDT,SELL,LIMIT,1702011351863,3351,0.0379436
MEMEUSDT,BUY,LIMIT,1702011690570,382,0.0393394
MEMEUSDT,BUY,LIMIT,1702011724065,3664,0.0394240
MEMEUSDT,BUY,LIMIT,1702011727409,44943,0.0394314
MEMEUSDT,BUY,LIMIT,1702011733113,6669,0.0394972
MEMEUSDT,BUY,LIMIT,1702011735172,23182,0.0395100
MEMEUSDT,SELL,LIMIT,1702013571701,735,0.0383152
MEMEUSDT,SELL,LIMIT,1702013587989,630,0.0382919
MEMEUSDT,SELL,LIMIT,1702013615014,46228,0.0382377
MEMEUSDT,SELL,LIMIT,1702013616987,166,0.0382183
MEMEUSDT,SELL,LIMIT,1702013701311,15826,0.0381078
MEMEUSDT,SELL,LIMIT,1702013704235,12871,0.0380679
MEMEUSDT,BUY,LIMIT,1702013954336,232902,0.0396910
MEMEUSDT,BUY,LIMIT,1702014041045,2372,0.0397279
MEMEUSDT,BUY,LIMIT,1702014087020,55028,0.0397988
MEMEUSDT,BUY,LIMIT,1702014088421,8409,0.0398087
MEMEUSDT,BUY,LIMIT,1702014197829,60503,0.0398986
MEMEUSDT,BUY,LIMIT,1702014384839,27651,0.0399840
MEMEUSDT,SELL,LIMIT,1702014572087,6163,0.0385662
MEMEUSDT,SELL,LIMIT,1702015316894,241,0.0385034
MEMEUSDT,SELL,LIMIT,1702015368387,1226,0.0383632
MEMEUSDT,BUY,LIMIT,1702015716642,2552,0.0399506
MEMEUSDT,BUY,LIMIT,1702015826366,1743,0.0399300
MEMEUSDT,BUY,LIMIT,1702016002089,5853,0.0400528
MEMEUSDT,BUY,LIMIT,1702016321333,1500,0.0403729
MEMEUSDT,BUY,LIMIT,1702016791636,1728,0.0404099
MEMEUSDT,SELL,LIMIT,1702017068809,6921,0.0389400
MEMEUSDT,SELL,LIMIT,1702017071114,1084,0.0389285
MEMEUSDT,SELL,LIMIT,1702017234254,882,0.0388530
MEMEUSDT,SELL,LIMIT,1702017242629,125745,0.0388189
MEMEUSDT,SELL,LIMIT,1702017257342,16024,0.0387976
MEMEUSDT,BUY,LIMIT,1702017957856,22203,0.0401455
MEMEUSDT,BUY,LIMIT,1702018211530,1396,0.0401498
MEMEUSDT,BUY,LIMIT,1702018217102,6341,0.0401811
MEMEUSDT,BUY,LIMIT,1702018588256,18988,0.0402674
MEMEUSDT,SELL,LIMIT,1702018901123,15178,0.0388761
MEMEUSDT,SELL,LIMIT,1702018904112,23954,0.0388729
MEMEUSDT,SELL,LIMIT,1702019087731,68329,0.0388337
MEMEUSDT,SELL,LIMIT,1702019118195,167,0.0387589
MEMEUSDT,BUY,LIMIT,1702019357790,1265,0.0402855
MEMEUSDT,SELL,LIMIT,1702019542107,5773,0.0389241
MEMEUSDT,BUY,LIMIT,1702019788109,129,0.0404072
MEMEUSDT,BUY,LIMIT,1702019790798,584,0.0404394
MEMEUSDT,BUY,LIMIT,1702019800307,2188,0.0404882
MEMEUSDT,BUY,LIMIT,1702019805751,20411,0.0404950
MEMEUSDT,BUY,LIMIT,1702019810440,7759,0.0405078
MEMEUSDT,SELL,LIMIT,1702020086880,8587,0.0391123
MEMEUSDT,SELL,LIMIT,1702020130366,61756,0.0390219
MEMEUSDT,SELL,LIMIT,1702020144759,95879,0.0389901
MEMEUSDT,SELL,LIMIT,1702020636524,82596,0.0388499
MEMEUSDT,SELL,LIMIT,1702020666061,20000,0.0386922
MEMEUSDT,BUY,LIMIT,1702021256566,15256,0.0404473
MEMEUSDT,BUY,LIMIT,1702021266092,391,0.0404659
MEMEUSDT,BUY,LIMIT,1702021278844,76458,0.0405221
MEMEUSDT,BUY,LIMIT,1702021282431,23785,0.0405465
MEMEUSDT,BUY,LIMIT,1702021290394,3588,0.0405941
MEMEUSDT,BUY,LIMIT,1702021291422,7538,0.0405914
MEMEUSDT,BUY,LIMIT,1702021592986,83197,0.0406398
MEMEUSDT,SELL,LIMIT,1702021690984,24135,0.0391405
MEMEUSDT,SELL,LIMIT,1702021993509,307,0.0389837
MEMEUSDT,SELL,LIMIT,1702021995281,155,0.0389813
MEMEUSDT,SELL,LIMIT,1702022049277,37811,0.0388846
MEMEUSDT,SELL,LIMIT,1702022267705,131,0.0387240
MEMEUSDT,SELL,LIMIT,1702022500090,150,0.0386373
MEMEUSDT,SELL,LIMIT,1702022502491,85139,0.0386053
MEMEUSDT,SELL,LIMIT,1702022513146,150,0.0385413
MEMEUSDT,SELL,LIMIT,1702022514321,4797,0.0385083
MEMEUSDT,SELL,LIMIT,1702022529041,752,0.0384944
MEMEUSDT,SELL,LIMIT,1702022531377,62067,0.0384676
MEMEUSDT,SELL,LIMIT,1702022553722,1035,0.0384451
MEMEUSDT,SELL,LIMIT,1702022635225,1284,0.0384218
MEMEUSDT,SELL,LIMIT,1702022840420,6172,0.0384059
MEMEUSDT,SELL,LIMIT,1702022843181,1243,0.0383452
MEMEUSDT,SELL,LIMIT,1702022844300,1330,0.0383346
MEMEUSDT,SELL,LIMIT,1702022847261,2000,0.0382998
MEMEUSDT,SELL,LIMIT,1702022850471,27191,0.0382721
MEMEUSDT,BUY,LIMIT,1702022917128,19528,0.0396042
MEMEUSDT,BUY,LIMIT,1702023717986,22355,0.0397273
MEMEUSDT,BUY,LIMIT,1702023749379,13111,0.0397931
MEMEUSDT,BUY,LIMIT,1702024231461,4884,0.0400117
MEMEUSDT,BUY,LIMIT,1702024747072,220,0.0401574
MEMEUSDT,SELL,LIMIT,1702026022605,146,0.0388367
MEMEUSDT,BUY,LIMIT,1702026335560,56742,0.0404403
MEMEUSDT,SELL,LIMIT,1702027489028,5592,0.0390208
MEMEUSDT,SELL,LIMIT,1702027817129,54605,0.0389900
MEMEUSDT,SELL,LIMIT,1702027819213,552,0.0389314
MEMEUSDT,SELL,LIMIT,1702027820625,2558,0.0389002
MEMEUSDT,SELL,LIMIT,1702027822005,3459,0.0388924
MEMEUSDT,SELL,LIMIT,1702028364542,10079,0.0388768
MEMEUSDT,SELL,LIMIT,1702028435011,5049,0.0388259
MEMEUSDT,SELL,LIMIT,1702028442817,665,0.0388027
MEMEUSDT,SELL,LIMIT,1702028503613,2033,0.0387702
MEMEUSDT,SELL,LIMIT,1702029075697,6159,0.0386866
MEMEUSDT,SELL,LIMIT,1702029180695,5000,0.0386200
MEMEUSDT,SELL,LIMIT,1702029245051,127036,0.0385631
MEMEUSDT,SELL,LIMIT,1702029264604,127594,0.0385592
MEMEUSDT,SELL,LIMIT,1702029290910,5714,0.0385480
MEMEUSDT,SELL,LIMIT,1702029424324,139,0.0385306
MEMEUSDT,BUY,LIMIT,1702029836469,2132,0.0399479
MEMEUSDT,BUY,LIMIT,1702030462474,2489,0.0401387
MEMEUSDT,BUY,LIMIT,1702030794837,196,0.0405601
MEMEUSDT,BUY,LIMIT,1702030929843,6369,0.0405896
MEMEUSDT,BUY,LIMIT,1702030933290,66137,0.0406806
MEMEUSDT,BUY,LIMIT,1702030936094,6109,0.0406973
MEMEUSDT,BUY,LIMIT,1702030946634,7779,0.0407289
MEMEUSDT,BUY,LIMIT,1702030948024,69225,0.0407687
MEMEUSDT,BUY,LIMIT,1702030950420,130,0.0408298
MEMEUSDT,BUY,LIMIT,1702030952941,1360,0.0408504
MEMEUSDT,SELL,LIMIT,1702031486318,400,0.0392041
MEMEUSDT,SELL,LIMIT,1702031815052,1319,0.0389161
MEMEUSDT,BUY,LIMIT,1702032754898,1990,0.0403330
MEMEUSDT,BUY,LIMIT,1702032793710,10602,0.0404343
MEMEUSDT,BUY,LIMIT,1702032824722,1012,0.0405294
MEMEUSDT,BUY,LIMIT,1702033703311,8326,0.0408075
MEMEUSDT,BUY,LIMIT,1702033705912,13000,0.0408447
MEMEUSDT,SELL,LIMIT,1702034222413,7452,0.0394204
MEMEUSDT,SELL,LIMIT,1702034397134,12152,0.0393398
MEMEUSDT,SELL,LIMIT,1702035164063,11,0.0396945
MEMEUSDT,BUY,LIMIT,1702035167524,3286,0.0409120
MEMEUSDT,BUY,LIMIT,1702035173219,1001,0.0409387
MEMEUSDT,BUY,LIMIT,1702035494364,922,0.0406706
MEMEUSDT,BUY,LIMIT,1702035765383,24928,0.0409011
MEMEUSDT,SELL,LIMIT,1702036015409,58295,0.0394898
MEMEUSDT,SELL,LIMIT,1702036094778,1424,0.0396069
MEMEUSDT,BUY,LIMIT,1702036193639,380,0.0407012
MEMEUSDT,BUY,LIMIT,1702036743643,9750,0.0407837
MEMEUSDT,SELL,LIMIT,1702036924235,7765,0.0393713
MEMEUSDT,SELL,LIMIT,1702036940653,9990,0.0392476
MEMEUSDT,SELL,LIMIT,1702036980182,280,0.0392060
MEMEUSDT,SELL,LIMIT,1702037051397,5470,0.0390807
MEMEUSDT,SELL,LIMIT,1702037074754,1595,0.0394232
MEMEUSDT,SELL,LIMIT,1702037169665,4951,0.0390467
MEMEUSDT,SELL,LIMIT,1702037275954,8740,0.0390400
MEMEUSDT,SELL,LIMIT,1702037277162,30230,0.0390323
MEMEUSDT,SELL,LIMIT,1702037330218,7261,0.0390130
MEMEUSDT,SELL,LIMIT,1702037332664,87196,0.0389823
MEMEUSDT,BUY,LIMIT,1702038496155,44780,0.0407063
MEMEUSDT,BUY,LIMIT,1702038581060,23189,0.0409507
MEMEUSDT,BUY,LIMIT,1702038587918,532,0.0409776
MEMEUSDT,BUY,LIMIT,1702038592016,14555,0.0410030
MEMEUSDT,BUY,LIMIT,1702038608790,26447,0.0410148
MEMEUSDT,BUY,LIMIT,1702038626283,2579,0.0410585
MEMEUSDT,BUY,LIMIT,1702038628558,1342,0.0410721
MEMEUSDT,BUY,LIMIT,1702038637150,5113,0.0411205
MEMEUSDT,BUY,LIMIT,1702038647435,477,0.0411305
MEMEUSDT,BUY,LIMIT,1702039298558,7187,0.0411489
MEMEUSDT,BUY,LIMIT,1702039438085,8986,0.0412027
MEMEUSDT,BUY,LIMIT,1702039462218,5087,0.0412442
MEMEUSDT,BUY,LIMIT,1702039463977,11417,0.0412548
MEMEUSDT,BUY,LIMIT,1702039465656,994,0.0412545
MEMEUSDT,BUY,LIMIT,1702039642515,1395,0.0413416
MEMEUSDT,BUY,LIMIT,1702039646299,439,0.0413538
MEMEUSDT,BUY,LIMIT,1702040289141,8476,0.0412688
MEMEUSDT,BUY,LIMIT,1702040330403,250,0.0413821
MEMEUSDT,SELL,LIMIT,1702040407442,489,0.0399734
MEMEUSDT,SELL,LIMIT,1702040476920,1554,0.0398523
MEMEUSDT,SELL,LIMIT,1702040480412,243,0.0398190
MEMEUSDT,SELL,LIMIT,1702040481425,2506,0.0398061
MEMEUSDT,SELL,LIMIT,1702040486096,59312,0.0397756
MEMEUSDT,SELL,LIMIT,1702040527978,61583,0.0397452
MEMEUSDT,SELL,LIMIT,1702040531551,69281,0.0397351
MEMEUSDT,SELL,LIMIT,1702040802850,389,0.0397213
MEMEUSDT,SELL,LIMIT,1702040808365,63497,0.0397191
MEMEUSDT,SELL,LIMIT,1702041006517,405,0.0396332
MEMEUSDT,SELL,LIMIT,1702041026810,17826,0.0395820
MEMEUSDT,SELL,LIMIT,1702041145388,24459,0.0395616
MEMEUSDT,SELL,LIMIT,1702041164853,11830,0.0395456
MEMEUSDT,SELL,LIMIT,1702041174512,132,0.0395212
MEMEUSDT,SELL,LIMIT,1702041181385,21086,0.0395120
MEMEUSDT,SELL,LIMIT,1702041374198,6691,0.0394307
MEMEUSDT,SELL,LIMIT,1702041378492,325,0.0394213
MEMEUSDT,SELL,LIMIT,1702041445320,1107,0.0394031
MEMEUSDT,SELL,LIMIT,1702041450317,3356,0.0393732
MEMEUSDT,SELL,LIMIT,1702041479610,600,0.0393449
MEMEUSDT,SELL,LIMIT,1702041521341,9404,0.0393173
MEMEUSDT,SELL,LIMIT,1702041605054,24086,0.0392384
MEMEUSDT,BUY,LIMIT,1702042184272,31308,0.0407155
MEMEUSDT,SELL,LIMIT,1702042236630,30178,0.0393295
MEMEUSDT,SELL,LIMIT,1702042239401,4848,0.0392772
MEMEUSDT,SELL,LIMIT,1702042244974,1128,0.0392317
MEMEUSDT,SELL,LIMIT,1702042246848,2824,0.0391990
MEMEUSDT,SELL,LIMIT,1702042266816,7216,0.0391846
MEMEUSDT,BUY,LIMIT,1702042436159,1257,0.0405786
MEMEUSDT,BUY,LIMIT,1702042466754,2506,0.0407111
MEMEUSDT,BUY,LIMIT,1702042497528,204,0.0408312
MEMEUSDT,BUY,LIMIT,1702042539223,1253,0.0408862
MEMEUSDT,SELL,LIMIT,1702042602109,2481,0.0394742
MEMEUSDT,SELL,LIMIT,1702042619794,32128,0.0393957
MEMEUSDT,SELL,LIMIT,1702043479248,10912,0.0395301
MEMEUSDT,SELL,LIMIT,1702043568151,1244,0.0394286
MEMEUSDT,SELL,LIMIT,1702043591603,2155,0.0393588
MEMEUSDT,SELL,LIMIT,1702043705183,15936,0.0392582
MEMEUSDT,SELL,LIMIT,1702043710446,16429,0.0392217
MEMEUSDT,SELL,LIMIT,1702043784309,2504,0.0391312
MEMEUSDT,SELL,LIMIT,1702043787301,640,0.0390123
MEMEUSDT,SELL,LIMIT,1702043860273,112390,0.0388931
MEMEUSDT,SELL,LIMIT,1702043864361,30093,0.0388532
MEMEUSDT,SELL,LIMIT,1702044297258,67648,0.0388040
MEMEUSDT,SELL,LIMIT,1702044303293,7688,0.0387813
MEMEUSDT,SELL,LIMIT,1702044304918,1151,0.0387650
MEMEUSDT,SELL,LIMIT,1702044306147,36037,0.0387180
MEMEUSDT,SELL,LIMIT,1702044307404,51260,0.0387374
MEMEUSDT,SELL,LIMIT,1702044310495,8185,0.0386973
MEMEUSDT,SELL,LIMIT,1702044311753,23080,0.0386830
MEMEUSDT,SELL,LIMIT,1702044314141,748,0.0386421
MEMEUSDT,SELL,LIMIT,1702044315796,22923,0.0386279
MEMEUSDT,SELL,LIMIT,1702044320208,26469,0.0386131
MEMEUSDT,SELL,LIMIT,1702044328318,5770,0.0386078
MEMEUSDT,SELL,LIMIT,1702044329412,3227,0.0385906
MEMEUSDT,SELL,LIMIT,1702044333217,95000,0.0385443
MEMEUSDT,SELL,LIMIT,1702044334296,10057,0.0385553
MEMEUSDT,SELL,LIMIT,1702044344521,5111,0.0385224
MEMEUSDT,SELL,LIMIT,1702044413374,10988,0.0384716
MEMEUSDT,SELL,LIMIT,1702044421606,96209,0.0383914
MEMEUSDT,SELL,LIMIT,1702044423384,72422,0.0383915
MEMEUSDT,SELL,LIMIT,1702044438157,2357,0.0383718
MEMEUSDT,SELL,LIMIT,1702044439467,8159,0.0383556
MEMEUSDT,SELL,LIMIT,1702044444713,300,0.0383165
MEMEUSDT,SELL,LIMIT,1702044451131,16083,0.0382964
MEMEUSDT,SELL,LIMIT,1702044452193,115500,0.0383026
MEMEUSDT,SELL,LIMIT,1702044453433,3529,0.0382854
MEMEUSDT,SELL,LIMIT,1702044540436,4123,0.0382390
MEMEUSDT,BUY,LIMIT,1702044615503,770,0.0396350
MEMEUSDT,BUY,LIMIT,1702044959206,8703,0.0397928
MEMEUSDT,BUY,LIMIT,1702046055970,3030,0.0400079
MEMEUSDT,BUY,LIMIT,1702046718496,26612,0.0400547
MEMEUSDT,BUY,LIMIT,1702047014894,27468,0.0402004
MEMEUSDT,BUY,LIMIT,1702047021311,1263,0.0402223
MEMEUSDT,BUY,LIMIT,1702047041111,128211,0.0402551
MEMEUSDT,SELL,LIMIT,1702047135858,16141,0.0388728
MEMEUSDT,SELL,LIMIT,1702047212922,40242,0.0386790
MEMEUSDT,SELL,LIMIT,1702047493705,13146,0.0386107
MEMEUSDT,SELL,LIMIT,1702047621502,2213,0.0386222
MEMEUSDT,SELL,LIMIT,1702047654726,152,0.0385465
MEMEUSDT,SELL,LIMIT,1702047663102,151,0.0384682
MEMEUSDT,SELL,LIMIT,1702047666658,1776,0.0384101
MEMEUSDT,SELL,LIMIT,1702047670106,4114,0.0383692
MEMEUSDT,BUY,LIMIT,1702048108814,128,0.0398808
MEMEUSDT,BUY,LIMIT,1702048190373,15513,0.0399848
MEMEUSDT,SELL,LIMIT,1702048649981,1358,0.0385757
MEMEUSDT,SELL,LIMIT,1702048993097,1228,0.0387755
MEMEUSDT,SELL,LIMIT,1702049068304,17067,0.0385896
MEMEUSDT,SELL,LIMIT,1702049085248,20000,0.0385165
MEMEUSDT,SELL,LIMIT,1702049504957,4782,0.0385850
MEMEUSDT,BUY,LIMIT,1702050272001,1672,0.0400882
MEMEUSDT,SELL,LIMIT,1702050361030,126742,0.0388997
MEMEUSDT,SELL,LIMIT,1702050705444,2115,0.0386515
MEMEUSDT,SELL,LIMIT,1702050794696,18248,0.0385362
MEMEUSDT,SELL,LIMIT,1702050802547,1432,0.0385124
MEMEUSDT,SELL,LIMIT,1702050806489,384,0.0385051
MEMEUSDT,SELL,LIMIT,1702050820676,16528,0.0384929
MEMEUSDT,SELL,LIMIT,1702050822352,25619,0.0384828
MEMEUSDT,SELL,LIMIT,1702050823915,35660,0.0384718
MEMEUSDT,SELL,LIMIT,1702050825902,8556,0.0384691
MEMEUSDT,SELL,LIMIT,1702050848185,2600,0.0384505
MEMEUSDT,SELL,LIMIT,1702050864341,17926,0.0384252
MEMEUSDT,SELL,LIMIT,1702050875970,4700,0.0383945
MEMEUSDT,SELL,LIMIT,1702050912196,513,0.0383644
MEMEUSDT,SELL,LIMIT,1702050961203,4300,0.0384575
MEMEUSDT,SELL,LIMIT,1702051376055,124390,0.0386061
MEMEUSDT,BUY,LIMIT,1702051448214,1478,0.0399179
MEMEUSDT,SELL,LIMIT,1702051629211,238,0.0386422
MEMEUSDT,SELL,LIMIT,1702051813539,2735,0.0386196
MEMEUSDT,SELL,LIMIT,1702051815788,5374,0.0385838
MEMEUSDT,SELL,LIMIT,1702051866535,116805,0.0385378
MEMEUSDT,SELL,LIMIT,1702051885254,254,0.0384442
MEMEUSDT,SELL,LIMIT,1702051904310,3498,0.0384217
MEMEUSDT,SELL,LIMIT,1702051947377,59011,0.0383907
MEMEUSDT,SELL,LIMIT,1702052095355,6297,0.0383607
MEMEUSDT,SELL,LIMIT,1702052117602,31007,0.0383205
MEMEUSDT,SELL,LIMIT,1702052119447,45837,0.0383107
MEMEUSDT,SELL,LIMIT,1702052121703,2558,0.0382871
MEMEUSDT,SELL,LIMIT,1702052130408,130,0.0382841
MEMEUSDT,SELL,LIMIT,1702052188299,23737,0.0382449
MEMEUSDT,SELL,LIMIT,1702052189306,383,0.0382555
MEMEUSDT,SELL,LIMIT,1702052190338,15512,0.0382140
MEMEUSDT,SELL,LIMIT,1702052232236,6504,0.0381426
MEMEUSDT,SELL,LIMIT,1702052233793,10152,0.0381298
MEMEUSDT,SELL,LIMIT,1702052236817,18228,0.0381221
MEMEUSDT,SELL,LIMIT,1702052237927,24101,0.0381134
MEMEUSDT,SELL,LIMIT,1702052239453,2000,0.0381046
MEMEUSDT,SELL,LIMIT,1702052240772,500,0.0380917
MEMEUSDT,SELL,LIMIT,1702052242437,2074,0.0380747
MEMEUSDT,SELL,LIMIT,1702052243621,22133,0.0380603
MEMEUSDT,SELL,LIMIT,1702052361990,40664,0.0380495
MEMEUSDT,SELL,LIMIT,1702052363480,19106,0.0380453
MEMEUSDT,SELL,LIMIT,1702052366471,11952,0.0380315
MEMEUSDT,BUY,LIMIT,1702052530226,1282,0.0393564
MEMEUSDT,SELL,LIMIT,1702052861307,48836,0.0380863
MEMEUSDT,SELL,LIMIT,1702052885731,40684,0.0380486
MEMEUSDT,SELL,LIMIT,1702052890357,605,0.0380288
MEMEUSDT,SELL,LIMIT,1702052891383,126145,0.0379902
MEMEUSDT,SELL,LIMIT,1702052892419,12205,0.0378363
MEMEUSDT,SELL,LIMIT,1702052893439,229,0.0378641
MEMEUSDT,BUY,LIMIT,1702054158731,738,0.0395013
MEMEUSDT,BUY,LIMIT,1702054194635,928,0.0395198
MEMEUSDT,BUY,LIMIT,1702054361592,21456,0.0395461
MEMEUSDT,BUY,LIMIT,1702054374799,172,0.0395627
MEMEUSDT,SELL,LIMIT,1702054890880,7696,0.0382071
MEMEUSDT,SELL,LIMIT,1702054900246,590,0.0381293
MEMEUSDT,SELL,LIMIT,1702055007639,10000,0.0380761
MEMEUSDT,SELL,LIMIT,1702055009750,1098,0.0380585
MEMEUSDT,SELL,LIMIT,1702055221238,19129,0.0380797
MEMEUSDT,SELL,LIMIT,1702055265806,3028,0.0379809
MEMEUSDT,SELL,LIMIT,1702055267163,69718,0.0379604
MEMEUSDT,SELL,LIMIT,1702055268196,12331,0.0379524
MEMEUSDT,SELL,LIMIT,1702055299978,1105,0.0379047
MEMEUSDT,SELL,LIMIT,1702055301423,1581,0.0378621
MEMEUSDT,SELL,LIMIT,1702055352004,7768,0.0378484
MEMEUSDT,SELL,LIMIT,1702055385098,815,0.0378203
MEMEUSDT,SELL,LIMIT,1702055386269,1000,0.0378096
MEMEUSDT,SELL,LIMIT,1702055388921,9461,0.0378009
MEMEUSDT,SELL,LIMIT,1702055400114,193,0.0377917
MEMEUSDT,SELL,LIMIT,1702055401842,1031,0.0377774
MEMEUSDT,SELL,LIMIT,1702055404672,16208,0.0377602
MEMEUSDT,SELL,LIMIT,1702055406708,12656,0.0377644
MEMEUSDT,SELL,LIMIT,1702055408134,1124,0.0377589
MEMEUSDT,SELL,LIMIT,1702055413934,12972,0.0377524
MEMEUSDT,SELL,LIMIT,1702055454391,35861,0.0377506
MEMEUSDT,SELL,LIMIT,1702055461109,57924,0.0377399
MEMEUSDT,SELL,LIMIT,1702055462113,13014,0.0376594
MEMEUSDT,SELL,LIMIT,1702055463158,18726,0.0376606
MEMEUSDT,SELL,LIMIT,1702055464199,157021,0.0375433
MEMEUSDT,SELL,LIMIT,1702055465241,6545,0.0375824
MEMEUSDT,SELL,LIMIT,1702055466416,1109,0.0375964
MEMEUSDT,SELL,LIMIT,1702055467482,49410,0.0375418
MEMEUSDT,SELL,LIMIT,1702055468577,2767,0.0375078
MEMEUSDT,BUY,LIMIT,1702055567173,7792,0.0390770
MEMEUSDT,SELL,LIMIT,1702055670529,1964,0.0378285
MEMEUSDT,SELL,LIMIT,1702055680825,181,0.0377190
MEMEUSDT,SELL,LIMIT,1702055686633,829,0.0376763
MEMEUSDT,SELL,LIMIT,1702055691731,57000,0.0376663
MEMEUSDT,SELL,LIMIT,1702055757098,3346,0.0376308
MEMEUSDT,SELL,LIMIT,1702055872217,14723,0.0375497
MEMEUSDT,BUY,LIMIT,1702056033037,130958,0.0389012
MEMEUSDT,SELL,LIMIT,1702056239179,15968,0.0377393
MEMEUSDT,SELL,LIMIT,1702056275343,411,0.0376073
MEMEUSDT,SELL,LIMIT,1702056286717,14140,0.0375430
MEMEUSDT,SELL,LIMIT,1702056296205,14921,0.0375124
MEMEUSDT,SELL,LIMIT,1702056328444,5108,0.0375108
MEMEUSDT,SELL,LIMIT,1702056440600,15336,0.0375121
MEMEUSDT,SELL,LIMIT,1702056448986,526,0.0374924
MEMEUSDT,SELL,LIMIT,1702056450994,40377,0.0374813
MEMEUSDT,SELL,LIMIT,1702056457496,915,0.0374770
MEMEUSDT,BUY,LIMIT,1702056582850,780,0.0387941
MEMEUSDT,BUY,LIMIT,1702056871541,6146,0.0389615
MEMEUSDT,BUY,LIMIT,1702058831134,12963,0.0393169
MEMEUSDT,SELL,LIMIT,1702059455296,3363,0.0379042
MEMEUSDT,SELL,LIMIT,1702059456346,1241,0.0379392
MEMEUSDT,SELL,LIMIT,1702060046384,5416,0.0378511
MEMEUSDT,SELL,LIMIT,1702060047719,6158,0.0378415
MEMEUSDT,SELL,LIMIT,1702060650657,10556,0.0378110
MEMEUSDT,SELL,LIMIT,1702060724787,1295,0.0378020
MEMEUSDT,SELL,LIMIT,1702060773354,367,0.0410933
MEMEUSDT,BUY,LIMIT,1702061242884,8860,0.0392009
MEMEUSDT,BUY,LIMIT,1702061252191,35436,0.0392182
MEMEUSDT,BUY,LIMIT,1702062061508,6401,0.0393649
MEMEUSDT,BUY,LIMIT,1702062129056,11149,0.0394320
MEMEUSDT,BUY,LIMIT,1702062131128,279,0.0394406
MEMEUSDT,SELL,LIMIT,1702063188663,14570,0.0380732
MEMEUSDT,SELL,LIMIT,1702063232299,937,0.0380457
MEMEUSDT,BUY,LIMIT,1702064058876,40317,0.0394799
MEMEUSDT,SELL,LIMIT,1702065463370,493,0.0385230
MEMEUSDT,BUY,LIMIT,1702065916755,105944,0.0396474
MEMEUSDT,BUY,LIMIT,1702066087163,1170,0.0396101
MEMEUSDT,SELL,LIMIT,1702066127389,2644,0.0383536
MEMEUSDT,BUY,LIMIT,1702067116289,574,0.0395988
MEMEUSDT,BUY,LIMIT,1702068046296,5340,0.0395159
MEMEUSDT,BUY,LIMIT,1702068319466,61819,0.0396170
MEMEUSDT,BUY,LIMIT,1702068878320,30297,0.0395878
MEMEUSDT,BUY,LIMIT,1702068910265,25957,0.0396667
MEMEUSDT,BUY,LIMIT,1702069116236,17318,0.0396798
MEMEUSDT,BUY,LIMIT,1702069153035,4720,0.0397199
MEMEUSDT,BUY,LIMIT,1702069194944,1100,0.0397401
MEMEUSDT,BUY,LIMIT,1702069231327,2000,0.0397722
MEMEUSDT,BUY,LIMIT,1702069234055,420,0.0397895
MEMEUSDT,BUY,LIMIT,1702069236241,1635,0.0398088
MEMEUSDT,SELL,LIMIT,1702070467927,1788,0.0383557
MEMEUSDT,SELL,LIMIT,1702070490728,400,0.0383176
MEMEUSDT,BUY,LIMIT,1702070950114,1134,0.0398409
MEMEUSDT,BUY,LIMIT,1702070967961,6279,0.0399164
MEMEUSDT,BUY,LIMIT,1702071041028,1580,0.0399321
MEMEUSDT,BUY,LIMIT,1702071055543,2877,0.0399649
MEMEUSDT,SELL,LIMIT,1702071680212,746,0.0384975
MEMEUSDT,SELL,LIMIT,1702071694883,2701,0.0384814
MEMEUSDT,SELL,LIMIT,1702071803032,14513,0.0384240
MEMEUSDT,SELL,LIMIT,1702071804697,7058,0.0384240
MEMEUSDT,SELL,LIMIT,1702071827503,24302,0.0383092
MEMEUSDT,BUY,LIMIT,1702071984866,5340,0.0396086
MEMEUSDT,SELL,LIMIT,1702072121068,778,0.0382785
MEMEUSDT,SELL,LIMIT,1702072125058,1279,0.0382718
MEMEUSDT,SELL,LIMIT,1702072132272,30968,0.0382632
MEMEUSDT,BUY,LIMIT,1702072428187,38899,0.0396908
MEMEUSDT,BUY,LIMIT,1702072976949,10572,0.0396359
MEMEUSDT,SELL,LIMIT,1702074307290,279,0.0382070
MEMEUSDT,SELL,LIMIT,1702074308455,13431,0.0382276
MEMEUSDT,SELL,LIMIT,1702074324676,19600,0.0381755
MEMEUSDT,SELL,LIMIT,1702076074281,3635,0.0382235
MEMEUSDT,SELL,LIMIT,1702076327355,4707,0.0381710
MEMEUSDT,SELL,LIMIT,1702076330359,8695,0.0381553
MEMEUSDT,SELL,LIMIT,1702076340374,9607,0.0381400
MEMEUSDT,SELL,LIMIT,1702076363821,385,0.0381068
MEMEUSDT,SELL,LIMIT,1702076372269,5593,0.0380868
MEMEUSDT,BUY,LIMIT,1702078013114,4944,0.0396294
MEMEUSDT,BUY,LIMIT,1702078512542,129,0.0396826
MEMEUSDT,BUY,LIMIT,1702078695009,1377,0.0397991
MEMEUSDT,BUY,LIMIT,1702078897542,38127,0.0395884
MEMEUSDT,BUY,LIMIT,1702079402186,282,0.0398298
MEMEUSDT,BUY,LIMIT,1702079524111,396,0.0398950
MEMEUSDT,BUY,LIMIT,1702080015570,3080,0.0398841
MEMEUSDT,SELL,LIMIT,1702080020765,74693,0.0387523
MEMEUSDT,BUY,LIMIT,1702080070170,347,0.0400194
MEMEUSDT,BUY,LIMIT,1702080102059,5494,0.0400677
MEMEUSDT,BUY,LIMIT,1702080155113,40102,0.0401067
MEMEUSDT,BUY,LIMIT,1702080163150,129,0.0401099
MEMEUSDT,BUY,LIMIT,1702080199466,48216,0.0401429
MEMEUSDT,BUY,LIMIT,1702080256605,311,0.0402208
MEMEUSDT,BUY,LIMIT,1702080278914,4008,0.0402327
MEMEUSDT,BUY,LIMIT,1702080741299,12651,0.0402874
MEMEUSDT,BUY,LIMIT,1702080764301,31158,0.0403210
MEMEUSDT,BUY,LIMIT,1702080859138,2602,0.0403595
MEMEUSDT,BUY,LIMIT,1702080968063,23756,0.0403898
MEMEUSDT,BUY,LIMIT,1702080972670,151,0.0403980
MEMEUSDT,BUY,LIMIT,1702080988154,6450,0.0404648
MEMEUSDT,BUY,LIMIT,1702080992055,1126,0.0404759
MEMEUSDT,SELL,LIMIT,1702081501055,5694,0.0390319
MEMEUSDT,SELL,LIMIT,1702081530103,84383,0.0389293
MEMEUSDT,BUY,LIMIT,1702081907845,26226,0.0404091
MEMEUSDT,BUY,LIMIT,1702082123509,19748,0.0403838
MEMEUSDT,BUY,LIMIT,1702082330045,1779,0.0404999
MEMEUSDT,BUY,LIMIT,1702082383448,1856,0.0404645
MEMEUSDT,BUY,LIMIT,1702082394235,303,0.0405468
MEMEUSDT,BUY,LIMIT,1702082423399,3980,0.0404869
MEMEUSDT,BUY,LIMIT,1702082952365,798,0.0405840
MEMEUSDT,BUY,LIMIT,1702083070989,1570,0.0406184
MEMEUSDT,BUY,LIMIT,1702083083197,5016,0.0406363
MEMEUSDT,BUY,LIMIT,1702083095220,1696,0.0406615
MEMEUSDT,BUY,LIMIT,1702083134004,95359,0.0406988
MEMEUSDT,BUY,LIMIT,1702083136013,37892,0.0407053
MEMEUSDT,BUY,LIMIT,1702083172863,29257,0.0407387
MEMEUSDT,BUY,LIMIT,1702083267105,103726,0.0407572
MEMEUSDT,BUY,LIMIT,1702083393105,10027,0.0407920
MEMEUSDT,BUY,LIMIT,1702083408367,139744,0.0408547
MEMEUSDT,BUY,LIMIT,1702083436639,8520,0.0408338
MEMEUSDT,BUY,LIMIT,1702083445544,8658,0.0408350
MEMEUSDT,BUY,LIMIT,1702083447340,2619,0.0408462
MEMEUSDT,BUY,LIMIT,1702083550468,17,0.0408757
MEMEUSDT,BUY,LIMIT,1702083624341,2216,0.0409181
MEMEUSDT,SELL,LIMIT,1702083673263,11016,0.0394833
MEMEUSDT,SELL,LIMIT,1702083745280,6839,0.0394187
MEMEUSDT,BUY,LIMIT,1702083801603,1280,0.0406364
MEMEUSDT,BUY,LIMIT,1702083973246,15195,0.0408088
MEMEUSDT,SELL,LIMIT,1702084028509,25355,0.0395041
MEMEUSDT,SELL,LIMIT,1702084053238,296,0.0393059
MEMEUSDT,SELL,LIMIT,1702084073953,2942,0.0392041
MEMEUSDT,SELL,LIMIT,1702084083545,1403,0.0391209
MEMEUSDT,SELL,LIMIT,1702084084783,117060,0.0391137
MEMEUSDT,SELL,LIMIT,1702084086388,64475,0.0391065
MEMEUSDT,SELL,LIMIT,1702084103277,9308,0.0395102
MEMEUSDT,SELL,LIMIT,1702084202569,16127,0.0389927
MEMEUSDT,SELL,LIMIT,1702084216242,43421,0.0389701
MEMEUSDT,BUY,LIMIT,1702084530262,12372,0.0407311
MEMEUSDT,BUY,LIMIT,1702084592684,180,0.0409495
MEMEUSDT,BUY,LIMIT,1702084596269,12504,0.0409676
MEMEUSDT,SELL,LIMIT,1702084628964,23818,0.0395232
MEMEUSDT,SELL,LIMIT,1702084633122,2385,0.0394778
MEMEUSDT,BUY,LIMIT,1702085108296,2580,0.0410509
MEMEUSDT,BUY,LIMIT,1702085109580,67072,0.0410616
MEMEUSDT,BUY,LIMIT,1702085114100,7668,0.0410775
MEMEUSDT,SELL,LIMIT,1702085326152,337,0.0395870
MEMEUSDT,SELL,LIMIT,1702085378886,2019,0.0395263
MEMEUSDT,SELL,LIMIT,1702085455225,115174,0.0393742
MEMEUSDT,SELL,LIMIT,1702086503450,45000,0.0391713
MEMEUSDT,BUY,LIMIT,1702086536783,36485,0.0403553
MEMEUSDT,SELL,LIMIT,1702087322599,26405,0.0386630
MEMEUSDT,SELL,LIMIT,1702087340049,16187,0.0385935
MEMEUSDT,SELL,LIMIT,1702087732685,4350,0.0385616
MEMEUSDT,BUY,LIMIT,1702088074531,265,0.0398632
MEMEUSDT,BUY,LIMIT,1702088842459,128,0.0399292
MEMEUSDT,BUY,LIMIT,1702088848312,596,0.0399766
MEMEUSDT,BUY,LIMIT,1702088869883,24859,0.0400346
MEMEUSDT,BUY,LIMIT,1702089195532,8443,0.0402057
MEMEUSDT,BUY,LIMIT,1702090296255,126617,0.0402715
MEMEUSDT,BUY,LIMIT,1702091042308,26741,0.0407104
MEMEUSDT,SELL,LIMIT,1702091898551,11200,0.0392836
MEMEUSDT,BUY,LIMIT,1702091929024,2000,0.0404751
MEMEUSDT,SELL,LIMIT,1702092773802,2937,0.0392290
MEMEUSDT,SELL,LIMIT,1702092793215,7461,0.0391778
MEMEUSDT,BUY,LIMIT,1702093196787,18339,0.0406184
MEMEUSDT,SELL,LIMIT,1702095026124,14727,0.0391736
MEMEUSDT,SELL,LIMIT,1702095028828,11840,0.0391058
MEMEUSDT,SELL,LIMIT,1702095038736,831,0.0390851
MEMEUSDT,SELL,LIMIT,1702095418185,28772,0.0390498
MEMEUSDT,SELL,LIMIT,1702095464252,1853,0.0389712
MEMEUSDT,SELL,LIMIT,1702095484065,39212,0.0389401
MEMEUSDT,SELL,LIMIT,1702095495511,1218,0.0389293
MEMEUSDT,SELL,LIMIT,1702095733616,38800,0.0388647
MEMEUSDT,BUY,LIMIT,1702096158899,1000,0.0402284
MEMEUSDT,BUY,LIMIT,1702096224315,1223,0.0402651
MEMEUSDT,BUY,LIMIT,1702096342798,22171,0.0404932
MEMEUSDT,BUY,LIMIT,1702096355096,1000,0.0405569
MEMEUSDT,SELL,LIMIT,1702096521175,53609,0.0390854
MEMEUSDT,SELL,LIMIT,1702098765066,58177,0.0391679
MEMEUSDT,SELL,LIMIT,1702101533994,318,0.0393222
MEMEUSDT,SELL,LIMIT,1702101612521,862,0.0392741
MEMEUSDT,SELL,LIMIT,1702101825417,3132,0.0392748
MEMEUSDT,SELL,LIMIT,1702101852563,17494,0.0392199
MEMEUSDT,SELL,LIMIT,1702101861941,1226,0.0392081
MEMEUSDT,SELL,LIMIT,1702101962085,5033,0.0391199
MEMEUSDT,SELL,LIMIT,1702102194595,6508,0.0391822
MEMEUSDT,SELL,LIMIT,1702102280384,41198,0.0390660
MEMEUSDT,SELL,LIMIT,1702102309818,9880,0.0390039
MEMEUSDT,SELL,LIMIT,1702102311055,4216,0.0390007
MEMEUSDT,SELL,LIMIT,1702102312396,902,0.0389906
MEMEUSDT,SELL,LIMIT,1702102501834,25214,0.0389520
MEMEUSDT,SELL,LIMIT,1702102503673,4064,0.0389258
MEMEUSDT,SELL,LIMIT,1702102672292,28188,0.0388968
MEMEUSDT,BUY,LIMIT,1702102911528,126023,0.0404135
