Symbol,Side,Order Type,Time,Quantity,Price
MINAUSDT,BUY,LIMIT,1700988794916,186,0.7935248
MINAUSDT,BUY,LIMIT,1700988796219,157,0.7948142
MINAUSDT,BUY,LIMIT,1700988801951,886,0.7959298
MINAUSDT,BUY,LIMIT,1700988806317,2291,0.7979935
MINAUSDT,BUY,LIMIT,1700989584335,6384,0.7976623
MINAUSDT,SELL,LIMIT,1700989995684,139,0.7703102
MINAUSDT,SELL,LIMIT,1700991049103,608,0.7628996
MINAUSDT,SELL,LIMIT,1700991056051,6412,0.7626830
MINAUSDT,SELL,LIMIT,1700991057970,565,0.7623868
MINAUSDT,SELL,LIMIT,1700991179578,6426,0.7616560
MINAUSDT,SELL,LIMIT,1700991195819,115,0.7608707
MINAUSDT,SELL,LIMIT,1700991213045,682,0.7606681
MINAUSDT,SELL,LIMIT,1700993371140,51,0.7631299
MINAUSDT,BUY,LIMIT,1700994903462,7,0.7885093
MINAUSDT,BUY,LIMIT,1700994915284,61,0.7887943
MINAUSDT,SELL,LIMIT,1700996041545,2303,0.7592712
MINAUSDT,SELL,LIMIT,1700996203820,307,0.7572884
MINAUSDT,SELL,LIMIT,1700996212072,382,0.7563924
MINAUSDT,SELL,LIMIT,1700996385971,6231,0.7550790
MINAUSDT,SELL,LIMIT,1700996397406,297,0.7549939
MINAUSDT,SELL,LIMIT,1700999611585,1779,0.7543647
MINAUSDT,SELL,LIMIT,1700999614318,580,0.7539968
MINAUSDT,SELL,LIMIT,1700999620158,83,0.7538435
MINAUSDT,SELL,LIMIT,1700999762897,128,0.7532936
MINAUSDT,SELL,LIMIT,1700999764519,48,0.7527553
MINAUSDT,SELL,LIMIT,1700999765852,200,0.7515610
MINAUSDT,SELL,LIMIT,1700999802769,1344,0.7513299
MINAUSDT,SELL,LIMIT,1701000444956,23,0.7511067
MINAUSDT,SELL,LIMIT,1701000468892,57,0.7510084
MINAUSDT,SELL,LIMIT,1701000499754,317,0.7505459
MINAUSDT,SELL,LIMIT,1701000508927,1061,0.7503713
MINAUSDT,SELL,LIMIT,1701000511405,12736,0.7460443
MINAUSDT,SELL,LIMIT,1701000515930,11,0.7496541
MINAUSDT,SELL,LIMIT,1701000517887,98,0.7495177
MINAUSDT,SELL,LIMIT,1701000536334,17,0.7492039
MINAUSDT,SELL,LIMIT,1701000600142,296,0.7488289
MINAUSDT,SELL,LIMIT,1701000608649,612,0.7487355
MINAUSDT,SELL,LIMIT,1701000610527,70,0.7485111
MINAUSDT,SELL,LIMIT,1701000651179,131,0.7484752
MINAUSDT,SELL,LIMIT,1701000652634,26,0.7483969
MINAUSDT,SELL,LIMIT,1701000661244,263,0.7481030
MINAUSDT,SELL,LIMIT,1701000662262,2547,0.7476324
MINAUSDT,SELL,LIMIT,1701000664260,131,0.7474033
MINAUSDT,SELL,LIMIT,1701000683220,1334,0.7469125
MINAUSDT,SELL,LIMIT,1701000704186,1312,0.7464202
MINAUSDT,SELL,LIMIT,1701000705515,1667,0.7462520
MINAUSDT,SELL,LIMIT,1701000706708,202,0.7461566
MINAUSDT,SELL,LIMIT,1701000709227,40,0.7461228
MINAUSDT,SELL,LIMIT,1701000723694,1361,0.7460464
MINAUSDT,BUY,LIMIT,1701000954923,6578,0.7750226
MINAUSDT,SELL,LIMIT,1701001384100,5568,0.7488411
MINAUSDT,SELL,LIMIT,1701001501235,1537,0.7780934
MINAUSDT,SELL,LIMIT,1701001504404,5,0.7585626
MINAUSDT,SELL,LIMIT,1701001505658,1911,0.7458767
MINAUSDT,SELL,LIMIT,1701001513074,1717,0.7455242
MINAUSDT,SELL,LIMIT,1701001514116,74,0.7449569
MINAUSDT,BUY,LIMIT,1701001767194,2748,0.7750888
MINAUSDT,BUY,LIMIT,1701001792179,104,0.7754973
MINAUSDT,BUY,LIMIT,1701002021297,5066,0.7758367
MINAUSDT,BUY,LIMIT,1701002062367,60,0.7775210
MINAUSDT,BUY,LIMIT,1701002063415,64,0.7780132
MINAUSDT,BUY,LIMIT,1701002067045,1182,0.7781726
MINAUSDT,BUY,LIMIT,1701002588154,72,0.7747495
MINAUSDT,BUY,LIMIT,1701003413355,7,0.7784662
MINAUSDT,SELL,LIMIT,1701004646397,14,0.7547821
MINAUSDT,SELL,LIMIT,1701006069461,1603,0.7482246
MINAUSDT,SELL,LIMIT,1701006075419,1347,0.7481281
MINAUSDT,SELL,LIMIT,1701006134523,428,0.7467233
MINAUSDT,SELL,LIMIT,1701006200232,821,0.7453274
MINAUSDT,SELL,LIMIT,1701006258966,32,0.7449318
MINAUSDT,SELL,LIMIT,1701008323225,234,0.7447881
MINAUSDT,SELL,LIMIT,1701008349411,109,0.7451151
MINAUSDT,SELL,LIMIT,1701008441292,510,0.7437401
MINAUSDT,SELL,LIMIT,1701008442580,72,0.7433603
MINAUSDT,SELL,LIMIT,1701008448335,504,0.7428493
MINAUSDT,SELL,LIMIT,1701009263866,537,0.7494677
MINAUSDT,SELL,LIMIT,1701009285844,129,0.7442423
MINAUSDT,SELL,LIMIT,1701009288921,808,0.7468829
MINAUSDT,BUY,LIMIT,1701012329852,177,0.7753328
MINAUSDT,BUY,LIMIT,1701012743464,297,0.7783140
MINAUSDT,SELL,LIMIT,1701013005073,12,0.7508204
MINAUSDT,SELL,LIMIT,1701013088224,272,0.7496305
MINAUSDT,SELL,LIMIT,1701013959061,50,0.7455705
MINAUSDT,SELL,LIMIT,1701013964055,608,0.7454743
MINAUSDT,SELL,LIMIT,1701014017142,579,0.7427287
MINAUSDT,SELL,LIMIT,1701014034811,881,0.7435053
MINAUSDT,SELL,LIMIT,1701014063461,748,0.7423466
MINAUSDT,SELL,LIMIT,1701014382482,874,0.7419060
MINAUSDT,SELL,LIMIT,1701014385854,6499,0.7418673
MINAUSDT,SELL,LIMIT,1701015211142,374,0.7429772
MINAUSDT,BUY,LIMIT,1701015325784,260,0.7644823
MINAUSDT,SELL,LIMIT,1701015359122,108,0.7412761
MINAUSDT,SELL,LIMIT,1701015513500,1324,0.7413631
MINAUSDT,SELL,LIMIT,1701015519362,17,0.7405690
MINAUSDT,SELL,LIMIT,1701015521833,18592,0.7355494
MINAUSDT,SELL,LIMIT,1701015525724,6317,0.7395671
MINAUSDT,SELL,LIMIT,1701015541027,18,0.7391402
MINAUSDT,SELL,LIMIT,1701015601388,156,0.7387629
MINAUSDT,SELL,LIMIT,1701015637073,10,0.7380444
MINAUSDT,SELL,LIMIT,1701015638178,267,0.7383290
MINAUSDT,SELL,LIMIT,1701015640990,5000,0.7379330
MINAUSDT,SELL,LIMIT,1701015643541,5,0.7379285
MINAUSDT,SELL,LIMIT,1701015649189,160,0.7376574
MINAUSDT,SELL,LIMIT,1701015656792,401,0.7376511
MINAUSDT,SELL,LIMIT,1701015658381,6421,0.7374110
MINAUSDT,SELL,LIMIT,1701015671242,246,0.7371484
MINAUSDT,SELL,LIMIT,1701015675222,328,0.7368109
MINAUSDT,SELL,LIMIT,1701015676417,196,0.7366981
MINAUSDT,SELL,LIMIT,1701015681621,1416,0.7364315
MINAUSDT,SELL,LIMIT,1701015683328,477,0.7364737
MINAUSDT,SELL,LIMIT,1701015684296,309,0.7359182
MINAUSDT,SELL,LIMIT,1701015685331,774,0.7359068
MINAUSDT,SELL,LIMIT,1701015687212,4961,0.7350792
MINAUSDT,SELL,LIMIT,1701015741444,349,0.7351738
MINAUSDT,SELL,LIMIT,1701015742924,17,0.7344995
MINAUSDT,SELL,LIMIT,1701015746413,9800,0.7317206
MINAUSDT,SELL,LIMIT,1701015752795,250,0.7335882
MINAUSDT,SELL,LIMIT,1701015759093,56,0.7334123
MINAUSDT,SELL,LIMIT,1701015760272,2581,0.7330996
MINAUSDT,SELL,LIMIT,1701015761275,857,0.7331993
MINAUSDT,SELL,LIMIT,1701015825099,126,0.7330070
MINAUSDT,SELL,LIMIT,1701015837207,3342,0.7329098
MINAUSDT,SELL,LIMIT,1701015841275,10,0.7322491
MINAUSDT,SELL,LIMIT,1701015846842,325,0.7319896
MINAUSDT,SELL,LIMIT,1701015848343,121,0.7319090
MINAUSDT,SELL,LIMIT,1701015872291,1218,0.7317109
MINAUSDT,SELL,LIMIT,1701015873461,181,0.7315560
MINAUSDT,SELL,LIMIT,1701015900065,6535,0.7311219
MINAUSDT,SELL,LIMIT,1701016013109,811,0.7314520
MINAUSDT,SELL,LIMIT,1701016015345,73,0.7317195
MINAUSDT,SELL,LIMIT,1701016019460,7,0.7312036
MINAUSDT,SELL,LIMIT,1701016022112,109,0.7307716
MINAUSDT,SELL,LIMIT,1701016029177,961,0.7307453
MINAUSDT,SELL,LIMIT,1701016030390,571,0.7302948
MINAUSDT,SELL,LIMIT,1701016033407,701,0.7298185
MINAUSDT,SELL,LIMIT,1701016038045,11068,0.7269664
MINAUSDT,SELL,LIMIT,1701016041066,1551,0.7323096
MINAUSDT,SELL,LIMIT,1701016042193,876,0.7294828
MINAUSDT,SELL,LIMIT,1701016043286,69,0.7288512
MINAUSDT,SELL,LIMIT,1701016044238,49,0.7284809
MINAUSDT,SELL,LIMIT,1701016045447,7844,0.7275566
MINAUSDT,SELL,LIMIT,1701016047152,2587,0.7272649
MINAUSDT,SELL,LIMIT,1701016048262,50,0.7269210
MINAUSDT,SELL,LIMIT,1701016049285,250,0.7267238
MINAUSDT,SELL,LIMIT,1701016050361,150,0.7263133
MINAUSDT,SELL,LIMIT,1701016075456,3620,0.7294255
MINAUSDT,SELL,LIMIT,1701016098091,11173,0.7225999
MINAUSDT,SELL,LIMIT,1701016099090,27,0.7279759
MINAUSDT,SELL,LIMIT,1701016101191,458,0.7248875
MINAUSDT,SELL,LIMIT,1701016103980,1302,0.7247972
MINAUSDT,SELL,LIMIT,1701016104954,118,0.7246610
MINAUSDT,SELL,LIMIT,1701016105952,393,0.7244804
MINAUSDT,BUY,LIMIT,1701016240564,4493,0.7537682
MINAUSDT,BUY,LIMIT,1701017169194,3358,0.7591225
MINAUSDT,BUY,LIMIT,1701017832937,27,0.7600718
MINAUSDT,BUY,LIMIT,1701018525185,406,0.7634704
MINAUSDT,BUY,LIMIT,1701019010130,333,0.7670805
MINAUSDT,BUY,LIMIT,1701020341227,219,0.7670442
MINAUSDT,SELL,LIMIT,1701024516361,6622,0.7394006
MINAUSDT,SELL,LIMIT,1701026248410,30,0.7415894
MINAUSDT,BUY,LIMIT,1701028666300,294,0.7698862
MINAUSDT,BUY,LIMIT,1701031728116,301,0.7691531
MINAUSDT,BUY,LIMIT,1701036193598,420,0.7728684
MINAUSDT,BUY,LIMIT,1701036427268,131,0.7757728
MINAUSDT,BUY,LIMIT,1701036447640,2979,0.7763090
MINAUSDT,SELL,LIMIT,1701039865346,94,0.7441141
MINAUSDT,SELL,LIMIT,1701040605083,143,0.7417229
MINAUSDT,BUY,LIMIT,1701040922729,628,0.7680051
MINAUSDT,SELL,LIMIT,1701042633208,578,0.7413142
MINAUSDT,SELL,LIMIT,1701043387570,345,0.7408596
MINAUSDT,SELL,LIMIT,1701043560316,292,0.7382630
MINAUSDT,SELL,LIMIT,1701043574497,422,0.7371464
MINAUSDT,SELL,LIMIT,1701043602232,194,0.7355325
MINAUSDT,SELL,LIMIT,1701043648127,6666,0.7351501
MINAUSDT,SELL,LIMIT,1701045363688,1016,0.7344325
MINAUSDT,SELL,LIMIT,1701045414202,721,0.7334481
MINAUSDT,SELL,LIMIT,1701045464137,70,0.7331110
MINAUSDT,SELL,LIMIT,1701045479837,182,0.7323316
MINAUSDT,SELL,LIMIT,1701045489749,131,0.7315956
MINAUSDT,SELL,LIMIT,1701045505292,19,0.7312764
MINAUSDT,SELL,LIMIT,1701045510381,2349,0.7309305
MINAUSDT,SELL,LIMIT,1701045739773,3270,0.7291353
MINAUSDT,SELL,LIMIT,1701045741639,1177,0.7287570
MINAUSDT,SELL,LIMIT,1701046086110,1914,0.7264567
MINAUSDT,SELL,LIMIT,1701046096170,3154,0.7256447
MINAUSDT,SELL,LIMIT,1701046161343,156,0.7258792
MINAUSDT,SELL,LIMIT,1701046728088,242,0.7245205
MINAUSDT,SELL,LIMIT,1701046741199,3303,0.7243872
MINAUSDT,SELL,LIMIT,1701046742369,117,0.7239755
MINAUSDT,SELL,LIMIT,1701046787342,13,0.7236484
MINAUSDT,SELL,LIMIT,1701046790405,110,0.7235508
MINAUSDT,SELL,LIMIT,1701046791786,330,0.7234458
MINAUSDT,SELL,LIMIT,1701046794044,180,0.7231624
MINAUSDT,SELL,LIMIT,1701046796314,575,0.7229456
MINAUSDT,SELL,LIMIT,1701047176110,65,0.7227930
MINAUSDT,SELL,LIMIT,1701047178371,286,0.7224095
MINAUSDT,SELL,LIMIT,1701047179500,66,0.7216482
MINAUSDT,SELL,LIMIT,1701048043411,137,0.7215028
MINAUSDT,SELL,LIMIT,1701048209818,1218,0.7212450
MINAUSDT,SELL,LIMIT,1701048264440,3544,0.7207603
MINAUSDT,SELL,LIMIT,1701048265852,20,0.7199355
MINAUSDT,SELL,LIMIT,1701048311639,107,0.7192921
MINAUSDT,SELL,LIMIT,1701048318225,86,0.7188614
MINAUSDT,SELL,LIMIT,1701048319377,998,0.7188858
MINAUSDT,SELL,LIMIT,1701048325066,897,0.7184746
MINAUSDT,SELL,LIMIT,1701048327868,156,0.7181349
MINAUSDT,SELL,LIMIT,1701048521082,17,0.7194883
MINAUSDT,SELL,LIMIT,1701049063514,693,0.7206617
MINAUSDT,SELL,LIMIT,1701049280198,6471,0.7196705
MINAUSDT,SELL,LIMIT,1701049348151,72,0.7176281
MINAUSDT,SELL,LIMIT,1701051355178,537,0.7192101
MINAUSDT,SELL,LIMIT,1701051398182,290,0.7188165
MINAUSDT,SELL,LIMIT,1701051447094,75,0.7169150
MINAUSDT,BUY,LIMIT,1701051914240,43,0.7435526
MINAUSDT,SELL,LIMIT,1701053159919,800,0.7184129
MINAUSDT,SELL,LIMIT,1701053542628,1615,0.7197613
MINAUSDT,SELL,LIMIT,1701054468705,321,0.7168031
MINAUSDT,SELL,LIMIT,1701054476047,3559,0.7163739
MINAUSDT,SELL,LIMIT,1701054477061,62,0.7164626
MINAUSDT,SELL,LIMIT,1701054485555,11939,0.7131518
MINAUSDT,SELL,LIMIT,1701054486915,475,0.7158252
MINAUSDT,SELL,LIMIT,1701054491379,15,0.7156067
MINAUSDT,SELL,LIMIT,1701054538231,94,0.7149294
MINAUSDT,SELL,LIMIT,1701054539291,27,0.7151934
MINAUSDT,SELL,LIMIT,1701054579951,3000,0.7141920
MINAUSDT,SELL,LIMIT,1701054598583,73,0.7135919
MINAUSDT,SELL,LIMIT,1701054653469,4133,0.7131513
MINAUSDT,SELL,LIMIT,1701054655416,267,0.7129455
MINAUSDT,SELL,LIMIT,1701054660186,1631,0.7121386
MINAUSDT,SELL,LIMIT,1701054673562,267,0.7120244
MINAUSDT,SELL,LIMIT,1701055062792,26,0.7127011
MINAUSDT,SELL,LIMIT,1701055277511,1278,0.7112351
MINAUSDT,SELL,LIMIT,1701055344044,621,0.7108977
MINAUSDT,SELL,LIMIT,1701055345074,935,0.7107661
MINAUSDT,SELL,LIMIT,1701055346082,1546,0.7102419
MINAUSDT,SELL,LIMIT,1701055445825,24,0.7100041
MINAUSDT,SELL,LIMIT,1701055502256,559,0.7098891
MINAUSDT,SELL,LIMIT,1701055510788,6612,0.7097314
MINAUSDT,SELL,LIMIT,1701055546095,157,0.7094839
MINAUSDT,SELL,LIMIT,1701055547367,240,0.7094256
MINAUSDT,SELL,LIMIT,1701055554858,10,0.7093285
MINAUSDT,SELL,LIMIT,1701055558070,327,0.7086120
MINAUSDT,SELL,LIMIT,1701055559474,100,0.7084724
MINAUSDT,SELL,LIMIT,1701055563560,1167,0.7080946
MINAUSDT,SELL,LIMIT,1701055584117,4111,0.7078209
MINAUSDT,SELL,LIMIT,1701055598208,453,0.7076826
MINAUSDT,SELL,LIMIT,1701055617056,100,0.7075119
MINAUSDT,SELL,LIMIT,1701055645272,171,0.7070495
MINAUSDT,SELL,LIMIT,1701055655225,2816,0.7067981
MINAUSDT,SELL,LIMIT,1701055695156,2535,0.7064922
MINAUSDT,SELL,LIMIT,1701055697380,2049,0.7062935
MINAUSDT,SELL,LIMIT,1701055700744,109,0.7061551
MINAUSDT,SELL,LIMIT,1701055705161,198,0.7060536
MINAUSDT,SELL,LIMIT,1701055750073,11,0.7056401
MINAUSDT,SELL,LIMIT,1701055857700,255,0.7054992
MINAUSDT,SELL,LIMIT,1701055859363,1282,0.7053049
MINAUSDT,SELL,LIMIT,1701055860456,2292,0.7052583
MINAUSDT,SELL,LIMIT,1701055964889,470,0.7058968
MINAUSDT,SELL,LIMIT,1701056038575,1352,0.7071431
MINAUSDT,SELL,LIMIT,1701056055269,134,0.7069576
MINAUSDT,SELL,LIMIT,1701056141217,699,0.7059810
MINAUSDT,SELL,LIMIT,1701056243321,849,0.7048099
MINAUSDT,SELL,LIMIT,1701056249112,411,0.7040925
MINAUSDT,SELL,LIMIT,1701056738548,1292,0.7039510
MINAUSDT,SELL,LIMIT,1701056851670,902,0.7036371
MINAUSDT,SELL,LIMIT,1701056868518,2584,0.7033744
MINAUSDT,SELL,LIMIT,1701056869739,13,0.7031481
MINAUSDT,SELL,LIMIT,1701056871757,291,0.7030157
MINAUSDT,SELL,LIMIT,1701056874878,4543,0.7027264
MINAUSDT,SELL,LIMIT,1701056907330,1537,0.7024701
MINAUSDT,BUY,LIMIT,1701057377761,70,0.7266776
MINAUSDT,SELL,LIMIT,1701058494223,2985,0.7080961
MINAUSDT,SELL,LIMIT,1701058790582,202,0.7044221
MINAUSDT,SELL,LIMIT,1701058797971,6963,0.7038116
MINAUSDT,BUY,LIMIT,1701059398158,288,0.7266460
MINAUSDT,BUY,LIMIT,1701062125281,69,0.7313361
