Symbol,Side,Order Type,Time,Quantity,Price
MINAUSDT,BUY,LIMIT,1700845739156,4316,0.7513073
MINAUSDT,BUY,LIMIT,1700845745929,25,0.7524611
MINAUSDT,BUY,LIMIT,1700845889554,1562,0.7531072
MINAUSDT,SELL,LIMIT,1700847901132,73,0.7264246
MINAUSDT,BUY,LIMIT,1700851979691,66,0.7531970
MINAUSDT,BUY,LIMIT,1700858704870,2088,0.7523290
MINAUSDT,SELL,LIMIT,1700859226153,1642,0.7333458
MINAUSDT,BUY,LIMIT,1700859505158,622,0.7537417
MINAUSDT,BUY,LIMIT,1700859729788,27,0.7546520
MINAUSDT,BUY,LIMIT,1700859859961,3910,0.7560465
MINAUSDT,BUY,LIMIT,1700859871301,17,0.7572015
MINAUSDT,BUY,LIMIT,1700860165848,275,0.7583160
MINAUSDT,SELL,LIMIT,1700863313194,2147,0.7318551
MINAUSDT,SELL,LIMIT,1700863975485,431,0.7269782
MINAUSDT,BUY,LIMIT,1700866837513,196,0.7591210
MINAUSDT,BUY,LIMIT,1700866842300,738,0.7599183
MINAUSDT,SELL,LIMIT,1700867590726,13,0.7264104
MINAUSDT,SELL,LIMIT,1700867733245,449,0.7256300
MINAUSDT,SELL,LIMIT,1700867735764,1446,0.7250387
MINAUSDT,SELL,LIMIT,1700867738130,5873,0.7240715
MINAUSDT,SELL,LIMIT,1700867739659,2101,0.7233643
MINAUSDT,SELL,LIMIT,1700867744124,138,0.7221521
MINAUSDT,SELL,LIMIT,1700867791763,428,0.7220155
MINAUSDT,SELL,LIMIT,1700867794710,4264,0.7218127
MINAUSDT,SELL,LIMIT,1700867797992,1088,0.7210749
MINAUSDT,SELL,LIMIT,1700867854865,403,0.7193189
MINAUSDT,SELL,LIMIT,1700867856236,1105,0.7186252
MINAUSDT,SELL,LIMIT,1700867863121,289,0.7180445
MINAUSDT,SELL,LIMIT,1700867865776,11007,0.7147291
MINAUSDT,SELL,LIMIT,1700867868418,8941,0.7151974
MINAUSDT,SELL,LIMIT,1700867894845,233,0.7167384
MINAUSDT,SELL,LIMIT,1700870824485,1138,0.7319905
MINAUSDT,SELL,LIMIT,1700870923057,2637,0.7310980
MINAUSDT,BUY,LIMIT,1700871826174,439,0.7625998
MINAUSDT,BUY,LIMIT,1700872023118,600,0.7643764
MINAUSDT,BUY,LIMIT,1700872025881,1270,0.7652657
MINAUSDT,BUY,LIMIT,1700872165113,33,0.7722669
MINAUSDT,BUY,LIMIT,1700872277394,176,0.7729427
MINAUSDT,BUY,LIMIT,1700872320440,2593,0.7767840
MINAUSDT,BUY,LIMIT,1700872321575,194,0.7769894
MINAUSDT,BUY,LIMIT,1700872371251,100,0.7776915
MINAUSDT,BUY,LIMIT,1700872373416,1085,0.7778235
MINAUSDT,BUY,LIMIT,1700872395709,345,0.7782432
MINAUSDT,BUY,LIMIT,1700872405354,67,0.7797280
MINAUSDT,BUY,LIMIT,1700872417242,40,0.7808812
MINAUSDT,BUY,LIMIT,1700872435569,1566,0.7819315
MINAUSDT,BUY,LIMIT,1700872468711,141,0.7822529
MINAUSDT,BUY,LIMIT,1700872470540,10,0.7825219
MINAUSDT,BUY,LIMIT,1700872478906,405,0.7830641
MINAUSDT,BUY,LIMIT,1700872480160,575,0.7843608
MINAUSDT,BUY,LIMIT,1700872481316,3303,0.7851819
MINAUSDT,BUY,LIMIT,1700872482810,69,0.7855973
MINAUSDT,BUY,LIMIT,1700872484365,309,0.7863053
MINAUSDT,BUY,LIMIT,1700872488744,1118,0.7867242
MINAUSDT,BUY,LIMIT,1700872490412,2657,0.7871058
MINAUSDT,BUY,LIMIT,1700872493629,99,0.7876641
MINAUSDT,BUY,LIMIT,1700872524676,3665,0.7889598
MINAUSDT,BUY,LIMIT,1700872529506,2307,0.7904243
MINAUSDT,BUY,LIMIT,1700872540684,2769,0.7909837
MINAUSDT,BUY,LIMIT,1700872541707,2768,0.7927228
MINAUSDT,BUY,LIMIT,1700872545193,4081,0.7933739
MINAUSDT,BUY,LIMIT,1700872546319,802,0.7939836
MINAUSDT,BUY,LIMIT,1700872605846,5533,0.7949248
MINAUSDT,BUY,LIMIT,1700872615413,271,0.7954048
MINAUSDT,SELL,LIMIT,1700872887945,191,0.7673987
MINAUSDT,SELL,LIMIT,1700873049567,9,0.7625871
MINAUSDT,BUY,LIMIT,1700873218380,235,0.7957378
MINAUSDT,SELL,LIMIT,1700873383918,6401,0.7656344
MINAUSDT,SELL,LIMIT,1700873532150,933,0.7617289
MINAUSDT,SELL,LIMIT,1700873534847,2703,0.7613710
MINAUSDT,SELL,LIMIT,1700873535943,70,0.7612077
MINAUSDT,BUY,LIMIT,1700873866405,15702,0.8011201
MINAUSDT,BUY,LIMIT,1700873867645,493,0.7969353
MINAUSDT,BUY,LIMIT,1700873883279,10374,0.8016405
MINAUSDT,BUY,LIMIT,1700873911606,3378,0.7987667
MINAUSDT,BUY,LIMIT,1700873913491,122,0.7989554
MINAUSDT,BUY,LIMIT,1700873918179,147,0.7993672
MINAUSDT,SELL,LIMIT,1700874630820,4859,0.7705345
MINAUSDT,SELL,LIMIT,1700874688574,191,0.7690470
MINAUSDT,BUY,LIMIT,1700874788098,183,0.7942374
MINAUSDT,SELL,LIMIT,1700874982659,6173,0.7676246
MINAUSDT,BUY,LIMIT,1700875241133,256,0.8012080
MINAUSDT,BUY,LIMIT,1700875305120,35,0.8029228
MINAUSDT,BUY,LIMIT,1700875306324,334,0.8032500
MINAUSDT,BUY,LIMIT,1700875311792,1571,0.8035237
MINAUSDT,BUY,LIMIT,1700875313173,2595,0.8037041
MINAUSDT,BUY,LIMIT,1700875314778,164,0.8042789
MINAUSDT,BUY,LIMIT,1700875316844,800,0.8046698
MINAUSDT,BUY,LIMIT,1700875318069,91,0.8050226
MINAUSDT,BUY,LIMIT,1700875323396,5432,0.8063558
MINAUSDT,BUY,LIMIT,1700875325762,9445,0.8088545
MINAUSDT,BUY,LIMIT,1700875329374,63,0.8072212
MINAUSDT,BUY,LIMIT,1700875332524,556,0.8079490
MINAUSDT,BUY,LIMIT,1700875334123,773,0.8083460
MINAUSDT,BUY,LIMIT,1700875343251,242,0.8098685
MINAUSDT,BUY,LIMIT,1700875344425,23,0.8093120
MINAUSDT,BUY,LIMIT,1700875346220,449,0.8100389
MINAUSDT,BUY,LIMIT,1700875348061,1022,0.8106583
MINAUSDT,BUY,LIMIT,1700875349140,21,0.8106207
MINAUSDT,BUY,LIMIT,1700875354347,1219,0.8112860
MINAUSDT,BUY,LIMIT,1700875362255,815,0.8114883
MINAUSDT,BUY,LIMIT,1700875364474,322,0.8122030
MINAUSDT,BUY,LIMIT,1700875366532,268,0.8125019
MINAUSDT,BUY,LIMIT,1700875372216,4268,0.8127369
MINAUSDT,BUY,LIMIT,1700875373615,272,0.8137852
MINAUSDT,BUY,LIMIT,1700875375333,6841,0.8143310
MINAUSDT,BUY,LIMIT,1700875376688,723,0.8140039
MINAUSDT,BUY,LIMIT,1700875380279,63,0.8143160
MINAUSDT,BUY,LIMIT,1700875381302,134,0.8148684
MINAUSDT,BUY,LIMIT,1700875394249,15,0.8152420
MINAUSDT,BUY,LIMIT,1700875396100,201,0.8159236
MINAUSDT,BUY,LIMIT,1700875408259,278,0.8163465
MINAUSDT,BUY,LIMIT,1700875409274,283,0.8163011
MINAUSDT,BUY,LIMIT,1700875410342,5836,0.8168881
MINAUSDT,BUY,LIMIT,1700875474727,314,0.8171934
MINAUSDT,BUY,LIMIT,1700875487680,4884,0.8177957
MINAUSDT,BUY,LIMIT,1700875489608,5131,0.8187154
MINAUSDT,BUY,LIMIT,1700875491827,10,0.8192415
MINAUSDT,BUY,LIMIT,1700875493020,20,0.8201426
MINAUSDT,BUY,LIMIT,1700875719398,574,0.8206330
MINAUSDT,BUY,LIMIT,1700875721278,100,0.8215428
MINAUSDT,BUY,LIMIT,1700875762858,755,0.8228459
MINAUSDT,BUY,LIMIT,1700875763963,843,0.8233421
MINAUSDT,BUY,LIMIT,1700875766434,107,0.8242116
MINAUSDT,BUY,LIMIT,1700875768032,594,0.8245545
MINAUSDT,BUY,LIMIT,1700875769141,1,0.8257774
MINAUSDT,BUY,LIMIT,1700875773092,117,0.8265066
MINAUSDT,BUY,LIMIT,1700875774541,2121,0.8265962
MINAUSDT,BUY,LIMIT,1700875775738,24,0.8266711
MINAUSDT,BUY,LIMIT,1700875791963,1195,0.8274239
MINAUSDT,BUY,LIMIT,1700875795146,1919,0.8281096
MINAUSDT,BUY,LIMIT,1700875796200,6374,0.8286016
MINAUSDT,BUY,LIMIT,1700875797207,3078,0.8304036
MINAUSDT,BUY,LIMIT,1700875798344,811,0.8291368
MINAUSDT,BUY,LIMIT,1700875819143,1273,0.8312092
MINAUSDT,BUY,LIMIT,1700875820697,313,0.8314488
MINAUSDT,BUY,LIMIT,1700875823139,2517,0.8317348
MINAUSDT,BUY,LIMIT,1700875858414,109,0.8324014
MINAUSDT,BUY,LIMIT,1700875860872,1097,0.8336348
MINAUSDT,SELL,LIMIT,1700875882892,5617,0.8038622
MINAUSDT,BUY,LIMIT,1700875934324,1084,0.8335517
MINAUSDT,BUY,LIMIT,1700875950565,1095,0.8347809
MINAUSDT,BUY,LIMIT,1700875966205,348,0.8361955
MINAUSDT,BUY,LIMIT,1700875967559,106,0.8362794
MINAUSDT,BUY,LIMIT,1700875970850,1334,0.8374334
MINAUSDT,BUY,LIMIT,1700875972055,321,0.8387444
MINAUSDT,BUY,LIMIT,1700875973637,1047,0.8392783
MINAUSDT,BUY,LIMIT,1700875993816,38,0.8398488
MINAUSDT,BUY,LIMIT,1700875994842,394,0.8402469
MINAUSDT,BUY,LIMIT,1700875996191,129,0.8408430
MINAUSDT,BUY,LIMIT,1700876008678,1012,0.8429666
MINAUSDT,SELL,LIMIT,1700876045181,78,0.8134299
MINAUSDT,BUY,LIMIT,1700876080088,310,0.8447271
MINAUSDT,BUY,LIMIT,1700876081260,8230,0.8467879
MINAUSDT,BUY,LIMIT,1700876082476,2648,0.8463070
MINAUSDT,BUY,LIMIT,1700876089219,10,0.8465889
MINAUSDT,BUY,LIMIT,1700876090301,232,0.8459129
MINAUSDT,BUY,LIMIT,1700876181470,11563,0.8504100
MINAUSDT,BUY,LIMIT,1700876202341,1781,0.8460780
MINAUSDT,BUY,LIMIT,1700876310720,1874,0.8456422
MINAUSDT,BUY,LIMIT,1700876318307,1298,0.8466061
MINAUSDT,BUY,LIMIT,1700876354878,226,0.8471500
MINAUSDT,BUY,LIMIT,1700876415436,3604,0.8445513
MINAUSDT,SELL,LIMIT,1700876551643,44,0.8150018
MINAUSDT,SELL,LIMIT,1700876553168,292,0.8145024
MINAUSDT,SELL,LIMIT,1700876555286,570,0.8143567
MINAUSDT,BUY,LIMIT,1700876582972,1026,0.8458926
MINAUSDT,BUY,LIMIT,1700876594089,5347,0.8495160
MINAUSDT,SELL,LIMIT,1700876726303,2988,0.8196701
MINAUSDT,BUY,LIMIT,1700876824146,55,0.8485400
MINAUSDT,BUY,LIMIT,1700877114074,1324,0.8503380
MINAUSDT,BUY,LIMIT,1700877115267,149,0.8505165
MINAUSDT,SELL,LIMIT,1700877170130,95,0.8197172
MINAUSDT,SELL,LIMIT,1700877175280,2173,0.8185538
MINAUSDT,SELL,LIMIT,1700877181253,29,0.8175951
MINAUSDT,SELL,LIMIT,1700877197757,5971,0.8174746
MINAUSDT,BUY,LIMIT,1700877272222,17,0.8457994
MINAUSDT,BUY,LIMIT,1700877378394,539,0.8475668
MINAUSDT,BUY,LIMIT,1700877425237,1995,0.8489582
MINAUSDT,BUY,LIMIT,1700877476511,18,0.8512012
MINAUSDT,BUY,LIMIT,1700877488150,7,0.8513723
MINAUSDT,BUY,LIMIT,1700877498246,8,0.8529209
MINAUSDT,BUY,LIMIT,1700877500748,418,0.8530302
MINAUSDT,BUY,LIMIT,1700877515443,6103,0.8532872
MINAUSDT,BUY,LIMIT,1700877521107,700,0.8532425
MINAUSDT,BUY,LIMIT,1700877533091,68,0.8536980
MINAUSDT,BUY,LIMIT,1700877534762,551,0.8541446
MINAUSDT,BUY,LIMIT,1700877609938,2064,0.8544736
MINAUSDT,BUY,LIMIT,1700877706056,2122,0.8553644
MINAUSDT,BUY,LIMIT,1700877718534,1344,0.8563278
MINAUSDT,BUY,LIMIT,1700877921958,97,0.8569012
MINAUSDT,SELL,LIMIT,1700878313706,3563,0.8269853
MINAUSDT,SELL,LIMIT,1700878316006,252,0.8259770
MINAUSDT,SELL,LIMIT,1700878326207,131,0.8257613
MINAUSDT,SELL,LIMIT,1700878336115,598,0.8250889
MINAUSDT,SELL,LIMIT,1700878339238,64,0.8234347
MINAUSDT,SELL,LIMIT,1700878352374,103,0.8215571
MINAUSDT,SELL,LIMIT,1700878358034,1835,0.8197572
MINAUSDT,SELL,LIMIT,1700878360300,173,0.8147001
MINAUSDT,SELL,LIMIT,1700878361314,295,0.8152349
MINAUSDT,SELL,LIMIT,1700878362316,5948,0.8125430
MINAUSDT,SELL,LIMIT,1700878408883,333,0.8149761
MINAUSDT,BUY,LIMIT,1700878476743,4274,0.8402170
MINAUSDT,SELL,LIMIT,1700878480534,1274,0.8130027
MINAUSDT,SELL,LIMIT,1700878595709,3940,0.8117274
MINAUSDT,SELL,LIMIT,1700878609808,69,0.8105255
MINAUSDT,BUY,LIMIT,1700878646059,1216,0.8382677
MINAUSDT,BUY,LIMIT,1700878711163,18,0.8422783
MINAUSDT,SELL,LIMIT,1700878839146,26,0.8127316
MINAUSDT,BUY,LIMIT,1700878981414,1452,0.8454384
MINAUSDT,BUY,LIMIT,1700878987166,220,0.8462365
MINAUSDT,BUY,LIMIT,1700879133893,602,0.8464340
MINAUSDT,BUY,LIMIT,1700879136921,2405,0.8476391
MINAUSDT,BUY,LIMIT,1700879155796,2198,0.8488859
MINAUSDT,BUY,LIMIT,1700879251752,604,0.8525422
MINAUSDT,BUY,LIMIT,1700879254492,2096,0.8549579
MINAUSDT,BUY,LIMIT,1700879288913,12,0.8576490
MINAUSDT,BUY,LIMIT,1700879293730,17,0.8578592
MINAUSDT,BUY,LIMIT,1700879295887,11,0.8596880
MINAUSDT,BUY,LIMIT,1700879344387,150,0.8599937
MINAUSDT,BUY,LIMIT,1700879469869,2371,0.8600519
MINAUSDT,BUY,LIMIT,1700879474341,2579,0.8614300
MINAUSDT,BUY,LIMIT,1700879475524,2658,0.8619485
MINAUSDT,BUY,LIMIT,1700879477743,220,0.8617709
MINAUSDT,BUY,LIMIT,1700879514123,658,0.8622191
MINAUSDT,BUY,LIMIT,1700879541157,2649,0.8629972
MINAUSDT,BUY,LIMIT,1700879542434,55,0.8628860
MINAUSDT,BUY,LIMIT,1700879547519,60,0.8637725
MINAUSDT,SELL,LIMIT,1700879603126,1185,0.8323997
MINAUSDT,SELL,LIMIT,1700879640527,201,0.8317583
MINAUSDT,BUY,LIMIT,1700879782632,89,0.8618772
MINAUSDT,BUY,LIMIT,1700880179790,3778,0.8634145
MINAUSDT,BUY,LIMIT,1700880181343,6,0.8638145
MINAUSDT,BUY,LIMIT,1700880182470,31,0.8643625
MINAUSDT,BUY,LIMIT,1700880183525,419,0.8645366
MINAUSDT,BUY,LIMIT,1700880207224,1138,0.8657073
MINAUSDT,BUY,LIMIT,1700880251124,3923,0.8663484
MINAUSDT,BUY,LIMIT,1700880252209,295,0.8670759
MINAUSDT,BUY,LIMIT,1700880263168,548,0.8670000
MINAUSDT,SELL,LIMIT,1700880292931,143,0.8352077
MINAUSDT,SELL,LIMIT,1700880304146,97,0.8345317
MINAUSDT,SELL,LIMIT,1700880418249,3111,0.8308770
MINAUSDT,SELL,LIMIT,1700880420211,2444,0.8278585
MINAUSDT,SELL,LIMIT,1700880421280,650,0.8288168
MINAUSDT,SELL,LIMIT,1700880640984,47,0.8262759
MINAUSDT,SELL,LIMIT,1700880653960,16,0.8250989
MINAUSDT,SELL,LIMIT,1700880661286,154,0.8247076
MINAUSDT,SELL,LIMIT,1700880680120,35,0.8240566
MINAUSDT,SELL,LIMIT,1700880681757,453,0.8234611
MINAUSDT,SELL,LIMIT,1700880691579,115,0.8225264
MINAUSDT,SELL,LIMIT,1700880693212,200,0.8224745
MINAUSDT,BUY,LIMIT,1700880736228,629,0.8525622
MINAUSDT,BUY,LIMIT,1700880740050,91,0.8530511
MINAUSDT,BUY,LIMIT,1700881193070,1108,0.8561278
MINAUSDT,BUY,LIMIT,1700881296632,1130,0.8572405
MINAUSDT,BUY,LIMIT,1700881372131,733,0.8590590
MINAUSDT,BUY,LIMIT,1700881498367,5920,0.8612470
MINAUSDT,BUY,LIMIT,1700881501311,996,0.8629303
MINAUSDT,BUY,LIMIT,1700881790117,6,0.8666782
MINAUSDT,BUY,LIMIT,1700881791744,1216,0.8678907
MINAUSDT,BUY,LIMIT,1700881794409,101,0.8681304
MINAUSDT,BUY,LIMIT,1700881829160,2849,0.8682385
MINAUSDT,BUY,LIMIT,1700881915059,12000,0.8727593
MINAUSDT,BUY,LIMIT,1700881917464,1204,0.8690935
MINAUSDT,BUY,LIMIT,1700881926053,209,0.8697404
MINAUSDT,BUY,LIMIT,1700881961035,2131,0.8708590
MINAUSDT,BUY,LIMIT,1700881971482,87,0.8709282
MINAUSDT,BUY,LIMIT,1700881982826,1855,0.8710560
MINAUSDT,BUY,LIMIT,1700882034862,28,0.8716779
MINAUSDT,SELL,LIMIT,1700882188445,970,0.8368365
MINAUSDT,BUY,LIMIT,1700882286064,1809,0.8681855
MINAUSDT,SELL,LIMIT,1700882576291,799,0.8365808
MINAUSDT,SELL,LIMIT,1700882581042,43,0.8354416
MINAUSDT,SELL,LIMIT,1700882750425,286,0.8347505
MINAUSDT,SELL,LIMIT,1700882753358,120,0.8339152
MINAUSDT,BUY,LIMIT,1700883071122,937,0.8660536
MINAUSDT,BUY,LIMIT,1700883074290,975,0.8668648
MINAUSDT,BUY,LIMIT,1700883363136,40,0.8664239
MINAUSDT,BUY,LIMIT,1700883433159,12,0.8716397
MINAUSDT,BUY,LIMIT,1700883434175,14,0.8724558
MINAUSDT,BUY,LIMIT,1700883435239,814,0.8722910
MINAUSDT,SELL,LIMIT,1700883483290,117,0.8392522
MINAUSDT,SELL,LIMIT,1700883710529,597,0.8332290
MINAUSDT,SELL,LIMIT,1700883712168,158,0.8324672
MINAUSDT,BUY,LIMIT,1700883790150,1860,0.8625494
MINAUSDT,BUY,LIMIT,1700884004384,340,0.8676279
MINAUSDT,BUY,LIMIT,1700884005875,2144,0.8684572
MINAUSDT,SELL,LIMIT,1700884933893,71,0.8336557
MINAUSDT,SELL,LIMIT,1700884935511,1062,0.8333582
MINAUSDT,SELL,LIMIT,1700884937010,147,0.8330618
MINAUSDT,SELL,LIMIT,1700885253708,1498,0.8324515
MINAUSDT,SELL,LIMIT,1700885278557,430,0.8315020
MINAUSDT,BUY,LIMIT,1700885368672,4983,0.8615826
MINAUSDT,BUY,LIMIT,1700885699407,424,0.8669049
MINAUSDT,BUY,LIMIT,1700885713938,225,0.8673422
MINAUSDT,BUY,LIMIT,1700885719237,38,0.8688179
MINAUSDT,BUY,LIMIT,1700885754353,3210,0.8699788
MINAUSDT,BUY,LIMIT,1700885757211,5764,0.8706032
MINAUSDT,BUY,LIMIT,1700885762726,237,0.8707036
MINAUSDT,BUY,LIMIT,1700885777971,2121,0.8725954
MINAUSDT,BUY,LIMIT,1700885779226,34,0.8729605
MINAUSDT,BUY,LIMIT,1700885780296,16751,0.8795867
MINAUSDT,BUY,LIMIT,1700885781323,157,0.8748803
MINAUSDT,BUY,LIMIT,1700885782815,162,0.8755505
MINAUSDT,BUY,LIMIT,1700885784276,50,0.8766225
MINAUSDT,SELL,LIMIT,1700886408218,5818,0.8423840
MINAUSDT,SELL,LIMIT,1700886409232,26,0.8420987
MINAUSDT,BUY,LIMIT,1700886502510,5821,0.8717248
MINAUSDT,BUY,LIMIT,1700886675223,58,0.8769132
MINAUSDT,BUY,LIMIT,1700886678100,1605,0.8772604
MINAUSDT,BUY,LIMIT,1700886720427,145,0.8775647
MINAUSDT,BUY,LIMIT,1700886721462,875,0.8783087
MINAUSDT,BUY,LIMIT,1700886725009,44,0.8798964
MINAUSDT,BUY,LIMIT,1700886732185,2614,0.8800629
MINAUSDT,BUY,LIMIT,1700886733911,135,0.8803417
MINAUSDT,SELL,LIMIT,1700886867804,1822,0.8506406
MINAUSDT,SELL,LIMIT,1700886930074,3250,0.8498311
MINAUSDT,BUY,LIMIT,1700887021493,1750,0.8789147
MINAUSDT,BUY,LIMIT,1700887029065,173,0.8811815
MINAUSDT,BUY,LIMIT,1700887031066,148,0.8819998
MINAUSDT,BUY,LIMIT,1700887047812,27,0.8825245
MINAUSDT,BUY,LIMIT,1700887454088,17,0.8833438
MINAUSDT,BUY,LIMIT,1700887455271,133,0.8832141
MINAUSDT,BUY,LIMIT,1700887456387,2660,0.8835025
MINAUSDT,BUY,LIMIT,1700887457774,251,0.8841121
MINAUSDT,BUY,LIMIT,1700887545099,3797,0.8844468
MINAUSDT,BUY,LIMIT,1700887546184,115,0.8853582
MINAUSDT,SELL,LIMIT,1700887642607,35,0.8533623
MINAUSDT,SELL,LIMIT,1700887648359,575,0.8509969
MINAUSDT,SELL,LIMIT,1700887677369,2678,0.8502468
MINAUSDT,SELL,LIMIT,1700887701094,93,0.8476581
MINAUSDT,SELL,LIMIT,1700887720962,124,0.8466926
MINAUSDT,SELL,LIMIT,1700887732758,298,0.8455705
MINAUSDT,SELL,LIMIT,1700887734253,33,0.8453035
MINAUSDT,BUY,LIMIT,1700887826656,1686,0.8751903
MINAUSDT,BUY,LIMIT,1700887829773,53,0.8761583
MINAUSDT,SELL,LIMIT,1700887952113,4325,0.8438021
MINAUSDT,SELL,LIMIT,1700887953152,127,0.8444067
MINAUSDT,SELL,LIMIT,1700888321260,1250,0.8434250
MINAUSDT,SELL,LIMIT,1700888323511,325,0.8433640
MINAUSDT,SELL,LIMIT,1700888717184,44,0.8421610
MINAUSDT,SELL,LIMIT,1700888749643,728,0.8408080
MINAUSDT,SELL,LIMIT,1700888751406,924,0.8403620
MINAUSDT,BUY,LIMIT,1700888824840,185,0.8694296
MINAUSDT,SELL,LIMIT,1700889038304,750,0.8397881
MINAUSDT,BUY,LIMIT,1700889184051,354,0.8711857
MINAUSDT,BUY,LIMIT,1700889506575,1343,0.8725965
MINAUSDT,SELL,LIMIT,1700889760093,383,0.8388017
MINAUSDT,BUY,LIMIT,1700889912566,280,0.8669816
MINAUSDT,BUY,LIMIT,1700890150642,112,0.8701432
MINAUSDT,BUY,LIMIT,1700890411051,71,0.8703371
MINAUSDT,BUY,LIMIT,1700890428107,801,0.8705125
MINAUSDT,BUY,LIMIT,1700890431601,116,0.8706032
MINAUSDT,SELL,LIMIT,1700890809711,42,0.8409381
MINAUSDT,SELL,LIMIT,1700890864112,31,0.8393052
MINAUSDT,SELL,LIMIT,1700891222064,60,0.8390513
MINAUSDT,SELL,LIMIT,1700891264126,1732,0.8370248
MINAUSDT,SELL,LIMIT,1700891292023,66,0.8354365
MINAUSDT,SELL,LIMIT,1700891293044,755,0.8352086
MINAUSDT,SELL,LIMIT,1700891296823,36,0.8346591
MINAUSDT,BUY,LIMIT,1700891576228,1068,0.8639437
MINAUSDT,BUY,LIMIT,1700891885969,1768,0.8672485
MINAUSDT,SELL,LIMIT,1700891984147,118,0.8346998
MINAUSDT,SELL,LIMIT,1700891999507,587,0.8342898
MINAUSDT,BUY,LIMIT,1700892165412,49,0.8640204
MINAUSDT,SELL,LIMIT,1700892369272,60,0.8405954
MINAUSDT,SELL,LIMIT,1700892758984,241,0.8352286
MINAUSDT,SELL,LIMIT,1700892780806,73,0.8339543
MINAUSDT,BUY,LIMIT,1700893042568,2388,0.8660496
MINAUSDT,BUY,LIMIT,1700893045384,9,0.8666750
MINAUSDT,SELL,LIMIT,1700893743418,360,0.8352218
MINAUSDT,SELL,LIMIT,1700893809420,90,0.8328375
MINAUSDT,SELL,LIMIT,1700893813136,49,0.8319919
MINAUSDT,SELL,LIMIT,1700893836795,66,0.8313129
MINAUSDT,SELL,LIMIT,1700893877671,71,0.8296990
MINAUSDT,SELL,LIMIT,1700893880949,4195,0.8289916
MINAUSDT,SELL,LIMIT,1700893884592,865,0.8286049
MINAUSDT,SELL,LIMIT,1700893924255,298,0.8277931
MINAUSDT,SELL,LIMIT,1700893926401,16,0.8274427
MINAUSDT,SELL,LIMIT,1700893927423,1932,0.8261736
MINAUSDT,SELL,LIMIT,1700893929673,1260,0.8248385
MINAUSDT,SELL,LIMIT,1700893947455,1541,0.8242908
MINAUSDT,SELL,LIMIT,1700893951843,579,0.8241070
MINAUSDT,SELL,LIMIT,1700893953033,4858,0.8237343
MINAUSDT,SELL,LIMIT,1700893957359,11,0.8229881
MINAUSDT,SELL,LIMIT,1700893964401,504,0.8225883
MINAUSDT,SELL,LIMIT,1700893966182,27,0.8218024
MINAUSDT,SELL,LIMIT,1700893968679,630,0.8211184
MINAUSDT,SELL,LIMIT,1700893972306,119,0.8208261
MINAUSDT,SELL,LIMIT,1700894001471,32,0.8201668
MINAUSDT,SELL,LIMIT,1700894005639,518,0.8201020
MINAUSDT,SELL,LIMIT,1700894007694,2122,0.8199606
MINAUSDT,SELL,LIMIT,1700894009216,1122,0.8194992
MINAUSDT,SELL,LIMIT,1700894011039,7,0.8184380
MINAUSDT,SELL,LIMIT,1700894012388,21,0.8187875
MINAUSDT,SELL,LIMIT,1700894017093,232,0.8166697
MINAUSDT,SELL,LIMIT,1700894032455,5906,0.8163488
MINAUSDT,SELL,LIMIT,1700894033482,13373,0.8113943
MINAUSDT,SELL,LIMIT,1700894034616,19,0.8156077
MINAUSDT,SELL,LIMIT,1700894036218,5854,0.8152870
MINAUSDT,SELL,LIMIT,1700894038121,11715,0.8110905
MINAUSDT,SELL,LIMIT,1700894039145,7,0.8150872
MINAUSDT,SELL,LIMIT,1700894041771,148,0.8149423
MINAUSDT,SELL,LIMIT,1700894043090,271,0.8147016
MINAUSDT,SELL,LIMIT,1700894044846,2138,0.8142351
MINAUSDT,SELL,LIMIT,1700894066831,19,0.8140937
MINAUSDT,SELL,LIMIT,1700894068294,136,0.8136941
MINAUSDT,SELL,LIMIT,1700894070202,68,0.8133133
MINAUSDT,SELL,LIMIT,1700894071245,8,0.8108701
MINAUSDT,SELL,LIMIT,1700894072254,34,0.8124211
MINAUSDT,SELL,LIMIT,1700894073609,801,0.8085930
MINAUSDT,SELL,LIMIT,1700894078656,84,0.8085866
MINAUSDT,SELL,LIMIT,1700894094063,1947,0.8078200
MINAUSDT,SELL,LIMIT,1700894095080,941,0.8079251
MINAUSDT,SELL,LIMIT,1700894096295,476,0.8071027
MINAUSDT,SELL,LIMIT,1700894100251,1606,0.8068942
MINAUSDT,SELL,LIMIT,1700894114644,1178,0.8063628
MINAUSDT,BUY,LIMIT,1700894176058,38,0.8353795
MINAUSDT,BUY,LIMIT,1700894182091,480,0.8362976
MINAUSDT,BUY,LIMIT,1700894210058,10490,0.8397697
MINAUSDT,BUY,LIMIT,1700894217047,74,0.8372739
MINAUSDT,BUY,LIMIT,1700894340457,54,0.8392704
MINAUSDT,BUY,LIMIT,1700894352520,303,0.8413350
MINAUSDT,BUY,LIMIT,1700894470268,181,0.8421070
MINAUSDT,SELL,LIMIT,1700894701382,1683,0.8153207
MINAUSDT,SELL,LIMIT,1700894735190,3993,0.8137537
MINAUSDT,BUY,LIMIT,1700894868916,75,0.8429727
MINAUSDT,SELL,LIMIT,1700894897328,218,0.8126539
MINAUSDT,SELL,LIMIT,1700895229542,171,0.8084319
MINAUSDT,SELL,LIMIT,1700895270078,242,0.8072404
MINAUSDT,SELL,LIMIT,1700895273471,6075,0.8066247
MINAUSDT,SELL,LIMIT,1700895274783,311,0.8050629
MINAUSDT,SELL,LIMIT,1700895276250,651,0.8045748
MINAUSDT,SELL,LIMIT,1700895278956,1140,0.8031018
MINAUSDT,SELL,LIMIT,1700895281058,11,0.8026027
MINAUSDT,SELL,LIMIT,1700895301122,305,0.8018036
MINAUSDT,SELL,LIMIT,1700895302239,43,0.8020557
MINAUSDT,BUY,LIMIT,1700895520840,4010,0.8304131
MINAUSDT,BUY,LIMIT,1700895555300,4406,0.8306345
MINAUSDT,BUY,LIMIT,1700895560137,2166,0.8316469
MINAUSDT,BUY,LIMIT,1700895655033,4586,0.8336567
MINAUSDT,BUY,LIMIT,1700895657226,2709,0.8339650
MINAUSDT,BUY,LIMIT,1700895661739,7,0.8344569
MINAUSDT,BUY,LIMIT,1700895678540,304,0.8350990
MINAUSDT,BUY,LIMIT,1700895850119,157,0.8387142
MINAUSDT,BUY,LIMIT,1700896173905,19,0.8407737
MINAUSDT,BUY,LIMIT,1700896181541,1171,0.8414601
MINAUSDT,SELL,LIMIT,1700896217664,606,0.8159895
MINAUSDT,BUY,LIMIT,1700896398430,374,0.8425638
MINAUSDT,BUY,LIMIT,1700896571309,292,0.8428989
MINAUSDT,BUY,LIMIT,1700896661151,487,0.8405214
MINAUSDT,SELL,LIMIT,1700896732704,3016,0.8124879
MINAUSDT,BUY,LIMIT,1700896954895,461,0.8408487
MINAUSDT,BUY,LIMIT,1700896976684,67,0.8417591
MINAUSDT,BUY,LIMIT,1700896989766,60,0.8423557
MINAUSDT,BUY,LIMIT,1700897063813,478,0.8441482
MINAUSDT,BUY,LIMIT,1700897074258,177,0.8448023
MINAUSDT,BUY,LIMIT,1700897075338,29,0.8447577
MINAUSDT,BUY,LIMIT,1700897079176,552,0.8452902
MINAUSDT,BUY,LIMIT,1700897081700,2201,0.8456302
MINAUSDT,BUY,LIMIT,1700897084841,35,0.8459080
MINAUSDT,SELL,LIMIT,1700897753609,423,0.8203241
MINAUSDT,SELL,LIMIT,1700897766293,63,0.8212769
MINAUSDT,SELL,LIMIT,1700897871205,6010,0.8151861
MINAUSDT,SELL,LIMIT,1700897992405,3022,0.8106255
MINAUSDT,SELL,LIMIT,1700898196411,47,0.8079955
MINAUSDT,SELL,LIMIT,1700898232783,97,0.8074699
MINAUSDT,BUY,LIMIT,1700898430849,107,0.8340634
MINAUSDT,SELL,LIMIT,1700898563712,12,0.8067591
MINAUSDT,SELL,LIMIT,1700898584992,360,0.8054771
MINAUSDT,SELL,LIMIT,1700898586048,65,0.8046172
MINAUSDT,SELL,LIMIT,1700898588870,298,0.8043145
MINAUSDT,SELL,LIMIT,1700898604536,3313,0.8028587
MINAUSDT,SELL,LIMIT,1700898608274,306,0.8015753
MINAUSDT,SELL,LIMIT,1700898612906,20,0.8006068
MINAUSDT,SELL,LIMIT,1700898614141,118,0.8002964
MINAUSDT,SELL,LIMIT,1700898615170,4666,0.7994419
MINAUSDT,SELL,LIMIT,1700898617119,221,0.7989201
MINAUSDT,SELL,LIMIT,1700898619007,70,0.7983001
MINAUSDT,SELL,LIMIT,1700898636164,42,0.7968660
MINAUSDT,SELL,LIMIT,1700898637230,402,0.7966711
MINAUSDT,SELL,LIMIT,1700898641387,695,0.7964817
MINAUSDT,SELL,LIMIT,1700898643206,961,0.7955724
MINAUSDT,SELL,LIMIT,1700898644388,78,0.7959390
MINAUSDT,SELL,LIMIT,1700898645437,11,0.7955497
MINAUSDT,SELL,LIMIT,1700898647632,70,0.7949867
MINAUSDT,SELL,LIMIT,1700898673901,400,0.7940115
MINAUSDT,SELL,LIMIT,1700898675351,1534,0.7928671
MINAUSDT,SELL,LIMIT,1700898676761,36,0.7925921
MINAUSDT,SELL,LIMIT,1700898689331,88,0.7920445
MINAUSDT,SELL,LIMIT,1700898902114,653,0.7914003
MINAUSDT,SELL,LIMIT,1700898903275,200,0.7908446
MINAUSDT,BUY,LIMIT,1700899203980,1273,0.8199875
MINAUSDT,BUY,LIMIT,1700899210366,248,0.8206127
MINAUSDT,BUY,LIMIT,1700899284276,523,0.8217463
MINAUSDT,BUY,LIMIT,1700899287062,949,0.8228578
MINAUSDT,BUY,LIMIT,1700899326149,5081,0.8238510
MINAUSDT,BUY,LIMIT,1700899339042,24,0.8268145
MINAUSDT,SELL,LIMIT,1700899605852,48,0.8002621
MINAUSDT,SELL,LIMIT,1700899976151,618,0.7987262
MINAUSDT,SELL,LIMIT,1700900230681,114,0.7983158
MINAUSDT,BUY,LIMIT,1700900628119,6175,0.8260625
MINAUSDT,BUY,LIMIT,1700902248126,4102,0.8331933
MINAUSDT,SELL,LIMIT,1700902450507,2473,0.8045381
MINAUSDT,SELL,LIMIT,1700903240193,790,0.8037607
MINAUSDT,SELL,LIMIT,1700903241577,381,0.8037106
MINAUSDT,BUY,LIMIT,1700903951621,73,0.8337954
MINAUSDT,BUY,LIMIT,1700904076240,610,0.8355757
MINAUSDT,SELL,LIMIT,1700904650153,703,0.8080641
MINAUSDT,SELL,LIMIT,1700904655467,1480,0.8070376
MINAUSDT,SELL,LIMIT,1700904678692,10,0.8063825
MINAUSDT,SELL,LIMIT,1700904697354,1872,0.8051364
MINAUSDT,SELL,LIMIT,1700904698446,202,0.8048681
MINAUSDT,BUY,LIMIT,1700905988094,574,0.8367962
MINAUSDT,BUY,LIMIT,1700905992178,6156,0.8374686
MINAUSDT,BUY,LIMIT,1700906794337,4893,0.8399801
MINAUSDT,BUY,LIMIT,1700906870267,6093,0.8408484
MINAUSDT,SELL,LIMIT,1700907472796,81,0.8105354
MINAUSDT,SELL,LIMIT,1700907550294,2994,0.8085087
MINAUSDT,SELL,LIMIT,1700907559048,30,0.8078091
MINAUSDT,SELL,LIMIT,1700908094923,243,0.8067555
MINAUSDT,SELL,LIMIT,1700908107194,2963,0.8048424
MINAUSDT,SELL,LIMIT,1700908108401,833,0.8045841
MINAUSDT,SELL,LIMIT,1700908122740,1437,0.8036946
MINAUSDT,SELL,LIMIT,1700908139300,454,0.8026314
MINAUSDT,SELL,LIMIT,1700908143280,244,0.8017635
MINAUSDT,SELL,LIMIT,1700908368373,4031,0.8012280
MINAUSDT,SELL,LIMIT,1700908371996,70,0.8006275
MINAUSDT,SELL,LIMIT,1700908430159,49,0.7998920
MINAUSDT,SELL,LIMIT,1700908432059,333,0.7987894
MINAUSDT,SELL,LIMIT,1700908433160,127,0.7996800
MINAUSDT,SELL,LIMIT,1700908624230,21,0.7986269
MINAUSDT,SELL,LIMIT,1700908657749,1292,0.7974134
MINAUSDT,SELL,LIMIT,1700908914469,2110,0.7963673
MINAUSDT,SELL,LIMIT,1700908966365,1083,0.7949405
MINAUSDT,SELL,LIMIT,1700908971049,2236,0.7945503
MINAUSDT,SELL,LIMIT,1700908975621,4645,0.7934240
MINAUSDT,SELL,LIMIT,1700908986175,409,0.7930854
MINAUSDT,SELL,LIMIT,1700909002462,219,0.7923474
MINAUSDT,SELL,LIMIT,1700909027882,821,0.7910849
MINAUSDT,SELL,LIMIT,1700909040907,1348,0.7906265
MINAUSDT,SELL,LIMIT,1700909043903,16951,0.7847703
MINAUSDT,SELL,LIMIT,1700909069213,1534,0.7883917
MINAUSDT,SELL,LIMIT,1700909073058,63,0.7875823
MINAUSDT,SELL,LIMIT,1700909074104,2486,0.7856527
MINAUSDT,SELL,LIMIT,1700909075315,968,0.7858340
MINAUSDT,SELL,LIMIT,1700909081250,28,0.7849461
MINAUSDT,BUY,LIMIT,1700909224904,469,0.8146046
MINAUSDT,BUY,LIMIT,1700909702098,2981,0.8158445
MINAUSDT,BUY,LIMIT,1700909729034,705,0.8173899
MINAUSDT,SELL,LIMIT,1700910872511,109,0.7888128
MINAUSDT,SELL,LIMIT,1700911148169,116,0.7852545
MINAUSDT,SELL,LIMIT,1700911472672,6421,0.7899320
MINAUSDT,SELL,LIMIT,1700911626259,380,0.7877116
MINAUSDT,SELL,LIMIT,1700912229368,60,0.7875081
MINAUSDT,SELL,LIMIT,1700912294266,353,0.7848363
MINAUSDT,SELL,LIMIT,1700912296729,37,0.7847329
MINAUSDT,SELL,LIMIT,1700912298153,550,0.7846885
MINAUSDT,SELL,LIMIT,1700912299229,439,0.7846853
MINAUSDT,SELL,LIMIT,1700912319299,408,0.7844834
MINAUSDT,SELL,LIMIT,1700912335212,616,0.7840951
MINAUSDT,SELL,LIMIT,1700912336290,923,0.7839089
MINAUSDT,SELL,LIMIT,1700912347557,1202,0.7833864
MINAUSDT,SELL,LIMIT,1700912431200,177,0.7829225
MINAUSDT,SELL,LIMIT,1700912437547,43,0.7825470
MINAUSDT,SELL,LIMIT,1700912443265,78,0.7820358
MINAUSDT,SELL,LIMIT,1700912457940,63,0.7813579
MINAUSDT,SELL,LIMIT,1700912459050,319,0.7812768
MINAUSDT,SELL,LIMIT,1700912469216,727,0.7810294
MINAUSDT,SELL,LIMIT,1700912470453,847,0.7804855
MINAUSDT,SELL,LIMIT,1700912472035,3094,0.7799827
MINAUSDT,SELL,LIMIT,1700912478114,20175,0.7742227
MINAUSDT,SELL,LIMIT,1700912480315,520,0.7791028
MINAUSDT,SELL,LIMIT,1700912483997,574,0.7790382
MINAUSDT,SELL,LIMIT,1700912489184,871,0.7791435
MINAUSDT,SELL,LIMIT,1700912495243,261,0.7788686
MINAUSDT,SELL,LIMIT,1700912496417,3097,0.7787927
MINAUSDT,SELL,LIMIT,1700912498678,283,0.7785892
MINAUSDT,SELL,LIMIT,1700912502566,69,0.7784069
MINAUSDT,SELL,LIMIT,1700912504207,7,0.7782138
MINAUSDT,SELL,LIMIT,1700912506192,493,0.7778973
MINAUSDT,SELL,LIMIT,1700912507222,156,0.7779529
MINAUSDT,SELL,LIMIT,1700912541591,483,0.7773548
MINAUSDT,SELL,LIMIT,1700912543193,1503,0.7773190
MINAUSDT,SELL,LIMIT,1700912547073,1316,0.7766504
MINAUSDT,SELL,LIMIT,1700912548135,35,0.7768295
MINAUSDT,SELL,LIMIT,1700912555644,115,0.7760417
MINAUSDT,SELL,LIMIT,1700912563666,13,0.7755857
MINAUSDT,SELL,LIMIT,1700912580976,96,0.7753632
MINAUSDT,SELL,LIMIT,1700912588572,110,0.7751051
MINAUSDT,SELL,LIMIT,1700912590769,469,0.7752351
MINAUSDT,SELL,LIMIT,1700912592284,332,0.7749471
MINAUSDT,SELL,LIMIT,1700912595787,105,0.7751745
MINAUSDT,SELL,LIMIT,1700912633702,9,0.7748545
MINAUSDT,SELL,LIMIT,1700912634724,240,0.7744130
MINAUSDT,SELL,LIMIT,1700912635828,529,0.7737738
MINAUSDT,SELL,LIMIT,1700912637466,122,0.7737645
MINAUSDT,SELL,LIMIT,1700912643162,343,0.7733692
MINAUSDT,SELL,LIMIT,1700912681492,162,0.7732708
MINAUSDT,SELL,LIMIT,1700912686263,491,0.7732116
MINAUSDT,SELL,LIMIT,1700912690283,14,0.7730616
MINAUSDT,SELL,LIMIT,1700913010109,402,0.7763894
MINAUSDT,SELL,LIMIT,1700914582844,1362,0.7793416
MINAUSDT,BUY,LIMIT,1700914686995,5176,0.8032394
MINAUSDT,SELL,LIMIT,1700915788085,120,0.7778684
MINAUSDT,SELL,LIMIT,1700916291611,9,0.7726978
MINAUSDT,SELL,LIMIT,1700916297043,106,0.7721697
MINAUSDT,SELL,LIMIT,1700916299067,8527,0.7699470
MINAUSDT,SELL,LIMIT,1700916304278,2911,0.7718337
MINAUSDT,SELL,LIMIT,1700916306471,178,0.7717371
MINAUSDT,SELL,LIMIT,1700916314265,511,0.7712934
MINAUSDT,SELL,LIMIT,1700916315507,10,0.7710830
MINAUSDT,SELL,LIMIT,1700916707898,1080,0.7723126
MINAUSDT,BUY,LIMIT,1700917114133,339,0.7985914
MINAUSDT,SELL,LIMIT,1700917907868,1398,0.7778530
MINAUSDT,SELL,LIMIT,1700917916110,555,0.7769210
MINAUSDT,SELL,LIMIT,1700918726841,608,0.7766075
MINAUSDT,BUY,LIMIT,1700919612537,1467,0.8068827
MINAUSDT,BUY,LIMIT,1700919832258,363,0.8092591
MINAUSDT,BUY,LIMIT,1700919838741,1258,0.8104781
MINAUSDT,SELL,LIMIT,1700919895578,16,0.7864024
MINAUSDT,BUY,LIMIT,1700922376269,3,0.8101946
MINAUSDT,SELL,LIMIT,1700925052189,166,0.7802393
MINAUSDT,SELL,LIMIT,1700925174731,4970,0.7793557
MINAUSDT,BUY,LIMIT,1700925908875,2430,0.8049972
MINAUSDT,BUY,LIMIT,1700925981259,4714,0.8062145
MINAUSDT,BUY,LIMIT,1700926155336,148,0.8094776
MINAUSDT,BUY,LIMIT,1700926301100,3847,0.8100848
MINAUSDT,SELL,LIMIT,1700927086320,5204,0.7815120
MINAUSDT,BUY,LIMIT,1700927722736,247,0.8094711
MINAUSDT,BUY,LIMIT,1700927945206,335,0.8100637
MINAUSDT,BUY,LIMIT,1700928306818,763,0.8115464
MINAUSDT,BUY,LIMIT,1700928355873,5259,0.8121010
MINAUSDT,BUY,LIMIT,1700928361070,8,0.8126643
MINAUSDT,BUY,LIMIT,1700928373427,67,0.8133724
MINAUSDT,BUY,LIMIT,1700928410412,11,0.8154969
MINAUSDT,BUY,LIMIT,1700928453010,2345,0.8161952
MINAUSDT,BUY,LIMIT,1700928472385,1138,0.8164951
MINAUSDT,BUY,LIMIT,1700928487573,3181,0.8173430
MINAUSDT,BUY,LIMIT,1700929466700,193,0.8149201
MINAUSDT,BUY,LIMIT,1700929545092,5293,0.8172405
MINAUSDT,BUY,LIMIT,1700929564593,16556,0.8239258
MINAUSDT,BUY,LIMIT,1700929566592,860,0.8191413
MINAUSDT,BUY,LIMIT,1700931056717,6226,0.8187977
MINAUSDT,BUY,LIMIT,1700931073445,63,0.8195759
MINAUSDT,BUY,LIMIT,1700931695748,244,0.8225960
MINAUSDT,BUY,LIMIT,1700931701651,523,0.8230147
MINAUSDT,BUY,LIMIT,1700931704950,39,0.8232960
MINAUSDT,BUY,LIMIT,1700931738430,5741,0.8239664
MINAUSDT,BUY,LIMIT,1700931744123,31,0.8242603
MINAUSDT,BUY,LIMIT,1700931745668,151,0.8249640
MINAUSDT,BUY,LIMIT,1700931827449,102,0.8273056
MINAUSDT,BUY,LIMIT,1700931969254,589,0.8287549
MINAUSDT,BUY,LIMIT,1700932744625,3508,0.8266160
MINAUSDT,SELL,LIMIT,1700932885596,2644,0.7999863
MINAUSDT,SELL,LIMIT,1700932904741,1914,0.7997845
MINAUSDT,SELL,LIMIT,1700932910604,299,0.7993865
MINAUSDT,SELL,LIMIT,1700933114076,57,0.7976741
MINAUSDT,SELL,LIMIT,1700933141699,6128,0.7954687
MINAUSDT,SELL,LIMIT,1700933242878,4605,0.7923869
MINAUSDT,SELL,LIMIT,1700933280685,123,0.7913177
MINAUSDT,SELL,LIMIT,1700933510700,1621,0.7907226
MINAUSDT,SELL,LIMIT,1700933659745,123,0.7898740
MINAUSDT,BUY,LIMIT,1700934522815,168,0.8205936
MINAUSDT,SELL,LIMIT,1700934790165,334,0.7973426
MINAUSDT,SELL,LIMIT,1700934930435,62,0.7945446
MINAUSDT,SELL,LIMIT,1700934971201,358,0.7926958
MINAUSDT,BUY,LIMIT,1700936851501,5827,0.8263114
MINAUSDT,SELL,LIMIT,1700938342046,483,0.7959225
MINAUSDT,SELL,LIMIT,1700939483666,3359,0.7939621
MINAUSDT,BUY,LIMIT,1700940325104,1206,0.8241640
