Symbol,Side,Order Type,Time,Quantity,Price
MINAUSDT,BUY,LIMIT,1700845739156,4316,0.7513073
MINAUSDT,BUY,LIMIT,1700845745929,25,0.7524611
MINAUSDT,BUY,LIMIT,1700845889554,1562,0.7531072
MINAUSDT,SELL,LIMIT,1700847901132,73,0.7264246
MINAUSDT,BUY,LIMIT,1700851979691,66,0.7531970
MINAUSDT,BUY,LIMIT,1700858704870,2088,0.7523290
MINAUSDT,SELL,LIMIT,1700859226153,1642,0.7333458
MINAUSDT,BUY,LIMIT,1700859505158,622,0.7537417
MINAUSDT,BUY,LIMIT,1700859729788,27,0.7546520
MINAUSDT,BUY,LIMIT,1700859859961,3910,0.7560465
MINAUSDT,BUY,LIMIT,1700859871301,17,0.7572015
MINAUSDT,BUY,LIMIT,1700860165848,275,0.7583160
MINAUSDT,SELL,LIMIT,1700863313194,2147,0.7318551
MINAUSDT,SELL,LIMIT,1700863975485,431,0.7269782
MINAUSDT,BUY,LIMIT,1700866837513,196,0.7591210
MINAUSDT,BUY,LIMIT,1700866842300,738,0.7599183
MINAUSDT,SELL,LIMIT,1700867590726,13,0.7264104
MINAUSDT,SELL,LIMIT,1700867733245,449,0.7256300
MINAUSDT,SELL,LIMIT,1700867735764,1446,0.7250387
MINAUSDT,SELL,LIMIT,1700867738130,5873,0.7240715
MINAUSDT,SELL,LIMIT,1700867739659,2101,0.7233643
MINAUSDT,SELL,LIMIT,1700867744124,138,0.7221521
MINAUSDT,SELL,LIMIT,1700867791763,428,0.7220155
MINAUSDT,SELL,LIMIT,1700867794710,4264,0.7218127
MINAUSDT,SELL,LIMIT,1700867797992,1088,0.7210749
MINAUSDT,SELL,LIMIT,1700867854865,403,0.7193189
MINAUSDT,SELL,LIMIT,1700867856236,1105,0.7186252
MINAUSDT,SELL,LIMIT,1700867863121,289,0.7180445
MINAUSDT,SELL,LIMIT,1700867865776,11007,0.7147291
MINAUSDT,SELL,LIMIT,1700867868418,8941,0.7151974
MINAUSDT,SELL,LIMIT,1700867894845,233,0.7167384
MINAUSDT,SELL,LIMIT,1700870824485,1138,0.7319905
MINAUSDT,SELL,LIMIT,1700870923057,2637,0.7310980
MINAUSDT,BUY,LIMIT,1700871826174,439,0.7625998
MINAUSDT,BUY,LIMIT,1700872023118,600,0.7643764
MINAUSDT,BUY,LIMIT,1700872025881,1270,0.7652657
MINAUSDT,BUY,LIMIT,1700872165113,33,0.7722669
MINAUSDT,BUY,LIMIT,1700872277394,176,0.7729427
MINAUSDT,BUY,LIMIT,1700872320440,2593,0.7767840
MINAUSDT,BUY,LIMIT,1700872321575,194,0.7769894
MINAUSDT,BUY,LIMIT,1700872371251,100,0.7776915
MINAUSDT,BUY,LIMIT,1700872373416,1085,0.7778235
MINAUSDT,BUY,LIMIT,1700872395709,345,0.7782432
MINAUSDT,BUY,LIMIT,1700872405354,67,0.7797280
MINAUSDT,BUY,LIMIT,1700872417242,40,0.7808812
MINAUSDT,BUY,LIMIT,1700872435569,1566,0.7819315
MINAUSDT,BUY,LIMIT,1700872468711,141,0.7822529
MINAUSDT,BUY,LIMIT,1700872470540,10,0.7825219
MINAUSDT,BUY,LIMIT,1700872478906,405,0.7830641
MINAUSDT,BUY,LIMIT,1700872480160,575,0.7843608
MINAUSDT,BUY,LIMIT,1700872481316,3303,0.7851819
MINAUSDT,BUY,LIMIT,1700872482810,69,0.7855973
MINAUSDT,BUY,LIMIT,1700872484365,309,0.7863053
MINAUSDT,BUY,LIMIT,1700872488744,1118,0.7867242
MINAUSDT,BUY,LIMIT,1700872490412,2657,0.7871058
MINAUSDT,BUY,LIMIT,1700872493629,99,0.7876641
MINAUSDT,BUY,LIMIT,1700872524676,3665,0.7889598
MINAUSDT,BUY,LIMIT,1700872529506,2307,0.7904243
MINAUSDT,BUY,LIMIT,1700872540684,2769,0.7909837
MINAUSDT,BUY,LIMIT,1700872541707,2768,0.7927228
MINAUSDT,BUY,LIMIT,1700872545193,4081,0.7933739
MINAUSDT,BUY,LIMIT,1700872546319,802,0.7939836
MINAUSDT,BUY,LIMIT,1700872605846,5533,0.7949248
MINAUSDT,BUY,LIMIT,1700872615413,271,0.7954048
MINAUSDT,SELL,LIMIT,1700872887945,191,0.7673987
MINAUSDT,SELL,LIMIT,1700873049567,9,0.7625871
MINAUSDT,BUY,LIMIT,1700873218380,235,0.7957378
MINAUSDT,SELL,LIMIT,1700873383918,6401,0.7656344
MINAUSDT,SELL,LIMIT,1700873532150,933,0.7617289
MINAUSDT,SELL,LIMIT,1700873534847,2703,0.7613710
MINAUSDT,SELL,LIMIT,1700873535943,70,0.7612077
MINAUSDT,BUY,LIMIT,1700873866405,15702,0.8011201
MINAUSDT,BUY,LIMIT,1700873867645,493,0.7969353
MINAUSDT,BUY,LIMIT,1700873883279,10374,0.8016405
MINAUSDT,BUY,LIMIT,1700873911606,3378,0.7987667
MINAUSDT,BUY,LIMIT,1700873913491,122,0.7989554
MINAUSDT,BUY,LIMIT,1700873918179,147,0.7993672
MINAUSDT,SELL,LIMIT,1700874630820,4859,0.7705345
MINAUSDT,SELL,LIMIT,1700874688574,191,0.7690470
MINAUSDT,BUY,LIMIT,1700874788098,183,0.7942374
MINAUSDT,SELL,LIMIT,1700874982659,6173,0.7676246
MINAUSDT,BUY,LIMIT,1700875241133,256,0.8012080
MINAUSDT,BUY,LIMIT,1700875305120,35,0.8029228
MINAUSDT,BUY,LIMIT,1700875306324,334,0.8032500
MINAUSDT,BUY,LIMIT,1700875311792,1571,0.8035237
MINAUSDT,BUY,LIMIT,1700875313173,2595,0.8037041
MINAUSDT,BUY,LIMIT,1700875314778,164,0.8042789
MINAUSDT,BUY,LIMIT,1700875316844,800,0.8046698
MINAUSDT,BUY,LIMIT,1700875318069,91,0.8050226
MINAUSDT,BUY,LIMIT,1700875323396,5432,0.8063558
MINAUSDT,BUY,LIMIT,1700875325762,9445,0.8088545
MINAUSDT,BUY,LIMIT,1700875329374,63,0.8072212
MINAUSDT,BUY,LIMIT,1700875332524,556,0.8079490
MINAUSDT,BUY,LIMIT,1700875334123,773,0.8083460
MINAUSDT,BUY,LIMIT,1700875343251,242,0.8098685
MINAUSDT,BUY,LIMIT,1700875344425,23,0.8093120
MINAUSDT,BUY,LIMIT,1700875346220,449,0.8100389
MINAUSDT,BUY,LIMIT,1700875348061,1022,0.8106583
MINAUSDT,BUY,LIMIT,1700875349140,21,0.8106207
MINAUSDT,BUY,LIMIT,1700875354347,1219,0.8112860
MINAUSDT,BUY,LIMIT,1700875362255,815,0.8114883
MINAUSDT,BUY,LIMIT,1700875364474,322,0.8122030
MINAUSDT,BUY,LIMIT,1700875366532,268,0.8125019
MINAUSDT,BUY,LIMIT,1700875372216,4268,0.8127369
MINAUSDT,BUY,LIMIT,1700875373615,272,0.8137852
MINAUSDT,BUY,LIMIT,1700875375333,6841,0.8143310
MINAUSDT,BUY,LIMIT,1700875376688,723,0.8140039
MINAUSDT,BUY,LIMIT,1700875380279,63,0.8143160
MINAUSDT,BUY,LIMIT,1700875381302,134,0.8148684
MINAUSDT,BUY,LIMIT,1700875394249,15,0.8152420
MINAUSDT,BUY,LIMIT,1700875396100,201,0.8159236
MINAUSDT,BUY,LIMIT,1700875408259,278,0.8163465
MINAUSDT,BUY,LIMIT,1700875409274,283,0.8163011
MINAUSDT,BUY,LIMIT,1700875410342,5836,0.8168881
MINAUSDT,BUY,LIMIT,1700875474727,314,0.8171934
MINAUSDT,BUY,LIMIT,1700875487680,4884,0.8177957
MINAUSDT,BUY,LIMIT,1700875489608,5131,0.8187154
MINAUSDT,BUY,LIMIT,1700875491827,10,0.8192415
MINAUSDT,BUY,LIMIT,1700875493020,20,0.8201426
MINAUSDT,BUY,LIMIT,1700875719398,574,0.8206330
MINAUSDT,BUY,LIMIT,1700875721278,100,0.8215428
MINAUSDT,BUY,LIMIT,1700875762858,755,0.8228459
MINAUSDT,BUY,LIMIT,1700875763963,843,0.8233421
MINAUSDT,BUY,LIMIT,1700875766434,107,0.8242116
MINAUSDT,BUY,LIMIT,1700875768032,594,0.8245545
MINAUSDT,BUY,LIMIT,1700875769141,1,0.8257774
MINAUSDT,BUY,LIMIT,1700875773092,117,0.8265066
MINAUSDT,BUY,LIMIT,1700875774541,2121,0.8265962
MINAUSDT,BUY,LIMIT,1700875775738,24,0.8266711
MINAUSDT,BUY,LIMIT,1700875791963,1195,0.8274239
MINAUSDT,BUY,LIMIT,1700875795146,1919,0.8281096
MINAUSDT,BUY,LIMIT,1700875796200,6374,0.8286016
MINAUSDT,BUY,LIMIT,1700875797207,3078,0.8304036
MINAUSDT,BUY,LIMIT,1700875798344,811,0.8291368
MINAUSDT,BUY,LIMIT,1700875819143,1273,0.8312092
MINAUSDT,BUY,LIMIT,1700875820697,313,0.8314488
MINAUSDT,BUY,LIMIT,1700875823139,2517,0.8317348
MINAUSDT,BUY,LIMIT,1700875858414,109,0.8324014
MINAUSDT,BUY,LIMIT,1700875860872,1097,0.8336348
MINAUSDT,SELL,LIMIT,1700875882892,5617,0.8038622
MINAUSDT,BUY,LIMIT,1700875934324,1084,0.8335517
MINAUSDT,BUY,LIMIT,1700875950565,1095,0.8347809
MINAUSDT,BUY,LIMIT,1700875966205,348,0.8361955
MINAUSDT,BUY,LIMIT,1700875967559,106,0.8362794
MINAUSDT,BUY,LIMIT,1700875970850,1334,0.8374334
MINAUSDT,BUY,LIMIT,1700875972055,321,0.8387444
MINAUSDT,BUY,LIMIT,1700875973637,1047,0.8392783
MINAUSDT,BUY,LIMIT,1700875993816,38,0.8398488
MINAUSDT,BUY,LIMIT,1700875994842,394,0.8402469
MINAUSDT,BUY,LIMIT,1700875996191,129,0.8408430
MINAUSDT,BUY,LIMIT,1700876008678,1012,0.8429666
MINAUSDT,SELL,LIMIT,1700876045181,78,0.8134299
MINAUSDT,BUY,LIMIT,1700876080088,310,0.8447271
MINAUSDT,BUY,LIMIT,1700876081260,8230,0.8467879
MINAUSDT,BUY,LIMIT,1700876082476,2648,0.8463070
MINAUSDT,BUY,LIMIT,1700876089219,10,0.8465889
MINAUSDT,BUY,LIMIT,1700876090301,232,0.8459129
MINAUSDT,BUY,LIMIT,1700876181470,11563,0.8504100
MINAUSDT,BUY,LIMIT,1700876202341,1781,0.8460780
MINAUSDT,BUY,LIMIT,1700876310720,1874,0.8456422
MINAUSDT,BUY,LIMIT,1700876318307,1298,0.8466061
MINAUSDT,BUY,LIMIT,1700876354878,226,0.8471500
MINAUSDT,BUY,LIMIT,1700876415436,3604,0.8445513
MINAUSDT,SELL,LIMIT,1700876551643,44,0.8150018
MINAUSDT,SELL,LIMIT,1700876553168,292,0.8145024
MINAUSDT,SELL,LIMIT,1700876555286,570,0.8143567
MINAUSDT,BUY,LIMIT,1700876582972,1026,0.8458926
MINAUSDT,BUY,LIMIT,1700876594089,5347,0.8495160
MINAUSDT,SELL,LIMIT,1700876726303,2988,0.8196701
MINAUSDT,BUY,LIMIT,1700876824146,55,0.8485400
MINAUSDT,BUY,LIMIT,1700877114074,1324,0.8503380
MINAUSDT,BUY,LIMIT,1700877115267,149,0.8505165
MINAUSDT,SELL,LIMIT,1700877170130,95,0.8197172
MINAUSDT,SELL,LIMIT,1700877175280,2173,0.8185538
MINAUSDT,SELL,LIMIT,1700877181253,29,0.8175951
MINAUSDT,SELL,LIMIT,1700877197757,5971,0.8174746
MINAUSDT,BUY,LIMIT,1700877272222,17,0.8457994
MINAUSDT,BUY,LIMIT,1700877378394,539,0.8475668
MINAUSDT,BUY,LIMIT,1700877425237,1995,0.8489582
MINAUSDT,BUY,LIMIT,1700877476511,18,0.8512012
MINAUSDT,BUY,LIMIT,1700877488150,7,0.8513723
MINAUSDT,BUY,LIMIT,1700877498246,8,0.8529209
MINAUSDT,BUY,LIMIT,1700877500748,418,0.8530302
MINAUSDT,BUY,LIMIT,1700877515443,6103,0.8532872
MINAUSDT,BUY,LIMIT,1700877521107,700,0.8532425
MINAUSDT,BUY,LIMIT,1700877533091,68,0.8536980
MINAUSDT,BUY,LIMIT,1700877534762,551,0.8541446
MINAUSDT,BUY,LIMIT,1700877609938,2064,0.8544736
MINAUSDT,BUY,LIMIT,1700877706056,2122,0.8553644
MINAUSDT,BUY,LIMIT,1700877718534,1344,0.8563278
MINAUSDT,BUY,LIMIT,1700877921958,97,0.8569012
MINAUSDT,SELL,LIMIT,1700878313706,3563,0.8269853
MINAUSDT,SELL,LIMIT,1700878316006,252,0.8259770
MINAUSDT,SELL,LIMIT,1700878326207,131,0.8257613
MINAUSDT,SELL,LIMIT,1700878336115,598,0.8250889
MINAUSDT,SELL,LIMIT,1700878339238,64,0.8234347
MINAUSDT,SELL,LIMIT,1700878352374,103,0.8215571
MINAUSDT,SELL,LIMIT,1700878358034,1835,0.8197572
MINAUSDT,SELL,LIMIT,1700878360300,173,0.8147001
MINAUSDT,SELL,LIMIT,1700878361314,295,0.8152349
MINAUSDT,SELL,LIMIT,1700878362316,5948,0.8125430
MINAUSDT,SELL,LIMIT,1700878408883,333,0.8149761
MINAUSDT,BUY,LIMIT,1700878476743,4274,0.8402170
MINAUSDT,SELL,LIMIT,1700878480534,1274,0.8130027
MINAUSDT,SELL,LIMIT,1700878595709,3940,0.8117274
MINAUSDT,SELL,LIMIT,1700878609808,69,0.8105255
MINAUSDT,BUY,LIMIT,1700878646059,1216,0.8382677
MINAUSDT,BUY,LIMIT,1700878711163,18,0.8422783
MINAUSDT,SELL,LIMIT,1700878839146,26,0.8127316
MINAUSDT,BUY,LIMIT,1700878981414,1452,0.8454384
MINAUSDT,BUY,LIMIT,1700878987166,220,0.8462365
MINAUSDT,BUY,LIMIT,1700879133893,602,0.8464340
MINAUSDT,BUY,LIMIT,1700879136921,2405,0.8476391
MINAUSDT,BUY,LIMIT,1700879155796,2198,0.8488859
MINAUSDT,BUY,LIMIT,1700879251752,604,0.8525422
MINAUSDT,BUY,LIMIT,1700879254492,2096,0.8549579
MINAUSDT,BUY,LIMIT,1700879288913,12,0.8576490
MINAUSDT,BUY,LIMIT,1700879293730,17,0.8578592
MINAUSDT,BUY,LIMIT,1700879295887,11,0.8596880
MINAUSDT,BUY,LIMIT,1700879344387,150,0.8599937
MINAUSDT,BUY,LIMIT,1700879469869,2371,0.8600519
MINAUSDT,BUY,LIMIT,1700879474341,2579,0.8614300
MINAUSDT,BUY,LIMIT,1700879475524,2658,0.8619485
MINAUSDT,BUY,LIMIT,1700879477743,220,0.8617709
MINAUSDT,BUY,LIMIT,1700879514123,658,0.8622191
MINAUSDT,BUY,LIMIT,1700879541157,2649,0.8629972
MINAUSDT,BUY,LIMIT,1700879542434,55,0.8628860
MINAUSDT,BUY,LIMIT,1700879547519,60,0.8637725
MINAUSDT,SELL,LIMIT,1700879603126,1185,0.8323997
MINAUSDT,SELL,LIMIT,1700879640527,201,0.8317583
MINAUSDT,BUY,LIMIT,1700879782632,89,0.8618772
MINAUSDT,BUY,LIMIT,1700880179790,3778,0.8634145
MINAUSDT,BUY,LIMIT,1700880181343,6,0.8638145
MINAUSDT,BUY,LIMIT,1700880182470,31,0.8643625
MINAUSDT,BUY,LIMIT,1700880183525,419,0.8645366
MINAUSDT,BUY,LIMIT,1700880207224,1138,0.8657073
MINAUSDT,BUY,LIMIT,1700880251124,3923,0.8663484
MINAUSDT,BUY,LIMIT,1700880252209,295,0.8670759
MINAUSDT,BUY,LIMIT,1700880263168,548,0.8670000
MINAUSDT,SELL,LIMIT,1700880292931,143,0.8352077
MINAUSDT,SELL,LIMIT,1700880304146,97,0.8345317
MINAUSDT,SELL,LIMIT,1700880418249,3111,0.8308770
MINAUSDT,SELL,LIMIT,1700880420211,2444,0.8278585
MINAUSDT,SELL,LIMIT,1700880421280,650,0.8288168
MINAUSDT,SELL,LIMIT,1700880640984,47,0.8262759
MINAUSDT,SELL,LIMIT,1700880653960,16,0.8250989
MINAUSDT,SELL,LIMIT,1700880661286,154,0.8247076
MINAUSDT,SELL,LIMIT,1700880680120,35,0.8240566
MINAUSDT,SELL,LIMIT,1700880681757,453,0.8234611
MINAUSDT,SELL,LIMIT,1700880691579,115,0.8225264
MINAUSDT,SELL,LIMIT,1700880693212,200,0.8224745
MINAUSDT,BUY,LIMIT,1700880736228,629,0.8525622
MINAUSDT,BUY,LIMIT,1700880740050,91,0.8530511
MINAUSDT,BUY,LIMIT,1700881193070,1108,0.8561278
MINAUSDT,BUY,LIMIT,1700881296632,1130,0.8572405
MINAUSDT,BUY,LIMIT,1700881372131,733,0.8590590
MINAUSDT,BUY,LIMIT,1700881498367,5920,0.8612470
MINAUSDT,BUY,LIMIT,1700881501311,996,0.8629303
MINAUSDT,BUY,LIMIT,1700881790117,6,0.8666782
MINAUSDT,BUY,LIMIT,1700881791744,1216,0.8678907
MINAUSDT,BUY,LIMIT,1700881794409,101,0.8681304
MINAUSDT,BUY,LIMIT,1700881829160,2849,0.8682385
MINAUSDT,BUY,LIMIT,1700881915059,12000,0.8727593
MINAUSDT,BUY,LIMIT,1700881917464,1204,0.8690935
MINAUSDT,BUY,LIMIT,1700881926053,209,0.8697404
MINAUSDT,BUY,LIMIT,1700881961035,2131,0.8708590
MINAUSDT,BUY,LIMIT,1700881971482,87,0.8709282
MINAUSDT,BUY,LIMIT,1700881982826,1855,0.8710560
MINAUSDT,BUY,LIMIT,1700882034862,28,0.8716779
MINAUSDT,SELL,LIMIT,1700882188445,970,0.8368365
MINAUSDT,BUY,LIMIT,1700882286064,1809,0.8681855
MINAUSDT,SELL,LIMIT,1700882576291,799,0.8365808
MINAUSDT,SELL,LIMIT,1700882581042,43,0.8354416
MINAUSDT,SELL,LIMIT,1700882750425,286,0.8347505
MINAUSDT,SELL,LIMIT,1700882753358,120,0.8339152
