Symbol,Side,Order Type,Time,Quantity,Price
MINAUSDT,SELL,LIMIT,1701067299721,239,0.7038591
MINAUSDT,SELL,LIMIT,1701067751191,224,0.7065365
MINAUSDT,SELL,LIMIT,1701068048617,155,0.7005744
MINAUSDT,SELL,LIMIT,1701068063539,149,0.7000588
MINAUSDT,SELL,LIMIT,1701068074171,100,0.6998709
MINAUSDT,SELL,LIMIT,1701068090149,128,0.6993948
MINAUSDT,SELL,LIMIT,1701068091301,4191,0.6984015
MINAUSDT,SELL,LIMIT,1701068092306,1612,0.6986399
MINAUSDT,SELL,LIMIT,1701068094855,97,0.6978979
MINAUSDT,SELL,LIMIT,1701068097014,6961,0.6976652
MINAUSDT,SELL,LIMIT,1701068099831,42,0.6972184
MINAUSDT,SELL,LIMIT,1701068128833,130,0.6965540
MINAUSDT,SELL,LIMIT,1701068136204,5177,0.6963929
MINAUSDT,SELL,LIMIT,1701068139263,76,0.6963221
MINAUSDT,SELL,LIMIT,1701068144951,141,0.6962801
MINAUSDT,SELL,LIMIT,1701068146241,1326,0.6958368
MINAUSDT,SELL,LIMIT,1701068154366,4983,0.6957130
MINAUSDT,SELL,LIMIT,1701068157153,266,0.6956445
MINAUSDT,SELL,LIMIT,1701068158284,867,0.6955976
MINAUSDT,SELL,LIMIT,1701068160137,216,0.6953670
MINAUSDT,SELL,LIMIT,1701068162174,13,0.6951165
MINAUSDT,SELL,LIMIT,1701068172332,20,0.6951340
MINAUSDT,SELL,LIMIT,1701068258658,212,0.6946383
MINAUSDT,SELL,LIMIT,1701068260024,10,0.6935963
MINAUSDT,SELL,LIMIT,1701068261165,13,0.6933246
MINAUSDT,SELL,LIMIT,1701068262171,1371,0.6927762
MINAUSDT,SELL,LIMIT,1701068286081,179,0.6925536
MINAUSDT,SELL,LIMIT,1701068302045,14,0.6923540
MINAUSDT,SELL,LIMIT,1701068324144,1096,0.6922371
MINAUSDT,BUY,LIMIT,1701068996261,68,0.7179268
MINAUSDT,SELL,LIMIT,1701069468463,1213,0.6930652
MINAUSDT,SELL,LIMIT,1701069495082,5550,0.6913525
MINAUSDT,SELL,LIMIT,1701069502166,681,0.6909290
MINAUSDT,SELL,LIMIT,1701069506579,130,0.6906605
MINAUSDT,SELL,LIMIT,1701069518969,2625,0.6902669
MINAUSDT,SELL,LIMIT,1701069543263,7102,0.6900609
MINAUSDT,SELL,LIMIT,1701069553020,1622,0.6906632
MINAUSDT,SELL,LIMIT,1701069554395,870,0.6895962
MINAUSDT,SELL,LIMIT,1701069565732,524,0.6893657
MINAUSDT,SELL,LIMIT,1701069569279,3178,0.6890125
MINAUSDT,SELL,LIMIT,1701069571930,1182,0.6886450
MINAUSDT,SELL,LIMIT,1701069574166,89,0.6884061
MINAUSDT,SELL,LIMIT,1701069618527,777,0.6878464
MINAUSDT,SELL,LIMIT,1701069633633,69,0.6879705
MINAUSDT,SELL,LIMIT,1701069635265,392,0.6876808
MINAUSDT,SELL,LIMIT,1701069639201,179,0.6875669
MINAUSDT,SELL,LIMIT,1701069778365,115,0.6868966
MINAUSDT,SELL,LIMIT,1701069779534,22,0.6867729
MINAUSDT,SELL,LIMIT,1701069786274,20,0.6867203
MINAUSDT,SELL,LIMIT,1701069789759,1307,0.6864810
MINAUSDT,SELL,LIMIT,1701069803267,346,0.6861357
MINAUSDT,SELL,LIMIT,1701069804454,9666,0.6843426
MINAUSDT,SELL,LIMIT,1701069818343,254,0.6858382
MINAUSDT,SELL,LIMIT,1701069823228,313,0.6854865
MINAUSDT,SELL,LIMIT,1701069861145,6930,0.6846920
MINAUSDT,SELL,LIMIT,1701069865536,784,0.6845191
MINAUSDT,SELL,LIMIT,1701069867049,5633,0.6841583
MINAUSDT,SELL,LIMIT,1701069868407,69,0.6840448
MINAUSDT,SELL,LIMIT,1701069874773,975,0.6836762
MINAUSDT,SELL,LIMIT,1701069875887,1317,0.6835659
MINAUSDT,SELL,LIMIT,1701069880247,2950,0.6832700
MINAUSDT,SELL,LIMIT,1701069882527,1563,0.6830722
MINAUSDT,SELL,LIMIT,1701069886102,622,0.6830002
MINAUSDT,SELL,LIMIT,1701069892549,2640,0.6828906
MINAUSDT,SELL,LIMIT,1701069894857,406,0.6827023
MINAUSDT,SELL,LIMIT,1701069896096,596,0.6824272
MINAUSDT,SELL,LIMIT,1701069897883,39,0.6821638
MINAUSDT,BUY,LIMIT,1701070233525,7188,0.7091891
MINAUSDT,BUY,LIMIT,1701072747306,179,0.7217690
MINAUSDT,BUY,LIMIT,1701074348206,1852,0.7194778
MINAUSDT,SELL,LIMIT,1701074371183,4687,0.6983651
MINAUSDT,BUY,LIMIT,1701077034767,1114,0.7214146
MINAUSDT,SELL,LIMIT,1701077274667,82,0.6969155
MINAUSDT,SELL,LIMIT,1701079127131,2057,0.6956708
MINAUSDT,SELL,LIMIT,1701080242253,11,0.6943528
MINAUSDT,SELL,LIMIT,1701080757687,139,0.6900083
MINAUSDT,SELL,LIMIT,1701081278070,1742,0.6881626
MINAUSDT,SELL,LIMIT,1701081436074,8,0.6883304
MINAUSDT,SELL,LIMIT,1701081617272,105,0.6862355
MINAUSDT,SELL,LIMIT,1701082123057,500,0.6850520
MINAUSDT,SELL,LIMIT,1701082476307,139,0.6877489
MINAUSDT,SELL,LIMIT,1701082657690,254,0.6840451
MINAUSDT,SELL,LIMIT,1701082698740,935,0.6826047
MINAUSDT,SELL,LIMIT,1701082703934,28,0.6825314
MINAUSDT,BUY,LIMIT,1701084116385,1756,0.7090272
MINAUSDT,SELL,LIMIT,1701084649635,12,0.6853907
MINAUSDT,BUY,LIMIT,1701084983147,66,0.7088683
MINAUSDT,BUY,LIMIT,1701093405577,3642,0.7138600
MINAUSDT,BUY,LIMIT,1701093421600,8,0.7143636
MINAUSDT,BUY,LIMIT,1701093720186,362,0.7149360
MINAUSDT,SELL,LIMIT,1701094798248,3100,0.6877573
MINAUSDT,SELL,LIMIT,1701094824471,7092,0.6867512
MINAUSDT,SELL,LIMIT,1701094991642,154,0.6849168
MINAUSDT,SELL,LIMIT,1701095372007,55,0.6839835
MINAUSDT,SELL,LIMIT,1701095577264,619,0.6834020
MINAUSDT,SELL,LIMIT,1701096296503,660,0.6836777
MINAUSDT,SELL,LIMIT,1701096968483,257,0.6829756
MINAUSDT,SELL,LIMIT,1701097007663,86,0.6813626
MINAUSDT,SELL,LIMIT,1701097016872,100,0.6812390
MINAUSDT,SELL,LIMIT,1701097028343,26,0.6827245
MINAUSDT,SELL,LIMIT,1701097042278,100,0.6802041
MINAUSDT,SELL,LIMIT,1701097046401,1042,0.6800806
MINAUSDT,SELL,LIMIT,1701097078678,453,0.6797682
MINAUSDT,SELL,LIMIT,1701097081346,593,0.6794835
MINAUSDT,SELL,LIMIT,1701097093055,11,0.6792504
MINAUSDT,SELL,LIMIT,1701097098006,6700,0.6789903
MINAUSDT,SELL,LIMIT,1701097100323,401,0.6788597
MINAUSDT,SELL,LIMIT,1701097101603,558,0.6785226
MINAUSDT,BUY,LIMIT,1701098275688,363,0.7085700
MINAUSDT,BUY,LIMIT,1701098291673,1796,0.7096788
MINAUSDT,SELL,LIMIT,1701098731236,876,0.6874214
MINAUSDT,SELL,LIMIT,1701098766291,894,0.6867464
MINAUSDT,SELL,LIMIT,1701100286126,240,0.6948711
MINAUSDT,BUY,LIMIT,1701100523660,163,0.7000697
MINAUSDT,SELL,LIMIT,1701100565491,3170,0.6802076
MINAUSDT,SELL,LIMIT,1701100625046,64,0.6786139
MINAUSDT,SELL,LIMIT,1701101236808,814,0.6808922
MINAUSDT,SELL,LIMIT,1701101735929,155,0.6836619
MINAUSDT,SELL,LIMIT,1701102078388,2820,0.6855774
MINAUSDT,SELL,LIMIT,1701106920193,1031,0.6878666
MINAUSDT,SELL,LIMIT,1701107008698,723,0.6861089
MINAUSDT,SELL,LIMIT,1701107458220,2466,0.6834121
MINAUSDT,SELL,LIMIT,1701110645727,173,0.6830208
MINAUSDT,SELL,LIMIT,1701111223207,66,0.6809867
MINAUSDT,SELL,LIMIT,1701111581054,4444,0.6810882
MINAUSDT,SELL,LIMIT,1701111924995,285,0.6809020
MINAUSDT,SELL,LIMIT,1701112038091,204,0.6793599
MINAUSDT,SELL,LIMIT,1701112080721,78,0.6783869
MINAUSDT,SELL,LIMIT,1701112159192,143,0.6778771
MINAUSDT,SELL,LIMIT,1701112166381,285,0.6777731
MINAUSDT,SELL,LIMIT,1701112172333,8,0.6773284
MINAUSDT,SELL,LIMIT,1701112183232,1714,0.6768842
MINAUSDT,SELL,LIMIT,1701112190760,270,0.6766601
MINAUSDT,SELL,LIMIT,1701112192436,7933,0.6757784
MINAUSDT,SELL,LIMIT,1701114236198,72,0.6763380
MINAUSDT,SELL,LIMIT,1701114240283,3105,0.6757849
MINAUSDT,SELL,LIMIT,1701114263343,180,0.6755592
MINAUSDT,SELL,LIMIT,1701114275226,272,0.6743519
MINAUSDT,SELL,LIMIT,1701114358561,48,0.6733135
MINAUSDT,SELL,LIMIT,1701114471426,705,0.6734434
MINAUSDT,SELL,LIMIT,1701114478464,1320,0.6727202
MINAUSDT,SELL,LIMIT,1701114489760,346,0.6720666
MINAUSDT,SELL,LIMIT,1701114491933,1196,0.6720130
MINAUSDT,SELL,LIMIT,1701114494307,860,0.6718716
MINAUSDT,SELL,LIMIT,1701114497276,20,0.6715917
MINAUSDT,SELL,LIMIT,1701114499508,2824,0.6714395
MINAUSDT,SELL,LIMIT,1701114527088,20,0.6715204
MINAUSDT,BUY,LIMIT,1701115944020,57,0.7007115
MINAUSDT,SELL,LIMIT,1701116811203,22752,0.6667443
MINAUSDT,SELL,LIMIT,1701116812510,640,0.6713300
MINAUSDT,SELL,LIMIT,1701116825641,3214,0.6712044
MINAUSDT,SELL,LIMIT,1701116831359,22556,0.6660470
MINAUSDT,SELL,LIMIT,1701116833655,906,0.6704352
MINAUSDT,SELL,LIMIT,1701116894474,153,0.6696895
MINAUSDT,SELL,LIMIT,1701118189682,654,0.6688989
MINAUSDT,SELL,LIMIT,1701118195378,342,0.6684780
MINAUSDT,SELL,LIMIT,1701118200557,180,0.6682433
MINAUSDT,BUY,LIMIT,1701120863613,1468,0.7008538
MINAUSDT,BUY,LIMIT,1701121040157,240,0.7021557
MINAUSDT,SELL,LIMIT,1701122930461,860,0.6772071
MINAUSDT,SELL,LIMIT,1701123240383,1033,0.6854002
MINAUSDT,SELL,LIMIT,1701123738598,629,0.6737653
MINAUSDT,BUY,LIMIT,1701126972228,18,0.7080977
MINAUSDT,BUY,LIMIT,1701127861033,19,0.7105043
MINAUSDT,BUY,LIMIT,1701129130903,566,0.7128619
MINAUSDT,BUY,LIMIT,1701129144168,1831,0.7132607
MINAUSDT,BUY,LIMIT,1701129565346,3,0.7138640
MINAUSDT,BUY,LIMIT,1701129637062,2500,0.7146345
MINAUSDT,BUY,LIMIT,1701129902109,4787,0.7153019
MINAUSDT,BUY,LIMIT,1701130009410,727,0.7212867
MINAUSDT,BUY,LIMIT,1701130027704,215,0.7233326
MINAUSDT,SELL,LIMIT,1701130125904,2103,0.6955437
MINAUSDT,SELL,LIMIT,1701130461066,2512,0.6867960
MINAUSDT,BUY,LIMIT,1701131768206,8,0.7145952
MINAUSDT,SELL,LIMIT,1701134648497,6012,0.6796162
MINAUSDT,SELL,LIMIT,1701134689131,164,0.6787853
MINAUSDT,SELL,LIMIT,1701135041337,1420,0.6783057
MINAUSDT,SELL,LIMIT,1701135062695,392,0.6776820
MINAUSDT,SELL,LIMIT,1701146561790,1322,0.6709358
MINAUSDT,SELL,LIMIT,1701146686175,30,0.6696274
MINAUSDT,SELL,LIMIT,1701147250479,466,0.6683283
MINAUSDT,SELL,LIMIT,1701147810162,17,0.6679301
MINAUSDT,SELL,LIMIT,1701147811561,391,0.6668705
MINAUSDT,SELL,LIMIT,1701147867182,30,0.6662343
MINAUSDT,SELL,LIMIT,1701147884273,168,0.6660521
MINAUSDT,SELL,LIMIT,1701147894078,357,0.6657672
MINAUSDT,SELL,LIMIT,1701147899974,136,0.6656379
MINAUSDT,SELL,LIMIT,1701147932208,472,0.6646092
MINAUSDT,SELL,LIMIT,1701148123506,83,0.6636956
MINAUSDT,SELL,LIMIT,1701148134690,140,0.6634455
MINAUSDT,SELL,LIMIT,1701148136100,898,0.6631170
MINAUSDT,SELL,LIMIT,1701148200764,2037,0.6629649
MINAUSDT,SELL,LIMIT,1701148206088,4811,0.6626520
MINAUSDT,SELL,LIMIT,1701148239245,5871,0.6624024
MINAUSDT,SELL,LIMIT,1701148241132,43,0.6621104
MINAUSDT,SELL,LIMIT,1701148260083,300,0.6616112
MINAUSDT,SELL,LIMIT,1701148261314,114,0.6615180
MINAUSDT,SELL,LIMIT,1701149136092,885,0.6629319
MINAUSDT,SELL,LIMIT,1701149831288,180,0.6618357
MINAUSDT,SELL,LIMIT,1701149844350,8201,0.6608331
MINAUSDT,SELL,LIMIT,1701149851653,87,0.6609767
MINAUSDT,SELL,LIMIT,1701149868789,15000,0.6571965
MINAUSDT,SELL,LIMIT,1701149880643,5755,0.6604100
MINAUSDT,SELL,LIMIT,1701149881645,907,0.6602726
MINAUSDT,SELL,LIMIT,1701149884377,1097,0.6599507
MINAUSDT,SELL,LIMIT,1701149887663,759,0.6589132
MINAUSDT,SELL,LIMIT,1701149888924,13260,0.6559539
MINAUSDT,SELL,LIMIT,1701156247092,231,0.6640847
MINAUSDT,SELL,LIMIT,1701159026660,7308,0.6705550
MINAUSDT,SELL,LIMIT,1701165870102,122,0.6753761
MINAUSDT,BUY,LIMIT,1701169154697,288,0.7027198
MINAUSDT,BUY,LIMIT,1701169168054,13034,0.7062271
MINAUSDT,BUY,LIMIT,1701169174177,12,0.7034724
MINAUSDT,BUY,LIMIT,1701171693799,17045,0.7102077
MINAUSDT,BUY,LIMIT,1701171767914,60000,0.7128429
MINAUSDT,SELL,LIMIT,1701173039133,2494,0.6874582
MINAUSDT,SELL,LIMIT,1701173907075,15,0.6831570
MINAUSDT,BUY,LIMIT,1701174903279,4816,0.7092368
MINAUSDT,BUY,LIMIT,1701175064477,5586,0.7150087
MINAUSDT,SELL,LIMIT,1701175761976,1206,0.6916448
MINAUSDT,SELL,LIMIT,1701176459547,1787,0.6870223
MINAUSDT,BUY,LIMIT,1701181648830,7086,0.7194366
MINAUSDT,BUY,LIMIT,1701181687103,254,0.7208503
MINAUSDT,BUY,LIMIT,1701182387605,60,0.7241746
MINAUSDT,BUY,LIMIT,1701182401406,341,0.7248490
MINAUSDT,BUY,LIMIT,1701182448408,326,0.7276183
MINAUSDT,BUY,LIMIT,1701182739732,436,0.7283131
MINAUSDT,BUY,LIMIT,1701182812059,726,0.7304736
MINAUSDT,BUY,LIMIT,1701184025110,32,0.7286249
MINAUSDT,SELL,LIMIT,1701184827386,30,0.7000771
MINAUSDT,SELL,LIMIT,1701185853068,3434,0.6952579
MINAUSDT,SELL,LIMIT,1701185915044,1149,0.6944661
MINAUSDT,BUY,LIMIT,1701187295374,7029,0.7253667
MINAUSDT,BUY,LIMIT,1701189197328,20941,0.7365874
MINAUSDT,BUY,LIMIT,1701189374442,581,0.7378699
MINAUSDT,BUY,LIMIT,1701189475961,50,0.7391305
MINAUSDT,BUY,LIMIT,1701189731469,23,0.7407329
MINAUSDT,BUY,LIMIT,1701189822098,683,0.7430814
MINAUSDT,BUY,LIMIT,1701190189567,1634,0.7450836
MINAUSDT,BUY,LIMIT,1701190198574,81,0.7464803
MINAUSDT,BUY,LIMIT,1701190226596,578,0.7473680
MINAUSDT,BUY,LIMIT,1701190234586,38,0.7485837
MINAUSDT,BUY,LIMIT,1701190266500,211,0.7488936
MINAUSDT,BUY,LIMIT,1701190430174,995,0.7521150
MINAUSDT,BUY,LIMIT,1701190434235,80,0.7525129
MINAUSDT,BUY,LIMIT,1701190435273,7002,0.7528386
MINAUSDT,SELL,LIMIT,1701190729206,409,0.7242955
MINAUSDT,SELL,LIMIT,1701190761300,8,0.7360541
MINAUSDT,SELL,LIMIT,1701191109688,374,0.7208608
MINAUSDT,SELL,LIMIT,1701191732984,588,0.7135809
MINAUSDT,SELL,LIMIT,1701193812961,6856,0.7147620
MINAUSDT,SELL,LIMIT,1701194688163,697,0.7120887
MINAUSDT,SELL,LIMIT,1701194817104,2546,0.7113515
MINAUSDT,BUY,LIMIT,1701196276132,6896,0.7406890
MINAUSDT,SELL,LIMIT,1701197838334,108,0.7151400
MINAUSDT,BUY,LIMIT,1701200475413,20,0.7465418
MINAUSDT,BUY,LIMIT,1701200496122,5669,0.7470057
MINAUSDT,SELL,LIMIT,1701203261298,680,0.7201489
MINAUSDT,BUY,LIMIT,1701203807052,1836,0.7481512
MINAUSDT,SELL,LIMIT,1701205752250,183,0.7251018
MINAUSDT,SELL,LIMIT,1701207089711,304,0.7198523
MINAUSDT,SELL,LIMIT,1701207242485,19,0.7182608
MINAUSDT,SELL,LIMIT,1701208221340,135,0.7176882
MINAUSDT,BUY,LIMIT,1701211705352,525,0.7477153
MINAUSDT,BUY,LIMIT,1701215592980,1186,0.7501489
MINAUSDT,SELL,LIMIT,1701216474158,2000,0.7212876
MINAUSDT,SELL,LIMIT,1701216840990,717,0.7201320
MINAUSDT,BUY,LIMIT,1701218586727,294,0.7553690
MINAUSDT,BUY,LIMIT,1701219671271,1787,0.7565810
MINAUSDT,SELL,LIMIT,1701220062850,2198,0.7291924
MINAUSDT,SELL,LIMIT,1701220418789,694,0.7272233
MINAUSDT,SELL,LIMIT,1701220631701,2512,0.7217976
MINAUSDT,SELL,LIMIT,1701224549587,65,0.7309315
MINAUSDT,SELL,LIMIT,1701228531255,298,0.7203001
MINAUSDT,SELL,LIMIT,1701228891212,4095,0.7182944
MINAUSDT,SELL,LIMIT,1701229064310,456,0.7143281
MINAUSDT,BUY,LIMIT,1701232377438,26,0.7414822
MINAUSDT,SELL,LIMIT,1701235846566,250,0.7216007
MINAUSDT,SELL,LIMIT,1701235861855,25,0.7212781
MINAUSDT,BUY,LIMIT,1701237097720,68,0.7448407
MINAUSDT,BUY,LIMIT,1701238549238,158,0.7542369
MINAUSDT,BUY,LIMIT,1701238550329,247,0.7542464
MINAUSDT,SELL,LIMIT,1701240848298,2013,0.7300460
MINAUSDT,SELL,LIMIT,1701242005484,2761,0.7197507
MINAUSDT,SELL,LIMIT,1701242124876,2670,0.7183796
MINAUSDT,SELL,LIMIT,1701243389029,6825,0.7179966
MINAUSDT,SELL,LIMIT,1701243923403,1150,0.7183494
MINAUSDT,SELL,LIMIT,1701243949269,411,0.7171786
MINAUSDT,BUY,LIMIT,1701248270459,3540,0.7462918
MINAUSDT,SELL,LIMIT,1701250169333,66,0.7210365
MINAUSDT,SELL,LIMIT,1701250239072,6813,0.7192902
MINAUSDT,SELL,LIMIT,1701250263490,5566,0.7183978
MINAUSDT,SELL,LIMIT,1701250281183,5067,0.7171277
MINAUSDT,BUY,LIMIT,1701252002475,207,0.7429912
MINAUSDT,SELL,LIMIT,1701252237297,295,0.7191640
MINAUSDT,SELL,LIMIT,1701252430686,761,0.7187537
MINAUSDT,SELL,LIMIT,1701253176196,6841,0.7170461
MINAUSDT,SELL,LIMIT,1701253412138,12,0.7164891
MINAUSDT,SELL,LIMIT,1701253689230,13,0.7143966
MINAUSDT,SELL,LIMIT,1701254066489,100,0.7131661
MINAUSDT,SELL,LIMIT,1701254352375,1084,0.7123591
MINAUSDT,SELL,LIMIT,1701254356004,1094,0.7122633
MINAUSDT,SELL,LIMIT,1701254360177,136,0.7114206
MINAUSDT,SELL,LIMIT,1701254398533,2897,0.7103588
MINAUSDT,SELL,LIMIT,1701254400975,143,0.7096360
MINAUSDT,SELL,LIMIT,1701254410284,785,0.7090808
MINAUSDT,SELL,LIMIT,1701254411387,32,0.7087544
MINAUSDT,SELL,LIMIT,1701254423574,961,0.7073722
MINAUSDT,SELL,LIMIT,1701260301440,55,0.7094101
MINAUSDT,SELL,LIMIT,1701262737300,3470,0.7062543
MINAUSDT,SELL,LIMIT,1701262761628,7,0.7049006
MINAUSDT,SELL,LIMIT,1701262770485,76,0.7045587
MINAUSDT,SELL,LIMIT,1701262771527,219,0.7040222
MINAUSDT,SELL,LIMIT,1701262772649,1304,0.7034545
MINAUSDT,SELL,LIMIT,1701262773973,540,0.7031188
MINAUSDT,SELL,LIMIT,1701262782975,1854,0.7023897
MINAUSDT,SELL,LIMIT,1701262840187,5608,0.7041993
MINAUSDT,BUY,LIMIT,1701263330807,200,0.7270035
MINAUSDT,SELL,LIMIT,1701263677635,3034,0.7008140
MINAUSDT,SELL,LIMIT,1701263686097,273,0.7003190
MINAUSDT,SELL,LIMIT,1701263722863,3816,0.6993715
MINAUSDT,SELL,LIMIT,1701263773702,761,0.6987386
MINAUSDT,SELL,LIMIT,1701263791909,48,0.6984048
MINAUSDT,SELL,LIMIT,1701263805320,461,0.6980674
MINAUSDT,SELL,LIMIT,1701263809259,46,0.6977317
MINAUSDT,SELL,LIMIT,1701263810443,10489,0.6951897
MINAUSDT,SELL,LIMIT,1701263813354,26,0.6971204
MINAUSDT,SELL,LIMIT,1701263815487,27301,0.6914696
MINAUSDT,SELL,LIMIT,1701263843351,2733,0.6963342
MINAUSDT,SELL,LIMIT,1701263844417,1611,0.6962878
MINAUSDT,SELL,LIMIT,1701263883225,172,0.6960519
MINAUSDT,SELL,LIMIT,1701263898040,507,0.6959569
MINAUSDT,SELL,LIMIT,1701263906810,5102,0.6955285
MINAUSDT,SELL,LIMIT,1701263909538,138,0.6954748
MINAUSDT,SELL,LIMIT,1701263912953,1640,0.6952481
MINAUSDT,SELL,LIMIT,1701263940998,23,0.6939320
MINAUSDT,SELL,LIMIT,1701264147335,454,0.6980114
MINAUSDT,SELL,LIMIT,1701264376907,68,0.6927112
MINAUSDT,SELL,LIMIT,1701264619582,697,0.6923565
MINAUSDT,SELL,LIMIT,1701267501660,704,0.6960571
MINAUSDT,SELL,LIMIT,1701268440956,7089,0.6923315
MINAUSDT,SELL,LIMIT,1701268871706,21,0.6913228
MINAUSDT,SELL,LIMIT,1701268883897,18500,0.6865507
MINAUSDT,SELL,LIMIT,1701269146167,118,0.6906530
MINAUSDT,SELL,LIMIT,1701269147315,2908,0.6906491
MINAUSDT,SELL,LIMIT,1701269156800,13840,0.6866972
MINAUSDT,SELL,LIMIT,1701269158022,20519,0.6851970
MINAUSDT,SELL,LIMIT,1701269257396,1405,0.6890622
MINAUSDT,SELL,LIMIT,1701269264454,338,0.6879601
MINAUSDT,SELL,LIMIT,1701270389463,48,0.6877091
MINAUSDT,SELL,LIMIT,1701270409817,111,0.6875193
MINAUSDT,SELL,LIMIT,1701270418063,4800,0.6873101
MINAUSDT,SELL,LIMIT,1701270439173,7,0.6866657
MINAUSDT,SELL,LIMIT,1701270442331,2345,0.6865361
MINAUSDT,SELL,LIMIT,1701270569494,67,0.6860406
MINAUSDT,SELL,LIMIT,1701270572267,32,0.6858371
MINAUSDT,SELL,LIMIT,1701270574683,431,0.6852716
MINAUSDT,SELL,LIMIT,1701270584224,166,0.6848497
MINAUSDT,SELL,LIMIT,1701270588669,723,0.6846108
MINAUSDT,BUY,LIMIT,1701273194768,875,0.7155970
MINAUSDT,SELL,LIMIT,1701274575596,2613,0.6901354
MINAUSDT,SELL,LIMIT,1701284489295,55,0.6924540
MINAUSDT,BUY,LIMIT,1701285051943,2,0.7135235
MINAUSDT,SELL,LIMIT,1701285469584,148,0.6907686
MINAUSDT,SELL,LIMIT,1701288287798,9,0.6895001
MINAUSDT,SELL,LIMIT,1701290152735,653,0.6863013
MINAUSDT,SELL,LIMIT,1701290430049,117,0.6840401
MINAUSDT,BUY,LIMIT,1701302552146,118,0.7139299
MINAUSDT,BUY,LIMIT,1701302570213,636,0.7175704
MINAUSDT,BUY,LIMIT,1701302592813,71,0.7213178
MINAUSDT,SELL,LIMIT,1701302646268,2411,0.6977622
MINAUSDT,BUY,LIMIT,1701303000945,687,0.7240861
MINAUSDT,BUY,LIMIT,1701303044004,353,0.7277486
MINAUSDT,BUY,LIMIT,1701303056922,397,0.7284910
MINAUSDT,BUY,LIMIT,1701303061909,445,0.7295619
MINAUSDT,SELL,LIMIT,1701303316801,19,0.7036420
MINAUSDT,BUY,LIMIT,1701303613233,65,0.7316686
MINAUSDT,BUY,LIMIT,1701303618203,1420,0.7321820
MINAUSDT,BUY,LIMIT,1701303628563,71,0.7328308
MINAUSDT,BUY,LIMIT,1701303631321,353,0.7335013
MINAUSDT,BUY,LIMIT,1701303633019,63,0.7336038
MINAUSDT,BUY,LIMIT,1701303640559,87,0.7358895
MINAUSDT,SELL,LIMIT,1701303897049,1716,0.7132344
MINAUSDT,BUY,LIMIT,1701304557064,40,0.7325294
MINAUSDT,BUY,LIMIT,1701304609358,6719,0.7364363
MINAUSDT,SELL,LIMIT,1701305462088,359,0.7063426
MINAUSDT,BUY,LIMIT,1701305979119,140,0.7260879
MINAUSDT,SELL,LIMIT,1701306432266,32,0.7055660
MINAUSDT,SELL,LIMIT,1701307345069,91,0.7053521
MINAUSDT,SELL,LIMIT,1701319867136,1895,0.7105161
MINAUSDT,SELL,LIMIT,1701319887704,141,0.7101353
MINAUSDT,SELL,LIMIT,1701323734567,15,0.7127274
MINAUSDT,SELL,LIMIT,1701323803218,11,0.7112203
MINAUSDT,SELL,LIMIT,1701324660843,19,0.7079986
MINAUSDT,BUY,LIMIT,1701326875688,100,0.7446567
MINAUSDT,BUY,LIMIT,1701326884413,169,0.7453580
MINAUSDT,BUY,LIMIT,1701326965587,80,0.7463793
MINAUSDT,BUY,LIMIT,1701328330997,571,0.7531302
MINAUSDT,BUY,LIMIT,1701328387656,35,0.7545499
MINAUSDT,BUY,LIMIT,1701328400498,26,0.7547669
MINAUSDT,SELL,LIMIT,1701330938400,7,0.7207672
MINAUSDT,SELL,LIMIT,1701331466173,378,0.7148117
MINAUSDT,SELL,LIMIT,1701331474205,1897,0.7141141
MINAUSDT,SELL,LIMIT,1701331848241,1627,0.7108751
MINAUSDT,SELL,LIMIT,1701331861320,133,0.7106776
MINAUSDT,SELL,LIMIT,1701332289668,476,0.7094022
MINAUSDT,BUY,LIMIT,1701332954187,15,0.7330939
MINAUSDT,SELL,LIMIT,1701336970048,771,0.7073922
MINAUSDT,SELL,LIMIT,1701338238989,6959,0.7042661
MINAUSDT,SELL,LIMIT,1701338300178,34,0.7032311
MINAUSDT,SELL,LIMIT,1701338335031,560,0.7021685
MINAUSDT,SELL,LIMIT,1701338538369,19,0.7007561
MINAUSDT,SELL,LIMIT,1701339015898,7,0.7004561
MINAUSDT,SELL,LIMIT,1701339022354,6526,0.7003798
MINAUSDT,BUY,LIMIT,1701342628815,30,0.7405701
MINAUSDT,SELL,LIMIT,1701343855884,168,0.7150414
MINAUSDT,BUY,LIMIT,1701346027431,95,0.7440620
MINAUSDT,BUY,LIMIT,1701346083240,768,0.7492380
MINAUSDT,BUY,LIMIT,1701346084350,172,0.7497295
MINAUSDT,SELL,LIMIT,1701346159717,618,0.7233334
MINAUSDT,SELL,LIMIT,1701346218584,292,0.7226286
MINAUSDT,SELL,LIMIT,1701349576253,2840,0.7206717
MINAUSDT,SELL,LIMIT,1701349668159,9119,0.7148784
MINAUSDT,SELL,LIMIT,1701349817064,108,0.7143683
MINAUSDT,SELL,LIMIT,1701349951161,141,0.7140982
MINAUSDT,BUY,LIMIT,1701350954115,52,0.7438021
MINAUSDT,SELL,LIMIT,1701353750438,4344,0.7106451
MINAUSDT,SELL,LIMIT,1701353791082,1190,0.7099567
MINAUSDT,SELL,LIMIT,1701358743743,2223,0.7099933
MINAUSDT,BUY,LIMIT,1701362832257,13,0.7337764
MINAUSDT,SELL,LIMIT,1701367095506,5208,0.7058038
MINAUSDT,SELL,LIMIT,1701367113159,178,0.7055884
MINAUSDT,SELL,LIMIT,1701374973817,351,0.7046508
MINAUSDT,SELL,LIMIT,1701374975497,524,0.7045679
MINAUSDT,SELL,LIMIT,1701375922443,1340,0.7034860
MINAUSDT,SELL,LIMIT,1701391363995,3049,0.7121154
MINAUSDT,BUY,LIMIT,1701394576763,1992,0.7419469
MINAUSDT,SELL,LIMIT,1701396328767,293,0.7174320
MINAUSDT,BUY,LIMIT,1701405515309,7,0.7441980
MINAUSDT,SELL,LIMIT,1701419512473,51,0.7197609
MINAUSDT,BUY,LIMIT,1701421624092,774,0.7492679
MINAUSDT,BUY,LIMIT,1701421863662,21,0.7511165
MINAUSDT,SELL,LIMIT,1701422241410,8,1.3230678
MINAUSDT,BUY,LIMIT,1701423895651,133,0.7498820
MINAUSDT,SELL,LIMIT,1701424822194,277,0.7324304
MINAUSDT,SELL,LIMIT,1701425254224,25,0.7271237
MINAUSDT,SELL,LIMIT,1701428518638,223,0.7297643
MINAUSDT,SELL,LIMIT,1701429604931,7,0.7257033
MINAUSDT,BUY,LIMIT,1701430433193,72,0.7572839
MINAUSDT,BUY,LIMIT,1701431207738,723,0.7600123
MINAUSDT,BUY,LIMIT,1701431244602,273,0.7632711
MINAUSDT,BUY,LIMIT,1701431248152,500,0.7635970
MINAUSDT,BUY,LIMIT,1701431251003,7290,0.7645620
MINAUSDT,SELL,LIMIT,1701431583631,970,0.7360570
MINAUSDT,BUY,LIMIT,1701432056022,538,0.7652205
MINAUSDT,BUY,LIMIT,1701432077370,16,0.7683828
MINAUSDT,BUY,LIMIT,1701432080615,1132,0.7690784
MINAUSDT,BUY,LIMIT,1701432090217,6977,0.7707409
MINAUSDT,BUY,LIMIT,1701432103195,500,0.7723359
MINAUSDT,BUY,LIMIT,1701432105771,2183,0.7728171
MINAUSDT,BUY,LIMIT,1701432156306,420,0.7764483
MINAUSDT,BUY,LIMIT,1701432157315,63,0.7767515
MINAUSDT,BUY,LIMIT,1701432163153,2754,0.7791838
MINAUSDT,BUY,LIMIT,1701432164822,1863,0.7804927
MINAUSDT,BUY,LIMIT,1701432261522,1774,0.7813707
MINAUSDT,SELL,LIMIT,1701432560264,1090,0.7512066
MINAUSDT,SELL,LIMIT,1701432716283,55,0.7485633
MINAUSDT,SELL,LIMIT,1701433137700,58,0.7420115
MINAUSDT,SELL,LIMIT,1701433213079,74,0.7383103
MINAUSDT,SELL,LIMIT,1701433375438,283,0.7354442
MINAUSDT,SELL,LIMIT,1701434800321,53,0.7328679
MINAUSDT,SELL,LIMIT,1701437653605,1744,0.7293891
MINAUSDT,SELL,LIMIT,1701439979087,1356,0.7224075
MINAUSDT,SELL,LIMIT,1701440109375,4554,0.7214650
MINAUSDT,BUY,LIMIT,1701440895497,2363,0.7474236
MINAUSDT,BUY,LIMIT,1701441608113,150,0.7439824
MINAUSDT,SELL,LIMIT,1701441799447,2000,0.7214532
MINAUSDT,SELL,LIMIT,1701442264681,125,0.7182570
MINAUSDT,BUY,LIMIT,1701442959355,4545,0.7447802
MINAUSDT,BUY,LIMIT,1701444003593,7,0.7469837
MINAUSDT,BUY,LIMIT,1701447911568,271,0.7539192
MINAUSDT,BUY,LIMIT,1701453789184,227,0.7576964
MINAUSDT,BUY,LIMIT,1701459645120,55,0.7589393
MINAUSDT,BUY,LIMIT,1701460031295,119,0.7595037
MINAUSDT,BUY,LIMIT,1701460032490,77,0.7595244
MINAUSDT,BUY,LIMIT,1701460035885,254,0.7595077
MINAUSDT,SELL,LIMIT,1701470036272,67,0.7348810
MINAUSDT,SELL,LIMIT,1701470474874,874,0.7344970
MINAUSDT,SELL,LIMIT,1701471318183,200,0.7337779
MINAUSDT,BUY,LIMIT,1701474161490,3209,0.7643401
MINAUSDT,BUY,LIMIT,1701474299458,665,0.7658873
MINAUSDT,BUY,LIMIT,1701474301730,17,0.7659721
MINAUSDT,BUY,LIMIT,1701475607259,4085,0.7693808
MINAUSDT,BUY,LIMIT,1701475695984,1089,0.7756481
MINAUSDT,BUY,LIMIT,1701475745043,829,0.7783520
MINAUSDT,BUY,LIMIT,1701475748335,6573,0.7789991
MINAUSDT,BUY,LIMIT,1701475781376,223,0.7813434
MINAUSDT,BUY,LIMIT,1701475782472,105,0.7819789
MINAUSDT,BUY,LIMIT,1701475784089,821,0.7823901
MINAUSDT,BUY,LIMIT,1701475786235,927,0.7826034
MINAUSDT,SELL,LIMIT,1701475862468,1077,0.7517333
MINAUSDT,SELL,LIMIT,1701476102402,292,0.7487201
MINAUSDT,SELL,LIMIT,1701476168212,3470,0.7437720
MINAUSDT,SELL,LIMIT,1701476520255,588,0.7395936
MINAUSDT,SELL,LIMIT,1701479080319,1072,0.7335880
MINAUSDT,BUY,LIMIT,1701479840631,882,0.7482124
MINAUSDT,BUY,LIMIT,1701479845273,259,0.7534344
MINAUSDT,SELL,LIMIT,1701479872544,6662,0.7302722
MINAUSDT,BUY,LIMIT,1701480664693,118,0.7591464
MINAUSDT,BUY,LIMIT,1701480686646,47,0.7591588
MINAUSDT,BUY,LIMIT,1701485608357,3447,0.7533330
MINAUSDT,BUY,LIMIT,1701485669008,291,0.7538404
MINAUSDT,BUY,LIMIT,1701485990670,90,0.7549570
MINAUSDT,BUY,LIMIT,1701485992054,119,0.7548554
MINAUSDT,BUY,LIMIT,1701485993277,2664,0.7548555
MINAUSDT,BUY,LIMIT,1701485994354,5619,0.7551600
MINAUSDT,SELL,LIMIT,1701486002006,8370,0.7316663
MINAUSDT,SELL,LIMIT,1701486005598,133,0.7446129
MINAUSDT,BUY,LIMIT,1701486011741,124,0.7555660
MINAUSDT,SELL,LIMIT,1701493668280,7,0.7301639
MINAUSDT,SELL,LIMIT,1701493830554,50,0.7298925
MINAUSDT,SELL,LIMIT,1701498235399,1254,0.7329125
MINAUSDT,BUY,LIMIT,1701504124162,81,0.7595852
