Symbol,Side,Order Type,Time,Quantity,Price
MINAUSDT,SELL,LIMIT,1701918486494,96,0.7116051
MINAUSDT,SELL,LIMIT,1701918504636,29,0.7373992
MINAUSDT,SELL,LIMIT,1701918656089,39,0.7104480
MINAUSDT,SELL,LIMIT,1701932166052,534,0.7203094
MINAUSDT,SELL,LIMIT,1701936890974,3412,0.7179966
MINAUSDT,SELL,LIMIT,1701936923522,21,0.7164305
MINAUSDT,SELL,LIMIT,1701936968159,47,0.7408288
MINAUSDT,SELL,LIMIT,1701936969366,33,0.7166291
MINAUSDT,SELL,LIMIT,1701937353867,34,0.7170094
MINAUSDT,SELL,LIMIT,1701937386525,534,0.7147596
MINAUSDT,SELL,LIMIT,1701939968362,1205,0.7092728
MINAUSDT,SELL,LIMIT,1701939971078,7895,0.7073999
MINAUSDT,SELL,LIMIT,1701939973733,53,0.7076650
MINAUSDT,SELL,LIMIT,1701940027089,54,0.7069695
MINAUSDT,SELL,LIMIT,1701940032732,394,0.7065761
MINAUSDT,SELL,LIMIT,1701940047104,169,0.7057284
MINAUSDT,SELL,LIMIT,1701940475017,45,0.7047322
MINAUSDT,SELL,LIMIT,1701940524165,2024,0.7043437
MINAUSDT,SELL,LIMIT,1701940557259,845,0.7133915
MINAUSDT,SELL,LIMIT,1701940561601,200,0.7021615
MINAUSDT,SELL,LIMIT,1701940562605,21,0.7020895
MINAUSDT,SELL,LIMIT,1701940565495,666,0.7010898
MINAUSDT,SELL,LIMIT,1701940567325,1876,0.7007789
MINAUSDT,SELL,LIMIT,1701941059483,23,0.7004202
MINAUSDT,SELL,LIMIT,1701941065486,575,0.7002834
MINAUSDT,SELL,LIMIT,1701941071059,12555,0.6967083
MINAUSDT,SELL,LIMIT,1701941075520,75,0.6992859
MINAUSDT,SELL,LIMIT,1701941109978,898,0.6988639
MINAUSDT,SELL,LIMIT,1701941145517,2347,0.6986996
MINAUSDT,SELL,LIMIT,1701941147003,1497,0.6985423
MINAUSDT,SELL,LIMIT,1701941148369,739,0.6982340
MINAUSDT,SELL,LIMIT,1701941152506,402,0.6974381
MINAUSDT,SELL,LIMIT,1701941154205,329,0.6967875
MINAUSDT,SELL,LIMIT,1701941158124,1187,0.6965528
MINAUSDT,SELL,LIMIT,1701941159683,19896,0.6918161
MINAUSDT,SELL,LIMIT,1701941173913,275,0.6956227
MINAUSDT,SELL,LIMIT,1701941184220,654,0.6951596
MINAUSDT,SELL,LIMIT,1701941185634,273,0.6947673
MINAUSDT,SELL,LIMIT,1701941187579,6662,0.6943134
MINAUSDT,SELL,LIMIT,1701941189090,1264,0.6938958
MINAUSDT,SELL,LIMIT,1701941190707,1364,0.6933677
MINAUSDT,SELL,LIMIT,1701941193319,2181,0.6928805
MINAUSDT,SELL,LIMIT,1701941239743,988,0.7090349
MINAUSDT,SELL,LIMIT,1701941246453,955,0.6931189
MINAUSDT,SELL,LIMIT,1701941256257,822,0.6929379
MINAUSDT,SELL,LIMIT,1701941257768,108,0.6926711
MINAUSDT,BUY,LIMIT,1701942594124,1400,0.7313126
MINAUSDT,BUY,LIMIT,1701945207226,180,0.7312176
MINAUSDT,BUY,LIMIT,1701951252782,470,0.7351614
MINAUSDT,BUY,LIMIT,1701953976591,1,0.7370930
MINAUSDT,SELL,LIMIT,1701954642163,74,0.7134119
MINAUSDT,BUY,LIMIT,1701965080872,3548,0.7479434
MINAUSDT,SELL,LIMIT,1701965558914,600,0.7285808
MINAUSDT,BUY,LIMIT,1701965587072,16,0.7507812
MINAUSDT,BUY,LIMIT,1701966410560,3783,0.7516074
MINAUSDT,BUY,LIMIT,1701970396741,12696,0.7673615
MINAUSDT,BUY,LIMIT,1701970483481,1009,0.7645131
MINAUSDT,SELL,LIMIT,1701971363564,1097,0.7353250
MINAUSDT,SELL,LIMIT,1701976335391,15,0.7289209
MINAUSDT,SELL,LIMIT,1701976528157,4973,0.7285451
MINAUSDT,SELL,LIMIT,1701977271320,472,0.7258459
MINAUSDT,BUY,LIMIT,1701979318302,7,0.7499442
MINAUSDT,BUY,LIMIT,1701984556412,1475,0.7595018
MINAUSDT,BUY,LIMIT,1701988356495,1198,0.7584858
MINAUSDT,BUY,LIMIT,1701994897347,1299,0.7672007
MINAUSDT,SELL,LIMIT,1701997674124,1532,0.7342680
MINAUSDT,SELL,LIMIT,1702003704027,35,0.7321506
MINAUSDT,SELL,LIMIT,1702005575141,7,0.7388281
MINAUSDT,BUY,LIMIT,1702007154541,38,0.7658211
MINAUSDT,BUY,LIMIT,1702007430795,22,0.7652949
MINAUSDT,SELL,LIMIT,1702020530518,10,0.7326148
MINAUSDT,SELL,LIMIT,1702020641386,1280,0.7299472
MINAUSDT,SELL,LIMIT,1702029609494,29,0.7336597
MINAUSDT,BUY,LIMIT,1702032245299,28,0.7612597
MINAUSDT,BUY,LIMIT,1702033287356,755,0.7657665
MINAUSDT,SELL,LIMIT,1702037119235,32,0.7417413
MINAUSDT,BUY,LIMIT,1702039097274,479,0.7703850
MINAUSDT,SELL,LIMIT,1702042237956,22,0.7436214
MINAUSDT,SELL,LIMIT,1702042247477,657,0.7427190
MINAUSDT,BUY,LIMIT,1702043380573,11,0.7764855
MINAUSDT,BUY,LIMIT,1702043384500,2245,0.7771706
MINAUSDT,SELL,LIMIT,1702043830725,631,0.7474544
MINAUSDT,BUY,LIMIT,1702051385739,20754,0.7846881
MINAUSDT,BUY,LIMIT,1702051941509,4545,0.7852186
MINAUSDT,BUY,LIMIT,1702051942673,26218,0.7913011
MINAUSDT,BUY,LIMIT,1702052137058,65,0.7878892
MINAUSDT,BUY,LIMIT,1702052162194,20,0.7891531
MINAUSDT,BUY,LIMIT,1702052267088,1131,0.7927825
MINAUSDT,BUY,LIMIT,1702052268344,44,0.7931559
MINAUSDT,BUY,LIMIT,1702052269439,1041,0.7930527
MINAUSDT,BUY,LIMIT,1702052277051,816,0.7939235
MINAUSDT,BUY,LIMIT,1702053445380,89,0.7924855
MINAUSDT,SELL,LIMIT,1702054121826,1025,0.7649793
MINAUSDT,SELL,LIMIT,1702054908253,1597,0.7620522
MINAUSDT,BUY,LIMIT,1702068859575,6879,0.7898081
MINAUSDT,BUY,LIMIT,1702070603910,66,0.7884060
MINAUSDT,BUY,LIMIT,1702080420734,342,0.7920045
MINAUSDT,SELL,LIMIT,1702081511352,200,0.7699195
MINAUSDT,BUY,LIMIT,1702082111316,399,0.7952499
MINAUSDT,BUY,LIMIT,1702082123509,1167,0.7953540
MINAUSDT,BUY,LIMIT,1702082808417,178,0.8005604
MINAUSDT,SELL,LIMIT,1702083999223,43,0.7694941
MINAUSDT,SELL,LIMIT,1702084021545,3212,0.7688690
MINAUSDT,SELL,LIMIT,1702084084784,5265,0.7654523
MINAUSDT,SELL,LIMIT,1702085579417,633,0.7641434
MINAUSDT,BUY,LIMIT,1702092399058,1231,0.7951080
MINAUSDT,BUY,LIMIT,1702097185105,108,0.7955763
MINAUSDT,BUY,LIMIT,1702097830644,956,0.7997515
MINAUSDT,BUY,LIMIT,1702102887367,38,0.8005060
MINAUSDT,BUY,LIMIT,1702103530173,152,0.8013329
MINAUSDT,BUY,LIMIT,1702103645067,707,0.8008350
MINAUSDT,BUY,LIMIT,1702104532696,22,0.8030762
MINAUSDT,BUY,LIMIT,1702104657075,15,0.8036644
MINAUSDT,BUY,LIMIT,1702105611944,400,0.8088400
MINAUSDT,BUY,LIMIT,1702105638385,109,0.8098278
MINAUSDT,BUY,LIMIT,1702105848956,192,0.8118340
MINAUSDT,BUY,LIMIT,1702106709138,13,0.8123335
MINAUSDT,BUY,LIMIT,1702106722341,127,0.8124267
MINAUSDT,BUY,LIMIT,1702107080046,339,0.8133744
MINAUSDT,BUY,LIMIT,1702107082303,17099,0.8192322
MINAUSDT,BUY,LIMIT,1702107155387,642,0.8169543
MINAUSDT,BUY,LIMIT,1702107194539,264,0.8206236
MINAUSDT,BUY,LIMIT,1702109243756,245,0.8225560
MINAUSDT,BUY,LIMIT,1702109244834,78,0.8227826
MINAUSDT,BUY,LIMIT,1702109706570,8,0.8239087
MINAUSDT,BUY,LIMIT,1702109725708,1,0.8244838
MINAUSDT,BUY,LIMIT,1702109762377,298,0.8253156
MINAUSDT,SELL,LIMIT,1702110700788,209,0.7931659
MINAUSDT,SELL,LIMIT,1702110709713,309,0.7923171
MINAUSDT,SELL,LIMIT,1702110776088,562,0.7910215
MINAUSDT,SELL,LIMIT,1702110826219,8,0.7899302
MINAUSDT,SELL,LIMIT,1702110860720,399,0.7883256
MINAUSDT,SELL,LIMIT,1702110899116,71,0.7859948
MINAUSDT,SELL,LIMIT,1702110906184,12,0.7850297
MINAUSDT,SELL,LIMIT,1702110971538,2426,0.7826408
MINAUSDT,SELL,LIMIT,1702110975741,1041,0.7807368
MINAUSDT,SELL,LIMIT,1702110977956,495,0.7789215
MINAUSDT,SELL,LIMIT,1702110982493,123,0.7767548
MINAUSDT,SELL,LIMIT,1702111035735,111,0.7741506
MINAUSDT,SELL,LIMIT,1702111037456,2071,0.7785851
MINAUSDT,SELL,LIMIT,1702111042801,3154,0.7713546
MINAUSDT,SELL,LIMIT,1702111044208,15563,0.7665702
MINAUSDT,SELL,LIMIT,1702111045711,2248,0.7707999
MINAUSDT,SELL,LIMIT,1702111047323,975,0.7700805
MINAUSDT,SELL,LIMIT,1702111377735,628,0.7685993
MINAUSDT,SELL,LIMIT,1702111380770,1136,0.7667127
MINAUSDT,SELL,LIMIT,1702111382482,760,0.7676023
MINAUSDT,SELL,LIMIT,1702111387536,32,0.7653237
MINAUSDT,BUY,LIMIT,1702113148766,23,0.8013845
MINAUSDT,SELL,LIMIT,1702124385067,65,0.7753801
MINAUSDT,SELL,LIMIT,1702132479462,322,0.7771632
MINAUSDT,SELL,LIMIT,1702132506311,3047,0.7765146
MINAUSDT,SELL,LIMIT,1702132607153,566,0.7741138
MINAUSDT,SELL,LIMIT,1702132798204,329,0.7720305
MINAUSDT,SELL,LIMIT,1702132822061,8,0.7710025
MINAUSDT,SELL,LIMIT,1702132824342,6321,0.7697800
MINAUSDT,SELL,LIMIT,1702132954501,395,0.7679986
MINAUSDT,SELL,LIMIT,1702132992238,1561,0.7675361
MINAUSDT,SELL,LIMIT,1702132996525,970,0.7664730
MINAUSDT,SELL,LIMIT,1702132999531,6363,0.7662895
MINAUSDT,SELL,LIMIT,1702133005522,832,0.7642361
MINAUSDT,SELL,LIMIT,1702133006565,2927,0.7628383
MINAUSDT,SELL,LIMIT,1702134875530,6426,0.7618804
MINAUSDT,SELL,LIMIT,1702134877180,751,0.7616021
MINAUSDT,SELL,LIMIT,1702134896482,7,0.7591135
MINAUSDT,SELL,LIMIT,1702141708188,568,0.7590482
MINAUSDT,SELL,LIMIT,1702141746856,2038,0.7587746
MINAUSDT,SELL,LIMIT,1702141749530,6306,0.7579821
MINAUSDT,SELL,LIMIT,1702141752189,7,0.7576221
MINAUSDT,SELL,LIMIT,1702141850970,93,0.7568372
MINAUSDT,SELL,LIMIT,1702144630242,164,0.7681125
MINAUSDT,SELL,LIMIT,1702153699316,2066,0.7574651
MINAUSDT,SELL,LIMIT,1702153707300,79,0.7571696
MINAUSDT,SELL,LIMIT,1702153877352,646,0.7551625
MINAUSDT,SELL,LIMIT,1702153886527,894,0.7543009
MINAUSDT,BUY,LIMIT,1702159971164,65,0.7868199
MINAUSDT,SELL,LIMIT,1702164292929,190,0.7536178
MINAUSDT,SELL,LIMIT,1702164449882,6435,0.7530046
MINAUSDT,SELL,LIMIT,1702164525851,5000,0.7526386
MINAUSDT,SELL,LIMIT,1702164535203,6369,0.7516981
MINAUSDT,SELL,LIMIT,1702164537512,648,0.7516664
MINAUSDT,SELL,LIMIT,1702164542234,6359,0.7497302
MINAUSDT,SELL,LIMIT,1702164543545,785,0.7494876
MINAUSDT,SELL,LIMIT,1702164544816,13000,0.7452716
MINAUSDT,SELL,LIMIT,1702164546341,1309,0.7489905
MINAUSDT,SELL,LIMIT,1702164549204,1923,0.7485967
MINAUSDT,SELL,LIMIT,1702164552468,479,0.7476655
MINAUSDT,SELL,LIMIT,1702164673433,405,0.7480630
MINAUSDT,SELL,LIMIT,1702164703369,604,0.7470811
MINAUSDT,SELL,LIMIT,1702164705187,82,0.7467088
MINAUSDT,SELL,LIMIT,1702164706250,676,0.7466585
MINAUSDT,SELL,LIMIT,1702164740363,279,0.7463439
MINAUSDT,SELL,LIMIT,1702164743594,32,0.7454218
MINAUSDT,SELL,LIMIT,1702164765988,35,0.7444875
MINAUSDT,SELL,LIMIT,1702164800573,6083,0.7436744
MINAUSDT,SELL,LIMIT,1702164801586,257,0.7430492
MINAUSDT,SELL,LIMIT,1702164802746,922,0.7427816
MINAUSDT,SELL,LIMIT,1702164803967,4281,0.7440339
MINAUSDT,SELL,LIMIT,1702164805426,1262,0.7417353
MINAUSDT,SELL,LIMIT,1702164807251,5156,0.7404544
MINAUSDT,SELL,LIMIT,1702164808575,4929,0.7413920
MINAUSDT,SELL,LIMIT,1702164809708,1013,0.7387232
MINAUSDT,SELL,LIMIT,1702164811521,6129,0.7372763
MINAUSDT,SELL,LIMIT,1702164812720,45,0.7369753
MINAUSDT,BUY,LIMIT,1702174330223,131,0.7868489
MINAUSDT,BUY,LIMIT,1702174683372,120,0.7974036
MINAUSDT,BUY,LIMIT,1702174714457,97,0.8039165
MINAUSDT,BUY,LIMIT,1702174717909,532,0.8044417
MINAUSDT,SELL,LIMIT,1702174860272,40,0.7823912
MINAUSDT,BUY,LIMIT,1702175164900,591,0.8176340
MINAUSDT,SELL,LIMIT,1702175443918,492,0.7853590
MINAUSDT,SELL,LIMIT,1702176689994,686,0.7845073
MINAUSDT,BUY,LIMIT,1702176803812,150,0.8147433
MINAUSDT,BUY,LIMIT,1702176847132,77,0.8163243
MINAUSDT,SELL,LIMIT,1702177105510,61,0.7899432
MINAUSDT,SELL,LIMIT,1702177197039,828,0.7864362
MINAUSDT,BUY,LIMIT,1702177288550,108,0.8205321
MINAUSDT,BUY,LIMIT,1702177470332,15,0.8265858
MINAUSDT,SELL,LIMIT,1702179179341,1844,0.7940888
MINAUSDT,SELL,LIMIT,1702179180456,358,0.7930032
MINAUSDT,SELL,LIMIT,1702179324586,1586,0.7908336
MINAUSDT,SELL,LIMIT,1702181244927,4442,0.7860958
MINAUSDT,BUY,LIMIT,1702186738427,910,0.8247122
MINAUSDT,BUY,LIMIT,1702186913447,13,0.8279527
MINAUSDT,BUY,LIMIT,1702187216557,195,0.8303049
MINAUSDT,SELL,LIMIT,1702188823438,14,0.8012501
MINAUSDT,SELL,LIMIT,1702189756165,154,0.7982337
MINAUSDT,SELL,LIMIT,1702191801579,58,0.7953917
MINAUSDT,SELL,LIMIT,1702192824398,926,0.7950731
MINAUSDT,SELL,LIMIT,1702192885762,389,0.7929210
MINAUSDT,SELL,LIMIT,1702196307641,150,0.7853692
MINAUSDT,SELL,LIMIT,1702196444190,862,0.7862495
MINAUSDT,SELL,LIMIT,1702196537583,65,0.7838763
MINAUSDT,SELL,LIMIT,1702197071285,2679,0.7781035
MINAUSDT,SELL,LIMIT,1702197074451,48,0.7775499
MINAUSDT,SELL,LIMIT,1702197085496,125,0.7768696
MINAUSDT,SELL,LIMIT,1702197090381,988,0.7767761
MINAUSDT,SELL,LIMIT,1702197092433,1383,0.7764853
MINAUSDT,SELL,LIMIT,1702198043243,6413,0.7755627
MINAUSDT,SELL,LIMIT,1702198045091,1986,0.7755441
MINAUSDT,SELL,LIMIT,1702198047991,2282,0.7753160
MINAUSDT,SELL,LIMIT,1702198083666,82,0.7741473
MINAUSDT,SELL,LIMIT,1702198314231,605,0.7727705
MINAUSDT,SELL,LIMIT,1702200796143,1964,0.7812003
MINAUSDT,SELL,LIMIT,1702200944402,3735,0.7769681
MINAUSDT,BUY,LIMIT,1702201836518,1988,0.8175184
MINAUSDT,SELL,LIMIT,1702202262251,418,0.8032767
MINAUSDT,SELL,LIMIT,1702202270371,708,0.7980908
MINAUSDT,SELL,LIMIT,1702202289886,799,0.8041127
MINAUSDT,SELL,LIMIT,1702202297847,1580,0.7973459
MINAUSDT,SELL,LIMIT,1702202325353,222,0.7963726
MINAUSDT,SELL,LIMIT,1702202348557,3267,0.7937652
MINAUSDT,SELL,LIMIT,1702202380363,7,0.7941071
MINAUSDT,SELL,LIMIT,1702202509707,13,0.7900072
MINAUSDT,SELL,LIMIT,1702204495305,7,0.7939536
MINAUSDT,SELL,LIMIT,1702204499709,1300,0.7933675
MINAUSDT,SELL,LIMIT,1702204503069,13,0.7930843
MINAUSDT,SELL,LIMIT,1702204518433,203,0.7928148
MINAUSDT,SELL,LIMIT,1702204717424,61,0.7909770
MINAUSDT,SELL,LIMIT,1702205175904,1945,0.7897738
MINAUSDT,SELL,LIMIT,1702205227070,2685,0.7883842
MINAUSDT,BUY,LIMIT,1702205834513,100,0.8156778
MINAUSDT,SELL,LIMIT,1702206300974,2841,0.7842043
MINAUSDT,SELL,LIMIT,1702208623263,672,0.7837634
MINAUSDT,BUY,LIMIT,1702209675376,80,0.8148202
MINAUSDT,BUY,LIMIT,1702209746253,470,0.8182083
MINAUSDT,BUY,LIMIT,1702210108139,295,0.8215092
MINAUSDT,BUY,LIMIT,1702211170302,143,0.8132016
MINAUSDT,BUY,LIMIT,1702213146093,418,0.8234461
MINAUSDT,SELL,LIMIT,1702217328151,696,0.7978457
MINAUSDT,BUY,LIMIT,1702218988669,46,0.8304743
MINAUSDT,BUY,LIMIT,1702218999280,3279,0.8314793
MINAUSDT,BUY,LIMIT,1702219043312,1892,0.8343092
MINAUSDT,BUY,LIMIT,1702219052531,7,0.8347260
MINAUSDT,BUY,LIMIT,1702219058140,1874,0.8358280
MINAUSDT,BUY,LIMIT,1702219062215,12,0.8363648
MINAUSDT,SELL,LIMIT,1702219094169,585,0.8073865
MINAUSDT,BUY,LIMIT,1702219287418,1282,0.8345627
MINAUSDT,BUY,LIMIT,1702219403455,363,0.8370081
MINAUSDT,BUY,LIMIT,1702219406064,1496,0.8373491
MINAUSDT,BUY,LIMIT,1702219407547,31,0.8380069
MINAUSDT,BUY,LIMIT,1702219409501,241,0.8387902
MINAUSDT,BUY,LIMIT,1702220031078,185,0.8404698
MINAUSDT,SELL,LIMIT,1702220254015,548,0.8090452
MINAUSDT,BUY,LIMIT,1702220812354,2974,0.8408473
MINAUSDT,BUY,LIMIT,1702220857420,644,0.8414841
MINAUSDT,BUY,LIMIT,1702220894247,771,0.8428424
MINAUSDT,BUY,LIMIT,1702220918867,4542,0.8429154
MINAUSDT,BUY,LIMIT,1702222060304,173,0.8429236
MINAUSDT,BUY,LIMIT,1702222062203,2421,0.8434575
MINAUSDT,BUY,LIMIT,1702222064501,622,0.8437980
MINAUSDT,BUY,LIMIT,1702222070906,14,0.8443178
MINAUSDT,BUY,LIMIT,1702222285761,768,0.8464207
MINAUSDT,BUY,LIMIT,1702222291081,25,0.8471886
MINAUSDT,BUY,LIMIT,1702222628706,797,0.8492882
MINAUSDT,BUY,LIMIT,1702222635788,1785,0.8499710
MINAUSDT,BUY,LIMIT,1702222638028,909,0.8506819
MINAUSDT,BUY,LIMIT,1702222639521,8870,0.8538040
MINAUSDT,BUY,LIMIT,1702222654008,1505,0.8516698
MINAUSDT,BUY,LIMIT,1702223196924,5959,0.8515175
MINAUSDT,BUY,LIMIT,1702223214540,59,0.8539934
MINAUSDT,SELL,LIMIT,1702223386739,34,0.8217998
MINAUSDT,BUY,LIMIT,1702224242280,24,0.8548880
MINAUSDT,BUY,LIMIT,1702224248821,45,0.8554756
MINAUSDT,BUY,LIMIT,1702224251190,82,0.8565902
MINAUSDT,SELL,LIMIT,1702224392937,136,0.8245619
MINAUSDT,SELL,LIMIT,1702224394132,4684,0.8242155
MINAUSDT,SELL,LIMIT,1702224529742,123,0.8202659
MINAUSDT,SELL,LIMIT,1702224532660,5978,0.8198130
MINAUSDT,SELL,LIMIT,1702224624128,901,0.8165327
MINAUSDT,SELL,LIMIT,1702224629860,5971,0.8152142
MINAUSDT,SELL,LIMIT,1702224632043,1978,0.8149900
MINAUSDT,SELL,LIMIT,1702224635403,2833,0.8148738
MINAUSDT,SELL,LIMIT,1702224638481,6,0.8144289
MINAUSDT,SELL,LIMIT,1702225740215,433,0.8124057
MINAUSDT,SELL,LIMIT,1702225769529,189,0.8110770
MINAUSDT,SELL,LIMIT,1702226176123,114,0.8094295
MINAUSDT,SELL,LIMIT,1702226612034,17,0.8070558
MINAUSDT,SELL,LIMIT,1702226643918,718,0.8059000
MINAUSDT,SELL,LIMIT,1702226738749,2121,0.8056615
MINAUSDT,SELL,LIMIT,1702227123146,315,0.8041604
MINAUSDT,SELL,LIMIT,1702227199382,864,0.8022170
MINAUSDT,BUY,LIMIT,1702229027724,4393,0.8324198
MINAUSDT,BUY,LIMIT,1702230389465,95,0.8326256
MINAUSDT,BUY,LIMIT,1702231955604,819,0.8381366
MINAUSDT,BUY,LIMIT,1702233019719,488,0.8433422
MINAUSDT,BUY,LIMIT,1702233020857,43,0.8433754
MINAUSDT,BUY,LIMIT,1702233688388,2430,0.8470836
MINAUSDT,BUY,LIMIT,1702233689403,240,0.8470218
MINAUSDT,SELL,LIMIT,1702234079630,3113,0.8155409
MINAUSDT,SELL,LIMIT,1702234256354,2977,0.8125845
MINAUSDT,BUY,LIMIT,1702234768053,10,0.8449906
MINAUSDT,BUY,LIMIT,1702236390344,7,0.8502325
MINAUSDT,BUY,LIMIT,1702236421381,214,0.8519942
MINAUSDT,BUY,LIMIT,1702236587588,137,0.8530511
MINAUSDT,BUY,LIMIT,1702236742093,3161,0.8544012
MINAUSDT,BUY,LIMIT,1702236937609,735,0.8565149
MINAUSDT,BUY,LIMIT,1702236953046,2352,0.8576124
MINAUSDT,BUY,LIMIT,1702236991310,183,0.8592788
MINAUSDT,BUY,LIMIT,1702236997876,566,0.8596851
MINAUSDT,BUY,LIMIT,1702237223087,4349,0.8609211
MINAUSDT,BUY,LIMIT,1702237227602,1230,0.8611377
MINAUSDT,BUY,LIMIT,1702237245763,1185,0.8624459
MINAUSDT,BUY,LIMIT,1702237448725,1,0.8635732
MINAUSDT,SELL,LIMIT,1702237596071,883,0.8332473
MINAUSDT,SELL,LIMIT,1702237604159,452,0.8322217
MINAUSDT,SELL,LIMIT,1702237605531,2213,0.8321199
MINAUSDT,SELL,LIMIT,1702237613896,112,0.8317177
MINAUSDT,BUY,LIMIT,1702237786669,1485,0.8594874
MINAUSDT,BUY,LIMIT,1702238026908,1049,0.8650877
MINAUSDT,BUY,LIMIT,1702238046890,998,0.8659544
MINAUSDT,BUY,LIMIT,1702238072139,518,0.8670339
MINAUSDT,BUY,LIMIT,1702238093014,7839,0.8699450
MINAUSDT,BUY,LIMIT,1702238097446,389,0.8682787
MINAUSDT,BUY,LIMIT,1702238541477,81,0.8685331
MINAUSDT,BUY,LIMIT,1702238546147,60,0.8689179
MINAUSDT,BUY,LIMIT,1702238553349,583,0.8691867
MINAUSDT,BUY,LIMIT,1702238562193,536,0.8698080
MINAUSDT,SELL,LIMIT,1702238662358,489,0.8396389
MINAUSDT,SELL,LIMIT,1702238668346,163,0.8382318
MINAUSDT,BUY,LIMIT,1702238970599,1054,0.8687162
MINAUSDT,BUY,LIMIT,1702239025601,183,0.8714073
MINAUSDT,BUY,LIMIT,1702239037886,24009,0.8783962
MINAUSDT,BUY,LIMIT,1702239042068,106,0.8729939
MINAUSDT,BUY,LIMIT,1702239049266,5850,0.8735927
MINAUSDT,BUY,LIMIT,1702239051068,552,0.8738163
MINAUSDT,BUY,LIMIT,1702239052505,6271,0.8745861
MINAUSDT,BUY,LIMIT,1702239055088,31,0.8746258
MINAUSDT,SELL,LIMIT,1702239214411,1161,0.8413457
MINAUSDT,SELL,LIMIT,1702239269176,712,0.8404676
MINAUSDT,SELL,LIMIT,1702239290609,33,0.8389741
MINAUSDT,SELL,LIMIT,1702239353147,7,0.8369569
MINAUSDT,SELL,LIMIT,1702239354163,304,0.8369107
MINAUSDT,SELL,LIMIT,1702239367813,1053,0.8363354
MINAUSDT,BUY,LIMIT,1702239870292,58,0.8626745
MINAUSDT,SELL,LIMIT,1702240020235,32,0.8341744
MINAUSDT,SELL,LIMIT,1702240197780,71,0.8339571
MINAUSDT,SELL,LIMIT,1702240206776,5574,0.8335651
MINAUSDT,BUY,LIMIT,1702240762134,163,0.8664149
MINAUSDT,BUY,LIMIT,1702240938116,2355,0.8639680
MINAUSDT,SELL,LIMIT,1702241238593,129,0.8322360
MINAUSDT,BUY,LIMIT,1702241617462,71,0.8603443
MINAUSDT,BUY,LIMIT,1702241791122,59,0.8611050
MINAUSDT,BUY,LIMIT,1702242980295,1662,0.8647262
MINAUSDT,BUY,LIMIT,1702242984775,105,0.8660559
MINAUSDT,SELL,LIMIT,1702243981138,18,0.8357286
MINAUSDT,SELL,LIMIT,1702244009957,60,0.8345852
MINAUSDT,SELL,LIMIT,1702245634151,123,0.8318218
MINAUSDT,BUY,LIMIT,1702247974734,586,0.8710065
MINAUSDT,BUY,LIMIT,1702249117631,4890,0.8730808
MINAUSDT,BUY,LIMIT,1702249210173,1527,0.8745235
MINAUSDT,BUY,LIMIT,1702249212472,314,0.8750164
MINAUSDT,BUY,LIMIT,1702249215735,137,0.8765782
MINAUSDT,BUY,LIMIT,1702249219118,1252,0.8772193
MINAUSDT,BUY,LIMIT,1702249412270,1376,0.8790425
MINAUSDT,BUY,LIMIT,1702249437760,205,0.8791422
MINAUSDT,BUY,LIMIT,1702249439297,6972,0.8809101
MINAUSDT,BUY,LIMIT,1702249456729,79,0.8801714
MINAUSDT,SELL,LIMIT,1702250096094,2649,0.8472101
MINAUSDT,SELL,LIMIT,1702250139348,126,0.8457506
MINAUSDT,SELL,LIMIT,1702250255251,315,0.8437568
MINAUSDT,SELL,LIMIT,1702250308227,500,0.8409468
MINAUSDT,BUY,LIMIT,1702250709090,2018,0.8761058
MINAUSDT,BUY,LIMIT,1702250920446,311,0.8808012
MINAUSDT,BUY,LIMIT,1702251353471,54,0.8835750
MINAUSDT,SELL,LIMIT,1702251902438,116,0.8514501
MINAUSDT,SELL,LIMIT,1702252544235,8,0.8478041
MINAUSDT,SELL,LIMIT,1702252545265,75,0.8477183
MINAUSDT,SELL,LIMIT,1702252957561,915,0.8472620
MINAUSDT,BUY,LIMIT,1702253665079,490,0.8831297
MINAUSDT,BUY,LIMIT,1702253706079,960,0.8852554
MINAUSDT,BUY,LIMIT,1702253707399,214,0.8859468
MINAUSDT,BUY,LIMIT,1702253709962,343,0.8874530
MINAUSDT,BUY,LIMIT,1702253722244,70,0.8897319
MINAUSDT,BUY,LIMIT,1702253723447,11,0.8894418
MINAUSDT,BUY,LIMIT,1702253726189,20,0.8899068
MINAUSDT,BUY,LIMIT,1702253728356,10087,0.8945703
MINAUSDT,BUY,LIMIT,1702253745306,173,0.8937256
MINAUSDT,BUY,LIMIT,1702253746522,158,0.8937910
MINAUSDT,BUY,LIMIT,1702253748184,7412,0.8989301
MINAUSDT,BUY,LIMIT,1702253828067,780,0.8974628
MINAUSDT,SELL,LIMIT,1702253908811,609,0.8649972
MINAUSDT,BUY,LIMIT,1702254009422,242,0.8961159
MINAUSDT,BUY,LIMIT,1702254087289,9,0.8966318
MINAUSDT,BUY,LIMIT,1702254098780,15,0.8978648
MINAUSDT,BUY,LIMIT,1702254323557,1291,0.8988953
MINAUSDT,BUY,LIMIT,1702254324605,2159,0.8992735
MINAUSDT,BUY,LIMIT,1702254328222,114,0.9003031
MINAUSDT,BUY,LIMIT,1702254342113,332,0.9009245
MINAUSDT,BUY,LIMIT,1702254358557,6000,0.9029117
MINAUSDT,BUY,LIMIT,1702254370486,20,0.9036903
MINAUSDT,BUY,LIMIT,1702254403223,1822,0.9054317
MINAUSDT,BUY,LIMIT,1702254404236,1747,0.9055324
MINAUSDT,BUY,LIMIT,1702254406567,78,0.9059300
MINAUSDT,BUY,LIMIT,1702254408657,4107,0.9064165
MINAUSDT,BUY,LIMIT,1702254415654,8781,0.9099424
MINAUSDT,BUY,LIMIT,1702254417082,2870,0.9067445
MINAUSDT,BUY,LIMIT,1702254419813,2163,0.9083937
MINAUSDT,BUY,LIMIT,1702254432098,330,0.9088473
MINAUSDT,BUY,LIMIT,1702254433389,163,0.9089767
MINAUSDT,BUY,LIMIT,1702254514958,450,0.9106446
MINAUSDT,BUY,LIMIT,1702254516069,156,0.9112207
MINAUSDT,BUY,LIMIT,1702254520426,183,0.9116063
MINAUSDT,BUY,LIMIT,1702254525340,181,0.9120660
MINAUSDT,BUY,LIMIT,1702254527080,2854,0.9122831
MINAUSDT,BUY,LIMIT,1702254529945,3533,0.9127511
MINAUSDT,BUY,LIMIT,1702254538760,1991,0.9130306
MINAUSDT,BUY,LIMIT,1702254540653,13304,0.9188202
MINAUSDT,BUY,LIMIT,1702254549077,3856,0.9143740
MINAUSDT,BUY,LIMIT,1702254607326,225,0.9151473
MINAUSDT,BUY,LIMIT,1702254608684,1032,0.9154079
MINAUSDT,BUY,LIMIT,1702254628535,638,0.9161513
MINAUSDT,BUY,LIMIT,1702254632460,2311,0.9176960
MINAUSDT,BUY,LIMIT,1702254633485,637,0.9189482
MINAUSDT,BUY,LIMIT,1702254635890,153,0.9205871
MINAUSDT,BUY,LIMIT,1702254637185,1047,0.9211371
MINAUSDT,BUY,LIMIT,1702254641409,687,0.9223256
MINAUSDT,BUY,LIMIT,1702254649097,5,0.9246382
MINAUSDT,BUY,LIMIT,1702254650441,1774,0.9241021
MINAUSDT,BUY,LIMIT,1702254653642,285,0.9252651
MINAUSDT,BUY,LIMIT,1702254656982,1557,0.9254220
MINAUSDT,BUY,LIMIT,1702254676470,622,0.9264687
MINAUSDT,BUY,LIMIT,1702254677510,11,0.9273747
MINAUSDT,BUY,LIMIT,1702254679087,1840,0.9292422
MINAUSDT,SELL,LIMIT,1702254704814,563,0.8973077
MINAUSDT,SELL,LIMIT,1702254739536,610,0.8931945
MINAUSDT,BUY,LIMIT,1702254961079,140,0.9262893
MINAUSDT,SELL,LIMIT,1702255051355,874,0.8929731
MINAUSDT,SELL,LIMIT,1702255113184,32,0.8895813
MINAUSDT,BUY,LIMIT,1702255209483,1386,0.9192273
MINAUSDT,SELL,LIMIT,1702255317603,220,0.8849737
MINAUSDT,SELL,LIMIT,1702255368577,720,0.8807528
MINAUSDT,SELL,LIMIT,1702255588464,71,0.8800160
MINAUSDT,BUY,LIMIT,1702255643275,321,0.9136238
MINAUSDT,SELL,LIMIT,1702255894029,272,0.9011496
MINAUSDT,SELL,LIMIT,1702256112975,1510,0.8878549
MINAUSDT,SELL,LIMIT,1702256115016,5515,0.8875413
MINAUSDT,SELL,LIMIT,1702256124911,516,0.8873387
MINAUSDT,SELL,LIMIT,1702256262162,43,0.8857037
MINAUSDT,SELL,LIMIT,1702256266161,11,0.8830551
MINAUSDT,SELL,LIMIT,1702256267226,234,0.8840150
MINAUSDT,SELL,LIMIT,1702256270313,492,0.8824530
MINAUSDT,SELL,LIMIT,1702256296517,2087,0.8816797
MINAUSDT,SELL,LIMIT,1702256297789,5526,0.8803196
MINAUSDT,SELL,LIMIT,1702256299297,322,0.8797332
MINAUSDT,SELL,LIMIT,1702256323307,444,0.8793344
MINAUSDT,SELL,LIMIT,1702256348350,8,0.8775553
MINAUSDT,SELL,LIMIT,1702256357924,5254,0.8764012
MINAUSDT,SELL,LIMIT,1702256364627,5421,0.8756308
MINAUSDT,SELL,LIMIT,1702256428760,19,0.8759580
MINAUSDT,SELL,LIMIT,1702256598722,1464,0.8714900
MINAUSDT,SELL,LIMIT,1702256607569,845,0.8698371
MINAUSDT,SELL,LIMIT,1702256612717,24,0.8683877
MINAUSDT,SELL,LIMIT,1702256620302,118,0.8686856
MINAUSDT,BUY,LIMIT,1702256678969,496,0.8986418
MINAUSDT,BUY,LIMIT,1702256682482,37,0.8995239
MINAUSDT,SELL,LIMIT,1702256720553,335,0.8701856
MINAUSDT,SELL,LIMIT,1702256723535,2835,0.8672487
MINAUSDT,SELL,LIMIT,1702256842813,109,0.8667961
MINAUSDT,SELL,LIMIT,1702256845983,3298,0.8660578
MINAUSDT,SELL,LIMIT,1702256875215,3917,0.8645365
MINAUSDT,SELL,LIMIT,1702256879261,30,0.8639339
MINAUSDT,SELL,LIMIT,1702256881495,37,0.8637778
MINAUSDT,SELL,LIMIT,1702256900405,556,0.8628451
MINAUSDT,SELL,LIMIT,1702256902610,4720,0.8628332
MINAUSDT,SELL,LIMIT,1702256910863,5606,0.8612902
MINAUSDT,SELL,LIMIT,1702256911982,46,0.8607039
MINAUSDT,SELL,LIMIT,1702256920252,5591,0.8582597
MINAUSDT,SELL,LIMIT,1702256961108,10,0.8568688
MINAUSDT,SELL,LIMIT,1702256962229,1454,0.8563441
MINAUSDT,BUY,LIMIT,1702257104419,39,0.8904619
MINAUSDT,SELL,LIMIT,1702257326644,21,0.8647481
MINAUSDT,BUY,LIMIT,1702257530287,319,0.8970728
MINAUSDT,BUY,LIMIT,1702257533468,3339,0.8978251
MINAUSDT,BUY,LIMIT,1702258312536,6,0.9041218
MINAUSDT,BUY,LIMIT,1702258320770,360,0.9059738
MINAUSDT,SELL,LIMIT,1702258486119,844,0.8756039
MINAUSDT,SELL,LIMIT,1702258542415,52,0.8746282
MINAUSDT,BUY,LIMIT,1702258675637,112,0.9042586
MINAUSDT,BUY,LIMIT,1702258774078,3364,0.9080106
MINAUSDT,SELL,LIMIT,1702258981294,2314,0.8822093
MINAUSDT,SELL,LIMIT,1702259420419,247,0.8784859
MINAUSDT,SELL,LIMIT,1702259512259,91,0.8776574
MINAUSDT,SELL,LIMIT,1702259514272,350,0.8765620
MINAUSDT,BUY,LIMIT,1702259665786,120,0.9095149
MINAUSDT,SELL,LIMIT,1702260152335,3654,0.8752497
MINAUSDT,SELL,LIMIT,1702260283223,321,0.8703471
MINAUSDT,SELL,LIMIT,1702260285179,633,0.8694375
MINAUSDT,SELL,LIMIT,1702260320184,2053,0.8685630
MINAUSDT,SELL,LIMIT,1702260323429,2240,0.8677728
MINAUSDT,SELL,LIMIT,1702260325947,89,0.8669872
MINAUSDT,SELL,LIMIT,1702260328666,1423,0.8660068
MINAUSDT,SELL,LIMIT,1702260404618,1114,0.8650319
MINAUSDT,SELL,LIMIT,1702260426200,1759,0.8624795
MINAUSDT,SELL,LIMIT,1702260428875,79,0.8623456
MINAUSDT,SELL,LIMIT,1702260430128,16,0.8603311
MINAUSDT,SELL,LIMIT,1702260432432,44,0.8595802
MINAUSDT,SELL,LIMIT,1702260435428,5447,0.8584636
MINAUSDT,SELL,LIMIT,1702260436787,1305,0.8583296
MINAUSDT,SELL,LIMIT,1702260439501,364,0.8574140
MINAUSDT,SELL,LIMIT,1702260441524,203,0.8569509
MINAUSDT,SELL,LIMIT,1702260447063,117,0.8559456
MINAUSDT,SELL,LIMIT,1702260627340,507,0.8546846
MINAUSDT,SELL,LIMIT,1702260628373,1000,0.8550169
MINAUSDT,SELL,LIMIT,1702260629860,620,0.8538236
MINAUSDT,SELL,LIMIT,1702260631734,92,0.8533838
MINAUSDT,SELL,LIMIT,1702260633150,694,0.8530247
MINAUSDT,SELL,LIMIT,1702260634281,254,0.8521443
MINAUSDT,SELL,LIMIT,1702260635530,209,0.8512481
MINAUSDT,SELL,LIMIT,1702260636579,218,0.8505906
MINAUSDT,SELL,LIMIT,1702260637707,47,0.8508251
MINAUSDT,SELL,LIMIT,1702260639755,1929,0.8503248
MINAUSDT,SELL,LIMIT,1702260699263,1512,0.8667936
MINAUSDT,SELL,LIMIT,1702260700382,3483,0.8491067
MINAUSDT,SELL,LIMIT,1702260701463,268,0.8488009
MINAUSDT,SELL,LIMIT,1702260705489,18,0.8485287
MINAUSDT,SELL,LIMIT,1702260707317,273,0.8473975
MINAUSDT,SELL,LIMIT,1702260708293,74,0.8676483
MINAUSDT,SELL,LIMIT,1702260709390,1314,0.8421886
MINAUSDT,SELL,LIMIT,1702260710412,1539,0.8400488
MINAUSDT,SELL,LIMIT,1702260711432,3863,0.8391829
MINAUSDT,SELL,LIMIT,1702260714326,1846,0.8366006
MINAUSDT,SELL,LIMIT,1702260715379,3697,0.8346436
MINAUSDT,SELL,LIMIT,1702260717977,97,0.8400045
MINAUSDT,SELL,LIMIT,1702260721404,23,0.8362439
MINAUSDT,SELL,LIMIT,1702260723392,2061,0.8321740
MINAUSDT,SELL,LIMIT,1702260724542,4162,0.8319987
MINAUSDT,SELL,LIMIT,1702260725543,4860,0.8316743
MINAUSDT,SELL,LIMIT,1702260726588,2159,0.8317723
MINAUSDT,SELL,LIMIT,1702260727969,573,0.8317362
MINAUSDT,SELL,LIMIT,1702260729196,389,0.8352217
MINAUSDT,SELL,LIMIT,1702260730498,232,0.8276974
MINAUSDT,SELL,LIMIT,1702260731574,123,0.8287066
MINAUSDT,SELL,LIMIT,1702260732554,2673,0.8295662
MINAUSDT,SELL,LIMIT,1702260733621,534,0.8238013
MINAUSDT,SELL,LIMIT,1702260734740,231,0.8211137
MINAUSDT,SELL,LIMIT,1702260735827,196,0.8181797
MINAUSDT,SELL,LIMIT,1702260736846,3000,0.8192787
MINAUSDT,SELL,LIMIT,1702260740077,30000,0.8115215
MINAUSDT,SELL,LIMIT,1702260741294,4509,0.8180414
MINAUSDT,SELL,LIMIT,1702260742465,11587,0.8145280
MINAUSDT,SELL,LIMIT,1702260743656,1000,0.8184184
MINAUSDT,SELL,LIMIT,1702260744942,1230,0.8192866
MINAUSDT,SELL,LIMIT,1702260746019,151,0.8178856
MINAUSDT,SELL,LIMIT,1702260748614,1396,0.8529389
MINAUSDT,SELL,LIMIT,1702260749714,411,0.8246380
MINAUSDT,SELL,LIMIT,1702260750764,2208,0.8184797
MINAUSDT,SELL,LIMIT,1702260751767,171,0.8147677
MINAUSDT,SELL,LIMIT,1702260752825,24,0.8135636
MINAUSDT,SELL,LIMIT,1702260755807,856,0.8137217
MINAUSDT,SELL,LIMIT,1702260757603,60,0.8134308
MINAUSDT,SELL,LIMIT,1702260758739,20,0.8790664
MINAUSDT,SELL,LIMIT,1702260759837,85,0.8132416
MINAUSDT,SELL,LIMIT,1702260760864,1000,0.8125609
MINAUSDT,SELL,LIMIT,1702260762292,1367,0.8122527
MINAUSDT,SELL,LIMIT,1702260763652,234,0.8108396
MINAUSDT,SELL,LIMIT,1702260764755,14,0.8114739
MINAUSDT,SELL,LIMIT,1702260766140,27,0.8113008
MINAUSDT,SELL,LIMIT,1702260767152,14,0.8114144
MINAUSDT,SELL,LIMIT,1702260768197,1000,0.8208506
MINAUSDT,SELL,LIMIT,1702260769754,300,0.8363029
MINAUSDT,BUY,LIMIT,1702260770944,927,0.8172928
MINAUSDT,SELL,LIMIT,1702260772039,55,0.8099873
MINAUSDT,SELL,LIMIT,1702260773079,342,0.8098708
MINAUSDT,SELL,LIMIT,1702260774259,352,0.8088715
MINAUSDT,SELL,LIMIT,1702260775305,8047,0.8118698
MINAUSDT,SELL,LIMIT,1702260776511,601,0.8068548
MINAUSDT,SELL,LIMIT,1702260777609,9,0.8112896
MINAUSDT,SELL,LIMIT,1702260778794,22476,0.7981555
MINAUSDT,SELL,LIMIT,1702260780125,8620,0.8014350
MINAUSDT,SELL,LIMIT,1702260781455,878,0.8019985
MINAUSDT,SELL,LIMIT,1702260782471,3311,0.7995562
MINAUSDT,SELL,LIMIT,1702260783459,6120,0.7969654
MINAUSDT,SELL,LIMIT,1702260784705,476,0.7979906
MINAUSDT,SELL,LIMIT,1702260785713,41,0.7922080
MINAUSDT,SELL,LIMIT,1702260786770,18208,0.7895242
MINAUSDT,SELL,LIMIT,1702260788470,236,0.7935132
MINAUSDT,SELL,LIMIT,1702260789588,5903,1.2482078
MINAUSDT,SELL,LIMIT,1702260790613,87,0.7884628
MINAUSDT,SELL,LIMIT,1702260791704,121,0.7907373
MINAUSDT,SELL,LIMIT,1702260792760,160,0.7874167
MINAUSDT,SELL,LIMIT,1702260793865,3213,0.7868156
MINAUSDT,SELL,LIMIT,1702260794948,23,0.7851403
MINAUSDT,SELL,LIMIT,1702260796261,163,0.8087658
MINAUSDT,SELL,LIMIT,1702260797571,65221,0.7754046
MINAUSDT,SELL,LIMIT,1702260798895,2335,0.7828189
MINAUSDT,SELL,LIMIT,1702260800189,22568,0.7773273
MINAUSDT,SELL,LIMIT,1702260801316,1500,0.7805954
MINAUSDT,SELL,LIMIT,1702260802559,683,0.7820521
MINAUSDT,SELL,LIMIT,1702260803824,451,0.7803239
MINAUSDT,SELL,LIMIT,1702260804972,8,0.7812866
MINAUSDT,SELL,LIMIT,1702260806696,471,0.7812484
MINAUSDT,SELL,LIMIT,1702260807804,3036,0.7772947
MINAUSDT,SELL,LIMIT,1702260808946,5099,0.7775987
MINAUSDT,SELL,LIMIT,1702260809983,55,0.7755443
MINAUSDT,SELL,LIMIT,1702260811198,1,0.7699145
MINAUSDT,SELL,LIMIT,1702260812222,70,0.7690081
MINAUSDT,SELL,LIMIT,1702260813353,281,0.7678805
MINAUSDT,SELL,LIMIT,1702260814620,24,0.7684016
MINAUSDT,BUY,LIMIT,1702260816255,77,0.7952327
MINAUSDT,SELL,LIMIT,1702260818418,27,0.7713850
MINAUSDT,SELL,LIMIT,1702260819496,2400,0.7724081
MINAUSDT,BUY,LIMIT,1702260820666,1088,0.7958794
MINAUSDT,SELL,LIMIT,1702260831619,127,0.7766394
MINAUSDT,BUY,LIMIT,1702260839523,32,0.8053301
MINAUSDT,BUY,LIMIT,1702260844622,73,0.8072695
MINAUSDT,BUY,LIMIT,1702260849822,1121,0.8108762
MINAUSDT,BUY,LIMIT,1702260865647,167,0.8174419
MINAUSDT,BUY,LIMIT,1702260868628,1972,0.8203894
MINAUSDT,BUY,LIMIT,1702260876726,6,0.8178870
MINAUSDT,BUY,LIMIT,1702260909780,170,0.8237718
MINAUSDT,BUY,LIMIT,1702260922580,310,0.8303309
MINAUSDT,BUY,LIMIT,1702260938704,3157,0.8399580
MINAUSDT,BUY,LIMIT,1702260959752,243,0.8414841
MINAUSDT,SELL,LIMIT,1702260978277,1696,0.8113115
MINAUSDT,SELL,LIMIT,1702260981591,339,0.8058270
MINAUSDT,SELL,LIMIT,1702260984557,5964,0.8047639
MINAUSDT,SELL,LIMIT,1702260987136,603,0.8049791
MINAUSDT,SELL,LIMIT,1702260996326,3879,0.8038395
MINAUSDT,BUY,LIMIT,1702261199116,9375,0.8453522
MINAUSDT,BUY,LIMIT,1702261220229,4261,0.8444722
MINAUSDT,SELL,LIMIT,1702261252958,1233,0.8135661
MINAUSDT,BUY,LIMIT,1702261447636,20,0.8458532
MINAUSDT,BUY,LIMIT,1702261466496,60,0.8469803
MINAUSDT,SELL,LIMIT,1702261560802,1588,0.8143895
MINAUSDT,SELL,LIMIT,1702261582287,420,0.8138608
MINAUSDT,SELL,LIMIT,1702261596261,1505,0.8126459
MINAUSDT,SELL,LIMIT,1702261599749,2500,0.8111121
MINAUSDT,SELL,LIMIT,1702261600999,2065,0.8143299
MINAUSDT,SELL,LIMIT,1702261605412,9,0.8105089
MINAUSDT,SELL,LIMIT,1702261612346,605,0.8096970
MINAUSDT,SELL,LIMIT,1702261977754,396,0.8211773
MINAUSDT,SELL,LIMIT,1702262162820,1118,0.8226170
MINAUSDT,SELL,LIMIT,1702262232402,60,0.8188395
MINAUSDT,SELL,LIMIT,1702262234317,48,0.8179823
MINAUSDT,SELL,LIMIT,1702262522205,185,0.8136457
MINAUSDT,SELL,LIMIT,1702262526588,20,0.8132338
MINAUSDT,SELL,LIMIT,1702262560475,1539,0.8120590
MINAUSDT,SELL,LIMIT,1702262615562,143,0.8079767
MINAUSDT,SELL,LIMIT,1702262619283,120,0.8075494
MINAUSDT,SELL,LIMIT,1702262627171,331,0.8057755
MINAUSDT,BUY,LIMIT,1702262660590,1961,0.8336910
MINAUSDT,SELL,LIMIT,1702262873708,64,0.8066479
MINAUSDT,BUY,LIMIT,1702262913311,2,0.8352763
MINAUSDT,BUY,LIMIT,1702262914330,351,0.8356956
MINAUSDT,BUY,LIMIT,1702263120483,3914,0.8426892
MINAUSDT,BUY,LIMIT,1702263122104,384,0.8430547
MINAUSDT,BUY,LIMIT,1702263137633,288,0.8442381
MINAUSDT,BUY,LIMIT,1702263155180,420,0.8463616
MINAUSDT,BUY,LIMIT,1702263166505,1334,0.8475648
MINAUSDT,BUY,LIMIT,1702263168312,3006,0.8485006
MINAUSDT,BUY,LIMIT,1702263234492,1179,0.8503466
MINAUSDT,BUY,LIMIT,1702263250588,1,0.8505688
MINAUSDT,BUY,LIMIT,1702263628172,12,0.8464735
MINAUSDT,BUY,LIMIT,1702263643495,3,0.8485258
MINAUSDT,BUY,LIMIT,1702263815606,1945,0.8534280
MINAUSDT,BUY,LIMIT,1702263839450,50,0.8571470
MINAUSDT,BUY,LIMIT,1702263931165,61,0.8587363
MINAUSDT,BUY,LIMIT,1702263969128,494,0.8632254
MINAUSDT,SELL,LIMIT,1702264002283,16,0.8402810
MINAUSDT,BUY,LIMIT,1702264140414,3799,0.8720490
MINAUSDT,BUY,LIMIT,1702264180558,41,0.8713523
MINAUSDT,SELL,LIMIT,1702264245229,277,0.8415800
MINAUSDT,BUY,LIMIT,1702264474041,70,0.8733932
MINAUSDT,BUY,LIMIT,1702264487717,61,0.8748842
MINAUSDT,SELL,LIMIT,1702264806155,3231,0.8392404
MINAUSDT,SELL,LIMIT,1702265529294,1010,0.8396462
MINAUSDT,SELL,LIMIT,1702266762196,18,0.8411711
MINAUSDT,SELL,LIMIT,1702267105197,1500,0.8390203
MINAUSDT,SELL,LIMIT,1702268455578,721,0.8334528
MINAUSDT,SELL,LIMIT,1702268471371,1282,0.8320293
