Symbol,Side,Order Type,Time,Quantity,Price
MKRUSDT,BUY,LIMIT,1701068020904,0.024,1495.41
MKRUSDT,SELL,LIMIT,1701069534655,0.085,1468.54
MKRUSDT,SELL,LIMIT,1701069634468,0.503,1467.20
MKRUSDT,SELL,LIMIT,1701069887611,1.627,1466.08
MKRUSDT,SELL,LIMIT,1701069894565,2.000,1469.60
MKRUSDT,BUY,LIMIT,1701069983440,0.361,1489.84
MKRUSDT,SELL,LIMIT,1701070441221,1.273,1472.87
MKRUSDT,SELL,LIMIT,1701080857361,0.009,1479.57
MKRUSDT,SELL,LIMIT,1701081330260,0.174,1484.35
MKRUSDT,BUY,LIMIT,1701086566146,1.510,1521.55
MKRUSDT,BUY,LIMIT,1701086615252,1.172,1521.89
MKRUSDT,BUY,LIMIT,1701086642308,0.165,1520.54
MKRUSDT,SELL,LIMIT,1701087352279,0.097,1497.77
MKRUSDT,SELL,LIMIT,1701092632082,0.178,1477.93
MKRUSDT,SELL,LIMIT,1701093071265,0.568,1473.18
MKRUSDT,SELL,LIMIT,1701093073024,0.447,1472.64
MKRUSDT,SELL,LIMIT,1701093075229,0.351,1472.18
MKRUSDT,SELL,LIMIT,1701093137394,0.130,1468.78
MKRUSDT,SELL,LIMIT,1701094923927,0.019,1479.15
MKRUSDT,SELL,LIMIT,1701095530378,0.326,1483.04
MKRUSDT,SELL,LIMIT,1701097025491,0.013,1475.97
MKRUSDT,SELL,LIMIT,1701100238239,0.052,1469.83
MKRUSDT,SELL,LIMIT,1701100336079,0.001,1569.23
MKRUSDT,BUY,LIMIT,1701100542144,0.028,1477.53
MKRUSDT,SELL,LIMIT,1701100588959,193.715,1443.19
MKRUSDT,SELL,LIMIT,1701100590283,0.422,1467.84
MKRUSDT,SELL,LIMIT,1701100591376,0.339,1467.27
MKRUSDT,SELL,LIMIT,1701100597870,0.565,1466.51
MKRUSDT,SELL,LIMIT,1701100641274,0.686,1465.21
MKRUSDT,SELL,LIMIT,1701101016275,0.399,1462.53
MKRUSDT,SELL,LIMIT,1701101022158,0.048,1462.78
MKRUSDT,SELL,LIMIT,1701101024660,0.167,1462.02
MKRUSDT,BUY,LIMIT,1701105103191,0.350,1491.25
MKRUSDT,BUY,LIMIT,1701110647313,0.043,1483.54
MKRUSDT,SELL,LIMIT,1701111967309,3.361,1466.56
MKRUSDT,SELL,LIMIT,1701112055690,0.027,1464.96
MKRUSDT,SELL,LIMIT,1701114352850,0.037,1462.60
MKRUSDT,SELL,LIMIT,1701114461074,0.004,1461.33
MKRUSDT,SELL,LIMIT,1701114463321,1.595,1460.01
MKRUSDT,SELL,LIMIT,1701114465171,0.242,1459.89
MKRUSDT,SELL,LIMIT,1701114490125,3.312,1458.53
MKRUSDT,SELL,LIMIT,1701114493362,0.073,1457.95
MKRUSDT,SELL,LIMIT,1701114495052,0.023,1456.64
MKRUSDT,SELL,LIMIT,1701114496290,0.014,1456.65
MKRUSDT,SELL,LIMIT,1701114510154,0.395,1454.98
MKRUSDT,SELL,LIMIT,1701114513048,0.505,1454.95
MKRUSDT,SELL,LIMIT,1701114518455,0.374,1453.62
MKRUSDT,SELL,LIMIT,1701114519946,0.006,1452.75
MKRUSDT,SELL,LIMIT,1701114525811,0.671,1452.50
MKRUSDT,SELL,LIMIT,1701114530387,0.010,1452.70
MKRUSDT,SELL,LIMIT,1701114531913,0.184,1452.17
MKRUSDT,SELL,LIMIT,1701114542103,0.019,1452.10
MKRUSDT,SELL,LIMIT,1701116768648,0.748,1451.01
MKRUSDT,SELL,LIMIT,1701116769665,1.075,1450.55
MKRUSDT,SELL,LIMIT,1701116830734,0.010,1450.11
MKRUSDT,SELL,LIMIT,1701116993408,0.567,1449.20
MKRUSDT,SELL,LIMIT,1701116998178,0.062,1447.22
MKRUSDT,SELL,LIMIT,1701117190817,0.066,1446.56
MKRUSDT,BUY,LIMIT,1701117217394,0.076,1465.00
MKRUSDT,BUY,LIMIT,1701118459023,0.080,1472.73
MKRUSDT,BUY,LIMIT,1701119538914,0.400,1482.86
MKRUSDT,SELL,LIMIT,1701124723025,0.004,2699.55
MKRUSDT,BUY,LIMIT,1701131094715,0.478,1493.10
MKRUSDT,BUY,LIMIT,1701131718166,0.168,1493.08
MKRUSDT,SELL,LIMIT,1701136930504,0.142,1464.59
MKRUSDT,SELL,LIMIT,1701146059451,0.358,1453.80
MKRUSDT,SELL,LIMIT,1701147891409,0.004,1450.15
MKRUSDT,SELL,LIMIT,1701148008723,0.019,1448.29
MKRUSDT,SELL,LIMIT,1701148164793,0.039,1446.30
MKRUSDT,SELL,LIMIT,1701148167079,0.081,1445.33
MKRUSDT,SELL,LIMIT,1701148172177,0.473,1444.76
MKRUSDT,SELL,LIMIT,1701148173619,0.040,1444.30
MKRUSDT,SELL,LIMIT,1701148219430,0.187,1443.87
MKRUSDT,SELL,LIMIT,1701148221048,2.632,1443.71
MKRUSDT,SELL,LIMIT,1701148232600,1.080,1443.38
MKRUSDT,SELL,LIMIT,1701148238359,0.082,1442.67
MKRUSDT,SELL,LIMIT,1701149111485,1.215,1445.08
MKRUSDT,SELL,LIMIT,1701149771344,0.135,1445.88
MKRUSDT,BUY,LIMIT,1701149895583,0.018,1459.81
MKRUSDT,SELL,LIMIT,1701151263535,0.537,1442.50
MKRUSDT,SELL,LIMIT,1701151270763,0.306,1442.30
MKRUSDT,SELL,LIMIT,1701155536264,0.335,1447.38
MKRUSDT,SELL,LIMIT,1701156014920,0.035,1446.77
MKRUSDT,SELL,LIMIT,1701156566809,0.136,1442.36
MKRUSDT,BUY,LIMIT,1701169930725,0.014,1484.76
MKRUSDT,BUY,LIMIT,1701189660501,2.000,1493.82
MKRUSDT,BUY,LIMIT,1701189822121,2.549,1496.91
MKRUSDT,BUY,LIMIT,1701192142724,2.000,1495.23
MKRUSDT,SELL,LIMIT,1701196216223,0.014,1491.46
MKRUSDT,SELL,LIMIT,1701197442683,0.069,1468.91
MKRUSDT,BUY,LIMIT,1701197859832,0.066,1490.75
MKRUSDT,BUY,LIMIT,1701198999253,13.863,1502.85
MKRUSDT,BUY,LIMIT,1701200474717,0.100,1498.99
MKRUSDT,BUY,LIMIT,1701201098174,0.111,1501.22
MKRUSDT,BUY,LIMIT,1701201376346,0.062,1500.04
MKRUSDT,BUY,LIMIT,1701227347073,0.083,1497.70
MKRUSDT,BUY,LIMIT,1701229790265,0.023,1503.17
MKRUSDT,BUY,LIMIT,1701230881878,0.128,1510.47
MKRUSDT,BUY,LIMIT,1701232494331,0.453,1510.88
MKRUSDT,BUY,LIMIT,1701233524724,0.201,1515.94
MKRUSDT,BUY,LIMIT,1701234540683,0.032,1517.11
MKRUSDT,BUY,LIMIT,1701235466424,0.008,1522.99
MKRUSDT,BUY,LIMIT,1701235541229,0.089,1524.02
MKRUSDT,BUY,LIMIT,1701235551127,1.937,1525.11
MKRUSDT,BUY,LIMIT,1701235642083,0.231,1529.63
MKRUSDT,BUY,LIMIT,1701235682910,16.499,1535.80
MKRUSDT,BUY,LIMIT,1701235690573,0.125,1532.85
MKRUSDT,BUY,LIMIT,1701235694477,0.281,1534.11
MKRUSDT,BUY,LIMIT,1701235752200,1.406,1534.55
MKRUSDT,BUY,LIMIT,1701235756339,1.260,1534.64
MKRUSDT,BUY,LIMIT,1701235776874,0.034,1535.31
MKRUSDT,BUY,LIMIT,1701235780523,0.724,1535.59
MKRUSDT,BUY,LIMIT,1701235782780,0.156,1536.08
MKRUSDT,BUY,LIMIT,1701235812597,0.263,1537.63
MKRUSDT,BUY,LIMIT,1701235829741,0.331,1538.87
MKRUSDT,BUY,LIMIT,1701235831178,8.522,1543.44
MKRUSDT,BUY,LIMIT,1701235832341,0.013,1539.30
MKRUSDT,BUY,LIMIT,1701237615794,1.737,1537.22
MKRUSDT,BUY,LIMIT,1701238096387,4.314,1542.15
MKRUSDT,BUY,LIMIT,1701238320935,0.058,1541.22
MKRUSDT,BUY,LIMIT,1701238330979,0.152,1541.87
MKRUSDT,BUY,LIMIT,1701238377265,1.000,1543.40
MKRUSDT,BUY,LIMIT,1701238380177,0.014,1543.73
MKRUSDT,BUY,LIMIT,1701238381376,0.015,1543.61
MKRUSDT,BUY,LIMIT,1701238383627,0.132,1544.93
MKRUSDT,BUY,LIMIT,1701238389524,0.013,1545.34
MKRUSDT,BUY,LIMIT,1701238420377,0.063,1545.84
MKRUSDT,BUY,LIMIT,1701238449161,0.062,1546.82
MKRUSDT,BUY,LIMIT,1701238530096,0.065,1549.68
MKRUSDT,BUY,LIMIT,1701238596398,0.025,1550.58
MKRUSDT,BUY,LIMIT,1701238602191,0.070,1551.07
MKRUSDT,BUY,LIMIT,1701238603275,0.018,1552.49
MKRUSDT,BUY,LIMIT,1701238654333,2.450,1552.91
MKRUSDT,BUY,LIMIT,1701238655458,0.045,1553.85
MKRUSDT,BUY,LIMIT,1701241221027,1.024,1545.58
MKRUSDT,BUY,LIMIT,1701247359925,0.034,1546.32
MKRUSDT,BUY,LIMIT,1701248659549,0.133,1538.17
MKRUSDT,SELL,LIMIT,1701252998087,0.004,1511.47
MKRUSDT,SELL,LIMIT,1701253412138,0.023,1511.68
MKRUSDT,BUY,LIMIT,1701266442742,0.070,1549.85
MKRUSDT,BUY,LIMIT,1701266444368,0.500,1551.59
MKRUSDT,BUY,LIMIT,1701266686607,1.055,1550.43
MKRUSDT,BUY,LIMIT,1701266701403,0.004,1553.67
MKRUSDT,BUY,LIMIT,1701267230374,0.100,1555.20
MKRUSDT,SELL,LIMIT,1701269145113,0.014,1563.00
MKRUSDT,BUY,LIMIT,1701281403341,1.003,1549.14
MKRUSDT,SELL,LIMIT,1701283169722,0.019,1606.57
MKRUSDT,BUY,LIMIT,1701286905701,3.505,1556.53
MKRUSDT,BUY,LIMIT,1701286907225,0.841,1556.26
MKRUSDT,BUY,LIMIT,1701286937937,0.163,1557.10
MKRUSDT,BUY,LIMIT,1701286940103,1.655,1557.54
MKRUSDT,BUY,LIMIT,1701286972267,0.333,1558.32
MKRUSDT,BUY,LIMIT,1701287198732,1.666,1560.56
MKRUSDT,BUY,LIMIT,1701287200466,3.696,1562.49
MKRUSDT,BUY,LIMIT,1701287204400,0.022,1561.80
MKRUSDT,BUY,LIMIT,1701287240595,2.000,1563.58
MKRUSDT,BUY,LIMIT,1701287303029,0.250,1564.07
MKRUSDT,SELL,LIMIT,1701297701011,0.118,1531.80
MKRUSDT,SELL,LIMIT,1701298978341,3.236,1514.06
MKRUSDT,SELL,LIMIT,1701299742038,0.045,1512.27
MKRUSDT,SELL,LIMIT,1701299913086,0.204,1511.50
MKRUSDT,SELL,LIMIT,1701306429296,0.011,1514.74
MKRUSDT,BUY,LIMIT,1701321764073,0.657,1550.53
MKRUSDT,BUY,LIMIT,1701321798156,0.020,1555.70
MKRUSDT,BUY,LIMIT,1701321907314,1.131,1555.02
MKRUSDT,BUY,LIMIT,1701330938400,0.010,1551.15
MKRUSDT,BUY,LIMIT,1701348077188,0.549,1557.17
MKRUSDT,SELL,LIMIT,1701353013290,0.881,1519.24
MKRUSDT,SELL,LIMIT,1701355076669,0.038,1516.78
MKRUSDT,SELL,LIMIT,1701355078356,0.224,1514.61
MKRUSDT,SELL,LIMIT,1701355207320,3.031,1513.58
MKRUSDT,BUY,LIMIT,1701355900809,0.088,1529.11
MKRUSDT,BUY,LIMIT,1701394242227,0.400,1551.01
MKRUSDT,BUY,LIMIT,1701395533176,0.105,1555.51
MKRUSDT,BUY,LIMIT,1701395556274,0.068,1555.95
MKRUSDT,BUY,LIMIT,1701398095384,0.196,1549.30
MKRUSDT,BUY,LIMIT,1701398227981,1.000,1556.40
MKRUSDT,BUY,LIMIT,1701405515310,0.004,1558.56
MKRUSDT,BUY,LIMIT,1701406351942,1.056,1561.85
MKRUSDT,BUY,LIMIT,1701407360565,2.619,1567.70
MKRUSDT,BUY,LIMIT,1701407361579,0.829,1568.35
MKRUSDT,BUY,LIMIT,1701407366120,0.162,1570.59
MKRUSDT,BUY,LIMIT,1701407367734,1.186,1571.14
MKRUSDT,BUY,LIMIT,1701407418225,0.611,1571.59
MKRUSDT,BUY,LIMIT,1701407430750,0.155,1572.39
MKRUSDT,BUY,LIMIT,1701407493135,0.016,1573.49
MKRUSDT,BUY,LIMIT,1701407510957,0.455,1573.89
MKRUSDT,BUY,LIMIT,1701407654105,0.226,1574.30
MKRUSDT,BUY,LIMIT,1701407655402,0.477,1574.98
MKRUSDT,BUY,LIMIT,1701422223700,1.014,1551.53
MKRUSDT,BUY,LIMIT,1701422240260,0.060,1552.55
MKRUSDT,BUY,LIMIT,1701422247393,3.300,1551.54
MKRUSDT,BUY,LIMIT,1701424574489,0.441,1562.21
MKRUSDT,BUY,LIMIT,1701424930672,2.300,1562.01
MKRUSDT,BUY,LIMIT,1701441086114,0.411,1551.35
MKRUSDT,BUY,LIMIT,1701441842049,0.068,1548.52
MKRUSDT,SELL,LIMIT,1701444489282,0.012,1532.78
MKRUSDT,BUY,LIMIT,1701447384213,0.288,1533.59
MKRUSDT,BUY,LIMIT,1701447911841,0.393,1555.07
MKRUSDT,BUY,LIMIT,1701448432174,0.050,1552.96
MKRUSDT,BUY,LIMIT,1701448528137,3.042,1558.83
MKRUSDT,BUY,LIMIT,1701448533570,0.018,1558.90
MKRUSDT,SELL,LIMIT,1701460912074,0.101,1536.13
MKRUSDT,SELL,LIMIT,1701471277112,0.028,1532.19
MKRUSDT,BUY,LIMIT,1701485999788,0.033,1543.75
MKRUSDT,BUY,LIMIT,1701486002421,1.295,1545.46
MKRUSDT,BUY,LIMIT,1701486004353,0.325,1545.46
MKRUSDT,SELL,LIMIT,1701486006927,0.107,1641.00
MKRUSDT,BUY,LIMIT,1701497293458,0.048,1544.24
MKRUSDT,BUY,LIMIT,1701498235398,1.056,1543.53
MKRUSDT,BUY,LIMIT,1701508269133,0.031,1549.13
