Symbol,Side,Order Type,Time,Quantity,Price
MKRUSDT,BUY,LIMIT,1701923252097,0.133,1457.63
MKRUSDT,SELL,LIMIT,1701936051433,0.050,1458.64
MKRUSDT,SELL,LIMIT,1701941060740,0.502,1435.70
MKRUSDT,SELL,LIMIT,1701941176329,0.017,1433.41
MKRUSDT,SELL,LIMIT,1701941185502,0.843,1431.26
MKRUSDT,SELL,LIMIT,1701941189404,0.853,1430.27
MKRUSDT,SELL,LIMIT,1701941226968,1.000,1429.91
MKRUSDT,SELL,LIMIT,1701941236427,0.172,1439.10
MKRUSDT,SELL,LIMIT,1701947097223,2.468,1426.63
MKRUSDT,SELL,LIMIT,1701949850325,1.170,1412.34
MKRUSDT,BUY,LIMIT,1701953976591,0.001,1442.40
MKRUSDT,BUY,LIMIT,1701965886167,0.004,1456.94
MKRUSDT,BUY,LIMIT,1701966813658,0.868,1459.78
MKRUSDT,BUY,LIMIT,1701968186764,0.008,1431.91
MKRUSDT,SELL,LIMIT,1701984772134,0.146,1441.83
MKRUSDT,SELL,LIMIT,1701988352479,0.500,1438.68
MKRUSDT,BUY,LIMIT,1701992732576,0.013,1461.78
MKRUSDT,SELL,LIMIT,1701993905078,0.848,1443.85
MKRUSDT,BUY,LIMIT,1702005664969,0.137,1463.38
MKRUSDT,SELL,LIMIT,1702006881140,0.010,1448.24
MKRUSDT,SELL,LIMIT,1702007011916,0.101,1447.37
MKRUSDT,SELL,LIMIT,1702007096293,0.001,1446.64
MKRUSDT,SELL,LIMIT,1702022398125,3.003,1426.90
MKRUSDT,SELL,LIMIT,1702022503061,2.176,1425.20
MKRUSDT,SELL,LIMIT,1702022558174,0.020,1424.88
MKRUSDT,BUY,LIMIT,1702035174241,9.252,1463.34
MKRUSDT,BUY,LIMIT,1702035891526,4.000,1465.88
MKRUSDT,BUY,LIMIT,1702035958324,0.541,1462.92
MKRUSDT,SELL,LIMIT,1702037074754,0.004,1436.72
MKRUSDT,BUY,LIMIT,1702039288118,0.004,1454.96
MKRUSDT,BUY,LIMIT,1702042539223,0.403,1414.75
MKRUSDT,SELL,LIMIT,1702046268852,4.000,1431.73
MKRUSDT,BUY,LIMIT,1702048108127,0.008,1453.56
MKRUSDT,SELL,LIMIT,1702050848351,0.012,1422.29
MKRUSDT,SELL,LIMIT,1702051836764,1.034,1421.01
MKRUSDT,BUY,LIMIT,1702052161449,0.034,1444.17
MKRUSDT,SELL,LIMIT,1702055284552,0.020,1425.46
MKRUSDT,SELL,LIMIT,1702056279616,1.354,1423.11
MKRUSDT,SELL,LIMIT,1702056282877,0.012,1423.02
MKRUSDT,BUY,LIMIT,1702061458341,12.000,1450.10
MKRUSDT,BUY,LIMIT,1702065742957,0.021,1446.69
MKRUSDT,BUY,LIMIT,1702070522130,0.416,1450.72
MKRUSDT,BUY,LIMIT,1702070873734,0.009,1449.20
MKRUSDT,SELL,LIMIT,1702080982975,0.275,1443.58
MKRUSDT,BUY,LIMIT,1702081035605,0.200,1461.92
MKRUSDT,BUY,LIMIT,1702082094847,0.580,1464.27
MKRUSDT,BUY,LIMIT,1702082952365,0.039,1465.47
MKRUSDT,BUY,LIMIT,1702082957417,0.069,1465.53
MKRUSDT,SELL,LIMIT,1702082974938,0.155,1450.96
MKRUSDT,BUY,LIMIT,1702086534191,0.178,1462.50
MKRUSDT,BUY,LIMIT,1702091934127,0.100,1465.23
MKRUSDT,BUY,LIMIT,1702096002815,0.087,1472.03
MKRUSDT,BUY,LIMIT,1702096518693,0.212,1473.28
MKRUSDT,BUY,LIMIT,1702097690795,3.280,1478.12
MKRUSDT,BUY,LIMIT,1702098545722,1.116,1479.56
MKRUSDT,BUY,LIMIT,1702098570807,0.068,1479.71
MKRUSDT,BUY,LIMIT,1702098624071,0.500,1480.69
MKRUSDT,BUY,LIMIT,1702101205731,2.329,1480.95
MKRUSDT,BUY,LIMIT,1702101663551,9.058,1486.53
MKRUSDT,BUY,LIMIT,1702102356638,0.035,1480.10
MKRUSDT,BUY,LIMIT,1702103212393,1.157,1481.13
MKRUSDT,BUY,LIMIT,1702104086442,0.328,1486.48
MKRUSDT,BUY,LIMIT,1702104524137,0.589,1491.33
MKRUSDT,BUY,LIMIT,1702104606585,0.150,1493.10
MKRUSDT,SELL,LIMIT,1702107521626,0.127,1472.36
MKRUSDT,BUY,LIMIT,1702109101219,0.070,1492.65
MKRUSDT,BUY,LIMIT,1702109168284,0.819,1494.43
MKRUSDT,SELL,LIMIT,1702110549079,0.024,1471.50
MKRUSDT,SELL,LIMIT,1702110862151,0.015,1467.15
MKRUSDT,SELL,LIMIT,1702111028996,0.029,1454.45
MKRUSDT,SELL,LIMIT,1702111030117,0.168,1453.96
MKRUSDT,SELL,LIMIT,1702111035735,0.011,1453.07
MKRUSDT,SELL,LIMIT,1702111038482,2.475,1451.32
MKRUSDT,SELL,LIMIT,1702111042546,0.353,1449.15
MKRUSDT,SELL,LIMIT,1702111378262,0.105,1445.85
MKRUSDT,SELL,LIMIT,1702111381792,1.000,1444.10
MKRUSDT,SELL,LIMIT,1702111386470,0.200,1442.03
MKRUSDT,SELL,LIMIT,1702120231717,0.038,1437.78
MKRUSDT,SELL,LIMIT,1702132988543,0.531,1429.77
MKRUSDT,SELL,LIMIT,1702133005499,0.422,1426.17
MKRUSDT,SELL,LIMIT,1702133009693,1.059,1425.41
MKRUSDT,SELL,LIMIT,1702133399059,3.000,1425.00
MKRUSDT,SELL,LIMIT,1702139000711,0.260,1434.15
MKRUSDT,SELL,LIMIT,1702139124378,0.055,1437.23
MKRUSDT,SELL,LIMIT,1702141706917,0.050,1424.29
MKRUSDT,SELL,LIMIT,1702141759102,1.620,1422.37
MKRUSDT,SELL,LIMIT,1702141849436,0.990,1420.50
MKRUSDT,SELL,LIMIT,1702141852152,1.003,1419.97
MKRUSDT,SELL,LIMIT,1702141853258,0.071,1419.83
MKRUSDT,SELL,LIMIT,1702156368288,0.019,1421.46
MKRUSDT,SELL,LIMIT,1702164388188,0.176,1426.03
MKRUSDT,SELL,LIMIT,1702164506338,1.631,1425.60
MKRUSDT,SELL,LIMIT,1702164545009,0.006,1423.65
MKRUSDT,SELL,LIMIT,1702164578327,3.000,1423.93
MKRUSDT,SELL,LIMIT,1702164749670,0.096,1421.62
MKRUSDT,SELL,LIMIT,1702164800922,0.004,1418.84
MKRUSDT,SELL,LIMIT,1702164802734,0.044,1435.98
MKRUSDT,SELL,LIMIT,1702164806078,0.086,1426.18
MKRUSDT,SELL,LIMIT,1702164808469,3.456,1417.52
MKRUSDT,SELL,LIMIT,1702164811358,0.010,1416.95
MKRUSDT,SELL,LIMIT,1702164889489,0.261,1415.92
MKRUSDT,SELL,LIMIT,1702178701505,0.201,1419.54
MKRUSDT,SELL,LIMIT,1702179309641,0.190,1415.39
MKRUSDT,SELL,LIMIT,1702179320544,0.433,1414.86
MKRUSDT,SELL,LIMIT,1702179355233,1.521,1414.34
MKRUSDT,SELL,LIMIT,1702192776627,0.013,1413.37
MKRUSDT,SELL,LIMIT,1702192834960,2.005,1412.73
MKRUSDT,SELL,LIMIT,1702192868230,0.136,1412.18
MKRUSDT,SELL,LIMIT,1702192869566,0.023,1412.21
MKRUSDT,SELL,LIMIT,1702192871627,0.015,1410.60
MKRUSDT,SELL,LIMIT,1702192872655,0.004,1409.00
MKRUSDT,SELL,LIMIT,1702192874359,0.794,1406.85
MKRUSDT,SELL,LIMIT,1702192877127,0.124,1406.18
MKRUSDT,SELL,LIMIT,1702196164021,0.140,1406.14
MKRUSDT,SELL,LIMIT,1702196673507,0.582,1405.42
MKRUSDT,SELL,LIMIT,1702196715242,0.141,1404.33
MKRUSDT,SELL,LIMIT,1702196722479,1.718,1403.68
MKRUSDT,SELL,LIMIT,1702196723498,0.251,1402.03
MKRUSDT,SELL,LIMIT,1702196725359,0.138,1401.37
MKRUSDT,SELL,LIMIT,1702196726405,0.301,1401.04
MKRUSDT,SELL,LIMIT,1702196728079,1.932,1400.31
MKRUSDT,SELL,LIMIT,1702196804798,0.290,1402.20
MKRUSDT,SELL,LIMIT,1702197084188,0.031,1400.14
MKRUSDT,SELL,LIMIT,1702197088155,0.034,1399.78
MKRUSDT,SELL,LIMIT,1702197677411,0.115,1399.24
MKRUSDT,SELL,LIMIT,1702200644841,2.703,1406.37
MKRUSDT,SELL,LIMIT,1702201484806,0.047,1401.94
MKRUSDT,SELL,LIMIT,1702202267739,0.034,1399.32
MKRUSDT,SELL,LIMIT,1702202291381,2.151,1397.85
MKRUSDT,SELL,LIMIT,1702202292524,0.218,1396.99
MKRUSDT,SELL,LIMIT,1702202299145,3.487,1396.43
MKRUSDT,SELL,LIMIT,1702202300248,0.010,1396.01
MKRUSDT,SELL,LIMIT,1702202311899,3.000,1395.38
MKRUSDT,SELL,LIMIT,1702202318198,0.215,1395.16
MKRUSDT,SELL,LIMIT,1702202322525,0.072,1394.12
MKRUSDT,SELL,LIMIT,1702202324363,0.610,1394.00
MKRUSDT,SELL,LIMIT,1702202325389,3.331,1393.64
MKRUSDT,SELL,LIMIT,1702202346901,1.565,1392.45
MKRUSDT,SELL,LIMIT,1702202348944,0.037,1390.53
MKRUSDT,SELL,LIMIT,1702202351525,0.839,1390.00
MKRUSDT,SELL,LIMIT,1702202363363,16.785,1384.42
MKRUSDT,SELL,LIMIT,1702202365596,0.121,1388.63
MKRUSDT,SELL,LIMIT,1702202370673,1.173,1387.87
MKRUSDT,SELL,LIMIT,1702202371804,2.681,1387.42
MKRUSDT,SELL,LIMIT,1702202376591,1.763,1386.30
MKRUSDT,SELL,LIMIT,1702202377957,0.490,1386.14
MKRUSDT,SELL,LIMIT,1702202380131,0.122,1385.98
MKRUSDT,SELL,LIMIT,1702202381134,0.110,1385.99
MKRUSDT,SELL,LIMIT,1702202382489,0.389,1385.38
MKRUSDT,SELL,LIMIT,1702202387136,0.008,1383.95
MKRUSDT,SELL,LIMIT,1702202388313,0.092,1383.18
MKRUSDT,SELL,LIMIT,1702202395555,0.592,1382.68
MKRUSDT,SELL,LIMIT,1702211257434,0.091,1404.51
MKRUSDT,BUY,LIMIT,1702229082908,0.187,1428.46
MKRUSDT,BUY,LIMIT,1702233688388,0.706,1426.15
MKRUSDT,BUY,LIMIT,1702236186355,0.038,1426.30
MKRUSDT,SELL,LIMIT,1702236260178,0.354,1431.71
MKRUSDT,BUY,LIMIT,1702240742023,0.013,1433.14
MKRUSDT,SELL,LIMIT,1702256612964,3.286,1395.57
MKRUSDT,SELL,LIMIT,1702256663607,0.068,1390.91
MKRUSDT,SELL,LIMIT,1702256670487,1.881,1388.89
MKRUSDT,SELL,LIMIT,1702256917843,0.566,1388.94
MKRUSDT,SELL,LIMIT,1702256918956,2.098,1390.75
MKRUSDT,SELL,LIMIT,1702256930001,0.023,1388.98
MKRUSDT,SELL,LIMIT,1702256995047,0.143,1388.49
MKRUSDT,SELL,LIMIT,1702260318741,0.293,1395.14
MKRUSDT,SELL,LIMIT,1702260427219,0.013,1392.48
MKRUSDT,SELL,LIMIT,1702260429771,0.004,1390.51
MKRUSDT,SELL,LIMIT,1702260436094,0.940,1388.87
MKRUSDT,SELL,LIMIT,1702260439287,0.006,1387.77
MKRUSDT,SELL,LIMIT,1702260635259,0.554,1384.91
MKRUSDT,SELL,LIMIT,1702260637546,0.210,1381.94
MKRUSDT,SELL,LIMIT,1702260640088,0.006,1382.04
MKRUSDT,SELL,LIMIT,1702260641172,7.451,1379.27
MKRUSDT,SELL,LIMIT,1702260667205,0.541,1380.50
MKRUSDT,SELL,LIMIT,1702260668362,0.140,1380.04
MKRUSDT,SELL,LIMIT,1702260687352,0.627,1379.50
MKRUSDT,SELL,LIMIT,1702260689259,0.069,1378.36
MKRUSDT,SELL,LIMIT,1702260690271,0.212,1378.94
MKRUSDT,SELL,LIMIT,1702260698658,0.068,1376.75
MKRUSDT,SELL,LIMIT,1702260700235,0.013,1376.34
MKRUSDT,SELL,LIMIT,1702260705146,1.195,1375.69
MKRUSDT,SELL,LIMIT,1702260707252,0.015,1375.01
MKRUSDT,SELL,LIMIT,1702260710203,16.149,1369.92
MKRUSDT,SELL,LIMIT,1702260711454,3.614,1374.16
MKRUSDT,SELL,LIMIT,1702260713020,0.700,1374.17
MKRUSDT,SELL,LIMIT,1702260714191,0.029,1370.64
MKRUSDT,SELL,LIMIT,1702260715357,0.278,1370.75
MKRUSDT,SELL,LIMIT,1702260716692,0.020,1369.94
MKRUSDT,SELL,LIMIT,1702260717830,0.027,1369.41
MKRUSDT,SELL,LIMIT,1702260719203,2.010,1368.91
MKRUSDT,SELL,LIMIT,1702260721239,0.245,1368.08
MKRUSDT,SELL,LIMIT,1702260724634,1.046,1368.44
MKRUSDT,SELL,LIMIT,1702260727983,0.050,1366.89
MKRUSDT,SELL,LIMIT,1702260729506,0.118,1367.79
MKRUSDT,SELL,LIMIT,1702260730521,0.186,1366.17
MKRUSDT,SELL,LIMIT,1702260731658,5.000,1364.42
MKRUSDT,SELL,LIMIT,1702260733913,0.190,1367.70
MKRUSDT,SELL,LIMIT,1702260736393,0.313,1364.80
MKRUSDT,SELL,LIMIT,1702260738500,0.250,1364.72
MKRUSDT,SELL,LIMIT,1702260739693,0.236,1364.74
MKRUSDT,SELL,LIMIT,1702260741043,0.022,1362.65
MKRUSDT,SELL,LIMIT,1702260742098,2.236,1361.65
MKRUSDT,SELL,LIMIT,1702260743656,0.033,1361.14
MKRUSDT,SELL,LIMIT,1702260744705,0.152,1361.74
MKRUSDT,SELL,LIMIT,1702260745728,3.529,1358.18
MKRUSDT,SELL,LIMIT,1702260746887,1.000,1358.86
MKRUSDT,SELL,LIMIT,1702260747891,0.545,1378.17
MKRUSDT,SELL,LIMIT,1702260749539,0.282,1362.55
MKRUSDT,SELL,LIMIT,1702260751486,4.743,1353.38
MKRUSDT,SELL,LIMIT,1702260752626,0.004,1355.42
MKRUSDT,SELL,LIMIT,1702260753708,0.094,1353.14
MKRUSDT,SELL,LIMIT,1702260755646,2.090,1353.47
MKRUSDT,SELL,LIMIT,1702260757052,1.350,1351.99
MKRUSDT,SELL,LIMIT,1702260758595,0.339,1349.56
MKRUSDT,SELL,LIMIT,1702260759612,0.020,1350.33
MKRUSDT,SELL,LIMIT,1702260760609,0.014,1349.48
MKRUSDT,SELL,LIMIT,1702260761700,0.378,1347.12
MKRUSDT,SELL,LIMIT,1702260762862,0.014,1346.46
MKRUSDT,SELL,LIMIT,1702260763974,0.088,1352.74
MKRUSDT,SELL,LIMIT,1702260764994,1.086,1345.25
MKRUSDT,SELL,LIMIT,1702260766715,0.008,1344.03
MKRUSDT,SELL,LIMIT,1702260767788,0.500,1341.81
MKRUSDT,SELL,LIMIT,1702260768878,0.099,1341.81
MKRUSDT,SELL,LIMIT,1702260769869,5.000,1335.90
MKRUSDT,SELL,LIMIT,1702260770994,0.330,1337.28
MKRUSDT,SELL,LIMIT,1702260772058,0.046,1337.26
MKRUSDT,SELL,LIMIT,1702260773668,0.713,1332.26
MKRUSDT,SELL,LIMIT,1702260774685,0.567,1329.97
MKRUSDT,SELL,LIMIT,1702260775747,1.015,1337.34
MKRUSDT,SELL,LIMIT,1702260776917,0.008,1327.93
MKRUSDT,SELL,LIMIT,1702260778161,0.068,1328.03
MKRUSDT,SELL,LIMIT,1702260779212,0.008,1325.00
MKRUSDT,SELL,LIMIT,1702260780323,0.008,1324.66
MKRUSDT,SELL,LIMIT,1702260781357,0.112,1324.20
MKRUSDT,SELL,LIMIT,1702260782376,2.283,1341.43
MKRUSDT,SELL,LIMIT,1702260783447,0.556,1319.35
MKRUSDT,SELL,LIMIT,1702260784561,15.540,1315.33
MKRUSDT,SELL,LIMIT,1702260785639,0.010,1314.99
MKRUSDT,SELL,LIMIT,1702260786684,1.619,1314.87
MKRUSDT,SELL,LIMIT,1702260787704,0.616,1312.31
MKRUSDT,SELL,LIMIT,1702260788771,1.393,1309.72
MKRUSDT,SELL,LIMIT,1702260789775,5.093,1301.38
MKRUSDT,SELL,LIMIT,1702260790863,0.099,1297.61
MKRUSDT,SELL,LIMIT,1702260791883,0.198,1297.90
MKRUSDT,SELL,LIMIT,1702260792946,0.999,1286.77
MKRUSDT,SELL,LIMIT,1702260793969,0.523,1283.96
MKRUSDT,SELL,LIMIT,1702260794996,0.789,1278.22
MKRUSDT,SELL,LIMIT,1702260796052,1.500,1274.17
MKRUSDT,SELL,LIMIT,1702260797067,0.379,1272.79
MKRUSDT,SELL,LIMIT,1702260798226,0.022,1270.71
MKRUSDT,BUY,LIMIT,1702260799279,0.148,1286.88
MKRUSDT,SELL,LIMIT,1702260800311,0.463,1270.17
MKRUSDT,SELL,LIMIT,1702260801404,0.079,1270.11
MKRUSDT,SELL,LIMIT,1702260803037,0.100,1270.71
MKRUSDT,SELL,LIMIT,1702260804074,0.373,1267.81
MKRUSDT,SELL,LIMIT,1702260805403,0.398,1267.49
MKRUSDT,SELL,LIMIT,1702260806497,0.010,1267.97
MKRUSDT,SELL,LIMIT,1702260807500,0.237,1266.29
MKRUSDT,SELL,LIMIT,1702260808631,0.098,1270.31
MKRUSDT,SELL,LIMIT,1702260809645,0.694,1270.31
MKRUSDT,SELL,LIMIT,1702260811578,0.043,1272.71
MKRUSDT,SELL,LIMIT,1702260812739,0.026,1269.44
MKRUSDT,SELL,LIMIT,1702260814160,0.018,1269.98
MKRUSDT,SELL,LIMIT,1702260815261,0.139,1271.78
MKRUSDT,SELL,LIMIT,1702260817773,0.864,1274.04
MKRUSDT,SELL,LIMIT,1702260820532,2.119,1271.74
MKRUSDT,BUY,LIMIT,1702260821816,0.012,1287.05
MKRUSDT,SELL,LIMIT,1702260823279,1.038,1271.26
MKRUSDT,SELL,LIMIT,1702260825172,0.067,1265.19
MKRUSDT,SELL,LIMIT,1702260828227,1.952,1265.94
MKRUSDT,SELL,LIMIT,1702260831168,10.335,1260.27
MKRUSDT,SELL,LIMIT,1702260832209,0.375,1264.56
MKRUSDT,SELL,LIMIT,1702260834489,0.292,1269.62
MKRUSDT,BUY,LIMIT,1702260847873,0.347,1292.58
MKRUSDT,BUY,LIMIT,1702260856058,0.003,1298.84
MKRUSDT,BUY,LIMIT,1702260933395,0.379,1317.49
MKRUSDT,BUY,LIMIT,1702260945574,0.006,1321.58
MKRUSDT,SELL,LIMIT,1702260988600,3.000,1294.69
MKRUSDT,BUY,LIMIT,1702262023102,0.485,1360.13
MKRUSDT,SELL,LIMIT,1702262615563,0.089,1331.57
MKRUSDT,BUY,LIMIT,1702263935154,0.018,1350.08
MKRUSDT,BUY,LIMIT,1702267520213,0.004,1351.67
