Symbol,Side,Order Type,Time,Quantity,Price
MTLUSDT,SELL,LIMIT,1701939975912,718,1.6275
MTLUSDT,SELL,LIMIT,1701940561266,410,1.6138
MTLUSDT,SELL,LIMIT,1701940562541,6303,1.6063
MTLUSDT,SELL,LIMIT,1701940568258,29,1.6092
MTLUSDT,SELL,LIMIT,1701941247018,4,1.5943
MTLUSDT,SELL,LIMIT,1701941290763,157,1.5909
MTLUSDT,BUY,LIMIT,1701953976591,1,1.6884
MTLUSDT,BUY,LIMIT,1701968152791,6,1.7233
MTLUSDT,BUY,LIMIT,1701984766429,58,1.7238
MTLUSDT,BUY,LIMIT,1702015666314,1494,1.7594
MTLUSDT,BUY,LIMIT,1702051957622,35,1.7839
MTLUSDT,BUY,LIMIT,1702064195892,24,1.7797
MTLUSDT,BUY,LIMIT,1702068652527,3,1.7957
MTLUSDT,BUY,LIMIT,1702068721016,29,1.7973
MTLUSDT,BUY,LIMIT,1702071019103,368,1.7997
MTLUSDT,BUY,LIMIT,1702078177083,1591,1.7930
MTLUSDT,BUY,LIMIT,1702081781454,3,1.7967
MTLUSDT,SELL,LIMIT,1702091221350,233,1.7183
MTLUSDT,BUY,LIMIT,1702105689350,135,1.8184
MTLUSDT,SELL,LIMIT,1702110993229,135,1.7169
MTLUSDT,SELL,LIMIT,1702111040450,281,1.7105
MTLUSDT,SELL,LIMIT,1702111044845,210,1.7083
MTLUSDT,SELL,LIMIT,1702111048368,35,1.7050
MTLUSDT,SELL,LIMIT,1702111387186,24,1.6960
MTLUSDT,SELL,LIMIT,1702132465394,5713,1.7291
MTLUSDT,SELL,LIMIT,1702139151473,56,1.7171
MTLUSDT,SELL,LIMIT,1702164161954,30,1.7105
MTLUSDT,SELL,LIMIT,1702164750119,180,1.7147
MTLUSDT,SELL,LIMIT,1702164752300,38,1.6937
MTLUSDT,SELL,LIMIT,1702164808364,8,1.6938
MTLUSDT,SELL,LIMIT,1702200286083,378,1.6874
MTLUSDT,SELL,LIMIT,1702200503475,65,1.6805
MTLUSDT,SELL,LIMIT,1702200618464,168,1.6781
MTLUSDT,SELL,LIMIT,1702200726469,157,1.6774
MTLUSDT,SELL,LIMIT,1702200767418,11,1.6714
MTLUSDT,SELL,LIMIT,1702200874389,11,1.6704
MTLUSDT,SELL,LIMIT,1702200884100,706,1.6689
MTLUSDT,SELL,LIMIT,1702200891358,142,1.6652
MTLUSDT,SELL,LIMIT,1702200897828,57,1.6634
MTLUSDT,SELL,LIMIT,1702201317612,155,1.6605
MTLUSDT,SELL,LIMIT,1702202054644,39,1.6562
MTLUSDT,SELL,LIMIT,1702202102597,10,1.6525
MTLUSDT,SELL,LIMIT,1702202251058,141,1.6512
MTLUSDT,SELL,LIMIT,1702202253402,28,1.6511
MTLUSDT,SELL,LIMIT,1702202277071,1,1.6483
MTLUSDT,SELL,LIMIT,1702256457463,14,1.6676
MTLUSDT,SELL,LIMIT,1702256908658,727,1.6495
MTLUSDT,SELL,LIMIT,1702256916413,1611,1.6461
MTLUSDT,SELL,LIMIT,1702260440415,15,1.6322
MTLUSDT,SELL,LIMIT,1702260441679,499,1.6302
MTLUSDT,SELL,LIMIT,1702260444120,82,1.6280
MTLUSDT,SELL,LIMIT,1702260626776,527,1.6341
MTLUSDT,SELL,LIMIT,1702260628806,340,1.6341
MTLUSDT,BUY,LIMIT,1702260631690,58,1.6957
MTLUSDT,SELL,LIMIT,1702260634597,143,1.6273
MTLUSDT,SELL,LIMIT,1702260637003,4028,1.6235
MTLUSDT,SELL,LIMIT,1702260668141,161,1.6249
MTLUSDT,SELL,LIMIT,1702260688687,2358,1.6247
MTLUSDT,SELL,LIMIT,1702260691708,21,1.6235
MTLUSDT,SELL,LIMIT,1702260694610,84,1.6234
MTLUSDT,SELL,LIMIT,1702260695975,562,1.6227
MTLUSDT,SELL,LIMIT,1702260700420,47,1.6207
MTLUSDT,SELL,LIMIT,1702260708287,79,1.6251
MTLUSDT,SELL,LIMIT,1702260710289,3,1.6167
MTLUSDT,SELL,LIMIT,1702260714973,2808,1.6158
MTLUSDT,SELL,LIMIT,1702260716789,849,1.6138
MTLUSDT,SELL,LIMIT,1702260718091,33,1.6119
MTLUSDT,SELL,LIMIT,1702260719438,198,1.6095
MTLUSDT,SELL,LIMIT,1702260721504,90,1.6087
MTLUSDT,SELL,LIMIT,1702260723479,585,1.6049
MTLUSDT,SELL,LIMIT,1702260730224,584,1.6037
MTLUSDT,SELL,LIMIT,1702260731258,178,1.6080
MTLUSDT,SELL,LIMIT,1702260733597,87,1.6029
MTLUSDT,SELL,LIMIT,1702260735827,20,1.6020
MTLUSDT,SELL,LIMIT,1702260737630,40,1.6021
MTLUSDT,SELL,LIMIT,1702260740383,269,1.6010
MTLUSDT,SELL,LIMIT,1702260742764,2915,1.6010
MTLUSDT,SELL,LIMIT,1702260744645,2500,1.5992
MTLUSDT,SELL,LIMIT,1702260747542,253,1.5958
MTLUSDT,SELL,LIMIT,1702260748779,968,1.5948
MTLUSDT,SELL,LIMIT,1702260749818,1742,1.5935
MTLUSDT,SELL,LIMIT,1702260750862,59,1.5935
MTLUSDT,SELL,LIMIT,1702260752208,2845,1.5930
MTLUSDT,SELL,LIMIT,1702260753307,40,1.5922
MTLUSDT,SELL,LIMIT,1702260754709,2229,1.5869
MTLUSDT,SELL,LIMIT,1702260757454,4730,1.5775
MTLUSDT,SELL,LIMIT,1702260758521,20,1.5781
MTLUSDT,SELL,LIMIT,1702260760180,12,1.5770
MTLUSDT,SELL,LIMIT,1702260761393,6181,1.5611
MTLUSDT,SELL,LIMIT,1702260762690,4,1.5541
MTLUSDT,SELL,LIMIT,1702260764945,28,1.5584
MTLUSDT,SELL,LIMIT,1702260766652,347,1.5533
MTLUSDT,SELL,LIMIT,1702260768636,5,1.5405
MTLUSDT,SELL,LIMIT,1702260769615,1087,1.5566
MTLUSDT,SELL,LIMIT,1702260770747,64,1.5547
MTLUSDT,SELL,LIMIT,1702260771864,9,1.5430
MTLUSDT,SELL,LIMIT,1702260773289,137,1.5571
MTLUSDT,SELL,LIMIT,1702260774471,9,1.5395
MTLUSDT,SELL,LIMIT,1702260775733,63,1.5376
MTLUSDT,SELL,LIMIT,1702260776868,4,1.5336
MTLUSDT,SELL,LIMIT,1702260778509,2437,1.5879
MTLUSDT,SELL,LIMIT,1702260780472,140,1.5340
MTLUSDT,SELL,LIMIT,1702260781742,10936,1.5188
MTLUSDT,SELL,LIMIT,1702260783494,545,1.5142
MTLUSDT,SELL,LIMIT,1702260784626,174,1.5210
MTLUSDT,SELL,LIMIT,1702260785878,153,1.5130
MTLUSDT,SELL,LIMIT,1702260787433,29,1.5138
MTLUSDT,SELL,LIMIT,1702260788470,515,1.5098
MTLUSDT,SELL,LIMIT,1702260789576,28838,1.4802
MTLUSDT,SELL,LIMIT,1702260790698,304,1.4980
MTLUSDT,SELL,LIMIT,1702260791952,26,1.4965
MTLUSDT,SELL,LIMIT,1702260793105,250,1.4962
MTLUSDT,SELL,LIMIT,1702260794592,103,1.4932
MTLUSDT,BUY,LIMIT,1702260796289,11,1.5454
MTLUSDT,SELL,LIMIT,1702260797536,526,1.4893
MTLUSDT,SELL,LIMIT,1702260798838,4,1.4889
MTLUSDT,SELL,LIMIT,1702260800239,78,1.4799
MTLUSDT,SELL,LIMIT,1702260801277,13,1.4691
MTLUSDT,SELL,LIMIT,1702260802513,2,1.4729
MTLUSDT,SELL,LIMIT,1702260803536,7507,1.4661
MTLUSDT,SELL,LIMIT,1702260804616,207,1.4634
MTLUSDT,SELL,LIMIT,1702260805641,55,1.4591
MTLUSDT,SELL,LIMIT,1702260807398,1550,1.4577
MTLUSDT,SELL,LIMIT,1702260809564,223,1.4579
MTLUSDT,SELL,LIMIT,1702260810775,532,1.4615
MTLUSDT,SELL,LIMIT,1702260812222,193,1.4543
MTLUSDT,SELL,LIMIT,1702260813486,1914,1.4587
MTLUSDT,SELL,LIMIT,1702260814677,4,1.4551
MTLUSDT,SELL,LIMIT,1702260816241,1139,1.4666
MTLUSDT,SELL,LIMIT,1702260818005,68,1.4587
MTLUSDT,SELL,LIMIT,1702260821268,160,1.4473
MTLUSDT,SELL,LIMIT,1702260822573,509,1.4450
MTLUSDT,SELL,LIMIT,1702260826504,50,1.4622
MTLUSDT,BUY,LIMIT,1702260840392,34,1.5386
MTLUSDT,SELL,LIMIT,1702262615563,75,1.5368
