Symbol,Side,Order Type,Time,Quantity,Price
NEARUSDT,SELL,LIMIT,1701915012438,3,2.2282
NEARUSDT,SELL,LIMIT,1701917864596,264,2.2316
NEARUSDT,SELL,LIMIT,1701918373905,601,2.2272
NEARUSDT,BUY,LIMIT,1701922919634,4,2.3626
NEARUSDT,BUY,LIMIT,1701923042011,108,2.3684
NEARUSDT,BUY,LIMIT,1701923568190,477,2.3762
NEARUSDT,BUY,LIMIT,1701923630016,845,2.3781
NEARUSDT,BUY,LIMIT,1701923814239,70,2.3867
NEARUSDT,BUY,LIMIT,1701923988118,3,2.3937
NEARUSDT,BUY,LIMIT,1701924043266,317,2.4031
NEARUSDT,BUY,LIMIT,1701924122232,121,2.4092
NEARUSDT,BUY,LIMIT,1701924162798,54,2.4120
NEARUSDT,BUY,LIMIT,1701925970321,106,2.3951
NEARUSDT,SELL,LIMIT,1701929351783,47,2.2997
NEARUSDT,SELL,LIMIT,1701930713886,727,2.2909
NEARUSDT,SELL,LIMIT,1701932559171,10,2.2779
NEARUSDT,SELL,LIMIT,1701933494556,24,2.2717
NEARUSDT,SELL,LIMIT,1701934573259,250,2.2649
NEARUSDT,SELL,LIMIT,1701935738152,92,2.2630
NEARUSDT,SELL,LIMIT,1701936885249,594,2.2633
NEARUSDT,SELL,LIMIT,1701936912776,20,2.2626
NEARUSDT,SELL,LIMIT,1701936980450,86,2.2561
NEARUSDT,SELL,LIMIT,1701937709717,20,2.2487
NEARUSDT,SELL,LIMIT,1701937711695,156,2.2477
NEARUSDT,SELL,LIMIT,1701937825017,14,2.2450
NEARUSDT,SELL,LIMIT,1701939114105,70,2.2409
NEARUSDT,SELL,LIMIT,1701939524131,57,2.2325
NEARUSDT,SELL,LIMIT,1701939547383,128,2.2318
NEARUSDT,SELL,LIMIT,1701939550819,449,2.2311
NEARUSDT,SELL,LIMIT,1701939570419,33,2.2298
NEARUSDT,SELL,LIMIT,1701939951449,602,2.2349
NEARUSDT,SELL,LIMIT,1701939985436,1000,2.2324
NEARUSDT,SELL,LIMIT,1701940006253,25,2.2301
NEARUSDT,SELL,LIMIT,1701940027722,37,2.2277
NEARUSDT,SELL,LIMIT,1701940048437,44,2.2271
NEARUSDT,SELL,LIMIT,1701940522807,4244,2.2281
NEARUSDT,SELL,LIMIT,1701940525348,9,2.2277
NEARUSDT,SELL,LIMIT,1701940540132,3,2.2270
NEARUSDT,SELL,LIMIT,1701940554403,761,2.2291
NEARUSDT,SELL,LIMIT,1701940560129,20,2.2235
NEARUSDT,SELL,LIMIT,1701940561712,2324,2.2228
NEARUSDT,SELL,LIMIT,1701940563235,37,2.2212
NEARUSDT,SELL,LIMIT,1701940569349,51,2.2190
NEARUSDT,SELL,LIMIT,1701941013965,11,2.2195
NEARUSDT,SELL,LIMIT,1701941052623,5,2.2174
NEARUSDT,SELL,LIMIT,1701941074296,82,2.2140
NEARUSDT,SELL,LIMIT,1701941110909,127,2.2134
NEARUSDT,SELL,LIMIT,1701941151034,500,2.2094
NEARUSDT,SELL,LIMIT,1701941154314,4143,2.2091
NEARUSDT,SELL,LIMIT,1701941160161,668,2.2066
NEARUSDT,SELL,LIMIT,1701941161488,16,2.2039
NEARUSDT,SELL,LIMIT,1701941164620,29,2.2037
NEARUSDT,SELL,LIMIT,1701941174193,114,2.2008
NEARUSDT,SELL,LIMIT,1701941180634,4397,2.2008
NEARUSDT,SELL,LIMIT,1701941182651,30,2.1983
NEARUSDT,SELL,LIMIT,1701941185659,368,2.1976
NEARUSDT,SELL,LIMIT,1701941188347,36,2.1961
NEARUSDT,SELL,LIMIT,1701941189788,182,2.2041
NEARUSDT,SELL,LIMIT,1701941193290,68,2.1938
NEARUSDT,SELL,LIMIT,1701941218724,956,2.1950
NEARUSDT,SELL,LIMIT,1701941225764,10,2.1946
NEARUSDT,SELL,LIMIT,1701941234348,153,2.1938
NEARUSDT,SELL,LIMIT,1701941236345,4,2.1930
NEARUSDT,SELL,LIMIT,1701941239297,10,2.1906
NEARUSDT,SELL,LIMIT,1701941245712,22,2.1912
NEARUSDT,SELL,LIMIT,1701941247090,7,2.1877
NEARUSDT,BUY,LIMIT,1701941588242,223,2.2782
NEARUSDT,BUY,LIMIT,1701942178307,26,2.2964
NEARUSDT,BUY,LIMIT,1701942506268,44,2.3069
NEARUSDT,SELL,LIMIT,1701943624462,14,2.2331
NEARUSDT,SELL,LIMIT,1701944184261,1230,2.2285
NEARUSDT,SELL,LIMIT,1701944410380,33,2.2282
NEARUSDT,SELL,LIMIT,1701946353038,7,2.2092
NEARUSDT,SELL,LIMIT,1701946481125,3,2.2051
NEARUSDT,BUY,LIMIT,1701947851155,2369,2.2812
NEARUSDT,BUY,LIMIT,1701951259562,2231,2.2856
NEARUSDT,SELL,LIMIT,1701953668152,88,2.2182
NEARUSDT,BUY,LIMIT,1701953976591,1,2.2847
NEARUSDT,SELL,LIMIT,1701954509072,96,2.2169
NEARUSDT,SELL,LIMIT,1701954659175,4416,2.2122
NEARUSDT,SELL,LIMIT,1701954660327,91,2.2105
NEARUSDT,SELL,LIMIT,1701954782238,988,2.2105
NEARUSDT,SELL,LIMIT,1701954928098,3,2.2058
NEARUSDT,SELL,LIMIT,1701954929135,4444,2.2056
NEARUSDT,BUY,LIMIT,1701955690132,328,2.2843
NEARUSDT,SELL,LIMIT,1701957078929,22,2.2009
NEARUSDT,BUY,LIMIT,1701959636951,28,2.2876
NEARUSDT,BUY,LIMIT,1701961331232,137,2.2958
NEARUSDT,BUY,LIMIT,1701962511248,205,2.3030
NEARUSDT,BUY,LIMIT,1701962552274,6,2.3079
NEARUSDT,BUY,LIMIT,1701962904189,50,2.3212
NEARUSDT,BUY,LIMIT,1701962907476,85,2.3213
NEARUSDT,BUY,LIMIT,1701962909197,1234,2.3223
NEARUSDT,BUY,LIMIT,1701963000220,8,2.3243
NEARUSDT,BUY,LIMIT,1701963002087,222,2.3248
NEARUSDT,BUY,LIMIT,1701963041218,226,2.3295
NEARUSDT,BUY,LIMIT,1701963699941,135,2.3328
NEARUSDT,SELL,LIMIT,1701963968663,130,2.2465
NEARUSDT,SELL,LIMIT,1701964516608,88,2.2403
NEARUSDT,SELL,LIMIT,1701964898172,217,2.2334
NEARUSDT,SELL,LIMIT,1701964907149,48,2.2314
NEARUSDT,SELL,LIMIT,1701964915537,30,2.2312
NEARUSDT,SELL,LIMIT,1701964924094,51,2.2306
NEARUSDT,SELL,LIMIT,1701964925268,641,2.2299
NEARUSDT,SELL,LIMIT,1701964929085,53,2.2288
NEARUSDT,BUY,LIMIT,1701965323116,33,2.2940
NEARUSDT,SELL,LIMIT,1701965376394,63,2.2256
NEARUSDT,BUY,LIMIT,1701966410560,1204,2.3200
NEARUSDT,BUY,LIMIT,1701966451173,547,2.3221
NEARUSDT,BUY,LIMIT,1701966810278,1722,2.3241
NEARUSDT,BUY,LIMIT,1701966878387,651,2.3318
NEARUSDT,SELL,LIMIT,1701967652888,125,2.2552
NEARUSDT,BUY,LIMIT,1701967803314,9404,2.3499
NEARUSDT,BUY,LIMIT,1701967844551,2088,2.3405
NEARUSDT,BUY,LIMIT,1701968171920,590,2.3479
NEARUSDT,BUY,LIMIT,1701968180173,29,2.3487
NEARUSDT,BUY,LIMIT,1701968403783,536,2.3490
NEARUSDT,BUY,LIMIT,1701968410902,4375,2.3511
NEARUSDT,SELL,LIMIT,1701968551703,29,2.2690
NEARUSDT,BUY,LIMIT,1701968979694,9,2.3458
NEARUSDT,BUY,LIMIT,1701969246089,3,2.3542
NEARUSDT,BUY,LIMIT,1701969251181,428,2.3545
NEARUSDT,BUY,LIMIT,1701969264094,2235,2.3559
NEARUSDT,BUY,LIMIT,1701970176871,490,2.3523
NEARUSDT,BUY,LIMIT,1701970181767,233,2.3563
NEARUSDT,SELL,LIMIT,1701970718468,43,2.2723
NEARUSDT,SELL,LIMIT,1701971003523,3,2.2582
NEARUSDT,SELL,LIMIT,1701971017392,906,2.2551
NEARUSDT,SELL,LIMIT,1701972548318,4370,2.2404
NEARUSDT,SELL,LIMIT,1701972781319,820,2.2357
NEARUSDT,SELL,LIMIT,1701972783343,87,2.2349
NEARUSDT,SELL,LIMIT,1701972807290,118,2.2339
NEARUSDT,SELL,LIMIT,1701972891791,220,2.2331
NEARUSDT,SELL,LIMIT,1701972943244,3,2.2306
NEARUSDT,SELL,LIMIT,1701972949075,1092,2.2297
NEARUSDT,SELL,LIMIT,1701974154107,566,2.2267
NEARUSDT,SELL,LIMIT,1701974245940,110,2.2228
NEARUSDT,SELL,LIMIT,1701974304857,9,2.2203
NEARUSDT,SELL,LIMIT,1701974582883,221,2.2174
NEARUSDT,SELL,LIMIT,1701974682040,18,2.2146
NEARUSDT,SELL,LIMIT,1701974761423,54,2.2126
NEARUSDT,SELL,LIMIT,1701975889379,217,2.2094
NEARUSDT,SELL,LIMIT,1701976276093,1167,2.2047
NEARUSDT,SELL,LIMIT,1701976280575,1457,2.2030
NEARUSDT,SELL,LIMIT,1701976365617,992,2.2005
NEARUSDT,SELL,LIMIT,1701976456155,500,2.1990
NEARUSDT,SELL,LIMIT,1701976680098,18,2.1973
NEARUSDT,SELL,LIMIT,1701976819433,872,2.1929
NEARUSDT,SELL,LIMIT,1701976871782,238,2.1909
NEARUSDT,SELL,LIMIT,1701977167547,304,2.1892
NEARUSDT,SELL,LIMIT,1701977182180,38,2.1866
NEARUSDT,SELL,LIMIT,1701977183382,131,2.1861
NEARUSDT,SELL,LIMIT,1701977273314,13059,2.1710
NEARUSDT,SELL,LIMIT,1701977295340,8,2.1842
NEARUSDT,SELL,LIMIT,1701977297026,1388,2.1836
NEARUSDT,SELL,LIMIT,1701977334324,175,2.1820
NEARUSDT,SELL,LIMIT,1701978239650,82,2.1854
NEARUSDT,SELL,LIMIT,1701978295097,1479,2.1818
NEARUSDT,SELL,LIMIT,1701978300100,16,2.1811
NEARUSDT,SELL,LIMIT,1701981501219,44,2.1875
NEARUSDT,BUY,LIMIT,1701982662699,4492,2.2731
NEARUSDT,BUY,LIMIT,1701983872058,314,2.2775
NEARUSDT,BUY,LIMIT,1701983876450,210,2.2782
NEARUSDT,BUY,LIMIT,1701984742308,25,2.2892
NEARUSDT,BUY,LIMIT,1701985347144,22,2.2990
NEARUSDT,BUY,LIMIT,1701985516172,1406,2.3008
NEARUSDT,SELL,LIMIT,1701985882151,51,2.2217
NEARUSDT,BUY,LIMIT,1701987267435,167,2.3080
NEARUSDT,BUY,LIMIT,1701987273680,1495,2.3087
NEARUSDT,BUY,LIMIT,1701987999011,535,2.3201
NEARUSDT,BUY,LIMIT,1701988064888,64,2.3217
NEARUSDT,SELL,LIMIT,1701988392160,53,2.2310
NEARUSDT,SELL,LIMIT,1701989039227,989,2.2253
NEARUSDT,BUY,LIMIT,1701993897580,219,2.3130
NEARUSDT,BUY,LIMIT,1701994148433,65,2.3147
NEARUSDT,SELL,LIMIT,1701994863869,16,2.2397
NEARUSDT,SELL,LIMIT,1701997746257,3253,2.2143
NEARUSDT,SELL,LIMIT,1701997757143,3,2.2120
NEARUSDT,BUY,LIMIT,1701998190971,125,2.2945
NEARUSDT,SELL,LIMIT,1701999333740,798,2.2215
NEARUSDT,SELL,LIMIT,1701999408276,562,2.2051
NEARUSDT,SELL,LIMIT,1701999435712,220,2.2003
NEARUSDT,SELL,LIMIT,1702003027053,148,2.1927
NEARUSDT,SELL,LIMIT,1702003692405,702,2.1922
NEARUSDT,BUY,LIMIT,1702005677653,93,2.2786
NEARUSDT,BUY,LIMIT,1702005799814,615,2.2737
NEARUSDT,SELL,LIMIT,1702006234682,57,2.1998
NEARUSDT,BUY,LIMIT,1702006669105,7,2.2641
NEARUSDT,BUY,LIMIT,1702006968208,469,2.2797
NEARUSDT,BUY,LIMIT,1702007011002,28,2.2831
NEARUSDT,SELL,LIMIT,1702008354378,40,2.2027
NEARUSDT,SELL,LIMIT,1702010141987,236,2.2022
NEARUSDT,SELL,LIMIT,1702011139902,98,2.1927
NEARUSDT,BUY,LIMIT,1702013373442,124,2.2663
NEARUSDT,BUY,LIMIT,1702015976343,2,2.2789
NEARUSDT,BUY,LIMIT,1702015985298,22,2.2806
NEARUSDT,BUY,LIMIT,1702016007922,29,2.2829
NEARUSDT,BUY,LIMIT,1702017446177,454,2.2833
NEARUSDT,BUY,LIMIT,1702018380321,35,2.2776
NEARUSDT,SELL,LIMIT,1702019158773,2503,2.2092
NEARUSDT,SELL,LIMIT,1702020572838,94,2.1977
NEARUSDT,SELL,LIMIT,1702020628180,15,2.1964
NEARUSDT,SELL,LIMIT,1702020643746,416,2.1936
NEARUSDT,SELL,LIMIT,1702020651783,221,2.1933
NEARUSDT,SELL,LIMIT,1702021899308,184,2.1888
NEARUSDT,SELL,LIMIT,1702021926468,66,2.1884
NEARUSDT,SELL,LIMIT,1702021953257,278,2.1862
NEARUSDT,SELL,LIMIT,1702022177526,1076,2.1857
NEARUSDT,SELL,LIMIT,1702022245800,2086,2.1834
NEARUSDT,SELL,LIMIT,1702022267110,76,2.1815
NEARUSDT,SELL,LIMIT,1702022340422,79,2.1793
NEARUSDT,SELL,LIMIT,1702022405519,90,2.1798
NEARUSDT,SELL,LIMIT,1702022421217,408,2.1793
NEARUSDT,SELL,LIMIT,1702022458013,433,2.1780
NEARUSDT,SELL,LIMIT,1702022473854,72,2.1771
NEARUSDT,SELL,LIMIT,1702022490736,98,2.1763
NEARUSDT,SELL,LIMIT,1702022496900,24,2.1756
NEARUSDT,SELL,LIMIT,1702022501371,1334,2.1744
NEARUSDT,SELL,LIMIT,1702022504174,191,2.1739
NEARUSDT,SELL,LIMIT,1702022526809,199,2.1719
NEARUSDT,SELL,LIMIT,1702022528218,23,2.1714
NEARUSDT,SELL,LIMIT,1702023408978,475,2.1706
NEARUSDT,SELL,LIMIT,1702023671315,2102,2.1696
NEARUSDT,SELL,LIMIT,1702023673254,75,2.1684
NEARUSDT,SELL,LIMIT,1702025332577,50,2.1723
NEARUSDT,SELL,LIMIT,1702025883640,3,2.1684
NEARUSDT,SELL,LIMIT,1702025901369,414,2.1675
NEARUSDT,SELL,LIMIT,1702025905272,1813,2.1664
NEARUSDT,SELL,LIMIT,1702025906315,24,2.1660
NEARUSDT,SELL,LIMIT,1702025907641,2581,2.1647
NEARUSDT,SELL,LIMIT,1702026014492,444,2.1617
NEARUSDT,SELL,LIMIT,1702026016549,3753,2.1614
NEARUSDT,SELL,LIMIT,1702026017726,8,2.1608
NEARUSDT,SELL,LIMIT,1702026970215,819,2.1611
NEARUSDT,BUY,LIMIT,1702027171320,246,2.2409
NEARUSDT,BUY,LIMIT,1702027624265,12,2.2469
NEARUSDT,SELL,LIMIT,1702028513829,3941,2.1693
NEARUSDT,BUY,LIMIT,1702028862263,1443,2.2476
NEARUSDT,SELL,LIMIT,1702029279239,4518,2.1672
NEARUSDT,BUY,LIMIT,1702030136680,344,2.2450
NEARUSDT,BUY,LIMIT,1702032948061,95,2.2573
NEARUSDT,BUY,LIMIT,1702033114463,3,2.2622
NEARUSDT,SELL,LIMIT,1702033813994,44,2.1956
NEARUSDT,BUY,LIMIT,1702034996159,597,2.2690
NEARUSDT,SELL,LIMIT,1702035157863,98,2.2015
NEARUSDT,BUY,LIMIT,1702035164063,1,2.1826
NEARUSDT,BUY,LIMIT,1702035271039,4,2.2766
NEARUSDT,BUY,LIMIT,1702035412032,93,2.2815
NEARUSDT,BUY,LIMIT,1702035543506,135,2.2846
NEARUSDT,BUY,LIMIT,1702035734214,32,2.2887
NEARUSDT,BUY,LIMIT,1702035867475,1033,2.2935
NEARUSDT,BUY,LIMIT,1702035922330,73,2.2989
NEARUSDT,BUY,LIMIT,1702036203885,454,2.3019
NEARUSDT,BUY,LIMIT,1702036260932,1303,2.3050
NEARUSDT,BUY,LIMIT,1702036264867,497,2.3059
NEARUSDT,BUY,LIMIT,1702036344187,2110,2.3099
NEARUSDT,BUY,LIMIT,1702036469699,8,2.3149
NEARUSDT,SELL,LIMIT,1702036630907,232,2.2365
NEARUSDT,BUY,LIMIT,1702036892596,576,2.3183
NEARUSDT,SELL,LIMIT,1702037211332,244,2.2299
NEARUSDT,SELL,LIMIT,1702037394574,7,2.2348
NEARUSDT,SELL,LIMIT,1702037713268,217,2.2237
NEARUSDT,BUY,LIMIT,1702038096262,1642,2.3057
NEARUSDT,BUY,LIMIT,1702038126698,4,2.3078
NEARUSDT,SELL,LIMIT,1702039058524,112,2.2335
NEARUSDT,BUY,LIMIT,1702039112120,182,2.3159
NEARUSDT,SELL,LIMIT,1702040263364,1271,2.2451
NEARUSDT,BUY,LIMIT,1702040290500,544,2.3078
NEARUSDT,SELL,LIMIT,1702040432807,157,2.2367
NEARUSDT,SELL,LIMIT,1702040486102,50,2.2322
NEARUSDT,SELL,LIMIT,1702040534786,4387,2.2316
NEARUSDT,SELL,LIMIT,1702040832137,538,2.2295
NEARUSDT,SELL,LIMIT,1702040855744,3,2.2286
NEARUSDT,SELL,LIMIT,1702041026182,55,2.2244
NEARUSDT,BUY,LIMIT,1702041970869,459,2.3160
NEARUSDT,BUY,LIMIT,1702042056381,1651,2.3200
NEARUSDT,SELL,LIMIT,1702042238296,105,2.2370
NEARUSDT,SELL,LIMIT,1702042240428,303,2.2357
NEARUSDT,SELL,LIMIT,1702042535040,4,2.2360
NEARUSDT,BUY,LIMIT,1702043037333,250,2.3170
NEARUSDT,BUY,LIMIT,1702043159473,296,2.3215
NEARUSDT,BUY,LIMIT,1702043242116,4,2.3239
NEARUSDT,BUY,LIMIT,1702043257072,12,2.3257
NEARUSDT,BUY,LIMIT,1702043258154,211,2.3257
NEARUSDT,BUY,LIMIT,1702043370411,871,2.3305
NEARUSDT,BUY,LIMIT,1702043372463,5,2.3312
NEARUSDT,BUY,LIMIT,1702043693271,357,2.3339
NEARUSDT,SELL,LIMIT,1702043853372,664,2.2532
NEARUSDT,SELL,LIMIT,1702044332541,20,2.2524
NEARUSDT,SELL,LIMIT,1702044400090,97,2.2517
NEARUSDT,SELL,LIMIT,1702044402177,940,2.2497
NEARUSDT,SELL,LIMIT,1702044415337,33,2.2448
NEARUSDT,SELL,LIMIT,1702044450519,4237,2.2415
NEARUSDT,SELL,LIMIT,1702044513114,10,2.2397
NEARUSDT,BUY,LIMIT,1702044700309,6,2.3222
NEARUSDT,SELL,LIMIT,1702045290676,437,2.2359
NEARUSDT,BUY,LIMIT,1702045734182,46,2.3212
NEARUSDT,BUY,LIMIT,1702045885456,38,2.3213
NEARUSDT,BUY,LIMIT,1702045892587,172,2.3231
NEARUSDT,BUY,LIMIT,1702045929134,443,2.3266
NEARUSDT,BUY,LIMIT,1702045930297,261,2.3265
NEARUSDT,BUY,LIMIT,1702045958340,592,2.3280
NEARUSDT,BUY,LIMIT,1702047070624,14,2.3395
NEARUSDT,SELL,LIMIT,1702047163083,1175,2.2613
NEARUSDT,SELL,LIMIT,1702047187212,1594,2.2586
NEARUSDT,SELL,LIMIT,1702047194124,19,2.2566
NEARUSDT,SELL,LIMIT,1702047225144,619,2.2526
NEARUSDT,SELL,LIMIT,1702047233841,217,2.2490
NEARUSDT,BUY,LIMIT,1702047600441,655,2.3305
NEARUSDT,BUY,LIMIT,1702047700059,655,2.3373
NEARUSDT,BUY,LIMIT,1702047876615,2842,2.3437
NEARUSDT,BUY,LIMIT,1702048054145,1901,2.3462
NEARUSDT,BUY,LIMIT,1702048057695,35,2.3480
NEARUSDT,BUY,LIMIT,1702048108127,3,2.3516
NEARUSDT,BUY,LIMIT,1702048109502,56,2.3516
NEARUSDT,BUY,LIMIT,1702048175572,504,2.3524
NEARUSDT,BUY,LIMIT,1702048186805,460,2.3527
NEARUSDT,BUY,LIMIT,1702048731541,500,2.3601
NEARUSDT,BUY,LIMIT,1702048776284,2008,2.3638
NEARUSDT,BUY,LIMIT,1702048779303,42,2.3642
NEARUSDT,BUY,LIMIT,1702048793864,358,2.3645
NEARUSDT,SELL,LIMIT,1702049056143,380,2.2844
NEARUSDT,SELL,LIMIT,1702049244399,4293,2.2802
NEARUSDT,SELL,LIMIT,1702049341881,32,2.2713
NEARUSDT,SELL,LIMIT,1702050475845,5,2.2722
NEARUSDT,SELL,LIMIT,1702050699355,5,2.2674
NEARUSDT,SELL,LIMIT,1702050721470,539,2.2648
NEARUSDT,SELL,LIMIT,1702050750472,45,2.2620
NEARUSDT,BUY,LIMIT,1702051501763,27,2.3324
NEARUSDT,BUY,LIMIT,1702051591983,1875,2.3395
NEARUSDT,BUY,LIMIT,1702051683737,617,2.3385
NEARUSDT,BUY,LIMIT,1702051727991,433,2.3444
NEARUSDT,BUY,LIMIT,1702052027428,9,2.3451
NEARUSDT,BUY,LIMIT,1702052047395,500,2.3452
NEARUSDT,SELL,LIMIT,1702052090809,155,2.2798
NEARUSDT,BUY,LIMIT,1702052161448,22,2.3507
NEARUSDT,BUY,LIMIT,1702052530227,34,2.3517
NEARUSDT,BUY,LIMIT,1702053469514,116,2.3501
NEARUSDT,BUY,LIMIT,1702053516690,71,2.3528
NEARUSDT,SELL,LIMIT,1702054246038,211,2.2697
NEARUSDT,SELL,LIMIT,1702054912042,326,2.2635
NEARUSDT,SELL,LIMIT,1702055007926,780,2.2619
NEARUSDT,SELL,LIMIT,1702055290053,113,2.2554
NEARUSDT,SELL,LIMIT,1702055291922,6,2.2541
NEARUSDT,SELL,LIMIT,1702056271373,1157,2.2445
NEARUSDT,SELL,LIMIT,1702056280172,1618,2.2429
NEARUSDT,BUY,LIMIT,1702058192866,25,2.3223
NEARUSDT,BUY,LIMIT,1702059389298,16,2.3316
NEARUSDT,BUY,LIMIT,1702059537040,70,2.3369
NEARUSDT,BUY,LIMIT,1702060196855,43,2.3420
NEARUSDT,BUY,LIMIT,1702060495119,169,2.3422
NEARUSDT,BUY,LIMIT,1702060881707,15,2.3468
NEARUSDT,BUY,LIMIT,1702062076341,5,2.3544
NEARUSDT,BUY,LIMIT,1702062247289,111,2.3618
NEARUSDT,SELL,LIMIT,1702063730279,2278,2.2778
NEARUSDT,BUY,LIMIT,1702064940871,4309,2.3662
NEARUSDT,BUY,LIMIT,1702065441263,1419,2.3678
NEARUSDT,BUY,LIMIT,1702065942715,155,2.3649
NEARUSDT,BUY,LIMIT,1702066000118,15,2.3695
NEARUSDT,BUY,LIMIT,1702066006470,617,2.3702
NEARUSDT,BUY,LIMIT,1702066010503,989,2.3708
NEARUSDT,BUY,LIMIT,1702066042321,104,2.3725
NEARUSDT,BUY,LIMIT,1702066049079,176,2.3738
NEARUSDT,BUY,LIMIT,1702066926163,243,2.3829
NEARUSDT,BUY,LIMIT,1702067224659,168,2.3847
NEARUSDT,BUY,LIMIT,1702067530673,4,2.3886
NEARUSDT,BUY,LIMIT,1702067570086,4,2.3893
NEARUSDT,BUY,LIMIT,1702067588208,1458,2.3919
NEARUSDT,BUY,LIMIT,1702067595912,120,2.3928
NEARUSDT,BUY,LIMIT,1702067889365,1877,2.3933
NEARUSDT,BUY,LIMIT,1702067920332,7,2.3973
NEARUSDT,BUY,LIMIT,1702067976411,11,2.3982
NEARUSDT,BUY,LIMIT,1702068095013,26,2.3987
NEARUSDT,BUY,LIMIT,1702068238866,28,2.3922
NEARUSDT,BUY,LIMIT,1702068614781,6,2.3962
NEARUSDT,BUY,LIMIT,1702068624981,534,2.3973
NEARUSDT,BUY,LIMIT,1702068663440,554,2.3978
NEARUSDT,BUY,LIMIT,1702068824589,2475,2.4014
NEARUSDT,BUY,LIMIT,1702070661775,168,2.3857
NEARUSDT,BUY,LIMIT,1702071371594,9619,2.4086
NEARUSDT,BUY,LIMIT,1702075528736,135,2.3934
NEARUSDT,BUY,LIMIT,1702076755377,997,2.4116
NEARUSDT,BUY,LIMIT,1702076757363,314,2.4140
NEARUSDT,BUY,LIMIT,1702076791349,149,2.4153
NEARUSDT,BUY,LIMIT,1702076801331,11,2.4157
NEARUSDT,BUY,LIMIT,1702076804408,3,2.4169
NEARUSDT,BUY,LIMIT,1702076809809,11205,2.4321
NEARUSDT,BUY,LIMIT,1702076815102,12662,2.4346
NEARUSDT,BUY,LIMIT,1702076821148,339,2.4196
NEARUSDT,BUY,LIMIT,1702077026064,144,2.4210
NEARUSDT,BUY,LIMIT,1702078168861,22,2.4283
NEARUSDT,BUY,LIMIT,1702078502987,3,2.4228
NEARUSDT,BUY,LIMIT,1702078609448,329,2.4216
NEARUSDT,BUY,LIMIT,1702078943424,893,2.4221
NEARUSDT,BUY,LIMIT,1702079066808,225,2.4279
NEARUSDT,SELL,LIMIT,1702079973759,15,2.3467
NEARUSDT,BUY,LIMIT,1702080138486,84,2.4309
NEARUSDT,BUY,LIMIT,1702080155278,432,2.4325
NEARUSDT,BUY,LIMIT,1702080217272,4,2.4359
NEARUSDT,BUY,LIMIT,1702080229086,15,2.4368
NEARUSDT,BUY,LIMIT,1702080235041,545,2.4375
NEARUSDT,BUY,LIMIT,1702080263633,24,2.4384
NEARUSDT,BUY,LIMIT,1702080266710,749,2.4394
NEARUSDT,BUY,LIMIT,1702080274352,630,2.4430
NEARUSDT,BUY,LIMIT,1702080276460,1299,2.4434
NEARUSDT,BUY,LIMIT,1702080308424,11134,2.4612
NEARUSDT,BUY,LIMIT,1702080317072,248,2.4420
NEARUSDT,BUY,LIMIT,1702080684315,3,2.4467
NEARUSDT,BUY,LIMIT,1702080690217,1055,2.4479
NEARUSDT,BUY,LIMIT,1702080728349,31,2.4514
NEARUSDT,BUY,LIMIT,1702080732199,1525,2.4512
NEARUSDT,BUY,LIMIT,1702080742335,1000,2.4525
NEARUSDT,BUY,LIMIT,1702080743635,11,2.4528
NEARUSDT,BUY,LIMIT,1702080760491,918,2.4558
NEARUSDT,BUY,LIMIT,1702080764912,7,2.4567
NEARUSDT,BUY,LIMIT,1702080769215,432,2.4585
NEARUSDT,BUY,LIMIT,1702080770882,45,2.4591
NEARUSDT,BUY,LIMIT,1702080800360,489,2.4635
NEARUSDT,BUY,LIMIT,1702080815615,4020,2.4670
NEARUSDT,BUY,LIMIT,1702080817347,21,2.4675
NEARUSDT,BUY,LIMIT,1702080868501,14,2.4682
NEARUSDT,BUY,LIMIT,1702080879042,12,2.4683
NEARUSDT,BUY,LIMIT,1702081229517,960,2.4705
NEARUSDT,BUY,LIMIT,1702081243305,585,2.4723
NEARUSDT,BUY,LIMIT,1702081246831,4,2.4738
NEARUSDT,BUY,LIMIT,1702081286148,484,2.4751
NEARUSDT,BUY,LIMIT,1702081311163,405,2.4789
NEARUSDT,BUY,LIMIT,1702081312291,53,2.4777
NEARUSDT,BUY,LIMIT,1702081325749,220,2.4801
NEARUSDT,BUY,LIMIT,1702081451870,1067,2.4829
NEARUSDT,BUY,LIMIT,1702081516359,1000,2.4845
NEARUSDT,BUY,LIMIT,1702081536304,70,2.4847
NEARUSDT,BUY,LIMIT,1702081540065,609,2.4851
NEARUSDT,BUY,LIMIT,1702081550280,89,2.4868
NEARUSDT,BUY,LIMIT,1702081559002,600,2.4887
NEARUSDT,BUY,LIMIT,1702081567956,145,2.4896
NEARUSDT,BUY,LIMIT,1702081574360,1,2.4902
NEARUSDT,BUY,LIMIT,1702081594556,4,2.4922
NEARUSDT,BUY,LIMIT,1702081596346,88,2.4945
NEARUSDT,BUY,LIMIT,1702081598171,46,2.4958
NEARUSDT,BUY,LIMIT,1702081599175,103,2.4953
NEARUSDT,BUY,LIMIT,1702081607016,484,2.4970
NEARUSDT,BUY,LIMIT,1702081623176,5390,2.5050
NEARUSDT,BUY,LIMIT,1702081625841,2505,2.4991
NEARUSDT,BUY,LIMIT,1702081635436,20,2.4995
NEARUSDT,BUY,LIMIT,1702081640782,258,2.5003
NEARUSDT,BUY,LIMIT,1702081645160,643,2.5013
NEARUSDT,BUY,LIMIT,1702081647146,53,2.5016
NEARUSDT,BUY,LIMIT,1702081648162,219,2.5016
NEARUSDT,BUY,LIMIT,1702081649945,418,2.5021
NEARUSDT,BUY,LIMIT,1702081674183,6,2.5019
NEARUSDT,BUY,LIMIT,1702081690089,70,2.5046
NEARUSDT,SELL,LIMIT,1702081808723,600,2.4241
NEARUSDT,BUY,LIMIT,1702081973889,77,2.4935
NEARUSDT,BUY,LIMIT,1702082048971,420,2.4917
NEARUSDT,BUY,LIMIT,1702082647327,4014,2.4932
NEARUSDT,BUY,LIMIT,1702082655225,404,2.4954
NEARUSDT,BUY,LIMIT,1702082682804,3072,2.4971
NEARUSDT,BUY,LIMIT,1702082926211,29,2.4914
NEARUSDT,BUY,LIMIT,1702083486060,70,2.4950
NEARUSDT,BUY,LIMIT,1702083500452,236,2.4968
NEARUSDT,BUY,LIMIT,1702083798458,51,2.4897
NEARUSDT,SELL,LIMIT,1702083861716,220,2.4122
NEARUSDT,SELL,LIMIT,1702083997175,833,2.4050
NEARUSDT,SELL,LIMIT,1702084029323,54,2.3988
NEARUSDT,SELL,LIMIT,1702084033275,1022,2.3967
NEARUSDT,SELL,LIMIT,1702084104023,532,2.3847
NEARUSDT,BUY,LIMIT,1702085193292,202,2.5049
NEARUSDT,BUY,LIMIT,1702085279191,1851,2.5060
NEARUSDT,BUY,LIMIT,1702085281105,77,2.5060
NEARUSDT,BUY,LIMIT,1702085652690,565,2.5076
NEARUSDT,BUY,LIMIT,1702085713079,139,2.5118
NEARUSDT,BUY,LIMIT,1702085715077,45,2.5135
NEARUSDT,BUY,LIMIT,1702085723895,702,2.5141
NEARUSDT,BUY,LIMIT,1702085726392,417,2.5152
NEARUSDT,BUY,LIMIT,1702085727895,814,2.5161
NEARUSDT,BUY,LIMIT,1702085817159,280,2.5128
NEARUSDT,BUY,LIMIT,1702086514081,442,2.5118
NEARUSDT,BUY,LIMIT,1702086626869,186,2.5185
NEARUSDT,SELL,LIMIT,1702086873087,1568,2.4248
NEARUSDT,SELL,LIMIT,1702087144858,3,2.4186
NEARUSDT,SELL,LIMIT,1702087457261,1043,2.4111
NEARUSDT,BUY,LIMIT,1702090311288,277,2.5046
NEARUSDT,BUY,LIMIT,1702090363221,4061,2.5113
NEARUSDT,BUY,LIMIT,1702090529269,132,2.5131
NEARUSDT,BUY,LIMIT,1702091100536,83,2.5195
NEARUSDT,BUY,LIMIT,1702091104065,2019,2.5250
NEARUSDT,BUY,LIMIT,1702091105215,218,2.5252
NEARUSDT,BUY,LIMIT,1702091130206,2,2.5320
NEARUSDT,BUY,LIMIT,1702091131292,60,2.5306
NEARUSDT,BUY,LIMIT,1702091141091,7,2.5343
NEARUSDT,BUY,LIMIT,1702091145213,201,2.5351
NEARUSDT,BUY,LIMIT,1702091172113,23,2.5362
NEARUSDT,BUY,LIMIT,1702091173800,14,2.5366
NEARUSDT,BUY,LIMIT,1702091222520,187,2.5368
NEARUSDT,BUY,LIMIT,1702091252447,41,2.5364
NEARUSDT,BUY,LIMIT,1702091724369,2329,2.5348
NEARUSDT,BUY,LIMIT,1702091809298,2074,2.5391
NEARUSDT,BUY,LIMIT,1702091906102,35,2.5361
NEARUSDT,BUY,LIMIT,1702092116206,65,2.5412
NEARUSDT,BUY,LIMIT,1702092120322,1775,2.5414
NEARUSDT,BUY,LIMIT,1702092600258,127,2.5361
NEARUSDT,BUY,LIMIT,1702092763374,59,2.5425
NEARUSDT,BUY,LIMIT,1702092780067,51,2.5460
NEARUSDT,BUY,LIMIT,1702092781154,2643,2.5444
NEARUSDT,BUY,LIMIT,1702092783172,8827,2.5628
NEARUSDT,BUY,LIMIT,1702092785248,95,2.5494
NEARUSDT,SELL,LIMIT,1702093090765,400,2.4648
NEARUSDT,SELL,LIMIT,1702093120533,228,2.4622
NEARUSDT,BUY,LIMIT,1702094349103,6,2.5572
NEARUSDT,BUY,LIMIT,1702094580185,939,2.5580
NEARUSDT,BUY,LIMIT,1702094586897,58,2.5598
NEARUSDT,BUY,LIMIT,1702094596964,56,2.5605
NEARUSDT,BUY,LIMIT,1702094598079,3581,2.5607
NEARUSDT,BUY,LIMIT,1702094610915,1576,2.5612
NEARUSDT,BUY,LIMIT,1702094622131,500,2.5621
NEARUSDT,BUY,LIMIT,1702094630479,407,2.5627
NEARUSDT,BUY,LIMIT,1702094634000,21,2.5633
NEARUSDT,BUY,LIMIT,1702094638678,34,2.5646
NEARUSDT,SELL,LIMIT,1702094640017,3,2.4890
NEARUSDT,SELL,LIMIT,1702094794773,5,2.4823
NEARUSDT,SELL,LIMIT,1702095480062,179,2.4610
NEARUSDT,BUY,LIMIT,1702096330934,439,2.5415
NEARUSDT,BUY,LIMIT,1702097226288,477,2.5461
NEARUSDT,BUY,LIMIT,1702097274143,1168,2.5461
NEARUSDT,BUY,LIMIT,1702098083284,998,2.5519
NEARUSDT,BUY,LIMIT,1702098099639,25,2.5523
NEARUSDT,SELL,LIMIT,1702099642691,12,2.4571
NEARUSDT,BUY,LIMIT,1702100721623,108,2.5190
NEARUSDT,SELL,LIMIT,1702101001785,17,2.4448
NEARUSDT,SELL,LIMIT,1702101825152,26,2.4418
NEARUSDT,BUY,LIMIT,1702102123860,504,2.5283
NEARUSDT,BUY,LIMIT,1702102866827,36,2.5576
NEARUSDT,BUY,LIMIT,1702103508353,3,2.5607
NEARUSDT,BUY,LIMIT,1702103600472,15,2.5651
NEARUSDT,BUY,LIMIT,1702103611436,313,2.5669
NEARUSDT,BUY,LIMIT,1702103621447,518,2.5698
NEARUSDT,BUY,LIMIT,1702103645067,154,2.5713
NEARUSDT,BUY,LIMIT,1702103650463,249,2.5716
NEARUSDT,SELL,LIMIT,1702104058250,1461,2.4818
NEARUSDT,BUY,LIMIT,1702104513340,49,2.5723
NEARUSDT,BUY,LIMIT,1702105213160,421,2.5752
NEARUSDT,BUY,LIMIT,1702105217749,16,2.5771
NEARUSDT,BUY,LIMIT,1702105221484,463,2.5795
NEARUSDT,BUY,LIMIT,1702105225482,9,2.5791
NEARUSDT,BUY,LIMIT,1702105226982,2800,2.5801
NEARUSDT,BUY,LIMIT,1702105228824,223,2.5806
NEARUSDT,BUY,LIMIT,1702105256144,165,2.5815
NEARUSDT,BUY,LIMIT,1702105271350,1767,2.5820
NEARUSDT,BUY,LIMIT,1702105274922,2,2.5830
NEARUSDT,BUY,LIMIT,1702105676066,1107,2.5768
NEARUSDT,BUY,LIMIT,1702105756347,55,2.5837
NEARUSDT,BUY,LIMIT,1702105764207,4,2.5850
NEARUSDT,BUY,LIMIT,1702105765943,135,2.5855
NEARUSDT,BUY,LIMIT,1702105771529,1799,2.5851
NEARUSDT,BUY,LIMIT,1702105880321,417,2.5862
NEARUSDT,BUY,LIMIT,1702105885653,21,2.5866
NEARUSDT,BUY,LIMIT,1702105890072,17,2.5872
NEARUSDT,BUY,LIMIT,1702105916206,60,2.5876
NEARUSDT,BUY,LIMIT,1702105943536,405,2.5898
NEARUSDT,BUY,LIMIT,1702106048876,606,2.5923
NEARUSDT,BUY,LIMIT,1702106081224,18,2.5931
NEARUSDT,BUY,LIMIT,1702106862637,5786,2.5954
NEARUSDT,BUY,LIMIT,1702106867136,611,2.5875
NEARUSDT,BUY,LIMIT,1702106893127,39,2.5882
NEARUSDT,BUY,LIMIT,1702107148969,1300,2.5905
NEARUSDT,BUY,LIMIT,1702107523375,381,2.5767
NEARUSDT,BUY,LIMIT,1702107631578,63,2.5923
NEARUSDT,BUY,LIMIT,1702107784468,634,2.5960
NEARUSDT,BUY,LIMIT,1702107787262,6,2.5965
NEARUSDT,BUY,LIMIT,1702107795163,9,2.5970
NEARUSDT,BUY,LIMIT,1702107797113,3798,2.6005
NEARUSDT,BUY,LIMIT,1702107798427,230,2.5997
NEARUSDT,BUY,LIMIT,1702107801649,129,2.6014
NEARUSDT,BUY,LIMIT,1702107838208,361,2.6020
NEARUSDT,BUY,LIMIT,1702107940348,16,2.6058
NEARUSDT,BUY,LIMIT,1702107954020,332,2.6071
NEARUSDT,BUY,LIMIT,1702107963788,1095,2.6081
NEARUSDT,BUY,LIMIT,1702107968574,33,2.6098
NEARUSDT,BUY,LIMIT,1702107976446,3,2.6119
NEARUSDT,BUY,LIMIT,1702107978072,30,2.6121
NEARUSDT,BUY,LIMIT,1702107980086,27,2.6149
NEARUSDT,BUY,LIMIT,1702108147010,1024,2.6160
NEARUSDT,SELL,LIMIT,1702108273425,40,2.5266
NEARUSDT,BUY,LIMIT,1702108293834,70,2.6014
NEARUSDT,SELL,LIMIT,1702108487427,241,2.5224
NEARUSDT,BUY,LIMIT,1702108556863,156,2.5981
NEARUSDT,BUY,LIMIT,1702108764728,26,2.6066
NEARUSDT,BUY,LIMIT,1702108937292,139,2.6071
NEARUSDT,BUY,LIMIT,1702108938544,7,2.6075
NEARUSDT,BUY,LIMIT,1702109101256,107,2.6133
NEARUSDT,BUY,LIMIT,1702109102696,33,2.6136
NEARUSDT,BUY,LIMIT,1702109371915,11,2.6156
NEARUSDT,BUY,LIMIT,1702109470388,841,2.6176
NEARUSDT,BUY,LIMIT,1702109471579,28,2.6191
NEARUSDT,BUY,LIMIT,1702109482033,25,2.6200
NEARUSDT,BUY,LIMIT,1702109485186,42,2.6202
NEARUSDT,BUY,LIMIT,1702109486328,172,2.6207
NEARUSDT,BUY,LIMIT,1702109510170,476,2.6176
NEARUSDT,BUY,LIMIT,1702109511726,31,2.6197
NEARUSDT,BUY,LIMIT,1702109514107,40,2.6199
NEARUSDT,SELL,LIMIT,1702109532978,24,2.5441
NEARUSDT,BUY,LIMIT,1702109558504,605,2.6229
NEARUSDT,BUY,LIMIT,1702109559963,216,2.6239
NEARUSDT,BUY,LIMIT,1702109761484,6437,2.6320
NEARUSDT,BUY,LIMIT,1702109779331,67689,2.6493
NEARUSDT,BUY,LIMIT,1702109781687,78,2.6256
NEARUSDT,BUY,LIMIT,1702110217397,2,2.6227
NEARUSDT,SELL,LIMIT,1702110238246,38,2.5486
NEARUSDT,BUY,LIMIT,1702110500613,213,2.6194
NEARUSDT,BUY,LIMIT,1702110622300,135,2.6300
NEARUSDT,BUY,LIMIT,1702110633851,1013,2.6313
NEARUSDT,BUY,LIMIT,1702110639117,287,2.6325
NEARUSDT,BUY,LIMIT,1702110750718,22,2.6335
NEARUSDT,BUY,LIMIT,1702110752371,958,2.6353
NEARUSDT,BUY,LIMIT,1702110754172,379,2.6357
NEARUSDT,SELL,LIMIT,1702110873461,424,2.5369
NEARUSDT,SELL,LIMIT,1702110875912,1264,2.5330
NEARUSDT,SELL,LIMIT,1702110881593,152,2.5312
NEARUSDT,SELL,LIMIT,1702110893150,96,2.5291
NEARUSDT,SELL,LIMIT,1702110901124,63,2.5266
NEARUSDT,SELL,LIMIT,1702110909541,60,2.5230
NEARUSDT,SELL,LIMIT,1702110926278,3058,2.5164
NEARUSDT,SELL,LIMIT,1702110965242,6,2.5150
NEARUSDT,SELL,LIMIT,1702110970061,3,2.5096
NEARUSDT,SELL,LIMIT,1702110977787,730,2.5045
NEARUSDT,SELL,LIMIT,1702110980168,55,2.5007
NEARUSDT,SELL,LIMIT,1702110983633,892,2.4992
NEARUSDT,SELL,LIMIT,1702110993373,22,2.4971
NEARUSDT,SELL,LIMIT,1702111029134,11,2.4943
NEARUSDT,SELL,LIMIT,1702111030506,458,2.4941
NEARUSDT,SELL,LIMIT,1702111034797,11,2.4902
NEARUSDT,SELL,LIMIT,1702111037428,387,2.4858
NEARUSDT,SELL,LIMIT,1702111038595,2383,2.4851
NEARUSDT,SELL,LIMIT,1702111042355,50,2.4814
NEARUSDT,SELL,LIMIT,1702111044421,3929,2.4752
NEARUSDT,SELL,LIMIT,1702111045713,682,2.4753
NEARUSDT,SELL,LIMIT,1702111376410,368,2.4810
NEARUSDT,SELL,LIMIT,1702111379254,3,2.4624
NEARUSDT,SELL,LIMIT,1702111380303,18,2.4588
NEARUSDT,SELL,LIMIT,1702111382152,3163,2.4578
NEARUSDT,SELL,LIMIT,1702112055527,51,2.4784
NEARUSDT,SELL,LIMIT,1702112069135,14,2.4726
NEARUSDT,SELL,LIMIT,1702112071143,41,2.4717
NEARUSDT,BUY,LIMIT,1702113453325,17,2.5528
NEARUSDT,BUY,LIMIT,1702113535199,297,2.5598
NEARUSDT,BUY,LIMIT,1702113715466,436,2.5692
NEARUSDT,SELL,LIMIT,1702114635826,44,2.4819
NEARUSDT,SELL,LIMIT,1702114644501,45,2.4795
NEARUSDT,SELL,LIMIT,1702114667396,208,2.4777
NEARUSDT,SELL,LIMIT,1702114784416,164,2.4697
NEARUSDT,SELL,LIMIT,1702114877400,188,2.4665
NEARUSDT,SELL,LIMIT,1702115029699,3800,2.4609
NEARUSDT,SELL,LIMIT,1702115030891,25,2.4601
NEARUSDT,SELL,LIMIT,1702115103717,267,2.4527
NEARUSDT,SELL,LIMIT,1702115108928,38,2.4483
NEARUSDT,SELL,LIMIT,1702115632225,122,2.4523
NEARUSDT,SELL,LIMIT,1702117480152,266,2.4543
NEARUSDT,BUY,LIMIT,1702119710146,301,2.5629
NEARUSDT,BUY,LIMIT,1702119889512,182,2.5675
NEARUSDT,BUY,LIMIT,1702120218648,617,2.5747
NEARUSDT,BUY,LIMIT,1702120797224,138,2.5893
NEARUSDT,BUY,LIMIT,1702120889172,9,2.5984
NEARUSDT,SELL,LIMIT,1702121163311,769,2.5021
NEARUSDT,SELL,LIMIT,1702121856335,580,2.4981
NEARUSDT,SELL,LIMIT,1702121866163,296,2.4977
NEARUSDT,SELL,LIMIT,1702122063321,19,2.4935
NEARUSDT,SELL,LIMIT,1702122172049,2010,2.4898
NEARUSDT,SELL,LIMIT,1702124379068,164,2.4996
NEARUSDT,SELL,LIMIT,1702124383493,921,2.4962
NEARUSDT,SELL,LIMIT,1702125057663,97,2.4919
NEARUSDT,SELL,LIMIT,1702125066110,123,2.4909
NEARUSDT,SELL,LIMIT,1702125079869,317,2.4883
NEARUSDT,SELL,LIMIT,1702125411521,20,2.4905
NEARUSDT,SELL,LIMIT,1702125865250,13,2.4838
NEARUSDT,SELL,LIMIT,1702125883541,228,2.4803
NEARUSDT,BUY,LIMIT,1702126476138,106,2.5991
NEARUSDT,BUY,LIMIT,1702126586087,44,2.5963
NEARUSDT,SELL,LIMIT,1702126798887,4,2.5070
NEARUSDT,SELL,LIMIT,1702126811056,263,2.5059
NEARUSDT,SELL,LIMIT,1702126889849,523,2.5045
NEARUSDT,SELL,LIMIT,1702126925864,107,2.5035
NEARUSDT,SELL,LIMIT,1702126956063,49,2.4996
NEARUSDT,SELL,LIMIT,1702129501105,31,2.4807
NEARUSDT,BUY,LIMIT,1702131538418,9,2.5702
NEARUSDT,BUY,LIMIT,1702131662506,16,2.5813
NEARUSDT,SELL,LIMIT,1702132607450,417,2.4989
NEARUSDT,SELL,LIMIT,1702132949267,231,2.4810
NEARUSDT,SELL,LIMIT,1702132954055,1808,2.4816
NEARUSDT,SELL,LIMIT,1702132985228,16,2.4776
NEARUSDT,SELL,LIMIT,1702132986323,99,2.4771
NEARUSDT,SELL,LIMIT,1702132996467,18,2.4729
NEARUSDT,SELL,LIMIT,1702133001263,58,2.4668
NEARUSDT,SELL,LIMIT,1702133003009,66,2.4663
NEARUSDT,SELL,LIMIT,1702133006871,2,2.4613
NEARUSDT,SELL,LIMIT,1702133015955,12,2.4840
NEARUSDT,SELL,LIMIT,1702133328399,97,2.4710
