Symbol,Side,Order Type,Time,Quantity,Price
NEARUSDT,SELL,LIMIT,1701067270346,244,1.7611
NEARUSDT,SELL,LIMIT,1701067750903,133,1.7595
NEARUSDT,SELL,LIMIT,1701068054400,151,1.7528
NEARUSDT,SELL,LIMIT,1701068073040,578,1.7517
NEARUSDT,SELL,LIMIT,1701068129434,98,1.7494
NEARUSDT,SELL,LIMIT,1701068149219,110,1.7485
NEARUSDT,SELL,LIMIT,1701068153119,548,1.7471
NEARUSDT,SELL,LIMIT,1701068154814,36,1.7469
NEARUSDT,SELL,LIMIT,1701068166320,78,1.7451
NEARUSDT,SELL,LIMIT,1701068167356,19,1.7458
NEARUSDT,SELL,LIMIT,1701068173147,9229,1.7366
NEARUSDT,SELL,LIMIT,1701068275125,97,1.7426
NEARUSDT,SELL,LIMIT,1701068287114,292,1.7416
NEARUSDT,SELL,LIMIT,1701068288470,305,1.7420
NEARUSDT,SELL,LIMIT,1701068997202,679,1.7481
NEARUSDT,SELL,LIMIT,1701069522779,1008,1.7410
NEARUSDT,SELL,LIMIT,1701069535705,23,1.7417
NEARUSDT,SELL,LIMIT,1701069549127,540,1.7394
NEARUSDT,SELL,LIMIT,1701069550505,55,1.7394
NEARUSDT,SELL,LIMIT,1701069559137,3,1.7387
NEARUSDT,SELL,LIMIT,1701069570008,22296,1.7250
NEARUSDT,SELL,LIMIT,1701069571705,9,1.7378
NEARUSDT,SELL,LIMIT,1701069575692,5640,1.7366
NEARUSDT,SELL,LIMIT,1701069614056,379,1.7367
NEARUSDT,SELL,LIMIT,1701069635498,1111,1.7362
NEARUSDT,SELL,LIMIT,1701069637108,197,1.7358
NEARUSDT,SELL,LIMIT,1701069639698,300,1.7347
NEARUSDT,SELL,LIMIT,1701069771242,2300,1.7335
NEARUSDT,SELL,LIMIT,1701069772515,4239,1.7318
NEARUSDT,SELL,LIMIT,1701069796052,487,1.7318
NEARUSDT,SELL,LIMIT,1701069801625,28,1.7317
NEARUSDT,SELL,LIMIT,1701069802982,175,1.7316
NEARUSDT,SELL,LIMIT,1701069807948,333,1.7311
NEARUSDT,SELL,LIMIT,1701069809924,21,1.7308
NEARUSDT,SELL,LIMIT,1701069868605,212,1.7288
NEARUSDT,SELL,LIMIT,1701069879043,97,1.7277
NEARUSDT,SELL,LIMIT,1701069885156,19,1.7268
NEARUSDT,SELL,LIMIT,1701069896404,272,1.7256
NEARUSDT,SELL,LIMIT,1701069897441,140,1.7253
NEARUSDT,SELL,LIMIT,1701069913570,126,1.7248
NEARUSDT,SELL,LIMIT,1701070170729,42,1.7238
NEARUSDT,SELL,LIMIT,1701070171640,3394,1.7232
NEARUSDT,SELL,LIMIT,1701070172692,63,1.7221
NEARUSDT,SELL,LIMIT,1701070174218,11,1.7220
NEARUSDT,SELL,LIMIT,1701070438418,493,1.7259
NEARUSDT,SELL,LIMIT,1701070442192,19,1.7245
NEARUSDT,BUY,LIMIT,1701074196439,45,1.7990
NEARUSDT,BUY,LIMIT,1701076302066,611,1.7968
NEARUSDT,BUY,LIMIT,1701076488319,5661,1.8007
NEARUSDT,SELL,LIMIT,1701077153557,17,1.7429
NEARUSDT,BUY,LIMIT,1701077399082,1,1.7981
NEARUSDT,SELL,LIMIT,1701080508940,30,1.7366
NEARUSDT,SELL,LIMIT,1701080776850,73,1.7333
NEARUSDT,SELL,LIMIT,1701080790082,7,1.7394
NEARUSDT,SELL,LIMIT,1701080804045,17,1.7325
NEARUSDT,SELL,LIMIT,1701081207886,201,1.7291
NEARUSDT,SELL,LIMIT,1701081210081,741,1.7290
NEARUSDT,SELL,LIMIT,1701081328428,97,1.7277
NEARUSDT,SELL,LIMIT,1701081438201,170,1.7258
NEARUSDT,SELL,LIMIT,1701081439554,701,1.7245
NEARUSDT,SELL,LIMIT,1701081488037,544,1.7231
NEARUSDT,SELL,LIMIT,1701082122791,17,1.7219
NEARUSDT,SELL,LIMIT,1701082616829,120,1.7200
NEARUSDT,SELL,LIMIT,1701082650631,461,1.7184
NEARUSDT,SELL,LIMIT,1701082652313,43,1.7182
NEARUSDT,SELL,LIMIT,1701082667661,111,1.7167
NEARUSDT,SELL,LIMIT,1701082675361,661,1.7169
NEARUSDT,SELL,LIMIT,1701082678179,877,1.7159
NEARUSDT,SELL,LIMIT,1701082679750,20,1.7158
NEARUSDT,SELL,LIMIT,1701082696926,26,1.7159
NEARUSDT,SELL,LIMIT,1701082700026,97,1.7155
NEARUSDT,SELL,LIMIT,1701082705281,124,1.7147
NEARUSDT,SELL,LIMIT,1701082729133,228,1.7154
NEARUSDT,SELL,LIMIT,1701083770618,6949,1.7106
NEARUSDT,SELL,LIMIT,1701086930203,2979,1.7325
NEARUSDT,BUY,LIMIT,1701089341112,750,1.7877
NEARUSDT,BUY,LIMIT,1701090375790,1862,1.7892
NEARUSDT,SELL,LIMIT,1701091163180,944,1.7279
NEARUSDT,SELL,LIMIT,1701093057258,2592,1.7308
NEARUSDT,SELL,LIMIT,1701093131244,587,1.7357
NEARUSDT,SELL,LIMIT,1701094879258,6,1.7246
NEARUSDT,SELL,LIMIT,1701094987490,43,1.7234
NEARUSDT,SELL,LIMIT,1701094989498,2459,1.7228
NEARUSDT,SELL,LIMIT,1701095007190,41,1.7218
NEARUSDT,SELL,LIMIT,1701095383627,66,1.7195
NEARUSDT,SELL,LIMIT,1701095552548,1124,1.7174
NEARUSDT,SELL,LIMIT,1701095574913,908,1.7164
NEARUSDT,SELL,LIMIT,1701096784040,716,1.7169
NEARUSDT,SELL,LIMIT,1701096955211,464,1.7133
NEARUSDT,SELL,LIMIT,1701097031234,1400,1.7120
NEARUSDT,SELL,LIMIT,1701097060360,11,1.7116
NEARUSDT,SELL,LIMIT,1701097072886,45024,1.6955
NEARUSDT,SELL,LIMIT,1701097092725,2634,1.7090
NEARUSDT,SELL,LIMIT,1701097096013,71,1.7077
NEARUSDT,SELL,LIMIT,1701097097642,38,1.7071
NEARUSDT,SELL,LIMIT,1701097099670,84,1.7067
NEARUSDT,SELL,LIMIT,1701097101275,60,1.7067
NEARUSDT,SELL,LIMIT,1701099344148,454,1.7155
NEARUSDT,SELL,LIMIT,1701100158722,64,1.7092
NEARUSDT,SELL,LIMIT,1701100640849,264,1.7061
NEARUSDT,SELL,LIMIT,1701100642047,100,1.7062
NEARUSDT,BUY,LIMIT,1701104155602,819,1.7927
NEARUSDT,BUY,LIMIT,1701104465080,8,1.8056
NEARUSDT,SELL,LIMIT,1701106942592,23,1.7448
NEARUSDT,SELL,LIMIT,1701107488325,450,1.7373
NEARUSDT,SELL,LIMIT,1701111127848,103,1.7401
NEARUSDT,SELL,LIMIT,1701111444307,1592,1.7345
NEARUSDT,SELL,LIMIT,1701111606509,293,1.7317
NEARUSDT,SELL,LIMIT,1701112055839,143,1.7296
NEARUSDT,SELL,LIMIT,1701114206300,229,1.7268
NEARUSDT,SELL,LIMIT,1701114237918,32,1.7248
NEARUSDT,SELL,LIMIT,1701114239492,4,1.7356
NEARUSDT,SELL,LIMIT,1701114343393,760,1.7192
NEARUSDT,SELL,LIMIT,1701114352848,6,1.7187
NEARUSDT,SELL,LIMIT,1701114358374,60,1.7172
NEARUSDT,SELL,LIMIT,1701114462229,19,1.7179
NEARUSDT,SELL,LIMIT,1701114466735,39,1.7185
NEARUSDT,SELL,LIMIT,1701114468628,5555,1.7176
NEARUSDT,SELL,LIMIT,1701114476197,4329,1.7153
NEARUSDT,SELL,LIMIT,1701114479916,546,1.7149
NEARUSDT,SELL,LIMIT,1701114494391,284,1.7145
NEARUSDT,SELL,LIMIT,1701116447915,2882,1.7289
NEARUSDT,SELL,LIMIT,1701116768115,5668,1.7199
NEARUSDT,SELL,LIMIT,1701116828729,537,1.7170
NEARUSDT,SELL,LIMIT,1701116994038,2807,1.7180
NEARUSDT,SELL,LIMIT,1701117174936,113,1.7188
NEARUSDT,BUY,LIMIT,1701120912707,25,1.7967
NEARUSDT,BUY,LIMIT,1701121030269,66,1.7983
NEARUSDT,SELL,LIMIT,1701123433519,71,1.7309
NEARUSDT,SELL,LIMIT,1701124418443,1011,1.7364
NEARUSDT,BUY,LIMIT,1701127969414,5665,1.8087
NEARUSDT,SELL,LIMIT,1701129752824,185,1.7485
NEARUSDT,SELL,LIMIT,1701129769230,229,1.7480
NEARUSDT,BUY,LIMIT,1701130902893,2372,1.8071
NEARUSDT,SELL,LIMIT,1701133671270,10,1.7516
NEARUSDT,SELL,LIMIT,1701134664311,366,1.7478
NEARUSDT,SELL,LIMIT,1701138494471,200,1.7784
NEARUSDT,SELL,LIMIT,1701143254535,152,1.7465
NEARUSDT,SELL,LIMIT,1701146067299,16,1.7394
NEARUSDT,SELL,LIMIT,1701146675157,32,1.7389
NEARUSDT,SELL,LIMIT,1701146961380,684,1.7378
NEARUSDT,SELL,LIMIT,1701146963486,70,1.7369
NEARUSDT,SELL,LIMIT,1701146967611,202,1.7362
NEARUSDT,SELL,LIMIT,1701147167575,466,1.7344
NEARUSDT,SELL,LIMIT,1701147786962,561,1.7334
NEARUSDT,SELL,LIMIT,1701147877074,156,1.7319
NEARUSDT,SELL,LIMIT,1701148115656,7,1.7279
NEARUSDT,SELL,LIMIT,1701149111485,600,1.7268
NEARUSDT,BUY,LIMIT,1701149381875,1374,1.7871
NEARUSDT,SELL,LIMIT,1701149771344,55,1.7294
NEARUSDT,SELL,LIMIT,1701149841833,65,1.7261
NEARUSDT,SELL,LIMIT,1701149843611,34,1.7259
NEARUSDT,SELL,LIMIT,1701149845730,1000,1.7254
NEARUSDT,SELL,LIMIT,1701149877873,111,1.7242
NEARUSDT,SELL,LIMIT,1701149882443,58,1.7240
NEARUSDT,SELL,LIMIT,1701149886274,280,1.7237
NEARUSDT,SELL,LIMIT,1701149888029,77,1.7238
NEARUSDT,SELL,LIMIT,1701149890109,267,1.7211
NEARUSDT,BUY,LIMIT,1701150071202,285,1.7866
NEARUSDT,SELL,LIMIT,1701151629370,221,1.7257
NEARUSDT,BUY,LIMIT,1701152162292,648,1.7914
NEARUSDT,BUY,LIMIT,1701155642145,79,1.7752
NEARUSDT,SELL,LIMIT,1701155792526,146,1.7245
NEARUSDT,SELL,LIMIT,1701155845181,332,1.7233
NEARUSDT,SELL,LIMIT,1701156271055,174,1.7191
NEARUSDT,SELL,LIMIT,1701156357153,6,1.7166
NEARUSDT,SELL,LIMIT,1701156371332,1563,1.7159
NEARUSDT,SELL,LIMIT,1701156382539,20377,1.7022
NEARUSDT,SELL,LIMIT,1701156562456,570,1.7120
NEARUSDT,BUY,LIMIT,1701158118623,72,1.7758
NEARUSDT,BUY,LIMIT,1701159725076,355,1.7645
NEARUSDT,SELL,LIMIT,1701161351097,2634,1.7118
NEARUSDT,SELL,LIMIT,1701161456087,770,1.7106
NEARUSDT,SELL,LIMIT,1701162041037,5,1.7079
NEARUSDT,SELL,LIMIT,1701162075155,31,1.7059
NEARUSDT,SELL,LIMIT,1701162634131,2570,1.7047
NEARUSDT,BUY,LIMIT,1701164400169,104,1.7762
NEARUSDT,BUY,LIMIT,1701164930619,82,1.7866
NEARUSDT,BUY,LIMIT,1701165031277,80,1.7899
NEARUSDT,SELL,LIMIT,1701165855064,5668,1.7298
NEARUSDT,BUY,LIMIT,1701166595229,268,1.7904
NEARUSDT,BUY,LIMIT,1701167949537,1060,1.7960
NEARUSDT,SELL,LIMIT,1701168891708,367,1.7335
NEARUSDT,BUY,LIMIT,1701172516429,198,1.8119
NEARUSDT,BUY,LIMIT,1701172631296,101,1.8125
NEARUSDT,SELL,LIMIT,1701176569259,5,1.7434
NEARUSDT,SELL,LIMIT,1701176590104,2105,1.7429
NEARUSDT,SELL,LIMIT,1701176629056,83,1.7423
NEARUSDT,SELL,LIMIT,1701176733495,871,1.7421
NEARUSDT,BUY,LIMIT,1701179761247,2696,1.8152
NEARUSDT,BUY,LIMIT,1701179946916,166,1.8155
NEARUSDT,SELL,LIMIT,1701185364203,2956,1.7508
NEARUSDT,SELL,LIMIT,1701185403128,5434,1.7488
NEARUSDT,SELL,LIMIT,1701185470445,3,1.7474
NEARUSDT,SELL,LIMIT,1701185503415,146,1.7464
NEARUSDT,SELL,LIMIT,1701185916393,1163,1.7438
NEARUSDT,BUY,LIMIT,1701186219180,169,1.8145
NEARUSDT,BUY,LIMIT,1701186326301,27,1.8162
NEARUSDT,BUY,LIMIT,1701186397160,91,1.8189
NEARUSDT,BUY,LIMIT,1701186398352,193,1.8225
NEARUSDT,BUY,LIMIT,1701187238885,128,1.8187
NEARUSDT,SELL,LIMIT,1701188074570,378,1.7559
NEARUSDT,BUY,LIMIT,1701189365074,112,1.8147
NEARUSDT,BUY,LIMIT,1701189964514,5360,1.8278
NEARUSDT,BUY,LIMIT,1701190004238,340,1.8305
NEARUSDT,BUY,LIMIT,1701190009080,108,1.8306
NEARUSDT,BUY,LIMIT,1701190336167,3000,1.8366
NEARUSDT,BUY,LIMIT,1701190353582,1280,1.8384
NEARUSDT,SELL,LIMIT,1701191246651,1721,1.7704
NEARUSDT,SELL,LIMIT,1701191256396,45,1.7691
NEARUSDT,SELL,LIMIT,1701191970365,2100,1.7735
NEARUSDT,BUY,LIMIT,1701192145341,77,1.8409
NEARUSDT,BUY,LIMIT,1701192163128,5000,1.8421
NEARUSDT,BUY,LIMIT,1701192164897,8,1.8423
NEARUSDT,BUY,LIMIT,1701192168574,9,1.8427
NEARUSDT,BUY,LIMIT,1701192282142,802,1.8437
NEARUSDT,BUY,LIMIT,1701192670078,904,1.8382
NEARUSDT,BUY,LIMIT,1701193683554,278,1.8448
NEARUSDT,BUY,LIMIT,1701194004066,14,1.8476
NEARUSDT,BUY,LIMIT,1701194210351,260,1.8493
NEARUSDT,SELL,LIMIT,1701194822686,145,1.7861
NEARUSDT,SELL,LIMIT,1701197406568,40,1.7790
NEARUSDT,SELL,LIMIT,1701197410223,36,1.7785
NEARUSDT,SELL,LIMIT,1701197517924,37,1.7732
NEARUSDT,SELL,LIMIT,1701197853682,10,1.7769
NEARUSDT,BUY,LIMIT,1701200475258,267,1.8381
NEARUSDT,BUY,LIMIT,1701200495668,216,1.8401
NEARUSDT,SELL,LIMIT,1701202027061,65,1.7786
NEARUSDT,SELL,LIMIT,1701207136124,452,1.7833
NEARUSDT,SELL,LIMIT,1701211965708,526,1.7719
NEARUSDT,BUY,LIMIT,1701212946661,12,1.8362
NEARUSDT,BUY,LIMIT,1701217281643,1789,1.8478
NEARUSDT,BUY,LIMIT,1701217914098,16,1.8548
NEARUSDT,BUY,LIMIT,1701217933288,27,1.8580
NEARUSDT,BUY,LIMIT,1701218488420,4592,1.8578
NEARUSDT,SELL,LIMIT,1701222563520,374,1.7968
NEARUSDT,BUY,LIMIT,1701229936718,4792,1.8633
NEARUSDT,BUY,LIMIT,1701237989260,22,1.8696
NEARUSDT,BUY,LIMIT,1701238002219,2671,1.8703
NEARUSDT,BUY,LIMIT,1701238253922,59,1.8740
NEARUSDT,BUY,LIMIT,1701238256995,4098,1.8748
NEARUSDT,BUY,LIMIT,1701238259620,16,1.8753
NEARUSDT,BUY,LIMIT,1701238282305,37,1.8763
NEARUSDT,BUY,LIMIT,1701238319155,28,1.8794
NEARUSDT,BUY,LIMIT,1701240063342,667,1.8817
NEARUSDT,BUY,LIMIT,1701240255688,1269,1.8842
NEARUSDT,BUY,LIMIT,1701241346289,57,1.8993
NEARUSDT,BUY,LIMIT,1701241390822,203,1.9016
NEARUSDT,BUY,LIMIT,1701241881671,135,1.9065
NEARUSDT,BUY,LIMIT,1701241883778,480,1.9064
NEARUSDT,BUY,LIMIT,1701242030705,1244,1.9077
NEARUSDT,BUY,LIMIT,1701242032198,64,1.9083
NEARUSDT,BUY,LIMIT,1701242794253,27,1.9099
NEARUSDT,BUY,LIMIT,1701242833720,108,1.9112
NEARUSDT,BUY,LIMIT,1701242858942,2822,1.9123
NEARUSDT,SELL,LIMIT,1701243530362,5,1.8437
NEARUSDT,BUY,LIMIT,1701243890951,27,1.8986
NEARUSDT,BUY,LIMIT,1701245349260,3000,1.9077
NEARUSDT,BUY,LIMIT,1701245356055,426,1.9078
NEARUSDT,SELL,LIMIT,1701245923225,53,1.8429
NEARUSDT,SELL,LIMIT,1701246722908,10,1.8382
NEARUSDT,BUY,LIMIT,1701247580208,830,1.9038
NEARUSDT,BUY,LIMIT,1701247944098,1080,1.9134
NEARUSDT,BUY,LIMIT,1701247951005,536,1.9135
NEARUSDT,BUY,LIMIT,1701247986224,20,1.9137
NEARUSDT,BUY,LIMIT,1701248036341,3993,1.9148
NEARUSDT,BUY,LIMIT,1701248051137,315,1.9144
NEARUSDT,BUY,LIMIT,1701248363756,91,1.9141
NEARUSDT,BUY,LIMIT,1701248409072,54,1.9155
NEARUSDT,BUY,LIMIT,1701248433214,100,1.9173
NEARUSDT,SELL,LIMIT,1701250196249,26,1.8481
NEARUSDT,SELL,LIMIT,1701250258323,157,1.8419
NEARUSDT,SELL,LIMIT,1701253165952,974,1.8380
NEARUSDT,SELL,LIMIT,1701253171516,106,1.8368
NEARUSDT,SELL,LIMIT,1701253412138,6,1.8356
NEARUSDT,SELL,LIMIT,1701253631368,16,1.8329
NEARUSDT,SELL,LIMIT,1701254042331,571,1.8307
NEARUSDT,SELL,LIMIT,1701254066151,307,1.8284
NEARUSDT,SELL,LIMIT,1701254129424,253,1.8277
NEARUSDT,SELL,LIMIT,1701254253638,523,1.8252
NEARUSDT,SELL,LIMIT,1701254412658,2737,1.8206
NEARUSDT,SELL,LIMIT,1701254650465,560,1.8162
NEARUSDT,SELL,LIMIT,1701260293591,88,1.8167
NEARUSDT,BUY,LIMIT,1701261259519,270,1.8834
NEARUSDT,SELL,LIMIT,1701261457035,1142,1.8194
NEARUSDT,SELL,LIMIT,1701262600387,108,1.8152
NEARUSDT,SELL,LIMIT,1701264375415,67,1.8105
NEARUSDT,SELL,LIMIT,1701264495760,500,1.8074
NEARUSDT,SELL,LIMIT,1701264620404,52,1.8046
NEARUSDT,SELL,LIMIT,1701265689866,140,1.8016
NEARUSDT,SELL,LIMIT,1701265824857,135,1.7972
NEARUSDT,SELL,LIMIT,1701268371267,154,1.7936
NEARUSDT,SELL,LIMIT,1701268386001,56,1.7919
NEARUSDT,SELL,LIMIT,1701268454305,500,1.7950
NEARUSDT,SELL,LIMIT,1701269157616,1379,1.7897
NEARUSDT,SELL,LIMIT,1701269257749,232,1.7858
NEARUSDT,SELL,LIMIT,1701269296132,812,1.7848
NEARUSDT,SELL,LIMIT,1701270335145,142,1.7821
NEARUSDT,SELL,LIMIT,1701270439218,53,1.7798
NEARUSDT,SELL,LIMIT,1701270440677,23,1.7793
NEARUSDT,SELL,LIMIT,1701270446512,111,1.7782
NEARUSDT,SELL,LIMIT,1701270449039,55,1.7776
NEARUSDT,SELL,LIMIT,1701270536810,111,1.7767
NEARUSDT,SELL,LIMIT,1701270551958,2705,1.7753
NEARUSDT,SELL,LIMIT,1701270555268,786,1.7748
NEARUSDT,SELL,LIMIT,1701270585455,379,1.7726
NEARUSDT,SELL,LIMIT,1701270591326,210,1.7720
NEARUSDT,SELL,LIMIT,1701270616721,188,1.7709
NEARUSDT,SELL,LIMIT,1701270618838,12938,1.7583
NEARUSDT,SELL,LIMIT,1701270622410,537,1.7675
NEARUSDT,BUY,LIMIT,1701270919594,5,1.8209
NEARUSDT,SELL,LIMIT,1701272888052,101,1.7930
NEARUSDT,SELL,LIMIT,1701275595195,21,1.7766
NEARUSDT,SELL,LIMIT,1701275810843,1027,1.7758
NEARUSDT,SELL,LIMIT,1701275835310,389,1.7736
NEARUSDT,BUY,LIMIT,1701284072378,42,1.8525
NEARUSDT,SELL,LIMIT,1701286335932,5476,1.7878
NEARUSDT,SELL,LIMIT,1701289722298,9,1.7788
NEARUSDT,SELL,LIMIT,1701289744631,99,1.7778
NEARUSDT,SELL,LIMIT,1701290344686,69,1.7700
NEARUSDT,SELL,LIMIT,1701290347001,666,1.7692
NEARUSDT,BUY,LIMIT,1701295434832,2357,1.8310
NEARUSDT,BUY,LIMIT,1701303864578,141,1.8286
NEARUSDT,BUY,LIMIT,1701305161790,415,1.8348
NEARUSDT,SELL,LIMIT,1701309609559,1008,1.7659
NEARUSDT,SELL,LIMIT,1701309614474,255,1.7660
NEARUSDT,SELL,LIMIT,1701309686776,951,1.7649
NEARUSDT,SELL,LIMIT,1701310775710,25,1.7622
NEARUSDT,SELL,LIMIT,1701310934074,12,1.7611
NEARUSDT,BUY,LIMIT,1701311399518,5592,1.8229
NEARUSDT,BUY,LIMIT,1701311979453,157,1.8289
NEARUSDT,BUY,LIMIT,1701313094149,832,1.8448
NEARUSDT,BUY,LIMIT,1701313099557,4,1.8446
NEARUSDT,SELL,LIMIT,1701313690147,250,1.7822
NEARUSDT,BUY,LIMIT,1701315592114,39,1.8474
NEARUSDT,BUY,LIMIT,1701316735136,744,1.8632
NEARUSDT,BUY,LIMIT,1701316740794,8,1.8638
NEARUSDT,BUY,LIMIT,1701316792198,167,1.8649
NEARUSDT,BUY,LIMIT,1701317185543,189,1.8718
NEARUSDT,BUY,LIMIT,1701317811960,4169,1.8783
NEARUSDT,BUY,LIMIT,1701318018111,1560,1.8857
NEARUSDT,BUY,LIMIT,1701318019173,4,1.8846
NEARUSDT,SELL,LIMIT,1701319645812,5228,1.8166
NEARUSDT,SELL,LIMIT,1701320883012,244,1.8037
NEARUSDT,SELL,LIMIT,1701320884309,135,1.8037
NEARUSDT,SELL,LIMIT,1701323734567,3,1.8006
NEARUSDT,BUY,LIMIT,1701325838827,12,1.8697
NEARUSDT,SELL,LIMIT,1701326585323,456,1.8086
NEARUSDT,SELL,LIMIT,1701327055460,97,1.7954
NEARUSDT,BUY,LIMIT,1701327176194,407,1.8575
NEARUSDT,SELL,LIMIT,1701331751790,100,1.7978
NEARUSDT,BUY,LIMIT,1701332131575,84,1.8630
NEARUSDT,SELL,LIMIT,1701332775214,100,1.7980
NEARUSDT,SELL,LIMIT,1701333563410,197,1.7940
NEARUSDT,SELL,LIMIT,1701333727375,13,1.7907
NEARUSDT,SELL,LIMIT,1701335470894,1988,1.7902
NEARUSDT,SELL,LIMIT,1701335542743,1735,1.7872
NEARUSDT,BUY,LIMIT,1701338414271,60,1.8677
NEARUSDT,BUY,LIMIT,1701338438360,34,1.8708
NEARUSDT,BUY,LIMIT,1701338445332,94,1.8733
NEARUSDT,BUY,LIMIT,1701344174559,17,1.8869
NEARUSDT,BUY,LIMIT,1701344232444,1639,1.8908
NEARUSDT,BUY,LIMIT,1701350220107,51,1.8993
NEARUSDT,BUY,LIMIT,1701350232764,64,1.9028
NEARUSDT,BUY,LIMIT,1701351841238,82,1.9075
NEARUSDT,BUY,LIMIT,1701351842300,23,1.9072
NEARUSDT,BUY,LIMIT,1701351855057,5341,1.9090
NEARUSDT,BUY,LIMIT,1701351953521,100,1.9110
NEARUSDT,BUY,LIMIT,1701351972319,106,1.9125
NEARUSDT,SELL,LIMIT,1701352224313,407,1.8464
NEARUSDT,SELL,LIMIT,1701352235238,294,1.8429
NEARUSDT,SELL,LIMIT,1701353003537,150,1.8316
NEARUSDT,SELL,LIMIT,1701353012630,2275,1.8304
NEARUSDT,SELL,LIMIT,1701355436193,870,1.8284
NEARUSDT,BUY,LIMIT,1701355919725,79,1.8939
NEARUSDT,BUY,LIMIT,1701356434539,3791,1.8968
NEARUSDT,BUY,LIMIT,1701357205889,174,1.9019
NEARUSDT,BUY,LIMIT,1701357227382,4,1.9040
NEARUSDT,BUY,LIMIT,1701357425544,130,1.9094
NEARUSDT,BUY,LIMIT,1701357699301,650,1.9111
NEARUSDT,BUY,LIMIT,1701357757277,21,1.9136
NEARUSDT,BUY,LIMIT,1701357795123,36,1.9141
NEARUSDT,BUY,LIMIT,1701357810190,71,1.9149
NEARUSDT,SELL,LIMIT,1701359171118,1324,1.8503
NEARUSDT,SELL,LIMIT,1701359291038,194,1.8463
NEARUSDT,SELL,LIMIT,1701359414607,395,1.8435
NEARUSDT,BUY,LIMIT,1701360898878,3050,1.9125
NEARUSDT,SELL,LIMIT,1701362599834,10,1.8478
NEARUSDT,SELL,LIMIT,1701362633464,141,1.8471
NEARUSDT,SELL,LIMIT,1701363371234,9,1.8424
NEARUSDT,SELL,LIMIT,1701363379319,12,1.8421
NEARUSDT,SELL,LIMIT,1701363621197,34,1.8395
NEARUSDT,SELL,LIMIT,1701364540485,945,1.8350
NEARUSDT,SELL,LIMIT,1701364565979,5296,1.8341
NEARUSDT,SELL,LIMIT,1701364906335,6,1.8285
NEARUSDT,BUY,LIMIT,1701369726957,78,1.8934
NEARUSDT,BUY,LIMIT,1701372684225,56,1.9044
NEARUSDT,BUY,LIMIT,1701378132230,20,1.9134
NEARUSDT,BUY,LIMIT,1701378180108,266,1.9144
NEARUSDT,BUY,LIMIT,1701379251107,510,1.9176
NEARUSDT,SELL,LIMIT,1701381639338,78,1.8513
NEARUSDT,SELL,LIMIT,1701390109198,377,1.8370
NEARUSDT,SELL,LIMIT,1701390382003,85,1.8328
NEARUSDT,SELL,LIMIT,1701390630451,10,1.8290
NEARUSDT,BUY,LIMIT,1701393406639,696,1.8952
NEARUSDT,BUY,LIMIT,1701393533827,162,1.8910
NEARUSDT,BUY,LIMIT,1701393586179,44,1.8990
NEARUSDT,BUY,LIMIT,1701393588051,20,1.8941
NEARUSDT,BUY,LIMIT,1701393695628,13,1.9023
NEARUSDT,BUY,LIMIT,1701393747598,234,1.9015
NEARUSDT,BUY,LIMIT,1701393766724,209,1.9019
NEARUSDT,BUY,LIMIT,1701393807674,209,1.9046
NEARUSDT,BUY,LIMIT,1701393859329,277,1.9051
NEARUSDT,BUY,LIMIT,1701394011270,209,1.9110
NEARUSDT,BUY,LIMIT,1701394013224,165,1.9111
NEARUSDT,BUY,LIMIT,1701394240163,10,1.9184
NEARUSDT,BUY,LIMIT,1701394244705,23,1.9199
NEARUSDT,BUY,LIMIT,1701394250031,31,1.9207
NEARUSDT,BUY,LIMIT,1701394443406,68,1.9219
NEARUSDT,BUY,LIMIT,1701394467626,1959,1.9231
NEARUSDT,BUY,LIMIT,1701394477466,109,1.9239
NEARUSDT,BUY,LIMIT,1701394497764,1063,1.9242
NEARUSDT,BUY,LIMIT,1701394499487,77,1.9245
NEARUSDT,BUY,LIMIT,1701394505237,287,1.9253
NEARUSDT,BUY,LIMIT,1701394520477,40,1.9256
NEARUSDT,BUY,LIMIT,1701394537946,6,1.9260
NEARUSDT,BUY,LIMIT,1701394556926,104,1.9271
NEARUSDT,BUY,LIMIT,1701394580505,6,1.9285
NEARUSDT,BUY,LIMIT,1701394592186,192,1.9290
NEARUSDT,SELL,LIMIT,1701396129257,261,1.8582
NEARUSDT,SELL,LIMIT,1701396293398,125,1.8558
NEARUSDT,SELL,LIMIT,1701396328059,63,1.8545
NEARUSDT,BUY,LIMIT,1701398573050,5367,1.9071
NEARUSDT,BUY,LIMIT,1701399085140,895,1.9155
NEARUSDT,SELL,LIMIT,1701402759938,48,1.8399
NEARUSDT,SELL,LIMIT,1701403211239,558,1.8376
NEARUSDT,SELL,LIMIT,1701403688487,347,1.8348
NEARUSDT,BUY,LIMIT,1701405515309,3,1.8981
NEARUSDT,SELL,LIMIT,1701406467226,128,1.8323
NEARUSDT,SELL,LIMIT,1701407110262,1840,1.8307
NEARUSDT,BUY,LIMIT,1701414450706,940,1.8899
NEARUSDT,BUY,LIMIT,1701414820408,78,1.8986
NEARUSDT,BUY,LIMIT,1701422218284,112,1.9012
NEARUSDT,BUY,LIMIT,1701422224385,537,1.9047
NEARUSDT,BUY,LIMIT,1701422321234,46,1.9103
NEARUSDT,BUY,LIMIT,1701422605708,1321,1.9113
NEARUSDT,BUY,LIMIT,1701424010374,1282,1.9171
NEARUSDT,BUY,LIMIT,1701424012446,306,1.9173
NEARUSDT,BUY,LIMIT,1701424286401,228,1.9220
NEARUSDT,BUY,LIMIT,1701424703144,209,1.9222
NEARUSDT,BUY,LIMIT,1701424821654,139,1.9224
NEARUSDT,SELL,LIMIT,1701425763327,277,1.8572
NEARUSDT,SELL,LIMIT,1701425979242,756,1.8543
NEARUSDT,SELL,LIMIT,1701426989465,326,1.8468
NEARUSDT,SELL,LIMIT,1701427059106,3957,1.8438
NEARUSDT,SELL,LIMIT,1701432775745,31,1.8446
NEARUSDT,SELL,LIMIT,1701435129685,117,1.8390
NEARUSDT,SELL,LIMIT,1701438002250,1274,1.8434
NEARUSDT,SELL,LIMIT,1701438529881,133,1.8397
NEARUSDT,SELL,LIMIT,1701439723551,486,1.8349
NEARUSDT,SELL,LIMIT,1701439729497,3,1.8341
NEARUSDT,BUY,LIMIT,1701441554396,289,1.8972
NEARUSDT,SELL,LIMIT,1701442232059,616,1.8331
NEARUSDT,BUY,LIMIT,1701442939736,279,1.8993
NEARUSDT,BUY,LIMIT,1701442951104,101,1.9003
NEARUSDT,BUY,LIMIT,1701443060002,168,1.9020
NEARUSDT,BUY,LIMIT,1701443862791,17,1.9028
NEARUSDT,BUY,LIMIT,1701444878174,7,1.9075
NEARUSDT,BUY,LIMIT,1701445586462,33,1.9046
NEARUSDT,BUY,LIMIT,1701447536419,14,1.9069
NEARUSDT,BUY,LIMIT,1701447638111,167,1.9093
NEARUSDT,BUY,LIMIT,1701447911741,22,1.9108
NEARUSDT,BUY,LIMIT,1701447917102,16,1.9117
NEARUSDT,BUY,LIMIT,1701447934399,99,1.9102
NEARUSDT,BUY,LIMIT,1701448079965,129,1.9154
NEARUSDT,BUY,LIMIT,1701448128217,159,1.9168
NEARUSDT,BUY,LIMIT,1701449285308,9,1.9182
NEARUSDT,BUY,LIMIT,1701449876715,66,1.9238
NEARUSDT,BUY,LIMIT,1701449916875,11,1.9239
NEARUSDT,BUY,LIMIT,1701449962223,209,1.9244
NEARUSDT,BUY,LIMIT,1701451607055,121,1.9271
NEARUSDT,SELL,LIMIT,1701451946085,356,1.8594
NEARUSDT,SELL,LIMIT,1701452390199,42,1.8563
NEARUSDT,SELL,LIMIT,1701452706240,102,1.8539
NEARUSDT,BUY,LIMIT,1701454567715,172,1.9250
NEARUSDT,BUY,LIMIT,1701454595809,101,1.9246
NEARUSDT,BUY,LIMIT,1701459946906,529,1.9268
NEARUSDT,BUY,LIMIT,1701460042452,307,1.9276
NEARUSDT,BUY,LIMIT,1701468504031,4255,1.9318
NEARUSDT,BUY,LIMIT,1701468506500,231,1.9325
NEARUSDT,BUY,LIMIT,1701468509862,44,1.9327
NEARUSDT,BUY,LIMIT,1701469431295,23,1.9355
NEARUSDT,SELL,LIMIT,1701473677037,133,1.8652
NEARUSDT,SELL,LIMIT,1701473678051,12,1.8657
NEARUSDT,BUY,LIMIT,1701477487066,1052,1.9376
NEARUSDT,BUY,LIMIT,1701477490115,84410,1.9570
NEARUSDT,BUY,LIMIT,1701477493352,1520,1.9415
NEARUSDT,BUY,LIMIT,1701477513419,117,1.9427
NEARUSDT,BUY,LIMIT,1701477519110,4169,1.9444
NEARUSDT,BUY,LIMIT,1701477858491,376,1.9467
NEARUSDT,BUY,LIMIT,1701478331626,4009,1.9488
NEARUSDT,BUY,LIMIT,1701478354123,1914,1.9494
NEARUSDT,BUY,LIMIT,1701478678395,237,1.9502
NEARUSDT,BUY,LIMIT,1701478690259,492,1.9509
NEARUSDT,BUY,LIMIT,1701478736361,2732,1.9523
NEARUSDT,BUY,LIMIT,1701478737705,42,1.9525
NEARUSDT,BUY,LIMIT,1701478743640,1617,1.9528
NEARUSDT,BUY,LIMIT,1701478778105,146,1.9545
NEARUSDT,BUY,LIMIT,1701478849513,289,1.9556
NEARUSDT,BUY,LIMIT,1701478897044,44,1.9563
NEARUSDT,BUY,LIMIT,1701478910193,780,1.9577
NEARUSDT,BUY,LIMIT,1701478918345,1372,1.9583
NEARUSDT,BUY,LIMIT,1701479187364,107,1.9586
NEARUSDT,BUY,LIMIT,1701479189155,64,1.9602
NEARUSDT,BUY,LIMIT,1701479195761,2481,1.9612
NEARUSDT,BUY,LIMIT,1701479199473,39,1.9618
NEARUSDT,BUY,LIMIT,1701479458474,309,1.9628
NEARUSDT,BUY,LIMIT,1701479460572,36,1.9629
NEARUSDT,BUY,LIMIT,1701479519457,68,1.9648
NEARUSDT,BUY,LIMIT,1701479520622,10,1.9658
NEARUSDT,BUY,LIMIT,1701481549531,5321,1.9634
NEARUSDT,BUY,LIMIT,1701482011550,2589,1.9692
NEARUSDT,BUY,LIMIT,1701482012825,30,1.9696
NEARUSDT,BUY,LIMIT,1701482558026,172,1.9723
NEARUSDT,BUY,LIMIT,1701482582224,14,1.9733
NEARUSDT,BUY,LIMIT,1701482588334,152,1.9740
NEARUSDT,BUY,LIMIT,1701482685832,158,1.9759
NEARUSDT,BUY,LIMIT,1701482784807,14,1.9762
NEARUSDT,BUY,LIMIT,1701483054673,155,1.9776
NEARUSDT,BUY,LIMIT,1701483096511,53,1.9786
NEARUSDT,BUY,LIMIT,1701483097542,21,1.9787
NEARUSDT,BUY,LIMIT,1701483217139,81,1.9808
NEARUSDT,BUY,LIMIT,1701483251174,2531,1.9821
NEARUSDT,BUY,LIMIT,1701483262801,32,1.9830
NEARUSDT,BUY,LIMIT,1701483338781,13,1.9837
NEARUSDT,BUY,LIMIT,1701483347129,2266,1.9848
NEARUSDT,BUY,LIMIT,1701483352428,20,1.9850
NEARUSDT,BUY,LIMIT,1701483409258,148,1.9868
NEARUSDT,BUY,LIMIT,1701483508774,14,1.9879
NEARUSDT,BUY,LIMIT,1701483525869,17,1.9897
NEARUSDT,BUY,LIMIT,1701483547228,14,1.9904
NEARUSDT,BUY,LIMIT,1701483548804,670,1.9920
NEARUSDT,BUY,LIMIT,1701483551054,107,1.9921
NEARUSDT,BUY,LIMIT,1701483553276,142,1.9923
NEARUSDT,BUY,LIMIT,1701483565259,84,1.9937
NEARUSDT,BUY,LIMIT,1701483566346,115,1.9937
NEARUSDT,BUY,LIMIT,1701483574082,77,1.9945
NEARUSDT,BUY,LIMIT,1701483715105,47,1.9970
NEARUSDT,SELL,LIMIT,1701484125411,2135,1.9250
NEARUSDT,SELL,LIMIT,1701484552441,200,1.9175
NEARUSDT,SELL,LIMIT,1701484734546,37,1.9226
NEARUSDT,SELL,LIMIT,1701486002341,1,5.3774
NEARUSDT,BUY,LIMIT,1701486003353,8,1.9772
NEARUSDT,BUY,LIMIT,1701486005191,104,1.9788
NEARUSDT,BUY,LIMIT,1701486006200,8,1.9788
NEARUSDT,BUY,LIMIT,1701486007253,94,1.9787
NEARUSDT,SELL,LIMIT,1701489668441,5127,1.9101
NEARUSDT,SELL,LIMIT,1701489670320,372,1.9092
NEARUSDT,SELL,LIMIT,1701489772072,5,1.9083
NEARUSDT,SELL,LIMIT,1701494138105,739,1.9009
NEARUSDT,BUY,LIMIT,1701498281737,5175,1.9712
NEARUSDT,BUY,LIMIT,1701498292389,6,1.9722
NEARUSDT,BUY,LIMIT,1701498703909,51,1.9737
NEARUSDT,BUY,LIMIT,1701500383610,4777,1.9770
NEARUSDT,BUY,LIMIT,1701501171042,26,1.9856
NEARUSDT,BUY,LIMIT,1701501343157,4308,1.9885
NEARUSDT,BUY,LIMIT,1701501381195,15,1.9916
NEARUSDT,BUY,LIMIT,1701501423670,427,1.9924
NEARUSDT,BUY,LIMIT,1701501683975,198,1.9967
NEARUSDT,BUY,LIMIT,1701501685299,748,2.0008
NEARUSDT,BUY,LIMIT,1701501688534,218,2.0038
NEARUSDT,BUY,LIMIT,1701501692826,3400,2.0051
NEARUSDT,SELL,LIMIT,1701502640786,18,1.9360
NEARUSDT,BUY,LIMIT,1701502965271,2550,1.9988
NEARUSDT,BUY,LIMIT,1701504576032,20,2.0046
NEARUSDT,BUY,LIMIT,1701504678730,82,2.0067
NEARUSDT,BUY,LIMIT,1701504680060,110,2.0069
NEARUSDT,BUY,LIMIT,1701505129066,80,2.0109
NEARUSDT,BUY,LIMIT,1701505134762,15,2.0130
NEARUSDT,BUY,LIMIT,1701505138241,1498,2.0142
NEARUSDT,BUY,LIMIT,1701505154091,132,2.0152
NEARUSDT,BUY,LIMIT,1701505203377,208,2.0168
NEARUSDT,BUY,LIMIT,1701507961317,25,2.0117
