Symbol,Side,Order Type,Time,Quantity,Price
NEARUSDT,SELL,LIMIT,1701915012438,3,2.2282
NEARUSDT,SELL,LIMIT,1701917864596,264,2.2316
NEARUSDT,SELL,LIMIT,1701918373905,601,2.2272
NEARUSDT,BUY,LIMIT,1701922919634,4,2.3626
NEARUSDT,BUY,LIMIT,1701923042011,108,2.3684
NEARUSDT,BUY,LIMIT,1701923568190,477,2.3762
NEARUSDT,BUY,LIMIT,1701923630016,845,2.3781
NEARUSDT,BUY,LIMIT,1701923814239,70,2.3867
NEARUSDT,BUY,LIMIT,1701923988118,3,2.3937
NEARUSDT,BUY,LIMIT,1701924043266,317,2.4031
NEARUSDT,BUY,LIMIT,1701924122232,121,2.4092
NEARUSDT,BUY,LIMIT,1701924162798,54,2.4120
NEARUSDT,BUY,LIMIT,1701925970321,106,2.3951
NEARUSDT,SELL,LIMIT,1701929351783,47,2.2997
NEARUSDT,SELL,LIMIT,1701930713886,727,2.2909
NEARUSDT,SELL,LIMIT,1701932559171,10,2.2779
NEARUSDT,SELL,LIMIT,1701933494556,24,2.2717
NEARUSDT,SELL,LIMIT,1701934573259,250,2.2649
NEARUSDT,SELL,LIMIT,1701935738152,92,2.2630
NEARUSDT,SELL,LIMIT,1701936885249,594,2.2633
NEARUSDT,SELL,LIMIT,1701936912776,20,2.2626
NEARUSDT,SELL,LIMIT,1701936980450,86,2.2561
NEARUSDT,SELL,LIMIT,1701937709717,20,2.2487
NEARUSDT,SELL,LIMIT,1701937711695,156,2.2477
NEARUSDT,SELL,LIMIT,1701937825017,14,2.2450
NEARUSDT,SELL,LIMIT,1701939114105,70,2.2409
NEARUSDT,SELL,LIMIT,1701939524131,57,2.2325
NEARUSDT,SELL,LIMIT,1701939547383,128,2.2318
NEARUSDT,SELL,LIMIT,1701939550819,449,2.2311
NEARUSDT,SELL,LIMIT,1701939570419,33,2.2298
NEARUSDT,SELL,LIMIT,1701939951449,602,2.2349
NEARUSDT,SELL,LIMIT,1701939985436,1000,2.2324
NEARUSDT,SELL,LIMIT,1701940006253,25,2.2301
NEARUSDT,SELL,LIMIT,1701940027722,37,2.2277
NEARUSDT,SELL,LIMIT,1701940048437,44,2.2271
NEARUSDT,SELL,LIMIT,1701940522807,4244,2.2281
NEARUSDT,SELL,LIMIT,1701940525348,9,2.2277
NEARUSDT,SELL,LIMIT,1701940540132,3,2.2270
NEARUSDT,SELL,LIMIT,1701940554403,761,2.2291
NEARUSDT,SELL,LIMIT,1701940560129,20,2.2235
NEARUSDT,SELL,LIMIT,1701940561712,2324,2.2228
NEARUSDT,SELL,LIMIT,1701940563235,37,2.2212
NEARUSDT,SELL,LIMIT,1701940569349,51,2.2190
NEARUSDT,SELL,LIMIT,1701941013965,11,2.2195
NEARUSDT,SELL,LIMIT,1701941052623,5,2.2174
NEARUSDT,SELL,LIMIT,1701941074296,82,2.2140
NEARUSDT,SELL,LIMIT,1701941110909,127,2.2134
NEARUSDT,SELL,LIMIT,1701941151034,500,2.2094
NEARUSDT,SELL,LIMIT,1701941154314,4143,2.2091
NEARUSDT,SELL,LIMIT,1701941160161,668,2.2066
NEARUSDT,SELL,LIMIT,1701941161488,16,2.2039
NEARUSDT,SELL,LIMIT,1701941164620,29,2.2037
NEARUSDT,SELL,LIMIT,1701941174193,114,2.2008
NEARUSDT,SELL,LIMIT,1701941180634,4397,2.2008
NEARUSDT,SELL,LIMIT,1701941182651,30,2.1983
NEARUSDT,SELL,LIMIT,1701941185659,368,2.1976
NEARUSDT,SELL,LIMIT,1701941188347,36,2.1961
NEARUSDT,SELL,LIMIT,1701941189788,182,2.2041
NEARUSDT,SELL,LIMIT,1701941193290,68,2.1938
NEARUSDT,SELL,LIMIT,1701941218724,956,2.1950
NEARUSDT,SELL,LIMIT,1701941225764,10,2.1946
NEARUSDT,SELL,LIMIT,1701941234348,153,2.1938
NEARUSDT,SELL,LIMIT,1701941236345,4,2.1930
NEARUSDT,SELL,LIMIT,1701941239297,10,2.1906
NEARUSDT,SELL,LIMIT,1701941245712,22,2.1912
NEARUSDT,SELL,LIMIT,1701941247090,7,2.1877
NEARUSDT,BUY,LIMIT,1701941588242,223,2.2782
NEARUSDT,BUY,LIMIT,1701942178307,26,2.2964
NEARUSDT,BUY,LIMIT,1701942506268,44,2.3069
NEARUSDT,SELL,LIMIT,1701943624462,14,2.2331
NEARUSDT,SELL,LIMIT,1701944184261,1230,2.2285
NEARUSDT,SELL,LIMIT,1701944410380,33,2.2282
NEARUSDT,SELL,LIMIT,1701946353038,7,2.2092
NEARUSDT,SELL,LIMIT,1701946481125,3,2.2051
NEARUSDT,BUY,LIMIT,1701947851155,2369,2.2812
NEARUSDT,BUY,LIMIT,1701951259562,2231,2.2856
NEARUSDT,SELL,LIMIT,1701953668152,88,2.2182
NEARUSDT,BUY,LIMIT,1701953976591,1,2.2847
NEARUSDT,SELL,LIMIT,1701954509072,96,2.2169
NEARUSDT,SELL,LIMIT,1701954659175,4416,2.2122
NEARUSDT,SELL,LIMIT,1701954660327,91,2.2105
NEARUSDT,SELL,LIMIT,1701954782238,988,2.2105
NEARUSDT,SELL,LIMIT,1701954928098,3,2.2058
NEARUSDT,SELL,LIMIT,1701954929135,4444,2.2056
NEARUSDT,BUY,LIMIT,1701955690132,328,2.2843
NEARUSDT,SELL,LIMIT,1701957078929,22,2.2009
NEARUSDT,BUY,LIMIT,1701959636951,28,2.2876
NEARUSDT,BUY,LIMIT,1701961331232,137,2.2958
NEARUSDT,BUY,LIMIT,1701962511248,205,2.3030
NEARUSDT,BUY,LIMIT,1701962552274,6,2.3079
NEARUSDT,BUY,LIMIT,1701962904189,50,2.3212
NEARUSDT,BUY,LIMIT,1701962907476,85,2.3213
NEARUSDT,BUY,LIMIT,1701962909197,1234,2.3223
NEARUSDT,BUY,LIMIT,1701963000220,8,2.3243
NEARUSDT,BUY,LIMIT,1701963002087,222,2.3248
NEARUSDT,BUY,LIMIT,1701963041218,226,2.3295
NEARUSDT,BUY,LIMIT,1701963699941,135,2.3328
NEARUSDT,SELL,LIMIT,1701963968663,130,2.2465
NEARUSDT,SELL,LIMIT,1701964516608,88,2.2403
NEARUSDT,SELL,LIMIT,1701964898172,217,2.2334
NEARUSDT,SELL,LIMIT,1701964907149,48,2.2314
NEARUSDT,SELL,LIMIT,1701964915537,30,2.2312
NEARUSDT,SELL,LIMIT,1701964924094,51,2.2306
NEARUSDT,SELL,LIMIT,1701964925268,641,2.2299
NEARUSDT,SELL,LIMIT,1701964929085,53,2.2288
NEARUSDT,BUY,LIMIT,1701965323116,33,2.2940
NEARUSDT,SELL,LIMIT,1701965376394,63,2.2256
NEARUSDT,BUY,LIMIT,1701966410560,1204,2.3200
NEARUSDT,BUY,LIMIT,1701966451173,547,2.3221
NEARUSDT,BUY,LIMIT,1701966810278,1722,2.3241
NEARUSDT,BUY,LIMIT,1701966878387,651,2.3318
NEARUSDT,SELL,LIMIT,1701967652888,125,2.2552
NEARUSDT,BUY,LIMIT,1701967803314,9404,2.3499
NEARUSDT,BUY,LIMIT,1701967844551,2088,2.3405
NEARUSDT,BUY,LIMIT,1701968171920,590,2.3479
NEARUSDT,BUY,LIMIT,1701968180173,29,2.3487
NEARUSDT,BUY,LIMIT,1701968403783,536,2.3490
NEARUSDT,BUY,LIMIT,1701968410902,4375,2.3511
NEARUSDT,SELL,LIMIT,1701968551703,29,2.2690
NEARUSDT,BUY,LIMIT,1701968979694,9,2.3458
NEARUSDT,BUY,LIMIT,1701969246089,3,2.3542
NEARUSDT,BUY,LIMIT,1701969251181,428,2.3545
NEARUSDT,BUY,LIMIT,1701969264094,2235,2.3559
NEARUSDT,BUY,LIMIT,1701970176871,490,2.3523
NEARUSDT,BUY,LIMIT,1701970181767,233,2.3563
NEARUSDT,SELL,LIMIT,1701970718468,43,2.2723
NEARUSDT,SELL,LIMIT,1701971003523,3,2.2582
NEARUSDT,SELL,LIMIT,1701971017392,906,2.2551
NEARUSDT,SELL,LIMIT,1701972548318,4370,2.2404
NEARUSDT,SELL,LIMIT,1701972781319,820,2.2357
NEARUSDT,SELL,LIMIT,1701972783343,87,2.2349
NEARUSDT,SELL,LIMIT,1701972807290,118,2.2339
NEARUSDT,SELL,LIMIT,1701972891791,220,2.2331
NEARUSDT,SELL,LIMIT,1701972943244,3,2.2306
NEARUSDT,SELL,LIMIT,1701972949075,1092,2.2297
NEARUSDT,SELL,LIMIT,1701974154107,566,2.2267
NEARUSDT,SELL,LIMIT,1701974245940,110,2.2228
NEARUSDT,SELL,LIMIT,1701974304857,9,2.2203
NEARUSDT,SELL,LIMIT,1701974582883,221,2.2174
NEARUSDT,SELL,LIMIT,1701974682040,18,2.2146
NEARUSDT,SELL,LIMIT,1701974761423,54,2.2126
NEARUSDT,SELL,LIMIT,1701975889379,217,2.2094
NEARUSDT,SELL,LIMIT,1701976276093,1167,2.2047
NEARUSDT,SELL,LIMIT,1701976280575,1457,2.2030
NEARUSDT,SELL,LIMIT,1701976365617,992,2.2005
NEARUSDT,SELL,LIMIT,1701976456155,500,2.1990
NEARUSDT,SELL,LIMIT,1701976680098,18,2.1973
NEARUSDT,SELL,LIMIT,1701976819433,872,2.1929
NEARUSDT,SELL,LIMIT,1701976871782,238,2.1909
NEARUSDT,SELL,LIMIT,1701977167547,304,2.1892
NEARUSDT,SELL,LIMIT,1701977182180,38,2.1866
NEARUSDT,SELL,LIMIT,1701977183382,131,2.1861
NEARUSDT,SELL,LIMIT,1701977273314,13059,2.1710
NEARUSDT,SELL,LIMIT,1701977295340,8,2.1842
NEARUSDT,SELL,LIMIT,1701977297026,1388,2.1836
NEARUSDT,SELL,LIMIT,1701977334324,175,2.1820
NEARUSDT,SELL,LIMIT,1701978239650,82,2.1854
NEARUSDT,SELL,LIMIT,1701978295097,1479,2.1818
NEARUSDT,SELL,LIMIT,1701978300100,16,2.1811
NEARUSDT,SELL,LIMIT,1701981501219,44,2.1875
NEARUSDT,BUY,LIMIT,1701982662699,4492,2.2731
NEARUSDT,BUY,LIMIT,1701983872058,314,2.2775
NEARUSDT,BUY,LIMIT,1701983876450,210,2.2782
NEARUSDT,BUY,LIMIT,1701984742308,25,2.2892
NEARUSDT,BUY,LIMIT,1701985347144,22,2.2990
NEARUSDT,BUY,LIMIT,1701985516172,1406,2.3008
NEARUSDT,SELL,LIMIT,1701985882151,51,2.2217
NEARUSDT,BUY,LIMIT,1701987267435,167,2.3080
NEARUSDT,BUY,LIMIT,1701987273680,1495,2.3087
NEARUSDT,BUY,LIMIT,1701987999011,535,2.3201
NEARUSDT,BUY,LIMIT,1701988064888,64,2.3217
NEARUSDT,SELL,LIMIT,1701988392160,53,2.2310
NEARUSDT,SELL,LIMIT,1701989039227,989,2.2253
NEARUSDT,BUY,LIMIT,1701993897580,219,2.3130
NEARUSDT,BUY,LIMIT,1701994148433,65,2.3147
NEARUSDT,SELL,LIMIT,1701994863869,16,2.2397
NEARUSDT,SELL,LIMIT,1701997746257,3253,2.2143
NEARUSDT,SELL,LIMIT,1701997757143,3,2.2120
NEARUSDT,BUY,LIMIT,1701998190971,125,2.2945
NEARUSDT,SELL,LIMIT,1701999333740,798,2.2215
NEARUSDT,SELL,LIMIT,1701999408276,562,2.2051
NEARUSDT,SELL,LIMIT,1701999435712,220,2.2003
NEARUSDT,SELL,LIMIT,1702003027053,148,2.1927
NEARUSDT,SELL,LIMIT,1702003692405,702,2.1922
NEARUSDT,BUY,LIMIT,1702005677653,93,2.2786
NEARUSDT,BUY,LIMIT,1702005799814,615,2.2737
NEARUSDT,SELL,LIMIT,1702006234682,57,2.1998
NEARUSDT,BUY,LIMIT,1702006669105,7,2.2641
NEARUSDT,BUY,LIMIT,1702006968208,469,2.2797
NEARUSDT,BUY,LIMIT,1702007011002,28,2.2831
NEARUSDT,SELL,LIMIT,1702008354378,40,2.2027
NEARUSDT,SELL,LIMIT,1702010141987,236,2.2022
NEARUSDT,SELL,LIMIT,1702011139902,98,2.1927
NEARUSDT,BUY,LIMIT,1702013373442,124,2.2663
NEARUSDT,BUY,LIMIT,1702015976343,2,2.2789
NEARUSDT,BUY,LIMIT,1702015985298,22,2.2806
NEARUSDT,BUY,LIMIT,1702016007922,29,2.2829
NEARUSDT,BUY,LIMIT,1702017446177,454,2.2833
NEARUSDT,BUY,LIMIT,1702018380321,35,2.2776
NEARUSDT,SELL,LIMIT,1702019158773,2503,2.2092
NEARUSDT,SELL,LIMIT,1702020572838,94,2.1977
NEARUSDT,SELL,LIMIT,1702020628180,15,2.1964
NEARUSDT,SELL,LIMIT,1702020643746,416,2.1936
NEARUSDT,SELL,LIMIT,1702020651783,221,2.1933
NEARUSDT,SELL,LIMIT,1702021899308,184,2.1888
NEARUSDT,SELL,LIMIT,1702021926468,66,2.1884
NEARUSDT,SELL,LIMIT,1702021953257,278,2.1862
NEARUSDT,SELL,LIMIT,1702022177526,1076,2.1857
NEARUSDT,SELL,LIMIT,1702022245800,2086,2.1834
NEARUSDT,SELL,LIMIT,1702022267110,76,2.1815
NEARUSDT,SELL,LIMIT,1702022340422,79,2.1793
NEARUSDT,SELL,LIMIT,1702022405519,90,2.1798
NEARUSDT,SELL,LIMIT,1702022421217,408,2.1793
NEARUSDT,SELL,LIMIT,1702022458013,433,2.1780
NEARUSDT,SELL,LIMIT,1702022473854,72,2.1771
NEARUSDT,SELL,LIMIT,1702022490736,98,2.1763
NEARUSDT,SELL,LIMIT,1702022496900,24,2.1756
NEARUSDT,SELL,LIMIT,1702022501371,1334,2.1744
NEARUSDT,SELL,LIMIT,1702022504174,191,2.1739
NEARUSDT,SELL,LIMIT,1702022526809,199,2.1719
NEARUSDT,SELL,LIMIT,1702022528218,23,2.1714
NEARUSDT,SELL,LIMIT,1702023408978,475,2.1706
NEARUSDT,SELL,LIMIT,1702023671315,2102,2.1696
NEARUSDT,SELL,LIMIT,1702023673254,75,2.1684
NEARUSDT,SELL,LIMIT,1702025332577,50,2.1723
NEARUSDT,SELL,LIMIT,1702025883640,3,2.1684
NEARUSDT,SELL,LIMIT,1702025901369,414,2.1675
NEARUSDT,SELL,LIMIT,1702025905272,1813,2.1664
NEARUSDT,SELL,LIMIT,1702025906315,24,2.1660
NEARUSDT,SELL,LIMIT,1702025907641,2581,2.1647
NEARUSDT,SELL,LIMIT,1702026014492,444,2.1617
NEARUSDT,SELL,LIMIT,1702026016549,3753,2.1614
NEARUSDT,SELL,LIMIT,1702026017726,8,2.1608
NEARUSDT,SELL,LIMIT,1702026970215,819,2.1611
NEARUSDT,BUY,LIMIT,1702027171320,246,2.2409
NEARUSDT,BUY,LIMIT,1702027624265,12,2.2469
NEARUSDT,SELL,LIMIT,1702028513829,3941,2.1693
NEARUSDT,BUY,LIMIT,1702028862263,1443,2.2476
NEARUSDT,SELL,LIMIT,1702029279239,4518,2.1672
NEARUSDT,BUY,LIMIT,1702030136680,344,2.2450
NEARUSDT,BUY,LIMIT,1702032948061,95,2.2573
NEARUSDT,BUY,LIMIT,1702033114463,3,2.2622
NEARUSDT,SELL,LIMIT,1702033813994,44,2.1956
NEARUSDT,BUY,LIMIT,1702034996159,597,2.2690
NEARUSDT,SELL,LIMIT,1702035157863,98,2.2015
NEARUSDT,BUY,LIMIT,1702035164063,1,2.1826
NEARUSDT,BUY,LIMIT,1702035271039,4,2.2766
NEARUSDT,BUY,LIMIT,1702035412032,93,2.2815
NEARUSDT,BUY,LIMIT,1702035543506,135,2.2846
NEARUSDT,BUY,LIMIT,1702035734214,32,2.2887
NEARUSDT,BUY,LIMIT,1702035867475,1033,2.2935
NEARUSDT,BUY,LIMIT,1702035922330,73,2.2989
NEARUSDT,BUY,LIMIT,1702036203885,454,2.3019
NEARUSDT,BUY,LIMIT,1702036260932,1303,2.3050
NEARUSDT,BUY,LIMIT,1702036264867,497,2.3059
NEARUSDT,BUY,LIMIT,1702036344187,2110,2.3099
NEARUSDT,BUY,LIMIT,1702036469699,8,2.3149
NEARUSDT,SELL,LIMIT,1702036630907,232,2.2365
NEARUSDT,BUY,LIMIT,1702036892596,576,2.3183
NEARUSDT,SELL,LIMIT,1702037211332,244,2.2299
NEARUSDT,SELL,LIMIT,1702037394574,7,2.2348
NEARUSDT,SELL,LIMIT,1702037713268,217,2.2237
NEARUSDT,BUY,LIMIT,1702038096262,1642,2.3057
NEARUSDT,BUY,LIMIT,1702038126698,4,2.3078
NEARUSDT,SELL,LIMIT,1702039058524,112,2.2335
NEARUSDT,BUY,LIMIT,1702039112120,182,2.3159
NEARUSDT,SELL,LIMIT,1702040263364,1271,2.2451
NEARUSDT,BUY,LIMIT,1702040290500,544,2.3078
NEARUSDT,SELL,LIMIT,1702040432807,157,2.2367
NEARUSDT,SELL,LIMIT,1702040486102,50,2.2322
NEARUSDT,SELL,LIMIT,1702040534786,4387,2.2316
NEARUSDT,SELL,LIMIT,1702040832137,538,2.2295
NEARUSDT,SELL,LIMIT,1702040855744,3,2.2286
NEARUSDT,SELL,LIMIT,1702041026182,55,2.2244
NEARUSDT,BUY,LIMIT,1702041970869,459,2.3160
NEARUSDT,BUY,LIMIT,1702042056381,1651,2.3200
NEARUSDT,SELL,LIMIT,1702042238296,105,2.2370
NEARUSDT,SELL,LIMIT,1702042240428,303,2.2357
NEARUSDT,SELL,LIMIT,1702042535040,4,2.2360
NEARUSDT,BUY,LIMIT,1702043037333,250,2.3170
NEARUSDT,BUY,LIMIT,1702043159473,296,2.3215
NEARUSDT,BUY,LIMIT,1702043242116,4,2.3239
NEARUSDT,BUY,LIMIT,1702043257072,12,2.3257
NEARUSDT,BUY,LIMIT,1702043258154,211,2.3257
NEARUSDT,BUY,LIMIT,1702043370411,871,2.3305
NEARUSDT,BUY,LIMIT,1702043372463,5,2.3312
NEARUSDT,BUY,LIMIT,1702043693271,357,2.3339
NEARUSDT,SELL,LIMIT,1702043853372,664,2.2532
NEARUSDT,SELL,LIMIT,1702044332541,20,2.2524
NEARUSDT,SELL,LIMIT,1702044400090,97,2.2517
NEARUSDT,SELL,LIMIT,1702044402177,940,2.2497
NEARUSDT,SELL,LIMIT,1702044415337,33,2.2448
NEARUSDT,SELL,LIMIT,1702044450519,4237,2.2415
NEARUSDT,SELL,LIMIT,1702044513114,10,2.2397
NEARUSDT,BUY,LIMIT,1702044700309,6,2.3222
NEARUSDT,SELL,LIMIT,1702045290676,437,2.2359
NEARUSDT,BUY,LIMIT,1702045734182,46,2.3212
NEARUSDT,BUY,LIMIT,1702045885456,38,2.3213
NEARUSDT,BUY,LIMIT,1702045892587,172,2.3231
NEARUSDT,BUY,LIMIT,1702045929134,443,2.3266
NEARUSDT,BUY,LIMIT,1702045930297,261,2.3265
NEARUSDT,BUY,LIMIT,1702045958340,592,2.3280
NEARUSDT,BUY,LIMIT,1702047070624,14,2.3395
NEARUSDT,SELL,LIMIT,1702047163083,1175,2.2613
NEARUSDT,SELL,LIMIT,1702047187212,1594,2.2586
NEARUSDT,SELL,LIMIT,1702047194124,19,2.2566
NEARUSDT,SELL,LIMIT,1702047225144,619,2.2526
NEARUSDT,SELL,LIMIT,1702047233841,217,2.2490
NEARUSDT,BUY,LIMIT,1702047600441,655,2.3305
NEARUSDT,BUY,LIMIT,1702047700059,655,2.3373
NEARUSDT,BUY,LIMIT,1702047876615,2842,2.3437
NEARUSDT,BUY,LIMIT,1702048054145,1901,2.3462
NEARUSDT,BUY,LIMIT,1702048057695,35,2.3480
NEARUSDT,BUY,LIMIT,1702048108127,3,2.3516
NEARUSDT,BUY,LIMIT,1702048109502,56,2.3516
NEARUSDT,BUY,LIMIT,1702048175572,504,2.3524
NEARUSDT,BUY,LIMIT,1702048186805,460,2.3527
NEARUSDT,BUY,LIMIT,1702048731541,500,2.3601
NEARUSDT,BUY,LIMIT,1702048776284,2008,2.3638
NEARUSDT,BUY,LIMIT,1702048779303,42,2.3642
NEARUSDT,BUY,LIMIT,1702048793864,358,2.3645
NEARUSDT,SELL,LIMIT,1702049056143,380,2.2844
NEARUSDT,SELL,LIMIT,1702049244399,4293,2.2802
NEARUSDT,SELL,LIMIT,1702049341881,32,2.2713
NEARUSDT,SELL,LIMIT,1702050475845,5,2.2722
NEARUSDT,SELL,LIMIT,1702050699355,5,2.2674
NEARUSDT,SELL,LIMIT,1702050721470,539,2.2648
NEARUSDT,SELL,LIMIT,1702050750472,45,2.2620
NEARUSDT,BUY,LIMIT,1702051501763,27,2.3324
NEARUSDT,BUY,LIMIT,1702051591983,1875,2.3395
NEARUSDT,BUY,LIMIT,1702051683737,617,2.3385
NEARUSDT,BUY,LIMIT,1702051727991,433,2.3444
NEARUSDT,BUY,LIMIT,1702052027428,9,2.3451
NEARUSDT,BUY,LIMIT,1702052047395,500,2.3452
NEARUSDT,SELL,LIMIT,1702052090809,155,2.2798
NEARUSDT,BUY,LIMIT,1702052161448,22,2.3507
NEARUSDT,BUY,LIMIT,1702052530227,34,2.3517
NEARUSDT,BUY,LIMIT,1702053469514,116,2.3501
NEARUSDT,BUY,LIMIT,1702053516690,71,2.3528
NEARUSDT,SELL,LIMIT,1702054246038,211,2.2697
NEARUSDT,SELL,LIMIT,1702054912042,326,2.2635
NEARUSDT,SELL,LIMIT,1702055007926,780,2.2619
NEARUSDT,SELL,LIMIT,1702055290053,113,2.2554
NEARUSDT,SELL,LIMIT,1702055291922,6,2.2541
NEARUSDT,SELL,LIMIT,1702056271373,1157,2.2445
NEARUSDT,SELL,LIMIT,1702056280172,1618,2.2429
NEARUSDT,BUY,LIMIT,1702058192866,25,2.3223
NEARUSDT,BUY,LIMIT,1702059389298,16,2.3316
NEARUSDT,BUY,LIMIT,1702059537040,70,2.3369
NEARUSDT,BUY,LIMIT,1702060196855,43,2.3420
NEARUSDT,BUY,LIMIT,1702060495119,169,2.3422
NEARUSDT,BUY,LIMIT,1702060881707,15,2.3468
NEARUSDT,BUY,LIMIT,1702062076341,5,2.3544
NEARUSDT,BUY,LIMIT,1702062247289,111,2.3618
NEARUSDT,SELL,LIMIT,1702063730279,2278,2.2778
NEARUSDT,BUY,LIMIT,1702064940871,4309,2.3662
NEARUSDT,BUY,LIMIT,1702065441263,1419,2.3678
NEARUSDT,BUY,LIMIT,1702065942715,155,2.3649
NEARUSDT,BUY,LIMIT,1702066000118,15,2.3695
NEARUSDT,BUY,LIMIT,1702066006470,617,2.3702
NEARUSDT,BUY,LIMIT,1702066010503,989,2.3708
NEARUSDT,BUY,LIMIT,1702066042321,104,2.3725
NEARUSDT,BUY,LIMIT,1702066049079,176,2.3738
NEARUSDT,BUY,LIMIT,1702066926163,243,2.3829
NEARUSDT,BUY,LIMIT,1702067224659,168,2.3847
NEARUSDT,BUY,LIMIT,1702067530673,4,2.3886
NEARUSDT,BUY,LIMIT,1702067570086,4,2.3893
NEARUSDT,BUY,LIMIT,1702067588208,1458,2.3919
NEARUSDT,BUY,LIMIT,1702067595912,120,2.3928
NEARUSDT,BUY,LIMIT,1702067889365,1877,2.3933
NEARUSDT,BUY,LIMIT,1702067920332,7,2.3973
NEARUSDT,BUY,LIMIT,1702067976411,11,2.3982
NEARUSDT,BUY,LIMIT,1702068095013,26,2.3987
NEARUSDT,BUY,LIMIT,1702068238866,28,2.3922
NEARUSDT,BUY,LIMIT,1702068614781,6,2.3962
NEARUSDT,BUY,LIMIT,1702068624981,534,2.3973
NEARUSDT,BUY,LIMIT,1702068663440,554,2.3978
NEARUSDT,BUY,LIMIT,1702068824589,2475,2.4014
NEARUSDT,BUY,LIMIT,1702070661775,168,2.3857
NEARUSDT,BUY,LIMIT,1702071371594,9619,2.4086
NEARUSDT,BUY,LIMIT,1702075528736,135,2.3934
NEARUSDT,BUY,LIMIT,1702076755377,997,2.4116
NEARUSDT,BUY,LIMIT,1702076757363,314,2.4140
NEARUSDT,BUY,LIMIT,1702076791349,149,2.4153
NEARUSDT,BUY,LIMIT,1702076801331,11,2.4157
NEARUSDT,BUY,LIMIT,1702076804408,3,2.4169
NEARUSDT,BUY,LIMIT,1702076809809,11205,2.4321
NEARUSDT,BUY,LIMIT,1702076815102,12662,2.4346
NEARUSDT,BUY,LIMIT,1702076821148,339,2.4196
NEARUSDT,BUY,LIMIT,1702077026064,144,2.4210
NEARUSDT,BUY,LIMIT,1702078168861,22,2.4283
NEARUSDT,BUY,LIMIT,1702078502987,3,2.4228
NEARUSDT,BUY,LIMIT,1702078609448,329,2.4216
NEARUSDT,BUY,LIMIT,1702078943424,893,2.4221
NEARUSDT,BUY,LIMIT,1702079066808,225,2.4279
NEARUSDT,SELL,LIMIT,1702079973759,15,2.3467
NEARUSDT,BUY,LIMIT,1702080138486,84,2.4309
NEARUSDT,BUY,LIMIT,1702080155278,432,2.4325
NEARUSDT,BUY,LIMIT,1702080217272,4,2.4359
NEARUSDT,BUY,LIMIT,1702080229086,15,2.4368
NEARUSDT,BUY,LIMIT,1702080235041,545,2.4375
NEARUSDT,BUY,LIMIT,1702080263633,24,2.4384
NEARUSDT,BUY,LIMIT,1702080266710,749,2.4394
NEARUSDT,BUY,LIMIT,1702080274352,630,2.4430
NEARUSDT,BUY,LIMIT,1702080276460,1299,2.4434
NEARUSDT,BUY,LIMIT,1702080308424,11134,2.4612
NEARUSDT,BUY,LIMIT,1702080317072,248,2.4420
NEARUSDT,BUY,LIMIT,1702080684315,3,2.4467
NEARUSDT,BUY,LIMIT,1702080690217,1055,2.4479
NEARUSDT,BUY,LIMIT,1702080728349,31,2.4514
NEARUSDT,BUY,LIMIT,1702080732199,1525,2.4512
NEARUSDT,BUY,LIMIT,1702080742335,1000,2.4525
NEARUSDT,BUY,LIMIT,1702080743635,11,2.4528
NEARUSDT,BUY,LIMIT,1702080760491,918,2.4558
NEARUSDT,BUY,LIMIT,1702080764912,7,2.4567
NEARUSDT,BUY,LIMIT,1702080769215,432,2.4585
NEARUSDT,BUY,LIMIT,1702080770882,45,2.4591
NEARUSDT,BUY,LIMIT,1702080800360,489,2.4635
NEARUSDT,BUY,LIMIT,1702080815615,4020,2.4670
NEARUSDT,BUY,LIMIT,1702080817347,21,2.4675
NEARUSDT,BUY,LIMIT,1702080868501,14,2.4682
NEARUSDT,BUY,LIMIT,1702080879042,12,2.4683
NEARUSDT,BUY,LIMIT,1702081229517,960,2.4705
NEARUSDT,BUY,LIMIT,1702081243305,585,2.4723
NEARUSDT,BUY,LIMIT,1702081246831,4,2.4738
NEARUSDT,BUY,LIMIT,1702081286148,484,2.4751
NEARUSDT,BUY,LIMIT,1702081311163,405,2.4789
NEARUSDT,BUY,LIMIT,1702081312291,53,2.4777
NEARUSDT,BUY,LIMIT,1702081325749,220,2.4801
NEARUSDT,BUY,LIMIT,1702081451870,1067,2.4829
NEARUSDT,BUY,LIMIT,1702081516359,1000,2.4845
NEARUSDT,BUY,LIMIT,1702081536304,70,2.4847
NEARUSDT,BUY,LIMIT,1702081540065,609,2.4851
NEARUSDT,BUY,LIMIT,1702081550280,89,2.4868
NEARUSDT,BUY,LIMIT,1702081559002,600,2.4887
NEARUSDT,BUY,LIMIT,1702081567956,145,2.4896
NEARUSDT,BUY,LIMIT,1702081574360,1,2.4902
NEARUSDT,BUY,LIMIT,1702081594556,4,2.4922
NEARUSDT,BUY,LIMIT,1702081596346,88,2.4945
NEARUSDT,BUY,LIMIT,1702081598171,46,2.4958
NEARUSDT,BUY,LIMIT,1702081599175,103,2.4953
NEARUSDT,BUY,LIMIT,1702081607016,484,2.4970
NEARUSDT,BUY,LIMIT,1702081623176,5390,2.5050
NEARUSDT,BUY,LIMIT,1702081625841,2505,2.4991
NEARUSDT,BUY,LIMIT,1702081635436,20,2.4995
NEARUSDT,BUY,LIMIT,1702081640782,258,2.5003
NEARUSDT,BUY,LIMIT,1702081645160,643,2.5013
NEARUSDT,BUY,LIMIT,1702081647146,53,2.5016
NEARUSDT,BUY,LIMIT,1702081648162,219,2.5016
NEARUSDT,BUY,LIMIT,1702081649945,418,2.5021
NEARUSDT,BUY,LIMIT,1702081674183,6,2.5019
NEARUSDT,BUY,LIMIT,1702081690089,70,2.5046
NEARUSDT,SELL,LIMIT,1702081808723,600,2.4241
NEARUSDT,BUY,LIMIT,1702081973889,77,2.4935
NEARUSDT,BUY,LIMIT,1702082048971,420,2.4917
NEARUSDT,BUY,LIMIT,1702082647327,4014,2.4932
NEARUSDT,BUY,LIMIT,1702082655225,404,2.4954
NEARUSDT,BUY,LIMIT,1702082682804,3072,2.4971
NEARUSDT,BUY,LIMIT,1702082926211,29,2.4914
NEARUSDT,BUY,LIMIT,1702083486060,70,2.4950
NEARUSDT,BUY,LIMIT,1702083500452,236,2.4968
NEARUSDT,BUY,LIMIT,1702083798458,51,2.4897
NEARUSDT,SELL,LIMIT,1702083861716,220,2.4122
NEARUSDT,SELL,LIMIT,1702083997175,833,2.4050
NEARUSDT,SELL,LIMIT,1702084029323,54,2.3988
NEARUSDT,SELL,LIMIT,1702084033275,1022,2.3967
NEARUSDT,SELL,LIMIT,1702084104023,532,2.3847
NEARUSDT,BUY,LIMIT,1702085193292,202,2.5049
NEARUSDT,BUY,LIMIT,1702085279191,1851,2.5060
NEARUSDT,BUY,LIMIT,1702085281105,77,2.5060
NEARUSDT,BUY,LIMIT,1702085652690,565,2.5076
NEARUSDT,BUY,LIMIT,1702085713079,139,2.5118
NEARUSDT,BUY,LIMIT,1702085715077,45,2.5135
NEARUSDT,BUY,LIMIT,1702085723895,702,2.5141
NEARUSDT,BUY,LIMIT,1702085726392,417,2.5152
NEARUSDT,BUY,LIMIT,1702085727895,814,2.5161
NEARUSDT,BUY,LIMIT,1702085817159,280,2.5128
NEARUSDT,BUY,LIMIT,1702086514081,442,2.5118
NEARUSDT,BUY,LIMIT,1702086626869,186,2.5185
NEARUSDT,SELL,LIMIT,1702086873087,1568,2.4248
NEARUSDT,SELL,LIMIT,1702087144858,3,2.4186
NEARUSDT,SELL,LIMIT,1702087457261,1043,2.4111
NEARUSDT,BUY,LIMIT,1702090311288,277,2.5046
NEARUSDT,BUY,LIMIT,1702090363221,4061,2.5113
NEARUSDT,BUY,LIMIT,1702090529269,132,2.5131
NEARUSDT,BUY,LIMIT,1702091100536,83,2.5195
NEARUSDT,BUY,LIMIT,1702091104065,2019,2.5250
NEARUSDT,BUY,LIMIT,1702091105215,218,2.5252
NEARUSDT,BUY,LIMIT,1702091130206,2,2.5320
NEARUSDT,BUY,LIMIT,1702091131292,60,2.5306
NEARUSDT,BUY,LIMIT,1702091141091,7,2.5343
NEARUSDT,BUY,LIMIT,1702091145213,201,2.5351
NEARUSDT,BUY,LIMIT,1702091172113,23,2.5362
NEARUSDT,BUY,LIMIT,1702091173800,14,2.5366
NEARUSDT,BUY,LIMIT,1702091222520,187,2.5368
NEARUSDT,BUY,LIMIT,1702091252447,41,2.5364
NEARUSDT,BUY,LIMIT,1702091724369,2329,2.5348
NEARUSDT,BUY,LIMIT,1702091809298,2074,2.5391
NEARUSDT,BUY,LIMIT,1702091906102,35,2.5361
NEARUSDT,BUY,LIMIT,1702092116206,65,2.5412
NEARUSDT,BUY,LIMIT,1702092120322,1775,2.5414
NEARUSDT,BUY,LIMIT,1702092600258,127,2.5361
NEARUSDT,BUY,LIMIT,1702092763374,59,2.5425
NEARUSDT,BUY,LIMIT,1702092780067,51,2.5460
NEARUSDT,BUY,LIMIT,1702092781154,2643,2.5444
NEARUSDT,BUY,LIMIT,1702092783172,8827,2.5628
NEARUSDT,BUY,LIMIT,1702092785248,95,2.5494
NEARUSDT,SELL,LIMIT,1702093090765,400,2.4648
NEARUSDT,SELL,LIMIT,1702093120533,228,2.4622
NEARUSDT,BUY,LIMIT,1702094349103,6,2.5572
NEARUSDT,BUY,LIMIT,1702094580185,939,2.5580
NEARUSDT,BUY,LIMIT,1702094586897,58,2.5598
NEARUSDT,BUY,LIMIT,1702094596964,56,2.5605
NEARUSDT,BUY,LIMIT,1702094598079,3581,2.5607
NEARUSDT,BUY,LIMIT,1702094610915,1576,2.5612
NEARUSDT,BUY,LIMIT,1702094622131,500,2.5621
NEARUSDT,BUY,LIMIT,1702094630479,407,2.5627
NEARUSDT,BUY,LIMIT,1702094634000,21,2.5633
NEARUSDT,BUY,LIMIT,1702094638678,34,2.5646
NEARUSDT,SELL,LIMIT,1702094640017,3,2.4890
NEARUSDT,SELL,LIMIT,1702094794773,5,2.4823
NEARUSDT,SELL,LIMIT,1702095480062,179,2.4610
NEARUSDT,BUY,LIMIT,1702096330934,439,2.5415
NEARUSDT,BUY,LIMIT,1702097226288,477,2.5461
NEARUSDT,BUY,LIMIT,1702097274143,1168,2.5461
NEARUSDT,BUY,LIMIT,1702098083284,998,2.5519
NEARUSDT,BUY,LIMIT,1702098099639,25,2.5523
NEARUSDT,SELL,LIMIT,1702099642691,12,2.4571
NEARUSDT,BUY,LIMIT,1702100721623,108,2.5190
NEARUSDT,SELL,LIMIT,1702101001785,17,2.4448
NEARUSDT,SELL,LIMIT,1702101825152,26,2.4418
NEARUSDT,BUY,LIMIT,1702102123860,504,2.5283
NEARUSDT,BUY,LIMIT,1702102866827,36,2.5576
NEARUSDT,BUY,LIMIT,1702103508353,3,2.5607
NEARUSDT,BUY,LIMIT,1702103600472,15,2.5651
NEARUSDT,BUY,LIMIT,1702103611436,313,2.5669
NEARUSDT,BUY,LIMIT,1702103621447,518,2.5698
NEARUSDT,BUY,LIMIT,1702103645067,154,2.5713
NEARUSDT,BUY,LIMIT,1702103650463,249,2.5716
NEARUSDT,SELL,LIMIT,1702104058250,1461,2.4818
NEARUSDT,BUY,LIMIT,1702104513340,49,2.5723
NEARUSDT,BUY,LIMIT,1702105213160,421,2.5752
NEARUSDT,BUY,LIMIT,1702105217749,16,2.5771
NEARUSDT,BUY,LIMIT,1702105221484,463,2.5795
NEARUSDT,BUY,LIMIT,1702105225482,9,2.5791
NEARUSDT,BUY,LIMIT,1702105226982,2800,2.5801
NEARUSDT,BUY,LIMIT,1702105228824,223,2.5806
NEARUSDT,BUY,LIMIT,1702105256144,165,2.5815
NEARUSDT,BUY,LIMIT,1702105271350,1767,2.5820
NEARUSDT,BUY,LIMIT,1702105274922,2,2.5830
NEARUSDT,BUY,LIMIT,1702105676066,1107,2.5768
NEARUSDT,BUY,LIMIT,1702105756347,55,2.5837
NEARUSDT,BUY,LIMIT,1702105764207,4,2.5850
NEARUSDT,BUY,LIMIT,1702105765943,135,2.5855
NEARUSDT,BUY,LIMIT,1702105771529,1799,2.5851
NEARUSDT,BUY,LIMIT,1702105880321,417,2.5862
NEARUSDT,BUY,LIMIT,1702105885653,21,2.5866
NEARUSDT,BUY,LIMIT,1702105890072,17,2.5872
NEARUSDT,BUY,LIMIT,1702105916206,60,2.5876
NEARUSDT,BUY,LIMIT,1702105943536,405,2.5898
NEARUSDT,BUY,LIMIT,1702106048876,606,2.5923
NEARUSDT,BUY,LIMIT,1702106081224,18,2.5931
NEARUSDT,BUY,LIMIT,1702106862637,5786,2.5954
NEARUSDT,BUY,LIMIT,1702106867136,611,2.5875
NEARUSDT,BUY,LIMIT,1702106893127,39,2.5882
NEARUSDT,BUY,LIMIT,1702107148969,1300,2.5905
NEARUSDT,BUY,LIMIT,1702107523375,381,2.5767
NEARUSDT,BUY,LIMIT,1702107631578,63,2.5923
NEARUSDT,BUY,LIMIT,1702107784468,634,2.5960
NEARUSDT,BUY,LIMIT,1702107787262,6,2.5965
NEARUSDT,BUY,LIMIT,1702107795163,9,2.5970
NEARUSDT,BUY,LIMIT,1702107797113,3798,2.6005
NEARUSDT,BUY,LIMIT,1702107798427,230,2.5997
NEARUSDT,BUY,LIMIT,1702107801649,129,2.6014
NEARUSDT,BUY,LIMIT,1702107838208,361,2.6020
NEARUSDT,BUY,LIMIT,1702107940348,16,2.6058
NEARUSDT,BUY,LIMIT,1702107954020,332,2.6071
NEARUSDT,BUY,LIMIT,1702107963788,1095,2.6081
NEARUSDT,BUY,LIMIT,1702107968574,33,2.6098
NEARUSDT,BUY,LIMIT,1702107976446,3,2.6119
NEARUSDT,BUY,LIMIT,1702107978072,30,2.6121
NEARUSDT,BUY,LIMIT,1702107980086,27,2.6149
NEARUSDT,BUY,LIMIT,1702108147010,1024,2.6160
NEARUSDT,SELL,LIMIT,1702108273425,40,2.5266
NEARUSDT,BUY,LIMIT,1702108293834,70,2.6014
NEARUSDT,SELL,LIMIT,1702108487427,241,2.5224
NEARUSDT,BUY,LIMIT,1702108556863,156,2.5981
NEARUSDT,BUY,LIMIT,1702108764728,26,2.6066
NEARUSDT,BUY,LIMIT,1702108937292,139,2.6071
NEARUSDT,BUY,LIMIT,1702108938544,7,2.6075
NEARUSDT,BUY,LIMIT,1702109101256,107,2.6133
NEARUSDT,BUY,LIMIT,1702109102696,33,2.6136
NEARUSDT,BUY,LIMIT,1702109371915,11,2.6156
NEARUSDT,BUY,LIMIT,1702109470388,841,2.6176
NEARUSDT,BUY,LIMIT,1702109471579,28,2.6191
NEARUSDT,BUY,LIMIT,1702109482033,25,2.6200
NEARUSDT,BUY,LIMIT,1702109485186,42,2.6202
NEARUSDT,BUY,LIMIT,1702109486328,172,2.6207
NEARUSDT,BUY,LIMIT,1702109510170,476,2.6176
NEARUSDT,BUY,LIMIT,1702109511726,31,2.6197
NEARUSDT,BUY,LIMIT,1702109514107,40,2.6199
NEARUSDT,SELL,LIMIT,1702109532978,24,2.5441
NEARUSDT,BUY,LIMIT,1702109558504,605,2.6229
NEARUSDT,BUY,LIMIT,1702109559963,216,2.6239
NEARUSDT,BUY,LIMIT,1702109761484,6437,2.6320
NEARUSDT,BUY,LIMIT,1702109779331,67689,2.6493
NEARUSDT,BUY,LIMIT,1702109781687,78,2.6256
NEARUSDT,BUY,LIMIT,1702110217397,2,2.6227
NEARUSDT,SELL,LIMIT,1702110238246,38,2.5486
NEARUSDT,BUY,LIMIT,1702110500613,213,2.6194
NEARUSDT,BUY,LIMIT,1702110622300,135,2.6300
NEARUSDT,BUY,LIMIT,1702110633851,1013,2.6313
NEARUSDT,BUY,LIMIT,1702110639117,287,2.6325
NEARUSDT,BUY,LIMIT,1702110750718,22,2.6335
NEARUSDT,BUY,LIMIT,1702110752371,958,2.6353
NEARUSDT,BUY,LIMIT,1702110754172,379,2.6357
NEARUSDT,SELL,LIMIT,1702110873461,424,2.5369
NEARUSDT,SELL,LIMIT,1702110875912,1264,2.5330
NEARUSDT,SELL,LIMIT,1702110881593,152,2.5312
NEARUSDT,SELL,LIMIT,1702110893150,96,2.5291
NEARUSDT,SELL,LIMIT,1702110901124,63,2.5266
NEARUSDT,SELL,LIMIT,1702110909541,60,2.5230
NEARUSDT,SELL,LIMIT,1702110926278,3058,2.5164
NEARUSDT,SELL,LIMIT,1702110965242,6,2.5150
NEARUSDT,SELL,LIMIT,1702110970061,3,2.5096
NEARUSDT,SELL,LIMIT,1702110977787,730,2.5045
NEARUSDT,SELL,LIMIT,1702110980168,55,2.5007
NEARUSDT,SELL,LIMIT,1702110983633,892,2.4992
NEARUSDT,SELL,LIMIT,1702110993373,22,2.4971
NEARUSDT,SELL,LIMIT,1702111029134,11,2.4943
NEARUSDT,SELL,LIMIT,1702111030506,458,2.4941
NEARUSDT,SELL,LIMIT,1702111034797,11,2.4902
NEARUSDT,SELL,LIMIT,1702111037428,387,2.4858
NEARUSDT,SELL,LIMIT,1702111038595,2383,2.4851
NEARUSDT,SELL,LIMIT,1702111042355,50,2.4814
NEARUSDT,SELL,LIMIT,1702111044421,3929,2.4752
NEARUSDT,SELL,LIMIT,1702111045713,682,2.4753
NEARUSDT,SELL,LIMIT,1702111376410,368,2.4810
NEARUSDT,SELL,LIMIT,1702111379254,3,2.4624
NEARUSDT,SELL,LIMIT,1702111380303,18,2.4588
NEARUSDT,SELL,LIMIT,1702111382152,3163,2.4578
NEARUSDT,SELL,LIMIT,1702112055527,51,2.4784
NEARUSDT,SELL,LIMIT,1702112069135,14,2.4726
NEARUSDT,SELL,LIMIT,1702112071143,41,2.4717
NEARUSDT,BUY,LIMIT,1702113453325,17,2.5528
NEARUSDT,BUY,LIMIT,1702113535199,297,2.5598
NEARUSDT,BUY,LIMIT,1702113715466,436,2.5692
NEARUSDT,SELL,LIMIT,1702114635826,44,2.4819
NEARUSDT,SELL,LIMIT,1702114644501,45,2.4795
NEARUSDT,SELL,LIMIT,1702114667396,208,2.4777
NEARUSDT,SELL,LIMIT,1702114784416,164,2.4697
NEARUSDT,SELL,LIMIT,1702114877400,188,2.4665
NEARUSDT,SELL,LIMIT,1702115029699,3800,2.4609
NEARUSDT,SELL,LIMIT,1702115030891,25,2.4601
NEARUSDT,SELL,LIMIT,1702115103717,267,2.4527
NEARUSDT,SELL,LIMIT,1702115108928,38,2.4483
NEARUSDT,SELL,LIMIT,1702115632225,122,2.4523
NEARUSDT,SELL,LIMIT,1702117480152,266,2.4543
NEARUSDT,BUY,LIMIT,1702119710146,301,2.5629
NEARUSDT,BUY,LIMIT,1702119889512,182,2.5675
NEARUSDT,BUY,LIMIT,1702120218648,617,2.5747
NEARUSDT,BUY,LIMIT,1702120797224,138,2.5893
NEARUSDT,BUY,LIMIT,1702120889172,9,2.5984
NEARUSDT,SELL,LIMIT,1702121163311,769,2.5021
NEARUSDT,SELL,LIMIT,1702121856335,580,2.4981
NEARUSDT,SELL,LIMIT,1702121866163,296,2.4977
NEARUSDT,SELL,LIMIT,1702122063321,19,2.4935
NEARUSDT,SELL,LIMIT,1702122172049,2010,2.4898
NEARUSDT,SELL,LIMIT,1702124379068,164,2.4996
NEARUSDT,SELL,LIMIT,1702124383493,921,2.4962
NEARUSDT,SELL,LIMIT,1702125057663,97,2.4919
NEARUSDT,SELL,LIMIT,1702125066110,123,2.4909
NEARUSDT,SELL,LIMIT,1702125079869,317,2.4883
NEARUSDT,SELL,LIMIT,1702125411521,20,2.4905
NEARUSDT,SELL,LIMIT,1702125865250,13,2.4838
NEARUSDT,SELL,LIMIT,1702125883541,228,2.4803
NEARUSDT,BUY,LIMIT,1702126476138,106,2.5991
NEARUSDT,BUY,LIMIT,1702126586087,44,2.5963
NEARUSDT,SELL,LIMIT,1702126798887,4,2.5070
NEARUSDT,SELL,LIMIT,1702126811056,263,2.5059
NEARUSDT,SELL,LIMIT,1702126889849,523,2.5045
NEARUSDT,SELL,LIMIT,1702126925864,107,2.5035
NEARUSDT,SELL,LIMIT,1702126956063,49,2.4996
NEARUSDT,SELL,LIMIT,1702129501105,31,2.4807
NEARUSDT,BUY,LIMIT,1702131538418,9,2.5702
NEARUSDT,BUY,LIMIT,1702131662506,16,2.5813
NEARUSDT,SELL,LIMIT,1702132607450,417,2.4989
NEARUSDT,SELL,LIMIT,1702132949267,231,2.4810
NEARUSDT,SELL,LIMIT,1702132954055,1808,2.4816
NEARUSDT,SELL,LIMIT,1702132985228,16,2.4776
NEARUSDT,SELL,LIMIT,1702132986323,99,2.4771
NEARUSDT,SELL,LIMIT,1702132996467,18,2.4729
NEARUSDT,SELL,LIMIT,1702133001263,58,2.4668
NEARUSDT,SELL,LIMIT,1702133003009,66,2.4663
NEARUSDT,SELL,LIMIT,1702133006871,2,2.4613
NEARUSDT,SELL,LIMIT,1702133015955,12,2.4840
NEARUSDT,SELL,LIMIT,1702133328399,97,2.4710
NEARUSDT,BUY,LIMIT,1702133888464,696,2.5701
NEARUSDT,SELL,LIMIT,1702134103791,97,2.4839
NEARUSDT,SELL,LIMIT,1702134507563,87,2.4655
NEARUSDT,BUY,LIMIT,1702134639140,1186,2.5516
NEARUSDT,SELL,LIMIT,1702134885410,16,2.4584
NEARUSDT,BUY,LIMIT,1702135884774,91,2.5571
NEARUSDT,BUY,LIMIT,1702135928588,328,2.5620
NEARUSDT,BUY,LIMIT,1702136015085,3,2.5743
NEARUSDT,BUY,LIMIT,1702136029540,116,2.5772
NEARUSDT,BUY,LIMIT,1702136075193,306,2.5876
NEARUSDT,BUY,LIMIT,1702136078130,177,2.5909
NEARUSDT,BUY,LIMIT,1702136085073,15,2.5935
NEARUSDT,BUY,LIMIT,1702136097382,2,2.5966
NEARUSDT,BUY,LIMIT,1702136230308,110,2.6109
NEARUSDT,BUY,LIMIT,1702136242020,78,2.6171
NEARUSDT,BUY,LIMIT,1702136246440,120,2.6190
NEARUSDT,BUY,LIMIT,1702136276308,41,2.6264
NEARUSDT,BUY,LIMIT,1702136278918,3,2.6279
NEARUSDT,BUY,LIMIT,1702136283355,582,2.6300
NEARUSDT,BUY,LIMIT,1702136287216,102,2.6341
NEARUSDT,BUY,LIMIT,1702136293393,79,2.6370
NEARUSDT,BUY,LIMIT,1702136295327,39,2.6397
NEARUSDT,BUY,LIMIT,1702136298290,3,2.6429
NEARUSDT,BUY,LIMIT,1702136301076,3117,2.6460
NEARUSDT,BUY,LIMIT,1702136302091,673,2.6476
NEARUSDT,SELL,LIMIT,1702136411361,5,2.5449
NEARUSDT,SELL,LIMIT,1702136412400,62,2.5445
NEARUSDT,SELL,LIMIT,1702136465139,16,2.5408
NEARUSDT,SELL,LIMIT,1702136546235,137,2.5324
NEARUSDT,SELL,LIMIT,1702136765600,334,2.5202
NEARUSDT,SELL,LIMIT,1702136791052,28,2.5171
NEARUSDT,SELL,LIMIT,1702136981051,3,2.5079
NEARUSDT,BUY,LIMIT,1702137373300,78,2.5976
NEARUSDT,SELL,LIMIT,1702138128073,4,2.5109
NEARUSDT,SELL,LIMIT,1702138468165,83,2.5092
NEARUSDT,SELL,LIMIT,1702138695219,938,2.5055
NEARUSDT,SELL,LIMIT,1702138720546,20,2.4998
NEARUSDT,SELL,LIMIT,1702138819097,28,2.4987
NEARUSDT,SELL,LIMIT,1702138835353,274,2.4962
NEARUSDT,SELL,LIMIT,1702138904513,39,2.4934
NEARUSDT,SELL,LIMIT,1702138905799,108,2.4921
NEARUSDT,SELL,LIMIT,1702139126061,101,2.4783
NEARUSDT,SELL,LIMIT,1702139127698,106,2.4781
NEARUSDT,SELL,LIMIT,1702139236924,146,2.4762
NEARUSDT,SELL,LIMIT,1702139252234,98,2.4749
NEARUSDT,SELL,LIMIT,1702139259612,70,2.4742
NEARUSDT,SELL,LIMIT,1702139275463,39,2.4763
NEARUSDT,SELL,LIMIT,1702139291174,11,2.4675
NEARUSDT,SELL,LIMIT,1702139300836,517,2.4640
NEARUSDT,SELL,LIMIT,1702139304682,42,2.4630
NEARUSDT,BUY,LIMIT,1702139541160,199,2.5569
NEARUSDT,SELL,LIMIT,1702140047233,1022,2.4685
NEARUSDT,SELL,LIMIT,1702140790216,120,2.4596
NEARUSDT,SELL,LIMIT,1702140801884,199,2.4576
NEARUSDT,SELL,LIMIT,1702141047260,5,2.4557
NEARUSDT,SELL,LIMIT,1702141048789,84,2.4550
NEARUSDT,SELL,LIMIT,1702141094606,291,2.4519
NEARUSDT,SELL,LIMIT,1702141285365,193,2.4488
NEARUSDT,SELL,LIMIT,1702141292074,29,2.4464
NEARUSDT,SELL,LIMIT,1702141293186,144,2.4467
NEARUSDT,SELL,LIMIT,1702141419327,69,2.4474
NEARUSDT,SELL,LIMIT,1702141543610,4022,2.4443
NEARUSDT,SELL,LIMIT,1702141550197,272,2.4436
NEARUSDT,SELL,LIMIT,1702141551432,23,2.4435
NEARUSDT,SELL,LIMIT,1702141552464,7,2.4407
NEARUSDT,SELL,LIMIT,1702141554450,18,2.4399
NEARUSDT,SELL,LIMIT,1702141555779,201,2.4397
NEARUSDT,SELL,LIMIT,1702141563091,257,2.4361
NEARUSDT,SELL,LIMIT,1702141661465,20,2.4357
NEARUSDT,SELL,LIMIT,1702141701205,14,2.4338
NEARUSDT,SELL,LIMIT,1702141702630,78,2.4324
NEARUSDT,SELL,LIMIT,1702141704070,1999,2.4305
NEARUSDT,SELL,LIMIT,1702141745098,39,2.4300
NEARUSDT,SELL,LIMIT,1702141748571,112,2.4291
NEARUSDT,SELL,LIMIT,1702141848866,1547,2.4393
NEARUSDT,SELL,LIMIT,1702141850081,220,2.4254
NEARUSDT,SELL,LIMIT,1702141855486,43,2.4249
NEARUSDT,SELL,LIMIT,1702141858213,15,2.4214
NEARUSDT,SELL,LIMIT,1702141859364,20,2.4219
NEARUSDT,SELL,LIMIT,1702142576581,13,2.4212
NEARUSDT,SELL,LIMIT,1702142618716,77,2.4191
NEARUSDT,SELL,LIMIT,1702142623184,1019,2.4173
NEARUSDT,SELL,LIMIT,1702142656826,199,2.4151
NEARUSDT,SELL,LIMIT,1702142658124,3881,2.4143
NEARUSDT,BUY,LIMIT,1702143181090,577,2.5087
NEARUSDT,SELL,LIMIT,1702144628354,82,2.4666
NEARUSDT,SELL,LIMIT,1702144702664,1768,2.4229
NEARUSDT,SELL,LIMIT,1702144759151,10,2.4202
NEARUSDT,SELL,LIMIT,1702144912273,158,2.4186
NEARUSDT,SELL,LIMIT,1702144944671,139,2.4163
NEARUSDT,SELL,LIMIT,1702144982191,597,2.4121
NEARUSDT,SELL,LIMIT,1702144984666,807,2.4122
NEARUSDT,BUY,LIMIT,1702145138627,32,2.4967
NEARUSDT,BUY,LIMIT,1702145181250,145,2.4985
NEARUSDT,BUY,LIMIT,1702145982197,406,2.5100
NEARUSDT,BUY,LIMIT,1702146363807,8,2.5186
NEARUSDT,BUY,LIMIT,1702147208298,4051,2.5192
NEARUSDT,BUY,LIMIT,1702147233277,27,2.5235
NEARUSDT,BUY,LIMIT,1702147501069,2380,2.5290
NEARUSDT,BUY,LIMIT,1702147502555,223,2.5293
NEARUSDT,BUY,LIMIT,1702147814286,31,2.5305
NEARUSDT,BUY,LIMIT,1702149117150,5,2.5518
NEARUSDT,BUY,LIMIT,1702149641258,2002,2.5540
NEARUSDT,BUY,LIMIT,1702150166939,30,2.5603
NEARUSDT,BUY,LIMIT,1702150375763,121,2.5665
NEARUSDT,BUY,LIMIT,1702150647485,8,2.5696
NEARUSDT,BUY,LIMIT,1702151072787,188,2.5788
NEARUSDT,SELL,LIMIT,1702151554008,635,2.4933
NEARUSDT,SELL,LIMIT,1702153429214,18,2.4644
NEARUSDT,SELL,LIMIT,1702153868101,29,2.4576
NEARUSDT,BUY,LIMIT,1702154266212,3554,2.5454
NEARUSDT,BUY,LIMIT,1702154466077,606,2.5490
NEARUSDT,BUY,LIMIT,1702155399286,54,2.5477
NEARUSDT,SELL,LIMIT,1702156355376,4,2.4544
NEARUSDT,SELL,LIMIT,1702156358353,6,2.4521
NEARUSDT,BUY,LIMIT,1702157892247,147,2.5447
NEARUSDT,BUY,LIMIT,1702157893557,24,2.5460
NEARUSDT,SELL,LIMIT,1702162539562,39,2.4403
NEARUSDT,SELL,LIMIT,1702162544473,9,2.4336
NEARUSDT,SELL,LIMIT,1702163228241,100,2.4286
NEARUSDT,SELL,LIMIT,1702164083766,25,2.4259
NEARUSDT,SELL,LIMIT,1702164199153,44,2.4240
NEARUSDT,SELL,LIMIT,1702164255531,396,2.4202
NEARUSDT,SELL,LIMIT,1702164284443,108,2.4196
NEARUSDT,SELL,LIMIT,1702164292787,2,2.4192
NEARUSDT,SELL,LIMIT,1702164294091,12,2.4188
NEARUSDT,SELL,LIMIT,1702164388049,176,2.4163
NEARUSDT,SELL,LIMIT,1702164518256,353,2.4152
NEARUSDT,SELL,LIMIT,1702164530060,667,2.4143
NEARUSDT,SELL,LIMIT,1702164541422,254,2.4133
NEARUSDT,SELL,LIMIT,1702164545569,39,2.4124
NEARUSDT,SELL,LIMIT,1702164551804,218,2.4111
NEARUSDT,SELL,LIMIT,1702164553336,75,2.4104
NEARUSDT,SELL,LIMIT,1702164555045,25,2.4061
NEARUSDT,SELL,LIMIT,1702164557089,79,2.4058
NEARUSDT,SELL,LIMIT,1702164558544,2,2.4052
NEARUSDT,SELL,LIMIT,1702164574361,80,2.4901
NEARUSDT,SELL,LIMIT,1702164685136,998,2.4054
NEARUSDT,SELL,LIMIT,1702164688938,197,2.4054
NEARUSDT,SELL,LIMIT,1702164747642,41,2.4060
NEARUSDT,SELL,LIMIT,1702164749717,76,2.4029
NEARUSDT,SELL,LIMIT,1702164752537,19,2.4023
NEARUSDT,SELL,LIMIT,1702164754446,117,2.4016
NEARUSDT,SELL,LIMIT,1702164757405,84,2.4012
NEARUSDT,SELL,LIMIT,1702164767805,86,2.3998
NEARUSDT,SELL,LIMIT,1702164771674,142,2.3997
NEARUSDT,SELL,LIMIT,1702164792266,703,2.3975
NEARUSDT,SELL,LIMIT,1702164799274,2,2.3954
NEARUSDT,SELL,LIMIT,1702164800383,31,2.3925
NEARUSDT,SELL,LIMIT,1702164801692,1655,2.3914
NEARUSDT,SELL,LIMIT,1702164803384,2359,2.3884
NEARUSDT,SELL,LIMIT,1702164804437,248,2.3888
NEARUSDT,SELL,LIMIT,1702164807757,19,2.3849
NEARUSDT,SELL,LIMIT,1702164809070,79,2.3840
NEARUSDT,SELL,LIMIT,1702164810155,3,2.3807
NEARUSDT,SELL,LIMIT,1702164811385,237,2.3814
NEARUSDT,SELL,LIMIT,1702164868252,80,2.3834
NEARUSDT,BUY,LIMIT,1702165097600,17,2.4732
NEARUSDT,BUY,LIMIT,1702166472382,196,2.4771
NEARUSDT,SELL,LIMIT,1702166843318,272,2.3935
NEARUSDT,BUY,LIMIT,1702170015376,25,2.5146
NEARUSDT,BUY,LIMIT,1702170239287,8,2.5222
NEARUSDT,BUY,LIMIT,1702170292522,7,2.5280
NEARUSDT,BUY,LIMIT,1702170296815,1069,2.5287
NEARUSDT,BUY,LIMIT,1702173291433,258,2.5453
NEARUSDT,BUY,LIMIT,1702173389251,179,2.5502
NEARUSDT,BUY,LIMIT,1702173400092,17,2.5506
NEARUSDT,BUY,LIMIT,1702173564930,5,2.5545
NEARUSDT,BUY,LIMIT,1702173581350,7,2.5563
NEARUSDT,BUY,LIMIT,1702173592114,2,2.5573
NEARUSDT,BUY,LIMIT,1702173946351,3149,2.5658
NEARUSDT,BUY,LIMIT,1702173971429,6,2.5739
NEARUSDT,BUY,LIMIT,1702174026692,962,2.5799
NEARUSDT,SELL,LIMIT,1702174121347,499,2.4835
NEARUSDT,SELL,LIMIT,1702174366076,123,2.4767
NEARUSDT,SELL,LIMIT,1702174489111,203,2.4689
NEARUSDT,SELL,LIMIT,1702174779955,993,2.4642
NEARUSDT,SELL,LIMIT,1702178257310,172,2.4376
NEARUSDT,SELL,LIMIT,1702178329959,173,2.4342
NEARUSDT,SELL,LIMIT,1702178336584,491,2.4333
NEARUSDT,BUY,LIMIT,1702179177354,3,2.5283
NEARUSDT,BUY,LIMIT,1702180745116,2058,2.5295
NEARUSDT,SELL,LIMIT,1702181651554,115,2.4359
NEARUSDT,SELL,LIMIT,1702181666082,759,2.4344
NEARUSDT,BUY,LIMIT,1702182016665,30,2.5202
NEARUSDT,BUY,LIMIT,1702182273443,310,2.5273
NEARUSDT,SELL,LIMIT,1702185328413,2061,2.4598
NEARUSDT,SELL,LIMIT,1702185339235,397,2.4591
NEARUSDT,SELL,LIMIT,1702187340596,7,2.4509
NEARUSDT,SELL,LIMIT,1702192445076,336,2.4571
NEARUSDT,SELL,LIMIT,1702192757089,2004,2.4557
NEARUSDT,SELL,LIMIT,1702192869620,484,2.4409
NEARUSDT,SELL,LIMIT,1702193619638,755,2.4314
NEARUSDT,SELL,LIMIT,1702193673982,199,2.4300
NEARUSDT,SELL,LIMIT,1702193675237,18989,2.4102
NEARUSDT,SELL,LIMIT,1702193676328,500,2.4298
NEARUSDT,SELL,LIMIT,1702193698214,106,2.4280
NEARUSDT,SELL,LIMIT,1702193837684,202,2.4236
NEARUSDT,SELL,LIMIT,1702196167181,780,2.4241
NEARUSDT,SELL,LIMIT,1702196804172,502,2.4161
NEARUSDT,SELL,LIMIT,1702196805373,122,2.4160
NEARUSDT,SELL,LIMIT,1702197048291,37,2.4152
NEARUSDT,SELL,LIMIT,1702197857975,597,2.4052
NEARUSDT,SELL,LIMIT,1702200327152,55,2.4011
NEARUSDT,SELL,LIMIT,1702200679383,39,2.3869
NEARUSDT,SELL,LIMIT,1702200731112,2003,2.3847
NEARUSDT,SELL,LIMIT,1702200732354,54,2.3847
NEARUSDT,SELL,LIMIT,1702200883590,2063,2.3828
NEARUSDT,SELL,LIMIT,1702200889528,3513,2.3829
NEARUSDT,SELL,LIMIT,1702200891019,116,2.3828
NEARUSDT,SELL,LIMIT,1702200894740,9,2.3813
NEARUSDT,SELL,LIMIT,1702200926138,19,2.3802
NEARUSDT,SELL,LIMIT,1702200929778,5045,2.3745
NEARUSDT,SELL,LIMIT,1702200931049,297,2.3781
NEARUSDT,SELL,LIMIT,1702200940689,1079,2.3768
NEARUSDT,SELL,LIMIT,1702200942005,155,2.3759
NEARUSDT,SELL,LIMIT,1702201469470,51,2.3749
NEARUSDT,SELL,LIMIT,1702201472148,114,2.3736
NEARUSDT,SELL,LIMIT,1702201473337,215,2.3738
NEARUSDT,SELL,LIMIT,1702201475137,5,2.3722
NEARUSDT,SELL,LIMIT,1702201476160,76,2.3724
NEARUSDT,SELL,LIMIT,1702201477264,400,2.3714
NEARUSDT,SELL,LIMIT,1702202042103,191,2.3710
NEARUSDT,SELL,LIMIT,1702202050078,1223,2.3700
NEARUSDT,SELL,LIMIT,1702202080067,134,2.3682
NEARUSDT,SELL,LIMIT,1702202081573,63,2.3683
NEARUSDT,SELL,LIMIT,1702202157133,40,2.3650
NEARUSDT,SELL,LIMIT,1702202167485,17,2.3656
NEARUSDT,SELL,LIMIT,1702202213070,8,2.3642
NEARUSDT,SELL,LIMIT,1702202214494,15,2.3639
NEARUSDT,SELL,LIMIT,1702202262251,106,2.3631
NEARUSDT,SELL,LIMIT,1702202270371,202,2.3621
NEARUSDT,SELL,LIMIT,1702202272101,602,2.3631
NEARUSDT,SELL,LIMIT,1702202276605,18,2.3622
NEARUSDT,SELL,LIMIT,1702202289487,75,2.3608
NEARUSDT,SELL,LIMIT,1702202293401,121,2.3601
NEARUSDT,SELL,LIMIT,1702202294501,1087,2.3596
NEARUSDT,SELL,LIMIT,1702202295529,2270,2.3575
NEARUSDT,SELL,LIMIT,1702202297634,597,2.3574
NEARUSDT,SELL,LIMIT,1702202318310,71,2.3581
NEARUSDT,SELL,LIMIT,1702202321045,46,2.3572
NEARUSDT,SELL,LIMIT,1702202323068,3,2.3564
NEARUSDT,SELL,LIMIT,1702202324089,454,2.3556
NEARUSDT,SELL,LIMIT,1702202371401,749,2.3551
NEARUSDT,SELL,LIMIT,1702202374114,31,2.3535
NEARUSDT,SELL,LIMIT,1702202376399,38,2.3544
NEARUSDT,SELL,LIMIT,1702202379444,1994,2.3526
NEARUSDT,SELL,LIMIT,1702202384147,267,2.3517
NEARUSDT,SELL,LIMIT,1702202388759,91,2.3500
NEARUSDT,SELL,LIMIT,1702202399198,9,2.3493
NEARUSDT,SELL,LIMIT,1702202400897,101,2.3486
NEARUSDT,BUY,LIMIT,1702202541015,2298,2.4326
NEARUSDT,BUY,LIMIT,1702202676116,464,2.4457
NEARUSDT,BUY,LIMIT,1702202712693,282,2.4508
NEARUSDT,SELL,LIMIT,1702204517213,35,2.3700
NEARUSDT,BUY,LIMIT,1702205276619,4161,2.4498
NEARUSDT,SELL,LIMIT,1702207011413,8,2.3629
NEARUSDT,SELL,LIMIT,1702208076406,233,2.3591
NEARUSDT,SELL,LIMIT,1702208722198,2112,2.3569
NEARUSDT,SELL,LIMIT,1702208741298,66,2.3556
NEARUSDT,SELL,LIMIT,1702208945514,22,2.3538
NEARUSDT,BUY,LIMIT,1702210847402,54,2.4498
NEARUSDT,BUY,LIMIT,1702210974850,773,2.4502
NEARUSDT,SELL,LIMIT,1702211667226,394,2.3637
NEARUSDT,SELL,LIMIT,1702214477726,54,2.3561
NEARUSDT,SELL,LIMIT,1702214739995,116,2.3543
NEARUSDT,SELL,LIMIT,1702214814483,104,2.3519
NEARUSDT,SELL,LIMIT,1702214883774,22,2.3495
NEARUSDT,SELL,LIMIT,1702214913904,4081,2.3493
NEARUSDT,BUY,LIMIT,1702216101280,284,2.4328
NEARUSDT,BUY,LIMIT,1702217175400,298,2.4352
NEARUSDT,SELL,LIMIT,1702218452820,6,2.3599
NEARUSDT,BUY,LIMIT,1702220168671,1681,2.4527
NEARUSDT,BUY,LIMIT,1702221859376,4139,2.4638
NEARUSDT,BUY,LIMIT,1702221874292,62,2.4644
NEARUSDT,BUY,LIMIT,1702222216408,117,2.4674
NEARUSDT,BUY,LIMIT,1702223455071,77,2.4825
NEARUSDT,SELL,LIMIT,1702225835316,68,2.3864
NEARUSDT,SELL,LIMIT,1702226448313,8,2.3830
NEARUSDT,SELL,LIMIT,1702226478470,119,2.3819
NEARUSDT,SELL,LIMIT,1702226479992,3,2.3813
NEARUSDT,SELL,LIMIT,1702226958146,225,2.3843
NEARUSDT,SELL,LIMIT,1702226960584,188,2.3899
NEARUSDT,SELL,LIMIT,1702228535310,24,2.3786
NEARUSDT,SELL,LIMIT,1702228714792,67,2.3769
NEARUSDT,SELL,LIMIT,1702228715932,504,2.3761
NEARUSDT,SELL,LIMIT,1702228755245,120,2.3737
NEARUSDT,SELL,LIMIT,1702228857440,364,2.3684
NEARUSDT,SELL,LIMIT,1702229292670,74,2.3656
NEARUSDT,SELL,LIMIT,1702230139876,416,2.3607
NEARUSDT,SELL,LIMIT,1702230142120,18,2.3593
NEARUSDT,SELL,LIMIT,1702230178230,4081,2.3591
NEARUSDT,SELL,LIMIT,1702230179983,16,2.3592
NEARUSDT,SELL,LIMIT,1702230196153,54,2.3582
NEARUSDT,SELL,LIMIT,1702230257473,879,2.3571
NEARUSDT,SELL,LIMIT,1702230330145,539,2.3552
NEARUSDT,BUY,LIMIT,1702231250487,11,2.4408
NEARUSDT,BUY,LIMIT,1702231409980,1254,2.4461
NEARUSDT,BUY,LIMIT,1702232914975,33,2.4652
NEARUSDT,BUY,LIMIT,1702235595845,144,2.4887
NEARUSDT,BUY,LIMIT,1702235637378,408,2.4934
NEARUSDT,BUY,LIMIT,1702235708914,1281,2.5006
NEARUSDT,BUY,LIMIT,1702235752010,20,2.5054
NEARUSDT,BUY,LIMIT,1702236269544,23,2.5039
NEARUSDT,BUY,LIMIT,1702238041240,38,2.5087
NEARUSDT,BUY,LIMIT,1702238066659,45,2.5099
NEARUSDT,BUY,LIMIT,1702238073334,23,2.5120
NEARUSDT,BUY,LIMIT,1702238087432,88,2.5147
NEARUSDT,BUY,LIMIT,1702238116723,524,2.5195
NEARUSDT,BUY,LIMIT,1702238120346,3,2.5211
NEARUSDT,BUY,LIMIT,1702238246520,688,2.5223
NEARUSDT,BUY,LIMIT,1702238398018,752,2.5250
NEARUSDT,BUY,LIMIT,1702239809731,20,2.5307
NEARUSDT,BUY,LIMIT,1702239822299,8,2.5321
NEARUSDT,BUY,LIMIT,1702239868852,9,2.5401
NEARUSDT,BUY,LIMIT,1702239870277,44,2.5415
NEARUSDT,BUY,LIMIT,1702240363276,433,2.5485
NEARUSDT,BUY,LIMIT,1702240376447,83,2.5491
NEARUSDT,BUY,LIMIT,1702240405193,719,2.5586
NEARUSDT,BUY,LIMIT,1702240406431,290,2.5530
NEARUSDT,BUY,LIMIT,1702240407449,250,2.5612
NEARUSDT,BUY,LIMIT,1702240424770,480,2.5636
NEARUSDT,BUY,LIMIT,1702240438129,3171,2.5667
NEARUSDT,BUY,LIMIT,1702240566182,24,2.5709
NEARUSDT,BUY,LIMIT,1702240631221,11,2.5749
NEARUSDT,BUY,LIMIT,1702240667249,28,2.5797
NEARUSDT,BUY,LIMIT,1702240684260,4,2.5833
NEARUSDT,BUY,LIMIT,1702240709543,6,2.5856
NEARUSDT,BUY,LIMIT,1702240710673,593,2.5864
NEARUSDT,BUY,LIMIT,1702240713897,34,2.5871
NEARUSDT,BUY,LIMIT,1702240735115,4176,2.5898
NEARUSDT,BUY,LIMIT,1702240744460,100,2.5897
NEARUSDT,BUY,LIMIT,1702240758456,139,2.5904
NEARUSDT,BUY,LIMIT,1702240760740,122,2.5917
NEARUSDT,BUY,LIMIT,1702240794385,3,2.6004
NEARUSDT,BUY,LIMIT,1702240869628,3,2.6036
NEARUSDT,BUY,LIMIT,1702240893984,256,2.6069
NEARUSDT,BUY,LIMIT,1702240903099,510,2.6075
NEARUSDT,BUY,LIMIT,1702240905061,8,2.6080
NEARUSDT,BUY,LIMIT,1702241059771,441,2.6034
NEARUSDT,BUY,LIMIT,1702241074520,24,2.6034
NEARUSDT,BUY,LIMIT,1702241232775,518,2.6091
NEARUSDT,BUY,LIMIT,1702241370712,4,2.6137
NEARUSDT,BUY,LIMIT,1702241761282,1191,2.6235
NEARUSDT,BUY,LIMIT,1702241860733,10,2.6290
NEARUSDT,BUY,LIMIT,1702241916899,6,2.6334
NEARUSDT,BUY,LIMIT,1702241920628,1,2.6208
NEARUSDT,BUY,LIMIT,1702241976471,11,2.6344
NEARUSDT,BUY,LIMIT,1702242002170,193,2.6351
NEARUSDT,SELL,LIMIT,1702242204241,824,2.5396
NEARUSDT,BUY,LIMIT,1702242325351,1550,2.6305
NEARUSDT,SELL,LIMIT,1702243613323,2138,2.5396
NEARUSDT,SELL,LIMIT,1702243638212,128,2.5367
NEARUSDT,SELL,LIMIT,1702243858343,126,2.5289
NEARUSDT,SELL,LIMIT,1702243868982,21,2.5285
NEARUSDT,SELL,LIMIT,1702243870606,173,2.5232
NEARUSDT,SELL,LIMIT,1702243873519,498,2.5191
NEARUSDT,SELL,LIMIT,1702244012797,7,2.5099
NEARUSDT,SELL,LIMIT,1702244115089,28,2.5075
NEARUSDT,SELL,LIMIT,1702244260042,29,2.5030
NEARUSDT,SELL,LIMIT,1702244873197,33,2.4930
NEARUSDT,SELL,LIMIT,1702245034524,112,2.4921
NEARUSDT,SELL,LIMIT,1702245048832,505,2.4911
NEARUSDT,SELL,LIMIT,1702245506394,7,2.4814
NEARUSDT,SELL,LIMIT,1702245563949,93,2.4805
NEARUSDT,SELL,LIMIT,1702245592927,584,2.4778
NEARUSDT,SELL,LIMIT,1702245688945,77,2.4727
NEARUSDT,SELL,LIMIT,1702247369393,209,2.4833
NEARUSDT,SELL,LIMIT,1702247431665,216,2.4808
NEARUSDT,BUY,LIMIT,1702249208080,405,2.5619
NEARUSDT,BUY,LIMIT,1702249214359,113,2.5636
NEARUSDT,BUY,LIMIT,1702249275365,63,2.5727
NEARUSDT,BUY,LIMIT,1702249301120,841,2.5738
NEARUSDT,SELL,LIMIT,1702249999428,105,2.4809
NEARUSDT,SELL,LIMIT,1702250097950,117,2.4757
NEARUSDT,SELL,LIMIT,1702250251525,168,2.4682
NEARUSDT,SELL,LIMIT,1702250295932,1015,2.4659
NEARUSDT,SELL,LIMIT,1702250298693,76,2.4650
NEARUSDT,BUY,LIMIT,1702250631366,303,2.5550
NEARUSDT,BUY,LIMIT,1702252838883,44,2.5676
NEARUSDT,BUY,LIMIT,1702252902118,85,2.5765
NEARUSDT,BUY,LIMIT,1702254514958,10,2.5689
NEARUSDT,SELL,LIMIT,1702255460167,1008,2.4847
NEARUSDT,SELL,LIMIT,1702255553249,2,2.4781
NEARUSDT,SELL,LIMIT,1702255608945,1259,2.4725
NEARUSDT,SELL,LIMIT,1702256096804,28,2.4635
NEARUSDT,SELL,LIMIT,1702256100280,19,2.4611
NEARUSDT,SELL,LIMIT,1702256195590,101,2.4616
NEARUSDT,SELL,LIMIT,1702256482218,1463,2.4542
NEARUSDT,SELL,LIMIT,1702256493257,52,2.4534
NEARUSDT,SELL,LIMIT,1702256495546,18,2.4526
NEARUSDT,SELL,LIMIT,1702256502913,3936,2.4510
NEARUSDT,SELL,LIMIT,1702256509307,315,2.4507
NEARUSDT,SELL,LIMIT,1702256568313,1063,2.4481
NEARUSDT,SELL,LIMIT,1702256600844,335,2.4433
NEARUSDT,SELL,LIMIT,1702256605468,325,2.4425
NEARUSDT,SELL,LIMIT,1702256607358,113,2.4401
NEARUSDT,SELL,LIMIT,1702256610329,50,2.4399
NEARUSDT,SELL,LIMIT,1702256611794,83,2.4392
NEARUSDT,SELL,LIMIT,1702256613627,1987,2.4386
NEARUSDT,SELL,LIMIT,1702256620301,38,2.4360
NEARUSDT,SELL,LIMIT,1702256716920,61,2.4347
NEARUSDT,SELL,LIMIT,1702256914629,718,2.4296
NEARUSDT,SELL,LIMIT,1702256915635,307,2.4329
NEARUSDT,SELL,LIMIT,1702256919603,7,2.4305
NEARUSDT,BUY,LIMIT,1702256980290,83,2.5029
NEARUSDT,SELL,LIMIT,1702256984725,202,2.4292
NEARUSDT,SELL,LIMIT,1702256993549,390,2.4279
NEARUSDT,SELL,LIMIT,1702257008778,8974,2.4124
NEARUSDT,SELL,LIMIT,1702258550785,182,2.4449
NEARUSDT,SELL,LIMIT,1702258632255,18,2.4403
NEARUSDT,BUY,LIMIT,1702259413813,300,2.5407
NEARUSDT,BUY,LIMIT,1702259817347,2951,2.5496
NEARUSDT,SELL,LIMIT,1702260402878,56,2.4454
NEARUSDT,SELL,LIMIT,1702260427582,2,2.8228
NEARUSDT,SELL,LIMIT,1702260430336,15,2.4310
NEARUSDT,SELL,LIMIT,1702260431737,3000,2.4308
NEARUSDT,SELL,LIMIT,1702260434188,843,2.4279
NEARUSDT,SELL,LIMIT,1702260436276,10,2.4276
NEARUSDT,SELL,LIMIT,1702260437958,244,2.4271
NEARUSDT,SELL,LIMIT,1702260439287,2,2.4799
NEARUSDT,SELL,LIMIT,1702260445873,96,2.4220
NEARUSDT,SELL,LIMIT,1702260627134,15222,2.3955
NEARUSDT,SELL,LIMIT,1702260628201,84,2.4125
NEARUSDT,SELL,LIMIT,1702260631374,1622,2.4090
NEARUSDT,SELL,LIMIT,1702260632602,4406,2.4070
NEARUSDT,SELL,LIMIT,1702260633612,39,2.4039
NEARUSDT,SELL,LIMIT,1702260635508,17978,2.3847
NEARUSDT,SELL,LIMIT,1702260636804,2637,2.4019
NEARUSDT,SELL,LIMIT,1702260637982,1339,2.4002
NEARUSDT,SELL,LIMIT,1702260689985,414,2.3985
NEARUSDT,SELL,LIMIT,1702260692305,82,2.3971
NEARUSDT,SELL,LIMIT,1702260693601,896,2.3963
NEARUSDT,SELL,LIMIT,1702260695772,2,2.3941
NEARUSDT,SELL,LIMIT,1702260697313,51,2.3937
NEARUSDT,SELL,LIMIT,1702260698407,408,2.3935
NEARUSDT,SELL,LIMIT,1702260699536,15,2.3922
NEARUSDT,SELL,LIMIT,1702260700839,794,2.3921
NEARUSDT,SELL,LIMIT,1702260706024,350,2.3906
NEARUSDT,SELL,LIMIT,1702260707833,43,2.3877
NEARUSDT,SELL,LIMIT,1702260708853,44,2.3867
NEARUSDT,SELL,LIMIT,1702260709995,330,2.3837
NEARUSDT,SELL,LIMIT,1702260711570,194,2.3838
NEARUSDT,SELL,LIMIT,1702260713564,39,2.3785
NEARUSDT,SELL,LIMIT,1702260715175,200,2.3785
NEARUSDT,SELL,LIMIT,1702260716283,486,2.3762
NEARUSDT,SELL,LIMIT,1702260717469,461,2.3755
NEARUSDT,SELL,LIMIT,1702260718552,100,2.3743
NEARUSDT,SELL,LIMIT,1702260722300,2,2.3768
NEARUSDT,SELL,LIMIT,1702260723601,5000,2.3696
NEARUSDT,SELL,LIMIT,1702260724960,1572,2.3712
NEARUSDT,SELL,LIMIT,1702260726351,1406,2.3690
NEARUSDT,SELL,LIMIT,1702260727527,147,2.3681
NEARUSDT,SELL,LIMIT,1702260728706,2034,2.3688
NEARUSDT,SELL,LIMIT,1702260729955,9923,2.3535
NEARUSDT,SELL,LIMIT,1702260731069,79,2.3691
NEARUSDT,SELL,LIMIT,1702260733348,57,2.3620
NEARUSDT,SELL,LIMIT,1702260735827,58,2.3646
NEARUSDT,SELL,LIMIT,1702260736969,496,2.3621
NEARUSDT,SELL,LIMIT,1702260738299,550,2.3560
NEARUSDT,SELL,LIMIT,1702260740652,111,2.3533
NEARUSDT,SELL,LIMIT,1702260741795,19,2.5444
NEARUSDT,SELL,LIMIT,1702260742948,578,2.3470
NEARUSDT,SELL,LIMIT,1702260744044,11871,2.3316
NEARUSDT,SELL,LIMIT,1702260745095,788,2.3450
NEARUSDT,SELL,LIMIT,1702260746574,1035,2.3393
NEARUSDT,SELL,LIMIT,1702260747586,240,2.3429
NEARUSDT,SELL,LIMIT,1702260748644,1386,2.3476
NEARUSDT,SELL,LIMIT,1702260749818,853,2.3586
NEARUSDT,SELL,LIMIT,1702260750835,64,2.3256
NEARUSDT,SELL,LIMIT,1702260751969,111,2.3299
NEARUSDT,SELL,LIMIT,1702260753224,8,2.3256
NEARUSDT,SELL,LIMIT,1702260754474,132,2.3307
NEARUSDT,SELL,LIMIT,1702260755564,19,2.3193
NEARUSDT,SELL,LIMIT,1702260756582,7201,2.3049
NEARUSDT,SELL,LIMIT,1702260757678,142,2.3088
NEARUSDT,SELL,LIMIT,1702260758814,1428,2.3099
NEARUSDT,SELL,LIMIT,1702260759842,125,2.3087
NEARUSDT,SELL,LIMIT,1702260760844,986,2.3063
NEARUSDT,SELL,LIMIT,1702260761887,466,2.3014
NEARUSDT,SELL,LIMIT,1702260763034,2,2.3013
NEARUSDT,SELL,LIMIT,1702260764185,114,2.2933
NEARUSDT,SELL,LIMIT,1702260765722,5,2.2938
NEARUSDT,SELL,LIMIT,1702260766715,5,2.2857
NEARUSDT,SELL,LIMIT,1702260767836,1209,2.2871
NEARUSDT,SELL,LIMIT,1702260769189,74,2.2871
NEARUSDT,SELL,LIMIT,1702260770186,117,2.2751
NEARUSDT,SELL,LIMIT,1702260771420,124,2.2734
NEARUSDT,SELL,LIMIT,1702260772516,62,2.2579
NEARUSDT,SELL,LIMIT,1702260773565,79,2.2588
NEARUSDT,SELL,LIMIT,1702260774559,539,2.2506
NEARUSDT,SELL,LIMIT,1702260775575,143,2.2456
NEARUSDT,SELL,LIMIT,1702260776917,2,2.2456
NEARUSDT,SELL,LIMIT,1702260777987,572,2.2478
NEARUSDT,SELL,LIMIT,1702260779000,327,2.2427
NEARUSDT,SELL,LIMIT,1702260780161,43,2.2271
NEARUSDT,SELL,LIMIT,1702260781175,62,2.2345
NEARUSDT,SELL,LIMIT,1702260782193,2157,2.2228
NEARUSDT,SELL,LIMIT,1702260783309,62625,2.2018
NEARUSDT,SELL,LIMIT,1702260784312,45,2.2218
NEARUSDT,SELL,LIMIT,1702260785324,262,2.2265
NEARUSDT,SELL,LIMIT,1702260786345,21,2.2155
NEARUSDT,SELL,LIMIT,1702260787389,339,2.2194
NEARUSDT,SELL,LIMIT,1702260788483,16,2.3686
NEARUSDT,SELL,LIMIT,1702260789490,3629,2.2028
NEARUSDT,SELL,LIMIT,1702260790519,1568,2.1973
NEARUSDT,SELL,LIMIT,1702260791598,875,2.1973
NEARUSDT,SELL,LIMIT,1702260792955,146,2.2209
NEARUSDT,SELL,LIMIT,1702260794259,200,2.2148
NEARUSDT,SELL,LIMIT,1702260795563,47,2.1943
NEARUSDT,BUY,LIMIT,1702260796596,127,2.2574
NEARUSDT,SELL,LIMIT,1702260797634,1000,2.1895
NEARUSDT,BUY,LIMIT,1702260799155,3,2.2454
NEARUSDT,SELL,LIMIT,1702260800200,87,2.1811
NEARUSDT,SELL,LIMIT,1702260801278,8,2.1752
NEARUSDT,SELL,LIMIT,1702260802457,1364,2.1772
NEARUSDT,SELL,LIMIT,1702260803477,1525,2.1691
NEARUSDT,SELL,LIMIT,1702260804539,916,2.1691
NEARUSDT,SELL,LIMIT,1702260805563,8,2.1680
NEARUSDT,SELL,LIMIT,1702260806678,3,2.1661
NEARUSDT,SELL,LIMIT,1702260807696,6,2.1569
NEARUSDT,SELL,LIMIT,1702260808730,285,2.1569
NEARUSDT,SELL,LIMIT,1702260810160,44,2.1549
NEARUSDT,SELL,LIMIT,1702260811309,423,2.1565
NEARUSDT,SELL,LIMIT,1702260812352,173,2.1485
NEARUSDT,SELL,LIMIT,1702260813476,32,2.1502
NEARUSDT,SELL,LIMIT,1702260814663,3,2.1414
NEARUSDT,SELL,LIMIT,1702260817138,10,2.1479
NEARUSDT,SELL,LIMIT,1702260818281,6,2.1492
NEARUSDT,SELL,LIMIT,1702260820575,906,2.1471
NEARUSDT,SELL,LIMIT,1702260823911,100,2.1415
NEARUSDT,SELL,LIMIT,1702260828401,43,2.1474
NEARUSDT,BUY,LIMIT,1702260844758,134,2.2643
NEARUSDT,BUY,LIMIT,1702260854862,46,2.2804
NEARUSDT,BUY,LIMIT,1702260860507,25,2.2840
NEARUSDT,SELL,LIMIT,1702261013076,1583,2.2453
NEARUSDT,SELL,LIMIT,1702261250957,3001,2.2869
NEARUSDT,BUY,LIMIT,1702261441953,650,2.3760
NEARUSDT,SELL,LIMIT,1702261564171,3,2.2905
NEARUSDT,SELL,LIMIT,1702261597091,41,2.2822
NEARUSDT,SELL,LIMIT,1702261938009,255,2.2913
NEARUSDT,SELL,LIMIT,1702262215616,68,2.2814
NEARUSDT,SELL,LIMIT,1702262318208,495,2.2742
NEARUSDT,SELL,LIMIT,1702262523538,74,2.2665
NEARUSDT,SELL,LIMIT,1702262569139,128,2.2613
NEARUSDT,SELL,LIMIT,1702262615562,51,2.2567
NEARUSDT,BUY,LIMIT,1702262712356,30,2.3397
NEARUSDT,SELL,LIMIT,1702262873708,23,2.2567
NEARUSDT,BUY,LIMIT,1702263017726,20,2.3414
NEARUSDT,BUY,LIMIT,1702263206681,1687,2.3567
NEARUSDT,BUY,LIMIT,1702263881414,20,2.3679
NEARUSDT,BUY,LIMIT,1702265215025,224,2.3983
NEARUSDT,BUY,LIMIT,1702265425691,23,2.4116
NEARUSDT,BUY,LIMIT,1702266052519,239,2.4282
NEARUSDT,BUY,LIMIT,1702266136783,729,2.4391
NEARUSDT,SELL,LIMIT,1702266358140,256,2.3532
NEARUSDT,SELL,LIMIT,1702266808853,80,2.3561
NEARUSDT,SELL,LIMIT,1702266811485,117,2.3534
NEARUSDT,SELL,LIMIT,1702268189071,500,2.3421
NEARUSDT,SELL,LIMIT,1702268394646,70,2.3401
NEARUSDT,SELL,LIMIT,1702268405248,152,2.3377
