Symbol,Side,Order Type,Time,Quantity,Price
NEARUSDT,SELL,LIMIT,1700989300992,6,1.8410
NEARUSDT,SELL,LIMIT,1700990951248,1802,1.8396
NEARUSDT,SELL,LIMIT,1700994522629,274,1.8348
NEARUSDT,SELL,LIMIT,1700995643034,4,1.8391
NEARUSDT,SELL,LIMIT,1700996198361,4250,1.8340
NEARUSDT,SELL,LIMIT,1700996200384,129,1.8328
NEARUSDT,SELL,LIMIT,1700996347319,895,1.8297
NEARUSDT,SELL,LIMIT,1700996371747,717,1.8289
NEARUSDT,BUY,LIMIT,1700996856085,18,1.8937
NEARUSDT,BUY,LIMIT,1700997370789,3500,1.8948
NEARUSDT,SELL,LIMIT,1701001415429,363,1.8302
NEARUSDT,SELL,LIMIT,1701001459615,207,1.8276
NEARUSDT,SELL,LIMIT,1701001461391,117,1.8266
NEARUSDT,SELL,LIMIT,1701001501953,1424,1.8247
NEARUSDT,SELL,LIMIT,1701001505503,3,1.8201
NEARUSDT,BUY,LIMIT,1701002230622,161,1.8942
NEARUSDT,SELL,LIMIT,1701004251558,1754,1.8396
NEARUSDT,SELL,LIMIT,1701004822756,64,1.8325
NEARUSDT,SELL,LIMIT,1701005086257,89,1.8262
NEARUSDT,SELL,LIMIT,1701006117035,26,1.8199
NEARUSDT,SELL,LIMIT,1701006127372,19,1.8197
NEARUSDT,SELL,LIMIT,1701006136432,23,1.8196
NEARUSDT,SELL,LIMIT,1701006166831,37,1.8175
NEARUSDT,SELL,LIMIT,1701006198267,536,1.8169
NEARUSDT,SELL,LIMIT,1701006206713,122,1.8162
NEARUSDT,SELL,LIMIT,1701006217890,197,1.8160
NEARUSDT,SELL,LIMIT,1701008325085,64,1.8149
NEARUSDT,SELL,LIMIT,1701008440393,10,1.8101
NEARUSDT,SELL,LIMIT,1701008442678,41,1.8097
NEARUSDT,SELL,LIMIT,1701008445422,35,1.8085
NEARUSDT,SELL,LIMIT,1701008449146,133,1.8075
NEARUSDT,SELL,LIMIT,1701009264142,40,1.8056
NEARUSDT,SELL,LIMIT,1701009280975,68,1.8053
NEARUSDT,SELL,LIMIT,1701009285434,207,1.8038
NEARUSDT,SELL,LIMIT,1701010805801,546,1.8100
NEARUSDT,SELL,LIMIT,1701010900150,34,1.8074
NEARUSDT,SELL,LIMIT,1701011792624,39,1.8120
NEARUSDT,SELL,LIMIT,1701013654099,1105,1.8034
NEARUSDT,SELL,LIMIT,1701013688274,6,1.8019
NEARUSDT,SELL,LIMIT,1701013693141,68,1.8015
NEARUSDT,SELL,LIMIT,1701013746369,8,1.8005
NEARUSDT,SELL,LIMIT,1701013780508,4336,1.7990
NEARUSDT,SELL,LIMIT,1701013888798,17,1.7972
NEARUSDT,SELL,LIMIT,1701013899142,28,1.7956
NEARUSDT,SELL,LIMIT,1701013900368,1036,1.7953
NEARUSDT,SELL,LIMIT,1701013959349,33,1.7942
NEARUSDT,SELL,LIMIT,1701013980114,178,1.7914
NEARUSDT,SELL,LIMIT,1701013981120,424,1.7912
NEARUSDT,SELL,LIMIT,1701013982795,23,1.7906
NEARUSDT,SELL,LIMIT,1701013985845,101,1.7896
NEARUSDT,SELL,LIMIT,1701014017740,22359,1.7755
NEARUSDT,SELL,LIMIT,1701014043191,1000,1.7875
NEARUSDT,SELL,LIMIT,1701014056736,194,1.7870
NEARUSDT,SELL,LIMIT,1701014058098,11,1.7861
NEARUSDT,BUY,LIMIT,1701014200502,3,1.8500
NEARUSDT,BUY,LIMIT,1701014219274,1265,1.8529
NEARUSDT,SELL,LIMIT,1701015591265,12,1.7949
NEARUSDT,SELL,LIMIT,1701015640991,2400,1.7928
NEARUSDT,SELL,LIMIT,1701015643617,415,1.7923
NEARUSDT,SELL,LIMIT,1701015672820,809,1.7894
NEARUSDT,SELL,LIMIT,1701015684296,132,1.7868
NEARUSDT,SELL,LIMIT,1701015741444,137,1.7856
NEARUSDT,SELL,LIMIT,1701015747710,5346,1.7857
NEARUSDT,SELL,LIMIT,1701015748717,198,1.7855
NEARUSDT,SELL,LIMIT,1701015751060,152,1.7847
NEARUSDT,SELL,LIMIT,1701015760723,720,1.7833
NEARUSDT,SELL,LIMIT,1701015761722,1500,1.7832
NEARUSDT,SELL,LIMIT,1701015872065,97,1.7826
NEARUSDT,SELL,LIMIT,1701015876223,1279,1.7805
NEARUSDT,SELL,LIMIT,1701015902185,100,1.7798
NEARUSDT,SELL,LIMIT,1701016004942,192,1.7805
NEARUSDT,SELL,LIMIT,1701016013533,543,1.7790
NEARUSDT,SELL,LIMIT,1701016016070,29,1.7780
NEARUSDT,SELL,LIMIT,1701016020366,119,1.7771
NEARUSDT,SELL,LIMIT,1701016030694,806,1.7761
NEARUSDT,SELL,LIMIT,1701016032061,87,1.7755
NEARUSDT,SELL,LIMIT,1701016033306,66,1.7752
NEARUSDT,SELL,LIMIT,1701016034246,300,1.7741
NEARUSDT,SELL,LIMIT,1701016035208,51,1.7736
NEARUSDT,SELL,LIMIT,1701016037183,159,1.7740
NEARUSDT,SELL,LIMIT,1701016038899,145,1.7732
NEARUSDT,SELL,LIMIT,1701016040200,435,1.7730
NEARUSDT,SELL,LIMIT,1701016041087,157,1.7713
NEARUSDT,SELL,LIMIT,1701016042086,97,1.7707
NEARUSDT,SELL,LIMIT,1701016043008,1669,1.7701
NEARUSDT,SELL,LIMIT,1701016044088,97,1.7688
NEARUSDT,SELL,LIMIT,1701016045222,15,1.7671
NEARUSDT,SELL,LIMIT,1701016046082,342,1.7666
NEARUSDT,SELL,LIMIT,1701016047678,10,1.7652
NEARUSDT,SELL,LIMIT,1701016048640,3,1.7647
NEARUSDT,SELL,LIMIT,1701016050335,86,1.7637
NEARUSDT,SELL,LIMIT,1701016099305,3,1.7632
NEARUSDT,SELL,LIMIT,1701016100372,412,1.7620
NEARUSDT,SELL,LIMIT,1701016101601,100,1.7604
NEARUSDT,SELL,LIMIT,1701016102463,2676,1.7604
NEARUSDT,BUY,LIMIT,1701016156941,119,1.8315
NEARUSDT,BUY,LIMIT,1701017064532,28,1.8322
NEARUSDT,BUY,LIMIT,1701017706102,33,1.8360
NEARUSDT,SELL,LIMIT,1701020973670,5234,1.7850
NEARUSDT,BUY,LIMIT,1701022268888,7,1.8514
NEARUSDT,BUY,LIMIT,1701024103327,76,1.8598
NEARUSDT,BUY,LIMIT,1701028714874,117,1.8606
NEARUSDT,BUY,LIMIT,1701030177066,104,1.8664
NEARUSDT,BUY,LIMIT,1701030635056,676,1.8687
NEARUSDT,BUY,LIMIT,1701031591381,500,1.8777
NEARUSDT,BUY,LIMIT,1701031592765,1129,1.8784
NEARUSDT,BUY,LIMIT,1701031606030,180,1.8732
NEARUSDT,BUY,LIMIT,1701031635148,98,1.8821
NEARUSDT,BUY,LIMIT,1701031742674,186,1.8869
NEARUSDT,BUY,LIMIT,1701031757329,396,1.8897
NEARUSDT,BUY,LIMIT,1701031759997,79,1.8901
NEARUSDT,BUY,LIMIT,1701031777213,36,1.8924
NEARUSDT,BUY,LIMIT,1701031801219,479,1.8883
NEARUSDT,BUY,LIMIT,1701031845065,381,1.8946
NEARUSDT,BUY,LIMIT,1701031861891,420,1.8960
NEARUSDT,SELL,LIMIT,1701039622408,68,1.8034
NEARUSDT,SELL,LIMIT,1701039912565,136,1.7973
NEARUSDT,BUY,LIMIT,1701047182661,1837,1.8556
NEARUSDT,SELL,LIMIT,1701048235225,700,1.7910
NEARUSDT,SELL,LIMIT,1701048273776,273,1.7905
NEARUSDT,SELL,LIMIT,1701048283175,1865,1.7899
NEARUSDT,SELL,LIMIT,1701048760004,29,1.7895
NEARUSDT,SELL,LIMIT,1701048789543,70,1.7881
NEARUSDT,SELL,LIMIT,1701049036233,15,1.7869
NEARUSDT,SELL,LIMIT,1701049045749,2631,1.7855
NEARUSDT,SELL,LIMIT,1701049380646,279,1.7840
NEARUSDT,SELL,LIMIT,1701049396888,193,1.7819
NEARUSDT,SELL,LIMIT,1701049562338,9,1.7804
NEARUSDT,SELL,LIMIT,1701052645082,156,1.7742
NEARUSDT,SELL,LIMIT,1701053052158,983,1.7701
NEARUSDT,SELL,LIMIT,1701053054054,2759,1.7696
NEARUSDT,SELL,LIMIT,1701053095881,1722,1.7689
NEARUSDT,SELL,LIMIT,1701053159919,800,1.7696
NEARUSDT,SELL,LIMIT,1701054467138,11,1.7658
NEARUSDT,SELL,LIMIT,1701055452318,207,1.7616
NEARUSDT,SELL,LIMIT,1701055457929,1116,1.7611
NEARUSDT,SELL,LIMIT,1701055499130,97,1.7603
NEARUSDT,SELL,LIMIT,1701055500298,5,1.7604
NEARUSDT,SELL,LIMIT,1701055700347,14,1.7582
NEARUSDT,SELL,LIMIT,1701055702570,27,1.7571
NEARUSDT,SELL,LIMIT,1701055956907,97,1.7551
NEARUSDT,SELL,LIMIT,1701056054661,68,1.7527
NEARUSDT,SELL,LIMIT,1701056104701,28,1.7522
NEARUSDT,SELL,LIMIT,1701056112106,212,1.7538
NEARUSDT,SELL,LIMIT,1701056134978,55,1.7520
NEARUSDT,SELL,LIMIT,1701056136095,2155,1.7517
NEARUSDT,SELL,LIMIT,1701056137812,5,1.7507
NEARUSDT,SELL,LIMIT,1701056140598,39,1.7509
NEARUSDT,SELL,LIMIT,1701056157540,108,1.7498
NEARUSDT,SELL,LIMIT,1701056165842,87,1.7493
NEARUSDT,SELL,LIMIT,1701058869206,179,1.7551
NEARUSDT,SELL,LIMIT,1701058956105,9,1.7532
NEARUSDT,SELL,LIMIT,1701062468643,14,1.7557
NEARUSDT,SELL,LIMIT,1701063726102,27,1.7547
