Symbol,Side,Order Type,Time,Quantity,Price
NEOUSDT,BUY,LIMIT,1701924883115,317.77,12.140
NEOUSDT,BUY,LIMIT,1701925970660,0.85,11.977
NEOUSDT,SELL,LIMIT,1701939688608,11.55,11.865
NEOUSDT,SELL,LIMIT,1701940554397,92.34,11.820
NEOUSDT,SELL,LIMIT,1701940564358,32.17,11.792
NEOUSDT,SELL,LIMIT,1701941153270,415.52,11.727
NEOUSDT,SELL,LIMIT,1701941172308,19.66,11.695
NEOUSDT,SELL,LIMIT,1701941183640,94.33,11.678
NEOUSDT,SELL,LIMIT,1701941188076,2399.33,11.615
NEOUSDT,BUY,LIMIT,1701942366051,5.04,11.955
NEOUSDT,SELL,LIMIT,1701951337174,16.82,11.792
NEOUSDT,BUY,LIMIT,1701953976589,1.00,11.997
NEOUSDT,BUY,LIMIT,1701962763490,25.98,12.066
NEOUSDT,SELL,LIMIT,1701962843976,23.62,11.949
NEOUSDT,BUY,LIMIT,1701964953917,3.88,12.031
NEOUSDT,BUY,LIMIT,1701965902665,14.92,12.158
NEOUSDT,BUY,LIMIT,1701971753362,59.96,12.241
NEOUSDT,BUY,LIMIT,1701985124288,0.50,12.204
NEOUSDT,BUY,LIMIT,1701994109115,38.55,12.327
NEOUSDT,BUY,LIMIT,1701994219687,25.07,12.353
NEOUSDT,BUY,LIMIT,1701995487882,7.86,12.405
NEOUSDT,BUY,LIMIT,1701995506748,0.50,12.442
NEOUSDT,BUY,LIMIT,1702006594909,32.52,12.299
NEOUSDT,SELL,LIMIT,1702020600182,18.25,11.949
NEOUSDT,SELL,LIMIT,1702020641404,50.33,11.942
NEOUSDT,SELL,LIMIT,1702020656392,319.87,11.918
NEOUSDT,BUY,LIMIT,1702033417095,4.38,12.288
NEOUSDT,BUY,LIMIT,1702035163382,88.87,12.370
NEOUSDT,BUY,LIMIT,1702035843171,5.00,12.442
NEOUSDT,BUY,LIMIT,1702035990101,0.47,12.459
NEOUSDT,BUY,LIMIT,1702036083674,2.10,12.483
NEOUSDT,BUY,LIMIT,1702036089311,96.48,12.520
NEOUSDT,BUY,LIMIT,1702043365516,200.00,12.421
NEOUSDT,BUY,LIMIT,1702046202739,407.41,12.542
NEOUSDT,BUY,LIMIT,1702047709096,38.93,12.546
NEOUSDT,BUY,LIMIT,1702051501763,4.34,12.557
NEOUSDT,BUY,LIMIT,1702051700135,20.17,12.573
NEOUSDT,BUY,LIMIT,1702052161449,4.14,12.594
NEOUSDT,BUY,LIMIT,1702052617137,10.62,12.600
NEOUSDT,BUY,LIMIT,1702053206231,47.90,12.574
NEOUSDT,BUY,LIMIT,1702053504510,24.94,12.626
NEOUSDT,BUY,LIMIT,1702053510240,132.33,12.629
NEOUSDT,BUY,LIMIT,1702056017030,14.66,12.644
NEOUSDT,BUY,LIMIT,1702056086315,0.83,12.651
NEOUSDT,BUY,LIMIT,1702056088330,11.70,12.653
NEOUSDT,BUY,LIMIT,1702056107065,12.25,12.655
NEOUSDT,BUY,LIMIT,1702064060752,18.49,12.645
NEOUSDT,BUY,LIMIT,1702064195892,3.20,12.658
NEOUSDT,BUY,LIMIT,1702065747245,0.75,12.676
NEOUSDT,BUY,LIMIT,1702065750321,21.91,12.685
NEOUSDT,BUY,LIMIT,1702065825154,5.00,12.690
NEOUSDT,BUY,LIMIT,1702066023249,70.95,12.702
NEOUSDT,BUY,LIMIT,1702068859470,0.10,12.259
NEOUSDT,BUY,LIMIT,1702069353598,4.19,12.760
NEOUSDT,BUY,LIMIT,1702069371339,3.92,12.755
NEOUSDT,BUY,LIMIT,1702070873733,7.98,12.714
NEOUSDT,SELL,LIMIT,1702072140938,58.40,12.485
NEOUSDT,BUY,LIMIT,1702076749469,6.41,12.690
NEOUSDT,BUY,LIMIT,1702077663931,10.55,12.728
NEOUSDT,BUY,LIMIT,1702077945940,60.73,12.729
NEOUSDT,BUY,LIMIT,1702078169079,0.80,12.767
NEOUSDT,BUY,LIMIT,1702078226742,32.57,12.774
NEOUSDT,BUY,LIMIT,1702079066808,62.52,12.744
NEOUSDT,BUY,LIMIT,1702080103613,13.12,12.758
NEOUSDT,BUY,LIMIT,1702080402587,10.55,12.768
NEOUSDT,BUY,LIMIT,1702080420734,15.37,12.769
NEOUSDT,BUY,LIMIT,1702080731435,139.74,12.780
NEOUSDT,BUY,LIMIT,1702080760476,1.18,12.792
NEOUSDT,BUY,LIMIT,1702080776890,20.23,12.795
NEOUSDT,BUY,LIMIT,1702080808373,7.20,12.803
NEOUSDT,BUY,LIMIT,1702080858833,1.41,12.817
NEOUSDT,BUY,LIMIT,1702082334953,11.97,12.862
NEOUSDT,BUY,LIMIT,1702082974938,19.70,12.835
NEOUSDT,BUY,LIMIT,1702083417132,142.50,12.830
NEOUSDT,BUY,LIMIT,1702084373594,159.30,12.911
NEOUSDT,BUY,LIMIT,1702084376318,6.22,12.914
NEOUSDT,BUY,LIMIT,1702084468547,4.05,12.969
NEOUSDT,BUY,LIMIT,1702084470807,9.44,12.981
NEOUSDT,BUY,LIMIT,1702084472181,0.80,12.974
NEOUSDT,BUY,LIMIT,1702084474913,0.35,12.995
NEOUSDT,BUY,LIMIT,1702085555501,15.13,12.868
NEOUSDT,BUY,LIMIT,1702086074991,8.61,13.009
NEOUSDT,BUY,LIMIT,1702086079500,10.52,13.043
NEOUSDT,BUY,LIMIT,1702086182423,3.17,13.074
NEOUSDT,BUY,LIMIT,1702086417172,24.07,13.091
NEOUSDT,BUY,LIMIT,1702086438622,18.02,13.102
NEOUSDT,BUY,LIMIT,1702086445756,0.55,13.107
NEOUSDT,BUY,LIMIT,1702086891342,3.62,13.132
NEOUSDT,BUY,LIMIT,1702086892783,96.70,13.146
NEOUSDT,BUY,LIMIT,1702086963107,45.00,13.203
NEOUSDT,BUY,LIMIT,1702086964746,6.87,13.211
NEOUSDT,BUY,LIMIT,1702086984386,170.12,13.218
NEOUSDT,BUY,LIMIT,1702087008279,42.25,13.235
NEOUSDT,BUY,LIMIT,1702087018211,39.97,13.242
NEOUSDT,BUY,LIMIT,1702087027364,316.26,13.279
NEOUSDT,BUY,LIMIT,1702087031041,45.38,13.289
NEOUSDT,BUY,LIMIT,1702087034242,19.54,13.301
NEOUSDT,BUY,LIMIT,1702087035528,190.37,13.299
NEOUSDT,BUY,LIMIT,1702087049074,30.12,13.338
NEOUSDT,BUY,LIMIT,1702087056413,7.85,13.360
NEOUSDT,BUY,LIMIT,1702087170755,1.58,13.397
NEOUSDT,BUY,LIMIT,1702091266960,7.40,13.107
NEOUSDT,BUY,LIMIT,1702095764308,1.25,13.147
NEOUSDT,BUY,LIMIT,1702097270683,18.54,13.156
NEOUSDT,BUY,LIMIT,1702099075118,22.00,13.206
NEOUSDT,BUY,LIMIT,1702100616225,21.70,13.282
NEOUSDT,BUY,LIMIT,1702102356638,10.60,13.222
NEOUSDT,BUY,LIMIT,1702102929864,10.60,13.266
NEOUSDT,BUY,LIMIT,1702102963289,376.09,13.273
NEOUSDT,BUY,LIMIT,1702103158634,7.92,13.274
NEOUSDT,BUY,LIMIT,1702103376622,8.01,13.259
NEOUSDT,BUY,LIMIT,1702103600472,2.90,13.281
NEOUSDT,BUY,LIMIT,1702109239261,200.00,13.336
NEOUSDT,BUY,LIMIT,1702109244834,2.99,13.344
NEOUSDT,BUY,LIMIT,1702109416423,3.10,13.314
NEOUSDT,BUY,LIMIT,1702109776976,7.64,13.312
NEOUSDT,SELL,LIMIT,1702110970061,0.41,12.958
NEOUSDT,SELL,LIMIT,1702110971649,192.35,12.951
NEOUSDT,SELL,LIMIT,1702110973545,174.90,12.946
NEOUSDT,SELL,LIMIT,1702110980730,92.87,12.894
NEOUSDT,SELL,LIMIT,1702110982526,13.64,12.898
NEOUSDT,SELL,LIMIT,1702110984242,8.86,12.891
NEOUSDT,SELL,LIMIT,1702111029134,1.29,12.874
NEOUSDT,SELL,LIMIT,1702111035735,3.29,12.834
NEOUSDT,SELL,LIMIT,1702111038756,53.11,12.821
NEOUSDT,SELL,LIMIT,1702111040054,5.22,12.820
NEOUSDT,SELL,LIMIT,1702111045339,10.00,12.790
NEOUSDT,SELL,LIMIT,1702111046510,37.90,12.796
NEOUSDT,SELL,LIMIT,1702111376410,185.97,12.784
NEOUSDT,SELL,LIMIT,1702111381331,379.14,12.759
NEOUSDT,SELL,LIMIT,1702111382719,20.46,12.757
NEOUSDT,SELL,LIMIT,1702111384239,29.86,12.762
NEOUSDT,SELL,LIMIT,1702111386904,57.01,12.743
NEOUSDT,SELL,LIMIT,1702111389435,8.20,12.724
NEOUSDT,BUY,LIMIT,1702114059195,29.64,13.204
NEOUSDT,BUY,LIMIT,1702114081984,7.21,13.253
NEOUSDT,BUY,LIMIT,1702114083165,5.19,13.274
NEOUSDT,BUY,LIMIT,1702114117434,83.52,13.322
NEOUSDT,BUY,LIMIT,1702114158063,53.00,13.373
NEOUSDT,SELL,LIMIT,1702115023497,3.19,13.142
NEOUSDT,SELL,LIMIT,1702115095953,6.82,13.130
NEOUSDT,SELL,LIMIT,1702115102492,10.40,13.123
NEOUSDT,SELL,LIMIT,1702115625167,2.03,13.072
NEOUSDT,SELL,LIMIT,1702117626860,272.95,13.047
NEOUSDT,SELL,LIMIT,1702117781118,10.45,13.022
NEOUSDT,SELL,LIMIT,1702121377528,16.54,13.006
NEOUSDT,BUY,LIMIT,1702131949317,62.31,13.321
NEOUSDT,SELL,LIMIT,1702133002408,20.45,12.919
NEOUSDT,SELL,LIMIT,1702133006574,10.00,12.880
