Symbol,Side,Order Type,Time,Quantity,Price
NEOUSDT,BUY,LIMIT,1701924883115,317.77,12.140
NEOUSDT,BUY,LIMIT,1701925970660,0.85,11.977
NEOUSDT,SELL,LIMIT,1701939688608,11.55,11.865
NEOUSDT,SELL,LIMIT,1701940554397,92.34,11.820
NEOUSDT,SELL,LIMIT,1701940564358,32.17,11.792
NEOUSDT,SELL,LIMIT,1701941153270,415.52,11.727
NEOUSDT,SELL,LIMIT,1701941172308,19.66,11.695
NEOUSDT,SELL,LIMIT,1701941183640,94.33,11.678
NEOUSDT,SELL,LIMIT,1701941188076,2399.33,11.615
NEOUSDT,BUY,LIMIT,1701942366051,5.04,11.955
NEOUSDT,SELL,LIMIT,1701951337174,16.82,11.792
NEOUSDT,BUY,LIMIT,1701953976589,1.00,11.997
NEOUSDT,BUY,LIMIT,1701962763490,25.98,12.066
NEOUSDT,SELL,LIMIT,1701962843976,23.62,11.949
NEOUSDT,BUY,LIMIT,1701964953917,3.88,12.031
NEOUSDT,BUY,LIMIT,1701965902665,14.92,12.158
NEOUSDT,BUY,LIMIT,1701971753362,59.96,12.241
NEOUSDT,BUY,LIMIT,1701985124288,0.50,12.204
NEOUSDT,BUY,LIMIT,1701994109115,38.55,12.327
NEOUSDT,BUY,LIMIT,1701994219687,25.07,12.353
NEOUSDT,BUY,LIMIT,1701995487882,7.86,12.405
NEOUSDT,BUY,LIMIT,1701995506748,0.50,12.442
NEOUSDT,BUY,LIMIT,1702006594909,32.52,12.299
NEOUSDT,SELL,LIMIT,1702020600182,18.25,11.949
NEOUSDT,SELL,LIMIT,1702020641404,50.33,11.942
NEOUSDT,SELL,LIMIT,1702020656392,319.87,11.918
NEOUSDT,BUY,LIMIT,1702033417095,4.38,12.288
NEOUSDT,BUY,LIMIT,1702035163382,88.87,12.370
NEOUSDT,BUY,LIMIT,1702035843171,5.00,12.442
NEOUSDT,BUY,LIMIT,1702035990101,0.47,12.459
NEOUSDT,BUY,LIMIT,1702036083674,2.10,12.483
NEOUSDT,BUY,LIMIT,1702036089311,96.48,12.520
NEOUSDT,BUY,LIMIT,1702043365516,200.00,12.421
NEOUSDT,BUY,LIMIT,1702046202739,407.41,12.542
NEOUSDT,BUY,LIMIT,1702047709096,38.93,12.546
NEOUSDT,BUY,LIMIT,1702051501763,4.34,12.557
NEOUSDT,BUY,LIMIT,1702051700135,20.17,12.573
NEOUSDT,BUY,LIMIT,1702052161449,4.14,12.594
NEOUSDT,BUY,LIMIT,1702052617137,10.62,12.600
NEOUSDT,BUY,LIMIT,1702053206231,47.90,12.574
NEOUSDT,BUY,LIMIT,1702053504510,24.94,12.626
NEOUSDT,BUY,LIMIT,1702053510240,132.33,12.629
NEOUSDT,BUY,LIMIT,1702056017030,14.66,12.644
NEOUSDT,BUY,LIMIT,1702056086315,0.83,12.651
NEOUSDT,BUY,LIMIT,1702056088330,11.70,12.653
NEOUSDT,BUY,LIMIT,1702056107065,12.25,12.655
NEOUSDT,BUY,LIMIT,1702064060752,18.49,12.645
NEOUSDT,BUY,LIMIT,1702064195892,3.20,12.658
NEOUSDT,BUY,LIMIT,1702065747245,0.75,12.676
NEOUSDT,BUY,LIMIT,1702065750321,21.91,12.685
NEOUSDT,BUY,LIMIT,1702065825154,5.00,12.690
NEOUSDT,BUY,LIMIT,1702066023249,70.95,12.702
NEOUSDT,BUY,LIMIT,1702068859470,0.10,12.259
NEOUSDT,BUY,LIMIT,1702069353598,4.19,12.760
NEOUSDT,BUY,LIMIT,1702069371339,3.92,12.755
NEOUSDT,BUY,LIMIT,1702070873733,7.98,12.714
NEOUSDT,SELL,LIMIT,1702072140938,58.40,12.485
NEOUSDT,BUY,LIMIT,1702076749469,6.41,12.690
NEOUSDT,BUY,LIMIT,1702077663931,10.55,12.728
NEOUSDT,BUY,LIMIT,1702077945940,60.73,12.729
NEOUSDT,BUY,LIMIT,1702078169079,0.80,12.767
NEOUSDT,BUY,LIMIT,1702078226742,32.57,12.774
NEOUSDT,BUY,LIMIT,1702079066808,62.52,12.744
NEOUSDT,BUY,LIMIT,1702080103613,13.12,12.758
NEOUSDT,BUY,LIMIT,1702080402587,10.55,12.768
NEOUSDT,BUY,LIMIT,1702080420734,15.37,12.769
NEOUSDT,BUY,LIMIT,1702080731435,139.74,12.780
NEOUSDT,BUY,LIMIT,1702080760476,1.18,12.792
NEOUSDT,BUY,LIMIT,1702080776890,20.23,12.795
NEOUSDT,BUY,LIMIT,1702080808373,7.20,12.803
NEOUSDT,BUY,LIMIT,1702080858833,1.41,12.817
NEOUSDT,BUY,LIMIT,1702082334953,11.97,12.862
NEOUSDT,BUY,LIMIT,1702082974938,19.70,12.835
NEOUSDT,BUY,LIMIT,1702083417132,142.50,12.830
NEOUSDT,BUY,LIMIT,1702084373594,159.30,12.911
NEOUSDT,BUY,LIMIT,1702084376318,6.22,12.914
NEOUSDT,BUY,LIMIT,1702084468547,4.05,12.969
NEOUSDT,BUY,LIMIT,1702084470807,9.44,12.981
NEOUSDT,BUY,LIMIT,1702084472181,0.80,12.974
NEOUSDT,BUY,LIMIT,1702084474913,0.35,12.995
NEOUSDT,BUY,LIMIT,1702085555501,15.13,12.868
NEOUSDT,BUY,LIMIT,1702086074991,8.61,13.009
NEOUSDT,BUY,LIMIT,1702086079500,10.52,13.043
NEOUSDT,BUY,LIMIT,1702086182423,3.17,13.074
NEOUSDT,BUY,LIMIT,1702086417172,24.07,13.091
NEOUSDT,BUY,LIMIT,1702086438622,18.02,13.102
NEOUSDT,BUY,LIMIT,1702086445756,0.55,13.107
NEOUSDT,BUY,LIMIT,1702086891342,3.62,13.132
NEOUSDT,BUY,LIMIT,1702086892783,96.70,13.146
NEOUSDT,BUY,LIMIT,1702086963107,45.00,13.203
NEOUSDT,BUY,LIMIT,1702086964746,6.87,13.211
NEOUSDT,BUY,LIMIT,1702086984386,170.12,13.218
NEOUSDT,BUY,LIMIT,1702087008279,42.25,13.235
NEOUSDT,BUY,LIMIT,1702087018211,39.97,13.242
NEOUSDT,BUY,LIMIT,1702087027364,316.26,13.279
NEOUSDT,BUY,LIMIT,1702087031041,45.38,13.289
NEOUSDT,BUY,LIMIT,1702087034242,19.54,13.301
NEOUSDT,BUY,LIMIT,1702087035528,190.37,13.299
NEOUSDT,BUY,LIMIT,1702087049074,30.12,13.338
NEOUSDT,BUY,LIMIT,1702087056413,7.85,13.360
NEOUSDT,BUY,LIMIT,1702087170755,1.58,13.397
NEOUSDT,BUY,LIMIT,1702091266960,7.40,13.107
NEOUSDT,BUY,LIMIT,1702095764308,1.25,13.147
NEOUSDT,BUY,LIMIT,1702097270683,18.54,13.156
NEOUSDT,BUY,LIMIT,1702099075118,22.00,13.206
NEOUSDT,BUY,LIMIT,1702100616225,21.70,13.282
NEOUSDT,BUY,LIMIT,1702102356638,10.60,13.222
NEOUSDT,BUY,LIMIT,1702102929864,10.60,13.266
NEOUSDT,BUY,LIMIT,1702102963289,376.09,13.273
NEOUSDT,BUY,LIMIT,1702103158634,7.92,13.274
NEOUSDT,BUY,LIMIT,1702103376622,8.01,13.259
NEOUSDT,BUY,LIMIT,1702103600472,2.90,13.281
NEOUSDT,BUY,LIMIT,1702109239261,200.00,13.336
NEOUSDT,BUY,LIMIT,1702109244834,2.99,13.344
NEOUSDT,BUY,LIMIT,1702109416423,3.10,13.314
NEOUSDT,BUY,LIMIT,1702109776976,7.64,13.312
NEOUSDT,SELL,LIMIT,1702110970061,0.41,12.958
NEOUSDT,SELL,LIMIT,1702110971649,192.35,12.951
NEOUSDT,SELL,LIMIT,1702110973545,174.90,12.946
NEOUSDT,SELL,LIMIT,1702110980730,92.87,12.894
NEOUSDT,SELL,LIMIT,1702110982526,13.64,12.898
NEOUSDT,SELL,LIMIT,1702110984242,8.86,12.891
NEOUSDT,SELL,LIMIT,1702111029134,1.29,12.874
NEOUSDT,SELL,LIMIT,1702111035735,3.29,12.834
NEOUSDT,SELL,LIMIT,1702111038756,53.11,12.821
NEOUSDT,SELL,LIMIT,1702111040054,5.22,12.820
NEOUSDT,SELL,LIMIT,1702111045339,10.00,12.790
NEOUSDT,SELL,LIMIT,1702111046510,37.90,12.796
NEOUSDT,SELL,LIMIT,1702111376410,185.97,12.784
NEOUSDT,SELL,LIMIT,1702111381331,379.14,12.759
NEOUSDT,SELL,LIMIT,1702111382719,20.46,12.757
NEOUSDT,SELL,LIMIT,1702111384239,29.86,12.762
NEOUSDT,SELL,LIMIT,1702111386904,57.01,12.743
NEOUSDT,SELL,LIMIT,1702111389435,8.20,12.724
NEOUSDT,BUY,LIMIT,1702114059195,29.64,13.204
NEOUSDT,BUY,LIMIT,1702114081984,7.21,13.253
NEOUSDT,BUY,LIMIT,1702114083165,5.19,13.274
NEOUSDT,BUY,LIMIT,1702114117434,83.52,13.322
NEOUSDT,BUY,LIMIT,1702114158063,53.00,13.373
NEOUSDT,SELL,LIMIT,1702115023497,3.19,13.142
NEOUSDT,SELL,LIMIT,1702115095953,6.82,13.130
NEOUSDT,SELL,LIMIT,1702115102492,10.40,13.123
NEOUSDT,SELL,LIMIT,1702115625167,2.03,13.072
NEOUSDT,SELL,LIMIT,1702117626860,272.95,13.047
NEOUSDT,SELL,LIMIT,1702117781118,10.45,13.022
NEOUSDT,SELL,LIMIT,1702121377528,16.54,13.006
NEOUSDT,BUY,LIMIT,1702131949317,62.31,13.321
NEOUSDT,SELL,LIMIT,1702133002408,20.45,12.919
NEOUSDT,SELL,LIMIT,1702133006574,10.00,12.880
NEOUSDT,SELL,LIMIT,1702134821587,247.41,12.867
NEOUSDT,SELL,LIMIT,1702134879373,46.06,12.856
NEOUSDT,SELL,LIMIT,1702139008151,6.00,12.982
NEOUSDT,SELL,LIMIT,1702139264136,384.06,12.962
NEOUSDT,SELL,LIMIT,1702139276539,22.58,12.927
NEOUSDT,SELL,LIMIT,1702141844106,30.39,12.826
NEOUSDT,SELL,LIMIT,1702146719912,10.61,12.927
NEOUSDT,SELL,LIMIT,1702153876081,325.15,12.852
NEOUSDT,SELL,LIMIT,1702164529400,190.14,12.805
NEOUSDT,SELL,LIMIT,1702164693262,73.58,12.757
NEOUSDT,SELL,LIMIT,1702164752428,23.42,12.710
NEOUSDT,SELL,LIMIT,1702164765596,0.95,12.709
NEOUSDT,SELL,LIMIT,1702164800257,21.38,12.702
NEOUSDT,SELL,LIMIT,1702164801529,26.65,12.685
NEOUSDT,SELL,LIMIT,1702164802931,0.76,12.647
NEOUSDT,SELL,LIMIT,1702164804080,378.65,12.633
NEOUSDT,SELL,LIMIT,1702164806007,6.53,12.632
NEOUSDT,SELL,LIMIT,1702164807229,500.00,12.599
NEOUSDT,SELL,LIMIT,1702164809662,369.27,12.751
NEOUSDT,SELL,LIMIT,1702164811485,0.90,12.611
NEOUSDT,SELL,LIMIT,1702164867284,89.13,12.614
NEOUSDT,SELL,LIMIT,1702164869310,8.98,12.597
NEOUSDT,SELL,LIMIT,1702164870338,10.18,12.596
NEOUSDT,SELL,LIMIT,1702164872093,1.29,12.580
NEOUSDT,BUY,LIMIT,1702169918620,91.90,13.120
NEOUSDT,BUY,LIMIT,1702172574113,2.00,13.283
NEOUSDT,BUY,LIMIT,1702173262947,10.00,13.287
NEOUSDT,SELL,LIMIT,1702178163818,0.13,13.118
NEOUSDT,BUY,LIMIT,1702181302070,382.20,13.341
NEOUSDT,BUY,LIMIT,1702192351308,34.27,13.232
NEOUSDT,SELL,LIMIT,1702193288216,293.75,12.987
NEOUSDT,SELL,LIMIT,1702200619729,349.47,12.819
NEOUSDT,SELL,LIMIT,1702200631015,283.53,12.811
NEOUSDT,SELL,LIMIT,1702200640245,10.15,12.807
NEOUSDT,SELL,LIMIT,1702200698201,8.29,12.806
NEOUSDT,SELL,LIMIT,1702200732181,75.00,12.785
NEOUSDT,SELL,LIMIT,1702200764470,1.40,12.762
NEOUSDT,SELL,LIMIT,1702200949334,2.91,12.725
NEOUSDT,SELL,LIMIT,1702201409782,50.00,12.722
NEOUSDT,SELL,LIMIT,1702201479284,50.00,12.704
NEOUSDT,SELL,LIMIT,1702202056436,38.78,12.686
NEOUSDT,SELL,LIMIT,1702202151029,136.67,12.670
NEOUSDT,SELL,LIMIT,1702202267739,3.87,12.627
NEOUSDT,SELL,LIMIT,1702202272153,1.48,12.624
NEOUSDT,SELL,LIMIT,1702202298159,27.42,12.608
NEOUSDT,SELL,LIMIT,1702202317329,133.29,12.601
NEOUSDT,SELL,LIMIT,1702202323300,20.50,12.591
NEOUSDT,SELL,LIMIT,1702202324561,34.16,12.591
NEOUSDT,SELL,LIMIT,1702202373893,68.33,12.576
NEOUSDT,SELL,LIMIT,1702202379256,1.51,12.567
NEOUSDT,SELL,LIMIT,1702202380362,9.09,12.549
NEOUSDT,SELL,LIMIT,1702202387889,13.66,12.548
NEOUSDT,SELL,LIMIT,1702202400090,18.80,12.543
NEOUSDT,SELL,LIMIT,1702202401704,78.77,12.537
NEOUSDT,SELL,LIMIT,1702202405325,18.66,12.522
NEOUSDT,SELL,LIMIT,1702202407109,15.37,12.520
NEOUSDT,SELL,LIMIT,1702230315127,0.41,12.747
NEOUSDT,BUY,LIMIT,1702240887470,152.72,13.120
NEOUSDT,BUY,LIMIT,1702241015239,51.06,13.141
NEOUSDT,SELL,LIMIT,1702255389544,0.61,12.788
NEOUSDT,SELL,LIMIT,1702256914694,2484.32,12.852
NEOUSDT,SELL,LIMIT,1702260324256,15.91,12.716
NEOUSDT,SELL,LIMIT,1702260410835,50.00,12.688
NEOUSDT,SELL,LIMIT,1702260427162,21.55,12.657
NEOUSDT,SELL,LIMIT,1702260429411,4.01,12.660
NEOUSDT,SELL,LIMIT,1702260430560,250.26,12.752
NEOUSDT,SELL,LIMIT,1702260431605,8.45,12.635
NEOUSDT,SELL,LIMIT,1702260437621,5.18,12.650
NEOUSDT,SELL,LIMIT,1702260439246,0.74,12.607
NEOUSDT,SELL,LIMIT,1702260440692,23.15,12.608
NEOUSDT,SELL,LIMIT,1702260485758,5.32,12.580
NEOUSDT,SELL,LIMIT,1702260617421,23.73,12.554
NEOUSDT,SELL,LIMIT,1702260618899,8.48,12.550
NEOUSDT,SELL,LIMIT,1702260628141,100.00,12.536
NEOUSDT,SELL,LIMIT,1702260629244,30.36,12.536
NEOUSDT,SELL,LIMIT,1702260631266,302.21,12.537
NEOUSDT,SELL,LIMIT,1702260632589,9.64,12.527
NEOUSDT,SELL,LIMIT,1702260634664,2350.27,12.479
NEOUSDT,SELL,LIMIT,1702260636332,31.37,12.508
NEOUSDT,SELL,LIMIT,1702260667137,99.95,12.479
NEOUSDT,SELL,LIMIT,1702260668141,24.89,12.474
NEOUSDT,SELL,LIMIT,1702260669764,17.63,12.472
NEOUSDT,SELL,LIMIT,1702260672719,7.65,12.467
NEOUSDT,SELL,LIMIT,1702260687126,3.26,12.454
NEOUSDT,SELL,LIMIT,1702260688260,86.64,12.450
NEOUSDT,SELL,LIMIT,1702260695837,38.13,12.447
NEOUSDT,SELL,LIMIT,1702260699263,65.58,12.439
NEOUSDT,SELL,LIMIT,1702260701401,30.00,12.431
NEOUSDT,SELL,LIMIT,1702260706196,32.80,12.425
NEOUSDT,SELL,LIMIT,1702260707477,17.82,12.416
NEOUSDT,SELL,LIMIT,1702260709012,180.00,12.382
NEOUSDT,SELL,LIMIT,1702260710029,8.98,12.382
NEOUSDT,SELL,LIMIT,1702260711289,6.48,12.368
NEOUSDT,SELL,LIMIT,1702260714199,25.44,12.338
NEOUSDT,SELL,LIMIT,1702260715362,23.81,12.318
NEOUSDT,SELL,LIMIT,1702260716649,20.10,12.309
NEOUSDT,SELL,LIMIT,1702260717740,50.00,12.294
NEOUSDT,SELL,LIMIT,1702260718804,12.06,12.296
NEOUSDT,SELL,LIMIT,1702260719971,79.17,12.264
NEOUSDT,SELL,LIMIT,1702260721427,68.78,12.215
NEOUSDT,SELL,LIMIT,1702260722609,7.54,12.248
NEOUSDT,SELL,LIMIT,1702260724501,7.65,12.192
NEOUSDT,SELL,LIMIT,1702260725699,1.63,12.215
NEOUSDT,SELL,LIMIT,1702260727514,12.55,12.185
NEOUSDT,SELL,LIMIT,1702260729546,5.48,12.181
NEOUSDT,SELL,LIMIT,1702260730701,20.56,12.177
NEOUSDT,SELL,LIMIT,1702260731907,200.00,12.177
NEOUSDT,SELL,LIMIT,1702260734061,76.66,12.170
NEOUSDT,SELL,LIMIT,1702260735767,3.83,12.191
NEOUSDT,SELL,LIMIT,1702260737854,96.48,12.145
NEOUSDT,SELL,LIMIT,1702260740438,13.80,12.137
NEOUSDT,SELL,LIMIT,1702260741624,199.36,12.103
NEOUSDT,SELL,LIMIT,1702260742762,7.66,12.103
NEOUSDT,SELL,LIMIT,1702260744624,0.50,12.077
NEOUSDT,SELL,LIMIT,1702260745972,16.47,12.046
NEOUSDT,SELL,LIMIT,1702260746991,1.90,12.073
NEOUSDT,SELL,LIMIT,1702260748965,2398.49,12.043
NEOUSDT,SELL,LIMIT,1702260750259,80.31,12.086
NEOUSDT,SELL,LIMIT,1702260751854,24.71,12.074
NEOUSDT,SELL,LIMIT,1702260752968,1.91,12.070
NEOUSDT,SELL,LIMIT,1702260754032,15.95,12.077
NEOUSDT,SELL,LIMIT,1702260755110,1.71,12.054
NEOUSDT,SELL,LIMIT,1702260757002,154.81,12.038
NEOUSDT,SELL,LIMIT,1702260758146,92.64,12.042
NEOUSDT,SELL,LIMIT,1702260759266,5.75,12.008
NEOUSDT,SELL,LIMIT,1702260760270,81.96,11.998
NEOUSDT,SELL,LIMIT,1702260761313,287.55,11.937
NEOUSDT,SELL,LIMIT,1702260762435,6.17,11.918
NEOUSDT,SELL,LIMIT,1702260763721,14.88,11.913
NEOUSDT,SELL,LIMIT,1702260764755,0.38,11.913
NEOUSDT,SELL,LIMIT,1702260765765,1213.30,11.874
NEOUSDT,SELL,LIMIT,1702260766852,152.84,11.873
NEOUSDT,SELL,LIMIT,1702260767883,0.78,11.870
NEOUSDT,SELL,LIMIT,1702260768990,403.91,11.865
NEOUSDT,SELL,LIMIT,1702260770103,1.26,11.864
NEOUSDT,SELL,LIMIT,1702260771355,58.61,11.828
NEOUSDT,SELL,LIMIT,1702260772525,11.19,11.761
NEOUSDT,SELL,LIMIT,1702260773727,15.17,11.761
NEOUSDT,SELL,LIMIT,1702260774765,12.22,11.751
NEOUSDT,SELL,LIMIT,1702260775802,0.01,11.751
NEOUSDT,SELL,LIMIT,1702260776868,0.94,11.739
NEOUSDT,SELL,LIMIT,1702260777931,70.10,11.711
NEOUSDT,SELL,LIMIT,1702260779037,164.14,11.682
NEOUSDT,SELL,LIMIT,1702260780163,220.51,11.613
NEOUSDT,SELL,LIMIT,1702260781238,20.44,11.624
NEOUSDT,SELL,LIMIT,1702260782541,8.00,11.647
NEOUSDT,SELL,LIMIT,1702260783570,9.11,11.646
NEOUSDT,SELL,LIMIT,1702260784626,16.30,11.631
NEOUSDT,SELL,LIMIT,1702260786074,424.02,11.631
NEOUSDT,SELL,LIMIT,1702260787441,15.56,11.643
NEOUSDT,SELL,LIMIT,1702260788672,1.08,11.959
NEOUSDT,SELL,LIMIT,1702260789720,0.92,11.594
NEOUSDT,SELL,LIMIT,1702260790760,77.34,11.520
NEOUSDT,SELL,LIMIT,1702260791765,290.00,11.574
NEOUSDT,SELL,LIMIT,1702260792993,5.20,11.506
NEOUSDT,SELL,LIMIT,1702260794253,15.24,11.515
NEOUSDT,SELL,LIMIT,1702260795460,8.55,11.498
NEOUSDT,SELL,LIMIT,1702260796461,40.88,11.494
NEOUSDT,SELL,LIMIT,1702260797487,2.66,11.490
NEOUSDT,SELL,LIMIT,1702260798487,6.00,11.490
NEOUSDT,SELL,LIMIT,1702260799523,44.33,11.424
NEOUSDT,SELL,LIMIT,1702260800744,1.18,11.489
NEOUSDT,SELL,LIMIT,1702260801819,237.45,11.435
NEOUSDT,SELL,LIMIT,1702260803263,55.78,11.425
NEOUSDT,SELL,LIMIT,1702260804355,4.71,11.412
NEOUSDT,SELL,LIMIT,1702260805358,0.46,11.346
NEOUSDT,SELL,LIMIT,1702260806419,116.67,11.311
NEOUSDT,SELL,LIMIT,1702260807422,10.89,11.302
NEOUSDT,SELL,LIMIT,1702260808433,11.48,11.303
NEOUSDT,SELL,LIMIT,1702260809537,13.32,11.272
NEOUSDT,SELL,LIMIT,1702260811054,86.86,11.252
NEOUSDT,SELL,LIMIT,1702260812143,27.32,11.266
NEOUSDT,SELL,LIMIT,1702260813160,7.58,11.201
NEOUSDT,SELL,LIMIT,1702260814259,166.98,11.200
NEOUSDT,SELL,LIMIT,1702260816241,164.89,11.229
NEOUSDT,SELL,LIMIT,1702260818450,2.70,11.233
NEOUSDT,SELL,LIMIT,1702260820350,17.92,11.262
NEOUSDT,SELL,LIMIT,1702260821816,1.00,11.252
NEOUSDT,SELL,LIMIT,1702260826504,8.62,11.241
NEOUSDT,BUY,LIMIT,1702260839412,24.81,11.564
NEOUSDT,SELL,LIMIT,1702260858423,5.00,11.596
NEOUSDT,BUY,LIMIT,1702260874336,3.00,11.721
NEOUSDT,SELL,LIMIT,1702262524136,149.57,11.749
NEOUSDT,SELL,LIMIT,1702262873708,4.47,11.646
NEOUSDT,BUY,LIMIT,1702265764472,59.88,12.080
