Symbol,Side,Order Type,Time,Quantity,Price
NEOUSDT,SELL,LIMIT,1701000569685,90.09,11.012
NEOUSDT,SELL,LIMIT,1701000600484,6.90,11.009
NEOUSDT,SELL,LIMIT,1701000777587,196.07,10.977
NEOUSDT,SELL,LIMIT,1701000779593,27.24,10.971
NEOUSDT,SELL,LIMIT,1701000919238,30.28,10.994
NEOUSDT,SELL,LIMIT,1701001503633,437.51,10.959
NEOUSDT,SELL,LIMIT,1701008180708,2.22,11.004
NEOUSDT,SELL,LIMIT,1701008425898,150.00,10.953
NEOUSDT,SELL,LIMIT,1701008443936,16.50,10.943
NEOUSDT,SELL,LIMIT,1701008449151,10.57,10.908
NEOUSDT,SELL,LIMIT,1701009014746,0.47,10.936
NEOUSDT,SELL,LIMIT,1701009263709,10.00,11.040
NEOUSDT,SELL,LIMIT,1701010926805,7.06,10.884
NEOUSDT,SELL,LIMIT,1701013936109,210.00,10.863
NEOUSDT,SELL,LIMIT,1701013937332,3.50,10.872
NEOUSDT,SELL,LIMIT,1701014026293,225.67,10.848
NEOUSDT,SELL,LIMIT,1701014032448,457.33,10.830
NEOUSDT,SELL,LIMIT,1701014036531,83.48,10.817
NEOUSDT,SELL,LIMIT,1701014058145,9.02,10.806
NEOUSDT,SELL,LIMIT,1701014063053,244.00,10.794
NEOUSDT,SELL,LIMIT,1701014921311,0.50,10.887
NEOUSDT,SELL,LIMIT,1701015670161,313.38,10.805
NEOUSDT,SELL,LIMIT,1701015682969,453.69,10.793
NEOUSDT,SELL,LIMIT,1701015684296,22.12,10.785
NEOUSDT,SELL,LIMIT,1701015686255,41.45,10.776
NEOUSDT,SELL,LIMIT,1701015737399,159.74,10.774
NEOUSDT,SELL,LIMIT,1701015742292,24.50,10.772
NEOUSDT,SELL,LIMIT,1701015758866,65.07,10.764
NEOUSDT,SELL,LIMIT,1701015760154,404.24,10.763
NEOUSDT,SELL,LIMIT,1701015761721,250.00,10.763
NEOUSDT,SELL,LIMIT,1701015763198,9.23,10.762
NEOUSDT,BUY,LIMIT,1701015906678,2.74,10.772
NEOUSDT,SELL,LIMIT,1701015949122,45.04,10.767
NEOUSDT,SELL,LIMIT,1701016014027,11.25,10.796
NEOUSDT,SELL,LIMIT,1701016019347,95.84,10.750
NEOUSDT,SELL,LIMIT,1701016020700,18.45,10.744
NEOUSDT,SELL,LIMIT,1701016028480,3695.55,10.702
NEOUSDT,SELL,LIMIT,1701016031645,76.92,10.727
NEOUSDT,SELL,LIMIT,1701016035987,223.93,10.711
NEOUSDT,SELL,LIMIT,1701016037433,20.24,10.708
NEOUSDT,SELL,LIMIT,1701016039215,13.01,10.706
NEOUSDT,SELL,LIMIT,1701016042372,30.00,10.692
NEOUSDT,SELL,LIMIT,1701016045290,15.08,10.684
NEOUSDT,SELL,LIMIT,1701016046271,79.43,10.684
NEOUSDT,SELL,LIMIT,1701016047190,111.23,10.676
NEOUSDT,SELL,LIMIT,1701016048104,1080.91,10.639
NEOUSDT,SELL,LIMIT,1701016049150,22.42,10.683
NEOUSDT,SELL,LIMIT,1701016050283,10.00,10.649
NEOUSDT,SELL,LIMIT,1701016051719,460.14,10.637
NEOUSDT,SELL,LIMIT,1701016084544,5.13,10.701
NEOUSDT,SELL,LIMIT,1701016094720,205.65,10.636
NEOUSDT,SELL,LIMIT,1701016098053,46.12,10.620
NEOUSDT,SELL,LIMIT,1701016099202,91.61,10.624
NEOUSDT,SELL,LIMIT,1701016100374,2.61,10.608
NEOUSDT,SELL,LIMIT,1701016101601,15.00,10.606
NEOUSDT,SELL,LIMIT,1701016102314,45.20,10.601
NEOUSDT,SELL,LIMIT,1701016103424,0.45,10.596
NEOUSDT,BUY,LIMIT,1701030169478,44.56,10.955
NEOUSDT,SELL,LIMIT,1701051344075,13.59,10.753
NEOUSDT,SELL,LIMIT,1701052721938,462.32,10.704
NEOUSDT,SELL,LIMIT,1701052880816,107.88,10.684
NEOUSDT,SELL,LIMIT,1701054437546,1.62,10.656
NEOUSDT,SELL,LIMIT,1701054440814,100.00,10.651
NEOUSDT,SELL,LIMIT,1701054486192,367.73,10.632
NEOUSDT,SELL,LIMIT,1701055190132,13.00,10.623
NEOUSDT,SELL,LIMIT,1701055191998,12.02,10.607
NEOUSDT,SELL,LIMIT,1701055593830,12.39,10.607
NEOUSDT,SELL,LIMIT,1701055766176,458.14,10.583
NEOUSDT,SELL,LIMIT,1701055974159,3.79,10.579
NEOUSDT,SELL,LIMIT,1701056031553,1.37,10.575
NEOUSDT,SELL,LIMIT,1701056043348,4.43,10.575
NEOUSDT,SELL,LIMIT,1701056055067,10.94,10.566
NEOUSDT,SELL,LIMIT,1701056056171,213.91,10.573
NEOUSDT,SELL,LIMIT,1701056091258,16.05,10.562
NEOUSDT,SELL,LIMIT,1701056141303,109.93,10.558
NEOUSDT,SELL,LIMIT,1701056159138,2.72,10.546
NEOUSDT,SELL,LIMIT,1701056160165,6.77,10.549
NEOUSDT,SELL,LIMIT,1701056163785,90.21,10.541
NEOUSDT,SELL,LIMIT,1701056166378,6.10,10.535
