Symbol,Side,Order Type,Time,Quantity,Price
NEOUSDT,SELL,LIMIT,1701069505481,453.05,10.520
NEOUSDT,SELL,LIMIT,1701069512283,4.10,10.517
NEOUSDT,SELL,LIMIT,1701069520234,2.92,10.504
NEOUSDT,SELL,LIMIT,1701069558670,12.82,10.494
NEOUSDT,SELL,LIMIT,1701069574388,466.96,10.490
NEOUSDT,SELL,LIMIT,1701069796052,55.63,10.478
NEOUSDT,SELL,LIMIT,1701069849658,4150.99,10.423
NEOUSDT,SELL,LIMIT,1701069852377,63.84,10.457
NEOUSDT,SELL,LIMIT,1701069887304,20.40,10.429
NEOUSDT,SELL,LIMIT,1701069888475,108.34,10.429
NEOUSDT,SELL,LIMIT,1701069892618,5.06,10.413
NEOUSDT,SELL,LIMIT,1701069896455,1.82,10.410
NEOUSDT,SELL,LIMIT,1701069898145,94.58,10.406
NEOUSDT,SELL,LIMIT,1701082579732,181.77,10.539
NEOUSDT,SELL,LIMIT,1701082696926,4.43,10.502
NEOUSDT,SELL,LIMIT,1701082728100,98.33,10.502
NEOUSDT,SELL,LIMIT,1701084932234,1.11,10.531
NEOUSDT,SELL,LIMIT,1701093118012,95.57,10.507
NEOUSDT,SELL,LIMIT,1701093463650,0.48,10.638
NEOUSDT,BUY,LIMIT,1701093912045,0.69,7.737
NEOUSDT,SELL,LIMIT,1701096729320,100.00,10.512
NEOUSDT,SELL,LIMIT,1701097027078,8.30,10.500
NEOUSDT,SELL,LIMIT,1701100563557,38.29,10.516
NEOUSDT,SELL,LIMIT,1701100641685,194.95,10.505
NEOUSDT,SELL,LIMIT,1701101007837,0.76,10.509
NEOUSDT,SELL,LIMIT,1701102226816,301.72,10.548
NEOUSDT,SELL,LIMIT,1701113291967,30.29,10.629
NEOUSDT,SELL,LIMIT,1701114162426,7.18,10.566
NEOUSDT,SELL,LIMIT,1701114237303,49.96,10.548
NEOUSDT,SELL,LIMIT,1701114263703,97.70,10.535
NEOUSDT,SELL,LIMIT,1701114353187,43.61,10.525
NEOUSDT,SELL,LIMIT,1701114355055,62.88,10.512
NEOUSDT,SELL,LIMIT,1701114356370,30.88,10.509
NEOUSDT,SELL,LIMIT,1701114497726,44.55,10.494
NEOUSDT,SELL,LIMIT,1701114525525,52.34,10.497
NEOUSDT,SELL,LIMIT,1701116873961,10.25,10.507
NEOUSDT,BUY,LIMIT,1701120922362,42.12,10.773
NEOUSDT,BUY,LIMIT,1701131379301,0.94,10.868
NEOUSDT,BUY,LIMIT,1701131425521,29.26,10.907
NEOUSDT,BUY,LIMIT,1701131508184,14.33,10.934
NEOUSDT,BUY,LIMIT,1701139901224,12.86,10.934
NEOUSDT,BUY,LIMIT,1701141112687,6.30,10.988
NEOUSDT,BUY,LIMIT,1701142226552,15.97,10.992
NEOUSDT,SELL,LIMIT,1701145137430,53.79,10.781
NEOUSDT,SELL,LIMIT,1701146186503,25.33,10.675
NEOUSDT,SELL,LIMIT,1701146221176,2.16,10.664
NEOUSDT,SELL,LIMIT,1701146957503,6.25,10.638
NEOUSDT,SELL,LIMIT,1701146962779,3.90,10.636
NEOUSDT,SELL,LIMIT,1701147055627,19.70,10.630
NEOUSDT,SELL,LIMIT,1701147189426,34.52,10.624
NEOUSDT,SELL,LIMIT,1701147199046,8.17,10.613
NEOUSDT,SELL,LIMIT,1701147879446,9.41,10.591
NEOUSDT,SELL,LIMIT,1701148263363,10.07,10.525
NEOUSDT,SELL,LIMIT,1701148290236,8.94,10.523
NEOUSDT,SELL,LIMIT,1701149770350,227.61,10.494
NEOUSDT,SELL,LIMIT,1701149773008,93.45,10.490
NEOUSDT,SELL,LIMIT,1701149846404,4.73,10.476
NEOUSDT,SELL,LIMIT,1701149848021,56.92,10.470
NEOUSDT,SELL,LIMIT,1701149876788,196.04,10.464
NEOUSDT,SELL,LIMIT,1701149884483,50.00,10.453
NEOUSDT,SELL,LIMIT,1701149886938,46.54,10.451
NEOUSDT,SELL,LIMIT,1701149901250,5.00,10.508
NEOUSDT,SELL,LIMIT,1701151240300,17.22,10.423
NEOUSDT,SELL,LIMIT,1701151263083,189.08,10.416
NEOUSDT,SELL,LIMIT,1701151273582,240.54,10.415
NEOUSDT,BUY,LIMIT,1701171047264,0.03,10.759
NEOUSDT,BUY,LIMIT,1701189822003,0.94,10.902
NEOUSDT,BUY,LIMIT,1701190198478,16.02,10.907
NEOUSDT,BUY,LIMIT,1701190222698,17.63,10.919
NEOUSDT,BUY,LIMIT,1701190348463,333.00,10.942
NEOUSDT,BUY,LIMIT,1701190983221,16.85,10.952
NEOUSDT,BUY,LIMIT,1701191547231,1.34,10.963
NEOUSDT,BUY,LIMIT,1701192069217,46.60,10.970
NEOUSDT,SELL,LIMIT,1701192396971,4.22,10.867
NEOUSDT,BUY,LIMIT,1701192767857,18.48,10.998
NEOUSDT,BUY,LIMIT,1701194436201,32.74,11.010
NEOUSDT,BUY,LIMIT,1701195678227,59.69,11.017
NEOUSDT,BUY,LIMIT,1701197853681,18.54,10.947
NEOUSDT,BUY,LIMIT,1701200497796,74.68,11.033
NEOUSDT,BUY,LIMIT,1701200510120,9.41,11.031
NEOUSDT,BUY,LIMIT,1701200561881,379.65,11.038
NEOUSDT,BUY,LIMIT,1701231196865,19.13,11.017
NEOUSDT,BUY,LIMIT,1701240059256,27.16,11.082
NEOUSDT,BUY,LIMIT,1701240123452,16.12,11.094
NEOUSDT,BUY,LIMIT,1701240733659,1113.19,11.126
NEOUSDT,BUY,LIMIT,1701247359925,4.85,11.107
NEOUSDT,BUY,LIMIT,1701247454081,19.86,11.109
NEOUSDT,BUY,LIMIT,1701247455336,174.10,11.110
NEOUSDT,BUY,LIMIT,1701247606957,28.33,11.117
NEOUSDT,BUY,LIMIT,1701248929163,4.04,11.142
NEOUSDT,BUY,LIMIT,1701249341973,81.28,11.162
NEOUSDT,BUY,LIMIT,1701249517324,74.96,11.190
NEOUSDT,SELL,LIMIT,1701253336733,707.36,10.925
NEOUSDT,SELL,LIMIT,1701253586249,0.71,10.935
NEOUSDT,SELL,LIMIT,1701254771484,9.13,10.834
NEOUSDT,SELL,LIMIT,1701263972703,8.22,10.794
NEOUSDT,SELL,LIMIT,1701264328643,5.03,10.782
NEOUSDT,SELL,LIMIT,1701264605205,1.60,10.752
NEOUSDT,SELL,LIMIT,1701268329837,0.95,10.734
NEOUSDT,SELL,LIMIT,1701268347801,2.78,10.727
NEOUSDT,SELL,LIMIT,1701270343975,3.50,10.659
NEOUSDT,SELL,LIMIT,1701270439554,114.35,10.655
NEOUSDT,SELL,LIMIT,1701270614400,81.24,10.613
NEOUSDT,SELL,LIMIT,1701270618238,1.80,10.605
NEOUSDT,SELL,LIMIT,1701284958201,0.37,19.667
NEOUSDT,BUY,LIMIT,1701285033593,2.89,10.911
NEOUSDT,SELL,LIMIT,1701288287798,0.11,10.753
NEOUSDT,BUY,LIMIT,1701303865922,9.14,10.942
NEOUSDT,BUY,LIMIT,1701303932030,2.93,10.976
NEOUSDT,SELL,LIMIT,1701306426219,2.78,10.738
NEOUSDT,SELL,LIMIT,1701315609056,89.15,10.830
NEOUSDT,BUY,LIMIT,1701317523074,3.42,11.014
NEOUSDT,BUY,LIMIT,1701317694168,34.72,11.033
NEOUSDT,BUY,LIMIT,1701322806170,50.79,11.062
NEOUSDT,BUY,LIMIT,1701328402618,22.97,11.135
NEOUSDT,SELL,LIMIT,1701332783227,2.71,10.844
NEOUSDT,SELL,LIMIT,1701333727678,6.89,10.795
NEOUSDT,BUY,LIMIT,1701350857573,40.04,11.199
NEOUSDT,BUY,LIMIT,1701351602571,15.00,11.214
NEOUSDT,BUY,LIMIT,1701351633968,22.62,11.229
NEOUSDT,BUY,LIMIT,1701351795909,224.08,11.268
NEOUSDT,BUY,LIMIT,1701351830206,9.06,11.294
