Symbol,Side,Order Type,Time,Quantity,Price
NKNUSDT,SELL,LIMIT,1701068265332,385,0.10415
NKNUSDT,SELL,LIMIT,1701069189188,357,0.10438
NKNUSDT,SELL,LIMIT,1701069517853,2098,0.10401
NKNUSDT,SELL,LIMIT,1701069548353,3419,0.10387
NKNUSDT,SELL,LIMIT,1701069836336,2294,0.10354
NKNUSDT,SELL,LIMIT,1701069841881,351,0.10336
NKNUSDT,SELL,LIMIT,1701069864138,73,0.10324
NKNUSDT,SELL,LIMIT,1701069881315,1656,0.10315
NKNUSDT,SELL,LIMIT,1701069884091,574,0.10297
NKNUSDT,SELL,LIMIT,1701069885275,2663,0.10296
NKNUSDT,SELL,LIMIT,1701069886934,2721,0.10275
NKNUSDT,SELL,LIMIT,1701069888515,19934,0.10277
NKNUSDT,SELL,LIMIT,1701069898495,15390,0.10271
NKNUSDT,SELL,LIMIT,1701082612216,462,0.10267
NKNUSDT,SELL,LIMIT,1701082654329,712,0.10262
NKNUSDT,SELL,LIMIT,1701082672956,3500,0.10258
NKNUSDT,SELL,LIMIT,1701082675068,21866,0.10246
NKNUSDT,SELL,LIMIT,1701082693386,5167,0.10230
NKNUSDT,SELL,LIMIT,1701082697437,10369,0.10227
NKNUSDT,SELL,LIMIT,1701100564980,357,0.10338
NKNUSDT,SELL,LIMIT,1701101101019,32,0.10690
NKNUSDT,SELL,LIMIT,1701114238363,3412,0.10258
NKNUSDT,SELL,LIMIT,1701114355811,89,0.10217
NKNUSDT,SELL,LIMIT,1701114357175,823,0.10213
NKNUSDT,SELL,LIMIT,1701114478139,184,0.10161
NKNUSDT,SELL,LIMIT,1701114479450,2134,0.10136
NKNUSDT,SELL,LIMIT,1701114480591,5281,0.10126
NKNUSDT,SELL,LIMIT,1701114502107,5000,0.10136
NKNUSDT,SELL,LIMIT,1701114526002,25000,0.10139
NKNUSDT,SELL,LIMIT,1701144374103,545,0.10193
NKNUSDT,SELL,LIMIT,1701146066305,990,0.10118
NKNUSDT,SELL,LIMIT,1701146963519,376,0.10102
NKNUSDT,SELL,LIMIT,1701147065538,885,0.10095
NKNUSDT,SELL,LIMIT,1701147197308,102888,0.10063
NKNUSDT,SELL,LIMIT,1701147199653,1405,0.10080
NKNUSDT,SELL,LIMIT,1701147201376,808,0.10075
NKNUSDT,SELL,LIMIT,1701147224381,25811,0.10068
NKNUSDT,SELL,LIMIT,1701147875107,48,0.10052
NKNUSDT,SELL,LIMIT,1701147922366,459,0.10037
NKNUSDT,SELL,LIMIT,1701147923489,90,0.10035
NKNUSDT,SELL,LIMIT,1701148009061,14699,0.10032
NKNUSDT,SELL,LIMIT,1701148214137,1478,0.09979
NKNUSDT,SELL,LIMIT,1701148215273,699,0.10004
NKNUSDT,SELL,LIMIT,1701148218091,1808,0.09964
NKNUSDT,SELL,LIMIT,1701149693038,6560,0.09950
NKNUSDT,SELL,LIMIT,1701149826154,3613,0.09940
NKNUSDT,SELL,LIMIT,1701149834678,987,0.09940
NKNUSDT,SELL,LIMIT,1701149836255,1394,0.09933
NKNUSDT,SELL,LIMIT,1701149845068,466,0.09927
NKNUSDT,SELL,LIMIT,1701149852070,48823,0.09922
NKNUSDT,SELL,LIMIT,1701149854705,316,0.09909
NKNUSDT,SELL,LIMIT,1701149856407,3747,0.09906
NKNUSDT,SELL,LIMIT,1701149859221,3607,0.09903
NKNUSDT,SELL,LIMIT,1701151268585,10437,0.09921
NKNUSDT,BUY,LIMIT,1701172870049,1141,0.10669
NKNUSDT,BUY,LIMIT,1701202232609,19134,0.10820
NKNUSDT,BUY,LIMIT,1701202864264,1040,0.10891
NKNUSDT,BUY,LIMIT,1701202865274,37902,0.10872
NKNUSDT,BUY,LIMIT,1701205813272,256,0.10795
NKNUSDT,BUY,LIMIT,1701218570101,194,0.10894
NKNUSDT,BUY,LIMIT,1701218710512,2916,0.10908
NKNUSDT,BUY,LIMIT,1701230248052,84,0.10840
NKNUSDT,BUY,LIMIT,1701239977478,580,0.10805
NKNUSDT,SELL,LIMIT,1701243334092,28,0.10422
NKNUSDT,BUY,LIMIT,1701246385581,2084,0.10911
NKNUSDT,BUY,LIMIT,1701246495784,205,0.10915
NKNUSDT,BUY,LIMIT,1701246515056,1354,0.10921
NKNUSDT,BUY,LIMIT,1701246653282,1735,0.10924
NKNUSDT,BUY,LIMIT,1701247123602,959,0.10936
NKNUSDT,BUY,LIMIT,1701247570786,3039,0.11001
NKNUSDT,BUY,LIMIT,1701248822978,921,0.11043
NKNUSDT,SELL,LIMIT,1701283835809,132,0.10649
NKNUSDT,BUY,LIMIT,1701296200251,13034,0.11277
NKNUSDT,BUY,LIMIT,1701296432983,1608,0.11309
NKNUSDT,BUY,LIMIT,1701296682404,11688,0.11333
NKNUSDT,BUY,LIMIT,1701299885886,962,0.11342
NKNUSDT,BUY,LIMIT,1701300840261,11181,0.11385
NKNUSDT,BUY,LIMIT,1701300858599,984,0.11395
NKNUSDT,BUY,LIMIT,1701304989443,91,0.11444
NKNUSDT,BUY,LIMIT,1701305166556,170,0.11474
NKNUSDT,BUY,LIMIT,1701305168607,12523,0.11469
NKNUSDT,SELL,LIMIT,1701315738437,611,0.11244
NKNUSDT,SELL,LIMIT,1701317858720,468,0.10846
NKNUSDT,SELL,LIMIT,1701333681612,8830,0.10639
NKNUSDT,BUY,LIMIT,1701341705544,164,0.11530
NKNUSDT,BUY,LIMIT,1701341999111,1373,0.11541
NKNUSDT,BUY,LIMIT,1701349002345,18163,0.11560
NKNUSDT,SELL,LIMIT,1701354938970,1808,0.11044
NKNUSDT,BUY,LIMIT,1701393532253,11611,0.11636
NKNUSDT,BUY,LIMIT,1701393536136,2421,0.11649
NKNUSDT,BUY,LIMIT,1701405515308,138,0.11524
