Symbol,Side,Order Type,Time,Quantity,Price
NMRUSDT,SELL,LIMIT,1701941188321,91.0,15.367960
NMRUSDT,SELL,LIMIT,1701941190336,65.3,15.478372
NMRUSDT,BUY,LIMIT,1701953976590,0.1,16.422000
NMRUSDT,BUY,LIMIT,1702060219093,2.4,16.643605
NMRUSDT,BUY,LIMIT,1702065742957,1.3,16.715465
NMRUSDT,BUY,LIMIT,1702081762826,6.9,16.965565
NMRUSDT,BUY,LIMIT,1702082957417,25.0,16.988422
NMRUSDT,BUY,LIMIT,1702097270683,13.2,17.013600
NMRUSDT,BUY,LIMIT,1702110068345,1.3,17.239833
NMRUSDT,SELL,LIMIT,1702111031400,0.5,16.233779
NMRUSDT,SELL,LIMIT,1702111387791,13.3,16.066014
NMRUSDT,SELL,LIMIT,1702141848104,30.1,15.982753
NMRUSDT,SELL,LIMIT,1702164572213,83.3,15.919389
NMRUSDT,SELL,LIMIT,1702164684793,5.9,15.892953
NMRUSDT,SELL,LIMIT,1702164811420,6.1,15.773224
NMRUSDT,SELL,LIMIT,1702164840939,126.2,15.730952
NMRUSDT,SELL,LIMIT,1702193925400,2.3,15.647943
NMRUSDT,SELL,LIMIT,1702197094723,0.9,15.566753
NMRUSDT,SELL,LIMIT,1702200283125,27.0,15.507096
NMRUSDT,SELL,LIMIT,1702200933817,61.5,15.412922
NMRUSDT,SELL,LIMIT,1702202157133,3.0,15.434321
NMRUSDT,SELL,LIMIT,1702202263233,9.3,15.422845
NMRUSDT,SELL,LIMIT,1702202371333,23.8,15.370660
NMRUSDT,SELL,LIMIT,1702202388565,18.4,15.316101
NMRUSDT,SELL,LIMIT,1702202406114,49.5,15.299088
NMRUSDT,SELL,LIMIT,1702260436255,23.7,15.365498
NMRUSDT,SELL,LIMIT,1702260628953,36.1,15.276529
NMRUSDT,SELL,LIMIT,1702260630615,310.1,15.262868
NMRUSDT,BUY,LIMIT,1702260631690,6.0,15.885765
NMRUSDT,SELL,LIMIT,1702260634820,3.5,15.252811
NMRUSDT,SELL,LIMIT,1702260690195,12.3,15.211327
NMRUSDT,SELL,LIMIT,1702260709438,13.0,15.153702
NMRUSDT,SELL,LIMIT,1702260711572,2.5,15.144836
NMRUSDT,SELL,LIMIT,1702260714340,315.1,15.105832
NMRUSDT,SELL,LIMIT,1702260715507,2.3,15.141755
NMRUSDT,SELL,LIMIT,1702260722322,1.7,15.084243
NMRUSDT,SELL,LIMIT,1702260725036,43.6,15.041252
NMRUSDT,SELL,LIMIT,1702260726992,6.3,15.060124
NMRUSDT,SELL,LIMIT,1702260731051,32.0,15.024652
NMRUSDT,SELL,LIMIT,1702260732818,66.2,14.979647
NMRUSDT,SELL,LIMIT,1702260733853,127.9,14.984678
NMRUSDT,SELL,LIMIT,1702260740653,1303.4,14.896170
NMRUSDT,SELL,LIMIT,1702260742918,31.9,14.883982
NMRUSDT,SELL,LIMIT,1702260748595,24.7,14.857766
NMRUSDT,SELL,LIMIT,1702260750035,60.2,14.845481
NMRUSDT,SELL,LIMIT,1702260751503,235.6,14.785450
NMRUSDT,SELL,LIMIT,1702260752824,1.2,14.797655
NMRUSDT,SELL,LIMIT,1702260753879,147.0,14.797071
NMRUSDT,SELL,LIMIT,1702260760180,1.0,14.780315
NMRUSDT,SELL,LIMIT,1702260761705,836.9,14.710563
NMRUSDT,SELL,LIMIT,1702260763642,9.0,14.763317
NMRUSDT,SELL,LIMIT,1702260764651,51.7,14.728101
NMRUSDT,SELL,LIMIT,1702260766495,169.1,14.698209
NMRUSDT,SELL,LIMIT,1702260767622,0.7,14.690870
NMRUSDT,SELL,LIMIT,1702260768683,1.4,14.634906
NMRUSDT,SELL,LIMIT,1702260769744,32.7,14.506783
NMRUSDT,SELL,LIMIT,1702260771002,6.4,14.610244
NMRUSDT,SELL,LIMIT,1702260772675,8.5,14.515384
NMRUSDT,SELL,LIMIT,1702260774472,1.0,14.443657
NMRUSDT,SELL,LIMIT,1702260775996,1.6,14.443656
NMRUSDT,SELL,LIMIT,1702260777020,15.0,14.442918
NMRUSDT,SELL,LIMIT,1702260778028,1.3,14.420081
NMRUSDT,SELL,LIMIT,1702260780983,31.4,14.419811
NMRUSDT,SELL,LIMIT,1702260782443,10.0,14.377950
NMRUSDT,SELL,LIMIT,1702260783795,7.4,14.359944
NMRUSDT,SELL,LIMIT,1702260785203,317.2,14.394108
NMRUSDT,SELL,LIMIT,1702260786292,6.1,14.390920
NMRUSDT,SELL,LIMIT,1702260787526,1.2,14.379704
NMRUSDT,SELL,LIMIT,1702260788910,55.4,14.320951
NMRUSDT,SELL,LIMIT,1702260789985,84.2,14.319036
NMRUSDT,SELL,LIMIT,1702260793708,1.6,14.306024
NMRUSDT,SELL,LIMIT,1702260796547,91.0,14.259637
NMRUSDT,SELL,LIMIT,1702260797911,18.9,14.248459
NMRUSDT,SELL,LIMIT,1702260800587,56.7,14.203431
NMRUSDT,SELL,LIMIT,1702260801653,0.1,14.169286
NMRUSDT,SELL,LIMIT,1702260804915,1.4,14.141234
NMRUSDT,SELL,LIMIT,1702260805939,1.8,14.119123
NMRUSDT,SELL,LIMIT,1702260807224,46.9,14.115152
NMRUSDT,SELL,LIMIT,1702260808349,310.7,14.076479
NMRUSDT,SELL,LIMIT,1702260811317,48.4,14.047744
NMRUSDT,SELL,LIMIT,1702260813935,1.6,14.038371
NMRUSDT,SELL,LIMIT,1702260815834,96.7,14.019175
NMRUSDT,SELL,LIMIT,1702260818451,2.2,13.994565
NMRUSDT,SELL,LIMIT,1702260820163,29.7,13.972220
NMRUSDT,SELL,LIMIT,1702260824018,150.4,13.940308
NMRUSDT,SELL,LIMIT,1702260826258,16.1,13.950001
