Symbol,Side,Order Type,Time,Quantity,Price
NTRNUSDT,SELL,LIMIT,1700848469845,830,0.488938
NTRNUSDT,BUY,LIMIT,1700857722406,416,0.506206
NTRNUSDT,BUY,LIMIT,1700858036324,25,0.513119
NTRNUSDT,BUY,LIMIT,1700858046304,100,0.515449
NTRNUSDT,BUY,LIMIT,1700858048334,152,0.516674
NTRNUSDT,BUY,LIMIT,1700858080967,1079,0.517469
NTRNUSDT,BUY,LIMIT,1700858108243,213,0.519947
NTRNUSDT,BUY,LIMIT,1700858135795,109,0.521195
NTRNUSDT,BUY,LIMIT,1700858205675,80,0.523315
NTRNUSDT,BUY,LIMIT,1700858234619,9872,0.526556
NTRNUSDT,BUY,LIMIT,1700858497216,314,0.529028
NTRNUSDT,BUY,LIMIT,1700858640622,171,0.530341
NTRNUSDT,BUY,LIMIT,1700858652650,586,0.530674
NTRNUSDT,BUY,LIMIT,1700858655094,704,0.530948
NTRNUSDT,SELL,LIMIT,1700859327204,360,0.508226
NTRNUSDT,SELL,LIMIT,1700859328272,627,0.509665
NTRNUSDT,SELL,LIMIT,1700859852530,1955,0.499030
NTRNUSDT,SELL,LIMIT,1700859880251,113,0.498052
NTRNUSDT,SELL,LIMIT,1700859959382,765,0.496402
NTRNUSDT,BUY,LIMIT,1700862560226,17,0.515561
NTRNUSDT,SELL,LIMIT,1700866815390,977,0.493735
NTRNUSDT,SELL,LIMIT,1700867398029,53,0.487576
NTRNUSDT,BUY,LIMIT,1700870621945,950,0.508642
NTRNUSDT,BUY,LIMIT,1700877272222,12,0.521202
NTRNUSDT,BUY,LIMIT,1700877762693,9990,0.521519
NTRNUSDT,BUY,LIMIT,1700878408004,676,0.518238
NTRNUSDT,SELL,LIMIT,1700879209074,561,0.496539
NTRNUSDT,SELL,LIMIT,1700880304459,101,0.491380
NTRNUSDT,BUY,LIMIT,1700880912820,480,0.506762
NTRNUSDT,SELL,LIMIT,1700887634413,9674,0.492033
NTRNUSDT,SELL,LIMIT,1700887713132,1466,0.492388
NTRNUSDT,SELL,LIMIT,1700905000306,189,0.493055
NTRNUSDT,SELL,LIMIT,1700905740609,112,0.490311
NTRNUSDT,SELL,LIMIT,1700905852385,1040,0.490134
NTRNUSDT,SELL,LIMIT,1700907147289,3643,0.490038
NTRNUSDT,SELL,LIMIT,1700911109121,184,0.488561
NTRNUSDT,SELL,LIMIT,1700911395101,886,0.486439
NTRNUSDT,SELL,LIMIT,1700911529402,1453,0.485722
NTRNUSDT,SELL,LIMIT,1700912428205,933,0.483207
NTRNUSDT,SELL,LIMIT,1700912431101,197,0.482647
NTRNUSDT,SELL,LIMIT,1700912684122,292,0.480912
NTRNUSDT,SELL,LIMIT,1700912689856,106,0.480745
NTRNUSDT,BUY,LIMIT,1700914686995,3817,0.502144
NTRNUSDT,BUY,LIMIT,1700917068830,395,0.505462
NTRNUSDT,BUY,LIMIT,1700917553247,104,0.506055
NTRNUSDT,BUY,LIMIT,1700917564166,11,0.506197
NTRNUSDT,SELL,LIMIT,1700921661949,26,0.491272
