Symbol,Side,Order Type,Time,Quantity,Price
NTRNUSDT,SELL,LIMIT,1701067866283,12,0.476656
NTRNUSDT,SELL,LIMIT,1701068112648,112,0.475749
NTRNUSDT,SELL,LIMIT,1701068143835,267,0.474507
NTRNUSDT,SELL,LIMIT,1701068145868,342,0.474286
NTRNUSDT,SELL,LIMIT,1701068150564,88,0.472573
NTRNUSDT,SELL,LIMIT,1701068154422,10,0.472231
NTRNUSDT,SELL,LIMIT,1701068157191,1412,0.471906
NTRNUSDT,SELL,LIMIT,1701068158420,635,0.472041
NTRNUSDT,SELL,LIMIT,1701068159538,101,0.470426
NTRNUSDT,SELL,LIMIT,1701068161242,111,0.469472
NTRNUSDT,SELL,LIMIT,1701068778825,328,0.473733
NTRNUSDT,SELL,LIMIT,1701069516511,33,0.471320
NTRNUSDT,SELL,LIMIT,1701069549127,951,0.470383
NTRNUSDT,SELL,LIMIT,1701069565411,6,0.468418
NTRNUSDT,SELL,LIMIT,1701069567234,439,0.466944
NTRNUSDT,SELL,LIMIT,1701069570991,900,0.465691
NTRNUSDT,SELL,LIMIT,1701069575584,143,0.465288
NTRNUSDT,SELL,LIMIT,1701069631525,843,0.464531
NTRNUSDT,SELL,LIMIT,1701069634098,585,0.463364
NTRNUSDT,SELL,LIMIT,1701069635294,10,0.463350
NTRNUSDT,SELL,LIMIT,1701069638046,420,0.462500
NTRNUSDT,SELL,LIMIT,1701069639529,97,0.460686
NTRNUSDT,SELL,LIMIT,1701069640850,374,0.460503
NTRNUSDT,SELL,LIMIT,1701069641982,2600,0.459277
NTRNUSDT,SELL,LIMIT,1701069885393,60,0.460981
NTRNUSDT,SELL,LIMIT,1701070143348,2000,0.458562
NTRNUSDT,SELL,LIMIT,1701070144627,2693,0.457817
NTRNUSDT,SELL,LIMIT,1701070170539,484,0.457825
NTRNUSDT,SELL,LIMIT,1701070171764,1980,0.457825
NTRNUSDT,SELL,LIMIT,1701070200316,919,0.457514
NTRNUSDT,SELL,LIMIT,1701070201564,40,0.457122
NTRNUSDT,SELL,LIMIT,1701070432019,46,0.458160
NTRNUSDT,SELL,LIMIT,1701077066067,535,0.465188
NTRNUSDT,SELL,LIMIT,1701080504519,82,0.463421
NTRNUSDT,SELL,LIMIT,1701080678458,1757,0.460146
NTRNUSDT,SELL,LIMIT,1701080787420,236,0.461867
NTRNUSDT,SELL,LIMIT,1701081436340,260,0.461473
NTRNUSDT,SELL,LIMIT,1701081480107,20,0.460702
NTRNUSDT,SELL,LIMIT,1701081606190,617,0.460327
NTRNUSDT,SELL,LIMIT,1701082677493,234,0.456286
NTRNUSDT,SELL,LIMIT,1701083173537,1287,0.455794
NTRNUSDT,SELL,LIMIT,1701088048541,944,0.458827
NTRNUSDT,SELL,LIMIT,1701090111124,128,0.457437
NTRNUSDT,SELL,LIMIT,1701095555149,101,0.453987
NTRNUSDT,SELL,LIMIT,1701095556173,41,0.454066
NTRNUSDT,SELL,LIMIT,1701096973350,313,0.453704
NTRNUSDT,SELL,LIMIT,1701097026061,200,0.452263
NTRNUSDT,SELL,LIMIT,1701097056393,1442,0.451789
NTRNUSDT,BUY,LIMIT,1701098163843,6820,0.472621
NTRNUSDT,SELL,LIMIT,1701099988290,1158,0.454324
NTRNUSDT,SELL,LIMIT,1701100065733,3735,0.453428
NTRNUSDT,SELL,LIMIT,1701100188123,20,0.460984
NTRNUSDT,SELL,LIMIT,1701100219343,4263,0.452588
NTRNUSDT,SELL,LIMIT,1701100523814,9988,0.452313
NTRNUSDT,SELL,LIMIT,1701100561780,13072,0.452896
NTRNUSDT,SELL,LIMIT,1701100568647,95,0.450489
NTRNUSDT,SELL,LIMIT,1701100570087,17,0.450008
NTRNUSDT,SELL,LIMIT,1701100573416,510,0.449965
NTRNUSDT,SELL,LIMIT,1701100574514,31,0.449444
NTRNUSDT,SELL,LIMIT,1701100641047,281,0.448598
NTRNUSDT,SELL,LIMIT,1701100642262,1024,0.447877
NTRNUSDT,SELL,LIMIT,1701100783913,10,0.448784
NTRNUSDT,BUY,LIMIT,1701103536737,953,0.472276
NTRNUSDT,SELL,LIMIT,1701107409590,2010,0.458131
NTRNUSDT,SELL,LIMIT,1701111827461,1000,0.455987
NTRNUSDT,SELL,LIMIT,1701114163868,7665,0.447650
NTRNUSDT,SELL,LIMIT,1701114202416,7776,0.446680
NTRNUSDT,SELL,LIMIT,1701114238103,35,0.446097
NTRNUSDT,SELL,LIMIT,1701114352849,51,0.445845
NTRNUSDT,SELL,LIMIT,1701114467277,2664,0.446215
NTRNUSDT,SELL,LIMIT,1701114492040,266,0.445390
NTRNUSDT,SELL,LIMIT,1701114531872,50,0.444845
NTRNUSDT,SELL,LIMIT,1701116550795,226,0.447616
NTRNUSDT,BUY,LIMIT,1701119932917,1355,0.466697
NTRNUSDT,BUY,LIMIT,1701123160285,302,0.464902
NTRNUSDT,BUY,LIMIT,1701131108600,63,0.480223
NTRNUSDT,BUY,LIMIT,1701131189590,5337,0.481299
NTRNUSDT,SELL,LIMIT,1701134303922,2196,0.461805
NTRNUSDT,BUY,LIMIT,1701139109702,10718,0.475736
NTRNUSDT,SELL,LIMIT,1701144292219,480,0.455121
NTRNUSDT,SELL,LIMIT,1701145667895,993,0.451057
NTRNUSDT,SELL,LIMIT,1701145952507,48,0.450740
NTRNUSDT,SELL,LIMIT,1701146062443,4231,0.449251
NTRNUSDT,SELL,LIMIT,1701146067335,4100,0.448070
NTRNUSDT,SELL,LIMIT,1701147533400,63,0.445764
NTRNUSDT,SELL,LIMIT,1701147881367,234,0.444933
NTRNUSDT,SELL,LIMIT,1701147891408,21,0.444827
NTRNUSDT,SELL,LIMIT,1701148008855,1486,0.444403
NTRNUSDT,SELL,LIMIT,1701148010202,14,0.444189
NTRNUSDT,SELL,LIMIT,1701148027581,70,0.444004
NTRNUSDT,SELL,LIMIT,1701148085198,72,0.443852
NTRNUSDT,SELL,LIMIT,1701148138886,342,0.443331
NTRNUSDT,SELL,LIMIT,1701148194170,2664,0.442599
NTRNUSDT,SELL,LIMIT,1701148229099,173,0.441938
NTRNUSDT,SELL,LIMIT,1701148230266,430,0.441992
NTRNUSDT,SELL,LIMIT,1701148943115,2243,0.440097
NTRNUSDT,SELL,LIMIT,1701149518625,1337,0.439011
NTRNUSDT,SELL,LIMIT,1701149582824,11,0.438899
NTRNUSDT,SELL,LIMIT,1701149772497,425,0.438803
NTRNUSDT,BUY,LIMIT,1701152168965,11166,0.457368
NTRNUSDT,SELL,LIMIT,1701155946244,5841,0.437000
NTRNUSDT,SELL,LIMIT,1701156173190,100,0.434661
NTRNUSDT,SELL,LIMIT,1701156370148,4636,0.434365
NTRNUSDT,SELL,LIMIT,1701157063787,19,0.430781
NTRNUSDT,SELL,LIMIT,1701160956314,6654,0.438163
NTRNUSDT,BUY,LIMIT,1701163024637,882,0.452066
NTRNUSDT,BUY,LIMIT,1701169180473,1369,0.455634
NTRNUSDT,BUY,LIMIT,1701170489059,1240,0.456489
NTRNUSDT,BUY,LIMIT,1701175809732,459,0.465001
NTRNUSDT,BUY,LIMIT,1701178854403,56,0.471127
