Symbol,Side,Order Type,Time,Quantity,Price
NTRNUSDT,BUY,LIMIT,1701922476968,443,0.661629
NTRNUSDT,BUY,LIMIT,1701925047186,23,0.671779
NTRNUSDT,BUY,LIMIT,1701926027220,304,0.674342
NTRNUSDT,SELL,LIMIT,1701931589822,2677,0.647464
NTRNUSDT,SELL,LIMIT,1701933634736,360,0.643248
NTRNUSDT,SELL,LIMIT,1701936917521,67,0.641572
NTRNUSDT,SELL,LIMIT,1701937316382,90,0.638734
NTRNUSDT,SELL,LIMIT,1701937765716,1756,0.635829
NTRNUSDT,BUY,LIMIT,1701938771508,2479,0.669987
NTRNUSDT,BUY,LIMIT,1701938845359,207,0.671608
NTRNUSDT,SELL,LIMIT,1701939365300,464,0.645482
NTRNUSDT,SELL,LIMIT,1701939875114,76,0.644480
NTRNUSDT,SELL,LIMIT,1701940516311,73,0.638478
NTRNUSDT,SELL,LIMIT,1701940556428,1591,0.638137
NTRNUSDT,SELL,LIMIT,1701940566397,293,0.637044
NTRNUSDT,BUY,LIMIT,1701940867323,154,0.659335
NTRNUSDT,SELL,LIMIT,1701941155331,228,0.632190
NTRNUSDT,SELL,LIMIT,1701941178993,24,0.630045
NTRNUSDT,SELL,LIMIT,1701941184144,418,0.630040
NTRNUSDT,SELL,LIMIT,1701941186242,1656,0.630140
NTRNUSDT,SELL,LIMIT,1701941187407,301,0.629865
NTRNUSDT,SELL,LIMIT,1701941235995,52,0.628905
NTRNUSDT,SELL,LIMIT,1701941238515,2892,0.628345
NTRNUSDT,BUY,LIMIT,1701942271464,8,0.661550
NTRNUSDT,BUY,LIMIT,1701942364171,21,0.663709
NTRNUSDT,BUY,LIMIT,1701942661226,944,0.669824
NTRNUSDT,SELL,LIMIT,1701950631901,3046,0.638602
NTRNUSDT,BUY,LIMIT,1701953394933,911,0.672884
NTRNUSDT,BUY,LIMIT,1701953429047,134,0.674201
NTRNUSDT,SELL,LIMIT,1701957868686,87,0.636836
NTRNUSDT,SELL,LIMIT,1701958911820,118,0.635445
NTRNUSDT,BUY,LIMIT,1701959756906,1816,0.667068
NTRNUSDT,BUY,LIMIT,1701960991855,159,0.671028
NTRNUSDT,BUY,LIMIT,1701962847525,11,0.682348
NTRNUSDT,BUY,LIMIT,1701963686197,8,0.685262
NTRNUSDT,BUY,LIMIT,1701963723160,73,0.687305
NTRNUSDT,SELL,LIMIT,1701968705389,117,0.639420
NTRNUSDT,SELL,LIMIT,1701968781392,600,0.638684
NTRNUSDT,SELL,LIMIT,1701968917285,1150,0.637876
NTRNUSDT,SELL,LIMIT,1701970252190,15,0.632873
NTRNUSDT,SELL,LIMIT,1701970268655,25,0.631267
NTRNUSDT,SELL,LIMIT,1701970328293,6072,0.631215
NTRNUSDT,SELL,LIMIT,1701970527619,2139,0.628521
NTRNUSDT,SELL,LIMIT,1701970538478,12,0.627510
NTRNUSDT,SELL,LIMIT,1701970802567,4091,0.625429
NTRNUSDT,SELL,LIMIT,1701971224135,1598,0.622377
NTRNUSDT,SELL,LIMIT,1701975175363,7838,0.625168
NTRNUSDT,SELL,LIMIT,1701977144548,38773,0.618857
NTRNUSDT,SELL,LIMIT,1701977349227,9712,0.618197
NTRNUSDT,SELL,LIMIT,1701977350250,175,0.619496
NTRNUSDT,SELL,LIMIT,1701977352039,27,0.618971
NTRNUSDT,SELL,LIMIT,1701977354645,60,0.617636
NTRNUSDT,SELL,LIMIT,1701977399375,2810,0.616481
NTRNUSDT,SELL,LIMIT,1701981371168,8850,0.615494
NTRNUSDT,SELL,LIMIT,1701981374431,150,0.615389
NTRNUSDT,SELL,LIMIT,1701981519397,930,0.614247
NTRNUSDT,SELL,LIMIT,1701981660117,201,0.613367
NTRNUSDT,BUY,LIMIT,1701983864188,18,0.647183
NTRNUSDT,BUY,LIMIT,1701984124404,114,0.655711
NTRNUSDT,SELL,LIMIT,1701985730559,171,0.644905
NTRNUSDT,SELL,LIMIT,1701985853418,364,0.643654
NTRNUSDT,SELL,LIMIT,1701988424273,1000,0.634261
NTRNUSDT,SELL,LIMIT,1702005316024,10,0.629317
NTRNUSDT,SELL,LIMIT,1702005816262,33,0.639144
NTRNUSDT,SELL,LIMIT,1702020666392,16,0.626589
NTRNUSDT,SELL,LIMIT,1702023062052,230,0.619658
NTRNUSDT,BUY,LIMIT,1702033156563,45,0.669986
NTRNUSDT,BUY,LIMIT,1702033597073,121,0.681222
NTRNUSDT,SELL,LIMIT,1702036889574,1529,0.648927
NTRNUSDT,SELL,LIMIT,1702037074754,8,0.646752
NTRNUSDT,BUY,LIMIT,1702039097275,21,0.664257
NTRNUSDT,SELL,LIMIT,1702040269345,76,0.641069
NTRNUSDT,BUY,LIMIT,1702040289141,586,0.659953
NTRNUSDT,SELL,LIMIT,1702040651891,785,0.632298
NTRNUSDT,SELL,LIMIT,1702040771162,4475,0.630918
NTRNUSDT,SELL,LIMIT,1702040809543,317,0.629683
NTRNUSDT,BUY,LIMIT,1702043073019,15,0.654617
NTRNUSDT,BUY,LIMIT,1702043422398,141,0.654941
NTRNUSDT,SELL,LIMIT,1702044326376,57,0.631547
NTRNUSDT,SELL,LIMIT,1702044356046,7799,0.629596
NTRNUSDT,SELL,LIMIT,1702044414278,102,0.628635
NTRNUSDT,SELL,LIMIT,1702047621502,254,0.635037
NTRNUSDT,SELL,LIMIT,1702050908332,310,0.639752
NTRNUSDT,BUY,LIMIT,1702051382050,276,0.663968
NTRNUSDT,BUY,LIMIT,1702059259100,236,0.660232
NTRNUSDT,SELL,LIMIT,1702062462810,541,0.639406
NTRNUSDT,SELL,LIMIT,1702067333191,769,0.636365
NTRNUSDT,SELL,LIMIT,1702067677163,8,0.635485
NTRNUSDT,SELL,LIMIT,1702078882369,73,0.631281
NTRNUSDT,SELL,LIMIT,1702079097723,1007,0.632195
NTRNUSDT,BUY,LIMIT,1702080235058,84,0.649759
NTRNUSDT,SELL,LIMIT,1702083974702,1908,0.641713
NTRNUSDT,SELL,LIMIT,1702084093434,1074,0.637619
NTRNUSDT,SELL,LIMIT,1702084202291,144,0.635807
NTRNUSDT,BUY,LIMIT,1702099794554,22572,0.676908
NTRNUSDT,SELL,LIMIT,1702101886411,2039,0.648488
NTRNUSDT,BUY,LIMIT,1702102930746,1108,0.671103
NTRNUSDT,BUY,LIMIT,1702108647452,439,0.678715
NTRNUSDT,BUY,LIMIT,1702108655367,3024,0.679788
NTRNUSDT,BUY,LIMIT,1702108677013,141,0.683623
NTRNUSDT,BUY,LIMIT,1702108722527,1206,0.685575
NTRNUSDT,BUY,LIMIT,1702108970233,303,0.689226
NTRNUSDT,BUY,LIMIT,1702108995108,1711,0.691948
NTRNUSDT,BUY,LIMIT,1702109006659,195,0.693346
NTRNUSDT,BUY,LIMIT,1702109160227,3682,0.695953
NTRNUSDT,BUY,LIMIT,1702109421853,26,0.696177
NTRNUSDT,SELL,LIMIT,1702109780750,13,0.676794
NTRNUSDT,BUY,LIMIT,1702109891517,120,0.698998
NTRNUSDT,BUY,LIMIT,1702110068345,83,0.701532
NTRNUSDT,SELL,LIMIT,1702110519978,420,0.680783
NTRNUSDT,SELL,LIMIT,1702110919155,9,0.674401
NTRNUSDT,SELL,LIMIT,1702110980629,7643,0.666422
NTRNUSDT,SELL,LIMIT,1702110982885,7242,0.665907
NTRNUSDT,SELL,LIMIT,1702110984798,43,0.663272
NTRNUSDT,SELL,LIMIT,1702111369971,3242,0.659246
NTRNUSDT,SELL,LIMIT,1702111375239,1652,0.657334
NTRNUSDT,SELL,LIMIT,1702111378799,1230,0.656959
NTRNUSDT,SELL,LIMIT,1702111380714,123,0.654456
NTRNUSDT,SELL,LIMIT,1702111389451,446,0.654074
NTRNUSDT,SELL,LIMIT,1702111390524,24,0.652397
NTRNUSDT,SELL,LIMIT,1702112289201,594,0.660654
NTRNUSDT,SELL,LIMIT,1702112419221,3711,0.650833
NTRNUSDT,SELL,LIMIT,1702112421318,1487,0.650112
NTRNUSDT,SELL,LIMIT,1702112429740,8,0.648436
NTRNUSDT,SELL,LIMIT,1702113434472,151,0.643111
NTRNUSDT,SELL,LIMIT,1702113465776,1760,0.641411
NTRNUSDT,SELL,LIMIT,1702113738878,7314,0.640235
NTRNUSDT,SELL,LIMIT,1702115030315,14,0.640703
NTRNUSDT,SELL,LIMIT,1702115613543,6757,0.637944
NTRNUSDT,SELL,LIMIT,1702115640392,4541,0.636330
NTRNUSDT,SELL,LIMIT,1702121079080,459,0.637402
NTRNUSDT,SELL,LIMIT,1702122323067,1500,0.632720
NTRNUSDT,SELL,LIMIT,1702122354544,566,0.629762
NTRNUSDT,SELL,LIMIT,1702122371312,15,0.629361
NTRNUSDT,SELL,LIMIT,1702122377885,330,0.629277
NTRNUSDT,SELL,LIMIT,1702123454890,12,0.628398
NTRNUSDT,SELL,LIMIT,1702124763845,15,0.627946
NTRNUSDT,SELL,LIMIT,1702124798182,5019,0.625968
NTRNUSDT,SELL,LIMIT,1702124844642,182,0.625352
NTRNUSDT,SELL,LIMIT,1702124854110,736,0.624628
NTRNUSDT,SELL,LIMIT,1702132618015,567,0.632916
NTRNUSDT,SELL,LIMIT,1702132640361,451,0.632591
NTRNUSDT,SELL,LIMIT,1702132986476,113,0.627841
NTRNUSDT,SELL,LIMIT,1702133001263,256,0.626237
NTRNUSDT,SELL,LIMIT,1702133004083,775,0.625906
NTRNUSDT,SELL,LIMIT,1702133005546,24,0.624793
NTRNUSDT,SELL,LIMIT,1702133367245,1311,0.623386
NTRNUSDT,SELL,LIMIT,1702134758406,5651,0.624654
NTRNUSDT,SELL,LIMIT,1702134963084,345,0.621458
NTRNUSDT,SELL,LIMIT,1702138953956,372,0.627228
NTRNUSDT,SELL,LIMIT,1702141627283,1263,0.620468
NTRNUSDT,SELL,LIMIT,1702141654440,23,0.620018
NTRNUSDT,SELL,LIMIT,1702141673435,3020,0.618544
NTRNUSDT,SELL,LIMIT,1702141691439,150,0.618013
NTRNUSDT,SELL,LIMIT,1702141693385,102,0.617816
NTRNUSDT,SELL,LIMIT,1702141700608,158,0.617560
NTRNUSDT,SELL,LIMIT,1702141703529,1350,0.617334
NTRNUSDT,SELL,LIMIT,1702141706175,50,0.616230
NTRNUSDT,SELL,LIMIT,1702141707232,362,0.616217
NTRNUSDT,SELL,LIMIT,1702141849363,3538,0.616609
NTRNUSDT,SELL,LIMIT,1702143029910,387,0.617587
NTRNUSDT,SELL,LIMIT,1702144704436,9068,0.620352
NTRNUSDT,BUY,LIMIT,1702159835626,24,0.661429
NTRNUSDT,SELL,LIMIT,1702164529239,56,0.628205
NTRNUSDT,SELL,LIMIT,1702164579119,158,0.676990
NTRNUSDT,SELL,LIMIT,1702164679292,2268,0.626526
NTRNUSDT,SELL,LIMIT,1702164687174,4123,0.626573
NTRNUSDT,SELL,LIMIT,1702164688818,35,0.626034
NTRNUSDT,SELL,LIMIT,1702164748590,5532,0.625760
NTRNUSDT,SELL,LIMIT,1702164756378,438,0.623956
NTRNUSDT,SELL,LIMIT,1702164795784,2160,0.623604
NTRNUSDT,SELL,LIMIT,1702164805642,14,0.623093
NTRNUSDT,SELL,LIMIT,1702164808242,8,0.623065
NTRNUSDT,BUY,LIMIT,1702176129363,3307,0.666847
NTRNUSDT,SELL,LIMIT,1702176558665,3644,0.643928
NTRNUSDT,SELL,LIMIT,1702176611097,3812,0.642817
NTRNUSDT,BUY,LIMIT,1702183230375,25,0.659253
NTRNUSDT,SELL,LIMIT,1702187236925,36,0.640821
NTRNUSDT,SELL,LIMIT,1702189663023,5337,0.636580
NTRNUSDT,SELL,LIMIT,1702189873573,3211,0.635367
NTRNUSDT,SELL,LIMIT,1702191537392,1555,0.633882
NTRNUSDT,SELL,LIMIT,1702191868754,4738,0.631878
NTRNUSDT,SELL,LIMIT,1702192880241,7600,0.627171
NTRNUSDT,SELL,LIMIT,1702196674358,335,0.628178
NTRNUSDT,SELL,LIMIT,1702200765438,2346,0.622225
NTRNUSDT,SELL,LIMIT,1702200921671,7749,0.622377
NTRNUSDT,SELL,LIMIT,1702200930050,236,0.622159
NTRNUSDT,SELL,LIMIT,1702202057030,3613,0.621971
NTRNUSDT,SELL,LIMIT,1702202059703,377,0.620207
NTRNUSDT,SELL,LIMIT,1702202094233,259,0.619485
NTRNUSDT,SELL,LIMIT,1702202098429,2398,0.619113
NTRNUSDT,SELL,LIMIT,1702202272101,605,0.617950
NTRNUSDT,SELL,LIMIT,1702202322413,73,0.616960
NTRNUSDT,SELL,LIMIT,1702202365200,22,0.616038
NTRNUSDT,SELL,LIMIT,1702202371166,80,0.615474
NTRNUSDT,SELL,LIMIT,1702202372574,308,0.615198
NTRNUSDT,SELL,LIMIT,1702202394097,84,0.614518
NTRNUSDT,SELL,LIMIT,1702202405239,81,0.612331
NTRNUSDT,SELL,LIMIT,1702202406292,2244,0.612748
NTRNUSDT,SELL,LIMIT,1702202407841,420,0.609475
NTRNUSDT,SELL,LIMIT,1702202449440,343,0.606662
NTRNUSDT,SELL,LIMIT,1702202452146,1420,0.605204
NTRNUSDT,SELL,LIMIT,1702202453278,228,0.605448
NTRNUSDT,SELL,LIMIT,1702202454504,6122,0.604853
NTRNUSDT,SELL,LIMIT,1702202457198,1595,0.604245
NTRNUSDT,SELL,LIMIT,1702202466342,1717,0.603808
NTRNUSDT,SELL,LIMIT,1702202468545,48,0.603563
NTRNUSDT,SELL,LIMIT,1702202471297,407,0.603017
NTRNUSDT,SELL,LIMIT,1702202495134,137,0.602408
NTRNUSDT,SELL,LIMIT,1702202497867,2823,0.602312
NTRNUSDT,SELL,LIMIT,1702204769434,195,0.607453
NTRNUSDT,SELL,LIMIT,1702205173039,111,0.606101
NTRNUSDT,SELL,LIMIT,1702208115239,7327,0.605079
NTRNUSDT,SELL,LIMIT,1702211743442,5439,0.607295
NTRNUSDT,SELL,LIMIT,1702228860442,387,0.611825
NTRNUSDT,SELL,LIMIT,1702230160612,498,0.610597
NTRNUSDT,BUY,LIMIT,1702238356791,26,0.639532
NTRNUSDT,BUY,LIMIT,1702240964613,1077,0.645841
NTRNUSDT,BUY,LIMIT,1702241038862,17,0.646165
NTRNUSDT,BUY,LIMIT,1702241644398,29,0.650332
NTRNUSDT,SELL,LIMIT,1702256612727,1000,0.622798
NTRNUSDT,SELL,LIMIT,1702256622976,6202,0.622175
NTRNUSDT,SELL,LIMIT,1702256917843,464,0.618825
NTRNUSDT,SELL,LIMIT,1702256974008,566,0.617929
NTRNUSDT,SELL,LIMIT,1702257009370,177,0.616347
NTRNUSDT,SELL,LIMIT,1702260636284,7042,0.615424
NTRNUSDT,SELL,LIMIT,1702260672034,75,0.612865
NTRNUSDT,SELL,LIMIT,1702260676344,8,0.611832
NTRNUSDT,SELL,LIMIT,1702260677448,1430,0.612003
NTRNUSDT,SELL,LIMIT,1702260698916,382,0.610301
NTRNUSDT,SELL,LIMIT,1702260700422,2699,0.610057
NTRNUSDT,SELL,LIMIT,1702260708211,7695,0.609438
NTRNUSDT,SELL,LIMIT,1702260710288,9,0.608292
NTRNUSDT,SELL,LIMIT,1702260711376,185,0.605769
NTRNUSDT,SELL,LIMIT,1702260712894,607,0.601361
NTRNUSDT,SELL,LIMIT,1702260714572,1534,0.599693
NTRNUSDT,SELL,LIMIT,1702260716596,1832,0.600400
NTRNUSDT,SELL,LIMIT,1702260717641,38460,0.592527
NTRNUSDT,SELL,LIMIT,1702260719473,62,0.596486
NTRNUSDT,SELL,LIMIT,1702260724431,25,0.595169
NTRNUSDT,SELL,LIMIT,1702260725490,10000,0.595190
NTRNUSDT,SELL,LIMIT,1702260727514,416,0.595005
NTRNUSDT,SELL,LIMIT,1702260730699,104,0.594316
NTRNUSDT,SELL,LIMIT,1702260731839,35415,0.589490
NTRNUSDT,SELL,LIMIT,1702260733627,14,0.593383
NTRNUSDT,SELL,LIMIT,1702260735518,106,0.591599
NTRNUSDT,SELL,LIMIT,1702260736612,3530,0.588910
NTRNUSDT,SELL,LIMIT,1702260738468,657,0.588648
NTRNUSDT,SELL,LIMIT,1702260739693,278,0.588704
NTRNUSDT,SELL,LIMIT,1702260742153,48,0.589461
NTRNUSDT,SELL,LIMIT,1702260743790,15661,0.586661
NTRNUSDT,SELL,LIMIT,1702260744942,1129,0.588822
NTRNUSDT,SELL,LIMIT,1702260746167,369,0.590090
NTRNUSDT,SELL,LIMIT,1702260748595,251,0.590005
NTRNUSDT,SELL,LIMIT,1702260749659,77,0.609789
NTRNUSDT,SELL,LIMIT,1702260751868,16747,0.586820
NTRNUSDT,SELL,LIMIT,1702260753372,416,0.663603
NTRNUSDT,SELL,LIMIT,1702260754515,211,0.587800
NTRNUSDT,SELL,LIMIT,1702260755663,413,0.587800
NTRNUSDT,SELL,LIMIT,1702260757618,163,0.587601
NTRNUSDT,SELL,LIMIT,1702260758654,6000,0.586496
NTRNUSDT,SELL,LIMIT,1702260759777,3171,0.584673
NTRNUSDT,SELL,LIMIT,1702260760813,233,0.583679
NTRNUSDT,SELL,LIMIT,1702260762417,13,0.583607
NTRNUSDT,SELL,LIMIT,1702260763445,1479,0.582722
NTRNUSDT,SELL,LIMIT,1702260764604,772,0.582392
NTRNUSDT,SELL,LIMIT,1702260765624,2295,0.580325
NTRNUSDT,SELL,LIMIT,1702260766837,50,0.579646
NTRNUSDT,SELL,LIMIT,1702260767895,2468,0.575951
NTRNUSDT,SELL,LIMIT,1702260769703,3412,0.575429
NTRNUSDT,SELL,LIMIT,1702260770851,148,0.574712
NTRNUSDT,SELL,LIMIT,1702260772017,1452,0.573870
NTRNUSDT,SELL,LIMIT,1702260773177,6392,0.572703
NTRNUSDT,SELL,LIMIT,1702260774213,12,0.572543
NTRNUSDT,SELL,LIMIT,1702260775391,19,0.571392
NTRNUSDT,SELL,LIMIT,1702260776482,187,0.571262
NTRNUSDT,SELL,LIMIT,1702260778186,38071,0.560438
NTRNUSDT,SELL,LIMIT,1702260779300,7402,0.570257
NTRNUSDT,SELL,LIMIT,1702260781331,673,0.569432
NTRNUSDT,SELL,LIMIT,1702260782892,14488,0.567090
NTRNUSDT,SELL,LIMIT,1702260783948,752,0.568416
NTRNUSDT,SELL,LIMIT,1702260785087,27,0.565707
NTRNUSDT,SELL,LIMIT,1702260786120,2409,0.567783
NTRNUSDT,SELL,LIMIT,1702260787136,2979,0.566414
NTRNUSDT,SELL,LIMIT,1702260788263,1071,0.565954
NTRNUSDT,SELL,LIMIT,1702260789326,645,0.558754
NTRNUSDT,SELL,LIMIT,1702260790476,1566,0.555746
NTRNUSDT,SELL,LIMIT,1702260791664,1349,0.556887
NTRNUSDT,SELL,LIMIT,1702260792708,1206,0.557227
NTRNUSDT,SELL,LIMIT,1702260793888,35,0.559229
NTRNUSDT,SELL,LIMIT,1702260795382,5459,0.554948
NTRNUSDT,SELL,LIMIT,1702260796742,3621,0.555520
NTRNUSDT,SELL,LIMIT,1702260797758,1044,0.555497
NTRNUSDT,SELL,LIMIT,1702260799233,108,0.554044
NTRNUSDT,SELL,LIMIT,1702260800265,765,0.554113
NTRNUSDT,SELL,LIMIT,1702260801277,36,0.550194
NTRNUSDT,SELL,LIMIT,1702260802323,113,0.550194
NTRNUSDT,SELL,LIMIT,1702260803755,26207,0.544207
NTRNUSDT,SELL,LIMIT,1702260804762,3080,0.546753
NTRNUSDT,SELL,LIMIT,1702260805787,3956,0.546387
NTRNUSDT,SELL,LIMIT,1702260806814,151,0.546475
NTRNUSDT,SELL,LIMIT,1702260807904,8,0.544409
NTRNUSDT,SELL,LIMIT,1702260808925,51,0.544759
NTRNUSDT,SELL,LIMIT,1702260810170,55,0.543325
NTRNUSDT,SELL,LIMIT,1702260811359,20410,0.536870
NTRNUSDT,SELL,LIMIT,1702260812843,84496,0.530794
NTRNUSDT,SELL,LIMIT,1702260814154,767,0.536524
NTRNUSDT,SELL,LIMIT,1702260815202,3685,0.536615
NTRNUSDT,SELL,LIMIT,1702260816376,116,0.536373
NTRNUSDT,SELL,LIMIT,1702260817414,30,0.535199
NTRNUSDT,SELL,LIMIT,1702260818451,51,0.543511
NTRNUSDT,SELL,LIMIT,1702260834418,427,0.534372
NTRNUSDT,BUY,LIMIT,1702260840393,89,0.563602
NTRNUSDT,SELL,LIMIT,1702261010362,5222,0.573315
NTRNUSDT,BUY,LIMIT,1702261122343,220,0.599610
NTRNUSDT,SELL,LIMIT,1702261605062,1872,0.578164
NTRNUSDT,SELL,LIMIT,1702262500919,837,0.574341
NTRNUSDT,SELL,LIMIT,1702262616535,538,0.571576
NTRNUSDT,SELL,LIMIT,1702266346203,3995,0.594388
