Symbol,Side,Order Type,Time,Quantity,Price
NTRNUSDT,SELL,LIMIT,1701067866283,12,0.476656
NTRNUSDT,SELL,LIMIT,1701068112648,112,0.475749
NTRNUSDT,SELL,LIMIT,1701068143835,267,0.474507
NTRNUSDT,SELL,LIMIT,1701068145868,342,0.474286
NTRNUSDT,SELL,LIMIT,1701068150564,88,0.472573
NTRNUSDT,SELL,LIMIT,1701068154422,10,0.472231
NTRNUSDT,SELL,LIMIT,1701068157191,1412,0.471906
NTRNUSDT,SELL,LIMIT,1701068158420,635,0.472041
NTRNUSDT,SELL,LIMIT,1701068159538,101,0.470426
NTRNUSDT,SELL,LIMIT,1701068161242,111,0.469472
NTRNUSDT,SELL,LIMIT,1701068778825,328,0.473733
NTRNUSDT,SELL,LIMIT,1701069516511,33,0.471320
NTRNUSDT,SELL,LIMIT,1701069549127,951,0.470383
NTRNUSDT,SELL,LIMIT,1701069565411,6,0.468418
NTRNUSDT,SELL,LIMIT,1701069567234,439,0.466944
NTRNUSDT,SELL,LIMIT,1701069570991,900,0.465691
NTRNUSDT,SELL,LIMIT,1701069575584,143,0.465288
NTRNUSDT,SELL,LIMIT,1701069631525,843,0.464531
NTRNUSDT,SELL,LIMIT,1701069634098,585,0.463364
NTRNUSDT,SELL,LIMIT,1701069635294,10,0.463350
NTRNUSDT,SELL,LIMIT,1701069638046,420,0.462500
NTRNUSDT,SELL,LIMIT,1701069639529,97,0.460686
NTRNUSDT,SELL,LIMIT,1701069640850,374,0.460503
NTRNUSDT,SELL,LIMIT,1701069641982,2600,0.459277
NTRNUSDT,SELL,LIMIT,1701069885393,60,0.460981
NTRNUSDT,SELL,LIMIT,1701070143348,2000,0.458562
NTRNUSDT,SELL,LIMIT,1701070144627,2693,0.457817
NTRNUSDT,SELL,LIMIT,1701070170539,484,0.457825
NTRNUSDT,SELL,LIMIT,1701070171764,1980,0.457825
NTRNUSDT,SELL,LIMIT,1701070200316,919,0.457514
NTRNUSDT,SELL,LIMIT,1701070201564,40,0.457122
NTRNUSDT,SELL,LIMIT,1701070432019,46,0.458160
NTRNUSDT,SELL,LIMIT,1701077066067,535,0.465188
NTRNUSDT,SELL,LIMIT,1701080504519,82,0.463421
NTRNUSDT,SELL,LIMIT,1701080678458,1757,0.460146
NTRNUSDT,SELL,LIMIT,1701080787420,236,0.461867
NTRNUSDT,SELL,LIMIT,1701081436340,260,0.461473
NTRNUSDT,SELL,LIMIT,1701081480107,20,0.460702
NTRNUSDT,SELL,LIMIT,1701081606190,617,0.460327
NTRNUSDT,SELL,LIMIT,1701082677493,234,0.456286
NTRNUSDT,SELL,LIMIT,1701083173537,1287,0.455794
NTRNUSDT,SELL,LIMIT,1701088048541,944,0.458827
NTRNUSDT,SELL,LIMIT,1701090111124,128,0.457437
NTRNUSDT,SELL,LIMIT,1701095555149,101,0.453987
NTRNUSDT,SELL,LIMIT,1701095556173,41,0.454066
NTRNUSDT,SELL,LIMIT,1701096973350,313,0.453704
NTRNUSDT,SELL,LIMIT,1701097026061,200,0.452263
NTRNUSDT,SELL,LIMIT,1701097056393,1442,0.451789
NTRNUSDT,BUY,LIMIT,1701098163843,6820,0.472621
NTRNUSDT,SELL,LIMIT,1701099988290,1158,0.454324
NTRNUSDT,SELL,LIMIT,1701100065733,3735,0.453428
NTRNUSDT,SELL,LIMIT,1701100188123,20,0.460984
NTRNUSDT,SELL,LIMIT,1701100219343,4263,0.452588
NTRNUSDT,SELL,LIMIT,1701100523814,9988,0.452313
NTRNUSDT,SELL,LIMIT,1701100561780,13072,0.452896
NTRNUSDT,SELL,LIMIT,1701100568647,95,0.450489
NTRNUSDT,SELL,LIMIT,1701100570087,17,0.450008
NTRNUSDT,SELL,LIMIT,1701100573416,510,0.449965
NTRNUSDT,SELL,LIMIT,1701100574514,31,0.449444
NTRNUSDT,SELL,LIMIT,1701100641047,281,0.448598
NTRNUSDT,SELL,LIMIT,1701100642262,1024,0.447877
NTRNUSDT,SELL,LIMIT,1701100783913,10,0.448784
NTRNUSDT,BUY,LIMIT,1701103536737,953,0.472276
NTRNUSDT,SELL,LIMIT,1701107409590,2010,0.458131
NTRNUSDT,SELL,LIMIT,1701111827461,1000,0.455987
NTRNUSDT,SELL,LIMIT,1701114163868,7665,0.447650
NTRNUSDT,SELL,LIMIT,1701114202416,7776,0.446680
NTRNUSDT,SELL,LIMIT,1701114238103,35,0.446097
NTRNUSDT,SELL,LIMIT,1701114352849,51,0.445845
NTRNUSDT,SELL,LIMIT,1701114467277,2664,0.446215
NTRNUSDT,SELL,LIMIT,1701114492040,266,0.445390
NTRNUSDT,SELL,LIMIT,1701114531872,50,0.444845
NTRNUSDT,SELL,LIMIT,1701116550795,226,0.447616
NTRNUSDT,BUY,LIMIT,1701119932917,1355,0.466697
NTRNUSDT,BUY,LIMIT,1701123160285,302,0.464902
NTRNUSDT,BUY,LIMIT,1701131108600,63,0.480223
NTRNUSDT,BUY,LIMIT,1701131189590,5337,0.481299
NTRNUSDT,SELL,LIMIT,1701134303922,2196,0.461805
NTRNUSDT,BUY,LIMIT,1701139109702,10718,0.475736
NTRNUSDT,SELL,LIMIT,1701144292219,480,0.455121
NTRNUSDT,SELL,LIMIT,1701145667895,993,0.451057
NTRNUSDT,SELL,LIMIT,1701145952507,48,0.450740
NTRNUSDT,SELL,LIMIT,1701146062443,4231,0.449251
NTRNUSDT,SELL,LIMIT,1701146067335,4100,0.448070
NTRNUSDT,SELL,LIMIT,1701147533400,63,0.445764
NTRNUSDT,SELL,LIMIT,1701147881367,234,0.444933
NTRNUSDT,SELL,LIMIT,1701147891408,21,0.444827
NTRNUSDT,SELL,LIMIT,1701148008855,1486,0.444403
NTRNUSDT,SELL,LIMIT,1701148010202,14,0.444189
NTRNUSDT,SELL,LIMIT,1701148027581,70,0.444004
NTRNUSDT,SELL,LIMIT,1701148085198,72,0.443852
NTRNUSDT,SELL,LIMIT,1701148138886,342,0.443331
NTRNUSDT,SELL,LIMIT,1701148194170,2664,0.442599
NTRNUSDT,SELL,LIMIT,1701148229099,173,0.441938
NTRNUSDT,SELL,LIMIT,1701148230266,430,0.441992
NTRNUSDT,SELL,LIMIT,1701148943115,2243,0.440097
NTRNUSDT,SELL,LIMIT,1701149518625,1337,0.439011
NTRNUSDT,SELL,LIMIT,1701149582824,11,0.438899
NTRNUSDT,SELL,LIMIT,1701149772497,425,0.438803
NTRNUSDT,BUY,LIMIT,1701152168965,11166,0.457368
NTRNUSDT,SELL,LIMIT,1701155946244,5841,0.437000
NTRNUSDT,SELL,LIMIT,1701156173190,100,0.434661
NTRNUSDT,SELL,LIMIT,1701156370148,4636,0.434365
NTRNUSDT,SELL,LIMIT,1701157063787,19,0.430781
NTRNUSDT,SELL,LIMIT,1701160956314,6654,0.438163
NTRNUSDT,BUY,LIMIT,1701163024637,882,0.452066
NTRNUSDT,BUY,LIMIT,1701169180473,1369,0.455634
NTRNUSDT,BUY,LIMIT,1701170489059,1240,0.456489
NTRNUSDT,BUY,LIMIT,1701175809732,459,0.465001
NTRNUSDT,BUY,LIMIT,1701178854403,56,0.471127
NTRNUSDT,BUY,LIMIT,1701182039340,6285,0.477806
NTRNUSDT,BUY,LIMIT,1701183714949,1810,0.478421
NTRNUSDT,BUY,LIMIT,1701186157443,2564,0.476949
NTRNUSDT,SELL,LIMIT,1701191925227,28,0.471867
NTRNUSDT,SELL,LIMIT,1701197338415,4447,0.470998
NTRNUSDT,SELL,LIMIT,1701197859770,800,0.470988
NTRNUSDT,BUY,LIMIT,1701208599068,5147,0.501380
NTRNUSDT,SELL,LIMIT,1701213619116,115,0.472728
NTRNUSDT,BUY,LIMIT,1701242374095,5,0.493693
NTRNUSDT,BUY,LIMIT,1701243611226,274,0.494102
NTRNUSDT,BUY,LIMIT,1701245512750,301,0.496132
NTRNUSDT,BUY,LIMIT,1701247126654,404,0.498670
NTRNUSDT,SELL,LIMIT,1701247883082,132,0.483499
NTRNUSDT,SELL,LIMIT,1701252258509,60,0.473166
NTRNUSDT,SELL,LIMIT,1701253162384,50,0.479229
NTRNUSDT,SELL,LIMIT,1701253255855,6231,0.473687
NTRNUSDT,SELL,LIMIT,1701255526266,30,0.465312
NTRNUSDT,SELL,LIMIT,1701258307508,1011,0.463688
NTRNUSDT,SELL,LIMIT,1701259810058,10585,0.463119
NTRNUSDT,SELL,LIMIT,1701259819584,8,0.462657
NTRNUSDT,SELL,LIMIT,1701268349385,543,0.468833
NTRNUSDT,SELL,LIMIT,1701269267222,2421,0.465347
NTRNUSDT,SELL,LIMIT,1701270341280,351,0.461158
NTRNUSDT,SELL,LIMIT,1701270343578,81,0.460397
NTRNUSDT,SELL,LIMIT,1701270402182,6364,0.458991
NTRNUSDT,SELL,LIMIT,1701270434430,5147,0.456889
NTRNUSDT,SELL,LIMIT,1701270436944,208,0.456573
NTRNUSDT,SELL,LIMIT,1701270576223,33,0.454403
NTRNUSDT,SELL,LIMIT,1701270711196,599,0.450966
NTRNUSDT,SELL,LIMIT,1701271163500,16,0.451935
NTRNUSDT,SELL,LIMIT,1701273697732,304,0.459891
NTRNUSDT,SELL,LIMIT,1701277355293,1719,0.454860
NTRNUSDT,SELL,LIMIT,1701283614046,2,0.461086
NTRNUSDT,SELL,LIMIT,1701285404946,188,0.460510
NTRNUSDT,BUY,LIMIT,1701298625092,123,0.468569
NTRNUSDT,SELL,LIMIT,1701299980436,52,0.454361
NTRNUSDT,SELL,LIMIT,1701306045269,25,0.449855
NTRNUSDT,SELL,LIMIT,1701325573165,191,0.452037
NTRNUSDT,SELL,LIMIT,1701325878460,6342,0.451083
NTRNUSDT,SELL,LIMIT,1701330574950,184,0.448872
NTRNUSDT,SELL,LIMIT,1701330780538,63,0.446626
NTRNUSDT,SELL,LIMIT,1701330812175,16,0.445525
NTRNUSDT,SELL,LIMIT,1701330817146,57,0.445668
NTRNUSDT,SELL,LIMIT,1701330846343,793,0.445190
NTRNUSDT,SELL,LIMIT,1701335456904,351,0.447482
NTRNUSDT,SELL,LIMIT,1701352485255,17,0.453193
NTRNUSDT,SELL,LIMIT,1701352963767,577,0.449914
NTRNUSDT,SELL,LIMIT,1701353064103,679,0.447084
NTRNUSDT,SELL,LIMIT,1701355083318,852,0.449337
NTRNUSDT,SELL,LIMIT,1701355219820,10964,0.446973
NTRNUSDT,BUY,LIMIT,1701357856246,2163,0.466661
NTRNUSDT,SELL,LIMIT,1701396674771,5421,0.464106
NTRNUSDT,SELL,LIMIT,1701398498956,10,0.466004
NTRNUSDT,BUY,LIMIT,1701400286172,100,0.484088
NTRNUSDT,BUY,LIMIT,1701405021424,6674,0.485771
NTRNUSDT,BUY,LIMIT,1701405515308,12,0.487415
NTRNUSDT,SELL,LIMIT,1701405965450,76,0.472794
NTRNUSDT,BUY,LIMIT,1701408407182,1337,0.489799
NTRNUSDT,BUY,LIMIT,1701409363449,44,0.490431
NTRNUSDT,BUY,LIMIT,1701411137459,2322,0.491505
NTRNUSDT,BUY,LIMIT,1701411179475,1023,0.492257
NTRNUSDT,BUY,LIMIT,1701412386587,576,0.495112
NTRNUSDT,BUY,LIMIT,1701412411892,215,0.495651
NTRNUSDT,SELL,LIMIT,1701416121551,4778,0.477405
NTRNUSDT,SELL,LIMIT,1701416188735,17,0.478985
NTRNUSDT,SELL,LIMIT,1701416894918,459,0.475611
NTRNUSDT,BUY,LIMIT,1701417208363,1105,0.492258
NTRNUSDT,BUY,LIMIT,1701418733211,112,0.498265
NTRNUSDT,BUY,LIMIT,1701419398929,19,0.501055
NTRNUSDT,BUY,LIMIT,1701419426710,223,0.501650
NTRNUSDT,SELL,LIMIT,1701421125167,203,0.482554
NTRNUSDT,BUY,LIMIT,1701422225271,300,0.497905
NTRNUSDT,SELL,LIMIT,1701427073972,201,0.484647
NTRNUSDT,SELL,LIMIT,1701431521004,2271,0.483865
NTRNUSDT,BUY,LIMIT,1701432394460,5308,0.502258
NTRNUSDT,SELL,LIMIT,1701433199934,381,0.481653
NTRNUSDT,SELL,LIMIT,1701433223187,918,0.481064
NTRNUSDT,SELL,LIMIT,1701433326315,5080,0.479838
NTRNUSDT,SELL,LIMIT,1701433347047,513,0.478538
NTRNUSDT,SELL,LIMIT,1701434510153,7204,0.479907
NTRNUSDT,SELL,LIMIT,1701436467984,13,0.479513
NTRNUSDT,SELL,LIMIT,1701437992774,1691,0.479715
NTRNUSDT,SELL,LIMIT,1701439758970,308,0.477334
NTRNUSDT,SELL,LIMIT,1701440331866,23,0.475705
NTRNUSDT,SELL,LIMIT,1701441853936,701,0.478659
NTRNUSDT,SELL,LIMIT,1701442219078,234,0.475375
NTRNUSDT,SELL,LIMIT,1701442266494,9972,0.474295
NTRNUSDT,SELL,LIMIT,1701442309428,2333,0.475366
NTRNUSDT,BUY,LIMIT,1701443358154,5475,0.493378
NTRNUSDT,BUY,LIMIT,1701454699070,101,0.496491
NTRNUSDT,BUY,LIMIT,1701456391505,2125,0.498506
NTRNUSDT,BUY,LIMIT,1701458465352,146,0.500921
NTRNUSDT,BUY,LIMIT,1701460272435,105,0.504103
NTRNUSDT,BUY,LIMIT,1701460566390,157,0.508822
NTRNUSDT,BUY,LIMIT,1701460834230,100,0.509862
NTRNUSDT,BUY,LIMIT,1701460939364,90,0.510673
NTRNUSDT,BUY,LIMIT,1701460948398,125,0.511861
NTRNUSDT,BUY,LIMIT,1701461003325,143,0.513741
NTRNUSDT,BUY,LIMIT,1701461013374,20,0.514503
NTRNUSDT,BUY,LIMIT,1701461031710,22,0.515301
NTRNUSDT,SELL,LIMIT,1701463353432,173,0.496923
NTRNUSDT,SELL,LIMIT,1701463583170,4947,0.494964
NTRNUSDT,SELL,LIMIT,1701463586082,165,0.494506
NTRNUSDT,SELL,LIMIT,1701463589243,3519,0.493078
NTRNUSDT,SELL,LIMIT,1701467843623,2241,0.488141
NTRNUSDT,SELL,LIMIT,1701479687978,303,0.485119
NTRNUSDT,SELL,LIMIT,1701479698262,663,0.484931
NTRNUSDT,SELL,LIMIT,1701484734546,133,0.483537
NTRNUSDT,BUY,LIMIT,1701485666937,792,0.499786
NTRNUSDT,BUY,LIMIT,1701486002223,1,0.500500
NTRNUSDT,BUY,LIMIT,1701486006596,47,0.500785
NTRNUSDT,SELL,LIMIT,1701494132155,24,0.490122
NTRNUSDT,SELL,LIMIT,1701498918336,703,0.487784
NTRNUSDT,BUY,LIMIT,1701508672654,43,0.506142
