Symbol,Side,Order Type,Time,Quantity,Price
NTRNUSDT,BUY,LIMIT,1701922476968,443,0.661629
NTRNUSDT,BUY,LIMIT,1701925047186,23,0.671779
NTRNUSDT,BUY,LIMIT,1701926027220,304,0.674342
NTRNUSDT,SELL,LIMIT,1701931589822,2677,0.647464
NTRNUSDT,SELL,LIMIT,1701933634736,360,0.643248
NTRNUSDT,SELL,LIMIT,1701936917521,67,0.641572
NTRNUSDT,SELL,LIMIT,1701937316382,90,0.638734
NTRNUSDT,SELL,LIMIT,1701937765716,1756,0.635829
NTRNUSDT,BUY,LIMIT,1701938771508,2479,0.669987
NTRNUSDT,BUY,LIMIT,1701938845359,207,0.671608
NTRNUSDT,SELL,LIMIT,1701939365300,464,0.645482
NTRNUSDT,SELL,LIMIT,1701939875114,76,0.644480
NTRNUSDT,SELL,LIMIT,1701940516311,73,0.638478
NTRNUSDT,SELL,LIMIT,1701940556428,1591,0.638137
NTRNUSDT,SELL,LIMIT,1701940566397,293,0.637044
NTRNUSDT,BUY,LIMIT,1701940867323,154,0.659335
NTRNUSDT,SELL,LIMIT,1701941155331,228,0.632190
NTRNUSDT,SELL,LIMIT,1701941178993,24,0.630045
NTRNUSDT,SELL,LIMIT,1701941184144,418,0.630040
NTRNUSDT,SELL,LIMIT,1701941186242,1656,0.630140
NTRNUSDT,SELL,LIMIT,1701941187407,301,0.629865
NTRNUSDT,SELL,LIMIT,1701941235995,52,0.628905
NTRNUSDT,SELL,LIMIT,1701941238515,2892,0.628345
NTRNUSDT,BUY,LIMIT,1701942271464,8,0.661550
NTRNUSDT,BUY,LIMIT,1701942364171,21,0.663709
NTRNUSDT,BUY,LIMIT,1701942661226,944,0.669824
NTRNUSDT,SELL,LIMIT,1701950631901,3046,0.638602
NTRNUSDT,BUY,LIMIT,1701953394933,911,0.672884
NTRNUSDT,BUY,LIMIT,1701953429047,134,0.674201
NTRNUSDT,SELL,LIMIT,1701957868686,87,0.636836
NTRNUSDT,SELL,LIMIT,1701958911820,118,0.635445
NTRNUSDT,BUY,LIMIT,1701959756906,1816,0.667068
NTRNUSDT,BUY,LIMIT,1701960991855,159,0.671028
NTRNUSDT,BUY,LIMIT,1701962847525,11,0.682348
NTRNUSDT,BUY,LIMIT,1701963686197,8,0.685262
NTRNUSDT,BUY,LIMIT,1701963723160,73,0.687305
NTRNUSDT,SELL,LIMIT,1701968705389,117,0.639420
NTRNUSDT,SELL,LIMIT,1701968781392,600,0.638684
NTRNUSDT,SELL,LIMIT,1701968917285,1150,0.637876
NTRNUSDT,SELL,LIMIT,1701970252190,15,0.632873
NTRNUSDT,SELL,LIMIT,1701970268655,25,0.631267
NTRNUSDT,SELL,LIMIT,1701970328293,6072,0.631215
NTRNUSDT,SELL,LIMIT,1701970527619,2139,0.628521
NTRNUSDT,SELL,LIMIT,1701970538478,12,0.627510
NTRNUSDT,SELL,LIMIT,1701970802567,4091,0.625429
NTRNUSDT,SELL,LIMIT,1701971224135,1598,0.622377
NTRNUSDT,SELL,LIMIT,1701975175363,7838,0.625168
NTRNUSDT,SELL,LIMIT,1701977144548,38773,0.618857
NTRNUSDT,SELL,LIMIT,1701977349227,9712,0.618197
NTRNUSDT,SELL,LIMIT,1701977350250,175,0.619496
NTRNUSDT,SELL,LIMIT,1701977352039,27,0.618971
NTRNUSDT,SELL,LIMIT,1701977354645,60,0.617636
NTRNUSDT,SELL,LIMIT,1701977399375,2810,0.616481
NTRNUSDT,SELL,LIMIT,1701981371168,8850,0.615494
NTRNUSDT,SELL,LIMIT,1701981374431,150,0.615389
NTRNUSDT,SELL,LIMIT,1701981519397,930,0.614247
NTRNUSDT,SELL,LIMIT,1701981660117,201,0.613367
NTRNUSDT,BUY,LIMIT,1701983864188,18,0.647183
NTRNUSDT,BUY,LIMIT,1701984124404,114,0.655711
NTRNUSDT,SELL,LIMIT,1701985730559,171,0.644905
NTRNUSDT,SELL,LIMIT,1701985853418,364,0.643654
NTRNUSDT,SELL,LIMIT,1701988424273,1000,0.634261
NTRNUSDT,SELL,LIMIT,1702005316024,10,0.629317
NTRNUSDT,SELL,LIMIT,1702005816262,33,0.639144
NTRNUSDT,SELL,LIMIT,1702020666392,16,0.626589
NTRNUSDT,SELL,LIMIT,1702023062052,230,0.619658
NTRNUSDT,BUY,LIMIT,1702033156563,45,0.669986
NTRNUSDT,BUY,LIMIT,1702033597073,121,0.681222
NTRNUSDT,SELL,LIMIT,1702036889574,1529,0.648927
NTRNUSDT,SELL,LIMIT,1702037074754,8,0.646752
NTRNUSDT,BUY,LIMIT,1702039097275,21,0.664257
NTRNUSDT,SELL,LIMIT,1702040269345,76,0.641069
NTRNUSDT,BUY,LIMIT,1702040289141,586,0.659953
NTRNUSDT,SELL,LIMIT,1702040651891,785,0.632298
NTRNUSDT,SELL,LIMIT,1702040771162,4475,0.630918
NTRNUSDT,SELL,LIMIT,1702040809543,317,0.629683
NTRNUSDT,BUY,LIMIT,1702043073019,15,0.654617
NTRNUSDT,BUY,LIMIT,1702043422398,141,0.654941
NTRNUSDT,SELL,LIMIT,1702044326376,57,0.631547
NTRNUSDT,SELL,LIMIT,1702044356046,7799,0.629596
NTRNUSDT,SELL,LIMIT,1702044414278,102,0.628635
NTRNUSDT,SELL,LIMIT,1702047621502,254,0.635037
NTRNUSDT,SELL,LIMIT,1702050908332,310,0.639752
NTRNUSDT,BUY,LIMIT,1702051382050,276,0.663968
NTRNUSDT,BUY,LIMIT,1702059259100,236,0.660232
NTRNUSDT,SELL,LIMIT,1702062462810,541,0.639406
NTRNUSDT,SELL,LIMIT,1702067333191,769,0.636365
NTRNUSDT,SELL,LIMIT,1702067677163,8,0.635485
NTRNUSDT,SELL,LIMIT,1702078882369,73,0.631281
NTRNUSDT,SELL,LIMIT,1702079097723,1007,0.632195
NTRNUSDT,BUY,LIMIT,1702080235058,84,0.649759
NTRNUSDT,SELL,LIMIT,1702083974702,1908,0.641713
NTRNUSDT,SELL,LIMIT,1702084093434,1074,0.637619
NTRNUSDT,SELL,LIMIT,1702084202291,144,0.635807
NTRNUSDT,BUY,LIMIT,1702099794554,22572,0.676908
NTRNUSDT,SELL,LIMIT,1702101886411,2039,0.648488
NTRNUSDT,BUY,LIMIT,1702102930746,1108,0.671103
NTRNUSDT,BUY,LIMIT,1702108647452,439,0.678715
NTRNUSDT,BUY,LIMIT,1702108655367,3024,0.679788
NTRNUSDT,BUY,LIMIT,1702108677013,141,0.683623
NTRNUSDT,BUY,LIMIT,1702108722527,1206,0.685575
NTRNUSDT,BUY,LIMIT,1702108970233,303,0.689226
NTRNUSDT,BUY,LIMIT,1702108995108,1711,0.691948
NTRNUSDT,BUY,LIMIT,1702109006659,195,0.693346
NTRNUSDT,BUY,LIMIT,1702109160227,3682,0.695953
NTRNUSDT,BUY,LIMIT,1702109421853,26,0.696177
NTRNUSDT,SELL,LIMIT,1702109780750,13,0.676794
NTRNUSDT,BUY,LIMIT,1702109891517,120,0.698998
NTRNUSDT,BUY,LIMIT,1702110068345,83,0.701532
NTRNUSDT,SELL,LIMIT,1702110519978,420,0.680783
NTRNUSDT,SELL,LIMIT,1702110919155,9,0.674401
NTRNUSDT,SELL,LIMIT,1702110980629,7643,0.666422
NTRNUSDT,SELL,LIMIT,1702110982885,7242,0.665907
NTRNUSDT,SELL,LIMIT,1702110984798,43,0.663272
NTRNUSDT,SELL,LIMIT,1702111369971,3242,0.659246
NTRNUSDT,SELL,LIMIT,1702111375239,1652,0.657334
NTRNUSDT,SELL,LIMIT,1702111378799,1230,0.656959
NTRNUSDT,SELL,LIMIT,1702111380714,123,0.654456
NTRNUSDT,SELL,LIMIT,1702111389451,446,0.654074
NTRNUSDT,SELL,LIMIT,1702111390524,24,0.652397
NTRNUSDT,SELL,LIMIT,1702112289201,594,0.660654
NTRNUSDT,SELL,LIMIT,1702112419221,3711,0.650833
NTRNUSDT,SELL,LIMIT,1702112421318,1487,0.650112
NTRNUSDT,SELL,LIMIT,1702112429740,8,0.648436
NTRNUSDT,SELL,LIMIT,1702113434472,151,0.643111
NTRNUSDT,SELL,LIMIT,1702113465776,1760,0.641411
NTRNUSDT,SELL,LIMIT,1702113738878,7314,0.640235
NTRNUSDT,SELL,LIMIT,1702115030315,14,0.640703
NTRNUSDT,SELL,LIMIT,1702115613543,6757,0.637944
NTRNUSDT,SELL,LIMIT,1702115640392,4541,0.636330
NTRNUSDT,SELL,LIMIT,1702121079080,459,0.637402
NTRNUSDT,SELL,LIMIT,1702122323067,1500,0.632720
NTRNUSDT,SELL,LIMIT,1702122354544,566,0.629762
NTRNUSDT,SELL,LIMIT,1702122371312,15,0.629361
NTRNUSDT,SELL,LIMIT,1702122377885,330,0.629277
NTRNUSDT,SELL,LIMIT,1702123454890,12,0.628398
NTRNUSDT,SELL,LIMIT,1702124763845,15,0.627946
NTRNUSDT,SELL,LIMIT,1702124798182,5019,0.625968
NTRNUSDT,SELL,LIMIT,1702124844642,182,0.625352
NTRNUSDT,SELL,LIMIT,1702124854110,736,0.624628
NTRNUSDT,SELL,LIMIT,1702132618015,567,0.632916
NTRNUSDT,SELL,LIMIT,1702132640361,451,0.632591
NTRNUSDT,SELL,LIMIT,1702132986476,113,0.627841
NTRNUSDT,SELL,LIMIT,1702133001263,256,0.626237
NTRNUSDT,SELL,LIMIT,1702133004083,775,0.625906
NTRNUSDT,SELL,LIMIT,1702133005546,24,0.624793
NTRNUSDT,SELL,LIMIT,1702133367245,1311,0.623386
