Symbol,Side,Order Type,Time,Quantity,Price
OCEANUSDT,BUY,LIMIT,1701066740746,1845,0.45438
OCEANUSDT,SELL,LIMIT,1701067811123,6341,0.43797
OCEANUSDT,SELL,LIMIT,1701069640307,38,0.42916
OCEANUSDT,SELL,LIMIT,1701069823854,16,0.42865
OCEANUSDT,SELL,LIMIT,1701069898098,853,0.42614
OCEANUSDT,SELL,LIMIT,1701070163035,636,0.42588
OCEANUSDT,SELL,LIMIT,1701070169623,469,0.42556
OCEANUSDT,SELL,LIMIT,1701070172769,3084,0.42518
OCEANUSDT,BUY,LIMIT,1701076368657,19,0.45384
OCEANUSDT,SELL,LIMIT,1701081080114,1096,0.43068
OCEANUSDT,SELL,LIMIT,1701081436072,191,0.42912
OCEANUSDT,SELL,LIMIT,1701081580229,34,0.42823
OCEANUSDT,SELL,LIMIT,1701082496442,5539,0.42741
OCEANUSDT,SELL,LIMIT,1701097049255,63,0.42366
OCEANUSDT,SELL,LIMIT,1701097070574,310,0.42356
OCEANUSDT,SELL,LIMIT,1701097091891,207,0.42330
OCEANUSDT,SELL,LIMIT,1701097094016,59,0.42316
OCEANUSDT,SELL,LIMIT,1701097146305,54,0.42256
OCEANUSDT,SELL,LIMIT,1701097212057,260,0.42233
OCEANUSDT,SELL,LIMIT,1701100238870,568,0.42190
OCEANUSDT,SELL,LIMIT,1701100276783,405,0.42161
OCEANUSDT,SELL,LIMIT,1701100518117,197,0.42111
OCEANUSDT,SELL,LIMIT,1701100550237,1729,0.42100
OCEANUSDT,SELL,LIMIT,1701100556711,233,0.42079
OCEANUSDT,SELL,LIMIT,1701100572701,1425,0.42050
OCEANUSDT,SELL,LIMIT,1701100574230,46,0.42037
OCEANUSDT,SELL,LIMIT,1701100610919,6440,0.42014
OCEANUSDT,SELL,LIMIT,1701100620342,1050,0.41977
OCEANUSDT,SELL,LIMIT,1701100640232,1064,0.41875
OCEANUSDT,SELL,LIMIT,1701100817459,2456,0.41841
OCEANUSDT,SELL,LIMIT,1701101043526,2230,0.42432
OCEANUSDT,BUY,LIMIT,1701104199540,11671,0.44562
OCEANUSDT,SELL,LIMIT,1701110623920,126,0.42787
OCEANUSDT,SELL,LIMIT,1701114262001,18,0.42155
OCEANUSDT,SELL,LIMIT,1701114471426,1155,0.41963
OCEANUSDT,SELL,LIMIT,1701114527088,35,0.41811
OCEANUSDT,SELL,LIMIT,1701114531857,10508,0.41801
OCEANUSDT,SELL,LIMIT,1701116713289,6000,0.41784
OCEANUSDT,SELL,LIMIT,1701116762414,3279,0.41757
OCEANUSDT,SELL,LIMIT,1701116764085,270,0.41736
OCEANUSDT,SELL,LIMIT,1701116767581,397,0.41734
OCEANUSDT,SELL,LIMIT,1701116769604,86,0.41726
OCEANUSDT,SELL,LIMIT,1701116899125,35,0.41658
OCEANUSDT,SELL,LIMIT,1701116900300,1134,0.41656
OCEANUSDT,SELL,LIMIT,1701116907574,460,0.41649
OCEANUSDT,SELL,LIMIT,1701117021288,12,0.41588
OCEANUSDT,SELL,LIMIT,1701117022837,500,0.41577
OCEANUSDT,SELL,LIMIT,1701117024553,874,0.41563
OCEANUSDT,SELL,LIMIT,1701117027419,23,0.41554
OCEANUSDT,SELL,LIMIT,1701117106185,11,0.41539
OCEANUSDT,SELL,LIMIT,1701117107255,450,0.41534
OCEANUSDT,SELL,LIMIT,1701117113136,192,0.41522
OCEANUSDT,SELL,LIMIT,1701117364799,381,0.41484
OCEANUSDT,BUY,LIMIT,1701127498163,50,0.44057
OCEANUSDT,BUY,LIMIT,1701131733578,3873,0.44463
OCEANUSDT,BUY,LIMIT,1701131917704,278,0.44576
OCEANUSDT,SELL,LIMIT,1701142910513,223,0.41940
OCEANUSDT,SELL,LIMIT,1701145775932,4500,0.41628
OCEANUSDT,SELL,LIMIT,1701145932461,130,0.41542
OCEANUSDT,SELL,LIMIT,1701145953297,231,0.41511
OCEANUSDT,SELL,LIMIT,1701147808125,249,0.41396
OCEANUSDT,SELL,LIMIT,1701147851773,12,0.41378
OCEANUSDT,SELL,LIMIT,1701147869991,1527,0.41328
OCEANUSDT,SELL,LIMIT,1701147876137,1695,0.41321
OCEANUSDT,SELL,LIMIT,1701147885363,3912,0.41241
OCEANUSDT,SELL,LIMIT,1701147924084,12,0.41214
OCEANUSDT,SELL,LIMIT,1701147942108,450,0.41206
OCEANUSDT,SELL,LIMIT,1701147943664,94,0.41202
OCEANUSDT,SELL,LIMIT,1701148008200,4411,0.41170
OCEANUSDT,SELL,LIMIT,1701148009078,149,0.41147
OCEANUSDT,SELL,LIMIT,1701148011517,7196,0.41092
OCEANUSDT,SELL,LIMIT,1701148134012,4382,0.41085
OCEANUSDT,SELL,LIMIT,1701148136330,35,0.41078
OCEANUSDT,SELL,LIMIT,1701148222226,467,0.41056
OCEANUSDT,SELL,LIMIT,1701148849291,58,0.41012
OCEANUSDT,SELL,LIMIT,1701148851342,44047,0.40850
OCEANUSDT,SELL,LIMIT,1701148853984,98,0.40989
OCEANUSDT,SELL,LIMIT,1701148939666,4000,0.40948
OCEANUSDT,SELL,LIMIT,1701148987665,2200,0.40934
OCEANUSDT,SELL,LIMIT,1701149061203,1080,0.40899
OCEANUSDT,SELL,LIMIT,1701149688712,50,0.40907
OCEANUSDT,SELL,LIMIT,1701149690255,43,0.40888
OCEANUSDT,SELL,LIMIT,1701149750694,2323,0.40874
OCEANUSDT,SELL,LIMIT,1701149762910,332,0.40874
OCEANUSDT,SELL,LIMIT,1701149772245,26661,0.40727
OCEANUSDT,SELL,LIMIT,1701149773330,1749,0.40815
OCEANUSDT,SELL,LIMIT,1701149838691,15,0.40783
OCEANUSDT,SELL,LIMIT,1701149851161,12,0.40747
OCEANUSDT,SELL,LIMIT,1701149893113,139,0.40687
OCEANUSDT,SELL,LIMIT,1701149894772,635,0.40686
OCEANUSDT,SELL,LIMIT,1701149897485,235,0.40665
OCEANUSDT,SELL,LIMIT,1701151255493,6952,0.40695
OCEANUSDT,SELL,LIMIT,1701151263533,11614,0.40651
OCEANUSDT,SELL,LIMIT,1701156563005,25,0.40575
OCEANUSDT,BUY,LIMIT,1701167742288,184,0.43272
OCEANUSDT,BUY,LIMIT,1701170742132,553,0.43736
OCEANUSDT,BUY,LIMIT,1701171741337,1684,0.44061
OCEANUSDT,BUY,LIMIT,1701172229073,49,0.44270
OCEANUSDT,BUY,LIMIT,1701172530330,280,0.44316
OCEANUSDT,BUY,LIMIT,1701184859613,975,0.43921
OCEANUSDT,BUY,LIMIT,1701190374557,72,0.44746
OCEANUSDT,BUY,LIMIT,1701190958270,487,0.44838
OCEANUSDT,BUY,LIMIT,1701192037918,13,0.44931
OCEANUSDT,BUY,LIMIT,1701192089892,131,0.45007
OCEANUSDT,BUY,LIMIT,1701192142298,298,0.45008
OCEANUSDT,BUY,LIMIT,1701197850191,817,0.44808
OCEANUSDT,BUY,LIMIT,1701198071276,735,0.45300
OCEANUSDT,BUY,LIMIT,1701198088867,1289,0.45342
OCEANUSDT,SELL,LIMIT,1701200563420,8,0.43557
OCEANUSDT,SELL,LIMIT,1701236070388,59,0.42622
OCEANUSDT,SELL,LIMIT,1701236259291,236,0.42515
OCEANUSDT,SELL,LIMIT,1701245095853,31,0.45542
OCEANUSDT,SELL,LIMIT,1701246105491,382,0.43879
OCEANUSDT,BUY,LIMIT,1701247359926,120,0.45274
OCEANUSDT,SELL,LIMIT,1701253412138,11,0.42842
OCEANUSDT,SELL,LIMIT,1701253413381,251,0.42835
OCEANUSDT,SELL,LIMIT,1701254048364,11261,0.42758
OCEANUSDT,SELL,LIMIT,1701254066567,10937,0.42736
OCEANUSDT,SELL,LIMIT,1701254338575,28,0.42549
OCEANUSDT,SELL,LIMIT,1701254360176,681,0.42519
OCEANUSDT,SELL,LIMIT,1701254392360,410,0.42511
OCEANUSDT,SELL,LIMIT,1701254411743,11376,0.42431
OCEANUSDT,SELL,LIMIT,1701254419578,207,0.42309
OCEANUSDT,SELL,LIMIT,1701267787194,15000,0.42082
OCEANUSDT,SELL,LIMIT,1701268331409,280,0.42126
OCEANUSDT,SELL,LIMIT,1701268366698,196,0.42074
OCEANUSDT,SELL,LIMIT,1701268452348,1550,0.42029
OCEANUSDT,SELL,LIMIT,1701269264454,224,0.41993
OCEANUSDT,SELL,LIMIT,1701270389463,23,0.41985
OCEANUSDT,SELL,LIMIT,1701270440613,79,0.41938
OCEANUSDT,SELL,LIMIT,1701270452123,196,0.41902
OCEANUSDT,SELL,LIMIT,1701270548488,112,0.41956
OCEANUSDT,SELL,LIMIT,1701270573068,12,0.41905
OCEANUSDT,SELL,LIMIT,1701270613311,463,0.41857
OCEANUSDT,SELL,LIMIT,1701270617013,3153,0.41809
OCEANUSDT,SELL,LIMIT,1701270759800,59,0.41732
OCEANUSDT,SELL,LIMIT,1701274114068,4240,0.42233
OCEANUSDT,SELL,LIMIT,1701290042266,51,0.41828
OCEANUSDT,SELL,LIMIT,1701290430501,29,0.41755
OCEANUSDT,SELL,LIMIT,1701306130132,909,0.41501
OCEANUSDT,SELL,LIMIT,1701306212041,524,0.41457
OCEANUSDT,SELL,LIMIT,1701306266820,432,0.41415
OCEANUSDT,SELL,LIMIT,1701306550883,515,0.41341
OCEANUSDT,SELL,LIMIT,1701306649798,1875,0.41324
OCEANUSDT,BUY,LIMIT,1701328023888,300,0.43991
OCEANUSDT,BUY,LIMIT,1701328118508,20,0.44209
OCEANUSDT,BUY,LIMIT,1701328224260,116,0.44484
OCEANUSDT,BUY,LIMIT,1701339571586,294,0.44611
OCEANUSDT,BUY,LIMIT,1701340644657,289,0.44879
OCEANUSDT,BUY,LIMIT,1701341240516,1312,0.45194
OCEANUSDT,BUY,LIMIT,1701341426156,1565,0.45348
OCEANUSDT,BUY,LIMIT,1701341700658,189,0.45480
OCEANUSDT,BUY,LIMIT,1701343157212,2114,0.45682
OCEANUSDT,BUY,LIMIT,1701343324194,94,0.45834
OCEANUSDT,BUY,LIMIT,1701343406200,19,0.45920
OCEANUSDT,BUY,LIMIT,1701343702701,37,0.46005
OCEANUSDT,BUY,LIMIT,1701343727128,54,0.46043
OCEANUSDT,BUY,LIMIT,1701343810727,83,0.46085
OCEANUSDT,BUY,LIMIT,1701344295200,44,0.46187
OCEANUSDT,BUY,LIMIT,1701344346301,227,0.46242
OCEANUSDT,BUY,LIMIT,1701344435805,1296,0.46344
OCEANUSDT,BUY,LIMIT,1701344663562,2137,0.46471
OCEANUSDT,BUY,LIMIT,1701344740612,98,0.46575
OCEANUSDT,BUY,LIMIT,1701345279307,1915,0.46563
OCEANUSDT,BUY,LIMIT,1701345297615,74,0.46624
OCEANUSDT,BUY,LIMIT,1701345330813,881,0.46650
OCEANUSDT,BUY,LIMIT,1701345336173,6242,0.46676
OCEANUSDT,BUY,LIMIT,1701345358194,700,0.46698
OCEANUSDT,BUY,LIMIT,1701345437425,150,0.46859
OCEANUSDT,BUY,LIMIT,1701345459558,467,0.47032
OCEANUSDT,BUY,LIMIT,1701348718673,721,0.47118
OCEANUSDT,BUY,LIMIT,1701349016636,437,0.47225
OCEANUSDT,BUY,LIMIT,1701349248231,26,0.47262
OCEANUSDT,BUY,LIMIT,1701349255500,73,0.47279
OCEANUSDT,BUY,LIMIT,1701349322267,199,0.47340
OCEANUSDT,BUY,LIMIT,1701350586491,4473,0.47359
OCEANUSDT,BUY,LIMIT,1701350587532,800,0.47363
OCEANUSDT,BUY,LIMIT,1701350611715,38,0.47376
OCEANUSDT,BUY,LIMIT,1701350655033,4415,0.47473
OCEANUSDT,BUY,LIMIT,1701350686241,51,0.47560
OCEANUSDT,BUY,LIMIT,1701350714764,26,0.47612
OCEANUSDT,BUY,LIMIT,1701350858857,104,0.47689
OCEANUSDT,BUY,LIMIT,1701350878426,809,0.47697
OCEANUSDT,BUY,LIMIT,1701350910106,3024,0.47710
OCEANUSDT,BUY,LIMIT,1701350911281,468,0.47713
