Symbol,Side,Order Type,Time,Quantity,Price
OCEANUSDT,SELL,LIMIT,1701937826496,11,0.50497
OCEANUSDT,SELL,LIMIT,1701939130996,4825,0.49754
OCEANUSDT,SELL,LIMIT,1701939464750,368,0.49603
OCEANUSDT,SELL,LIMIT,1701939478072,15,0.49564
OCEANUSDT,SELL,LIMIT,1701939491051,20,0.49517
OCEANUSDT,SELL,LIMIT,1701939492849,910,0.49514
OCEANUSDT,SELL,LIMIT,1701939494080,21,0.49503
OCEANUSDT,SELL,LIMIT,1701939527005,23,0.49484
OCEANUSDT,SELL,LIMIT,1701939555812,70,0.49474
OCEANUSDT,SELL,LIMIT,1701939558914,358,0.49457
OCEANUSDT,SELL,LIMIT,1701939562946,30,0.49455
OCEANUSDT,SELL,LIMIT,1701939569062,56,0.49449
OCEANUSDT,SELL,LIMIT,1701939974684,49,0.49384
OCEANUSDT,SELL,LIMIT,1701939976585,17,0.49345
OCEANUSDT,SELL,LIMIT,1701940028067,1755,0.49291
OCEANUSDT,SELL,LIMIT,1701940557367,83,0.49251
OCEANUSDT,SELL,LIMIT,1701940558536,106,0.49260
OCEANUSDT,SELL,LIMIT,1701940560696,267,0.49229
OCEANUSDT,SELL,LIMIT,1701940563208,6860,0.49184
OCEANUSDT,SELL,LIMIT,1701940565529,1638,0.49137
OCEANUSDT,SELL,LIMIT,1701940568212,1519,0.49117
OCEANUSDT,SELL,LIMIT,1701940569378,236,0.49090
OCEANUSDT,SELL,LIMIT,1701940570411,236,0.49071
OCEANUSDT,SELL,LIMIT,1701940571439,129,0.49076
OCEANUSDT,SELL,LIMIT,1701940715284,855,0.49049
OCEANUSDT,SELL,LIMIT,1701941043212,2149,0.48989
OCEANUSDT,SELL,LIMIT,1701941051688,178,0.48968
OCEANUSDT,SELL,LIMIT,1701941058141,5001,0.48955
OCEANUSDT,SELL,LIMIT,1701941061753,265,0.48959
OCEANUSDT,SELL,LIMIT,1701941066856,194,0.48949
OCEANUSDT,SELL,LIMIT,1701941072527,2764,0.48937
OCEANUSDT,SELL,LIMIT,1701941110200,1843,0.48908
OCEANUSDT,SELL,LIMIT,1701941112456,354,0.48893
OCEANUSDT,SELL,LIMIT,1701941152546,30,0.48872
OCEANUSDT,SELL,LIMIT,1701941155800,121,0.48860
OCEANUSDT,SELL,LIMIT,1701941160341,240,0.48817
OCEANUSDT,SELL,LIMIT,1701941165109,155,0.48794
OCEANUSDT,SELL,LIMIT,1701941169069,9247,0.48773
OCEANUSDT,SELL,LIMIT,1701941170273,27,0.48778
OCEANUSDT,SELL,LIMIT,1701941172752,64,0.48757
OCEANUSDT,SELL,LIMIT,1701941178285,703,0.48725
OCEANUSDT,SELL,LIMIT,1701941180430,33,0.48715
OCEANUSDT,SELL,LIMIT,1701941182263,48,0.48703
OCEANUSDT,SELL,LIMIT,1701941187006,840,0.48783
OCEANUSDT,SELL,LIMIT,1701941193444,99,0.48618
OCEANUSDT,SELL,LIMIT,1701941207668,4524,0.48608
OCEANUSDT,SELL,LIMIT,1701941239211,451,0.48558
OCEANUSDT,SELL,LIMIT,1701941240234,2570,0.48585
OCEANUSDT,SELL,LIMIT,1701941243356,415,0.48571
OCEANUSDT,BUY,LIMIT,1701950956601,138,0.51777
OCEANUSDT,SELL,LIMIT,1701951368181,116,0.50304
OCEANUSDT,BUY,LIMIT,1701953976591,1,0.52311
OCEANUSDT,BUY,LIMIT,1701961306192,59,0.52936
OCEANUSDT,BUY,LIMIT,1701964160591,246,0.52860
OCEANUSDT,BUY,LIMIT,1701965058187,209,0.53045
OCEANUSDT,BUY,LIMIT,1701965323004,141,0.53129
OCEANUSDT,BUY,LIMIT,1701965906011,8555,0.53411
OCEANUSDT,BUY,LIMIT,1701966034193,78,0.53515
OCEANUSDT,BUY,LIMIT,1701966078208,77,0.53634
OCEANUSDT,SELL,LIMIT,1701974291726,212,0.50627
OCEANUSDT,SELL,LIMIT,1701976454741,357,0.50755
OCEANUSDT,SELL,LIMIT,1701977301789,69,0.50437
OCEANUSDT,BUY,LIMIT,1701986973219,34,0.52896
OCEANUSDT,SELL,LIMIT,1701988572188,249,0.50531
OCEANUSDT,BUY,LIMIT,1701993776274,137,0.53029
OCEANUSDT,BUY,LIMIT,1702005645847,968,0.53724
OCEANUSDT,BUY,LIMIT,1702005797741,445,0.53847
OCEANUSDT,BUY,LIMIT,1702006199147,748,0.53468
OCEANUSDT,BUY,LIMIT,1702008918794,12974,0.53627
OCEANUSDT,BUY,LIMIT,1702009681148,843,0.53325
OCEANUSDT,SELL,LIMIT,1702012457384,17,0.52157
OCEANUSDT,SELL,LIMIT,1702017794171,369,0.51278
OCEANUSDT,BUY,LIMIT,1702027125061,940,0.53109
OCEANUSDT,BUY,LIMIT,1702047488539,9775,0.53194
OCEANUSDT,BUY,LIMIT,1702048108127,18,0.53484
OCEANUSDT,BUY,LIMIT,1702051501763,130,0.53211
OCEANUSDT,SELL,LIMIT,1702051700135,218,0.51175
OCEANUSDT,BUY,LIMIT,1702052161449,95,0.53478
OCEANUSDT,BUY,LIMIT,1702064747505,3748,0.53733
OCEANUSDT,BUY,LIMIT,1702065322052,797,0.54062
OCEANUSDT,BUY,LIMIT,1702065360140,3178,0.54105
OCEANUSDT,BUY,LIMIT,1702065396004,293,0.54119
OCEANUSDT,BUY,LIMIT,1702065397304,18,0.54154
OCEANUSDT,BUY,LIMIT,1702065910875,383,0.54200
OCEANUSDT,BUY,LIMIT,1702066026374,319,0.54226
OCEANUSDT,BUY,LIMIT,1702066056100,75,0.54266
OCEANUSDT,SELL,LIMIT,1702067128246,119,0.52009
OCEANUSDT,BUY,LIMIT,1702069371339,92,0.54080
OCEANUSDT,BUY,LIMIT,1702072954524,476,0.53981
OCEANUSDT,BUY,LIMIT,1702078177082,6880,0.54417
OCEANUSDT,BUY,LIMIT,1702078629250,283,0.54486
OCEANUSDT,BUY,LIMIT,1702081350717,998,0.54384
OCEANUSDT,BUY,LIMIT,1702081706185,375,0.54570
OCEANUSDT,BUY,LIMIT,1702081744277,61,0.54582
OCEANUSDT,BUY,LIMIT,1702082156275,45,0.54815
OCEANUSDT,BUY,LIMIT,1702082430819,20,0.54876
OCEANUSDT,BUY,LIMIT,1702082449108,141,0.54886
OCEANUSDT,SELL,LIMIT,1702084181225,700,0.52035
OCEANUSDT,BUY,LIMIT,1702091789266,63,0.54472
OCEANUSDT,BUY,LIMIT,1702091905114,1049,0.54595
OCEANUSDT,BUY,LIMIT,1702092602553,141,0.54794
OCEANUSDT,BUY,LIMIT,1702094843360,28,0.54743
OCEANUSDT,BUY,LIMIT,1702094999328,1138,0.54667
OCEANUSDT,BUY,LIMIT,1702096230677,119,0.54641
OCEANUSDT,BUY,LIMIT,1702097286107,160,0.54733
OCEANUSDT,BUY,LIMIT,1702097378384,11,0.54762
OCEANUSDT,BUY,LIMIT,1702099075118,333,0.54753
OCEANUSDT,SELL,LIMIT,1702102356638,48,0.52568
OCEANUSDT,BUY,LIMIT,1702103381137,55,0.54932
OCEANUSDT,BUY,LIMIT,1702103514169,141,0.54774
OCEANUSDT,SELL,LIMIT,1702103530173,179,0.52678
OCEANUSDT,BUY,LIMIT,1702104505077,145,0.54443
OCEANUSDT,BUY,LIMIT,1702104900034,318,0.54498
OCEANUSDT,BUY,LIMIT,1702106115140,147,0.54590
OCEANUSDT,BUY,LIMIT,1702106865558,93,0.54542
OCEANUSDT,BUY,LIMIT,1702109209796,141,0.54825
OCEANUSDT,BUY,LIMIT,1702109358376,2530,0.54912
OCEANUSDT,BUY,LIMIT,1702109741906,191,0.54943
OCEANUSDT,BUY,LIMIT,1702109891517,206,0.54957
OCEANUSDT,BUY,LIMIT,1702110116503,322,0.54985
OCEANUSDT,BUY,LIMIT,1702110592445,260,0.54814
OCEANUSDT,SELL,LIMIT,1702111038544,4889,0.51468
OCEANUSDT,SELL,LIMIT,1702111040399,141,0.51372
OCEANUSDT,SELL,LIMIT,1702111042214,6249,0.51372
OCEANUSDT,SELL,LIMIT,1702111043587,14302,0.51237
OCEANUSDT,SELL,LIMIT,1702111045618,500,0.51166
OCEANUSDT,SELL,LIMIT,1702111349219,83,0.51145
OCEANUSDT,SELL,LIMIT,1702111350870,469,0.51141
OCEANUSDT,SELL,LIMIT,1702111365159,18,0.51076
OCEANUSDT,SELL,LIMIT,1702111366462,38,0.50972
OCEANUSDT,SELL,LIMIT,1702111376104,161,0.50918
OCEANUSDT,SELL,LIMIT,1702111385197,37593,0.50612
OCEANUSDT,SELL,LIMIT,1702111387416,1873,0.50769
OCEANUSDT,SELL,LIMIT,1702111391302,959,0.50652
OCEANUSDT,SELL,LIMIT,1702125882859,1432,0.51392
OCEANUSDT,SELL,LIMIT,1702132707100,146,0.50628
OCEANUSDT,SELL,LIMIT,1702132708712,10,0.50599
OCEANUSDT,SELL,LIMIT,1702132822397,2003,0.50593
OCEANUSDT,SELL,LIMIT,1702132828348,172,0.50548
OCEANUSDT,SELL,LIMIT,1702132993988,1157,0.50448
OCEANUSDT,SELL,LIMIT,1702133005942,24177,0.50106
