Symbol,Side,Order Type,Time,Quantity,Price
OCEANUSDT,SELL,LIMIT,1701937826496,11,0.50497
OCEANUSDT,SELL,LIMIT,1701939130996,4825,0.49754
OCEANUSDT,SELL,LIMIT,1701939464750,368,0.49603
OCEANUSDT,SELL,LIMIT,1701939478072,15,0.49564
OCEANUSDT,SELL,LIMIT,1701939491051,20,0.49517
OCEANUSDT,SELL,LIMIT,1701939492849,910,0.49514
OCEANUSDT,SELL,LIMIT,1701939494080,21,0.49503
OCEANUSDT,SELL,LIMIT,1701939527005,23,0.49484
OCEANUSDT,SELL,LIMIT,1701939555812,70,0.49474
OCEANUSDT,SELL,LIMIT,1701939558914,358,0.49457
OCEANUSDT,SELL,LIMIT,1701939562946,30,0.49455
OCEANUSDT,SELL,LIMIT,1701939569062,56,0.49449
OCEANUSDT,SELL,LIMIT,1701939974684,49,0.49384
OCEANUSDT,SELL,LIMIT,1701939976585,17,0.49345
OCEANUSDT,SELL,LIMIT,1701940028067,1755,0.49291
OCEANUSDT,SELL,LIMIT,1701940557367,83,0.49251
OCEANUSDT,SELL,LIMIT,1701940558536,106,0.49260
OCEANUSDT,SELL,LIMIT,1701940560696,267,0.49229
OCEANUSDT,SELL,LIMIT,1701940563208,6860,0.49184
OCEANUSDT,SELL,LIMIT,1701940565529,1638,0.49137
OCEANUSDT,SELL,LIMIT,1701940568212,1519,0.49117
OCEANUSDT,SELL,LIMIT,1701940569378,236,0.49090
OCEANUSDT,SELL,LIMIT,1701940570411,236,0.49071
OCEANUSDT,SELL,LIMIT,1701940571439,129,0.49076
OCEANUSDT,SELL,LIMIT,1701940715284,855,0.49049
OCEANUSDT,SELL,LIMIT,1701941043212,2149,0.48989
OCEANUSDT,SELL,LIMIT,1701941051688,178,0.48968
OCEANUSDT,SELL,LIMIT,1701941058141,5001,0.48955
OCEANUSDT,SELL,LIMIT,1701941061753,265,0.48959
OCEANUSDT,SELL,LIMIT,1701941066856,194,0.48949
OCEANUSDT,SELL,LIMIT,1701941072527,2764,0.48937
OCEANUSDT,SELL,LIMIT,1701941110200,1843,0.48908
OCEANUSDT,SELL,LIMIT,1701941112456,354,0.48893
OCEANUSDT,SELL,LIMIT,1701941152546,30,0.48872
OCEANUSDT,SELL,LIMIT,1701941155800,121,0.48860
OCEANUSDT,SELL,LIMIT,1701941160341,240,0.48817
OCEANUSDT,SELL,LIMIT,1701941165109,155,0.48794
OCEANUSDT,SELL,LIMIT,1701941169069,9247,0.48773
OCEANUSDT,SELL,LIMIT,1701941170273,27,0.48778
OCEANUSDT,SELL,LIMIT,1701941172752,64,0.48757
OCEANUSDT,SELL,LIMIT,1701941178285,703,0.48725
OCEANUSDT,SELL,LIMIT,1701941180430,33,0.48715
OCEANUSDT,SELL,LIMIT,1701941182263,48,0.48703
OCEANUSDT,SELL,LIMIT,1701941187006,840,0.48783
OCEANUSDT,SELL,LIMIT,1701941193444,99,0.48618
OCEANUSDT,SELL,LIMIT,1701941207668,4524,0.48608
OCEANUSDT,SELL,LIMIT,1701941239211,451,0.48558
OCEANUSDT,SELL,LIMIT,1701941240234,2570,0.48585
OCEANUSDT,SELL,LIMIT,1701941243356,415,0.48571
OCEANUSDT,BUY,LIMIT,1701950956601,138,0.51777
OCEANUSDT,SELL,LIMIT,1701951368181,116,0.50304
OCEANUSDT,BUY,LIMIT,1701953976591,1,0.52311
OCEANUSDT,BUY,LIMIT,1701961306192,59,0.52936
OCEANUSDT,BUY,LIMIT,1701964160591,246,0.52860
OCEANUSDT,BUY,LIMIT,1701965058187,209,0.53045
OCEANUSDT,BUY,LIMIT,1701965323004,141,0.53129
OCEANUSDT,BUY,LIMIT,1701965906011,8555,0.53411
OCEANUSDT,BUY,LIMIT,1701966034193,78,0.53515
OCEANUSDT,BUY,LIMIT,1701966078208,77,0.53634
OCEANUSDT,SELL,LIMIT,1701974291726,212,0.50627
OCEANUSDT,SELL,LIMIT,1701976454741,357,0.50755
OCEANUSDT,SELL,LIMIT,1701977301789,69,0.50437
OCEANUSDT,BUY,LIMIT,1701986973219,34,0.52896
OCEANUSDT,SELL,LIMIT,1701988572188,249,0.50531
OCEANUSDT,BUY,LIMIT,1701993776274,137,0.53029
OCEANUSDT,BUY,LIMIT,1702005645847,968,0.53724
OCEANUSDT,BUY,LIMIT,1702005797741,445,0.53847
OCEANUSDT,BUY,LIMIT,1702006199147,748,0.53468
OCEANUSDT,BUY,LIMIT,1702008918794,12974,0.53627
OCEANUSDT,BUY,LIMIT,1702009681148,843,0.53325
OCEANUSDT,SELL,LIMIT,1702012457384,17,0.52157
OCEANUSDT,SELL,LIMIT,1702017794171,369,0.51278
OCEANUSDT,BUY,LIMIT,1702027125061,940,0.53109
OCEANUSDT,BUY,LIMIT,1702047488539,9775,0.53194
OCEANUSDT,BUY,LIMIT,1702048108127,18,0.53484
OCEANUSDT,BUY,LIMIT,1702051501763,130,0.53211
OCEANUSDT,SELL,LIMIT,1702051700135,218,0.51175
OCEANUSDT,BUY,LIMIT,1702052161449,95,0.53478
OCEANUSDT,BUY,LIMIT,1702064747505,3748,0.53733
OCEANUSDT,BUY,LIMIT,1702065322052,797,0.54062
OCEANUSDT,BUY,LIMIT,1702065360140,3178,0.54105
OCEANUSDT,BUY,LIMIT,1702065396004,293,0.54119
OCEANUSDT,BUY,LIMIT,1702065397304,18,0.54154
OCEANUSDT,BUY,LIMIT,1702065910875,383,0.54200
OCEANUSDT,BUY,LIMIT,1702066026374,319,0.54226
OCEANUSDT,BUY,LIMIT,1702066056100,75,0.54266
OCEANUSDT,SELL,LIMIT,1702067128246,119,0.52009
OCEANUSDT,BUY,LIMIT,1702069371339,92,0.54080
OCEANUSDT,BUY,LIMIT,1702072954524,476,0.53981
OCEANUSDT,BUY,LIMIT,1702078177082,6880,0.54417
OCEANUSDT,BUY,LIMIT,1702078629250,283,0.54486
OCEANUSDT,BUY,LIMIT,1702081350717,998,0.54384
OCEANUSDT,BUY,LIMIT,1702081706185,375,0.54570
OCEANUSDT,BUY,LIMIT,1702081744277,61,0.54582
OCEANUSDT,BUY,LIMIT,1702082156275,45,0.54815
OCEANUSDT,BUY,LIMIT,1702082430819,20,0.54876
OCEANUSDT,BUY,LIMIT,1702082449108,141,0.54886
OCEANUSDT,SELL,LIMIT,1702084181225,700,0.52035
OCEANUSDT,BUY,LIMIT,1702091789266,63,0.54472
OCEANUSDT,BUY,LIMIT,1702091905114,1049,0.54595
OCEANUSDT,BUY,LIMIT,1702092602553,141,0.54794
OCEANUSDT,BUY,LIMIT,1702094843360,28,0.54743
OCEANUSDT,BUY,LIMIT,1702094999328,1138,0.54667
OCEANUSDT,BUY,LIMIT,1702096230677,119,0.54641
OCEANUSDT,BUY,LIMIT,1702097286107,160,0.54733
OCEANUSDT,BUY,LIMIT,1702097378384,11,0.54762
OCEANUSDT,BUY,LIMIT,1702099075118,333,0.54753
OCEANUSDT,SELL,LIMIT,1702102356638,48,0.52568
OCEANUSDT,BUY,LIMIT,1702103381137,55,0.54932
OCEANUSDT,BUY,LIMIT,1702103514169,141,0.54774
OCEANUSDT,SELL,LIMIT,1702103530173,179,0.52678
OCEANUSDT,BUY,LIMIT,1702104505077,145,0.54443
OCEANUSDT,BUY,LIMIT,1702104900034,318,0.54498
OCEANUSDT,BUY,LIMIT,1702106115140,147,0.54590
OCEANUSDT,BUY,LIMIT,1702106865558,93,0.54542
OCEANUSDT,BUY,LIMIT,1702109209796,141,0.54825
OCEANUSDT,BUY,LIMIT,1702109358376,2530,0.54912
OCEANUSDT,BUY,LIMIT,1702109741906,191,0.54943
OCEANUSDT,BUY,LIMIT,1702109891517,206,0.54957
OCEANUSDT,BUY,LIMIT,1702110116503,322,0.54985
OCEANUSDT,BUY,LIMIT,1702110592445,260,0.54814
OCEANUSDT,SELL,LIMIT,1702111038544,4889,0.51468
OCEANUSDT,SELL,LIMIT,1702111040399,141,0.51372
OCEANUSDT,SELL,LIMIT,1702111042214,6249,0.51372
OCEANUSDT,SELL,LIMIT,1702111043587,14302,0.51237
OCEANUSDT,SELL,LIMIT,1702111045618,500,0.51166
OCEANUSDT,SELL,LIMIT,1702111349219,83,0.51145
OCEANUSDT,SELL,LIMIT,1702111350870,469,0.51141
OCEANUSDT,SELL,LIMIT,1702111365159,18,0.51076
OCEANUSDT,SELL,LIMIT,1702111366462,38,0.50972
OCEANUSDT,SELL,LIMIT,1702111376104,161,0.50918
OCEANUSDT,SELL,LIMIT,1702111385197,37593,0.50612
OCEANUSDT,SELL,LIMIT,1702111387416,1873,0.50769
OCEANUSDT,SELL,LIMIT,1702111391302,959,0.50652
OCEANUSDT,SELL,LIMIT,1702125882859,1432,0.51392
OCEANUSDT,SELL,LIMIT,1702132707100,146,0.50628
OCEANUSDT,SELL,LIMIT,1702132708712,10,0.50599
OCEANUSDT,SELL,LIMIT,1702132822397,2003,0.50593
OCEANUSDT,SELL,LIMIT,1702132828348,172,0.50548
OCEANUSDT,SELL,LIMIT,1702132993988,1157,0.50448
OCEANUSDT,SELL,LIMIT,1702133005942,24177,0.50106
OCEANUSDT,SELL,LIMIT,1702133695411,759,0.50162
OCEANUSDT,SELL,LIMIT,1702141654098,36,0.49980
OCEANUSDT,SELL,LIMIT,1702141656311,51,0.49964
OCEANUSDT,SELL,LIMIT,1702141662261,194,0.49950
OCEANUSDT,SELL,LIMIT,1702141704310,2502,0.49904
OCEANUSDT,SELL,LIMIT,1702141705785,102,0.49889
OCEANUSDT,SELL,LIMIT,1702141709955,40,0.49860
OCEANUSDT,SELL,LIMIT,1702141848585,2884,0.49818
OCEANUSDT,SELL,LIMIT,1702141850081,381,0.49740
OCEANUSDT,SELL,LIMIT,1702141851206,1938,0.49696
OCEANUSDT,SELL,LIMIT,1702144912365,599,0.50073
OCEANUSDT,BUY,LIMIT,1702153648115,48,0.49628
OCEANUSDT,SELL,LIMIT,1702156368085,41,0.49575
OCEANUSDT,SELL,LIMIT,1702164435214,465,0.49617
OCEANUSDT,SELL,LIMIT,1702164517282,3444,0.49558
OCEANUSDT,SELL,LIMIT,1702164543027,242,0.49440
OCEANUSDT,SELL,LIMIT,1702164547250,1177,0.49387
OCEANUSDT,SELL,LIMIT,1702164582415,9,0.49411
OCEANUSDT,SELL,LIMIT,1702164683815,11,0.49362
OCEANUSDT,SELL,LIMIT,1702164744660,46,0.49365
OCEANUSDT,SELL,LIMIT,1702164748386,868,0.49302
OCEANUSDT,SELL,LIMIT,1702164750143,118,0.49298
OCEANUSDT,SELL,LIMIT,1702164751288,425,0.49926
OCEANUSDT,SELL,LIMIT,1702164752374,132,0.49284
OCEANUSDT,SELL,LIMIT,1702164756075,32,0.49230
OCEANUSDT,SELL,LIMIT,1702164776044,94,0.49211
OCEANUSDT,SELL,LIMIT,1702164799700,6730,0.49136
OCEANUSDT,SELL,LIMIT,1702164800860,244,0.49133
OCEANUSDT,SELL,LIMIT,1702164802491,47,0.49020
OCEANUSDT,SELL,LIMIT,1702164808678,7500,0.48944
OCEANUSDT,SELL,LIMIT,1702164811526,2981,0.48910
OCEANUSDT,SELL,LIMIT,1702164813550,35,0.48899
OCEANUSDT,SELL,LIMIT,1702164816231,418,0.48863
OCEANUSDT,SELL,LIMIT,1702164868781,934,0.48856
OCEANUSDT,BUY,LIMIT,1702183349243,33,0.52094
OCEANUSDT,BUY,LIMIT,1702187111224,549,0.52377
OCEANUSDT,BUY,LIMIT,1702193450745,179,0.51953
OCEANUSDT,SELL,LIMIT,1702200731422,425,0.49494
OCEANUSDT,SELL,LIMIT,1702200739160,48,0.49443
OCEANUSDT,SELL,LIMIT,1702200922409,96,0.49295
OCEANUSDT,SELL,LIMIT,1702200928536,425,0.49226
OCEANUSDT,SELL,LIMIT,1702200937108,976,0.49201
OCEANUSDT,SELL,LIMIT,1702200941654,765,0.49178
OCEANUSDT,SELL,LIMIT,1702201409422,445,0.49205
OCEANUSDT,SELL,LIMIT,1702201420949,251,0.49149
OCEANUSDT,SELL,LIMIT,1702201493396,10,0.49051
OCEANUSDT,SELL,LIMIT,1702202157133,93,0.49021
OCEANUSDT,SELL,LIMIT,1702202275159,48747,0.48731
OCEANUSDT,SELL,LIMIT,1702202318310,339,0.48840
OCEANUSDT,SELL,LIMIT,1702202321209,77,0.48836
OCEANUSDT,SELL,LIMIT,1702202322252,1596,0.48832
OCEANUSDT,SELL,LIMIT,1702202324380,44,0.48817
OCEANUSDT,SELL,LIMIT,1702202325416,45,0.48799
OCEANUSDT,SELL,LIMIT,1702202326430,194,0.48787
OCEANUSDT,SELL,LIMIT,1702202333353,560,0.48720
OCEANUSDT,SELL,LIMIT,1702202334419,926,0.48717
OCEANUSDT,SELL,LIMIT,1702202365146,23,0.48708
OCEANUSDT,SELL,LIMIT,1702202366373,31,0.48708
OCEANUSDT,SELL,LIMIT,1702202370301,20,0.48679
OCEANUSDT,SELL,LIMIT,1702202373093,10,0.48672
OCEANUSDT,SELL,LIMIT,1702202374599,2366,0.48663
OCEANUSDT,SELL,LIMIT,1702202376605,26,0.48663
OCEANUSDT,SELL,LIMIT,1702202378263,42,0.48659
OCEANUSDT,SELL,LIMIT,1702202379306,314,0.48651
OCEANUSDT,SELL,LIMIT,1702202380362,45,0.48619
OCEANUSDT,SELL,LIMIT,1702202383355,29,0.48619
OCEANUSDT,SELL,LIMIT,1702202385339,280,0.48610
OCEANUSDT,SELL,LIMIT,1702202387519,215,0.48592
OCEANUSDT,SELL,LIMIT,1702202389749,2900,0.48582
OCEANUSDT,SELL,LIMIT,1702202391224,607,0.48576
OCEANUSDT,SELL,LIMIT,1702202404201,43567,0.48373
OCEANUSDT,BUY,LIMIT,1702217241870,271,0.52017
OCEANUSDT,BUY,LIMIT,1702233688388,9943,0.52042
OCEANUSDT,BUY,LIMIT,1702236186355,121,0.51876
OCEANUSDT,BUY,LIMIT,1702239821168,66,0.52269
OCEANUSDT,BUY,LIMIT,1702240742022,36,0.52481
OCEANUSDT,BUY,LIMIT,1702240758135,3890,0.52551
OCEANUSDT,BUY,LIMIT,1702241305605,16,0.52713
OCEANUSDT,SELL,LIMIT,1702256620301,193,0.49598
OCEANUSDT,SELL,LIMIT,1702256622424,212,0.49601
OCEANUSDT,SELL,LIMIT,1702256716782,118,0.49584
OCEANUSDT,SELL,LIMIT,1702256915459,1097,0.49416
OCEANUSDT,SELL,LIMIT,1702256917557,48,0.49381
OCEANUSDT,SELL,LIMIT,1702257011479,1996,0.49209
OCEANUSDT,SELL,LIMIT,1702260430629,567,0.49686
OCEANUSDT,SELL,LIMIT,1702260435141,231,0.50018
OCEANUSDT,SELL,LIMIT,1702260627518,95,0.49331
OCEANUSDT,SELL,LIMIT,1702260689449,1167,0.49161
OCEANUSDT,SELL,LIMIT,1702260696923,161,0.49127
OCEANUSDT,SELL,LIMIT,1702260699262,1054,0.49093
OCEANUSDT,SELL,LIMIT,1702260700266,202,0.49072
OCEANUSDT,SELL,LIMIT,1702260705124,152,0.49005
OCEANUSDT,SELL,LIMIT,1702260708263,29,0.48926
OCEANUSDT,BUY,LIMIT,1702260709870,114,0.50922
OCEANUSDT,SELL,LIMIT,1702260711571,94,0.48904
OCEANUSDT,SELL,LIMIT,1702260714241,59,0.48904
OCEANUSDT,SELL,LIMIT,1702260716805,15,0.48791
OCEANUSDT,SELL,LIMIT,1702260718191,49,0.48747
OCEANUSDT,SELL,LIMIT,1702260719339,7110,0.48711
OCEANUSDT,SELL,LIMIT,1702260722253,661,0.48764
OCEANUSDT,SELL,LIMIT,1702260724523,373,0.48566
OCEANUSDT,SELL,LIMIT,1702260727518,39,0.48438
OCEANUSDT,SELL,LIMIT,1702260728643,63,0.48443
OCEANUSDT,SELL,LIMIT,1702260729675,46,0.48210
OCEANUSDT,SELL,LIMIT,1702260730701,509,0.48143
OCEANUSDT,SELL,LIMIT,1702260732818,2111,0.48167
OCEANUSDT,SELL,LIMIT,1702260734019,9610,0.48141
OCEANUSDT,SELL,LIMIT,1702260735065,563,0.47989
OCEANUSDT,SELL,LIMIT,1702260736343,4663,0.47773
OCEANUSDT,SELL,LIMIT,1702260737363,1428,0.47839
OCEANUSDT,SELL,LIMIT,1702260738418,392,0.47751
OCEANUSDT,SELL,LIMIT,1702260739637,1448,0.47606
OCEANUSDT,SELL,LIMIT,1702260741555,229,0.47630
OCEANUSDT,SELL,LIMIT,1702260743012,11,0.47630
OCEANUSDT,SELL,LIMIT,1702260745019,19,0.47586
OCEANUSDT,SELL,LIMIT,1702260746121,4039,0.47557
OCEANUSDT,SELL,LIMIT,1702260747763,858,0.47418
OCEANUSDT,SELL,LIMIT,1702260749475,300,0.47325
OCEANUSDT,SELL,LIMIT,1702260750733,11,0.47305
OCEANUSDT,SELL,LIMIT,1702260751921,701,0.47249
OCEANUSDT,SELL,LIMIT,1702260752939,50,0.47142
OCEANUSDT,SELL,LIMIT,1702260754142,30000,0.47314
OCEANUSDT,SELL,LIMIT,1702260755516,500,0.47279
OCEANUSDT,SELL,LIMIT,1702260757228,11772,0.47111
OCEANUSDT,SELL,LIMIT,1702260758909,22,0.47106
OCEANUSDT,SELL,LIMIT,1702260760124,20,0.47098
OCEANUSDT,SELL,LIMIT,1702260761159,25,0.59633
OCEANUSDT,SELL,LIMIT,1702260762280,6726,0.47127
OCEANUSDT,SELL,LIMIT,1702260763316,397,0.46972
OCEANUSDT,SELL,LIMIT,1702260764754,20,0.46902
OCEANUSDT,SELL,LIMIT,1702260765954,25,0.46925
OCEANUSDT,SELL,LIMIT,1702260767006,976,0.46777
OCEANUSDT,SELL,LIMIT,1702260768114,110,0.46860
OCEANUSDT,SELL,LIMIT,1702260769558,4462,0.46494
OCEANUSDT,SELL,LIMIT,1702260770701,42,0.46405
OCEANUSDT,SELL,LIMIT,1702260771707,4797,0.46039
OCEANUSDT,SELL,LIMIT,1702260772766,121877,0.45312
OCEANUSDT,SELL,LIMIT,1702260773858,3137,0.45912
OCEANUSDT,SELL,LIMIT,1702260774929,100,0.46122
OCEANUSDT,SELL,LIMIT,1702260775955,2289,0.45644
OCEANUSDT,SELL,LIMIT,1702260777724,135,0.45655
OCEANUSDT,SELL,LIMIT,1702260778923,380,0.45668
OCEANUSDT,SELL,LIMIT,1702260780487,58,0.45609
OCEANUSDT,SELL,LIMIT,1702260781572,1700,0.45865
OCEANUSDT,SELL,LIMIT,1702260782834,50,0.45320
OCEANUSDT,SELL,LIMIT,1702260783838,6950,0.45313
OCEANUSDT,SELL,LIMIT,1702260784841,396,0.45298
OCEANUSDT,SELL,LIMIT,1702260785958,218,0.45278
OCEANUSDT,SELL,LIMIT,1702260787526,146,0.45245
OCEANUSDT,SELL,LIMIT,1702260788532,73,0.44960
OCEANUSDT,SELL,LIMIT,1702260789575,2074,0.44998
OCEANUSDT,SELL,LIMIT,1702260790785,358,0.44802
OCEANUSDT,SELL,LIMIT,1702260792242,3671,0.44672
OCEANUSDT,SELL,LIMIT,1702260793462,71,0.44672
OCEANUSDT,SELL,LIMIT,1702260794491,40,0.44647
OCEANUSDT,SELL,LIMIT,1702260795595,483,0.44472
OCEANUSDT,SELL,LIMIT,1702260796596,2829,0.44568
OCEANUSDT,SELL,LIMIT,1702260797608,687,0.44718
OCEANUSDT,SELL,LIMIT,1702260798713,200,0.44718
OCEANUSDT,SELL,LIMIT,1702260799843,800,0.44343
OCEANUSDT,SELL,LIMIT,1702260801173,702,0.44624
OCEANUSDT,SELL,LIMIT,1702260802216,501,0.44150
OCEANUSDT,SELL,LIMIT,1702260803369,855,0.44318
OCEANUSDT,SELL,LIMIT,1702260804616,492,0.44390
OCEANUSDT,SELL,LIMIT,1702260805709,70,0.44228
OCEANUSDT,SELL,LIMIT,1702260806753,207,0.44174
OCEANUSDT,SELL,LIMIT,1702260807769,92,0.44340
OCEANUSDT,SELL,LIMIT,1702260809099,462,0.44129
OCEANUSDT,SELL,LIMIT,1702260810146,350,0.43868
OCEANUSDT,SELL,LIMIT,1702260811196,208,0.43761
OCEANUSDT,SELL,LIMIT,1702260812222,436,0.43737
OCEANUSDT,SELL,LIMIT,1702260813264,991,0.43737
OCEANUSDT,SELL,LIMIT,1702260814950,218,0.44662
OCEANUSDT,SELL,LIMIT,1702260816241,4123,0.44246
OCEANUSDT,SELL,LIMIT,1702260817712,201,0.43675
OCEANUSDT,BUY,LIMIT,1702261441248,17,0.48815
OCEANUSDT,SELL,LIMIT,1702262865187,570,0.45557
OCEANUSDT,SELL,LIMIT,1702262873708,112,0.45692
OCEANUSDT,BUY,LIMIT,1702265649080,240,0.49152
