Symbol,Side,Order Type,Time,Quantity,Price
OGNUSDT,SELL,LIMIT,1701941112166,3000,0.1292
OGNUSDT,SELL,LIMIT,1701941158447,544,0.1289
OGNUSDT,SELL,LIMIT,1701941170438,2848,0.1287
OGNUSDT,SELL,LIMIT,1701941182499,178,0.1288
OGNUSDT,SELL,LIMIT,1701941185229,1638,0.1285
OGNUSDT,SELL,LIMIT,1701941188134,37165,0.1282
OGNUSDT,BUY,LIMIT,1701963112430,113,0.1378
OGNUSDT,BUY,LIMIT,1701964384786,946,0.1389
OGNUSDT,BUY,LIMIT,1701966164543,16532,0.1409
OGNUSDT,BUY,LIMIT,1701966411956,107,0.1417
OGNUSDT,BUY,LIMIT,1701966850167,24531,0.1416
OGNUSDT,SELL,LIMIT,1701978257283,3460,0.1326
OGNUSDT,BUY,LIMIT,1701998825873,648,0.1424
OGNUSDT,BUY,LIMIT,1701998867415,24,0.1432
OGNUSDT,BUY,LIMIT,1701998868512,622,0.1433
OGNUSDT,BUY,LIMIT,1701998990030,42,0.1443
OGNUSDT,BUY,LIMIT,1701999002291,40,0.1444
OGNUSDT,BUY,LIMIT,1701999016408,16748,0.1448
OGNUSDT,BUY,LIMIT,1701999042339,108,0.1454
OGNUSDT,BUY,LIMIT,1701999045130,203,0.1458
OGNUSDT,SELL,LIMIT,1702002125195,5091,0.1359
OGNUSDT,SELL,LIMIT,1702002591460,660,0.1350
OGNUSDT,BUY,LIMIT,1702005323409,18395,0.1430
OGNUSDT,BUY,LIMIT,1702005819205,149,0.1435
OGNUSDT,BUY,LIMIT,1702007154541,205,0.1430
OGNUSDT,SELL,LIMIT,1702011922108,40,0.1377
OGNUSDT,SELL,LIMIT,1702020640493,14464,0.1364
OGNUSDT,BUY,LIMIT,1702034922663,57,0.1416
OGNUSDT,BUY,LIMIT,1702051386072,1091,0.1438
OGNUSDT,BUY,LIMIT,1702053445380,303,0.1440
OGNUSDT,BUY,LIMIT,1702068652528,36,0.1445
OGNUSDT,SELL,LIMIT,1702070450590,1782,0.1382
OGNUSDT,SELL,LIMIT,1702070611297,1,0.1382
OGNUSDT,BUY,LIMIT,1702072780557,21021,0.1448
OGNUSDT,BUY,LIMIT,1702078548839,6798,0.1443
OGNUSDT,BUY,LIMIT,1702080360663,29513,0.1455
OGNUSDT,BUY,LIMIT,1702081302794,82,0.1463
OGNUSDT,BUY,LIMIT,1702081685835,59,0.1463
OGNUSDT,BUY,LIMIT,1702081741282,454,0.1465
OGNUSDT,BUY,LIMIT,1702081781454,40,0.1464
OGNUSDT,BUY,LIMIT,1702082134910,608,0.1468
OGNUSDT,BUY,LIMIT,1702082286920,42,0.1471
OGNUSDT,BUY,LIMIT,1702082288772,2879,0.1472
OGNUSDT,BUY,LIMIT,1702082458219,61,0.1475
OGNUSDT,BUY,LIMIT,1702091874539,1284,0.1463
OGNUSDT,BUY,LIMIT,1702103108062,273,0.1483
OGNUSDT,BUY,LIMIT,1702103177042,798,0.1484
OGNUSDT,BUY,LIMIT,1702103362347,8703,0.1487
OGNUSDT,BUY,LIMIT,1702107154901,700,0.1479
OGNUSDT,BUY,LIMIT,1702107194539,620,0.1448
OGNUSDT,BUY,LIMIT,1702108032378,41,0.1490
OGNUSDT,BUY,LIMIT,1702108055074,43,0.1492
OGNUSDT,BUY,LIMIT,1702108074330,369,0.1494
OGNUSDT,BUY,LIMIT,1702108103354,644,0.1495
OGNUSDT,BUY,LIMIT,1702109204515,698,0.1499
OGNUSDT,BUY,LIMIT,1702109883108,41,0.1500
OGNUSDT,SELL,LIMIT,1702111040589,62239,0.1402
OGNUSDT,SELL,LIMIT,1702111378133,590,0.1395
OGNUSDT,SELL,LIMIT,1702111379261,5733,0.1395
OGNUSDT,SELL,LIMIT,1702111389168,3424,0.1388
OGNUSDT,SELL,LIMIT,1702133004232,15863,0.1396
OGNUSDT,SELL,LIMIT,1702135299963,14025,0.1397
OGNUSDT,SELL,LIMIT,1702141692235,1535,0.1405
OGNUSDT,SELL,LIMIT,1702164083792,168,0.1395
OGNUSDT,SELL,LIMIT,1702164149236,284,0.1393
OGNUSDT,SELL,LIMIT,1702164390826,31146,0.1388
OGNUSDT,SELL,LIMIT,1702164488847,306,0.1387
OGNUSDT,SELL,LIMIT,1702164537415,6927,0.1384
OGNUSDT,SELL,LIMIT,1702164540063,6915,0.1383
OGNUSDT,SELL,LIMIT,1702164542336,1125,0.1383
OGNUSDT,SELL,LIMIT,1702164584165,2371,0.1382
OGNUSDT,SELL,LIMIT,1702164750484,76,0.1379
OGNUSDT,SELL,LIMIT,1702164802603,1423,0.1374
OGNUSDT,SELL,LIMIT,1702164804203,59,0.1372
OGNUSDT,SELL,LIMIT,1702164808280,774,0.1370
OGNUSDT,SELL,LIMIT,1702164811992,2009,0.1368
OGNUSDT,BUY,LIMIT,1702172584580,17730,0.1465
OGNUSDT,SELL,LIMIT,1702193922871,3672,0.1376
OGNUSDT,SELL,LIMIT,1702196804798,5116,0.1375
OGNUSDT,SELL,LIMIT,1702197876440,12528,0.1366
OGNUSDT,SELL,LIMIT,1702200327162,595,0.1365
OGNUSDT,SELL,LIMIT,1702200761885,1793,0.1360
OGNUSDT,SELL,LIMIT,1702200883821,257,0.1356
OGNUSDT,SELL,LIMIT,1702200888526,169,0.1355
OGNUSDT,SELL,LIMIT,1702200893007,606,0.1354
OGNUSDT,SELL,LIMIT,1702201410085,1398,0.1352
OGNUSDT,SELL,LIMIT,1702202069130,574,0.1348
OGNUSDT,SELL,LIMIT,1702202077942,34293,0.1348
OGNUSDT,SELL,LIMIT,1702202096668,3233,0.1346
OGNUSDT,SELL,LIMIT,1702202157133,698,0.1341
OGNUSDT,SELL,LIMIT,1702202167275,49,0.1337
OGNUSDT,SELL,LIMIT,1702202182465,10624,0.1336
OGNUSDT,SELL,LIMIT,1702202257012,454,0.1337
OGNUSDT,SELL,LIMIT,1702202263234,910,0.1336
OGNUSDT,SELL,LIMIT,1702202377450,4126,0.1331
OGNUSDT,BUY,LIMIT,1702241236764,579,0.1428
OGNUSDT,SELL,LIMIT,1702253341047,851,0.1383
OGNUSDT,BUY,LIMIT,1702253381252,298,0.1436
OGNUSDT,BUY,LIMIT,1702254101178,1220,0.1437
OGNUSDT,SELL,LIMIT,1702256913215,9889,0.1352
OGNUSDT,SELL,LIMIT,1702260284237,121,0.1363
OGNUSDT,SELL,LIMIT,1702260627340,1149,0.1346
OGNUSDT,SELL,LIMIT,1702260630867,6142,0.1343
OGNUSDT,SELL,LIMIT,1702260637885,4490,0.1337
OGNUSDT,SELL,LIMIT,1702260658445,3854,0.1337
OGNUSDT,SELL,LIMIT,1702260695851,739,0.1334
OGNUSDT,SELL,LIMIT,1702260700280,34584,0.1331
OGNUSDT,SELL,LIMIT,1702260707984,1000,0.1330
OGNUSDT,SELL,LIMIT,1702260710026,3096,0.1331
OGNUSDT,SELL,LIMIT,1702260714079,34801,0.1328
OGNUSDT,SELL,LIMIT,1702260715600,44751,0.1325
OGNUSDT,SELL,LIMIT,1702260716789,14674,0.1326
OGNUSDT,SELL,LIMIT,1702260717894,4664,0.1336
OGNUSDT,SELL,LIMIT,1702260721096,1144,0.1322
OGNUSDT,SELL,LIMIT,1702260724928,71,0.1317
OGNUSDT,SELL,LIMIT,1702260728321,33556,0.1315
OGNUSDT,SELL,LIMIT,1702260732875,42,0.1313
OGNUSDT,SELL,LIMIT,1702260733927,8586,0.1314
OGNUSDT,SELL,LIMIT,1702260736326,8173,0.1311
OGNUSDT,SELL,LIMIT,1702260738768,81,0.1310
OGNUSDT,SELL,LIMIT,1702260740383,2846,0.1311
OGNUSDT,SELL,LIMIT,1702260741479,275,0.1311
OGNUSDT,SELL,LIMIT,1702260742594,1408,0.1310
OGNUSDT,SELL,LIMIT,1702260745448,656,0.1307
OGNUSDT,SELL,LIMIT,1702260746575,4367,0.1306
OGNUSDT,SELL,LIMIT,1702260747633,1750,0.1304
OGNUSDT,SELL,LIMIT,1702260748730,79,0.1304
OGNUSDT,SELL,LIMIT,1702260750513,8428,0.1304
OGNUSDT,SELL,LIMIT,1702260752361,26098,0.1327
OGNUSDT,SELL,LIMIT,1702260753532,1450,0.1303
OGNUSDT,SELL,LIMIT,1702260755542,2919,0.1304
OGNUSDT,SELL,LIMIT,1702260756541,171,0.1303
OGNUSDT,SELL,LIMIT,1702260757553,358,0.1301
OGNUSDT,SELL,LIMIT,1702260758887,36487,0.1299
OGNUSDT,SELL,LIMIT,1702260760079,34722,0.1297
OGNUSDT,SELL,LIMIT,1702260761571,10000,0.1299
OGNUSDT,SELL,LIMIT,1702260762688,127,0.1298
OGNUSDT,SELL,LIMIT,1702260764956,80,0.1297
OGNUSDT,SELL,LIMIT,1702260767002,3002,0.1297
OGNUSDT,SELL,LIMIT,1702260768032,1266,0.1431
OGNUSDT,SELL,LIMIT,1702260769539,4398,0.1298
OGNUSDT,SELL,LIMIT,1702260770775,13927,0.1295
OGNUSDT,SELL,LIMIT,1702260771789,1000,0.1292
OGNUSDT,SELL,LIMIT,1702260773115,176,0.1289
OGNUSDT,SELL,LIMIT,1702260774450,740,0.1289
OGNUSDT,SELL,LIMIT,1702260775512,3689,0.1281
OGNUSDT,SELL,LIMIT,1702260776670,1058,0.1375
OGNUSDT,SELL,LIMIT,1702260777749,367,0.1319
OGNUSDT,SELL,LIMIT,1702260778795,4709,0.1278
OGNUSDT,SELL,LIMIT,1702260780486,9087,0.1279
OGNUSDT,SELL,LIMIT,1702260782528,728,0.1278
OGNUSDT,SELL,LIMIT,1702260783795,997,0.1269
OGNUSDT,SELL,LIMIT,1702260784826,3605,0.1277
OGNUSDT,SELL,LIMIT,1702260786251,2139,0.1268
OGNUSDT,SELL,LIMIT,1702260787406,26956,0.1265
OGNUSDT,SELL,LIMIT,1702260788428,473,0.1265
OGNUSDT,SELL,LIMIT,1702260789720,86,0.1259
OGNUSDT,SELL,LIMIT,1702260791132,2382,0.1260
OGNUSDT,SELL,LIMIT,1702260792191,2200,0.1254
OGNUSDT,SELL,LIMIT,1702260793549,3505,0.1252
OGNUSDT,SELL,LIMIT,1702260794592,991,0.1250
OGNUSDT,SELL,LIMIT,1702260795668,397,0.1239
OGNUSDT,SELL,LIMIT,1702260796673,27153,0.1238
OGNUSDT,SELL,LIMIT,1702260797675,1827,0.1238
OGNUSDT,SELL,LIMIT,1702260798766,3076,0.1237
OGNUSDT,SELL,LIMIT,1702260800370,41,0.1236
OGNUSDT,SELL,LIMIT,1702260801458,70,0.1229
OGNUSDT,SELL,LIMIT,1702260802677,1590,0.1231
OGNUSDT,SELL,LIMIT,1702260803758,6617,0.1227
OGNUSDT,SELL,LIMIT,1702260804878,139,0.1224
OGNUSDT,SELL,LIMIT,1702260805911,1085,0.1221
OGNUSDT,SELL,LIMIT,1702260807315,200000,0.1215
OGNUSDT,SELL,LIMIT,1702260808338,70291,0.1217
OGNUSDT,SELL,LIMIT,1702260809793,200,0.1221
OGNUSDT,SELL,LIMIT,1702260811235,2893,0.1209
OGNUSDT,SELL,LIMIT,1702260812351,4354,0.1219
OGNUSDT,SELL,LIMIT,1702260814261,5055,0.1209
OGNUSDT,SELL,LIMIT,1702260815511,31980,0.1208
OGNUSDT,SELL,LIMIT,1702260818005,941,0.1231
OGNUSDT,BUY,LIMIT,1702260856058,85,0.1303
OGNUSDT,SELL,LIMIT,1702262873708,411,0.1252
