Symbol,Side,Order Type,Time,Quantity,Price
OMGUSDT,SELL,LIMIT,1701917245216,12.1,0.6742
OMGUSDT,SELL,LIMIT,1701919103685,101.4,0.6680
OMGUSDT,SELL,LIMIT,1701931041789,43.5,0.6816
OMGUSDT,SELL,LIMIT,1701937343751,49.5,0.6819
OMGUSDT,SELL,LIMIT,1701940022218,788.3,0.6687
OMGUSDT,SELL,LIMIT,1701940538428,353.9,0.6666
OMGUSDT,SELL,LIMIT,1701940564398,162.7,0.6693
OMGUSDT,SELL,LIMIT,1701940685631,53.9,0.6633
OMGUSDT,SELL,LIMIT,1701941064622,280.5,0.6620
OMGUSDT,SELL,LIMIT,1701941151602,285.5,0.6606
OMGUSDT,SELL,LIMIT,1701941156925,5256.3,0.6591
OMGUSDT,SELL,LIMIT,1701941169562,10.0,0.6589
OMGUSDT,SELL,LIMIT,1701941172056,7246.9,0.6583
OMGUSDT,SELL,LIMIT,1701941174860,3584.4,0.6581
OMGUSDT,SELL,LIMIT,1701941175930,49.7,0.6577
OMGUSDT,SELL,LIMIT,1701941182732,293.2,0.6581
OMGUSDT,SELL,LIMIT,1701941184085,739.0,0.6581
OMGUSDT,SELL,LIMIT,1701941187484,120.0,0.6571
OMGUSDT,SELL,LIMIT,1701941189164,1471.3,0.6571
OMGUSDT,SELL,LIMIT,1701941206214,278.1,0.6561
OMGUSDT,SELL,LIMIT,1701941238378,74.7,0.6556
OMGUSDT,SELL,LIMIT,1701941239703,323.7,0.6548
OMGUSDT,SELL,LIMIT,1701941245511,1883.7,0.6544
OMGUSDT,BUY,LIMIT,1701952083662,77.6,0.6891
OMGUSDT,BUY,LIMIT,1701953976590,0.1,0.6950
OMGUSDT,SELL,LIMIT,1701956676962,92.0,0.6681
OMGUSDT,BUY,LIMIT,1701962667995,157.6,0.6951
OMGUSDT,BUY,LIMIT,1701966270438,3765.1,0.7048
OMGUSDT,BUY,LIMIT,1701966328327,8.1,0.7064
OMGUSDT,BUY,LIMIT,1701966359409,16.2,0.7079
OMGUSDT,SELL,LIMIT,1701971000673,1028.2,0.6844
OMGUSDT,SELL,LIMIT,1701974259000,808.2,0.6814
OMGUSDT,SELL,LIMIT,1701997752093,643.2,0.6815
OMGUSDT,SELL,LIMIT,1702003677024,227.9,0.6852
OMGUSDT,BUY,LIMIT,1702018470541,2214.3,0.7140
OMGUSDT,SELL,LIMIT,1702020530518,36.6,0.6859
OMGUSDT,BUY,LIMIT,1702024131897,79.5,0.7088
OMGUSDT,BUY,LIMIT,1702035301341,67.0,0.7185
OMGUSDT,BUY,LIMIT,1702038266427,4.4,0.7243
OMGUSDT,BUY,LIMIT,1702038421166,794.5,0.7260
OMGUSDT,BUY,LIMIT,1702039306218,1605.6,0.7299
OMGUSDT,SELL,LIMIT,1702040381676,971.0,0.7060
OMGUSDT,SELL,LIMIT,1702042240167,525.9,0.6966
OMGUSDT,BUY,LIMIT,1702047708052,706.3,0.7283
OMGUSDT,BUY,LIMIT,1702051501763,78.3,0.7303
OMGUSDT,BUY,LIMIT,1702052311187,11735.0,0.7358
OMGUSDT,BUY,LIMIT,1702052357501,2369.0,0.7337
OMGUSDT,BUY,LIMIT,1702053445379,96.9,0.7344
OMGUSDT,BUY,LIMIT,1702053525205,33.0,0.7354
OMGUSDT,BUY,LIMIT,1702069078918,69.0,0.7422
OMGUSDT,SELL,LIMIT,1702071820841,31.0,0.7135
OMGUSDT,BUY,LIMIT,1702080687268,205.5,0.7426
OMGUSDT,BUY,LIMIT,1702082564778,161.7,0.7476
OMGUSDT,BUY,LIMIT,1702085208712,4.9,0.7499
OMGUSDT,BUY,LIMIT,1702085278722,585.1,0.7527
OMGUSDT,BUY,LIMIT,1702091266960,281.1,0.7491
OMGUSDT,BUY,LIMIT,1702096034203,1786.4,0.7565
OMGUSDT,BUY,LIMIT,1702101534248,190.0,0.7596
OMGUSDT,BUY,LIMIT,1702102105635,12.1,0.7615
OMGUSDT,SELL,LIMIT,1702105293208,6640.1,0.7377
OMGUSDT,SELL,LIMIT,1702108077280,100.0,0.7449
OMGUSDT,BUY,LIMIT,1702108567482,32.3,0.7670
OMGUSDT,SELL,LIMIT,1702110854819,89.2,0.7399
OMGUSDT,SELL,LIMIT,1702110905207,15.8,0.7356
OMGUSDT,SELL,LIMIT,1702110913540,6673.5,0.7339
OMGUSDT,SELL,LIMIT,1702111031400,12.8,0.7252
OMGUSDT,SELL,LIMIT,1702111041195,47.1,0.7224
OMGUSDT,SELL,LIMIT,1702111377166,29.1,0.7201
OMGUSDT,SELL,LIMIT,1702111388326,280.6,0.7173
OMGUSDT,SELL,LIMIT,1702111389595,47.2,0.7159
OMGUSDT,BUY,LIMIT,1702113416150,86.4,0.7571
OMGUSDT,BUY,LIMIT,1702114323665,8.1,0.7574
OMGUSDT,BUY,LIMIT,1702118546196,14.0,0.7625
OMGUSDT,BUY,LIMIT,1702120881400,1445.8,0.7597
OMGUSDT,BUY,LIMIT,1702123549539,100.0,0.7660
OMGUSDT,BUY,LIMIT,1702123565685,4339.4,0.7667
OMGUSDT,BUY,LIMIT,1702124234576,1169.5,0.7682
OMGUSDT,BUY,LIMIT,1702124238170,26.8,0.7699
OMGUSDT,BUY,LIMIT,1702124243388,499.5,0.7703
OMGUSDT,BUY,LIMIT,1702126406164,824.3,0.7693
OMGUSDT,BUY,LIMIT,1702126467266,100.0,0.7712
OMGUSDT,BUY,LIMIT,1702127046455,10.6,0.7683
OMGUSDT,SELL,LIMIT,1702127912228,416.7,0.7423
OMGUSDT,SELL,LIMIT,1702132935265,470.8,0.7280
OMGUSDT,SELL,LIMIT,1702133006140,598.8,0.7250
OMGUSDT,SELL,LIMIT,1702133340539,2417.9,0.7244
OMGUSDT,SELL,LIMIT,1702134497060,149.9,0.7285
OMGUSDT,BUY,LIMIT,1702137112279,10.8,0.7564
OMGUSDT,SELL,LIMIT,1702139117855,27.5,0.7283
OMGUSDT,SELL,LIMIT,1702139291239,304.9,0.7256
OMGUSDT,SELL,LIMIT,1702153014281,67.4,0.7268
OMGUSDT,BUY,LIMIT,1702154438992,2690.1,0.7514
OMGUSDT,SELL,LIMIT,1702156344849,452.2,0.7247
OMGUSDT,SELL,LIMIT,1702164542286,929.3,0.7231
OMGUSDT,SELL,LIMIT,1702164688126,81.5,0.7215
OMGUSDT,SELL,LIMIT,1702164749272,65.9,0.7195
OMGUSDT,SELL,LIMIT,1702164750482,55.5,0.7193
OMGUSDT,SELL,LIMIT,1702164800436,734.1,0.7181
OMGUSDT,SELL,LIMIT,1702164801730,276.6,0.7169
OMGUSDT,SELL,LIMIT,1702164869406,13.3,0.7145
OMGUSDT,SELL,LIMIT,1702164871253,44.6,0.7137
OMGUSDT,SELL,LIMIT,1702177769081,233.9,0.7271
OMGUSDT,SELL,LIMIT,1702189484356,195.8,0.7261
OMGUSDT,SELL,LIMIT,1702191375627,18.7,0.7235
OMGUSDT,SELL,LIMIT,1702195705022,2133.2,0.7151
OMGUSDT,SELL,LIMIT,1702196744896,17.3,0.7104
OMGUSDT,SELL,LIMIT,1702196801331,399.8,0.7089
OMGUSDT,SELL,LIMIT,1702196803124,3376.0,0.7084
OMGUSDT,SELL,LIMIT,1702196807743,381.1,0.7080
OMGUSDT,SELL,LIMIT,1702196893917,134.4,0.7076
OMGUSDT,SELL,LIMIT,1702200165199,1280.0,0.7067
OMGUSDT,SELL,LIMIT,1702200256795,105.9,0.7057
OMGUSDT,SELL,LIMIT,1702200284353,6774.5,0.7043
OMGUSDT,SELL,LIMIT,1702200314918,1759.4,0.7037
OMGUSDT,SELL,LIMIT,1702200358383,85.8,0.7031
OMGUSDT,SELL,LIMIT,1702200401292,732.4,0.7028
OMGUSDT,SELL,LIMIT,1702200743241,55.0,0.7021
OMGUSDT,SELL,LIMIT,1702200884951,1000.0,0.7009
OMGUSDT,SELL,LIMIT,1702200926575,2308.5,0.7003
OMGUSDT,SELL,LIMIT,1702201490944,59.1,0.6982
OMGUSDT,SELL,LIMIT,1702201493396,6.8,0.6981
OMGUSDT,SELL,LIMIT,1702202056436,616.4,0.6979
OMGUSDT,SELL,LIMIT,1702202069525,152.9,0.6977
OMGUSDT,SELL,LIMIT,1702202157134,67.7,0.6960
OMGUSDT,SELL,LIMIT,1702202238192,54.7,0.6958
OMGUSDT,SELL,LIMIT,1702202269405,3438.5,0.6950
OMGUSDT,SELL,LIMIT,1702202275273,7.0,0.6946
OMGUSDT,SELL,LIMIT,1702202325171,300.0,0.6931
OMGUSDT,SELL,LIMIT,1702202368865,13.4,0.6923
OMGUSDT,BUY,LIMIT,1702208800201,198.9,0.7257
OMGUSDT,BUY,LIMIT,1702217422719,564.1,0.7336
OMGUSDT,BUY,LIMIT,1702222307334,56.8,0.7378
OMGUSDT,BUY,LIMIT,1702238641050,39.9,0.7541
OMGUSDT,BUY,LIMIT,1702238653782,1127.2,0.7550
OMGUSDT,BUY,LIMIT,1702239146369,141.2,0.7635
OMGUSDT,BUY,LIMIT,1702239168494,748.6,0.7645
OMGUSDT,BUY,LIMIT,1702239548592,252.6,0.7686
OMGUSDT,BUY,LIMIT,1702239977004,1658.9,0.7766
OMGUSDT,SELL,LIMIT,1702242046438,527.3,0.7431
OMGUSDT,SELL,LIMIT,1702243764383,802.0,0.7360
OMGUSDT,BUY,LIMIT,1702249707828,528.5,0.7660
OMGUSDT,SELL,LIMIT,1702250128131,200.2,0.7391
OMGUSDT,BUY,LIMIT,1702252167327,283.4,0.7674
OMGUSDT,SELL,LIMIT,1702256194379,2647.6,0.7362
OMGUSDT,SELL,LIMIT,1702256620301,131.9,0.7310
OMGUSDT,BUY,LIMIT,1702258342225,722.8,0.7581
OMGUSDT,SELL,LIMIT,1702260283762,1313.5,0.7352
OMGUSDT,SELL,LIMIT,1702260422073,6.8,0.7414
OMGUSDT,SELL,LIMIT,1702260427965,55.2,0.7320
OMGUSDT,SELL,LIMIT,1702260430266,1317.2,0.7317
OMGUSDT,SELL,LIMIT,1702260436805,150.0,0.7301
OMGUSDT,SELL,LIMIT,1702260439933,66.5,0.7293
OMGUSDT,BUY,LIMIT,1702260628389,135.0,0.7457
OMGUSDT,SELL,LIMIT,1702260630146,1000.0,0.7230
OMGUSDT,SELL,LIMIT,1702260632144,713.1,0.7214
OMGUSDT,SELL,LIMIT,1702260635072,330.4,0.7208
OMGUSDT,SELL,LIMIT,1702260696577,132.2,0.7181
OMGUSDT,SELL,LIMIT,1702260700369,65.9,0.7170
OMGUSDT,SELL,LIMIT,1702260708555,284.7,0.7164
OMGUSDT,SELL,LIMIT,1702260710029,156.5,0.7163
OMGUSDT,SELL,LIMIT,1702260711571,330.6,0.7153
OMGUSDT,SELL,LIMIT,1702260712984,1183.6,0.7154
OMGUSDT,SELL,LIMIT,1702260714038,22.5,0.7153
OMGUSDT,SELL,LIMIT,1702260716805,8.2,0.7149
OMGUSDT,SELL,LIMIT,1702260718769,2684.5,0.7322
OMGUSDT,SELL,LIMIT,1702260720377,600.0,0.7139
OMGUSDT,SELL,LIMIT,1702260722300,8.2,0.7141
OMGUSDT,SELL,LIMIT,1702260723618,83.3,0.7130
OMGUSDT,SELL,LIMIT,1702260724639,489.1,0.7123
OMGUSDT,SELL,LIMIT,1702260725642,235.7,0.7111
OMGUSDT,SELL,LIMIT,1702260726750,327.6,0.7120
OMGUSDT,BUY,LIMIT,1702260727983,25.0,0.7319
OMGUSDT,SELL,LIMIT,1702260729937,50.0,0.7154
OMGUSDT,SELL,LIMIT,1702260731044,1410.9,0.7079
OMGUSDT,SELL,LIMIT,1702260733722,270.2,0.7087
OMGUSDT,SELL,LIMIT,1702260737680,1316.8,0.7079
OMGUSDT,SELL,LIMIT,1702260739472,53.1,0.7076
OMGUSDT,SELL,LIMIT,1702260740651,263.1,0.7080
OMGUSDT,SELL,LIMIT,1702260741726,10.1,0.7314
OMGUSDT,SELL,LIMIT,1702260743201,13.4,0.7053
OMGUSDT,SELL,LIMIT,1702260745402,101.3,0.7038
OMGUSDT,SELL,LIMIT,1702260749496,17.0,0.6998
OMGUSDT,SELL,LIMIT,1702260751581,392.9,0.6992
OMGUSDT,SELL,LIMIT,1702260752696,5661.5,0.6992
OMGUSDT,SELL,LIMIT,1702260754032,279.9,0.6996
OMGUSDT,SELL,LIMIT,1702260756553,1911.3,0.7107
OMGUSDT,SELL,LIMIT,1702260757568,336.0,0.7731
OMGUSDT,SELL,LIMIT,1702260758646,362.6,0.6967
OMGUSDT,SELL,LIMIT,1702260759972,41.1,0.7151
OMGUSDT,SELL,LIMIT,1702260761099,15137.8,0.6906
OMGUSDT,SELL,LIMIT,1702260762252,615.5,0.6944
OMGUSDT,SELL,LIMIT,1702260763356,706.5,0.6946
OMGUSDT,SELL,LIMIT,1702260765522,6255.8,0.6932
OMGUSDT,SELL,LIMIT,1702260766761,46.7,0.6907
OMGUSDT,SELL,LIMIT,1702260768638,5.7,0.6901
OMGUSDT,SELL,LIMIT,1702260769841,43.9,0.6902
OMGUSDT,BUY,LIMIT,1702260771532,350.0,0.7075
OMGUSDT,SELL,LIMIT,1702260772619,303.7,0.6821
OMGUSDT,SELL,LIMIT,1702260773884,35.6,0.6841
OMGUSDT,SELL,LIMIT,1702260775102,86.0,0.6825
OMGUSDT,SELL,LIMIT,1702260776411,51.5,0.6817
OMGUSDT,SELL,LIMIT,1702260777533,1538.1,0.6804
OMGUSDT,SELL,LIMIT,1702260778787,485.6,0.6787
OMGUSDT,SELL,LIMIT,1702260780244,141.9,0.6780
OMGUSDT,SELL,LIMIT,1702260782501,50.0,0.6784
OMGUSDT,SELL,LIMIT,1702260783570,178.1,0.6772
OMGUSDT,SELL,LIMIT,1702260784574,303.2,0.6774
OMGUSDT,SELL,LIMIT,1702260786042,2500.0,0.6750
OMGUSDT,SELL,LIMIT,1702260788130,9.9,0.6744
OMGUSDT,SELL,LIMIT,1702260789194,195.7,0.7543
OMGUSDT,SELL,LIMIT,1702260790285,7583.0,0.6715
OMGUSDT,SELL,LIMIT,1702260791436,6.1,0.6665
OMGUSDT,SELL,LIMIT,1702260792453,133.3,0.6906
OMGUSDT,SELL,LIMIT,1702260793634,472.9,0.6651
OMGUSDT,SELL,LIMIT,1702260795544,785.7,0.6624
OMGUSDT,SELL,LIMIT,1702260796612,290.3,0.6611
OMGUSDT,SELL,LIMIT,1702260797654,6934.7,0.6611
OMGUSDT,SELL,LIMIT,1702260799278,82.1,0.6624
OMGUSDT,SELL,LIMIT,1702260800744,41.1,0.6611
OMGUSDT,SELL,LIMIT,1702260801978,217.8,0.6619
OMGUSDT,BUY,LIMIT,1702260803367,1500.0,0.6790
OMGUSDT,SELL,LIMIT,1702260804469,2608.1,0.6590
OMGUSDT,SELL,LIMIT,1702260805612,149.4,0.6592
OMGUSDT,SELL,LIMIT,1702260806944,7.9,0.6589
OMGUSDT,SELL,LIMIT,1702260808429,592.1,0.6561
OMGUSDT,SELL,LIMIT,1702260813418,43.1,0.6533
OMGUSDT,SELL,LIMIT,1702260817044,11.4,0.6541
OMGUSDT,SELL,LIMIT,1702260818451,56.8,0.6538
OMGUSDT,SELL,LIMIT,1702260822331,331.1,0.6563
OMGUSDT,BUY,LIMIT,1702260859527,1964.4,0.7017
OMGUSDT,SELL,LIMIT,1702262338106,719.8,0.6909
OMGUSDT,SELL,LIMIT,1702262564940,24.8,0.6861
OMGUSDT,SELL,LIMIT,1702262615562,166.4,0.6846
OMGUSDT,SELL,LIMIT,1702262873708,75.6,0.6816
OMGUSDT,SELL,LIMIT,1702262880107,3607.5,0.6793
OMGUSDT,SELL,LIMIT,1702268032359,302.1,0.6956
