Symbol,Side,Order Type,Time,Quantity,Price
ONEUSDT,BUY,LIMIT,1701936455458,357,0.01543
ONEUSDT,SELL,LIMIT,1701936970437,3343,0.01498
ONEUSDT,SELL,LIMIT,1701937824802,986,0.01490
ONEUSDT,SELL,LIMIT,1701940012072,6820,0.01473
ONEUSDT,SELL,LIMIT,1701940407198,877,0.01471
ONEUSDT,SELL,LIMIT,1701940562571,7018,0.01461
ONEUSDT,SELL,LIMIT,1701940569498,6527,0.01457
ONEUSDT,SELL,LIMIT,1701941028593,1275,0.01455
ONEUSDT,SELL,LIMIT,1701941060740,2357,0.01453
ONEUSDT,SELL,LIMIT,1701941067272,12630,0.01451
ONEUSDT,SELL,LIMIT,1701941074828,13084,0.01451
ONEUSDT,SELL,LIMIT,1701941110047,38493,0.01452
ONEUSDT,SELL,LIMIT,1701941115491,107395,0.01451
ONEUSDT,SELL,LIMIT,1701941147482,13224,0.01450
ONEUSDT,SELL,LIMIT,1701941155451,4663,0.01454
ONEUSDT,SELL,LIMIT,1701941158473,1458,0.01449
ONEUSDT,SELL,LIMIT,1701941160076,2868,0.01448
ONEUSDT,SELL,LIMIT,1701941162064,4241,0.01447
ONEUSDT,SELL,LIMIT,1701941163779,13056,0.01446
ONEUSDT,SELL,LIMIT,1701941165708,7943,0.01445
ONEUSDT,SELL,LIMIT,1701941170361,65530,0.01443
ONEUSDT,SELL,LIMIT,1701941174410,10494,0.01442
ONEUSDT,SELL,LIMIT,1701941175567,13153,0.01443
ONEUSDT,SELL,LIMIT,1701941179344,4581,0.01442
ONEUSDT,SELL,LIMIT,1701941184085,1453,0.01440
ONEUSDT,SELL,LIMIT,1701941187227,27360,0.01440
ONEUSDT,SELL,LIMIT,1701941189133,29396,0.01438
ONEUSDT,SELL,LIMIT,1701941192268,2136,0.01434
ONEUSDT,SELL,LIMIT,1701941193413,20592,0.01433
ONEUSDT,BUY,LIMIT,1701953387079,188657,0.01505
ONEUSDT,BUY,LIMIT,1701953976590,1,0.01524
ONEUSDT,SELL,LIMIT,1701956578244,10610,0.01492
ONEUSDT,SELL,LIMIT,1701962183518,3401,0.01519
ONEUSDT,BUY,LIMIT,1701966104540,1811,0.01561
ONEUSDT,BUY,LIMIT,1701966155959,244,0.01563
ONEUSDT,BUY,LIMIT,1701966157048,3137,0.01575
ONEUSDT,SELL,LIMIT,1701998571818,65956,0.01525
ONEUSDT,SELL,LIMIT,1702003272060,6667,0.01517
ONEUSDT,BUY,LIMIT,1702007891614,694,0.01585
ONEUSDT,BUY,LIMIT,1702007894832,29583,0.01586
ONEUSDT,BUY,LIMIT,1702007902559,11795,0.01589
ONEUSDT,SELL,LIMIT,1702020638844,8150,0.01515
ONEUSDT,BUY,LIMIT,1702052530227,4634,0.01587
ONEUSDT,BUY,LIMIT,1702053230065,1306,0.01595
ONEUSDT,BUY,LIMIT,1702053297081,1892,0.01596
ONEUSDT,BUY,LIMIT,1702053351083,371,0.01597
ONEUSDT,BUY,LIMIT,1702053373510,46511,0.01598
ONEUSDT,BUY,LIMIT,1702053511606,691,0.01602
ONEUSDT,BUY,LIMIT,1702053520337,3913,0.01603
ONEUSDT,BUY,LIMIT,1702053526218,20619,0.01604
ONEUSDT,BUY,LIMIT,1702061638327,327,0.01606
ONEUSDT,BUY,LIMIT,1702062073230,1470,0.01609
ONEUSDT,BUY,LIMIT,1702066354263,1553,0.01616
ONEUSDT,BUY,LIMIT,1702066471296,90592,0.01618
ONEUSDT,BUY,LIMIT,1702067146011,1919,0.01621
ONEUSDT,BUY,LIMIT,1702067170132,397,0.01622
ONEUSDT,BUY,LIMIT,1702067172656,52341,0.01622
ONEUSDT,BUY,LIMIT,1702067233889,16537,0.01631
ONEUSDT,BUY,LIMIT,1702068672164,26220,0.01641
ONEUSDT,SELL,LIMIT,1702070611297,103,0.01606
ONEUSDT,BUY,LIMIT,1702071451182,13959,0.01637
ONEUSDT,BUY,LIMIT,1702078445160,3448,0.01655
ONEUSDT,BUY,LIMIT,1702078454040,7227,0.01661
ONEUSDT,BUY,LIMIT,1702080420734,9715,0.01666
ONEUSDT,BUY,LIMIT,1702080453460,1380,0.01667
ONEUSDT,BUY,LIMIT,1702080907215,90000,0.01669
ONEUSDT,BUY,LIMIT,1702081702221,69890,0.01673
ONEUSDT,BUY,LIMIT,1702081776856,44483,0.01681
ONEUSDT,BUY,LIMIT,1702081933058,37836,0.01697
ONEUSDT,BUY,LIMIT,1702081950004,18412,0.01698
ONEUSDT,BUY,LIMIT,1702082974938,3250,0.01701
ONEUSDT,BUY,LIMIT,1702082982149,7558,0.01703
ONEUSDT,BUY,LIMIT,1702083107189,275923,0.01704
ONEUSDT,BUY,LIMIT,1702087628821,11997,0.01693
ONEUSDT,BUY,LIMIT,1702091053341,9648,0.01711
ONEUSDT,BUY,LIMIT,1702091789266,3403,0.01718
ONEUSDT,BUY,LIMIT,1702092332676,25,0.01725
ONEUSDT,BUY,LIMIT,1702092467221,717,0.01725
ONEUSDT,BUY,LIMIT,1702092562330,300082,0.01730
ONEUSDT,BUY,LIMIT,1702092563373,79490,0.01728
ONEUSDT,BUY,LIMIT,1702093005872,13663,0.01736
ONEUSDT,BUY,LIMIT,1702093210611,295448,0.01742
ONEUSDT,BUY,LIMIT,1702093684561,689,0.01743
ONEUSDT,BUY,LIMIT,1702093737926,25544,0.01745
ONEUSDT,BUY,LIMIT,1702094610915,106800,0.01748
ONEUSDT,BUY,LIMIT,1702103376622,1294,0.01721
ONEUSDT,BUY,LIMIT,1702104961091,12262,0.01746
ONEUSDT,BUY,LIMIT,1702107981637,1859,0.01738
ONEUSDT,BUY,LIMIT,1702109244833,4141,0.01747
ONEUSDT,BUY,LIMIT,1702109420255,177922,0.01746
ONEUSDT,BUY,LIMIT,1702109514107,12391,0.01746
ONEUSDT,BUY,LIMIT,1702109676209,20198,0.01746
ONEUSDT,BUY,LIMIT,1702110176349,13226,0.01762
ONEUSDT,SELL,LIMIT,1702110970061,316,0.01704
ONEUSDT,SELL,LIMIT,1702110972234,8730,0.01702
ONEUSDT,SELL,LIMIT,1702110974398,4748,0.01702
ONEUSDT,SELL,LIMIT,1702110982451,3097,0.01718
ONEUSDT,SELL,LIMIT,1702110984418,10000,0.01691
ONEUSDT,SELL,LIMIT,1702111029134,822,0.01688
ONEUSDT,SELL,LIMIT,1702111035735,4269,0.01686
ONEUSDT,SELL,LIMIT,1702111044715,100000,0.01715
ONEUSDT,SELL,LIMIT,1702111387390,5519,0.01665
ONEUSDT,SELL,LIMIT,1702111389214,12000,0.01663
ONEUSDT,SELL,LIMIT,1702114469494,111450,0.01718
ONEUSDT,BUY,LIMIT,1702128959459,603,0.01785
ONEUSDT,BUY,LIMIT,1702129156234,29845,0.01787
ONEUSDT,BUY,LIMIT,1702129443438,463,0.01795
ONEUSDT,BUY,LIMIT,1702129469793,6314,0.01801
ONEUSDT,BUY,LIMIT,1702129486147,5673,0.01804
ONEUSDT,BUY,LIMIT,1702129687208,116461,0.01813
ONEUSDT,BUY,LIMIT,1702129736492,2886,0.01817
ONEUSDT,SELL,LIMIT,1702130066993,371,0.01766
ONEUSDT,BUY,LIMIT,1702131112947,3076,0.01823
ONEUSDT,SELL,LIMIT,1702131767216,97291,0.01769
ONEUSDT,SELL,LIMIT,1702132084627,15676,0.01779
ONEUSDT,SELL,LIMIT,1702132793917,29786,0.01742
ONEUSDT,SELL,LIMIT,1702132994373,3856,0.01735
ONEUSDT,SELL,LIMIT,1702133345254,4062,0.01727
ONEUSDT,SELL,LIMIT,1702134945071,242690,0.01712
ONEUSDT,SELL,LIMIT,1702135322104,11260,0.01711
ONEUSDT,SELL,LIMIT,1702135425110,7413,0.01703
ONEUSDT,SELL,LIMIT,1702139295073,95864,0.01696
ONEUSDT,SELL,LIMIT,1702141082081,654,0.01691
ONEUSDT,SELL,LIMIT,1702141662527,124866,0.01702
ONEUSDT,SELL,LIMIT,1702141848162,23750,0.01699
ONEUSDT,SELL,LIMIT,1702141851765,9394,0.01692
ONEUSDT,SELL,LIMIT,1702144630606,25184,0.01702
ONEUSDT,SELL,LIMIT,1702144707763,5652,0.01682
ONEUSDT,SELL,LIMIT,1702144777370,35631,0.01682
ONEUSDT,SELL,LIMIT,1702144979149,22503,0.01679
ONEUSDT,SELL,LIMIT,1702148392995,9595,0.01705
ONEUSDT,SELL,LIMIT,1702156398263,6382,0.01678
ONEUSDT,SELL,LIMIT,1702156531268,1066,0.01677
ONEUSDT,SELL,LIMIT,1702162317907,23836,0.01676
ONEUSDT,SELL,LIMIT,1702162345425,12316,0.01673
ONEUSDT,SELL,LIMIT,1702162414116,11827,0.01672
ONEUSDT,SELL,LIMIT,1702162489093,10270,0.01672
ONEUSDT,SELL,LIMIT,1702162533067,9109,0.01672
ONEUSDT,SELL,LIMIT,1702164316682,10000,0.01667
ONEUSDT,SELL,LIMIT,1702164512152,12586,0.01665
ONEUSDT,SELL,LIMIT,1702164532328,6238,0.01661
ONEUSDT,SELL,LIMIT,1702164542455,21933,0.01659
ONEUSDT,SELL,LIMIT,1702164572323,11918,0.01657
ONEUSDT,SELL,LIMIT,1702164747401,2079,0.01655
ONEUSDT,SELL,LIMIT,1702164749940,34808,0.01654
ONEUSDT,SELL,LIMIT,1702164752474,165661,0.01650
ONEUSDT,SELL,LIMIT,1702164796742,415,0.01650
ONEUSDT,SELL,LIMIT,1702164798971,16471,0.01650
ONEUSDT,SELL,LIMIT,1702164800652,4504,0.01649
ONEUSDT,SELL,LIMIT,1702164803463,5780,0.01647
ONEUSDT,SELL,LIMIT,1702164805274,1445,0.01645
ONEUSDT,SELL,LIMIT,1702164806338,347,0.01645
ONEUSDT,SELL,LIMIT,1702164810248,3038,0.01643
ONEUSDT,SELL,LIMIT,1702164811654,8106,0.01643
ONEUSDT,SELL,LIMIT,1702164870267,88337,0.01641
ONEUSDT,SELL,LIMIT,1702200450224,1751,0.01653
ONEUSDT,SELL,LIMIT,1702200792224,5200,0.01644
ONEUSDT,SELL,LIMIT,1702200797421,1487,0.01645
ONEUSDT,SELL,LIMIT,1702200921117,23354,0.01641
ONEUSDT,SELL,LIMIT,1702200928606,287,0.01640
ONEUSDT,SELL,LIMIT,1702200939279,3456,0.01638
ONEUSDT,SELL,LIMIT,1702200940403,318,0.01635
ONEUSDT,SELL,LIMIT,1702201375266,4211,0.01633
ONEUSDT,SELL,LIMIT,1702201417153,362,0.01630
ONEUSDT,SELL,LIMIT,1702201475238,11084,0.01630
ONEUSDT,SELL,LIMIT,1702201479673,119347,0.01630
ONEUSDT,SELL,LIMIT,1702201480994,112770,0.01629
ONEUSDT,SELL,LIMIT,1702202077471,1039,0.01626
ONEUSDT,SELL,LIMIT,1702202078867,28188,0.01626
ONEUSDT,SELL,LIMIT,1702202085185,17054,0.01625
ONEUSDT,SELL,LIMIT,1702202087006,22159,0.01625
ONEUSDT,SELL,LIMIT,1702202154771,231799,0.01623
ONEUSDT,SELL,LIMIT,1702202156601,5649,0.01624
ONEUSDT,SELL,LIMIT,1702202259310,33198,0.01622
ONEUSDT,SELL,LIMIT,1702202267739,2981,0.01620
ONEUSDT,SELL,LIMIT,1702202274121,312,0.01620
ONEUSDT,SELL,LIMIT,1702202280249,1166,0.01620
ONEUSDT,SELL,LIMIT,1702202281443,11637,0.01620
ONEUSDT,SELL,LIMIT,1702202292592,130944,0.01619
ONEUSDT,SELL,LIMIT,1702202295173,6698,0.01618
ONEUSDT,SELL,LIMIT,1702202297557,4080,0.01617
ONEUSDT,SELL,LIMIT,1702202301007,407,0.01615
ONEUSDT,SELL,LIMIT,1702202318311,5521,0.01615
ONEUSDT,SELL,LIMIT,1702202323097,4581,0.01615
ONEUSDT,SELL,LIMIT,1702202325172,32455,0.01614
ONEUSDT,SELL,LIMIT,1702202379255,5628,0.01610
ONEUSDT,SELL,LIMIT,1702202380362,467,0.01609
ONEUSDT,SELL,LIMIT,1702202381520,29481,0.01611
ONEUSDT,SELL,LIMIT,1702202400177,290987,0.01607
ONEUSDT,SELL,LIMIT,1702229298487,77777,0.01649
ONEUSDT,BUY,LIMIT,1702239847109,690,0.01720
ONEUSDT,BUY,LIMIT,1702240591534,128258,0.01736
ONEUSDT,BUY,LIMIT,1702240747811,15239,0.01746
ONEUSDT,BUY,LIMIT,1702240938116,26828,0.01751
ONEUSDT,BUY,LIMIT,1702240945410,83683,0.01751
ONEUSDT,BUY,LIMIT,1702240947249,3013,0.01752
ONEUSDT,SELL,LIMIT,1702241117786,1015,0.01717
ONEUSDT,SELL,LIMIT,1702256620300,11500,0.01683
ONEUSDT,SELL,LIMIT,1702256909164,12518,0.01677
ONEUSDT,SELL,LIMIT,1702260330625,21334,0.01695
ONEUSDT,SELL,LIMIT,1702260439933,1151,0.01668
ONEUSDT,SELL,LIMIT,1702260634867,5316,0.01660
ONEUSDT,SELL,LIMIT,1702260693457,1609,0.01656
ONEUSDT,SELL,LIMIT,1702260696154,4399,0.01652
ONEUSDT,SELL,LIMIT,1702260699584,798,0.01652
ONEUSDT,SELL,LIMIT,1702260701936,3794,0.01651
ONEUSDT,SELL,LIMIT,1702260707822,11448,0.01648
ONEUSDT,SELL,LIMIT,1702260709451,2883,0.01649
ONEUSDT,SELL,LIMIT,1702260711571,5783,0.01646
ONEUSDT,SELL,LIMIT,1702260714380,5780,0.01646
ONEUSDT,SELL,LIMIT,1702260715425,28042,0.01643
ONEUSDT,SELL,LIMIT,1702260716805,306,0.01643
ONEUSDT,SELL,LIMIT,1702260718044,1753,0.01642
ONEUSDT,SELL,LIMIT,1702260719950,8761,0.01636
ONEUSDT,SELL,LIMIT,1702260721491,6333,0.01636
ONEUSDT,SELL,LIMIT,1702260725156,36642,0.01633
ONEUSDT,SELL,LIMIT,1702260726606,2291,0.01629
ONEUSDT,SELL,LIMIT,1702260727820,29160,0.01626
ONEUSDT,SELL,LIMIT,1702260730702,8243,0.01623
ONEUSDT,SELL,LIMIT,1702260731718,2895,0.01632
ONEUSDT,SELL,LIMIT,1702260733059,71027,0.01623
ONEUSDT,SELL,LIMIT,1702260735636,12557,0.01621
ONEUSDT,SELL,LIMIT,1702260737630,2403,0.01621
ONEUSDT,SELL,LIMIT,1702260741561,6050,0.01625
ONEUSDT,SELL,LIMIT,1702260742972,17783,0.01617
ONEUSDT,SELL,LIMIT,1702260744439,17000,0.01615
ONEUSDT,SELL,LIMIT,1702260745557,58343,0.01612
ONEUSDT,SELL,LIMIT,1702260747703,5871,0.01611
ONEUSDT,SELL,LIMIT,1702260749496,350,0.01610
ONEUSDT,SELL,LIMIT,1702260751165,488,0.01610
ONEUSDT,SELL,LIMIT,1702260752696,102692,0.01606
ONEUSDT,SELL,LIMIT,1702260754269,1000,0.01608
ONEUSDT,SELL,LIMIT,1702260755585,7106,0.01605
ONEUSDT,SELL,LIMIT,1702260757478,690,0.01604
ONEUSDT,SELL,LIMIT,1702260758486,1865,0.01600
ONEUSDT,SELL,LIMIT,1702260759787,13686,0.01598
ONEUSDT,SELL,LIMIT,1702260760789,289,0.01594
ONEUSDT,SELL,LIMIT,1702260762559,1193,0.01763
ONEUSDT,SELL,LIMIT,1702260763897,62217,0.01594
ONEUSDT,SELL,LIMIT,1702260764956,700,0.01590
ONEUSDT,SELL,LIMIT,1702260766185,75739,0.01586
ONEUSDT,SELL,LIMIT,1702260767258,305,0.01591
ONEUSDT,SELL,LIMIT,1702260768620,24953,0.01586
ONEUSDT,SELL,LIMIT,1702260769557,298,0.01618
ONEUSDT,SELL,LIMIT,1702260770713,29982,0.01581
ONEUSDT,SELL,LIMIT,1702260771820,595,0.01577
ONEUSDT,SELL,LIMIT,1702260772903,20995,0.01578
ONEUSDT,SELL,LIMIT,1702260774471,2835,0.01573
ONEUSDT,SELL,LIMIT,1702260775603,594,0.01573
ONEUSDT,SELL,LIMIT,1702260776917,594,0.01573
ONEUSDT,SELL,LIMIT,1702260778028,5408,0.01583
ONEUSDT,SELL,LIMIT,1702260779212,595,0.01570
ONEUSDT,SELL,LIMIT,1702260780266,84596,0.01564
ONEUSDT,SELL,LIMIT,1702260781382,57372,0.01571
ONEUSDT,SELL,LIMIT,1702260782469,11111,0.01558
ONEUSDT,SELL,LIMIT,1702260783452,15587,0.01561
ONEUSDT,SELL,LIMIT,1702260784600,1016,0.01559
ONEUSDT,SELL,LIMIT,1702260785766,58823,0.01559
ONEUSDT,SELL,LIMIT,1702260786944,32249,0.01559
ONEUSDT,SELL,LIMIT,1702260788130,719,0.01557
ONEUSDT,SELL,LIMIT,1702260789349,70069,0.01555
ONEUSDT,SELL,LIMIT,1702260790376,3525,0.01553
ONEUSDT,SELL,LIMIT,1702260791375,18000,0.01553
ONEUSDT,SELL,LIMIT,1702260792518,21276,0.01553
ONEUSDT,SELL,LIMIT,1702260793666,5472,0.01550
ONEUSDT,SELL,LIMIT,1702260794878,77519,0.01551
ONEUSDT,SELL,LIMIT,1702260796379,3408,0.01542
ONEUSDT,SELL,LIMIT,1702260797535,173644,0.01536
ONEUSDT,SELL,LIMIT,1702260798972,17653,0.01537
ONEUSDT,SELL,LIMIT,1702260800095,1226,0.01537
ONEUSDT,SELL,LIMIT,1702260801137,75329,0.01536
ONEUSDT,SELL,LIMIT,1702260802216,18161,0.01532
ONEUSDT,SELL,LIMIT,1702260803251,111814,0.01533
ONEUSDT,SELL,LIMIT,1702260804332,1023,0.01528
ONEUSDT,SELL,LIMIT,1702260805710,584,0.01518
ONEUSDT,SELL,LIMIT,1702260807055,1482,0.01516
ONEUSDT,SELL,LIMIT,1702260808311,594,0.01515
ONEUSDT,SELL,LIMIT,1702260809909,5200,0.01515
ONEUSDT,SELL,LIMIT,1702260811071,74037,0.01533
ONEUSDT,SELL,LIMIT,1702260812124,18024,0.01508
ONEUSDT,SELL,LIMIT,1702260814160,1404,0.01505
ONEUSDT,SELL,LIMIT,1702260815236,23151,0.01506
ONEUSDT,SELL,LIMIT,1702260816718,100000,0.01503
ONEUSDT,SELL,LIMIT,1702260817978,5846,0.01502
ONEUSDT,SELL,LIMIT,1702260820319,20482,0.01498
ONEUSDT,SELL,LIMIT,1702260823038,507,0.01497
ONEUSDT,BUY,LIMIT,1702260829525,3691,0.01531
ONEUSDT,BUY,LIMIT,1702260840392,2871,0.01532
ONEUSDT,BUY,LIMIT,1702260849710,8324,0.01573
ONEUSDT,BUY,LIMIT,1702260851456,4702,0.01580
ONEUSDT,SELL,LIMIT,1702260860507,176,0.01558
ONEUSDT,SELL,LIMIT,1702260915757,6779,0.01556
ONEUSDT,SELL,LIMIT,1702262615562,7470,0.01543
ONEUSDT,SELL,LIMIT,1702262873708,3369,0.01539
ONEUSDT,SELL,LIMIT,1702265724234,1459,0.01583
ONEUSDT,SELL,LIMIT,1702266101500,317,0.01599
