Symbol,Side,Order Type,Time,Quantity,Price
ONTUSDT,SELL,LIMIT,1701918471291,7785.4,0.2284
ONTUSDT,BUY,LIMIT,1701921137060,430.6,0.2367
ONTUSDT,BUY,LIMIT,1701928973848,1299.8,0.2381
ONTUSDT,BUY,LIMIT,1701932270167,1855.4,0.2394
ONTUSDT,SELL,LIMIT,1701940453231,22058.2,0.2278
ONTUSDT,SELL,LIMIT,1701940557403,100.3,0.2271
ONTUSDT,SELL,LIMIT,1701940559125,153047.4,0.2248
ONTUSDT,SELL,LIMIT,1701941071477,39522.8,0.2248
ONTUSDT,SELL,LIMIT,1701941074454,337.4,0.2254
ONTUSDT,SELL,LIMIT,1701941151492,629.5,0.2254
ONTUSDT,SELL,LIMIT,1701941153137,1966.8,0.2252
ONTUSDT,SELL,LIMIT,1701941154239,4243.2,0.2251
ONTUSDT,SELL,LIMIT,1701941156040,508.6,0.2249
ONTUSDT,SELL,LIMIT,1701941167235,84.1,0.2248
ONTUSDT,SELL,LIMIT,1701941168388,765.3,0.2247
ONTUSDT,SELL,LIMIT,1701941169564,8467.4,0.2246
ONTUSDT,SELL,LIMIT,1701949194976,22.7,0.2272
ONTUSDT,BUY,LIMIT,1701953976590,0.1,0.2361
ONTUSDT,BUY,LIMIT,1701962602224,1093.4,0.2367
ONTUSDT,BUY,LIMIT,1701963323473,23.2,0.2382
ONTUSDT,BUY,LIMIT,1701968825360,43.6,0.2410
ONTUSDT,BUY,LIMIT,1701968943746,865.8,0.2425
ONTUSDT,BUY,LIMIT,1701969055422,82.3,0.2431
ONTUSDT,SELL,LIMIT,1701970717495,3727.1,0.2355
ONTUSDT,SELL,LIMIT,1701970994468,359.4,0.2345
ONTUSDT,SELL,LIMIT,1701976304876,124.4,0.2335
ONTUSDT,SELL,LIMIT,1701977271424,2630.4,0.2325
ONTUSDT,BUY,LIMIT,1701984286339,212.3,0.2441
ONTUSDT,SELL,LIMIT,1701988450228,257.3,0.2351
ONTUSDT,BUY,LIMIT,1701993605109,2690.3,0.2451
ONTUSDT,BUY,LIMIT,1701993608799,22.1,0.2466
ONTUSDT,BUY,LIMIT,1701993610106,14783.3,0.2472
ONTUSDT,SELL,LIMIT,1701993668715,256.4,0.2394
ONTUSDT,SELL,LIMIT,1701994223438,132.3,0.2379
ONTUSDT,SELL,LIMIT,1701996076352,3739.0,0.2359
ONTUSDT,SELL,LIMIT,1701996153699,27.4,0.2358
ONTUSDT,SELL,LIMIT,1701997679732,1025.3,0.2340
ONTUSDT,SELL,LIMIT,1702019143318,12995.9,0.2341
ONTUSDT,SELL,LIMIT,1702020520591,419.2,0.2327
ONTUSDT,SELL,LIMIT,1702020639524,1058.3,0.2322
ONTUSDT,BUY,LIMIT,1702033108401,400.0,0.2406
ONTUSDT,SELL,LIMIT,1702044448121,490.5,0.2337
ONTUSDT,BUY,LIMIT,1702049721684,4961.1,0.2429
ONTUSDT,BUY,LIMIT,1702051501763,219.4,0.2428
ONTUSDT,BUY,LIMIT,1702053568301,4031.2,0.2449
ONTUSDT,BUY,LIMIT,1702064195893,159.4,0.2452
ONTUSDT,BUY,LIMIT,1702067590378,8629.0,0.2462
ONTUSDT,BUY,LIMIT,1702069371339,203.0,0.2466
ONTUSDT,BUY,LIMIT,1702078924759,4258.3,0.2468
ONTUSDT,SELL,LIMIT,1702081511352,2161.7,0.2398
ONTUSDT,BUY,LIMIT,1702081558377,560.4,0.2471
ONTUSDT,BUY,LIMIT,1702082887374,646.5,0.2472
ONTUSDT,BUY,LIMIT,1702083801603,205.9,0.2472
ONTUSDT,BUY,LIMIT,1702085555501,67.6,0.2458
ONTUSDT,SELL,LIMIT,1702087811010,3819.0,0.2413
ONTUSDT,BUY,LIMIT,1702091266960,479.1,0.2479
ONTUSDT,BUY,LIMIT,1702092204008,629.0,0.2487
ONTUSDT,BUY,LIMIT,1702092852348,3980.4,0.2492
ONTUSDT,BUY,LIMIT,1702096311160,645.7,0.2502
ONTUSDT,BUY,LIMIT,1702097468352,210.5,0.2504
ONTUSDT,BUY,LIMIT,1702102809508,1222.4,0.2504
ONTUSDT,BUY,LIMIT,1702103197638,210.2,0.2504
ONTUSDT,BUY,LIMIT,1702103376622,210.2,0.2504
ONTUSDT,BUY,LIMIT,1702103528937,1753.9,0.2505
ONTUSDT,BUY,LIMIT,1702103750930,590.0,0.2503
ONTUSDT,SELL,LIMIT,1702108074303,206.7,0.2444
ONTUSDT,BUY,LIMIT,1702110076250,4370.0,0.2516
ONTUSDT,BUY,LIMIT,1702110088971,1051.7,0.2516
ONTUSDT,BUY,LIMIT,1702110118923,772.4,0.2518
ONTUSDT,SELL,LIMIT,1702110879980,4342.6,0.2425
ONTUSDT,SELL,LIMIT,1702110972234,538.8,0.2414
ONTUSDT,SELL,LIMIT,1702110974289,10166.7,0.2412
ONTUSDT,SELL,LIMIT,1702111035735,186.7,0.2392
ONTUSDT,SELL,LIMIT,1702111044209,21365.9,0.2383
ONTUSDT,SELL,LIMIT,1702111045732,20161.2,0.2382
ONTUSDT,SELL,LIMIT,1702111201156,12010.7,0.2383
ONTUSDT,BUY,LIMIT,1702114190346,4087.0,0.2506
ONTUSDT,BUY,LIMIT,1702123744061,159.2,0.2497
ONTUSDT,BUY,LIMIT,1702131627750,75.3,0.2535
ONTUSDT,BUY,LIMIT,1702131793156,2633.9,0.2539
ONTUSDT,SELL,LIMIT,1702132994374,141.6,0.2430
ONTUSDT,SELL,LIMIT,1702133345268,8592.4,0.2422
ONTUSDT,SELL,LIMIT,1702134526040,3062.4,0.2409
ONTUSDT,SELL,LIMIT,1702134895302,9975.0,0.2411
ONTUSDT,SELL,LIMIT,1702141847426,2689.8,0.2406
ONTUSDT,SELL,LIMIT,1702152889908,1358.5,0.2421
ONTUSDT,SELL,LIMIT,1702160382685,555.4,0.2427
ONTUSDT,BUY,LIMIT,1702164209979,460.6,0.2510
ONTUSDT,BUY,LIMIT,1702164749081,469.6,0.2497
ONTUSDT,SELL,LIMIT,1702164750482,20.3,0.2426
ONTUSDT,SELL,LIMIT,1702164799145,4261.9,0.2411
ONTUSDT,SELL,LIMIT,1702164800987,249.6,0.2411
ONTUSDT,SELL,LIMIT,1702164805493,210.9,0.2407
ONTUSDT,SELL,LIMIT,1702164808076,302.2,0.2405
ONTUSDT,SELL,LIMIT,1702193815541,495.0,0.2427
ONTUSDT,SELL,LIMIT,1702200109069,48.9,0.2412
ONTUSDT,SELL,LIMIT,1702200255228,18548.2,0.2409
ONTUSDT,SELL,LIMIT,1702200780378,26.7,0.2391
ONTUSDT,SELL,LIMIT,1702201342282,151.0,0.2384
ONTUSDT,SELL,LIMIT,1702201409901,1827.5,0.2380
ONTUSDT,SELL,LIMIT,1702202056436,2284.0,0.2376
ONTUSDT,SELL,LIMIT,1702202095436,321.7,0.2373
ONTUSDT,SELL,LIMIT,1702202151029,7358.3,0.2370
ONTUSDT,SELL,LIMIT,1702202267739,205.4,0.2368
ONTUSDT,SELL,LIMIT,1702202270073,63.0,0.2366
ONTUSDT,SELL,LIMIT,1702202289665,472.6,0.2366
ONTUSDT,SELL,LIMIT,1702202298306,128.2,0.2363
ONTUSDT,SELL,LIMIT,1702202315709,1101.1,0.2363
ONTUSDT,SELL,LIMIT,1702202318311,735.8,0.2363
ONTUSDT,SELL,LIMIT,1702202321146,862.2,0.2361
ONTUSDT,SELL,LIMIT,1702202323300,1103.7,0.2361
ONTUSDT,SELL,LIMIT,1702202324561,1839.5,0.2360
ONTUSDT,SELL,LIMIT,1702202373893,3679.1,0.2357
ONTUSDT,SELL,LIMIT,1702202380131,735.8,0.2357
ONTUSDT,SELL,LIMIT,1702202387136,20.9,0.2547
ONTUSDT,SELL,LIMIT,1702202393144,4069.1,0.2356
ONTUSDT,SELL,LIMIT,1702202520307,89.9,0.2355
ONTUSDT,BUY,LIMIT,1702208367616,3713.6,0.2491
ONTUSDT,BUY,LIMIT,1702210866128,4531.1,0.2500
ONTUSDT,BUY,LIMIT,1702225924126,377.9,0.2524
ONTUSDT,BUY,LIMIT,1702229074424,1903.7,0.2537
ONTUSDT,BUY,LIMIT,1702231022726,401.6,0.2538
ONTUSDT,BUY,LIMIT,1702231280297,30.6,0.2542
ONTUSDT,BUY,LIMIT,1702231953140,30.0,0.2551
ONTUSDT,BUY,LIMIT,1702232094307,21.4,0.2556
ONTUSDT,BUY,LIMIT,1702232809960,674.8,0.2565
ONTUSDT,BUY,LIMIT,1702232826772,34.1,0.2572
ONTUSDT,BUY,LIMIT,1702232871483,2041.4,0.2578
ONTUSDT,BUY,LIMIT,1702232945973,68.2,0.2582
ONTUSDT,BUY,LIMIT,1702232950157,25.6,0.2584
ONTUSDT,BUY,LIMIT,1702233623116,1550.9,0.2590
ONTUSDT,BUY,LIMIT,1702233630229,1442.6,0.2592
ONTUSDT,BUY,LIMIT,1702233646156,210.3,0.2593
ONTUSDT,BUY,LIMIT,1702233652614,838.5,0.2594
ONTUSDT,BUY,LIMIT,1702234592171,152.7,0.2598
ONTUSDT,SELL,LIMIT,1702234816789,6557.7,0.2511
ONTUSDT,SELL,LIMIT,1702234829373,8413.9,0.2507
ONTUSDT,SELL,LIMIT,1702235322831,133.3,0.2506
ONTUSDT,SELL,LIMIT,1702235621530,251.8,0.2494
ONTUSDT,SELL,LIMIT,1702235727640,80.8,0.2495
ONTUSDT,SELL,LIMIT,1702236635684,26.0,0.2481
ONTUSDT,SELL,LIMIT,1702236925378,710.0,0.2476
ONTUSDT,SELL,LIMIT,1702237320120,173.5,0.2474
ONTUSDT,BUY,LIMIT,1702238393159,60.2,0.2559
ONTUSDT,BUY,LIMIT,1702240370181,598.2,0.2560
ONTUSDT,BUY,LIMIT,1702240749816,183.7,0.2567
ONTUSDT,SELL,LIMIT,1702250230755,1475.2,0.2469
ONTUSDT,SELL,LIMIT,1702250253974,644.6,0.2463
ONTUSDT,SELL,LIMIT,1702253671414,23.7,0.2466
ONTUSDT,BUY,LIMIT,1702254116243,100.0,0.2539
ONTUSDT,SELL,LIMIT,1702255433727,2109.8,0.2456
ONTUSDT,SELL,LIMIT,1702255581856,376.4,0.2453
ONTUSDT,SELL,LIMIT,1702255582882,9645.9,0.2452
ONTUSDT,SELL,LIMIT,1702256450020,3000.0,0.2439
ONTUSDT,SELL,LIMIT,1702256491672,4885.1,0.2436
ONTUSDT,SELL,LIMIT,1702256501756,25.0,0.2433
ONTUSDT,SELL,LIMIT,1702256503520,82.6,0.2432
ONTUSDT,SELL,LIMIT,1702256579575,344.9,0.2430
ONTUSDT,SELL,LIMIT,1702256582131,27623.9,0.2427
ONTUSDT,SELL,LIMIT,1702256583290,762.5,0.2429
ONTUSDT,SELL,LIMIT,1702256584374,650.7,0.2428
ONTUSDT,SELL,LIMIT,1702256585425,290.8,0.2428
ONTUSDT,SELL,LIMIT,1702256614561,481.8,0.2423
ONTUSDT,SELL,LIMIT,1702256620301,393.8,0.2422
ONTUSDT,SELL,LIMIT,1702256624502,1017.2,0.2422
ONTUSDT,SELL,LIMIT,1702256663907,6657.2,0.2420
ONTUSDT,SELL,LIMIT,1702256716811,764.5,0.2418
ONTUSDT,SELL,LIMIT,1702256726195,39.4,0.2416
ONTUSDT,SELL,LIMIT,1702256890588,284.6,0.2413
ONTUSDT,SELL,LIMIT,1702256907816,4920.8,0.2412
ONTUSDT,SELL,LIMIT,1702256914694,855.5,0.3221
ONTUSDT,SELL,LIMIT,1702256916501,3758.2,0.2406
ONTUSDT,SELL,LIMIT,1702256918253,43.4,0.2405
ONTUSDT,SELL,LIMIT,1702256922011,5765.2,0.2404
ONTUSDT,SELL,LIMIT,1702256980960,30.8,0.2401
ONTUSDT,SELL,LIMIT,1702256985571,2121.0,0.2400
ONTUSDT,SELL,LIMIT,1702256996664,45.9,0.2398
ONTUSDT,SELL,LIMIT,1702257012795,150.4,0.2399
ONTUSDT,BUY,LIMIT,1702257230805,7968.2,0.2488
ONTUSDT,SELL,LIMIT,1702260181531,202.4,0.2421
ONTUSDT,SELL,LIMIT,1702260322454,2001.0,0.2407
ONTUSDT,SELL,LIMIT,1702260429603,1745.6,0.2397
ONTUSDT,SELL,LIMIT,1702260433984,39.9,0.2395
ONTUSDT,SELL,LIMIT,1702260435454,3573.9,0.2394
ONTUSDT,SELL,LIMIT,1702260436557,568.0,0.2393
ONTUSDT,SELL,LIMIT,1702260437604,316.3,0.2390
ONTUSDT,SELL,LIMIT,1702260439934,25.1,0.2389
ONTUSDT,SELL,LIMIT,1702260483331,30.7,0.2387
ONTUSDT,SELL,LIMIT,1702260608096,1388.5,0.2384
ONTUSDT,SELL,LIMIT,1702260619857,207.7,0.2380
ONTUSDT,SELL,LIMIT,1702260621428,463.3,0.2378
ONTUSDT,SELL,LIMIT,1702260624350,23047.7,0.2375
ONTUSDT,SELL,LIMIT,1702260627922,786.7,0.2376
ONTUSDT,SELL,LIMIT,1702260631708,142.1,0.2371
ONTUSDT,SELL,LIMIT,1702260633259,58.6,0.2370
ONTUSDT,SELL,LIMIT,1702260637511,1192.8,0.2367
ONTUSDT,SELL,LIMIT,1702260693150,46.7,0.2363
ONTUSDT,SELL,LIMIT,1702260694219,1246.1,0.2364
ONTUSDT,SELL,LIMIT,1702260695302,5235.0,0.2360
ONTUSDT,SELL,LIMIT,1702260699673,607.7,0.2359
ONTUSDT,SELL,LIMIT,1702260700890,110651.9,0.2338
ONTUSDT,SELL,LIMIT,1702260707316,2288.9,0.2359
ONTUSDT,SELL,LIMIT,1702260708369,5144.2,0.2356
ONTUSDT,SELL,LIMIT,1702260710288,23.8,0.2352
ONTUSDT,BUY,LIMIT,1702260711572,209.4,0.2424
ONTUSDT,SELL,LIMIT,1702260713133,1657.6,0.2353
ONTUSDT,SELL,LIMIT,1702260714987,1448.6,0.2350
ONTUSDT,SELL,LIMIT,1702260716805,28.6,0.2348
ONTUSDT,SELL,LIMIT,1702260717988,2074.5,0.2345
ONTUSDT,SELL,LIMIT,1702260719923,20.3,0.2344
ONTUSDT,SELL,LIMIT,1702260721531,791.8,0.2342
ONTUSDT,SELL,LIMIT,1702260722920,24446.4,0.2337
ONTUSDT,SELL,LIMIT,1702260724132,1878.2,0.2340
ONTUSDT,SELL,LIMIT,1702260726331,8845.6,0.2335
ONTUSDT,SELL,LIMIT,1702260727903,1756.4,0.2334
ONTUSDT,SELL,LIMIT,1702260729807,8112.2,0.2330
ONTUSDT,SELL,LIMIT,1702260730835,19304.0,0.2321
ONTUSDT,SELL,LIMIT,1702260731842,1242.0,0.2321
ONTUSDT,SELL,LIMIT,1702260733572,102.8,0.2318
ONTUSDT,SELL,LIMIT,1702260736554,2821.5,0.2343
ONTUSDT,SELL,LIMIT,1702260737691,25531.2,0.2312
ONTUSDT,SELL,LIMIT,1702260738709,2063.5,0.2307
ONTUSDT,SELL,LIMIT,1702260739728,8915.8,0.2311
ONTUSDT,SELL,LIMIT,1702260740913,36.5,0.2308
ONTUSDT,SELL,LIMIT,1702260742639,172.0,0.2307
ONTUSDT,SELL,LIMIT,1702260744046,97087.3,0.2285
ONTUSDT,SELL,LIMIT,1702260745626,387.3,0.2298
ONTUSDT,SELL,LIMIT,1702260746734,60.2,0.2298
ONTUSDT,SELL,LIMIT,1702260747908,500.0,0.2296
ONTUSDT,BUY,LIMIT,1702260749479,459.4,0.2287
ONTUSDT,SELL,LIMIT,1702260751267,335.6,0.2296
ONTUSDT,SELL,LIMIT,1702260752408,1606.4,0.2294
ONTUSDT,SELL,LIMIT,1702260753444,2.1,0.2294
ONTUSDT,SELL,LIMIT,1702260754474,1171.8,0.2291
ONTUSDT,SELL,LIMIT,1702260755725,6167.4,0.2293
ONTUSDT,SELL,LIMIT,1702260756974,1340.2,0.2289
ONTUSDT,SELL,LIMIT,1702260757998,2014.5,0.2289
ONTUSDT,SELL,LIMIT,1702260759393,280.5,0.2288
ONTUSDT,SELL,LIMIT,1702260760456,20.2,0.2281
ONTUSDT,SELL,LIMIT,1702260761806,247.3,0.2281
ONTUSDT,SELL,LIMIT,1702260762862,155.8,0.2275
ONTUSDT,SELL,LIMIT,1702260763929,467.1,0.2278
ONTUSDT,SELL,LIMIT,1702260764956,33.4,0.2271
ONTUSDT,SELL,LIMIT,1702260766081,9158.5,0.2275
ONTUSDT,SELL,LIMIT,1702260767152,20.2,0.2266
ONTUSDT,SELL,LIMIT,1702260768366,238.0,0.2266
ONTUSDT,SELL,LIMIT,1702260769592,591.1,0.2244
ONTUSDT,SELL,LIMIT,1702260770833,1230.0,0.2252
ONTUSDT,SELL,LIMIT,1702260771838,17034.3,0.2239
ONTUSDT,SELL,LIMIT,1702260772936,43.5,0.2234
ONTUSDT,SELL,LIMIT,1702260774337,12642.3,0.2226
ONTUSDT,SELL,LIMIT,1702260775418,29054.8,0.2166
ONTUSDT,SELL,LIMIT,1702260776426,63.6,0.2175
ONTUSDT,SELL,LIMIT,1702260777456,308.7,0.2161
ONTUSDT,SELL,LIMIT,1702260778651,1638.4,0.2169
ONTUSDT,SELL,LIMIT,1702260779717,17578.8,0.2158
ONTUSDT,SELL,LIMIT,1702260781375,14000.0,0.2141
ONTUSDT,SELL,LIMIT,1702260782834,100.0,0.2161
ONTUSDT,SELL,LIMIT,1702260783994,851.1,0.2122
ONTUSDT,SELL,LIMIT,1702260785077,1870.0,0.2119
ONTUSDT,SELL,LIMIT,1702260786293,196.6,0.2119
ONTUSDT,SELL,LIMIT,1702260787433,269.4,0.2100
ONTUSDT,SELL,LIMIT,1702260788466,150.0,0.2112
ONTUSDT,SELL,LIMIT,1702260789541,99.8,0.2111
ONTUSDT,SELL,LIMIT,1702260790701,2356.6,0.2124
ONTUSDT,SELL,LIMIT,1702260792849,686.7,0.2138
ONTUSDT,SELL,LIMIT,1702260794042,1017.3,0.2105
ONTUSDT,SELL,LIMIT,1702260796459,4686.7,0.2094
ONTUSDT,SELL,LIMIT,1702260797535,6082.7,0.2101
ONTUSDT,SELL,LIMIT,1702260799277,1344.3,0.2098
ONTUSDT,SELL,LIMIT,1702260800424,3536.3,0.2085
ONTUSDT,SELL,LIMIT,1702260801525,100668.6,0.2053
ONTUSDT,SELL,LIMIT,1702260803533,95723.0,0.2037
ONTUSDT,SELL,LIMIT,1702260804729,313.1,0.2054
ONTUSDT,SELL,LIMIT,1702260807380,1.0,0.2055
ONTUSDT,SELL,LIMIT,1702260808383,26.4,0.2051
ONTUSDT,SELL,LIMIT,1702260810565,1987.9,0.2082
ONTUSDT,SELL,LIMIT,1702260812011,3154.5,0.2067
ONTUSDT,SELL,LIMIT,1702260813264,583.3,0.2058
ONTUSDT,SELL,LIMIT,1702260816241,8826.1,0.2066
ONTUSDT,SELL,LIMIT,1702260818421,1020.3,0.2083
ONTUSDT,SELL,LIMIT,1702260820575,2172.0,0.2072
ONTUSDT,BUY,LIMIT,1702260874336,100.0,0.2237
ONTUSDT,SELL,LIMIT,1702261550327,9587.9,0.2230
ONTUSDT,SELL,LIMIT,1702265724235,19.7,0.2277
ONTUSDT,SELL,LIMIT,1702266101500,19.7,0.2294
ONTUSDT,SELL,LIMIT,1702267242609,50.6,0.2267
ONTUSDT,BUY,LIMIT,1702267493394,22.0,0.2343
