Symbol,Side,Order Type,Time,Quantity,Price
ONTUSDT,BUY,LIMIT,1701065635309,24.6,0.2195
ONTUSDT,BUY,LIMIT,1701065714520,3252.7,0.2196
ONTUSDT,SELL,LIMIT,1701069555410,3615.4,0.2106
ONTUSDT,SELL,LIMIT,1701069831936,383.9,0.2094
ONTUSDT,SELL,LIMIT,1701069882805,63.0,0.2092
ONTUSDT,SELL,LIMIT,1701069899792,752.1,0.2088
ONTUSDT,SELL,LIMIT,1701069915904,9111.6,0.2087
ONTUSDT,SELL,LIMIT,1701075198275,1673.4,0.2107
ONTUSDT,SELL,LIMIT,1701081209057,93.1,0.2102
ONTUSDT,SELL,LIMIT,1701081328664,23.2,0.2101
ONTUSDT,SELL,LIMIT,1701081427899,30.0,0.2100
ONTUSDT,SELL,LIMIT,1701081580315,380.9,0.2106
ONTUSDT,BUY,LIMIT,1701082236328,5233.2,0.2228
ONTUSDT,BUY,LIMIT,1701082272973,184.1,0.2240
ONTUSDT,BUY,LIMIT,1701082276722,57.0,0.2249
ONTUSDT,BUY,LIMIT,1701082355821,977.6,0.2257
ONTUSDT,BUY,LIMIT,1701082371297,157.9,0.2273
ONTUSDT,BUY,LIMIT,1701082391620,1123.6,0.2289
ONTUSDT,SELL,LIMIT,1701082421656,5558.0,0.2203
ONTUSDT,SELL,LIMIT,1701082423377,21158.1,0.2200
ONTUSDT,SELL,LIMIT,1701082424863,1069.0,0.2198
ONTUSDT,BUY,LIMIT,1701082531972,23.5,0.2292
ONTUSDT,BUY,LIMIT,1701082556390,156.1,0.2301
ONTUSDT,BUY,LIMIT,1701082578570,1160.6,0.2316
ONTUSDT,BUY,LIMIT,1701082579732,5206.4,0.2320
ONTUSDT,SELL,LIMIT,1701082604208,1210.0,0.2236
ONTUSDT,SELL,LIMIT,1701082632021,4617.4,0.2220
ONTUSDT,SELL,LIMIT,1701082634853,5676.1,0.2215
ONTUSDT,SELL,LIMIT,1701082649800,537.4,0.2198
ONTUSDT,BUY,LIMIT,1701082669413,449.8,0.2269
ONTUSDT,BUY,LIMIT,1701082741272,223.3,0.2282
ONTUSDT,BUY,LIMIT,1701082770335,889.2,0.2296
ONTUSDT,BUY,LIMIT,1701082823119,1085.6,0.2303
ONTUSDT,SELL,LIMIT,1701083069116,373.5,0.2203
ONTUSDT,SELL,LIMIT,1701083139061,658.0,0.2202
ONTUSDT,SELL,LIMIT,1701083205906,133.7,0.2199
ONTUSDT,BUY,LIMIT,1701083438060,23.7,0.2279
ONTUSDT,SELL,LIMIT,1701083745529,9847.9,0.2191
ONTUSDT,SELL,LIMIT,1701083758277,223.2,0.2188
ONTUSDT,SELL,LIMIT,1701083766840,5230.3,0.2179
ONTUSDT,SELL,LIMIT,1701084287072,868.0,0.2186
ONTUSDT,SELL,LIMIT,1701084289172,6641.9,0.2183
ONTUSDT,SELL,LIMIT,1701084658761,12323.7,0.2181
ONTUSDT,BUY,LIMIT,1701084758460,3246.2,0.2268
ONTUSDT,SELL,LIMIT,1701085198713,1163.4,0.2195
ONTUSDT,BUY,LIMIT,1701085472382,11496.5,0.2286
ONTUSDT,SELL,LIMIT,1701086718327,9714.3,0.2194
ONTUSDT,SELL,LIMIT,1701087059816,2442.1,0.2191
ONTUSDT,SELL,LIMIT,1701087065561,11140.2,0.2188
ONTUSDT,SELL,LIMIT,1701087277983,1605.8,0.2185
ONTUSDT,BUY,LIMIT,1701088121096,1563.4,0.2245
ONTUSDT,SELL,LIMIT,1701090268126,392.8,0.2165
ONTUSDT,SELL,LIMIT,1701090971311,2688.6,0.2149
ONTUSDT,SELL,LIMIT,1701092616167,85.6,0.2143
ONTUSDT,SELL,LIMIT,1701092626539,9562.9,0.2143
ONTUSDT,SELL,LIMIT,1701092628257,1133.8,0.2142
ONTUSDT,SELL,LIMIT,1701092670496,4524.3,0.2135
ONTUSDT,SELL,LIMIT,1701092678631,21359.7,0.2133
ONTUSDT,SELL,LIMIT,1701092688910,8296.3,0.2132
ONTUSDT,SELL,LIMIT,1701093114269,446.2,0.2136
ONTUSDT,SELL,LIMIT,1701094229450,26664.9,0.2126
ONTUSDT,BUY,LIMIT,1701095398308,1157.0,0.2228
ONTUSDT,SELL,LIMIT,1701095552935,1567.5,0.2142
ONTUSDT,SELL,LIMIT,1701096602113,22000.0,0.2125
ONTUSDT,SELL,LIMIT,1701096606767,851.2,0.2123
ONTUSDT,SELL,LIMIT,1701096734036,15212.7,0.2120
ONTUSDT,SELL,LIMIT,1701096945040,3587.4,0.2118
ONTUSDT,BUY,LIMIT,1701097438002,2919.1,0.2192
ONTUSDT,SELL,LIMIT,1701100511584,459.3,0.2126
ONTUSDT,SELL,LIMIT,1701100571114,4788.1,0.2118
ONTUSDT,SELL,LIMIT,1701100815721,2278.9,0.2112
ONTUSDT,SELL,LIMIT,1701102344034,23051.2,0.2117
ONTUSDT,SELL,LIMIT,1701102345708,747.9,0.2117
ONTUSDT,SELL,LIMIT,1701103041871,2525.3,0.2111
ONTUSDT,SELL,LIMIT,1701103065281,1247.6,0.2111
ONTUSDT,SELL,LIMIT,1701107427781,195.1,0.2103
ONTUSDT,SELL,LIMIT,1701107433585,150.0,0.2101
ONTUSDT,SELL,LIMIT,1701111634409,9202.7,0.2082
ONTUSDT,SELL,LIMIT,1701112120201,42.0,0.2078
ONTUSDT,SELL,LIMIT,1701112176343,9973.6,0.2078
ONTUSDT,BUY,LIMIT,1701113524260,1170.5,0.2149
ONTUSDT,SELL,LIMIT,1701114233438,2000.0,0.2077
ONTUSDT,SELL,LIMIT,1701114238755,14667.3,0.2076
ONTUSDT,SELL,LIMIT,1701114352848,107.7,0.2067
ONTUSDT,SELL,LIMIT,1701114471426,2429.1,0.2068
ONTUSDT,SELL,LIMIT,1701114479141,717.4,0.2066
ONTUSDT,SELL,LIMIT,1701114498583,289.9,0.2064
ONTUSDT,SELL,LIMIT,1701114503824,31.0,0.2065
ONTUSDT,SELL,LIMIT,1701117352046,327.8,0.2061
ONTUSDT,BUY,LIMIT,1701135631423,168.8,0.2221
ONTUSDT,BUY,LIMIT,1701135946184,6843.0,0.2238
ONTUSDT,BUY,LIMIT,1701136236235,1190.0,0.2246
ONTUSDT,SELL,LIMIT,1701137980396,30.4,0.2188
ONTUSDT,BUY,LIMIT,1701139342424,3328.6,0.2246
ONTUSDT,SELL,LIMIT,1701141246325,508.2,0.2159
ONTUSDT,BUY,LIMIT,1701143483159,1111.6,0.2238
ONTUSDT,SELL,LIMIT,1701147155982,911.5,0.2151
ONTUSDT,SELL,LIMIT,1701148054064,72.5,0.2133
ONTUSDT,SELL,LIMIT,1701148072124,1537.9,0.2130
ONTUSDT,SELL,LIMIT,1701148140453,2447.5,0.2115
ONTUSDT,SELL,LIMIT,1701148757223,289.5,0.2108
ONTUSDT,SELL,LIMIT,1701148758574,15598.3,0.2107
ONTUSDT,SELL,LIMIT,1701149890661,278.4,0.2098
ONTUSDT,SELL,LIMIT,1701151263535,2007.4,0.2095
ONTUSDT,SELL,LIMIT,1701154937637,386.0,0.2108
ONTUSDT,SELL,LIMIT,1701156269916,397.5,0.2096
ONTUSDT,SELL,LIMIT,1701156343932,210.9,0.2093
ONTUSDT,SELL,LIMIT,1701156360355,1013.7,0.2091
ONTUSDT,SELL,LIMIT,1701156539156,772.8,0.2088
ONTUSDT,BUY,LIMIT,1701167684081,283.5,0.2221
ONTUSDT,BUY,LIMIT,1701168652026,230.7,0.2224
ONTUSDT,SELL,LIMIT,1701173077255,2459.4,0.2136
ONTUSDT,BUY,LIMIT,1701189646338,142.9,0.2207
ONTUSDT,BUY,LIMIT,1701189813864,2594.9,0.2213
ONTUSDT,BUY,LIMIT,1701192012627,29.2,0.2229
ONTUSDT,BUY,LIMIT,1701195617171,28.6,0.2232
ONTUSDT,SELL,LIMIT,1701197536703,1929.9,0.2158
ONTUSDT,SELL,LIMIT,1701197590386,480.6,0.2157
ONTUSDT,BUY,LIMIT,1701198775983,468.8,0.2236
ONTUSDT,BUY,LIMIT,1701200477032,4684.8,0.2241
ONTUSDT,BUY,LIMIT,1701200598191,4942.7,0.2245
ONTUSDT,BUY,LIMIT,1701201248259,89812.1,0.2262
ONTUSDT,BUY,LIMIT,1701204404637,22.7,0.2253
ONTUSDT,SELL,LIMIT,1701207133195,4339.9,0.2172
ONTUSDT,SELL,LIMIT,1701223489553,2062.6,0.2166
ONTUSDT,BUY,LIMIT,1701227696966,3628.1,0.2255
ONTUSDT,BUY,LIMIT,1701227850063,220.2,0.2265
ONTUSDT,SELL,LIMIT,1701231520474,3734.7,0.2173
ONTUSDT,BUY,LIMIT,1701247576633,239.5,0.2243
ONTUSDT,SELL,LIMIT,1701250261139,124.6,0.2164
ONTUSDT,SELL,LIMIT,1701254417434,456.2,0.2145
ONTUSDT,SELL,LIMIT,1701262815503,2242.3,0.2172
ONTUSDT,SELL,LIMIT,1701267726032,22533.0,0.2175
ONTUSDT,SELL,LIMIT,1701267807804,631.0,0.2172
ONTUSDT,SELL,LIMIT,1701270451932,91.3,0.2178
ONTUSDT,SELL,LIMIT,1701270618238,90.0,0.2168
ONTUSDT,SELL,LIMIT,1701270742674,44.6,0.2163
ONTUSDT,SELL,LIMIT,1701288287798,56.8,0.2192
ONTUSDT,BUY,LIMIT,1701288951237,7574.9,0.2266
ONTUSDT,BUY,LIMIT,1701297766268,24.2,0.2278
ONTUSDT,BUY,LIMIT,1701301651992,49.6,0.2293
ONTUSDT,BUY,LIMIT,1701302344909,920.5,0.2300
ONTUSDT,BUY,LIMIT,1701304338480,1772.9,0.2286
ONTUSDT,SELL,LIMIT,1701304636093,1424.9,0.2210
ONTUSDT,SELL,LIMIT,1701305116251,665.9,0.2206
ONTUSDT,SELL,LIMIT,1701325879236,6142.3,0.2206
ONTUSDT,SELL,LIMIT,1701331629678,6968.4,0.2190
ONTUSDT,SELL,LIMIT,1701331657114,44.7,0.2189
ONTUSDT,SELL,LIMIT,1701331872433,1271.7,0.2184
ONTUSDT,SELL,LIMIT,1701333566138,1058.6,0.2174
ONTUSDT,SELL,LIMIT,1701349704268,2154.4,0.2179
ONTUSDT,SELL,LIMIT,1701352509295,1147.1,0.2173
