Symbol,Side,Order Type,Time,Quantity,Price
OPUSDT,BUY,LIMIT,1701066214057,10.0,1.7859300
OPUSDT,SELL,LIMIT,1701068113793,1952.4,1.7458392
OPUSDT,SELL,LIMIT,1701068146285,200.1,1.7439731
OPUSDT,SELL,LIMIT,1701068148945,106.8,1.7439731
OPUSDT,SELL,LIMIT,1701068162286,194.1,1.7422747
OPUSDT,SELL,LIMIT,1701068163920,92.3,1.7417209
OPUSDT,SELL,LIMIT,1701068196140,27.7,1.7413147
OPUSDT,SELL,LIMIT,1701068295486,10.5,1.7402927
OPUSDT,SELL,LIMIT,1701069389651,5.5,1.7403762
OPUSDT,SELL,LIMIT,1701069490903,76.4,1.7367092
OPUSDT,SELL,LIMIT,1701069492380,220.2,1.7353247
OPUSDT,SELL,LIMIT,1701069515071,500.0,1.7403213
OPUSDT,SELL,LIMIT,1701069527220,25.8,1.7334539
OPUSDT,SELL,LIMIT,1701069536245,10815.5,1.7273202
OPUSDT,SELL,LIMIT,1701069548063,222.8,1.7329877
OPUSDT,SELL,LIMIT,1701069565126,684.0,1.7319855
OPUSDT,SELL,LIMIT,1701069633633,38.6,1.7304258
OPUSDT,SELL,LIMIT,1701069635185,100.0,1.7295729
OPUSDT,SELL,LIMIT,1701069637974,484.1,1.7289637
OPUSDT,SELL,LIMIT,1701069803165,1612.2,1.7293931
OPUSDT,SELL,LIMIT,1701069826413,629.4,1.7281141
OPUSDT,SELL,LIMIT,1701069830465,2854.5,1.7280579
OPUSDT,SELL,LIMIT,1701069849604,26.5,1.7279229
OPUSDT,SELL,LIMIT,1701069856877,10.0,1.7276827
OPUSDT,SELL,LIMIT,1701069876181,204.9,1.7266723
OPUSDT,SELL,LIMIT,1701069877646,19684.1,1.7203321
OPUSDT,SELL,LIMIT,1701069878933,594.0,1.7258442
OPUSDT,SELL,LIMIT,1701069880007,1549.6,1.7249807
OPUSDT,SELL,LIMIT,1701069881691,280.4,1.7235302
OPUSDT,SELL,LIMIT,1701069883598,147315.2,1.6952255
OPUSDT,SELL,LIMIT,1701069884673,59.7,1.7222432
OPUSDT,SELL,LIMIT,1701069888476,254.8,1.7203159
OPUSDT,SELL,LIMIT,1701069894730,67.6,1.7192415
OPUSDT,SELL,LIMIT,1701069898560,10.0,1.7218015
OPUSDT,SELL,LIMIT,1701069900115,2737.4,1.7184778
OPUSDT,SELL,LIMIT,1701069901125,1323.5,1.7181565
OPUSDT,SELL,LIMIT,1701070062046,636.9,1.7173707
OPUSDT,SELL,LIMIT,1701070063151,14.2,1.7162271
OPUSDT,SELL,LIMIT,1701070169209,20.7,1.7145435
OPUSDT,SELL,LIMIT,1701070172109,301.2,1.7131700
OPUSDT,SELL,LIMIT,1701070426065,2819.2,1.7123865
OPUSDT,SELL,LIMIT,1701070428830,116.0,1.7121175
OPUSDT,SELL,LIMIT,1701070435972,18.1,1.7115357
OPUSDT,SELL,LIMIT,1701070437648,1569.9,1.7108675
OPUSDT,SELL,LIMIT,1701070438879,28.1,1.7166520
OPUSDT,SELL,LIMIT,1701070439957,1103.3,1.7091751
OPUSDT,SELL,LIMIT,1701070441767,112.9,1.7088647
OPUSDT,BUY,LIMIT,1701076474950,215.1,1.7610887
OPUSDT,SELL,LIMIT,1701077399082,9.8,1.7322658
OPUSDT,SELL,LIMIT,1701080765676,685.8,1.7158437
OPUSDT,SELL,LIMIT,1701081329314,93.3,1.7110589
OPUSDT,BUY,LIMIT,1701081410226,9.2,1.7320219
OPUSDT,SELL,LIMIT,1701081436541,258.6,1.7103555
OPUSDT,SELL,LIMIT,1701081447061,563.9,1.7088356
OPUSDT,SELL,LIMIT,1701081449107,486.3,1.7085566
OPUSDT,SELL,LIMIT,1701081450270,164.9,1.7085856
OPUSDT,SELL,LIMIT,1701081452471,76.8,1.7074783
OPUSDT,SELL,LIMIT,1701081453493,190.4,1.7069842
OPUSDT,SELL,LIMIT,1701082118148,30.9,1.7118964
OPUSDT,SELL,LIMIT,1701082123508,7.6,1.7051297
OPUSDT,SELL,LIMIT,1701082126369,16.7,1.7047173
OPUSDT,SELL,LIMIT,1701082127449,90.7,1.7043682
OPUSDT,SELL,LIMIT,1701082654803,236.8,1.7037619
OPUSDT,SELL,LIMIT,1701082671990,2837.6,1.7025462
OPUSDT,SELL,LIMIT,1701082673426,2532.3,1.7023346
OPUSDT,SELL,LIMIT,1701082674882,1710.6,1.7018866
OPUSDT,SELL,LIMIT,1701082692469,45.1,1.7020263
OPUSDT,SELL,LIMIT,1701082700411,4363.4,1.6997206
OPUSDT,SELL,LIMIT,1701082704797,341.9,1.7014667
OPUSDT,SELL,LIMIT,1701082706929,156.6,1.7010654
OPUSDT,SELL,LIMIT,1701082726341,240.0,1.7014266
OPUSDT,SELL,LIMIT,1701084760538,305.1,1.7027036
OPUSDT,SELL,LIMIT,1701084930343,111.8,1.6999063
OPUSDT,SELL,LIMIT,1701084932076,451.9,1.6977261
OPUSDT,SELL,LIMIT,1701089964679,15.0,1.6976087
OPUSDT,SELL,LIMIT,1701089984622,123.6,1.6966406
OPUSDT,SELL,LIMIT,1701090012883,7.5,1.6963687
OPUSDT,SELL,LIMIT,1701090033285,55.0,1.6954659
OPUSDT,SELL,LIMIT,1701090035208,25.1,1.6953594
OPUSDT,SELL,LIMIT,1701091164348,305.3,1.6950927
OPUSDT,SELL,LIMIT,1701093136394,196.7,1.6943533
OPUSDT,SELL,LIMIT,1701093137280,200.0,1.6948976
OPUSDT,BUY,LIMIT,1701094624438,150.0,1.7268106
OPUSDT,SELL,LIMIT,1701095597233,186.0,1.6982926
OPUSDT,SELL,LIMIT,1701097044148,508.2,1.6952671
OPUSDT,SELL,LIMIT,1701097048831,2821.6,1.6957641
OPUSDT,SELL,LIMIT,1701097060134,186.6,1.6948695
OPUSDT,SELL,LIMIT,1701097077294,109.9,1.6939321
OPUSDT,SELL,LIMIT,1701097094140,10.9,1.6934015
OPUSDT,SELL,LIMIT,1701097099520,1356.3,1.6927100
OPUSDT,SELL,LIMIT,1701100529909,3.2,1.6967732
OPUSDT,SELL,LIMIT,1701100618166,108.7,1.6930119
OPUSDT,SELL,LIMIT,1701100625142,30.0,1.6923541
OPUSDT,SELL,LIMIT,1701100627085,23.3,1.6915481
OPUSDT,SELL,LIMIT,1701100635048,1947.3,1.6906291
OPUSDT,SELL,LIMIT,1701100640247,112.5,1.6885334
OPUSDT,SELL,LIMIT,1701100641116,56.2,1.6885100
OPUSDT,SELL,LIMIT,1701100642686,157.3,1.6869326
OPUSDT,SELL,LIMIT,1701100995403,5.8,1.6940453
OPUSDT,SELL,LIMIT,1701102045347,3.3,1.7024125
OPUSDT,SELL,LIMIT,1701102067099,285.4,1.7036917
OPUSDT,SELL,LIMIT,1701111170211,525.2,1.6865685
OPUSDT,SELL,LIMIT,1701111201140,457.7,1.6865165
OPUSDT,SELL,LIMIT,1701111219204,90.1,1.6854455
OPUSDT,SELL,LIMIT,1701111220242,192.6,1.6853100
OPUSDT,SELL,LIMIT,1701111222299,2.8,1.6847136
OPUSDT,SELL,LIMIT,1701111563374,70.0,1.6835609
OPUSDT,SELL,LIMIT,1701111571409,5.9,1.6823800
OPUSDT,SELL,LIMIT,1701111574180,53.5,1.6820100
OPUSDT,SELL,LIMIT,1701111581053,2468.7,1.6819895
OPUSDT,SELL,LIMIT,1701111582070,5.6,1.6819725
OPUSDT,SELL,LIMIT,1701111584309,273.5,1.6819204
OPUSDT,SELL,LIMIT,1701111585385,1457.2,1.6818012
OPUSDT,SELL,LIMIT,1701111926143,728.6,1.6813803
OPUSDT,SELL,LIMIT,1701111968197,310.3,1.6812944
OPUSDT,SELL,LIMIT,1701111982672,292.4,1.6809088
OPUSDT,SELL,LIMIT,1701112023922,1631.8,1.6810319
OPUSDT,SELL,LIMIT,1701112046228,2204.8,1.6816882
OPUSDT,SELL,LIMIT,1701112151874,953.1,1.6801229
OPUSDT,SELL,LIMIT,1701112179285,43.5,1.6798289
OPUSDT,SELL,LIMIT,1701112180831,8.3,1.6793071
OPUSDT,SELL,LIMIT,1701112200222,530.9,1.6787942
OPUSDT,SELL,LIMIT,1701112207689,93.0,1.6786361
OPUSDT,SELL,LIMIT,1701112209245,33.4,1.6783829
OPUSDT,SELL,LIMIT,1701112210971,97.2,1.6777576
OPUSDT,SELL,LIMIT,1701114140115,116.1,1.6772594
OPUSDT,SELL,LIMIT,1701114145100,150.6,1.6772267
OPUSDT,SELL,LIMIT,1701114160091,203.8,1.6756152
OPUSDT,SELL,LIMIT,1701114161089,51.0,1.6759526
OPUSDT,SELL,LIMIT,1701114162077,55.7,1.6751764
OPUSDT,SELL,LIMIT,1701114163378,576.2,1.6735096
OPUSDT,SELL,LIMIT,1701114206390,4.6,1.6731096
OPUSDT,SELL,LIMIT,1701114207423,140.5,1.6726582
OPUSDT,SELL,LIMIT,1701114226916,195.2,1.6720027
OPUSDT,SELL,LIMIT,1701114229237,747.9,1.6709181
OPUSDT,SELL,LIMIT,1701114233177,213.5,1.6698646
OPUSDT,SELL,LIMIT,1701114234606,265.3,1.6695928
OPUSDT,SELL,LIMIT,1701114235635,314.7,1.6691546
OPUSDT,SELL,LIMIT,1701114236885,201.9,1.6686905
OPUSDT,SELL,LIMIT,1701114238381,410.0,1.6674816
OPUSDT,SELL,LIMIT,1701114240822,293.9,1.6673203
OPUSDT,SELL,LIMIT,1701114261108,253.0,1.6673271
OPUSDT,SELL,LIMIT,1701114262651,53.7,1.6669807
OPUSDT,SELL,LIMIT,1701114263716,2923.9,1.6670851
OPUSDT,SELL,LIMIT,1701114349142,256.4,1.6668595
OPUSDT,SELL,LIMIT,1701114353442,63.4,1.6667393
OPUSDT,SELL,LIMIT,1701114356422,177.0,1.6669537
OPUSDT,SELL,LIMIT,1701114359327,225.0,1.6664811
OPUSDT,SELL,LIMIT,1701114459686,11.8,1.6657945
OPUSDT,SELL,LIMIT,1701114466697,1000.0,1.6656765
OPUSDT,SELL,LIMIT,1701114468229,54.1,1.6651281
OPUSDT,SELL,LIMIT,1701114470088,182.1,1.6644937
OPUSDT,SELL,LIMIT,1701114471425,1610.9,1.6640887
OPUSDT,SELL,LIMIT,1701114473895,2938.7,1.6636341
OPUSDT,SELL,LIMIT,1701114475210,1000.0,1.6632757
OPUSDT,SELL,LIMIT,1701114477120,4.3,1.6621230
OPUSDT,SELL,LIMIT,1701114492351,16301.5,1.6567049
OPUSDT,SELL,LIMIT,1701114493933,2125.9,1.6614112
OPUSDT,SELL,LIMIT,1701114495096,50.0,1.6605058
OPUSDT,SELL,LIMIT,1701114496159,43.6,1.6595914
OPUSDT,SELL,LIMIT,1701116832174,19.6,1.6672861
OPUSDT,SELL,LIMIT,1701116882866,454.6,1.6662423
OPUSDT,BUY,LIMIT,1701117177245,11.5,1.6871625
OPUSDT,BUY,LIMIT,1701120812856,13.9,1.7097328
OPUSDT,BUY,LIMIT,1701121035373,127.8,1.7164014
OPUSDT,BUY,LIMIT,1701126148259,2878.8,1.7258021
OPUSDT,BUY,LIMIT,1701126929275,714.4,1.7308082
OPUSDT,BUY,LIMIT,1701127583201,8.5,1.7360509
OPUSDT,BUY,LIMIT,1701128266674,160.0,1.7410130
OPUSDT,BUY,LIMIT,1701128354177,19.3,1.7416470
OPUSDT,BUY,LIMIT,1701128425013,110.4,1.7424465
OPUSDT,BUY,LIMIT,1701128489385,23.8,1.7434164
OPUSDT,SELL,LIMIT,1701142233062,3479.0,1.7152464
OPUSDT,SELL,LIMIT,1701146050466,6.4,1.6955722
OPUSDT,SELL,LIMIT,1701146066037,122.1,1.6950445
OPUSDT,SELL,LIMIT,1701146964387,16.1,1.6937768
OPUSDT,SELL,LIMIT,1701147880153,8.8,1.6918437
OPUSDT,SELL,LIMIT,1701148133553,707.5,1.6828160
OPUSDT,SELL,LIMIT,1701148182654,56.7,1.6820974
OPUSDT,SELL,LIMIT,1701148937523,380.3,1.6824141
OPUSDT,SELL,LIMIT,1701149042164,57.8,1.6797667
OPUSDT,SELL,LIMIT,1701149074399,3.2,1.6789476
OPUSDT,SELL,LIMIT,1701149732263,12.1,1.6800589
OPUSDT,SELL,LIMIT,1701149830769,636.8,1.6781939
OPUSDT,SELL,LIMIT,1701149845730,1000.0,1.6773340
OPUSDT,SELL,LIMIT,1701149880207,1074.7,1.6780711
OPUSDT,SELL,LIMIT,1701149895583,27.0,1.6734005
OPUSDT,SELL,LIMIT,1701151195854,2166.8,1.6720231
OPUSDT,SELL,LIMIT,1701151263536,399.6,1.6712123
OPUSDT,SELL,LIMIT,1701151628146,586.7,1.6704171
OPUSDT,SELL,LIMIT,1701151629645,64.4,1.6703667
OPUSDT,BUY,LIMIT,1701153276384,1766.2,1.7189748
OPUSDT,BUY,LIMIT,1701158118623,105.2,1.7210667
OPUSDT,BUY,LIMIT,1701160802109,580.4,1.7254860
OPUSDT,BUY,LIMIT,1701164309643,188.4,1.7323458
OPUSDT,BUY,LIMIT,1701164709049,2952.2,1.7349278
OPUSDT,BUY,LIMIT,1701164732380,59.0,1.7356784
OPUSDT,BUY,LIMIT,1701179678536,289.8,1.7467333
OPUSDT,BUY,LIMIT,1701179704341,528.5,1.7481059
OPUSDT,BUY,LIMIT,1701179706587,2558.8,1.7482905
OPUSDT,BUY,LIMIT,1701190283014,324.7,1.7525034
OPUSDT,BUY,LIMIT,1701190341080,1185.7,1.7527554
OPUSDT,BUY,LIMIT,1701190354431,21.4,1.7549460
OPUSDT,BUY,LIMIT,1701190371803,2952.4,1.7561225
OPUSDT,BUY,LIMIT,1701192145250,208.4,1.7552312
OPUSDT,BUY,LIMIT,1701192153011,111.3,1.7571930
OPUSDT,SELL,LIMIT,1701197419618,1117.1,1.7116525
OPUSDT,SELL,LIMIT,1701197422470,387.5,1.7103757
OPUSDT,BUY,LIMIT,1701197847175,37.3,1.7126302
OPUSDT,BUY,LIMIT,1701197853681,58.7,1.7327706
OPUSDT,BUY,LIMIT,1701200474717,29.0,1.7439010
OPUSDT,SELL,LIMIT,1701204026175,1500.0,1.7187707
OPUSDT,SELL,LIMIT,1701214581338,88.6,1.7052239
OPUSDT,SELL,LIMIT,1701214671328,255.6,1.7018300
OPUSDT,SELL,LIMIT,1701214718435,641.3,1.7009758
OPUSDT,SELL,LIMIT,1701216437078,5.7,1.6988994
OPUSDT,SELL,LIMIT,1701229068519,261.9,1.6944689
OPUSDT,SELL,LIMIT,1701229098230,138.8,1.6935212
OPUSDT,SELL,LIMIT,1701229102404,19.2,1.6929768
OPUSDT,SELL,LIMIT,1701229644112,1451.0,1.6887866
OPUSDT,SELL,LIMIT,1701229699217,34.8,1.6881414
OPUSDT,SELL,LIMIT,1701232183368,518.4,1.6864342
OPUSDT,SELL,LIMIT,1701232284810,32.3,1.6861333
OPUSDT,SELL,LIMIT,1701233222379,404.6,1.6846675
OPUSDT,SELL,LIMIT,1701233279193,353.9,1.6844640
OPUSDT,SELL,LIMIT,1701233662868,15.4,1.6815554
OPUSDT,SELL,LIMIT,1701233688355,589.2,1.6808228
OPUSDT,SELL,LIMIT,1701236068668,64.8,1.6795596
OPUSDT,SELL,LIMIT,1701236087343,942.6,1.6791643
OPUSDT,SELL,LIMIT,1701236159081,402.5,1.6784306
OPUSDT,SELL,LIMIT,1701238729015,100.9,1.6755506
OPUSDT,SELL,LIMIT,1701238852019,40.5,1.6747694
OPUSDT,SELL,LIMIT,1701238862904,141.3,1.6739672
OPUSDT,SELL,LIMIT,1701242005378,1242.5,1.6929921
OPUSDT,BUY,LIMIT,1701242980859,107.8,1.7191061
OPUSDT,SELL,LIMIT,1701243890952,28.6,1.6929698
OPUSDT,BUY,LIMIT,1701245099352,290.4,1.6911077
OPUSDT,SELL,LIMIT,1701250156775,403.2,1.6954775
OPUSDT,SELL,LIMIT,1701252236384,1810.4,1.6850502
OPUSDT,SELL,LIMIT,1701253351243,243.6,1.6791400
OPUSDT,SELL,LIMIT,1701253412138,9.8,1.6781967
OPUSDT,SELL,LIMIT,1701253617362,386.7,1.6741863
OPUSDT,SELL,LIMIT,1701254011515,358.5,1.6727033
OPUSDT,SELL,LIMIT,1701254066092,157.1,1.6706380
OPUSDT,SELL,LIMIT,1701254067491,494.0,1.6707017
OPUSDT,SELL,LIMIT,1701254073820,733.2,1.6701499
OPUSDT,SELL,LIMIT,1701254238712,68.4,1.6699301
OPUSDT,SELL,LIMIT,1701254300220,40.0,1.6678331
OPUSDT,SELL,LIMIT,1701254345048,691.7,1.6666083
OPUSDT,SELL,LIMIT,1701254360176,58.6,1.6661618
OPUSDT,SELL,LIMIT,1701254362056,3.1,1.6661375
OPUSDT,SELL,LIMIT,1701254407177,257.1,1.6644866
OPUSDT,SELL,LIMIT,1701254417361,9.8,1.6639067
OPUSDT,SELL,LIMIT,1701254418383,157.0,1.6634929
OPUSDT,SELL,LIMIT,1701254420881,196.3,1.6615137
OPUSDT,SELL,LIMIT,1701254706178,30824.4,1.6545440
OPUSDT,SELL,LIMIT,1701265353443,88.8,1.6740223
OPUSDT,SELL,LIMIT,1701269151168,175.4,1.6611192
OPUSDT,SELL,LIMIT,1701269157606,348.7,1.6603751
OPUSDT,SELL,LIMIT,1701269253077,16.8,1.6597959
OPUSDT,SELL,LIMIT,1701269255153,7.5,1.6594456
OPUSDT,SELL,LIMIT,1701269256284,326.7,1.6591822
OPUSDT,SELL,LIMIT,1701269261027,294.1,1.6588058
OPUSDT,SELL,LIMIT,1701269266052,244.9,1.6579559
OPUSDT,SELL,LIMIT,1701269287305,11.4,1.6574541
OPUSDT,SELL,LIMIT,1701269288345,1249.3,1.6575452
OPUSDT,SELL,LIMIT,1701269290530,123.2,1.6567818
OPUSDT,SELL,LIMIT,1701269292075,83.7,1.6550420
OPUSDT,SELL,LIMIT,1701269293201,69.4,1.6551755
OPUSDT,SELL,LIMIT,1701269294214,1605.0,1.6538903
OPUSDT,SELL,LIMIT,1701269295137,54.5,1.6537057
OPUSDT,SELL,LIMIT,1701270389463,8.9,1.6570975
OPUSDT,SELL,LIMIT,1701270409817,38.4,1.6576777
OPUSDT,SELL,LIMIT,1701270419612,490.1,1.6572963
OPUSDT,SELL,LIMIT,1701270547347,2927.4,1.6556065
OPUSDT,SELL,LIMIT,1701270582570,18.0,1.6532672
OPUSDT,SELL,LIMIT,1701270583833,454.2,1.6531987
OPUSDT,SELL,LIMIT,1701270586335,674.2,1.6522269
OPUSDT,SELL,LIMIT,1701270587970,125.0,1.6515321
OPUSDT,SELL,LIMIT,1701270627557,500.0,1.6501854
OPUSDT,SELL,LIMIT,1701270638500,61.0,1.6466103
OPUSDT,SELL,LIMIT,1701270639560,1186.1,1.6459288
OPUSDT,SELL,LIMIT,1701270732107,487.3,1.6451340
OPUSDT,SELL,LIMIT,1701270734292,204.1,1.6447712
OPUSDT,SELL,LIMIT,1701270743343,80.2,1.6438966
OPUSDT,SELL,LIMIT,1701270745403,207.7,1.6437766
OPUSDT,SELL,LIMIT,1701270836025,103.1,1.6431425
OPUSDT,SELL,LIMIT,1701270838050,3.8,1.6426857
OPUSDT,SELL,LIMIT,1701270840802,578.3,1.6424217
OPUSDT,SELL,LIMIT,1701270842045,149.1,1.6420118
OPUSDT,SELL,LIMIT,1701270845206,2107.4,1.6420698
OPUSDT,SELL,LIMIT,1701270919594,62.0,1.6422856
OPUSDT,SELL,LIMIT,1701275842537,71.5,1.6416534
OPUSDT,BUY,LIMIT,1701280503720,70.0,1.6916442
OPUSDT,SELL,LIMIT,1701290347001,898.4,1.6589422
OPUSDT,SELL,LIMIT,1701293898160,345.0,1.6669704
OPUSDT,BUY,LIMIT,1701303933607,31.7,1.7064983
OPUSDT,SELL,LIMIT,1701310840048,517.6,1.6619671
OPUSDT,SELL,LIMIT,1701317218089,2612.6,1.6767787
OPUSDT,BUY,LIMIT,1701317317380,2.6,1.6963692
OPUSDT,SELL,LIMIT,1701323734487,541.6,1.6588851
OPUSDT,SELL,LIMIT,1701331733450,6.1,1.6538170
OPUSDT,SELL,LIMIT,1701331734795,79.8,1.6533749
OPUSDT,SELL,LIMIT,1701332598185,2966.5,1.6531215
OPUSDT,SELL,LIMIT,1701332764547,296.6,1.6513492
OPUSDT,SELL,LIMIT,1701333031311,8.7,1.6494162
OPUSDT,SELL,LIMIT,1701333719510,267.2,1.6468871
OPUSDT,SELL,LIMIT,1701333722235,5.9,1.6465935
OPUSDT,SELL,LIMIT,1701352523759,1163.6,1.6460336
OPUSDT,SELL,LIMIT,1701352984100,333.1,1.6445134
OPUSDT,SELL,LIMIT,1701352992039,39.6,1.6440895
OPUSDT,SELL,LIMIT,1701352993984,29.8,1.6432645
OPUSDT,SELL,LIMIT,1701353005435,253.2,1.6427287
OPUSDT,SELL,LIMIT,1701353012080,131.7,1.6419138
OPUSDT,SELL,LIMIT,1701353015848,16.3,1.6407959
OPUSDT,SELL,LIMIT,1701353050294,388.3,1.6410968
OPUSDT,SELL,LIMIT,1701355164207,214.4,1.6404628
OPUSDT,SELL,LIMIT,1701355165358,384.7,1.6396606
OPUSDT,SELL,LIMIT,1701355166684,372.4,1.6386371
OPUSDT,SELL,LIMIT,1701355168088,210.9,1.6379030
OPUSDT,SELL,LIMIT,1701355169314,352.9,1.6381117
OPUSDT,SELL,LIMIT,1701369726957,55.5,1.6584891
OPUSDT,SELL,LIMIT,1701369729960,609.2,1.6584891
OPUSDT,BUY,LIMIT,1701393750383,49.6,1.6859244
OPUSDT,BUY,LIMIT,1701393814433,4.2,1.6868899
OPUSDT,BUY,LIMIT,1701393879750,6.1,1.6886632
OPUSDT,BUY,LIMIT,1701393910867,200.0,1.6902197
OPUSDT,BUY,LIMIT,1701393913136,20.1,1.6910080
OPUSDT,BUY,LIMIT,1701393933367,3.3,1.6920875
OPUSDT,BUY,LIMIT,1701394025462,48.1,1.6951647
OPUSDT,BUY,LIMIT,1701394109943,1501.5,1.6978650
OPUSDT,BUY,LIMIT,1701394250363,17.2,1.6994005
OPUSDT,BUY,LIMIT,1701395000154,200.0,1.7015668
OPUSDT,BUY,LIMIT,1701395071475,254.0,1.7056241
OPUSDT,BUY,LIMIT,1701395079313,28.3,1.7073949
OPUSDT,BUY,LIMIT,1701395529302,3012.7,1.7111897
OPUSDT,BUY,LIMIT,1701395552518,3.8,1.7121404
OPUSDT,BUY,LIMIT,1701395566102,3.8,1.7130862
OPUSDT,BUY,LIMIT,1701395656309,2.8,1.7088921
OPUSDT,BUY,LIMIT,1701397368696,181.0,1.7147962
OPUSDT,BUY,LIMIT,1701405515309,3.2,1.7096968
OPUSDT,BUY,LIMIT,1701418170541,212.4,1.7192573
OPUSDT,BUY,LIMIT,1701418174123,735.4,1.7204807
OPUSDT,BUY,LIMIT,1701418193275,22.9,1.7247734
