Symbol,Side,Order Type,Time,Quantity,Price
OPUSDT,BUY,LIMIT,1701923297017,761.6,1.7683763
OPUSDT,BUY,LIMIT,1701923757511,144.0,1.7691019
OPUSDT,BUY,LIMIT,1701924272159,143.6,1.7727667
OPUSDT,BUY,LIMIT,1701925592139,2866.3,1.7787946
OPUSDT,SELL,LIMIT,1701929462464,40.1,1.7564732
OPUSDT,SELL,LIMIT,1701936981923,12.8,1.7368525
OPUSDT,SELL,LIMIT,1701936988291,160.0,1.7358756
OPUSDT,SELL,LIMIT,1701937395081,274.3,1.7342761
OPUSDT,SELL,LIMIT,1701939365868,58.1,1.7362499
OPUSDT,SELL,LIMIT,1701939451918,96.2,1.7337349
OPUSDT,SELL,LIMIT,1701939999216,3.9,1.7408623
OPUSDT,SELL,LIMIT,1701940020184,702.2,1.7277709
OPUSDT,SELL,LIMIT,1701940022005,142.0,1.7280271
OPUSDT,SELL,LIMIT,1701940023628,112.3,1.7273851
OPUSDT,SELL,LIMIT,1701940032246,283.8,1.7265801
OPUSDT,SELL,LIMIT,1701940046584,102.3,1.7263771
OPUSDT,SELL,LIMIT,1701940458510,113.5,1.7257217
OPUSDT,SELL,LIMIT,1701940472638,2840.9,1.7251661
OPUSDT,SELL,LIMIT,1701940543081,688.1,1.7225238
OPUSDT,SELL,LIMIT,1701940556188,236.3,1.7206323
OPUSDT,SELL,LIMIT,1701940558136,8.7,1.7203479
OPUSDT,SELL,LIMIT,1701940561843,63.1,1.7196201
OPUSDT,SELL,LIMIT,1701940563210,642.7,1.7193852
OPUSDT,SELL,LIMIT,1701940564312,774.2,1.7173458
OPUSDT,SELL,LIMIT,1701940567357,4.6,1.7173212
OPUSDT,SELL,LIMIT,1701940569206,1168.5,1.7162833
OPUSDT,SELL,LIMIT,1701941064739,65.0,1.7105706
OPUSDT,SELL,LIMIT,1701941072073,1385.1,1.7080897
OPUSDT,SELL,LIMIT,1701941074076,134.1,1.7072450
OPUSDT,SELL,LIMIT,1701941148855,178.1,1.7075927
OPUSDT,SELL,LIMIT,1701941155127,1761.3,1.7056558
OPUSDT,SELL,LIMIT,1701941158074,397.3,1.7055577
OPUSDT,SELL,LIMIT,1701941160354,33.6,1.7045113
OPUSDT,SELL,LIMIT,1701941174127,806.5,1.7032575
OPUSDT,SELL,LIMIT,1701941181177,6.9,1.7025854
OPUSDT,SELL,LIMIT,1701941183238,210.0,1.7149746
OPUSDT,SELL,LIMIT,1701941184446,34.0,1.7021290
OPUSDT,SELL,LIMIT,1701941186621,3000.0,1.7011057
OPUSDT,SELL,LIMIT,1701941188177,72.4,1.7137346
OPUSDT,SELL,LIMIT,1701941189534,188.9,1.7001136
OPUSDT,SELL,LIMIT,1701941193320,30.0,1.6990473
OPUSDT,SELL,LIMIT,1701941207393,273.1,1.6982618
OPUSDT,SELL,LIMIT,1701941234104,205.7,1.6985427
OPUSDT,SELL,LIMIT,1701941236436,276.3,1.6976001
OPUSDT,SELL,LIMIT,1701941237681,44.8,1.6974717
OPUSDT,SELL,LIMIT,1701941239141,2781.1,1.6962799
OPUSDT,SELL,LIMIT,1701941243061,141.3,1.6965404
OPUSDT,SELL,LIMIT,1701941245172,85.5,1.6953071
OPUSDT,SELL,LIMIT,1701941246277,9601.7,1.6911160
OPUSDT,SELL,LIMIT,1701941247376,151.4,1.6950235
OPUSDT,SELL,LIMIT,1701941253084,410.5,1.6948949
OPUSDT,SELL,LIMIT,1701941254175,64.5,1.6937593
OPUSDT,SELL,LIMIT,1701941255211,1704.0,1.6948213
OPUSDT,SELL,LIMIT,1701941256228,446.8,1.6936000
OPUSDT,SELL,LIMIT,1701941271047,291.0,1.6919606
OPUSDT,SELL,LIMIT,1701941272247,17.5,1.6926446
OPUSDT,BUY,LIMIT,1701952351934,1374.5,1.7650447
OPUSDT,BUY,LIMIT,1701952359960,66.5,1.7660270
OPUSDT,BUY,LIMIT,1701952369344,1138.9,1.7664809
OPUSDT,BUY,LIMIT,1701959214262,1088.6,1.7784575
OPUSDT,BUY,LIMIT,1701961405206,650.8,1.7853627
OPUSDT,BUY,LIMIT,1701961413926,10.0,1.7865718
OPUSDT,BUY,LIMIT,1701962236300,29.1,1.7893431
OPUSDT,BUY,LIMIT,1701962301508,7.8,1.7916782
OPUSDT,BUY,LIMIT,1701962332773,26.4,1.7930783
OPUSDT,BUY,LIMIT,1701962336243,2557.8,1.7935134
OPUSDT,BUY,LIMIT,1701962577270,56.7,1.8073493
OPUSDT,BUY,LIMIT,1701962589839,250.0,1.8087403
OPUSDT,BUY,LIMIT,1701962602097,175.1,1.8131051
OPUSDT,BUY,LIMIT,1701962603564,1009.8,1.8143008
OPUSDT,BUY,LIMIT,1701962642452,30.8,1.8163499
OPUSDT,BUY,LIMIT,1701962688288,254.3,1.8172470
OPUSDT,BUY,LIMIT,1701962697368,19.7,1.8175770
OPUSDT,BUY,LIMIT,1701962764444,138.4,1.8221660
OPUSDT,BUY,LIMIT,1701962769093,8807.3,1.8302476
OPUSDT,BUY,LIMIT,1701962772149,2.9,1.8279864
OPUSDT,BUY,LIMIT,1701962805474,313.9,1.8344185
OPUSDT,BUY,LIMIT,1701962812004,4.5,1.8359544
OPUSDT,BUY,LIMIT,1701962813041,1929.1,1.8367306
OPUSDT,BUY,LIMIT,1701962814243,170.7,1.8375416
OPUSDT,BUY,LIMIT,1701962816672,70.5,1.8392783
OPUSDT,BUY,LIMIT,1701962832376,426.3,1.8409896
OPUSDT,BUY,LIMIT,1701962984266,154.8,1.8425534
OPUSDT,BUY,LIMIT,1701962992792,16655.9,1.8493106
OPUSDT,BUY,LIMIT,1701963004267,1115.5,1.8478693
OPUSDT,BUY,LIMIT,1701963032743,10.7,1.8495595
OPUSDT,BUY,LIMIT,1701963045687,187.9,1.8530314
OPUSDT,BUY,LIMIT,1701963048360,75.9,1.8571558
OPUSDT,BUY,LIMIT,1701963076015,100.0,1.8583970
OPUSDT,BUY,LIMIT,1701963078751,54.8,1.8591875
OPUSDT,BUY,LIMIT,1701963192187,15.7,1.8637118
OPUSDT,BUY,LIMIT,1701963245680,47.4,1.8651752
OPUSDT,BUY,LIMIT,1701963333660,42.4,1.8667456
OPUSDT,BUY,LIMIT,1701963336031,67.8,1.8675234
OPUSDT,BUY,LIMIT,1701963338971,11.1,1.8703369
OPUSDT,BUY,LIMIT,1701963402862,3.7,1.8773236
OPUSDT,BUY,LIMIT,1701963586511,5.2,1.8783780
OPUSDT,BUY,LIMIT,1701963606255,415.9,1.8799711
OPUSDT,BUY,LIMIT,1701963608519,50.9,1.8804467
OPUSDT,BUY,LIMIT,1701963609617,38.8,1.8803026
OPUSDT,BUY,LIMIT,1701963677565,104.9,1.8856561
OPUSDT,BUY,LIMIT,1701963680302,570.6,1.8858438
OPUSDT,BUY,LIMIT,1701963681361,108.2,1.8878575
OPUSDT,BUY,LIMIT,1701963684138,229.2,1.8881443
OPUSDT,BUY,LIMIT,1701963686474,187.3,1.8894840
OPUSDT,BUY,LIMIT,1701963689544,57.5,1.8903552
OPUSDT,BUY,LIMIT,1701963702093,52.4,1.8907092
OPUSDT,BUY,LIMIT,1701963730391,183.2,1.8935372
OPUSDT,BUY,LIMIT,1701963733059,271.1,1.8972895
OPUSDT,BUY,LIMIT,1701963736160,60.0,1.8976650
OPUSDT,BUY,LIMIT,1701963741152,243.0,1.8994409
OPUSDT,BUY,LIMIT,1701963745320,27.9,1.8999563
OPUSDT,BUY,LIMIT,1701963753273,3701.8,1.9068712
OPUSDT,BUY,LIMIT,1701963754327,1369.0,1.9015391
OPUSDT,BUY,LIMIT,1701963786242,35.4,1.9072432
OPUSDT,BUY,LIMIT,1701963820151,5.7,1.9080648
OPUSDT,SELL,LIMIT,1701963994588,641.4,1.8611285
OPUSDT,SELL,LIMIT,1701964004236,69.1,1.8606870
OPUSDT,BUY,LIMIT,1701964134588,480.5,1.9096254
OPUSDT,BUY,LIMIT,1701964136547,684.0,1.9100194
OPUSDT,BUY,LIMIT,1701964151280,235.9,1.9143294
OPUSDT,BUY,LIMIT,1701964155062,142.8,1.9153031
OPUSDT,BUY,LIMIT,1701964156178,24.8,1.9167018
OPUSDT,BUY,LIMIT,1701964158085,389.7,1.9201896
OPUSDT,BUY,LIMIT,1701964159494,271.5,1.9206899
OPUSDT,BUY,LIMIT,1701964160591,91.4,1.9226671
OPUSDT,BUY,LIMIT,1701964167520,1045.2,1.9245260
OPUSDT,BUY,LIMIT,1701964169784,1008.0,1.9258352
OPUSDT,BUY,LIMIT,1701964180111,58.4,1.9263452
OPUSDT,BUY,LIMIT,1701964181394,597.6,1.9267479
OPUSDT,BUY,LIMIT,1701964190667,1300.9,1.9282026
OPUSDT,BUY,LIMIT,1701964196218,85.5,1.9285615
OPUSDT,BUY,LIMIT,1701964216183,61.6,1.9291524
OPUSDT,BUY,LIMIT,1701964224595,170.0,1.9296036
OPUSDT,BUY,LIMIT,1701964235194,71.9,1.9325210
OPUSDT,BUY,LIMIT,1701964237098,147.3,1.9328883
OPUSDT,BUY,LIMIT,1701964238241,895.0,1.9338871
OPUSDT,BUY,LIMIT,1701964239884,4.0,1.9348480
OPUSDT,BUY,LIMIT,1701964241106,109.8,1.9365723
OPUSDT,BUY,LIMIT,1701964242278,583.6,1.9366422
OPUSDT,BUY,LIMIT,1701964243315,182.1,1.9391485
OPUSDT,BUY,LIMIT,1701964245741,40.5,1.9394393
OPUSDT,BUY,LIMIT,1701964248871,107.9,1.9400865
OPUSDT,BUY,LIMIT,1701964252630,2685.7,1.9423612
OPUSDT,BUY,LIMIT,1701964256647,56.5,1.9440098
OPUSDT,BUY,LIMIT,1701964260586,5.3,1.9466548
OPUSDT,BUY,LIMIT,1701964263380,78.5,1.9478180
OPUSDT,BUY,LIMIT,1701964265082,502.1,1.9527704
OPUSDT,BUY,LIMIT,1701964295023,79.5,1.9542729
OPUSDT,BUY,LIMIT,1701964398639,78.1,1.9557645
OPUSDT,BUY,LIMIT,1701964416155,118.3,1.9559036
OPUSDT,BUY,LIMIT,1701964417256,34.8,1.9579943
OPUSDT,BUY,LIMIT,1701964426507,119.3,1.9582740
OPUSDT,BUY,LIMIT,1701964438940,250.4,1.9619415
OPUSDT,BUY,LIMIT,1701964439987,715.4,1.9626823
OPUSDT,SELL,LIMIT,1701964602794,272.0,1.9091829
OPUSDT,SELL,LIMIT,1701964604853,77.7,1.9080554
OPUSDT,SELL,LIMIT,1701964608105,51.4,1.9035428
OPUSDT,SELL,LIMIT,1701964618183,355.0,1.8992007
OPUSDT,SELL,LIMIT,1701964628389,73.7,1.8984535
OPUSDT,SELL,LIMIT,1701964631191,143.5,1.8972892
OPUSDT,BUY,LIMIT,1701964912263,3.8,1.9325676
OPUSDT,BUY,LIMIT,1701964972342,21.6,1.9502562
OPUSDT,BUY,LIMIT,1701964981327,1157.8,1.9544128
OPUSDT,BUY,LIMIT,1701964985218,12.4,1.9563825
OPUSDT,BUY,LIMIT,1701964986927,22.1,1.9582341
OPUSDT,BUY,LIMIT,1701964997523,95.1,1.9605042
OPUSDT,BUY,LIMIT,1701964999402,45.3,1.9633952
OPUSDT,BUY,LIMIT,1701965000867,613.7,1.9635615
OPUSDT,BUY,LIMIT,1701965003098,132.4,1.9647691
OPUSDT,BUY,LIMIT,1701965005373,295.2,1.9663963
OPUSDT,BUY,LIMIT,1701965007210,80.0,1.9669048
OPUSDT,BUY,LIMIT,1701965011228,80.9,1.9701776
OPUSDT,BUY,LIMIT,1701965012309,19.4,1.9738920
OPUSDT,BUY,LIMIT,1701965013482,187.2,1.9759854
OPUSDT,BUY,LIMIT,1701965019889,247.8,1.9783927
OPUSDT,BUY,LIMIT,1701965020955,7.3,1.9811640
OPUSDT,BUY,LIMIT,1701965023326,27.7,1.9822577
OPUSDT,BUY,LIMIT,1701965025257,200.0,1.9826532
OPUSDT,BUY,LIMIT,1701965032121,28.8,1.9855629
OPUSDT,BUY,LIMIT,1701965033151,9.1,1.9854831
OPUSDT,BUY,LIMIT,1701965034210,542.6,1.9895137
OPUSDT,BUY,LIMIT,1701965035534,461.5,1.9909388
OPUSDT,BUY,LIMIT,1701965037066,214.0,1.9926359
OPUSDT,BUY,LIMIT,1701965038134,13000.0,1.9985340
OPUSDT,BUY,LIMIT,1701965040782,709.1,1.9975151
OPUSDT,BUY,LIMIT,1701965041936,16.4,1.9987557
OPUSDT,BUY,LIMIT,1701965045905,30.1,2.0003822
OPUSDT,BUY,LIMIT,1701965047064,200.0,2.0061540
OPUSDT,BUY,LIMIT,1701965048145,2478.3,2.0106298
OPUSDT,BUY,LIMIT,1701965049345,1498.4,2.0113574
OPUSDT,BUY,LIMIT,1701965055050,3791.3,2.0329793
OPUSDT,BUY,LIMIT,1701965056058,737.4,2.0308876
OPUSDT,SELL,LIMIT,1701965058314,1524.9,2.0177722
OPUSDT,BUY,LIMIT,1701965061418,529.2,2.0399999
OPUSDT,BUY,LIMIT,1701965083236,324.6,2.0463122
OPUSDT,BUY,LIMIT,1701965084656,25.6,2.0471100
OPUSDT,BUY,LIMIT,1701965086078,5.4,2.0498394
OPUSDT,BUY,LIMIT,1701965087125,14.5,2.0498394
OPUSDT,BUY,LIMIT,1701965098228,272.4,2.0542337
OPUSDT,BUY,LIMIT,1701965099670,179.2,2.0553511
OPUSDT,BUY,LIMIT,1701965100686,107.9,2.0578538
OPUSDT,SELL,LIMIT,1701965183496,9.8,1.9993987
OPUSDT,SELL,LIMIT,1701965186094,37.0,1.9979649
OPUSDT,SELL,LIMIT,1701965192538,241.6,1.9843132
OPUSDT,SELL,LIMIT,1701965203567,213.8,1.9833898
OPUSDT,SELL,LIMIT,1701965225368,791.3,1.9790746
OPUSDT,BUY,LIMIT,1701965277329,5.0,2.0345422
OPUSDT,BUY,LIMIT,1701965290182,402.0,2.0408368
OPUSDT,BUY,LIMIT,1701965293093,4.8,2.0463404
OPUSDT,BUY,LIMIT,1701965298560,250.0,2.0534252
OPUSDT,BUY,LIMIT,1701965305225,60.8,2.0596065
OPUSDT,BUY,LIMIT,1701965306504,1246.8,2.0596444
OPUSDT,BUY,LIMIT,1701965308391,179.4,2.0612487
OPUSDT,BUY,LIMIT,1701965309414,775.3,2.0620225
OPUSDT,BUY,LIMIT,1701965312169,34.3,2.0681281
OPUSDT,BUY,LIMIT,1701965313224,1146.5,2.0686428
OPUSDT,BUY,LIMIT,1701965314538,105.7,2.0727386
OPUSDT,BUY,LIMIT,1701965316283,26.7,2.0743367
OPUSDT,BUY,LIMIT,1701965322276,40.4,2.0760158
OPUSDT,BUY,LIMIT,1701965358068,4.4,2.0792673
OPUSDT,BUY,LIMIT,1701965360629,464.8,2.0815686
OPUSDT,BUY,LIMIT,1701965362769,6.7,2.0820949
OPUSDT,BUY,LIMIT,1701965364210,2560.5,2.0832774
OPUSDT,BUY,LIMIT,1701965366256,19.6,2.0840971
OPUSDT,BUY,LIMIT,1701965367487,2908.3,2.0856912
OPUSDT,BUY,LIMIT,1701965391994,1552.4,2.0849663
OPUSDT,BUY,LIMIT,1701965393631,11.6,2.0860911
OPUSDT,SELL,LIMIT,1701965430334,2.8,2.0300177
OPUSDT,SELL,LIMIT,1701965433430,51.3,2.0268897
OPUSDT,SELL,LIMIT,1701965434806,967.8,2.0243994
OPUSDT,SELL,LIMIT,1701965466816,268.3,2.0192387
OPUSDT,SELL,LIMIT,1701965468974,374.5,2.0181225
OPUSDT,BUY,LIMIT,1701965521338,6.0,2.0705878
OPUSDT,BUY,LIMIT,1701965549288,49.1,2.0768097
OPUSDT,BUY,LIMIT,1701965550567,2824.6,2.0804013
OPUSDT,SELL,LIMIT,1701965724143,4.3,2.0193460
OPUSDT,SELL,LIMIT,1701965730601,1770.6,2.0153369
OPUSDT,SELL,LIMIT,1701965732244,14.1,2.0150256
OPUSDT,SELL,LIMIT,1701965837150,147.6,2.0146941
OPUSDT,SELL,LIMIT,1701965839206,608.3,2.0134633
OPUSDT,SELL,LIMIT,1701965841862,2017.7,2.0119744
OPUSDT,SELL,LIMIT,1701965850556,218.0,2.0110056
OPUSDT,SELL,LIMIT,1701965872728,11.5,2.0104391
OPUSDT,SELL,LIMIT,1701965913798,40.2,2.0094925
OPUSDT,SELL,LIMIT,1701965916185,73.1,2.0094100
OPUSDT,SELL,LIMIT,1701965961849,3.2,2.0087087
OPUSDT,SELL,LIMIT,1701965963207,255.9,2.0069457
OPUSDT,SELL,LIMIT,1701965968693,20.8,2.0013278
OPUSDT,SELL,LIMIT,1701965976556,124.2,2.0004687
OPUSDT,SELL,LIMIT,1701965979438,173.6,2.0002275
OPUSDT,SELL,LIMIT,1701965981281,1005.6,1.9993804
OPUSDT,SELL,LIMIT,1701965985627,67.2,1.9988928
OPUSDT,BUY,LIMIT,1701966269976,24.0,2.0500819
OPUSDT,BUY,LIMIT,1701966325233,20.0,2.0542135
OPUSDT,BUY,LIMIT,1701966361170,96.0,2.0640221
OPUSDT,BUY,LIMIT,1701966362531,8.5,2.0648554
OPUSDT,BUY,LIMIT,1701966368414,492.6,2.0681288
OPUSDT,BUY,LIMIT,1701966596677,42.4,2.0693108
OPUSDT,BUY,LIMIT,1701966598489,311.6,2.0701939
OPUSDT,BUY,LIMIT,1701966599996,115.2,2.0730898
OPUSDT,BUY,LIMIT,1701966601308,611.1,2.0742780
OPUSDT,BUY,LIMIT,1701966605143,812.2,2.0755602
OPUSDT,BUY,LIMIT,1701966629508,139.5,2.0830763
OPUSDT,BUY,LIMIT,1701966640654,40.0,2.0813851
OPUSDT,SELL,LIMIT,1701966765935,125.0,2.0335165
OPUSDT,BUY,LIMIT,1701966850166,4202.1,2.0685050
OPUSDT,SELL,LIMIT,1701966984580,27.5,2.0307136
OPUSDT,SELL,LIMIT,1701967089313,120.9,2.0217719
OPUSDT,SELL,LIMIT,1701967090847,609.5,2.0205562
OPUSDT,BUY,LIMIT,1701967178394,604.9,2.0618767
OPUSDT,BUY,LIMIT,1701967551605,15.7,2.0503683
OPUSDT,SELL,LIMIT,1701967690166,98.6,2.0251757
OPUSDT,BUY,LIMIT,1701967807223,17.1,2.0777409
OPUSDT,BUY,LIMIT,1701967808383,67.7,2.0834502
OPUSDT,BUY,LIMIT,1701967810265,28.6,2.0869580
OPUSDT,BUY,LIMIT,1701967811437,238.2,2.0857113
OPUSDT,BUY,LIMIT,1701967819382,18.8,2.0894023
OPUSDT,BUY,LIMIT,1701967820423,365.0,2.0914107
OPUSDT,BUY,LIMIT,1701967834181,5.8,2.0972895
OPUSDT,BUY,LIMIT,1701967835235,445.9,2.0980044
OPUSDT,BUY,LIMIT,1701967841103,22.5,2.1009213
OPUSDT,BUY,LIMIT,1701967842155,791.9,2.1006773
OPUSDT,BUY,LIMIT,1701967867048,18.3,2.1021224
OPUSDT,BUY,LIMIT,1701967868664,1089.8,2.1035105
OPUSDT,BUY,LIMIT,1701967869974,41.2,2.1061253
OPUSDT,BUY,LIMIT,1701967871698,60.8,2.1047642
OPUSDT,BUY,LIMIT,1701967885661,120.0,2.1074596
OPUSDT,BUY,LIMIT,1701967962761,743.2,2.1091125
OPUSDT,BUY,LIMIT,1701968078322,36.1,2.1103794
OPUSDT,BUY,LIMIT,1701968106512,3.4,2.1114263
OPUSDT,BUY,LIMIT,1701968108149,207.2,2.1128787
OPUSDT,BUY,LIMIT,1701968109174,206.8,2.1121800
OPUSDT,BUY,LIMIT,1701968110352,77.6,2.1134027
OPUSDT,BUY,LIMIT,1701968114147,24.9,2.1150291
OPUSDT,BUY,LIMIT,1701968117616,14.3,2.1155978
OPUSDT,BUY,LIMIT,1701968119931,30.1,2.1171746
OPUSDT,BUY,LIMIT,1701968120995,321.1,2.1179799
OPUSDT,BUY,LIMIT,1701968137288,82.5,2.1196470
OPUSDT,BUY,LIMIT,1701968142634,173.2,2.1205960
OPUSDT,BUY,LIMIT,1701968143853,512.9,2.1221740
OPUSDT,BUY,LIMIT,1701968144880,26.0,2.1244751
OPUSDT,BUY,LIMIT,1701968146141,31.0,2.1250927
OPUSDT,BUY,LIMIT,1701968152872,4.1,2.1243700
OPUSDT,BUY,LIMIT,1701968161161,376.2,2.1271418
OPUSDT,BUY,LIMIT,1701968163212,2395.5,2.1281186
OPUSDT,BUY,LIMIT,1701968164247,77.2,2.1279642
OPUSDT,BUY,LIMIT,1701968165734,8.5,2.1280495
OPUSDT,BUY,LIMIT,1701968182489,953.6,2.1296710
OPUSDT,BUY,LIMIT,1701968183913,251.0,2.1310376
OPUSDT,BUY,LIMIT,1701968185163,116.1,2.1317686
OPUSDT,BUY,LIMIT,1701968186673,1056.5,2.1321099
OPUSDT,BUY,LIMIT,1701968188072,12.8,2.1333601
OPUSDT,BUY,LIMIT,1701968189457,24.9,2.1340112
OPUSDT,BUY,LIMIT,1701968191045,2.9,2.1355226
OPUSDT,BUY,LIMIT,1701968199746,7.2,2.1359423
OPUSDT,BUY,LIMIT,1701968200795,4.0,2.1375590
OPUSDT,BUY,LIMIT,1701968202573,201.8,2.1389859
OPUSDT,BUY,LIMIT,1701968203591,513.0,2.1399123
OPUSDT,BUY,LIMIT,1701968205784,147.0,2.1406277
OPUSDT,BUY,LIMIT,1701968236081,1572.9,2.1422115
OPUSDT,BUY,LIMIT,1701968237192,856.5,2.1413907
OPUSDT,BUY,LIMIT,1701968238217,69.5,2.1446125
OPUSDT,BUY,LIMIT,1701968239290,6283.2,2.1510003
OPUSDT,BUY,LIMIT,1701968240306,9.7,2.1489720
OPUSDT,BUY,LIMIT,1701968242325,1799.8,2.1501090
OPUSDT,BUY,LIMIT,1701968245568,38.2,2.1508355
OPUSDT,BUY,LIMIT,1701968247293,53.7,2.1534131
OPUSDT,BUY,LIMIT,1701968248370,200.7,2.1529593
OPUSDT,BUY,LIMIT,1701968250225,18.9,2.1547284
OPUSDT,BUY,LIMIT,1701968252735,112.7,2.1545848
OPUSDT,BUY,LIMIT,1701968255057,8.6,2.1549723
OPUSDT,BUY,LIMIT,1701968256062,492.1,2.1553684
OPUSDT,BUY,LIMIT,1701968257439,17.0,2.1575621
OPUSDT,SELL,LIMIT,1701968579715,64.9,2.0999061
OPUSDT,SELL,LIMIT,1701968580984,36.4,2.0962023
OPUSDT,SELL,LIMIT,1701968583087,1724.7,2.0945356
OPUSDT,SELL,LIMIT,1701968593702,12.7,2.0941520
OPUSDT,SELL,LIMIT,1701968594900,280.9,2.0938318
OPUSDT,SELL,LIMIT,1701968596483,154.2,2.0924330
OPUSDT,SELL,LIMIT,1701968597848,190.1,2.0913781
OPUSDT,SELL,LIMIT,1701968599235,89.5,2.0896417
OPUSDT,SELL,LIMIT,1701968603297,69.2,2.0888695
OPUSDT,SELL,LIMIT,1701968606527,7.0,2.0879988
OPUSDT,SELL,LIMIT,1701968609562,9.2,2.0837411
OPUSDT,SELL,LIMIT,1701968610847,2206.4,2.0830722
OPUSDT,SELL,LIMIT,1701968618708,171.1,2.0821264
OPUSDT,SELL,LIMIT,1701968620633,734.8,2.0817035
OPUSDT,SELL,LIMIT,1701968622089,11.7,2.0809726
OPUSDT,SELL,LIMIT,1701968651211,2.5,2.0795437
OPUSDT,SELL,LIMIT,1701968675358,52.9,2.0775300
OPUSDT,SELL,LIMIT,1701968682149,1466.3,2.0737300
OPUSDT,SELL,LIMIT,1701968823279,800.4,2.0707669
OPUSDT,SELL,LIMIT,1701968825361,18.9,2.0684219
OPUSDT,SELL,LIMIT,1701968869259,58.1,2.0649717
OPUSDT,SELL,LIMIT,1701968931300,74.0,2.0631269
OPUSDT,SELL,LIMIT,1701968937796,499.4,2.0599132
OPUSDT,SELL,LIMIT,1701968939086,157.0,2.0575505
OPUSDT,SELL,LIMIT,1701968949611,33.5,2.0568843
OPUSDT,SELL,LIMIT,1701968952177,30.9,2.0560465
OPUSDT,SELL,LIMIT,1701968972642,137.1,2.0552280
OPUSDT,BUY,LIMIT,1701969248791,2.7,2.1093455
OPUSDT,BUY,LIMIT,1701969266320,136.1,2.1111806
OPUSDT,BUY,LIMIT,1701969313260,28.2,2.1142493
OPUSDT,BUY,LIMIT,1701969314397,283.2,2.1205600
OPUSDT,BUY,LIMIT,1701969315936,233.7,2.1221912
OPUSDT,BUY,LIMIT,1701969320158,104.0,2.1236185
OPUSDT,BUY,LIMIT,1701969333174,483.9,2.1283342
OPUSDT,BUY,LIMIT,1701969334384,86.6,2.1278528
OPUSDT,BUY,LIMIT,1701969339157,40.7,2.1296726
OPUSDT,BUY,LIMIT,1701969396174,432.2,2.1306255
OPUSDT,BUY,LIMIT,1701969398196,767.2,2.1324617
OPUSDT,BUY,LIMIT,1701969399225,9.0,2.1328669
OPUSDT,BUY,LIMIT,1701969401242,193.5,2.1364293
OPUSDT,BUY,LIMIT,1701969402453,62.0,2.1351388
OPUSDT,BUY,LIMIT,1701969403481,21.7,2.1405373
OPUSDT,BUY,LIMIT,1701969415344,1685.8,2.1453165
OPUSDT,BUY,LIMIT,1701969416788,310.6,2.1468137
OPUSDT,BUY,LIMIT,1701969418796,130.7,2.1490979
OPUSDT,BUY,LIMIT,1701969436305,104.9,2.1466740
OPUSDT,BUY,LIMIT,1701969670553,1175.4,2.1508428
OPUSDT,BUY,LIMIT,1701969676317,12.4,2.1512885
OPUSDT,BUY,LIMIT,1701969757552,2500.0,2.1523368
OPUSDT,BUY,LIMIT,1701969771210,2.8,2.1544294
OPUSDT,BUY,LIMIT,1701969800420,38.0,2.1560853
OPUSDT,BUY,LIMIT,1701969802329,614.3,2.1565717
OPUSDT,BUY,LIMIT,1701969803479,15.0,2.1577288
OPUSDT,BUY,LIMIT,1701969805305,2141.6,2.1584048
OPUSDT,BUY,LIMIT,1701970181358,480.0,2.1409692
OPUSDT,SELL,LIMIT,1701970334214,568.1,2.1325418
OPUSDT,BUY,LIMIT,1701970586353,1773.2,2.1601219
OPUSDT,BUY,LIMIT,1701970587877,186.4,2.1626888
OPUSDT,BUY,LIMIT,1701970589262,4.5,2.1632367
OPUSDT,SELL,LIMIT,1701970801083,1101.4,2.1003409
OPUSDT,SELL,LIMIT,1701970802277,23.7,2.0998541
OPUSDT,SELL,LIMIT,1701970891108,51.2,2.0980959
OPUSDT,SELL,LIMIT,1701970892270,20.1,2.0976257
OPUSDT,SELL,LIMIT,1701970915473,24.2,2.0942514
OPUSDT,SELL,LIMIT,1701970917263,46.8,2.0906069
OPUSDT,SELL,LIMIT,1701970918386,966.7,2.0892946
OPUSDT,SELL,LIMIT,1701970919520,1287.8,2.0880250
OPUSDT,SELL,LIMIT,1701970932138,18.8,2.0850415
OPUSDT,SELL,LIMIT,1701971015473,7.0,2.0810111
OPUSDT,BUY,LIMIT,1701971959424,219.6,2.1390125
OPUSDT,BUY,LIMIT,1701972012774,100.0,2.1407461
OPUSDT,BUY,LIMIT,1701972017613,326.3,2.1414003
OPUSDT,BUY,LIMIT,1701972020982,489.2,2.1447413
OPUSDT,BUY,LIMIT,1701972022287,1682.8,2.1462907
OPUSDT,BUY,LIMIT,1701972646261,2333.3,2.1422644
OPUSDT,BUY,LIMIT,1701972708505,685.8,2.1492537
OPUSDT,BUY,LIMIT,1701972718309,543.5,2.1510002
OPUSDT,BUY,LIMIT,1701972774388,2382.0,2.1529254
OPUSDT,BUY,LIMIT,1701973796552,303.2,2.1541115
OPUSDT,BUY,LIMIT,1701973802063,2380.3,2.1546162
OPUSDT,BUY,LIMIT,1701973823153,47.2,2.1565483
OPUSDT,BUY,LIMIT,1701973827005,1472.9,2.1581965
OPUSDT,BUY,LIMIT,1701973829166,3.0,2.1609224
OPUSDT,BUY,LIMIT,1701973834151,497.8,2.1612852
OPUSDT,BUY,LIMIT,1701973837677,6.8,2.1639937
OPUSDT,BUY,LIMIT,1701973839421,23.5,2.1650358
OPUSDT,BUY,LIMIT,1701973857424,84.7,2.1651220
OPUSDT,SELL,LIMIT,1701974259395,99.6,2.1316173
OPUSDT,SELL,LIMIT,1701974285621,63.8,2.1081760
OPUSDT,BUY,LIMIT,1701974961315,165.1,2.1598939
OPUSDT,BUY,LIMIT,1701974963392,184.9,2.1625286
OPUSDT,BUY,LIMIT,1701974978968,206.5,2.1661999
OPUSDT,BUY,LIMIT,1701974981084,227.6,2.1674570
OPUSDT,BUY,LIMIT,1701974982139,475.4,2.1721787
OPUSDT,BUY,LIMIT,1701974983164,445.7,2.1744357
OPUSDT,BUY,LIMIT,1701974984318,19.6,2.1752922
OPUSDT,BUY,LIMIT,1701974989538,90.9,2.1768399
OPUSDT,BUY,LIMIT,1701974990672,775.9,2.1774187
OPUSDT,BUY,LIMIT,1701975002286,7.6,2.1801375
OPUSDT,BUY,LIMIT,1701975004818,200.9,2.1796023
OPUSDT,BUY,LIMIT,1701975033507,3.4,2.1808796
OPUSDT,SELL,LIMIT,1701975640750,1759.9,2.1237423
OPUSDT,SELL,LIMIT,1701975643298,147.8,2.1207235
OPUSDT,SELL,LIMIT,1701976032211,12.0,2.1184573
OPUSDT,SELL,LIMIT,1701976034698,129.1,2.1178088
OPUSDT,SELL,LIMIT,1701976040610,102.0,2.1134721
OPUSDT,SELL,LIMIT,1701976042177,142.8,2.1107966
OPUSDT,SELL,LIMIT,1701976044283,76.0,2.1096652
OPUSDT,SELL,LIMIT,1701976091586,256.6,2.1074147
OPUSDT,SELL,LIMIT,1701976093067,18.5,2.1073735
OPUSDT,SELL,LIMIT,1701976096392,176.6,2.1052157
OPUSDT,SELL,LIMIT,1701976097398,23.8,2.1041998
OPUSDT,SELL,LIMIT,1701976098895,1033.2,2.1034107
OPUSDT,SELL,LIMIT,1701976108817,1389.5,2.1015103
OPUSDT,SELL,LIMIT,1701976110110,113.4,2.0996865
OPUSDT,SELL,LIMIT,1701976111225,1245.6,2.0986898
OPUSDT,SELL,LIMIT,1701976112237,371.9,2.0983620
OPUSDT,SELL,LIMIT,1701976150827,327.8,2.0968974
OPUSDT,SELL,LIMIT,1701976152057,23.3,2.0960149
OPUSDT,SELL,LIMIT,1701976160344,81.2,2.0956519
OPUSDT,SELL,LIMIT,1701976167181,380.6,2.0944914
OPUSDT,SELL,LIMIT,1701976169152,14.0,2.0923760
OPUSDT,SELL,LIMIT,1701976170246,172.6,2.0926969
OPUSDT,SELL,LIMIT,1701976189998,2321.6,2.0918897
OPUSDT,SELL,LIMIT,1701976191623,533.3,2.0909473
OPUSDT,SELL,LIMIT,1701976246350,136.9,2.0893390
OPUSDT,SELL,LIMIT,1701976248860,167.9,2.0885961
OPUSDT,SELL,LIMIT,1701976252432,2245.1,2.0879312
OPUSDT,SELL,LIMIT,1701976291355,5.9,2.0855110
OPUSDT,SELL,LIMIT,1701976670000,49.0,2.0843749
OPUSDT,SELL,LIMIT,1701976675769,5.0,2.0837315
OPUSDT,SELL,LIMIT,1701976677343,632.0,2.0811803
OPUSDT,SELL,LIMIT,1701976685316,169.0,2.0789242
OPUSDT,SELL,LIMIT,1701976689108,47.4,2.0780241
OPUSDT,SELL,LIMIT,1701976690164,110.6,2.0777801
OPUSDT,SELL,LIMIT,1701976720988,23.8,2.0763298
OPUSDT,SELL,LIMIT,1701976729924,10.4,2.0757702
OPUSDT,SELL,LIMIT,1701976732059,3.5,2.0743433
OPUSDT,SELL,LIMIT,1701976859424,352.5,2.0731777
OPUSDT,SELL,LIMIT,1701976860982,90.0,2.0726763
OPUSDT,SELL,LIMIT,1701976903235,713.7,2.0758983
OPUSDT,SELL,LIMIT,1701976961407,1230.8,2.0724554
OPUSDT,SELL,LIMIT,1701976964233,145.4,2.0708004
OPUSDT,SELL,LIMIT,1701976972304,3.0,2.0677790
OPUSDT,SELL,LIMIT,1701977110161,87.4,2.0774436
OPUSDT,SELL,LIMIT,1701977167145,2435.6,2.0718666
OPUSDT,SELL,LIMIT,1701977287307,443.4,2.0666861
OPUSDT,SELL,LIMIT,1701977289965,1409.3,2.0653664
OPUSDT,SELL,LIMIT,1701977291397,291.0,2.0631521
OPUSDT,SELL,LIMIT,1701977292411,4.6,2.0630035
OPUSDT,SELL,LIMIT,1701977293985,54.3,2.0622295
OPUSDT,SELL,LIMIT,1701977296923,1155.5,2.0617976
OPUSDT,SELL,LIMIT,1701977298669,640.2,2.0607696
OPUSDT,SELL,LIMIT,1701977918034,21.9,2.0592133
OPUSDT,SELL,LIMIT,1701977919222,15.4,2.0587410
OPUSDT,SELL,LIMIT,1701977920311,138.6,2.0571195
OPUSDT,SELL,LIMIT,1701977926409,440.4,2.0559633
OPUSDT,SELL,LIMIT,1701977929172,1091.1,2.0555919
OPUSDT,SELL,LIMIT,1701977931444,174.4,2.0547314
OPUSDT,SELL,LIMIT,1701978011126,190.8,2.0544993
OPUSDT,SELL,LIMIT,1701978062406,2348.1,2.0526990
OPUSDT,SELL,LIMIT,1701978064710,562.0,2.0522355
OPUSDT,SELL,LIMIT,1701978083310,1579.7,2.0511484
OPUSDT,SELL,LIMIT,1701978085413,35.6,2.0505791
OPUSDT,SELL,LIMIT,1701978087078,569.8,2.0490012
OPUSDT,SELL,LIMIT,1701978088322,1076.2,2.0487317
OPUSDT,SELL,LIMIT,1701978090890,44.1,2.0478887
OPUSDT,SELL,LIMIT,1701978102314,100.0,2.0539272
OPUSDT,SELL,LIMIT,1701978106050,42.9,2.0478371
OPUSDT,SELL,LIMIT,1701978107209,387.1,2.0465952
OPUSDT,SELL,LIMIT,1701978252591,37.1,2.0461528
OPUSDT,SELL,LIMIT,1701978253807,330.3,2.0447059
OPUSDT,SELL,LIMIT,1701978255137,47.8,2.0440882
OPUSDT,SELL,LIMIT,1701978256209,425.6,2.0428689
OPUSDT,SELL,LIMIT,1701978258076,1444.8,2.0426535
OPUSDT,SELL,LIMIT,1701978289060,23.4,2.0426618
OPUSDT,SELL,LIMIT,1701978364364,321.4,2.0384749
OPUSDT,SELL,LIMIT,1701978366056,200.3,2.0350531
OPUSDT,SELL,LIMIT,1701978367090,264.6,2.0367192
OPUSDT,SELL,LIMIT,1701978368332,2394.2,2.0331927
OPUSDT,SELL,LIMIT,1701978821235,748.5,2.0320395
OPUSDT,SELL,LIMIT,1701978822262,67.3,2.0324397
OPUSDT,SELL,LIMIT,1701978823869,49.1,2.0315775
OPUSDT,SELL,LIMIT,1701978825906,33.6,2.0312831
OPUSDT,SELL,LIMIT,1701978856853,3703.4,2.0269863
OPUSDT,SELL,LIMIT,1701978858174,712.8,2.0294284
OPUSDT,SELL,LIMIT,1701978859550,169.0,2.0294061
OPUSDT,SELL,LIMIT,1701978863351,67.6,2.0281203
OPUSDT,SELL,LIMIT,1701978921764,952.6,2.0274619
OPUSDT,SELL,LIMIT,1701978923074,118.3,2.0258404
OPUSDT,SELL,LIMIT,1701978924473,166.4,2.0248490
OPUSDT,BUY,LIMIT,1701979889534,131.4,2.0820499
OPUSDT,BUY,LIMIT,1701979901129,11.8,2.0864261
OPUSDT,BUY,LIMIT,1701980266325,214.8,2.0876420
OPUSDT,BUY,LIMIT,1701980300066,65.4,2.0808466
OPUSDT,BUY,LIMIT,1701980662203,155.1,2.0909790
OPUSDT,BUY,LIMIT,1701980733241,190.4,2.0936494
OPUSDT,BUY,LIMIT,1701980736072,48.3,2.0965247
OPUSDT,BUY,LIMIT,1701981111009,505.5,2.1012499
OPUSDT,BUY,LIMIT,1701981112121,63.1,2.1048144
OPUSDT,BUY,LIMIT,1701981156651,58.4,2.1075186
OPUSDT,BUY,LIMIT,1701981170058,175.7,2.1110045
OPUSDT,BUY,LIMIT,1701981171197,340.1,2.1112947
OPUSDT,BUY,LIMIT,1701981223041,220.8,2.1124640
OPUSDT,BUY,LIMIT,1701981231373,216.2,2.1143410
OPUSDT,BUY,LIMIT,1701981434040,84.6,2.1149778
OPUSDT,BUY,LIMIT,1701981443122,2.8,2.1158138
OPUSDT,BUY,LIMIT,1701981444185,82.9,2.1161763
OPUSDT,SELL,LIMIT,1701981523213,16.1,2.1153519
OPUSDT,BUY,LIMIT,1701981894419,585.3,2.1179233
OPUSDT,BUY,LIMIT,1701982820469,2414.6,2.1213168
OPUSDT,BUY,LIMIT,1701982823099,25.0,2.1222583
OPUSDT,BUY,LIMIT,1701982824477,676.4,2.1246199
OPUSDT,BUY,LIMIT,1701982826514,2349.0,2.1260088
OPUSDT,BUY,LIMIT,1701982841121,33.8,2.1262658
OPUSDT,BUY,LIMIT,1701982862968,34.5,2.1274808
OPUSDT,BUY,LIMIT,1701982866388,13.1,2.1280375
OPUSDT,BUY,LIMIT,1701983180878,525.1,2.1294941
OPUSDT,BUY,LIMIT,1701983188917,233.5,2.1295160
OPUSDT,BUY,LIMIT,1701983302429,35.5,2.1301433
OPUSDT,BUY,LIMIT,1701983303738,3.8,2.1303513
OPUSDT,BUY,LIMIT,1701983354554,339.1,2.1329986
OPUSDT,BUY,LIMIT,1701983357648,24.7,2.1343825
OPUSDT,BUY,LIMIT,1701983380082,116.1,2.1380954
OPUSDT,BUY,LIMIT,1701983381171,65.4,2.1381231
OPUSDT,BUY,LIMIT,1701983409294,4.1,2.1391729
OPUSDT,BUY,LIMIT,1701983446885,27.6,2.1410176
OPUSDT,BUY,LIMIT,1701983468809,4.5,2.1418993
OPUSDT,BUY,LIMIT,1701984196107,5.2,2.1376846
OPUSDT,BUY,LIMIT,1701984500540,747.9,2.1439848
OPUSDT,BUY,LIMIT,1701984518225,513.9,2.1459084
OPUSDT,BUY,LIMIT,1701984525719,50.5,2.1469558
OPUSDT,BUY,LIMIT,1701984528213,14.3,2.1402854
OPUSDT,BUY,LIMIT,1701984543455,162.1,2.1470670
OPUSDT,BUY,LIMIT,1701984546276,210.0,2.1489406
OPUSDT,BUY,LIMIT,1701984548662,29.2,2.1486938
OPUSDT,BUY,LIMIT,1701984550361,331.8,2.1491875
OPUSDT,BUY,LIMIT,1701984553694,51.0,2.1508826
OPUSDT,BUY,LIMIT,1701984582968,100.0,2.1478581
OPUSDT,BUY,LIMIT,1701984609446,918.3,2.1511462
OPUSDT,BUY,LIMIT,1701984644907,1813.9,2.1443895
OPUSDT,BUY,LIMIT,1701984741071,246.6,2.1518800
OPUSDT,BUY,LIMIT,1701984758269,80.3,2.1490111
OPUSDT,BUY,LIMIT,1701984759426,191.8,2.1518831
OPUSDT,BUY,LIMIT,1701984760461,130.3,2.1522051
OPUSDT,BUY,LIMIT,1701984771694,162.0,2.1520623
OPUSDT,BUY,LIMIT,1701985124046,1014.9,2.1423470
OPUSDT,BUY,LIMIT,1701986498530,19.5,2.1536073
OPUSDT,BUY,LIMIT,1701986500108,88.4,2.1548473
OPUSDT,BUY,LIMIT,1701986501127,6.0,2.1549333
OPUSDT,BUY,LIMIT,1701986512228,34.6,2.1579688
OPUSDT,BUY,LIMIT,1701986514625,372.1,2.1587550
OPUSDT,SELL,LIMIT,1701987561241,371.2,2.1123179
OPUSDT,SELL,LIMIT,1701988263773,94.1,2.1050890
OPUSDT,SELL,LIMIT,1701988307249,2288.8,2.1154450
OPUSDT,SELL,LIMIT,1701988332217,2328.0,2.1007222
OPUSDT,SELL,LIMIT,1701988365396,2.0,2.1034892
OPUSDT,BUY,LIMIT,1701988382921,38.0,2.1283941
OPUSDT,SELL,LIMIT,1701988456150,363.3,2.0983087
OPUSDT,SELL,LIMIT,1701988462378,37.4,2.0971413
OPUSDT,SELL,LIMIT,1701988468788,173.3,2.0944367
OPUSDT,SELL,LIMIT,1701988478699,5.7,2.0930455
OPUSDT,SELL,LIMIT,1701988482279,174.1,2.0919689
OPUSDT,SELL,LIMIT,1701988487421,210.0,2.0913464
OPUSDT,SELL,LIMIT,1701988555245,117.6,2.0898851
OPUSDT,SELL,LIMIT,1701988557641,24.2,2.0890338
OPUSDT,SELL,LIMIT,1701988572188,250.5,2.0855446
OPUSDT,SELL,LIMIT,1701988573352,2341.9,2.0855571
OPUSDT,SELL,LIMIT,1701988599010,50.0,2.1096200
OPUSDT,SELL,LIMIT,1701988641270,94.1,2.0817803
OPUSDT,SELL,LIMIT,1701988642411,275.4,2.0836112
OPUSDT,SELL,LIMIT,1701988695063,111.7,2.0789868
OPUSDT,SELL,LIMIT,1701988696147,85.9,2.0777300
OPUSDT,SELL,LIMIT,1701988697416,111.5,2.0777300
OPUSDT,SELL,LIMIT,1701988731601,249.4,2.0731231
OPUSDT,SELL,LIMIT,1701988738632,751.1,2.0721894
OPUSDT,SELL,LIMIT,1701988741592,8.7,2.0716655
OPUSDT,SELL,LIMIT,1701988784867,23.9,2.0704593
OPUSDT,BUY,LIMIT,1701991479027,109.8,2.1185464
OPUSDT,BUY,LIMIT,1701991510964,117.7,2.1188268
OPUSDT,BUY,LIMIT,1701991526572,14.9,2.1218021
OPUSDT,BUY,LIMIT,1701991530343,29.4,2.1243578
OPUSDT,BUY,LIMIT,1701991539970,423.2,2.1261653
OPUSDT,SELL,LIMIT,1701991577269,30.6,2.0985301
OPUSDT,BUY,LIMIT,1701991600653,42.5,2.1264109
OPUSDT,BUY,LIMIT,1701991609470,123.1,2.1277249
OPUSDT,BUY,LIMIT,1701991614943,143.6,2.1290334
OPUSDT,BUY,LIMIT,1701991885216,1357.2,2.1303330
OPUSDT,BUY,LIMIT,1701991887003,24.0,2.1309416
OPUSDT,BUY,LIMIT,1701991903449,10.1,2.1335372
OPUSDT,BUY,LIMIT,1701991927931,437.1,2.1368690
OPUSDT,BUY,LIMIT,1701991931503,24.6,2.1392796
OPUSDT,BUY,LIMIT,1701991971049,360.7,2.1422111
OPUSDT,BUY,LIMIT,1701991974534,108.5,2.1431954
OPUSDT,BUY,LIMIT,1701991977691,71.9,2.1449491
OPUSDT,BUY,LIMIT,1701991985447,507.8,2.1480269
OPUSDT,BUY,LIMIT,1701992478068,1269.1,2.1532584
OPUSDT,BUY,LIMIT,1701992480108,337.9,2.1540657
OPUSDT,BUY,LIMIT,1701992496390,97.5,2.1559591
OPUSDT,BUY,LIMIT,1701992508078,304.2,2.1565710
OPUSDT,BUY,LIMIT,1701992509105,3.7,2.1578221
OPUSDT,BUY,LIMIT,1701992510157,65.5,2.1609322
OPUSDT,BUY,LIMIT,1701992512098,737.5,2.1617737
OPUSDT,BUY,LIMIT,1701992513172,58.1,2.1627681
OPUSDT,BUY,LIMIT,1701992514206,50.6,2.1639640
OPUSDT,BUY,LIMIT,1701992515260,22.8,2.1659302
OPUSDT,BUY,LIMIT,1701992516320,227.3,2.1672560
OPUSDT,BUY,LIMIT,1701992519096,2350.6,2.1691045
OPUSDT,BUY,LIMIT,1701992520125,48.9,2.1693967
OPUSDT,BUY,LIMIT,1701992522377,1000.0,2.1717276
OPUSDT,BUY,LIMIT,1701992550076,188.4,2.1703622
OPUSDT,BUY,LIMIT,1701992551283,82.6,2.1721929
OPUSDT,BUY,LIMIT,1701992553294,243.9,2.1727642
OPUSDT,BUY,LIMIT,1701992556444,14.4,2.1742754
OPUSDT,BUY,LIMIT,1701992572992,59.2,2.1743262
OPUSDT,BUY,LIMIT,1701992575219,111.5,2.1752497
OPUSDT,BUY,LIMIT,1701992584856,779.6,2.1769390
OPUSDT,BUY,LIMIT,1701992586080,239.6,2.1775135
OPUSDT,BUY,LIMIT,1701992615500,304.5,2.1759190
OPUSDT,BUY,LIMIT,1701992646626,288.9,2.1782584
OPUSDT,BUY,LIMIT,1701992648356,240.1,2.1796236
OPUSDT,BUY,LIMIT,1701992651727,2321.1,2.1806414
OPUSDT,BUY,LIMIT,1701992652929,5.6,2.1815201
OPUSDT,BUY,LIMIT,1701992718124,228.4,2.1828530
OPUSDT,BUY,LIMIT,1701992726570,119.1,2.1825432
OPUSDT,BUY,LIMIT,1701992727610,150.0,2.1854176
OPUSDT,BUY,LIMIT,1701992728631,22.6,2.1861416
OPUSDT,BUY,LIMIT,1701992729707,982.5,2.1876869
OPUSDT,BUY,LIMIT,1701992731708,23.3,2.1893186
OPUSDT,BUY,LIMIT,1701992734607,1003.1,2.1896244
OPUSDT,BUY,LIMIT,1701992751541,18.1,2.1898866
OPUSDT,BUY,LIMIT,1701992752749,284.9,2.1915180
OPUSDT,BUY,LIMIT,1701992754087,153.0,2.1939762
OPUSDT,BUY,LIMIT,1701992755095,2.1,2.1934028
OPUSDT,BUY,LIMIT,1701992756146,71.6,2.1966579
OPUSDT,BUY,LIMIT,1701992757424,217.9,2.1972843
OPUSDT,BUY,LIMIT,1701992759668,1910.5,2.1978659
OPUSDT,BUY,LIMIT,1701992760669,83.9,2.1979809
OPUSDT,BUY,LIMIT,1701992761846,143.4,2.1985369
OPUSDT,BUY,LIMIT,1701992763007,132.0,2.1993310
OPUSDT,BUY,LIMIT,1701992764214,4829.7,2.2047011
OPUSDT,BUY,LIMIT,1701992768092,23.1,2.2008608
OPUSDT,BUY,LIMIT,1701992769111,24.3,2.2002849
OPUSDT,BUY,LIMIT,1701992771929,49.5,2.2015875
OPUSDT,BUY,LIMIT,1701992773302,113.4,2.2019216
OPUSDT,BUY,LIMIT,1701992782356,662.0,2.2022277
OPUSDT,BUY,LIMIT,1701992785059,567.3,2.2047149
OPUSDT,BUY,LIMIT,1701992786239,2071.9,2.2040727
OPUSDT,BUY,LIMIT,1701992787349,177.5,2.2050247
OPUSDT,BUY,LIMIT,1701992795058,56.6,2.2060992
OPUSDT,BUY,LIMIT,1701992796163,1769.8,2.2058748
OPUSDT,BUY,LIMIT,1701992797177,9.9,2.2063882
OPUSDT,BUY,LIMIT,1701992799081,1000.0,2.2070369
OPUSDT,BUY,LIMIT,1701992800105,1714.6,2.2068935
OPUSDT,BUY,LIMIT,1701992817590,348.8,2.2071158
OPUSDT,BUY,LIMIT,1701992818804,185.5,2.2071096
OPUSDT,BUY,LIMIT,1701992844467,327.0,2.2072347
OPUSDT,BUY,LIMIT,1701993021886,270.6,2.2019010
OPUSDT,SELL,LIMIT,1701993803733,45.5,2.1508948
OPUSDT,SELL,LIMIT,1701994011675,95.2,2.1451776
OPUSDT,SELL,LIMIT,1701994075141,16.0,2.1424010
OPUSDT,SELL,LIMIT,1701994076513,385.1,2.1410565
OPUSDT,SELL,LIMIT,1701994087246,113.9,2.1390368
OPUSDT,SELL,LIMIT,1701994092631,2285.1,2.1352506
OPUSDT,BUY,LIMIT,1701994559655,473.9,2.1693700
OPUSDT,BUY,LIMIT,1701995218283,120.4,2.1694809
OPUSDT,SELL,LIMIT,1701995616050,422.5,2.1337431
OPUSDT,SELL,LIMIT,1701995630032,118.8,2.1292882
OPUSDT,SELL,LIMIT,1701996342722,130.3,2.1235049
OPUSDT,SELL,LIMIT,1701996367928,117.1,2.1229508
OPUSDT,SELL,LIMIT,1701996384220,2281.3,2.1200761
OPUSDT,SELL,LIMIT,1701996385356,196.7,2.1200933
OPUSDT,SELL,LIMIT,1701996643078,683.9,2.1186371
OPUSDT,SELL,LIMIT,1701996664763,1399.1,2.1176524
OPUSDT,SELL,LIMIT,1701996667074,63.9,2.1150520
OPUSDT,SELL,LIMIT,1701996701064,8.0,2.1118345
OPUSDT,SELL,LIMIT,1701997753078,743.2,2.1101746
OPUSDT,SELL,LIMIT,1701997754113,662.2,2.1095314
OPUSDT,SELL,LIMIT,1701997836208,235.1,2.1074241
OPUSDT,BUY,LIMIT,1701998457165,21.2,2.1624614
OPUSDT,BUY,LIMIT,1701998482635,661.2,2.1644288
OPUSDT,BUY,LIMIT,1701998487282,352.8,2.1666375
OPUSDT,BUY,LIMIT,1701998490158,141.0,2.1677550
OPUSDT,BUY,LIMIT,1701998492526,102.5,2.1683987
OPUSDT,BUY,LIMIT,1701999511091,22.9,2.1732371
OPUSDT,BUY,LIMIT,1701999516103,10.6,2.1756413
OPUSDT,BUY,LIMIT,1701999518348,712.4,2.1778559
OPUSDT,BUY,LIMIT,1701999644978,64.4,2.1789703
OPUSDT,BUY,LIMIT,1701999705048,6.3,2.1855021
OPUSDT,BUY,LIMIT,1701999733006,8.5,2.1856970
OPUSDT,BUY,LIMIT,1701999741143,25.1,2.1861978
OPUSDT,BUY,LIMIT,1701999743131,7.9,2.1863041
OPUSDT,BUY,LIMIT,1701999744737,122.7,2.1869294
OPUSDT,BUY,LIMIT,1701999807922,133.6,2.1900085
OPUSDT,BUY,LIMIT,1702000556159,332.7,2.1917765
OPUSDT,BUY,LIMIT,1702000557527,220.0,2.1923847
OPUSDT,BUY,LIMIT,1702000559838,66.5,2.1935558
OPUSDT,BUY,LIMIT,1702000589411,140.3,2.1839334
OPUSDT,BUY,LIMIT,1702001460483,5.8,2.1674204
OPUSDT,SELL,LIMIT,1702001923562,32.2,2.1482194
OPUSDT,BUY,LIMIT,1702002184595,859.8,2.1809480
OPUSDT,BUY,LIMIT,1702002432582,14420.0,2.1934083
OPUSDT,SELL,LIMIT,1702002883605,270.0,2.1506099
OPUSDT,BUY,LIMIT,1702002907214,641.5,2.1695386
OPUSDT,SELL,LIMIT,1702003045168,14.9,2.1454061
OPUSDT,BUY,LIMIT,1702003402276,57.2,2.1789700
OPUSDT,BUY,LIMIT,1702003431102,68.2,2.1944208
OPUSDT,BUY,LIMIT,1702003432154,159.0,2.1947438
OPUSDT,BUY,LIMIT,1702003443261,235.3,2.1970224
OPUSDT,BUY,LIMIT,1702003444368,58.1,2.1971844
OPUSDT,BUY,LIMIT,1702003454471,4.4,2.2004224
OPUSDT,BUY,LIMIT,1702003457445,1158.1,2.2007845
OPUSDT,BUY,LIMIT,1702003459200,554.5,2.2021200
OPUSDT,BUY,LIMIT,1702003465364,70.0,2.2030615
OPUSDT,BUY,LIMIT,1702003495107,98.8,2.2046232
OPUSDT,BUY,LIMIT,1702003496364,1166.1,2.2052687
OPUSDT,BUY,LIMIT,1702003660305,25.2,2.2066915
OPUSDT,BUY,LIMIT,1702003698514,440.1,2.2010272
OPUSDT,BUY,LIMIT,1702003771082,342.5,2.2078961
OPUSDT,BUY,LIMIT,1702003772178,3.3,2.2089685
OPUSDT,BUY,LIMIT,1702003774203,1391.6,2.2091333
OPUSDT,BUY,LIMIT,1702003775371,3.1,2.2104216
OPUSDT,BUY,LIMIT,1702003777118,29.9,2.2117539
OPUSDT,BUY,LIMIT,1702003779896,193.0,2.2120692
OPUSDT,BUY,LIMIT,1702003828065,170.6,2.2158623
OPUSDT,BUY,LIMIT,1702003829078,1976.1,2.2153524
OPUSDT,BUY,LIMIT,1702003830407,4.0,2.2194589
OPUSDT,BUY,LIMIT,1702003831454,200.0,2.2205819
OPUSDT,BUY,LIMIT,1702003832486,124.1,2.2230060
OPUSDT,BUY,LIMIT,1702003843667,5.0,2.2227858
OPUSDT,BUY,LIMIT,1702003845125,10553.3,2.2301846
OPUSDT,BUY,LIMIT,1702003847248,30.0,2.2236719
OPUSDT,BUY,LIMIT,1702003854068,109.9,2.2242568
OPUSDT,BUY,LIMIT,1702003855119,16.0,2.2242607
OPUSDT,BUY,LIMIT,1702003856163,5.6,2.2270077
OPUSDT,BUY,LIMIT,1702003857932,2293.1,2.2286132
OPUSDT,BUY,LIMIT,1702003859103,702.3,2.2317680
OPUSDT,BUY,LIMIT,1702003860113,94.1,2.2302446
OPUSDT,BUY,LIMIT,1702003861568,465.5,2.2307822
OPUSDT,BUY,LIMIT,1702003898057,111.6,2.2321264
OPUSDT,BUY,LIMIT,1702003902182,246.4,2.2327017
OPUSDT,BUY,LIMIT,1702003903335,7.0,2.2336526
OPUSDT,BUY,LIMIT,1702003905152,56.4,2.2347501
OPUSDT,BUY,LIMIT,1702003906152,50.2,2.2347360
OPUSDT,BUY,LIMIT,1702003907304,24.8,2.2362745
OPUSDT,BUY,LIMIT,1702003908514,464.1,2.2368960
OPUSDT,BUY,LIMIT,1702003909651,425.5,2.2376646
OPUSDT,BUY,LIMIT,1702003944224,172.6,2.2331187
OPUSDT,BUY,LIMIT,1702003950521,45.0,2.2334206
OPUSDT,BUY,LIMIT,1702003951528,23.0,2.2348290
OPUSDT,BUY,LIMIT,1702003956262,3.6,2.2333999
OPUSDT,BUY,LIMIT,1702003960248,745.7,2.2355331
OPUSDT,BUY,LIMIT,1702003964388,18.4,2.2356007
OPUSDT,BUY,LIMIT,1702004042022,300.0,2.2332194
OPUSDT,BUY,LIMIT,1702004203068,3778.6,2.2411079
OPUSDT,BUY,LIMIT,1702004205151,28.0,2.2380131
OPUSDT,BUY,LIMIT,1702004206272,142.1,2.2380088
OPUSDT,BUY,LIMIT,1702004207499,725.0,2.2395077
OPUSDT,BUY,LIMIT,1702004208688,19.2,2.2401877
OPUSDT,SELL,LIMIT,1702004580667,6.8,2.1824826
OPUSDT,SELL,LIMIT,1702004658038,32.4,2.1769461
OPUSDT,SELL,LIMIT,1702004661369,690.4,2.1764425
OPUSDT,SELL,LIMIT,1702004663893,553.8,2.1756860
OPUSDT,SELL,LIMIT,1702004680663,26.0,2.1711410
OPUSDT,SELL,LIMIT,1702004762881,1504.7,2.1691328
OPUSDT,SELL,LIMIT,1702004924582,10.3,2.1653528
OPUSDT,BUY,LIMIT,1702005300047,226.0,2.1901294
OPUSDT,BUY,LIMIT,1702005578952,17.3,2.2013797
OPUSDT,SELL,LIMIT,1702005951491,442.0,2.1614431
OPUSDT,SELL,LIMIT,1702005960697,36.1,2.1601430
OPUSDT,SELL,LIMIT,1702005962252,191.6,2.1591655
OPUSDT,SELL,LIMIT,1702005977811,75.6,2.1564401
OPUSDT,SELL,LIMIT,1702006015458,222.6,2.1560274
OPUSDT,SELL,LIMIT,1702006050388,1.3,2.1527007
OPUSDT,SELL,LIMIT,1702006222607,1000.0,2.1500709
OPUSDT,BUY,LIMIT,1702006409324,60.1,2.1936380
OPUSDT,BUY,LIMIT,1702006443248,101.6,2.1942871
OPUSDT,BUY,LIMIT,1702006593205,10.0,2.1933448
OPUSDT,BUY,LIMIT,1702006594909,187.7,2.1933249
OPUSDT,BUY,LIMIT,1702007011384,48.9,2.1954057
OPUSDT,BUY,LIMIT,1702007154540,15.4,2.1974057
OPUSDT,BUY,LIMIT,1702007199538,464.9,2.2073158
OPUSDT,BUY,LIMIT,1702007942933,815.5,2.1964372
OPUSDT,BUY,LIMIT,1702008796967,710.9,2.2053351
OPUSDT,BUY,LIMIT,1702008919479,10000.0,2.2174732
OPUSDT,BUY,LIMIT,1702009271489,415.7,2.2016254
OPUSDT,BUY,LIMIT,1702009383213,714.7,2.2049026
OPUSDT,BUY,LIMIT,1702009699124,37.8,2.2163456
OPUSDT,BUY,LIMIT,1702009703462,2277.4,2.2184405
OPUSDT,BUY,LIMIT,1702009864884,21.1,2.2206749
OPUSDT,BUY,LIMIT,1702009987727,29.3,2.2079687
OPUSDT,SELL,LIMIT,1702010327917,163.2,2.1752164
OPUSDT,SELL,LIMIT,1702010355088,21.5,2.1575501
OPUSDT,SELL,LIMIT,1702010356220,42.7,2.1577143
OPUSDT,SELL,LIMIT,1702010357408,20.0,2.1564726
OPUSDT,SELL,LIMIT,1702010393344,18.3,2.1548900
OPUSDT,SELL,LIMIT,1702010407404,56.1,2.1526046
OPUSDT,SELL,LIMIT,1702010437698,725.5,2.1508201
OPUSDT,SELL,LIMIT,1702010442300,117.6,2.1495525
OPUSDT,SELL,LIMIT,1702010452749,155.8,2.1491241
OPUSDT,SELL,LIMIT,1702010455500,781.9,2.1487222
OPUSDT,SELL,LIMIT,1702010458725,706.7,2.1481136
OPUSDT,SELL,LIMIT,1702010468606,154.1,2.1474222
OPUSDT,SELL,LIMIT,1702010484935,4.2,2.1458081
OPUSDT,SELL,LIMIT,1702010494212,32.9,2.1430290
OPUSDT,SELL,LIMIT,1702010495282,1054.6,2.1427548
OPUSDT,SELL,LIMIT,1702010986775,50.0,2.1415410
OPUSDT,SELL,LIMIT,1702011009145,898.5,2.1381935
OPUSDT,BUY,LIMIT,1702011149188,1765.4,2.1706766
OPUSDT,SELL,LIMIT,1702011512941,45.5,2.1491887
OPUSDT,BUY,LIMIT,1702011608370,45.4,2.1586930
OPUSDT,BUY,LIMIT,1702011786438,58.1,2.1862686
OPUSDT,BUY,LIMIT,1702011945444,350.0,2.1835204
OPUSDT,BUY,LIMIT,1702011958439,49.0,2.1861765
OPUSDT,BUY,LIMIT,1702012656610,143.8,2.1943176
OPUSDT,BUY,LIMIT,1702012658673,209.0,2.1945504
OPUSDT,BUY,LIMIT,1702012744629,2174.5,2.1949155
OPUSDT,BUY,LIMIT,1702012746266,46.4,2.1955952
OPUSDT,BUY,LIMIT,1702012881367,2321.1,2.1966492
OPUSDT,BUY,LIMIT,1702012952885,71.3,2.1998771
OPUSDT,BUY,LIMIT,1702012990176,347.4,2.2010681
OPUSDT,BUY,LIMIT,1702013020521,4.2,2.2023106
OPUSDT,BUY,LIMIT,1702013032260,410.6,2.2025468
OPUSDT,BUY,LIMIT,1702013056322,17.5,2.2028336
OPUSDT,SELL,LIMIT,1702013093279,21.4,2.1705979
OPUSDT,BUY,LIMIT,1702013306444,55.8,2.1984117
OPUSDT,BUY,LIMIT,1702013310021,20.0,2.1969265
OPUSDT,BUY,LIMIT,1702013539146,42.9,2.2018126
OPUSDT,BUY,LIMIT,1702013766349,8.9,2.2047085
OPUSDT,BUY,LIMIT,1702014019806,27.4,2.2062592
OPUSDT,BUY,LIMIT,1702014025097,286.9,2.2074765
OPUSDT,BUY,LIMIT,1702014078336,144.1,2.2087959
OPUSDT,BUY,LIMIT,1702014085847,313.4,2.2105865
OPUSDT,BUY,LIMIT,1702014101704,193.2,2.2113832
OPUSDT,BUY,LIMIT,1702014147370,640.0,2.2134657
OPUSDT,BUY,LIMIT,1702014185708,8.9,2.2151591
OPUSDT,BUY,LIMIT,1702014191655,42.2,2.2166454
OPUSDT,BUY,LIMIT,1702014194367,296.9,2.2169663
OPUSDT,BUY,LIMIT,1702014202057,440.9,2.2183471
OPUSDT,BUY,LIMIT,1702015876601,1056.1,2.2069443
OPUSDT,BUY,LIMIT,1702015879341,21.0,2.2100106
OPUSDT,BUY,LIMIT,1702015987107,2.4,2.2180487
OPUSDT,BUY,LIMIT,1702015994502,30.0,2.2188804
OPUSDT,BUY,LIMIT,1702016011989,55.1,2.2207502
OPUSDT,BUY,LIMIT,1702016093224,597.2,2.2222846
OPUSDT,BUY,LIMIT,1702016475823,13151.6,2.2210178
OPUSDT,BUY,LIMIT,1702016482862,226.8,2.2135663
OPUSDT,BUY,LIMIT,1702016520287,163.5,2.2224390
OPUSDT,BUY,LIMIT,1702016587623,50.0,2.2262613
OPUSDT,BUY,LIMIT,1702016589092,137.3,2.2272432
OPUSDT,BUY,LIMIT,1702016590298,156.1,2.2266313
OPUSDT,BUY,LIMIT,1702016597276,11.0,2.2283074
OPUSDT,BUY,LIMIT,1702016601044,10.2,2.2298322
OPUSDT,BUY,LIMIT,1702016602079,43.4,2.2313972
OPUSDT,BUY,LIMIT,1702016607579,22.9,2.2320028
OPUSDT,BUY,LIMIT,1702016652644,1071.2,2.2328056
OPUSDT,BUY,LIMIT,1702016653920,667.5,2.2331185
OPUSDT,BUY,LIMIT,1702016655235,4.7,2.2337086
OPUSDT,BUY,LIMIT,1702016658204,2.3,2.2350479
OPUSDT,BUY,LIMIT,1702016662314,73.7,2.2360391
OPUSDT,BUY,LIMIT,1702016663368,236.5,2.2361154
OPUSDT,BUY,LIMIT,1702016664385,116.4,2.2362949
OPUSDT,BUY,LIMIT,1702016672944,46.4,2.2366610
OPUSDT,BUY,LIMIT,1702016703283,60.9,2.2372921
OPUSDT,BUY,LIMIT,1702016704413,23.5,2.2380905
OPUSDT,BUY,LIMIT,1702016707424,14.8,2.2395756
OPUSDT,BUY,LIMIT,1702016737633,20.5,2.2401969
OPUSDT,BUY,LIMIT,1702016739269,437.7,2.2406429
OPUSDT,BUY,LIMIT,1702016741296,137.5,2.2410248
OPUSDT,BUY,LIMIT,1702016742519,3647.2,2.2447092
OPUSDT,BUY,LIMIT,1702016744967,262.5,2.2424455
OPUSDT,BUY,LIMIT,1702016747169,13.8,2.2433560
OPUSDT,BUY,LIMIT,1702016748252,168.5,2.2433560
OPUSDT,BUY,LIMIT,1702016749303,231.3,2.2448969
OPUSDT,BUY,LIMIT,1702016750527,704.1,2.2438775
OPUSDT,BUY,LIMIT,1702016753076,180.2,2.2450054
OPUSDT,BUY,LIMIT,1702016754475,3.0,2.2455639
OPUSDT,BUY,LIMIT,1702017103110,207.3,2.2411657
OPUSDT,BUY,LIMIT,1702017105160,123.1,2.2455386
OPUSDT,BUY,LIMIT,1702017106846,20343.0,2.2535668
OPUSDT,BUY,LIMIT,1702017108457,971.6,2.2461251
OPUSDT,BUY,LIMIT,1702017109647,146.6,2.2473159
OPUSDT,BUY,LIMIT,1702017110685,1207.2,2.2476033
OPUSDT,BUY,LIMIT,1702017111700,1600.9,2.2508193
OPUSDT,BUY,LIMIT,1702017113050,30.0,2.2552872
OPUSDT,BUY,LIMIT,1702017114152,64.3,2.2547060
OPUSDT,BUY,LIMIT,1702017115185,35.5,2.2557079
OPUSDT,BUY,LIMIT,1702017116213,717.1,2.2561764
OPUSDT,BUY,LIMIT,1702017118220,2512.4,2.2583047
OPUSDT,BUY,LIMIT,1702017119978,446.7,2.2576917
OPUSDT,BUY,LIMIT,1702017124135,21.6,2.2581959
OPUSDT,BUY,LIMIT,1702017125218,1088.0,2.2580800
OPUSDT,BUY,LIMIT,1702017128127,14.8,2.2590184
OPUSDT,BUY,LIMIT,1702017129169,16.9,2.2599261
OPUSDT,BUY,LIMIT,1702017233067,345.2,2.2525483
OPUSDT,BUY,LIMIT,1702017645238,345.2,2.2518344
OPUSDT,BUY,LIMIT,1702017797985,66.7,2.2420598
OPUSDT,BUY,LIMIT,1702017801624,10.7,2.2430781
OPUSDT,BUY,LIMIT,1702018094346,68.2,2.2525049
OPUSDT,BUY,LIMIT,1702018172588,189.6,2.2536894
OPUSDT,BUY,LIMIT,1702018199514,532.0,2.2572627
OPUSDT,BUY,LIMIT,1702018385312,2.3,2.2598543
OPUSDT,BUY,LIMIT,1702018479895,2321.5,2.2566739
OPUSDT,BUY,LIMIT,1702018687265,103.0,2.2082176
OPUSDT,BUY,LIMIT,1702018955383,19.0,2.2417595
OPUSDT,SELL,LIMIT,1702019140232,89.4,2.2008919
OPUSDT,SELL,LIMIT,1702019147548,14.3,2.2002637
OPUSDT,SELL,LIMIT,1702019152748,178.2,2.1991181
OPUSDT,SELL,LIMIT,1702019172167,1752.0,2.2151705
OPUSDT,SELL,LIMIT,1702019206486,307.3,2.1979272
OPUSDT,BUY,LIMIT,1702019349069,76.7,2.2279369
OPUSDT,SELL,LIMIT,1702019432384,221.5,2.1936691
OPUSDT,SELL,LIMIT,1702019433496,17.6,2.1939743
OPUSDT,SELL,LIMIT,1702019962523,358.0,2.1899629
OPUSDT,SELL,LIMIT,1702019966339,4.9,2.1895492
OPUSDT,SELL,LIMIT,1702020075997,3.7,2.1849721
OPUSDT,SELL,LIMIT,1702020122977,22.6,2.1844906
OPUSDT,SELL,LIMIT,1702020191499,10.0,2.1848457
OPUSDT,SELL,LIMIT,1702020223404,1349.7,2.1814325
OPUSDT,SELL,LIMIT,1702020437313,47.7,2.1802998
OPUSDT,SELL,LIMIT,1702020439512,4.5,2.1798265
OPUSDT,SELL,LIMIT,1702020491587,2236.3,2.1776279
OPUSDT,SELL,LIMIT,1702020495190,272.9,2.1764148
OPUSDT,SELL,LIMIT,1702020496885,1140.1,2.1726970
OPUSDT,SELL,LIMIT,1702020519613,217.4,2.1714584
OPUSDT,SELL,LIMIT,1702020521199,440.7,2.1702244
OPUSDT,SELL,LIMIT,1702020523272,154.8,2.1687834
OPUSDT,SELL,LIMIT,1702020545422,3.2,2.1673621
OPUSDT,SELL,LIMIT,1702020562654,198.1,2.1658089
OPUSDT,SELL,LIMIT,1702020573378,117.6,2.1628629
OPUSDT,SELL,LIMIT,1702020578627,139.1,2.1624060
OPUSDT,SELL,LIMIT,1702020585831,14.6,2.1617186
OPUSDT,SELL,LIMIT,1702020591675,164.4,2.1608567
OPUSDT,SELL,LIMIT,1702020599465,227.3,2.1757221
OPUSDT,SELL,LIMIT,1702021485298,31.7,2.1666669
OPUSDT,SELL,LIMIT,1702021896993,134.2,2.1585107
OPUSDT,SELL,LIMIT,1702021899214,677.0,2.1571207
OPUSDT,SELL,LIMIT,1702021903073,443.7,2.1560488
OPUSDT,SELL,LIMIT,1702021913493,71.9,2.1548591
OPUSDT,SELL,LIMIT,1702021916620,490.9,2.1541505
OPUSDT,SELL,LIMIT,1702021918313,19.2,2.1537117
OPUSDT,SELL,LIMIT,1702021950326,9.4,2.1514147
OPUSDT,SELL,LIMIT,1702021957696,268.5,2.1505249
OPUSDT,SELL,LIMIT,1702022045127,616.4,2.1491513
OPUSDT,SELL,LIMIT,1702022068918,200.2,2.1474589
OPUSDT,SELL,LIMIT,1702022071120,2243.9,2.1471117
OPUSDT,SELL,LIMIT,1702022077530,57.0,2.1464440
OPUSDT,SELL,LIMIT,1702022258534,5.7,2.1453476
OPUSDT,SELL,LIMIT,1702022260136,295.5,2.1442366
OPUSDT,SELL,LIMIT,1702022261201,189.2,2.1433054
OPUSDT,SELL,LIMIT,1702022272310,30.0,2.1427574
OPUSDT,SELL,LIMIT,1702022399960,52.7,2.1451166
OPUSDT,SELL,LIMIT,1702022552362,1745.7,2.1417719
OPUSDT,SELL,LIMIT,1702022554136,129.3,2.1411755
OPUSDT,SELL,LIMIT,1702022555377,1026.5,2.1412749
OPUSDT,SELL,LIMIT,1702022556636,1237.8,2.1411742
OPUSDT,SELL,LIMIT,1702022565936,143.4,2.1400051
OPUSDT,SELL,LIMIT,1702022569496,799.9,2.1382638
OPUSDT,SELL,LIMIT,1702022571514,842.3,2.1379090
OPUSDT,SELL,LIMIT,1702022572844,2251.1,2.1369869
OPUSDT,SELL,LIMIT,1702022574202,237.6,2.1354697
OPUSDT,SELL,LIMIT,1702022576409,185.2,2.1315128
OPUSDT,SELL,LIMIT,1702022582467,70.4,2.1308529
OPUSDT,SELL,LIMIT,1702023244055,190.6,2.1302708
OPUSDT,SELL,LIMIT,1702023247320,1.4,2.1294712
OPUSDT,SELL,LIMIT,1702023268080,83.9,2.1312321
OPUSDT,SELL,LIMIT,1702024542438,319.3,2.1418597
OPUSDT,SELL,LIMIT,1702025752105,160.9,2.1279210
OPUSDT,SELL,LIMIT,1702025753377,85.1,2.1267536
OPUSDT,SELL,LIMIT,1702025755335,38.8,2.1262641
OPUSDT,SELL,LIMIT,1702025756426,4.5,2.1239196
OPUSDT,SELL,LIMIT,1702025779543,13.6,2.1231815
OPUSDT,SELL,LIMIT,1702025781700,105.1,2.1223447
OPUSDT,SELL,LIMIT,1702025795726,125.7,2.1216094
OPUSDT,SELL,LIMIT,1702025822011,1186.7,2.1214943
OPUSDT,SELL,LIMIT,1702025908095,46.2,2.1206544
OPUSDT,SELL,LIMIT,1702025929882,4.4,2.1193142
OPUSDT,SELL,LIMIT,1702026251515,21.4,2.1188567
OPUSDT,SELL,LIMIT,1702026269098,542.2,2.1182110
OPUSDT,SELL,LIMIT,1702026274094,142.9,2.1172078
OPUSDT,SELL,LIMIT,1702026275094,801.3,2.1178527
OPUSDT,SELL,LIMIT,1702026311112,5.2,2.1164919
OPUSDT,SELL,LIMIT,1702026636108,472.5,2.1159879
OPUSDT,SELL,LIMIT,1702026651001,1158.5,2.1148463
OPUSDT,SELL,LIMIT,1702026656233,128.2,2.1146207
OPUSDT,SELL,LIMIT,1702026657385,58.3,2.1143259
OPUSDT,SELL,LIMIT,1702026707397,23.6,2.1134610
OPUSDT,SELL,LIMIT,1702026708530,135.1,2.1133511
OPUSDT,SELL,LIMIT,1702026721367,114.8,2.1125592
OPUSDT,SELL,LIMIT,1702026723333,77.9,2.1122505
OPUSDT,SELL,LIMIT,1702026726820,3.3,2.1114460
OPUSDT,SELL,LIMIT,1702026831735,3.3,2.1110028
OPUSDT,SELL,LIMIT,1702026833723,7.1,2.1107439
OPUSDT,SELL,LIMIT,1702027805782,167.3,2.1104861
OPUSDT,BUY,LIMIT,1702028554600,7.0,2.0827592
OPUSDT,SELL,LIMIT,1702028713586,15.1,2.1103743
OPUSDT,BUY,LIMIT,1702028941254,1663.1,2.1400261
OPUSDT,SELL,LIMIT,1702029037071,103.9,2.1098252
OPUSDT,SELL,LIMIT,1702029038169,2.3,2.1081715
OPUSDT,SELL,LIMIT,1702029060222,209.2,2.1074203
OPUSDT,SELL,LIMIT,1702029061406,344.9,2.1056481
OPUSDT,SELL,LIMIT,1702029064323,7.1,2.1050170
OPUSDT,SELL,LIMIT,1702029067313,1041.4,2.1044236
OPUSDT,SELL,LIMIT,1702029068444,4.8,2.1040002
OPUSDT,SELL,LIMIT,1702029079233,476.8,2.1029439
OPUSDT,SELL,LIMIT,1702029082373,49.4,2.1026564
OPUSDT,SELL,LIMIT,1702029083609,25.0,2.1011822
OPUSDT,SELL,LIMIT,1702029086379,9.1,2.1005769
OPUSDT,SELL,LIMIT,1702029118332,62.4,2.0999593
OPUSDT,SELL,LIMIT,1702029137209,84.9,2.0981549
OPUSDT,SELL,LIMIT,1702029138246,2031.7,2.0976912
OPUSDT,SELL,LIMIT,1702029139252,1752.4,2.0975300
OPUSDT,SELL,LIMIT,1702029140272,23.7,2.0964200
OPUSDT,SELL,LIMIT,1702029159014,547.6,2.0947606
OPUSDT,SELL,LIMIT,1702029162051,2050.0,2.0938626
OPUSDT,SELL,LIMIT,1702029279522,3.2,2.0933518
OPUSDT,SELL,LIMIT,1702029284798,127.2,2.0925333
OPUSDT,SELL,LIMIT,1702029533043,209.2,2.0907021
OPUSDT,SELL,LIMIT,1702029534115,16.4,2.0901798
OPUSDT,SELL,LIMIT,1702029535834,110.9,2.0884203
OPUSDT,SELL,LIMIT,1702029616146,2.9,2.0861631
OPUSDT,SELL,LIMIT,1702029617264,2.3,2.0852125
OPUSDT,SELL,LIMIT,1702029698310,2348.3,2.0836337
OPUSDT,BUY,LIMIT,1702029879510,2382.6,2.1177627
OPUSDT,BUY,LIMIT,1702029975882,60.2,2.1203101
OPUSDT,BUY,LIMIT,1702030320245,2.5,2.1266534
OPUSDT,BUY,LIMIT,1702030984270,4.0,2.1112180
OPUSDT,BUY,LIMIT,1702031154189,607.4,2.1383954
OPUSDT,BUY,LIMIT,1702031155643,7.1,2.1393187
OPUSDT,BUY,LIMIT,1702031249674,755.0,2.1394597
OPUSDT,BUY,LIMIT,1702031255028,238.2,2.1401752
OPUSDT,BUY,LIMIT,1702031450074,1780.0,2.1437006
OPUSDT,BUY,LIMIT,1702032255635,10.0,2.1393287
OPUSDT,BUY,LIMIT,1702032325465,82.1,2.1449582
OPUSDT,BUY,LIMIT,1702034030418,66.9,2.1479397
OPUSDT,BUY,LIMIT,1702034048454,12.5,2.1497222
OPUSDT,BUY,LIMIT,1702034067196,11.5,2.1509697
OPUSDT,BUY,LIMIT,1702034069162,196.0,2.1516760
OPUSDT,BUY,LIMIT,1702034070188,3.6,2.1514440
OPUSDT,BUY,LIMIT,1702034078807,4.3,2.1523973
OPUSDT,BUY,LIMIT,1702034092884,1960.2,2.1524067
OPUSDT,BUY,LIMIT,1702034094495,937.1,2.1528796
OPUSDT,BUY,LIMIT,1702034099352,679.5,2.1533157
OPUSDT,BUY,LIMIT,1702034103381,250.0,2.1544197
OPUSDT,BUY,LIMIT,1702034288127,44.4,2.1553010
OPUSDT,BUY,LIMIT,1702034315543,344.2,2.1573497
OPUSDT,BUY,LIMIT,1702034318421,111.8,2.1575773
OPUSDT,BUY,LIMIT,1702034323115,536.8,2.1597385
OPUSDT,BUY,LIMIT,1702034324979,714.3,2.1599394
OPUSDT,BUY,LIMIT,1702034328633,2.7,2.1608542
OPUSDT,BUY,LIMIT,1702034769520,33.7,2.1582768
OPUSDT,BUY,LIMIT,1702034788515,21.0,2.1581260
OPUSDT,BUY,LIMIT,1702035159138,18.1,2.1587753
OPUSDT,BUY,LIMIT,1702035164063,0.2,2.1604750
OPUSDT,BUY,LIMIT,1702035175778,162.3,2.1608266
OPUSDT,BUY,LIMIT,1702035307190,652.4,2.1608498
OPUSDT,BUY,LIMIT,1702035443110,66.7,2.1590792
OPUSDT,BUY,LIMIT,1702035493724,353.5,2.1612730
OPUSDT,BUY,LIMIT,1702035538062,26.9,2.1644594
OPUSDT,BUY,LIMIT,1702035570962,2.9,2.1656160
OPUSDT,BUY,LIMIT,1702035576731,1903.6,2.1655484
OPUSDT,BUY,LIMIT,1702035582455,2.4,2.1663355
OPUSDT,BUY,LIMIT,1702035597480,151.4,2.1677500
OPUSDT,BUY,LIMIT,1702035599890,249.0,2.1694915
OPUSDT,BUY,LIMIT,1702035646427,42.8,2.1706804
OPUSDT,BUY,LIMIT,1702035647924,23.1,2.1711255
OPUSDT,BUY,LIMIT,1702035847175,52.8,2.1705979
OPUSDT,BUY,LIMIT,1702035929053,8.7,2.1664520
OPUSDT,BUY,LIMIT,1702036087117,487.8,2.1726808
OPUSDT,BUY,LIMIT,1702036094371,935.6,2.1733977
OPUSDT,BUY,LIMIT,1702036106673,8.3,2.1714384
OPUSDT,BUY,LIMIT,1702036158238,1000.0,2.1381023
OPUSDT,SELL,LIMIT,1702036948113,81.5,2.1172848
OPUSDT,SELL,LIMIT,1702037074754,4.8,2.1202209
OPUSDT,BUY,LIMIT,1702038481374,672.4,2.1473101
OPUSDT,BUY,LIMIT,1702038484507,700.0,2.1516572
OPUSDT,SELL,LIMIT,1702038498616,581.2,2.1327265
OPUSDT,SELL,LIMIT,1702038646625,2330.7,2.1249733
OPUSDT,BUY,LIMIT,1702038713493,99.0,2.1386095
OPUSDT,SELL,LIMIT,1702038869217,237.7,2.1163081
OPUSDT,SELL,LIMIT,1702039103326,6.3,2.1195219
OPUSDT,SELL,LIMIT,1702039162338,32.4,2.1122981
OPUSDT,SELL,LIMIT,1702039173091,202.4,2.1112182
OPUSDT,BUY,LIMIT,1702039326363,115.1,2.1422103
OPUSDT,SELL,LIMIT,1702041404946,2.8,2.1286265
OPUSDT,BUY,LIMIT,1702041822324,4.3,2.1542272
OPUSDT,BUY,LIMIT,1702041931386,18.6,2.1331286
OPUSDT,SELL,LIMIT,1702042237077,28.4,2.1117531
OPUSDT,BUY,LIMIT,1702042238182,6.3,2.1349166
OPUSDT,SELL,LIMIT,1702042242623,3.1,2.1080891
OPUSDT,SELL,LIMIT,1702042244445,3.0,2.1074307
OPUSDT,SELL,LIMIT,1702042245736,430.0,2.1057308
OPUSDT,SELL,LIMIT,1702042273316,1052.1,2.1048945
OPUSDT,BUY,LIMIT,1702042369643,3.8,1.4377144
OPUSDT,BUY,LIMIT,1702042863732,517.9,2.1342696
OPUSDT,SELL,LIMIT,1702043009644,124.6,2.1009185
OPUSDT,SELL,LIMIT,1702043031442,155.0,2.1005966
OPUSDT,SELL,LIMIT,1702043032598,80.1,2.1003377
OPUSDT,SELL,LIMIT,1702043041818,5.2,2.0984772
OPUSDT,SELL,LIMIT,1702043172717,290.3,2.0981001
OPUSDT,SELL,LIMIT,1702043193596,82.6,2.0966356
OPUSDT,SELL,LIMIT,1702043195885,22.5,2.0950801
OPUSDT,SELL,LIMIT,1702043197557,395.6,2.0946318
OPUSDT,SELL,LIMIT,1702043199278,19.5,2.0937073
OPUSDT,SELL,LIMIT,1702043208895,500.0,2.0924568
OPUSDT,SELL,LIMIT,1702043638667,589.1,2.0908525
OPUSDT,SELL,LIMIT,1702043705229,48.3,2.0897267
OPUSDT,SELL,LIMIT,1702043748174,41.8,2.0882821
OPUSDT,SELL,LIMIT,1702043777341,398.6,2.0878194
OPUSDT,SELL,LIMIT,1702043779107,6.3,2.0866599
OPUSDT,SELL,LIMIT,1702043781177,307.7,2.0862400
OPUSDT,SELL,LIMIT,1702043786024,469.4,2.0856877
OPUSDT,BUY,LIMIT,1702043800417,9.9,2.0999369
OPUSDT,SELL,LIMIT,1702043801803,411.0,2.0840389
OPUSDT,SELL,LIMIT,1702043803273,5.8,2.0837312
OPUSDT,SELL,LIMIT,1702043805254,220.0,2.0828794
OPUSDT,SELL,LIMIT,1702043806366,4839.0,2.0755033
OPUSDT,SELL,LIMIT,1702043807456,859.5,2.0797858
OPUSDT,SELL,LIMIT,1702043850199,15.7,2.0773776
OPUSDT,SELL,LIMIT,1702043852324,61.9,2.0766834
OPUSDT,SELL,LIMIT,1702043853473,46.2,2.0726506
OPUSDT,SELL,LIMIT,1702043854556,156.7,2.0734228
OPUSDT,SELL,LIMIT,1702044328071,4.4,2.0830266
OPUSDT,BUY,LIMIT,1702044966044,164.0,2.0954497
OPUSDT,BUY,LIMIT,1702045412373,9.7,2.1089645
OPUSDT,BUY,LIMIT,1702045494861,187.3,2.1170013
OPUSDT,BUY,LIMIT,1702045885456,2356.2,2.1123934
OPUSDT,BUY,LIMIT,1702046144671,7.1,2.1330998
OPUSDT,BUY,LIMIT,1702046716640,61.8,2.1336456
OPUSDT,BUY,LIMIT,1702046820650,48.9,2.1289723
OPUSDT,BUY,LIMIT,1702046851271,2.8,2.1369984
OPUSDT,BUY,LIMIT,1702046927478,322.7,2.1371768
OPUSDT,SELL,LIMIT,1702047550142,156.5,2.1006203
OPUSDT,BUY,LIMIT,1702047656174,100.5,2.1242730
OPUSDT,BUY,LIMIT,1702047833106,3.0,2.1387678
OPUSDT,BUY,LIMIT,1702047835938,38.3,2.1405541
OPUSDT,BUY,LIMIT,1702047843210,816.4,2.1415812
OPUSDT,BUY,LIMIT,1702047845113,19.1,2.1441104
OPUSDT,BUY,LIMIT,1702047846325,2021.2,2.1441303
OPUSDT,BUY,LIMIT,1702048326926,700.0,2.1291198
OPUSDT,SELL,LIMIT,1702049245689,38.6,2.0860580
OPUSDT,SELL,LIMIT,1702049309346,4.6,2.0822066
OPUSDT,SELL,LIMIT,1702049474412,12.4,2.0840919
OPUSDT,SELL,LIMIT,1702049482183,54.2,2.0814671
OPUSDT,SELL,LIMIT,1702050384561,423.1,2.0816197
OPUSDT,BUY,LIMIT,1702050485556,16.8,2.1123358
OPUSDT,BUY,LIMIT,1702050528247,34.3,2.1123576
OPUSDT,SELL,LIMIT,1702050884512,26.5,2.0767767
OPUSDT,SELL,LIMIT,1702050892181,2006.5,2.0750262
OPUSDT,SELL,LIMIT,1702050894429,105.0,2.0737248
OPUSDT,SELL,LIMIT,1702050920393,10.9,2.0777467
OPUSDT,BUY,LIMIT,1702051354509,18.3,2.1063046
OPUSDT,BUY,LIMIT,1702051361670,68.0,2.1069370
OPUSDT,BUY,LIMIT,1702051477042,277.9,2.1073865
OPUSDT,BUY,LIMIT,1702051967092,489.0,2.0921931
OPUSDT,BUY,LIMIT,1702052193565,930.0,2.1195270
OPUSDT,BUY,LIMIT,1702052482530,581.8,2.1208491
OPUSDT,BUY,LIMIT,1702055138356,196.1,2.1266839
OPUSDT,SELL,LIMIT,1702055481591,18.6,2.0963806
OPUSDT,SELL,LIMIT,1702055929356,30.6,2.0719102
OPUSDT,SELL,LIMIT,1702055930401,10.6,2.0723451
OPUSDT,SELL,LIMIT,1702055932074,92.1,2.0699622
OPUSDT,SELL,LIMIT,1702056008356,109.0,2.0746769
OPUSDT,SELL,LIMIT,1702056155652,633.1,2.0770794
OPUSDT,SELL,LIMIT,1702056283401,23.2,2.0709991
OPUSDT,SELL,LIMIT,1702056462854,185.7,2.0692383
OPUSDT,SELL,LIMIT,1702056464231,199.9,2.0683471
OPUSDT,BUY,LIMIT,1702057315206,7.1,2.1277984
OPUSDT,BUY,LIMIT,1702057442427,2.7,2.1285807
OPUSDT,BUY,LIMIT,1702057629192,17.6,2.1290585
OPUSDT,BUY,LIMIT,1702057681863,390.0,2.1344124
OPUSDT,BUY,LIMIT,1702058452084,4.6,2.0868263
OPUSDT,SELL,LIMIT,1702065524072,40.6,2.1039772
OPUSDT,SELL,LIMIT,1702065532346,31.0,2.0992559
OPUSDT,BUY,LIMIT,1702066036175,16.5,2.1341889
OPUSDT,BUY,LIMIT,1702066060123,104.2,2.1335247
OPUSDT,SELL,LIMIT,1702067607367,1158.0,2.1047398
OPUSDT,BUY,LIMIT,1702068284737,69.2,2.1349656
OPUSDT,BUY,LIMIT,1702068632982,16.4,2.1265976
OPUSDT,BUY,LIMIT,1702068821077,354.6,2.1285673
OPUSDT,SELL,LIMIT,1702069229390,1058.1,2.1162317
OPUSDT,BUY,LIMIT,1702069250307,1862.7,2.1415755
OPUSDT,SELL,LIMIT,1702069536522,255.8,2.1024137
OPUSDT,SELL,LIMIT,1702070449535,0.1,2.1011401
OPUSDT,BUY,LIMIT,1702070557056,11.9,2.1104186
OPUSDT,BUY,LIMIT,1702070611297,1.9,2.1289342
OPUSDT,BUY,LIMIT,1702070631181,5.9,2.1289900
OPUSDT,SELL,LIMIT,1702070657693,20.0,2.1048526
OPUSDT,BUY,LIMIT,1702070664230,3.0,2.1301790
OPUSDT,BUY,LIMIT,1702070753802,2.5,2.1342254
OPUSDT,BUY,LIMIT,1702070850410,24.8,2.1431041
OPUSDT,BUY,LIMIT,1702070852086,26.8,2.1438805
OPUSDT,BUY,LIMIT,1702070872250,9.3,2.1452330
OPUSDT,BUY,LIMIT,1702070874226,54.0,2.1453882
OPUSDT,BUY,LIMIT,1702072859393,50.6,2.1260803
OPUSDT,BUY,LIMIT,1702072954524,175.2,2.1338340
OPUSDT,BUY,LIMIT,1702074412890,857.3,2.1250708
OPUSDT,BUY,LIMIT,1702074933430,522.6,2.1368445
OPUSDT,BUY,LIMIT,1702078188887,586.6,2.1465138
OPUSDT,BUY,LIMIT,1702078502987,2.8,2.1410771
OPUSDT,BUY,LIMIT,1702078510321,55.7,2.1378273
OPUSDT,BUY,LIMIT,1702078512292,21.4,2.1400637
OPUSDT,BUY,LIMIT,1702079062502,660.5,2.1343741
OPUSDT,BUY,LIMIT,1702080276822,46.9,2.1246707
OPUSDT,BUY,LIMIT,1702080687268,49.9,2.1261354
OPUSDT,BUY,LIMIT,1702080779238,27.5,2.1331995
OPUSDT,BUY,LIMIT,1702081279376,37.6,2.1377737
OPUSDT,BUY,LIMIT,1702081299724,5984.5,2.1477169
OPUSDT,BUY,LIMIT,1702081350717,573.1,2.1432358
OPUSDT,BUY,LIMIT,1702081585139,2.8,2.1482121
OPUSDT,BUY,LIMIT,1702081590906,122.1,2.1504054
OPUSDT,BUY,LIMIT,1702081612916,189.8,2.1511031
OPUSDT,BUY,LIMIT,1702081621697,6.9,2.1547478
OPUSDT,BUY,LIMIT,1702081631706,305.7,2.1562603
OPUSDT,BUY,LIMIT,1702081635436,20.0,2.1559586
OPUSDT,BUY,LIMIT,1702081655392,4.0,2.1570598
OPUSDT,BUY,LIMIT,1702081660363,7.6,2.1584544
OPUSDT,BUY,LIMIT,1702081662120,472.8,2.1587028
OPUSDT,BUY,LIMIT,1702081664457,31.1,2.1591640
OPUSDT,BUY,LIMIT,1702081666010,2369.6,2.1600857
OPUSDT,BUY,LIMIT,1702081703628,10526.3,2.1634389
OPUSDT,BUY,LIMIT,1702081705853,2352.2,2.1586512
OPUSDT,BUY,LIMIT,1702081737842,262.0,2.1436198
OPUSDT,BUY,LIMIT,1702081808723,300.0,2.1565622
OPUSDT,BUY,LIMIT,1702082030902,219.7,2.1604675
OPUSDT,BUY,LIMIT,1702082034264,519.7,2.1617539
OPUSDT,BUY,LIMIT,1702082040236,228.2,2.1648836
OPUSDT,BUY,LIMIT,1702082041252,58.0,2.1655574
OPUSDT,BUY,LIMIT,1702082043045,1586.1,2.1684858
OPUSDT,BUY,LIMIT,1702082044053,2326.4,2.1677219
OPUSDT,BUY,LIMIT,1702082071228,4952.9,2.1663041
OPUSDT,BUY,LIMIT,1702082073207,101.8,2.1717508
OPUSDT,BUY,LIMIT,1702082074335,719.7,2.1705690
OPUSDT,BUY,LIMIT,1702082105322,23.2,2.1697685
OPUSDT,BUY,LIMIT,1702082300224,229.5,2.1600253
OPUSDT,BUY,LIMIT,1702082508372,181.2,2.1482075
OPUSDT,SELL,LIMIT,1702082626477,101.5,2.1161212
OPUSDT,SELL,LIMIT,1702083347306,5.0,2.1082321
OPUSDT,SELL,LIMIT,1702083961746,470.9,2.0948572
OPUSDT,SELL,LIMIT,1702083990128,50.0,2.0933641
OPUSDT,SELL,LIMIT,1702084035766,16.3,2.0897906
OPUSDT,SELL,LIMIT,1702084072158,65.8,2.0890724
OPUSDT,SELL,LIMIT,1702084087488,1049.9,2.0854837
OPUSDT,BUY,LIMIT,1702084089255,70.0,2.1107892
OPUSDT,SELL,LIMIT,1702084094879,78.5,2.0849712
OPUSDT,SELL,LIMIT,1702084096153,5.1,2.0848594
OPUSDT,SELL,LIMIT,1702084101336,47.0,2.0841824
OPUSDT,SELL,LIMIT,1702084103163,983.8,2.0829210
OPUSDT,SELL,LIMIT,1702084105714,613.9,2.0816171
OPUSDT,SELL,LIMIT,1702084107335,126.7,2.0809821
OPUSDT,BUY,LIMIT,1702084702106,200.0,2.1276053
OPUSDT,BUY,LIMIT,1702090510330,34.6,2.1247070
OPUSDT,BUY,LIMIT,1702092199677,120.7,2.1399695
OPUSDT,SELL,LIMIT,1702093734642,301.3,2.1016321
OPUSDT,BUY,LIMIT,1702094608169,84.3,2.1302849
OPUSDT,BUY,LIMIT,1702094757471,69.2,2.1283277
OPUSDT,BUY,LIMIT,1702094844211,10.0,2.1283446
OPUSDT,SELL,LIMIT,1702095027085,45.9,2.1026083
OPUSDT,BUY,LIMIT,1702098506365,178.1,2.1252271
OPUSDT,BUY,LIMIT,1702098904795,760.9,2.1396493
OPUSDT,BUY,LIMIT,1702099260958,143.3,2.1540057
OPUSDT,BUY,LIMIT,1702101616984,20.6,2.1557327
OPUSDT,BUY,LIMIT,1702101673138,583.7,2.1573904
OPUSDT,BUY,LIMIT,1702101679628,315.2,2.1581798
OPUSDT,BUY,LIMIT,1702101693819,50.6,2.1602204
OPUSDT,BUY,LIMIT,1702101699716,3.9,2.1605244
OPUSDT,BUY,LIMIT,1702101777542,140.2,2.1635647
OPUSDT,BUY,LIMIT,1702101888030,323.6,2.1663355
OPUSDT,BUY,LIMIT,1702101902674,2216.1,2.1705455
OPUSDT,BUY,LIMIT,1702101919982,117.9,2.1724731
OPUSDT,BUY,LIMIT,1702101947765,897.2,2.1691371
OPUSDT,BUY,LIMIT,1702102060552,94.3,2.1729568
OPUSDT,BUY,LIMIT,1702102075557,4.7,2.1643365
OPUSDT,BUY,LIMIT,1702102171376,1053.2,2.1703122
OPUSDT,BUY,LIMIT,1702103174129,204.9,2.1672505
OPUSDT,BUY,LIMIT,1702103366887,80.0,2.1637189
OPUSDT,BUY,LIMIT,1702103462897,25.9,2.1633023
OPUSDT,BUY,LIMIT,1702103510384,226.1,2.1391563
OPUSDT,SELL,LIMIT,1702103513212,23.7,2.1350127
OPUSDT,BUY,LIMIT,1702103525669,43.7,2.1628718
OPUSDT,BUY,LIMIT,1702103596062,16.0,2.1456743
OPUSDT,SELL,LIMIT,1702104005075,2315.7,2.1161490
OPUSDT,BUY,LIMIT,1702104950881,17.8,2.1504245
OPUSDT,BUY,LIMIT,1702104960062,14.0,2.1517480
OPUSDT,BUY,LIMIT,1702104981222,279.1,2.1509920
OPUSDT,BUY,LIMIT,1702105659995,2.9,2.1482356
OPUSDT,BUY,LIMIT,1702105689810,26.7,2.1569645
OPUSDT,BUY,LIMIT,1702105908477,45.1,2.1631521
OPUSDT,BUY,LIMIT,1702106134645,25.2,2.1737779
OPUSDT,BUY,LIMIT,1702106260013,173.6,2.1762149
OPUSDT,BUY,LIMIT,1702106284799,10.3,2.1770687
OPUSDT,BUY,LIMIT,1702106827841,18.3,2.1707769
OPUSDT,BUY,LIMIT,1702106865504,1259.1,2.1726824
OPUSDT,BUY,LIMIT,1702107384479,32.4,2.1537580
OPUSDT,SELL,LIMIT,1702107524333,57.7,2.1333320
OPUSDT,BUY,LIMIT,1702107857517,139.2,2.1578941
OPUSDT,BUY,LIMIT,1702107981264,330.0,2.1562604
OPUSDT,BUY,LIMIT,1702108018414,175.8,2.1593920
OPUSDT,BUY,LIMIT,1702108071031,8.0,2.1552543
OPUSDT,BUY,LIMIT,1702108112632,0.2,2.1074345
OPUSDT,BUY,LIMIT,1702108764663,24.1,2.1534030
OPUSDT,BUY,LIMIT,1702108849078,3000.0,2.1758523
OPUSDT,BUY,LIMIT,1702108851499,58.8,2.1755268
OPUSDT,BUY,LIMIT,1702108884300,1150.0,2.1766827
OPUSDT,BUY,LIMIT,1702108908388,8.6,2.1759809
OPUSDT,BUY,LIMIT,1702108927154,12.4,2.1702993
OPUSDT,BUY,LIMIT,1702109006536,6.8,2.1693480
OPUSDT,BUY,LIMIT,1702109028262,16.4,2.1790927
OPUSDT,BUY,LIMIT,1702109030265,4.4,2.1797198
OPUSDT,BUY,LIMIT,1702109033473,316.2,2.1802569
OPUSDT,BUY,LIMIT,1702109164231,54.3,2.1812727
OPUSDT,BUY,LIMIT,1702109244833,765.7,2.1829484
OPUSDT,BUY,LIMIT,1702109246354,950.0,2.1843278
OPUSDT,BUY,LIMIT,1702109248010,66.6,2.1846598
OPUSDT,BUY,LIMIT,1702109258887,32.2,2.1855538
OPUSDT,BUY,LIMIT,1702109411924,394.5,2.1826993
OPUSDT,BUY,LIMIT,1702109475347,34.1,2.1845153
OPUSDT,BUY,LIMIT,1702109494015,813.4,2.1878925
OPUSDT,BUY,LIMIT,1702109501617,4.6,2.1883970
OPUSDT,BUY,LIMIT,1702109503303,66.3,2.1885740
OPUSDT,BUY,LIMIT,1702109521362,872.1,2.1912353
OPUSDT,BUY,LIMIT,1702109532632,32.0,2.1889553
OPUSDT,BUY,LIMIT,1702109535444,23.6,2.1900148
OPUSDT,BUY,LIMIT,1702109676015,145.9,2.1882535
OPUSDT,BUY,LIMIT,1702109690408,65.0,2.1916279
OPUSDT,BUY,LIMIT,1702109707842,27.6,2.1943823
OPUSDT,BUY,LIMIT,1702109719287,403.5,2.1957517
OPUSDT,BUY,LIMIT,1702109723380,2367.2,2.1966841
OPUSDT,BUY,LIMIT,1702109724766,670.8,2.1964977
OPUSDT,BUY,LIMIT,1702109726270,69.4,2.1966009
OPUSDT,BUY,LIMIT,1702109741906,70.9,2.1964102
OPUSDT,BUY,LIMIT,1702109747540,80.0,2.1974787
OPUSDT,BUY,LIMIT,1702109758300,150.0,2.1962700
OPUSDT,BUY,LIMIT,1702109768134,501.5,2.1988450
OPUSDT,BUY,LIMIT,1702109787113,64.4,2.2015186
OPUSDT,BUY,LIMIT,1702109788488,126.2,2.2009166
OPUSDT,BUY,LIMIT,1702109862995,587.2,2.2015241
OPUSDT,BUY,LIMIT,1702109872244,9.7,2.2035843
OPUSDT,BUY,LIMIT,1702109885575,1862.2,2.2042837
OPUSDT,BUY,LIMIT,1702109886890,147.4,2.2045482
OPUSDT,BUY,LIMIT,1702109888273,165.5,2.2052731
OPUSDT,BUY,LIMIT,1702110005228,17.9,2.2065032
OPUSDT,BUY,LIMIT,1702110018053,287.2,2.2072195
OPUSDT,BUY,LIMIT,1702110019266,2394.1,2.2069901
OPUSDT,BUY,LIMIT,1702110021284,511.3,2.2075270
OPUSDT,BUY,LIMIT,1702110022392,20.3,2.2076219
OPUSDT,BUY,LIMIT,1702110046746,4818.0,2.2135245
OPUSDT,BUY,LIMIT,1702110052394,2.4,2.2092195
OPUSDT,BUY,LIMIT,1702110057099,380.2,2.2102380
OPUSDT,BUY,LIMIT,1702110063077,23.7,2.2105397
OPUSDT,BUY,LIMIT,1702110066079,3.9,2.2108029
OPUSDT,BUY,LIMIT,1702110068448,14.5,2.2117813
OPUSDT,BUY,LIMIT,1702110069493,14.7,2.2122532
OPUSDT,BUY,LIMIT,1702110071054,86.0,2.2134017
OPUSDT,BUY,LIMIT,1702110072107,380.9,2.2141708
OPUSDT,BUY,LIMIT,1702110082422,19.7,2.2158902
OPUSDT,BUY,LIMIT,1702110085472,30.6,2.2171541
OPUSDT,BUY,LIMIT,1702110089206,37.3,2.2190432
OPUSDT,BUY,LIMIT,1702110114760,47.2,2.2213471
OPUSDT,BUY,LIMIT,1702110138379,6.1,2.2216120
OPUSDT,BUY,LIMIT,1702110148111,6.3,2.2223470
OPUSDT,BUY,LIMIT,1702110156319,39.6,2.2232433
OPUSDT,BUY,LIMIT,1702110157545,260.5,2.2238883
OPUSDT,BUY,LIMIT,1702110160492,495.5,2.2255366
OPUSDT,BUY,LIMIT,1702110164237,262.3,2.2255055
OPUSDT,BUY,LIMIT,1702110166075,5.6,2.2269743
OPUSDT,BUY,LIMIT,1702110168720,66.8,2.2277606
OPUSDT,BUY,LIMIT,1702110170259,979.6,2.2292111
OPUSDT,BUY,LIMIT,1702110172387,2799.4,2.2320636
OPUSDT,BUY,LIMIT,1702110178394,108.3,2.2325011
OPUSDT,BUY,LIMIT,1702110186547,525.6,2.2342518
OPUSDT,BUY,LIMIT,1702110192913,46.0,2.2349117
OPUSDT,BUY,LIMIT,1702110194093,175.1,2.2367773
OPUSDT,BUY,LIMIT,1702110196120,121.3,2.2378516
OPUSDT,BUY,LIMIT,1702110198589,301.3,2.2388213
OPUSDT,BUY,LIMIT,1702110200171,87.2,2.2402253
OPUSDT,BUY,LIMIT,1702110202223,23.3,2.2402018
OPUSDT,BUY,LIMIT,1702110205577,46.9,2.2403897
OPUSDT,BUY,LIMIT,1702110210401,1414.8,2.2413407
OPUSDT,BUY,LIMIT,1702110211410,49.4,2.2412061
OPUSDT,BUY,LIMIT,1702110217397,4.9,2.2427895
OPUSDT,BUY,LIMIT,1702110221119,2108.1,2.2429408
OPUSDT,BUY,LIMIT,1702110233231,361.5,2.2455356
OPUSDT,BUY,LIMIT,1702110234277,31.4,2.2445986
OPUSDT,BUY,LIMIT,1702110235424,607.4,2.2472033
OPUSDT,BUY,LIMIT,1702110237686,51.9,2.2486359
OPUSDT,BUY,LIMIT,1702110240160,40.4,2.2500221
OPUSDT,BUY,LIMIT,1702110241530,152.9,2.2506120
OPUSDT,BUY,LIMIT,1702110243107,563.5,2.2520602
OPUSDT,BUY,LIMIT,1702110244183,51.2,2.2547782
OPUSDT,BUY,LIMIT,1702110245281,24.8,2.2551525
OPUSDT,BUY,LIMIT,1702110251356,96.5,2.2565589
OPUSDT,BUY,LIMIT,1702110258259,71.4,2.2560555
OPUSDT,BUY,LIMIT,1702110260056,40.8,2.2575295
OPUSDT,BUY,LIMIT,1702110261342,257.6,2.2605597
OPUSDT,BUY,LIMIT,1702110262464,83.6,2.2607351
OPUSDT,BUY,LIMIT,1702110265127,0.1,2.2617994
OPUSDT,BUY,LIMIT,1702110266172,59.4,2.2613091
OPUSDT,BUY,LIMIT,1702110267522,17.9,2.2632144
OPUSDT,BUY,LIMIT,1702110268916,2.5,2.2637787
OPUSDT,BUY,LIMIT,1702110274058,402.7,2.2661307
OPUSDT,BUY,LIMIT,1702110275084,2399.8,2.2743421
OPUSDT,BUY,LIMIT,1702110276092,29.5,2.2703149
OPUSDT,BUY,LIMIT,1702110277259,499.0,2.2753431
OPUSDT,BUY,LIMIT,1702110278597,94.1,2.2763266
OPUSDT,BUY,LIMIT,1702110280479,1886.0,2.2781755
OPUSDT,BUY,LIMIT,1702110281720,23.1,2.2810699
OPUSDT,BUY,LIMIT,1702110282809,70.6,2.2824542
OPUSDT,BUY,LIMIT,1702110285205,1.3,2.2868996
OPUSDT,BUY,LIMIT,1702110286287,120.7,2.2912775
OPUSDT,BUY,LIMIT,1702110292011,105.2,2.2814152
OPUSDT,BUY,LIMIT,1702110302085,323.2,2.2948510
OPUSDT,BUY,LIMIT,1702110303117,4.5,2.2953458
OPUSDT,BUY,LIMIT,1702110304131,462.3,2.2964113
OPUSDT,BUY,LIMIT,1702110305200,3.5,2.2974712
OPUSDT,BUY,LIMIT,1702110306269,2272.1,2.3006062
OPUSDT,BUY,LIMIT,1702110307344,500.0,2.2998652
OPUSDT,BUY,LIMIT,1702110309589,380.1,2.3024529
OPUSDT,BUY,LIMIT,1702110312435,24318.6,2.3150778
OPUSDT,BUY,LIMIT,1702110313558,38.2,2.3032545
OPUSDT,BUY,LIMIT,1702110314594,334.3,2.3047153
OPUSDT,BUY,LIMIT,1702110318085,928.9,2.3068713
OPUSDT,BUY,LIMIT,1702110323404,3.4,2.3071768
OPUSDT,BUY,LIMIT,1702110324697,4243.8,2.3125256
OPUSDT,BUY,LIMIT,1702110326916,49.7,2.3089056
OPUSDT,BUY,LIMIT,1702110328185,61.7,2.3092191
OPUSDT,BUY,LIMIT,1702110329201,245.0,2.3123914
OPUSDT,BUY,LIMIT,1702110330298,89.6,2.3110996
OPUSDT,BUY,LIMIT,1702110331318,112.5,2.3142973
OPUSDT,BUY,LIMIT,1702110349182,53.5,2.3140011
OPUSDT,BUY,LIMIT,1702110351390,2340.6,2.3158537
OPUSDT,BUY,LIMIT,1702110355321,73.7,2.3162012
OPUSDT,BUY,LIMIT,1702110356330,1116.6,2.3174003
OPUSDT,BUY,LIMIT,1702110362855,2072.0,2.3191988
OPUSDT,SELL,LIMIT,1702110418919,338.2,2.2551081
OPUSDT,SELL,LIMIT,1702110420356,16.0,2.2539252
OPUSDT,SELL,LIMIT,1702110445299,38.6,2.2496571
OPUSDT,SELL,LIMIT,1702110519978,440.0,2.2293553
OPUSDT,SELL,LIMIT,1702110535994,96.5,2.2250455
OPUSDT,SELL,LIMIT,1702110570374,988.5,2.2182151
OPUSDT,SELL,LIMIT,1702110707878,480.8,2.2014368
OPUSDT,SELL,LIMIT,1702110709005,2225.4,2.1998600
OPUSDT,SELL,LIMIT,1702110846090,2230.9,2.1963306
OPUSDT,SELL,LIMIT,1702110850395,356.9,2.1925438
OPUSDT,SELL,LIMIT,1702110853951,32.1,2.1902471
OPUSDT,SELL,LIMIT,1702110855208,4256.5,2.1831701
OPUSDT,SELL,LIMIT,1702110856849,29036.3,2.1693844
OPUSDT,SELL,LIMIT,1702110860676,2642.5,2.1773065
OPUSDT,SELL,LIMIT,1702110872650,186.3,2.1746457
OPUSDT,SELL,LIMIT,1702110874081,2256.6,2.1718292
OPUSDT,SELL,LIMIT,1702110876439,1967.4,2.1701626
OPUSDT,SELL,LIMIT,1702110968990,33.5,2.1802941
OPUSDT,SELL,LIMIT,1702110970061,3.7,2.1783914
OPUSDT,SELL,LIMIT,1702110973988,13.4,2.1747727
OPUSDT,SELL,LIMIT,1702110977790,75.0,2.1708431
OPUSDT,SELL,LIMIT,1702110979547,28.5,2.1662249
OPUSDT,SELL,LIMIT,1702110983300,26.5,2.1610230
OPUSDT,SELL,LIMIT,1702110984954,1045.9,2.1578604
OPUSDT,SELL,LIMIT,1702111000301,179.0,2.1496757
OPUSDT,SELL,LIMIT,1702111001515,430.3,2.1441798
OPUSDT,SELL,LIMIT,1702111003548,29.0,2.1412191
OPUSDT,SELL,LIMIT,1702111023137,2247.7,2.1427097
OPUSDT,SELL,LIMIT,1702111024361,66.9,2.1403922
OPUSDT,SELL,LIMIT,1702111025436,2248.1,2.1403343
OPUSDT,SELL,LIMIT,1702111030586,92.7,2.1402648
OPUSDT,BUY,LIMIT,1702111036317,56.7,2.1644249
OPUSDT,SELL,LIMIT,1702111038245,570.5,2.1337631
OPUSDT,SELL,LIMIT,1702111039344,111.5,2.1296051
OPUSDT,SELL,LIMIT,1702111040573,1873.2,2.1318735
OPUSDT,SELL,LIMIT,1702111041594,136.5,2.1254401
OPUSDT,SELL,LIMIT,1702111042952,709.5,2.1244599
OPUSDT,SELL,LIMIT,1702111043988,118.8,2.1172747
OPUSDT,SELL,LIMIT,1702111044989,252.1,2.1129186
OPUSDT,SELL,LIMIT,1702111046086,286.6,2.1108835
OPUSDT,SELL,LIMIT,1702111048179,2301.3,2.1124306
OPUSDT,SELL,LIMIT,1702111049869,178.2,2.1088789
OPUSDT,SELL,LIMIT,1702111071419,6.2,2.2631488
OPUSDT,SELL,LIMIT,1702111370625,161.5,2.1228429
OPUSDT,SELL,LIMIT,1702111373421,356.2,2.1213238
OPUSDT,SELL,LIMIT,1702111378120,2035.8,2.1176805
OPUSDT,SELL,LIMIT,1702111379138,48.9,2.1158863
OPUSDT,SELL,LIMIT,1702111380643,1371.2,2.1131835
OPUSDT,SELL,LIMIT,1702111385196,9085.5,2.1043002
OPUSDT,SELL,LIMIT,1702111386727,335.0,2.1123168
OPUSDT,SELL,LIMIT,1702111387887,200.0,2.1088476
OPUSDT,SELL,LIMIT,1702111389092,88.3,2.1059739
OPUSDT,SELL,LIMIT,1702111390331,1240.5,2.1051529
OPUSDT,SELL,LIMIT,1702111404455,158.2,2.1242401
OPUSDT,BUY,LIMIT,1702111885477,768.5,2.2056073
OPUSDT,BUY,LIMIT,1702111901727,254.8,2.2133291
OPUSDT,BUY,LIMIT,1702111903503,45.9,2.2142479
OPUSDT,BUY,LIMIT,1702111950132,2.8,2.2078678
OPUSDT,SELL,LIMIT,1702112600085,218.7,2.1562385
OPUSDT,SELL,LIMIT,1702112601103,1884.1,2.1555651
OPUSDT,SELL,LIMIT,1702112779524,214.6,2.1501478
OPUSDT,SELL,LIMIT,1702112834112,19.1,2.1462184
OPUSDT,BUY,LIMIT,1702113672233,17.5,2.1948286
OPUSDT,SELL,LIMIT,1702114753232,22.2,2.1494248
OPUSDT,SELL,LIMIT,1702114754351,12.0,2.1506038
OPUSDT,SELL,LIMIT,1702114792819,637.6,2.1470401
OPUSDT,SELL,LIMIT,1702114870330,2089.9,2.1390037
OPUSDT,SELL,LIMIT,1702114872003,2152.9,2.1376141
OPUSDT,SELL,LIMIT,1702114970002,20.0,2.1338955
OPUSDT,SELL,LIMIT,1702114972756,233.8,2.1328697
OPUSDT,SELL,LIMIT,1702114985434,41.1,2.1297411
OPUSDT,SELL,LIMIT,1702114986949,528.2,2.1287840
OPUSDT,SELL,LIMIT,1702114996073,54.6,2.1277624
OPUSDT,SELL,LIMIT,1702114999728,19.2,2.1270341
OPUSDT,SELL,LIMIT,1702115049316,196.0,2.1238193
OPUSDT,SELL,LIMIT,1702115054260,227.7,2.1231718
OPUSDT,SELL,LIMIT,1702115057310,6.5,2.1225634
OPUSDT,SELL,LIMIT,1702115063105,184.9,2.1188001
OPUSDT,SELL,LIMIT,1702115072811,921.7,2.1161749
OPUSDT,SELL,LIMIT,1702115079523,1724.9,2.1128241
OPUSDT,SELL,LIMIT,1702115168933,395.5,2.1122170
OPUSDT,SELL,LIMIT,1702115170952,277.8,2.1114967
OPUSDT,SELL,LIMIT,1702115217220,123.1,2.1074591
OPUSDT,SELL,LIMIT,1702115219061,38.8,2.1050622
OPUSDT,SELL,LIMIT,1702115220957,9056.5,2.0978738
OPUSDT,SELL,LIMIT,1702115227058,236.7,2.1028642
OPUSDT,SELL,LIMIT,1702115228271,46.3,2.1023549
OPUSDT,SELL,LIMIT,1702115249417,5.1,2.0971677
OPUSDT,SELL,LIMIT,1702115250449,260.2,2.0986363
OPUSDT,SELL,LIMIT,1702115638668,85.3,2.0990355
OPUSDT,BUY,LIMIT,1702117098569,8.4,2.1517880
OPUSDT,SELL,LIMIT,1702124763382,416.7,2.0934885
OPUSDT,SELL,LIMIT,1702124765597,158.2,2.0924698
OPUSDT,SELL,LIMIT,1702125022685,2.2,2.0900954
OPUSDT,SELL,LIMIT,1702125730496,72.7,2.0881309
OPUSDT,SELL,LIMIT,1702125731530,245.5,2.0882181
OPUSDT,SELL,LIMIT,1702125733450,294.5,2.0879215
OPUSDT,SELL,LIMIT,1702125738183,85.9,2.0871067
OPUSDT,SELL,LIMIT,1702125739340,26.1,2.0853132
OPUSDT,SELL,LIMIT,1702125740438,23.7,2.0853385
OPUSDT,SELL,LIMIT,1702125743208,910.9,2.0845562
OPUSDT,SELL,LIMIT,1702125753919,21.4,2.0839741
OPUSDT,SELL,LIMIT,1702125756604,188.2,2.0836792
OPUSDT,SELL,LIMIT,1702125757802,32.1,2.0835649
OPUSDT,SELL,LIMIT,1702125774140,265.5,2.0827624
OPUSDT,SELL,LIMIT,1702125775597,689.8,2.0827233
OPUSDT,SELL,LIMIT,1702125782452,145.0,2.0812373
OPUSDT,SELL,LIMIT,1702125788744,145.5,2.0807403
OPUSDT,SELL,LIMIT,1702125826178,565.4,2.0808361
OPUSDT,SELL,LIMIT,1702125828110,111.6,2.0783429
OPUSDT,SELL,LIMIT,1702125829179,58.5,2.0753391
OPUSDT,SELL,LIMIT,1702125830579,54.8,2.0749342
OPUSDT,SELL,LIMIT,1702128674772,192.2,2.0860085
OPUSDT,BUY,LIMIT,1702131058246,14.4,2.1309929
OPUSDT,BUY,LIMIT,1702131172890,35.3,2.1364731
OPUSDT,BUY,LIMIT,1702131404545,85.3,2.1414999
OPUSDT,BUY,LIMIT,1702132268234,4.4,1.3793854
OPUSDT,SELL,LIMIT,1702132920642,637.0,2.0852220
OPUSDT,SELL,LIMIT,1702132954348,470.3,2.0801939
OPUSDT,SELL,LIMIT,1702132994648,234.7,2.0744270
OPUSDT,SELL,LIMIT,1702132996332,482.7,2.0743117
OPUSDT,SELL,LIMIT,1702132997380,9.3,2.0720218
OPUSDT,SELL,LIMIT,1702132998410,118.2,2.0703305
OPUSDT,SELL,LIMIT,1702132999530,2313.5,2.0677786
OPUSDT,SELL,LIMIT,1702133000609,9090.9,2.0587719
OPUSDT,SELL,LIMIT,1702133001627,844.5,2.0605403
OPUSDT,SELL,LIMIT,1702133002630,4.7,2.0579631
OPUSDT,SELL,LIMIT,1702133004038,119.1,2.0577480
OPUSDT,SELL,LIMIT,1702133005100,570.8,2.0528457
OPUSDT,SELL,LIMIT,1702133006119,22.6,2.0504457
OPUSDT,SELL,LIMIT,1702133007149,115.3,2.0475840
OPUSDT,SELL,LIMIT,1702133008794,158.3,2.0428112
