Symbol,Side,Order Type,Time,Quantity,Price
OPUSDT,BUY,LIMIT,1700993699725,120.5,1.8229399
OPUSDT,SELL,LIMIT,1701001500438,65.6,1.7947172
OPUSDT,BUY,LIMIT,1701002216222,26.6,1.8245977
OPUSDT,BUY,LIMIT,1701002219109,48.0,1.8265858
OPUSDT,BUY,LIMIT,1701002725177,1273.5,1.8315368
OPUSDT,BUY,LIMIT,1701002729930,110.9,1.8326551
OPUSDT,BUY,LIMIT,1701002736097,21.9,1.8340566
OPUSDT,BUY,LIMIT,1701002767918,1546.6,1.8352929
OPUSDT,BUY,LIMIT,1701002925165,33.1,1.8353463
OPUSDT,SELL,LIMIT,1701003894202,5.6,1.8070584
OPUSDT,SELL,LIMIT,1701006125153,322.4,1.7903137
OPUSDT,SELL,LIMIT,1701006199418,1259.2,1.7889677
OPUSDT,BUY,LIMIT,1701007367862,252.8,1.8274072
OPUSDT,SELL,LIMIT,1701008414355,149.0,1.7944416
OPUSDT,SELL,LIMIT,1701008945183,24.9,1.7896983
OPUSDT,SELL,LIMIT,1701008946946,698.5,1.7855275
OPUSDT,SELL,LIMIT,1701010700542,1087.9,1.7832338
OPUSDT,SELL,LIMIT,1701010722138,3.6,1.7821493
OPUSDT,SELL,LIMIT,1701010778330,1380.7,1.7813085
OPUSDT,SELL,LIMIT,1701010786167,150.2,1.7801151
OPUSDT,SELL,LIMIT,1701010787663,5.5,1.7798845
OPUSDT,SELL,LIMIT,1701010792269,26.7,1.7794115
OPUSDT,SELL,LIMIT,1701010793741,161.8,1.7780829
OPUSDT,SELL,LIMIT,1701010805801,746.4,1.7745023
OPUSDT,SELL,LIMIT,1701010864405,132.7,1.7743956
OPUSDT,SELL,LIMIT,1701010884232,477.9,1.7720148
OPUSDT,SELL,LIMIT,1701010885392,2487.6,1.7718339
OPUSDT,SELL,LIMIT,1701010894113,144.6,1.7716622
OPUSDT,SELL,LIMIT,1701013055152,65.6,1.7826397
OPUSDT,BUY,LIMIT,1701013329292,12.1,1.8032660
OPUSDT,SELL,LIMIT,1701013690249,137.9,1.7677435
OPUSDT,SELL,LIMIT,1701013714031,11.0,1.7673112
OPUSDT,SELL,LIMIT,1701013748034,367.9,1.7637788
OPUSDT,SELL,LIMIT,1701013749185,36.0,1.7641840
OPUSDT,SELL,LIMIT,1701013752990,209.8,1.7628058
OPUSDT,SELL,LIMIT,1701013942204,55.6,1.7628481
OPUSDT,SELL,LIMIT,1701013950901,227.8,1.7625721
OPUSDT,SELL,LIMIT,1701013955342,109.6,1.7620235
OPUSDT,SELL,LIMIT,1701013994047,104.7,1.7613758
OPUSDT,SELL,LIMIT,1701014018762,2000.0,1.7613026
OPUSDT,SELL,LIMIT,1701014034521,2187.7,1.7604857
OPUSDT,SELL,LIMIT,1701014036193,434.0,1.7603383
OPUSDT,SELL,LIMIT,1701014057878,33.7,1.7604164
OPUSDT,BUY,LIMIT,1701014865015,898.5,1.7912835
OPUSDT,SELL,LIMIT,1701015644388,54.7,1.7711336
OPUSDT,SELL,LIMIT,1701015674834,40.5,1.7663492
OPUSDT,SELL,LIMIT,1701015684133,218.1,1.7616048
OPUSDT,SELL,LIMIT,1701015685237,493.7,1.7604576
OPUSDT,SELL,LIMIT,1701015737338,44.3,1.7589464
OPUSDT,SELL,LIMIT,1701015760360,257.4,1.7577363
OPUSDT,SELL,LIMIT,1701015761721,1500.0,1.7572676
OPUSDT,SELL,LIMIT,1701015812129,27.6,1.7571229
OPUSDT,SELL,LIMIT,1701015841258,27.5,1.7566407
OPUSDT,BUY,LIMIT,1701015874357,2591.3,1.7770256
OPUSDT,SELL,LIMIT,1701015903291,17.9,1.7558707
OPUSDT,SELL,LIMIT,1701015999283,1051.9,1.7549638
OPUSDT,SELL,LIMIT,1701016013145,35.0,1.7617952
OPUSDT,SELL,LIMIT,1701016014283,382.8,1.7525792
OPUSDT,SELL,LIMIT,1701016015309,9.0,1.7518833
OPUSDT,SELL,LIMIT,1701016016534,13.9,1.7500491
OPUSDT,SELL,LIMIT,1701016019187,4172.3,1.7462134
OPUSDT,SELL,LIMIT,1701016020288,862.1,1.7483785
OPUSDT,SELL,LIMIT,1701016021317,3.8,1.7481905
OPUSDT,SELL,LIMIT,1701016024372,256.3,1.7465174
OPUSDT,SELL,LIMIT,1701016026365,11.5,1.7459863
OPUSDT,SELL,LIMIT,1701016028590,2.9,1.7447101
OPUSDT,SELL,LIMIT,1701016030413,67.3,1.7429165
OPUSDT,SELL,LIMIT,1701016031529,21.9,1.7436700
OPUSDT,SELL,LIMIT,1701016032525,102.8,1.7390128
OPUSDT,SELL,LIMIT,1701016033462,341.3,1.7389271
OPUSDT,SELL,LIMIT,1701016034908,10085.9,1.7322827
OPUSDT,SELL,LIMIT,1701016042372,311.8,1.7371145
OPUSDT,SELL,LIMIT,1701016044141,114.4,1.7337006
OPUSDT,SELL,LIMIT,1701016045125,29.5,1.7334511
OPUSDT,SELL,LIMIT,1701016046389,6928.8,1.7277823
OPUSDT,SELL,LIMIT,1701016047360,97.7,1.7319884
OPUSDT,SELL,LIMIT,1701016048169,303.1,1.7341094
OPUSDT,SELL,LIMIT,1701016049037,60.8,1.7306530
OPUSDT,SELL,LIMIT,1701016050361,27.5,1.7296505
OPUSDT,SELL,LIMIT,1701016083113,1069.5,1.7420646
OPUSDT,SELL,LIMIT,1701016098367,2785.5,1.7334801
OPUSDT,SELL,LIMIT,1701016100061,26.7,1.7322974
OPUSDT,SELL,LIMIT,1701016102833,2173.2,1.7305071
OPUSDT,BUY,LIMIT,1701016838422,140.6,1.7755550
OPUSDT,BUY,LIMIT,1701020864898,9.4,1.8007944
OPUSDT,BUY,LIMIT,1701021036721,737.9,1.8022555
OPUSDT,BUY,LIMIT,1701021039535,2.9,1.8026799
OPUSDT,BUY,LIMIT,1701021306824,291.0,1.8047977
OPUSDT,BUY,LIMIT,1701021308187,6.1,1.8051410
OPUSDT,BUY,LIMIT,1701021310191,595.4,1.8055578
OPUSDT,BUY,LIMIT,1701021319986,567.3,1.8056829
OPUSDT,BUY,LIMIT,1701022327137,574.9,1.8099891
OPUSDT,BUY,LIMIT,1701022343266,454.8,1.8106233
OPUSDT,BUY,LIMIT,1701022348838,480.8,1.8106825
OPUSDT,BUY,LIMIT,1701028689350,11.2,1.8174768
OPUSDT,BUY,LIMIT,1701031729203,213.4,1.8206829
OPUSDT,BUY,LIMIT,1701031774339,145.1,1.8236078
OPUSDT,BUY,LIMIT,1701031782435,8614.7,1.8291721
OPUSDT,BUY,LIMIT,1701031784197,163.3,1.8246261
OPUSDT,BUY,LIMIT,1701039058046,56.4,1.8288379
OPUSDT,BUY,LIMIT,1701039083265,2543.4,1.8292788
OPUSDT,SELL,LIMIT,1701048291650,41.8,1.7819891
OPUSDT,SELL,LIMIT,1701048521082,5.3,1.7849259
OPUSDT,SELL,LIMIT,1701048702606,566.3,1.7802207
OPUSDT,SELL,LIMIT,1701049280758,274.5,1.7775885
OPUSDT,SELL,LIMIT,1701049556376,61.4,1.7739029
OPUSDT,SELL,LIMIT,1701049578782,2783.5,1.7720423
OPUSDT,SELL,LIMIT,1701050727058,26.1,1.7682086
OPUSDT,SELL,LIMIT,1701050851054,4.2,1.7661268
OPUSDT,SELL,LIMIT,1701053159919,1000.0,1.7629585
OPUSDT,SELL,LIMIT,1701053192178,84.7,1.7623846
OPUSDT,SELL,LIMIT,1701054322961,21.6,1.7675056
OPUSDT,SELL,LIMIT,1701054454579,2097.2,1.7604356
OPUSDT,SELL,LIMIT,1701054468852,221.5,1.7597180
OPUSDT,SELL,LIMIT,1701054977075,1650.0,1.7585285
OPUSDT,SELL,LIMIT,1701054984314,85.4,1.7576249
OPUSDT,SELL,LIMIT,1701055062792,11.1,1.7571761
OPUSDT,SELL,LIMIT,1701055634487,877.5,1.7532343
OPUSDT,SELL,LIMIT,1701055690322,6.7,1.7531359
OPUSDT,SELL,LIMIT,1701055754449,400.0,1.7569317
OPUSDT,SELL,LIMIT,1701056010598,1251.9,1.7509374
OPUSDT,SELL,LIMIT,1701056016370,277.4,1.7508510
OPUSDT,SELL,LIMIT,1701056136687,78.7,1.7482473
OPUSDT,SELL,LIMIT,1701056155050,28.0,1.7471539
OPUSDT,SELL,LIMIT,1701056161649,55.4,1.7464581
