Symbol,Side,Order Type,Time,Quantity,Price
ORBSUSDT,SELL,LIMIT,1701936814640,35633,0.0448779
ORBSUSDT,SELL,LIMIT,1701936828847,1093,0.0448472
ORBSUSDT,SELL,LIMIT,1701936864213,425,0.0447142
ORBSUSDT,SELL,LIMIT,1701939365483,944,0.0440797
ORBSUSDT,SELL,LIMIT,1701939570021,5241,0.0439054
ORBSUSDT,SELL,LIMIT,1701939716173,209591,0.0436103
ORBSUSDT,SELL,LIMIT,1701939717212,41750,0.0438150
ORBSUSDT,SELL,LIMIT,1701940026163,418,0.0435568
ORBSUSDT,SELL,LIMIT,1701940029782,146071,0.0434529
ORBSUSDT,SELL,LIMIT,1701940460204,40124,0.0434287
ORBSUSDT,SELL,LIMIT,1701940476719,33474,0.0433995
ORBSUSDT,SELL,LIMIT,1701940506496,2191,0.0433818
ORBSUSDT,SELL,LIMIT,1701940517208,400,0.0433617
ORBSUSDT,SELL,LIMIT,1701940521639,2000,0.0433534
ORBSUSDT,SELL,LIMIT,1701940526052,493,0.0433130
ORBSUSDT,SELL,LIMIT,1701940679300,206925,0.0429228
ORBSUSDT,SELL,LIMIT,1701941058872,1242,0.0430425
ORBSUSDT,SELL,LIMIT,1701941060050,20767,0.0429919
ORBSUSDT,SELL,LIMIT,1701941061679,158187,0.0428380
ORBSUSDT,SELL,LIMIT,1701941083837,408,0.0428970
ORBSUSDT,SELL,LIMIT,1701941107599,175263,0.0426822
ORBSUSDT,SELL,LIMIT,1701941110341,2114,0.0427933
ORBSUSDT,SELL,LIMIT,1701941151579,3475,0.0427124
ORBSUSDT,SELL,LIMIT,1701941169272,7351,0.0426251
ORBSUSDT,SELL,LIMIT,1701941176202,2599,0.0425683
ORBSUSDT,SELL,LIMIT,1701941178993,300,0.0425718
ORBSUSDT,SELL,LIMIT,1701941180680,15567,0.0425706
ORBSUSDT,SELL,LIMIT,1701941185459,12063,0.0425803
ORBSUSDT,SELL,LIMIT,1701941187592,2665,0.0425212
ORBSUSDT,SELL,LIMIT,1701941245195,20156,0.0424647
ORBSUSDT,SELL,LIMIT,1701941246905,2129,0.0424345
ORBSUSDT,SELL,LIMIT,1701941257153,1339,0.0424115
ORBSUSDT,SELL,LIMIT,1701941259168,107267,0.0424073
ORBSUSDT,SELL,LIMIT,1701941271524,61789,0.0423430
ORBSUSDT,SELL,LIMIT,1701941279490,11167,0.0423177
ORBSUSDT,SELL,LIMIT,1701941281177,1979,0.0422935
ORBSUSDT,SELL,LIMIT,1701943606806,8995,0.0432602
ORBSUSDT,SELL,LIMIT,1701943622697,16987,0.0432465
ORBSUSDT,SELL,LIMIT,1701950628355,57920,0.0433771
ORBSUSDT,SELL,LIMIT,1701950638850,600,0.0433679
ORBSUSDT,BUY,LIMIT,1701952265505,139,0.0450414
ORBSUSDT,SELL,LIMIT,1701954854092,9269,0.0435250
ORBSUSDT,SELL,LIMIT,1701956660584,1162,0.0434511
ORBSUSDT,BUY,LIMIT,1701962597516,3333,0.0452844
ORBSUSDT,BUY,LIMIT,1701969465210,4450,0.0458284
ORBSUSDT,SELL,LIMIT,1701970200798,2390,0.0443544
ORBSUSDT,SELL,LIMIT,1701981625373,18118,0.0438188
ORBSUSDT,SELL,LIMIT,1701991434449,200,0.0442723
ORBSUSDT,SELL,LIMIT,1701997522289,4343,0.0440103
ORBSUSDT,SELL,LIMIT,1701997653445,3496,0.0439773
ORBSUSDT,SELL,LIMIT,1702002205241,1770,0.0442674
ORBSUSDT,SELL,LIMIT,1702003653419,15569,0.0438326
ORBSUSDT,SELL,LIMIT,1702010327917,58,0.0443104
ORBSUSDT,BUY,LIMIT,1702015961350,4930,0.0460147
ORBSUSDT,SELL,LIMIT,1702020189300,46126,0.0443110
ORBSUSDT,SELL,LIMIT,1702020594518,4434,0.0441585
ORBSUSDT,SELL,LIMIT,1702037074754,112,0.0443415
ORBSUSDT,BUY,LIMIT,1702064195892,1425,0.0464787
ORBSUSDT,BUY,LIMIT,1702083804329,1009,0.0467420
ORBSUSDT,BUY,LIMIT,1702097489383,747,0.0474251
ORBSUSDT,SELL,LIMIT,1702109634483,6712,0.0460176
ORBSUSDT,SELL,LIMIT,1702110910900,9782,0.0455385
ORBSUSDT,SELL,LIMIT,1702110983334,31844,0.0452525
ORBSUSDT,SELL,LIMIT,1702111035959,174,0.0449741
ORBSUSDT,SELL,LIMIT,1702141762494,856,0.0444130
ORBSUSDT,SELL,LIMIT,1702141848669,2263,0.0442749
ORBSUSDT,SELL,LIMIT,1702141849769,131,0.0442531
ORBSUSDT,SELL,LIMIT,1702164746780,108837,0.0443766
ORBSUSDT,SELL,LIMIT,1702164800922,111,0.0442675
ORBSUSDT,SELL,LIMIT,1702164803485,12381,0.0442527
ORBSUSDT,SELL,LIMIT,1702164805747,887,0.0441640
ORBSUSDT,SELL,LIMIT,1702164807990,6524,0.0441248
ORBSUSDT,SELL,LIMIT,1702193922871,11227,0.0446797
ORBSUSDT,SELL,LIMIT,1702197042860,24036,0.0445448
ORBSUSDT,SELL,LIMIT,1702197882378,10673,0.0443739
ORBSUSDT,SELL,LIMIT,1702200734262,15368,0.0438652
ORBSUSDT,SELL,LIMIT,1702200735322,24630,0.0438785
ORBSUSDT,SELL,LIMIT,1702200742342,1521,0.0438543
ORBSUSDT,SELL,LIMIT,1702200889299,3433,0.0437573
ORBSUSDT,SELL,LIMIT,1702200891236,87108,0.0436955
ORBSUSDT,SELL,LIMIT,1702200932330,2751,0.0436735
ORBSUSDT,SELL,LIMIT,1702200936254,14292,0.0436176
ORBSUSDT,SELL,LIMIT,1702201479284,10000,0.0436145
ORBSUSDT,SELL,LIMIT,1702201491433,5416,0.0435814
ORBSUSDT,SELL,LIMIT,1702202066823,3519,0.0434809
ORBSUSDT,SELL,LIMIT,1702202083200,12165,0.0434584
ORBSUSDT,SELL,LIMIT,1702202157134,1082,0.0434391
ORBSUSDT,SELL,LIMIT,1702202260290,4000,0.0433571
ORBSUSDT,SELL,LIMIT,1702202262601,50000,0.0432408
ORBSUSDT,SELL,LIMIT,1702202264497,5957,0.0431945
ORBSUSDT,SELL,LIMIT,1702202271567,348,0.0432052
ORBSUSDT,SELL,LIMIT,1702202279748,8839,0.0431421
ORBSUSDT,SELL,LIMIT,1702202294102,216,0.0430587
ORBSUSDT,SELL,LIMIT,1702202363736,108388,0.0428700
ORBSUSDT,SELL,LIMIT,1702202372574,6671,0.0428846
ORBSUSDT,SELL,LIMIT,1702202380610,13900,0.0428523
ORBSUSDT,SELL,LIMIT,1702202385374,14733,0.0428325
ORBSUSDT,SELL,LIMIT,1702212184661,777,0.0438990
ORBSUSDT,SELL,LIMIT,1702226197427,10889,0.0441221
ORBSUSDT,SELL,LIMIT,1702256504922,14772,0.0441223
ORBSUSDT,SELL,LIMIT,1702256645880,18805,0.0439055
ORBSUSDT,SELL,LIMIT,1702256965235,52407,0.0437038
ORBSUSDT,SELL,LIMIT,1702256975357,882,0.0436758
ORBSUSDT,SELL,LIMIT,1702260424405,112547,0.0437567
ORBSUSDT,SELL,LIMIT,1702260437352,10240,0.0435304
ORBSUSDT,SELL,LIMIT,1702260441201,123119,0.0434998
ORBSUSDT,SELL,LIMIT,1702260444120,3602,0.0434844
ORBSUSDT,SELL,LIMIT,1702260482069,16016,0.0434318
ORBSUSDT,SELL,LIMIT,1702260672140,4374,0.0433258
ORBSUSDT,SELL,LIMIT,1702260710287,395,0.0430476
ORBSUSDT,SELL,LIMIT,1702260712921,277777,0.0427591
ORBSUSDT,SELL,LIMIT,1702260714737,696,0.0553112
ORBSUSDT,SELL,LIMIT,1702260717913,50033,0.0428506
ORBSUSDT,SELL,LIMIT,1702260719553,9771,0.0428637
ORBSUSDT,SELL,LIMIT,1702260724101,7456,0.0427425
ORBSUSDT,SELL,LIMIT,1702260726530,11120,0.0427142
ORBSUSDT,SELL,LIMIT,1702260728826,46398,0.0427126
ORBSUSDT,SELL,LIMIT,1702260729921,1153,0.0426878
ORBSUSDT,SELL,LIMIT,1702260731505,112076,0.0426570
ORBSUSDT,SELL,LIMIT,1702260732554,44543,0.0426010
ORBSUSDT,SELL,LIMIT,1702260734841,9184,0.0426732
ORBSUSDT,SELL,LIMIT,1702260736679,1039,0.0425804
ORBSUSDT,SELL,LIMIT,1702260740978,30000,0.0425058
ORBSUSDT,SELL,LIMIT,1702260743059,1113,0.0424225
ORBSUSDT,SELL,LIMIT,1702260744624,278276,0.0421609
ORBSUSDT,SELL,LIMIT,1702260745672,61381,0.0422346
ORBSUSDT,SELL,LIMIT,1702260747972,26695,0.0421853
ORBSUSDT,SELL,LIMIT,1702260749314,2161,0.0421456
ORBSUSDT,SELL,LIMIT,1702260750480,274007,0.0419001
ORBSUSDT,SELL,LIMIT,1702260751980,46992,0.0420883
ORBSUSDT,SELL,LIMIT,1702260753530,101519,0.0420046
ORBSUSDT,SELL,LIMIT,1702260754816,326021,0.0417195
ORBSUSDT,SELL,LIMIT,1702260756404,2058,0.0419438
ORBSUSDT,SELL,LIMIT,1702260757998,4547,0.0419238
ORBSUSDT,SELL,LIMIT,1702260759041,29600,0.0419238
ORBSUSDT,SELL,LIMIT,1702260762447,526000,0.0415964
ORBSUSDT,SELL,LIMIT,1702260763642,5349,0.0418714
ORBSUSDT,SELL,LIMIT,1702260764678,8416,0.0418301
ORBSUSDT,SELL,LIMIT,1702260766669,2282,0.0418248
ORBSUSDT,SELL,LIMIT,1702260767885,5661,0.0417661
ORBSUSDT,SELL,LIMIT,1702260769609,10000,0.0414262
ORBSUSDT,SELL,LIMIT,1702260770711,22062,0.0414327
ORBSUSDT,SELL,LIMIT,1702260771744,218,0.0413669
ORBSUSDT,SELL,LIMIT,1702260772919,21291,0.0411608
ORBSUSDT,SELL,LIMIT,1702260774344,2234,0.0409251
ORBSUSDT,SELL,LIMIT,1702260775568,13204,0.0409251
ORBSUSDT,SELL,LIMIT,1702260776764,15449,0.0408765
ORBSUSDT,SELL,LIMIT,1702260778589,3717,0.0408503
ORBSUSDT,SELL,LIMIT,1702260780950,621670,0.0404561
ORBSUSDT,SELL,LIMIT,1702260782021,10376,0.0406516
ORBSUSDT,SELL,LIMIT,1702260783064,178890,0.0404404
ORBSUSDT,SELL,LIMIT,1702260784212,3893,0.0405330
ORBSUSDT,SELL,LIMIT,1702260785307,57796,0.0404269
ORBSUSDT,SELL,LIMIT,1702260786415,27741,0.0403983
ORBSUSDT,SELL,LIMIT,1702260787639,153524,0.0400496
ORBSUSDT,SELL,LIMIT,1702260788727,4,0.0400363
ORBSUSDT,SELL,LIMIT,1702260789769,5770,0.0398553
ORBSUSDT,SELL,LIMIT,1702260790783,472,0.0399342
ORBSUSDT,SELL,LIMIT,1702260792137,1000,0.0396747
ORBSUSDT,SELL,LIMIT,1702260793269,406491,0.0393559
ORBSUSDT,SELL,LIMIT,1702260794461,66745,0.0393841
ORBSUSDT,SELL,LIMIT,1702260796076,93140,0.0392646
ORBSUSDT,SELL,LIMIT,1702260797167,272,0.0391438
ORBSUSDT,SELL,LIMIT,1702260798217,4961,0.0391199
ORBSUSDT,SELL,LIMIT,1702260799262,2354,0.0389600
ORBSUSDT,SELL,LIMIT,1702260800461,105386,0.0388842
ORBSUSDT,SELL,LIMIT,1702260801652,160,0.0388842
ORBSUSDT,SELL,LIMIT,1702260803411,39404,0.0388068
ORBSUSDT,SELL,LIMIT,1702260804428,2924,0.0387886
ORBSUSDT,SELL,LIMIT,1702260805432,50000,0.0397448
ORBSUSDT,SELL,LIMIT,1702260806471,1052,0.0383558
ORBSUSDT,SELL,LIMIT,1702260807491,998,0.0384610
ORBSUSDT,SELL,LIMIT,1702260808502,14652,0.0378914
ORBSUSDT,SELL,LIMIT,1702260809686,2214,0.0378333
ORBSUSDT,SELL,LIMIT,1702260811086,12886,0.0377556
ORBSUSDT,SELL,LIMIT,1702260812111,451,0.0373675
ORBSUSDT,SELL,LIMIT,1702260814283,20000,0.0371641
ORBSUSDT,SELL,LIMIT,1702260815654,22344,0.0371544
ORBSUSDT,SELL,LIMIT,1702260817045,977,0.0371530
ORBSUSDT,SELL,LIMIT,1702260818047,54365,0.0373316
ORBSUSDT,SELL,LIMIT,1702260820574,68290,0.0375544
ORBSUSDT,SELL,LIMIT,1702262627134,198,0.0403029
ORBSUSDT,BUY,LIMIT,1702267671174,8809,0.0428520
