Symbol,Side,Order Type,Time,Quantity,Price
ORDIUSDT,BUY,LIMIT,1701065561008,8.3,20.096040
ORDIUSDT,BUY,LIMIT,1701066771374,0.6,20.371505
ORDIUSDT,BUY,LIMIT,1701066787786,78.3,20.450810
ORDIUSDT,BUY,LIMIT,1701066788806,8.0,20.461241
ORDIUSDT,SELL,LIMIT,1701066983193,95.9,19.638554
ORDIUSDT,SELL,LIMIT,1701066984296,2.4,19.640570
ORDIUSDT,SELL,LIMIT,1701066995308,249.8,19.594396
ORDIUSDT,SELL,LIMIT,1701066999353,79.8,19.585377
ORDIUSDT,SELL,LIMIT,1701067251396,7.5,19.577535
ORDIUSDT,SELL,LIMIT,1701067253237,3.1,19.567022
ORDIUSDT,SELL,LIMIT,1701067751374,28.6,19.487531
ORDIUSDT,BUY,LIMIT,1701067753307,3.0,20.070998
ORDIUSDT,SELL,LIMIT,1701067795891,4.9,19.475575
ORDIUSDT,SELL,LIMIT,1701067836103,50.4,19.442268
ORDIUSDT,SELL,LIMIT,1701067838680,86.4,19.434504
ORDIUSDT,SELL,LIMIT,1701067843251,239.2,19.421028
ORDIUSDT,SELL,LIMIT,1701067862420,189.0,19.405469
ORDIUSDT,SELL,LIMIT,1701067868119,48.9,19.375152
ORDIUSDT,BUY,LIMIT,1701068020904,2.9,19.967080
ORDIUSDT,SELL,LIMIT,1701068069619,25.1,19.348825
ORDIUSDT,SELL,LIMIT,1701068107323,1.0,19.285289
ORDIUSDT,SELL,LIMIT,1701068150623,120.4,19.275293
ORDIUSDT,SELL,LIMIT,1701068170056,251.5,19.231415
ORDIUSDT,SELL,LIMIT,1701068192719,400.0,19.139777
ORDIUSDT,SELL,LIMIT,1701068194132,4.7,19.205059
ORDIUSDT,SELL,LIMIT,1701068196264,51.1,19.197367
ORDIUSDT,SELL,LIMIT,1701068197307,0.6,19.195017
ORDIUSDT,SELL,LIMIT,1701068321921,0.4,19.157158
ORDIUSDT,SELL,LIMIT,1701068323353,3.1,19.156387
ORDIUSDT,SELL,LIMIT,1701068370080,6.0,19.150296
ORDIUSDT,BUY,LIMIT,1701068996261,1.8,19.922420
ORDIUSDT,SELL,LIMIT,1701068997436,2.1,19.336536
ORDIUSDT,BUY,LIMIT,1701069012053,0.6,19.662634
ORDIUSDT,SELL,LIMIT,1701069377474,0.9,19.112135
ORDIUSDT,SELL,LIMIT,1701069378509,37.7,19.098894
ORDIUSDT,SELL,LIMIT,1701069380162,27.9,19.064029
ORDIUSDT,SELL,LIMIT,1701069400218,12.1,19.059284
ORDIUSDT,SELL,LIMIT,1701069401441,7.7,19.063127
ORDIUSDT,SELL,LIMIT,1701069403250,1.7,19.052655
ORDIUSDT,SELL,LIMIT,1701069404264,2.8,19.034919
ORDIUSDT,SELL,LIMIT,1701069405319,27.9,19.007059
ORDIUSDT,SELL,LIMIT,1701069406399,1.1,19.010057
ORDIUSDT,SELL,LIMIT,1701069407707,135.2,18.991492
ORDIUSDT,SELL,LIMIT,1701069409625,111.2,18.986512
ORDIUSDT,SELL,LIMIT,1701069410640,2.2,18.910836
ORDIUSDT,SELL,LIMIT,1701069412339,14.4,18.884683
ORDIUSDT,SELL,LIMIT,1701069413485,50.0,18.853785
ORDIUSDT,SELL,LIMIT,1701069414588,43.4,18.845797
ORDIUSDT,SELL,LIMIT,1701069415677,108.4,18.817872
ORDIUSDT,SELL,LIMIT,1701069417051,2.1,18.796093
ORDIUSDT,SELL,LIMIT,1701069424250,256.5,18.789760
ORDIUSDT,SELL,LIMIT,1701069425261,142.9,18.781527
ORDIUSDT,SELL,LIMIT,1701069428915,1.1,18.772623
ORDIUSDT,SELL,LIMIT,1701069495160,5.4,18.751085
ORDIUSDT,SELL,LIMIT,1701069515703,65.4,18.762570
ORDIUSDT,SELL,LIMIT,1701069517275,33.3,18.752390
ORDIUSDT,SELL,LIMIT,1701069519413,69.9,18.755386
ORDIUSDT,SELL,LIMIT,1701069522495,3.9,18.741357
ORDIUSDT,SELL,LIMIT,1701069535194,22.9,18.743223
ORDIUSDT,SELL,LIMIT,1701069537374,102.9,18.735159
ORDIUSDT,SELL,LIMIT,1701069547066,3.1,18.724301
ORDIUSDT,SELL,LIMIT,1701069548169,18.5,18.724220
ORDIUSDT,SELL,LIMIT,1701069552300,12.0,18.717763
ORDIUSDT,SELL,LIMIT,1701069553550,79.0,18.708870
ORDIUSDT,SELL,LIMIT,1701069554683,65.5,18.647825
ORDIUSDT,SELL,LIMIT,1701069555987,135.9,18.646893
ORDIUSDT,SELL,LIMIT,1701069637974,54.2,18.701915
ORDIUSDT,SELL,LIMIT,1701069639905,20.4,18.696956
ORDIUSDT,SELL,LIMIT,1701069734792,10.4,18.681844
ORDIUSDT,SELL,LIMIT,1701069736134,15.8,18.671620
ORDIUSDT,SELL,LIMIT,1701069743335,37.9,18.648271
ORDIUSDT,SELL,LIMIT,1701069744680,3.7,18.644392
ORDIUSDT,SELL,LIMIT,1701069750516,2.3,18.634669
ORDIUSDT,SELL,LIMIT,1701069753029,75.9,18.628297
ORDIUSDT,SELL,LIMIT,1701069757811,186.7,18.641930
ORDIUSDT,SELL,LIMIT,1701069776405,9.3,18.615592
ORDIUSDT,SELL,LIMIT,1701069778070,5.4,18.551857
ORDIUSDT,SELL,LIMIT,1701069779132,22.6,18.590656
ORDIUSDT,SELL,LIMIT,1701069803056,10.2,18.540561
ORDIUSDT,SELL,LIMIT,1701069805136,1.1,18.538392
ORDIUSDT,SELL,LIMIT,1701069806231,9.2,18.538465
ORDIUSDT,SELL,LIMIT,1701069809438,196.0,18.532942
ORDIUSDT,SELL,LIMIT,1701069813191,51.2,18.528901
ORDIUSDT,SELL,LIMIT,1701069814198,1.5,18.519576
ORDIUSDT,SELL,LIMIT,1701069815224,24.8,18.523593
ORDIUSDT,SELL,LIMIT,1701069816865,0.3,18.509088
ORDIUSDT,SELL,LIMIT,1701069817874,20.8,18.424558
ORDIUSDT,SELL,LIMIT,1701069818911,8.1,18.418221
ORDIUSDT,SELL,LIMIT,1701069821166,287.0,18.379405
ORDIUSDT,SELL,LIMIT,1701069822170,108.0,18.366335
ORDIUSDT,SELL,LIMIT,1701069824162,19.0,18.352163
ORDIUSDT,SELL,LIMIT,1701069825281,25.6,18.359130
ORDIUSDT,SELL,LIMIT,1701069832156,7.5,18.401907
ORDIUSDT,SELL,LIMIT,1701069851935,107.3,18.382638
ORDIUSDT,SELL,LIMIT,1701069855202,15.0,18.379880
ORDIUSDT,SELL,LIMIT,1701069857396,27.5,18.446875
ORDIUSDT,SELL,LIMIT,1701069859058,3.5,18.401303
ORDIUSDT,SELL,LIMIT,1701069879384,107.9,18.360963
ORDIUSDT,SELL,LIMIT,1701069880653,1.2,18.343224
ORDIUSDT,SELL,LIMIT,1701069883240,79.0,18.333873
ORDIUSDT,SELL,LIMIT,1701069884884,741.1,18.212947
ORDIUSDT,SELL,LIMIT,1701069886121,29.6,18.326033
ORDIUSDT,SELL,LIMIT,1701069887397,0.5,18.299079
ORDIUSDT,SELL,LIMIT,1701069888595,10.4,18.290042
ORDIUSDT,SELL,LIMIT,1701069890742,20.2,18.286072
ORDIUSDT,SELL,LIMIT,1701069892893,1.8,18.282394
ORDIUSDT,SELL,LIMIT,1701069894206,0.9,18.263715
ORDIUSDT,SELL,LIMIT,1701069895251,3.6,18.267988
ORDIUSDT,SELL,LIMIT,1701069897551,1.1,18.255549
ORDIUSDT,SELL,LIMIT,1701069900257,6.7,18.248487
ORDIUSDT,SELL,LIMIT,1701069901395,8.0,18.248716
ORDIUSDT,BUY,LIMIT,1701069908586,1.0,18.894574
ORDIUSDT,SELL,LIMIT,1701069913967,1041.6,18.192299
ORDIUSDT,BUY,LIMIT,1701069977669,10.4,19.046705
ORDIUSDT,SELL,LIMIT,1701070110794,320.0,18.391058
ORDIUSDT,SELL,LIMIT,1701070138828,8.9,18.407314
ORDIUSDT,SELL,LIMIT,1701070144468,13.2,18.391369
ORDIUSDT,SELL,LIMIT,1701070163185,0.6,18.356429
ORDIUSDT,SELL,LIMIT,1701070172067,0.4,18.311256
ORDIUSDT,SELL,LIMIT,1701070173348,75.5,18.304075
ORDIUSDT,SELL,LIMIT,1701070174915,5.4,18.340590
ORDIUSDT,BUY,LIMIT,1701070225506,16.1,19.029012
ORDIUSDT,BUY,LIMIT,1701070231514,11.4,19.086172
ORDIUSDT,BUY,LIMIT,1701070233166,162.6,19.128916
ORDIUSDT,BUY,LIMIT,1701070281133,8.9,19.321213
ORDIUSDT,SELL,LIMIT,1701070353733,32.9,19.212731
ORDIUSDT,BUY,LIMIT,1701070565568,187.0,19.372124
ORDIUSDT,BUY,LIMIT,1701070603062,82.3,19.448981
ORDIUSDT,BUY,LIMIT,1701070608249,5.0,19.478180
ORDIUSDT,BUY,LIMIT,1701070635120,30.1,19.577826
ORDIUSDT,BUY,LIMIT,1701070637658,10.0,19.572115
ORDIUSDT,BUY,LIMIT,1701070648622,105.8,19.635649
ORDIUSDT,BUY,LIMIT,1701070660872,47.9,19.690841
ORDIUSDT,BUY,LIMIT,1701070841663,77.3,19.710473
ORDIUSDT,BUY,LIMIT,1701070873822,22.9,19.773501
ORDIUSDT,BUY,LIMIT,1701070917125,199.1,19.750644
ORDIUSDT,BUY,LIMIT,1701071006439,38.6,19.827456
ORDIUSDT,BUY,LIMIT,1701071011309,8.0,19.840241
ORDIUSDT,BUY,LIMIT,1701071016203,50.8,19.866134
ORDIUSDT,BUY,LIMIT,1701071032110,3.4,19.908823
ORDIUSDT,BUY,LIMIT,1701071033215,36.7,19.901706
ORDIUSDT,BUY,LIMIT,1701071034930,44.0,19.974023
ORDIUSDT,BUY,LIMIT,1701071169794,45.3,19.931225
ORDIUSDT,BUY,LIMIT,1701071190127,38.3,20.006077
ORDIUSDT,BUY,LIMIT,1701071196889,15.4,20.040071
ORDIUSDT,BUY,LIMIT,1701071240946,63.4,20.120367
ORDIUSDT,BUY,LIMIT,1701071253867,41.3,20.193281
ORDIUSDT,BUY,LIMIT,1701071257431,17.7,20.273195
ORDIUSDT,BUY,LIMIT,1701071258432,4.8,20.243616
ORDIUSDT,BUY,LIMIT,1701071272413,32.2,20.305277
ORDIUSDT,SELL,LIMIT,1701071840336,1.2,19.360362
ORDIUSDT,SELL,LIMIT,1701071841403,8.0,19.338415
ORDIUSDT,SELL,LIMIT,1701071955632,1.4,19.260076
ORDIUSDT,BUY,LIMIT,1701072078863,1.9,20.038027
ORDIUSDT,BUY,LIMIT,1701072089791,8.0,20.090060
ORDIUSDT,SELL,LIMIT,1701072147118,197.8,19.371856
ORDIUSDT,BUY,LIMIT,1701072514232,14.2,20.022283
ORDIUSDT,BUY,LIMIT,1701072564778,13.3,20.124706
ORDIUSDT,BUY,LIMIT,1701072577578,94.6,20.203813
ORDIUSDT,BUY,LIMIT,1701072591199,75.0,20.295642
ORDIUSDT,SELL,LIMIT,1701072947950,14.5,19.555572
ORDIUSDT,BUY,LIMIT,1701073332220,122.3,20.297809
ORDIUSDT,BUY,LIMIT,1701073353792,13.9,20.374217
ORDIUSDT,BUY,LIMIT,1701073358788,5.9,20.389150
ORDIUSDT,BUY,LIMIT,1701073360609,36.4,20.407151
ORDIUSDT,BUY,LIMIT,1701073368748,0.9,20.441512
ORDIUSDT,BUY,LIMIT,1701073566071,47.5,20.495644
ORDIUSDT,BUY,LIMIT,1701073569962,203.0,20.506575
ORDIUSDT,BUY,LIMIT,1701073574152,2.2,20.560974
ORDIUSDT,SELL,LIMIT,1701073754137,82.8,19.693186
ORDIUSDT,BUY,LIMIT,1701074239587,7.5,20.461399
ORDIUSDT,BUY,LIMIT,1701074728130,239.3,20.549055
ORDIUSDT,SELL,LIMIT,1701074867649,152.4,19.774167
ORDIUSDT,SELL,LIMIT,1701074868855,0.3,19.721641
ORDIUSDT,SELL,LIMIT,1701075201538,32.3,19.603037
ORDIUSDT,BUY,LIMIT,1701075465416,25.0,20.324571
ORDIUSDT,BUY,LIMIT,1701075547330,10.5,20.336960
ORDIUSDT,BUY,LIMIT,1701075554289,0.1,20.346602
ORDIUSDT,BUY,LIMIT,1701075615191,89.7,20.355948
ORDIUSDT,BUY,LIMIT,1701075643299,53.4,20.432863
ORDIUSDT,BUY,LIMIT,1701076473535,29.7,20.579311
ORDIUSDT,BUY,LIMIT,1701076486156,3.0,20.608860
ORDIUSDT,BUY,LIMIT,1701076492120,50.8,20.629322
ORDIUSDT,BUY,LIMIT,1701076494340,49.2,20.649715
ORDIUSDT,BUY,LIMIT,1701077177160,29.6,20.612467
ORDIUSDT,BUY,LIMIT,1701077438133,6.1,20.637485
ORDIUSDT,SELL,LIMIT,1701077476314,49.8,20.003381
ORDIUSDT,SELL,LIMIT,1701077496285,46.9,19.950513
ORDIUSDT,SELL,LIMIT,1701077540906,42.5,19.901307
ORDIUSDT,BUY,LIMIT,1701078118784,20.1,20.599616
ORDIUSDT,BUY,LIMIT,1701078149256,143.0,20.650153
ORDIUSDT,SELL,LIMIT,1701078968955,12.8,19.900060
ORDIUSDT,SELL,LIMIT,1701079470315,2.2,19.765082
ORDIUSDT,SELL,LIMIT,1701079727403,51.1,19.731816
ORDIUSDT,SELL,LIMIT,1701079797041,66.3,19.643077
ORDIUSDT,SELL,LIMIT,1701080338752,1.9,19.507549
ORDIUSDT,SELL,LIMIT,1701080436720,0.6,19.469043
ORDIUSDT,SELL,LIMIT,1701080460120,1.3,19.443075
ORDIUSDT,SELL,LIMIT,1701080462870,0.3,19.439676
ORDIUSDT,SELL,LIMIT,1701080472233,6.7,19.438270
ORDIUSDT,SELL,LIMIT,1701080483244,11.4,19.433273
ORDIUSDT,SELL,LIMIT,1701080753165,0.7,19.346549
ORDIUSDT,SELL,LIMIT,1701080754261,12.3,19.341177
ORDIUSDT,SELL,LIMIT,1701081206477,49.3,19.270057
ORDIUSDT,SELL,LIMIT,1701081207805,0.3,19.251053
ORDIUSDT,SELL,LIMIT,1701081323133,113.1,19.210620
ORDIUSDT,SELL,LIMIT,1701081325067,28.4,19.184004
ORDIUSDT,SELL,LIMIT,1701081326844,247.8,19.175601
ORDIUSDT,SELL,LIMIT,1701081454380,2.9,19.206130
ORDIUSDT,SELL,LIMIT,1701081856424,29.6,19.227604
ORDIUSDT,SELL,LIMIT,1701081901378,86.8,19.183650
ORDIUSDT,SELL,LIMIT,1701081928353,0.9,19.148585
ORDIUSDT,SELL,LIMIT,1701081964283,1.8,19.120145
ORDIUSDT,SELL,LIMIT,1701081972691,1.4,19.096208
ORDIUSDT,SELL,LIMIT,1701081978904,5.7,19.069301
ORDIUSDT,SELL,LIMIT,1701081981096,100.0,19.044466
ORDIUSDT,SELL,LIMIT,1701082136755,40.0,19.052856
ORDIUSDT,BUY,LIMIT,1701082160355,2.4,19.679614
ORDIUSDT,BUY,LIMIT,1701082272875,30.9,19.780882
ORDIUSDT,SELL,LIMIT,1701082420628,4.7,19.091331
ORDIUSDT,SELL,LIMIT,1701082426553,19.9,19.014085
ORDIUSDT,SELL,LIMIT,1701082432735,723.9,18.860600
ORDIUSDT,SELL,LIMIT,1701082443191,1.3,18.974351
ORDIUSDT,SELL,LIMIT,1701082466312,7.7,18.905064
ORDIUSDT,SELL,LIMIT,1701082469072,50.6,18.894556
ORDIUSDT,SELL,LIMIT,1701082470441,9.5,18.891588
ORDIUSDT,SELL,LIMIT,1701082471766,192.0,18.875547
ORDIUSDT,SELL,LIMIT,1701082473818,1.0,18.868900
ORDIUSDT,SELL,LIMIT,1701082485199,10.7,18.845306
ORDIUSDT,SELL,LIMIT,1701082488362,41.8,18.819420
ORDIUSDT,SELL,LIMIT,1701082491309,227.0,18.812455
ORDIUSDT,SELL,LIMIT,1701082581207,121.6,18.834055
ORDIUSDT,SELL,LIMIT,1701082596989,17.8,18.806900
ORDIUSDT,SELL,LIMIT,1701082692284,3.5,18.764450
ORDIUSDT,SELL,LIMIT,1701082693414,263.6,18.742111
ORDIUSDT,SELL,LIMIT,1701082695138,16.7,18.728034
ORDIUSDT,SELL,LIMIT,1701082696546,29.7,18.722293
ORDIUSDT,SELL,LIMIT,1701083154016,12.8,19.008455
ORDIUSDT,SELL,LIMIT,1701083554182,3.5,18.772261
ORDIUSDT,SELL,LIMIT,1701083555284,5.0,18.766956
ORDIUSDT,SELL,LIMIT,1701084660813,24.1,18.829701
ORDIUSDT,SELL,LIMIT,1701086145178,2.7,18.964148
ORDIUSDT,SELL,LIMIT,1701086196909,67.2,18.947266
ORDIUSDT,SELL,LIMIT,1701086200214,206.1,18.934669
ORDIUSDT,SELL,LIMIT,1701086203059,2.0,18.920115
ORDIUSDT,SELL,LIMIT,1701086449756,2.0,18.864302
ORDIUSDT,SELL,LIMIT,1701086456169,6.5,18.839482
ORDIUSDT,BUY,LIMIT,1701086580469,4.7,19.548950
ORDIUSDT,SELL,LIMIT,1701086717584,441.4,18.866575
ORDIUSDT,SELL,LIMIT,1701086769274,5.0,18.928409
ORDIUSDT,BUY,LIMIT,1701087201266,16.3,19.591106
ORDIUSDT,SELL,LIMIT,1701087398723,17.0,18.929835
ORDIUSDT,SELL,LIMIT,1701087944185,15.5,18.848549
ORDIUSDT,SELL,LIMIT,1701087970170,67.5,18.821129
ORDIUSDT,SELL,LIMIT,1701088754920,0.6,18.755047
ORDIUSDT,SELL,LIMIT,1701088835382,2.7,18.743923
ORDIUSDT,BUY,LIMIT,1701088910392,9.0,19.403366
ORDIUSDT,BUY,LIMIT,1701089231117,1.6,19.421166
ORDIUSDT,SELL,LIMIT,1701089744574,19.4,18.757855
ORDIUSDT,SELL,LIMIT,1701089984176,201.5,18.729351
ORDIUSDT,BUY,LIMIT,1701090392044,5.2,19.451312
ORDIUSDT,SELL,LIMIT,1701090930115,6.0,18.768552
ORDIUSDT,SELL,LIMIT,1701090983211,3.1,18.723126
ORDIUSDT,SELL,LIMIT,1701091052149,23.4,18.698247
ORDIUSDT,SELL,LIMIT,1701091164144,225.3,18.745228
ORDIUSDT,BUY,LIMIT,1701091244970,261.5,19.487728
ORDIUSDT,BUY,LIMIT,1701091249480,2.6,19.510223
ORDIUSDT,BUY,LIMIT,1701091294878,1.4,19.518972
ORDIUSDT,SELL,LIMIT,1701091526578,18.1,18.939200
ORDIUSDT,SELL,LIMIT,1701091931757,39.1,18.837678
ORDIUSDT,SELL,LIMIT,1701091938351,9.4,18.826237
ORDIUSDT,SELL,LIMIT,1701092013131,185.7,18.742319
ORDIUSDT,SELL,LIMIT,1701092509080,1.3,18.671811
ORDIUSDT,SELL,LIMIT,1701092512223,0.3,18.641508
ORDIUSDT,SELL,LIMIT,1701092514087,49.3,18.622707
ORDIUSDT,SELL,LIMIT,1701092515487,250.0,18.609324
ORDIUSDT,BUY,LIMIT,1701092915726,36.9,19.356553
ORDIUSDT,SELL,LIMIT,1701093117036,7.6,18.645406
ORDIUSDT,SELL,LIMIT,1701093251211,98.5,18.894096
ORDIUSDT,BUY,LIMIT,1701093683326,11.9,19.553291
ORDIUSDT,BUY,LIMIT,1701093772501,126.6,19.627422
ORDIUSDT,SELL,LIMIT,1701094430335,6.0,18.937673
ORDIUSDT,SELL,LIMIT,1701094434188,21.1,18.921781
ORDIUSDT,SELL,LIMIT,1701094594476,258.9,18.906163
ORDIUSDT,SELL,LIMIT,1701094819163,10.4,18.725905
ORDIUSDT,SELL,LIMIT,1701094820210,8.1,18.719149
ORDIUSDT,SELL,LIMIT,1701094847954,260.9,18.708519
ORDIUSDT,SELL,LIMIT,1701094876464,32.6,18.662861
ORDIUSDT,SELL,LIMIT,1701094984282,260.7,18.635562
ORDIUSDT,SELL,LIMIT,1701095530666,194.9,18.709892
ORDIUSDT,BUY,LIMIT,1701095684786,8.2,19.348500
ORDIUSDT,BUY,LIMIT,1701095691070,3.3,19.369126
ORDIUSDT,BUY,LIMIT,1701095720309,1.6,19.395487
ORDIUSDT,SELL,LIMIT,1701096174121,19.4,18.743239
ORDIUSDT,SELL,LIMIT,1701096237049,2.6,18.718933
ORDIUSDT,SELL,LIMIT,1701096477406,7.2,18.634238
ORDIUSDT,SELL,LIMIT,1701096774121,27.1,18.569582
ORDIUSDT,SELL,LIMIT,1701096800223,9.8,18.562706
ORDIUSDT,SELL,LIMIT,1701097049255,1.7,18.574428
ORDIUSDT,SELL,LIMIT,1701097075866,248.6,18.550428
ORDIUSDT,SELL,LIMIT,1701097078995,107.1,18.544496
ORDIUSDT,SELL,LIMIT,1701097095099,21.1,18.529836
ORDIUSDT,SELL,LIMIT,1701097101229,1.3,18.496956
ORDIUSDT,BUY,LIMIT,1701097397078,8.3,19.450847
ORDIUSDT,BUY,LIMIT,1701097413045,115.1,19.468528
ORDIUSDT,BUY,LIMIT,1701098153859,12.0,19.605638
ORDIUSDT,BUY,LIMIT,1701098201788,231.9,19.657154
ORDIUSDT,BUY,LIMIT,1701098320093,0.5,19.830446
ORDIUSDT,BUY,LIMIT,1701098321440,29.6,19.838698
ORDIUSDT,BUY,LIMIT,1701098331277,34.9,19.896945
ORDIUSDT,BUY,LIMIT,1701098347181,5.2,19.965534
ORDIUSDT,SELL,LIMIT,1701098801108,213.7,19.167537
ORDIUSDT,SELL,LIMIT,1701100049263,36.8,19.038693
ORDIUSDT,SELL,LIMIT,1701100183282,12.3,19.100418
ORDIUSDT,SELL,LIMIT,1701100244016,160.2,18.930188
ORDIUSDT,SELL,LIMIT,1701100283141,25.0,18.951317
ORDIUSDT,SELL,LIMIT,1701100292711,10.4,18.953317
ORDIUSDT,BUY,LIMIT,1701100482102,0.5,19.670991
ORDIUSDT,BUY,LIMIT,1701100485268,114.6,19.670838
ORDIUSDT,SELL,LIMIT,1701100511117,3.0,19.169865
ORDIUSDT,SELL,LIMIT,1701100524272,51.4,19.072815
ORDIUSDT,SELL,LIMIT,1701100536439,52.0,19.117378
ORDIUSDT,SELL,LIMIT,1701100538213,50.0,19.134271
ORDIUSDT,SELL,LIMIT,1701100632891,0.5,18.863757
ORDIUSDT,SELL,LIMIT,1701100640413,29.3,18.841081
ORDIUSDT,SELL,LIMIT,1701100643335,7.0,18.851916
ORDIUSDT,BUY,LIMIT,1701100831659,2.4,19.576140
ORDIUSDT,BUY,LIMIT,1701101032299,12.8,19.573282
ORDIUSDT,SELL,LIMIT,1701101101107,7.0,19.198428
ORDIUSDT,SELL,LIMIT,1701101102991,0.4,19.110061
ORDIUSDT,BUY,LIMIT,1701101316755,258.6,19.698963
ORDIUSDT,BUY,LIMIT,1701101938157,260.1,19.850616
ORDIUSDT,BUY,LIMIT,1701101940839,18.7,19.864434
ORDIUSDT,SELL,LIMIT,1701102126733,28.7,19.179574
ORDIUSDT,SELL,LIMIT,1701102140283,1.5,19.141428
ORDIUSDT,SELL,LIMIT,1701102148264,20.0,19.152936
ORDIUSDT,SELL,LIMIT,1701102308399,81.8,19.101846
ORDIUSDT,SELL,LIMIT,1701102342659,101.6,19.045287
ORDIUSDT,BUY,LIMIT,1701102446853,20.7,19.706467
ORDIUSDT,SELL,LIMIT,1701103840397,34.1,19.089587
ORDIUSDT,SELL,LIMIT,1701105653219,144.2,19.113901
ORDIUSDT,SELL,LIMIT,1701106927328,30.8,18.947479
ORDIUSDT,SELL,LIMIT,1701107122985,4.9,18.885643
ORDIUSDT,SELL,LIMIT,1701107567789,204.0,18.745536
ORDIUSDT,SELL,LIMIT,1701111237382,125.3,18.869905
ORDIUSDT,SELL,LIMIT,1701111255169,0.6,18.873477
ORDIUSDT,SELL,LIMIT,1701111288254,1.7,19.250673
ORDIUSDT,SELL,LIMIT,1701111565777,9.9,18.878091
ORDIUSDT,SELL,LIMIT,1701111855227,101.0,18.963221
ORDIUSDT,SELL,LIMIT,1701111925659,2.0,18.928776
ORDIUSDT,SELL,LIMIT,1701112075431,13.0,18.847393
ORDIUSDT,SELL,LIMIT,1701112080721,2.6,18.835171
ORDIUSDT,SELL,LIMIT,1701112133734,170.0,18.827291
ORDIUSDT,SELL,LIMIT,1701112142330,0.5,18.819411
ORDIUSDT,BUY,LIMIT,1701112548285,10.6,19.510171
ORDIUSDT,BUY,LIMIT,1701112642744,170.8,19.578322
ORDIUSDT,BUY,LIMIT,1701114240283,231.1,19.366696
ORDIUSDT,SELL,LIMIT,1701114270747,12.8,18.757098
ORDIUSDT,SELL,LIMIT,1701114352848,0.3,18.726774
ORDIUSDT,SELL,LIMIT,1701114356418,609.9,18.606006
ORDIUSDT,SELL,LIMIT,1701114357494,8.7,18.712965
ORDIUSDT,SELL,LIMIT,1701114470127,1.0,18.667072
ORDIUSDT,SELL,LIMIT,1701114474089,5.1,18.657102
ORDIUSDT,SELL,LIMIT,1701114476938,17.0,18.650817
ORDIUSDT,SELL,LIMIT,1701114496102,21.0,18.664364
ORDIUSDT,SELL,LIMIT,1701114498407,450.0,18.635179
ORDIUSDT,SELL,LIMIT,1701114523311,20.0,18.663781
ORDIUSDT,SELL,LIMIT,1701115440436,109.1,18.633799
ORDIUSDT,SELL,LIMIT,1701115515264,23.0,18.625161
ORDIUSDT,SELL,LIMIT,1701115519793,21.6,18.599300
ORDIUSDT,SELL,LIMIT,1701115520992,19.7,18.586951
ORDIUSDT,SELL,LIMIT,1701115526153,36.3,18.535476
ORDIUSDT,SELL,LIMIT,1701115538304,14.8,18.488100
ORDIUSDT,SELL,LIMIT,1701115539471,2.5,18.480833
ORDIUSDT,SELL,LIMIT,1701115589594,14.2,18.437459
ORDIUSDT,SELL,LIMIT,1701115591136,51.3,18.421423
ORDIUSDT,SELL,LIMIT,1701115593436,108.3,18.417347
ORDIUSDT,SELL,LIMIT,1701116138902,126.0,18.450151
ORDIUSDT,BUY,LIMIT,1701116280233,13.3,19.109836
ORDIUSDT,SELL,LIMIT,1701116552170,33.3,18.457141
ORDIUSDT,SELL,LIMIT,1701116749874,367.0,18.330014
ORDIUSDT,SELL,LIMIT,1701116752988,8.9,18.374220
ORDIUSDT,SELL,LIMIT,1701116758162,103.4,18.371166
ORDIUSDT,SELL,LIMIT,1701116768956,16.8,18.358797
ORDIUSDT,SELL,LIMIT,1701116828808,97.5,18.371685
ORDIUSDT,SELL,LIMIT,1701116842442,10.9,18.357964
ORDIUSDT,SELL,LIMIT,1701116860205,44.8,18.344657
ORDIUSDT,SELL,LIMIT,1701116862984,13.9,18.340696
ORDIUSDT,SELL,LIMIT,1701116867343,1.7,18.337587
ORDIUSDT,SELL,LIMIT,1701116868613,60.0,18.335824
ORDIUSDT,SELL,LIMIT,1701116871144,19.5,18.328881
ORDIUSDT,SELL,LIMIT,1701116882534,208.6,18.327256
ORDIUSDT,SELL,LIMIT,1701116887900,0.8,18.321756
ORDIUSDT,SELL,LIMIT,1701116889135,0.3,18.291270
ORDIUSDT,SELL,LIMIT,1701116890251,1.7,18.305857
ORDIUSDT,SELL,LIMIT,1701116897410,105.2,18.277197
ORDIUSDT,SELL,LIMIT,1701116900786,134.8,18.272571
ORDIUSDT,SELL,LIMIT,1701116902227,3.3,18.267685
ORDIUSDT,SELL,LIMIT,1701116903722,5.0,18.263049
ORDIUSDT,BUY,LIMIT,1701117058915,5.3,18.896374
ORDIUSDT,SELL,LIMIT,1701117112553,140.1,18.289481
ORDIUSDT,SELL,LIMIT,1701117138108,4.3,18.324525
ORDIUSDT,SELL,LIMIT,1701117174271,200.0,18.336657
ORDIUSDT,BUY,LIMIT,1701117439351,31.0,18.924088
ORDIUSDT,BUY,LIMIT,1701119204077,12.1,19.220827
ORDIUSDT,BUY,LIMIT,1701119389789,0.8,19.295056
ORDIUSDT,BUY,LIMIT,1701119522427,13.4,19.392270
ORDIUSDT,BUY,LIMIT,1701119824212,150.0,19.414806
ORDIUSDT,BUY,LIMIT,1701120826006,2.7,19.499072
ORDIUSDT,BUY,LIMIT,1701121091488,39.0,19.614583
ORDIUSDT,SELL,LIMIT,1701123437729,38.8,18.910374
ORDIUSDT,BUY,LIMIT,1701123983995,52.2,19.529170
ORDIUSDT,BUY,LIMIT,1701126377990,0.5,19.693198
ORDIUSDT,BUY,LIMIT,1701126397711,2.8,19.717444
ORDIUSDT,BUY,LIMIT,1701126631067,4.4,19.745244
ORDIUSDT,BUY,LIMIT,1701126653090,34.7,19.733898
ORDIUSDT,BUY,LIMIT,1701126785520,1.5,19.783672
ORDIUSDT,BUY,LIMIT,1701127054107,1.3,19.889940
ORDIUSDT,SELL,LIMIT,1701130607753,36.0,19.220450
ORDIUSDT,BUY,LIMIT,1701130771176,56.0,19.941058
ORDIUSDT,BUY,LIMIT,1701130777526,229.3,19.964502
ORDIUSDT,BUY,LIMIT,1701130795866,0.5,19.983170
ORDIUSDT,BUY,LIMIT,1701130978321,8.0,20.106547
ORDIUSDT,BUY,LIMIT,1701131711681,8.0,20.136054
ORDIUSDT,BUY,LIMIT,1701131718166,79.3,20.161571
ORDIUSDT,BUY,LIMIT,1701131729922,5.2,20.188039
ORDIUSDT,BUY,LIMIT,1701131892509,23.8,20.196031
ORDIUSDT,BUY,LIMIT,1701131901751,19.0,20.212985
ORDIUSDT,BUY,LIMIT,1701131905263,4.0,20.231440
ORDIUSDT,BUY,LIMIT,1701132022520,3.7,20.260576
ORDIUSDT,BUY,LIMIT,1701132123724,38.0,20.302707
ORDIUSDT,BUY,LIMIT,1701132197156,12.1,20.381521
ORDIUSDT,BUY,LIMIT,1701132200247,1.4,20.391279
ORDIUSDT,BUY,LIMIT,1701132208380,1.5,20.414259
ORDIUSDT,BUY,LIMIT,1701132222268,4.4,20.425667
ORDIUSDT,BUY,LIMIT,1701132230173,1.0,20.459666
ORDIUSDT,BUY,LIMIT,1701132232706,0.3,20.476645
ORDIUSDT,BUY,LIMIT,1701132237001,0.4,20.487320
ORDIUSDT,BUY,LIMIT,1701132242987,1.0,20.507438
ORDIUSDT,BUY,LIMIT,1701132246368,2.0,20.520232
ORDIUSDT,BUY,LIMIT,1701132251629,8.8,20.528037
ORDIUSDT,BUY,LIMIT,1701132259264,1.8,20.549061
ORDIUSDT,BUY,LIMIT,1701132282798,3.5,20.595659
ORDIUSDT,SELL,LIMIT,1701132498186,0.6,19.808772
ORDIUSDT,BUY,LIMIT,1701132666741,27.7,20.530613
ORDIUSDT,BUY,LIMIT,1701132697584,2.2,20.617896
ORDIUSDT,BUY,LIMIT,1701132705348,8.2,20.616276
ORDIUSDT,BUY,LIMIT,1701132716845,25.0,20.639226
ORDIUSDT,BUY,LIMIT,1701132736037,138.9,20.650980
ORDIUSDT,SELL,LIMIT,1701132911521,51.0,19.969858
ORDIUSDT,BUY,LIMIT,1701134110065,0.7,20.381236
ORDIUSDT,SELL,LIMIT,1701134211158,38.9,19.671365
ORDIUSDT,SELL,LIMIT,1701136719080,15.6,19.570623
ORDIUSDT,SELL,LIMIT,1701136898213,19.3,19.485137
ORDIUSDT,SELL,LIMIT,1701137240955,72.6,19.374490
ORDIUSDT,SELL,LIMIT,1701137723647,28.5,19.294937
ORDIUSDT,SELL,LIMIT,1701138830257,7.7,19.439277
ORDIUSDT,BUY,LIMIT,1701140960283,24.7,20.213256
ORDIUSDT,BUY,LIMIT,1701140983137,8.2,20.273624
ORDIUSDT,BUY,LIMIT,1701140985405,2.0,20.295821
ORDIUSDT,BUY,LIMIT,1701141019011,138.8,20.305643
ORDIUSDT,SELL,LIMIT,1701141230914,14.4,19.594957
ORDIUSDT,BUY,LIMIT,1701142187268,200.0,20.347954
ORDIUSDT,BUY,LIMIT,1701142229723,23.3,20.424039
ORDIUSDT,BUY,LIMIT,1701142284689,30.0,20.491311
ORDIUSDT,SELL,LIMIT,1701142911098,9.5,19.530245
ORDIUSDT,SELL,LIMIT,1701143333241,251.8,19.446831
ORDIUSDT,SELL,LIMIT,1701143688775,0.7,19.432791
ORDIUSDT,SELL,LIMIT,1701144227253,30.0,19.373607
ORDIUSDT,SELL,LIMIT,1701145973062,29.4,19.326796
ORDIUSDT,SELL,LIMIT,1701146072843,26.1,19.302325
ORDIUSDT,SELL,LIMIT,1701147441801,3.0,19.270541
ORDIUSDT,SELL,LIMIT,1701147875224,5.6,19.243136
ORDIUSDT,SELL,LIMIT,1701147893239,0.8,19.220411
ORDIUSDT,SELL,LIMIT,1701147919407,1.4,19.164594
ORDIUSDT,SELL,LIMIT,1701147920444,0.6,19.155789
ORDIUSDT,SELL,LIMIT,1701147925492,0.3,19.156281
ORDIUSDT,SELL,LIMIT,1701147957158,8.1,19.161268
ORDIUSDT,SELL,LIMIT,1701147977096,24.7,19.134890
ORDIUSDT,SELL,LIMIT,1701148936133,49.8,19.051643
ORDIUSDT,SELL,LIMIT,1701149058697,15.4,19.062318
ORDIUSDT,BUY,LIMIT,1701149130244,0.5,19.623399
ORDIUSDT,SELL,LIMIT,1701149771247,9.6,19.039835
ORDIUSDT,SELL,LIMIT,1701149823316,12.6,19.009705
ORDIUSDT,SELL,LIMIT,1701149843611,3.1,18.977181
ORDIUSDT,SELL,LIMIT,1701149847391,159.7,18.972339
ORDIUSDT,SELL,LIMIT,1701149852599,140.3,18.965189
ORDIUSDT,SELL,LIMIT,1701149855017,162.2,18.960184
ORDIUSDT,SELL,LIMIT,1701149881269,1216.9,18.782278
ORDIUSDT,SELL,LIMIT,1701149882731,206.1,18.930535
ORDIUSDT,BUY,LIMIT,1701150788100,257.2,19.809432
ORDIUSDT,BUY,LIMIT,1701150847290,84.0,19.887570
ORDIUSDT,SELL,LIMIT,1701151263535,12.4,19.149910
ORDIUSDT,SELL,LIMIT,1701151265413,256.1,19.130548
ORDIUSDT,BUY,LIMIT,1701151377005,47.9,19.855764
ORDIUSDT,BUY,LIMIT,1701152364722,2.0,20.057834
ORDIUSDT,BUY,LIMIT,1701152425061,2.5,20.103303
ORDIUSDT,SELL,LIMIT,1701153636130,1.9,19.348458
ORDIUSDT,SELL,LIMIT,1701154035775,0.5,19.279374
ORDIUSDT,BUY,LIMIT,1701155294191,30.0,20.019540
ORDIUSDT,SELL,LIMIT,1701155532543,62.4,19.302825
ORDIUSDT,SELL,LIMIT,1701155593397,17.8,19.254393
ORDIUSDT,SELL,LIMIT,1701156379818,0.4,19.174486
ORDIUSDT,SELL,LIMIT,1701157175358,7.5,19.174322
ORDIUSDT,BUY,LIMIT,1701157862446,35.1,19.872423
ORDIUSDT,SELL,LIMIT,1701158678592,7.2,19.430056
ORDIUSDT,SELL,LIMIT,1701158716721,91.9,19.392232
ORDIUSDT,SELL,LIMIT,1701158904048,0.8,19.309941
ORDIUSDT,SELL,LIMIT,1701160180560,106.5,19.288271
ORDIUSDT,BUY,LIMIT,1701160290105,1.1,19.941381
ORDIUSDT,BUY,LIMIT,1701160303968,94.1,19.958050
ORDIUSDT,SELL,LIMIT,1701162418098,4.2,19.303536
ORDIUSDT,BUY,LIMIT,1701162908384,80.9,19.931480
ORDIUSDT,BUY,LIMIT,1701162917476,18.1,19.938313
ORDIUSDT,BUY,LIMIT,1701163042029,7.6,20.027493
ORDIUSDT,BUY,LIMIT,1701164470057,6.5,20.113715
ORDIUSDT,BUY,LIMIT,1701164482456,85.9,20.118335
ORDIUSDT,BUY,LIMIT,1701164604409,4.7,20.137453
ORDIUSDT,BUY,LIMIT,1701164691331,39.2,20.159480
ORDIUSDT,BUY,LIMIT,1701164708638,252.6,20.176454
ORDIUSDT,BUY,LIMIT,1701164812147,45.7,20.199484
ORDIUSDT,BUY,LIMIT,1701164859981,4.0,20.201887
ORDIUSDT,BUY,LIMIT,1701164934872,0.3,20.244362
ORDIUSDT,SELL,LIMIT,1701165836445,199.7,19.312903
ORDIUSDT,SELL,LIMIT,1701167043347,191.0,19.227647
ORDIUSDT,SELL,LIMIT,1701167201135,9.8,19.203679
ORDIUSDT,BUY,LIMIT,1701167519675,11.0,19.843583
ORDIUSDT,BUY,LIMIT,1701169175996,16.4,19.980049
ORDIUSDT,SELL,LIMIT,1701169682376,53.2,19.352106
ORDIUSDT,BUY,LIMIT,1701170346091,27.5,20.106996
ORDIUSDT,BUY,LIMIT,1701170616813,1.9,20.166602
ORDIUSDT,BUY,LIMIT,1701170719105,167.3,20.166073
ORDIUSDT,BUY,LIMIT,1701171030994,2.9,20.136065
ORDIUSDT,BUY,LIMIT,1701171067368,2.7,20.280553
ORDIUSDT,BUY,LIMIT,1701171069210,35.8,20.315290
ORDIUSDT,BUY,LIMIT,1701171070680,30.5,20.319169
ORDIUSDT,BUY,LIMIT,1701171480237,0.6,20.383230
ORDIUSDT,BUY,LIMIT,1701171507221,30.7,20.449564
ORDIUSDT,BUY,LIMIT,1701171771141,20.2,20.479848
ORDIUSDT,BUY,LIMIT,1701171791700,205.2,20.494989
ORDIUSDT,BUY,LIMIT,1701171815463,8.3,20.534517
ORDIUSDT,BUY,LIMIT,1701172054125,2.0,20.516418
ORDIUSDT,BUY,LIMIT,1701172534042,133.0,20.497467
ORDIUSDT,SELL,LIMIT,1701172968723,5.6,19.752284
ORDIUSDT,SELL,LIMIT,1701173176715,2.6,19.695331
ORDIUSDT,SELL,LIMIT,1701174563971,4.7,19.686211
ORDIUSDT,BUY,LIMIT,1701174764619,11.0,20.319857
ORDIUSDT,SELL,LIMIT,1701175131453,84.2,19.677392
ORDIUSDT,BUY,LIMIT,1701176062153,150.0,20.318985
ORDIUSDT,SELL,LIMIT,1701176697466,62.4,19.605961
ORDIUSDT,BUY,LIMIT,1701177418204,85.3,20.363804
ORDIUSDT,BUY,LIMIT,1701177444304,249.8,20.398875
ORDIUSDT,BUY,LIMIT,1701178376506,9.7,20.581065
ORDIUSDT,BUY,LIMIT,1701178426352,25.0,20.599960
ORDIUSDT,BUY,LIMIT,1701178430418,25.4,20.605783
ORDIUSDT,BUY,LIMIT,1701179077226,38.6,20.644849
ORDIUSDT,BUY,LIMIT,1701179684785,123.6,20.671501
