Symbol,Side,Order Type,Time,Quantity,Price
ORDIUSDT,BUY,LIMIT,1701065561008,8.3,20.096040
ORDIUSDT,BUY,LIMIT,1701066771374,0.6,20.371505
ORDIUSDT,BUY,LIMIT,1701066787786,78.3,20.450810
ORDIUSDT,BUY,LIMIT,1701066788806,8.0,20.461241
ORDIUSDT,SELL,LIMIT,1701066983193,95.9,19.638554
ORDIUSDT,SELL,LIMIT,1701066984296,2.4,19.640570
ORDIUSDT,SELL,LIMIT,1701066995308,249.8,19.594396
ORDIUSDT,SELL,LIMIT,1701066999353,79.8,19.585377
ORDIUSDT,SELL,LIMIT,1701067251396,7.5,19.577535
ORDIUSDT,SELL,LIMIT,1701067253237,3.1,19.567022
ORDIUSDT,SELL,LIMIT,1701067751374,28.6,19.487531
ORDIUSDT,BUY,LIMIT,1701067753307,3.0,20.070998
ORDIUSDT,SELL,LIMIT,1701067795891,4.9,19.475575
ORDIUSDT,SELL,LIMIT,1701067836103,50.4,19.442268
ORDIUSDT,SELL,LIMIT,1701067838680,86.4,19.434504
ORDIUSDT,SELL,LIMIT,1701067843251,239.2,19.421028
ORDIUSDT,SELL,LIMIT,1701067862420,189.0,19.405469
ORDIUSDT,SELL,LIMIT,1701067868119,48.9,19.375152
ORDIUSDT,BUY,LIMIT,1701068020904,2.9,19.967080
ORDIUSDT,SELL,LIMIT,1701068069619,25.1,19.348825
ORDIUSDT,SELL,LIMIT,1701068107323,1.0,19.285289
ORDIUSDT,SELL,LIMIT,1701068150623,120.4,19.275293
ORDIUSDT,SELL,LIMIT,1701068170056,251.5,19.231415
ORDIUSDT,SELL,LIMIT,1701068192719,400.0,19.139777
ORDIUSDT,SELL,LIMIT,1701068194132,4.7,19.205059
ORDIUSDT,SELL,LIMIT,1701068196264,51.1,19.197367
ORDIUSDT,SELL,LIMIT,1701068197307,0.6,19.195017
ORDIUSDT,SELL,LIMIT,1701068321921,0.4,19.157158
ORDIUSDT,SELL,LIMIT,1701068323353,3.1,19.156387
ORDIUSDT,SELL,LIMIT,1701068370080,6.0,19.150296
ORDIUSDT,BUY,LIMIT,1701068996261,1.8,19.922420
ORDIUSDT,SELL,LIMIT,1701068997436,2.1,19.336536
ORDIUSDT,BUY,LIMIT,1701069012053,0.6,19.662634
ORDIUSDT,SELL,LIMIT,1701069377474,0.9,19.112135
ORDIUSDT,SELL,LIMIT,1701069378509,37.7,19.098894
ORDIUSDT,SELL,LIMIT,1701069380162,27.9,19.064029
ORDIUSDT,SELL,LIMIT,1701069400218,12.1,19.059284
ORDIUSDT,SELL,LIMIT,1701069401441,7.7,19.063127
ORDIUSDT,SELL,LIMIT,1701069403250,1.7,19.052655
ORDIUSDT,SELL,LIMIT,1701069404264,2.8,19.034919
ORDIUSDT,SELL,LIMIT,1701069405319,27.9,19.007059
ORDIUSDT,SELL,LIMIT,1701069406399,1.1,19.010057
ORDIUSDT,SELL,LIMIT,1701069407707,135.2,18.991492
ORDIUSDT,SELL,LIMIT,1701069409625,111.2,18.986512
ORDIUSDT,SELL,LIMIT,1701069410640,2.2,18.910836
ORDIUSDT,SELL,LIMIT,1701069412339,14.4,18.884683
ORDIUSDT,SELL,LIMIT,1701069413485,50.0,18.853785
ORDIUSDT,SELL,LIMIT,1701069414588,43.4,18.845797
ORDIUSDT,SELL,LIMIT,1701069415677,108.4,18.817872
ORDIUSDT,SELL,LIMIT,1701069417051,2.1,18.796093
ORDIUSDT,SELL,LIMIT,1701069424250,256.5,18.789760
ORDIUSDT,SELL,LIMIT,1701069425261,142.9,18.781527
ORDIUSDT,SELL,LIMIT,1701069428915,1.1,18.772623
ORDIUSDT,SELL,LIMIT,1701069495160,5.4,18.751085
ORDIUSDT,SELL,LIMIT,1701069515703,65.4,18.762570
ORDIUSDT,SELL,LIMIT,1701069517275,33.3,18.752390
ORDIUSDT,SELL,LIMIT,1701069519413,69.9,18.755386
ORDIUSDT,SELL,LIMIT,1701069522495,3.9,18.741357
ORDIUSDT,SELL,LIMIT,1701069535194,22.9,18.743223
ORDIUSDT,SELL,LIMIT,1701069537374,102.9,18.735159
ORDIUSDT,SELL,LIMIT,1701069547066,3.1,18.724301
ORDIUSDT,SELL,LIMIT,1701069548169,18.5,18.724220
ORDIUSDT,SELL,LIMIT,1701069552300,12.0,18.717763
ORDIUSDT,SELL,LIMIT,1701069553550,79.0,18.708870
ORDIUSDT,SELL,LIMIT,1701069554683,65.5,18.647825
ORDIUSDT,SELL,LIMIT,1701069555987,135.9,18.646893
ORDIUSDT,SELL,LIMIT,1701069637974,54.2,18.701915
ORDIUSDT,SELL,LIMIT,1701069639905,20.4,18.696956
ORDIUSDT,SELL,LIMIT,1701069734792,10.4,18.681844
ORDIUSDT,SELL,LIMIT,1701069736134,15.8,18.671620
ORDIUSDT,SELL,LIMIT,1701069743335,37.9,18.648271
ORDIUSDT,SELL,LIMIT,1701069744680,3.7,18.644392
ORDIUSDT,SELL,LIMIT,1701069750516,2.3,18.634669
ORDIUSDT,SELL,LIMIT,1701069753029,75.9,18.628297
ORDIUSDT,SELL,LIMIT,1701069757811,186.7,18.641930
ORDIUSDT,SELL,LIMIT,1701069776405,9.3,18.615592
ORDIUSDT,SELL,LIMIT,1701069778070,5.4,18.551857
ORDIUSDT,SELL,LIMIT,1701069779132,22.6,18.590656
ORDIUSDT,SELL,LIMIT,1701069803056,10.2,18.540561
ORDIUSDT,SELL,LIMIT,1701069805136,1.1,18.538392
ORDIUSDT,SELL,LIMIT,1701069806231,9.2,18.538465
ORDIUSDT,SELL,LIMIT,1701069809438,196.0,18.532942
ORDIUSDT,SELL,LIMIT,1701069813191,51.2,18.528901
ORDIUSDT,SELL,LIMIT,1701069814198,1.5,18.519576
ORDIUSDT,SELL,LIMIT,1701069815224,24.8,18.523593
ORDIUSDT,SELL,LIMIT,1701069816865,0.3,18.509088
ORDIUSDT,SELL,LIMIT,1701069817874,20.8,18.424558
ORDIUSDT,SELL,LIMIT,1701069818911,8.1,18.418221
ORDIUSDT,SELL,LIMIT,1701069821166,287.0,18.379405
ORDIUSDT,SELL,LIMIT,1701069822170,108.0,18.366335
ORDIUSDT,SELL,LIMIT,1701069824162,19.0,18.352163
ORDIUSDT,SELL,LIMIT,1701069825281,25.6,18.359130
ORDIUSDT,SELL,LIMIT,1701069832156,7.5,18.401907
ORDIUSDT,SELL,LIMIT,1701069851935,107.3,18.382638
ORDIUSDT,SELL,LIMIT,1701069855202,15.0,18.379880
ORDIUSDT,SELL,LIMIT,1701069857396,27.5,18.446875
ORDIUSDT,SELL,LIMIT,1701069859058,3.5,18.401303
ORDIUSDT,SELL,LIMIT,1701069879384,107.9,18.360963
ORDIUSDT,SELL,LIMIT,1701069880653,1.2,18.343224
ORDIUSDT,SELL,LIMIT,1701069883240,79.0,18.333873
ORDIUSDT,SELL,LIMIT,1701069884884,741.1,18.212947
ORDIUSDT,SELL,LIMIT,1701069886121,29.6,18.326033
ORDIUSDT,SELL,LIMIT,1701069887397,0.5,18.299079
ORDIUSDT,SELL,LIMIT,1701069888595,10.4,18.290042
ORDIUSDT,SELL,LIMIT,1701069890742,20.2,18.286072
ORDIUSDT,SELL,LIMIT,1701069892893,1.8,18.282394
ORDIUSDT,SELL,LIMIT,1701069894206,0.9,18.263715
ORDIUSDT,SELL,LIMIT,1701069895251,3.6,18.267988
ORDIUSDT,SELL,LIMIT,1701069897551,1.1,18.255549
ORDIUSDT,SELL,LIMIT,1701069900257,6.7,18.248487
ORDIUSDT,SELL,LIMIT,1701069901395,8.0,18.248716
ORDIUSDT,BUY,LIMIT,1701069908586,1.0,18.894574
ORDIUSDT,SELL,LIMIT,1701069913967,1041.6,18.192299
ORDIUSDT,BUY,LIMIT,1701069977669,10.4,19.046705
ORDIUSDT,SELL,LIMIT,1701070110794,320.0,18.391058
ORDIUSDT,SELL,LIMIT,1701070138828,8.9,18.407314
ORDIUSDT,SELL,LIMIT,1701070144468,13.2,18.391369
ORDIUSDT,SELL,LIMIT,1701070163185,0.6,18.356429
ORDIUSDT,SELL,LIMIT,1701070172067,0.4,18.311256
ORDIUSDT,SELL,LIMIT,1701070173348,75.5,18.304075
ORDIUSDT,SELL,LIMIT,1701070174915,5.4,18.340590
ORDIUSDT,BUY,LIMIT,1701070225506,16.1,19.029012
ORDIUSDT,BUY,LIMIT,1701070231514,11.4,19.086172
ORDIUSDT,BUY,LIMIT,1701070233166,162.6,19.128916
ORDIUSDT,BUY,LIMIT,1701070281133,8.9,19.321213
ORDIUSDT,SELL,LIMIT,1701070353733,32.9,19.212731
ORDIUSDT,BUY,LIMIT,1701070565568,187.0,19.372124
ORDIUSDT,BUY,LIMIT,1701070603062,82.3,19.448981
ORDIUSDT,BUY,LIMIT,1701070608249,5.0,19.478180
ORDIUSDT,BUY,LIMIT,1701070635120,30.1,19.577826
ORDIUSDT,BUY,LIMIT,1701070637658,10.0,19.572115
ORDIUSDT,BUY,LIMIT,1701070648622,105.8,19.635649
ORDIUSDT,BUY,LIMIT,1701070660872,47.9,19.690841
ORDIUSDT,BUY,LIMIT,1701070841663,77.3,19.710473
ORDIUSDT,BUY,LIMIT,1701070873822,22.9,19.773501
ORDIUSDT,BUY,LIMIT,1701070917125,199.1,19.750644
ORDIUSDT,BUY,LIMIT,1701071006439,38.6,19.827456
ORDIUSDT,BUY,LIMIT,1701071011309,8.0,19.840241
ORDIUSDT,BUY,LIMIT,1701071016203,50.8,19.866134
ORDIUSDT,BUY,LIMIT,1701071032110,3.4,19.908823
ORDIUSDT,BUY,LIMIT,1701071033215,36.7,19.901706
ORDIUSDT,BUY,LIMIT,1701071034930,44.0,19.974023
ORDIUSDT,BUY,LIMIT,1701071169794,45.3,19.931225
ORDIUSDT,BUY,LIMIT,1701071190127,38.3,20.006077
ORDIUSDT,BUY,LIMIT,1701071196889,15.4,20.040071
ORDIUSDT,BUY,LIMIT,1701071240946,63.4,20.120367
ORDIUSDT,BUY,LIMIT,1701071253867,41.3,20.193281
ORDIUSDT,BUY,LIMIT,1701071257431,17.7,20.273195
ORDIUSDT,BUY,LIMIT,1701071258432,4.8,20.243616
ORDIUSDT,BUY,LIMIT,1701071272413,32.2,20.305277
ORDIUSDT,SELL,LIMIT,1701071840336,1.2,19.360362
ORDIUSDT,SELL,LIMIT,1701071841403,8.0,19.338415
ORDIUSDT,SELL,LIMIT,1701071955632,1.4,19.260076
ORDIUSDT,BUY,LIMIT,1701072078863,1.9,20.038027
ORDIUSDT,BUY,LIMIT,1701072089791,8.0,20.090060
ORDIUSDT,SELL,LIMIT,1701072147118,197.8,19.371856
ORDIUSDT,BUY,LIMIT,1701072514232,14.2,20.022283
ORDIUSDT,BUY,LIMIT,1701072564778,13.3,20.124706
ORDIUSDT,BUY,LIMIT,1701072577578,94.6,20.203813
ORDIUSDT,BUY,LIMIT,1701072591199,75.0,20.295642
ORDIUSDT,SELL,LIMIT,1701072947950,14.5,19.555572
ORDIUSDT,BUY,LIMIT,1701073332220,122.3,20.297809
ORDIUSDT,BUY,LIMIT,1701073353792,13.9,20.374217
ORDIUSDT,BUY,LIMIT,1701073358788,5.9,20.389150
ORDIUSDT,BUY,LIMIT,1701073360609,36.4,20.407151
ORDIUSDT,BUY,LIMIT,1701073368748,0.9,20.441512
ORDIUSDT,BUY,LIMIT,1701073566071,47.5,20.495644
ORDIUSDT,BUY,LIMIT,1701073569962,203.0,20.506575
ORDIUSDT,BUY,LIMIT,1701073574152,2.2,20.560974
ORDIUSDT,SELL,LIMIT,1701073754137,82.8,19.693186
ORDIUSDT,BUY,LIMIT,1701074239587,7.5,20.461399
ORDIUSDT,BUY,LIMIT,1701074728130,239.3,20.549055
ORDIUSDT,SELL,LIMIT,1701074867649,152.4,19.774167
ORDIUSDT,SELL,LIMIT,1701074868855,0.3,19.721641
ORDIUSDT,SELL,LIMIT,1701075201538,32.3,19.603037
ORDIUSDT,BUY,LIMIT,1701075465416,25.0,20.324571
ORDIUSDT,BUY,LIMIT,1701075547330,10.5,20.336960
ORDIUSDT,BUY,LIMIT,1701075554289,0.1,20.346602
ORDIUSDT,BUY,LIMIT,1701075615191,89.7,20.355948
ORDIUSDT,BUY,LIMIT,1701075643299,53.4,20.432863
ORDIUSDT,BUY,LIMIT,1701076473535,29.7,20.579311
ORDIUSDT,BUY,LIMIT,1701076486156,3.0,20.608860
ORDIUSDT,BUY,LIMIT,1701076492120,50.8,20.629322
ORDIUSDT,BUY,LIMIT,1701076494340,49.2,20.649715
ORDIUSDT,BUY,LIMIT,1701077177160,29.6,20.612467
ORDIUSDT,BUY,LIMIT,1701077438133,6.1,20.637485
ORDIUSDT,SELL,LIMIT,1701077476314,49.8,20.003381
ORDIUSDT,SELL,LIMIT,1701077496285,46.9,19.950513
ORDIUSDT,SELL,LIMIT,1701077540906,42.5,19.901307
ORDIUSDT,BUY,LIMIT,1701078118784,20.1,20.599616
ORDIUSDT,BUY,LIMIT,1701078149256,143.0,20.650153
ORDIUSDT,SELL,LIMIT,1701078968955,12.8,19.900060
ORDIUSDT,SELL,LIMIT,1701079470315,2.2,19.765082
ORDIUSDT,SELL,LIMIT,1701079727403,51.1,19.731816
ORDIUSDT,SELL,LIMIT,1701079797041,66.3,19.643077
ORDIUSDT,SELL,LIMIT,1701080338752,1.9,19.507549
ORDIUSDT,SELL,LIMIT,1701080436720,0.6,19.469043
ORDIUSDT,SELL,LIMIT,1701080460120,1.3,19.443075
ORDIUSDT,SELL,LIMIT,1701080462870,0.3,19.439676
ORDIUSDT,SELL,LIMIT,1701080472233,6.7,19.438270
ORDIUSDT,SELL,LIMIT,1701080483244,11.4,19.433273
ORDIUSDT,SELL,LIMIT,1701080753165,0.7,19.346549
ORDIUSDT,SELL,LIMIT,1701080754261,12.3,19.341177
ORDIUSDT,SELL,LIMIT,1701081206477,49.3,19.270057
ORDIUSDT,SELL,LIMIT,1701081207805,0.3,19.251053
ORDIUSDT,SELL,LIMIT,1701081323133,113.1,19.210620
ORDIUSDT,SELL,LIMIT,1701081325067,28.4,19.184004
ORDIUSDT,SELL,LIMIT,1701081326844,247.8,19.175601
ORDIUSDT,SELL,LIMIT,1701081454380,2.9,19.206130
ORDIUSDT,SELL,LIMIT,1701081856424,29.6,19.227604
ORDIUSDT,SELL,LIMIT,1701081901378,86.8,19.183650
ORDIUSDT,SELL,LIMIT,1701081928353,0.9,19.148585
ORDIUSDT,SELL,LIMIT,1701081964283,1.8,19.120145
ORDIUSDT,SELL,LIMIT,1701081972691,1.4,19.096208
ORDIUSDT,SELL,LIMIT,1701081978904,5.7,19.069301
ORDIUSDT,SELL,LIMIT,1701081981096,100.0,19.044466
ORDIUSDT,SELL,LIMIT,1701082136755,40.0,19.052856
ORDIUSDT,BUY,LIMIT,1701082160355,2.4,19.679614
ORDIUSDT,BUY,LIMIT,1701082272875,30.9,19.780882
ORDIUSDT,SELL,LIMIT,1701082420628,4.7,19.091331
ORDIUSDT,SELL,LIMIT,1701082426553,19.9,19.014085
ORDIUSDT,SELL,LIMIT,1701082432735,723.9,18.860600
ORDIUSDT,SELL,LIMIT,1701082443191,1.3,18.974351
ORDIUSDT,SELL,LIMIT,1701082466312,7.7,18.905064
ORDIUSDT,SELL,LIMIT,1701082469072,50.6,18.894556
ORDIUSDT,SELL,LIMIT,1701082470441,9.5,18.891588
ORDIUSDT,SELL,LIMIT,1701082471766,192.0,18.875547
ORDIUSDT,SELL,LIMIT,1701082473818,1.0,18.868900
ORDIUSDT,SELL,LIMIT,1701082485199,10.7,18.845306
ORDIUSDT,SELL,LIMIT,1701082488362,41.8,18.819420
ORDIUSDT,SELL,LIMIT,1701082491309,227.0,18.812455
ORDIUSDT,SELL,LIMIT,1701082581207,121.6,18.834055
ORDIUSDT,SELL,LIMIT,1701082596989,17.8,18.806900
ORDIUSDT,SELL,LIMIT,1701082692284,3.5,18.764450
ORDIUSDT,SELL,LIMIT,1701082693414,263.6,18.742111
ORDIUSDT,SELL,LIMIT,1701082695138,16.7,18.728034
ORDIUSDT,SELL,LIMIT,1701082696546,29.7,18.722293
ORDIUSDT,SELL,LIMIT,1701083154016,12.8,19.008455
ORDIUSDT,SELL,LIMIT,1701083554182,3.5,18.772261
ORDIUSDT,SELL,LIMIT,1701083555284,5.0,18.766956
ORDIUSDT,SELL,LIMIT,1701084660813,24.1,18.829701
ORDIUSDT,SELL,LIMIT,1701086145178,2.7,18.964148
ORDIUSDT,SELL,LIMIT,1701086196909,67.2,18.947266
ORDIUSDT,SELL,LIMIT,1701086200214,206.1,18.934669
ORDIUSDT,SELL,LIMIT,1701086203059,2.0,18.920115
ORDIUSDT,SELL,LIMIT,1701086449756,2.0,18.864302
ORDIUSDT,SELL,LIMIT,1701086456169,6.5,18.839482
ORDIUSDT,BUY,LIMIT,1701086580469,4.7,19.548950
ORDIUSDT,SELL,LIMIT,1701086717584,441.4,18.866575
ORDIUSDT,SELL,LIMIT,1701086769274,5.0,18.928409
ORDIUSDT,BUY,LIMIT,1701087201266,16.3,19.591106
ORDIUSDT,SELL,LIMIT,1701087398723,17.0,18.929835
ORDIUSDT,SELL,LIMIT,1701087944185,15.5,18.848549
ORDIUSDT,SELL,LIMIT,1701087970170,67.5,18.821129
ORDIUSDT,SELL,LIMIT,1701088754920,0.6,18.755047
ORDIUSDT,SELL,LIMIT,1701088835382,2.7,18.743923
ORDIUSDT,BUY,LIMIT,1701088910392,9.0,19.403366
ORDIUSDT,BUY,LIMIT,1701089231117,1.6,19.421166
ORDIUSDT,SELL,LIMIT,1701089744574,19.4,18.757855
ORDIUSDT,SELL,LIMIT,1701089984176,201.5,18.729351
ORDIUSDT,BUY,LIMIT,1701090392044,5.2,19.451312
ORDIUSDT,SELL,LIMIT,1701090930115,6.0,18.768552
ORDIUSDT,SELL,LIMIT,1701090983211,3.1,18.723126
ORDIUSDT,SELL,LIMIT,1701091052149,23.4,18.698247
ORDIUSDT,SELL,LIMIT,1701091164144,225.3,18.745228
ORDIUSDT,BUY,LIMIT,1701091244970,261.5,19.487728
ORDIUSDT,BUY,LIMIT,1701091249480,2.6,19.510223
ORDIUSDT,BUY,LIMIT,1701091294878,1.4,19.518972
ORDIUSDT,SELL,LIMIT,1701091526578,18.1,18.939200
ORDIUSDT,SELL,LIMIT,1701091931757,39.1,18.837678
ORDIUSDT,SELL,LIMIT,1701091938351,9.4,18.826237
ORDIUSDT,SELL,LIMIT,1701092013131,185.7,18.742319
ORDIUSDT,SELL,LIMIT,1701092509080,1.3,18.671811
ORDIUSDT,SELL,LIMIT,1701092512223,0.3,18.641508
ORDIUSDT,SELL,LIMIT,1701092514087,49.3,18.622707
ORDIUSDT,SELL,LIMIT,1701092515487,250.0,18.609324
ORDIUSDT,BUY,LIMIT,1701092915726,36.9,19.356553
ORDIUSDT,SELL,LIMIT,1701093117036,7.6,18.645406
ORDIUSDT,SELL,LIMIT,1701093251211,98.5,18.894096
ORDIUSDT,BUY,LIMIT,1701093683326,11.9,19.553291
ORDIUSDT,BUY,LIMIT,1701093772501,126.6,19.627422
ORDIUSDT,SELL,LIMIT,1701094430335,6.0,18.937673
ORDIUSDT,SELL,LIMIT,1701094434188,21.1,18.921781
ORDIUSDT,SELL,LIMIT,1701094594476,258.9,18.906163
ORDIUSDT,SELL,LIMIT,1701094819163,10.4,18.725905
ORDIUSDT,SELL,LIMIT,1701094820210,8.1,18.719149
ORDIUSDT,SELL,LIMIT,1701094847954,260.9,18.708519
ORDIUSDT,SELL,LIMIT,1701094876464,32.6,18.662861
ORDIUSDT,SELL,LIMIT,1701094984282,260.7,18.635562
ORDIUSDT,SELL,LIMIT,1701095530666,194.9,18.709892
ORDIUSDT,BUY,LIMIT,1701095684786,8.2,19.348500
ORDIUSDT,BUY,LIMIT,1701095691070,3.3,19.369126
ORDIUSDT,BUY,LIMIT,1701095720309,1.6,19.395487
ORDIUSDT,SELL,LIMIT,1701096174121,19.4,18.743239
ORDIUSDT,SELL,LIMIT,1701096237049,2.6,18.718933
ORDIUSDT,SELL,LIMIT,1701096477406,7.2,18.634238
ORDIUSDT,SELL,LIMIT,1701096774121,27.1,18.569582
ORDIUSDT,SELL,LIMIT,1701096800223,9.8,18.562706
ORDIUSDT,SELL,LIMIT,1701097049255,1.7,18.574428
ORDIUSDT,SELL,LIMIT,1701097075866,248.6,18.550428
ORDIUSDT,SELL,LIMIT,1701097078995,107.1,18.544496
ORDIUSDT,SELL,LIMIT,1701097095099,21.1,18.529836
ORDIUSDT,SELL,LIMIT,1701097101229,1.3,18.496956
ORDIUSDT,BUY,LIMIT,1701097397078,8.3,19.450847
ORDIUSDT,BUY,LIMIT,1701097413045,115.1,19.468528
ORDIUSDT,BUY,LIMIT,1701098153859,12.0,19.605638
ORDIUSDT,BUY,LIMIT,1701098201788,231.9,19.657154
ORDIUSDT,BUY,LIMIT,1701098320093,0.5,19.830446
ORDIUSDT,BUY,LIMIT,1701098321440,29.6,19.838698
ORDIUSDT,BUY,LIMIT,1701098331277,34.9,19.896945
ORDIUSDT,BUY,LIMIT,1701098347181,5.2,19.965534
ORDIUSDT,SELL,LIMIT,1701098801108,213.7,19.167537
ORDIUSDT,SELL,LIMIT,1701100049263,36.8,19.038693
ORDIUSDT,SELL,LIMIT,1701100183282,12.3,19.100418
ORDIUSDT,SELL,LIMIT,1701100244016,160.2,18.930188
ORDIUSDT,SELL,LIMIT,1701100283141,25.0,18.951317
ORDIUSDT,SELL,LIMIT,1701100292711,10.4,18.953317
ORDIUSDT,BUY,LIMIT,1701100482102,0.5,19.670991
ORDIUSDT,BUY,LIMIT,1701100485268,114.6,19.670838
ORDIUSDT,SELL,LIMIT,1701100511117,3.0,19.169865
ORDIUSDT,SELL,LIMIT,1701100524272,51.4,19.072815
ORDIUSDT,SELL,LIMIT,1701100536439,52.0,19.117378
ORDIUSDT,SELL,LIMIT,1701100538213,50.0,19.134271
ORDIUSDT,SELL,LIMIT,1701100632891,0.5,18.863757
ORDIUSDT,SELL,LIMIT,1701100640413,29.3,18.841081
ORDIUSDT,SELL,LIMIT,1701100643335,7.0,18.851916
ORDIUSDT,BUY,LIMIT,1701100831659,2.4,19.576140
ORDIUSDT,BUY,LIMIT,1701101032299,12.8,19.573282
ORDIUSDT,SELL,LIMIT,1701101101107,7.0,19.198428
ORDIUSDT,SELL,LIMIT,1701101102991,0.4,19.110061
ORDIUSDT,BUY,LIMIT,1701101316755,258.6,19.698963
ORDIUSDT,BUY,LIMIT,1701101938157,260.1,19.850616
ORDIUSDT,BUY,LIMIT,1701101940839,18.7,19.864434
ORDIUSDT,SELL,LIMIT,1701102126733,28.7,19.179574
ORDIUSDT,SELL,LIMIT,1701102140283,1.5,19.141428
ORDIUSDT,SELL,LIMIT,1701102148264,20.0,19.152936
ORDIUSDT,SELL,LIMIT,1701102308399,81.8,19.101846
ORDIUSDT,SELL,LIMIT,1701102342659,101.6,19.045287
ORDIUSDT,BUY,LIMIT,1701102446853,20.7,19.706467
ORDIUSDT,SELL,LIMIT,1701103840397,34.1,19.089587
ORDIUSDT,SELL,LIMIT,1701105653219,144.2,19.113901
ORDIUSDT,SELL,LIMIT,1701106927328,30.8,18.947479
ORDIUSDT,SELL,LIMIT,1701107122985,4.9,18.885643
ORDIUSDT,SELL,LIMIT,1701107567789,204.0,18.745536
ORDIUSDT,SELL,LIMIT,1701111237382,125.3,18.869905
ORDIUSDT,SELL,LIMIT,1701111255169,0.6,18.873477
ORDIUSDT,SELL,LIMIT,1701111288254,1.7,19.250673
ORDIUSDT,SELL,LIMIT,1701111565777,9.9,18.878091
ORDIUSDT,SELL,LIMIT,1701111855227,101.0,18.963221
ORDIUSDT,SELL,LIMIT,1701111925659,2.0,18.928776
ORDIUSDT,SELL,LIMIT,1701112075431,13.0,18.847393
ORDIUSDT,SELL,LIMIT,1701112080721,2.6,18.835171
ORDIUSDT,SELL,LIMIT,1701112133734,170.0,18.827291
ORDIUSDT,SELL,LIMIT,1701112142330,0.5,18.819411
ORDIUSDT,BUY,LIMIT,1701112548285,10.6,19.510171
ORDIUSDT,BUY,LIMIT,1701112642744,170.8,19.578322
ORDIUSDT,BUY,LIMIT,1701114240283,231.1,19.366696
ORDIUSDT,SELL,LIMIT,1701114270747,12.8,18.757098
ORDIUSDT,SELL,LIMIT,1701114352848,0.3,18.726774
ORDIUSDT,SELL,LIMIT,1701114356418,609.9,18.606006
ORDIUSDT,SELL,LIMIT,1701114357494,8.7,18.712965
ORDIUSDT,SELL,LIMIT,1701114470127,1.0,18.667072
ORDIUSDT,SELL,LIMIT,1701114474089,5.1,18.657102
ORDIUSDT,SELL,LIMIT,1701114476938,17.0,18.650817
ORDIUSDT,SELL,LIMIT,1701114496102,21.0,18.664364
ORDIUSDT,SELL,LIMIT,1701114498407,450.0,18.635179
ORDIUSDT,SELL,LIMIT,1701114523311,20.0,18.663781
ORDIUSDT,SELL,LIMIT,1701115440436,109.1,18.633799
ORDIUSDT,SELL,LIMIT,1701115515264,23.0,18.625161
ORDIUSDT,SELL,LIMIT,1701115519793,21.6,18.599300
ORDIUSDT,SELL,LIMIT,1701115520992,19.7,18.586951
ORDIUSDT,SELL,LIMIT,1701115526153,36.3,18.535476
ORDIUSDT,SELL,LIMIT,1701115538304,14.8,18.488100
ORDIUSDT,SELL,LIMIT,1701115539471,2.5,18.480833
ORDIUSDT,SELL,LIMIT,1701115589594,14.2,18.437459
ORDIUSDT,SELL,LIMIT,1701115591136,51.3,18.421423
ORDIUSDT,SELL,LIMIT,1701115593436,108.3,18.417347
ORDIUSDT,SELL,LIMIT,1701116138902,126.0,18.450151
ORDIUSDT,BUY,LIMIT,1701116280233,13.3,19.109836
ORDIUSDT,SELL,LIMIT,1701116552170,33.3,18.457141
ORDIUSDT,SELL,LIMIT,1701116749874,367.0,18.330014
ORDIUSDT,SELL,LIMIT,1701116752988,8.9,18.374220
ORDIUSDT,SELL,LIMIT,1701116758162,103.4,18.371166
ORDIUSDT,SELL,LIMIT,1701116768956,16.8,18.358797
ORDIUSDT,SELL,LIMIT,1701116828808,97.5,18.371685
ORDIUSDT,SELL,LIMIT,1701116842442,10.9,18.357964
ORDIUSDT,SELL,LIMIT,1701116860205,44.8,18.344657
ORDIUSDT,SELL,LIMIT,1701116862984,13.9,18.340696
ORDIUSDT,SELL,LIMIT,1701116867343,1.7,18.337587
ORDIUSDT,SELL,LIMIT,1701116868613,60.0,18.335824
ORDIUSDT,SELL,LIMIT,1701116871144,19.5,18.328881
ORDIUSDT,SELL,LIMIT,1701116882534,208.6,18.327256
ORDIUSDT,SELL,LIMIT,1701116887900,0.8,18.321756
ORDIUSDT,SELL,LIMIT,1701116889135,0.3,18.291270
ORDIUSDT,SELL,LIMIT,1701116890251,1.7,18.305857
ORDIUSDT,SELL,LIMIT,1701116897410,105.2,18.277197
ORDIUSDT,SELL,LIMIT,1701116900786,134.8,18.272571
ORDIUSDT,SELL,LIMIT,1701116902227,3.3,18.267685
ORDIUSDT,SELL,LIMIT,1701116903722,5.0,18.263049
ORDIUSDT,BUY,LIMIT,1701117058915,5.3,18.896374
ORDIUSDT,SELL,LIMIT,1701117112553,140.1,18.289481
ORDIUSDT,SELL,LIMIT,1701117138108,4.3,18.324525
ORDIUSDT,SELL,LIMIT,1701117174271,200.0,18.336657
ORDIUSDT,BUY,LIMIT,1701117439351,31.0,18.924088
ORDIUSDT,BUY,LIMIT,1701119204077,12.1,19.220827
ORDIUSDT,BUY,LIMIT,1701119389789,0.8,19.295056
ORDIUSDT,BUY,LIMIT,1701119522427,13.4,19.392270
ORDIUSDT,BUY,LIMIT,1701119824212,150.0,19.414806
ORDIUSDT,BUY,LIMIT,1701120826006,2.7,19.499072
ORDIUSDT,BUY,LIMIT,1701121091488,39.0,19.614583
ORDIUSDT,SELL,LIMIT,1701123437729,38.8,18.910374
ORDIUSDT,BUY,LIMIT,1701123983995,52.2,19.529170
ORDIUSDT,BUY,LIMIT,1701126377990,0.5,19.693198
ORDIUSDT,BUY,LIMIT,1701126397711,2.8,19.717444
ORDIUSDT,BUY,LIMIT,1701126631067,4.4,19.745244
ORDIUSDT,BUY,LIMIT,1701126653090,34.7,19.733898
ORDIUSDT,BUY,LIMIT,1701126785520,1.5,19.783672
ORDIUSDT,BUY,LIMIT,1701127054107,1.3,19.889940
ORDIUSDT,SELL,LIMIT,1701130607753,36.0,19.220450
ORDIUSDT,BUY,LIMIT,1701130771176,56.0,19.941058
ORDIUSDT,BUY,LIMIT,1701130777526,229.3,19.964502
ORDIUSDT,BUY,LIMIT,1701130795866,0.5,19.983170
ORDIUSDT,BUY,LIMIT,1701130978321,8.0,20.106547
ORDIUSDT,BUY,LIMIT,1701131711681,8.0,20.136054
ORDIUSDT,BUY,LIMIT,1701131718166,79.3,20.161571
ORDIUSDT,BUY,LIMIT,1701131729922,5.2,20.188039
ORDIUSDT,BUY,LIMIT,1701131892509,23.8,20.196031
ORDIUSDT,BUY,LIMIT,1701131901751,19.0,20.212985
ORDIUSDT,BUY,LIMIT,1701131905263,4.0,20.231440
ORDIUSDT,BUY,LIMIT,1701132022520,3.7,20.260576
ORDIUSDT,BUY,LIMIT,1701132123724,38.0,20.302707
ORDIUSDT,BUY,LIMIT,1701132197156,12.1,20.381521
ORDIUSDT,BUY,LIMIT,1701132200247,1.4,20.391279
ORDIUSDT,BUY,LIMIT,1701132208380,1.5,20.414259
ORDIUSDT,BUY,LIMIT,1701132222268,4.4,20.425667
ORDIUSDT,BUY,LIMIT,1701132230173,1.0,20.459666
ORDIUSDT,BUY,LIMIT,1701132232706,0.3,20.476645
ORDIUSDT,BUY,LIMIT,1701132237001,0.4,20.487320
ORDIUSDT,BUY,LIMIT,1701132242987,1.0,20.507438
ORDIUSDT,BUY,LIMIT,1701132246368,2.0,20.520232
ORDIUSDT,BUY,LIMIT,1701132251629,8.8,20.528037
ORDIUSDT,BUY,LIMIT,1701132259264,1.8,20.549061
ORDIUSDT,BUY,LIMIT,1701132282798,3.5,20.595659
ORDIUSDT,SELL,LIMIT,1701132498186,0.6,19.808772
ORDIUSDT,BUY,LIMIT,1701132666741,27.7,20.530613
ORDIUSDT,BUY,LIMIT,1701132697584,2.2,20.617896
ORDIUSDT,BUY,LIMIT,1701132705348,8.2,20.616276
ORDIUSDT,BUY,LIMIT,1701132716845,25.0,20.639226
ORDIUSDT,BUY,LIMIT,1701132736037,138.9,20.650980
ORDIUSDT,SELL,LIMIT,1701132911521,51.0,19.969858
ORDIUSDT,BUY,LIMIT,1701134110065,0.7,20.381236
ORDIUSDT,SELL,LIMIT,1701134211158,38.9,19.671365
ORDIUSDT,SELL,LIMIT,1701136719080,15.6,19.570623
ORDIUSDT,SELL,LIMIT,1701136898213,19.3,19.485137
ORDIUSDT,SELL,LIMIT,1701137240955,72.6,19.374490
ORDIUSDT,SELL,LIMIT,1701137723647,28.5,19.294937
ORDIUSDT,SELL,LIMIT,1701138830257,7.7,19.439277
ORDIUSDT,BUY,LIMIT,1701140960283,24.7,20.213256
ORDIUSDT,BUY,LIMIT,1701140983137,8.2,20.273624
ORDIUSDT,BUY,LIMIT,1701140985405,2.0,20.295821
ORDIUSDT,BUY,LIMIT,1701141019011,138.8,20.305643
ORDIUSDT,SELL,LIMIT,1701141230914,14.4,19.594957
ORDIUSDT,BUY,LIMIT,1701142187268,200.0,20.347954
ORDIUSDT,BUY,LIMIT,1701142229723,23.3,20.424039
ORDIUSDT,BUY,LIMIT,1701142284689,30.0,20.491311
ORDIUSDT,SELL,LIMIT,1701142911098,9.5,19.530245
ORDIUSDT,SELL,LIMIT,1701143333241,251.8,19.446831
ORDIUSDT,SELL,LIMIT,1701143688775,0.7,19.432791
ORDIUSDT,SELL,LIMIT,1701144227253,30.0,19.373607
ORDIUSDT,SELL,LIMIT,1701145973062,29.4,19.326796
ORDIUSDT,SELL,LIMIT,1701146072843,26.1,19.302325
ORDIUSDT,SELL,LIMIT,1701147441801,3.0,19.270541
ORDIUSDT,SELL,LIMIT,1701147875224,5.6,19.243136
ORDIUSDT,SELL,LIMIT,1701147893239,0.8,19.220411
ORDIUSDT,SELL,LIMIT,1701147919407,1.4,19.164594
ORDIUSDT,SELL,LIMIT,1701147920444,0.6,19.155789
ORDIUSDT,SELL,LIMIT,1701147925492,0.3,19.156281
ORDIUSDT,SELL,LIMIT,1701147957158,8.1,19.161268
ORDIUSDT,SELL,LIMIT,1701147977096,24.7,19.134890
ORDIUSDT,SELL,LIMIT,1701148936133,49.8,19.051643
ORDIUSDT,SELL,LIMIT,1701149058697,15.4,19.062318
ORDIUSDT,BUY,LIMIT,1701149130244,0.5,19.623399
ORDIUSDT,SELL,LIMIT,1701149771247,9.6,19.039835
ORDIUSDT,SELL,LIMIT,1701149823316,12.6,19.009705
ORDIUSDT,SELL,LIMIT,1701149843611,3.1,18.977181
ORDIUSDT,SELL,LIMIT,1701149847391,159.7,18.972339
ORDIUSDT,SELL,LIMIT,1701149852599,140.3,18.965189
ORDIUSDT,SELL,LIMIT,1701149855017,162.2,18.960184
ORDIUSDT,SELL,LIMIT,1701149881269,1216.9,18.782278
ORDIUSDT,SELL,LIMIT,1701149882731,206.1,18.930535
ORDIUSDT,BUY,LIMIT,1701150788100,257.2,19.809432
ORDIUSDT,BUY,LIMIT,1701150847290,84.0,19.887570
ORDIUSDT,SELL,LIMIT,1701151263535,12.4,19.149910
ORDIUSDT,SELL,LIMIT,1701151265413,256.1,19.130548
ORDIUSDT,BUY,LIMIT,1701151377005,47.9,19.855764
ORDIUSDT,BUY,LIMIT,1701152364722,2.0,20.057834
ORDIUSDT,BUY,LIMIT,1701152425061,2.5,20.103303
ORDIUSDT,SELL,LIMIT,1701153636130,1.9,19.348458
ORDIUSDT,SELL,LIMIT,1701154035775,0.5,19.279374
ORDIUSDT,BUY,LIMIT,1701155294191,30.0,20.019540
ORDIUSDT,SELL,LIMIT,1701155532543,62.4,19.302825
ORDIUSDT,SELL,LIMIT,1701155593397,17.8,19.254393
ORDIUSDT,SELL,LIMIT,1701156379818,0.4,19.174486
ORDIUSDT,SELL,LIMIT,1701157175358,7.5,19.174322
ORDIUSDT,BUY,LIMIT,1701157862446,35.1,19.872423
ORDIUSDT,SELL,LIMIT,1701158678592,7.2,19.430056
ORDIUSDT,SELL,LIMIT,1701158716721,91.9,19.392232
ORDIUSDT,SELL,LIMIT,1701158904048,0.8,19.309941
ORDIUSDT,SELL,LIMIT,1701160180560,106.5,19.288271
ORDIUSDT,BUY,LIMIT,1701160290105,1.1,19.941381
ORDIUSDT,BUY,LIMIT,1701160303968,94.1,19.958050
ORDIUSDT,SELL,LIMIT,1701162418098,4.2,19.303536
ORDIUSDT,BUY,LIMIT,1701162908384,80.9,19.931480
ORDIUSDT,BUY,LIMIT,1701162917476,18.1,19.938313
ORDIUSDT,BUY,LIMIT,1701163042029,7.6,20.027493
ORDIUSDT,BUY,LIMIT,1701164470057,6.5,20.113715
ORDIUSDT,BUY,LIMIT,1701164482456,85.9,20.118335
ORDIUSDT,BUY,LIMIT,1701164604409,4.7,20.137453
ORDIUSDT,BUY,LIMIT,1701164691331,39.2,20.159480
ORDIUSDT,BUY,LIMIT,1701164708638,252.6,20.176454
ORDIUSDT,BUY,LIMIT,1701164812147,45.7,20.199484
ORDIUSDT,BUY,LIMIT,1701164859981,4.0,20.201887
ORDIUSDT,BUY,LIMIT,1701164934872,0.3,20.244362
ORDIUSDT,SELL,LIMIT,1701165836445,199.7,19.312903
ORDIUSDT,SELL,LIMIT,1701167043347,191.0,19.227647
ORDIUSDT,SELL,LIMIT,1701167201135,9.8,19.203679
ORDIUSDT,BUY,LIMIT,1701167519675,11.0,19.843583
ORDIUSDT,BUY,LIMIT,1701169175996,16.4,19.980049
ORDIUSDT,SELL,LIMIT,1701169682376,53.2,19.352106
ORDIUSDT,BUY,LIMIT,1701170346091,27.5,20.106996
ORDIUSDT,BUY,LIMIT,1701170616813,1.9,20.166602
ORDIUSDT,BUY,LIMIT,1701170719105,167.3,20.166073
ORDIUSDT,BUY,LIMIT,1701171030994,2.9,20.136065
ORDIUSDT,BUY,LIMIT,1701171067368,2.7,20.280553
ORDIUSDT,BUY,LIMIT,1701171069210,35.8,20.315290
ORDIUSDT,BUY,LIMIT,1701171070680,30.5,20.319169
ORDIUSDT,BUY,LIMIT,1701171480237,0.6,20.383230
ORDIUSDT,BUY,LIMIT,1701171507221,30.7,20.449564
ORDIUSDT,BUY,LIMIT,1701171771141,20.2,20.479848
ORDIUSDT,BUY,LIMIT,1701171791700,205.2,20.494989
ORDIUSDT,BUY,LIMIT,1701171815463,8.3,20.534517
ORDIUSDT,BUY,LIMIT,1701172054125,2.0,20.516418
ORDIUSDT,BUY,LIMIT,1701172534042,133.0,20.497467
ORDIUSDT,SELL,LIMIT,1701172968723,5.6,19.752284
ORDIUSDT,SELL,LIMIT,1701173176715,2.6,19.695331
ORDIUSDT,SELL,LIMIT,1701174563971,4.7,19.686211
ORDIUSDT,BUY,LIMIT,1701174764619,11.0,20.319857
ORDIUSDT,SELL,LIMIT,1701175131453,84.2,19.677392
ORDIUSDT,BUY,LIMIT,1701176062153,150.0,20.318985
ORDIUSDT,SELL,LIMIT,1701176697466,62.4,19.605961
ORDIUSDT,BUY,LIMIT,1701177418204,85.3,20.363804
ORDIUSDT,BUY,LIMIT,1701177444304,249.8,20.398875
ORDIUSDT,BUY,LIMIT,1701178376506,9.7,20.581065
ORDIUSDT,BUY,LIMIT,1701178426352,25.0,20.599960
ORDIUSDT,BUY,LIMIT,1701178430418,25.4,20.605783
ORDIUSDT,BUY,LIMIT,1701179077226,38.6,20.644849
ORDIUSDT,BUY,LIMIT,1701179684785,123.6,20.671501
ORDIUSDT,SELL,LIMIT,1701180197279,11.9,19.859111
ORDIUSDT,SELL,LIMIT,1701180216326,0.5,19.805228
ORDIUSDT,SELL,LIMIT,1701181397356,5.6,19.738221
ORDIUSDT,SELL,LIMIT,1701181414998,15.2,19.713669
ORDIUSDT,BUY,LIMIT,1701182568173,31.1,20.494774
ORDIUSDT,BUY,LIMIT,1701183204745,179.0,20.526971
ORDIUSDT,SELL,LIMIT,1701183752009,0.5,19.828369
ORDIUSDT,SELL,LIMIT,1701185382199,1.0,19.718517
ORDIUSDT,SELL,LIMIT,1701185409413,1.0,19.689710
ORDIUSDT,SELL,LIMIT,1701185844538,0.8,19.621611
ORDIUSDT,SELL,LIMIT,1701185849420,163.2,19.539905
ORDIUSDT,SELL,LIMIT,1701185852834,115.2,19.534896
ORDIUSDT,BUY,LIMIT,1701186121823,189.5,20.260229
ORDIUSDT,SELL,LIMIT,1701186519320,3.6,19.746072
ORDIUSDT,BUY,LIMIT,1701187067350,0.7,20.315118
ORDIUSDT,BUY,LIMIT,1701187212120,27.5,20.344809
ORDIUSDT,BUY,LIMIT,1701187781475,5.0,20.532627
ORDIUSDT,SELL,LIMIT,1701187968222,7.9,19.778476
ORDIUSDT,BUY,LIMIT,1701188370058,1.2,20.433741
ORDIUSDT,SELL,LIMIT,1701188736810,57.6,19.693576
ORDIUSDT,BUY,LIMIT,1701189821865,0.6,20.542925
ORDIUSDT,BUY,LIMIT,1701189943658,126.5,20.663667
ORDIUSDT,BUY,LIMIT,1701189966407,23.2,20.690775
ORDIUSDT,BUY,LIMIT,1701189969910,220.9,20.685054
ORDIUSDT,BUY,LIMIT,1701189998667,106.1,20.713133
ORDIUSDT,BUY,LIMIT,1701190000437,10.0,20.740975
ORDIUSDT,BUY,LIMIT,1701190004001,0.3,20.762015
ORDIUSDT,BUY,LIMIT,1701190273205,15.0,20.718910
ORDIUSDT,BUY,LIMIT,1701190321183,6.0,20.824062
ORDIUSDT,BUY,LIMIT,1701190323401,6.6,20.839343
ORDIUSDT,SELL,LIMIT,1701190484977,15.2,20.045505
ORDIUSDT,BUY,LIMIT,1701190980994,91.6,20.564341
ORDIUSDT,SELL,LIMIT,1701191185358,2.3,19.794335
ORDIUSDT,SELL,LIMIT,1701191194548,23.6,19.791151
ORDIUSDT,SELL,LIMIT,1701191263630,3.6,19.749801
ORDIUSDT,BUY,LIMIT,1701192085672,18.7,20.571009
ORDIUSDT,BUY,LIMIT,1701192142725,30.0,20.440037
ORDIUSDT,BUY,LIMIT,1701193056460,0.9,20.499957
ORDIUSDT,BUY,LIMIT,1701193167144,52.0,20.849625
ORDIUSDT,BUY,LIMIT,1701193172218,66.1,20.858913
ORDIUSDT,BUY,LIMIT,1701193173974,44.5,20.889587
ORDIUSDT,BUY,LIMIT,1701193180486,145.1,20.922784
ORDIUSDT,BUY,LIMIT,1701193210037,119.8,20.959075
ORDIUSDT,BUY,LIMIT,1701193279327,9.0,20.982228
ORDIUSDT,BUY,LIMIT,1701193311532,10.2,21.012809
ORDIUSDT,BUY,LIMIT,1701193312807,7.0,21.059802
ORDIUSDT,BUY,LIMIT,1701194147099,9.9,21.069490
ORDIUSDT,BUY,LIMIT,1701194148177,32.0,21.070085
ORDIUSDT,SELL,LIMIT,1701194620455,38.0,20.247952
ORDIUSDT,SELL,LIMIT,1701194624843,6.0,20.228780
ORDIUSDT,SELL,LIMIT,1701194627139,3.2,20.193048
ORDIUSDT,SELL,LIMIT,1701194699902,4.1,20.159996
ORDIUSDT,SELL,LIMIT,1701195827991,40.0,20.120832
ORDIUSDT,SELL,LIMIT,1701195833734,21.0,20.105787
ORDIUSDT,SELL,LIMIT,1701196002891,9.7,20.079037
ORDIUSDT,SELL,LIMIT,1701196390072,10.9,20.020693
ORDIUSDT,SELL,LIMIT,1701196465523,123.3,19.967917
ORDIUSDT,SELL,LIMIT,1701196469155,4.3,19.962896
ORDIUSDT,SELL,LIMIT,1701196486879,1.5,19.956873
ORDIUSDT,SELL,LIMIT,1701196720878,104.5,19.912681
ORDIUSDT,SELL,LIMIT,1701197449681,60.1,19.880025
ORDIUSDT,SELL,LIMIT,1701197454813,9.8,19.864273
ORDIUSDT,SELL,LIMIT,1701197692367,14.6,19.825979
ORDIUSDT,SELL,LIMIT,1701197698800,117.7,19.803500
ORDIUSDT,SELL,LIMIT,1701197700426,6.7,19.787494
ORDIUSDT,SELL,LIMIT,1701197838335,3.7,19.852676
ORDIUSDT,SELL,LIMIT,1701197850244,1.0,19.854646
ORDIUSDT,SELL,LIMIT,1701197854112,3.6,19.884187
ORDIUSDT,BUY,LIMIT,1701197859260,52.6,20.459677
ORDIUSDT,BUY,LIMIT,1701197862394,121.5,20.462679
ORDIUSDT,BUY,LIMIT,1701198260804,0.9,20.609754
ORDIUSDT,SELL,LIMIT,1701198890747,2.1,19.866892
ORDIUSDT,SELL,LIMIT,1701198919679,5.2,19.846426
ORDIUSDT,BUY,LIMIT,1701200501351,58.5,20.684427
ORDIUSDT,BUY,LIMIT,1701200525840,7.0,20.735967
ORDIUSDT,BUY,LIMIT,1701200549757,98.6,20.761810
ORDIUSDT,BUY,LIMIT,1701201876589,79.5,20.804454
ORDIUSDT,SELL,LIMIT,1701202900249,1.3,20.067544
ORDIUSDT,BUY,LIMIT,1701203934997,174.5,20.711796
ORDIUSDT,BUY,LIMIT,1701204518354,17.8,20.871681
ORDIUSDT,BUY,LIMIT,1701205002519,0.7,20.947377
ORDIUSDT,SELL,LIMIT,1701206953384,2.4,20.171983
ORDIUSDT,SELL,LIMIT,1701208488519,2.6,20.000001
ORDIUSDT,SELL,LIMIT,1701209006284,0.5,19.981329
ORDIUSDT,SELL,LIMIT,1701209056341,1.5,19.969176
ORDIUSDT,SELL,LIMIT,1701210417134,1.8,19.910506
ORDIUSDT,SELL,LIMIT,1701210850803,37.5,19.867035
ORDIUSDT,SELL,LIMIT,1701211860559,16.3,19.790030
ORDIUSDT,SELL,LIMIT,1701211880756,0.3,19.782912
ORDIUSDT,SELL,LIMIT,1701211904849,7.4,19.769650
ORDIUSDT,SELL,LIMIT,1701211934092,106.2,19.767711
ORDIUSDT,SELL,LIMIT,1701211939186,16.8,19.762378
ORDIUSDT,SELL,LIMIT,1701211955878,0.4,19.758601
ORDIUSDT,SELL,LIMIT,1701211993028,32.9,19.744214
ORDIUSDT,BUY,LIMIT,1701212857229,50.1,20.473335
ORDIUSDT,BUY,LIMIT,1701214949165,0.4,20.539866
ORDIUSDT,BUY,LIMIT,1701215712747,13.2,20.614120
ORDIUSDT,BUY,LIMIT,1701216148427,1.0,20.591029
ORDIUSDT,SELL,LIMIT,1701217751523,1.6,19.780226
ORDIUSDT,SELL,LIMIT,1701218555318,0.9,19.692316
ORDIUSDT,SELL,LIMIT,1701218558275,4.4,19.656504
ORDIUSDT,SELL,LIMIT,1701218773363,73.4,19.635815
ORDIUSDT,SELL,LIMIT,1701218775236,10.1,19.628913
ORDIUSDT,SELL,LIMIT,1701218780865,0.3,19.616699
ORDIUSDT,SELL,LIMIT,1701222579281,188.5,19.602415
ORDIUSDT,SELL,LIMIT,1701222580430,0.3,19.604001
ORDIUSDT,SELL,LIMIT,1701222585475,14.4,19.580182
ORDIUSDT,SELL,LIMIT,1701222926454,3.3,19.563195
ORDIUSDT,SELL,LIMIT,1701223095958,59.8,19.552591
ORDIUSDT,SELL,LIMIT,1701223097303,1.2,19.524586
ORDIUSDT,SELL,LIMIT,1701223233181,40.1,19.492205
ORDIUSDT,SELL,LIMIT,1701223234239,9.3,19.452086
ORDIUSDT,SELL,LIMIT,1701223259406,15.5,19.450010
ORDIUSDT,SELL,LIMIT,1701223264271,10.3,19.440280
ORDIUSDT,BUY,LIMIT,1701223890680,28.3,20.151726
ORDIUSDT,SELL,LIMIT,1701225826811,47.2,19.521716
ORDIUSDT,SELL,LIMIT,1701225850484,8.0,19.498813
ORDIUSDT,SELL,LIMIT,1701225966971,0.7,19.481555
ORDIUSDT,BUY,LIMIT,1701230142112,0.4,20.264601
ORDIUSDT,SELL,LIMIT,1701232846908,5.7,19.559088
ORDIUSDT,SELL,LIMIT,1701239347142,13.6,19.639690
ORDIUSDT,BUY,LIMIT,1701239686687,115.7,20.304401
ORDIUSDT,BUY,LIMIT,1701240124203,1.5,20.446780
ORDIUSDT,BUY,LIMIT,1701240671506,12.0,20.497235
ORDIUSDT,SELL,LIMIT,1701241999249,2.5,19.794602
ORDIUSDT,SELL,LIMIT,1701242221792,19.2,19.771795
ORDIUSDT,SELL,LIMIT,1701242228397,17.1,19.747549
ORDIUSDT,BUY,LIMIT,1701243257230,28.5,20.262437
ORDIUSDT,SELL,LIMIT,1701243409291,243.1,19.656661
ORDIUSDT,BUY,LIMIT,1701243890952,2.5,20.309239
ORDIUSDT,BUY,LIMIT,1701243947072,1.8,15.206848
ORDIUSDT,SELL,LIMIT,1701245795294,2.9,19.618601
ORDIUSDT,SELL,LIMIT,1701246428501,169.0,19.814994
ORDIUSDT,BUY,LIMIT,1701246483344,1.0,20.396999
ORDIUSDT,BUY,LIMIT,1701247953767,1.5,20.518793
ORDIUSDT,BUY,LIMIT,1701248010491,12.0,20.566668
ORDIUSDT,BUY,LIMIT,1701248238895,2.4,20.686401
ORDIUSDT,BUY,LIMIT,1701248258729,16.2,20.753158
ORDIUSDT,BUY,LIMIT,1701248278142,14.4,20.784536
ORDIUSDT,BUY,LIMIT,1701248326327,3.3,20.814451
ORDIUSDT,BUY,LIMIT,1701248379707,124.2,20.925803
ORDIUSDT,BUY,LIMIT,1701248409142,3.0,20.996000
ORDIUSDT,BUY,LIMIT,1701248411692,6.6,21.001445
ORDIUSDT,BUY,LIMIT,1701248546453,49.8,21.031268
ORDIUSDT,BUY,LIMIT,1701248549122,5.3,21.052500
ORDIUSDT,BUY,LIMIT,1701248550176,47.1,21.119013
ORDIUSDT,BUY,LIMIT,1701248554153,4.1,21.172372
ORDIUSDT,BUY,LIMIT,1701248558135,12.9,21.216719
ORDIUSDT,BUY,LIMIT,1701248559369,2.7,21.278472
ORDIUSDT,BUY,LIMIT,1701248563228,8.3,21.323866
ORDIUSDT,BUY,LIMIT,1701248564855,111.6,21.329608
ORDIUSDT,BUY,LIMIT,1701248566814,44.2,21.336319
ORDIUSDT,BUY,LIMIT,1701248569865,50.7,21.363430
ORDIUSDT,BUY,LIMIT,1701248614562,56.2,21.401246
ORDIUSDT,BUY,LIMIT,1701248618951,88.2,21.410832
ORDIUSDT,BUY,LIMIT,1701248620852,22.6,21.436793
ORDIUSDT,BUY,LIMIT,1701248631228,2.5,21.462730
ORDIUSDT,BUY,LIMIT,1701248661137,7.4,21.488682
ORDIUSDT,BUY,LIMIT,1701248662182,6.5,21.508857
ORDIUSDT,BUY,LIMIT,1701248669209,5.9,21.525579
ORDIUSDT,BUY,LIMIT,1701248673416,2.5,21.535473
ORDIUSDT,BUY,LIMIT,1701248677163,3.1,21.595950
ORDIUSDT,BUY,LIMIT,1701248680518,11.1,21.638354
ORDIUSDT,BUY,LIMIT,1701248684525,77.2,21.666421
ORDIUSDT,BUY,LIMIT,1701248693638,12.5,21.706825
ORDIUSDT,SELL,LIMIT,1701248712144,175.1,20.956749
ORDIUSDT,SELL,LIMIT,1701248760838,157.4,20.930678
ORDIUSDT,BUY,LIMIT,1701248815324,1.1,21.643079
ORDIUSDT,BUY,LIMIT,1701248867610,39.7,21.713068
ORDIUSDT,BUY,LIMIT,1701248869152,1.3,21.767854
ORDIUSDT,BUY,LIMIT,1701248870404,0.3,21.770349
ORDIUSDT,BUY,LIMIT,1701248873410,0.7,21.779559
ORDIUSDT,BUY,LIMIT,1701248875626,35.0,21.792051
ORDIUSDT,BUY,LIMIT,1701248886336,7.5,21.866021
ORDIUSDT,BUY,LIMIT,1701248888449,7.0,21.883311
ORDIUSDT,SELL,LIMIT,1701249039520,144.0,21.120427
ORDIUSDT,SELL,LIMIT,1701249203304,22.0,20.949078
ORDIUSDT,BUY,LIMIT,1701249427993,45.1,21.708073
ORDIUSDT,SELL,LIMIT,1701249732273,0.3,20.957378
ORDIUSDT,SELL,LIMIT,1701250019408,6.6,20.780241
ORDIUSDT,SELL,LIMIT,1701250214528,52.9,20.678548
ORDIUSDT,SELL,LIMIT,1701250252394,1.9,20.651571
ORDIUSDT,SELL,LIMIT,1701250255459,86.0,20.636836
ORDIUSDT,SELL,LIMIT,1701251086409,1.9,20.799244
ORDIUSDT,SELL,LIMIT,1701251612472,49.7,20.876785
ORDIUSDT,SELL,LIMIT,1701251615827,63.2,20.778896
ORDIUSDT,SELL,LIMIT,1701251618535,0.3,20.763297
ORDIUSDT,SELL,LIMIT,1701251644901,2.6,20.738595
ORDIUSDT,SELL,LIMIT,1701251646967,6.9,20.716442
ORDIUSDT,BUY,LIMIT,1701251931177,153.8,21.541422
ORDIUSDT,BUY,LIMIT,1701252662376,4.5,21.597088
ORDIUSDT,SELL,LIMIT,1701252939936,0.6,20.905006
ORDIUSDT,SELL,LIMIT,1701253157583,40.2,21.081926
ORDIUSDT,BUY,LIMIT,1701253289349,0.5,21.618478
ORDIUSDT,SELL,LIMIT,1701253362910,21.4,20.875403
ORDIUSDT,SELL,LIMIT,1701253402070,15.5,20.832064
ORDIUSDT,SELL,LIMIT,1701253412138,0.9,20.811081
ORDIUSDT,SELL,LIMIT,1701253501417,99.0,20.758294
ORDIUSDT,SELL,LIMIT,1701253605268,1.6,20.704261
ORDIUSDT,SELL,LIMIT,1701253609874,0.4,20.648547
ORDIUSDT,SELL,LIMIT,1701253620798,9.4,20.638582
ORDIUSDT,SELL,LIMIT,1701253974645,15.8,20.539867
ORDIUSDT,SELL,LIMIT,1701253983936,141.4,20.496556
ORDIUSDT,SELL,LIMIT,1701254016080,5.0,20.482091
ORDIUSDT,SELL,LIMIT,1701254048383,222.4,20.448243
ORDIUSDT,SELL,LIMIT,1701254385700,127.9,20.464761
ORDIUSDT,SELL,LIMIT,1701254419619,1.0,20.388161
ORDIUSDT,SELL,LIMIT,1701254425840,112.2,20.362374
ORDIUSDT,SELL,LIMIT,1701254553187,238.9,20.341432
ORDIUSDT,SELL,LIMIT,1701254555818,45.2,20.337253
ORDIUSDT,SELL,LIMIT,1701254564292,113.4,20.310446
ORDIUSDT,SELL,LIMIT,1701254648087,21.9,20.278125
ORDIUSDT,SELL,LIMIT,1701254667239,9.1,20.253378
ORDIUSDT,BUY,LIMIT,1701255009600,2.1,20.993482
ORDIUSDT,SELL,LIMIT,1701256607571,2.5,20.329512
ORDIUSDT,SELL,LIMIT,1701257075843,3.4,20.258217
ORDIUSDT,SELL,LIMIT,1701257079342,25.5,20.232114
ORDIUSDT,SELL,LIMIT,1701257261049,235.2,20.114593
ORDIUSDT,SELL,LIMIT,1701257262141,145.8,20.109103
ORDIUSDT,SELL,LIMIT,1701257449387,14.8,20.068147
ORDIUSDT,SELL,LIMIT,1701257452304,19.5,20.048071
ORDIUSDT,SELL,LIMIT,1701257461971,171.0,20.011511
ORDIUSDT,SELL,LIMIT,1701257467048,34.7,19.976314
ORDIUSDT,SELL,LIMIT,1701257468341,224.9,19.964970
ORDIUSDT,SELL,LIMIT,1701258961391,0.8,20.075657
ORDIUSDT,BUY,LIMIT,1701260166177,2.7,20.666320
ORDIUSDT,SELL,LIMIT,1701260308832,60.3,19.935465
ORDIUSDT,BUY,LIMIT,1701261272357,25.9,20.717237
ORDIUSDT,SELL,LIMIT,1701262753255,5.3,19.942657
ORDIUSDT,SELL,LIMIT,1701262755197,3.5,19.908540
ORDIUSDT,SELL,LIMIT,1701262757290,2.9,19.881558
ORDIUSDT,SELL,LIMIT,1701262764158,0.4,19.843971
ORDIUSDT,SELL,LIMIT,1701262800282,146.3,19.836763
ORDIUSDT,SELL,LIMIT,1701262911953,12.6,19.769848
ORDIUSDT,SELL,LIMIT,1701262938028,100.4,19.765581
ORDIUSDT,SELL,LIMIT,1701264530035,7.4,19.731929
ORDIUSDT,SELL,LIMIT,1701264617159,4.6,19.643431
ORDIUSDT,SELL,LIMIT,1701264618235,180.7,19.653823
ORDIUSDT,SELL,LIMIT,1701266459025,5.8,19.691534
ORDIUSDT,SELL,LIMIT,1701266467250,11.6,19.674759
ORDIUSDT,SELL,LIMIT,1701266516405,0.9,19.640882
ORDIUSDT,SELL,LIMIT,1701266517704,8.0,19.633110
ORDIUSDT,SELL,LIMIT,1701267723466,1.9,19.646703
ORDIUSDT,SELL,LIMIT,1701268301970,47.7,19.573146
ORDIUSDT,SELL,LIMIT,1701268304739,19.7,19.566234
ORDIUSDT,SELL,LIMIT,1701268321409,594.1,19.428870
ORDIUSDT,SELL,LIMIT,1701268326102,31.9,19.535598
ORDIUSDT,SELL,LIMIT,1701268329846,15.0,19.528507
ORDIUSDT,SELL,LIMIT,1701268335312,9.5,19.494617
ORDIUSDT,SELL,LIMIT,1701268337210,5.5,19.482518
ORDIUSDT,SELL,LIMIT,1701268338314,4.7,19.489904
ORDIUSDT,SELL,LIMIT,1701268346201,42.6,19.491943
ORDIUSDT,SELL,LIMIT,1701268366022,98.7,19.473895
ORDIUSDT,SELL,LIMIT,1701268368224,1.6,19.458211
ORDIUSDT,SELL,LIMIT,1701268385563,52.7,19.441619
ORDIUSDT,SELL,LIMIT,1701268454138,0.8,19.425926
ORDIUSDT,SELL,LIMIT,1701268455516,0.3,19.412400
ORDIUSDT,SELL,LIMIT,1701269054461,55.0,19.485908
ORDIUSDT,SELL,LIMIT,1701269133906,15.5,19.507219
ORDIUSDT,SELL,LIMIT,1701270342188,24.8,19.453751
ORDIUSDT,SELL,LIMIT,1701270438608,0.9,19.443119
ORDIUSDT,SELL,LIMIT,1701270440178,8.9,19.431352
ORDIUSDT,SELL,LIMIT,1701270442331,69.1,19.435036
ORDIUSDT,SELL,LIMIT,1701270506902,2.5,19.448826
ORDIUSDT,SELL,LIMIT,1701270549174,5.0,19.449273
ORDIUSDT,SELL,LIMIT,1701270576390,43.8,19.402295
ORDIUSDT,SELL,LIMIT,1701270577438,1.2,19.391468
ORDIUSDT,SELL,LIMIT,1701270579102,5.7,19.367379
ORDIUSDT,SELL,LIMIT,1701270583626,1.9,19.350373
ORDIUSDT,SELL,LIMIT,1701270585067,9.8,19.339100
ORDIUSDT,SELL,LIMIT,1701270586168,19.1,19.334463
ORDIUSDT,SELL,LIMIT,1701270589971,8.1,19.320776
ORDIUSDT,SELL,LIMIT,1701270617076,198.4,19.326975
ORDIUSDT,SELL,LIMIT,1701270920420,126.7,19.371996
ORDIUSDT,BUY,LIMIT,1701273760127,0.5,20.120229
ORDIUSDT,BUY,LIMIT,1701273849713,9.0,20.244018
ORDIUSDT,SELL,LIMIT,1701274054317,10.1,19.519703
ORDIUSDT,SELL,LIMIT,1701274439397,3.3,19.364846
ORDIUSDT,SELL,LIMIT,1701274511380,38.5,19.333447
ORDIUSDT,SELL,LIMIT,1701274514874,16.0,19.315756
ORDIUSDT,SELL,LIMIT,1701274515907,29.0,19.310446
ORDIUSDT,SELL,LIMIT,1701274517123,0.5,19.308993
ORDIUSDT,SELL,LIMIT,1701274528257,22.0,19.307536
ORDIUSDT,SELL,LIMIT,1701274529704,2.6,19.298010
ORDIUSDT,SELL,LIMIT,1701274633587,1.5,19.266949
ORDIUSDT,SELL,LIMIT,1701274634812,251.6,19.255938
ORDIUSDT,SELL,LIMIT,1701274727789,6.6,19.242539
ORDIUSDT,SELL,LIMIT,1701274768633,1.1,19.233598
ORDIUSDT,SELL,LIMIT,1701274770272,4.7,19.227069
ORDIUSDT,SELL,LIMIT,1701274781132,67.3,19.155680
ORDIUSDT,SELL,LIMIT,1701274782257,1.7,19.185455
ORDIUSDT,SELL,LIMIT,1701274824502,1.7,19.181080
ORDIUSDT,SELL,LIMIT,1701275702049,0.3,19.152188
ORDIUSDT,SELL,LIMIT,1701275707065,256.4,19.113901
ORDIUSDT,SELL,LIMIT,1701275708340,2.4,19.119430
ORDIUSDT,SELL,LIMIT,1701275709728,3.2,19.103359
ORDIUSDT,SELL,LIMIT,1701275711049,42.2,19.090920
ORDIUSDT,SELL,LIMIT,1701275712289,5.8,19.088169
ORDIUSDT,SELL,LIMIT,1701275713584,3.5,19.074607
ORDIUSDT,SELL,LIMIT,1701275721676,216.4,19.060551
ORDIUSDT,SELL,LIMIT,1701275723191,0.3,19.057203
ORDIUSDT,SELL,LIMIT,1701275835799,23.9,19.028670
ORDIUSDT,SELL,LIMIT,1701275838588,101.9,19.017551
ORDIUSDT,SELL,LIMIT,1701275842646,45.2,19.011317
ORDIUSDT,SELL,LIMIT,1701275987439,0.3,18.995909
ORDIUSDT,SELL,LIMIT,1701275989288,45.1,18.980709
ORDIUSDT,SELL,LIMIT,1701276054255,0.9,18.929510
ORDIUSDT,SELL,LIMIT,1701276055556,66.7,18.905978
ORDIUSDT,BUY,LIMIT,1701276378237,5.4,19.625375
ORDIUSDT,BUY,LIMIT,1701276389280,25.9,19.647723
ORDIUSDT,BUY,LIMIT,1701276461149,0.9,19.706368
ORDIUSDT,SELL,LIMIT,1701276640180,114.7,19.045782
ORDIUSDT,BUY,LIMIT,1701279296836,12.8,19.768823
ORDIUSDT,BUY,LIMIT,1701279955898,0.7,19.850684
ORDIUSDT,BUY,LIMIT,1701280007903,12.9,19.894133
ORDIUSDT,SELL,LIMIT,1701282103057,0.4,19.267586
ORDIUSDT,SELL,LIMIT,1701282275478,4.1,19.220742
ORDIUSDT,SELL,LIMIT,1701283835809,2.0,19.285894
ORDIUSDT,BUY,LIMIT,1701284958086,0.5,18.843544
ORDIUSDT,SELL,LIMIT,1701286597074,2.4,19.210896
ORDIUSDT,SELL,LIMIT,1701290347001,73.0,19.189771
ORDIUSDT,SELL,LIMIT,1701290423252,4.5,19.180806
ORDIUSDT,SELL,LIMIT,1701291865041,1.7,19.307470
ORDIUSDT,SELL,LIMIT,1701293900400,2.6,19.208507
ORDIUSDT,BUY,LIMIT,1701295636208,10.3,19.968887
ORDIUSDT,SELL,LIMIT,1701297137803,2.0,19.235441
ORDIUSDT,SELL,LIMIT,1701297229470,2.2,19.218862
ORDIUSDT,SELL,LIMIT,1701299071071,2.5,19.188691
ORDIUSDT,BUY,LIMIT,1701300205253,1.3,19.750447
ORDIUSDT,SELL,LIMIT,1701302067993,2.5,19.199672
ORDIUSDT,SELL,LIMIT,1701303358383,1.3,19.170204
ORDIUSDT,SELL,LIMIT,1701303418879,3.2,19.143487
ORDIUSDT,SELL,LIMIT,1701303554238,2.1,19.129975
ORDIUSDT,BUY,LIMIT,1701303796703,20.3,19.820004
ORDIUSDT,BUY,LIMIT,1701305132566,199.0,19.710414
ORDIUSDT,BUY,LIMIT,1701305138669,1.8,19.969387
ORDIUSDT,SELL,LIMIT,1701306070773,1.5,19.217181
ORDIUSDT,SELL,LIMIT,1701306246174,1.8,19.122002
ORDIUSDT,SELL,LIMIT,1701306254376,245.1,19.074145
ORDIUSDT,SELL,LIMIT,1701306255457,256.2,19.113237
ORDIUSDT,SELL,LIMIT,1701306256777,0.3,19.058971
ORDIUSDT,SELL,LIMIT,1701306596087,82.8,19.047931
ORDIUSDT,SELL,LIMIT,1701310811390,66.1,19.007695
ORDIUSDT,SELL,LIMIT,1701310950109,191.0,18.982623
ORDIUSDT,BUY,LIMIT,1701312104337,4.1,19.922829
ORDIUSDT,BUY,LIMIT,1701315745516,3.9,20.064899
ORDIUSDT,BUY,LIMIT,1701316129968,98.3,20.085197
ORDIUSDT,BUY,LIMIT,1701316184710,7.9,20.125437
ORDIUSDT,BUY,LIMIT,1701317747634,0.3,20.154536
ORDIUSDT,SELL,LIMIT,1701319235098,4.0,19.364016
ORDIUSDT,SELL,LIMIT,1701319580414,11.4,19.334446
ORDIUSDT,SELL,LIMIT,1701321363048,9.1,19.157697
ORDIUSDT,SELL,LIMIT,1701321441597,2.5,19.137748
ORDIUSDT,SELL,LIMIT,1701321580566,119.7,19.082406
ORDIUSDT,SELL,LIMIT,1701321853117,103.7,19.067487
ORDIUSDT,SELL,LIMIT,1701323734567,0.6,19.091006
ORDIUSDT,SELL,LIMIT,1701323759127,2.5,19.066111
ORDIUSDT,BUY,LIMIT,1701327514243,53.4,19.858662
ORDIUSDT,SELL,LIMIT,1701330874241,2.1,19.211679
ORDIUSDT,SELL,LIMIT,1701331744860,38.8,19.144086
ORDIUSDT,SELL,LIMIT,1701332766446,26.3,19.086030
ORDIUSDT,SELL,LIMIT,1701333487095,14.4,19.056550
ORDIUSDT,SELL,LIMIT,1701333551428,1.0,19.046282
ORDIUSDT,SELL,LIMIT,1701335265384,2.0,18.956094
ORDIUSDT,SELL,LIMIT,1701335268304,34.0,18.937925
ORDIUSDT,SELL,LIMIT,1701335466694,30.6,18.915673
ORDIUSDT,SELL,LIMIT,1701335472564,2.4,18.894932
ORDIUSDT,BUY,LIMIT,1701339596273,2.5,19.702891
ORDIUSDT,BUY,LIMIT,1701341059212,0.3,19.835110
ORDIUSDT,BUY,LIMIT,1701341095458,3.0,19.849064
ORDIUSDT,BUY,LIMIT,1701341106852,7.2,19.880013
ORDIUSDT,SELL,LIMIT,1701342047446,5.2,19.146174
ORDIUSDT,BUY,LIMIT,1701344225066,21.6,19.916475
ORDIUSDT,BUY,LIMIT,1701345235976,0.5,20.003823
ORDIUSDT,BUY,LIMIT,1701345237495,246.7,20.015240
ORDIUSDT,BUY,LIMIT,1701345297851,0.3,20.045771
ORDIUSDT,BUY,LIMIT,1701345303750,32.8,20.050797
ORDIUSDT,BUY,LIMIT,1701345477205,5.4,20.109940
ORDIUSDT,BUY,LIMIT,1701345478816,0.3,20.148303
ORDIUSDT,BUY,LIMIT,1701345497691,13.7,20.186707
ORDIUSDT,BUY,LIMIT,1701345507167,32.6,20.196124
ORDIUSDT,BUY,LIMIT,1701345508331,14.8,20.206090
ORDIUSDT,SELL,LIMIT,1701345735102,125.6,19.493120
ORDIUSDT,SELL,LIMIT,1701345736905,215.3,19.486450
ORDIUSDT,SELL,LIMIT,1701345795852,28.8,19.475594
ORDIUSDT,SELL,LIMIT,1701347941103,0.6,19.336290
ORDIUSDT,BUY,LIMIT,1701349272063,4.1,20.019511
ORDIUSDT,SELL,LIMIT,1701349587347,1.7,19.341221
ORDIUSDT,SELL,LIMIT,1701349708377,2.2,19.288085
ORDIUSDT,BUY,LIMIT,1701350932954,1.1,20.102448
ORDIUSDT,BUY,LIMIT,1701350945992,253.3,20.127792
ORDIUSDT,SELL,LIMIT,1701352194330,38.7,19.417429
ORDIUSDT,SELL,LIMIT,1701352296137,62.8,19.271463
ORDIUSDT,SELL,LIMIT,1701352511233,9.7,19.211921
ORDIUSDT,SELL,LIMIT,1701353012664,6.3,19.202068
ORDIUSDT,SELL,LIMIT,1701355148626,0.6,19.230467
ORDIUSDT,BUY,LIMIT,1701355993141,8.5,19.990391
ORDIUSDT,SELL,LIMIT,1701358075680,227.0,19.417864
ORDIUSDT,BUY,LIMIT,1701360661501,1.9,20.022332
ORDIUSDT,BUY,LIMIT,1701360711472,0.4,20.133703
ORDIUSDT,BUY,LIMIT,1701360724585,62.4,20.163484
ORDIUSDT,BUY,LIMIT,1701361041396,51.2,20.216827
ORDIUSDT,BUY,LIMIT,1701361067483,0.5,20.251806
ORDIUSDT,BUY,LIMIT,1701361068975,24.0,20.272821
ORDIUSDT,BUY,LIMIT,1701361079215,220.5,20.340265
ORDIUSDT,BUY,LIMIT,1701361080587,10.0,20.356957
ORDIUSDT,BUY,LIMIT,1701361085084,139.1,20.368310
ORDIUSDT,BUY,LIMIT,1701361096863,0.8,20.390874
ORDIUSDT,SELL,LIMIT,1701361296665,4.4,19.541852
ORDIUSDT,SELL,LIMIT,1701361307043,12.3,19.508249
ORDIUSDT,BUY,LIMIT,1701361457746,16.7,20.203492
ORDIUSDT,BUY,LIMIT,1701362233615,25.1,20.290848
ORDIUSDT,BUY,LIMIT,1701362263408,95.2,20.315232
ORDIUSDT,BUY,LIMIT,1701362941137,11.6,20.393520
ORDIUSDT,BUY,LIMIT,1701363519399,590.0,20.597506
ORDIUSDT,BUY,LIMIT,1701363651414,8.2,20.502384
ORDIUSDT,BUY,LIMIT,1701363658769,248.3,20.525740
ORDIUSDT,SELL,LIMIT,1701364102149,69.2,19.803765
ORDIUSDT,SELL,LIMIT,1701364369894,2.9,19.719394
ORDIUSDT,BUY,LIMIT,1701366513822,40.8,20.575386
ORDIUSDT,SELL,LIMIT,1701369857408,40.9,19.854678
ORDIUSDT,BUY,LIMIT,1701372080404,3.2,20.584821
ORDIUSDT,BUY,LIMIT,1701372225551,1.0,20.635187
ORDIUSDT,BUY,LIMIT,1701372499169,0.5,20.645553
ORDIUSDT,BUY,LIMIT,1701372520483,3.1,20.678205
ORDIUSDT,SELL,LIMIT,1701373604612,25.1,19.949648
ORDIUSDT,SELL,LIMIT,1701374936517,5.3,19.858929
ORDIUSDT,SELL,LIMIT,1701375903418,0.6,19.820285
ORDIUSDT,SELL,LIMIT,1701375991433,12.7,19.800535
ORDIUSDT,SELL,LIMIT,1701377297801,68.5,19.788549
ORDIUSDT,SELL,LIMIT,1701377304199,245.2,19.786182
ORDIUSDT,SELL,LIMIT,1701377306758,4.5,19.772213
ORDIUSDT,BUY,LIMIT,1701379886250,5.1,20.469293
ORDIUSDT,BUY,LIMIT,1701381029438,1.7,20.477583
ORDIUSDT,BUY,LIMIT,1701382565496,3.4,20.663443
ORDIUSDT,BUY,LIMIT,1701382568011,14.0,20.679459
ORDIUSDT,SELL,LIMIT,1701384021826,122.7,19.945145
ORDIUSDT,BUY,LIMIT,1701386846111,1.0,20.630554
ORDIUSDT,BUY,LIMIT,1701386848637,21.3,20.638421
ORDIUSDT,BUY,LIMIT,1701386858132,7.8,20.675359
ORDIUSDT,BUY,LIMIT,1701387582543,12.0,20.714576
ORDIUSDT,BUY,LIMIT,1701387632447,11.1,20.758433
ORDIUSDT,BUY,LIMIT,1701387633517,91.7,20.763938
ORDIUSDT,BUY,LIMIT,1701387635732,100.0,20.774571
ORDIUSDT,BUY,LIMIT,1701387637456,15.7,20.786106
ORDIUSDT,BUY,LIMIT,1701387786730,66.8,20.852760
ORDIUSDT,BUY,LIMIT,1701387788173,81.0,20.854835
ORDIUSDT,BUY,LIMIT,1701387799901,103.5,20.880296
ORDIUSDT,BUY,LIMIT,1701387803880,5.7,20.901293
ORDIUSDT,BUY,LIMIT,1701387814435,232.2,20.926997
ORDIUSDT,BUY,LIMIT,1701388091251,0.7,20.976611
ORDIUSDT,BUY,LIMIT,1701388119411,0.4,21.006157
ORDIUSDT,BUY,LIMIT,1701388121178,249.2,21.027758
ORDIUSDT,BUY,LIMIT,1701388122318,7.0,21.018496
ORDIUSDT,BUY,LIMIT,1701388140179,43.4,21.065058
ORDIUSDT,BUY,LIMIT,1701388143793,97.8,21.089750
ORDIUSDT,BUY,LIMIT,1701388269110,248.6,21.140686
ORDIUSDT,BUY,LIMIT,1701388270345,45.0,21.172884
ORDIUSDT,SELL,LIMIT,1701388327379,70.4,20.417338
ORDIUSDT,SELL,LIMIT,1701388549490,8.8,20.313019
ORDIUSDT,SELL,LIMIT,1701388920521,32.3,20.157627
ORDIUSDT,SELL,LIMIT,1701389292416,14.4,20.035685
ORDIUSDT,SELL,LIMIT,1701389295523,45.0,19.999900
ORDIUSDT,SELL,LIMIT,1701390389332,7.9,20.104599
ORDIUSDT,SELL,LIMIT,1701390636329,0.1,19.945363
ORDIUSDT,BUY,LIMIT,1701391454022,31.3,20.860008
ORDIUSDT,BUY,LIMIT,1701391957109,118.3,20.961705
ORDIUSDT,BUY,LIMIT,1701392058479,0.4,21.087420
ORDIUSDT,SELL,LIMIT,1701392171163,171.5,20.390522
ORDIUSDT,SELL,LIMIT,1701392459684,0.7,22.312173
ORDIUSDT,BUY,LIMIT,1701393332055,2.4,21.168356
ORDIUSDT,BUY,LIMIT,1701393343647,3.9,21.188529
ORDIUSDT,BUY,LIMIT,1701393366088,25.9,21.203145
ORDIUSDT,BUY,LIMIT,1701393369615,61.2,21.223340
ORDIUSDT,BUY,LIMIT,1701393372719,15.0,21.244013
ORDIUSDT,BUY,LIMIT,1701393441443,5.4,21.286580
ORDIUSDT,BUY,LIMIT,1701393449974,93.3,21.291446
ORDIUSDT,BUY,LIMIT,1701393510198,231.4,21.311549
ORDIUSDT,BUY,LIMIT,1701393523125,247.2,21.362709
ORDIUSDT,BUY,LIMIT,1701393534397,51.2,21.340363
ORDIUSDT,BUY,LIMIT,1701393536136,15.9,21.329596
ORDIUSDT,SELL,LIMIT,1701393554069,20.0,20.692181
ORDIUSDT,BUY,LIMIT,1701393556044,12.6,21.346797
ORDIUSDT,BUY,LIMIT,1701393557061,21.8,21.403322
ORDIUSDT,BUY,LIMIT,1701393558263,11.0,21.436555
ORDIUSDT,BUY,LIMIT,1701393748414,135.0,21.353346
ORDIUSDT,BUY,LIMIT,1701394556181,25.4,21.289923
ORDIUSDT,BUY,LIMIT,1701394559289,20.0,21.290505
ORDIUSDT,SELL,LIMIT,1701395166128,13.5,20.627221
ORDIUSDT,BUY,LIMIT,1701397873946,30.0,21.267280
ORDIUSDT,BUY,LIMIT,1701398185143,10.8,21.319802
ORDIUSDT,BUY,LIMIT,1701398230994,7.5,21.358123
ORDIUSDT,SELL,LIMIT,1701398573836,5.6,20.760132
ORDIUSDT,BUY,LIMIT,1701398754268,1.3,21.448157
ORDIUSDT,BUY,LIMIT,1701398755466,165.1,21.463261
ORDIUSDT,BUY,LIMIT,1701398885984,170.1,21.520073
ORDIUSDT,BUY,LIMIT,1701398888063,9.9,21.532334
ORDIUSDT,BUY,LIMIT,1701398906370,423.4,21.648896
ORDIUSDT,BUY,LIMIT,1701398913359,47.2,21.563671
ORDIUSDT,BUY,LIMIT,1701398919195,0.4,21.584934
ORDIUSDT,BUY,LIMIT,1701398954933,2.0,21.498890
ORDIUSDT,SELL,LIMIT,1701399496341,0.9,20.836372
ORDIUSDT,BUY,LIMIT,1701399844175,35.5,21.543477
ORDIUSDT,BUY,LIMIT,1701400608282,49.7,21.519606
ORDIUSDT,BUY,LIMIT,1701401802146,236.4,21.559600
ORDIUSDT,BUY,LIMIT,1701401896220,5.7,21.611160
ORDIUSDT,BUY,LIMIT,1701401950201,264.7,21.669085
ORDIUSDT,BUY,LIMIT,1701401951730,44.2,21.670750
ORDIUSDT,BUY,LIMIT,1701401953530,1.0,21.703124
ORDIUSDT,BUY,LIMIT,1701401954555,38.8,21.721603
ORDIUSDT,BUY,LIMIT,1701401981138,0.5,21.786779
ORDIUSDT,BUY,LIMIT,1701402061499,305.7,21.813465
ORDIUSDT,BUY,LIMIT,1701402115178,140.0,21.805245
ORDIUSDT,SELL,LIMIT,1701402290500,17.5,21.043121
ORDIUSDT,SELL,LIMIT,1701402649219,0.4,20.954493
ORDIUSDT,SELL,LIMIT,1701402872450,18.9,20.940116
ORDIUSDT,BUY,LIMIT,1701403261088,0.9,21.671108
ORDIUSDT,SELL,LIMIT,1701403544895,2.0,20.920631
ORDIUSDT,SELL,LIMIT,1701403647114,48.6,20.877778
ORDIUSDT,BUY,LIMIT,1701404003411,47.0,21.635955
ORDIUSDT,SELL,LIMIT,1701404341041,8.2,20.887641
ORDIUSDT,SELL,LIMIT,1701406435906,4.2,20.852071
ORDIUSDT,BUY,LIMIT,1701407597859,0.8,21.508823
ORDIUSDT,BUY,LIMIT,1701407978262,18.1,21.585748
ORDIUSDT,BUY,LIMIT,1701408227519,0.4,21.697503
ORDIUSDT,BUY,LIMIT,1701408252494,37.0,21.750135
ORDIUSDT,BUY,LIMIT,1701408261515,66.8,21.770772
ORDIUSDT,BUY,LIMIT,1701408274264,4.0,21.779613
ORDIUSDT,BUY,LIMIT,1701409428218,50.4,21.696283
ORDIUSDT,BUY,LIMIT,1701409493204,10.0,21.744379
ORDIUSDT,BUY,LIMIT,1701410414529,29.4,21.824069
ORDIUSDT,BUY,LIMIT,1701410416206,27.8,21.873197
ORDIUSDT,BUY,LIMIT,1701410417333,2.0,21.852959
ORDIUSDT,BUY,LIMIT,1701414499684,10.0,21.676028
ORDIUSDT,BUY,LIMIT,1701415205333,2.4,21.747235
ORDIUSDT,BUY,LIMIT,1701415244244,12.7,21.751654
ORDIUSDT,SELL,LIMIT,1701415632073,1.3,20.999118
ORDIUSDT,SELL,LIMIT,1701415693152,2.8,20.953584
ORDIUSDT,SELL,LIMIT,1701415765994,86.2,20.923930
ORDIUSDT,SELL,LIMIT,1701416070899,213.2,20.908344
ORDIUSDT,SELL,LIMIT,1701416076240,4.2,20.900502
ORDIUSDT,SELL,LIMIT,1701416079568,5.4,20.890577
ORDIUSDT,SELL,LIMIT,1701416163412,0.4,20.867510
ORDIUSDT,SELL,LIMIT,1701416183864,89.4,20.845242
ORDIUSDT,SELL,LIMIT,1701416188735,2.9,20.823877
ORDIUSDT,SELL,LIMIT,1701416376327,8.0,20.826247
ORDIUSDT,SELL,LIMIT,1701416379149,3.9,20.813567
ORDIUSDT,SELL,LIMIT,1701416846784,4.5,20.798169
ORDIUSDT,SELL,LIMIT,1701416849081,0.5,20.771940
ORDIUSDT,SELL,LIMIT,1701419333544,2.4,20.749501
ORDIUSDT,SELL,LIMIT,1701419594153,25.7,20.723468
ORDIUSDT,SELL,LIMIT,1701419638626,28.4,20.707550
ORDIUSDT,SELL,LIMIT,1701419653664,86.8,20.697250
ORDIUSDT,SELL,LIMIT,1701419690424,20.5,20.668187
ORDIUSDT,BUY,LIMIT,1701420939709,3.3,21.446546
ORDIUSDT,BUY,LIMIT,1701421221199,8.8,21.478015
ORDIUSDT,BUY,LIMIT,1701421307393,102.8,21.524607
ORDIUSDT,BUY,LIMIT,1701421412696,12.3,21.599080
ORDIUSDT,BUY,LIMIT,1701421440333,2.5,21.621799
ORDIUSDT,BUY,LIMIT,1701422231817,1.3,21.679554
ORDIUSDT,BUY,LIMIT,1701422243201,38.2,21.697655
ORDIUSDT,BUY,LIMIT,1701422661482,5.0,21.755209
ORDIUSDT,BUY,LIMIT,1701423895204,8.9,21.607707
ORDIUSDT,BUY,LIMIT,1701424361194,21.1,21.718778
ORDIUSDT,BUY,LIMIT,1701424619400,3.5,21.744993
ORDIUSDT,BUY,LIMIT,1701424794889,15.9,21.752862
ORDIUSDT,BUY,LIMIT,1701424808061,1.7,21.757540
ORDIUSDT,BUY,LIMIT,1701424822396,0.6,21.767690
ORDIUSDT,BUY,LIMIT,1701424834677,1.7,21.772629
ORDIUSDT,SELL,LIMIT,1701424836596,2.6,21.281157
ORDIUSDT,BUY,LIMIT,1701425713545,92.6,21.832139
ORDIUSDT,BUY,LIMIT,1701425721354,114.9,21.864175
ORDIUSDT,BUY,LIMIT,1701425722415,39.2,21.897624
ORDIUSDT,BUY,LIMIT,1701425723464,69.7,21.925700
ORDIUSDT,BUY,LIMIT,1701425725056,182.1,21.936768
ORDIUSDT,BUY,LIMIT,1701425752351,50.8,21.958368
ORDIUSDT,BUY,LIMIT,1701425753371,17.0,21.964181
ORDIUSDT,BUY,LIMIT,1701425754450,173.4,22.007004
ORDIUSDT,BUY,LIMIT,1701425756066,1.4,22.055663
ORDIUSDT,BUY,LIMIT,1701425787383,56.2,22.106476
ORDIUSDT,BUY,LIMIT,1701425795247,786.5,22.270268
ORDIUSDT,BUY,LIMIT,1701425798974,31.2,22.119724
ORDIUSDT,BUY,LIMIT,1701425803025,5.0,22.128256
ORDIUSDT,BUY,LIMIT,1701425808223,36.9,22.136199
ORDIUSDT,BUY,LIMIT,1701425809233,10.5,22.155724
ORDIUSDT,BUY,LIMIT,1701425810511,60.6,22.172398
ORDIUSDT,BUY,LIMIT,1701425813615,0.7,22.173893
ORDIUSDT,BUY,LIMIT,1701425815295,17.0,22.184993
ORDIUSDT,SELL,LIMIT,1701425962744,77.0,21.379188
ORDIUSDT,SELL,LIMIT,1701426096610,13.0,21.307028
ORDIUSDT,SELL,LIMIT,1701426101998,52.5,21.267613
