Symbol,Side,Order Type,Time,Quantity,Price
ORDIUSDT,SELL,LIMIT,1701914956410,0.1,55.806778
ORDIUSDT,SELL,LIMIT,1701914967638,8.4,55.794053
ORDIUSDT,BUY,LIMIT,1701915142844,2.4,57.786729
ORDIUSDT,BUY,LIMIT,1701915351607,15.8,58.105737
ORDIUSDT,SELL,LIMIT,1701915392196,19.5,55.980624
ORDIUSDT,SELL,LIMIT,1701915412339,4.7,55.848796
ORDIUSDT,SELL,LIMIT,1701915416907,21.9,55.733947
ORDIUSDT,SELL,LIMIT,1701915419263,2.6,55.599567
ORDIUSDT,SELL,LIMIT,1701915421041,8.3,55.577554
ORDIUSDT,SELL,LIMIT,1701915422234,1.0,55.499561
ORDIUSDT,BUY,LIMIT,1701915491131,88.7,57.479105
ORDIUSDT,BUY,LIMIT,1701915569311,12.2,57.629937
ORDIUSDT,BUY,LIMIT,1701915570654,0.1,57.800224
ORDIUSDT,BUY,LIMIT,1701915578767,8.7,57.822876
ORDIUSDT,SELL,LIMIT,1701915821216,5.4,55.798295
ORDIUSDT,SELL,LIMIT,1701915949340,77.0,55.645086
ORDIUSDT,SELL,LIMIT,1701915964245,14.2,55.425291
ORDIUSDT,SELL,LIMIT,1701915965381,27.7,55.461807
ORDIUSDT,SELL,LIMIT,1701915973328,7.8,55.159791
ORDIUSDT,SELL,LIMIT,1701915974754,12.9,55.053088
ORDIUSDT,SELL,LIMIT,1701915976012,3.5,54.871594
ORDIUSDT,SELL,LIMIT,1701916016289,21.8,54.852959
ORDIUSDT,BUY,LIMIT,1701916044216,46.2,56.905966
ORDIUSDT,BUY,LIMIT,1701916058270,2.6,56.981325
ORDIUSDT,SELL,LIMIT,1701916147794,7.5,54.969617
ORDIUSDT,SELL,LIMIT,1701916262996,9.7,54.748184
ORDIUSDT,SELL,LIMIT,1701916267304,9.7,54.686589
ORDIUSDT,BUY,LIMIT,1701916294458,12.3,56.906647
ORDIUSDT,BUY,LIMIT,1701916443793,8.9,57.181528
ORDIUSDT,BUY,LIMIT,1701916512440,2.7,57.378452
ORDIUSDT,BUY,LIMIT,1701916678011,18.5,57.542925
ORDIUSDT,SELL,LIMIT,1701916773785,2.5,55.443653
ORDIUSDT,SELL,LIMIT,1701916803222,1.5,55.310709
ORDIUSDT,SELL,LIMIT,1701916825736,88.4,55.153581
ORDIUSDT,SELL,LIMIT,1701916833111,9.5,55.018027
ORDIUSDT,SELL,LIMIT,1701917143353,4.3,54.732253
ORDIUSDT,SELL,LIMIT,1701917160006,0.6,54.659833
ORDIUSDT,SELL,LIMIT,1701917179534,0.6,54.600885
ORDIUSDT,SELL,LIMIT,1701917182446,0.2,54.568178
ORDIUSDT,SELL,LIMIT,1701917183529,3.8,54.576433
ORDIUSDT,SELL,LIMIT,1701917187082,3.3,54.427499
ORDIUSDT,SELL,LIMIT,1701917193324,0.2,54.373353
ORDIUSDT,SELL,LIMIT,1701917205684,69.9,54.351492
ORDIUSDT,SELL,LIMIT,1701917228489,9.4,54.302397
ORDIUSDT,SELL,LIMIT,1701917230047,10.0,54.294852
ORDIUSDT,SELL,LIMIT,1701917237219,0.5,54.265508
ORDIUSDT,SELL,LIMIT,1701917238894,44.2,54.201148
ORDIUSDT,SELL,LIMIT,1701917479540,6.5,54.273344
ORDIUSDT,SELL,LIMIT,1701917493425,0.2,54.158177
ORDIUSDT,SELL,LIMIT,1701917494448,12.7,54.151006
ORDIUSDT,SELL,LIMIT,1701917495703,3.8,54.095294
ORDIUSDT,SELL,LIMIT,1701917515131,0.1,54.012945
ORDIUSDT,SELL,LIMIT,1701917567176,0.6,53.968613
ORDIUSDT,SELL,LIMIT,1701917568336,46.9,53.932356
ORDIUSDT,SELL,LIMIT,1701917570250,3.5,53.746027
ORDIUSDT,SELL,LIMIT,1701917571254,2.2,53.695688
ORDIUSDT,SELL,LIMIT,1701917572259,0.9,53.074781
ORDIUSDT,SELL,LIMIT,1701917573263,0.4,53.517511
ORDIUSDT,SELL,LIMIT,1701917574270,14.7,52.581218
ORDIUSDT,SELL,LIMIT,1701917575298,0.3,52.614415
ORDIUSDT,BUY,LIMIT,1701917582175,2.6,54.571358
ORDIUSDT,BUY,LIMIT,1701917614441,0.1,54.899918
ORDIUSDT,BUY,LIMIT,1701917624109,92.4,55.145685
ORDIUSDT,BUY,LIMIT,1701917659685,4.5,55.304267
ORDIUSDT,BUY,LIMIT,1701917728190,0.1,55.440410
ORDIUSDT,BUY,LIMIT,1701917758913,91.5,55.681080
ORDIUSDT,BUY,LIMIT,1701917992663,69.3,55.873634
ORDIUSDT,BUY,LIMIT,1701918003196,0.6,56.187552
ORDIUSDT,SELL,LIMIT,1701918048224,1.9,54.070086
ORDIUSDT,SELL,LIMIT,1701918160851,18.2,53.873753
ORDIUSDT,SELL,LIMIT,1701918261268,0.1,53.851371
ORDIUSDT,SELL,LIMIT,1701918444201,3.4,53.660941
ORDIUSDT,SELL,LIMIT,1701918445735,4.4,53.633569
ORDIUSDT,SELL,LIMIT,1701918450921,7.2,53.628298
ORDIUSDT,SELL,LIMIT,1701918462333,25.6,53.324072
ORDIUSDT,SELL,LIMIT,1701918464024,16.0,53.222331
ORDIUSDT,SELL,LIMIT,1701918516603,4.3,53.207553
ORDIUSDT,SELL,LIMIT,1701918517792,91.9,53.178302
ORDIUSDT,BUY,LIMIT,1701918585120,0.1,55.094799
ORDIUSDT,BUY,LIMIT,1701918697049,11.9,55.234454
ORDIUSDT,BUY,LIMIT,1701918698564,9.2,55.298699
ORDIUSDT,BUY,LIMIT,1701918706080,5.9,55.399422
ORDIUSDT,BUY,LIMIT,1701918724194,8.4,55.765129
ORDIUSDT,BUY,LIMIT,1701918736686,1.0,55.834490
ORDIUSDT,BUY,LIMIT,1701918740128,1.3,55.890434
ORDIUSDT,BUY,LIMIT,1701918765013,0.5,56.134324
ORDIUSDT,BUY,LIMIT,1701918808276,9.6,56.267859
ORDIUSDT,BUY,LIMIT,1701918810931,58.3,56.350373
ORDIUSDT,BUY,LIMIT,1701918813083,47.9,56.416348
ORDIUSDT,BUY,LIMIT,1701918830125,90.6,56.593540
ORDIUSDT,BUY,LIMIT,1701918831336,36.8,56.541493
ORDIUSDT,BUY,LIMIT,1701918920837,0.1,56.607594
ORDIUSDT,BUY,LIMIT,1701918939464,2.1,56.695488
ORDIUSDT,BUY,LIMIT,1701918941644,11.7,56.749746
ORDIUSDT,BUY,LIMIT,1701918946153,14.7,56.805521
ORDIUSDT,BUY,LIMIT,1701918950079,14.7,56.964409
ORDIUSDT,BUY,LIMIT,1701918951087,0.6,56.939041
ORDIUSDT,BUY,LIMIT,1701919094438,4.2,56.974995
ORDIUSDT,BUY,LIMIT,1701919095471,10.0,57.101771
ORDIUSDT,BUY,LIMIT,1701919097271,0.8,57.135829
ORDIUSDT,BUY,LIMIT,1701919098841,24.0,57.182897
ORDIUSDT,BUY,LIMIT,1701919100119,0.2,57.214100
ORDIUSDT,BUY,LIMIT,1701919104633,3.8,57.260325
ORDIUSDT,BUY,LIMIT,1701919106007,40.8,57.365885
ORDIUSDT,BUY,LIMIT,1701919107018,1.0,57.434273
ORDIUSDT,BUY,LIMIT,1701919109543,7.8,57.563085
ORDIUSDT,SELL,LIMIT,1701919125079,6.5,55.555967
ORDIUSDT,SELL,LIMIT,1701919171184,8.8,55.156721
ORDIUSDT,BUY,LIMIT,1701919245342,2.9,57.065968
ORDIUSDT,BUY,LIMIT,1701919253134,19.3,57.165689
ORDIUSDT,SELL,LIMIT,1701919562531,4.6,54.916037
ORDIUSDT,SELL,LIMIT,1701919590129,2.3,54.575673
ORDIUSDT,SELL,LIMIT,1701919594378,88.5,54.494440
ORDIUSDT,SELL,LIMIT,1701919597603,9.7,54.339476
ORDIUSDT,SELL,LIMIT,1701919599266,50.0,53.644452
ORDIUSDT,BUY,LIMIT,1701919658392,24.0,55.785538
ORDIUSDT,BUY,LIMIT,1701919693580,42.4,56.188980
ORDIUSDT,SELL,LIMIT,1701919752303,2.5,54.144230
ORDIUSDT,BUY,LIMIT,1701919790529,10.4,56.023078
ORDIUSDT,SELL,LIMIT,1701920528377,0.1,53.981627
ORDIUSDT,SELL,LIMIT,1701920531944,8.2,53.926499
ORDIUSDT,SELL,LIMIT,1701920536705,33.7,53.779339
ORDIUSDT,SELL,LIMIT,1701920819136,41.3,53.593450
ORDIUSDT,SELL,LIMIT,1701920820322,4.9,53.586711
ORDIUSDT,BUY,LIMIT,1701920833242,49.9,55.506617
ORDIUSDT,BUY,LIMIT,1701920851211,0.6,55.899619
ORDIUSDT,BUY,LIMIT,1701920852836,1.2,56.028661
ORDIUSDT,BUY,LIMIT,1701920854103,66.6,56.291844
ORDIUSDT,BUY,LIMIT,1701921084070,26.0,56.405138
ORDIUSDT,BUY,LIMIT,1701921093392,19.2,56.629337
ORDIUSDT,BUY,LIMIT,1701921094534,0.7,56.615707
ORDIUSDT,SELL,LIMIT,1701921148902,0.1,54.509636
ORDIUSDT,SELL,LIMIT,1701921176700,1.4,54.344274
ORDIUSDT,SELL,LIMIT,1701921205567,1.2,54.206629
ORDIUSDT,SELL,LIMIT,1701921214381,5.7,53.914751
ORDIUSDT,SELL,LIMIT,1701921215564,4.2,53.799398
ORDIUSDT,SELL,LIMIT,1701921383206,44.0,53.351829
ORDIUSDT,SELL,LIMIT,1701921403059,0.7,53.341319
ORDIUSDT,SELL,LIMIT,1701921406173,1.6,53.336281
ORDIUSDT,SELL,LIMIT,1701921439616,0.6,53.267343
ORDIUSDT,SELL,LIMIT,1701921444181,5.4,53.270982
ORDIUSDT,SELL,LIMIT,1701921608417,7.3,53.212130
ORDIUSDT,SELL,LIMIT,1701921609743,9.8,53.169555
ORDIUSDT,SELL,LIMIT,1701921611078,0.6,53.124232
ORDIUSDT,BUY,LIMIT,1701921619246,33.5,55.105399
ORDIUSDT,SELL,LIMIT,1701921653092,23.5,53.541640
ORDIUSDT,SELL,LIMIT,1701921657264,28.9,53.406014
ORDIUSDT,SELL,LIMIT,1701921660047,0.7,53.325924
ORDIUSDT,SELL,LIMIT,1701921667289,31.8,53.193030
ORDIUSDT,SELL,LIMIT,1701921675295,0.7,53.079982
ORDIUSDT,SELL,LIMIT,1701921676709,3.2,53.028090
ORDIUSDT,SELL,LIMIT,1701921680297,41.4,53.019864
ORDIUSDT,SELL,LIMIT,1701921684069,4.2,52.926515
ORDIUSDT,SELL,LIMIT,1701921685090,14.9,52.870039
ORDIUSDT,BUY,LIMIT,1701921735280,1.9,54.853907
ORDIUSDT,SELL,LIMIT,1701921785471,4.7,52.855377
ORDIUSDT,SELL,LIMIT,1701921800236,2.4,52.791424
ORDIUSDT,SELL,LIMIT,1701921803170,8.3,52.690053
ORDIUSDT,SELL,LIMIT,1701921805340,0.7,52.549231
ORDIUSDT,SELL,LIMIT,1701921806349,82.7,52.354871
ORDIUSDT,SELL,LIMIT,1701921807388,72.7,52.263288
ORDIUSDT,SELL,LIMIT,1701921808554,10.0,52.199081
ORDIUSDT,SELL,LIMIT,1701921810163,84.5,52.100715
ORDIUSDT,SELL,LIMIT,1701921811203,1.9,52.073629
ORDIUSDT,SELL,LIMIT,1701921840492,47.3,52.055781
ORDIUSDT,SELL,LIMIT,1701921842396,33.9,52.018905
ORDIUSDT,SELL,LIMIT,1701921843401,0.5,51.915445
ORDIUSDT,BUY,LIMIT,1701921861829,62.3,53.753919
ORDIUSDT,BUY,LIMIT,1701921943319,2.6,53.973357
ORDIUSDT,BUY,LIMIT,1701921947329,76.0,54.033813
ORDIUSDT,BUY,LIMIT,1701921954228,2.8,54.164136
ORDIUSDT,BUY,LIMIT,1701921995171,0.4,54.551145
ORDIUSDT,BUY,LIMIT,1701921996176,36.0,54.596702
ORDIUSDT,BUY,LIMIT,1701921997466,2.4,54.697619
ORDIUSDT,SELL,LIMIT,1701922092649,5.1,52.849734
ORDIUSDT,BUY,LIMIT,1701922138947,3.3,54.775571
ORDIUSDT,BUY,LIMIT,1701922154638,1.9,54.836756
ORDIUSDT,BUY,LIMIT,1701922156267,9.4,54.875607
ORDIUSDT,BUY,LIMIT,1701922565123,1.9,55.062002
ORDIUSDT,BUY,LIMIT,1701922567658,10.2,55.093177
ORDIUSDT,BUY,LIMIT,1701922572513,14.7,55.144665
ORDIUSDT,BUY,LIMIT,1701922575211,5.8,55.177215
ORDIUSDT,BUY,LIMIT,1701922576222,3.2,55.148912
ORDIUSDT,BUY,LIMIT,1701922577841,36.0,55.228373
ORDIUSDT,BUY,LIMIT,1701922586132,3.4,55.273716
ORDIUSDT,SELL,LIMIT,1701922598469,1.8,53.239093
ORDIUSDT,BUY,LIMIT,1701922656089,51.5,54.894166
ORDIUSDT,SELL,LIMIT,1701922686740,4.5,52.912169
ORDIUSDT,SELL,LIMIT,1701922689098,1.5,52.896833
ORDIUSDT,SELL,LIMIT,1701922722532,3.0,52.792201
ORDIUSDT,SELL,LIMIT,1701922738232,8.9,52.537798
ORDIUSDT,SELL,LIMIT,1701922739422,26.9,52.624034
ORDIUSDT,SELL,LIMIT,1701922750569,12.3,52.529622
ORDIUSDT,SELL,LIMIT,1701922752418,0.4,52.481690
ORDIUSDT,BUY,LIMIT,1701922840442,3.5,54.239098
ORDIUSDT,BUY,LIMIT,1701922914034,0.6,54.405708
ORDIUSDT,BUY,LIMIT,1701922915428,3.4,54.466518
ORDIUSDT,BUY,LIMIT,1701922918414,1.0,54.536996
ORDIUSDT,BUY,LIMIT,1701923042225,2.8,54.475739
ORDIUSDT,BUY,LIMIT,1701923046832,4.5,54.625870
ORDIUSDT,BUY,LIMIT,1701923063164,0.2,54.747640
ORDIUSDT,BUY,LIMIT,1701923110312,0.6,54.861975
ORDIUSDT,BUY,LIMIT,1701923167600,1.5,55.110092
ORDIUSDT,BUY,LIMIT,1701923184136,3.1,55.160368
ORDIUSDT,BUY,LIMIT,1701923189984,6.6,55.225505
ORDIUSDT,BUY,LIMIT,1701923200514,1.6,55.314911
ORDIUSDT,BUY,LIMIT,1701923211871,92.4,55.420816
ORDIUSDT,BUY,LIMIT,1701923215653,24.5,55.475915
ORDIUSDT,BUY,LIMIT,1701923217952,3.7,55.550226
ORDIUSDT,BUY,LIMIT,1701923219312,0.1,55.620869
ORDIUSDT,BUY,LIMIT,1701923224775,4.5,55.628376
ORDIUSDT,BUY,LIMIT,1701923257204,0.3,55.704013
ORDIUSDT,BUY,LIMIT,1701923268195,2.5,55.757639
ORDIUSDT,BUY,LIMIT,1701923269548,10.2,55.789200
ORDIUSDT,BUY,LIMIT,1701923307140,18.4,55.845636
ORDIUSDT,BUY,LIMIT,1701923308190,1.2,55.889118
ORDIUSDT,BUY,LIMIT,1701923331067,15.1,55.973548
ORDIUSDT,BUY,LIMIT,1701923380645,3.0,56.006450
ORDIUSDT,BUY,LIMIT,1701923386280,5.0,56.031088
ORDIUSDT,BUY,LIMIT,1701923501412,5.7,56.207590
ORDIUSDT,BUY,LIMIT,1701923502503,56.1,56.222832
ORDIUSDT,BUY,LIMIT,1701923504457,7.2,56.296562
ORDIUSDT,BUY,LIMIT,1701923511274,12.4,56.311785
ORDIUSDT,BUY,LIMIT,1701923515168,0.1,56.340274
ORDIUSDT,BUY,LIMIT,1701923516839,36.2,56.370873
ORDIUSDT,SELL,LIMIT,1701923542070,24.3,54.344800
ORDIUSDT,BUY,LIMIT,1701923614582,93.5,56.418130
ORDIUSDT,BUY,LIMIT,1701923623071,2.5,56.435351
ORDIUSDT,BUY,LIMIT,1701923624154,1.2,56.437912
ORDIUSDT,BUY,LIMIT,1701923630359,19.0,56.479240
ORDIUSDT,BUY,LIMIT,1701923633550,70.6,56.500700
ORDIUSDT,BUY,LIMIT,1701923635250,0.7,56.512654
ORDIUSDT,BUY,LIMIT,1701923668752,4.3,56.523229
ORDIUSDT,BUY,LIMIT,1701923669874,0.9,56.545571
ORDIUSDT,BUY,LIMIT,1701923671170,2.0,56.583603
ORDIUSDT,BUY,LIMIT,1701923672535,0.3,56.646450
ORDIUSDT,BUY,LIMIT,1701923681570,31.1,56.667772
ORDIUSDT,BUY,LIMIT,1701923697406,1.8,56.684742
ORDIUSDT,BUY,LIMIT,1701923832372,22.1,56.768879
ORDIUSDT,BUY,LIMIT,1701923833420,5.6,56.835475
ORDIUSDT,BUY,LIMIT,1701923838861,5.2,56.959167
ORDIUSDT,BUY,LIMIT,1701923841193,3.3,57.076237
ORDIUSDT,BUY,LIMIT,1701923842230,5.0,57.124119
ORDIUSDT,BUY,LIMIT,1701923848316,7.7,57.106962
ORDIUSDT,BUY,LIMIT,1701923850080,3.9,57.251661
ORDIUSDT,BUY,LIMIT,1701923865084,11.7,57.274437
ORDIUSDT,BUY,LIMIT,1701923866349,0.9,57.260363
ORDIUSDT,BUY,LIMIT,1701923907328,0.1,57.400299
ORDIUSDT,BUY,LIMIT,1701923908479,1.8,57.403474
ORDIUSDT,BUY,LIMIT,1701923910290,1.0,57.411100
ORDIUSDT,BUY,LIMIT,1701923924217,28.1,57.454752
ORDIUSDT,BUY,LIMIT,1701923926115,27.9,57.491056
ORDIUSDT,BUY,LIMIT,1701923927258,10.0,57.472400
ORDIUSDT,BUY,LIMIT,1701923930270,5.0,57.514962
ORDIUSDT,BUY,LIMIT,1701923935556,9.1,57.594531
ORDIUSDT,BUY,LIMIT,1701923936596,0.3,57.819667
ORDIUSDT,SELL,LIMIT,1701923948492,0.4,55.802217
ORDIUSDT,SELL,LIMIT,1701924119002,1.3,55.509892
ORDIUSDT,SELL,LIMIT,1701924136068,0.9,55.457912
ORDIUSDT,BUY,LIMIT,1701924279012,8.2,57.377353
ORDIUSDT,BUY,LIMIT,1701924306626,0.2,57.554040
ORDIUSDT,SELL,LIMIT,1701924324276,4.4,55.415608
ORDIUSDT,SELL,LIMIT,1701924327356,3.2,55.342810
ORDIUSDT,SELL,LIMIT,1701924330372,0.1,55.281320
ORDIUSDT,SELL,LIMIT,1701924333218,0.5,55.256894
ORDIUSDT,SELL,LIMIT,1701924334288,0.1,55.241626
ORDIUSDT,SELL,LIMIT,1701924335682,0.3,55.186183
ORDIUSDT,SELL,LIMIT,1701924477310,0.1,55.101279
ORDIUSDT,BUY,LIMIT,1701924572322,5.9,57.173486
ORDIUSDT,BUY,LIMIT,1701924593654,9.1,57.394053
ORDIUSDT,BUY,LIMIT,1701924616524,41.7,57.593760
ORDIUSDT,BUY,LIMIT,1701924623455,0.9,57.705383
ORDIUSDT,BUY,LIMIT,1701924627206,60.0,57.796236
ORDIUSDT,BUY,LIMIT,1701924633209,1.1,57.851133
ORDIUSDT,BUY,LIMIT,1701924634218,14.1,58.003680
ORDIUSDT,BUY,LIMIT,1701924635343,17.8,57.984853
ORDIUSDT,SELL,LIMIT,1701924696513,80.9,55.907527
ORDIUSDT,BUY,LIMIT,1701924775592,0.7,57.957273
ORDIUSDT,SELL,LIMIT,1701924815333,3.5,55.773381
ORDIUSDT,SELL,LIMIT,1701924816396,3.5,55.855717
ORDIUSDT,SELL,LIMIT,1701924830227,1.0,55.537114
ORDIUSDT,SELL,LIMIT,1701924990087,53.4,55.367802
ORDIUSDT,SELL,LIMIT,1701924994215,5.8,55.330715
ORDIUSDT,SELL,LIMIT,1701925012784,23.2,55.268142
ORDIUSDT,SELL,LIMIT,1701925017571,8.1,55.187839
ORDIUSDT,BUY,LIMIT,1701925391039,37.8,57.146433
ORDIUSDT,BUY,LIMIT,1701925403585,0.8,57.295257
ORDIUSDT,BUY,LIMIT,1701925405417,17.0,57.316597
ORDIUSDT,BUY,LIMIT,1701925414565,6.5,57.396440
ORDIUSDT,BUY,LIMIT,1701925431109,2.0,57.546619
ORDIUSDT,SELL,LIMIT,1701925560523,88.4,55.381301
ORDIUSDT,SELL,LIMIT,1701926017360,0.3,55.414105
ORDIUSDT,SELL,LIMIT,1701926083752,5.3,55.294886
ORDIUSDT,SELL,LIMIT,1701926189951,46.7,55.123985
ORDIUSDT,SELL,LIMIT,1701926194354,0.7,55.089855
ORDIUSDT,SELL,LIMIT,1701926199585,8.1,55.069360
ORDIUSDT,SELL,LIMIT,1701926202350,2.1,55.024168
ORDIUSDT,BUY,LIMIT,1701926488175,1.1,57.114421
ORDIUSDT,BUY,LIMIT,1701926532320,27.3,57.342634
ORDIUSDT,BUY,LIMIT,1701926555495,30.4,57.490838
ORDIUSDT,BUY,LIMIT,1701926610978,0.6,57.517512
ORDIUSDT,BUY,LIMIT,1701926627417,8.0,57.628211
ORDIUSDT,BUY,LIMIT,1701926655045,16.8,57.846397
ORDIUSDT,BUY,LIMIT,1701926664728,26.3,57.915751
ORDIUSDT,BUY,LIMIT,1701926666003,4.6,58.009073
ORDIUSDT,BUY,LIMIT,1701926667287,12.3,58.096460
ORDIUSDT,BUY,LIMIT,1701926671190,2.6,58.202292
ORDIUSDT,BUY,LIMIT,1701926677205,100.6,58.341425
ORDIUSDT,BUY,LIMIT,1701926678633,5.4,58.281687
ORDIUSDT,BUY,LIMIT,1701926679719,1.0,58.352607
ORDIUSDT,BUY,LIMIT,1701926680764,9.4,58.491448
ORDIUSDT,BUY,LIMIT,1701926700212,0.4,58.343215
ORDIUSDT,SELL,LIMIT,1701926767521,1.7,56.329061
ORDIUSDT,SELL,LIMIT,1701926771126,0.7,56.227309
ORDIUSDT,SELL,LIMIT,1701927031677,2.1,55.983270
ORDIUSDT,BUY,LIMIT,1701927278874,173.9,58.418215
ORDIUSDT,SELL,LIMIT,1701927434750,64.0,55.977053
ORDIUSDT,SELL,LIMIT,1701927436311,4.3,55.960435
ORDIUSDT,SELL,LIMIT,1701927442885,15.6,55.812754
ORDIUSDT,SELL,LIMIT,1701927460089,0.7,55.798312
ORDIUSDT,SELL,LIMIT,1701927462646,4.4,55.745348
ORDIUSDT,SELL,LIMIT,1701927470072,0.1,55.726578
ORDIUSDT,SELL,LIMIT,1701927496333,7.0,55.706476
ORDIUSDT,SELL,LIMIT,1701927500418,41.4,55.665193
ORDIUSDT,SELL,LIMIT,1701927744234,0.3,55.544103
ORDIUSDT,SELL,LIMIT,1701927745712,1.1,55.504980
ORDIUSDT,SELL,LIMIT,1701927768127,1.9,55.460412
ORDIUSDT,SELL,LIMIT,1701927769405,1.1,55.455395
ORDIUSDT,SELL,LIMIT,1701927774249,22.4,55.337159
ORDIUSDT,SELL,LIMIT,1701927814536,14.5,55.309746
ORDIUSDT,SELL,LIMIT,1701927823104,84.4,55.041259
ORDIUSDT,SELL,LIMIT,1701927824145,2.4,55.154701
ORDIUSDT,SELL,LIMIT,1701927845343,0.3,55.080223
ORDIUSDT,SELL,LIMIT,1701927853127,17.9,54.946290
ORDIUSDT,SELL,LIMIT,1701927855160,0.2,54.803087
ORDIUSDT,SELL,LIMIT,1701927856165,2.2,54.523283
ORDIUSDT,SELL,LIMIT,1701927857196,3.5,54.570047
ORDIUSDT,SELL,LIMIT,1701927858244,1.7,54.439295
ORDIUSDT,SELL,LIMIT,1701927859261,26.1,54.425191
ORDIUSDT,BUY,LIMIT,1701927911176,8.9,56.664732
ORDIUSDT,BUY,LIMIT,1701927917405,8.9,56.775150
ORDIUSDT,BUY,LIMIT,1701927926029,29.4,56.848403
ORDIUSDT,SELL,LIMIT,1701928292827,2.9,54.986188
ORDIUSDT,SELL,LIMIT,1701928294025,1.8,54.921241
ORDIUSDT,SELL,LIMIT,1701928393435,16.5,55.170620
ORDIUSDT,SELL,LIMIT,1701928594360,15.9,54.870167
ORDIUSDT,SELL,LIMIT,1701928596850,0.3,54.824981
ORDIUSDT,BUY,LIMIT,1701928685290,4.9,56.975736
ORDIUSDT,BUY,LIMIT,1701928687723,7.2,56.993361
ORDIUSDT,BUY,LIMIT,1701928754792,0.3,57.199932
ORDIUSDT,BUY,LIMIT,1701928757198,13.0,57.227969
ORDIUSDT,BUY,LIMIT,1701928823237,7.5,57.253968
ORDIUSDT,SELL,LIMIT,1701928933287,2.4,55.173776
ORDIUSDT,SELL,LIMIT,1701928949300,0.4,55.082995
ORDIUSDT,SELL,LIMIT,1701928954501,72.1,54.992600
ORDIUSDT,SELL,LIMIT,1701928996147,1.5,55.006537
ORDIUSDT,SELL,LIMIT,1701929029701,13.3,54.986423
ORDIUSDT,SELL,LIMIT,1701929170336,14.2,54.939645
ORDIUSDT,SELL,LIMIT,1701929179168,10.0,54.907675
ORDIUSDT,SELL,LIMIT,1701929359463,0.2,54.816111
ORDIUSDT,SELL,LIMIT,1701929371703,3.6,54.655092
ORDIUSDT,BUY,LIMIT,1701929634667,0.3,56.745813
ORDIUSDT,BUY,LIMIT,1701929642267,7.9,56.838222
ORDIUSDT,BUY,LIMIT,1701929648895,12.3,56.889520
ORDIUSDT,SELL,LIMIT,1701929887425,0.8,54.877050
ORDIUSDT,SELL,LIMIT,1701929891382,0.2,54.852508
ORDIUSDT,BUY,LIMIT,1701929915160,48.2,56.666768
ORDIUSDT,SELL,LIMIT,1701929960937,5.9,54.660796
ORDIUSDT,SELL,LIMIT,1701929974141,0.1,54.613240
ORDIUSDT,SELL,LIMIT,1701929975665,13.6,54.464377
ORDIUSDT,SELL,LIMIT,1701930144583,38.2,54.398513
ORDIUSDT,SELL,LIMIT,1701930157744,3.4,54.350896
ORDIUSDT,SELL,LIMIT,1701930159175,2.0,54.311332
ORDIUSDT,BUY,LIMIT,1701930213047,12.8,55.986789
ORDIUSDT,BUY,LIMIT,1701930423157,64.5,56.387211
ORDIUSDT,BUY,LIMIT,1701930625796,4.4,56.761262
ORDIUSDT,SELL,LIMIT,1701930912445,0.6,54.749034
ORDIUSDT,SELL,LIMIT,1701930913698,9.4,54.702801
ORDIUSDT,SELL,LIMIT,1701930921302,0.2,54.637763
ORDIUSDT,SELL,LIMIT,1701930923416,29.4,54.613326
ORDIUSDT,SELL,LIMIT,1701931031844,1.7,54.532469
ORDIUSDT,SELL,LIMIT,1701931123792,7.0,54.253392
ORDIUSDT,SELL,LIMIT,1701931125134,30.6,54.229120
ORDIUSDT,SELL,LIMIT,1701931126548,17.1,54.220232
ORDIUSDT,SELL,LIMIT,1701931158587,2.0,54.223138
ORDIUSDT,SELL,LIMIT,1701931168682,3.8,54.208231
ORDIUSDT,SELL,LIMIT,1701931321939,2.7,54.252345
ORDIUSDT,SELL,LIMIT,1701931501974,2.1,54.673320
ORDIUSDT,SELL,LIMIT,1701931548203,15.5,54.225601
ORDIUSDT,SELL,LIMIT,1701931569400,88.4,54.277226
ORDIUSDT,SELL,LIMIT,1701931570454,11.1,54.171054
ORDIUSDT,SELL,LIMIT,1701931572096,64.3,54.105859
ORDIUSDT,SELL,LIMIT,1701931573331,14.0,54.069517
ORDIUSDT,SELL,LIMIT,1701931574357,2.3,54.011160
ORDIUSDT,SELL,LIMIT,1701931575389,0.2,53.955349
ORDIUSDT,SELL,LIMIT,1701931576390,4.2,53.637371
ORDIUSDT,SELL,LIMIT,1701931821894,67.0,54.052494
ORDIUSDT,SELL,LIMIT,1701931831119,0.1,54.085175
ORDIUSDT,BUY,LIMIT,1701931888108,1.5,55.980745
ORDIUSDT,BUY,LIMIT,1701931898101,8.4,56.118416
ORDIUSDT,BUY,LIMIT,1701932142088,21.3,56.345014
ORDIUSDT,BUY,LIMIT,1701932189219,14.4,56.435052
ORDIUSDT,BUY,LIMIT,1701932197698,13.1,56.496920
ORDIUSDT,BUY,LIMIT,1701932234276,11.0,56.631481
ORDIUSDT,BUY,LIMIT,1701932239207,1.0,56.669335
ORDIUSDT,BUY,LIMIT,1701932242046,3.6,56.724724
ORDIUSDT,BUY,LIMIT,1701932248788,1.7,56.752225
ORDIUSDT,BUY,LIMIT,1701932257843,5.2,56.805919
ORDIUSDT,BUY,LIMIT,1701932259278,2.5,56.866405
ORDIUSDT,BUY,LIMIT,1701932260330,91.2,56.896443
ORDIUSDT,SELL,LIMIT,1701932289138,2.8,54.976106
ORDIUSDT,SELL,LIMIT,1701932366327,2.4,54.762455
ORDIUSDT,BUY,LIMIT,1701932539419,89.8,56.598098
ORDIUSDT,BUY,LIMIT,1701933055364,11.5,56.890818
ORDIUSDT,SELL,LIMIT,1701933496961,61.0,54.906547
ORDIUSDT,SELL,LIMIT,1701933504774,0.3,54.828041
ORDIUSDT,SELL,LIMIT,1701933506968,7.8,54.807411
ORDIUSDT,SELL,LIMIT,1701933509314,4.4,54.782302
ORDIUSDT,SELL,LIMIT,1701933513202,0.8,54.724583
ORDIUSDT,SELL,LIMIT,1701933514566,26.7,54.671034
ORDIUSDT,SELL,LIMIT,1701933516466,0.1,54.611377
ORDIUSDT,SELL,LIMIT,1701933518906,54.9,54.597141
ORDIUSDT,BUY,LIMIT,1701933686188,4.2,56.656574
ORDIUSDT,BUY,LIMIT,1701933689987,3.6,56.729104
ORDIUSDT,BUY,LIMIT,1701933691311,0.6,56.771882
ORDIUSDT,BUY,LIMIT,1701933763675,2.8,56.958492
ORDIUSDT,BUY,LIMIT,1701933772781,0.3,56.997323
ORDIUSDT,BUY,LIMIT,1701933779914,0.6,57.244055
ORDIUSDT,BUY,LIMIT,1701933794093,1.1,57.309579
ORDIUSDT,BUY,LIMIT,1701933796329,30.0,57.407226
ORDIUSDT,BUY,LIMIT,1701933803472,0.4,57.566750
ORDIUSDT,BUY,LIMIT,1701933805654,9.7,57.613026
ORDIUSDT,BUY,LIMIT,1701933815284,27.6,57.696499
ORDIUSDT,BUY,LIMIT,1701933826084,0.1,57.750462
ORDIUSDT,BUY,LIMIT,1701933853834,34.0,57.803320
ORDIUSDT,BUY,LIMIT,1701933855188,7.7,57.859243
ORDIUSDT,BUY,LIMIT,1701933857871,10.0,57.939524
ORDIUSDT,SELL,LIMIT,1701933922232,1.7,55.766037
ORDIUSDT,SELL,LIMIT,1701933926692,28.8,55.703151
ORDIUSDT,SELL,LIMIT,1701934120443,6.2,55.473136
ORDIUSDT,BUY,LIMIT,1701934230705,0.4,57.119365
ORDIUSDT,SELL,LIMIT,1701934256864,2.7,55.328635
ORDIUSDT,SELL,LIMIT,1701934405362,1.6,55.313346
ORDIUSDT,SELL,LIMIT,1701934448003,15.6,55.239681
ORDIUSDT,SELL,LIMIT,1701934451976,2.3,55.159417
ORDIUSDT,SELL,LIMIT,1701934454404,12.8,55.042279
ORDIUSDT,SELL,LIMIT,1701934458338,8.8,55.018002
ORDIUSDT,SELL,LIMIT,1701934668640,3.5,54.808673
ORDIUSDT,SELL,LIMIT,1701935192456,1.0,54.772949
ORDIUSDT,SELL,LIMIT,1701935208180,0.2,54.744171
ORDIUSDT,SELL,LIMIT,1701935209330,0.5,54.687398
ORDIUSDT,SELL,LIMIT,1701935211051,2.9,54.662586
ORDIUSDT,SELL,LIMIT,1701935279832,1.5,54.559533
ORDIUSDT,SELL,LIMIT,1701935330464,1.0,54.501399
ORDIUSDT,SELL,LIMIT,1701935336929,0.3,54.433040
ORDIUSDT,SELL,LIMIT,1701935338260,2.6,54.420124
ORDIUSDT,SELL,LIMIT,1701935452345,10.8,54.401101
ORDIUSDT,SELL,LIMIT,1701935456903,40.0,54.371931
ORDIUSDT,SELL,LIMIT,1701935701243,0.5,54.312478
ORDIUSDT,SELL,LIMIT,1701935912378,0.2,54.259094
ORDIUSDT,SELL,LIMIT,1701935960234,0.3,54.194897
ORDIUSDT,SELL,LIMIT,1701935961283,11.7,53.972552
ORDIUSDT,SELL,LIMIT,1701935962430,1.9,53.946773
ORDIUSDT,BUY,LIMIT,1701936021695,14.1,56.016757
ORDIUSDT,BUY,LIMIT,1701936029166,22.6,56.168180
ORDIUSDT,SELL,LIMIT,1701936110956,4.9,54.179129
ORDIUSDT,SELL,LIMIT,1701936147398,9.2,53.880129
ORDIUSDT,SELL,LIMIT,1701936148589,1.2,53.830790
ORDIUSDT,SELL,LIMIT,1701936149661,0.8,53.799001
ORDIUSDT,SELL,LIMIT,1701936179336,0.2,53.741793
ORDIUSDT,SELL,LIMIT,1701936180535,13.5,53.740471
ORDIUSDT,SELL,LIMIT,1701936192709,78.3,53.723073
ORDIUSDT,SELL,LIMIT,1701936194193,0.2,53.708342
ORDIUSDT,SELL,LIMIT,1701936195202,3.4,53.628099
ORDIUSDT,BUY,LIMIT,1701936224716,0.4,55.814995
ORDIUSDT,BUY,LIMIT,1701936231747,41.9,55.932295
ORDIUSDT,BUY,LIMIT,1701936250665,1.0,56.089000
ORDIUSDT,BUY,LIMIT,1701936357413,0.4,56.346817
ORDIUSDT,BUY,LIMIT,1701936359068,0.2,56.411046
ORDIUSDT,SELL,LIMIT,1701936513936,9.0,54.240280
ORDIUSDT,SELL,LIMIT,1701936516995,9.5,54.149239
ORDIUSDT,SELL,LIMIT,1701936522140,79.3,53.999219
ORDIUSDT,SELL,LIMIT,1701936524011,0.8,53.948647
ORDIUSDT,SELL,LIMIT,1701936526104,21.4,53.888219
ORDIUSDT,SELL,LIMIT,1701936538737,3.3,53.812981
ORDIUSDT,SELL,LIMIT,1701936542067,10.0,53.749969
ORDIUSDT,SELL,LIMIT,1701936543252,39.3,53.756281
ORDIUSDT,SELL,LIMIT,1701936545078,8.9,53.610973
ORDIUSDT,BUY,LIMIT,1701936624441,13.7,55.626117
ORDIUSDT,SELL,LIMIT,1701936757063,55.3,53.552041
ORDIUSDT,SELL,LIMIT,1701936758268,5.9,53.461679
ORDIUSDT,SELL,LIMIT,1701936759301,0.1,53.467641
ORDIUSDT,SELL,LIMIT,1701936760775,30.1,53.430993
ORDIUSDT,SELL,LIMIT,1701936773333,5.1,53.428473
ORDIUSDT,SELL,LIMIT,1701936775125,54.3,53.347221
ORDIUSDT,SELL,LIMIT,1701936776234,1.4,53.344161
ORDIUSDT,SELL,LIMIT,1701936780743,2.0,53.325514
ORDIUSDT,SELL,LIMIT,1701936820212,1.7,53.323101
ORDIUSDT,SELL,LIMIT,1701936823693,2.1,53.294899
ORDIUSDT,SELL,LIMIT,1701936826649,4.9,53.265989
ORDIUSDT,SELL,LIMIT,1701936828240,7.0,53.246922
ORDIUSDT,SELL,LIMIT,1701936830087,14.7,53.224476
ORDIUSDT,SELL,LIMIT,1701936837470,0.4,53.221276
ORDIUSDT,SELL,LIMIT,1701936860168,4.0,53.212604
ORDIUSDT,SELL,LIMIT,1701936864079,100.0,53.095981
ORDIUSDT,SELL,LIMIT,1701936865116,4.1,53.108357
ORDIUSDT,SELL,LIMIT,1701936866168,29.3,53.052412
ORDIUSDT,SELL,LIMIT,1701936867399,10.6,52.878741
ORDIUSDT,SELL,LIMIT,1701936887108,5.6,52.896781
ORDIUSDT,SELL,LIMIT,1701936907358,2.1,52.880036
ORDIUSDT,SELL,LIMIT,1701936912089,24.4,52.744329
ORDIUSDT,SELL,LIMIT,1701936913174,50.6,52.787177
ORDIUSDT,SELL,LIMIT,1701936914357,25.5,52.634004
ORDIUSDT,SELL,LIMIT,1701936915466,5.7,52.567996
ORDIUSDT,SELL,LIMIT,1701936923656,7.9,52.585694
ORDIUSDT,SELL,LIMIT,1701936925285,71.8,52.539901
ORDIUSDT,BUY,LIMIT,1701937006246,44.3,54.575519
ORDIUSDT,BUY,LIMIT,1701937011648,2.2,54.630834
ORDIUSDT,BUY,LIMIT,1701937013290,1.9,54.677788
ORDIUSDT,BUY,LIMIT,1701937025101,21.7,54.804402
ORDIUSDT,BUY,LIMIT,1701937085887,5.3,55.011426
ORDIUSDT,BUY,LIMIT,1701937119300,1.3,55.130266
ORDIUSDT,BUY,LIMIT,1701937120448,13.2,55.153564
ORDIUSDT,BUY,LIMIT,1701937124197,3.9,55.280254
ORDIUSDT,SELL,LIMIT,1701937182899,4.5,53.349006
ORDIUSDT,SELL,LIMIT,1701937199247,32.3,53.216809
ORDIUSDT,SELL,LIMIT,1701937205987,46.0,53.181334
ORDIUSDT,SELL,LIMIT,1701937256694,33.3,53.130379
ORDIUSDT,SELL,LIMIT,1701937294257,22.1,53.046653
ORDIUSDT,SELL,LIMIT,1701937307439,0.5,53.019541
ORDIUSDT,SELL,LIMIT,1701937321136,138.4,52.789947
ORDIUSDT,SELL,LIMIT,1701937324768,0.5,52.894887
ORDIUSDT,SELL,LIMIT,1701937330201,3.1,52.722065
ORDIUSDT,SELL,LIMIT,1701937344372,17.1,52.487696
ORDIUSDT,SELL,LIMIT,1701937345415,89.3,52.574143
ORDIUSDT,SELL,LIMIT,1701937353756,5.5,52.577868
ORDIUSDT,SELL,LIMIT,1701937360874,15.0,52.484172
ORDIUSDT,SELL,LIMIT,1701937362514,1.5,52.439756
ORDIUSDT,SELL,LIMIT,1701937371288,9.9,52.429312
ORDIUSDT,SELL,LIMIT,1701937381641,3.6,52.416455
ORDIUSDT,SELL,LIMIT,1701937394864,4.5,52.370083
ORDIUSDT,SELL,LIMIT,1701937396170,131.1,52.211820
ORDIUSDT,SELL,LIMIT,1701937397793,5.2,52.334986
ORDIUSDT,SELL,LIMIT,1701937400357,1.8,52.289192
ORDIUSDT,SELL,LIMIT,1701937477488,41.0,52.504239
ORDIUSDT,SELL,LIMIT,1701937537599,0.2,52.351512
ORDIUSDT,SELL,LIMIT,1701937544181,27.2,52.269229
ORDIUSDT,SELL,LIMIT,1701937548490,6.1,52.246419
ORDIUSDT,SELL,LIMIT,1701937585051,1.6,51.992153
ORDIUSDT,SELL,LIMIT,1701937586089,3.9,52.189128
ORDIUSDT,BUY,LIMIT,1701937643667,91.4,54.221447
ORDIUSDT,SELL,LIMIT,1701937652124,5.6,52.257437
ORDIUSDT,SELL,LIMIT,1701937663237,94.4,52.142363
ORDIUSDT,SELL,LIMIT,1701937745310,4.4,52.229923
ORDIUSDT,SELL,LIMIT,1701937814233,2.7,52.019002
ORDIUSDT,SELL,LIMIT,1701937817139,11.1,51.950601
ORDIUSDT,SELL,LIMIT,1701937818145,30.3,51.878254
ORDIUSDT,SELL,LIMIT,1701937819154,0.2,51.879835
ORDIUSDT,SELL,LIMIT,1701937820230,36.1,51.870744
ORDIUSDT,SELL,LIMIT,1701937821247,0.4,51.841318
ORDIUSDT,SELL,LIMIT,1701937824839,116.4,51.784526
ORDIUSDT,SELL,LIMIT,1701937924119,3.0,51.800268
ORDIUSDT,SELL,LIMIT,1701937925933,0.1,51.785129
ORDIUSDT,SELL,LIMIT,1701937926966,0.1,51.723359
ORDIUSDT,SELL,LIMIT,1701937928085,6.0,51.445285
ORDIUSDT,SELL,LIMIT,1701937929144,14.7,51.483840
ORDIUSDT,BUY,LIMIT,1701937974662,0.4,53.523482
ORDIUSDT,BUY,LIMIT,1701937977377,4.4,53.640992
ORDIUSDT,BUY,LIMIT,1701937980732,2.5,53.679852
ORDIUSDT,BUY,LIMIT,1701937986616,1.2,53.755515
ORDIUSDT,BUY,LIMIT,1701937996183,0.4,53.885137
ORDIUSDT,BUY,LIMIT,1701937998173,49.0,53.974935
ORDIUSDT,BUY,LIMIT,1701938035996,0.6,54.070815
ORDIUSDT,BUY,LIMIT,1701938038589,2.8,54.191158
ORDIUSDT,SELL,LIMIT,1701938086063,10.0,52.308175
ORDIUSDT,BUY,LIMIT,1701938156989,1.0,54.145260
ORDIUSDT,BUY,LIMIT,1701938170512,23.4,54.276815
ORDIUSDT,BUY,LIMIT,1701938313456,0.5,54.290664
ORDIUSDT,BUY,LIMIT,1701938319884,4.4,54.305754
ORDIUSDT,SELL,LIMIT,1701938423187,44.7,52.365023
ORDIUSDT,SELL,LIMIT,1701938488792,93.7,52.293236
ORDIUSDT,SELL,LIMIT,1701938490177,11.9,52.259024
ORDIUSDT,SELL,LIMIT,1701938492395,6.0,52.175949
ORDIUSDT,SELL,LIMIT,1701938500825,7.2,52.141147
ORDIUSDT,SELL,LIMIT,1701938502433,43.0,52.124377
ORDIUSDT,SELL,LIMIT,1701938504223,5.6,52.057492
ORDIUSDT,BUY,LIMIT,1701938745008,6.2,54.349584
ORDIUSDT,BUY,LIMIT,1701938748009,41.8,54.389043
ORDIUSDT,BUY,LIMIT,1701938782854,0.2,54.445420
ORDIUSDT,BUY,LIMIT,1701938786484,93.8,54.506191
ORDIUSDT,BUY,LIMIT,1701938802495,65.5,54.560120
ORDIUSDT,BUY,LIMIT,1701938810731,19.9,54.705810
ORDIUSDT,BUY,LIMIT,1701938812496,0.9,54.711688
ORDIUSDT,BUY,LIMIT,1701938814253,0.4,54.755317
ORDIUSDT,SELL,LIMIT,1701938966536,22.7,52.702414
ORDIUSDT,SELL,LIMIT,1701938969460,72.0,52.672846
ORDIUSDT,SELL,LIMIT,1701938972949,1.7,52.623853
ORDIUSDT,SELL,LIMIT,1701938978359,0.7,52.521230
ORDIUSDT,SELL,LIMIT,1701939043201,3.7,52.384981
ORDIUSDT,SELL,LIMIT,1701939045070,92.7,52.337349
ORDIUSDT,SELL,LIMIT,1701939048761,8.7,52.244661
ORDIUSDT,SELL,LIMIT,1701939050384,23.3,52.205822
ORDIUSDT,SELL,LIMIT,1701939052085,15.0,52.157947
ORDIUSDT,SELL,LIMIT,1701939053255,5.4,52.146641
ORDIUSDT,SELL,LIMIT,1701939097072,3.9,52.042603
ORDIUSDT,SELL,LIMIT,1701939098084,5.4,51.990812
ORDIUSDT,SELL,LIMIT,1701939102233,22.5,51.950393
ORDIUSDT,SELL,LIMIT,1701939103927,32.7,51.917304
ORDIUSDT,SELL,LIMIT,1701939105434,32.1,51.906121
ORDIUSDT,SELL,LIMIT,1701939115645,9.0,51.753979
ORDIUSDT,BUY,LIMIT,1701939218069,4.8,53.578862
ORDIUSDT,BUY,LIMIT,1701939227011,9.5,53.617004
ORDIUSDT,SELL,LIMIT,1701939277518,94.0,51.737786
ORDIUSDT,SELL,LIMIT,1701939280067,12.4,51.530301
ORDIUSDT,SELL,LIMIT,1701939287317,5.4,51.510510
ORDIUSDT,SELL,LIMIT,1701939305600,6.3,51.403158
ORDIUSDT,SELL,LIMIT,1701939307275,12.2,51.375778
ORDIUSDT,SELL,LIMIT,1701939311089,128.3,51.215206
ORDIUSDT,SELL,LIMIT,1701939312091,15.9,51.307926
ORDIUSDT,SELL,LIMIT,1701939313124,2.1,51.080852
ORDIUSDT,SELL,LIMIT,1701939314132,28.3,50.893287
ORDIUSDT,SELL,LIMIT,1701939315149,9.5,50.815831
ORDIUSDT,SELL,LIMIT,1701939320237,17.5,50.694898
ORDIUSDT,SELL,LIMIT,1701939321291,192.2,50.401742
ORDIUSDT,SELL,LIMIT,1701939322327,21.4,50.613305
ORDIUSDT,SELL,LIMIT,1701939323363,1.0,50.549126
ORDIUSDT,SELL,LIMIT,1701939336089,1.2,50.763179
ORDIUSDT,SELL,LIMIT,1701939348045,2.1,50.760991
ORDIUSDT,SELL,LIMIT,1701939364925,50.0,50.552798
ORDIUSDT,SELL,LIMIT,1701939365931,0.1,50.484250
ORDIUSDT,SELL,LIMIT,1701939368366,0.9,50.449982
ORDIUSDT,SELL,LIMIT,1701939369394,28.0,50.449274
ORDIUSDT,SELL,LIMIT,1701939370410,13.6,50.391884
ORDIUSDT,SELL,LIMIT,1701939371438,0.2,50.407787
ORDIUSDT,SELL,LIMIT,1701939373017,10.1,50.339599
ORDIUSDT,SELL,LIMIT,1701939374164,20.0,50.322999
ORDIUSDT,SELL,LIMIT,1701939375332,4.5,50.322382
ORDIUSDT,BUY,LIMIT,1701939381982,3.4,52.142935
ORDIUSDT,BUY,LIMIT,1701939419274,81.2,52.382109
ORDIUSDT,SELL,LIMIT,1701939433112,97.1,50.449421
ORDIUSDT,SELL,LIMIT,1701939441874,11.4,50.404850
ORDIUSDT,SELL,LIMIT,1701939443436,13.9,50.370419
ORDIUSDT,SELL,LIMIT,1701939446056,7.5,50.307424
ORDIUSDT,SELL,LIMIT,1701939447198,2.2,50.309358
ORDIUSDT,SELL,LIMIT,1701939449091,17.9,50.276944
ORDIUSDT,SELL,LIMIT,1701939450823,5.0,50.270346
ORDIUSDT,SELL,LIMIT,1701939451961,1.7,50.256117
ORDIUSDT,SELL,LIMIT,1701939453065,17.0,50.091965
ORDIUSDT,SELL,LIMIT,1701939454070,0.9,50.178902
ORDIUSDT,SELL,LIMIT,1701939455114,1.6,50.023473
ORDIUSDT,SELL,LIMIT,1701939456152,28.1,50.020192
ORDIUSDT,SELL,LIMIT,1701939457470,58.0,49.938463
ORDIUSDT,BUY,LIMIT,1701939465677,2.8,51.739769
ORDIUSDT,SELL,LIMIT,1701939467160,3.6,49.905332
ORDIUSDT,SELL,LIMIT,1701939468237,27.6,49.895301
ORDIUSDT,SELL,LIMIT,1701939470267,0.3,49.858729
ORDIUSDT,SELL,LIMIT,1701939471289,162.6,49.679531
ORDIUSDT,BUY,LIMIT,1701939484546,0.4,51.662048
ORDIUSDT,SELL,LIMIT,1701939526939,0.3,49.874221
ORDIUSDT,SELL,LIMIT,1701939528003,98.2,49.848223
ORDIUSDT,SELL,LIMIT,1701939547150,0.7,49.789289
ORDIUSDT,SELL,LIMIT,1701939548228,2.7,49.803722
ORDIUSDT,SELL,LIMIT,1701939568433,10.0,50.051204
ORDIUSDT,BUY,LIMIT,1701939594983,4.7,51.682711
ORDIUSDT,BUY,LIMIT,1701939596147,0.3,51.686724
ORDIUSDT,BUY,LIMIT,1701939598365,21.5,51.726112
ORDIUSDT,BUY,LIMIT,1701939602541,0.9,51.805892
ORDIUSDT,BUY,LIMIT,1701939615589,2.1,51.879981
ORDIUSDT,BUY,LIMIT,1701939624107,1.3,51.944108
ORDIUSDT,BUY,LIMIT,1701939641450,0.1,52.011381
ORDIUSDT,BUY,LIMIT,1701939648895,1.7,52.136805
ORDIUSDT,BUY,LIMIT,1701939667072,5.8,52.273636
ORDIUSDT,SELL,LIMIT,1701939697804,0.7,50.363196
ORDIUSDT,SELL,LIMIT,1701939699198,1.2,50.300532
ORDIUSDT,SELL,LIMIT,1701939705340,8.3,50.223092
ORDIUSDT,SELL,LIMIT,1701939707502,0.1,50.202841
ORDIUSDT,SELL,LIMIT,1701939709614,31.8,50.137120
ORDIUSDT,SELL,LIMIT,1701939716186,57.6,49.985796
ORDIUSDT,SELL,LIMIT,1701939718377,4.2,49.940746
ORDIUSDT,SELL,LIMIT,1701939722246,25.9,49.935945
ORDIUSDT,BUY,LIMIT,1701939770979,18.3,51.863393
ORDIUSDT,BUY,LIMIT,1701939775931,59.4,51.896958
ORDIUSDT,SELL,LIMIT,1701939820826,0.1,50.168263
ORDIUSDT,SELL,LIMIT,1701939833137,9.7,50.015306
ORDIUSDT,SELL,LIMIT,1701939845795,29.1,49.919304
ORDIUSDT,SELL,LIMIT,1701939868169,18.2,49.748396
ORDIUSDT,SELL,LIMIT,1701939869264,2.9,49.660899
ORDIUSDT,SELL,LIMIT,1701939870345,10.5,49.692964
ORDIUSDT,SELL,LIMIT,1701939871349,5.3,49.615414
ORDIUSDT,SELL,LIMIT,1701939872653,5.2,49.557170
ORDIUSDT,SELL,LIMIT,1701939873656,0.6,49.509603
ORDIUSDT,SELL,LIMIT,1701939881746,16.4,49.484785
ORDIUSDT,SELL,LIMIT,1701939883012,97.6,49.425109
ORDIUSDT,SELL,LIMIT,1701939884174,0.5,49.410401
ORDIUSDT,SELL,LIMIT,1701939885714,64.0,49.407542
ORDIUSDT,SELL,LIMIT,1701939886797,189.0,49.152106
ORDIUSDT,SELL,LIMIT,1701939888522,9.0,49.350821
ORDIUSDT,SELL,LIMIT,1701939893295,12.3,49.349380
ORDIUSDT,BUY,LIMIT,1701939897467,24.8,51.078578
ORDIUSDT,BUY,LIMIT,1701939901130,6.5,51.159458
ORDIUSDT,SELL,LIMIT,1701939922346,2.4,49.353185
ORDIUSDT,SELL,LIMIT,1701939923473,0.5,49.320663
ORDIUSDT,SELL,LIMIT,1701939925965,9.2,49.299769
ORDIUSDT,SELL,LIMIT,1701939927782,62.2,49.270774
ORDIUSDT,SELL,LIMIT,1701939929038,122.9,49.176661
ORDIUSDT,SELL,LIMIT,1701939930942,0.8,49.243034
ORDIUSDT,SELL,LIMIT,1701939938664,10.8,49.226094
ORDIUSDT,SELL,LIMIT,1701939940048,17.8,49.138531
ORDIUSDT,SELL,LIMIT,1701939941056,104.4,49.170533
ORDIUSDT,SELL,LIMIT,1701939942593,60.5,49.127773
ORDIUSDT,SELL,LIMIT,1701939950090,17.2,49.115766
ORDIUSDT,SELL,LIMIT,1701939951125,0.5,49.064029
ORDIUSDT,SELL,LIMIT,1701939952168,0.8,49.069129
ORDIUSDT,SELL,LIMIT,1701939953427,0.4,48.970881
ORDIUSDT,SELL,LIMIT,1701939956061,45.5,48.879650
ORDIUSDT,SELL,LIMIT,1701939957288,0.1,48.934237
ORDIUSDT,SELL,LIMIT,1701939958304,35.7,48.829937
ORDIUSDT,SELL,LIMIT,1701939959328,10.6,48.863292
ORDIUSDT,SELL,LIMIT,1701939961472,40.2,48.805689
ORDIUSDT,SELL,LIMIT,1701939966082,32.4,48.724879
ORDIUSDT,SELL,LIMIT,1701939967123,4.6,48.684241
ORDIUSDT,SELL,LIMIT,1701939968164,49.9,48.604713
ORDIUSDT,SELL,LIMIT,1701939969197,73.1,48.558796
ORDIUSDT,BUY,LIMIT,1701939979961,4.0,50.458289
ORDIUSDT,SELL,LIMIT,1701939985620,2.9,48.810823
ORDIUSDT,SELL,LIMIT,1701939993463,0.8,48.551834
ORDIUSDT,SELL,LIMIT,1701939995222,2.9,48.537270
ORDIUSDT,SELL,LIMIT,1701939996257,3.5,48.430761
ORDIUSDT,SELL,LIMIT,1701939997313,5.6,48.399965
ORDIUSDT,SELL,LIMIT,1701939998340,211.2,48.026095
ORDIUSDT,SELL,LIMIT,1701939999342,17.5,48.017304
ORDIUSDT,SELL,LIMIT,1701940000390,40.2,48.064233
ORDIUSDT,SELL,LIMIT,1701940001956,91.1,48.017013
ORDIUSDT,SELL,LIMIT,1701940009253,3.3,48.030572
ORDIUSDT,SELL,LIMIT,1701940011121,3.7,47.980661
ORDIUSDT,SELL,LIMIT,1701940012152,8.3,47.987561
ORDIUSDT,SELL,LIMIT,1701940013187,1.3,47.921305
ORDIUSDT,SELL,LIMIT,1701940014367,4.0,47.899630
ORDIUSDT,SELL,LIMIT,1701940015576,20.9,47.880113
ORDIUSDT,SELL,LIMIT,1701940024434,237.7,47.769680
ORDIUSDT,BUY,LIMIT,1701940031116,4.4,49.600653
ORDIUSDT,BUY,LIMIT,1701940033044,56.4,49.664977
ORDIUSDT,BUY,LIMIT,1701940034487,25.6,49.734003
ORDIUSDT,BUY,LIMIT,1701940036276,11.7,49.766781
ORDIUSDT,BUY,LIMIT,1701940037505,38.1,49.841026
ORDIUSDT,BUY,LIMIT,1701940039126,0.5,49.891493
ORDIUSDT,BUY,LIMIT,1701940040638,2.0,49.940499
ORDIUSDT,BUY,LIMIT,1701940064354,0.2,50.060859
ORDIUSDT,BUY,LIMIT,1701940067893,9.6,50.184599
ORDIUSDT,BUY,LIMIT,1701940069425,0.2,50.385673
ORDIUSDT,BUY,LIMIT,1701940078079,9.1,50.388742
ORDIUSDT,BUY,LIMIT,1701940087074,20.2,50.520232
ORDIUSDT,BUY,LIMIT,1701940103138,93.0,50.646362
ORDIUSDT,BUY,LIMIT,1701940104353,1.2,50.628963
ORDIUSDT,BUY,LIMIT,1701940107318,2.7,50.887683
ORDIUSDT,SELL,LIMIT,1701940148956,4.4,49.143308
ORDIUSDT,SELL,LIMIT,1701940165466,5.0,49.048246
ORDIUSDT,SELL,LIMIT,1701940226371,88.0,48.812044
ORDIUSDT,SELL,LIMIT,1701940230125,46.2,48.545866
ORDIUSDT,BUY,LIMIT,1701940245120,12.9,50.462973
ORDIUSDT,BUY,LIMIT,1701940253720,0.9,50.555741
ORDIUSDT,BUY,LIMIT,1701940256568,4.2,50.565961
ORDIUSDT,BUY,LIMIT,1701940267163,10.3,50.627174
ORDIUSDT,BUY,LIMIT,1701940370071,26.7,50.480100
ORDIUSDT,BUY,LIMIT,1701940379128,19.1,50.541720
ORDIUSDT,SELL,LIMIT,1701940396595,25.1,48.653803
ORDIUSDT,SELL,LIMIT,1701940398048,4.5,48.548172
ORDIUSDT,SELL,LIMIT,1701940403081,18.3,48.449336
ORDIUSDT,SELL,LIMIT,1701940404235,1.3,48.425968
ORDIUSDT,SELL,LIMIT,1701940406358,71.8,48.350606
ORDIUSDT,SELL,LIMIT,1701940409721,24.5,48.175168
ORDIUSDT,SELL,LIMIT,1701940452560,89.7,48.155388
ORDIUSDT,SELL,LIMIT,1701940453659,16.0,48.150653
ORDIUSDT,SELL,LIMIT,1701940454690,8.0,48.077546
ORDIUSDT,SELL,LIMIT,1701940457941,2.1,47.905199
ORDIUSDT,SELL,LIMIT,1701940474408,18.9,48.098713
ORDIUSDT,SELL,LIMIT,1701940479824,4.4,48.001540
ORDIUSDT,SELL,LIMIT,1701940520416,101.5,47.883758
ORDIUSDT,SELL,LIMIT,1701940521444,0.3,47.830544
ORDIUSDT,BUY,LIMIT,1701940532388,1.4,49.619065
ORDIUSDT,SELL,LIMIT,1701940555227,2.4,48.010871
ORDIUSDT,SELL,LIMIT,1701940556427,15.0,47.969032
ORDIUSDT,SELL,LIMIT,1701940560156,64.7,47.904302
ORDIUSDT,SELL,LIMIT,1701940561691,50.0,47.825471
ORDIUSDT,SELL,LIMIT,1701940563002,0.5,47.825471
ORDIUSDT,SELL,LIMIT,1701940564012,8.7,47.676115
ORDIUSDT,SELL,LIMIT,1701940565080,0.1,47.619677
ORDIUSDT,SELL,LIMIT,1701940566093,2.9,47.615475
ORDIUSDT,SELL,LIMIT,1701940567118,1.7,47.589761
ORDIUSDT,SELL,LIMIT,1701940568302,1.0,47.529969
ORDIUSDT,SELL,LIMIT,1701940569898,1.6,47.529968
ORDIUSDT,SELL,LIMIT,1701940571203,5.3,47.513046
ORDIUSDT,SELL,LIMIT,1701940580695,23.8,47.505302
ORDIUSDT,BUY,LIMIT,1701940588158,5.1,49.215350
ORDIUSDT,BUY,LIMIT,1701940590182,8.2,49.345069
ORDIUSDT,BUY,LIMIT,1701940592881,37.1,49.419710
ORDIUSDT,BUY,LIMIT,1701940594491,99.7,49.467562
ORDIUSDT,BUY,LIMIT,1701940602508,21.0,49.578583
ORDIUSDT,SELL,LIMIT,1701940605996,4.0,54.426933
ORDIUSDT,BUY,LIMIT,1701940608470,20.5,49.717350
ORDIUSDT,SELL,LIMIT,1701940617568,3.7,47.950586
ORDIUSDT,BUY,LIMIT,1701940635135,8.2,49.878146
ORDIUSDT,BUY,LIMIT,1701940636246,10.2,49.936405
ORDIUSDT,BUY,LIMIT,1701940639164,102.2,50.089030
ORDIUSDT,BUY,LIMIT,1701940640418,3.3,50.060143
ORDIUSDT,BUY,LIMIT,1701940643560,25.9,50.073432
ORDIUSDT,BUY,LIMIT,1701940644830,93.6,50.131352
ORDIUSDT,BUY,LIMIT,1701940648091,5.3,50.159345
ORDIUSDT,SELL,LIMIT,1701940674395,43.2,48.301356
ORDIUSDT,BUY,LIMIT,1701940717968,101.9,50.105537
ORDIUSDT,BUY,LIMIT,1701940729855,2.0,50.159935
ORDIUSDT,BUY,LIMIT,1701940774304,10.3,50.325922
ORDIUSDT,BUY,LIMIT,1701940781360,1.2,50.354930
ORDIUSDT,BUY,LIMIT,1701940784262,2.8,50.418032
ORDIUSDT,BUY,LIMIT,1701940788807,52.7,50.438079
ORDIUSDT,BUY,LIMIT,1701940815186,4.4,50.491317
ORDIUSDT,BUY,LIMIT,1701940816865,0.2,50.538654
ORDIUSDT,BUY,LIMIT,1701940825108,4.7,50.559342
ORDIUSDT,BUY,LIMIT,1701940826121,0.2,50.593558
ORDIUSDT,BUY,LIMIT,1701940827139,10.3,50.582481
ORDIUSDT,BUY,LIMIT,1701940829476,67.8,50.619136
ORDIUSDT,BUY,LIMIT,1701940831257,34.9,50.649594
ORDIUSDT,BUY,LIMIT,1701940832295,2.0,50.634034
ORDIUSDT,BUY,LIMIT,1701940833568,1.2,50.707763
ORDIUSDT,BUY,LIMIT,1701940835226,100.0,50.709513
ORDIUSDT,BUY,LIMIT,1701940845783,5.4,50.801197
ORDIUSDT,SELL,LIMIT,1701940881450,68.3,48.950331
ORDIUSDT,SELL,LIMIT,1701940887134,13.9,48.837781
ORDIUSDT,SELL,LIMIT,1701940888410,7.0,48.873129
ORDIUSDT,SELL,LIMIT,1701940889737,3.2,48.811022
ORDIUSDT,SELL,LIMIT,1701940950441,50.2,48.737351
ORDIUSDT,SELL,LIMIT,1701940963075,7.9,48.691593
ORDIUSDT,SELL,LIMIT,1701940965137,2.7,48.619325
ORDIUSDT,SELL,LIMIT,1701940968183,79.0,48.542773
ORDIUSDT,SELL,LIMIT,1701940969510,1.1,48.552400
ORDIUSDT,SELL,LIMIT,1701941028983,35.2,48.450613
ORDIUSDT,SELL,LIMIT,1701941031998,3.9,48.413703
ORDIUSDT,SELL,LIMIT,1701941033952,5.7,48.391929
ORDIUSDT,SELL,LIMIT,1701941035873,75.6,48.367386
ORDIUSDT,SELL,LIMIT,1701941037188,0.6,48.328672
ORDIUSDT,SELL,LIMIT,1701941051155,11.8,48.172483
ORDIUSDT,SELL,LIMIT,1701941073676,26.0,48.176351
ORDIUSDT,SELL,LIMIT,1701941076209,9.5,48.119669
ORDIUSDT,BUY,LIMIT,1701941100741,5.9,49.800655
ORDIUSDT,BUY,LIMIT,1701941101896,91.0,49.874145
ORDIUSDT,SELL,LIMIT,1701941145368,2.6,47.969363
ORDIUSDT,SELL,LIMIT,1701941146709,0.3,47.907714
ORDIUSDT,SELL,LIMIT,1701941154059,15.3,47.911463
ORDIUSDT,SELL,LIMIT,1701941155855,2.1,47.871625
ORDIUSDT,SELL,LIMIT,1701941158074,4.6,47.869057
ORDIUSDT,SELL,LIMIT,1701941159077,10.6,47.859744
ORDIUSDT,SELL,LIMIT,1701941160214,6.6,47.615729
ORDIUSDT,SELL,LIMIT,1701941161308,1.2,47.628148
ORDIUSDT,SELL,LIMIT,1701941164439,7.8,47.741966
ORDIUSDT,SELL,LIMIT,1701941170599,2.7,47.620210
ORDIUSDT,SELL,LIMIT,1701941172058,3.4,47.603795
ORDIUSDT,SELL,LIMIT,1701941174021,3.5,47.549434
ORDIUSDT,SELL,LIMIT,1701941175194,5.4,47.534376
ORDIUSDT,SELL,LIMIT,1701941181286,0.3,47.504321
ORDIUSDT,SELL,LIMIT,1701941182751,2.7,47.497023
ORDIUSDT,SELL,LIMIT,1701941186094,4.4,47.490035
ORDIUSDT,SELL,LIMIT,1701941188167,1.4,47.476460
ORDIUSDT,SELL,LIMIT,1701941189301,7.8,47.467085
ORDIUSDT,SELL,LIMIT,1701941190350,2.7,47.455582
ORDIUSDT,SELL,LIMIT,1701941192320,1.6,47.426066
ORDIUSDT,SELL,LIMIT,1701941193455,0.1,47.437044
ORDIUSDT,SELL,LIMIT,1701941194609,10.0,47.423453
ORDIUSDT,SELL,LIMIT,1701941196352,100.0,47.402711
ORDIUSDT,SELL,LIMIT,1701941200131,191.8,47.154832
ORDIUSDT,SELL,LIMIT,1701941202276,5.5,47.363570
ORDIUSDT,SELL,LIMIT,1701941204120,0.9,47.352672
ORDIUSDT,SELL,LIMIT,1701941205575,98.5,47.339569
ORDIUSDT,SELL,LIMIT,1701941206606,1.6,47.205784
ORDIUSDT,SELL,LIMIT,1701941207848,7.5,47.152475
ORDIUSDT,SELL,LIMIT,1701941208923,18.8,47.076275
ORDIUSDT,SELL,LIMIT,1701941213047,38.8,47.014939
ORDIUSDT,SELL,LIMIT,1701941214068,20.0,47.079467
ORDIUSDT,SELL,LIMIT,1701941215097,35.7,46.863610
ORDIUSDT,SELL,LIMIT,1701941217216,90.3,46.880091
ORDIUSDT,BUY,LIMIT,1701941220351,1.4,48.525507
ORDIUSDT,SELL,LIMIT,1701941225764,0.3,46.981097
ORDIUSDT,BUY,LIMIT,1701941234637,15.6,48.429466
ORDIUSDT,SELL,LIMIT,1701941236184,150.0,47.056681
ORDIUSDT,SELL,LIMIT,1701941237332,4.3,46.974020
ORDIUSDT,SELL,LIMIT,1701941238506,100.5,47.215245
ORDIUSDT,SELL,LIMIT,1701941240746,10.0,46.951184
ORDIUSDT,SELL,LIMIT,1701941243061,5.4,47.077905
ORDIUSDT,SELL,LIMIT,1701941246184,1.0,47.024181
ORDIUSDT,SELL,LIMIT,1701941247496,300.0,46.713444
ORDIUSDT,SELL,LIMIT,1701941257131,0.6,47.119561
ORDIUSDT,BUY,LIMIT,1701941258342,0.6,48.616819
ORDIUSDT,BUY,LIMIT,1701941259528,42.4,48.819152
ORDIUSDT,BUY,LIMIT,1701941261302,0.2,48.934050
ORDIUSDT,BUY,LIMIT,1701941262471,1.2,49.224515
ORDIUSDT,BUY,LIMIT,1701941304496,4.9,49.302853
ORDIUSDT,BUY,LIMIT,1701941308954,3.1,49.386533
ORDIUSDT,BUY,LIMIT,1701941310324,0.2,49.438572
ORDIUSDT,BUY,LIMIT,1701941329818,5.1,49.530668
ORDIUSDT,BUY,LIMIT,1701941338978,55.3,49.664887
ORDIUSDT,BUY,LIMIT,1701941340196,12.7,49.705818
ORDIUSDT,BUY,LIMIT,1701941341272,2.5,49.810497
ORDIUSDT,BUY,LIMIT,1701941348084,5.5,49.962636
ORDIUSDT,BUY,LIMIT,1701941353087,103.9,50.007606
ORDIUSDT,BUY,LIMIT,1701941354171,78.3,50.036399
ORDIUSDT,BUY,LIMIT,1701941355355,13.8,50.016039
ORDIUSDT,BUY,LIMIT,1701941356410,24.1,50.099550
ORDIUSDT,BUY,LIMIT,1701941357733,1.2,50.145922
ORDIUSDT,SELL,LIMIT,1701941369240,15.0,48.275001
ORDIUSDT,BUY,LIMIT,1701941392177,23.4,50.034001
ORDIUSDT,BUY,LIMIT,1701941393287,3.9,50.029923
ORDIUSDT,BUY,LIMIT,1701941402311,65.6,50.195536
ORDIUSDT,BUY,LIMIT,1701941404151,29.8,50.222631
ORDIUSDT,BUY,LIMIT,1701941428970,0.7,50.110632
ORDIUSDT,BUY,LIMIT,1701941450360,21.3,50.270021
ORDIUSDT,BUY,LIMIT,1701941455186,11.1,50.364324
ORDIUSDT,BUY,LIMIT,1701941460078,25.2,50.510694
ORDIUSDT,BUY,LIMIT,1701941464182,8.1,50.559168
ORDIUSDT,BUY,LIMIT,1701941468860,6.8,50.648129
ORDIUSDT,BUY,LIMIT,1701941470849,12.2,50.694284
ORDIUSDT,BUY,LIMIT,1701941476870,59.9,50.699503
ORDIUSDT,BUY,LIMIT,1701941478345,19.4,50.729798
ORDIUSDT,BUY,LIMIT,1701941479437,4.2,50.717742
ORDIUSDT,BUY,LIMIT,1701941480549,0.4,50.757389
ORDIUSDT,BUY,LIMIT,1701941481698,4.1,50.849018
ORDIUSDT,BUY,LIMIT,1701941482899,11.2,50.865127
ORDIUSDT,BUY,LIMIT,1701941484062,96.0,50.885290
ORDIUSDT,BUY,LIMIT,1701941485266,10.8,51.002121
ORDIUSDT,BUY,LIMIT,1701941486503,0.8,50.989420
ORDIUSDT,BUY,LIMIT,1701941488217,1.6,51.038705
ORDIUSDT,BUY,LIMIT,1701941490258,0.8,51.101495
ORDIUSDT,BUY,LIMIT,1701941494637,4.5,51.087900
ORDIUSDT,BUY,LIMIT,1701941497108,19.3,51.120429
ORDIUSDT,BUY,LIMIT,1701941498879,64.5,51.147528
ORDIUSDT,BUY,LIMIT,1701941503166,1.2,51.188244
ORDIUSDT,BUY,LIMIT,1701941534438,36.5,51.201318
ORDIUSDT,BUY,LIMIT,1701941536988,10.1,51.239272
ORDIUSDT,BUY,LIMIT,1701941538086,67.9,51.313476
ORDIUSDT,BUY,LIMIT,1701941539308,76.5,51.277108
ORDIUSDT,SELL,LIMIT,1701941571290,2.4,49.515784
ORDIUSDT,SELL,LIMIT,1701941615118,98.9,49.493783
ORDIUSDT,BUY,LIMIT,1701941727438,12.9,51.041839
ORDIUSDT,BUY,LIMIT,1701941730164,40.5,51.221430
ORDIUSDT,BUY,LIMIT,1701941731614,0.1,51.230484
ORDIUSDT,SELL,LIMIT,1701941814801,35.6,49.426135
ORDIUSDT,SELL,LIMIT,1701941890754,0.5,49.317783
ORDIUSDT,SELL,LIMIT,1701941900301,0.2,49.235868
ORDIUSDT,SELL,LIMIT,1701941901820,0.9,49.212329
ORDIUSDT,SELL,LIMIT,1701941903091,2.6,49.184403
ORDIUSDT,SELL,LIMIT,1701941905199,3.8,49.139481
ORDIUSDT,SELL,LIMIT,1701941906339,45.1,49.108021
ORDIUSDT,SELL,LIMIT,1701941912141,5.8,49.068761
ORDIUSDT,SELL,LIMIT,1701941914297,1.9,49.028631
ORDIUSDT,SELL,LIMIT,1701941917280,37.4,48.991702
ORDIUSDT,SELL,LIMIT,1701941928322,0.3,48.939930
ORDIUSDT,BUY,LIMIT,1701941966080,30.5,50.728854
ORDIUSDT,BUY,LIMIT,1701941988592,100.3,50.830499
ORDIUSDT,BUY,LIMIT,1701942005251,43.1,50.864484
ORDIUSDT,BUY,LIMIT,1701942006460,9.4,50.889361
ORDIUSDT,BUY,LIMIT,1701942014083,15.1,50.978948
ORDIUSDT,BUY,LIMIT,1701942031185,12.5,51.102436
ORDIUSDT,BUY,LIMIT,1701942051726,13.6,51.186563
ORDIUSDT,BUY,LIMIT,1701942056954,20.2,51.200078
ORDIUSDT,BUY,LIMIT,1701942070315,0.3,51.336528
ORDIUSDT,BUY,LIMIT,1701942071834,4.5,51.349549
ORDIUSDT,BUY,LIMIT,1701942073013,20.3,51.374539
ORDIUSDT,BUY,LIMIT,1701942075088,12.5,51.689654
ORDIUSDT,BUY,LIMIT,1701942076108,7.7,51.504045
ORDIUSDT,BUY,LIMIT,1701942077113,22.0,51.860986
ORDIUSDT,BUY,LIMIT,1701942078116,0.3,51.976836
ORDIUSDT,BUY,LIMIT,1701942079269,10.6,51.991304
ORDIUSDT,BUY,LIMIT,1701942101041,9.3,52.180363
ORDIUSDT,BUY,LIMIT,1701942102076,17.6,52.130968
ORDIUSDT,BUY,LIMIT,1701942104071,53.8,52.385755
ORDIUSDT,BUY,LIMIT,1701942105085,2.0,52.380033
ORDIUSDT,BUY,LIMIT,1701942108668,0.3,52.490000
ORDIUSDT,BUY,LIMIT,1701942109803,67.1,52.504781
ORDIUSDT,BUY,LIMIT,1701942111418,241.6,52.824989
ORDIUSDT,BUY,LIMIT,1701942113114,9.6,52.672677
ORDIUSDT,BUY,LIMIT,1701942114153,17.1,52.632852
ORDIUSDT,BUY,LIMIT,1701942116044,1.5,52.826811
ORDIUSDT,BUY,LIMIT,1701942117143,11.5,52.755910
ORDIUSDT,BUY,LIMIT,1701942118170,0.4,52.879324
ORDIUSDT,BUY,LIMIT,1701942119285,88.3,52.886566
ORDIUSDT,BUY,LIMIT,1701942129469,2.0,52.976870
ORDIUSDT,BUY,LIMIT,1701942130616,2.5,53.009383
ORDIUSDT,BUY,LIMIT,1701942131784,18.2,53.109993
ORDIUSDT,BUY,LIMIT,1701942133495,102.0,53.271616
ORDIUSDT,BUY,LIMIT,1701942134849,22.7,53.279262
ORDIUSDT,BUY,LIMIT,1701942139592,3.5,53.087933
ORDIUSDT,BUY,LIMIT,1701942144280,0.2,53.085530
ORDIUSDT,SELL,LIMIT,1701942160792,5.0,51.360249
ORDIUSDT,SELL,LIMIT,1701942176897,77.3,51.243669
ORDIUSDT,BUY,LIMIT,1701942190991,31.9,52.749748
ORDIUSDT,SELL,LIMIT,1701942192052,47.8,51.149227
ORDIUSDT,SELL,LIMIT,1701942194284,0.6,51.087500
ORDIUSDT,SELL,LIMIT,1701942210376,0.3,51.079462
ORDIUSDT,SELL,LIMIT,1701942212610,8.7,50.996786
ORDIUSDT,SELL,LIMIT,1701942214662,15.0,50.888713
ORDIUSDT,SELL,LIMIT,1701942243121,1.1,50.823246
ORDIUSDT,SELL,LIMIT,1701942247118,1.6,50.753672
ORDIUSDT,SELL,LIMIT,1701942248260,8.5,50.679169
ORDIUSDT,BUY,LIMIT,1701942320119,12.0,52.581288
ORDIUSDT,BUY,LIMIT,1701942333074,3.2,52.684920
ORDIUSDT,BUY,LIMIT,1701942334760,2.8,52.751340
ORDIUSDT,BUY,LIMIT,1701942341879,4.8,52.885838
ORDIUSDT,BUY,LIMIT,1701942344140,3.2,52.973703
ORDIUSDT,BUY,LIMIT,1701942351683,2.6,53.178209
ORDIUSDT,BUY,LIMIT,1701942356423,3.3,53.308362
ORDIUSDT,BUY,LIMIT,1701942364087,2.5,53.353428
ORDIUSDT,BUY,LIMIT,1701942367208,1.0,53.406056
ORDIUSDT,BUY,LIMIT,1701942368275,2.5,53.464107
ORDIUSDT,BUY,LIMIT,1701942369336,10.3,53.491216
ORDIUSDT,BUY,LIMIT,1701942370512,51.9,53.598408
ORDIUSDT,BUY,LIMIT,1701942372010,1.2,53.616240
ORDIUSDT,BUY,LIMIT,1701942385350,6.9,53.721187
ORDIUSDT,BUY,LIMIT,1701942386419,2.4,53.766480
ORDIUSDT,BUY,LIMIT,1701942388892,2.6,53.741438
ORDIUSDT,BUY,LIMIT,1701942391207,20.0,53.800035
ORDIUSDT,BUY,LIMIT,1701942392300,20.4,53.896451
ORDIUSDT,BUY,LIMIT,1701942407592,36.5,53.919721
ORDIUSDT,BUY,LIMIT,1701942409335,8.1,53.985463
ORDIUSDT,BUY,LIMIT,1701942413166,18.2,54.015654
ORDIUSDT,BUY,LIMIT,1701942414286,11.9,54.084530
ORDIUSDT,BUY,LIMIT,1701942415366,3.6,54.060908
ORDIUSDT,BUY,LIMIT,1701942418252,4.3,54.104689
ORDIUSDT,BUY,LIMIT,1701942419339,1.2,54.122439
ORDIUSDT,BUY,LIMIT,1701942420395,92.3,54.144387
ORDIUSDT,BUY,LIMIT,1701942425021,73.9,54.157791
ORDIUSDT,BUY,LIMIT,1701942426172,1.1,54.313065
ORDIUSDT,BUY,LIMIT,1701942427485,15.6,54.281932
ORDIUSDT,SELL,LIMIT,1701942444319,1.2,52.421754
ORDIUSDT,SELL,LIMIT,1701942449650,93.4,52.253814
ORDIUSDT,SELL,LIMIT,1701942497301,7.5,52.153502
ORDIUSDT,SELL,LIMIT,1701942501179,0.1,52.136173
ORDIUSDT,BUY,LIMIT,1701942558192,0.2,53.921613
ORDIUSDT,BUY,LIMIT,1701942567631,5.6,54.065964
ORDIUSDT,SELL,LIMIT,1701942594154,10.0,52.172433
ORDIUSDT,SELL,LIMIT,1701942595223,0.3,52.127554
ORDIUSDT,SELL,LIMIT,1701942707882,7.7,52.035869
ORDIUSDT,SELL,LIMIT,1701942734356,12.1,51.975179
ORDIUSDT,SELL,LIMIT,1701942737217,2.9,51.951625
ORDIUSDT,SELL,LIMIT,1701942738351,5.5,51.898887
ORDIUSDT,SELL,LIMIT,1701942743172,4.2,51.875563
ORDIUSDT,SELL,LIMIT,1701942744182,1.1,51.812939
ORDIUSDT,SELL,LIMIT,1701942745332,94.6,51.772151
ORDIUSDT,SELL,LIMIT,1701942747408,5.6,51.694635
ORDIUSDT,SELL,LIMIT,1701942749213,18.1,51.669453
ORDIUSDT,SELL,LIMIT,1701942750277,25.8,51.660734
ORDIUSDT,SELL,LIMIT,1701942751555,0.3,51.617391
ORDIUSDT,SELL,LIMIT,1701942754650,10.0,51.584536
ORDIUSDT,SELL,LIMIT,1701942756396,7.1,51.499783
ORDIUSDT,BUY,LIMIT,1701942895328,7.5,53.244381
ORDIUSDT,BUY,LIMIT,1701942918556,23.3,53.423104
ORDIUSDT,BUY,LIMIT,1701942933686,9.2,53.499727
ORDIUSDT,SELL,LIMIT,1701942982003,0.3,51.657823
ORDIUSDT,SELL,LIMIT,1701943015237,10.4,51.571911
ORDIUSDT,SELL,LIMIT,1701943052063,2.4,51.437956
ORDIUSDT,SELL,LIMIT,1701943053092,10.5,51.312726
ORDIUSDT,SELL,LIMIT,1701943054301,9.5,51.294569
ORDIUSDT,SELL,LIMIT,1701943060549,15.0,51.239744
ORDIUSDT,SELL,LIMIT,1701943062774,2.9,51.188455
ORDIUSDT,SELL,LIMIT,1701943064024,12.5,51.171767
ORDIUSDT,SELL,LIMIT,1701943066535,2.5,51.057557
ORDIUSDT,SELL,LIMIT,1701943067603,1.2,51.058619
ORDIUSDT,SELL,LIMIT,1701943069691,0.1,50.970651
ORDIUSDT,SELL,LIMIT,1701943149264,12.3,50.922308
ORDIUSDT,SELL,LIMIT,1701943150395,0.5,50.935213
ORDIUSDT,BUY,LIMIT,1701943181712,4.1,52.727669
ORDIUSDT,SELL,LIMIT,1701943215423,91.9,51.109869
ORDIUSDT,BUY,LIMIT,1701943237642,14.9,52.951401
ORDIUSDT,BUY,LIMIT,1701943247331,2.3,53.011942
ORDIUSDT,BUY,LIMIT,1701943250138,2.6,53.197538
ORDIUSDT,BUY,LIMIT,1701943251227,2.0,53.304048
ORDIUSDT,BUY,LIMIT,1701943276694,7.9,53.523454
ORDIUSDT,BUY,LIMIT,1701943285041,8.9,53.637062
ORDIUSDT,BUY,LIMIT,1701943287137,19.2,53.699845
ORDIUSDT,BUY,LIMIT,1701943289202,31.9,53.739807
ORDIUSDT,BUY,LIMIT,1701943291204,11.6,53.924453
ORDIUSDT,BUY,LIMIT,1701943292274,7.0,54.048595
ORDIUSDT,SELL,LIMIT,1701943353540,4.5,52.130607
ORDIUSDT,SELL,LIMIT,1701943356897,93.8,52.058003
ORDIUSDT,SELL,LIMIT,1701943358229,4.0,51.918341
ORDIUSDT,SELL,LIMIT,1701943387629,1.9,51.801977
ORDIUSDT,SELL,LIMIT,1701943390775,3.7,51.788972
ORDIUSDT,SELL,LIMIT,1701943397233,1.8,51.706248
ORDIUSDT,SELL,LIMIT,1701943398662,9.1,51.633927
ORDIUSDT,SELL,LIMIT,1701943445099,2.0,51.616310
ORDIUSDT,SELL,LIMIT,1701943446686,0.5,51.499149
ORDIUSDT,SELL,LIMIT,1701943460188,50.0,51.492307
ORDIUSDT,SELL,LIMIT,1701943462449,4.9,51.420522
ORDIUSDT,SELL,LIMIT,1701943467433,18.0,51.384842
ORDIUSDT,SELL,LIMIT,1701943494337,31.5,51.342877
ORDIUSDT,SELL,LIMIT,1701943565862,1.4,51.121274
ORDIUSDT,SELL,LIMIT,1701943583983,0.1,50.890456
ORDIUSDT,SELL,LIMIT,1701943609277,4.8,50.882019
ORDIUSDT,SELL,LIMIT,1701943614101,6.7,50.869623
ORDIUSDT,SELL,LIMIT,1701943616016,17.6,50.837352
ORDIUSDT,SELL,LIMIT,1701943617123,0.3,50.823763
ORDIUSDT,SELL,LIMIT,1701943618219,98.9,50.710001
ORDIUSDT,SELL,LIMIT,1701943619275,23.0,50.661286
ORDIUSDT,SELL,LIMIT,1701943620297,42.9,50.649684
ORDIUSDT,SELL,LIMIT,1701943633114,5.6,50.570595
ORDIUSDT,SELL,LIMIT,1701943634343,20.1,50.550641
ORDIUSDT,SELL,LIMIT,1701943656128,0.6,50.496709
ORDIUSDT,SELL,LIMIT,1701943657243,3.9,50.517549
ORDIUSDT,SELL,LIMIT,1701943673634,4.7,50.464243
ORDIUSDT,SELL,LIMIT,1701943675035,17.5,50.455191
ORDIUSDT,SELL,LIMIT,1701943680434,84.6,50.425078
ORDIUSDT,SELL,LIMIT,1701943681992,0.4,50.414890
ORDIUSDT,SELL,LIMIT,1701943683214,33.2,50.387468
ORDIUSDT,SELL,LIMIT,1701943684477,0.2,50.375550
ORDIUSDT,BUY,LIMIT,1701943716067,4.1,52.136171
ORDIUSDT,BUY,LIMIT,1701943724166,3.6,52.324391
ORDIUSDT,BUY,LIMIT,1701943750445,78.2,52.557989
ORDIUSDT,BUY,LIMIT,1701943753124,9.0,52.670785
ORDIUSDT,BUY,LIMIT,1701943755297,68.6,52.777374
ORDIUSDT,BUY,LIMIT,1701943756553,9.7,52.830950
ORDIUSDT,BUY,LIMIT,1701943761902,1.1,52.873740
ORDIUSDT,SELL,LIMIT,1701943816342,39.3,51.153519
ORDIUSDT,SELL,LIMIT,1701943819325,32.3,51.115373
ORDIUSDT,SELL,LIMIT,1701943830838,2.1,51.041341
ORDIUSDT,SELL,LIMIT,1701943884516,3.8,50.956678
ORDIUSDT,SELL,LIMIT,1701943887377,1.0,50.936781
ORDIUSDT,SELL,LIMIT,1701944012313,53.6,50.862697
ORDIUSDT,SELL,LIMIT,1701944059923,8.6,50.770863
ORDIUSDT,BUY,LIMIT,1701944123390,24.1,52.679477
ORDIUSDT,BUY,LIMIT,1701944131801,0.6,52.766744
ORDIUSDT,BUY,LIMIT,1701944133716,64.8,52.823781
ORDIUSDT,SELL,LIMIT,1701944186791,1.0,50.987838
ORDIUSDT,SELL,LIMIT,1701944200465,0.9,50.902244
ORDIUSDT,SELL,LIMIT,1701944207335,1.6,50.866508
ORDIUSDT,BUY,LIMIT,1701944248788,7.0,52.619332
ORDIUSDT,BUY,LIMIT,1701944262253,3.9,52.751568
ORDIUSDT,BUY,LIMIT,1701944264531,0.3,52.753126
ORDIUSDT,SELL,LIMIT,1701944363946,0.1,50.903885
ORDIUSDT,SELL,LIMIT,1701944368426,0.4,50.880371
ORDIUSDT,SELL,LIMIT,1701944409724,1.2,50.805850
ORDIUSDT,SELL,LIMIT,1701944414415,3.7,50.790444
ORDIUSDT,SELL,LIMIT,1701944438250,23.4,50.679248
ORDIUSDT,SELL,LIMIT,1701944439595,92.5,50.671801
ORDIUSDT,SELL,LIMIT,1701944484083,0.6,50.644655
ORDIUSDT,SELL,LIMIT,1701944486181,12.8,50.623478
ORDIUSDT,BUY,LIMIT,1701944568345,4.2,52.449804
ORDIUSDT,BUY,LIMIT,1701944577656,0.1,52.531776
ORDIUSDT,BUY,LIMIT,1701944587889,2.3,52.621428
ORDIUSDT,BUY,LIMIT,1701944747566,0.9,52.779071
ORDIUSDT,BUY,LIMIT,1701944780099,1.6,52.993258
ORDIUSDT,BUY,LIMIT,1701944781431,2.0,52.950791
ORDIUSDT,BUY,LIMIT,1701944787351,9.7,53.106748
ORDIUSDT,BUY,LIMIT,1701944788497,13.6,53.069652
ORDIUSDT,BUY,LIMIT,1701944789646,6.1,53.163231
ORDIUSDT,BUY,LIMIT,1701944794228,46.4,53.193079
ORDIUSDT,BUY,LIMIT,1701944804771,30.0,53.244569
ORDIUSDT,BUY,LIMIT,1701944809111,4.1,53.284245
ORDIUSDT,BUY,LIMIT,1701944812320,5.4,53.418150
ORDIUSDT,BUY,LIMIT,1701944843467,90.1,53.441590
ORDIUSDT,BUY,LIMIT,1701944846207,15.1,53.464875
ORDIUSDT,BUY,LIMIT,1701944848456,5.8,53.528003
ORDIUSDT,BUY,LIMIT,1701944849784,9.6,53.628107
ORDIUSDT,BUY,LIMIT,1701944851571,49.9,53.684274
ORDIUSDT,BUY,LIMIT,1701944853932,65.8,53.700176
ORDIUSDT,BUY,LIMIT,1701944871462,1.3,53.750715
ORDIUSDT,BUY,LIMIT,1701944872927,0.2,53.782804
ORDIUSDT,SELL,LIMIT,1701944919201,79.7,51.899866
ORDIUSDT,BUY,LIMIT,1701944984727,4.1,53.414143
ORDIUSDT,BUY,LIMIT,1701944989052,11.7,53.432663
ORDIUSDT,BUY,LIMIT,1701945010220,1.5,53.648319
ORDIUSDT,BUY,LIMIT,1701945013472,1.0,53.727629
ORDIUSDT,SELL,LIMIT,1701945026478,22.8,51.900298
ORDIUSDT,SELL,LIMIT,1701945029179,11.6,51.801641
ORDIUSDT,SELL,LIMIT,1701945030233,81.8,51.759214
ORDIUSDT,SELL,LIMIT,1701945031927,94.4,51.747200
ORDIUSDT,BUY,LIMIT,1701945072075,12.5,53.678372
ORDIUSDT,BUY,LIMIT,1701945073298,16.8,53.665093
ORDIUSDT,BUY,LIMIT,1701945123396,54.7,53.724750
ORDIUSDT,BUY,LIMIT,1701945150054,6.6,53.857889
ORDIUSDT,BUY,LIMIT,1701945151106,22.9,53.951216
ORDIUSDT,BUY,LIMIT,1701945152124,39.4,53.982132
ORDIUSDT,BUY,LIMIT,1701945161233,109.2,54.095144
ORDIUSDT,BUY,LIMIT,1701945213033,73.1,53.899306
ORDIUSDT,BUY,LIMIT,1701945233184,91.1,54.032204
ORDIUSDT,BUY,LIMIT,1701945234424,7.6,54.124793
ORDIUSDT,BUY,LIMIT,1701945241762,3.8,54.132419
ORDIUSDT,BUY,LIMIT,1701945280370,5.1,54.150539
ORDIUSDT,BUY,LIMIT,1701945281374,0.9,54.171322
ORDIUSDT,BUY,LIMIT,1701945287230,145.1,54.401523
ORDIUSDT,BUY,LIMIT,1701945288301,2.0,54.211449
ORDIUSDT,SELL,LIMIT,1701945437392,87.9,52.025600
ORDIUSDT,SELL,LIMIT,1701945438648,0.5,51.979247
ORDIUSDT,SELL,LIMIT,1701945445279,12.0,51.949767
ORDIUSDT,SELL,LIMIT,1701945453372,10.3,51.887718
ORDIUSDT,SELL,LIMIT,1701945454531,1.0,51.860718
ORDIUSDT,SELL,LIMIT,1701945457881,20.5,51.832660
ORDIUSDT,BUY,LIMIT,1701945657470,0.9,53.798754
ORDIUSDT,BUY,LIMIT,1701945804156,5.3,53.913156
ORDIUSDT,SELL,LIMIT,1701945942363,23.7,52.021998
ORDIUSDT,SELL,LIMIT,1701945946704,0.7,51.965798
ORDIUSDT,SELL,LIMIT,1701945948138,9.9,51.930996
ORDIUSDT,SELL,LIMIT,1701945971639,1.2,51.873136
ORDIUSDT,SELL,LIMIT,1701945978804,11.3,51.825703
ORDIUSDT,SELL,LIMIT,1701945980157,0.5,51.804541
ORDIUSDT,SELL,LIMIT,1701946005238,60.3,51.774074
ORDIUSDT,SELL,LIMIT,1701946006250,79.6,51.756291
ORDIUSDT,SELL,LIMIT,1701946013350,4.1,51.714894
ORDIUSDT,SELL,LIMIT,1701946014542,1.4,51.711878
ORDIUSDT,SELL,LIMIT,1701946015642,0.1,51.660486
ORDIUSDT,SELL,LIMIT,1701946066840,1.8,51.640857
ORDIUSDT,SELL,LIMIT,1701946345468,0.9,51.597661
ORDIUSDT,SELL,LIMIT,1701946357759,15.4,51.492857
ORDIUSDT,SELL,LIMIT,1701946363590,0.9,51.488779
ORDIUSDT,SELL,LIMIT,1701946365115,93.7,51.414459
ORDIUSDT,SELL,LIMIT,1701946403777,3.7,51.337014
ORDIUSDT,SELL,LIMIT,1701946426543,4.7,51.262060
ORDIUSDT,SELL,LIMIT,1701946427995,10.9,51.168475
ORDIUSDT,SELL,LIMIT,1701946429133,4.1,51.125009
ORDIUSDT,SELL,LIMIT,1701946480109,9.1,51.080977
ORDIUSDT,SELL,LIMIT,1701946482805,0.9,51.081538
ORDIUSDT,BUY,LIMIT,1701946557952,8.1,52.920024
ORDIUSDT,BUY,LIMIT,1701946571086,1.3,52.946790
ORDIUSDT,BUY,LIMIT,1701946575213,2.8,52.975315
ORDIUSDT,BUY,LIMIT,1701946578694,88.4,53.019495
ORDIUSDT,SELL,LIMIT,1701946620383,25.2,51.187365
ORDIUSDT,BUY,LIMIT,1701946862057,73.8,52.990342
ORDIUSDT,BUY,LIMIT,1701946865051,1.7,53.063479
ORDIUSDT,BUY,LIMIT,1701946874861,1.1,53.043975
ORDIUSDT,BUY,LIMIT,1701946878591,0.1,53.095887
ORDIUSDT,SELL,LIMIT,1701946922379,8.6,51.243246
ORDIUSDT,SELL,LIMIT,1701946927508,6.1,51.100275
ORDIUSDT,SELL,LIMIT,1701946932172,9.3,50.933086
ORDIUSDT,SELL,LIMIT,1701946934200,0.1,50.910571
ORDIUSDT,SELL,LIMIT,1701946937320,14.4,50.908395
ORDIUSDT,SELL,LIMIT,1701947171465,17.7,50.846387
ORDIUSDT,SELL,LIMIT,1701947174942,0.9,50.804710
ORDIUSDT,SELL,LIMIT,1701947299681,20.0,50.788542
ORDIUSDT,SELL,LIMIT,1701947329793,2.9,50.747931
ORDIUSDT,SELL,LIMIT,1701947331305,2.9,50.700624
ORDIUSDT,BUY,LIMIT,1701947372923,6.7,52.570572
ORDIUSDT,BUY,LIMIT,1701947407942,1.9,52.643921
ORDIUSDT,BUY,LIMIT,1701947411506,52.6,52.723660
ORDIUSDT,BUY,LIMIT,1701947429308,4.1,52.842496
ORDIUSDT,BUY,LIMIT,1701947431392,1.8,52.917873
ORDIUSDT,BUY,LIMIT,1701947447516,19.1,52.937805
ORDIUSDT,BUY,LIMIT,1701947520874,1.6,53.043421
ORDIUSDT,SELL,LIMIT,1701947648470,0.2,51.269801
ORDIUSDT,BUY,LIMIT,1701947759278,9.5,53.133323
ORDIUSDT,BUY,LIMIT,1701947769463,2.2,53.180726
ORDIUSDT,BUY,LIMIT,1701947772734,1.0,53.263699
ORDIUSDT,BUY,LIMIT,1701947774516,8.3,53.333069
ORDIUSDT,BUY,LIMIT,1701947839576,59.6,53.382940
ORDIUSDT,BUY,LIMIT,1701947841576,0.1,53.420780
ORDIUSDT,BUY,LIMIT,1701947848839,1.1,53.503674
ORDIUSDT,BUY,LIMIT,1701947855171,4.4,53.552057
ORDIUSDT,BUY,LIMIT,1701947857945,1.4,53.563510
ORDIUSDT,BUY,LIMIT,1701947858970,7.3,53.647850
ORDIUSDT,BUY,LIMIT,1701947867392,0.6,53.697754
ORDIUSDT,BUY,LIMIT,1701947868848,1.9,53.716473
ORDIUSDT,SELL,LIMIT,1701947943148,3.3,51.894801
ORDIUSDT,SELL,LIMIT,1701947996142,14.7,51.950126
ORDIUSDT,BUY,LIMIT,1701948315335,5.0,53.692651
ORDIUSDT,SELL,LIMIT,1701948574377,4.5,51.888589
ORDIUSDT,SELL,LIMIT,1701948616459,1.3,51.849368
ORDIUSDT,SELL,LIMIT,1701948620140,48.2,51.789916
ORDIUSDT,SELL,LIMIT,1701948625787,4.1,51.748899
ORDIUSDT,SELL,LIMIT,1701948627329,1.8,51.701811
ORDIUSDT,BUY,LIMIT,1701948651203,16.7,53.605261
ORDIUSDT,SELL,LIMIT,1701948718183,7.5,51.828179
ORDIUSDT,SELL,LIMIT,1701948721166,5.2,51.817961
ORDIUSDT,SELL,LIMIT,1701948731230,7.4,51.677814
ORDIUSDT,SELL,LIMIT,1701948732301,71.1,51.668398
ORDIUSDT,SELL,LIMIT,1701948737063,77.8,51.572773
ORDIUSDT,SELL,LIMIT,1701948738248,8.9,51.582716
ORDIUSDT,SELL,LIMIT,1701948740106,2.2,51.559883
ORDIUSDT,SELL,LIMIT,1701948741204,45.7,51.438372
ORDIUSDT,SELL,LIMIT,1701948742296,8.4,51.478004
ORDIUSDT,SELL,LIMIT,1701948751907,35.2,51.393792
ORDIUSDT,SELL,LIMIT,1701948755726,3.7,51.359574
ORDIUSDT,SELL,LIMIT,1701948851066,0.2,51.332720
ORDIUSDT,SELL,LIMIT,1701948852259,94.6,51.264624
ORDIUSDT,SELL,LIMIT,1701948855733,13.5,51.239231
ORDIUSDT,SELL,LIMIT,1701948858829,65.8,51.193182
ORDIUSDT,SELL,LIMIT,1701948860757,0.1,51.185278
ORDIUSDT,SELL,LIMIT,1701948990445,4.0,51.162709
ORDIUSDT,SELL,LIMIT,1701948992045,0.5,51.146320
ORDIUSDT,SELL,LIMIT,1701949007408,5.1,51.068421
ORDIUSDT,SELL,LIMIT,1701949088622,32.7,51.016987
ORDIUSDT,SELL,LIMIT,1701949098280,12.7,51.270773
ORDIUSDT,SELL,LIMIT,1701949178505,0.7,50.941160
ORDIUSDT,SELL,LIMIT,1701949205744,7.0,50.939340
ORDIUSDT,SELL,LIMIT,1701949215042,17.2,50.894616
ORDIUSDT,SELL,LIMIT,1701949216132,8.8,50.847981
ORDIUSDT,SELL,LIMIT,1701949217322,32.4,50.874508
ORDIUSDT,BUY,LIMIT,1701949264314,0.9,52.687156
ORDIUSDT,SELL,LIMIT,1701949599394,8.6,50.905661
ORDIUSDT,SELL,LIMIT,1701949608069,96.1,50.856971
ORDIUSDT,SELL,LIMIT,1701949611774,12.8,50.809687
ORDIUSDT,SELL,LIMIT,1701949612936,34.8,50.747791
ORDIUSDT,SELL,LIMIT,1701949617049,0.5,50.679008
ORDIUSDT,SELL,LIMIT,1701949618159,1.5,50.659706
ORDIUSDT,SELL,LIMIT,1701949619289,56.8,50.563210
ORDIUSDT,SELL,LIMIT,1701949640081,0.6,50.529359
ORDIUSDT,SELL,LIMIT,1701949641362,0.3,50.523835
ORDIUSDT,SELL,LIMIT,1701949643321,0.7,50.492756
ORDIUSDT,SELL,LIMIT,1701949644336,0.1,50.465622
ORDIUSDT,SELL,LIMIT,1701949656396,4.1,50.461733
ORDIUSDT,SELL,LIMIT,1701949659098,0.2,50.445491
ORDIUSDT,SELL,LIMIT,1701949661394,7.8,50.421174
ORDIUSDT,SELL,LIMIT,1701949662754,3.1,50.364067
ORDIUSDT,SELL,LIMIT,1701949667604,20.0,50.355755
ORDIUSDT,SELL,LIMIT,1701949668781,0.5,50.348463
ORDIUSDT,BUY,LIMIT,1701949747529,27.7,52.213760
ORDIUSDT,BUY,LIMIT,1701949754941,4.8,52.248697
ORDIUSDT,BUY,LIMIT,1701949807366,1.0,52.355512
ORDIUSDT,BUY,LIMIT,1701949813173,21.4,52.389554
ORDIUSDT,BUY,LIMIT,1701949814878,3.1,52.401615
ORDIUSDT,BUY,LIMIT,1701949817440,2.4,52.408843
ORDIUSDT,BUY,LIMIT,1701949822089,1.7,52.461980
ORDIUSDT,BUY,LIMIT,1701949823139,2.6,52.493840
ORDIUSDT,BUY,LIMIT,1701949824342,59.1,52.501733
ORDIUSDT,BUY,LIMIT,1701949837191,53.7,52.579646
ORDIUSDT,BUY,LIMIT,1701949848661,4.2,52.679870
ORDIUSDT,SELL,LIMIT,1701950019314,1.6,50.913142
ORDIUSDT,SELL,LIMIT,1701950028131,8.5,50.864560
ORDIUSDT,SELL,LIMIT,1701950193591,21.1,50.845328
ORDIUSDT,SELL,LIMIT,1701950211263,19.7,50.776512
ORDIUSDT,SELL,LIMIT,1701950212457,1.7,50.758236
ORDIUSDT,SELL,LIMIT,1701950215270,96.3,50.717823
ORDIUSDT,SELL,LIMIT,1701950218153,7.7,50.702636
ORDIUSDT,SELL,LIMIT,1701950219160,4.3,50.702895
ORDIUSDT,BUY,LIMIT,1701950313992,10.4,52.487542
ORDIUSDT,SELL,LIMIT,1701950466779,9.0,50.734455
ORDIUSDT,SELL,LIMIT,1701950521536,2.8,50.592213
ORDIUSDT,SELL,LIMIT,1701950551711,0.9,50.482888
ORDIUSDT,SELL,LIMIT,1701950595418,0.9,50.351408
ORDIUSDT,SELL,LIMIT,1701950598400,13.4,50.340393
ORDIUSDT,SELL,LIMIT,1701950601097,16.7,50.334501
ORDIUSDT,SELL,LIMIT,1701950649264,96.2,50.311613
ORDIUSDT,SELL,LIMIT,1701950650429,20.6,50.279571
ORDIUSDT,SELL,LIMIT,1701950651479,3.7,50.173148
ORDIUSDT,SELL,LIMIT,1701950652499,19.5,49.893135
ORDIUSDT,SELL,LIMIT,1701950653507,2.7,49.877493
ORDIUSDT,BUY,LIMIT,1701950689000,3.4,51.698677
ORDIUSDT,BUY,LIMIT,1701950690407,19.4,51.739968
ORDIUSDT,BUY,LIMIT,1701950751116,1.5,51.898701
ORDIUSDT,BUY,LIMIT,1701950753867,0.2,51.945564
ORDIUSDT,BUY,LIMIT,1701950755557,1.2,51.973770
ORDIUSDT,BUY,LIMIT,1701950762421,1.0,52.018344
ORDIUSDT,BUY,LIMIT,1701950768841,31.3,52.108515
ORDIUSDT,BUY,LIMIT,1701950789962,97.6,52.204610
ORDIUSDT,BUY,LIMIT,1701950792255,9.7,52.213760
ORDIUSDT,BUY,LIMIT,1701950827070,1.1,52.302147
ORDIUSDT,BUY,LIMIT,1701950830330,9.7,52.360611
ORDIUSDT,BUY,LIMIT,1701950834315,2.0,52.417228
ORDIUSDT,BUY,LIMIT,1701950837017,17.4,52.498113
ORDIUSDT,BUY,LIMIT,1701950840290,0.3,52.586326
ORDIUSDT,BUY,LIMIT,1701950859864,0.9,52.664311
ORDIUSDT,BUY,LIMIT,1701950870441,7.0,52.703689
ORDIUSDT,BUY,LIMIT,1701950890294,0.1,52.716306
ORDIUSDT,BUY,LIMIT,1701950893077,3.2,52.770048
ORDIUSDT,BUY,LIMIT,1701951063402,30.2,52.795396
ORDIUSDT,BUY,LIMIT,1701951064493,10.0,52.803960
ORDIUSDT,BUY,LIMIT,1701951065853,0.7,52.929353
ORDIUSDT,BUY,LIMIT,1701951067602,19.7,52.966563
ORDIUSDT,BUY,LIMIT,1701951069087,20.7,53.029600
ORDIUSDT,BUY,LIMIT,1701951070258,52.4,53.070588
ORDIUSDT,BUY,LIMIT,1701951071867,0.1,53.106559
ORDIUSDT,BUY,LIMIT,1701951075155,35.7,53.193650
ORDIUSDT,BUY,LIMIT,1701951076258,46.2,53.176000
ORDIUSDT,BUY,LIMIT,1701951077331,11.6,53.234069
ORDIUSDT,BUY,LIMIT,1701951087258,9.9,53.315104
ORDIUSDT,BUY,LIMIT,1701951088327,91.5,53.333118
ORDIUSDT,BUY,LIMIT,1701951090100,21.5,53.446532
ORDIUSDT,BUY,LIMIT,1701951091170,2.3,53.406640
ORDIUSDT,BUY,LIMIT,1701951095122,6.1,53.649143
ORDIUSDT,BUY,LIMIT,1701951096184,0.8,53.590664
ORDIUSDT,BUY,LIMIT,1701951097413,1.2,53.662783
ORDIUSDT,BUY,LIMIT,1701951156532,39.1,53.655861
ORDIUSDT,BUY,LIMIT,1701951158321,0.1,53.728761
ORDIUSDT,BUY,LIMIT,1701951159347,1.3,53.684024
ORDIUSDT,BUY,LIMIT,1701951168133,21.0,53.754303
ORDIUSDT,BUY,LIMIT,1701951169211,0.8,53.811564
ORDIUSDT,BUY,LIMIT,1701951170234,7.0,53.832862
ORDIUSDT,BUY,LIMIT,1701951171321,7.5,53.885273
ORDIUSDT,BUY,LIMIT,1701951172634,15.0,53.901759
ORDIUSDT,BUY,LIMIT,1701951180052,0.3,53.952978
ORDIUSDT,BUY,LIMIT,1701951181062,28.0,53.991218
ORDIUSDT,SELL,LIMIT,1701951203540,5.9,52.158333
ORDIUSDT,BUY,LIMIT,1701951215363,79.1,54.064700
ORDIUSDT,BUY,LIMIT,1701951216731,4.1,54.118965
ORDIUSDT,BUY,LIMIT,1701951217930,0.7,54.173579
ORDIUSDT,BUY,LIMIT,1701951219073,5.8,54.334255
ORDIUSDT,BUY,LIMIT,1701951220094,36.2,54.209256
ORDIUSDT,BUY,LIMIT,1701951221231,15.7,54.395382
ORDIUSDT,BUY,LIMIT,1701951223055,5.0,54.548392
ORDIUSDT,BUY,LIMIT,1701951224095,6.4,54.555915
ORDIUSDT,BUY,LIMIT,1701951225106,25.2,54.754176
ORDIUSDT,BUY,LIMIT,1701951226119,31.8,54.778531
ORDIUSDT,BUY,LIMIT,1701951242056,80.0,54.937242
ORDIUSDT,BUY,LIMIT,1701951243064,0.4,54.923497
ORDIUSDT,BUY,LIMIT,1701951244183,0.3,55.119100
ORDIUSDT,BUY,LIMIT,1701951245184,70.0,55.084520
ORDIUSDT,BUY,LIMIT,1701951246203,62.9,55.146662
ORDIUSDT,BUY,LIMIT,1701951247225,22.8,55.195243
ORDIUSDT,BUY,LIMIT,1701951248709,2.1,55.234323
ORDIUSDT,SELL,LIMIT,1701951255845,4.0,53.253626
ORDIUSDT,SELL,LIMIT,1701951257332,0.9,53.176438
ORDIUSDT,SELL,LIMIT,1701951288773,6.4,53.141140
ORDIUSDT,BUY,LIMIT,1701951302120,11.8,55.061158
ORDIUSDT,BUY,LIMIT,1701951303131,63.6,55.061639
ORDIUSDT,BUY,LIMIT,1701951306158,21.9,55.298253
ORDIUSDT,BUY,LIMIT,1701951307162,0.4,55.256427
ORDIUSDT,BUY,LIMIT,1701951308316,48.9,55.313141
ORDIUSDT,BUY,LIMIT,1701951309336,8.0,55.579100
ORDIUSDT,BUY,LIMIT,1701951310377,0.4,55.473700
ORDIUSDT,BUY,LIMIT,1701951312194,1.1,55.727732
ORDIUSDT,BUY,LIMIT,1701951313197,10.0,55.684100
ORDIUSDT,BUY,LIMIT,1701951314377,50.0,55.745376
ORDIUSDT,BUY,LIMIT,1701951318054,2.6,55.916001
ORDIUSDT,BUY,LIMIT,1701951319158,0.7,55.828878
ORDIUSDT,BUY,LIMIT,1701951320164,3.7,56.041390
ORDIUSDT,BUY,LIMIT,1701951321174,31.4,56.037888
ORDIUSDT,BUY,LIMIT,1701951323154,7.3,56.207179
ORDIUSDT,BUY,LIMIT,1701951324158,0.2,56.457514
ORDIUSDT,BUY,LIMIT,1701951325193,11.5,56.458167
ORDIUSDT,BUY,LIMIT,1701951326202,72.9,56.642114
ORDIUSDT,BUY,LIMIT,1701951327267,20.7,56.733183
ORDIUSDT,BUY,LIMIT,1701951329110,9.5,56.809703
ORDIUSDT,BUY,LIMIT,1701951330118,1.1,56.785261
ORDIUSDT,BUY,LIMIT,1701951331130,2.2,56.898976
ORDIUSDT,BUY,LIMIT,1701951337174,25.2,56.848888
ORDIUSDT,SELL,LIMIT,1701951341006,88.3,55.011351
ORDIUSDT,BUY,LIMIT,1701951346066,5.9,56.952151
ORDIUSDT,BUY,LIMIT,1701951347495,19.9,56.948521
ORDIUSDT,BUY,LIMIT,1701951350176,38.6,56.987477
ORDIUSDT,BUY,LIMIT,1701951351294,3.6,56.997251
ORDIUSDT,BUY,LIMIT,1701951353630,0.5,57.105218
ORDIUSDT,BUY,LIMIT,1701951355086,6.4,57.146402
ORDIUSDT,BUY,LIMIT,1701951369171,2.8,57.189946
ORDIUSDT,BUY,LIMIT,1701951370251,0.3,57.156796
ORDIUSDT,BUY,LIMIT,1701951371605,5.4,57.234887
ORDIUSDT,BUY,LIMIT,1701951373135,1.9,57.493075
ORDIUSDT,BUY,LIMIT,1701951374140,61.4,57.447713
ORDIUSDT,BUY,LIMIT,1701951375358,126.0,57.806899
ORDIUSDT,BUY,LIMIT,1701951387224,20.5,54.783033
ORDIUSDT,SELL,LIMIT,1701951393487,16.9,55.334559
ORDIUSDT,SELL,LIMIT,1701951401672,0.2,55.178399
ORDIUSDT,SELL,LIMIT,1701951402887,6.2,55.141014
ORDIUSDT,SELL,LIMIT,1701951415185,8.1,54.983296
ORDIUSDT,SELL,LIMIT,1701951429798,88.9,55.070913
ORDIUSDT,SELL,LIMIT,1701951444302,26.6,54.915153
ORDIUSDT,SELL,LIMIT,1701951445528,19.2,54.943429
ORDIUSDT,SELL,LIMIT,1701951472558,11.1,54.830430
ORDIUSDT,SELL,LIMIT,1701951475801,15.4,54.785438
ORDIUSDT,SELL,LIMIT,1701951477344,8.0,54.708883
ORDIUSDT,SELL,LIMIT,1701951478396,22.4,54.672061
ORDIUSDT,SELL,LIMIT,1701951497324,12.5,54.514539
ORDIUSDT,BUY,LIMIT,1701951523119,6.8,56.501850
ORDIUSDT,BUY,LIMIT,1701951524275,4.6,56.541592
ORDIUSDT,BUY,LIMIT,1701951527634,0.5,56.588367
ORDIUSDT,SELL,LIMIT,1701951566211,20.4,54.452728
ORDIUSDT,SELL,LIMIT,1701951569178,7.2,54.386097
ORDIUSDT,SELL,LIMIT,1701951571331,1.5,54.289625
ORDIUSDT,SELL,LIMIT,1701951573067,51.8,54.217972
ORDIUSDT,SELL,LIMIT,1701951574072,18.6,54.031716
ORDIUSDT,SELL,LIMIT,1701951575206,5.3,54.101667
ORDIUSDT,BUY,LIMIT,1701951601425,0.5,55.793263
ORDIUSDT,SELL,LIMIT,1701951626529,8.7,53.769616
ORDIUSDT,SELL,LIMIT,1701951632486,171.4,53.571503
ORDIUSDT,SELL,LIMIT,1701951633795,0.2,53.729263
ORDIUSDT,SELL,LIMIT,1701951635112,6.4,53.635312
ORDIUSDT,SELL,LIMIT,1701951636207,72.1,53.640018
ORDIUSDT,SELL,LIMIT,1701951638589,32.6,53.618961
ORDIUSDT,SELL,LIMIT,1701951645760,2.5,53.572718
ORDIUSDT,SELL,LIMIT,1701951651334,0.8,53.563665
ORDIUSDT,SELL,LIMIT,1701951652339,1.9,53.532625
ORDIUSDT,SELL,LIMIT,1701951653997,2.6,53.500794
ORDIUSDT,SELL,LIMIT,1701951655247,4.5,53.437829
ORDIUSDT,BUY,LIMIT,1701951664255,30.0,55.360072
ORDIUSDT,BUY,LIMIT,1701951666201,3.6,55.459501
ORDIUSDT,SELL,LIMIT,1701951685880,12.3,53.461618
ORDIUSDT,SELL,LIMIT,1701951690223,0.8,53.389438
ORDIUSDT,SELL,LIMIT,1701951691241,0.9,53.331453
ORDIUSDT,SELL,LIMIT,1701951692628,9.4,53.219270
ORDIUSDT,SELL,LIMIT,1701951693849,44.0,53.176798
ORDIUSDT,SELL,LIMIT,1701951694885,2.9,53.097782
ORDIUSDT,BUY,LIMIT,1701951718109,10.0,54.896374
ORDIUSDT,BUY,LIMIT,1701951720275,12.0,54.945796
ORDIUSDT,BUY,LIMIT,1701951732065,8.4,55.005022
ORDIUSDT,BUY,LIMIT,1701951741251,0.7,55.228354
ORDIUSDT,BUY,LIMIT,1701951755873,5.7,55.315596
ORDIUSDT,BUY,LIMIT,1701951821737,3.3,55.461527
ORDIUSDT,SELL,LIMIT,1701951845226,4.9,53.526762
ORDIUSDT,SELL,LIMIT,1701951846389,13.0,53.517995
ORDIUSDT,SELL,LIMIT,1701951848232,0.6,53.448532
ORDIUSDT,BUY,LIMIT,1701951875574,0.1,55.263011
ORDIUSDT,SELL,LIMIT,1701951921056,73.4,53.358469
ORDIUSDT,SELL,LIMIT,1701951922063,2.3,53.281567
ORDIUSDT,BUY,LIMIT,1701951936363,20.3,55.058097
ORDIUSDT,BUY,LIMIT,1701951937530,7.0,55.093233
ORDIUSDT,BUY,LIMIT,1701951946735,81.8,55.177110
ORDIUSDT,BUY,LIMIT,1701951999180,8.6,55.274386
ORDIUSDT,BUY,LIMIT,1701952014088,3.1,55.437313
ORDIUSDT,BUY,LIMIT,1701952015606,7.2,55.443828
ORDIUSDT,BUY,LIMIT,1701952053051,56.6,55.468386
ORDIUSDT,BUY,LIMIT,1701952061886,12.7,55.523011
ORDIUSDT,BUY,LIMIT,1701952064539,13.6,55.579100
ORDIUSDT,BUY,LIMIT,1701952065653,2.8,55.681203
ORDIUSDT,BUY,LIMIT,1701952070176,2.0,55.689792
ORDIUSDT,BUY,LIMIT,1701952072235,1.3,55.783060
ORDIUSDT,BUY,LIMIT,1701952109406,0.6,56.014145
ORDIUSDT,SELL,LIMIT,1701952129371,11.3,54.008533
ORDIUSDT,SELL,LIMIT,1701952130518,2.9,53.979318
ORDIUSDT,BUY,LIMIT,1701952208107,3.1,56.017401
ORDIUSDT,BUY,LIMIT,1701952227844,61.8,56.055346
ORDIUSDT,BUY,LIMIT,1701952229051,43.0,56.133519
ORDIUSDT,BUY,LIMIT,1701952230529,0.4,56.148943
ORDIUSDT,BUY,LIMIT,1701952232096,3.3,56.180728
ORDIUSDT,BUY,LIMIT,1701952234677,3.0,56.198796
ORDIUSDT,BUY,LIMIT,1701952236255,51.3,56.264399
ORDIUSDT,BUY,LIMIT,1701952239272,10.4,56.275350
ORDIUSDT,BUY,LIMIT,1701952241185,4.3,56.316617
ORDIUSDT,SELL,LIMIT,1701952267771,13.9,54.336243
ORDIUSDT,SELL,LIMIT,1701952269898,4.2,54.277539
ORDIUSDT,SELL,LIMIT,1701952414965,2.4,54.235271
ORDIUSDT,SELL,LIMIT,1701952417468,0.3,54.186201
ORDIUSDT,SELL,LIMIT,1701952420237,1.1,54.095935
ORDIUSDT,SELL,LIMIT,1701952478121,1.8,54.047883
ORDIUSDT,SELL,LIMIT,1701952492771,1.0,54.027031
ORDIUSDT,SELL,LIMIT,1701952498601,4.4,53.885887
ORDIUSDT,SELL,LIMIT,1701952515689,3.2,53.850178
ORDIUSDT,SELL,LIMIT,1701952518698,0.2,53.843043
ORDIUSDT,SELL,LIMIT,1701952520546,0.8,53.817208
ORDIUSDT,BUY,LIMIT,1701952635224,67.4,55.854954
ORDIUSDT,BUY,LIMIT,1701952644719,4.4,56.033930
ORDIUSDT,BUY,LIMIT,1701952647103,13.9,56.089000
ORDIUSDT,BUY,LIMIT,1701952648460,7.6,56.184968
ORDIUSDT,BUY,LIMIT,1701952654293,31.6,56.304412
ORDIUSDT,BUY,LIMIT,1701952656263,7.0,56.474084
ORDIUSDT,BUY,LIMIT,1701952657455,45.0,56.412904
ORDIUSDT,BUY,LIMIT,1701952672872,71.3,56.467326
ORDIUSDT,BUY,LIMIT,1701952674306,0.3,56.501662
ORDIUSDT,BUY,LIMIT,1701952675604,1.0,56.584117
ORDIUSDT,BUY,LIMIT,1701952677094,0.6,56.660406
ORDIUSDT,BUY,LIMIT,1701952679788,4.5,56.663827
ORDIUSDT,BUY,LIMIT,1701952681508,8.3,56.671035
ORDIUSDT,BUY,LIMIT,1701952689776,63.2,56.723315
ORDIUSDT,BUY,LIMIT,1701952695034,45.0,56.828646
ORDIUSDT,BUY,LIMIT,1701952698166,0.9,56.839276
ORDIUSDT,SELL,LIMIT,1701952711907,5.1,54.863113
ORDIUSDT,BUY,LIMIT,1701952777104,22.6,56.978788
ORDIUSDT,BUY,LIMIT,1701952778110,1.1,56.869574
ORDIUSDT,BUY,LIMIT,1701952845147,1.2,56.837472
ORDIUSDT,BUY,LIMIT,1701952852746,0.9,56.955387
ORDIUSDT,BUY,LIMIT,1701952883287,0.3,56.722130
ORDIUSDT,SELL,LIMIT,1701952899181,29.7,54.844947
ORDIUSDT,SELL,LIMIT,1701952905285,18.8,54.783513
ORDIUSDT,SELL,LIMIT,1701952906950,62.8,54.769727
ORDIUSDT,BUY,LIMIT,1701952935521,10.8,56.378983
ORDIUSDT,BUY,LIMIT,1701953023322,72.6,56.703471
ORDIUSDT,BUY,LIMIT,1701953045780,0.2,56.860319
ORDIUSDT,BUY,LIMIT,1701953047669,24.7,56.904840
ORDIUSDT,SELL,LIMIT,1701953120876,11.3,54.886144
ORDIUSDT,BUY,LIMIT,1701953134300,1.6,56.994128
ORDIUSDT,BUY,LIMIT,1701953136588,0.7,57.060265
ORDIUSDT,BUY,LIMIT,1701953137756,5.8,57.084057
ORDIUSDT,BUY,LIMIT,1701953139106,9.3,57.109634
ORDIUSDT,BUY,LIMIT,1701953140208,70.1,57.099031
ORDIUSDT,BUY,LIMIT,1701953142295,0.6,57.144591
ORDIUSDT,BUY,LIMIT,1701953143414,0.5,57.175612
ORDIUSDT,BUY,LIMIT,1701953144534,80.0,57.329889
ORDIUSDT,BUY,LIMIT,1701953145610,0.4,57.424060
ORDIUSDT,BUY,LIMIT,1701953146934,20.2,57.394370
ORDIUSDT,BUY,LIMIT,1701953152250,13.6,57.414740
ORDIUSDT,BUY,LIMIT,1701953153268,9.8,57.600515
ORDIUSDT,BUY,LIMIT,1701953154381,0.4,57.539832
ORDIUSDT,SELL,LIMIT,1701953167163,15.0,55.692926
ORDIUSDT,BUY,LIMIT,1701953183077,26.3,57.741362
ORDIUSDT,BUY,LIMIT,1701953184375,17.0,57.753705
ORDIUSDT,BUY,LIMIT,1701953185408,1.3,57.793116
ORDIUSDT,BUY,LIMIT,1701953186413,6.1,57.810445
ORDIUSDT,BUY,LIMIT,1701953187449,3.8,57.919806
ORDIUSDT,BUY,LIMIT,1701953196095,10.0,58.051875
ORDIUSDT,BUY,LIMIT,1701953197307,110.8,58.167711
ORDIUSDT,BUY,LIMIT,1701953198402,6.1,58.081706
ORDIUSDT,BUY,LIMIT,1701953200426,36.6,58.137629
ORDIUSDT,BUY,LIMIT,1701953201513,35.6,58.144345
ORDIUSDT,BUY,LIMIT,1701953203173,19.1,58.223947
ORDIUSDT,BUY,LIMIT,1701953204215,17.8,58.233864
ORDIUSDT,BUY,LIMIT,1701953205240,0.8,58.246472
ORDIUSDT,BUY,LIMIT,1701953207153,6.6,58.271091
ORDIUSDT,BUY,LIMIT,1701953208174,15.0,58.295394
ORDIUSDT,BUY,LIMIT,1701953209320,22.1,58.309443
ORDIUSDT,BUY,LIMIT,1701953210445,9.2,58.411706
ORDIUSDT,BUY,LIMIT,1701953211487,1.7,58.449012
ORDIUSDT,BUY,LIMIT,1701953212769,10.0,58.478932
ORDIUSDT,BUY,LIMIT,1701953216575,0.3,58.491354
ORDIUSDT,SELL,LIMIT,1701953246847,87.0,56.253724
ORDIUSDT,SELL,LIMIT,1701953251130,7.2,56.106257
ORDIUSDT,SELL,LIMIT,1701953252340,0.3,56.068388
ORDIUSDT,BUY,LIMIT,1701953336339,4.4,57.957491
ORDIUSDT,BUY,LIMIT,1701953343398,0.6,58.115895
ORDIUSDT,BUY,LIMIT,1701953353340,83.0,58.134211
ORDIUSDT,BUY,LIMIT,1701953360051,4.8,58.222547
ORDIUSDT,BUY,LIMIT,1701953369146,8.7,58.301442
ORDIUSDT,BUY,LIMIT,1701953370974,11.7,58.350927
ORDIUSDT,BUY,LIMIT,1701953380351,3.2,58.473465
ORDIUSDT,BUY,LIMIT,1701953382205,0.7,58.562703
ORDIUSDT,BUY,LIMIT,1701953383300,85.7,58.557611
ORDIUSDT,BUY,LIMIT,1701953384301,1.3,58.670276
ORDIUSDT,BUY,LIMIT,1701953386043,64.5,58.764543
ORDIUSDT,BUY,LIMIT,1701953387060,0.9,58.723987
ORDIUSDT,SELL,LIMIT,1701953405284,63.1,57.163385
ORDIUSDT,SELL,LIMIT,1701953406885,42.7,57.051144
ORDIUSDT,SELL,LIMIT,1701953427430,15.0,56.937730
ORDIUSDT,BUY,LIMIT,1701953432234,23.6,58.971974
ORDIUSDT,BUY,LIMIT,1701953433376,3.6,59.041250
ORDIUSDT,BUY,LIMIT,1701953438033,29.8,59.055326
ORDIUSDT,BUY,LIMIT,1701953472183,0.4,58.917545
ORDIUSDT,SELL,LIMIT,1701953493531,83.1,56.940587
ORDIUSDT,BUY,LIMIT,1701953553699,2.7,59.037347
ORDIUSDT,BUY,LIMIT,1701953558937,16.3,59.181604
ORDIUSDT,BUY,LIMIT,1701953560069,0.4,59.219250
ORDIUSDT,BUY,LIMIT,1701953561402,7.5,59.204828
ORDIUSDT,BUY,LIMIT,1701953562515,7.6,59.227631
ORDIUSDT,BUY,LIMIT,1701953568227,21.3,59.250441
ORDIUSDT,BUY,LIMIT,1701953570418,30.0,59.278030
ORDIUSDT,BUY,LIMIT,1701953571695,1.3,59.301912
ORDIUSDT,BUY,LIMIT,1701953592693,1.5,59.313700
ORDIUSDT,BUY,LIMIT,1701953594341,12.2,59.390145
ORDIUSDT,BUY,LIMIT,1701953595363,11.7,59.455765
ORDIUSDT,BUY,LIMIT,1701953596368,9.3,59.584996
ORDIUSDT,BUY,LIMIT,1701953602190,1.2,59.664736
ORDIUSDT,BUY,LIMIT,1701953603258,22.5,59.670143
ORDIUSDT,BUY,LIMIT,1701953604267,0.4,59.757075
ORDIUSDT,SELL,LIMIT,1701953615194,0.4,57.590773
ORDIUSDT,SELL,LIMIT,1701953618167,4.1,57.452681
ORDIUSDT,SELL,LIMIT,1701953619325,2.2,57.481681
ORDIUSDT,SELL,LIMIT,1701953620346,6.7,57.390623
ORDIUSDT,SELL,LIMIT,1701953623104,7.8,57.336374
ORDIUSDT,SELL,LIMIT,1701953624439,19.1,57.221136
ORDIUSDT,SELL,LIMIT,1701953626352,3.4,57.181121
ORDIUSDT,BUY,LIMIT,1701953635463,2.1,59.291498
ORDIUSDT,SELL,LIMIT,1701953710077,56.1,57.180580
ORDIUSDT,SELL,LIMIT,1701953711152,2.7,57.133529
ORDIUSDT,SELL,LIMIT,1701953712418,10.7,57.132718
ORDIUSDT,BUY,LIMIT,1701953722281,8.4,59.232540
ORDIUSDT,SELL,LIMIT,1701953754696,26.5,57.101790
ORDIUSDT,SELL,LIMIT,1701953756526,9.6,57.082748
ORDIUSDT,SELL,LIMIT,1701953760176,10.8,57.005011
ORDIUSDT,SELL,LIMIT,1701953780203,0.8,56.963581
ORDIUSDT,SELL,LIMIT,1701953781238,0.4,56.993706
ORDIUSDT,SELL,LIMIT,1701953785026,24.8,56.836837
ORDIUSDT,SELL,LIMIT,1701953786109,4.6,56.811155
ORDIUSDT,SELL,LIMIT,1701953787127,9.2,56.709062
ORDIUSDT,SELL,LIMIT,1701953788142,0.4,56.770458
ORDIUSDT,SELL,LIMIT,1701953789623,26.1,56.692090
ORDIUSDT,BUY,LIMIT,1701953813505,0.9,58.643679
ORDIUSDT,BUY,LIMIT,1701953820410,17.9,58.689374
ORDIUSDT,BUY,LIMIT,1701953834947,2.3,58.802459
ORDIUSDT,SELL,LIMIT,1701953873480,1.4,56.722806
ORDIUSDT,BUY,LIMIT,1701953938784,6.9,58.957506
ORDIUSDT,BUY,LIMIT,1701953939853,12.3,58.969663
ORDIUSDT,BUY,LIMIT,1701953941330,3.8,59.070946
ORDIUSDT,BUY,LIMIT,1701953957444,1.4,59.041233
ORDIUSDT,SELL,LIMIT,1701953970562,0.8,57.054017
ORDIUSDT,BUY,LIMIT,1701953976591,0.1,58.797290
ORDIUSDT,SELL,LIMIT,1701954031197,0.8,56.916990
ORDIUSDT,SELL,LIMIT,1701954032206,0.5,56.869001
ORDIUSDT,SELL,LIMIT,1701954040209,12.3,56.803841
ORDIUSDT,SELL,LIMIT,1701954042315,0.2,56.755202
ORDIUSDT,SELL,LIMIT,1701954043668,9.5,56.698353
ORDIUSDT,SELL,LIMIT,1701954058254,4.4,56.622553
ORDIUSDT,SELL,LIMIT,1701954059297,0.3,56.550994
ORDIUSDT,SELL,LIMIT,1701954060381,8.6,56.410511
ORDIUSDT,SELL,LIMIT,1701954065541,15.0,56.361501
ORDIUSDT,SELL,LIMIT,1701954066746,1.3,56.319726
ORDIUSDT,SELL,LIMIT,1701954068308,6.4,56.251452
ORDIUSDT,SELL,LIMIT,1701954069443,4.9,56.275967
ORDIUSDT,BUY,LIMIT,1701954087637,65.6,58.305914
ORDIUSDT,BUY,LIMIT,1701954091011,6.1,58.331433
ORDIUSDT,BUY,LIMIT,1701954092780,0.3,58.406763
ORDIUSDT,BUY,LIMIT,1701954116376,0.8,58.530915
ORDIUSDT,SELL,LIMIT,1701954119773,0.1,56.651680
ORDIUSDT,BUY,LIMIT,1701954153544,52.7,58.706218
ORDIUSDT,SELL,LIMIT,1701954251323,19.3,56.751660
ORDIUSDT,SELL,LIMIT,1701954256054,0.1,56.726250
ORDIUSDT,SELL,LIMIT,1701954295656,2.6,56.725440
ORDIUSDT,SELL,LIMIT,1701954300358,5.0,56.608188
ORDIUSDT,SELL,LIMIT,1701954313176,6.8,56.571520
ORDIUSDT,BUY,LIMIT,1701954337952,13.0,58.539564
ORDIUSDT,BUY,LIMIT,1701954339818,1.7,58.562054
ORDIUSDT,BUY,LIMIT,1701954350501,1.6,58.634846
ORDIUSDT,BUY,LIMIT,1701954352075,6.9,58.718397
ORDIUSDT,BUY,LIMIT,1701954441226,2.3,58.713322
ORDIUSDT,BUY,LIMIT,1701954450990,3.6,58.809857
ORDIUSDT,BUY,LIMIT,1701954452205,48.5,58.917558
ORDIUSDT,BUY,LIMIT,1701954453265,3.4,58.947490
ORDIUSDT,BUY,LIMIT,1701954455184,82.2,58.992318
ORDIUSDT,BUY,LIMIT,1701954457380,6.3,59.046989
ORDIUSDT,SELL,LIMIT,1701954493763,3.9,56.944341
ORDIUSDT,SELL,LIMIT,1701954521926,0.1,56.923589
ORDIUSDT,SELL,LIMIT,1701954537155,4.5,56.851601
ORDIUSDT,SELL,LIMIT,1701954570142,0.5,56.729770
ORDIUSDT,SELL,LIMIT,1701954573023,78.3,56.702241
ORDIUSDT,SELL,LIMIT,1701954578669,0.6,56.659725
ORDIUSDT,SELL,LIMIT,1701954580659,68.4,56.635581
ORDIUSDT,SELL,LIMIT,1701954583241,41.9,56.621122
ORDIUSDT,SELL,LIMIT,1701954611327,20.1,56.514598
ORDIUSDT,SELL,LIMIT,1701954614382,0.3,56.496773
ORDIUSDT,SELL,LIMIT,1701954616207,1.0,56.361522
ORDIUSDT,SELL,LIMIT,1701954618199,2.7,56.320066
ORDIUSDT,SELL,LIMIT,1701954634201,1.0,56.252383
ORDIUSDT,SELL,LIMIT,1701954636124,6.6,56.221565
ORDIUSDT,SELL,LIMIT,1701954637340,1.0,56.191358
ORDIUSDT,SELL,LIMIT,1701954641082,17.3,55.972361
ORDIUSDT,SELL,LIMIT,1701954642086,86.2,56.006646
ORDIUSDT,SELL,LIMIT,1701954669048,25.9,55.876591
ORDIUSDT,BUY,LIMIT,1701954712123,5.9,58.007511
ORDIUSDT,BUY,LIMIT,1701954713665,0.3,58.009210
ORDIUSDT,SELL,LIMIT,1701954751202,22.0,55.941803
ORDIUSDT,SELL,LIMIT,1701954752387,62.3,56.018279
ORDIUSDT,SELL,LIMIT,1701954925523,11.6,55.841621
ORDIUSDT,SELL,LIMIT,1701954928937,86.3,55.801689
ORDIUSDT,SELL,LIMIT,1701954930130,0.5,55.742976
ORDIUSDT,SELL,LIMIT,1701954931202,1.8,55.607758
ORDIUSDT,SELL,LIMIT,1701954932513,1.3,55.543261
ORDIUSDT,BUY,LIMIT,1701954960315,6.1,57.716853
ORDIUSDT,BUY,LIMIT,1701954990161,88.1,57.821059
ORDIUSDT,BUY,LIMIT,1701954993740,29.1,57.852085
ORDIUSDT,BUY,LIMIT,1701954995157,1.1,57.886375
ORDIUSDT,BUY,LIMIT,1701955000958,61.1,57.966719
ORDIUSDT,BUY,LIMIT,1701955002178,39.4,57.984654
ORDIUSDT,BUY,LIMIT,1701955016262,3.0,58.147922
ORDIUSDT,BUY,LIMIT,1701955026898,12.9,58.153726
ORDIUSDT,BUY,LIMIT,1701955029570,13.7,58.230580
ORDIUSDT,BUY,LIMIT,1701955148411,1.2,58.327494
ORDIUSDT,BUY,LIMIT,1701955223296,0.7,58.495851
ORDIUSDT,BUY,LIMIT,1701955230182,0.3,58.556916
ORDIUSDT,BUY,LIMIT,1701955231266,15.4,58.573073
ORDIUSDT,BUY,LIMIT,1701955232321,31.9,58.584667
ORDIUSDT,BUY,LIMIT,1701955326976,2.3,58.644343
ORDIUSDT,SELL,LIMIT,1701955373047,13.5,56.585675
ORDIUSDT,SELL,LIMIT,1701955385379,3.2,56.573971
ORDIUSDT,SELL,LIMIT,1701955389232,5.2,56.526053
ORDIUSDT,SELL,LIMIT,1701955393252,10.0,56.403428
ORDIUSDT,SELL,LIMIT,1701955455168,1.0,56.220352
ORDIUSDT,SELL,LIMIT,1701955456221,4.7,56.224815
ORDIUSDT,SELL,LIMIT,1701955460075,46.3,56.203288
ORDIUSDT,SELL,LIMIT,1701955461103,4.0,56.202058
ORDIUSDT,SELL,LIMIT,1701955463910,17.7,56.196033
ORDIUSDT,SELL,LIMIT,1701955505120,1.6,56.165461
ORDIUSDT,SELL,LIMIT,1701955506180,12.1,56.174693
ORDIUSDT,SELL,LIMIT,1701955725359,0.6,56.042643
ORDIUSDT,BUY,LIMIT,1701955830588,5.4,58.138535
ORDIUSDT,BUY,LIMIT,1701955832429,32.0,58.162872
ORDIUSDT,BUY,LIMIT,1701955834539,26.2,58.208468
ORDIUSDT,BUY,LIMIT,1701955868697,9.1,58.228119
ORDIUSDT,BUY,LIMIT,1701955873385,0.1,58.250976
ORDIUSDT,BUY,LIMIT,1701955874911,2.3,58.302779
ORDIUSDT,BUY,LIMIT,1701955888359,0.5,58.367852
ORDIUSDT,BUY,LIMIT,1701955975483,53.9,58.421626
ORDIUSDT,BUY,LIMIT,1701955981518,0.1,58.512131
ORDIUSDT,BUY,LIMIT,1701955984896,4.1,58.527964
ORDIUSDT,BUY,LIMIT,1701955986198,35.8,58.567159
ORDIUSDT,BUY,LIMIT,1701955993124,38.2,58.602864
ORDIUSDT,BUY,LIMIT,1701955995571,6.7,58.647846
ORDIUSDT,BUY,LIMIT,1701955997511,0.5,58.748402
ORDIUSDT,BUY,LIMIT,1701955998622,1.2,58.817532
ORDIUSDT,BUY,LIMIT,1701956000398,12.3,58.855974
ORDIUSDT,SELL,LIMIT,1701956009846,3.4,56.848141
ORDIUSDT,SELL,LIMIT,1701956021774,2.5,56.679384
ORDIUSDT,SELL,LIMIT,1701956048249,0.1,56.578188
ORDIUSDT,SELL,LIMIT,1701956051239,1.2,56.488101
ORDIUSDT,SELL,LIMIT,1701956057355,1.0,56.348643
ORDIUSDT,SELL,LIMIT,1701956059153,81.4,56.254434
ORDIUSDT,SELL,LIMIT,1701956060177,2.1,56.304348
ORDIUSDT,SELL,LIMIT,1701956061693,19.8,56.253359
ORDIUSDT,SELL,LIMIT,1701956063806,3.7,56.215355
ORDIUSDT,SELL,LIMIT,1701956115933,20.4,56.136921
ORDIUSDT,SELL,LIMIT,1701956121358,84.8,56.087045
ORDIUSDT,SELL,LIMIT,1701956126296,4.9,56.011020
ORDIUSDT,SELL,LIMIT,1701956127609,30.1,55.992326
ORDIUSDT,SELL,LIMIT,1701956128703,35.8,55.985511
ORDIUSDT,SELL,LIMIT,1701956130133,0.3,55.904316
ORDIUSDT,SELL,LIMIT,1701956140404,0.8,55.989839
ORDIUSDT,SELL,LIMIT,1701956142302,4.3,55.871401
ORDIUSDT,SELL,LIMIT,1701956143803,21.7,55.818620
ORDIUSDT,SELL,LIMIT,1701956145105,2.0,55.773613
ORDIUSDT,SELL,LIMIT,1701956146601,75.7,55.768306
ORDIUSDT,SELL,LIMIT,1701956193343,5.3,55.693667
ORDIUSDT,SELL,LIMIT,1701956208248,7.7,55.682800
ORDIUSDT,BUY,LIMIT,1701956240712,24.4,57.673274
ORDIUSDT,BUY,LIMIT,1701956261662,29.9,57.711890
ORDIUSDT,BUY,LIMIT,1701956263260,1.1,57.746665
ORDIUSDT,BUY,LIMIT,1701956264340,0.6,57.800224
ORDIUSDT,BUY,LIMIT,1701956268297,4.5,57.900331
ORDIUSDT,BUY,LIMIT,1701956270840,15.9,57.924927
ORDIUSDT,SELL,LIMIT,1701956407351,80.0,55.753271
ORDIUSDT,BUY,LIMIT,1701956408586,1.8,57.452529
ORDIUSDT,SELL,LIMIT,1701956532964,11.6,55.809587
ORDIUSDT,SELL,LIMIT,1701956554768,61.5,55.665533
ORDIUSDT,SELL,LIMIT,1701956555852,0.3,55.363774
ORDIUSDT,SELL,LIMIT,1701956556890,85.8,55.016169
ORDIUSDT,SELL,LIMIT,1701956558055,3.4,54.928904
ORDIUSDT,SELL,LIMIT,1701956559055,5.3,54.720360
ORDIUSDT,SELL,LIMIT,1701956560260,11.2,54.615375
ORDIUSDT,SELL,LIMIT,1701956572057,9.0,54.486669
ORDIUSDT,SELL,LIMIT,1701956573063,43.7,54.270654
ORDIUSDT,SELL,LIMIT,1701956574083,89.1,54.070254
ORDIUSDT,SELL,LIMIT,1701956575167,438.4,53.731207
ORDIUSDT,SELL,LIMIT,1701956578243,5.8,54.088247
ORDIUSDT,SELL,LIMIT,1701956591609,55.0,54.219086
ORDIUSDT,SELL,LIMIT,1701956596549,7.2,54.083327
ORDIUSDT,SELL,LIMIT,1701956598237,8.9,54.028495
ORDIUSDT,SELL,LIMIT,1701956599305,89.1,53.878594
ORDIUSDT,SELL,LIMIT,1701956600389,118.1,53.896067
ORDIUSDT,SELL,LIMIT,1701956641600,1.9,54.238299
ORDIUSDT,SELL,LIMIT,1701956654052,90.3,54.180721
ORDIUSDT,BUY,LIMIT,1701956683257,53.3,55.987790
ORDIUSDT,BUY,LIMIT,1701956684348,77.3,55.943521
ORDIUSDT,BUY,LIMIT,1701956722649,7.6,56.144133
ORDIUSDT,BUY,LIMIT,1701956732346,24.2,56.260499
ORDIUSDT,BUY,LIMIT,1701956733468,4.9,56.263735
ORDIUSDT,BUY,LIMIT,1701956751640,1.0,56.370194
ORDIUSDT,SELL,LIMIT,1701956793475,68.9,54.399932
ORDIUSDT,SELL,LIMIT,1701956838064,67.5,54.390254
ORDIUSDT,SELL,LIMIT,1701956839554,27.3,54.366084
ORDIUSDT,SELL,LIMIT,1701956843478,0.8,54.253081
ORDIUSDT,SELL,LIMIT,1701956846646,4.5,54.129558
ORDIUSDT,SELL,LIMIT,1701956850431,8.6,54.084883
ORDIUSDT,SELL,LIMIT,1701956851447,60.2,53.934346
ORDIUSDT,SELL,LIMIT,1701956852523,42.9,53.777587
ORDIUSDT,SELL,LIMIT,1701956853578,5.0,53.730589
ORDIUSDT,SELL,LIMIT,1701956888283,45.7,54.042926
ORDIUSDT,SELL,LIMIT,1701956904270,0.8,53.667019
ORDIUSDT,SELL,LIMIT,1701956905295,1.8,53.669594
ORDIUSDT,SELL,LIMIT,1701956906307,3.4,53.585727
ORDIUSDT,SELL,LIMIT,1701956907381,4.0,53.563742
ORDIUSDT,BUY,LIMIT,1701956976445,0.1,55.764559
ORDIUSDT,BUY,LIMIT,1701957157182,0.1,55.847829
ORDIUSDT,BUY,LIMIT,1701957158401,15.2,55.875387
ORDIUSDT,BUY,LIMIT,1701957163428,22.8,55.881611
ORDIUSDT,BUY,LIMIT,1701957168322,17.2,55.934929
ORDIUSDT,BUY,LIMIT,1701957174463,0.8,56.089000
ORDIUSDT,BUY,LIMIT,1701957175636,90.9,56.134928
ORDIUSDT,BUY,LIMIT,1701957198320,1.8,56.207735
ORDIUSDT,SELL,LIMIT,1701957307088,26.0,54.115764
ORDIUSDT,SELL,LIMIT,1701957312190,37.6,54.008178
ORDIUSDT,SELL,LIMIT,1701957313235,9.3,54.005747
ORDIUSDT,BUY,LIMIT,1701957367642,0.1,56.080656
ORDIUSDT,BUY,LIMIT,1701957452593,1.8,56.161196
ORDIUSDT,BUY,LIMIT,1701957455039,17.4,56.181509
ORDIUSDT,BUY,LIMIT,1701957458199,22.6,56.241970
ORDIUSDT,BUY,LIMIT,1701957460389,8.5,56.272830
ORDIUSDT,SELL,LIMIT,1701957559079,0.9,54.313651
ORDIUSDT,SELL,LIMIT,1701957562136,20.4,54.280687
ORDIUSDT,BUY,LIMIT,1701957656569,0.9,56.278439
ORDIUSDT,BUY,LIMIT,1701957658905,0.1,56.406406
ORDIUSDT,BUY,LIMIT,1701957660233,1.0,56.443824
ORDIUSDT,SELL,LIMIT,1701957710299,10.8,54.471918
ORDIUSDT,SELL,LIMIT,1701957721383,10.4,54.392144
ORDIUSDT,SELL,LIMIT,1701957731736,15.6,54.324801
ORDIUSDT,SELL,LIMIT,1701957747709,0.9,54.155315
ORDIUSDT,SELL,LIMIT,1701957749100,27.0,54.141117
ORDIUSDT,SELL,LIMIT,1701957750695,12.5,54.096231
ORDIUSDT,SELL,LIMIT,1701957751749,0.1,54.004351
ORDIUSDT,SELL,LIMIT,1701957754515,0.4,53.963931
ORDIUSDT,SELL,LIMIT,1701957869726,90.8,53.927646
ORDIUSDT,SELL,LIMIT,1701957870956,18.1,53.865729
ORDIUSDT,BUY,LIMIT,1701957957542,8.3,56.015232
ORDIUSDT,BUY,LIMIT,1701957963535,1.2,56.072714
ORDIUSDT,BUY,LIMIT,1701958080934,18.1,56.253007
ORDIUSDT,SELL,LIMIT,1701958256137,35.4,54.145025
ORDIUSDT,SELL,LIMIT,1701958258651,22.6,54.109981
ORDIUSDT,SELL,LIMIT,1701958262408,2.3,54.097061
ORDIUSDT,SELL,LIMIT,1701958270263,12.8,54.063232
ORDIUSDT,SELL,LIMIT,1701958271295,1.4,54.051924
ORDIUSDT,SELL,LIMIT,1701958273024,0.7,54.031083
ORDIUSDT,SELL,LIMIT,1701958435843,39.2,53.985605
ORDIUSDT,BUY,LIMIT,1701958606224,1.5,56.077597
ORDIUSDT,BUY,LIMIT,1701958668449,4.4,56.131529
ORDIUSDT,BUY,LIMIT,1701958727189,54.7,56.142586
ORDIUSDT,SELL,LIMIT,1701958765668,0.1,54.193911
ORDIUSDT,SELL,LIMIT,1701958768767,21.9,54.132572
ORDIUSDT,SELL,LIMIT,1701958771665,1.0,54.098530
ORDIUSDT,SELL,LIMIT,1701958799980,80.3,54.016748
ORDIUSDT,SELL,LIMIT,1701958802956,1.5,53.873635
ORDIUSDT,BUY,LIMIT,1701958902489,4.6,55.938791
ORDIUSDT,BUY,LIMIT,1701958908480,13.1,55.982940
ORDIUSDT,BUY,LIMIT,1701958999310,0.5,56.154104
ORDIUSDT,BUY,LIMIT,1701959002545,0.1,56.229503
ORDIUSDT,BUY,LIMIT,1701959047666,0.9,56.269490
ORDIUSDT,BUY,LIMIT,1701959051012,0.7,56.289151
ORDIUSDT,BUY,LIMIT,1701959053089,9.7,56.293311
ORDIUSDT,BUY,LIMIT,1701959054299,1.8,56.299200
ORDIUSDT,BUY,LIMIT,1701959055518,7.4,56.307563
ORDIUSDT,BUY,LIMIT,1701959100019,0.6,56.335935
ORDIUSDT,BUY,LIMIT,1701959103357,1.0,56.366385
ORDIUSDT,BUY,LIMIT,1701959108280,0.2,56.427341
ORDIUSDT,BUY,LIMIT,1701959109328,18.3,56.445930
ORDIUSDT,BUY,LIMIT,1701959111322,9.8,56.682763
ORDIUSDT,BUY,LIMIT,1701959112511,1.2,56.531275
ORDIUSDT,BUY,LIMIT,1701959123263,9.1,56.718420
ORDIUSDT,BUY,LIMIT,1701959124564,2.9,56.866584
ORDIUSDT,BUY,LIMIT,1701959126126,9.1,56.937691
ORDIUSDT,BUY,LIMIT,1701959127254,27.2,56.928375
ORDIUSDT,BUY,LIMIT,1701959129341,11.0,56.967750
ORDIUSDT,BUY,LIMIT,1701959141182,7.2,57.016203
ORDIUSDT,BUY,LIMIT,1701959144142,0.6,57.170486
ORDIUSDT,BUY,LIMIT,1701959146274,4.3,57.220283
ORDIUSDT,BUY,LIMIT,1701959150190,1.0,57.238590
ORDIUSDT,BUY,LIMIT,1701959151545,28.8,57.221589
ORDIUSDT,BUY,LIMIT,1701959152739,11.4,57.334409
ORDIUSDT,SELL,LIMIT,1701959173333,12.3,55.301401
ORDIUSDT,SELL,LIMIT,1701959238318,12.6,55.304634
ORDIUSDT,SELL,LIMIT,1701959240751,0.2,55.297003
ORDIUSDT,SELL,LIMIT,1701959241915,8.2,55.278631
ORDIUSDT,SELL,LIMIT,1701959244407,0.1,55.214478
ORDIUSDT,SELL,LIMIT,1701959351114,12.1,55.269257
ORDIUSDT,SELL,LIMIT,1701959419036,5.3,55.098393
ORDIUSDT,SELL,LIMIT,1701959423242,31.0,54.993987
ORDIUSDT,BUY,LIMIT,1701959459376,5.1,57.091232
ORDIUSDT,BUY,LIMIT,1701959502332,4.0,57.345872
ORDIUSDT,SELL,LIMIT,1701959633562,0.3,55.242112
ORDIUSDT,BUY,LIMIT,1701959636706,61.3,56.924942
ORDIUSDT,BUY,LIMIT,1701959657033,0.9,56.949575
ORDIUSDT,BUY,LIMIT,1701959666615,3.8,56.950968
ORDIUSDT,BUY,LIMIT,1701959724424,2.4,56.715705
ORDIUSDT,SELL,LIMIT,1701959867949,2.0,55.046956
ORDIUSDT,SELL,LIMIT,1701959869959,0.6,55.030767
ORDIUSDT,SELL,LIMIT,1701959871321,2.4,55.018072
ORDIUSDT,SELL,LIMIT,1701959872527,1.0,55.010297
ORDIUSDT,SELL,LIMIT,1701959874177,22.2,54.975498
ORDIUSDT,SELL,LIMIT,1701959875419,6.5,54.964676
ORDIUSDT,SELL,LIMIT,1701959877998,2.7,54.750643
ORDIUSDT,SELL,LIMIT,1701959889784,0.1,54.630851
ORDIUSDT,SELL,LIMIT,1701959891327,1.7,54.580790
ORDIUSDT,SELL,LIMIT,1701959892387,0.6,54.495263
ORDIUSDT,SELL,LIMIT,1701960109482,26.5,54.299971
ORDIUSDT,SELL,LIMIT,1701960117750,2.6,54.227434
ORDIUSDT,SELL,LIMIT,1701960134671,3.7,54.200833
ORDIUSDT,SELL,LIMIT,1701960136124,21.0,54.175529
ORDIUSDT,SELL,LIMIT,1701960292235,36.3,54.120333
ORDIUSDT,SELL,LIMIT,1701960309519,0.4,54.095662
ORDIUSDT,SELL,LIMIT,1701960311237,2.1,54.038330
ORDIUSDT,SELL,LIMIT,1701960316350,1.0,54.007321
ORDIUSDT,SELL,LIMIT,1701960317618,2.2,53.981067
ORDIUSDT,SELL,LIMIT,1701960319253,150.0,53.657344
ORDIUSDT,BUY,LIMIT,1701960368424,1.0,55.888378
ORDIUSDT,BUY,LIMIT,1701960372067,10.0,55.961127
ORDIUSDT,BUY,LIMIT,1701960396015,31.2,56.029835
ORDIUSDT,BUY,LIMIT,1701960537995,6.6,56.019988
ORDIUSDT,SELL,LIMIT,1701960592456,6.6,54.086460
ORDIUSDT,SELL,LIMIT,1701960609961,18.5,53.966576
ORDIUSDT,SELL,LIMIT,1701960612758,5.4,53.918492
ORDIUSDT,SELL,LIMIT,1701960616656,0.2,53.850855
ORDIUSDT,SELL,LIMIT,1701960617915,2.0,53.808343
ORDIUSDT,SELL,LIMIT,1701960619396,30.4,53.644994
ORDIUSDT,SELL,LIMIT,1701960620415,36.2,53.602824
ORDIUSDT,BUY,LIMIT,1701960651072,8.8,55.586928
ORDIUSDT,BUY,LIMIT,1701960652121,15.5,55.591427
ORDIUSDT,BUY,LIMIT,1701960658301,0.9,55.650979
ORDIUSDT,BUY,LIMIT,1701960660092,80.9,55.687793
ORDIUSDT,BUY,LIMIT,1701960666986,3.5,55.839045
ORDIUSDT,BUY,LIMIT,1701960672212,5.3,55.930733
ORDIUSDT,BUY,LIMIT,1701960781875,1.0,55.922365
ORDIUSDT,BUY,LIMIT,1701960791452,36.9,55.976537
ORDIUSDT,BUY,LIMIT,1701960845372,0.4,56.084734
ORDIUSDT,BUY,LIMIT,1701960846566,9.0,56.200091
ORDIUSDT,BUY,LIMIT,1701960852159,3.5,56.285535
ORDIUSDT,BUY,LIMIT,1701960853346,45.2,56.350068
ORDIUSDT,BUY,LIMIT,1701960870076,0.6,56.460207
ORDIUSDT,BUY,LIMIT,1701960871696,4.5,56.496920
ORDIUSDT,BUY,LIMIT,1701960874072,18.5,56.618865
ORDIUSDT,BUY,LIMIT,1701960984854,3.9,56.543751
ORDIUSDT,BUY,LIMIT,1701961000073,0.3,56.760426
ORDIUSDT,BUY,LIMIT,1701961004250,3.9,56.797364
ORDIUSDT,BUY,LIMIT,1701961006804,2.0,56.872024
ORDIUSDT,BUY,LIMIT,1701961009238,24.5,56.925647
ORDIUSDT,BUY,LIMIT,1701961010304,8.4,56.969605
ORDIUSDT,BUY,LIMIT,1701961017351,17.1,57.007732
ORDIUSDT,BUY,LIMIT,1701961018434,18.5,57.029551
ORDIUSDT,BUY,LIMIT,1701961027441,91.3,57.148080
ORDIUSDT,BUY,LIMIT,1701961030277,6.6,57.184246
ORDIUSDT,BUY,LIMIT,1701961091198,2.1,57.303863
ORDIUSDT,BUY,LIMIT,1701961093177,5.2,57.433601
ORDIUSDT,BUY,LIMIT,1701961094343,25.3,57.438357
ORDIUSDT,BUY,LIMIT,1701961095356,45.7,57.472272
ORDIUSDT,BUY,LIMIT,1701961096496,9.0,57.456415
ORDIUSDT,BUY,LIMIT,1701961116227,0.1,57.541883
ORDIUSDT,BUY,LIMIT,1701961118057,0.5,57.720401
ORDIUSDT,BUY,LIMIT,1701961119234,4.7,57.656657
ORDIUSDT,BUY,LIMIT,1701961120310,88.3,57.928273
ORDIUSDT,BUY,LIMIT,1701961121312,56.5,57.846606
ORDIUSDT,BUY,LIMIT,1701961128304,10.7,57.956180
ORDIUSDT,BUY,LIMIT,1701961130505,1.2,58.069206
ORDIUSDT,BUY,LIMIT,1701961131892,2.3,58.074936
ORDIUSDT,BUY,LIMIT,1701961135102,0.2,58.125448
ORDIUSDT,BUY,LIMIT,1701961137381,44.1,58.178241
ORDIUSDT,BUY,LIMIT,1701961138432,7.2,58.330526
ORDIUSDT,BUY,LIMIT,1701961139503,4.4,58.195473
ORDIUSDT,BUY,LIMIT,1701961141159,3.3,58.449249
ORDIUSDT,BUY,LIMIT,1701961142179,2.9,58.343346
ORDIUSDT,BUY,LIMIT,1701961146153,4.5,58.552154
ORDIUSDT,BUY,LIMIT,1701961147203,18.5,58.494815
ORDIUSDT,BUY,LIMIT,1701961150851,39.0,58.622738
ORDIUSDT,BUY,LIMIT,1701961153227,83.9,58.751473
ORDIUSDT,BUY,LIMIT,1701961154633,1.1,58.792307
ORDIUSDT,BUY,LIMIT,1701961156283,0.2,58.811885
ORDIUSDT,SELL,LIMIT,1701961215554,1.8,56.667189
ORDIUSDT,BUY,LIMIT,1701961222750,8.6,58.631785
ORDIUSDT,BUY,LIMIT,1701961227007,5.1,58.753246
ORDIUSDT,BUY,LIMIT,1701961231057,1.4,58.887659
ORDIUSDT,BUY,LIMIT,1701961232081,3.5,58.884398
ORDIUSDT,BUY,LIMIT,1701961236188,3.0,58.914775
ORDIUSDT,BUY,LIMIT,1701961237450,0.2,58.967330
ORDIUSDT,BUY,LIMIT,1701961240261,0.1,59.054865
ORDIUSDT,BUY,LIMIT,1701961241284,17.2,59.046630
ORDIUSDT,BUY,LIMIT,1701961242287,81.2,59.187552
ORDIUSDT,BUY,LIMIT,1701961245234,3.6,59.183728
ORDIUSDT,SELL,LIMIT,1701961259808,0.3,57.143241
ORDIUSDT,SELL,LIMIT,1701961261164,49.2,57.061828
ORDIUSDT,SELL,LIMIT,1701961262241,1.8,56.829866
ORDIUSDT,SELL,LIMIT,1701961264106,47.4,56.653215
ORDIUSDT,SELL,LIMIT,1701961266051,9.3,56.566164
ORDIUSDT,SELL,LIMIT,1701961272352,1.0,56.557541
ORDIUSDT,SELL,LIMIT,1701961275390,1.7,56.479943
ORDIUSDT,BUY,LIMIT,1701961289093,9.1,58.755919
ORDIUSDT,BUY,LIMIT,1701961290504,64.0,58.905687
ORDIUSDT,SELL,LIMIT,1701961329473,1.7,56.780381
ORDIUSDT,SELL,LIMIT,1701961332964,17.0,56.695091
ORDIUSDT,SELL,LIMIT,1701961335701,2.5,56.623741
ORDIUSDT,BUY,LIMIT,1701961411425,32.0,58.603826
ORDIUSDT,BUY,LIMIT,1701961412520,0.5,58.644645
ORDIUSDT,BUY,LIMIT,1701961413963,1.0,58.708791
ORDIUSDT,BUY,LIMIT,1701961432170,44.1,58.757695
ORDIUSDT,BUY,LIMIT,1701961439045,0.7,58.855087
ORDIUSDT,BUY,LIMIT,1701961440205,1.3,58.823520
ORDIUSDT,SELL,LIMIT,1701961481981,55.2,56.951401
ORDIUSDT,SELL,LIMIT,1701961490198,0.8,56.749748
ORDIUSDT,SELL,LIMIT,1701961512685,9.6,56.813530
ORDIUSDT,SELL,LIMIT,1701961520739,1.4,56.666021
ORDIUSDT,SELL,LIMIT,1701961523594,30.5,56.650265
ORDIUSDT,SELL,LIMIT,1701961537337,2.3,56.501463
ORDIUSDT,SELL,LIMIT,1701961541050,0.4,56.433226
ORDIUSDT,SELL,LIMIT,1701961543512,0.6,56.305718
ORDIUSDT,SELL,LIMIT,1701961546426,12.9,56.233238
ORDIUSDT,SELL,LIMIT,1701961547472,4.2,56.140301
ORDIUSDT,SELL,LIMIT,1701961554298,3.7,56.102501
ORDIUSDT,BUY,LIMIT,1701961593381,27.1,58.205289
ORDIUSDT,SELL,LIMIT,1701961642601,67.9,56.048846
ORDIUSDT,BUY,LIMIT,1701961672084,86.7,58.102983
ORDIUSDT,SELL,LIMIT,1701961726250,5.0,56.192305
ORDIUSDT,SELL,LIMIT,1701961729577,0.9,56.143981
ORDIUSDT,SELL,LIMIT,1701961748548,0.2,56.070141
ORDIUSDT,BUY,LIMIT,1701961952225,25.0,58.216934
ORDIUSDT,SELL,LIMIT,1701962087697,21.9,56.143896
ORDIUSDT,SELL,LIMIT,1701962089737,3.5,56.075473
ORDIUSDT,SELL,LIMIT,1701962091407,3.9,55.993783
ORDIUSDT,SELL,LIMIT,1701962099592,26.4,55.983780
ORDIUSDT,SELL,LIMIT,1701962104122,24.6,55.947999
ORDIUSDT,SELL,LIMIT,1701962105307,0.4,55.714414
ORDIUSDT,BUY,LIMIT,1701962143843,8.7,57.721316
ORDIUSDT,BUY,LIMIT,1701962172161,16.4,57.870568
ORDIUSDT,BUY,LIMIT,1701962183199,2.8,57.924712
ORDIUSDT,BUY,LIMIT,1701962227640,0.7,58.099821
ORDIUSDT,BUY,LIMIT,1701962231363,10.0,58.128600
ORDIUSDT,BUY,LIMIT,1701962237783,5.0,58.184900
ORDIUSDT,SELL,LIMIT,1701962293180,0.1,56.120371
ORDIUSDT,SELL,LIMIT,1701962371154,0.5,55.929834
ORDIUSDT,SELL,LIMIT,1701962372987,69.8,55.908022
ORDIUSDT,SELL,LIMIT,1701962375409,85.0,55.867825
ORDIUSDT,BUY,LIMIT,1701962396124,4.9,57.851816
ORDIUSDT,BUY,LIMIT,1701962522455,2.0,57.763333
ORDIUSDT,BUY,LIMIT,1701962562594,3.1,57.777753
ORDIUSDT,BUY,LIMIT,1701962642376,24.1,57.159920
ORDIUSDT,BUY,LIMIT,1701962651858,80.9,58.000152
ORDIUSDT,BUY,LIMIT,1701962656354,41.1,58.113756
ORDIUSDT,BUY,LIMIT,1701962675406,31.2,58.389503
ORDIUSDT,BUY,LIMIT,1701962676509,1.3,58.292178
ORDIUSDT,BUY,LIMIT,1701962682826,9.4,58.388907
ORDIUSDT,BUY,LIMIT,1701962683905,2.4,58.570516
ORDIUSDT,BUY,LIMIT,1701962685480,21.8,58.651327
ORDIUSDT,BUY,LIMIT,1701962686690,8.0,58.780012
ORDIUSDT,BUY,LIMIT,1701962713304,87.0,58.791989
ORDIUSDT,BUY,LIMIT,1701962714863,1.9,58.833995
