Symbol,Side,Order Type,Time,Quantity,Price
OXTUSDT,SELL,LIMIT,1701939539410,181,0.0778989
OXTUSDT,SELL,LIMIT,1701939570873,37037,0.0778807
OXTUSDT,SELL,LIMIT,1701939892981,122,0.0775518
OXTUSDT,SELL,LIMIT,1701940523479,326,0.0774567
OXTUSDT,SELL,LIMIT,1701940556356,246,0.0772262
OXTUSDT,SELL,LIMIT,1701940560062,4000,0.0771682
OXTUSDT,SELL,LIMIT,1701940562481,16620,0.0770585
OXTUSDT,SELL,LIMIT,1701940570307,2458,0.0769816
OXTUSDT,SELL,LIMIT,1701941084080,1867,0.0768192
OXTUSDT,SELL,LIMIT,1701941188093,1785,0.0766386
OXTUSDT,SELL,LIMIT,1701941239057,15462,0.0765435
OXTUSDT,BUY,LIMIT,1701955871395,2510,0.0841009
OXTUSDT,BUY,LIMIT,1701957393881,123,0.0852761
OXTUSDT,BUY,LIMIT,1701957815007,1233,0.0864502
OXTUSDT,SELL,LIMIT,1701959786451,495,0.0808303
OXTUSDT,SELL,LIMIT,1701959801323,3445,0.0807618
OXTUSDT,SELL,LIMIT,1701973814164,1314,0.0800974
OXTUSDT,SELL,LIMIT,1701977033059,800,0.0796135
OXTUSDT,BUY,LIMIT,1702035458344,1886,0.0854941
OXTUSDT,BUY,LIMIT,1702048851742,227,0.0837731
OXTUSDT,BUY,LIMIT,1702052383089,1219,0.0862225
OXTUSDT,BUY,LIMIT,1702053526787,488,0.0865176
OXTUSDT,BUY,LIMIT,1702057674766,110,0.0884488
OXTUSDT,BUY,LIMIT,1702057678483,964,0.0886735
OXTUSDT,BUY,LIMIT,1702081558378,1377,0.0876485
OXTUSDT,SELL,LIMIT,1702111385794,1447,0.0830728
OXTUSDT,SELL,LIMIT,1702164866243,2355,0.0827369
OXTUSDT,BUY,LIMIT,1702188856379,58462,0.0888308
OXTUSDT,SELL,LIMIT,1702201481437,60,0.0824586
OXTUSDT,SELL,LIMIT,1702201994480,2254,0.0823282
OXTUSDT,SELL,LIMIT,1702202067378,4552,0.0819673
OXTUSDT,SELL,LIMIT,1702202160427,1293,0.0818285
OXTUSDT,SELL,LIMIT,1702202253402,581,0.0814642
OXTUSDT,SELL,LIMIT,1702202323625,1642,0.0813701
OXTUSDT,SELL,LIMIT,1702250544478,12019,0.0826010
OXTUSDT,SELL,LIMIT,1702256450500,15174,0.0822515
OXTUSDT,SELL,LIMIT,1702256672865,511,0.0817490
OXTUSDT,SELL,LIMIT,1702256915825,3000,0.0815732
OXTUSDT,SELL,LIMIT,1702256917248,288,0.0814331
OXTUSDT,SELL,LIMIT,1702257006088,2346,0.0812013
OXTUSDT,SELL,LIMIT,1702260626290,1924,0.0810143
OXTUSDT,SELL,LIMIT,1702260631333,1000,0.0807083
OXTUSDT,SELL,LIMIT,1702260700168,25300,0.0804923
OXTUSDT,SELL,LIMIT,1702260710289,70,0.0804221
OXTUSDT,SELL,LIMIT,1702260711414,4404,0.0804832
OXTUSDT,SELL,LIMIT,1702260714191,1045,0.0803895
OXTUSDT,SELL,LIMIT,1702260715451,4166,0.0804003
OXTUSDT,SELL,LIMIT,1702260718201,10506,0.0803736
OXTUSDT,SELL,LIMIT,1702260719886,1000,0.0803178
OXTUSDT,SELL,LIMIT,1702260721205,1190,0.0803840
OXTUSDT,SELL,LIMIT,1702260724893,64,0.0801703
OXTUSDT,SELL,LIMIT,1702260727627,4945,0.0801103
OXTUSDT,SELL,LIMIT,1702260745636,158,0.0798757
OXTUSDT,SELL,LIMIT,1702260747703,1187,0.0797627
OXTUSDT,SELL,LIMIT,1702260749305,197,0.0797066
OXTUSDT,SELL,LIMIT,1702260752825,230,0.0796641
OXTUSDT,SELL,LIMIT,1702260754129,4385,0.0795798
OXTUSDT,SELL,LIMIT,1702260757010,214,0.0794175
OXTUSDT,SELL,LIMIT,1702260760181,239,0.0792617
OXTUSDT,SELL,LIMIT,1702260762624,3877,0.0790782
OXTUSDT,SELL,LIMIT,1702260764896,98,0.0789595
OXTUSDT,SELL,LIMIT,1702260767335,146,0.0789159
OXTUSDT,SELL,LIMIT,1702260768799,298544,0.0785839
OXTUSDT,SELL,LIMIT,1702260771814,26105,0.0785117
OXTUSDT,SELL,LIMIT,1702260772946,6190,0.0785117
OXTUSDT,SELL,LIMIT,1702260774161,5133,0.0787883
OXTUSDT,SELL,LIMIT,1702260775236,5714,0.0783485
OXTUSDT,SELL,LIMIT,1702260776919,16552,0.0782062
OXTUSDT,SELL,LIMIT,1702260778405,5724,0.0843726
OXTUSDT,SELL,LIMIT,1702260780399,10887,0.0776496
OXTUSDT,SELL,LIMIT,1702260781633,5395,0.0775320
OXTUSDT,SELL,LIMIT,1702260782763,1684,0.0777236
OXTUSDT,SELL,LIMIT,1702260785751,150177,0.0770703
OXTUSDT,SELL,LIMIT,1702260787963,3421,0.0772028
OXTUSDT,SELL,LIMIT,1702260789567,14705,0.0767838
OXTUSDT,SELL,LIMIT,1702260793688,72776,0.0765606
OXTUSDT,SELL,LIMIT,1702260797331,281,0.0763629
OXTUSDT,SELL,LIMIT,1702260798428,16751,0.0763629
OXTUSDT,SELL,LIMIT,1702260799478,1772,0.0763171
OXTUSDT,SELL,LIMIT,1702260801279,138,0.0759467
OXTUSDT,SELL,LIMIT,1702260803325,2129,0.0756258
OXTUSDT,SELL,LIMIT,1702260805872,12687,0.0755721
OXTUSDT,SELL,LIMIT,1702260806912,1716,0.0756657
OXTUSDT,SELL,LIMIT,1702260808099,21831,0.0754516
OXTUSDT,SELL,LIMIT,1702260811221,117781,0.0746749
OXTUSDT,SELL,LIMIT,1702260813707,11328,0.0748367
OXTUSDT,SELL,LIMIT,1702260818047,16033,0.0745519
OXTUSDT,SELL,LIMIT,1702260820230,3182,0.0744435
OXTUSDT,SELL,LIMIT,1702260821497,5211,0.0744435
OXTUSDT,SELL,LIMIT,1702260824519,6526,0.0741724
OXTUSDT,SELL,LIMIT,1702260825581,66,0.0740784
OXTUSDT,SELL,LIMIT,1702260827045,2529,0.0740244
