Symbol,Side,Order Type,Time,Quantity,Price
PENDLEUSDT,SELL,LIMIT,1701919776204,4663,1.1905346
PENDLEUSDT,SELL,LIMIT,1701920327579,7,1.1906663
PENDLEUSDT,SELL,LIMIT,1701920328639,173,1.1898994
PENDLEUSDT,SELL,LIMIT,1701920330151,681,1.1893818
PENDLEUSDT,SELL,LIMIT,1701920331197,881,1.1809488
PENDLEUSDT,BUY,LIMIT,1701925769173,11,1.2671086
PENDLEUSDT,SELL,LIMIT,1701940568488,85,1.1817254
PENDLEUSDT,SELL,LIMIT,1701940664140,345,1.1799010
PENDLEUSDT,SELL,LIMIT,1701940694535,47,1.1772093
PENDLEUSDT,SELL,LIMIT,1701941167603,17,1.1747193
PENDLEUSDT,SELL,LIMIT,1701941172825,350,1.1734547
PENDLEUSDT,SELL,LIMIT,1701941186615,56,1.1734109
PENDLEUSDT,SELL,LIMIT,1701941190407,119,1.1715445
PENDLEUSDT,SELL,LIMIT,1701941238328,103,1.1696720
PENDLEUSDT,SELL,LIMIT,1701941256725,673,1.1662136
PENDLEUSDT,BUY,LIMIT,1701953976591,1,1.2603350
PENDLEUSDT,BUY,LIMIT,1701956312910,1134,1.2668353
PENDLEUSDT,BUY,LIMIT,1701962419128,17,1.2737571
PENDLEUSDT,BUY,LIMIT,1701962825198,18,1.2928130
PENDLEUSDT,BUY,LIMIT,1701962848306,860,1.2956916
PENDLEUSDT,BUY,LIMIT,1701968183866,93,1.3443738
PENDLEUSDT,BUY,LIMIT,1701970200798,88,1.3384440
PENDLEUSDT,BUY,LIMIT,1702007154540,23,1.3246740
PENDLEUSDT,SELL,LIMIT,1702011009145,1925,1.2548232
PENDLEUSDT,SELL,LIMIT,1702011118930,23,1.2533150
PENDLEUSDT,SELL,LIMIT,1702011166440,80,1.2526994
PENDLEUSDT,BUY,LIMIT,1702015943776,1314,1.3193353
PENDLEUSDT,SELL,LIMIT,1702022561828,17,1.2386691
PENDLEUSDT,SELL,LIMIT,1702028313678,27,1.2330913
PENDLEUSDT,SELL,LIMIT,1702028382458,7,1.2307707
PENDLEUSDT,BUY,LIMIT,1702039326363,101,1.2963338
PENDLEUSDT,BUY,LIMIT,1702047709397,537,1.2911341
PENDLEUSDT,BUY,LIMIT,1702052530227,58,1.2745560
PENDLEUSDT,SELL,LIMIT,1702055473500,4,1.3561391
PENDLEUSDT,BUY,LIMIT,1702064737449,14,1.2863220
PENDLEUSDT,SELL,LIMIT,1702067128246,14,1.2324695
PENDLEUSDT,BUY,LIMIT,1702068166163,15,1.2858192
PENDLEUSDT,BUY,LIMIT,1702080420734,180,1.2914245
PENDLEUSDT,BUY,LIMIT,1702082313341,36,1.3007720
PENDLEUSDT,BUY,LIMIT,1702084803694,13,1.2858120
PENDLEUSDT,BUY,LIMIT,1702107811169,76,1.3067984
PENDLEUSDT,BUY,LIMIT,1702107972321,14,1.3097635
PENDLEUSDT,SELL,LIMIT,1702110655655,7,1.2628281
PENDLEUSDT,SELL,LIMIT,1702110971741,303,1.2479398
PENDLEUSDT,SELL,LIMIT,1702110980628,3910,1.2460053
PENDLEUSDT,SELL,LIMIT,1702111044989,18,1.2726518
PENDLEUSDT,SELL,LIMIT,1702111378799,387,1.2298423
PENDLEUSDT,SELL,LIMIT,1702111388061,211,1.2237451
PENDLEUSDT,SELL,LIMIT,1702132921381,28,1.2341160
PENDLEUSDT,SELL,LIMIT,1702132990272,34,1.2335161
PENDLEUSDT,SELL,LIMIT,1702139292955,54,1.2256074
PENDLEUSDT,SELL,LIMIT,1702141679660,406,1.2165479
PENDLEUSDT,SELL,LIMIT,1702141741948,773,1.2161417
PENDLEUSDT,SELL,LIMIT,1702141756994,1957,1.2154555
PENDLEUSDT,SELL,LIMIT,1702141845303,16,1.2119103
PENDLEUSDT,SELL,LIMIT,1702141847281,4,1.2117000
PENDLEUSDT,SELL,LIMIT,1702141848745,57,1.2105399
PENDLEUSDT,SELL,LIMIT,1702141860670,12,1.2096043
PENDLEUSDT,SELL,LIMIT,1702142292011,585,1.2176890
PENDLEUSDT,SELL,LIMIT,1702143603492,328,1.2151529
PENDLEUSDT,SELL,LIMIT,1702144785692,73,1.2086167
PENDLEUSDT,SELL,LIMIT,1702144795924,80,1.2075969
PENDLEUSDT,SELL,LIMIT,1702148567523,83,1.2151404
PENDLEUSDT,SELL,LIMIT,1702153735366,293,1.2064408
PENDLEUSDT,SELL,LIMIT,1702153750200,5,1.2058916
PENDLEUSDT,SELL,LIMIT,1702153865620,22,1.2053690
PENDLEUSDT,SELL,LIMIT,1702156365995,332,1.2026033
PENDLEUSDT,SELL,LIMIT,1702164247856,51,1.2076527
PENDLEUSDT,SELL,LIMIT,1702164543152,47,1.2010537
PENDLEUSDT,SELL,LIMIT,1702164546056,4,1.1999299
PENDLEUSDT,SELL,LIMIT,1702164551378,316,1.1997071
PENDLEUSDT,SELL,LIMIT,1702164557145,294,1.1995696
PENDLEUSDT,SELL,LIMIT,1702164751647,75,1.1961331
PENDLEUSDT,SELL,LIMIT,1702164767821,78,1.1953439
PENDLEUSDT,SELL,LIMIT,1702164795784,260,1.1955953
PENDLEUSDT,SELL,LIMIT,1702164803628,79,1.1935406
PENDLEUSDT,SELL,LIMIT,1702164809480,48,1.1921294
PENDLEUSDT,SELL,LIMIT,1702164811361,3934,1.1923308
PENDLEUSDT,SELL,LIMIT,1702164814370,290,1.1919814
PENDLEUSDT,SELL,LIMIT,1702192865168,116,1.2093186
PENDLEUSDT,SELL,LIMIT,1702200762400,798,1.2048835
PENDLEUSDT,SELL,LIMIT,1702202226587,131,1.1964821
PENDLEUSDT,SELL,LIMIT,1702202253402,39,1.1961294
PENDLEUSDT,SELL,LIMIT,1702202297189,48,1.1941493
PENDLEUSDT,SELL,LIMIT,1702202325353,18,1.1936654
PENDLEUSDT,SELL,LIMIT,1702202379997,146,1.1914537
PENDLEUSDT,SELL,LIMIT,1702202401379,70,1.1899913
PENDLEUSDT,SELL,LIMIT,1702256620302,79,1.2181401
PENDLEUSDT,SELL,LIMIT,1702256915711,7,1.3269209
PENDLEUSDT,SELL,LIMIT,1702256921246,562,1.2183361
PENDLEUSDT,BUY,LIMIT,1702259504571,335,1.2797047
PENDLEUSDT,SELL,LIMIT,1702260430132,75,1.2157079
PENDLEUSDT,SELL,LIMIT,1702260434748,805,1.2078908
PENDLEUSDT,SELL,LIMIT,1702260436566,4024,1.2081281
PENDLEUSDT,SELL,LIMIT,1702260437728,2394,1.2073612
PENDLEUSDT,SELL,LIMIT,1702260441292,15,1.2066053
PENDLEUSDT,SELL,LIMIT,1702260632620,630,1.2015388
PENDLEUSDT,SELL,LIMIT,1702260637684,8158,1.1975195
PENDLEUSDT,SELL,LIMIT,1702260687435,200,1.1994407
PENDLEUSDT,SELL,LIMIT,1702260690823,154,1.1991255
PENDLEUSDT,BUY,LIMIT,1702260709870,13,0.8453857
PENDLEUSDT,BUY,LIMIT,1702260711571,39,1.2454336
PENDLEUSDT,SELL,LIMIT,1702260716483,1435,1.2011489
PENDLEUSDT,SELL,LIMIT,1702260717733,37,1.2168658
PENDLEUSDT,SELL,LIMIT,1702260718822,33,1.2522823
PENDLEUSDT,SELL,LIMIT,1702260719826,1169,1.1941515
PENDLEUSDT,SELL,LIMIT,1702260722275,174,1.1937736
PENDLEUSDT,SELL,LIMIT,1702260724639,141,1.1932856
PENDLEUSDT,SELL,LIMIT,1702260725703,60,1.2072586
PENDLEUSDT,SELL,LIMIT,1702260730702,162,1.1933101
PENDLEUSDT,SELL,LIMIT,1702260731744,52,1.1933101
PENDLEUSDT,SELL,LIMIT,1702260736595,2411,1.1928827
PENDLEUSDT,SELL,LIMIT,1702260737680,807,1.1931857
PENDLEUSDT,SELL,LIMIT,1702260738973,204,1.1931345
PENDLEUSDT,SELL,LIMIT,1702260740828,174,1.1970225
PENDLEUSDT,SELL,LIMIT,1702260742854,51,1.1909432
PENDLEUSDT,SELL,LIMIT,1702260744571,18,1.1895089
PENDLEUSDT,SELL,LIMIT,1702260745560,84,1.1891826
PENDLEUSDT,SELL,LIMIT,1702260746650,176,1.1875225
PENDLEUSDT,SELL,LIMIT,1702260747718,2888,1.1875473
PENDLEUSDT,SELL,LIMIT,1702260748776,80,1.1845251
PENDLEUSDT,SELL,LIMIT,1702260750341,78,1.1853825
PENDLEUSDT,SELL,LIMIT,1702260751576,1632,1.1813761
PENDLEUSDT,SELL,LIMIT,1702260752825,16,1.1779776
PENDLEUSDT,SELL,LIMIT,1702260754006,4,1.1753534
PENDLEUSDT,SELL,LIMIT,1702260755869,10,1.1739052
PENDLEUSDT,SELL,LIMIT,1702260757045,618,1.1697875
PENDLEUSDT,SELL,LIMIT,1702260758480,520,1.1676518
PENDLEUSDT,SELL,LIMIT,1702260759777,1473,1.1487588
PENDLEUSDT,SELL,LIMIT,1702260760788,9,1.1428481
PENDLEUSDT,SELL,LIMIT,1702260761888,2017,1.1455396
PENDLEUSDT,SELL,LIMIT,1702260762978,119,1.1422776
PENDLEUSDT,SELL,LIMIT,1702260764220,161,1.1417104
PENDLEUSDT,SELL,LIMIT,1702260765352,1214,1.1290777
PENDLEUSDT,SELL,LIMIT,1702260766715,9,1.1281811
PENDLEUSDT,SELL,LIMIT,1702260767883,9,1.1450384
PENDLEUSDT,SELL,LIMIT,1702260769559,182,1.1264878
PENDLEUSDT,SELL,LIMIT,1702260770760,321,1.1435151
PENDLEUSDT,SELL,LIMIT,1702260771819,9,1.1165191
PENDLEUSDT,SELL,LIMIT,1702260772843,890,1.1171023
PENDLEUSDT,SELL,LIMIT,1702260774088,25,1.1160145
PENDLEUSDT,BUY,LIMIT,1702260775329,37,1.1663697
PENDLEUSDT,SELL,LIMIT,1702260776917,9,1.1216385
PENDLEUSDT,SELL,LIMIT,1702260778013,576,1.1102589
PENDLEUSDT,SELL,LIMIT,1702260779211,9,1.1060108
PENDLEUSDT,SELL,LIMIT,1702260780262,129,1.1059505
PENDLEUSDT,SELL,LIMIT,1702260781390,39220,1.0710922
PENDLEUSDT,SELL,LIMIT,1702260782562,1189,1.0984054
PENDLEUSDT,SELL,LIMIT,1702260783773,6021,1.0957254
PENDLEUSDT,SELL,LIMIT,1702260784789,225,1.0982711
PENDLEUSDT,SELL,LIMIT,1702260786063,1487,1.0949592
PENDLEUSDT,SELL,LIMIT,1702260787717,9,1.0962036
PENDLEUSDT,SELL,LIMIT,1702260788911,126,1.0940056
PENDLEUSDT,SELL,LIMIT,1702260790473,148,1.0876171
PENDLEUSDT,SELL,LIMIT,1702260791483,10314,1.0848793
PENDLEUSDT,SELL,LIMIT,1702260792564,9964,1.0684490
PENDLEUSDT,SELL,LIMIT,1702260793708,23,1.0666417
PENDLEUSDT,SELL,LIMIT,1702260795030,8,1.1185451
PENDLEUSDT,SELL,LIMIT,1702260796289,18,1.0664244
PENDLEUSDT,SELL,LIMIT,1702260797487,22,1.0629051
PENDLEUSDT,SELL,LIMIT,1702260798972,173,1.0628315
PENDLEUSDT,SELL,LIMIT,1702260800457,167,1.0562336
PENDLEUSDT,SELL,LIMIT,1702260801458,15,1.0410325
PENDLEUSDT,SELL,LIMIT,1702260802464,500,1.0452201
PENDLEUSDT,SELL,LIMIT,1702260803536,4032,1.0390942
PENDLEUSDT,SELL,LIMIT,1702260804819,2205,1.0392165
PENDLEUSDT,SELL,LIMIT,1702260805901,75,1.0393205
PENDLEUSDT,SELL,LIMIT,1702260807106,395,1.0367445
PENDLEUSDT,SELL,LIMIT,1702260808219,1434,1.0261386
PENDLEUSDT,SELL,LIMIT,1702260809777,5,1.0866730
PENDLEUSDT,SELL,LIMIT,1702260810867,79,1.0303411
PENDLEUSDT,SELL,LIMIT,1702260811870,89,1.0219403
PENDLEUSDT,SELL,LIMIT,1702260812888,950,1.0192894
PENDLEUSDT,SELL,LIMIT,1702260814572,1920,1.0088718
PENDLEUSDT,SELL,LIMIT,1702260816353,26,1.0108586
PENDLEUSDT,SELL,LIMIT,1702260818418,8,1.0160679
PENDLEUSDT,SELL,LIMIT,1702260820619,404,1.0210590
PENDLEUSDT,BUY,LIMIT,1702260840392,33,1.0748760
