Symbol,Side,Order Type,Time,Quantity,Price
PENDLEUSDT,BUY,LIMIT,1701067745186,2189,1.0443346
PENDLEUSDT,SELL,LIMIT,1701067814799,1121,1.0048034
PENDLEUSDT,SELL,LIMIT,1701068991559,10,0.9999921
PENDLEUSDT,SELL,LIMIT,1701069807568,187,0.9921638
PENDLEUSDT,SELL,LIMIT,1701069809496,110,0.9918470
PENDLEUSDT,SELL,LIMIT,1701069868305,258,0.9910730
PENDLEUSDT,SELL,LIMIT,1701069880819,471,0.9907140
PENDLEUSDT,SELL,LIMIT,1701069882870,942,0.9905218
PENDLEUSDT,SELL,LIMIT,1701069928264,295,0.9917601
PENDLEUSDT,SELL,LIMIT,1701070168773,218,0.9908953
PENDLEUSDT,SELL,LIMIT,1701070172879,460,0.9901772
PENDLEUSDT,SELL,LIMIT,1701075557817,2232,1.0069555
PENDLEUSDT,SELL,LIMIT,1701081427813,10,0.9919459
PENDLEUSDT,SELL,LIMIT,1701081437538,363,0.9912511
PENDLEUSDT,SELL,LIMIT,1701081580229,31,0.9901802
PENDLEUSDT,SELL,LIMIT,1701082011242,1494,0.9889791
PENDLEUSDT,SELL,LIMIT,1701082060779,478,0.9882631
PENDLEUSDT,SELL,LIMIT,1701082115717,14,0.9879982
PENDLEUSDT,SELL,LIMIT,1701082695804,25,0.9858558
PENDLEUSDT,SELL,LIMIT,1701084738138,198,0.9898837
PENDLEUSDT,SELL,LIMIT,1701093112115,4433,0.9855553
PENDLEUSDT,SELL,LIMIT,1701093118012,584,0.9848211
PENDLEUSDT,SELL,LIMIT,1701093138065,1594,0.9842575
PENDLEUSDT,SELL,LIMIT,1701095332967,408,0.9840993
PENDLEUSDT,SELL,LIMIT,1701095590943,20,0.9833020
PENDLEUSDT,SELL,LIMIT,1701095598156,24,0.9825274
PENDLEUSDT,SELL,LIMIT,1701095612076,25,0.9822005
PENDLEUSDT,SELL,LIMIT,1701096804407,238,0.9818978
PENDLEUSDT,SELL,LIMIT,1701097086915,50,0.9804841
PENDLEUSDT,SELL,LIMIT,1701097101362,10,0.9800391
PENDLEUSDT,SELL,LIMIT,1701097104097,10,0.9795845
PENDLEUSDT,SELL,LIMIT,1701100643335,351,0.9789839
PENDLEUSDT,SELL,LIMIT,1701100793251,111,0.9781432
PENDLEUSDT,SELL,LIMIT,1701100805246,50,0.9777581
PENDLEUSDT,SELL,LIMIT,1701100815029,970,0.9763750
PENDLEUSDT,SELL,LIMIT,1701101007837,8,0.9772128
PENDLEUSDT,SELL,LIMIT,1701101140862,54,0.9751092
PENDLEUSDT,SELL,LIMIT,1701114352848,7,0.9784321
PENDLEUSDT,SELL,LIMIT,1701114532925,60,0.9739071
PENDLEUSDT,SELL,LIMIT,1701118020271,435,0.9740221
PENDLEUSDT,BUY,LIMIT,1701122835820,21,1.0278314
PENDLEUSDT,SELL,LIMIT,1701148128083,66,0.9783638
PENDLEUSDT,SELL,LIMIT,1701148220552,50,0.9765947
PENDLEUSDT,SELL,LIMIT,1701149501505,262,0.9761357
PENDLEUSDT,SELL,LIMIT,1701149855335,89,0.9725489
PENDLEUSDT,SELL,LIMIT,1701149887132,85,0.9716295
PENDLEUSDT,SELL,LIMIT,1701149893550,6,0.9700575
PENDLEUSDT,SELL,LIMIT,1701149894663,5,0.9691163
PENDLEUSDT,SELL,LIMIT,1701151137969,48,0.9726501
PENDLEUSDT,SELL,LIMIT,1701151255493,2884,0.9697927
PENDLEUSDT,SELL,LIMIT,1701151263534,229,0.9689141
PENDLEUSDT,BUY,LIMIT,1701179231408,603,1.0434455
PENDLEUSDT,BUY,LIMIT,1701186200064,47,1.0521466
PENDLEUSDT,BUY,LIMIT,1701186220614,396,1.0539992
PENDLEUSDT,BUY,LIMIT,1701187176432,40,1.0613052
PENDLEUSDT,BUY,LIMIT,1701187294093,37,1.0623703
PENDLEUSDT,BUY,LIMIT,1701187679181,420,1.0663175
PENDLEUSDT,SELL,LIMIT,1701189984250,46,1.0322341
PENDLEUSDT,BUY,LIMIT,1701193400183,197,1.0894035
PENDLEUSDT,BUY,LIMIT,1701197853681,94,1.0815872
PENDLEUSDT,BUY,LIMIT,1701200523353,164,1.0906011
PENDLEUSDT,SELL,LIMIT,1701200841967,30,1.0459751
PENDLEUSDT,BUY,LIMIT,1701202951519,24,1.0943343
PENDLEUSDT,BUY,LIMIT,1701204282061,373,1.1012198
PENDLEUSDT,SELL,LIMIT,1701211906280,391,1.0441947
PENDLEUSDT,SELL,LIMIT,1701236702341,29,1.0378351
PENDLEUSDT,SELL,LIMIT,1701243969336,100,1.1348597
PENDLEUSDT,BUY,LIMIT,1701247359925,60,1.0950720
PENDLEUSDT,SELL,LIMIT,1701254543843,183,1.0341695
PENDLEUSDT,SELL,LIMIT,1701270612216,31,1.0212208
PENDLEUSDT,SELL,LIMIT,1701270617316,10,1.0199410
PENDLEUSDT,SELL,LIMIT,1701270618827,289,1.0184482
PENDLEUSDT,SELL,LIMIT,1701290347001,422,1.0169742
PENDLEUSDT,SELL,LIMIT,1701305130222,6,1.0356729
PENDLEUSDT,SELL,LIMIT,1701398472125,563,1.0475657
PENDLEUSDT,SELL,LIMIT,1701422241410,12,1.0499706
PENDLEUSDT,BUY,LIMIT,1701486002223,1,1.0836760
PENDLEUSDT,SELL,LIMIT,1701486004387,1,1.0413231
PENDLEUSDT,BUY,LIMIT,1701487157140,317,1.0866517
PENDLEUSDT,BUY,LIMIT,1701508287382,1920,1.0962746
