Symbol,Side,Order Type,Time,Quantity,Price
PEOPLEUSDT,BUY,LIMIT,1701065161288,35735,0.01292
PEOPLEUSDT,SELL,LIMIT,1701068345817,4854,0.01240
PEOPLEUSDT,SELL,LIMIT,1701069829108,1326,0.01229
PEOPLEUSDT,SELL,LIMIT,1701069882105,10462,0.01223
PEOPLEUSDT,SELL,LIMIT,1701072463113,5472,0.01254
PEOPLEUSDT,BUY,LIMIT,1701072510172,9410,0.01292
PEOPLEUSDT,BUY,LIMIT,1701072632661,63588,0.01305
PEOPLEUSDT,SELL,LIMIT,1701072947709,382343,0.01270
PEOPLEUSDT,SELL,LIMIT,1701073894060,59149,0.01272
PEOPLEUSDT,BUY,LIMIT,1701075086125,6670,0.01322
PEOPLEUSDT,SELL,LIMIT,1701075496579,1072,0.01267
PEOPLEUSDT,SELL,LIMIT,1701075533124,10469,0.01266
PEOPLEUSDT,BUY,LIMIT,1701076302066,127187,0.01334
PEOPLEUSDT,SELL,LIMIT,1701076733843,13280,0.01285
PEOPLEUSDT,SELL,LIMIT,1701076737886,31476,0.01284
PEOPLEUSDT,SELL,LIMIT,1701076781306,154451,0.01281
PEOPLEUSDT,BUY,LIMIT,1701076871410,977,0.01325
PEOPLEUSDT,BUY,LIMIT,1701077343392,91236,0.01333
PEOPLEUSDT,BUY,LIMIT,1701077981370,17625,0.01341
PEOPLEUSDT,BUY,LIMIT,1701078195494,457,0.01346
PEOPLEUSDT,BUY,LIMIT,1701078203261,1520,0.01353
PEOPLEUSDT,BUY,LIMIT,1701078206356,742,0.01358
PEOPLEUSDT,SELL,LIMIT,1701078257666,45644,0.01315
PEOPLEUSDT,SELL,LIMIT,1701078315577,115170,0.01311
PEOPLEUSDT,SELL,LIMIT,1701078317435,187265,0.01310
PEOPLEUSDT,SELL,LIMIT,1701078323105,4000,0.01306
PEOPLEUSDT,SELL,LIMIT,1701078324877,4387,0.01305
PEOPLEUSDT,SELL,LIMIT,1701078372259,19822,0.01298
PEOPLEUSDT,SELL,LIMIT,1701078954181,12644,0.01293
PEOPLEUSDT,SELL,LIMIT,1701079301206,99384,0.01288
PEOPLEUSDT,BUY,LIMIT,1701079455744,14571,0.01332
PEOPLEUSDT,BUY,LIMIT,1701079597749,110696,0.01334
PEOPLEUSDT,SELL,LIMIT,1701079820177,266633,0.01295
PEOPLEUSDT,SELL,LIMIT,1701079823635,890,0.01294
PEOPLEUSDT,SELL,LIMIT,1701079832607,58553,0.01293
PEOPLEUSDT,SELL,LIMIT,1701080054982,178593,0.01286
PEOPLEUSDT,SELL,LIMIT,1701080502283,8197,0.01286
PEOPLEUSDT,SELL,LIMIT,1701080507164,17549,0.01286
PEOPLEUSDT,SELL,LIMIT,1701080791473,30004,0.01279
PEOPLEUSDT,SELL,LIMIT,1701080793016,113550,0.01279
PEOPLEUSDT,SELL,LIMIT,1701080794373,68607,0.01291
PEOPLEUSDT,SELL,LIMIT,1701081331762,13491,0.01275
PEOPLEUSDT,SELL,LIMIT,1701081430318,20449,0.01278
PEOPLEUSDT,SELL,LIMIT,1701081437437,104273,0.01274
PEOPLEUSDT,SELL,LIMIT,1701081446235,40319,0.01274
PEOPLEUSDT,SELL,LIMIT,1701081453225,13859,0.01268
PEOPLEUSDT,SELL,LIMIT,1701081454393,18703,0.01270
PEOPLEUSDT,SELL,LIMIT,1701081504170,11302,0.01266
PEOPLEUSDT,SELL,LIMIT,1701081508969,379362,0.01265
PEOPLEUSDT,SELL,LIMIT,1701081514931,4978,0.01262
PEOPLEUSDT,SELL,LIMIT,1701081609227,1787,0.01260
PEOPLEUSDT,SELL,LIMIT,1701082119818,1560,0.01257
PEOPLEUSDT,SELL,LIMIT,1701082123555,4000,0.01257
PEOPLEUSDT,SELL,LIMIT,1701082127229,14651,0.01257
PEOPLEUSDT,SELL,LIMIT,1701082128424,4181,0.01255
PEOPLEUSDT,SELL,LIMIT,1701082140202,18150,0.01255
PEOPLEUSDT,SELL,LIMIT,1701082142130,306983,0.01254
PEOPLEUSDT,SELL,LIMIT,1701082144223,7594,0.01253
PEOPLEUSDT,SELL,LIMIT,1701082495771,73840,0.01249
PEOPLEUSDT,SELL,LIMIT,1701082608490,103452,0.01248
PEOPLEUSDT,SELL,LIMIT,1701082629064,373784,0.01244
PEOPLEUSDT,SELL,LIMIT,1701082635250,3913,0.01243
PEOPLEUSDT,SELL,LIMIT,1701082705127,21988,0.01239
PEOPLEUSDT,SELL,LIMIT,1701082707963,30106,0.01237
PEOPLEUSDT,SELL,LIMIT,1701083190197,58030,0.01248
PEOPLEUSDT,SELL,LIMIT,1701084781318,3391,0.01239
PEOPLEUSDT,SELL,LIMIT,1701084894264,204080,0.01238
PEOPLEUSDT,SELL,LIMIT,1701084911874,9702,0.01237
PEOPLEUSDT,SELL,LIMIT,1701087380184,81176,0.01240
PEOPLEUSDT,SELL,LIMIT,1701088160315,23858,0.01235
PEOPLEUSDT,SELL,LIMIT,1701088588379,24587,0.01232
PEOPLEUSDT,SELL,LIMIT,1701089872173,15103,0.01231
PEOPLEUSDT,SELL,LIMIT,1701089917312,21208,0.01230
PEOPLEUSDT,SELL,LIMIT,1701089930147,4319,0.01229
PEOPLEUSDT,SELL,LIMIT,1701089931480,4383,0.01229
PEOPLEUSDT,SELL,LIMIT,1701089933834,70263,0.01229
PEOPLEUSDT,SELL,LIMIT,1701091165196,7298,0.01225
PEOPLEUSDT,SELL,LIMIT,1701092504004,1835,0.01233
PEOPLEUSDT,SELL,LIMIT,1701093120172,16761,0.01224
PEOPLEUSDT,SELL,LIMIT,1701093122838,29976,0.01223
PEOPLEUSDT,SELL,LIMIT,1701094682272,11371,0.01223
PEOPLEUSDT,SELL,LIMIT,1701094970334,37600,0.01220
PEOPLEUSDT,SELL,LIMIT,1701094974521,1998,0.01220
PEOPLEUSDT,SELL,LIMIT,1701095004134,48478,0.01217
PEOPLEUSDT,SELL,LIMIT,1701095005247,147157,0.01218
PEOPLEUSDT,SELL,LIMIT,1701095128476,20689,0.01213
PEOPLEUSDT,SELL,LIMIT,1701095535905,25761,0.01210
PEOPLEUSDT,SELL,LIMIT,1701097036223,32081,0.01206
PEOPLEUSDT,SELL,LIMIT,1701097090530,46622,0.01202
PEOPLEUSDT,SELL,LIMIT,1701097101472,12158,0.01199
PEOPLEUSDT,BUY,LIMIT,1701097449206,803,0.01254
PEOPLEUSDT,SELL,LIMIT,1701100572191,115080,0.01210
PEOPLEUSDT,SELL,LIMIT,1701100641084,10225,0.01208
PEOPLEUSDT,BUY,LIMIT,1701100643404,3392,0.01239
PEOPLEUSDT,SELL,LIMIT,1701102045347,509,0.01247
PEOPLEUSDT,BUY,LIMIT,1701102199601,120000,0.01261
PEOPLEUSDT,SELL,LIMIT,1701107457014,71927,0.01229
PEOPLEUSDT,SELL,LIMIT,1701107643706,110234,0.01226
PEOPLEUSDT,SELL,LIMIT,1701111234120,41050,0.01228
PEOPLEUSDT,SELL,LIMIT,1701111885659,144310,0.01227
PEOPLEUSDT,SELL,LIMIT,1701112117757,16605,0.01223
PEOPLEUSDT,SELL,LIMIT,1701112214146,735,0.01221
PEOPLEUSDT,SELL,LIMIT,1701114124412,100580,0.01226
PEOPLEUSDT,SELL,LIMIT,1701114352849,626,0.01217
PEOPLEUSDT,SELL,LIMIT,1701114469634,4228,0.01216
PEOPLEUSDT,SELL,LIMIT,1701114495052,338,0.01231
PEOPLEUSDT,BUY,LIMIT,1701119351213,28226,0.01257
PEOPLEUSDT,SELL,LIMIT,1701131094715,7788,0.01232
PEOPLEUSDT,BUY,LIMIT,1701132962743,796,0.01273
PEOPLEUSDT,SELL,LIMIT,1701134720894,48055,0.01226
PEOPLEUSDT,SELL,LIMIT,1701136821255,3974,0.01222
PEOPLEUSDT,SELL,LIMIT,1701136894415,99774,0.01216
PEOPLEUSDT,SELL,LIMIT,1701136904527,20412,0.01214
PEOPLEUSDT,SELL,LIMIT,1701138498120,22259,0.01210
PEOPLEUSDT,SELL,LIMIT,1701141409192,5150,0.01203
PEOPLEUSDT,SELL,LIMIT,1701141466315,66991,0.01202
PEOPLEUSDT,SELL,LIMIT,1701143239819,16041,0.01198
PEOPLEUSDT,SELL,LIMIT,1701144171302,379431,0.01195
PEOPLEUSDT,SELL,LIMIT,1701144187915,29156,0.01194
PEOPLEUSDT,SELL,LIMIT,1701144203377,11479,0.01192
PEOPLEUSDT,SELL,LIMIT,1701145643152,40458,0.01191
PEOPLEUSDT,SELL,LIMIT,1701145776293,1757,0.01191
PEOPLEUSDT,SELL,LIMIT,1701145967286,28717,0.01189
PEOPLEUSDT,SELL,LIMIT,1701145969759,2588,0.01188
PEOPLEUSDT,SELL,LIMIT,1701146022229,3781,0.01187
PEOPLEUSDT,SELL,LIMIT,1701146029459,19831,0.01187
PEOPLEUSDT,SELL,LIMIT,1701146062159,1150,0.01186
PEOPLEUSDT,SELL,LIMIT,1701146064986,113577,0.01186
PEOPLEUSDT,SELL,LIMIT,1701146067275,6928,0.01185
PEOPLEUSDT,SELL,LIMIT,1701146298819,15996,0.01184
PEOPLEUSDT,SELL,LIMIT,1701146783404,2639,0.01182
PEOPLEUSDT,SELL,LIMIT,1701146858045,4141,0.01181
PEOPLEUSDT,SELL,LIMIT,1701147874834,1577,0.01178
PEOPLEUSDT,SELL,LIMIT,1701147878084,28953,0.01176
PEOPLEUSDT,SELL,LIMIT,1701147891409,486,0.01175
PEOPLEUSDT,SELL,LIMIT,1701148136425,38566,0.01174
PEOPLEUSDT,SELL,LIMIT,1701148138531,1822864,0.01165
PEOPLEUSDT,SELL,LIMIT,1701148200858,15765,0.01174
PEOPLEUSDT,SELL,LIMIT,1701148968486,601,0.01171
PEOPLEUSDT,SELL,LIMIT,1701149030004,8967,0.01170
PEOPLEUSDT,SELL,LIMIT,1701149041091,1399,0.01169
PEOPLEUSDT,SELL,LIMIT,1701149044746,2419,0.01169
PEOPLEUSDT,SELL,LIMIT,1701149058232,2705,0.01169
PEOPLEUSDT,SELL,LIMIT,1701149488885,80814,0.01167
PEOPLEUSDT,SELL,LIMIT,1701149771344,4038,0.01168
PEOPLEUSDT,SELL,LIMIT,1701149843798,9426,0.01166
PEOPLEUSDT,SELL,LIMIT,1701149846473,3677,0.01165
PEOPLEUSDT,SELL,LIMIT,1701149856331,77399,0.01165
PEOPLEUSDT,SELL,LIMIT,1701149858380,7562,0.01164
PEOPLEUSDT,SELL,LIMIT,1701149889000,278,0.01164
PEOPLEUSDT,SELL,LIMIT,1701149894158,397456,0.01162
PEOPLEUSDT,SELL,LIMIT,1701149897199,29412,0.01162
PEOPLEUSDT,BUY,LIMIT,1701152364124,16815,0.01212
PEOPLEUSDT,SELL,LIMIT,1701155652056,2515,0.01171
PEOPLEUSDT,SELL,LIMIT,1701155885207,15687,0.01170
PEOPLEUSDT,SELL,LIMIT,1701162625825,489,0.01170
PEOPLEUSDT,SELL,LIMIT,1701165859091,45237,0.01183
PEOPLEUSDT,BUY,LIMIT,1701172438115,234672,0.01236
PEOPLEUSDT,SELL,LIMIT,1701173326890,186,0.01192
PEOPLEUSDT,SELL,LIMIT,1701174655382,8390,0.01191
PEOPLEUSDT,BUY,LIMIT,1701189701139,1344,0.01249
PEOPLEUSDT,SELL,LIMIT,1701192017371,26233,0.01226
PEOPLEUSDT,BUY,LIMIT,1701192758658,462,0.01266
PEOPLEUSDT,SELL,LIMIT,1701197853707,1750000,0.01217
PEOPLEUSDT,BUY,LIMIT,1701197862395,106382,0.01263
PEOPLEUSDT,BUY,LIMIT,1701200478259,8101,0.01274
PEOPLEUSDT,BUY,LIMIT,1701204407317,37198,0.01277
PEOPLEUSDT,SELL,LIMIT,1701210852930,694,0.01235
PEOPLEUSDT,BUY,LIMIT,1701216075215,47846,0.01278
PEOPLEUSDT,BUY,LIMIT,1701218047835,1007,0.01299
PEOPLEUSDT,BUY,LIMIT,1701218230851,26863,0.01301
PEOPLEUSDT,BUY,LIMIT,1701218432367,397997,0.01309
PEOPLEUSDT,BUY,LIMIT,1701218445982,960,0.01309
PEOPLEUSDT,BUY,LIMIT,1701218449280,16683,0.01310
PEOPLEUSDT,SELL,LIMIT,1701222413442,13410,0.01254
PEOPLEUSDT,SELL,LIMIT,1701225197103,4692,0.01254
PEOPLEUSDT,SELL,LIMIT,1701231196865,4972,0.01249
PEOPLEUSDT,SELL,LIMIT,1701231591963,11,0.01244
PEOPLEUSDT,SELL,LIMIT,1701231726695,684,0.01243
PEOPLEUSDT,SELL,LIMIT,1701236140729,7320,0.01241
PEOPLEUSDT,BUY,LIMIT,1701241388062,2915,0.01300
PEOPLEUSDT,BUY,LIMIT,1701247359925,6369,0.01294
PEOPLEUSDT,SELL,LIMIT,1701248558405,39,0.01420
PEOPLEUSDT,SELL,LIMIT,1701254007212,21481,0.01237
PEOPLEUSDT,SELL,LIMIT,1701254360176,7861,0.01233
PEOPLEUSDT,BUY,LIMIT,1701256063544,400000,0.01280
PEOPLEUSDT,SELL,LIMIT,1701267790181,496,0.01232
PEOPLEUSDT,SELL,LIMIT,1701270507165,235678,0.01224
PEOPLEUSDT,BUY,LIMIT,1701271726262,8362,0.01261
PEOPLEUSDT,SELL,LIMIT,1701275828954,783,0.01215
PEOPLEUSDT,SELL,LIMIT,1701275840898,6108,0.01212
PEOPLEUSDT,BUY,LIMIT,1701276491102,46864,0.01257
PEOPLEUSDT,SELL,LIMIT,1701284959758,46225,0.01224
PEOPLEUSDT,SELL,LIMIT,1701290347001,100951,0.01211
PEOPLEUSDT,SELL,LIMIT,1701290349748,82482,0.01211
PEOPLEUSDT,SELL,LIMIT,1701290354121,477,0.01211
PEOPLEUSDT,SELL,LIMIT,1701290355263,50000,0.01210
PEOPLEUSDT,BUY,LIMIT,1701305138033,483,0.01261
PEOPLEUSDT,SELL,LIMIT,1701306085405,378336,0.01218
PEOPLEUSDT,SELL,LIMIT,1701306252982,825,0.01211
PEOPLEUSDT,SELL,LIMIT,1701306426392,166179,0.01208
PEOPLEUSDT,SELL,LIMIT,1701306427477,752,0.01207
PEOPLEUSDT,SELL,LIMIT,1701331025553,77466,0.01210
PEOPLEUSDT,SELL,LIMIT,1701335468371,10714,0.01204
PEOPLEUSDT,SELL,LIMIT,1701335547090,4288,0.01202
PEOPLEUSDT,BUY,LIMIT,1701340299645,757,0.01247
PEOPLEUSDT,BUY,LIMIT,1701344263415,24148,0.01249
PEOPLEUSDT,SELL,LIMIT,1701352527659,20825,0.01205
