Symbol,Side,Order Type,Time,Quantity,Price
PERPUSDT,SELL,LIMIT,1701067730495,1153.4,0.637394
PERPUSDT,BUY,LIMIT,1701067750903,14.5,0.656717
PERPUSDT,SELL,LIMIT,1701067870160,29.0,0.635606
PERPUSDT,SELL,LIMIT,1701068161203,104.8,0.633614
PERPUSDT,SELL,LIMIT,1701069574039,954.9,0.630449
PERPUSDT,SELL,LIMIT,1701069876730,12606.0,0.624973
PERPUSDT,SELL,LIMIT,1701069885260,30.1,0.627573
PERPUSDT,SELL,LIMIT,1701069914215,10.6,0.624682
PERPUSDT,SELL,LIMIT,1701074598223,8.2,0.702908
PERPUSDT,SELL,LIMIT,1701079213513,817.1,0.630355
PERPUSDT,SELL,LIMIT,1701081254917,236.8,0.626806
PERPUSDT,SELL,LIMIT,1701081328717,4127.4,0.626358
PERPUSDT,SELL,LIMIT,1701081453414,269.0,0.623466
PERPUSDT,SELL,LIMIT,1701082686615,155.9,0.620653
PERPUSDT,SELL,LIMIT,1701082705195,1108.3,0.620149
PERPUSDT,SELL,LIMIT,1701082728100,278.0,0.620229
PERPUSDT,BUY,LIMIT,1701093273808,83.1,0.642853
PERPUSDT,BUY,LIMIT,1701093410727,74.3,0.645449
PERPUSDT,SELL,LIMIT,1701097091519,1032.5,0.617470
PERPUSDT,SELL,LIMIT,1701097099732,45.8,0.617027
PERPUSDT,BUY,LIMIT,1701100515213,37.6,0.620097
PERPUSDT,SELL,LIMIT,1701100632828,154.5,0.616691
PERPUSDT,SELL,LIMIT,1701101048048,2032.7,0.618284
PERPUSDT,SELL,LIMIT,1701101174315,1995.9,0.617299
PERPUSDT,SELL,LIMIT,1701107641846,2079.7,0.620957
PERPUSDT,SELL,LIMIT,1701111191851,33.1,0.622702
PERPUSDT,SELL,LIMIT,1701111200353,4278.6,0.622632
PERPUSDT,SELL,LIMIT,1701111234282,25306.0,0.617449
PERPUSDT,SELL,LIMIT,1701114352850,12.7,0.617968
PERPUSDT,SELL,LIMIT,1701114355811,14.7,0.617958
PERPUSDT,SELL,LIMIT,1701114456897,76.0,0.617232
PERPUSDT,SELL,LIMIT,1701114470195,5116.0,0.616587
PERPUSDT,SELL,LIMIT,1701114471540,101.1,0.616501
PERPUSDT,SELL,LIMIT,1701114477151,1556.2,0.615721
PERPUSDT,SELL,LIMIT,1701114490358,983.4,0.614940
PERPUSDT,SELL,LIMIT,1701114496296,906.5,0.614367
PERPUSDT,SELL,LIMIT,1701134137259,39.2,0.630222
PERPUSDT,SELL,LIMIT,1701134729131,1352.8,0.627157
PERPUSDT,BUY,LIMIT,1701137690982,8.0,0.640132
PERPUSDT,SELL,LIMIT,1701143277907,9.0,0.620416
PERPUSDT,SELL,LIMIT,1701144389393,1068.1,0.618832
PERPUSDT,SELL,LIMIT,1701146617077,10372.4,0.612812
PERPUSDT,SELL,LIMIT,1701146626187,9144.4,0.613018
PERPUSDT,SELL,LIMIT,1701146890319,704.5,0.613066
PERPUSDT,SELL,LIMIT,1701147850754,167.1,0.611140
PERPUSDT,SELL,LIMIT,1701147884911,23.6,0.610419
PERPUSDT,SELL,LIMIT,1701147886127,439.5,0.610384
PERPUSDT,SELL,LIMIT,1701147893666,405.7,0.610203
PERPUSDT,SELL,LIMIT,1701147924052,5181.9,0.609265
PERPUSDT,SELL,LIMIT,1701147925980,123.2,0.609168
PERPUSDT,SELL,LIMIT,1701147933093,42.6,0.608009
PERPUSDT,SELL,LIMIT,1701148123098,499.4,0.607099
PERPUSDT,SELL,LIMIT,1701148220669,4505.0,0.606370
PERPUSDT,SELL,LIMIT,1701148222229,17.0,0.605881
PERPUSDT,SELL,LIMIT,1701149772275,8266.4,0.605309
PERPUSDT,SELL,LIMIT,1701149773568,1453.9,0.605014
PERPUSDT,SELL,LIMIT,1701149850417,1020.0,0.603735
PERPUSDT,BUY,LIMIT,1701158590232,419.6,0.634535
PERPUSDT,BUY,LIMIT,1701175727343,1158.5,0.648721
PERPUSDT,SELL,LIMIT,1701175775889,793.2,0.629069
PERPUSDT,SELL,LIMIT,1701175998066,47.1,0.623996
PERPUSDT,BUY,LIMIT,1701190216163,9.0,0.656124
PERPUSDT,BUY,LIMIT,1701192025374,274.4,0.658932
PERPUSDT,BUY,LIMIT,1701192032625,1316.6,0.659361
PERPUSDT,SELL,LIMIT,1701194827259,187.4,0.639388
PERPUSDT,SELL,LIMIT,1701211945414,193.7,0.639875
PERPUSDT,BUY,LIMIT,1701215098266,3814.5,0.663956
PERPUSDT,BUY,LIMIT,1701218563287,1248.3,0.668034
PERPUSDT,SELL,LIMIT,1701219783809,845.8,0.648650
PERPUSDT,BUY,LIMIT,1701248659549,75.9,0.669189
PERPUSDT,SELL,LIMIT,1701251619596,152.0,0.644338
PERPUSDT,SELL,LIMIT,1701254417906,2003.3,0.635755
