Symbol,Side,Order Type,Time,Quantity,Price
PERPUSDT,SELL,LIMIT,1701939378859,3273.0,0.674286
PERPUSDT,SELL,LIMIT,1701939969117,363.7,0.670884
PERPUSDT,SELL,LIMIT,1701940562551,742.3,0.666794
PERPUSDT,SELL,LIMIT,1701940568263,10.0,0.677923
PERPUSDT,SELL,LIMIT,1701941166712,1356.6,0.662674
PERPUSDT,SELL,LIMIT,1701941180124,159.9,0.661214
PERPUSDT,SELL,LIMIT,1701941182104,15.0,0.660775
PERPUSDT,SELL,LIMIT,1701941187452,241.9,0.660011
PERPUSDT,SELL,LIMIT,1701941246436,2868.3,0.658877
PERPUSDT,SELL,LIMIT,1701946489942,69.8,0.669791
PERPUSDT,BUY,LIMIT,1701952079586,102.2,0.718502
PERPUSDT,BUY,LIMIT,1701953157456,350.0,0.725929
PERPUSDT,BUY,LIMIT,1701953160778,186.7,0.726604
PERPUSDT,BUY,LIMIT,1701953231296,527.1,0.727414
PERPUSDT,SELL,LIMIT,1701956149239,707.9,0.689342
PERPUSDT,SELL,LIMIT,1701956906109,248.6,0.690552
PERPUSDT,BUY,LIMIT,1701961449425,284.2,0.738534
PERPUSDT,BUY,LIMIT,1701962111100,35.5,0.746366
PERPUSDT,BUY,LIMIT,1701962120888,14.9,0.750487
PERPUSDT,BUY,LIMIT,1701962145697,3108.8,0.751885
PERPUSDT,BUY,LIMIT,1701962147444,394.3,0.753335
PERPUSDT,BUY,LIMIT,1701962154436,8.4,0.754600
PERPUSDT,BUY,LIMIT,1701962202389,1008.4,0.757658
PERPUSDT,BUY,LIMIT,1701962206315,3980.6,0.758659
PERPUSDT,BUY,LIMIT,1701962216629,917.5,0.759208
PERPUSDT,SELL,LIMIT,1701962329161,934.6,0.728397
PERPUSDT,SELL,LIMIT,1701962341220,67.5,0.725349
PERPUSDT,BUY,LIMIT,1701962612514,446.3,0.760584
PERPUSDT,BUY,LIMIT,1701962660036,134.2,0.766787
PERPUSDT,BUY,LIMIT,1701962674177,100.0,0.767937
PERPUSDT,SELL,LIMIT,1701962767683,68.8,0.741533
PERPUSDT,SELL,LIMIT,1701962833456,132.6,0.738611
PERPUSDT,BUY,LIMIT,1701963366088,455.8,0.770050
PERPUSDT,BUY,LIMIT,1701964296148,22.2,0.764652
PERPUSDT,BUY,LIMIT,1701964362445,362.5,0.766481
PERPUSDT,BUY,LIMIT,1701964424227,438.0,0.770365
PERPUSDT,BUY,LIMIT,1701964432758,248.5,0.772892
PERPUSDT,BUY,LIMIT,1701964473691,6037.1,0.776537
PERPUSDT,BUY,LIMIT,1701964541398,24.8,0.780538
PERPUSDT,BUY,LIMIT,1701964556046,427.1,0.783155
PERPUSDT,BUY,LIMIT,1701964561730,26.4,0.786474
PERPUSDT,BUY,LIMIT,1701964564462,82.0,0.786999
PERPUSDT,SELL,LIMIT,1701964646202,286.3,0.755244
PERPUSDT,SELL,LIMIT,1701964816088,1685.7,0.754160
PERPUSDT,SELL,LIMIT,1701964817463,518.5,0.755010
PERPUSDT,SELL,LIMIT,1701964818794,5237.1,0.754236
PERPUSDT,SELL,LIMIT,1701964877481,504.1,0.749364
PERPUSDT,SELL,LIMIT,1701964897295,2176.8,0.746404
PERPUSDT,SELL,LIMIT,1701965067236,351.4,0.750459
PERPUSDT,SELL,LIMIT,1701965124369,6190.4,0.741696
PERPUSDT,SELL,LIMIT,1701965130262,8.6,0.739843
PERPUSDT,SELL,LIMIT,1701965212543,6477.5,0.738624
PERPUSDT,SELL,LIMIT,1701965238124,466.0,0.735116
PERPUSDT,SELL,LIMIT,1701965262307,10.8,0.733829
PERPUSDT,SELL,LIMIT,1701965283014,12.9,0.732776
PERPUSDT,SELL,LIMIT,1701965312208,32.5,0.731322
PERPUSDT,SELL,LIMIT,1701965313304,19.4,0.731313
PERPUSDT,SELL,LIMIT,1701965318064,3343.6,0.731083
PERPUSDT,SELL,LIMIT,1701965319068,2927.1,0.730922
PERPUSDT,SELL,LIMIT,1701965399212,739.6,0.728301
PERPUSDT,SELL,LIMIT,1701965409636,30.7,0.727486
PERPUSDT,SELL,LIMIT,1701965428859,523.2,0.724875
PERPUSDT,SELL,LIMIT,1701965724923,13.4,0.721153
PERPUSDT,SELL,LIMIT,1701965937673,207.7,0.719031
PERPUSDT,SELL,LIMIT,1701965950151,3595.3,0.718482
PERPUSDT,SELL,LIMIT,1701966506688,100.0,0.715333
PERPUSDT,SELL,LIMIT,1701966513166,485.3,0.714470
PERPUSDT,SELL,LIMIT,1701966524731,138.9,0.714217
PERPUSDT,SELL,LIMIT,1701966526582,199.7,0.713696
PERPUSDT,SELL,LIMIT,1701969152419,3419.9,0.716052
PERPUSDT,SELL,LIMIT,1701970222028,546.6,0.717147
PERPUSDT,SELL,LIMIT,1701970947228,31.8,0.712626
PERPUSDT,SELL,LIMIT,1701971000440,137.7,0.711430
PERPUSDT,SELL,LIMIT,1701971375473,952.1,0.708900
PERPUSDT,SELL,LIMIT,1701971377385,4011.2,0.708458
PERPUSDT,SELL,LIMIT,1701974322499,1701.0,0.711275
PERPUSDT,SELL,LIMIT,1701976696080,164.2,0.708073
PERPUSDT,SELL,LIMIT,1701976885296,331.1,0.707807
PERPUSDT,SELL,LIMIT,1701976889796,4707.8,0.706711
PERPUSDT,SELL,LIMIT,1701977167145,7092.6,0.706363
PERPUSDT,SELL,LIMIT,1701977268189,7.1,0.733600
PERPUSDT,SELL,LIMIT,1701978259307,110.0,0.704890
PERPUSDT,SELL,LIMIT,1701981496817,207.9,0.707088
PERPUSDT,SELL,LIMIT,1701981627888,1840.7,0.703926
PERPUSDT,BUY,LIMIT,1701984588504,7.7,0.738133
PERPUSDT,SELL,LIMIT,1701988494362,20.0,0.703002
PERPUSDT,SELL,LIMIT,1701997775424,2094.2,0.700336
PERPUSDT,SELL,LIMIT,1702002205241,199.5,0.705431
PERPUSDT,SELL,LIMIT,1702003642404,196.9,0.705782
PERPUSDT,BUY,LIMIT,1702004058206,28.6,0.730292
PERPUSDT,BUY,LIMIT,1702007154540,39.8,0.736209
PERPUSDT,BUY,LIMIT,1702012812830,292.8,0.746173
PERPUSDT,SELL,LIMIT,1702015547777,70.0,0.719951
PERPUSDT,BUY,LIMIT,1702016741296,90.4,0.750592
PERPUSDT,BUY,LIMIT,1702016915304,207.3,0.752417
PERPUSDT,SELL,LIMIT,1702017449805,245.0,0.732412
PERPUSDT,SELL,LIMIT,1702017860250,658.9,0.724789
PERPUSDT,SELL,LIMIT,1702019526073,116.1,0.719833
PERPUSDT,SELL,LIMIT,1702019546708,6770.6,0.719205
PERPUSDT,SELL,LIMIT,1702020655600,1342.7,0.714860
PERPUSDT,SELL,LIMIT,1702024407520,3217.9,0.709902
PERPUSDT,SELL,LIMIT,1702025820037,258.2,0.709607
PERPUSDT,SELL,LIMIT,1702025976136,18.9,0.708309
PERPUSDT,BUY,LIMIT,1702034943314,13.9,0.734287
PERPUSDT,SELL,LIMIT,1702040515993,93.1,0.715314
PERPUSDT,BUY,LIMIT,1702051903142,7.9,0.746633
PERPUSDT,BUY,LIMIT,1702052530227,97.4,0.746476
PERPUSDT,BUY,LIMIT,1702053206231,495.0,0.745670
PERPUSDT,BUY,LIMIT,1702054195091,647.8,0.751515
PERPUSDT,SELL,LIMIT,1702055305460,12.1,0.724688
PERPUSDT,SELL,LIMIT,1702055698272,88.1,0.724101
PERPUSDT,SELL,LIMIT,1702055769314,173.4,0.722908
PERPUSDT,SELL,LIMIT,1702059000058,99.2,0.720791
PERPUSDT,SELL,LIMIT,1702074435561,70.0,0.717801
PERPUSDT,SELL,LIMIT,1702075726248,8.4,0.717033
PERPUSDT,SELL,LIMIT,1702075727338,590.9,0.716489
PERPUSDT,BUY,LIMIT,1702082106889,139.4,0.750618
PERPUSDT,SELL,LIMIT,1702084182473,146.2,0.714084
PERPUSDT,BUY,LIMIT,1702096231065,48.8,0.751806
PERPUSDT,BUY,LIMIT,1702107296482,414.4,0.751546
PERPUSDT,BUY,LIMIT,1702108071031,39.0,0.757199
PERPUSDT,BUY,LIMIT,1702108122169,7.5,0.757934
PERPUSDT,BUY,LIMIT,1702110098724,6819.7,0.762932
PERPUSDT,SELL,LIMIT,1702110244847,16.7,0.742355
PERPUSDT,SELL,LIMIT,1702110822568,167.0,0.733507
PERPUSDT,SELL,LIMIT,1702110969122,6573.3,0.725354
PERPUSDT,SELL,LIMIT,1702111028342,224.1,0.720964
PERPUSDT,BUY,LIMIT,1702111031400,115.7,0.742449
PERPUSDT,SELL,LIMIT,1702111034086,2000.0,0.719746
PERPUSDT,SELL,LIMIT,1702111035735,62.0,0.719265
PERPUSDT,SELL,LIMIT,1702111037220,629.9,0.718354
PERPUSDT,SELL,LIMIT,1702111377771,149.4,0.714048
PERPUSDT,SELL,LIMIT,1702111379533,675.0,0.712004
PERPUSDT,SELL,LIMIT,1702111382436,89.3,0.710485
PERPUSDT,SELL,LIMIT,1702111386313,3508.5,0.711286
PERPUSDT,SELL,LIMIT,1702114754903,6696.1,0.722674
PERPUSDT,SELL,LIMIT,1702115044339,99.6,0.721342
PERPUSDT,SELL,LIMIT,1702125074489,318.6,0.718820
PERPUSDT,SELL,LIMIT,1702130586069,8.7,0.734591
PERPUSDT,SELL,LIMIT,1702132821853,132.2,0.724579
PERPUSDT,SELL,LIMIT,1702132997450,1360.2,0.721121
PERPUSDT,SELL,LIMIT,1702133001941,437.2,0.720422
PERPUSDT,SELL,LIMIT,1702133006056,88.8,0.720201
PERPUSDT,SELL,LIMIT,1702133008143,338.7,0.719845
PERPUSDT,SELL,LIMIT,1702134344498,813.4,0.720701
PERPUSDT,BUY,LIMIT,1702136074071,251.4,0.743175
PERPUSDT,SELL,LIMIT,1702138954674,267.1,0.720859
PERPUSDT,SELL,LIMIT,1702139112133,353.6,0.719663
PERPUSDT,SELL,LIMIT,1702139128089,81.0,0.716762
PERPUSDT,SELL,LIMIT,1702139288368,448.8,0.713843
PERPUSDT,SELL,LIMIT,1702141547258,1302.5,0.714361
PERPUSDT,SELL,LIMIT,1702141564518,8.1,0.712651
PERPUSDT,SELL,LIMIT,1702141694037,14.4,0.710631
PERPUSDT,SELL,LIMIT,1702141847958,81.9,0.708235
PERPUSDT,SELL,LIMIT,1702141865268,3426.5,0.707329
PERPUSDT,SELL,LIMIT,1702144809396,18.1,0.711059
PERPUSDT,SELL,LIMIT,1702144884944,86.0,0.711317
PERPUSDT,SELL,LIMIT,1702144911253,10.9,0.712015
PERPUSDT,SELL,LIMIT,1702144945368,77.4,0.711365
PERPUSDT,SELL,LIMIT,1702153709601,145.3,0.722305
PERPUSDT,SELL,LIMIT,1702153861220,13.8,0.718716
PERPUSDT,SELL,LIMIT,1702153870148,84.9,0.717732
PERPUSDT,SELL,LIMIT,1702164293763,17.0,0.713407
PERPUSDT,SELL,LIMIT,1702164544441,2087.1,0.710261
PERPUSDT,SELL,LIMIT,1702164546217,2776.7,0.710069
PERPUSDT,SELL,LIMIT,1702164557136,2140.0,0.709643
PERPUSDT,SELL,LIMIT,1702164579750,17.0,0.708972
PERPUSDT,SELL,LIMIT,1702164691063,1908.7,0.708905
PERPUSDT,SELL,LIMIT,1702164745631,2872.7,0.707318
PERPUSDT,SELL,LIMIT,1702164748340,435.4,0.706550
PERPUSDT,SELL,LIMIT,1702164749808,877.1,0.706347
PERPUSDT,SELL,LIMIT,1702164753201,17.6,0.706120
PERPUSDT,SELL,LIMIT,1702164800436,148.0,0.704595
PERPUSDT,SELL,LIMIT,1702164801623,1616.3,0.704697
PERPUSDT,SELL,LIMIT,1702164806126,855.4,0.710013
PERPUSDT,SELL,LIMIT,1702164807974,403.4,0.703298
PERPUSDT,SELL,LIMIT,1702164811092,279.4,0.702566
PERPUSDT,BUY,LIMIT,1702165078894,15.6,0.726847
PERPUSDT,BUY,LIMIT,1702183132307,59.6,0.749605
PERPUSDT,SELL,LIMIT,1702189828391,30.2,0.724966
PERPUSDT,SELL,LIMIT,1702193855351,112.6,0.714279
PERPUSDT,SELL,LIMIT,1702196683841,200.0,0.717515
PERPUSDT,SELL,LIMIT,1702197836424,223.8,0.714260
PERPUSDT,SELL,LIMIT,1702200622393,544.3,0.706193
PERPUSDT,SELL,LIMIT,1702200730726,59.6,0.705237
PERPUSDT,SELL,LIMIT,1702200769111,3309.8,0.703591
PERPUSDT,SELL,LIMIT,1702200775996,3.4,0.702056
PERPUSDT,SELL,LIMIT,1702200795093,72.8,0.701912
PERPUSDT,SELL,LIMIT,1702200889335,5620.6,0.701518
PERPUSDT,BUY,LIMIT,1702200893376,42.6,0.722459
PERPUSDT,SELL,LIMIT,1702200925250,6523.7,0.701403
PERPUSDT,SELL,LIMIT,1702200926418,1445.3,0.701473
PERPUSDT,SELL,LIMIT,1702200927627,5034.4,0.700853
PERPUSDT,SELL,LIMIT,1702200930229,1317.0,0.700221
PERPUSDT,SELL,LIMIT,1702200940537,36.2,0.698883
PERPUSDT,SELL,LIMIT,1702202049422,9.6,0.698496
PERPUSDT,SELL,LIMIT,1702202054285,3100.8,0.698002
PERPUSDT,SELL,LIMIT,1702202056161,936.8,0.697952
PERPUSDT,SELL,LIMIT,1702202157317,20.5,0.697073
PERPUSDT,SELL,LIMIT,1702202232927,142.1,0.696062
PERPUSDT,SELL,LIMIT,1702202253402,68.5,0.695263
PERPUSDT,SELL,LIMIT,1702202289160,10.3,0.694942
PERPUSDT,SELL,LIMIT,1702202295571,102.2,0.694103
PERPUSDT,SELL,LIMIT,1702202323240,1049.2,0.693480
PERPUSDT,SELL,LIMIT,1702202363280,192.1,0.692806
PERPUSDT,SELL,LIMIT,1702202365043,673.7,0.692645
PERPUSDT,SELL,LIMIT,1702202366319,2895.2,0.692217
PERPUSDT,SELL,LIMIT,1702202385302,329.7,0.694254
PERPUSDT,SELL,LIMIT,1702202386354,5.5,0.691570
PERPUSDT,SELL,LIMIT,1702202388067,131.0,0.691570
PERPUSDT,SELL,LIMIT,1702202389609,1529.5,0.691570
PERPUSDT,SELL,LIMIT,1702202393655,17.5,0.691081
PERPUSDT,BUY,LIMIT,1702241560206,1252.6,0.752996
PERPUSDT,BUY,LIMIT,1702250807599,20.4,0.746118
PERPUSDT,SELL,LIMIT,1702256578248,78.3,0.716132
PERPUSDT,SELL,LIMIT,1702256620301,201.9,0.714328
PERPUSDT,SELL,LIMIT,1702256908836,84.4,0.712234
PERPUSDT,SELL,LIMIT,1702260182019,18.7,0.716971
PERPUSDT,SELL,LIMIT,1702260251418,546.8,0.716821
PERPUSDT,SELL,LIMIT,1702260324405,1.9,0.712955
PERPUSDT,SELL,LIMIT,1702260442875,14.9,0.710026
PERPUSDT,SELL,LIMIT,1702260615903,2713.3,0.707805
PERPUSDT,SELL,LIMIT,1702260627150,18.9,0.706608
PERPUSDT,SELL,LIMIT,1702260630693,66.0,0.704290
PERPUSDT,SELL,LIMIT,1702260637586,272.4,0.702769
PERPUSDT,SELL,LIMIT,1702260690194,1626.6,0.701512
PERPUSDT,SELL,LIMIT,1702260699201,8.8,0.700541
PERPUSDT,SELL,LIMIT,1702260702413,4002.4,0.700265
PERPUSDT,SELL,LIMIT,1702260705771,1204.8,0.700127
PERPUSDT,SELL,LIMIT,1702260707914,3039.7,0.700489
PERPUSDT,SELL,LIMIT,1702260710289,8.1,0.698324
PERPUSDT,BUY,LIMIT,1702260711570,242.2,0.719911
PERPUSDT,SELL,LIMIT,1702260712787,2677.4,0.697906
PERPUSDT,SELL,LIMIT,1702260714219,140.0,0.698600
PERPUSDT,SELL,LIMIT,1702260716911,264.5,0.695627
PERPUSDT,SELL,LIMIT,1702260723247,140.8,0.696176
PERPUSDT,SELL,LIMIT,1702260724559,43.6,0.694484
PERPUSDT,SELL,LIMIT,1702260725659,7.0,0.694094
PERPUSDT,SELL,LIMIT,1702260728261,503.8,0.693787
PERPUSDT,SELL,LIMIT,1702260730225,609.4,0.693312
PERPUSDT,SELL,LIMIT,1702260732113,2500.0,0.713398
PERPUSDT,SELL,LIMIT,1702260733498,492.1,0.693010
PERPUSDT,SELL,LIMIT,1702260738566,53.3,0.693204
PERPUSDT,SELL,LIMIT,1702260741716,1100.0,0.691545
PERPUSDT,SELL,LIMIT,1702260742758,6000.0,0.700807
PERPUSDT,SELL,LIMIT,1702260743907,6926.2,0.691349
PERPUSDT,SELL,LIMIT,1702260745636,24.5,0.687691
PERPUSDT,SELL,LIMIT,1702260747958,8.7,0.687408
PERPUSDT,SELL,LIMIT,1702260749108,677.3,0.684361
PERPUSDT,SELL,LIMIT,1702260750489,170.0,0.684016
PERPUSDT,SELL,LIMIT,1702260751510,420.3,0.687315
PERPUSDT,SELL,LIMIT,1702260752825,26.9,0.683640
PERPUSDT,SELL,LIMIT,1702260754511,2436.6,0.682710
PERPUSDT,SELL,LIMIT,1702260757482,135.8,0.684231
PERPUSDT,SELL,LIMIT,1702260758486,41.8,0.679769
PERPUSDT,SELL,LIMIT,1702260760475,1245.6,0.678763
PERPUSDT,SELL,LIMIT,1702260761734,7.8,0.678205
PERPUSDT,SELL,LIMIT,1702260762854,2447.9,0.681311
PERPUSDT,SELL,LIMIT,1702260764220,84.7,0.675949
PERPUSDT,SELL,LIMIT,1702260766719,489.8,0.675623
PERPUSDT,SELL,LIMIT,1702260767916,6493.1,0.673268
PERPUSDT,SELL,LIMIT,1702260770208,893.3,0.671962
PERPUSDT,SELL,LIMIT,1702260771929,11632.5,0.666806
PERPUSDT,SELL,LIMIT,1702260772933,6.9,0.667724
PERPUSDT,SELL,LIMIT,1702260774414,129.6,0.667250
PERPUSDT,SELL,LIMIT,1702260775576,145.5,0.666163
PERPUSDT,SELL,LIMIT,1702260776594,15.2,0.663740
PERPUSDT,SELL,LIMIT,1702260778346,344.7,0.661867
PERPUSDT,SELL,LIMIT,1702260779370,1365.5,0.660412
PERPUSDT,SELL,LIMIT,1702260780436,2818.4,0.657893
PERPUSDT,SELL,LIMIT,1702260781882,12.2,0.658051
PERPUSDT,SELL,LIMIT,1702260783456,1464.2,0.654820
PERPUSDT,SELL,LIMIT,1702260784606,728.4,0.653974
PERPUSDT,SELL,LIMIT,1702260785630,307.5,0.654599
PERPUSDT,SELL,LIMIT,1702260786794,33.9,0.650640
PERPUSDT,SELL,LIMIT,1702260788379,401.9,0.648860
PERPUSDT,SELL,LIMIT,1702260789476,1291.7,0.650169
PERPUSDT,SELL,LIMIT,1702260790715,8.0,0.647875
PERPUSDT,SELL,LIMIT,1702260791805,25.3,0.643045
PERPUSDT,SELL,LIMIT,1702260793227,10295.6,0.643017
PERPUSDT,SELL,LIMIT,1702260794492,13.7,0.641482
PERPUSDT,SELL,LIMIT,1702260796283,138.4,0.638683
PERPUSDT,SELL,LIMIT,1702260797318,1998.5,0.638036
PERPUSDT,SELL,LIMIT,1702260798340,7017.0,0.636460
PERPUSDT,SELL,LIMIT,1702260799401,1000.0,0.631971
PERPUSDT,SELL,LIMIT,1702260800482,71.7,0.630585
PERPUSDT,SELL,LIMIT,1702260801905,6630.8,0.631925
PERPUSDT,SELL,LIMIT,1702260803435,49.4,0.629995
PERPUSDT,SELL,LIMIT,1702260804615,4247.4,0.630141
PERPUSDT,SELL,LIMIT,1702260806356,29.1,0.625353
PERPUSDT,SELL,LIMIT,1702260807357,2251.4,0.623537
PERPUSDT,SELL,LIMIT,1702260808403,205.9,0.619708
PERPUSDT,SELL,LIMIT,1702260810228,2352.7,0.616791
PERPUSDT,SELL,LIMIT,1702260811303,2000.0,0.618116
PERPUSDT,SELL,LIMIT,1702260814160,34.2,0.617806
PERPUSDT,SELL,LIMIT,1702260816241,2862.0,0.617454
PERPUSDT,SELL,LIMIT,1702260817294,4450.0,0.617273
PERPUSDT,SELL,LIMIT,1702260818450,45.9,0.616369
PERPUSDT,SELL,LIMIT,1702260822252,2309.4,0.616881
PERPUSDT,BUY,LIMIT,1702260840392,66.6,0.644321
PERPUSDT,SELL,LIMIT,1702262615562,174.3,0.658359
PERPUSDT,SELL,LIMIT,1702262627134,12.1,0.657989
PERPUSDT,SELL,LIMIT,1702268472257,21.4,0.671103
