Symbol,Side,Order Type,Time,Quantity,Price
PERPUSDT,SELL,LIMIT,1701939378859,3273.0,0.674286
PERPUSDT,SELL,LIMIT,1701939969117,363.7,0.670884
PERPUSDT,SELL,LIMIT,1701940562551,742.3,0.666794
PERPUSDT,SELL,LIMIT,1701940568263,10.0,0.677923
PERPUSDT,SELL,LIMIT,1701941166712,1356.6,0.662674
PERPUSDT,SELL,LIMIT,1701941180124,159.9,0.661214
PERPUSDT,SELL,LIMIT,1701941182104,15.0,0.660775
PERPUSDT,SELL,LIMIT,1701941187452,241.9,0.660011
PERPUSDT,SELL,LIMIT,1701941246436,2868.3,0.658877
PERPUSDT,SELL,LIMIT,1701946489942,69.8,0.669791
PERPUSDT,BUY,LIMIT,1701952079586,102.2,0.718502
PERPUSDT,BUY,LIMIT,1701953157456,350.0,0.725929
PERPUSDT,BUY,LIMIT,1701953160778,186.7,0.726604
PERPUSDT,BUY,LIMIT,1701953231296,527.1,0.727414
PERPUSDT,SELL,LIMIT,1701956149239,707.9,0.689342
PERPUSDT,SELL,LIMIT,1701956906109,248.6,0.690552
PERPUSDT,BUY,LIMIT,1701961449425,284.2,0.738534
PERPUSDT,BUY,LIMIT,1701962111100,35.5,0.746366
PERPUSDT,BUY,LIMIT,1701962120888,14.9,0.750487
PERPUSDT,BUY,LIMIT,1701962145697,3108.8,0.751885
PERPUSDT,BUY,LIMIT,1701962147444,394.3,0.753335
PERPUSDT,BUY,LIMIT,1701962154436,8.4,0.754600
PERPUSDT,BUY,LIMIT,1701962202389,1008.4,0.757658
PERPUSDT,BUY,LIMIT,1701962206315,3980.6,0.758659
PERPUSDT,BUY,LIMIT,1701962216629,917.5,0.759208
PERPUSDT,SELL,LIMIT,1701962329161,934.6,0.728397
PERPUSDT,SELL,LIMIT,1701962341220,67.5,0.725349
PERPUSDT,BUY,LIMIT,1701962612514,446.3,0.760584
PERPUSDT,BUY,LIMIT,1701962660036,134.2,0.766787
PERPUSDT,BUY,LIMIT,1701962674177,100.0,0.767937
PERPUSDT,SELL,LIMIT,1701962767683,68.8,0.741533
PERPUSDT,SELL,LIMIT,1701962833456,132.6,0.738611
PERPUSDT,BUY,LIMIT,1701963366088,455.8,0.770050
PERPUSDT,BUY,LIMIT,1701964296148,22.2,0.764652
PERPUSDT,BUY,LIMIT,1701964362445,362.5,0.766481
PERPUSDT,BUY,LIMIT,1701964424227,438.0,0.770365
PERPUSDT,BUY,LIMIT,1701964432758,248.5,0.772892
PERPUSDT,BUY,LIMIT,1701964473691,6037.1,0.776537
PERPUSDT,BUY,LIMIT,1701964541398,24.8,0.780538
PERPUSDT,BUY,LIMIT,1701964556046,427.1,0.783155
PERPUSDT,BUY,LIMIT,1701964561730,26.4,0.786474
PERPUSDT,BUY,LIMIT,1701964564462,82.0,0.786999
PERPUSDT,SELL,LIMIT,1701964646202,286.3,0.755244
PERPUSDT,SELL,LIMIT,1701964816088,1685.7,0.754160
PERPUSDT,SELL,LIMIT,1701964817463,518.5,0.755010
PERPUSDT,SELL,LIMIT,1701964818794,5237.1,0.754236
PERPUSDT,SELL,LIMIT,1701964877481,504.1,0.749364
PERPUSDT,SELL,LIMIT,1701964897295,2176.8,0.746404
PERPUSDT,SELL,LIMIT,1701965067236,351.4,0.750459
PERPUSDT,SELL,LIMIT,1701965124369,6190.4,0.741696
PERPUSDT,SELL,LIMIT,1701965130262,8.6,0.739843
PERPUSDT,SELL,LIMIT,1701965212543,6477.5,0.738624
PERPUSDT,SELL,LIMIT,1701965238124,466.0,0.735116
PERPUSDT,SELL,LIMIT,1701965262307,10.8,0.733829
PERPUSDT,SELL,LIMIT,1701965283014,12.9,0.732776
PERPUSDT,SELL,LIMIT,1701965312208,32.5,0.731322
PERPUSDT,SELL,LIMIT,1701965313304,19.4,0.731313
PERPUSDT,SELL,LIMIT,1701965318064,3343.6,0.731083
PERPUSDT,SELL,LIMIT,1701965319068,2927.1,0.730922
PERPUSDT,SELL,LIMIT,1701965399212,739.6,0.728301
PERPUSDT,SELL,LIMIT,1701965409636,30.7,0.727486
PERPUSDT,SELL,LIMIT,1701965428859,523.2,0.724875
PERPUSDT,SELL,LIMIT,1701965724923,13.4,0.721153
PERPUSDT,SELL,LIMIT,1701965937673,207.7,0.719031
PERPUSDT,SELL,LIMIT,1701965950151,3595.3,0.718482
PERPUSDT,SELL,LIMIT,1701966506688,100.0,0.715333
PERPUSDT,SELL,LIMIT,1701966513166,485.3,0.714470
PERPUSDT,SELL,LIMIT,1701966524731,138.9,0.714217
PERPUSDT,SELL,LIMIT,1701966526582,199.7,0.713696
PERPUSDT,SELL,LIMIT,1701969152419,3419.9,0.716052
PERPUSDT,SELL,LIMIT,1701970222028,546.6,0.717147
PERPUSDT,SELL,LIMIT,1701970947228,31.8,0.712626
PERPUSDT,SELL,LIMIT,1701971000440,137.7,0.711430
PERPUSDT,SELL,LIMIT,1701971375473,952.1,0.708900
PERPUSDT,SELL,LIMIT,1701971377385,4011.2,0.708458
PERPUSDT,SELL,LIMIT,1701974322499,1701.0,0.711275
PERPUSDT,SELL,LIMIT,1701976696080,164.2,0.708073
PERPUSDT,SELL,LIMIT,1701976885296,331.1,0.707807
PERPUSDT,SELL,LIMIT,1701976889796,4707.8,0.706711
PERPUSDT,SELL,LIMIT,1701977167145,7092.6,0.706363
PERPUSDT,SELL,LIMIT,1701977268189,7.1,0.733600
PERPUSDT,SELL,LIMIT,1701978259307,110.0,0.704890
PERPUSDT,SELL,LIMIT,1701981496817,207.9,0.707088
PERPUSDT,SELL,LIMIT,1701981627888,1840.7,0.703926
PERPUSDT,BUY,LIMIT,1701984588504,7.7,0.738133
PERPUSDT,SELL,LIMIT,1701988494362,20.0,0.703002
PERPUSDT,SELL,LIMIT,1701997775424,2094.2,0.700336
PERPUSDT,SELL,LIMIT,1702002205241,199.5,0.705431
PERPUSDT,SELL,LIMIT,1702003642404,196.9,0.705782
PERPUSDT,BUY,LIMIT,1702004058206,28.6,0.730292
PERPUSDT,BUY,LIMIT,1702007154540,39.8,0.736209
PERPUSDT,BUY,LIMIT,1702012812830,292.8,0.746173
PERPUSDT,SELL,LIMIT,1702015547777,70.0,0.719951
PERPUSDT,BUY,LIMIT,1702016741296,90.4,0.750592
PERPUSDT,BUY,LIMIT,1702016915304,207.3,0.752417
PERPUSDT,SELL,LIMIT,1702017449805,245.0,0.732412
PERPUSDT,SELL,LIMIT,1702017860250,658.9,0.724789
PERPUSDT,SELL,LIMIT,1702019526073,116.1,0.719833
PERPUSDT,SELL,LIMIT,1702019546708,6770.6,0.719205
PERPUSDT,SELL,LIMIT,1702020655600,1342.7,0.714860
PERPUSDT,SELL,LIMIT,1702024407520,3217.9,0.709902
PERPUSDT,SELL,LIMIT,1702025820037,258.2,0.709607
PERPUSDT,SELL,LIMIT,1702025976136,18.9,0.708309
PERPUSDT,BUY,LIMIT,1702034943314,13.9,0.734287
PERPUSDT,SELL,LIMIT,1702040515993,93.1,0.715314
PERPUSDT,BUY,LIMIT,1702051903142,7.9,0.746633
PERPUSDT,BUY,LIMIT,1702052530227,97.4,0.746476
PERPUSDT,BUY,LIMIT,1702053206231,495.0,0.745670
PERPUSDT,BUY,LIMIT,1702054195091,647.8,0.751515
PERPUSDT,SELL,LIMIT,1702055305460,12.1,0.724688
PERPUSDT,SELL,LIMIT,1702055698272,88.1,0.724101
PERPUSDT,SELL,LIMIT,1702055769314,173.4,0.722908
PERPUSDT,SELL,LIMIT,1702059000058,99.2,0.720791
PERPUSDT,SELL,LIMIT,1702074435561,70.0,0.717801
PERPUSDT,SELL,LIMIT,1702075726248,8.4,0.717033
PERPUSDT,SELL,LIMIT,1702075727338,590.9,0.716489
PERPUSDT,BUY,LIMIT,1702082106889,139.4,0.750618
PERPUSDT,SELL,LIMIT,1702084182473,146.2,0.714084
PERPUSDT,BUY,LIMIT,1702096231065,48.8,0.751806
PERPUSDT,BUY,LIMIT,1702107296482,414.4,0.751546
PERPUSDT,BUY,LIMIT,1702108071031,39.0,0.757199
PERPUSDT,BUY,LIMIT,1702108122169,7.5,0.757934
PERPUSDT,BUY,LIMIT,1702110098724,6819.7,0.762932
PERPUSDT,SELL,LIMIT,1702110244847,16.7,0.742355
PERPUSDT,SELL,LIMIT,1702110822568,167.0,0.733507
PERPUSDT,SELL,LIMIT,1702110969122,6573.3,0.725354
PERPUSDT,SELL,LIMIT,1702111028342,224.1,0.720964
PERPUSDT,BUY,LIMIT,1702111031400,115.7,0.742449
PERPUSDT,SELL,LIMIT,1702111034086,2000.0,0.719746
PERPUSDT,SELL,LIMIT,1702111035735,62.0,0.719265
PERPUSDT,SELL,LIMIT,1702111037220,629.9,0.718354
PERPUSDT,SELL,LIMIT,1702111377771,149.4,0.714048
PERPUSDT,SELL,LIMIT,1702111379533,675.0,0.712004
PERPUSDT,SELL,LIMIT,1702111382436,89.3,0.710485
PERPUSDT,SELL,LIMIT,1702111386313,3508.5,0.711286
PERPUSDT,SELL,LIMIT,1702114754903,6696.1,0.722674
PERPUSDT,SELL,LIMIT,1702115044339,99.6,0.721342
PERPUSDT,SELL,LIMIT,1702125074489,318.6,0.718820
PERPUSDT,SELL,LIMIT,1702130586069,8.7,0.734591
PERPUSDT,SELL,LIMIT,1702132821853,132.2,0.724579
PERPUSDT,SELL,LIMIT,1702132997450,1360.2,0.721121
PERPUSDT,SELL,LIMIT,1702133001941,437.2,0.720422
PERPUSDT,SELL,LIMIT,1702133006056,88.8,0.720201
PERPUSDT,SELL,LIMIT,1702133008143,338.7,0.719845
