Symbol,Side,Order Type,Time,Quantity,Price
PHBUSDT,SELL,LIMIT,1700845608860,97,0.8465293
PHBUSDT,SELL,LIMIT,1700847451386,377,0.8366675
PHBUSDT,SELL,LIMIT,1700848240160,22,0.8350351
PHBUSDT,SELL,LIMIT,1700848297368,14,0.8334751
PHBUSDT,SELL,LIMIT,1700848316139,8,0.8319381
PHBUSDT,SELL,LIMIT,1700848319350,204,0.8303861
PHBUSDT,SELL,LIMIT,1700848768863,1000,0.8279940
PHBUSDT,SELL,LIMIT,1700848770120,61,0.8273172
PHBUSDT,BUY,LIMIT,1700859045049,10,0.8676313
PHBUSDT,SELL,LIMIT,1700863960571,37,0.8339036
PHBUSDT,SELL,LIMIT,1700863962396,22,0.8323309
PHBUSDT,SELL,LIMIT,1700867209474,2912,0.8354093
PHBUSDT,BUY,LIMIT,1700872401163,156,0.8886374
PHBUSDT,BUY,LIMIT,1700872404092,38,0.8898632
PHBUSDT,BUY,LIMIT,1700872413723,4711,0.8903227
PHBUSDT,BUY,LIMIT,1700872422044,9,0.8906035
PHBUSDT,BUY,LIMIT,1700875295960,577,0.8934014
PHBUSDT,BUY,LIMIT,1700875414780,469,0.8945703
PHBUSDT,BUY,LIMIT,1700875418910,258,0.8946805
PHBUSDT,BUY,LIMIT,1700875450387,27,0.8957378
PHBUSDT,BUY,LIMIT,1700875463285,105,0.8960449
PHBUSDT,BUY,LIMIT,1700875624451,101,0.8970105
PHBUSDT,BUY,LIMIT,1700875625579,14,0.8971538
PHBUSDT,BUY,LIMIT,1700875650358,43,0.8975131
PHBUSDT,BUY,LIMIT,1700875651393,934,0.8989171
PHBUSDT,BUY,LIMIT,1700875653993,1299,0.9008399
PHBUSDT,BUY,LIMIT,1700875663073,217,0.9017853
PHBUSDT,BUY,LIMIT,1700878473351,191,0.8844420
PHBUSDT,BUY,LIMIT,1700882132637,2051,0.8941320
PHBUSDT,BUY,LIMIT,1700883168236,39,0.8976000
PHBUSDT,BUY,LIMIT,1700883954164,12,0.8942944
PHBUSDT,BUY,LIMIT,1700893428558,11,0.9022092
PHBUSDT,BUY,LIMIT,1700893430243,369,0.9022995
PHBUSDT,BUY,LIMIT,1700893431311,7,0.9033280
PHBUSDT,BUY,LIMIT,1700896054056,282,0.9057215
PHBUSDT,BUY,LIMIT,1700896066216,25,0.9060110
PHBUSDT,BUY,LIMIT,1700896068835,26,0.9072371
PHBUSDT,BUY,LIMIT,1700896070538,27,0.9077985
PHBUSDT,BUY,LIMIT,1700896087343,1052,0.9086894
PHBUSDT,BUY,LIMIT,1700896097075,115,0.9095285
PHBUSDT,BUY,LIMIT,1700896099656,14,0.9103428
PHBUSDT,BUY,LIMIT,1700896100684,179,0.9104300
PHBUSDT,BUY,LIMIT,1700896103402,367,0.9114879
PHBUSDT,BUY,LIMIT,1700896104640,49,0.9118362
PHBUSDT,BUY,LIMIT,1700896107187,35,0.9126452
PHBUSDT,BUY,LIMIT,1700896318538,1287,0.9133260
PHBUSDT,BUY,LIMIT,1700896321476,27,0.9135615
PHBUSDT,BUY,LIMIT,1700896365117,224,0.9148720
PHBUSDT,BUY,LIMIT,1700896366293,224,0.9149736
PHBUSDT,BUY,LIMIT,1700896374048,598,0.9160889
PHBUSDT,BUY,LIMIT,1700896375068,171,0.9162333
PHBUSDT,BUY,LIMIT,1700896382274,7,0.9164672
PHBUSDT,BUY,LIMIT,1700896597244,7,0.9168776
PHBUSDT,BUY,LIMIT,1700896661151,128,0.9169270
PHBUSDT,BUY,LIMIT,1700896821480,41,0.9174395
PHBUSDT,BUY,LIMIT,1700896875238,936,0.9197565
PHBUSDT,BUY,LIMIT,1700896876589,170,0.9207613
PHBUSDT,BUY,LIMIT,1700896877973,103,0.9209976
PHBUSDT,BUY,LIMIT,1700896879241,81,0.9216288
PHBUSDT,BUY,LIMIT,1700896920199,180,0.9271010
PHBUSDT,BUY,LIMIT,1700896921949,43,0.9279996
PHBUSDT,BUY,LIMIT,1700896923617,823,0.9286631
PHBUSDT,BUY,LIMIT,1700896928699,53,0.9314103
PHBUSDT,BUY,LIMIT,1700896932360,233,0.9310599
PHBUSDT,BUY,LIMIT,1700896933389,89,0.9329025
PHBUSDT,BUY,LIMIT,1700896944679,643,0.9363709
PHBUSDT,BUY,LIMIT,1700897086444,5634,0.9379247
PHBUSDT,BUY,LIMIT,1700897091026,62,0.9397230
PHBUSDT,BUY,LIMIT,1700898988300,1447,0.9415184
PHBUSDT,BUY,LIMIT,1700899190933,293,0.9419292
PHBUSDT,BUY,LIMIT,1700899194451,7,0.9421394
PHBUSDT,BUY,LIMIT,1700899637910,24,0.9452057
PHBUSDT,BUY,LIMIT,1700899639613,463,0.9466530
PHBUSDT,BUY,LIMIT,1700899641132,46,0.9478245
PHBUSDT,BUY,LIMIT,1700899642300,2853,0.9496304
PHBUSDT,BUY,LIMIT,1700899643920,5820,0.9504544
PHBUSDT,BUY,LIMIT,1700899645114,114,0.9521860
PHBUSDT,BUY,LIMIT,1700899647035,209,0.9556829
PHBUSDT,BUY,LIMIT,1700899648253,12,0.9565507
PHBUSDT,BUY,LIMIT,1700899670349,109,0.9583810
PHBUSDT,BUY,LIMIT,1700899672182,322,0.9592962
PHBUSDT,BUY,LIMIT,1700899674640,1013,0.9618577
PHBUSDT,BUY,LIMIT,1700899678213,374,0.9638936
PHBUSDT,BUY,LIMIT,1700899682413,390,0.9643530
PHBUSDT,SELL,LIMIT,1700900389745,1786,0.8981902
PHBUSDT,SELL,LIMIT,1700900780904,535,0.8866959
PHBUSDT,SELL,LIMIT,1700900801081,141,0.8844740
PHBUSDT,SELL,LIMIT,1700901269992,239,0.8774833
PHBUSDT,SELL,LIMIT,1700901710091,33,0.8748866
PHBUSDT,SELL,LIMIT,1700901743259,30,0.8708661
PHBUSDT,SELL,LIMIT,1700901980471,20,0.8694886
PHBUSDT,SELL,LIMIT,1700902140040,428,0.8658702
PHBUSDT,SELL,LIMIT,1700902766171,303,0.8606819
PHBUSDT,SELL,LIMIT,1700902908472,2202,0.8533232
PHBUSDT,SELL,LIMIT,1700902992089,25,0.8521252
PHBUSDT,SELL,LIMIT,1700903294902,11,0.8489405
PHBUSDT,SELL,LIMIT,1700903304390,806,0.8484959
PHBUSDT,SELL,LIMIT,1700903567497,2883,0.8479208
PHBUSDT,SELL,LIMIT,1700903576814,3060,0.8462374
PHBUSDT,SELL,LIMIT,1700904720303,1034,0.8457181
PHBUSDT,SELL,LIMIT,1700909699073,79,0.8434279
PHBUSDT,SELL,LIMIT,1700910010933,552,0.8407500
PHBUSDT,SELL,LIMIT,1700926972869,11,0.8435314
PHBUSDT,SELL,LIMIT,1700934016045,109,0.8359124
PHBUSDT,SELL,LIMIT,1700936278473,829,0.8305651
