Symbol,Side,Order Type,Time,Quantity,Price
PHBUSDT,SELL,LIMIT,1701929949508,25,0.8168254
PHBUSDT,SELL,LIMIT,1701940544444,1238,0.7935824
PHBUSDT,SELL,LIMIT,1701940562275,361,0.7923600
PHBUSDT,SELL,LIMIT,1701940579587,50,0.7910754
PHBUSDT,SELL,LIMIT,1701940714367,556,0.7925851
PHBUSDT,SELL,LIMIT,1701941038307,319,0.7906444
PHBUSDT,SELL,LIMIT,1701941072263,30,0.7893065
PHBUSDT,SELL,LIMIT,1701941074241,2742,0.7890498
PHBUSDT,SELL,LIMIT,1701941175102,9,0.7856619
PHBUSDT,SELL,LIMIT,1701941184764,1500,0.7849648
PHBUSDT,SELL,LIMIT,1701941186252,86,0.7839151
PHBUSDT,SELL,LIMIT,1701941189915,1303,0.7818684
PHBUSDT,SELL,LIMIT,1701941191075,60,0.7809201
PHBUSDT,SELL,LIMIT,1701941254645,3960,0.7798552
PHBUSDT,SELL,LIMIT,1701941256621,14,0.7793236
PHBUSDT,BUY,LIMIT,1701960421512,2534,0.8648866
PHBUSDT,BUY,LIMIT,1701960466391,22,0.8685662
PHBUSDT,SELL,LIMIT,1701976305303,226,0.8415261
PHBUSDT,SELL,LIMIT,1701996616600,44,0.8579323
PHBUSDT,BUY,LIMIT,1702007154540,34,0.8876040
PHBUSDT,BUY,LIMIT,1702009156312,34,0.8931577
PHBUSDT,SELL,LIMIT,1702037074754,6,0.8422121
PHBUSDT,SELL,LIMIT,1702042239522,7,0.8421055
PHBUSDT,SELL,LIMIT,1702047735288,12,0.8468579
PHBUSDT,BUY,LIMIT,1702053445379,82,0.8814970
PHBUSDT,SELL,LIMIT,1702058415166,11,0.8325669
PHBUSDT,SELL,LIMIT,1702058416262,37,0.8323050
PHBUSDT,SELL,LIMIT,1702058418063,116,0.8321664
PHBUSDT,BUY,LIMIT,1702066036616,24,0.8768940
PHBUSDT,BUY,LIMIT,1702080687268,198,0.8907665
PHBUSDT,BUY,LIMIT,1702082111316,499,0.8982120
PHBUSDT,BUY,LIMIT,1702083641657,11,0.9142200
PHBUSDT,BUY,LIMIT,1702103285832,39,0.9072111
PHBUSDT,BUY,LIMIT,1702109244834,86,0.9182040
PHBUSDT,SELL,LIMIT,1702109532632,17,0.9555755
PHBUSDT,BUY,LIMIT,1702109785977,67,0.9204469
PHBUSDT,SELL,LIMIT,1702109916850,4,0.8805289
PHBUSDT,SELL,LIMIT,1702111035735,30,0.8570336
PHBUSDT,SELL,LIMIT,1702111036934,1529,0.8561667
PHBUSDT,SELL,LIMIT,1702111041330,500,0.8536234
PHBUSDT,SELL,LIMIT,1702111045372,274,0.8524191
PHBUSDT,SELL,LIMIT,1702111046428,55,0.8514083
PHBUSDT,SELL,LIMIT,1702111049607,67,0.8500322
PHBUSDT,SELL,LIMIT,1702111381012,114,0.8485556
PHBUSDT,SELL,LIMIT,1702111386209,500,0.8465505
PHBUSDT,SELL,LIMIT,1702111389626,95,0.8459206
PHBUSDT,SELL,LIMIT,1702121362906,46,0.8447087
PHBUSDT,SELL,LIMIT,1702124762321,6,0.8433954
PHBUSDT,SELL,LIMIT,1702132955180,970,0.8365995
