Symbol,Side,Order Type,Time,Quantity,Price
PHBUSDT,SELL,LIMIT,1701067841089,191,0.8157811
PHBUSDT,SELL,LIMIT,1701068027171,310,0.8134831
PHBUSDT,SELL,LIMIT,1701068042806,151,0.8120216
PHBUSDT,SELL,LIMIT,1701068052744,68,0.8119454
PHBUSDT,SELL,LIMIT,1701068091683,240,0.8098221
PHBUSDT,SELL,LIMIT,1701068175697,259,0.8065401
PHBUSDT,SELL,LIMIT,1701068355724,244,0.8063708
PHBUSDT,SELL,LIMIT,1701069136121,72,0.8058389
PHBUSDT,SELL,LIMIT,1701069188119,3418,0.8043629
PHBUSDT,SELL,LIMIT,1701069190015,549,0.8029242
PHBUSDT,SELL,LIMIT,1701069282578,160,0.8032081
PHBUSDT,SELL,LIMIT,1701069496058,159,0.7999025
PHBUSDT,SELL,LIMIT,1701069511775,838,0.7992048
PHBUSDT,SELL,LIMIT,1701069552802,1167,0.7967196
PHBUSDT,SELL,LIMIT,1701069554071,1491,0.7966088
PHBUSDT,SELL,LIMIT,1701069575532,456,0.7947803
PHBUSDT,SELL,LIMIT,1701069587702,64,0.7940704
PHBUSDT,SELL,LIMIT,1701069810507,191,0.7921341
PHBUSDT,SELL,LIMIT,1701069848175,45,0.7906641
PHBUSDT,SELL,LIMIT,1701069855332,11,0.7905273
PHBUSDT,SELL,LIMIT,1701069857236,11,0.7895874
PHBUSDT,SELL,LIMIT,1701069882105,44,0.7956343
PHBUSDT,SELL,LIMIT,1701069907426,2036,0.7864950
PHBUSDT,BUY,LIMIT,1701076512268,204,0.8685108
PHBUSDT,BUY,LIMIT,1701078024563,392,0.8800598
PHBUSDT,BUY,LIMIT,1701078025612,13,0.8814010
PHBUSDT,SELL,LIMIT,1701100281369,1006,0.8328571
PHBUSDT,BUY,LIMIT,1701101002178,840,0.8637876
PHBUSDT,BUY,LIMIT,1701101388974,236,0.8874703
PHBUSDT,BUY,LIMIT,1701101395924,474,0.8913780
PHBUSDT,BUY,LIMIT,1701101401342,662,0.8922039
PHBUSDT,BUY,LIMIT,1701102045424,230,0.8952047
PHBUSDT,BUY,LIMIT,1701102049175,230,0.8953792
PHBUSDT,SELL,LIMIT,1701111172902,18,0.8318296
PHBUSDT,SELL,LIMIT,1701111199918,60,0.8310845
PHBUSDT,SELL,LIMIT,1701111320718,7,0.8296656
PHBUSDT,SELL,LIMIT,1701111469183,17,0.8287479
PHBUSDT,SELL,LIMIT,1701111599095,888,0.8279718
PHBUSDT,SELL,LIMIT,1701111842871,150,0.8268535
PHBUSDT,SELL,LIMIT,1701111872853,69,0.8254044
PHBUSDT,SELL,LIMIT,1701111888283,6,0.8250588
PHBUSDT,SELL,LIMIT,1701111889598,2399,0.8244266
PHBUSDT,SELL,LIMIT,1701112030983,1500,0.8240351
PHBUSDT,SELL,LIMIT,1701112040154,148,0.8235126
PHBUSDT,SELL,LIMIT,1701112041200,230,0.8228733
PHBUSDT,SELL,LIMIT,1701112055665,81,0.8223038
PHBUSDT,SELL,LIMIT,1701112075192,320,0.8217246
PHBUSDT,SELL,LIMIT,1701112120201,22,0.8212401
PHBUSDT,SELL,LIMIT,1701114368763,9,0.8288841
PHBUSDT,SELL,LIMIT,1701114495266,296,0.8255927
PHBUSDT,SELL,LIMIT,1701118070078,11,0.8215179
PHBUSDT,BUY,LIMIT,1701130898700,236,0.8975499
PHBUSDT,BUY,LIMIT,1701130914161,300,0.8987402
PHBUSDT,BUY,LIMIT,1701131608239,107,0.9023433
PHBUSDT,BUY,LIMIT,1701131882568,2343,0.9074276
PHBUSDT,BUY,LIMIT,1701131938772,100,0.9095758
PHBUSDT,BUY,LIMIT,1701132054232,403,0.9096857
PHBUSDT,BUY,LIMIT,1701132143902,25,0.9101264
PHBUSDT,BUY,LIMIT,1701134466195,223,0.9254031
PHBUSDT,BUY,LIMIT,1701136698651,8,0.9298571
PHBUSDT,SELL,LIMIT,1701137414150,2802,0.8673473
PHBUSDT,SELL,LIMIT,1701142057858,126,0.8617068
PHBUSDT,SELL,LIMIT,1701142086109,245,0.8578832
PHBUSDT,SELL,LIMIT,1701142942989,274,0.8532149
PHBUSDT,SELL,LIMIT,1701143259490,427,0.8510015
PHBUSDT,SELL,LIMIT,1701146003379,109,0.8537493
PHBUSDT,SELL,LIMIT,1701146007661,5508,0.8548398
PHBUSDT,SELL,LIMIT,1701147925492,7,0.8503462
PHBUSDT,SELL,LIMIT,1701151788153,143,0.8384517
PHBUSDT,SELL,LIMIT,1701151933174,3426,0.8332884
PHBUSDT,SELL,LIMIT,1701151934336,58,0.8338675
PHBUSDT,SELL,LIMIT,1701151951099,28,0.8288666
PHBUSDT,SELL,LIMIT,1701155321181,3128,0.8339384
PHBUSDT,SELL,LIMIT,1701155361748,2105,0.8273629
PHBUSDT,SELL,LIMIT,1701155464176,2303,0.8251264
PHBUSDT,SELL,LIMIT,1701156456316,17,0.8176898
PHBUSDT,SELL,LIMIT,1701159406158,6317,0.8158768
PHBUSDT,SELL,LIMIT,1701161419267,172,0.8123516
PHBUSDT,SELL,LIMIT,1701161938289,795,0.8087173
PHBUSDT,SELL,LIMIT,1701161947315,80,0.8086713
PHBUSDT,SELL,LIMIT,1701161949133,17,0.8086057
PHBUSDT,SELL,LIMIT,1701162581899,99,0.8045116
PHBUSDT,BUY,LIMIT,1701164463811,776,0.8681025
PHBUSDT,BUY,LIMIT,1701170291269,88,0.8798963
PHBUSDT,BUY,LIMIT,1701170968319,1721,0.9020790
PHBUSDT,BUY,LIMIT,1701172229419,353,0.9073083
PHBUSDT,SELL,LIMIT,1701192142762,5488,0.8688667
PHBUSDT,BUY,LIMIT,1701197840387,15,0.9093300
PHBUSDT,BUY,LIMIT,1701197850244,1125,0.9097033
PHBUSDT,BUY,LIMIT,1701198089221,116,0.9185100
PHBUSDT,BUY,LIMIT,1701198760696,498,0.9279267
PHBUSDT,BUY,LIMIT,1701200469843,57,0.9258540
PHBUSDT,BUY,LIMIT,1701200495668,416,0.9274860
PHBUSDT,BUY,LIMIT,1701201634629,47,0.9222840
PHBUSDT,SELL,LIMIT,1701216522695,2193,0.8657990
PHBUSDT,BUY,LIMIT,1701244303641,68,0.9258689
PHBUSDT,BUY,LIMIT,1701244305354,255,0.9281281
PHBUSDT,BUY,LIMIT,1701244306480,1616,0.9287727
PHBUSDT,BUY,LIMIT,1701244356086,39,0.9331104
PHBUSDT,BUY,LIMIT,1701244364108,9,0.9366628
PHBUSDT,BUY,LIMIT,1701244547102,10,0.9451564
PHBUSDT,BUY,LIMIT,1701244561001,1658,0.9519590
PHBUSDT,BUY,LIMIT,1701244569506,110,0.9532231
PHBUSDT,BUY,LIMIT,1701244579158,3861,0.9635636
PHBUSDT,BUY,LIMIT,1701244643547,348,0.9699322
PHBUSDT,BUY,LIMIT,1701244650846,595,0.9715430
PHBUSDT,BUY,LIMIT,1701244697824,250,0.9790434
PHBUSDT,BUY,LIMIT,1701244725197,49,0.9841456
PHBUSDT,BUY,LIMIT,1701244726864,744,0.9902162
PHBUSDT,BUY,LIMIT,1701244729447,555,0.9902187
PHBUSDT,BUY,LIMIT,1701244737159,6697,0.9932959
PHBUSDT,BUY,LIMIT,1701244738440,402,0.9964940
PHBUSDT,BUY,LIMIT,1701244742195,377,1.0117130
PHBUSDT,BUY,LIMIT,1701244743375,584,1.0109533
PHBUSDT,BUY,LIMIT,1701244748202,798,1.0143387
PHBUSDT,BUY,LIMIT,1701244753492,35,1.0171440
PHBUSDT,BUY,LIMIT,1701244760261,64,1.0173150
PHBUSDT,BUY,LIMIT,1701244761330,3880,1.0191840
PHBUSDT,BUY,LIMIT,1701244763125,13,1.0194675
PHBUSDT,BUY,LIMIT,1701244787164,61,1.0288040
PHBUSDT,BUY,LIMIT,1701244794324,379,1.0317605
PHBUSDT,BUY,LIMIT,1701244842090,330,1.0161240
PHBUSDT,SELL,LIMIT,1701244872088,14,0.9576935
PHBUSDT,SELL,LIMIT,1701244873185,413,0.9588337
PHBUSDT,SELL,LIMIT,1701244921913,17,0.9562406
PHBUSDT,SELL,LIMIT,1701244932978,4336,0.9506646
PHBUSDT,SELL,LIMIT,1701244947424,802,0.9494429
PHBUSDT,SELL,LIMIT,1701244950994,249,0.9495619
PHBUSDT,SELL,LIMIT,1701244959626,93,0.9472973
PHBUSDT,SELL,LIMIT,1701244960932,638,0.9473349
PHBUSDT,SELL,LIMIT,1701245050975,4179,0.9432760
PHBUSDT,SELL,LIMIT,1701245421997,18,0.9303297
PHBUSDT,SELL,LIMIT,1701245427498,5092,0.9249488
PHBUSDT,SELL,LIMIT,1701245430273,241,0.9177951
PHBUSDT,SELL,LIMIT,1701245434180,198,0.9162817
PHBUSDT,SELL,LIMIT,1701245439331,1,0.9145374
PHBUSDT,SELL,LIMIT,1701245441011,22,0.9118167
PHBUSDT,SELL,LIMIT,1701245479654,5609,0.9085932
PHBUSDT,SELL,LIMIT,1701245529235,50,0.9030182
PHBUSDT,SELL,LIMIT,1701245531117,4105,0.9018362
PHBUSDT,SELL,LIMIT,1701245532770,1497,0.9005798
PHBUSDT,BUY,LIMIT,1701246371002,177,0.9658160
PHBUSDT,BUY,LIMIT,1701246521468,572,0.9731820
PHBUSDT,BUY,LIMIT,1701247461715,1475,0.9969315
PHBUSDT,SELL,LIMIT,1701249971318,6,0.9272345
PHBUSDT,SELL,LIMIT,1701250108690,584,0.9211809
PHBUSDT,SELL,LIMIT,1701250232380,255,0.9192691
PHBUSDT,SELL,LIMIT,1701250242362,679,0.9158576
PHBUSDT,SELL,LIMIT,1701252233029,19,0.9142350
PHBUSDT,SELL,LIMIT,1701252869353,266,0.9080025
PHBUSDT,SELL,LIMIT,1701252874091,9,0.9014396
PHBUSDT,SELL,LIMIT,1701252892624,214,0.8989025
PHBUSDT,SELL,LIMIT,1701252895239,474,0.8975705
PHBUSDT,SELL,LIMIT,1701253107134,46,0.8942600
PHBUSDT,SELL,LIMIT,1701253133904,49,0.8909876
PHBUSDT,SELL,LIMIT,1701253139367,95,0.8902297
PHBUSDT,SELL,LIMIT,1701253167963,203,0.8874384
PHBUSDT,SELL,LIMIT,1701253176554,447,0.8870824
PHBUSDT,SELL,LIMIT,1701253179996,501,0.8866686
PHBUSDT,SELL,LIMIT,1701253181139,134,0.8847156
PHBUSDT,SELL,LIMIT,1701253183148,118,0.8820323
PHBUSDT,SELL,LIMIT,1701253185933,77,0.8812993
PHBUSDT,SELL,LIMIT,1701253188592,1115,0.8798614
PHBUSDT,SELL,LIMIT,1701253235833,461,0.8788765
PHBUSDT,SELL,LIMIT,1701253681552,1886,0.8820001
PHBUSDT,SELL,LIMIT,1701253829166,595,0.8773111
PHBUSDT,SELL,LIMIT,1701253856021,4760,0.8759141
PHBUSDT,SELL,LIMIT,1701253858522,34,0.8741516
PHBUSDT,SELL,LIMIT,1701254410349,397,0.8738732
PHBUSDT,SELL,LIMIT,1701254414266,67,0.8734575
PHBUSDT,SELL,LIMIT,1701254663546,2496,0.8717115
PHBUSDT,SELL,LIMIT,1701254697730,810,0.8696349
PHBUSDT,SELL,LIMIT,1701255876377,48,0.8651061
PHBUSDT,SELL,LIMIT,1701255881659,865,0.8641370
PHBUSDT,SELL,LIMIT,1701255887750,521,0.8626501
PHBUSDT,SELL,LIMIT,1701255947477,156,0.8616114
PHBUSDT,SELL,LIMIT,1701255954637,1135,0.8606994
PHBUSDT,SELL,LIMIT,1701255955856,141,0.8600981
PHBUSDT,SELL,LIMIT,1701255963125,1614,0.8556821
PHBUSDT,SELL,LIMIT,1701255967138,46,0.8545464
PHBUSDT,SELL,LIMIT,1701255968221,133,0.8516601
PHBUSDT,SELL,LIMIT,1701256368330,300,0.8481277
PHBUSDT,SELL,LIMIT,1701256384104,2922,0.8467643
PHBUSDT,SELL,LIMIT,1701256406349,119,0.8456781
PHBUSDT,SELL,LIMIT,1701256635828,301,0.8451621
PHBUSDT,SELL,LIMIT,1701256647367,60,0.8448786
PHBUSDT,SELL,LIMIT,1701256691393,11,0.8413189
PHBUSDT,SELL,LIMIT,1701256701509,1000,0.8405232
PHBUSDT,SELL,LIMIT,1701256709740,140,0.8396651
PHBUSDT,SELL,LIMIT,1701256739100,1678,0.8387675
PHBUSDT,SELL,LIMIT,1701256741430,6730,0.8373549
PHBUSDT,SELL,LIMIT,1701256759475,5105,0.8352164
PHBUSDT,SELL,LIMIT,1701256770296,212,0.8325760
PHBUSDT,BUY,LIMIT,1701259701325,6,0.8664900
PHBUSDT,SELL,LIMIT,1701261232175,1338,0.8301825
PHBUSDT,SELL,LIMIT,1701261287910,556,0.8288518
PHBUSDT,SELL,LIMIT,1701264007752,1980,0.8305676
PHBUSDT,SELL,LIMIT,1701264415815,39,0.8246267
PHBUSDT,SELL,LIMIT,1701264437038,1003,0.8222754
PHBUSDT,SELL,LIMIT,1701264438071,115,0.8234635
PHBUSDT,SELL,LIMIT,1701264563266,104,0.8200036
PHBUSDT,SELL,LIMIT,1701264570784,31,0.8195843
PHBUSDT,SELL,LIMIT,1701264583617,210,0.8194499
PHBUSDT,SELL,LIMIT,1701268306135,1187,0.8160284
PHBUSDT,SELL,LIMIT,1701268319789,972,0.8153290
PHBUSDT,SELL,LIMIT,1701268331287,1675,0.8144256
PHBUSDT,SELL,LIMIT,1701268334556,172,0.8130051
PHBUSDT,SELL,LIMIT,1701268344851,998,0.8119952
PHBUSDT,SELL,LIMIT,1701268360216,2645,0.8116505
PHBUSDT,SELL,LIMIT,1701270478260,1328,0.8209240
PHBUSDT,SELL,LIMIT,1701277540122,6,0.8075876
PHBUSDT,SELL,LIMIT,1701277565465,743,0.8068346
PHBUSDT,SELL,LIMIT,1701278169268,7,0.8059865
PHBUSDT,SELL,LIMIT,1701280841300,179,0.8057357
PHBUSDT,SELL,LIMIT,1701280906550,42,0.8052231
PHBUSDT,SELL,LIMIT,1701281110900,1,0.8046405
PHBUSDT,SELL,LIMIT,1701281136436,2000,0.8005608
PHBUSDT,SELL,LIMIT,1701282154192,29,0.7993156
PHBUSDT,SELL,LIMIT,1701282922438,137,0.7964001
PHBUSDT,SELL,LIMIT,1701283763592,558,0.8036012
PHBUSDT,SELL,LIMIT,1701291472224,1399,0.8009420
PHBUSDT,SELL,LIMIT,1701293094808,203,0.7981406
PHBUSDT,SELL,LIMIT,1701296997808,7,0.7941370
PHBUSDT,SELL,LIMIT,1701306288325,51,0.8039826
PHBUSDT,SELL,LIMIT,1701319887704,72,0.8001701
PHBUSDT,SELL,LIMIT,1701321056243,66,0.7933819
PHBUSDT,SELL,LIMIT,1701321172771,570,0.7930718
PHBUSDT,SELL,LIMIT,1701321766654,87,0.7912482
PHBUSDT,SELL,LIMIT,1701321767678,9,0.7908076
PHBUSDT,SELL,LIMIT,1701328903226,1680,0.7889892
PHBUSDT,SELL,LIMIT,1701329605278,3980,0.7859811
PHBUSDT,BUY,LIMIT,1701339922586,170,0.8485853
PHBUSDT,BUY,LIMIT,1701343258099,621,0.8493692
PHBUSDT,BUY,LIMIT,1701344228915,7,0.8575140
PHBUSDT,BUY,LIMIT,1701344267273,8,0.8584599
