Symbol,Side,Order Type,Time,Quantity,Price
PHBUSDT,SELL,LIMIT,1701929949508,25,0.8168254
PHBUSDT,SELL,LIMIT,1701940544444,1238,0.7935824
PHBUSDT,SELL,LIMIT,1701940562275,361,0.7923600
PHBUSDT,SELL,LIMIT,1701940579587,50,0.7910754
PHBUSDT,SELL,LIMIT,1701940714367,556,0.7925851
PHBUSDT,SELL,LIMIT,1701941038307,319,0.7906444
PHBUSDT,SELL,LIMIT,1701941072263,30,0.7893065
PHBUSDT,SELL,LIMIT,1701941074241,2742,0.7890498
PHBUSDT,SELL,LIMIT,1701941175102,9,0.7856619
PHBUSDT,SELL,LIMIT,1701941184764,1500,0.7849648
PHBUSDT,SELL,LIMIT,1701941186252,86,0.7839151
PHBUSDT,SELL,LIMIT,1701941189915,1303,0.7818684
PHBUSDT,SELL,LIMIT,1701941191075,60,0.7809201
PHBUSDT,SELL,LIMIT,1701941254645,3960,0.7798552
PHBUSDT,SELL,LIMIT,1701941256621,14,0.7793236
PHBUSDT,BUY,LIMIT,1701960421512,2534,0.8648866
PHBUSDT,BUY,LIMIT,1701960466391,22,0.8685662
PHBUSDT,SELL,LIMIT,1701976305303,226,0.8415261
PHBUSDT,SELL,LIMIT,1701996616600,44,0.8579323
PHBUSDT,BUY,LIMIT,1702007154540,34,0.8876040
PHBUSDT,BUY,LIMIT,1702009156312,34,0.8931577
PHBUSDT,SELL,LIMIT,1702037074754,6,0.8422121
PHBUSDT,SELL,LIMIT,1702042239522,7,0.8421055
PHBUSDT,SELL,LIMIT,1702047735288,12,0.8468579
PHBUSDT,BUY,LIMIT,1702053445379,82,0.8814970
PHBUSDT,SELL,LIMIT,1702058415166,11,0.8325669
PHBUSDT,SELL,LIMIT,1702058416262,37,0.8323050
PHBUSDT,SELL,LIMIT,1702058418063,116,0.8321664
PHBUSDT,BUY,LIMIT,1702066036616,24,0.8768940
PHBUSDT,BUY,LIMIT,1702080687268,198,0.8907665
PHBUSDT,BUY,LIMIT,1702082111316,499,0.8982120
PHBUSDT,BUY,LIMIT,1702083641657,11,0.9142200
PHBUSDT,BUY,LIMIT,1702103285832,39,0.9072111
PHBUSDT,BUY,LIMIT,1702109244834,86,0.9182040
PHBUSDT,SELL,LIMIT,1702109532632,17,0.9555755
PHBUSDT,BUY,LIMIT,1702109785977,67,0.9204469
PHBUSDT,SELL,LIMIT,1702109916850,4,0.8805289
PHBUSDT,SELL,LIMIT,1702111035735,30,0.8570336
PHBUSDT,SELL,LIMIT,1702111036934,1529,0.8561667
PHBUSDT,SELL,LIMIT,1702111041330,500,0.8536234
PHBUSDT,SELL,LIMIT,1702111045372,274,0.8524191
PHBUSDT,SELL,LIMIT,1702111046428,55,0.8514083
PHBUSDT,SELL,LIMIT,1702111049607,67,0.8500322
PHBUSDT,SELL,LIMIT,1702111381012,114,0.8485556
PHBUSDT,SELL,LIMIT,1702111386209,500,0.8465505
PHBUSDT,SELL,LIMIT,1702111389626,95,0.8459206
PHBUSDT,SELL,LIMIT,1702121362906,46,0.8447087
PHBUSDT,SELL,LIMIT,1702124762321,6,0.8433954
PHBUSDT,SELL,LIMIT,1702132955180,970,0.8365995
PHBUSDT,SELL,LIMIT,1702141843028,147,0.8263392
PHBUSDT,SELL,LIMIT,1702141851010,4001,0.8242855
PHBUSDT,SELL,LIMIT,1702141857490,75,0.8243412
PHBUSDT,SELL,LIMIT,1702164504090,2145,0.8217254
PHBUSDT,SELL,LIMIT,1702164505335,3190,0.8214712
PHBUSDT,SELL,LIMIT,1702164534006,1223,0.8208481
PHBUSDT,SELL,LIMIT,1702164536352,105,0.8207063
PHBUSDT,SELL,LIMIT,1702164555492,2257,0.8192935
PHBUSDT,SELL,LIMIT,1702164704775,104,0.8181776
PHBUSDT,SELL,LIMIT,1702164756467,75,0.8158034
PHBUSDT,SELL,LIMIT,1702164799580,85,0.8147334
PHBUSDT,SELL,LIMIT,1702164800922,3,0.8142907
PHBUSDT,SELL,LIMIT,1702164803516,24,0.8130081
PHBUSDT,SELL,LIMIT,1702164806489,6,0.8120257
PHBUSDT,SELL,LIMIT,1702164808505,5805,0.8111397
PHBUSDT,SELL,LIMIT,1702164809570,677,0.8111231
PHBUSDT,SELL,LIMIT,1702164810765,18,0.8100033
PHBUSDT,SELL,LIMIT,1702164814386,36,0.8143640
PHBUSDT,BUY,LIMIT,1702190242348,33,0.8682240
PHBUSDT,BUY,LIMIT,1702191032378,540,0.8694480
PHBUSDT,BUY,LIMIT,1702193322225,173,0.8585340
PHBUSDT,SELL,LIMIT,1702200761541,18,0.8106395
PHBUSDT,SELL,LIMIT,1702200794161,122,0.8092456
PHBUSDT,SELL,LIMIT,1702200805503,34,0.8088980
PHBUSDT,SELL,LIMIT,1702200810245,47,0.8086388
PHBUSDT,SELL,LIMIT,1702200894173,865,0.8076901
PHBUSDT,SELL,LIMIT,1702200934891,440,0.8053641
PHBUSDT,SELL,LIMIT,1702201480100,124,0.8052661
PHBUSDT,SELL,LIMIT,1702201801698,2363,0.8047828
PHBUSDT,SELL,LIMIT,1702202157133,56,0.8053348
PHBUSDT,SELL,LIMIT,1702202227411,608,0.8046760
PHBUSDT,SELL,LIMIT,1702202257198,3235,0.8038537
PHBUSDT,SELL,LIMIT,1702202304491,58,0.8025427
PHBUSDT,SELL,LIMIT,1702202364246,143,0.8004189
PHBUSDT,SELL,LIMIT,1702202381275,268,0.7995909
PHBUSDT,SELL,LIMIT,1702202383034,11,0.7995062
PHBUSDT,SELL,LIMIT,1702202389335,13,0.7973783
PHBUSDT,SELL,LIMIT,1702202390452,1185,0.7982028
PHBUSDT,SELL,LIMIT,1702202398059,10,0.7962444
PHBUSDT,SELL,LIMIT,1702202400672,2676,0.7961065
PHBUSDT,BUY,LIMIT,1702221513805,106,0.8693998
PHBUSDT,BUY,LIMIT,1702240762134,112,0.8732147
PHBUSDT,SELL,LIMIT,1702257009370,137,0.8152621
PHBUSDT,SELL,LIMIT,1702260260428,769,0.8287771
PHBUSDT,SELL,LIMIT,1702260624408,99,0.8134009
PHBUSDT,SELL,LIMIT,1702260629154,758,0.8124201
PHBUSDT,SELL,LIMIT,1702260635512,109,0.8111089
PHBUSDT,SELL,LIMIT,1702260637301,422,0.8105566
PHBUSDT,SELL,LIMIT,1702260687152,211,0.8328934
PHBUSDT,SELL,LIMIT,1702260710214,230,0.8059071
PHBUSDT,SELL,LIMIT,1702260711335,584,0.8058622
PHBUSDT,SELL,LIMIT,1702260714080,4524,0.8057424
PHBUSDT,SELL,LIMIT,1702260717819,1031,0.8052003
PHBUSDT,BUY,LIMIT,1702260728383,154,0.8310433
PHBUSDT,SELL,LIMIT,1702260730224,1149,0.7984238
PHBUSDT,SELL,LIMIT,1702260731675,951,0.7978418
PHBUSDT,SELL,LIMIT,1702260732818,1251,0.7970455
PHBUSDT,SELL,LIMIT,1702260734368,58,0.7974512
PHBUSDT,SELL,LIMIT,1702260735647,14812,0.7931729
PHBUSDT,SELL,LIMIT,1702260737245,4661,0.7945523
PHBUSDT,SELL,LIMIT,1702260738898,5616,0.7937022
PHBUSDT,SELL,LIMIT,1702260740843,7,0.7932013
PHBUSDT,SELL,LIMIT,1702260742370,45,0.7909531
PHBUSDT,SELL,LIMIT,1702260744975,557,0.7905831
PHBUSDT,SELL,LIMIT,1702260746103,7476,0.7879334
PHBUSDT,SELL,LIMIT,1702260748481,2540,0.7884604
PHBUSDT,SELL,LIMIT,1702260749552,1178,0.7918888
PHBUSDT,SELL,LIMIT,1702260751898,254,0.7972203
PHBUSDT,SELL,LIMIT,1702260753430,2467,0.7862995
PHBUSDT,SELL,LIMIT,1702260755791,422,0.7862118
PHBUSDT,SELL,LIMIT,1702260757824,352,0.7857125
PHBUSDT,SELL,LIMIT,1702260759866,275,0.7847463
PHBUSDT,SELL,LIMIT,1702260760979,1837,0.7829098
PHBUSDT,SELL,LIMIT,1702260762111,7,0.7827358
PHBUSDT,SELL,LIMIT,1702260763605,1756,0.7824882
PHBUSDT,SELL,LIMIT,1702260764695,58,0.7798007
PHBUSDT,SELL,LIMIT,1702260766134,349,0.7778627
PHBUSDT,SELL,LIMIT,1702260767880,11050,0.7662360
PHBUSDT,SELL,LIMIT,1702260768935,59,0.8639375
PHBUSDT,SELL,LIMIT,1702260769942,105,0.7651697
PHBUSDT,SELL,LIMIT,1702260771142,4495,0.7636600
PHBUSDT,SELL,LIMIT,1702260772682,360,0.7632370
PHBUSDT,SELL,LIMIT,1702260774388,59,0.7519060
PHBUSDT,SELL,LIMIT,1702260775454,2764,0.7562643
PHBUSDT,SELL,LIMIT,1702260776618,5854,0.7499539
PHBUSDT,SELL,LIMIT,1702260778301,93,0.7436143
PHBUSDT,SELL,LIMIT,1702260779396,180,0.7477706
PHBUSDT,SELL,LIMIT,1702260780410,248,0.7432870
PHBUSDT,SELL,LIMIT,1702260781419,3483,0.7420125
PHBUSDT,SELL,LIMIT,1702260782443,150,0.7436136
PHBUSDT,SELL,LIMIT,1702260783659,142,0.7426984
PHBUSDT,SELL,LIMIT,1702260784810,2436,0.7396018
PHBUSDT,SELL,LIMIT,1702260786293,58,0.7414659
PHBUSDT,SELL,LIMIT,1702260787526,26,0.7411712
PHBUSDT,SELL,LIMIT,1702260788643,1803,0.7385392
PHBUSDT,SELL,LIMIT,1702260789682,4847,0.7405719
PHBUSDT,SELL,LIMIT,1702260790939,15,0.7356569
PHBUSDT,SELL,LIMIT,1702260792474,660,0.7353275
PHBUSDT,SELL,LIMIT,1702260793506,2408,0.7352599
PHBUSDT,SELL,LIMIT,1702260794686,212,0.7344988
PHBUSDT,SELL,LIMIT,1702260795717,7,0.7262830
PHBUSDT,SELL,LIMIT,1702260796737,2335,0.7240838
PHBUSDT,SELL,LIMIT,1702260798216,265,0.7212421
PHBUSDT,SELL,LIMIT,1702260799604,1472,0.7214650
PHBUSDT,SELL,LIMIT,1702260800726,719,0.7235500
PHBUSDT,SELL,LIMIT,1702260801763,1589,0.7237943
PHBUSDT,SELL,LIMIT,1702260803537,6522,0.7189853
PHBUSDT,SELL,LIMIT,1702260804796,377,0.7204398
PHBUSDT,SELL,LIMIT,1702260805911,59,0.7202709
PHBUSDT,SELL,LIMIT,1702260807280,1496,0.7226850
PHBUSDT,SELL,LIMIT,1702260809018,175,0.7190998
PHBUSDT,SELL,LIMIT,1702260811640,99,0.7144771
PHBUSDT,SELL,LIMIT,1702260813254,278,0.7179750
PHBUSDT,SELL,LIMIT,1702260814260,1077,0.7190042
PHBUSDT,SELL,LIMIT,1702260816767,782,0.7140872
PHBUSDT,SELL,LIMIT,1702260818047,1579,0.7138886
PHBUSDT,SELL,LIMIT,1702260822130,48,0.7130217
PHBUSDT,SELL,LIMIT,1702260926794,63,0.7536131
PHBUSDT,SELL,LIMIT,1702262615562,151,0.7558695
PHBUSDT,SELL,LIMIT,1702262873708,69,0.7519541
