Symbol,Side,Order Type,Time,Quantity,Price
POWRUSDT,SELL,LIMIT,1701917238853,4391,0.2973317
POWRUSDT,SELL,LIMIT,1701939546756,3053,0.3006971
POWRUSDT,SELL,LIMIT,1701940049355,490,0.2996377
POWRUSDT,SELL,LIMIT,1701940555658,56,0.2980790
POWRUSDT,SELL,LIMIT,1701940676126,16417,0.2971757
POWRUSDT,SELL,LIMIT,1701941072770,57,0.2950403
POWRUSDT,SELL,LIMIT,1701941245072,58,0.2920997
POWRUSDT,SELL,LIMIT,1701941246708,10000,0.2916904
POWRUSDT,BUY,LIMIT,1701969391261,2633,0.3199953
POWRUSDT,SELL,LIMIT,1701970755347,504,0.3096276
POWRUSDT,BUY,LIMIT,1701983047493,316,0.3218147
POWRUSDT,SELL,LIMIT,1701988556284,50,0.3448239
POWRUSDT,SELL,LIMIT,1701997651320,149,0.3114721
POWRUSDT,BUY,LIMIT,1702003856677,15928,0.3257833
POWRUSDT,BUY,LIMIT,1702007154541,88,0.3290924
POWRUSDT,BUY,LIMIT,1702013633517,3018,0.3341698
POWRUSDT,BUY,LIMIT,1702013652794,2403,0.3344761
POWRUSDT,SELL,LIMIT,1702017032464,314,0.3242193
POWRUSDT,SELL,LIMIT,1702019525117,97,0.3174814
POWRUSDT,SELL,LIMIT,1702020186834,5000,0.3159813
POWRUSDT,SELL,LIMIT,1702020495897,358,0.3158473
POWRUSDT,BUY,LIMIT,1702020940046,461,0.3265571
POWRUSDT,SELL,LIMIT,1702022837864,722,0.3164813
POWRUSDT,SELL,LIMIT,1702040805383,1369,0.3176595
POWRUSDT,SELL,LIMIT,1702041298164,958,0.3207251
POWRUSDT,BUY,LIMIT,1702041557911,122,0.3300874
POWRUSDT,SELL,LIMIT,1702042885465,1714,0.3209278
POWRUSDT,BUY,LIMIT,1702053526787,128,0.3330046
POWRUSDT,BUY,LIMIT,1702066965035,1780,0.3379392
POWRUSDT,BUY,LIMIT,1702077938617,331,0.3444842
POWRUSDT,BUY,LIMIT,1702081451430,252,0.3481294
POWRUSDT,BUY,LIMIT,1702081491640,18,0.3479420
POWRUSDT,BUY,LIMIT,1702081820274,305,0.3506558
POWRUSDT,BUY,LIMIT,1702082916342,289,0.3586173
POWRUSDT,SELL,LIMIT,1702083266262,261,0.3467030
POWRUSDT,SELL,LIMIT,1702084108655,14354,0.3415245
POWRUSDT,BUY,LIMIT,1702088335046,3766,0.3573450
POWRUSDT,SELL,LIMIT,1702089518103,28,0.3416032
POWRUSDT,BUY,LIMIT,1702098507520,39,0.3544380
POWRUSDT,SELL,LIMIT,1702099356467,397,0.3424939
POWRUSDT,SELL,LIMIT,1702102195285,20,0.3469077
POWRUSDT,SELL,LIMIT,1702107242429,503,0.3443723
POWRUSDT,BUY,LIMIT,1702109741906,423,0.3574245
POWRUSDT,SELL,LIMIT,1702110970061,15,0.3456569
POWRUSDT,SELL,LIMIT,1702111029135,70,0.3447501
POWRUSDT,SELL,LIMIT,1702111375245,14285,0.3381506
POWRUSDT,BUY,LIMIT,1702135445356,3532,0.3612954
POWRUSDT,SELL,LIMIT,1702135666024,2658,0.3499362
POWRUSDT,BUY,LIMIT,1702135909648,702,0.3630488
POWRUSDT,SELL,LIMIT,1702136792827,787,0.3535629
POWRUSDT,SELL,LIMIT,1702139008152,200,0.3505944
POWRUSDT,SELL,LIMIT,1702141580482,15,0.3523697
POWRUSDT,SELL,LIMIT,1702141724331,16,0.3510097
POWRUSDT,SELL,LIMIT,1702141740644,475,0.3507903
POWRUSDT,BUY,LIMIT,1702143281289,7320,0.3651970
POWRUSDT,SELL,LIMIT,1702148013272,64,0.3570003
POWRUSDT,SELL,LIMIT,1702153016010,640,0.3539980
POWRUSDT,BUY,LIMIT,1702153648501,16949,0.3671774
POWRUSDT,SELL,LIMIT,1702153697086,32,0.3903402
POWRUSDT,SELL,LIMIT,1702153700171,279,0.3551911
POWRUSDT,BUY,LIMIT,1702154247085,20880,0.3699403
POWRUSDT,BUY,LIMIT,1702154665134,278,0.3708087
POWRUSDT,SELL,LIMIT,1702155608337,2197,0.3584731
POWRUSDT,BUY,LIMIT,1702155797737,39,0.3705059
POWRUSDT,SELL,LIMIT,1702155948270,2474,0.3577711
POWRUSDT,SELL,LIMIT,1702156365738,96,0.3556157
POWRUSDT,BUY,LIMIT,1702159034808,299,0.3726396
POWRUSDT,SELL,LIMIT,1702159465166,670,0.3603851
POWRUSDT,SELL,LIMIT,1702159496774,3046,0.3593424
POWRUSDT,BUY,LIMIT,1702160849508,6393,0.3745534
POWRUSDT,BUY,LIMIT,1702161208568,13553,0.3763805
POWRUSDT,BUY,LIMIT,1702161726710,16,0.3773973
POWRUSDT,BUY,LIMIT,1702161799059,319,0.3775396
POWRUSDT,BUY,LIMIT,1702161803503,305,0.3778045
POWRUSDT,BUY,LIMIT,1702161836270,61,0.3791143
POWRUSDT,BUY,LIMIT,1702161847094,4067,0.3791543
POWRUSDT,BUY,LIMIT,1702163589119,4664,0.3786546
POWRUSDT,SELL,LIMIT,1702164313376,111,0.3634869
POWRUSDT,SELL,LIMIT,1702164749361,32,0.3589930
POWRUSDT,SELL,LIMIT,1702164803457,156,0.3580641
POWRUSDT,SELL,LIMIT,1702164804471,13815,0.3581988
POWRUSDT,SELL,LIMIT,1702164806221,3128,0.3547583
POWRUSDT,SELL,LIMIT,1702164808649,124,0.3532307
POWRUSDT,SELL,LIMIT,1702166123020,112,0.3542579
POWRUSDT,BUY,LIMIT,1702167733739,14,0.3678360
POWRUSDT,SELL,LIMIT,1702168043155,2549,0.3541937
POWRUSDT,SELL,LIMIT,1702168102074,380,0.3530478
POWRUSDT,BUY,LIMIT,1702169908238,149,0.3680542
POWRUSDT,SELL,LIMIT,1702172924165,15,0.3542731
POWRUSDT,SELL,LIMIT,1702173286226,620,0.3518159
POWRUSDT,SELL,LIMIT,1702173389358,834,0.3509762
POWRUSDT,SELL,LIMIT,1702175371083,13,0.3489311
POWRUSDT,SELL,LIMIT,1702175562116,1407,0.3481672
POWRUSDT,SELL,LIMIT,1702175576262,697,0.3481304
POWRUSDT,SELL,LIMIT,1702176574786,688,0.3463894
POWRUSDT,SELL,LIMIT,1702176675545,226,0.3459175
POWRUSDT,SELL,LIMIT,1702178819117,6582,0.3453723
POWRUSDT,SELL,LIMIT,1702179275339,2811,0.3434129
POWRUSDT,SELL,LIMIT,1702197092403,2330,0.3435901
POWRUSDT,SELL,LIMIT,1702200442790,1100,0.3419749
POWRUSDT,SELL,LIMIT,1702200921193,150,0.3401653
POWRUSDT,SELL,LIMIT,1702201460499,22,0.3376294
POWRUSDT,SELL,LIMIT,1702201477450,1000,0.3368477
POWRUSDT,SELL,LIMIT,1702202290213,5379,0.3354451
POWRUSDT,SELL,LIMIT,1702202294234,299,0.3355126
POWRUSDT,SELL,LIMIT,1702202380821,24,0.3356672
POWRUSDT,SELL,LIMIT,1702214807703,1508,0.3574524
POWRUSDT,SELL,LIMIT,1702214809231,321,0.3569237
POWRUSDT,BUY,LIMIT,1702216290331,114,0.3669336
POWRUSDT,BUY,LIMIT,1702220418174,18529,0.3784494
POWRUSDT,BUY,LIMIT,1702220428980,6275,0.3790584
POWRUSDT,BUY,LIMIT,1702220439031,827,0.3791760
POWRUSDT,BUY,LIMIT,1702220455019,308,0.3797091
POWRUSDT,BUY,LIMIT,1702220544534,55,0.3802582
POWRUSDT,BUY,LIMIT,1702220546119,1729,0.3828054
POWRUSDT,BUY,LIMIT,1702220547250,7240,0.3830691
POWRUSDT,SELL,LIMIT,1702220589460,5151,0.3703037
POWRUSDT,SELL,LIMIT,1702220648490,394,0.3693474
POWRUSDT,SELL,LIMIT,1702221036828,239,0.3665672
POWRUSDT,BUY,LIMIT,1702221666117,4011,0.3813032
POWRUSDT,SELL,LIMIT,1702223000124,421,0.3688622
POWRUSDT,SELL,LIMIT,1702224535302,1946,0.3661733
POWRUSDT,SELL,LIMIT,1702224564672,3295,0.3649426
POWRUSDT,BUY,LIMIT,1702226547947,496,0.3847179
POWRUSDT,SELL,LIMIT,1702228032757,1581,0.3714124
POWRUSDT,BUY,LIMIT,1702230269298,464,0.3862996
POWRUSDT,BUY,LIMIT,1702230474937,155,0.3868817
POWRUSDT,BUY,LIMIT,1702230478053,755,0.3872456
POWRUSDT,BUY,LIMIT,1702230494375,1479,0.3884878
POWRUSDT,BUY,LIMIT,1702231164427,4816,0.3889383
POWRUSDT,BUY,LIMIT,1702231336487,476,0.3902253
POWRUSDT,BUY,LIMIT,1702231358089,398,0.3904685
POWRUSDT,BUY,LIMIT,1702231391405,1201,0.3911442
POWRUSDT,BUY,LIMIT,1702231405738,11139,0.3914034
POWRUSDT,SELL,LIMIT,1702231568834,45,0.3773475
POWRUSDT,BUY,LIMIT,1702232084671,2478,0.3915449
POWRUSDT,BUY,LIMIT,1702232332494,2531,0.3922405
POWRUSDT,BUY,LIMIT,1702233321688,14255,0.3953855
POWRUSDT,BUY,LIMIT,1702233370561,1660,0.3962219
POWRUSDT,BUY,LIMIT,1702233414300,2123,0.3963456
POWRUSDT,BUY,LIMIT,1702233417876,108,0.3963649
POWRUSDT,SELL,LIMIT,1702234571115,2271,0.3796401
POWRUSDT,SELL,LIMIT,1702234592475,1175,0.3792089
POWRUSDT,SELL,LIMIT,1702234600381,1221,0.3785784
POWRUSDT,SELL,LIMIT,1702236701707,219,0.3781641
POWRUSDT,BUY,LIMIT,1702238170317,3033,0.3931340
POWRUSDT,SELL,LIMIT,1702238812675,2719,0.3802880
POWRUSDT,BUY,LIMIT,1702239825898,468,0.3940298
POWRUSDT,BUY,LIMIT,1702240361119,719,0.3946342
POWRUSDT,SELL,LIMIT,1702240613461,128,0.3843807
POWRUSDT,BUY,LIMIT,1702240755778,17538,0.3967878
POWRUSDT,BUY,LIMIT,1702241355397,24,0.3971316
POWRUSDT,BUY,LIMIT,1702241791122,132,0.3993392
POWRUSDT,BUY,LIMIT,1702242577157,1600,0.3996391
POWRUSDT,BUY,LIMIT,1702242615138,1722,0.4003263
POWRUSDT,BUY,LIMIT,1702242674438,1344,0.4012089
POWRUSDT,BUY,LIMIT,1702242697685,1086,0.4017932
POWRUSDT,BUY,LIMIT,1702242871389,1548,0.4028542
POWRUSDT,BUY,LIMIT,1702242872560,2808,0.4026808
POWRUSDT,BUY,LIMIT,1702242899815,913,0.4039427
POWRUSDT,SELL,LIMIT,1702243721536,2257,0.3898189
POWRUSDT,SELL,LIMIT,1702244311208,1850,0.3858681
POWRUSDT,SELL,LIMIT,1702244332762,1943,0.3855064
POWRUSDT,SELL,LIMIT,1702244340223,8282,0.3846500
POWRUSDT,BUY,LIMIT,1702245485838,12906,0.3949176
POWRUSDT,SELL,LIMIT,1702245630473,265,0.3776032
POWRUSDT,SELL,LIMIT,1702245685290,128,0.3775506
POWRUSDT,BUY,LIMIT,1702246046385,316,0.3908735
POWRUSDT,SELL,LIMIT,1702247471765,56,0.3746775
POWRUSDT,SELL,LIMIT,1702248304310,578,0.3732418
POWRUSDT,SELL,LIMIT,1702248379056,314,0.3729261
POWRUSDT,SELL,LIMIT,1702248394298,13168,0.3719773
POWRUSDT,SELL,LIMIT,1702248696602,9173,0.3716190
POWRUSDT,SELL,LIMIT,1702249317650,88,0.3702898
POWRUSDT,SELL,LIMIT,1702249582323,3258,0.3691781
POWRUSDT,SELL,LIMIT,1702249586099,24,0.3691145
POWRUSDT,SELL,LIMIT,1702253519390,6,0.3673784
POWRUSDT,SELL,LIMIT,1702253523584,19,0.3672893
POWRUSDT,SELL,LIMIT,1702253529269,251,0.3670927
POWRUSDT,SELL,LIMIT,1702253660257,480,0.3668184
POWRUSDT,SELL,LIMIT,1702256047916,1717,0.3652711
POWRUSDT,SELL,LIMIT,1702256070822,27,0.3650849
POWRUSDT,SELL,LIMIT,1702256182402,1652,0.3642564
POWRUSDT,SELL,LIMIT,1702256217357,306,0.3636521
POWRUSDT,SELL,LIMIT,1702256509246,48,0.3627939
POWRUSDT,SELL,LIMIT,1702256620300,255,0.3616928
POWRUSDT,SELL,LIMIT,1702256744987,1732,0.3607461
POWRUSDT,SELL,LIMIT,1702256973174,217,0.3575309
POWRUSDT,SELL,LIMIT,1702256976816,526,0.3571170
POWRUSDT,BUY,LIMIT,1702259153406,26,0.3789432
POWRUSDT,SELL,LIMIT,1702260201523,3320,0.3716002
POWRUSDT,SELL,LIMIT,1702260213399,133,0.3713537
POWRUSDT,SELL,LIMIT,1702260432821,15,0.3667967
POWRUSDT,SELL,LIMIT,1702260437013,563,0.3663504
POWRUSDT,BUY,LIMIT,1702260628388,288,0.3782905
POWRUSDT,SELL,LIMIT,1702260630146,1500,0.3698274
POWRUSDT,SELL,LIMIT,1702260631266,10759,0.3670290
POWRUSDT,SELL,LIMIT,1702260708446,913,0.3633917
POWRUSDT,SELL,LIMIT,1702260710288,15,0.3622707
POWRUSDT,SELL,LIMIT,1702260712695,3000,0.3655028
POWRUSDT,SELL,LIMIT,1702260714596,250,0.3615367
POWRUSDT,SELL,LIMIT,1702260718173,256,0.3612448
POWRUSDT,SELL,LIMIT,1702260720046,13635,0.3610151
POWRUSDT,SELL,LIMIT,1702260725799,25,0.3595751
POWRUSDT,SELL,LIMIT,1702260729546,98,0.3589600
POWRUSDT,SELL,LIMIT,1702260731475,4966,0.3586241
POWRUSDT,SELL,LIMIT,1702260738482,10201,0.3568791
POWRUSDT,SELL,LIMIT,1702260741626,1300,0.3571788
POWRUSDT,SELL,LIMIT,1702260743018,29307,0.3541562
POWRUSDT,SELL,LIMIT,1702260745636,17,0.3529543
POWRUSDT,SELL,LIMIT,1702260747031,324,0.3529543
POWRUSDT,SELL,LIMIT,1702260748776,176,0.3524863
POWRUSDT,SELL,LIMIT,1702260752824,51,0.3513496
POWRUSDT,SELL,LIMIT,1702260754901,118,0.3513496
POWRUSDT,SELL,LIMIT,1702260758528,15735,0.3507468
POWRUSDT,SELL,LIMIT,1702260760005,1,0.3512511
POWRUSDT,SELL,LIMIT,1702260761983,16,0.3512511
POWRUSDT,SELL,LIMIT,1702260764955,30,0.3515466
POWRUSDT,SELL,LIMIT,1702260768103,5842,0.3511547
POWRUSDT,SELL,LIMIT,1702260769782,51,0.3839563
POWRUSDT,SELL,LIMIT,1702260770874,113,0.3492999
POWRUSDT,SELL,LIMIT,1702260771913,767,0.3487223
POWRUSDT,SELL,LIMIT,1702260773219,284,0.3489182
POWRUSDT,SELL,LIMIT,1702260774757,18,0.3469929
POWRUSDT,SELL,LIMIT,1702260775880,5000,0.3460774
POWRUSDT,SELL,LIMIT,1702260778195,801,0.3451089
POWRUSDT,SELL,LIMIT,1702260779356,2607,0.3448424
POWRUSDT,SELL,LIMIT,1702260780424,5270,0.3450645
POWRUSDT,SELL,LIMIT,1702260781734,14044,0.3440349
POWRUSDT,SELL,LIMIT,1702260784980,1747,0.3418722
POWRUSDT,SELL,LIMIT,1702260786293,128,0.3416693
POWRUSDT,SELL,LIMIT,1702260788962,558,0.3402494
POWRUSDT,SELL,LIMIT,1702260790400,1831,0.3395510
POWRUSDT,SELL,LIMIT,1702260791649,13678,0.3374939
POWRUSDT,SELL,LIMIT,1702260793118,531,0.3375495
POWRUSDT,SELL,LIMIT,1702260794592,316,0.3373145
POWRUSDT,SELL,LIMIT,1702260796668,65000,0.3356809
POWRUSDT,SELL,LIMIT,1702260798274,15,0.3359455
POWRUSDT,SELL,LIMIT,1702260799552,17515,0.3353146
POWRUSDT,SELL,LIMIT,1702260800628,14,0.3345714
POWRUSDT,SELL,LIMIT,1702260801967,4204,0.3339532
POWRUSDT,BUY,LIMIT,1702260804646,1300,0.3409321
POWRUSDT,SELL,LIMIT,1702260807399,2076,0.3298124
POWRUSDT,SELL,LIMIT,1702260808438,57,0.3309706
POWRUSDT,SELL,LIMIT,1702260810032,791,0.3283079
POWRUSDT,SELL,LIMIT,1702260811649,665,0.3276839
POWRUSDT,SELL,LIMIT,1702260812735,73,0.3277172
POWRUSDT,SELL,LIMIT,1702260814261,5923,0.3276790
POWRUSDT,SELL,LIMIT,1702260818417,62,0.3234840
POWRUSDT,BUY,LIMIT,1702260842940,13168,0.3457880
POWRUSDT,BUY,LIMIT,1702260876726,8,0.3555656
POWRUSDT,BUY,LIMIT,1702260909396,1393,0.3623349
POWRUSDT,SELL,LIMIT,1702260915757,360,0.3485313
POWRUSDT,BUY,LIMIT,1702261182609,267,0.3638066
POWRUSDT,SELL,LIMIT,1702261262774,4207,0.3471844
POWRUSDT,BUY,LIMIT,1702263234352,6089,0.3668270
POWRUSDT,BUY,LIMIT,1702263628172,27,0.3665970
POWRUSDT,BUY,LIMIT,1702264684006,3446,0.3792686
POWRUSDT,BUY,LIMIT,1702264700619,45,0.3806976
POWRUSDT,BUY,LIMIT,1702266278451,1382,0.3844616
