Symbol,Side,Order Type,Time,Quantity,Price
PYTHUSDT,SELL,LIMIT,1701066082702,355,0.4168959
PYTHUSDT,SELL,LIMIT,1701067321421,1175,0.4169772
PYTHUSDT,SELL,LIMIT,1701067329645,39,0.4168901
PYTHUSDT,SELL,LIMIT,1701067557983,58671,0.4135723
PYTHUSDT,SELL,LIMIT,1701067662829,13,0.4158884
PYTHUSDT,SELL,LIMIT,1701067722702,935,0.4148821
PYTHUSDT,SELL,LIMIT,1701067785986,102,0.4157311
PYTHUSDT,SELL,LIMIT,1701067865950,2726,0.4131544
PYTHUSDT,SELL,LIMIT,1701067871109,29,0.4123275
PYTHUSDT,SELL,LIMIT,1701067872954,3708,0.4116623
PYTHUSDT,SELL,LIMIT,1701067948208,16,0.4110235
PYTHUSDT,SELL,LIMIT,1701067975239,204,0.4099785
PYTHUSDT,SELL,LIMIT,1701068085875,4736,0.4100761
PYTHUSDT,SELL,LIMIT,1701068089198,45,0.4099938
PYTHUSDT,SELL,LIMIT,1701068095705,9400,0.4097067
PYTHUSDT,SELL,LIMIT,1701068101814,663,0.4095601
PYTHUSDT,SELL,LIMIT,1701068110097,17812,0.4078069
PYTHUSDT,SELL,LIMIT,1701068119080,80,0.4087521
PYTHUSDT,SELL,LIMIT,1701068123713,247,0.4083555
PYTHUSDT,SELL,LIMIT,1701068148147,19,0.4078212
PYTHUSDT,SELL,LIMIT,1701068157150,4010,0.4075461
PYTHUSDT,SELL,LIMIT,1701068162501,130,0.4071247
PYTHUSDT,SELL,LIMIT,1701068181269,564,0.4075773
PYTHUSDT,SELL,LIMIT,1701068198660,500,0.4075914
PYTHUSDT,SELL,LIMIT,1701068261022,205,0.4068048
PYTHUSDT,SELL,LIMIT,1701068265919,80,0.4061438
PYTHUSDT,SELL,LIMIT,1701068280121,265,0.4057963
PYTHUSDT,BUY,LIMIT,1701068451364,71,0.4215303
PYTHUSDT,BUY,LIMIT,1701068483289,36,0.4216018
PYTHUSDT,SELL,LIMIT,1701068805217,4784,0.4075631
PYTHUSDT,SELL,LIMIT,1701068869213,8047,0.4068202
PYTHUSDT,SELL,LIMIT,1701068872412,123,0.4062930
PYTHUSDT,SELL,LIMIT,1701068878374,1458,0.4052598
PYTHUSDT,SELL,LIMIT,1701068997849,48,0.4095631
PYTHUSDT,SELL,LIMIT,1701069231889,25,0.4053931
PYTHUSDT,SELL,LIMIT,1701069242455,180,0.4048758
PYTHUSDT,SELL,LIMIT,1701069289253,488,0.4060107
PYTHUSDT,SELL,LIMIT,1701069296093,225,0.4055560
PYTHUSDT,SELL,LIMIT,1701069315771,32,0.4047891
PYTHUSDT,SELL,LIMIT,1701069339468,33,0.4044014
PYTHUSDT,SELL,LIMIT,1701069344075,6855,0.4033277
PYTHUSDT,SELL,LIMIT,1701069345090,2027,0.4027897
PYTHUSDT,SELL,LIMIT,1701069346121,11083,0.4011549
PYTHUSDT,SELL,LIMIT,1701069347177,43,0.4014673
PYTHUSDT,SELL,LIMIT,1701069348200,6717,0.4008404
PYTHUSDT,SELL,LIMIT,1701069349210,397,0.4003041
PYTHUSDT,SELL,LIMIT,1701069500533,455,0.4006471
PYTHUSDT,SELL,LIMIT,1701069520019,1149,0.4007966
PYTHUSDT,SELL,LIMIT,1701069522899,660,0.4006140
PYTHUSDT,SELL,LIMIT,1701069529062,2061,0.3992844
PYTHUSDT,SELL,LIMIT,1701069530159,13364,0.3986189
PYTHUSDT,SELL,LIMIT,1701069561550,301,0.4008977
PYTHUSDT,SELL,LIMIT,1701069571768,18429,0.3995382
PYTHUSDT,SELL,LIMIT,1701069612567,2096,0.4004308
PYTHUSDT,SELL,LIMIT,1701069637974,1345,0.3995161
PYTHUSDT,SELL,LIMIT,1701069648215,2494,0.3983804
PYTHUSDT,SELL,LIMIT,1701069649257,2351,0.3980062
PYTHUSDT,SELL,LIMIT,1701069651271,2523,0.3991574
PYTHUSDT,SELL,LIMIT,1701069797242,1897,0.4007971
PYTHUSDT,SELL,LIMIT,1701069806126,207,0.3987440
PYTHUSDT,SELL,LIMIT,1701069810025,9386,0.3988129
PYTHUSDT,SELL,LIMIT,1701069849179,202,0.3975515
PYTHUSDT,SELL,LIMIT,1701069855202,125,0.3979401
PYTHUSDT,SELL,LIMIT,1701069872305,7215,0.3974797
PYTHUSDT,SELL,LIMIT,1701069875049,122,0.3972375
PYTHUSDT,SELL,LIMIT,1701069883930,21,0.3969421
PYTHUSDT,SELL,LIMIT,1701069885111,3222,0.3968547
PYTHUSDT,SELL,LIMIT,1701069890464,2116,0.3965798
PYTHUSDT,SELL,LIMIT,1701069895460,22,0.3965792
PYTHUSDT,SELL,LIMIT,1701069897228,4082,0.3961356
PYTHUSDT,SELL,LIMIT,1701069899703,68,0.3960323
PYTHUSDT,SELL,LIMIT,1701069902892,323,0.3957494
PYTHUSDT,SELL,LIMIT,1701069908836,1318,0.3955082
PYTHUSDT,SELL,LIMIT,1701069921904,2075,0.3952874
PYTHUSDT,SELL,LIMIT,1701070162148,1683,0.3954281
PYTHUSDT,SELL,LIMIT,1701070163243,10016,0.3947472
PYTHUSDT,SELL,LIMIT,1701070164264,280,0.3945930
PYTHUSDT,SELL,LIMIT,1701070165281,1248,0.3943312
PYTHUSDT,SELL,LIMIT,1701070169081,106,0.3944594
PYTHUSDT,SELL,LIMIT,1701070172028,1515,0.3943082
PYTHUSDT,SELL,LIMIT,1701070192080,163,0.3941937
PYTHUSDT,SELL,LIMIT,1701070193368,151,0.3940226
PYTHUSDT,SELL,LIMIT,1701070197394,605,0.3937223
PYTHUSDT,SELL,LIMIT,1701070198643,89,0.3934697
PYTHUSDT,SELL,LIMIT,1701070357080,1085,0.3987147
PYTHUSDT,SELL,LIMIT,1701070424210,867,0.3956226
PYTHUSDT,SELL,LIMIT,1701070438710,12342,0.3947245
PYTHUSDT,SELL,LIMIT,1701070439817,205,0.3947245
PYTHUSDT,SELL,LIMIT,1701070536817,543,0.3953153
PYTHUSDT,BUY,LIMIT,1701070814673,124,0.4115193
PYTHUSDT,BUY,LIMIT,1701070956506,28,0.4132560
PYTHUSDT,BUY,LIMIT,1701071522993,20,0.4221249
PYTHUSDT,SELL,LIMIT,1701072008566,39,0.4059327
PYTHUSDT,SELL,LIMIT,1701072053006,349,0.4051462
PYTHUSDT,BUY,LIMIT,1701072988280,49,0.4236992
PYTHUSDT,BUY,LIMIT,1701072991741,12481,0.4240989
PYTHUSDT,SELL,LIMIT,1701073178429,75,0.4095422
PYTHUSDT,SELL,LIMIT,1701073528495,42,0.4108161
PYTHUSDT,BUY,LIMIT,1701074322556,135,0.4281450
PYTHUSDT,BUY,LIMIT,1701074340451,7674,0.4291078
PYTHUSDT,SELL,LIMIT,1701074371183,7263,0.4171074
PYTHUSDT,SELL,LIMIT,1701075047293,985,0.4107283
PYTHUSDT,SELL,LIMIT,1701077000087,570,0.4143726
PYTHUSDT,SELL,LIMIT,1701078040693,5440,0.4102965
PYTHUSDT,BUY,LIMIT,1701078238112,299,0.4242515
PYTHUSDT,SELL,LIMIT,1701079140853,90,0.4100808
PYTHUSDT,SELL,LIMIT,1701079218269,4330,0.4097465
PYTHUSDT,SELL,LIMIT,1701079858109,415,0.4092416
PYTHUSDT,SELL,LIMIT,1701080223507,498,0.4069132
PYTHUSDT,SELL,LIMIT,1701080241295,2,0.4061181
PYTHUSDT,BUY,LIMIT,1701081250258,897,0.4172167
PYTHUSDT,SELL,LIMIT,1701081330800,2120,0.4049081
PYTHUSDT,SELL,LIMIT,1701081350280,2839,0.4044411
PYTHUSDT,SELL,LIMIT,1701081353052,3611,0.4039486
PYTHUSDT,SELL,LIMIT,1701081354941,2487,0.4037517
PYTHUSDT,SELL,LIMIT,1701081443411,654,0.4030026
PYTHUSDT,SELL,LIMIT,1701081444611,12142,0.4023486
PYTHUSDT,SELL,LIMIT,1701081446059,569,0.4022303
PYTHUSDT,SELL,LIMIT,1701081447305,33690,0.3996422
PYTHUSDT,SELL,LIMIT,1701081460110,296,0.4014701
PYTHUSDT,SELL,LIMIT,1701081605826,51,0.4004806
PYTHUSDT,BUY,LIMIT,1701081727572,2945,0.4147468
PYTHUSDT,SELL,LIMIT,1701082045016,11862,0.4015153
PYTHUSDT,SELL,LIMIT,1701082069328,261,0.4010921
PYTHUSDT,SELL,LIMIT,1701082155389,78,0.3999491
PYTHUSDT,SELL,LIMIT,1701082167486,98,0.3997673
PYTHUSDT,SELL,LIMIT,1701082189596,9583,0.3992579
PYTHUSDT,SELL,LIMIT,1701082196045,131,0.3991131
PYTHUSDT,SELL,LIMIT,1701082426514,1241,0.4003478
PYTHUSDT,SELL,LIMIT,1701082467149,1150,0.3988686
PYTHUSDT,SELL,LIMIT,1701082469079,1027,0.3982731
PYTHUSDT,SELL,LIMIT,1701082486949,358,0.3979928
PYTHUSDT,SELL,LIMIT,1701082488963,209,0.3976158
PYTHUSDT,SELL,LIMIT,1701082491274,5790,0.3973353
PYTHUSDT,SELL,LIMIT,1701082498341,42,0.3959155
PYTHUSDT,SELL,LIMIT,1701082673539,343,0.3960405
PYTHUSDT,SELL,LIMIT,1701082676831,2264,0.3957834
PYTHUSDT,SELL,LIMIT,1701082679688,1096,0.3953607
PYTHUSDT,SELL,LIMIT,1701082718000,14,0.3952833
PYTHUSDT,SELL,LIMIT,1701082726979,12001,0.3951023
PYTHUSDT,SELL,LIMIT,1701082882691,2143,0.3962285
PYTHUSDT,SELL,LIMIT,1701083115066,2478,0.3955234
PYTHUSDT,SELL,LIMIT,1701083135848,1597,0.3952662
PYTHUSDT,BUY,LIMIT,1701083923042,861,0.4109812
PYTHUSDT,SELL,LIMIT,1701084603319,1378,0.3995297
PYTHUSDT,SELL,LIMIT,1701084628129,6084,0.3991989
PYTHUSDT,SELL,LIMIT,1701084648421,1878,0.3976743
PYTHUSDT,BUY,LIMIT,1701084948245,1726,0.4111989
PYTHUSDT,BUY,LIMIT,1701084976459,677,0.4116018
PYTHUSDT,SELL,LIMIT,1701085197693,1185,0.4039659
PYTHUSDT,SELL,LIMIT,1701086437315,2940,0.3993055
PYTHUSDT,SELL,LIMIT,1701086439013,3184,0.3991636
PYTHUSDT,SELL,LIMIT,1701086577424,171,0.4007581
PYTHUSDT,SELL,LIMIT,1701087524567,433,0.4004281
PYTHUSDT,SELL,LIMIT,1701087525948,1031,0.3997601
PYTHUSDT,SELL,LIMIT,1701087700398,485,0.3982239
PYTHUSDT,SELL,LIMIT,1701087782775,1295,0.3968317
PYTHUSDT,SELL,LIMIT,1701087983348,41,0.3959369
PYTHUSDT,SELL,LIMIT,1701087984793,104,0.3957347
PYTHUSDT,SELL,LIMIT,1701088063512,4813,0.3943720
PYTHUSDT,SELL,LIMIT,1701088208196,132,0.3942065
PYTHUSDT,BUY,LIMIT,1701088363163,378,0.4096395
PYTHUSDT,SELL,LIMIT,1701088667916,12319,0.3947826
PYTHUSDT,SELL,LIMIT,1701089003252,475,0.3944410
PYTHUSDT,SELL,LIMIT,1701089004372,28,0.3942000
PYTHUSDT,SELL,LIMIT,1701089123058,194,0.3958638
PYTHUSDT,SELL,LIMIT,1701089953473,168,0.3964205
PYTHUSDT,SELL,LIMIT,1701090973721,156,0.3959731
PYTHUSDT,SELL,LIMIT,1701090975066,143,0.3936661
PYTHUSDT,SELL,LIMIT,1701090976079,104,0.3930686
PYTHUSDT,SELL,LIMIT,1701090977100,36,0.3927370
PYTHUSDT,SELL,LIMIT,1701090978189,981,0.3925076
PYTHUSDT,SELL,LIMIT,1701090981805,1648,0.3923520
PYTHUSDT,SELL,LIMIT,1701090989476,194,0.3922989
PYTHUSDT,SELL,LIMIT,1701090993083,1795,0.3921601
PYTHUSDT,SELL,LIMIT,1701090995147,12554,0.3918091
PYTHUSDT,SELL,LIMIT,1701090996161,764,0.3908540
PYTHUSDT,SELL,LIMIT,1701090997251,518,0.3898141
PYTHUSDT,SELL,LIMIT,1701090998289,115,0.3906166
PYTHUSDT,SELL,LIMIT,1701090999304,974,0.3893997
PYTHUSDT,SELL,LIMIT,1701091001216,69,0.3884482
PYTHUSDT,SELL,LIMIT,1701091004147,1604,0.3883818
PYTHUSDT,SELL,LIMIT,1701091045106,60,0.3883374
PYTHUSDT,SELL,LIMIT,1701091046316,17152,0.3859633
PYTHUSDT,SELL,LIMIT,1701091048272,1264,0.3862327
PYTHUSDT,SELL,LIMIT,1701091049615,1494,0.3858366
PYTHUSDT,SELL,LIMIT,1701091051749,5223,0.3856840
PYTHUSDT,SELL,LIMIT,1701091052765,4499,0.3852196
PYTHUSDT,SELL,LIMIT,1701091053821,53,0.3852101
PYTHUSDT,SELL,LIMIT,1701091056420,1641,0.3850066
PYTHUSDT,BUY,LIMIT,1701091187057,38,0.3996622
PYTHUSDT,BUY,LIMIT,1701091213259,180,0.4008463
PYTHUSDT,SELL,LIMIT,1701091963338,765,0.3910553
PYTHUSDT,SELL,LIMIT,1701092006926,791,0.3907823
PYTHUSDT,SELL,LIMIT,1701092035619,24,0.3905919
PYTHUSDT,SELL,LIMIT,1701092059339,5024,0.3900318
PYTHUSDT,SELL,LIMIT,1701092064183,264,0.3892880
PYTHUSDT,SELL,LIMIT,1701092069148,12135,0.3892417
PYTHUSDT,SELL,LIMIT,1701092529322,208,0.3883898
PYTHUSDT,SELL,LIMIT,1701092568332,57,0.3883467
PYTHUSDT,SELL,LIMIT,1701092596673,465,0.3875012
PYTHUSDT,SELL,LIMIT,1701092616396,3146,0.3869791
PYTHUSDT,SELL,LIMIT,1701092619176,92,0.3865394
PYTHUSDT,SELL,LIMIT,1701092621632,177,0.3861456
PYTHUSDT,SELL,LIMIT,1701092802911,15119,0.3843704
PYTHUSDT,SELL,LIMIT,1701092812194,6626,0.3845519
PYTHUSDT,SELL,LIMIT,1701092813293,154,0.3842295
PYTHUSDT,SELL,LIMIT,1701092814344,12377,0.3840797
PYTHUSDT,SELL,LIMIT,1701093057905,576,0.3852386
PYTHUSDT,SELL,LIMIT,1701093072355,120,0.3860216
PYTHUSDT,SELL,LIMIT,1701093073648,122,0.3859231
PYTHUSDT,SELL,LIMIT,1701093111819,1400,0.3850227
PYTHUSDT,SELL,LIMIT,1701093113862,3564,0.3848321
PYTHUSDT,SELL,LIMIT,1701093137910,71,0.3846985
PYTHUSDT,SELL,LIMIT,1701093273685,716,0.3858264
PYTHUSDT,BUY,LIMIT,1701093467015,39,0.4012082
PYTHUSDT,SELL,LIMIT,1701093492392,74,0.3891230
PYTHUSDT,BUY,LIMIT,1701093598824,1637,0.4024725
PYTHUSDT,BUY,LIMIT,1701093601318,55,0.4028116
PYTHUSDT,BUY,LIMIT,1701093765311,127,0.4038665
PYTHUSDT,BUY,LIMIT,1701093766930,20,0.4040299
PYTHUSDT,BUY,LIMIT,1701093803224,3388,0.4048248
PYTHUSDT,SELL,LIMIT,1701094210839,9129,0.3911762
PYTHUSDT,SELL,LIMIT,1701094217577,507,0.3910222
PYTHUSDT,SELL,LIMIT,1701094295278,7916,0.3895893
PYTHUSDT,SELL,LIMIT,1701094575068,31,0.3906065
PYTHUSDT,SELL,LIMIT,1701094608135,365,0.3916172
PYTHUSDT,SELL,LIMIT,1701094625953,26,0.3888153
PYTHUSDT,SELL,LIMIT,1701094852383,608,0.3881552
PYTHUSDT,SELL,LIMIT,1701094951251,7265,0.3871791
PYTHUSDT,SELL,LIMIT,1701094953058,100,0.3870133
PYTHUSDT,SELL,LIMIT,1701094954217,2401,0.3869991
PYTHUSDT,SELL,LIMIT,1701094997882,49,0.3871845
PYTHUSDT,SELL,LIMIT,1701095131169,171,0.3847626
PYTHUSDT,SELL,LIMIT,1701095411960,3005,0.3840214
PYTHUSDT,SELL,LIMIT,1701095412970,2376,0.3832799
PYTHUSDT,SELL,LIMIT,1701095477144,176,0.3828728
PYTHUSDT,SELL,LIMIT,1701095478162,1541,0.3827701
PYTHUSDT,SELL,LIMIT,1701095479759,563,0.3821274
PYTHUSDT,SELL,LIMIT,1701095530051,10594,0.3841501
PYTHUSDT,SELL,LIMIT,1701095552387,372,0.3848048
PYTHUSDT,SELL,LIMIT,1701095598949,4624,0.3837498
PYTHUSDT,SELL,LIMIT,1701095612251,425,0.3839057
PYTHUSDT,SELL,LIMIT,1701095613521,1040,0.3839057
PYTHUSDT,BUY,LIMIT,1701095677266,35,0.3976050
PYTHUSDT,BUY,LIMIT,1701095783206,68,0.4000079
PYTHUSDT,SELL,LIMIT,1701095841342,843,0.3856045
PYTHUSDT,SELL,LIMIT,1701096214093,37,0.3853023
PYTHUSDT,SELL,LIMIT,1701096692931,95,0.3848210
PYTHUSDT,SELL,LIMIT,1701096738155,508,0.3844418
PYTHUSDT,SELL,LIMIT,1701096841681,157,0.3841501
PYTHUSDT,SELL,LIMIT,1701097032539,430,0.3834759
PYTHUSDT,SELL,LIMIT,1701097075253,3767,0.3889005
PYTHUSDT,SELL,LIMIT,1701097092023,2506,0.3840462
PYTHUSDT,SELL,LIMIT,1701097099732,115,0.3840727
PYTHUSDT,BUY,LIMIT,1701097760562,670,0.4028806
PYTHUSDT,SELL,LIMIT,1701097924163,28,0.3884742
PYTHUSDT,BUY,LIMIT,1701098233553,23,0.4032122
PYTHUSDT,BUY,LIMIT,1701098244658,15,0.4035181
PYTHUSDT,BUY,LIMIT,1701098273877,27,0.4040693
PYTHUSDT,BUY,LIMIT,1701098460443,565,0.4045419
PYTHUSDT,BUY,LIMIT,1701098603161,272,0.4070453
PYTHUSDT,BUY,LIMIT,1701098654721,240,0.4076108
PYTHUSDT,BUY,LIMIT,1701098656995,151,0.4077313
PYTHUSDT,BUY,LIMIT,1701098721347,2326,0.4101687
PYTHUSDT,SELL,LIMIT,1701098875569,315,0.3949732
PYTHUSDT,SELL,LIMIT,1701098907417,3957,0.3933656
PYTHUSDT,SELL,LIMIT,1701098910476,529,0.3931480
PYTHUSDT,SELL,LIMIT,1701099139463,1625,0.3928514
PYTHUSDT,SELL,LIMIT,1701099200416,1151,0.3909574
PYTHUSDT,SELL,LIMIT,1701099238460,748,0.3897807
PYTHUSDT,SELL,LIMIT,1701100177071,12379,0.3891397
PYTHUSDT,SELL,LIMIT,1701100219107,2961,0.3999679
PYTHUSDT,SELL,LIMIT,1701100221925,2261,0.3882587
PYTHUSDT,SELL,LIMIT,1701100224087,678,0.3881522
PYTHUSDT,SELL,LIMIT,1701100226023,1163,0.3877112
PYTHUSDT,SELL,LIMIT,1701100228597,50,0.3874933
PYTHUSDT,SELL,LIMIT,1701100514578,2453,0.3902692
PYTHUSDT,SELL,LIMIT,1701100523287,112,0.5484433
PYTHUSDT,SELL,LIMIT,1701100529267,124,0.4192975
PYTHUSDT,SELL,LIMIT,1701100563196,293,0.3874162
PYTHUSDT,SELL,LIMIT,1701100565448,212,0.3871863
PYTHUSDT,SELL,LIMIT,1701100574159,10789,0.3863557
PYTHUSDT,SELL,LIMIT,1701100575332,400,0.3861438
PYTHUSDT,SELL,LIMIT,1701100576523,912,0.3860720
PYTHUSDT,SELL,LIMIT,1701100578107,11,0.3858270
PYTHUSDT,SELL,LIMIT,1701100628345,761,0.3860611
PYTHUSDT,SELL,LIMIT,1701100815221,1849,0.3872367
PYTHUSDT,SELL,LIMIT,1701101002039,363,0.3929265
PYTHUSDT,SELL,LIMIT,1701101007837,60,0.3927196
PYTHUSDT,BUY,LIMIT,1701101307180,12703,0.4059053
PYTHUSDT,BUY,LIMIT,1701101365370,777,0.4065879
PYTHUSDT,BUY,LIMIT,1701101373360,874,0.4068374
PYTHUSDT,SELL,LIMIT,1701101727232,1970,0.3929781
PYTHUSDT,SELL,LIMIT,1701101730636,2579,0.3929518
PYTHUSDT,SELL,LIMIT,1701101733177,658,0.3928480
PYTHUSDT,SELL,LIMIT,1701101743342,348,0.3918804
PYTHUSDT,SELL,LIMIT,1701101745935,180,0.3914048
PYTHUSDT,SELL,LIMIT,1701102026710,624,0.3961506
PYTHUSDT,BUY,LIMIT,1701102027753,20,0.4059833
PYTHUSDT,SELL,LIMIT,1701102383985,154,0.3925179
PYTHUSDT,BUY,LIMIT,1701102699780,173,0.4081552
PYTHUSDT,BUY,LIMIT,1701102737529,790,0.4087209
PYTHUSDT,BUY,LIMIT,1701102756103,5036,0.4091446
PYTHUSDT,BUY,LIMIT,1701102839593,306,0.4110910
PYTHUSDT,BUY,LIMIT,1701102857112,32,0.4119257
PYTHUSDT,BUY,LIMIT,1701102902593,57,0.4128893
PYTHUSDT,BUY,LIMIT,1701102926016,2538,0.4132941
PYTHUSDT,SELL,LIMIT,1701103108088,4134,0.4003041
PYTHUSDT,BUY,LIMIT,1701103570666,1068,0.4145081
PYTHUSDT,BUY,LIMIT,1701103573749,63,0.4149569
PYTHUSDT,BUY,LIMIT,1701103594026,2046,0.4163012
PYTHUSDT,BUY,LIMIT,1701103602362,94,0.4164303
PYTHUSDT,BUY,LIMIT,1701103629068,11277,0.4173477
PYTHUSDT,SELL,LIMIT,1701103805449,725,0.4034817
PYTHUSDT,SELL,LIMIT,1701103977818,149,0.4005996
PYTHUSDT,SELL,LIMIT,1701104031588,14,0.3988503
PYTHUSDT,SELL,LIMIT,1701104039785,84,0.3982067
PYTHUSDT,SELL,LIMIT,1701105486022,18,0.3975841
PYTHUSDT,SELL,LIMIT,1701105487111,647,0.3964395
PYTHUSDT,SELL,LIMIT,1701105556106,955,0.3954708
PYTHUSDT,SELL,LIMIT,1701105561397,1757,0.3951153
PYTHUSDT,SELL,LIMIT,1701106441842,3166,0.3926326
PYTHUSDT,SELL,LIMIT,1701106903248,321,0.3923894
PYTHUSDT,SELL,LIMIT,1701106905467,410,0.3903422
PYTHUSDT,SELL,LIMIT,1701106968369,140,0.3898364
PYTHUSDT,SELL,LIMIT,1701106973921,7144,0.3891592
PYTHUSDT,SELL,LIMIT,1701106975053,940,0.3889099
PYTHUSDT,SELL,LIMIT,1701107372698,65,0.3881566
PYTHUSDT,SELL,LIMIT,1701107387442,19780,0.3865047
PYTHUSDT,SELL,LIMIT,1701107399071,1444,0.3875565
PYTHUSDT,SELL,LIMIT,1701107407471,15630,0.3857286
PYTHUSDT,SELL,LIMIT,1701107557527,234,0.3859653
PYTHUSDT,SELL,LIMIT,1701107559066,376,0.3857659
PYTHUSDT,SELL,LIMIT,1701107563626,171,0.3854908
PYTHUSDT,SELL,LIMIT,1701107564735,201,0.3852933
PYTHUSDT,SELL,LIMIT,1701107567161,5184,0.3849807
PYTHUSDT,SELL,LIMIT,1701107685207,54,0.3840612
PYTHUSDT,SELL,LIMIT,1701107686804,500,0.3839112
PYTHUSDT,SELL,LIMIT,1701107691060,615,0.3837041
PYTHUSDT,SELL,LIMIT,1701107692787,142,0.3833538
PYTHUSDT,SELL,LIMIT,1701107694094,359,0.3831447
PYTHUSDT,BUY,LIMIT,1701107789710,64,0.3980906
PYTHUSDT,SELL,LIMIT,1701108059780,19,0.3881776
PYTHUSDT,BUY,LIMIT,1701109162824,1978,0.4046181
PYTHUSDT,BUY,LIMIT,1701110631746,4717,0.4073264
PYTHUSDT,BUY,LIMIT,1701110881751,2025,0.4077134
PYTHUSDT,SELL,LIMIT,1701111189901,6,1.8083479
PYTHUSDT,SELL,LIMIT,1701111288900,103,0.3941318
PYTHUSDT,BUY,LIMIT,1701111352455,47,0.4051847
PYTHUSDT,SELL,LIMIT,1701111442483,8342,0.3935691
PYTHUSDT,SELL,LIMIT,1701111769902,1988,0.3934027
PYTHUSDT,SELL,LIMIT,1701111827461,1000,0.3930716
PYTHUSDT,SELL,LIMIT,1701111855227,2421,0.3936877
PYTHUSDT,SELL,LIMIT,1701111985865,6277,0.3917560
PYTHUSDT,SELL,LIMIT,1701112030806,31,0.3904676
PYTHUSDT,SELL,LIMIT,1701112032431,974,0.3902455
PYTHUSDT,SELL,LIMIT,1701112040264,4732,0.3899934
PYTHUSDT,SELL,LIMIT,1701112055272,1786,0.3890054
PYTHUSDT,SELL,LIMIT,1701112125368,174,0.3881633
PYTHUSDT,SELL,LIMIT,1701112126388,214,0.3878936
PYTHUSDT,SELL,LIMIT,1701112159192,248,0.3873284
PYTHUSDT,SELL,LIMIT,1701112206017,7426,0.3865593
PYTHUSDT,BUY,LIMIT,1701112587185,356,0.4032064
PYTHUSDT,SELL,LIMIT,1701112775175,1092,0.3895097
PYTHUSDT,SELL,LIMIT,1701113163307,66,0.3914800
PYTHUSDT,BUY,LIMIT,1701113444492,5023,0.4031130
PYTHUSDT,BUY,LIMIT,1701113756967,1507,0.4049886
PYTHUSDT,BUY,LIMIT,1701113835690,6358,0.4053796
PYTHUSDT,SELL,LIMIT,1701114163704,12512,0.3899576
PYTHUSDT,SELL,LIMIT,1701114216723,2305,0.3897659
PYTHUSDT,SELL,LIMIT,1701114218136,1243,0.3893520
PYTHUSDT,SELL,LIMIT,1701114240081,5669,0.3879451
PYTHUSDT,SELL,LIMIT,1701114264287,3405,0.3867918
PYTHUSDT,SELL,LIMIT,1701114275064,275,0.3862181
PYTHUSDT,SELL,LIMIT,1701114276169,856,0.3861835
PYTHUSDT,SELL,LIMIT,1701114284049,972,0.3857076
PYTHUSDT,SELL,LIMIT,1701114353883,4835,0.3860467
PYTHUSDT,SELL,LIMIT,1701114479005,309,0.3865141
PYTHUSDT,SELL,LIMIT,1701114495384,80,0.3853864
PYTHUSDT,SELL,LIMIT,1701114502083,84,0.3846918
PYTHUSDT,SELL,LIMIT,1701114504790,529,0.3846918
PYTHUSDT,SELL,LIMIT,1701114514447,215,0.3858761
PYTHUSDT,SELL,LIMIT,1701114533894,1181,0.3846819
PYTHUSDT,SELL,LIMIT,1701114537414,243,0.3845016
PYTHUSDT,SELL,LIMIT,1701114571509,1111,0.3854276
PYTHUSDT,BUY,LIMIT,1701115306308,34,0.4025489
PYTHUSDT,BUY,LIMIT,1701115310246,1733,0.4028000
PYTHUSDT,BUY,LIMIT,1701116284088,14,0.4062687
PYTHUSDT,BUY,LIMIT,1701116401354,4101,0.4078266
PYTHUSDT,SELL,LIMIT,1701116552170,1040,0.3932151
PYTHUSDT,SELL,LIMIT,1701116841238,1311,0.3918202
PYTHUSDT,SELL,LIMIT,1701116868368,3128,0.3914094
PYTHUSDT,BUY,LIMIT,1701117166728,2348,0.4043257
PYTHUSDT,SELL,LIMIT,1701117217216,112,0.3921910
PYTHUSDT,SELL,LIMIT,1701117270200,11916,0.3926121
PYTHUSDT,SELL,LIMIT,1701117641562,123,0.3903301
PYTHUSDT,SELL,LIMIT,1701117824085,614,0.3890893
PYTHUSDT,SELL,LIMIT,1701117825255,273,0.3891991
PYTHUSDT,BUY,LIMIT,1701119932917,213,0.4056869
PYTHUSDT,BUY,LIMIT,1701121188798,1588,0.4105846
PYTHUSDT,BUY,LIMIT,1701121417114,283,0.4116555
PYTHUSDT,SELL,LIMIT,1701122232370,20692,0.3971118
PYTHUSDT,SELL,LIMIT,1701122311083,12144,0.3978899
PYTHUSDT,BUY,LIMIT,1701122776975,27,0.4124406
PYTHUSDT,SELL,LIMIT,1701122780612,18,0.4151928
PYTHUSDT,BUY,LIMIT,1701124350162,1213,0.4127242
PYTHUSDT,BUY,LIMIT,1701125740716,163,0.4134912
PYTHUSDT,BUY,LIMIT,1701125750642,4538,0.4138616
PYTHUSDT,BUY,LIMIT,1701126489017,82,0.4168684
PYTHUSDT,BUY,LIMIT,1701126495767,342,0.4179880
PYTHUSDT,BUY,LIMIT,1701126499229,1252,0.4183156
PYTHUSDT,BUY,LIMIT,1701126508628,1269,0.4189296
PYTHUSDT,BUY,LIMIT,1701126577138,37,0.4198760
PYTHUSDT,BUY,LIMIT,1701127053877,13,0.4188258
PYTHUSDT,SELL,LIMIT,1701127264603,55,0.4046267
PYTHUSDT,BUY,LIMIT,1701127493396,7009,0.4209045
PYTHUSDT,BUY,LIMIT,1701127541584,506,0.4212504
PYTHUSDT,BUY,LIMIT,1701127547834,606,0.4215630
PYTHUSDT,BUY,LIMIT,1701127587565,89,0.4223485
PYTHUSDT,BUY,LIMIT,1701127598307,43,0.4231073
PYTHUSDT,BUY,LIMIT,1701127599759,143,0.4232995
PYTHUSDT,BUY,LIMIT,1701127602445,61,0.4235146
PYTHUSDT,BUY,LIMIT,1701127631017,24,0.4237881
PYTHUSDT,SELL,LIMIT,1701127750337,20,0.4080574
PYTHUSDT,BUY,LIMIT,1701128539667,68,0.4242563
PYTHUSDT,BUY,LIMIT,1701128544343,1245,0.4241345
PYTHUSDT,BUY,LIMIT,1701128566907,144,0.4244850
PYTHUSDT,BUY,LIMIT,1701129661837,3205,0.4243556
PYTHUSDT,BUY,LIMIT,1701129836612,2765,0.4255366
PYTHUSDT,BUY,LIMIT,1701129888970,248,0.4263736
PYTHUSDT,SELL,LIMIT,1701130167247,176,0.4088501
PYTHUSDT,SELL,LIMIT,1701130197060,10479,0.4081926
PYTHUSDT,SELL,LIMIT,1701130776046,659,0.4072601
PYTHUSDT,BUY,LIMIT,1701130866300,1182,0.4206230
PYTHUSDT,BUY,LIMIT,1701131145171,1023,0.4260233
PYTHUSDT,BUY,LIMIT,1701131412946,3965,0.4283731
PYTHUSDT,BUY,LIMIT,1701131460073,435,0.4296393
PYTHUSDT,BUY,LIMIT,1701131461216,8276,0.4294796
PYTHUSDT,BUY,LIMIT,1701131473843,247,0.4302542
PYTHUSDT,BUY,LIMIT,1701131479231,179,0.4307236
PYTHUSDT,BUY,LIMIT,1701131511340,507,0.4314433
PYTHUSDT,BUY,LIMIT,1701131521361,22,0.4318598
PYTHUSDT,BUY,LIMIT,1701131638136,14,0.4322559
PYTHUSDT,BUY,LIMIT,1701131800851,8958,0.4326939
PYTHUSDT,BUY,LIMIT,1701131808861,1581,0.4328885
PYTHUSDT,BUY,LIMIT,1701131843345,15,0.4340151
PYTHUSDT,BUY,LIMIT,1701131856468,16,0.4346028
PYTHUSDT,BUY,LIMIT,1701131935027,359,0.4358991
PYTHUSDT,BUY,LIMIT,1701132262803,13,0.4348417
PYTHUSDT,SELL,LIMIT,1701132646184,1189,0.4199785
PYTHUSDT,SELL,LIMIT,1701133498755,218,0.4170141
PYTHUSDT,SELL,LIMIT,1701134238202,566,0.4176250
PYTHUSDT,SELL,LIMIT,1701134814784,183,0.4141633
PYTHUSDT,SELL,LIMIT,1701134957826,1246,0.4123654
PYTHUSDT,BUY,LIMIT,1701135077336,277,0.4253753
PYTHUSDT,BUY,LIMIT,1701135450549,1620,0.4307782
PYTHUSDT,BUY,LIMIT,1701136246823,84,0.4366746
PYTHUSDT,BUY,LIMIT,1701136271588,164,0.4370154
PYTHUSDT,BUY,LIMIT,1701136283123,146,0.4372389
PYTHUSDT,BUY,LIMIT,1701136434426,162,0.4377339
PYTHUSDT,BUY,LIMIT,1701136436701,25,0.4378813
PYTHUSDT,BUY,LIMIT,1701136463610,14,0.4390443
PYTHUSDT,BUY,LIMIT,1701136597756,276,0.4394169
PYTHUSDT,SELL,LIMIT,1701136732828,704,0.4231537
PYTHUSDT,SELL,LIMIT,1701137215320,2072,0.4179711
PYTHUSDT,SELL,LIMIT,1701137228679,621,0.4172023
PYTHUSDT,BUY,LIMIT,1701137403399,3952,0.4285729
PYTHUSDT,SELL,LIMIT,1701138282048,624,0.4144430
PYTHUSDT,BUY,LIMIT,1701138490053,15,0.4333570
PYTHUSDT,BUY,LIMIT,1701138491261,301,0.4348029
PYTHUSDT,BUY,LIMIT,1701139473035,74,0.4343520
PYTHUSDT,BUY,LIMIT,1701139745125,697,0.4388199
PYTHUSDT,BUY,LIMIT,1701139759427,1088,0.4397471
PYTHUSDT,BUY,LIMIT,1701139763335,373,0.4398101
PYTHUSDT,SELL,LIMIT,1701139880564,481,0.4214791
PYTHUSDT,BUY,LIMIT,1701140997003,129,0.4407547
PYTHUSDT,BUY,LIMIT,1701141000691,25,0.4411798
PYTHUSDT,BUY,LIMIT,1701141050410,1424,0.4418411
PYTHUSDT,SELL,LIMIT,1701141347183,19,0.4220682
PYTHUSDT,SELL,LIMIT,1701141443942,1732,0.4197784
PYTHUSDT,SELL,LIMIT,1701142646350,350,0.4200396
PYTHUSDT,SELL,LIMIT,1701142732180,936,0.4184062
PYTHUSDT,SELL,LIMIT,1701142772578,35,0.4157787
PYTHUSDT,SELL,LIMIT,1701143404989,289,0.4141828
PYTHUSDT,SELL,LIMIT,1701143452840,3158,0.4121575
PYTHUSDT,SELL,LIMIT,1701143462121,6744,0.4116833
PYTHUSDT,SELL,LIMIT,1701143471248,174,0.4112021
PYTHUSDT,BUY,LIMIT,1701144072945,507,0.4278856
PYTHUSDT,BUY,LIMIT,1701144130791,8367,0.4288734
PYTHUSDT,SELL,LIMIT,1701144301383,664,0.4138147
PYTHUSDT,SELL,LIMIT,1701144389393,2849,0.4117200
PYTHUSDT,SELL,LIMIT,1701144392214,356,0.4109066
PYTHUSDT,BUY,LIMIT,1701144723934,89,0.4298094
PYTHUSDT,BUY,LIMIT,1701145269708,83,0.4284414
PYTHUSDT,SELL,LIMIT,1701145452361,1178,0.4126686
PYTHUSDT,SELL,LIMIT,1701145639458,44,0.4104643
PYTHUSDT,SELL,LIMIT,1701145733210,956,0.4098636
PYTHUSDT,SELL,LIMIT,1701145744104,2000,0.4095540
PYTHUSDT,SELL,LIMIT,1701145910150,545,0.4081806
PYTHUSDT,SELL,LIMIT,1701146025952,32,0.4073885
PYTHUSDT,SELL,LIMIT,1701146052704,102,0.4068859
PYTHUSDT,SELL,LIMIT,1701146062355,2432,0.4060104
PYTHUSDT,SELL,LIMIT,1701146064492,40,0.4056985
PYTHUSDT,SELL,LIMIT,1701146066993,1148,0.4054495
PYTHUSDT,SELL,LIMIT,1701146967356,331,0.4067981
PYTHUSDT,SELL,LIMIT,1701147196820,125,0.4052693
PYTHUSDT,SELL,LIMIT,1701147240952,1602,0.4042075
PYTHUSDT,SELL,LIMIT,1701147294359,87,0.4033884
PYTHUSDT,SELL,LIMIT,1701147887649,11839,0.4039635
PYTHUSDT,SELL,LIMIT,1701147925492,15,0.4035546
PYTHUSDT,SELL,LIMIT,1701147945111,197,0.4028637
PYTHUSDT,SELL,LIMIT,1701147949698,23,0.4026015
PYTHUSDT,SELL,LIMIT,1701147951483,407,0.4023227
PYTHUSDT,SELL,LIMIT,1701148065762,278,0.4007744
PYTHUSDT,SELL,LIMIT,1701148071186,4103,0.3998235
PYTHUSDT,SELL,LIMIT,1701148072263,194,0.4003074
PYTHUSDT,SELL,LIMIT,1701148247293,25745,0.3983217
PYTHUSDT,SELL,LIMIT,1701148259178,2702,0.3998116
PYTHUSDT,SELL,LIMIT,1701148260750,46,0.3996146
PYTHUSDT,SELL,LIMIT,1701148841678,342,0.4013938
PYTHUSDT,SELL,LIMIT,1701149078619,2357,0.3998619
PYTHUSDT,SELL,LIMIT,1701149111587,1167,0.3995070
PYTHUSDT,SELL,LIMIT,1701149119333,3489,0.3988489
PYTHUSDT,SELL,LIMIT,1701149121086,181,0.3984831
PYTHUSDT,SELL,LIMIT,1701149122297,1135,0.3982751
PYTHUSDT,SELL,LIMIT,1701149124652,20194,0.3962636
PYTHUSDT,SELL,LIMIT,1701149188276,601,0.3982174
PYTHUSDT,BUY,LIMIT,1701149426182,49,0.4150835
PYTHUSDT,SELL,LIMIT,1701149773185,6272,0.3990090
PYTHUSDT,SELL,LIMIT,1701149848009,405,0.3988266
PYTHUSDT,SELL,LIMIT,1701149880711,207,0.3987349
PYTHUSDT,SELL,LIMIT,1701149882148,2487,0.3986296
PYTHUSDT,BUY,LIMIT,1701150443292,617,0.4135210
PYTHUSDT,BUY,LIMIT,1701150815935,856,0.4169199
PYTHUSDT,BUY,LIMIT,1701150883951,1777,0.4174295
PYTHUSDT,BUY,LIMIT,1701151369178,44,0.4211420
PYTHUSDT,BUY,LIMIT,1701151383086,767,0.4215502
PYTHUSDT,BUY,LIMIT,1701152335243,78,0.4240062
PYTHUSDT,BUY,LIMIT,1701152339970,71,0.4241606
PYTHUSDT,BUY,LIMIT,1701152341599,7200,0.4242796
PYTHUSDT,BUY,LIMIT,1701153239347,299,0.4244861
PYTHUSDT,BUY,LIMIT,1701154465037,1436,0.4249310
PYTHUSDT,SELL,LIMIT,1701155493661,1136,0.4099198
PYTHUSDT,SELL,LIMIT,1701155523877,233,0.4086455
PYTHUSDT,SELL,LIMIT,1701155527533,551,0.4081482
PYTHUSDT,SELL,LIMIT,1701155529786,4044,0.4071898
PYTHUSDT,SELL,LIMIT,1701155537982,148,0.4062263
PYTHUSDT,SELL,LIMIT,1701155591979,6870,0.4055024
PYTHUSDT,SELL,LIMIT,1701155602138,1006,0.4048935
PYTHUSDT,SELL,LIMIT,1701155666298,820,0.4055301
PYTHUSDT,SELL,LIMIT,1701155872728,17,0.4042603
PYTHUSDT,BUY,LIMIT,1701156120257,3270,0.4186655
PYTHUSDT,SELL,LIMIT,1701156549427,2451,0.4044735
PYTHUSDT,SELL,LIMIT,1701159161492,222,0.4031047
PYTHUSDT,SELL,LIMIT,1701159218326,1212,0.4021798
PYTHUSDT,SELL,LIMIT,1701159269097,101,0.4011147
PYTHUSDT,SELL,LIMIT,1701159335626,503,0.4007912
PYTHUSDT,SELL,LIMIT,1701159402597,12177,0.3997137
PYTHUSDT,BUY,LIMIT,1701159695468,1022,0.4150585
PYTHUSDT,BUY,LIMIT,1701160533977,2383,0.4197522
PYTHUSDT,BUY,LIMIT,1701160594215,1491,0.4205647
PYTHUSDT,BUY,LIMIT,1701160601044,239,0.4208601
PYTHUSDT,BUY,LIMIT,1701161249031,69,0.4227071
PYTHUSDT,BUY,LIMIT,1701161290727,201,0.4231668
PYTHUSDT,SELL,LIMIT,1701161780558,332,0.4072732
PYTHUSDT,SELL,LIMIT,1701161841164,32,0.4052049
PYTHUSDT,SELL,LIMIT,1701161964370,447,0.4034706
PYTHUSDT,BUY,LIMIT,1701162824755,75,0.4180619
PYTHUSDT,BUY,LIMIT,1701163243727,791,0.4197118
PYTHUSDT,BUY,LIMIT,1701164392360,397,0.4258603
PYTHUSDT,BUY,LIMIT,1701164489119,13,0.4278093
PYTHUSDT,BUY,LIMIT,1701164491462,491,0.4282350
PYTHUSDT,BUY,LIMIT,1701164622459,85,0.4294464
PYTHUSDT,BUY,LIMIT,1701164978208,2437,0.4304561
PYTHUSDT,BUY,LIMIT,1701165039654,4353,0.4310521
PYTHUSDT,SELL,LIMIT,1701165210045,16,0.4161296
PYTHUSDT,BUY,LIMIT,1701166113296,20,0.4302104
PYTHUSDT,BUY,LIMIT,1701166118160,961,0.4306615
PYTHUSDT,BUY,LIMIT,1701166642288,96,0.4327189
PYTHUSDT,BUY,LIMIT,1701168232504,95,0.4354931
PYTHUSDT,SELL,LIMIT,1701168721286,191,0.4185153
PYTHUSDT,SELL,LIMIT,1701169892974,54,0.4155778
PYTHUSDT,BUY,LIMIT,1701170111274,118,0.4303860
PYTHUSDT,BUY,LIMIT,1701170346321,45,0.4340590
PYTHUSDT,BUY,LIMIT,1701170359292,671,0.4348420
PYTHUSDT,BUY,LIMIT,1701170371217,2432,0.4357974
PYTHUSDT,BUY,LIMIT,1701170431614,22,0.4370317
PYTHUSDT,BUY,LIMIT,1701170445421,3344,0.4385889
PYTHUSDT,BUY,LIMIT,1701170490154,1659,0.4392122
PYTHUSDT,BUY,LIMIT,1701170639330,477,0.4411852
PYTHUSDT,BUY,LIMIT,1701170693301,2484,0.4426982
PYTHUSDT,BUY,LIMIT,1701170695344,301,0.4431009
PYTHUSDT,BUY,LIMIT,1701170697343,591,0.4432979
PYTHUSDT,BUY,LIMIT,1701171199278,2487,0.4462367
PYTHUSDT,BUY,LIMIT,1701171251721,16,0.4474910
PYTHUSDT,BUY,LIMIT,1701171261031,264,0.4478902
PYTHUSDT,BUY,LIMIT,1701171273420,1009,0.4480622
PYTHUSDT,BUY,LIMIT,1701171440384,1600,0.4486692
PYTHUSDT,BUY,LIMIT,1701171451164,1072,0.4494453
PYTHUSDT,BUY,LIMIT,1701171954639,39,0.4506341
PYTHUSDT,SELL,LIMIT,1701172317706,103,0.4344422
PYTHUSDT,SELL,LIMIT,1701172961456,30,0.4349381
PYTHUSDT,SELL,LIMIT,1701172966056,4215,0.4344055
PYTHUSDT,SELL,LIMIT,1701173122367,230,0.4334407
PYTHUSDT,SELL,LIMIT,1701173123478,228,0.4329286
PYTHUSDT,SELL,LIMIT,1701173139965,12,0.4321954
PYTHUSDT,SELL,LIMIT,1701173318235,140,0.4304249
PYTHUSDT,BUY,LIMIT,1701173589804,454,0.4486100
PYTHUSDT,BUY,LIMIT,1701173720242,974,0.4498688
PYTHUSDT,SELL,LIMIT,1701174300157,224,0.4354102
PYTHUSDT,SELL,LIMIT,1701174329338,3308,0.4350395
PYTHUSDT,SELL,LIMIT,1701174366676,138,0.4347199
PYTHUSDT,BUY,LIMIT,1701174768807,75,0.4476724
PYTHUSDT,BUY,LIMIT,1701174777979,1056,0.4479683
PYTHUSDT,BUY,LIMIT,1701174854459,836,0.4485984
PYTHUSDT,BUY,LIMIT,1701175179203,30444,0.4541501
PYTHUSDT,BUY,LIMIT,1701175181676,107,0.4515688
PYTHUSDT,BUY,LIMIT,1701175187641,2439,0.4520589
PYTHUSDT,BUY,LIMIT,1701175197430,189,0.4525501
PYTHUSDT,BUY,LIMIT,1701175211747,18,0.4530803
PYTHUSDT,BUY,LIMIT,1701175246352,180,0.4537144
PYTHUSDT,BUY,LIMIT,1701175251420,800,0.4542381
PYTHUSDT,BUY,LIMIT,1701175254576,8581,0.4544205
PYTHUSDT,BUY,LIMIT,1701175257883,450,0.4552363
PYTHUSDT,BUY,LIMIT,1701175263710,418,0.4556170
PYTHUSDT,SELL,LIMIT,1701175803760,28,0.4352317
PYTHUSDT,SELL,LIMIT,1701176022699,10488,0.4335721
PYTHUSDT,SELL,LIMIT,1701176553154,2253,0.4299536
PYTHUSDT,SELL,LIMIT,1701176597057,1001,0.4284740
PYTHUSDT,SELL,LIMIT,1701176598464,3963,0.4290878
PYTHUSDT,SELL,LIMIT,1701176746142,675,0.4276396
PYTHUSDT,SELL,LIMIT,1701176747262,319,0.4266324
PYTHUSDT,SELL,LIMIT,1701176749816,2676,0.4264647
PYTHUSDT,SELL,LIMIT,1701176946519,1701,0.4261001
PYTHUSDT,SELL,LIMIT,1701176958089,181,0.4255985
PYTHUSDT,SELL,LIMIT,1701176963083,641,0.4253410
PYTHUSDT,SELL,LIMIT,1701176964271,125,0.4254868
PYTHUSDT,SELL,LIMIT,1701176968250,400,0.4250548
PYTHUSDT,BUY,LIMIT,1701177928908,530,0.4432194
PYTHUSDT,BUY,LIMIT,1701177936066,345,0.4439730
PYTHUSDT,BUY,LIMIT,1701177954152,420,0.4442642
PYTHUSDT,BUY,LIMIT,1701177992265,1149,0.4447612
PYTHUSDT,BUY,LIMIT,1701178007822,11192,0.4452425
PYTHUSDT,BUY,LIMIT,1701178522113,200,0.4475844
PYTHUSDT,SELL,LIMIT,1701178647361,227,0.4302241
PYTHUSDT,SELL,LIMIT,1701178666252,1414,0.4298498
PYTHUSDT,BUY,LIMIT,1701179058614,120,0.4443670
PYTHUSDT,SELL,LIMIT,1701179301397,5000,0.4307426
PYTHUSDT,SELL,LIMIT,1701180185478,5502,0.4322112
PYTHUSDT,SELL,LIMIT,1701180382146,1228,0.4303079
PYTHUSDT,BUY,LIMIT,1701180881178,159,0.4476771
PYTHUSDT,BUY,LIMIT,1701182335189,52,0.4493310
PYTHUSDT,BUY,LIMIT,1701182354013,238,0.4501549
PYTHUSDT,BUY,LIMIT,1701182461868,215,0.4510343
PYTHUSDT,SELL,LIMIT,1701182801928,447,0.4351731
PYTHUSDT,SELL,LIMIT,1701183693444,1019,0.4365988
PYTHUSDT,SELL,LIMIT,1701183695862,2064,0.4362121
PYTHUSDT,SELL,LIMIT,1701183991243,146,0.4345483
PYTHUSDT,SELL,LIMIT,1701184079684,346,0.4343212
PYTHUSDT,SELL,LIMIT,1701184287502,84,0.4316947
PYTHUSDT,SELL,LIMIT,1701184545629,52,0.4295382
PYTHUSDT,SELL,LIMIT,1701184711061,440,0.4282910
PYTHUSDT,SELL,LIMIT,1701185323246,2346,0.4281780
PYTHUSDT,SELL,LIMIT,1701185422311,23,0.4262332
PYTHUSDT,SELL,LIMIT,1701185484671,895,0.4269612
PYTHUSDT,SELL,LIMIT,1701185488275,5000,0.4255671
PYTHUSDT,SELL,LIMIT,1701185621278,2046,0.4242286
PYTHUSDT,SELL,LIMIT,1701185836567,26,0.4233429
PYTHUSDT,SELL,LIMIT,1701185838805,2620,0.4231993
PYTHUSDT,SELL,LIMIT,1701185841209,5000,0.4230020
PYTHUSDT,SELL,LIMIT,1701185842357,42,0.4217886
PYTHUSDT,SELL,LIMIT,1701185843411,210,0.4215533
PYTHUSDT,SELL,LIMIT,1701185844426,7306,0.4215631
PYTHUSDT,SELL,LIMIT,1701185845605,900,0.4206593
PYTHUSDT,SELL,LIMIT,1701185854266,637,0.4203638
PYTHUSDT,BUY,LIMIT,1701186176118,2129,0.4375649
PYTHUSDT,BUY,LIMIT,1701186621700,1187,0.4395784
PYTHUSDT,BUY,LIMIT,1701186631997,128,0.4413131
PYTHUSDT,SELL,LIMIT,1701186778764,111,0.4263413
PYTHUSDT,SELL,LIMIT,1701186781320,206,0.4258970
PYTHUSDT,SELL,LIMIT,1701186999076,22,0.4245540
PYTHUSDT,SELL,LIMIT,1701187064050,2607,0.4230576
PYTHUSDT,SELL,LIMIT,1701187082427,1553,0.4222669
PYTHUSDT,BUY,LIMIT,1701187380815,8020,0.4381263
PYTHUSDT,BUY,LIMIT,1701187529377,64,0.4408810
PYTHUSDT,BUY,LIMIT,1701187587719,351,0.4411676
PYTHUSDT,BUY,LIMIT,1701187793105,246,0.4421422
PYTHUSDT,SELL,LIMIT,1701187902225,47,0.4270614
PYTHUSDT,SELL,LIMIT,1701187932289,1104,0.4255035
PYTHUSDT,BUY,LIMIT,1701188321825,2394,0.4423240
PYTHUSDT,SELL,LIMIT,1701189048767,320,0.4326201
PYTHUSDT,SELL,LIMIT,1701189274517,890,0.4298432
PYTHUSDT,BUY,LIMIT,1701189845917,71,0.4467004
PYTHUSDT,BUY,LIMIT,1701189967136,638,0.4469556
PYTHUSDT,SELL,LIMIT,1701189975892,8,0.4340138
PYTHUSDT,BUY,LIMIT,1701190017354,5858,0.4478984
PYTHUSDT,BUY,LIMIT,1701190098205,800,0.4487118
PYTHUSDT,BUY,LIMIT,1701190132521,2945,0.4500377
PYTHUSDT,BUY,LIMIT,1701190136054,1502,0.4503001
PYTHUSDT,BUY,LIMIT,1701190210199,47,0.4511085
PYTHUSDT,BUY,LIMIT,1701190211322,311,0.4511965
PYTHUSDT,BUY,LIMIT,1701190223921,228,0.4515533
PYTHUSDT,BUY,LIMIT,1701190281224,1501,0.4524782
PYTHUSDT,BUY,LIMIT,1701190282321,1901,0.4525124
PYTHUSDT,SELL,LIMIT,1701190442227,5608,0.4366852
PYTHUSDT,BUY,LIMIT,1701190537143,543,0.4507407
PYTHUSDT,BUY,LIMIT,1701190926416,122,0.4515879
PYTHUSDT,BUY,LIMIT,1701190928861,24,0.4520011
PYTHUSDT,BUY,LIMIT,1701191004814,715,0.4534289
PYTHUSDT,BUY,LIMIT,1701191049080,50,0.4545450
PYTHUSDT,BUY,LIMIT,1701191109163,3168,0.4548024
PYTHUSDT,SELL,LIMIT,1701191114287,45,0.4413976
PYTHUSDT,BUY,LIMIT,1701191117181,38,0.4549187
PYTHUSDT,BUY,LIMIT,1701191474331,23,0.4536112
PYTHUSDT,SELL,LIMIT,1701191681524,1430,0.4388594
PYTHUSDT,BUY,LIMIT,1701191959121,23,0.4485738
PYTHUSDT,BUY,LIMIT,1701192033736,16739,0.4559809
PYTHUSDT,BUY,LIMIT,1701192140888,13,0.4554058
PYTHUSDT,BUY,LIMIT,1701192149200,1381,0.4558933
PYTHUSDT,BUY,LIMIT,1701192160352,23,0.4560223
PYTHUSDT,BUY,LIMIT,1701192162348,17,0.4564011
PYTHUSDT,BUY,LIMIT,1701192277021,82,0.4577483
PYTHUSDT,SELL,LIMIT,1701192507900,1743,0.4398757
PYTHUSDT,SELL,LIMIT,1701192529144,1472,0.4394872
PYTHUSDT,SELL,LIMIT,1701192570543,2751,0.4368486
PYTHUSDT,SELL,LIMIT,1701192719690,452,0.4345566
PYTHUSDT,SELL,LIMIT,1701192837232,866,0.4341018
PYTHUSDT,SELL,LIMIT,1701192878214,120,0.4333026
PYTHUSDT,SELL,LIMIT,1701192885098,54,0.4323277
PYTHUSDT,SELL,LIMIT,1701193022333,268,0.4306020
PYTHUSDT,SELL,LIMIT,1701193023408,2040,0.4305811
PYTHUSDT,SELL,LIMIT,1701193246009,29282,0.4264004
PYTHUSDT,SELL,LIMIT,1701194621462,539,0.4278151
PYTHUSDT,SELL,LIMIT,1701194630511,8961,0.4296982
PYTHUSDT,SELL,LIMIT,1701194644576,2097,0.4276230
PYTHUSDT,SELL,LIMIT,1701194655227,157,0.4263735
PYTHUSDT,BUY,LIMIT,1701195007065,2788,0.4413724
PYTHUSDT,SELL,LIMIT,1701196547896,2052,0.4269632
PYTHUSDT,SELL,LIMIT,1701196685136,2355,0.4262691
PYTHUSDT,SELL,LIMIT,1701196730992,11454,0.4259440
PYTHUSDT,SELL,LIMIT,1701196747367,20,0.4252201
PYTHUSDT,BUY,LIMIT,1701197171152,50,0.4401219
PYTHUSDT,SELL,LIMIT,1701197534063,560,0.4243336
PYTHUSDT,SELL,LIMIT,1701197574288,6045,0.4232621
PYTHUSDT,SELL,LIMIT,1701197577207,6687,0.4223668
PYTHUSDT,SELL,LIMIT,1701197593613,185,0.4217766
PYTHUSDT,SELL,LIMIT,1701198507080,925,0.4231360
PYTHUSDT,SELL,LIMIT,1701198511817,2000,0.4226760
PYTHUSDT,BUY,LIMIT,1701200544471,11609,0.4408908
PYTHUSDT,BUY,LIMIT,1701201124431,622,0.4416179
PYTHUSDT,SELL,LIMIT,1701201635429,35,0.4319610
PYTHUSDT,BUY,LIMIT,1701201638450,417,0.4395352
PYTHUSDT,SELL,LIMIT,1701202066055,50,0.4277947
PYTHUSDT,SELL,LIMIT,1701203045130,3900,0.4271739
PYTHUSDT,SELL,LIMIT,1701203534630,401,0.4246798
PYTHUSDT,BUY,LIMIT,1701204403483,4493,0.4390358
PYTHUSDT,BUY,LIMIT,1701204409336,1300,0.4391941
PYTHUSDT,BUY,LIMIT,1701205777771,6710,0.4415054
PYTHUSDT,SELL,LIMIT,1701206837613,48,0.4253192
PYTHUSDT,SELL,LIMIT,1701206871690,350,0.4245087
PYTHUSDT,SELL,LIMIT,1701206959778,15,0.4234347
PYTHUSDT,SELL,LIMIT,1701206968024,1486,0.4233324
PYTHUSDT,SELL,LIMIT,1701209062838,600,0.4210768
PYTHUSDT,SELL,LIMIT,1701209064817,390,0.4207798
PYTHUSDT,SELL,LIMIT,1701209066315,214,0.4203851
PYTHUSDT,SELL,LIMIT,1701209067343,1017,0.4192554
PYTHUSDT,BUY,LIMIT,1701209765291,3584,0.4345808
PYTHUSDT,SELL,LIMIT,1701210268269,195,0.4173447
PYTHUSDT,SELL,LIMIT,1701210270631,12,0.4169542
PYTHUSDT,SELL,LIMIT,1701210272936,1891,0.4165765
PYTHUSDT,SELL,LIMIT,1701210292350,44,0.4164127
PYTHUSDT,SELL,LIMIT,1701210293552,355,0.4159622
PYTHUSDT,SELL,LIMIT,1701210298527,1900,0.4151180
PYTHUSDT,SELL,LIMIT,1701210328579,117,0.4148764
PYTHUSDT,SELL,LIMIT,1701210403099,170,0.4147050
PYTHUSDT,SELL,LIMIT,1701210404118,1373,0.4148513
PYTHUSDT,SELL,LIMIT,1701210405290,114,0.4142411
PYTHUSDT,SELL,LIMIT,1701210452040,2517,0.4138997
PYTHUSDT,SELL,LIMIT,1701210453162,1384,0.4131256
PYTHUSDT,SELL,LIMIT,1701211039838,64,0.4129475
PYTHUSDT,SELL,LIMIT,1701211907450,2160,0.4122944
PYTHUSDT,SELL,LIMIT,1701211919223,1636,0.4121369
PYTHUSDT,SELL,LIMIT,1701211922215,856,0.4120620
PYTHUSDT,SELL,LIMIT,1701211941333,765,0.4103323
PYTHUSDT,SELL,LIMIT,1701211942449,154,0.4094562
PYTHUSDT,SELL,LIMIT,1701212023534,10333,0.4099909
PYTHUSDT,BUY,LIMIT,1701212844993,445,0.4244464
PYTHUSDT,BUY,LIMIT,1701213193071,1894,0.4278770
PYTHUSDT,SELL,LIMIT,1701216784449,275,0.4169582
PYTHUSDT,SELL,LIMIT,1701216798255,5126,0.4157616
PYTHUSDT,SELL,LIMIT,1701216831433,65,0.4152825
PYTHUSDT,SELL,LIMIT,1701216842919,349,0.4144075
PYTHUSDT,SELL,LIMIT,1701216853836,892,0.4133631
PYTHUSDT,SELL,LIMIT,1701216876330,181,0.4125945
PYTHUSDT,BUY,LIMIT,1701217281223,58,0.4282175
PYTHUSDT,BUY,LIMIT,1701217772429,18,0.4318626
PYTHUSDT,BUY,LIMIT,1701219089047,93,0.4353349
PYTHUSDT,BUY,LIMIT,1701220542498,1498,0.4400666
PYTHUSDT,BUY,LIMIT,1701220690214,1408,0.4401902
PYTHUSDT,SELL,LIMIT,1701221731692,31,0.4260126
PYTHUSDT,SELL,LIMIT,1701223382460,66,0.4222723
PYTHUSDT,SELL,LIMIT,1701223428941,7017,0.4213436
PYTHUSDT,SELL,LIMIT,1701228667692,313,0.4202561
PYTHUSDT,SELL,LIMIT,1701229029363,1882,0.4165726
PYTHUSDT,SELL,LIMIT,1701229917562,104,0.4162472
PYTHUSDT,SELL,LIMIT,1701229929184,60,0.4146383
PYTHUSDT,SELL,LIMIT,1701229938991,22,0.4144112
PYTHUSDT,SELL,LIMIT,1701232016203,10426,0.4153241
PYTHUSDT,SELL,LIMIT,1701232116076,573,0.4148376
PYTHUSDT,BUY,LIMIT,1701233869061,20,0.4323063
PYTHUSDT,BUY,LIMIT,1701233961434,7420,0.4330798
PYTHUSDT,SELL,LIMIT,1701236169280,2563,0.4154802
PYTHUSDT,SELL,LIMIT,1701238611104,22,0.4140129
PYTHUSDT,SELL,LIMIT,1701238638086,795,0.4138662
PYTHUSDT,SELL,LIMIT,1701238861309,1130,0.4132326
PYTHUSDT,SELL,LIMIT,1701238868678,2314,0.4123751
PYTHUSDT,BUY,LIMIT,1701240775564,115,0.4340992
PYTHUSDT,BUY,LIMIT,1701241784523,2706,0.4358861
PYTHUSDT,BUY,LIMIT,1701242765611,101,0.4374980
PYTHUSDT,BUY,LIMIT,1701243019707,399,0.4419247
PYTHUSDT,BUY,LIMIT,1701243190357,3767,0.4398938
PYTHUSDT,SELL,LIMIT,1701243271827,137,0.4277856
PYTHUSDT,SELL,LIMIT,1701243317213,287,0.4270500
PYTHUSDT,BUY,LIMIT,1701243635112,501,0.4393124
PYTHUSDT,BUY,LIMIT,1701244880192,23,0.4440199
PYTHUSDT,BUY,LIMIT,1701244897185,4505,0.4445328
PYTHUSDT,SELL,LIMIT,1701245899320,3828,0.4256094
PYTHUSDT,BUY,LIMIT,1701246223353,1063,0.4410825
PYTHUSDT,BUY,LIMIT,1701247566424,39,0.4441241
PYTHUSDT,BUY,LIMIT,1701247642271,40,0.4454007
PYTHUSDT,BUY,LIMIT,1701247766551,20,0.4461263
PYTHUSDT,BUY,LIMIT,1701247820187,66,0.4466641
PYTHUSDT,BUY,LIMIT,1701247849517,11693,0.4472222
PYTHUSDT,BUY,LIMIT,1701248239260,11,0.4487369
PYTHUSDT,BUY,LIMIT,1701248360178,52,0.4504745
PYTHUSDT,BUY,LIMIT,1701248456953,29,0.4513539
PYTHUSDT,BUY,LIMIT,1701249310231,1784,0.4514272
PYTHUSDT,BUY,LIMIT,1701249325142,257,0.4516938
PYTHUSDT,BUY,LIMIT,1701249400328,664,0.4526116
PYTHUSDT,SELL,LIMIT,1701250026076,360,0.4370251
PYTHUSDT,SELL,LIMIT,1701250226411,98,0.4309297
PYTHUSDT,SELL,LIMIT,1701250238471,94,0.4306095
PYTHUSDT,SELL,LIMIT,1701250247754,835,0.4304437
PYTHUSDT,SELL,LIMIT,1701251330017,150,0.4311881
PYTHUSDT,SELL,LIMIT,1701251624942,50,0.4288291
PYTHUSDT,SELL,LIMIT,1701251652048,902,0.4282335
PYTHUSDT,SELL,LIMIT,1701251654057,31,0.4279729
PYTHUSDT,SELL,LIMIT,1701251658170,238,0.4270519
PYTHUSDT,SELL,LIMIT,1701251661587,4190,0.4267180
PYTHUSDT,SELL,LIMIT,1701252239331,4221,0.4242723
PYTHUSDT,SELL,LIMIT,1701252409479,13,0.4238801
PYTHUSDT,SELL,LIMIT,1701252431063,60,0.4232924
PYTHUSDT,SELL,LIMIT,1701253176554,972,0.4240426
PYTHUSDT,SELL,LIMIT,1701253393891,126,0.4238610
PYTHUSDT,SELL,LIMIT,1701253412343,2263,0.4228580
PYTHUSDT,SELL,LIMIT,1701253415852,4871,0.4225414
PYTHUSDT,SELL,LIMIT,1701253532154,56,0.4213019
PYTHUSDT,SELL,LIMIT,1701253533946,489,0.4205951
PYTHUSDT,SELL,LIMIT,1701253578766,993,0.4197085
PYTHUSDT,SELL,LIMIT,1701253605759,4473,0.4194426
PYTHUSDT,SELL,LIMIT,1701254254380,47,0.4180725
PYTHUSDT,SELL,LIMIT,1701254272145,1274,0.4175709
PYTHUSDT,SELL,LIMIT,1701254300288,3533,0.4175857
PYTHUSDT,SELL,LIMIT,1701254366189,539,0.4161992
PYTHUSDT,SELL,LIMIT,1701254371696,22147,0.4136491
PYTHUSDT,SELL,LIMIT,1701254391387,101,0.4151153
PYTHUSDT,SELL,LIMIT,1701254401216,7619,0.4150458
PYTHUSDT,SELL,LIMIT,1701254416153,146,0.4123869
PYTHUSDT,SELL,LIMIT,1701254417241,938,0.4136222
PYTHUSDT,SELL,LIMIT,1701254578883,114,0.4109839
PYTHUSDT,SELL,LIMIT,1701254618963,392,0.4104162
PYTHUSDT,SELL,LIMIT,1701254620929,14,0.4102456
PYTHUSDT,SELL,LIMIT,1701254624298,176,0.4097052
PYTHUSDT,SELL,LIMIT,1701254646804,68,0.4097578
PYTHUSDT,SELL,LIMIT,1701254679080,2219,0.4093730
PYTHUSDT,SELL,LIMIT,1701254680962,41,0.4090895
PYTHUSDT,SELL,LIMIT,1701254692920,206,0.4089064
PYTHUSDT,SELL,LIMIT,1701254700075,1457,0.4074257
PYTHUSDT,SELL,LIMIT,1701254701079,57,0.4064554
PYTHUSDT,SELL,LIMIT,1701254702120,58,0.4052570
PYTHUSDT,SELL,LIMIT,1701254703188,262,0.4048337
PYTHUSDT,SELL,LIMIT,1701254705991,517,0.4038544
PYTHUSDT,SELL,LIMIT,1701254712192,114,0.4030698
PYTHUSDT,SELL,LIMIT,1701256691631,369,0.4094454
PYTHUSDT,BUY,LIMIT,1701257911286,108,0.4239087
PYTHUSDT,SELL,LIMIT,1701259227434,466,0.4117802
PYTHUSDT,SELL,LIMIT,1701259970941,3348,0.4111483
PYTHUSDT,SELL,LIMIT,1701260100341,3376,0.4099778
PYTHUSDT,SELL,LIMIT,1701260274996,3818,0.4079761
PYTHUSDT,SELL,LIMIT,1701260292603,100,0.4087797
PYTHUSDT,BUY,LIMIT,1701261627246,4100,0.4252572
PYTHUSDT,SELL,LIMIT,1701262748159,8962,0.4138109
PYTHUSDT,SELL,LIMIT,1701262913503,1,1.7894149
PYTHUSDT,SELL,LIMIT,1701262961872,304,0.4088960
PYTHUSDT,SELL,LIMIT,1701264098861,11416,0.4091483
PYTHUSDT,SELL,LIMIT,1701264104048,849,0.4090808
PYTHUSDT,SELL,LIMIT,1701264217467,648,0.4074246
PYTHUSDT,SELL,LIMIT,1701264230446,1119,0.4067411
PYTHUSDT,SELL,LIMIT,1701264352053,4154,0.4047580
PYTHUSDT,SELL,LIMIT,1701264408980,822,0.4040604
PYTHUSDT,SELL,LIMIT,1701264413877,491,0.4039108
PYTHUSDT,SELL,LIMIT,1701264415186,175,0.4036959
PYTHUSDT,SELL,LIMIT,1701264416803,496,0.4035295
PYTHUSDT,BUY,LIMIT,1701264523406,74,0.4192093
PYTHUSDT,SELL,LIMIT,1701265487530,248,0.4067831
PYTHUSDT,SELL,LIMIT,1701265493143,1000,0.4057779
PYTHUSDT,SELL,LIMIT,1701265551873,23,0.4044670
PYTHUSDT,SELL,LIMIT,1701265657417,2636,0.4033200
PYTHUSDT,SELL,LIMIT,1701265699195,1479,0.4027202
PYTHUSDT,BUY,LIMIT,1701265856534,96,0.4172813
PYTHUSDT,BUY,LIMIT,1701266448138,2085,0.4205232
PYTHUSDT,SELL,LIMIT,1701267515798,4295,0.4072741
PYTHUSDT,SELL,LIMIT,1701267779349,739,0.4046588
PYTHUSDT,SELL,LIMIT,1701267794643,87,0.4039315
PYTHUSDT,SELL,LIMIT,1701268305506,292,0.4025917
PYTHUSDT,SELL,LIMIT,1701268307255,20,0.4024575
PYTHUSDT,SELL,LIMIT,1701268312069,1364,0.4022848
PYTHUSDT,SELL,LIMIT,1701268329684,371,0.4019868
PYTHUSDT,SELL,LIMIT,1701268413112,97,0.4003960
PYTHUSDT,SELL,LIMIT,1701268414229,948,0.4001401
PYTHUSDT,SELL,LIMIT,1701268419298,24,0.3994176
PYTHUSDT,SELL,LIMIT,1701269152518,433,0.3991665
PYTHUSDT,SELL,LIMIT,1701269153599,12315,0.3979613
PYTHUSDT,SELL,LIMIT,1701269155196,58,0.3966612
PYTHUSDT,SELL,LIMIT,1701269156281,7553,0.3960686
PYTHUSDT,SELL,LIMIT,1701269157487,15371,0.3950386
PYTHUSDT,SELL,LIMIT,1701269159176,712,0.3957374
PYTHUSDT,SELL,LIMIT,1701269272138,34883,0.3927289
PYTHUSDT,SELL,LIMIT,1701269273176,117,0.3953918
PYTHUSDT,SELL,LIMIT,1701269294057,74,0.3950912
PYTHUSDT,SELL,LIMIT,1701269295967,1124,0.3950501
PYTHUSDT,SELL,LIMIT,1701269366055,173,0.3948035
PYTHUSDT,SELL,LIMIT,1701269367624,446,0.3947611
PYTHUSDT,SELL,LIMIT,1701270195999,1585,0.3948097
PYTHUSDT,SELL,LIMIT,1701270205062,526,0.3946371
PYTHUSDT,SELL,LIMIT,1701270210955,19,0.3945326
PYTHUSDT,SELL,LIMIT,1701270249252,2696,0.3943448
PYTHUSDT,SELL,LIMIT,1701270255157,17460,0.3928637
PYTHUSDT,SELL,LIMIT,1701270256181,2939,0.3941849
PYTHUSDT,SELL,LIMIT,1701270257328,1266,0.3929563
PYTHUSDT,SELL,LIMIT,1701270258444,8327,0.3928856
PYTHUSDT,SELL,LIMIT,1701270259609,148,0.3912911
PYTHUSDT,SELL,LIMIT,1701270260610,91,0.3909262
PYTHUSDT,SELL,LIMIT,1701270272387,75,0.3907634
PYTHUSDT,SELL,LIMIT,1701270284546,6124,0.3905314
PYTHUSDT,SELL,LIMIT,1701270337643,2822,0.3902571
PYTHUSDT,SELL,LIMIT,1701270338797,5221,0.3901441
PYTHUSDT,SELL,LIMIT,1701270340353,4819,0.3898002
PYTHUSDT,SELL,LIMIT,1701270341786,702,0.3896182
PYTHUSDT,SELL,LIMIT,1701270342977,416,0.3892581
PYTHUSDT,SELL,LIMIT,1701270383314,151,0.3890861
PYTHUSDT,SELL,LIMIT,1701270389101,168,0.3890267
PYTHUSDT,SELL,LIMIT,1701270390119,49855,0.3858934
PYTHUSDT,SELL,LIMIT,1701270391254,385,0.3889589
PYTHUSDT,SELL,LIMIT,1701270392347,18178,0.3872440
PYTHUSDT,SELL,LIMIT,1701270412440,2980,0.3891736
PYTHUSDT,SELL,LIMIT,1701270441471,1406,0.3888093
PYTHUSDT,SELL,LIMIT,1701270480463,250,0.3900691
PYTHUSDT,SELL,LIMIT,1701270618529,54,0.3901319
PYTHUSDT,BUY,LIMIT,1701271108032,69,0.4044314
PYTHUSDT,BUY,LIMIT,1701271146923,368,0.4048820
PYTHUSDT,BUY,LIMIT,1701272034255,18,0.4092398
PYTHUSDT,SELL,LIMIT,1701273193791,1292,0.4011395
PYTHUSDT,BUY,LIMIT,1701273254419,1479,0.4116138
PYTHUSDT,SELL,LIMIT,1701273604767,1491,0.3946234
PYTHUSDT,SELL,LIMIT,1701273637404,5661,0.3940637
PYTHUSDT,SELL,LIMIT,1701273670607,264,0.3939854
PYTHUSDT,SELL,LIMIT,1701274101067,1435,0.3920923
PYTHUSDT,SELL,LIMIT,1701274531349,3786,0.3908107
PYTHUSDT,SELL,LIMIT,1701274541387,351,0.3904988
PYTHUSDT,SELL,LIMIT,1701274548763,99,0.3899592
PYTHUSDT,SELL,LIMIT,1701274600152,626,0.3885643
PYTHUSDT,SELL,LIMIT,1701274601280,2341,0.3880711
PYTHUSDT,SELL,LIMIT,1701274602280,1160,0.3874188
PYTHUSDT,SELL,LIMIT,1701274603387,15,0.3866573
PYTHUSDT,SELL,LIMIT,1701274606079,719,0.3865061
PYTHUSDT,SELL,LIMIT,1701274720351,12453,0.3861642
PYTHUSDT,SELL,LIMIT,1701274721580,5082,0.3860378
PYTHUSDT,SELL,LIMIT,1701274722788,495,0.3856917
PYTHUSDT,SELL,LIMIT,1701274724191,4333,0.3857261
PYTHUSDT,SELL,LIMIT,1701274734230,846,0.3853857
PYTHUSDT,BUY,LIMIT,1701274759440,478,0.3990458
PYTHUSDT,BUY,LIMIT,1701274950476,1836,0.3976249
PYTHUSDT,SELL,LIMIT,1701275026140,1435,0.3870881
PYTHUSDT,SELL,LIMIT,1701275127068,2479,0.3853234
PYTHUSDT,SELL,LIMIT,1701275136082,260,0.3848725
PYTHUSDT,BUY,LIMIT,1701275247333,136,0.3992264
PYTHUSDT,SELL,LIMIT,1701275427260,491,0.3860506
PYTHUSDT,SELL,LIMIT,1701275842160,1938,0.3871051
PYTHUSDT,BUY,LIMIT,1701275924353,84,0.4002872
PYTHUSDT,BUY,LIMIT,1701276110343,3740,0.4006794
PYTHUSDT,BUY,LIMIT,1701276443532,532,0.4016850
PYTHUSDT,SELL,LIMIT,1701277072332,152,0.3887533
PYTHUSDT,SELL,LIMIT,1701277219328,788,0.3867293
PYTHUSDT,BUY,LIMIT,1701278057940,163,0.4014219
PYTHUSDT,BUY,LIMIT,1701279663269,293,0.4040278
PYTHUSDT,SELL,LIMIT,1701281667407,11946,0.3917076
PYTHUSDT,BUY,LIMIT,1701282803161,175,0.4076140
PYTHUSDT,BUY,LIMIT,1701283180957,1530,0.4081207
PYTHUSDT,SELL,LIMIT,1701284286117,996,0.3940986
PYTHUSDT,SELL,LIMIT,1701284290720,209,0.3943488
PYTHUSDT,SELL,LIMIT,1701284584859,521,0.3917711
PYTHUSDT,SELL,LIMIT,1701284940780,940,0.3930762
PYTHUSDT,SELL,LIMIT,1701284960458,480,0.3933483
PYTHUSDT,SELL,LIMIT,1701285183933,590,0.3930895
PYTHUSDT,BUY,LIMIT,1701289314081,17,0.4061931
PYTHUSDT,SELL,LIMIT,1701289495645,513,0.3915900
PYTHUSDT,SELL,LIMIT,1701290340204,12479,0.3905526
PYTHUSDT,SELL,LIMIT,1701290343267,58,0.3904925
PYTHUSDT,SELL,LIMIT,1701290344632,828,0.3899371
PYTHUSDT,SELL,LIMIT,1701290346379,416,0.3887038
PYTHUSDT,SELL,LIMIT,1701293382324,1360,0.3919998
PYTHUSDT,SELL,LIMIT,1701293458894,66,0.3913406
PYTHUSDT,SELL,LIMIT,1701294252025,542,0.3890467
PYTHUSDT,SELL,LIMIT,1701297291444,38,0.3926170
PYTHUSDT,BUY,LIMIT,1701298045265,253,0.4085376
PYTHUSDT,SELL,LIMIT,1701299056714,84,0.3951984
PYTHUSDT,SELL,LIMIT,1701299058066,1139,0.3951629
PYTHUSDT,SELL,LIMIT,1701299217942,42,0.3941675
PYTHUSDT,SELL,LIMIT,1701299269051,206,0.3937302
PYTHUSDT,SELL,LIMIT,1701300151178,2488,0.3941253
PYTHUSDT,SELL,LIMIT,1701300228947,346,0.3926496
PYTHUSDT,BUY,LIMIT,1701300568291,804,0.4072094
PYTHUSDT,SELL,LIMIT,1701301559635,9942,0.3952370
PYTHUSDT,BUY,LIMIT,1701303761409,16,0.4102861
PYTHUSDT,BUY,LIMIT,1701303805299,615,0.4109278
PYTHUSDT,SELL,LIMIT,1701305898712,294,0.3972421
PYTHUSDT,SELL,LIMIT,1701305902575,246,0.3969001
PYTHUSDT,SELL,LIMIT,1701305910564,12478,0.3964474
PYTHUSDT,SELL,LIMIT,1701305978434,1457,0.3944171
PYTHUSDT,SELL,LIMIT,1701306419451,65,0.3960508
PYTHUSDT,SELL,LIMIT,1701309238317,5236,0.3936688
PYTHUSDT,SELL,LIMIT,1701309445295,3623,0.3928791
PYTHUSDT,SELL,LIMIT,1701309454715,3022,0.3920777
PYTHUSDT,SELL,LIMIT,1701309456422,9424,0.3914299
PYTHUSDT,SELL,LIMIT,1701309905071,413,0.3901126
PYTHUSDT,SELL,LIMIT,1701310981015,4274,0.3885826
PYTHUSDT,BUY,LIMIT,1701311937121,4875,0.4058060
PYTHUSDT,BUY,LIMIT,1701312063051,779,0.4068824
PYTHUSDT,BUY,LIMIT,1701314672546,236,0.4113015
PYTHUSDT,BUY,LIMIT,1701314971380,434,0.4120819
PYTHUSDT,BUY,LIMIT,1701314986052,3625,0.4124004
PYTHUSDT,BUY,LIMIT,1701315194211,853,0.4144529
PYTHUSDT,BUY,LIMIT,1701315318785,1486,0.4169247
PYTHUSDT,SELL,LIMIT,1701315476173,89,0.4025203
PYTHUSDT,BUY,LIMIT,1701315610372,733,0.4152235
PYTHUSDT,BUY,LIMIT,1701315731311,82,0.4171628
PYTHUSDT,BUY,LIMIT,1701315738368,279,0.4188436
PYTHUSDT,SELL,LIMIT,1701316891552,2034,0.4014617
PYTHUSDT,SELL,LIMIT,1701317807063,742,0.4012712
PYTHUSDT,BUY,LIMIT,1701318509268,90,0.4149825
PYTHUSDT,SELL,LIMIT,1701318914728,261,0.3987413
PYTHUSDT,SELL,LIMIT,1701318926241,418,0.3983995
PYTHUSDT,SELL,LIMIT,1701319681479,565,0.3956059
PYTHUSDT,SELL,LIMIT,1701320427240,254,0.3978567
PYTHUSDT,BUY,LIMIT,1701320539590,18,0.4100872
PYTHUSDT,SELL,LIMIT,1701321114757,1580,0.3945619
PYTHUSDT,SELL,LIMIT,1701321764382,82,0.3930937
PYTHUSDT,BUY,LIMIT,1701323381966,1016,0.4091874
PYTHUSDT,SELL,LIMIT,1701323734567,23,0.3942956
PYTHUSDT,SELL,LIMIT,1701324028562,884,0.3927171
PYTHUSDT,BUY,LIMIT,1701325225502,1068,0.4114575
PYTHUSDT,SELL,LIMIT,1701326637167,2461,0.3981574
PYTHUSDT,SELL,LIMIT,1701328948705,31,0.3973177
PYTHUSDT,SELL,LIMIT,1701328974260,1276,0.3971934
PYTHUSDT,SELL,LIMIT,1701329447311,106,0.3950595
PYTHUSDT,SELL,LIMIT,1701329459203,67,0.3948791
PYTHUSDT,SELL,LIMIT,1701329556560,2921,0.3943167
PYTHUSDT,SELL,LIMIT,1701329680173,3712,0.3933448
PYTHUSDT,SELL,LIMIT,1701331644110,1181,0.3940969
PYTHUSDT,SELL,LIMIT,1701331646046,16,0.3935504
PYTHUSDT,SELL,LIMIT,1701331658778,1319,0.3933781
PYTHUSDT,SELL,LIMIT,1701331670644,1211,0.3927464
PYTHUSDT,SELL,LIMIT,1701331761740,931,0.3917298
PYTHUSDT,SELL,LIMIT,1701332098306,1013,0.3912261
PYTHUSDT,SELL,LIMIT,1701333686527,1517,0.3902471
PYTHUSDT,BUY,LIMIT,1701335160630,1492,0.4087012
PYTHUSDT,SELL,LIMIT,1701335455291,2358,0.3930603
PYTHUSDT,BUY,LIMIT,1701335962227,750,0.4098697
PYTHUSDT,BUY,LIMIT,1701336936442,323,0.4106571
PYTHUSDT,BUY,LIMIT,1701337959102,639,0.4112412
PYTHUSDT,SELL,LIMIT,1701338571182,69,0.3961979
PYTHUSDT,SELL,LIMIT,1701338927598,801,0.3952168
PYTHUSDT,SELL,LIMIT,1701338947309,650,0.3946161
PYTHUSDT,BUY,LIMIT,1701342783657,63,0.4134157
PYTHUSDT,BUY,LIMIT,1701343007450,965,0.4138912
PYTHUSDT,SELL,LIMIT,1701343279716,10836,0.4010988
PYTHUSDT,BUY,LIMIT,1701345866093,1040,0.4176765
PYTHUSDT,BUY,LIMIT,1701345867436,25,0.4178866
PYTHUSDT,BUY,LIMIT,1701346064321,426,0.4194079
PYTHUSDT,BUY,LIMIT,1701346072666,2447,0.4197614
PYTHUSDT,SELL,LIMIT,1701346316163,212,0.4048227
PYTHUSDT,SELL,LIMIT,1701346444249,18,0.4032067
PYTHUSDT,SELL,LIMIT,1701346468671,747,0.4023629
PYTHUSDT,SELL,LIMIT,1701346597323,2342,0.4016830
PYTHUSDT,SELL,LIMIT,1701349209997,159,0.4032941
PYTHUSDT,SELL,LIMIT,1701349245144,906,0.4024590
PYTHUSDT,SELL,LIMIT,1701349286120,1700,0.4018799
PYTHUSDT,SELL,LIMIT,1701349398666,497,0.4014180
PYTHUSDT,SELL,LIMIT,1701349591318,564,0.4005118
PYTHUSDT,SELL,LIMIT,1701349736544,7487,0.3989453
PYTHUSDT,SELL,LIMIT,1701349989052,301,0.3985437
PYTHUSDT,SELL,LIMIT,1701350066467,768,0.3976712
PYTHUSDT,SELL,LIMIT,1701350111076,30,0.3974127
PYTHUSDT,SELL,LIMIT,1701350173976,55,0.3970330
PYTHUSDT,SELL,LIMIT,1701350180120,151,0.3967683
PYTHUSDT,SELL,LIMIT,1701352118209,1059,0.4022650
PYTHUSDT,SELL,LIMIT,1701352291399,115,0.3982435
PYTHUSDT,SELL,LIMIT,1701352446149,59,0.3980129
PYTHUSDT,SELL,LIMIT,1701352520311,66,0.3962330
PYTHUSDT,SELL,LIMIT,1701352521304,12239,0.3964688
PYTHUSDT,SELL,LIMIT,1701352529866,63,0.3952552
PYTHUSDT,SELL,LIMIT,1701352531092,1495,0.3956869
