Symbol,Side,Order Type,Time,Quantity,Price
PYTHUSDT,SELL,LIMIT,1701917280738,1308,0.4207557
PYTHUSDT,SELL,LIMIT,1701917638385,1259,0.4186534
PYTHUSDT,SELL,LIMIT,1701917692437,127,0.4180643
PYTHUSDT,SELL,LIMIT,1701917962191,796,0.4161931
PYTHUSDT,SELL,LIMIT,1701918568231,62,0.4146691
PYTHUSDT,SELL,LIMIT,1701918649448,201,0.4144749
PYTHUSDT,BUY,LIMIT,1701919068766,870,0.4318853
PYTHUSDT,SELL,LIMIT,1701919512415,607,0.4208305
PYTHUSDT,SELL,LIMIT,1701923448955,298,0.4233385
PYTHUSDT,BUY,LIMIT,1701924121624,30,0.4409775
PYTHUSDT,SELL,LIMIT,1701924304786,93,0.4280811
PYTHUSDT,SELL,LIMIT,1701926206585,379,0.4253588
PYTHUSDT,SELL,LIMIT,1701926239799,807,0.4249075
PYTHUSDT,SELL,LIMIT,1701926247151,922,0.4248253
PYTHUSDT,BUY,LIMIT,1701927325395,27504,0.4446536
PYTHUSDT,BUY,LIMIT,1701927349221,35,0.4425806
PYTHUSDT,SELL,LIMIT,1701927787359,4266,0.4273313
PYTHUSDT,SELL,LIMIT,1701927797384,1385,0.4271310
PYTHUSDT,SELL,LIMIT,1701928323986,2488,0.4262019
PYTHUSDT,BUY,LIMIT,1701929797145,77,0.4410612
PYTHUSDT,SELL,LIMIT,1701931508505,792,0.4248423
PYTHUSDT,SELL,LIMIT,1701931578047,231,0.4239683
PYTHUSDT,SELL,LIMIT,1701931584395,2153,0.4238372
PYTHUSDT,SELL,LIMIT,1701931810537,191,0.4218923
PYTHUSDT,SELL,LIMIT,1701931812507,229,0.4218501
PYTHUSDT,SELL,LIMIT,1701931820907,1814,0.4214325
PYTHUSDT,BUY,LIMIT,1701933414504,1020,0.4399293
PYTHUSDT,SELL,LIMIT,1701933787280,38,0.4253231
PYTHUSDT,BUY,LIMIT,1701934106898,1203,0.4402843
PYTHUSDT,BUY,LIMIT,1701935258664,17,0.4431766
PYTHUSDT,BUY,LIMIT,1701936075425,44,0.4450224
PYTHUSDT,BUY,LIMIT,1701936132157,5476,0.4456092
PYTHUSDT,BUY,LIMIT,1701936670428,647,0.4464027
PYTHUSDT,SELL,LIMIT,1701936963299,114,0.4278299
PYTHUSDT,SELL,LIMIT,1701936966829,25,0.4273765
PYTHUSDT,SELL,LIMIT,1701937484605,21,0.4268709
PYTHUSDT,SELL,LIMIT,1701938126460,80,0.4237292
PYTHUSDT,SELL,LIMIT,1701939169477,169,0.4218823
PYTHUSDT,SELL,LIMIT,1701939176665,295,0.4217205
PYTHUSDT,SELL,LIMIT,1701939429475,61,0.4192044
PYTHUSDT,SELL,LIMIT,1701939433435,765,0.4191077
PYTHUSDT,SELL,LIMIT,1701939483782,1136,0.4173231
PYTHUSDT,SELL,LIMIT,1701939936349,764,0.4167456
PYTHUSDT,SELL,LIMIT,1701939941149,203,0.4167845
PYTHUSDT,SELL,LIMIT,1701939974257,106,0.4165583
PYTHUSDT,SELL,LIMIT,1701940013484,8400,0.4164466
PYTHUSDT,SELL,LIMIT,1701940018195,960,0.4161232
PYTHUSDT,SELL,LIMIT,1701940038441,4230,0.4152339
PYTHUSDT,SELL,LIMIT,1701940052493,21,0.4147645
PYTHUSDT,SELL,LIMIT,1701940056420,21,0.4147589
PYTHUSDT,SELL,LIMIT,1701940060322,1229,0.4145593
PYTHUSDT,SELL,LIMIT,1701940063657,206,0.4144601
PYTHUSDT,SELL,LIMIT,1701940460160,253,0.4141947
PYTHUSDT,SELL,LIMIT,1701940466969,4671,0.4140563
PYTHUSDT,SELL,LIMIT,1701940471723,1977,0.4137153
PYTHUSDT,SELL,LIMIT,1701940473084,454,0.4130853
PYTHUSDT,SELL,LIMIT,1701940474306,2548,0.4133508
PYTHUSDT,SELL,LIMIT,1701940475362,199,0.4123324
PYTHUSDT,SELL,LIMIT,1701940476419,1718,0.4118853
PYTHUSDT,SELL,LIMIT,1701940513944,799,0.4112238
PYTHUSDT,SELL,LIMIT,1701940521716,1225,0.4110654
PYTHUSDT,SELL,LIMIT,1701940526076,17883,0.4094424
PYTHUSDT,SELL,LIMIT,1701940527170,1164,0.4109306
PYTHUSDT,SELL,LIMIT,1701940528183,1123,0.4102836
PYTHUSDT,SELL,LIMIT,1701940546004,1318,0.4101982
PYTHUSDT,SELL,LIMIT,1701940554287,1018,0.4106551
PYTHUSDT,SELL,LIMIT,1701940555423,1978,0.4106337
PYTHUSDT,SELL,LIMIT,1701940556666,899,0.4105024
PYTHUSDT,SELL,LIMIT,1701940559128,47305,0.4072634
PYTHUSDT,SELL,LIMIT,1701940561691,5000,0.4109612
PYTHUSDT,SELL,LIMIT,1701940564422,1178,0.4098668
PYTHUSDT,SELL,LIMIT,1701940568419,50271,0.4068872
PYTHUSDT,BUY,LIMIT,1701940845065,450,0.4253333
PYTHUSDT,SELL,LIMIT,1701941109371,1192,0.4110011
PYTHUSDT,SELL,LIMIT,1701941146709,15,0.4111135
PYTHUSDT,SELL,LIMIT,1701941152112,1159,0.4122533
PYTHUSDT,SELL,LIMIT,1701941154059,4450,0.4101183
PYTHUSDT,SELL,LIMIT,1701941158751,244,0.4101281
PYTHUSDT,SELL,LIMIT,1701941174127,1930,0.4101214
PYTHUSDT,SELL,LIMIT,1701941179090,5058,0.4098307
PYTHUSDT,SELL,LIMIT,1701941180680,2216,0.4098109
PYTHUSDT,SELL,LIMIT,1701941182924,63,0.4217316
PYTHUSDT,SELL,LIMIT,1701941184504,4672,0.4096746
PYTHUSDT,SELL,LIMIT,1701941185630,3684,0.4095313
PYTHUSDT,SELL,LIMIT,1701941187592,141,0.4094388
PYTHUSDT,SELL,LIMIT,1701941188680,11663,0.4092858
PYTHUSDT,SELL,LIMIT,1701941189882,21661,0.4071485
PYTHUSDT,SELL,LIMIT,1701941190886,828,0.4088793
PYTHUSDT,SELL,LIMIT,1701941192533,700,0.4086774
PYTHUSDT,SELL,LIMIT,1701941194360,11220,0.4086706
PYTHUSDT,SELL,LIMIT,1701941195428,14677,0.4077882
PYTHUSDT,SELL,LIMIT,1701941217208,300,0.4086423
PYTHUSDT,SELL,LIMIT,1701941233352,35,0.4079733
PYTHUSDT,SELL,LIMIT,1701941235276,9002,0.4078327
PYTHUSDT,SELL,LIMIT,1701941236359,39562,0.4042668
PYTHUSDT,SELL,LIMIT,1701941237438,353,0.4072685
PYTHUSDT,SELL,LIMIT,1701941238527,354,0.4063888
PYTHUSDT,SELL,LIMIT,1701941239532,1362,0.4065197
PYTHUSDT,SELL,LIMIT,1701941241262,1822,0.4057355
PYTHUSDT,SELL,LIMIT,1701941242485,3009,0.4061281
PYTHUSDT,SELL,LIMIT,1701941244317,222,0.4056303
PYTHUSDT,SELL,LIMIT,1701941247114,436,0.4052960
PYTHUSDT,SELL,LIMIT,1701941248223,10526,0.4053288
PYTHUSDT,BUY,LIMIT,1701941809122,102,0.4286331
PYTHUSDT,BUY,LIMIT,1701941883413,134,0.4288017
PYTHUSDT,BUY,LIMIT,1701942139188,95,0.4299337
PYTHUSDT,BUY,LIMIT,1701942169461,29,0.4305800
PYTHUSDT,BUY,LIMIT,1701942200723,98,0.4310189
PYTHUSDT,BUY,LIMIT,1701942352211,21,0.4320386
PYTHUSDT,BUY,LIMIT,1701942375704,849,0.4328132
PYTHUSDT,SELL,LIMIT,1701943633123,239,0.4181092
PYTHUSDT,SELL,LIMIT,1701943646302,656,0.4175826
PYTHUSDT,SELL,LIMIT,1701943670494,691,0.4166479
PYTHUSDT,SELL,LIMIT,1701944106119,1079,0.4174830
PYTHUSDT,BUY,LIMIT,1701944785750,1972,0.4340221
PYTHUSDT,BUY,LIMIT,1701945206620,188,0.4366863
PYTHUSDT,BUY,LIMIT,1701945239186,90,0.4376152
PYTHUSDT,BUY,LIMIT,1701945337390,3724,0.4387928
PYTHUSDT,BUY,LIMIT,1701945397021,15,0.4400553
PYTHUSDT,BUY,LIMIT,1701945633102,15,0.4409128
PYTHUSDT,BUY,LIMIT,1701946325597,24,0.4438335
PYTHUSDT,BUY,LIMIT,1701946348329,328,0.4444994
PYTHUSDT,SELL,LIMIT,1701946477782,239,0.4318071
PYTHUSDT,BUY,LIMIT,1701946843674,2880,0.4427703
PYTHUSDT,BUY,LIMIT,1701947715399,23,0.4461650
PYTHUSDT,BUY,LIMIT,1701947718125,70,0.4463382
PYTHUSDT,BUY,LIMIT,1701947793507,373,0.4483472
PYTHUSDT,BUY,LIMIT,1701947800393,25,0.4484831
PYTHUSDT,BUY,LIMIT,1701947910873,477,0.4488255
PYTHUSDT,BUY,LIMIT,1701947978572,2422,0.4492868
PYTHUSDT,BUY,LIMIT,1701948010436,5878,0.4507869
PYTHUSDT,BUY,LIMIT,1701949752739,357,0.4495042
PYTHUSDT,BUY,LIMIT,1701949764106,28,0.4504151
PYTHUSDT,BUY,LIMIT,1701949822523,155,0.4521202
PYTHUSDT,BUY,LIMIT,1701949949163,46,0.4550130
PYTHUSDT,BUY,LIMIT,1701950058614,167,0.4557971
PYTHUSDT,BUY,LIMIT,1701950072391,49,0.4559028
PYTHUSDT,SELL,LIMIT,1701950534935,2082,0.4405005
PYTHUSDT,SELL,LIMIT,1701950557882,281,0.4394091
PYTHUSDT,BUY,LIMIT,1701951215324,10099,0.4521267
PYTHUSDT,SELL,LIMIT,1701951324880,24,0.9122670
PYTHUSDT,BUY,LIMIT,1701952357092,1163,0.4526900
PYTHUSDT,SELL,LIMIT,1701952490874,75,0.4369129
PYTHUSDT,SELL,LIMIT,1701952639360,41,0.4340255
PYTHUSDT,SELL,LIMIT,1701952645984,247,0.4339485
PYTHUSDT,SELL,LIMIT,1701952666382,966,0.4337474
PYTHUSDT,BUY,LIMIT,1701953433667,1500,0.4493815
PYTHUSDT,BUY,LIMIT,1701953558509,78,0.4499152
PYTHUSDT,BUY,LIMIT,1701954366035,11322,0.4503436
PYTHUSDT,SELL,LIMIT,1701954797519,111,0.4327289
PYTHUSDT,SELL,LIMIT,1701954837020,169,0.4322055
PYTHUSDT,SELL,LIMIT,1701954889810,4508,0.4312847
PYTHUSDT,SELL,LIMIT,1701955411577,6382,0.4300314
PYTHUSDT,SELL,LIMIT,1701956024953,14,0.4271434
PYTHUSDT,SELL,LIMIT,1701956159473,11248,0.4262518
PYTHUSDT,SELL,LIMIT,1701956191390,2031,0.4258751
PYTHUSDT,SELL,LIMIT,1701956608923,4556,0.4248410
PYTHUSDT,SELL,LIMIT,1701956611755,437,0.4247120
PYTHUSDT,SELL,LIMIT,1701956659449,89,0.4243900
PYTHUSDT,SELL,LIMIT,1701956669688,368,0.4241751
PYTHUSDT,SELL,LIMIT,1701956900225,4611,0.4228462
PYTHUSDT,SELL,LIMIT,1701957775771,4003,0.4229559
PYTHUSDT,BUY,LIMIT,1701958102769,25,0.4388426
PYTHUSDT,BUY,LIMIT,1701958169052,775,0.4392360
PYTHUSDT,SELL,LIMIT,1701958779855,2455,0.4232780
PYTHUSDT,SELL,LIMIT,1701960156599,1151,0.4252536
PYTHUSDT,BUY,LIMIT,1701961059165,47,0.4426974
PYTHUSDT,BUY,LIMIT,1701961126984,29,0.4430787
PYTHUSDT,SELL,LIMIT,1701963196469,5945,0.4378524
PYTHUSDT,BUY,LIMIT,1701963508070,49,0.4524186
PYTHUSDT,SELL,LIMIT,1701964002284,4460,0.4369087
PYTHUSDT,BUY,LIMIT,1701964483651,62,0.4549525
PYTHUSDT,BUY,LIMIT,1701964722870,550,0.4590161
PYTHUSDT,BUY,LIMIT,1701964751742,4911,0.4599061
PYTHUSDT,BUY,LIMIT,1701964767255,385,0.4603327
PYTHUSDT,BUY,LIMIT,1701964853493,13,0.4620715
PYTHUSDT,BUY,LIMIT,1701964872164,13804,0.4639720
PYTHUSDT,BUY,LIMIT,1701964874312,901,0.4631763
PYTHUSDT,SELL,LIMIT,1701965239197,4698,0.4395517
PYTHUSDT,SELL,LIMIT,1701965562099,1850,0.4378032
PYTHUSDT,SELL,LIMIT,1701965791342,27,0.4354320
PYTHUSDT,BUY,LIMIT,1701966172762,13,0.4492936
PYTHUSDT,SELL,LIMIT,1701966545771,127,0.4368129
PYTHUSDT,SELL,LIMIT,1701968555109,27,0.4360634
PYTHUSDT,SELL,LIMIT,1701968650181,51,0.4351673
PYTHUSDT,SELL,LIMIT,1701968781302,1886,0.4325461
PYTHUSDT,SELL,LIMIT,1701968867069,10000,0.4314066
PYTHUSDT,SELL,LIMIT,1701968868288,741,0.4315473
PYTHUSDT,SELL,LIMIT,1701968939436,5442,0.4302996
PYTHUSDT,SELL,LIMIT,1701968955316,11253,0.4300627
PYTHUSDT,SELL,LIMIT,1701969086612,1093,0.4296884
PYTHUSDT,BUY,LIMIT,1701969944870,96,0.4478139
PYTHUSDT,SELL,LIMIT,1701970502982,708,0.4379311
PYTHUSDT,SELL,LIMIT,1701970940153,466,0.4334153
PYTHUSDT,SELL,LIMIT,1701971014023,127,0.4322444
PYTHUSDT,SELL,LIMIT,1701971381235,2000,0.4308977
PYTHUSDT,SELL,LIMIT,1701973299207,117,0.4314070
PYTHUSDT,SELL,LIMIT,1701974056499,93,0.4313051
PYTHUSDT,SELL,LIMIT,1701974286906,2550,0.4275254
PYTHUSDT,SELL,LIMIT,1701974509336,228,0.4270456
PYTHUSDT,BUY,LIMIT,1701975774220,293,0.4437165
PYTHUSDT,SELL,LIMIT,1701976481392,1845,0.4267673
PYTHUSDT,SELL,LIMIT,1701976530094,63,0.4259296
PYTHUSDT,SELL,LIMIT,1701976966216,1942,0.4253624
PYTHUSDT,SELL,LIMIT,1701977181304,4625,0.4246598
PYTHUSDT,SELL,LIMIT,1701978300976,398,0.4239848
PYTHUSDT,SELL,LIMIT,1701980559358,452,0.4270943
PYTHUSDT,SELL,LIMIT,1701981335617,56,0.4257701
PYTHUSDT,SELL,LIMIT,1701981592234,2052,0.4241009
PYTHUSDT,SELL,LIMIT,1701981702638,2243,0.4229888
PYTHUSDT,SELL,LIMIT,1701981915164,899,0.4226271
PYTHUSDT,SELL,LIMIT,1701982125289,5262,0.4225698
PYTHUSDT,BUY,LIMIT,1701984491281,247,0.4469468
PYTHUSDT,BUY,LIMIT,1701985153269,447,0.4523624
PYTHUSDT,SELL,LIMIT,1701985887349,192,0.4353472
PYTHUSDT,SELL,LIMIT,1701988376662,1134,0.4316314
PYTHUSDT,SELL,LIMIT,1701988488627,22,0.4293616
PYTHUSDT,SELL,LIMIT,1701989063555,1141,0.4265543
PYTHUSDT,SELL,LIMIT,1701989078196,1740,0.4262345
PYTHUSDT,SELL,LIMIT,1701989148380,2,0.4253806
PYTHUSDT,SELL,LIMIT,1701989196348,574,0.4241888
PYTHUSDT,SELL,LIMIT,1701989411736,1186,0.4226925
PYTHUSDT,SELL,LIMIT,1701989457415,88,0.4219237
PYTHUSDT,SELL,LIMIT,1701989495068,22,0.4208725
PYTHUSDT,SELL,LIMIT,1701989496943,301,0.4204465
PYTHUSDT,SELL,LIMIT,1701989498751,34,0.4205100
PYTHUSDT,SELL,LIMIT,1701989500042,1486,0.4200577
PYTHUSDT,SELL,LIMIT,1701989788027,333,0.4194803
PYTHUSDT,BUY,LIMIT,1701993847465,1154,0.4414597
PYTHUSDT,BUY,LIMIT,1701993978910,209,0.4430023
PYTHUSDT,SELL,LIMIT,1701995505209,337,0.4356101
PYTHUSDT,SELL,LIMIT,1701995525979,1302,0.4351823
PYTHUSDT,SELL,LIMIT,1701996383247,699,0.4288235
PYTHUSDT,BUY,LIMIT,1701996813208,218,0.4477295
PYTHUSDT,BUY,LIMIT,1701997894067,150,0.4478663
PYTHUSDT,BUY,LIMIT,1701998192203,7356,0.4501340
PYTHUSDT,BUY,LIMIT,1701998361591,132,0.4532544
PYTHUSDT,BUY,LIMIT,1701998574276,54,0.4556733
PYTHUSDT,BUY,LIMIT,1701999187597,390,0.4582138
PYTHUSDT,BUY,LIMIT,1701999370224,738,0.4599921
PYTHUSDT,BUY,LIMIT,1701999446505,12,0.4608643
PYTHUSDT,BUY,LIMIT,1701999572916,2597,0.4631207
PYTHUSDT,SELL,LIMIT,1701999734723,34,0.4472311
PYTHUSDT,SELL,LIMIT,1701999931732,98,0.4444060
PYTHUSDT,BUY,LIMIT,1702001019820,16,0.4617124
PYTHUSDT,BUY,LIMIT,1702001959497,6979,0.4636979
PYTHUSDT,BUY,LIMIT,1702001978966,1756,0.4640748
PYTHUSDT,BUY,LIMIT,1702002000769,1128,0.4651482
PYTHUSDT,BUY,LIMIT,1702002012354,18,0.4654893
PYTHUSDT,BUY,LIMIT,1702002148961,1666,0.4659158
PYTHUSDT,BUY,LIMIT,1702002215344,1020,0.4664889
PYTHUSDT,BUY,LIMIT,1702002262241,540,0.4683918
PYTHUSDT,BUY,LIMIT,1702002290003,20000,0.4708614
PYTHUSDT,BUY,LIMIT,1702002792712,98,0.4698572
PYTHUSDT,BUY,LIMIT,1702002797095,114,0.4705477
PYTHUSDT,BUY,LIMIT,1702002830105,23,0.4717904
PYTHUSDT,BUY,LIMIT,1702002838055,667,0.4724100
PYTHUSDT,BUY,LIMIT,1702002957819,32,0.4740675
PYTHUSDT,BUY,LIMIT,1702003003732,30,0.4762011
PYTHUSDT,BUY,LIMIT,1702003012119,1378,0.4772127
PYTHUSDT,BUY,LIMIT,1702003101524,439,0.4776880
PYTHUSDT,BUY,LIMIT,1702003102532,150,0.4777179
PYTHUSDT,BUY,LIMIT,1702003113235,2602,0.4780822
PYTHUSDT,BUY,LIMIT,1702003153922,500,0.4793640
PYTHUSDT,BUY,LIMIT,1702003156061,170,0.4794640
PYTHUSDT,BUY,LIMIT,1702003158433,3890,0.4796758
PYTHUSDT,BUY,LIMIT,1702003160100,370,0.4802291
PYTHUSDT,BUY,LIMIT,1702003161142,380,0.4801387
PYTHUSDT,BUY,LIMIT,1702003173323,8477,0.4811629
PYTHUSDT,BUY,LIMIT,1702003175228,437,0.4813502
PYTHUSDT,BUY,LIMIT,1702003209193,9443,0.4814465
PYTHUSDT,SELL,LIMIT,1702003287010,877,0.4648293
PYTHUSDT,SELL,LIMIT,1702003433254,8209,0.4615241
PYTHUSDT,SELL,LIMIT,1702003434619,31,0.4613841
PYTHUSDT,SELL,LIMIT,1702003655197,1159,0.4633092
PYTHUSDT,BUY,LIMIT,1702004027689,44,0.4785736
PYTHUSDT,BUY,LIMIT,1702004087522,1689,0.4821781
PYTHUSDT,BUY,LIMIT,1702004103234,405,0.4825467
PYTHUSDT,BUY,LIMIT,1702004406403,10948,0.4848579
PYTHUSDT,BUY,LIMIT,1702004461107,2029,0.4855726
PYTHUSDT,BUY,LIMIT,1702004464072,326,0.4856303
PYTHUSDT,BUY,LIMIT,1702004481208,1238,0.4860914
PYTHUSDT,BUY,LIMIT,1702004483394,500,0.4861676
PYTHUSDT,BUY,LIMIT,1702004487507,4370,0.4864665
PYTHUSDT,BUY,LIMIT,1702004647227,96,0.4881135
PYTHUSDT,BUY,LIMIT,1702004649745,130,0.4882315
PYTHUSDT,BUY,LIMIT,1702004651210,716,0.4887071
PYTHUSDT,BUY,LIMIT,1702004652943,350,0.4890717
PYTHUSDT,BUY,LIMIT,1702004658279,167,0.4891956
PYTHUSDT,BUY,LIMIT,1702004663051,4334,0.4894360
PYTHUSDT,BUY,LIMIT,1702004664361,143,0.4897478
PYTHUSDT,BUY,LIMIT,1702004666046,117,0.4898698
PYTHUSDT,BUY,LIMIT,1702004667101,472,0.4912628
PYTHUSDT,BUY,LIMIT,1702004668145,396,0.4904819
PYTHUSDT,BUY,LIMIT,1702004715408,1110,0.4925172
PYTHUSDT,BUY,LIMIT,1702004716452,39,0.4927706
PYTHUSDT,BUY,LIMIT,1702004720146,66,0.4932437
PYTHUSDT,BUY,LIMIT,1702004721196,2084,0.4939585
PYTHUSDT,BUY,LIMIT,1702004722321,42,0.4936549
PYTHUSDT,BUY,LIMIT,1702004729924,2352,0.4949651
PYTHUSDT,BUY,LIMIT,1702004732952,156,0.4948746
PYTHUSDT,BUY,LIMIT,1702004746346,280,0.4952845
PYTHUSDT,BUY,LIMIT,1702004747753,530,0.4956174
PYTHUSDT,BUY,LIMIT,1702004749185,215,0.4957042
PYTHUSDT,BUY,LIMIT,1702004771414,4807,0.4964319
PYTHUSDT,SELL,LIMIT,1702004899138,102,0.4778226
PYTHUSDT,SELL,LIMIT,1702004909268,84,0.4757504
PYTHUSDT,SELL,LIMIT,1702004919653,474,0.4751319
PYTHUSDT,SELL,LIMIT,1702005017757,1835,0.4738365
PYTHUSDT,SELL,LIMIT,1702005020268,3050,0.4731935
PYTHUSDT,SELL,LIMIT,1702005027867,63,0.4723285
PYTHUSDT,SELL,LIMIT,1702005059299,57,0.4716475
PYTHUSDT,SELL,LIMIT,1702005080344,300,0.4703376
PYTHUSDT,SELL,LIMIT,1702005082541,709,0.4700847
PYTHUSDT,SELL,LIMIT,1702005086293,440,0.4686734
PYTHUSDT,BUY,LIMIT,1702005181104,420,0.4852263
PYTHUSDT,BUY,LIMIT,1702005227241,6675,0.4870359
PYTHUSDT,BUY,LIMIT,1702005233131,645,0.4872576
PYTHUSDT,SELL,LIMIT,1702005420121,287,0.4714422
PYTHUSDT,BUY,LIMIT,1702005586746,10449,0.4890470
PYTHUSDT,BUY,LIMIT,1702005621282,15,0.4908461
PYTHUSDT,SELL,LIMIT,1702005735182,1217,0.4774789
PYTHUSDT,SELL,LIMIT,1702005747232,468,0.4765666
PYTHUSDT,SELL,LIMIT,1702006058166,197,0.4751005
PYTHUSDT,SELL,LIMIT,1702006165512,11,0.4732244
PYTHUSDT,BUY,LIMIT,1702006590353,9131,0.4906698
PYTHUSDT,BUY,LIMIT,1702006842310,144,0.4928566
PYTHUSDT,BUY,LIMIT,1702006867534,374,0.4944936
PYTHUSDT,BUY,LIMIT,1702006891164,39,0.4953494
PYTHUSDT,BUY,LIMIT,1702006955790,104,0.4965738
PYTHUSDT,BUY,LIMIT,1702006963117,117,0.4970301
PYTHUSDT,BUY,LIMIT,1702006964441,605,0.4969086
PYTHUSDT,BUY,LIMIT,1702006982073,238,0.4973002
PYTHUSDT,BUY,LIMIT,1702007076609,2006,0.4973886
PYTHUSDT,BUY,LIMIT,1702007084095,274,0.4977108
PYTHUSDT,BUY,LIMIT,1702007097265,78,0.4979076
PYTHUSDT,BUY,LIMIT,1702007100011,117,0.4982694
PYTHUSDT,BUY,LIMIT,1702007102917,306,0.4988048
PYTHUSDT,BUY,LIMIT,1702007107523,539,0.4985778
PYTHUSDT,SELL,LIMIT,1702007333035,340,0.4794923
PYTHUSDT,SELL,LIMIT,1702007334768,3977,0.4789314
PYTHUSDT,BUY,LIMIT,1702007584208,156,0.4940550
PYTHUSDT,BUY,LIMIT,1702007637601,496,0.4963065
PYTHUSDT,BUY,LIMIT,1702007677010,5226,0.4977613
PYTHUSDT,BUY,LIMIT,1702007686066,384,0.4990858
PYTHUSDT,BUY,LIMIT,1702007687543,24,0.4993471
PYTHUSDT,BUY,LIMIT,1702007689413,81,0.4996337
PYTHUSDT,BUY,LIMIT,1702007690473,204,0.5000861
PYTHUSDT,BUY,LIMIT,1702007692752,370,0.5001328
PYTHUSDT,SELL,LIMIT,1702007981245,4872,0.4793163
PYTHUSDT,SELL,LIMIT,1702008285896,408,0.4804224
PYTHUSDT,SELL,LIMIT,1702008288558,39,0.4802238
PYTHUSDT,SELL,LIMIT,1702008292447,10555,0.4808389
PYTHUSDT,BUY,LIMIT,1702008373230,1030,0.4993610
PYTHUSDT,BUY,LIMIT,1702008398165,476,0.5008726
PYTHUSDT,BUY,LIMIT,1702008405171,208,0.5012110
PYTHUSDT,BUY,LIMIT,1702008415030,324,0.5013843
PYTHUSDT,BUY,LIMIT,1702008418210,636,0.5014660
PYTHUSDT,BUY,LIMIT,1702008419460,880,0.5014889
PYTHUSDT,BUY,LIMIT,1702008447144,387,0.5018228
PYTHUSDT,BUY,LIMIT,1702008476132,169,0.5019382
PYTHUSDT,BUY,LIMIT,1702008579428,224,0.5024733
PYTHUSDT,BUY,LIMIT,1702008591080,52,0.5026519
PYTHUSDT,SELL,LIMIT,1702008950015,74,0.4851351
PYTHUSDT,SELL,LIMIT,1702008956240,250,0.4846331
PYTHUSDT,SELL,LIMIT,1702008983065,265,0.4843695
PYTHUSDT,SELL,LIMIT,1702008992783,112,0.4839488
PYTHUSDT,SELL,LIMIT,1702009296475,1561,0.4855043
PYTHUSDT,BUY,LIMIT,1702009843330,430,0.5016359
PYTHUSDT,BUY,LIMIT,1702010138075,446,0.5023946
PYTHUSDT,BUY,LIMIT,1702010145497,260,0.5030656
PYTHUSDT,BUY,LIMIT,1702010146588,240,0.5034194
PYTHUSDT,BUY,LIMIT,1702010149276,252,0.5037769
PYTHUSDT,BUY,LIMIT,1702010154079,981,0.5041964
PYTHUSDT,BUY,LIMIT,1702010155364,1260,0.5041992
PYTHUSDT,BUY,LIMIT,1702010158741,832,0.5044186
PYTHUSDT,BUY,LIMIT,1702010163939,2156,0.5046057
PYTHUSDT,BUY,LIMIT,1702010190616,2321,0.5054101
PYTHUSDT,BUY,LIMIT,1702010191828,464,0.5055151
PYTHUSDT,BUY,LIMIT,1702010196992,154,0.5056788
PYTHUSDT,BUY,LIMIT,1702010200412,550,0.5058827
PYTHUSDT,BUY,LIMIT,1702010212621,1110,0.5060081
PYTHUSDT,BUY,LIMIT,1702010228058,143,0.5061783
PYTHUSDT,BUY,LIMIT,1702010239816,260,0.5061949
PYTHUSDT,BUY,LIMIT,1702010251980,252,0.5066408
PYTHUSDT,BUY,LIMIT,1702010254087,187,0.5069041
PYTHUSDT,BUY,LIMIT,1702010255254,41,0.5067633
PYTHUSDT,BUY,LIMIT,1702010266107,1089,0.5071613
PYTHUSDT,BUY,LIMIT,1702010268646,140,0.5073130
PYTHUSDT,BUY,LIMIT,1702010310716,1962,0.5072970
PYTHUSDT,SELL,LIMIT,1702010327917,6,0.4921061
PYTHUSDT,BUY,LIMIT,1702010334773,1727,0.5073556
PYTHUSDT,BUY,LIMIT,1702010367312,7408,0.5075720
PYTHUSDT,BUY,LIMIT,1702010368460,418,0.5075712
PYTHUSDT,BUY,LIMIT,1702010369462,1210,0.5079178
PYTHUSDT,BUY,LIMIT,1702010393050,242,0.5084652
PYTHUSDT,BUY,LIMIT,1702010394390,187,0.5084156
PYTHUSDT,BUY,LIMIT,1702010401209,2882,0.5090133
PYTHUSDT,BUY,LIMIT,1702010402432,253,0.5091947
PYTHUSDT,BUY,LIMIT,1702010403490,156,0.5094348
PYTHUSDT,BUY,LIMIT,1702010405222,5145,0.5099303
PYTHUSDT,BUY,LIMIT,1702010406791,117,0.5102092
PYTHUSDT,BUY,LIMIT,1702010451211,737,0.5103935
PYTHUSDT,BUY,LIMIT,1702010455172,1580,0.5106904
PYTHUSDT,BUY,LIMIT,1702010457896,1122,0.5107931
PYTHUSDT,BUY,LIMIT,1702010564111,192,0.5109058
PYTHUSDT,BUY,LIMIT,1702010565120,341,0.5111463
PYTHUSDT,BUY,LIMIT,1702010566364,224,0.5111710
PYTHUSDT,BUY,LIMIT,1702010589179,39,0.5113629
PYTHUSDT,BUY,LIMIT,1702010592685,153,0.5116414
PYTHUSDT,BUY,LIMIT,1702010594396,52,0.5120433
PYTHUSDT,BUY,LIMIT,1702010598124,3469,0.5122502
PYTHUSDT,BUY,LIMIT,1702010599335,3948,0.5123994
PYTHUSDT,BUY,LIMIT,1702010602226,890,0.5124705
PYTHUSDT,BUY,LIMIT,1702010603321,416,0.5125668
PYTHUSDT,BUY,LIMIT,1702010605383,52,0.5134832
PYTHUSDT,BUY,LIMIT,1702010608372,156,0.5137118
PYTHUSDT,BUY,LIMIT,1702010609595,705,0.5137851
PYTHUSDT,BUY,LIMIT,1702010611219,176,0.5140061
PYTHUSDT,BUY,LIMIT,1702010615056,2590,0.5143497
PYTHUSDT,BUY,LIMIT,1702010616221,1460,0.5143747
PYTHUSDT,BUY,LIMIT,1702010617242,180,0.5147835
PYTHUSDT,BUY,LIMIT,1702010618253,130,0.5145243
PYTHUSDT,BUY,LIMIT,1702010619598,870,0.5150326
PYTHUSDT,BUY,LIMIT,1702010621151,1925,0.5155255
PYTHUSDT,BUY,LIMIT,1702010622358,407,0.5155677
PYTHUSDT,BUY,LIMIT,1702010624084,260,0.5159955
PYTHUSDT,BUY,LIMIT,1702010626433,85,0.5159830
PYTHUSDT,BUY,LIMIT,1702010628223,1048,0.5162335
PYTHUSDT,BUY,LIMIT,1702010629379,48,0.5161920
PYTHUSDT,BUY,LIMIT,1702010631056,270,0.5163157
PYTHUSDT,BUY,LIMIT,1702010632244,170,0.5163848
PYTHUSDT,BUY,LIMIT,1702010635243,253,0.5164194
PYTHUSDT,BUY,LIMIT,1702010638422,130,0.5164724
PYTHUSDT,BUY,LIMIT,1702010640194,143,0.5166464
PYTHUSDT,BUY,LIMIT,1702010641219,117,0.5165285
PYTHUSDT,BUY,LIMIT,1702010642901,235,0.5166783
PYTHUSDT,BUY,LIMIT,1702010662569,75,0.5167776
PYTHUSDT,BUY,LIMIT,1702010668503,260,0.5169643
PYTHUSDT,BUY,LIMIT,1702010672130,319,0.5172490
PYTHUSDT,BUY,LIMIT,1702010673300,143,0.5170643
PYTHUSDT,BUY,LIMIT,1702010685307,11040,0.5180571
PYTHUSDT,BUY,LIMIT,1702010686679,65,0.5175981
PYTHUSDT,BUY,LIMIT,1702010688544,130,0.5177678
PYTHUSDT,BUY,LIMIT,1702010691118,11495,0.5188915
PYTHUSDT,BUY,LIMIT,1702010692263,2450,0.5181017
PYTHUSDT,BUY,LIMIT,1702010705953,42,0.5182381
PYTHUSDT,BUY,LIMIT,1702010710707,1890,0.5183153
PYTHUSDT,BUY,LIMIT,1702010714054,242,0.5192385
PYTHUSDT,BUY,LIMIT,1702010715075,1000,0.5191919
PYTHUSDT,BUY,LIMIT,1702010717286,51,0.5199131
PYTHUSDT,BUY,LIMIT,1702010718414,1828,0.5203132
PYTHUSDT,BUY,LIMIT,1702010724285,176,0.5203639
PYTHUSDT,BUY,LIMIT,1702010742154,130,0.5207032
PYTHUSDT,BUY,LIMIT,1702010743280,917,0.5204948
PYTHUSDT,BUY,LIMIT,1702010745610,117,0.5212311
PYTHUSDT,BUY,LIMIT,1702010747212,7904,0.5214705
PYTHUSDT,BUY,LIMIT,1702010749052,3496,0.5215887
PYTHUSDT,BUY,LIMIT,1702010750257,550,0.5216939
PYTHUSDT,BUY,LIMIT,1702010751367,350,0.5218112
PYTHUSDT,BUY,LIMIT,1702010753177,208,0.5223056
PYTHUSDT,BUY,LIMIT,1702010754444,396,0.5227841
PYTHUSDT,BUY,LIMIT,1702010773311,285,0.5228925
PYTHUSDT,BUY,LIMIT,1702010775563,387,0.5231574
PYTHUSDT,BUY,LIMIT,1702010779357,126,0.5232405
PYTHUSDT,BUY,LIMIT,1702010785109,1575,0.5234991
PYTHUSDT,BUY,LIMIT,1702010786356,4950,0.5234467
PYTHUSDT,BUY,LIMIT,1702010787549,1638,0.5237555
PYTHUSDT,BUY,LIMIT,1702010788730,104,0.5238348
PYTHUSDT,BUY,LIMIT,1702010789812,588,0.5239775
PYTHUSDT,BUY,LIMIT,1702010794056,12928,0.5255990
PYTHUSDT,BUY,LIMIT,1702010795180,243,0.5243193
PYTHUSDT,SELL,LIMIT,1702010860086,187,0.5054655
PYTHUSDT,SELL,LIMIT,1702010892231,868,0.5036155
PYTHUSDT,SELL,LIMIT,1702010927142,36,0.5024505
PYTHUSDT,SELL,LIMIT,1702010941760,106,0.5018179
PYTHUSDT,BUY,LIMIT,1702011018129,156,0.5180330
PYTHUSDT,BUY,LIMIT,1702011135259,143,0.5234467
PYTHUSDT,BUY,LIMIT,1702011344313,4939,0.5238158
PYTHUSDT,BUY,LIMIT,1702011355618,270,0.5244875
PYTHUSDT,BUY,LIMIT,1702011357094,5250,0.5248833
PYTHUSDT,BUY,LIMIT,1702011358185,275,0.5251700
PYTHUSDT,BUY,LIMIT,1702011362177,220,0.5252236
PYTHUSDT,BUY,LIMIT,1702011394054,91,0.5254198
PYTHUSDT,BUY,LIMIT,1702011395109,153,0.5253665
PYTHUSDT,BUY,LIMIT,1702011396112,2524,0.5257201
PYTHUSDT,BUY,LIMIT,1702011397163,1692,0.5257825
PYTHUSDT,BUY,LIMIT,1702011398244,212,0.5260465
PYTHUSDT,BUY,LIMIT,1702011399267,747,0.5269414
PYTHUSDT,BUY,LIMIT,1702011400484,52,0.5269754
PYTHUSDT,BUY,LIMIT,1702011401654,52,0.5273740
PYTHUSDT,BUY,LIMIT,1702011407775,56,0.5275661
PYTHUSDT,BUY,LIMIT,1702011413981,68,0.5275976
PYTHUSDT,BUY,LIMIT,1702011422947,594,0.5276657
PYTHUSDT,BUY,LIMIT,1702011429795,60,0.5277848
PYTHUSDT,BUY,LIMIT,1702011431260,175,0.5278443
PYTHUSDT,BUY,LIMIT,1702011449836,91,0.5279080
PYTHUSDT,BUY,LIMIT,1702011450953,52,0.5279369
PYTHUSDT,BUY,LIMIT,1702011465246,1164,0.5284755
PYTHUSDT,BUY,LIMIT,1702011466540,143,0.5282611
PYTHUSDT,BUY,LIMIT,1702011469087,137,0.5289408
PYTHUSDT,BUY,LIMIT,1702011470129,358,0.5288641
PYTHUSDT,BUY,LIMIT,1702011472058,105,0.5300138
PYTHUSDT,BUY,LIMIT,1702011473189,104,0.5300433
PYTHUSDT,BUY,LIMIT,1702011474309,1155,0.5300554
PYTHUSDT,SELL,LIMIT,1702011560718,574,0.5100656
PYTHUSDT,SELL,LIMIT,1702011570186,48,0.5097041
PYTHUSDT,SELL,LIMIT,1702011588961,680,0.5088717
PYTHUSDT,SELL,LIMIT,1702011635181,3165,0.5063702
PYTHUSDT,SELL,LIMIT,1702011657177,2491,0.5042359
PYTHUSDT,BUY,LIMIT,1702011740023,76,0.5237343
PYTHUSDT,BUY,LIMIT,1702011865766,731,0.5255247
PYTHUSDT,BUY,LIMIT,1702011943390,9784,0.5264064
PYTHUSDT,SELL,LIMIT,1702012090373,430,0.5070942
PYTHUSDT,SELL,LIMIT,1702012127460,65,0.5058129
PYTHUSDT,SELL,LIMIT,1702012146304,297,0.5039292
PYTHUSDT,SELL,LIMIT,1702012153185,902,0.5036577
PYTHUSDT,SELL,LIMIT,1702012217872,3892,0.4998341
PYTHUSDT,SELL,LIMIT,1702012221932,2020,0.4993522
PYTHUSDT,SELL,LIMIT,1702012239387,3297,0.4983118
PYTHUSDT,SELL,LIMIT,1702012244818,2170,0.4978155
PYTHUSDT,SELL,LIMIT,1702012259213,220,0.4964756
PYTHUSDT,BUY,LIMIT,1702012544053,69,0.5190029
PYTHUSDT,SELL,LIMIT,1702012716290,691,0.5029824
PYTHUSDT,SELL,LIMIT,1702012779241,172,0.5016375
PYTHUSDT,BUY,LIMIT,1702012896646,91,0.5187177
PYTHUSDT,BUY,LIMIT,1702013183060,33,0.5200140
PYTHUSDT,BUY,LIMIT,1702013187289,602,0.5207821
PYTHUSDT,BUY,LIMIT,1702013305118,60,0.4428421
PYTHUSDT,SELL,LIMIT,1702013309211,675,0.5010128
PYTHUSDT,SELL,LIMIT,1702013489517,54,0.4990201
PYTHUSDT,SELL,LIMIT,1702013514103,74,0.4978263
PYTHUSDT,SELL,LIMIT,1702013523018,401,0.4968367
PYTHUSDT,SELL,LIMIT,1702013672785,2101,0.4963104
PYTHUSDT,SELL,LIMIT,1702013675343,3605,0.4951020
PYTHUSDT,SELL,LIMIT,1702013676356,5031,0.4960621
PYTHUSDT,SELL,LIMIT,1702013726877,28,0.4943585
PYTHUSDT,SELL,LIMIT,1702013730655,152,0.4939174
PYTHUSDT,SELL,LIMIT,1702013733104,606,0.4936798
PYTHUSDT,SELL,LIMIT,1702013757110,33324,0.4900640
PYTHUSDT,SELL,LIMIT,1702013758414,4168,0.4932557
PYTHUSDT,SELL,LIMIT,1702013762329,6993,0.4917253
PYTHUSDT,SELL,LIMIT,1702013764315,669,0.4908505
PYTHUSDT,SELL,LIMIT,1702013949140,1553,0.4899083
PYTHUSDT,SELL,LIMIT,1702013950344,413,0.4897982
PYTHUSDT,SELL,LIMIT,1702013961896,47321,0.4850888
PYTHUSDT,SELL,LIMIT,1702013964311,1688,0.4888729
PYTHUSDT,SELL,LIMIT,1702013991147,2705,0.4873125
PYTHUSDT,SELL,LIMIT,1702013999070,119,0.4847080
PYTHUSDT,SELL,LIMIT,1702014000253,1000,0.4849327
PYTHUSDT,SELL,LIMIT,1702014088392,51,0.4843214
PYTHUSDT,SELL,LIMIT,1702014092048,33,0.4839396
PYTHUSDT,SELL,LIMIT,1702014093306,217,0.4837285
PYTHUSDT,SELL,LIMIT,1702014101881,4129,0.4829731
PYTHUSDT,SELL,LIMIT,1702014112434,1292,0.4824933
PYTHUSDT,SELL,LIMIT,1702014113941,600,0.4823975
PYTHUSDT,SELL,LIMIT,1702014136560,252,0.4812426
PYTHUSDT,BUY,LIMIT,1702014193399,2143,0.4983464
PYTHUSDT,BUY,LIMIT,1702014396300,9231,0.4988764
PYTHUSDT,BUY,LIMIT,1702014460246,842,0.5009891
PYTHUSDT,SELL,LIMIT,1702014710381,4539,0.4839015
PYTHUSDT,SELL,LIMIT,1702015018596,866,0.4820476
PYTHUSDT,SELL,LIMIT,1702015046104,1017,0.4812046
PYTHUSDT,SELL,LIMIT,1702015051197,2371,0.4796634
PYTHUSDT,SELL,LIMIT,1702015054155,608,0.4788484
PYTHUSDT,SELL,LIMIT,1702015059112,30503,0.4747772
PYTHUSDT,SELL,LIMIT,1702015060419,14504,0.4760931
PYTHUSDT,SELL,LIMIT,1702015062610,3915,0.4774688
PYTHUSDT,SELL,LIMIT,1702015072620,78,0.4763966
PYTHUSDT,BUY,LIMIT,1702015236814,4883,0.4950210
PYTHUSDT,BUY,LIMIT,1702015458630,74,0.5006541
PYTHUSDT,BUY,LIMIT,1702015470429,870,0.5010263
PYTHUSDT,BUY,LIMIT,1702015538416,98,0.5020340
PYTHUSDT,SELL,LIMIT,1702015687736,993,0.4840788
PYTHUSDT,BUY,LIMIT,1702015900237,21,0.5022271
PYTHUSDT,BUY,LIMIT,1702015908998,2522,0.5025115
PYTHUSDT,BUY,LIMIT,1702015980931,1840,0.5037461
PYTHUSDT,BUY,LIMIT,1702016011585,626,0.5040089
PYTHUSDT,SELL,LIMIT,1702016194207,171,0.4836848
PYTHUSDT,BUY,LIMIT,1702016410069,1822,0.5015927
PYTHUSDT,BUY,LIMIT,1702017033990,8151,0.5027435
PYTHUSDT,BUY,LIMIT,1702017122107,210,0.5036016
PYTHUSDT,BUY,LIMIT,1702017150997,1173,0.5043216
PYTHUSDT,BUY,LIMIT,1702017161764,10111,0.5051300
PYTHUSDT,BUY,LIMIT,1702017166145,123,0.5056173
PYTHUSDT,BUY,LIMIT,1702017187417,19349,0.5085571
PYTHUSDT,BUY,LIMIT,1702017204249,569,0.5065599
PYTHUSDT,BUY,LIMIT,1702017210848,1341,0.5069696
PYTHUSDT,BUY,LIMIT,1702017230002,352,0.5077498
PYTHUSDT,BUY,LIMIT,1702017403433,305,0.5102404
PYTHUSDT,SELL,LIMIT,1702017692851,314,0.4908790
PYTHUSDT,BUY,LIMIT,1702017928293,1620,0.5104285
PYTHUSDT,BUY,LIMIT,1702017963086,124,0.5117034
PYTHUSDT,BUY,LIMIT,1702017990012,797,0.5127003
PYTHUSDT,BUY,LIMIT,1702018018729,1233,0.5142869
PYTHUSDT,BUY,LIMIT,1702018051027,11,0.5130824
PYTHUSDT,SELL,LIMIT,1702018274420,41,0.4952952
PYTHUSDT,SELL,LIMIT,1702018311404,516,0.4941721
PYTHUSDT,SELL,LIMIT,1702018796924,106,0.4950680
PYTHUSDT,SELL,LIMIT,1702018852398,101,0.4934330
PYTHUSDT,SELL,LIMIT,1702018863062,4117,0.4931340
PYTHUSDT,SELL,LIMIT,1702019650770,647,0.4903942
PYTHUSDT,BUY,LIMIT,1702019720577,13,0.5029954
PYTHUSDT,SELL,LIMIT,1702019848084,159,0.4891617
PYTHUSDT,SELL,LIMIT,1702020189300,73,0.4875751
PYTHUSDT,SELL,LIMIT,1702020202998,15,0.4857578
PYTHUSDT,SELL,LIMIT,1702020217590,498,0.4854844
PYTHUSDT,SELL,LIMIT,1702020223544,4651,0.4851881
PYTHUSDT,BUY,LIMIT,1702020318301,15,0.5022852
PYTHUSDT,SELL,LIMIT,1702020419265,35,0.4844112
PYTHUSDT,SELL,LIMIT,1702020629893,17,0.4842261
PYTHUSDT,SELL,LIMIT,1702020668237,42,0.4835616
PYTHUSDT,BUY,LIMIT,1702020800917,423,0.5006112
PYTHUSDT,BUY,LIMIT,1702020920883,5116,0.5027066
PYTHUSDT,BUY,LIMIT,1702021355009,248,0.5080094
PYTHUSDT,SELL,LIMIT,1702021811510,18,0.4874536
PYTHUSDT,SELL,LIMIT,1702022337394,584,0.4833796
PYTHUSDT,SELL,LIMIT,1702022359605,1524,0.4829252
PYTHUSDT,SELL,LIMIT,1702022371234,172,0.4819321
PYTHUSDT,SELL,LIMIT,1702022428210,3775,0.4807474
PYTHUSDT,SELL,LIMIT,1702022430020,59,0.4802695
PYTHUSDT,SELL,LIMIT,1702022442159,1707,0.4799662
PYTHUSDT,SELL,LIMIT,1702022467216,3434,0.4791405
PYTHUSDT,SELL,LIMIT,1702022468260,36,0.4790629
PYTHUSDT,SELL,LIMIT,1702022504284,654,0.4778485
PYTHUSDT,SELL,LIMIT,1702022507005,4410,0.4772855
PYTHUSDT,SELL,LIMIT,1702022552362,6121,0.4775725
PYTHUSDT,BUY,LIMIT,1702022575763,464,0.4936939
PYTHUSDT,SELL,LIMIT,1702023060747,406,0.4775529
PYTHUSDT,BUY,LIMIT,1702023226545,405,0.4971525
PYTHUSDT,BUY,LIMIT,1702023515418,1697,0.5004334
PYTHUSDT,BUY,LIMIT,1702023537988,73,0.5006198
PYTHUSDT,BUY,LIMIT,1702024328335,7489,0.5038504
PYTHUSDT,BUY,LIMIT,1702024383391,22,0.5069497
PYTHUSDT,SELL,LIMIT,1702024518589,1596,0.4914426
PYTHUSDT,SELL,LIMIT,1702024523268,163,0.4910356
PYTHUSDT,SELL,LIMIT,1702024609732,458,0.4886813
PYTHUSDT,SELL,LIMIT,1702025349663,427,0.4853837
PYTHUSDT,SELL,LIMIT,1702025935026,204,0.4824612
PYTHUSDT,SELL,LIMIT,1702025936309,333,0.4821179
PYTHUSDT,SELL,LIMIT,1702025939313,146,0.4817521
PYTHUSDT,SELL,LIMIT,1702025944231,10059,0.4812230
PYTHUSDT,BUY,LIMIT,1702026091439,37,0.4998874
PYTHUSDT,BUY,LIMIT,1702026474039,473,0.5021037
PYTHUSDT,BUY,LIMIT,1702026989313,1379,0.5036811
PYTHUSDT,SELL,LIMIT,1702028119103,1885,0.4899837
PYTHUSDT,SELL,LIMIT,1702028225240,423,0.4875603
PYTHUSDT,BUY,LIMIT,1702028872828,2459,0.5032423
PYTHUSDT,BUY,LIMIT,1702028911225,6301,0.5040222
PYTHUSDT,BUY,LIMIT,1702029080718,1445,0.5068406
PYTHUSDT,BUY,LIMIT,1702029085500,1779,0.5070024
PYTHUSDT,BUY,LIMIT,1702029248412,13,0.5095615
PYTHUSDT,BUY,LIMIT,1702029257389,491,0.5102596
PYTHUSDT,BUY,LIMIT,1702029266848,346,0.5109398
PYTHUSDT,SELL,LIMIT,1702029714533,2708,0.4813696
PYTHUSDT,SELL,LIMIT,1702029716270,1562,0.4808646
PYTHUSDT,SELL,LIMIT,1702029722831,10162,0.4805597
PYTHUSDT,SELL,LIMIT,1702030242683,13,0.4813750
PYTHUSDT,SELL,LIMIT,1702030644340,1450,0.4804573
PYTHUSDT,SELL,LIMIT,1702030647203,73,0.4803432
PYTHUSDT,SELL,LIMIT,1702030650194,47,0.4801885
PYTHUSDT,SELL,LIMIT,1702030664072,336,0.4796483
PYTHUSDT,SELL,LIMIT,1702030698433,513,0.4786247
PYTHUSDT,SELL,LIMIT,1702030704350,7616,0.4778675
PYTHUSDT,SELL,LIMIT,1702030705397,5309,0.4772972
PYTHUSDT,SELL,LIMIT,1702030710063,155,0.4769263
PYTHUSDT,SELL,LIMIT,1702030730153,470,0.4765749
PYTHUSDT,SELL,LIMIT,1702030731867,116,0.4762415
PYTHUSDT,SELL,LIMIT,1702031603156,252,0.4783377
PYTHUSDT,SELL,LIMIT,1702031784590,1623,0.4767753
PYTHUSDT,SELL,LIMIT,1702031833680,206,0.4758361
PYTHUSDT,SELL,LIMIT,1702032068071,9746,0.4759874
PYTHUSDT,SELL,LIMIT,1702032121978,32,0.4756749
PYTHUSDT,SELL,LIMIT,1702032123077,196,0.4756209
PYTHUSDT,SELL,LIMIT,1702032124533,135,0.4751803
PYTHUSDT,BUY,LIMIT,1702032195310,1697,0.4917129
PYTHUSDT,BUY,LIMIT,1702033799097,175,0.4964965
PYTHUSDT,BUY,LIMIT,1702033873572,275,0.4972862
PYTHUSDT,BUY,LIMIT,1702034454567,1734,0.5003044
PYTHUSDT,BUY,LIMIT,1702034769520,110,0.5002282
PYTHUSDT,BUY,LIMIT,1702034786437,3349,0.5007083
PYTHUSDT,BUY,LIMIT,1702034792772,2050,0.5013063
PYTHUSDT,BUY,LIMIT,1702035169244,268,0.5047175
PYTHUSDT,BUY,LIMIT,1702035208368,28379,0.5085489
PYTHUSDT,BUY,LIMIT,1702035628039,17,0.5062353
PYTHUSDT,SELL,LIMIT,1702035905276,33,0.4876847
PYTHUSDT,SELL,LIMIT,1702035906830,3893,0.4870729
PYTHUSDT,SELL,LIMIT,1702036876991,983,0.4862957
PYTHUSDT,SELL,LIMIT,1702036885453,1970,0.4861942
PYTHUSDT,SELL,LIMIT,1702036929683,1009,0.4858585
PYTHUSDT,SELL,LIMIT,1702036980328,487,0.4851701
PYTHUSDT,SELL,LIMIT,1702036988066,32,0.4846918
PYTHUSDT,SELL,LIMIT,1702037084616,1081,0.4833125
PYTHUSDT,SELL,LIMIT,1702037166430,307,0.4815277
PYTHUSDT,SELL,LIMIT,1702038391243,1500,0.4809977
PYTHUSDT,SELL,LIMIT,1702038719570,206,0.4792264
PYTHUSDT,SELL,LIMIT,1702038871475,108,0.4787256
PYTHUSDT,SELL,LIMIT,1702038890247,12,0.4785147
PYTHUSDT,SELL,LIMIT,1702039022764,106,0.4771334
PYTHUSDT,BUY,LIMIT,1702039097275,24,0.4923587
PYTHUSDT,SELL,LIMIT,1702040510844,35,0.4791058
PYTHUSDT,SELL,LIMIT,1702040773322,91,0.4758595
PYTHUSDT,SELL,LIMIT,1702040799294,223,0.4755661
PYTHUSDT,SELL,LIMIT,1702041020271,303,0.4746388
PYTHUSDT,SELL,LIMIT,1702041021328,3868,0.4733796
PYTHUSDT,SELL,LIMIT,1702041022565,1565,0.4723869
PYTHUSDT,SELL,LIMIT,1702041023843,3500,0.4704324
PYTHUSDT,SELL,LIMIT,1702041025018,150,0.4703651
PYTHUSDT,SELL,LIMIT,1702041046191,3828,0.4702075
PYTHUSDT,SELL,LIMIT,1702041052113,872,0.4696917
PYTHUSDT,SELL,LIMIT,1702041053229,19,0.4698411
PYTHUSDT,SELL,LIMIT,1702041065772,285,0.4693625
PYTHUSDT,SELL,LIMIT,1702041066943,12,0.4685589
PYTHUSDT,SELL,LIMIT,1702041069132,912,0.4682721
PYTHUSDT,SELL,LIMIT,1702041086679,25,0.4678002
PYTHUSDT,SELL,LIMIT,1702041091342,62,0.4677586
PYTHUSDT,SELL,LIMIT,1702041094172,1639,0.4675762
PYTHUSDT,SELL,LIMIT,1702041573785,938,0.4675533
PYTHUSDT,SELL,LIMIT,1702041596408,200,0.4671798
PYTHUSDT,SELL,LIMIT,1702041597516,8470,0.4669571
PYTHUSDT,BUY,LIMIT,1702041967589,26,0.4845005
PYTHUSDT,SELL,LIMIT,1702042247114,2144,0.4682111
PYTHUSDT,SELL,LIMIT,1702042574606,3719,0.4768176
PYTHUSDT,SELL,LIMIT,1702042707701,3447,0.4713658
PYTHUSDT,BUY,LIMIT,1702043396571,114,0.4917714
PYTHUSDT,SELL,LIMIT,1702043859348,374,0.4743464
PYTHUSDT,SELL,LIMIT,1702043886574,38,0.4733587
PYTHUSDT,SELL,LIMIT,1702044365911,1404,0.4733724
PYTHUSDT,SELL,LIMIT,1702044426220,696,0.4731310
PYTHUSDT,SELL,LIMIT,1702044453050,258,0.4718478
PYTHUSDT,SELL,LIMIT,1702044492448,220,0.4708135
PYTHUSDT,SELL,LIMIT,1702044540586,9828,0.4682986
PYTHUSDT,SELL,LIMIT,1702044542839,12,0.4682827
PYTHUSDT,SELL,LIMIT,1702044554870,41,0.4669980
PYTHUSDT,SELL,LIMIT,1702044557400,581,0.4669969
PYTHUSDT,SELL,LIMIT,1702044778405,1328,0.4674920
PYTHUSDT,BUY,LIMIT,1702045120289,1428,0.4885742
PYTHUSDT,BUY,LIMIT,1702045129196,100,0.4894995
PYTHUSDT,SELL,LIMIT,1702045596348,625,0.4757287
PYTHUSDT,BUY,LIMIT,1702047560085,135,0.4942560
PYTHUSDT,BUY,LIMIT,1702047567028,208,0.4945206
PYTHUSDT,SELL,LIMIT,1702048568763,71,0.4749737
PYTHUSDT,SELL,LIMIT,1702049148142,104,0.4724565
PYTHUSDT,SELL,LIMIT,1702049209211,141,0.4711273
PYTHUSDT,SELL,LIMIT,1702049248268,155,0.4698778
PYTHUSDT,SELL,LIMIT,1702049258563,3236,0.4695757
PYTHUSDT,SELL,LIMIT,1702049482183,100,0.4696481
PYTHUSDT,SELL,LIMIT,1702049499721,146,0.4690869
PYTHUSDT,SELL,LIMIT,1702049824980,1033,0.4719073
PYTHUSDT,SELL,LIMIT,1702049852343,1041,0.4704961
PYTHUSDT,SELL,LIMIT,1702050513408,155,0.4711683
PYTHUSDT,SELL,LIMIT,1702050572042,416,0.4700369
PYTHUSDT,SELL,LIMIT,1702050587114,51,0.4695159
PYTHUSDT,SELL,LIMIT,1702050626391,25,0.4682363
PYTHUSDT,SELL,LIMIT,1702050749307,1741,0.4660095
PYTHUSDT,SELL,LIMIT,1702050750340,338,0.4641361
PYTHUSDT,SELL,LIMIT,1702050751356,82,0.4638390
PYTHUSDT,SELL,LIMIT,1702050752660,889,0.4634249
PYTHUSDT,SELL,LIMIT,1702051214044,805,0.4632684
PYTHUSDT,SELL,LIMIT,1702051232142,27099,0.4601500
PYTHUSDT,SELL,LIMIT,1702051236062,229,0.4624800
PYTHUSDT,SELL,LIMIT,1702051237405,3209,0.4623944
PYTHUSDT,SELL,LIMIT,1702051238884,19125,0.4602345
PYTHUSDT,BUY,LIMIT,1702051953230,1392,0.4814212
PYTHUSDT,BUY,LIMIT,1702052500460,187,0.4827772
PYTHUSDT,BUY,LIMIT,1702052873303,319,0.4835710
PYTHUSDT,BUY,LIMIT,1702053117052,73,0.4872307
PYTHUSDT,BUY,LIMIT,1702053517596,70,0.4875544
PYTHUSDT,BUY,LIMIT,1702053982205,257,0.4886349
PYTHUSDT,SELL,LIMIT,1702054214356,13,0.5063323
PYTHUSDT,SELL,LIMIT,1702054229404,192,0.4696596
PYTHUSDT,SELL,LIMIT,1702055242911,1040,0.4714352
PYTHUSDT,SELL,LIMIT,1702055303271,50,0.4688737
PYTHUSDT,SELL,LIMIT,1702055305148,12541,0.4677058
PYTHUSDT,BUY,LIMIT,1702055494464,9097,0.4854254
PYTHUSDT,SELL,LIMIT,1702056418344,13178,0.4707360
PYTHUSDT,BUY,LIMIT,1702057312288,638,0.4873210
PYTHUSDT,BUY,LIMIT,1702057881759,557,0.4897752
PYTHUSDT,SELL,LIMIT,1702059013149,10416,0.4704961
PYTHUSDT,SELL,LIMIT,1702059480666,19,0.4687741
PYTHUSDT,SELL,LIMIT,1702059826517,10474,0.4674505
PYTHUSDT,SELL,LIMIT,1702060077822,371,0.4665597
PYTHUSDT,SELL,LIMIT,1702060116343,231,0.4663049
PYTHUSDT,SELL,LIMIT,1702060369652,1171,0.4658852
PYTHUSDT,BUY,LIMIT,1702061135172,199,0.4828598
PYTHUSDT,BUY,LIMIT,1702061152174,21,0.4832775
PYTHUSDT,BUY,LIMIT,1702062342341,67,0.4827404
PYTHUSDT,BUY,LIMIT,1702062949500,10506,0.4850691
PYTHUSDT,SELL,LIMIT,1702063811574,142,0.4681950
PYTHUSDT,SELL,LIMIT,1702063893324,59,0.4679317
PYTHUSDT,BUY,LIMIT,1702064119097,1229,0.4854248
PYTHUSDT,BUY,LIMIT,1702064163226,38,0.4865920
PYTHUSDT,BUY,LIMIT,1702065176473,46,0.4879743
PYTHUSDT,SELL,LIMIT,1702065528583,939,0.4891230
PYTHUSDT,BUY,LIMIT,1702066188638,85,0.4897959
PYTHUSDT,BUY,LIMIT,1702067190789,257,0.4897214
PYTHUSDT,BUY,LIMIT,1702067346662,24,0.4903489
PYTHUSDT,BUY,LIMIT,1702068237818,123,0.4920144
PYTHUSDT,SELL,LIMIT,1702069419461,511,0.4739281
PYTHUSDT,SELL,LIMIT,1702069560636,5539,0.4724363
PYTHUSDT,SELL,LIMIT,1702070542829,18,0.4721621
PYTHUSDT,SELL,LIMIT,1702070546378,7271,0.4718304
PYTHUSDT,BUY,LIMIT,1702070632588,49,0.4882385
PYTHUSDT,BUY,LIMIT,1702070775670,75,0.4874759
PYTHUSDT,SELL,LIMIT,1702071741011,2511,0.4749241
PYTHUSDT,SELL,LIMIT,1702071768946,5199,0.4730407
PYTHUSDT,BUY,LIMIT,1702071869127,7692,0.4884221
PYTHUSDT,SELL,LIMIT,1702072141696,895,0.4728285
PYTHUSDT,SELL,LIMIT,1702073263421,1346,0.4709745
PYTHUSDT,SELL,LIMIT,1702073355220,186,0.4708882
PYTHUSDT,SELL,LIMIT,1702073426209,54,0.4704346
PYTHUSDT,SELL,LIMIT,1702073432347,160,0.4693869
PYTHUSDT,SELL,LIMIT,1702073433428,2341,0.4692219
PYTHUSDT,SELL,LIMIT,1702073447912,3138,0.4690537
PYTHUSDT,SELL,LIMIT,1702073460463,4606,0.4687888
PYTHUSDT,SELL,LIMIT,1702074606848,1098,0.4664588
PYTHUSDT,BUY,LIMIT,1702075533575,306,0.4803730
PYTHUSDT,SELL,LIMIT,1702076013587,84,0.4646149
PYTHUSDT,SELL,LIMIT,1702076022933,47,0.4644783
PYTHUSDT,SELL,LIMIT,1702076034548,180,0.4638830
PYTHUSDT,SELL,LIMIT,1702076088065,30,0.4844835
PYTHUSDT,SELL,LIMIT,1702076671268,785,0.4626182
PYTHUSDT,SELL,LIMIT,1702076700105,14937,0.4606739
PYTHUSDT,SELL,LIMIT,1702076725965,1071,0.4615875
PYTHUSDT,BUY,LIMIT,1702077461400,42,0.4791528
PYTHUSDT,SELL,LIMIT,1702078109565,2218,0.4612455
PYTHUSDT,SELL,LIMIT,1702078115583,12,0.4610854
PYTHUSDT,SELL,LIMIT,1702078603074,4271,0.4627705
PYTHUSDT,SELL,LIMIT,1702079453893,1231,0.4608277
PYTHUSDT,SELL,LIMIT,1702079463568,2837,0.4604435
PYTHUSDT,SELL,LIMIT,1702079474618,46,0.4602571
PYTHUSDT,SELL,LIMIT,1702079564046,22911,0.4575365
PYTHUSDT,SELL,LIMIT,1702079569505,2239,0.4600454
PYTHUSDT,SELL,LIMIT,1702079571081,231,0.4596996
PYTHUSDT,SELL,LIMIT,1702079577243,1661,0.4596201
PYTHUSDT,SELL,LIMIT,1702079578377,1653,0.4595881
PYTHUSDT,SELL,LIMIT,1702079579469,168,0.4594347
PYTHUSDT,SELL,LIMIT,1702079580553,394,0.4588318
PYTHUSDT,SELL,LIMIT,1702079582104,12,0.4581350
PYTHUSDT,SELL,LIMIT,1702079793285,14,0.4580169
PYTHUSDT,SELL,LIMIT,1702079794372,8061,0.4574723
PYTHUSDT,SELL,LIMIT,1702079798166,2344,0.4569087
PYTHUSDT,SELL,LIMIT,1702079806177,14,0.4567403
PYTHUSDT,SELL,LIMIT,1702079807236,2081,0.4566726
PYTHUSDT,BUY,LIMIT,1702081569895,42,0.4784369
PYTHUSDT,BUY,LIMIT,1702081585139,12,0.4787026
PYTHUSDT,BUY,LIMIT,1702081630328,532,0.4793060
PYTHUSDT,BUY,LIMIT,1702081797269,42058,0.4865613
PYTHUSDT,BUY,LIMIT,1702081800786,3602,0.4831348
PYTHUSDT,BUY,LIMIT,1702082941886,137,0.4869545
PYTHUSDT,BUY,LIMIT,1702083125369,361,0.4881782
PYTHUSDT,SELL,LIMIT,1702083476718,30,0.4708882
PYTHUSDT,SELL,LIMIT,1702083584519,1044,0.4690258
PYTHUSDT,SELL,LIMIT,1702083711195,628,0.4671568
PYTHUSDT,SELL,LIMIT,1702084102763,40,0.4645243
PYTHUSDT,SELL,LIMIT,1702084103788,20,0.4636822
PYTHUSDT,SELL,LIMIT,1702087257992,126,0.4632924
PYTHUSDT,SELL,LIMIT,1702087275836,214,0.4632874
PYTHUSDT,SELL,LIMIT,1702087334512,13,0.4625633
PYTHUSDT,SELL,LIMIT,1702088171921,6462,0.4620209
PYTHUSDT,SELL,LIMIT,1702091249426,25,0.4697647
PYTHUSDT,SELL,LIMIT,1702091871789,104,0.4655191
PYTHUSDT,SELL,LIMIT,1702094739091,173,0.4706420
PYTHUSDT,SELL,LIMIT,1702099310181,800,0.4670417
PYTHUSDT,SELL,LIMIT,1702099411580,12,0.4657257
PYTHUSDT,SELL,LIMIT,1702099448412,2395,0.4653489
PYTHUSDT,SELL,LIMIT,1702099476051,2159,0.4650034
PYTHUSDT,SELL,LIMIT,1702099557478,240,0.4646361
PYTHUSDT,SELL,LIMIT,1702099644627,925,0.4642170
PYTHUSDT,BUY,LIMIT,1702101200168,1135,0.4817488
PYTHUSDT,SELL,LIMIT,1702102337543,27,0.4721391
PYTHUSDT,BUY,LIMIT,1702103462897,74,0.4850040
PYTHUSDT,BUY,LIMIT,1702103530603,2318,0.4831839
PYTHUSDT,SELL,LIMIT,1702105324051,2060,0.4676451
PYTHUSDT,BUY,LIMIT,1702105609506,18,0.4845683
PYTHUSDT,SELL,LIMIT,1702106468317,2427,0.4690214
PYTHUSDT,SELL,LIMIT,1702106470091,908,0.4688298
PYTHUSDT,BUY,LIMIT,1702107029230,10210,0.4846432
PYTHUSDT,BUY,LIMIT,1702107526857,196,0.4858113
PYTHUSDT,BUY,LIMIT,1702107641180,17373,0.4878776
PYTHUSDT,BUY,LIMIT,1702107788101,76,0.4876733
PYTHUSDT,BUY,LIMIT,1702107789246,2310,0.4876427
PYTHUSDT,SELL,LIMIT,1702107979364,1280,0.4785204
PYTHUSDT,BUY,LIMIT,1702108034614,426,0.4904330
PYTHUSDT,BUY,LIMIT,1702108932381,6885,0.4932699
PYTHUSDT,BUY,LIMIT,1702108979240,1701,0.4942690
PYTHUSDT,BUY,LIMIT,1702108981171,15,0.4948544
PYTHUSDT,BUY,LIMIT,1702109022871,199,0.4958460
PYTHUSDT,BUY,LIMIT,1702109025047,12,0.4959509
PYTHUSDT,BUY,LIMIT,1702109048096,1944,0.4971159
PYTHUSDT,BUY,LIMIT,1702109244834,319,0.4961725
PYTHUSDT,SELL,LIMIT,1702109387204,177,0.4806391
PYTHUSDT,BUY,LIMIT,1702109514575,11,0.4943030
PYTHUSDT,BUY,LIMIT,1702109724003,247,0.4913858
PYTHUSDT,BUY,LIMIT,1702109775353,155,0.4923587
PYTHUSDT,SELL,LIMIT,1702109780750,19,0.4779242
PYTHUSDT,SELL,LIMIT,1702109918754,1391,0.4749333
PYTHUSDT,SELL,LIMIT,1702109975185,4342,0.4737951
PYTHUSDT,SELL,LIMIT,1702109981092,1687,0.4725758
PYTHUSDT,SELL,LIMIT,1702110127889,10413,0.4701910
PYTHUSDT,SELL,LIMIT,1702110133172,57,0.4688157
PYTHUSDT,SELL,LIMIT,1702110134260,202,0.4661326
PYTHUSDT,SELL,LIMIT,1702110276219,3242,0.4693187
PYTHUSDT,SELL,LIMIT,1702110688479,144,0.4661028
PYTHUSDT,SELL,LIMIT,1702110708277,411,0.4648614
PYTHUSDT,SELL,LIMIT,1702110718246,412,0.4642585
PYTHUSDT,SELL,LIMIT,1702110725173,447,0.4641612
PYTHUSDT,SELL,LIMIT,1702110832103,12,0.4639028
PYTHUSDT,SELL,LIMIT,1702110834837,170,0.4638461
PYTHUSDT,SELL,LIMIT,1702110843339,42,0.4636080
PYTHUSDT,SELL,LIMIT,1702110850349,750,0.4633823
PYTHUSDT,SELL,LIMIT,1702110851382,26,0.4632976
PYTHUSDT,SELL,LIMIT,1702110852599,263,0.4631872
PYTHUSDT,SELL,LIMIT,1702110853927,1381,0.4626867
PYTHUSDT,SELL,LIMIT,1702110856283,290,0.4624072
PYTHUSDT,SELL,LIMIT,1702110857344,257,0.4620108
PYTHUSDT,SELL,LIMIT,1702110874796,4498,0.4620477
PYTHUSDT,SELL,LIMIT,1702110879471,2218,0.4616583
PYTHUSDT,SELL,LIMIT,1702110881372,6456,0.4614382
PYTHUSDT,SELL,LIMIT,1702110884030,780,0.4608348
PYTHUSDT,SELL,LIMIT,1702110910123,62,0.4602696
PYTHUSDT,SELL,LIMIT,1702110914805,536,0.4600510
PYTHUSDT,SELL,LIMIT,1702110921079,1377,0.4599655
PYTHUSDT,SELL,LIMIT,1702110924770,2000,0.4594251
PYTHUSDT,SELL,LIMIT,1702110972386,2437,0.4586797
PYTHUSDT,SELL,LIMIT,1702110973447,1568,0.4586396
PYTHUSDT,SELL,LIMIT,1702110977161,990,0.4584043
PYTHUSDT,SELL,LIMIT,1702110978487,2292,0.4577653
PYTHUSDT,SELL,LIMIT,1702110979600,925,0.4577630
PYTHUSDT,SELL,LIMIT,1702110980664,168,0.4533326
PYTHUSDT,SELL,LIMIT,1702110982120,1168,0.4529460
PYTHUSDT,SELL,LIMIT,1702110983152,1128,0.4523280
PYTHUSDT,SELL,LIMIT,1702110984259,841,0.4508592
PYTHUSDT,SELL,LIMIT,1702111029134,97,0.4534581
PYTHUSDT,SELL,LIMIT,1702111037421,3553,0.4531704
PYTHUSDT,SELL,LIMIT,1702111039810,1074,0.4527729
PYTHUSDT,SELL,LIMIT,1702111042191,207,0.4528829
PYTHUSDT,SELL,LIMIT,1702111043735,807,0.4526463
PYTHUSDT,SELL,LIMIT,1702111048116,3384,0.4525749
PYTHUSDT,SELL,LIMIT,1702111069463,342,0.4538463
PYTHUSDT,SELL,LIMIT,1702111070760,10395,0.4540857
PYTHUSDT,SELL,LIMIT,1702111378592,23,0.4536367
PYTHUSDT,SELL,LIMIT,1702111381651,9234,0.4535389
PYTHUSDT,SELL,LIMIT,1702111385198,25912,0.4507518
PYTHUSDT,SELL,LIMIT,1702111387721,1235,0.4528965
PYTHUSDT,SELL,LIMIT,1702111389148,58,0.4517523
PYTHUSDT,SELL,LIMIT,1702111390502,210,0.4514888
PYTHUSDT,SELL,LIMIT,1702111394554,5798,0.4511711
PYTHUSDT,SELL,LIMIT,1702112075511,719,0.4565633
PYTHUSDT,SELL,LIMIT,1702112330419,456,0.4554168
PYTHUSDT,SELL,LIMIT,1702112346644,1089,0.4542287
PYTHUSDT,BUY,LIMIT,1702113715067,124,0.4749120
PYTHUSDT,SELL,LIMIT,1702114647434,4112,0.4580746
PYTHUSDT,SELL,LIMIT,1702114667586,334,0.4563813
PYTHUSDT,SELL,LIMIT,1702114824726,67,0.4547389
PYTHUSDT,SELL,LIMIT,1702115030017,4934,0.4534681
PYTHUSDT,SELL,LIMIT,1702115101586,581,0.4518646
PYTHUSDT,SELL,LIMIT,1702115608123,1252,0.4512048
PYTHUSDT,SELL,LIMIT,1702115612363,2669,0.4507187
PYTHUSDT,SELL,LIMIT,1702115615236,41,0.4502893
PYTHUSDT,SELL,LIMIT,1702115619458,1125,0.4500226
PYTHUSDT,SELL,LIMIT,1702115629778,10041,0.4497393
PYTHUSDT,SELL,LIMIT,1702115639139,21,0.4494473
PYTHUSDT,SELL,LIMIT,1702115640287,36,0.4494887
PYTHUSDT,BUY,LIMIT,1702116130032,118,0.4669913
PYTHUSDT,BUY,LIMIT,1702117162233,5164,0.4690693
PYTHUSDT,SELL,LIMIT,1702117817360,1033,0.4521197
PYTHUSDT,SELL,LIMIT,1702119252800,9599,0.4547290
PYTHUSDT,SELL,LIMIT,1702121034506,78,0.4534004
PYTHUSDT,SELL,LIMIT,1702121131484,2709,0.4519245
PYTHUSDT,SELL,LIMIT,1702121138272,118,0.4518000
PYTHUSDT,BUY,LIMIT,1702122578309,381,0.4703953
PYTHUSDT,BUY,LIMIT,1702122781534,21,0.4707012
PYTHUSDT,BUY,LIMIT,1702122789456,21,0.4715047
PYTHUSDT,SELL,LIMIT,1702123694218,303,0.4559820
PYTHUSDT,SELL,LIMIT,1702124255250,1060,0.4553030
PYTHUSDT,SELL,LIMIT,1702124270999,1614,0.4550411
PYTHUSDT,SELL,LIMIT,1702124429899,285,0.4535795
PYTHUSDT,SELL,LIMIT,1702125472529,574,0.4564459
PYTHUSDT,SELL,LIMIT,1702127908096,55,0.4566278
PYTHUSDT,SELL,LIMIT,1702129058393,1702,0.4586564
PYTHUSDT,BUY,LIMIT,1702130232983,788,0.4761081
PYTHUSDT,BUY,LIMIT,1702130786590,18,0.4772664
PYTHUSDT,BUY,LIMIT,1702131039296,2773,0.4775315
PYTHUSDT,BUY,LIMIT,1702131140580,462,0.4786718
PYTHUSDT,BUY,LIMIT,1702131213685,3226,0.4802701
PYTHUSDT,BUY,LIMIT,1702131235801,1093,0.4806317
PYTHUSDT,SELL,LIMIT,1702131704069,4232,0.4629011
PYTHUSDT,SELL,LIMIT,1702132044543,10393,0.4612416
PYTHUSDT,SELL,LIMIT,1702132074370,188,0.4607511
PYTHUSDT,SELL,LIMIT,1702132080763,768,0.4605961
PYTHUSDT,SELL,LIMIT,1702132452920,506,0.4594199
PYTHUSDT,SELL,LIMIT,1702132606237,250,0.4573615
PYTHUSDT,SELL,LIMIT,1702132610401,10665,0.4570218
PYTHUSDT,SELL,LIMIT,1702132692108,853,0.4558754
PYTHUSDT,SELL,LIMIT,1702132693458,5215,0.4557435
PYTHUSDT,SELL,LIMIT,1702132704328,782,0.4544165
PYTHUSDT,SELL,LIMIT,1702132868326,1100,0.4538860
PYTHUSDT,SELL,LIMIT,1702132991235,277,0.4520987
PYTHUSDT,SELL,LIMIT,1702132993456,495,0.4519676
PYTHUSDT,SELL,LIMIT,1702132998323,628,0.4519002
PYTHUSDT,SELL,LIMIT,1702133001985,9868,0.4519634
PYTHUSDT,SELL,LIMIT,1702133003433,15000,0.4507763
PYTHUSDT,SELL,LIMIT,1702133004636,994,0.4510401
PYTHUSDT,SELL,LIMIT,1702133337553,541,0.4506515
PYTHUSDT,SELL,LIMIT,1702133371146,267,0.4500710
