Symbol,Side,Order Type,Time,Quantity,Price
PYTHUSDT,BUY,LIMIT,1700845667438,53,0.5308516
PYTHUSDT,BUY,LIMIT,1700845701620,192,0.5309556
PYTHUSDT,BUY,LIMIT,1700845709947,228,0.5313949
PYTHUSDT,SELL,LIMIT,1700846181233,346,0.5138192
PYTHUSDT,SELL,LIMIT,1700846186087,16,0.5136101
PYTHUSDT,BUY,LIMIT,1700846754467,34,0.5312138
PYTHUSDT,SELL,LIMIT,1700847263170,106,0.5152029
PYTHUSDT,BUY,LIMIT,1700847790323,29,0.5339166
PYTHUSDT,BUY,LIMIT,1700847905948,200,0.5321645
PYTHUSDT,BUY,LIMIT,1700847983640,500,0.5319010
PYTHUSDT,SELL,LIMIT,1700848218714,3985,0.5142053
PYTHUSDT,SELL,LIMIT,1700848223444,113,0.5129998
PYTHUSDT,SELL,LIMIT,1700848412969,3314,0.5109321
PYTHUSDT,SELL,LIMIT,1700848417723,10,0.5098022
PYTHUSDT,SELL,LIMIT,1700848430444,79,0.5095734
PYTHUSDT,BUY,LIMIT,1700848637796,2694,0.5278483
PYTHUSDT,BUY,LIMIT,1700848640461,47,0.5288957
PYTHUSDT,SELL,LIMIT,1700849347654,1217,0.5092451
PYTHUSDT,BUY,LIMIT,1700849665556,504,0.5269251
PYTHUSDT,BUY,LIMIT,1700849785064,169,0.5298714
PYTHUSDT,BUY,LIMIT,1700849809275,180,0.5302140
PYTHUSDT,SELL,LIMIT,1700849843715,962,0.5113376
PYTHUSDT,SELL,LIMIT,1700849963883,1162,0.5083615
PYTHUSDT,BUY,LIMIT,1700850371628,80,0.5271067
PYTHUSDT,BUY,LIMIT,1700850928011,1489,0.5300412
PYTHUSDT,SELL,LIMIT,1700851249128,17,0.5116055
PYTHUSDT,SELL,LIMIT,1700852737397,91,0.5088613
PYTHUSDT,SELL,LIMIT,1700853399210,5498,0.5071804
PYTHUSDT,SELL,LIMIT,1700853400389,6531,0.5067481
PYTHUSDT,SELL,LIMIT,1700853443134,146,0.5054849
PYTHUSDT,SELL,LIMIT,1700853448412,1452,0.5054268
PYTHUSDT,SELL,LIMIT,1700853452525,55,0.5052824
PYTHUSDT,SELL,LIMIT,1700853456902,608,0.5046870
PYTHUSDT,SELL,LIMIT,1700853459762,68,0.5045681
PYTHUSDT,SELL,LIMIT,1700853482194,479,0.5042867
PYTHUSDT,SELL,LIMIT,1700853483595,11,0.5042150
PYTHUSDT,SELL,LIMIT,1700853491660,101,0.5038337
PYTHUSDT,SELL,LIMIT,1700853528423,14,0.5032646
PYTHUSDT,SELL,LIMIT,1700853757807,200,0.5036672
PYTHUSDT,SELL,LIMIT,1700853829192,237,0.5030368
PYTHUSDT,SELL,LIMIT,1700853830497,763,0.5027367
PYTHUSDT,SELL,LIMIT,1700853843137,681,0.5026307
PYTHUSDT,SELL,LIMIT,1700853847782,25,0.5024659
PYTHUSDT,SELL,LIMIT,1700853849052,195,0.5016992
PYTHUSDT,SELL,LIMIT,1700853850074,66,0.5009767
PYTHUSDT,SELL,LIMIT,1700853851228,103,0.5014948
PYTHUSDT,SELL,LIMIT,1700853854011,2684,0.5003789
PYTHUSDT,SELL,LIMIT,1700853855073,136,0.4996081
PYTHUSDT,SELL,LIMIT,1700853856405,150,0.5000168
PYTHUSDT,SELL,LIMIT,1700853894704,96,0.4994652
PYTHUSDT,BUY,LIMIT,1700854039423,107,0.5186062
PYTHUSDT,BUY,LIMIT,1700854645602,932,0.5216653
PYTHUSDT,SELL,LIMIT,1700855123661,216,0.5037381
PYTHUSDT,SELL,LIMIT,1700856780777,30,0.5036472
PYTHUSDT,SELL,LIMIT,1700856830354,9759,0.5009613
PYTHUSDT,SELL,LIMIT,1700856832664,1240,0.5008764
PYTHUSDT,SELL,LIMIT,1700856843060,115,0.5008914
PYTHUSDT,SELL,LIMIT,1700856852022,79,0.5006837
PYTHUSDT,SELL,LIMIT,1700856890080,9711,0.4999643
PYTHUSDT,SELL,LIMIT,1700856892681,39,0.4992262
PYTHUSDT,SELL,LIMIT,1700856893721,1412,0.4975469
PYTHUSDT,SELL,LIMIT,1700856895173,29,0.4946077
PYTHUSDT,SELL,LIMIT,1700856896177,347,0.4940550
PYTHUSDT,SELL,LIMIT,1700856897184,4870,0.4903101
PYTHUSDT,SELL,LIMIT,1700856898190,2119,0.4878733
PYTHUSDT,SELL,LIMIT,1700856924231,1583,0.4880278
PYTHUSDT,SELL,LIMIT,1700856937403,735,0.4871660
PYTHUSDT,SELL,LIMIT,1700856939216,152,0.4866653
PYTHUSDT,SELL,LIMIT,1700856940351,173,0.4863871
PYTHUSDT,SELL,LIMIT,1700856941351,282,0.4858691
PYTHUSDT,SELL,LIMIT,1700856942620,9744,0.4853276
PYTHUSDT,SELL,LIMIT,1700856944067,74,0.4844104
PYTHUSDT,SELL,LIMIT,1700856945072,14,0.4837168
PYTHUSDT,SELL,LIMIT,1700856947520,3871,0.4831976
PYTHUSDT,SELL,LIMIT,1700856950145,336,0.4816920
PYTHUSDT,SELL,LIMIT,1700856951200,37,0.4804647
PYTHUSDT,SELL,LIMIT,1700856952699,70,0.4784812
PYTHUSDT,BUY,LIMIT,1700856974350,4190,0.4968850
PYTHUSDT,SELL,LIMIT,1700857109844,115,0.4793077
PYTHUSDT,BUY,LIMIT,1700857141522,362,0.4973072
PYTHUSDT,BUY,LIMIT,1700857366821,2276,0.4978330
PYTHUSDT,SELL,LIMIT,1700857471225,163,0.4830334
PYTHUSDT,BUY,LIMIT,1700857474709,746,0.4988394
PYTHUSDT,BUY,LIMIT,1700857598878,221,0.5001704
PYTHUSDT,SELL,LIMIT,1700857675645,299,0.4821038
PYTHUSDT,SELL,LIMIT,1700857791153,265,0.4799954
PYTHUSDT,BUY,LIMIT,1700857817433,582,0.4963336
PYTHUSDT,BUY,LIMIT,1700858160537,45,0.5009374
PYTHUSDT,BUY,LIMIT,1700858179127,2147,0.5010726
PYTHUSDT,SELL,LIMIT,1700858533049,550,0.4836321
PYTHUSDT,SELL,LIMIT,1700858534702,7464,0.4827898
PYTHUSDT,SELL,LIMIT,1700858540699,653,0.4814634
PYTHUSDT,BUY,LIMIT,1700858948475,14,0.5016995
PYTHUSDT,BUY,LIMIT,1700858967244,663,0.5021376
PYTHUSDT,BUY,LIMIT,1700858975269,14,0.5032191
PYTHUSDT,BUY,LIMIT,1700858990325,1012,0.5035772
PYTHUSDT,BUY,LIMIT,1700858992862,132,0.5037466
PYTHUSDT,BUY,LIMIT,1700859017162,2180,0.5047811
PYTHUSDT,BUY,LIMIT,1700859018458,38,0.5047915
PYTHUSDT,BUY,LIMIT,1700859060608,207,0.5090012
PYTHUSDT,BUY,LIMIT,1700859076048,768,0.5100633
PYTHUSDT,BUY,LIMIT,1700859078144,1490,0.5106231
PYTHUSDT,BUY,LIMIT,1700860189161,220,0.5130457
PYTHUSDT,SELL,LIMIT,1700860662233,71,0.4908710
PYTHUSDT,BUY,LIMIT,1700860681152,17,0.5069568
PYTHUSDT,SELL,LIMIT,1700862656302,956,0.4854981
PYTHUSDT,SELL,LIMIT,1700862657666,823,0.4840199
PYTHUSDT,SELL,LIMIT,1700862857471,130,0.4836495
PYTHUSDT,SELL,LIMIT,1700862859365,195,0.4823041
PYTHUSDT,SELL,LIMIT,1700863329588,1513,0.4846283
PYTHUSDT,SELL,LIMIT,1700863565147,263,0.4813163
PYTHUSDT,SELL,LIMIT,1700863601240,121,0.4804498
PYTHUSDT,SELL,LIMIT,1700863602368,10000,0.4800041
PYTHUSDT,SELL,LIMIT,1700863609361,624,0.4785548
PYTHUSDT,SELL,LIMIT,1700863611168,1876,0.4771530
PYTHUSDT,SELL,LIMIT,1700863612541,10,0.4763598
PYTHUSDT,SELL,LIMIT,1700863614341,38,0.4759718
PYTHUSDT,SELL,LIMIT,1700863615347,3076,0.4752342
PYTHUSDT,SELL,LIMIT,1700863618130,1304,0.4745934
PYTHUSDT,SELL,LIMIT,1700863619283,178,0.4746456
PYTHUSDT,SELL,LIMIT,1700863620306,287,0.4742182
PYTHUSDT,SELL,LIMIT,1700863623648,76,0.4729298
PYTHUSDT,SELL,LIMIT,1700863625163,794,0.4721753
PYTHUSDT,SELL,LIMIT,1700863626233,37996,0.4685863
PYTHUSDT,SELL,LIMIT,1700863629268,212,0.4718896
PYTHUSDT,SELL,LIMIT,1700863630703,7791,0.4718324
PYTHUSDT,SELL,LIMIT,1700863671407,365,0.4713163
PYTHUSDT,SELL,LIMIT,1700863672884,2866,0.4712411
PYTHUSDT,SELL,LIMIT,1700863674217,134,0.4710449
PYTHUSDT,BUY,LIMIT,1700863724270,949,0.4897149
PYTHUSDT,SELL,LIMIT,1700863958331,35,0.4755071
PYTHUSDT,BUY,LIMIT,1700864251078,348,0.4906907
PYTHUSDT,BUY,LIMIT,1700864468083,5373,0.4924572
PYTHUSDT,SELL,LIMIT,1700864849066,9305,0.4722799
PYTHUSDT,SELL,LIMIT,1700866088945,47169,0.4720826
PYTHUSDT,SELL,LIMIT,1700866421164,117,0.4746520
PYTHUSDT,SELL,LIMIT,1700866647628,452,0.4705119
PYTHUSDT,SELL,LIMIT,1700866655611,1200,0.4705900
PYTHUSDT,SELL,LIMIT,1700866656954,2250,0.4701905
PYTHUSDT,SELL,LIMIT,1700866658257,6499,0.4697216
PYTHUSDT,SELL,LIMIT,1700866659381,133,0.4691708
PYTHUSDT,SELL,LIMIT,1700866660781,134,0.4679608
PYTHUSDT,SELL,LIMIT,1700866668148,24376,0.4650922
PYTHUSDT,SELL,LIMIT,1700866670073,96,0.4677437
PYTHUSDT,SELL,LIMIT,1700866671255,19,0.4670113
PYTHUSDT,SELL,LIMIT,1700866675441,7922,0.4658043
PYTHUSDT,SELL,LIMIT,1700866676839,1229,0.4655469
PYTHUSDT,SELL,LIMIT,1700866678123,158,0.4650685
PYTHUSDT,SELL,LIMIT,1700866680394,12085,0.4641348
PYTHUSDT,SELL,LIMIT,1700866682074,681,0.4639485
PYTHUSDT,SELL,LIMIT,1700866683110,975,0.4633804
PYTHUSDT,BUY,LIMIT,1700866692229,364,0.4802777
PYTHUSDT,SELL,LIMIT,1700867105011,80,0.4646981
PYTHUSDT,SELL,LIMIT,1700867107228,1004,0.4633075
PYTHUSDT,SELL,LIMIT,1700867108339,5974,0.4618666
PYTHUSDT,SELL,LIMIT,1700867112568,14954,0.4600467
PYTHUSDT,SELL,LIMIT,1700867113622,2959,0.4605513
PYTHUSDT,SELL,LIMIT,1700867154340,20,0.4600082
PYTHUSDT,SELL,LIMIT,1700867160907,340,0.4596360
PYTHUSDT,SELL,LIMIT,1700867162042,41,0.4589667
PYTHUSDT,SELL,LIMIT,1700867163233,1244,0.4576715
PYTHUSDT,SELL,LIMIT,1700867167081,1058,0.4575343
PYTHUSDT,SELL,LIMIT,1700867168128,1838,0.4573381
PYTHUSDT,SELL,LIMIT,1700867183183,125,0.4687070
PYTHUSDT,SELL,LIMIT,1700867195035,632,0.4598428
PYTHUSDT,SELL,LIMIT,1700867203434,1570,0.4590887
PYTHUSDT,SELL,LIMIT,1700867262089,8777,0.4569215
PYTHUSDT,SELL,LIMIT,1700867263412,919,0.4570395
PYTHUSDT,SELL,LIMIT,1700867270342,95,0.4564603
PYTHUSDT,SELL,LIMIT,1700867275368,95,0.4561290
PYTHUSDT,SELL,LIMIT,1700867387899,86,0.4563312
PYTHUSDT,SELL,LIMIT,1700867396377,16,0.4560871
PYTHUSDT,SELL,LIMIT,1700867413065,111,0.4563201
PYTHUSDT,BUY,LIMIT,1700867480063,7221,0.4721726
PYTHUSDT,BUY,LIMIT,1700867590726,21,0.4762655
PYTHUSDT,BUY,LIMIT,1700867883654,9195,0.4795272
PYTHUSDT,BUY,LIMIT,1700867887744,39,0.4816603
PYTHUSDT,BUY,LIMIT,1700868063413,1276,0.4876899
PYTHUSDT,BUY,LIMIT,1700868112202,209,0.4893485
PYTHUSDT,BUY,LIMIT,1700868264286,21,0.4892329
PYTHUSDT,BUY,LIMIT,1700868282103,775,0.4901032
PYTHUSDT,BUY,LIMIT,1700868297143,66,0.4906804
PYTHUSDT,BUY,LIMIT,1700868304831,10000,0.4912376
PYTHUSDT,SELL,LIMIT,1700868604383,43,0.4732652
PYTHUSDT,SELL,LIMIT,1700868628586,456,0.4723595
PYTHUSDT,SELL,LIMIT,1700869715691,11,0.4700220
PYTHUSDT,SELL,LIMIT,1700869716713,10342,0.4670183
PYTHUSDT,BUY,LIMIT,1700870144383,54,0.4883032
PYTHUSDT,SELL,LIMIT,1700870683048,8808,0.4714763
PYTHUSDT,SELL,LIMIT,1700870687405,261,0.4710599
PYTHUSDT,BUY,LIMIT,1700871271889,2606,0.4864446
PYTHUSDT,BUY,LIMIT,1700872697093,8059,0.4923595
PYTHUSDT,BUY,LIMIT,1700872699235,5632,0.4924379
PYTHUSDT,BUY,LIMIT,1700872722122,10436,0.4960089
PYTHUSDT,BUY,LIMIT,1700872723218,101,0.4949435
PYTHUSDT,BUY,LIMIT,1700872724349,2,0.4969091
PYTHUSDT,SELL,LIMIT,1700872813222,496,0.4812727
PYTHUSDT,SELL,LIMIT,1700872816430,30,0.4811315
PYTHUSDT,BUY,LIMIT,1700873597813,1527,0.4992654
PYTHUSDT,BUY,LIMIT,1700873599861,14,0.5002888
PYTHUSDT,BUY,LIMIT,1700873613937,117,0.5019456
PYTHUSDT,BUY,LIMIT,1700874100939,12939,0.5067030
PYTHUSDT,BUY,LIMIT,1700874122052,331,0.5066443
PYTHUSDT,BUY,LIMIT,1700874188774,8192,0.5076815
PYTHUSDT,SELL,LIMIT,1700874226140,200,0.4964209
PYTHUSDT,BUY,LIMIT,1700874266654,127,0.5098046
PYTHUSDT,BUY,LIMIT,1700874268140,3138,0.5099466
PYTHUSDT,BUY,LIMIT,1700874274068,4387,0.5107741
PYTHUSDT,BUY,LIMIT,1700874276881,84,0.5110175
PYTHUSDT,BUY,LIMIT,1700874708196,4373,0.5129810
PYTHUSDT,BUY,LIMIT,1700874719143,15,0.5134692
PYTHUSDT,SELL,LIMIT,1700874934447,44,0.4944082
PYTHUSDT,SELL,LIMIT,1700874955056,3961,0.4907165
PYTHUSDT,SELL,LIMIT,1700875013808,4184,0.4882502
PYTHUSDT,BUY,LIMIT,1700875123580,629,0.5056079
PYTHUSDT,BUY,LIMIT,1700875149899,1463,0.5062996
PYTHUSDT,BUY,LIMIT,1700875300185,382,0.5068939
PYTHUSDT,BUY,LIMIT,1700875358429,1512,0.5086892
PYTHUSDT,BUY,LIMIT,1700875590784,189,0.5083489
PYTHUSDT,BUY,LIMIT,1700877182478,18,0.5120739
PYTHUSDT,BUY,LIMIT,1700877315329,93,0.5141319
PYTHUSDT,SELL,LIMIT,1700877488661,386,0.4979873
PYTHUSDT,SELL,LIMIT,1700877692987,110,0.4963757
PYTHUSDT,SELL,LIMIT,1700877705961,982,0.4952843
PYTHUSDT,SELL,LIMIT,1700877757413,544,0.4963710
PYTHUSDT,SELL,LIMIT,1700878701484,44,0.4997705
PYTHUSDT,SELL,LIMIT,1700878861358,251,0.4966056
PYTHUSDT,SELL,LIMIT,1700878888270,579,0.4959380
PYTHUSDT,BUY,LIMIT,1700879061153,30,0.5161352
PYTHUSDT,BUY,LIMIT,1700879222791,8846,0.5194211
PYTHUSDT,BUY,LIMIT,1700879231293,70,0.5205506
PYTHUSDT,BUY,LIMIT,1700879237140,938,0.5206234
PYTHUSDT,BUY,LIMIT,1700879238989,1111,0.5214702
PYTHUSDT,BUY,LIMIT,1700879392104,62,0.5232451
PYTHUSDT,BUY,LIMIT,1700879393109,321,0.5227490
PYTHUSDT,BUY,LIMIT,1700879444247,9781,0.5237916
PYTHUSDT,BUY,LIMIT,1700879449065,1957,0.5242330
PYTHUSDT,BUY,LIMIT,1700879594262,38157,0.5288899
PYTHUSDT,BUY,LIMIT,1700879631857,300,0.5254691
PYTHUSDT,SELL,LIMIT,1700880590372,631,0.5003468
PYTHUSDT,SELL,LIMIT,1700881248530,4930,0.4972094
PYTHUSDT,SELL,LIMIT,1700881453129,800,0.4928041
PYTHUSDT,SELL,LIMIT,1700881454165,2590,0.4920493
PYTHUSDT,SELL,LIMIT,1700881456858,367,0.4919979
PYTHUSDT,SELL,LIMIT,1700881555651,270,0.4906156
PYTHUSDT,SELL,LIMIT,1700881557282,58,0.4902875
PYTHUSDT,SELL,LIMIT,1700882138620,672,0.4902939
PYTHUSDT,SELL,LIMIT,1700882454094,249,0.4894970
PYTHUSDT,SELL,LIMIT,1700882465658,518,0.4888535
PYTHUSDT,SELL,LIMIT,1700882468051,82,0.4882351
PYTHUSDT,SELL,LIMIT,1700882481720,1573,0.4881911
PYTHUSDT,SELL,LIMIT,1700882514273,2815,0.4873782
PYTHUSDT,SELL,LIMIT,1700882662074,18884,0.4834353
PYTHUSDT,SELL,LIMIT,1700882663383,2996,0.4856036
PYTHUSDT,SELL,LIMIT,1700882848037,965,0.4848813
PYTHUSDT,SELL,LIMIT,1700882862799,33,0.4844001
PYTHUSDT,SELL,LIMIT,1700883207442,67,0.4836451
PYTHUSDT,BUY,LIMIT,1700883309261,290,0.5016213
PYTHUSDT,BUY,LIMIT,1700883314512,689,0.5021158
PYTHUSDT,BUY,LIMIT,1700883322165,9734,0.5028192
PYTHUSDT,BUY,LIMIT,1700883368320,410,0.5037826
PYTHUSDT,SELL,LIMIT,1700883468113,195,0.4857469
PYTHUSDT,SELL,LIMIT,1700883717969,133,0.4838959
PYTHUSDT,SELL,LIMIT,1700883962135,1341,0.4826588
PYTHUSDT,SELL,LIMIT,1700883963329,7057,0.4823682
PYTHUSDT,SELL,LIMIT,1700884676164,1470,0.4817153
PYTHUSDT,SELL,LIMIT,1700884678758,413,0.4815677
PYTHUSDT,SELL,LIMIT,1700884680062,142,0.4814997
PYTHUSDT,SELL,LIMIT,1700884741038,1241,0.4813087
PYTHUSDT,SELL,LIMIT,1700884846829,1813,0.4808226
PYTHUSDT,SELL,LIMIT,1700884918442,407,0.4803634
PYTHUSDT,SELL,LIMIT,1700884919723,126,0.4799040
PYTHUSDT,SELL,LIMIT,1700884953062,179,0.4797210
PYTHUSDT,SELL,LIMIT,1700884957767,160,0.4796835
PYTHUSDT,SELL,LIMIT,1700884972166,99,0.4786543
PYTHUSDT,SELL,LIMIT,1700884973176,272,0.4781825
PYTHUSDT,SELL,LIMIT,1700884981623,136,0.4776380
PYTHUSDT,SELL,LIMIT,1700885086928,2883,0.4769997
PYTHUSDT,SELL,LIMIT,1700885088814,3015,0.4766905
PYTHUSDT,BUY,LIMIT,1700885463394,22,0.4948069
PYTHUSDT,SELL,LIMIT,1700885717138,57,0.4773161
PYTHUSDT,SELL,LIMIT,1700885768335,62,0.4758197
PYTHUSDT,BUY,LIMIT,1700886225318,41,0.4920966
PYTHUSDT,SELL,LIMIT,1700886377466,1581,0.4747456
PYTHUSDT,SELL,LIMIT,1700886378688,301,0.4743760
PYTHUSDT,SELL,LIMIT,1700886379967,582,0.4731512
PYTHUSDT,SELL,LIMIT,1700886382322,1595,0.4722091
PYTHUSDT,BUY,LIMIT,1700886736362,59,0.4896045
PYTHUSDT,BUY,LIMIT,1700886778059,300,0.4910842
PYTHUSDT,SELL,LIMIT,1700887019682,2505,0.4743761
PYTHUSDT,SELL,LIMIT,1700887196234,4371,0.4720625
PYTHUSDT,SELL,LIMIT,1700887444474,4435,0.4714280
PYTHUSDT,SELL,LIMIT,1700887522281,3184,0.4711527
PYTHUSDT,SELL,LIMIT,1700887698667,12,0.4709633
PYTHUSDT,SELL,LIMIT,1700887711597,290,0.4708539
PYTHUSDT,SELL,LIMIT,1700887712696,36,0.4700754
PYTHUSDT,SELL,LIMIT,1700887714391,141,0.4688412
PYTHUSDT,SELL,LIMIT,1700887715455,21,0.4689732
PYTHUSDT,SELL,LIMIT,1700887719948,84,0.4669015
PYTHUSDT,SELL,LIMIT,1700887772834,4268,0.4663145
PYTHUSDT,SELL,LIMIT,1700887775341,62,0.4657113
PYTHUSDT,SELL,LIMIT,1700887777166,3251,0.4642792
PYTHUSDT,BUY,LIMIT,1700888033876,4861,0.4879537
PYTHUSDT,BUY,LIMIT,1700888167959,2002,0.4908892
PYTHUSDT,BUY,LIMIT,1700888390002,806,0.4927224
PYTHUSDT,SELL,LIMIT,1700888479431,413,0.4827592
PYTHUSDT,SELL,LIMIT,1700888731316,335,0.4752616
PYTHUSDT,SELL,LIMIT,1700888989110,29,0.4741470
PYTHUSDT,SELL,LIMIT,1700888995962,59,0.4739281
PYTHUSDT,BUY,LIMIT,1700889286598,955,0.4916511
PYTHUSDT,SELL,LIMIT,1700889675625,418,0.4747177
PYTHUSDT,BUY,LIMIT,1700890205250,171,0.4944206
PYTHUSDT,BUY,LIMIT,1700890276055,787,0.4961948
PYTHUSDT,BUY,LIMIT,1700890432084,4892,0.4978028
PYTHUSDT,BUY,LIMIT,1700890433614,96,0.4978863
PYTHUSDT,BUY,LIMIT,1700890937445,244,0.4995303
PYTHUSDT,BUY,LIMIT,1700891014403,23,0.5006367
PYTHUSDT,BUY,LIMIT,1700891032399,1738,0.5007580
PYTHUSDT,SELL,LIMIT,1700891165357,81,0.4838261
PYTHUSDT,SELL,LIMIT,1700891523619,3103,0.4806158
PYTHUSDT,SELL,LIMIT,1700891586493,908,0.4803944
PYTHUSDT,SELL,LIMIT,1700891607107,181,0.4787091
PYTHUSDT,SELL,LIMIT,1700891612364,956,0.4779620
PYTHUSDT,SELL,LIMIT,1700891613855,1643,0.4776323
PYTHUSDT,SELL,LIMIT,1700892536231,956,0.4765360
PYTHUSDT,SELL,LIMIT,1700892558708,7892,0.4756636
PYTHUSDT,SELL,LIMIT,1700892597311,180,0.4748520
PYTHUSDT,SELL,LIMIT,1700893688520,2558,0.4734391
PYTHUSDT,SELL,LIMIT,1700893717519,54,0.4724095
PYTHUSDT,SELL,LIMIT,1700893718946,287,0.4722944
PYTHUSDT,SELL,LIMIT,1700893741059,3619,0.4712598
PYTHUSDT,SELL,LIMIT,1700894318716,1016,0.4727251
PYTHUSDT,BUY,LIMIT,1700894790963,317,0.4880625
PYTHUSDT,BUY,LIMIT,1700894958295,2146,0.4920354
PYTHUSDT,BUY,LIMIT,1700895547029,733,0.4935582
PYTHUSDT,BUY,LIMIT,1700896144001,701,0.4998877
PYTHUSDT,BUY,LIMIT,1700896163238,20,0.5003700
PYTHUSDT,SELL,LIMIT,1700896225212,1309,0.4818612
PYTHUSDT,SELL,LIMIT,1700896279591,1048,0.4811680
PYTHUSDT,SELL,LIMIT,1700896385284,500,0.4805331
PYTHUSDT,SELL,LIMIT,1700896411648,1460,0.4804172
PYTHUSDT,SELL,LIMIT,1700897272342,258,0.4803008
PYTHUSDT,SELL,LIMIT,1700897399246,1053,0.4780705
PYTHUSDT,BUY,LIMIT,1700898055131,1897,0.4968396
PYTHUSDT,BUY,LIMIT,1700898377269,22,0.4995457
PYTHUSDT,BUY,LIMIT,1700899229072,51,0.5004322
PYTHUSDT,BUY,LIMIT,1700899230175,818,0.5006088
PYTHUSDT,BUY,LIMIT,1700899235157,1967,0.5008463
PYTHUSDT,SELL,LIMIT,1700900764160,3417,0.4824162
PYTHUSDT,SELL,LIMIT,1700900766238,793,0.4819365
PYTHUSDT,SELL,LIMIT,1700900767714,22,0.4812103
PYTHUSDT,SELL,LIMIT,1700900785399,824,0.4809931
PYTHUSDT,SELL,LIMIT,1700901020051,956,0.4806389
PYTHUSDT,BUY,LIMIT,1700902062733,49,0.5017666
PYTHUSDT,BUY,LIMIT,1700902064343,585,0.5016005
PYTHUSDT,SELL,LIMIT,1700902622805,844,0.4849366
PYTHUSDT,SELL,LIMIT,1700902693344,130,0.4842030
PYTHUSDT,SELL,LIMIT,1700902913376,594,0.4818778
PYTHUSDT,SELL,LIMIT,1700902991551,452,0.4812636
PYTHUSDT,SELL,LIMIT,1700903088593,217,0.4792885
PYTHUSDT,SELL,LIMIT,1700903107144,39,0.4791043
PYTHUSDT,SELL,LIMIT,1700903108776,1093,0.4783480
PYTHUSDT,SELL,LIMIT,1700903110383,1155,0.4779802
PYTHUSDT,SELL,LIMIT,1700903153061,11,0.4768512
PYTHUSDT,SELL,LIMIT,1700903163996,6992,0.4766475
PYTHUSDT,SELL,LIMIT,1700903819173,262,0.4757848
PYTHUSDT,SELL,LIMIT,1700903821029,817,0.4751031
PYTHUSDT,SELL,LIMIT,1700904293784,1902,0.4742142
PYTHUSDT,SELL,LIMIT,1700904307758,21,0.4741529
PYTHUSDT,SELL,LIMIT,1700904356371,539,0.4739002
PYTHUSDT,BUY,LIMIT,1700905077772,636,0.4898779
PYTHUSDT,BUY,LIMIT,1700905082713,509,0.4900092
PYTHUSDT,BUY,LIMIT,1700905139261,33,0.4905238
PYTHUSDT,BUY,LIMIT,1700905182214,298,0.4907873
PYTHUSDT,BUY,LIMIT,1700905428448,1995,0.4914925
PYTHUSDT,BUY,LIMIT,1700905856345,230,0.4948728
PYTHUSDT,SELL,LIMIT,1700906524439,304,0.4776488
PYTHUSDT,SELL,LIMIT,1700906629324,1753,0.4765711
PYTHUSDT,SELL,LIMIT,1700907089858,41,0.4750033
PYTHUSDT,SELL,LIMIT,1700907094326,113,0.4744998
PYTHUSDT,SELL,LIMIT,1700907116428,56,0.4733514
PYTHUSDT,SELL,LIMIT,1700907142197,1335,0.4724816
PYTHUSDT,SELL,LIMIT,1700907144159,2280,0.4712902
PYTHUSDT,SELL,LIMIT,1700907147022,679,0.4705122
PYTHUSDT,SELL,LIMIT,1700907206392,159,0.4703040
PYTHUSDT,SELL,LIMIT,1700907230624,16,0.4696932
PYTHUSDT,SELL,LIMIT,1700907238525,4154,0.4694963
PYTHUSDT,SELL,LIMIT,1700907243507,156,0.4694590
PYTHUSDT,SELL,LIMIT,1700907699102,2958,0.4713604
PYTHUSDT,SELL,LIMIT,1700908132525,768,0.4696091
PYTHUSDT,SELL,LIMIT,1700908144133,1022,0.4685357
PYTHUSDT,SELL,LIMIT,1700908145283,130,0.4687097
PYTHUSDT,SELL,LIMIT,1700908147237,2030,0.4677572
PYTHUSDT,SELL,LIMIT,1700908150427,102,0.4677301
PYTHUSDT,SELL,LIMIT,1700908155327,1404,0.4674924
PYTHUSDT,SELL,LIMIT,1700908168253,143,0.4673700
PYTHUSDT,SELL,LIMIT,1700908173602,5254,0.4672235
PYTHUSDT,SELL,LIMIT,1700908174897,1017,0.4671748
PYTHUSDT,BUY,LIMIT,1700909330130,2408,0.4843091
PYTHUSDT,BUY,LIMIT,1700909862538,105,0.4864872
PYTHUSDT,BUY,LIMIT,1700909865438,557,0.4868148
PYTHUSDT,BUY,LIMIT,1700910385201,207,0.4879758
PYTHUSDT,SELL,LIMIT,1700910612141,887,0.4701945
PYTHUSDT,SELL,LIMIT,1700910631144,31,0.4695509
PYTHUSDT,SELL,LIMIT,1700910636537,4116,0.4687868
PYTHUSDT,SELL,LIMIT,1700910644511,2343,0.4681889
PYTHUSDT,SELL,LIMIT,1700910702260,3431,0.4673390
PYTHUSDT,SELL,LIMIT,1700910721304,87,0.4668942
PYTHUSDT,SELL,LIMIT,1700910723166,39,0.4660852
PYTHUSDT,SELL,LIMIT,1700910724199,331,0.4655051
PYTHUSDT,SELL,LIMIT,1700910725455,1007,0.4653043
PYTHUSDT,SELL,LIMIT,1700910777071,28,0.4652356
PYTHUSDT,SELL,LIMIT,1700910963202,319,0.4649100
PYTHUSDT,SELL,LIMIT,1700910964203,385,0.4649061
PYTHUSDT,SELL,LIMIT,1700910966856,3696,0.4643281
PYTHUSDT,SELL,LIMIT,1700911084196,3368,0.4644351
PYTHUSDT,SELL,LIMIT,1700911085800,120,0.4642183
PYTHUSDT,SELL,LIMIT,1700911123281,134,0.4639680
PYTHUSDT,SELL,LIMIT,1700911130318,114,0.4637057
PYTHUSDT,SELL,LIMIT,1700911133608,2,0.4636645
PYTHUSDT,SELL,LIMIT,1700911135167,486,0.4634369
PYTHUSDT,SELL,LIMIT,1700911136242,10000,0.4620828
PYTHUSDT,SELL,LIMIT,1700911137257,220,0.4622482
PYTHUSDT,SELL,LIMIT,1700911138417,531,0.4606780
PYTHUSDT,SELL,LIMIT,1700911162079,1569,0.4604241
PYTHUSDT,SELL,LIMIT,1700911164321,219,0.4603050
PYTHUSDT,SELL,LIMIT,1700911192899,47,0.4601125
PYTHUSDT,SELL,LIMIT,1700911198034,141,0.4598019
PYTHUSDT,SELL,LIMIT,1700911208178,2901,0.4588564
PYTHUSDT,SELL,LIMIT,1700911209290,36,0.4589895
PYTHUSDT,SELL,LIMIT,1700911225176,18334,0.4567421
PYTHUSDT,SELL,LIMIT,1700911226441,414,0.4584554
PYTHUSDT,SELL,LIMIT,1700911228256,1019,0.4578614
PYTHUSDT,SELL,LIMIT,1700911233368,905,0.4578444
PYTHUSDT,BUY,LIMIT,1700911523548,143,0.4751414
PYTHUSDT,SELL,LIMIT,1700912209858,11286,0.4638842
PYTHUSDT,SELL,LIMIT,1700912252760,861,0.4616654
PYTHUSDT,SELL,LIMIT,1700912287450,561,0.4604419
PYTHUSDT,SELL,LIMIT,1700912293201,119,0.4619933
PYTHUSDT,SELL,LIMIT,1700912305076,1115,0.4588818
PYTHUSDT,SELL,LIMIT,1700912312087,628,0.4572156
PYTHUSDT,SELL,LIMIT,1700912313124,289,0.4573281
PYTHUSDT,SELL,LIMIT,1700912314453,212,0.4570940
PYTHUSDT,SELL,LIMIT,1700912318796,1953,0.4565232
PYTHUSDT,SELL,LIMIT,1700912329570,57,0.4563054
PYTHUSDT,SELL,LIMIT,1700912425215,415,0.4578540
PYTHUSDT,SELL,LIMIT,1700912504419,841,0.4567861
PYTHUSDT,SELL,LIMIT,1700912505464,47,0.4567861
PYTHUSDT,BUY,LIMIT,1700912507292,809,0.4701500
PYTHUSDT,SELL,LIMIT,1700912529405,1741,0.4560877
PYTHUSDT,SELL,LIMIT,1700912530559,13051,0.4551300
PYTHUSDT,SELL,LIMIT,1700912531617,648,0.4556435
PYTHUSDT,SELL,LIMIT,1700912543646,67,0.4553590
PYTHUSDT,SELL,LIMIT,1700912546580,37,0.4551335
PYTHUSDT,SELL,LIMIT,1700912595364,2156,0.4548424
PYTHUSDT,SELL,LIMIT,1700912605526,846,0.4545052
PYTHUSDT,SELL,LIMIT,1700912607254,52,0.4544280
PYTHUSDT,SELL,LIMIT,1700912608542,577,0.4543650
PYTHUSDT,SELL,LIMIT,1700912662975,89,0.4547000
PYTHUSDT,BUY,LIMIT,1700912746201,3660,0.4707729
PYTHUSDT,BUY,LIMIT,1700912977109,1368,0.4722865
PYTHUSDT,BUY,LIMIT,1700913151402,530,0.4747990
PYTHUSDT,SELL,LIMIT,1700913288338,301,0.4588037
PYTHUSDT,BUY,LIMIT,1700913558448,431,0.4757549
PYTHUSDT,SELL,LIMIT,1700913631120,1038,0.4594966
PYTHUSDT,BUY,LIMIT,1700913716144,1633,0.4762038
PYTHUSDT,BUY,LIMIT,1700913717178,577,0.4761277
PYTHUSDT,BUY,LIMIT,1700913746594,113,0.4775476
PYTHUSDT,BUY,LIMIT,1700913764937,158,0.4782946
PYTHUSDT,BUY,LIMIT,1700914073680,360,0.4790631
PYTHUSDT,BUY,LIMIT,1700914216216,54,0.4808167
PYTHUSDT,BUY,LIMIT,1700914217804,126,0.4813897
PYTHUSDT,SELL,LIMIT,1700914634106,156,0.4631164
PYTHUSDT,BUY,LIMIT,1700915103501,2395,0.4796178
PYTHUSDT,BUY,LIMIT,1700915104879,6373,0.4797772
PYTHUSDT,BUY,LIMIT,1700915106342,160,0.4799806
PYTHUSDT,SELL,LIMIT,1700915992460,6321,0.4621917
PYTHUSDT,SELL,LIMIT,1700915993494,3909,0.4621650
PYTHUSDT,SELL,LIMIT,1700916961074,1853,0.4602921
PYTHUSDT,BUY,LIMIT,1700917306696,587,0.4793689
PYTHUSDT,BUY,LIMIT,1700917328369,982,0.4800022
PYTHUSDT,BUY,LIMIT,1700917334893,671,0.4807337
PYTHUSDT,BUY,LIMIT,1700917342162,9431,0.4808482
PYTHUSDT,BUY,LIMIT,1700917344192,98,0.4813330
PYTHUSDT,BUY,LIMIT,1700917370458,274,0.4823468
PYTHUSDT,BUY,LIMIT,1700917417086,218,0.4828242
PYTHUSDT,BUY,LIMIT,1700917496623,13,0.4836636
PYTHUSDT,BUY,LIMIT,1700917499808,572,0.4844050
PYTHUSDT,BUY,LIMIT,1700917535208,296,0.4857317
PYTHUSDT,BUY,LIMIT,1700917551206,1761,0.4861412
PYTHUSDT,SELL,LIMIT,1700917868846,4419,0.4678451
PYTHUSDT,SELL,LIMIT,1700918276482,315,0.4666359
PYTHUSDT,BUY,LIMIT,1700919439088,22,0.4865397
PYTHUSDT,BUY,LIMIT,1700919461697,118,0.4870629
PYTHUSDT,BUY,LIMIT,1700919818112,2432,0.4879878
PYTHUSDT,SELL,LIMIT,1700920657037,33,0.4700479
PYTHUSDT,BUY,LIMIT,1700920904312,533,0.4870552
PYTHUSDT,BUY,LIMIT,1700920909072,992,0.4877649
PYTHUSDT,BUY,LIMIT,1700921231318,1080,0.4887789
PYTHUSDT,BUY,LIMIT,1700921313172,30,0.4895595
PYTHUSDT,BUY,LIMIT,1700921355141,53,0.4913843
PYTHUSDT,BUY,LIMIT,1700921379742,280,0.4914729
PYTHUSDT,BUY,LIMIT,1700921736710,653,0.4921995
PYTHUSDT,BUY,LIMIT,1700921756988,290,0.4925722
PYTHUSDT,BUY,LIMIT,1700921758643,2541,0.4928663
PYTHUSDT,BUY,LIMIT,1700921762621,22,0.4934241
PYTHUSDT,BUY,LIMIT,1700921778276,7796,0.4942933
PYTHUSDT,BUY,LIMIT,1700921783458,172,0.4949442
PYTHUSDT,BUY,LIMIT,1700921789156,571,0.4956105
PYTHUSDT,BUY,LIMIT,1700921791040,61,0.4960256
PYTHUSDT,BUY,LIMIT,1700921812548,118,0.4963825
PYTHUSDT,SELL,LIMIT,1700921893277,266,0.4788663
PYTHUSDT,SELL,LIMIT,1700922192892,69,0.4779974
PYTHUSDT,SELL,LIMIT,1700922200129,101,0.4778779
PYTHUSDT,BUY,LIMIT,1700923922816,58,0.4923727
PYTHUSDT,BUY,LIMIT,1700923970318,15,0.4930594
PYTHUSDT,SELL,LIMIT,1700925281561,100,0.4753997
PYTHUSDT,SELL,LIMIT,1700925414381,240,0.4738288
PYTHUSDT,SELL,LIMIT,1700925433549,11,0.4731207
PYTHUSDT,SELL,LIMIT,1700925438498,115,0.4723837
PYTHUSDT,SELL,LIMIT,1700925448345,1064,0.4720077
PYTHUSDT,SELL,LIMIT,1700925452131,1870,0.4714645
PYTHUSDT,SELL,LIMIT,1700925765283,115,0.4694888
PYTHUSDT,SELL,LIMIT,1700925778284,20,0.4690387
PYTHUSDT,SELL,LIMIT,1700925814148,25,0.4686214
PYTHUSDT,SELL,LIMIT,1700925817438,97,0.4685867
PYTHUSDT,SELL,LIMIT,1700925825905,102,0.4681881
PYTHUSDT,BUY,LIMIT,1700926157822,32,0.4866639
PYTHUSDT,SELL,LIMIT,1700926538436,112,0.4701081
PYTHUSDT,BUY,LIMIT,1700927397705,32,0.4869132
PYTHUSDT,SELL,LIMIT,1700927984131,4646,0.4711769
PYTHUSDT,SELL,LIMIT,1700928038892,10154,0.4703846
PYTHUSDT,SELL,LIMIT,1700928109677,4152,0.4685524
PYTHUSDT,BUY,LIMIT,1700928357998,1397,0.4865069
PYTHUSDT,BUY,LIMIT,1700928469956,556,0.4896329
PYTHUSDT,BUY,LIMIT,1700928556499,4682,0.4918788
PYTHUSDT,BUY,LIMIT,1700928580413,519,0.4931995
PYTHUSDT,BUY,LIMIT,1700928630237,106,0.4940182
PYTHUSDT,SELL,LIMIT,1700928726861,54,0.4757687
PYTHUSDT,BUY,LIMIT,1700928917122,810,0.4945594
PYTHUSDT,BUY,LIMIT,1700928918420,2472,0.4944370
PYTHUSDT,BUY,LIMIT,1700928934162,100,0.4946728
PYTHUSDT,SELL,LIMIT,1700929106854,252,0.4772315
PYTHUSDT,BUY,LIMIT,1700929644130,11,0.4930974
PYTHUSDT,SELL,LIMIT,1700929929547,4552,0.4758165
PYTHUSDT,BUY,LIMIT,1700930503473,312,0.4936461
PYTHUSDT,BUY,LIMIT,1700930526269,234,0.4937623
PYTHUSDT,BUY,LIMIT,1700930541833,80,0.4942273
PYTHUSDT,BUY,LIMIT,1700930553195,371,0.4946835
PYTHUSDT,BUY,LIMIT,1700930557175,11,0.4948714
PYTHUSDT,BUY,LIMIT,1700930579080,523,0.4956529
PYTHUSDT,BUY,LIMIT,1700930580439,334,0.4951542
PYTHUSDT,BUY,LIMIT,1700930762406,632,0.4962258
PYTHUSDT,SELL,LIMIT,1700930950064,594,0.4788999
PYTHUSDT,SELL,LIMIT,1700931060397,31,0.4783861
PYTHUSDT,BUY,LIMIT,1700931962665,1569,0.4968014
PYTHUSDT,BUY,LIMIT,1700932019278,42,0.4983184
PYTHUSDT,BUY,LIMIT,1700932020964,1831,0.4985550
PYTHUSDT,BUY,LIMIT,1700932024244,79,0.4992716
PYTHUSDT,BUY,LIMIT,1700932030264,564,0.4998215
PYTHUSDT,BUY,LIMIT,1700932034985,663,0.5003626
PYTHUSDT,BUY,LIMIT,1700932048073,421,0.5008762
PYTHUSDT,BUY,LIMIT,1700932076256,632,0.5016913
PYTHUSDT,BUY,LIMIT,1700932080020,59,0.5023528
PYTHUSDT,BUY,LIMIT,1700932132313,78,0.5028834
PYTHUSDT,BUY,LIMIT,1700932135130,125,0.5032437
PYTHUSDT,BUY,LIMIT,1700932141216,4382,0.5037080
PYTHUSDT,BUY,LIMIT,1700932154647,2044,0.5046525
PYTHUSDT,BUY,LIMIT,1700932171085,275,0.5047050
PYTHUSDT,BUY,LIMIT,1700932185407,270,0.5049358
PYTHUSDT,BUY,LIMIT,1700932189010,204,0.5049131
PYTHUSDT,BUY,LIMIT,1700932202910,5581,0.5050065
PYTHUSDT,BUY,LIMIT,1700932567745,99,0.5051522
PYTHUSDT,BUY,LIMIT,1700932585803,72,0.5055438
PYTHUSDT,BUY,LIMIT,1700932593717,1668,0.5060963
PYTHUSDT,BUY,LIMIT,1700932601403,271,0.5062647
PYTHUSDT,BUY,LIMIT,1700932613011,329,0.5064285
PYTHUSDT,SELL,LIMIT,1700932724573,7999,0.4889288
PYTHUSDT,SELL,LIMIT,1700932770377,5157,0.4854794
PYTHUSDT,SELL,LIMIT,1700932811036,2004,0.4853177
PYTHUSDT,SELL,LIMIT,1700932856703,4345,0.4843788
PYTHUSDT,SELL,LIMIT,1700932862978,723,0.4842289
PYTHUSDT,BUY,LIMIT,1700933779112,3061,0.5021850
PYTHUSDT,BUY,LIMIT,1700933995696,164,0.5038316
PYTHUSDT,BUY,LIMIT,1700934018525,110,0.5047720
PYTHUSDT,SELL,LIMIT,1700934533674,941,0.4874150
PYTHUSDT,SELL,LIMIT,1700934782439,180,0.4850001
PYTHUSDT,SELL,LIMIT,1700934791738,202,0.4840318
PYTHUSDT,SELL,LIMIT,1700934802469,182,0.4831905
PYTHUSDT,SELL,LIMIT,1700934811905,419,0.4827691
PYTHUSDT,SELL,LIMIT,1700934921044,11,0.4817320
PYTHUSDT,SELL,LIMIT,1700934923619,138,0.4804523
PYTHUSDT,SELL,LIMIT,1700934924671,73,0.4800327
PYTHUSDT,SELL,LIMIT,1700934956982,14,0.4794346
PYTHUSDT,SELL,LIMIT,1700934959101,11,0.4783024
PYTHUSDT,SELL,LIMIT,1700934961842,506,0.4767023
PYTHUSDT,SELL,LIMIT,1700934963321,924,0.4763019
PYTHUSDT,SELL,LIMIT,1700934964429,1217,0.4759950
PYTHUSDT,SELL,LIMIT,1700935749750,283,0.4797626
PYTHUSDT,BUY,LIMIT,1700936001983,1986,0.4964805
PYTHUSDT,BUY,LIMIT,1700936004223,310,0.4965136
PYTHUSDT,BUY,LIMIT,1700938246532,20,0.5017979
PYTHUSDT,BUY,LIMIT,1700939370246,1264,0.5018810
PYTHUSDT,SELL,LIMIT,1700939738967,507,0.4825501
PYTHUSDT,SELL,LIMIT,1700939740079,125,0.4813211
PYTHUSDT,SELL,LIMIT,1700940093479,151,0.4817025
