Symbol,Side,Order Type,Time,Quantity,Price
PYTHUSDT,BUY,LIMIT,1700845667438,53,0.5308516
PYTHUSDT,BUY,LIMIT,1700845701620,192,0.5309556
PYTHUSDT,BUY,LIMIT,1700845709947,228,0.5313949
PYTHUSDT,SELL,LIMIT,1700846181233,346,0.5138192
PYTHUSDT,SELL,LIMIT,1700846186087,16,0.5136101
PYTHUSDT,BUY,LIMIT,1700846754467,34,0.5312138
PYTHUSDT,SELL,LIMIT,1700847263170,106,0.5152029
PYTHUSDT,BUY,LIMIT,1700847790323,29,0.5339166
PYTHUSDT,BUY,LIMIT,1700847905948,200,0.5321645
PYTHUSDT,BUY,LIMIT,1700847983640,500,0.5319010
PYTHUSDT,SELL,LIMIT,1700848218714,3985,0.5142053
PYTHUSDT,SELL,LIMIT,1700848223444,113,0.5129998
PYTHUSDT,SELL,LIMIT,1700848412969,3314,0.5109321
PYTHUSDT,SELL,LIMIT,1700848417723,10,0.5098022
PYTHUSDT,SELL,LIMIT,1700848430444,79,0.5095734
PYTHUSDT,BUY,LIMIT,1700848637796,2694,0.5278483
PYTHUSDT,BUY,LIMIT,1700848640461,47,0.5288957
PYTHUSDT,SELL,LIMIT,1700849347654,1217,0.5092451
PYTHUSDT,BUY,LIMIT,1700849665556,504,0.5269251
PYTHUSDT,BUY,LIMIT,1700849785064,169,0.5298714
PYTHUSDT,BUY,LIMIT,1700849809275,180,0.5302140
PYTHUSDT,SELL,LIMIT,1700849843715,962,0.5113376
PYTHUSDT,SELL,LIMIT,1700849963883,1162,0.5083615
PYTHUSDT,BUY,LIMIT,1700850371628,80,0.5271067
PYTHUSDT,BUY,LIMIT,1700850928011,1489,0.5300412
PYTHUSDT,SELL,LIMIT,1700851249128,17,0.5116055
PYTHUSDT,SELL,LIMIT,1700852737397,91,0.5088613
PYTHUSDT,SELL,LIMIT,1700853399210,5498,0.5071804
PYTHUSDT,SELL,LIMIT,1700853400389,6531,0.5067481
PYTHUSDT,SELL,LIMIT,1700853443134,146,0.5054849
PYTHUSDT,SELL,LIMIT,1700853448412,1452,0.5054268
PYTHUSDT,SELL,LIMIT,1700853452525,55,0.5052824
PYTHUSDT,SELL,LIMIT,1700853456902,608,0.5046870
PYTHUSDT,SELL,LIMIT,1700853459762,68,0.5045681
PYTHUSDT,SELL,LIMIT,1700853482194,479,0.5042867
PYTHUSDT,SELL,LIMIT,1700853483595,11,0.5042150
PYTHUSDT,SELL,LIMIT,1700853491660,101,0.5038337
PYTHUSDT,SELL,LIMIT,1700853528423,14,0.5032646
PYTHUSDT,SELL,LIMIT,1700853757807,200,0.5036672
PYTHUSDT,SELL,LIMIT,1700853829192,237,0.5030368
PYTHUSDT,SELL,LIMIT,1700853830497,763,0.5027367
PYTHUSDT,SELL,LIMIT,1700853843137,681,0.5026307
PYTHUSDT,SELL,LIMIT,1700853847782,25,0.5024659
PYTHUSDT,SELL,LIMIT,1700853849052,195,0.5016992
PYTHUSDT,SELL,LIMIT,1700853850074,66,0.5009767
PYTHUSDT,SELL,LIMIT,1700853851228,103,0.5014948
PYTHUSDT,SELL,LIMIT,1700853854011,2684,0.5003789
PYTHUSDT,SELL,LIMIT,1700853855073,136,0.4996081
PYTHUSDT,SELL,LIMIT,1700853856405,150,0.5000168
PYTHUSDT,SELL,LIMIT,1700853894704,96,0.4994652
PYTHUSDT,BUY,LIMIT,1700854039423,107,0.5186062
PYTHUSDT,BUY,LIMIT,1700854645602,932,0.5216653
PYTHUSDT,SELL,LIMIT,1700855123661,216,0.5037381
PYTHUSDT,SELL,LIMIT,1700856780777,30,0.5036472
PYTHUSDT,SELL,LIMIT,1700856830354,9759,0.5009613
PYTHUSDT,SELL,LIMIT,1700856832664,1240,0.5008764
PYTHUSDT,SELL,LIMIT,1700856843060,115,0.5008914
PYTHUSDT,SELL,LIMIT,1700856852022,79,0.5006837
PYTHUSDT,SELL,LIMIT,1700856890080,9711,0.4999643
PYTHUSDT,SELL,LIMIT,1700856892681,39,0.4992262
PYTHUSDT,SELL,LIMIT,1700856893721,1412,0.4975469
PYTHUSDT,SELL,LIMIT,1700856895173,29,0.4946077
PYTHUSDT,SELL,LIMIT,1700856896177,347,0.4940550
PYTHUSDT,SELL,LIMIT,1700856897184,4870,0.4903101
PYTHUSDT,SELL,LIMIT,1700856898190,2119,0.4878733
PYTHUSDT,SELL,LIMIT,1700856924231,1583,0.4880278
PYTHUSDT,SELL,LIMIT,1700856937403,735,0.4871660
PYTHUSDT,SELL,LIMIT,1700856939216,152,0.4866653
PYTHUSDT,SELL,LIMIT,1700856940351,173,0.4863871
PYTHUSDT,SELL,LIMIT,1700856941351,282,0.4858691
PYTHUSDT,SELL,LIMIT,1700856942620,9744,0.4853276
PYTHUSDT,SELL,LIMIT,1700856944067,74,0.4844104
PYTHUSDT,SELL,LIMIT,1700856945072,14,0.4837168
PYTHUSDT,SELL,LIMIT,1700856947520,3871,0.4831976
PYTHUSDT,SELL,LIMIT,1700856950145,336,0.4816920
PYTHUSDT,SELL,LIMIT,1700856951200,37,0.4804647
PYTHUSDT,SELL,LIMIT,1700856952699,70,0.4784812
PYTHUSDT,BUY,LIMIT,1700856974350,4190,0.4968850
PYTHUSDT,SELL,LIMIT,1700857109844,115,0.4793077
PYTHUSDT,BUY,LIMIT,1700857141522,362,0.4973072
PYTHUSDT,BUY,LIMIT,1700857366821,2276,0.4978330
PYTHUSDT,SELL,LIMIT,1700857471225,163,0.4830334
PYTHUSDT,BUY,LIMIT,1700857474709,746,0.4988394
PYTHUSDT,BUY,LIMIT,1700857598878,221,0.5001704
PYTHUSDT,SELL,LIMIT,1700857675645,299,0.4821038
PYTHUSDT,SELL,LIMIT,1700857791153,265,0.4799954
PYTHUSDT,BUY,LIMIT,1700857817433,582,0.4963336
PYTHUSDT,BUY,LIMIT,1700858160537,45,0.5009374
PYTHUSDT,BUY,LIMIT,1700858179127,2147,0.5010726
PYTHUSDT,SELL,LIMIT,1700858533049,550,0.4836321
PYTHUSDT,SELL,LIMIT,1700858534702,7464,0.4827898
PYTHUSDT,SELL,LIMIT,1700858540699,653,0.4814634
PYTHUSDT,BUY,LIMIT,1700858948475,14,0.5016995
PYTHUSDT,BUY,LIMIT,1700858967244,663,0.5021376
PYTHUSDT,BUY,LIMIT,1700858975269,14,0.5032191
PYTHUSDT,BUY,LIMIT,1700858990325,1012,0.5035772
PYTHUSDT,BUY,LIMIT,1700858992862,132,0.5037466
PYTHUSDT,BUY,LIMIT,1700859017162,2180,0.5047811
PYTHUSDT,BUY,LIMIT,1700859018458,38,0.5047915
PYTHUSDT,BUY,LIMIT,1700859060608,207,0.5090012
PYTHUSDT,BUY,LIMIT,1700859076048,768,0.5100633
PYTHUSDT,BUY,LIMIT,1700859078144,1490,0.5106231
PYTHUSDT,BUY,LIMIT,1700860189161,220,0.5130457
PYTHUSDT,SELL,LIMIT,1700860662233,71,0.4908710
PYTHUSDT,BUY,LIMIT,1700860681152,17,0.5069568
PYTHUSDT,SELL,LIMIT,1700862656302,956,0.4854981
PYTHUSDT,SELL,LIMIT,1700862657666,823,0.4840199
PYTHUSDT,SELL,LIMIT,1700862857471,130,0.4836495
PYTHUSDT,SELL,LIMIT,1700862859365,195,0.4823041
PYTHUSDT,SELL,LIMIT,1700863329588,1513,0.4846283
PYTHUSDT,SELL,LIMIT,1700863565147,263,0.4813163
PYTHUSDT,SELL,LIMIT,1700863601240,121,0.4804498
PYTHUSDT,SELL,LIMIT,1700863602368,10000,0.4800041
PYTHUSDT,SELL,LIMIT,1700863609361,624,0.4785548
PYTHUSDT,SELL,LIMIT,1700863611168,1876,0.4771530
PYTHUSDT,SELL,LIMIT,1700863612541,10,0.4763598
PYTHUSDT,SELL,LIMIT,1700863614341,38,0.4759718
PYTHUSDT,SELL,LIMIT,1700863615347,3076,0.4752342
PYTHUSDT,SELL,LIMIT,1700863618130,1304,0.4745934
PYTHUSDT,SELL,LIMIT,1700863619283,178,0.4746456
PYTHUSDT,SELL,LIMIT,1700863620306,287,0.4742182
PYTHUSDT,SELL,LIMIT,1700863623648,76,0.4729298
PYTHUSDT,SELL,LIMIT,1700863625163,794,0.4721753
PYTHUSDT,SELL,LIMIT,1700863626233,37996,0.4685863
PYTHUSDT,SELL,LIMIT,1700863629268,212,0.4718896
PYTHUSDT,SELL,LIMIT,1700863630703,7791,0.4718324
PYTHUSDT,SELL,LIMIT,1700863671407,365,0.4713163
PYTHUSDT,SELL,LIMIT,1700863672884,2866,0.4712411
PYTHUSDT,SELL,LIMIT,1700863674217,134,0.4710449
PYTHUSDT,BUY,LIMIT,1700863724270,949,0.4897149
PYTHUSDT,SELL,LIMIT,1700863958331,35,0.4755071
PYTHUSDT,BUY,LIMIT,1700864251078,348,0.4906907
PYTHUSDT,BUY,LIMIT,1700864468083,5373,0.4924572
PYTHUSDT,SELL,LIMIT,1700864849066,9305,0.4722799
PYTHUSDT,SELL,LIMIT,1700866088945,47169,0.4720826
PYTHUSDT,SELL,LIMIT,1700866421164,117,0.4746520
PYTHUSDT,SELL,LIMIT,1700866647628,452,0.4705119
PYTHUSDT,SELL,LIMIT,1700866655611,1200,0.4705900
PYTHUSDT,SELL,LIMIT,1700866656954,2250,0.4701905
PYTHUSDT,SELL,LIMIT,1700866658257,6499,0.4697216
PYTHUSDT,SELL,LIMIT,1700866659381,133,0.4691708
PYTHUSDT,SELL,LIMIT,1700866660781,134,0.4679608
PYTHUSDT,SELL,LIMIT,1700866668148,24376,0.4650922
PYTHUSDT,SELL,LIMIT,1700866670073,96,0.4677437
PYTHUSDT,SELL,LIMIT,1700866671255,19,0.4670113
PYTHUSDT,SELL,LIMIT,1700866675441,7922,0.4658043
PYTHUSDT,SELL,LIMIT,1700866676839,1229,0.4655469
PYTHUSDT,SELL,LIMIT,1700866678123,158,0.4650685
PYTHUSDT,SELL,LIMIT,1700866680394,12085,0.4641348
PYTHUSDT,SELL,LIMIT,1700866682074,681,0.4639485
PYTHUSDT,SELL,LIMIT,1700866683110,975,0.4633804
PYTHUSDT,BUY,LIMIT,1700866692229,364,0.4802777
PYTHUSDT,SELL,LIMIT,1700867105011,80,0.4646981
PYTHUSDT,SELL,LIMIT,1700867107228,1004,0.4633075
PYTHUSDT,SELL,LIMIT,1700867108339,5974,0.4618666
PYTHUSDT,SELL,LIMIT,1700867112568,14954,0.4600467
PYTHUSDT,SELL,LIMIT,1700867113622,2959,0.4605513
PYTHUSDT,SELL,LIMIT,1700867154340,20,0.4600082
PYTHUSDT,SELL,LIMIT,1700867160907,340,0.4596360
PYTHUSDT,SELL,LIMIT,1700867162042,41,0.4589667
PYTHUSDT,SELL,LIMIT,1700867163233,1244,0.4576715
PYTHUSDT,SELL,LIMIT,1700867167081,1058,0.4575343
PYTHUSDT,SELL,LIMIT,1700867168128,1838,0.4573381
PYTHUSDT,SELL,LIMIT,1700867183183,125,0.4687070
PYTHUSDT,SELL,LIMIT,1700867195035,632,0.4598428
PYTHUSDT,SELL,LIMIT,1700867203434,1570,0.4590887
PYTHUSDT,SELL,LIMIT,1700867262089,8777,0.4569215
PYTHUSDT,SELL,LIMIT,1700867263412,919,0.4570395
PYTHUSDT,SELL,LIMIT,1700867270342,95,0.4564603
PYTHUSDT,SELL,LIMIT,1700867275368,95,0.4561290
PYTHUSDT,SELL,LIMIT,1700867387899,86,0.4563312
PYTHUSDT,SELL,LIMIT,1700867396377,16,0.4560871
PYTHUSDT,SELL,LIMIT,1700867413065,111,0.4563201
PYTHUSDT,BUY,LIMIT,1700867480063,7221,0.4721726
PYTHUSDT,BUY,LIMIT,1700867590726,21,0.4762655
PYTHUSDT,BUY,LIMIT,1700867883654,9195,0.4795272
PYTHUSDT,BUY,LIMIT,1700867887744,39,0.4816603
PYTHUSDT,BUY,LIMIT,1700868063413,1276,0.4876899
PYTHUSDT,BUY,LIMIT,1700868112202,209,0.4893485
PYTHUSDT,BUY,LIMIT,1700868264286,21,0.4892329
PYTHUSDT,BUY,LIMIT,1700868282103,775,0.4901032
PYTHUSDT,BUY,LIMIT,1700868297143,66,0.4906804
PYTHUSDT,BUY,LIMIT,1700868304831,10000,0.4912376
PYTHUSDT,SELL,LIMIT,1700868604383,43,0.4732652
PYTHUSDT,SELL,LIMIT,1700868628586,456,0.4723595
PYTHUSDT,SELL,LIMIT,1700869715691,11,0.4700220
PYTHUSDT,SELL,LIMIT,1700869716713,10342,0.4670183
PYTHUSDT,BUY,LIMIT,1700870144383,54,0.4883032
PYTHUSDT,SELL,LIMIT,1700870683048,8808,0.4714763
PYTHUSDT,SELL,LIMIT,1700870687405,261,0.4710599
PYTHUSDT,BUY,LIMIT,1700871271889,2606,0.4864446
PYTHUSDT,BUY,LIMIT,1700872697093,8059,0.4923595
PYTHUSDT,BUY,LIMIT,1700872699235,5632,0.4924379
PYTHUSDT,BUY,LIMIT,1700872722122,10436,0.4960089
PYTHUSDT,BUY,LIMIT,1700872723218,101,0.4949435
PYTHUSDT,BUY,LIMIT,1700872724349,2,0.4969091
PYTHUSDT,SELL,LIMIT,1700872813222,496,0.4812727
PYTHUSDT,SELL,LIMIT,1700872816430,30,0.4811315
PYTHUSDT,BUY,LIMIT,1700873597813,1527,0.4992654
PYTHUSDT,BUY,LIMIT,1700873599861,14,0.5002888
PYTHUSDT,BUY,LIMIT,1700873613937,117,0.5019456
PYTHUSDT,BUY,LIMIT,1700874100939,12939,0.5067030
PYTHUSDT,BUY,LIMIT,1700874122052,331,0.5066443
PYTHUSDT,BUY,LIMIT,1700874188774,8192,0.5076815
PYTHUSDT,SELL,LIMIT,1700874226140,200,0.4964209
PYTHUSDT,BUY,LIMIT,1700874266654,127,0.5098046
PYTHUSDT,BUY,LIMIT,1700874268140,3138,0.5099466
PYTHUSDT,BUY,LIMIT,1700874274068,4387,0.5107741
PYTHUSDT,BUY,LIMIT,1700874276881,84,0.5110175
PYTHUSDT,BUY,LIMIT,1700874708196,4373,0.5129810
PYTHUSDT,BUY,LIMIT,1700874719143,15,0.5134692
PYTHUSDT,SELL,LIMIT,1700874934447,44,0.4944082
PYTHUSDT,SELL,LIMIT,1700874955056,3961,0.4907165
PYTHUSDT,SELL,LIMIT,1700875013808,4184,0.4882502
PYTHUSDT,BUY,LIMIT,1700875123580,629,0.5056079
PYTHUSDT,BUY,LIMIT,1700875149899,1463,0.5062996
PYTHUSDT,BUY,LIMIT,1700875300185,382,0.5068939
PYTHUSDT,BUY,LIMIT,1700875358429,1512,0.5086892
PYTHUSDT,BUY,LIMIT,1700875590784,189,0.5083489
PYTHUSDT,BUY,LIMIT,1700877182478,18,0.5120739
PYTHUSDT,BUY,LIMIT,1700877315329,93,0.5141319
PYTHUSDT,SELL,LIMIT,1700877488661,386,0.4979873
PYTHUSDT,SELL,LIMIT,1700877692987,110,0.4963757
PYTHUSDT,SELL,LIMIT,1700877705961,982,0.4952843
PYTHUSDT,SELL,LIMIT,1700877757413,544,0.4963710
PYTHUSDT,SELL,LIMIT,1700878701484,44,0.4997705
PYTHUSDT,SELL,LIMIT,1700878861358,251,0.4966056
PYTHUSDT,SELL,LIMIT,1700878888270,579,0.4959380
PYTHUSDT,BUY,LIMIT,1700879061153,30,0.5161352
PYTHUSDT,BUY,LIMIT,1700879222791,8846,0.5194211
PYTHUSDT,BUY,LIMIT,1700879231293,70,0.5205506
PYTHUSDT,BUY,LIMIT,1700879237140,938,0.5206234
PYTHUSDT,BUY,LIMIT,1700879238989,1111,0.5214702
PYTHUSDT,BUY,LIMIT,1700879392104,62,0.5232451
PYTHUSDT,BUY,LIMIT,1700879393109,321,0.5227490
PYTHUSDT,BUY,LIMIT,1700879444247,9781,0.5237916
PYTHUSDT,BUY,LIMIT,1700879449065,1957,0.5242330
PYTHUSDT,BUY,LIMIT,1700879594262,38157,0.5288899
PYTHUSDT,BUY,LIMIT,1700879631857,300,0.5254691
PYTHUSDT,SELL,LIMIT,1700880590372,631,0.5003468
PYTHUSDT,SELL,LIMIT,1700881248530,4930,0.4972094
PYTHUSDT,SELL,LIMIT,1700881453129,800,0.4928041
PYTHUSDT,SELL,LIMIT,1700881454165,2590,0.4920493
PYTHUSDT,SELL,LIMIT,1700881456858,367,0.4919979
PYTHUSDT,SELL,LIMIT,1700881555651,270,0.4906156
PYTHUSDT,SELL,LIMIT,1700881557282,58,0.4902875
PYTHUSDT,SELL,LIMIT,1700882138620,672,0.4902939
PYTHUSDT,SELL,LIMIT,1700882454094,249,0.4894970
PYTHUSDT,SELL,LIMIT,1700882465658,518,0.4888535
PYTHUSDT,SELL,LIMIT,1700882468051,82,0.4882351
PYTHUSDT,SELL,LIMIT,1700882481720,1573,0.4881911
PYTHUSDT,SELL,LIMIT,1700882514273,2815,0.4873782
PYTHUSDT,SELL,LIMIT,1700882662074,18884,0.4834353
PYTHUSDT,SELL,LIMIT,1700882663383,2996,0.4856036
