Symbol,Side,Order Type,Time,Quantity,Price
PYTHUSDT,SELL,LIMIT,1700988691802,320,0.4745030
PYTHUSDT,SELL,LIMIT,1700988738326,76,0.4738261
PYTHUSDT,SELL,LIMIT,1700989337047,658,0.4728986
PYTHUSDT,SELL,LIMIT,1700989867505,496,0.4720738
PYTHUSDT,SELL,LIMIT,1700990130052,6113,0.4703659
PYTHUSDT,SELL,LIMIT,1700990136478,3318,0.4702549
PYTHUSDT,SELL,LIMIT,1700990139199,242,0.4701809
PYTHUSDT,SELL,LIMIT,1700990142326,403,0.4700259
PYTHUSDT,SELL,LIMIT,1700990146344,66,0.4694538
PYTHUSDT,SELL,LIMIT,1700990188871,10353,0.4687421
PYTHUSDT,BUY,LIMIT,1700990521445,6634,0.4857862
PYTHUSDT,BUY,LIMIT,1700990612285,1121,0.4870618
PYTHUSDT,SELL,LIMIT,1700991015415,5102,0.4707911
PYTHUSDT,SELL,LIMIT,1700991487282,1666,0.4687212
PYTHUSDT,SELL,LIMIT,1700991643172,520,0.4680796
PYTHUSDT,SELL,LIMIT,1700991645938,3049,0.4676462
PYTHUSDT,BUY,LIMIT,1700993982314,64,0.4863443
PYTHUSDT,BUY,LIMIT,1700994399884,218,0.4877925
PYTHUSDT,BUY,LIMIT,1700994757135,50,0.4890862
PYTHUSDT,SELL,LIMIT,1700995604849,3371,0.4714171
PYTHUSDT,SELL,LIMIT,1700996778986,1680,0.4709437
PYTHUSDT,SELL,LIMIT,1700997478259,1033,0.4709035
PYTHUSDT,SELL,LIMIT,1700997662822,6017,0.4707276
PYTHUSDT,SELL,LIMIT,1700997716171,5533,0.4700973
PYTHUSDT,SELL,LIMIT,1700997923068,76,0.4686837
PYTHUSDT,SELL,LIMIT,1700997993286,1777,0.4679475
PYTHUSDT,SELL,LIMIT,1700998715036,782,0.4676142
PYTHUSDT,SELL,LIMIT,1700998864302,607,0.4666733
PYTHUSDT,SELL,LIMIT,1700998865420,9430,0.4655122
PYTHUSDT,SELL,LIMIT,1700999004073,1370,0.4644276
PYTHUSDT,SELL,LIMIT,1700999015304,280,0.4644081
PYTHUSDT,SELL,LIMIT,1700999018376,512,0.4636423
PYTHUSDT,SELL,LIMIT,1700999297674,256,0.4628157
PYTHUSDT,SELL,LIMIT,1700999300173,2270,0.4628516
PYTHUSDT,SELL,LIMIT,1700999506048,2922,0.4629501
PYTHUSDT,SELL,LIMIT,1700999561082,407,0.4620010
PYTHUSDT,SELL,LIMIT,1700999572580,210,0.4615233
PYTHUSDT,SELL,LIMIT,1700999603159,3116,0.4610443
PYTHUSDT,SELL,LIMIT,1700999604252,3079,0.4611864
PYTHUSDT,SELL,LIMIT,1700999614413,40,0.4602507
PYTHUSDT,SELL,LIMIT,1700999794949,2680,0.4618265
PYTHUSDT,SELL,LIMIT,1701000069910,10714,0.4605768
PYTHUSDT,SELL,LIMIT,1701000078229,74,0.4601337
PYTHUSDT,SELL,LIMIT,1701000080416,38,0.4601123
PYTHUSDT,SELL,LIMIT,1701000094884,412,0.4598947
PYTHUSDT,SELL,LIMIT,1701000097218,1255,0.4596964
PYTHUSDT,SELL,LIMIT,1701000490423,1296,0.4596011
PYTHUSDT,SELL,LIMIT,1701000519186,61,0.4589691
PYTHUSDT,SELL,LIMIT,1701000524215,994,0.4588116
PYTHUSDT,SELL,LIMIT,1701000557406,1032,0.4583416
PYTHUSDT,SELL,LIMIT,1701000592446,787,0.4576451
PYTHUSDT,SELL,LIMIT,1701000594428,765,0.4576777
PYTHUSDT,SELL,LIMIT,1701000607128,3267,0.4573973
PYTHUSDT,SELL,LIMIT,1701000608256,103,0.4574325
PYTHUSDT,SELL,LIMIT,1701000612192,2020,0.4570610
PYTHUSDT,SELL,LIMIT,1701000613382,65,0.4567213
PYTHUSDT,SELL,LIMIT,1701000618237,761,0.4565721
PYTHUSDT,SELL,LIMIT,1701000620078,975,0.4563761
PYTHUSDT,SELL,LIMIT,1701000628735,132,0.4561764
PYTHUSDT,BUY,LIMIT,1701000760519,4069,0.4739634
PYTHUSDT,SELL,LIMIT,1701001502820,416,0.4598966
PYTHUSDT,SELL,LIMIT,1701001639143,24,0.4570908
PYTHUSDT,BUY,LIMIT,1701001700223,6014,0.4725898
PYTHUSDT,BUY,LIMIT,1701002114919,36,0.4786552
PYTHUSDT,SELL,LIMIT,1701003746776,321,0.4660338
PYTHUSDT,SELL,LIMIT,1701003771259,20,0.4662006
PYTHUSDT,SELL,LIMIT,1701004611294,210,0.4654971
PYTHUSDT,SELL,LIMIT,1701004614745,2678,0.4651988
PYTHUSDT,SELL,LIMIT,1701004618327,13,0.4647320
PYTHUSDT,SELL,LIMIT,1701004737608,6071,0.4637492
PYTHUSDT,SELL,LIMIT,1701004825262,199,0.4630475
PYTHUSDT,SELL,LIMIT,1701004848351,25,0.4627015
PYTHUSDT,SELL,LIMIT,1701004854055,2249,0.4626529
PYTHUSDT,SELL,LIMIT,1701005060405,94,0.4625075
PYTHUSDT,SELL,LIMIT,1701005073471,3731,0.4620465
PYTHUSDT,SELL,LIMIT,1701005124157,60,0.4605299
PYTHUSDT,SELL,LIMIT,1701006120338,6778,0.4609073
PYTHUSDT,SELL,LIMIT,1701007621888,3376,0.4612822
PYTHUSDT,SELL,LIMIT,1701007854513,939,0.4600988
PYTHUSDT,SELL,LIMIT,1701007876882,1214,0.4596437
PYTHUSDT,SELL,LIMIT,1701008076351,2957,0.4583585
PYTHUSDT,SELL,LIMIT,1701008138419,747,0.4575747
PYTHUSDT,SELL,LIMIT,1701008155337,751,0.4575124
PYTHUSDT,SELL,LIMIT,1701008178058,505,0.4549349
PYTHUSDT,SELL,LIMIT,1701008179061,10435,0.4544044
PYTHUSDT,SELL,LIMIT,1701008180069,556,0.4423284
PYTHUSDT,SELL,LIMIT,1701008181090,163,0.4435890
PYTHUSDT,SELL,LIMIT,1701008182096,3518,0.4350392
PYTHUSDT,SELL,LIMIT,1701008183096,64,0.4353322
PYTHUSDT,SELL,LIMIT,1701008184128,19700,0.4321490
PYTHUSDT,SELL,LIMIT,1701008185189,20044,0.4298747
PYTHUSDT,SELL,LIMIT,1701008343279,90,0.4422038
PYTHUSDT,SELL,LIMIT,1701008349411,97,0.4419409
PYTHUSDT,SELL,LIMIT,1701008405074,1718,0.4396734
PYTHUSDT,SELL,LIMIT,1701008430928,449,0.4372323
PYTHUSDT,SELL,LIMIT,1701008436649,366,0.4370896
PYTHUSDT,SELL,LIMIT,1701008440406,40,0.4365357
PYTHUSDT,SELL,LIMIT,1701008445073,74,0.4368745
PYTHUSDT,SELL,LIMIT,1701008452396,7432,0.4369319
PYTHUSDT,BUY,LIMIT,1701008550575,480,0.4548295
PYTHUSDT,BUY,LIMIT,1701008794055,555,0.4572343
PYTHUSDT,SELL,LIMIT,1701008898956,2715,0.4417609
PYTHUSDT,SELL,LIMIT,1701008900042,30,0.4414175
PYTHUSDT,SELL,LIMIT,1701008927175,454,0.4420507
PYTHUSDT,SELL,LIMIT,1701008931101,15,0.4405089
PYTHUSDT,SELL,LIMIT,1701008951968,12,0.4401213
PYTHUSDT,SELL,LIMIT,1701008963295,3381,0.4398159
PYTHUSDT,SELL,LIMIT,1701009154058,3167,0.4371847
PYTHUSDT,SELL,LIMIT,1701009155374,222,0.4375919
PYTHUSDT,SELL,LIMIT,1701009184103,805,0.4368300
PYTHUSDT,SELL,LIMIT,1701009185960,2288,0.4359931
PYTHUSDT,SELL,LIMIT,1701009198073,785,0.4335384
PYTHUSDT,SELL,LIMIT,1701009199781,1806,0.4331537
PYTHUSDT,SELL,LIMIT,1701009248688,843,0.4369808
PYTHUSDT,BUY,LIMIT,1701009261317,548,0.4504256
PYTHUSDT,SELL,LIMIT,1701009288100,60,0.4450602
PYTHUSDT,SELL,LIMIT,1701009290450,10698,0.4379512
PYTHUSDT,SELL,LIMIT,1701009302466,5326,0.4358605
PYTHUSDT,BUY,LIMIT,1701009339618,68,0.4518265
PYTHUSDT,BUY,LIMIT,1701009375187,821,0.4528855
PYTHUSDT,BUY,LIMIT,1701009494705,24,0.4551445
PYTHUSDT,BUY,LIMIT,1701009549409,297,0.4563487
PYTHUSDT,BUY,LIMIT,1701009619175,495,0.4576626
PYTHUSDT,BUY,LIMIT,1701009709508,2440,0.4587846
PYTHUSDT,BUY,LIMIT,1701009766908,888,0.4599798
PYTHUSDT,BUY,LIMIT,1701009923385,66,0.4594679
PYTHUSDT,SELL,LIMIT,1701010123769,1063,0.4447150
PYTHUSDT,SELL,LIMIT,1701010130570,192,0.4445946
PYTHUSDT,SELL,LIMIT,1701010247237,2658,0.4422365
PYTHUSDT,SELL,LIMIT,1701010248548,7479,0.4421167
PYTHUSDT,SELL,LIMIT,1701010281078,2163,0.4412965
PYTHUSDT,SELL,LIMIT,1701010480330,8875,0.4422488
PYTHUSDT,SELL,LIMIT,1701010566373,724,0.4399762
PYTHUSDT,SELL,LIMIT,1701010568918,802,0.4395207
PYTHUSDT,SELL,LIMIT,1701010571113,1726,0.4387232
PYTHUSDT,SELL,LIMIT,1701010713193,168,0.4382956
PYTHUSDT,SELL,LIMIT,1701010898377,448,0.4372595
PYTHUSDT,SELL,LIMIT,1701010900297,185,0.4366861
PYTHUSDT,SELL,LIMIT,1701010912106,917,0.4349528
PYTHUSDT,SELL,LIMIT,1701011018190,126,0.4341950
PYTHUSDT,SELL,LIMIT,1701011093212,961,0.4333943
PYTHUSDT,SELL,LIMIT,1701011127296,51,0.4332831
PYTHUSDT,SELL,LIMIT,1701011145095,56,0.4311746
PYTHUSDT,SELL,LIMIT,1701011146150,577,0.4293277
PYTHUSDT,SELL,LIMIT,1701011147423,648,0.4298756
PYTHUSDT,BUY,LIMIT,1701011298128,137,0.4526363
PYTHUSDT,BUY,LIMIT,1701011299716,4504,0.4527912
PYTHUSDT,BUY,LIMIT,1701011611444,46,0.4532260
PYTHUSDT,BUY,LIMIT,1701011686399,1077,0.4536070
PYTHUSDT,SELL,LIMIT,1701011769219,348,0.4377575
PYTHUSDT,SELL,LIMIT,1701011780194,49,0.4374158
PYTHUSDT,SELL,LIMIT,1701011781820,61,0.4369316
PYTHUSDT,SELL,LIMIT,1701011808506,2618,0.4358868
PYTHUSDT,SELL,LIMIT,1701011816267,290,0.4347188
PYTHUSDT,SELL,LIMIT,1701011822749,45,0.4342836
PYTHUSDT,SELL,LIMIT,1701012643121,4144,0.4399536
PYTHUSDT,SELL,LIMIT,1701012972486,91,0.4409815
PYTHUSDT,SELL,LIMIT,1701013000050,934,0.4383418
PYTHUSDT,SELL,LIMIT,1701013003442,30,0.4374041
PYTHUSDT,SELL,LIMIT,1701013084852,47,0.4385221
PYTHUSDT,SELL,LIMIT,1701013289314,1913,0.4364763
PYTHUSDT,SELL,LIMIT,1701013302568,103,0.4368194
PYTHUSDT,SELL,LIMIT,1701013426812,114,0.4376284
PYTHUSDT,SELL,LIMIT,1701013473902,13,0.4354195
PYTHUSDT,SELL,LIMIT,1701013538464,2235,0.4354686
PYTHUSDT,SELL,LIMIT,1701013581809,23333,0.4322926
PYTHUSDT,SELL,LIMIT,1701013589655,18,0.4340821
PYTHUSDT,SELL,LIMIT,1701013604093,5193,0.4336137
PYTHUSDT,SELL,LIMIT,1701013724021,20,0.4342088
PYTHUSDT,SELL,LIMIT,1701013760082,305,0.4317061
PYTHUSDT,SELL,LIMIT,1701013818080,12,0.4529810
PYTHUSDT,SELL,LIMIT,1701013903328,2410,0.4317901
PYTHUSDT,SELL,LIMIT,1701013917391,549,0.4313401
PYTHUSDT,SELL,LIMIT,1701013928187,20,0.4309605
PYTHUSDT,SELL,LIMIT,1701013936364,3012,0.4301586
PYTHUSDT,SELL,LIMIT,1701013944808,48,0.4296571
PYTHUSDT,SELL,LIMIT,1701013948678,1802,0.4291081
PYTHUSDT,SELL,LIMIT,1701013952093,2037,0.4289676
PYTHUSDT,SELL,LIMIT,1701013953400,5656,0.4290992
PYTHUSDT,SELL,LIMIT,1701013956150,7934,0.4288116
PYTHUSDT,SELL,LIMIT,1701013958003,2078,0.4286161
PYTHUSDT,SELL,LIMIT,1701013959152,1387,0.4282935
PYTHUSDT,SELL,LIMIT,1701013960237,400,0.4279539
PYTHUSDT,SELL,LIMIT,1701013966693,1303,0.4279439
PYTHUSDT,SELL,LIMIT,1701013969041,881,0.4269178
PYTHUSDT,SELL,LIMIT,1701013970063,1008,0.4270299
PYTHUSDT,SELL,LIMIT,1701013971169,2500,0.4260049
PYTHUSDT,SELL,LIMIT,1701013972246,603,0.4259764
PYTHUSDT,SELL,LIMIT,1701013973297,76,0.4247623
PYTHUSDT,SELL,LIMIT,1701013975686,6714,0.4245161
PYTHUSDT,SELL,LIMIT,1701013981050,43017,0.4203166
PYTHUSDT,SELL,LIMIT,1701013982114,18,0.4240350
PYTHUSDT,SELL,LIMIT,1701013983671,805,0.4220712
PYTHUSDT,SELL,LIMIT,1701014020082,13818,0.4227987
PYTHUSDT,SELL,LIMIT,1701014026344,467,0.4238766
PYTHUSDT,SELL,LIMIT,1701014027492,18,0.4286383
PYTHUSDT,SELL,LIMIT,1701014122921,730,0.4260724
PYTHUSDT,BUY,LIMIT,1701014317301,2486,0.4395053
PYTHUSDT,SELL,LIMIT,1701014346241,1967,0.4227163
PYTHUSDT,SELL,LIMIT,1701014347445,313,0.4219825
PYTHUSDT,SELL,LIMIT,1701014489260,3100,0.4230067
PYTHUSDT,SELL,LIMIT,1701014493420,575,0.4225885
PYTHUSDT,SELL,LIMIT,1701014495323,14718,0.4210834
PYTHUSDT,SELL,LIMIT,1701014496478,101,0.4208238
PYTHUSDT,SELL,LIMIT,1701014497676,676,0.4207699
PYTHUSDT,BUY,LIMIT,1701014723430,41,0.4378727
PYTHUSDT,BUY,LIMIT,1701014781368,270,0.4411906
PYTHUSDT,BUY,LIMIT,1701014788748,600,0.4413483
PYTHUSDT,SELL,LIMIT,1701014933398,112,0.4870019
PYTHUSDT,SELL,LIMIT,1701014959175,202,0.4261950
PYTHUSDT,SELL,LIMIT,1701015261517,2222,0.4279645
PYTHUSDT,SELL,LIMIT,1701015324390,29,0.4246182
PYTHUSDT,SELL,LIMIT,1701015333447,47,0.4242396
PYTHUSDT,SELL,LIMIT,1701015361486,323,0.4238079
PYTHUSDT,SELL,LIMIT,1701015508682,1152,0.4235829
PYTHUSDT,SELL,LIMIT,1701015577324,119,0.4233163
PYTHUSDT,SELL,LIMIT,1701015579301,417,0.4231375
PYTHUSDT,SELL,LIMIT,1701015598460,71,0.4220580
PYTHUSDT,SELL,LIMIT,1701015600467,509,0.4214861
PYTHUSDT,SELL,LIMIT,1701015605814,747,0.4208104
PYTHUSDT,SELL,LIMIT,1701015607487,866,0.4206069
PYTHUSDT,SELL,LIMIT,1701015608662,55,0.4197411
PYTHUSDT,SELL,LIMIT,1701015615087,56,0.4200889
PYTHUSDT,SELL,LIMIT,1701015619256,253,0.4192994
PYTHUSDT,SELL,LIMIT,1701015620289,227,0.4192463
PYTHUSDT,SELL,LIMIT,1701015644388,203,0.4191814
PYTHUSDT,SELL,LIMIT,1701015646048,5,0.4186605
PYTHUSDT,SELL,LIMIT,1701015648200,420,0.4183926
PYTHUSDT,SELL,LIMIT,1701015649213,1528,0.4181753
PYTHUSDT,SELL,LIMIT,1701015651123,683,0.4169661
PYTHUSDT,SELL,LIMIT,1701015652170,33206,0.4129232
PYTHUSDT,SELL,LIMIT,1701015653240,48,0.4156720
PYTHUSDT,SELL,LIMIT,1701015673227,280,0.4161443
PYTHUSDT,SELL,LIMIT,1701015685283,19307,0.4140398
PYTHUSDT,SELL,LIMIT,1701015687919,4433,0.4156701
PYTHUSDT,SELL,LIMIT,1701015726301,3579,0.4149274
PYTHUSDT,SELL,LIMIT,1701015747296,1014,0.4167968
PYTHUSDT,SELL,LIMIT,1701015754816,3319,0.4160641
PYTHUSDT,SELL,LIMIT,1701015757417,784,0.4156172
PYTHUSDT,SELL,LIMIT,1701015758899,1120,0.4151287
PYTHUSDT,SELL,LIMIT,1701015761387,217,0.4154275
PYTHUSDT,SELL,LIMIT,1701015762764,1238,0.4153044
PYTHUSDT,SELL,LIMIT,1701015774666,527,0.4147307
PYTHUSDT,SELL,LIMIT,1701015775772,965,0.4146761
PYTHUSDT,SELL,LIMIT,1701015777085,472,0.4145825
PYTHUSDT,SELL,LIMIT,1701015779468,2096,0.4142423
PYTHUSDT,SELL,LIMIT,1701015852286,2000,0.4139326
PYTHUSDT,SELL,LIMIT,1701015874923,42,0.4147806
PYTHUSDT,SELL,LIMIT,1701015899677,42,0.4158554
PYTHUSDT,BUY,LIMIT,1701015954866,124,0.4299231
PYTHUSDT,SELL,LIMIT,1701016013231,95,0.4139821
PYTHUSDT,SELL,LIMIT,1701016014623,745,0.4139772
PYTHUSDT,SELL,LIMIT,1701016017868,650,0.4138604
PYTHUSDT,SELL,LIMIT,1701016025421,3312,0.4137001
PYTHUSDT,SELL,LIMIT,1701016026512,3994,0.4125659
PYTHUSDT,SELL,LIMIT,1701016028116,321,0.4111452
PYTHUSDT,SELL,LIMIT,1701016029188,4470,0.4107881
PYTHUSDT,SELL,LIMIT,1701016030168,1010,0.4096641
PYTHUSDT,SELL,LIMIT,1701016031149,96,0.4096317
PYTHUSDT,SELL,LIMIT,1701016032359,14,0.4094348
PYTHUSDT,SELL,LIMIT,1701016033273,184,0.4086412
PYTHUSDT,SELL,LIMIT,1701016034512,20,0.4082276
PYTHUSDT,SELL,LIMIT,1701016035607,18640,0.4063657
PYTHUSDT,SELL,LIMIT,1701016037490,6996,0.4076918
PYTHUSDT,SELL,LIMIT,1701016039256,43,0.4075674
PYTHUSDT,SELL,LIMIT,1701016041247,179,0.4075108
PYTHUSDT,SELL,LIMIT,1701016042372,209,0.4080420
PYTHUSDT,SELL,LIMIT,1701016045481,1054,0.4080600
PYTHUSDT,SELL,LIMIT,1701016046958,1133,0.4080600
PYTHUSDT,SELL,LIMIT,1701016047678,41,0.4082193
PYTHUSDT,SELL,LIMIT,1701016067569,5489,0.4077183
PYTHUSDT,SELL,LIMIT,1701016069060,1965,0.4073288
PYTHUSDT,SELL,LIMIT,1701016070125,2675,0.4068542
PYTHUSDT,SELL,LIMIT,1701016072123,1002,0.4066975
PYTHUSDT,SELL,LIMIT,1701016076397,23,0.4066959
PYTHUSDT,SELL,LIMIT,1701016078040,11853,0.4056939
PYTHUSDT,SELL,LIMIT,1701016079058,719,0.4027739
PYTHUSDT,SELL,LIMIT,1701016080081,1439,0.4026670
PYTHUSDT,SELL,LIMIT,1701016081119,9166,0.4004308
PYTHUSDT,SELL,LIMIT,1701016082234,16581,0.3994559
PYTHUSDT,SELL,LIMIT,1701016083519,8031,0.4001678
PYTHUSDT,SELL,LIMIT,1701016086367,141,0.4005011
PYTHUSDT,SELL,LIMIT,1701016088068,113,0.3992319
PYTHUSDT,SELL,LIMIT,1701016089041,893,0.3993599
PYTHUSDT,SELL,LIMIT,1701016094072,766,0.3980247
PYTHUSDT,SELL,LIMIT,1701016095121,11847,0.3977759
PYTHUSDT,SELL,LIMIT,1701016096191,2252,0.3972954
PYTHUSDT,SELL,LIMIT,1701016097311,867,0.3974279
PYTHUSDT,SELL,LIMIT,1701016098176,140,0.3958689
PYTHUSDT,SELL,LIMIT,1701016099159,1956,0.3959688
PYTHUSDT,SELL,LIMIT,1701016101119,2500,0.3953856
PYTHUSDT,SELL,LIMIT,1701016102109,200,0.3946198
PYTHUSDT,SELL,LIMIT,1701016102936,1449,0.3948139
PYTHUSDT,SELL,LIMIT,1701016104521,1592,0.3944115
PYTHUSDT,SELL,LIMIT,1701016107251,1210,0.3941550
PYTHUSDT,SELL,LIMIT,1701016108524,5323,0.3948502
PYTHUSDT,SELL,LIMIT,1701016112402,5657,0.3943196
PYTHUSDT,SELL,LIMIT,1701016114309,134,0.3942008
PYTHUSDT,BUY,LIMIT,1701016130994,193,0.4081962
PYTHUSDT,BUY,LIMIT,1701016153648,372,0.4137048
PYTHUSDT,BUY,LIMIT,1701016220111,1147,0.4192709
PYTHUSDT,BUY,LIMIT,1701016268295,267,0.4237225
PYTHUSDT,SELL,LIMIT,1701016508276,1815,0.4127151
PYTHUSDT,BUY,LIMIT,1701016529061,603,0.4265227
PYTHUSDT,BUY,LIMIT,1701016530269,415,0.4266549
PYTHUSDT,SELL,LIMIT,1701016593789,399,0.4101049
PYTHUSDT,SELL,LIMIT,1701016603514,2378,0.4094469
PYTHUSDT,BUY,LIMIT,1701016644396,1017,0.4242651
PYTHUSDT,BUY,LIMIT,1701016730507,579,0.4269836
PYTHUSDT,BUY,LIMIT,1701016736171,8213,0.4279427
PYTHUSDT,BUY,LIMIT,1701016782383,250,0.4290499
PYTHUSDT,SELL,LIMIT,1701016846858,307,0.4135045
PYTHUSDT,SELL,LIMIT,1701016868485,2601,0.4118101
PYTHUSDT,SELL,LIMIT,1701016871069,11884,0.4116835
PYTHUSDT,BUY,LIMIT,1701016930287,2974,0.4265831
PYTHUSDT,BUY,LIMIT,1701017050964,1797,0.4293105
PYTHUSDT,BUY,LIMIT,1701017056635,176,0.4298542
PYTHUSDT,BUY,LIMIT,1701017061277,940,0.4300530
PYTHUSDT,BUY,LIMIT,1701017071133,290,0.4302504
PYTHUSDT,BUY,LIMIT,1701017184291,1026,0.4297194
PYTHUSDT,SELL,LIMIT,1701017268002,784,0.4141841
PYTHUSDT,BUY,LIMIT,1701017315517,122,0.4306865
PYTHUSDT,BUY,LIMIT,1701017322534,1431,0.4310710
PYTHUSDT,SELL,LIMIT,1701017638925,1135,0.4172820
PYTHUSDT,BUY,LIMIT,1701017766385,435,0.4307430
PYTHUSDT,BUY,LIMIT,1701017797101,79,0.4327023
PYTHUSDT,SELL,LIMIT,1701018111232,2153,0.4185424
PYTHUSDT,SELL,LIMIT,1701018312237,7051,0.4191336
PYTHUSDT,BUY,LIMIT,1701018376029,337,0.4339144
PYTHUSDT,BUY,LIMIT,1701018419303,130,0.4351381
PYTHUSDT,BUY,LIMIT,1701018506658,451,0.4368722
PYTHUSDT,BUY,LIMIT,1701018510708,23724,0.4392760
PYTHUSDT,BUY,LIMIT,1701018571451,2487,0.4381420
PYTHUSDT,BUY,LIMIT,1701018597154,2396,0.4396220
PYTHUSDT,SELL,LIMIT,1701018683287,45,0.4243212
PYTHUSDT,SELL,LIMIT,1701018686276,11562,0.4238996
PYTHUSDT,SELL,LIMIT,1701018687458,4624,0.4237835
PYTHUSDT,BUY,LIMIT,1701019106108,289,0.4391322
PYTHUSDT,BUY,LIMIT,1701019197915,4764,0.4409462
PYTHUSDT,BUY,LIMIT,1701019202090,49,0.4413483
PYTHUSDT,BUY,LIMIT,1701019203271,558,0.4413801
PYTHUSDT,BUY,LIMIT,1701019309159,63,0.4434090
PYTHUSDT,BUY,LIMIT,1701019442823,24526,0.4461650
PYTHUSDT,SELL,LIMIT,1701019678155,2891,0.4285075
PYTHUSDT,SELL,LIMIT,1701019679185,83,0.4282568
PYTHUSDT,BUY,LIMIT,1701019977528,6725,0.4465941
PYTHUSDT,BUY,LIMIT,1701020324098,33,0.4470869
PYTHUSDT,BUY,LIMIT,1701020335076,2,0.4472445
PYTHUSDT,BUY,LIMIT,1701020393699,14467,0.4493157
PYTHUSDT,SELL,LIMIT,1701020729402,3128,0.4339133
PYTHUSDT,SELL,LIMIT,1701020746389,13,0.4332831
PYTHUSDT,SELL,LIMIT,1701020895778,103,0.4313252
PYTHUSDT,SELL,LIMIT,1701020982431,903,0.4294546
PYTHUSDT,SELL,LIMIT,1701021231876,311,0.4290848
PYTHUSDT,SELL,LIMIT,1701021303522,17,0.4278470
PYTHUSDT,SELL,LIMIT,1701021304525,247,0.4275962
PYTHUSDT,SELL,LIMIT,1701021765243,566,0.4255507
PYTHUSDT,SELL,LIMIT,1701021777265,1825,0.4230714
PYTHUSDT,SELL,LIMIT,1701021778290,12,0.4230220
PYTHUSDT,SELL,LIMIT,1701021779310,897,0.4214615
PYTHUSDT,BUY,LIMIT,1701021989644,166,0.4384037
PYTHUSDT,BUY,LIMIT,1701022004591,154,0.4387040
PYTHUSDT,BUY,LIMIT,1701022110192,178,0.4406279
PYTHUSDT,SELL,LIMIT,1701022978815,139,0.4277508
PYTHUSDT,SELL,LIMIT,1701023041836,470,0.4268519
PYTHUSDT,BUY,LIMIT,1701023456906,1377,0.4402526
PYTHUSDT,BUY,LIMIT,1701023994251,315,0.4420552
PYTHUSDT,BUY,LIMIT,1701025166589,810,0.4406555
PYTHUSDT,BUY,LIMIT,1701025429133,53,0.4419532
PYTHUSDT,BUY,LIMIT,1701025553197,57,0.4431625
PYTHUSDT,BUY,LIMIT,1701025566947,276,0.4436130
PYTHUSDT,SELL,LIMIT,1701026390114,33,0.4289262
PYTHUSDT,SELL,LIMIT,1701026609182,356,0.4275962
PYTHUSDT,SELL,LIMIT,1701026618210,3215,0.4274643
PYTHUSDT,BUY,LIMIT,1701027480209,131,0.4445491
PYTHUSDT,BUY,LIMIT,1701027759390,90,0.4457825
PYTHUSDT,SELL,LIMIT,1701028217795,98,0.4299449
PYTHUSDT,SELL,LIMIT,1701028237370,1470,0.4291296
PYTHUSDT,SELL,LIMIT,1701028287056,162,0.4268900
PYTHUSDT,SELL,LIMIT,1701029684513,511,0.4277626
PYTHUSDT,BUY,LIMIT,1701030143989,55,0.4458783
PYTHUSDT,SELL,LIMIT,1701030790192,783,0.4324539
PYTHUSDT,BUY,LIMIT,1701031599132,62,0.4490166
PYTHUSDT,BUY,LIMIT,1701031688014,19,0.4502921
PYTHUSDT,BUY,LIMIT,1701031689850,775,0.4505476
PYTHUSDT,BUY,LIMIT,1701031699003,480,0.4510416
PYTHUSDT,BUY,LIMIT,1701032271253,914,0.4518557
PYTHUSDT,SELL,LIMIT,1701033843001,546,0.4318808
PYTHUSDT,SELL,LIMIT,1701033990772,444,0.4326121
PYTHUSDT,BUY,LIMIT,1701035486058,75,0.4508408
PYTHUSDT,BUY,LIMIT,1701036562829,1308,0.4541839
PYTHUSDT,BUY,LIMIT,1701036608852,2178,0.4545316
PYTHUSDT,BUY,LIMIT,1701036887483,333,0.4545275
PYTHUSDT,SELL,LIMIT,1701037062426,962,0.4420207
PYTHUSDT,BUY,LIMIT,1701037401065,565,0.4528105
PYTHUSDT,BUY,LIMIT,1701038374582,144,0.4549351
PYTHUSDT,BUY,LIMIT,1701038400965,166,0.4551756
PYTHUSDT,BUY,LIMIT,1701038407481,301,0.4553542
PYTHUSDT,BUY,LIMIT,1701038428548,30,0.4555668
PYTHUSDT,BUY,LIMIT,1701038638201,1814,0.4562697
PYTHUSDT,BUY,LIMIT,1701038664915,4746,0.4573200
PYTHUSDT,BUY,LIMIT,1701039132243,25,0.4579188
PYTHUSDT,SELL,LIMIT,1701039817464,446,0.4410901
PYTHUSDT,SELL,LIMIT,1701039843307,2111,0.4406202
PYTHUSDT,SELL,LIMIT,1701039945408,201,0.4400119
PYTHUSDT,SELL,LIMIT,1701040062179,10900,0.4376233
PYTHUSDT,SELL,LIMIT,1701040320239,83,0.4371877
PYTHUSDT,SELL,LIMIT,1701040636159,24,0.4355096
PYTHUSDT,SELL,LIMIT,1701040638901,8143,0.4347797
PYTHUSDT,SELL,LIMIT,1701041853701,87,0.4332142
PYTHUSDT,SELL,LIMIT,1701041858729,726,0.4331601
PYTHUSDT,SELL,LIMIT,1701043591473,59,0.4341602
PYTHUSDT,SELL,LIMIT,1701043602894,301,0.4333486
PYTHUSDT,SELL,LIMIT,1701043654246,11301,0.4328682
PYTHUSDT,BUY,LIMIT,1701045022152,172,0.4521602
PYTHUSDT,BUY,LIMIT,1701045634193,481,0.4526580
PYTHUSDT,BUY,LIMIT,1701045726703,18,0.4530658
PYTHUSDT,SELL,LIMIT,1701046075458,642,0.4377749
PYTHUSDT,SELL,LIMIT,1701046862054,1136,0.4370306
PYTHUSDT,SELL,LIMIT,1701047068094,161,0.4318091
PYTHUSDT,SELL,LIMIT,1701047074143,2160,0.4309063
PYTHUSDT,SELL,LIMIT,1701047075163,97,0.4313890
PYTHUSDT,SELL,LIMIT,1701047076787,3213,0.4300020
PYTHUSDT,SELL,LIMIT,1701047625787,877,0.4279869
PYTHUSDT,SELL,LIMIT,1701047629078,7179,0.4275172
PYTHUSDT,SELL,LIMIT,1701047718758,784,0.4270733
PYTHUSDT,SELL,LIMIT,1701047755271,21682,0.4241856
PYTHUSDT,SELL,LIMIT,1701047758165,932,0.4252489
PYTHUSDT,SELL,LIMIT,1701047779337,324,0.4243644
PYTHUSDT,SELL,LIMIT,1701047795418,6694,0.4241077
PYTHUSDT,SELL,LIMIT,1701047797275,847,0.4234044
PYTHUSDT,SELL,LIMIT,1701047812027,189,0.4223003
PYTHUSDT,BUY,LIMIT,1701048432243,15,0.4378720
PYTHUSDT,BUY,LIMIT,1701048442714,431,0.4383875
PYTHUSDT,SELL,LIMIT,1701048780340,8304,0.4225798
PYTHUSDT,SELL,LIMIT,1701048834084,3027,0.4185571
PYTHUSDT,SELL,LIMIT,1701048835222,4854,0.4188695
PYTHUSDT,SELL,LIMIT,1701049208306,36,0.4225828
PYTHUSDT,SELL,LIMIT,1701049349745,57,0.4209891
PYTHUSDT,SELL,LIMIT,1701049568396,9540,0.4187806
PYTHUSDT,SELL,LIMIT,1701049585258,212,0.4184571
PYTHUSDT,SELL,LIMIT,1701049595305,1025,0.4162911
PYTHUSDT,SELL,LIMIT,1701049597470,115,0.4157419
PYTHUSDT,SELL,LIMIT,1701049602077,227,0.4156615
PYTHUSDT,SELL,LIMIT,1701049603164,2642,0.4148052
PYTHUSDT,SELL,LIMIT,1701049604670,28460,0.4117372
PYTHUSDT,SELL,LIMIT,1701049605733,68,0.4139048
PYTHUSDT,SELL,LIMIT,1701049608056,4818,0.4134666
PYTHUSDT,SELL,LIMIT,1701049609088,14,0.4135289
PYTHUSDT,SELL,LIMIT,1701049611605,68,0.4134899
PYTHUSDT,SELL,LIMIT,1701049613615,1355,0.4130097
PYTHUSDT,BUY,LIMIT,1701050443094,119,0.4389304
PYTHUSDT,SELL,LIMIT,1701050694218,306,0.4217844
PYTHUSDT,SELL,LIMIT,1701051335166,883,0.4255201
PYTHUSDT,SELL,LIMIT,1701051694320,1960,0.4230088
PYTHUSDT,SELL,LIMIT,1701051855349,37,0.4198261
PYTHUSDT,BUY,LIMIT,1701051909959,44,0.4339881
PYTHUSDT,BUY,LIMIT,1701051966737,1828,0.4383062
PYTHUSDT,SELL,LIMIT,1701052137562,2622,0.4229223
PYTHUSDT,SELL,LIMIT,1701052142675,760,0.4221689
PYTHUSDT,SELL,LIMIT,1701052905336,208,0.4206226
PYTHUSDT,SELL,LIMIT,1701053563881,240,0.4207940
PYTHUSDT,BUY,LIMIT,1701054148424,667,0.4379021
PYTHUSDT,SELL,LIMIT,1701054440814,700,0.4234751
PYTHUSDT,SELL,LIMIT,1701054494898,2468,0.4219019
PYTHUSDT,BUY,LIMIT,1701055038747,1052,0.4336080
PYTHUSDT,SELL,LIMIT,1701055062791,45,0.4196101
PYTHUSDT,SELL,LIMIT,1701055329821,75,0.4185945
PYTHUSDT,SELL,LIMIT,1701055330866,40,0.4184578
PYTHUSDT,SELL,LIMIT,1701055358174,3528,0.4166268
PYTHUSDT,SELL,LIMIT,1701055360059,7313,0.4165622
PYTHUSDT,SELL,LIMIT,1701055634487,1105,0.4174431
PYTHUSDT,SELL,LIMIT,1701056050241,400,0.4169506
PYTHUSDT,SELL,LIMIT,1701056101839,598,0.4163596
PYTHUSDT,SELL,LIMIT,1701056139759,5948,0.4166414
PYTHUSDT,SELL,LIMIT,1701056142114,30,0.4163596
PYTHUSDT,SELL,LIMIT,1701056168293,103,0.4156062
PYTHUSDT,SELL,LIMIT,1701056174791,3250,0.4151342
PYTHUSDT,SELL,LIMIT,1701056270651,91,0.4116060
PYTHUSDT,SELL,LIMIT,1701056281061,24107,0.4078903
PYTHUSDT,SELL,LIMIT,1701056282209,1899,0.4101505
PYTHUSDT,SELL,LIMIT,1701056283427,3292,0.4085781
PYTHUSDT,BUY,LIMIT,1701056814600,282,0.4303425
PYTHUSDT,BUY,LIMIT,1701057570103,28,0.4318003
PYTHUSDT,SELL,LIMIT,1701057798897,1407,0.4164307
PYTHUSDT,SELL,LIMIT,1701057817475,619,0.4157121
PYTHUSDT,BUY,LIMIT,1701058327278,23,0.4329912
PYTHUSDT,BUY,LIMIT,1701060483326,114,0.4300475
PYTHUSDT,BUY,LIMIT,1701061031643,234,0.4355712
PYTHUSDT,BUY,LIMIT,1701061500395,227,0.4379772
PYTHUSDT,SELL,LIMIT,1701062249261,1578,0.4219729
PYTHUSDT,SELL,LIMIT,1701062760784,12,0.4199715
PYTHUSDT,SELL,LIMIT,1701063207245,1349,0.4165988
PYTHUSDT,SELL,LIMIT,1701063597787,11736,0.4170818
PYTHUSDT,SELL,LIMIT,1701063689790,1585,0.4148882
PYTHUSDT,SELL,LIMIT,1701063693893,2433,0.4138275
PYTHUSDT,SELL,LIMIT,1701063855576,7554,0.4145784
