Symbol,Side,Order Type,Time,Quantity,Price
QNTUSDT,SELL,LIMIT,1701925448818,12.5,110.422099
QNTUSDT,SELL,LIMIT,1701939173704,22.0,107.576786
QNTUSDT,SELL,LIMIT,1701940006253,1.4,107.368016
QNTUSDT,SELL,LIMIT,1701940556653,0.7,107.012081
QNTUSDT,SELL,LIMIT,1701940562588,0.1,106.940994
QNTUSDT,SELL,LIMIT,1701940568857,2.8,106.809572
QNTUSDT,SELL,LIMIT,1701941066829,2.1,106.443535
QNTUSDT,SELL,LIMIT,1701941068825,1.5,106.373509
QNTUSDT,SELL,LIMIT,1701941074014,1.8,106.378546
QNTUSDT,SELL,LIMIT,1701941075177,10.1,106.290683
QNTUSDT,SELL,LIMIT,1701941111815,0.1,106.237287
QNTUSDT,SELL,LIMIT,1701941112978,1.7,106.224642
QNTUSDT,SELL,LIMIT,1701941157436,0.1,106.151197
QNTUSDT,SELL,LIMIT,1701941171316,1.5,105.778558
QNTUSDT,SELL,LIMIT,1701941177873,6.7,105.717332
QNTUSDT,SELL,LIMIT,1701941179368,13.8,105.518017
QNTUSDT,SELL,LIMIT,1701941190924,18.0,105.494326
QNTUSDT,SELL,LIMIT,1701941236828,0.9,105.436235
QNTUSDT,SELL,LIMIT,1701941239186,0.7,105.327410
QNTUSDT,SELL,LIMIT,1701941241388,2.8,105.324798
QNTUSDT,SELL,LIMIT,1701941246439,0.4,105.237001
QNTUSDT,BUY,LIMIT,1701953976591,0.1,110.645270
QNTUSDT,BUY,LIMIT,1701963021684,0.3,112.979230
QNTUSDT,BUY,LIMIT,1701963025292,0.7,113.008660
QNTUSDT,BUY,LIMIT,1702045800061,0.3,110.363231
QNTUSDT,BUY,LIMIT,1702052161449,0.4,111.645400
QNTUSDT,BUY,LIMIT,1702053445379,0.7,112.417864
QNTUSDT,BUY,LIMIT,1702053453091,2.4,112.418021
QNTUSDT,BUY,LIMIT,1702065585072,0.3,114.322704
QNTUSDT,BUY,LIMIT,1702068569038,12.0,115.060218
QNTUSDT,BUY,LIMIT,1702069089123,0.4,115.258388
QNTUSDT,SELL,LIMIT,1702070519418,1.0,112.930605
QNTUSDT,BUY,LIMIT,1702073913319,0.7,115.781236
QNTUSDT,BUY,LIMIT,1702078502987,0.1,116.072320
QNTUSDT,BUY,LIMIT,1702080690330,0.1,116.355874
QNTUSDT,BUY,LIMIT,1702080750110,10.4,116.397801
QNTUSDT,BUY,LIMIT,1702080850004,15.6,116.389213
QNTUSDT,BUY,LIMIT,1702081656303,1.3,116.803375
QNTUSDT,BUY,LIMIT,1702082396560,1.7,116.918727
QNTUSDT,BUY,LIMIT,1702082566720,2.8,116.940405
QNTUSDT,BUY,LIMIT,1702082671360,0.9,117.160171
QNTUSDT,BUY,LIMIT,1702082697382,3.8,117.276411
QNTUSDT,BUY,LIMIT,1702083108480,0.7,118.061677
QNTUSDT,BUY,LIMIT,1702104943198,1.8,118.391539
QNTUSDT,BUY,LIMIT,1702105747965,3.6,119.058819
QNTUSDT,BUY,LIMIT,1702105771770,15.7,119.117497
QNTUSDT,BUY,LIMIT,1702108570382,2.2,119.349620
QNTUSDT,SELL,LIMIT,1702110982493,0.7,116.214746
QNTUSDT,SELL,LIMIT,1702111029135,0.1,117.916524
QNTUSDT,SELL,LIMIT,1702111045408,13.6,116.722370
QNTUSDT,SELL,LIMIT,1702111389421,1.9,115.317715
QNTUSDT,BUY,LIMIT,1702112597153,0.1,120.165929
QNTUSDT,BUY,LIMIT,1702124646156,1.8,119.444664
QNTUSDT,BUY,LIMIT,1702126329184,2.8,120.370935
QNTUSDT,BUY,LIMIT,1702126414442,1.4,120.534743
QNTUSDT,BUY,LIMIT,1702126440184,2.9,120.654191
QNTUSDT,BUY,LIMIT,1702126486511,0.7,121.116426
QNTUSDT,SELL,LIMIT,1702133000892,0.1,116.627111
QNTUSDT,SELL,LIMIT,1702133004427,0.2,116.534026
