Symbol,Side,Order Type,Time,Quantity,Price
QNTUSDT,SELL,LIMIT,1701925448818,12.5,110.422099
QNTUSDT,SELL,LIMIT,1701939173704,22.0,107.576786
QNTUSDT,SELL,LIMIT,1701940006253,1.4,107.368016
QNTUSDT,SELL,LIMIT,1701940556653,0.7,107.012081
QNTUSDT,SELL,LIMIT,1701940562588,0.1,106.940994
QNTUSDT,SELL,LIMIT,1701940568857,2.8,106.809572
QNTUSDT,SELL,LIMIT,1701941066829,2.1,106.443535
QNTUSDT,SELL,LIMIT,1701941068825,1.5,106.373509
QNTUSDT,SELL,LIMIT,1701941074014,1.8,106.378546
QNTUSDT,SELL,LIMIT,1701941075177,10.1,106.290683
QNTUSDT,SELL,LIMIT,1701941111815,0.1,106.237287
QNTUSDT,SELL,LIMIT,1701941112978,1.7,106.224642
QNTUSDT,SELL,LIMIT,1701941157436,0.1,106.151197
QNTUSDT,SELL,LIMIT,1701941171316,1.5,105.778558
QNTUSDT,SELL,LIMIT,1701941177873,6.7,105.717332
QNTUSDT,SELL,LIMIT,1701941179368,13.8,105.518017
QNTUSDT,SELL,LIMIT,1701941190924,18.0,105.494326
QNTUSDT,SELL,LIMIT,1701941236828,0.9,105.436235
QNTUSDT,SELL,LIMIT,1701941239186,0.7,105.327410
QNTUSDT,SELL,LIMIT,1701941241388,2.8,105.324798
QNTUSDT,SELL,LIMIT,1701941246439,0.4,105.237001
QNTUSDT,BUY,LIMIT,1701953976591,0.1,110.645270
QNTUSDT,BUY,LIMIT,1701963021684,0.3,112.979230
QNTUSDT,BUY,LIMIT,1701963025292,0.7,113.008660
QNTUSDT,BUY,LIMIT,1702045800061,0.3,110.363231
QNTUSDT,BUY,LIMIT,1702052161449,0.4,111.645400
QNTUSDT,BUY,LIMIT,1702053445379,0.7,112.417864
QNTUSDT,BUY,LIMIT,1702053453091,2.4,112.418021
QNTUSDT,BUY,LIMIT,1702065585072,0.3,114.322704
QNTUSDT,BUY,LIMIT,1702068569038,12.0,115.060218
QNTUSDT,BUY,LIMIT,1702069089123,0.4,115.258388
QNTUSDT,SELL,LIMIT,1702070519418,1.0,112.930605
QNTUSDT,BUY,LIMIT,1702073913319,0.7,115.781236
QNTUSDT,BUY,LIMIT,1702078502987,0.1,116.072320
QNTUSDT,BUY,LIMIT,1702080690330,0.1,116.355874
QNTUSDT,BUY,LIMIT,1702080750110,10.4,116.397801
QNTUSDT,BUY,LIMIT,1702080850004,15.6,116.389213
QNTUSDT,BUY,LIMIT,1702081656303,1.3,116.803375
QNTUSDT,BUY,LIMIT,1702082396560,1.7,116.918727
QNTUSDT,BUY,LIMIT,1702082566720,2.8,116.940405
QNTUSDT,BUY,LIMIT,1702082671360,0.9,117.160171
QNTUSDT,BUY,LIMIT,1702082697382,3.8,117.276411
QNTUSDT,BUY,LIMIT,1702083108480,0.7,118.061677
QNTUSDT,BUY,LIMIT,1702104943198,1.8,118.391539
QNTUSDT,BUY,LIMIT,1702105747965,3.6,119.058819
QNTUSDT,BUY,LIMIT,1702105771770,15.7,119.117497
QNTUSDT,BUY,LIMIT,1702108570382,2.2,119.349620
QNTUSDT,SELL,LIMIT,1702110982493,0.7,116.214746
QNTUSDT,SELL,LIMIT,1702111029135,0.1,117.916524
QNTUSDT,SELL,LIMIT,1702111045408,13.6,116.722370
QNTUSDT,SELL,LIMIT,1702111389421,1.9,115.317715
QNTUSDT,BUY,LIMIT,1702112597153,0.1,120.165929
QNTUSDT,BUY,LIMIT,1702124646156,1.8,119.444664
QNTUSDT,BUY,LIMIT,1702126329184,2.8,120.370935
QNTUSDT,BUY,LIMIT,1702126414442,1.4,120.534743
QNTUSDT,BUY,LIMIT,1702126440184,2.9,120.654191
QNTUSDT,BUY,LIMIT,1702126486511,0.7,121.116426
QNTUSDT,SELL,LIMIT,1702133000892,0.1,116.627111
QNTUSDT,SELL,LIMIT,1702133004427,0.2,116.534026
QNTUSDT,BUY,LIMIT,1702138184262,6.0,121.826950
QNTUSDT,BUY,LIMIT,1702138185280,0.2,121.874026
QNTUSDT,SELL,LIMIT,1702141858213,0.3,116.766337
QNTUSDT,SELL,LIMIT,1702153694414,2.0,115.107301
QNTUSDT,SELL,LIMIT,1702164144925,9.2,114.362867
QNTUSDT,SELL,LIMIT,1702164752318,7.1,113.672906
QNTUSDT,SELL,LIMIT,1702164802127,3.3,113.493483
QNTUSDT,SELL,LIMIT,1702164804158,1.6,113.343156
QNTUSDT,SELL,LIMIT,1702164808243,0.1,113.312571
QNTUSDT,SELL,LIMIT,1702164810925,3.9,113.257283
QNTUSDT,SELL,LIMIT,1702200883870,2.2,112.943673
QNTUSDT,SELL,LIMIT,1702200890191,10.0,113.405906
QNTUSDT,SELL,LIMIT,1702202158126,3.3,112.566977
QNTUSDT,SELL,LIMIT,1702202267739,0.4,112.424401
QNTUSDT,SELL,LIMIT,1702202324352,10.1,112.183112
QNTUSDT,SELL,LIMIT,1702202325353,0.8,112.209039
QNTUSDT,SELL,LIMIT,1702202380362,0.1,112.087801
QNTUSDT,BUY,LIMIT,1702240714618,35.1,116.358785
QNTUSDT,BUY,LIMIT,1702260434891,0.1,113.463507
QNTUSDT,SELL,LIMIT,1702260440638,0.4,112.576051
QNTUSDT,SELL,LIMIT,1702260636266,0.1,112.108621
QNTUSDT,SELL,LIMIT,1702260691076,16.8,111.967060
QNTUSDT,SELL,LIMIT,1702260696923,1.6,111.936474
QNTUSDT,SELL,LIMIT,1702260707281,7.0,111.684027
QNTUSDT,SELL,LIMIT,1702260708875,0.1,111.640681
QNTUSDT,SELL,LIMIT,1702260711572,0.8,111.616792
QNTUSDT,SELL,LIMIT,1702260712745,2.0,111.400164
QNTUSDT,SELL,LIMIT,1702260714987,0.8,111.334243
QNTUSDT,SELL,LIMIT,1702260716028,2.4,111.291049
QNTUSDT,SELL,LIMIT,1702260719655,0.2,111.457260
QNTUSDT,SELL,LIMIT,1702260721986,0.8,111.250732
QNTUSDT,SELL,LIMIT,1702260724210,0.1,111.129801
QNTUSDT,SELL,LIMIT,1702260730702,1.2,111.034580
QNTUSDT,SELL,LIMIT,1702260733888,0.6,111.007001
QNTUSDT,SELL,LIMIT,1702260741693,0.6,111.107857
QNTUSDT,SELL,LIMIT,1702260742795,15.0,110.966171
QNTUSDT,SELL,LIMIT,1702260744870,87.1,110.143076
QNTUSDT,SELL,LIMIT,1702260745894,4.5,110.872594
QNTUSDT,SELL,LIMIT,1702260747633,0.2,110.756646
QNTUSDT,SELL,LIMIT,1702260748944,0.1,110.719272
QNTUSDT,SELL,LIMIT,1702260750775,5.0,110.647499
QNTUSDT,SELL,LIMIT,1702260752825,0.2,110.537416
QNTUSDT,SELL,LIMIT,1702260755807,37.5,110.466203
QNTUSDT,SELL,LIMIT,1702260757645,15.5,110.447103
QNTUSDT,SELL,LIMIT,1702260758987,0.8,110.374562
QNTUSDT,SELL,LIMIT,1702260760011,4.0,110.341728
QNTUSDT,SELL,LIMIT,1702260761831,0.7,113.296096
QNTUSDT,SELL,LIMIT,1702260763034,0.1,110.261231
QNTUSDT,SELL,LIMIT,1702260764755,0.1,110.250851
QNTUSDT,SELL,LIMIT,1702260766715,0.1,110.180431
QNTUSDT,SELL,LIMIT,1702260767883,0.1,110.284661
QNTUSDT,SELL,LIMIT,1702260769322,40.0,110.158030
QNTUSDT,SELL,LIMIT,1702260770533,14.1,115.513100
QNTUSDT,SELL,LIMIT,1702260771819,0.1,110.030761
QNTUSDT,SELL,LIMIT,1702260772860,0.8,109.959227
QNTUSDT,SELL,LIMIT,1702260774317,3.6,110.003385
QNTUSDT,SELL,LIMIT,1702260775370,2.6,110.270644
QNTUSDT,SELL,LIMIT,1702260776419,0.2,109.800331
QNTUSDT,SELL,LIMIT,1702260778207,0.1,109.845321
QNTUSDT,SELL,LIMIT,1702260780630,84.7,109.033535
QNTUSDT,SELL,LIMIT,1702260782039,0.1,109.828151
QNTUSDT,SELL,LIMIT,1702260783050,0.1,109.797351
QNTUSDT,SELL,LIMIT,1702260784816,0.1,109.640831
QNTUSDT,SELL,LIMIT,1702260787003,3.7,109.934667
QNTUSDT,SELL,LIMIT,1702260788732,9.4,109.489932
QNTUSDT,SELL,LIMIT,1702260789834,0.1,109.412991
QNTUSDT,SELL,LIMIT,1702260792491,0.7,109.423384
QNTUSDT,SELL,LIMIT,1702260793844,0.2,109.393421
QNTUSDT,SELL,LIMIT,1702260797311,47.2,109.218755
QNTUSDT,SELL,LIMIT,1702260798551,0.3,109.285614
QNTUSDT,SELL,LIMIT,1702260799583,7.8,109.125521
QNTUSDT,SELL,LIMIT,1702260800766,0.1,109.009201
QNTUSDT,BUY,LIMIT,1702260801979,0.4,111.215932
QNTUSDT,SELL,LIMIT,1702260803539,47.8,108.791167
QNTUSDT,SELL,LIMIT,1702260805873,17.3,108.942253
QNTUSDT,SELL,LIMIT,1702260806901,0.4,133.316305
QNTUSDT,SELL,LIMIT,1702260807908,0.1,108.980231
QNTUSDT,SELL,LIMIT,1702260809166,15.2,109.055005
QNTUSDT,SELL,LIMIT,1702260812222,2.4,108.944062
QNTUSDT,SELL,LIMIT,1702260813890,16.1,108.903886
QNTUSDT,SELL,LIMIT,1702260815131,2.1,108.987712
QNTUSDT,SELL,LIMIT,1702260817552,17.4,110.621895
QNTUSDT,SELL,LIMIT,1702260818711,0.1,108.645771
QNTUSDT,SELL,LIMIT,1702260821816,0.1,108.144354
QNTUSDT,SELL,LIMIT,1702260857432,9.5,108.123415
QNTUSDT,SELL,LIMIT,1702260861356,0.4,108.088201
QNTUSDT,SELL,LIMIT,1702260874399,0.9,107.851784
QNTUSDT,SELL,LIMIT,1702260876618,12.7,107.803702
QNTUSDT,SELL,LIMIT,1702260887479,0.5,107.541503
