Symbol,Side,Order Type,Time,Quantity,Price
QTUMUSDT,BUY,LIMIT,1701923831535,1.6,3.300
QTUMUSDT,SELL,LIMIT,1701928218910,105.3,3.229
QTUMUSDT,SELL,LIMIT,1701931041789,9.5,3.242
QTUMUSDT,BUY,LIMIT,1701931291740,1.8,3.360
QTUMUSDT,BUY,LIMIT,1701931368798,8.5,3.372
QTUMUSDT,SELL,LIMIT,1701932027857,8.5,3.249
QTUMUSDT,SELL,LIMIT,1701934831052,156.8,3.222
QTUMUSDT,SELL,LIMIT,1701939360405,203.7,3.192
QTUMUSDT,SELL,LIMIT,1701939526305,2.0,3.181
QTUMUSDT,SELL,LIMIT,1701940009530,1.8,3.172
QTUMUSDT,SELL,LIMIT,1701940531445,21.0,3.163
QTUMUSDT,SELL,LIMIT,1701940559254,106.2,3.157
QTUMUSDT,SELL,LIMIT,1701940560382,42.1,3.156
QTUMUSDT,SELL,LIMIT,1701940562995,609.0,3.154
QTUMUSDT,SELL,LIMIT,1701941060595,1.6,3.134
QTUMUSDT,SELL,LIMIT,1701941074572,30.0,3.133
QTUMUSDT,SELL,LIMIT,1701941156409,14.8,3.124
QTUMUSDT,SELL,LIMIT,1701941171459,22.2,3.120
QTUMUSDT,SELL,LIMIT,1701941174308,101.8,3.118
QTUMUSDT,SELL,LIMIT,1701941182382,800.9,3.116
QTUMUSDT,SELL,LIMIT,1701941243061,91.0,3.102
QTUMUSDT,SELL,LIMIT,1701943583565,3.3,3.141
QTUMUSDT,SELL,LIMIT,1701944394808,408.0,3.139
QTUMUSDT,SELL,LIMIT,1701951337174,46.6,3.153
QTUMUSDT,BUY,LIMIT,1701953976590,0.1,3.274
QTUMUSDT,BUY,LIMIT,1701962838384,402.2,3.298
QTUMUSDT,BUY,LIMIT,1701968420268,3.5,3.342
QTUMUSDT,BUY,LIMIT,1701970200679,42.1,3.342
QTUMUSDT,SELL,LIMIT,1701981610320,55.2,3.200
QTUMUSDT,SELL,LIMIT,1701995921496,328.5,3.244
QTUMUSDT,SELL,LIMIT,1701996051885,7.5,3.239
QTUMUSDT,BUY,LIMIT,1702007250696,1528.4,3.351
QTUMUSDT,SELL,LIMIT,1702019148257,3.7,3.235
QTUMUSDT,SELL,LIMIT,1702020530518,6.1,3.217
QTUMUSDT,SELL,LIMIT,1702020532697,12.1,3.216
QTUMUSDT,BUY,LIMIT,1702032916635,91.3,3.369
QTUMUSDT,SELL,LIMIT,1702034797332,451.5,3.288
QTUMUSDT,BUY,LIMIT,1702036194918,2000.0,3.401
QTUMUSDT,SELL,LIMIT,1702037445920,115.1,3.272
QTUMUSDT,BUY,LIMIT,1702038430412,112.2,3.394
QTUMUSDT,BUY,LIMIT,1702038498616,525.0,3.400
QTUMUSDT,BUY,LIMIT,1702039835762,1.7,3.404
QTUMUSDT,BUY,LIMIT,1702039898624,30.6,3.419
QTUMUSDT,BUY,LIMIT,1702043693271,246.6,3.380
QTUMUSDT,BUY,LIMIT,1702051349672,675.4,3.419
QTUMUSDT,BUY,LIMIT,1702052177743,103.6,3.446
QTUMUSDT,BUY,LIMIT,1702052199089,9.4,3.445
QTUMUSDT,BUY,LIMIT,1702052239634,395.7,3.450
QTUMUSDT,BUY,LIMIT,1702053219830,19.7,3.463
QTUMUSDT,BUY,LIMIT,1702053330083,9.4,3.481
QTUMUSDT,BUY,LIMIT,1702053445638,528.1,3.496
QTUMUSDT,SELL,LIMIT,1702058101319,550.8,3.351
QTUMUSDT,BUY,LIMIT,1702064195892,11.5,3.447
QTUMUSDT,BUY,LIMIT,1702065642440,1163.6,3.461
QTUMUSDT,BUY,LIMIT,1702069078918,14.4,3.468
QTUMUSDT,BUY,LIMIT,1702069749120,22.4,3.453
QTUMUSDT,BUY,LIMIT,1702078152783,394.5,3.488
QTUMUSDT,SELL,LIMIT,1702080268085,19.3,3.400
QTUMUSDT,BUY,LIMIT,1702080687268,45.6,3.494
QTUMUSDT,BUY,LIMIT,1702086274235,32.9,3.525
QTUMUSDT,BUY,LIMIT,1702086455749,8.0,3.542
QTUMUSDT,BUY,LIMIT,1702086700519,906.3,3.551
QTUMUSDT,BUY,LIMIT,1702086702355,32.5,3.552
QTUMUSDT,BUY,LIMIT,1702086711738,397.0,3.554
QTUMUSDT,BUY,LIMIT,1702086713626,589.2,3.555
QTUMUSDT,BUY,LIMIT,1702086944415,116.7,3.561
QTUMUSDT,BUY,LIMIT,1702086971272,15.3,3.566
QTUMUSDT,BUY,LIMIT,1702087043783,7.3,3.580
QTUMUSDT,BUY,LIMIT,1702087044896,23.2,3.581
QTUMUSDT,BUY,LIMIT,1702087147280,43.5,3.586
QTUMUSDT,BUY,LIMIT,1702087158412,6.0,3.591
QTUMUSDT,BUY,LIMIT,1702087245492,25.9,3.603
QTUMUSDT,BUY,LIMIT,1702087266987,126.0,3.623
QTUMUSDT,BUY,LIMIT,1702087272647,483.1,3.624
QTUMUSDT,BUY,LIMIT,1702087628821,94.7,3.612
QTUMUSDT,SELL,LIMIT,1702087692133,22.0,3.501
QTUMUSDT,SELL,LIMIT,1702095361940,193.0,3.458
QTUMUSDT,SELL,LIMIT,1702095613942,149.7,3.453
QTUMUSDT,BUY,LIMIT,1702097212156,73.5,3.574
QTUMUSDT,BUY,LIMIT,1702102356638,39.0,3.573
QTUMUSDT,BUY,LIMIT,1702103376622,71.9,3.588
QTUMUSDT,BUY,LIMIT,1702107161098,13.0,3.565
QTUMUSDT,BUY,LIMIT,1702108165848,114.4,3.556
QTUMUSDT,BUY,LIMIT,1702109244834,8.2,3.600
QTUMUSDT,SELL,LIMIT,1702109566492,17.7,3.486
QTUMUSDT,BUY,LIMIT,1702109741906,16.2,3.596
QTUMUSDT,BUY,LIMIT,1702109779332,249.2,3.599
QTUMUSDT,BUY,LIMIT,1702109787113,36.6,3.597
QTUMUSDT,SELL,LIMIT,1702110972234,35.3,3.441
QTUMUSDT,SELL,LIMIT,1702110974399,25.2,3.440
QTUMUSDT,SELL,LIMIT,1702111035735,14.1,3.412
QTUMUSDT,SELL,LIMIT,1702111042295,181.4,3.416
QTUMUSDT,SELL,LIMIT,1702111044033,244.9,3.396
QTUMUSDT,SELL,LIMIT,1702111045388,39.0,3.399
QTUMUSDT,SELL,LIMIT,1702111378163,50.0,3.389
QTUMUSDT,SELL,LIMIT,1702111384338,218.8,3.388
QTUMUSDT,SELL,LIMIT,1702111385914,3.8,3.381
QTUMUSDT,SELL,LIMIT,1702111388065,2975.3,3.355
QTUMUSDT,SELL,LIMIT,1702115095953,6.1,3.442
QTUMUSDT,SELL,LIMIT,1702115102492,126.2,3.441
QTUMUSDT,SELL,LIMIT,1702117781118,114.7,3.439
QTUMUSDT,SELL,LIMIT,1702121112682,143.1,3.462
QTUMUSDT,SELL,LIMIT,1702121292214,640.8,3.471
QTUMUSDT,SELL,LIMIT,1702128157555,148.9,3.485
QTUMUSDT,SELL,LIMIT,1702132670285,340.1,3.485
QTUMUSDT,SELL,LIMIT,1702132821214,59.7,3.477
QTUMUSDT,SELL,LIMIT,1702132825081,3.0,3.471
QTUMUSDT,SELL,LIMIT,1702132826161,25.7,3.473
QTUMUSDT,SELL,LIMIT,1702132994483,138.2,3.457
QTUMUSDT,SELL,LIMIT,1702132996093,114.4,3.454
QTUMUSDT,SELL,LIMIT,1702132997514,476.9,3.454
QTUMUSDT,SELL,LIMIT,1702133000399,171.6,3.447
QTUMUSDT,SELL,LIMIT,1702133006595,73.7,3.438
QTUMUSDT,SELL,LIMIT,1702134898735,1.5,3.432
QTUMUSDT,BUY,LIMIT,1702137018240,5.5,3.584
QTUMUSDT,BUY,LIMIT,1702137931921,80.4,3.592
QTUMUSDT,SELL,LIMIT,1702139117502,1444.1,3.453
QTUMUSDT,SELL,LIMIT,1702141762646,243.9,3.421
QTUMUSDT,SELL,LIMIT,1702141844533,4.1,3.417
QTUMUSDT,SELL,LIMIT,1702141849860,28.9,3.410
QTUMUSDT,SELL,LIMIT,1702153022158,1421.2,3.450
QTUMUSDT,SELL,LIMIT,1702164437232,8.0,3.450
QTUMUSDT,SELL,LIMIT,1702164529394,120.4,3.445
QTUMUSDT,SELL,LIMIT,1702164748670,11.2,3.424
QTUMUSDT,SELL,LIMIT,1702164800922,1.6,3.413
QTUMUSDT,SELL,LIMIT,1702164811421,31.2,3.400
QTUMUSDT,BUY,LIMIT,1702165899617,4.3,3.534
QTUMUSDT,SELL,LIMIT,1702167043147,205.0,3.421
QTUMUSDT,SELL,LIMIT,1702167057489,16.9,3.412
QTUMUSDT,BUY,LIMIT,1702188386554,58.5,3.637
QTUMUSDT,BUY,LIMIT,1702188408098,39.1,3.646
QTUMUSDT,BUY,LIMIT,1702188616291,127.1,3.653
QTUMUSDT,SELL,LIMIT,1702189105619,9.3,3.514
QTUMUSDT,SELL,LIMIT,1702192111236,16.4,3.489
QTUMUSDT,SELL,LIMIT,1702193074856,6.2,3.441
QTUMUSDT,SELL,LIMIT,1702197979195,3.5,3.407
QTUMUSDT,SELL,LIMIT,1702198173220,67.0,3.401
QTUMUSDT,SELL,LIMIT,1702198850643,14.1,3.395
QTUMUSDT,SELL,LIMIT,1702198852205,1.6,3.394
QTUMUSDT,SELL,LIMIT,1702199071206,100.0,3.385
QTUMUSDT,SELL,LIMIT,1702200498751,1065.0,3.375
QTUMUSDT,SELL,LIMIT,1702200514850,291.2,3.372
QTUMUSDT,SELL,LIMIT,1702200538983,54.3,3.371
QTUMUSDT,SELL,LIMIT,1702200545359,2795.7,3.356
QTUMUSDT,SELL,LIMIT,1702200621216,100.0,3.367
QTUMUSDT,SELL,LIMIT,1702200696066,4.0,3.361
QTUMUSDT,SELL,LIMIT,1702200697142,12.1,3.361
QTUMUSDT,SELL,LIMIT,1702200698267,169.4,3.359
QTUMUSDT,SELL,LIMIT,1702200765591,599.1,3.353
QTUMUSDT,SELL,LIMIT,1702200809255,80.0,3.347
QTUMUSDT,SELL,LIMIT,1702200939150,1438.4,3.341
QTUMUSDT,SELL,LIMIT,1702201337846,295.2,3.338
QTUMUSDT,SELL,LIMIT,1702201340231,91.5,3.335
QTUMUSDT,SELL,LIMIT,1702201410036,740.5,3.333
QTUMUSDT,SELL,LIMIT,1702201431032,1.5,3.330
QTUMUSDT,SELL,LIMIT,1702201449199,261.2,3.328
QTUMUSDT,SELL,LIMIT,1702201475248,286.6,3.325
QTUMUSDT,SELL,LIMIT,1702202076441,7230.7,3.294
QTUMUSDT,SELL,LIMIT,1702202149755,56.9,3.316
QTUMUSDT,SELL,LIMIT,1702202151028,516.7,3.316
QTUMUSDT,SELL,LIMIT,1702202262104,72.2,3.311
QTUMUSDT,SELL,LIMIT,1702202267739,14.4,3.308
QTUMUSDT,SELL,LIMIT,1702202298159,103.1,3.302
QTUMUSDT,SELL,LIMIT,1702202318310,51.6,3.300
QTUMUSDT,SELL,LIMIT,1702202320524,435.7,3.300
QTUMUSDT,SELL,LIMIT,1702202321775,129.1,3.299
QTUMUSDT,SELL,LIMIT,1702202323300,77.5,3.297
QTUMUSDT,SELL,LIMIT,1702202324363,258.3,3.297
QTUMUSDT,SELL,LIMIT,1702202364269,189.5,3.296
QTUMUSDT,SELL,LIMIT,1702202379728,128.1,3.289
QTUMUSDT,SELL,LIMIT,1702202387889,34.2,3.288
QTUMUSDT,SELL,LIMIT,1702213066227,129.8,3.383
QTUMUSDT,SELL,LIMIT,1702214923758,357.1,3.366
QTUMUSDT,SELL,LIMIT,1702229201542,30.0,3.353
QTUMUSDT,BUY,LIMIT,1702239869654,2.6,3.484
QTUMUSDT,BUY,LIMIT,1702240656019,234.2,3.494
QTUMUSDT,SELL,LIMIT,1702241117786,3.4,3.402
QTUMUSDT,SELL,LIMIT,1702241182472,0.1,3.402
QTUMUSDT,SELL,LIMIT,1702250284292,83.4,3.376
QTUMUSDT,SELL,LIMIT,1702250545364,132.1,3.368
QTUMUSDT,SELL,LIMIT,1702256013294,2.9,3.355
QTUMUSDT,SELL,LIMIT,1702256120218,59.2,3.346
QTUMUSDT,SELL,LIMIT,1702256622424,29.3,3.314
QTUMUSDT,SELL,LIMIT,1702256914693,803.8,3.295
QTUMUSDT,SELL,LIMIT,1702256921342,8.0,3.293
QTUMUSDT,SELL,LIMIT,1702260429014,50.0,3.304
QTUMUSDT,SELL,LIMIT,1702260430300,10.7,3.313
QTUMUSDT,SELL,LIMIT,1702260440956,7.3,3.292
QTUMUSDT,SELL,LIMIT,1702260617302,11.8,3.285
QTUMUSDT,SELL,LIMIT,1702260623740,130.0,3.277
QTUMUSDT,SELL,LIMIT,1702260628730,173.7,3.272
QTUMUSDT,SELL,LIMIT,1702260630741,117.0,3.270
QTUMUSDT,SELL,LIMIT,1702260632593,580.5,3.270
QTUMUSDT,SELL,LIMIT,1702260635917,7000.0,3.237
QTUMUSDT,SELL,LIMIT,1702260637357,11.6,3.262
QTUMUSDT,SELL,LIMIT,1702260689180,87.8,3.259
QTUMUSDT,SELL,LIMIT,1702260694033,856.2,3.256
QTUMUSDT,SELL,LIMIT,1702260696413,76.3,3.255
QTUMUSDT,SELL,LIMIT,1702260699873,62.6,3.253
QTUMUSDT,SELL,LIMIT,1702260701364,2.9,3.252
QTUMUSDT,SELL,LIMIT,1702260702577,366.2,3.251
QTUMUSDT,SELL,LIMIT,1702260705427,86.7,3.251
QTUMUSDT,SELL,LIMIT,1702260708574,130.1,3.244
QTUMUSDT,SELL,LIMIT,1702260710288,1.7,3.240
QTUMUSDT,SELL,LIMIT,1702260711410,186.2,3.239
QTUMUSDT,SELL,LIMIT,1702260712551,1.5,3.240
QTUMUSDT,SELL,LIMIT,1702260714798,15.0,3.233
QTUMUSDT,SELL,LIMIT,1702260715826,30.6,3.226
QTUMUSDT,SELL,LIMIT,1702260718888,531.6,3.220
QTUMUSDT,SELL,LIMIT,1702260722506,1428.5,3.219
QTUMUSDT,SELL,LIMIT,1702260723942,116.8,3.219
QTUMUSDT,SELL,LIMIT,1702260725307,22.0,3.217
QTUMUSDT,SELL,LIMIT,1702260726331,609.1,3.214
QTUMUSDT,SELL,LIMIT,1702260727983,30.0,3.215
QTUMUSDT,SELL,LIMIT,1702260729155,75.6,3.209
QTUMUSDT,SELL,LIMIT,1702260730576,305.6,3.208
QTUMUSDT,SELL,LIMIT,1702260731624,102.8,3.208
QTUMUSDT,SELL,LIMIT,1702260732670,250.0,3.208
QTUMUSDT,SELL,LIMIT,1702260734145,593.4,3.204
QTUMUSDT,SELL,LIMIT,1702260737185,1171.9,3.200
QTUMUSDT,SELL,LIMIT,1702260739609,27.5,3.191
QTUMUSDT,SELL,LIMIT,1702260740645,366.1,3.183
QTUMUSDT,SELL,LIMIT,1702260742318,83.7,3.185
QTUMUSDT,SELL,LIMIT,1702260744770,72.0,3.177
QTUMUSDT,SELL,LIMIT,1702260745796,2703.9,3.164
QTUMUSDT,SELL,LIMIT,1702260746920,1.6,3.171
QTUMUSDT,SELL,LIMIT,1702260748807,62.5,3.165
QTUMUSDT,SELL,LIMIT,1702260749888,9.4,3.166
QTUMUSDT,SELL,LIMIT,1702260752362,147.6,3.163
QTUMUSDT,SELL,LIMIT,1702260754032,59.5,3.163
QTUMUSDT,SELL,LIMIT,1702260755516,72.2,3.161
QTUMUSDT,SELL,LIMIT,1702260757010,30.9,3.161
QTUMUSDT,SELL,LIMIT,1702260758042,78.4,3.142
QTUMUSDT,SELL,LIMIT,1702260759191,150.0,3.141
QTUMUSDT,SELL,LIMIT,1702260760194,327.1,3.134
QTUMUSDT,SELL,LIMIT,1702260761701,76.9,3.134
QTUMUSDT,SELL,LIMIT,1702260762792,856.4,3.124
QTUMUSDT,SELL,LIMIT,1702260763877,57.2,3.118
QTUMUSDT,SELL,LIMIT,1702260764956,2.4,3.113
QTUMUSDT,SELL,LIMIT,1702260766185,399.4,3.115
QTUMUSDT,SELL,LIMIT,1702260767235,155.3,3.095
QTUMUSDT,SELL,LIMIT,1702260768637,1.9,3.088
QTUMUSDT,SELL,LIMIT,1702260769550,50.2,3.071
QTUMUSDT,SELL,LIMIT,1702260770664,586.5,3.072
QTUMUSDT,SELL,LIMIT,1702260771783,12.3,3.062
QTUMUSDT,SELL,LIMIT,1702260772772,224.6,3.050
QTUMUSDT,SELL,LIMIT,1702260773862,5.3,3.057
QTUMUSDT,SELL,LIMIT,1702260774902,1338.8,3.042
QTUMUSDT,SELL,LIMIT,1702260776245,2.8,3.037
QTUMUSDT,SELL,LIMIT,1702260777255,368.7,3.022
QTUMUSDT,SELL,LIMIT,1702260778268,354.8,3.019
QTUMUSDT,SELL,LIMIT,1702260779524,15.1,3.154
QTUMUSDT,SELL,LIMIT,1702260780572,395.2,3.016
QTUMUSDT,SELL,LIMIT,1702260781593,3.0,3.007
QTUMUSDT,SELL,LIMIT,1702260782773,27.0,3.013
QTUMUSDT,SELL,LIMIT,1702260783795,29.0,3.005
QTUMUSDT,SELL,LIMIT,1702260784816,3.0,2.995
QTUMUSDT,SELL,LIMIT,1702260785900,243.7,2.995
QTUMUSDT,SELL,LIMIT,1702260786965,145.6,3.163
QTUMUSDT,SELL,LIMIT,1702260788246,167.4,2.990
QTUMUSDT,SELL,LIMIT,1702260789368,233.0,2.985
QTUMUSDT,SELL,LIMIT,1702260790376,18.1,2.982
QTUMUSDT,SELL,LIMIT,1702260791870,144.5,2.976
QTUMUSDT,SELL,LIMIT,1702260792917,953.4,2.963
QTUMUSDT,SELL,LIMIT,1702260794032,1.6,2.958
QTUMUSDT,SELL,LIMIT,1702260795431,11.9,2.958
QTUMUSDT,SELL,LIMIT,1702260796466,1076.0,2.956
QTUMUSDT,SELL,LIMIT,1702260797536,211.5,2.959
QTUMUSDT,SELL,LIMIT,1702260799176,25.5,2.948
QTUMUSDT,SELL,LIMIT,1702260800210,2879.2,2.927
QTUMUSDT,SELL,LIMIT,1702260801278,3.4,2.942
QTUMUSDT,SELL,LIMIT,1702260802622,25.5,2.936
QTUMUSDT,SELL,LIMIT,1702260803691,1.5,2.929
QTUMUSDT,SELL,LIMIT,1702260804716,2431.3,2.922
QTUMUSDT,SELL,LIMIT,1702260805742,1547.9,2.908
QTUMUSDT,SELL,LIMIT,1702260806767,926.1,2.922
QTUMUSDT,SELL,LIMIT,1702260807798,4.3,2.892
QTUMUSDT,SELL,LIMIT,1702260808860,112.4,2.873
QTUMUSDT,SELL,LIMIT,1702260810496,199.2,2.876
QTUMUSDT,SELL,LIMIT,1702260811551,2.2,2.876
QTUMUSDT,SELL,LIMIT,1702260812700,42.0,2.871
QTUMUSDT,SELL,LIMIT,1702260813833,306.2,2.875
QTUMUSDT,SELL,LIMIT,1702260816241,617.4,2.877
QTUMUSDT,SELL,LIMIT,1702260818449,11.4,2.873
QTUMUSDT,SELL,LIMIT,1702260823038,1.8,2.890
QTUMUSDT,BUY,LIMIT,1702260856058,4.0,3.092
QTUMUSDT,SELL,LIMIT,1702260860507,0.9,3.021
QTUMUSDT,BUY,LIMIT,1702260874336,10.0,3.129
QTUMUSDT,SELL,LIMIT,1702262563073,202.7,3.087
QTUMUSDT,SELL,LIMIT,1702262873708,16.9,3.064
QTUMUSDT,BUY,LIMIT,1702265630954,1573.8,3.239
