Symbol,Side,Order Type,Time,Quantity,Price
QTUMUSDT,SELL,LIMIT,1700990195121,590.9,3.217
QTUMUSDT,SELL,LIMIT,1700996168943,149.4,3.197
QTUMUSDT,SELL,LIMIT,1700999850337,122.3,3.182
QTUMUSDT,SELL,LIMIT,1701000052817,4.5,3.181
QTUMUSDT,SELL,LIMIT,1701001502708,6.0,3.164
QTUMUSDT,SELL,LIMIT,1701001503615,60.0,3.184
QTUMUSDT,SELL,LIMIT,1701001505448,285.9,3.161
QTUMUSDT,BUY,LIMIT,1701002072178,33.9,3.278
QTUMUSDT,BUY,LIMIT,1701002599815,155.5,3.281
QTUMUSDT,SELL,LIMIT,1701009260746,10.0,3.164
QTUMUSDT,SELL,LIMIT,1701010924177,30.6,3.172
QTUMUSDT,SELL,LIMIT,1701012298779,7.3,3.258
QTUMUSDT,SELL,LIMIT,1701013317285,16.0,3.182
QTUMUSDT,SELL,LIMIT,1701013470549,197.3,3.178
QTUMUSDT,SELL,LIMIT,1701013970648,185.2,3.160
QTUMUSDT,SELL,LIMIT,1701013988009,96.4,3.157
QTUMUSDT,SELL,LIMIT,1701013994417,572.4,3.155
QTUMUSDT,SELL,LIMIT,1701014014389,90.5,3.150
QTUMUSDT,SELL,LIMIT,1701014015464,619.1,3.152
QTUMUSDT,SELL,LIMIT,1701014921311,1.7,3.168
QTUMUSDT,SELL,LIMIT,1701015644390,31.8,3.153
QTUMUSDT,SELL,LIMIT,1701015684296,75.2,3.143
QTUMUSDT,SELL,LIMIT,1701015687085,476.6,3.144
QTUMUSDT,SELL,LIMIT,1701015761723,1500.0,3.137
QTUMUSDT,SELL,LIMIT,1701015764389,3947.6,3.117
QTUMUSDT,SELL,LIMIT,1701015786315,79.6,3.134
QTUMUSDT,SELL,LIMIT,1701015872763,121.2,3.134
QTUMUSDT,SELL,LIMIT,1701015907145,38.0,3.134
QTUMUSDT,SELL,LIMIT,1701016001428,6.0,3.133
QTUMUSDT,SELL,LIMIT,1701016014827,68.7,3.131
QTUMUSDT,SELL,LIMIT,1701016016193,189.8,3.129
QTUMUSDT,SELL,LIMIT,1701016018356,5.7,3.126
QTUMUSDT,SELL,LIMIT,1701016020120,976.4,3.123
QTUMUSDT,SELL,LIMIT,1701016033322,986.4,3.118
QTUMUSDT,SELL,LIMIT,1701016034274,12.6,3.124
QTUMUSDT,SELL,LIMIT,1701016035762,284.6,3.117
QTUMUSDT,SELL,LIMIT,1701016041600,77.1,3.116
QTUMUSDT,SELL,LIMIT,1701016045481,223.5,3.109
QTUMUSDT,SELL,LIMIT,1701016047678,6.1,3.107
QTUMUSDT,SELL,LIMIT,1701016052218,4.7,3.102
QTUMUSDT,SELL,LIMIT,1701016095967,577.7,3.098
QTUMUSDT,SELL,LIMIT,1701016099335,21.4,3.098
QTUMUSDT,SELL,LIMIT,1701016101354,3.0,3.095
QTUMUSDT,SELL,LIMIT,1701016103424,1.6,3.095
QTUMUSDT,BUY,LIMIT,1701016995171,135.1,3.231
QTUMUSDT,SELL,LIMIT,1701021669194,8.0,3.154
QTUMUSDT,SELL,LIMIT,1701031758016,2.0,3.193
QTUMUSDT,SELL,LIMIT,1701033786693,174.5,3.218
QTUMUSDT,SELL,LIMIT,1701039691967,57.6,3.167
QTUMUSDT,SELL,LIMIT,1701039739429,4.9,3.163
QTUMUSDT,SELL,LIMIT,1701039865578,16.3,3.157
QTUMUSDT,SELL,LIMIT,1701043585380,300.0,3.139
QTUMUSDT,SELL,LIMIT,1701046690654,53.9,3.156
QTUMUSDT,SELL,LIMIT,1701046692176,319.4,3.155
QTUMUSDT,SELL,LIMIT,1701049553391,466.5,3.102
QTUMUSDT,SELL,LIMIT,1701049575585,156.2,3.095
QTUMUSDT,SELL,LIMIT,1701052246980,91.0,3.092
QTUMUSDT,SELL,LIMIT,1701052283231,1669.3,3.089
QTUMUSDT,SELL,LIMIT,1701052285128,87.0,3.090
QTUMUSDT,SELL,LIMIT,1701052286653,39.1,3.088
QTUMUSDT,SELL,LIMIT,1701052450412,327.4,3.087
QTUMUSDT,SELL,LIMIT,1701052451456,2.1,3.087
QTUMUSDT,SELL,LIMIT,1701052456142,332.2,3.086
QTUMUSDT,SELL,LIMIT,1701052463398,714.1,3.085
QTUMUSDT,SELL,LIMIT,1701052640963,10.7,3.083
QTUMUSDT,SELL,LIMIT,1701052647378,92.4,3.081
QTUMUSDT,SELL,LIMIT,1701052650492,53.6,3.079
QTUMUSDT,SELL,LIMIT,1701052720936,239.7,3.078
QTUMUSDT,SELL,LIMIT,1701052856283,515.0,3.078
QTUMUSDT,SELL,LIMIT,1701052881566,6.2,3.076
QTUMUSDT,SELL,LIMIT,1701052886322,194.9,3.076
QTUMUSDT,SELL,LIMIT,1701054348683,46.6,3.069
QTUMUSDT,SELL,LIMIT,1701054355146,2934.3,3.054
QTUMUSDT,SELL,LIMIT,1701054375315,86.4,3.064
QTUMUSDT,SELL,LIMIT,1701054377188,61.0,3.061
QTUMUSDT,SELL,LIMIT,1701054379160,14.3,3.060
QTUMUSDT,SELL,LIMIT,1701054407569,63.2,3.057
QTUMUSDT,SELL,LIMIT,1701054479635,10.2,3.054
QTUMUSDT,SELL,LIMIT,1701054481167,185.6,3.052
QTUMUSDT,SELL,LIMIT,1701054482198,181.1,3.051
QTUMUSDT,SELL,LIMIT,1701054991355,13.2,3.048
QTUMUSDT,SELL,LIMIT,1701055062792,6.2,3.047
QTUMUSDT,SELL,LIMIT,1701055067994,620.4,3.045
QTUMUSDT,SELL,LIMIT,1701055193831,643.2,3.043
QTUMUSDT,SELL,LIMIT,1701055269087,5864.6,3.019
QTUMUSDT,SELL,LIMIT,1701055270136,91.0,3.042
QTUMUSDT,SELL,LIMIT,1701055345409,315.5,3.041
QTUMUSDT,SELL,LIMIT,1701055606681,16.1,3.040
QTUMUSDT,SELL,LIMIT,1701055753879,73.0,3.036
QTUMUSDT,SELL,LIMIT,1701056070511,91.2,3.030
QTUMUSDT,SELL,LIMIT,1701056114702,29.4,3.029
QTUMUSDT,SELL,LIMIT,1701056142045,4.4,3.026
QTUMUSDT,SELL,LIMIT,1701056159832,1472.5,3.022
QTUMUSDT,SELL,LIMIT,1701056177893,180.8,3.020
