Symbol,Side,Order Type,Time,Quantity,Price
RDNTUSDT,BUY,LIMIT,1701923488137,32920,0.2760488
RDNTUSDT,SELL,LIMIT,1701931817811,36,0.2702841
RDNTUSDT,SELL,LIMIT,1701937284806,275,0.2664073
RDNTUSDT,SELL,LIMIT,1701939570874,11111,0.2619803
RDNTUSDT,SELL,LIMIT,1701940024968,226,0.2610947
RDNTUSDT,SELL,LIMIT,1701940556666,3081,0.2607980
RDNTUSDT,SELL,LIMIT,1701941175350,742,0.2590368
RDNTUSDT,SELL,LIMIT,1701941187508,19,0.2587097
RDNTUSDT,SELL,LIMIT,1701941191570,468,0.2580918
RDNTUSDT,SELL,LIMIT,1701941248171,1105,0.2585978
RDNTUSDT,SELL,LIMIT,1701950660121,4107,0.2624441
RDNTUSDT,BUY,LIMIT,1701963044071,25,0.2843384
RDNTUSDT,BUY,LIMIT,1701963062002,463,0.2861150
RDNTUSDT,BUY,LIMIT,1701963681254,4285,0.2887946
RDNTUSDT,BUY,LIMIT,1701963838407,58,0.2902592
RDNTUSDT,SELL,LIMIT,1701963979442,1070,0.2797319
RDNTUSDT,BUY,LIMIT,1701964244312,473,0.2909280
RDNTUSDT,BUY,LIMIT,1701964857374,31,0.2972950
RDNTUSDT,SELL,LIMIT,1701964899182,3624,0.2874803
RDNTUSDT,SELL,LIMIT,1701964922295,1724,0.2855217
RDNTUSDT,SELL,LIMIT,1701964925464,1060,0.2852695
RDNTUSDT,BUY,LIMIT,1701965061418,2055,0.2951779
RDNTUSDT,BUY,LIMIT,1701965141091,425,0.2985713
RDNTUSDT,SELL,LIMIT,1701965225183,4033,0.2881789
RDNTUSDT,SELL,LIMIT,1701965425097,500,0.2870905
RDNTUSDT,BUY,LIMIT,1701966022766,2408,0.2996218
RDNTUSDT,BUY,LIMIT,1701966294091,2999,0.3018676
RDNTUSDT,BUY,LIMIT,1701966311191,9777,0.3027086
RDNTUSDT,BUY,LIMIT,1701966312673,50,0.3029035
RDNTUSDT,BUY,LIMIT,1701966321701,28373,0.3055049
RDNTUSDT,BUY,LIMIT,1701966356268,14549,0.3059941
RDNTUSDT,BUY,LIMIT,1701966403432,62,0.3060768
RDNTUSDT,SELL,LIMIT,1701966452062,797,0.2941569
RDNTUSDT,SELL,LIMIT,1701966485140,300,0.2926169
RDNTUSDT,BUY,LIMIT,1701966599842,140,0.3020197
RDNTUSDT,SELL,LIMIT,1701966981565,199,0.2942850
RDNTUSDT,SELL,LIMIT,1701967005635,5522,0.2935464
RDNTUSDT,BUY,LIMIT,1701967440049,16642,0.3059604
RDNTUSDT,SELL,LIMIT,1701967657620,4916,0.2944286
RDNTUSDT,SELL,LIMIT,1701967690166,468,0.2945532
RDNTUSDT,BUY,LIMIT,1701967951213,3626,0.3005744
RDNTUSDT,BUY,LIMIT,1701968160826,1269,0.3018608
RDNTUSDT,SELL,LIMIT,1701968346105,508,0.2882449
RDNTUSDT,SELL,LIMIT,1701968473227,54,0.2873324
RDNTUSDT,SELL,LIMIT,1701968475154,58960,0.2851618
RDNTUSDT,SELL,LIMIT,1701968477239,1604,0.2869921
RDNTUSDT,SELL,LIMIT,1701968584898,1229,0.2861411
RDNTUSDT,SELL,LIMIT,1701968589087,804,0.2854991
RDNTUSDT,SELL,LIMIT,1701968635116,1742,0.2842955
RDNTUSDT,SELL,LIMIT,1701968639536,4538,0.2840620
RDNTUSDT,BUY,LIMIT,1701969996135,41,0.2962278
RDNTUSDT,SELL,LIMIT,1701970917596,4273,0.2851689
RDNTUSDT,SELL,LIMIT,1701970937118,64,0.2851289
RDNTUSDT,BUY,LIMIT,1701973805489,1881,0.2950308
RDNTUSDT,SELL,LIMIT,1701976303128,3781,0.2823205
RDNTUSDT,SELL,LIMIT,1701976314849,1485,0.2822040
RDNTUSDT,SELL,LIMIT,1701976458544,1200,0.2816066
RDNTUSDT,SELL,LIMIT,1701976839481,2409,0.2813422
RDNTUSDT,SELL,LIMIT,1701977142382,676,0.2803940
RDNTUSDT,SELL,LIMIT,1701977145381,8134,0.2802484
RDNTUSDT,SELL,LIMIT,1701977296099,4855,0.2799438
RDNTUSDT,SELL,LIMIT,1701978370551,266,0.2789570
RDNTUSDT,SELL,LIMIT,1701978371721,86,0.2787202
RDNTUSDT,SELL,LIMIT,1701978437088,724,0.2787010
RDNTUSDT,SELL,LIMIT,1701980305354,16644,0.2792387
RDNTUSDT,BUY,LIMIT,1701980489184,1506,0.2852113
RDNTUSDT,SELL,LIMIT,1701980540274,5070,0.2781958
RDNTUSDT,SELL,LIMIT,1701981523423,2629,0.2781641
RDNTUSDT,SELL,LIMIT,1701985122067,846,0.2851639
RDNTUSDT,SELL,LIMIT,1701986641530,1983,0.2825902
RDNTUSDT,BUY,LIMIT,1701987545304,3960,0.2922036
RDNTUSDT,SELL,LIMIT,1701988372248,24,0.2830358
RDNTUSDT,SELL,LIMIT,1701988388702,1733,0.2827878
RDNTUSDT,SELL,LIMIT,1701994282850,2259,0.2835227
RDNTUSDT,BUY,LIMIT,1701996715974,920,0.2960388
RDNTUSDT,BUY,LIMIT,1701996920125,713,0.2968124
RDNTUSDT,SELL,LIMIT,1702001313526,179,0.2842581
RDNTUSDT,SELL,LIMIT,1702004515280,1500,0.2866494
RDNTUSDT,BUY,LIMIT,1702007154540,102,0.2945131
RDNTUSDT,BUY,LIMIT,1702008187267,220,0.2948575
RDNTUSDT,SELL,LIMIT,1702010905337,6662,0.2815131
RDNTUSDT,BUY,LIMIT,1702013388226,684,0.2915010
RDNTUSDT,SELL,LIMIT,1702013677096,2000,0.2823011
RDNTUSDT,SELL,LIMIT,1702020643309,15395,0.2830883
RDNTUSDT,BUY,LIMIT,1702024030286,37,0.2912737
RDNTUSDT,SELL,LIMIT,1702029202558,39,0.2798194
RDNTUSDT,SELL,LIMIT,1702029338169,4163,0.2783541
RDNTUSDT,BUY,LIMIT,1702034779213,418,0.2912854
RDNTUSDT,SELL,LIMIT,1702036094778,482,0.2830220
RDNTUSDT,SELL,LIMIT,1702040631971,31645,0.2763119
RDNTUSDT,SELL,LIMIT,1702040989753,240,0.2772159
RDNTUSDT,SELL,LIMIT,1702040991995,370,0.2771454
RDNTUSDT,SELL,LIMIT,1702041027225,311,0.2766533
RDNTUSDT,SELL,LIMIT,1702042238226,466,0.2761016
RDNTUSDT,SELL,LIMIT,1702042240907,2412,0.2759434
RDNTUSDT,SELL,LIMIT,1702042245545,359,0.2756158
RDNTUSDT,SELL,LIMIT,1702043856291,1070,0.2743204
RDNTUSDT,SELL,LIMIT,1702043868805,10024,0.2740529
RDNTUSDT,SELL,LIMIT,1702047566274,1403,0.2795192
RDNTUSDT,BUY,LIMIT,1702052530227,262,0.2857957
RDNTUSDT,SELL,LIMIT,1702055243854,391,0.2752196
RDNTUSDT,SELL,LIMIT,1702055305257,1577,0.2746603
RDNTUSDT,SELL,LIMIT,1702055473500,56,0.2747111
RDNTUSDT,SELL,LIMIT,1702056282230,8258,0.2746790
RDNTUSDT,SELL,LIMIT,1702056539890,10323,0.2739885
RDNTUSDT,SELL,LIMIT,1702070653450,347,0.2765193
RDNTUSDT,SELL,LIMIT,1702078503631,219,0.2781641
RDNTUSDT,SELL,LIMIT,1702079798507,8470,0.2780678
RDNTUSDT,BUY,LIMIT,1702082952365,133,0.2893200
RDNTUSDT,SELL,LIMIT,1702089079347,180,0.2779575
RDNTUSDT,SELL,LIMIT,1702091223051,884,0.2846199
RDNTUSDT,SELL,LIMIT,1702095319464,31,0.2781371
RDNTUSDT,SELL,LIMIT,1702095386701,48,0.2779105
RDNTUSDT,SELL,LIMIT,1702103740398,259,0.2831799
RDNTUSDT,BUY,LIMIT,1702109849350,12119,0.2959917
RDNTUSDT,BUY,LIMIT,1702110057099,20,0.2865190
RDNTUSDT,SELL,LIMIT,1702110909545,6946,0.2830891
RDNTUSDT,SELL,LIMIT,1702110925045,1713,0.2825966
RDNTUSDT,SELL,LIMIT,1702110970061,19,0.2815246
RDNTUSDT,SELL,LIMIT,1702110973025,12033,0.2814755
RDNTUSDT,SELL,LIMIT,1702110980478,32,0.2811167
RDNTUSDT,SELL,LIMIT,1702111027742,343,0.2802328
RDNTUSDT,SELL,LIMIT,1702111029482,17123,0.2801062
RDNTUSDT,SELL,LIMIT,1702111045367,1436,0.2792915
RDNTUSDT,SELL,LIMIT,1702111071163,18,0.2787752
RDNTUSDT,SELL,LIMIT,1702111373136,8878,0.2866098
RDNTUSDT,SELL,LIMIT,1702111374624,1733,0.2777219
RDNTUSDT,SELL,LIMIT,1702111378091,152,0.2773635
RDNTUSDT,SELL,LIMIT,1702111379477,387,0.2771735
RDNTUSDT,SELL,LIMIT,1702111380988,3283,0.2770046
RDNTUSDT,SELL,LIMIT,1702111384239,1260,0.2768170
RDNTUSDT,SELL,LIMIT,1702111386392,859,0.2765079
RDNTUSDT,SELL,LIMIT,1702111387868,17309,0.2762873
RDNTUSDT,SELL,LIMIT,1702112333361,3097,0.2783361
RDNTUSDT,SELL,LIMIT,1702115023989,6917,0.2787936
RDNTUSDT,SELL,LIMIT,1702128013025,64,0.2798652
RDNTUSDT,SELL,LIMIT,1702132483178,53,0.2792254
RDNTUSDT,SELL,LIMIT,1702132928547,810,0.2763370
RDNTUSDT,SELL,LIMIT,1702132987127,4144,0.2758862
RDNTUSDT,SELL,LIMIT,1702132995092,858,0.2754786
RDNTUSDT,SELL,LIMIT,1702132999530,17600,0.2749047
RDNTUSDT,SELL,LIMIT,1702133001698,665,0.2744286
RDNTUSDT,SELL,LIMIT,1702133003528,17831,0.2741860
RDNTUSDT,SELL,LIMIT,1702133004575,12081,0.2750335
RDNTUSDT,SELL,LIMIT,1702133007319,5259,0.2738747
RDNTUSDT,SELL,LIMIT,1702133008426,2882,0.2730669
RDNTUSDT,SELL,LIMIT,1702133009655,72961,0.2712438
