Symbol,Side,Order Type,Time,Quantity,Price
REEFUSDT,SELL,LIMIT,1701918368263,49261,0.001954
REEFUSDT,BUY,LIMIT,1701930783308,50255,0.002060
REEFUSDT,BUY,LIMIT,1701930850038,201005,0.002087
REEFUSDT,BUY,LIMIT,1701930851199,4421,0.002096
REEFUSDT,BUY,LIMIT,1701930852450,10069,0.002099
REEFUSDT,BUY,LIMIT,1701930856620,7001,0.002104
REEFUSDT,BUY,LIMIT,1701930863077,20030,0.002112
REEFUSDT,BUY,LIMIT,1701930865517,142628,0.002117
REEFUSDT,BUY,LIMIT,1701930880510,827975,0.002120
REEFUSDT,BUY,LIMIT,1701930892202,19853,0.002133
REEFUSDT,BUY,LIMIT,1701930893248,34704,0.002131
REEFUSDT,BUY,LIMIT,1701930902432,1156585,0.002139
REEFUSDT,BUY,LIMIT,1701930913187,296605,0.002150
REEFUSDT,BUY,LIMIT,1701930914446,1478,0.002156
REEFUSDT,BUY,LIMIT,1701930915605,46296,0.002162
REEFUSDT,BUY,LIMIT,1701930922862,101137,0.002169
REEFUSDT,BUY,LIMIT,1701930940433,330862,0.002185
REEFUSDT,BUY,LIMIT,1701930941543,54945,0.002187
REEFUSDT,BUY,LIMIT,1701930945804,46,0.002193
REEFUSDT,BUY,LIMIT,1701930978423,538564,0.002209
REEFUSDT,BUY,LIMIT,1701930988443,1639,0.002230
REEFUSDT,BUY,LIMIT,1701930990053,84609,0.002223
REEFUSDT,BUY,LIMIT,1701930993404,1697600,0.002235
REEFUSDT,BUY,LIMIT,1701931017746,21819,0.002251
REEFUSDT,BUY,LIMIT,1701931057222,47619,0.002260
REEFUSDT,BUY,LIMIT,1701931065164,1974333,0.002278
REEFUSDT,BUY,LIMIT,1701931066428,2982,0.002279
REEFUSDT,BUY,LIMIT,1701931070461,19239,0.002283
REEFUSDT,BUY,LIMIT,1701931112172,75893,0.002288
REEFUSDT,BUY,LIMIT,1701931117892,40416,0.002297
REEFUSDT,BUY,LIMIT,1701931133352,23007,0.002304
REEFUSDT,BUY,LIMIT,1701931142341,2410,0.002307
REEFUSDT,SELL,LIMIT,1701931276605,6358,0.002145
REEFUSDT,SELL,LIMIT,1701931279028,44424,0.002140
REEFUSDT,SELL,LIMIT,1701931281253,543796,0.002137
REEFUSDT,SELL,LIMIT,1701931283503,1681926,0.002136
REEFUSDT,SELL,LIMIT,1701931288438,221032,0.002133
REEFUSDT,SELL,LIMIT,1701931325997,203847,0.002132
REEFUSDT,SELL,LIMIT,1701931332855,1164292,0.002121
REEFUSDT,SELL,LIMIT,1701931371338,9017,0.002108
REEFUSDT,SELL,LIMIT,1701931393242,360505,0.002106
REEFUSDT,SELL,LIMIT,1701931395589,244708,0.002103
REEFUSDT,SELL,LIMIT,1701931457474,158183,0.002099
REEFUSDT,SELL,LIMIT,1701931479476,2229157,0.002087
REEFUSDT,SELL,LIMIT,1701931485653,16638,0.002085
REEFUSDT,SELL,LIMIT,1701931548238,63269,0.002073
REEFUSDT,SELL,LIMIT,1701931550111,22935,0.002073
REEFUSDT,SELL,LIMIT,1701931552035,91827,0.002071
REEFUSDT,SELL,LIMIT,1701933422222,184501,0.002059
REEFUSDT,SELL,LIMIT,1701933427137,1368716,0.002058
REEFUSDT,SELL,LIMIT,1701933543226,298898,0.002056
REEFUSDT,SELL,LIMIT,1701933555389,177610,0.002054
REEFUSDT,SELL,LIMIT,1701933556529,707348,0.002051
REEFUSDT,SELL,LIMIT,1701933558126,29019,0.002050
REEFUSDT,SELL,LIMIT,1701933686028,21270,0.002043
REEFUSDT,SELL,LIMIT,1701933694879,13960,0.002042
REEFUSDT,SELL,LIMIT,1701933702554,1792628,0.002038
REEFUSDT,SELL,LIMIT,1701933849973,2022162,0.002037
REEFUSDT,SELL,LIMIT,1701933854308,17699,0.002034
REEFUSDT,SELL,LIMIT,1701934935612,93732,0.002028
REEFUSDT,SELL,LIMIT,1701935057325,22177,0.002024
REEFUSDT,SELL,LIMIT,1701935089935,78532,0.002023
REEFUSDT,SELL,LIMIT,1701935144279,1888888,0.002019
REEFUSDT,SELL,LIMIT,1701935923357,192254,0.002003
REEFUSDT,SELL,LIMIT,1701936822103,22471,0.001996
REEFUSDT,SELL,LIMIT,1701936918700,301667,0.001987
REEFUSDT,SELL,LIMIT,1701936926355,382043,0.001984
REEFUSDT,SELL,LIMIT,1701939882481,197477,0.002011
REEFUSDT,SELL,LIMIT,1701939972965,445381,0.002003
REEFUSDT,SELL,LIMIT,1701939974130,946240,0.002001
REEFUSDT,SELL,LIMIT,1701940050219,200000,0.001998
REEFUSDT,SELL,LIMIT,1701940474972,2395734,0.001983
REEFUSDT,SELL,LIMIT,1701940479849,28763,0.001982
REEFUSDT,SELL,LIMIT,1701940524628,34802,0.001982
REEFUSDT,SELL,LIMIT,1701940542232,143116,0.001978
REEFUSDT,SELL,LIMIT,1701940556414,1733299,0.001991
REEFUSDT,SELL,LIMIT,1701940559001,45657,0.001977
REEFUSDT,SELL,LIMIT,1701940978994,129676,0.001973
REEFUSDT,SELL,LIMIT,1701940993315,2333,0.001970
REEFUSDT,SELL,LIMIT,1701941060740,14092,0.001975
REEFUSDT,SELL,LIMIT,1701941174860,513503,0.001984
REEFUSDT,SELL,LIMIT,1701941181329,212629,0.001967
REEFUSDT,SELL,LIMIT,1701941185394,25237,0.001966
REEFUSDT,SELL,LIMIT,1701941187763,1000000,0.001964
REEFUSDT,SELL,LIMIT,1701941188795,9800,0.001962
REEFUSDT,SELL,LIMIT,1701941189905,9231,0.001961
REEFUSDT,SELL,LIMIT,1701941191570,76414,0.001960
REEFUSDT,SELL,LIMIT,1701941192865,2106537,0.001955
REEFUSDT,SELL,LIMIT,1701941238221,36210,0.001957
REEFUSDT,SELL,LIMIT,1701941243969,180724,0.001958
REEFUSDT,SELL,LIMIT,1701941246454,458384,0.001954
REEFUSDT,SELL,LIMIT,1701941248088,340008,0.001953
REEFUSDT,SELL,LIMIT,1701941257156,92349,0.001957
REEFUSDT,SELL,LIMIT,1701941748196,1856316,0.001979
REEFUSDT,BUY,LIMIT,1701942376524,48709,0.002075
REEFUSDT,SELL,LIMIT,1701946486324,2403846,0.001999
REEFUSDT,BUY,LIMIT,1701956472123,33654,0.002095
REEFUSDT,BUY,LIMIT,1701957199972,58801,0.002109
REEFUSDT,BUY,LIMIT,1701957293454,129416,0.002115
REEFUSDT,BUY,LIMIT,1701965094704,70607,0.002122
REEFUSDT,BUY,LIMIT,1701965527564,3424,0.002133
REEFUSDT,BUY,LIMIT,1701966036438,100167,0.002142
REEFUSDT,BUY,LIMIT,1701966082123,2476,0.002144
REEFUSDT,BUY,LIMIT,1701966135264,2004053,0.002148
REEFUSDT,BUY,LIMIT,1701966195107,137894,0.002154
REEFUSDT,BUY,LIMIT,1701966210155,304083,0.002157
REEFUSDT,SELL,LIMIT,1701970312711,47654,0.002063
REEFUSDT,SELL,LIMIT,1701981521822,13730,0.002011
REEFUSDT,SELL,LIMIT,1701981549833,135695,0.002007
REEFUSDT,BUY,LIMIT,1701985124288,74275,0.002109
REEFUSDT,SELL,LIMIT,1701986811464,40757,0.001999
REEFUSDT,SELL,LIMIT,1701987416075,36715,0.001997
REEFUSDT,SELL,LIMIT,1701987517138,17071,0.001995
REEFUSDT,SELL,LIMIT,1702016154522,464,0.002052
REEFUSDT,BUY,LIMIT,1702016406497,131294,0.002143
REEFUSDT,BUY,LIMIT,1702017895206,75937,0.002167
REEFUSDT,SELL,LIMIT,1702037074754,2399,0.002051
REEFUSDT,SELL,LIMIT,1702038460306,62160,0.002070
REEFUSDT,BUY,LIMIT,1702047709096,94817,0.002163
REEFUSDT,BUY,LIMIT,1702052007185,2479,0.002170
REEFUSDT,BUY,LIMIT,1702052530226,37777,0.002172
REEFUSDT,BUY,LIMIT,1702066122170,2292,0.002195
REEFUSDT,BUY,LIMIT,1702075511201,25000,0.002174
REEFUSDT,BUY,LIMIT,1702078502987,2857,0.002176
REEFUSDT,BUY,LIMIT,1702079066808,158250,0.002185
REEFUSDT,BUY,LIMIT,1702080420735,68845,0.002190
REEFUSDT,BUY,LIMIT,1702080776211,150000,0.002195
REEFUSDT,BUY,LIMIT,1702081832097,24790,0.002202
REEFUSDT,BUY,LIMIT,1702081984546,90777,0.002211
REEFUSDT,BUY,LIMIT,1702082040826,5115,0.002212
REEFUSDT,BUY,LIMIT,1702082974938,24765,0.002206
REEFUSDT,BUY,LIMIT,1702086995101,37890,0.002220
REEFUSDT,BUY,LIMIT,1702091266960,50272,0.002207
REEFUSDT,BUY,LIMIT,1702091763688,14799,0.002210
REEFUSDT,BUY,LIMIT,1702097672290,7392,0.002213
REEFUSDT,BUY,LIMIT,1702098151996,13545,0.002223
REEFUSDT,BUY,LIMIT,1702102929864,24827,0.002199
REEFUSDT,BUY,LIMIT,1702103285832,16500,0.002202
REEFUSDT,BUY,LIMIT,1702105803250,69875,0.002212
REEFUSDT,BUY,LIMIT,1702107900417,1000000,0.002226
REEFUSDT,BUY,LIMIT,1702108152691,66558,0.002245
REEFUSDT,BUY,LIMIT,1702109514107,48132,0.002234
REEFUSDT,BUY,LIMIT,1702109724335,80486,0.002241
REEFUSDT,BUY,LIMIT,1702109741906,23529,0.002242
REEFUSDT,BUY,LIMIT,1702110166390,12303,0.002246
REEFUSDT,BUY,LIMIT,1702110873074,14807,0.002221
REEFUSDT,SELL,LIMIT,1702111027751,4688,0.002104
REEFUSDT,SELL,LIMIT,1702111031400,3452,0.002103
REEFUSDT,SELL,LIMIT,1702111042801,284559,0.002098
REEFUSDT,SELL,LIMIT,1702111046291,177837,0.002094
REEFUSDT,SELL,LIMIT,1702111069376,234682,0.002099
REEFUSDT,SELL,LIMIT,1702111070546,22603,0.002092
REEFUSDT,SELL,LIMIT,1702111380378,118262,0.002095
REEFUSDT,SELL,LIMIT,1702111384919,250000,0.002081
