Symbol,Side,Order Type,Time,Quantity,Price
REEFUSDT,BUY,LIMIT,1700991694954,25946,0.001704
REEFUSDT,BUY,LIMIT,1700992604680,12642,0.001712
REEFUSDT,BUY,LIMIT,1700993258760,22188,0.001718
REEFUSDT,BUY,LIMIT,1700993677039,3066,0.001721
REEFUSDT,BUY,LIMIT,1700993747620,19220,0.001723
REEFUSDT,BUY,LIMIT,1700993780076,620725,0.001730
REEFUSDT,BUY,LIMIT,1700993858519,4085,0.001738
REEFUSDT,BUY,LIMIT,1700995052676,19245,0.001743
REEFUSDT,SELL,LIMIT,1701009261735,10740,0.001641
REEFUSDT,SELL,LIMIT,1701009264368,124589,0.001639
REEFUSDT,SELL,LIMIT,1701015625378,839594,0.001627
REEFUSDT,SELL,LIMIT,1701015626436,68048,0.001627
REEFUSDT,SELL,LIMIT,1701015635117,69371,0.001626
REEFUSDT,SELL,LIMIT,1701015659094,62305,0.001624
REEFUSDT,SELL,LIMIT,1701015661396,10626,0.001625
REEFUSDT,SELL,LIMIT,1701015663836,97103,0.001624
REEFUSDT,SELL,LIMIT,1701015684775,236930,0.001621
REEFUSDT,SELL,LIMIT,1701015734422,595842,0.001619
REEFUSDT,SELL,LIMIT,1701015736974,588994,0.001617
REEFUSDT,SELL,LIMIT,1701015740110,29292,0.001618
REEFUSDT,SELL,LIMIT,1701015747376,25853,0.001618
REEFUSDT,SELL,LIMIT,1701015884101,29446,0.001615
REEFUSDT,SELL,LIMIT,1701016015611,50147,0.001612
REEFUSDT,SELL,LIMIT,1701016019925,12518,0.001611
REEFUSDT,SELL,LIMIT,1701016032054,12943,0.001606
REEFUSDT,SELL,LIMIT,1701016033514,42854,0.001605
REEFUSDT,SELL,LIMIT,1701016042297,1097305,0.001604
REEFUSDT,SELL,LIMIT,1701016043256,3423,0.001600
REEFUSDT,SELL,LIMIT,1701016045473,1512353,0.001597
REEFUSDT,SELL,LIMIT,1701016047988,23915,0.001599
REEFUSDT,SELL,LIMIT,1701016049038,319074,0.001595
REEFUSDT,SELL,LIMIT,1701016099487,97071,0.001594
REEFUSDT,SELL,LIMIT,1701016101651,20624,0.001592
REEFUSDT,BUY,LIMIT,1701030025605,341289,0.001757
REEFUSDT,BUY,LIMIT,1701036765906,118764,0.001767
REEFUSDT,BUY,LIMIT,1701036837175,20196,0.001769
REEFUSDT,BUY,LIMIT,1701037362349,16656,0.001771
REEFUSDT,BUY,LIMIT,1701037391313,155087,0.001773
REEFUSDT,BUY,LIMIT,1701037836416,14746,0.001776
REEFUSDT,BUY,LIMIT,1701038016207,6066,0.001784
REEFUSDT,BUY,LIMIT,1701038582483,385570,0.001788
REEFUSDT,BUY,LIMIT,1701038594432,46796,0.001790
REEFUSDT,SELL,LIMIT,1701043149723,62844,0.001692
REEFUSDT,SELL,LIMIT,1701056053416,118074,0.001668
REEFUSDT,SELL,LIMIT,1701056139489,149475,0.001662
REEFUSDT,BUY,LIMIT,1701058276306,12403,0.001776
REEFUSDT,BUY,LIMIT,1701061958086,24303,0.001794
REEFUSDT,BUY,LIMIT,1701061970861,653421,0.001795
REEFUSDT,BUY,LIMIT,1701062025053,115265,0.001798
REEFUSDT,BUY,LIMIT,1701064022916,58275,0.001752
