Symbol,Side,Order Type,Time,Quantity,Price
RENUSDT,SELL,LIMIT,1701918400189,8001,0.06142
RENUSDT,SELL,LIMIT,1701918510106,9154,0.06127
RENUSDT,BUY,LIMIT,1701930635771,2685,0.06416
RENUSDT,SELL,LIMIT,1701937353756,5463,0.06188
RENUSDT,SELL,LIMIT,1701939434461,707,0.06180
RENUSDT,SELL,LIMIT,1701939972376,2570,0.06142
RENUSDT,SELL,LIMIT,1701940026088,572,0.06130
RENUSDT,SELL,LIMIT,1701940027182,2118,0.06128
RENUSDT,SELL,LIMIT,1701940556564,738,0.06120
RENUSDT,SELL,LIMIT,1701940558136,241,0.06113
RENUSDT,SELL,LIMIT,1701940686512,558,0.06084
RENUSDT,SELL,LIMIT,1701941067272,3196,0.06067
RENUSDT,SELL,LIMIT,1701941149218,1000,0.06058
RENUSDT,SELL,LIMIT,1701941154589,6000,0.06051
RENUSDT,SELL,LIMIT,1701941157332,280,0.06048
RENUSDT,SELL,LIMIT,1701941158443,3777,0.06040
RENUSDT,SELL,LIMIT,1701941160256,3500,0.06038
RENUSDT,SELL,LIMIT,1701941169696,1466,0.06034
RENUSDT,SELL,LIMIT,1701941173356,3437,0.06032
RENUSDT,SELL,LIMIT,1701941174601,4252,0.06028
RENUSDT,SELL,LIMIT,1701941178117,2570,0.06022
RENUSDT,SELL,LIMIT,1701941181338,31928,0.06021
RENUSDT,SELL,LIMIT,1701941182518,202,0.06020
RENUSDT,SELL,LIMIT,1701941184788,11858,0.06009
RENUSDT,SELL,LIMIT,1701941186358,3071,0.06009
RENUSDT,SELL,LIMIT,1701941241388,6760,0.06006
RENUSDT,SELL,LIMIT,1701941244970,1035,0.06004
RENUSDT,SELL,LIMIT,1701941246432,3240,0.05994
RENUSDT,BUY,LIMIT,1701947718202,810,0.06334
RENUSDT,BUY,LIMIT,1701959179229,16050,0.06370
RENUSDT,BUY,LIMIT,1701959202171,160,0.06376
RENUSDT,SELL,LIMIT,1701961641655,2746,0.06205
RENUSDT,BUY,LIMIT,1701963005572,20469,0.06484
RENUSDT,BUY,LIMIT,1701963021142,46619,0.06491
RENUSDT,SELL,LIMIT,1701964903635,447,0.06254
RENUSDT,BUY,LIMIT,1701970333423,2834,0.06657
RENUSDT,BUY,LIMIT,1701970342492,1083,0.06661
RENUSDT,SELL,LIMIT,1701970994504,3027,0.06437
RENUSDT,SELL,LIMIT,1701971061245,336,0.06495
RENUSDT,BUY,LIMIT,1701971576910,302,0.06688
RENUSDT,SELL,LIMIT,1701972528190,2433,0.06443
RENUSDT,SELL,LIMIT,1701974642084,139,0.06370
RENUSDT,SELL,LIMIT,1701977183684,2306,0.06373
RENUSDT,SELL,LIMIT,1701981509362,400,0.06356
RENUSDT,SELL,LIMIT,1701981511321,737,0.06328
RENUSDT,SELL,LIMIT,1701988461735,108,0.06386
RENUSDT,SELL,LIMIT,1701997775424,57966,0.06347
RENUSDT,BUY,LIMIT,1702005506746,3034,0.06612
RENUSDT,BUY,LIMIT,1702006446235,4139,0.06636
RENUSDT,BUY,LIMIT,1702007154541,428,0.06652
RENUSDT,BUY,LIMIT,1702011784757,6159,0.06669
RENUSDT,SELL,LIMIT,1702019153490,1906,0.06471
RENUSDT,SELL,LIMIT,1702020222939,1386,0.06434
RENUSDT,SELL,LIMIT,1702020325788,30000,0.06422
RENUSDT,SELL,LIMIT,1702020540544,5748,0.06412
RENUSDT,SELL,LIMIT,1702020574132,1239,0.06394
RENUSDT,SELL,LIMIT,1702020667194,3753,0.06366
RENUSDT,BUY,LIMIT,1702027258856,31116,0.06643
RENUSDT,SELL,LIMIT,1702029073325,1829,0.06439
RENUSDT,BUY,LIMIT,1702035157863,1510,0.06680
RENUSDT,SELL,LIMIT,1702043768978,255,0.06453
RENUSDT,SELL,LIMIT,1702043819578,12578,0.06445
RENUSDT,SELL,LIMIT,1702043838339,4891,0.06435
RENUSDT,SELL,LIMIT,1702044409640,2801,0.06426
RENUSDT,SELL,LIMIT,1702047193218,3379,0.06471
RENUSDT,SELL,LIMIT,1702047226083,55840,0.06464
RENUSDT,BUY,LIMIT,1702048082700,1757,0.06681
RENUSDT,BUY,LIMIT,1702051514698,4102,0.06742
RENUSDT,BUY,LIMIT,1702053460747,79,0.06706
RENUSDT,BUY,LIMIT,1702053526786,1094,0.06707
RENUSDT,BUY,LIMIT,1702054071376,4169,0.06758
RENUSDT,BUY,LIMIT,1702054085760,1994,0.06763
RENUSDT,BUY,LIMIT,1702054400026,1655,0.06743
RENUSDT,BUY,LIMIT,1702056084389,938,0.06737
RENUSDT,SELL,LIMIT,1702065523346,6362,0.06592
RENUSDT,BUY,LIMIT,1702069078918,756,0.06843
RENUSDT,SELL,LIMIT,1702070611297,91,0.09353
RENUSDT,BUY,LIMIT,1702081558377,1870,0.06843
RENUSDT,SELL,LIMIT,1702082878076,15489,0.06675
RENUSDT,BUY,LIMIT,1702085951114,593,0.06906
RENUSDT,BUY,LIMIT,1702091910217,899,0.06918
RENUSDT,BUY,LIMIT,1702091936887,30999,0.06920
RENUSDT,BUY,LIMIT,1702091943938,254,0.06922
RENUSDT,BUY,LIMIT,1702092433093,76,0.06938
RENUSDT,BUY,LIMIT,1702107981258,307,0.06992
RENUSDT,BUY,LIMIT,1702108053426,738,0.07008
RENUSDT,SELL,LIMIT,1702108236533,76,0.06816
RENUSDT,BUY,LIMIT,1702109244833,1508,0.07035
RENUSDT,BUY,LIMIT,1702109427017,1455,0.07078
RENUSDT,BUY,LIMIT,1702109566492,154,0.07073
RENUSDT,SELL,LIMIT,1702110862151,259,0.06751
RENUSDT,SELL,LIMIT,1702110985903,5370,0.06648
RENUSDT,SELL,LIMIT,1702111037220,10189,0.06635
RENUSDT,SELL,LIMIT,1702111038601,430,0.06620
RENUSDT,SELL,LIMIT,1702111041971,156,0.06616
RENUSDT,SELL,LIMIT,1702111045905,1037,0.06602
RENUSDT,SELL,LIMIT,1702111381060,2972,0.06559
RENUSDT,SELL,LIMIT,1702111387266,37844,0.06536
RENUSDT,SELL,LIMIT,1702111388399,14543,0.06537
RENUSDT,BUY,LIMIT,1702116483013,162,0.06904
RENUSDT,BUY,LIMIT,1702116943603,5435,0.06941
RENUSDT,BUY,LIMIT,1702118703546,36764,0.06967
RENUSDT,SELL,LIMIT,1702121363157,21084,0.06728
RENUSDT,BUY,LIMIT,1702124934025,6049,0.07029
RENUSDT,SELL,LIMIT,1702125027296,4819,0.06787
RENUSDT,SELL,LIMIT,1702125079730,1013,0.06765
RENUSDT,BUY,LIMIT,1702126072778,8189,0.07042
RENUSDT,BUY,LIMIT,1702126075365,73,0.07043
RENUSDT,BUY,LIMIT,1702126202125,1616,0.07063
RENUSDT,BUY,LIMIT,1702126207670,14346,0.07064
RENUSDT,BUY,LIMIT,1702127736365,317,0.07067
RENUSDT,BUY,LIMIT,1702127778393,121,0.07078
RENUSDT,BUY,LIMIT,1702127781309,2635,0.07093
RENUSDT,BUY,LIMIT,1702127789214,8128,0.07105
RENUSDT,BUY,LIMIT,1702127827023,13117,0.07132
RENUSDT,BUY,LIMIT,1702127828373,8433,0.07136
RENUSDT,BUY,LIMIT,1702127829395,7805,0.07134
RENUSDT,BUY,LIMIT,1702127832307,5627,0.07142
RENUSDT,BUY,LIMIT,1702127833433,7848,0.07143
RENUSDT,BUY,LIMIT,1702127834643,2803,0.07151
RENUSDT,BUY,LIMIT,1702127859061,18433,0.07184
RENUSDT,BUY,LIMIT,1702127877578,11172,0.07207
RENUSDT,BUY,LIMIT,1702127879725,52187,0.07216
RENUSDT,BUY,LIMIT,1702127902089,290,0.07222
RENUSDT,BUY,LIMIT,1702127922426,15501,0.07247
RENUSDT,SELL,LIMIT,1702128187142,624,0.06979
RENUSDT,SELL,LIMIT,1702128677131,183,0.06960
RENUSDT,BUY,LIMIT,1702128787681,70641,0.07212
RENUSDT,BUY,LIMIT,1702128804402,493,0.07248
RENUSDT,BUY,LIMIT,1702128826847,36544,0.07247
RENUSDT,SELL,LIMIT,1702129047197,351,0.07003
RENUSDT,SELL,LIMIT,1702129275920,1405,0.06977
RENUSDT,SELL,LIMIT,1702129285205,197,0.06971
RENUSDT,BUY,LIMIT,1702129685469,2659,0.07275
RENUSDT,SELL,LIMIT,1702130104391,19957,0.07021
RENUSDT,SELL,LIMIT,1702130110427,3338,0.07009
RENUSDT,SELL,LIMIT,1702130305847,5388,0.06963
RENUSDT,SELL,LIMIT,1702130660447,5576,0.06950
RENUSDT,SELL,LIMIT,1702130950403,1301,0.06927
RENUSDT,SELL,LIMIT,1702131841514,244,0.06928
RENUSDT,SELL,LIMIT,1702132518938,503,0.06877
RENUSDT,SELL,LIMIT,1702132791738,7368,0.06855
RENUSDT,SELL,LIMIT,1702132826696,1677,0.06830
RENUSDT,SELL,LIMIT,1702133001263,2404,0.06790
RENUSDT,SELL,LIMIT,1702133006899,22356,0.06770
RENUSDT,SELL,LIMIT,1702133008836,7286,0.06764
RENUSDT,SELL,LIMIT,1702133325222,4646,0.06762
RENUSDT,SELL,LIMIT,1702133326562,5100,0.06763
RENUSDT,SELL,LIMIT,1702133329362,1100,0.06758
RENUSDT,SELL,LIMIT,1702133330661,14412,0.06758
RENUSDT,SELL,LIMIT,1702133331856,1331,0.06751
RENUSDT,SELL,LIMIT,1702133343291,704,0.06747
RENUSDT,SELL,LIMIT,1702133345972,4804,0.06742
RENUSDT,SELL,LIMIT,1702141562199,1620,0.06769
RENUSDT,SELL,LIMIT,1702141655374,99,0.06747
RENUSDT,SELL,LIMIT,1702141656533,118,0.06744
RENUSDT,SELL,LIMIT,1702141658156,4344,0.06743
RENUSDT,SELL,LIMIT,1702141672616,3577,0.06735
RENUSDT,SELL,LIMIT,1702141674277,14634,0.06723
RENUSDT,SELL,LIMIT,1702141692235,7262,0.06728
RENUSDT,SELL,LIMIT,1702141801568,4243,0.06713
RENUSDT,SELL,LIMIT,1702141847993,1658,0.06710
RENUSDT,SELL,LIMIT,1702141852122,284,0.06697
RENUSDT,SELL,LIMIT,1702141865452,87,0.06693
RENUSDT,SELL,LIMIT,1702152946079,1071,0.06761
RENUSDT,SELL,LIMIT,1702153012225,87,0.06756
RENUSDT,SELL,LIMIT,1702153017138,17357,0.06748
RENUSDT,SELL,LIMIT,1702164213205,5422,0.06687
RENUSDT,SELL,LIMIT,1702164284479,1421,0.06680
RENUSDT,SELL,LIMIT,1702164515801,10000,0.06669
RENUSDT,SELL,LIMIT,1702164540781,28957,0.06658
RENUSDT,SELL,LIMIT,1702164543492,7142,0.06656
RENUSDT,SELL,LIMIT,1702164545166,1085,0.06642
RENUSDT,SELL,LIMIT,1702164546289,73583,0.06640
RENUSDT,SELL,LIMIT,1702164684976,194,0.06635
RENUSDT,SELL,LIMIT,1702164744099,276,0.06632
RENUSDT,SELL,LIMIT,1702164748065,1274,0.06626
RENUSDT,SELL,LIMIT,1702164756722,2514,0.06614
RENUSDT,SELL,LIMIT,1702164801637,7604,0.06602
RENUSDT,SELL,LIMIT,1702164803600,2581,0.06595
RENUSDT,SELL,LIMIT,1702164805535,182,0.06573
RENUSDT,SELL,LIMIT,1702164807282,715,0.06574
RENUSDT,SELL,LIMIT,1702164809467,2675,0.06572
RENUSDT,SELL,LIMIT,1702164869310,891,0.06574
RENUSDT,SELL,LIMIT,1702166519158,528,0.06681
RENUSDT,SELL,LIMIT,1702177089380,4532,0.06699
RENUSDT,SELL,LIMIT,1702192648461,50122,0.06673
RENUSDT,SELL,LIMIT,1702193941186,706,0.06620
RENUSDT,SELL,LIMIT,1702196632531,2945,0.06654
RENUSDT,SELL,LIMIT,1702196790648,2752,0.06636
RENUSDT,SELL,LIMIT,1702200258549,745,0.06619
RENUSDT,SELL,LIMIT,1702200375914,970,0.06597
RENUSDT,SELL,LIMIT,1702200730570,4985,0.06580
RENUSDT,SELL,LIMIT,1702200764458,1000,0.06567
RENUSDT,SELL,LIMIT,1702200783250,54523,0.06570
RENUSDT,SELL,LIMIT,1702200797192,10079,0.06563
RENUSDT,SELL,LIMIT,1702200889272,36036,0.06557
RENUSDT,SELL,LIMIT,1702200890535,15160,0.06557
RENUSDT,SELL,LIMIT,1702200926347,2043,0.06550
RENUSDT,SELL,LIMIT,1702200935081,379,0.06544
RENUSDT,SELL,LIMIT,1702200938083,83,0.06580
RENUSDT,SELL,LIMIT,1702200940396,991,0.06542
RENUSDT,SELL,LIMIT,1702200941408,3079,0.06536
RENUSDT,SELL,LIMIT,1702201477161,1180,0.06527
RENUSDT,SELL,LIMIT,1702202056435,23529,0.06530
RENUSDT,SELL,LIMIT,1702202071715,40000,0.06529
RENUSDT,SELL,LIMIT,1702202073115,12009,0.06520
RENUSDT,SELL,LIMIT,1702202074546,585,0.06519
RENUSDT,SELL,LIMIT,1702202178822,17228,0.06508
RENUSDT,SELL,LIMIT,1702202250317,234,0.06511
RENUSDT,SELL,LIMIT,1702202267739,738,0.06501
RENUSDT,SELL,LIMIT,1702202293825,850,0.06495
RENUSDT,SELL,LIMIT,1702202297434,125,0.06488
RENUSDT,SELL,LIMIT,1702202325246,4025,0.06476
RENUSDT,SELL,LIMIT,1702202367837,1857,0.06473
RENUSDT,SELL,LIMIT,1702202374028,24028,0.06470
RENUSDT,SELL,LIMIT,1702202379598,3564,0.06466
RENUSDT,SELL,LIMIT,1702202382458,3868,0.06464
RENUSDT,SELL,LIMIT,1702202387814,9475,0.06462
RENUSDT,SELL,LIMIT,1702229379881,10310,0.06637
RENUSDT,SELL,LIMIT,1702230142805,168,0.06605
RENUSDT,SELL,LIMIT,1702238582042,77,0.06721
RENUSDT,BUY,LIMIT,1702238840559,147,0.06923
RENUSDT,BUY,LIMIT,1702240742023,51,0.07001
RENUSDT,SELL,LIMIT,1702247675293,48560,0.06800
RENUSDT,SELL,LIMIT,1702250243171,9909,0.06774
RENUSDT,BUY,LIMIT,1702253307343,9267,0.07058
RENUSDT,SELL,LIMIT,1702255828126,12270,0.06784
RENUSDT,SELL,LIMIT,1702255889465,72755,0.06762
RENUSDT,SELL,LIMIT,1702256122458,201,0.06738
RENUSDT,SELL,LIMIT,1702256483245,4412,0.06862
RENUSDT,SELL,LIMIT,1702256620301,1439,0.06664
RENUSDT,SELL,LIMIT,1702256915055,5281,0.06627
RENUSDT,SELL,LIMIT,1702257008156,287,0.06601
RENUSDT,SELL,LIMIT,1702260435231,7733,0.06630
RENUSDT,SELL,LIMIT,1702260443413,76687,0.06614
RENUSDT,SELL,LIMIT,1702260621161,1440,0.06601
RENUSDT,SELL,LIMIT,1702260627340,466,0.06810
RENUSDT,BUY,LIMIT,1702260628389,1479,0.06780
RENUSDT,SELL,LIMIT,1702260631423,7940,0.06562
RENUSDT,SELL,LIMIT,1702260633836,7380,0.06560
RENUSDT,SELL,LIMIT,1702260637320,80,0.06547
RENUSDT,SELL,LIMIT,1702260690547,592,0.06550
RENUSDT,SELL,LIMIT,1702260699201,84,0.06536
RENUSDT,SELL,LIMIT,1702260700687,3666,0.06537
RENUSDT,SELL,LIMIT,1702260707509,2802,0.06524
RENUSDT,SELL,LIMIT,1702260710288,87,0.06512
RENUSDT,SELL,LIMIT,1702260711570,3549,0.06525
RENUSDT,SELL,LIMIT,1702260712919,10000,0.06897
RENUSDT,SELL,LIMIT,1702260714019,293,0.06507
RENUSDT,SELL,LIMIT,1702260715175,5576,0.06497
RENUSDT,SELL,LIMIT,1702260716805,141,0.06490
RENUSDT,SELL,LIMIT,1702260717959,73724,0.06494
RENUSDT,SELL,LIMIT,1702260719886,500,0.06476
RENUSDT,SELL,LIMIT,1702260721357,75127,0.06476
RENUSDT,SELL,LIMIT,1702260724639,7562,0.06450
RENUSDT,SELL,LIMIT,1702260725642,2023,0.06440
RENUSDT,SELL,LIMIT,1702260727685,10590,0.06439
RENUSDT,SELL,LIMIT,1702260729253,389,0.06435
RENUSDT,SELL,LIMIT,1702260730559,12509,0.06422
RENUSDT,SELL,LIMIT,1702260732097,16644,0.06417
RENUSDT,SELL,LIMIT,1702260733194,4182,0.06397
RENUSDT,SELL,LIMIT,1702260734419,10795,0.06431
RENUSDT,SELL,LIMIT,1702260735827,766,0.06386
RENUSDT,SELL,LIMIT,1702260736981,24060,0.06366
RENUSDT,SELL,LIMIT,1702260738428,72087,0.06341
RENUSDT,SELL,LIMIT,1702260739455,2898,0.06333
RENUSDT,SELL,LIMIT,1702260740456,10801,0.06454
RENUSDT,SELL,LIMIT,1702260741558,148,0.06328
RENUSDT,SELL,LIMIT,1702260743656,4000,0.06303
RENUSDT,SELL,LIMIT,1702260744975,20424,0.06294
RENUSDT,SELL,LIMIT,1702260746060,15153,0.06294
RENUSDT,SELL,LIMIT,1702260747070,7172,0.06286
RENUSDT,SELL,LIMIT,1702260748103,244,0.06286
RENUSDT,SELL,LIMIT,1702260749314,2178,0.06265
RENUSDT,SELL,LIMIT,1702260750868,55944,0.06226
RENUSDT,SELL,LIMIT,1702260751871,7233,0.06226
RENUSDT,SELL,LIMIT,1702260753117,1520,0.06210
RENUSDT,SELL,LIMIT,1702260754167,51552,0.06197
RENUSDT,SELL,LIMIT,1702260755232,1238,0.06186
RENUSDT,SELL,LIMIT,1702260756492,9982,0.06181
RENUSDT,SELL,LIMIT,1702260757679,1473,0.06162
RENUSDT,SELL,LIMIT,1702260758689,1229,0.06153
RENUSDT,SELL,LIMIT,1702260759749,37286,0.06143
RENUSDT,SELL,LIMIT,1702260760754,733,0.06103
RENUSDT,SELL,LIMIT,1702260761806,1002,0.06133
RENUSDT,SELL,LIMIT,1702260763001,4782,0.06154
RENUSDT,SELL,LIMIT,1702260764429,1439,0.06090
RENUSDT,SELL,LIMIT,1702260765584,69970,0.06087
RENUSDT,SELL,LIMIT,1702260766601,310,0.06067
RENUSDT,SELL,LIMIT,1702260767661,50000,0.06061
RENUSDT,SELL,LIMIT,1702260768761,1016,0.06053
RENUSDT,SELL,LIMIT,1702260769743,2595,0.06053
RENUSDT,SELL,LIMIT,1702260770886,160,0.06027
RENUSDT,SELL,LIMIT,1702260771909,6360,0.06027
RENUSDT,SELL,LIMIT,1702260772942,1133,0.06017
RENUSDT,SELL,LIMIT,1702260774242,10143,0.06014
RENUSDT,SELL,LIMIT,1702260775538,1555,0.06820
RENUSDT,SELL,LIMIT,1702260776775,2761,0.06006
RENUSDT,SELL,LIMIT,1702260777992,94,0.06004
RENUSDT,SELL,LIMIT,1702260779071,5401,0.05977
RENUSDT,SELL,LIMIT,1702260780578,6246,0.05952
RENUSDT,SELL,LIMIT,1702260781847,736,0.05961
RENUSDT,SELL,LIMIT,1702260782886,5883,0.05997
RENUSDT,SELL,LIMIT,1702260783932,16,0.05923
RENUSDT,SELL,LIMIT,1702260785327,29466,0.05981
RENUSDT,SELL,LIMIT,1702260786350,13325,0.05934
RENUSDT,SELL,LIMIT,1702260787538,1487,0.06026
RENUSDT,SELL,LIMIT,1702260788560,30414,0.05922
RENUSDT,SELL,LIMIT,1702260789720,174,0.05937
RENUSDT,SELL,LIMIT,1702260791058,240,0.05923
RENUSDT,SELL,LIMIT,1702260792363,84,0.05891
RENUSDT,SELL,LIMIT,1702260793388,307,0.05860
RENUSDT,SELL,LIMIT,1702260794491,378,0.05831
RENUSDT,SELL,LIMIT,1702260796170,176709,0.05809
RENUSDT,SELL,LIMIT,1702260797487,425,0.05792
RENUSDT,SELL,LIMIT,1702260799204,417,0.05784
RENUSDT,SELL,LIMIT,1702260800225,14464,0.05773
RENUSDT,SELL,LIMIT,1702260801540,76051,0.05762
RENUSDT,SELL,LIMIT,1702260802831,16175,0.05762
RENUSDT,SELL,LIMIT,1702260804000,6506,0.05780
RENUSDT,SELL,LIMIT,1702260805363,13773,0.05779
RENUSDT,SELL,LIMIT,1702260807906,80,0.05758
RENUSDT,SELL,LIMIT,1702260809627,263065,0.05713
RENUSDT,SELL,LIMIT,1702260811167,39966,0.05756
RENUSDT,SELL,LIMIT,1702260812181,4902,0.05743
RENUSDT,SELL,LIMIT,1702260814181,703,0.05697
RENUSDT,SELL,LIMIT,1702260815199,1502,0.05697
RENUSDT,SELL,LIMIT,1702260818449,679,0.05713
RENUSDT,SELL,LIMIT,1702262258928,2183,0.06116
RENUSDT,SELL,LIMIT,1702262298893,7582,0.06094
RENUSDT,SELL,LIMIT,1702262564440,29087,0.06060
RENUSDT,SELL,LIMIT,1702262873708,855,0.06021
RENUSDT,BUY,LIMIT,1702265713415,1832,0.06349
RENUSDT,SELL,LIMIT,1702267875910,3197,0.06173
