Symbol,Side,Order Type,Time,Quantity,Price
RENUSDT,SELL,LIMIT,1701918400189,8001,0.06142
RENUSDT,SELL,LIMIT,1701918510106,9154,0.06127
RENUSDT,BUY,LIMIT,1701930635771,2685,0.06416
RENUSDT,SELL,LIMIT,1701937353756,5463,0.06188
RENUSDT,SELL,LIMIT,1701939434461,707,0.06180
RENUSDT,SELL,LIMIT,1701939972376,2570,0.06142
RENUSDT,SELL,LIMIT,1701940026088,572,0.06130
RENUSDT,SELL,LIMIT,1701940027182,2118,0.06128
RENUSDT,SELL,LIMIT,1701940556564,738,0.06120
RENUSDT,SELL,LIMIT,1701940558136,241,0.06113
RENUSDT,SELL,LIMIT,1701940686512,558,0.06084
RENUSDT,SELL,LIMIT,1701941067272,3196,0.06067
RENUSDT,SELL,LIMIT,1701941149218,1000,0.06058
RENUSDT,SELL,LIMIT,1701941154589,6000,0.06051
RENUSDT,SELL,LIMIT,1701941157332,280,0.06048
RENUSDT,SELL,LIMIT,1701941158443,3777,0.06040
RENUSDT,SELL,LIMIT,1701941160256,3500,0.06038
RENUSDT,SELL,LIMIT,1701941169696,1466,0.06034
RENUSDT,SELL,LIMIT,1701941173356,3437,0.06032
RENUSDT,SELL,LIMIT,1701941174601,4252,0.06028
RENUSDT,SELL,LIMIT,1701941178117,2570,0.06022
RENUSDT,SELL,LIMIT,1701941181338,31928,0.06021
RENUSDT,SELL,LIMIT,1701941182518,202,0.06020
RENUSDT,SELL,LIMIT,1701941184788,11858,0.06009
RENUSDT,SELL,LIMIT,1701941186358,3071,0.06009
RENUSDT,SELL,LIMIT,1701941241388,6760,0.06006
RENUSDT,SELL,LIMIT,1701941244970,1035,0.06004
RENUSDT,SELL,LIMIT,1701941246432,3240,0.05994
RENUSDT,BUY,LIMIT,1701947718202,810,0.06334
RENUSDT,BUY,LIMIT,1701959179229,16050,0.06370
RENUSDT,BUY,LIMIT,1701959202171,160,0.06376
RENUSDT,SELL,LIMIT,1701961641655,2746,0.06205
RENUSDT,BUY,LIMIT,1701963005572,20469,0.06484
RENUSDT,BUY,LIMIT,1701963021142,46619,0.06491
RENUSDT,SELL,LIMIT,1701964903635,447,0.06254
RENUSDT,BUY,LIMIT,1701970333423,2834,0.06657
RENUSDT,BUY,LIMIT,1701970342492,1083,0.06661
RENUSDT,SELL,LIMIT,1701970994504,3027,0.06437
RENUSDT,SELL,LIMIT,1701971061245,336,0.06495
RENUSDT,BUY,LIMIT,1701971576910,302,0.06688
RENUSDT,SELL,LIMIT,1701972528190,2433,0.06443
RENUSDT,SELL,LIMIT,1701974642084,139,0.06370
RENUSDT,SELL,LIMIT,1701977183684,2306,0.06373
RENUSDT,SELL,LIMIT,1701981509362,400,0.06356
RENUSDT,SELL,LIMIT,1701981511321,737,0.06328
RENUSDT,SELL,LIMIT,1701988461735,108,0.06386
RENUSDT,SELL,LIMIT,1701997775424,57966,0.06347
RENUSDT,BUY,LIMIT,1702005506746,3034,0.06612
RENUSDT,BUY,LIMIT,1702006446235,4139,0.06636
RENUSDT,BUY,LIMIT,1702007154541,428,0.06652
RENUSDT,BUY,LIMIT,1702011784757,6159,0.06669
RENUSDT,SELL,LIMIT,1702019153490,1906,0.06471
RENUSDT,SELL,LIMIT,1702020222939,1386,0.06434
RENUSDT,SELL,LIMIT,1702020325788,30000,0.06422
RENUSDT,SELL,LIMIT,1702020540544,5748,0.06412
RENUSDT,SELL,LIMIT,1702020574132,1239,0.06394
RENUSDT,SELL,LIMIT,1702020667194,3753,0.06366
RENUSDT,BUY,LIMIT,1702027258856,31116,0.06643
RENUSDT,SELL,LIMIT,1702029073325,1829,0.06439
RENUSDT,BUY,LIMIT,1702035157863,1510,0.06680
RENUSDT,SELL,LIMIT,1702043768978,255,0.06453
RENUSDT,SELL,LIMIT,1702043819578,12578,0.06445
RENUSDT,SELL,LIMIT,1702043838339,4891,0.06435
RENUSDT,SELL,LIMIT,1702044409640,2801,0.06426
RENUSDT,SELL,LIMIT,1702047193218,3379,0.06471
RENUSDT,SELL,LIMIT,1702047226083,55840,0.06464
RENUSDT,BUY,LIMIT,1702048082700,1757,0.06681
RENUSDT,BUY,LIMIT,1702051514698,4102,0.06742
RENUSDT,BUY,LIMIT,1702053460747,79,0.06706
RENUSDT,BUY,LIMIT,1702053526786,1094,0.06707
RENUSDT,BUY,LIMIT,1702054071376,4169,0.06758
RENUSDT,BUY,LIMIT,1702054085760,1994,0.06763
RENUSDT,BUY,LIMIT,1702054400026,1655,0.06743
RENUSDT,BUY,LIMIT,1702056084389,938,0.06737
RENUSDT,SELL,LIMIT,1702065523346,6362,0.06592
RENUSDT,BUY,LIMIT,1702069078918,756,0.06843
RENUSDT,SELL,LIMIT,1702070611297,91,0.09353
RENUSDT,BUY,LIMIT,1702081558377,1870,0.06843
RENUSDT,SELL,LIMIT,1702082878076,15489,0.06675
RENUSDT,BUY,LIMIT,1702085951114,593,0.06906
RENUSDT,BUY,LIMIT,1702091910217,899,0.06918
RENUSDT,BUY,LIMIT,1702091936887,30999,0.06920
RENUSDT,BUY,LIMIT,1702091943938,254,0.06922
RENUSDT,BUY,LIMIT,1702092433093,76,0.06938
RENUSDT,BUY,LIMIT,1702107981258,307,0.06992
RENUSDT,BUY,LIMIT,1702108053426,738,0.07008
RENUSDT,SELL,LIMIT,1702108236533,76,0.06816
RENUSDT,BUY,LIMIT,1702109244833,1508,0.07035
RENUSDT,BUY,LIMIT,1702109427017,1455,0.07078
RENUSDT,BUY,LIMIT,1702109566492,154,0.07073
RENUSDT,SELL,LIMIT,1702110862151,259,0.06751
RENUSDT,SELL,LIMIT,1702110985903,5370,0.06648
RENUSDT,SELL,LIMIT,1702111037220,10189,0.06635
RENUSDT,SELL,LIMIT,1702111038601,430,0.06620
RENUSDT,SELL,LIMIT,1702111041971,156,0.06616
RENUSDT,SELL,LIMIT,1702111045905,1037,0.06602
RENUSDT,SELL,LIMIT,1702111381060,2972,0.06559
RENUSDT,SELL,LIMIT,1702111387266,37844,0.06536
RENUSDT,SELL,LIMIT,1702111388399,14543,0.06537
RENUSDT,BUY,LIMIT,1702116483013,162,0.06904
RENUSDT,BUY,LIMIT,1702116943603,5435,0.06941
RENUSDT,BUY,LIMIT,1702118703546,36764,0.06967
RENUSDT,SELL,LIMIT,1702121363157,21084,0.06728
RENUSDT,BUY,LIMIT,1702124934025,6049,0.07029
RENUSDT,SELL,LIMIT,1702125027296,4819,0.06787
RENUSDT,SELL,LIMIT,1702125079730,1013,0.06765
RENUSDT,BUY,LIMIT,1702126072778,8189,0.07042
RENUSDT,BUY,LIMIT,1702126075365,73,0.07043
RENUSDT,BUY,LIMIT,1702126202125,1616,0.07063
RENUSDT,BUY,LIMIT,1702126207670,14346,0.07064
RENUSDT,BUY,LIMIT,1702127736365,317,0.07067
RENUSDT,BUY,LIMIT,1702127778393,121,0.07078
RENUSDT,BUY,LIMIT,1702127781309,2635,0.07093
RENUSDT,BUY,LIMIT,1702127789214,8128,0.07105
RENUSDT,BUY,LIMIT,1702127827023,13117,0.07132
RENUSDT,BUY,LIMIT,1702127828373,8433,0.07136
RENUSDT,BUY,LIMIT,1702127829395,7805,0.07134
RENUSDT,BUY,LIMIT,1702127832307,5627,0.07142
RENUSDT,BUY,LIMIT,1702127833433,7848,0.07143
RENUSDT,BUY,LIMIT,1702127834643,2803,0.07151
RENUSDT,BUY,LIMIT,1702127859061,18433,0.07184
RENUSDT,BUY,LIMIT,1702127877578,11172,0.07207
RENUSDT,BUY,LIMIT,1702127879725,52187,0.07216
RENUSDT,BUY,LIMIT,1702127902089,290,0.07222
RENUSDT,BUY,LIMIT,1702127922426,15501,0.07247
RENUSDT,SELL,LIMIT,1702128187142,624,0.06979
RENUSDT,SELL,LIMIT,1702128677131,183,0.06960
RENUSDT,BUY,LIMIT,1702128787681,70641,0.07212
RENUSDT,BUY,LIMIT,1702128804402,493,0.07248
RENUSDT,BUY,LIMIT,1702128826847,36544,0.07247
RENUSDT,SELL,LIMIT,1702129047197,351,0.07003
RENUSDT,SELL,LIMIT,1702129275920,1405,0.06977
RENUSDT,SELL,LIMIT,1702129285205,197,0.06971
RENUSDT,BUY,LIMIT,1702129685469,2659,0.07275
RENUSDT,SELL,LIMIT,1702130104391,19957,0.07021
RENUSDT,SELL,LIMIT,1702130110427,3338,0.07009
RENUSDT,SELL,LIMIT,1702130305847,5388,0.06963
RENUSDT,SELL,LIMIT,1702130660447,5576,0.06950
RENUSDT,SELL,LIMIT,1702130950403,1301,0.06927
RENUSDT,SELL,LIMIT,1702131841514,244,0.06928
RENUSDT,SELL,LIMIT,1702132518938,503,0.06877
RENUSDT,SELL,LIMIT,1702132791738,7368,0.06855
RENUSDT,SELL,LIMIT,1702132826696,1677,0.06830
RENUSDT,SELL,LIMIT,1702133001263,2404,0.06790
RENUSDT,SELL,LIMIT,1702133006899,22356,0.06770
RENUSDT,SELL,LIMIT,1702133008836,7286,0.06764
RENUSDT,SELL,LIMIT,1702133325222,4646,0.06762
RENUSDT,SELL,LIMIT,1702133326562,5100,0.06763
RENUSDT,SELL,LIMIT,1702133329362,1100,0.06758
RENUSDT,SELL,LIMIT,1702133330661,14412,0.06758
RENUSDT,SELL,LIMIT,1702133331856,1331,0.06751
RENUSDT,SELL,LIMIT,1702133343291,704,0.06747
RENUSDT,SELL,LIMIT,1702133345972,4804,0.06742
