Symbol,Side,Order Type,Time,Quantity,Price
RIFUSDT,BUY,LIMIT,1701914941319,10861,0.1408534
RIFUSDT,SELL,LIMIT,1701917647561,1907,0.1371625
RIFUSDT,BUY,LIMIT,1701919123176,663,0.1419747
RIFUSDT,SELL,LIMIT,1701920616277,639,0.1373329
RIFUSDT,BUY,LIMIT,1701922040316,117,0.1426136
RIFUSDT,BUY,LIMIT,1701924310837,98,0.1453306
RIFUSDT,BUY,LIMIT,1701925828205,2887,0.1454510
RIFUSDT,BUY,LIMIT,1701927390088,104,0.1457092
RIFUSDT,BUY,LIMIT,1701927398121,92,0.1463602
RIFUSDT,BUY,LIMIT,1701927400649,143,0.1465165
RIFUSDT,BUY,LIMIT,1701927467203,99,0.1479443
RIFUSDT,BUY,LIMIT,1701927495951,4403,0.1484251
RIFUSDT,BUY,LIMIT,1701932677352,35,0.1461168
RIFUSDT,SELL,LIMIT,1701936760775,17760,0.1427637
RIFUSDT,SELL,LIMIT,1701937356142,5539,0.1406181
RIFUSDT,SELL,LIMIT,1701939359474,60,0.1413940
RIFUSDT,SELL,LIMIT,1701941156049,6839,0.1398405
RIFUSDT,SELL,LIMIT,1701941180680,6045,0.1397125
RIFUSDT,SELL,LIMIT,1701941189441,1685,0.1394704
RIFUSDT,SELL,LIMIT,1701941190582,1552,0.1390852
RIFUSDT,SELL,LIMIT,1701941245369,2000,0.1387078
RIFUSDT,SELL,LIMIT,1701941247114,1309,0.1386697
RIFUSDT,BUY,LIMIT,1701943121029,68,0.1473381
RIFUSDT,SELL,LIMIT,1701947140931,22560,0.1421677
RIFUSDT,BUY,LIMIT,1701949594261,102,0.1473789
RIFUSDT,SELL,LIMIT,1701950649049,700,0.1427814
RIFUSDT,SELL,LIMIT,1701950711852,10444,0.1424509
RIFUSDT,BUY,LIMIT,1701951563300,255,0.1497453
RIFUSDT,BUY,LIMIT,1701952309399,3288,0.1501139
RIFUSDT,BUY,LIMIT,1701952694011,1025,0.1517493
RIFUSDT,BUY,LIMIT,1701953003427,3201,0.1524427
RIFUSDT,BUY,LIMIT,1701955549109,33912,0.1503536
RIFUSDT,BUY,LIMIT,1701955583101,1410,0.1510045
RIFUSDT,SELL,LIMIT,1701956875060,235,0.1455144
RIFUSDT,BUY,LIMIT,1701957848910,1507,0.1520753
RIFUSDT,BUY,LIMIT,1701962195787,364,0.1542301
RIFUSDT,BUY,LIMIT,1701962811445,3000,0.1561976
RIFUSDT,SELL,LIMIT,1701963416164,20733,0.1505241
RIFUSDT,SELL,LIMIT,1701963983766,97,0.1488220
RIFUSDT,SELL,LIMIT,1701964905323,33068,0.1463052
RIFUSDT,SELL,LIMIT,1701965177088,747,0.1460041
RIFUSDT,SELL,LIMIT,1701971064107,4383,0.1454872
RIFUSDT,SELL,LIMIT,1701977182585,166217,0.1440943
RIFUSDT,SELL,LIMIT,1701977298335,19970,0.1449892
RIFUSDT,SELL,LIMIT,1701977334625,1458,0.1448582
RIFUSDT,BUY,LIMIT,1701983415417,1027,0.1516825
RIFUSDT,SELL,LIMIT,1701988459916,72,0.1452654
RIFUSDT,SELL,LIMIT,1701991036469,100,0.1451140
RIFUSDT,SELL,LIMIT,1701991559076,95,0.1445910
RIFUSDT,SELL,LIMIT,1701997290388,988,0.1444885
RIFUSDT,SELL,LIMIT,1701999196813,262,0.1440207
RIFUSDT,SELL,LIMIT,1702003174659,5412,0.1427173
RIFUSDT,SELL,LIMIT,1702003770805,35394,0.1424355
RIFUSDT,SELL,LIMIT,1702003776686,60,0.1423646
RIFUSDT,SELL,LIMIT,1702007526834,131,0.1420601
RIFUSDT,SELL,LIMIT,1702007558934,332,0.1420369
RIFUSDT,SELL,LIMIT,1702008015834,311,0.1420390
RIFUSDT,SELL,LIMIT,1702008145686,34626,0.1415730
RIFUSDT,SELL,LIMIT,1702010327917,27,0.1425947
RIFUSDT,SELL,LIMIT,1702018806558,13793,0.1420138
RIFUSDT,SELL,LIMIT,1702020163295,221,0.1415415
RIFUSDT,SELL,LIMIT,1702020202758,1269,0.1414158
RIFUSDT,SELL,LIMIT,1702020225247,583,0.1410934
RIFUSDT,SELL,LIMIT,1702020603442,6067,0.1407613
RIFUSDT,SELL,LIMIT,1702029225197,91,0.1414660
RIFUSDT,SELL,LIMIT,1702030057733,1000,0.1421079
RIFUSDT,BUY,LIMIT,1702034788863,119,0.1471161
RIFUSDT,SELL,LIMIT,1702043862416,10052,0.1419973
RIFUSDT,SELL,LIMIT,1702045323738,15324,0.1395747
RIFUSDT,SELL,LIMIT,1702045326901,4503,0.1393672
RIFUSDT,SELL,LIMIT,1702045330724,13343,0.1392018
RIFUSDT,SELL,LIMIT,1702045685063,19947,0.1389112
RIFUSDT,SELL,LIMIT,1702046529434,518,0.1387395
RIFUSDT,SELL,LIMIT,1702047528917,1129,0.1387984
RIFUSDT,SELL,LIMIT,1702047621502,604,0.1384911
RIFUSDT,SELL,LIMIT,1702047941909,26121,0.1388086
RIFUSDT,SELL,LIMIT,1702048284021,1512,0.1382575
RIFUSDT,SELL,LIMIT,1702049412125,178,0.1373360
RIFUSDT,SELL,LIMIT,1702050475845,93,0.1373485
RIFUSDT,SELL,LIMIT,1702050482014,190,0.1392351
RIFUSDT,SELL,LIMIT,1702050741396,2222,0.1369495
RIFUSDT,SELL,LIMIT,1702050744055,716,0.1368572
RIFUSDT,SELL,LIMIT,1702050827002,154,0.1367245
RIFUSDT,SELL,LIMIT,1702050868610,10882,0.1363918
RIFUSDT,SELL,LIMIT,1702050878465,3631,0.1362066
RIFUSDT,BUY,LIMIT,1702052530226,574,0.1419627
RIFUSDT,SELL,LIMIT,1702054588778,1421,0.1371889
RIFUSDT,SELL,LIMIT,1702054876593,1862,0.1371098
RIFUSDT,SELL,LIMIT,1702055242577,14053,0.1367822
RIFUSDT,SELL,LIMIT,1702055339213,35719,0.1363618
RIFUSDT,SELL,LIMIT,1702055473500,114,0.1365375
RIFUSDT,BUY,LIMIT,1702057577803,96,0.1413571
RIFUSDT,BUY,LIMIT,1702058460549,733,0.1418637
RIFUSDT,BUY,LIMIT,1702061920113,8799,0.1422562
RIFUSDT,BUY,LIMIT,1702061937741,112,0.1422772
RIFUSDT,BUY,LIMIT,1702062340440,5317,0.1423303
RIFUSDT,BUY,LIMIT,1702062822628,1121,0.1424368
RIFUSDT,BUY,LIMIT,1702064149174,1716,0.1426244
RIFUSDT,BUY,LIMIT,1702064164317,322,0.1426400
RIFUSDT,BUY,LIMIT,1702064374624,470,0.1427730
RIFUSDT,BUY,LIMIT,1702064997414,3637,0.1430779
RIFUSDT,SELL,LIMIT,1702065484696,153,0.1385995
RIFUSDT,SELL,LIMIT,1702067218712,41,0.1384570
RIFUSDT,SELL,LIMIT,1702067219922,881,0.1381180
RIFUSDT,SELL,LIMIT,1702067315542,251,0.1379564
RIFUSDT,SELL,LIMIT,1702067923641,807,0.1374134
RIFUSDT,SELL,LIMIT,1702069917547,4501,0.1379507
RIFUSDT,SELL,LIMIT,1702072140938,5569,0.1369563
RIFUSDT,SELL,LIMIT,1702076287693,948,0.1374568
RIFUSDT,SELL,LIMIT,1702076640244,9295,0.1372281
RIFUSDT,SELL,LIMIT,1702076936405,7913,0.1371337
RIFUSDT,BUY,LIMIT,1702079370340,1660,0.1426088
RIFUSDT,BUY,LIMIT,1702080849041,1998,0.1430540
RIFUSDT,BUY,LIMIT,1702082888166,4091,0.1434440
RIFUSDT,SELL,LIMIT,1702083867113,41,0.1382672
RIFUSDT,SELL,LIMIT,1702083963064,35468,0.1381700
RIFUSDT,SELL,LIMIT,1702083999727,2054,0.1380865
RIFUSDT,SELL,LIMIT,1702084049157,365,0.1379105
RIFUSDT,SELL,LIMIT,1702084073832,6667,0.1377666
RIFUSDT,SELL,LIMIT,1702084186176,690,0.1371139
RIFUSDT,SELL,LIMIT,1702084217034,12902,0.1369439
RIFUSDT,BUY,LIMIT,1702084551483,310,0.1422686
RIFUSDT,BUY,LIMIT,1702085924512,588,0.1435982
RIFUSDT,BUY,LIMIT,1702091006893,717,0.1420349
RIFUSDT,BUY,LIMIT,1702094744492,251,0.1430725
RIFUSDT,BUY,LIMIT,1702097489383,248,0.1429793
RIFUSDT,SELL,LIMIT,1702099145242,8359,0.1379473
RIFUSDT,SELL,LIMIT,1702102372775,2286,0.1374448
RIFUSDT,SELL,LIMIT,1702103510017,3141,0.1382448
RIFUSDT,BUY,LIMIT,1702105876224,6,0.1424450
RIFUSDT,SELL,LIMIT,1702109780750,65,0.1395629
RIFUSDT,BUY,LIMIT,1702109916850,53,0.1438660
RIFUSDT,SELL,LIMIT,1702110847843,13440,0.1382163
RIFUSDT,SELL,LIMIT,1702110910123,213,0.1379953
RIFUSDT,SELL,LIMIT,1702110952088,354,0.1377674
RIFUSDT,SELL,LIMIT,1702110969498,657,0.1376230
RIFUSDT,SELL,LIMIT,1702110978004,25126,0.1374549
RIFUSDT,SELL,LIMIT,1702110982122,7592,0.1373610
RIFUSDT,SELL,LIMIT,1702110985845,5064,0.1373197
RIFUSDT,SELL,LIMIT,1702110990384,1674,0.1370788
RIFUSDT,SELL,LIMIT,1702111025996,2867,0.1366346
RIFUSDT,SELL,LIMIT,1702111027742,14397,0.1364496
RIFUSDT,SELL,LIMIT,1702111030808,7663,0.1362479
RIFUSDT,SELL,LIMIT,1702111034247,1274,0.1361891
RIFUSDT,SELL,LIMIT,1702111037941,602,0.1358844
RIFUSDT,SELL,LIMIT,1702111039147,861,0.1358628
RIFUSDT,SELL,LIMIT,1702111040977,5173,0.1358105
RIFUSDT,SELL,LIMIT,1702111043396,70,0.1356505
RIFUSDT,SELL,LIMIT,1702111045928,7749,0.1355346
RIFUSDT,SELL,LIMIT,1702111049869,9094,0.1353766
RIFUSDT,SELL,LIMIT,1702111370118,193,0.1353105
RIFUSDT,SELL,LIMIT,1702111378799,7415,0.1351986
RIFUSDT,SELL,LIMIT,1702111380207,3106,0.1350375
RIFUSDT,SELL,LIMIT,1702111384654,15846,0.1349163
RIFUSDT,SELL,LIMIT,1702111389209,489,0.1347294
RIFUSDT,SELL,LIMIT,1702111390467,35778,0.1346603
RIFUSDT,SELL,LIMIT,1702111392348,24817,0.1342460
RIFUSDT,BUY,LIMIT,1702111694038,37,0.1402001
RIFUSDT,SELL,LIMIT,1702114846136,672,0.1358679
RIFUSDT,SELL,LIMIT,1702115715385,13538,0.1352408
RIFUSDT,BUY,LIMIT,1702118706392,12326,0.1406355
RIFUSDT,SELL,LIMIT,1702120671090,1734,0.1360703
RIFUSDT,SELL,LIMIT,1702120891564,2641,0.1362748
RIFUSDT,SELL,LIMIT,1702124767833,4315,0.1353830
RIFUSDT,SELL,LIMIT,1702125411772,8581,0.1349267
RIFUSDT,SELL,LIMIT,1702132219445,128,0.1361151
RIFUSDT,SELL,LIMIT,1702132233297,33076,0.1359079
RIFUSDT,SELL,LIMIT,1702132289352,101,0.1357866
RIFUSDT,SELL,LIMIT,1702132813649,499,0.1349500
RIFUSDT,SELL,LIMIT,1702132993772,328,0.1343865
RIFUSDT,SELL,LIMIT,1702133003536,37,0.1340807
RIFUSDT,BUY,LIMIT,1702133006154,1045,0.1381503
RIFUSDT,SELL,LIMIT,1702133007481,102,0.1340209
RIFUSDT,SELL,LIMIT,1702133008512,283,0.1339519
RIFUSDT,SELL,LIMIT,1702133022882,2502,0.1337724
RIFUSDT,SELL,LIMIT,1702133024313,13868,0.1336980
RIFUSDT,SELL,LIMIT,1702134402723,424,0.1344154
RIFUSDT,SELL,LIMIT,1702134886295,10003,0.1336332
RIFUSDT,SELL,LIMIT,1702134901404,1436,0.1336106
RIFUSDT,SELL,LIMIT,1702138961876,313,0.1355108
RIFUSDT,SELL,LIMIT,1702138973295,3557,0.1354726
RIFUSDT,SELL,LIMIT,1702139118634,178,0.1354115
RIFUSDT,SELL,LIMIT,1702139125567,823,0.1351305
RIFUSDT,SELL,LIMIT,1702139156085,467,0.1351482
RIFUSDT,SELL,LIMIT,1702139259150,101,0.1346737
RIFUSDT,SELL,LIMIT,1702139260173,137,0.1348771
RIFUSDT,SELL,LIMIT,1702139267557,1130,0.1346174
RIFUSDT,BUY,LIMIT,1702141564518,177,0.1391463
RIFUSDT,SELL,LIMIT,1702141778634,6990,0.1343245
RIFUSDT,SELL,LIMIT,1702141849292,36,0.1341122
RIFUSDT,SELL,LIMIT,1702141850321,7331,0.1342086
RIFUSDT,SELL,LIMIT,1702141855121,5883,0.1339736
RIFUSDT,BUY,LIMIT,1702143014846,17762,0.1389775
RIFUSDT,BUY,LIMIT,1702144884944,1160,0.1393086
RIFUSDT,BUY,LIMIT,1702145788506,57,0.1403744
RIFUSDT,BUY,LIMIT,1702147693108,2296,0.1406960
RIFUSDT,SELL,LIMIT,1702152955879,11659,0.1355284
RIFUSDT,BUY,LIMIT,1702156817255,2900,0.1394149
RIFUSDT,SELL,LIMIT,1702164200574,1813,0.1346820
RIFUSDT,SELL,LIMIT,1702164249603,215,0.1345616
RIFUSDT,SELL,LIMIT,1702164562307,4028,0.1338680
RIFUSDT,SELL,LIMIT,1702164678392,5779,0.1337448
RIFUSDT,SELL,LIMIT,1702164680750,45,0.1336627
RIFUSDT,SELL,LIMIT,1702164699279,2003,0.1335384
RIFUSDT,SELL,LIMIT,1702164745208,1420,0.1335384
RIFUSDT,SELL,LIMIT,1702164748438,253,0.1334669
RIFUSDT,SELL,LIMIT,1702164749442,44670,0.1332309
RIFUSDT,SELL,LIMIT,1702164751200,177054,0.1323742
RIFUSDT,SELL,LIMIT,1702164752209,7160,0.1332123
RIFUSDT,SELL,LIMIT,1702164754790,1591,0.1327564
RIFUSDT,SELL,LIMIT,1702164756054,824,0.1326228
RIFUSDT,SELL,LIMIT,1702164757063,1394,0.1326347
RIFUSDT,SELL,LIMIT,1702164758083,1888,0.1325487
RIFUSDT,SELL,LIMIT,1702164765414,158,0.1327756
RIFUSDT,SELL,LIMIT,1702164767821,704,0.1326525
RIFUSDT,SELL,LIMIT,1702164803010,437,0.1326767
RIFUSDT,SELL,LIMIT,1702164805642,66,0.1324756
RIFUSDT,SELL,LIMIT,1702164807622,2959,0.1323953
RIFUSDT,SELL,LIMIT,1702164809490,4880,0.1321788
RIFUSDT,SELL,LIMIT,1702164810916,10612,0.1321865
RIFUSDT,SELL,LIMIT,1702164813362,1677,0.1321483
RIFUSDT,SELL,LIMIT,1702164814373,3658,0.1321324
RIFUSDT,SELL,LIMIT,1702164817510,76507,0.1312819
RIFUSDT,SELL,LIMIT,1702164867705,362,0.1334490
RIFUSDT,SELL,LIMIT,1702164896598,1660,0.1318918
RIFUSDT,SELL,LIMIT,1702189127116,94,0.1352150
RIFUSDT,BUY,LIMIT,1702196683841,750,0.1381998
RIFUSDT,SELL,LIMIT,1702200727429,725,0.1329361
RIFUSDT,SELL,LIMIT,1702200891125,5378,0.1324470
RIFUSDT,SELL,LIMIT,1702202094222,449,0.1320444
RIFUSDT,SELL,LIMIT,1702202157134,354,0.1319738
RIFUSDT,SELL,LIMIT,1702202159599,332,0.1319707
RIFUSDT,SELL,LIMIT,1702202160921,43,0.1315357
RIFUSDT,SELL,LIMIT,1702202257012,563,0.1316055
RIFUSDT,SELL,LIMIT,1702202258272,148787,0.1306055
RIFUSDT,SELL,LIMIT,1702202260244,1732,0.1313489
RIFUSDT,SELL,LIMIT,1702202261872,535,0.1313086
RIFUSDT,SELL,LIMIT,1702202320185,14515,0.1312148
RIFUSDT,SELL,LIMIT,1702202341125,138,0.1311521
RIFUSDT,SELL,LIMIT,1702202371710,1484,0.1310346
RIFUSDT,SELL,LIMIT,1702202374213,602,0.1309614
RIFUSDT,SELL,LIMIT,1702202387298,2709,0.1304436
RIFUSDT,SELL,LIMIT,1702202389333,11650,0.1304410
RIFUSDT,BUY,LIMIT,1702203942079,4203,0.1365116
RIFUSDT,BUY,LIMIT,1702210878394,371,0.1371729
RIFUSDT,BUY,LIMIT,1702217253857,2423,0.1374680
RIFUSDT,SELL,LIMIT,1702222842243,72,0.1350855
RIFUSDT,SELL,LIMIT,1702224527263,158,0.1343784
RIFUSDT,SELL,LIMIT,1702229918094,128,0.1325028
RIFUSDT,SELL,LIMIT,1702231150263,497,0.1315794
RIFUSDT,BUY,LIMIT,1702232127079,1147,0.1363974
RIFUSDT,SELL,LIMIT,1702243711309,156,0.1338533
RIFUSDT,BUY,LIMIT,1702247435193,680,0.1383741
RIFUSDT,SELL,LIMIT,1702250237231,2238,0.1334948
RIFUSDT,SELL,LIMIT,1702250253350,5466,0.1332467
RIFUSDT,SELL,LIMIT,1702250298432,2293,0.1329798
RIFUSDT,SELL,LIMIT,1702256612302,1101,0.1314089
RIFUSDT,SELL,LIMIT,1702256621135,4592,0.1313568
RIFUSDT,SELL,LIMIT,1702256645194,7732,0.1311049
RIFUSDT,SELL,LIMIT,1702256915711,71,0.1304139
RIFUSDT,SELL,LIMIT,1702256918333,1914,0.1302776
RIFUSDT,SELL,LIMIT,1702256919480,77,0.1302347
RIFUSDT,SELL,LIMIT,1702256976595,338,0.1301580
RIFUSDT,SELL,LIMIT,1702256979902,48,0.1301117
RIFUSDT,SELL,LIMIT,1702257004340,1328,0.1300180
RIFUSDT,SELL,LIMIT,1702257006429,313,0.1298569
RIFUSDT,SELL,LIMIT,1702258297688,637,0.1307599
RIFUSDT,SELL,LIMIT,1702260259309,2153,0.1315271
RIFUSDT,SELL,LIMIT,1702260617302,147,0.1303634
RIFUSDT,SELL,LIMIT,1702260629184,435,0.1296084
RIFUSDT,SELL,LIMIT,1702260630631,12997,0.1294807
RIFUSDT,BUY,LIMIT,1702260631690,715,0.1331134
RIFUSDT,SELL,LIMIT,1702260638012,60,0.1291441
RIFUSDT,SELL,LIMIT,1702260639804,5609,0.1291149
RIFUSDT,SELL,LIMIT,1702260701163,503,0.1288720
RIFUSDT,SELL,LIMIT,1702260704218,33427,0.1286449
RIFUSDT,SELL,LIMIT,1702260705503,22689,0.1282543
RIFUSDT,SELL,LIMIT,1702260706742,40414,0.1280624
RIFUSDT,SELL,LIMIT,1702260709095,155,0.1280453
RIFUSDT,SELL,LIMIT,1702260710113,21251,0.1279564
RIFUSDT,SELL,LIMIT,1702260712605,7038,0.1276117
RIFUSDT,SELL,LIMIT,1702260714478,514,0.1275026
RIFUSDT,SELL,LIMIT,1702260715504,149,0.1272150
RIFUSDT,SELL,LIMIT,1702260717714,2314,0.1269370
RIFUSDT,SELL,LIMIT,1702260719131,5000,0.1267516
RIFUSDT,SELL,LIMIT,1702260721430,1696,0.1265247
RIFUSDT,SELL,LIMIT,1702260722752,72,0.1265247
RIFUSDT,SELL,LIMIT,1702260724424,31670,0.1262817
RIFUSDT,SELL,LIMIT,1702260725571,56,0.1323771
RIFUSDT,SELL,LIMIT,1702260726635,264,0.1260388
RIFUSDT,SELL,LIMIT,1702260727915,4224,0.1259689
RIFUSDT,SELL,LIMIT,1702260729616,1401,0.1259585
RIFUSDT,SELL,LIMIT,1702260730808,16037,0.1259347
RIFUSDT,SELL,LIMIT,1702260732398,3963,0.1257255
RIFUSDT,SELL,LIMIT,1702260733421,23418,0.1256709
RIFUSDT,SELL,LIMIT,1702260735302,3558,0.1252460
RIFUSDT,SELL,LIMIT,1702260737885,1284,0.1250050
RIFUSDT,SELL,LIMIT,1702260739437,338,0.1248831
RIFUSDT,SELL,LIMIT,1702260740519,111,0.1246995
RIFUSDT,SELL,LIMIT,1702260741579,37113,0.1246465
RIFUSDT,SELL,LIMIT,1702260742652,1417,0.1244820
RIFUSDT,SELL,LIMIT,1702260743668,2301,0.1238958
RIFUSDT,SELL,LIMIT,1702260744773,837,0.1244328
RIFUSDT,SELL,LIMIT,1702260746637,892,0.1237460
RIFUSDT,SELL,LIMIT,1702260747813,714,0.1236656
RIFUSDT,SELL,LIMIT,1702260749403,235,0.1232992
RIFUSDT,SELL,LIMIT,1702260750693,476,0.1232386
RIFUSDT,SELL,LIMIT,1702260751847,988,0.1231037
RIFUSDT,SELL,LIMIT,1702260753046,3968,0.1227336
RIFUSDT,SELL,LIMIT,1702260754095,3597,0.1225352
RIFUSDT,SELL,LIMIT,1702260755400,550,0.1222525
RIFUSDT,SELL,LIMIT,1702260756491,26514,0.1223384
RIFUSDT,SELL,LIMIT,1702260757522,35919,0.1217304
RIFUSDT,SELL,LIMIT,1702260758621,699,0.1219721
RIFUSDT,SELL,LIMIT,1702260759842,3646,0.1216691
RIFUSDT,SELL,LIMIT,1702260760844,5325,0.1207502
RIFUSDT,SELL,LIMIT,1702260761879,308,0.1213036
RIFUSDT,SELL,LIMIT,1702260763248,61427,0.1206705
RIFUSDT,SELL,LIMIT,1702260764266,7318,0.1205436
RIFUSDT,SELL,LIMIT,1702260765585,1,0.1205151
RIFUSDT,SELL,LIMIT,1702260766565,718,0.1206051
RIFUSDT,SELL,LIMIT,1702260767690,12148,0.1203803
RIFUSDT,SELL,LIMIT,1702260768908,3617,0.1203148
RIFUSDT,SELL,LIMIT,1702260770128,6888,0.1202316
RIFUSDT,SELL,LIMIT,1702260771349,8072,0.1196214
RIFUSDT,SELL,LIMIT,1702260772683,3779,0.1194351
RIFUSDT,SELL,LIMIT,1702260773789,1836,0.1192137
RIFUSDT,SELL,LIMIT,1702260774829,1791,0.1190434
RIFUSDT,SELL,LIMIT,1702260776272,21434,0.1187920
RIFUSDT,SELL,LIMIT,1702260777336,619,0.1187239
RIFUSDT,SELL,LIMIT,1702260778489,935,0.1185254
RIFUSDT,SELL,LIMIT,1702260779619,27520,0.1184046
RIFUSDT,SELL,LIMIT,1702260780663,3555,0.1183779
RIFUSDT,SELL,LIMIT,1702260782676,3669,0.1185107
RIFUSDT,SELL,LIMIT,1702260783687,6365,0.1179644
RIFUSDT,SELL,LIMIT,1702260784751,11571,0.1176939
RIFUSDT,SELL,LIMIT,1702260785788,917,0.1177572
RIFUSDT,SELL,LIMIT,1702260786900,922,0.1177572
RIFUSDT,SELL,LIMIT,1702260788550,328,0.1175415
RIFUSDT,SELL,LIMIT,1702260789565,780,0.1171201
RIFUSDT,SELL,LIMIT,1702260790694,2141,0.1174310
RIFUSDT,SELL,LIMIT,1702260791829,7082,0.1170150
RIFUSDT,SELL,LIMIT,1702260792850,2895,0.1164333
RIFUSDT,SELL,LIMIT,1702260794011,4124,0.1160024
RIFUSDT,SELL,LIMIT,1702260795332,1629,0.1159360
RIFUSDT,SELL,LIMIT,1702260797174,1052,0.1163230
RIFUSDT,SELL,LIMIT,1702260798424,38,0.1159676
RIFUSDT,SELL,LIMIT,1702260799741,79,0.1159006
RIFUSDT,SELL,LIMIT,1702260800811,94,0.1155131
RIFUSDT,SELL,LIMIT,1702260801826,4571,0.1148990
RIFUSDT,SELL,LIMIT,1702260804971,67,0.1153608
RIFUSDT,SELL,LIMIT,1702260806000,1188,0.1148729
RIFUSDT,SELL,LIMIT,1702260807195,2945,0.1147231
RIFUSDT,SELL,LIMIT,1702260808449,23657,0.1131595
RIFUSDT,SELL,LIMIT,1702260810391,196,0.1139211
RIFUSDT,SELL,LIMIT,1702260811497,1968,0.1140164
RIFUSDT,SELL,LIMIT,1702260812625,75,0.1133634
RIFUSDT,SELL,LIMIT,1702260814159,316,0.1133663
RIFUSDT,SELL,LIMIT,1702260816172,205,0.1137063
RIFUSDT,SELL,LIMIT,1702260817468,527,0.1132501
RIFUSDT,SELL,LIMIT,1702260818473,304,0.1124788
RIFUSDT,SELL,LIMIT,1702260820863,149,0.1127349
RIFUSDT,SELL,LIMIT,1702260821992,358,0.1122313
RIFUSDT,BUY,LIMIT,1702260827399,169,0.1154833
RIFUSDT,BUY,LIMIT,1702260861356,34,0.1207487
RIFUSDT,BUY,LIMIT,1702260874336,300,0.1224024
RIFUSDT,SELL,LIMIT,1702260974202,147,0.1203379
RIFUSDT,SELL,LIMIT,1702264820448,6873,0.1212713
RIFUSDT,SELL,LIMIT,1702267230235,656,0.1223941
