Symbol,Side,Order Type,Time,Quantity,Price
RIFUSDT,BUY,LIMIT,1701914941319,10861,0.1408534
RIFUSDT,SELL,LIMIT,1701917647561,1907,0.1371625
RIFUSDT,BUY,LIMIT,1701919123176,663,0.1419747
RIFUSDT,SELL,LIMIT,1701920616277,639,0.1373329
RIFUSDT,BUY,LIMIT,1701922040316,117,0.1426136
RIFUSDT,BUY,LIMIT,1701924310837,98,0.1453306
RIFUSDT,BUY,LIMIT,1701925828205,2887,0.1454510
RIFUSDT,BUY,LIMIT,1701927390088,104,0.1457092
RIFUSDT,BUY,LIMIT,1701927398121,92,0.1463602
RIFUSDT,BUY,LIMIT,1701927400649,143,0.1465165
RIFUSDT,BUY,LIMIT,1701927467203,99,0.1479443
RIFUSDT,BUY,LIMIT,1701927495951,4403,0.1484251
RIFUSDT,BUY,LIMIT,1701932677352,35,0.1461168
RIFUSDT,SELL,LIMIT,1701936760775,17760,0.1427637
RIFUSDT,SELL,LIMIT,1701937356142,5539,0.1406181
RIFUSDT,SELL,LIMIT,1701939359474,60,0.1413940
RIFUSDT,SELL,LIMIT,1701941156049,6839,0.1398405
RIFUSDT,SELL,LIMIT,1701941180680,6045,0.1397125
RIFUSDT,SELL,LIMIT,1701941189441,1685,0.1394704
RIFUSDT,SELL,LIMIT,1701941190582,1552,0.1390852
RIFUSDT,SELL,LIMIT,1701941245369,2000,0.1387078
RIFUSDT,SELL,LIMIT,1701941247114,1309,0.1386697
RIFUSDT,BUY,LIMIT,1701943121029,68,0.1473381
RIFUSDT,SELL,LIMIT,1701947140931,22560,0.1421677
RIFUSDT,BUY,LIMIT,1701949594261,102,0.1473789
RIFUSDT,SELL,LIMIT,1701950649049,700,0.1427814
RIFUSDT,SELL,LIMIT,1701950711852,10444,0.1424509
RIFUSDT,BUY,LIMIT,1701951563300,255,0.1497453
RIFUSDT,BUY,LIMIT,1701952309399,3288,0.1501139
RIFUSDT,BUY,LIMIT,1701952694011,1025,0.1517493
RIFUSDT,BUY,LIMIT,1701953003427,3201,0.1524427
RIFUSDT,BUY,LIMIT,1701955549109,33912,0.1503536
RIFUSDT,BUY,LIMIT,1701955583101,1410,0.1510045
RIFUSDT,SELL,LIMIT,1701956875060,235,0.1455144
RIFUSDT,BUY,LIMIT,1701957848910,1507,0.1520753
RIFUSDT,BUY,LIMIT,1701962195787,364,0.1542301
RIFUSDT,BUY,LIMIT,1701962811445,3000,0.1561976
RIFUSDT,SELL,LIMIT,1701963416164,20733,0.1505241
RIFUSDT,SELL,LIMIT,1701963983766,97,0.1488220
RIFUSDT,SELL,LIMIT,1701964905323,33068,0.1463052
RIFUSDT,SELL,LIMIT,1701965177088,747,0.1460041
RIFUSDT,SELL,LIMIT,1701971064107,4383,0.1454872
RIFUSDT,SELL,LIMIT,1701977182585,166217,0.1440943
RIFUSDT,SELL,LIMIT,1701977298335,19970,0.1449892
RIFUSDT,SELL,LIMIT,1701977334625,1458,0.1448582
RIFUSDT,BUY,LIMIT,1701983415417,1027,0.1516825
RIFUSDT,SELL,LIMIT,1701988459916,72,0.1452654
RIFUSDT,SELL,LIMIT,1701991036469,100,0.1451140
RIFUSDT,SELL,LIMIT,1701991559076,95,0.1445910
RIFUSDT,SELL,LIMIT,1701997290388,988,0.1444885
RIFUSDT,SELL,LIMIT,1701999196813,262,0.1440207
RIFUSDT,SELL,LIMIT,1702003174659,5412,0.1427173
RIFUSDT,SELL,LIMIT,1702003770805,35394,0.1424355
RIFUSDT,SELL,LIMIT,1702003776686,60,0.1423646
RIFUSDT,SELL,LIMIT,1702007526834,131,0.1420601
RIFUSDT,SELL,LIMIT,1702007558934,332,0.1420369
RIFUSDT,SELL,LIMIT,1702008015834,311,0.1420390
RIFUSDT,SELL,LIMIT,1702008145686,34626,0.1415730
RIFUSDT,SELL,LIMIT,1702010327917,27,0.1425947
RIFUSDT,SELL,LIMIT,1702018806558,13793,0.1420138
RIFUSDT,SELL,LIMIT,1702020163295,221,0.1415415
RIFUSDT,SELL,LIMIT,1702020202758,1269,0.1414158
RIFUSDT,SELL,LIMIT,1702020225247,583,0.1410934
RIFUSDT,SELL,LIMIT,1702020603442,6067,0.1407613
RIFUSDT,SELL,LIMIT,1702029225197,91,0.1414660
RIFUSDT,SELL,LIMIT,1702030057733,1000,0.1421079
RIFUSDT,BUY,LIMIT,1702034788863,119,0.1471161
RIFUSDT,SELL,LIMIT,1702043862416,10052,0.1419973
RIFUSDT,SELL,LIMIT,1702045323738,15324,0.1395747
RIFUSDT,SELL,LIMIT,1702045326901,4503,0.1393672
RIFUSDT,SELL,LIMIT,1702045330724,13343,0.1392018
RIFUSDT,SELL,LIMIT,1702045685063,19947,0.1389112
RIFUSDT,SELL,LIMIT,1702046529434,518,0.1387395
RIFUSDT,SELL,LIMIT,1702047528917,1129,0.1387984
RIFUSDT,SELL,LIMIT,1702047621502,604,0.1384911
RIFUSDT,SELL,LIMIT,1702047941909,26121,0.1388086
RIFUSDT,SELL,LIMIT,1702048284021,1512,0.1382575
RIFUSDT,SELL,LIMIT,1702049412125,178,0.1373360
RIFUSDT,SELL,LIMIT,1702050475845,93,0.1373485
RIFUSDT,SELL,LIMIT,1702050482014,190,0.1392351
RIFUSDT,SELL,LIMIT,1702050741396,2222,0.1369495
RIFUSDT,SELL,LIMIT,1702050744055,716,0.1368572
RIFUSDT,SELL,LIMIT,1702050827002,154,0.1367245
RIFUSDT,SELL,LIMIT,1702050868610,10882,0.1363918
RIFUSDT,SELL,LIMIT,1702050878465,3631,0.1362066
RIFUSDT,BUY,LIMIT,1702052530226,574,0.1419627
RIFUSDT,SELL,LIMIT,1702054588778,1421,0.1371889
RIFUSDT,SELL,LIMIT,1702054876593,1862,0.1371098
RIFUSDT,SELL,LIMIT,1702055242577,14053,0.1367822
RIFUSDT,SELL,LIMIT,1702055339213,35719,0.1363618
RIFUSDT,SELL,LIMIT,1702055473500,114,0.1365375
RIFUSDT,BUY,LIMIT,1702057577803,96,0.1413571
RIFUSDT,BUY,LIMIT,1702058460549,733,0.1418637
RIFUSDT,BUY,LIMIT,1702061920113,8799,0.1422562
RIFUSDT,BUY,LIMIT,1702061937741,112,0.1422772
RIFUSDT,BUY,LIMIT,1702062340440,5317,0.1423303
RIFUSDT,BUY,LIMIT,1702062822628,1121,0.1424368
RIFUSDT,BUY,LIMIT,1702064149174,1716,0.1426244
RIFUSDT,BUY,LIMIT,1702064164317,322,0.1426400
RIFUSDT,BUY,LIMIT,1702064374624,470,0.1427730
RIFUSDT,BUY,LIMIT,1702064997414,3637,0.1430779
RIFUSDT,SELL,LIMIT,1702065484696,153,0.1385995
RIFUSDT,SELL,LIMIT,1702067218712,41,0.1384570
RIFUSDT,SELL,LIMIT,1702067219922,881,0.1381180
RIFUSDT,SELL,LIMIT,1702067315542,251,0.1379564
RIFUSDT,SELL,LIMIT,1702067923641,807,0.1374134
RIFUSDT,SELL,LIMIT,1702069917547,4501,0.1379507
RIFUSDT,SELL,LIMIT,1702072140938,5569,0.1369563
RIFUSDT,SELL,LIMIT,1702076287693,948,0.1374568
RIFUSDT,SELL,LIMIT,1702076640244,9295,0.1372281
RIFUSDT,SELL,LIMIT,1702076936405,7913,0.1371337
RIFUSDT,BUY,LIMIT,1702079370340,1660,0.1426088
RIFUSDT,BUY,LIMIT,1702080849041,1998,0.1430540
RIFUSDT,BUY,LIMIT,1702082888166,4091,0.1434440
RIFUSDT,SELL,LIMIT,1702083867113,41,0.1382672
RIFUSDT,SELL,LIMIT,1702083963064,35468,0.1381700
RIFUSDT,SELL,LIMIT,1702083999727,2054,0.1380865
RIFUSDT,SELL,LIMIT,1702084049157,365,0.1379105
RIFUSDT,SELL,LIMIT,1702084073832,6667,0.1377666
RIFUSDT,SELL,LIMIT,1702084186176,690,0.1371139
RIFUSDT,SELL,LIMIT,1702084217034,12902,0.1369439
RIFUSDT,BUY,LIMIT,1702084551483,310,0.1422686
RIFUSDT,BUY,LIMIT,1702085924512,588,0.1435982
RIFUSDT,BUY,LIMIT,1702091006893,717,0.1420349
RIFUSDT,BUY,LIMIT,1702094744492,251,0.1430725
RIFUSDT,BUY,LIMIT,1702097489383,248,0.1429793
RIFUSDT,SELL,LIMIT,1702099145242,8359,0.1379473
RIFUSDT,SELL,LIMIT,1702102372775,2286,0.1374448
RIFUSDT,SELL,LIMIT,1702103510017,3141,0.1382448
RIFUSDT,BUY,LIMIT,1702105876224,6,0.1424450
RIFUSDT,SELL,LIMIT,1702109780750,65,0.1395629
RIFUSDT,BUY,LIMIT,1702109916850,53,0.1438660
RIFUSDT,SELL,LIMIT,1702110847843,13440,0.1382163
RIFUSDT,SELL,LIMIT,1702110910123,213,0.1379953
RIFUSDT,SELL,LIMIT,1702110952088,354,0.1377674
RIFUSDT,SELL,LIMIT,1702110969498,657,0.1376230
RIFUSDT,SELL,LIMIT,1702110978004,25126,0.1374549
RIFUSDT,SELL,LIMIT,1702110982122,7592,0.1373610
RIFUSDT,SELL,LIMIT,1702110985845,5064,0.1373197
RIFUSDT,SELL,LIMIT,1702110990384,1674,0.1370788
RIFUSDT,SELL,LIMIT,1702111025996,2867,0.1366346
RIFUSDT,SELL,LIMIT,1702111027742,14397,0.1364496
RIFUSDT,SELL,LIMIT,1702111030808,7663,0.1362479
RIFUSDT,SELL,LIMIT,1702111034247,1274,0.1361891
RIFUSDT,SELL,LIMIT,1702111037941,602,0.1358844
RIFUSDT,SELL,LIMIT,1702111039147,861,0.1358628
RIFUSDT,SELL,LIMIT,1702111040977,5173,0.1358105
RIFUSDT,SELL,LIMIT,1702111043396,70,0.1356505
RIFUSDT,SELL,LIMIT,1702111045928,7749,0.1355346
RIFUSDT,SELL,LIMIT,1702111049869,9094,0.1353766
RIFUSDT,SELL,LIMIT,1702111370118,193,0.1353105
RIFUSDT,SELL,LIMIT,1702111378799,7415,0.1351986
RIFUSDT,SELL,LIMIT,1702111380207,3106,0.1350375
RIFUSDT,SELL,LIMIT,1702111384654,15846,0.1349163
RIFUSDT,SELL,LIMIT,1702111389209,489,0.1347294
RIFUSDT,SELL,LIMIT,1702111390467,35778,0.1346603
RIFUSDT,SELL,LIMIT,1702111392348,24817,0.1342460
RIFUSDT,BUY,LIMIT,1702111694038,37,0.1402001
RIFUSDT,SELL,LIMIT,1702114846136,672,0.1358679
RIFUSDT,SELL,LIMIT,1702115715385,13538,0.1352408
RIFUSDT,BUY,LIMIT,1702118706392,12326,0.1406355
RIFUSDT,SELL,LIMIT,1702120671090,1734,0.1360703
RIFUSDT,SELL,LIMIT,1702120891564,2641,0.1362748
RIFUSDT,SELL,LIMIT,1702124767833,4315,0.1353830
RIFUSDT,SELL,LIMIT,1702125411772,8581,0.1349267
RIFUSDT,SELL,LIMIT,1702132219445,128,0.1361151
RIFUSDT,SELL,LIMIT,1702132233297,33076,0.1359079
RIFUSDT,SELL,LIMIT,1702132289352,101,0.1357866
RIFUSDT,SELL,LIMIT,1702132813649,499,0.1349500
RIFUSDT,SELL,LIMIT,1702132993772,328,0.1343865
RIFUSDT,SELL,LIMIT,1702133003536,37,0.1340807
RIFUSDT,BUY,LIMIT,1702133006154,1045,0.1381503
RIFUSDT,SELL,LIMIT,1702133007481,102,0.1340209
RIFUSDT,SELL,LIMIT,1702133008512,283,0.1339519
RIFUSDT,SELL,LIMIT,1702133022882,2502,0.1337724
RIFUSDT,SELL,LIMIT,1702133024313,13868,0.1336980
