Symbol,Side,Order Type,Time,Quantity,Price
RIFUSDT,SELL,LIMIT,1701067867294,367,0.1022742
RIFUSDT,SELL,LIMIT,1701068320080,36995,0.1011329
RIFUSDT,SELL,LIMIT,1701068350553,601,0.1011689
RIFUSDT,SELL,LIMIT,1701068951653,1632,0.1018983
RIFUSDT,SELL,LIMIT,1701069639665,683,0.1006698
RIFUSDT,SELL,LIMIT,1701069806634,1154,0.1006661
RIFUSDT,SELL,LIMIT,1701069810417,913,0.1007010
RIFUSDT,SELL,LIMIT,1701069850333,38,0.1003578
RIFUSDT,SELL,LIMIT,1701069888081,2846,0.1003245
RIFUSDT,SELL,LIMIT,1701080477173,1094,0.1009941
RIFUSDT,SELL,LIMIT,1701081486223,1145,0.1000297
RIFUSDT,SELL,LIMIT,1701081490877,43000,0.0999828
RIFUSDT,SELL,LIMIT,1701081494565,3467,0.0997781
RIFUSDT,SELL,LIMIT,1701088048350,239,0.0999964
RIFUSDT,SELL,LIMIT,1701101007837,259,0.0994358
RIFUSDT,SELL,LIMIT,1701111246065,197,0.0994902
RIFUSDT,SELL,LIMIT,1701112102401,1177,0.0987788
RIFUSDT,SELL,LIMIT,1701114260702,19408,0.0982272
RIFUSDT,SELL,LIMIT,1701114352850,78,0.0981224
RIFUSDT,BUY,LIMIT,1701115917308,463,0.1015815
RIFUSDT,SELL,LIMIT,1701116888410,3614,0.0976086
RIFUSDT,SELL,LIMIT,1701118104897,7632,0.0974707
RIFUSDT,SELL,LIMIT,1701146059056,92,0.1000443
RIFUSDT,SELL,LIMIT,1701147879202,186,0.0995934
RIFUSDT,SELL,LIMIT,1701149005442,966,0.0985565
RIFUSDT,BUY,LIMIT,1701164421808,141,0.1020825
RIFUSDT,SELL,LIMIT,1701174672220,1073,0.1000563
RIFUSDT,BUY,LIMIT,1701191632946,51,0.1039557
RIFUSDT,BUY,LIMIT,1701192083390,148,0.1077073
RIFUSDT,SELL,LIMIT,1701192130522,286,0.1029486
RIFUSDT,SELL,LIMIT,1701192193262,380,0.1024761
RIFUSDT,BUY,LIMIT,1701202370338,381,0.1061206
RIFUSDT,SELL,LIMIT,1701203214496,298,0.1025389
RIFUSDT,SELL,LIMIT,1701211841210,1026,0.1019162
RIFUSDT,BUY,LIMIT,1701221145655,416,0.1074844
RIFUSDT,BUY,LIMIT,1701225857295,959,0.1104178
RIFUSDT,BUY,LIMIT,1701226275923,182,0.1127461
RIFUSDT,SELL,LIMIT,1701226753295,17066,0.1085765
RIFUSDT,SELL,LIMIT,1701226760190,3603,0.1083645
RIFUSDT,SELL,LIMIT,1701226930317,18688,0.1089289
RIFUSDT,SELL,LIMIT,1701227228823,28008,0.1087947
RIFUSDT,BUY,LIMIT,1701227557554,1934,0.1118252
RIFUSDT,BUY,LIMIT,1701227721674,19016,0.1123501
RIFUSDT,BUY,LIMIT,1701228943388,3397,0.1135801
RIFUSDT,SELL,LIMIT,1701229334695,1132,0.1083683
RIFUSDT,SELL,LIMIT,1701229726199,8779,0.1089358
RIFUSDT,SELL,LIMIT,1701230056237,45059,0.1086850
RIFUSDT,SELL,LIMIT,1701230753233,1145,0.1081286
RIFUSDT,SELL,LIMIT,1701234514085,2214,0.1067103
RIFUSDT,BUY,LIMIT,1701235096224,3675,0.1122685
RIFUSDT,SELL,LIMIT,1701236088519,497,0.1091795
RIFUSDT,BUY,LIMIT,1701236702341,515,0.1137501
RIFUSDT,SELL,LIMIT,1701237353379,4470,0.1095375
RIFUSDT,BUY,LIMIT,1701237779180,447,0.1139417
RIFUSDT,BUY,LIMIT,1701239396776,1334,0.1141315
RIFUSDT,BUY,LIMIT,1701239768341,3079,0.1152151
RIFUSDT,BUY,LIMIT,1701240245443,2504,0.1153123
RIFUSDT,SELL,LIMIT,1701240507646,5888,0.1113038
RIFUSDT,BUY,LIMIT,1701241316483,279,0.1157809
RIFUSDT,BUY,LIMIT,1701241649017,132,0.1156861
RIFUSDT,SELL,LIMIT,1701243491651,44224,0.1105820
RIFUSDT,SELL,LIMIT,1701243752063,12143,0.1098653
RIFUSDT,SELL,LIMIT,1701245461429,3903,0.1093218
RIFUSDT,BUY,LIMIT,1701247916435,2,0.1165811
RIFUSDT,SELL,LIMIT,1701248137015,18128,0.1125798
RIFUSDT,SELL,LIMIT,1701249870540,11144,0.1119977
RIFUSDT,SELL,LIMIT,1701249956740,1820,0.1111994
RIFUSDT,SELL,LIMIT,1701250251935,14694,0.1108342
RIFUSDT,SELL,LIMIT,1701250331142,2009,0.1105142
RIFUSDT,BUY,LIMIT,1701250578389,70,0.1150877
RIFUSDT,BUY,LIMIT,1701252125096,9476,0.1156528
RIFUSDT,SELL,LIMIT,1701252240098,331,0.1115886
RIFUSDT,SELL,LIMIT,1701253169148,104,0.1116467
RIFUSDT,SELL,LIMIT,1701253771595,19113,0.1114902
RIFUSDT,SELL,LIMIT,1701254417915,87,0.1098764
RIFUSDT,SELL,LIMIT,1701258028748,468,0.1096765
RIFUSDT,BUY,LIMIT,1701258513003,47,0.1142374
RIFUSDT,SELL,LIMIT,1701260271084,50,0.1097823
RIFUSDT,BUY,LIMIT,1701260826470,10869,0.1133160
RIFUSDT,BUY,LIMIT,1701261002437,1342,0.1135756
RIFUSDT,SELL,LIMIT,1701262866987,1139,0.1086751
RIFUSDT,SELL,LIMIT,1701262869412,1882,0.1086550
RIFUSDT,BUY,LIMIT,1701263069257,46,0.1132260
RIFUSDT,SELL,LIMIT,1701263921967,1958,0.1091752
RIFUSDT,SELL,LIMIT,1701264350508,368,0.1087924
RIFUSDT,SELL,LIMIT,1701264617159,348,0.1079861
RIFUSDT,SELL,LIMIT,1701267768608,2232,0.1077329
RIFUSDT,SELL,LIMIT,1701267789944,501,0.1076626
RIFUSDT,SELL,LIMIT,1701268173544,3396,0.1074134
RIFUSDT,SELL,LIMIT,1701268400460,551,0.1065118
RIFUSDT,SELL,LIMIT,1701269312108,355,0.1063915
RIFUSDT,SELL,LIMIT,1701270046129,350,0.1063022
RIFUSDT,SELL,LIMIT,1701270047217,80,0.1062148
RIFUSDT,SELL,LIMIT,1701270341645,2156,0.1062502
RIFUSDT,SELL,LIMIT,1701275184717,149,0.1058180
RIFUSDT,BUY,LIMIT,1701283113655,580,0.1103898
RIFUSDT,BUY,LIMIT,1701283614046,9,0.1113406
RIFUSDT,BUY,LIMIT,1701283900498,11597,0.1119809
RIFUSDT,BUY,LIMIT,1701284961045,162,0.1123602
RIFUSDT,BUY,LIMIT,1701286823214,2013,0.1130902
RIFUSDT,SELL,LIMIT,1701287170694,4198,0.1094393
RIFUSDT,SELL,LIMIT,1701288793354,45,0.1090358
RIFUSDT,SELL,LIMIT,1701288835524,140,0.1087570
RIFUSDT,SELL,LIMIT,1701289672434,999,0.1085496
RIFUSDT,SELL,LIMIT,1701292004863,27763,0.1080612
RIFUSDT,SELL,LIMIT,1701293006364,6898,0.1073238
RIFUSDT,SELL,LIMIT,1701293008007,7030,0.1072469
RIFUSDT,SELL,LIMIT,1701310933086,101,0.1060382
RIFUSDT,BUY,LIMIT,1701319549974,3849,0.1130484
RIFUSDT,SELL,LIMIT,1701321001565,44901,0.1089543
RIFUSDT,SELL,LIMIT,1701326358506,400,0.1077753
RIFUSDT,BUY,LIMIT,1701328624364,3270,0.1123795
RIFUSDT,SELL,LIMIT,1701332477826,159,0.1054793
RIFUSDT,SELL,LIMIT,1701333477029,693,0.1051925
RIFUSDT,SELL,LIMIT,1701336963632,168,0.1049427
RIFUSDT,BUY,LIMIT,1701340177145,1771,0.1095395
RIFUSDT,BUY,LIMIT,1701340513957,1154,0.1110576
RIFUSDT,SELL,LIMIT,1701341517284,1456,0.1076678
RIFUSDT,SELL,LIMIT,1701359606024,5844,0.1043613
RIFUSDT,SELL,LIMIT,1701359625865,14060,0.1041950
RIFUSDT,SELL,LIMIT,1701374850205,2508,0.1039304
RIFUSDT,SELL,LIMIT,1701378524392,2115,0.1038027
RIFUSDT,SELL,LIMIT,1701390527830,41450,0.1036073
RIFUSDT,SELL,LIMIT,1701409993308,46549,0.1044392
RIFUSDT,BUY,LIMIT,1701422998117,6192,0.1116313
RIFUSDT,BUY,LIMIT,1701423091388,530,0.1124179
RIFUSDT,BUY,LIMIT,1701423099422,141,0.1129076
RIFUSDT,SELL,LIMIT,1701439895524,87,0.1062604
RIFUSDT,BUY,LIMIT,1701445262299,3455,0.1110742
RIFUSDT,BUY,LIMIT,1701449788066,1321,0.1130579
RIFUSDT,BUY,LIMIT,1701449857993,8102,0.1132612
RIFUSDT,SELL,LIMIT,1701451932916,11410,0.1105526
RIFUSDT,SELL,LIMIT,1701458865332,328,0.1106891
RIFUSDT,BUY,LIMIT,1701459718512,53,0.1135234
RIFUSDT,SELL,LIMIT,1701462176164,9505,0.1091793
RIFUSDT,SELL,LIMIT,1701469927761,989,0.1084668
RIFUSDT,SELL,LIMIT,1701469930366,9577,0.1081744
RIFUSDT,BUY,LIMIT,1701479920220,1133,0.1128335
RIFUSDT,BUY,LIMIT,1701484629840,99,0.1164160
RIFUSDT,BUY,LIMIT,1701484655655,516,0.1171185
RIFUSDT,BUY,LIMIT,1701484701953,1722,0.1172708
RIFUSDT,SELL,LIMIT,1701485103452,705,0.1121256
RIFUSDT,SELL,LIMIT,1701486002404,7496,0.1124280
RIFUSDT,BUY,LIMIT,1701486006744,3136,0.1159571
RIFUSDT,SELL,LIMIT,1701486413739,220,0.1112179
RIFUSDT,SELL,LIMIT,1701488492321,10000,0.1124501
RIFUSDT,BUY,LIMIT,1701492737668,56,0.1166590
RIFUSDT,BUY,LIMIT,1701494743071,5157,0.1173813
RIFUSDT,BUY,LIMIT,1701498235399,5149,0.1156896
RIFUSDT,SELL,LIMIT,1701503666236,39274,0.1114647
