Symbol,Side,Order Type,Time,Quantity,Price
RLCUSDT,SELL,LIMIT,1701940514116,203.6,1.4873
RLCUSDT,SELL,LIMIT,1701941042774,47.6,1.4745
RLCUSDT,SELL,LIMIT,1701941051418,262.6,1.4749
RLCUSDT,SELL,LIMIT,1701941108031,75.2,1.4699
RLCUSDT,SELL,LIMIT,1701941166601,203.4,1.4634
RLCUSDT,SELL,LIMIT,1701941176529,207.2,1.4629
RLCUSDT,SELL,LIMIT,1701941187339,219.4,1.4579
RLCUSDT,SELL,LIMIT,1701941236272,28.2,1.4569
RLCUSDT,BUY,LIMIT,1701953976590,0.1,1.5763
RLCUSDT,BUY,LIMIT,1701968411390,17.0,1.6040
RLCUSDT,SELL,LIMIT,1701997718649,426.9,1.5197
RLCUSDT,BUY,LIMIT,1702016956097,1004.6,1.6193
RLCUSDT,BUY,LIMIT,1702035162393,6.2,1.6106
RLCUSDT,BUY,LIMIT,1702048850242,111.1,1.6341
RLCUSDT,BUY,LIMIT,1702048851574,835.9,1.6639
RLCUSDT,BUY,LIMIT,1702048854832,523.9,1.6666
RLCUSDT,BUY,LIMIT,1702052657303,41.7,1.6314
RLCUSDT,SELL,LIMIT,1702054299476,41.1,1.5578
RLCUSDT,SELL,LIMIT,1702055265485,398.2,1.5445
RLCUSDT,SELL,LIMIT,1702055272939,6.8,1.5445
RLCUSDT,SELL,LIMIT,1702055314241,73.6,1.5428
RLCUSDT,SELL,LIMIT,1702055317403,140.1,1.5416
RLCUSDT,BUY,LIMIT,1702068652528,3.2,1.6314
RLCUSDT,BUY,LIMIT,1702069371339,30.8,1.6361
RLCUSDT,BUY,LIMIT,1702075511201,42.5,1.6347
RLCUSDT,BUY,LIMIT,1702077663931,16.0,1.6375
RLCUSDT,BUY,LIMIT,1702080687269,74.4,1.6476
RLCUSDT,BUY,LIMIT,1702081297176,63.7,1.6537
RLCUSDT,BUY,LIMIT,1702081781454,4.0,1.6529
RLCUSDT,BUY,LIMIT,1702081832097,41.2,1.6541
RLCUSDT,BUY,LIMIT,1702082111316,306.1,1.6556
RLCUSDT,BUY,LIMIT,1702082974938,16.0,1.6569
RLCUSDT,BUY,LIMIT,1702083126195,16.0,1.6552
RLCUSDT,BUY,LIMIT,1702095764308,10.0,1.6444
RLCUSDT,BUY,LIMIT,1702097286107,75.0,1.6611
RLCUSDT,BUY,LIMIT,1702097468352,40.2,1.6629
RLCUSDT,BUY,LIMIT,1702102361560,41.2,1.6462
RLCUSDT,BUY,LIMIT,1702107972321,11.6,1.6594
RLCUSDT,BUY,LIMIT,1702107981258,40.0,1.6613
RLCUSDT,BUY,LIMIT,1702109010082,125.0,1.6651
RLCUSDT,BUY,LIMIT,1702109784364,40.0,1.6669
RLCUSDT,BUY,LIMIT,1702110068345,33.7,1.6642
RLCUSDT,SELL,LIMIT,1702110862151,11.7,1.5845
RLCUSDT,SELL,LIMIT,1702110980627,3082.4,1.5639
RLCUSDT,SELL,LIMIT,1702111031400,5.1,1.5620
RLCUSDT,SELL,LIMIT,1702111042613,76.3,1.5555
RLCUSDT,SELL,LIMIT,1702111044140,516.6,1.5504
RLCUSDT,SELL,LIMIT,1702111045557,2427.5,1.5514
RLCUSDT,SELL,LIMIT,1702111389577,1678.6,1.5448
RLCUSDT,BUY,LIMIT,1702130194060,15.8,1.6478
RLCUSDT,SELL,LIMIT,1702133000427,13.3,1.5562
RLCUSDT,SELL,LIMIT,1702138954674,124.3,1.5648
RLCUSDT,SELL,LIMIT,1702156254849,174.4,1.5434
RLCUSDT,SELL,LIMIT,1702156395209,22.5,1.5402
RLCUSDT,SELL,LIMIT,1702164533311,201.4,1.5409
RLCUSDT,SELL,LIMIT,1702164543266,158.5,1.5358
RLCUSDT,SELL,LIMIT,1702164544504,24.8,1.5371
RLCUSDT,SELL,LIMIT,1702164587864,224.4,1.5335
RLCUSDT,SELL,LIMIT,1702164747923,18.1,1.5325
RLCUSDT,SELL,LIMIT,1702164750784,123.6,1.5282
RLCUSDT,SELL,LIMIT,1702164752876,41.9,1.5267
RLCUSDT,SELL,LIMIT,1702164766081,88.0,1.5285
RLCUSDT,SELL,LIMIT,1702164797362,502.3,1.5258
RLCUSDT,SELL,LIMIT,1702164800922,1.9,1.5241
RLCUSDT,SELL,LIMIT,1702164803265,89.2,1.5234
RLCUSDT,SELL,LIMIT,1702164804424,165.2,1.5217
RLCUSDT,SELL,LIMIT,1702164807280,37.4,1.5199
RLCUSDT,SELL,LIMIT,1702164808449,81.7,1.5189
RLCUSDT,SELL,LIMIT,1702164809834,625.0,1.5196
RLCUSDT,SELL,LIMIT,1702164811428,4000.0,1.5161
RLCUSDT,SELL,LIMIT,1702164867178,140.4,1.5165
RLCUSDT,BUY,LIMIT,1702171219693,28.6,1.6202
RLCUSDT,SELL,LIMIT,1702196680119,34.4,1.5566
RLCUSDT,SELL,LIMIT,1702200280076,39.2,1.5498
RLCUSDT,SELL,LIMIT,1702200896051,52.9,1.5330
RLCUSDT,SELL,LIMIT,1702200934891,360.0,1.5317
RLCUSDT,SELL,LIMIT,1702202157134,30.8,1.5227
RLCUSDT,SELL,LIMIT,1702202260108,4.9,1.5218
RLCUSDT,SELL,LIMIT,1702202263233,182.0,1.5213
RLCUSDT,SELL,LIMIT,1702202278431,24.7,1.5201
RLCUSDT,SELL,LIMIT,1702202369191,705.3,1.5131
RLCUSDT,SELL,LIMIT,1702202380636,5.0,1.5113
RLCUSDT,SELL,LIMIT,1702202382504,318.5,1.5112
RLCUSDT,SELL,LIMIT,1702202406384,11.5,1.5079
RLCUSDT,BUY,LIMIT,1702240762134,81.1,1.6397
RLCUSDT,BUY,LIMIT,1702240931153,220.0,1.6415
RLCUSDT,SELL,LIMIT,1702256450501,584.8,1.5536
RLCUSDT,SELL,LIMIT,1702256495994,12.7,1.5505
RLCUSDT,SELL,LIMIT,1702256620301,92.7,1.5445
RLCUSDT,SELL,LIMIT,1702256914694,775.9,1.5371
RLCUSDT,SELL,LIMIT,1702260621447,98.2,1.5280
RLCUSDT,BUY,LIMIT,1702260628389,62.8,1.5849
RLCUSDT,SELL,LIMIT,1702260635072,90.2,1.5193
RLCUSDT,SELL,LIMIT,1702260687079,140.9,1.5170
RLCUSDT,SELL,LIMIT,1702260698812,31.3,1.5152
RLCUSDT,SELL,LIMIT,1702260710289,3.7,1.5108
RLCUSDT,BUY,LIMIT,1702260711571,57.5,1.5724
RLCUSDT,SELL,LIMIT,1702260714185,83.1,1.5077
RLCUSDT,SELL,LIMIT,1702260716805,3.6,1.5076
RLCUSDT,SELL,LIMIT,1702260717988,248.7,1.5072
RLCUSDT,SELL,LIMIT,1702260719904,6020.1,1.5031
RLCUSDT,SELL,LIMIT,1702260721037,23.4,1.5044
RLCUSDT,SELL,LIMIT,1702260724842,9.9,1.5042
RLCUSDT,SELL,LIMIT,1702260725969,19.0,1.5017
RLCUSDT,SELL,LIMIT,1702260727634,320.1,1.5041
RLCUSDT,SELL,LIMIT,1702260730225,641.0,1.5029
RLCUSDT,SELL,LIMIT,1702260732315,13.2,1.5019
RLCUSDT,SELL,LIMIT,1702260733888,43.3,1.4992
RLCUSDT,SELL,LIMIT,1702260736326,305.9,1.4989
RLCUSDT,SELL,LIMIT,1702260738125,104.3,1.4986
RLCUSDT,SELL,LIMIT,1702260739192,194.8,1.4939
RLCUSDT,SELL,LIMIT,1702260740838,319.9,1.4906
RLCUSDT,SELL,LIMIT,1702260744646,2000.0,1.4875
RLCUSDT,SELL,LIMIT,1702260746086,62.3,1.4863
RLCUSDT,SELL,LIMIT,1702260748439,1500.0,1.5003
RLCUSDT,SELL,LIMIT,1702260752825,12.4,1.4809
RLCUSDT,BUY,LIMIT,1702260753839,649.3,1.5413
RLCUSDT,SELL,LIMIT,1702260755806,313.5,1.4807
RLCUSDT,SELL,LIMIT,1702260757452,3040.7,1.4845
RLCUSDT,SELL,LIMIT,1702260759738,410.1,1.4752
RLCUSDT,SELL,LIMIT,1702260760740,267.5,1.4772
RLCUSDT,SELL,LIMIT,1702260762690,5.1,1.4757
RLCUSDT,SELL,LIMIT,1702260765818,2129.8,1.4740
RLCUSDT,SELL,LIMIT,1702260766889,31.8,1.4737
RLCUSDT,SELL,LIMIT,1702260767937,410.9,1.4737
RLCUSDT,SELL,LIMIT,1702260769629,50.0,1.4726
RLCUSDT,SELL,LIMIT,1702260770756,52.3,1.4723
RLCUSDT,SELL,LIMIT,1702260771912,613.3,1.4722
RLCUSDT,SELL,LIMIT,1702260772938,656.0,1.4780
RLCUSDT,SELL,LIMIT,1702260774470,49.8,1.4701
RLCUSDT,SELL,LIMIT,1702260777692,400.0,1.4701
RLCUSDT,SELL,LIMIT,1702260778795,25.2,1.4912
RLCUSDT,SELL,LIMIT,1702260780487,31.6,1.4702
RLCUSDT,SELL,LIMIT,1702260782389,64.6,1.4700
RLCUSDT,SELL,LIMIT,1702260783527,3496.4,1.4690
RLCUSDT,SELL,LIMIT,1702260784675,20.0,1.4680
RLCUSDT,SELL,LIMIT,1702260786069,16.5,1.4714
RLCUSDT,SELL,LIMIT,1702260787137,640.3,1.4715
RLCUSDT,SELL,LIMIT,1702260788911,94.5,1.4651
RLCUSDT,SELL,LIMIT,1702260790650,380.1,1.4618
RLCUSDT,SELL,LIMIT,1702260791730,185.5,1.4603
RLCUSDT,SELL,LIMIT,1702260792927,273.8,1.4583
RLCUSDT,SELL,LIMIT,1702260794230,496.9,1.4522
RLCUSDT,SELL,LIMIT,1702260795685,624.1,1.4514
RLCUSDT,SELL,LIMIT,1702260796770,1194.1,1.4502
RLCUSDT,SELL,LIMIT,1702260797991,12.9,1.4462
RLCUSDT,SELL,LIMIT,1702260799000,9.8,1.4424
RLCUSDT,SELL,LIMIT,1702260800228,2170.2,1.4290
RLCUSDT,SELL,LIMIT,1702260801235,574.3,1.4395
RLCUSDT,SELL,LIMIT,1702260802386,133.3,1.4254
RLCUSDT,SELL,LIMIT,1702260803396,122.4,1.3979
RLCUSDT,SELL,LIMIT,1702260804471,199.1,1.3979
RLCUSDT,SELL,LIMIT,1702260805471,210.3,1.3925
RLCUSDT,SELL,LIMIT,1702260807539,48.3,1.3854
RLCUSDT,SELL,LIMIT,1702260808540,65.9,1.3753
RLCUSDT,SELL,LIMIT,1702260809552,28.0,1.3749
RLCUSDT,SELL,LIMIT,1702260810749,2866.7,1.3681
RLCUSDT,SELL,LIMIT,1702260812427,19.0,1.3749
RLCUSDT,SELL,LIMIT,1702260813745,312.4,1.3741
RLCUSDT,SELL,LIMIT,1702260814895,99.6,1.3729
RLCUSDT,SELL,LIMIT,1702260818280,3.3,1.3710
RLCUSDT,SELL,LIMIT,1702260821160,1.0,1.3627
RLCUSDT,SELL,LIMIT,1702260824886,240.4,1.3647
RLCUSDT,SELL,LIMIT,1702260828429,7.4,1.3667
RLCUSDT,BUY,LIMIT,1702260837559,186.0,1.4413
RLCUSDT,BUY,LIMIT,1702260856058,4.0,1.4606
RLCUSDT,SELL,LIMIT,1702262873708,36.7,1.3972
