Symbol,Side,Order Type,Time,Quantity,Price
RNDRUSDT,SELL,LIMIT,1701939111105,51.7,3.543485
RNDRUSDT,SELL,LIMIT,1701939456654,40.3,3.540607
RNDRUSDT,SELL,LIMIT,1701939472294,801.3,3.539782
RNDRUSDT,SELL,LIMIT,1701940004112,128.5,3.541289
RNDRUSDT,SELL,LIMIT,1701940451564,69.3,3.541769
RNDRUSDT,SELL,LIMIT,1701940535289,86.6,3.533627
RNDRUSDT,SELL,LIMIT,1701940552288,39.9,3.534530
RNDRUSDT,SELL,LIMIT,1701940557111,4.7,3.531564
RNDRUSDT,SELL,LIMIT,1701940558751,29.9,3.530893
RNDRUSDT,SELL,LIMIT,1701940564502,2.7,3.528824
RNDRUSDT,SELL,LIMIT,1701940565813,43.1,3.527630
RNDRUSDT,SELL,LIMIT,1701940570082,1.6,3.526241
RNDRUSDT,SELL,LIMIT,1701940606290,9.3,3.978554
RNDRUSDT,SELL,LIMIT,1701941023177,5.0,3.523248
RNDRUSDT,SELL,LIMIT,1701941047605,27.9,3.516119
RNDRUSDT,SELL,LIMIT,1701941048716,27.0,3.514760
RNDRUSDT,SELL,LIMIT,1701941050308,29.1,3.515064
RNDRUSDT,SELL,LIMIT,1701941076092,22.6,3.508259
RNDRUSDT,SELL,LIMIT,1701941112488,41.9,3.506064
RNDRUSDT,SELL,LIMIT,1701941152378,156.8,3.500823
RNDRUSDT,SELL,LIMIT,1701941153559,11.8,3.500483
RNDRUSDT,SELL,LIMIT,1701941156049,204.3,3.497204
RNDRUSDT,SELL,LIMIT,1701941158712,386.4,3.498736
RNDRUSDT,SELL,LIMIT,1701941160768,4.4,3.495617
RNDRUSDT,SELL,LIMIT,1701941185699,7.1,3.493864
RNDRUSDT,SELL,LIMIT,1701941186897,292.3,3.492432
RNDRUSDT,SELL,LIMIT,1701941189197,61.6,3.479949
RNDRUSDT,SELL,LIMIT,1701941190503,211.2,3.485795
RNDRUSDT,SELL,LIMIT,1701941237706,1142.2,3.484235
RNDRUSDT,SELL,LIMIT,1701941240325,16.3,3.482944
RNDRUSDT,SELL,LIMIT,1701941246148,179.9,3.481109
RNDRUSDT,SELL,LIMIT,1701941255062,630.6,3.478462
RNDRUSDT,SELL,LIMIT,1701949617983,3.9,3.516928
RNDRUSDT,BUY,LIMIT,1701953976591,0.1,3.705580
RNDRUSDT,BUY,LIMIT,1701961432170,699.4,3.682811
RNDRUSDT,BUY,LIMIT,1701964374448,18.4,3.742977
RNDRUSDT,SELL,LIMIT,1701964953917,11.4,3.582134
RNDRUSDT,BUY,LIMIT,1701965058187,46.0,3.751902
RNDRUSDT,BUY,LIMIT,1701965157066,160.6,3.761224
RNDRUSDT,BUY,LIMIT,1701966116873,3.8,3.782017
RNDRUSDT,BUY,LIMIT,1701966220501,84.5,3.788235
RNDRUSDT,BUY,LIMIT,1701966410560,787.2,3.787729
RNDRUSDT,BUY,LIMIT,1701966916577,3.1,3.808629
RNDRUSDT,BUY,LIMIT,1701967001329,176.0,3.825572
RNDRUSDT,SELL,LIMIT,1701967657620,22.5,3.655867
RNDRUSDT,SELL,LIMIT,1701968937305,11.7,3.548149
RNDRUSDT,SELL,LIMIT,1701969353034,19.4,3.528093
RNDRUSDT,BUY,LIMIT,1701969636306,60.0,3.644151
RNDRUSDT,SELL,LIMIT,1701970153939,11.1,3.515275
RNDRUSDT,SELL,LIMIT,1701976684354,29.9,3.515163
RNDRUSDT,SELL,LIMIT,1701977406779,4.0,3.499979
RNDRUSDT,SELL,LIMIT,1701978102230,2.1,3.491808
RNDRUSDT,SELL,LIMIT,1701978106095,230.9,3.491167
RNDRUSDT,SELL,LIMIT,1701978108274,57.7,3.490097
RNDRUSDT,SELL,LIMIT,1701978198962,321.9,3.484119
RNDRUSDT,BUY,LIMIT,1701995617130,16.7,3.752179
RNDRUSDT,SELL,LIMIT,1701997706102,100.6,3.555833
RNDRUSDT,BUY,LIMIT,1702006447972,29.1,3.726074
RNDRUSDT,BUY,LIMIT,1702010090322,248.9,3.794573
RNDRUSDT,BUY,LIMIT,1702010583016,3.2,3.800548
RNDRUSDT,BUY,LIMIT,1702015876055,37.1,3.753293
RNDRUSDT,BUY,LIMIT,1702026796758,1.4,3.805577
RNDRUSDT,BUY,LIMIT,1702027454221,56.2,3.829584
RNDRUSDT,BUY,LIMIT,1702033291522,129.2,3.843072
RNDRUSDT,BUY,LIMIT,1702034833465,67.0,3.853929
RNDRUSDT,BUY,LIMIT,1702034988667,101.2,3.850907
RNDRUSDT,BUY,LIMIT,1702035260241,2.7,3.874566
RNDRUSDT,BUY,LIMIT,1702035425088,226.5,3.880828
RNDRUSDT,BUY,LIMIT,1702036432198,35.6,3.875251
RNDRUSDT,SELL,LIMIT,1702037074754,3.9,3.704219
RNDRUSDT,BUY,LIMIT,1702043716376,365.3,3.826839
RNDRUSDT,BUY,LIMIT,1702053445379,18.9,3.856008
RNDRUSDT,BUY,LIMIT,1702055589065,130.3,3.902537
RNDRUSDT,BUY,LIMIT,1702055671075,42.1,3.914297
RNDRUSDT,BUY,LIMIT,1702055939112,94.3,3.935957
RNDRUSDT,BUY,LIMIT,1702055970582,29.4,3.942630
RNDRUSDT,BUY,LIMIT,1702056009929,109.7,3.948238
RNDRUSDT,BUY,LIMIT,1702056035835,17.9,3.948625
RNDRUSDT,BUY,LIMIT,1702057283598,114.4,3.957864
RNDRUSDT,BUY,LIMIT,1702057610276,862.7,3.962290
RNDRUSDT,BUY,LIMIT,1702058574863,213.0,3.974169
RNDRUSDT,BUY,LIMIT,1702058579755,11.8,3.975437
RNDRUSDT,BUY,LIMIT,1702058588743,32.1,3.978160
RNDRUSDT,BUY,LIMIT,1702058595298,9.3,3.989058
RNDRUSDT,BUY,LIMIT,1702058605323,19.0,3.992025
RNDRUSDT,BUY,LIMIT,1702058610921,100.0,3.996827
RNDRUSDT,BUY,LIMIT,1702058612760,570.2,3.997705
RNDRUSDT,BUY,LIMIT,1702058659402,16.4,3.998800
RNDRUSDT,BUY,LIMIT,1702058665407,16.7,4.006246
RNDRUSDT,BUY,LIMIT,1702058667751,54.9,4.009570
RNDRUSDT,BUY,LIMIT,1702059016819,174.7,4.022887
RNDRUSDT,BUY,LIMIT,1702059027313,2.4,4.025467
RNDRUSDT,BUY,LIMIT,1702059091908,34.5,4.041688
RNDRUSDT,BUY,LIMIT,1702059203742,12.0,4.047357
RNDRUSDT,BUY,LIMIT,1702059339065,611.0,4.058438
RNDRUSDT,BUY,LIMIT,1702059405409,189.2,4.065397
RNDRUSDT,BUY,LIMIT,1702059914386,4.6,4.077896
RNDRUSDT,BUY,LIMIT,1702060016990,419.4,4.078263
RNDRUSDT,BUY,LIMIT,1702060206519,0.2,4.081128
RNDRUSDT,BUY,LIMIT,1702060218603,2.5,4.084843
RNDRUSDT,BUY,LIMIT,1702060219743,2.7,4.088382
RNDRUSDT,BUY,LIMIT,1702060625049,3.8,4.101410
RNDRUSDT,BUY,LIMIT,1702060688483,53.0,4.111910
RNDRUSDT,BUY,LIMIT,1702060692800,5025.4,4.127638
RNDRUSDT,BUY,LIMIT,1702060721660,39.9,4.116810
RNDRUSDT,BUY,LIMIT,1702060724348,36.6,4.122029
RNDRUSDT,BUY,LIMIT,1702060731278,50.8,4.125714
RNDRUSDT,BUY,LIMIT,1702060758738,8.9,4.128505
RNDRUSDT,BUY,LIMIT,1702060812823,48.6,4.132010
RNDRUSDT,BUY,LIMIT,1702060815555,54.3,4.132545
RNDRUSDT,BUY,LIMIT,1702060822703,426.4,4.134094
RNDRUSDT,BUY,LIMIT,1702061098275,82.0,4.141461
RNDRUSDT,BUY,LIMIT,1702061104658,26.5,4.146033
RNDRUSDT,BUY,LIMIT,1702061141244,88.8,4.147599
RNDRUSDT,BUY,LIMIT,1702061149614,79.8,4.152870
RNDRUSDT,BUY,LIMIT,1702061152364,14.4,4.157772
RNDRUSDT,BUY,LIMIT,1702061154426,56.2,4.163433
RNDRUSDT,BUY,LIMIT,1702061162139,368.7,4.167167
RNDRUSDT,SELL,LIMIT,1702062803285,13.0,3.876722
RNDRUSDT,SELL,LIMIT,1702062982129,3.5,3.867173
RNDRUSDT,SELL,LIMIT,1702063001744,29.3,3.861878
RNDRUSDT,BUY,LIMIT,1702066009962,297.0,4.020942
RNDRUSDT,SELL,LIMIT,1702067355917,119.4,3.848428
RNDRUSDT,SELL,LIMIT,1702067363942,161.8,3.848067
RNDRUSDT,BUY,LIMIT,1702069043780,40.3,4.017707
RNDRUSDT,SELL,LIMIT,1702070442718,289.1,3.843131
RNDRUSDT,SELL,LIMIT,1702070449535,0.1,3.940658
RNDRUSDT,SELL,LIMIT,1702072553342,160.6,3.857574
RNDRUSDT,SELL,LIMIT,1702075066016,346.1,3.842763
RNDRUSDT,SELL,LIMIT,1702075254058,62.5,3.833858
RNDRUSDT,SELL,LIMIT,1702075261198,86.5,3.831999
RNDRUSDT,SELL,LIMIT,1702076054099,2.1,3.823252
RNDRUSDT,BUY,LIMIT,1702077008541,501.0,3.988914
RNDRUSDT,BUY,LIMIT,1702078177083,277.3,3.996310
RNDRUSDT,SELL,LIMIT,1702079052845,166.8,3.804639
RNDRUSDT,SELL,LIMIT,1702079111887,42.7,3.800983
RNDRUSDT,SELL,LIMIT,1702079806906,1252.5,3.792759
RNDRUSDT,SELL,LIMIT,1702079815192,11.0,3.792626
RNDRUSDT,SELL,LIMIT,1702079825317,1154.5,3.791089
RNDRUSDT,SELL,LIMIT,1702079826358,37.9,3.790552
RNDRUSDT,SELL,LIMIT,1702079832704,5.9,3.789200
RNDRUSDT,SELL,LIMIT,1702080544297,2.0,3.771177
RNDRUSDT,SELL,LIMIT,1702081676318,3.7,3.790758
RNDRUSDT,BUY,LIMIT,1702082957417,36.9,3.964364
RNDRUSDT,SELL,LIMIT,1702084001722,7.3,3.801342
RNDRUSDT,SELL,LIMIT,1702084111587,2.1,3.769149
RNDRUSDT,SELL,LIMIT,1702084183170,201.7,3.768279
RNDRUSDT,SELL,LIMIT,1702084201250,4.5,3.765765
RNDRUSDT,BUY,LIMIT,1702087134283,7.0,4.011875
RNDRUSDT,BUY,LIMIT,1702092417944,27.7,3.987430
RNDRUSDT,SELL,LIMIT,1702094567638,22.6,3.832918
RNDRUSDT,BUY,LIMIT,1702102926752,15.6,3.970451
RNDRUSDT,BUY,LIMIT,1702103113625,20.7,3.971309
RNDRUSDT,BUY,LIMIT,1702106868138,33.8,3.977203
RNDRUSDT,BUY,LIMIT,1702108945731,27.6,4.002702
RNDRUSDT,BUY,LIMIT,1702109514416,27.9,4.008395
RNDRUSDT,BUY,LIMIT,1702109758300,20.0,4.011435
RNDRUSDT,SELL,LIMIT,1702110914391,168.4,3.795258
RNDRUSDT,SELL,LIMIT,1702111035735,14.4,3.765932
RNDRUSDT,SELL,LIMIT,1702111038835,58.2,3.760190
RNDRUSDT,SELL,LIMIT,1702111040450,127.2,3.755289
RNDRUSDT,SELL,LIMIT,1702111041906,303.8,3.754730
RNDRUSDT,SELL,LIMIT,1702111044190,10.2,3.753208
RNDRUSDT,SELL,LIMIT,1702111045608,52.5,3.742941
RNDRUSDT,SELL,LIMIT,1702111046687,219.8,3.727445
RNDRUSDT,SELL,LIMIT,1702111383558,22.9,3.735319
RNDRUSDT,SELL,LIMIT,1702111387518,10.8,3.731941
RNDRUSDT,SELL,LIMIT,1702122320718,21.1,3.720485
RNDRUSDT,SELL,LIMIT,1702122323143,54.0,3.718460
RNDRUSDT,SELL,LIMIT,1702122354210,10.3,3.719443
RNDRUSDT,SELL,LIMIT,1702122628276,83.2,3.710768
RNDRUSDT,SELL,LIMIT,1702124595007,9.1,3.704212
RNDRUSDT,SELL,LIMIT,1702124687996,1.3,3.698616
RNDRUSDT,SELL,LIMIT,1702132604615,102.8,3.695271
RNDRUSDT,SELL,LIMIT,1702132816219,3.2,3.685056
RNDRUSDT,SELL,LIMIT,1702132934079,1.5,3.680603
RNDRUSDT,SELL,LIMIT,1702132967447,66.2,3.675885
RNDRUSDT,SELL,LIMIT,1702132988596,403.5,3.674755
RNDRUSDT,SELL,LIMIT,1702132994189,38.6,3.663818
RNDRUSDT,SELL,LIMIT,1702132996585,25.8,3.660301
RNDRUSDT,SELL,LIMIT,1702133001263,38.9,3.653245
RNDRUSDT,SELL,LIMIT,1702133002500,130.2,3.654136
RNDRUSDT,SELL,LIMIT,1702133003618,55.9,3.647992
RNDRUSDT,SELL,LIMIT,1702133004889,11.9,3.646583
RNDRUSDT,SELL,LIMIT,1702133006880,1303.7,3.644018
RNDRUSDT,SELL,LIMIT,1702133008129,1.9,3.642031
RNDRUSDT,SELL,LIMIT,1702133009298,156.4,3.639478
RNDRUSDT,SELL,LIMIT,1702133324232,20.2,3.664727
RNDRUSDT,SELL,LIMIT,1702133325488,20.2,3.667868
RNDRUSDT,SELL,LIMIT,1702133326813,104.9,3.662198
RNDRUSDT,SELL,LIMIT,1702133329906,10.9,3.680167
RNDRUSDT,SELL,LIMIT,1702134493270,10.0,3.651383
RNDRUSDT,SELL,LIMIT,1702134501225,11.4,3.644866
RNDRUSDT,SELL,LIMIT,1702134507992,13.1,3.643151
RNDRUSDT,SELL,LIMIT,1702135484054,168.5,3.634810
RNDRUSDT,SELL,LIMIT,1702138978253,6.3,3.663640
RNDRUSDT,SELL,LIMIT,1702139120373,215.4,3.666093
RNDRUSDT,SELL,LIMIT,1702139275444,169.4,3.647316
RNDRUSDT,SELL,LIMIT,1702141746324,1.5,3.642510
RNDRUSDT,SELL,LIMIT,1702141758438,981.2,3.637452
RNDRUSDT,SELL,LIMIT,1702141800453,72.5,3.639493
RNDRUSDT,SELL,LIMIT,1702141847461,43.0,3.635893
RNDRUSDT,SELL,LIMIT,1702141849295,700.5,3.634985
RNDRUSDT,SELL,LIMIT,1702141850933,3.0,3.634229
RNDRUSDT,SELL,LIMIT,1702141851963,18.6,3.633322
RNDRUSDT,SELL,LIMIT,1702141855596,228.1,3.632561
RNDRUSDT,SELL,LIMIT,1702141857192,43.0,3.631303
RNDRUSDT,SELL,LIMIT,1702142079818,26.8,3.630719
RNDRUSDT,SELL,LIMIT,1702153657133,25.0,3.674021
RNDRUSDT,SELL,LIMIT,1702156373198,451.2,3.652697
RNDRUSDT,SELL,LIMIT,1702161383153,76.8,3.698325
RNDRUSDT,SELL,LIMIT,1702164115703,5.7,3.667781
RNDRUSDT,SELL,LIMIT,1702164161954,38.7,3.666573
RNDRUSDT,SELL,LIMIT,1702164549400,555.8,3.634005
RNDRUSDT,SELL,LIMIT,1702164744728,318.9,3.629126
RNDRUSDT,SELL,LIMIT,1702164751615,487.5,3.627437
RNDRUSDT,SELL,LIMIT,1702164752829,297.1,3.626803
RNDRUSDT,SELL,LIMIT,1702164755660,23.6,3.619474
RNDRUSDT,SELL,LIMIT,1702164757334,67.1,3.614986
RNDRUSDT,SELL,LIMIT,1702164758862,8.5,3.612517
RNDRUSDT,SELL,LIMIT,1702164766812,57.1,3.610674
RNDRUSDT,SELL,LIMIT,1702164799785,6.4,3.610221
RNDRUSDT,SELL,LIMIT,1702164800922,0.6,3.608062
RNDRUSDT,SELL,LIMIT,1702164802403,9.2,3.605672
RNDRUSDT,SELL,LIMIT,1702164803423,5.0,3.603150
RNDRUSDT,SELL,LIMIT,1702164804491,766.2,3.603977
RNDRUSDT,SELL,LIMIT,1702164806247,2.7,3.598555
RNDRUSDT,SELL,LIMIT,1702164807707,200.0,3.597869
RNDRUSDT,SELL,LIMIT,1702164809480,10.5,3.599639
RNDRUSDT,SELL,LIMIT,1702164811485,1.4,3.599396
RNDRUSDT,SELL,LIMIT,1702164865532,102.3,3.617047
RNDRUSDT,SELL,LIMIT,1702164867919,50.0,3.592339
RNDRUSDT,BUY,LIMIT,1702171397439,2.2,3.851621
RNDRUSDT,BUY,LIMIT,1702173338602,3.5,3.862434
RNDRUSDT,BUY,LIMIT,1702175554578,3.3,3.900647
RNDRUSDT,BUY,LIMIT,1702175672656,1.8,3.909045
RNDRUSDT,SELL,LIMIT,1702182641992,0.4,3.756216
RNDRUSDT,SELL,LIMIT,1702200762400,261.0,3.647855
RNDRUSDT,SELL,LIMIT,1702200765438,400.9,3.646777
RNDRUSDT,SELL,LIMIT,1702202157133,12.7,3.644715
RNDRUSDT,SELL,LIMIT,1702202251314,1.8,3.639102
RNDRUSDT,SELL,LIMIT,1702202257997,127.6,3.637681
RNDRUSDT,SELL,LIMIT,1702202270233,200.7,3.637203
RNDRUSDT,SELL,LIMIT,1702202272101,549.1,3.650735
RNDRUSDT,SELL,LIMIT,1702202298159,2.4,3.631783
RNDRUSDT,SELL,LIMIT,1702202318310,35.4,3.630699
RNDRUSDT,SELL,LIMIT,1702202323568,2.3,3.629731
RNDRUSDT,SELL,LIMIT,1702202368690,174.1,3.629877
RNDRUSDT,SELL,LIMIT,1702202372167,52.9,3.647976
RNDRUSDT,SELL,LIMIT,1702202379361,5.6,3.626491
RNDRUSDT,SELL,LIMIT,1702202380363,1.3,3.625805
RNDRUSDT,SELL,LIMIT,1702202388715,3.5,3.623084
RNDRUSDT,SELL,LIMIT,1702202395712,15.0,3.621886
RNDRUSDT,BUY,LIMIT,1702219916491,133.8,3.921019
RNDRUSDT,BUY,LIMIT,1702220158138,6.0,3.930274
RNDRUSDT,SELL,LIMIT,1702230199938,259.4,3.661600
RNDRUSDT,SELL,LIMIT,1702230210094,26.4,3.661160
RNDRUSDT,SELL,LIMIT,1702230307260,5.1,3.652869
RNDRUSDT,SELL,LIMIT,1702230308410,13.1,3.651064
RNDRUSDT,BUY,LIMIT,1702235702397,40.4,3.864361
RNDRUSDT,SELL,LIMIT,1702238595313,172.0,3.720719
RNDRUSDT,BUY,LIMIT,1702239336803,135.7,3.884022
RNDRUSDT,BUY,LIMIT,1702239866998,561.5,3.887382
RNDRUSDT,SELL,LIMIT,1702250297232,89.5,3.855138
RNDRUSDT,SELL,LIMIT,1702256575182,22.6,3.666769
RNDRUSDT,SELL,LIMIT,1702256620301,26.0,3.657753
RNDRUSDT,SELL,LIMIT,1702256915724,660.1,3.648040
RNDRUSDT,SELL,LIMIT,1702256918007,69.6,3.646829
RNDRUSDT,SELL,LIMIT,1702256922848,5.2,3.645263
RNDRUSDT,SELL,LIMIT,1702256984172,9.5,3.641893
RNDRUSDT,SELL,LIMIT,1702257007237,585.2,3.637196
RNDRUSDT,SELL,LIMIT,1702260431909,21.8,3.636621
RNDRUSDT,SELL,LIMIT,1702260437352,65.0,3.630377
RNDRUSDT,SELL,LIMIT,1702260439061,281.9,3.630289
RNDRUSDT,SELL,LIMIT,1702260465259,116.1,3.624063
RNDRUSDT,SELL,LIMIT,1702260489190,54.4,3.618988
RNDRUSDT,SELL,LIMIT,1702260631393,132.1,3.681804
RNDRUSDT,SELL,LIMIT,1702260632576,11.9,3.614899
RNDRUSDT,SELL,LIMIT,1702260633821,46.8,3.611741
RNDRUSDT,SELL,LIMIT,1702260634951,155.7,3.640375
RNDRUSDT,SELL,LIMIT,1702260657930,90.8,3.606035
RNDRUSDT,SELL,LIMIT,1702260658997,1314.7,3.600217
RNDRUSDT,SELL,LIMIT,1702260665442,126.6,3.602104
RNDRUSDT,SELL,LIMIT,1702260667645,259.4,3.599688
RNDRUSDT,SELL,LIMIT,1702260689084,53.9,3.596180
RNDRUSDT,SELL,LIMIT,1702260694224,261.5,3.594592
RNDRUSDT,SELL,LIMIT,1702260696068,562.6,3.592219
RNDRUSDT,SELL,LIMIT,1702260697723,22.5,3.588994
RNDRUSDT,SELL,LIMIT,1702260700528,49.9,3.587604
RNDRUSDT,SELL,LIMIT,1702260701607,132.4,3.585769
RNDRUSDT,SELL,LIMIT,1702260708741,58.9,3.581285
RNDRUSDT,SELL,LIMIT,1702260710289,1.6,3.578468
RNDRUSDT,BUY,LIMIT,1702260711570,20.8,3.722110
RNDRUSDT,SELL,LIMIT,1702260713191,328.6,3.573475
RNDRUSDT,SELL,LIMIT,1702260714191,8.0,3.567222
RNDRUSDT,SELL,LIMIT,1702260715318,651.3,3.571433
RNDRUSDT,SELL,LIMIT,1702260716529,400.1,3.561887
RNDRUSDT,SELL,LIMIT,1702260717740,125.0,3.555007
RNDRUSDT,SELL,LIMIT,1702260718796,957.3,3.555936
RNDRUSDT,SELL,LIMIT,1702260719828,64.7,3.554454
RNDRUSDT,SELL,LIMIT,1702260721932,79.4,3.555341
RNDRUSDT,SELL,LIMIT,1702260723553,17.8,3.557077
RNDRUSDT,BUY,LIMIT,1702260725372,72.5,3.698137
RNDRUSDT,SELL,LIMIT,1702260726508,280.3,3.549347
RNDRUSDT,SELL,LIMIT,1702260727514,258.2,3.548571
RNDRUSDT,SELL,LIMIT,1702260729164,3.5,3.545937
RNDRUSDT,SELL,LIMIT,1702260730701,53.0,3.540603
RNDRUSDT,SELL,LIMIT,1702260731910,1038.3,3.540602
RNDRUSDT,SELL,LIMIT,1702260733722,51.5,3.539839
RNDRUSDT,SELL,LIMIT,1702260735293,163.9,3.540682
RNDRUSDT,SELL,LIMIT,1702260736316,56.2,3.540193
RNDRUSDT,SELL,LIMIT,1702260737453,1.4,3.539734
RNDRUSDT,SELL,LIMIT,1702260738520,223.8,3.537364
RNDRUSDT,SELL,LIMIT,1702260740440,13170.0,3.477036
RNDRUSDT,SELL,LIMIT,1702260741614,339.7,3.536740
RNDRUSDT,SELL,LIMIT,1702260742653,13.2,3.526799
RNDRUSDT,SELL,LIMIT,1702260744539,6.0,3.523479
RNDRUSDT,SELL,LIMIT,1702260745891,404.1,3.526109
RNDRUSDT,SELL,LIMIT,1702260746929,95.2,3.521337
RNDRUSDT,SELL,LIMIT,1702260748582,256.9,3.519339
RNDRUSDT,SELL,LIMIT,1702260749634,1.7,3.518921
RNDRUSDT,SELL,LIMIT,1702260750867,4.6,3.512233
RNDRUSDT,SELL,LIMIT,1702260752642,524.4,3.508250
RNDRUSDT,SELL,LIMIT,1702260753661,29.9,3.579473
RNDRUSDT,SELL,LIMIT,1702260754710,285.7,3.512021
RNDRUSDT,BUY,LIMIT,1702260757036,118.7,3.619118
RNDRUSDT,SELL,LIMIT,1702260758216,1292.2,3.507382
RNDRUSDT,BUY,LIMIT,1702260759250,256.9,3.656451
RNDRUSDT,SELL,LIMIT,1702260760378,16.8,3.507184
RNDRUSDT,SELL,LIMIT,1702260761390,118.0,3.529893
RNDRUSDT,SELL,LIMIT,1702260762596,2.7,3.498801
RNDRUSDT,SELL,LIMIT,1702260764087,22.1,3.744571
RNDRUSDT,SELL,LIMIT,1702260765585,115.6,3.496737
RNDRUSDT,SELL,LIMIT,1702260766715,2.7,3.494900
RNDRUSDT,SELL,LIMIT,1702260767768,296.6,3.490652
RNDRUSDT,SELL,LIMIT,1702260768773,149.1,3.489955
RNDRUSDT,SELL,LIMIT,1702260769741,6.8,3.486277
RNDRUSDT,SELL,LIMIT,1702260770849,80.0,3.492207
RNDRUSDT,SELL,LIMIT,1702260771906,300.7,3.476449
RNDRUSDT,SELL,LIMIT,1702260772947,3.0,3.470093
RNDRUSDT,SELL,LIMIT,1702260774139,328.9,3.526689
RNDRUSDT,SELL,LIMIT,1702260775146,24.4,3.464689
RNDRUSDT,SELL,LIMIT,1702260776307,25.9,3.451878
RNDRUSDT,SELL,LIMIT,1702260777312,42.8,3.452179
RNDRUSDT,SELL,LIMIT,1702260778330,2.7,3.445599
RNDRUSDT,SELL,LIMIT,1702260779355,26.8,3.446127
RNDRUSDT,SELL,LIMIT,1702260780579,14.9,3.445205
RNDRUSDT,SELL,LIMIT,1702260781594,2.7,3.440092
RNDRUSDT,SELL,LIMIT,1702260782627,421.1,3.439828
RNDRUSDT,SELL,LIMIT,1702260783641,676.5,3.421545
RNDRUSDT,SELL,LIMIT,1702260784667,130.8,3.420486
RNDRUSDT,SELL,LIMIT,1702260785694,55.5,3.420721
RNDRUSDT,SELL,LIMIT,1702260787331,16.2,3.420757
RNDRUSDT,SELL,LIMIT,1702260788326,61.2,3.439252
RNDRUSDT,SELL,LIMIT,1702260789393,2.7,3.410723
RNDRUSDT,SELL,LIMIT,1702260790466,5.0,3.409654
RNDRUSDT,SELL,LIMIT,1702260791472,253.7,3.405820
RNDRUSDT,SELL,LIMIT,1702260792474,83.7,3.384546
RNDRUSDT,SELL,LIMIT,1702260793539,60.0,3.388138
RNDRUSDT,SELL,LIMIT,1702260794561,50.0,3.372993
RNDRUSDT,SELL,LIMIT,1702260795589,371.6,3.371578
RNDRUSDT,SELL,LIMIT,1702260796730,156.0,3.365069
RNDRUSDT,SELL,LIMIT,1702260797844,267.9,3.363088
RNDRUSDT,SELL,LIMIT,1702260798868,273.2,3.350458
RNDRUSDT,SELL,LIMIT,1702260799912,104.4,3.352804
RNDRUSDT,SELL,LIMIT,1702260800950,1095.8,3.338118
RNDRUSDT,SELL,LIMIT,1702260802088,1.5,3.330741
RNDRUSDT,SELL,LIMIT,1702260803577,13.6,3.347502
RNDRUSDT,SELL,LIMIT,1702260805202,395.4,3.330104
RNDRUSDT,SELL,LIMIT,1702260806287,132.6,3.319871
RNDRUSDT,SELL,LIMIT,1702260807355,178.5,3.315774
RNDRUSDT,SELL,LIMIT,1702260808416,55.3,3.315044
RNDRUSDT,SELL,LIMIT,1702260809690,27.6,3.312929
RNDRUSDT,SELL,LIMIT,1702260810707,2721.0,3.303100
RNDRUSDT,SELL,LIMIT,1702260811762,64.0,3.303434
RNDRUSDT,SELL,LIMIT,1702260813871,7.4,3.313559
RNDRUSDT,SELL,LIMIT,1702260814887,48.0,3.291931
RNDRUSDT,SELL,LIMIT,1702260817208,102.4,3.307300
RNDRUSDT,SELL,LIMIT,1702260818452,5.6,3.300391
RNDRUSDT,SELL,LIMIT,1702260819636,61.7,3.290191
RNDRUSDT,SELL,LIMIT,1702260820993,55.5,3.274127
RNDRUSDT,SELL,LIMIT,1702260822154,1.6,3.269013
RNDRUSDT,SELL,LIMIT,1702260824139,147.6,3.273622
RNDRUSDT,SELL,LIMIT,1702260825403,50.0,3.272155
RNDRUSDT,SELL,LIMIT,1702260828086,114.3,3.265931
RNDRUSDT,SELL,LIMIT,1702260831161,2.4,3.258606
RNDRUSDT,SELL,LIMIT,1702260832216,4.0,3.259993
RNDRUSDT,SELL,LIMIT,1702260833249,2.1,3.252784
RNDRUSDT,BUY,LIMIT,1702260840393,17.2,3.400126
RNDRUSDT,BUY,LIMIT,1702260845283,50.0,3.434793
RNDRUSDT,BUY,LIMIT,1702260861356,2.6,3.478746
RNDRUSDT,BUY,LIMIT,1702260876726,1.5,3.486299
RNDRUSDT,BUY,LIMIT,1702265375563,2.8,3.705363
