Symbol,Side,Order Type,Time,Quantity,Price
ROSEUSDT,SELL,LIMIT,1701065050190,65,0.08007
ROSEUSDT,SELL,LIMIT,1701066645473,294,0.07970
ROSEUSDT,SELL,LIMIT,1701067256122,2447,0.07941
ROSEUSDT,SELL,LIMIT,1701067320226,309,0.07937
ROSEUSDT,SELL,LIMIT,1701067361340,650,0.07928
ROSEUSDT,SELL,LIMIT,1701067407385,7691,0.07935
ROSEUSDT,SELL,LIMIT,1701067413607,4850,0.07917
ROSEUSDT,SELL,LIMIT,1701067437270,1389,0.07905
ROSEUSDT,SELL,LIMIT,1701067744298,6210,0.07918
ROSEUSDT,BUY,LIMIT,1701067750271,2871,0.07762
ROSEUSDT,BUY,LIMIT,1701067752336,2370,0.08076
ROSEUSDT,SELL,LIMIT,1701067793437,60240,0.07894
ROSEUSDT,SELL,LIMIT,1701067828350,2568,0.07888
ROSEUSDT,SELL,LIMIT,1701067829461,7142,0.07888
ROSEUSDT,SELL,LIMIT,1701067853068,38025,0.07965
ROSEUSDT,SELL,LIMIT,1701067861846,2277,0.07882
ROSEUSDT,SELL,LIMIT,1701067863812,5503,0.07879
ROSEUSDT,SELL,LIMIT,1701067965546,302,0.07878
ROSEUSDT,SELL,LIMIT,1701067967672,500,0.07878
ROSEUSDT,SELL,LIMIT,1701068025189,5213,0.07868
ROSEUSDT,SELL,LIMIT,1701068089245,400,0.07868
ROSEUSDT,SELL,LIMIT,1701068376260,1878,0.07849
ROSEUSDT,SELL,LIMIT,1701069555363,7419,0.07852
ROSEUSDT,SELL,LIMIT,1701069561785,14270,0.07861
ROSEUSDT,SELL,LIMIT,1701069572045,1997,0.07845
ROSEUSDT,SELL,LIMIT,1701069734340,2857,0.07843
ROSEUSDT,SELL,LIMIT,1701069795705,539,0.07841
ROSEUSDT,SELL,LIMIT,1701069797273,105429,0.07796
ROSEUSDT,SELL,LIMIT,1701069805158,17195,0.07828
ROSEUSDT,SELL,LIMIT,1701069811332,1274,0.07836
ROSEUSDT,SELL,LIMIT,1701069856518,5280,0.07819
ROSEUSDT,SELL,LIMIT,1701069860007,2916,0.07817
ROSEUSDT,SELL,LIMIT,1701069861518,245,0.07815
ROSEUSDT,SELL,LIMIT,1701069880344,74867,0.07795
ROSEUSDT,SELL,LIMIT,1701069885204,75477,0.07791
ROSEUSDT,SELL,LIMIT,1701069915828,12712,0.07806
ROSEUSDT,SELL,LIMIT,1701070174167,419,0.07819
ROSEUSDT,SELL,LIMIT,1701070435611,18135,0.07802
ROSEUSDT,SELL,LIMIT,1701070441222,3552,0.07791
ROSEUSDT,SELL,LIMIT,1701074548295,101,0.07786
ROSEUSDT,SELL,LIMIT,1701074558517,1090,0.07777
ROSEUSDT,SELL,LIMIT,1701074597746,542,0.07773
ROSEUSDT,SELL,LIMIT,1701074603607,60803,0.07772
ROSEUSDT,SELL,LIMIT,1701074605109,250,0.07761
ROSEUSDT,SELL,LIMIT,1701074606132,10898,0.07754
ROSEUSDT,SELL,LIMIT,1701074618668,2487,0.07744
ROSEUSDT,SELL,LIMIT,1701074620726,298,0.07744
ROSEUSDT,SELL,LIMIT,1701074670566,1544,0.07737
ROSEUSDT,SELL,LIMIT,1701074721801,768,0.07735
ROSEUSDT,SELL,LIMIT,1701074724673,1107,0.07734
ROSEUSDT,SELL,LIMIT,1701074745814,132,0.07732
ROSEUSDT,SELL,LIMIT,1701074749154,84,0.07730
ROSEUSDT,SELL,LIMIT,1701074753649,243,0.07722
ROSEUSDT,SELL,LIMIT,1701074755063,6789,0.07701
ROSEUSDT,SELL,LIMIT,1701074759769,3217,0.07687
ROSEUSDT,SELL,LIMIT,1701074870536,10588,0.07684
ROSEUSDT,SELL,LIMIT,1701074887136,74,0.07683
ROSEUSDT,SELL,LIMIT,1701074911428,16262,0.07670
ROSEUSDT,SELL,LIMIT,1701074918719,17348,0.07665
ROSEUSDT,SELL,LIMIT,1701080765676,15267,0.07678
ROSEUSDT,SELL,LIMIT,1701080784445,244,0.07671
ROSEUSDT,SELL,LIMIT,1701081080450,155,0.07657
ROSEUSDT,SELL,LIMIT,1701081114719,995,0.07654
ROSEUSDT,SELL,LIMIT,1701081132013,2662,0.07650
ROSEUSDT,SELL,LIMIT,1701081194822,1225,0.07642
ROSEUSDT,SELL,LIMIT,1701081195911,7332,0.07638
ROSEUSDT,SELL,LIMIT,1701081203497,3364,0.07633
ROSEUSDT,SELL,LIMIT,1701081204601,72,0.07613
ROSEUSDT,SELL,LIMIT,1701081206066,4082,0.07600
ROSEUSDT,SELL,LIMIT,1701081207312,1347,0.07602
ROSEUSDT,SELL,LIMIT,1701081220479,66,0.07599
ROSEUSDT,SELL,LIMIT,1701081255013,2500,0.07605
ROSEUSDT,SELL,LIMIT,1701081256642,2558,0.07596
ROSEUSDT,SELL,LIMIT,1701081258177,15132,0.07593
ROSEUSDT,SELL,LIMIT,1701082654425,5068,0.07620
ROSEUSDT,SELL,LIMIT,1701082726687,73,0.07607
ROSEUSDT,SELL,LIMIT,1701093116581,4096,0.07718
ROSEUSDT,SELL,LIMIT,1701093648623,45717,0.07801
ROSEUSDT,SELL,LIMIT,1701097094008,1224,0.07639
ROSEUSDT,SELL,LIMIT,1701100994078,19602,0.07786
ROSEUSDT,SELL,LIMIT,1701101047759,32,0.25592
ROSEUSDT,SELL,LIMIT,1701101060143,2456,0.07754
ROSEUSDT,SELL,LIMIT,1701101140921,3674,0.07754
ROSEUSDT,SELL,LIMIT,1701103047455,1307,0.07703
ROSEUSDT,SELL,LIMIT,1701111236187,1154,0.07822
ROSEUSDT,SELL,LIMIT,1701113288480,6175,0.07829
ROSEUSDT,SELL,LIMIT,1701114163822,226,0.07757
ROSEUSDT,SELL,LIMIT,1701114368763,112,0.07733
ROSEUSDT,BUY,LIMIT,1701125708222,6464,0.08062
ROSEUSDT,BUY,LIMIT,1701126151065,51779,0.08110
ROSEUSDT,BUY,LIMIT,1701126260313,496,0.08150
ROSEUSDT,BUY,LIMIT,1701126288909,3037,0.08163
ROSEUSDT,BUY,LIMIT,1701126294246,26746,0.08172
ROSEUSDT,BUY,LIMIT,1701126359959,8290,0.08186
ROSEUSDT,BUY,LIMIT,1701127340354,316,0.08203
ROSEUSDT,BUY,LIMIT,1701127366208,130,0.08211
ROSEUSDT,BUY,LIMIT,1701127434598,3172,0.08223
ROSEUSDT,BUY,LIMIT,1701127481299,7854,0.08229
ROSEUSDT,BUY,LIMIT,1701128208729,9987,0.08229
ROSEUSDT,BUY,LIMIT,1701128211571,72,0.08232
ROSEUSDT,BUY,LIMIT,1701128374968,6682,0.08284
ROSEUSDT,BUY,LIMIT,1701131094715,7416,0.08303
ROSEUSDT,BUY,LIMIT,1701131455918,4723,0.08355
ROSEUSDT,BUY,LIMIT,1701131818392,248668,0.08470
ROSEUSDT,BUY,LIMIT,1701131835438,800,0.08381
ROSEUSDT,BUY,LIMIT,1701131868204,2599,0.08389
ROSEUSDT,BUY,LIMIT,1701131893683,1149,0.08391
ROSEUSDT,BUY,LIMIT,1701134303922,19317,0.08364
ROSEUSDT,BUY,LIMIT,1701139473035,28258,0.08458
ROSEUSDT,BUY,LIMIT,1701139477526,2622,0.08460
ROSEUSDT,BUY,LIMIT,1701139608825,218,0.08461
ROSEUSDT,BUY,LIMIT,1701139628452,1223,0.08464
ROSEUSDT,BUY,LIMIT,1701139672383,5569,0.08467
ROSEUSDT,BUY,LIMIT,1701139699244,2549,0.08471
ROSEUSDT,SELL,LIMIT,1701148047626,929,0.08063
ROSEUSDT,SELL,LIMIT,1701148159636,2115,0.08035
ROSEUSDT,SELL,LIMIT,1701149842339,2434,0.07987
ROSEUSDT,SELL,LIMIT,1701156542794,836,0.07988
ROSEUSDT,SELL,LIMIT,1701156562590,3696,0.08003
ROSEUSDT,SELL,LIMIT,1701157593954,17987,0.07938
ROSEUSDT,SELL,LIMIT,1701157692010,75089,0.07909
ROSEUSDT,SELL,LIMIT,1701159074783,465,0.07917
ROSEUSDT,SELL,LIMIT,1701159414749,269,0.07895
ROSEUSDT,SELL,LIMIT,1701159448655,3629,0.07891
ROSEUSDT,SELL,LIMIT,1701159465352,12049,0.07888
ROSEUSDT,BUY,LIMIT,1701169811239,18091,0.08330
ROSEUSDT,BUY,LIMIT,1701169823034,1249,0.08331
ROSEUSDT,BUY,LIMIT,1701170000600,11002,0.08354
ROSEUSDT,BUY,LIMIT,1701171195942,16072,0.08379
ROSEUSDT,BUY,LIMIT,1701171602191,314,0.08385
ROSEUSDT,BUY,LIMIT,1701172267125,163,0.08421
ROSEUSDT,BUY,LIMIT,1701172285921,63,0.08427
ROSEUSDT,BUY,LIMIT,1701172297014,64,0.08432
ROSEUSDT,BUY,LIMIT,1701178669508,49554,0.08469
ROSEUSDT,BUY,LIMIT,1701178856494,517,0.08489
ROSEUSDT,BUY,LIMIT,1701178882363,182,0.08507
ROSEUSDT,BUY,LIMIT,1701178887468,351,0.08511
ROSEUSDT,BUY,LIMIT,1701179030368,3963,0.08514
ROSEUSDT,BUY,LIMIT,1701179081402,1839,0.08518
ROSEUSDT,BUY,LIMIT,1701179101223,195,0.08525
ROSEUSDT,BUY,LIMIT,1701179587232,30561,0.08529
ROSEUSDT,BUY,LIMIT,1701179589905,12893,0.08532
ROSEUSDT,BUY,LIMIT,1701179599849,2424,0.08537
ROSEUSDT,BUY,LIMIT,1701179609726,4056,0.08540
ROSEUSDT,BUY,LIMIT,1701179614437,202,0.08544
ROSEUSDT,BUY,LIMIT,1701179616224,29586,0.08547
ROSEUSDT,BUY,LIMIT,1701179618572,76,0.08547
ROSEUSDT,BUY,LIMIT,1701179625978,2661,0.08554
ROSEUSDT,BUY,LIMIT,1701179736815,2848,0.08558
ROSEUSDT,BUY,LIMIT,1701179814107,137,0.08562
ROSEUSDT,BUY,LIMIT,1701180087627,2815,0.08571
ROSEUSDT,BUY,LIMIT,1701181281953,249,0.08572
ROSEUSDT,BUY,LIMIT,1701181382541,658,0.08584
ROSEUSDT,BUY,LIMIT,1701181383883,1080,0.08589
ROSEUSDT,BUY,LIMIT,1701181389196,1213,0.08597
ROSEUSDT,BUY,LIMIT,1701181390236,12784,0.08598
ROSEUSDT,BUY,LIMIT,1701181412699,3643,0.08608
ROSEUSDT,BUY,LIMIT,1701181433785,3174,0.08599
ROSEUSDT,BUY,LIMIT,1701181499604,5971,0.08613
ROSEUSDT,BUY,LIMIT,1701181501833,67800,0.08630
ROSEUSDT,BUY,LIMIT,1701181513395,841,0.08623
ROSEUSDT,BUY,LIMIT,1701181515864,32343,0.08626
ROSEUSDT,BUY,LIMIT,1701181525207,999,0.08628
ROSEUSDT,BUY,LIMIT,1701181545238,1468,0.08635
ROSEUSDT,BUY,LIMIT,1701181550835,5325,0.08637
ROSEUSDT,BUY,LIMIT,1701181577473,45532,0.08644
ROSEUSDT,BUY,LIMIT,1701181591372,3717,0.08649
ROSEUSDT,BUY,LIMIT,1701182564795,790,0.08655
ROSEUSDT,BUY,LIMIT,1701183224578,50000,0.08681
ROSEUSDT,BUY,LIMIT,1701183260954,75,0.08693
ROSEUSDT,BUY,LIMIT,1701183335363,72,0.08700
ROSEUSDT,BUY,LIMIT,1701183338492,698,0.08704
ROSEUSDT,BUY,LIMIT,1701183348186,51659,0.08706
ROSEUSDT,BUY,LIMIT,1701183351181,4163,0.08710
ROSEUSDT,BUY,LIMIT,1701183390456,198,0.08724
ROSEUSDT,BUY,LIMIT,1701183392128,6361,0.08727
ROSEUSDT,BUY,LIMIT,1701183403298,12597,0.08731
ROSEUSDT,BUY,LIMIT,1701183406614,1541,0.08734
ROSEUSDT,BUY,LIMIT,1701183407671,70791,0.08762
ROSEUSDT,BUY,LIMIT,1701183410253,149473,0.08827
ROSEUSDT,BUY,LIMIT,1701183412245,27236,0.08750
ROSEUSDT,BUY,LIMIT,1701183540410,3911,0.08756
ROSEUSDT,SELL,LIMIT,1701187777459,56856,0.08479
ROSEUSDT,SELL,LIMIT,1701187868642,11567,0.08480
ROSEUSDT,SELL,LIMIT,1701189344858,11226,0.08394
ROSEUSDT,BUY,LIMIT,1701189821121,19768,0.08645
ROSEUSDT,SELL,LIMIT,1701194650029,456,0.08512
ROSEUSDT,BUY,LIMIT,1701195619131,6082,0.08760
ROSEUSDT,BUY,LIMIT,1701195652722,710,0.08763
ROSEUSDT,BUY,LIMIT,1701195675486,60,0.08767
ROSEUSDT,BUY,LIMIT,1701195677234,1118,0.08769
ROSEUSDT,BUY,LIMIT,1701197838334,5709,0.08683
ROSEUSDT,BUY,LIMIT,1701197845033,4305,0.08681
ROSEUSDT,BUY,LIMIT,1701197853498,3218,0.08688
ROSEUSDT,BUY,LIMIT,1701197872837,61,0.08694
ROSEUSDT,BUY,LIMIT,1701198067880,1000,0.08713
ROSEUSDT,BUY,LIMIT,1701198089221,1243,0.08708
ROSEUSDT,BUY,LIMIT,1701198090328,19096,0.08702
ROSEUSDT,BUY,LIMIT,1701200469843,608,0.08733
ROSEUSDT,BUY,LIMIT,1701200523640,3723,0.08751
ROSEUSDT,BUY,LIMIT,1701201640909,88,0.08747
ROSEUSDT,BUY,LIMIT,1701201651225,379,0.07334
ROSEUSDT,SELL,LIMIT,1701211966419,18559,0.08394
ROSEUSDT,BUY,LIMIT,1701217759549,1410,0.08699
ROSEUSDT,BUY,LIMIT,1701223921173,12689,0.08775
ROSEUSDT,BUY,LIMIT,1701223925453,292,0.08783
ROSEUSDT,BUY,LIMIT,1701223926857,296,0.08784
ROSEUSDT,BUY,LIMIT,1701223929255,4008,0.08788
ROSEUSDT,BUY,LIMIT,1701223930470,2057,0.08805
ROSEUSDT,BUY,LIMIT,1701223932111,48921,0.08816
ROSEUSDT,BUY,LIMIT,1701223933223,2087,0.08818
ROSEUSDT,BUY,LIMIT,1701223943206,7855,0.08831
ROSEUSDT,BUY,LIMIT,1701223946569,4544,0.08829
ROSEUSDT,BUY,LIMIT,1701223971815,48474,0.08833
ROSEUSDT,BUY,LIMIT,1701223975143,14525,0.08841
ROSEUSDT,BUY,LIMIT,1701224028117,823,0.08843
ROSEUSDT,BUY,LIMIT,1701224042622,56091,0.08854
ROSEUSDT,BUY,LIMIT,1701224044299,25933,0.08862
ROSEUSDT,BUY,LIMIT,1701224058374,47497,0.08870
ROSEUSDT,BUY,LIMIT,1701224131295,266,0.08874
ROSEUSDT,BUY,LIMIT,1701234025202,75,0.08790
ROSEUSDT,BUY,LIMIT,1701241209795,2059,0.08710
ROSEUSDT,BUY,LIMIT,1701243597967,9300,0.08685
ROSEUSDT,BUY,LIMIT,1701243611052,1749,0.07178
ROSEUSDT,BUY,LIMIT,1701243938161,1156,0.08686
ROSEUSDT,BUY,LIMIT,1701246521468,18878,0.08669
ROSEUSDT,SELL,LIMIT,1701246929048,2354,0.08468
ROSEUSDT,BUY,LIMIT,1701248270081,944,0.08728
ROSEUSDT,SELL,LIMIT,1701253412619,2338,0.08463
ROSEUSDT,SELL,LIMIT,1701253531077,28026,0.08424
ROSEUSDT,SELL,LIMIT,1701254048383,49037,0.08410
ROSEUSDT,SELL,LIMIT,1701254054668,4307,0.08409
ROSEUSDT,SELL,LIMIT,1701254356252,1676,0.08393
ROSEUSDT,SELL,LIMIT,1701254360344,1775,0.08392
ROSEUSDT,SELL,LIMIT,1701254419071,23534,0.08367
ROSEUSDT,SELL,LIMIT,1701254420112,90,0.08349
ROSEUSDT,SELL,LIMIT,1701259020241,669,0.08301
ROSEUSDT,SELL,LIMIT,1701259025360,5735,0.08285
ROSEUSDT,SELL,LIMIT,1701259049917,1395,0.08281
ROSEUSDT,SELL,LIMIT,1701259122625,1717,0.08266
ROSEUSDT,SELL,LIMIT,1701265486591,97,0.08425
ROSEUSDT,SELL,LIMIT,1701270441206,2277,0.08276
ROSEUSDT,SELL,LIMIT,1701270446664,12044,0.08274
ROSEUSDT,SELL,LIMIT,1701270613426,26790,0.08242
ROSEUSDT,SELL,LIMIT,1701270616628,3440,0.08238
ROSEUSDT,BUY,LIMIT,1701281155823,2499,0.08664
ROSEUSDT,BUY,LIMIT,1701281161134,30791,0.08669
ROSEUSDT,BUY,LIMIT,1701283798696,6993,0.08730
ROSEUSDT,BUY,LIMIT,1701283836896,122106,0.08803
ROSEUSDT,BUY,LIMIT,1701283839250,57982,0.08742
ROSEUSDT,BUY,LIMIT,1701284489295,512,0.08742
ROSEUSDT,BUY,LIMIT,1701284491304,439,0.08742
ROSEUSDT,BUY,LIMIT,1701288287798,70,0.08663
ROSEUSDT,BUY,LIMIT,1701315384514,1077,0.08793
ROSEUSDT,BUY,LIMIT,1701315490135,989,0.08803
ROSEUSDT,BUY,LIMIT,1701315537709,3152,0.08833
ROSEUSDT,BUY,LIMIT,1701315971545,293,0.08854
ROSEUSDT,BUY,LIMIT,1701315984272,592,0.08866
ROSEUSDT,BUY,LIMIT,1701315988540,4415,0.08869
ROSEUSDT,BUY,LIMIT,1701317438860,169,0.08880
ROSEUSDT,BUY,LIMIT,1701317440069,105,0.08882
ROSEUSDT,BUY,LIMIT,1701317477027,29111,0.08891
ROSEUSDT,BUY,LIMIT,1701317506461,12042,0.08903
ROSEUSDT,BUY,LIMIT,1701317547469,4675,0.08914
ROSEUSDT,BUY,LIMIT,1701317564221,119,0.08915
ROSEUSDT,BUY,LIMIT,1701317568417,24433,0.08916
ROSEUSDT,BUY,LIMIT,1701317591136,2443,0.08929
ROSEUSDT,BUY,LIMIT,1701317610315,44204,0.08933
ROSEUSDT,BUY,LIMIT,1701317611639,70000,0.08960
ROSEUSDT,BUY,LIMIT,1701317615213,294,0.08940
ROSEUSDT,BUY,LIMIT,1701317617442,195,0.08954
ROSEUSDT,BUY,LIMIT,1701317618672,1548,0.08961
ROSEUSDT,BUY,LIMIT,1701317656124,6441,0.08969
ROSEUSDT,BUY,LIMIT,1701317658146,12430,0.08971
ROSEUSDT,BUY,LIMIT,1701317662383,2215,0.08979
ROSEUSDT,SELL,LIMIT,1701332785963,2837,0.08395
ROSEUSDT,BUY,LIMIT,1701347040161,2593,0.08848
ROSEUSDT,BUY,LIMIT,1701347374832,92288,0.08899
ROSEUSDT,BUY,LIMIT,1701350568469,1125,0.08879
ROSEUSDT,BUY,LIMIT,1701351071186,540,0.08914
ROSEUSDT,BUY,LIMIT,1701351096799,370,0.08921
ROSEUSDT,BUY,LIMIT,1701358942072,1847,0.08751
ROSEUSDT,BUY,LIMIT,1701393416049,106,0.08881
ROSEUSDT,BUY,LIMIT,1701393750505,119,0.08868
ROSEUSDT,BUY,LIMIT,1701394079678,1915,0.08932
ROSEUSDT,BUY,LIMIT,1701394230267,1160,0.08958
ROSEUSDT,BUY,LIMIT,1701394237394,3464,0.08959
ROSEUSDT,BUY,LIMIT,1701394245280,23990,0.08960
ROSEUSDT,BUY,LIMIT,1701395874093,403,0.08911
ROSEUSDT,BUY,LIMIT,1701396114650,623,0.08919
ROSEUSDT,SELL,LIMIT,1701407412670,316,0.08464
ROSEUSDT,SELL,LIMIT,1701421587841,16102,0.08422
ROSEUSDT,BUY,LIMIT,1701422231817,247,0.08635
ROSEUSDT,BUY,LIMIT,1701424804305,4457,0.08714
ROSEUSDT,BUY,LIMIT,1701424821654,1727,0.08717
ROSEUSDT,SELL,LIMIT,1701433412344,36420,0.08409
ROSEUSDT,SELL,LIMIT,1701435034222,278,0.08393
ROSEUSDT,SELL,LIMIT,1701435145422,286,0.08381
ROSEUSDT,SELL,LIMIT,1701435154832,57937,0.08371
ROSEUSDT,BUY,LIMIT,1701437591090,144,0.08652
ROSEUSDT,SELL,LIMIT,1701441799471,4159,0.08452
ROSEUSDT,BUY,LIMIT,1701441842158,400,0.08596
ROSEUSDT,SELL,LIMIT,1701446366154,2270,0.08362
ROSEUSDT,SELL,LIMIT,1701446408234,159,0.08343
ROSEUSDT,SELL,LIMIT,1701446413049,348,0.08338
ROSEUSDT,SELL,LIMIT,1701446419994,24993,0.08329
ROSEUSDT,SELL,LIMIT,1701447542718,2837,0.08410
ROSEUSDT,SELL,LIMIT,1701459725539,556,0.08285
ROSEUSDT,SELL,LIMIT,1701459734599,499,0.08283
ROSEUSDT,SELL,LIMIT,1701459749271,891,0.08264
ROSEUSDT,SELL,LIMIT,1701459750519,1502,0.08260
ROSEUSDT,SELL,LIMIT,1701459753215,246,0.08256
ROSEUSDT,SELL,LIMIT,1701471397520,2864,0.08247
ROSEUSDT,SELL,LIMIT,1701471399602,5206,0.08247
ROSEUSDT,SELL,LIMIT,1701471402716,66,0.08233
ROSEUSDT,SELL,LIMIT,1701471405434,8922,0.08232
ROSEUSDT,SELL,LIMIT,1701471417507,8018,0.08220
ROSEUSDT,SELL,LIMIT,1701471419216,6716,0.08216
ROSEUSDT,SELL,LIMIT,1701471480269,9365,0.08204
ROSEUSDT,SELL,LIMIT,1701471533158,4028,0.08195
ROSEUSDT,SELL,LIMIT,1701471542164,8116,0.08189
ROSEUSDT,SELL,LIMIT,1701471544114,223,0.08187
ROSEUSDT,SELL,LIMIT,1701471690381,2051,0.08185
ROSEUSDT,SELL,LIMIT,1701471696011,155,0.08183
ROSEUSDT,SELL,LIMIT,1701471698583,353,0.08183
ROSEUSDT,SELL,LIMIT,1701471699854,806,0.08182
ROSEUSDT,SELL,LIMIT,1701471737118,2213,0.08180
ROSEUSDT,SELL,LIMIT,1701471739003,1647,0.08179
ROSEUSDT,SELL,LIMIT,1701471768122,32552,0.08175
ROSEUSDT,SELL,LIMIT,1701475306192,259,0.08173
ROSEUSDT,SELL,LIMIT,1701475315206,13877,0.08171
ROSEUSDT,SELL,LIMIT,1701475360242,11638,0.08168
ROSEUSDT,SELL,LIMIT,1701475362067,2744,0.08143
ROSEUSDT,SELL,LIMIT,1701475363366,95403,0.08099
ROSEUSDT,SELL,LIMIT,1701475369124,50000,0.08123
ROSEUSDT,SELL,LIMIT,1701475378048,2878,0.08119
ROSEUSDT,BUY,LIMIT,1701479840631,173,0.08348
ROSEUSDT,SELL,LIMIT,1701485666134,2261,0.08317
ROSEUSDT,SELL,LIMIT,1701485993682,6096,0.08317
ROSEUSDT,SELL,LIMIT,1701485995852,239,0.08182
ROSEUSDT,BUY,LIMIT,1701486003172,1502,0.08350
ROSEUSDT,SELL,LIMIT,1701486005557,1810,0.08187
ROSEUSDT,SELL,LIMIT,1701486006593,240,0.08189
ROSEUSDT,BUY,LIMIT,1701486336068,6464,0.08335
ROSEUSDT,BUY,LIMIT,1701499936783,1081,0.08475
ROSEUSDT,BUY,LIMIT,1701500799434,10773,0.08553
ROSEUSDT,BUY,LIMIT,1701500833418,1457,0.08558
ROSEUSDT,BUY,LIMIT,1701500967231,70,0.08583
ROSEUSDT,BUY,LIMIT,1701504217128,653,0.08577
ROSEUSDT,BUY,LIMIT,1701504400002,762,0.08614
ROSEUSDT,BUY,LIMIT,1701504411985,1132,0.08616
ROSEUSDT,BUY,LIMIT,1701504443294,12098,0.08626
ROSEUSDT,SELL,LIMIT,1701504549194,73,0.08565
