Symbol,Side,Order Type,Time,Quantity,Price
ROSEUSDT,SELL,LIMIT,1701065050190,65,0.08007
ROSEUSDT,SELL,LIMIT,1701066645473,294,0.07970
ROSEUSDT,SELL,LIMIT,1701067256122,2447,0.07941
ROSEUSDT,SELL,LIMIT,1701067320226,309,0.07937
ROSEUSDT,SELL,LIMIT,1701067361340,650,0.07928
ROSEUSDT,SELL,LIMIT,1701067407385,7691,0.07935
ROSEUSDT,SELL,LIMIT,1701067413607,4850,0.07917
ROSEUSDT,SELL,LIMIT,1701067437270,1389,0.07905
ROSEUSDT,SELL,LIMIT,1701067744298,6210,0.07918
ROSEUSDT,BUY,LIMIT,1701067750271,2871,0.07762
ROSEUSDT,BUY,LIMIT,1701067752336,2370,0.08076
ROSEUSDT,SELL,LIMIT,1701067793437,60240,0.07894
ROSEUSDT,SELL,LIMIT,1701067828350,2568,0.07888
ROSEUSDT,SELL,LIMIT,1701067829461,7142,0.07888
ROSEUSDT,SELL,LIMIT,1701067853068,38025,0.07965
ROSEUSDT,SELL,LIMIT,1701067861846,2277,0.07882
ROSEUSDT,SELL,LIMIT,1701067863812,5503,0.07879
ROSEUSDT,SELL,LIMIT,1701067965546,302,0.07878
ROSEUSDT,SELL,LIMIT,1701067967672,500,0.07878
ROSEUSDT,SELL,LIMIT,1701068025189,5213,0.07868
ROSEUSDT,SELL,LIMIT,1701068089245,400,0.07868
ROSEUSDT,SELL,LIMIT,1701068376260,1878,0.07849
ROSEUSDT,SELL,LIMIT,1701069555363,7419,0.07852
ROSEUSDT,SELL,LIMIT,1701069561785,14270,0.07861
ROSEUSDT,SELL,LIMIT,1701069572045,1997,0.07845
ROSEUSDT,SELL,LIMIT,1701069734340,2857,0.07843
ROSEUSDT,SELL,LIMIT,1701069795705,539,0.07841
ROSEUSDT,SELL,LIMIT,1701069797273,105429,0.07796
ROSEUSDT,SELL,LIMIT,1701069805158,17195,0.07828
ROSEUSDT,SELL,LIMIT,1701069811332,1274,0.07836
ROSEUSDT,SELL,LIMIT,1701069856518,5280,0.07819
ROSEUSDT,SELL,LIMIT,1701069860007,2916,0.07817
ROSEUSDT,SELL,LIMIT,1701069861518,245,0.07815
ROSEUSDT,SELL,LIMIT,1701069880344,74867,0.07795
ROSEUSDT,SELL,LIMIT,1701069885204,75477,0.07791
ROSEUSDT,SELL,LIMIT,1701069915828,12712,0.07806
ROSEUSDT,SELL,LIMIT,1701070174167,419,0.07819
ROSEUSDT,SELL,LIMIT,1701070435611,18135,0.07802
ROSEUSDT,SELL,LIMIT,1701070441222,3552,0.07791
ROSEUSDT,SELL,LIMIT,1701074548295,101,0.07786
ROSEUSDT,SELL,LIMIT,1701074558517,1090,0.07777
ROSEUSDT,SELL,LIMIT,1701074597746,542,0.07773
ROSEUSDT,SELL,LIMIT,1701074603607,60803,0.07772
ROSEUSDT,SELL,LIMIT,1701074605109,250,0.07761
ROSEUSDT,SELL,LIMIT,1701074606132,10898,0.07754
ROSEUSDT,SELL,LIMIT,1701074618668,2487,0.07744
ROSEUSDT,SELL,LIMIT,1701074620726,298,0.07744
ROSEUSDT,SELL,LIMIT,1701074670566,1544,0.07737
ROSEUSDT,SELL,LIMIT,1701074721801,768,0.07735
ROSEUSDT,SELL,LIMIT,1701074724673,1107,0.07734
ROSEUSDT,SELL,LIMIT,1701074745814,132,0.07732
ROSEUSDT,SELL,LIMIT,1701074749154,84,0.07730
ROSEUSDT,SELL,LIMIT,1701074753649,243,0.07722
ROSEUSDT,SELL,LIMIT,1701074755063,6789,0.07701
ROSEUSDT,SELL,LIMIT,1701074759769,3217,0.07687
ROSEUSDT,SELL,LIMIT,1701074870536,10588,0.07684
ROSEUSDT,SELL,LIMIT,1701074887136,74,0.07683
ROSEUSDT,SELL,LIMIT,1701074911428,16262,0.07670
ROSEUSDT,SELL,LIMIT,1701074918719,17348,0.07665
ROSEUSDT,SELL,LIMIT,1701080765676,15267,0.07678
ROSEUSDT,SELL,LIMIT,1701080784445,244,0.07671
ROSEUSDT,SELL,LIMIT,1701081080450,155,0.07657
ROSEUSDT,SELL,LIMIT,1701081114719,995,0.07654
ROSEUSDT,SELL,LIMIT,1701081132013,2662,0.07650
ROSEUSDT,SELL,LIMIT,1701081194822,1225,0.07642
ROSEUSDT,SELL,LIMIT,1701081195911,7332,0.07638
ROSEUSDT,SELL,LIMIT,1701081203497,3364,0.07633
ROSEUSDT,SELL,LIMIT,1701081204601,72,0.07613
ROSEUSDT,SELL,LIMIT,1701081206066,4082,0.07600
ROSEUSDT,SELL,LIMIT,1701081207312,1347,0.07602
ROSEUSDT,SELL,LIMIT,1701081220479,66,0.07599
ROSEUSDT,SELL,LIMIT,1701081255013,2500,0.07605
ROSEUSDT,SELL,LIMIT,1701081256642,2558,0.07596
ROSEUSDT,SELL,LIMIT,1701081258177,15132,0.07593
ROSEUSDT,SELL,LIMIT,1701082654425,5068,0.07620
ROSEUSDT,SELL,LIMIT,1701082726687,73,0.07607
ROSEUSDT,SELL,LIMIT,1701093116581,4096,0.07718
ROSEUSDT,SELL,LIMIT,1701093648623,45717,0.07801
ROSEUSDT,SELL,LIMIT,1701097094008,1224,0.07639
ROSEUSDT,SELL,LIMIT,1701100994078,19602,0.07786
ROSEUSDT,SELL,LIMIT,1701101047759,32,0.25592
ROSEUSDT,SELL,LIMIT,1701101060143,2456,0.07754
ROSEUSDT,SELL,LIMIT,1701101140921,3674,0.07754
ROSEUSDT,SELL,LIMIT,1701103047455,1307,0.07703
ROSEUSDT,SELL,LIMIT,1701111236187,1154,0.07822
ROSEUSDT,SELL,LIMIT,1701113288480,6175,0.07829
ROSEUSDT,SELL,LIMIT,1701114163822,226,0.07757
ROSEUSDT,SELL,LIMIT,1701114368763,112,0.07733
ROSEUSDT,BUY,LIMIT,1701125708222,6464,0.08062
ROSEUSDT,BUY,LIMIT,1701126151065,51779,0.08110
ROSEUSDT,BUY,LIMIT,1701126260313,496,0.08150
ROSEUSDT,BUY,LIMIT,1701126288909,3037,0.08163
ROSEUSDT,BUY,LIMIT,1701126294246,26746,0.08172
ROSEUSDT,BUY,LIMIT,1701126359959,8290,0.08186
ROSEUSDT,BUY,LIMIT,1701127340354,316,0.08203
ROSEUSDT,BUY,LIMIT,1701127366208,130,0.08211
ROSEUSDT,BUY,LIMIT,1701127434598,3172,0.08223
ROSEUSDT,BUY,LIMIT,1701127481299,7854,0.08229
ROSEUSDT,BUY,LIMIT,1701128208729,9987,0.08229
ROSEUSDT,BUY,LIMIT,1701128211571,72,0.08232
ROSEUSDT,BUY,LIMIT,1701128374968,6682,0.08284
ROSEUSDT,BUY,LIMIT,1701131094715,7416,0.08303
ROSEUSDT,BUY,LIMIT,1701131455918,4723,0.08355
ROSEUSDT,BUY,LIMIT,1701131818392,248668,0.08470
ROSEUSDT,BUY,LIMIT,1701131835438,800,0.08381
ROSEUSDT,BUY,LIMIT,1701131868204,2599,0.08389
ROSEUSDT,BUY,LIMIT,1701131893683,1149,0.08391
ROSEUSDT,BUY,LIMIT,1701134303922,19317,0.08364
ROSEUSDT,BUY,LIMIT,1701139473035,28258,0.08458
ROSEUSDT,BUY,LIMIT,1701139477526,2622,0.08460
ROSEUSDT,BUY,LIMIT,1701139608825,218,0.08461
ROSEUSDT,BUY,LIMIT,1701139628452,1223,0.08464
ROSEUSDT,BUY,LIMIT,1701139672383,5569,0.08467
ROSEUSDT,BUY,LIMIT,1701139699244,2549,0.08471
ROSEUSDT,SELL,LIMIT,1701148047626,929,0.08063
ROSEUSDT,SELL,LIMIT,1701148159636,2115,0.08035
ROSEUSDT,SELL,LIMIT,1701149842339,2434,0.07987
ROSEUSDT,SELL,LIMIT,1701156542794,836,0.07988
ROSEUSDT,SELL,LIMIT,1701156562590,3696,0.08003
ROSEUSDT,SELL,LIMIT,1701157593954,17987,0.07938
ROSEUSDT,SELL,LIMIT,1701157692010,75089,0.07909
ROSEUSDT,SELL,LIMIT,1701159074783,465,0.07917
ROSEUSDT,SELL,LIMIT,1701159414749,269,0.07895
ROSEUSDT,SELL,LIMIT,1701159448655,3629,0.07891
ROSEUSDT,SELL,LIMIT,1701159465352,12049,0.07888
ROSEUSDT,BUY,LIMIT,1701169811239,18091,0.08330
ROSEUSDT,BUY,LIMIT,1701169823034,1249,0.08331
ROSEUSDT,BUY,LIMIT,1701170000600,11002,0.08354
ROSEUSDT,BUY,LIMIT,1701171195942,16072,0.08379
ROSEUSDT,BUY,LIMIT,1701171602191,314,0.08385
ROSEUSDT,BUY,LIMIT,1701172267125,163,0.08421
ROSEUSDT,BUY,LIMIT,1701172285921,63,0.08427
ROSEUSDT,BUY,LIMIT,1701172297014,64,0.08432
ROSEUSDT,BUY,LIMIT,1701178669508,49554,0.08469
ROSEUSDT,BUY,LIMIT,1701178856494,517,0.08489
ROSEUSDT,BUY,LIMIT,1701178882363,182,0.08507
ROSEUSDT,BUY,LIMIT,1701178887468,351,0.08511
ROSEUSDT,BUY,LIMIT,1701179030368,3963,0.08514
ROSEUSDT,BUY,LIMIT,1701179081402,1839,0.08518
ROSEUSDT,BUY,LIMIT,1701179101223,195,0.08525
ROSEUSDT,BUY,LIMIT,1701179587232,30561,0.08529
ROSEUSDT,BUY,LIMIT,1701179589905,12893,0.08532
ROSEUSDT,BUY,LIMIT,1701179599849,2424,0.08537
ROSEUSDT,BUY,LIMIT,1701179609726,4056,0.08540
ROSEUSDT,BUY,LIMIT,1701179614437,202,0.08544
ROSEUSDT,BUY,LIMIT,1701179616224,29586,0.08547
ROSEUSDT,BUY,LIMIT,1701179618572,76,0.08547
ROSEUSDT,BUY,LIMIT,1701179625978,2661,0.08554
