Symbol,Side,Order Type,Time,Quantity,Price
ROSEUSDT,SELL,LIMIT,1701918684920,143,0.08105
ROSEUSDT,SELL,LIMIT,1701939972965,5752,0.07921
ROSEUSDT,SELL,LIMIT,1701941027073,90792,0.07797
ROSEUSDT,SELL,LIMIT,1701941049386,37925,0.07823
ROSEUSDT,SELL,LIMIT,1701941112743,12346,0.07795
ROSEUSDT,SELL,LIMIT,1701941158474,7220,0.07785
ROSEUSDT,SELL,LIMIT,1701941182212,564,0.07779
ROSEUSDT,SELL,LIMIT,1701941185497,180,0.07777
ROSEUSDT,SELL,LIMIT,1701941186587,806,0.07776
ROSEUSDT,SELL,LIMIT,1701941192250,3564,0.07763
ROSEUSDT,SELL,LIMIT,1701941207196,501,0.07754
ROSEUSDT,SELL,LIMIT,1701941239804,32400,0.07749
ROSEUSDT,BUY,LIMIT,1701959775156,263,0.08138
ROSEUSDT,BUY,LIMIT,1701962699973,14743,0.08237
ROSEUSDT,BUY,LIMIT,1701962722713,58362,0.08269
ROSEUSDT,BUY,LIMIT,1701962733410,586,0.08291
ROSEUSDT,BUY,LIMIT,1701962738128,15774,0.08297
ROSEUSDT,BUY,LIMIT,1701962740758,1892,0.08308
ROSEUSDT,BUY,LIMIT,1701962774191,3125,0.08320
ROSEUSDT,BUY,LIMIT,1701962777421,1884,0.08323
ROSEUSDT,BUY,LIMIT,1701962778491,62445,0.08325
ROSEUSDT,SELL,LIMIT,1701964405179,1532,0.08127
ROSEUSDT,BUY,LIMIT,1701966328320,3161,0.08378
ROSEUSDT,SELL,LIMIT,1701966813890,450,0.08265
ROSEUSDT,BUY,LIMIT,1701970200798,1440,0.08393
ROSEUSDT,SELL,LIMIT,1701978226469,61,0.07953
ROSEUSDT,BUY,LIMIT,1702007154541,341,0.08348
ROSEUSDT,BUY,LIMIT,1702007766854,21906,0.08392
ROSEUSDT,BUY,LIMIT,1702007793300,14081,0.08405
ROSEUSDT,SELL,LIMIT,1702009796136,120,0.09700
ROSEUSDT,SELL,LIMIT,1702011922108,189,0.08189
ROSEUSDT,SELL,LIMIT,1702013765397,5059,0.08204
ROSEUSDT,BUY,LIMIT,1702016741296,631,0.08437
ROSEUSDT,BUY,LIMIT,1702032245299,558,0.08396
ROSEUSDT,BUY,LIMIT,1702034907513,1441,0.08454
ROSEUSDT,BUY,LIMIT,1702035162907,110,0.08480
ROSEUSDT,BUY,LIMIT,1702035296501,1111,0.08504
ROSEUSDT,BUY,LIMIT,1702035356543,28099,0.08532
ROSEUSDT,BUY,LIMIT,1702035370134,10648,0.08551
ROSEUSDT,BUY,LIMIT,1702035371431,16762,0.08557
ROSEUSDT,BUY,LIMIT,1702035397426,192,0.08570
ROSEUSDT,BUY,LIMIT,1702037874451,6023,0.08590
ROSEUSDT,BUY,LIMIT,1702045156182,3618,0.08607
ROSEUSDT,BUY,LIMIT,1702045211084,2433,0.08625
ROSEUSDT,BUY,LIMIT,1702045218103,3257,0.08630
ROSEUSDT,BUY,LIMIT,1702045227236,116555,0.08700
ROSEUSDT,BUY,LIMIT,1702045229051,271,0.08639
ROSEUSDT,BUY,LIMIT,1702046041922,630,0.08648
ROSEUSDT,BUY,LIMIT,1702047038240,21285,0.08658
ROSEUSDT,BUY,LIMIT,1702047042801,100,0.08659
ROSEUSDT,BUY,LIMIT,1702047818202,2759,0.08688
ROSEUSDT,BUY,LIMIT,1702048107165,308,0.08701
ROSEUSDT,BUY,LIMIT,1702048184468,717,0.08711
ROSEUSDT,BUY,LIMIT,1702048190106,12187,0.08713
ROSEUSDT,BUY,LIMIT,1702048377833,75,0.08722
ROSEUSDT,BUY,LIMIT,1702053523492,305,0.08648
ROSEUSDT,BUY,LIMIT,1702053719350,98,0.08657
ROSEUSDT,BUY,LIMIT,1702066009962,15176,0.08565
ROSEUSDT,BUY,LIMIT,1702078548839,5257,0.08684
ROSEUSDT,BUY,LIMIT,1702080256653,1167,0.08708
ROSEUSDT,BUY,LIMIT,1702080317072,7396,0.08722
ROSEUSDT,BUY,LIMIT,1702080563885,6403,0.08769
ROSEUSDT,BUY,LIMIT,1702080710395,2175,0.08782
ROSEUSDT,BUY,LIMIT,1702080768623,73623,0.08809
ROSEUSDT,SELL,LIMIT,1702080849041,3834,0.08599
ROSEUSDT,BUY,LIMIT,1702081788847,3193,0.08796
ROSEUSDT,BUY,LIMIT,1702081836570,20655,0.08808
ROSEUSDT,BUY,LIMIT,1702082599259,1450,0.08821
ROSEUSDT,SELL,LIMIT,1702083647472,56413,0.08629
ROSEUSDT,BUY,LIMIT,1702087628821,2412,0.08735
ROSEUSDT,BUY,LIMIT,1702091747774,839,0.08851
ROSEUSDT,BUY,LIMIT,1702098151996,812,0.08852
ROSEUSDT,BUY,LIMIT,1702104911074,1400,0.08856
ROSEUSDT,BUY,LIMIT,1702107148042,1327,0.08827
ROSEUSDT,BUY,LIMIT,1702107926616,2362,0.08882
ROSEUSDT,BUY,LIMIT,1702108045960,164,0.08894
ROSEUSDT,BUY,LIMIT,1702108104306,519,0.08894
ROSEUSDT,BUY,LIMIT,1702108319063,10732,0.08909
ROSEUSDT,BUY,LIMIT,1702108567482,686,0.08913
ROSEUSDT,BUY,LIMIT,1702108710728,59336,0.08903
ROSEUSDT,BUY,LIMIT,1702108887461,772,0.08923
ROSEUSDT,BUY,LIMIT,1702109005069,7147,0.08943
ROSEUSDT,BUY,LIMIT,1702109105091,1026,0.08957
ROSEUSDT,BUY,LIMIT,1702109231641,19256,0.08973
ROSEUSDT,BUY,LIMIT,1702109284299,9332,0.08977
ROSEUSDT,BUY,LIMIT,1702109318428,104,0.08985
ROSEUSDT,BUY,LIMIT,1702109364558,46744,0.08992
ROSEUSDT,BUY,LIMIT,1702109513305,72,0.09025
ROSEUSDT,BUY,LIMIT,1702109516752,9988,0.09030
ROSEUSDT,BUY,LIMIT,1702109768133,10412,0.09005
ROSEUSDT,SELL,LIMIT,1702110727457,519,0.08803
ROSEUSDT,SELL,LIMIT,1702111035735,120,0.08613
ROSEUSDT,SELL,LIMIT,1702111044731,1120,0.08569
ROSEUSDT,SELL,LIMIT,1702111378271,10549,0.08564
ROSEUSDT,SELL,LIMIT,1702111385794,1857,0.08550
ROSEUSDT,SELL,LIMIT,1702111387791,2932,0.08569
ROSEUSDT,SELL,LIMIT,1702132995296,2694,0.08509
ROSEUSDT,SELL,LIMIT,1702133002232,28296,0.08485
ROSEUSDT,SELL,LIMIT,1702134938161,115,0.08483
ROSEUSDT,SELL,LIMIT,1702139115552,14101,0.08548
ROSEUSDT,SELL,LIMIT,1702141847073,22821,0.08454
ROSEUSDT,SELL,LIMIT,1702141855427,16398,0.08428
ROSEUSDT,BUY,LIMIT,1702142237436,854,0.08604
ROSEUSDT,BUY,LIMIT,1702157834608,305,0.08709
ROSEUSDT,SELL,LIMIT,1702164674161,1000,0.08436
ROSEUSDT,SELL,LIMIT,1702164687314,1144,0.08431
ROSEUSDT,SELL,LIMIT,1702164715397,1753,0.08410
ROSEUSDT,SELL,LIMIT,1702164758309,17042,0.08393
ROSEUSDT,SELL,LIMIT,1702164799785,338,0.08393
ROSEUSDT,SELL,LIMIT,1702164803629,1178,0.08377
ROSEUSDT,SELL,LIMIT,1702164806443,6057,0.08377
ROSEUSDT,SELL,LIMIT,1702164810295,14322,0.08344
ROSEUSDT,SELL,LIMIT,1702164813514,1785,0.08336
ROSEUSDT,SELL,LIMIT,1702200939090,5535,0.08348
ROSEUSDT,SELL,LIMIT,1702201477761,3570,0.08316
ROSEUSDT,SELL,LIMIT,1702202158515,65875,0.08294
ROSEUSDT,SELL,LIMIT,1702202253402,577,0.08296
ROSEUSDT,SELL,LIMIT,1702202271293,127,0.08294
ROSEUSDT,SELL,LIMIT,1702202275722,290,0.08291
ROSEUSDT,SELL,LIMIT,1702202286588,2480,0.08291
ROSEUSDT,SELL,LIMIT,1702202289886,5740,0.08288
ROSEUSDT,SELL,LIMIT,1702202294544,124,0.08284
ROSEUSDT,SELL,LIMIT,1702202295903,1492,0.08285
ROSEUSDT,SELL,LIMIT,1702202318310,2072,0.08281
ROSEUSDT,SELL,LIMIT,1702202380362,112,0.08270
ROSEUSDT,SELL,LIMIT,1702202403297,3434,0.08260
ROSEUSDT,SELL,LIMIT,1702202500444,2897,0.08247
ROSEUSDT,SELL,LIMIT,1702230793515,4519,0.08245
ROSEUSDT,BUY,LIMIT,1702239850041,71,0.08679
ROSEUSDT,BUY,LIMIT,1702240682354,29868,0.08704
ROSEUSDT,BUY,LIMIT,1702241059365,13017,0.08741
ROSEUSDT,BUY,LIMIT,1702241749182,55017,0.08773
ROSEUSDT,SELL,LIMIT,1702256432983,3240,0.08329
ROSEUSDT,SELL,LIMIT,1702256455355,13412,0.08306
ROSEUSDT,SELL,LIMIT,1702256620301,1149,0.08253
ROSEUSDT,SELL,LIMIT,1702256873140,1155,0.08246
ROSEUSDT,SELL,LIMIT,1702256886360,70,0.08243
ROSEUSDT,SELL,LIMIT,1702256887543,4074,0.08242
ROSEUSDT,SELL,LIMIT,1702256908423,254,0.08239
ROSEUSDT,SELL,LIMIT,1702256910231,407,0.08236
ROSEUSDT,SELL,LIMIT,1702256912563,2302,0.08234
ROSEUSDT,SELL,LIMIT,1702256919101,1056,0.08220
ROSEUSDT,SELL,LIMIT,1702257008229,8957,0.08197
ROSEUSDT,SELL,LIMIT,1702260285095,642,0.08241
ROSEUSDT,SELL,LIMIT,1702260431752,77,0.08188
ROSEUSDT,SELL,LIMIT,1702260437623,3485,0.08180
ROSEUSDT,SELL,LIMIT,1702260440376,2427,0.08173
ROSEUSDT,SELL,LIMIT,1702260443403,92539,0.08121
ROSEUSDT,SELL,LIMIT,1702260629459,14819,0.08151
ROSEUSDT,SELL,LIMIT,1702260634455,955,0.08139
ROSEUSDT,SELL,LIMIT,1702260635512,1154,0.08129
ROSEUSDT,SELL,LIMIT,1702260636720,398,0.08128
ROSEUSDT,SELL,LIMIT,1702260667114,12073,0.08123
ROSEUSDT,SELL,LIMIT,1702260668172,1171,0.08114
ROSEUSDT,SELL,LIMIT,1702260670125,1165,0.08107
ROSEUSDT,SELL,LIMIT,1702260674085,4672,0.08106
ROSEUSDT,SELL,LIMIT,1702260689077,604,0.08093
ROSEUSDT,SELL,LIMIT,1702260695603,42267,0.08085
ROSEUSDT,SELL,LIMIT,1702260698658,1031,0.08070
ROSEUSDT,SELL,LIMIT,1702260699728,3154,0.08071
ROSEUSDT,SELL,LIMIT,1702260701044,385,0.08066
ROSEUSDT,SELL,LIMIT,1702260707914,46348,0.08057
ROSEUSDT,SELL,LIMIT,1702260708914,13565,0.08051
ROSEUSDT,SELL,LIMIT,1702260710227,12758,0.08053
ROSEUSDT,SELL,LIMIT,1702260711261,16887,0.08054
ROSEUSDT,SELL,LIMIT,1702260713044,73327,0.08021
ROSEUSDT,SELL,LIMIT,1702260714254,1195,0.08032
ROSEUSDT,SELL,LIMIT,1702260715347,14850,0.08033
ROSEUSDT,SELL,LIMIT,1702260718390,108860,0.08019
ROSEUSDT,SELL,LIMIT,1702260721018,11211,0.08035
ROSEUSDT,SELL,LIMIT,1702260722628,1240,0.08028
ROSEUSDT,SELL,LIMIT,1702260723860,7858,0.08029
ROSEUSDT,SELL,LIMIT,1702260726841,6761,0.08020
ROSEUSDT,SELL,LIMIT,1702260728624,920,0.08018
ROSEUSDT,SELL,LIMIT,1702260730224,17395,0.07996
ROSEUSDT,SELL,LIMIT,1702260731492,5000,0.07985
ROSEUSDT,SELL,LIMIT,1702260732634,30808,0.07981
ROSEUSDT,SELL,LIMIT,1702260733888,288,0.07958
ROSEUSDT,SELL,LIMIT,1702260736426,2625,0.07956
ROSEUSDT,SELL,LIMIT,1702260737453,116,0.07952
ROSEUSDT,SELL,LIMIT,1702260739192,2475,0.07942
ROSEUSDT,SELL,LIMIT,1702260741114,187,0.07944
ROSEUSDT,SELL,LIMIT,1702260742221,461,0.07938
ROSEUSDT,SELL,LIMIT,1702260743486,60,0.07939
ROSEUSDT,SELL,LIMIT,1702260745117,5703,0.07937
ROSEUSDT,SELL,LIMIT,1702260746418,1176,0.07929
ROSEUSDT,SELL,LIMIT,1702260748502,2219,0.07922
ROSEUSDT,SELL,LIMIT,1702260749723,11527,0.07921
ROSEUSDT,SELL,LIMIT,1702260751434,2219,0.07895
ROSEUSDT,SELL,LIMIT,1702260752642,15250,0.07905
ROSEUSDT,SELL,LIMIT,1702260755146,3820,0.07897
ROSEUSDT,SELL,LIMIT,1702260756254,9557,0.07897
ROSEUSDT,SELL,LIMIT,1702260757554,627,0.07889
ROSEUSDT,SELL,LIMIT,1702260758634,2219,0.07861
ROSEUSDT,SELL,LIMIT,1702260759838,3251,0.07861
ROSEUSDT,SELL,LIMIT,1702260760868,117,0.07845
ROSEUSDT,SELL,LIMIT,1702260762145,1173,0.07845
ROSEUSDT,SELL,LIMIT,1702260763172,2359,0.07828
ROSEUSDT,SELL,LIMIT,1702260764754,117,0.07833
ROSEUSDT,SELL,LIMIT,1702260765833,165661,0.07759
ROSEUSDT,SELL,LIMIT,1702260766816,577,0.07810
ROSEUSDT,SELL,LIMIT,1702260767883,117,0.07800
ROSEUSDT,SELL,LIMIT,1702260769679,3540,0.07788
ROSEUSDT,SELL,LIMIT,1702260770886,135,0.07787
ROSEUSDT,SELL,LIMIT,1702260772105,70,0.07788
ROSEUSDT,SELL,LIMIT,1702260773183,327,0.07785
ROSEUSDT,SELL,LIMIT,1702260774441,2511,0.07779
ROSEUSDT,SELL,LIMIT,1702260775480,117,0.07773
ROSEUSDT,SELL,LIMIT,1702260776917,117,0.07774
ROSEUSDT,SELL,LIMIT,1702260778028,651,0.07741
ROSEUSDT,SELL,LIMIT,1702260779111,18268,0.07739
ROSEUSDT,SELL,LIMIT,1702260780236,6381,0.07718
ROSEUSDT,SELL,LIMIT,1702260781419,21807,0.07729
ROSEUSDT,SELL,LIMIT,1702260782502,4672,0.07697
ROSEUSDT,SELL,LIMIT,1702260783491,84,0.07695
ROSEUSDT,SELL,LIMIT,1702260784761,6016,0.07704
ROSEUSDT,SELL,LIMIT,1702260786293,568,0.07697
ROSEUSDT,SELL,LIMIT,1702260787441,2219,0.07694
ROSEUSDT,SELL,LIMIT,1702260788540,21008,0.07687
ROSEUSDT,SELL,LIMIT,1702260789646,174,0.07687
ROSEUSDT,SELL,LIMIT,1702260791007,28527,0.07687
ROSEUSDT,SELL,LIMIT,1702260792361,8286,0.07682
ROSEUSDT,SELL,LIMIT,1702260793435,1412,0.07659
ROSEUSDT,SELL,LIMIT,1702260794492,253,0.07658
ROSEUSDT,SELL,LIMIT,1702260795880,12048,0.07655
ROSEUSDT,SELL,LIMIT,1702260797024,1189,0.07641
ROSEUSDT,SELL,LIMIT,1702260798217,3262,0.07641
ROSEUSDT,SELL,LIMIT,1702260799695,59,0.07645
ROSEUSDT,SELL,LIMIT,1702260800722,122230,0.07644
ROSEUSDT,SELL,LIMIT,1702260802216,3021,0.07626
ROSEUSDT,SELL,LIMIT,1702260803396,2258,0.07614
ROSEUSDT,SELL,LIMIT,1702260804796,5763,0.07603
ROSEUSDT,SELL,LIMIT,1702260805820,1115,0.07603
ROSEUSDT,SELL,LIMIT,1702260806901,605,0.07601
ROSEUSDT,SELL,LIMIT,1702260807907,63,0.07538
ROSEUSDT,SELL,LIMIT,1702260808957,6985,0.07544
ROSEUSDT,SELL,LIMIT,1702260810148,6804,0.07538
ROSEUSDT,SELL,LIMIT,1702260811166,831,0.07531
ROSEUSDT,SELL,LIMIT,1702260812434,1223,0.07516
ROSEUSDT,SELL,LIMIT,1702260813536,19000,0.07512
ROSEUSDT,SELL,LIMIT,1702260814617,7776,0.07500
ROSEUSDT,SELL,LIMIT,1702260817267,14072,0.07504
ROSEUSDT,SELL,LIMIT,1702260818280,61,0.07530
ROSEUSDT,SELL,LIMIT,1702260819376,1004,0.07487
ROSEUSDT,SELL,LIMIT,1702260820822,59,0.07490
ROSEUSDT,SELL,LIMIT,1702260823708,12001,0.07507
ROSEUSDT,SELL,LIMIT,1702260824712,1048,0.07474
ROSEUSDT,SELL,LIMIT,1702260834489,2463,0.07466
ROSEUSDT,SELL,LIMIT,1702260886117,2933,0.07636
