Symbol,Side,Order Type,Time,Quantity,Price
RSRUSDT,BUY,LIMIT,1701923499570,3257,0.003008
RSRUSDT,BUY,LIMIT,1701923859227,9180,0.003019
RSRUSDT,BUY,LIMIT,1701923984419,7646,0.003028
RSRUSDT,BUY,LIMIT,1701932741855,12134,0.003033
RSRUSDT,BUY,LIMIT,1701933392420,96002,0.003037
RSRUSDT,BUY,LIMIT,1701933885181,1836,0.003040
RSRUSDT,BUY,LIMIT,1701933959075,338872,0.003046
RSRUSDT,SELL,LIMIT,1701939438551,114079,0.002868
RSRUSDT,SELL,LIMIT,1701941176529,147618,0.002805
RSRUSDT,SELL,LIMIT,1701941187413,34699,0.002804
RSRUSDT,SELL,LIMIT,1701941189286,280864,0.002801
RSRUSDT,SELL,LIMIT,1701941241388,38041,0.002796
RSRUSDT,BUY,LIMIT,1701959764465,170720,0.003011
RSRUSDT,BUY,LIMIT,1701962884415,2007,0.003036
RSRUSDT,SELL,LIMIT,1701977165487,17678,0.002920
RSRUSDT,BUY,LIMIT,1701984758238,8690,0.003066
RSRUSDT,BUY,LIMIT,1701985130764,61633,0.003072
RSRUSDT,BUY,LIMIT,1702007154541,9336,0.003101
RSRUSDT,SELL,LIMIT,1702007329610,20147,0.002977
RSRUSDT,BUY,LIMIT,1702016035916,4073,0.003124
RSRUSDT,BUY,LIMIT,1702035420150,13360,0.003145
RSRUSDT,BUY,LIMIT,1702035421410,6680,0.003145
RSRUSDT,BUY,LIMIT,1702035465290,567625,0.003149
RSRUSDT,BUY,LIMIT,1702042985337,2519,0.003119
RSRUSDT,BUY,LIMIT,1702048058031,6653,0.003157
RSRUSDT,BUY,LIMIT,1702051501763,32940,0.003167
RSRUSDT,BUY,LIMIT,1702051512922,5000,0.003168
RSRUSDT,BUY,LIMIT,1702051903142,1732,0.003165
RSRUSDT,BUY,LIMIT,1702052530227,25220,0.003168
RSRUSDT,BUY,LIMIT,1702053732469,3282,0.003157
RSRUSDT,BUY,LIMIT,1702061089268,1711,0.003136
RSRUSDT,BUY,LIMIT,1702069078918,16226,0.003175
RSRUSDT,BUY,LIMIT,1702070611297,6038,0.003163
RSRUSDT,SELL,LIMIT,1702070682419,26205,0.003042
RSRUSDT,BUY,LIMIT,1702080420734,58908,0.003175
RSRUSDT,BUY,LIMIT,1702080711214,32873,0.003197
RSRUSDT,BUY,LIMIT,1702082312316,503226,0.003211
RSRUSDT,BUY,LIMIT,1702082314308,1297752,0.003213
RSRUSDT,BUY,LIMIT,1702083236623,13664,0.003219
RSRUSDT,BUY,LIMIT,1702092200421,1734390,0.003208
RSRUSDT,BUY,LIMIT,1702093360445,225471,0.003229
RSRUSDT,BUY,LIMIT,1702093412554,2447,0.003231
RSRUSDT,BUY,LIMIT,1702093435681,17058,0.003234
RSRUSDT,SELL,LIMIT,1702093483867,507425,0.003110
RSRUSDT,BUY,LIMIT,1702097212156,17500,0.003207
RSRUSDT,BUY,LIMIT,1702103085722,16151,0.003202
RSRUSDT,BUY,LIMIT,1702103197638,16807,0.003208
RSRUSDT,BUY,LIMIT,1702107530173,13976,0.003201
RSRUSDT,BUY,LIMIT,1702108972030,18262,0.003229
RSRUSDT,BUY,LIMIT,1702109776976,16469,0.003237
RSRUSDT,SELL,LIMIT,1702111044526,56129,0.003015
RSRUSDT,SELL,LIMIT,1702111375946,15718,0.003007
RSRUSDT,SELL,LIMIT,1702111381279,3205,0.002999
RSRUSDT,BUY,LIMIT,1702129577204,673940,0.003222
RSRUSDT,BUY,LIMIT,1702130164552,22522,0.003236
RSRUSDT,BUY,LIMIT,1702130364087,45,0.003253
RSRUSDT,BUY,LIMIT,1702130433230,74204,0.003265
RSRUSDT,BUY,LIMIT,1702130531973,493478,0.003270
RSRUSDT,BUY,LIMIT,1702130934316,37717,0.003277
RSRUSDT,SELL,LIMIT,1702133001654,140855,0.003073
RSRUSDT,SELL,LIMIT,1702133005718,111282,0.003062
RSRUSDT,SELL,LIMIT,1702141843382,19078,0.003053
RSRUSDT,SELL,LIMIT,1702141847357,80403,0.003042
RSRUSDT,SELL,LIMIT,1702145044299,8204,0.003033
RSRUSDT,SELL,LIMIT,1702162318338,31377,0.003028
RSRUSDT,SELL,LIMIT,1702162680307,5090,0.003019
RSRUSDT,SELL,LIMIT,1702164147412,1381361,0.003015
RSRUSDT,SELL,LIMIT,1702164434022,162972,0.003000
RSRUSDT,SELL,LIMIT,1702164533897,318202,0.002996
RSRUSDT,SELL,LIMIT,1702164547490,206579,0.002985
RSRUSDT,SELL,LIMIT,1702164739518,148560,0.002984
RSRUSDT,SELL,LIMIT,1702164747214,2132823,0.002976
RSRUSDT,SELL,LIMIT,1702164748307,17014,0.002977
RSRUSDT,SELL,LIMIT,1702164796987,1626,0.002967
RSRUSDT,SELL,LIMIT,1702164800543,12520,0.002964
RSRUSDT,SELL,LIMIT,1702164801992,12373,0.002961
RSRUSDT,SELL,LIMIT,1702164805334,6938,0.002956
RSRUSDT,SELL,LIMIT,1702164806642,291639,0.002957
RSRUSDT,SELL,LIMIT,1702164807742,2562567,0.002941
RSRUSDT,SELL,LIMIT,1702164811608,101279,0.002946
RSRUSDT,SELL,LIMIT,1702196330453,1769,0.002960
RSRUSDT,SELL,LIMIT,1702197031963,7021,0.002943
RSRUSDT,SELL,LIMIT,1702200321532,772869,0.002921
RSRUSDT,SELL,LIMIT,1702200323686,9706,0.002920
RSRUSDT,SELL,LIMIT,1702200325125,2683,0.002919
RSRUSDT,SELL,LIMIT,1702200762202,60000,0.002914
RSRUSDT,SELL,LIMIT,1702200764721,5294,0.002913
RSRUSDT,SELL,LIMIT,1702200766011,503461,0.002912
RSRUSDT,SELL,LIMIT,1702201409428,511129,0.002906
RSRUSDT,SELL,LIMIT,1702201476411,141557,0.002905
RSRUSDT,SELL,LIMIT,1702202157133,16015,0.002901
RSRUSDT,SELL,LIMIT,1702202272618,333080,0.002889
RSRUSDT,SELL,LIMIT,1702202275571,17923,0.002886
RSRUSDT,SELL,LIMIT,1702202277492,965155,0.002881
RSRUSDT,SELL,LIMIT,1702202379240,687521,0.002875
RSRUSDT,BUY,LIMIT,1702222858938,17986,0.003028
RSRUSDT,SELL,LIMIT,1702230104291,471,0.002870
RSRUSDT,BUY,LIMIT,1702240459922,84064,0.003032
RSRUSDT,BUY,LIMIT,1702241903683,14782,0.003064
RSRUSDT,SELL,LIMIT,1702256501254,1667778,0.002880
RSRUSDT,SELL,LIMIT,1702256502518,50016,0.002879
RSRUSDT,SELL,LIMIT,1702256612302,37320,0.002873
RSRUSDT,SELL,LIMIT,1702256717386,33320,0.002866
RSRUSDT,SELL,LIMIT,1702256729106,2458827,0.002856
RSRUSDT,SELL,LIMIT,1702256873121,167668,0.002859
RSRUSDT,SELL,LIMIT,1702256912191,6115428,0.002841
RSRUSDT,SELL,LIMIT,1702256914092,674399,0.002850
RSRUSDT,SELL,LIMIT,1702256974372,8257,0.002847
RSRUSDT,SELL,LIMIT,1702256987313,7223,0.002842
RSRUSDT,SELL,LIMIT,1702256992627,10190,0.002839
RSRUSDT,SELL,LIMIT,1702260445257,28089,0.002830
RSRUSDT,SELL,LIMIT,1702260628832,110162,0.002827
RSRUSDT,SELL,LIMIT,1702260630809,6443,0.002823
RSRUSDT,SELL,LIMIT,1702260633259,6798,0.002818
RSRUSDT,SELL,LIMIT,1702260634483,2115,0.002820
RSRUSDT,SELL,LIMIT,1702260635488,68928,0.002818
RSRUSDT,SELL,LIMIT,1702260636819,14681,0.002814
RSRUSDT,SELL,LIMIT,1702260656541,11487,0.002819
RSRUSDT,SELL,LIMIT,1702260693716,26271,0.002811
RSRUSDT,SELL,LIMIT,1702260695446,3381,0.002810
RSRUSDT,SELL,LIMIT,1702260697264,6634,0.002808
RSRUSDT,SELL,LIMIT,1702260700875,592818,0.002808
RSRUSDT,SELL,LIMIT,1702260708172,16113,0.002806
RSRUSDT,SELL,LIMIT,1702260710264,5084,0.002805
RSRUSDT,SELL,LIMIT,1702260711313,13545,0.002806
RSRUSDT,SELL,LIMIT,1702260712436,72547,0.002801
RSRUSDT,SELL,LIMIT,1702260714191,9250,0.002790
RSRUSDT,SELL,LIMIT,1702260715448,230414,0.002789
RSRUSDT,SELL,LIMIT,1702260716508,1532052,0.002786
RSRUSDT,SELL,LIMIT,1702260717507,12510,0.002787
RSRUSDT,SELL,LIMIT,1702260718659,92458,0.002779
RSRUSDT,SELL,LIMIT,1702260721667,32478,0.002775
RSRUSDT,SELL,LIMIT,1702260724608,12433,0.002779
RSRUSDT,SELL,LIMIT,1702260725792,34074,0.002776
RSRUSDT,SELL,LIMIT,1702260727534,446632,0.002774
RSRUSDT,SELL,LIMIT,1702260729164,6512,0.002771
RSRUSDT,SELL,LIMIT,1702260730773,333333,0.002762
RSRUSDT,SELL,LIMIT,1702260733552,23244,0.002761
RSRUSDT,SELL,LIMIT,1702260736139,682889,0.002763
RSRUSDT,SELL,LIMIT,1702260737629,12185,0.002757
RSRUSDT,SELL,LIMIT,1702260738825,507032,0.002756
RSRUSDT,SELL,LIMIT,1702260740435,92956,0.002753
RSRUSDT,SELL,LIMIT,1702260741489,1910898,0.002741
RSRUSDT,SELL,LIMIT,1702260742522,19031,0.002752
RSRUSDT,SELL,LIMIT,1702260744614,658692,0.002735
RSRUSDT,SELL,LIMIT,1702260745604,25000,0.002786
RSRUSDT,SELL,LIMIT,1702260746690,67911,0.002798
RSRUSDT,SELL,LIMIT,1702260747703,34013,0.002713
RSRUSDT,SELL,LIMIT,1702260748704,2820,0.002715
RSRUSDT,SELL,LIMIT,1702260749816,1118122,0.002702
RSRUSDT,SELL,LIMIT,1702260751465,14325,0.002693
RSRUSDT,SELL,LIMIT,1702260752741,178781,0.002695
RSRUSDT,SELL,LIMIT,1702260753822,96222,0.002691
RSRUSDT,SELL,LIMIT,1702260755001,10714,0.002689
RSRUSDT,SELL,LIMIT,1702260757043,76636,0.002712
RSRUSDT,SELL,LIMIT,1702260758144,174520,0.002687
RSRUSDT,SELL,LIMIT,1702260759738,176032,0.002675
RSRUSDT,SELL,LIMIT,1702260760753,27534,0.002672
RSRUSDT,SELL,LIMIT,1702260762559,6690,0.002670
RSRUSDT,SELL,LIMIT,1702260763564,1614263,0.002672
RSRUSDT,SELL,LIMIT,1702260764580,1046285,0.002667
RSRUSDT,SELL,LIMIT,1702260765609,324093,0.002648
RSRUSDT,SELL,LIMIT,1702260766626,47470,0.002638
RSRUSDT,SELL,LIMIT,1702260767736,15533,0.002624
RSRUSDT,SELL,LIMIT,1702260768759,296546,0.002623
RSRUSDT,SELL,LIMIT,1702260769741,6862,0.002615
RSRUSDT,SELL,LIMIT,1702260770996,257401,0.002619
RSRUSDT,SELL,LIMIT,1702260772037,8829,0.002671
RSRUSDT,SELL,LIMIT,1702260773365,2001,0.002593
RSRUSDT,SELL,LIMIT,1702260774354,90509,0.002612
RSRUSDT,SELL,LIMIT,1702260775581,2500,0.002591
RSRUSDT,SELL,LIMIT,1702260777180,1000000,0.002581
RSRUSDT,SELL,LIMIT,1702260778245,339906,0.002577
RSRUSDT,SELL,LIMIT,1702260779300,287477,0.002575
RSRUSDT,SELL,LIMIT,1702260780781,1239919,0.002564
RSRUSDT,SELL,LIMIT,1702260781796,146021,0.002572
RSRUSDT,SELL,LIMIT,1702260782833,10000,0.002555
RSRUSDT,SELL,LIMIT,1702260784078,10382,0.002549
RSRUSDT,SELL,LIMIT,1702260785339,233784,0.002553
RSRUSDT,SELL,LIMIT,1702260786565,140353,0.002540
RSRUSDT,SELL,LIMIT,1702260787826,15685,0.002612
RSRUSDT,SELL,LIMIT,1702260788960,101792,0.002539
RSRUSDT,SELL,LIMIT,1702260790539,55279,0.002515
RSRUSDT,SELL,LIMIT,1702260791569,7186,0.002522
RSRUSDT,SELL,LIMIT,1702260792608,29313,0.002512
RSRUSDT,SELL,LIMIT,1702260793666,30563,0.002494
RSRUSDT,SELL,LIMIT,1702260795338,20517,0.002494
RSRUSDT,SELL,LIMIT,1702260796401,96781,0.002491
RSRUSDT,SELL,LIMIT,1702260797486,11014,0.002488
RSRUSDT,SELL,LIMIT,1702260798487,10527,0.002488
RSRUSDT,SELL,LIMIT,1702260799490,32534,0.002488
RSRUSDT,SELL,LIMIT,1702260800581,3773,0.002584
RSRUSDT,SELL,LIMIT,1702260802214,110848,0.002481
RSRUSDT,SELL,LIMIT,1702260803906,5138,0.002480
RSRUSDT,SELL,LIMIT,1702260805404,6775,0.002478
RSRUSDT,SELL,LIMIT,1702260806497,106384,0.002721
RSRUSDT,SELL,LIMIT,1702260807904,1720,0.002474
RSRUSDT,SELL,LIMIT,1702260808957,111184,0.002465
RSRUSDT,SELL,LIMIT,1702260810161,14234,0.002461
RSRUSDT,SELL,LIMIT,1702260811300,10097,0.002463
RSRUSDT,SELL,LIMIT,1702260812471,14000,0.002463
RSRUSDT,SELL,LIMIT,1702260814260,326126,0.002455
RSRUSDT,SELL,LIMIT,1702260817330,14314,0.002456
RSRUSDT,SELL,LIMIT,1702260818449,13875,0.002458
RSRUSDT,SELL,LIMIT,1702260820777,380000,0.002468
RSRUSDT,BUY,LIMIT,1702260876726,225,0.002693
RSRUSDT,SELL,LIMIT,1702262845546,958221,0.002628
RSRUSDT,SELL,LIMIT,1702262848979,15987,0.002626
RSRUSDT,SELL,LIMIT,1702262873708,19562,0.002625
