Symbol,Side,Order Type,Time,Quantity,Price
RSRUSDT,BUY,LIMIT,1701072683834,3173,0.002629
RSRUSDT,SELL,LIMIT,1701080229624,33397,0.002455
RSRUSDT,SELL,LIMIT,1701080337183,54766,0.002451
RSRUSDT,SELL,LIMIT,1701080545369,13579,0.002441
RSRUSDT,SELL,LIMIT,1701080754652,39385,0.002437
RSRUSDT,SELL,LIMIT,1701080850175,2042,0.002432
RSRUSDT,SELL,LIMIT,1701081255767,19669,0.002433
RSRUSDT,SELL,LIMIT,1701081450958,227739,0.002424
RSRUSDT,SELL,LIMIT,1701081454170,102321,0.002423
RSRUSDT,SELL,LIMIT,1701082628948,3870,0.002420
RSRUSDT,SELL,LIMIT,1701082652022,10303,0.002420
RSRUSDT,SELL,LIMIT,1701082708288,11608,0.002415
RSRUSDT,BUY,LIMIT,1701090234259,9539,0.002578
RSRUSDT,BUY,LIMIT,1701092890476,8809,0.002557
RSRUSDT,SELL,LIMIT,1701097091806,24441,0.002422
RSRUSDT,SELL,LIMIT,1701097102125,472355,0.002420
RSRUSDT,SELL,LIMIT,1701100222018,758883,0.002419
RSRUSDT,SELL,LIMIT,1701101174315,264219,0.002407
RSRUSDT,SELL,LIMIT,1701114352850,3252,0.002405
RSRUSDT,SELL,LIMIT,1701114359766,19624,0.002403
RSRUSDT,SELL,LIMIT,1701114466352,988533,0.002402
RSRUSDT,SELL,LIMIT,1701114471426,199244,0.002400
RSRUSDT,SELL,LIMIT,1701114492187,115610,0.002399
RSRUSDT,SELL,LIMIT,1701117114778,11722,0.002392
RSRUSDT,BUY,LIMIT,1701121028656,40083,0.002540
RSRUSDT,BUY,LIMIT,1701125548444,4084,0.002543
RSRUSDT,SELL,LIMIT,1701147876200,1338826,0.002406
RSRUSDT,SELL,LIMIT,1701147879202,7613,0.002404
RSRUSDT,SELL,LIMIT,1701148193395,9613,0.002396
RSRUSDT,SELL,LIMIT,1701148236066,8020,0.002394
RSRUSDT,SELL,LIMIT,1701148937178,165882,0.002392
RSRUSDT,SELL,LIMIT,1701148945067,230659,0.002391
RSRUSDT,SELL,LIMIT,1701148951928,15254,0.002391
RSRUSDT,SELL,LIMIT,1701149783736,86253,0.002387
RSRUSDT,SELL,LIMIT,1701149824239,85296,0.002384
RSRUSDT,SELL,LIMIT,1701149856715,34852,0.002382
RSRUSDT,SELL,LIMIT,1701149897387,80000,0.002377
RSRUSDT,SELL,LIMIT,1701149902845,252883,0.002376
RSRUSDT,BUY,LIMIT,1701172488672,68649,0.002576
RSRUSDT,BUY,LIMIT,1701172519599,20242,0.002578
RSRUSDT,BUY,LIMIT,1701187261494,7685,0.002581
RSRUSDT,BUY,LIMIT,1701187292763,8500,0.002586
RSRUSDT,BUY,LIMIT,1701187800010,2835,0.002591
RSRUSDT,BUY,LIMIT,1701188325280,2350,0.002593
RSRUSDT,BUY,LIMIT,1701189533709,17714,0.002597
RSRUSDT,BUY,LIMIT,1701189590254,2469,0.002603
RSRUSDT,BUY,LIMIT,1701189792641,7667,0.002607
RSRUSDT,BUY,LIMIT,1701189804733,6377,0.002610
RSRUSDT,BUY,LIMIT,1701189821979,7519,0.002615
RSRUSDT,BUY,LIMIT,1701190273070,4552,0.002617
RSRUSDT,BUY,LIMIT,1701190377637,22002,0.002621
RSRUSDT,BUY,LIMIT,1701190438575,9844,0.002622
RSRUSDT,BUY,LIMIT,1701190958842,8095,0.002624
RSRUSDT,BUY,LIMIT,1701192032370,4192,0.002635
RSRUSDT,BUY,LIMIT,1701192144145,599672,0.002639
RSRUSDT,BUY,LIMIT,1701192155025,15967,0.002642
RSRUSDT,BUY,LIMIT,1701192244369,111108,0.002641
RSRUSDT,BUY,LIMIT,1701192660657,2975,0.002644
RSRUSDT,BUY,LIMIT,1701192662736,50071,0.002646
RSRUSDT,SELL,LIMIT,1701194151020,11289,0.002538
RSRUSDT,BUY,LIMIT,1701195688146,4143,0.002649
RSRUSDT,BUY,LIMIT,1701196235173,12077,0.002650
RSRUSDT,BUY,LIMIT,1701196888343,12684,0.002657
RSRUSDT,BUY,LIMIT,1701197140475,155801,0.002663
RSRUSDT,BUY,LIMIT,1701197853680,156837,0.002644
RSRUSDT,BUY,LIMIT,1701198182699,80056,0.002666
RSRUSDT,BUY,LIMIT,1701200544154,2164,0.002685
RSRUSDT,BUY,LIMIT,1701210272124,7411,0.002692
RSRUSDT,BUY,LIMIT,1701211248325,4679,0.002706
RSRUSDT,BUY,LIMIT,1701211268131,8130,0.002708
RSRUSDT,BUY,LIMIT,1701212420199,1038079,0.002715
RSRUSDT,BUY,LIMIT,1701213192406,60655,0.002719
RSRUSDT,BUY,LIMIT,1701217840039,200769,0.002736
RSRUSDT,BUY,LIMIT,1701217886502,2031,0.002742
RSRUSDT,BUY,LIMIT,1701217909273,7429,0.002744
RSRUSDT,BUY,LIMIT,1701217916448,43782,0.002745
RSRUSDT,BUY,LIMIT,1701217928866,63644,0.002748
RSRUSDT,BUY,LIMIT,1701218251435,25873,0.002765
RSRUSDT,BUY,LIMIT,1701218266055,28772,0.002769
RSRUSDT,BUY,LIMIT,1701218702964,50000,0.002779
RSRUSDT,BUY,LIMIT,1701219725183,4430,0.002785
RSRUSDT,BUY,LIMIT,1701219784784,195752,0.002790
RSRUSDT,BUY,LIMIT,1701226603872,158133,0.002738
RSRUSDT,BUY,LIMIT,1701234547703,22183,0.002785
RSRUSDT,BUY,LIMIT,1701237223288,39323,0.002796
RSRUSDT,BUY,LIMIT,1701239437504,1951,0.002803
RSRUSDT,BUY,LIMIT,1701239564284,2736,0.002808
RSRUSDT,BUY,LIMIT,1701239588159,95090,0.002810
RSRUSDT,BUY,LIMIT,1701239689185,42643,0.002813
RSRUSDT,BUY,LIMIT,1701239726756,8070,0.002816
RSRUSDT,SELL,LIMIT,1701241041422,20862,0.002720
RSRUSDT,BUY,LIMIT,1701241093456,356736,0.002834
RSRUSDT,BUY,LIMIT,1701241113357,103361,0.002837
RSRUSDT,BUY,LIMIT,1701246281911,3899,0.002859
RSRUSDT,BUY,LIMIT,1701247359925,25638,0.002853
RSRUSDT,BUY,LIMIT,1701248659549,54037,0.002867
RSRUSDT,BUY,LIMIT,1701248864815,11698,0.002886
RSRUSDT,BUY,LIMIT,1701249021540,23810,0.002910
RSRUSDT,BUY,LIMIT,1701249025591,174624,0.002912
RSRUSDT,SELL,LIMIT,1701254360176,35714,0.002699
RSRUSDT,SELL,LIMIT,1701254418148,45270,0.002691
RSRUSDT,SELL,LIMIT,1701254804613,18091,0.002694
RSRUSDT,SELL,LIMIT,1701257827241,718705,0.002698
RSRUSDT,SELL,LIMIT,1701259701325,23,0.002683
RSRUSDT,SELL,LIMIT,1701260303422,36799,0.002676
RSRUSDT,SELL,LIMIT,1701262172848,3508,0.002673
RSRUSDT,SELL,LIMIT,1701262740162,253182,0.002666
RSRUSDT,SELL,LIMIT,1701262772220,9636,0.002664
RSRUSDT,SELL,LIMIT,1701262815229,248762,0.002660
RSRUSDT,SELL,LIMIT,1701264098340,11886,0.002729
RSRUSDT,SELL,LIMIT,1701264398175,4720,0.002656
RSRUSDT,SELL,LIMIT,1701264409458,358166,0.002654
RSRUSDT,SELL,LIMIT,1701264414288,637008,0.002653
RSRUSDT,SELL,LIMIT,1701264415532,5722,0.002653
RSRUSDT,SELL,LIMIT,1701266517643,17660,0.002644
RSRUSDT,SELL,LIMIT,1701268378195,17429,0.002643
RSRUSDT,SELL,LIMIT,1701270438262,18140,0.002630
RSRUSDT,SELL,LIMIT,1701270441678,427321,0.002629
RSRUSDT,SELL,LIMIT,1701270465404,3006,0.002627
RSRUSDT,SELL,LIMIT,1701270573306,9775,0.002625
RSRUSDT,SELL,LIMIT,1701270584320,77581,0.002623
RSRUSDT,SELL,LIMIT,1701270586033,18315,0.002622
RSRUSDT,SELL,LIMIT,1701270615218,1891197,0.002620
RSRUSDT,SELL,LIMIT,1701270616511,88621,0.002618
RSRUSDT,BUY,LIMIT,1701283670922,1862891,0.002752
RSRUSDT,SELL,LIMIT,1701299273680,182520,0.002604
RSRUSDT,BUY,LIMIT,1701330938400,4930,0.002771
RSRUSDT,BUY,LIMIT,1701333311850,4486,0.002782
RSRUSDT,BUY,LIMIT,1701333324477,81295,0.002782
RSRUSDT,BUY,LIMIT,1701339999100,47314,0.002789
RSRUSDT,BUY,LIMIT,1701340318217,234092,0.002799
RSRUSDT,BUY,LIMIT,1701340708150,59308,0.002804
RSRUSDT,BUY,LIMIT,1701340825620,82441,0.002812
RSRUSDT,BUY,LIMIT,1701351650351,8379,0.002886
RSRUSDT,SELL,LIMIT,1701356775523,72566,0.002694
RSRUSDT,BUY,LIMIT,1701380149321,7234,0.002806
RSRUSDT,BUY,LIMIT,1701395246396,46784,0.002857
RSRUSDT,BUY,LIMIT,1701395352377,363636,0.002859
RSRUSDT,BUY,LIMIT,1701395501472,54575,0.002866
RSRUSDT,BUY,LIMIT,1701395584330,51210,0.002870
RSRUSDT,BUY,LIMIT,1701416273196,2176,0.002842
RSRUSDT,BUY,LIMIT,1701418987359,18755,0.002845
RSRUSDT,BUY,LIMIT,1701424637484,9881422,0.002877
RSRUSDT,BUY,LIMIT,1701448533570,3274,0.002839
RSRUSDT,SELL,LIMIT,1701463682242,49320,0.002704
RSRUSDT,SELL,LIMIT,1701474376982,541104,0.002699
RSRUSDT,BUY,LIMIT,1701490009228,1808318,0.002873
RSRUSDT,BUY,LIMIT,1701490815165,926406,0.002884
RSRUSDT,BUY,LIMIT,1701491011611,5027,0.002892
RSRUSDT,BUY,LIMIT,1701492228829,8259,0.002912
RSRUSDT,BUY,LIMIT,1701492240739,18391,0.002913
RSRUSDT,BUY,LIMIT,1701492294232,66324,0.002917
RSRUSDT,BUY,LIMIT,1701492436905,3904,0.002923
RSRUSDT,BUY,LIMIT,1701492439289,972452,0.002925
RSRUSDT,BUY,LIMIT,1701492442987,74033,0.002926
RSRUSDT,BUY,LIMIT,1701492721145,3805,0.002939
RSRUSDT,BUY,LIMIT,1701492739939,7707,0.002944
RSRUSDT,BUY,LIMIT,1701492744151,61,0.002950
RSRUSDT,BUY,LIMIT,1701492745222,2554,0.002946
RSRUSDT,BUY,LIMIT,1701493035360,30838,0.002952
RSRUSDT,BUY,LIMIT,1701493211241,2337752,0.002961
RSRUSDT,BUY,LIMIT,1701493223560,31751,0.002964
RSRUSDT,BUY,LIMIT,1701507961317,28946,0.002937
