Symbol,Side,Order Type,Time,Quantity,Price
RUNEUSDT,SELL,LIMIT,1701915970696,2,6.3015
RUNEUSDT,SELL,LIMIT,1701917251084,16,6.2975
RUNEUSDT,SELL,LIMIT,1701918531389,85,6.2802
RUNEUSDT,SELL,LIMIT,1701918576076,102,6.2793
RUNEUSDT,SELL,LIMIT,1701918654141,44,6.2742
RUNEUSDT,SELL,LIMIT,1701918658420,49,6.2650
RUNEUSDT,BUY,LIMIT,1701922176526,14,6.5170
RUNEUSDT,BUY,LIMIT,1701923163395,62,6.5472
RUNEUSDT,BUY,LIMIT,1701923179561,190,6.5522
RUNEUSDT,BUY,LIMIT,1701923290876,14,6.5694
RUNEUSDT,BUY,LIMIT,1701923491519,179,6.5668
RUNEUSDT,BUY,LIMIT,1701923873516,4,6.6126
RUNEUSDT,SELL,LIMIT,1701924409243,306,6.3880
RUNEUSDT,SELL,LIMIT,1701927856165,14,6.4357
RUNEUSDT,SELL,LIMIT,1701930105598,2,6.3526
RUNEUSDT,SELL,LIMIT,1701931184177,67,6.3297
RUNEUSDT,SELL,LIMIT,1701931186649,13,6.3281
RUNEUSDT,SELL,LIMIT,1701931568747,3,6.3183
RUNEUSDT,SELL,LIMIT,1701931948274,2,6.3121
RUNEUSDT,BUY,LIMIT,1701935000160,139,6.5440
RUNEUSDT,BUY,LIMIT,1701935017139,4,6.5623
RUNEUSDT,SELL,LIMIT,1701936912352,38,6.3010
RUNEUSDT,SELL,LIMIT,1701936915426,46,6.2986
RUNEUSDT,SELL,LIMIT,1701936927451,1,6.2930
RUNEUSDT,SELL,LIMIT,1701937001402,145,6.2898
RUNEUSDT,SELL,LIMIT,1701937002951,38,6.2878
RUNEUSDT,SELL,LIMIT,1701937352043,121,6.2860
RUNEUSDT,SELL,LIMIT,1701937354731,34,6.2858
RUNEUSDT,SELL,LIMIT,1701937384434,22,6.2769
RUNEUSDT,SELL,LIMIT,1701937394153,5,6.2755
RUNEUSDT,SELL,LIMIT,1701937396311,100,6.2720
RUNEUSDT,SELL,LIMIT,1701937398092,4,6.2648
RUNEUSDT,BUY,LIMIT,1701937592810,9,6.4623
RUNEUSDT,SELL,LIMIT,1701937721878,31,6.2581
RUNEUSDT,SELL,LIMIT,1701937814173,98,6.2541
RUNEUSDT,SELL,LIMIT,1701938089196,6,6.2498
RUNEUSDT,SELL,LIMIT,1701938121233,171,6.2462
RUNEUSDT,SELL,LIMIT,1701938124085,25,6.2442
RUNEUSDT,SELL,LIMIT,1701939089166,2,6.2402
RUNEUSDT,SELL,LIMIT,1701939113492,6,6.2370
RUNEUSDT,SELL,LIMIT,1701939132774,11,6.2323
RUNEUSDT,SELL,LIMIT,1701939340498,2,6.2290
RUNEUSDT,SELL,LIMIT,1701939370571,152,6.2262
RUNEUSDT,SELL,LIMIT,1701939373067,16,6.2148
RUNEUSDT,SELL,LIMIT,1701939374107,4,6.2181
RUNEUSDT,SELL,LIMIT,1701939375443,106,6.2131
RUNEUSDT,SELL,LIMIT,1701939377306,224,6.2119
RUNEUSDT,SELL,LIMIT,1701939457720,7,6.2129
RUNEUSDT,SELL,LIMIT,1701939570194,778,6.2104
RUNEUSDT,SELL,LIMIT,1701939972965,136,6.2115
RUNEUSDT,SELL,LIMIT,1701939991922,28,6.2095
RUNEUSDT,SELL,LIMIT,1701940009253,42,6.2075
RUNEUSDT,SELL,LIMIT,1701940021242,117,6.2045
RUNEUSDT,SELL,LIMIT,1701940025229,303,6.2018
RUNEUSDT,SELL,LIMIT,1701940026574,1575,6.1700
RUNEUSDT,SELL,LIMIT,1701940049283,6,6.2026
RUNEUSDT,SELL,LIMIT,1701940409616,457,6.1996
RUNEUSDT,SELL,LIMIT,1701940410869,1,6.1975
RUNEUSDT,SELL,LIMIT,1701940412559,1562,6.1648
RUNEUSDT,SELL,LIMIT,1701940429479,775,6.1941
RUNEUSDT,SELL,LIMIT,1701940449846,2527,6.1548
RUNEUSDT,SELL,LIMIT,1701940455135,10,6.1915
RUNEUSDT,SELL,LIMIT,1701940556561,2,6.4018
RUNEUSDT,SELL,LIMIT,1701940557773,64,6.1888
RUNEUSDT,SELL,LIMIT,1701940559190,7432,6.0568
RUNEUSDT,SELL,LIMIT,1701940562069,38,6.1818
RUNEUSDT,SELL,LIMIT,1701940563267,272,6.1810
RUNEUSDT,SELL,LIMIT,1701940564427,80,6.1714
RUNEUSDT,SELL,LIMIT,1701940566306,182,6.1669
RUNEUSDT,SELL,LIMIT,1701940568115,10,6.1666
RUNEUSDT,SELL,LIMIT,1701940675333,17,6.1640
RUNEUSDT,SELL,LIMIT,1701941039143,50,6.1684
RUNEUSDT,SELL,LIMIT,1701941066517,136,6.1642
RUNEUSDT,SELL,LIMIT,1701941075496,512,6.1632
RUNEUSDT,SELL,LIMIT,1701941152817,2,6.1623
RUNEUSDT,SELL,LIMIT,1701941153968,9,6.1605
RUNEUSDT,SELL,LIMIT,1701941155287,462,6.1604
RUNEUSDT,SELL,LIMIT,1701941159146,500,6.1585
RUNEUSDT,SELL,LIMIT,1701941170171,93,6.1568
RUNEUSDT,SELL,LIMIT,1701941174097,1,6.1559
RUNEUSDT,SELL,LIMIT,1701941175676,11,6.1520
RUNEUSDT,SELL,LIMIT,1701941177044,2,6.1504
RUNEUSDT,SELL,LIMIT,1701941182849,32,6.1494
RUNEUSDT,SELL,LIMIT,1701941186090,16,6.1491
RUNEUSDT,SELL,LIMIT,1701941188347,7,6.1475
RUNEUSDT,SELL,LIMIT,1701941190196,30,6.1466
RUNEUSDT,SELL,LIMIT,1701941191479,119,6.1397
RUNEUSDT,SELL,LIMIT,1701941192543,14,6.1361
RUNEUSDT,SELL,LIMIT,1701941225508,20,6.1358
RUNEUSDT,SELL,LIMIT,1701941233864,7,6.1357
RUNEUSDT,SELL,LIMIT,1701941235707,13,6.1328
RUNEUSDT,SELL,LIMIT,1701941237598,105,6.1315
RUNEUSDT,SELL,LIMIT,1701941239957,13,6.1288
RUNEUSDT,SELL,LIMIT,1701941243413,14,6.1239
RUNEUSDT,SELL,LIMIT,1701941246303,37,6.1196
RUNEUSDT,SELL,LIMIT,1701941247405,215,6.1201
RUNEUSDT,SELL,LIMIT,1701941253036,2,6.1189
RUNEUSDT,SELL,LIMIT,1701941256253,45,6.1160
RUNEUSDT,SELL,LIMIT,1701941271187,44,6.1128
RUNEUSDT,SELL,LIMIT,1701941272321,15,6.1111
RUNEUSDT,BUY,LIMIT,1701941397723,806,6.3542
RUNEUSDT,BUY,LIMIT,1701941538060,96,6.3777
RUNEUSDT,BUY,LIMIT,1701942462542,204,6.3983
RUNEUSDT,SELL,LIMIT,1701942548274,31,6.2054
RUNEUSDT,BUY,LIMIT,1701942661436,23,6.4094
RUNEUSDT,SELL,LIMIT,1701943631277,28,6.1707
RUNEUSDT,SELL,LIMIT,1701943644940,706,6.1636
RUNEUSDT,SELL,LIMIT,1701943658593,11,6.1596
RUNEUSDT,SELL,LIMIT,1701943670968,3,6.1558
RUNEUSDT,SELL,LIMIT,1701944426912,458,6.1437
RUNEUSDT,BUY,LIMIT,1701946859995,24,6.3728
RUNEUSDT,BUY,LIMIT,1701948653352,3,6.4135
RUNEUSDT,SELL,LIMIT,1701949645081,193,6.1851
RUNEUSDT,BUY,LIMIT,1701950281247,9,6.3742
RUNEUSDT,SELL,LIMIT,1701950624802,4,6.1614
RUNEUSDT,SELL,LIMIT,1701950675449,309,6.1534
RUNEUSDT,SELL,LIMIT,1701951373658,8,6.1906
RUNEUSDT,BUY,LIMIT,1701951791132,1,6.3732
RUNEUSDT,BUY,LIMIT,1701952278100,36,6.4038
RUNEUSDT,BUY,LIMIT,1701952294696,747,6.4075
RUNEUSDT,BUY,LIMIT,1701952307487,27,6.4155
RUNEUSDT,BUY,LIMIT,1701953219963,24,6.4553
RUNEUSDT,BUY,LIMIT,1701953438881,18,6.4656
RUNEUSDT,BUY,LIMIT,1701953892097,36,6.4738
RUNEUSDT,BUY,LIMIT,1701953976590,1,6.4799
RUNEUSDT,BUY,LIMIT,1701954121817,2,6.4876
RUNEUSDT,BUY,LIMIT,1701954143682,41,6.5013
RUNEUSDT,BUY,LIMIT,1701954148168,50,6.4744
RUNEUSDT,SELL,LIMIT,1701956057341,78,6.2467
RUNEUSDT,SELL,LIMIT,1701956617117,2,6.2387
RUNEUSDT,SELL,LIMIT,1701956618234,78,6.2392
RUNEUSDT,BUY,LIMIT,1701957657105,14,6.4702
RUNEUSDT,BUY,LIMIT,1701958069106,136,6.4889
RUNEUSDT,BUY,LIMIT,1701959334659,10,6.5092
RUNEUSDT,BUY,LIMIT,1701959351266,237,6.5144
RUNEUSDT,BUY,LIMIT,1701959353429,33,6.5175
RUNEUSDT,BUY,LIMIT,1701961404102,29,6.5314
RUNEUSDT,BUY,LIMIT,1701961408387,104,6.5389
RUNEUSDT,BUY,LIMIT,1701961432604,7,6.5439
RUNEUSDT,BUY,LIMIT,1701961441850,2,6.5468
RUNEUSDT,BUY,LIMIT,1701962141920,8,6.5658
RUNEUSDT,BUY,LIMIT,1701962186207,10,6.5794
RUNEUSDT,BUY,LIMIT,1701962187458,2,6.5835
RUNEUSDT,BUY,LIMIT,1701962192124,164,6.5939
RUNEUSDT,BUY,LIMIT,1701962196733,703,6.6013
RUNEUSDT,BUY,LIMIT,1701962864858,3,6.6066
RUNEUSDT,BUY,LIMIT,1701962978227,155,6.6099
RUNEUSDT,BUY,LIMIT,1701962983285,154,6.6105
RUNEUSDT,BUY,LIMIT,1701963001410,13,6.6134
RUNEUSDT,BUY,LIMIT,1701963003037,3,6.6140
RUNEUSDT,BUY,LIMIT,1701963016242,98,6.6191
RUNEUSDT,BUY,LIMIT,1701963048221,48,6.6512
RUNEUSDT,BUY,LIMIT,1701963049288,314,6.6509
RUNEUSDT,BUY,LIMIT,1701963099642,874,6.6618
RUNEUSDT,SELL,LIMIT,1701964009745,7,6.4136
RUNEUSDT,BUY,LIMIT,1701965048910,1572,6.6902
RUNEUSDT,BUY,LIMIT,1701965053453,1,6.6596
RUNEUSDT,SELL,LIMIT,1701965227496,89,6.4653
RUNEUSDT,BUY,LIMIT,1701965279167,1,6.6343
RUNEUSDT,BUY,LIMIT,1701965561120,22,6.6450
RUNEUSDT,BUY,LIMIT,1701965906717,9,6.6450
RUNEUSDT,BUY,LIMIT,1701966809212,27,6.6642
RUNEUSDT,BUY,LIMIT,1701967135470,9,6.6767
RUNEUSDT,BUY,LIMIT,1701967161090,128,6.6847
RUNEUSDT,BUY,LIMIT,1701967181623,20,6.6925
RUNEUSDT,BUY,LIMIT,1701967209048,11,6.7006
RUNEUSDT,BUY,LIMIT,1701967249608,11,6.7038
RUNEUSDT,BUY,LIMIT,1701967257245,2,6.7053
RUNEUSDT,SELL,LIMIT,1701967400418,757,6.4724
RUNEUSDT,SELL,LIMIT,1701967438905,2,6.4662
RUNEUSDT,SELL,LIMIT,1701967546365,756,6.4651
RUNEUSDT,SELL,LIMIT,1701969072464,760,6.4402
RUNEUSDT,SELL,LIMIT,1701969099025,10,6.4368
RUNEUSDT,BUY,LIMIT,1701969437282,156,6.6761
RUNEUSDT,BUY,LIMIT,1701969636306,60,6.6920
RUNEUSDT,BUY,LIMIT,1701970176871,235,6.6796
RUNEUSDT,SELL,LIMIT,1701970920130,126,6.4322
RUNEUSDT,SELL,LIMIT,1701970935776,1,6.4130
RUNEUSDT,SELL,LIMIT,1701970947879,679,6.4115
RUNEUSDT,SELL,LIMIT,1701971012910,99,6.4039
RUNEUSDT,SELL,LIMIT,1701971017213,330,6.3954
RUNEUSDT,BUY,LIMIT,1701971754769,621,6.6250
RUNEUSDT,BUY,LIMIT,1701973895133,10,6.6083
RUNEUSDT,SELL,LIMIT,1701974302448,99,6.3848
RUNEUSDT,SELL,LIMIT,1701974306255,314,6.3779
RUNEUSDT,SELL,LIMIT,1701974307617,192,6.3714
RUNEUSDT,SELL,LIMIT,1701974316241,42,6.3645
RUNEUSDT,SELL,LIMIT,1701974399244,1,6.3627
RUNEUSDT,SELL,LIMIT,1701974599290,3,6.3576
RUNEUSDT,SELL,LIMIT,1701974603142,20,6.3541
RUNEUSDT,SELL,LIMIT,1701976857332,61,6.3322
RUNEUSDT,SELL,LIMIT,1701977170093,69,6.3242
RUNEUSDT,SELL,LIMIT,1701977175255,3,6.3254
RUNEUSDT,SELL,LIMIT,1701977293620,70,6.3235
RUNEUSDT,SELL,LIMIT,1701977296770,1,6.3208
RUNEUSDT,SELL,LIMIT,1701977359980,2,6.3140
RUNEUSDT,SELL,LIMIT,1701978228302,10,6.3238
RUNEUSDT,SELL,LIMIT,1701978255066,99,6.3198
RUNEUSDT,BUY,LIMIT,1701979656920,31,6.5500
RUNEUSDT,BUY,LIMIT,1701983874331,16,6.5763
RUNEUSDT,BUY,LIMIT,1701983893719,162,6.5871
RUNEUSDT,BUY,LIMIT,1701983905758,2,6.5889
RUNEUSDT,BUY,LIMIT,1701984533777,1,6.5989
RUNEUSDT,BUY,LIMIT,1701984582164,798,6.6027
RUNEUSDT,BUY,LIMIT,1701985128160,4500,6.6562
RUNEUSDT,SELL,LIMIT,1701989564153,64,6.3862
RUNEUSDT,BUY,LIMIT,1701993718963,123,6.6462
RUNEUSDT,BUY,LIMIT,1701994013299,26,6.6736
RUNEUSDT,BUY,LIMIT,1701994831780,8,6.6912
RUNEUSDT,BUY,LIMIT,1701997158373,53,6.7175
RUNEUSDT,BUY,LIMIT,1701997161919,53,6.7184
RUNEUSDT,BUY,LIMIT,1701997234001,21,6.7332
RUNEUSDT,BUY,LIMIT,1701997357289,13,6.7350
RUNEUSDT,BUY,LIMIT,1701997388310,11,6.7394
RUNEUSDT,SELL,LIMIT,1701997766520,34,6.4783
RUNEUSDT,SELL,LIMIT,1702001902451,92,6.4898
RUNEUSDT,SELL,LIMIT,1702002937298,219,6.4731
RUNEUSDT,SELL,LIMIT,1702002938536,5,6.4728
RUNEUSDT,SELL,LIMIT,1702003653312,43,6.4912
RUNEUSDT,BUY,LIMIT,1702004081085,3,6.7039
RUNEUSDT,BUY,LIMIT,1702005324740,765,6.6717
RUNEUSDT,BUY,LIMIT,1702006461858,328,6.7058
RUNEUSDT,BUY,LIMIT,1702006829934,757,6.7291
RUNEUSDT,BUY,LIMIT,1702007004145,26,6.7338
RUNEUSDT,BUY,LIMIT,1702007154540,5,6.7355
RUNEUSDT,BUY,LIMIT,1702009732537,49,6.7400
RUNEUSDT,SELL,LIMIT,1702010322116,47,6.5077
RUNEUSDT,SELL,LIMIT,1702012088505,22,6.4842
RUNEUSDT,SELL,LIMIT,1702013546340,3,6.4750
RUNEUSDT,SELL,LIMIT,1702015838931,1,6.4733
RUNEUSDT,BUY,LIMIT,1702015876055,20,6.6687
RUNEUSDT,BUY,LIMIT,1702015943776,261,6.6754
RUNEUSDT,BUY,LIMIT,1702016298432,81,6.7000
RUNEUSDT,BUY,LIMIT,1702016478172,758,6.7173
RUNEUSDT,BUY,LIMIT,1702017385098,14,6.6927
RUNEUSDT,BUY,LIMIT,1702017959210,9,6.7379
RUNEUSDT,BUY,LIMIT,1702017984618,842,6.7595
RUNEUSDT,BUY,LIMIT,1702017995065,754,6.7567
RUNEUSDT,BUY,LIMIT,1702018006050,170,6.7584
RUNEUSDT,BUY,LIMIT,1702018007414,367,6.7587
RUNEUSDT,BUY,LIMIT,1702018009202,543,6.7640
RUNEUSDT,BUY,LIMIT,1702018014324,73,6.7726
RUNEUSDT,BUY,LIMIT,1702018115297,14,6.7871
RUNEUSDT,BUY,LIMIT,1702018139532,5,6.7909
RUNEUSDT,BUY,LIMIT,1702018187099,2,6.8084
RUNEUSDT,BUY,LIMIT,1702018200529,79,6.8125
RUNEUSDT,SELL,LIMIT,1702020147627,34,6.4938
RUNEUSDT,SELL,LIMIT,1702020224578,11,6.4787
RUNEUSDT,SELL,LIMIT,1702020629072,2,6.4410
RUNEUSDT,SELL,LIMIT,1702020631508,10,6.4365
RUNEUSDT,SELL,LIMIT,1702020632827,5,6.4346
RUNEUSDT,SELL,LIMIT,1702020637374,14,6.4328
RUNEUSDT,SELL,LIMIT,1702020667749,9,6.4321
RUNEUSDT,BUY,LIMIT,1702020936850,26,6.6665
RUNEUSDT,SELL,LIMIT,1702023056881,2,6.4417
RUNEUSDT,SELL,LIMIT,1702025278702,39,6.4353
RUNEUSDT,SELL,LIMIT,1702025822011,446,6.4321
RUNEUSDT,SELL,LIMIT,1702025869830,179,6.4226
RUNEUSDT,BUY,LIMIT,1702027189790,348,6.6461
RUNEUSDT,BUY,LIMIT,1702027399403,61,6.6532
RUNEUSDT,SELL,LIMIT,1702029617578,93,6.4119
RUNEUSDT,SELL,LIMIT,1702029773374,4,6.4059
RUNEUSDT,BUY,LIMIT,1702030056277,263,6.6054
RUNEUSDT,BUY,LIMIT,1702032575318,3,6.6489
RUNEUSDT,BUY,LIMIT,1702033340597,16,6.6828
RUNEUSDT,BUY,LIMIT,1702033357891,7,6.6851
RUNEUSDT,BUY,LIMIT,1702033366333,7,6.6963
RUNEUSDT,BUY,LIMIT,1702033521441,183,6.7098
RUNEUSDT,BUY,LIMIT,1702033581412,60,6.7278
RUNEUSDT,BUY,LIMIT,1702033618723,142,6.7442
RUNEUSDT,BUY,LIMIT,1702034417254,10,6.7265
RUNEUSDT,BUY,LIMIT,1702034609517,50,6.7613
RUNEUSDT,BUY,LIMIT,1702034736209,20,6.7705
RUNEUSDT,BUY,LIMIT,1702035565545,44,6.7868
RUNEUSDT,BUY,LIMIT,1702035789247,14,6.7952
RUNEUSDT,BUY,LIMIT,1702035862383,295,6.8023
RUNEUSDT,BUY,LIMIT,1702036066185,3674,6.8331
RUNEUSDT,SELL,LIMIT,1702036932321,6,6.5634
RUNEUSDT,SELL,LIMIT,1702039779688,484,6.5548
RUNEUSDT,SELL,LIMIT,1702040179078,67,6.5371
RUNEUSDT,SELL,LIMIT,1702040579638,15,6.4949
RUNEUSDT,SELL,LIMIT,1702040589498,54,6.4894
RUNEUSDT,SELL,LIMIT,1702040594424,755,6.4891
RUNEUSDT,BUY,LIMIT,1702041876498,58,6.7183
RUNEUSDT,SELL,LIMIT,1702042230433,186,6.4932
RUNEUSDT,SELL,LIMIT,1702042240217,30,6.4747
RUNEUSDT,SELL,LIMIT,1702042620066,8,6.4589
RUNEUSDT,SELL,LIMIT,1702042791844,20,6.4115
RUNEUSDT,SELL,LIMIT,1702042806178,150,6.4009
RUNEUSDT,SELL,LIMIT,1702042807397,189,6.3973
RUNEUSDT,SELL,LIMIT,1702042808768,23,6.3942
RUNEUSDT,SELL,LIMIT,1702042810065,9,6.3904
RUNEUSDT,SELL,LIMIT,1702042817453,1,6.3840
RUNEUSDT,SELL,LIMIT,1702042847073,100,6.3699
RUNEUSDT,SELL,LIMIT,1702042848432,74,6.3699
RUNEUSDT,SELL,LIMIT,1702042849489,62,6.3653
RUNEUSDT,SELL,LIMIT,1702042850554,39,6.3659
RUNEUSDT,SELL,LIMIT,1702042852465,755,6.3512
RUNEUSDT,SELL,LIMIT,1702042853470,3,6.3487
RUNEUSDT,SELL,LIMIT,1702042855406,4,6.3410
RUNEUSDT,SELL,LIMIT,1702042856551,60,6.3380
RUNEUSDT,SELL,LIMIT,1702042857625,374,6.3232
RUNEUSDT,SELL,LIMIT,1702042862312,23,6.3277
RUNEUSDT,BUY,LIMIT,1702043151507,57,6.5462
RUNEUSDT,SELL,LIMIT,1702043695718,14,6.3215
RUNEUSDT,SELL,LIMIT,1702043744071,30,6.3160
RUNEUSDT,SELL,LIMIT,1702043766529,392,6.3131
RUNEUSDT,SELL,LIMIT,1702043769287,6,6.3087
RUNEUSDT,SELL,LIMIT,1702043770490,315,6.3040
RUNEUSDT,SELL,LIMIT,1702043771593,91,6.2998
RUNEUSDT,SELL,LIMIT,1702043777439,144,6.2843
RUNEUSDT,SELL,LIMIT,1702043778588,933,6.2753
RUNEUSDT,SELL,LIMIT,1702043780475,48,6.2803
RUNEUSDT,SELL,LIMIT,1702043783189,35,6.2781
RUNEUSDT,SELL,LIMIT,1702043789131,782,6.2749
RUNEUSDT,SELL,LIMIT,1702044086490,3,6.2872
RUNEUSDT,SELL,LIMIT,1702044291661,679,6.2729
RUNEUSDT,SELL,LIMIT,1702044293561,1143,6.2522
RUNEUSDT,SELL,LIMIT,1702044295450,644,6.2669
RUNEUSDT,SELL,LIMIT,1702044297175,100,6.2610
RUNEUSDT,SELL,LIMIT,1702044298527,9,6.2593
RUNEUSDT,SELL,LIMIT,1702044301178,19,6.2540
RUNEUSDT,SELL,LIMIT,1702044505608,7,6.2512
RUNEUSDT,SELL,LIMIT,1702044512047,11,6.2473
RUNEUSDT,SELL,LIMIT,1702044703398,5,6.2420
RUNEUSDT,SELL,LIMIT,1702044707952,125,6.2342
RUNEUSDT,BUY,LIMIT,1702044966341,31,6.4655
RUNEUSDT,BUY,LIMIT,1702045892587,151,6.4133
RUNEUSDT,BUY,LIMIT,1702046055540,2,6.4920
RUNEUSDT,BUY,LIMIT,1702046363091,1,6.5293
RUNEUSDT,SELL,LIMIT,1702047207914,56,6.3316
RUNEUSDT,SELL,LIMIT,1702047209024,23,6.3285
RUNEUSDT,BUY,LIMIT,1702047600461,3,6.5613
RUNEUSDT,SELL,LIMIT,1702048648315,209,6.3291
RUNEUSDT,SELL,LIMIT,1702049357100,133,6.3139
RUNEUSDT,SELL,LIMIT,1702049358427,113,6.3123
RUNEUSDT,SELL,LIMIT,1702050106944,23,6.3073
RUNEUSDT,SELL,LIMIT,1702050577293,33,6.3022
RUNEUSDT,SELL,LIMIT,1702050708411,1,6.2934
RUNEUSDT,SELL,LIMIT,1702050747865,270,6.2835
RUNEUSDT,SELL,LIMIT,1702050792507,27,6.2793
RUNEUSDT,SELL,LIMIT,1702050806612,6,6.2729
RUNEUSDT,BUY,LIMIT,1702052081720,5,6.4888
RUNEUSDT,BUY,LIMIT,1702052161449,7,6.4952
RUNEUSDT,SELL,LIMIT,1702054220232,483,6.2988
RUNEUSDT,SELL,LIMIT,1702054863605,10,6.2940
RUNEUSDT,SELL,LIMIT,1702055285173,164,6.2810
RUNEUSDT,SELL,LIMIT,1702055298037,109,6.2778
RUNEUSDT,SELL,LIMIT,1702055324063,1,6.2715
RUNEUSDT,BUY,LIMIT,1702056991368,1,6.4885
RUNEUSDT,BUY,LIMIT,1702059867921,50,6.5348
RUNEUSDT,SELL,LIMIT,1702060593295,193,6.3059
RUNEUSDT,BUY,LIMIT,1702064082722,41,6.5272
RUNEUSDT,BUY,LIMIT,1702064664890,62,6.5329
RUNEUSDT,BUY,LIMIT,1702065846235,1408,6.5587
RUNEUSDT,BUY,LIMIT,1702066440212,383,6.5440
RUNEUSDT,BUY,LIMIT,1702066811691,10,6.5499
RUNEUSDT,SELL,LIMIT,1702066860334,37,6.4214
RUNEUSDT,SELL,LIMIT,1702067639890,1,6.3706
RUNEUSDT,BUY,LIMIT,1702068667259,400,6.5924
RUNEUSDT,BUY,LIMIT,1702069048992,40,6.5898
RUNEUSDT,BUY,LIMIT,1702069113509,119,6.5990
RUNEUSDT,BUY,LIMIT,1702069179607,252,6.6015
RUNEUSDT,SELL,LIMIT,1702070678869,264,6.4365
RUNEUSDT,BUY,LIMIT,1702070772529,1088,6.6544
RUNEUSDT,BUY,LIMIT,1702071208435,145,6.6548
RUNEUSDT,BUY,LIMIT,1702073237403,635,6.6445
RUNEUSDT,SELL,LIMIT,1702074541362,7,6.4121
RUNEUSDT,SELL,LIMIT,1702074816353,321,6.4029
RUNEUSDT,SELL,LIMIT,1702074960685,23,6.3929
RUNEUSDT,SELL,LIMIT,1702077663931,17,6.3769
RUNEUSDT,BUY,LIMIT,1702078177083,190,6.5657
RUNEUSDT,BUY,LIMIT,1702078883372,9,6.5658
RUNEUSDT,BUY,LIMIT,1702080029112,21,6.5905
RUNEUSDT,BUY,LIMIT,1702080201095,881,6.6120
RUNEUSDT,BUY,LIMIT,1702080235287,100,6.5905
RUNEUSDT,BUY,LIMIT,1702081243288,768,6.6343
RUNEUSDT,BUY,LIMIT,1702081731913,12,6.6597
RUNEUSDT,BUY,LIMIT,1702081733084,3,6.6615
RUNEUSDT,BUY,LIMIT,1702081736052,484,6.6667
RUNEUSDT,BUY,LIMIT,1702081761159,46,6.6715
RUNEUSDT,BUY,LIMIT,1702081821292,100,6.6822
RUNEUSDT,BUY,LIMIT,1702081831481,59,6.6850
RUNEUSDT,BUY,LIMIT,1702081860290,5,6.6871
RUNEUSDT,BUY,LIMIT,1702081867219,31,6.6936
RUNEUSDT,BUY,LIMIT,1702081877683,160,6.6942
RUNEUSDT,BUY,LIMIT,1702082329200,32,6.6929
RUNEUSDT,SELL,LIMIT,1702082974938,2,6.4976
RUNEUSDT,BUY,LIMIT,1702083126195,7,6.6868
RUNEUSDT,SELL,LIMIT,1702084074165,307,6.4303
RUNEUSDT,SELL,LIMIT,1702084103228,390,6.4221
RUNEUSDT,SELL,LIMIT,1702084111464,330,6.4054
RUNEUSDT,SELL,LIMIT,1702084134397,7,6.4111
RUNEUSDT,BUY,LIMIT,1702090100901,8,6.6643
RUNEUSDT,BUY,LIMIT,1702090111872,764,6.6680
RUNEUSDT,BUY,LIMIT,1702092464162,71,6.7036
RUNEUSDT,SELL,LIMIT,1702094144206,4,6.4744
RUNEUSDT,SELL,LIMIT,1702095679998,445,6.4503
RUNEUSDT,SELL,LIMIT,1702095836121,2,6.4397
RUNEUSDT,SELL,LIMIT,1702095873385,2,6.4361
RUNEUSDT,BUY,LIMIT,1702099041040,111,6.6979
RUNEUSDT,BUY,LIMIT,1702100671552,121,6.7330
RUNEUSDT,BUY,LIMIT,1702100678911,32,6.7387
RUNEUSDT,BUY,LIMIT,1702101644824,7,6.7000
RUNEUSDT,BUY,LIMIT,1702102172300,251,6.7100
RUNEUSDT,SELL,LIMIT,1702102308309,5,6.5050
RUNEUSDT,SELL,LIMIT,1702102390680,6,6.5470
RUNEUSDT,BUY,LIMIT,1702102650818,711,6.7100
RUNEUSDT,BUY,LIMIT,1702103511374,15,6.7074
RUNEUSDT,BUY,LIMIT,1702104505077,29,6.7075
RUNEUSDT,BUY,LIMIT,1702104987226,502,6.7071
RUNEUSDT,BUY,LIMIT,1702105882438,7,6.7276
RUNEUSDT,BUY,LIMIT,1702106027186,1000,6.7549
RUNEUSDT,SELL,LIMIT,1702106695952,17,6.5033
RUNEUSDT,BUY,LIMIT,1702108157471,477,6.7438
RUNEUSDT,BUY,LIMIT,1702108160272,251,6.7449
RUNEUSDT,SELL,LIMIT,1702108236533,1,6.5528
RUNEUSDT,BUY,LIMIT,1702108276292,15,6.7604
RUNEUSDT,BUY,LIMIT,1702108326340,12,6.7714
RUNEUSDT,BUY,LIMIT,1702109010082,8,6.7450
RUNEUSDT,BUY,LIMIT,1702109027091,13,6.7426
RUNEUSDT,BUY,LIMIT,1702109101256,67,6.7507
RUNEUSDT,BUY,LIMIT,1702109205079,10,6.7567
RUNEUSDT,BUY,LIMIT,1702109512816,703,6.7432
RUNEUSDT,BUY,LIMIT,1702109743209,99,6.7423
RUNEUSDT,SELL,LIMIT,1702110269147,1,6.5441
RUNEUSDT,SELL,LIMIT,1702110829374,87,6.5087
RUNEUSDT,SELL,LIMIT,1702110875281,753,6.4932
RUNEUSDT,SELL,LIMIT,1702110877099,3,6.4880
RUNEUSDT,SELL,LIMIT,1702110881096,319,6.4835
RUNEUSDT,SELL,LIMIT,1702110904705,281,6.4774
RUNEUSDT,SELL,LIMIT,1702110909231,32,6.4716
RUNEUSDT,SELL,LIMIT,1702110913251,12,6.4644
RUNEUSDT,SELL,LIMIT,1702110922125,59,6.4575
RUNEUSDT,SELL,LIMIT,1702110967719,22,6.4561
RUNEUSDT,SELL,LIMIT,1702110970061,1,6.4431
RUNEUSDT,SELL,LIMIT,1702110971277,2,6.4403
RUNEUSDT,SELL,LIMIT,1702110973804,100,6.4375
RUNEUSDT,SELL,LIMIT,1702110975238,17,6.4365
RUNEUSDT,SELL,LIMIT,1702110976346,361,6.4342
RUNEUSDT,SELL,LIMIT,1702110982526,59,6.4301
RUNEUSDT,SELL,LIMIT,1702110983700,339,6.4258
RUNEUSDT,SELL,LIMIT,1702111026100,328,6.4207
RUNEUSDT,SELL,LIMIT,1702111027933,4,6.4121
RUNEUSDT,SELL,LIMIT,1702111035735,6,6.3956
RUNEUSDT,SELL,LIMIT,1702111037766,3,6.3930
RUNEUSDT,SELL,LIMIT,1702111039278,33,6.3876
RUNEUSDT,SELL,LIMIT,1702111040601,212,6.3812
RUNEUSDT,SELL,LIMIT,1702111043373,12,6.3802
RUNEUSDT,SELL,LIMIT,1702111045107,8,6.3799
RUNEUSDT,SELL,LIMIT,1702111046390,376,6.3735
RUNEUSDT,SELL,LIMIT,1702111048240,257,6.3619
RUNEUSDT,SELL,LIMIT,1702111378821,8,6.3508
RUNEUSDT,SELL,LIMIT,1702111381441,470,6.3441
RUNEUSDT,SELL,LIMIT,1702111383386,120,6.3358
RUNEUSDT,SELL,LIMIT,1702111386567,760,6.3314
RUNEUSDT,SELL,LIMIT,1702111389444,49,6.3290
RUNEUSDT,BUY,LIMIT,1702111460206,24,6.5567
RUNEUSDT,BUY,LIMIT,1702111628774,52,6.5880
RUNEUSDT,BUY,LIMIT,1702113381265,6,6.6232
RUNEUSDT,BUY,LIMIT,1702113396150,46,6.6251
RUNEUSDT,BUY,LIMIT,1702113508088,505,6.6399
RUNEUSDT,SELL,LIMIT,1702114175547,106,6.4447
RUNEUSDT,SELL,LIMIT,1702114655434,8,6.4107
RUNEUSDT,SELL,LIMIT,1702115629243,6,6.3694
RUNEUSDT,SELL,LIMIT,1702117276523,27,6.3637
RUNEUSDT,SELL,LIMIT,1702121085353,235,6.3694
RUNEUSDT,SELL,LIMIT,1702121104008,16,6.3665
RUNEUSDT,SELL,LIMIT,1702122296279,3,6.3582
RUNEUSDT,SELL,LIMIT,1702124252086,38,6.3721
RUNEUSDT,SELL,LIMIT,1702124849313,8,6.3534
RUNEUSDT,SELL,LIMIT,1702125120510,768,6.3444
RUNEUSDT,SELL,LIMIT,1702125327646,18,6.3430
RUNEUSDT,SELL,LIMIT,1702125377746,343,6.3417
RUNEUSDT,SELL,LIMIT,1702125412424,55,6.3319
RUNEUSDT,BUY,LIMIT,1702127301223,86,6.5728
RUNEUSDT,SELL,LIMIT,1702128398077,31,6.3247
RUNEUSDT,SELL,LIMIT,1702128399251,132,6.3245
RUNEUSDT,SELL,LIMIT,1702128403793,7,6.3203
RUNEUSDT,SELL,LIMIT,1702128508990,726,6.3208
RUNEUSDT,SELL,LIMIT,1702128510601,7,6.3195
RUNEUSDT,SELL,LIMIT,1702128605959,23,6.3168
RUNEUSDT,SELL,LIMIT,1702128608548,16,6.3155
RUNEUSDT,SELL,LIMIT,1702128614941,40,6.3149
RUNEUSDT,SELL,LIMIT,1702128681415,3,6.3111
RUNEUSDT,SELL,LIMIT,1702128687218,20,6.3066
RUNEUSDT,SELL,LIMIT,1702128688412,76,6.3057
RUNEUSDT,SELL,LIMIT,1702128690964,40,6.2978
RUNEUSDT,BUY,LIMIT,1702129695274,67,6.5206
RUNEUSDT,BUY,LIMIT,1702131217380,16,6.5472
RUNEUSDT,SELL,LIMIT,1702132790614,35,6.3178
RUNEUSDT,SELL,LIMIT,1702132987370,32,6.3094
RUNEUSDT,SELL,LIMIT,1702132999450,30,6.2928
RUNEUSDT,SELL,LIMIT,1702133000497,759,6.2899
RUNEUSDT,SELL,LIMIT,1702133001535,49,6.2878
RUNEUSDT,SELL,LIMIT,1702133003525,3,6.2807
RUNEUSDT,SELL,LIMIT,1702133004754,156,6.2731
RUNEUSDT,SELL,LIMIT,1702133005764,210,6.2735
RUNEUSDT,SELL,LIMIT,1702133007382,32,6.2607
RUNEUSDT,SELL,LIMIT,1702133008460,46,6.2606
RUNEUSDT,SELL,LIMIT,1702133334288,231,6.2684
RUNEUSDT,SELL,LIMIT,1702133398837,127,6.2600
RUNEUSDT,SELL,LIMIT,1702134513738,28,6.2716
RUNEUSDT,SELL,LIMIT,1702134886083,79,6.2576
RUNEUSDT,SELL,LIMIT,1702135867795,29,6.2665
RUNEUSDT,BUY,LIMIT,1702136975058,3,6.4957
RUNEUSDT,SELL,LIMIT,1702138929459,8,6.2801
RUNEUSDT,SELL,LIMIT,1702138954380,3,6.2936
RUNEUSDT,SELL,LIMIT,1702138981353,434,6.2660
RUNEUSDT,SELL,LIMIT,1702139096202,227,6.2535
RUNEUSDT,SELL,LIMIT,1702139113581,209,6.2510
RUNEUSDT,SELL,LIMIT,1702139116796,93,6.2504
RUNEUSDT,SELL,LIMIT,1702139118209,63,6.2469
RUNEUSDT,SELL,LIMIT,1702139120537,10,6.2439
RUNEUSDT,SELL,LIMIT,1702139122736,14,6.2414
RUNEUSDT,SELL,LIMIT,1702139123857,47,6.2390
RUNEUSDT,SELL,LIMIT,1702139267139,62,6.2414
RUNEUSDT,SELL,LIMIT,1702139278983,93,6.2376
RUNEUSDT,SELL,LIMIT,1702139290614,62,6.2367
RUNEUSDT,SELL,LIMIT,1702139292121,93,6.2322
RUNEUSDT,SELL,LIMIT,1702139293410,6,6.2263
RUNEUSDT,SELL,LIMIT,1702139295789,288,6.2246
RUNEUSDT,SELL,LIMIT,1702139299290,30,6.2160
RUNEUSDT,SELL,LIMIT,1702139300316,26,6.2171
RUNEUSDT,SELL,LIMIT,1702141640502,304,6.2329
RUNEUSDT,SELL,LIMIT,1702141654182,19,6.2269
RUNEUSDT,SELL,LIMIT,1702141656122,761,6.2589
RUNEUSDT,SELL,LIMIT,1702141663877,280,6.2245
RUNEUSDT,SELL,LIMIT,1702141666597,100,6.2251
RUNEUSDT,SELL,LIMIT,1702141678581,397,6.2250
RUNEUSDT,SELL,LIMIT,1702141703530,93,6.2172
RUNEUSDT,SELL,LIMIT,1702141737813,192,6.2132
RUNEUSDT,SELL,LIMIT,1702141747717,15,6.2134
RUNEUSDT,SELL,LIMIT,1702141757602,16,6.2125
RUNEUSDT,SELL,LIMIT,1702141765074,404,6.2144
RUNEUSDT,SELL,LIMIT,1702141773730,465,6.2088
RUNEUSDT,SELL,LIMIT,1702141775053,8,6.2050
RUNEUSDT,SELL,LIMIT,1702141843266,76,6.2080
RUNEUSDT,SELL,LIMIT,1702141844559,272,6.2042
RUNEUSDT,SELL,LIMIT,1702141850119,71,6.1922
RUNEUSDT,SELL,LIMIT,1702141852148,20,6.1981
RUNEUSDT,SELL,LIMIT,1702141853268,2,6.1911
RUNEUSDT,SELL,LIMIT,1702141859408,5,6.1842
RUNEUSDT,SELL,LIMIT,1702141860481,34,6.1823
RUNEUSDT,BUY,LIMIT,1702143250224,54,6.4343
RUNEUSDT,BUY,LIMIT,1702143312273,48,6.4363
RUNEUSDT,SELL,LIMIT,1702144776707,1,6.1944
RUNEUSDT,SELL,LIMIT,1702151174003,77,6.2248
RUNEUSDT,SELL,LIMIT,1702151505434,33,6.2029
RUNEUSDT,SELL,LIMIT,1702151554715,1,6.1884
RUNEUSDT,SELL,LIMIT,1702152962743,127,6.1812
RUNEUSDT,SELL,LIMIT,1702152964102,4,6.1782
RUNEUSDT,SELL,LIMIT,1702152965589,62,6.1770
RUNEUSDT,SELL,LIMIT,1702152971449,5,6.1756
RUNEUSDT,SELL,LIMIT,1702153848059,1792,6.1363
RUNEUSDT,SELL,LIMIT,1702153849702,778,6.1692
RUNEUSDT,SELL,LIMIT,1702153851846,17,6.1670
RUNEUSDT,SELL,LIMIT,1702153865100,164,6.1657
RUNEUSDT,SELL,LIMIT,1702153867141,51,6.1616
RUNEUSDT,SELL,LIMIT,1702153868548,6,6.1641
RUNEUSDT,SELL,LIMIT,1702153869823,70,6.1581
RUNEUSDT,SELL,LIMIT,1702153872774,186,6.1541
RUNEUSDT,SELL,LIMIT,1702153875076,28,6.1514
RUNEUSDT,SELL,LIMIT,1702153876144,6,6.1518
RUNEUSDT,SELL,LIMIT,1702153881555,62,6.1539
RUNEUSDT,SELL,LIMIT,1702156347470,186,6.1739
RUNEUSDT,SELL,LIMIT,1702156360901,3,6.1730
RUNEUSDT,BUY,LIMIT,1702157823075,23,6.4074
RUNEUSDT,BUY,LIMIT,1702159571867,14,6.4342
RUNEUSDT,BUY,LIMIT,1702159818858,66,6.4511
RUNEUSDT,BUY,LIMIT,1702159871388,789,6.4589
RUNEUSDT,SELL,LIMIT,1702161380139,46,6.2706
RUNEUSDT,SELL,LIMIT,1702162367714,179,6.2449
RUNEUSDT,SELL,LIMIT,1702162470887,7,6.2388
RUNEUSDT,SELL,LIMIT,1702164052841,12,6.2106
RUNEUSDT,SELL,LIMIT,1702164079449,76,6.2082
RUNEUSDT,BUY,LIMIT,1702164134581,3,6.3280
RUNEUSDT,SELL,LIMIT,1702164147456,15,6.1971
RUNEUSDT,SELL,LIMIT,1702164208487,2,6.1909
RUNEUSDT,SELL,LIMIT,1702164218314,41,6.1851
RUNEUSDT,SELL,LIMIT,1702164433728,1635,6.1496
RUNEUSDT,SELL,LIMIT,1702164449941,63,6.1780
RUNEUSDT,SELL,LIMIT,1702164531013,105,6.1696
RUNEUSDT,SELL,LIMIT,1702164535401,768,6.1661
RUNEUSDT,SELL,LIMIT,1702164539512,19,6.1656
RUNEUSDT,SELL,LIMIT,1702164541505,10,6.1639
RUNEUSDT,SELL,LIMIT,1702164543326,799,6.1631
RUNEUSDT,SELL,LIMIT,1702164545235,3,6.1589
RUNEUSDT,SELL,LIMIT,1702164546944,26,6.1552
RUNEUSDT,SELL,LIMIT,1702164570554,243,6.1520
RUNEUSDT,SELL,LIMIT,1702164576744,1,6.1476
RUNEUSDT,SELL,LIMIT,1702164579214,44,6.1463
RUNEUSDT,SELL,LIMIT,1702164703250,56,6.1417
RUNEUSDT,SELL,LIMIT,1702164704517,3,6.1416
RUNEUSDT,SELL,LIMIT,1702164706033,400,6.1381
RUNEUSDT,SELL,LIMIT,1702164738308,310,6.1379
RUNEUSDT,SELL,LIMIT,1702164743285,20,6.1365
RUNEUSDT,SELL,LIMIT,1702164746341,25,6.1327
RUNEUSDT,SELL,LIMIT,1702164748237,57,6.1293
RUNEUSDT,SELL,LIMIT,1702164749254,247,6.1269
RUNEUSDT,SELL,LIMIT,1702164750462,22,6.1262
RUNEUSDT,SELL,LIMIT,1702164752589,106,6.1246
RUNEUSDT,SELL,LIMIT,1702164756558,174,6.1245
RUNEUSDT,SELL,LIMIT,1702164786880,68,6.1212
RUNEUSDT,SELL,LIMIT,1702164790237,14,6.1209
RUNEUSDT,SELL,LIMIT,1702164791416,97,6.1207
RUNEUSDT,SELL,LIMIT,1702164796119,91,6.1159
RUNEUSDT,SELL,LIMIT,1702164797381,97,6.1159
RUNEUSDT,SELL,LIMIT,1702164798447,1,6.2386
RUNEUSDT,SELL,LIMIT,1702164799737,67,6.1144
RUNEUSDT,SELL,LIMIT,1702164800854,100,6.1116
RUNEUSDT,SELL,LIMIT,1702164801872,151,6.1087
RUNEUSDT,SELL,LIMIT,1702164802923,30,6.0871
RUNEUSDT,SELL,LIMIT,1702164804413,788,6.0764
RUNEUSDT,SELL,LIMIT,1702164805481,425,6.0567
RUNEUSDT,SELL,LIMIT,1702164806483,464,6.0454
RUNEUSDT,SELL,LIMIT,1702164807714,120,6.0453
RUNEUSDT,SELL,LIMIT,1702164808742,29,6.0429
RUNEUSDT,SELL,LIMIT,1702164810055,201,6.0396
RUNEUSDT,SELL,LIMIT,1702164811179,637,6.0352
RUNEUSDT,SELL,LIMIT,1702164814638,20,6.0674
RUNEUSDT,SELL,LIMIT,1702164844386,15,6.0677
RUNEUSDT,SELL,LIMIT,1702166088562,518,6.0499
RUNEUSDT,SELL,LIMIT,1702166093796,355,6.0466
RUNEUSDT,SELL,LIMIT,1702166094852,243,6.0420
RUNEUSDT,SELL,LIMIT,1702166117281,3805,5.9784
RUNEUSDT,SELL,LIMIT,1702166138337,1,6.0231
RUNEUSDT,BUY,LIMIT,1702171577834,370,6.3434
RUNEUSDT,BUY,LIMIT,1702172603470,487,6.3674
RUNEUSDT,SELL,LIMIT,1702173616185,9,6.1791
RUNEUSDT,BUY,LIMIT,1702177555952,82,6.3893
RUNEUSDT,BUY,LIMIT,1702178004505,7,6.4055
RUNEUSDT,BUY,LIMIT,1702178592132,60,6.4254
RUNEUSDT,BUY,LIMIT,1702178694112,25,6.4338
RUNEUSDT,BUY,LIMIT,1702179760978,1339,6.4686
RUNEUSDT,BUY,LIMIT,1702180675162,58,6.4552
RUNEUSDT,BUY,LIMIT,1702180746754,11,6.4628
RUNEUSDT,BUY,LIMIT,1702180757379,7,6.4677
RUNEUSDT,BUY,LIMIT,1702180853154,19,6.4713
RUNEUSDT,BUY,LIMIT,1702182311450,30,6.4737
RUNEUSDT,BUY,LIMIT,1702182569305,393,6.4764
RUNEUSDT,BUY,LIMIT,1702183135206,304,6.4864
RUNEUSDT,BUY,LIMIT,1702183223341,17,6.5031
RUNEUSDT,BUY,LIMIT,1702184277971,7,6.5440
RUNEUSDT,BUY,LIMIT,1702184288241,11,6.5464
RUNEUSDT,BUY,LIMIT,1702185562261,26,6.5650
RUNEUSDT,BUY,LIMIT,1702185762638,63,6.5740
RUNEUSDT,BUY,LIMIT,1702185885080,790,6.5805
RUNEUSDT,BUY,LIMIT,1702185967150,602,6.5822
RUNEUSDT,BUY,LIMIT,1702186658477,317,6.5772
RUNEUSDT,BUY,LIMIT,1702190745146,23,6.5578
RUNEUSDT,BUY,LIMIT,1702190758388,15,6.5627
RUNEUSDT,BUY,LIMIT,1702191013384,15,6.5570
RUNEUSDT,SELL,LIMIT,1702191818898,20,6.4073
RUNEUSDT,SELL,LIMIT,1702192780124,4,6.3175
RUNEUSDT,SELL,LIMIT,1702193867259,49,6.3072
RUNEUSDT,BUY,LIMIT,1702194368257,485,6.5332
RUNEUSDT,SELL,LIMIT,1702196307458,4,6.3051
RUNEUSDT,SELL,LIMIT,1702196804799,193,6.3070
RUNEUSDT,SELL,LIMIT,1702197051438,66,6.3019
RUNEUSDT,SELL,LIMIT,1702197838783,14,6.2708
RUNEUSDT,SELL,LIMIT,1702197873693,664,6.2583
RUNEUSDT,SELL,LIMIT,1702197882426,1,6.2554
RUNEUSDT,SELL,LIMIT,1702200893046,675,6.2371
RUNEUSDT,SELL,LIMIT,1702200927650,3,6.2362
RUNEUSDT,SELL,LIMIT,1702202023693,21,6.2144
RUNEUSDT,SELL,LIMIT,1702202253402,7,6.2016
RUNEUSDT,SELL,LIMIT,1702202275571,19,6.1937
RUNEUSDT,SELL,LIMIT,1702202296403,9,6.1841
RUNEUSDT,SELL,LIMIT,1702202318310,27,6.1814
RUNEUSDT,SELL,LIMIT,1702202320038,3,6.1813
RUNEUSDT,SELL,LIMIT,1702202366440,2,6.1735
RUNEUSDT,SELL,LIMIT,1702202380131,27,6.1671
RUNEUSDT,SELL,LIMIT,1702202381404,109,6.1685
RUNEUSDT,SELL,LIMIT,1702202382540,5,6.1653
RUNEUSDT,BUY,LIMIT,1702204065734,36,6.4427
RUNEUSDT,BUY,LIMIT,1702205779737,87,6.4758
RUNEUSDT,SELL,LIMIT,1702208109312,50,6.2446
RUNEUSDT,BUY,LIMIT,1702210669114,56,6.4653
RUNEUSDT,BUY,LIMIT,1702210749193,37,6.4808
RUNEUSDT,BUY,LIMIT,1702210810454,99,6.4851
RUNEUSDT,BUY,LIMIT,1702210901211,404,6.4931
RUNEUSDT,BUY,LIMIT,1702212301354,350,6.5003
RUNEUSDT,BUY,LIMIT,1702212824659,2,6.4887
RUNEUSDT,SELL,LIMIT,1702218023814,698,6.2912
RUNEUSDT,SELL,LIMIT,1702218875760,19,6.2627
RUNEUSDT,BUY,LIMIT,1702219635001,78,6.4913
RUNEUSDT,BUY,LIMIT,1702219728968,93,6.4994
RUNEUSDT,BUY,LIMIT,1702219747824,11,6.5064
RUNEUSDT,BUY,LIMIT,1702219776544,222,6.5214
RUNEUSDT,BUY,LIMIT,1702220957904,777,6.5010
RUNEUSDT,BUY,LIMIT,1702224232438,44,6.5307
RUNEUSDT,BUY,LIMIT,1702225273962,2,6.5463
RUNEUSDT,BUY,LIMIT,1702225319037,1,6.5602
RUNEUSDT,SELL,LIMIT,1702226357443,12,6.3188
RUNEUSDT,SELL,LIMIT,1702226661447,12,6.3072
RUNEUSDT,BUY,LIMIT,1702226818499,8,6.5041
RUNEUSDT,SELL,LIMIT,1702227307906,128,6.3156
RUNEUSDT,SELL,LIMIT,1702228864389,119,6.2963
RUNEUSDT,SELL,LIMIT,1702230256650,2,6.3435
RUNEUSDT,SELL,LIMIT,1702230617055,10,6.2853
RUNEUSDT,BUY,LIMIT,1702231249096,32,6.5372
RUNEUSDT,BUY,LIMIT,1702231908003,3,6.5669
RUNEUSDT,BUY,LIMIT,1702231973167,2,6.5686
RUNEUSDT,BUY,LIMIT,1702231980705,7,6.5717
RUNEUSDT,BUY,LIMIT,1702232403265,42,6.5789
RUNEUSDT,BUY,LIMIT,1702232448251,5,6.5838
RUNEUSDT,BUY,LIMIT,1702232718532,1,6.5899
RUNEUSDT,BUY,LIMIT,1702232721713,157,6.6033
RUNEUSDT,BUY,LIMIT,1702232724625,36,6.6083
RUNEUSDT,BUY,LIMIT,1702232729185,30,6.6124
RUNEUSDT,BUY,LIMIT,1702232730422,11,6.6177
RUNEUSDT,BUY,LIMIT,1702232791078,608,6.6333
RUNEUSDT,BUY,LIMIT,1702233031344,156,6.6551
RUNEUSDT,BUY,LIMIT,1702233032767,1,6.6590
RUNEUSDT,BUY,LIMIT,1702233062580,78,6.6652
RUNEUSDT,BUY,LIMIT,1702233063943,8,6.6679
RUNEUSDT,BUY,LIMIT,1702233094754,71,6.6884
RUNEUSDT,BUY,LIMIT,1702233135776,21,6.7021
RUNEUSDT,BUY,LIMIT,1702233138494,94,6.7041
RUNEUSDT,BUY,LIMIT,1702233142364,3,6.7055
RUNEUSDT,SELL,LIMIT,1702233346152,10,6.4685
RUNEUSDT,BUY,LIMIT,1702233537887,3,6.6940
RUNEUSDT,BUY,LIMIT,1702233675455,12,6.7170
RUNEUSDT,BUY,LIMIT,1702233679545,1296,6.7480
RUNEUSDT,BUY,LIMIT,1702233698748,69,6.7226
RUNEUSDT,BUY,LIMIT,1702233706247,48,6.7235
RUNEUSDT,BUY,LIMIT,1702233707379,32,6.7238
RUNEUSDT,BUY,LIMIT,1702233738266,6,6.7300
RUNEUSDT,BUY,LIMIT,1702233739790,35,6.7313
RUNEUSDT,BUY,LIMIT,1702233744064,1590,6.7670
RUNEUSDT,BUY,LIMIT,1702233745195,289,6.7344
RUNEUSDT,BUY,LIMIT,1702233747836,142,6.7363
RUNEUSDT,BUY,LIMIT,1702233772410,35,6.7443
RUNEUSDT,BUY,LIMIT,1702233774563,30,6.7446
RUNEUSDT,BUY,LIMIT,1702233997169,20,6.7670
RUNEUSDT,SELL,LIMIT,1702234036802,5,6.5313
RUNEUSDT,SELL,LIMIT,1702234053820,45,6.5140
RUNEUSDT,SELL,LIMIT,1702235729224,146,6.4843
RUNEUSDT,BUY,LIMIT,1702236263161,759,6.7097
RUNEUSDT,BUY,LIMIT,1702239813228,6,6.6502
RUNEUSDT,BUY,LIMIT,1702239837372,28,6.6918
RUNEUSDT,BUY,LIMIT,1702239866998,449,6.7059
RUNEUSDT,BUY,LIMIT,1702240609237,6,6.7266
RUNEUSDT,BUY,LIMIT,1702240613442,53,6.7317
RUNEUSDT,BUY,LIMIT,1702240614540,15,6.7358
RUNEUSDT,BUY,LIMIT,1702240629542,2,6.7515
RUNEUSDT,BUY,LIMIT,1702240764155,15,6.7560
RUNEUSDT,BUY,LIMIT,1702241306162,5,6.7571
RUNEUSDT,BUY,LIMIT,1702241352610,1,6.7545
RUNEUSDT,BUY,LIMIT,1702241365481,10,6.7738
RUNEUSDT,BUY,LIMIT,1702242012519,4,6.7813
RUNEUSDT,SELL,LIMIT,1702243532353,9,6.5302
RUNEUSDT,SELL,LIMIT,1702243549621,3,6.5273
RUNEUSDT,SELL,LIMIT,1702244533568,116,6.5025
RUNEUSDT,SELL,LIMIT,1702245596770,200,6.4852
RUNEUSDT,SELL,LIMIT,1702245598643,30,6.4835
RUNEUSDT,SELL,LIMIT,1702245685291,6,6.4804
RUNEUSDT,SELL,LIMIT,1702245687059,76,6.4800
RUNEUSDT,SELL,LIMIT,1702245688278,29,6.4785
RUNEUSDT,SELL,LIMIT,1702245698340,3,6.4759
RUNEUSDT,SELL,LIMIT,1702245718937,15,6.4740
RUNEUSDT,SELL,LIMIT,1702245720519,22,6.4713
RUNEUSDT,BUY,LIMIT,1702247243966,110,6.7297
RUNEUSDT,SELL,LIMIT,1702249867065,3,6.5023
RUNEUSDT,SELL,LIMIT,1702250138010,15,6.4877
RUNEUSDT,SELL,LIMIT,1702250198421,224,6.4872
RUNEUSDT,SELL,LIMIT,1702250271412,151,6.4740
RUNEUSDT,SELL,LIMIT,1702250296630,11,6.4665
RUNEUSDT,SELL,LIMIT,1702250299635,2,6.4588
RUNEUSDT,BUY,LIMIT,1702250801176,168,6.6838
RUNEUSDT,BUY,LIMIT,1702252918158,456,6.7079
RUNEUSDT,BUY,LIMIT,1702252962762,38,6.7112
RUNEUSDT,SELL,LIMIT,1702256441191,31,6.4996
RUNEUSDT,SELL,LIMIT,1702256509241,1,6.4845
RUNEUSDT,SELL,LIMIT,1702256620302,15,6.4602
RUNEUSDT,SELL,LIMIT,1702256693574,75,6.4587
RUNEUSDT,SELL,LIMIT,1702256724030,9,6.4557
RUNEUSDT,SELL,LIMIT,1702256864198,6,6.4477
RUNEUSDT,SELL,LIMIT,1702256904512,26,6.4295
RUNEUSDT,SELL,LIMIT,1702256905951,8,6.4259
RUNEUSDT,SELL,LIMIT,1702256915501,2,6.4012
RUNEUSDT,SELL,LIMIT,1702256916579,130,6.3988
RUNEUSDT,SELL,LIMIT,1702256917934,48,6.3942
RUNEUSDT,SELL,LIMIT,1702256921745,19,6.3894
RUNEUSDT,SELL,LIMIT,1702256976823,388,6.3937
RUNEUSDT,SELL,LIMIT,1702256985201,9,6.3879
RUNEUSDT,SELL,LIMIT,1702258488402,1,6.3947
RUNEUSDT,SELL,LIMIT,1702258544036,191,6.3888
RUNEUSDT,SELL,LIMIT,1702258640788,8,6.3715
RUNEUSDT,SELL,LIMIT,1702258645934,2,6.3714
RUNEUSDT,SELL,LIMIT,1702260216620,3,6.3659
RUNEUSDT,SELL,LIMIT,1702260247747,35,6.3622
RUNEUSDT,SELL,LIMIT,1702260253335,5,6.3604
RUNEUSDT,SELL,LIMIT,1702260254479,120,6.3597
RUNEUSDT,SELL,LIMIT,1702260259780,9,6.3560
RUNEUSDT,SELL,LIMIT,1702260276901,200,6.3514
RUNEUSDT,SELL,LIMIT,1702260280935,278,6.3447
RUNEUSDT,SELL,LIMIT,1702260282911,25,6.3434
RUNEUSDT,SELL,LIMIT,1702260322073,265,6.3338
RUNEUSDT,SELL,LIMIT,1702260323224,9,6.3312
RUNEUSDT,SELL,LIMIT,1702260324317,775,6.3224
RUNEUSDT,SELL,LIMIT,1702260327822,105,6.3231
RUNEUSDT,SELL,LIMIT,1702260424488,1,6.3212
RUNEUSDT,SELL,LIMIT,1702260428180,3783,6.2637
RUNEUSDT,SELL,LIMIT,1702260430406,1000,6.2931
RUNEUSDT,SELL,LIMIT,1702260431421,6,6.2889
RUNEUSDT,SELL,LIMIT,1702260432756,151,6.2799
RUNEUSDT,SELL,LIMIT,1702260433785,923,6.2617
RUNEUSDT,SELL,LIMIT,1702260435235,664,6.2793
RUNEUSDT,SELL,LIMIT,1702260439287,1,6.2651
RUNEUSDT,SELL,LIMIT,1702260483201,12,6.2655
RUNEUSDT,SELL,LIMIT,1702260623732,366,6.2601
RUNEUSDT,SELL,LIMIT,1702260626798,443,6.2560
RUNEUSDT,SELL,LIMIT,1702260628115,1,6.2396
RUNEUSDT,SELL,LIMIT,1702260629334,2258,6.2088
RUNEUSDT,SELL,LIMIT,1702260630693,11,6.2306
RUNEUSDT,SELL,LIMIT,1702260631696,150,6.2225
RUNEUSDT,SELL,LIMIT,1702260632728,17,6.2251
RUNEUSDT,SELL,LIMIT,1702260633941,139,6.2199
RUNEUSDT,SELL,LIMIT,1702260635228,67,6.2174
RUNEUSDT,SELL,LIMIT,1702260637689,88,6.2162
RUNEUSDT,SELL,LIMIT,1702260639059,772,6.2170
RUNEUSDT,SELL,LIMIT,1702260690365,13,6.2152
RUNEUSDT,SELL,LIMIT,1702260697245,4,6.2061
RUNEUSDT,SELL,LIMIT,1702260698695,140,6.2038
RUNEUSDT,SELL,LIMIT,1702260700264,8,6.1980
RUNEUSDT,SELL,LIMIT,1702260707142,827,6.1949
RUNEUSDT,SELL,LIMIT,1702260708153,75,6.1966
RUNEUSDT,SELL,LIMIT,1702260709237,21,6.1946
RUNEUSDT,SELL,LIMIT,1702260710288,1,6.1896
RUNEUSDT,SELL,LIMIT,1702260711570,13,6.1897
RUNEUSDT,SELL,LIMIT,1702260713672,162,6.1876
RUNEUSDT,SELL,LIMIT,1702260714691,7,6.1839
RUNEUSDT,SELL,LIMIT,1702260716565,25,6.1751
RUNEUSDT,SELL,LIMIT,1702260718119,24,6.1845
RUNEUSDT,SELL,LIMIT,1702260719213,73,6.1832
RUNEUSDT,SELL,LIMIT,1702260720940,1628,6.1299
RUNEUSDT,SELL,LIMIT,1702260722628,44,6.1629
RUNEUSDT,SELL,LIMIT,1702260723675,273,6.1511
RUNEUSDT,SELL,LIMIT,1702260724694,50,6.1543
RUNEUSDT,SELL,LIMIT,1702260725699,3,6.1553
RUNEUSDT,SELL,LIMIT,1702260726841,87,6.1455
RUNEUSDT,SELL,LIMIT,1702260727882,76,6.1513
RUNEUSDT,SELL,LIMIT,1702260728896,6,6.1422
RUNEUSDT,SELL,LIMIT,1702260729902,6,6.1363
RUNEUSDT,SELL,LIMIT,1702260731041,56,6.1248
RUNEUSDT,SELL,LIMIT,1702260732937,11,6.1190
RUNEUSDT,SELL,LIMIT,1702260734392,69,6.1106
RUNEUSDT,SELL,LIMIT,1702260735791,1,6.1142
RUNEUSDT,SELL,LIMIT,1702260736856,36,6.1077
RUNEUSDT,SELL,LIMIT,1702260737885,3,6.7572
RUNEUSDT,SELL,LIMIT,1702260738952,8,6.1200
RUNEUSDT,SELL,LIMIT,1702260740220,2427,6.0640
RUNEUSDT,SELL,LIMIT,1702260741325,1,6.1054
RUNEUSDT,SELL,LIMIT,1702260742604,757,6.0971
RUNEUSDT,SELL,LIMIT,1702260743679,17,6.0909
RUNEUSDT,SELL,LIMIT,1702260744735,113,6.0845
RUNEUSDT,SELL,LIMIT,1702260745748,26,6.0857
RUNEUSDT,SELL,LIMIT,1702260746773,50,6.0746
RUNEUSDT,SELL,LIMIT,1702260747948,30,6.0471
RUNEUSDT,SELL,LIMIT,1702260748957,292,6.0471
RUNEUSDT,SELL,LIMIT,1702260750240,23,6.0596
RUNEUSDT,BUY,LIMIT,1702260751308,70,6.2459
RUNEUSDT,SELL,LIMIT,1702260752621,3,6.0471
RUNEUSDT,SELL,LIMIT,1702260753630,43,6.0433
RUNEUSDT,SELL,LIMIT,1702260754718,27,6.0460
RUNEUSDT,SELL,LIMIT,1702260755871,11,6.0339
RUNEUSDT,SELL,LIMIT,1702260757534,21,6.0299
RUNEUSDT,SELL,LIMIT,1702260758629,205,6.0195
RUNEUSDT,SELL,LIMIT,1702260759708,377,6.0247
RUNEUSDT,SELL,LIMIT,1702260760704,92,6.0133
RUNEUSDT,SELL,LIMIT,1702260761737,26,6.0124
RUNEUSDT,SELL,LIMIT,1702260762749,91,6.0041
RUNEUSDT,SELL,LIMIT,1702260763752,2,5.9736
RUNEUSDT,SELL,LIMIT,1702260764754,2,5.9576
RUNEUSDT,SELL,LIMIT,1702260765783,7,5.9701
RUNEUSDT,SELL,LIMIT,1702260766768,9,5.9491
RUNEUSDT,SELL,LIMIT,1702260767818,100,5.9488
RUNEUSDT,SELL,LIMIT,1702260768870,87,5.9423
RUNEUSDT,SELL,LIMIT,1702260769819,60,5.9378
RUNEUSDT,SELL,LIMIT,1702260771027,2,5.9204
RUNEUSDT,SELL,LIMIT,1702260772105,1,5.9104
RUNEUSDT,SELL,LIMIT,1702260773127,1000,5.9431
RUNEUSDT,SELL,LIMIT,1702260774142,18,5.9162
RUNEUSDT,SELL,LIMIT,1702260775149,449,5.8745
RUNEUSDT,SELL,LIMIT,1702260776249,105,5.8439
RUNEUSDT,SELL,LIMIT,1702260777260,62,5.8681
RUNEUSDT,SELL,LIMIT,1702260778259,61,5.8253
RUNEUSDT,SELL,LIMIT,1702260779324,129,5.8388
RUNEUSDT,SELL,LIMIT,1702260780473,224,5.8230
RUNEUSDT,SELL,LIMIT,1702260781490,45,5.7794
RUNEUSDT,SELL,LIMIT,1702260782502,1302,5.7610
RUNEUSDT,SELL,LIMIT,1702260783523,529,5.8485
RUNEUSDT,SELL,LIMIT,1702260784627,3919,5.6794
RUNEUSDT,SELL,LIMIT,1702260785638,2127,5.6700
RUNEUSDT,SELL,LIMIT,1702260786770,1263,5.7144
RUNEUSDT,SELL,LIMIT,1702260787865,22,5.7258
RUNEUSDT,BUY,LIMIT,1702260788970,948,5.9029
RUNEUSDT,SELL,LIMIT,1702260790301,497,5.6983
RUNEUSDT,SELL,LIMIT,1702260791340,61,5.7346
RUNEUSDT,SELL,LIMIT,1702260792558,307,5.7246
RUNEUSDT,SELL,LIMIT,1702260793570,22,5.6782
RUNEUSDT,SELL,LIMIT,1702260794578,2,5.6577
RUNEUSDT,SELL,LIMIT,1702260795585,64,5.6438
RUNEUSDT,SELL,LIMIT,1702260796612,34,5.6294
RUNEUSDT,SELL,LIMIT,1702260797695,1,5.6165
RUNEUSDT,SELL,LIMIT,1702260798956,190,5.6140
RUNEUSDT,SELL,LIMIT,1702260799994,20,5.6494
RUNEUSDT,SELL,LIMIT,1702260801021,134,5.5860
RUNEUSDT,SELL,LIMIT,1702260802679,276,5.6122
RUNEUSDT,SELL,LIMIT,1702260803681,159,5.5652
RUNEUSDT,SELL,LIMIT,1702260804737,144,5.5501
RUNEUSDT,SELL,LIMIT,1702260805991,2157,5.5125
RUNEUSDT,SELL,LIMIT,1702260807204,6,5.5451
RUNEUSDT,SELL,LIMIT,1702260808211,785,5.4838
RUNEUSDT,SELL,LIMIT,1702260809231,252,5.4890
RUNEUSDT,SELL,LIMIT,1702260810254,54,5.4625
RUNEUSDT,SELL,LIMIT,1702260811283,5,5.4588
RUNEUSDT,SELL,LIMIT,1702260812810,14,5.4522
RUNEUSDT,SELL,LIMIT,1702260813833,354,5.4406
RUNEUSDT,SELL,LIMIT,1702260815134,150,5.4547
RUNEUSDT,SELL,LIMIT,1702260817382,127,5.4512
RUNEUSDT,SELL,LIMIT,1702260818402,21,5.4449
RUNEUSDT,SELL,LIMIT,1702260822896,202,5.4594
RUNEUSDT,SELL,LIMIT,1702260824199,30,5.4772
RUNEUSDT,BUY,LIMIT,1702260825631,64,5.6501
RUNEUSDT,SELL,LIMIT,1702260828401,20,5.4938
RUNEUSDT,SELL,LIMIT,1702260831068,149,5.7042
RUNEUSDT,SELL,LIMIT,1702260837713,37,5.5219
RUNEUSDT,BUY,LIMIT,1702260839102,153,5.7036
RUNEUSDT,BUY,LIMIT,1702260844762,10,5.7922
RUNEUSDT,BUY,LIMIT,1702260846350,3,5.8036
RUNEUSDT,BUY,LIMIT,1702260847873,55,5.8084
RUNEUSDT,BUY,LIMIT,1702260865123,90,5.8970
RUNEUSDT,BUY,LIMIT,1702260874336,4,5.9199
RUNEUSDT,BUY,LIMIT,1702260904891,2,6.0103
RUNEUSDT,SELL,LIMIT,1702260982386,46,5.8530
RUNEUSDT,BUY,LIMIT,1702261044296,96,6.0588
RUNEUSDT,BUY,LIMIT,1702261448205,143,6.1392
RUNEUSDT,SELL,LIMIT,1702261589835,107,5.9244
RUNEUSDT,SELL,LIMIT,1702261620238,12,5.8948
RUNEUSDT,BUY,LIMIT,1702261729218,13,6.1434
RUNEUSDT,SELL,LIMIT,1702262318427,44,5.9463
RUNEUSDT,SELL,LIMIT,1702262339686,20,5.9381
RUNEUSDT,SELL,LIMIT,1702262508486,14,5.9206
RUNEUSDT,SELL,LIMIT,1702262554763,7,5.9034
RUNEUSDT,SELL,LIMIT,1702262565669,325,5.8898
RUNEUSDT,SELL,LIMIT,1702262628309,42,5.8480
RUNEUSDT,SELL,LIMIT,1702262873708,9,5.8519
RUNEUSDT,BUY,LIMIT,1702263239356,71,6.1231
RUNEUSDT,SELL,LIMIT,1702263609560,80,5.9183
RUNEUSDT,BUY,LIMIT,1702263643804,46,6.0331
RUNEUSDT,BUY,LIMIT,1702264180558,7,6.1394
RUNEUSDT,BUY,LIMIT,1702265859281,10,6.2303
RUNEUSDT,BUY,LIMIT,1702265922122,965,6.2483
RUNEUSDT,BUY,LIMIT,1702265970200,216,6.2589
RUNEUSDT,BUY,LIMIT,1702266198724,2,6.2785
RUNEUSDT,SELL,LIMIT,1702266353385,4,6.0595
RUNEUSDT,SELL,LIMIT,1702267257130,71,6.0279
RUNEUSDT,BUY,LIMIT,1702267488980,31,6.2342
