Symbol,Side,Order Type,Time,Quantity,Price
RUNEUSDT,SELL,LIMIT,1700846480726,86,5.3329
RUNEUSDT,SELL,LIMIT,1700846483493,7,5.3321
RUNEUSDT,SELL,LIMIT,1700848927835,72,5.3188
RUNEUSDT,BUY,LIMIT,1700850513946,46,5.4899
RUNEUSDT,BUY,LIMIT,1700850566284,1,5.4935
RUNEUSDT,SELL,LIMIT,1700852926204,179,5.2976
RUNEUSDT,SELL,LIMIT,1700852934137,18,5.2969
RUNEUSDT,SELL,LIMIT,1700852940100,28,5.2954
RUNEUSDT,SELL,LIMIT,1700852952625,906,5.2929
RUNEUSDT,SELL,LIMIT,1700852954899,167,5.2914
RUNEUSDT,SELL,LIMIT,1700852956210,2526,5.2563
RUNEUSDT,SELL,LIMIT,1700853470905,20,5.3025
RUNEUSDT,SELL,LIMIT,1700857189673,1132,5.3000
RUNEUSDT,BUY,LIMIT,1700859044866,16,5.5118
RUNEUSDT,BUY,LIMIT,1700859099337,3,5.5301
RUNEUSDT,SELL,LIMIT,1700862912561,26,5.3464
RUNEUSDT,SELL,LIMIT,1700863275834,2,5.3294
RUNEUSDT,SELL,LIMIT,1700863280194,6,5.3289
RUNEUSDT,SELL,LIMIT,1700863942073,8,5.3157
RUNEUSDT,SELL,LIMIT,1700863949803,2,5.3145
RUNEUSDT,SELL,LIMIT,1700863952841,292,5.3066
RUNEUSDT,SELL,LIMIT,1700863954788,20,5.3015
RUNEUSDT,SELL,LIMIT,1700866626972,1,5.3584
RUNEUSDT,SELL,LIMIT,1700866928166,97,5.3056
RUNEUSDT,SELL,LIMIT,1700866932731,35,5.3047
RUNEUSDT,SELL,LIMIT,1700867104549,10,5.3033
RUNEUSDT,SELL,LIMIT,1700867373270,100,5.2964
RUNEUSDT,BUY,LIMIT,1700869900252,270,5.5097
RUNEUSDT,BUY,LIMIT,1700870075302,5,5.5185
RUNEUSDT,BUY,LIMIT,1700870947293,25,5.5358
RUNEUSDT,BUY,LIMIT,1700870970456,725,5.5483
RUNEUSDT,BUY,LIMIT,1700871029359,9,5.5801
RUNEUSDT,BUY,LIMIT,1700871038141,483,5.5898
RUNEUSDT,BUY,LIMIT,1700871040091,58,5.5927
RUNEUSDT,BUY,LIMIT,1700871048811,96,5.5991
RUNEUSDT,SELL,LIMIT,1700873450069,2,5.3496
RUNEUSDT,SELL,LIMIT,1700873548254,153,5.3259
RUNEUSDT,SELL,LIMIT,1700873572196,30,5.3148
RUNEUSDT,SELL,LIMIT,1700873617142,84,5.3072
RUNEUSDT,SELL,LIMIT,1700873671463,482,5.2936
RUNEUSDT,SELL,LIMIT,1700873679190,926,5.2888
RUNEUSDT,SELL,LIMIT,1700873680616,47,5.2849
RUNEUSDT,SELL,LIMIT,1700873687851,27,5.2828
RUNEUSDT,SELL,LIMIT,1700873693193,7,5.2799
RUNEUSDT,SELL,LIMIT,1700873717517,32,5.2781
RUNEUSDT,BUY,LIMIT,1700876322236,17,5.4904
RUNEUSDT,BUY,LIMIT,1700876378211,1,5.4991
RUNEUSDT,SELL,LIMIT,1700877272222,1,5.3485
RUNEUSDT,SELL,LIMIT,1700878832094,170,5.3501
RUNEUSDT,BUY,LIMIT,1700880247886,9,5.5394
RUNEUSDT,BUY,LIMIT,1700880584043,9,5.5523
