Symbol,Side,Order Type,Time,Quantity,Price
RUNEUSDT,BUY,LIMIT,1701067040412,49,5.4852
RUNEUSDT,BUY,LIMIT,1701067079354,150,5.4887
RUNEUSDT,BUY,LIMIT,1701067085747,41,5.4903
RUNEUSDT,BUY,LIMIT,1701067115412,16,5.4935
RUNEUSDT,BUY,LIMIT,1701067525423,7,5.4962
RUNEUSDT,BUY,LIMIT,1701067531399,19,5.5004
RUNEUSDT,BUY,LIMIT,1701067533225,827,5.5038
RUNEUSDT,BUY,LIMIT,1701067538309,32,5.5072
RUNEUSDT,BUY,LIMIT,1701067751258,135,5.4941
RUNEUSDT,SELL,LIMIT,1701068037240,27,5.2996
RUNEUSDT,BUY,LIMIT,1701068946409,48,5.4768
RUNEUSDT,BUY,LIMIT,1701069053147,181,5.4940
RUNEUSDT,SELL,LIMIT,1701069639208,31,5.2964
RUNEUSDT,SELL,LIMIT,1701069734051,101,5.2959
RUNEUSDT,SELL,LIMIT,1701069832077,592,5.2747
RUNEUSDT,SELL,LIMIT,1701069856336,1,5.2715
RUNEUSDT,SELL,LIMIT,1701069878216,21,5.2651
RUNEUSDT,SELL,LIMIT,1701069882047,9,5.2550
RUNEUSDT,SELL,LIMIT,1701069884088,1,5.2518
RUNEUSDT,SELL,LIMIT,1701069885218,39,5.2509
RUNEUSDT,SELL,LIMIT,1701069887595,9,5.2483
RUNEUSDT,BUY,LIMIT,1701069892061,10,5.4099
RUNEUSDT,SELL,LIMIT,1701069898316,1,5.2468
RUNEUSDT,SELL,LIMIT,1701069912351,282,5.2387
RUNEUSDT,BUY,LIMIT,1701070679230,62,5.4396
RUNEUSDT,SELL,LIMIT,1701071523058,282,5.2802
RUNEUSDT,BUY,LIMIT,1701072649044,30,5.4828
RUNEUSDT,BUY,LIMIT,1701072678322,372,5.4923
RUNEUSDT,BUY,LIMIT,1701072684024,302,5.5023
RUNEUSDT,BUY,LIMIT,1701072802752,358,5.5192
RUNEUSDT,BUY,LIMIT,1701072805403,110,5.5236
RUNEUSDT,BUY,LIMIT,1701072844560,52,5.5300
RUNEUSDT,BUY,LIMIT,1701072976437,12,5.5426
RUNEUSDT,SELL,LIMIT,1701074856184,357,5.3177
RUNEUSDT,SELL,LIMIT,1701074882787,184,5.3136
RUNEUSDT,SELL,LIMIT,1701074961233,5,5.3041
RUNEUSDT,SELL,LIMIT,1701075018804,18,5.2942
RUNEUSDT,BUY,LIMIT,1701075738223,5,5.5277
RUNEUSDT,SELL,LIMIT,1701075987909,438,5.3369
RUNEUSDT,SELL,LIMIT,1701076662592,169,5.3288
RUNEUSDT,SELL,LIMIT,1701076689371,83,5.3223
RUNEUSDT,SELL,LIMIT,1701077399082,6,5.3551
RUNEUSDT,BUY,LIMIT,1701078715364,7,5.5260
RUNEUSDT,BUY,LIMIT,1701078785963,921,5.5309
RUNEUSDT,SELL,LIMIT,1701080618203,89,5.3230
RUNEUSDT,SELL,LIMIT,1701080645963,4,5.3199
RUNEUSDT,SELL,LIMIT,1701080648097,342,5.3167
RUNEUSDT,SELL,LIMIT,1701080853360,270,5.2968
RUNEUSDT,SELL,LIMIT,1701080858511,199,5.2943
RUNEUSDT,SELL,LIMIT,1701080955658,2,5.2797
RUNEUSDT,SELL,LIMIT,1701081036474,50,5.2548
RUNEUSDT,SELL,LIMIT,1701081078104,18,5.2495
RUNEUSDT,SELL,LIMIT,1701081132202,20,5.2494
RUNEUSDT,SELL,LIMIT,1701081134255,14,5.2465
RUNEUSDT,SELL,LIMIT,1701081139058,371,5.2456
RUNEUSDT,SELL,LIMIT,1701081166489,312,5.2606
RUNEUSDT,SELL,LIMIT,1701081183629,187,5.2396
RUNEUSDT,SELL,LIMIT,1701081204634,102,5.2375
RUNEUSDT,SELL,LIMIT,1701081256785,93,5.2447
RUNEUSDT,SELL,LIMIT,1701081427813,10,5.2400
RUNEUSDT,SELL,LIMIT,1701081451058,27,5.2300
RUNEUSDT,SELL,LIMIT,1701081488429,756,5.2260
RUNEUSDT,BUY,LIMIT,1701081499222,1,5.3895
RUNEUSDT,SELL,LIMIT,1701081580229,3,5.2304
RUNEUSDT,BUY,LIMIT,1701082038083,7,5.4193
RUNEUSDT,SELL,LIMIT,1701082676489,80,5.2569
RUNEUSDT,SELL,LIMIT,1701082678729,18,5.2608
RUNEUSDT,SELL,LIMIT,1701082684852,2,5.2511
RUNEUSDT,BUY,LIMIT,1701083872518,5,5.4594
RUNEUSDT,BUY,LIMIT,1701083988279,112,5.4764
RUNEUSDT,SELL,LIMIT,1701084931941,9,5.2717
RUNEUSDT,BUY,LIMIT,1701085053237,2,5.4782
RUNEUSDT,BUY,LIMIT,1701085871464,68,5.4850
RUNEUSDT,BUY,LIMIT,1701086110743,199,5.4976
RUNEUSDT,BUY,LIMIT,1701086570704,71,5.5029
RUNEUSDT,BUY,LIMIT,1701086851288,2,5.5183
RUNEUSDT,BUY,LIMIT,1701086969153,76,5.5226
RUNEUSDT,BUY,LIMIT,1701087033002,5,5.5293
RUNEUSDT,BUY,LIMIT,1701087254130,46,5.5375
RUNEUSDT,BUY,LIMIT,1701087348855,147,5.5434
RUNEUSDT,BUY,LIMIT,1701087428187,50,5.5568
RUNEUSDT,BUY,LIMIT,1701087430932,105,5.5624
RUNEUSDT,BUY,LIMIT,1701087516595,1,5.5741
RUNEUSDT,BUY,LIMIT,1701087546894,7,5.5780
RUNEUSDT,BUY,LIMIT,1701087551535,6,5.5813
RUNEUSDT,BUY,LIMIT,1701087554746,475,5.5825
RUNEUSDT,BUY,LIMIT,1701087577191,3,5.5865
RUNEUSDT,BUY,LIMIT,1701087578278,35,5.5885
RUNEUSDT,BUY,LIMIT,1701087580199,187,5.5906
RUNEUSDT,SELL,LIMIT,1701087704218,13,5.3882
RUNEUSDT,SELL,LIMIT,1701087706448,47,5.3841
RUNEUSDT,SELL,LIMIT,1701087980980,21,5.3539
RUNEUSDT,SELL,LIMIT,1701088059711,394,5.3449
RUNEUSDT,BUY,LIMIT,1701088326958,62,5.5415
RUNEUSDT,BUY,LIMIT,1701088443480,47,5.5398
RUNEUSDT,SELL,LIMIT,1701088690364,5,5.3429
RUNEUSDT,SELL,LIMIT,1701089994947,10,5.3361
RUNEUSDT,SELL,LIMIT,1701091158804,5,5.3277
RUNEUSDT,SELL,LIMIT,1701091162059,217,5.3263
RUNEUSDT,SELL,LIMIT,1701091163459,104,5.3201
RUNEUSDT,SELL,LIMIT,1701092006233,14,5.3144
RUNEUSDT,SELL,LIMIT,1701092007662,81,5.3130
RUNEUSDT,SELL,LIMIT,1701092405948,763,5.3028
RUNEUSDT,SELL,LIMIT,1701092591274,735,5.2936
RUNEUSDT,SELL,LIMIT,1701092595901,16,5.2848
RUNEUSDT,SELL,LIMIT,1701093108156,119,5.2586
RUNEUSDT,SELL,LIMIT,1701093116511,817,5.2516
RUNEUSDT,SELL,LIMIT,1701093117844,71,5.2496
RUNEUSDT,SELL,LIMIT,1701093119162,38,5.2441
RUNEUSDT,SELL,LIMIT,1701093137512,693,5.2284
RUNEUSDT,SELL,LIMIT,1701093138675,146,5.2250
RUNEUSDT,BUY,LIMIT,1701093497224,63,5.4216
RUNEUSDT,BUY,LIMIT,1701093648624,919,5.4224
RUNEUSDT,SELL,LIMIT,1701093660032,11,5.2664
RUNEUSDT,BUY,LIMIT,1701093794363,81,5.4452
RUNEUSDT,BUY,LIMIT,1701093826316,223,5.4573
RUNEUSDT,SELL,LIMIT,1701093977378,322,5.2683
RUNEUSDT,SELL,LIMIT,1701094436481,47,5.2404
RUNEUSDT,SELL,LIMIT,1701094479424,3,5.2381
RUNEUSDT,SELL,LIMIT,1701094493981,935,5.2338
RUNEUSDT,SELL,LIMIT,1701094567562,1,5.2250
RUNEUSDT,SELL,LIMIT,1701094571454,31,5.2229
RUNEUSDT,SELL,LIMIT,1701094660131,37,5.2222
RUNEUSDT,SELL,LIMIT,1701094682673,343,5.2207
RUNEUSDT,SELL,LIMIT,1701094685970,129,5.2199
RUNEUSDT,SELL,LIMIT,1701094694155,330,5.2147
RUNEUSDT,SELL,LIMIT,1701094696323,1,5.2122
RUNEUSDT,SELL,LIMIT,1701094699603,530,5.2073
RUNEUSDT,SELL,LIMIT,1701094703162,16,5.2013
RUNEUSDT,SELL,LIMIT,1701094710433,1,5.1942
RUNEUSDT,SELL,LIMIT,1701094881449,48,5.1887
RUNEUSDT,SELL,LIMIT,1701094923286,370,5.1871
RUNEUSDT,SELL,LIMIT,1701094934118,59,5.1840
RUNEUSDT,SELL,LIMIT,1701094954474,47,5.1777
RUNEUSDT,SELL,LIMIT,1701094957601,1,5.1775
RUNEUSDT,SELL,LIMIT,1701094958736,4,5.1758
RUNEUSDT,SELL,LIMIT,1701094964375,13,5.1729
RUNEUSDT,SELL,LIMIT,1701094966104,5,5.1686
RUNEUSDT,SELL,LIMIT,1701094967391,57,5.1724
RUNEUSDT,SELL,LIMIT,1701094980370,7,5.1664
RUNEUSDT,SELL,LIMIT,1701094986376,385,5.1654
RUNEUSDT,SELL,LIMIT,1701094987501,10,5.1626
RUNEUSDT,SELL,LIMIT,1701094992339,70,5.1609
RUNEUSDT,SELL,LIMIT,1701095006110,195,5.1594
RUNEUSDT,SELL,LIMIT,1701095007177,156,5.1596
RUNEUSDT,SELL,LIMIT,1701095024100,14,5.1582
RUNEUSDT,SELL,LIMIT,1701095025742,1,5.1581
RUNEUSDT,SELL,LIMIT,1701097011279,206,5.1715
RUNEUSDT,SELL,LIMIT,1701097044148,121,5.1749
RUNEUSDT,BUY,LIMIT,1701097394999,949,5.3712
RUNEUSDT,BUY,LIMIT,1701097403117,23,5.3735
RUNEUSDT,BUY,LIMIT,1701097715362,17,5.3896
RUNEUSDT,SELL,LIMIT,1701099222059,235,5.1987
RUNEUSDT,SELL,LIMIT,1701100158919,820,5.1901
RUNEUSDT,SELL,LIMIT,1701100563412,100,5.1768
RUNEUSDT,SELL,LIMIT,1701100568191,3,5.1810
RUNEUSDT,SELL,LIMIT,1701100577138,14,5.1712
RUNEUSDT,SELL,LIMIT,1701100641866,56,5.1624
RUNEUSDT,SELL,LIMIT,1701101007837,5,5.1821
RUNEUSDT,BUY,LIMIT,1701101074382,16,5.3508
RUNEUSDT,SELL,LIMIT,1701101102214,551,5.1940
RUNEUSDT,BUY,LIMIT,1701101956630,5,5.4231
RUNEUSDT,BUY,LIMIT,1701102492106,384,5.4291
RUNEUSDT,BUY,LIMIT,1701102642159,64,5.4385
RUNEUSDT,BUY,LIMIT,1701102646666,2,5.4424
RUNEUSDT,SELL,LIMIT,1701102955715,19,5.2416
RUNEUSDT,BUY,LIMIT,1701103547933,88,5.4353
RUNEUSDT,BUY,LIMIT,1701104139779,73,5.4413
RUNEUSDT,BUY,LIMIT,1701104159457,1,5.4499
RUNEUSDT,BUY,LIMIT,1701104185742,11,5.4595
RUNEUSDT,BUY,LIMIT,1701104329115,183,5.4681
RUNEUSDT,BUY,LIMIT,1701104406537,1,5.4826
RUNEUSDT,BUY,LIMIT,1701104467592,8,5.4914
RUNEUSDT,SELL,LIMIT,1701104503415,63,5.3683
RUNEUSDT,BUY,LIMIT,1701105162396,410,5.4967
RUNEUSDT,BUY,LIMIT,1701105257116,188,5.5098
RUNEUSDT,SELL,LIMIT,1701107451975,26,5.3068
RUNEUSDT,BUY,LIMIT,1701108221234,11,5.4729
RUNEUSDT,SELL,LIMIT,1701111072635,73,5.3015
RUNEUSDT,SELL,LIMIT,1701111127848,32,5.2909
RUNEUSDT,SELL,LIMIT,1701111220799,76,5.2822
RUNEUSDT,SELL,LIMIT,1701111450269,11,5.2672
RUNEUSDT,SELL,LIMIT,1701111456271,9,5.2642
RUNEUSDT,SELL,LIMIT,1701111572146,3,5.2606
RUNEUSDT,SELL,LIMIT,1701112142330,2,5.2482
RUNEUSDT,SELL,LIMIT,1701112789033,373,5.2395
RUNEUSDT,SELL,LIMIT,1701114107910,63,5.2249
RUNEUSDT,SELL,LIMIT,1701114119885,23,5.2235
RUNEUSDT,SELL,LIMIT,1701114140895,37,5.2190
RUNEUSDT,SELL,LIMIT,1701114148757,1,5.2165
RUNEUSDT,SELL,LIMIT,1701114162805,42,5.2148
RUNEUSDT,BUY,LIMIT,1701114163868,482,5.3669
RUNEUSDT,SELL,LIMIT,1701114165493,782,5.2056
RUNEUSDT,SELL,LIMIT,1701114237303,99,5.2106
RUNEUSDT,SELL,LIMIT,1701114261775,641,5.1982
RUNEUSDT,SELL,LIMIT,1701114274403,168,5.1959
RUNEUSDT,SELL,LIMIT,1701114344302,11,5.1961
RUNEUSDT,SELL,LIMIT,1701114463769,5,5.1852
RUNEUSDT,SELL,LIMIT,1701114473123,111,5.1832
RUNEUSDT,SELL,LIMIT,1701114477063,21,5.1823
RUNEUSDT,SELL,LIMIT,1701114478227,543,5.1824
RUNEUSDT,SELL,LIMIT,1701114494691,772,5.1786
RUNEUSDT,SELL,LIMIT,1701114498880,63,5.1748
RUNEUSDT,SELL,LIMIT,1701115603995,12,5.1684
RUNEUSDT,SELL,LIMIT,1701116600211,3,5.1614
RUNEUSDT,SELL,LIMIT,1701116769285,735,5.1535
RUNEUSDT,SELL,LIMIT,1701116797980,122,5.1530
RUNEUSDT,SELL,LIMIT,1701116803397,1,5.1523
RUNEUSDT,SELL,LIMIT,1701116829835,416,5.1501
RUNEUSDT,SELL,LIMIT,1701116831550,86,5.1492
RUNEUSDT,SELL,LIMIT,1701116840902,49,5.1463
RUNEUSDT,SELL,LIMIT,1701116867613,424,5.1423
RUNEUSDT,SELL,LIMIT,1701116879663,111,5.1334
RUNEUSDT,SELL,LIMIT,1701116886421,71,5.1288
RUNEUSDT,SELL,LIMIT,1701116890632,359,5.1256
RUNEUSDT,SELL,LIMIT,1701116892204,39,5.1250
RUNEUSDT,SELL,LIMIT,1701116894390,97,5.1246
RUNEUSDT,SELL,LIMIT,1701116898060,1161,5.1126
RUNEUSDT,SELL,LIMIT,1701116899611,906,5.1205
RUNEUSDT,SELL,LIMIT,1701116902217,68,5.1192
RUNEUSDT,SELL,LIMIT,1701116903404,12,5.1157
RUNEUSDT,SELL,LIMIT,1701116905618,90,5.1137
RUNEUSDT,SELL,LIMIT,1701116910309,7,5.1109
RUNEUSDT,SELL,LIMIT,1701117024303,13,5.1052
RUNEUSDT,SELL,LIMIT,1701117025995,539,5.1046
RUNEUSDT,SELL,LIMIT,1701117029077,151,5.1004
RUNEUSDT,SELL,LIMIT,1701117030080,4,5.0974
RUNEUSDT,SELL,LIMIT,1701117031177,100,5.0955
RUNEUSDT,BUY,LIMIT,1701117217394,34,5.2488
RUNEUSDT,SELL,LIMIT,1701118766085,95,5.1548
RUNEUSDT,BUY,LIMIT,1701120865941,6,5.3533
RUNEUSDT,BUY,LIMIT,1701120878791,949,5.3536
RUNEUSDT,BUY,LIMIT,1701121007782,35,5.3680
RUNEUSDT,BUY,LIMIT,1701121897481,3,5.3764
RUNEUSDT,BUY,LIMIT,1701122230406,12,5.3517
RUNEUSDT,BUY,LIMIT,1701126094044,4,5.3742
RUNEUSDT,BUY,LIMIT,1701126147768,85,5.3788
RUNEUSDT,BUY,LIMIT,1701126638110,48,5.4258
RUNEUSDT,BUY,LIMIT,1701126643918,12,5.4330
RUNEUSDT,BUY,LIMIT,1701126693248,20,5.4369
RUNEUSDT,BUY,LIMIT,1701126761575,13,5.4538
RUNEUSDT,BUY,LIMIT,1701126784288,178,5.4580
RUNEUSDT,BUY,LIMIT,1701126812101,168,5.4655
RUNEUSDT,BUY,LIMIT,1701126813822,2,5.4666
RUNEUSDT,BUY,LIMIT,1701126880223,27,5.4730
RUNEUSDT,BUY,LIMIT,1701126900198,113,5.4787
RUNEUSDT,BUY,LIMIT,1701126903340,14,5.4792
RUNEUSDT,BUY,LIMIT,1701126919051,9,5.4883
RUNEUSDT,BUY,LIMIT,1701126925262,36,5.4917
RUNEUSDT,BUY,LIMIT,1701126927920,6,5.4954
RUNEUSDT,BUY,LIMIT,1701126974414,456,5.5002
RUNEUSDT,BUY,LIMIT,1701126981089,464,5.5065
RUNEUSDT,BUY,LIMIT,1701126991511,6,5.5085
RUNEUSDT,BUY,LIMIT,1701126992583,29,5.5102
RUNEUSDT,BUY,LIMIT,1701127008611,11,5.5156
RUNEUSDT,BUY,LIMIT,1701127051462,65,5.5265
RUNEUSDT,BUY,LIMIT,1701127151040,383,5.5299
RUNEUSDT,BUY,LIMIT,1701127209658,38,5.5370
RUNEUSDT,BUY,LIMIT,1701127216894,119,5.5404
RUNEUSDT,BUY,LIMIT,1701127222498,23,5.5422
RUNEUSDT,BUY,LIMIT,1701127236358,259,5.5450
RUNEUSDT,BUY,LIMIT,1701127239175,12,5.5463
RUNEUSDT,BUY,LIMIT,1701127293448,62,5.5549
RUNEUSDT,BUY,LIMIT,1701127344403,1,5.5618
RUNEUSDT,BUY,LIMIT,1701127357813,1,5.5678
RUNEUSDT,BUY,LIMIT,1701127479823,596,5.5623
RUNEUSDT,BUY,LIMIT,1701127503592,3,5.5725
RUNEUSDT,BUY,LIMIT,1701127505296,7,5.5762
RUNEUSDT,BUY,LIMIT,1701127563528,49,5.5854
RUNEUSDT,BUY,LIMIT,1701127575166,26,5.5868
RUNEUSDT,SELL,LIMIT,1701128193428,24,5.3854
RUNEUSDT,SELL,LIMIT,1701128757672,46,5.3774
RUNEUSDT,SELL,LIMIT,1701128986662,23,5.3689
RUNEUSDT,SELL,LIMIT,1701129017198,82,5.3638
RUNEUSDT,BUY,LIMIT,1701129764428,23,5.5537
RUNEUSDT,BUY,LIMIT,1701130725475,50,5.5633
RUNEUSDT,BUY,LIMIT,1701130898142,4,5.5766
RUNEUSDT,BUY,LIMIT,1701130942218,17,5.5825
RUNEUSDT,BUY,LIMIT,1701130969852,32,5.5887
RUNEUSDT,BUY,LIMIT,1701131091056,373,5.5925
RUNEUSDT,BUY,LIMIT,1701131094666,1,5.5945
RUNEUSDT,BUY,LIMIT,1701131528474,50,5.5959
RUNEUSDT,BUY,LIMIT,1701131531907,14,5.5966
RUNEUSDT,BUY,LIMIT,1701131537000,259,5.5974
RUNEUSDT,BUY,LIMIT,1701131558150,12,5.6041
RUNEUSDT,BUY,LIMIT,1701131559269,2,5.6057
RUNEUSDT,BUY,LIMIT,1701131588281,71,5.6100
RUNEUSDT,BUY,LIMIT,1701131599714,8,5.6109
RUNEUSDT,BUY,LIMIT,1701131620909,77,5.6125
RUNEUSDT,BUY,LIMIT,1701131644177,118,5.6194
RUNEUSDT,BUY,LIMIT,1701131645189,9,5.6165
RUNEUSDT,BUY,LIMIT,1701131690068,72,5.6234
RUNEUSDT,BUY,LIMIT,1701131697231,189,5.6269
RUNEUSDT,BUY,LIMIT,1701131698361,106,5.6317
RUNEUSDT,BUY,LIMIT,1701132473176,72,5.6416
RUNEUSDT,BUY,LIMIT,1701132620220,5,5.6443
RUNEUSDT,BUY,LIMIT,1701132751288,57,5.6541
RUNEUSDT,BUY,LIMIT,1701132753267,3,5.6548
RUNEUSDT,BUY,LIMIT,1701132755382,26,5.6567
RUNEUSDT,BUY,LIMIT,1701132832048,58,5.6653
RUNEUSDT,BUY,LIMIT,1701132860666,217,5.6664
RUNEUSDT,BUY,LIMIT,1701132890133,45,5.6696
RUNEUSDT,BUY,LIMIT,1701132896338,4540,5.7204
RUNEUSDT,BUY,LIMIT,1701132898087,9,5.6779
RUNEUSDT,BUY,LIMIT,1701132899875,250,5.6836
RUNEUSDT,BUY,LIMIT,1701132912178,42,5.6859
RUNEUSDT,BUY,LIMIT,1701132913407,89,5.6877
RUNEUSDT,BUY,LIMIT,1701132924366,27,5.6908
RUNEUSDT,BUY,LIMIT,1701132928738,650,5.6919
RUNEUSDT,BUY,LIMIT,1701132942132,87,5.6964
RUNEUSDT,BUY,LIMIT,1701132953070,27,5.6984
RUNEUSDT,BUY,LIMIT,1701132954090,26,5.6991
RUNEUSDT,BUY,LIMIT,1701132966362,2959,5.7389
RUNEUSDT,BUY,LIMIT,1701132967665,6,5.7029
RUNEUSDT,BUY,LIMIT,1701133239062,1,5.7030
RUNEUSDT,BUY,LIMIT,1701134508213,6,5.6955
RUNEUSDT,SELL,LIMIT,1701134797192,37,5.4832
RUNEUSDT,SELL,LIMIT,1701134798344,422,5.4775
RUNEUSDT,SELL,LIMIT,1701134811096,3,5.4582
RUNEUSDT,BUY,LIMIT,1701135396179,10,5.6520
RUNEUSDT,SELL,LIMIT,1701137034357,45,5.4855
RUNEUSDT,SELL,LIMIT,1701137326838,1015,5.4802
RUNEUSDT,SELL,LIMIT,1701137430934,63,5.4724
RUNEUSDT,SELL,LIMIT,1701137433252,9,5.4701
RUNEUSDT,SELL,LIMIT,1701137434365,57,5.4705
RUNEUSDT,SELL,LIMIT,1701137437523,38,5.4629
RUNEUSDT,BUY,LIMIT,1701138442127,13,5.6694
RUNEUSDT,BUY,LIMIT,1701138490509,224,5.6724
RUNEUSDT,BUY,LIMIT,1701138492674,1,5.6823
RUNEUSDT,BUY,LIMIT,1701138502950,115,5.6977
RUNEUSDT,SELL,LIMIT,1701138756466,89,5.4946
RUNEUSDT,SELL,LIMIT,1701140641715,45,5.4789
RUNEUSDT,SELL,LIMIT,1701140770546,2,5.4704
RUNEUSDT,SELL,LIMIT,1701141431201,5,5.4631
RUNEUSDT,BUY,LIMIT,1701144619217,410,5.6534
RUNEUSDT,BUY,LIMIT,1701144624083,155,5.6544
RUNEUSDT,BUY,LIMIT,1701144925269,13,5.6731
RUNEUSDT,BUY,LIMIT,1701144931594,268,5.6758
RUNEUSDT,SELL,LIMIT,1701145787098,11,5.4536
RUNEUSDT,SELL,LIMIT,1701145959686,25,5.4422
RUNEUSDT,SELL,LIMIT,1701146012354,37,5.4279
RUNEUSDT,SELL,LIMIT,1701146014632,131,5.4189
RUNEUSDT,SELL,LIMIT,1701146019289,105,5.4089
RUNEUSDT,SELL,LIMIT,1701146035151,5,5.4011
RUNEUSDT,SELL,LIMIT,1701146058326,35,5.3878
RUNEUSDT,SELL,LIMIT,1701146231857,42,5.3727
RUNEUSDT,SELL,LIMIT,1701146238495,1,5.3661
RUNEUSDT,SELL,LIMIT,1701146242365,9,5.3621
RUNEUSDT,SELL,LIMIT,1701146692030,2,5.3342
RUNEUSDT,SELL,LIMIT,1701146794200,31,5.3234
RUNEUSDT,SELL,LIMIT,1701146838986,32,5.3197
RUNEUSDT,SELL,LIMIT,1701146842382,41,5.3185
RUNEUSDT,SELL,LIMIT,1701146886729,63,5.3175
RUNEUSDT,SELL,LIMIT,1701146891245,3852,5.2704
RUNEUSDT,SELL,LIMIT,1701146893237,975,5.3053
RUNEUSDT,SELL,LIMIT,1701146896665,23,5.3044
RUNEUSDT,SELL,LIMIT,1701146898494,23,5.3007
RUNEUSDT,SELL,LIMIT,1701146906695,75,5.2924
RUNEUSDT,SELL,LIMIT,1701146929443,34,5.2905
RUNEUSDT,SELL,LIMIT,1701146936664,102,5.2844
RUNEUSDT,SELL,LIMIT,1701146941335,166,5.2808
RUNEUSDT,SELL,LIMIT,1701146955417,1,5.2754
RUNEUSDT,SELL,LIMIT,1701146957361,6,5.2710
RUNEUSDT,SELL,LIMIT,1701146965605,2694,5.2336
RUNEUSDT,SELL,LIMIT,1701147073621,32,5.2642
RUNEUSDT,SELL,LIMIT,1701147075640,78,5.2637
RUNEUSDT,BUY,LIMIT,1701147572228,96,5.4672
RUNEUSDT,SELL,LIMIT,1701147875355,1,5.3051
RUNEUSDT,SELL,LIMIT,1701147925492,1,5.2853
RUNEUSDT,SELL,LIMIT,1701148264915,142,5.2654
RUNEUSDT,SELL,LIMIT,1701149001422,43,5.2709
RUNEUSDT,SELL,LIMIT,1701149063547,11,5.2572
RUNEUSDT,SELL,LIMIT,1701149064780,950,5.2541
RUNEUSDT,SELL,LIMIT,1701149068653,82,5.2511
RUNEUSDT,SELL,LIMIT,1701149070624,15,5.2476
RUNEUSDT,SELL,LIMIT,1701149094356,886,5.2436
RUNEUSDT,SELL,LIMIT,1701149111719,78,5.2434
RUNEUSDT,SELL,LIMIT,1701149783736,62,5.2612
RUNEUSDT,SELL,LIMIT,1701149845729,1000,5.2299
RUNEUSDT,SELL,LIMIT,1701149849111,1,5.2314
RUNEUSDT,SELL,LIMIT,1701149853074,401,5.2252
RUNEUSDT,SELL,LIMIT,1701149854315,32,5.2240
RUNEUSDT,SELL,LIMIT,1701149875103,13,5.2163
RUNEUSDT,SELL,LIMIT,1701149882740,6,5.2110
RUNEUSDT,SELL,LIMIT,1701149890109,55,5.2089
RUNEUSDT,SELL,LIMIT,1701149895488,56,5.2059
RUNEUSDT,SELL,LIMIT,1701151226281,185,5.2050
RUNEUSDT,SELL,LIMIT,1701151231689,36,5.1998
RUNEUSDT,SELL,LIMIT,1701151263535,56,5.1995
RUNEUSDT,SELL,LIMIT,1701151265810,180,5.1984
RUNEUSDT,BUY,LIMIT,1701151700952,316,5.3880
RUNEUSDT,BUY,LIMIT,1701152105011,159,5.4155
RUNEUSDT,SELL,LIMIT,1701153652332,71,5.2487
RUNEUSDT,SELL,LIMIT,1701155300367,7,5.2436
RUNEUSDT,SELL,LIMIT,1701155499214,48,5.2342
RUNEUSDT,BUY,LIMIT,1701157952094,753,5.4498
RUNEUSDT,BUY,LIMIT,1701158029303,33,5.4610
RUNEUSDT,BUY,LIMIT,1701158037209,154,5.4634
RUNEUSDT,BUY,LIMIT,1701162991580,4,5.4420
RUNEUSDT,BUY,LIMIT,1701164231228,29,5.4824
RUNEUSDT,BUY,LIMIT,1701164520645,157,5.5095
RUNEUSDT,BUY,LIMIT,1701164525607,272,5.5185
RUNEUSDT,BUY,LIMIT,1701164530746,184,5.5238
RUNEUSDT,BUY,LIMIT,1701164657869,1,5.5324
RUNEUSDT,BUY,LIMIT,1701164719094,375,5.5510
RUNEUSDT,BUY,LIMIT,1701164783059,27,5.5650
RUNEUSDT,BUY,LIMIT,1701164869797,213,5.5690
RUNEUSDT,BUY,LIMIT,1701165019107,14,5.5816
RUNEUSDT,BUY,LIMIT,1701165065571,299,5.5872
RUNEUSDT,BUY,LIMIT,1701165070205,104,5.5906
RUNEUSDT,SELL,LIMIT,1701165789460,20,5.3948
RUNEUSDT,SELL,LIMIT,1701168270537,723,5.3665
RUNEUSDT,BUY,LIMIT,1701170345424,28,5.5576
RUNEUSDT,BUY,LIMIT,1701170731377,8,5.5730
RUNEUSDT,BUY,LIMIT,1701172176235,6,5.5834
RUNEUSDT,BUY,LIMIT,1701172413482,45,5.5984
RUNEUSDT,BUY,LIMIT,1701172536196,4,5.6053
RUNEUSDT,BUY,LIMIT,1701172700050,204,5.6092
RUNEUSDT,SELL,LIMIT,1701173099113,453,5.4378
RUNEUSDT,BUY,LIMIT,1701174507210,308,5.6323
RUNEUSDT,BUY,LIMIT,1701174508306,99,5.6238
RUNEUSDT,BUY,LIMIT,1701174884158,2,5.6377
RUNEUSDT,BUY,LIMIT,1701174895534,18,5.6466
RUNEUSDT,BUY,LIMIT,1701176262163,899,5.6678
RUNEUSDT,BUY,LIMIT,1701176416251,82,5.6713
RUNEUSDT,BUY,LIMIT,1701176421578,3,5.6763
RUNEUSDT,SELL,LIMIT,1701176781885,437,5.4835
RUNEUSDT,SELL,LIMIT,1701176828079,4,5.4795
RUNEUSDT,SELL,LIMIT,1701176858166,126,5.4761
RUNEUSDT,SELL,LIMIT,1701176926484,11,5.4706
RUNEUSDT,SELL,LIMIT,1701176928438,197,5.4703
RUNEUSDT,BUY,LIMIT,1701178516183,454,5.6853
RUNEUSDT,BUY,LIMIT,1701178517245,102,5.6870
RUNEUSDT,BUY,LIMIT,1701178520103,100,5.6904
RUNEUSDT,BUY,LIMIT,1701178606111,224,5.6944
RUNEUSDT,BUY,LIMIT,1701178609996,314,5.6966
RUNEUSDT,BUY,LIMIT,1701178611925,471,5.7050
RUNEUSDT,BUY,LIMIT,1701178771624,43,5.7058
RUNEUSDT,BUY,LIMIT,1701178783063,64,5.7108
RUNEUSDT,BUY,LIMIT,1701178784265,462,5.7230
RUNEUSDT,BUY,LIMIT,1701178785475,149,5.7275
RUNEUSDT,BUY,LIMIT,1701178786535,57,5.7314
RUNEUSDT,BUY,LIMIT,1701178790151,7,5.7369
RUNEUSDT,BUY,LIMIT,1701178791281,61,5.7352
RUNEUSDT,BUY,LIMIT,1701178794405,182,5.7407
RUNEUSDT,BUY,LIMIT,1701178835328,6,5.7447
RUNEUSDT,BUY,LIMIT,1701178837206,3,5.7502
RUNEUSDT,BUY,LIMIT,1701178848467,2,5.7570
RUNEUSDT,BUY,LIMIT,1701178849664,8,5.7618
RUNEUSDT,BUY,LIMIT,1701178854492,36,5.7669
RUNEUSDT,BUY,LIMIT,1701178856051,48,5.7688
RUNEUSDT,BUY,LIMIT,1701179530644,111,5.7662
RUNEUSDT,BUY,LIMIT,1701179620157,9,5.7738
RUNEUSDT,BUY,LIMIT,1701179626591,166,5.7765
RUNEUSDT,BUY,LIMIT,1701179717384,153,5.7838
RUNEUSDT,BUY,LIMIT,1701179752746,12,5.7863
RUNEUSDT,BUY,LIMIT,1701179754161,759,5.7875
RUNEUSDT,BUY,LIMIT,1701179757550,8,5.7878
RUNEUSDT,BUY,LIMIT,1701179760908,1,5.7897
RUNEUSDT,BUY,LIMIT,1701179771828,18,5.7926
RUNEUSDT,BUY,LIMIT,1701180008527,183,5.7893
RUNEUSDT,BUY,LIMIT,1701180011983,193,5.7947
RUNEUSDT,BUY,LIMIT,1701180014063,27,5.7998
RUNEUSDT,BUY,LIMIT,1701180050263,59,5.8036
RUNEUSDT,BUY,LIMIT,1701180058653,9,5.8082
RUNEUSDT,BUY,LIMIT,1701180061069,141,5.8127
RUNEUSDT,BUY,LIMIT,1701180063135,106,5.8150
RUNEUSDT,BUY,LIMIT,1701180068301,108,5.8156
RUNEUSDT,BUY,LIMIT,1701180081845,81,5.8214
RUNEUSDT,BUY,LIMIT,1701180084412,9,5.8245
RUNEUSDT,SELL,LIMIT,1701180124996,15,5.6226
RUNEUSDT,BUY,LIMIT,1701180627123,100,5.8149
RUNEUSDT,BUY,LIMIT,1701180802859,90,5.8190
RUNEUSDT,BUY,LIMIT,1701180804330,1555,5.8510
RUNEUSDT,BUY,LIMIT,1701180806061,23,5.8286
RUNEUSDT,BUY,LIMIT,1701180818156,52,5.8331
RUNEUSDT,BUY,LIMIT,1701180819306,338,5.8346
RUNEUSDT,BUY,LIMIT,1701180847316,271,5.8367
RUNEUSDT,BUY,LIMIT,1701180849197,33,5.8401
RUNEUSDT,BUY,LIMIT,1701180857104,15,5.8440
RUNEUSDT,SELL,LIMIT,1701181092558,9,5.6386
RUNEUSDT,BUY,LIMIT,1701181495568,251,5.8340
RUNEUSDT,BUY,LIMIT,1701181518119,360,5.8536
RUNEUSDT,BUY,LIMIT,1701181519256,175,5.8542
RUNEUSDT,BUY,LIMIT,1701181523115,191,5.8572
RUNEUSDT,BUY,LIMIT,1701181570069,203,5.8628
RUNEUSDT,SELL,LIMIT,1701181880551,250,5.6291
RUNEUSDT,BUY,LIMIT,1701182523069,12,5.8680
RUNEUSDT,BUY,LIMIT,1701182526054,11,5.8715
RUNEUSDT,SELL,LIMIT,1701182782150,4,5.6606
RUNEUSDT,SELL,LIMIT,1701185476768,238,5.6498
RUNEUSDT,SELL,LIMIT,1701185619417,630,5.6437
RUNEUSDT,BUY,LIMIT,1701186124813,72,5.8395
RUNEUSDT,BUY,LIMIT,1701186144071,110,5.8451
RUNEUSDT,BUY,LIMIT,1701186149465,92,5.8491
RUNEUSDT,BUY,LIMIT,1701186178152,105,5.8627
RUNEUSDT,BUY,LIMIT,1701186183006,80,5.8641
RUNEUSDT,BUY,LIMIT,1701186191486,642,5.8679
RUNEUSDT,BUY,LIMIT,1701186194010,25,5.8693
RUNEUSDT,BUY,LIMIT,1701186196559,50,5.8711
RUNEUSDT,BUY,LIMIT,1701186199059,61,5.8791
RUNEUSDT,BUY,LIMIT,1701186200066,13,5.8859
RUNEUSDT,BUY,LIMIT,1701186204383,7,5.8887
RUNEUSDT,BUY,LIMIT,1701186205687,3,5.8927
RUNEUSDT,SELL,LIMIT,1701186970176,347,5.6916
RUNEUSDT,BUY,LIMIT,1701187045006,38,5.8616
RUNEUSDT,BUY,LIMIT,1701187213670,54,5.8752
RUNEUSDT,BUY,LIMIT,1701187283304,20,5.8719
RUNEUSDT,BUY,LIMIT,1701187304009,69,5.8902
RUNEUSDT,BUY,LIMIT,1701187398184,42,5.8945
RUNEUSDT,BUY,LIMIT,1701187401273,1,5.8963
RUNEUSDT,BUY,LIMIT,1701187506432,9,5.9001
RUNEUSDT,BUY,LIMIT,1701187511213,52,5.9029
RUNEUSDT,BUY,LIMIT,1701187522286,7,5.9091
RUNEUSDT,BUY,LIMIT,1701187525228,11,5.9170
RUNEUSDT,BUY,LIMIT,1701187526277,203,5.9194
RUNEUSDT,BUY,LIMIT,1701187528673,77,5.9219
RUNEUSDT,BUY,LIMIT,1701187716064,3,5.9292
RUNEUSDT,BUY,LIMIT,1701187719276,47,5.9324
RUNEUSDT,BUY,LIMIT,1701187721082,25,5.9427
RUNEUSDT,BUY,LIMIT,1701187722257,6,5.9383
RUNEUSDT,BUY,LIMIT,1701187769342,17,5.9539
RUNEUSDT,BUY,LIMIT,1701187789220,6,5.9561
RUNEUSDT,BUY,LIMIT,1701187792116,1,5.9575
RUNEUSDT,BUY,LIMIT,1701187793616,275,5.9629
RUNEUSDT,BUY,LIMIT,1701187796661,2,5.9668
RUNEUSDT,BUY,LIMIT,1701187975124,325,5.9690
RUNEUSDT,BUY,LIMIT,1701187976147,3402,6.0157
RUNEUSDT,BUY,LIMIT,1701187978495,6,5.9744
RUNEUSDT,BUY,LIMIT,1701187984346,9,5.9831
RUNEUSDT,BUY,LIMIT,1701187986289,10,5.9851
RUNEUSDT,BUY,LIMIT,1701188009228,1826,6.0197
RUNEUSDT,BUY,LIMIT,1701188011418,204,5.9891
RUNEUSDT,BUY,LIMIT,1701188013728,45,5.9949
RUNEUSDT,BUY,LIMIT,1701188061626,32,5.9992
RUNEUSDT,BUY,LIMIT,1701188065080,2073,6.0380
RUNEUSDT,BUY,LIMIT,1701188099842,16,6.0037
RUNEUSDT,BUY,LIMIT,1701188118646,58,6.0063
RUNEUSDT,BUY,LIMIT,1701188225220,1,6.0087
RUNEUSDT,BUY,LIMIT,1701188229236,36,6.0112
RUNEUSDT,BUY,LIMIT,1701188230320,10,6.0124
RUNEUSDT,BUY,LIMIT,1701188231418,174,6.0176
RUNEUSDT,BUY,LIMIT,1701188233242,19,6.0202
RUNEUSDT,BUY,LIMIT,1701188240986,8,6.0210
RUNEUSDT,BUY,LIMIT,1701188242133,17,6.0232
RUNEUSDT,BUY,LIMIT,1701188259774,41,6.0279
RUNEUSDT,BUY,LIMIT,1701188267616,52,6.0302
RUNEUSDT,BUY,LIMIT,1701188276380,64,6.0366
RUNEUSDT,BUY,LIMIT,1701188293080,42,6.0383
RUNEUSDT,BUY,LIMIT,1701188294316,6,6.0384
RUNEUSDT,BUY,LIMIT,1701188311317,187,6.0402
RUNEUSDT,BUY,LIMIT,1701188312859,743,6.0406
RUNEUSDT,BUY,LIMIT,1701188337402,867,6.0446
RUNEUSDT,SELL,LIMIT,1701188511344,98,5.8249
RUNEUSDT,SELL,LIMIT,1701188596287,8,5.8043
RUNEUSDT,SELL,LIMIT,1701188599089,457,5.8000
RUNEUSDT,SELL,LIMIT,1701188603633,45,5.7973
RUNEUSDT,SELL,LIMIT,1701188633351,5,5.8675
RUNEUSDT,BUY,LIMIT,1701189123199,1,6.0183
RUNEUSDT,BUY,LIMIT,1701189543177,33,6.0250
RUNEUSDT,BUY,LIMIT,1701189792895,30,6.0324
RUNEUSDT,BUY,LIMIT,1701189798140,91,6.0345
RUNEUSDT,BUY,LIMIT,1701189799664,63,6.0364
RUNEUSDT,BUY,LIMIT,1701189801129,1,6.0419
RUNEUSDT,BUY,LIMIT,1701189804476,129,6.0456
RUNEUSDT,BUY,LIMIT,1701189814134,2675,6.0911
RUNEUSDT,BUY,LIMIT,1701189819656,175,6.0523
RUNEUSDT,BUY,LIMIT,1701189821392,12,6.0575
RUNEUSDT,BUY,LIMIT,1701189822429,2,6.0576
RUNEUSDT,BUY,LIMIT,1701189823669,59,6.0598
RUNEUSDT,BUY,LIMIT,1701189825085,94,6.0641
RUNEUSDT,BUY,LIMIT,1701189975892,65,6.0434
RUNEUSDT,BUY,LIMIT,1701190208164,33,6.0506
RUNEUSDT,BUY,LIMIT,1701190457741,40,6.0248
RUNEUSDT,SELL,LIMIT,1701190458937,34,5.8457
RUNEUSDT,SELL,LIMIT,1701190466093,54,5.8401
RUNEUSDT,BUY,LIMIT,1701190809043,5,6.0384
RUNEUSDT,BUY,LIMIT,1701190963189,173,6.0641
RUNEUSDT,BUY,LIMIT,1701190972360,203,6.0661
RUNEUSDT,BUY,LIMIT,1701190979558,382,6.0665
RUNEUSDT,BUY,LIMIT,1701190981893,235,6.0694
RUNEUSDT,BUY,LIMIT,1701190994486,276,6.0715
RUNEUSDT,BUY,LIMIT,1701190998795,20,6.0728
RUNEUSDT,BUY,LIMIT,1701191002099,7,6.0756
RUNEUSDT,SELL,LIMIT,1701191180196,33,5.8641
RUNEUSDT,SELL,LIMIT,1701191183088,8,5.8600
RUNEUSDT,BUY,LIMIT,1701191382276,87,6.0669
RUNEUSDT,BUY,LIMIT,1701191466146,121,6.0775
RUNEUSDT,BUY,LIMIT,1701191471131,4,6.0775
RUNEUSDT,BUY,LIMIT,1701191474781,7,6.0817
RUNEUSDT,BUY,LIMIT,1701191476476,69,6.0834
RUNEUSDT,BUY,LIMIT,1701191480621,56,6.0851
RUNEUSDT,BUY,LIMIT,1701191486458,40,6.0862
RUNEUSDT,BUY,LIMIT,1701191488666,16,6.0860
RUNEUSDT,BUY,LIMIT,1701191502177,40,6.0882
RUNEUSDT,BUY,LIMIT,1701191503566,36,6.0894
RUNEUSDT,BUY,LIMIT,1701191531719,429,6.0912
RUNEUSDT,BUY,LIMIT,1701191730447,59,6.0725
RUNEUSDT,SELL,LIMIT,1701192005719,630,5.8951
RUNEUSDT,BUY,LIMIT,1701192009624,327,6.0781
RUNEUSDT,BUY,LIMIT,1701192014884,60,6.0795
RUNEUSDT,BUY,LIMIT,1701192037475,2091,6.1222
RUNEUSDT,BUY,LIMIT,1701192060310,16,6.0924
RUNEUSDT,BUY,LIMIT,1701192069213,897,6.0993
RUNEUSDT,BUY,LIMIT,1701192073109,9,6.0978
RUNEUSDT,BUY,LIMIT,1701192160211,100,6.1001
RUNEUSDT,BUY,LIMIT,1701192168596,74,6.1037
RUNEUSDT,SELL,LIMIT,1701192524690,23,5.8891
RUNEUSDT,BUY,LIMIT,1701193090518,29,6.1055
RUNEUSDT,BUY,LIMIT,1701193100833,24,6.1144
RUNEUSDT,BUY,LIMIT,1701193104132,592,6.1289
RUNEUSDT,BUY,LIMIT,1701193129086,24,6.1320
RUNEUSDT,BUY,LIMIT,1701193132038,33,6.1338
RUNEUSDT,BUY,LIMIT,1701193133055,41,6.1363
RUNEUSDT,BUY,LIMIT,1701193277072,15,6.1426
RUNEUSDT,BUY,LIMIT,1701193278075,5,6.1379
RUNEUSDT,BUY,LIMIT,1701193279287,148,6.1453
RUNEUSDT,BUY,LIMIT,1701193281736,13,6.1475
RUNEUSDT,BUY,LIMIT,1701193288638,15,6.1567
RUNEUSDT,BUY,LIMIT,1701193293230,25,6.1572
RUNEUSDT,BUY,LIMIT,1701193294549,8,6.1604
RUNEUSDT,BUY,LIMIT,1701193297733,143,6.1626
RUNEUSDT,BUY,LIMIT,1701193305362,56,6.1644
RUNEUSDT,SELL,LIMIT,1701193347162,116,5.9532
RUNEUSDT,BUY,LIMIT,1701193600097,150,6.1678
RUNEUSDT,BUY,LIMIT,1701193605109,24,6.1678
RUNEUSDT,BUY,LIMIT,1701193621689,5,6.1714
RUNEUSDT,BUY,LIMIT,1701193625271,201,6.1730
RUNEUSDT,BUY,LIMIT,1701193903444,16,6.1770
RUNEUSDT,BUY,LIMIT,1701193910985,16,6.1775
RUNEUSDT,BUY,LIMIT,1701193912400,114,6.1839
RUNEUSDT,BUY,LIMIT,1701193915320,233,6.1908
RUNEUSDT,BUY,LIMIT,1701193916420,82,6.1861
RUNEUSDT,BUY,LIMIT,1701193917422,194,6.1989
RUNEUSDT,BUY,LIMIT,1701193978082,1,6.2034
RUNEUSDT,BUY,LIMIT,1701194004590,78,6.2095
RUNEUSDT,BUY,LIMIT,1701194114674,38,6.2083
RUNEUSDT,SELL,LIMIT,1701194260237,10,5.9743
RUNEUSDT,SELL,LIMIT,1701194344448,3,5.9560
RUNEUSDT,SELL,LIMIT,1701194345513,101,5.9539
RUNEUSDT,SELL,LIMIT,1701194347320,2,5.9481
RUNEUSDT,SELL,LIMIT,1701194358355,98,5.9449
RUNEUSDT,SELL,LIMIT,1701194482161,10,5.9381
RUNEUSDT,SELL,LIMIT,1701194485420,79,5.9362
RUNEUSDT,SELL,LIMIT,1701194506213,23,5.9333
RUNEUSDT,SELL,LIMIT,1701194626225,64,5.9126
RUNEUSDT,SELL,LIMIT,1701194629849,106,5.9024
RUNEUSDT,SELL,LIMIT,1701194717032,139,5.8912
RUNEUSDT,BUY,LIMIT,1701195306250,18,6.1084
RUNEUSDT,BUY,LIMIT,1701195564017,353,6.1272
RUNEUSDT,BUY,LIMIT,1701195565433,601,6.1291
RUNEUSDT,BUY,LIMIT,1701195628390,258,6.1338
RUNEUSDT,BUY,LIMIT,1701195635733,51,6.1350
RUNEUSDT,BUY,LIMIT,1701195684502,88,6.1384
RUNEUSDT,BUY,LIMIT,1701197215485,836,6.1402
RUNEUSDT,BUY,LIMIT,1701197217627,9,6.1421
RUNEUSDT,BUY,LIMIT,1701197219020,247,6.1437
RUNEUSDT,SELL,LIMIT,1701197528966,83,5.9170
RUNEUSDT,SELL,LIMIT,1701197558532,104,5.9105
RUNEUSDT,BUY,LIMIT,1701197819102,111,6.1117
RUNEUSDT,BUY,LIMIT,1701197833894,35,6.1140
RUNEUSDT,BUY,LIMIT,1701197838334,15,6.1159
RUNEUSDT,BUY,LIMIT,1701197846430,255,6.1145
RUNEUSDT,BUY,LIMIT,1701197851929,80,6.1204
RUNEUSDT,BUY,LIMIT,1701197853498,20,6.1214
RUNEUSDT,BUY,LIMIT,1701197862394,645,6.1227
RUNEUSDT,BUY,LIMIT,1701197870115,24,6.1236
RUNEUSDT,BUY,LIMIT,1701197873165,52,6.1231
RUNEUSDT,BUY,LIMIT,1701197953422,141,6.1264
RUNEUSDT,BUY,LIMIT,1701198453737,18,6.1542
RUNEUSDT,BUY,LIMIT,1701198527226,16,6.1677
RUNEUSDT,BUY,LIMIT,1701198577372,4,6.1742
RUNEUSDT,BUY,LIMIT,1701198579092,9,6.1788
RUNEUSDT,SELL,LIMIT,1701198785375,188,5.9622
RUNEUSDT,BUY,LIMIT,1701200201676,2,6.1979
RUNEUSDT,BUY,LIMIT,1701200218399,20,6.2002
RUNEUSDT,BUY,LIMIT,1701200229449,79,6.2013
RUNEUSDT,BUY,LIMIT,1701200451119,152,6.2060
RUNEUSDT,BUY,LIMIT,1701200467666,22,6.2131
RUNEUSDT,BUY,LIMIT,1701200469843,9,6.2141
RUNEUSDT,BUY,LIMIT,1701200474078,99,6.2162
RUNEUSDT,BUY,LIMIT,1701200475049,141,6.2236
RUNEUSDT,BUY,LIMIT,1701200476171,2,6.2274
RUNEUSDT,BUY,LIMIT,1701200477452,4,6.2280
RUNEUSDT,BUY,LIMIT,1701200564153,10,6.2223
RUNEUSDT,SELL,LIMIT,1701200637466,815,6.0074
RUNEUSDT,SELL,LIMIT,1701200643171,5,6.0016
RUNEUSDT,SELL,LIMIT,1701200653363,19,5.9986
RUNEUSDT,SELL,LIMIT,1701200655796,190,5.9963
RUNEUSDT,BUY,LIMIT,1701201635236,10,6.1855
RUNEUSDT,BUY,LIMIT,1701201652343,83,6.1856
RUNEUSDT,BUY,LIMIT,1701202616226,5,6.2084
RUNEUSDT,SELL,LIMIT,1701203288221,409,5.9843
RUNEUSDT,SELL,LIMIT,1701203420475,820,5.9745
RUNEUSDT,SELL,LIMIT,1701203441530,69,5.9634
RUNEUSDT,SELL,LIMIT,1701203550561,35,5.9512
RUNEUSDT,BUY,LIMIT,1701204788968,103,6.1511
RUNEUSDT,SELL,LIMIT,1701205744681,738,5.9418
RUNEUSDT,SELL,LIMIT,1701205822226,2,5.9325
RUNEUSDT,SELL,LIMIT,1701205824538,72,5.9297
RUNEUSDT,SELL,LIMIT,1701207590702,413,5.9206
RUNEUSDT,SELL,LIMIT,1701207720714,24,5.9173
RUNEUSDT,SELL,LIMIT,1701207822367,2,5.9068
RUNEUSDT,SELL,LIMIT,1701208286828,83,5.8935
RUNEUSDT,SELL,LIMIT,1701208938361,15,5.8801
RUNEUSDT,SELL,LIMIT,1701208990107,190,5.8743
RUNEUSDT,BUY,LIMIT,1701209523729,112,6.0958
RUNEUSDT,SELL,LIMIT,1701211492403,3,5.8729
RUNEUSDT,SELL,LIMIT,1701211737577,10,5.8696
RUNEUSDT,SELL,LIMIT,1701211824861,9,5.8630
RUNEUSDT,SELL,LIMIT,1701211827883,104,5.8616
RUNEUSDT,SELL,LIMIT,1701211861861,34,5.8560
RUNEUSDT,SELL,LIMIT,1701211898311,460,5.8538
RUNEUSDT,SELL,LIMIT,1701211908734,29,5.8478
RUNEUSDT,SELL,LIMIT,1701211966419,334,5.8455
RUNEUSDT,BUY,LIMIT,1701213103256,16,6.0624
RUNEUSDT,BUY,LIMIT,1701213108038,23,6.0644
RUNEUSDT,BUY,LIMIT,1701215792423,1,6.0787
RUNEUSDT,BUY,LIMIT,1701215834070,264,6.0833
RUNEUSDT,BUY,LIMIT,1701215839103,2,6.0863
RUNEUSDT,BUY,LIMIT,1701215840605,238,6.0873
RUNEUSDT,BUY,LIMIT,1701215867457,256,6.0847
RUNEUSDT,BUY,LIMIT,1701215940699,3,6.0828
RUNEUSDT,BUY,LIMIT,1701216016969,167,6.0892
RUNEUSDT,BUY,LIMIT,1701216018894,54,6.0922
RUNEUSDT,SELL,LIMIT,1701217445338,174,5.9024
RUNEUSDT,SELL,LIMIT,1701217458101,5,5.8911
RUNEUSDT,SELL,LIMIT,1701217468851,82,5.8840
RUNEUSDT,SELL,LIMIT,1701217526367,20,5.8779
RUNEUSDT,BUY,LIMIT,1701217907239,5,6.0907
RUNEUSDT,BUY,LIMIT,1701217938401,83,6.0990
RUNEUSDT,BUY,LIMIT,1701218060838,9,6.1070
RUNEUSDT,BUY,LIMIT,1701218178887,11,6.1203
RUNEUSDT,BUY,LIMIT,1701218451059,28,6.1269
RUNEUSDT,BUY,LIMIT,1701218710190,13,6.1335
RUNEUSDT,BUY,LIMIT,1701219243984,61,6.1384
RUNEUSDT,BUY,LIMIT,1701219641531,32,6.1420
RUNEUSDT,BUY,LIMIT,1701219666599,48,6.1453
RUNEUSDT,BUY,LIMIT,1701219668147,17,6.1455
RUNEUSDT,BUY,LIMIT,1701219789843,11,6.1530
RUNEUSDT,BUY,LIMIT,1701220299449,39,6.1309
RUNEUSDT,SELL,LIMIT,1701220384877,120,5.9660
RUNEUSDT,BUY,LIMIT,1701222144334,155,6.1270
RUNEUSDT,BUY,LIMIT,1701223831357,329,6.1534
RUNEUSDT,BUY,LIMIT,1701223840557,9,6.1650
RUNEUSDT,BUY,LIMIT,1701223857526,23,6.1720
RUNEUSDT,BUY,LIMIT,1701223859647,13,6.1723
RUNEUSDT,BUY,LIMIT,1701223876400,11,6.1768
RUNEUSDT,BUY,LIMIT,1701223892172,50,6.1800
RUNEUSDT,BUY,LIMIT,1701223989887,28,6.1858
RUNEUSDT,BUY,LIMIT,1701223993277,29,6.1893
RUNEUSDT,BUY,LIMIT,1701224154309,16,6.1980
RUNEUSDT,BUY,LIMIT,1701224275262,4,6.2067
RUNEUSDT,BUY,LIMIT,1701224276438,7,6.2056
RUNEUSDT,BUY,LIMIT,1701224288125,11,6.2107
RUNEUSDT,BUY,LIMIT,1701226609418,4,6.2133
RUNEUSDT,BUY,LIMIT,1701226615528,34,6.2142
RUNEUSDT,BUY,LIMIT,1701226629129,1,6.2146
RUNEUSDT,BUY,LIMIT,1701226671128,13,6.2286
RUNEUSDT,BUY,LIMIT,1701226678631,142,6.2295
RUNEUSDT,SELL,LIMIT,1701227244209,163,6.0055
RUNEUSDT,SELL,LIMIT,1701229028745,731,5.9824
RUNEUSDT,SELL,LIMIT,1701229030787,1,5.9830
RUNEUSDT,SELL,LIMIT,1701229061257,37,5.9700
RUNEUSDT,SELL,LIMIT,1701235245562,14,5.9671
RUNEUSDT,SELL,LIMIT,1701235934647,122,5.9588
RUNEUSDT,SELL,LIMIT,1701236137282,3,5.9437
RUNEUSDT,SELL,LIMIT,1701236369875,383,5.9502
RUNEUSDT,BUY,LIMIT,1701237165601,38,6.1608
RUNEUSDT,BUY,LIMIT,1701237606982,56,6.1590
RUNEUSDT,BUY,LIMIT,1701238982237,182,6.1592
RUNEUSDT,BUY,LIMIT,1701239346322,82,6.1671
RUNEUSDT,BUY,LIMIT,1701240037961,23,6.1854
RUNEUSDT,BUY,LIMIT,1701240122300,8,6.1884
RUNEUSDT,BUY,LIMIT,1701240212926,162,6.1944
RUNEUSDT,BUY,LIMIT,1701240219824,49,6.1986
RUNEUSDT,BUY,LIMIT,1701240223454,43,6.2003
RUNEUSDT,BUY,LIMIT,1701240225099,118,6.2067
RUNEUSDT,BUY,LIMIT,1701240646446,9,6.2083
RUNEUSDT,BUY,LIMIT,1701240663314,9,6.2107
RUNEUSDT,BUY,LIMIT,1701240669354,6,6.2134
RUNEUSDT,BUY,LIMIT,1701240681226,3,6.2148
RUNEUSDT,BUY,LIMIT,1701240716136,18,6.2219
RUNEUSDT,BUY,LIMIT,1701240740516,19,6.2221
RUNEUSDT,BUY,LIMIT,1701240790077,32,6.2252
RUNEUSDT,BUY,LIMIT,1701240841878,6,6.2334
RUNEUSDT,BUY,LIMIT,1701240843743,38,6.2327
RUNEUSDT,BUY,LIMIT,1701240850949,3,6.2346
RUNEUSDT,BUY,LIMIT,1701241290403,52,6.2046
RUNEUSDT,BUY,LIMIT,1701242074186,17,6.2363
RUNEUSDT,BUY,LIMIT,1701242075239,481,6.2469
RUNEUSDT,BUY,LIMIT,1701242076282,21,6.2469
RUNEUSDT,BUY,LIMIT,1701242077289,32,6.2555
RUNEUSDT,BUY,LIMIT,1701242364553,39,6.2661
RUNEUSDT,BUY,LIMIT,1701242365567,385,6.2791
RUNEUSDT,BUY,LIMIT,1701242367606,22,6.2889
RUNEUSDT,BUY,LIMIT,1701242368684,193,6.2896
RUNEUSDT,SELL,LIMIT,1701242574175,14,6.0657
RUNEUSDT,BUY,LIMIT,1701243018897,3,6.2658
RUNEUSDT,BUY,LIMIT,1701243190104,1241,6.2831
RUNEUSDT,SELL,LIMIT,1701243198728,37,6.0875
RUNEUSDT,SELL,LIMIT,1701243418765,316,6.0627
RUNEUSDT,SELL,LIMIT,1701243433091,1,6.0578
RUNEUSDT,SELL,LIMIT,1701243438391,13,6.0566
RUNEUSDT,BUY,LIMIT,1701243619469,24,6.2498
RUNEUSDT,BUY,LIMIT,1701243887634,17,6.2776
RUNEUSDT,BUY,LIMIT,1701243945391,220,6.2828
RUNEUSDT,BUY,LIMIT,1701244013605,16,6.2797
RUNEUSDT,BUY,LIMIT,1701244075491,28,6.2880
RUNEUSDT,BUY,LIMIT,1701244330358,78,6.2843
RUNEUSDT,BUY,LIMIT,1701245100810,7,6.2723
RUNEUSDT,SELL,LIMIT,1701245294810,1,6.0678
RUNEUSDT,SELL,LIMIT,1701245305119,18,6.0626
RUNEUSDT,BUY,LIMIT,1701245430300,224,6.2554
RUNEUSDT,BUY,LIMIT,1701245966158,11,6.2747
RUNEUSDT,BUY,LIMIT,1701246125298,117,6.2153
RUNEUSDT,BUY,LIMIT,1701246150176,53,6.2919
RUNEUSDT,BUY,LIMIT,1701246151186,28,6.2962
RUNEUSDT,BUY,LIMIT,1701246153223,2,6.3136
RUNEUSDT,BUY,LIMIT,1701246218238,1,6.3159
RUNEUSDT,BUY,LIMIT,1701246368156,10,6.3085
RUNEUSDT,BUY,LIMIT,1701246446427,4,6.3061
RUNEUSDT,BUY,LIMIT,1701246480499,67,6.2919
RUNEUSDT,BUY,LIMIT,1701246837013,32,6.3001
RUNEUSDT,BUY,LIMIT,1701247359925,27,6.3143
RUNEUSDT,BUY,LIMIT,1701247493733,217,6.3200
RUNEUSDT,BUY,LIMIT,1701247496628,1,6.3212
RUNEUSDT,BUY,LIMIT,1701247499855,2,6.3213
RUNEUSDT,BUY,LIMIT,1701247530275,36,6.3182
RUNEUSDT,BUY,LIMIT,1701247551166,2,6.3232
RUNEUSDT,BUY,LIMIT,1701247566423,4,6.3278
RUNEUSDT,BUY,LIMIT,1701247568213,83,6.3278
RUNEUSDT,BUY,LIMIT,1701247578327,113,6.3300
RUNEUSDT,BUY,LIMIT,1701247580647,566,6.3314
RUNEUSDT,BUY,LIMIT,1701247594763,1,6.3330
RUNEUSDT,BUY,LIMIT,1701247678883,16,6.3363
RUNEUSDT,BUY,LIMIT,1701247709944,45,6.3356
RUNEUSDT,BUY,LIMIT,1701247722878,68,6.3373
RUNEUSDT,BUY,LIMIT,1701247760389,12,6.3394
RUNEUSDT,BUY,LIMIT,1701247769134,3,6.3409
RUNEUSDT,BUY,LIMIT,1701247822056,409,6.3441
RUNEUSDT,BUY,LIMIT,1701247823217,3,6.3465
RUNEUSDT,BUY,LIMIT,1701247883082,5,6.3385
RUNEUSDT,BUY,LIMIT,1701247884343,7,6.3474
RUNEUSDT,BUY,LIMIT,1701247885967,3,6.3476
RUNEUSDT,BUY,LIMIT,1701247896220,8,6.3494
RUNEUSDT,BUY,LIMIT,1701247898249,24,6.3518
RUNEUSDT,BUY,LIMIT,1701247930092,1,6.3524
RUNEUSDT,BUY,LIMIT,1701247943264,243,6.3532
RUNEUSDT,BUY,LIMIT,1701248006820,336,6.3514
RUNEUSDT,BUY,LIMIT,1701248140187,24,6.3562
RUNEUSDT,BUY,LIMIT,1701248141282,8,6.3558
RUNEUSDT,BUY,LIMIT,1701248216300,14,6.3620
RUNEUSDT,BUY,LIMIT,1701248220930,19,6.3659
RUNEUSDT,BUY,LIMIT,1701248224367,3,6.3663
RUNEUSDT,BUY,LIMIT,1701248241532,508,6.3670
RUNEUSDT,BUY,LIMIT,1701248246210,136,6.3690
RUNEUSDT,BUY,LIMIT,1701248247967,219,6.3692
RUNEUSDT,BUY,LIMIT,1701248259200,14,6.3696
RUNEUSDT,BUY,LIMIT,1701248263129,66,6.3725
RUNEUSDT,BUY,LIMIT,1701248264156,163,6.3707
RUNEUSDT,BUY,LIMIT,1701248267447,19,6.3750
RUNEUSDT,BUY,LIMIT,1701248270459,387,6.3767
RUNEUSDT,BUY,LIMIT,1701248277141,18,6.3786
RUNEUSDT,BUY,LIMIT,1701248278198,15,6.3779
RUNEUSDT,BUY,LIMIT,1701248329754,31,6.3805
RUNEUSDT,BUY,LIMIT,1701248331226,27,6.3811
RUNEUSDT,BUY,LIMIT,1701248356125,92,6.3837
RUNEUSDT,BUY,LIMIT,1701248363616,7,6.3850
RUNEUSDT,BUY,LIMIT,1701248550227,3,6.3465
RUNEUSDT,BUY,LIMIT,1701249409188,37,6.3722
RUNEUSDT,BUY,LIMIT,1701249518222,136,6.3856
RUNEUSDT,BUY,LIMIT,1701249522694,1,6.3901
RUNEUSDT,BUY,LIMIT,1701249524314,820,6.3928
RUNEUSDT,BUY,LIMIT,1701249532209,8,6.3932
RUNEUSDT,BUY,LIMIT,1701249534554,154,6.3919
RUNEUSDT,BUY,LIMIT,1701249535710,87,6.3954
RUNEUSDT,BUY,LIMIT,1701249537070,146,6.3989
RUNEUSDT,BUY,LIMIT,1701249538127,50,6.3962
RUNEUSDT,BUY,LIMIT,1701249551196,34,6.3999
RUNEUSDT,BUY,LIMIT,1701249554439,98,6.4015
RUNEUSDT,BUY,LIMIT,1701249555449,2,6.4015
RUNEUSDT,BUY,LIMIT,1701249558670,1,6.4108
RUNEUSDT,BUY,LIMIT,1701249560040,33,6.4167
RUNEUSDT,BUY,LIMIT,1701249561084,163,6.4162
RUNEUSDT,BUY,LIMIT,1701249562747,29,6.4189
RUNEUSDT,BUY,LIMIT,1701249564045,334,6.4217
RUNEUSDT,BUY,LIMIT,1701249587334,96,6.4219
RUNEUSDT,BUY,LIMIT,1701249617217,132,6.4244
RUNEUSDT,BUY,LIMIT,1701249618220,46,6.4273
RUNEUSDT,BUY,LIMIT,1701249620034,47,6.4302
RUNEUSDT,BUY,LIMIT,1701249621549,4,6.4309
RUNEUSDT,BUY,LIMIT,1701249622573,9,6.4361
RUNEUSDT,BUY,LIMIT,1701249702996,16,6.4300
RUNEUSDT,SELL,LIMIT,1701249845144,461,6.2057
RUNEUSDT,SELL,LIMIT,1701249982279,35,6.2460
RUNEUSDT,SELL,LIMIT,1701250188275,3,6.1806
RUNEUSDT,SELL,LIMIT,1701250211992,241,6.1711
RUNEUSDT,SELL,LIMIT,1701250227578,231,6.1656
RUNEUSDT,SELL,LIMIT,1701250231200,14,6.1588
RUNEUSDT,SELL,LIMIT,1701250232831,45,6.1576
RUNEUSDT,SELL,LIMIT,1701250263490,408,6.1601
RUNEUSDT,SELL,LIMIT,1701250275283,120,6.1499
RUNEUSDT,BUY,LIMIT,1701250622771,3,6.3537
RUNEUSDT,BUY,LIMIT,1701250645389,4,6.3564
RUNEUSDT,BUY,LIMIT,1701250651046,576,6.3594
RUNEUSDT,BUY,LIMIT,1701251406315,128,6.3758
RUNEUSDT,BUY,LIMIT,1701251534609,7,6.3867
RUNEUSDT,BUY,LIMIT,1701251536073,311,6.4015
RUNEUSDT,SELL,LIMIT,1701251619049,34,6.1552
RUNEUSDT,BUY,LIMIT,1701252617934,3,6.3812
RUNEUSDT,BUY,LIMIT,1701252622973,32,6.3828
RUNEUSDT,BUY,LIMIT,1701252685899,227,6.4124
RUNEUSDT,SELL,LIMIT,1701253347847,4,6.1929
RUNEUSDT,SELL,LIMIT,1701253412138,22,6.1941
RUNEUSDT,BUY,LIMIT,1701254173083,33,6.3935
RUNEUSDT,SELL,LIMIT,1701254407328,625,6.1613
RUNEUSDT,SELL,LIMIT,1701254412075,2,6.1553
RUNEUSDT,SELL,LIMIT,1701254421010,30,6.1512
RUNEUSDT,SELL,LIMIT,1701254645120,800,6.1405
RUNEUSDT,SELL,LIMIT,1701254648885,3,6.1381
RUNEUSDT,SELL,LIMIT,1701254668051,2,6.1183
