Symbol,Side,Order Type,Time,Quantity,Price
RUNEUSDT,SELL,LIMIT,1700846480726,86,5.3329
RUNEUSDT,SELL,LIMIT,1700846483493,7,5.3321
RUNEUSDT,SELL,LIMIT,1700848927835,72,5.3188
RUNEUSDT,BUY,LIMIT,1700850513946,46,5.4899
RUNEUSDT,BUY,LIMIT,1700850566284,1,5.4935
RUNEUSDT,SELL,LIMIT,1700852926204,179,5.2976
RUNEUSDT,SELL,LIMIT,1700852934137,18,5.2969
RUNEUSDT,SELL,LIMIT,1700852940100,28,5.2954
RUNEUSDT,SELL,LIMIT,1700852952625,906,5.2929
RUNEUSDT,SELL,LIMIT,1700852954899,167,5.2914
RUNEUSDT,SELL,LIMIT,1700852956210,2526,5.2563
RUNEUSDT,SELL,LIMIT,1700853470905,20,5.3025
RUNEUSDT,SELL,LIMIT,1700857189673,1132,5.3000
RUNEUSDT,BUY,LIMIT,1700859044866,16,5.5118
RUNEUSDT,BUY,LIMIT,1700859099337,3,5.5301
RUNEUSDT,SELL,LIMIT,1700862912561,26,5.3464
RUNEUSDT,SELL,LIMIT,1700863275834,2,5.3294
RUNEUSDT,SELL,LIMIT,1700863280194,6,5.3289
RUNEUSDT,SELL,LIMIT,1700863942073,8,5.3157
RUNEUSDT,SELL,LIMIT,1700863949803,2,5.3145
RUNEUSDT,SELL,LIMIT,1700863952841,292,5.3066
RUNEUSDT,SELL,LIMIT,1700863954788,20,5.3015
RUNEUSDT,SELL,LIMIT,1700866626972,1,5.3584
RUNEUSDT,SELL,LIMIT,1700866928166,97,5.3056
RUNEUSDT,SELL,LIMIT,1700866932731,35,5.3047
RUNEUSDT,SELL,LIMIT,1700867104549,10,5.3033
RUNEUSDT,SELL,LIMIT,1700867373270,100,5.2964
RUNEUSDT,BUY,LIMIT,1700869900252,270,5.5097
RUNEUSDT,BUY,LIMIT,1700870075302,5,5.5185
RUNEUSDT,BUY,LIMIT,1700870947293,25,5.5358
RUNEUSDT,BUY,LIMIT,1700870970456,725,5.5483
RUNEUSDT,BUY,LIMIT,1700871029359,9,5.5801
RUNEUSDT,BUY,LIMIT,1700871038141,483,5.5898
RUNEUSDT,BUY,LIMIT,1700871040091,58,5.5927
RUNEUSDT,BUY,LIMIT,1700871048811,96,5.5991
RUNEUSDT,SELL,LIMIT,1700873450069,2,5.3496
RUNEUSDT,SELL,LIMIT,1700873548254,153,5.3259
RUNEUSDT,SELL,LIMIT,1700873572196,30,5.3148
RUNEUSDT,SELL,LIMIT,1700873617142,84,5.3072
RUNEUSDT,SELL,LIMIT,1700873671463,482,5.2936
RUNEUSDT,SELL,LIMIT,1700873679190,926,5.2888
RUNEUSDT,SELL,LIMIT,1700873680616,47,5.2849
RUNEUSDT,SELL,LIMIT,1700873687851,27,5.2828
RUNEUSDT,SELL,LIMIT,1700873693193,7,5.2799
RUNEUSDT,SELL,LIMIT,1700873717517,32,5.2781
RUNEUSDT,BUY,LIMIT,1700876322236,17,5.4904
RUNEUSDT,BUY,LIMIT,1700876378211,1,5.4991
RUNEUSDT,SELL,LIMIT,1700877272222,1,5.3485
RUNEUSDT,SELL,LIMIT,1700878832094,170,5.3501
RUNEUSDT,BUY,LIMIT,1700880247886,9,5.5394
RUNEUSDT,BUY,LIMIT,1700880584043,9,5.5523
RUNEUSDT,BUY,LIMIT,1700883954165,2,5.5507
RUNEUSDT,SELL,LIMIT,1700884331399,72,5.3660
RUNEUSDT,SELL,LIMIT,1700885600379,6,5.3452
RUNEUSDT,SELL,LIMIT,1700886869416,38,5.3340
RUNEUSDT,SELL,LIMIT,1700886871619,458,5.3331
RUNEUSDT,SELL,LIMIT,1700889305149,438,5.3055
RUNEUSDT,SELL,LIMIT,1700889677933,53,5.2964
RUNEUSDT,BUY,LIMIT,1700890051675,7,5.4869
RUNEUSDT,SELL,LIMIT,1700891525790,45,5.3275
RUNEUSDT,BUY,LIMIT,1700893273854,3,5.5134
RUNEUSDT,SELL,LIMIT,1700897600152,148,5.2980
RUNEUSDT,BUY,LIMIT,1700898532185,32,5.4836
RUNEUSDT,BUY,LIMIT,1700900239153,52,5.5035
RUNEUSDT,BUY,LIMIT,1700902581952,73,5.5311
RUNEUSDT,BUY,LIMIT,1700902922555,191,5.5349
RUNEUSDT,BUY,LIMIT,1700902976203,17,5.5430
RUNEUSDT,SELL,LIMIT,1700904383027,423,5.3237
RUNEUSDT,SELL,LIMIT,1700905532031,99,5.3013
RUNEUSDT,SELL,LIMIT,1700905533418,215,5.3002
RUNEUSDT,SELL,LIMIT,1700908035149,9,5.2951
RUNEUSDT,SELL,LIMIT,1700908577785,12,5.2755
RUNEUSDT,SELL,LIMIT,1700908670307,11,5.2727
RUNEUSDT,SELL,LIMIT,1700908969416,6,5.2698
RUNEUSDT,SELL,LIMIT,1700908971433,36,5.2669
RUNEUSDT,SELL,LIMIT,1700908992533,35,5.2705
RUNEUSDT,SELL,LIMIT,1700909027192,1,5.2637
RUNEUSDT,SELL,LIMIT,1700909042058,2,5.2576
RUNEUSDT,SELL,LIMIT,1700909043099,88,5.2512
RUNEUSDT,SELL,LIMIT,1700909044213,130,5.2481
RUNEUSDT,SELL,LIMIT,1700909045285,10,5.2410
RUNEUSDT,SELL,LIMIT,1700909073956,172,5.2388
RUNEUSDT,SELL,LIMIT,1700911634176,355,5.2380
RUNEUSDT,SELL,LIMIT,1700912134103,505,5.2360
RUNEUSDT,SELL,LIMIT,1700912135856,20,5.2311
RUNEUSDT,SELL,LIMIT,1700912138269,44,5.2308
RUNEUSDT,SELL,LIMIT,1700912226570,18,5.2278
RUNEUSDT,SELL,LIMIT,1700912433760,113,5.2252
RUNEUSDT,SELL,LIMIT,1700912438443,136,5.2208
RUNEUSDT,SELL,LIMIT,1700912440062,19,5.2119
RUNEUSDT,SELL,LIMIT,1700912441216,29,5.2089
RUNEUSDT,SELL,LIMIT,1700912442363,8,5.2083
RUNEUSDT,SELL,LIMIT,1700912446266,27,5.2037
RUNEUSDT,SELL,LIMIT,1700912447318,4,5.2034
RUNEUSDT,SELL,LIMIT,1700912449738,12,5.2025
RUNEUSDT,SELL,LIMIT,1700912463356,522,5.2009
RUNEUSDT,SELL,LIMIT,1700912465225,34,5.1982
RUNEUSDT,SELL,LIMIT,1700912467060,113,5.1930
RUNEUSDT,SELL,LIMIT,1700912468085,93,5.1943
RUNEUSDT,SELL,LIMIT,1700912502541,786,5.1849
RUNEUSDT,SELL,LIMIT,1700912504218,27,5.1802
RUNEUSDT,SELL,LIMIT,1700912505310,172,5.1823
RUNEUSDT,SELL,LIMIT,1700914740240,49,5.1892
RUNEUSDT,SELL,LIMIT,1700914742265,9,5.1839
RUNEUSDT,SELL,LIMIT,1700915681320,22,5.1794
RUNEUSDT,SELL,LIMIT,1700915683195,611,5.1748
RUNEUSDT,SELL,LIMIT,1700915684380,99,5.1761
RUNEUSDT,SELL,LIMIT,1700915685518,236,5.1710
RUNEUSDT,SELL,LIMIT,1700915687222,162,5.1645
RUNEUSDT,SELL,LIMIT,1700915688285,17,5.1689
RUNEUSDT,SELL,LIMIT,1700915689313,3,5.1607
RUNEUSDT,SELL,LIMIT,1700915690361,110,5.1577
RUNEUSDT,BUY,LIMIT,1700916976439,952,5.3559
RUNEUSDT,BUY,LIMIT,1700919151823,89,5.3810
RUNEUSDT,BUY,LIMIT,1700919790154,1,5.3937
RUNEUSDT,SELL,LIMIT,1700919895578,4,5.2343
RUNEUSDT,BUY,LIMIT,1700924673067,28,5.4033
RUNEUSDT,BUY,LIMIT,1700924696591,10,5.4043
RUNEUSDT,BUY,LIMIT,1700924700975,76,5.4074
RUNEUSDT,BUY,LIMIT,1700924978366,21,5.4141
RUNEUSDT,BUY,LIMIT,1700926199626,102,5.4205
RUNEUSDT,BUY,LIMIT,1700926295951,2,5.4286
RUNEUSDT,BUY,LIMIT,1700926300119,38,5.4349
RUNEUSDT,BUY,LIMIT,1700926302103,1,5.4390
RUNEUSDT,BUY,LIMIT,1700926363855,58,5.4417
RUNEUSDT,BUY,LIMIT,1700927261875,70,5.4421
RUNEUSDT,BUY,LIMIT,1700928068073,20,5.4467
RUNEUSDT,BUY,LIMIT,1700928329466,115,5.4501
RUNEUSDT,BUY,LIMIT,1700928465601,74,5.4588
RUNEUSDT,BUY,LIMIT,1700928472140,28,5.4609
RUNEUSDT,BUY,LIMIT,1700933912410,7,5.4804
RUNEUSDT,BUY,LIMIT,1700934092506,710,5.4930
RUNEUSDT,BUY,LIMIT,1700936641758,46,5.4976
RUNEUSDT,BUY,LIMIT,1700936670007,7,5.5029
RUNEUSDT,BUY,LIMIT,1700936674291,694,5.5044
RUNEUSDT,BUY,LIMIT,1700936678269,215,5.5058
RUNEUSDT,BUY,LIMIT,1700936729587,4,5.5078
RUNEUSDT,BUY,LIMIT,1700936737152,9,5.5083
RUNEUSDT,BUY,LIMIT,1700937016187,199,5.5130
