Symbol,Side,Order Type,Time,Quantity,Price
RUNEUSDT,BUY,LIMIT,1701067040412,49,5.4852
RUNEUSDT,BUY,LIMIT,1701067079354,150,5.4887
RUNEUSDT,BUY,LIMIT,1701067085747,41,5.4903
RUNEUSDT,BUY,LIMIT,1701067115412,16,5.4935
RUNEUSDT,BUY,LIMIT,1701067525423,7,5.4962
RUNEUSDT,BUY,LIMIT,1701067531399,19,5.5004
RUNEUSDT,BUY,LIMIT,1701067533225,827,5.5038
RUNEUSDT,BUY,LIMIT,1701067538309,32,5.5072
RUNEUSDT,BUY,LIMIT,1701067751258,135,5.4941
RUNEUSDT,SELL,LIMIT,1701068037240,27,5.2996
RUNEUSDT,BUY,LIMIT,1701068946409,48,5.4768
RUNEUSDT,BUY,LIMIT,1701069053147,181,5.4940
RUNEUSDT,SELL,LIMIT,1701069639208,31,5.2964
RUNEUSDT,SELL,LIMIT,1701069734051,101,5.2959
RUNEUSDT,SELL,LIMIT,1701069832077,592,5.2747
RUNEUSDT,SELL,LIMIT,1701069856336,1,5.2715
RUNEUSDT,SELL,LIMIT,1701069878216,21,5.2651
RUNEUSDT,SELL,LIMIT,1701069882047,9,5.2550
RUNEUSDT,SELL,LIMIT,1701069884088,1,5.2518
RUNEUSDT,SELL,LIMIT,1701069885218,39,5.2509
RUNEUSDT,SELL,LIMIT,1701069887595,9,5.2483
RUNEUSDT,BUY,LIMIT,1701069892061,10,5.4099
RUNEUSDT,SELL,LIMIT,1701069898316,1,5.2468
RUNEUSDT,SELL,LIMIT,1701069912351,282,5.2387
RUNEUSDT,BUY,LIMIT,1701070679230,62,5.4396
RUNEUSDT,SELL,LIMIT,1701071523058,282,5.2802
RUNEUSDT,BUY,LIMIT,1701072649044,30,5.4828
RUNEUSDT,BUY,LIMIT,1701072678322,372,5.4923
RUNEUSDT,BUY,LIMIT,1701072684024,302,5.5023
RUNEUSDT,BUY,LIMIT,1701072802752,358,5.5192
RUNEUSDT,BUY,LIMIT,1701072805403,110,5.5236
RUNEUSDT,BUY,LIMIT,1701072844560,52,5.5300
RUNEUSDT,BUY,LIMIT,1701072976437,12,5.5426
RUNEUSDT,SELL,LIMIT,1701074856184,357,5.3177
RUNEUSDT,SELL,LIMIT,1701074882787,184,5.3136
RUNEUSDT,SELL,LIMIT,1701074961233,5,5.3041
RUNEUSDT,SELL,LIMIT,1701075018804,18,5.2942
RUNEUSDT,BUY,LIMIT,1701075738223,5,5.5277
RUNEUSDT,SELL,LIMIT,1701075987909,438,5.3369
RUNEUSDT,SELL,LIMIT,1701076662592,169,5.3288
RUNEUSDT,SELL,LIMIT,1701076689371,83,5.3223
RUNEUSDT,SELL,LIMIT,1701077399082,6,5.3551
RUNEUSDT,BUY,LIMIT,1701078715364,7,5.5260
RUNEUSDT,BUY,LIMIT,1701078785963,921,5.5309
RUNEUSDT,SELL,LIMIT,1701080618203,89,5.3230
RUNEUSDT,SELL,LIMIT,1701080645963,4,5.3199
RUNEUSDT,SELL,LIMIT,1701080648097,342,5.3167
RUNEUSDT,SELL,LIMIT,1701080853360,270,5.2968
RUNEUSDT,SELL,LIMIT,1701080858511,199,5.2943
RUNEUSDT,SELL,LIMIT,1701080955658,2,5.2797
RUNEUSDT,SELL,LIMIT,1701081036474,50,5.2548
RUNEUSDT,SELL,LIMIT,1701081078104,18,5.2495
RUNEUSDT,SELL,LIMIT,1701081132202,20,5.2494
RUNEUSDT,SELL,LIMIT,1701081134255,14,5.2465
RUNEUSDT,SELL,LIMIT,1701081139058,371,5.2456
RUNEUSDT,SELL,LIMIT,1701081166489,312,5.2606
RUNEUSDT,SELL,LIMIT,1701081183629,187,5.2396
RUNEUSDT,SELL,LIMIT,1701081204634,102,5.2375
RUNEUSDT,SELL,LIMIT,1701081256785,93,5.2447
RUNEUSDT,SELL,LIMIT,1701081427813,10,5.2400
RUNEUSDT,SELL,LIMIT,1701081451058,27,5.2300
RUNEUSDT,SELL,LIMIT,1701081488429,756,5.2260
RUNEUSDT,BUY,LIMIT,1701081499222,1,5.3895
RUNEUSDT,SELL,LIMIT,1701081580229,3,5.2304
RUNEUSDT,BUY,LIMIT,1701082038083,7,5.4193
RUNEUSDT,SELL,LIMIT,1701082676489,80,5.2569
RUNEUSDT,SELL,LIMIT,1701082678729,18,5.2608
RUNEUSDT,SELL,LIMIT,1701082684852,2,5.2511
RUNEUSDT,BUY,LIMIT,1701083872518,5,5.4594
RUNEUSDT,BUY,LIMIT,1701083988279,112,5.4764
RUNEUSDT,SELL,LIMIT,1701084931941,9,5.2717
RUNEUSDT,BUY,LIMIT,1701085053237,2,5.4782
RUNEUSDT,BUY,LIMIT,1701085871464,68,5.4850
RUNEUSDT,BUY,LIMIT,1701086110743,199,5.4976
RUNEUSDT,BUY,LIMIT,1701086570704,71,5.5029
RUNEUSDT,BUY,LIMIT,1701086851288,2,5.5183
RUNEUSDT,BUY,LIMIT,1701086969153,76,5.5226
RUNEUSDT,BUY,LIMIT,1701087033002,5,5.5293
RUNEUSDT,BUY,LIMIT,1701087254130,46,5.5375
RUNEUSDT,BUY,LIMIT,1701087348855,147,5.5434
RUNEUSDT,BUY,LIMIT,1701087428187,50,5.5568
RUNEUSDT,BUY,LIMIT,1701087430932,105,5.5624
RUNEUSDT,BUY,LIMIT,1701087516595,1,5.5741
RUNEUSDT,BUY,LIMIT,1701087546894,7,5.5780
RUNEUSDT,BUY,LIMIT,1701087551535,6,5.5813
RUNEUSDT,BUY,LIMIT,1701087554746,475,5.5825
RUNEUSDT,BUY,LIMIT,1701087577191,3,5.5865
RUNEUSDT,BUY,LIMIT,1701087578278,35,5.5885
RUNEUSDT,BUY,LIMIT,1701087580199,187,5.5906
RUNEUSDT,SELL,LIMIT,1701087704218,13,5.3882
RUNEUSDT,SELL,LIMIT,1701087706448,47,5.3841
RUNEUSDT,SELL,LIMIT,1701087980980,21,5.3539
RUNEUSDT,SELL,LIMIT,1701088059711,394,5.3449
RUNEUSDT,BUY,LIMIT,1701088326958,62,5.5415
RUNEUSDT,BUY,LIMIT,1701088443480,47,5.5398
RUNEUSDT,SELL,LIMIT,1701088690364,5,5.3429
RUNEUSDT,SELL,LIMIT,1701089994947,10,5.3361
RUNEUSDT,SELL,LIMIT,1701091158804,5,5.3277
RUNEUSDT,SELL,LIMIT,1701091162059,217,5.3263
RUNEUSDT,SELL,LIMIT,1701091163459,104,5.3201
RUNEUSDT,SELL,LIMIT,1701092006233,14,5.3144
RUNEUSDT,SELL,LIMIT,1701092007662,81,5.3130
RUNEUSDT,SELL,LIMIT,1701092405948,763,5.3028
RUNEUSDT,SELL,LIMIT,1701092591274,735,5.2936
RUNEUSDT,SELL,LIMIT,1701092595901,16,5.2848
RUNEUSDT,SELL,LIMIT,1701093108156,119,5.2586
RUNEUSDT,SELL,LIMIT,1701093116511,817,5.2516
RUNEUSDT,SELL,LIMIT,1701093117844,71,5.2496
RUNEUSDT,SELL,LIMIT,1701093119162,38,5.2441
RUNEUSDT,SELL,LIMIT,1701093137512,693,5.2284
RUNEUSDT,SELL,LIMIT,1701093138675,146,5.2250
RUNEUSDT,BUY,LIMIT,1701093497224,63,5.4216
RUNEUSDT,BUY,LIMIT,1701093648624,919,5.4224
RUNEUSDT,SELL,LIMIT,1701093660032,11,5.2664
RUNEUSDT,BUY,LIMIT,1701093794363,81,5.4452
RUNEUSDT,BUY,LIMIT,1701093826316,223,5.4573
RUNEUSDT,SELL,LIMIT,1701093977378,322,5.2683
RUNEUSDT,SELL,LIMIT,1701094436481,47,5.2404
RUNEUSDT,SELL,LIMIT,1701094479424,3,5.2381
RUNEUSDT,SELL,LIMIT,1701094493981,935,5.2338
RUNEUSDT,SELL,LIMIT,1701094567562,1,5.2250
RUNEUSDT,SELL,LIMIT,1701094571454,31,5.2229
RUNEUSDT,SELL,LIMIT,1701094660131,37,5.2222
RUNEUSDT,SELL,LIMIT,1701094682673,343,5.2207
RUNEUSDT,SELL,LIMIT,1701094685970,129,5.2199
RUNEUSDT,SELL,LIMIT,1701094694155,330,5.2147
RUNEUSDT,SELL,LIMIT,1701094696323,1,5.2122
RUNEUSDT,SELL,LIMIT,1701094699603,530,5.2073
RUNEUSDT,SELL,LIMIT,1701094703162,16,5.2013
RUNEUSDT,SELL,LIMIT,1701094710433,1,5.1942
RUNEUSDT,SELL,LIMIT,1701094881449,48,5.1887
RUNEUSDT,SELL,LIMIT,1701094923286,370,5.1871
RUNEUSDT,SELL,LIMIT,1701094934118,59,5.1840
RUNEUSDT,SELL,LIMIT,1701094954474,47,5.1777
RUNEUSDT,SELL,LIMIT,1701094957601,1,5.1775
RUNEUSDT,SELL,LIMIT,1701094958736,4,5.1758
RUNEUSDT,SELL,LIMIT,1701094964375,13,5.1729
RUNEUSDT,SELL,LIMIT,1701094966104,5,5.1686
RUNEUSDT,SELL,LIMIT,1701094967391,57,5.1724
RUNEUSDT,SELL,LIMIT,1701094980370,7,5.1664
RUNEUSDT,SELL,LIMIT,1701094986376,385,5.1654
RUNEUSDT,SELL,LIMIT,1701094987501,10,5.1626
RUNEUSDT,SELL,LIMIT,1701094992339,70,5.1609
RUNEUSDT,SELL,LIMIT,1701095006110,195,5.1594
RUNEUSDT,SELL,LIMIT,1701095007177,156,5.1596
RUNEUSDT,SELL,LIMIT,1701095024100,14,5.1582
RUNEUSDT,SELL,LIMIT,1701095025742,1,5.1581
RUNEUSDT,SELL,LIMIT,1701097011279,206,5.1715
RUNEUSDT,SELL,LIMIT,1701097044148,121,5.1749
RUNEUSDT,BUY,LIMIT,1701097394999,949,5.3712
RUNEUSDT,BUY,LIMIT,1701097403117,23,5.3735
RUNEUSDT,BUY,LIMIT,1701097715362,17,5.3896
RUNEUSDT,SELL,LIMIT,1701099222059,235,5.1987
RUNEUSDT,SELL,LIMIT,1701100158919,820,5.1901
RUNEUSDT,SELL,LIMIT,1701100563412,100,5.1768
RUNEUSDT,SELL,LIMIT,1701100568191,3,5.1810
RUNEUSDT,SELL,LIMIT,1701100577138,14,5.1712
RUNEUSDT,SELL,LIMIT,1701100641866,56,5.1624
RUNEUSDT,SELL,LIMIT,1701101007837,5,5.1821
RUNEUSDT,BUY,LIMIT,1701101074382,16,5.3508
RUNEUSDT,SELL,LIMIT,1701101102214,551,5.1940
RUNEUSDT,BUY,LIMIT,1701101956630,5,5.4231
RUNEUSDT,BUY,LIMIT,1701102492106,384,5.4291
RUNEUSDT,BUY,LIMIT,1701102642159,64,5.4385
RUNEUSDT,BUY,LIMIT,1701102646666,2,5.4424
RUNEUSDT,SELL,LIMIT,1701102955715,19,5.2416
RUNEUSDT,BUY,LIMIT,1701103547933,88,5.4353
RUNEUSDT,BUY,LIMIT,1701104139779,73,5.4413
RUNEUSDT,BUY,LIMIT,1701104159457,1,5.4499
RUNEUSDT,BUY,LIMIT,1701104185742,11,5.4595
RUNEUSDT,BUY,LIMIT,1701104329115,183,5.4681
RUNEUSDT,BUY,LIMIT,1701104406537,1,5.4826
RUNEUSDT,BUY,LIMIT,1701104467592,8,5.4914
RUNEUSDT,SELL,LIMIT,1701104503415,63,5.3683
RUNEUSDT,BUY,LIMIT,1701105162396,410,5.4967
RUNEUSDT,BUY,LIMIT,1701105257116,188,5.5098
RUNEUSDT,SELL,LIMIT,1701107451975,26,5.3068
RUNEUSDT,BUY,LIMIT,1701108221234,11,5.4729
RUNEUSDT,SELL,LIMIT,1701111072635,73,5.3015
RUNEUSDT,SELL,LIMIT,1701111127848,32,5.2909
RUNEUSDT,SELL,LIMIT,1701111220799,76,5.2822
RUNEUSDT,SELL,LIMIT,1701111450269,11,5.2672
RUNEUSDT,SELL,LIMIT,1701111456271,9,5.2642
RUNEUSDT,SELL,LIMIT,1701111572146,3,5.2606
RUNEUSDT,SELL,LIMIT,1701112142330,2,5.2482
RUNEUSDT,SELL,LIMIT,1701112789033,373,5.2395
RUNEUSDT,SELL,LIMIT,1701114107910,63,5.2249
RUNEUSDT,SELL,LIMIT,1701114119885,23,5.2235
RUNEUSDT,SELL,LIMIT,1701114140895,37,5.2190
RUNEUSDT,SELL,LIMIT,1701114148757,1,5.2165
RUNEUSDT,SELL,LIMIT,1701114162805,42,5.2148
RUNEUSDT,BUY,LIMIT,1701114163868,482,5.3669
RUNEUSDT,SELL,LIMIT,1701114165493,782,5.2056
RUNEUSDT,SELL,LIMIT,1701114237303,99,5.2106
RUNEUSDT,SELL,LIMIT,1701114261775,641,5.1982
RUNEUSDT,SELL,LIMIT,1701114274403,168,5.1959
RUNEUSDT,SELL,LIMIT,1701114344302,11,5.1961
RUNEUSDT,SELL,LIMIT,1701114463769,5,5.1852
RUNEUSDT,SELL,LIMIT,1701114473123,111,5.1832
RUNEUSDT,SELL,LIMIT,1701114477063,21,5.1823
RUNEUSDT,SELL,LIMIT,1701114478227,543,5.1824
RUNEUSDT,SELL,LIMIT,1701114494691,772,5.1786
RUNEUSDT,SELL,LIMIT,1701114498880,63,5.1748
RUNEUSDT,SELL,LIMIT,1701115603995,12,5.1684
RUNEUSDT,SELL,LIMIT,1701116600211,3,5.1614
RUNEUSDT,SELL,LIMIT,1701116769285,735,5.1535
RUNEUSDT,SELL,LIMIT,1701116797980,122,5.1530
RUNEUSDT,SELL,LIMIT,1701116803397,1,5.1523
RUNEUSDT,SELL,LIMIT,1701116829835,416,5.1501
RUNEUSDT,SELL,LIMIT,1701116831550,86,5.1492
RUNEUSDT,SELL,LIMIT,1701116840902,49,5.1463
RUNEUSDT,SELL,LIMIT,1701116867613,424,5.1423
RUNEUSDT,SELL,LIMIT,1701116879663,111,5.1334
RUNEUSDT,SELL,LIMIT,1701116886421,71,5.1288
RUNEUSDT,SELL,LIMIT,1701116890632,359,5.1256
RUNEUSDT,SELL,LIMIT,1701116892204,39,5.1250
RUNEUSDT,SELL,LIMIT,1701116894390,97,5.1246
RUNEUSDT,SELL,LIMIT,1701116898060,1161,5.1126
RUNEUSDT,SELL,LIMIT,1701116899611,906,5.1205
RUNEUSDT,SELL,LIMIT,1701116902217,68,5.1192
RUNEUSDT,SELL,LIMIT,1701116903404,12,5.1157
RUNEUSDT,SELL,LIMIT,1701116905618,90,5.1137
RUNEUSDT,SELL,LIMIT,1701116910309,7,5.1109
RUNEUSDT,SELL,LIMIT,1701117024303,13,5.1052
RUNEUSDT,SELL,LIMIT,1701117025995,539,5.1046
RUNEUSDT,SELL,LIMIT,1701117029077,151,5.1004
RUNEUSDT,SELL,LIMIT,1701117030080,4,5.0974
RUNEUSDT,SELL,LIMIT,1701117031177,100,5.0955
RUNEUSDT,BUY,LIMIT,1701117217394,34,5.2488
RUNEUSDT,SELL,LIMIT,1701118766085,95,5.1548
RUNEUSDT,BUY,LIMIT,1701120865941,6,5.3533
RUNEUSDT,BUY,LIMIT,1701120878791,949,5.3536
RUNEUSDT,BUY,LIMIT,1701121007782,35,5.3680
RUNEUSDT,BUY,LIMIT,1701121897481,3,5.3764
RUNEUSDT,BUY,LIMIT,1701122230406,12,5.3517
RUNEUSDT,BUY,LIMIT,1701126094044,4,5.3742
RUNEUSDT,BUY,LIMIT,1701126147768,85,5.3788
RUNEUSDT,BUY,LIMIT,1701126638110,48,5.4258
RUNEUSDT,BUY,LIMIT,1701126643918,12,5.4330
RUNEUSDT,BUY,LIMIT,1701126693248,20,5.4369
RUNEUSDT,BUY,LIMIT,1701126761575,13,5.4538
RUNEUSDT,BUY,LIMIT,1701126784288,178,5.4580
RUNEUSDT,BUY,LIMIT,1701126812101,168,5.4655
RUNEUSDT,BUY,LIMIT,1701126813822,2,5.4666
RUNEUSDT,BUY,LIMIT,1701126880223,27,5.4730
RUNEUSDT,BUY,LIMIT,1701126900198,113,5.4787
RUNEUSDT,BUY,LIMIT,1701126903340,14,5.4792
RUNEUSDT,BUY,LIMIT,1701126919051,9,5.4883
RUNEUSDT,BUY,LIMIT,1701126925262,36,5.4917
RUNEUSDT,BUY,LIMIT,1701126927920,6,5.4954
RUNEUSDT,BUY,LIMIT,1701126974414,456,5.5002
RUNEUSDT,BUY,LIMIT,1701126981089,464,5.5065
RUNEUSDT,BUY,LIMIT,1701126991511,6,5.5085
RUNEUSDT,BUY,LIMIT,1701126992583,29,5.5102
RUNEUSDT,BUY,LIMIT,1701127008611,11,5.5156
RUNEUSDT,BUY,LIMIT,1701127051462,65,5.5265
RUNEUSDT,BUY,LIMIT,1701127151040,383,5.5299
RUNEUSDT,BUY,LIMIT,1701127209658,38,5.5370
RUNEUSDT,BUY,LIMIT,1701127216894,119,5.5404
RUNEUSDT,BUY,LIMIT,1701127222498,23,5.5422
RUNEUSDT,BUY,LIMIT,1701127236358,259,5.5450
RUNEUSDT,BUY,LIMIT,1701127239175,12,5.5463
RUNEUSDT,BUY,LIMIT,1701127293448,62,5.5549
RUNEUSDT,BUY,LIMIT,1701127344403,1,5.5618
RUNEUSDT,BUY,LIMIT,1701127357813,1,5.5678
RUNEUSDT,BUY,LIMIT,1701127479823,596,5.5623
RUNEUSDT,BUY,LIMIT,1701127503592,3,5.5725
RUNEUSDT,BUY,LIMIT,1701127505296,7,5.5762
RUNEUSDT,BUY,LIMIT,1701127563528,49,5.5854
RUNEUSDT,BUY,LIMIT,1701127575166,26,5.5868
RUNEUSDT,SELL,LIMIT,1701128193428,24,5.3854
RUNEUSDT,SELL,LIMIT,1701128757672,46,5.3774
RUNEUSDT,SELL,LIMIT,1701128986662,23,5.3689
RUNEUSDT,SELL,LIMIT,1701129017198,82,5.3638
RUNEUSDT,BUY,LIMIT,1701129764428,23,5.5537
RUNEUSDT,BUY,LIMIT,1701130725475,50,5.5633
RUNEUSDT,BUY,LIMIT,1701130898142,4,5.5766
RUNEUSDT,BUY,LIMIT,1701130942218,17,5.5825
RUNEUSDT,BUY,LIMIT,1701130969852,32,5.5887
RUNEUSDT,BUY,LIMIT,1701131091056,373,5.5925
RUNEUSDT,BUY,LIMIT,1701131094666,1,5.5945
RUNEUSDT,BUY,LIMIT,1701131528474,50,5.5959
RUNEUSDT,BUY,LIMIT,1701131531907,14,5.5966
RUNEUSDT,BUY,LIMIT,1701131537000,259,5.5974
RUNEUSDT,BUY,LIMIT,1701131558150,12,5.6041
RUNEUSDT,BUY,LIMIT,1701131559269,2,5.6057
RUNEUSDT,BUY,LIMIT,1701131588281,71,5.6100
RUNEUSDT,BUY,LIMIT,1701131599714,8,5.6109
RUNEUSDT,BUY,LIMIT,1701131620909,77,5.6125
RUNEUSDT,BUY,LIMIT,1701131644177,118,5.6194
RUNEUSDT,BUY,LIMIT,1701131645189,9,5.6165
RUNEUSDT,BUY,LIMIT,1701131690068,72,5.6234
RUNEUSDT,BUY,LIMIT,1701131697231,189,5.6269
RUNEUSDT,BUY,LIMIT,1701131698361,106,5.6317
RUNEUSDT,BUY,LIMIT,1701132473176,72,5.6416
RUNEUSDT,BUY,LIMIT,1701132620220,5,5.6443
RUNEUSDT,BUY,LIMIT,1701132751288,57,5.6541
RUNEUSDT,BUY,LIMIT,1701132753267,3,5.6548
RUNEUSDT,BUY,LIMIT,1701132755382,26,5.6567
RUNEUSDT,BUY,LIMIT,1701132832048,58,5.6653
RUNEUSDT,BUY,LIMIT,1701132860666,217,5.6664
RUNEUSDT,BUY,LIMIT,1701132890133,45,5.6696
RUNEUSDT,BUY,LIMIT,1701132896338,4540,5.7204
RUNEUSDT,BUY,LIMIT,1701132898087,9,5.6779
RUNEUSDT,BUY,LIMIT,1701132899875,250,5.6836
RUNEUSDT,BUY,LIMIT,1701132912178,42,5.6859
RUNEUSDT,BUY,LIMIT,1701132913407,89,5.6877
RUNEUSDT,BUY,LIMIT,1701132924366,27,5.6908
RUNEUSDT,BUY,LIMIT,1701132928738,650,5.6919
RUNEUSDT,BUY,LIMIT,1701132942132,87,5.6964
RUNEUSDT,BUY,LIMIT,1701132953070,27,5.6984
RUNEUSDT,BUY,LIMIT,1701132954090,26,5.6991
RUNEUSDT,BUY,LIMIT,1701132966362,2959,5.7389
RUNEUSDT,BUY,LIMIT,1701132967665,6,5.7029
RUNEUSDT,BUY,LIMIT,1701133239062,1,5.7030
RUNEUSDT,BUY,LIMIT,1701134508213,6,5.6955
RUNEUSDT,SELL,LIMIT,1701134797192,37,5.4832
RUNEUSDT,SELL,LIMIT,1701134798344,422,5.4775
RUNEUSDT,SELL,LIMIT,1701134811096,3,5.4582
RUNEUSDT,BUY,LIMIT,1701135396179,10,5.6520
RUNEUSDT,SELL,LIMIT,1701137034357,45,5.4855
RUNEUSDT,SELL,LIMIT,1701137326838,1015,5.4802
RUNEUSDT,SELL,LIMIT,1701137430934,63,5.4724
RUNEUSDT,SELL,LIMIT,1701137433252,9,5.4701
RUNEUSDT,SELL,LIMIT,1701137434365,57,5.4705
RUNEUSDT,SELL,LIMIT,1701137437523,38,5.4629
RUNEUSDT,BUY,LIMIT,1701138442127,13,5.6694
RUNEUSDT,BUY,LIMIT,1701138490509,224,5.6724
RUNEUSDT,BUY,LIMIT,1701138492674,1,5.6823
RUNEUSDT,BUY,LIMIT,1701138502950,115,5.6977
RUNEUSDT,SELL,LIMIT,1701138756466,89,5.4946
RUNEUSDT,SELL,LIMIT,1701140641715,45,5.4789
RUNEUSDT,SELL,LIMIT,1701140770546,2,5.4704
RUNEUSDT,SELL,LIMIT,1701141431201,5,5.4631
RUNEUSDT,BUY,LIMIT,1701144619217,410,5.6534
RUNEUSDT,BUY,LIMIT,1701144624083,155,5.6544
RUNEUSDT,BUY,LIMIT,1701144925269,13,5.6731
RUNEUSDT,BUY,LIMIT,1701144931594,268,5.6758
RUNEUSDT,SELL,LIMIT,1701145787098,11,5.4536
RUNEUSDT,SELL,LIMIT,1701145959686,25,5.4422
RUNEUSDT,SELL,LIMIT,1701146012354,37,5.4279
RUNEUSDT,SELL,LIMIT,1701146014632,131,5.4189
RUNEUSDT,SELL,LIMIT,1701146019289,105,5.4089
RUNEUSDT,SELL,LIMIT,1701146035151,5,5.4011
RUNEUSDT,SELL,LIMIT,1701146058326,35,5.3878
RUNEUSDT,SELL,LIMIT,1701146231857,42,5.3727
RUNEUSDT,SELL,LIMIT,1701146238495,1,5.3661
RUNEUSDT,SELL,LIMIT,1701146242365,9,5.3621
RUNEUSDT,SELL,LIMIT,1701146692030,2,5.3342
RUNEUSDT,SELL,LIMIT,1701146794200,31,5.3234
RUNEUSDT,SELL,LIMIT,1701146838986,32,5.3197
RUNEUSDT,SELL,LIMIT,1701146842382,41,5.3185
RUNEUSDT,SELL,LIMIT,1701146886729,63,5.3175
RUNEUSDT,SELL,LIMIT,1701146891245,3852,5.2704
RUNEUSDT,SELL,LIMIT,1701146893237,975,5.3053
RUNEUSDT,SELL,LIMIT,1701146896665,23,5.3044
RUNEUSDT,SELL,LIMIT,1701146898494,23,5.3007
RUNEUSDT,SELL,LIMIT,1701146906695,75,5.2924
RUNEUSDT,SELL,LIMIT,1701146929443,34,5.2905
RUNEUSDT,SELL,LIMIT,1701146936664,102,5.2844
RUNEUSDT,SELL,LIMIT,1701146941335,166,5.2808
RUNEUSDT,SELL,LIMIT,1701146955417,1,5.2754
RUNEUSDT,SELL,LIMIT,1701146957361,6,5.2710
RUNEUSDT,SELL,LIMIT,1701146965605,2694,5.2336
RUNEUSDT,SELL,LIMIT,1701147073621,32,5.2642
RUNEUSDT,SELL,LIMIT,1701147075640,78,5.2637
RUNEUSDT,BUY,LIMIT,1701147572228,96,5.4672
RUNEUSDT,SELL,LIMIT,1701147875355,1,5.3051
RUNEUSDT,SELL,LIMIT,1701147925492,1,5.2853
RUNEUSDT,SELL,LIMIT,1701148264915,142,5.2654
RUNEUSDT,SELL,LIMIT,1701149001422,43,5.2709
RUNEUSDT,SELL,LIMIT,1701149063547,11,5.2572
RUNEUSDT,SELL,LIMIT,1701149064780,950,5.2541
RUNEUSDT,SELL,LIMIT,1701149068653,82,5.2511
RUNEUSDT,SELL,LIMIT,1701149070624,15,5.2476
RUNEUSDT,SELL,LIMIT,1701149094356,886,5.2436
RUNEUSDT,SELL,LIMIT,1701149111719,78,5.2434
RUNEUSDT,SELL,LIMIT,1701149783736,62,5.2612
RUNEUSDT,SELL,LIMIT,1701149845729,1000,5.2299
RUNEUSDT,SELL,LIMIT,1701149849111,1,5.2314
RUNEUSDT,SELL,LIMIT,1701149853074,401,5.2252
RUNEUSDT,SELL,LIMIT,1701149854315,32,5.2240
RUNEUSDT,SELL,LIMIT,1701149875103,13,5.2163
RUNEUSDT,SELL,LIMIT,1701149882740,6,5.2110
RUNEUSDT,SELL,LIMIT,1701149890109,55,5.2089
RUNEUSDT,SELL,LIMIT,1701149895488,56,5.2059
RUNEUSDT,SELL,LIMIT,1701151226281,185,5.2050
RUNEUSDT,SELL,LIMIT,1701151231689,36,5.1998
RUNEUSDT,SELL,LIMIT,1701151263535,56,5.1995
RUNEUSDT,SELL,LIMIT,1701151265810,180,5.1984
RUNEUSDT,BUY,LIMIT,1701151700952,316,5.3880
RUNEUSDT,BUY,LIMIT,1701152105011,159,5.4155
RUNEUSDT,SELL,LIMIT,1701153652332,71,5.2487
RUNEUSDT,SELL,LIMIT,1701155300367,7,5.2436
RUNEUSDT,SELL,LIMIT,1701155499214,48,5.2342
RUNEUSDT,BUY,LIMIT,1701157952094,753,5.4498
RUNEUSDT,BUY,LIMIT,1701158029303,33,5.4610
RUNEUSDT,BUY,LIMIT,1701158037209,154,5.4634
RUNEUSDT,BUY,LIMIT,1701162991580,4,5.4420
RUNEUSDT,BUY,LIMIT,1701164231228,29,5.4824
RUNEUSDT,BUY,LIMIT,1701164520645,157,5.5095
RUNEUSDT,BUY,LIMIT,1701164525607,272,5.5185
RUNEUSDT,BUY,LIMIT,1701164530746,184,5.5238
RUNEUSDT,BUY,LIMIT,1701164657869,1,5.5324
RUNEUSDT,BUY,LIMIT,1701164719094,375,5.5510
RUNEUSDT,BUY,LIMIT,1701164783059,27,5.5650
RUNEUSDT,BUY,LIMIT,1701164869797,213,5.5690
RUNEUSDT,BUY,LIMIT,1701165019107,14,5.5816
RUNEUSDT,BUY,LIMIT,1701165065571,299,5.5872
RUNEUSDT,BUY,LIMIT,1701165070205,104,5.5906
RUNEUSDT,SELL,LIMIT,1701165789460,20,5.3948
RUNEUSDT,SELL,LIMIT,1701168270537,723,5.3665
RUNEUSDT,BUY,LIMIT,1701170345424,28,5.5576
RUNEUSDT,BUY,LIMIT,1701170731377,8,5.5730
RUNEUSDT,BUY,LIMIT,1701172176235,6,5.5834
RUNEUSDT,BUY,LIMIT,1701172413482,45,5.5984
RUNEUSDT,BUY,LIMIT,1701172536196,4,5.6053
RUNEUSDT,BUY,LIMIT,1701172700050,204,5.6092
RUNEUSDT,SELL,LIMIT,1701173099113,453,5.4378
RUNEUSDT,BUY,LIMIT,1701174507210,308,5.6323
RUNEUSDT,BUY,LIMIT,1701174508306,99,5.6238
RUNEUSDT,BUY,LIMIT,1701174884158,2,5.6377
RUNEUSDT,BUY,LIMIT,1701174895534,18,5.6466
RUNEUSDT,BUY,LIMIT,1701176262163,899,5.6678
RUNEUSDT,BUY,LIMIT,1701176416251,82,5.6713
RUNEUSDT,BUY,LIMIT,1701176421578,3,5.6763
RUNEUSDT,SELL,LIMIT,1701176781885,437,5.4835
RUNEUSDT,SELL,LIMIT,1701176828079,4,5.4795
RUNEUSDT,SELL,LIMIT,1701176858166,126,5.4761
RUNEUSDT,SELL,LIMIT,1701176926484,11,5.4706
RUNEUSDT,SELL,LIMIT,1701176928438,197,5.4703
RUNEUSDT,BUY,LIMIT,1701178516183,454,5.6853
RUNEUSDT,BUY,LIMIT,1701178517245,102,5.6870
RUNEUSDT,BUY,LIMIT,1701178520103,100,5.6904
RUNEUSDT,BUY,LIMIT,1701178606111,224,5.6944
RUNEUSDT,BUY,LIMIT,1701178609996,314,5.6966
RUNEUSDT,BUY,LIMIT,1701178611925,471,5.7050
RUNEUSDT,BUY,LIMIT,1701178771624,43,5.7058
RUNEUSDT,BUY,LIMIT,1701178783063,64,5.7108
RUNEUSDT,BUY,LIMIT,1701178784265,462,5.7230
RUNEUSDT,BUY,LIMIT,1701178785475,149,5.7275
RUNEUSDT,BUY,LIMIT,1701178786535,57,5.7314
RUNEUSDT,BUY,LIMIT,1701178790151,7,5.7369
RUNEUSDT,BUY,LIMIT,1701178791281,61,5.7352
RUNEUSDT,BUY,LIMIT,1701178794405,182,5.7407
RUNEUSDT,BUY,LIMIT,1701178835328,6,5.7447
RUNEUSDT,BUY,LIMIT,1701178837206,3,5.7502
RUNEUSDT,BUY,LIMIT,1701178848467,2,5.7570
RUNEUSDT,BUY,LIMIT,1701178849664,8,5.7618
RUNEUSDT,BUY,LIMIT,1701178854492,36,5.7669
RUNEUSDT,BUY,LIMIT,1701178856051,48,5.7688
RUNEUSDT,BUY,LIMIT,1701179530644,111,5.7662
RUNEUSDT,BUY,LIMIT,1701179620157,9,5.7738
RUNEUSDT,BUY,LIMIT,1701179626591,166,5.7765
RUNEUSDT,BUY,LIMIT,1701179717384,153,5.7838
RUNEUSDT,BUY,LIMIT,1701179752746,12,5.7863
RUNEUSDT,BUY,LIMIT,1701179754161,759,5.7875
RUNEUSDT,BUY,LIMIT,1701179757550,8,5.7878
RUNEUSDT,BUY,LIMIT,1701179760908,1,5.7897
RUNEUSDT,BUY,LIMIT,1701179771828,18,5.7926
RUNEUSDT,BUY,LIMIT,1701180008527,183,5.7893
RUNEUSDT,BUY,LIMIT,1701180011983,193,5.7947
RUNEUSDT,BUY,LIMIT,1701180014063,27,5.7998
RUNEUSDT,BUY,LIMIT,1701180050263,59,5.8036
RUNEUSDT,BUY,LIMIT,1701180058653,9,5.8082
RUNEUSDT,BUY,LIMIT,1701180061069,141,5.8127
RUNEUSDT,BUY,LIMIT,1701180063135,106,5.8150
RUNEUSDT,BUY,LIMIT,1701180068301,108,5.8156
RUNEUSDT,BUY,LIMIT,1701180081845,81,5.8214
RUNEUSDT,BUY,LIMIT,1701180084412,9,5.8245
RUNEUSDT,SELL,LIMIT,1701180124996,15,5.6226
RUNEUSDT,BUY,LIMIT,1701180627123,100,5.8149
RUNEUSDT,BUY,LIMIT,1701180802859,90,5.8190
RUNEUSDT,BUY,LIMIT,1701180804330,1555,5.8510
RUNEUSDT,BUY,LIMIT,1701180806061,23,5.8286
RUNEUSDT,BUY,LIMIT,1701180818156,52,5.8331
RUNEUSDT,BUY,LIMIT,1701180819306,338,5.8346
RUNEUSDT,BUY,LIMIT,1701180847316,271,5.8367
RUNEUSDT,BUY,LIMIT,1701180849197,33,5.8401
RUNEUSDT,BUY,LIMIT,1701180857104,15,5.8440
RUNEUSDT,SELL,LIMIT,1701181092558,9,5.6386
RUNEUSDT,BUY,LIMIT,1701181495568,251,5.8340
RUNEUSDT,BUY,LIMIT,1701181518119,360,5.8536
RUNEUSDT,BUY,LIMIT,1701181519256,175,5.8542
RUNEUSDT,BUY,LIMIT,1701181523115,191,5.8572
RUNEUSDT,BUY,LIMIT,1701181570069,203,5.8628
RUNEUSDT,SELL,LIMIT,1701181880551,250,5.6291
RUNEUSDT,BUY,LIMIT,1701182523069,12,5.8680
RUNEUSDT,BUY,LIMIT,1701182526054,11,5.8715
RUNEUSDT,SELL,LIMIT,1701182782150,4,5.6606
RUNEUSDT,SELL,LIMIT,1701185476768,238,5.6498
RUNEUSDT,SELL,LIMIT,1701185619417,630,5.6437
RUNEUSDT,BUY,LIMIT,1701186124813,72,5.8395
RUNEUSDT,BUY,LIMIT,1701186144071,110,5.8451
RUNEUSDT,BUY,LIMIT,1701186149465,92,5.8491
RUNEUSDT,BUY,LIMIT,1701186178152,105,5.8627
RUNEUSDT,BUY,LIMIT,1701186183006,80,5.8641
RUNEUSDT,BUY,LIMIT,1701186191486,642,5.8679
RUNEUSDT,BUY,LIMIT,1701186194010,25,5.8693
RUNEUSDT,BUY,LIMIT,1701186196559,50,5.8711
RUNEUSDT,BUY,LIMIT,1701186199059,61,5.8791
RUNEUSDT,BUY,LIMIT,1701186200066,13,5.8859
RUNEUSDT,BUY,LIMIT,1701186204383,7,5.8887
RUNEUSDT,BUY,LIMIT,1701186205687,3,5.8927
RUNEUSDT,SELL,LIMIT,1701186970176,347,5.6916
RUNEUSDT,BUY,LIMIT,1701187045006,38,5.8616
RUNEUSDT,BUY,LIMIT,1701187213670,54,5.8752
RUNEUSDT,BUY,LIMIT,1701187283304,20,5.8719
RUNEUSDT,BUY,LIMIT,1701187304009,69,5.8902
RUNEUSDT,BUY,LIMIT,1701187398184,42,5.8945
RUNEUSDT,BUY,LIMIT,1701187401273,1,5.8963
RUNEUSDT,BUY,LIMIT,1701187506432,9,5.9001
RUNEUSDT,BUY,LIMIT,1701187511213,52,5.9029
RUNEUSDT,BUY,LIMIT,1701187522286,7,5.9091
RUNEUSDT,BUY,LIMIT,1701187525228,11,5.9170
RUNEUSDT,BUY,LIMIT,1701187526277,203,5.9194
RUNEUSDT,BUY,LIMIT,1701187528673,77,5.9219
RUNEUSDT,BUY,LIMIT,1701187716064,3,5.9292
RUNEUSDT,BUY,LIMIT,1701187719276,47,5.9324
RUNEUSDT,BUY,LIMIT,1701187721082,25,5.9427
RUNEUSDT,BUY,LIMIT,1701187722257,6,5.9383
RUNEUSDT,BUY,LIMIT,1701187769342,17,5.9539
RUNEUSDT,BUY,LIMIT,1701187789220,6,5.9561
RUNEUSDT,BUY,LIMIT,1701187792116,1,5.9575
RUNEUSDT,BUY,LIMIT,1701187793616,275,5.9629
RUNEUSDT,BUY,LIMIT,1701187796661,2,5.9668
RUNEUSDT,BUY,LIMIT,1701187975124,325,5.9690
RUNEUSDT,BUY,LIMIT,1701187976147,3402,6.0157
RUNEUSDT,BUY,LIMIT,1701187978495,6,5.9744
RUNEUSDT,BUY,LIMIT,1701187984346,9,5.9831
RUNEUSDT,BUY,LIMIT,1701187986289,10,5.9851
RUNEUSDT,BUY,LIMIT,1701188009228,1826,6.0197
RUNEUSDT,BUY,LIMIT,1701188011418,204,5.9891
RUNEUSDT,BUY,LIMIT,1701188013728,45,5.9949
RUNEUSDT,BUY,LIMIT,1701188061626,32,5.9992
RUNEUSDT,BUY,LIMIT,1701188065080,2073,6.0380
RUNEUSDT,BUY,LIMIT,1701188099842,16,6.0037
RUNEUSDT,BUY,LIMIT,1701188118646,58,6.0063
RUNEUSDT,BUY,LIMIT,1701188225220,1,6.0087
RUNEUSDT,BUY,LIMIT,1701188229236,36,6.0112
RUNEUSDT,BUY,LIMIT,1701188230320,10,6.0124
RUNEUSDT,BUY,LIMIT,1701188231418,174,6.0176
RUNEUSDT,BUY,LIMIT,1701188233242,19,6.0202
RUNEUSDT,BUY,LIMIT,1701188240986,8,6.0210
RUNEUSDT,BUY,LIMIT,1701188242133,17,6.0232
RUNEUSDT,BUY,LIMIT,1701188259774,41,6.0279
RUNEUSDT,BUY,LIMIT,1701188267616,52,6.0302
RUNEUSDT,BUY,LIMIT,1701188276380,64,6.0366
RUNEUSDT,BUY,LIMIT,1701188293080,42,6.0383
RUNEUSDT,BUY,LIMIT,1701188294316,6,6.0384
RUNEUSDT,BUY,LIMIT,1701188311317,187,6.0402
RUNEUSDT,BUY,LIMIT,1701188312859,743,6.0406
RUNEUSDT,BUY,LIMIT,1701188337402,867,6.0446
RUNEUSDT,SELL,LIMIT,1701188511344,98,5.8249
RUNEUSDT,SELL,LIMIT,1701188596287,8,5.8043
RUNEUSDT,SELL,LIMIT,1701188599089,457,5.8000
RUNEUSDT,SELL,LIMIT,1701188603633,45,5.7973
RUNEUSDT,SELL,LIMIT,1701188633351,5,5.8675
RUNEUSDT,BUY,LIMIT,1701189123199,1,6.0183
RUNEUSDT,BUY,LIMIT,1701189543177,33,6.0250
RUNEUSDT,BUY,LIMIT,1701189792895,30,6.0324
RUNEUSDT,BUY,LIMIT,1701189798140,91,6.0345
RUNEUSDT,BUY,LIMIT,1701189799664,63,6.0364
RUNEUSDT,BUY,LIMIT,1701189801129,1,6.0419
RUNEUSDT,BUY,LIMIT,1701189804476,129,6.0456
RUNEUSDT,BUY,LIMIT,1701189814134,2675,6.0911
RUNEUSDT,BUY,LIMIT,1701189819656,175,6.0523
RUNEUSDT,BUY,LIMIT,1701189821392,12,6.0575
RUNEUSDT,BUY,LIMIT,1701189822429,2,6.0576
RUNEUSDT,BUY,LIMIT,1701189823669,59,6.0598
RUNEUSDT,BUY,LIMIT,1701189825085,94,6.0641
RUNEUSDT,BUY,LIMIT,1701189975892,65,6.0434
RUNEUSDT,BUY,LIMIT,1701190208164,33,6.0506
RUNEUSDT,BUY,LIMIT,1701190457741,40,6.0248
RUNEUSDT,SELL,LIMIT,1701190458937,34,5.8457
RUNEUSDT,SELL,LIMIT,1701190466093,54,5.8401
RUNEUSDT,BUY,LIMIT,1701190809043,5,6.0384
RUNEUSDT,BUY,LIMIT,1701190963189,173,6.0641
RUNEUSDT,BUY,LIMIT,1701190972360,203,6.0661
RUNEUSDT,BUY,LIMIT,1701190979558,382,6.0665
RUNEUSDT,BUY,LIMIT,1701190981893,235,6.0694
RUNEUSDT,BUY,LIMIT,1701190994486,276,6.0715
RUNEUSDT,BUY,LIMIT,1701190998795,20,6.0728
RUNEUSDT,BUY,LIMIT,1701191002099,7,6.0756
RUNEUSDT,SELL,LIMIT,1701191180196,33,5.8641
RUNEUSDT,SELL,LIMIT,1701191183088,8,5.8600
RUNEUSDT,BUY,LIMIT,1701191382276,87,6.0669
RUNEUSDT,BUY,LIMIT,1701191466146,121,6.0775
RUNEUSDT,BUY,LIMIT,1701191471131,4,6.0775
RUNEUSDT,BUY,LIMIT,1701191474781,7,6.0817
RUNEUSDT,BUY,LIMIT,1701191476476,69,6.0834
RUNEUSDT,BUY,LIMIT,1701191480621,56,6.0851
RUNEUSDT,BUY,LIMIT,1701191486458,40,6.0862
RUNEUSDT,BUY,LIMIT,1701191488666,16,6.0860
RUNEUSDT,BUY,LIMIT,1701191502177,40,6.0882
RUNEUSDT,BUY,LIMIT,1701191503566,36,6.0894
RUNEUSDT,BUY,LIMIT,1701191531719,429,6.0912
RUNEUSDT,BUY,LIMIT,1701191730447,59,6.0725
RUNEUSDT,SELL,LIMIT,1701192005719,630,5.8951
RUNEUSDT,BUY,LIMIT,1701192009624,327,6.0781
RUNEUSDT,BUY,LIMIT,1701192014884,60,6.0795
RUNEUSDT,BUY,LIMIT,1701192037475,2091,6.1222
RUNEUSDT,BUY,LIMIT,1701192060310,16,6.0924
RUNEUSDT,BUY,LIMIT,1701192069213,897,6.0993
RUNEUSDT,BUY,LIMIT,1701192073109,9,6.0978
RUNEUSDT,BUY,LIMIT,1701192160211,100,6.1001
RUNEUSDT,BUY,LIMIT,1701192168596,74,6.1037
RUNEUSDT,SELL,LIMIT,1701192524690,23,5.8891
RUNEUSDT,BUY,LIMIT,1701193090518,29,6.1055
RUNEUSDT,BUY,LIMIT,1701193100833,24,6.1144
RUNEUSDT,BUY,LIMIT,1701193104132,592,6.1289
RUNEUSDT,BUY,LIMIT,1701193129086,24,6.1320
RUNEUSDT,BUY,LIMIT,1701193132038,33,6.1338
RUNEUSDT,BUY,LIMIT,1701193133055,41,6.1363
RUNEUSDT,BUY,LIMIT,1701193277072,15,6.1426
RUNEUSDT,BUY,LIMIT,1701193278075,5,6.1379
RUNEUSDT,BUY,LIMIT,1701193279287,148,6.1453
RUNEUSDT,BUY,LIMIT,1701193281736,13,6.1475
RUNEUSDT,BUY,LIMIT,1701193288638,15,6.1567
RUNEUSDT,BUY,LIMIT,1701193293230,25,6.1572
RUNEUSDT,BUY,LIMIT,1701193294549,8,6.1604
RUNEUSDT,BUY,LIMIT,1701193297733,143,6.1626
RUNEUSDT,BUY,LIMIT,1701193305362,56,6.1644
RUNEUSDT,SELL,LIMIT,1701193347162,116,5.9532
RUNEUSDT,BUY,LIMIT,1701193600097,150,6.1678
RUNEUSDT,BUY,LIMIT,1701193605109,24,6.1678
RUNEUSDT,BUY,LIMIT,1701193621689,5,6.1714
RUNEUSDT,BUY,LIMIT,1701193625271,201,6.1730
RUNEUSDT,BUY,LIMIT,1701193903444,16,6.1770
RUNEUSDT,BUY,LIMIT,1701193910985,16,6.1775
RUNEUSDT,BUY,LIMIT,1701193912400,114,6.1839
RUNEUSDT,BUY,LIMIT,1701193915320,233,6.1908
RUNEUSDT,BUY,LIMIT,1701193916420,82,6.1861
RUNEUSDT,BUY,LIMIT,1701193917422,194,6.1989
RUNEUSDT,BUY,LIMIT,1701193978082,1,6.2034
RUNEUSDT,BUY,LIMIT,1701194004590,78,6.2095
RUNEUSDT,BUY,LIMIT,1701194114674,38,6.2083
RUNEUSDT,SELL,LIMIT,1701194260237,10,5.9743
RUNEUSDT,SELL,LIMIT,1701194344448,3,5.9560
RUNEUSDT,SELL,LIMIT,1701194345513,101,5.9539
RUNEUSDT,SELL,LIMIT,1701194347320,2,5.9481
RUNEUSDT,SELL,LIMIT,1701194358355,98,5.9449
RUNEUSDT,SELL,LIMIT,1701194482161,10,5.9381
RUNEUSDT,SELL,LIMIT,1701194485420,79,5.9362
RUNEUSDT,SELL,LIMIT,1701194506213,23,5.9333
RUNEUSDT,SELL,LIMIT,1701194626225,64,5.9126
RUNEUSDT,SELL,LIMIT,1701194629849,106,5.9024
RUNEUSDT,SELL,LIMIT,1701194717032,139,5.8912
RUNEUSDT,BUY,LIMIT,1701195306250,18,6.1084
RUNEUSDT,BUY,LIMIT,1701195564017,353,6.1272
RUNEUSDT,BUY,LIMIT,1701195565433,601,6.1291
RUNEUSDT,BUY,LIMIT,1701195628390,258,6.1338
RUNEUSDT,BUY,LIMIT,1701195635733,51,6.1350
RUNEUSDT,BUY,LIMIT,1701195684502,88,6.1384
RUNEUSDT,BUY,LIMIT,1701197215485,836,6.1402
RUNEUSDT,BUY,LIMIT,1701197217627,9,6.1421
RUNEUSDT,BUY,LIMIT,1701197219020,247,6.1437
RUNEUSDT,SELL,LIMIT,1701197528966,83,5.9170
RUNEUSDT,SELL,LIMIT,1701197558532,104,5.9105
RUNEUSDT,BUY,LIMIT,1701197819102,111,6.1117
RUNEUSDT,BUY,LIMIT,1701197833894,35,6.1140
RUNEUSDT,BUY,LIMIT,1701197838334,15,6.1159
RUNEUSDT,BUY,LIMIT,1701197846430,255,6.1145
RUNEUSDT,BUY,LIMIT,1701197851929,80,6.1204
RUNEUSDT,BUY,LIMIT,1701197853498,20,6.1214
RUNEUSDT,BUY,LIMIT,1701197862394,645,6.1227
RUNEUSDT,BUY,LIMIT,1701197870115,24,6.1236
RUNEUSDT,BUY,LIMIT,1701197873165,52,6.1231
RUNEUSDT,BUY,LIMIT,1701197953422,141,6.1264
RUNEUSDT,BUY,LIMIT,1701198453737,18,6.1542
RUNEUSDT,BUY,LIMIT,1701198527226,16,6.1677
RUNEUSDT,BUY,LIMIT,1701198577372,4,6.1742
RUNEUSDT,BUY,LIMIT,1701198579092,9,6.1788
RUNEUSDT,SELL,LIMIT,1701198785375,188,5.9622
RUNEUSDT,BUY,LIMIT,1701200201676,2,6.1979
RUNEUSDT,BUY,LIMIT,1701200218399,20,6.2002
RUNEUSDT,BUY,LIMIT,1701200229449,79,6.2013
RUNEUSDT,BUY,LIMIT,1701200451119,152,6.2060
RUNEUSDT,BUY,LIMIT,1701200467666,22,6.2131
RUNEUSDT,BUY,LIMIT,1701200469843,9,6.2141
RUNEUSDT,BUY,LIMIT,1701200474078,99,6.2162
RUNEUSDT,BUY,LIMIT,1701200475049,141,6.2236
RUNEUSDT,BUY,LIMIT,1701200476171,2,6.2274
RUNEUSDT,BUY,LIMIT,1701200477452,4,6.2280
RUNEUSDT,BUY,LIMIT,1701200564153,10,6.2223
RUNEUSDT,SELL,LIMIT,1701200637466,815,6.0074
RUNEUSDT,SELL,LIMIT,1701200643171,5,6.0016
RUNEUSDT,SELL,LIMIT,1701200653363,19,5.9986
RUNEUSDT,SELL,LIMIT,1701200655796,190,5.9963
RUNEUSDT,BUY,LIMIT,1701201635236,10,6.1855
RUNEUSDT,BUY,LIMIT,1701201652343,83,6.1856
RUNEUSDT,BUY,LIMIT,1701202616226,5,6.2084
RUNEUSDT,SELL,LIMIT,1701203288221,409,5.9843
RUNEUSDT,SELL,LIMIT,1701203420475,820,5.9745
RUNEUSDT,SELL,LIMIT,1701203441530,69,5.9634
RUNEUSDT,SELL,LIMIT,1701203550561,35,5.9512
RUNEUSDT,BUY,LIMIT,1701204788968,103,6.1511
RUNEUSDT,SELL,LIMIT,1701205744681,738,5.9418
RUNEUSDT,SELL,LIMIT,1701205822226,2,5.9325
RUNEUSDT,SELL,LIMIT,1701205824538,72,5.9297
RUNEUSDT,SELL,LIMIT,1701207590702,413,5.9206
RUNEUSDT,SELL,LIMIT,1701207720714,24,5.9173
RUNEUSDT,SELL,LIMIT,1701207822367,2,5.9068
RUNEUSDT,SELL,LIMIT,1701208286828,83,5.8935
RUNEUSDT,SELL,LIMIT,1701208938361,15,5.8801
RUNEUSDT,SELL,LIMIT,1701208990107,190,5.8743
RUNEUSDT,BUY,LIMIT,1701209523729,112,6.0958
RUNEUSDT,SELL,LIMIT,1701211492403,3,5.8729
RUNEUSDT,SELL,LIMIT,1701211737577,10,5.8696
RUNEUSDT,SELL,LIMIT,1701211824861,9,5.8630
RUNEUSDT,SELL,LIMIT,1701211827883,104,5.8616
RUNEUSDT,SELL,LIMIT,1701211861861,34,5.8560
RUNEUSDT,SELL,LIMIT,1701211898311,460,5.8538
RUNEUSDT,SELL,LIMIT,1701211908734,29,5.8478
RUNEUSDT,SELL,LIMIT,1701211966419,334,5.8455
RUNEUSDT,BUY,LIMIT,1701213103256,16,6.0624
RUNEUSDT,BUY,LIMIT,1701213108038,23,6.0644
RUNEUSDT,BUY,LIMIT,1701215792423,1,6.0787
RUNEUSDT,BUY,LIMIT,1701215834070,264,6.0833
RUNEUSDT,BUY,LIMIT,1701215839103,2,6.0863
RUNEUSDT,BUY,LIMIT,1701215840605,238,6.0873
RUNEUSDT,BUY,LIMIT,1701215867457,256,6.0847
RUNEUSDT,BUY,LIMIT,1701215940699,3,6.0828
RUNEUSDT,BUY,LIMIT,1701216016969,167,6.0892
RUNEUSDT,BUY,LIMIT,1701216018894,54,6.0922
RUNEUSDT,SELL,LIMIT,1701217445338,174,5.9024
RUNEUSDT,SELL,LIMIT,1701217458101,5,5.8911
RUNEUSDT,SELL,LIMIT,1701217468851,82,5.8840
RUNEUSDT,SELL,LIMIT,1701217526367,20,5.8779
RUNEUSDT,BUY,LIMIT,1701217907239,5,6.0907
RUNEUSDT,BUY,LIMIT,1701217938401,83,6.0990
RUNEUSDT,BUY,LIMIT,1701218060838,9,6.1070
RUNEUSDT,BUY,LIMIT,1701218178887,11,6.1203
RUNEUSDT,BUY,LIMIT,1701218451059,28,6.1269
RUNEUSDT,BUY,LIMIT,1701218710190,13,6.1335
RUNEUSDT,BUY,LIMIT,1701219243984,61,6.1384
RUNEUSDT,BUY,LIMIT,1701219641531,32,6.1420
RUNEUSDT,BUY,LIMIT,1701219666599,48,6.1453
RUNEUSDT,BUY,LIMIT,1701219668147,17,6.1455
RUNEUSDT,BUY,LIMIT,1701219789843,11,6.1530
RUNEUSDT,BUY,LIMIT,1701220299449,39,6.1309
RUNEUSDT,SELL,LIMIT,1701220384877,120,5.9660
RUNEUSDT,BUY,LIMIT,1701222144334,155,6.1270
RUNEUSDT,BUY,LIMIT,1701223831357,329,6.1534
RUNEUSDT,BUY,LIMIT,1701223840557,9,6.1650
RUNEUSDT,BUY,LIMIT,1701223857526,23,6.1720
RUNEUSDT,BUY,LIMIT,1701223859647,13,6.1723
RUNEUSDT,BUY,LIMIT,1701223876400,11,6.1768
RUNEUSDT,BUY,LIMIT,1701223892172,50,6.1800
RUNEUSDT,BUY,LIMIT,1701223989887,28,6.1858
RUNEUSDT,BUY,LIMIT,1701223993277,29,6.1893
RUNEUSDT,BUY,LIMIT,1701224154309,16,6.1980
RUNEUSDT,BUY,LIMIT,1701224275262,4,6.2067
RUNEUSDT,BUY,LIMIT,1701224276438,7,6.2056
RUNEUSDT,BUY,LIMIT,1701224288125,11,6.2107
RUNEUSDT,BUY,LIMIT,1701226609418,4,6.2133
RUNEUSDT,BUY,LIMIT,1701226615528,34,6.2142
RUNEUSDT,BUY,LIMIT,1701226629129,1,6.2146
RUNEUSDT,BUY,LIMIT,1701226671128,13,6.2286
RUNEUSDT,BUY,LIMIT,1701226678631,142,6.2295
RUNEUSDT,SELL,LIMIT,1701227244209,163,6.0055
RUNEUSDT,SELL,LIMIT,1701229028745,731,5.9824
RUNEUSDT,SELL,LIMIT,1701229030787,1,5.9830
RUNEUSDT,SELL,LIMIT,1701229061257,37,5.9700
RUNEUSDT,SELL,LIMIT,1701235245562,14,5.9671
RUNEUSDT,SELL,LIMIT,1701235934647,122,5.9588
RUNEUSDT,SELL,LIMIT,1701236137282,3,5.9437
RUNEUSDT,SELL,LIMIT,1701236369875,383,5.9502
RUNEUSDT,BUY,LIMIT,1701237165601,38,6.1608
RUNEUSDT,BUY,LIMIT,1701237606982,56,6.1590
RUNEUSDT,BUY,LIMIT,1701238982237,182,6.1592
RUNEUSDT,BUY,LIMIT,1701239346322,82,6.1671
RUNEUSDT,BUY,LIMIT,1701240037961,23,6.1854
RUNEUSDT,BUY,LIMIT,1701240122300,8,6.1884
RUNEUSDT,BUY,LIMIT,1701240212926,162,6.1944
RUNEUSDT,BUY,LIMIT,1701240219824,49,6.1986
RUNEUSDT,BUY,LIMIT,1701240223454,43,6.2003
RUNEUSDT,BUY,LIMIT,1701240225099,118,6.2067
RUNEUSDT,BUY,LIMIT,1701240646446,9,6.2083
RUNEUSDT,BUY,LIMIT,1701240663314,9,6.2107
RUNEUSDT,BUY,LIMIT,1701240669354,6,6.2134
RUNEUSDT,BUY,LIMIT,1701240681226,3,6.2148
RUNEUSDT,BUY,LIMIT,1701240716136,18,6.2219
RUNEUSDT,BUY,LIMIT,1701240740516,19,6.2221
RUNEUSDT,BUY,LIMIT,1701240790077,32,6.2252
RUNEUSDT,BUY,LIMIT,1701240841878,6,6.2334
RUNEUSDT,BUY,LIMIT,1701240843743,38,6.2327
RUNEUSDT,BUY,LIMIT,1701240850949,3,6.2346
RUNEUSDT,BUY,LIMIT,1701241290403,52,6.2046
RUNEUSDT,BUY,LIMIT,1701242074186,17,6.2363
RUNEUSDT,BUY,LIMIT,1701242075239,481,6.2469
RUNEUSDT,BUY,LIMIT,1701242076282,21,6.2469
RUNEUSDT,BUY,LIMIT,1701242077289,32,6.2555
RUNEUSDT,BUY,LIMIT,1701242364553,39,6.2661
RUNEUSDT,BUY,LIMIT,1701242365567,385,6.2791
RUNEUSDT,BUY,LIMIT,1701242367606,22,6.2889
RUNEUSDT,BUY,LIMIT,1701242368684,193,6.2896
RUNEUSDT,SELL,LIMIT,1701242574175,14,6.0657
RUNEUSDT,BUY,LIMIT,1701243018897,3,6.2658
RUNEUSDT,BUY,LIMIT,1701243190104,1241,6.2831
RUNEUSDT,SELL,LIMIT,1701243198728,37,6.0875
RUNEUSDT,SELL,LIMIT,1701243418765,316,6.0627
RUNEUSDT,SELL,LIMIT,1701243433091,1,6.0578
RUNEUSDT,SELL,LIMIT,1701243438391,13,6.0566
RUNEUSDT,BUY,LIMIT,1701243619469,24,6.2498
RUNEUSDT,BUY,LIMIT,1701243887634,17,6.2776
RUNEUSDT,BUY,LIMIT,1701243945391,220,6.2828
RUNEUSDT,BUY,LIMIT,1701244013605,16,6.2797
RUNEUSDT,BUY,LIMIT,1701244075491,28,6.2880
RUNEUSDT,BUY,LIMIT,1701244330358,78,6.2843
RUNEUSDT,BUY,LIMIT,1701245100810,7,6.2723
RUNEUSDT,SELL,LIMIT,1701245294810,1,6.0678
RUNEUSDT,SELL,LIMIT,1701245305119,18,6.0626
RUNEUSDT,BUY,LIMIT,1701245430300,224,6.2554
RUNEUSDT,BUY,LIMIT,1701245966158,11,6.2747
RUNEUSDT,BUY,LIMIT,1701246125298,117,6.2153
RUNEUSDT,BUY,LIMIT,1701246150176,53,6.2919
RUNEUSDT,BUY,LIMIT,1701246151186,28,6.2962
RUNEUSDT,BUY,LIMIT,1701246153223,2,6.3136
RUNEUSDT,BUY,LIMIT,1701246218238,1,6.3159
RUNEUSDT,BUY,LIMIT,1701246368156,10,6.3085
RUNEUSDT,BUY,LIMIT,1701246446427,4,6.3061
RUNEUSDT,BUY,LIMIT,1701246480499,67,6.2919
RUNEUSDT,BUY,LIMIT,1701246837013,32,6.3001
RUNEUSDT,BUY,LIMIT,1701247359925,27,6.3143
RUNEUSDT,BUY,LIMIT,1701247493733,217,6.3200
RUNEUSDT,BUY,LIMIT,1701247496628,1,6.3212
RUNEUSDT,BUY,LIMIT,1701247499855,2,6.3213
RUNEUSDT,BUY,LIMIT,1701247530275,36,6.3182
RUNEUSDT,BUY,LIMIT,1701247551166,2,6.3232
RUNEUSDT,BUY,LIMIT,1701247566423,4,6.3278
RUNEUSDT,BUY,LIMIT,1701247568213,83,6.3278
RUNEUSDT,BUY,LIMIT,1701247578327,113,6.3300
RUNEUSDT,BUY,LIMIT,1701247580647,566,6.3314
RUNEUSDT,BUY,LIMIT,1701247594763,1,6.3330
RUNEUSDT,BUY,LIMIT,1701247678883,16,6.3363
RUNEUSDT,BUY,LIMIT,1701247709944,45,6.3356
RUNEUSDT,BUY,LIMIT,1701247722878,68,6.3373
RUNEUSDT,BUY,LIMIT,1701247760389,12,6.3394
RUNEUSDT,BUY,LIMIT,1701247769134,3,6.3409
RUNEUSDT,BUY,LIMIT,1701247822056,409,6.3441
RUNEUSDT,BUY,LIMIT,1701247823217,3,6.3465
RUNEUSDT,BUY,LIMIT,1701247883082,5,6.3385
RUNEUSDT,BUY,LIMIT,1701247884343,7,6.3474
RUNEUSDT,BUY,LIMIT,1701247885967,3,6.3476
RUNEUSDT,BUY,LIMIT,1701247896220,8,6.3494
RUNEUSDT,BUY,LIMIT,1701247898249,24,6.3518
RUNEUSDT,BUY,LIMIT,1701247930092,1,6.3524
RUNEUSDT,BUY,LIMIT,1701247943264,243,6.3532
RUNEUSDT,BUY,LIMIT,1701248006820,336,6.3514
RUNEUSDT,BUY,LIMIT,1701248140187,24,6.3562
RUNEUSDT,BUY,LIMIT,1701248141282,8,6.3558
RUNEUSDT,BUY,LIMIT,1701248216300,14,6.3620
RUNEUSDT,BUY,LIMIT,1701248220930,19,6.3659
RUNEUSDT,BUY,LIMIT,1701248224367,3,6.3663
RUNEUSDT,BUY,LIMIT,1701248241532,508,6.3670
RUNEUSDT,BUY,LIMIT,1701248246210,136,6.3690
RUNEUSDT,BUY,LIMIT,1701248247967,219,6.3692
RUNEUSDT,BUY,LIMIT,1701248259200,14,6.3696
RUNEUSDT,BUY,LIMIT,1701248263129,66,6.3725
RUNEUSDT,BUY,LIMIT,1701248264156,163,6.3707
RUNEUSDT,BUY,LIMIT,1701248267447,19,6.3750
RUNEUSDT,BUY,LIMIT,1701248270459,387,6.3767
RUNEUSDT,BUY,LIMIT,1701248277141,18,6.3786
RUNEUSDT,BUY,LIMIT,1701248278198,15,6.3779
RUNEUSDT,BUY,LIMIT,1701248329754,31,6.3805
RUNEUSDT,BUY,LIMIT,1701248331226,27,6.3811
RUNEUSDT,BUY,LIMIT,1701248356125,92,6.3837
RUNEUSDT,BUY,LIMIT,1701248363616,7,6.3850
RUNEUSDT,BUY,LIMIT,1701248550227,3,6.3465
RUNEUSDT,BUY,LIMIT,1701249409188,37,6.3722
RUNEUSDT,BUY,LIMIT,1701249518222,136,6.3856
RUNEUSDT,BUY,LIMIT,1701249522694,1,6.3901
RUNEUSDT,BUY,LIMIT,1701249524314,820,6.3928
RUNEUSDT,BUY,LIMIT,1701249532209,8,6.3932
RUNEUSDT,BUY,LIMIT,1701249534554,154,6.3919
RUNEUSDT,BUY,LIMIT,1701249535710,87,6.3954
RUNEUSDT,BUY,LIMIT,1701249537070,146,6.3989
RUNEUSDT,BUY,LIMIT,1701249538127,50,6.3962
RUNEUSDT,BUY,LIMIT,1701249551196,34,6.3999
RUNEUSDT,BUY,LIMIT,1701249554439,98,6.4015
RUNEUSDT,BUY,LIMIT,1701249555449,2,6.4015
RUNEUSDT,BUY,LIMIT,1701249558670,1,6.4108
RUNEUSDT,BUY,LIMIT,1701249560040,33,6.4167
RUNEUSDT,BUY,LIMIT,1701249561084,163,6.4162
RUNEUSDT,BUY,LIMIT,1701249562747,29,6.4189
RUNEUSDT,BUY,LIMIT,1701249564045,334,6.4217
RUNEUSDT,BUY,LIMIT,1701249587334,96,6.4219
RUNEUSDT,BUY,LIMIT,1701249617217,132,6.4244
RUNEUSDT,BUY,LIMIT,1701249618220,46,6.4273
RUNEUSDT,BUY,LIMIT,1701249620034,47,6.4302
RUNEUSDT,BUY,LIMIT,1701249621549,4,6.4309
RUNEUSDT,BUY,LIMIT,1701249622573,9,6.4361
RUNEUSDT,BUY,LIMIT,1701249702996,16,6.4300
RUNEUSDT,SELL,LIMIT,1701249845144,461,6.2057
RUNEUSDT,SELL,LIMIT,1701249982279,35,6.2460
RUNEUSDT,SELL,LIMIT,1701250188275,3,6.1806
RUNEUSDT,SELL,LIMIT,1701250211992,241,6.1711
RUNEUSDT,SELL,LIMIT,1701250227578,231,6.1656
RUNEUSDT,SELL,LIMIT,1701250231200,14,6.1588
RUNEUSDT,SELL,LIMIT,1701250232831,45,6.1576
RUNEUSDT,SELL,LIMIT,1701250263490,408,6.1601
RUNEUSDT,SELL,LIMIT,1701250275283,120,6.1499
RUNEUSDT,BUY,LIMIT,1701250622771,3,6.3537
RUNEUSDT,BUY,LIMIT,1701250645389,4,6.3564
RUNEUSDT,BUY,LIMIT,1701250651046,576,6.3594
RUNEUSDT,BUY,LIMIT,1701251406315,128,6.3758
RUNEUSDT,BUY,LIMIT,1701251534609,7,6.3867
RUNEUSDT,BUY,LIMIT,1701251536073,311,6.4015
RUNEUSDT,SELL,LIMIT,1701251619049,34,6.1552
RUNEUSDT,BUY,LIMIT,1701252617934,3,6.3812
RUNEUSDT,BUY,LIMIT,1701252622973,32,6.3828
RUNEUSDT,BUY,LIMIT,1701252685899,227,6.4124
RUNEUSDT,SELL,LIMIT,1701253347847,4,6.1929
RUNEUSDT,SELL,LIMIT,1701253412138,22,6.1941
RUNEUSDT,BUY,LIMIT,1701254173083,33,6.3935
RUNEUSDT,SELL,LIMIT,1701254407328,625,6.1613
RUNEUSDT,SELL,LIMIT,1701254412075,2,6.1553
RUNEUSDT,SELL,LIMIT,1701254421010,30,6.1512
RUNEUSDT,SELL,LIMIT,1701254645120,800,6.1405
RUNEUSDT,SELL,LIMIT,1701254648885,3,6.1381
RUNEUSDT,SELL,LIMIT,1701254668051,2,6.1183
RUNEUSDT,SELL,LIMIT,1701254684620,45,6.1157
RUNEUSDT,BUY,LIMIT,1701254988530,541,6.3353
RUNEUSDT,BUY,LIMIT,1701255871743,10,6.3637
RUNEUSDT,BUY,LIMIT,1701255888157,1,6.3529
RUNEUSDT,BUY,LIMIT,1701255893758,67,6.3673
RUNEUSDT,BUY,LIMIT,1701255938341,16,6.3737
RUNEUSDT,BUY,LIMIT,1701255949253,172,6.3763
RUNEUSDT,BUY,LIMIT,1701255953231,39,6.3800
RUNEUSDT,BUY,LIMIT,1701255955778,112,6.3823
RUNEUSDT,BUY,LIMIT,1701256033524,106,6.3948
RUNEUSDT,BUY,LIMIT,1701256036527,137,6.3999
RUNEUSDT,BUY,LIMIT,1701256077346,30,6.4021
RUNEUSDT,BUY,LIMIT,1701256131523,729,6.4164
RUNEUSDT,BUY,LIMIT,1701256202152,159,6.4269
RUNEUSDT,BUY,LIMIT,1701256253376,59,6.4306
RUNEUSDT,BUY,LIMIT,1701256272106,5,6.4457
RUNEUSDT,BUY,LIMIT,1701256274800,66,6.4499
RUNEUSDT,BUY,LIMIT,1701256277550,1,6.4500
RUNEUSDT,BUY,LIMIT,1701256279268,228,6.4519
RUNEUSDT,BUY,LIMIT,1701256288484,65,6.4531
RUNEUSDT,BUY,LIMIT,1701256294158,15,6.4561
RUNEUSDT,BUY,LIMIT,1701256295219,22,6.4588
RUNEUSDT,BUY,LIMIT,1701256296687,24,6.4600
RUNEUSDT,BUY,LIMIT,1701256298440,278,6.4635
RUNEUSDT,BUY,LIMIT,1701256315197,795,6.4673
RUNEUSDT,BUY,LIMIT,1701256316281,2,6.4673
RUNEUSDT,BUY,LIMIT,1701256317899,10,6.4736
RUNEUSDT,BUY,LIMIT,1701256321752,2,6.4753
RUNEUSDT,BUY,LIMIT,1701256324136,38,6.4780
RUNEUSDT,BUY,LIMIT,1701256327116,15,6.4793
RUNEUSDT,BUY,LIMIT,1701256633105,158,6.4393
RUNEUSDT,BUY,LIMIT,1701256763219,163,6.4713
RUNEUSDT,BUY,LIMIT,1701256779126,8,6.4823
RUNEUSDT,BUY,LIMIT,1701256918777,242,6.4861
RUNEUSDT,BUY,LIMIT,1701256921720,29,6.4877
RUNEUSDT,SELL,LIMIT,1701257112025,22,6.2643
RUNEUSDT,BUY,LIMIT,1701257496115,456,6.4941
RUNEUSDT,BUY,LIMIT,1701257497424,3,6.4961
RUNEUSDT,BUY,LIMIT,1701257498839,18,6.5010
RUNEUSDT,BUY,LIMIT,1701257500062,6,6.5078
RUNEUSDT,BUY,LIMIT,1701257502597,508,6.5129
RUNEUSDT,BUY,LIMIT,1701257506527,10,6.5156
RUNEUSDT,BUY,LIMIT,1701257686375,5,6.5162
RUNEUSDT,BUY,LIMIT,1701257705861,25,6.5175
RUNEUSDT,BUY,LIMIT,1701257722155,16,6.5224
RUNEUSDT,BUY,LIMIT,1701257723331,12,6.5212
RUNEUSDT,BUY,LIMIT,1701257724423,18,6.5237
RUNEUSDT,BUY,LIMIT,1701257726846,3,6.5289
RUNEUSDT,BUY,LIMIT,1701257744306,4,6.5345
RUNEUSDT,BUY,LIMIT,1701257751846,463,6.5339
RUNEUSDT,BUY,LIMIT,1701257768578,2,6.5349
RUNEUSDT,BUY,LIMIT,1701257804066,204,6.5370
RUNEUSDT,SELL,LIMIT,1701257900332,45,6.3085
RUNEUSDT,BUY,LIMIT,1701257902095,450,6.4941
RUNEUSDT,SELL,LIMIT,1701257907296,15,6.3069
RUNEUSDT,SELL,LIMIT,1701257916162,192,6.2946
RUNEUSDT,BUY,LIMIT,1701258248363,1,6.5154
RUNEUSDT,SELL,LIMIT,1701258298527,485,6.3281
RUNEUSDT,BUY,LIMIT,1701258310006,7,6.5363
RUNEUSDT,BUY,LIMIT,1701258339331,13,6.5404
RUNEUSDT,BUY,LIMIT,1701258340509,1579,6.5769
RUNEUSDT,BUY,LIMIT,1701258342197,17,6.5493
RUNEUSDT,BUY,LIMIT,1701258345166,8,6.5499
RUNEUSDT,BUY,LIMIT,1701258346174,19,6.5503
RUNEUSDT,BUY,LIMIT,1701258349776,498,6.5513
RUNEUSDT,BUY,LIMIT,1701258354179,612,6.5533
RUNEUSDT,BUY,LIMIT,1701258355277,128,6.5524
RUNEUSDT,BUY,LIMIT,1701258463650,119,6.5590
RUNEUSDT,BUY,LIMIT,1701258468273,47,6.5598
RUNEUSDT,BUY,LIMIT,1701258472106,45,6.5612
RUNEUSDT,BUY,LIMIT,1701258482149,2,6.5641
RUNEUSDT,BUY,LIMIT,1701258483158,66,6.5623
RUNEUSDT,BUY,LIMIT,1701258484343,8,6.5647
RUNEUSDT,BUY,LIMIT,1701258488222,818,6.5690
RUNEUSDT,BUY,LIMIT,1701258491325,24,6.5656
RUNEUSDT,BUY,LIMIT,1701258493094,1,6.5695
RUNEUSDT,BUY,LIMIT,1701258494121,106,6.5677
RUNEUSDT,BUY,LIMIT,1701258495959,22,6.5691
RUNEUSDT,BUY,LIMIT,1701258496967,4,6.5721
RUNEUSDT,BUY,LIMIT,1701258498129,574,6.5763
RUNEUSDT,BUY,LIMIT,1701258499138,124,6.5761
RUNEUSDT,BUY,LIMIT,1701258502125,1,6.5775
RUNEUSDT,BUY,LIMIT,1701258506524,104,6.5783
RUNEUSDT,BUY,LIMIT,1701258531163,1,6.5798
RUNEUSDT,BUY,LIMIT,1701258532715,1,6.5807
RUNEUSDT,BUY,LIMIT,1701258552858,42,6.5825
RUNEUSDT,BUY,LIMIT,1701258568398,11,6.5833
RUNEUSDT,BUY,LIMIT,1701258581148,133,6.5843
RUNEUSDT,SELL,LIMIT,1701258799045,194,6.3385
RUNEUSDT,SELL,LIMIT,1701258800067,84,6.3387
RUNEUSDT,SELL,LIMIT,1701258922058,12,6.3342
RUNEUSDT,SELL,LIMIT,1701258951527,124,6.3298
RUNEUSDT,SELL,LIMIT,1701258958579,66,6.3209
RUNEUSDT,SELL,LIMIT,1701258992194,29,6.3115
RUNEUSDT,BUY,LIMIT,1701259239729,17,6.5166
RUNEUSDT,BUY,LIMIT,1701259346008,6,6.5245
RUNEUSDT,SELL,LIMIT,1701259679418,9,6.2845
RUNEUSDT,SELL,LIMIT,1701259682151,25,6.2804
RUNEUSDT,SELL,LIMIT,1701259701325,1,7.5250
RUNEUSDT,BUY,LIMIT,1701260212406,29,6.5072
RUNEUSDT,BUY,LIMIT,1701260229452,8,6.5137
RUNEUSDT,BUY,LIMIT,1701260247035,37,6.5227
RUNEUSDT,SELL,LIMIT,1701261101995,232,6.2884
RUNEUSDT,SELL,LIMIT,1701261355869,146,6.2724
RUNEUSDT,SELL,LIMIT,1701261370989,4,6.2675
RUNEUSDT,BUY,LIMIT,1701261797319,31,6.4870
RUNEUSDT,BUY,LIMIT,1701262450667,157,6.4972
RUNEUSDT,BUY,LIMIT,1701262913419,65,6.4905
RUNEUSDT,BUY,LIMIT,1701262978226,78,6.4983
RUNEUSDT,BUY,LIMIT,1701263009513,1,6.5074
RUNEUSDT,BUY,LIMIT,1701263020370,785,6.5100
RUNEUSDT,BUY,LIMIT,1701263077289,48,6.5242
RUNEUSDT,SELL,LIMIT,1701264332160,11,6.2964
RUNEUSDT,SELL,LIMIT,1701264348223,99,6.2910
RUNEUSDT,SELL,LIMIT,1701264354477,3,6.2804
RUNEUSDT,SELL,LIMIT,1701264357120,17,6.2776
RUNEUSDT,SELL,LIMIT,1701264366418,209,6.2675
RUNEUSDT,SELL,LIMIT,1701264372072,11,6.2608
RUNEUSDT,SELL,LIMIT,1701264373074,85,6.2424
RUNEUSDT,SELL,LIMIT,1701264381065,781,6.2339
RUNEUSDT,SELL,LIMIT,1701264383440,30,6.2268
RUNEUSDT,SELL,LIMIT,1701264394499,77,6.2246
RUNEUSDT,SELL,LIMIT,1701264415255,8,6.2219
RUNEUSDT,SELL,LIMIT,1701264512263,1,6.2204
RUNEUSDT,SELL,LIMIT,1701264513341,47,6.2169
RUNEUSDT,SELL,LIMIT,1701264514798,30,6.2148
RUNEUSDT,SELL,LIMIT,1701264520054,382,6.2052
RUNEUSDT,SELL,LIMIT,1701264530598,91,6.1943
RUNEUSDT,SELL,LIMIT,1701264621576,19,6.1888
RUNEUSDT,SELL,LIMIT,1701264623110,12,6.1835
RUNEUSDT,SELL,LIMIT,1701264625758,4,6.1768
RUNEUSDT,SELL,LIMIT,1701264640176,51,6.1691
RUNEUSDT,SELL,LIMIT,1701264641530,54,6.1724
RUNEUSDT,SELL,LIMIT,1701264645410,123,6.1641
RUNEUSDT,SELL,LIMIT,1701264653038,159,6.1466
RUNEUSDT,SELL,LIMIT,1701264788058,85,6.1690
RUNEUSDT,BUY,LIMIT,1701265076427,18,6.3991
RUNEUSDT,BUY,LIMIT,1701266106288,796,6.4055
RUNEUSDT,BUY,LIMIT,1701266107547,127,6.4135
RUNEUSDT,BUY,LIMIT,1701266261679,174,6.4185
RUNEUSDT,BUY,LIMIT,1701266685681,7,6.4349
RUNEUSDT,BUY,LIMIT,1701266686733,123,6.4371
RUNEUSDT,BUY,LIMIT,1701266835366,6,6.4507
RUNEUSDT,SELL,LIMIT,1701267399925,9,6.2340
RUNEUSDT,SELL,LIMIT,1701267446526,393,6.2282
RUNEUSDT,SELL,LIMIT,1701267508176,19,6.2031
RUNEUSDT,SELL,LIMIT,1701268838465,82,6.1803
RUNEUSDT,SELL,LIMIT,1701268841826,70,6.1813
RUNEUSDT,SELL,LIMIT,1701269153176,28,6.1759
RUNEUSDT,SELL,LIMIT,1701269166876,478,6.1684
RUNEUSDT,SELL,LIMIT,1701269260738,4,6.1748
RUNEUSDT,SELL,LIMIT,1701269264421,351,6.1621
RUNEUSDT,BUY,LIMIT,1701269456109,69,6.3748
RUNEUSDT,BUY,LIMIT,1701269677374,10,6.4074
RUNEUSDT,BUY,LIMIT,1701269679226,3,6.4114
RUNEUSDT,SELL,LIMIT,1701270343388,114,6.1845
RUNEUSDT,SELL,LIMIT,1701270451636,39,6.1718
RUNEUSDT,SELL,LIMIT,1701270571980,147,6.1584
RUNEUSDT,SELL,LIMIT,1701270574781,6,6.1510
RUNEUSDT,SELL,LIMIT,1701270586234,62,6.1505
RUNEUSDT,SELL,LIMIT,1701270616214,22,6.1439
RUNEUSDT,SELL,LIMIT,1701270618259,78,6.1412
RUNEUSDT,SELL,LIMIT,1701270638705,193,6.1357
RUNEUSDT,SELL,LIMIT,1701270699067,23,6.1290
RUNEUSDT,SELL,LIMIT,1701270712027,3,6.1250
RUNEUSDT,SELL,LIMIT,1701270716873,77,6.1234
RUNEUSDT,SELL,LIMIT,1701270719106,4,6.1225
RUNEUSDT,SELL,LIMIT,1701270720314,342,6.1176
RUNEUSDT,SELL,LIMIT,1701270721563,144,6.1158
RUNEUSDT,SELL,LIMIT,1701270745118,29,6.1138
RUNEUSDT,SELL,LIMIT,1701270761765,297,6.1105
RUNEUSDT,SELL,LIMIT,1701270764124,198,6.1094
RUNEUSDT,SELL,LIMIT,1701270766450,15,6.1020
RUNEUSDT,SELL,LIMIT,1701270780217,36,6.1007
RUNEUSDT,SELL,LIMIT,1701270783337,66,6.0992
RUNEUSDT,SELL,LIMIT,1701270833082,19,6.0966
RUNEUSDT,BUY,LIMIT,1701270834197,2,6.2706
RUNEUSDT,SELL,LIMIT,1701270835809,3353,6.0339
RUNEUSDT,SELL,LIMIT,1701270843205,792,6.0814
RUNEUSDT,BUY,LIMIT,1701270919594,5,6.2821
RUNEUSDT,BUY,LIMIT,1701271028067,161,6.3218
RUNEUSDT,BUY,LIMIT,1701271504975,77,6.3341
RUNEUSDT,BUY,LIMIT,1701271565024,11,6.3414
RUNEUSDT,BUY,LIMIT,1701271567482,227,6.3457
RUNEUSDT,BUY,LIMIT,1701271568784,9,6.3494
RUNEUSDT,BUY,LIMIT,1701271744333,24,6.3499
RUNEUSDT,BUY,LIMIT,1701272000348,281,6.3710
RUNEUSDT,BUY,LIMIT,1701272401775,127,6.4145
RUNEUSDT,BUY,LIMIT,1701272440186,11,6.4156
RUNEUSDT,BUY,LIMIT,1701272442170,4,6.4187
RUNEUSDT,BUY,LIMIT,1701272444677,55,6.4220
RUNEUSDT,BUY,LIMIT,1701272453833,29,6.4248
RUNEUSDT,BUY,LIMIT,1701272470301,9,6.4283
RUNEUSDT,BUY,LIMIT,1701272475369,123,6.4409
RUNEUSDT,SELL,LIMIT,1701273400978,260,6.2242
RUNEUSDT,BUY,LIMIT,1701273740000,76,6.4333
RUNEUSDT,BUY,LIMIT,1701273747262,88,6.4436
RUNEUSDT,SELL,LIMIT,1701273946758,15,6.2296
RUNEUSDT,SELL,LIMIT,1701273961617,13,6.2197
RUNEUSDT,SELL,LIMIT,1701273965942,2,6.2203
RUNEUSDT,SELL,LIMIT,1701273999056,298,6.2055
RUNEUSDT,SELL,LIMIT,1701274005711,49,6.1984
RUNEUSDT,SELL,LIMIT,1701274011338,460,6.1945
RUNEUSDT,SELL,LIMIT,1701274037380,157,6.1884
RUNEUSDT,SELL,LIMIT,1701274040217,71,6.1851
RUNEUSDT,SELL,LIMIT,1701274043200,58,6.1794
RUNEUSDT,SELL,LIMIT,1701274046786,51,6.1779
RUNEUSDT,SELL,LIMIT,1701274054389,199,6.1750
RUNEUSDT,BUY,LIMIT,1701275340052,257,6.4056
RUNEUSDT,BUY,LIMIT,1701276117687,232,6.4126
RUNEUSDT,BUY,LIMIT,1701276122220,366,6.4158
RUNEUSDT,BUY,LIMIT,1701276133052,17,6.4232
RUNEUSDT,BUY,LIMIT,1701276187228,57,6.4364
RUNEUSDT,BUY,LIMIT,1701276200262,414,6.4408
RUNEUSDT,BUY,LIMIT,1701276225833,8,6.4481
RUNEUSDT,SELL,LIMIT,1701276714979,1,6.2283
RUNEUSDT,SELL,LIMIT,1701277287303,2,6.2230
RUNEUSDT,SELL,LIMIT,1701277526410,151,6.2153
RUNEUSDT,SELL,LIMIT,1701277540690,379,6.2110
RUNEUSDT,SELL,LIMIT,1701277544295,157,6.2107
RUNEUSDT,BUY,LIMIT,1701278638816,1,6.4359
RUNEUSDT,BUY,LIMIT,1701279259024,14,6.4434
RUNEUSDT,BUY,LIMIT,1701279351533,789,6.4593
RUNEUSDT,BUY,LIMIT,1701279355986,171,6.4642
RUNEUSDT,BUY,LIMIT,1701279365432,3,6.4651
RUNEUSDT,BUY,LIMIT,1701279368278,86,6.4670
RUNEUSDT,BUY,LIMIT,1701279370341,135,6.4696
RUNEUSDT,BUY,LIMIT,1701279994189,4,6.4773
RUNEUSDT,BUY,LIMIT,1701280039055,1,6.4896
RUNEUSDT,BUY,LIMIT,1701280043924,7,6.4918
RUNEUSDT,BUY,LIMIT,1701280048401,156,6.4928
RUNEUSDT,BUY,LIMIT,1701280201461,48,6.4959
RUNEUSDT,BUY,LIMIT,1701280207445,3,6.5038
RUNEUSDT,BUY,LIMIT,1701280212769,22,6.5050
RUNEUSDT,BUY,LIMIT,1701280242249,113,6.5067
RUNEUSDT,BUY,LIMIT,1701280247610,5,6.5101
RUNEUSDT,BUY,LIMIT,1701280505473,25,6.5107
RUNEUSDT,BUY,LIMIT,1701280591248,31,6.5208
RUNEUSDT,BUY,LIMIT,1701280593690,81,6.5226
RUNEUSDT,BUY,LIMIT,1701280633343,1,6.5250
RUNEUSDT,BUY,LIMIT,1701280648127,1,6.5282
RUNEUSDT,BUY,LIMIT,1701280666039,80,6.5345
RUNEUSDT,BUY,LIMIT,1701280667196,308,6.5389
RUNEUSDT,BUY,LIMIT,1701280668290,25,6.5400
RUNEUSDT,SELL,LIMIT,1701281102208,1,6.3156
RUNEUSDT,BUY,LIMIT,1701281228299,8,6.4962
RUNEUSDT,BUY,LIMIT,1701282187667,47,6.5054
RUNEUSDT,BUY,LIMIT,1701282671265,66,6.5196
RUNEUSDT,BUY,LIMIT,1701283423057,18,6.5269
RUNEUSDT,BUY,LIMIT,1701283574260,777,6.5265
RUNEUSDT,BUY,LIMIT,1701283614627,66,6.5183
RUNEUSDT,BUY,LIMIT,1701283714529,13,6.5371
RUNEUSDT,BUY,LIMIT,1701283727108,7,6.5420
RUNEUSDT,BUY,LIMIT,1701283729528,16,6.5434
RUNEUSDT,BUY,LIMIT,1701283762190,19,6.5457
RUNEUSDT,BUY,LIMIT,1701283764894,300,6.5279
RUNEUSDT,BUY,LIMIT,1701283767197,2661,6.5924
RUNEUSDT,BUY,LIMIT,1701283835809,2,6.5495
RUNEUSDT,BUY,LIMIT,1701283873416,827,6.5532
RUNEUSDT,BUY,LIMIT,1701283875775,7,6.5512
RUNEUSDT,BUY,LIMIT,1701283953763,2,6.5544
RUNEUSDT,BUY,LIMIT,1701283959633,89,6.5618
RUNEUSDT,BUY,LIMIT,1701283990246,15,6.5629
RUNEUSDT,BUY,LIMIT,1701283992160,3,6.5646
RUNEUSDT,BUY,LIMIT,1701283993214,12,6.5658
RUNEUSDT,BUY,LIMIT,1701284102483,521,6.5616
RUNEUSDT,BUY,LIMIT,1701284422259,59,6.5337
RUNEUSDT,SELL,LIMIT,1701284959244,2,6.4266
RUNEUSDT,BUY,LIMIT,1701284978542,35,6.5553
RUNEUSDT,BUY,LIMIT,1701285036164,1128,6.5851
RUNEUSDT,BUY,LIMIT,1701285037674,732,6.5666
RUNEUSDT,BUY,LIMIT,1701285054665,59,6.5703
RUNEUSDT,BUY,LIMIT,1701285057115,1469,6.6026
RUNEUSDT,BUY,LIMIT,1701285058364,392,6.5738
RUNEUSDT,SELL,LIMIT,1701285809551,5,6.3261
RUNEUSDT,SELL,LIMIT,1701286270069,11,6.3188
RUNEUSDT,SELL,LIMIT,1701286350820,430,6.3126
RUNEUSDT,SELL,LIMIT,1701286352483,7,6.3086
RUNEUSDT,SELL,LIMIT,1701286596116,14,6.2999
RUNEUSDT,SELL,LIMIT,1701288733120,23,6.2884
RUNEUSDT,SELL,LIMIT,1701288735216,6,6.2842
RUNEUSDT,SELL,LIMIT,1701288737861,34,6.2829
RUNEUSDT,SELL,LIMIT,1701289141174,1,6.2777
RUNEUSDT,SELL,LIMIT,1701289142247,29,6.2701
RUNEUSDT,SELL,LIMIT,1701289774048,6,6.2473
RUNEUSDT,SELL,LIMIT,1701289809302,772,6.2437
RUNEUSDT,SELL,LIMIT,1701289838151,100,6.2311
RUNEUSDT,SELL,LIMIT,1701289839596,3,6.2255
RUNEUSDT,SELL,LIMIT,1701289845110,6,6.2240
RUNEUSDT,SELL,LIMIT,1701289850117,2,6.2195
RUNEUSDT,SELL,LIMIT,1701289861083,77,6.2094
RUNEUSDT,SELL,LIMIT,1701289892419,315,6.1986
RUNEUSDT,SELL,LIMIT,1701290347001,192,6.1947
RUNEUSDT,SELL,LIMIT,1701290371148,56,6.1950
RUNEUSDT,BUY,LIMIT,1701291156299,222,6.4177
RUNEUSDT,BUY,LIMIT,1701291782652,2,6.4261
RUNEUSDT,BUY,LIMIT,1701291842976,159,6.4324
RUNEUSDT,BUY,LIMIT,1701292135933,123,6.4390
RUNEUSDT,SELL,LIMIT,1701292722395,99,6.2518
RUNEUSDT,BUY,LIMIT,1701295657143,35,6.4625
RUNEUSDT,BUY,LIMIT,1701295680822,11,6.4680
RUNEUSDT,BUY,LIMIT,1701295682272,17,6.4687
RUNEUSDT,BUY,LIMIT,1701298287121,4,6.4802
RUNEUSDT,BUY,LIMIT,1701298289648,163,6.4850
RUNEUSDT,BUY,LIMIT,1701298291935,366,6.4901
RUNEUSDT,BUY,LIMIT,1701298295901,18,6.4922
RUNEUSDT,BUY,LIMIT,1701298431104,202,6.4930
RUNEUSDT,SELL,LIMIT,1701299130942,80,6.2489
RUNEUSDT,SELL,LIMIT,1701299935605,94,6.2656
RUNEUSDT,SELL,LIMIT,1701299980535,16,6.2496
RUNEUSDT,BUY,LIMIT,1701302749268,76,6.4761
RUNEUSDT,BUY,LIMIT,1701302924232,50,6.5063
RUNEUSDT,BUY,LIMIT,1701303844318,7,6.5097
RUNEUSDT,BUY,LIMIT,1701303889066,61,6.5116
RUNEUSDT,SELL,LIMIT,1701304091404,19,6.2903
RUNEUSDT,BUY,LIMIT,1701304368700,124,6.4999
RUNEUSDT,BUY,LIMIT,1701304970199,45,6.5102
RUNEUSDT,SELL,LIMIT,1701305951223,779,6.2917
RUNEUSDT,SELL,LIMIT,1701306315008,383,6.2599
RUNEUSDT,SELL,LIMIT,1701306359185,12,6.2397
RUNEUSDT,SELL,LIMIT,1701306785255,187,6.2333
RUNEUSDT,SELL,LIMIT,1701306827338,71,6.2177
RUNEUSDT,BUY,LIMIT,1701308088978,9,6.4349
RUNEUSDT,BUY,LIMIT,1701308135508,34,6.4401
RUNEUSDT,BUY,LIMIT,1701308831787,225,6.4453
RUNEUSDT,SELL,LIMIT,1701309288277,162,6.2366
RUNEUSDT,BUY,LIMIT,1701311363261,137,6.4888
RUNEUSDT,BUY,LIMIT,1701311404933,788,6.4985
RUNEUSDT,BUY,LIMIT,1701311419074,72,6.5065
RUNEUSDT,BUY,LIMIT,1701311422118,7,6.5095
RUNEUSDT,BUY,LIMIT,1701311969266,255,6.5204
RUNEUSDT,BUY,LIMIT,1701311980248,79,6.5219
RUNEUSDT,BUY,LIMIT,1701311984679,24,6.5271
RUNEUSDT,BUY,LIMIT,1701311986384,76,6.5348
RUNEUSDT,BUY,LIMIT,1701311991071,10,6.5335
RUNEUSDT,BUY,LIMIT,1701311992949,96,6.5345
RUNEUSDT,BUY,LIMIT,1701312079615,68,6.5488
RUNEUSDT,SELL,LIMIT,1701312082131,13,6.3858
RUNEUSDT,BUY,LIMIT,1701312130697,66,6.5567
RUNEUSDT,BUY,LIMIT,1701312150839,18,6.5600
RUNEUSDT,BUY,LIMIT,1701312867088,59,6.5565
RUNEUSDT,BUY,LIMIT,1701313679583,4,6.5367
RUNEUSDT,BUY,LIMIT,1701313927125,2,6.5608
RUNEUSDT,BUY,LIMIT,1701313933325,387,6.5737
RUNEUSDT,BUY,LIMIT,1701313936328,83,6.5777
RUNEUSDT,BUY,LIMIT,1701313937668,48,6.5807
RUNEUSDT,BUY,LIMIT,1701313940377,14,6.5869
RUNEUSDT,BUY,LIMIT,1701313945079,80,6.5896
RUNEUSDT,BUY,LIMIT,1701313947554,2,6.5895
RUNEUSDT,BUY,LIMIT,1701314057919,601,6.5911
RUNEUSDT,BUY,LIMIT,1701314064397,280,6.5915
RUNEUSDT,BUY,LIMIT,1701314172240,15,6.5929
RUNEUSDT,BUY,LIMIT,1701314176611,6,6.5974
RUNEUSDT,BUY,LIMIT,1701314178057,229,6.6066
RUNEUSDT,BUY,LIMIT,1701314179064,70,6.6066
RUNEUSDT,BUY,LIMIT,1701314180122,267,6.6276
RUNEUSDT,BUY,LIMIT,1701314181196,646,6.6231
RUNEUSDT,SELL,LIMIT,1701314349715,20,6.3951
RUNEUSDT,SELL,LIMIT,1701314387453,57,6.3730
RUNEUSDT,SELL,LIMIT,1701315267750,113,6.3576
RUNEUSDT,BUY,LIMIT,1701315456468,65,6.5671
RUNEUSDT,BUY,LIMIT,1701315529454,48,6.5672
RUNEUSDT,BUY,LIMIT,1701315609887,40,6.5682
RUNEUSDT,BUY,LIMIT,1701315672487,18,6.5905
RUNEUSDT,BUY,LIMIT,1701315677345,78,6.5913
RUNEUSDT,BUY,LIMIT,1701315685860,592,6.6002
RUNEUSDT,BUY,LIMIT,1701315714189,4,6.6143
RUNEUSDT,BUY,LIMIT,1701315810280,4,6.6337
RUNEUSDT,BUY,LIMIT,1701315820202,3,6.6377
RUNEUSDT,BUY,LIMIT,1701315823220,15,6.6407
RUNEUSDT,SELL,LIMIT,1701316309372,7,6.3820
RUNEUSDT,SELL,LIMIT,1701316310666,113,6.3806
RUNEUSDT,SELL,LIMIT,1701316667421,20,6.3665
RUNEUSDT,SELL,LIMIT,1701316932772,2,6.3381
RUNEUSDT,BUY,LIMIT,1701317288145,1,6.5453
RUNEUSDT,BUY,LIMIT,1701317618274,53,6.5690
RUNEUSDT,BUY,LIMIT,1701319328104,14,6.6034
RUNEUSDT,BUY,LIMIT,1701319330362,100,6.6060
RUNEUSDT,SELL,LIMIT,1701319933094,20,6.3794
RUNEUSDT,SELL,LIMIT,1701319949482,136,6.3707
RUNEUSDT,SELL,LIMIT,1701320910541,54,6.3746
RUNEUSDT,SELL,LIMIT,1701321154233,38,6.3630
RUNEUSDT,SELL,LIMIT,1701321205075,45,6.3612
RUNEUSDT,SELL,LIMIT,1701321210964,95,6.3584
RUNEUSDT,SELL,LIMIT,1701321214175,59,6.3573
RUNEUSDT,SELL,LIMIT,1701321217547,8,6.3483
RUNEUSDT,SELL,LIMIT,1701321331471,1,6.3423
RUNEUSDT,SELL,LIMIT,1701321338175,31,6.3407
RUNEUSDT,SELL,LIMIT,1701321570444,40,6.3313
RUNEUSDT,SELL,LIMIT,1701321573036,8,6.3311
RUNEUSDT,SELL,LIMIT,1701321601154,33,6.3265
RUNEUSDT,SELL,LIMIT,1701321609308,83,6.3243
RUNEUSDT,SELL,LIMIT,1701321611691,13,6.3165
RUNEUSDT,SELL,LIMIT,1701321618581,153,6.3118
RUNEUSDT,SELL,LIMIT,1701321701003,149,6.3027
RUNEUSDT,SELL,LIMIT,1701321852183,2,6.2583
RUNEUSDT,SELL,LIMIT,1701321855213,738,6.2574
RUNEUSDT,SELL,LIMIT,1701322117040,3,6.2486
RUNEUSDT,BUY,LIMIT,1701322364641,44,6.4859
RUNEUSDT,BUY,LIMIT,1701322445092,23,6.4937
RUNEUSDT,SELL,LIMIT,1701322747742,5,6.2422
RUNEUSDT,SELL,LIMIT,1701322785223,35,6.2286
RUNEUSDT,SELL,LIMIT,1701322787261,126,6.2232
RUNEUSDT,SELL,LIMIT,1701322789359,3871,6.1716
RUNEUSDT,SELL,LIMIT,1701322808229,121,6.2198
RUNEUSDT,SELL,LIMIT,1701323714553,9,6.2375
RUNEUSDT,SELL,LIMIT,1701323734567,1,6.2236
RUNEUSDT,SELL,LIMIT,1701323745435,40,6.2151
RUNEUSDT,BUY,LIMIT,1701324604687,148,6.4779
RUNEUSDT,BUY,LIMIT,1701325726279,158,6.4856
RUNEUSDT,SELL,LIMIT,1701327047921,226,6.2551
RUNEUSDT,BUY,LIMIT,1701327204465,15,6.4378
RUNEUSDT,SELL,LIMIT,1701327559806,43,6.2362
RUNEUSDT,SELL,LIMIT,1701327561453,11,6.2295
RUNEUSDT,SELL,LIMIT,1701328976696,51,6.2212
RUNEUSDT,SELL,LIMIT,1701330088329,4,6.2114
RUNEUSDT,BUY,LIMIT,1701330696239,110,6.4382
RUNEUSDT,BUY,LIMIT,1701330724810,32,6.4416
RUNEUSDT,BUY,LIMIT,1701330938400,8,6.4340
RUNEUSDT,SELL,LIMIT,1701331829126,4,6.2110
RUNEUSDT,SELL,LIMIT,1701331884140,7,6.1998
RUNEUSDT,BUY,LIMIT,1701332216366,169,6.4289
RUNEUSDT,BUY,LIMIT,1701332242393,34,6.4356
RUNEUSDT,SELL,LIMIT,1701333552706,9,6.2194
RUNEUSDT,SELL,LIMIT,1701333556247,433,6.2120
RUNEUSDT,BUY,LIMIT,1701333887222,14,6.4414
RUNEUSDT,BUY,LIMIT,1701334087447,129,6.4524
RUNEUSDT,BUY,LIMIT,1701334317688,45,6.4676
RUNEUSDT,BUY,LIMIT,1701334343762,16,6.4769
RUNEUSDT,BUY,LIMIT,1701334956186,2,6.5011
RUNEUSDT,BUY,LIMIT,1701334982256,3,6.5072
RUNEUSDT,BUY,LIMIT,1701335751858,34,6.5197
RUNEUSDT,BUY,LIMIT,1701337000353,58,6.5257
RUNEUSDT,BUY,LIMIT,1701337100244,10,6.5302
RUNEUSDT,BUY,LIMIT,1701337112868,30,6.5338
RUNEUSDT,BUY,LIMIT,1701337113964,24,6.5360
RUNEUSDT,BUY,LIMIT,1701337205420,13,6.5448
RUNEUSDT,BUY,LIMIT,1701337379501,15,6.5646
RUNEUSDT,BUY,LIMIT,1701339483044,6,6.5626
RUNEUSDT,SELL,LIMIT,1701340403295,27,6.3368
RUNEUSDT,SELL,LIMIT,1701341230792,118,6.3304
RUNEUSDT,SELL,LIMIT,1701341542816,5,6.3263
RUNEUSDT,BUY,LIMIT,1701344146443,32,6.5543
RUNEUSDT,BUY,LIMIT,1701344177270,32,6.5574
RUNEUSDT,BUY,LIMIT,1701344382187,2,6.5702
RUNEUSDT,BUY,LIMIT,1701344497572,138,6.5728
RUNEUSDT,BUY,LIMIT,1701344527260,555,6.5769
RUNEUSDT,BUY,LIMIT,1701344531617,240,6.5786
RUNEUSDT,BUY,LIMIT,1701344538159,73,6.5808
RUNEUSDT,BUY,LIMIT,1701344616533,10,6.5823
RUNEUSDT,BUY,LIMIT,1701344620220,13,6.5827
RUNEUSDT,BUY,LIMIT,1701344714650,2,6.5867
RUNEUSDT,BUY,LIMIT,1701345167243,247,6.5899
RUNEUSDT,BUY,LIMIT,1701345168245,11,6.5902
RUNEUSDT,BUY,LIMIT,1701345204315,555,6.5954
RUNEUSDT,BUY,LIMIT,1701345208170,63,6.5980
RUNEUSDT,BUY,LIMIT,1701345224490,407,6.6027
RUNEUSDT,BUY,LIMIT,1701345255339,886,6.6183
RUNEUSDT,BUY,LIMIT,1701345301249,770,6.6160
RUNEUSDT,BUY,LIMIT,1701345308306,18,6.6192
RUNEUSDT,BUY,LIMIT,1701345309776,15,6.6208
RUNEUSDT,BUY,LIMIT,1701345313418,35,6.6217
RUNEUSDT,BUY,LIMIT,1701345317341,18,6.6260
RUNEUSDT,BUY,LIMIT,1701345622976,31,6.6289
RUNEUSDT,BUY,LIMIT,1701345624329,126,6.6333
RUNEUSDT,BUY,LIMIT,1701345625347,25,6.6324
RUNEUSDT,BUY,LIMIT,1701346037335,4,6.6397
RUNEUSDT,BUY,LIMIT,1701346045669,41,6.6423
RUNEUSDT,BUY,LIMIT,1701346056914,22,6.6451
RUNEUSDT,BUY,LIMIT,1701346065666,2,6.6457
RUNEUSDT,BUY,LIMIT,1701346124243,62,6.6462
RUNEUSDT,BUY,LIMIT,1701346126160,173,6.6467
RUNEUSDT,BUY,LIMIT,1701346134122,17,6.6490
RUNEUSDT,BUY,LIMIT,1701346135125,19,6.6497
RUNEUSDT,BUY,LIMIT,1701346136145,1,6.6613
RUNEUSDT,BUY,LIMIT,1701346137238,45,6.6653
RUNEUSDT,BUY,LIMIT,1701346138260,65,6.6681
RUNEUSDT,BUY,LIMIT,1701346143058,13,6.6745
RUNEUSDT,BUY,LIMIT,1701346144191,6,6.6741
RUNEUSDT,BUY,LIMIT,1701346145451,4,6.6769
RUNEUSDT,BUY,LIMIT,1701346147620,177,6.6812
RUNEUSDT,BUY,LIMIT,1701346160096,15,6.6838
RUNEUSDT,BUY,LIMIT,1701346163892,5,6.6833
RUNEUSDT,SELL,LIMIT,1701346584093,9,6.4395
RUNEUSDT,BUY,LIMIT,1701347001675,116,6.6683
RUNEUSDT,BUY,LIMIT,1701347145216,17,6.6827
RUNEUSDT,BUY,LIMIT,1701347146334,586,6.6828
RUNEUSDT,BUY,LIMIT,1701347435096,2,6.6864
RUNEUSDT,BUY,LIMIT,1701347436219,143,6.6871
RUNEUSDT,BUY,LIMIT,1701347477489,178,6.6910
RUNEUSDT,BUY,LIMIT,1701347491287,16,6.6921
RUNEUSDT,BUY,LIMIT,1701347492369,199,6.6916
RUNEUSDT,BUY,LIMIT,1701347495132,3,6.6929
RUNEUSDT,BUY,LIMIT,1701347509505,9,6.6948
RUNEUSDT,BUY,LIMIT,1701347513517,82,6.6950
RUNEUSDT,BUY,LIMIT,1701347595079,54,6.6970
RUNEUSDT,BUY,LIMIT,1701347601174,389,6.6982
RUNEUSDT,BUY,LIMIT,1701347621516,17,6.6996
RUNEUSDT,BUY,LIMIT,1701347622521,115,6.6993
RUNEUSDT,BUY,LIMIT,1701347624001,3,6.7013
RUNEUSDT,BUY,LIMIT,1701347626776,2268,6.7456
RUNEUSDT,BUY,LIMIT,1701347629135,169,6.7039
RUNEUSDT,BUY,LIMIT,1701347630156,10,6.7071
RUNEUSDT,BUY,LIMIT,1701347631396,1002,6.7268
RUNEUSDT,BUY,LIMIT,1701347632618,12,6.7114
RUNEUSDT,BUY,LIMIT,1701347633701,120,6.7145
RUNEUSDT,BUY,LIMIT,1701347634888,19,6.7166
RUNEUSDT,BUY,LIMIT,1701347636688,214,6.7179
RUNEUSDT,BUY,LIMIT,1701347793087,123,6.6965
RUNEUSDT,BUY,LIMIT,1701348105495,15,6.7008
RUNEUSDT,BUY,LIMIT,1701348107235,73,6.7023
RUNEUSDT,BUY,LIMIT,1701348111525,15,6.7036
RUNEUSDT,BUY,LIMIT,1701348125908,157,6.7113
RUNEUSDT,BUY,LIMIT,1701348135614,37,6.7113
RUNEUSDT,BUY,LIMIT,1701348148225,156,6.7198
RUNEUSDT,BUY,LIMIT,1701348149353,26,6.7209
RUNEUSDT,BUY,LIMIT,1701348150417,2562,6.7775
RUNEUSDT,BUY,LIMIT,1701348151735,52,6.7309
RUNEUSDT,BUY,LIMIT,1701348152758,8,6.7330
RUNEUSDT,BUY,LIMIT,1701348154091,224,6.7399
RUNEUSDT,BUY,LIMIT,1701348159657,72,6.7409
RUNEUSDT,BUY,LIMIT,1701348163884,7,6.7433
RUNEUSDT,BUY,LIMIT,1701348167494,14,6.7450
RUNEUSDT,BUY,LIMIT,1701348168865,1,6.7472
RUNEUSDT,BUY,LIMIT,1701348182904,123,6.7454
RUNEUSDT,BUY,LIMIT,1701348220525,303,6.7486
RUNEUSDT,BUY,LIMIT,1701348221743,110,6.7493
RUNEUSDT,BUY,LIMIT,1701348230179,49,6.7493
RUNEUSDT,BUY,LIMIT,1701348342250,57,6.7480
RUNEUSDT,BUY,LIMIT,1701348371325,1,6.7502
RUNEUSDT,BUY,LIMIT,1701348372518,3,6.7502
RUNEUSDT,BUY,LIMIT,1701348376284,16,6.7512
RUNEUSDT,BUY,LIMIT,1701348386086,94,6.7493
RUNEUSDT,BUY,LIMIT,1701348450167,97,6.7520
RUNEUSDT,BUY,LIMIT,1701348459775,308,6.7483
RUNEUSDT,BUY,LIMIT,1701348479311,61,6.7484
RUNEUSDT,BUY,LIMIT,1701348618217,145,6.7296
RUNEUSDT,BUY,LIMIT,1701348943908,203,6.7452
RUNEUSDT,BUY,LIMIT,1701348949252,159,6.7480
RUNEUSDT,BUY,LIMIT,1701348951730,34,6.7514
RUNEUSDT,BUY,LIMIT,1701348953368,179,6.7520
RUNEUSDT,BUY,LIMIT,1701348954383,79,6.7529
RUNEUSDT,BUY,LIMIT,1701348957119,18,6.7631
RUNEUSDT,BUY,LIMIT,1701348958124,60,6.7535
RUNEUSDT,BUY,LIMIT,1701349203307,15,6.7638
RUNEUSDT,BUY,LIMIT,1701349204323,12,6.7645
RUNEUSDT,BUY,LIMIT,1701349218491,57,6.7665
RUNEUSDT,BUY,LIMIT,1701349220078,18,6.7669
RUNEUSDT,BUY,LIMIT,1701349221225,19,6.7682
RUNEUSDT,SELL,LIMIT,1701349404198,9,6.5154
RUNEUSDT,SELL,LIMIT,1701349405227,8,6.5113
RUNEUSDT,SELL,LIMIT,1701349514018,9,6.5069
RUNEUSDT,SELL,LIMIT,1701349543695,75,6.4964
RUNEUSDT,SELL,LIMIT,1701349584944,75,6.4936
RUNEUSDT,SELL,LIMIT,1701349698181,120,6.4870
RUNEUSDT,BUY,LIMIT,1701351044290,370,6.7283
RUNEUSDT,BUY,LIMIT,1701351046642,15,6.7297
RUNEUSDT,BUY,LIMIT,1701351053383,16,6.7357
RUNEUSDT,BUY,LIMIT,1701351056277,22,6.7391
RUNEUSDT,SELL,LIMIT,1701351300876,35,6.4972
RUNEUSDT,SELL,LIMIT,1701352131196,13,6.4718
RUNEUSDT,SELL,LIMIT,1701352136671,7,6.4605
RUNEUSDT,SELL,LIMIT,1701352196529,119,6.4598
RUNEUSDT,SELL,LIMIT,1701352204758,150,6.4583
RUNEUSDT,SELL,LIMIT,1701352209662,287,6.4537
RUNEUSDT,SELL,LIMIT,1701352210767,673,6.4479
RUNEUSDT,SELL,LIMIT,1701352523655,4,6.4270
RUNEUSDT,BUY,LIMIT,1701352699468,25,6.6452
RUNEUSDT,SELL,LIMIT,1701352941148,40,6.4196
RUNEUSDT,SELL,LIMIT,1701352995862,4,6.4166
RUNEUSDT,SELL,LIMIT,1701353009966,52,6.4086
RUNEUSDT,SELL,LIMIT,1701353046202,4,6.3930
RUNEUSDT,BUY,LIMIT,1701354772771,84,6.6302
RUNEUSDT,SELL,LIMIT,1701355113479,45,6.4007
RUNEUSDT,SELL,LIMIT,1701355169010,117,6.3910
RUNEUSDT,SELL,LIMIT,1701355201960,21,6.3829
RUNEUSDT,SELL,LIMIT,1701355203006,29,6.3775
RUNEUSDT,SELL,LIMIT,1701355215604,82,6.3740
RUNEUSDT,BUY,LIMIT,1701355820310,6,6.6257
RUNEUSDT,BUY,LIMIT,1701357212576,3,6.6130
RUNEUSDT,SELL,LIMIT,1701358772393,46,6.3652
RUNEUSDT,SELL,LIMIT,1701359299083,724,6.3553
RUNEUSDT,SELL,LIMIT,1701359302494,129,6.3518
RUNEUSDT,SELL,LIMIT,1701359355088,87,6.3411
RUNEUSDT,BUY,LIMIT,1701360692055,115,6.5958
RUNEUSDT,BUY,LIMIT,1701360693144,92,6.5927
RUNEUSDT,BUY,LIMIT,1701360746207,16,6.6008
RUNEUSDT,BUY,LIMIT,1701360747242,57,6.6019
RUNEUSDT,BUY,LIMIT,1701361453743,345,6.6076
RUNEUSDT,BUY,LIMIT,1701361461162,77,6.6134
RUNEUSDT,BUY,LIMIT,1701362430745,99,6.6318
RUNEUSDT,BUY,LIMIT,1701362536767,81,6.6370
RUNEUSDT,BUY,LIMIT,1701362628248,84,6.6549
RUNEUSDT,SELL,LIMIT,1701364421140,12,6.4204
RUNEUSDT,SELL,LIMIT,1701364484861,371,6.4019
RUNEUSDT,SELL,LIMIT,1701364516837,715,6.3648
RUNEUSDT,SELL,LIMIT,1701364557887,51,6.3581
RUNEUSDT,SELL,LIMIT,1701364566721,301,6.3322
RUNEUSDT,SELL,LIMIT,1701364580282,12,6.3286
RUNEUSDT,SELL,LIMIT,1701364619136,9,6.3187
RUNEUSDT,SELL,LIMIT,1701364620156,7,6.3113
RUNEUSDT,SELL,LIMIT,1701364625019,38,6.3093
RUNEUSDT,SELL,LIMIT,1701364626378,153,6.3077
RUNEUSDT,SELL,LIMIT,1701364628102,3,6.2928
RUNEUSDT,SELL,LIMIT,1701364629123,33,6.2983
RUNEUSDT,SELL,LIMIT,1701364630702,43,6.2854
RUNEUSDT,SELL,LIMIT,1701364632604,426,6.2843
RUNEUSDT,SELL,LIMIT,1701364634019,1,6.2817
RUNEUSDT,SELL,LIMIT,1701364641337,33,6.2744
RUNEUSDT,SELL,LIMIT,1701364642340,100,6.2707
RUNEUSDT,SELL,LIMIT,1701364680782,151,6.2672
RUNEUSDT,SELL,LIMIT,1701364683150,11,6.2662
RUNEUSDT,SELL,LIMIT,1701364684266,38,6.2659
RUNEUSDT,SELL,LIMIT,1701364685496,7,6.2549
RUNEUSDT,SELL,LIMIT,1701364687725,12,6.2467
RUNEUSDT,SELL,LIMIT,1701364689487,76,6.2411
RUNEUSDT,SELL,LIMIT,1701364691250,77,6.2325
RUNEUSDT,SELL,LIMIT,1701364700287,5,6.2250
RUNEUSDT,SELL,LIMIT,1701364708209,99,6.2240
RUNEUSDT,SELL,LIMIT,1701364711363,200,6.2190
RUNEUSDT,SELL,LIMIT,1701364712396,188,6.2189
RUNEUSDT,SELL,LIMIT,1701364807077,187,6.2072
RUNEUSDT,SELL,LIMIT,1701364808391,91,6.2050
RUNEUSDT,SELL,LIMIT,1701364810631,139,6.1884
RUNEUSDT,SELL,LIMIT,1701364811692,282,6.1854
RUNEUSDT,SELL,LIMIT,1701364813176,14,6.1816
RUNEUSDT,SELL,LIMIT,1701364815109,1234,6.1576
RUNEUSDT,SELL,LIMIT,1701364828837,60,6.1680
RUNEUSDT,BUY,LIMIT,1701365181248,186,6.4157
RUNEUSDT,BUY,LIMIT,1701365188453,1,6.4298
RUNEUSDT,BUY,LIMIT,1701365620228,245,6.4722
RUNEUSDT,BUY,LIMIT,1701365627112,17,6.4780
RUNEUSDT,BUY,LIMIT,1701365628164,4,6.4825
RUNEUSDT,BUY,LIMIT,1701365707836,23,6.5029
RUNEUSDT,BUY,LIMIT,1701365892701,6,6.5172
RUNEUSDT,BUY,LIMIT,1701366128701,46,6.5171
RUNEUSDT,BUY,LIMIT,1701366436751,68,6.5296
RUNEUSDT,BUY,LIMIT,1701368279390,8,6.5529
RUNEUSDT,BUY,LIMIT,1701368284928,16,6.5615
RUNEUSDT,BUY,LIMIT,1701368397665,3,6.5653
RUNEUSDT,BUY,LIMIT,1701368399876,7,6.5681
RUNEUSDT,BUY,LIMIT,1701368408058,82,6.5826
RUNEUSDT,BUY,LIMIT,1701368489310,9,6.5898
RUNEUSDT,BUY,LIMIT,1701368498905,93,6.6079
RUNEUSDT,BUY,LIMIT,1701368509475,27,6.6082
RUNEUSDT,BUY,LIMIT,1701368512897,1,6.6125
RUNEUSDT,BUY,LIMIT,1701368579831,10,6.6191
RUNEUSDT,BUY,LIMIT,1701368581782,80,6.6222
RUNEUSDT,BUY,LIMIT,1701368693085,12,6.6421
RUNEUSDT,BUY,LIMIT,1701368695890,322,6.6526
RUNEUSDT,BUY,LIMIT,1701368772811,60,6.6657
RUNEUSDT,BUY,LIMIT,1701368774158,108,6.6679
RUNEUSDT,BUY,LIMIT,1701368780796,78,6.6794
RUNEUSDT,BUY,LIMIT,1701368782641,672,6.6837
RUNEUSDT,SELL,LIMIT,1701369488831,4,6.3995
RUNEUSDT,BUY,LIMIT,1701369730540,283,6.6238
RUNEUSDT,BUY,LIMIT,1701369902247,10,6.6354
RUNEUSDT,BUY,LIMIT,1701370313692,34,6.6623
RUNEUSDT,BUY,LIMIT,1701370449510,48,6.6807
RUNEUSDT,BUY,LIMIT,1701370932326,194,6.6848
RUNEUSDT,BUY,LIMIT,1701370950501,25,6.6940
RUNEUSDT,BUY,LIMIT,1701372688125,9,6.6593
RUNEUSDT,BUY,LIMIT,1701372852056,53,6.6706
RUNEUSDT,BUY,LIMIT,1701373747117,15,6.6858
RUNEUSDT,BUY,LIMIT,1701374065396,7,6.6998
RUNEUSDT,BUY,LIMIT,1701374067687,90,6.7060
RUNEUSDT,BUY,LIMIT,1701374068873,627,6.7063
RUNEUSDT,BUY,LIMIT,1701374074768,103,6.7089
RUNEUSDT,BUY,LIMIT,1701374127091,97,6.7295
RUNEUSDT,BUY,LIMIT,1701374128227,8,6.7306
RUNEUSDT,BUY,LIMIT,1701374129512,19,6.7327
RUNEUSDT,BUY,LIMIT,1701374130554,214,6.7325
RUNEUSDT,BUY,LIMIT,1701374299414,52,6.7428
RUNEUSDT,BUY,LIMIT,1701374300454,15,6.7385
RUNEUSDT,SELL,LIMIT,1701374882041,613,6.5055
RUNEUSDT,SELL,LIMIT,1701375233543,37,6.4804
RUNEUSDT,SELL,LIMIT,1701375250349,31,6.4657
RUNEUSDT,SELL,LIMIT,1701375636387,74,6.4494
RUNEUSDT,SELL,LIMIT,1701375637454,68,6.4467
RUNEUSDT,SELL,LIMIT,1701375901536,142,6.4297
RUNEUSDT,SELL,LIMIT,1701375968221,76,6.4134
RUNEUSDT,SELL,LIMIT,1701376064582,620,6.4118
RUNEUSDT,SELL,LIMIT,1701376077196,33,6.4039
RUNEUSDT,SELL,LIMIT,1701376079508,294,6.3991
RUNEUSDT,BUY,LIMIT,1701378667050,22,6.6529
RUNEUSDT,SELL,LIMIT,1701379178238,199,6.4213
RUNEUSDT,SELL,LIMIT,1701379179739,2,6.4146
RUNEUSDT,SELL,LIMIT,1701380530232,76,6.3942
RUNEUSDT,SELL,LIMIT,1701380895507,116,6.3926
RUNEUSDT,SELL,LIMIT,1701381266697,5,6.3831
RUNEUSDT,SELL,LIMIT,1701381636855,1,6.3762
RUNEUSDT,BUY,LIMIT,1701382055730,54,6.5453
RUNEUSDT,SELL,LIMIT,1701384232410,2,6.3728
RUNEUSDT,SELL,LIMIT,1701384239028,32,6.3681
RUNEUSDT,SELL,LIMIT,1701384240126,34,6.3670
RUNEUSDT,BUY,LIMIT,1701388900328,14,6.5522
RUNEUSDT,SELL,LIMIT,1701389056554,57,6.3347
RUNEUSDT,SELL,LIMIT,1701389067570,23,6.3262
RUNEUSDT,SELL,LIMIT,1701389504109,511,6.3181
RUNEUSDT,SELL,LIMIT,1701389535340,17,6.3122
RUNEUSDT,SELL,LIMIT,1701390370787,34,6.3170
RUNEUSDT,SELL,LIMIT,1701390454955,10,6.3073
RUNEUSDT,SELL,LIMIT,1701390639787,150,6.3007
RUNEUSDT,BUY,LIMIT,1701390670398,8,6.4257
RUNEUSDT,SELL,LIMIT,1701391373825,8,6.2987
RUNEUSDT,SELL,LIMIT,1701391567180,365,6.2970
RUNEUSDT,SELL,LIMIT,1701391612832,3,6.2901
RUNEUSDT,SELL,LIMIT,1701392511857,3049,6.2297
RUNEUSDT,SELL,LIMIT,1701392519652,143,6.2732
RUNEUSDT,BUY,LIMIT,1701393419689,10,6.5035
RUNEUSDT,BUY,LIMIT,1701393580903,782,6.5114
RUNEUSDT,BUY,LIMIT,1701393620608,14,6.5228
RUNEUSDT,BUY,LIMIT,1701393625608,3,6.5203
RUNEUSDT,BUY,LIMIT,1701393704939,636,6.5305
RUNEUSDT,BUY,LIMIT,1701393748414,230,6.5362
RUNEUSDT,BUY,LIMIT,1701393807674,7,6.5398
RUNEUSDT,BUY,LIMIT,1701393821023,42,6.5386
RUNEUSDT,BUY,LIMIT,1701393879543,33,6.5171
RUNEUSDT,BUY,LIMIT,1701393909181,117,6.5438
RUNEUSDT,BUY,LIMIT,1701394018427,42,6.5641
RUNEUSDT,BUY,LIMIT,1701394038289,2,6.5728
RUNEUSDT,BUY,LIMIT,1701394057835,1,6.5781
RUNEUSDT,BUY,LIMIT,1701394156116,6,6.5948
RUNEUSDT,BUY,LIMIT,1701394195322,7,6.5945
RUNEUSDT,BUY,LIMIT,1701394221241,100,6.6006
RUNEUSDT,BUY,LIMIT,1701395584207,642,6.5866
RUNEUSDT,SELL,LIMIT,1701398411391,98,6.3713
RUNEUSDT,BUY,LIMIT,1701398575160,25,6.4874
RUNEUSDT,BUY,LIMIT,1701398576483,869,6.5625
RUNEUSDT,BUY,LIMIT,1701404056521,784,6.5674
RUNEUSDT,BUY,LIMIT,1701404668176,165,6.5781
RUNEUSDT,BUY,LIMIT,1701404867388,739,6.5872
RUNEUSDT,BUY,LIMIT,1701404894948,320,6.5945
RUNEUSDT,BUY,LIMIT,1701405374928,92,6.6126
RUNEUSDT,BUY,LIMIT,1701405479089,11,6.6232
RUNEUSDT,BUY,LIMIT,1701405497707,2,6.6311
RUNEUSDT,BUY,LIMIT,1701405508408,765,6.6427
RUNEUSDT,BUY,LIMIT,1701405510386,25,6.6473
RUNEUSDT,BUY,LIMIT,1701405515310,15,6.6495
RUNEUSDT,BUY,LIMIT,1701405866556,11,6.6249
RUNEUSDT,SELL,LIMIT,1701407543051,226,6.3959
RUNEUSDT,SELL,LIMIT,1701408802763,454,6.3560
RUNEUSDT,SELL,LIMIT,1701408819141,8,6.3496
RUNEUSDT,SELL,LIMIT,1701408900932,21,6.3342
RUNEUSDT,SELL,LIMIT,1701408906178,8,6.3283
RUNEUSDT,SELL,LIMIT,1701410032060,24,6.3214
RUNEUSDT,SELL,LIMIT,1701410374219,27,6.3187
RUNEUSDT,SELL,LIMIT,1701410938475,7,6.3157
RUNEUSDT,SELL,LIMIT,1701411412071,26,6.3111
RUNEUSDT,SELL,LIMIT,1701411427014,2,6.3072
RUNEUSDT,SELL,LIMIT,1701411924657,9,6.2934
RUNEUSDT,SELL,LIMIT,1701411926325,22,6.2883
RUNEUSDT,SELL,LIMIT,1701412097392,1,6.2860
RUNEUSDT,SELL,LIMIT,1701412348362,14,6.2835
RUNEUSDT,BUY,LIMIT,1701414503270,7,6.5345
RUNEUSDT,BUY,LIMIT,1701414533434,250,6.5408
RUNEUSDT,SELL,LIMIT,1701415584175,72,6.3101
RUNEUSDT,SELL,LIMIT,1701415655808,10,6.3012
RUNEUSDT,SELL,LIMIT,1701416313359,771,6.2991
RUNEUSDT,SELL,LIMIT,1701416458404,106,6.2896
RUNEUSDT,BUY,LIMIT,1701417328242,5,6.5103
RUNEUSDT,BUY,LIMIT,1701417733428,4,6.5142
RUNEUSDT,BUY,LIMIT,1701417735312,28,6.5154
RUNEUSDT,BUY,LIMIT,1701417998398,95,6.5192
RUNEUSDT,BUY,LIMIT,1701422217825,32,6.5186
RUNEUSDT,BUY,LIMIT,1701422219504,15,6.5318
RUNEUSDT,BUY,LIMIT,1701422224147,3,6.5362
RUNEUSDT,BUY,LIMIT,1701422231389,11,6.5430
RUNEUSDT,BUY,LIMIT,1701422237820,13,6.5471
RUNEUSDT,BUY,LIMIT,1701422240613,300,6.4827
RUNEUSDT,BUY,LIMIT,1701422241960,4,6.5635
RUNEUSDT,BUY,LIMIT,1701422246653,264,6.5743
RUNEUSDT,BUY,LIMIT,1701422320446,62,6.5797
RUNEUSDT,BUY,LIMIT,1701424118154,26,6.6145
RUNEUSDT,BUY,LIMIT,1701424119646,105,6.6218
RUNEUSDT,BUY,LIMIT,1701424122064,129,6.6244
RUNEUSDT,BUY,LIMIT,1701424217039,20,6.6294
RUNEUSDT,BUY,LIMIT,1701424517208,10,6.6529
RUNEUSDT,BUY,LIMIT,1701424518369,24,6.6763
RUNEUSDT,BUY,LIMIT,1701424519579,5,6.6693
RUNEUSDT,BUY,LIMIT,1701424521585,2,6.6917
RUNEUSDT,BUY,LIMIT,1701424540459,2107,6.7398
RUNEUSDT,BUY,LIMIT,1701424547049,39,6.7025
RUNEUSDT,BUY,LIMIT,1701424550227,81,6.7040
RUNEUSDT,BUY,LIMIT,1701424578426,133,6.7054
RUNEUSDT,BUY,LIMIT,1701424580110,108,6.7081
RUNEUSDT,BUY,LIMIT,1701424581251,15,6.7103
RUNEUSDT,BUY,LIMIT,1701424582278,28,6.7155
RUNEUSDT,BUY,LIMIT,1701424584204,31,6.7169
RUNEUSDT,BUY,LIMIT,1701424610044,150,6.7133
RUNEUSDT,BUY,LIMIT,1701424611589,298,6.7193
RUNEUSDT,BUY,LIMIT,1701424627110,135,6.7216
RUNEUSDT,BUY,LIMIT,1701424639368,54,6.7229
RUNEUSDT,BUY,LIMIT,1701424640533,132,6.7246
RUNEUSDT,BUY,LIMIT,1701424649370,8,6.7280
RUNEUSDT,BUY,LIMIT,1701424758838,126,6.7340
RUNEUSDT,BUY,LIMIT,1701424816487,33,6.7362
RUNEUSDT,BUY,LIMIT,1701424819241,1,6.7438
RUNEUSDT,BUY,LIMIT,1701424820352,542,6.7428
RUNEUSDT,BUY,LIMIT,1701424821727,500,6.7483
RUNEUSDT,BUY,LIMIT,1701424823018,38,6.7493
RUNEUSDT,BUY,LIMIT,1701424824547,872,6.7626
RUNEUSDT,BUY,LIMIT,1701424825670,3,6.7569
RUNEUSDT,BUY,LIMIT,1701424827153,14,6.7574
RUNEUSDT,BUY,LIMIT,1701424829118,166,6.7619
RUNEUSDT,BUY,LIMIT,1701424833101,30,6.7632
RUNEUSDT,BUY,LIMIT,1701424834700,81,6.7637
RUNEUSDT,BUY,LIMIT,1701424847321,1,6.7592
RUNEUSDT,BUY,LIMIT,1701424959668,7,6.7333
RUNEUSDT,SELL,LIMIT,1701425002181,132,6.5039
RUNEUSDT,SELL,LIMIT,1701425006719,61,6.4900
RUNEUSDT,SELL,LIMIT,1701425009442,416,6.4821
RUNEUSDT,SELL,LIMIT,1701425025391,26,6.4762
RUNEUSDT,BUY,LIMIT,1701425514997,392,6.6987
