Symbol,Side,Order Type,Time,Quantity,Price
RUNEUSDT,BUY,LIMIT,1701067040412,49,5.4852
RUNEUSDT,BUY,LIMIT,1701067079354,150,5.4887
RUNEUSDT,BUY,LIMIT,1701067085747,41,5.4903
RUNEUSDT,BUY,LIMIT,1701067115412,16,5.4935
RUNEUSDT,BUY,LIMIT,1701067525423,7,5.4962
RUNEUSDT,BUY,LIMIT,1701067531399,19,5.5004
RUNEUSDT,BUY,LIMIT,1701067533225,827,5.5038
RUNEUSDT,BUY,LIMIT,1701067538309,32,5.5072
RUNEUSDT,BUY,LIMIT,1701067751258,135,5.4941
RUNEUSDT,SELL,LIMIT,1701068037240,27,5.2996
RUNEUSDT,BUY,LIMIT,1701068946409,48,5.4768
RUNEUSDT,BUY,LIMIT,1701069053147,181,5.4940
RUNEUSDT,SELL,LIMIT,1701069639208,31,5.2964
RUNEUSDT,SELL,LIMIT,1701069734051,101,5.2959
RUNEUSDT,SELL,LIMIT,1701069832077,592,5.2747
RUNEUSDT,SELL,LIMIT,1701069856336,1,5.2715
RUNEUSDT,SELL,LIMIT,1701069878216,21,5.2651
RUNEUSDT,SELL,LIMIT,1701069882047,9,5.2550
RUNEUSDT,SELL,LIMIT,1701069884088,1,5.2518
RUNEUSDT,SELL,LIMIT,1701069885218,39,5.2509
RUNEUSDT,SELL,LIMIT,1701069887595,9,5.2483
RUNEUSDT,BUY,LIMIT,1701069892061,10,5.4099
RUNEUSDT,SELL,LIMIT,1701069898316,1,5.2468
RUNEUSDT,SELL,LIMIT,1701069912351,282,5.2387
RUNEUSDT,BUY,LIMIT,1701070679230,62,5.4396
RUNEUSDT,SELL,LIMIT,1701071523058,282,5.2802
RUNEUSDT,BUY,LIMIT,1701072649044,30,5.4828
RUNEUSDT,BUY,LIMIT,1701072678322,372,5.4923
RUNEUSDT,BUY,LIMIT,1701072684024,302,5.5023
RUNEUSDT,BUY,LIMIT,1701072802752,358,5.5192
RUNEUSDT,BUY,LIMIT,1701072805403,110,5.5236
RUNEUSDT,BUY,LIMIT,1701072844560,52,5.5300
RUNEUSDT,BUY,LIMIT,1701072976437,12,5.5426
RUNEUSDT,SELL,LIMIT,1701074856184,357,5.3177
RUNEUSDT,SELL,LIMIT,1701074882787,184,5.3136
RUNEUSDT,SELL,LIMIT,1701074961233,5,5.3041
RUNEUSDT,SELL,LIMIT,1701075018804,18,5.2942
RUNEUSDT,BUY,LIMIT,1701075738223,5,5.5277
RUNEUSDT,SELL,LIMIT,1701075987909,438,5.3369
RUNEUSDT,SELL,LIMIT,1701076662592,169,5.3288
RUNEUSDT,SELL,LIMIT,1701076689371,83,5.3223
RUNEUSDT,SELL,LIMIT,1701077399082,6,5.3551
RUNEUSDT,BUY,LIMIT,1701078715364,7,5.5260
RUNEUSDT,BUY,LIMIT,1701078785963,921,5.5309
RUNEUSDT,SELL,LIMIT,1701080618203,89,5.3230
RUNEUSDT,SELL,LIMIT,1701080645963,4,5.3199
RUNEUSDT,SELL,LIMIT,1701080648097,342,5.3167
RUNEUSDT,SELL,LIMIT,1701080853360,270,5.2968
RUNEUSDT,SELL,LIMIT,1701080858511,199,5.2943
RUNEUSDT,SELL,LIMIT,1701080955658,2,5.2797
RUNEUSDT,SELL,LIMIT,1701081036474,50,5.2548
RUNEUSDT,SELL,LIMIT,1701081078104,18,5.2495
RUNEUSDT,SELL,LIMIT,1701081132202,20,5.2494
RUNEUSDT,SELL,LIMIT,1701081134255,14,5.2465
RUNEUSDT,SELL,LIMIT,1701081139058,371,5.2456
RUNEUSDT,SELL,LIMIT,1701081166489,312,5.2606
RUNEUSDT,SELL,LIMIT,1701081183629,187,5.2396
RUNEUSDT,SELL,LIMIT,1701081204634,102,5.2375
RUNEUSDT,SELL,LIMIT,1701081256785,93,5.2447
RUNEUSDT,SELL,LIMIT,1701081427813,10,5.2400
RUNEUSDT,SELL,LIMIT,1701081451058,27,5.2300
RUNEUSDT,SELL,LIMIT,1701081488429,756,5.2260
RUNEUSDT,BUY,LIMIT,1701081499222,1,5.3895
RUNEUSDT,SELL,LIMIT,1701081580229,3,5.2304
RUNEUSDT,BUY,LIMIT,1701082038083,7,5.4193
RUNEUSDT,SELL,LIMIT,1701082676489,80,5.2569
RUNEUSDT,SELL,LIMIT,1701082678729,18,5.2608
RUNEUSDT,SELL,LIMIT,1701082684852,2,5.2511
RUNEUSDT,BUY,LIMIT,1701083872518,5,5.4594
RUNEUSDT,BUY,LIMIT,1701083988279,112,5.4764
RUNEUSDT,SELL,LIMIT,1701084931941,9,5.2717
RUNEUSDT,BUY,LIMIT,1701085053237,2,5.4782
RUNEUSDT,BUY,LIMIT,1701085871464,68,5.4850
RUNEUSDT,BUY,LIMIT,1701086110743,199,5.4976
RUNEUSDT,BUY,LIMIT,1701086570704,71,5.5029
RUNEUSDT,BUY,LIMIT,1701086851288,2,5.5183
RUNEUSDT,BUY,LIMIT,1701086969153,76,5.5226
RUNEUSDT,BUY,LIMIT,1701087033002,5,5.5293
RUNEUSDT,BUY,LIMIT,1701087254130,46,5.5375
RUNEUSDT,BUY,LIMIT,1701087348855,147,5.5434
RUNEUSDT,BUY,LIMIT,1701087428187,50,5.5568
RUNEUSDT,BUY,LIMIT,1701087430932,105,5.5624
RUNEUSDT,BUY,LIMIT,1701087516595,1,5.5741
RUNEUSDT,BUY,LIMIT,1701087546894,7,5.5780
RUNEUSDT,BUY,LIMIT,1701087551535,6,5.5813
RUNEUSDT,BUY,LIMIT,1701087554746,475,5.5825
RUNEUSDT,BUY,LIMIT,1701087577191,3,5.5865
RUNEUSDT,BUY,LIMIT,1701087578278,35,5.5885
RUNEUSDT,BUY,LIMIT,1701087580199,187,5.5906
RUNEUSDT,SELL,LIMIT,1701087704218,13,5.3882
RUNEUSDT,SELL,LIMIT,1701087706448,47,5.3841
RUNEUSDT,SELL,LIMIT,1701087980980,21,5.3539
RUNEUSDT,SELL,LIMIT,1701088059711,394,5.3449
RUNEUSDT,BUY,LIMIT,1701088326958,62,5.5415
RUNEUSDT,BUY,LIMIT,1701088443480,47,5.5398
RUNEUSDT,SELL,LIMIT,1701088690364,5,5.3429
RUNEUSDT,SELL,LIMIT,1701089994947,10,5.3361
RUNEUSDT,SELL,LIMIT,1701091158804,5,5.3277
RUNEUSDT,SELL,LIMIT,1701091162059,217,5.3263
RUNEUSDT,SELL,LIMIT,1701091163459,104,5.3201
RUNEUSDT,SELL,LIMIT,1701092006233,14,5.3144
RUNEUSDT,SELL,LIMIT,1701092007662,81,5.3130
RUNEUSDT,SELL,LIMIT,1701092405948,763,5.3028
RUNEUSDT,SELL,LIMIT,1701092591274,735,5.2936
RUNEUSDT,SELL,LIMIT,1701092595901,16,5.2848
RUNEUSDT,SELL,LIMIT,1701093108156,119,5.2586
RUNEUSDT,SELL,LIMIT,1701093116511,817,5.2516
RUNEUSDT,SELL,LIMIT,1701093117844,71,5.2496
RUNEUSDT,SELL,LIMIT,1701093119162,38,5.2441
RUNEUSDT,SELL,LIMIT,1701093137512,693,5.2284
RUNEUSDT,SELL,LIMIT,1701093138675,146,5.2250
RUNEUSDT,BUY,LIMIT,1701093497224,63,5.4216
RUNEUSDT,BUY,LIMIT,1701093648624,919,5.4224
RUNEUSDT,SELL,LIMIT,1701093660032,11,5.2664
RUNEUSDT,BUY,LIMIT,1701093794363,81,5.4452
RUNEUSDT,BUY,LIMIT,1701093826316,223,5.4573
RUNEUSDT,SELL,LIMIT,1701093977378,322,5.2683
RUNEUSDT,SELL,LIMIT,1701094436481,47,5.2404
RUNEUSDT,SELL,LIMIT,1701094479424,3,5.2381
RUNEUSDT,SELL,LIMIT,1701094493981,935,5.2338
RUNEUSDT,SELL,LIMIT,1701094567562,1,5.2250
RUNEUSDT,SELL,LIMIT,1701094571454,31,5.2229
RUNEUSDT,SELL,LIMIT,1701094660131,37,5.2222
RUNEUSDT,SELL,LIMIT,1701094682673,343,5.2207
RUNEUSDT,SELL,LIMIT,1701094685970,129,5.2199
RUNEUSDT,SELL,LIMIT,1701094694155,330,5.2147
RUNEUSDT,SELL,LIMIT,1701094696323,1,5.2122
RUNEUSDT,SELL,LIMIT,1701094699603,530,5.2073
RUNEUSDT,SELL,LIMIT,1701094703162,16,5.2013
RUNEUSDT,SELL,LIMIT,1701094710433,1,5.1942
RUNEUSDT,SELL,LIMIT,1701094881449,48,5.1887
RUNEUSDT,SELL,LIMIT,1701094923286,370,5.1871
RUNEUSDT,SELL,LIMIT,1701094934118,59,5.1840
RUNEUSDT,SELL,LIMIT,1701094954474,47,5.1777
RUNEUSDT,SELL,LIMIT,1701094957601,1,5.1775
RUNEUSDT,SELL,LIMIT,1701094958736,4,5.1758
RUNEUSDT,SELL,LIMIT,1701094964375,13,5.1729
RUNEUSDT,SELL,LIMIT,1701094966104,5,5.1686
RUNEUSDT,SELL,LIMIT,1701094967391,57,5.1724
RUNEUSDT,SELL,LIMIT,1701094980370,7,5.1664
RUNEUSDT,SELL,LIMIT,1701094986376,385,5.1654
RUNEUSDT,SELL,LIMIT,1701094987501,10,5.1626
RUNEUSDT,SELL,LIMIT,1701094992339,70,5.1609
RUNEUSDT,SELL,LIMIT,1701095006110,195,5.1594
RUNEUSDT,SELL,LIMIT,1701095007177,156,5.1596
RUNEUSDT,SELL,LIMIT,1701095024100,14,5.1582
RUNEUSDT,SELL,LIMIT,1701095025742,1,5.1581
RUNEUSDT,SELL,LIMIT,1701097011279,206,5.1715
RUNEUSDT,SELL,LIMIT,1701097044148,121,5.1749
RUNEUSDT,BUY,LIMIT,1701097394999,949,5.3712
RUNEUSDT,BUY,LIMIT,1701097403117,23,5.3735
RUNEUSDT,BUY,LIMIT,1701097715362,17,5.3896
RUNEUSDT,SELL,LIMIT,1701099222059,235,5.1987
RUNEUSDT,SELL,LIMIT,1701100158919,820,5.1901
RUNEUSDT,SELL,LIMIT,1701100563412,100,5.1768
RUNEUSDT,SELL,LIMIT,1701100568191,3,5.1810
RUNEUSDT,SELL,LIMIT,1701100577138,14,5.1712
RUNEUSDT,SELL,LIMIT,1701100641866,56,5.1624
RUNEUSDT,SELL,LIMIT,1701101007837,5,5.1821
RUNEUSDT,BUY,LIMIT,1701101074382,16,5.3508
RUNEUSDT,SELL,LIMIT,1701101102214,551,5.1940
RUNEUSDT,BUY,LIMIT,1701101956630,5,5.4231
RUNEUSDT,BUY,LIMIT,1701102492106,384,5.4291
RUNEUSDT,BUY,LIMIT,1701102642159,64,5.4385
RUNEUSDT,BUY,LIMIT,1701102646666,2,5.4424
RUNEUSDT,SELL,LIMIT,1701102955715,19,5.2416
RUNEUSDT,BUY,LIMIT,1701103547933,88,5.4353
RUNEUSDT,BUY,LIMIT,1701104139779,73,5.4413
RUNEUSDT,BUY,LIMIT,1701104159457,1,5.4499
RUNEUSDT,BUY,LIMIT,1701104185742,11,5.4595
RUNEUSDT,BUY,LIMIT,1701104329115,183,5.4681
RUNEUSDT,BUY,LIMIT,1701104406537,1,5.4826
RUNEUSDT,BUY,LIMIT,1701104467592,8,5.4914
RUNEUSDT,SELL,LIMIT,1701104503415,63,5.3683
RUNEUSDT,BUY,LIMIT,1701105162396,410,5.4967
RUNEUSDT,BUY,LIMIT,1701105257116,188,5.5098
RUNEUSDT,SELL,LIMIT,1701107451975,26,5.3068
RUNEUSDT,BUY,LIMIT,1701108221234,11,5.4729
RUNEUSDT,SELL,LIMIT,1701111072635,73,5.3015
RUNEUSDT,SELL,LIMIT,1701111127848,32,5.2909
RUNEUSDT,SELL,LIMIT,1701111220799,76,5.2822
RUNEUSDT,SELL,LIMIT,1701111450269,11,5.2672
RUNEUSDT,SELL,LIMIT,1701111456271,9,5.2642
RUNEUSDT,SELL,LIMIT,1701111572146,3,5.2606
RUNEUSDT,SELL,LIMIT,1701112142330,2,5.2482
RUNEUSDT,SELL,LIMIT,1701112789033,373,5.2395
RUNEUSDT,SELL,LIMIT,1701114107910,63,5.2249
RUNEUSDT,SELL,LIMIT,1701114119885,23,5.2235
RUNEUSDT,SELL,LIMIT,1701114140895,37,5.2190
RUNEUSDT,SELL,LIMIT,1701114148757,1,5.2165
RUNEUSDT,SELL,LIMIT,1701114162805,42,5.2148
RUNEUSDT,BUY,LIMIT,1701114163868,482,5.3669
RUNEUSDT,SELL,LIMIT,1701114165493,782,5.2056
RUNEUSDT,SELL,LIMIT,1701114237303,99,5.2106
RUNEUSDT,SELL,LIMIT,1701114261775,641,5.1982
RUNEUSDT,SELL,LIMIT,1701114274403,168,5.1959
RUNEUSDT,SELL,LIMIT,1701114344302,11,5.1961
RUNEUSDT,SELL,LIMIT,1701114463769,5,5.1852
RUNEUSDT,SELL,LIMIT,1701114473123,111,5.1832
RUNEUSDT,SELL,LIMIT,1701114477063,21,5.1823
RUNEUSDT,SELL,LIMIT,1701114478227,543,5.1824
RUNEUSDT,SELL,LIMIT,1701114494691,772,5.1786
RUNEUSDT,SELL,LIMIT,1701114498880,63,5.1748
RUNEUSDT,SELL,LIMIT,1701115603995,12,5.1684
RUNEUSDT,SELL,LIMIT,1701116600211,3,5.1614
RUNEUSDT,SELL,LIMIT,1701116769285,735,5.1535
RUNEUSDT,SELL,LIMIT,1701116797980,122,5.1530
RUNEUSDT,SELL,LIMIT,1701116803397,1,5.1523
RUNEUSDT,SELL,LIMIT,1701116829835,416,5.1501
RUNEUSDT,SELL,LIMIT,1701116831550,86,5.1492
RUNEUSDT,SELL,LIMIT,1701116840902,49,5.1463
RUNEUSDT,SELL,LIMIT,1701116867613,424,5.1423
RUNEUSDT,SELL,LIMIT,1701116879663,111,5.1334
RUNEUSDT,SELL,LIMIT,1701116886421,71,5.1288
RUNEUSDT,SELL,LIMIT,1701116890632,359,5.1256
RUNEUSDT,SELL,LIMIT,1701116892204,39,5.1250
RUNEUSDT,SELL,LIMIT,1701116894390,97,5.1246
RUNEUSDT,SELL,LIMIT,1701116898060,1161,5.1126
RUNEUSDT,SELL,LIMIT,1701116899611,906,5.1205
RUNEUSDT,SELL,LIMIT,1701116902217,68,5.1192
RUNEUSDT,SELL,LIMIT,1701116903404,12,5.1157
RUNEUSDT,SELL,LIMIT,1701116905618,90,5.1137
RUNEUSDT,SELL,LIMIT,1701116910309,7,5.1109
RUNEUSDT,SELL,LIMIT,1701117024303,13,5.1052
RUNEUSDT,SELL,LIMIT,1701117025995,539,5.1046
RUNEUSDT,SELL,LIMIT,1701117029077,151,5.1004
RUNEUSDT,SELL,LIMIT,1701117030080,4,5.0974
RUNEUSDT,SELL,LIMIT,1701117031177,100,5.0955
RUNEUSDT,BUY,LIMIT,1701117217394,34,5.2488
RUNEUSDT,SELL,LIMIT,1701118766085,95,5.1548
RUNEUSDT,BUY,LIMIT,1701120865941,6,5.3533
RUNEUSDT,BUY,LIMIT,1701120878791,949,5.3536
RUNEUSDT,BUY,LIMIT,1701121007782,35,5.3680
RUNEUSDT,BUY,LIMIT,1701121897481,3,5.3764
RUNEUSDT,BUY,LIMIT,1701122230406,12,5.3517
RUNEUSDT,BUY,LIMIT,1701126094044,4,5.3742
RUNEUSDT,BUY,LIMIT,1701126147768,85,5.3788
RUNEUSDT,BUY,LIMIT,1701126638110,48,5.4258
RUNEUSDT,BUY,LIMIT,1701126643918,12,5.4330
RUNEUSDT,BUY,LIMIT,1701126693248,20,5.4369
RUNEUSDT,BUY,LIMIT,1701126761575,13,5.4538
RUNEUSDT,BUY,LIMIT,1701126784288,178,5.4580
RUNEUSDT,BUY,LIMIT,1701126812101,168,5.4655
RUNEUSDT,BUY,LIMIT,1701126813822,2,5.4666
RUNEUSDT,BUY,LIMIT,1701126880223,27,5.4730
RUNEUSDT,BUY,LIMIT,1701126900198,113,5.4787
RUNEUSDT,BUY,LIMIT,1701126903340,14,5.4792
RUNEUSDT,BUY,LIMIT,1701126919051,9,5.4883
RUNEUSDT,BUY,LIMIT,1701126925262,36,5.4917
RUNEUSDT,BUY,LIMIT,1701126927920,6,5.4954
RUNEUSDT,BUY,LIMIT,1701126974414,456,5.5002
RUNEUSDT,BUY,LIMIT,1701126981089,464,5.5065
RUNEUSDT,BUY,LIMIT,1701126991511,6,5.5085
RUNEUSDT,BUY,LIMIT,1701126992583,29,5.5102
RUNEUSDT,BUY,LIMIT,1701127008611,11,5.5156
RUNEUSDT,BUY,LIMIT,1701127051462,65,5.5265
RUNEUSDT,BUY,LIMIT,1701127151040,383,5.5299
RUNEUSDT,BUY,LIMIT,1701127209658,38,5.5370
RUNEUSDT,BUY,LIMIT,1701127216894,119,5.5404
RUNEUSDT,BUY,LIMIT,1701127222498,23,5.5422
RUNEUSDT,BUY,LIMIT,1701127236358,259,5.5450
RUNEUSDT,BUY,LIMIT,1701127239175,12,5.5463
RUNEUSDT,BUY,LIMIT,1701127293448,62,5.5549
RUNEUSDT,BUY,LIMIT,1701127344403,1,5.5618
RUNEUSDT,BUY,LIMIT,1701127357813,1,5.5678
RUNEUSDT,BUY,LIMIT,1701127479823,596,5.5623
RUNEUSDT,BUY,LIMIT,1701127503592,3,5.5725
RUNEUSDT,BUY,LIMIT,1701127505296,7,5.5762
RUNEUSDT,BUY,LIMIT,1701127563528,49,5.5854
RUNEUSDT,BUY,LIMIT,1701127575166,26,5.5868
RUNEUSDT,SELL,LIMIT,1701128193428,24,5.3854
RUNEUSDT,SELL,LIMIT,1701128757672,46,5.3774
RUNEUSDT,SELL,LIMIT,1701128986662,23,5.3689
RUNEUSDT,SELL,LIMIT,1701129017198,82,5.3638
RUNEUSDT,BUY,LIMIT,1701129764428,23,5.5537
RUNEUSDT,BUY,LIMIT,1701130725475,50,5.5633
RUNEUSDT,BUY,LIMIT,1701130898142,4,5.5766
RUNEUSDT,BUY,LIMIT,1701130942218,17,5.5825
RUNEUSDT,BUY,LIMIT,1701130969852,32,5.5887
RUNEUSDT,BUY,LIMIT,1701131091056,373,5.5925
RUNEUSDT,BUY,LIMIT,1701131094666,1,5.5945
RUNEUSDT,BUY,LIMIT,1701131528474,50,5.5959
RUNEUSDT,BUY,LIMIT,1701131531907,14,5.5966
RUNEUSDT,BUY,LIMIT,1701131537000,259,5.5974
RUNEUSDT,BUY,LIMIT,1701131558150,12,5.6041
RUNEUSDT,BUY,LIMIT,1701131559269,2,5.6057
RUNEUSDT,BUY,LIMIT,1701131588281,71,5.6100
RUNEUSDT,BUY,LIMIT,1701131599714,8,5.6109
RUNEUSDT,BUY,LIMIT,1701131620909,77,5.6125
RUNEUSDT,BUY,LIMIT,1701131644177,118,5.6194
RUNEUSDT,BUY,LIMIT,1701131645189,9,5.6165
RUNEUSDT,BUY,LIMIT,1701131690068,72,5.6234
RUNEUSDT,BUY,LIMIT,1701131697231,189,5.6269
RUNEUSDT,BUY,LIMIT,1701131698361,106,5.6317
RUNEUSDT,BUY,LIMIT,1701132473176,72,5.6416
RUNEUSDT,BUY,LIMIT,1701132620220,5,5.6443
RUNEUSDT,BUY,LIMIT,1701132751288,57,5.6541
RUNEUSDT,BUY,LIMIT,1701132753267,3,5.6548
RUNEUSDT,BUY,LIMIT,1701132755382,26,5.6567
RUNEUSDT,BUY,LIMIT,1701132832048,58,5.6653
RUNEUSDT,BUY,LIMIT,1701132860666,217,5.6664
RUNEUSDT,BUY,LIMIT,1701132890133,45,5.6696
RUNEUSDT,BUY,LIMIT,1701132896338,4540,5.7204
RUNEUSDT,BUY,LIMIT,1701132898087,9,5.6779
RUNEUSDT,BUY,LIMIT,1701132899875,250,5.6836
RUNEUSDT,BUY,LIMIT,1701132912178,42,5.6859
RUNEUSDT,BUY,LIMIT,1701132913407,89,5.6877
RUNEUSDT,BUY,LIMIT,1701132924366,27,5.6908
RUNEUSDT,BUY,LIMIT,1701132928738,650,5.6919
RUNEUSDT,BUY,LIMIT,1701132942132,87,5.6964
RUNEUSDT,BUY,LIMIT,1701132953070,27,5.6984
RUNEUSDT,BUY,LIMIT,1701132954090,26,5.6991
RUNEUSDT,BUY,LIMIT,1701132966362,2959,5.7389
RUNEUSDT,BUY,LIMIT,1701132967665,6,5.7029
RUNEUSDT,BUY,LIMIT,1701133239062,1,5.7030
RUNEUSDT,BUY,LIMIT,1701134508213,6,5.6955
RUNEUSDT,SELL,LIMIT,1701134797192,37,5.4832
RUNEUSDT,SELL,LIMIT,1701134798344,422,5.4775
RUNEUSDT,SELL,LIMIT,1701134811096,3,5.4582
RUNEUSDT,BUY,LIMIT,1701135396179,10,5.6520
RUNEUSDT,SELL,LIMIT,1701137034357,45,5.4855
RUNEUSDT,SELL,LIMIT,1701137326838,1015,5.4802
RUNEUSDT,SELL,LIMIT,1701137430934,63,5.4724
RUNEUSDT,SELL,LIMIT,1701137433252,9,5.4701
RUNEUSDT,SELL,LIMIT,1701137434365,57,5.4705
RUNEUSDT,SELL,LIMIT,1701137437523,38,5.4629
RUNEUSDT,BUY,LIMIT,1701138442127,13,5.6694
RUNEUSDT,BUY,LIMIT,1701138490509,224,5.6724
RUNEUSDT,BUY,LIMIT,1701138492674,1,5.6823
RUNEUSDT,BUY,LIMIT,1701138502950,115,5.6977
RUNEUSDT,SELL,LIMIT,1701138756466,89,5.4946
RUNEUSDT,SELL,LIMIT,1701140641715,45,5.4789
RUNEUSDT,SELL,LIMIT,1701140770546,2,5.4704
RUNEUSDT,SELL,LIMIT,1701141431201,5,5.4631
RUNEUSDT,BUY,LIMIT,1701144619217,410,5.6534
RUNEUSDT,BUY,LIMIT,1701144624083,155,5.6544
RUNEUSDT,BUY,LIMIT,1701144925269,13,5.6731
RUNEUSDT,BUY,LIMIT,1701144931594,268,5.6758
RUNEUSDT,SELL,LIMIT,1701145787098,11,5.4536
RUNEUSDT,SELL,LIMIT,1701145959686,25,5.4422
RUNEUSDT,SELL,LIMIT,1701146012354,37,5.4279
RUNEUSDT,SELL,LIMIT,1701146014632,131,5.4189
RUNEUSDT,SELL,LIMIT,1701146019289,105,5.4089
RUNEUSDT,SELL,LIMIT,1701146035151,5,5.4011
RUNEUSDT,SELL,LIMIT,1701146058326,35,5.3878
RUNEUSDT,SELL,LIMIT,1701146231857,42,5.3727
RUNEUSDT,SELL,LIMIT,1701146238495,1,5.3661
RUNEUSDT,SELL,LIMIT,1701146242365,9,5.3621
RUNEUSDT,SELL,LIMIT,1701146692030,2,5.3342
RUNEUSDT,SELL,LIMIT,1701146794200,31,5.3234
RUNEUSDT,SELL,LIMIT,1701146838986,32,5.3197
RUNEUSDT,SELL,LIMIT,1701146842382,41,5.3185
RUNEUSDT,SELL,LIMIT,1701146886729,63,5.3175
RUNEUSDT,SELL,LIMIT,1701146891245,3852,5.2704
RUNEUSDT,SELL,LIMIT,1701146893237,975,5.3053
RUNEUSDT,SELL,LIMIT,1701146896665,23,5.3044
RUNEUSDT,SELL,LIMIT,1701146898494,23,5.3007
RUNEUSDT,SELL,LIMIT,1701146906695,75,5.2924
RUNEUSDT,SELL,LIMIT,1701146929443,34,5.2905
RUNEUSDT,SELL,LIMIT,1701146936664,102,5.2844
RUNEUSDT,SELL,LIMIT,1701146941335,166,5.2808
RUNEUSDT,SELL,LIMIT,1701146955417,1,5.2754
RUNEUSDT,SELL,LIMIT,1701146957361,6,5.2710
RUNEUSDT,SELL,LIMIT,1701146965605,2694,5.2336
RUNEUSDT,SELL,LIMIT,1701147073621,32,5.2642
RUNEUSDT,SELL,LIMIT,1701147075640,78,5.2637
RUNEUSDT,BUY,LIMIT,1701147572228,96,5.4672
RUNEUSDT,SELL,LIMIT,1701147875355,1,5.3051
RUNEUSDT,SELL,LIMIT,1701147925492,1,5.2853
RUNEUSDT,SELL,LIMIT,1701148264915,142,5.2654
RUNEUSDT,SELL,LIMIT,1701149001422,43,5.2709
RUNEUSDT,SELL,LIMIT,1701149063547,11,5.2572
RUNEUSDT,SELL,LIMIT,1701149064780,950,5.2541
RUNEUSDT,SELL,LIMIT,1701149068653,82,5.2511
RUNEUSDT,SELL,LIMIT,1701149070624,15,5.2476
RUNEUSDT,SELL,LIMIT,1701149094356,886,5.2436
RUNEUSDT,SELL,LIMIT,1701149111719,78,5.2434
RUNEUSDT,SELL,LIMIT,1701149783736,62,5.2612
RUNEUSDT,SELL,LIMIT,1701149845729,1000,5.2299
RUNEUSDT,SELL,LIMIT,1701149849111,1,5.2314
RUNEUSDT,SELL,LIMIT,1701149853074,401,5.2252
RUNEUSDT,SELL,LIMIT,1701149854315,32,5.2240
RUNEUSDT,SELL,LIMIT,1701149875103,13,5.2163
RUNEUSDT,SELL,LIMIT,1701149882740,6,5.2110
RUNEUSDT,SELL,LIMIT,1701149890109,55,5.2089
RUNEUSDT,SELL,LIMIT,1701149895488,56,5.2059
RUNEUSDT,SELL,LIMIT,1701151226281,185,5.2050
RUNEUSDT,SELL,LIMIT,1701151231689,36,5.1998
RUNEUSDT,SELL,LIMIT,1701151263535,56,5.1995
RUNEUSDT,SELL,LIMIT,1701151265810,180,5.1984
RUNEUSDT,BUY,LIMIT,1701151700952,316,5.3880
RUNEUSDT,BUY,LIMIT,1701152105011,159,5.4155
RUNEUSDT,SELL,LIMIT,1701153652332,71,5.2487
RUNEUSDT,SELL,LIMIT,1701155300367,7,5.2436
RUNEUSDT,SELL,LIMIT,1701155499214,48,5.2342
RUNEUSDT,BUY,LIMIT,1701157952094,753,5.4498
RUNEUSDT,BUY,LIMIT,1701158029303,33,5.4610
RUNEUSDT,BUY,LIMIT,1701158037209,154,5.4634
RUNEUSDT,BUY,LIMIT,1701162991580,4,5.4420
RUNEUSDT,BUY,LIMIT,1701164231228,29,5.4824
RUNEUSDT,BUY,LIMIT,1701164520645,157,5.5095
RUNEUSDT,BUY,LIMIT,1701164525607,272,5.5185
RUNEUSDT,BUY,LIMIT,1701164530746,184,5.5238
RUNEUSDT,BUY,LIMIT,1701164657869,1,5.5324
RUNEUSDT,BUY,LIMIT,1701164719094,375,5.5510
RUNEUSDT,BUY,LIMIT,1701164783059,27,5.5650
RUNEUSDT,BUY,LIMIT,1701164869797,213,5.5690
RUNEUSDT,BUY,LIMIT,1701165019107,14,5.5816
RUNEUSDT,BUY,LIMIT,1701165065571,299,5.5872
RUNEUSDT,BUY,LIMIT,1701165070205,104,5.5906
RUNEUSDT,SELL,LIMIT,1701165789460,20,5.3948
RUNEUSDT,SELL,LIMIT,1701168270537,723,5.3665
RUNEUSDT,BUY,LIMIT,1701170345424,28,5.5576
RUNEUSDT,BUY,LIMIT,1701170731377,8,5.5730
RUNEUSDT,BUY,LIMIT,1701172176235,6,5.5834
RUNEUSDT,BUY,LIMIT,1701172413482,45,5.5984
RUNEUSDT,BUY,LIMIT,1701172536196,4,5.6053
RUNEUSDT,BUY,LIMIT,1701172700050,204,5.6092
RUNEUSDT,SELL,LIMIT,1701173099113,453,5.4378
RUNEUSDT,BUY,LIMIT,1701174507210,308,5.6323
RUNEUSDT,BUY,LIMIT,1701174508306,99,5.6238
RUNEUSDT,BUY,LIMIT,1701174884158,2,5.6377
RUNEUSDT,BUY,LIMIT,1701174895534,18,5.6466
RUNEUSDT,BUY,LIMIT,1701176262163,899,5.6678
RUNEUSDT,BUY,LIMIT,1701176416251,82,5.6713
RUNEUSDT,BUY,LIMIT,1701176421578,3,5.6763
RUNEUSDT,SELL,LIMIT,1701176781885,437,5.4835
RUNEUSDT,SELL,LIMIT,1701176828079,4,5.4795
RUNEUSDT,SELL,LIMIT,1701176858166,126,5.4761
RUNEUSDT,SELL,LIMIT,1701176926484,11,5.4706
RUNEUSDT,SELL,LIMIT,1701176928438,197,5.4703
RUNEUSDT,BUY,LIMIT,1701178516183,454,5.6853
RUNEUSDT,BUY,LIMIT,1701178517245,102,5.6870
RUNEUSDT,BUY,LIMIT,1701178520103,100,5.6904
RUNEUSDT,BUY,LIMIT,1701178606111,224,5.6944
RUNEUSDT,BUY,LIMIT,1701178609996,314,5.6966
RUNEUSDT,BUY,LIMIT,1701178611925,471,5.7050
RUNEUSDT,BUY,LIMIT,1701178771624,43,5.7058
RUNEUSDT,BUY,LIMIT,1701178783063,64,5.7108
RUNEUSDT,BUY,LIMIT,1701178784265,462,5.7230
RUNEUSDT,BUY,LIMIT,1701178785475,149,5.7275
RUNEUSDT,BUY,LIMIT,1701178786535,57,5.7314
RUNEUSDT,BUY,LIMIT,1701178790151,7,5.7369
RUNEUSDT,BUY,LIMIT,1701178791281,61,5.7352
RUNEUSDT,BUY,LIMIT,1701178794405,182,5.7407
RUNEUSDT,BUY,LIMIT,1701178835328,6,5.7447
RUNEUSDT,BUY,LIMIT,1701178837206,3,5.7502
RUNEUSDT,BUY,LIMIT,1701178848467,2,5.7570
RUNEUSDT,BUY,LIMIT,1701178849664,8,5.7618
RUNEUSDT,BUY,LIMIT,1701178854492,36,5.7669
RUNEUSDT,BUY,LIMIT,1701178856051,48,5.7688
RUNEUSDT,BUY,LIMIT,1701179530644,111,5.7662
RUNEUSDT,BUY,LIMIT,1701179620157,9,5.7738
RUNEUSDT,BUY,LIMIT,1701179626591,166,5.7765
