Symbol,Side,Order Type,Time,Quantity,Price
RVNUSDT,SELL,LIMIT,1700988998943,45097,0.01768
RVNUSDT,SELL,LIMIT,1701006134221,11842,0.01772
RVNUSDT,SELL,LIMIT,1701006202463,170266,0.01770
RVNUSDT,SELL,LIMIT,1701008376410,2309,0.01772
RVNUSDT,SELL,LIMIT,1701009210453,485,0.01758
RVNUSDT,SELL,LIMIT,1701013513074,2634,0.01757
RVNUSDT,SELL,LIMIT,1701013515034,350,0.01756
RVNUSDT,SELL,LIMIT,1701013722620,46860,0.01751
RVNUSDT,SELL,LIMIT,1701015686365,28774,0.01741
RVNUSDT,SELL,LIMIT,1701015688135,11365,0.01740
RVNUSDT,SELL,LIMIT,1701015745245,277676,0.01737
RVNUSDT,SELL,LIMIT,1701015841852,2757,0.01734
RVNUSDT,SELL,LIMIT,1701016014859,10035,0.01761
RVNUSDT,SELL,LIMIT,1701016032609,287,0.01726
RVNUSDT,SELL,LIMIT,1701016033895,4075,0.01728
RVNUSDT,SELL,LIMIT,1701016042305,63037,0.01726
RVNUSDT,SELL,LIMIT,1701016044579,10359,0.01724
RVNUSDT,SELL,LIMIT,1701016050135,137741,0.01722
RVNUSDT,SELL,LIMIT,1701016100061,2445,0.01718
RVNUSDT,SELL,LIMIT,1701016103424,283,0.01717
RVNUSDT,BUY,LIMIT,1701018473040,10348,0.01793
RVNUSDT,BUY,LIMIT,1701022329131,2145,0.01815
RVNUSDT,BUY,LIMIT,1701031763151,44817,0.01829
RVNUSDT,BUY,LIMIT,1701044440474,672,0.01830
RVNUSDT,BUY,LIMIT,1701046204044,1627,0.01834
RVNUSDT,BUY,LIMIT,1701046205328,1222,0.01888
RVNUSDT,BUY,LIMIT,1701046207369,61019,0.01927
RVNUSDT,BUY,LIMIT,1701046215478,562,0.01958
RVNUSDT,BUY,LIMIT,1701046402137,262329,0.01942
RVNUSDT,BUY,LIMIT,1701046486843,260960,0.01954
RVNUSDT,BUY,LIMIT,1701046568654,259470,0.01964
RVNUSDT,SELL,LIMIT,1701046611564,257603,0.01902
RVNUSDT,BUY,LIMIT,1701046759924,2783,0.01974
RVNUSDT,BUY,LIMIT,1701046769896,327,0.01978
RVNUSDT,BUY,LIMIT,1701046878550,6605,0.01986
RVNUSDT,BUY,LIMIT,1701046889501,17290,0.01989
RVNUSDT,BUY,LIMIT,1701046890570,11277,0.01992
RVNUSDT,BUY,LIMIT,1701046903420,772,0.01999
RVNUSDT,SELL,LIMIT,1701047238175,100654,0.01911
RVNUSDT,SELL,LIMIT,1701047256076,34541,0.01903
RVNUSDT,BUY,LIMIT,1701047305800,862,0.01968
RVNUSDT,BUY,LIMIT,1701047476684,16818,0.01960
RVNUSDT,BUY,LIMIT,1701047488242,264,0.01965
RVNUSDT,BUY,LIMIT,1701047526719,8767,0.01970
RVNUSDT,BUY,LIMIT,1701047539304,7057,0.01982
RVNUSDT,SELL,LIMIT,1701047735648,8611,0.01929
RVNUSDT,SELL,LIMIT,1701047876463,25627,0.01912
RVNUSDT,SELL,LIMIT,1701048071157,8434,0.01901
RVNUSDT,SELL,LIMIT,1701048298468,12313,0.01898
RVNUSDT,BUY,LIMIT,1701048422224,25196,0.01969
RVNUSDT,BUY,LIMIT,1701048909873,480,0.01999
RVNUSDT,BUY,LIMIT,1701048944575,63877,0.02000
RVNUSDT,SELL,LIMIT,1701049122442,10178,0.01928
RVNUSDT,BUY,LIMIT,1701049274493,31547,0.01994
RVNUSDT,BUY,LIMIT,1701049332950,1347,0.02006
RVNUSDT,BUY,LIMIT,1701049340402,1291,0.02008
RVNUSDT,BUY,LIMIT,1701049369134,3226,0.02016
RVNUSDT,BUY,LIMIT,1701049371901,854,0.02019
RVNUSDT,SELL,LIMIT,1701049386856,116793,0.01946
RVNUSDT,SELL,LIMIT,1701049401329,13860,0.01940
RVNUSDT,BUY,LIMIT,1701049763344,3790,0.02023
RVNUSDT,BUY,LIMIT,1701049767437,407,0.02025
RVNUSDT,BUY,LIMIT,1701049778341,1733,0.02028
RVNUSDT,BUY,LIMIT,1701049779473,481,0.02031
RVNUSDT,BUY,LIMIT,1701049824394,91565,0.02035
RVNUSDT,BUY,LIMIT,1701049847341,912,0.02039
RVNUSDT,BUY,LIMIT,1701049848912,1520,0.02041
RVNUSDT,BUY,LIMIT,1701049849983,8874,0.02045
RVNUSDT,BUY,LIMIT,1701049851736,12471,0.02050
RVNUSDT,BUY,LIMIT,1701049853056,123837,0.02051
RVNUSDT,BUY,LIMIT,1701049854229,2298,0.02053
RVNUSDT,BUY,LIMIT,1701049859079,256278,0.02059
RVNUSDT,BUY,LIMIT,1701049860199,10872,0.02063
RVNUSDT,BUY,LIMIT,1701049871492,10015,0.02067
RVNUSDT,BUY,LIMIT,1701049909184,102803,0.02072
RVNUSDT,BUY,LIMIT,1701049919495,3419,0.02078
RVNUSDT,SELL,LIMIT,1701049943183,25887,0.02005
RVNUSDT,SELL,LIMIT,1701049966084,6281,0.01998
RVNUSDT,SELL,LIMIT,1701049967990,944,0.01993
RVNUSDT,BUY,LIMIT,1701049997652,3718,0.02066
RVNUSDT,BUY,LIMIT,1701050013602,27536,0.02071
RVNUSDT,SELL,LIMIT,1701050032060,545,0.01999
RVNUSDT,SELL,LIMIT,1701050421132,113566,0.01966
RVNUSDT,BUY,LIMIT,1701050629872,34074,0.02041
RVNUSDT,SELL,LIMIT,1701050699942,113385,0.01964
RVNUSDT,SELL,LIMIT,1701050708079,579,0.01958
RVNUSDT,SELL,LIMIT,1701050789631,2936,0.01954
RVNUSDT,BUY,LIMIT,1701050877077,857,0.02020
RVNUSDT,BUY,LIMIT,1701051173621,1555,0.02051
RVNUSDT,BUY,LIMIT,1701051174733,13157,0.02069
RVNUSDT,SELL,LIMIT,1701051264528,14805,0.02005
RVNUSDT,SELL,LIMIT,1701051310544,10849,0.02003
RVNUSDT,SELL,LIMIT,1701051311927,1180,0.02000
RVNUSDT,SELL,LIMIT,1701051401101,4144,0.01994
RVNUSDT,BUY,LIMIT,1701051588498,963,0.02084
RVNUSDT,BUY,LIMIT,1701051589912,2681,0.02085
RVNUSDT,BUY,LIMIT,1701051595284,216947,0.02090
RVNUSDT,BUY,LIMIT,1701051596330,3732,0.02091
RVNUSDT,BUY,LIMIT,1701051599382,763,0.02095
RVNUSDT,BUY,LIMIT,1701051603387,8883,0.02098
RVNUSDT,BUY,LIMIT,1701051610844,761,0.02099
RVNUSDT,BUY,LIMIT,1701051618966,523,0.02100
RVNUSDT,BUY,LIMIT,1701051634950,1566,0.02110
RVNUSDT,BUY,LIMIT,1701051638113,172679,0.02112
RVNUSDT,BUY,LIMIT,1701051639178,336,0.02113
RVNUSDT,BUY,LIMIT,1701051640631,103543,0.02122
RVNUSDT,BUY,LIMIT,1701051645107,3706,0.02129
RVNUSDT,BUY,LIMIT,1701051646437,1308,0.02129
RVNUSDT,BUY,LIMIT,1701051647668,1929,0.02133
RVNUSDT,BUY,LIMIT,1701051649132,300,0.02134
RVNUSDT,BUY,LIMIT,1701051657383,20000,0.02139
RVNUSDT,BUY,LIMIT,1701051658386,104302,0.02154
RVNUSDT,BUY,LIMIT,1701051660297,1743,0.02155
RVNUSDT,BUY,LIMIT,1701051671866,5608,0.02158
RVNUSDT,BUY,LIMIT,1701051676876,9826,0.02163
RVNUSDT,BUY,LIMIT,1701051678301,6906,0.02165
RVNUSDT,BUY,LIMIT,1701051679862,101622,0.02175
RVNUSDT,BUY,LIMIT,1701051681683,25641,0.02183
RVNUSDT,BUY,LIMIT,1701051685083,574,0.02186
RVNUSDT,BUY,LIMIT,1701051686198,5080,0.02194
RVNUSDT,BUY,LIMIT,1701051688684,5927,0.02196
RVNUSDT,BUY,LIMIT,1701051693179,13327,0.02200
RVNUSDT,BUY,LIMIT,1701051695386,5291,0.02204
RVNUSDT,BUY,LIMIT,1701051700264,120235,0.02206
RVNUSDT,SELL,LIMIT,1701051735144,2770,0.02119
RVNUSDT,SELL,LIMIT,1701051761462,3612,0.02112
RVNUSDT,SELL,LIMIT,1701051788484,315,0.02104
RVNUSDT,BUY,LIMIT,1701051869260,751,0.02171
RVNUSDT,SELL,LIMIT,1701051911298,6569,0.02090
RVNUSDT,SELL,LIMIT,1701051913153,5120,0.02087
RVNUSDT,SELL,LIMIT,1701051915070,32352,0.02085
RVNUSDT,SELL,LIMIT,1701051916926,84390,0.02081
RVNUSDT,SELL,LIMIT,1701051919212,1222,0.02080
RVNUSDT,BUY,LIMIT,1701051962048,9224,0.02155
RVNUSDT,BUY,LIMIT,1701051999743,2980,0.02155
RVNUSDT,BUY,LIMIT,1701052006041,943,0.02160
RVNUSDT,SELL,LIMIT,1701052011288,2425,0.02092
RVNUSDT,SELL,LIMIT,1701052026198,367,0.02079
RVNUSDT,SELL,LIMIT,1701052028136,457,0.02073
RVNUSDT,SELL,LIMIT,1701052045206,11435,0.02068
RVNUSDT,SELL,LIMIT,1701052322903,284,0.02063
RVNUSDT,SELL,LIMIT,1701052335294,19703,0.02060
RVNUSDT,BUY,LIMIT,1701052440467,31055,0.02145
RVNUSDT,BUY,LIMIT,1701052444394,4374,0.02152
RVNUSDT,SELL,LIMIT,1701052600696,1413,0.02081
RVNUSDT,BUY,LIMIT,1701052661324,11876,0.02151
RVNUSDT,SELL,LIMIT,1701052827220,51525,0.02078
RVNUSDT,SELL,LIMIT,1701053033097,237529,0.02065
RVNUSDT,SELL,LIMIT,1701053089222,803,0.02060
RVNUSDT,SELL,LIMIT,1701053090441,84652,0.02060
RVNUSDT,SELL,LIMIT,1701053110828,2199,0.02055
RVNUSDT,SELL,LIMIT,1701053113600,1871,0.02053
RVNUSDT,SELL,LIMIT,1701053115348,94562,0.02050
RVNUSDT,SELL,LIMIT,1701053116466,5905,0.02047
RVNUSDT,SELL,LIMIT,1701053539545,13621,0.02056
RVNUSDT,SELL,LIMIT,1701053698150,1183,0.02048
RVNUSDT,BUY,LIMIT,1701054084842,1317,0.02114
RVNUSDT,BUY,LIMIT,1701054087114,241210,0.02116
RVNUSDT,BUY,LIMIT,1701054088147,36707,0.02115
RVNUSDT,SELL,LIMIT,1701054297424,70421,0.02033
RVNUSDT,SELL,LIMIT,1701054301584,1863,0.02031
RVNUSDT,SELL,LIMIT,1701054352607,1640,0.02026
RVNUSDT,SELL,LIMIT,1701054357095,1217,0.02023
RVNUSDT,SELL,LIMIT,1701054358590,2617,0.02022
RVNUSDT,SELL,LIMIT,1701054581770,243,0.02016
RVNUSDT,SELL,LIMIT,1701054634229,6580,0.02013
RVNUSDT,SELL,LIMIT,1701054691745,17503,0.02008
RVNUSDT,BUY,LIMIT,1701054735996,9393,0.02072
RVNUSDT,BUY,LIMIT,1701054739171,154796,0.02075
RVNUSDT,SELL,LIMIT,1701055001819,6990,0.02019
RVNUSDT,BUY,LIMIT,1701055093242,66976,0.02087
RVNUSDT,BUY,LIMIT,1701055125697,37277,0.02094
RVNUSDT,BUY,LIMIT,1701055128162,13530,0.02097
RVNUSDT,BUY,LIMIT,1701055224027,29936,0.02101
RVNUSDT,BUY,LIMIT,1701055227328,14443,0.02105
RVNUSDT,BUY,LIMIT,1701055237469,11197,0.02107
RVNUSDT,BUY,LIMIT,1701055252373,11484,0.02110
RVNUSDT,BUY,LIMIT,1701055254747,38982,0.02110
RVNUSDT,BUY,LIMIT,1701055400524,74911,0.02116
RVNUSDT,SELL,LIMIT,1701055460776,3781,0.02034
RVNUSDT,BUY,LIMIT,1701055560190,181071,0.02121
RVNUSDT,BUY,LIMIT,1701055665027,7336,0.02125
RVNUSDT,BUY,LIMIT,1701055748064,17622,0.02130
RVNUSDT,BUY,LIMIT,1701055749253,18174,0.02134
RVNUSDT,BUY,LIMIT,1701055751053,24859,0.02140
RVNUSDT,BUY,LIMIT,1701055753271,9049,0.02143
RVNUSDT,SELL,LIMIT,1701055811102,35621,0.02068
RVNUSDT,SELL,LIMIT,1701055812269,16538,0.02063
RVNUSDT,SELL,LIMIT,1701055871907,764,0.02050
RVNUSDT,SELL,LIMIT,1701055990130,3622,0.02044
RVNUSDT,SELL,LIMIT,1701055995466,1230,0.02042
RVNUSDT,SELL,LIMIT,1701056000312,261,0.02040
RVNUSDT,SELL,LIMIT,1701056001580,4226,0.02038
RVNUSDT,SELL,LIMIT,1701056007663,13394,0.02037
RVNUSDT,SELL,LIMIT,1701056146059,5551,0.02025
RVNUSDT,SELL,LIMIT,1701056148611,29517,0.02019
RVNUSDT,BUY,LIMIT,1701056173463,4540,0.02097
RVNUSDT,BUY,LIMIT,1701056178291,57213,0.02100
RVNUSDT,BUY,LIMIT,1701056293146,241545,0.02121
RVNUSDT,BUY,LIMIT,1701056294490,900,0.02121
RVNUSDT,BUY,LIMIT,1701056444625,50343,0.02131
RVNUSDT,BUY,LIMIT,1701056459588,18942,0.02138
RVNUSDT,BUY,LIMIT,1701056463492,6206,0.02141
RVNUSDT,BUY,LIMIT,1701056624092,1901,0.02145
RVNUSDT,BUY,LIMIT,1701056625168,10515,0.02145
RVNUSDT,BUY,LIMIT,1701056628660,97956,0.02149
RVNUSDT,BUY,LIMIT,1701056631878,434,0.02151
RVNUSDT,BUY,LIMIT,1701056633923,48121,0.02152
RVNUSDT,BUY,LIMIT,1701056635027,1930,0.02153
RVNUSDT,SELL,LIMIT,1701056723801,3260,0.02075
RVNUSDT,BUY,LIMIT,1701056764085,298,0.02155
RVNUSDT,SELL,LIMIT,1701056810400,29247,0.02081
RVNUSDT,BUY,LIMIT,1701056827844,3750,0.02155
RVNUSDT,BUY,LIMIT,1701056831276,66225,0.02156
RVNUSDT,BUY,LIMIT,1701056833257,8172,0.02159
RVNUSDT,BUY,LIMIT,1701056834317,34611,0.02161
RVNUSDT,BUY,LIMIT,1701056837673,38982,0.02161
RVNUSDT,BUY,LIMIT,1701056839727,19512,0.02164
RVNUSDT,BUY,LIMIT,1701056863818,144330,0.02169
RVNUSDT,BUY,LIMIT,1701056866217,1202,0.02173
RVNUSDT,BUY,LIMIT,1701056868086,311,0.02175
RVNUSDT,SELL,LIMIT,1701056891045,392,0.02098
RVNUSDT,SELL,LIMIT,1701056892194,4550,0.02096
RVNUSDT,SELL,LIMIT,1701056900066,1276,0.02094
RVNUSDT,SELL,LIMIT,1701057009409,190390,0.02087
RVNUSDT,SELL,LIMIT,1701057015228,710,0.02083
RVNUSDT,SELL,LIMIT,1701057017421,1950,0.02082
RVNUSDT,SELL,LIMIT,1701057021410,6037,0.02081
RVNUSDT,SELL,LIMIT,1701057087284,931,0.02068
RVNUSDT,SELL,LIMIT,1701057093595,27890,0.02060
RVNUSDT,SELL,LIMIT,1701057125354,48763,0.02055
RVNUSDT,SELL,LIMIT,1701057128059,7372,0.02051
RVNUSDT,SELL,LIMIT,1701057427833,462,0.02049
RVNUSDT,SELL,LIMIT,1701057429746,82982,0.02046
RVNUSDT,BUY,LIMIT,1701057606382,8039,0.02120
RVNUSDT,BUY,LIMIT,1701057607634,56473,0.02123
RVNUSDT,BUY,LIMIT,1701057668551,45000,0.02122
RVNUSDT,BUY,LIMIT,1701057669731,38522,0.02126
RVNUSDT,BUY,LIMIT,1701057763933,55377,0.02137
RVNUSDT,BUY,LIMIT,1701057851642,9077,0.02136
RVNUSDT,BUY,LIMIT,1701057955903,9987,0.02141
RVNUSDT,BUY,LIMIT,1701058068341,50674,0.02134
RVNUSDT,SELL,LIMIT,1701058275320,3991,0.02058
RVNUSDT,BUY,LIMIT,1701058348092,178902,0.02131
RVNUSDT,SELL,LIMIT,1701058504844,142961,0.02053
RVNUSDT,SELL,LIMIT,1701058529815,8871,0.02052
RVNUSDT,SELL,LIMIT,1701058616362,12654,0.02041
RVNUSDT,SELL,LIMIT,1701058620615,5044,0.02040
RVNUSDT,SELL,LIMIT,1701058739263,1500,0.02031
RVNUSDT,SELL,LIMIT,1701058959919,222,0.02033
RVNUSDT,SELL,LIMIT,1701059079426,1845,0.02021
RVNUSDT,SELL,LIMIT,1701059156423,1339,0.02020
RVNUSDT,SELL,LIMIT,1701059160298,7814,0.02018
RVNUSDT,BUY,LIMIT,1701059192153,244297,0.02085
RVNUSDT,BUY,LIMIT,1701059327061,244021,0.02090
RVNUSDT,BUY,LIMIT,1701059332307,14040,0.02094
RVNUSDT,BUY,LIMIT,1701059507628,3385,0.02095
RVNUSDT,BUY,LIMIT,1701059509994,58043,0.02097
RVNUSDT,BUY,LIMIT,1701059511260,2590,0.02098
RVNUSDT,BUY,LIMIT,1701059678575,5125,0.02103
RVNUSDT,BUY,LIMIT,1701059713610,6096,0.02105
RVNUSDT,BUY,LIMIT,1701059726183,11195,0.02106
RVNUSDT,SELL,LIMIT,1701059772387,53368,0.02034
RVNUSDT,BUY,LIMIT,1701059813586,182245,0.02109
RVNUSDT,BUY,LIMIT,1701059828623,34292,0.02114
RVNUSDT,BUY,LIMIT,1701060424353,1059,0.02115
RVNUSDT,BUY,LIMIT,1701060482369,35000,0.02100
RVNUSDT,SELL,LIMIT,1701060502971,2202,0.02037
RVNUSDT,SELL,LIMIT,1701060518792,17317,0.02032
RVNUSDT,SELL,LIMIT,1701060651831,585,0.02027
RVNUSDT,SELL,LIMIT,1701060687081,372,0.02023
RVNUSDT,SELL,LIMIT,1701060699016,8628,0.02020
RVNUSDT,SELL,LIMIT,1701060804523,80238,0.02013
RVNUSDT,BUY,LIMIT,1701061113833,3456,0.02087
RVNUSDT,BUY,LIMIT,1701061171088,13778,0.02092
RVNUSDT,BUY,LIMIT,1701061212037,1971,0.02095
RVNUSDT,BUY,LIMIT,1701061213940,45793,0.02099
RVNUSDT,SELL,LIMIT,1701061612636,10984,0.02025
RVNUSDT,SELL,LIMIT,1701061675601,4545,0.02017
RVNUSDT,SELL,LIMIT,1701061687802,3881,0.02011
RVNUSDT,SELL,LIMIT,1701061689075,1311,0.02007
RVNUSDT,SELL,LIMIT,1701061706258,6076,0.02004
RVNUSDT,SELL,LIMIT,1701061713564,14295,0.02002
RVNUSDT,SELL,LIMIT,1701061714573,1922,0.01998
RVNUSDT,SELL,LIMIT,1701061715872,4000,0.01992
RVNUSDT,SELL,LIMIT,1701061722109,2379,0.01992
RVNUSDT,SELL,LIMIT,1701061725330,26388,0.01990
RVNUSDT,SELL,LIMIT,1701061746063,1130,0.01988
RVNUSDT,SELL,LIMIT,1701061747074,19377,0.01985
RVNUSDT,SELL,LIMIT,1701061751050,6348,0.01987
RVNUSDT,SELL,LIMIT,1701061784221,27506,0.01985
RVNUSDT,SELL,LIMIT,1701061790550,2943,0.01982
RVNUSDT,SELL,LIMIT,1701061804201,1007,0.01981
RVNUSDT,SELL,LIMIT,1701061806436,1403,0.01980
RVNUSDT,BUY,LIMIT,1701061871118,6432,0.02050
RVNUSDT,BUY,LIMIT,1701061925327,30393,0.02052
RVNUSDT,BUY,LIMIT,1701062047837,6894,0.02057
RVNUSDT,BUY,LIMIT,1701062109759,33770,0.02060
RVNUSDT,SELL,LIMIT,1701062204923,121969,0.01980
RVNUSDT,SELL,LIMIT,1701062396143,1857,0.01977
RVNUSDT,SELL,LIMIT,1701062409494,8229,0.01973
RVNUSDT,SELL,LIMIT,1701062411044,9731,0.01972
RVNUSDT,SELL,LIMIT,1701062412166,25036,0.01972
RVNUSDT,SELL,LIMIT,1701062414417,24154,0.01970
RVNUSDT,SELL,LIMIT,1701062435449,25661,0.01963
RVNUSDT,SELL,LIMIT,1701062438092,236176,0.01963
RVNUSDT,SELL,LIMIT,1701062442924,5970,0.01962
RVNUSDT,SELL,LIMIT,1701062444791,3326,0.01960
RVNUSDT,SELL,LIMIT,1701062460009,32580,0.01958
RVNUSDT,SELL,LIMIT,1701062471708,85622,0.01957
RVNUSDT,SELL,LIMIT,1701062966168,28497,0.01955
RVNUSDT,SELL,LIMIT,1701062968052,159,0.01951
RVNUSDT,SELL,LIMIT,1701062969190,1158,0.01951
RVNUSDT,SELL,LIMIT,1701062970244,240991,0.01948
RVNUSDT,SELL,LIMIT,1701062972068,14793,0.01946
RVNUSDT,SELL,LIMIT,1701062973123,37754,0.01945
RVNUSDT,SELL,LIMIT,1701062976205,12099,0.01942
RVNUSDT,BUY,LIMIT,1701063011184,100888,0.02013
RVNUSDT,SELL,LIMIT,1701063236333,58950,0.01952
RVNUSDT,SELL,LIMIT,1701063289065,3415,0.01949
RVNUSDT,SELL,LIMIT,1701063291805,22185,0.01946
RVNUSDT,SELL,LIMIT,1701063491414,55322,0.01940
RVNUSDT,SELL,LIMIT,1701063500119,375,0.01938
RVNUSDT,SELL,LIMIT,1701063509302,36879,0.01938
RVNUSDT,SELL,LIMIT,1701063579393,1943,0.01937
RVNUSDT,SELL,LIMIT,1701063580787,13354,0.01936
RVNUSDT,SELL,LIMIT,1701063627660,2471,0.01935
RVNUSDT,SELL,LIMIT,1701063636339,3120,0.01932
RVNUSDT,SELL,LIMIT,1701063637355,11531,0.01932
RVNUSDT,SELL,LIMIT,1701063662559,461,0.01931
RVNUSDT,SELL,LIMIT,1701063670905,11366,0.01930
RVNUSDT,SELL,LIMIT,1701064019373,3118,0.01934
RVNUSDT,BUY,LIMIT,1701064059757,9742,0.02002
