Symbol,Side,Order Type,Time,Quantity,Price
RVNUSDT,BUY,LIMIT,1701922274461,84101,0.02212
RVNUSDT,BUY,LIMIT,1701923830735,18887,0.02234
RVNUSDT,BUY,LIMIT,1701923840404,63390,0.02234
RVNUSDT,BUY,LIMIT,1701925649966,931,0.02238
RVNUSDT,BUY,LIMIT,1701925681261,143170,0.02240
RVNUSDT,BUY,LIMIT,1701926888061,8445,0.02241
RVNUSDT,BUY,LIMIT,1701926935070,5654,0.02242
RVNUSDT,BUY,LIMIT,1701926943072,6907,0.02242
RVNUSDT,BUY,LIMIT,1701926950366,9896,0.02244
RVNUSDT,SELL,LIMIT,1701933483336,1776,0.02168
RVNUSDT,SELL,LIMIT,1701937823131,9000,0.02144
RVNUSDT,SELL,LIMIT,1701940546671,137590,0.02118
RVNUSDT,SELL,LIMIT,1701940568890,2787,0.02110
RVNUSDT,SELL,LIMIT,1701940711267,23780,0.02106
RVNUSDT,BUY,LIMIT,1701940874674,16269,0.02177
RVNUSDT,SELL,LIMIT,1701941157137,25885,0.02096
RVNUSDT,SELL,LIMIT,1701941167182,1361,0.02092
RVNUSDT,SELL,LIMIT,1701941175156,2174,0.02087
RVNUSDT,SELL,LIMIT,1701941186237,9410,0.02087
RVNUSDT,SELL,LIMIT,1701941188348,1969,0.02084
RVNUSDT,SELL,LIMIT,1701941192334,4704,0.02083
RVNUSDT,SELL,LIMIT,1701941246453,22706,0.02078
RVNUSDT,BUY,LIMIT,1701941298276,100667,0.02154
RVNUSDT,BUY,LIMIT,1701941494375,19672,0.02164
RVNUSDT,BUY,LIMIT,1701947789227,5222,0.02206
RVNUSDT,SELL,LIMIT,1701960603201,85982,0.02190
RVNUSDT,SELL,LIMIT,1701964919480,51240,0.02171
RVNUSDT,SELL,LIMIT,1701968679331,112651,0.02187
RVNUSDT,SELL,LIMIT,1701970992173,34648,0.02174
RVNUSDT,SELL,LIMIT,1701974305070,273,0.02160
RVNUSDT,SELL,LIMIT,1701977091586,15875,0.02161
RVNUSDT,BUY,LIMIT,1701995678178,758,0.02279
RVNUSDT,BUY,LIMIT,1701996002426,1546,0.02280
RVNUSDT,BUY,LIMIT,1702007154541,1266,0.02260
RVNUSDT,SELL,LIMIT,1702012123293,11150,0.02171
RVNUSDT,BUY,LIMIT,1702016693398,7771,0.02256
RVNUSDT,SELL,LIMIT,1702020183977,8849,0.02167
RVNUSDT,SELL,LIMIT,1702020644044,2168,0.02154
RVNUSDT,BUY,LIMIT,1702031758100,7267,0.02285
RVNUSDT,SELL,LIMIT,1702032112897,24014,0.02212
RVNUSDT,BUY,LIMIT,1702035162393,320,0.02273
RVNUSDT,BUY,LIMIT,1702035891526,32885,0.02271
RVNUSDT,SELL,LIMIT,1702036067467,453,0.02290
RVNUSDT,SELL,LIMIT,1702040144852,101779,0.02211
RVNUSDT,SELL,LIMIT,1702040819340,17517,0.02198
RVNUSDT,SELL,LIMIT,1702041183210,34770,0.02194
RVNUSDT,BUY,LIMIT,1702042987800,22836,0.02272
RVNUSDT,BUY,LIMIT,1702046395638,16626,0.02291
RVNUSDT,BUY,LIMIT,1702046455687,255,0.02293
RVNUSDT,SELL,LIMIT,1702047215542,42964,0.02221
RVNUSDT,BUY,LIMIT,1702048341969,849,0.02307
RVNUSDT,BUY,LIMIT,1702048448840,110277,0.02310
RVNUSDT,BUY,LIMIT,1702050231344,3119,0.02319
RVNUSDT,BUY,LIMIT,1702052529167,2590,0.02321
RVNUSDT,BUY,LIMIT,1702052530226,3323,0.02321
RVNUSDT,SELL,LIMIT,1702055304288,2928,0.02226
RVNUSDT,SELL,LIMIT,1702057385508,4420,0.02224
RVNUSDT,BUY,LIMIT,1702058212679,5498,0.02310
RVNUSDT,SELL,LIMIT,1702058556682,84598,0.02237
RVNUSDT,BUY,LIMIT,1702061638327,241,0.02304
RVNUSDT,SELL,LIMIT,1702068085439,269738,0.02241
RVNUSDT,SELL,LIMIT,1702069043525,891,0.02246
RVNUSDT,BUY,LIMIT,1702077091618,949,0.02322
RVNUSDT,SELL,LIMIT,1702079161740,1226,0.02269
RVNUSDT,BUY,LIMIT,1702080384183,900,0.02338
RVNUSDT,BUY,LIMIT,1702080393973,27994,0.02342
RVNUSDT,BUY,LIMIT,1702080402587,5710,0.02343
RVNUSDT,BUY,LIMIT,1702080687269,5375,0.02344
RVNUSDT,BUY,LIMIT,1702081491640,220,0.02337
RVNUSDT,BUY,LIMIT,1702081578458,34585,0.02338
RVNUSDT,BUY,LIMIT,1702081703805,16995,0.02342
RVNUSDT,BUY,LIMIT,1702082044911,9384,0.02342
RVNUSDT,BUY,LIMIT,1702082078237,5665,0.02343
RVNUSDT,BUY,LIMIT,1702082974938,5700,0.02343
RVNUSDT,BUY,LIMIT,1702087939275,5000,0.02354
RVNUSDT,BUY,LIMIT,1702088017081,10587,0.02368
RVNUSDT,BUY,LIMIT,1702088056503,18479,0.02372
RVNUSDT,BUY,LIMIT,1702088148072,9262,0.02377
RVNUSDT,BUY,LIMIT,1702091266960,8248,0.02362
RVNUSDT,BUY,LIMIT,1702093137463,2269,0.02381
RVNUSDT,BUY,LIMIT,1702093872107,2285,0.02384
RVNUSDT,BUY,LIMIT,1702093887990,500,0.02387
RVNUSDT,BUY,LIMIT,1702094021530,7076,0.02400
RVNUSDT,BUY,LIMIT,1702096330926,1219,0.02422
RVNUSDT,BUY,LIMIT,1702097015462,27,0.02434
RVNUSDT,BUY,LIMIT,1702097068075,11480,0.02446
RVNUSDT,BUY,LIMIT,1702097082770,449,0.02448
RVNUSDT,BUY,LIMIT,1702097091244,2593,0.02450
RVNUSDT,BUY,LIMIT,1702097200819,4683,0.02458
RVNUSDT,BUY,LIMIT,1702097212156,5750,0.02459
RVNUSDT,BUY,LIMIT,1702097273392,61324,0.02473
RVNUSDT,BUY,LIMIT,1702097325577,200,0.02479
RVNUSDT,BUY,LIMIT,1702099759080,1325,0.02486
RVNUSDT,BUY,LIMIT,1702099781542,2568,0.02491
RVNUSDT,BUY,LIMIT,1702100314575,945,0.02507
RVNUSDT,BUY,LIMIT,1702100351890,31875,0.02514
RVNUSDT,BUY,LIMIT,1702100456681,10496,0.02526
RVNUSDT,BUY,LIMIT,1702100465200,6349,0.02529
RVNUSDT,BUY,LIMIT,1702101000632,304,0.02534
RVNUSDT,BUY,LIMIT,1702101037929,82,0.02536
RVNUSDT,BUY,LIMIT,1702101712293,2166,0.02540
RVNUSDT,SELL,LIMIT,1702101988439,200000,0.02452
RVNUSDT,SELL,LIMIT,1702102022334,10373,0.02449
RVNUSDT,BUY,LIMIT,1702102929864,5697,0.02489
RVNUSDT,SELL,LIMIT,1702103278319,201207,0.02405
RVNUSDT,BUY,LIMIT,1702103376621,5697,0.02477
RVNUSDT,SELL,LIMIT,1702103910934,1457,0.02396
RVNUSDT,SELL,LIMIT,1702104287311,204750,0.02392
RVNUSDT,BUY,LIMIT,1702109295313,61781,0.02479
RVNUSDT,BUY,LIMIT,1702109779332,36822,0.02465
RVNUSDT,SELL,LIMIT,1702110904992,204389,0.02381
RVNUSDT,SELL,LIMIT,1702110910323,1863,0.02380
RVNUSDT,SELL,LIMIT,1702110923054,51664,0.02374
RVNUSDT,SELL,LIMIT,1702110970061,226,0.02369
RVNUSDT,SELL,LIMIT,1702110973568,866,0.02368
RVNUSDT,SELL,LIMIT,1702110977657,9412,0.02365
RVNUSDT,SELL,LIMIT,1702110982493,6167,0.02359
RVNUSDT,SELL,LIMIT,1702110993939,23979,0.02358
RVNUSDT,SELL,LIMIT,1702111029134,921,0.02356
RVNUSDT,SELL,LIMIT,1702111031400,443,0.02358
RVNUSDT,SELL,LIMIT,1702111044421,200964,0.02348
RVNUSDT,SELL,LIMIT,1702111203217,30499,0.02340
RVNUSDT,BUY,LIMIT,1702111223247,144177,0.02421
RVNUSDT,SELL,LIMIT,1702111380568,6564,0.02330
RVNUSDT,SELL,LIMIT,1702111387767,9579,0.02327
RVNUSDT,SELL,LIMIT,1702111389852,208940,0.02325
RVNUSDT,BUY,LIMIT,1702111518087,3383,0.02419
RVNUSDT,BUY,LIMIT,1702112500210,249,0.02452
RVNUSDT,BUY,LIMIT,1702112689348,989,0.02458
RVNUSDT,SELL,LIMIT,1702113841067,55753,0.02393
RVNUSDT,SELL,LIMIT,1702114981182,204834,0.02373
RVNUSDT,BUY,LIMIT,1702126358779,5711,0.02474
RVNUSDT,SELL,LIMIT,1702127600942,102585,0.02390
RVNUSDT,SELL,LIMIT,1702128680197,412,0.02379
RVNUSDT,SELL,LIMIT,1702132270843,564,0.02420
