Symbol,Side,Order Type,Time,Quantity,Price
RVNUSDT,SELL,LIMIT,1701065240886,1070,0.01950
RVNUSDT,SELL,LIMIT,1701065467282,10855,0.01949
RVNUSDT,BUY,LIMIT,1701065677180,3874,0.02021
RVNUSDT,BUY,LIMIT,1701065738086,67046,0.02024
RVNUSDT,BUY,LIMIT,1701065766621,24253,0.02028
RVNUSDT,BUY,LIMIT,1701065839059,807,0.02033
RVNUSDT,BUY,LIMIT,1701065841139,13914,0.02037
RVNUSDT,BUY,LIMIT,1701065938189,3243,0.02042
RVNUSDT,BUY,LIMIT,1701065999624,71555,0.02046
RVNUSDT,BUY,LIMIT,1701066168486,1021,0.02055
RVNUSDT,BUY,LIMIT,1701066170899,27966,0.02055
RVNUSDT,BUY,LIMIT,1701066188398,10055,0.02055
RVNUSDT,SELL,LIMIT,1701066295110,17499,0.01990
RVNUSDT,SELL,LIMIT,1701066302289,15760,0.01989
RVNUSDT,SELL,LIMIT,1701066338323,23294,0.01985
RVNUSDT,SELL,LIMIT,1701066341166,22634,0.01984
RVNUSDT,SELL,LIMIT,1701066371914,240097,0.01980
RVNUSDT,SELL,LIMIT,1701066858746,1144,0.01965
RVNUSDT,SELL,LIMIT,1701066895651,410,0.01961
RVNUSDT,BUY,LIMIT,1701066953167,24148,0.02031
RVNUSDT,SELL,LIMIT,1701067258864,8431,0.01966
RVNUSDT,BUY,LIMIT,1701067270250,56629,0.02013
RVNUSDT,SELL,LIMIT,1701067305793,24078,0.01955
RVNUSDT,SELL,LIMIT,1701067326405,2000,0.01949
RVNUSDT,BUY,LIMIT,1701067550577,1432,0.02019
RVNUSDT,BUY,LIMIT,1701067640615,68226,0.02017
RVNUSDT,BUY,LIMIT,1701067750682,51466,0.02018
RVNUSDT,SELL,LIMIT,1701067814786,260416,0.01964
RVNUSDT,SELL,LIMIT,1701068052744,10714,0.01962
RVNUSDT,BUY,LIMIT,1701068054222,241545,0.02019
RVNUSDT,SELL,LIMIT,1701068152852,2974,0.01948
RVNUSDT,SELL,LIMIT,1701068254129,7678,0.01946
RVNUSDT,SELL,LIMIT,1701068389578,1746,0.01943
RVNUSDT,SELL,LIMIT,1701068401628,6343,0.01941
RVNUSDT,SELL,LIMIT,1701068430427,416,0.01947
RVNUSDT,SELL,LIMIT,1701068607854,506,0.01939
RVNUSDT,BUY,LIMIT,1701068716621,25290,0.02015
RVNUSDT,BUY,LIMIT,1701068718162,1098,0.02018
RVNUSDT,BUY,LIMIT,1701068734855,269,0.02025
RVNUSDT,SELL,LIMIT,1701068839792,6555,0.01941
RVNUSDT,SELL,LIMIT,1701068870242,1397,0.01929
RVNUSDT,SELL,LIMIT,1701068871259,505,0.01925
RVNUSDT,SELL,LIMIT,1701068872333,8117,0.01923
RVNUSDT,SELL,LIMIT,1701068888807,228845,0.01916
RVNUSDT,SELL,LIMIT,1701068894889,738,0.01915
RVNUSDT,SELL,LIMIT,1701068903432,25209,0.01914
RVNUSDT,SELL,LIMIT,1701068912294,120316,0.01912
RVNUSDT,SELL,LIMIT,1701068913315,2732,0.01913
RVNUSDT,SELL,LIMIT,1701068914470,6220,0.01909
RVNUSDT,SELL,LIMIT,1701068952486,9163,0.01915
RVNUSDT,SELL,LIMIT,1701068978189,1134,0.01909
RVNUSDT,SELL,LIMIT,1701068985232,35167,0.01905
RVNUSDT,SELL,LIMIT,1701068993140,2493,0.01904
RVNUSDT,BUY,LIMIT,1701068995197,300,0.01954
RVNUSDT,BUY,LIMIT,1701068997072,7488,0.01889
RVNUSDT,SELL,LIMIT,1701068998130,2221,0.01902
RVNUSDT,SELL,LIMIT,1701069001963,22080,0.01902
RVNUSDT,SELL,LIMIT,1701069006412,10060,0.01901
RVNUSDT,BUY,LIMIT,1701069010806,3318,0.01857
RVNUSDT,SELL,LIMIT,1701069378278,8464,0.01918
RVNUSDT,BUY,LIMIT,1701069393760,26826,0.01977
RVNUSDT,SELL,LIMIT,1701069576186,11510,0.01917
RVNUSDT,SELL,LIMIT,1701069831271,132049,0.01902
RVNUSDT,SELL,LIMIT,1701069838186,566541,0.01888
RVNUSDT,SELL,LIMIT,1701069839368,78073,0.01900
RVNUSDT,SELL,LIMIT,1701069856082,480,0.01898
RVNUSDT,SELL,LIMIT,1701069871334,82030,0.01897
RVNUSDT,SELL,LIMIT,1701069873916,93796,0.01896
RVNUSDT,SELL,LIMIT,1701069876676,2936,0.01894
RVNUSDT,SELL,LIMIT,1701069881551,2251,0.01893
RVNUSDT,SELL,LIMIT,1701069882643,52981,0.01891
RVNUSDT,SELL,LIMIT,1701069883887,41620,0.01890
RVNUSDT,SELL,LIMIT,1701069885173,96582,0.01888
RVNUSDT,SELL,LIMIT,1701069896430,993,0.01890
RVNUSDT,SELL,LIMIT,1701069900188,4773,0.01887
RVNUSDT,SELL,LIMIT,1701070464192,11008,0.01892
RVNUSDT,BUY,LIMIT,1701070993100,26215,0.01965
RVNUSDT,BUY,LIMIT,1701072532471,7264,0.01983
RVNUSDT,SELL,LIMIT,1701073936226,1498,0.01919
RVNUSDT,SELL,LIMIT,1701074210319,5023,0.01910
RVNUSDT,SELL,LIMIT,1701074618668,2039,0.01897
RVNUSDT,SELL,LIMIT,1701074759719,1531,0.01894
RVNUSDT,SELL,LIMIT,1701074843130,225337,0.01891
RVNUSDT,SELL,LIMIT,1701074867133,18004,0.01888
RVNUSDT,SELL,LIMIT,1701074876984,26783,0.01886
RVNUSDT,SELL,LIMIT,1701074950823,10960,0.01885
RVNUSDT,SELL,LIMIT,1701075214049,236630,0.01883
RVNUSDT,BUY,LIMIT,1701075415004,878,0.01947
RVNUSDT,BUY,LIMIT,1701076025081,19934,0.01955
RVNUSDT,BUY,LIMIT,1701076026594,4225,0.01956
RVNUSDT,SELL,LIMIT,1701076801433,9031,0.01903
RVNUSDT,SELL,LIMIT,1701076833433,8693,0.01901
RVNUSDT,BUY,LIMIT,1701077278909,5227,0.01975
RVNUSDT,BUY,LIMIT,1701077291447,24126,0.01977
RVNUSDT,BUY,LIMIT,1701078278612,6372,0.01985
RVNUSDT,BUY,LIMIT,1701078288462,5166,0.01987
RVNUSDT,BUY,LIMIT,1701078716664,10260,0.01989
RVNUSDT,BUY,LIMIT,1701078775058,9951,0.01997
RVNUSDT,BUY,LIMIT,1701078820112,373,0.02004
RVNUSDT,SELL,LIMIT,1701079493422,580,0.01914
RVNUSDT,SELL,LIMIT,1701079574299,2909,0.01910
RVNUSDT,SELL,LIMIT,1701079667716,152074,0.01906
RVNUSDT,SELL,LIMIT,1701079726436,3050,0.01903
RVNUSDT,SELL,LIMIT,1701079763489,6846,0.01902
RVNUSDT,SELL,LIMIT,1701079840451,764,0.01899
RVNUSDT,SELL,LIMIT,1701080501955,1154,0.01885
RVNUSDT,SELL,LIMIT,1701080621457,126218,0.01886
RVNUSDT,SELL,LIMIT,1701080679013,100000,0.01887
RVNUSDT,SELL,LIMIT,1701080760331,1000,0.01880
RVNUSDT,SELL,LIMIT,1701080761810,5000,0.01879
RVNUSDT,SELL,LIMIT,1701080762828,6736,0.01878
RVNUSDT,SELL,LIMIT,1701080778517,1677,0.01874
RVNUSDT,SELL,LIMIT,1701080780283,1952,0.01872
RVNUSDT,SELL,LIMIT,1701080852710,1450,0.01869
RVNUSDT,SELL,LIMIT,1701080859616,14290,0.01866
RVNUSDT,SELL,LIMIT,1701081226512,12235,0.01865
RVNUSDT,SELL,LIMIT,1701081229859,2405,0.01864
RVNUSDT,SELL,LIMIT,1701081236985,38379,0.01864
RVNUSDT,SELL,LIMIT,1701081258023,6289,0.01862
RVNUSDT,SELL,LIMIT,1701081261661,286,0.01862
RVNUSDT,SELL,LIMIT,1701081265372,11775,0.01861
RVNUSDT,SELL,LIMIT,1701081269042,14563,0.01861
RVNUSDT,SELL,LIMIT,1701081332373,716,0.01859
RVNUSDT,SELL,LIMIT,1701081337584,456,0.01859
RVNUSDT,SELL,LIMIT,1701081354170,2064,0.01856
RVNUSDT,SELL,LIMIT,1701081355185,10383,0.01855
RVNUSDT,SELL,LIMIT,1701081424814,48184,0.01860
RVNUSDT,SELL,LIMIT,1701081434201,38411,0.01856
RVNUSDT,SELL,LIMIT,1701081439212,26102,0.01850
RVNUSDT,SELL,LIMIT,1701081451990,849341,0.01839
RVNUSDT,SELL,LIMIT,1701081482121,1287,0.01850
RVNUSDT,SELL,LIMIT,1701081486239,2223,0.01850
RVNUSDT,SELL,LIMIT,1701081930298,64363,0.01848
RVNUSDT,SELL,LIMIT,1701082125919,27,0.02092
RVNUSDT,SELL,LIMIT,1701082325846,9580,0.01846
RVNUSDT,SELL,LIMIT,1701082330855,20618,0.01845
RVNUSDT,SELL,LIMIT,1701082350197,12162,0.01842
RVNUSDT,SELL,LIMIT,1701082353352,15272,0.01841
RVNUSDT,SELL,LIMIT,1701082358090,986,0.01840
RVNUSDT,SELL,LIMIT,1701082361129,3974,0.01839
RVNUSDT,SELL,LIMIT,1701082366684,1041,0.01837
RVNUSDT,SELL,LIMIT,1701082368275,9947,0.01836
RVNUSDT,SELL,LIMIT,1701082388838,5271,0.01836
RVNUSDT,SELL,LIMIT,1701082405720,13215,0.01835
RVNUSDT,SELL,LIMIT,1701082469080,52234,0.01834
RVNUSDT,SELL,LIMIT,1701082492528,1503,0.01833
RVNUSDT,SELL,LIMIT,1701082498269,371,0.01833
RVNUSDT,SELL,LIMIT,1701082513618,19055,0.01832
RVNUSDT,SELL,LIMIT,1701082516821,1350,0.01832
RVNUSDT,SELL,LIMIT,1701082535428,45819,0.01830
RVNUSDT,SELL,LIMIT,1701082536480,28144,0.01831
RVNUSDT,SELL,LIMIT,1701082566513,141608,0.01827
RVNUSDT,SELL,LIMIT,1701082611656,253937,0.01824
RVNUSDT,SELL,LIMIT,1701082655224,819,0.01823
RVNUSDT,SELL,LIMIT,1701082693779,20417,0.01822
RVNUSDT,SELL,LIMIT,1701082703516,4028,0.01820
RVNUSDT,BUY,LIMIT,1701082801148,1555,0.01887
RVNUSDT,SELL,LIMIT,1701083181761,14472,0.01834
RVNUSDT,SELL,LIMIT,1701083188119,1986,0.01828
RVNUSDT,SELL,LIMIT,1701083326101,269541,0.01820
RVNUSDT,SELL,LIMIT,1701083329939,5025,0.01818
RVNUSDT,SELL,LIMIT,1701083356321,253612,0.01816
RVNUSDT,SELL,LIMIT,1701083407232,150996,0.01816
RVNUSDT,SELL,LIMIT,1701083409141,85388,0.01815
RVNUSDT,SELL,LIMIT,1701083410509,7740,0.01814
RVNUSDT,SELL,LIMIT,1701083416340,4997,0.01812
RVNUSDT,SELL,LIMIT,1701084639869,5574,0.01826
RVNUSDT,SELL,LIMIT,1701084720633,49891,0.01820
RVNUSDT,SELL,LIMIT,1701084722708,1301,0.01819
RVNUSDT,SELL,LIMIT,1701084859464,259569,0.01810
RVNUSDT,SELL,LIMIT,1701084861358,76399,0.01810
RVNUSDT,SELL,LIMIT,1701084934313,4375,0.01808
RVNUSDT,SELL,LIMIT,1701084969578,1279,0.01807
RVNUSDT,BUY,LIMIT,1701085035656,10303,0.01878
RVNUSDT,SELL,LIMIT,1701086449756,3051,0.01821
RVNUSDT,SELL,LIMIT,1701086470150,47913,0.01821
RVNUSDT,BUY,LIMIT,1701086766349,2719,0.01886
RVNUSDT,BUY,LIMIT,1701087202048,4392,0.01899
RVNUSDT,SELL,LIMIT,1701087388906,16381,0.01835
RVNUSDT,SELL,LIMIT,1701087729745,10605,0.01832
RVNUSDT,SELL,LIMIT,1701087734134,115354,0.01831
RVNUSDT,SELL,LIMIT,1701087739120,7400,0.01829
RVNUSDT,SELL,LIMIT,1701088127420,14604,0.01826
RVNUSDT,SELL,LIMIT,1701088543411,2938,0.01822
RVNUSDT,SELL,LIMIT,1701088557114,264503,0.01820
RVNUSDT,SELL,LIMIT,1701088558169,3157,0.01821
RVNUSDT,SELL,LIMIT,1701088560602,7086,0.01818
RVNUSDT,BUY,LIMIT,1701089411549,16336,0.01879
RVNUSDT,BUY,LIMIT,1701089639574,400,0.01904
RVNUSDT,SELL,LIMIT,1701090074801,4505,0.01836
RVNUSDT,SELL,LIMIT,1701090587133,361,0.01835
RVNUSDT,SELL,LIMIT,1701091009095,14633,0.01827
RVNUSDT,BUY,LIMIT,1701091449703,8406,0.01897
RVNUSDT,SELL,LIMIT,1701092668335,1462,0.01825
RVNUSDT,SELL,LIMIT,1701094258027,5145,0.01817
RVNUSDT,SELL,LIMIT,1701095035750,16181,0.01807
RVNUSDT,SELL,LIMIT,1701095047992,6884,0.01805
RVNUSDT,SELL,LIMIT,1701095052103,4430,0.01802
RVNUSDT,SELL,LIMIT,1701095053199,967,0.01800
RVNUSDT,SELL,LIMIT,1701095531055,42267,0.01802
RVNUSDT,SELL,LIMIT,1701095590407,11629,0.01799
RVNUSDT,SELL,LIMIT,1701095595939,966,0.01798
RVNUSDT,BUY,LIMIT,1701095649163,7908,0.01859
RVNUSDT,SELL,LIMIT,1701096563953,995,0.01815
RVNUSDT,BUY,LIMIT,1701097273850,183713,0.01866
RVNUSDT,BUY,LIMIT,1701097443717,1535,0.01874
RVNUSDT,BUY,LIMIT,1701097448954,294,0.01875
RVNUSDT,SELL,LIMIT,1701100268961,30059,0.01812
RVNUSDT,SELL,LIMIT,1701100530515,271523,0.01824
RVNUSDT,SELL,LIMIT,1701100575258,12790,0.01837
RVNUSDT,SELL,LIMIT,1701100625143,2215,0.01810
RVNUSDT,SELL,LIMIT,1701101007837,1590,0.01816
RVNUSDT,SELL,LIMIT,1701101044101,62824,0.01825
RVNUSDT,BUY,LIMIT,1701101793159,158998,0.01884
RVNUSDT,BUY,LIMIT,1701101797568,72380,0.01887
RVNUSDT,SELL,LIMIT,1701102068432,5079,0.01829
RVNUSDT,BUY,LIMIT,1701102561003,17203,0.01890
RVNUSDT,SELL,LIMIT,1701106425463,2885,0.01824
RVNUSDT,SELL,LIMIT,1701106819997,1553,0.01820
RVNUSDT,SELL,LIMIT,1701107393636,1106,0.01815
RVNUSDT,SELL,LIMIT,1701107561277,8622,0.01809
RVNUSDT,SELL,LIMIT,1701107564320,1869,0.01809
RVNUSDT,SELL,LIMIT,1701111204501,706,0.01802
RVNUSDT,SELL,LIMIT,1701111220232,5385,0.01798
RVNUSDT,SELL,LIMIT,1701111228693,3252,0.01797
RVNUSDT,SELL,LIMIT,1701111234151,2509,0.01796
RVNUSDT,SELL,LIMIT,1701111242535,137663,0.01794
RVNUSDT,SELL,LIMIT,1701111283235,8416,0.01795
RVNUSDT,SELL,LIMIT,1701111445289,3915,0.01800
RVNUSDT,SELL,LIMIT,1701111517888,7555,0.01792
RVNUSDT,SELL,LIMIT,1701111551076,3482,0.01791
RVNUSDT,SELL,LIMIT,1701111564541,20830,0.01791
RVNUSDT,SELL,LIMIT,1701111572087,36697,0.01790
RVNUSDT,SELL,LIMIT,1701111743537,5361,0.01784
RVNUSDT,SELL,LIMIT,1701111859403,500,0.01789
RVNUSDT,SELL,LIMIT,1701111874132,7601,0.01787
RVNUSDT,SELL,LIMIT,1701111903358,566,0.01787
RVNUSDT,SELL,LIMIT,1701112055776,18935,0.01780
RVNUSDT,SELL,LIMIT,1701112115283,25018,0.01780
RVNUSDT,SELL,LIMIT,1701112120423,151392,0.01779
RVNUSDT,SELL,LIMIT,1701112125147,3481,0.01777
RVNUSDT,SELL,LIMIT,1701112149294,25627,0.01778
RVNUSDT,SELL,LIMIT,1701112293752,268106,0.01776
RVNUSDT,SELL,LIMIT,1701113000648,78027,0.01778
RVNUSDT,SELL,LIMIT,1701114237444,55664,0.01776
RVNUSDT,SELL,LIMIT,1701114240540,1971,0.01775
RVNUSDT,SELL,LIMIT,1701114338485,22714,0.01774
RVNUSDT,SELL,LIMIT,1701114343566,600,0.01772
RVNUSDT,SELL,LIMIT,1701114357656,2627,0.01771
RVNUSDT,SELL,LIMIT,1701114359040,2284,0.01768
RVNUSDT,SELL,LIMIT,1701114360106,42539,0.01767
RVNUSDT,SELL,LIMIT,1701114368763,449,0.01768
RVNUSDT,SELL,LIMIT,1701114471119,484,0.01766
RVNUSDT,SELL,LIMIT,1701114474736,76,0.01766
RVNUSDT,SELL,LIMIT,1701114476289,2550,0.01763
RVNUSDT,BUY,LIMIT,1701114666435,164436,0.01825
RVNUSDT,SELL,LIMIT,1701116562735,44000,0.01774
RVNUSDT,SELL,LIMIT,1701116897898,99060,0.01764
RVNUSDT,SELL,LIMIT,1701117116573,1323,0.01760
RVNUSDT,SELL,LIMIT,1701117118257,3090,0.01760
RVNUSDT,SELL,LIMIT,1701117135732,47173,0.01759
RVNUSDT,SELL,LIMIT,1701117193823,9931,0.01758
RVNUSDT,SELL,LIMIT,1701117211228,4013,0.01758
RVNUSDT,SELL,LIMIT,1701117381339,865,0.01757
RVNUSDT,SELL,LIMIT,1701117556264,7057,0.01756
RVNUSDT,SELL,LIMIT,1701117571222,1031,0.01756
RVNUSDT,SELL,LIMIT,1701117575335,334,0.01755
RVNUSDT,SELL,LIMIT,1701117784520,11465,0.01752
RVNUSDT,SELL,LIMIT,1701117785908,12230,0.01750
RVNUSDT,SELL,LIMIT,1701117796282,312,0.01749
RVNUSDT,SELL,LIMIT,1701117812335,33424,0.01748
RVNUSDT,BUY,LIMIT,1701119444647,12639,0.01824
RVNUSDT,BUY,LIMIT,1701124102321,11826,0.01829
RVNUSDT,SELL,LIMIT,1701127054471,2704,0.01792
RVNUSDT,SELL,LIMIT,1701129798791,3027,0.01800
RVNUSDT,SELL,LIMIT,1701129926330,3282,0.01799
RVNUSDT,SELL,LIMIT,1701129994860,2453,0.01797
RVNUSDT,SELL,LIMIT,1701130057478,12359,0.01793
RVNUSDT,SELL,LIMIT,1701137427955,1154,0.01780
RVNUSDT,BUY,LIMIT,1701142004034,2422,0.01856
RVNUSDT,SELL,LIMIT,1701146002960,5470,0.01793
RVNUSDT,SELL,LIMIT,1701147891408,1642,0.01778
RVNUSDT,SELL,LIMIT,1701148028332,8030,0.01775
RVNUSDT,SELL,LIMIT,1701148221549,261433,0.01771
RVNUSDT,SELL,LIMIT,1701148235958,652,0.01772
RVNUSDT,SELL,LIMIT,1701149771344,2836,0.01770
RVNUSDT,SELL,LIMIT,1701149823455,1706,0.01768
RVNUSDT,SELL,LIMIT,1701149845895,386,0.01767
RVNUSDT,SELL,LIMIT,1701149900616,280,0.01762
RVNUSDT,SELL,LIMIT,1701154233180,89171,0.01795
RVNUSDT,SELL,LIMIT,1701155524121,17775,0.01800
RVNUSDT,SELL,LIMIT,1701155569860,7020,0.01798
RVNUSDT,SELL,LIMIT,1701155897682,4000,0.01793
RVNUSDT,BUY,LIMIT,1701157141977,1928,0.01851
RVNUSDT,BUY,LIMIT,1701158032189,407,0.01861
RVNUSDT,BUY,LIMIT,1701158751436,2729,0.01876
RVNUSDT,BUY,LIMIT,1701159682562,1206,0.01884
RVNUSDT,BUY,LIMIT,1701164406063,286,0.01890
RVNUSDT,BUY,LIMIT,1701170165413,1963,0.01880
RVNUSDT,BUY,LIMIT,1701171179104,1608,0.01901
RVNUSDT,BUY,LIMIT,1701171180306,14759,0.01902
RVNUSDT,BUY,LIMIT,1701172381866,549,0.01914
RVNUSDT,SELL,LIMIT,1701172980303,9867,0.01848
RVNUSDT,SELL,LIMIT,1701175899020,26581,0.01845
RVNUSDT,SELL,LIMIT,1701176355242,39478,0.01840
RVNUSDT,SELL,LIMIT,1701176625816,427,0.01838
RVNUSDT,SELL,LIMIT,1701176762048,44860,0.01834
RVNUSDT,SELL,LIMIT,1701183062906,10090,0.01826
RVNUSDT,SELL,LIMIT,1701183166135,12377,0.01825
RVNUSDT,SELL,LIMIT,1701183167243,13911,0.01824
RVNUSDT,SELL,LIMIT,1701183875121,3044,0.01835
RVNUSDT,SELL,LIMIT,1701185413533,3258,0.01821
RVNUSDT,SELL,LIMIT,1701185474990,2883,0.01820
RVNUSDT,SELL,LIMIT,1701186198688,721,0.01828
RVNUSDT,BUY,LIMIT,1701187271401,24342,0.01887
RVNUSDT,BUY,LIMIT,1701189805115,8212,0.01893
RVNUSDT,BUY,LIMIT,1701190016516,44540,0.01905
RVNUSDT,BUY,LIMIT,1701192068557,468,0.01918
RVNUSDT,BUY,LIMIT,1701192768009,5347,0.01919
RVNUSDT,SELL,LIMIT,1701194656367,2732,0.01856
RVNUSDT,SELL,LIMIT,1701197838335,109,0.01849
RVNUSDT,SELL,LIMIT,1701197851115,64733,0.01849
RVNUSDT,BUY,LIMIT,1701197862395,60096,0.01905
RVNUSDT,BUY,LIMIT,1701206348741,1481,0.01926
RVNUSDT,BUY,LIMIT,1701207444785,646,0.01928
RVNUSDT,BUY,LIMIT,1701213460262,263603,0.01948
RVNUSDT,BUY,LIMIT,1701213469911,7905,0.01954
RVNUSDT,SELL,LIMIT,1701215250125,475,0.01894
RVNUSDT,SELL,LIMIT,1701216811217,13623,0.01865
RVNUSDT,SELL,LIMIT,1701216855917,17836,0.01861
RVNUSDT,BUY,LIMIT,1701218041447,184451,0.01930
RVNUSDT,BUY,LIMIT,1701220299597,159,0.01924
RVNUSDT,SELL,LIMIT,1701220696395,3808,0.01863
RVNUSDT,BUY,LIMIT,1701235090717,1831,0.01921
RVNUSDT,BUY,LIMIT,1701237753775,2494,0.01913
RVNUSDT,BUY,LIMIT,1701241128382,3486,0.01708
RVNUSDT,BUY,LIMIT,1701243938161,1683,0.01923
RVNUSDT,BUY,LIMIT,1701245106368,4158,0.01924
RVNUSDT,BUY,LIMIT,1701246553144,2353,0.01929
RVNUSDT,SELL,LIMIT,1701249996914,1134,0.01876
RVNUSDT,SELL,LIMIT,1701250239898,98726,0.01872
RVNUSDT,SELL,LIMIT,1701250264413,23398,0.01870
RVNUSDT,BUY,LIMIT,1701252815261,1542,0.01934
RVNUSDT,SELL,LIMIT,1701254053038,262060,0.01867
RVNUSDT,SELL,LIMIT,1701254405730,10763,0.01864
RVNUSDT,SELL,LIMIT,1701254412314,13646,0.01862
RVNUSDT,SELL,LIMIT,1701254418252,810,0.01858
RVNUSDT,SELL,LIMIT,1701258418110,1881,0.01858
RVNUSDT,SELL,LIMIT,1701259701325,4,0.01856
RVNUSDT,SELL,LIMIT,1701260221264,3065,0.01851
RVNUSDT,SELL,LIMIT,1701260293047,5793,0.01850
RVNUSDT,SELL,LIMIT,1701264617356,22655,0.01845
RVNUSDT,SELL,LIMIT,1701265434860,150000,0.01846
RVNUSDT,SELL,LIMIT,1701265476846,1049,0.01843
RVNUSDT,SELL,LIMIT,1701267741585,1047,0.01840
RVNUSDT,SELL,LIMIT,1701267762094,589,0.01839
RVNUSDT,SELL,LIMIT,1701267777727,899,0.01839
RVNUSDT,SELL,LIMIT,1701269260304,1500,0.01826
RVNUSDT,SELL,LIMIT,1701269274672,13557,0.01826
RVNUSDT,SELL,LIMIT,1701270440292,10392,0.01821
RVNUSDT,SELL,LIMIT,1701270616179,291,0.01816
RVNUSDT,SELL,LIMIT,1701270618650,10804,0.01815
RVNUSDT,SELL,LIMIT,1701270623314,263442,0.01813
RVNUSDT,SELL,LIMIT,1701275777104,3476,0.01825
RVNUSDT,SELL,LIMIT,1701277525394,801,0.01827
RVNUSDT,BUY,LIMIT,1701285053599,2674,0.01899
RVNUSDT,SELL,LIMIT,1701288287798,28,0.01839
RVNUSDT,SELL,LIMIT,1701290347001,61824,0.01824
RVNUSDT,SELL,LIMIT,1701297079854,10730,0.01832
RVNUSDT,BUY,LIMIT,1701303921393,18564,0.01892
RVNUSDT,BUY,LIMIT,1701303934357,45383,0.01894
RVNUSDT,SELL,LIMIT,1701311021250,115970,0.01824
RVNUSDT,BUY,LIMIT,1701315556905,3482,0.01901
RVNUSDT,BUY,LIMIT,1701329248165,2220,0.01905
RVNUSDT,SELL,LIMIT,1701331009898,445,0.01843
RVNUSDT,SELL,LIMIT,1701331205923,129704,0.01843
RVNUSDT,BUY,LIMIT,1701345561099,16374,0.01915
RVNUSDT,BUY,LIMIT,1701345566192,26609,0.01916
RVNUSDT,SELL,LIMIT,1701347062606,825,0.01849
RVNUSDT,SELL,LIMIT,1701352918808,578,0.01829
RVNUSDT,SELL,LIMIT,1701353046793,2238,0.01820
RVNUSDT,SELL,LIMIT,1701355130998,383,0.01813
RVNUSDT,BUY,LIMIT,1701362022313,42414,0.01875
RVNUSDT,BUY,LIMIT,1701363408311,96930,0.01919
RVNUSDT,BUY,LIMIT,1701372427379,1586,0.01905
RVNUSDT,SELL,LIMIT,1701385346937,886,0.01836
RVNUSDT,SELL,LIMIT,1701410921810,800,0.01843
RVNUSDT,SELL,LIMIT,1701433318153,55762,0.01847
RVNUSDT,SELL,LIMIT,1701434103231,2591,0.01844
RVNUSDT,SELL,LIMIT,1701441863929,80509,0.01828
RVNUSDT,SELL,LIMIT,1701442123856,3077,0.01826
RVNUSDT,SELL,LIMIT,1701442488114,2300,0.01822
RVNUSDT,SELL,LIMIT,1701443686542,1064,0.01831
RVNUSDT,SELL,LIMIT,1701447917051,49335,0.01852
RVNUSDT,SELL,LIMIT,1701483594583,108456,0.01836
RVNUSDT,SELL,LIMIT,1701486000370,3545,0.01829
RVNUSDT,BUY,LIMIT,1701486002223,11,0.01884
RVNUSDT,SELL,LIMIT,1701486022187,3618,0.01829
RVNUSDT,BUY,LIMIT,1701494882019,2794,0.01901
RVNUSDT,SELL,LIMIT,1701502672692,703,0.01838
RVNUSDT,BUY,LIMIT,1701507914491,712,0.01908
