Symbol,Side,Order Type,Time,Quantity,Price
RVNUSDT,BUY,LIMIT,1701922274461,84101,0.02212
RVNUSDT,BUY,LIMIT,1701923830735,18887,0.02234
RVNUSDT,BUY,LIMIT,1701923840404,63390,0.02234
RVNUSDT,BUY,LIMIT,1701925649966,931,0.02238
RVNUSDT,BUY,LIMIT,1701925681261,143170,0.02240
RVNUSDT,BUY,LIMIT,1701926888061,8445,0.02241
RVNUSDT,BUY,LIMIT,1701926935070,5654,0.02242
RVNUSDT,BUY,LIMIT,1701926943072,6907,0.02242
RVNUSDT,BUY,LIMIT,1701926950366,9896,0.02244
RVNUSDT,SELL,LIMIT,1701933483336,1776,0.02168
RVNUSDT,SELL,LIMIT,1701937823131,9000,0.02144
RVNUSDT,SELL,LIMIT,1701940546671,137590,0.02118
RVNUSDT,SELL,LIMIT,1701940568890,2787,0.02110
RVNUSDT,SELL,LIMIT,1701940711267,23780,0.02106
RVNUSDT,BUY,LIMIT,1701940874674,16269,0.02177
RVNUSDT,SELL,LIMIT,1701941157137,25885,0.02096
RVNUSDT,SELL,LIMIT,1701941167182,1361,0.02092
RVNUSDT,SELL,LIMIT,1701941175156,2174,0.02087
RVNUSDT,SELL,LIMIT,1701941186237,9410,0.02087
RVNUSDT,SELL,LIMIT,1701941188348,1969,0.02084
RVNUSDT,SELL,LIMIT,1701941192334,4704,0.02083
RVNUSDT,SELL,LIMIT,1701941246453,22706,0.02078
RVNUSDT,BUY,LIMIT,1701941298276,100667,0.02154
RVNUSDT,BUY,LIMIT,1701941494375,19672,0.02164
RVNUSDT,BUY,LIMIT,1701947789227,5222,0.02206
RVNUSDT,SELL,LIMIT,1701960603201,85982,0.02190
RVNUSDT,SELL,LIMIT,1701964919480,51240,0.02171
RVNUSDT,SELL,LIMIT,1701968679331,112651,0.02187
RVNUSDT,SELL,LIMIT,1701970992173,34648,0.02174
RVNUSDT,SELL,LIMIT,1701974305070,273,0.02160
RVNUSDT,SELL,LIMIT,1701977091586,15875,0.02161
RVNUSDT,BUY,LIMIT,1701995678178,758,0.02279
RVNUSDT,BUY,LIMIT,1701996002426,1546,0.02280
RVNUSDT,BUY,LIMIT,1702007154541,1266,0.02260
RVNUSDT,SELL,LIMIT,1702012123293,11150,0.02171
RVNUSDT,BUY,LIMIT,1702016693398,7771,0.02256
RVNUSDT,SELL,LIMIT,1702020183977,8849,0.02167
RVNUSDT,SELL,LIMIT,1702020644044,2168,0.02154
RVNUSDT,BUY,LIMIT,1702031758100,7267,0.02285
RVNUSDT,SELL,LIMIT,1702032112897,24014,0.02212
RVNUSDT,BUY,LIMIT,1702035162393,320,0.02273
RVNUSDT,BUY,LIMIT,1702035891526,32885,0.02271
RVNUSDT,SELL,LIMIT,1702036067467,453,0.02290
RVNUSDT,SELL,LIMIT,1702040144852,101779,0.02211
RVNUSDT,SELL,LIMIT,1702040819340,17517,0.02198
RVNUSDT,SELL,LIMIT,1702041183210,34770,0.02194
RVNUSDT,BUY,LIMIT,1702042987800,22836,0.02272
RVNUSDT,BUY,LIMIT,1702046395638,16626,0.02291
RVNUSDT,BUY,LIMIT,1702046455687,255,0.02293
RVNUSDT,SELL,LIMIT,1702047215542,42964,0.02221
RVNUSDT,BUY,LIMIT,1702048341969,849,0.02307
RVNUSDT,BUY,LIMIT,1702048448840,110277,0.02310
RVNUSDT,BUY,LIMIT,1702050231344,3119,0.02319
RVNUSDT,BUY,LIMIT,1702052529167,2590,0.02321
RVNUSDT,BUY,LIMIT,1702052530226,3323,0.02321
RVNUSDT,SELL,LIMIT,1702055304288,2928,0.02226
RVNUSDT,SELL,LIMIT,1702057385508,4420,0.02224
RVNUSDT,BUY,LIMIT,1702058212679,5498,0.02310
RVNUSDT,SELL,LIMIT,1702058556682,84598,0.02237
RVNUSDT,BUY,LIMIT,1702061638327,241,0.02304
RVNUSDT,SELL,LIMIT,1702068085439,269738,0.02241
RVNUSDT,SELL,LIMIT,1702069043525,891,0.02246
RVNUSDT,BUY,LIMIT,1702077091618,949,0.02322
RVNUSDT,SELL,LIMIT,1702079161740,1226,0.02269
RVNUSDT,BUY,LIMIT,1702080384183,900,0.02338
RVNUSDT,BUY,LIMIT,1702080393973,27994,0.02342
RVNUSDT,BUY,LIMIT,1702080402587,5710,0.02343
RVNUSDT,BUY,LIMIT,1702080687269,5375,0.02344
RVNUSDT,BUY,LIMIT,1702081491640,220,0.02337
RVNUSDT,BUY,LIMIT,1702081578458,34585,0.02338
RVNUSDT,BUY,LIMIT,1702081703805,16995,0.02342
RVNUSDT,BUY,LIMIT,1702082044911,9384,0.02342
RVNUSDT,BUY,LIMIT,1702082078237,5665,0.02343
RVNUSDT,BUY,LIMIT,1702082974938,5700,0.02343
RVNUSDT,BUY,LIMIT,1702087939275,5000,0.02354
RVNUSDT,BUY,LIMIT,1702088017081,10587,0.02368
RVNUSDT,BUY,LIMIT,1702088056503,18479,0.02372
RVNUSDT,BUY,LIMIT,1702088148072,9262,0.02377
RVNUSDT,BUY,LIMIT,1702091266960,8248,0.02362
RVNUSDT,BUY,LIMIT,1702093137463,2269,0.02381
RVNUSDT,BUY,LIMIT,1702093872107,2285,0.02384
RVNUSDT,BUY,LIMIT,1702093887990,500,0.02387
RVNUSDT,BUY,LIMIT,1702094021530,7076,0.02400
RVNUSDT,BUY,LIMIT,1702096330926,1219,0.02422
RVNUSDT,BUY,LIMIT,1702097015462,27,0.02434
RVNUSDT,BUY,LIMIT,1702097068075,11480,0.02446
RVNUSDT,BUY,LIMIT,1702097082770,449,0.02448
RVNUSDT,BUY,LIMIT,1702097091244,2593,0.02450
RVNUSDT,BUY,LIMIT,1702097200819,4683,0.02458
RVNUSDT,BUY,LIMIT,1702097212156,5750,0.02459
RVNUSDT,BUY,LIMIT,1702097273392,61324,0.02473
RVNUSDT,BUY,LIMIT,1702097325577,200,0.02479
RVNUSDT,BUY,LIMIT,1702099759080,1325,0.02486
RVNUSDT,BUY,LIMIT,1702099781542,2568,0.02491
RVNUSDT,BUY,LIMIT,1702100314575,945,0.02507
RVNUSDT,BUY,LIMIT,1702100351890,31875,0.02514
RVNUSDT,BUY,LIMIT,1702100456681,10496,0.02526
RVNUSDT,BUY,LIMIT,1702100465200,6349,0.02529
RVNUSDT,BUY,LIMIT,1702101000632,304,0.02534
RVNUSDT,BUY,LIMIT,1702101037929,82,0.02536
RVNUSDT,BUY,LIMIT,1702101712293,2166,0.02540
RVNUSDT,SELL,LIMIT,1702101988439,200000,0.02452
RVNUSDT,SELL,LIMIT,1702102022334,10373,0.02449
RVNUSDT,BUY,LIMIT,1702102929864,5697,0.02489
RVNUSDT,SELL,LIMIT,1702103278319,201207,0.02405
RVNUSDT,BUY,LIMIT,1702103376621,5697,0.02477
RVNUSDT,SELL,LIMIT,1702103910934,1457,0.02396
RVNUSDT,SELL,LIMIT,1702104287311,204750,0.02392
RVNUSDT,BUY,LIMIT,1702109295313,61781,0.02479
RVNUSDT,BUY,LIMIT,1702109779332,36822,0.02465
RVNUSDT,SELL,LIMIT,1702110904992,204389,0.02381
RVNUSDT,SELL,LIMIT,1702110910323,1863,0.02380
RVNUSDT,SELL,LIMIT,1702110923054,51664,0.02374
RVNUSDT,SELL,LIMIT,1702110970061,226,0.02369
RVNUSDT,SELL,LIMIT,1702110973568,866,0.02368
RVNUSDT,SELL,LIMIT,1702110977657,9412,0.02365
RVNUSDT,SELL,LIMIT,1702110982493,6167,0.02359
RVNUSDT,SELL,LIMIT,1702110993939,23979,0.02358
RVNUSDT,SELL,LIMIT,1702111029134,921,0.02356
RVNUSDT,SELL,LIMIT,1702111031400,443,0.02358
RVNUSDT,SELL,LIMIT,1702111044421,200964,0.02348
RVNUSDT,SELL,LIMIT,1702111203217,30499,0.02340
RVNUSDT,BUY,LIMIT,1702111223247,144177,0.02421
RVNUSDT,SELL,LIMIT,1702111380568,6564,0.02330
RVNUSDT,SELL,LIMIT,1702111387767,9579,0.02327
RVNUSDT,SELL,LIMIT,1702111389852,208940,0.02325
RVNUSDT,BUY,LIMIT,1702111518087,3383,0.02419
RVNUSDT,BUY,LIMIT,1702112500210,249,0.02452
RVNUSDT,BUY,LIMIT,1702112689348,989,0.02458
RVNUSDT,SELL,LIMIT,1702113841067,55753,0.02393
RVNUSDT,SELL,LIMIT,1702114981182,204834,0.02373
RVNUSDT,BUY,LIMIT,1702126358779,5711,0.02474
RVNUSDT,SELL,LIMIT,1702127600942,102585,0.02390
RVNUSDT,SELL,LIMIT,1702128680197,412,0.02379
RVNUSDT,SELL,LIMIT,1702132270843,564,0.02420
RVNUSDT,SELL,LIMIT,1702135423317,39337,0.02369
RVNUSDT,BUY,LIMIT,1702137414191,51362,0.02484
RVNUSDT,SELL,LIMIT,1702137683878,44879,0.02404
RVNUSDT,BUY,LIMIT,1702138353424,5359,0.02491
RVNUSDT,SELL,LIMIT,1702139008152,3000,0.02404
RVNUSDT,SELL,LIMIT,1702139124132,801,0.02401
RVNUSDT,SELL,LIMIT,1702139275511,88688,0.02404
RVNUSDT,SELL,LIMIT,1702140753204,7468,0.02399
RVNUSDT,SELL,LIMIT,1702141213469,48512,0.02388
RVNUSDT,SELL,LIMIT,1702141759556,2089,0.02372
RVNUSDT,SELL,LIMIT,1702141857159,1497,0.02369
RVNUSDT,BUY,LIMIT,1702143249067,2955,0.02454
RVNUSDT,BUY,LIMIT,1702145849258,1906,0.02464
RVNUSDT,SELL,LIMIT,1702153707183,36745,0.02375
RVNUSDT,SELL,LIMIT,1702153866099,2663,0.02367
RVNUSDT,SELL,LIMIT,1702153915659,58913,0.02360
RVNUSDT,SELL,LIMIT,1702162580784,49688,0.02362
RVNUSDT,SELL,LIMIT,1702164144454,2058,0.02349
RVNUSDT,SELL,LIMIT,1702164146740,46551,0.02347
RVNUSDT,SELL,LIMIT,1702164209204,10159,0.02350
RVNUSDT,SELL,LIMIT,1702164537732,19951,0.02333
RVNUSDT,SELL,LIMIT,1702164541010,465,0.02331
RVNUSDT,SELL,LIMIT,1702164543368,15491,0.02328
RVNUSDT,SELL,LIMIT,1702164574397,1167,0.02331
RVNUSDT,SELL,LIMIT,1702164677390,35000,0.02331
RVNUSDT,SELL,LIMIT,1702164688818,738,0.02330
RVNUSDT,SELL,LIMIT,1702164747642,2175,0.02328
RVNUSDT,SELL,LIMIT,1702164752336,88769,0.02326
RVNUSDT,SELL,LIMIT,1702164758143,24505,0.02323
RVNUSDT,SELL,LIMIT,1702164791424,1186,0.02326
RVNUSDT,SELL,LIMIT,1702164793316,6313,0.02322
RVNUSDT,SELL,LIMIT,1702164801062,34011,0.02319
RVNUSDT,SELL,LIMIT,1702164802750,51996,0.02336
RVNUSDT,SELL,LIMIT,1702164804332,8177,0.02310
RVNUSDT,SELL,LIMIT,1702164810461,52961,0.02306
RVNUSDT,SELL,LIMIT,1702164811647,131482,0.02305
RVNUSDT,BUY,LIMIT,1702166479600,2377,0.02396
RVNUSDT,SELL,LIMIT,1702174567653,1505,0.02340
RVNUSDT,BUY,LIMIT,1702182025548,10904,0.02437
RVNUSDT,BUY,LIMIT,1702185998897,9249,0.02451
RVNUSDT,SELL,LIMIT,1702192466483,1921,0.02360
RVNUSDT,SELL,LIMIT,1702196803056,441,0.02344
RVNUSDT,SELL,LIMIT,1702200891025,6533,0.02315
RVNUSDT,SELL,LIMIT,1702200925202,521,0.02312
RVNUSDT,SELL,LIMIT,1702200938062,210,0.02308
RVNUSDT,SELL,LIMIT,1702201478615,414,0.02303
RVNUSDT,SELL,LIMIT,1702202051702,413,0.02300
RVNUSDT,SELL,LIMIT,1702202160309,4144,0.02294
RVNUSDT,SELL,LIMIT,1702202260732,2862,0.02291
RVNUSDT,SELL,LIMIT,1702202262251,12077,0.02290
RVNUSDT,SELL,LIMIT,1702202267740,2165,0.02289
RVNUSDT,SELL,LIMIT,1702202290103,1266,0.02288
RVNUSDT,SELL,LIMIT,1702202298408,4384,0.02286
RVNUSDT,SELL,LIMIT,1702202318311,3865,0.02285
RVNUSDT,SELL,LIMIT,1702202325294,3698,0.02283
RVNUSDT,SELL,LIMIT,1702202373631,20712,0.02281
RVNUSDT,SELL,LIMIT,1702202380132,3865,0.02281
RVNUSDT,SELL,LIMIT,1702202399446,2075,0.02279
RVNUSDT,BUY,LIMIT,1702206045930,1567,0.02398
RVNUSDT,BUY,LIMIT,1702206611396,464,0.02407
RVNUSDT,SELL,LIMIT,1702207960283,21249,0.02327
RVNUSDT,SELL,LIMIT,1702211635222,1425,0.02340
RVNUSDT,SELL,LIMIT,1702211743113,519,0.02339
RVNUSDT,SELL,LIMIT,1702214827569,157418,0.02334
RVNUSDT,SELL,LIMIT,1702214906578,546,0.02331
RVNUSDT,SELL,LIMIT,1702228535217,39727,0.02331
RVNUSDT,SELL,LIMIT,1702229300125,7160,0.02325
RVNUSDT,SELL,LIMIT,1702230139014,20642,0.02322
RVNUSDT,SELL,LIMIT,1702230256598,105708,0.02320
RVNUSDT,BUY,LIMIT,1702232748548,7932,0.02413
RVNUSDT,BUY,LIMIT,1702240695644,33444,0.02439
RVNUSDT,BUY,LIMIT,1702241073818,4571,0.02444
RVNUSDT,SELL,LIMIT,1702241182472,61,0.02374
RVNUSDT,BUY,LIMIT,1702241377424,457,0.02450
RVNUSDT,SELL,LIMIT,1702243714088,4076,0.02360
RVNUSDT,SELL,LIMIT,1702245715486,1237,0.02353
RVNUSDT,SELL,LIMIT,1702248598142,632,0.02357
RVNUSDT,SELL,LIMIT,1702250298634,51330,0.02348
RVNUSDT,SELL,LIMIT,1702255889012,14861,0.02374
RVNUSDT,SELL,LIMIT,1702256917451,5590,0.02326
RVNUSDT,SELL,LIMIT,1702257343099,36885,0.02330
RVNUSDT,SELL,LIMIT,1702260430707,100000,0.02342
RVNUSDT,SELL,LIMIT,1702260432666,4570,0.02310
RVNUSDT,SELL,LIMIT,1702260439424,61311,0.02304
RVNUSDT,SELL,LIMIT,1702260440956,1773,0.02306
RVNUSDT,SELL,LIMIT,1702260443388,25261,0.02305
RVNUSDT,SELL,LIMIT,1702260618787,201,0.02295
RVNUSDT,SELL,LIMIT,1702260623835,85629,0.02293
RVNUSDT,SELL,LIMIT,1702260625200,210437,0.02291
RVNUSDT,BUY,LIMIT,1702260628389,4187,0.02356
RVNUSDT,SELL,LIMIT,1702260631537,2100,0.02286
RVNUSDT,SELL,LIMIT,1702260632870,831,0.02287
RVNUSDT,SELL,LIMIT,1702260636284,104403,0.02279
RVNUSDT,SELL,LIMIT,1702260667137,21070,0.02279
RVNUSDT,SELL,LIMIT,1702260690672,1014,0.02278
RVNUSDT,SELL,LIMIT,1702260696154,1674,0.02273
RVNUSDT,SELL,LIMIT,1702260699262,35448,0.02273
RVNUSDT,SELL,LIMIT,1702260705951,4630,0.02273
RVNUSDT,SELL,LIMIT,1702260709230,2118,0.02267
RVNUSDT,SELL,LIMIT,1702260710287,741,0.02267
RVNUSDT,SELL,LIMIT,1702260711369,25113,0.02286
RVNUSDT,SELL,LIMIT,1702260712708,1329,0.02265
RVNUSDT,SELL,LIMIT,1702260714368,43634,0.02258
RVNUSDT,SELL,LIMIT,1702260715744,6216,0.02258
RVNUSDT,SELL,LIMIT,1702260716805,256,0.02258
RVNUSDT,SELL,LIMIT,1702260720380,35987,0.02255
RVNUSDT,SELL,LIMIT,1702260721825,41248,0.02257
RVNUSDT,SELL,LIMIT,1702260723551,20764,0.02252
RVNUSDT,SELL,LIMIT,1702260724719,4003,0.02254
RVNUSDT,SELL,LIMIT,1702260727966,67,0.02248
RVNUSDT,SELL,LIMIT,1702260729214,650,0.02249
RVNUSDT,SELL,LIMIT,1702260730542,19980,0.02244
RVNUSDT,SELL,LIMIT,1702260732946,829857,0.02223
RVNUSDT,SELL,LIMIT,1702260734280,1618,0.02239
RVNUSDT,SELL,LIMIT,1702260735826,3547,0.02237
RVNUSDT,SELL,LIMIT,1702260737364,4922,0.02230
RVNUSDT,SELL,LIMIT,1702260738547,43761,0.02235
RVNUSDT,SELL,LIMIT,1702260740662,3225,0.02227
RVNUSDT,SELL,LIMIT,1702260741690,7997,0.02223
RVNUSDT,SELL,LIMIT,1702260742946,4248,0.02219
RVNUSDT,SELL,LIMIT,1702260746183,1714,0.02218
RVNUSDT,SELL,LIMIT,1702260747633,1722,0.02208
RVNUSDT,SELL,LIMIT,1702260748957,26534,0.02208
RVNUSDT,SELL,LIMIT,1702260750304,100396,0.02215
RVNUSDT,SELL,LIMIT,1702260751710,18313,0.02209
RVNUSDT,SELL,LIMIT,1702260752824,827,0.02189
RVNUSDT,SELL,LIMIT,1702260754863,202142,0.02195
RVNUSDT,SELL,LIMIT,1702260756294,2688,0.02195
RVNUSDT,SELL,LIMIT,1702260757629,5192,0.02193
RVNUSDT,SELL,LIMIT,1702260758904,15841,0.02196
RVNUSDT,SELL,LIMIT,1702260760033,1419,0.02187
RVNUSDT,SELL,LIMIT,1702260761086,19591,0.02182
RVNUSDT,SELL,LIMIT,1702260762596,203,0.02175
RVNUSDT,SELL,LIMIT,1702260763733,4200,0.02175
RVNUSDT,SELL,LIMIT,1702260764755,205,0.02183
RVNUSDT,SELL,LIMIT,1702260766269,25027,0.02188
RVNUSDT,SELL,LIMIT,1702260767390,4122,0.02173
RVNUSDT,SELL,LIMIT,1702260768499,87317,0.02166
RVNUSDT,SELL,LIMIT,1702260769548,189373,0.02165
RVNUSDT,SELL,LIMIT,1702260770727,30000,0.02149
RVNUSDT,SELL,LIMIT,1702260771819,421,0.02149
RVNUSDT,SELL,LIMIT,1702260772867,824,0.02149
RVNUSDT,SELL,LIMIT,1702260773871,29093,0.02205
RVNUSDT,SELL,LIMIT,1702260774872,340808,0.02140
RVNUSDT,SELL,LIMIT,1702260775878,215,0.02141
RVNUSDT,SELL,LIMIT,1702260776917,203,0.02133
RVNUSDT,SELL,LIMIT,1702260778207,203,0.02136
RVNUSDT,SELL,LIMIT,1702260779275,100000,0.02129
RVNUSDT,SELL,LIMIT,1702260780550,5402,0.02127
RVNUSDT,SELL,LIMIT,1702260781594,203,0.02129
RVNUSDT,SELL,LIMIT,1702260783050,203,0.02129
RVNUSDT,SELL,LIMIT,1702260784345,1,0.02118
RVNUSDT,SELL,LIMIT,1702260785639,123900,0.02126
RVNUSDT,SELL,LIMIT,1702260786744,1048218,0.02110
RVNUSDT,SELL,LIMIT,1702260788053,8510,0.02123
RVNUSDT,SELL,LIMIT,1702260789153,41169,0.02141
RVNUSDT,SELL,LIMIT,1702260790655,8440,0.02114
RVNUSDT,SELL,LIMIT,1702260791721,1362,0.02114
RVNUSDT,SELL,LIMIT,1702260793247,91245,0.02115
RVNUSDT,SELL,LIMIT,1702260794317,14292,0.02107
RVNUSDT,SELL,LIMIT,1702260795535,245,0.02106
RVNUSDT,SELL,LIMIT,1702260796855,17662,0.02102
RVNUSDT,SELL,LIMIT,1702260799278,11327,0.02101
RVNUSDT,SELL,LIMIT,1702260800477,5133,0.02101
RVNUSDT,SELL,LIMIT,1702260801518,193373,0.02102
RVNUSDT,SELL,LIMIT,1702260802635,3215,0.02101
RVNUSDT,SELL,LIMIT,1702260803906,1111,0.02100
RVNUSDT,SELL,LIMIT,1702260805393,2244,0.02098
RVNUSDT,SELL,LIMIT,1702260806811,12958,0.02096
RVNUSDT,SELL,LIMIT,1702260807860,5241,0.02095
RVNUSDT,SELL,LIMIT,1702260808860,16116,0.02094
RVNUSDT,SELL,LIMIT,1702260810598,1252,0.02091
RVNUSDT,SELL,LIMIT,1702260811636,1095092,0.02111
RVNUSDT,SELL,LIMIT,1702260813080,16542,0.02088
RVNUSDT,SELL,LIMIT,1702260814490,10593,0.02068
RVNUSDT,SELL,LIMIT,1702260818085,102796,0.02071
RVNUSDT,SELL,LIMIT,1702260821961,82297,0.02069
RVNUSDT,SELL,LIMIT,1702260828789,254,0.02067
RVNUSDT,SELL,LIMIT,1702260834833,10,0.02077
RVNUSDT,SELL,LIMIT,1702260841329,3,0.02110
RVNUSDT,SELL,LIMIT,1702262873708,2426,0.02127
RVNUSDT,BUY,LIMIT,1702265863796,4957,0.02256
RVNUSDT,SELL,LIMIT,1702267233195,4494,0.02168
RVNUSDT,SELL,LIMIT,1702267989185,4836,0.02166
RVNUSDT,SELL,LIMIT,1702268475805,874,0.02161
