Symbol,Side,Order Type,Time,Quantity,Price
SANDUSDT,SELL,LIMIT,1700852955682,1058,0.39867
SANDUSDT,BUY,LIMIT,1700860606509,243,0.41031
SANDUSDT,BUY,LIMIT,1700866072375,6802,0.40856
SANDUSDT,BUY,LIMIT,1700871678185,511,0.41063
SANDUSDT,BUY,LIMIT,1700871680257,52,0.41069
SANDUSDT,BUY,LIMIT,1700871696963,856,0.41090
SANDUSDT,BUY,LIMIT,1700876365341,87,0.41264
SANDUSDT,BUY,LIMIT,1700876369284,454,0.41286
SANDUSDT,BUY,LIMIT,1700876373938,332,0.41295
SANDUSDT,BUY,LIMIT,1700876475034,1156,0.41355
SANDUSDT,BUY,LIMIT,1700877785664,11335,0.41495
SANDUSDT,BUY,LIMIT,1700877803088,6139,0.41509
SANDUSDT,BUY,LIMIT,1700878015063,15160,0.41601
SANDUSDT,BUY,LIMIT,1700879281324,3305,0.41689
SANDUSDT,BUY,LIMIT,1700880465193,5945,0.41894
SANDUSDT,BUY,LIMIT,1700880735194,27,0.42021
SANDUSDT,BUY,LIMIT,1700881347164,5752,0.42052
SANDUSDT,BUY,LIMIT,1700881348175,249,0.42052
SANDUSDT,BUY,LIMIT,1700881701247,1244,0.42164
SANDUSDT,BUY,LIMIT,1700881814947,580,0.42250
SANDUSDT,BUY,LIMIT,1700883399079,14,0.42276
SANDUSDT,BUY,LIMIT,1700883870125,1087,0.42360
SANDUSDT,BUY,LIMIT,1700883896102,928,0.42443
SANDUSDT,BUY,LIMIT,1700884838162,66,0.42238
SANDUSDT,BUY,LIMIT,1700885781094,2683,0.42563
SANDUSDT,BUY,LIMIT,1700885987111,722,0.42666
SANDUSDT,BUY,LIMIT,1700885998699,1494,0.42672
SANDUSDT,BUY,LIMIT,1700886004432,304,0.42676
SANDUSDT,BUY,LIMIT,1700886429097,1724,0.42761
SANDUSDT,BUY,LIMIT,1700887156455,260,0.42792
SANDUSDT,BUY,LIMIT,1700887168120,278,0.42839
SANDUSDT,BUY,LIMIT,1700887174694,11892,0.42874
SANDUSDT,BUY,LIMIT,1700888516715,1278,0.43003
SANDUSDT,BUY,LIMIT,1700888537331,495,0.43018
SANDUSDT,BUY,LIMIT,1700888544701,225,0.43029
SANDUSDT,BUY,LIMIT,1700888652831,11888,0.43088
SANDUSDT,SELL,LIMIT,1700890326146,12,0.41995
SANDUSDT,SELL,LIMIT,1700892737016,418,0.41819
SANDUSDT,BUY,LIMIT,1700898427463,447,0.43086
SANDUSDT,BUY,LIMIT,1700898519566,106,0.43233
SANDUSDT,BUY,LIMIT,1700898524052,17,0.43277
SANDUSDT,BUY,LIMIT,1700898531000,273,0.43321
SANDUSDT,BUY,LIMIT,1700898535057,11476,0.43376
SANDUSDT,BUY,LIMIT,1700898545250,6398,0.43453
SANDUSDT,BUY,LIMIT,1700898565037,400,0.43522
SANDUSDT,BUY,LIMIT,1700898571836,3326,0.43539
SANDUSDT,BUY,LIMIT,1700898586233,7315,0.43561
SANDUSDT,BUY,LIMIT,1700898603180,650,0.43609
SANDUSDT,BUY,LIMIT,1700898630713,992,0.43637
SANDUSDT,BUY,LIMIT,1700898651434,35,0.43662
SANDUSDT,BUY,LIMIT,1700898703133,676,0.43851
SANDUSDT,BUY,LIMIT,1700898707664,2664,0.43900
SANDUSDT,BUY,LIMIT,1700898710606,233,0.43920
SANDUSDT,BUY,LIMIT,1700898719801,178,0.43996
SANDUSDT,BUY,LIMIT,1700898732299,238,0.44089
SANDUSDT,BUY,LIMIT,1700898741419,756,0.44101
SANDUSDT,BUY,LIMIT,1700898769211,353,0.44191
SANDUSDT,BUY,LIMIT,1700898775899,116,0.44214
SANDUSDT,BUY,LIMIT,1700898785135,6273,0.44254
SANDUSDT,BUY,LIMIT,1700901396309,14,0.44050
SANDUSDT,SELL,LIMIT,1700904410459,671,0.42915
SANDUSDT,SELL,LIMIT,1700905193299,20,0.42579
SANDUSDT,SELL,LIMIT,1700908432409,413,0.42421
SANDUSDT,SELL,LIMIT,1700908504577,2469,0.42388
SANDUSDT,SELL,LIMIT,1700908519679,31400,0.42358
SANDUSDT,SELL,LIMIT,1700908553438,1037,0.42361
SANDUSDT,SELL,LIMIT,1700912670835,111,0.42215
SANDUSDT,BUY,LIMIT,1700916425495,26,0.42899
SANDUSDT,SELL,LIMIT,1700917378830,761,0.42190
SANDUSDT,SELL,LIMIT,1700917911496,520,0.42151
SANDUSDT,BUY,LIMIT,1700922747296,331,0.43402
SANDUSDT,BUY,LIMIT,1700923345967,88,0.43649
SANDUSDT,BUY,LIMIT,1700923348169,378,0.43665
SANDUSDT,BUY,LIMIT,1700928106148,11660,0.43640
SANDUSDT,BUY,LIMIT,1700937281238,106,0.43368
