Symbol,Side,Order Type,Time,Quantity,Price
SANDUSDT,SELL,LIMIT,1701918654152,65,0.44398
SANDUSDT,BUY,LIMIT,1701922494297,632,0.45449
SANDUSDT,BUY,LIMIT,1701923851383,447,0.45581
SANDUSDT,BUY,LIMIT,1701925144212,33,0.45693
SANDUSDT,BUY,LIMIT,1701926888061,422,0.45891
SANDUSDT,BUY,LIMIT,1701926943072,325,0.45954
SANDUSDT,BUY,LIMIT,1701929146529,2648,0.46191
SANDUSDT,BUY,LIMIT,1701929520647,1680,0.46226
SANDUSDT,BUY,LIMIT,1701929539082,16003,0.46315
SANDUSDT,BUY,LIMIT,1701929549383,131,0.46357
SANDUSDT,BUY,LIMIT,1701929551153,240,0.46377
SANDUSDT,BUY,LIMIT,1701930353525,6519,0.46648
SANDUSDT,BUY,LIMIT,1701930377208,519,0.46671
SANDUSDT,BUY,LIMIT,1701930506952,404,0.46730
SANDUSDT,SELL,LIMIT,1701936787898,802,0.45465
SANDUSDT,SELL,LIMIT,1701936880492,1011,0.45340
SANDUSDT,SELL,LIMIT,1701936888684,183,0.45321
SANDUSDT,SELL,LIMIT,1701936912149,110,0.45238
SANDUSDT,SELL,LIMIT,1701936923182,1906,0.45160
SANDUSDT,SELL,LIMIT,1701937385638,663,0.45039
SANDUSDT,SELL,LIMIT,1701937823754,1000,0.45004
SANDUSDT,SELL,LIMIT,1701939112794,1600,0.44939
SANDUSDT,SELL,LIMIT,1701939131214,185,0.44870
SANDUSDT,SELL,LIMIT,1701939472457,5294,0.44646
SANDUSDT,SELL,LIMIT,1701939912642,3527,0.44570
SANDUSDT,SELL,LIMIT,1701939930267,883,0.44562
SANDUSDT,SELL,LIMIT,1701940011299,1050,0.44502
SANDUSDT,SELL,LIMIT,1701940012430,75,0.44490
SANDUSDT,SELL,LIMIT,1701940469330,1093,0.44318
SANDUSDT,SELL,LIMIT,1701940547166,70,0.44287
SANDUSDT,SELL,LIMIT,1701940549411,37479,0.44250
SANDUSDT,SELL,LIMIT,1701940561722,1032,0.44160
SANDUSDT,SELL,LIMIT,1701940564312,2321,0.44124
SANDUSDT,SELL,LIMIT,1701940670505,33,0.44085
SANDUSDT,SELL,LIMIT,1701940991192,737,0.44045
SANDUSDT,SELL,LIMIT,1701941017557,3549,0.43961
SANDUSDT,SELL,LIMIT,1701941039495,4388,0.43929
SANDUSDT,SELL,LIMIT,1701941066067,2122,0.43896
SANDUSDT,SELL,LIMIT,1701941068405,120,0.43883
SANDUSDT,SELL,LIMIT,1701941071387,440,0.43860
SANDUSDT,SELL,LIMIT,1701941072520,3151,0.43853
SANDUSDT,SELL,LIMIT,1701941076304,1764,0.43815
SANDUSDT,SELL,LIMIT,1701941151061,2822,0.43780
SANDUSDT,SELL,LIMIT,1701941160220,332,0.43648
SANDUSDT,SELL,LIMIT,1701941161394,2432,0.43659
SANDUSDT,SELL,LIMIT,1701941165027,1655,0.43627
SANDUSDT,SELL,LIMIT,1701941171241,6169,0.43605
SANDUSDT,SELL,LIMIT,1701941184194,46,0.43521
SANDUSDT,SELL,LIMIT,1701941185229,484,0.43497
SANDUSDT,SELL,LIMIT,1701941186605,619,0.43467
SANDUSDT,SELL,LIMIT,1701941188347,137,0.43433
SANDUSDT,SELL,LIMIT,1701941189874,337,0.43426
SANDUSDT,SELL,LIMIT,1701941192180,6702,0.43407
SANDUSDT,SELL,LIMIT,1701941246453,2142,0.43392
SANDUSDT,SELL,LIMIT,1701941248116,27,0.43390
SANDUSDT,SELL,LIMIT,1701941256308,13,0.43362
SANDUSDT,SELL,LIMIT,1701941257414,1415,0.43364
SANDUSDT,SELL,LIMIT,1701942382374,12,0.44273
SANDUSDT,BUY,LIMIT,1701950638850,55,0.44746
SANDUSDT,BUY,LIMIT,1701959314444,208,0.45078
SANDUSDT,BUY,LIMIT,1701962771779,9466,0.45472
SANDUSDT,BUY,LIMIT,1701963586507,2608,0.45816
SANDUSDT,BUY,LIMIT,1701968146393,90,0.46367
SANDUSDT,BUY,LIMIT,1701969932350,68697,0.46543
SANDUSDT,BUY,LIMIT,1701970012208,2025,0.46563
SANDUSDT,BUY,LIMIT,1701970068866,265,0.46601
SANDUSDT,BUY,LIMIT,1701971753362,1761,0.46708
SANDUSDT,BUY,LIMIT,1701972034480,5000,0.46882
SANDUSDT,BUY,LIMIT,1701972036331,407,0.46899
SANDUSDT,SELL,LIMIT,1701976641304,17,0.45556
SANDUSDT,SELL,LIMIT,1701976869913,10801,0.45368
SANDUSDT,SELL,LIMIT,1701977142988,10808,0.45334
SANDUSDT,SELL,LIMIT,1701977159845,678,0.45286
SANDUSDT,SELL,LIMIT,1701977168287,1255,0.45268
SANDUSDT,SELL,LIMIT,1701977175281,8487,0.45250
SANDUSDT,SELL,LIMIT,1701977184596,2058,0.45218
SANDUSDT,SELL,LIMIT,1701977284658,252,0.45169
SANDUSDT,SELL,LIMIT,1701977288157,2734,0.45168
SANDUSDT,SELL,LIMIT,1701977301931,3470,0.45088
SANDUSDT,SELL,LIMIT,1701978095336,9170,0.45088
SANDUSDT,SELL,LIMIT,1701978254519,4339,0.45038
SANDUSDT,BUY,LIMIT,1701979889629,278,0.46224
SANDUSDT,BUY,LIMIT,1701984758936,42587,0.46464
SANDUSDT,SELL,LIMIT,1701989624555,1718,0.45680
SANDUSDT,SELL,LIMIT,1701997660157,53,0.45757
SANDUSDT,SELL,LIMIT,1701997746389,377,0.45675
SANDUSDT,SELL,LIMIT,1701997753341,2472,0.45635
SANDUSDT,SELL,LIMIT,1702005362141,11,0.46062
SANDUSDT,BUY,LIMIT,1702005633309,338,0.46770
SANDUSDT,BUY,LIMIT,1702005816564,91,0.46765
SANDUSDT,BUY,LIMIT,1702005824487,3895,0.46769
SANDUSDT,BUY,LIMIT,1702006669105,241,0.46808
SANDUSDT,SELL,LIMIT,1702007096293,11,0.46334
SANDUSDT,BUY,LIMIT,1702007154541,61,0.46890
SANDUSDT,BUY,LIMIT,1702009681148,2924,0.46906
SANDUSDT,BUY,LIMIT,1702015989024,166,0.46983
SANDUSDT,BUY,LIMIT,1702018380321,179,0.46678
SANDUSDT,SELL,LIMIT,1702020222550,1636,0.45826
SANDUSDT,SELL,LIMIT,1702020530518,28,0.45665
SANDUSDT,SELL,LIMIT,1702020642212,1672,0.45602
SANDUSDT,SELL,LIMIT,1702020643229,326,0.45596
SANDUSDT,SELL,LIMIT,1702020650557,20,0.45522
SANDUSDT,SELL,LIMIT,1702022558174,37,0.45520
SANDUSDT,SELL,LIMIT,1702023055713,3372,0.45474
SANDUSDT,BUY,LIMIT,1702027441267,14,0.46789
SANDUSDT,BUY,LIMIT,1702033211917,20,0.46917
SANDUSDT,BUY,LIMIT,1702034093268,114,0.47044
SANDUSDT,BUY,LIMIT,1702034320350,697,0.47099
SANDUSDT,BUY,LIMIT,1702034441000,543,0.47180
SANDUSDT,BUY,LIMIT,1702034883209,19,0.47219
SANDUSDT,BUY,LIMIT,1702034918264,1668,0.47320
SANDUSDT,BUY,LIMIT,1702034943916,9464,0.47333
SANDUSDT,BUY,LIMIT,1702034951214,18210,0.47402
SANDUSDT,BUY,LIMIT,1702034989926,201,0.47462
SANDUSDT,BUY,LIMIT,1702034991321,107,0.47485
SANDUSDT,BUY,LIMIT,1702034994720,15649,0.47538
SANDUSDT,BUY,LIMIT,1702035010963,800,0.47601
SANDUSDT,BUY,LIMIT,1702035045084,25,0.47695
SANDUSDT,BUY,LIMIT,1702035071406,299,0.47748
SANDUSDT,BUY,LIMIT,1702035162707,184,0.47563
SANDUSDT,BUY,LIMIT,1702035435096,7500,0.47828
SANDUSDT,BUY,LIMIT,1702035734215,37,0.47781
SANDUSDT,SELL,LIMIT,1702035931684,250,0.47744
SANDUSDT,BUY,LIMIT,1702035965428,634,0.47764
SANDUSDT,BUY,LIMIT,1702037814369,1207,0.47929
SANDUSDT,BUY,LIMIT,1702037881191,25,0.47995
SANDUSDT,BUY,LIMIT,1702037883235,12,0.48002
SANDUSDT,BUY,LIMIT,1702037893059,36,0.48055
SANDUSDT,SELL,LIMIT,1702038177479,1118,0.47233
SANDUSDT,SELL,LIMIT,1702042270288,525,0.46614
SANDUSDT,SELL,LIMIT,1702042272398,719,0.46609
SANDUSDT,BUY,LIMIT,1702042982658,35,0.47446
SANDUSDT,BUY,LIMIT,1702043677838,103,0.47617
SANDUSDT,BUY,LIMIT,1702044932147,275,0.47739
SANDUSDT,BUY,LIMIT,1702045727217,171,0.48112
SANDUSDT,BUY,LIMIT,1702045779519,410,0.48140
SANDUSDT,BUY,LIMIT,1702045885456,191,0.48147
SANDUSDT,BUY,LIMIT,1702045971299,1933,0.48197
SANDUSDT,BUY,LIMIT,1702045995140,201,0.48252
SANDUSDT,BUY,LIMIT,1702046002484,47,0.48294
SANDUSDT,BUY,LIMIT,1702046003582,108,0.48315
SANDUSDT,BUY,LIMIT,1702046032819,260,0.48392
SANDUSDT,SELL,LIMIT,1702046054105,45,0.47888
SANDUSDT,BUY,LIMIT,1702046055257,1,0.48469
SANDUSDT,BUY,LIMIT,1702046065267,801,0.48498
SANDUSDT,BUY,LIMIT,1702046905679,832,0.48549
SANDUSDT,BUY,LIMIT,1702046907069,12843,0.48583
SANDUSDT,BUY,LIMIT,1702046911259,30,0.48581
SANDUSDT,BUY,LIMIT,1702047598218,42586,0.48727
SANDUSDT,BUY,LIMIT,1702047600325,3321,0.48715
SANDUSDT,BUY,LIMIT,1702047685407,58,0.48746
SANDUSDT,BUY,LIMIT,1702051339364,2537,0.48688
SANDUSDT,BUY,LIMIT,1702051886184,543,0.48799
SANDUSDT,BUY,LIMIT,1702051903142,11,0.48857
SANDUSDT,BUY,LIMIT,1702051922949,1245,0.48877
SANDUSDT,BUY,LIMIT,1702052072833,326,0.48903
SANDUSDT,BUY,LIMIT,1702052090809,1339,0.48911
SANDUSDT,BUY,LIMIT,1702052099486,3030,0.48921
SANDUSDT,BUY,LIMIT,1702052161448,108,0.48969
SANDUSDT,BUY,LIMIT,1702052530227,153,0.48957
SANDUSDT,SELL,LIMIT,1702053133942,13,0.48743
SANDUSDT,BUY,LIMIT,1702053450293,13738,0.49080
SANDUSDT,BUY,LIMIT,1702053457512,42,0.49092
SANDUSDT,BUY,LIMIT,1702053523492,33,0.49102
SANDUSDT,BUY,LIMIT,1702054400026,237,0.49312
SANDUSDT,BUY,LIMIT,1702054421087,634,0.49319
SANDUSDT,BUY,LIMIT,1702054429602,4627,0.49390
SANDUSDT,BUY,LIMIT,1702054434139,422,0.49491
SANDUSDT,BUY,LIMIT,1702055865225,1129,0.49502
SANDUSDT,SELL,LIMIT,1702058992046,194,0.48352
SANDUSDT,BUY,LIMIT,1702064465619,1047,0.49625
SANDUSDT,BUY,LIMIT,1702064734978,10600,0.49638
SANDUSDT,BUY,LIMIT,1702065626609,33,0.49495
SANDUSDT,BUY,LIMIT,1702065942715,320,0.49542
SANDUSDT,BUY,LIMIT,1702067575152,23,0.49717
SANDUSDT,BUY,LIMIT,1702067583025,495,0.49768
SANDUSDT,BUY,LIMIT,1702067590379,4678,0.49772
SANDUSDT,BUY,LIMIT,1702068150476,100,0.49248
SANDUSDT,BUY,LIMIT,1702070873734,94,0.49564
SANDUSDT,BUY,LIMIT,1702070895513,2123,0.49615
SANDUSDT,BUY,LIMIT,1702071451182,10159,0.49762
SANDUSDT,BUY,LIMIT,1702072671667,45,0.49669
SANDUSDT,BUY,LIMIT,1702072954524,320,0.49672
SANDUSDT,SELL,LIMIT,1702075529138,442,0.48916
SANDUSDT,BUY,LIMIT,1702078609448,392,0.49635
SANDUSDT,BUY,LIMIT,1702078944043,77982,0.49841
SANDUSDT,BUY,LIMIT,1702079190792,2715,0.49811
SANDUSDT,BUY,LIMIT,1702080014031,625,0.49873
SANDUSDT,BUY,LIMIT,1702080081201,1006,0.49942
SANDUSDT,BUY,LIMIT,1702080100880,1745,0.49994
SANDUSDT,BUY,LIMIT,1702080103613,740,0.50008
SANDUSDT,BUY,LIMIT,1702080105488,403,0.50019
SANDUSDT,BUY,LIMIT,1702080112816,622,0.50116
SANDUSDT,BUY,LIMIT,1702080139616,2267,0.50175
SANDUSDT,BUY,LIMIT,1702080148289,143,0.50212
SANDUSDT,BUY,LIMIT,1702080317072,6,0.50189
SANDUSDT,BUY,LIMIT,1702080402240,1315,0.50260
SANDUSDT,BUY,LIMIT,1702080404299,92,0.50286
SANDUSDT,BUY,LIMIT,1702080554499,17,0.50394
SANDUSDT,BUY,LIMIT,1702080559115,1156,0.50409
SANDUSDT,BUY,LIMIT,1702080576024,20900,0.50537
SANDUSDT,BUY,LIMIT,1702080647195,11494,0.50584
SANDUSDT,BUY,LIMIT,1702080659911,2236,0.50623
SANDUSDT,BUY,LIMIT,1702080677222,87934,0.50868
SANDUSDT,BUY,LIMIT,1702080680073,2653,0.50802
SANDUSDT,BUY,LIMIT,1702080682567,235,0.50854
SANDUSDT,BUY,LIMIT,1702080687268,223,0.50911
SANDUSDT,BUY,LIMIT,1702080688947,2283,0.50928
SANDUSDT,BUY,LIMIT,1702080690121,15639,0.50986
SANDUSDT,BUY,LIMIT,1702080692994,507,0.51004
SANDUSDT,BUY,LIMIT,1702080704273,892,0.51033
SANDUSDT,BUY,LIMIT,1702080712710,106337,0.51272
SANDUSDT,BUY,LIMIT,1702080746258,169,0.51150
SANDUSDT,BUY,LIMIT,1702080749489,15042,0.51197
SANDUSDT,BUY,LIMIT,1702080756335,286,0.51254
SANDUSDT,BUY,LIMIT,1702080758527,24,0.51284
SANDUSDT,BUY,LIMIT,1702080972489,958,0.51325
SANDUSDT,BUY,LIMIT,1702080974393,422,0.51337
SANDUSDT,BUY,LIMIT,1702080977074,125,0.51362
SANDUSDT,BUY,LIMIT,1702080979723,1007,0.51374
SANDUSDT,BUY,LIMIT,1702080981929,491,0.51381
SANDUSDT,BUY,LIMIT,1702080982975,170,0.51406
SANDUSDT,BUY,LIMIT,1702080990941,481,0.51455
SANDUSDT,BUY,LIMIT,1702080992331,73,0.51454
SANDUSDT,BUY,LIMIT,1702081350717,1236,0.51351
SANDUSDT,BUY,LIMIT,1702081635436,200,0.51411
SANDUSDT,BUY,LIMIT,1702081663162,152,0.51376
SANDUSDT,BUY,LIMIT,1702081676122,4045,0.51476
SANDUSDT,BUY,LIMIT,1702081703804,1567,0.51510
SANDUSDT,BUY,LIMIT,1702082441745,94,0.51205
SANDUSDT,BUY,LIMIT,1702082974937,522,0.51459
SANDUSDT,BUY,LIMIT,1702083035208,116,0.51603
SANDUSDT,BUY,LIMIT,1702083047262,1017,0.51738
SANDUSDT,BUY,LIMIT,1702083048333,316,0.51730
SANDUSDT,BUY,LIMIT,1702083052965,96,0.51763
SANDUSDT,BUY,LIMIT,1702083054629,316,0.51794
SANDUSDT,BUY,LIMIT,1702083057729,2169,0.51798
SANDUSDT,BUY,LIMIT,1702083060511,1227,0.51856
SANDUSDT,BUY,LIMIT,1702083126195,516,0.51577
SANDUSDT,SELL,LIMIT,1702083974461,2750,0.50056
SANDUSDT,SELL,LIMIT,1702084023334,1157,0.49957
SANDUSDT,SELL,LIMIT,1702084025117,5843,0.49948
SANDUSDT,SELL,LIMIT,1702084087263,16855,0.49795
SANDUSDT,SELL,LIMIT,1702084090815,1227,0.49780
SANDUSDT,BUY,LIMIT,1702085900320,31,0.50893
SANDUSDT,BUY,LIMIT,1702085901360,311,0.50893
SANDUSDT,BUY,LIMIT,1702091252447,351,0.50762
SANDUSDT,BUY,LIMIT,1702091788085,626,0.50889
SANDUSDT,BUY,LIMIT,1702091928370,24,0.50813
SANDUSDT,BUY,LIMIT,1702091933373,74,0.50811
SANDUSDT,BUY,LIMIT,1702094628258,500,0.50974
SANDUSDT,BUY,LIMIT,1702094637317,400,0.51011
SANDUSDT,BUY,LIMIT,1702095969404,4195,0.51014
SANDUSDT,BUY,LIMIT,1702096230677,201,0.51124
SANDUSDT,BUY,LIMIT,1702096358528,385,0.51167
SANDUSDT,BUY,LIMIT,1702097630266,983,0.51135
SANDUSDT,BUY,LIMIT,1702097662665,499,0.51156
SANDUSDT,BUY,LIMIT,1702102153620,28,0.51003
SANDUSDT,BUY,LIMIT,1702103212393,709,0.51104
SANDUSDT,BUY,LIMIT,1702103376621,522,0.51084
SANDUSDT,BUY,LIMIT,1702104981222,976,0.51124
SANDUSDT,SELL,LIMIT,1702106867590,1,0.78527
SANDUSDT,BUY,LIMIT,1702106899434,868,0.50937
SANDUSDT,SELL,LIMIT,1702107520080,413,0.50243
SANDUSDT,BUY,LIMIT,1702108165848,822,0.51124
SANDUSDT,BUY,LIMIT,1702108293834,275,0.51190
SANDUSDT,BUY,LIMIT,1702108513287,6348,0.51266
SANDUSDT,BUY,LIMIT,1702108532625,3351,0.51278
SANDUSDT,BUY,LIMIT,1702109102696,790,0.51115
SANDUSDT,BUY,LIMIT,1702109477131,1323,0.51245
SANDUSDT,SELL,LIMIT,1702109514367,15,0.50998
SANDUSDT,BUY,LIMIT,1702109532632,83,0.51249
SANDUSDT,BUY,LIMIT,1702109741906,307,0.51426
SANDUSDT,BUY,LIMIT,1702109778370,46953,0.51517
SANDUSDT,BUY,LIMIT,1702109787113,265,0.51515
SANDUSDT,BUY,LIMIT,1702109791160,100,0.51537
SANDUSDT,BUY,LIMIT,1702110238246,3411,0.51544
SANDUSDT,BUY,LIMIT,1702110313054,853,0.51567
SANDUSDT,SELL,LIMIT,1702110882269,981,0.50257
SANDUSDT,SELL,LIMIT,1702110920763,3199,0.50091
SANDUSDT,SELL,LIMIT,1702110970061,11,0.50016
SANDUSDT,SELL,LIMIT,1702110975424,9797,0.49980
SANDUSDT,SELL,LIMIT,1702110977317,5000,0.49952
SANDUSDT,SELL,LIMIT,1702110979495,32,0.49923
SANDUSDT,SELL,LIMIT,1702110980627,9847,0.49873
SANDUSDT,SELL,LIMIT,1702110982884,3045,0.49868
SANDUSDT,SELL,LIMIT,1702111028463,17,0.49719
SANDUSDT,SELL,LIMIT,1702111030210,177,0.49708
SANDUSDT,SELL,LIMIT,1702111031306,408,0.49696
SANDUSDT,SELL,LIMIT,1702111032364,323,0.49633
SANDUSDT,SELL,LIMIT,1702111034402,626,0.49604
SANDUSDT,SELL,LIMIT,1702111036332,1956,0.49545
SANDUSDT,SELL,LIMIT,1702111040054,50,0.49444
SANDUSDT,SELL,LIMIT,1702111041723,154,0.49403
SANDUSDT,SELL,LIMIT,1702111042862,10,0.49398
SANDUSDT,SELL,LIMIT,1702111071168,647,0.49312
SANDUSDT,SELL,LIMIT,1702111373140,14787,0.49273
SANDUSDT,SELL,LIMIT,1702111377190,6635,0.49256
SANDUSDT,SELL,LIMIT,1702111379235,3373,0.49176
SANDUSDT,SELL,LIMIT,1702111380334,13226,0.49112
SANDUSDT,SELL,LIMIT,1702111381525,722,0.49096
SANDUSDT,SELL,LIMIT,1702111386281,1388,0.49097
SANDUSDT,BUY,LIMIT,1702111702494,264,0.50732
SANDUSDT,BUY,LIMIT,1702113430367,178,0.51401
SANDUSDT,BUY,LIMIT,1702113443045,4955,0.51496
SANDUSDT,BUY,LIMIT,1702113493866,2000,0.51605
SANDUSDT,BUY,LIMIT,1702113512218,2257,0.51799
SANDUSDT,BUY,LIMIT,1702113519240,15841,0.51866
SANDUSDT,BUY,LIMIT,1702113522251,29,0.51895
SANDUSDT,BUY,LIMIT,1702113562669,1822,0.51991
SANDUSDT,BUY,LIMIT,1702113577579,2431,0.52100
SANDUSDT,BUY,LIMIT,1702113580404,3208,0.52153
SANDUSDT,BUY,LIMIT,1702113581977,850,0.52206
SANDUSDT,BUY,LIMIT,1702113592805,406,0.52218
SANDUSDT,BUY,LIMIT,1702113593877,4535,0.52291
SANDUSDT,BUY,LIMIT,1702114004341,412,0.52419
SANDUSDT,BUY,LIMIT,1702114033799,7152,0.52566
SANDUSDT,BUY,LIMIT,1702114037165,422,0.52643
SANDUSDT,BUY,LIMIT,1702114038224,485,0.52618
SANDUSDT,BUY,LIMIT,1702114039509,1218,0.52671
SANDUSDT,BUY,LIMIT,1702114042831,1,0.52727
SANDUSDT,BUY,LIMIT,1702114047380,187,0.52818
SANDUSDT,BUY,LIMIT,1702114054493,400,0.52834
SANDUSDT,BUY,LIMIT,1702114058597,235,0.52976
SANDUSDT,BUY,LIMIT,1702114171423,2541,0.53078
SANDUSDT,BUY,LIMIT,1702114174292,2193,0.53129
SANDUSDT,BUY,LIMIT,1702114178415,881,0.53102
SANDUSDT,BUY,LIMIT,1702114253351,108,0.53185
SANDUSDT,SELL,LIMIT,1702114820616,190,0.51403
SANDUSDT,SELL,LIMIT,1702116446821,9457,0.51353
SANDUSDT,SELL,LIMIT,1702119880523,652,0.51201
SANDUSDT,SELL,LIMIT,1702120671256,3500,0.51070
SANDUSDT,SELL,LIMIT,1702121078071,15,0.51046
SANDUSDT,SELL,LIMIT,1702121080721,7181,0.51044
SANDUSDT,SELL,LIMIT,1702121105908,955,0.50999
SANDUSDT,SELL,LIMIT,1702121348463,487,0.50963
SANDUSDT,SELL,LIMIT,1702122822773,1055,0.51258
SANDUSDT,BUY,LIMIT,1702126472241,194,0.52369
SANDUSDT,BUY,LIMIT,1702126489355,2532,0.52411
SANDUSDT,BUY,LIMIT,1702126720352,768,0.52519
SANDUSDT,SELL,LIMIT,1702128658749,706,0.51567
SANDUSDT,BUY,LIMIT,1702130194060,270,0.52301
SANDUSDT,SELL,LIMIT,1702132775159,772,0.51163
SANDUSDT,SELL,LIMIT,1702132828124,37,0.51008
SANDUSDT,SELL,LIMIT,1702132990857,204,0.50864
SANDUSDT,SELL,LIMIT,1702132992205,873,0.50847
SANDUSDT,SELL,LIMIT,1702132994166,583,0.50776
SANDUSDT,SELL,LIMIT,1702132995224,754,0.50777
SANDUSDT,SELL,LIMIT,1702132996780,9250,0.50726
SANDUSDT,SELL,LIMIT,1702133000892,10,0.50658
SANDUSDT,SELL,LIMIT,1702133002078,3636,0.50643
SANDUSDT,SELL,LIMIT,1702133005038,1395,0.50593
SANDUSDT,SELL,LIMIT,1702133006407,788021,0.49629
SANDUSDT,SELL,LIMIT,1702133008458,144,0.50292
