Symbol,Side,Order Type,Time,Quantity,Price
SANDUSDT,SELL,LIMIT,1701067297081,58836,0.41308
SANDUSDT,SELL,LIMIT,1701067304033,740,0.41295
SANDUSDT,SELL,LIMIT,1701067305375,10179,0.41289
SANDUSDT,SELL,LIMIT,1701067306426,79,0.41286
SANDUSDT,SELL,LIMIT,1701067313430,5206,0.41266
SANDUSDT,SELL,LIMIT,1701067320297,1445,0.41212
SANDUSDT,SELL,LIMIT,1701067855314,488,0.41171
SANDUSDT,SELL,LIMIT,1701067870212,167,0.41149
SANDUSDT,SELL,LIMIT,1701067874569,1925,0.41138
SANDUSDT,BUY,LIMIT,1701068054068,295,0.41702
SANDUSDT,SELL,LIMIT,1701068082546,477,0.41130
SANDUSDT,SELL,LIMIT,1701068085693,4792,0.41118
SANDUSDT,SELL,LIMIT,1701068121203,3000,0.41054
SANDUSDT,SELL,LIMIT,1701068162151,5759,0.40998
SANDUSDT,SELL,LIMIT,1701068260357,30821,0.40922
SANDUSDT,SELL,LIMIT,1701068288074,11904,0.40931
SANDUSDT,SELL,LIMIT,1701068364607,9748,0.40903
SANDUSDT,SELL,LIMIT,1701068369220,103,0.40860
SANDUSDT,SELL,LIMIT,1701069327652,486,0.40832
SANDUSDT,SELL,LIMIT,1701069512967,126,0.40819
SANDUSDT,SELL,LIMIT,1701069516273,4795,0.40808
SANDUSDT,SELL,LIMIT,1701069518026,4520,0.40772
SANDUSDT,SELL,LIMIT,1701069519155,18408,0.40687
SANDUSDT,SELL,LIMIT,1701069520313,12000,0.40692
SANDUSDT,SELL,LIMIT,1701069521535,1403,0.40663
SANDUSDT,SELL,LIMIT,1701069525392,2608,0.40703
SANDUSDT,SELL,LIMIT,1701069547250,21438,0.40591
SANDUSDT,SELL,LIMIT,1701069549779,449,0.40607
SANDUSDT,SELL,LIMIT,1701069632843,4651,0.40603
SANDUSDT,SELL,LIMIT,1701069638228,482,0.40583
SANDUSDT,SELL,LIMIT,1701069811447,378,0.40556
SANDUSDT,SELL,LIMIT,1701069828863,12160,0.40523
SANDUSDT,SELL,LIMIT,1701069831259,72665,0.40464
SANDUSDT,SELL,LIMIT,1701069835284,5263,0.40498
SANDUSDT,SELL,LIMIT,1701069851141,533,0.40469
SANDUSDT,SELL,LIMIT,1701069857060,57,0.40444
SANDUSDT,SELL,LIMIT,1701069882296,10703,0.40390
SANDUSDT,SELL,LIMIT,1701069883365,1151,0.40392
SANDUSDT,SELL,LIMIT,1701069884801,532,0.40604
SANDUSDT,SELL,LIMIT,1701069900407,449,0.40295
SANDUSDT,SELL,LIMIT,1701070440390,3900,0.40311
SANDUSDT,SELL,LIMIT,1701076952821,5000,0.40834
SANDUSDT,BUY,LIMIT,1701077399082,1,0.41340
SANDUSDT,SELL,LIMIT,1701080681096,1300,0.40526
SANDUSDT,SELL,LIMIT,1701081436072,323,0.40360
SANDUSDT,SELL,LIMIT,1701081487292,258,0.40275
SANDUSDT,SELL,LIMIT,1701081493322,3017,0.40268
SANDUSDT,SELL,LIMIT,1701081496456,23,0.40248
SANDUSDT,SELL,LIMIT,1701082125919,49,0.40249
SANDUSDT,SELL,LIMIT,1701082613442,1634,0.40227
SANDUSDT,SELL,LIMIT,1701082616886,2491,0.40204
SANDUSDT,SELL,LIMIT,1701082619820,69,0.40175
SANDUSDT,SELL,LIMIT,1701082629280,1058,0.40150
SANDUSDT,SELL,LIMIT,1701082632698,3298,0.40136
SANDUSDT,SELL,LIMIT,1701082652324,5191,0.40124
SANDUSDT,SELL,LIMIT,1701082654187,5358,0.40112
SANDUSDT,SELL,LIMIT,1701082659709,129,0.40104
SANDUSDT,SELL,LIMIT,1701082674969,30000,0.40059
SANDUSDT,SELL,LIMIT,1701082676355,237,0.40066
SANDUSDT,SELL,LIMIT,1701082688556,24065,0.40020
SANDUSDT,SELL,LIMIT,1701082690270,61370,0.40005
SANDUSDT,SELL,LIMIT,1701082691522,10031,0.40030
SANDUSDT,SELL,LIMIT,1701082695163,356,0.40015
SANDUSDT,SELL,LIMIT,1701082696398,6000,0.40005
SANDUSDT,SELL,LIMIT,1701082703786,100000,0.39902
SANDUSDT,SELL,LIMIT,1701082705854,1000,0.39971
SANDUSDT,SELL,LIMIT,1701082726341,200,0.40092
SANDUSDT,BUY,LIMIT,1701085513218,5142,0.41123
SANDUSDT,SELL,LIMIT,1701093476543,129,0.40536
SANDUSDT,SELL,LIMIT,1701095122030,2111,0.40084
SANDUSDT,SELL,LIMIT,1701095577037,399,0.39963
SANDUSDT,SELL,LIMIT,1701095601986,84,0.39926
SANDUSDT,SELL,LIMIT,1701095610082,18,0.39921
SANDUSDT,SELL,LIMIT,1701095612906,14655,0.39913
SANDUSDT,SELL,LIMIT,1701097017354,87,0.39876
SANDUSDT,SELL,LIMIT,1701097020085,50,0.39850
SANDUSDT,SELL,LIMIT,1701097079513,53,0.39820
SANDUSDT,SELL,LIMIT,1701097084775,2823,0.39801
SANDUSDT,SELL,LIMIT,1701097087588,241,0.39788
SANDUSDT,SELL,LIMIT,1701097088835,492,0.39785
SANDUSDT,SELL,LIMIT,1701097092142,641,0.39677
SANDUSDT,SELL,LIMIT,1701097094252,290,0.39672
SANDUSDT,SELL,LIMIT,1701100594047,2105,0.39703
SANDUSDT,SELL,LIMIT,1701100640847,60916,0.39616
SANDUSDT,SELL,LIMIT,1701100641997,4326,0.39634
SANDUSDT,SELL,LIMIT,1701100645543,36,0.39625
SANDUSDT,SELL,LIMIT,1701100773836,627,0.39708
SANDUSDT,SELL,LIMIT,1701101009234,180,0.39804
SANDUSDT,SELL,LIMIT,1701111858453,9671,0.39770
SANDUSDT,SELL,LIMIT,1701111991684,1207,0.39620
SANDUSDT,SELL,LIMIT,1701111994157,5935,0.39592
SANDUSDT,SELL,LIMIT,1701112038816,189,0.39794
SANDUSDT,SELL,LIMIT,1701112046228,14083,0.39597
SANDUSDT,SELL,LIMIT,1701112055746,226,0.39585
SANDUSDT,SELL,LIMIT,1701112082244,666,0.39576
SANDUSDT,SELL,LIMIT,1701112083752,221,0.39571
SANDUSDT,SELL,LIMIT,1701112113891,94,0.39543
SANDUSDT,SELL,LIMIT,1701112115914,1811,0.39539
SANDUSDT,SELL,LIMIT,1701112129288,67,0.39522
SANDUSDT,SELL,LIMIT,1701112178457,152,0.39513
SANDUSDT,SELL,LIMIT,1701112180550,318,0.39492
SANDUSDT,SELL,LIMIT,1701112195604,5008,0.39484
SANDUSDT,SELL,LIMIT,1701114192343,45,0.39471
SANDUSDT,SELL,LIMIT,1701114200483,247,0.39464
SANDUSDT,SELL,LIMIT,1701114205443,978,0.39440
SANDUSDT,SELL,LIMIT,1701114215655,2409,0.39430
SANDUSDT,SELL,LIMIT,1701114228447,1466,0.39416
SANDUSDT,SELL,LIMIT,1701114230048,267,0.39416
SANDUSDT,SELL,LIMIT,1701114233333,29,0.39407
SANDUSDT,SELL,LIMIT,1701114239008,38,0.39357
SANDUSDT,SELL,LIMIT,1701114262001,81,0.39343
SANDUSDT,SELL,LIMIT,1701114263185,2768,0.39338
SANDUSDT,SELL,LIMIT,1701114352849,19,0.39321
SANDUSDT,SELL,LIMIT,1701114456211,5000,0.39293
SANDUSDT,SELL,LIMIT,1701114471425,7331,0.39257
SANDUSDT,SELL,LIMIT,1701114473063,3922,0.39257
SANDUSDT,SELL,LIMIT,1701114475612,1000,0.39247
SANDUSDT,SELL,LIMIT,1701114478479,2098,0.39236
SANDUSDT,SELL,LIMIT,1701114491869,518,0.39223
SANDUSDT,SELL,LIMIT,1701114494757,1259,0.39204
SANDUSDT,SELL,LIMIT,1701114496102,16100,0.39160
SANDUSDT,SELL,LIMIT,1701116869754,120,0.39246
SANDUSDT,BUY,LIMIT,1701120971056,91,0.40288
SANDUSDT,SELL,LIMIT,1701123167071,1331,0.39678
SANDUSDT,BUY,LIMIT,1701124852224,1103,0.40331
SANDUSDT,BUY,LIMIT,1701126972228,152,0.40640
SANDUSDT,SELL,LIMIT,1701132909029,1630,0.40198
SANDUSDT,SELL,LIMIT,1701137159049,24,0.39654
SANDUSDT,SELL,LIMIT,1701137223892,232,0.39642
SANDUSDT,SELL,LIMIT,1701137246121,1287,0.39613
SANDUSDT,SELL,LIMIT,1701145961638,147,0.39505
SANDUSDT,SELL,LIMIT,1701146066166,500,0.39377
SANDUSDT,SELL,LIMIT,1701146067932,422,0.39366
SANDUSDT,SELL,LIMIT,1701147061106,268,0.39313
SANDUSDT,SELL,LIMIT,1701147649939,4930,0.39325
SANDUSDT,SELL,LIMIT,1701147846082,133,0.39264
SANDUSDT,SELL,LIMIT,1701147876245,445,0.39240
SANDUSDT,SELL,LIMIT,1701147883699,2700,0.39231
SANDUSDT,SELL,LIMIT,1701147895713,499,0.39199
SANDUSDT,SELL,LIMIT,1701147929064,150,0.39171
SANDUSDT,SELL,LIMIT,1701147936622,28,0.39161
SANDUSDT,SELL,LIMIT,1701147946952,22,0.39157
SANDUSDT,SELL,LIMIT,1701148008394,748,0.39128
SANDUSDT,SELL,LIMIT,1701148125458,500,0.39111
SANDUSDT,SELL,LIMIT,1701148130230,11713,0.39096
SANDUSDT,SELL,LIMIT,1701148220348,1530,0.39057
SANDUSDT,SELL,LIMIT,1701148221460,98,0.39045
SANDUSDT,SELL,LIMIT,1701148223012,337,0.39043
SANDUSDT,SELL,LIMIT,1701148239281,6232,0.39010
SANDUSDT,SELL,LIMIT,1701148941005,40,0.39052
SANDUSDT,SELL,LIMIT,1701148972237,399,0.39055
SANDUSDT,SELL,LIMIT,1701149067958,62641,0.39006
SANDUSDT,SELL,LIMIT,1701149074399,13,0.39025
SANDUSDT,SELL,LIMIT,1701149082426,12386,0.39023
SANDUSDT,SELL,LIMIT,1701149759379,12462,0.39047
SANDUSDT,SELL,LIMIT,1701149771344,360,0.39024
SANDUSDT,SELL,LIMIT,1701149845729,10000,0.39002
SANDUSDT,SELL,LIMIT,1701149848731,123,0.38970
SANDUSDT,SELL,LIMIT,1701149851484,26,0.38900
SANDUSDT,SELL,LIMIT,1701149854085,78,0.38894
SANDUSDT,SELL,LIMIT,1701149869450,122,0.38871
SANDUSDT,SELL,LIMIT,1701149887320,9965,0.38850
SANDUSDT,SELL,LIMIT,1701149891903,115,0.38848
SANDUSDT,SELL,LIMIT,1701149897472,1504,0.38833
SANDUSDT,SELL,LIMIT,1701149908197,218,0.38825
SANDUSDT,SELL,LIMIT,1701161415985,807,0.38973
SANDUSDT,SELL,LIMIT,1701163962243,93,0.39051
SANDUSDT,BUY,LIMIT,1701172850136,126,0.40221
SANDUSDT,BUY,LIMIT,1701178515757,290,0.40303
SANDUSDT,BUY,LIMIT,1701179161381,2369,0.40311
SANDUSDT,SELL,LIMIT,1701187254076,127,0.40002
SANDUSDT,BUY,LIMIT,1701189090693,175,0.40706
SANDUSDT,BUY,LIMIT,1701189094358,62166,0.40809
SANDUSDT,BUY,LIMIT,1701190313832,510,0.41111
SANDUSDT,BUY,LIMIT,1701190349267,2384,0.41143
SANDUSDT,BUY,LIMIT,1701190386347,50,0.41169
SANDUSDT,BUY,LIMIT,1701192073860,1648,0.41395
SANDUSDT,BUY,LIMIT,1701192241877,5072,0.41519
SANDUSDT,BUY,LIMIT,1701193705306,471,0.41679
SANDUSDT,BUY,LIMIT,1701193708055,51,0.41683
SANDUSDT,SELL,LIMIT,1701197856583,33,0.40922
SANDUSDT,BUY,LIMIT,1701200474343,434,0.41773
SANDUSDT,BUY,LIMIT,1701200549687,106,0.41965
SANDUSDT,BUY,LIMIT,1701204026041,81,0.41960
SANDUSDT,BUY,LIMIT,1701204771738,5635,0.42037
SANDUSDT,SELL,LIMIT,1701216855205,1196,0.40887
SANDUSDT,BUY,LIMIT,1701218030224,203,0.41904
SANDUSDT,BUY,LIMIT,1701247359926,65,0.41714
SANDUSDT,BUY,LIMIT,1701247926293,7398,0.41873
SANDUSDT,BUY,LIMIT,1701249330628,698,0.42092
SANDUSDT,SELL,LIMIT,1701253362502,12100,0.40962
SANDUSDT,SELL,LIMIT,1701253613085,46,0.40868
SANDUSDT,SELL,LIMIT,1701254045248,6764,0.40797
SANDUSDT,SELL,LIMIT,1701254048364,24215,0.40762
SANDUSDT,SELL,LIMIT,1701254229256,5001,0.40676
SANDUSDT,SELL,LIMIT,1701254305423,5000,0.40629
SANDUSDT,SELL,LIMIT,1701254360176,241,0.40593
SANDUSDT,SELL,LIMIT,1701254370664,43,0.40589
SANDUSDT,SELL,LIMIT,1701254401506,122,0.40540
SANDUSDT,SELL,LIMIT,1701254411443,3357,0.40492
SANDUSDT,SELL,LIMIT,1701254418860,17958,0.40439
SANDUSDT,SELL,LIMIT,1701254683339,4000,0.40409
SANDUSDT,SELL,LIMIT,1701259325581,197,0.40711
SANDUSDT,SELL,LIMIT,1701268376829,3278,0.40485
SANDUSDT,SELL,LIMIT,1701268841826,1117,0.40338
SANDUSDT,SELL,LIMIT,1701268851342,46,0.40318
SANDUSDT,SELL,LIMIT,1701269042048,12058,0.40240
SANDUSDT,SELL,LIMIT,1701269051330,2579,0.40220
SANDUSDT,SELL,LIMIT,1701269146049,3165,0.40175
SANDUSDT,SELL,LIMIT,1701269263466,1604,0.40169
SANDUSDT,SELL,LIMIT,1701270438955,69,0.40098
SANDUSDT,SELL,LIMIT,1701270449172,601,0.40355
SANDUSDT,SELL,LIMIT,1701270452291,61144,0.40007
SANDUSDT,SELL,LIMIT,1701270559450,726,0.40027
SANDUSDT,SELL,LIMIT,1701270570399,14308,0.39991
SANDUSDT,SELL,LIMIT,1701270573359,9296,0.39966
SANDUSDT,SELL,LIMIT,1701270581845,400,0.39959
SANDUSDT,SELL,LIMIT,1701270585014,7000,0.39933
SANDUSDT,SELL,LIMIT,1701270590296,60781,0.39862
SANDUSDT,SELL,LIMIT,1701270616398,639,0.39851
SANDUSDT,SELL,LIMIT,1701270618222,46,0.39826
SANDUSDT,SELL,LIMIT,1701275594726,33,0.40124
SANDUSDT,SELL,LIMIT,1701283614046,2,0.44655
SANDUSDT,BUY,LIMIT,1701283724881,3789,0.41231
SANDUSDT,BUY,LIMIT,1701284893206,264,0.41458
SANDUSDT,BUY,LIMIT,1701284933231,130,0.41503
SANDUSDT,BUY,LIMIT,1701284978231,656,0.41538
SANDUSDT,SELL,LIMIT,1701288287798,12,0.40872
SANDUSDT,SELL,LIMIT,1701292016597,827,0.40812
SANDUSDT,SELL,LIMIT,1701309614610,108,0.40361
SANDUSDT,SELL,LIMIT,1701310960940,20716,0.40304
SANDUSDT,SELL,LIMIT,1701310966266,1421,0.40249
SANDUSDT,BUY,LIMIT,1701317703760,40,0.41638
SANDUSDT,SELL,LIMIT,1701321115108,248,0.40631
SANDUSDT,SELL,LIMIT,1701323620193,223,0.40453
SANDUSDT,SELL,LIMIT,1701323733154,831,0.40422
SANDUSDT,SELL,LIMIT,1701331639095,9158,0.40209
SANDUSDT,SELL,LIMIT,1701331737264,5000,0.40157
SANDUSDT,SELL,LIMIT,1701332477434,263,0.40077
SANDUSDT,SELL,LIMIT,1701333552314,6321,0.40016
SANDUSDT,SELL,LIMIT,1701333727149,3529,0.39946
SANDUSDT,SELL,LIMIT,1701342949688,765,0.40339
