Symbol,Side,Order Type,Time,Quantity,Price
SANDUSDT,SELL,LIMIT,1701918654152,65,0.44398
SANDUSDT,BUY,LIMIT,1701922494297,632,0.45449
SANDUSDT,BUY,LIMIT,1701923851383,447,0.45581
SANDUSDT,BUY,LIMIT,1701925144212,33,0.45693
SANDUSDT,BUY,LIMIT,1701926888061,422,0.45891
SANDUSDT,BUY,LIMIT,1701926943072,325,0.45954
SANDUSDT,BUY,LIMIT,1701929146529,2648,0.46191
SANDUSDT,BUY,LIMIT,1701929520647,1680,0.46226
SANDUSDT,BUY,LIMIT,1701929539082,16003,0.46315
SANDUSDT,BUY,LIMIT,1701929549383,131,0.46357
SANDUSDT,BUY,LIMIT,1701929551153,240,0.46377
SANDUSDT,BUY,LIMIT,1701930353525,6519,0.46648
SANDUSDT,BUY,LIMIT,1701930377208,519,0.46671
SANDUSDT,BUY,LIMIT,1701930506952,404,0.46730
SANDUSDT,SELL,LIMIT,1701936787898,802,0.45465
SANDUSDT,SELL,LIMIT,1701936880492,1011,0.45340
SANDUSDT,SELL,LIMIT,1701936888684,183,0.45321
SANDUSDT,SELL,LIMIT,1701936912149,110,0.45238
SANDUSDT,SELL,LIMIT,1701936923182,1906,0.45160
SANDUSDT,SELL,LIMIT,1701937385638,663,0.45039
SANDUSDT,SELL,LIMIT,1701937823754,1000,0.45004
SANDUSDT,SELL,LIMIT,1701939112794,1600,0.44939
SANDUSDT,SELL,LIMIT,1701939131214,185,0.44870
SANDUSDT,SELL,LIMIT,1701939472457,5294,0.44646
SANDUSDT,SELL,LIMIT,1701939912642,3527,0.44570
SANDUSDT,SELL,LIMIT,1701939930267,883,0.44562
SANDUSDT,SELL,LIMIT,1701940011299,1050,0.44502
SANDUSDT,SELL,LIMIT,1701940012430,75,0.44490
SANDUSDT,SELL,LIMIT,1701940469330,1093,0.44318
SANDUSDT,SELL,LIMIT,1701940547166,70,0.44287
SANDUSDT,SELL,LIMIT,1701940549411,37479,0.44250
SANDUSDT,SELL,LIMIT,1701940561722,1032,0.44160
SANDUSDT,SELL,LIMIT,1701940564312,2321,0.44124
SANDUSDT,SELL,LIMIT,1701940670505,33,0.44085
SANDUSDT,SELL,LIMIT,1701940991192,737,0.44045
SANDUSDT,SELL,LIMIT,1701941017557,3549,0.43961
SANDUSDT,SELL,LIMIT,1701941039495,4388,0.43929
SANDUSDT,SELL,LIMIT,1701941066067,2122,0.43896
SANDUSDT,SELL,LIMIT,1701941068405,120,0.43883
SANDUSDT,SELL,LIMIT,1701941071387,440,0.43860
SANDUSDT,SELL,LIMIT,1701941072520,3151,0.43853
SANDUSDT,SELL,LIMIT,1701941076304,1764,0.43815
SANDUSDT,SELL,LIMIT,1701941151061,2822,0.43780
SANDUSDT,SELL,LIMIT,1701941160220,332,0.43648
SANDUSDT,SELL,LIMIT,1701941161394,2432,0.43659
SANDUSDT,SELL,LIMIT,1701941165027,1655,0.43627
SANDUSDT,SELL,LIMIT,1701941171241,6169,0.43605
SANDUSDT,SELL,LIMIT,1701941184194,46,0.43521
SANDUSDT,SELL,LIMIT,1701941185229,484,0.43497
SANDUSDT,SELL,LIMIT,1701941186605,619,0.43467
SANDUSDT,SELL,LIMIT,1701941188347,137,0.43433
SANDUSDT,SELL,LIMIT,1701941189874,337,0.43426
SANDUSDT,SELL,LIMIT,1701941192180,6702,0.43407
SANDUSDT,SELL,LIMIT,1701941246453,2142,0.43392
SANDUSDT,SELL,LIMIT,1701941248116,27,0.43390
SANDUSDT,SELL,LIMIT,1701941256308,13,0.43362
SANDUSDT,SELL,LIMIT,1701941257414,1415,0.43364
SANDUSDT,SELL,LIMIT,1701942382374,12,0.44273
SANDUSDT,BUY,LIMIT,1701950638850,55,0.44746
SANDUSDT,BUY,LIMIT,1701959314444,208,0.45078
SANDUSDT,BUY,LIMIT,1701962771779,9466,0.45472
SANDUSDT,BUY,LIMIT,1701963586507,2608,0.45816
SANDUSDT,BUY,LIMIT,1701968146393,90,0.46367
SANDUSDT,BUY,LIMIT,1701969932350,68697,0.46543
SANDUSDT,BUY,LIMIT,1701970012208,2025,0.46563
SANDUSDT,BUY,LIMIT,1701970068866,265,0.46601
SANDUSDT,BUY,LIMIT,1701971753362,1761,0.46708
SANDUSDT,BUY,LIMIT,1701972034480,5000,0.46882
SANDUSDT,BUY,LIMIT,1701972036331,407,0.46899
SANDUSDT,SELL,LIMIT,1701976641304,17,0.45556
SANDUSDT,SELL,LIMIT,1701976869913,10801,0.45368
SANDUSDT,SELL,LIMIT,1701977142988,10808,0.45334
SANDUSDT,SELL,LIMIT,1701977159845,678,0.45286
SANDUSDT,SELL,LIMIT,1701977168287,1255,0.45268
SANDUSDT,SELL,LIMIT,1701977175281,8487,0.45250
SANDUSDT,SELL,LIMIT,1701977184596,2058,0.45218
SANDUSDT,SELL,LIMIT,1701977284658,252,0.45169
SANDUSDT,SELL,LIMIT,1701977288157,2734,0.45168
SANDUSDT,SELL,LIMIT,1701977301931,3470,0.45088
SANDUSDT,SELL,LIMIT,1701978095336,9170,0.45088
SANDUSDT,SELL,LIMIT,1701978254519,4339,0.45038
SANDUSDT,BUY,LIMIT,1701979889629,278,0.46224
SANDUSDT,BUY,LIMIT,1701984758936,42587,0.46464
SANDUSDT,SELL,LIMIT,1701989624555,1718,0.45680
SANDUSDT,SELL,LIMIT,1701997660157,53,0.45757
SANDUSDT,SELL,LIMIT,1701997746389,377,0.45675
SANDUSDT,SELL,LIMIT,1701997753341,2472,0.45635
SANDUSDT,SELL,LIMIT,1702005362141,11,0.46062
SANDUSDT,BUY,LIMIT,1702005633309,338,0.46770
SANDUSDT,BUY,LIMIT,1702005816564,91,0.46765
SANDUSDT,BUY,LIMIT,1702005824487,3895,0.46769
SANDUSDT,BUY,LIMIT,1702006669105,241,0.46808
SANDUSDT,SELL,LIMIT,1702007096293,11,0.46334
SANDUSDT,BUY,LIMIT,1702007154541,61,0.46890
SANDUSDT,BUY,LIMIT,1702009681148,2924,0.46906
SANDUSDT,BUY,LIMIT,1702015989024,166,0.46983
SANDUSDT,BUY,LIMIT,1702018380321,179,0.46678
SANDUSDT,SELL,LIMIT,1702020222550,1636,0.45826
SANDUSDT,SELL,LIMIT,1702020530518,28,0.45665
SANDUSDT,SELL,LIMIT,1702020642212,1672,0.45602
SANDUSDT,SELL,LIMIT,1702020643229,326,0.45596
SANDUSDT,SELL,LIMIT,1702020650557,20,0.45522
SANDUSDT,SELL,LIMIT,1702022558174,37,0.45520
SANDUSDT,SELL,LIMIT,1702023055713,3372,0.45474
SANDUSDT,BUY,LIMIT,1702027441267,14,0.46789
SANDUSDT,BUY,LIMIT,1702033211917,20,0.46917
SANDUSDT,BUY,LIMIT,1702034093268,114,0.47044
SANDUSDT,BUY,LIMIT,1702034320350,697,0.47099
SANDUSDT,BUY,LIMIT,1702034441000,543,0.47180
SANDUSDT,BUY,LIMIT,1702034883209,19,0.47219
SANDUSDT,BUY,LIMIT,1702034918264,1668,0.47320
SANDUSDT,BUY,LIMIT,1702034943916,9464,0.47333
SANDUSDT,BUY,LIMIT,1702034951214,18210,0.47402
SANDUSDT,BUY,LIMIT,1702034989926,201,0.47462
SANDUSDT,BUY,LIMIT,1702034991321,107,0.47485
SANDUSDT,BUY,LIMIT,1702034994720,15649,0.47538
SANDUSDT,BUY,LIMIT,1702035010963,800,0.47601
SANDUSDT,BUY,LIMIT,1702035045084,25,0.47695
SANDUSDT,BUY,LIMIT,1702035071406,299,0.47748
SANDUSDT,BUY,LIMIT,1702035162707,184,0.47563
SANDUSDT,BUY,LIMIT,1702035435096,7500,0.47828
SANDUSDT,BUY,LIMIT,1702035734215,37,0.47781
SANDUSDT,SELL,LIMIT,1702035931684,250,0.47744
SANDUSDT,BUY,LIMIT,1702035965428,634,0.47764
SANDUSDT,BUY,LIMIT,1702037814369,1207,0.47929
SANDUSDT,BUY,LIMIT,1702037881191,25,0.47995
SANDUSDT,BUY,LIMIT,1702037883235,12,0.48002
SANDUSDT,BUY,LIMIT,1702037893059,36,0.48055
SANDUSDT,SELL,LIMIT,1702038177479,1118,0.47233
SANDUSDT,SELL,LIMIT,1702042270288,525,0.46614
SANDUSDT,SELL,LIMIT,1702042272398,719,0.46609
SANDUSDT,BUY,LIMIT,1702042982658,35,0.47446
SANDUSDT,BUY,LIMIT,1702043677838,103,0.47617
SANDUSDT,BUY,LIMIT,1702044932147,275,0.47739
SANDUSDT,BUY,LIMIT,1702045727217,171,0.48112
SANDUSDT,BUY,LIMIT,1702045779519,410,0.48140
SANDUSDT,BUY,LIMIT,1702045885456,191,0.48147
SANDUSDT,BUY,LIMIT,1702045971299,1933,0.48197
SANDUSDT,BUY,LIMIT,1702045995140,201,0.48252
SANDUSDT,BUY,LIMIT,1702046002484,47,0.48294
SANDUSDT,BUY,LIMIT,1702046003582,108,0.48315
SANDUSDT,BUY,LIMIT,1702046032819,260,0.48392
SANDUSDT,SELL,LIMIT,1702046054105,45,0.47888
SANDUSDT,BUY,LIMIT,1702046055257,1,0.48469
SANDUSDT,BUY,LIMIT,1702046065267,801,0.48498
SANDUSDT,BUY,LIMIT,1702046905679,832,0.48549
SANDUSDT,BUY,LIMIT,1702046907069,12843,0.48583
SANDUSDT,BUY,LIMIT,1702046911259,30,0.48581
SANDUSDT,BUY,LIMIT,1702047598218,42586,0.48727
SANDUSDT,BUY,LIMIT,1702047600325,3321,0.48715
SANDUSDT,BUY,LIMIT,1702047685407,58,0.48746
SANDUSDT,BUY,LIMIT,1702051339364,2537,0.48688
SANDUSDT,BUY,LIMIT,1702051886184,543,0.48799
SANDUSDT,BUY,LIMIT,1702051903142,11,0.48857
SANDUSDT,BUY,LIMIT,1702051922949,1245,0.48877
SANDUSDT,BUY,LIMIT,1702052072833,326,0.48903
SANDUSDT,BUY,LIMIT,1702052090809,1339,0.48911
SANDUSDT,BUY,LIMIT,1702052099486,3030,0.48921
SANDUSDT,BUY,LIMIT,1702052161448,108,0.48969
SANDUSDT,BUY,LIMIT,1702052530227,153,0.48957
SANDUSDT,SELL,LIMIT,1702053133942,13,0.48743
SANDUSDT,BUY,LIMIT,1702053450293,13738,0.49080
SANDUSDT,BUY,LIMIT,1702053457512,42,0.49092
SANDUSDT,BUY,LIMIT,1702053523492,33,0.49102
SANDUSDT,BUY,LIMIT,1702054400026,237,0.49312
SANDUSDT,BUY,LIMIT,1702054421087,634,0.49319
SANDUSDT,BUY,LIMIT,1702054429602,4627,0.49390
SANDUSDT,BUY,LIMIT,1702054434139,422,0.49491
SANDUSDT,BUY,LIMIT,1702055865225,1129,0.49502
SANDUSDT,SELL,LIMIT,1702058992046,194,0.48352
SANDUSDT,BUY,LIMIT,1702064465619,1047,0.49625
SANDUSDT,BUY,LIMIT,1702064734978,10600,0.49638
SANDUSDT,BUY,LIMIT,1702065626609,33,0.49495
SANDUSDT,BUY,LIMIT,1702065942715,320,0.49542
SANDUSDT,BUY,LIMIT,1702067575152,23,0.49717
SANDUSDT,BUY,LIMIT,1702067583025,495,0.49768
SANDUSDT,BUY,LIMIT,1702067590379,4678,0.49772
SANDUSDT,BUY,LIMIT,1702068150476,100,0.49248
SANDUSDT,BUY,LIMIT,1702070873734,94,0.49564
SANDUSDT,BUY,LIMIT,1702070895513,2123,0.49615
SANDUSDT,BUY,LIMIT,1702071451182,10159,0.49762
SANDUSDT,BUY,LIMIT,1702072671667,45,0.49669
SANDUSDT,BUY,LIMIT,1702072954524,320,0.49672
SANDUSDT,SELL,LIMIT,1702075529138,442,0.48916
SANDUSDT,BUY,LIMIT,1702078609448,392,0.49635
SANDUSDT,BUY,LIMIT,1702078944043,77982,0.49841
SANDUSDT,BUY,LIMIT,1702079190792,2715,0.49811
SANDUSDT,BUY,LIMIT,1702080014031,625,0.49873
SANDUSDT,BUY,LIMIT,1702080081201,1006,0.49942
SANDUSDT,BUY,LIMIT,1702080100880,1745,0.49994
SANDUSDT,BUY,LIMIT,1702080103613,740,0.50008
SANDUSDT,BUY,LIMIT,1702080105488,403,0.50019
SANDUSDT,BUY,LIMIT,1702080112816,622,0.50116
SANDUSDT,BUY,LIMIT,1702080139616,2267,0.50175
SANDUSDT,BUY,LIMIT,1702080148289,143,0.50212
SANDUSDT,BUY,LIMIT,1702080317072,6,0.50189
SANDUSDT,BUY,LIMIT,1702080402240,1315,0.50260
SANDUSDT,BUY,LIMIT,1702080404299,92,0.50286
SANDUSDT,BUY,LIMIT,1702080554499,17,0.50394
SANDUSDT,BUY,LIMIT,1702080559115,1156,0.50409
SANDUSDT,BUY,LIMIT,1702080576024,20900,0.50537
SANDUSDT,BUY,LIMIT,1702080647195,11494,0.50584
SANDUSDT,BUY,LIMIT,1702080659911,2236,0.50623
SANDUSDT,BUY,LIMIT,1702080677222,87934,0.50868
SANDUSDT,BUY,LIMIT,1702080680073,2653,0.50802
SANDUSDT,BUY,LIMIT,1702080682567,235,0.50854
SANDUSDT,BUY,LIMIT,1702080687268,223,0.50911
SANDUSDT,BUY,LIMIT,1702080688947,2283,0.50928
SANDUSDT,BUY,LIMIT,1702080690121,15639,0.50986
SANDUSDT,BUY,LIMIT,1702080692994,507,0.51004
SANDUSDT,BUY,LIMIT,1702080704273,892,0.51033
SANDUSDT,BUY,LIMIT,1702080712710,106337,0.51272
SANDUSDT,BUY,LIMIT,1702080746258,169,0.51150
SANDUSDT,BUY,LIMIT,1702080749489,15042,0.51197
SANDUSDT,BUY,LIMIT,1702080756335,286,0.51254
SANDUSDT,BUY,LIMIT,1702080758527,24,0.51284
SANDUSDT,BUY,LIMIT,1702080972489,958,0.51325
SANDUSDT,BUY,LIMIT,1702080974393,422,0.51337
SANDUSDT,BUY,LIMIT,1702080977074,125,0.51362
SANDUSDT,BUY,LIMIT,1702080979723,1007,0.51374
SANDUSDT,BUY,LIMIT,1702080981929,491,0.51381
SANDUSDT,BUY,LIMIT,1702080982975,170,0.51406
SANDUSDT,BUY,LIMIT,1702080990941,481,0.51455
SANDUSDT,BUY,LIMIT,1702080992331,73,0.51454
SANDUSDT,BUY,LIMIT,1702081350717,1236,0.51351
SANDUSDT,BUY,LIMIT,1702081635436,200,0.51411
SANDUSDT,BUY,LIMIT,1702081663162,152,0.51376
SANDUSDT,BUY,LIMIT,1702081676122,4045,0.51476
SANDUSDT,BUY,LIMIT,1702081703804,1567,0.51510
SANDUSDT,BUY,LIMIT,1702082441745,94,0.51205
SANDUSDT,BUY,LIMIT,1702082974937,522,0.51459
SANDUSDT,BUY,LIMIT,1702083035208,116,0.51603
SANDUSDT,BUY,LIMIT,1702083047262,1017,0.51738
SANDUSDT,BUY,LIMIT,1702083048333,316,0.51730
SANDUSDT,BUY,LIMIT,1702083052965,96,0.51763
SANDUSDT,BUY,LIMIT,1702083054629,316,0.51794
SANDUSDT,BUY,LIMIT,1702083057729,2169,0.51798
SANDUSDT,BUY,LIMIT,1702083060511,1227,0.51856
SANDUSDT,BUY,LIMIT,1702083126195,516,0.51577
SANDUSDT,SELL,LIMIT,1702083974461,2750,0.50056
SANDUSDT,SELL,LIMIT,1702084023334,1157,0.49957
SANDUSDT,SELL,LIMIT,1702084025117,5843,0.49948
SANDUSDT,SELL,LIMIT,1702084087263,16855,0.49795
SANDUSDT,SELL,LIMIT,1702084090815,1227,0.49780
SANDUSDT,BUY,LIMIT,1702085900320,31,0.50893
SANDUSDT,BUY,LIMIT,1702085901360,311,0.50893
SANDUSDT,BUY,LIMIT,1702091252447,351,0.50762
SANDUSDT,BUY,LIMIT,1702091788085,626,0.50889
SANDUSDT,BUY,LIMIT,1702091928370,24,0.50813
SANDUSDT,BUY,LIMIT,1702091933373,74,0.50811
SANDUSDT,BUY,LIMIT,1702094628258,500,0.50974
SANDUSDT,BUY,LIMIT,1702094637317,400,0.51011
SANDUSDT,BUY,LIMIT,1702095969404,4195,0.51014
SANDUSDT,BUY,LIMIT,1702096230677,201,0.51124
SANDUSDT,BUY,LIMIT,1702096358528,385,0.51167
SANDUSDT,BUY,LIMIT,1702097630266,983,0.51135
SANDUSDT,BUY,LIMIT,1702097662665,499,0.51156
SANDUSDT,BUY,LIMIT,1702102153620,28,0.51003
SANDUSDT,BUY,LIMIT,1702103212393,709,0.51104
SANDUSDT,BUY,LIMIT,1702103376621,522,0.51084
SANDUSDT,BUY,LIMIT,1702104981222,976,0.51124
SANDUSDT,SELL,LIMIT,1702106867590,1,0.78527
SANDUSDT,BUY,LIMIT,1702106899434,868,0.50937
SANDUSDT,SELL,LIMIT,1702107520080,413,0.50243
SANDUSDT,BUY,LIMIT,1702108165848,822,0.51124
SANDUSDT,BUY,LIMIT,1702108293834,275,0.51190
SANDUSDT,BUY,LIMIT,1702108513287,6348,0.51266
SANDUSDT,BUY,LIMIT,1702108532625,3351,0.51278
SANDUSDT,BUY,LIMIT,1702109102696,790,0.51115
SANDUSDT,BUY,LIMIT,1702109477131,1323,0.51245
SANDUSDT,SELL,LIMIT,1702109514367,15,0.50998
SANDUSDT,BUY,LIMIT,1702109532632,83,0.51249
SANDUSDT,BUY,LIMIT,1702109741906,307,0.51426
SANDUSDT,BUY,LIMIT,1702109778370,46953,0.51517
SANDUSDT,BUY,LIMIT,1702109787113,265,0.51515
SANDUSDT,BUY,LIMIT,1702109791160,100,0.51537
SANDUSDT,BUY,LIMIT,1702110238246,3411,0.51544
SANDUSDT,BUY,LIMIT,1702110313054,853,0.51567
SANDUSDT,SELL,LIMIT,1702110882269,981,0.50257
SANDUSDT,SELL,LIMIT,1702110920763,3199,0.50091
SANDUSDT,SELL,LIMIT,1702110970061,11,0.50016
SANDUSDT,SELL,LIMIT,1702110975424,9797,0.49980
SANDUSDT,SELL,LIMIT,1702110977317,5000,0.49952
SANDUSDT,SELL,LIMIT,1702110979495,32,0.49923
SANDUSDT,SELL,LIMIT,1702110980627,9847,0.49873
SANDUSDT,SELL,LIMIT,1702110982884,3045,0.49868
SANDUSDT,SELL,LIMIT,1702111028463,17,0.49719
SANDUSDT,SELL,LIMIT,1702111030210,177,0.49708
SANDUSDT,SELL,LIMIT,1702111031306,408,0.49696
SANDUSDT,SELL,LIMIT,1702111032364,323,0.49633
SANDUSDT,SELL,LIMIT,1702111034402,626,0.49604
SANDUSDT,SELL,LIMIT,1702111036332,1956,0.49545
SANDUSDT,SELL,LIMIT,1702111040054,50,0.49444
SANDUSDT,SELL,LIMIT,1702111041723,154,0.49403
SANDUSDT,SELL,LIMIT,1702111042862,10,0.49398
SANDUSDT,SELL,LIMIT,1702111071168,647,0.49312
SANDUSDT,SELL,LIMIT,1702111373140,14787,0.49273
SANDUSDT,SELL,LIMIT,1702111377190,6635,0.49256
SANDUSDT,SELL,LIMIT,1702111379235,3373,0.49176
SANDUSDT,SELL,LIMIT,1702111380334,13226,0.49112
SANDUSDT,SELL,LIMIT,1702111381525,722,0.49096
SANDUSDT,SELL,LIMIT,1702111386281,1388,0.49097
SANDUSDT,BUY,LIMIT,1702111702494,264,0.50732
SANDUSDT,BUY,LIMIT,1702113430367,178,0.51401
SANDUSDT,BUY,LIMIT,1702113443045,4955,0.51496
SANDUSDT,BUY,LIMIT,1702113493866,2000,0.51605
SANDUSDT,BUY,LIMIT,1702113512218,2257,0.51799
SANDUSDT,BUY,LIMIT,1702113519240,15841,0.51866
SANDUSDT,BUY,LIMIT,1702113522251,29,0.51895
SANDUSDT,BUY,LIMIT,1702113562669,1822,0.51991
SANDUSDT,BUY,LIMIT,1702113577579,2431,0.52100
SANDUSDT,BUY,LIMIT,1702113580404,3208,0.52153
SANDUSDT,BUY,LIMIT,1702113581977,850,0.52206
SANDUSDT,BUY,LIMIT,1702113592805,406,0.52218
SANDUSDT,BUY,LIMIT,1702113593877,4535,0.52291
SANDUSDT,BUY,LIMIT,1702114004341,412,0.52419
SANDUSDT,BUY,LIMIT,1702114033799,7152,0.52566
SANDUSDT,BUY,LIMIT,1702114037165,422,0.52643
SANDUSDT,BUY,LIMIT,1702114038224,485,0.52618
SANDUSDT,BUY,LIMIT,1702114039509,1218,0.52671
SANDUSDT,BUY,LIMIT,1702114042831,1,0.52727
SANDUSDT,BUY,LIMIT,1702114047380,187,0.52818
SANDUSDT,BUY,LIMIT,1702114054493,400,0.52834
SANDUSDT,BUY,LIMIT,1702114058597,235,0.52976
SANDUSDT,BUY,LIMIT,1702114171423,2541,0.53078
SANDUSDT,BUY,LIMIT,1702114174292,2193,0.53129
SANDUSDT,BUY,LIMIT,1702114178415,881,0.53102
SANDUSDT,BUY,LIMIT,1702114253351,108,0.53185
SANDUSDT,SELL,LIMIT,1702114820616,190,0.51403
SANDUSDT,SELL,LIMIT,1702116446821,9457,0.51353
SANDUSDT,SELL,LIMIT,1702119880523,652,0.51201
SANDUSDT,SELL,LIMIT,1702120671256,3500,0.51070
SANDUSDT,SELL,LIMIT,1702121078071,15,0.51046
SANDUSDT,SELL,LIMIT,1702121080721,7181,0.51044
SANDUSDT,SELL,LIMIT,1702121105908,955,0.50999
SANDUSDT,SELL,LIMIT,1702121348463,487,0.50963
SANDUSDT,SELL,LIMIT,1702122822773,1055,0.51258
SANDUSDT,BUY,LIMIT,1702126472241,194,0.52369
SANDUSDT,BUY,LIMIT,1702126489355,2532,0.52411
SANDUSDT,BUY,LIMIT,1702126720352,768,0.52519
SANDUSDT,SELL,LIMIT,1702128658749,706,0.51567
SANDUSDT,BUY,LIMIT,1702130194060,270,0.52301
SANDUSDT,SELL,LIMIT,1702132775159,772,0.51163
SANDUSDT,SELL,LIMIT,1702132828124,37,0.51008
SANDUSDT,SELL,LIMIT,1702132990857,204,0.50864
SANDUSDT,SELL,LIMIT,1702132992205,873,0.50847
SANDUSDT,SELL,LIMIT,1702132994166,583,0.50776
SANDUSDT,SELL,LIMIT,1702132995224,754,0.50777
SANDUSDT,SELL,LIMIT,1702132996780,9250,0.50726
SANDUSDT,SELL,LIMIT,1702133000892,10,0.50658
SANDUSDT,SELL,LIMIT,1702133002078,3636,0.50643
SANDUSDT,SELL,LIMIT,1702133005038,1395,0.50593
SANDUSDT,SELL,LIMIT,1702133006407,788021,0.49629
SANDUSDT,SELL,LIMIT,1702133008458,144,0.50292
SANDUSDT,BUY,LIMIT,1702136255254,37,0.52151
SANDUSDT,BUY,LIMIT,1702136284440,570,0.52203
SANDUSDT,BUY,LIMIT,1702136299996,379,0.52311
SANDUSDT,BUY,LIMIT,1702137354407,2308,0.52621
SANDUSDT,SELL,LIMIT,1702139008151,175,0.51599
SANDUSDT,SELL,LIMIT,1702139290813,540,0.51183
SANDUSDT,BUY,LIMIT,1702139724576,408,0.52769
SANDUSDT,BUY,LIMIT,1702139924531,48,0.53007
SANDUSDT,BUY,LIMIT,1702139970123,1457,0.53081
SANDUSDT,BUY,LIMIT,1702139992327,3687,0.53155
SANDUSDT,BUY,LIMIT,1702139995813,10277,0.53254
SANDUSDT,BUY,LIMIT,1702140000139,20192,0.53323
SANDUSDT,BUY,LIMIT,1702140004641,19,0.53297
SANDUSDT,BUY,LIMIT,1702140461719,1312,0.53335
SANDUSDT,BUY,LIMIT,1702140463522,679,0.53369
SANDUSDT,BUY,LIMIT,1702140465407,12780,0.53385
SANDUSDT,BUY,LIMIT,1702140468167,185,0.53411
SANDUSDT,BUY,LIMIT,1702140479551,300,0.53451
SANDUSDT,BUY,LIMIT,1702140570471,1773,0.53490
SANDUSDT,BUY,LIMIT,1702140669283,16,0.53499
SANDUSDT,BUY,LIMIT,1702140670619,754,0.53524
SANDUSDT,BUY,LIMIT,1702140672258,979,0.53542
SANDUSDT,BUY,LIMIT,1702140676491,478,0.53612
SANDUSDT,BUY,LIMIT,1702140680947,1930,0.53617
SANDUSDT,BUY,LIMIT,1702140686253,9000,0.53665
SANDUSDT,BUY,LIMIT,1702141038725,5865,0.53732
SANDUSDT,BUY,LIMIT,1702141356923,39,0.53842
SANDUSDT,SELL,LIMIT,1702141689193,1741,0.52299
SANDUSDT,SELL,LIMIT,1702141706365,52,0.52256
SANDUSDT,SELL,LIMIT,1702141852437,47864,0.52354
SANDUSDT,SELL,LIMIT,1702142079588,46,0.52122
SANDUSDT,SELL,LIMIT,1702144098637,386,0.52017
SANDUSDT,SELL,LIMIT,1702144105302,7254,0.51991
SANDUSDT,SELL,LIMIT,1702144246286,18,0.51928
SANDUSDT,SELL,LIMIT,1702145407077,2527,0.51750
SANDUSDT,SELL,LIMIT,1702145441828,49,0.51736
SANDUSDT,SELL,LIMIT,1702145455845,1719,0.51673
SANDUSDT,SELL,LIMIT,1702145458398,149,0.51630
SANDUSDT,SELL,LIMIT,1702145490932,39,0.51572
SANDUSDT,BUY,LIMIT,1702147888775,18,0.53268
SANDUSDT,SELL,LIMIT,1702153012912,98,0.51891
SANDUSDT,SELL,LIMIT,1702153777678,215,0.51731
SANDUSDT,SELL,LIMIT,1702153880167,675,0.51686
SANDUSDT,BUY,LIMIT,1702158306315,495,0.53391
SANDUSDT,BUY,LIMIT,1702158833299,65,0.53554
SANDUSDT,BUY,LIMIT,1702158849507,444,0.53565
SANDUSDT,BUY,LIMIT,1702160852098,53,0.53863
SANDUSDT,BUY,LIMIT,1702160857725,194,0.53899
SANDUSDT,BUY,LIMIT,1702160912431,10,0.53953
SANDUSDT,BUY,LIMIT,1702160923948,2239,0.53969
SANDUSDT,BUY,LIMIT,1702160925296,63,0.53999
SANDUSDT,BUY,LIMIT,1702160928712,1851,0.54060
SANDUSDT,BUY,LIMIT,1702160935514,46,0.54074
SANDUSDT,BUY,LIMIT,1702160948036,3582,0.54080
SANDUSDT,BUY,LIMIT,1702160972058,273,0.54143
SANDUSDT,BUY,LIMIT,1702160973361,50,0.54136
SANDUSDT,BUY,LIMIT,1702160974882,1985,0.54188
SANDUSDT,BUY,LIMIT,1702160985210,646,0.54263
SANDUSDT,BUY,LIMIT,1702160986508,687,0.54285
SANDUSDT,BUY,LIMIT,1702161001146,95,0.54314
SANDUSDT,SELL,LIMIT,1702161949883,83,0.53673
SANDUSDT,BUY,LIMIT,1702162098057,615,0.54334
SANDUSDT,BUY,LIMIT,1702162112497,86,0.54352
SANDUSDT,BUY,LIMIT,1702162120088,567,0.54368
SANDUSDT,BUY,LIMIT,1702162127242,9086,0.54385
SANDUSDT,BUY,LIMIT,1702162146365,531,0.54639
SANDUSDT,BUY,LIMIT,1702162156710,8482,0.54680
SANDUSDT,BUY,LIMIT,1702162166452,1871,0.54701
SANDUSDT,BUY,LIMIT,1702162170100,3837,0.54710
SANDUSDT,BUY,LIMIT,1702162175757,770,0.54733
SANDUSDT,BUY,LIMIT,1702162180851,422,0.54797
SANDUSDT,BUY,LIMIT,1702164019176,422,0.54666
SANDUSDT,SELL,LIMIT,1702164573250,287,0.53129
SANDUSDT,SELL,LIMIT,1702164578096,69,0.53056
SANDUSDT,SELL,LIMIT,1702164582462,168,0.53044
SANDUSDT,SELL,LIMIT,1702164748436,184,0.52845
SANDUSDT,SELL,LIMIT,1702164750557,4674,0.53032
SANDUSDT,SELL,LIMIT,1702164752635,618,0.52778
SANDUSDT,SELL,LIMIT,1702164797516,20147,0.52677
SANDUSDT,SELL,LIMIT,1702164800556,338,0.52689
SANDUSDT,SELL,LIMIT,1702164801573,520,0.53581
SANDUSDT,SELL,LIMIT,1702164803372,24,0.52660
SANDUSDT,SELL,LIMIT,1702164806074,9235,0.52505
SANDUSDT,SELL,LIMIT,1702164807474,522,0.52391
SANDUSDT,SELL,LIMIT,1702164809558,2433,0.52384
SANDUSDT,SELL,LIMIT,1702164810815,2054,0.52414
SANDUSDT,BUY,LIMIT,1702164812368,446,0.52965
SANDUSDT,BUY,LIMIT,1702166507279,3906,0.54184
SANDUSDT,BUY,LIMIT,1702166511324,2371,0.54237
SANDUSDT,BUY,LIMIT,1702166513067,104,0.54269
SANDUSDT,BUY,LIMIT,1702166519453,318,0.54383
SANDUSDT,BUY,LIMIT,1702166732838,54,0.54616
SANDUSDT,BUY,LIMIT,1702166752791,1025,0.54922
SANDUSDT,BUY,LIMIT,1702166757589,197,0.54937
SANDUSDT,BUY,LIMIT,1702166785667,965,0.55016
SANDUSDT,BUY,LIMIT,1702166787058,1256,0.55152
SANDUSDT,BUY,LIMIT,1702166789278,1185,0.55184
SANDUSDT,BUY,LIMIT,1702166795057,447,0.55256
SANDUSDT,BUY,LIMIT,1702167212383,2927,0.55289
SANDUSDT,BUY,LIMIT,1702167230361,2311,0.55327
SANDUSDT,BUY,LIMIT,1702167256327,14486,0.55411
SANDUSDT,BUY,LIMIT,1702167257451,1587,0.55412
SANDUSDT,BUY,LIMIT,1702167397526,26,0.55560
SANDUSDT,SELL,LIMIT,1702167764791,20,0.54486
SANDUSDT,SELL,LIMIT,1702168155987,1584,0.54613
SANDUSDT,BUY,LIMIT,1702168352295,1015,0.55584
SANDUSDT,BUY,LIMIT,1702168372042,989,0.55671
SANDUSDT,BUY,LIMIT,1702168373416,68,0.55680
SANDUSDT,SELL,LIMIT,1702168375302,90,0.55045
SANDUSDT,BUY,LIMIT,1702168379059,3396,0.55805
SANDUSDT,BUY,LIMIT,1702168460362,6191,0.55807
SANDUSDT,BUY,LIMIT,1702168461909,40774,0.55871
SANDUSDT,BUY,LIMIT,1702168671064,44005,0.55896
SANDUSDT,BUY,LIMIT,1702168754740,936,0.56024
SANDUSDT,BUY,LIMIT,1702168765456,322,0.56033
SANDUSDT,BUY,LIMIT,1702168783539,268,0.56004
SANDUSDT,BUY,LIMIT,1702168838572,3413,0.56050
SANDUSDT,BUY,LIMIT,1702168843694,7584,0.56054
SANDUSDT,BUY,LIMIT,1702168845137,435,0.56068
SANDUSDT,BUY,LIMIT,1702168862528,357,0.56099
SANDUSDT,BUY,LIMIT,1702168864067,186,0.56113
SANDUSDT,BUY,LIMIT,1702168873110,17332,0.56170
SANDUSDT,SELL,LIMIT,1702170402817,140,0.54714
SANDUSDT,SELL,LIMIT,1702170426404,177,0.54670
SANDUSDT,SELL,LIMIT,1702170509166,2922,0.54578
SANDUSDT,SELL,LIMIT,1702170571121,45,0.55306
SANDUSDT,SELL,LIMIT,1702170739205,2420,0.54486
SANDUSDT,SELL,LIMIT,1702170754532,1387,0.54399
SANDUSDT,BUY,LIMIT,1702171320765,3536,0.55838
SANDUSDT,BUY,LIMIT,1702172952021,1895,0.56332
SANDUSDT,BUY,LIMIT,1702172958802,567,0.56375
SANDUSDT,BUY,LIMIT,1702172999275,245,0.56407
SANDUSDT,BUY,LIMIT,1702173000777,8938,0.56481
SANDUSDT,BUY,LIMIT,1702173037844,894,0.56571
SANDUSDT,BUY,LIMIT,1702173038922,1934,0.56582
SANDUSDT,BUY,LIMIT,1702173040646,267,0.56608
SANDUSDT,BUY,LIMIT,1702173043566,1932,0.56647
SANDUSDT,BUY,LIMIT,1702173045246,998,0.56684
SANDUSDT,BUY,LIMIT,1702173046291,1029,0.56699
SANDUSDT,BUY,LIMIT,1702173047627,1008,0.56767
SANDUSDT,BUY,LIMIT,1702173060932,1114,0.56793
SANDUSDT,BUY,LIMIT,1702173179066,1096,0.56828
SANDUSDT,BUY,LIMIT,1702173182398,1098,0.56854
SANDUSDT,BUY,LIMIT,1702173198573,356,0.56904
SANDUSDT,BUY,LIMIT,1702173211692,674,0.56977
SANDUSDT,SELL,LIMIT,1702174059543,144,0.55408
SANDUSDT,SELL,LIMIT,1702174167517,30,0.55274
SANDUSDT,SELL,LIMIT,1702174201997,517,0.55252
SANDUSDT,SELL,LIMIT,1702174212196,46,0.55171
SANDUSDT,SELL,LIMIT,1702174461896,10,0.55108
SANDUSDT,SELL,LIMIT,1702174504056,71,0.54940
SANDUSDT,SELL,LIMIT,1702174505515,6504,0.54903
SANDUSDT,SELL,LIMIT,1702174507676,20,0.54845
SANDUSDT,SELL,LIMIT,1702174510277,4206,0.54814
SANDUSDT,SELL,LIMIT,1702174511297,1232,0.54849
SANDUSDT,SELL,LIMIT,1702174549556,8500,0.54652
SANDUSDT,SELL,LIMIT,1702176963091,6569,0.54564
SANDUSDT,SELL,LIMIT,1702176966288,5323,0.54517
SANDUSDT,SELL,LIMIT,1702177965034,41,0.54401
SANDUSDT,SELL,LIMIT,1702178158359,101,0.54226
SANDUSDT,SELL,LIMIT,1702178192300,2070,0.54227
SANDUSDT,SELL,LIMIT,1702178200932,2353,0.54152
SANDUSDT,SELL,LIMIT,1702178337708,159,0.54084
SANDUSDT,SELL,LIMIT,1702178488802,1714,0.54012
SANDUSDT,SELL,LIMIT,1702178764106,1355,0.53931
SANDUSDT,SELL,LIMIT,1702178776550,171,0.53912
SANDUSDT,SELL,LIMIT,1702181107630,1963,0.53896
SANDUSDT,SELL,LIMIT,1702181140314,2,16.08935
SANDUSDT,BUY,LIMIT,1702184591257,110,0.55281
SANDUSDT,BUY,LIMIT,1702188210663,22290,0.55907
SANDUSDT,BUY,LIMIT,1702188384059,500,0.55932
SANDUSDT,SELL,LIMIT,1702188627367,1007,0.55048
SANDUSDT,BUY,LIMIT,1702191478092,7000,0.56211
SANDUSDT,BUY,LIMIT,1702191496121,405,0.56278
SANDUSDT,BUY,LIMIT,1702191503630,909,0.56286
SANDUSDT,BUY,LIMIT,1702191590872,570,0.56334
SANDUSDT,BUY,LIMIT,1702191658083,320,0.56435
SANDUSDT,BUY,LIMIT,1702191702643,12,0.56625
SANDUSDT,BUY,LIMIT,1702191963008,500,0.56743
SANDUSDT,BUY,LIMIT,1702192088178,326,0.56802
SANDUSDT,BUY,LIMIT,1702192089350,150,0.56806
SANDUSDT,BUY,LIMIT,1702192121163,320,0.56923
SANDUSDT,BUY,LIMIT,1702192123479,501,0.56956
SANDUSDT,BUY,LIMIT,1702192126641,184,0.57008
SANDUSDT,BUY,LIMIT,1702192141722,107,0.57051
SANDUSDT,BUY,LIMIT,1702192146796,2689,0.57126
SANDUSDT,BUY,LIMIT,1702192173801,40,0.57214
SANDUSDT,BUY,LIMIT,1702192328025,1223,0.57311
SANDUSDT,BUY,LIMIT,1702192329110,18448,0.57370
SANDUSDT,BUY,LIMIT,1702192333203,73,0.57352
SANDUSDT,BUY,LIMIT,1702192334907,14,0.57381
SANDUSDT,BUY,LIMIT,1702192338106,174,0.57401
SANDUSDT,BUY,LIMIT,1702192339340,3927,0.57423
SANDUSDT,BUY,LIMIT,1702192340667,259,0.57439
SANDUSDT,BUY,LIMIT,1702192343184,3264,0.57448
SANDUSDT,BUY,LIMIT,1702192344460,2289,0.57469
SANDUSDT,BUY,LIMIT,1702192346604,187,0.57474
SANDUSDT,BUY,LIMIT,1702192350358,145,0.57500
SANDUSDT,BUY,LIMIT,1702192351407,690,0.57516
SANDUSDT,BUY,LIMIT,1702192356269,1162,0.57549
SANDUSDT,BUY,LIMIT,1702192369086,703,0.57581
SANDUSDT,BUY,LIMIT,1702192371469,5000,0.57612
SANDUSDT,BUY,LIMIT,1702192424220,3566,0.57644
SANDUSDT,BUY,LIMIT,1702192429545,15,0.57662
SANDUSDT,BUY,LIMIT,1702192439867,61,0.57686
SANDUSDT,BUY,LIMIT,1702192601152,336,0.57714
SANDUSDT,BUY,LIMIT,1702192602487,222,0.57733
SANDUSDT,BUY,LIMIT,1702192604324,19,0.57797
SANDUSDT,BUY,LIMIT,1702192607764,2719,0.57834
SANDUSDT,BUY,LIMIT,1702192608996,378,0.57848
SANDUSDT,BUY,LIMIT,1702192611315,1590,0.57887
SANDUSDT,BUY,LIMIT,1702192612847,41,0.57887
SANDUSDT,BUY,LIMIT,1702192622250,90,0.57922
SANDUSDT,BUY,LIMIT,1702192624315,12,0.58005
SANDUSDT,BUY,LIMIT,1702192747400,11,0.57555
SANDUSDT,SELL,LIMIT,1702192883220,9115,0.56605
SANDUSDT,BUY,LIMIT,1702192968247,7777,0.58044
SANDUSDT,BUY,LIMIT,1702192972198,683,0.58091
SANDUSDT,BUY,LIMIT,1702193126153,1062,0.58111
SANDUSDT,BUY,LIMIT,1702193127769,167,0.58158
SANDUSDT,BUY,LIMIT,1702193134231,58,0.58158
SANDUSDT,BUY,LIMIT,1702193139047,668,0.58171
SANDUSDT,BUY,LIMIT,1702193140109,369,0.58200
SANDUSDT,BUY,LIMIT,1702193142287,224,0.58244
SANDUSDT,BUY,LIMIT,1702193144315,158,0.58301
SANDUSDT,BUY,LIMIT,1702193146089,23,0.58346
SANDUSDT,BUY,LIMIT,1702193147137,282,0.58350
SANDUSDT,BUY,LIMIT,1702193149980,422,0.58337
SANDUSDT,BUY,LIMIT,1702193160746,154,0.58376
SANDUSDT,BUY,LIMIT,1702193246929,1845,0.58428
SANDUSDT,BUY,LIMIT,1702193252385,1419,0.58522
SANDUSDT,BUY,LIMIT,1702193254158,33,0.58636
SANDUSDT,BUY,LIMIT,1702193256121,235,0.58755
SANDUSDT,BUY,LIMIT,1702193257135,4856,0.58765
SANDUSDT,BUY,LIMIT,1702193309361,283,0.58824
SANDUSDT,BUY,LIMIT,1702193310775,102,0.58832
SANDUSDT,BUY,LIMIT,1702193313195,15,0.58847
SANDUSDT,BUY,LIMIT,1702193405350,380,0.58813
SANDUSDT,BUY,LIMIT,1702193408200,1425,0.58852
SANDUSDT,BUY,LIMIT,1702193444714,1908,0.58873
SANDUSDT,BUY,LIMIT,1702193450745,3743,0.58931
SANDUSDT,BUY,LIMIT,1702193452750,4108,0.58928
SANDUSDT,BUY,LIMIT,1702193457505,1,0.59004
SANDUSDT,BUY,LIMIT,1702193478246,435,0.59119
SANDUSDT,BUY,LIMIT,1702193479395,637,0.59130
SANDUSDT,BUY,LIMIT,1702193484118,266,0.59171
SANDUSDT,BUY,LIMIT,1702193666087,2254,0.59192
SANDUSDT,BUY,LIMIT,1702193667696,776,0.59203
SANDUSDT,BUY,LIMIT,1702193669156,177,0.59276
SANDUSDT,BUY,LIMIT,1702193678463,869,0.59296
SANDUSDT,BUY,LIMIT,1702193689219,4165,0.59349
SANDUSDT,BUY,LIMIT,1702193690613,3379,0.59394
SANDUSDT,SELL,LIMIT,1702193940104,135,0.57711
SANDUSDT,BUY,LIMIT,1702196180768,8553,0.59033
SANDUSDT,BUY,LIMIT,1702196207782,493,0.59303
SANDUSDT,BUY,LIMIT,1702196636106,93,0.59331
SANDUSDT,BUY,LIMIT,1702196639535,27,0.59363
SANDUSDT,BUY,LIMIT,1702196645747,5970,0.59383
SANDUSDT,BUY,LIMIT,1702196655413,600,0.59422
SANDUSDT,BUY,LIMIT,1702196656791,23,0.59444
SANDUSDT,BUY,LIMIT,1702196658354,776,0.59451
SANDUSDT,BUY,LIMIT,1702196659518,57,0.59553
SANDUSDT,BUY,LIMIT,1702196661144,9176,0.59608
SANDUSDT,BUY,LIMIT,1702196662318,15,0.59592
SANDUSDT,BUY,LIMIT,1702196664668,17,0.59664
SANDUSDT,BUY,LIMIT,1702196669543,35,0.59688
SANDUSDT,BUY,LIMIT,1702196671277,21,0.59698
SANDUSDT,BUY,LIMIT,1702196685719,1028,0.59703
SANDUSDT,BUY,LIMIT,1702196687510,3400,0.59704
SANDUSDT,BUY,LIMIT,1702196693313,833,0.59721
SANDUSDT,BUY,LIMIT,1702196695156,426,0.59760
SANDUSDT,BUY,LIMIT,1702196696375,830,0.59818
SANDUSDT,BUY,LIMIT,1702196699412,1000,0.59823
SANDUSDT,SELL,LIMIT,1702197085340,31,0.58184
SANDUSDT,SELL,LIMIT,1702197239972,730,0.58153
SANDUSDT,SELL,LIMIT,1702197243397,31,0.58136
SANDUSDT,SELL,LIMIT,1702197311861,44,0.58029
SANDUSDT,SELL,LIMIT,1702197313288,4292,0.58010
SANDUSDT,SELL,LIMIT,1702197318774,1779,0.57894
SANDUSDT,SELL,LIMIT,1702197320094,734,0.57879
SANDUSDT,SELL,LIMIT,1702197323158,35,0.57876
SANDUSDT,SELL,LIMIT,1702197376747,88,0.57829
SANDUSDT,SELL,LIMIT,1702197379496,1348,0.57762
SANDUSDT,SELL,LIMIT,1702197381956,36095,0.57718
SANDUSDT,SELL,LIMIT,1702197384333,96,0.57726
SANDUSDT,SELL,LIMIT,1702197388535,75,0.57692
SANDUSDT,SELL,LIMIT,1702197390135,881,0.57642
SANDUSDT,SELL,LIMIT,1702197391253,2102,0.57596
SANDUSDT,SELL,LIMIT,1702197408122,21,0.57542
SANDUSDT,SELL,LIMIT,1702197409142,1715,0.57542
SANDUSDT,SELL,LIMIT,1702197410399,139,0.57530
SANDUSDT,SELL,LIMIT,1702197411452,230,0.57511
SANDUSDT,SELL,LIMIT,1702197412591,3303,0.57594
SANDUSDT,SELL,LIMIT,1702197603737,750,0.57489
SANDUSDT,SELL,LIMIT,1702197604984,15,0.57471
SANDUSDT,SELL,LIMIT,1702197607569,732,0.57387
SANDUSDT,SELL,LIMIT,1702197612543,22379,0.57314
SANDUSDT,SELL,LIMIT,1702197615340,646,0.57328
SANDUSDT,SELL,LIMIT,1702197617643,7260,0.57296
SANDUSDT,SELL,LIMIT,1702197630605,17,0.57295
SANDUSDT,SELL,LIMIT,1702197635979,214,0.57235
SANDUSDT,SELL,LIMIT,1702197664715,7420,0.57226
SANDUSDT,SELL,LIMIT,1702197666394,3644,0.57191
SANDUSDT,SELL,LIMIT,1702197667636,321,0.57113
SANDUSDT,SELL,LIMIT,1702197668796,2603,0.57062
SANDUSDT,SELL,LIMIT,1702197670180,523,0.57052
SANDUSDT,SELL,LIMIT,1702197672257,2644,0.57010
SANDUSDT,SELL,LIMIT,1702197711109,970,0.56984
SANDUSDT,SELL,LIMIT,1702197712168,119,0.56954
SANDUSDT,SELL,LIMIT,1702197713630,1173,0.56863
SANDUSDT,SELL,LIMIT,1702197714979,13801,0.56826
SANDUSDT,SELL,LIMIT,1702197724071,1037,0.56737
SANDUSDT,SELL,LIMIT,1702197725092,302,0.56794
SANDUSDT,SELL,LIMIT,1702197726520,349,0.56692
SANDUSDT,SELL,LIMIT,1702197735247,1327,0.56635
SANDUSDT,SELL,LIMIT,1702197736577,1696,0.56585
SANDUSDT,SELL,LIMIT,1702197742265,8569,0.56551
SANDUSDT,SELL,LIMIT,1702197744629,1000,0.56517
SANDUSDT,SELL,LIMIT,1702197746363,1071,0.56492
SANDUSDT,SELL,LIMIT,1702197747954,5126,0.56474
SANDUSDT,SELL,LIMIT,1702198100272,108,0.56617
SANDUSDT,SELL,LIMIT,1702198108925,8124,0.56460
SANDUSDT,SELL,LIMIT,1702198110104,1001,0.56439
SANDUSDT,SELL,LIMIT,1702198121408,1016,0.56364
SANDUSDT,SELL,LIMIT,1702198124464,529,0.56315
SANDUSDT,SELL,LIMIT,1702198171111,378,0.56271
SANDUSDT,SELL,LIMIT,1702198175084,117,0.56266
SANDUSDT,BUY,LIMIT,1702199293201,3343,0.57865
SANDUSDT,BUY,LIMIT,1702199392880,705,0.57970
SANDUSDT,BUY,LIMIT,1702199405720,29,0.58010
SANDUSDT,SELL,LIMIT,1702200061862,67,0.56905
SANDUSDT,SELL,LIMIT,1702200280610,30,0.56654
SANDUSDT,SELL,LIMIT,1702200623242,89,0.56464
SANDUSDT,SELL,LIMIT,1702200632646,1075,0.56432
SANDUSDT,SELL,LIMIT,1702200636330,124,0.56432
SANDUSDT,SELL,LIMIT,1702200640264,1007,0.56418
SANDUSDT,SELL,LIMIT,1702200642222,183,0.56373
SANDUSDT,SELL,LIMIT,1702200643285,1905,0.56354
SANDUSDT,SELL,LIMIT,1702200647435,536,0.56350
SANDUSDT,SELL,LIMIT,1702200658707,143,0.56351
SANDUSDT,SELL,LIMIT,1702200674334,25,0.56324
SANDUSDT,SELL,LIMIT,1702200801824,50,0.56413
SANDUSDT,SELL,LIMIT,1702200889000,94,0.56471
SANDUSDT,SELL,LIMIT,1702200891744,1296,0.56416
SANDUSDT,BUY,LIMIT,1702200910339,4845,0.57249
SANDUSDT,SELL,LIMIT,1702200937162,281,0.56312
SANDUSDT,SELL,LIMIT,1702200941758,45030,0.56206
SANDUSDT,SELL,LIMIT,1702200943079,128,0.56224
SANDUSDT,SELL,LIMIT,1702201333210,67,0.56167
SANDUSDT,SELL,LIMIT,1702201334264,238,0.56093
SANDUSDT,SELL,LIMIT,1702201335339,115,0.56075
SANDUSDT,SELL,LIMIT,1702201336357,1696,0.56044
SANDUSDT,SELL,LIMIT,1702201408455,72,0.56078
SANDUSDT,SELL,LIMIT,1702201409518,151,0.56024
SANDUSDT,SELL,LIMIT,1702201411327,28,0.56013
SANDUSDT,SELL,LIMIT,1702201412378,2591,0.56022
SANDUSDT,SELL,LIMIT,1702201419827,992,0.55981
SANDUSDT,SELL,LIMIT,1702201420949,202,0.55963
SANDUSDT,SELL,LIMIT,1702201422527,92,0.55968
SANDUSDT,SELL,LIMIT,1702201425323,851,0.55944
SANDUSDT,SELL,LIMIT,1702201428350,1458,0.55912
SANDUSDT,SELL,LIMIT,1702201429458,1154,0.55877
SANDUSDT,SELL,LIMIT,1702201430664,20000,0.55835
SANDUSDT,SELL,LIMIT,1702201432407,1836,0.55832
SANDUSDT,SELL,LIMIT,1702201473342,480,0.55986
SANDUSDT,SELL,LIMIT,1702202078571,652,0.56099
SANDUSDT,SELL,LIMIT,1702202151341,5000,0.56127
SANDUSDT,SELL,LIMIT,1702202273357,1000,0.55953
SANDUSDT,BUY,LIMIT,1702202275762,37,0.56637
SANDUSDT,SELL,LIMIT,1702202292700,117589,0.55560
SANDUSDT,SELL,LIMIT,1702202297526,543,0.55917
SANDUSDT,SELL,LIMIT,1702202308766,9,0.55811
SANDUSDT,SELL,LIMIT,1702202319251,4529,0.55789
SANDUSDT,SELL,LIMIT,1702202321456,173,0.55734
SANDUSDT,SELL,LIMIT,1702202323229,581,0.55890
SANDUSDT,SELL,LIMIT,1702202324391,44,0.55692
SANDUSDT,SELL,LIMIT,1702202326296,100,0.55678
SANDUSDT,SELL,LIMIT,1702202371284,3950,0.55732
SANDUSDT,SELL,LIMIT,1702202373555,523,0.55684
SANDUSDT,SELL,LIMIT,1702202379069,1715,0.55664
SANDUSDT,SELL,LIMIT,1702202380100,70,0.55657
SANDUSDT,SELL,LIMIT,1702202381231,45177,0.55662
SANDUSDT,SELL,LIMIT,1702202382372,350,0.55587
SANDUSDT,SELL,LIMIT,1702202383396,65,0.55615
SANDUSDT,SELL,LIMIT,1702202384682,142,0.55544
SANDUSDT,SELL,LIMIT,1702202389928,2083,0.55536
SANDUSDT,SELL,LIMIT,1702202392383,199,0.55546
SANDUSDT,SELL,LIMIT,1702202395728,16,0.55536
SANDUSDT,BUY,LIMIT,1702203162977,1577,0.57283
SANDUSDT,BUY,LIMIT,1702203372566,50,0.57397
SANDUSDT,BUY,LIMIT,1702203376917,20,0.57428
SANDUSDT,BUY,LIMIT,1702203391545,141,0.57483
SANDUSDT,BUY,LIMIT,1702203429274,191,0.57511
SANDUSDT,BUY,LIMIT,1702203449369,34,0.57521
SANDUSDT,SELL,LIMIT,1702204495555,1929,0.55994
SANDUSDT,SELL,LIMIT,1702204592743,8860,0.55937
SANDUSDT,SELL,LIMIT,1702204595703,1315,0.55910
SANDUSDT,SELL,LIMIT,1702204603220,325,0.55888
SANDUSDT,SELL,LIMIT,1702204606637,3025,0.55870
SANDUSDT,SELL,LIMIT,1702204619703,144,0.55785
SANDUSDT,SELL,LIMIT,1702204676263,22,0.55779
SANDUSDT,SELL,LIMIT,1702204682664,435,0.55775
SANDUSDT,SELL,LIMIT,1702204912174,10372,0.55708
SANDUSDT,SELL,LIMIT,1702204916080,918,0.55710
SANDUSDT,SELL,LIMIT,1702204924501,3824,0.55636
SANDUSDT,SELL,LIMIT,1702204929928,8778,0.55618
SANDUSDT,BUY,LIMIT,1702205289052,714,0.56792
SANDUSDT,BUY,LIMIT,1702206139267,571,0.57061
SANDUSDT,BUY,LIMIT,1702206469115,233,0.57165
SANDUSDT,BUY,LIMIT,1702206470503,1782,0.57183
SANDUSDT,BUY,LIMIT,1702206472133,294,0.57231
SANDUSDT,BUY,LIMIT,1702206519245,21098,0.57338
SANDUSDT,BUY,LIMIT,1702206522230,4467,0.57319
SANDUSDT,BUY,LIMIT,1702206540109,2775,0.57334
SANDUSDT,BUY,LIMIT,1702206572396,44,0.57404
SANDUSDT,BUY,LIMIT,1702206582063,75,0.57461
SANDUSDT,BUY,LIMIT,1702206592934,1083,0.57495
SANDUSDT,BUY,LIMIT,1702207010060,2819,0.57525
SANDUSDT,BUY,LIMIT,1702207017210,115,0.57567
SANDUSDT,BUY,LIMIT,1702207020719,1836,0.57620
SANDUSDT,BUY,LIMIT,1702207028396,1451,0.57639
SANDUSDT,BUY,LIMIT,1702207029527,44,0.57640
SANDUSDT,BUY,LIMIT,1702207031067,40,0.57654
SANDUSDT,BUY,LIMIT,1702207036107,134,0.57699
SANDUSDT,BUY,LIMIT,1702207037192,8287,0.57706
SANDUSDT,BUY,LIMIT,1702207040433,1134,0.57744
SANDUSDT,BUY,LIMIT,1702207042488,18,0.57785
SANDUSDT,BUY,LIMIT,1702207047080,165,0.57810
SANDUSDT,BUY,LIMIT,1702207049430,86,0.57860
SANDUSDT,BUY,LIMIT,1702207438163,220,0.57869
SANDUSDT,BUY,LIMIT,1702207440259,1970,0.57910
SANDUSDT,BUY,LIMIT,1702207442398,648,0.57941
SANDUSDT,SELL,LIMIT,1702208252870,1979,0.57004
SANDUSDT,BUY,LIMIT,1702209052165,317,0.57170
SANDUSDT,SELL,LIMIT,1702209555899,2072,0.56412
SANDUSDT,BUY,LIMIT,1702209801554,412,0.57253
SANDUSDT,SELL,LIMIT,1702209978495,17,0.57534
SANDUSDT,SELL,LIMIT,1702211331041,1420,0.56287
SANDUSDT,SELL,LIMIT,1702211333435,40,0.56243
SANDUSDT,SELL,LIMIT,1702211335366,2204,0.56206
SANDUSDT,SELL,LIMIT,1702211337005,133,0.56196
SANDUSDT,SELL,LIMIT,1702211343872,864,0.56186
SANDUSDT,SELL,LIMIT,1702211535412,55,0.56178
SANDUSDT,SELL,LIMIT,1702211536522,1161,0.56177
SANDUSDT,SELL,LIMIT,1702211537761,1118,0.56118
SANDUSDT,SELL,LIMIT,1702211540383,39,0.56084
SANDUSDT,SELL,LIMIT,1702211543106,6116,0.56066
SANDUSDT,SELL,LIMIT,1702211755767,1677,0.56014
SANDUSDT,SELL,LIMIT,1702211757349,7093,0.56013
SANDUSDT,SELL,LIMIT,1702211758670,6999,0.55990
SANDUSDT,SELL,LIMIT,1702211761871,429,0.55984
SANDUSDT,BUY,LIMIT,1702213445065,432,0.57540
SANDUSDT,BUY,LIMIT,1702213487011,2812,0.57674
SANDUSDT,BUY,LIMIT,1702213489991,76,0.57692
SANDUSDT,BUY,LIMIT,1702213493187,48,0.57702
SANDUSDT,SELL,LIMIT,1702215925294,104,0.56086
SANDUSDT,SELL,LIMIT,1702218037610,108,0.56053
SANDUSDT,SELL,LIMIT,1702218051959,501,0.56049
SANDUSDT,SELL,LIMIT,1702218070819,631,0.55907
SANDUSDT,SELL,LIMIT,1702218080933,15,0.55872
SANDUSDT,SELL,LIMIT,1702218084035,6597,0.55864
SANDUSDT,SELL,LIMIT,1702218085236,26,0.55814
SANDUSDT,SELL,LIMIT,1702218086373,380,0.55813
SANDUSDT,SELL,LIMIT,1702218087413,1598,0.55796
SANDUSDT,SELL,LIMIT,1702218097438,953,0.55790
SANDUSDT,SELL,LIMIT,1702218099083,700,0.55769
SANDUSDT,SELL,LIMIT,1702218172241,14610,0.55684
SANDUSDT,SELL,LIMIT,1702218173561,1166,0.55715
SANDUSDT,SELL,LIMIT,1702218175108,489,0.55646
SANDUSDT,SELL,LIMIT,1702218177759,10,0.55645
SANDUSDT,SELL,LIMIT,1702218180083,8832,0.55633
SANDUSDT,SELL,LIMIT,1702218268203,13,0.55623
SANDUSDT,SELL,LIMIT,1702218273150,2751,0.55594
SANDUSDT,SELL,LIMIT,1702218274282,600,0.55593
SANDUSDT,SELL,LIMIT,1702218321089,1033,0.55557
SANDUSDT,SELL,LIMIT,1702218326929,17,0.55560
SANDUSDT,SELL,LIMIT,1702218329700,658,0.55535
SANDUSDT,SELL,LIMIT,1702218332117,791,0.55454
SANDUSDT,SELL,LIMIT,1702218333166,20,0.55437
SANDUSDT,SELL,LIMIT,1702218334181,8830,0.55424
SANDUSDT,SELL,LIMIT,1702218335313,6096,0.55319
SANDUSDT,SELL,LIMIT,1702218337944,8520,0.55342
SANDUSDT,SELL,LIMIT,1702218392259,647,0.55302
SANDUSDT,SELL,LIMIT,1702218393341,700,0.55300
SANDUSDT,SELL,LIMIT,1702218394924,1241,0.55274
SANDUSDT,SELL,LIMIT,1702218396038,421,0.55248
SANDUSDT,SELL,LIMIT,1702219095216,994,0.55239
SANDUSDT,SELL,LIMIT,1702219112408,1689,0.55232
SANDUSDT,SELL,LIMIT,1702219114898,1254,0.55208
SANDUSDT,SELL,LIMIT,1702219117403,667,0.55166
SANDUSDT,SELL,LIMIT,1702219119388,22,0.55150
SANDUSDT,SELL,LIMIT,1702219127163,388,0.55113
SANDUSDT,SELL,LIMIT,1702219128479,602,0.55124
SANDUSDT,SELL,LIMIT,1702219131681,264,0.55056
SANDUSDT,SELL,LIMIT,1702219133316,55,0.54991
SANDUSDT,SELL,LIMIT,1702219134778,43,0.54971
SANDUSDT,BUY,LIMIT,1702224232438,1019,0.56306
SANDUSDT,BUY,LIMIT,1702226370325,2,0.55504
SANDUSDT,SELL,LIMIT,1702228025087,185,0.54955
SANDUSDT,SELL,LIMIT,1702228026309,8469,0.54924
SANDUSDT,SELL,LIMIT,1702228027421,1166,0.54847
SANDUSDT,SELL,LIMIT,1702228037079,405,0.54787
SANDUSDT,SELL,LIMIT,1702229299326,4499,0.54919
SANDUSDT,SELL,LIMIT,1702229300726,60,0.54951
SANDUSDT,SELL,LIMIT,1702229941172,2852,0.54776
SANDUSDT,SELL,LIMIT,1702230050856,5387,0.54756
SANDUSDT,SELL,LIMIT,1702230098480,236,0.54770
SANDUSDT,SELL,LIMIT,1702230136198,1922,0.54732
SANDUSDT,SELL,LIMIT,1702230137293,1316,0.54611
SANDUSDT,SELL,LIMIT,1702230138433,234,0.54608
SANDUSDT,SELL,LIMIT,1702230139572,3141,0.54569
SANDUSDT,SELL,LIMIT,1702230140602,13395,0.54524
SANDUSDT,SELL,LIMIT,1702230142737,4343,0.54496
SANDUSDT,SELL,LIMIT,1702230144694,107,0.54511
SANDUSDT,SELL,LIMIT,1702230262584,1498,0.54477
SANDUSDT,SELL,LIMIT,1702230374160,477,0.54439
SANDUSDT,SELL,LIMIT,1702230375235,1849,0.54456
SANDUSDT,SELL,LIMIT,1702230376763,368,0.54420
SANDUSDT,SELL,LIMIT,1702230563971,500,0.54419
SANDUSDT,SELL,LIMIT,1702230570186,55,0.54410
SANDUSDT,SELL,LIMIT,1702230580076,139,0.54400
SANDUSDT,SELL,LIMIT,1702230603211,1108,0.54389
SANDUSDT,SELL,LIMIT,1702230604381,311,0.54386
SANDUSDT,SELL,LIMIT,1702230611483,180,0.54377
SANDUSDT,SELL,LIMIT,1702230615167,663,0.54340
SANDUSDT,SELL,LIMIT,1702230620094,327,0.54302
SANDUSDT,SELL,LIMIT,1702234676072,41,0.54953
SANDUSDT,SELL,LIMIT,1702234973989,103,0.54898
SANDUSDT,BUY,LIMIT,1702235512108,855,0.55406
SANDUSDT,SELL,LIMIT,1702236180270,3438,0.54497
SANDUSDT,BUY,LIMIT,1702236186355,1066,0.55179
SANDUSDT,SELL,LIMIT,1702236215221,527,0.54481
SANDUSDT,BUY,LIMIT,1702239603776,512,0.55481
SANDUSDT,BUY,LIMIT,1702239850041,36,0.55560
SANDUSDT,BUY,LIMIT,1702240379528,154,0.55384
SANDUSDT,SELL,LIMIT,1702240530066,176,0.54678
SANDUSDT,BUY,LIMIT,1702240564826,9918,0.55251
SANDUSDT,BUY,LIMIT,1702240601562,186,0.55304
SANDUSDT,BUY,LIMIT,1702240613460,60,0.55363
SANDUSDT,BUY,LIMIT,1702240714618,8416,0.55482
SANDUSDT,BUY,LIMIT,1702240716114,9089,0.55462
SANDUSDT,BUY,LIMIT,1702240742022,118,0.55553
SANDUSDT,BUY,LIMIT,1702240758134,4482,0.55580
SANDUSDT,BUY,LIMIT,1702240762512,706,0.55592
SANDUSDT,BUY,LIMIT,1702240764155,180,0.55602
SANDUSDT,BUY,LIMIT,1702240779058,35,0.55591
SANDUSDT,BUY,LIMIT,1702240787952,459,0.55553
SANDUSDT,SELL,LIMIT,1702240836704,892,0.54700
SANDUSDT,BUY,LIMIT,1702241015170,490,0.55577
SANDUSDT,SELL,LIMIT,1702241047503,1,0.56116
SANDUSDT,SELL,LIMIT,1702241073349,249,0.55034
SANDUSDT,SELL,LIMIT,1702241074520,1,0.55034
SANDUSDT,SELL,LIMIT,1702241117786,81,0.54999
SANDUSDT,SELL,LIMIT,1702241182472,2,0.54919
SANDUSDT,BUY,LIMIT,1702241346435,4170,0.55827
SANDUSDT,BUY,LIMIT,1702241760182,547,0.55915
SANDUSDT,BUY,LIMIT,1702242515206,701,0.55961
SANDUSDT,BUY,LIMIT,1702242538065,940,0.55972
SANDUSDT,BUY,LIMIT,1702243215589,1501,0.55969
SANDUSDT,BUY,LIMIT,1702243352260,3775,0.56051
SANDUSDT,BUY,LIMIT,1702243372329,472,0.56064
SANDUSDT,SELL,LIMIT,1702243952342,52,0.54894
SANDUSDT,SELL,LIMIT,1702250262165,2929,0.54778
SANDUSDT,SELL,LIMIT,1702250292256,30,0.54716
SANDUSDT,SELL,LIMIT,1702250341435,245,0.54700
SANDUSDT,SELL,LIMIT,1702250541766,128,0.54607
SANDUSDT,SELL,LIMIT,1702250562073,714,0.54552
SANDUSDT,BUY,LIMIT,1702252681180,94,0.56002
SANDUSDT,BUY,LIMIT,1702252995252,403,0.55886
SANDUSDT,BUY,LIMIT,1702253145247,18451,0.56302
SANDUSDT,BUY,LIMIT,1702253170931,11,0.56369
SANDUSDT,SELL,LIMIT,1702254173088,326,0.54750
SANDUSDT,SELL,LIMIT,1702254756511,137,0.54428
SANDUSDT,SELL,LIMIT,1702254799257,1559,0.54397
SANDUSDT,SELL,LIMIT,1702254803299,76,0.54378
SANDUSDT,SELL,LIMIT,1702254810867,49,0.54368
SANDUSDT,SELL,LIMIT,1702254815943,2500,0.54360
SANDUSDT,SELL,LIMIT,1702254943190,612,0.54328
SANDUSDT,SELL,LIMIT,1702254955227,107,0.54280
SANDUSDT,SELL,LIMIT,1702254956231,608,0.54189
SANDUSDT,SELL,LIMIT,1702254957300,168,0.54207
SANDUSDT,SELL,LIMIT,1702254959725,233,0.54133
SANDUSDT,SELL,LIMIT,1702254960777,3782,0.54113
SANDUSDT,SELL,LIMIT,1702255381395,40,0.54224
SANDUSDT,SELL,LIMIT,1702255483409,4847,0.54073
SANDUSDT,SELL,LIMIT,1702255485667,28,0.54052
SANDUSDT,SELL,LIMIT,1702255487370,416,0.54050
SANDUSDT,SELL,LIMIT,1702255502064,2020,0.54024
SANDUSDT,SELL,LIMIT,1702255508447,1881,0.54013
SANDUSDT,SELL,LIMIT,1702255510180,613,0.53998
SANDUSDT,SELL,LIMIT,1702255889011,378,0.54124
SANDUSDT,SELL,LIMIT,1702256163400,247,0.53995
SANDUSDT,SELL,LIMIT,1702256168520,1235,0.53974
SANDUSDT,SELL,LIMIT,1702256170064,943,0.53931
SANDUSDT,SELL,LIMIT,1702256171091,47,0.53880
SANDUSDT,SELL,LIMIT,1702256429420,84,0.53872
SANDUSDT,SELL,LIMIT,1702256435080,17,0.53862
SANDUSDT,SELL,LIMIT,1702256436125,16249,0.53836
SANDUSDT,SELL,LIMIT,1702256437278,34,0.53845
SANDUSDT,SELL,LIMIT,1702256438343,17,0.53792
SANDUSDT,SELL,LIMIT,1702256440405,488,0.53771
SANDUSDT,SELL,LIMIT,1702256456216,884,0.53762
SANDUSDT,SELL,LIMIT,1702256483245,27179,0.53740
SANDUSDT,SELL,LIMIT,1702256493196,3819,0.53726
SANDUSDT,SELL,LIMIT,1702256494818,16933,0.53694
SANDUSDT,SELL,LIMIT,1702256496073,769,0.53693
SANDUSDT,SELL,LIMIT,1702256503510,5357,0.53671
SANDUSDT,SELL,LIMIT,1702256504592,1794,0.53623
SANDUSDT,SELL,LIMIT,1702256505754,2088,0.53587
SANDUSDT,SELL,LIMIT,1702256509241,10,0.53597
SANDUSDT,SELL,LIMIT,1702256583061,36,0.53617
SANDUSDT,SELL,LIMIT,1702256613636,2869,0.53607
SANDUSDT,SELL,LIMIT,1702256620300,360,0.53558
SANDUSDT,SELL,LIMIT,1702256625812,1230,0.53549
SANDUSDT,SELL,LIMIT,1702256722208,5092,0.53664
SANDUSDT,SELL,LIMIT,1702256730011,1939,0.53597
SANDUSDT,SELL,LIMIT,1702256858597,5352,0.53627
SANDUSDT,SELL,LIMIT,1702256912563,920,0.53552
SANDUSDT,SELL,LIMIT,1702256914593,71424,0.53815
SANDUSDT,SELL,LIMIT,1702256916143,541,0.53484
SANDUSDT,SELL,LIMIT,1702256919405,330,0.53429
SANDUSDT,SELL,LIMIT,1702256921192,16547,0.53387
SANDUSDT,SELL,LIMIT,1702256922294,48,0.53392
SANDUSDT,SELL,LIMIT,1702256993641,9091,0.53388
SANDUSDT,SELL,LIMIT,1702256995282,5627,0.53339
SANDUSDT,SELL,LIMIT,1702256996327,53701,0.53246
SANDUSDT,SELL,LIMIT,1702257007246,450,0.53293
SANDUSDT,SELL,LIMIT,1702257008268,170,0.53306
SANDUSDT,SELL,LIMIT,1702257009270,7571,0.53213
SANDUSDT,SELL,LIMIT,1702257010284,208,0.53228
SANDUSDT,SELL,LIMIT,1702257011291,515,0.53199
SANDUSDT,SELL,LIMIT,1702258256112,2525,0.53832
SANDUSDT,SELL,LIMIT,1702260248791,1,0.53776
SANDUSDT,SELL,LIMIT,1702260285095,1112,0.53617
SANDUSDT,SELL,LIMIT,1702260402709,630,0.53711
SANDUSDT,SELL,LIMIT,1702260404157,8833,0.53607
SANDUSDT,SELL,LIMIT,1702260423004,442,0.53488
SANDUSDT,SELL,LIMIT,1702260427831,8531,0.53438
SANDUSDT,SELL,LIMIT,1702260429316,520,0.53348
SANDUSDT,SELL,LIMIT,1702260431339,736,0.53332
SANDUSDT,SELL,LIMIT,1702260432444,83,0.53328
SANDUSDT,SELL,LIMIT,1702260434188,2603,0.53269
SANDUSDT,SELL,LIMIT,1702260436841,411,0.53375
SANDUSDT,SELL,LIMIT,1702260438084,151,0.53210
SANDUSDT,SELL,LIMIT,1702260439375,3532,0.53162
SANDUSDT,SELL,LIMIT,1702260440444,3593,0.53288
SANDUSDT,SELL,LIMIT,1702260442176,264,0.53086
SANDUSDT,SELL,LIMIT,1702260443291,847,0.53118
SANDUSDT,SELL,LIMIT,1702260619061,35,0.53069
SANDUSDT,SELL,LIMIT,1702260621126,800,0.53032
SANDUSDT,SELL,LIMIT,1702260622348,44258,0.52976
SANDUSDT,SELL,LIMIT,1702260623355,1103,0.52996
SANDUSDT,SELL,LIMIT,1702260625026,422,0.52971
SANDUSDT,SELL,LIMIT,1702260626264,10,0.52953
SANDUSDT,SELL,LIMIT,1702260627290,191,0.52894
SANDUSDT,SELL,LIMIT,1702260628730,1454,0.52865
SANDUSDT,SELL,LIMIT,1702260629907,858,0.52828
SANDUSDT,SELL,LIMIT,1702260630937,58,0.52793
SANDUSDT,SELL,LIMIT,1702260632362,1925,0.52769
SANDUSDT,SELL,LIMIT,1702260633400,301,0.52730
SANDUSDT,SELL,LIMIT,1702260634419,27,0.52721
SANDUSDT,SELL,LIMIT,1702260635512,750,0.52548
SANDUSDT,SELL,LIMIT,1702260636572,3078,0.52539
SANDUSDT,SELL,LIMIT,1702260637623,17632,0.52489
SANDUSDT,SELL,LIMIT,1702260689500,616,0.52607
SANDUSDT,SELL,LIMIT,1702260692290,12418,0.52630
SANDUSDT,SELL,LIMIT,1702260695420,1707,0.53088
SANDUSDT,SELL,LIMIT,1702260697627,1075,0.52526
SANDUSDT,SELL,LIMIT,1702260698710,10882,0.52521
SANDUSDT,SELL,LIMIT,1702260700227,41674,0.52458
SANDUSDT,SELL,LIMIT,1702260701316,87,0.52424
SANDUSDT,SELL,LIMIT,1702260705382,100,0.52377
SANDUSDT,SELL,LIMIT,1702260706518,518,0.52369
SANDUSDT,SELL,LIMIT,1702260707841,445,0.52329
SANDUSDT,SELL,LIMIT,1702260708918,298,0.52295
SANDUSDT,SELL,LIMIT,1702260710013,24420,0.52221
SANDUSDT,SELL,LIMIT,1702260711219,34789,0.52158
SANDUSDT,SELL,LIMIT,1702260712253,24569,0.52080
SANDUSDT,SELL,LIMIT,1702260713294,436,0.51940
SANDUSDT,SELL,LIMIT,1702260714269,744,0.52003
SANDUSDT,SELL,LIMIT,1702260715348,829,0.51781
SANDUSDT,SELL,LIMIT,1702260716522,902,0.51736
SANDUSDT,SELL,LIMIT,1702260717475,80,0.51681
SANDUSDT,SELL,LIMIT,1702260718582,1418,0.51696
SANDUSDT,SELL,LIMIT,1702260719858,1504,0.51679
SANDUSDT,SELL,LIMIT,1702260720916,6916,0.51621
SANDUSDT,SELL,LIMIT,1702260721919,178,0.51522
SANDUSDT,SELL,LIMIT,1702260723581,731,0.51525
SANDUSDT,SELL,LIMIT,1702260724780,31021,0.51772
SANDUSDT,SELL,LIMIT,1702260725792,7476,0.51510
SANDUSDT,SELL,LIMIT,1702260726942,6832,0.51529
SANDUSDT,SELL,LIMIT,1702260728144,657,0.51538
SANDUSDT,SELL,LIMIT,1702260729490,674,0.51531
SANDUSDT,SELL,LIMIT,1702260730456,1975,0.51506
SANDUSDT,SELL,LIMIT,1702260731694,119,0.51520
SANDUSDT,SELL,LIMIT,1702260732779,358,0.51476
SANDUSDT,SELL,LIMIT,1702260733821,7165,0.51451
SANDUSDT,SELL,LIMIT,1702260736451,67,0.51440
SANDUSDT,SELL,LIMIT,1702260737453,9,0.51353
SANDUSDT,SELL,LIMIT,1702260738474,35,0.51325
SANDUSDT,SELL,LIMIT,1702260739503,1237,0.51265
SANDUSDT,SELL,LIMIT,1702260740527,22,0.51217
SANDUSDT,SELL,LIMIT,1702260741521,2123,0.51116
SANDUSDT,SELL,LIMIT,1702260742573,2690,0.50799
SANDUSDT,SELL,LIMIT,1702260743616,7782,0.50831
SANDUSDT,SELL,LIMIT,1702260744694,9015,0.50673
SANDUSDT,SELL,LIMIT,1702260745853,541,0.50786
SANDUSDT,SELL,LIMIT,1702260746909,8273,0.52003
SANDUSDT,SELL,LIMIT,1702260748604,219,0.51514
SANDUSDT,SELL,LIMIT,1702260749646,66,0.50808
SANDUSDT,SELL,LIMIT,1702260751486,2302,0.51176
SANDUSDT,SELL,LIMIT,1702260752598,1,0.50763
SANDUSDT,SELL,LIMIT,1702260753800,667,0.50752
SANDUSDT,SELL,LIMIT,1702260754907,1056,0.50714
SANDUSDT,SELL,LIMIT,1702260756217,60,0.50714
SANDUSDT,SELL,LIMIT,1702260757525,570,0.50640
SANDUSDT,SELL,LIMIT,1702260758528,6351,0.50499
SANDUSDT,BUY,LIMIT,1702260759637,13453,0.51065
SANDUSDT,SELL,LIMIT,1702260760620,7340,0.50426
SANDUSDT,SELL,LIMIT,1702260761820,1000,0.50287
SANDUSDT,SELL,LIMIT,1702260762834,9228,0.50264
SANDUSDT,SELL,LIMIT,1702260763880,118,0.50164
SANDUSDT,SELL,LIMIT,1702260764905,177,0.50155
SANDUSDT,SELL,LIMIT,1702260765910,5010,0.50160
SANDUSDT,SELL,LIMIT,1702260766923,161,0.50078
SANDUSDT,SELL,LIMIT,1702260767945,990,0.49985
SANDUSDT,SELL,LIMIT,1702260769189,240,0.49910
SANDUSDT,SELL,LIMIT,1702260770177,843,0.49862
SANDUSDT,SELL,LIMIT,1702260771279,700,0.49766
SANDUSDT,SELL,LIMIT,1702260772335,981,0.49753
SANDUSDT,SELL,LIMIT,1702260773365,2,0.49651
SANDUSDT,SELL,LIMIT,1702260774321,30390,0.49475
SANDUSDT,SELL,LIMIT,1702260775435,969,0.49521
SANDUSDT,SELL,LIMIT,1702260776528,812,0.49570
SANDUSDT,SELL,LIMIT,1702260777589,2446,0.49499
SANDUSDT,SELL,LIMIT,1702260778606,243,0.49226
SANDUSDT,SELL,LIMIT,1702260779751,328,0.49237
SANDUSDT,SELL,LIMIT,1702260780787,37573,0.49138
SANDUSDT,SELL,LIMIT,1702260781900,7960,0.49064
SANDUSDT,SELL,LIMIT,1702260782905,366,0.49020
SANDUSDT,SELL,LIMIT,1702260784000,124575,0.48514
SANDUSDT,SELL,LIMIT,1702260785007,429,0.48874
SANDUSDT,SELL,LIMIT,1702260786048,50,0.48859
SANDUSDT,SELL,LIMIT,1702260787137,1776,0.48788
SANDUSDT,SELL,LIMIT,1702260788178,1356,0.49123
SANDUSDT,SELL,LIMIT,1702260789209,789,0.48674
SANDUSDT,SELL,LIMIT,1702260790304,778,0.48413
SANDUSDT,SELL,LIMIT,1702260791598,2048,0.48471
SANDUSDT,SELL,LIMIT,1702260792850,182,0.48447
SANDUSDT,SELL,LIMIT,1702260793863,77,0.48352
SANDUSDT,SELL,LIMIT,1702260794867,1097,0.48344
SANDUSDT,SELL,LIMIT,1702260795877,1746,0.48224
SANDUSDT,SELL,LIMIT,1702260796885,25689,0.48142
SANDUSDT,SELL,LIMIT,1702260797984,4128,0.48085
SANDUSDT,SELL,LIMIT,1702260799176,180,0.47932
SANDUSDT,SELL,LIMIT,1702260800253,376,0.47951
SANDUSDT,SELL,LIMIT,1702260801282,8802,0.47794
SANDUSDT,SELL,LIMIT,1702260802324,179,0.47658
SANDUSDT,SELL,LIMIT,1702260803361,316,0.47581
SANDUSDT,SELL,LIMIT,1702260804422,155,0.47639
SANDUSDT,SELL,LIMIT,1702260805525,2755,0.47463
SANDUSDT,SELL,LIMIT,1702260806554,213,0.47438
SANDUSDT,SELL,LIMIT,1702260807565,173,0.47178
SANDUSDT,SELL,LIMIT,1702260808577,392,0.47257
SANDUSDT,SELL,LIMIT,1702260809653,560,0.47045
SANDUSDT,SELL,LIMIT,1702260810722,272,0.47087
SANDUSDT,SELL,LIMIT,1702260811908,64,0.46844
SANDUSDT,SELL,LIMIT,1702260813044,33,0.46714
SANDUSDT,SELL,LIMIT,1702260814160,60,0.46807
SANDUSDT,SELL,LIMIT,1702260815387,398,0.46807
SANDUSDT,SELL,LIMIT,1702260817468,40,0.47152
SANDUSDT,SELL,LIMIT,1702260818475,22,0.47040
SANDUSDT,SELL,LIMIT,1702260820575,1833,0.46969
SANDUSDT,SELL,LIMIT,1702260822002,16625,0.47170
SANDUSDT,SELL,LIMIT,1702260823038,41,0.47090
SANDUSDT,SELL,LIMIT,1702260834833,30,0.47722
SANDUSDT,BUY,LIMIT,1702260840490,4595,0.48494
SANDUSDT,BUY,LIMIT,1702260842719,405,0.48561
SANDUSDT,BUY,LIMIT,1702260845356,3061,0.48867
SANDUSDT,BUY,LIMIT,1702260847014,2400,0.48966
SANDUSDT,SELL,LIMIT,1702260860507,14,0.48626
SANDUSDT,BUY,LIMIT,1702260864603,185,0.49340
SANDUSDT,SELL,LIMIT,1702260873828,8,0.48941
SANDUSDT,BUY,LIMIT,1702260903880,54,0.50020
SANDUSDT,BUY,LIMIT,1702260905946,9648,0.50053
SANDUSDT,BUY,LIMIT,1702260914290,14548,0.50342
SANDUSDT,BUY,LIMIT,1702260920518,1011,0.50383
SANDUSDT,BUY,LIMIT,1702260934185,200,0.50638
SANDUSDT,BUY,LIMIT,1702261331480,6316,0.51553
SANDUSDT,SELL,LIMIT,1702261611998,1261,0.50298
SANDUSDT,SELL,LIMIT,1702262615562,230,0.50406
SANDUSDT,SELL,LIMIT,1702262629172,5856,0.50208
SANDUSDT,BUY,LIMIT,1702264033824,2069,0.52100
SANDUSDT,BUY,LIMIT,1702264049107,3,0.52171
SANDUSDT,BUY,LIMIT,1702264613529,4906,0.52277
SANDUSDT,BUY,LIMIT,1702265422152,1625,0.52699
SANDUSDT,BUY,LIMIT,1702265737037,2718,0.52955
SANDUSDT,BUY,LIMIT,1702265901586,424,0.53097
SANDUSDT,BUY,LIMIT,1702265906939,11,0.53122
SANDUSDT,BUY,LIMIT,1702265970682,395,0.53178
SANDUSDT,SELL,LIMIT,1702266693310,131,0.51977
SANDUSDT,SELL,LIMIT,1702267236260,12,0.51780
