Symbol,Side,Order Type,Time,Quantity,Price
SEIUSDT,BUY,LIMIT,1700989446029,174,0.2370015
SEIUSDT,BUY,LIMIT,1700989461709,10678,0.2375120
SEIUSDT,BUY,LIMIT,1700989464260,784,0.2379574
SEIUSDT,SELL,LIMIT,1700990557362,199,0.2280688
SEIUSDT,SELL,LIMIT,1700990572391,965,0.2278789
SEIUSDT,SELL,LIMIT,1700990578093,3013,0.2277001
SEIUSDT,SELL,LIMIT,1700990728153,125,0.2269807
SEIUSDT,SELL,LIMIT,1700991704484,874,0.2273578
SEIUSDT,SELL,LIMIT,1700991810052,1202,0.2267381
SEIUSDT,SELL,LIMIT,1700991835564,11394,0.2264542
SEIUSDT,BUY,LIMIT,1700991860576,41,0.2345869
SEIUSDT,SELL,LIMIT,1700993784936,3043,0.2257852
SEIUSDT,SELL,LIMIT,1700993805410,325,0.2256780
SEIUSDT,BUY,LIMIT,1700993975963,638,0.2341703
SEIUSDT,SELL,LIMIT,1700995390390,95,0.2260475
SEIUSDT,SELL,LIMIT,1700995883800,84,0.2252230
SEIUSDT,SELL,LIMIT,1700995901834,637,0.2248998
SEIUSDT,SELL,LIMIT,1700995908671,3671,0.2250726
SEIUSDT,SELL,LIMIT,1700995958756,2295,0.2242122
SEIUSDT,SELL,LIMIT,1700995960652,336,0.2241554
SEIUSDT,SELL,LIMIT,1700995973486,1724,0.2241841
SEIUSDT,SELL,LIMIT,1700996060938,240,0.2241337
SEIUSDT,SELL,LIMIT,1700996087098,10590,0.2238389
SEIUSDT,SELL,LIMIT,1700996089865,21598,0.2234199
SEIUSDT,SELL,LIMIT,1700996130105,2456,0.2232411
SEIUSDT,SELL,LIMIT,1700996132435,20497,0.2231026
SEIUSDT,SELL,LIMIT,1700996133447,25,0.2230016
SEIUSDT,SELL,LIMIT,1700996268281,1969,0.2230438
SEIUSDT,SELL,LIMIT,1700996270895,2000,0.2227975
SEIUSDT,BUY,LIMIT,1700996990061,560,0.2319468
SEIUSDT,SELL,LIMIT,1700998845447,13756,0.2225043
SEIUSDT,SELL,LIMIT,1700998852132,84,0.2224130
SEIUSDT,SELL,LIMIT,1700999170139,1076,0.2218913
SEIUSDT,SELL,LIMIT,1700999176336,4284,0.2216871
SEIUSDT,SELL,LIMIT,1700999177519,2000,0.2214677
SEIUSDT,SELL,LIMIT,1700999215682,19126,0.2212014
SEIUSDT,SELL,LIMIT,1700999218277,66,0.2210805
SEIUSDT,SELL,LIMIT,1700999270635,630,0.2206982
SEIUSDT,SELL,LIMIT,1700999272111,21929,0.2204457
SEIUSDT,SELL,LIMIT,1700999273427,431,0.2203744
SEIUSDT,SELL,LIMIT,1700999275427,1337,0.2202652
SEIUSDT,SELL,LIMIT,1700999286828,1291,0.2202789
SEIUSDT,SELL,LIMIT,1700999303514,76401,0.2182779
SEIUSDT,SELL,LIMIT,1701000551982,224,0.2191917
SEIUSDT,SELL,LIMIT,1701000576822,1710,0.2188285
SEIUSDT,SELL,LIMIT,1701000584656,302,0.2187424
SEIUSDT,SELL,LIMIT,1701001500438,786,0.2185716
SEIUSDT,SELL,LIMIT,1701001501485,3284,0.2186303
SEIUSDT,BUY,LIMIT,1701001762599,108,0.2278825
SEIUSDT,BUY,LIMIT,1701001772341,531,0.2282170
SEIUSDT,BUY,LIMIT,1701001793213,243,0.2292215
SEIUSDT,BUY,LIMIT,1701001797114,56,0.2292806
SEIUSDT,BUY,LIMIT,1701002890097,515,0.2300933
SEIUSDT,BUY,LIMIT,1701002892380,3660,0.2302346
SEIUSDT,BUY,LIMIT,1701002986446,1798,0.2310808
SEIUSDT,BUY,LIMIT,1701003169305,170,0.2318546
SEIUSDT,SELL,LIMIT,1701003652055,21973,0.2231608
SEIUSDT,SELL,LIMIT,1701003653493,649,0.2231346
SEIUSDT,SELL,LIMIT,1701003919557,26,0.2222584
SEIUSDT,SELL,LIMIT,1701003965004,13423,0.2220414
SEIUSDT,SELL,LIMIT,1701003970399,21892,0.2219145
SEIUSDT,SELL,LIMIT,1701004375886,1726,0.2211599
SEIUSDT,SELL,LIMIT,1701004644507,5031,0.2204815
SEIUSDT,SELL,LIMIT,1701004646397,49,0.2204431
SEIUSDT,SELL,LIMIT,1701005164196,94,0.2201765
SEIUSDT,SELL,LIMIT,1701005266239,21523,0.2203984
SEIUSDT,SELL,LIMIT,1701005812719,1868,0.2206514
SEIUSDT,SELL,LIMIT,1701005858094,1049,0.2197610
SEIUSDT,SELL,LIMIT,1701005878533,7983,0.2197398
SEIUSDT,SELL,LIMIT,1701005881830,2289,0.2196207
SEIUSDT,SELL,LIMIT,1701005905190,463,0.2194360
SEIUSDT,SELL,LIMIT,1701005990470,21285,0.2197127
SEIUSDT,SELL,LIMIT,1701006109274,5890,0.2187678
SEIUSDT,SELL,LIMIT,1701006112168,986,0.2186582
SEIUSDT,SELL,LIMIT,1701006195731,1068,0.2185716
SEIUSDT,SELL,LIMIT,1701006940332,528,0.2181909
SEIUSDT,BUY,LIMIT,1701007247756,223,0.2261287
SEIUSDT,SELL,LIMIT,1701007982594,73,0.2187341
SEIUSDT,SELL,LIMIT,1701008019038,2730,0.2185420
SEIUSDT,SELL,LIMIT,1701008020730,2146,0.2184347
SEIUSDT,SELL,LIMIT,1701008062604,219,0.2184639
SEIUSDT,SELL,LIMIT,1701008138162,22241,0.2173442
SEIUSDT,SELL,LIMIT,1701008139491,3032,0.2174659
SEIUSDT,SELL,LIMIT,1701008154013,357,0.2169993
SEIUSDT,SELL,LIMIT,1701008178259,100,0.2173100
SEIUSDT,SELL,LIMIT,1701008191619,30,0.2169251
SEIUSDT,SELL,LIMIT,1701008217979,107619,0.2151972
SEIUSDT,SELL,LIMIT,1701008219278,19241,0.2167540
SEIUSDT,SELL,LIMIT,1701008225126,11508,0.2165614
SEIUSDT,SELL,LIMIT,1701008240343,866,0.2161129
SEIUSDT,SELL,LIMIT,1701008241425,1239,0.2158856
SEIUSDT,SELL,LIMIT,1701008343279,124,0.2164046
SEIUSDT,SELL,LIMIT,1701008441083,7194,0.2156438
SEIUSDT,SELL,LIMIT,1701008443330,732,0.2151965
SEIUSDT,SELL,LIMIT,1701008444545,18393,0.2153212
SEIUSDT,SELL,LIMIT,1701008445583,148,0.2148422
SEIUSDT,SELL,LIMIT,1701008446660,7478,0.2144618
SEIUSDT,SELL,LIMIT,1701008447635,53595,0.2131664
SEIUSDT,SELL,LIMIT,1701009262345,2441,0.2151591
SEIUSDT,SELL,LIMIT,1701009287266,3200,0.2154427
SEIUSDT,SELL,LIMIT,1701009288382,253,0.2150795
SEIUSDT,BUY,LIMIT,1701009507334,36,0.2233868
SEIUSDT,SELL,LIMIT,1701009739043,656,0.2160756
SEIUSDT,SELL,LIMIT,1701009754703,1244,0.2158909
SEIUSDT,SELL,LIMIT,1701010238520,2184,0.2147958
SEIUSDT,SELL,LIMIT,1701010261745,651,0.2142578
SEIUSDT,SELL,LIMIT,1701010460044,7175,0.2141059
SEIUSDT,SELL,LIMIT,1701010481688,855,0.2140406
SEIUSDT,BUY,LIMIT,1701011058106,12832,0.2231186
SEIUSDT,BUY,LIMIT,1701011138217,796,0.2238822
SEIUSDT,BUY,LIMIT,1701011150462,4196,0.2241221
SEIUSDT,SELL,LIMIT,1701012656462,12,0.2182236
SEIUSDT,BUY,LIMIT,1701013250098,327,0.2204074
SEIUSDT,SELL,LIMIT,1701013478427,7712,0.2157941
SEIUSDT,SELL,LIMIT,1701013496096,170,0.2154561
SEIUSDT,SELL,LIMIT,1701013956916,4086,0.2144346
SEIUSDT,SELL,LIMIT,1701013963539,900,0.2142376
SEIUSDT,SELL,LIMIT,1701013989792,8270,0.2143361
SEIUSDT,SELL,LIMIT,1701014028139,4584,0.2144710
SEIUSDT,SELL,LIMIT,1701014034811,5133,0.2142376
SEIUSDT,SELL,LIMIT,1701014041620,1725,0.2143361
SEIUSDT,SELL,LIMIT,1701014057477,5497,0.2139297
SEIUSDT,BUY,LIMIT,1701014214382,4000,0.2221980
SEIUSDT,BUY,LIMIT,1701014503739,69,0.2229085
SEIUSDT,SELL,LIMIT,1701015537877,5717,0.2142740
SEIUSDT,SELL,LIMIT,1701015601388,260,0.2139722
SEIUSDT,SELL,LIMIT,1701015602488,5302,0.2137262
SEIUSDT,SELL,LIMIT,1701015632114,1014,0.2135762
SEIUSDT,SELL,LIMIT,1701015634486,867,0.2135338
SEIUSDT,SELL,LIMIT,1701015635816,238,0.2134233
SEIUSDT,SELL,LIMIT,1701015640229,37284,0.2122336
SEIUSDT,SELL,LIMIT,1701015660006,748,0.2132794
SEIUSDT,SELL,LIMIT,1701015671608,269,0.2130556
SEIUSDT,SELL,LIMIT,1701015672697,1238,0.2129115
SEIUSDT,SELL,LIMIT,1701015674170,37940,0.2115570
SEIUSDT,SELL,LIMIT,1701015675171,46,0.2123964
SEIUSDT,SELL,LIMIT,1701015682352,352,0.2123661
SEIUSDT,SELL,LIMIT,1701015684296,1106,0.2123661
SEIUSDT,SELL,LIMIT,1701015752795,24,0.2135481
SEIUSDT,SELL,LIMIT,1701015761719,30000,0.2127542
SEIUSDT,BUY,LIMIT,1701015957813,98,0.2021720
SEIUSDT,SELL,LIMIT,1701016013452,63,0.2128296
SEIUSDT,SELL,LIMIT,1701016016554,198,0.2126682
SEIUSDT,SELL,LIMIT,1701016028529,2351,0.2125515
SEIUSDT,SELL,LIMIT,1701016030732,1000,0.2124253
SEIUSDT,SELL,LIMIT,1701016041374,7200,0.2129712
SEIUSDT,SELL,LIMIT,1701016043256,15,0.2119758
SEIUSDT,SELL,LIMIT,1701016046270,174,0.2119661
SEIUSDT,SELL,LIMIT,1701016047130,1247,0.2119401
SEIUSDT,SELL,LIMIT,1701016048066,1371,0.2118325
SEIUSDT,SELL,LIMIT,1701016050361,250,0.2115831
SEIUSDT,SELL,LIMIT,1701016096283,6993,0.2117667
SEIUSDT,SELL,LIMIT,1701016099088,8895,0.2117007
SEIUSDT,SELL,LIMIT,1701016100060,106,0.2113902
SEIUSDT,SELL,LIMIT,1701016102271,3731,0.2112100
SEIUSDT,SELL,LIMIT,1701016103182,994,0.2111387
SEIUSDT,SELL,LIMIT,1701016104329,497,0.2110982
SEIUSDT,BUY,LIMIT,1701016144440,16472,0.2191911
SEIUSDT,BUY,LIMIT,1701016151284,9697,0.2196649
SEIUSDT,BUY,LIMIT,1701016211987,3670,0.2207745
SEIUSDT,BUY,LIMIT,1701016213983,2846,0.2210938
SEIUSDT,BUY,LIMIT,1701016407410,2304,0.2212968
SEIUSDT,BUY,LIMIT,1701017001088,4397,0.2236666
SEIUSDT,BUY,LIMIT,1701017010133,14060,0.2244789
SEIUSDT,BUY,LIMIT,1701017056013,453,0.2248709
SEIUSDT,BUY,LIMIT,1701017099770,291,0.2250260
SEIUSDT,SELL,LIMIT,1701017351588,1339,0.2167142
SEIUSDT,SELL,LIMIT,1701017458729,11523,0.2165516
SEIUSDT,BUY,LIMIT,1701017564766,595,0.2245737
SEIUSDT,BUY,LIMIT,1701017692512,453,0.2249017
SEIUSDT,BUY,LIMIT,1701017706630,104,0.2252040
SEIUSDT,BUY,LIMIT,1701017739555,2500,0.2254181
SEIUSDT,BUY,LIMIT,1701017744225,951,0.2258176
SEIUSDT,BUY,LIMIT,1701017745278,3000,0.2259931
SEIUSDT,BUY,LIMIT,1701017763464,3414,0.2265995
SEIUSDT,BUY,LIMIT,1701017821432,106,0.2269124
SEIUSDT,BUY,LIMIT,1701017828993,4623,0.2271118
SEIUSDT,BUY,LIMIT,1701018517762,319,0.2278071
SEIUSDT,BUY,LIMIT,1701018530805,953,0.2276644
SEIUSDT,BUY,LIMIT,1701019021327,446,0.2281641
SEIUSDT,BUY,LIMIT,1701019531616,1686,0.2276714
SEIUSDT,BUY,LIMIT,1701019697131,258,0.2284386
SEIUSDT,BUY,LIMIT,1701019698324,267,0.2285890
SEIUSDT,BUY,LIMIT,1701019700371,551,0.2286464
SEIUSDT,BUY,LIMIT,1701019878316,52,0.2292300
SEIUSDT,BUY,LIMIT,1701019915480,1113,0.2294566
SEIUSDT,BUY,LIMIT,1701019939781,1491,0.2297427
SEIUSDT,BUY,LIMIT,1701019958925,1370,0.2299501
SEIUSDT,BUY,LIMIT,1701019960123,31,0.2301553
SEIUSDT,BUY,LIMIT,1701019963126,1251,0.2305064
SEIUSDT,BUY,LIMIT,1701019980268,27871,0.2311341
SEIUSDT,BUY,LIMIT,1701020239348,327,0.2298500
SEIUSDT,BUY,LIMIT,1701020273445,3166,0.2308149
SEIUSDT,BUY,LIMIT,1701021118822,1898,0.2309708
SEIUSDT,BUY,LIMIT,1701021243980,747,0.2312077
SEIUSDT,BUY,LIMIT,1701021245468,126,0.2313556
SEIUSDT,BUY,LIMIT,1701021294473,6019,0.2323593
SEIUSDT,BUY,LIMIT,1701021301412,48,0.2324243
SEIUSDT,BUY,LIMIT,1701021319986,5612,0.2324350
SEIUSDT,BUY,LIMIT,1701021695847,21904,0.2327141
SEIUSDT,BUY,LIMIT,1701022219639,1500,0.2329665
SEIUSDT,BUY,LIMIT,1701022235621,147,0.2330606
SEIUSDT,BUY,LIMIT,1701022342636,1313,0.2333496
SEIUSDT,BUY,LIMIT,1701022361154,262,0.2336136
SEIUSDT,BUY,LIMIT,1701022364159,1360,0.2338386
SEIUSDT,BUY,LIMIT,1701022491238,67,0.2341279
SEIUSDT,BUY,LIMIT,1701022545981,75,0.2345433
SEIUSDT,BUY,LIMIT,1701022548375,2174,0.2346507
SEIUSDT,BUY,LIMIT,1701022661200,994,0.2348312
SEIUSDT,SELL,LIMIT,1701023174137,152,0.2259700
SEIUSDT,SELL,LIMIT,1701023182131,6688,0.2257402
SEIUSDT,SELL,LIMIT,1701023192351,16151,0.2254196
SEIUSDT,SELL,LIMIT,1701023327779,437,0.2242241
SEIUSDT,BUY,LIMIT,1701023563145,53,0.2332147
SEIUSDT,BUY,LIMIT,1701023564285,442,0.2326587
SEIUSDT,BUY,LIMIT,1701023610185,11629,0.2339605
SEIUSDT,BUY,LIMIT,1701023630498,1293,0.2341176
SEIUSDT,BUY,LIMIT,1701023641936,690,0.2343811
SEIUSDT,BUY,LIMIT,1701023663055,1884,0.2345796
SEIUSDT,SELL,LIMIT,1701024245654,9246,0.2258092
SEIUSDT,SELL,LIMIT,1701024254243,32,0.2254127
SEIUSDT,SELL,LIMIT,1701024847416,133,0.2238516
SEIUSDT,SELL,LIMIT,1701025259313,8112,0.2228551
SEIUSDT,BUY,LIMIT,1701025859192,220,0.2288777
SEIUSDT,BUY,LIMIT,1701026610515,127,0.2293615
SEIUSDT,BUY,LIMIT,1701026613080,6328,0.2296190
SEIUSDT,BUY,LIMIT,1701027332818,884,0.2299986
SEIUSDT,BUY,LIMIT,1701027614950,28,0.2322759
SEIUSDT,BUY,LIMIT,1701027758313,100000,0.2351552
SEIUSDT,SELL,LIMIT,1701029533401,18516,0.2230780
SEIUSDT,SELL,LIMIT,1701030784035,793,0.2222935
SEIUSDT,BUY,LIMIT,1701031604370,10081,0.2288758
SEIUSDT,BUY,LIMIT,1701032895375,1025,0.2297652
SEIUSDT,BUY,LIMIT,1701034072356,6657,0.2312631
SEIUSDT,BUY,LIMIT,1701034728487,4854,0.2310187
SEIUSDT,BUY,LIMIT,1701034934912,148,0.2313999
SEIUSDT,BUY,LIMIT,1701035647474,447,0.2319217
SEIUSDT,BUY,LIMIT,1701035655362,783,0.2319407
SEIUSDT,BUY,LIMIT,1701036313039,9689,0.2323729
SEIUSDT,BUY,LIMIT,1701037185335,3959,0.2336322
SEIUSDT,BUY,LIMIT,1701037209819,1977,0.2339410
SEIUSDT,SELL,LIMIT,1701038135128,4525,0.2251521
SEIUSDT,SELL,LIMIT,1701038154075,717,0.2249335
SEIUSDT,SELL,LIMIT,1701038218873,121,0.2243989
SEIUSDT,BUY,LIMIT,1701039020719,1880,0.2330030
SEIUSDT,BUY,LIMIT,1701039482839,261,0.2341008
SEIUSDT,SELL,LIMIT,1701040322288,131,0.2246349
SEIUSDT,SELL,LIMIT,1701042887952,7626,0.2230153
SEIUSDT,BUY,LIMIT,1701043060180,6374,0.2310361
SEIUSDT,BUY,LIMIT,1701043438169,16528,0.2305089
SEIUSDT,BUY,LIMIT,1701043500176,6137,0.2326392
SEIUSDT,BUY,LIMIT,1701043508861,7691,0.2331599
SEIUSDT,SELL,LIMIT,1701044367022,660,0.2247036
SEIUSDT,BUY,LIMIT,1701045409205,8213,0.2318502
SEIUSDT,SELL,LIMIT,1701045518404,2278,0.2233074
SEIUSDT,SELL,LIMIT,1701045663964,2370,0.2221843
SEIUSDT,SELL,LIMIT,1701045729093,867,0.2204558
SEIUSDT,SELL,LIMIT,1701045736912,8884,0.2203494
SEIUSDT,SELL,LIMIT,1701045748100,3017,0.2197534
SEIUSDT,SELL,LIMIT,1701045749325,1951,0.2194316
SEIUSDT,SELL,LIMIT,1701045752983,5618,0.2191899
SEIUSDT,SELL,LIMIT,1701045798020,194,0.2188391
SEIUSDT,SELL,LIMIT,1701045814094,35,0.2186759
SEIUSDT,SELL,LIMIT,1701045816682,966,0.2185454
SEIUSDT,SELL,LIMIT,1701045825410,1,0.2180816
SEIUSDT,SELL,LIMIT,1701045826717,3329,0.2178636
SEIUSDT,SELL,LIMIT,1701045829039,7203,0.2178256
SEIUSDT,SELL,LIMIT,1701045889821,174,0.2176611
SEIUSDT,BUY,LIMIT,1701045925880,22101,0.2259286
SEIUSDT,BUY,LIMIT,1701046001221,2636,0.2272600
SEIUSDT,SELL,LIMIT,1701046180205,6213,0.2180102
SEIUSDT,SELL,LIMIT,1701046567249,29,0.2178458
SEIUSDT,SELL,LIMIT,1701046666454,1090,0.2175158
SEIUSDT,SELL,LIMIT,1701046673427,48,0.2173661
SEIUSDT,BUY,LIMIT,1701046878476,364,0.2257514
SEIUSDT,SELL,LIMIT,1701047295848,4374,0.2188983
SEIUSDT,SELL,LIMIT,1701047388514,49,0.2178265
SEIUSDT,SELL,LIMIT,1701047653564,7906,0.2175626
SEIUSDT,SELL,LIMIT,1701047761846,521,0.2168804
SEIUSDT,SELL,LIMIT,1701047838994,2302,0.2164466
SEIUSDT,SELL,LIMIT,1701047871302,2165,0.2161363
SEIUSDT,SELL,LIMIT,1701048137680,1076,0.2160899
SEIUSDT,SELL,LIMIT,1701048163422,11785,0.2159868
SEIUSDT,SELL,LIMIT,1701048166261,73,0.2158436
SEIUSDT,SELL,LIMIT,1701048170388,808,0.2156343
SEIUSDT,SELL,LIMIT,1701048224633,5158,0.2153073
SEIUSDT,SELL,LIMIT,1701048552151,6458,0.2151479
SEIUSDT,SELL,LIMIT,1701049280198,22461,0.2154196
SEIUSDT,SELL,LIMIT,1701049326416,4449,0.2155181
SEIUSDT,SELL,LIMIT,1701049486143,387,0.2148749
SEIUSDT,SELL,LIMIT,1701049522200,43,0.2146261
SEIUSDT,SELL,LIMIT,1701049580071,159,0.2144759
SEIUSDT,SELL,LIMIT,1701050654428,18984,0.2158104
SEIUSDT,SELL,LIMIT,1701051903018,1110,0.2151054
SEIUSDT,SELL,LIMIT,1701051907018,18926,0.2150068
SEIUSDT,BUY,LIMIT,1701051916580,16041,0.2231322
SEIUSDT,BUY,LIMIT,1701052282020,84,0.2257731
SEIUSDT,BUY,LIMIT,1701052303187,5924,0.2261761
SEIUSDT,BUY,LIMIT,1701052304789,96,0.2269134
SEIUSDT,SELL,LIMIT,1701052389194,22097,0.2192962
SEIUSDT,BUY,LIMIT,1701054304388,18421,0.2281350
SEIUSDT,BUY,LIMIT,1701055038746,457,0.2294593
SEIUSDT,SELL,LIMIT,1701055249676,2805,0.2210352
SEIUSDT,SELL,LIMIT,1701056053993,9813,0.2212159
SEIUSDT,SELL,LIMIT,1701056073335,2198,0.2199432
SEIUSDT,SELL,LIMIT,1701056078291,991,0.2196925
SEIUSDT,SELL,LIMIT,1701056081746,30000,0.2189063
SEIUSDT,SELL,LIMIT,1701056266050,819,0.2181439
SEIUSDT,BUY,LIMIT,1701056974839,13922,0.2269055
SEIUSDT,BUY,LIMIT,1701057009205,2315,0.2278824
SEIUSDT,BUY,LIMIT,1701057019182,643,0.2288377
SEIUSDT,SELL,LIMIT,1701058691738,18572,0.2211148
SEIUSDT,SELL,LIMIT,1701060490829,1764,0.2171979
SEIUSDT,BUY,LIMIT,1701060843735,53,0.2267953
SEIUSDT,BUY,LIMIT,1701064105252,1353,0.2279269
SEIUSDT,BUY,LIMIT,1701064118162,335,0.2285439
