Symbol,Side,Order Type,Time,Quantity,Price
SEIUSDT,SELL,LIMIT,1701917189164,3000,0.2704026
SEIUSDT,SELL,LIMIT,1701918525462,13494,0.2682889
SEIUSDT,SELL,LIMIT,1701918647460,131,0.2695266
SEIUSDT,BUY,LIMIT,1701921474954,187,0.2798310
SEIUSDT,SELL,LIMIT,1701925251088,45,0.2711026
SEIUSDT,SELL,LIMIT,1701928152479,45,0.2682809
SEIUSDT,SELL,LIMIT,1701928592772,192,0.2673987
SEIUSDT,BUY,LIMIT,1701929875138,419,0.2771773
SEIUSDT,SELL,LIMIT,1701931626147,120,0.2659738
SEIUSDT,SELL,LIMIT,1701931805939,1259,0.2659493
SEIUSDT,SELL,LIMIT,1701931807950,188,0.2656295
SEIUSDT,SELL,LIMIT,1701931814050,1702,0.2654305
SEIUSDT,SELL,LIMIT,1701931817897,158,0.2653867
SEIUSDT,SELL,LIMIT,1701931821403,341,0.2651529
SEIUSDT,SELL,LIMIT,1701931913735,651,0.2647059
SEIUSDT,SELL,LIMIT,1701931915718,1049,0.2647175
SEIUSDT,SELL,LIMIT,1701931925443,1514,0.2646361
SEIUSDT,SELL,LIMIT,1701931926962,233,0.2645225
SEIUSDT,SELL,LIMIT,1701931927984,86224,0.2622776
SEIUSDT,SELL,LIMIT,1701931934062,508,0.2639851
SEIUSDT,SELL,LIMIT,1701931941961,6583,0.2639993
SEIUSDT,SELL,LIMIT,1701931948275,942,0.2638954
SEIUSDT,SELL,LIMIT,1701931949404,54938,0.2621437
SEIUSDT,SELL,LIMIT,1701931954293,716,0.2637418
SEIUSDT,SELL,LIMIT,1701931957051,178,0.2636739
SEIUSDT,SELL,LIMIT,1701932056998,16222,0.2635861
SEIUSDT,SELL,LIMIT,1701932115157,137,0.2635087
SEIUSDT,SELL,LIMIT,1701932116771,9784,0.2634017
SEIUSDT,SELL,LIMIT,1701934399355,3787,0.2646947
SEIUSDT,SELL,LIMIT,1701936546192,1109,0.2662213
SEIUSDT,SELL,LIMIT,1701936867399,351,0.2651332
SEIUSDT,SELL,LIMIT,1701936911100,8942,0.2634862
SEIUSDT,SELL,LIMIT,1701936914934,146,0.2634257
SEIUSDT,SELL,LIMIT,1701936916952,3210,0.2631928
SEIUSDT,SELL,LIMIT,1701936918642,247,0.2630292
SEIUSDT,SELL,LIMIT,1701936919727,668,0.2628245
SEIUSDT,SELL,LIMIT,1701937340424,2674,0.2628966
SEIUSDT,SELL,LIMIT,1701937363185,1724,0.2624091
SEIUSDT,SELL,LIMIT,1701937364342,1867,0.2624428
SEIUSDT,SELL,LIMIT,1701937371160,2155,0.2622352
SEIUSDT,SELL,LIMIT,1701937387471,226,0.2621086
SEIUSDT,SELL,LIMIT,1701937394127,585,0.2620060
SEIUSDT,SELL,LIMIT,1701937486067,21573,0.2616274
SEIUSDT,SELL,LIMIT,1701937536112,1088,0.2619022
SEIUSDT,SELL,LIMIT,1701937709042,385,0.2614190
SEIUSDT,SELL,LIMIT,1701937710887,8259,0.2613321
SEIUSDT,SELL,LIMIT,1701937711958,23475,0.2607749
SEIUSDT,SELL,LIMIT,1701937713093,1501,0.2609952
SEIUSDT,SELL,LIMIT,1701937714359,10845,0.2610959
SEIUSDT,SELL,LIMIT,1701937715428,6359,0.2608761
SEIUSDT,SELL,LIMIT,1701937717374,8587,0.2607694
SEIUSDT,SELL,LIMIT,1701937721584,1065,0.2606419
SEIUSDT,SELL,LIMIT,1701937760823,755,0.2605137
SEIUSDT,SELL,LIMIT,1701937926297,21549,0.2601513
SEIUSDT,BUY,LIMIT,1701938219834,245,0.2700753
SEIUSDT,BUY,LIMIT,1701938276138,2145,0.2707477
SEIUSDT,SELL,LIMIT,1701939972811,498,0.2604838
SEIUSDT,SELL,LIMIT,1701939974076,362,0.2602726
SEIUSDT,SELL,LIMIT,1701939980067,576,0.2601289
SEIUSDT,SELL,LIMIT,1701939987312,13513,0.2598477
SEIUSDT,SELL,LIMIT,1701940018251,15487,0.2602371
SEIUSDT,SELL,LIMIT,1701940318733,33,0.2617220
SEIUSDT,SELL,LIMIT,1701940426654,1185,0.2596614
SEIUSDT,SELL,LIMIT,1701940451814,14664,0.2596705
SEIUSDT,SELL,LIMIT,1701940475614,8000,0.2597337
SEIUSDT,SELL,LIMIT,1701940542901,8359,0.2595476
SEIUSDT,SELL,LIMIT,1701940556295,2395,0.2591594
SEIUSDT,SELL,LIMIT,1701940559490,19,0.2591455
SEIUSDT,SELL,LIMIT,1701940561685,7344,0.2591268
SEIUSDT,SELL,LIMIT,1701940564131,1046,0.2590658
SEIUSDT,SELL,LIMIT,1701940566054,8312,0.2589318
SEIUSDT,SELL,LIMIT,1701940567785,11318,0.2587150
SEIUSDT,SELL,LIMIT,1701940570113,3551,0.2585015
SEIUSDT,SELL,LIMIT,1701940673465,249,0.2590551
SEIUSDT,SELL,LIMIT,1701940674890,651,0.2589566
SEIUSDT,SELL,LIMIT,1701940715822,669,0.2585626
SEIUSDT,SELL,LIMIT,1701940983144,8408,0.2592345
SEIUSDT,SELL,LIMIT,1701941020931,1350,0.2586611
SEIUSDT,SELL,LIMIT,1701941040217,435,0.2585626
SEIUSDT,SELL,LIMIT,1701941049192,2929,0.2584641
SEIUSDT,SELL,LIMIT,1701941051125,632,0.2583863
SEIUSDT,SELL,LIMIT,1701941064777,36,0.2583780
SEIUSDT,SELL,LIMIT,1701941066182,600,0.2583127
SEIUSDT,SELL,LIMIT,1701941068495,18882,0.2582331
SEIUSDT,SELL,LIMIT,1701941075284,3217,0.2578991
SEIUSDT,SELL,LIMIT,1701941079084,92902,0.2557259
SEIUSDT,SELL,LIMIT,1701941080695,98,0.2576193
SEIUSDT,SELL,LIMIT,1701941109304,2949,0.2575717
SEIUSDT,SELL,LIMIT,1701941111691,1437,0.2574686
SEIUSDT,SELL,LIMIT,1701941149218,200,0.2576761
SEIUSDT,SELL,LIMIT,1701941150312,1475,0.2574962
SEIUSDT,SELL,LIMIT,1701941152112,3746,0.2573281
SEIUSDT,SELL,LIMIT,1701941154059,14563,0.2573134
SEIUSDT,SELL,LIMIT,1701941155116,65,0.2572256
SEIUSDT,SELL,LIMIT,1701941156209,1289,0.2571465
SEIUSDT,SELL,LIMIT,1701941159576,588,0.2570851
SEIUSDT,SELL,LIMIT,1701941171618,13052,0.2569961
SEIUSDT,SELL,LIMIT,1701941174427,200,0.2569224
SEIUSDT,SELL,LIMIT,1701941175480,1303,0.2569183
SEIUSDT,SELL,LIMIT,1701941176498,977,0.2568053
SEIUSDT,SELL,LIMIT,1701941181338,9460,0.2567903
SEIUSDT,SELL,LIMIT,1701941182411,1066,0.2567408
SEIUSDT,SELL,LIMIT,1701941186031,651,0.2568198
SEIUSDT,SELL,LIMIT,1701941188377,20204,0.2565811
SEIUSDT,SELL,LIMIT,1701941189757,523,0.2565811
SEIUSDT,SELL,LIMIT,1701941225497,721,0.2562010
SEIUSDT,SELL,LIMIT,1701941231823,3509,0.2562633
SEIUSDT,SELL,LIMIT,1701941233065,159,0.2560394
SEIUSDT,SELL,LIMIT,1701941234195,169,0.2558881
SEIUSDT,SELL,LIMIT,1701941237237,96,0.2557505
SEIUSDT,SELL,LIMIT,1701941238268,651,0.2556076
SEIUSDT,SELL,LIMIT,1701941239334,14108,0.2556451
SEIUSDT,SELL,LIMIT,1701941240562,100,0.2556273
SEIUSDT,SELL,LIMIT,1701941242578,30,0.2555952
SEIUSDT,SELL,LIMIT,1701941243914,723,0.2554263
SEIUSDT,SELL,LIMIT,1701941245446,1099,0.2552239
SEIUSDT,SELL,LIMIT,1701941246461,1196,0.2553236
SEIUSDT,SELL,LIMIT,1701941248475,112,0.2551886
SEIUSDT,BUY,LIMIT,1701941392873,4907,0.2661970
SEIUSDT,BUY,LIMIT,1701941453838,5709,0.2677207
SEIUSDT,BUY,LIMIT,1701942353873,2319,0.2696832
SEIUSDT,BUY,LIMIT,1701943237083,59,0.2710628
SEIUSDT,BUY,LIMIT,1701943257772,5805,0.2719299
SEIUSDT,SELL,LIMIT,1701943374799,14872,0.2623995
SEIUSDT,SELL,LIMIT,1701943657224,75,0.2607761
SEIUSDT,BUY,LIMIT,1701944807233,7890,0.2727451
SEIUSDT,BUY,LIMIT,1701944813836,1041,0.2727982
SEIUSDT,BUY,LIMIT,1701946286284,9230,0.2743263
SEIUSDT,BUY,LIMIT,1701946320145,1892,0.2755179
SEIUSDT,BUY,LIMIT,1701946323344,6863,0.2758342
SEIUSDT,BUY,LIMIT,1701946326051,20307,0.2763661
SEIUSDT,SELL,LIMIT,1701946472431,7711,0.2656340
SEIUSDT,SELL,LIMIT,1701946488180,2888,0.2652967
SEIUSDT,BUY,LIMIT,1701946941776,8575,0.2769007
SEIUSDT,BUY,LIMIT,1701947049736,729,0.2771274
SEIUSDT,BUY,LIMIT,1701947561492,3902,0.2774878
SEIUSDT,BUY,LIMIT,1701947567659,92833,0.2800230
SEIUSDT,BUY,LIMIT,1701947777650,36303,0.2795457
SEIUSDT,BUY,LIMIT,1701947813192,180,0.2784054
SEIUSDT,SELL,LIMIT,1701949317489,1420,0.2671864
SEIUSDT,BUY,LIMIT,1701949905073,2853,0.2768962
SEIUSDT,SELL,LIMIT,1701950649853,13492,0.2668434
SEIUSDT,BUY,LIMIT,1701951820388,4000,0.2779157
SEIUSDT,BUY,LIMIT,1701952054111,218,0.2787312
SEIUSDT,BUY,LIMIT,1701952223591,8179,0.2795404
SEIUSDT,BUY,LIMIT,1701952249713,15,0.2806064
SEIUSDT,BUY,LIMIT,1701952283281,12051,0.2805541
SEIUSDT,BUY,LIMIT,1701952394706,31760,0.2820032
SEIUSDT,SELL,LIMIT,1701952576376,360,0.2708831
SEIUSDT,BUY,LIMIT,1701953145232,853,0.2810306
SEIUSDT,BUY,LIMIT,1701953357040,143,0.2814587
SEIUSDT,BUY,LIMIT,1701953366012,10362,0.2821448
SEIUSDT,BUY,LIMIT,1701953368347,2250,0.2823065
SEIUSDT,BUY,LIMIT,1701953386326,689,0.2828264
SEIUSDT,BUY,LIMIT,1701953407816,1089,0.2832464
SEIUSDT,BUY,LIMIT,1701953429047,827,0.2837270
SEIUSDT,BUY,LIMIT,1701953466553,23923,0.2851322
SEIUSDT,BUY,LIMIT,1701953485509,51559,0.2866493
SEIUSDT,BUY,LIMIT,1701953493867,849,0.2855431
SEIUSDT,BUY,LIMIT,1701953510506,17659,0.2857721
SEIUSDT,BUY,LIMIT,1701953976591,1,0.2825180
SEIUSDT,SELL,LIMIT,1701956835551,1763,0.2758127
SEIUSDT,SELL,LIMIT,1701957720842,177,0.2756324
SEIUSDT,BUY,LIMIT,1701962531621,100,0.2842483
SEIUSDT,BUY,LIMIT,1701963015425,18083,0.2858436
SEIUSDT,BUY,LIMIT,1701963028065,143,0.2863326
SEIUSDT,BUY,LIMIT,1701963192075,1660,0.2872112
SEIUSDT,BUY,LIMIT,1701963201573,18,0.2875475
SEIUSDT,BUY,LIMIT,1701963308234,3684,0.2877753
SEIUSDT,SELL,LIMIT,1701964007606,137,0.2768619
SEIUSDT,SELL,LIMIT,1701964030701,102,0.2763419
SEIUSDT,SELL,LIMIT,1701964917926,2891,0.2740715
SEIUSDT,SELL,LIMIT,1701965670454,1736,0.2729057
SEIUSDT,SELL,LIMIT,1701965964945,396,0.2717116
SEIUSDT,SELL,LIMIT,1701967324470,1784,0.2732679
SEIUSDT,SELL,LIMIT,1701967338523,477,0.2729670
SEIUSDT,SELL,LIMIT,1701967502009,1694,0.2727341
SEIUSDT,BUY,LIMIT,1701968186764,964,0.2822474
SEIUSDT,SELL,LIMIT,1701970285062,3000,0.2717878
SEIUSDT,BUY,LIMIT,1701970897159,1028,0.2814960
SEIUSDT,SELL,LIMIT,1701971201048,7691,0.2702268
SEIUSDT,SELL,LIMIT,1701971214867,3610,0.2697451
SEIUSDT,SELL,LIMIT,1701971304723,678,0.2694481
SEIUSDT,SELL,LIMIT,1701971355910,4705,0.2693630
SEIUSDT,SELL,LIMIT,1701971374747,176,0.2690631
SEIUSDT,SELL,LIMIT,1701971379337,4417,0.2687893
SEIUSDT,SELL,LIMIT,1701971381565,1255,0.2685300
SEIUSDT,SELL,LIMIT,1701972360689,245,0.2693591
SEIUSDT,BUY,LIMIT,1701973552273,1012,0.2775720
SEIUSDT,BUY,LIMIT,1701974841717,1089,0.2783798
SEIUSDT,SELL,LIMIT,1701976893388,2630,0.2698901
SEIUSDT,SELL,LIMIT,1701977183964,1669,0.2693654
SEIUSDT,SELL,LIMIT,1701977296162,5919,0.2688646
SEIUSDT,SELL,LIMIT,1701978256189,248,0.2683789
SEIUSDT,SELL,LIMIT,1701981532590,2133,0.2700452
SEIUSDT,BUY,LIMIT,1701984771250,962,0.2822302
SEIUSDT,BUY,LIMIT,1701989215501,17806,0.2855887
SEIUSDT,BUY,LIMIT,1701992516011,69,0.2862133
SEIUSDT,BUY,LIMIT,1701992728353,1642,0.2863605
SEIUSDT,BUY,LIMIT,1701992792008,7238,0.2866885
SEIUSDT,BUY,LIMIT,1701992955226,3782,0.2877696
SEIUSDT,SELL,LIMIT,1701993235060,409,0.2778738
SEIUSDT,BUY,LIMIT,1701993879550,363,0.2885737
SEIUSDT,BUY,LIMIT,1701993997113,3500,0.2898215
SEIUSDT,BUY,LIMIT,1701994002716,814,0.2905275
SEIUSDT,SELL,LIMIT,1701994041154,782,0.2805833
SEIUSDT,SELL,LIMIT,1701994312062,24,0.2793446
SEIUSDT,SELL,LIMIT,1701996327171,3562,0.2765146
SEIUSDT,SELL,LIMIT,1701997408767,1093,0.2758328
SEIUSDT,SELL,LIMIT,1702000535170,198,0.2756031
SEIUSDT,SELL,LIMIT,1702000565083,66,0.2753312
SEIUSDT,SELL,LIMIT,1702003194864,948,0.2741807
SEIUSDT,SELL,LIMIT,1702003268534,1775,0.2744211
SEIUSDT,SELL,LIMIT,1702006222930,89,0.2738358
SEIUSDT,SELL,LIMIT,1702006441252,42,0.2737195
SEIUSDT,SELL,LIMIT,1702006501329,5526,0.2730773
SEIUSDT,SELL,LIMIT,1702007528379,611,0.2722276
SEIUSDT,BUY,LIMIT,1702008815337,5580,0.2826034
SEIUSDT,SELL,LIMIT,1702009687415,107,0.2728281
SEIUSDT,SELL,LIMIT,1702018104919,39,0.2732801
SEIUSDT,SELL,LIMIT,1702018831788,9665,0.2731819
SEIUSDT,SELL,LIMIT,1702019536759,1959,0.2719800
SEIUSDT,SELL,LIMIT,1702019982050,432,0.2709738
SEIUSDT,SELL,LIMIT,1702020082363,2461,0.2704762
SEIUSDT,SELL,LIMIT,1702020102798,72526,0.2683727
SEIUSDT,SELL,LIMIT,1702020175831,3628,0.2693909
SEIUSDT,SELL,LIMIT,1702020522504,1813,0.2689744
SEIUSDT,SELL,LIMIT,1702020636153,285,0.2681626
SEIUSDT,SELL,LIMIT,1702020639930,35,0.2681015
SEIUSDT,SELL,LIMIT,1702020677246,543,0.2674190
SEIUSDT,SELL,LIMIT,1702020678471,1887,0.2673796
SEIUSDT,SELL,LIMIT,1702020680733,445,0.2673664
SEIUSDT,BUY,LIMIT,1702024271283,6114,0.2791729
SEIUSDT,BUY,LIMIT,1702025497502,109,0.2832187
SEIUSDT,BUY,LIMIT,1702026762155,3877,0.2832740
SEIUSDT,SELL,LIMIT,1702028136523,3321,0.2740631
SEIUSDT,SELL,LIMIT,1702028364639,8965,0.2730651
SEIUSDT,SELL,LIMIT,1702030887663,360,0.2728810
SEIUSDT,BUY,LIMIT,1702034997963,143,0.2867597
SEIUSDT,BUY,LIMIT,1702035371431,502,0.2853722
SEIUSDT,BUY,LIMIT,1702038521577,50,0.2853328
SEIUSDT,SELL,LIMIT,1702040484341,11378,0.2754448
SEIUSDT,SELL,LIMIT,1702040487776,8115,0.2753208
SEIUSDT,SELL,LIMIT,1702040806230,20,0.2744496
SEIUSDT,SELL,LIMIT,1702043846645,87,0.2729902
SEIUSDT,SELL,LIMIT,1702045261348,57,0.2711772
SEIUSDT,SELL,LIMIT,1702045569259,192,0.2711242
SEIUSDT,SELL,LIMIT,1702045630462,3152,0.2707841
SEIUSDT,SELL,LIMIT,1702047238121,119,0.2731772
SEIUSDT,SELL,LIMIT,1702047621502,304,0.2739286
SEIUSDT,SELL,LIMIT,1702048008252,17125,0.2730164
SEIUSDT,SELL,LIMIT,1702049538348,67,0.2720461
SEIUSDT,BUY,LIMIT,1702050331124,147,0.2819747
SEIUSDT,SELL,LIMIT,1702051397431,1592,0.2733202
SEIUSDT,BUY,LIMIT,1702052530226,321,0.2818595
SEIUSDT,BUY,LIMIT,1702054710495,5460,0.2838871
SEIUSDT,BUY,LIMIT,1702054734862,122,0.2842182
SEIUSDT,SELL,LIMIT,1702056341904,18041,0.2716500
SEIUSDT,SELL,LIMIT,1702056640696,47,0.2707466
SEIUSDT,BUY,LIMIT,1702058452084,24,0.2817640
SEIUSDT,BUY,LIMIT,1702062893375,70,0.2840143
SEIUSDT,BUY,LIMIT,1702063637957,952,0.2853860
SEIUSDT,BUY,LIMIT,1702064620142,134,0.2856993
SEIUSDT,BUY,LIMIT,1702065196603,2123,0.2854013
SEIUSDT,BUY,LIMIT,1702065755955,497,0.2849825
SEIUSDT,BUY,LIMIT,1702065884915,18031,0.2849984
SEIUSDT,BUY,LIMIT,1702066036616,39,0.2857961
SEIUSDT,BUY,LIMIT,1702069042987,100,0.2852421
SEIUSDT,SELL,LIMIT,1702069748681,18,0.2757700
SEIUSDT,BUY,LIMIT,1702072675322,19245,0.2858840
SEIUSDT,SELL,LIMIT,1702076246839,2667,0.2753735
SEIUSDT,BUY,LIMIT,1702078515165,667,0.2824544
SEIUSDT,BUY,LIMIT,1702078607881,115,0.2853619
SEIUSDT,BUY,LIMIT,1702078943204,843,0.2855902
SEIUSDT,BUY,LIMIT,1702079854094,351,0.2857973
SEIUSDT,SELL,LIMIT,1702080270497,113483,0.2729894
SEIUSDT,BUY,LIMIT,1702080479057,56,0.2871173
SEIUSDT,BUY,LIMIT,1702080543033,2216,0.2882336
SEIUSDT,BUY,LIMIT,1702081010233,4000,0.2870704
SEIUSDT,SELL,LIMIT,1702081040670,423,0.2778335
SEIUSDT,BUY,LIMIT,1702081267603,68,0.2846851
SEIUSDT,SELL,LIMIT,1702083135353,5389,0.2755898
SEIUSDT,SELL,LIMIT,1702083424059,5266,0.2747268
SEIUSDT,SELL,LIMIT,1702083754114,708,0.2736951
SEIUSDT,SELL,LIMIT,1702083826509,564,0.2732063
SEIUSDT,SELL,LIMIT,1702083831615,361,0.2731820
SEIUSDT,SELL,LIMIT,1702083901721,2000,0.2728785
SEIUSDT,SELL,LIMIT,1702083928751,93,0.2724974
SEIUSDT,SELL,LIMIT,1702083974369,2187,0.2721992
SEIUSDT,SELL,LIMIT,1702083982474,2088,0.2721112
SEIUSDT,SELL,LIMIT,1702084201250,68,0.2710360
SEIUSDT,SELL,LIMIT,1702084219704,858,0.2707815
SEIUSDT,BUY,LIMIT,1702085702530,9035,0.2822281
SEIUSDT,BUY,LIMIT,1702091859062,28,0.2810410
SEIUSDT,SELL,LIMIT,1702095735642,12834,0.2708609
SEIUSDT,BUY,LIMIT,1702097543806,195,0.2801061
SEIUSDT,BUY,LIMIT,1702097881321,41,0.2798354
SEIUSDT,BUY,LIMIT,1702102977317,9725,0.2820091
SEIUSDT,BUY,LIMIT,1702103074403,100,0.2826775
SEIUSDT,BUY,LIMIT,1702103178872,850,0.2833754
SEIUSDT,BUY,LIMIT,1702104927798,1213,0.2815090
SEIUSDT,BUY,LIMIT,1702108104306,81,0.2823730
SEIUSDT,SELL,LIMIT,1702108938268,2031,0.2747131
SEIUSDT,BUY,LIMIT,1702109723398,38,0.2764738
SEIUSDT,BUY,LIMIT,1702109749385,200,0.2841268
SEIUSDT,BUY,LIMIT,1702109771759,985,0.2837933
SEIUSDT,SELL,LIMIT,1702110727458,81,0.2744729
SEIUSDT,SELL,LIMIT,1702110920889,437,0.2717944
SEIUSDT,SELL,LIMIT,1702110924555,899,0.2716882
SEIUSDT,SELL,LIMIT,1702110966478,665,0.2715703
SEIUSDT,SELL,LIMIT,1702110969543,8551,0.2713462
SEIUSDT,SELL,LIMIT,1702110984608,101,0.2705161
SEIUSDT,SELL,LIMIT,1702111027751,36,0.2702847
SEIUSDT,SELL,LIMIT,1702111033175,3281,0.2702962
SEIUSDT,SELL,LIMIT,1702111036130,1066,0.2699663
SEIUSDT,SELL,LIMIT,1702111038436,11203,0.2698894
SEIUSDT,SELL,LIMIT,1702111040916,733,0.2696283
SEIUSDT,SELL,LIMIT,1702111046446,2109,0.2692539
SEIUSDT,SELL,LIMIT,1702111205392,88702,0.2665897
SEIUSDT,SELL,LIMIT,1702111375213,107,0.2683800
SEIUSDT,SELL,LIMIT,1702111376275,5961,0.2684624
SEIUSDT,SELL,LIMIT,1702111378421,6237,0.2681407
SEIUSDT,SELL,LIMIT,1702111380671,572,0.2679765
SEIUSDT,SELL,LIMIT,1702111383805,5346,0.2675294
SEIUSDT,SELL,LIMIT,1702111388683,5347,0.2672540
SEIUSDT,SELL,LIMIT,1702111390440,144,0.2670391
SEIUSDT,SELL,LIMIT,1702112322641,208,0.2699272
SEIUSDT,SELL,LIMIT,1702115605006,52,0.2690677
SEIUSDT,SELL,LIMIT,1702115900317,430,0.2678927
SEIUSDT,SELL,LIMIT,1702125020323,5005,0.2688066
SEIUSDT,SELL,LIMIT,1702127623024,1443,0.2709736
SEIUSDT,SELL,LIMIT,1702127874513,1831,0.2720011
SEIUSDT,BUY,LIMIT,1702130151126,144,0.2802140
SEIUSDT,BUY,LIMIT,1702131226871,118,0.2808413
SEIUSDT,SELL,LIMIT,1702132639574,11081,0.2713535
SEIUSDT,SELL,LIMIT,1702132992618,2779,0.2691001
SEIUSDT,SELL,LIMIT,1702132994741,24,0.2686689
SEIUSDT,SELL,LIMIT,1702133003564,131,0.2684054
SEIUSDT,SELL,LIMIT,1702133005359,1885,0.2682650
SEIUSDT,SELL,LIMIT,1702133006955,268,0.2681649
SEIUSDT,SELL,LIMIT,1702133019653,18234,0.2681172
