Symbol,Side,Order Type,Time,Quantity,Price
SEIUSDT,SELL,LIMIT,1701917189164,3000,0.2704026
SEIUSDT,SELL,LIMIT,1701918525462,13494,0.2682889
SEIUSDT,SELL,LIMIT,1701918647460,131,0.2695266
SEIUSDT,BUY,LIMIT,1701921474954,187,0.2798310
SEIUSDT,SELL,LIMIT,1701925251088,45,0.2711026
SEIUSDT,SELL,LIMIT,1701928152479,45,0.2682809
SEIUSDT,SELL,LIMIT,1701928592772,192,0.2673987
SEIUSDT,BUY,LIMIT,1701929875138,419,0.2771773
SEIUSDT,SELL,LIMIT,1701931626147,120,0.2659738
SEIUSDT,SELL,LIMIT,1701931805939,1259,0.2659493
SEIUSDT,SELL,LIMIT,1701931807950,188,0.2656295
SEIUSDT,SELL,LIMIT,1701931814050,1702,0.2654305
SEIUSDT,SELL,LIMIT,1701931817897,158,0.2653867
SEIUSDT,SELL,LIMIT,1701931821403,341,0.2651529
SEIUSDT,SELL,LIMIT,1701931913735,651,0.2647059
SEIUSDT,SELL,LIMIT,1701931915718,1049,0.2647175
SEIUSDT,SELL,LIMIT,1701931925443,1514,0.2646361
SEIUSDT,SELL,LIMIT,1701931926962,233,0.2645225
SEIUSDT,SELL,LIMIT,1701931927984,86224,0.2622776
SEIUSDT,SELL,LIMIT,1701931934062,508,0.2639851
SEIUSDT,SELL,LIMIT,1701931941961,6583,0.2639993
SEIUSDT,SELL,LIMIT,1701931948275,942,0.2638954
SEIUSDT,SELL,LIMIT,1701931949404,54938,0.2621437
SEIUSDT,SELL,LIMIT,1701931954293,716,0.2637418
SEIUSDT,SELL,LIMIT,1701931957051,178,0.2636739
SEIUSDT,SELL,LIMIT,1701932056998,16222,0.2635861
SEIUSDT,SELL,LIMIT,1701932115157,137,0.2635087
SEIUSDT,SELL,LIMIT,1701932116771,9784,0.2634017
SEIUSDT,SELL,LIMIT,1701934399355,3787,0.2646947
SEIUSDT,SELL,LIMIT,1701936546192,1109,0.2662213
SEIUSDT,SELL,LIMIT,1701936867399,351,0.2651332
SEIUSDT,SELL,LIMIT,1701936911100,8942,0.2634862
SEIUSDT,SELL,LIMIT,1701936914934,146,0.2634257
SEIUSDT,SELL,LIMIT,1701936916952,3210,0.2631928
SEIUSDT,SELL,LIMIT,1701936918642,247,0.2630292
SEIUSDT,SELL,LIMIT,1701936919727,668,0.2628245
SEIUSDT,SELL,LIMIT,1701937340424,2674,0.2628966
SEIUSDT,SELL,LIMIT,1701937363185,1724,0.2624091
SEIUSDT,SELL,LIMIT,1701937364342,1867,0.2624428
SEIUSDT,SELL,LIMIT,1701937371160,2155,0.2622352
SEIUSDT,SELL,LIMIT,1701937387471,226,0.2621086
SEIUSDT,SELL,LIMIT,1701937394127,585,0.2620060
SEIUSDT,SELL,LIMIT,1701937486067,21573,0.2616274
SEIUSDT,SELL,LIMIT,1701937536112,1088,0.2619022
SEIUSDT,SELL,LIMIT,1701937709042,385,0.2614190
SEIUSDT,SELL,LIMIT,1701937710887,8259,0.2613321
SEIUSDT,SELL,LIMIT,1701937711958,23475,0.2607749
SEIUSDT,SELL,LIMIT,1701937713093,1501,0.2609952
SEIUSDT,SELL,LIMIT,1701937714359,10845,0.2610959
SEIUSDT,SELL,LIMIT,1701937715428,6359,0.2608761
SEIUSDT,SELL,LIMIT,1701937717374,8587,0.2607694
SEIUSDT,SELL,LIMIT,1701937721584,1065,0.2606419
SEIUSDT,SELL,LIMIT,1701937760823,755,0.2605137
SEIUSDT,SELL,LIMIT,1701937926297,21549,0.2601513
SEIUSDT,BUY,LIMIT,1701938219834,245,0.2700753
SEIUSDT,BUY,LIMIT,1701938276138,2145,0.2707477
SEIUSDT,SELL,LIMIT,1701939972811,498,0.2604838
SEIUSDT,SELL,LIMIT,1701939974076,362,0.2602726
SEIUSDT,SELL,LIMIT,1701939980067,576,0.2601289
SEIUSDT,SELL,LIMIT,1701939987312,13513,0.2598477
SEIUSDT,SELL,LIMIT,1701940018251,15487,0.2602371
SEIUSDT,SELL,LIMIT,1701940318733,33,0.2617220
SEIUSDT,SELL,LIMIT,1701940426654,1185,0.2596614
SEIUSDT,SELL,LIMIT,1701940451814,14664,0.2596705
SEIUSDT,SELL,LIMIT,1701940475614,8000,0.2597337
SEIUSDT,SELL,LIMIT,1701940542901,8359,0.2595476
SEIUSDT,SELL,LIMIT,1701940556295,2395,0.2591594
SEIUSDT,SELL,LIMIT,1701940559490,19,0.2591455
SEIUSDT,SELL,LIMIT,1701940561685,7344,0.2591268
SEIUSDT,SELL,LIMIT,1701940564131,1046,0.2590658
SEIUSDT,SELL,LIMIT,1701940566054,8312,0.2589318
SEIUSDT,SELL,LIMIT,1701940567785,11318,0.2587150
SEIUSDT,SELL,LIMIT,1701940570113,3551,0.2585015
SEIUSDT,SELL,LIMIT,1701940673465,249,0.2590551
SEIUSDT,SELL,LIMIT,1701940674890,651,0.2589566
SEIUSDT,SELL,LIMIT,1701940715822,669,0.2585626
SEIUSDT,SELL,LIMIT,1701940983144,8408,0.2592345
SEIUSDT,SELL,LIMIT,1701941020931,1350,0.2586611
SEIUSDT,SELL,LIMIT,1701941040217,435,0.2585626
SEIUSDT,SELL,LIMIT,1701941049192,2929,0.2584641
SEIUSDT,SELL,LIMIT,1701941051125,632,0.2583863
SEIUSDT,SELL,LIMIT,1701941064777,36,0.2583780
SEIUSDT,SELL,LIMIT,1701941066182,600,0.2583127
SEIUSDT,SELL,LIMIT,1701941068495,18882,0.2582331
SEIUSDT,SELL,LIMIT,1701941075284,3217,0.2578991
SEIUSDT,SELL,LIMIT,1701941079084,92902,0.2557259
SEIUSDT,SELL,LIMIT,1701941080695,98,0.2576193
SEIUSDT,SELL,LIMIT,1701941109304,2949,0.2575717
SEIUSDT,SELL,LIMIT,1701941111691,1437,0.2574686
SEIUSDT,SELL,LIMIT,1701941149218,200,0.2576761
SEIUSDT,SELL,LIMIT,1701941150312,1475,0.2574962
SEIUSDT,SELL,LIMIT,1701941152112,3746,0.2573281
SEIUSDT,SELL,LIMIT,1701941154059,14563,0.2573134
SEIUSDT,SELL,LIMIT,1701941155116,65,0.2572256
SEIUSDT,SELL,LIMIT,1701941156209,1289,0.2571465
SEIUSDT,SELL,LIMIT,1701941159576,588,0.2570851
SEIUSDT,SELL,LIMIT,1701941171618,13052,0.2569961
SEIUSDT,SELL,LIMIT,1701941174427,200,0.2569224
SEIUSDT,SELL,LIMIT,1701941175480,1303,0.2569183
SEIUSDT,SELL,LIMIT,1701941176498,977,0.2568053
SEIUSDT,SELL,LIMIT,1701941181338,9460,0.2567903
SEIUSDT,SELL,LIMIT,1701941182411,1066,0.2567408
SEIUSDT,SELL,LIMIT,1701941186031,651,0.2568198
SEIUSDT,SELL,LIMIT,1701941188377,20204,0.2565811
SEIUSDT,SELL,LIMIT,1701941189757,523,0.2565811
SEIUSDT,SELL,LIMIT,1701941225497,721,0.2562010
SEIUSDT,SELL,LIMIT,1701941231823,3509,0.2562633
SEIUSDT,SELL,LIMIT,1701941233065,159,0.2560394
SEIUSDT,SELL,LIMIT,1701941234195,169,0.2558881
SEIUSDT,SELL,LIMIT,1701941237237,96,0.2557505
SEIUSDT,SELL,LIMIT,1701941238268,651,0.2556076
SEIUSDT,SELL,LIMIT,1701941239334,14108,0.2556451
SEIUSDT,SELL,LIMIT,1701941240562,100,0.2556273
SEIUSDT,SELL,LIMIT,1701941242578,30,0.2555952
SEIUSDT,SELL,LIMIT,1701941243914,723,0.2554263
SEIUSDT,SELL,LIMIT,1701941245446,1099,0.2552239
SEIUSDT,SELL,LIMIT,1701941246461,1196,0.2553236
SEIUSDT,SELL,LIMIT,1701941248475,112,0.2551886
SEIUSDT,BUY,LIMIT,1701941392873,4907,0.2661970
SEIUSDT,BUY,LIMIT,1701941453838,5709,0.2677207
SEIUSDT,BUY,LIMIT,1701942353873,2319,0.2696832
SEIUSDT,BUY,LIMIT,1701943237083,59,0.2710628
SEIUSDT,BUY,LIMIT,1701943257772,5805,0.2719299
SEIUSDT,SELL,LIMIT,1701943374799,14872,0.2623995
SEIUSDT,SELL,LIMIT,1701943657224,75,0.2607761
SEIUSDT,BUY,LIMIT,1701944807233,7890,0.2727451
SEIUSDT,BUY,LIMIT,1701944813836,1041,0.2727982
SEIUSDT,BUY,LIMIT,1701946286284,9230,0.2743263
SEIUSDT,BUY,LIMIT,1701946320145,1892,0.2755179
SEIUSDT,BUY,LIMIT,1701946323344,6863,0.2758342
SEIUSDT,BUY,LIMIT,1701946326051,20307,0.2763661
SEIUSDT,SELL,LIMIT,1701946472431,7711,0.2656340
SEIUSDT,SELL,LIMIT,1701946488180,2888,0.2652967
SEIUSDT,BUY,LIMIT,1701946941776,8575,0.2769007
SEIUSDT,BUY,LIMIT,1701947049736,729,0.2771274
SEIUSDT,BUY,LIMIT,1701947561492,3902,0.2774878
SEIUSDT,BUY,LIMIT,1701947567659,92833,0.2800230
SEIUSDT,BUY,LIMIT,1701947777650,36303,0.2795457
SEIUSDT,BUY,LIMIT,1701947813192,180,0.2784054
SEIUSDT,SELL,LIMIT,1701949317489,1420,0.2671864
SEIUSDT,BUY,LIMIT,1701949905073,2853,0.2768962
SEIUSDT,SELL,LIMIT,1701950649853,13492,0.2668434
SEIUSDT,BUY,LIMIT,1701951820388,4000,0.2779157
SEIUSDT,BUY,LIMIT,1701952054111,218,0.2787312
SEIUSDT,BUY,LIMIT,1701952223591,8179,0.2795404
SEIUSDT,BUY,LIMIT,1701952249713,15,0.2806064
SEIUSDT,BUY,LIMIT,1701952283281,12051,0.2805541
SEIUSDT,BUY,LIMIT,1701952394706,31760,0.2820032
SEIUSDT,SELL,LIMIT,1701952576376,360,0.2708831
SEIUSDT,BUY,LIMIT,1701953145232,853,0.2810306
SEIUSDT,BUY,LIMIT,1701953357040,143,0.2814587
SEIUSDT,BUY,LIMIT,1701953366012,10362,0.2821448
SEIUSDT,BUY,LIMIT,1701953368347,2250,0.2823065
SEIUSDT,BUY,LIMIT,1701953386326,689,0.2828264
SEIUSDT,BUY,LIMIT,1701953407816,1089,0.2832464
SEIUSDT,BUY,LIMIT,1701953429047,827,0.2837270
SEIUSDT,BUY,LIMIT,1701953466553,23923,0.2851322
SEIUSDT,BUY,LIMIT,1701953485509,51559,0.2866493
SEIUSDT,BUY,LIMIT,1701953493867,849,0.2855431
SEIUSDT,BUY,LIMIT,1701953510506,17659,0.2857721
SEIUSDT,BUY,LIMIT,1701953976591,1,0.2825180
SEIUSDT,SELL,LIMIT,1701956835551,1763,0.2758127
SEIUSDT,SELL,LIMIT,1701957720842,177,0.2756324
SEIUSDT,BUY,LIMIT,1701962531621,100,0.2842483
SEIUSDT,BUY,LIMIT,1701963015425,18083,0.2858436
SEIUSDT,BUY,LIMIT,1701963028065,143,0.2863326
SEIUSDT,BUY,LIMIT,1701963192075,1660,0.2872112
SEIUSDT,BUY,LIMIT,1701963201573,18,0.2875475
SEIUSDT,BUY,LIMIT,1701963308234,3684,0.2877753
SEIUSDT,SELL,LIMIT,1701964007606,137,0.2768619
SEIUSDT,SELL,LIMIT,1701964030701,102,0.2763419
SEIUSDT,SELL,LIMIT,1701964917926,2891,0.2740715
SEIUSDT,SELL,LIMIT,1701965670454,1736,0.2729057
SEIUSDT,SELL,LIMIT,1701965964945,396,0.2717116
SEIUSDT,SELL,LIMIT,1701967324470,1784,0.2732679
SEIUSDT,SELL,LIMIT,1701967338523,477,0.2729670
SEIUSDT,SELL,LIMIT,1701967502009,1694,0.2727341
SEIUSDT,BUY,LIMIT,1701968186764,964,0.2822474
SEIUSDT,SELL,LIMIT,1701970285062,3000,0.2717878
SEIUSDT,BUY,LIMIT,1701970897159,1028,0.2814960
SEIUSDT,SELL,LIMIT,1701971201048,7691,0.2702268
SEIUSDT,SELL,LIMIT,1701971214867,3610,0.2697451
SEIUSDT,SELL,LIMIT,1701971304723,678,0.2694481
SEIUSDT,SELL,LIMIT,1701971355910,4705,0.2693630
SEIUSDT,SELL,LIMIT,1701971374747,176,0.2690631
SEIUSDT,SELL,LIMIT,1701971379337,4417,0.2687893
SEIUSDT,SELL,LIMIT,1701971381565,1255,0.2685300
SEIUSDT,SELL,LIMIT,1701972360689,245,0.2693591
SEIUSDT,BUY,LIMIT,1701973552273,1012,0.2775720
SEIUSDT,BUY,LIMIT,1701974841717,1089,0.2783798
SEIUSDT,SELL,LIMIT,1701976893388,2630,0.2698901
SEIUSDT,SELL,LIMIT,1701977183964,1669,0.2693654
SEIUSDT,SELL,LIMIT,1701977296162,5919,0.2688646
SEIUSDT,SELL,LIMIT,1701978256189,248,0.2683789
SEIUSDT,SELL,LIMIT,1701981532590,2133,0.2700452
SEIUSDT,BUY,LIMIT,1701984771250,962,0.2822302
SEIUSDT,BUY,LIMIT,1701989215501,17806,0.2855887
SEIUSDT,BUY,LIMIT,1701992516011,69,0.2862133
SEIUSDT,BUY,LIMIT,1701992728353,1642,0.2863605
SEIUSDT,BUY,LIMIT,1701992792008,7238,0.2866885
SEIUSDT,BUY,LIMIT,1701992955226,3782,0.2877696
SEIUSDT,SELL,LIMIT,1701993235060,409,0.2778738
SEIUSDT,BUY,LIMIT,1701993879550,363,0.2885737
SEIUSDT,BUY,LIMIT,1701993997113,3500,0.2898215
SEIUSDT,BUY,LIMIT,1701994002716,814,0.2905275
SEIUSDT,SELL,LIMIT,1701994041154,782,0.2805833
SEIUSDT,SELL,LIMIT,1701994312062,24,0.2793446
SEIUSDT,SELL,LIMIT,1701996327171,3562,0.2765146
SEIUSDT,SELL,LIMIT,1701997408767,1093,0.2758328
SEIUSDT,SELL,LIMIT,1702000535170,198,0.2756031
SEIUSDT,SELL,LIMIT,1702000565083,66,0.2753312
SEIUSDT,SELL,LIMIT,1702003194864,948,0.2741807
SEIUSDT,SELL,LIMIT,1702003268534,1775,0.2744211
SEIUSDT,SELL,LIMIT,1702006222930,89,0.2738358
SEIUSDT,SELL,LIMIT,1702006441252,42,0.2737195
SEIUSDT,SELL,LIMIT,1702006501329,5526,0.2730773
SEIUSDT,SELL,LIMIT,1702007528379,611,0.2722276
SEIUSDT,BUY,LIMIT,1702008815337,5580,0.2826034
SEIUSDT,SELL,LIMIT,1702009687415,107,0.2728281
SEIUSDT,SELL,LIMIT,1702018104919,39,0.2732801
SEIUSDT,SELL,LIMIT,1702018831788,9665,0.2731819
SEIUSDT,SELL,LIMIT,1702019536759,1959,0.2719800
SEIUSDT,SELL,LIMIT,1702019982050,432,0.2709738
SEIUSDT,SELL,LIMIT,1702020082363,2461,0.2704762
SEIUSDT,SELL,LIMIT,1702020102798,72526,0.2683727
SEIUSDT,SELL,LIMIT,1702020175831,3628,0.2693909
SEIUSDT,SELL,LIMIT,1702020522504,1813,0.2689744
SEIUSDT,SELL,LIMIT,1702020636153,285,0.2681626
SEIUSDT,SELL,LIMIT,1702020639930,35,0.2681015
SEIUSDT,SELL,LIMIT,1702020677246,543,0.2674190
SEIUSDT,SELL,LIMIT,1702020678471,1887,0.2673796
SEIUSDT,SELL,LIMIT,1702020680733,445,0.2673664
SEIUSDT,BUY,LIMIT,1702024271283,6114,0.2791729
SEIUSDT,BUY,LIMIT,1702025497502,109,0.2832187
SEIUSDT,BUY,LIMIT,1702026762155,3877,0.2832740
SEIUSDT,SELL,LIMIT,1702028136523,3321,0.2740631
SEIUSDT,SELL,LIMIT,1702028364639,8965,0.2730651
SEIUSDT,SELL,LIMIT,1702030887663,360,0.2728810
SEIUSDT,BUY,LIMIT,1702034997963,143,0.2867597
SEIUSDT,BUY,LIMIT,1702035371431,502,0.2853722
SEIUSDT,BUY,LIMIT,1702038521577,50,0.2853328
SEIUSDT,SELL,LIMIT,1702040484341,11378,0.2754448
SEIUSDT,SELL,LIMIT,1702040487776,8115,0.2753208
SEIUSDT,SELL,LIMIT,1702040806230,20,0.2744496
SEIUSDT,SELL,LIMIT,1702043846645,87,0.2729902
SEIUSDT,SELL,LIMIT,1702045261348,57,0.2711772
SEIUSDT,SELL,LIMIT,1702045569259,192,0.2711242
SEIUSDT,SELL,LIMIT,1702045630462,3152,0.2707841
SEIUSDT,SELL,LIMIT,1702047238121,119,0.2731772
SEIUSDT,SELL,LIMIT,1702047621502,304,0.2739286
SEIUSDT,SELL,LIMIT,1702048008252,17125,0.2730164
SEIUSDT,SELL,LIMIT,1702049538348,67,0.2720461
SEIUSDT,BUY,LIMIT,1702050331124,147,0.2819747
SEIUSDT,SELL,LIMIT,1702051397431,1592,0.2733202
SEIUSDT,BUY,LIMIT,1702052530226,321,0.2818595
SEIUSDT,BUY,LIMIT,1702054710495,5460,0.2838871
SEIUSDT,BUY,LIMIT,1702054734862,122,0.2842182
SEIUSDT,SELL,LIMIT,1702056341904,18041,0.2716500
SEIUSDT,SELL,LIMIT,1702056640696,47,0.2707466
SEIUSDT,BUY,LIMIT,1702058452084,24,0.2817640
SEIUSDT,BUY,LIMIT,1702062893375,70,0.2840143
SEIUSDT,BUY,LIMIT,1702063637957,952,0.2853860
SEIUSDT,BUY,LIMIT,1702064620142,134,0.2856993
SEIUSDT,BUY,LIMIT,1702065196603,2123,0.2854013
SEIUSDT,BUY,LIMIT,1702065755955,497,0.2849825
SEIUSDT,BUY,LIMIT,1702065884915,18031,0.2849984
SEIUSDT,BUY,LIMIT,1702066036616,39,0.2857961
SEIUSDT,BUY,LIMIT,1702069042987,100,0.2852421
SEIUSDT,SELL,LIMIT,1702069748681,18,0.2757700
SEIUSDT,BUY,LIMIT,1702072675322,19245,0.2858840
SEIUSDT,SELL,LIMIT,1702076246839,2667,0.2753735
SEIUSDT,BUY,LIMIT,1702078515165,667,0.2824544
SEIUSDT,BUY,LIMIT,1702078607881,115,0.2853619
SEIUSDT,BUY,LIMIT,1702078943204,843,0.2855902
SEIUSDT,BUY,LIMIT,1702079854094,351,0.2857973
SEIUSDT,SELL,LIMIT,1702080270497,113483,0.2729894
SEIUSDT,BUY,LIMIT,1702080479057,56,0.2871173
SEIUSDT,BUY,LIMIT,1702080543033,2216,0.2882336
SEIUSDT,BUY,LIMIT,1702081010233,4000,0.2870704
SEIUSDT,SELL,LIMIT,1702081040670,423,0.2778335
SEIUSDT,BUY,LIMIT,1702081267603,68,0.2846851
SEIUSDT,SELL,LIMIT,1702083135353,5389,0.2755898
SEIUSDT,SELL,LIMIT,1702083424059,5266,0.2747268
SEIUSDT,SELL,LIMIT,1702083754114,708,0.2736951
SEIUSDT,SELL,LIMIT,1702083826509,564,0.2732063
SEIUSDT,SELL,LIMIT,1702083831615,361,0.2731820
SEIUSDT,SELL,LIMIT,1702083901721,2000,0.2728785
SEIUSDT,SELL,LIMIT,1702083928751,93,0.2724974
SEIUSDT,SELL,LIMIT,1702083974369,2187,0.2721992
SEIUSDT,SELL,LIMIT,1702083982474,2088,0.2721112
SEIUSDT,SELL,LIMIT,1702084201250,68,0.2710360
SEIUSDT,SELL,LIMIT,1702084219704,858,0.2707815
SEIUSDT,BUY,LIMIT,1702085702530,9035,0.2822281
SEIUSDT,BUY,LIMIT,1702091859062,28,0.2810410
SEIUSDT,SELL,LIMIT,1702095735642,12834,0.2708609
SEIUSDT,BUY,LIMIT,1702097543806,195,0.2801061
SEIUSDT,BUY,LIMIT,1702097881321,41,0.2798354
SEIUSDT,BUY,LIMIT,1702102977317,9725,0.2820091
SEIUSDT,BUY,LIMIT,1702103074403,100,0.2826775
SEIUSDT,BUY,LIMIT,1702103178872,850,0.2833754
SEIUSDT,BUY,LIMIT,1702104927798,1213,0.2815090
SEIUSDT,BUY,LIMIT,1702108104306,81,0.2823730
SEIUSDT,SELL,LIMIT,1702108938268,2031,0.2747131
SEIUSDT,BUY,LIMIT,1702109723398,38,0.2764738
SEIUSDT,BUY,LIMIT,1702109749385,200,0.2841268
SEIUSDT,BUY,LIMIT,1702109771759,985,0.2837933
SEIUSDT,SELL,LIMIT,1702110727458,81,0.2744729
SEIUSDT,SELL,LIMIT,1702110920889,437,0.2717944
SEIUSDT,SELL,LIMIT,1702110924555,899,0.2716882
SEIUSDT,SELL,LIMIT,1702110966478,665,0.2715703
SEIUSDT,SELL,LIMIT,1702110969543,8551,0.2713462
SEIUSDT,SELL,LIMIT,1702110984608,101,0.2705161
SEIUSDT,SELL,LIMIT,1702111027751,36,0.2702847
SEIUSDT,SELL,LIMIT,1702111033175,3281,0.2702962
SEIUSDT,SELL,LIMIT,1702111036130,1066,0.2699663
SEIUSDT,SELL,LIMIT,1702111038436,11203,0.2698894
SEIUSDT,SELL,LIMIT,1702111040916,733,0.2696283
SEIUSDT,SELL,LIMIT,1702111046446,2109,0.2692539
SEIUSDT,SELL,LIMIT,1702111205392,88702,0.2665897
SEIUSDT,SELL,LIMIT,1702111375213,107,0.2683800
SEIUSDT,SELL,LIMIT,1702111376275,5961,0.2684624
SEIUSDT,SELL,LIMIT,1702111378421,6237,0.2681407
SEIUSDT,SELL,LIMIT,1702111380671,572,0.2679765
SEIUSDT,SELL,LIMIT,1702111383805,5346,0.2675294
SEIUSDT,SELL,LIMIT,1702111388683,5347,0.2672540
SEIUSDT,SELL,LIMIT,1702111390440,144,0.2670391
SEIUSDT,SELL,LIMIT,1702112322641,208,0.2699272
SEIUSDT,SELL,LIMIT,1702115605006,52,0.2690677
SEIUSDT,SELL,LIMIT,1702115900317,430,0.2678927
SEIUSDT,SELL,LIMIT,1702125020323,5005,0.2688066
SEIUSDT,SELL,LIMIT,1702127623024,1443,0.2709736
SEIUSDT,SELL,LIMIT,1702127874513,1831,0.2720011
SEIUSDT,BUY,LIMIT,1702130151126,144,0.2802140
SEIUSDT,BUY,LIMIT,1702131226871,118,0.2808413
SEIUSDT,SELL,LIMIT,1702132639574,11081,0.2713535
SEIUSDT,SELL,LIMIT,1702132992618,2779,0.2691001
SEIUSDT,SELL,LIMIT,1702132994741,24,0.2686689
SEIUSDT,SELL,LIMIT,1702133003564,131,0.2684054
SEIUSDT,SELL,LIMIT,1702133005359,1885,0.2682650
SEIUSDT,SELL,LIMIT,1702133006955,268,0.2681649
SEIUSDT,SELL,LIMIT,1702133019653,18234,0.2681172
SEIUSDT,SELL,LIMIT,1702134402037,1096,0.2678793
SEIUSDT,SELL,LIMIT,1702134786233,74,0.2673177
SEIUSDT,SELL,LIMIT,1702134843389,9594,0.2670732
SEIUSDT,SELL,LIMIT,1702134877664,6238,0.2667428
SEIUSDT,SELL,LIMIT,1702134880110,752,0.2667324
SEIUSDT,SELL,LIMIT,1702134900072,135,0.2666917
SEIUSDT,SELL,LIMIT,1702134903563,438,0.2665711
SEIUSDT,BUY,LIMIT,1702136962020,2458,0.2774875
SEIUSDT,SELL,LIMIT,1702138914360,1466,0.2710254
SEIUSDT,SELL,LIMIT,1702138954215,100,0.2706647
SEIUSDT,SELL,LIMIT,1702138962623,87,0.2729811
SEIUSDT,SELL,LIMIT,1702139116796,1390,0.2698861
SEIUSDT,SELL,LIMIT,1702139275425,2220,0.2688066
SEIUSDT,SELL,LIMIT,1702139278983,1523,0.2686818
SEIUSDT,SELL,LIMIT,1702139287405,149,0.2686752
SEIUSDT,SELL,LIMIT,1702139290614,1390,0.2684126
SEIUSDT,SELL,LIMIT,1702139295119,5560,0.2682248
SEIUSDT,SELL,LIMIT,1702139297213,1070,0.2681171
SEIUSDT,SELL,LIMIT,1702141214713,206,0.2727895
SEIUSDT,BUY,LIMIT,1702141373328,210,0.2804617
SEIUSDT,SELL,LIMIT,1702141703530,2085,0.2695946
SEIUSDT,SELL,LIMIT,1702141765074,9035,0.2689051
SEIUSDT,SELL,LIMIT,1702141847241,89,0.2684126
SEIUSDT,SELL,LIMIT,1702141855467,1390,0.2679335
SEIUSDT,SELL,LIMIT,1702142935467,904,0.2674564
SEIUSDT,SELL,LIMIT,1702142981949,32,0.2673753
SEIUSDT,SELL,LIMIT,1702144809520,439,0.2667153
SEIUSDT,SELL,LIMIT,1702145020204,9747,0.2665638
SEIUSDT,SELL,LIMIT,1702145034156,3182,0.2664652
SEIUSDT,SELL,LIMIT,1702145067572,178,0.2663338
SEIUSDT,BUY,LIMIT,1702147646620,47,0.2810761
SEIUSDT,BUY,LIMIT,1702147648315,3500,0.2814524
SEIUSDT,SELL,LIMIT,1702151446607,2695,0.2708664
SEIUSDT,SELL,LIMIT,1702153014202,138,0.2693752
SEIUSDT,SELL,LIMIT,1702153697225,31898,0.2693642
SEIUSDT,SELL,LIMIT,1702162110446,222,0.2706112
SEIUSDT,SELL,LIMIT,1702162129575,464,0.2710068
SEIUSDT,SELL,LIMIT,1702162172949,215,0.2705796
SEIUSDT,BUY,LIMIT,1702162449478,82,0.2779528
SEIUSDT,SELL,LIMIT,1702164294147,7304,0.2682156
SEIUSDT,SELL,LIMIT,1702164542024,1578,0.2670983
SEIUSDT,SELL,LIMIT,1702164579504,417,0.2668504
SEIUSDT,SELL,LIMIT,1702164746405,1177,0.2663030
SEIUSDT,SELL,LIMIT,1702164750621,4367,0.2660063
SEIUSDT,SELL,LIMIT,1702164752602,1191,0.2654810
SEIUSDT,SELL,LIMIT,1702164756445,2150,0.2653583
SEIUSDT,SELL,LIMIT,1702164759193,437,0.2652167
SEIUSDT,SELL,LIMIT,1702164797646,3589,0.2651792
SEIUSDT,SELL,LIMIT,1702164800581,17689,0.2649817
SEIUSDT,SELL,LIMIT,1702164801810,35124,0.2637705
SEIUSDT,SELL,LIMIT,1702164803180,27382,0.2639683
SEIUSDT,SELL,LIMIT,1702164804480,87,0.2646299
SEIUSDT,SELL,LIMIT,1702164805536,5,0.2643937
SEIUSDT,SELL,LIMIT,1702164806548,393,0.2643937
SEIUSDT,SELL,LIMIT,1702164808501,795,0.2643712
SEIUSDT,SELL,LIMIT,1702164810070,700,0.2641193
SEIUSDT,SELL,LIMIT,1702164811200,437,0.2638774
SEIUSDT,SELL,LIMIT,1702164813006,1801,0.2637345
SEIUSDT,SELL,LIMIT,1702164866061,872,0.2638616
SEIUSDT,SELL,LIMIT,1702164869557,114,0.2637594
SEIUSDT,BUY,LIMIT,1702165346063,3340,0.2732260
SEIUSDT,SELL,LIMIT,1702166701116,375,0.2636940
SEIUSDT,SELL,LIMIT,1702166774644,271,0.2634241
SEIUSDT,SELL,LIMIT,1702166790969,41141,0.2617390
SEIUSDT,SELL,LIMIT,1702166811203,6154,0.2630531
SEIUSDT,SELL,LIMIT,1702166812393,16510,0.2627513
SEIUSDT,SELL,LIMIT,1702166935466,8530,0.2623932
SEIUSDT,SELL,LIMIT,1702166951428,72,0.2620378
SEIUSDT,SELL,LIMIT,1702167582168,28981,0.2607083
SEIUSDT,SELL,LIMIT,1702167584615,53127,0.2599540
SEIUSDT,SELL,LIMIT,1702167587259,1000,0.2616095
SEIUSDT,SELL,LIMIT,1702167613125,3521,0.2615098
SEIUSDT,SELL,LIMIT,1702167622534,27573,0.2603875
SEIUSDT,SELL,LIMIT,1702167624469,500,0.2611236
SEIUSDT,SELL,LIMIT,1702167655798,1703,0.2610237
SEIUSDT,SELL,LIMIT,1702167656890,25,0.2609928
SEIUSDT,SELL,LIMIT,1702168755251,2545,0.2605776
SEIUSDT,SELL,LIMIT,1702168756401,29451,0.2595273
SEIUSDT,SELL,LIMIT,1702169016093,14135,0.2604165
SEIUSDT,SELL,LIMIT,1702169017218,148,0.2603163
SEIUSDT,SELL,LIMIT,1702169040106,108,0.2592667
SEIUSDT,SELL,LIMIT,1702169041453,6092,0.2585157
SEIUSDT,BUY,LIMIT,1702178147275,1247,0.2733064
SEIUSDT,BUY,LIMIT,1702180700771,16616,0.2763407
SEIUSDT,BUY,LIMIT,1702180853227,13989,0.2774400
SEIUSDT,BUY,LIMIT,1702180944813,66973,0.2799658
SEIUSDT,BUY,LIMIT,1702180976128,9199,0.2781175
SEIUSDT,SELL,LIMIT,1702189580302,34,0.2664789
SEIUSDT,SELL,LIMIT,1702192870399,29,0.2623386
SEIUSDT,SELL,LIMIT,1702192906227,762,0.2621080
SEIUSDT,SELL,LIMIT,1702196662250,184,0.2606729
SEIUSDT,SELL,LIMIT,1702196674358,852,0.2605675
SEIUSDT,SELL,LIMIT,1702196688010,3229,0.2601503
SEIUSDT,SELL,LIMIT,1702197090629,750,0.2594677
SEIUSDT,SELL,LIMIT,1702197808276,1235,0.2588144
SEIUSDT,SELL,LIMIT,1702200213639,3676,0.2585153
SEIUSDT,SELL,LIMIT,1702200225031,1575,0.2583824
SEIUSDT,SELL,LIMIT,1702200252032,65217,0.2561567
SEIUSDT,SELL,LIMIT,1702200326401,177,0.2575630
SEIUSDT,SELL,LIMIT,1702200358383,136,0.2574691
SEIUSDT,SELL,LIMIT,1702200570206,254,0.2571689
SEIUSDT,SELL,LIMIT,1702200582094,146,0.2570602
SEIUSDT,SELL,LIMIT,1702200583124,1198,0.2570563
SEIUSDT,SELL,LIMIT,1702200584315,47,0.2564365
SEIUSDT,SELL,LIMIT,1702200773484,9194,0.2565813
SEIUSDT,SELL,LIMIT,1702200923970,1494,0.2559572
SEIUSDT,SELL,LIMIT,1702200925397,336956,0.2488227
SEIUSDT,SELL,LIMIT,1702200939395,295,0.2554914
SEIUSDT,SELL,LIMIT,1702201298513,1945,0.2551008
SEIUSDT,SELL,LIMIT,1702201315437,9549,0.2549502
SEIUSDT,SELL,LIMIT,1702201332082,10000,0.2547472
SEIUSDT,SELL,LIMIT,1702201360263,1109,0.2543584
SEIUSDT,SELL,LIMIT,1702201365303,214,0.2542100
SEIUSDT,SELL,LIMIT,1702201367472,3912,0.2540027
SEIUSDT,SELL,LIMIT,1702201410775,8568,0.2539422
SEIUSDT,SELL,LIMIT,1702201419407,781,0.2537737
SEIUSDT,SELL,LIMIT,1702201479284,1000,0.2537598
SEIUSDT,SELL,LIMIT,1702201485541,550,0.2535651
SEIUSDT,SELL,LIMIT,1702201494613,4232,0.2533807
SEIUSDT,SELL,LIMIT,1702201495745,513,0.2532654
SEIUSDT,SELL,LIMIT,1702201499819,103,0.2532084
SEIUSDT,SELL,LIMIT,1702201900438,141,0.2528632
SEIUSDT,SELL,LIMIT,1702201901613,1453,0.2529050
SEIUSDT,SELL,LIMIT,1702202046434,13641,0.2525541
SEIUSDT,SELL,LIMIT,1702202050473,8863,0.2525012
SEIUSDT,SELL,LIMIT,1702202052448,18,0.2523565
SEIUSDT,SELL,LIMIT,1702202055274,2429,0.2523221
SEIUSDT,SELL,LIMIT,1702202079789,178,0.2524132
SEIUSDT,SELL,LIMIT,1702202157133,180,0.2527212
SEIUSDT,SELL,LIMIT,1702202257012,244,0.2527058
SEIUSDT,SELL,LIMIT,1702202258355,11859,0.2527465
SEIUSDT,SELL,LIMIT,1702202289886,2311,0.2524355
SEIUSDT,SELL,LIMIT,1702202293178,182548,0.2468842
SEIUSDT,SELL,LIMIT,1702202295236,60,0.2521241
SEIUSDT,SELL,LIMIT,1702202300978,3835,0.2519003
SEIUSDT,SELL,LIMIT,1702202302490,28,0.2518661
SEIUSDT,SELL,LIMIT,1702202310082,358,0.2518138
SEIUSDT,SELL,LIMIT,1702202314399,777,0.2516837
SEIUSDT,SELL,LIMIT,1702202315836,15048,0.2515879
SEIUSDT,SELL,LIMIT,1702202317091,18,0.2515491
SEIUSDT,SELL,LIMIT,1702202318311,271,0.2514048
SEIUSDT,SELL,LIMIT,1702202322413,687,0.2513015
SEIUSDT,SELL,LIMIT,1702202325895,2000,0.2511217
SEIUSDT,SELL,LIMIT,1702202369175,152,0.2511751
SEIUSDT,SELL,LIMIT,1702202380132,209,0.2510459
SEIUSDT,SELL,LIMIT,1702202389455,9422,0.2510059
SEIUSDT,SELL,LIMIT,1702202394097,151,0.2509176
SEIUSDT,SELL,LIMIT,1702202395466,1019,0.2508432
SEIUSDT,SELL,LIMIT,1702202398440,3260,0.2507579
SEIUSDT,SELL,LIMIT,1702202400208,295,0.2506742
SEIUSDT,BUY,LIMIT,1702202532166,3935,0.2599732
SEIUSDT,BUY,LIMIT,1702203811432,5122,0.2628280
SEIUSDT,BUY,LIMIT,1702208476337,715,0.2645055
SEIUSDT,BUY,LIMIT,1702208495913,715,0.2648411
SEIUSDT,SELL,LIMIT,1702208552487,465,0.2563579
SEIUSDT,BUY,LIMIT,1702208893377,715,0.2640014
SEIUSDT,BUY,LIMIT,1702210611198,3204,0.2658285
SEIUSDT,SELL,LIMIT,1702211619894,37,0.2561229
SEIUSDT,SELL,LIMIT,1702211696944,8392,0.2551456
SEIUSDT,SELL,LIMIT,1702214873763,24,0.2545313
SEIUSDT,SELL,LIMIT,1702215180826,5973,0.2536758
SEIUSDT,SELL,LIMIT,1702215204801,1923,0.2533879
SEIUSDT,SELL,LIMIT,1702218849679,2421,0.2548929
SEIUSDT,BUY,LIMIT,1702220862005,921,0.2658960
SEIUSDT,BUY,LIMIT,1702223138715,229,0.2679947
SEIUSDT,BUY,LIMIT,1702226453900,189,0.2691480
SEIUSDT,BUY,LIMIT,1702226780541,1406,0.2695268
SEIUSDT,SELL,LIMIT,1702228758167,139,0.2603966
SEIUSDT,SELL,LIMIT,1702229296613,1803,0.2633811
SEIUSDT,SELL,LIMIT,1702230190624,36,0.2583127
SEIUSDT,SELL,LIMIT,1702230215409,1403,0.2581475
SEIUSDT,SELL,LIMIT,1702230249138,4640,0.2579085
SEIUSDT,BUY,LIMIT,1702238380221,2814,0.2678585
SEIUSDT,BUY,LIMIT,1702238524065,1236,0.2675363
SEIUSDT,BUY,LIMIT,1702238597954,2,0.2308158
SEIUSDT,BUY,LIMIT,1702239281243,37,0.2687402
SEIUSDT,BUY,LIMIT,1702239833300,14047,0.2686212
SEIUSDT,BUY,LIMIT,1702239871164,7524,0.2687632
SEIUSDT,BUY,LIMIT,1702239877638,1406,0.2692159
SEIUSDT,BUY,LIMIT,1702240087174,987,0.2697537
SEIUSDT,BUY,LIMIT,1702240455977,1452,0.2705178
SEIUSDT,BUY,LIMIT,1702240513414,1404,0.2705258
SEIUSDT,BUY,LIMIT,1702240533666,1197,0.2704970
SEIUSDT,BUY,LIMIT,1702240562412,9214,0.2705098
SEIUSDT,BUY,LIMIT,1702240563638,2814,0.2705098
SEIUSDT,BUY,LIMIT,1702240570435,35503,0.2718438
SEIUSDT,BUY,LIMIT,1702240613605,4221,0.2705990
SEIUSDT,BUY,LIMIT,1702240617223,1406,0.2706596
SEIUSDT,BUY,LIMIT,1702240755425,715,0.2709034
SEIUSDT,BUY,LIMIT,1702240757208,4916,0.2710050
SEIUSDT,BUY,LIMIT,1702240761360,4221,0.2709522
SEIUSDT,BUY,LIMIT,1702240762682,56193,0.2727321
SEIUSDT,BUY,LIMIT,1702240764281,19275,0.2711123
SEIUSDT,BUY,LIMIT,1702242006273,15303,0.2714408
SEIUSDT,BUY,LIMIT,1702242011558,1481,0.2714849
SEIUSDT,SELL,LIMIT,1702244536190,957,0.2601722
SEIUSDT,SELL,LIMIT,1702250285052,1506,0.2592526
SEIUSDT,BUY,LIMIT,1702253279483,37,0.2693174
SEIUSDT,SELL,LIMIT,1702253828067,1430,0.2597262
SEIUSDT,BUY,LIMIT,1702254819994,24,0.2672109
SEIUSDT,SELL,LIMIT,1702255056060,4476,0.2573805
SEIUSDT,SELL,LIMIT,1702255057060,19,0.2574786
SEIUSDT,SELL,LIMIT,1702255480846,759,0.2569918
SEIUSDT,SELL,LIMIT,1702255483546,4956,0.2569866
SEIUSDT,SELL,LIMIT,1702255584553,939,0.2563328
SEIUSDT,SELL,LIMIT,1702256584190,223,0.2559999
SEIUSDT,SELL,LIMIT,1702256589390,9203,0.2559187
SEIUSDT,SELL,LIMIT,1702256611008,8049,0.2556164
SEIUSDT,SELL,LIMIT,1702256614354,4010,0.2554301
SEIUSDT,SELL,LIMIT,1702256725392,1454,0.2545638
SEIUSDT,SELL,LIMIT,1702256994370,77,0.2530648
SEIUSDT,SELL,LIMIT,1702257004361,10947,0.2528501
SEIUSDT,SELL,LIMIT,1702257006742,417,0.2527157
SEIUSDT,SELL,LIMIT,1702257008220,2656,0.2522557
SEIUSDT,SELL,LIMIT,1702260323331,903,0.2530292
SEIUSDT,SELL,LIMIT,1702260324652,198,0.2528496
SEIUSDT,SELL,LIMIT,1702260423087,2424,0.2526956
SEIUSDT,SELL,LIMIT,1702260429014,400,0.2521860
SEIUSDT,SELL,LIMIT,1702260430979,165,0.2520374
SEIUSDT,SELL,LIMIT,1702260432318,143,0.2519430
SEIUSDT,SELL,LIMIT,1702260434579,6603,0.2518859
SEIUSDT,SELL,LIMIT,1702260436254,5491,0.2516676
SEIUSDT,SELL,LIMIT,1702260437488,2084,0.2516239
SEIUSDT,SELL,LIMIT,1702260630432,198,0.2511684
SEIUSDT,SELL,LIMIT,1702260631461,20,0.2510704
SEIUSDT,SELL,LIMIT,1702260632619,455,0.2511116
SEIUSDT,SELL,LIMIT,1702260636266,22,0.2505335
SEIUSDT,SELL,LIMIT,1702260637325,1235,0.2504958
SEIUSDT,SELL,LIMIT,1702260638411,544,0.2503942
SEIUSDT,SELL,LIMIT,1702260657535,2948,0.2503503
SEIUSDT,SELL,LIMIT,1702260667399,36,0.2502710
SEIUSDT,SELL,LIMIT,1702260676618,8254,0.2497655
SEIUSDT,SELL,LIMIT,1702260686527,9396,0.2496785
SEIUSDT,SELL,LIMIT,1702260690070,1012,0.2495044
SEIUSDT,SELL,LIMIT,1702260694290,20000,0.2493403
SEIUSDT,SELL,LIMIT,1702260695543,595,0.2493256
SEIUSDT,SELL,LIMIT,1702260697215,233572,0.2432757
SEIUSDT,SELL,LIMIT,1702260699086,3963,0.2489958
SEIUSDT,SELL,LIMIT,1702260700085,244,0.2490230
SEIUSDT,SELL,LIMIT,1702260701513,180,0.2486987
SEIUSDT,SELL,LIMIT,1702260707207,2292,0.2485298
SEIUSDT,SELL,LIMIT,1702260708170,3933,0.2486289
SEIUSDT,SELL,LIMIT,1702260709229,190,0.2480996
SEIUSDT,SELL,LIMIT,1702260710287,67,0.2480996
SEIUSDT,SELL,LIMIT,1702260711570,339,0.2481112
SEIUSDT,SELL,LIMIT,1702260712885,967,0.2480214
SEIUSDT,SELL,LIMIT,1702260713931,368,0.2479785
SEIUSDT,SELL,LIMIT,1702260714986,2412,0.2477699
SEIUSDT,SELL,LIMIT,1702260716789,1000,0.2475751
SEIUSDT,SELL,LIMIT,1702260717922,3340,0.2474916
SEIUSDT,SELL,LIMIT,1702260719565,863,0.2474678
SEIUSDT,SELL,LIMIT,1702260722628,901,0.2473934
SEIUSDT,SELL,LIMIT,1702260723635,17061,0.2473943
SEIUSDT,SELL,LIMIT,1702260724755,803,0.2472085
SEIUSDT,SELL,LIMIT,1702260725760,756,0.2467248
SEIUSDT,SELL,LIMIT,1702260727465,2525,0.2465085
SEIUSDT,SELL,LIMIT,1702260728787,167,0.2466726
SEIUSDT,SELL,LIMIT,1702260730369,4605,0.2465170
SEIUSDT,SELL,LIMIT,1702260731389,4000,0.2466789
SEIUSDT,SELL,LIMIT,1702260732552,71,0.2464003
SEIUSDT,SELL,LIMIT,1702260733647,1085,0.2459427
SEIUSDT,SELL,LIMIT,1702260734739,10525,0.2455155
SEIUSDT,SELL,LIMIT,1702260736602,35000,0.2435999
SEIUSDT,SELL,LIMIT,1702260737649,362,0.2450864
SEIUSDT,SELL,LIMIT,1702260739952,57259,0.2426469
SEIUSDT,SELL,LIMIT,1702260741114,19,0.2442164
SEIUSDT,SELL,LIMIT,1702260742463,1449,0.2444258
SEIUSDT,SELL,LIMIT,1702260744665,282,0.2433998
SEIUSDT,SELL,LIMIT,1702260745668,72533,0.2399586
SEIUSDT,SELL,LIMIT,1702260746710,74,0.2417233
SEIUSDT,SELL,LIMIT,1702260747732,17387,0.2401744
SEIUSDT,SELL,LIMIT,1702260748788,2554,0.2412247
SEIUSDT,SELL,LIMIT,1702260749800,38,0.2401901
SEIUSDT,SELL,LIMIT,1702260751581,1186,0.2395417
SEIUSDT,SELL,LIMIT,1702260752667,7021,0.2388677
SEIUSDT,SELL,LIMIT,1702260753687,7269,0.2379601
SEIUSDT,SELL,LIMIT,1702260754711,113,0.2387816
SEIUSDT,SELL,LIMIT,1702260756682,23670,0.2377391
SEIUSDT,SELL,LIMIT,1702260757772,548,0.2375858
SEIUSDT,SELL,LIMIT,1702260758815,1424,0.2370661
SEIUSDT,SELL,LIMIT,1702260759820,93353,0.2352315
SEIUSDT,SELL,LIMIT,1702260760844,2563,0.2361973
SEIUSDT,SELL,LIMIT,1702260761896,1002,0.2359151
SEIUSDT,SELL,LIMIT,1702260762982,7950,0.2353129
SEIUSDT,SELL,LIMIT,1702260764185,1,0.2346231
SEIUSDT,SELL,LIMIT,1702260765721,37,0.2354796
SEIUSDT,SELL,LIMIT,1702260766715,37,0.2355500
SEIUSDT,SELL,LIMIT,1702260767791,502,0.2340182
SEIUSDT,SELL,LIMIT,1702260768860,31,0.2340182
SEIUSDT,SELL,LIMIT,1702260769802,1304,0.2336472
SEIUSDT,SELL,LIMIT,1702260770880,741,0.2335648
SEIUSDT,SELL,LIMIT,1702260771917,258,0.2322918
SEIUSDT,SELL,LIMIT,1702260772956,186,0.2314170
SEIUSDT,SELL,LIMIT,1702260774314,598,0.2311657
SEIUSDT,SELL,LIMIT,1702260775379,20000,0.2322294
SEIUSDT,SELL,LIMIT,1702260776423,413,0.2289628
SEIUSDT,SELL,LIMIT,1702260777478,5494,0.2289564
SEIUSDT,SELL,LIMIT,1702260778539,20395,0.2272646
SEIUSDT,SELL,LIMIT,1702260779560,1957,0.2272958
SEIUSDT,SELL,LIMIT,1702260780601,22632,0.2265466
SEIUSDT,SELL,LIMIT,1702260781614,1486,0.2259017
SEIUSDT,SELL,LIMIT,1702260782658,4813,0.2293253
SEIUSDT,SELL,LIMIT,1702260783769,2707,0.2265274
SEIUSDT,SELL,LIMIT,1702260784815,37,0.2255560
SEIUSDT,SELL,LIMIT,1702260786293,164,0.2261833
SEIUSDT,SELL,LIMIT,1702260787662,29,0.2255185
SEIUSDT,SELL,LIMIT,1702260788877,681,0.2260158
SEIUSDT,SELL,LIMIT,1702260789888,4128,0.2254772
SEIUSDT,SELL,LIMIT,1702260791020,347,0.2251669
SEIUSDT,SELL,LIMIT,1702260792092,38353,0.2241130
SEIUSDT,SELL,LIMIT,1702260793198,3000,0.2263833
SEIUSDT,SELL,LIMIT,1702260794207,2421,0.2242643
SEIUSDT,SELL,LIMIT,1702260795280,21,0.2228183
SEIUSDT,SELL,LIMIT,1702260796281,51,0.2225203
SEIUSDT,SELL,LIMIT,1702260797328,120,0.2227139
SEIUSDT,SELL,LIMIT,1702260798339,9016,0.2222238
SEIUSDT,SELL,LIMIT,1702260799382,347,0.2208176
SEIUSDT,SELL,LIMIT,1702260800491,39984,0.2197086
SEIUSDT,SELL,LIMIT,1702260801602,518022,0.2152975
SEIUSDT,SELL,LIMIT,1702260802727,80,0.2322724
SEIUSDT,SELL,LIMIT,1702260803768,47,0.2212532
SEIUSDT,SELL,LIMIT,1702260805403,431,0.2204424
SEIUSDT,SELL,LIMIT,1702260806482,76216,0.2197348
SEIUSDT,SELL,LIMIT,1702260807618,1676,0.2213327
SEIUSDT,SELL,LIMIT,1702260808620,5860,0.2213327
SEIUSDT,SELL,LIMIT,1702260810253,72,0.2204348
SEIUSDT,SELL,LIMIT,1702260811293,1526,0.2205212
SEIUSDT,SELL,LIMIT,1702260812363,173,0.2209202
SEIUSDT,SELL,LIMIT,1702260813833,8591,0.2209202
SEIUSDT,SELL,LIMIT,1702260815269,37997,0.2198132
SEIUSDT,SELL,LIMIT,1702260816778,874,0.2205281
SEIUSDT,SELL,LIMIT,1702260817974,1301,0.2202886
SEIUSDT,SELL,LIMIT,1702260819083,43927,0.2193387
SEIUSDT,SELL,LIMIT,1702260822236,304,0.2202710
SEIUSDT,SELL,LIMIT,1702260823248,19,0.2199843
SEIUSDT,SELL,LIMIT,1702260825403,500,0.2203530
SEIUSDT,SELL,LIMIT,1702260834641,21686,0.2216162
SEIUSDT,BUY,LIMIT,1702260837810,691,0.2293934
SEIUSDT,SELL,LIMIT,1702260856058,300,0.2259728
SEIUSDT,BUY,LIMIT,1702260877788,36,0.2356202
SEIUSDT,SELL,LIMIT,1702261010362,6927,0.2319676
SEIUSDT,SELL,LIMIT,1702261572614,12485,0.2356874
SEIUSDT,SELL,LIMIT,1702262561576,6769,0.2340517
SEIUSDT,SELL,LIMIT,1702262617092,1431,0.2328668
SEIUSDT,SELL,LIMIT,1702262628592,1186,0.2325981
SEIUSDT,BUY,LIMIT,1702265717467,809,0.2499755
SEIUSDT,SELL,LIMIT,1702268420440,203,0.2413648
