Symbol,Side,Order Type,Time,Quantity,Price
SEIUSDT,BUY,LIMIT,1700845598305,4526,0.2424760
SEIUSDT,BUY,LIMIT,1700845615200,3000,0.2411596
SEIUSDT,SELL,LIMIT,1700845628315,834,0.2350021
SEIUSDT,BUY,LIMIT,1700845789232,143,0.2441434
SEIUSDT,BUY,LIMIT,1700845790695,637,0.2448539
SEIUSDT,BUY,LIMIT,1700845794170,813,0.2454396
SEIUSDT,SELL,LIMIT,1700845850622,3000,0.2383335
SEIUSDT,BUY,LIMIT,1700845859317,59,0.2457090
SEIUSDT,BUY,LIMIT,1700845879922,2192,0.2461762
SEIUSDT,SELL,LIMIT,1700845957878,36,0.2366199
SEIUSDT,BUY,LIMIT,1700846268530,11019,0.2452619
SEIUSDT,BUY,LIMIT,1700847905948,552,0.2459345
SEIUSDT,BUY,LIMIT,1700847986922,102597,0.2480751
SEIUSDT,SELL,LIMIT,1700848057709,4296,0.2377898
SEIUSDT,BUY,LIMIT,1700848288972,1083,0.2464131
SEIUSDT,BUY,LIMIT,1700848294465,20661,0.2467916
SEIUSDT,BUY,LIMIT,1700848469845,2543,0.2469494
SEIUSDT,BUY,LIMIT,1700848555861,1053,0.2466450
SEIUSDT,BUY,LIMIT,1700848627997,17574,0.2457129
SEIUSDT,BUY,LIMIT,1700848632085,1223,0.2467703
SEIUSDT,BUY,LIMIT,1700848691561,268,0.2467226
SEIUSDT,BUY,LIMIT,1700848754304,146,0.2478265
SEIUSDT,BUY,LIMIT,1700848757037,15855,0.2478647
SEIUSDT,BUY,LIMIT,1700848759988,1046,0.2480598
SEIUSDT,BUY,LIMIT,1700848761275,536,0.2482812
SEIUSDT,BUY,LIMIT,1700848772132,754,0.2488199
SEIUSDT,BUY,LIMIT,1700848773156,4110,0.2491527
SEIUSDT,BUY,LIMIT,1700848774419,21,0.2491371
SEIUSDT,BUY,LIMIT,1700848816516,1388,0.2498331
SEIUSDT,BUY,LIMIT,1700848818357,43,0.2498762
SEIUSDT,BUY,LIMIT,1700848853263,41512,0.2505355
SEIUSDT,SELL,LIMIT,1700849054983,304,0.2395331
SEIUSDT,SELL,LIMIT,1700849058299,2331,0.2393632
SEIUSDT,SELL,LIMIT,1700849226445,1803,0.2378917
SEIUSDT,SELL,LIMIT,1700849228142,39,0.2373283
SEIUSDT,BUY,LIMIT,1700849371281,675,0.2473287
SEIUSDT,BUY,LIMIT,1700850040292,21,0.2477604
SEIUSDT,SELL,LIMIT,1700850173351,117,0.2421520
SEIUSDT,BUY,LIMIT,1700850260652,2757,0.2481479
SEIUSDT,BUY,LIMIT,1700850506469,9985,0.2488780
SEIUSDT,BUY,LIMIT,1700850564248,144,0.2491371
SEIUSDT,BUY,LIMIT,1700851687480,974,0.2489619
SEIUSDT,BUY,LIMIT,1700851829413,21,0.2495716
SEIUSDT,BUY,LIMIT,1700851873018,4443,0.2498510
SEIUSDT,BUY,LIMIT,1700851874252,2042,0.2499362
SEIUSDT,BUY,LIMIT,1700851982048,1435,0.2502329
SEIUSDT,BUY,LIMIT,1700851983362,21,0.2504451
SEIUSDT,BUY,LIMIT,1700851984428,627,0.2512028
SEIUSDT,SELL,LIMIT,1700852077786,2151,0.2411951
SEIUSDT,SELL,LIMIT,1700852087191,1940,0.2405475
SEIUSDT,SELL,LIMIT,1700852163087,1352,0.2391387
SEIUSDT,SELL,LIMIT,1700852173108,112,0.2389794
SEIUSDT,BUY,LIMIT,1700852214257,876,0.2472342
SEIUSDT,BUY,LIMIT,1700852220993,24,0.2476107
SEIUSDT,SELL,LIMIT,1700852708856,4987,0.2385918
SEIUSDT,SELL,LIMIT,1700852922091,6310,0.2414378
SEIUSDT,SELL,LIMIT,1700853286184,72,0.2383129
SEIUSDT,SELL,LIMIT,1700854259224,2154,0.2379361
SEIUSDT,SELL,LIMIT,1700854260445,100,0.2379381
SEIUSDT,SELL,LIMIT,1700854301960,1632,0.2375535
SEIUSDT,SELL,LIMIT,1700854304344,7594,0.2374568
SEIUSDT,SELL,LIMIT,1700854310134,41,0.2373066
SEIUSDT,SELL,LIMIT,1700854313670,10330,0.2371800
SEIUSDT,SELL,LIMIT,1700854314927,3020,0.2370314
SEIUSDT,SELL,LIMIT,1700854363887,9174,0.2369688
SEIUSDT,SELL,LIMIT,1700854379249,5432,0.2367368
SEIUSDT,SELL,LIMIT,1700854387219,136,0.2365364
SEIUSDT,SELL,LIMIT,1700854462072,667,0.2359010
SEIUSDT,SELL,LIMIT,1700854958967,20815,0.2354442
SEIUSDT,SELL,LIMIT,1700855085663,1636,0.2352561
SEIUSDT,SELL,LIMIT,1700855096496,20161,0.2349318
SEIUSDT,SELL,LIMIT,1700855099634,1959,0.2347720
SEIUSDT,SELL,LIMIT,1700855158240,6412,0.2347827
SEIUSDT,BUY,LIMIT,1700855698908,2218,0.2430488
SEIUSDT,BUY,LIMIT,1700855924078,21,0.2435483
SEIUSDT,BUY,LIMIT,1700856036730,480,0.2437517
SEIUSDT,BUY,LIMIT,1700856045110,192,0.2439663
SEIUSDT,SELL,LIMIT,1700856278798,1761,0.2355162
SEIUSDT,SELL,LIMIT,1700856339836,833,0.2351501
SEIUSDT,BUY,LIMIT,1700856707461,5190,0.2437095
SEIUSDT,BUY,LIMIT,1700856712839,117,0.2440683
SEIUSDT,BUY,LIMIT,1700857031121,4250,0.2426367
SEIUSDT,SELL,LIMIT,1700857254643,23,0.2349444
SEIUSDT,BUY,LIMIT,1700858141916,1042,0.2443741
SEIUSDT,BUY,LIMIT,1700858146689,492,0.2446455
SEIUSDT,BUY,LIMIT,1700858416072,516,0.2447819
SEIUSDT,BUY,LIMIT,1700858432538,25,0.2448577
SEIUSDT,BUY,LIMIT,1700858478133,20635,0.2448328
SEIUSDT,BUY,LIMIT,1700858513241,662,0.2449789
SEIUSDT,BUY,LIMIT,1700858515159,28,0.2450359
SEIUSDT,BUY,LIMIT,1700858572269,3273,0.2452934
SEIUSDT,BUY,LIMIT,1700858578168,10349,0.2456356
SEIUSDT,BUY,LIMIT,1700858809160,456,0.2460442
SEIUSDT,BUY,LIMIT,1700858810291,2947,0.2459520
SEIUSDT,BUY,LIMIT,1700858811403,7475,0.2463335
SEIUSDT,BUY,LIMIT,1700858828261,277,0.2463441
SEIUSDT,BUY,LIMIT,1700858845192,415,0.2466343
SEIUSDT,BUY,LIMIT,1700858847259,1132,0.2470055
SEIUSDT,BUY,LIMIT,1700858900516,735,0.2471835
SEIUSDT,BUY,LIMIT,1700858907966,124,0.2476952
SEIUSDT,BUY,LIMIT,1700858913562,9025,0.2479248
SEIUSDT,BUY,LIMIT,1700859022230,324,0.2471297
SEIUSDT,BUY,LIMIT,1700859038034,51,0.2470510
SEIUSDT,BUY,LIMIT,1700859039411,396,0.2460108
SEIUSDT,BUY,LIMIT,1700859042306,4408,0.2465743
SEIUSDT,BUY,LIMIT,1700859043352,29307,0.2454149
SEIUSDT,BUY,LIMIT,1700859044473,874,0.2469609
SEIUSDT,BUY,LIMIT,1700859046142,262,0.2469495
SEIUSDT,BUY,LIMIT,1700859226087,1087,0.2481460
SEIUSDT,BUY,LIMIT,1700859227475,118,0.2481883
SEIUSDT,BUY,LIMIT,1700859230858,17071,0.2482485
SEIUSDT,BUY,LIMIT,1700859232249,5728,0.2483052
SEIUSDT,BUY,LIMIT,1700859275141,202,0.2484997
SEIUSDT,BUY,LIMIT,1700859278052,8488,0.2485189
SEIUSDT,BUY,LIMIT,1700859279099,1935,0.2485638
SEIUSDT,BUY,LIMIT,1700859280148,300,0.2486412
SEIUSDT,BUY,LIMIT,1700859760239,21,0.2480443
SEIUSDT,BUY,LIMIT,1700859859154,9627,0.2488599
SEIUSDT,BUY,LIMIT,1700860612620,10143,0.2482945
SEIUSDT,SELL,LIMIT,1700860832668,4051,0.2393490
SEIUSDT,SELL,LIMIT,1700861622264,968,0.2391418
SEIUSDT,SELL,LIMIT,1700861928480,2054,0.2383599
SEIUSDT,SELL,LIMIT,1700861933764,3852,0.2381714
SEIUSDT,SELL,LIMIT,1700862940449,1143,0.2367479
SEIUSDT,SELL,LIMIT,1700862997266,316,0.2364187
SEIUSDT,BUY,LIMIT,1700863517217,22806,0.2446275
SEIUSDT,BUY,LIMIT,1700863635029,5583,0.2455936
SEIUSDT,BUY,LIMIT,1700863642042,4511,0.2464138
SEIUSDT,SELL,LIMIT,1700863825723,657,0.2381216
SEIUSDT,BUY,LIMIT,1700864788362,33,0.2471856
SEIUSDT,BUY,LIMIT,1700865702873,7903,0.2473307
SEIUSDT,BUY,LIMIT,1700865966224,10714,0.2479946
SEIUSDT,BUY,LIMIT,1700865967878,764,0.2480314
SEIUSDT,BUY,LIMIT,1700865973137,180,0.2482383
SEIUSDT,BUY,LIMIT,1700865974432,624,0.2482482
SEIUSDT,BUY,LIMIT,1700865983270,8341,0.2487255
SEIUSDT,BUY,LIMIT,1700866001252,2558,0.2491605
SEIUSDT,BUY,LIMIT,1700866006217,24605,0.2498139
SEIUSDT,BUY,LIMIT,1700866043244,412,0.2501019
SEIUSDT,BUY,LIMIT,1700866045119,62,0.2504022
SEIUSDT,BUY,LIMIT,1700866046129,802,0.2507970
SEIUSDT,BUY,LIMIT,1700866047203,2286,0.2507414
SEIUSDT,BUY,LIMIT,1700866048224,1562,0.2509727
SEIUSDT,BUY,LIMIT,1700866061489,84,0.2513570
SEIUSDT,BUY,LIMIT,1700866064271,662,0.2513807
SEIUSDT,BUY,LIMIT,1700866067064,436,0.2515034
SEIUSDT,BUY,LIMIT,1700866068154,693,0.2515320
SEIUSDT,BUY,LIMIT,1700866069217,7423,0.2516778
SEIUSDT,BUY,LIMIT,1700866070240,219,0.2532024
SEIUSDT,BUY,LIMIT,1700866071277,4649,0.2529633
SEIUSDT,BUY,LIMIT,1700866072288,499,0.2534199
SEIUSDT,BUY,LIMIT,1700866073445,2000,0.2532898
SEIUSDT,BUY,LIMIT,1700866085148,2166,0.2536284
SEIUSDT,BUY,LIMIT,1700866086167,49,0.2536057
SEIUSDT,BUY,LIMIT,1700866087179,351,0.2538180
SEIUSDT,BUY,LIMIT,1700866088187,793,0.2548517
SEIUSDT,BUY,LIMIT,1700866089193,1071,0.2551673
SEIUSDT,BUY,LIMIT,1700866096139,345,0.2563807
SEIUSDT,BUY,LIMIT,1700866097161,2511,0.2563812
SEIUSDT,BUY,LIMIT,1700866123338,2443,0.2565033
SEIUSDT,BUY,LIMIT,1700866124367,1262,0.2566545
SEIUSDT,SELL,LIMIT,1700866167379,14897,0.2465212
SEIUSDT,BUY,LIMIT,1700866190096,3985,0.2562826
SEIUSDT,BUY,LIMIT,1700866192033,1485,0.2564051
SEIUSDT,BUY,LIMIT,1700866194392,332,0.2566958
SEIUSDT,BUY,LIMIT,1700866196077,13203,0.2570166
SEIUSDT,BUY,LIMIT,1700866198294,190,0.2572629
SEIUSDT,BUY,LIMIT,1700866201579,7176,0.2573728
SEIUSDT,BUY,LIMIT,1700866204168,85,0.2573866
SEIUSDT,BUY,LIMIT,1700866205176,1538,0.2574562
SEIUSDT,BUY,LIMIT,1700866207193,1280,0.2576803
SEIUSDT,BUY,LIMIT,1700866208213,1218,0.2576108
SEIUSDT,SELL,LIMIT,1700866238474,498,0.2484588
SEIUSDT,BUY,LIMIT,1700866243156,14869,0.2571179
SEIUSDT,BUY,LIMIT,1700866244233,133,0.2580751
SEIUSDT,BUY,LIMIT,1700866245291,172,0.2582508
SEIUSDT,BUY,LIMIT,1700866246300,2094,0.2582705
SEIUSDT,BUY,LIMIT,1700866247597,345,0.2584319
SEIUSDT,BUY,LIMIT,1700866249219,3428,0.2585850
SEIUSDT,BUY,LIMIT,1700866250265,100,0.2584776
SEIUSDT,BUY,LIMIT,1700866251649,16227,0.2587232
SEIUSDT,BUY,LIMIT,1700866260957,329,0.2585997
SEIUSDT,BUY,LIMIT,1700866264434,406,0.2587361
SEIUSDT,BUY,LIMIT,1700866266664,152,0.2588032
SEIUSDT,BUY,LIMIT,1700866267784,676,0.2590137
SEIUSDT,BUY,LIMIT,1700866268808,28,0.2590328
SEIUSDT,SELL,LIMIT,1700866286656,6956,0.2499511
SEIUSDT,SELL,LIMIT,1700866293350,363,0.2493994
SEIUSDT,SELL,LIMIT,1700866296694,6508,0.2483836
SEIUSDT,BUY,LIMIT,1700866313059,11121,0.2569140
SEIUSDT,SELL,LIMIT,1700866333102,696,0.2481179
SEIUSDT,SELL,LIMIT,1700866341063,1683,0.2478541
SEIUSDT,SELL,LIMIT,1700866346727,515,0.2475993
SEIUSDT,BUY,LIMIT,1700866349485,213,0.2570907
SEIUSDT,BUY,LIMIT,1700866351696,79,0.2574958
SEIUSDT,BUY,LIMIT,1700866353058,2041,0.2599275
SEIUSDT,BUY,LIMIT,1700866354347,226,0.2591388
SEIUSDT,BUY,LIMIT,1700866355389,362,0.2599776
SEIUSDT,BUY,LIMIT,1700866357196,2383,0.2603159
SEIUSDT,BUY,LIMIT,1700866376172,211,0.2603960
SEIUSDT,SELL,LIMIT,1700866380058,1001,0.2512022
SEIUSDT,SELL,LIMIT,1700866391604,3792,0.2505097
SEIUSDT,SELL,LIMIT,1700866392711,92,0.2503333
SEIUSDT,SELL,LIMIT,1700866397289,3303,0.2500521
SEIUSDT,SELL,LIMIT,1700866463590,400,0.2495560
SEIUSDT,SELL,LIMIT,1700866468306,3478,0.2492650
SEIUSDT,SELL,LIMIT,1700866575086,7235,0.2482361
SEIUSDT,SELL,LIMIT,1700866576281,635,0.2477947
SEIUSDT,SELL,LIMIT,1700866577284,9,0.2479720
SEIUSDT,SELL,LIMIT,1700866651213,985,0.2470282
SEIUSDT,SELL,LIMIT,1700866654263,3228,0.2468999
SEIUSDT,SELL,LIMIT,1700866700464,35,0.2461342
SEIUSDT,SELL,LIMIT,1700866708854,372,0.2460076
SEIUSDT,SELL,LIMIT,1700866712086,4525,0.2453398
SEIUSDT,SELL,LIMIT,1700866716464,23,0.2451915
SEIUSDT,SELL,LIMIT,1700866718410,851,0.2446101
SEIUSDT,SELL,LIMIT,1700866739156,302,0.2440284
SEIUSDT,SELL,LIMIT,1700866740423,2465,0.2432426
SEIUSDT,SELL,LIMIT,1700866741933,1063,0.2429972
SEIUSDT,SELL,LIMIT,1700866756160,387,0.2421044
SEIUSDT,SELL,LIMIT,1700866757167,10791,0.2420535
SEIUSDT,SELL,LIMIT,1700866759211,200,0.2414176
SEIUSDT,BUY,LIMIT,1700866789707,541,0.2498978
SEIUSDT,SELL,LIMIT,1700866812336,39,0.2410524
SEIUSDT,SELL,LIMIT,1700866813353,19817,0.2411079
SEIUSDT,SELL,LIMIT,1700866815235,104,0.2396045
SEIUSDT,SELL,LIMIT,1700866818779,361,0.2385987
SEIUSDT,SELL,LIMIT,1700866826268,1439,0.2383848
SEIUSDT,SELL,LIMIT,1700866829356,565,0.2379720
SEIUSDT,SELL,LIMIT,1700866830369,9037,0.2378669
SEIUSDT,SELL,LIMIT,1700866831643,2466,0.2372985
SEIUSDT,SELL,LIMIT,1700866832782,20633,0.2371489
SEIUSDT,SELL,LIMIT,1700866835607,5704,0.2367586
SEIUSDT,BUY,LIMIT,1700866849399,5765,0.2452014
SEIUSDT,SELL,LIMIT,1700866873210,1717,0.2364963
SEIUSDT,SELL,LIMIT,1700866876845,20788,0.2357123
SEIUSDT,BUY,LIMIT,1700866887771,8639,0.2441011
SEIUSDT,SELL,LIMIT,1700866919089,1530,0.2353981
SEIUSDT,SELL,LIMIT,1700866929277,1980,0.2352138
SEIUSDT,SELL,LIMIT,1700866931055,148,0.2349820
SEIUSDT,SELL,LIMIT,1700867047127,597,0.2357332
SEIUSDT,SELL,LIMIT,1700867065728,537,0.2352098
SEIUSDT,SELL,LIMIT,1700867067173,331,0.2349282
SEIUSDT,SELL,LIMIT,1700867070775,199,0.2346501
SEIUSDT,SELL,LIMIT,1700867072611,850,0.2345649
SEIUSDT,SELL,LIMIT,1700867074166,1351,0.2345173
SEIUSDT,SELL,LIMIT,1700867076138,143,0.2343612
SEIUSDT,SELL,LIMIT,1700867077202,805,0.2343886
SEIUSDT,SELL,LIMIT,1700867079211,5000,0.2341311
SEIUSDT,BUY,LIMIT,1700867088227,1009,0.2423351
SEIUSDT,SELL,LIMIT,1700867110134,245,0.2340612
SEIUSDT,SELL,LIMIT,1700867112187,235,0.2339120
SEIUSDT,SELL,LIMIT,1700867120813,13310,0.2339112
SEIUSDT,SELL,LIMIT,1700867122455,194,0.2335440
SEIUSDT,SELL,LIMIT,1700867127928,7205,0.2333078
SEIUSDT,SELL,LIMIT,1700867132117,423,0.2331971
SEIUSDT,SELL,LIMIT,1700867163278,2534,0.2330469
SEIUSDT,SELL,LIMIT,1700867168738,6723,0.2327978
SEIUSDT,SELL,LIMIT,1700867170081,3058,0.2325141
SEIUSDT,SELL,LIMIT,1700867175227,21095,0.2321827
SEIUSDT,SELL,LIMIT,1700867181410,4062,0.2319885
SEIUSDT,SELL,LIMIT,1700867182417,3657,0.2318968
SEIUSDT,SELL,LIMIT,1700867201159,1554,0.2324387
SEIUSDT,SELL,LIMIT,1700867202655,12352,0.2317279
SEIUSDT,SELL,LIMIT,1700867215196,417,0.2316139
SEIUSDT,SELL,LIMIT,1700867217406,101,0.2313856
SEIUSDT,SELL,LIMIT,1700867222403,9529,0.2314720
SEIUSDT,BUY,LIMIT,1700867239241,6163,0.2397928
SEIUSDT,SELL,LIMIT,1700867292746,205,0.2318661
SEIUSDT,SELL,LIMIT,1700867303682,2255,0.2313679
SEIUSDT,SELL,LIMIT,1700867514051,2267,0.2323577
SEIUSDT,SELL,LIMIT,1700867525041,5896,0.2320174
SEIUSDT,SELL,LIMIT,1700867526306,440,0.2319864
SEIUSDT,SELL,LIMIT,1700867551802,3727,0.2315932
SEIUSDT,SELL,LIMIT,1700867557207,11810,0.2313492
SEIUSDT,SELL,LIMIT,1700867559376,69,0.2312812
SEIUSDT,SELL,LIMIT,1700867562138,150,0.2310645
SEIUSDT,SELL,LIMIT,1700867563337,4280,0.2308987
SEIUSDT,SELL,LIMIT,1700867564842,491,0.2306063
SEIUSDT,SELL,LIMIT,1700867566038,483,0.2305386
SEIUSDT,SELL,LIMIT,1700867567042,9224,0.2303157
SEIUSDT,SELL,LIMIT,1700867568384,69,0.2296875
SEIUSDT,SELL,LIMIT,1700867571081,4675,0.2288032
SEIUSDT,SELL,LIMIT,1700867636242,2850,0.2287700
SEIUSDT,SELL,LIMIT,1700867637460,3423,0.2287028
SEIUSDT,SELL,LIMIT,1700867642261,2671,0.2283957
SEIUSDT,SELL,LIMIT,1700867643404,24628,0.2276331
SEIUSDT,SELL,LIMIT,1700867645149,1976,0.2276502
SEIUSDT,SELL,LIMIT,1700867646538,291,0.2274807
SEIUSDT,SELL,LIMIT,1700867652774,341,0.2273830
SEIUSDT,SELL,LIMIT,1700867654057,4079,0.2273216
SEIUSDT,SELL,LIMIT,1700867660256,5720,0.2271083
SEIUSDT,SELL,LIMIT,1700867684045,25,0.2269510
SEIUSDT,SELL,LIMIT,1700867685133,1814,0.2269995
SEIUSDT,SELL,LIMIT,1700867686210,1876,0.2268832
SEIUSDT,SELL,LIMIT,1700867688113,4073,0.2266417
SEIUSDT,SELL,LIMIT,1700867689120,406,0.2261587
SEIUSDT,SELL,LIMIT,1700867691253,3010,0.2260462
SEIUSDT,SELL,LIMIT,1700867694984,19937,0.2258606
SEIUSDT,SELL,LIMIT,1700867696119,525,0.2258219
SEIUSDT,SELL,LIMIT,1700867697325,30,0.2256737
SEIUSDT,SELL,LIMIT,1700867699248,3599,0.2252608
SEIUSDT,SELL,LIMIT,1700867700337,1677,0.2251903
SEIUSDT,SELL,LIMIT,1700867702463,79617,0.2227656
SEIUSDT,BUY,LIMIT,1700867773752,314,0.2349739
SEIUSDT,BUY,LIMIT,1700867881703,2171,0.2356064
SEIUSDT,BUY,LIMIT,1700867883610,2916,0.2359103
SEIUSDT,BUY,LIMIT,1700867885850,1129,0.2364639
SEIUSDT,BUY,LIMIT,1700867893229,166,0.2372788
SEIUSDT,BUY,LIMIT,1700867898359,509,0.2376169
SEIUSDT,BUY,LIMIT,1700867954905,472,0.2384292
SEIUSDT,BUY,LIMIT,1700868071061,517,0.2388688
SEIUSDT,BUY,LIMIT,1700868087379,400,0.2391990
SEIUSDT,BUY,LIMIT,1700868097103,171,0.2394959
SEIUSDT,BUY,LIMIT,1700868099270,587,0.2397638
SEIUSDT,BUY,LIMIT,1700868116190,644,0.2401224
SEIUSDT,BUY,LIMIT,1700868170052,497,0.2405326
SEIUSDT,BUY,LIMIT,1700868172211,2331,0.2408416
SEIUSDT,BUY,LIMIT,1700868318286,4390,0.2407414
SEIUSDT,BUY,LIMIT,1700868349400,20197,0.2409649
SEIUSDT,BUY,LIMIT,1700868617980,115,0.2411047
SEIUSDT,BUY,LIMIT,1700868766390,571,0.2413860
SEIUSDT,BUY,LIMIT,1700868785639,51,0.2416543
SEIUSDT,BUY,LIMIT,1700868787087,75,0.2424506
SEIUSDT,BUY,LIMIT,1700868788189,1500,0.2423897
SEIUSDT,BUY,LIMIT,1700868789455,25,0.2431691
SEIUSDT,BUY,LIMIT,1700868929524,3880,0.2432053
SEIUSDT,BUY,LIMIT,1700868930706,2357,0.2434022
SEIUSDT,BUY,LIMIT,1700868963923,83,0.2439613
SEIUSDT,BUY,LIMIT,1700868968930,415,0.2444312
SEIUSDT,BUY,LIMIT,1700868971706,2237,0.2446256
SEIUSDT,BUY,LIMIT,1700868974774,4399,0.2451011
SEIUSDT,BUY,LIMIT,1700869406482,1621,0.2451897
SEIUSDT,BUY,LIMIT,1700869518261,28767,0.2461623
SEIUSDT,BUY,LIMIT,1700869520038,564,0.2461090
SEIUSDT,BUY,LIMIT,1700869523254,6138,0.2462833
SEIUSDT,BUY,LIMIT,1700869527717,52,0.2464838
SEIUSDT,SELL,LIMIT,1700869593073,2298,0.2380180
SEIUSDT,BUY,LIMIT,1700870264665,225,0.2459500
SEIUSDT,BUY,LIMIT,1700870350761,2961,0.2467213
SEIUSDT,BUY,LIMIT,1700870351811,50,0.2468935
SEIUSDT,BUY,LIMIT,1700870353515,1258,0.2474004
SEIUSDT,BUY,LIMIT,1700870359370,75,0.2477794
SEIUSDT,BUY,LIMIT,1700870362663,1557,0.2479728
SEIUSDT,SELL,LIMIT,1700870454971,396,0.2384697
SEIUSDT,SELL,LIMIT,1700870460914,157,0.2381002
SEIUSDT,BUY,LIMIT,1700870486355,8958,0.2462276
SEIUSDT,BUY,LIMIT,1700870510201,6753,0.2485547
SEIUSDT,BUY,LIMIT,1700870512049,864,0.2488301
SEIUSDT,BUY,LIMIT,1700870513231,22,0.2488153
SEIUSDT,BUY,LIMIT,1700870517208,111,0.2494806
SEIUSDT,BUY,LIMIT,1700870520185,3684,0.2501679
SEIUSDT,BUY,LIMIT,1700870547422,11121,0.2507591
SEIUSDT,BUY,LIMIT,1700870548498,1818,0.2510960
SEIUSDT,BUY,LIMIT,1700870550217,426,0.2518573
SEIUSDT,BUY,LIMIT,1700870551277,24,0.2524291
SEIUSDT,BUY,LIMIT,1700870562937,1263,0.2526955
SEIUSDT,BUY,LIMIT,1700870564038,1013,0.2530262
SEIUSDT,BUY,LIMIT,1700870565093,1512,0.2532873
SEIUSDT,BUY,LIMIT,1700870566171,6309,0.2533293
SEIUSDT,BUY,LIMIT,1700870580324,8503,0.2535873
SEIUSDT,BUY,LIMIT,1700870603182,1653,0.2537935
SEIUSDT,BUY,LIMIT,1700870604348,991,0.2540849
SEIUSDT,BUY,LIMIT,1700870617088,2000,0.2546271
SEIUSDT,BUY,LIMIT,1700870621258,3487,0.2551842
SEIUSDT,BUY,LIMIT,1700870623440,188,0.2554431
SEIUSDT,BUY,LIMIT,1700870644841,437,0.2542227
SEIUSDT,SELL,LIMIT,1700870647706,29,0.2461279
SEIUSDT,SELL,LIMIT,1700870652828,113,0.2457191
SEIUSDT,SELL,LIMIT,1700870654114,1986,0.2456550
SEIUSDT,SELL,LIMIT,1700870675226,2018,0.2447788
SEIUSDT,SELL,LIMIT,1700870681826,1063,0.2427848
SEIUSDT,SELL,LIMIT,1700870692272,348,0.2417682
SEIUSDT,SELL,LIMIT,1700870695211,1806,0.2410177
SEIUSDT,SELL,LIMIT,1700870696216,7460,0.2410177
SEIUSDT,SELL,LIMIT,1700870706718,786,0.2392630
SEIUSDT,SELL,LIMIT,1700870708211,20120,0.2386095
SEIUSDT,SELL,LIMIT,1700870716127,571,0.2377513
SEIUSDT,SELL,LIMIT,1700870717199,112,0.2375408
SEIUSDT,BUY,LIMIT,1700870726872,12880,0.2453029
SEIUSDT,BUY,LIMIT,1700870728515,24,0.2456167
SEIUSDT,SELL,LIMIT,1700870786670,1742,0.2367958
SEIUSDT,SELL,LIMIT,1700870794993,334,0.2363758
SEIUSDT,SELL,LIMIT,1700870796429,205,0.2360080
SEIUSDT,BUY,LIMIT,1700870940491,2750,0.2457078
SEIUSDT,BUY,LIMIT,1700870943613,1582,0.2458014
SEIUSDT,BUY,LIMIT,1700870947293,400,0.2467515
SEIUSDT,BUY,LIMIT,1700870949705,500,0.2471976
SEIUSDT,BUY,LIMIT,1700870955758,126,0.2479392
SEIUSDT,SELL,LIMIT,1700871015726,281,0.2398866
SEIUSDT,BUY,LIMIT,1700871054383,1906,0.2494760
SEIUSDT,BUY,LIMIT,1700871058099,525,0.2500013
SEIUSDT,SELL,LIMIT,1700871100320,6399,0.2425945
SEIUSDT,SELL,LIMIT,1700871240350,1010,0.2414380
SEIUSDT,SELL,LIMIT,1700871244162,682,0.2410313
SEIUSDT,SELL,LIMIT,1700871290431,17262,0.2409302
SEIUSDT,SELL,LIMIT,1700871303239,2265,0.2398997
SEIUSDT,BUY,LIMIT,1700871360328,4026,0.2490622
SEIUSDT,SELL,LIMIT,1700871432716,347,0.2404897
SEIUSDT,SELL,LIMIT,1700871471131,207,0.2395860
SEIUSDT,BUY,LIMIT,1700871547532,698,0.2482712
SEIUSDT,BUY,LIMIT,1700871585520,2862,0.2507700
SEIUSDT,BUY,LIMIT,1700871597840,131,0.2517014
SEIUSDT,SELL,LIMIT,1700871610953,1909,0.2433626
SEIUSDT,BUY,LIMIT,1700872110058,203,0.2520811
SEIUSDT,BUY,LIMIT,1700872138833,52,0.2524231
SEIUSDT,SELL,LIMIT,1700872255946,2804,0.2432093
SEIUSDT,SELL,LIMIT,1700872302035,7251,0.2424838
SEIUSDT,SELL,LIMIT,1700872318269,2710,0.2420764
SEIUSDT,SELL,LIMIT,1700872533231,1642,0.2416978
SEIUSDT,SELL,LIMIT,1700872538663,7000,0.2412138
SEIUSDT,SELL,LIMIT,1700872574408,3906,0.2408885
SEIUSDT,SELL,LIMIT,1700872587189,2729,0.2404095
SEIUSDT,SELL,LIMIT,1700872588248,6702,0.2403074
SEIUSDT,SELL,LIMIT,1700872592746,407,0.2400098
SEIUSDT,SELL,LIMIT,1700872601510,311,0.2396983
SEIUSDT,BUY,LIMIT,1700872737921,14678,0.2486272
SEIUSDT,SELL,LIMIT,1700872901776,120,0.2400463
SEIUSDT,SELL,LIMIT,1700873049567,23,0.2404824
SEIUSDT,SELL,LIMIT,1700873121132,3196,0.2392445
SEIUSDT,SELL,LIMIT,1700873124946,39,0.2389954
SEIUSDT,SELL,LIMIT,1700873126164,2660,0.2387820
SEIUSDT,SELL,LIMIT,1700873132360,56,0.2384263
SEIUSDT,BUY,LIMIT,1700873425157,1028,0.2477385
SEIUSDT,SELL,LIMIT,1700873552262,11247,0.2391454
SEIUSDT,BUY,LIMIT,1700873732381,954,0.2488315
SEIUSDT,BUY,LIMIT,1700873839277,5508,0.2497400
SEIUSDT,BUY,LIMIT,1700873854648,3813,0.2501569
SEIUSDT,BUY,LIMIT,1700874170229,364,0.2516336
SEIUSDT,BUY,LIMIT,1700874173670,1016,0.2519425
SEIUSDT,BUY,LIMIT,1700874211110,6673,0.2523179
SEIUSDT,BUY,LIMIT,1700874213239,148,0.2525758
SEIUSDT,BUY,LIMIT,1700874215276,277,0.2528963
SEIUSDT,SELL,LIMIT,1700874473042,141,0.2437667
SEIUSDT,SELL,LIMIT,1700874545315,4986,0.2421529
SEIUSDT,BUY,LIMIT,1700874662151,193,0.2508145
SEIUSDT,BUY,LIMIT,1700874788098,558,0.2504499
SEIUSDT,SELL,LIMIT,1700875360224,267,0.2421247
SEIUSDT,SELL,LIMIT,1700875829736,317,0.2418763
SEIUSDT,SELL,LIMIT,1700875844040,68,0.2412900
SEIUSDT,SELL,LIMIT,1700875845133,1827,0.2413120
SEIUSDT,SELL,LIMIT,1700875848254,591,0.2411025
SEIUSDT,BUY,LIMIT,1700876314027,227,0.2496594
SEIUSDT,BUY,LIMIT,1700876327551,425,0.2502326
SEIUSDT,BUY,LIMIT,1700876558603,19892,0.2509415
SEIUSDT,BUY,LIMIT,1700876668107,5075,0.2512549
SEIUSDT,BUY,LIMIT,1700876747107,595,0.2526324
SEIUSDT,BUY,LIMIT,1700876767039,564,0.2529517
SEIUSDT,BUY,LIMIT,1700876772122,23,0.2532622
SEIUSDT,BUY,LIMIT,1700876824146,86,0.2526152
SEIUSDT,BUY,LIMIT,1700877055759,21,0.2539175
SEIUSDT,BUY,LIMIT,1700877238998,708,0.2537462
SEIUSDT,BUY,LIMIT,1700877272222,58,0.2536139
SEIUSDT,BUY,LIMIT,1700877372193,18213,0.2521588
SEIUSDT,SELL,LIMIT,1700877496438,8012,0.2447329
SEIUSDT,SELL,LIMIT,1700877504427,892,0.2446581
SEIUSDT,BUY,LIMIT,1700877757132,224,0.2527205
SEIUSDT,BUY,LIMIT,1700878073201,10225,0.2529428
SEIUSDT,BUY,LIMIT,1700878155523,15108,0.2530416
SEIUSDT,BUY,LIMIT,1700878214648,657,0.2533147
SEIUSDT,BUY,LIMIT,1700878229257,602,0.2537262
SEIUSDT,BUY,LIMIT,1700878304023,8899,0.2545514
SEIUSDT,BUY,LIMIT,1700878309187,97,0.2551673
SEIUSDT,BUY,LIMIT,1700878311100,205,0.2552790
SEIUSDT,BUY,LIMIT,1700878315239,7906,0.2553849
SEIUSDT,BUY,LIMIT,1700878319127,32,0.2554173
SEIUSDT,BUY,LIMIT,1700878323440,30,0.2557399
SEIUSDT,BUY,LIMIT,1700878326232,690,0.2558986
SEIUSDT,BUY,LIMIT,1700878376944,14333,0.2562385
SEIUSDT,BUY,LIMIT,1700878378720,34723,0.2576072
SEIUSDT,BUY,LIMIT,1700878380199,720,0.2566133
SEIUSDT,BUY,LIMIT,1700878381406,2157,0.2567424
SEIUSDT,BUY,LIMIT,1700878382410,3837,0.2573820
SEIUSDT,BUY,LIMIT,1700878384283,338,0.2575513
SEIUSDT,BUY,LIMIT,1700878399633,271,0.2580437
SEIUSDT,BUY,LIMIT,1700878403459,3628,0.2581509
SEIUSDT,BUY,LIMIT,1700878407517,2332,0.2583682
SEIUSDT,BUY,LIMIT,1700878412781,1731,0.2585444
SEIUSDT,BUY,LIMIT,1700878415045,94,0.2588939
SEIUSDT,BUY,LIMIT,1700878418480,2061,0.2591197
SEIUSDT,BUY,LIMIT,1700878419680,274,0.2594556
SEIUSDT,BUY,LIMIT,1700878421108,421,0.2595676
SEIUSDT,BUY,LIMIT,1700878425186,3024,0.2596314
SEIUSDT,BUY,LIMIT,1700878426231,21533,0.2600421
SEIUSDT,BUY,LIMIT,1700878434075,15194,0.2599281
SEIUSDT,BUY,LIMIT,1700878439245,4138,0.2601971
SEIUSDT,BUY,LIMIT,1700878442521,20290,0.2605195
SEIUSDT,BUY,LIMIT,1700878466405,293,0.2607158
SEIUSDT,BUY,LIMIT,1700878467416,43,0.2608054
SEIUSDT,BUY,LIMIT,1700878468450,810,0.2611660
SEIUSDT,BUY,LIMIT,1700878469690,59,0.2612178
SEIUSDT,BUY,LIMIT,1700878473349,401,0.2612952
SEIUSDT,BUY,LIMIT,1700878475061,171,0.2613467
SEIUSDT,BUY,LIMIT,1700878476047,290,0.2613382
SEIUSDT,BUY,LIMIT,1700878477242,404,0.2614244
SEIUSDT,BUY,LIMIT,1700878478398,42,0.2615818
SEIUSDT,BUY,LIMIT,1700878502119,824,0.2617348
SEIUSDT,BUY,LIMIT,1700878503124,369,0.2617684
SEIUSDT,BUY,LIMIT,1700878504647,548,0.2618165
SEIUSDT,BUY,LIMIT,1700878506483,46,0.2618112
SEIUSDT,BUY,LIMIT,1700878508132,400,0.2624500
SEIUSDT,BUY,LIMIT,1700878509185,10886,0.2620062
SEIUSDT,BUY,LIMIT,1700878510305,2471,0.2625500
SEIUSDT,BUY,LIMIT,1700878512110,279,0.2625848
SEIUSDT,BUY,LIMIT,1700878606025,949,0.2601608
SEIUSDT,BUY,LIMIT,1700878607181,3966,0.2602611
SEIUSDT,SELL,LIMIT,1700878625193,1289,0.2512397
SEIUSDT,SELL,LIMIT,1700878628636,5184,0.2509008
SEIUSDT,SELL,LIMIT,1700878632789,8127,0.2507095
SEIUSDT,BUY,LIMIT,1700878679588,1747,0.2594307
SEIUSDT,BUY,LIMIT,1700878681185,1002,0.2595739
SEIUSDT,SELL,LIMIT,1700878742395,62,0.2504220
SEIUSDT,SELL,LIMIT,1700878779465,302,0.2500180
SEIUSDT,SELL,LIMIT,1700878833813,414,0.2490423
SEIUSDT,SELL,LIMIT,1700878848785,400,0.2481547
SEIUSDT,SELL,LIMIT,1700878850221,39,0.2477317
SEIUSDT,SELL,LIMIT,1700879062021,15779,0.2474595
SEIUSDT,SELL,LIMIT,1700879063538,19777,0.2474024
SEIUSDT,SELL,LIMIT,1700879068002,55,0.2468323
SEIUSDT,SELL,LIMIT,1700879071211,231,0.2465858
SEIUSDT,SELL,LIMIT,1700879075386,1509,0.2463822
SEIUSDT,SELL,LIMIT,1700879092462,5918,0.2462471
SEIUSDT,SELL,LIMIT,1700879104575,9577,0.2462331
SEIUSDT,SELL,LIMIT,1700879115887,2068,0.2459001
SEIUSDT,BUY,LIMIT,1700879247178,19992,0.2551091
SEIUSDT,BUY,LIMIT,1700879541208,82,0.2528888
SEIUSDT,SELL,LIMIT,1700879551003,1313,0.2458289
SEIUSDT,SELL,LIMIT,1700879561120,9357,0.2456213
SEIUSDT,SELL,LIMIT,1700879593719,38,0.2451586
SEIUSDT,SELL,LIMIT,1700879621975,791,0.2451026
SEIUSDT,SELL,LIMIT,1700879623102,10194,0.2450001
SEIUSDT,SELL,LIMIT,1700879624196,1009,0.2450220
SEIUSDT,SELL,LIMIT,1700879652722,100,0.2445600
SEIUSDT,SELL,LIMIT,1700879721156,723,0.2441112
SEIUSDT,BUY,LIMIT,1700879843251,233,0.2525282
SEIUSDT,BUY,LIMIT,1700879967495,74,0.2529918
SEIUSDT,BUY,LIMIT,1700880143399,4377,0.2539314
SEIUSDT,BUY,LIMIT,1700880167348,4457,0.2542471
SEIUSDT,SELL,LIMIT,1700880561376,165,0.2448541
SEIUSDT,BUY,LIMIT,1700880864091,7110,0.2539302
SEIUSDT,BUY,LIMIT,1700881139666,164,0.2546514
SEIUSDT,BUY,LIMIT,1700881387474,7377,0.2558384
SEIUSDT,SELL,LIMIT,1700881709891,2297,0.2464932
SEIUSDT,SELL,LIMIT,1700882219128,1391,0.2465204
SEIUSDT,BUY,LIMIT,1700882508232,34,0.2560984
SEIUSDT,BUY,LIMIT,1700882524921,899,0.2566335
SEIUSDT,BUY,LIMIT,1700882530700,47,0.2566437
SEIUSDT,BUY,LIMIT,1700882542339,65,0.2569805
SEIUSDT,BUY,LIMIT,1700882543611,96,0.2570454
SEIUSDT,BUY,LIMIT,1700882567072,2701,0.2579074
SEIUSDT,BUY,LIMIT,1700882570615,5225,0.2580300
