Symbol,Side,Order Type,Time,Quantity,Price
SEIUSDT,BUY,LIMIT,1700845598305,4526,0.2424760
SEIUSDT,BUY,LIMIT,1700845615200,3000,0.2411596
SEIUSDT,SELL,LIMIT,1700845628315,834,0.2350021
SEIUSDT,BUY,LIMIT,1700845789232,143,0.2441434
SEIUSDT,BUY,LIMIT,1700845790695,637,0.2448539
SEIUSDT,BUY,LIMIT,1700845794170,813,0.2454396
SEIUSDT,SELL,LIMIT,1700845850622,3000,0.2383335
SEIUSDT,BUY,LIMIT,1700845859317,59,0.2457090
SEIUSDT,BUY,LIMIT,1700845879922,2192,0.2461762
SEIUSDT,SELL,LIMIT,1700845957878,36,0.2366199
SEIUSDT,BUY,LIMIT,1700846268530,11019,0.2452619
SEIUSDT,BUY,LIMIT,1700847905948,552,0.2459345
SEIUSDT,BUY,LIMIT,1700847986922,102597,0.2480751
SEIUSDT,SELL,LIMIT,1700848057709,4296,0.2377898
SEIUSDT,BUY,LIMIT,1700848288972,1083,0.2464131
SEIUSDT,BUY,LIMIT,1700848294465,20661,0.2467916
SEIUSDT,BUY,LIMIT,1700848469845,2543,0.2469494
SEIUSDT,BUY,LIMIT,1700848555861,1053,0.2466450
SEIUSDT,BUY,LIMIT,1700848627997,17574,0.2457129
SEIUSDT,BUY,LIMIT,1700848632085,1223,0.2467703
SEIUSDT,BUY,LIMIT,1700848691561,268,0.2467226
SEIUSDT,BUY,LIMIT,1700848754304,146,0.2478265
SEIUSDT,BUY,LIMIT,1700848757037,15855,0.2478647
SEIUSDT,BUY,LIMIT,1700848759988,1046,0.2480598
SEIUSDT,BUY,LIMIT,1700848761275,536,0.2482812
SEIUSDT,BUY,LIMIT,1700848772132,754,0.2488199
SEIUSDT,BUY,LIMIT,1700848773156,4110,0.2491527
SEIUSDT,BUY,LIMIT,1700848774419,21,0.2491371
SEIUSDT,BUY,LIMIT,1700848816516,1388,0.2498331
SEIUSDT,BUY,LIMIT,1700848818357,43,0.2498762
SEIUSDT,BUY,LIMIT,1700848853263,41512,0.2505355
SEIUSDT,SELL,LIMIT,1700849054983,304,0.2395331
SEIUSDT,SELL,LIMIT,1700849058299,2331,0.2393632
SEIUSDT,SELL,LIMIT,1700849226445,1803,0.2378917
SEIUSDT,SELL,LIMIT,1700849228142,39,0.2373283
SEIUSDT,BUY,LIMIT,1700849371281,675,0.2473287
SEIUSDT,BUY,LIMIT,1700850040292,21,0.2477604
SEIUSDT,SELL,LIMIT,1700850173351,117,0.2421520
SEIUSDT,BUY,LIMIT,1700850260652,2757,0.2481479
SEIUSDT,BUY,LIMIT,1700850506469,9985,0.2488780
SEIUSDT,BUY,LIMIT,1700850564248,144,0.2491371
SEIUSDT,BUY,LIMIT,1700851687480,974,0.2489619
SEIUSDT,BUY,LIMIT,1700851829413,21,0.2495716
SEIUSDT,BUY,LIMIT,1700851873018,4443,0.2498510
SEIUSDT,BUY,LIMIT,1700851874252,2042,0.2499362
SEIUSDT,BUY,LIMIT,1700851982048,1435,0.2502329
SEIUSDT,BUY,LIMIT,1700851983362,21,0.2504451
SEIUSDT,BUY,LIMIT,1700851984428,627,0.2512028
SEIUSDT,SELL,LIMIT,1700852077786,2151,0.2411951
SEIUSDT,SELL,LIMIT,1700852087191,1940,0.2405475
SEIUSDT,SELL,LIMIT,1700852163087,1352,0.2391387
SEIUSDT,SELL,LIMIT,1700852173108,112,0.2389794
SEIUSDT,BUY,LIMIT,1700852214257,876,0.2472342
SEIUSDT,BUY,LIMIT,1700852220993,24,0.2476107
SEIUSDT,SELL,LIMIT,1700852708856,4987,0.2385918
SEIUSDT,SELL,LIMIT,1700852922091,6310,0.2414378
SEIUSDT,SELL,LIMIT,1700853286184,72,0.2383129
SEIUSDT,SELL,LIMIT,1700854259224,2154,0.2379361
SEIUSDT,SELL,LIMIT,1700854260445,100,0.2379381
SEIUSDT,SELL,LIMIT,1700854301960,1632,0.2375535
SEIUSDT,SELL,LIMIT,1700854304344,7594,0.2374568
SEIUSDT,SELL,LIMIT,1700854310134,41,0.2373066
SEIUSDT,SELL,LIMIT,1700854313670,10330,0.2371800
SEIUSDT,SELL,LIMIT,1700854314927,3020,0.2370314
SEIUSDT,SELL,LIMIT,1700854363887,9174,0.2369688
SEIUSDT,SELL,LIMIT,1700854379249,5432,0.2367368
SEIUSDT,SELL,LIMIT,1700854387219,136,0.2365364
SEIUSDT,SELL,LIMIT,1700854462072,667,0.2359010
SEIUSDT,SELL,LIMIT,1700854958967,20815,0.2354442
SEIUSDT,SELL,LIMIT,1700855085663,1636,0.2352561
SEIUSDT,SELL,LIMIT,1700855096496,20161,0.2349318
SEIUSDT,SELL,LIMIT,1700855099634,1959,0.2347720
SEIUSDT,SELL,LIMIT,1700855158240,6412,0.2347827
SEIUSDT,BUY,LIMIT,1700855698908,2218,0.2430488
SEIUSDT,BUY,LIMIT,1700855924078,21,0.2435483
SEIUSDT,BUY,LIMIT,1700856036730,480,0.2437517
SEIUSDT,BUY,LIMIT,1700856045110,192,0.2439663
SEIUSDT,SELL,LIMIT,1700856278798,1761,0.2355162
SEIUSDT,SELL,LIMIT,1700856339836,833,0.2351501
SEIUSDT,BUY,LIMIT,1700856707461,5190,0.2437095
SEIUSDT,BUY,LIMIT,1700856712839,117,0.2440683
SEIUSDT,BUY,LIMIT,1700857031121,4250,0.2426367
SEIUSDT,SELL,LIMIT,1700857254643,23,0.2349444
SEIUSDT,BUY,LIMIT,1700858141916,1042,0.2443741
SEIUSDT,BUY,LIMIT,1700858146689,492,0.2446455
SEIUSDT,BUY,LIMIT,1700858416072,516,0.2447819
SEIUSDT,BUY,LIMIT,1700858432538,25,0.2448577
SEIUSDT,BUY,LIMIT,1700858478133,20635,0.2448328
SEIUSDT,BUY,LIMIT,1700858513241,662,0.2449789
SEIUSDT,BUY,LIMIT,1700858515159,28,0.2450359
SEIUSDT,BUY,LIMIT,1700858572269,3273,0.2452934
SEIUSDT,BUY,LIMIT,1700858578168,10349,0.2456356
SEIUSDT,BUY,LIMIT,1700858809160,456,0.2460442
SEIUSDT,BUY,LIMIT,1700858810291,2947,0.2459520
SEIUSDT,BUY,LIMIT,1700858811403,7475,0.2463335
SEIUSDT,BUY,LIMIT,1700858828261,277,0.2463441
SEIUSDT,BUY,LIMIT,1700858845192,415,0.2466343
SEIUSDT,BUY,LIMIT,1700858847259,1132,0.2470055
SEIUSDT,BUY,LIMIT,1700858900516,735,0.2471835
SEIUSDT,BUY,LIMIT,1700858907966,124,0.2476952
SEIUSDT,BUY,LIMIT,1700858913562,9025,0.2479248
SEIUSDT,BUY,LIMIT,1700859022230,324,0.2471297
SEIUSDT,BUY,LIMIT,1700859038034,51,0.2470510
SEIUSDT,BUY,LIMIT,1700859039411,396,0.2460108
SEIUSDT,BUY,LIMIT,1700859042306,4408,0.2465743
SEIUSDT,BUY,LIMIT,1700859043352,29307,0.2454149
SEIUSDT,BUY,LIMIT,1700859044473,874,0.2469609
SEIUSDT,BUY,LIMIT,1700859046142,262,0.2469495
SEIUSDT,BUY,LIMIT,1700859226087,1087,0.2481460
SEIUSDT,BUY,LIMIT,1700859227475,118,0.2481883
SEIUSDT,BUY,LIMIT,1700859230858,17071,0.2482485
SEIUSDT,BUY,LIMIT,1700859232249,5728,0.2483052
SEIUSDT,BUY,LIMIT,1700859275141,202,0.2484997
SEIUSDT,BUY,LIMIT,1700859278052,8488,0.2485189
SEIUSDT,BUY,LIMIT,1700859279099,1935,0.2485638
SEIUSDT,BUY,LIMIT,1700859280148,300,0.2486412
SEIUSDT,BUY,LIMIT,1700859760239,21,0.2480443
SEIUSDT,BUY,LIMIT,1700859859154,9627,0.2488599
SEIUSDT,BUY,LIMIT,1700860612620,10143,0.2482945
SEIUSDT,SELL,LIMIT,1700860832668,4051,0.2393490
SEIUSDT,SELL,LIMIT,1700861622264,968,0.2391418
SEIUSDT,SELL,LIMIT,1700861928480,2054,0.2383599
SEIUSDT,SELL,LIMIT,1700861933764,3852,0.2381714
SEIUSDT,SELL,LIMIT,1700862940449,1143,0.2367479
SEIUSDT,SELL,LIMIT,1700862997266,316,0.2364187
SEIUSDT,BUY,LIMIT,1700863517217,22806,0.2446275
SEIUSDT,BUY,LIMIT,1700863635029,5583,0.2455936
SEIUSDT,BUY,LIMIT,1700863642042,4511,0.2464138
SEIUSDT,SELL,LIMIT,1700863825723,657,0.2381216
SEIUSDT,BUY,LIMIT,1700864788362,33,0.2471856
SEIUSDT,BUY,LIMIT,1700865702873,7903,0.2473307
SEIUSDT,BUY,LIMIT,1700865966224,10714,0.2479946
SEIUSDT,BUY,LIMIT,1700865967878,764,0.2480314
SEIUSDT,BUY,LIMIT,1700865973137,180,0.2482383
SEIUSDT,BUY,LIMIT,1700865974432,624,0.2482482
SEIUSDT,BUY,LIMIT,1700865983270,8341,0.2487255
SEIUSDT,BUY,LIMIT,1700866001252,2558,0.2491605
SEIUSDT,BUY,LIMIT,1700866006217,24605,0.2498139
SEIUSDT,BUY,LIMIT,1700866043244,412,0.2501019
SEIUSDT,BUY,LIMIT,1700866045119,62,0.2504022
SEIUSDT,BUY,LIMIT,1700866046129,802,0.2507970
SEIUSDT,BUY,LIMIT,1700866047203,2286,0.2507414
SEIUSDT,BUY,LIMIT,1700866048224,1562,0.2509727
SEIUSDT,BUY,LIMIT,1700866061489,84,0.2513570
SEIUSDT,BUY,LIMIT,1700866064271,662,0.2513807
SEIUSDT,BUY,LIMIT,1700866067064,436,0.2515034
SEIUSDT,BUY,LIMIT,1700866068154,693,0.2515320
SEIUSDT,BUY,LIMIT,1700866069217,7423,0.2516778
SEIUSDT,BUY,LIMIT,1700866070240,219,0.2532024
SEIUSDT,BUY,LIMIT,1700866071277,4649,0.2529633
SEIUSDT,BUY,LIMIT,1700866072288,499,0.2534199
SEIUSDT,BUY,LIMIT,1700866073445,2000,0.2532898
SEIUSDT,BUY,LIMIT,1700866085148,2166,0.2536284
SEIUSDT,BUY,LIMIT,1700866086167,49,0.2536057
SEIUSDT,BUY,LIMIT,1700866087179,351,0.2538180
SEIUSDT,BUY,LIMIT,1700866088187,793,0.2548517
SEIUSDT,BUY,LIMIT,1700866089193,1071,0.2551673
SEIUSDT,BUY,LIMIT,1700866096139,345,0.2563807
SEIUSDT,BUY,LIMIT,1700866097161,2511,0.2563812
SEIUSDT,BUY,LIMIT,1700866123338,2443,0.2565033
SEIUSDT,BUY,LIMIT,1700866124367,1262,0.2566545
SEIUSDT,SELL,LIMIT,1700866167379,14897,0.2465212
SEIUSDT,BUY,LIMIT,1700866190096,3985,0.2562826
SEIUSDT,BUY,LIMIT,1700866192033,1485,0.2564051
SEIUSDT,BUY,LIMIT,1700866194392,332,0.2566958
SEIUSDT,BUY,LIMIT,1700866196077,13203,0.2570166
SEIUSDT,BUY,LIMIT,1700866198294,190,0.2572629
SEIUSDT,BUY,LIMIT,1700866201579,7176,0.2573728
SEIUSDT,BUY,LIMIT,1700866204168,85,0.2573866
SEIUSDT,BUY,LIMIT,1700866205176,1538,0.2574562
SEIUSDT,BUY,LIMIT,1700866207193,1280,0.2576803
SEIUSDT,BUY,LIMIT,1700866208213,1218,0.2576108
SEIUSDT,SELL,LIMIT,1700866238474,498,0.2484588
SEIUSDT,BUY,LIMIT,1700866243156,14869,0.2571179
SEIUSDT,BUY,LIMIT,1700866244233,133,0.2580751
SEIUSDT,BUY,LIMIT,1700866245291,172,0.2582508
SEIUSDT,BUY,LIMIT,1700866246300,2094,0.2582705
SEIUSDT,BUY,LIMIT,1700866247597,345,0.2584319
SEIUSDT,BUY,LIMIT,1700866249219,3428,0.2585850
SEIUSDT,BUY,LIMIT,1700866250265,100,0.2584776
SEIUSDT,BUY,LIMIT,1700866251649,16227,0.2587232
SEIUSDT,BUY,LIMIT,1700866260957,329,0.2585997
SEIUSDT,BUY,LIMIT,1700866264434,406,0.2587361
SEIUSDT,BUY,LIMIT,1700866266664,152,0.2588032
SEIUSDT,BUY,LIMIT,1700866267784,676,0.2590137
SEIUSDT,BUY,LIMIT,1700866268808,28,0.2590328
SEIUSDT,SELL,LIMIT,1700866286656,6956,0.2499511
SEIUSDT,SELL,LIMIT,1700866293350,363,0.2493994
SEIUSDT,SELL,LIMIT,1700866296694,6508,0.2483836
SEIUSDT,BUY,LIMIT,1700866313059,11121,0.2569140
SEIUSDT,SELL,LIMIT,1700866333102,696,0.2481179
SEIUSDT,SELL,LIMIT,1700866341063,1683,0.2478541
SEIUSDT,SELL,LIMIT,1700866346727,515,0.2475993
SEIUSDT,BUY,LIMIT,1700866349485,213,0.2570907
SEIUSDT,BUY,LIMIT,1700866351696,79,0.2574958
SEIUSDT,BUY,LIMIT,1700866353058,2041,0.2599275
SEIUSDT,BUY,LIMIT,1700866354347,226,0.2591388
SEIUSDT,BUY,LIMIT,1700866355389,362,0.2599776
SEIUSDT,BUY,LIMIT,1700866357196,2383,0.2603159
SEIUSDT,BUY,LIMIT,1700866376172,211,0.2603960
SEIUSDT,SELL,LIMIT,1700866380058,1001,0.2512022
SEIUSDT,SELL,LIMIT,1700866391604,3792,0.2505097
SEIUSDT,SELL,LIMIT,1700866392711,92,0.2503333
SEIUSDT,SELL,LIMIT,1700866397289,3303,0.2500521
SEIUSDT,SELL,LIMIT,1700866463590,400,0.2495560
SEIUSDT,SELL,LIMIT,1700866468306,3478,0.2492650
SEIUSDT,SELL,LIMIT,1700866575086,7235,0.2482361
SEIUSDT,SELL,LIMIT,1700866576281,635,0.2477947
SEIUSDT,SELL,LIMIT,1700866577284,9,0.2479720
SEIUSDT,SELL,LIMIT,1700866651213,985,0.2470282
SEIUSDT,SELL,LIMIT,1700866654263,3228,0.2468999
SEIUSDT,SELL,LIMIT,1700866700464,35,0.2461342
SEIUSDT,SELL,LIMIT,1700866708854,372,0.2460076
SEIUSDT,SELL,LIMIT,1700866712086,4525,0.2453398
SEIUSDT,SELL,LIMIT,1700866716464,23,0.2451915
SEIUSDT,SELL,LIMIT,1700866718410,851,0.2446101
SEIUSDT,SELL,LIMIT,1700866739156,302,0.2440284
SEIUSDT,SELL,LIMIT,1700866740423,2465,0.2432426
SEIUSDT,SELL,LIMIT,1700866741933,1063,0.2429972
SEIUSDT,SELL,LIMIT,1700866756160,387,0.2421044
SEIUSDT,SELL,LIMIT,1700866757167,10791,0.2420535
SEIUSDT,SELL,LIMIT,1700866759211,200,0.2414176
SEIUSDT,BUY,LIMIT,1700866789707,541,0.2498978
SEIUSDT,SELL,LIMIT,1700866812336,39,0.2410524
SEIUSDT,SELL,LIMIT,1700866813353,19817,0.2411079
SEIUSDT,SELL,LIMIT,1700866815235,104,0.2396045
SEIUSDT,SELL,LIMIT,1700866818779,361,0.2385987
SEIUSDT,SELL,LIMIT,1700866826268,1439,0.2383848
SEIUSDT,SELL,LIMIT,1700866829356,565,0.2379720
SEIUSDT,SELL,LIMIT,1700866830369,9037,0.2378669
SEIUSDT,SELL,LIMIT,1700866831643,2466,0.2372985
SEIUSDT,SELL,LIMIT,1700866832782,20633,0.2371489
SEIUSDT,SELL,LIMIT,1700866835607,5704,0.2367586
SEIUSDT,BUY,LIMIT,1700866849399,5765,0.2452014
SEIUSDT,SELL,LIMIT,1700866873210,1717,0.2364963
SEIUSDT,SELL,LIMIT,1700866876845,20788,0.2357123
SEIUSDT,BUY,LIMIT,1700866887771,8639,0.2441011
SEIUSDT,SELL,LIMIT,1700866919089,1530,0.2353981
SEIUSDT,SELL,LIMIT,1700866929277,1980,0.2352138
SEIUSDT,SELL,LIMIT,1700866931055,148,0.2349820
SEIUSDT,SELL,LIMIT,1700867047127,597,0.2357332
SEIUSDT,SELL,LIMIT,1700867065728,537,0.2352098
SEIUSDT,SELL,LIMIT,1700867067173,331,0.2349282
SEIUSDT,SELL,LIMIT,1700867070775,199,0.2346501
SEIUSDT,SELL,LIMIT,1700867072611,850,0.2345649
SEIUSDT,SELL,LIMIT,1700867074166,1351,0.2345173
SEIUSDT,SELL,LIMIT,1700867076138,143,0.2343612
SEIUSDT,SELL,LIMIT,1700867077202,805,0.2343886
SEIUSDT,SELL,LIMIT,1700867079211,5000,0.2341311
SEIUSDT,BUY,LIMIT,1700867088227,1009,0.2423351
SEIUSDT,SELL,LIMIT,1700867110134,245,0.2340612
SEIUSDT,SELL,LIMIT,1700867112187,235,0.2339120
SEIUSDT,SELL,LIMIT,1700867120813,13310,0.2339112
SEIUSDT,SELL,LIMIT,1700867122455,194,0.2335440
SEIUSDT,SELL,LIMIT,1700867127928,7205,0.2333078
SEIUSDT,SELL,LIMIT,1700867132117,423,0.2331971
SEIUSDT,SELL,LIMIT,1700867163278,2534,0.2330469
SEIUSDT,SELL,LIMIT,1700867168738,6723,0.2327978
SEIUSDT,SELL,LIMIT,1700867170081,3058,0.2325141
SEIUSDT,SELL,LIMIT,1700867175227,21095,0.2321827
SEIUSDT,SELL,LIMIT,1700867181410,4062,0.2319885
SEIUSDT,SELL,LIMIT,1700867182417,3657,0.2318968
SEIUSDT,SELL,LIMIT,1700867201159,1554,0.2324387
SEIUSDT,SELL,LIMIT,1700867202655,12352,0.2317279
SEIUSDT,SELL,LIMIT,1700867215196,417,0.2316139
SEIUSDT,SELL,LIMIT,1700867217406,101,0.2313856
SEIUSDT,SELL,LIMIT,1700867222403,9529,0.2314720
SEIUSDT,BUY,LIMIT,1700867239241,6163,0.2397928
SEIUSDT,SELL,LIMIT,1700867292746,205,0.2318661
SEIUSDT,SELL,LIMIT,1700867303682,2255,0.2313679
SEIUSDT,SELL,LIMIT,1700867514051,2267,0.2323577
SEIUSDT,SELL,LIMIT,1700867525041,5896,0.2320174
SEIUSDT,SELL,LIMIT,1700867526306,440,0.2319864
SEIUSDT,SELL,LIMIT,1700867551802,3727,0.2315932
SEIUSDT,SELL,LIMIT,1700867557207,11810,0.2313492
SEIUSDT,SELL,LIMIT,1700867559376,69,0.2312812
SEIUSDT,SELL,LIMIT,1700867562138,150,0.2310645
SEIUSDT,SELL,LIMIT,1700867563337,4280,0.2308987
SEIUSDT,SELL,LIMIT,1700867564842,491,0.2306063
SEIUSDT,SELL,LIMIT,1700867566038,483,0.2305386
SEIUSDT,SELL,LIMIT,1700867567042,9224,0.2303157
SEIUSDT,SELL,LIMIT,1700867568384,69,0.2296875
SEIUSDT,SELL,LIMIT,1700867571081,4675,0.2288032
SEIUSDT,SELL,LIMIT,1700867636242,2850,0.2287700
SEIUSDT,SELL,LIMIT,1700867637460,3423,0.2287028
SEIUSDT,SELL,LIMIT,1700867642261,2671,0.2283957
SEIUSDT,SELL,LIMIT,1700867643404,24628,0.2276331
SEIUSDT,SELL,LIMIT,1700867645149,1976,0.2276502
SEIUSDT,SELL,LIMIT,1700867646538,291,0.2274807
SEIUSDT,SELL,LIMIT,1700867652774,341,0.2273830
SEIUSDT,SELL,LIMIT,1700867654057,4079,0.2273216
SEIUSDT,SELL,LIMIT,1700867660256,5720,0.2271083
SEIUSDT,SELL,LIMIT,1700867684045,25,0.2269510
SEIUSDT,SELL,LIMIT,1700867685133,1814,0.2269995
SEIUSDT,SELL,LIMIT,1700867686210,1876,0.2268832
SEIUSDT,SELL,LIMIT,1700867688113,4073,0.2266417
SEIUSDT,SELL,LIMIT,1700867689120,406,0.2261587
SEIUSDT,SELL,LIMIT,1700867691253,3010,0.2260462
SEIUSDT,SELL,LIMIT,1700867694984,19937,0.2258606
SEIUSDT,SELL,LIMIT,1700867696119,525,0.2258219
SEIUSDT,SELL,LIMIT,1700867697325,30,0.2256737
SEIUSDT,SELL,LIMIT,1700867699248,3599,0.2252608
SEIUSDT,SELL,LIMIT,1700867700337,1677,0.2251903
SEIUSDT,SELL,LIMIT,1700867702463,79617,0.2227656
SEIUSDT,BUY,LIMIT,1700867773752,314,0.2349739
SEIUSDT,BUY,LIMIT,1700867881703,2171,0.2356064
SEIUSDT,BUY,LIMIT,1700867883610,2916,0.2359103
SEIUSDT,BUY,LIMIT,1700867885850,1129,0.2364639
SEIUSDT,BUY,LIMIT,1700867893229,166,0.2372788
SEIUSDT,BUY,LIMIT,1700867898359,509,0.2376169
SEIUSDT,BUY,LIMIT,1700867954905,472,0.2384292
SEIUSDT,BUY,LIMIT,1700868071061,517,0.2388688
SEIUSDT,BUY,LIMIT,1700868087379,400,0.2391990
SEIUSDT,BUY,LIMIT,1700868097103,171,0.2394959
SEIUSDT,BUY,LIMIT,1700868099270,587,0.2397638
SEIUSDT,BUY,LIMIT,1700868116190,644,0.2401224
SEIUSDT,BUY,LIMIT,1700868170052,497,0.2405326
SEIUSDT,BUY,LIMIT,1700868172211,2331,0.2408416
SEIUSDT,BUY,LIMIT,1700868318286,4390,0.2407414
SEIUSDT,BUY,LIMIT,1700868349400,20197,0.2409649
SEIUSDT,BUY,LIMIT,1700868617980,115,0.2411047
SEIUSDT,BUY,LIMIT,1700868766390,571,0.2413860
SEIUSDT,BUY,LIMIT,1700868785639,51,0.2416543
SEIUSDT,BUY,LIMIT,1700868787087,75,0.2424506
SEIUSDT,BUY,LIMIT,1700868788189,1500,0.2423897
SEIUSDT,BUY,LIMIT,1700868789455,25,0.2431691
SEIUSDT,BUY,LIMIT,1700868929524,3880,0.2432053
SEIUSDT,BUY,LIMIT,1700868930706,2357,0.2434022
SEIUSDT,BUY,LIMIT,1700868963923,83,0.2439613
SEIUSDT,BUY,LIMIT,1700868968930,415,0.2444312
SEIUSDT,BUY,LIMIT,1700868971706,2237,0.2446256
SEIUSDT,BUY,LIMIT,1700868974774,4399,0.2451011
SEIUSDT,BUY,LIMIT,1700869406482,1621,0.2451897
SEIUSDT,BUY,LIMIT,1700869518261,28767,0.2461623
SEIUSDT,BUY,LIMIT,1700869520038,564,0.2461090
SEIUSDT,BUY,LIMIT,1700869523254,6138,0.2462833
SEIUSDT,BUY,LIMIT,1700869527717,52,0.2464838
SEIUSDT,SELL,LIMIT,1700869593073,2298,0.2380180
SEIUSDT,BUY,LIMIT,1700870264665,225,0.2459500
SEIUSDT,BUY,LIMIT,1700870350761,2961,0.2467213
SEIUSDT,BUY,LIMIT,1700870351811,50,0.2468935
SEIUSDT,BUY,LIMIT,1700870353515,1258,0.2474004
SEIUSDT,BUY,LIMIT,1700870359370,75,0.2477794
SEIUSDT,BUY,LIMIT,1700870362663,1557,0.2479728
SEIUSDT,SELL,LIMIT,1700870454971,396,0.2384697
SEIUSDT,SELL,LIMIT,1700870460914,157,0.2381002
SEIUSDT,BUY,LIMIT,1700870486355,8958,0.2462276
SEIUSDT,BUY,LIMIT,1700870510201,6753,0.2485547
SEIUSDT,BUY,LIMIT,1700870512049,864,0.2488301
SEIUSDT,BUY,LIMIT,1700870513231,22,0.2488153
SEIUSDT,BUY,LIMIT,1700870517208,111,0.2494806
SEIUSDT,BUY,LIMIT,1700870520185,3684,0.2501679
SEIUSDT,BUY,LIMIT,1700870547422,11121,0.2507591
SEIUSDT,BUY,LIMIT,1700870548498,1818,0.2510960
SEIUSDT,BUY,LIMIT,1700870550217,426,0.2518573
SEIUSDT,BUY,LIMIT,1700870551277,24,0.2524291
SEIUSDT,BUY,LIMIT,1700870562937,1263,0.2526955
SEIUSDT,BUY,LIMIT,1700870564038,1013,0.2530262
SEIUSDT,BUY,LIMIT,1700870565093,1512,0.2532873
SEIUSDT,BUY,LIMIT,1700870566171,6309,0.2533293
SEIUSDT,BUY,LIMIT,1700870580324,8503,0.2535873
SEIUSDT,BUY,LIMIT,1700870603182,1653,0.2537935
SEIUSDT,BUY,LIMIT,1700870604348,991,0.2540849
SEIUSDT,BUY,LIMIT,1700870617088,2000,0.2546271
SEIUSDT,BUY,LIMIT,1700870621258,3487,0.2551842
SEIUSDT,BUY,LIMIT,1700870623440,188,0.2554431
SEIUSDT,BUY,LIMIT,1700870644841,437,0.2542227
SEIUSDT,SELL,LIMIT,1700870647706,29,0.2461279
SEIUSDT,SELL,LIMIT,1700870652828,113,0.2457191
SEIUSDT,SELL,LIMIT,1700870654114,1986,0.2456550
SEIUSDT,SELL,LIMIT,1700870675226,2018,0.2447788
SEIUSDT,SELL,LIMIT,1700870681826,1063,0.2427848
SEIUSDT,SELL,LIMIT,1700870692272,348,0.2417682
SEIUSDT,SELL,LIMIT,1700870695211,1806,0.2410177
SEIUSDT,SELL,LIMIT,1700870696216,7460,0.2410177
SEIUSDT,SELL,LIMIT,1700870706718,786,0.2392630
SEIUSDT,SELL,LIMIT,1700870708211,20120,0.2386095
SEIUSDT,SELL,LIMIT,1700870716127,571,0.2377513
SEIUSDT,SELL,LIMIT,1700870717199,112,0.2375408
SEIUSDT,BUY,LIMIT,1700870726872,12880,0.2453029
SEIUSDT,BUY,LIMIT,1700870728515,24,0.2456167
SEIUSDT,SELL,LIMIT,1700870786670,1742,0.2367958
SEIUSDT,SELL,LIMIT,1700870794993,334,0.2363758
SEIUSDT,SELL,LIMIT,1700870796429,205,0.2360080
SEIUSDT,BUY,LIMIT,1700870940491,2750,0.2457078
SEIUSDT,BUY,LIMIT,1700870943613,1582,0.2458014
SEIUSDT,BUY,LIMIT,1700870947293,400,0.2467515
SEIUSDT,BUY,LIMIT,1700870949705,500,0.2471976
SEIUSDT,BUY,LIMIT,1700870955758,126,0.2479392
SEIUSDT,SELL,LIMIT,1700871015726,281,0.2398866
SEIUSDT,BUY,LIMIT,1700871054383,1906,0.2494760
SEIUSDT,BUY,LIMIT,1700871058099,525,0.2500013
SEIUSDT,SELL,LIMIT,1700871100320,6399,0.2425945
SEIUSDT,SELL,LIMIT,1700871240350,1010,0.2414380
SEIUSDT,SELL,LIMIT,1700871244162,682,0.2410313
SEIUSDT,SELL,LIMIT,1700871290431,17262,0.2409302
SEIUSDT,SELL,LIMIT,1700871303239,2265,0.2398997
SEIUSDT,BUY,LIMIT,1700871360328,4026,0.2490622
SEIUSDT,SELL,LIMIT,1700871432716,347,0.2404897
SEIUSDT,SELL,LIMIT,1700871471131,207,0.2395860
SEIUSDT,BUY,LIMIT,1700871547532,698,0.2482712
SEIUSDT,BUY,LIMIT,1700871585520,2862,0.2507700
SEIUSDT,BUY,LIMIT,1700871597840,131,0.2517014
SEIUSDT,SELL,LIMIT,1700871610953,1909,0.2433626
SEIUSDT,BUY,LIMIT,1700872110058,203,0.2520811
SEIUSDT,BUY,LIMIT,1700872138833,52,0.2524231
SEIUSDT,SELL,LIMIT,1700872255946,2804,0.2432093
SEIUSDT,SELL,LIMIT,1700872302035,7251,0.2424838
SEIUSDT,SELL,LIMIT,1700872318269,2710,0.2420764
SEIUSDT,SELL,LIMIT,1700872533231,1642,0.2416978
SEIUSDT,SELL,LIMIT,1700872538663,7000,0.2412138
SEIUSDT,SELL,LIMIT,1700872574408,3906,0.2408885
SEIUSDT,SELL,LIMIT,1700872587189,2729,0.2404095
SEIUSDT,SELL,LIMIT,1700872588248,6702,0.2403074
SEIUSDT,SELL,LIMIT,1700872592746,407,0.2400098
SEIUSDT,SELL,LIMIT,1700872601510,311,0.2396983
SEIUSDT,BUY,LIMIT,1700872737921,14678,0.2486272
SEIUSDT,SELL,LIMIT,1700872901776,120,0.2400463
SEIUSDT,SELL,LIMIT,1700873049567,23,0.2404824
SEIUSDT,SELL,LIMIT,1700873121132,3196,0.2392445
SEIUSDT,SELL,LIMIT,1700873124946,39,0.2389954
SEIUSDT,SELL,LIMIT,1700873126164,2660,0.2387820
SEIUSDT,SELL,LIMIT,1700873132360,56,0.2384263
SEIUSDT,BUY,LIMIT,1700873425157,1028,0.2477385
SEIUSDT,SELL,LIMIT,1700873552262,11247,0.2391454
SEIUSDT,BUY,LIMIT,1700873732381,954,0.2488315
SEIUSDT,BUY,LIMIT,1700873839277,5508,0.2497400
SEIUSDT,BUY,LIMIT,1700873854648,3813,0.2501569
SEIUSDT,BUY,LIMIT,1700874170229,364,0.2516336
SEIUSDT,BUY,LIMIT,1700874173670,1016,0.2519425
SEIUSDT,BUY,LIMIT,1700874211110,6673,0.2523179
SEIUSDT,BUY,LIMIT,1700874213239,148,0.2525758
SEIUSDT,BUY,LIMIT,1700874215276,277,0.2528963
SEIUSDT,SELL,LIMIT,1700874473042,141,0.2437667
SEIUSDT,SELL,LIMIT,1700874545315,4986,0.2421529
SEIUSDT,BUY,LIMIT,1700874662151,193,0.2508145
SEIUSDT,BUY,LIMIT,1700874788098,558,0.2504499
SEIUSDT,SELL,LIMIT,1700875360224,267,0.2421247
SEIUSDT,SELL,LIMIT,1700875829736,317,0.2418763
SEIUSDT,SELL,LIMIT,1700875844040,68,0.2412900
SEIUSDT,SELL,LIMIT,1700875845133,1827,0.2413120
SEIUSDT,SELL,LIMIT,1700875848254,591,0.2411025
SEIUSDT,BUY,LIMIT,1700876314027,227,0.2496594
SEIUSDT,BUY,LIMIT,1700876327551,425,0.2502326
SEIUSDT,BUY,LIMIT,1700876558603,19892,0.2509415
SEIUSDT,BUY,LIMIT,1700876668107,5075,0.2512549
SEIUSDT,BUY,LIMIT,1700876747107,595,0.2526324
SEIUSDT,BUY,LIMIT,1700876767039,564,0.2529517
SEIUSDT,BUY,LIMIT,1700876772122,23,0.2532622
SEIUSDT,BUY,LIMIT,1700876824146,86,0.2526152
SEIUSDT,BUY,LIMIT,1700877055759,21,0.2539175
SEIUSDT,BUY,LIMIT,1700877238998,708,0.2537462
SEIUSDT,BUY,LIMIT,1700877272222,58,0.2536139
SEIUSDT,BUY,LIMIT,1700877372193,18213,0.2521588
SEIUSDT,SELL,LIMIT,1700877496438,8012,0.2447329
SEIUSDT,SELL,LIMIT,1700877504427,892,0.2446581
SEIUSDT,BUY,LIMIT,1700877757132,224,0.2527205
SEIUSDT,BUY,LIMIT,1700878073201,10225,0.2529428
SEIUSDT,BUY,LIMIT,1700878155523,15108,0.2530416
SEIUSDT,BUY,LIMIT,1700878214648,657,0.2533147
SEIUSDT,BUY,LIMIT,1700878229257,602,0.2537262
SEIUSDT,BUY,LIMIT,1700878304023,8899,0.2545514
SEIUSDT,BUY,LIMIT,1700878309187,97,0.2551673
SEIUSDT,BUY,LIMIT,1700878311100,205,0.2552790
SEIUSDT,BUY,LIMIT,1700878315239,7906,0.2553849
SEIUSDT,BUY,LIMIT,1700878319127,32,0.2554173
SEIUSDT,BUY,LIMIT,1700878323440,30,0.2557399
SEIUSDT,BUY,LIMIT,1700878326232,690,0.2558986
SEIUSDT,BUY,LIMIT,1700878376944,14333,0.2562385
SEIUSDT,BUY,LIMIT,1700878378720,34723,0.2576072
SEIUSDT,BUY,LIMIT,1700878380199,720,0.2566133
SEIUSDT,BUY,LIMIT,1700878381406,2157,0.2567424
SEIUSDT,BUY,LIMIT,1700878382410,3837,0.2573820
SEIUSDT,BUY,LIMIT,1700878384283,338,0.2575513
SEIUSDT,BUY,LIMIT,1700878399633,271,0.2580437
SEIUSDT,BUY,LIMIT,1700878403459,3628,0.2581509
SEIUSDT,BUY,LIMIT,1700878407517,2332,0.2583682
SEIUSDT,BUY,LIMIT,1700878412781,1731,0.2585444
SEIUSDT,BUY,LIMIT,1700878415045,94,0.2588939
SEIUSDT,BUY,LIMIT,1700878418480,2061,0.2591197
SEIUSDT,BUY,LIMIT,1700878419680,274,0.2594556
SEIUSDT,BUY,LIMIT,1700878421108,421,0.2595676
SEIUSDT,BUY,LIMIT,1700878425186,3024,0.2596314
SEIUSDT,BUY,LIMIT,1700878426231,21533,0.2600421
SEIUSDT,BUY,LIMIT,1700878434075,15194,0.2599281
SEIUSDT,BUY,LIMIT,1700878439245,4138,0.2601971
SEIUSDT,BUY,LIMIT,1700878442521,20290,0.2605195
SEIUSDT,BUY,LIMIT,1700878466405,293,0.2607158
SEIUSDT,BUY,LIMIT,1700878467416,43,0.2608054
SEIUSDT,BUY,LIMIT,1700878468450,810,0.2611660
SEIUSDT,BUY,LIMIT,1700878469690,59,0.2612178
SEIUSDT,BUY,LIMIT,1700878473349,401,0.2612952
SEIUSDT,BUY,LIMIT,1700878475061,171,0.2613467
SEIUSDT,BUY,LIMIT,1700878476047,290,0.2613382
SEIUSDT,BUY,LIMIT,1700878477242,404,0.2614244
SEIUSDT,BUY,LIMIT,1700878478398,42,0.2615818
SEIUSDT,BUY,LIMIT,1700878502119,824,0.2617348
SEIUSDT,BUY,LIMIT,1700878503124,369,0.2617684
SEIUSDT,BUY,LIMIT,1700878504647,548,0.2618165
SEIUSDT,BUY,LIMIT,1700878506483,46,0.2618112
SEIUSDT,BUY,LIMIT,1700878508132,400,0.2624500
SEIUSDT,BUY,LIMIT,1700878509185,10886,0.2620062
SEIUSDT,BUY,LIMIT,1700878510305,2471,0.2625500
SEIUSDT,BUY,LIMIT,1700878512110,279,0.2625848
SEIUSDT,BUY,LIMIT,1700878606025,949,0.2601608
SEIUSDT,BUY,LIMIT,1700878607181,3966,0.2602611
SEIUSDT,SELL,LIMIT,1700878625193,1289,0.2512397
SEIUSDT,SELL,LIMIT,1700878628636,5184,0.2509008
SEIUSDT,SELL,LIMIT,1700878632789,8127,0.2507095
SEIUSDT,BUY,LIMIT,1700878679588,1747,0.2594307
SEIUSDT,BUY,LIMIT,1700878681185,1002,0.2595739
SEIUSDT,SELL,LIMIT,1700878742395,62,0.2504220
SEIUSDT,SELL,LIMIT,1700878779465,302,0.2500180
SEIUSDT,SELL,LIMIT,1700878833813,414,0.2490423
SEIUSDT,SELL,LIMIT,1700878848785,400,0.2481547
SEIUSDT,SELL,LIMIT,1700878850221,39,0.2477317
SEIUSDT,SELL,LIMIT,1700879062021,15779,0.2474595
SEIUSDT,SELL,LIMIT,1700879063538,19777,0.2474024
SEIUSDT,SELL,LIMIT,1700879068002,55,0.2468323
SEIUSDT,SELL,LIMIT,1700879071211,231,0.2465858
SEIUSDT,SELL,LIMIT,1700879075386,1509,0.2463822
SEIUSDT,SELL,LIMIT,1700879092462,5918,0.2462471
SEIUSDT,SELL,LIMIT,1700879104575,9577,0.2462331
SEIUSDT,SELL,LIMIT,1700879115887,2068,0.2459001
SEIUSDT,BUY,LIMIT,1700879247178,19992,0.2551091
SEIUSDT,BUY,LIMIT,1700879541208,82,0.2528888
SEIUSDT,SELL,LIMIT,1700879551003,1313,0.2458289
SEIUSDT,SELL,LIMIT,1700879561120,9357,0.2456213
SEIUSDT,SELL,LIMIT,1700879593719,38,0.2451586
SEIUSDT,SELL,LIMIT,1700879621975,791,0.2451026
SEIUSDT,SELL,LIMIT,1700879623102,10194,0.2450001
SEIUSDT,SELL,LIMIT,1700879624196,1009,0.2450220
SEIUSDT,SELL,LIMIT,1700879652722,100,0.2445600
SEIUSDT,SELL,LIMIT,1700879721156,723,0.2441112
SEIUSDT,BUY,LIMIT,1700879843251,233,0.2525282
SEIUSDT,BUY,LIMIT,1700879967495,74,0.2529918
SEIUSDT,BUY,LIMIT,1700880143399,4377,0.2539314
SEIUSDT,BUY,LIMIT,1700880167348,4457,0.2542471
SEIUSDT,SELL,LIMIT,1700880561376,165,0.2448541
SEIUSDT,BUY,LIMIT,1700880864091,7110,0.2539302
SEIUSDT,BUY,LIMIT,1700881139666,164,0.2546514
SEIUSDT,BUY,LIMIT,1700881387474,7377,0.2558384
SEIUSDT,SELL,LIMIT,1700881709891,2297,0.2464932
SEIUSDT,SELL,LIMIT,1700882219128,1391,0.2465204
SEIUSDT,BUY,LIMIT,1700882508232,34,0.2560984
SEIUSDT,BUY,LIMIT,1700882524921,899,0.2566335
SEIUSDT,BUY,LIMIT,1700882530700,47,0.2566437
SEIUSDT,BUY,LIMIT,1700882542339,65,0.2569805
SEIUSDT,BUY,LIMIT,1700882543611,96,0.2570454
SEIUSDT,BUY,LIMIT,1700882567072,2701,0.2579074
SEIUSDT,BUY,LIMIT,1700882570615,5225,0.2580300
SEIUSDT,BUY,LIMIT,1700882876104,89,0.2582234
SEIUSDT,BUY,LIMIT,1700882877190,2222,0.2582297
SEIUSDT,BUY,LIMIT,1700882878488,598,0.2586098
SEIUSDT,BUY,LIMIT,1700882888149,9882,0.2587022
SEIUSDT,BUY,LIMIT,1700882925693,2045,0.2589614
SEIUSDT,BUY,LIMIT,1700882936778,171,0.2590318
SEIUSDT,BUY,LIMIT,1700883020124,336,0.2594397
SEIUSDT,BUY,LIMIT,1700883047422,19638,0.2596513
SEIUSDT,BUY,LIMIT,1700883071947,795,0.2599725
SEIUSDT,BUY,LIMIT,1700883077166,99,0.2605816
SEIUSDT,BUY,LIMIT,1700883081947,1964,0.2605698
SEIUSDT,BUY,LIMIT,1700883124688,50,0.2608809
SEIUSDT,BUY,LIMIT,1700883142538,187,0.2610208
SEIUSDT,SELL,LIMIT,1700883208455,9659,0.2519047
SEIUSDT,SELL,LIMIT,1700883216416,42,0.2517582
SEIUSDT,SELL,LIMIT,1700883356822,695,0.2509313
SEIUSDT,BUY,LIMIT,1700883395896,556,0.2596666
SEIUSDT,SELL,LIMIT,1700883562049,1990,0.2507821
SEIUSDT,SELL,LIMIT,1700883566077,788,0.2507742
SEIUSDT,SELL,LIMIT,1700883568508,891,0.2505725
SEIUSDT,SELL,LIMIT,1700883570079,407,0.2505135
SEIUSDT,SELL,LIMIT,1700883709490,1043,0.2496355
SEIUSDT,BUY,LIMIT,1700883954164,32,0.2566320
SEIUSDT,BUY,LIMIT,1700884268632,12989,0.2574997
SEIUSDT,BUY,LIMIT,1700884293088,1422,0.2577794
SEIUSDT,BUY,LIMIT,1700884294502,30,0.2579315
SEIUSDT,SELL,LIMIT,1700884588132,1114,0.2500941
SEIUSDT,SELL,LIMIT,1700884992220,84,0.2498856
SEIUSDT,SELL,LIMIT,1700884994383,703,0.2498001
SEIUSDT,SELL,LIMIT,1700885006410,1687,0.2498092
SEIUSDT,SELL,LIMIT,1700885056609,175,0.2495828
SEIUSDT,SELL,LIMIT,1700885060761,20,0.2494050
SEIUSDT,SELL,LIMIT,1700885399391,2115,0.2491438
SEIUSDT,SELL,LIMIT,1700885520225,2409,0.2489096
SEIUSDT,SELL,LIMIT,1700885541577,6447,0.2486071
SEIUSDT,SELL,LIMIT,1700885563619,50,0.2484505
SEIUSDT,SELL,LIMIT,1700885571398,22,0.2482341
SEIUSDT,SELL,LIMIT,1700885589486,100,0.2478539
SEIUSDT,SELL,LIMIT,1700885591257,52,0.2477890
SEIUSDT,SELL,LIMIT,1700885600216,4897,0.2475006
SEIUSDT,SELL,LIMIT,1700885636088,1942,0.2469958
SEIUSDT,SELL,LIMIT,1700885658428,16,0.2467337
SEIUSDT,BUY,LIMIT,1700886357283,4013,0.2562994
SEIUSDT,SELL,LIMIT,1700886813161,580,0.2472818
SEIUSDT,SELL,LIMIT,1700886832318,3324,0.2471075
SEIUSDT,SELL,LIMIT,1700886840031,91,0.2470218
SEIUSDT,SELL,LIMIT,1700886861710,1981,0.2464206
SEIUSDT,SELL,LIMIT,1700886895092,22,0.2460598
SEIUSDT,SELL,LIMIT,1700886901940,19231,0.2459321
SEIUSDT,SELL,LIMIT,1700886913520,31,0.2456035
SEIUSDT,SELL,LIMIT,1700886925032,6921,0.2452455
SEIUSDT,SELL,LIMIT,1700886926137,19982,0.2451632
SEIUSDT,SELL,LIMIT,1700886971321,1784,0.2447711
SEIUSDT,SELL,LIMIT,1700886973597,1182,0.2446749
SEIUSDT,BUY,LIMIT,1700887206026,542,0.2543283
SEIUSDT,BUY,LIMIT,1700887228187,21,0.2547538
SEIUSDT,BUY,LIMIT,1700887297357,398,0.2557483
SEIUSDT,SELL,LIMIT,1700887499059,12627,0.2468475
SEIUSDT,SELL,LIMIT,1700887569130,535,0.2466069
SEIUSDT,SELL,LIMIT,1700888234399,1704,0.2452477
SEIUSDT,SELL,LIMIT,1700888255940,12839,0.2451865
SEIUSDT,SELL,LIMIT,1700888299256,44,0.2446436
SEIUSDT,SELL,LIMIT,1700888476106,5701,0.2444743
SEIUSDT,SELL,LIMIT,1700888482342,1338,0.2444254
SEIUSDT,SELL,LIMIT,1700888483416,1004,0.2444200
SEIUSDT,SELL,LIMIT,1700888500633,1051,0.2440073
SEIUSDT,BUY,LIMIT,1700889747056,7033,0.2527091
SEIUSDT,BUY,LIMIT,1700889749732,1000,0.2528125
SEIUSDT,BUY,LIMIT,1700889868242,585,0.2529406
SEIUSDT,BUY,LIMIT,1700889911304,605,0.2531399
SEIUSDT,BUY,LIMIT,1700889918553,2669,0.2534544
SEIUSDT,BUY,LIMIT,1700889920474,1435,0.2536566
SEIUSDT,BUY,LIMIT,1700890187329,204,0.2540751
SEIUSDT,BUY,LIMIT,1700890266325,1892,0.2544251
SEIUSDT,BUY,LIMIT,1700890330191,122,0.2546506
SEIUSDT,BUY,LIMIT,1700890347490,48,0.2548750
SEIUSDT,BUY,LIMIT,1700890375615,3875,0.2553193
SEIUSDT,BUY,LIMIT,1700890383722,7133,0.2554603
SEIUSDT,SELL,LIMIT,1700890589267,23,0.2460739
SEIUSDT,SELL,LIMIT,1700890751310,525,0.2454901
SEIUSDT,SELL,LIMIT,1700890755137,644,0.2454414
SEIUSDT,SELL,LIMIT,1700890857997,4,0.2447305
SEIUSDT,BUY,LIMIT,1700892616793,177,0.2532393
SEIUSDT,BUY,LIMIT,1700892628070,61,0.2534477
SEIUSDT,BUY,LIMIT,1700892631042,774,0.2536335
SEIUSDT,SELL,LIMIT,1700893324387,21,0.2442142
SEIUSDT,SELL,LIMIT,1700893330642,4715,0.2437251
SEIUSDT,SELL,LIMIT,1700893331757,1039,0.2432106
SEIUSDT,SELL,LIMIT,1700893333387,3454,0.2430090
SEIUSDT,SELL,LIMIT,1700893503042,556,0.2474231
SEIUSDT,SELL,LIMIT,1700893839130,948,0.2428124
SEIUSDT,SELL,LIMIT,1700893842121,8120,0.2426977
SEIUSDT,SELL,LIMIT,1700893920384,10214,0.2425071
SEIUSDT,SELL,LIMIT,1700893926043,1307,0.2424453
SEIUSDT,SELL,LIMIT,1700893928163,3974,0.2424216
SEIUSDT,SELL,LIMIT,1700893929445,7846,0.2422697
SEIUSDT,SELL,LIMIT,1700893930589,12757,0.2419103
SEIUSDT,SELL,LIMIT,1700893932131,458,0.2418667
SEIUSDT,SELL,LIMIT,1700893939366,10000,0.2416553
SEIUSDT,SELL,LIMIT,1700893940436,4846,0.2415040
SEIUSDT,SELL,LIMIT,1700893954395,721,0.2414356
SEIUSDT,SELL,LIMIT,1700893957387,587,0.2412212
SEIUSDT,SELL,LIMIT,1700893959287,22,0.2406911
SEIUSDT,SELL,LIMIT,1700893960307,5992,0.2405024
SEIUSDT,SELL,LIMIT,1700893962499,1229,0.2404572
SEIUSDT,SELL,LIMIT,1700893963553,5007,0.2404408
SEIUSDT,SELL,LIMIT,1700894009205,171,0.2402811
SEIUSDT,SELL,LIMIT,1700894017469,664,0.2396406
SEIUSDT,SELL,LIMIT,1700894032231,3206,0.2393545
SEIUSDT,SELL,LIMIT,1700894036700,20132,0.2390242
SEIUSDT,SELL,LIMIT,1700894037863,314,0.2389120
SEIUSDT,SELL,LIMIT,1700894068829,152,0.2385990
SEIUSDT,SELL,LIMIT,1700894075402,438,0.2383855
SEIUSDT,SELL,LIMIT,1700894076453,902,0.2380752
SEIUSDT,SELL,LIMIT,1700894078656,256,0.2377442
SEIUSDT,BUY,LIMIT,1700894510134,833,0.2477880
SEIUSDT,SELL,LIMIT,1700894957314,1355,0.2378822
SEIUSDT,SELL,LIMIT,1700895052188,1106,0.2373863
SEIUSDT,SELL,LIMIT,1700895054890,123,0.2372767
SEIUSDT,SELL,LIMIT,1700895073155,1194,0.2372453
SEIUSDT,SELL,LIMIT,1700895076122,3000,0.2372161
SEIUSDT,SELL,LIMIT,1700895077128,1018,0.2370683
SEIUSDT,SELL,LIMIT,1700895139275,804,0.2371727
SEIUSDT,BUY,LIMIT,1700895271231,15563,0.2456158
SEIUSDT,BUY,LIMIT,1700895400598,1066,0.2462856
SEIUSDT,SELL,LIMIT,1700896016727,157,0.2381887
SEIUSDT,SELL,LIMIT,1700896122054,297,0.2367909
SEIUSDT,SELL,LIMIT,1700896123116,11634,0.2370957
SEIUSDT,SELL,LIMIT,1700896125247,242,0.2364849
SEIUSDT,SELL,LIMIT,1700896126305,261,0.2364458
SEIUSDT,SELL,LIMIT,1700896127356,304,0.2356497
SEIUSDT,SELL,LIMIT,1700896129673,961,0.2354501
SEIUSDT,SELL,LIMIT,1700896132566,84,0.2353311
SEIUSDT,SELL,LIMIT,1700896136206,419,0.2350588
SEIUSDT,SELL,LIMIT,1700896137226,20618,0.2350581
SEIUSDT,SELL,LIMIT,1700896141102,82072,0.2331013
SEIUSDT,SELL,LIMIT,1700896142148,1207,0.2348229
SEIUSDT,SELL,LIMIT,1700896143828,1819,0.2346763
SEIUSDT,SELL,LIMIT,1700896145498,9819,0.2341451
SEIUSDT,SELL,LIMIT,1700896175964,111,0.2341265
SEIUSDT,SELL,LIMIT,1700896177240,531,0.2340354
SEIUSDT,SELL,LIMIT,1700896178321,410,0.2338423
SEIUSDT,SELL,LIMIT,1700896179475,1875,0.2338450
SEIUSDT,SELL,LIMIT,1700896181277,3579,0.2336515
SEIUSDT,SELL,LIMIT,1700896188491,226,0.2333094
SEIUSDT,SELL,LIMIT,1700896190329,959,0.2331797
SEIUSDT,SELL,LIMIT,1700896191808,6133,0.2331174
SEIUSDT,SELL,LIMIT,1700896193608,8604,0.2328797
SEIUSDT,SELL,LIMIT,1700896194750,2137,0.2327976
SEIUSDT,SELL,LIMIT,1700896199065,1565,0.2326146
SEIUSDT,SELL,LIMIT,1700896200190,809,0.2325408
SEIUSDT,SELL,LIMIT,1700896208278,11603,0.2323995
SEIUSDT,SELL,LIMIT,1700896210101,5384,0.2319207
SEIUSDT,SELL,LIMIT,1700896211111,595,0.2319840
SEIUSDT,SELL,LIMIT,1700896213067,227,0.2317442
SEIUSDT,SELL,LIMIT,1700896214254,40,0.2316356
SEIUSDT,SELL,LIMIT,1700896215389,148,0.2312686
SEIUSDT,SELL,LIMIT,1700896216432,2108,0.2310877
SEIUSDT,SELL,LIMIT,1700896217664,2202,0.2308268
SEIUSDT,SELL,LIMIT,1700896220818,250,0.2307875
SEIUSDT,SELL,LIMIT,1700896280252,1868,0.2309671
SEIUSDT,SELL,LIMIT,1700896286145,1989,0.2307068
SEIUSDT,SELL,LIMIT,1700896288531,59265,0.2291391
SEIUSDT,SELL,LIMIT,1700896293832,20441,0.2305128
SEIUSDT,SELL,LIMIT,1700896321315,25,0.2303551
SEIUSDT,BUY,LIMIT,1700896404110,10647,0.2393787
SEIUSDT,SELL,LIMIT,1700896458154,8037,0.2314259
SEIUSDT,SELL,LIMIT,1700896600024,33,0.2311071
SEIUSDT,SELL,LIMIT,1700896605784,1194,0.2308904
SEIUSDT,SELL,LIMIT,1700896606963,172,0.2303941
SEIUSDT,SELL,LIMIT,1700896610848,221,0.2302472
SEIUSDT,SELL,LIMIT,1700896625374,33,0.2300420
SEIUSDT,SELL,LIMIT,1700896630276,423913,0.2233182
SEIUSDT,SELL,LIMIT,1700896631811,10554,0.2296873
SEIUSDT,SELL,LIMIT,1700896632987,122,0.2295901
SEIUSDT,SELL,LIMIT,1700896636197,20867,0.2292894
SEIUSDT,SELL,LIMIT,1700896637296,4271,0.2291911
SEIUSDT,SELL,LIMIT,1700896653068,268,0.2290717
SEIUSDT,BUY,LIMIT,1700896896322,8553,0.2391135
SEIUSDT,BUY,LIMIT,1700896907291,2725,0.2394502
SEIUSDT,BUY,LIMIT,1700896908395,20541,0.2396534
SEIUSDT,BUY,LIMIT,1700896922338,6515,0.2399598
SEIUSDT,BUY,LIMIT,1700896926181,1201,0.2399908
SEIUSDT,BUY,LIMIT,1700896935627,26,0.2403477
SEIUSDT,BUY,LIMIT,1700896944104,638,0.2414764
SEIUSDT,SELL,LIMIT,1700897176050,290,0.2321564
SEIUSDT,SELL,LIMIT,1700897238867,106,0.2312872
SEIUSDT,SELL,LIMIT,1700897242249,1949,0.2308006
SEIUSDT,SELL,LIMIT,1700897372409,367,0.2303704
SEIUSDT,SELL,LIMIT,1700897403482,165,0.2296406
SEIUSDT,SELL,LIMIT,1700897747320,139,0.2298460
SEIUSDT,SELL,LIMIT,1700897753609,264,0.2293524
SEIUSDT,SELL,LIMIT,1700897760963,286,0.2289281
SEIUSDT,SELL,LIMIT,1700897762341,927,0.2288216
SEIUSDT,SELL,LIMIT,1700897763474,5126,0.2288590
SEIUSDT,SELL,LIMIT,1700897774344,10053,0.2285514
SEIUSDT,SELL,LIMIT,1700897783902,25,0.2283743
SEIUSDT,SELL,LIMIT,1700897785870,43,0.2280932
SEIUSDT,SELL,LIMIT,1700897787070,512,0.2279967
SEIUSDT,SELL,LIMIT,1700897790143,1008,0.2275956
SEIUSDT,SELL,LIMIT,1700897793164,1835,0.2274793
SEIUSDT,SELL,LIMIT,1700897794167,19861,0.2273689
SEIUSDT,SELL,LIMIT,1700897796345,6908,0.2271601
SEIUSDT,SELL,LIMIT,1700897934969,38,0.2272499
SEIUSDT,SELL,LIMIT,1700897938280,109,0.2271252
SEIUSDT,SELL,LIMIT,1700897941561,139,0.2270963
SEIUSDT,BUY,LIMIT,1700898114772,8272,0.2364605
SEIUSDT,BUY,LIMIT,1700898327879,161,0.2377454
SEIUSDT,BUY,LIMIT,1700898330403,10176,0.2381654
SEIUSDT,SELL,LIMIT,1700898504767,66,0.2297023
SEIUSDT,SELL,LIMIT,1700898520109,2385,0.2288048
SEIUSDT,SELL,LIMIT,1700898580331,927,0.2281354
SEIUSDT,SELL,LIMIT,1700898727464,260,0.2273769
SEIUSDT,SELL,LIMIT,1700898746229,5561,0.2270903
SEIUSDT,SELL,LIMIT,1700898748153,3848,0.2269157
SEIUSDT,SELL,LIMIT,1700898752223,78,0.2268001
SEIUSDT,SELL,LIMIT,1700898753268,1037,0.2267413
SEIUSDT,BUY,LIMIT,1700898901412,8009,0.2347579
SEIUSDT,BUY,LIMIT,1700898906491,83,0.2356081
SEIUSDT,BUY,LIMIT,1700898925903,43,0.2357355
SEIUSDT,BUY,LIMIT,1700898946349,6950,0.2359423
SEIUSDT,BUY,LIMIT,1700899185247,33,0.2371357
SEIUSDT,BUY,LIMIT,1700899190206,21710,0.2374508
SEIUSDT,SELL,LIMIT,1700899338866,13917,0.2303066
SEIUSDT,BUY,LIMIT,1700899502886,7029,0.2392803
SEIUSDT,BUY,LIMIT,1700899531084,1183,0.2397568
SEIUSDT,BUY,LIMIT,1700899544950,251,0.2398265
SEIUSDT,BUY,LIMIT,1700899736044,2707,0.2408073
SEIUSDT,SELL,LIMIT,1700899895177,5805,0.2314403
SEIUSDT,SELL,LIMIT,1700899896254,279,0.2314254
SEIUSDT,SELL,LIMIT,1700900061378,2304,0.2304030
SEIUSDT,SELL,LIMIT,1700900068979,211,0.2301870
SEIUSDT,SELL,LIMIT,1700900088981,15254,0.2293669
SEIUSDT,SELL,LIMIT,1700900095268,708,0.2293453
SEIUSDT,SELL,LIMIT,1700900190738,980,0.2288064
SEIUSDT,SELL,LIMIT,1700900201087,251,0.2285286
SEIUSDT,SELL,LIMIT,1700900210636,5389,0.2284843
SEIUSDT,SELL,LIMIT,1700900620755,362,0.2278723
SEIUSDT,BUY,LIMIT,1700901160193,2568,0.2364208
SEIUSDT,BUY,LIMIT,1700901883449,21542,0.2365739
SEIUSDT,BUY,LIMIT,1700901894705,563,0.2365936
SEIUSDT,BUY,LIMIT,1700901926123,7778,0.2380218
SEIUSDT,SELL,LIMIT,1700902339268,1066,0.2297177
SEIUSDT,SELL,LIMIT,1700902346828,21358,0.2294650
SEIUSDT,SELL,LIMIT,1700902364138,1193,0.2293088
SEIUSDT,BUY,LIMIT,1700902450320,214,0.2375114
SEIUSDT,SELL,LIMIT,1700902568392,1698,0.2299274
SEIUSDT,SELL,LIMIT,1700903436040,1071,0.2286808
SEIUSDT,SELL,LIMIT,1700903438011,2576,0.2280286
SEIUSDT,SELL,LIMIT,1700903469425,21428,0.2275150
SEIUSDT,SELL,LIMIT,1700903476907,740,0.2272501
SEIUSDT,BUY,LIMIT,1700903614399,615,0.2348599
SEIUSDT,BUY,LIMIT,1700903624938,19075,0.2349949
SEIUSDT,BUY,LIMIT,1700904228877,60,0.2351144
SEIUSDT,BUY,LIMIT,1700905411299,618,0.2356064
SEIUSDT,BUY,LIMIT,1700905471647,2592,0.2359123
SEIUSDT,BUY,LIMIT,1700905554029,1049,0.2361176
SEIUSDT,BUY,LIMIT,1700905555971,21673,0.2361805
SEIUSDT,SELL,LIMIT,1700905822068,1311,0.2270800
SEIUSDT,SELL,LIMIT,1700905922610,169,0.2265037
SEIUSDT,SELL,LIMIT,1700905924079,739,0.2264403
SEIUSDT,SELL,LIMIT,1700905929422,11923,0.2262653
SEIUSDT,SELL,LIMIT,1700905936059,163,0.2259737
SEIUSDT,SELL,LIMIT,1700905942510,200,0.2256159
SEIUSDT,SELL,LIMIT,1700905963943,5000,0.2254461
SEIUSDT,SELL,LIMIT,1700906019949,13297,0.2251880
SEIUSDT,SELL,LIMIT,1700906027806,2314,0.2250997
SEIUSDT,SELL,LIMIT,1700906028888,87,0.2249335
SEIUSDT,SELL,LIMIT,1700906030208,115,0.2248320
SEIUSDT,SELL,LIMIT,1700906031453,1319,0.2248870
SEIUSDT,SELL,LIMIT,1700906367964,21145,0.2247055
SEIUSDT,SELL,LIMIT,1700906372727,99,0.2246130
SEIUSDT,SELL,LIMIT,1700906373844,1676,0.2245037
SEIUSDT,SELL,LIMIT,1700906374899,446,0.2244195
SEIUSDT,SELL,LIMIT,1700906381207,12855,0.2242465
SEIUSDT,SELL,LIMIT,1700906386245,1940,0.2241302
SEIUSDT,SELL,LIMIT,1700906487882,403,0.2240833
SEIUSDT,BUY,LIMIT,1700906625395,238,0.2320382
SEIUSDT,BUY,LIMIT,1700906689623,547,0.2327252
SEIUSDT,BUY,LIMIT,1700906972477,514,0.2333167
SEIUSDT,SELL,LIMIT,1700908037942,4360,0.2248580
SEIUSDT,BUY,LIMIT,1700908718424,412,0.2321428
SEIUSDT,SELL,LIMIT,1700909422343,1532,0.2239447
SEIUSDT,SELL,LIMIT,1700909459182,372,0.2236818
SEIUSDT,SELL,LIMIT,1700909508245,3065,0.2235578
SEIUSDT,SELL,LIMIT,1700909515743,808,0.2232731
SEIUSDT,SELL,LIMIT,1700909520258,1494,0.2231141
SEIUSDT,SELL,LIMIT,1700909551238,701,0.2230010
SEIUSDT,SELL,LIMIT,1700909552764,5000,0.2228544
SEIUSDT,SELL,LIMIT,1700909674057,11995,0.2226281
SEIUSDT,SELL,LIMIT,1700909675892,1207,0.2225530
SEIUSDT,SELL,LIMIT,1700909698301,15623,0.2224817
SEIUSDT,SELL,LIMIT,1700909727099,86,0.2218251
SEIUSDT,SELL,LIMIT,1700909728124,1369,0.2221860
SEIUSDT,SELL,LIMIT,1700909729545,6372,0.2213519
SEIUSDT,SELL,LIMIT,1700909730548,1569,0.2212997
SEIUSDT,SELL,LIMIT,1700909732666,39410,0.2203374
SEIUSDT,SELL,LIMIT,1700909734163,51,0.2212702
SEIUSDT,SELL,LIMIT,1700909736010,264,0.2211825
SEIUSDT,SELL,LIMIT,1700909739540,172,0.2208703
SEIUSDT,SELL,LIMIT,1700909753401,108,0.2205725
SEIUSDT,SELL,LIMIT,1700909758366,46,0.2206704
SEIUSDT,SELL,LIMIT,1700909759524,94,0.2202524
SEIUSDT,SELL,LIMIT,1700909761302,3047,0.2200490
SEIUSDT,SELL,LIMIT,1700910199014,48,0.2199653
SEIUSDT,SELL,LIMIT,1700910204778,1912,0.2199611
SEIUSDT,SELL,LIMIT,1700910214070,72,0.2198428
SEIUSDT,SELL,LIMIT,1700910217592,21,0.2197624
SEIUSDT,SELL,LIMIT,1700910384061,370,0.2196275
SEIUSDT,SELL,LIMIT,1700910385210,432,0.2195317
SEIUSDT,SELL,LIMIT,1700910391564,4945,0.2193690
SEIUSDT,SELL,LIMIT,1700910401902,1428,0.2193218
SEIUSDT,SELL,LIMIT,1700910431145,1000,0.2192121
SEIUSDT,SELL,LIMIT,1700910820878,605,0.2190707
SEIUSDT,SELL,LIMIT,1700910822669,1426,0.2190396
SEIUSDT,SELL,LIMIT,1700910860054,7542,0.2185847
SEIUSDT,SELL,LIMIT,1700910861106,880,0.2187520
SEIUSDT,SELL,LIMIT,1700910872507,4347,0.2185461
SEIUSDT,SELL,LIMIT,1700910873861,86,0.2184690
SEIUSDT,SELL,LIMIT,1700910875234,1104,0.2183501
SEIUSDT,SELL,LIMIT,1700910909662,386,0.2182094
SEIUSDT,SELL,LIMIT,1700910915001,61,0.2181735
SEIUSDT,SELL,LIMIT,1700910929130,33091,0.2172486
SEIUSDT,SELL,LIMIT,1700910930256,4550,0.2179965
SEIUSDT,SELL,LIMIT,1700910943194,409,0.2178643
SEIUSDT,SELL,LIMIT,1700910951738,113,0.2178719
SEIUSDT,SELL,LIMIT,1700910963738,1055,0.2176391
SEIUSDT,SELL,LIMIT,1700911007952,25,0.2175116
SEIUSDT,SELL,LIMIT,1700911061981,5586,0.2175065
SEIUSDT,SELL,LIMIT,1700911070143,3775,0.2173562
SEIUSDT,SELL,LIMIT,1700911075726,25,0.2172432
SEIUSDT,SELL,LIMIT,1700911110562,503,0.2175956
SEIUSDT,SELL,LIMIT,1700911147862,5769,0.2179984
SEIUSDT,SELL,LIMIT,1700911161217,3266,0.2176956
SEIUSDT,BUY,LIMIT,1700911211361,6654,0.2250036
SEIUSDT,BUY,LIMIT,1700911237576,286,0.2255864
SEIUSDT,BUY,LIMIT,1700911371081,3544,0.2261555
SEIUSDT,BUY,LIMIT,1700911412346,251,0.2266902
SEIUSDT,SELL,LIMIT,1700911523584,44,0.2195566
SEIUSDT,BUY,LIMIT,1700911922337,10229,0.2273040
SEIUSDT,BUY,LIMIT,1700911945263,476,0.2274154
SEIUSDT,SELL,LIMIT,1700912172126,171,0.2199689
SEIUSDT,SELL,LIMIT,1700912209881,1250,0.2195751
SEIUSDT,SELL,LIMIT,1700912248951,353,0.2193911
SEIUSDT,SELL,LIMIT,1700912287453,16685,0.2185441
SEIUSDT,SELL,LIMIT,1700912312477,106,0.2183240
SEIUSDT,SELL,LIMIT,1700912439092,123578,0.2157313
SEIUSDT,SELL,LIMIT,1700912444251,1260,0.2175973
SEIUSDT,SELL,LIMIT,1700912453301,949,0.2172955
SEIUSDT,SELL,LIMIT,1700912501937,4223,0.2172740
SEIUSDT,SELL,LIMIT,1700912504043,21845,0.2173070
SEIUSDT,SELL,LIMIT,1700912564566,1066,0.2169703
SEIUSDT,SELL,LIMIT,1700912567891,4134,0.2169801
SEIUSDT,SELL,LIMIT,1700912569165,403,0.2167450
SEIUSDT,SELL,LIMIT,1700912576753,65,0.2163698
SEIUSDT,SELL,LIMIT,1700912590769,1570,0.2163620
SEIUSDT,SELL,LIMIT,1700912593815,81,0.2163048
SEIUSDT,SELL,LIMIT,1700912595787,230,0.2162803
SEIUSDT,SELL,LIMIT,1700912599446,68,0.2162535
SEIUSDT,SELL,LIMIT,1700912638500,10350,0.2161579
SEIUSDT,SELL,LIMIT,1700912641110,9130,0.2160358
SEIUSDT,BUY,LIMIT,1700912716297,13615,0.2240940
SEIUSDT,BUY,LIMIT,1700912740808,20982,0.2243874
SEIUSDT,BUY,LIMIT,1700912929947,781,0.2248011
SEIUSDT,BUY,LIMIT,1700912949221,61,0.2249155
SEIUSDT,BUY,LIMIT,1700912973787,1137,0.2250826
SEIUSDT,BUY,LIMIT,1700912976329,70,0.2251760
SEIUSDT,BUY,LIMIT,1700913652181,299,0.2261733
SEIUSDT,BUY,LIMIT,1700913653500,604,0.2262780
SEIUSDT,BUY,LIMIT,1700913658027,4954,0.2263956
SEIUSDT,BUY,LIMIT,1700913671805,4614,0.2269062
SEIUSDT,BUY,LIMIT,1700913802347,19456,0.2281393
SEIUSDT,BUY,LIMIT,1700913803379,5547,0.2284159
SEIUSDT,BUY,LIMIT,1700913814652,60,0.2286995
SEIUSDT,BUY,LIMIT,1700913896663,22518,0.2294770
SEIUSDT,BUY,LIMIT,1700913898116,22411,0.2298596
SEIUSDT,BUY,LIMIT,1700913901091,425,0.2300569
SEIUSDT,BUY,LIMIT,1700914506194,699,0.2305702
SEIUSDT,BUY,LIMIT,1700914529763,3482,0.2306070
SEIUSDT,BUY,LIMIT,1700914533686,69,0.2309620
SEIUSDT,BUY,LIMIT,1700914561116,6292,0.2310469
SEIUSDT,BUY,LIMIT,1700914563287,633,0.2310999
SEIUSDT,BUY,LIMIT,1700914565124,7213,0.2312513
SEIUSDT,BUY,LIMIT,1700914599316,90,0.2315641
SEIUSDT,BUY,LIMIT,1700914618181,22,0.2319362
SEIUSDT,BUY,LIMIT,1700914644544,180,0.2323484
SEIUSDT,BUY,LIMIT,1700914646251,451,0.2324222
SEIUSDT,BUY,LIMIT,1700914654675,1082,0.2325282
SEIUSDT,BUY,LIMIT,1700914658594,3872,0.2326655
SEIUSDT,BUY,LIMIT,1700914662570,482,0.2331562
SEIUSDT,BUY,LIMIT,1700914674185,28640,0.2339603
SEIUSDT,BUY,LIMIT,1700914676185,12358,0.2335342
SEIUSDT,BUY,LIMIT,1700914679983,2187,0.2337904
SEIUSDT,BUY,LIMIT,1700914686995,17316,0.2338860
SEIUSDT,BUY,LIMIT,1700914688322,2708,0.2339078
SEIUSDT,BUY,LIMIT,1700914695914,908,0.2343342
SEIUSDT,BUY,LIMIT,1700914699061,115,0.2346451
SEIUSDT,BUY,LIMIT,1700914700127,1907,0.2345938
SEIUSDT,SELL,LIMIT,1700914820782,8049,0.2264263
SEIUSDT,SELL,LIMIT,1700914906047,227,0.2255151
SEIUSDT,BUY,LIMIT,1700915093178,10446,0.2333635
SEIUSDT,BUY,LIMIT,1700915401640,7577,0.2341524
SEIUSDT,SELL,LIMIT,1700915469046,5430,0.2258076
SEIUSDT,SELL,LIMIT,1700915588692,1098,0.2248288
SEIUSDT,BUY,LIMIT,1700916218479,801,0.2327660
SEIUSDT,BUY,LIMIT,1700916750335,5432,0.2346559
SEIUSDT,BUY,LIMIT,1700916751375,2920,0.2347551
SEIUSDT,BUY,LIMIT,1700916823896,27,0.2355311
SEIUSDT,BUY,LIMIT,1700916825582,179,0.2357468
SEIUSDT,BUY,LIMIT,1700916830491,269,0.2361060
SEIUSDT,BUY,LIMIT,1700916838165,449,0.2364757
SEIUSDT,BUY,LIMIT,1700916999304,1528,0.2367368
SEIUSDT,BUY,LIMIT,1700917008318,177,0.2370566
SEIUSDT,BUY,LIMIT,1700917012652,7690,0.2372571
SEIUSDT,BUY,LIMIT,1700917054487,45,0.2372919
SEIUSDT,BUY,LIMIT,1700917166902,2506,0.2376147
SEIUSDT,BUY,LIMIT,1700917214175,40,0.2378914
SEIUSDT,BUY,LIMIT,1700917225415,16764,0.2380561
SEIUSDT,BUY,LIMIT,1700917286276,11348,0.2376848
SEIUSDT,BUY,LIMIT,1700917301138,202,0.2388662
SEIUSDT,BUY,LIMIT,1700917303739,1162,0.2390341
SEIUSDT,BUY,LIMIT,1700917306274,7176,0.2392830
SEIUSDT,BUY,LIMIT,1700917322971,78,0.2396483
SEIUSDT,SELL,LIMIT,1700917341127,35,0.2312408
SEIUSDT,SELL,LIMIT,1700917423294,4266,0.2297542
SEIUSDT,SELL,LIMIT,1700917461508,4806,0.2293669
SEIUSDT,SELL,LIMIT,1700917468857,4786,0.2290719
SEIUSDT,SELL,LIMIT,1700917595061,711,0.2277006
SEIUSDT,SELL,LIMIT,1700917597466,2214,0.2276044
SEIUSDT,SELL,LIMIT,1700917876177,703,0.2273109
SEIUSDT,SELL,LIMIT,1700917877383,13908,0.2271563
SEIUSDT,SELL,LIMIT,1700917917960,276,0.2264951
SEIUSDT,SELL,LIMIT,1700918397804,1308,0.2259749
SEIUSDT,SELL,LIMIT,1700918400003,795,0.2258703
SEIUSDT,BUY,LIMIT,1700918506805,377,0.2341990
SEIUSDT,BUY,LIMIT,1700918806825,13481,0.2352649
SEIUSDT,BUY,LIMIT,1700919285005,118,0.2362972
SEIUSDT,BUY,LIMIT,1700920129059,36,0.2367871
SEIUSDT,BUY,LIMIT,1700920302720,2957,0.2359962
SEIUSDT,SELL,LIMIT,1700921489738,7339,0.2274065
SEIUSDT,SELL,LIMIT,1700921536142,2352,0.2275884
SEIUSDT,BUY,LIMIT,1700922340169,615,0.2360853
SEIUSDT,BUY,LIMIT,1700922619212,2158,0.2362162
SEIUSDT,BUY,LIMIT,1700922651727,723,0.2365201
SEIUSDT,SELL,LIMIT,1700925366038,1871,0.2272512
SEIUSDT,SELL,LIMIT,1700925707644,41,0.2266465
SEIUSDT,SELL,LIMIT,1700925732927,1173,0.2265064
SEIUSDT,BUY,LIMIT,1700926235699,246,0.2350656
SEIUSDT,BUY,LIMIT,1700926286880,1181,0.2352711
SEIUSDT,BUY,LIMIT,1700926299902,861,0.2355738
SEIUSDT,BUY,LIMIT,1700926301039,34,0.2356064
SEIUSDT,SELL,LIMIT,1700926972869,40,0.2280255
SEIUSDT,BUY,LIMIT,1700927858493,27,0.2335401
SEIUSDT,BUY,LIMIT,1700928379795,82474,0.2369328
SEIUSDT,BUY,LIMIT,1700928399315,5399,0.2363114
SEIUSDT,BUY,LIMIT,1700928413852,8579,0.2365833
SEIUSDT,BUY,LIMIT,1700929519295,19955,0.2365416
SEIUSDT,BUY,LIMIT,1700929542750,1294,0.2369629
SEIUSDT,SELL,LIMIT,1700930301174,21431,0.2286733
SEIUSDT,BUY,LIMIT,1700932009413,5447,0.2360299
SEIUSDT,BUY,LIMIT,1700933081972,2726,0.2360888
SEIUSDT,SELL,LIMIT,1700934801292,3357,0.2283592
SEIUSDT,SELL,LIMIT,1700935975038,3929,0.2263951
SEIUSDT,SELL,LIMIT,1700935979120,21634,0.2262801
SEIUSDT,BUY,LIMIT,1700939373304,10376,0.2344342
SEIUSDT,BUY,LIMIT,1700939523900,1031,0.2351345
SEIUSDT,BUY,LIMIT,1700939607198,415,0.2341453
