Symbol,Side,Order Type,Time,Quantity,Price
SEIUSDT,BUY,LIMIT,1701065294666,1242,0.2296946
SEIUSDT,BUY,LIMIT,1701065413383,883,0.2307109
SEIUSDT,BUY,LIMIT,1701065734137,2729,0.2311272
SEIUSDT,SELL,LIMIT,1701067271911,600,0.2207571
SEIUSDT,SELL,LIMIT,1701067304591,3527,0.2199101
SEIUSDT,SELL,LIMIT,1701067317606,20058,0.2197083
SEIUSDT,SELL,LIMIT,1701067330060,1217,0.2194789
SEIUSDT,SELL,LIMIT,1701067452434,815,0.2190435
SEIUSDT,BUY,LIMIT,1701067583526,30,0.2268252
SEIUSDT,SELL,LIMIT,1701067589375,1000,0.2199542
SEIUSDT,BUY,LIMIT,1701067746401,680,0.2264465
SEIUSDT,BUY,LIMIT,1701067751344,14968,0.2264465
SEIUSDT,BUY,LIMIT,1701067812783,306,0.2262435
SEIUSDT,BUY,LIMIT,1701068022904,82,0.2256865
SEIUSDT,SELL,LIMIT,1701068074172,65,0.2200491
SEIUSDT,SELL,LIMIT,1701068114182,1027,0.2197536
SEIUSDT,SELL,LIMIT,1701068764516,1634,0.2184421
SEIUSDT,SELL,LIMIT,1701068778827,3947,0.2183410
SEIUSDT,SELL,LIMIT,1701068819783,255,0.2179849
SEIUSDT,SELL,LIMIT,1701069064598,13542,0.2168846
SEIUSDT,SELL,LIMIT,1701069127070,2037,0.2162201
SEIUSDT,SELL,LIMIT,1701069131899,7062,0.2159646
SEIUSDT,SELL,LIMIT,1701069220206,110923,0.2142683
SEIUSDT,BUY,LIMIT,1701069289253,1261,0.2226510
SEIUSDT,SELL,LIMIT,1701069486050,12179,0.2158136
SEIUSDT,SELL,LIMIT,1701069529833,672,0.2154445
SEIUSDT,SELL,LIMIT,1701069559566,21364,0.2151314
SEIUSDT,SELL,LIMIT,1701069560582,22064,0.2150922
SEIUSDT,SELL,LIMIT,1701069561913,8232,0.2150150
SEIUSDT,SELL,LIMIT,1701069575249,5509,0.2150464
SEIUSDT,SELL,LIMIT,1701069589986,1696,0.2147052
SEIUSDT,SELL,LIMIT,1701069591930,709,0.2146181
SEIUSDT,SELL,LIMIT,1701069598026,1772,0.2144101
SEIUSDT,SELL,LIMIT,1701069639539,16526,0.2144393
SEIUSDT,SELL,LIMIT,1701069650101,493,0.2146354
SEIUSDT,SELL,LIMIT,1701069801626,724,0.2141159
SEIUSDT,SELL,LIMIT,1701069834033,168,0.2139065
SEIUSDT,SELL,LIMIT,1701069843821,1336,0.2133429
SEIUSDT,SELL,LIMIT,1701069880863,51,0.2128586
SEIUSDT,SELL,LIMIT,1701069885168,27,0.2127108
SEIUSDT,SELL,LIMIT,1701069886975,81,0.2125799
SEIUSDT,SELL,LIMIT,1701069888638,3352,0.2124902
SEIUSDT,SELL,LIMIT,1701069895888,20575,0.2129130
SEIUSDT,SELL,LIMIT,1701070166168,2897,0.2135481
SEIUSDT,SELL,LIMIT,1701070167889,22411,0.2135058
SEIUSDT,SELL,LIMIT,1701070170539,507,0.2132715
SEIUSDT,SELL,LIMIT,1701071347347,3843,0.2152018
SEIUSDT,BUY,LIMIT,1701072010038,195,0.2209917
SEIUSDT,BUY,LIMIT,1701072011377,601,0.2209975
SEIUSDT,BUY,LIMIT,1701072693512,35,0.2220151
SEIUSDT,SELL,LIMIT,1701074048615,127,0.2142097
SEIUSDT,BUY,LIMIT,1701074356985,421,0.2235622
SEIUSDT,SELL,LIMIT,1701074370612,1867,0.2174968
SEIUSDT,SELL,LIMIT,1701074864833,12419,0.2149507
SEIUSDT,BUY,LIMIT,1701076565631,1607,0.2235945
SEIUSDT,SELL,LIMIT,1701078959409,149,0.2135281
SEIUSDT,SELL,LIMIT,1701079185122,22706,0.2127725
SEIUSDT,SELL,LIMIT,1701079258411,290314,0.2066886
SEIUSDT,SELL,LIMIT,1701079261226,22904,0.2117268
SEIUSDT,SELL,LIMIT,1701080254172,60,0.2114421
SEIUSDT,SELL,LIMIT,1701080319986,2897,0.2112063
SEIUSDT,SELL,LIMIT,1701080332348,42,0.2110931
SEIUSDT,SELL,LIMIT,1701080368442,6303,0.2109281
SEIUSDT,SELL,LIMIT,1701080369849,128,0.2108562
SEIUSDT,SELL,LIMIT,1701080371134,6315,0.2107621
SEIUSDT,SELL,LIMIT,1701080374331,428,0.2102960
SEIUSDT,SELL,LIMIT,1701080375561,21248,0.2102460
SEIUSDT,SELL,LIMIT,1701080454476,423,0.2100002
SEIUSDT,SELL,LIMIT,1701080502110,6461,0.2098762
SEIUSDT,SELL,LIMIT,1701080512540,424,0.2098000
SEIUSDT,SELL,LIMIT,1701080514428,420,0.2097319
SEIUSDT,SELL,LIMIT,1701080516468,1293,0.2095059
SEIUSDT,SELL,LIMIT,1701080517643,347,0.2094601
SEIUSDT,SELL,LIMIT,1701080528558,3551,0.2095096
SEIUSDT,SELL,LIMIT,1701080546777,3981,0.2093451
SEIUSDT,SELL,LIMIT,1701080765675,4035,0.2092141
SEIUSDT,SELL,LIMIT,1701080782942,1860,0.2091836
SEIUSDT,SELL,LIMIT,1701080819299,4310,0.2090558
SEIUSDT,SELL,LIMIT,1701080992402,2150,0.2088972
SEIUSDT,SELL,LIMIT,1701080994850,467,0.2088758
SEIUSDT,SELL,LIMIT,1701080996470,1554,0.2087083
SEIUSDT,SELL,LIMIT,1701081134536,44,0.2085447
SEIUSDT,SELL,LIMIT,1701081136631,587,0.2084494
SEIUSDT,SELL,LIMIT,1701081137911,595,0.2082899
SEIUSDT,SELL,LIMIT,1701081160622,5737,0.2080366
SEIUSDT,SELL,LIMIT,1701081165209,99,0.2079973
SEIUSDT,SELL,LIMIT,1701081166489,7795,0.2078351
SEIUSDT,SELL,LIMIT,1701081183383,103,0.2077471
SEIUSDT,SELL,LIMIT,1701081498132,698,0.2080182
SEIUSDT,BUY,LIMIT,1701081540785,15347,0.2154837
SEIUSDT,SELL,LIMIT,1701081986214,94,0.2077448
SEIUSDT,SELL,LIMIT,1701082020223,600,0.2074711
SEIUSDT,SELL,LIMIT,1701082052084,86,0.2072397
SEIUSDT,SELL,LIMIT,1701082060110,182,0.2070429
SEIUSDT,SELL,LIMIT,1701082066337,4405,0.2066840
SEIUSDT,SELL,LIMIT,1701082067382,27,0.2069007
SEIUSDT,SELL,LIMIT,1701082073619,1306,0.2066008
SEIUSDT,SELL,LIMIT,1701082095077,41676,0.2054004
SEIUSDT,SELL,LIMIT,1701082118075,1130,0.2061811
SEIUSDT,SELL,LIMIT,1701082247937,8482,0.2060077
SEIUSDT,SELL,LIMIT,1701082248964,185,0.2058671
SEIUSDT,SELL,LIMIT,1701082435666,50,0.2057828
SEIUSDT,SELL,LIMIT,1701082442126,8,0.2056077
SEIUSDT,SELL,LIMIT,1701082443552,23,0.2055150
SEIUSDT,SELL,LIMIT,1701082445816,536,0.2054448
SEIUSDT,SELL,LIMIT,1701082447569,5374,0.2054492
SEIUSDT,SELL,LIMIT,1701082466901,3302,0.2051937
SEIUSDT,SELL,LIMIT,1701082476050,23900,0.2048973
SEIUSDT,SELL,LIMIT,1701082477260,4076,0.2049534
SEIUSDT,SELL,LIMIT,1701082488398,43,0.2048587
SEIUSDT,SELL,LIMIT,1701082490142,102,0.2043603
SEIUSDT,SELL,LIMIT,1701082491351,118,0.2043962
SEIUSDT,SELL,LIMIT,1701082501813,513,0.2042361
SEIUSDT,SELL,LIMIT,1701082502891,884,0.2038260
SEIUSDT,SELL,LIMIT,1701082603101,177,0.2034268
SEIUSDT,SELL,LIMIT,1701082612783,24379,0.2032910
SEIUSDT,SELL,LIMIT,1701082622540,2059,0.2032056
SEIUSDT,BUY,LIMIT,1701082651470,247,0.2096990
SEIUSDT,SELL,LIMIT,1701082669536,32213,0.2026526
SEIUSDT,SELL,LIMIT,1701082674871,690,0.2031039
SEIUSDT,SELL,LIMIT,1701082676856,9099,0.2031136
SEIUSDT,SELL,LIMIT,1701082679364,50,0.2030759
SEIUSDT,SELL,LIMIT,1701082696213,26634,0.2027033
SEIUSDT,SELL,LIMIT,1701082701484,253,0.2026811
SEIUSDT,SELL,LIMIT,1701082705129,121,0.2034220
SEIUSDT,BUY,LIMIT,1701082828572,10857,0.2116057
SEIUSDT,BUY,LIMIT,1701082850163,746,0.2118521
SEIUSDT,BUY,LIMIT,1701083280753,14253,0.2110986
SEIUSDT,BUY,LIMIT,1701084150160,87,0.2130925
SEIUSDT,BUY,LIMIT,1701085058096,19982,0.2143828
SEIUSDT,BUY,LIMIT,1701085459158,11822,0.2155116
SEIUSDT,BUY,LIMIT,1701085466101,2123,0.2160228
SEIUSDT,BUY,LIMIT,1701085476206,1201,0.2165060
SEIUSDT,BUY,LIMIT,1701085879508,9972,0.2169167
SEIUSDT,SELL,LIMIT,1701086314556,773,0.2092091
SEIUSDT,SELL,LIMIT,1701086643322,4186,0.2104046
SEIUSDT,BUY,LIMIT,1701086923224,23707,0.2191659
SEIUSDT,BUY,LIMIT,1701086925199,261,0.2191350
SEIUSDT,BUY,LIMIT,1701086927637,220,0.2192036
SEIUSDT,SELL,LIMIT,1701088015945,2304,0.2106236
SEIUSDT,BUY,LIMIT,1701089369255,60,0.2183957
SEIUSDT,SELL,LIMIT,1701090972837,4540,0.2095395
SEIUSDT,BUY,LIMIT,1701093683326,86,0.2156875
SEIUSDT,SELL,LIMIT,1701094883606,9932,0.2077604
SEIUSDT,SELL,LIMIT,1701094894633,19288,0.2072228
SEIUSDT,SELL,LIMIT,1701095514509,7396,0.2053101
SEIUSDT,SELL,LIMIT,1701095519472,51672,0.2037702
SEIUSDT,SELL,LIMIT,1701095601059,23811,0.2043234
SEIUSDT,SELL,LIMIT,1701097058872,3712,0.2036879
SEIUSDT,BUY,LIMIT,1701097371029,234,0.2123694
SEIUSDT,BUY,LIMIT,1701097519726,8681,0.2143046
SEIUSDT,BUY,LIMIT,1701097572420,3034,0.2156627
SEIUSDT,SELL,LIMIT,1701098849207,11747,0.2083461
SEIUSDT,SELL,LIMIT,1701099234083,34,0.2076649
SEIUSDT,SELL,LIMIT,1701099716164,29,0.2068223
SEIUSDT,SELL,LIMIT,1701100072394,2240,0.2058358
SEIUSDT,SELL,LIMIT,1701100219343,9532,0.2048801
SEIUSDT,SELL,LIMIT,1701100571053,2094,0.2056681
SEIUSDT,SELL,LIMIT,1701100642262,4557,0.2051781
SEIUSDT,BUY,LIMIT,1701100961649,14577,0.2130631
SEIUSDT,SELL,LIMIT,1701101068926,18936,0.2070887
SEIUSDT,BUY,LIMIT,1701101071224,161,0.2133190
SEIUSDT,SELL,LIMIT,1701101755130,273,0.2204770
SEIUSDT,SELL,LIMIT,1701102045388,2017,0.2069752
SEIUSDT,SELL,LIMIT,1701102142121,41,0.2055760
SEIUSDT,BUY,LIMIT,1701104015981,247,0.2149770
SEIUSDT,BUY,LIMIT,1701104144195,477,0.2152779
SEIUSDT,BUY,LIMIT,1701104262516,652,0.2158621
SEIUSDT,BUY,LIMIT,1701104473704,5854,0.2177273
SEIUSDT,BUY,LIMIT,1701104805850,86,0.2189587
SEIUSDT,BUY,LIMIT,1701105059305,1567,0.2188866
SEIUSDT,BUY,LIMIT,1701105103161,5225,0.2191701
SEIUSDT,BUY,LIMIT,1701105106095,1955,0.2199436
SEIUSDT,BUY,LIMIT,1701105149833,36,0.2202827
SEIUSDT,BUY,LIMIT,1701106244450,7804,0.2214091
SEIUSDT,SELL,LIMIT,1701107455097,4474,0.2126581
SEIUSDT,SELL,LIMIT,1701107475981,2264,0.2119184
SEIUSDT,SELL,LIMIT,1701107592080,275,0.2111897
SEIUSDT,BUY,LIMIT,1701108944650,18155,0.2184327
SEIUSDT,SELL,LIMIT,1701110905415,235,0.2114841
SEIUSDT,SELL,LIMIT,1701111225763,1431,0.2114277
SEIUSDT,SELL,LIMIT,1701111581054,12345,0.2109871
SEIUSDT,SELL,LIMIT,1701111768376,6099,0.2114649
SEIUSDT,BUY,LIMIT,1701111921202,1461,0.2171084
SEIUSDT,SELL,LIMIT,1701112043036,4061,0.2101031
SEIUSDT,SELL,LIMIT,1701112082316,3887,0.2098608
SEIUSDT,SELL,LIMIT,1701112128484,2330,0.2091156
SEIUSDT,SELL,LIMIT,1701114102560,16103,0.2089876
SEIUSDT,SELL,LIMIT,1701114237067,2590,0.2081306
SEIUSDT,SELL,LIMIT,1701114466844,258,0.2095861
SEIUSDT,SELL,LIMIT,1701114476356,104,0.2077976
SEIUSDT,SELL,LIMIT,1701114491202,1392,0.2077192
SEIUSDT,SELL,LIMIT,1701114527088,125,0.2076574
SEIUSDT,BUY,LIMIT,1701114761962,92,0.2156242
SEIUSDT,SELL,LIMIT,1701116804098,7754,0.2080321
SEIUSDT,SELL,LIMIT,1701116870453,5186,0.2078139
SEIUSDT,SELL,LIMIT,1701116873725,30030,0.2075619
SEIUSDT,SELL,LIMIT,1701117359143,831,0.2073096
SEIUSDT,BUY,LIMIT,1701119525440,961,0.2159056
SEIUSDT,BUY,LIMIT,1701119681236,1936,0.2171940
SEIUSDT,BUY,LIMIT,1701119943387,805,0.2184728
SEIUSDT,BUY,LIMIT,1701120855248,140,0.2189137
SEIUSDT,BUY,LIMIT,1701120882732,740,0.2191270
SEIUSDT,BUY,LIMIT,1701120885064,328,0.2192944
SEIUSDT,BUY,LIMIT,1701122223110,221,0.2190732
SEIUSDT,BUY,LIMIT,1701122608323,4145,0.2208889
SEIUSDT,BUY,LIMIT,1701123069177,309,0.2213395
SEIUSDT,BUY,LIMIT,1701123980105,6940,0.2214977
SEIUSDT,BUY,LIMIT,1701123986115,331,0.2215744
SEIUSDT,BUY,LIMIT,1701124022368,7169,0.2217267
SEIUSDT,BUY,LIMIT,1701124027666,1048,0.2218414
SEIUSDT,BUY,LIMIT,1701124051617,69,0.2226163
SEIUSDT,BUY,LIMIT,1701124054789,6433,0.2228727
SEIUSDT,BUY,LIMIT,1701124058456,55,0.2230895
SEIUSDT,BUY,LIMIT,1701125097580,47243,0.2264186
SEIUSDT,BUY,LIMIT,1701125099086,343,0.2257546
SEIUSDT,BUY,LIMIT,1701125100358,2931,0.2259277
SEIUSDT,BUY,LIMIT,1701125101403,3252,0.2258524
SEIUSDT,BUY,LIMIT,1701125410575,2418,0.2273405
SEIUSDT,BUY,LIMIT,1701125511179,865,0.2274423
SEIUSDT,BUY,LIMIT,1701125711352,494,0.2283935
SEIUSDT,BUY,LIMIT,1701125784833,4869,0.2286434
SEIUSDT,SELL,LIMIT,1701126018738,11111,0.2205451
SEIUSDT,SELL,LIMIT,1701126305716,2670,0.2200081
SEIUSDT,BUY,LIMIT,1701126784943,53,0.2266561
SEIUSDT,BUY,LIMIT,1701127435348,380,0.2272565
SEIUSDT,SELL,LIMIT,1701127828503,86,0.2188183
SEIUSDT,BUY,LIMIT,1701128326133,5000,0.2273897
SEIUSDT,BUY,LIMIT,1701128347307,1383,0.2279144
SEIUSDT,BUY,LIMIT,1701128354011,994,0.2284795
SEIUSDT,BUY,LIMIT,1701128357104,1100,0.2286509
SEIUSDT,BUY,LIMIT,1701128391125,444,0.2293530
SEIUSDT,BUY,LIMIT,1701128775507,478,0.2297244
SEIUSDT,BUY,LIMIT,1701129011114,936,0.2305545
SEIUSDT,BUY,LIMIT,1701129038533,1167,0.2308142
SEIUSDT,BUY,LIMIT,1701129317426,229,0.2308749
SEIUSDT,BUY,LIMIT,1701129343061,916,0.2309931
SEIUSDT,BUY,LIMIT,1701129344156,458,0.2309931
SEIUSDT,BUY,LIMIT,1701129364234,24189,0.2316074
SEIUSDT,BUY,LIMIT,1701129413300,4579,0.2315906
SEIUSDT,BUY,LIMIT,1701129468964,62,0.2316631
SEIUSDT,BUY,LIMIT,1701129515166,438,0.2318947
SEIUSDT,BUY,LIMIT,1701129516171,529,0.2318772
SEIUSDT,BUY,LIMIT,1701129538068,7151,0.2324550
SEIUSDT,BUY,LIMIT,1701129561075,39099,0.2350460
SEIUSDT,BUY,LIMIT,1701129567737,140,0.2341507
SEIUSDT,BUY,LIMIT,1701130365029,179,0.2343587
SEIUSDT,BUY,LIMIT,1701130377150,89,0.2358233
SEIUSDT,BUY,LIMIT,1701130379175,29,0.2362633
SEIUSDT,SELL,LIMIT,1701130536219,4790,0.2269548
SEIUSDT,SELL,LIMIT,1701131411372,21967,0.2238683
SEIUSDT,BUY,LIMIT,1701131519970,3018,0.2315284
SEIUSDT,BUY,LIMIT,1701131585083,26,0.2310692
SEIUSDT,BUY,LIMIT,1701132124466,94,0.2312542
SEIUSDT,SELL,LIMIT,1701132690969,12941,0.2203656
SEIUSDT,SELL,LIMIT,1701133066720,1488,0.2192129
SEIUSDT,SELL,LIMIT,1701133367125,416,0.2180808
SEIUSDT,SELL,LIMIT,1701134493072,4656,0.2194605
SEIUSDT,SELL,LIMIT,1701135246091,22552,0.2183254
SEIUSDT,SELL,LIMIT,1701137046053,2151,0.2185847
SEIUSDT,BUY,LIMIT,1701138504083,3510,0.2249310
SEIUSDT,BUY,LIMIT,1701139110166,2657,0.2255647
SEIUSDT,SELL,LIMIT,1701141524280,9508,0.2192424
SEIUSDT,BUY,LIMIT,1701142988125,2016,0.2238271
SEIUSDT,SELL,LIMIT,1701143645820,439,0.2174327
SEIUSDT,SELL,LIMIT,1701144867081,18837,0.2174663
SEIUSDT,SELL,LIMIT,1701145466174,55,0.2166559
SEIUSDT,SELL,LIMIT,1701145526626,3865,0.2162204
SEIUSDT,SELL,LIMIT,1701145663447,22431,0.2152178
SEIUSDT,SELL,LIMIT,1701145711076,24791,0.2149072
SEIUSDT,SELL,LIMIT,1701145730521,12537,0.2147741
SEIUSDT,SELL,LIMIT,1701146964601,115,0.2141848
SEIUSDT,SELL,LIMIT,1701147720894,5743,0.2134601
SEIUSDT,SELL,LIMIT,1701147809101,484,0.2130075
SEIUSDT,SELL,LIMIT,1701147872115,22010,0.2130556
SEIUSDT,SELL,LIMIT,1701147879665,2068,0.2128992
SEIUSDT,SELL,LIMIT,1701147881288,4993,0.2128146
SEIUSDT,SELL,LIMIT,1701147889697,151,0.2124649
SEIUSDT,SELL,LIMIT,1701147895005,1522,0.2124621
SEIUSDT,SELL,LIMIT,1701148136100,1265,0.2126616
SEIUSDT,SELL,LIMIT,1701148186382,6718,0.2123683
SEIUSDT,SELL,LIMIT,1701149061240,176,0.2128298
SEIUSDT,SELL,LIMIT,1701149111719,2839,0.2126032
SEIUSDT,SELL,LIMIT,1701149773677,4426,0.2123312
SEIUSDT,SELL,LIMIT,1701149783736,1445,0.2122800
SEIUSDT,SELL,LIMIT,1701149786535,5430,0.2121691
SEIUSDT,SELL,LIMIT,1701149841741,1800,0.2121677
SEIUSDT,SELL,LIMIT,1701149847646,10000,0.2121001
SEIUSDT,SELL,LIMIT,1701149859465,348,0.2117551
SEIUSDT,SELL,LIMIT,1701149861116,111581,0.2099639
SEIUSDT,BUY,LIMIT,1701151700238,192,0.2208237
SEIUSDT,BUY,LIMIT,1701152060243,9727,0.2215744
SEIUSDT,BUY,LIMIT,1701152163722,89,0.2227452
SEIUSDT,BUY,LIMIT,1701152180974,10740,0.2235168
SEIUSDT,BUY,LIMIT,1701153365139,1054,0.2230666
SEIUSDT,BUY,LIMIT,1701154422740,672,0.2239678
SEIUSDT,SELL,LIMIT,1701155300367,131,0.2174044
SEIUSDT,SELL,LIMIT,1701155415327,2152,0.2151990
SEIUSDT,SELL,LIMIT,1701155750706,8344,0.2143105
SEIUSDT,SELL,LIMIT,1701156192492,5619,0.2128899
SEIUSDT,SELL,LIMIT,1701156356777,2137,0.2120925
SEIUSDT,SELL,LIMIT,1701156359959,5045,0.2120706
SEIUSDT,BUY,LIMIT,1701156561882,1,0.2166009
SEIUSDT,BUY,LIMIT,1701159377968,270,0.2222285
SEIUSDT,BUY,LIMIT,1701159752070,4312,0.2240347
SEIUSDT,BUY,LIMIT,1701159772119,136,0.2242540
SEIUSDT,BUY,LIMIT,1701160284774,770,0.2246562
SEIUSDT,BUY,LIMIT,1701160894375,109,0.2257819
SEIUSDT,SELL,LIMIT,1701161463233,2643,0.2184146
SEIUSDT,SELL,LIMIT,1701162056200,1332,0.2161678
SEIUSDT,SELL,LIMIT,1701162514184,1597,0.2156601
SEIUSDT,SELL,LIMIT,1701162567951,13033,0.2154102
SEIUSDT,SELL,LIMIT,1701162614520,8892,0.2148478
SEIUSDT,SELL,LIMIT,1701162802398,5236,0.2136804
SEIUSDT,BUY,LIMIT,1701163028602,32,0.2208639
SEIUSDT,BUY,LIMIT,1701164509024,2608,0.2223529
SEIUSDT,BUY,LIMIT,1701164931260,12468,0.2230989
SEIUSDT,BUY,LIMIT,1701170643902,9246,0.2238824
SEIUSDT,BUY,LIMIT,1701170837739,1270,0.2247626
SEIUSDT,BUY,LIMIT,1701171211257,27,0.2259852
SEIUSDT,BUY,LIMIT,1701171716543,1638,0.2264629
SEIUSDT,BUY,LIMIT,1701171723063,284,0.2268102
SEIUSDT,BUY,LIMIT,1701171759300,38444,0.2280976
SEIUSDT,BUY,LIMIT,1701171761045,8126,0.2273522
SEIUSDT,BUY,LIMIT,1701171771141,898,0.2257597
SEIUSDT,BUY,LIMIT,1701171868163,37621,0.2298594
SEIUSDT,BUY,LIMIT,1701171944263,4446,0.2299649
SEIUSDT,BUY,LIMIT,1701171947905,2930,0.2299990
SEIUSDT,BUY,LIMIT,1701171975086,254,0.2302071
SEIUSDT,BUY,LIMIT,1701171976169,5509,0.2320583
SEIUSDT,BUY,LIMIT,1701171985332,6843,0.2323656
SEIUSDT,BUY,LIMIT,1701172006964,1743,0.2329574
SEIUSDT,BUY,LIMIT,1701172014271,13304,0.2331491
SEIUSDT,BUY,LIMIT,1701172017184,65,0.2337840
SEIUSDT,BUY,LIMIT,1701172027853,4205,0.2341919
SEIUSDT,BUY,LIMIT,1701172063102,2409,0.2343598
SEIUSDT,BUY,LIMIT,1701172228745,3131,0.2328064
SEIUSDT,BUY,LIMIT,1701172618255,8131,0.2346199
SEIUSDT,BUY,LIMIT,1701172639907,1745,0.2346734
SEIUSDT,BUY,LIMIT,1701172847438,219,0.2354855
SEIUSDT,BUY,LIMIT,1701172850495,735,0.2360048
SEIUSDT,BUY,LIMIT,1701172853389,13586,0.2361585
SEIUSDT,BUY,LIMIT,1701172858076,7049,0.2363396
SEIUSDT,BUY,LIMIT,1701172861048,4640,0.2368541
SEIUSDT,SELL,LIMIT,1701173013210,18769,0.2257874
SEIUSDT,SELL,LIMIT,1701173246550,14446,0.2243956
SEIUSDT,SELL,LIMIT,1701174189378,9577,0.2251521
SEIUSDT,BUY,LIMIT,1701174493906,783,0.2337505
SEIUSDT,BUY,LIMIT,1701174739200,2500,0.2342440
SEIUSDT,BUY,LIMIT,1701174749922,1493,0.2343544
SEIUSDT,BUY,LIMIT,1701174875022,20731,0.2359108
SEIUSDT,SELL,LIMIT,1701175775215,7062,0.2273428
SEIUSDT,SELL,LIMIT,1701175808160,1815,0.2260917
SEIUSDT,SELL,LIMIT,1701175890383,18922,0.2257509
SEIUSDT,SELL,LIMIT,1701176620276,27,0.2246335
SEIUSDT,SELL,LIMIT,1701176998224,4376,0.2239758
SEIUSDT,SELL,LIMIT,1701176999906,14017,0.2239177
SEIUSDT,SELL,LIMIT,1701177089306,5754,0.2231441
SEIUSDT,SELL,LIMIT,1701177216125,17323,0.2230039
SEIUSDT,SELL,LIMIT,1701177254748,842,0.2229056
SEIUSDT,BUY,LIMIT,1701178086429,3685,0.2319508
SEIUSDT,BUY,LIMIT,1701178106210,15108,0.2325375
SEIUSDT,BUY,LIMIT,1701178322345,2220,0.2343945
SEIUSDT,BUY,LIMIT,1701178326135,175,0.2344674
SEIUSDT,BUY,LIMIT,1701178708487,11573,0.2365464
SEIUSDT,BUY,LIMIT,1701178710269,215,0.2368995
SEIUSDT,BUY,LIMIT,1701178740874,51924,0.2386793
SEIUSDT,BUY,LIMIT,1701178767192,282,0.2376068
SEIUSDT,BUY,LIMIT,1701178769108,646,0.2377797
SEIUSDT,BUY,LIMIT,1701178785299,3758,0.2382579
SEIUSDT,BUY,LIMIT,1701178796050,1994,0.2384253
SEIUSDT,BUY,LIMIT,1701178825207,796,0.2384680
SEIUSDT,BUY,LIMIT,1701178832988,3781,0.2389694
SEIUSDT,BUY,LIMIT,1701178834084,1820,0.2391558
SEIUSDT,BUY,LIMIT,1701178862521,550,0.2394059
SEIUSDT,BUY,LIMIT,1701178864180,870,0.2394620
SEIUSDT,BUY,LIMIT,1701178868731,141,0.2400949
SEIUSDT,BUY,LIMIT,1701178878723,43,0.2402305
SEIUSDT,BUY,LIMIT,1701178882159,151,0.2404736
SEIUSDT,BUY,LIMIT,1701178883471,555,0.2411365
SEIUSDT,BUY,LIMIT,1701178886173,2210,0.2413850
SEIUSDT,BUY,LIMIT,1701178887209,204,0.2415108
SEIUSDT,BUY,LIMIT,1701178911955,108979,0.2440974
SEIUSDT,BUY,LIMIT,1701178914591,3470,0.2419781
SEIUSDT,BUY,LIMIT,1701179044190,5278,0.2413866
SEIUSDT,BUY,LIMIT,1701179052115,169,0.2422072
SEIUSDT,BUY,LIMIT,1701179053288,1556,0.2422247
SEIUSDT,BUY,LIMIT,1701179055157,259,0.2422938
SEIUSDT,BUY,LIMIT,1701179057239,3546,0.2424808
SEIUSDT,BUY,LIMIT,1701179058614,600,0.2427260
SEIUSDT,BUY,LIMIT,1701179059719,471,0.2427292
SEIUSDT,BUY,LIMIT,1701179131529,16208,0.2430345
SEIUSDT,BUY,LIMIT,1701179134331,4264,0.2432768
SEIUSDT,BUY,LIMIT,1701179136176,2525,0.2435785
SEIUSDT,BUY,LIMIT,1701179138945,40,0.2437011
SEIUSDT,BUY,LIMIT,1701179141366,6866,0.2438784
SEIUSDT,BUY,LIMIT,1701179145010,4306,0.2440872
SEIUSDT,BUY,LIMIT,1701179146032,232,0.2448930
SEIUSDT,BUY,LIMIT,1701179173246,647,0.2451116
SEIUSDT,BUY,LIMIT,1701179176615,97,0.2452180
SEIUSDT,BUY,LIMIT,1701179178272,9014,0.2454262
SEIUSDT,BUY,LIMIT,1701179192522,740,0.2456894
SEIUSDT,SELL,LIMIT,1701179203323,249,0.2369920
SEIUSDT,SELL,LIMIT,1701179311858,17966,0.2342127
SEIUSDT,SELL,LIMIT,1701179459667,4509,0.2329742
SEIUSDT,SELL,LIMIT,1701179472139,20702,0.2321992
SEIUSDT,BUY,LIMIT,1701179494466,4002,0.2407039
SEIUSDT,SELL,LIMIT,1701180107160,167,0.2350709
SEIUSDT,SELL,LIMIT,1701180137560,34,0.2343201
SEIUSDT,BUY,LIMIT,1701180173164,30,0.2408595
SEIUSDT,SELL,LIMIT,1701180174178,3430,0.2339455
SEIUSDT,SELL,LIMIT,1701180528052,2956,0.2336545
SEIUSDT,BUY,LIMIT,1701180555277,168,0.2417234
SEIUSDT,BUY,LIMIT,1701180615991,1722,0.2419289
SEIUSDT,BUY,LIMIT,1701180688627,1176,0.2421034
SEIUSDT,BUY,LIMIT,1701180693292,162,0.2424015
SEIUSDT,BUY,LIMIT,1701180968946,5218,0.2424375
SEIUSDT,BUY,LIMIT,1701181037929,8199,0.2428894
SEIUSDT,BUY,LIMIT,1701181068343,97,0.2436581
SEIUSDT,BUY,LIMIT,1701181070592,338,0.2441585
SEIUSDT,BUY,LIMIT,1701181080405,50,0.2447520
SEIUSDT,BUY,LIMIT,1701181099796,639,0.2461363
SEIUSDT,BUY,LIMIT,1701181102429,268,0.2463425
SEIUSDT,BUY,LIMIT,1701181105306,7236,0.2466896
SEIUSDT,BUY,LIMIT,1701181121574,1512,0.2469361
SEIUSDT,BUY,LIMIT,1701181179342,6051,0.2477161
SEIUSDT,BUY,LIMIT,1701181182539,76168,0.2497931
SEIUSDT,BUY,LIMIT,1701181188169,4883,0.2483019
SEIUSDT,BUY,LIMIT,1701181191339,25,0.2485179
SEIUSDT,BUY,LIMIT,1701181207110,1133,0.2489299
SEIUSDT,BUY,LIMIT,1701181209678,6918,0.2490422
SEIUSDT,BUY,LIMIT,1701181210715,1066,0.2493327
SEIUSDT,BUY,LIMIT,1701181220087,5104,0.2496755
SEIUSDT,BUY,LIMIT,1701181222742,10659,0.2499548
SEIUSDT,BUY,LIMIT,1701181224290,81235,0.2520248
SEIUSDT,BUY,LIMIT,1701181227200,4331,0.2505916
SEIUSDT,SELL,LIMIT,1701181237160,5005,0.2415685
SEIUSDT,BUY,LIMIT,1701181281355,5055,0.2493725
SEIUSDT,BUY,LIMIT,1701181489268,445,0.2489331
SEIUSDT,BUY,LIMIT,1701181509138,1230,0.2504644
SEIUSDT,BUY,LIMIT,1701181615158,13667,0.2503609
SEIUSDT,BUY,LIMIT,1701181707773,87,0.2507239
SEIUSDT,BUY,LIMIT,1701181709009,1352,0.2507667
SEIUSDT,BUY,LIMIT,1701181721202,997,0.2511534
SEIUSDT,BUY,LIMIT,1701181766474,1890,0.2515587
SEIUSDT,BUY,LIMIT,1701181768185,420,0.2520204
SEIUSDT,BUY,LIMIT,1701181769202,1802,0.2519848
SEIUSDT,BUY,LIMIT,1701181785953,284,0.2522250
SEIUSDT,BUY,LIMIT,1701181787914,449,0.2524262
SEIUSDT,BUY,LIMIT,1701181790054,1226,0.2525364
SEIUSDT,BUY,LIMIT,1701181828115,2288,0.2526153
SEIUSDT,BUY,LIMIT,1701181853063,345,0.2528516
SEIUSDT,BUY,LIMIT,1701181854899,486,0.2529635
SEIUSDT,BUY,LIMIT,1701181865932,411,0.2531410
SEIUSDT,BUY,LIMIT,1701181875197,234,0.2534829
SEIUSDT,BUY,LIMIT,1701181878656,39,0.2537591
SEIUSDT,BUY,LIMIT,1701181880663,1625,0.2543178
SEIUSDT,BUY,LIMIT,1701181885375,8393,0.2547510
SEIUSDT,BUY,LIMIT,1701181888118,5602,0.2548480
SEIUSDT,BUY,LIMIT,1701181889205,1455,0.2549032
SEIUSDT,BUY,LIMIT,1701181890376,144,0.2550216
SEIUSDT,BUY,LIMIT,1701181893960,49079,0.2566762
SEIUSDT,BUY,LIMIT,1701181896153,403,0.2552224
SEIUSDT,BUY,LIMIT,1701181898537,147,0.2554551
SEIUSDT,BUY,LIMIT,1701181901270,560,0.2557020
SEIUSDT,BUY,LIMIT,1701181958266,9369,0.2560728
SEIUSDT,BUY,LIMIT,1701181959930,129,0.2562844
SEIUSDT,BUY,LIMIT,1701181961217,2164,0.2564019
SEIUSDT,BUY,LIMIT,1701181963607,1096,0.2566635
SEIUSDT,BUY,LIMIT,1701181965171,2635,0.2568964
SEIUSDT,SELL,LIMIT,1701181987362,2085,0.2474890
SEIUSDT,SELL,LIMIT,1701182104260,3803,0.2468154
SEIUSDT,SELL,LIMIT,1701182119289,1955,0.2464643
SEIUSDT,SELL,LIMIT,1701182121534,601,0.2465795
SEIUSDT,BUY,LIMIT,1701182169066,2090,0.2550789
SEIUSDT,BUY,LIMIT,1701182278082,156,0.2558945
SEIUSDT,BUY,LIMIT,1701182304418,1222,0.2567473
SEIUSDT,BUY,LIMIT,1701182310273,458,0.2571696
SEIUSDT,BUY,LIMIT,1701182311589,6725,0.2572846
SEIUSDT,BUY,LIMIT,1701182313158,696,0.2576179
SEIUSDT,BUY,LIMIT,1701182321488,398,0.2578221
SEIUSDT,SELL,LIMIT,1701182337562,2905,0.2487762
SEIUSDT,BUY,LIMIT,1701182410608,170,0.2577825
SEIUSDT,BUY,LIMIT,1701182416347,238,0.2578871
SEIUSDT,BUY,LIMIT,1701182418822,14934,0.2580094
SEIUSDT,BUY,LIMIT,1701182517908,55,0.2567334
SEIUSDT,SELL,LIMIT,1701182588983,1129,0.2477381
SEIUSDT,SELL,LIMIT,1701182651331,5666,0.2477228
SEIUSDT,SELL,LIMIT,1701182707285,7411,0.2474344
SEIUSDT,SELL,LIMIT,1701182718481,13110,0.2470848
SEIUSDT,SELL,LIMIT,1701182724550,208,0.2469917
SEIUSDT,SELL,LIMIT,1701182748237,9888,0.2464542
SEIUSDT,SELL,LIMIT,1701182774937,315,0.2457559
SEIUSDT,SELL,LIMIT,1701182776426,6249,0.2456201
SEIUSDT,SELL,LIMIT,1701182778130,1146,0.2452618
SEIUSDT,SELL,LIMIT,1701182779241,19920,0.2453232
SEIUSDT,SELL,LIMIT,1701182793338,2495,0.2449290
SEIUSDT,SELL,LIMIT,1701182794531,75,0.2445055
SEIUSDT,SELL,LIMIT,1701182801928,794,0.2444345
SEIUSDT,SELL,LIMIT,1701182828654,2221,0.2439769
SEIUSDT,BUY,LIMIT,1701182902649,356,0.2529379
SEIUSDT,BUY,LIMIT,1701182906918,4108,0.2530700
SEIUSDT,BUY,LIMIT,1701182911954,3388,0.2531542
SEIUSDT,BUY,LIMIT,1701182914041,28,0.2532431
SEIUSDT,BUY,LIMIT,1701183077325,149,0.2544672
SEIUSDT,BUY,LIMIT,1701183102494,932,0.2558000
SEIUSDT,BUY,LIMIT,1701183114045,2014,0.2563050
SEIUSDT,BUY,LIMIT,1701183186852,1185,0.2563304
SEIUSDT,BUY,LIMIT,1701183189840,644,0.2577082
SEIUSDT,BUY,LIMIT,1701183201244,250,0.2581881
SEIUSDT,BUY,LIMIT,1701183219873,150,0.2584530
SEIUSDT,SELL,LIMIT,1701183278168,1437,0.2494856
SEIUSDT,SELL,LIMIT,1701183284405,731,0.2492334
SEIUSDT,BUY,LIMIT,1701183336195,46,0.2579511
SEIUSDT,BUY,LIMIT,1701183344081,29,0.2586488
SEIUSDT,SELL,LIMIT,1701183368267,3096,0.2494393
SEIUSDT,SELL,LIMIT,1701183387302,3192,0.2486510
SEIUSDT,SELL,LIMIT,1701183652185,194,0.2480273
SEIUSDT,SELL,LIMIT,1701183655286,552,0.2479407
SEIUSDT,SELL,LIMIT,1701183663184,12058,0.2473793
SEIUSDT,SELL,LIMIT,1701183666536,2922,0.2472753
SEIUSDT,SELL,LIMIT,1701183668179,2067,0.2470264
SEIUSDT,BUY,LIMIT,1701183718576,657,0.2557925
SEIUSDT,BUY,LIMIT,1701183877128,2038,0.2568120
SEIUSDT,BUY,LIMIT,1701183878498,9612,0.2576014
SEIUSDT,BUY,LIMIT,1701183880398,1623,0.2577034
SEIUSDT,BUY,LIMIT,1701183896219,124,0.2581137
SEIUSDT,BUY,LIMIT,1701183897248,139,0.2581335
SEIUSDT,BUY,LIMIT,1701183902937,127,0.2586729
SEIUSDT,BUY,LIMIT,1701183921784,73,0.2591739
SEIUSDT,BUY,LIMIT,1701183924070,362,0.2595936
SEIUSDT,BUY,LIMIT,1701184058033,134,0.2597971
SEIUSDT,BUY,LIMIT,1701184059310,196,0.2598450
SEIUSDT,SELL,LIMIT,1701184155872,140,0.2504519
SEIUSDT,BUY,LIMIT,1701184188150,8866,0.2596412
SEIUSDT,BUY,LIMIT,1701184189308,1048,0.2594627
SEIUSDT,BUY,LIMIT,1701184509660,207,0.2593851
SEIUSDT,BUY,LIMIT,1701184512382,1087,0.2596862
SEIUSDT,SELL,LIMIT,1701184541196,398,0.2499961
SEIUSDT,SELL,LIMIT,1701184543511,1984,0.2498291
SEIUSDT,SELL,LIMIT,1701184548149,635,0.2496539
SEIUSDT,SELL,LIMIT,1701184621961,17481,0.2493120
SEIUSDT,BUY,LIMIT,1701184797297,4377,0.2589500
SEIUSDT,BUY,LIMIT,1701184801139,19677,0.2591195
SEIUSDT,BUY,LIMIT,1701184805553,1251,0.2597957
SEIUSDT,BUY,LIMIT,1701184807071,154,0.2600490
SEIUSDT,BUY,LIMIT,1701184808290,3844,0.2600750
SEIUSDT,BUY,LIMIT,1701184812194,84587,0.2622745
SEIUSDT,BUY,LIMIT,1701184813202,2725,0.2603693
SEIUSDT,BUY,LIMIT,1701184814219,27,0.2606066
SEIUSDT,BUY,LIMIT,1701184910164,105,0.2607066
SEIUSDT,BUY,LIMIT,1701184918542,714,0.2610939
SEIUSDT,BUY,LIMIT,1701184919793,1345,0.2613199
SEIUSDT,BUY,LIMIT,1701184926863,31,0.2613827
SEIUSDT,BUY,LIMIT,1701184928758,1675,0.2614704
SEIUSDT,BUY,LIMIT,1701184929853,3921,0.2615791
SEIUSDT,BUY,LIMIT,1701184945222,206,0.2616327
SEIUSDT,BUY,LIMIT,1701184955323,100684,0.2639784
SEIUSDT,SELL,LIMIT,1701185056051,2364,0.2524984
SEIUSDT,BUY,LIMIT,1701185184747,195,0.2614093
SEIUSDT,BUY,LIMIT,1701185239234,6028,0.2619240
SEIUSDT,BUY,LIMIT,1701185240330,505,0.2620815
SEIUSDT,BUY,LIMIT,1701185244606,2688,0.2627486
SEIUSDT,BUY,LIMIT,1701185251703,51,0.2628800
SEIUSDT,BUY,LIMIT,1701185272071,18906,0.2629186
SEIUSDT,BUY,LIMIT,1701185275168,5805,0.2629789
SEIUSDT,BUY,LIMIT,1701185276309,4154,0.2631532
SEIUSDT,BUY,LIMIT,1701185277335,632,0.2632181
SEIUSDT,BUY,LIMIT,1701185281067,79,0.2636344
SEIUSDT,BUY,LIMIT,1701185282220,1874,0.2637110
SEIUSDT,BUY,LIMIT,1701185283343,990,0.2640624
SEIUSDT,BUY,LIMIT,1701185284410,609,0.2643690
SEIUSDT,BUY,LIMIT,1701185285797,3178,0.2645475
SEIUSDT,SELL,LIMIT,1701185294938,21,0.2556370
SEIUSDT,SELL,LIMIT,1701185296883,9734,0.2555854
SEIUSDT,SELL,LIMIT,1701185388747,34,0.2543126
SEIUSDT,SELL,LIMIT,1701185390937,827,0.2541106
SEIUSDT,SELL,LIMIT,1701185415070,170,0.2537937
SEIUSDT,SELL,LIMIT,1701185417372,781,0.2535980
SEIUSDT,BUY,LIMIT,1701185441251,3651,0.2624681
SEIUSDT,BUY,LIMIT,1701185443340,1114,0.2627591
SEIUSDT,BUY,LIMIT,1701185446702,1518,0.2634355
SEIUSDT,BUY,LIMIT,1701185466054,1932,0.2641282
SEIUSDT,BUY,LIMIT,1701185483480,19794,0.2638005
SEIUSDT,SELL,LIMIT,1701185528740,1921,0.2548645
SEIUSDT,SELL,LIMIT,1701185532529,3613,0.2542950
SEIUSDT,SELL,LIMIT,1701185599816,719,0.2537330
SEIUSDT,BUY,LIMIT,1701185697994,8629,0.2628024
SEIUSDT,BUY,LIMIT,1701185699211,1336,0.2631133
SEIUSDT,BUY,LIMIT,1701185700315,12105,0.2632601
SEIUSDT,SELL,LIMIT,1701185818219,12483,0.2531377
SEIUSDT,SELL,LIMIT,1701185819268,1460,0.2529292
SEIUSDT,SELL,LIMIT,1701185820352,4042,0.2526096
SEIUSDT,SELL,LIMIT,1701185823183,19392,0.2523328
SEIUSDT,SELL,LIMIT,1701185853163,9922,0.2519115
SEIUSDT,SELL,LIMIT,1701185880696,4782,0.2515964
SEIUSDT,SELL,LIMIT,1701185884412,515,0.2516003
SEIUSDT,SELL,LIMIT,1701185894271,73,0.2511383
SEIUSDT,SELL,LIMIT,1701185896434,1475,0.2507303
SEIUSDT,SELL,LIMIT,1701185898545,260,0.2506231
SEIUSDT,SELL,LIMIT,1701185909694,3619,0.2502002
SEIUSDT,BUY,LIMIT,1701185955196,6697,0.2588252
SEIUSDT,BUY,LIMIT,1701185958255,17674,0.2591442
SEIUSDT,BUY,LIMIT,1701185961015,4917,0.2592331
SEIUSDT,BUY,LIMIT,1701185962377,971,0.2595083
SEIUSDT,BUY,LIMIT,1701186060292,7078,0.2598844
SEIUSDT,BUY,LIMIT,1701186072249,425,0.2602796
SEIUSDT,SELL,LIMIT,1701186108545,3452,0.2511297
SEIUSDT,SELL,LIMIT,1701186111862,3642,0.2506945
SEIUSDT,SELL,LIMIT,1701186114177,3929,0.2503432
SEIUSDT,SELL,LIMIT,1701186116110,9779,0.2503308
SEIUSDT,BUY,LIMIT,1701186159672,17325,0.2598378
SEIUSDT,BUY,LIMIT,1701186171184,1684,0.2605180
SEIUSDT,BUY,LIMIT,1701186172630,1963,0.2609861
SEIUSDT,BUY,LIMIT,1701186324507,655,0.2619138
SEIUSDT,BUY,LIMIT,1701186560885,5769,0.2615913
SEIUSDT,BUY,LIMIT,1701186570162,418,0.2620914
SEIUSDT,BUY,LIMIT,1701186573475,4339,0.2628860
SEIUSDT,BUY,LIMIT,1701186574519,550,0.2633989
SEIUSDT,BUY,LIMIT,1701186623822,274,0.2637224
SEIUSDT,BUY,LIMIT,1701186625156,950,0.2637801
SEIUSDT,BUY,LIMIT,1701186631176,773,0.2642432
SEIUSDT,BUY,LIMIT,1701186633107,417,0.2643601
SEIUSDT,BUY,LIMIT,1701186640354,300,0.2646567
SEIUSDT,BUY,LIMIT,1701186675141,137,0.2647613
SEIUSDT,BUY,LIMIT,1701186676666,221,0.2650518
SEIUSDT,BUY,LIMIT,1701186678059,21,0.2652086
SEIUSDT,BUY,LIMIT,1701186679127,4239,0.2652786
SEIUSDT,BUY,LIMIT,1701186680230,98,0.2654038
SEIUSDT,BUY,LIMIT,1701186681291,3469,0.2656243
SEIUSDT,BUY,LIMIT,1701186682653,758,0.2656727
SEIUSDT,BUY,LIMIT,1701186703034,186,0.2657922
SEIUSDT,SELL,LIMIT,1701186800519,576,0.2564020
SEIUSDT,BUY,LIMIT,1701186856193,397,0.2648424
SEIUSDT,BUY,LIMIT,1701186857309,1878,0.2651371
SEIUSDT,SELL,LIMIT,1701186976863,176,0.2562274
SEIUSDT,BUY,LIMIT,1701187105737,891,0.2640268
SEIUSDT,BUY,LIMIT,1701187214291,1879,0.2653600
SEIUSDT,BUY,LIMIT,1701187219115,143,0.2654647
SEIUSDT,BUY,LIMIT,1701187222047,7885,0.2661471
SEIUSDT,BUY,LIMIT,1701187223275,732,0.2662394
SEIUSDT,BUY,LIMIT,1701187224363,1000,0.2663813
SEIUSDT,BUY,LIMIT,1701187225415,12,0.2674386
SEIUSDT,BUY,LIMIT,1701187226425,652,0.2673631
SEIUSDT,BUY,LIMIT,1701187237108,10887,0.2667981
SEIUSDT,BUY,LIMIT,1701187271401,3902,0.2664435
SEIUSDT,BUY,LIMIT,1701187292199,210,0.2662062
SEIUSDT,SELL,LIMIT,1701187324362,144,0.2575628
SEIUSDT,SELL,LIMIT,1701187327339,1240,0.2570597
SEIUSDT,SELL,LIMIT,1701187328455,150,0.2567506
SEIUSDT,SELL,LIMIT,1701187329588,13472,0.2561638
SEIUSDT,SELL,LIMIT,1701187331530,2563,0.2557352
SEIUSDT,BUY,LIMIT,1701187338837,1184,0.2636310
SEIUSDT,SELL,LIMIT,1701187367645,2521,0.2554266
SEIUSDT,SELL,LIMIT,1701187370739,2148,0.2553466
SEIUSDT,SELL,LIMIT,1701187380142,53,0.2551050
SEIUSDT,BUY,LIMIT,1701187511202,221,0.2637955
SEIUSDT,BUY,LIMIT,1701187516048,557,0.2643423
SEIUSDT,BUY,LIMIT,1701187517136,556,0.2640684
SEIUSDT,BUY,LIMIT,1701187676014,753,0.2645201
SEIUSDT,BUY,LIMIT,1701187681422,378,0.2655111
SEIUSDT,SELL,LIMIT,1701187776224,7473,0.2559452
SEIUSDT,BUY,LIMIT,1701187806284,183,0.2637984
SEIUSDT,BUY,LIMIT,1701187854575,19031,0.2653137
SEIUSDT,SELL,LIMIT,1701188053612,3894,0.2570154
SEIUSDT,BUY,LIMIT,1701188252153,3849,0.2648950
SEIUSDT,BUY,LIMIT,1701188264384,2076,0.2654785
SEIUSDT,BUY,LIMIT,1701188266130,798,0.2655388
SEIUSDT,BUY,LIMIT,1701188273173,3600,0.2658000
SEIUSDT,SELL,LIMIT,1701188281497,198,0.2583824
SEIUSDT,BUY,LIMIT,1701188461284,647,0.2664912
SEIUSDT,BUY,LIMIT,1701188462919,409,0.2669095
SEIUSDT,BUY,LIMIT,1701188467088,1929,0.2669839
SEIUSDT,BUY,LIMIT,1701188475515,9090,0.2676762
SEIUSDT,BUY,LIMIT,1701188481410,4502,0.2680088
SEIUSDT,BUY,LIMIT,1701188483232,256,0.2680432
SEIUSDT,BUY,LIMIT,1701188485136,846,0.2681561
SEIUSDT,BUY,LIMIT,1701188487875,11,0.2681429
SEIUSDT,BUY,LIMIT,1701188496654,14857,0.2682692
SEIUSDT,BUY,LIMIT,1701188498342,197,0.2683322
SEIUSDT,BUY,LIMIT,1701188499730,782,0.2683934
SEIUSDT,BUY,LIMIT,1701188505140,1544,0.2685368
SEIUSDT,BUY,LIMIT,1701188506143,2931,0.2685649
SEIUSDT,BUY,LIMIT,1701188507214,228,0.2689212
SEIUSDT,BUY,LIMIT,1701188509076,61,0.2692997
SEIUSDT,BUY,LIMIT,1701188510096,426,0.2692519
SEIUSDT,BUY,LIMIT,1701188511181,92,0.2695772
SEIUSDT,BUY,LIMIT,1701188512198,3278,0.2698859
SEIUSDT,BUY,LIMIT,1701188513334,608,0.2700011
SEIUSDT,BUY,LIMIT,1701188514441,13207,0.2702470
SEIUSDT,BUY,LIMIT,1701188515457,376,0.2707432
SEIUSDT,BUY,LIMIT,1701188516900,963,0.2710932
SEIUSDT,SELL,LIMIT,1701188526345,13110,0.2619290
SEIUSDT,BUY,LIMIT,1701188629168,1941,0.2712917
SEIUSDT,BUY,LIMIT,1701188631071,68,0.2714096
SEIUSDT,BUY,LIMIT,1701188632082,906,0.2715729
SEIUSDT,BUY,LIMIT,1701188633114,17991,0.2725926
SEIUSDT,BUY,LIMIT,1701188634132,698,0.2730232
SEIUSDT,BUY,LIMIT,1701188643521,191,0.2730788
SEIUSDT,SELL,LIMIT,1701188722823,1143,0.2630772
SEIUSDT,SELL,LIMIT,1701188761442,2734,0.2626761
SEIUSDT,SELL,LIMIT,1701188766925,3909,0.2620053
SEIUSDT,BUY,LIMIT,1701188852061,677,0.2720857
SEIUSDT,BUY,LIMIT,1701188857145,14423,0.2724396
SEIUSDT,BUY,LIMIT,1701188858432,19,0.2725104
SEIUSDT,BUY,LIMIT,1701188859463,1380,0.2725801
SEIUSDT,BUY,LIMIT,1701188983868,866,0.2725327
SEIUSDT,BUY,LIMIT,1701188989302,2429,0.2727965
SEIUSDT,BUY,LIMIT,1701189017306,41,0.2729201
SEIUSDT,BUY,LIMIT,1701189022630,418,0.2730591
SEIUSDT,BUY,LIMIT,1701189032447,87,0.2732742
SEIUSDT,BUY,LIMIT,1701189033515,768,0.2732889
SEIUSDT,BUY,LIMIT,1701189038157,7316,0.2738163
SEIUSDT,BUY,LIMIT,1701189039206,14182,0.2743146
SEIUSDT,BUY,LIMIT,1701189040246,777,0.2746545
SEIUSDT,BUY,LIMIT,1701189041349,110,0.2744878
SEIUSDT,BUY,LIMIT,1701189046447,1152,0.2747341
SEIUSDT,BUY,LIMIT,1701189047998,534,0.2749307
SEIUSDT,BUY,LIMIT,1701189049143,20,0.2752518
SEIUSDT,BUY,LIMIT,1701189076271,4545,0.2742530
SEIUSDT,BUY,LIMIT,1701189204056,1174,0.2756645
SEIUSDT,BUY,LIMIT,1701189205153,18483,0.2764094
SEIUSDT,BUY,LIMIT,1701189206155,29,0.2765541
SEIUSDT,BUY,LIMIT,1701189303360,38,0.2748655
SEIUSDT,BUY,LIMIT,1701189313163,107851,0.2779655
SEIUSDT,BUY,LIMIT,1701189328236,6031,0.2745262
SEIUSDT,SELL,LIMIT,1701189350060,2810,0.2659735
SEIUSDT,SELL,LIMIT,1701189352490,447,0.2658225
SEIUSDT,SELL,LIMIT,1701189355959,1716,0.2654891
SEIUSDT,BUY,LIMIT,1701189541588,95,0.2746030
SEIUSDT,SELL,LIMIT,1701189717385,4046,0.2649932
SEIUSDT,SELL,LIMIT,1701189720348,1920,0.2648637
SEIUSDT,SELL,LIMIT,1701189729925,599,0.2646370
SEIUSDT,SELL,LIMIT,1701189734164,37,0.2646541
SEIUSDT,SELL,LIMIT,1701189774138,2351,0.2641220
SEIUSDT,SELL,LIMIT,1701189781418,209,0.2640653
SEIUSDT,BUY,LIMIT,1701189797644,1430,0.2733279
SEIUSDT,BUY,LIMIT,1701189800148,4918,0.2734165
SEIUSDT,BUY,LIMIT,1701189803565,916,0.2736479
SEIUSDT,BUY,LIMIT,1701189805469,18601,0.2737748
SEIUSDT,BUY,LIMIT,1701189808286,401,0.2741202
SEIUSDT,BUY,LIMIT,1701189814947,927,0.2747552
SEIUSDT,BUY,LIMIT,1701189835047,845,0.2748603
SEIUSDT,BUY,LIMIT,1701189836288,2445,0.2752394
SEIUSDT,BUY,LIMIT,1701189837302,1850,0.2751859
SEIUSDT,BUY,LIMIT,1701189841083,1266,0.2775883
SEIUSDT,BUY,LIMIT,1701189842128,370,0.2755689
SEIUSDT,BUY,LIMIT,1701189843452,849,0.2774530
SEIUSDT,BUY,LIMIT,1701189847625,50,0.2762627
SEIUSDT,BUY,LIMIT,1701189872370,4169,0.2770157
SEIUSDT,BUY,LIMIT,1701189924066,4104,0.2789675
SEIUSDT,BUY,LIMIT,1701189925089,897,0.2789460
SEIUSDT,BUY,LIMIT,1701189926111,1598,0.2795443
SEIUSDT,BUY,LIMIT,1701189973053,2313,0.2800669
SEIUSDT,BUY,LIMIT,1701189974087,165,0.2798883
SEIUSDT,BUY,LIMIT,1701189975099,1177,0.2802551
SEIUSDT,BUY,LIMIT,1701189976130,304,0.2809492
SEIUSDT,BUY,LIMIT,1701189977202,2047,0.2808456
SEIUSDT,BUY,LIMIT,1701189978354,417,0.2814663
SEIUSDT,BUY,LIMIT,1701189979374,177,0.2817798
SEIUSDT,BUY,LIMIT,1701189980466,275,0.2818957
SEIUSDT,BUY,LIMIT,1701189983132,275,0.2823500
SEIUSDT,BUY,LIMIT,1701189984250,4396,0.2825186
SEIUSDT,BUY,LIMIT,1701189985471,651,0.2824040
SEIUSDT,BUY,LIMIT,1701189987088,148,0.2825477
SEIUSDT,BUY,LIMIT,1701189988125,6297,0.2825466
SEIUSDT,BUY,LIMIT,1701189995063,158,0.2847792
SEIUSDT,BUY,LIMIT,1701189996029,1315,0.2840865
SEIUSDT,BUY,LIMIT,1701189997078,566,0.2861439
SEIUSDT,BUY,LIMIT,1701190000084,192,0.2859740
SEIUSDT,BUY,LIMIT,1701190001215,593,0.2863309
SEIUSDT,BUY,LIMIT,1701190006391,3655,0.2868179
SEIUSDT,BUY,LIMIT,1701190007519,21,0.2867065
SEIUSDT,SELL,LIMIT,1701190026035,831,0.2762322
SEIUSDT,BUY,LIMIT,1701190029905,1678,0.2845107
SEIUSDT,BUY,LIMIT,1701190040158,233,0.2852561
SEIUSDT,BUY,LIMIT,1701190041327,9480,0.2856660
SEIUSDT,BUY,LIMIT,1701190042336,469,0.2859697
SEIUSDT,BUY,LIMIT,1701190135277,3435,0.2848591
SEIUSDT,BUY,LIMIT,1701190136878,1494,0.2861698
SEIUSDT,BUY,LIMIT,1701190139078,4520,0.2871092
SEIUSDT,BUY,LIMIT,1701190140147,950,0.2869649
SEIUSDT,BUY,LIMIT,1701190141686,15016,0.2871455
SEIUSDT,BUY,LIMIT,1701190142715,6919,0.2871581
SEIUSDT,BUY,LIMIT,1701190143733,1138,0.2880642
SEIUSDT,BUY,LIMIT,1701190145190,35,0.2885184
SEIUSDT,BUY,LIMIT,1701190146238,244,0.2884026
SEIUSDT,BUY,LIMIT,1701190147349,1839,0.2887331
SEIUSDT,BUY,LIMIT,1701190148483,1503,0.2889780
SEIUSDT,BUY,LIMIT,1701190169205,1382,0.2893199
SEIUSDT,BUY,LIMIT,1701190171149,18600,0.2896773
SEIUSDT,BUY,LIMIT,1701190172255,3921,0.2901092
SEIUSDT,BUY,LIMIT,1701190173274,3740,0.2899381
SEIUSDT,BUY,LIMIT,1701190174360,5317,0.2905743
SEIUSDT,BUY,LIMIT,1701190179477,10986,0.2902972
SEIUSDT,SELL,LIMIT,1701190185442,96,0.2800174
SEIUSDT,SELL,LIMIT,1701190191238,1564,0.2795499
SEIUSDT,SELL,LIMIT,1701190192370,1356,0.2796638
SEIUSDT,SELL,LIMIT,1701190215075,4032,0.2791710
SEIUSDT,SELL,LIMIT,1701190216147,8787,0.2788656
SEIUSDT,BUY,LIMIT,1701190261493,58,0.2885044
SEIUSDT,BUY,LIMIT,1701190263208,97314,0.2924370
SEIUSDT,BUY,LIMIT,1701190264294,866,0.2888100
SEIUSDT,BUY,LIMIT,1701190265900,183,0.2896333
SEIUSDT,SELL,LIMIT,1701190270041,3989,0.2794914
SEIUSDT,SELL,LIMIT,1701190271602,2182,0.2787313
SEIUSDT,SELL,LIMIT,1701190273690,3741,0.2781736
SEIUSDT,SELL,LIMIT,1701190274909,136,0.2779700
SEIUSDT,BUY,LIMIT,1701190340285,2613,0.2868589
SEIUSDT,BUY,LIMIT,1701190342454,9686,0.2869401
SEIUSDT,SELL,LIMIT,1701190435073,1746,0.2776361
SEIUSDT,SELL,LIMIT,1701190437590,168,0.2772893
SEIUSDT,BUY,LIMIT,1701190452304,281,0.2857901
SEIUSDT,SELL,LIMIT,1701190464117,3623,0.2769903
SEIUSDT,SELL,LIMIT,1701190465277,286,0.2768270
SEIUSDT,SELL,LIMIT,1701190470348,1293,0.2765412
SEIUSDT,SELL,LIMIT,1701190472189,320,0.2764164
SEIUSDT,SELL,LIMIT,1701190474715,2380,0.2762535
SEIUSDT,SELL,LIMIT,1701190478395,324,0.2756947
SEIUSDT,BUY,LIMIT,1701190482395,2555,0.2846590
SEIUSDT,BUY,LIMIT,1701190595280,1782,0.2849917
SEIUSDT,BUY,LIMIT,1701190601200,382,0.2857658
SEIUSDT,BUY,LIMIT,1701190605386,463,0.2860208
SEIUSDT,BUY,LIMIT,1701190610044,4012,0.2861561
SEIUSDT,BUY,LIMIT,1701190614161,23,0.2866229
SEIUSDT,SELL,LIMIT,1701190649014,180,0.2762960
SEIUSDT,BUY,LIMIT,1701190778847,127,0.2861706
SEIUSDT,SELL,LIMIT,1701190855620,4422,0.2769712
SEIUSDT,SELL,LIMIT,1701190856986,10046,0.2764895
SEIUSDT,BUY,LIMIT,1701190971177,183,0.2868848
SEIUSDT,BUY,LIMIT,1701190972311,17812,0.2869337
SEIUSDT,BUY,LIMIT,1701190975062,1776,0.2871888
SEIUSDT,BUY,LIMIT,1701190976066,259,0.2879148
SEIUSDT,BUY,LIMIT,1701190977166,55,0.2881146
SEIUSDT,SELL,LIMIT,1701191016608,66,0.2777236
SEIUSDT,SELL,LIMIT,1701191054110,4422,0.2769430
SEIUSDT,SELL,LIMIT,1701191055315,5513,0.2766587
SEIUSDT,SELL,LIMIT,1701191069136,133,0.2764540
SEIUSDT,SELL,LIMIT,1701191077268,287,0.2762942
SEIUSDT,SELL,LIMIT,1701191084345,208,0.2758284
SEIUSDT,SELL,LIMIT,1701191086115,25,0.2754196
SEIUSDT,SELL,LIMIT,1701191091867,634,0.2745824
SEIUSDT,BUY,LIMIT,1701191121007,14259,0.2843670
SEIUSDT,SELL,LIMIT,1701191192300,356,0.2744529
SEIUSDT,SELL,LIMIT,1701191194449,79,0.2741245
SEIUSDT,SELL,LIMIT,1701191196378,7110,0.2739122
SEIUSDT,SELL,LIMIT,1701191198670,3548,0.2735683
SEIUSDT,SELL,LIMIT,1701191211990,5976,0.2733411
SEIUSDT,SELL,LIMIT,1701191227083,201,0.2731819
SEIUSDT,SELL,LIMIT,1701191228280,543,0.2731036
SEIUSDT,SELL,LIMIT,1701191230346,2700,0.2728751
SEIUSDT,SELL,LIMIT,1701191232086,203,0.2728499
SEIUSDT,SELL,LIMIT,1701191234122,3311,0.2724684
SEIUSDT,SELL,LIMIT,1701191239075,309,0.2723905
SEIUSDT,BUY,LIMIT,1701191254392,1058,0.2823859
SEIUSDT,BUY,LIMIT,1701191351806,4479,0.2825988
SEIUSDT,BUY,LIMIT,1701191353076,5090,0.2830042
SEIUSDT,BUY,LIMIT,1701191638948,72,0.2833743
SEIUSDT,SELL,LIMIT,1701191725237,78,0.2734300
SEIUSDT,SELL,LIMIT,1701191728812,812,0.2732941
SEIUSDT,BUY,LIMIT,1701191783232,1977,0.2835229
SEIUSDT,BUY,LIMIT,1701191788485,17625,0.2844590
SEIUSDT,BUY,LIMIT,1701191793034,25,0.2848435
SEIUSDT,BUY,LIMIT,1701191795474,4668,0.2851447
SEIUSDT,SELL,LIMIT,1701191829720,8889,0.2753905
SEIUSDT,SELL,LIMIT,1701191890123,7999,0.2747740
SEIUSDT,BUY,LIMIT,1701192016082,130,0.2842116
SEIUSDT,BUY,LIMIT,1701192017636,7001,0.2842777
SEIUSDT,BUY,LIMIT,1701192020397,65,0.2852078
SEIUSDT,BUY,LIMIT,1701192022465,17879,0.2852225
SEIUSDT,BUY,LIMIT,1701192024319,189,0.2854524
SEIUSDT,BUY,LIMIT,1701192035586,150,0.2854568
SEIUSDT,BUY,LIMIT,1701192068161,721,0.2839048
SEIUSDT,BUY,LIMIT,1701192072755,1286,0.2853498
SEIUSDT,BUY,LIMIT,1701192087623,20,0.2852946
SEIUSDT,BUY,LIMIT,1701192143484,458,0.2852314
SEIUSDT,BUY,LIMIT,1701192158829,50,0.2856639
SEIUSDT,BUY,LIMIT,1701192160908,286,0.2857479
SEIUSDT,BUY,LIMIT,1701192162256,159,0.2857932
SEIUSDT,BUY,LIMIT,1701192164297,2939,0.2859552
SEIUSDT,BUY,LIMIT,1701192166139,818,0.2862320
SEIUSDT,BUY,LIMIT,1701192167227,232,0.2861158
SEIUSDT,BUY,LIMIT,1701192170718,2141,0.2862597
SEIUSDT,BUY,LIMIT,1701192172347,4304,0.2864822
SEIUSDT,BUY,LIMIT,1701192173511,578,0.2865507
SEIUSDT,BUY,LIMIT,1701192177003,8694,0.2866403
SEIUSDT,SELL,LIMIT,1701192248558,20,0.2760226
SEIUSDT,BUY,LIMIT,1701192282948,458,0.2847075
SEIUSDT,BUY,LIMIT,1701192318125,1963,0.2847413
SEIUSDT,BUY,LIMIT,1701192319692,458,0.2848090
SEIUSDT,SELL,LIMIT,1701192357415,141,0.2754092
SEIUSDT,SELL,LIMIT,1701192404322,1238,0.2750861
SEIUSDT,SELL,LIMIT,1701192407077,35,0.2749056
SEIUSDT,SELL,LIMIT,1701192412458,940,0.2743991
SEIUSDT,SELL,LIMIT,1701192420979,24,0.2743239
SEIUSDT,SELL,LIMIT,1701192459549,11864,0.2734600
SEIUSDT,SELL,LIMIT,1701192461603,4849,0.2729849
SEIUSDT,SELL,LIMIT,1701192479693,2000,0.2727523
SEIUSDT,SELL,LIMIT,1701192488394,160,0.2725402
SEIUSDT,SELL,LIMIT,1701192506125,1231,0.2720056
SEIUSDT,SELL,LIMIT,1701192507392,675,0.2710099
SEIUSDT,BUY,LIMIT,1701192611418,1484,0.2808722
SEIUSDT,BUY,LIMIT,1701192626537,574,0.2811437
SEIUSDT,BUY,LIMIT,1701192640597,118,0.2813879
SEIUSDT,BUY,LIMIT,1701192661165,469,0.2819808
SEIUSDT,SELL,LIMIT,1701192722829,21,0.2722578
SEIUSDT,SELL,LIMIT,1701192726651,949,0.2718020
SEIUSDT,SELL,LIMIT,1701192790112,102,0.2704125
SEIUSDT,SELL,LIMIT,1701192824095,21,0.2703730
SEIUSDT,SELL,LIMIT,1701192825800,5982,0.2702530
SEIUSDT,SELL,LIMIT,1701192831144,42420,0.2684741
SEIUSDT,SELL,LIMIT,1701192832206,1136,0.2698568
SEIUSDT,SELL,LIMIT,1701192979127,252,0.2719011
SEIUSDT,BUY,LIMIT,1701192983554,1478,0.2801586
SEIUSDT,BUY,LIMIT,1701193065064,119,0.2801377
SEIUSDT,BUY,LIMIT,1701193087479,6424,0.2806177
SEIUSDT,BUY,LIMIT,1701193210356,10404,0.2807034
SEIUSDT,BUY,LIMIT,1701193218642,3629,0.2809585
SEIUSDT,SELL,LIMIT,1701193283266,1082,0.2714158
SEIUSDT,SELL,LIMIT,1701193607677,7267,0.2706608
SEIUSDT,SELL,LIMIT,1701193658167,500,0.2701793
SEIUSDT,SELL,LIMIT,1701193668472,906,0.2701861
SEIUSDT,SELL,LIMIT,1701193672002,457,0.2701375
SEIUSDT,SELL,LIMIT,1701193694230,2930,0.2693243
SEIUSDT,SELL,LIMIT,1701193695435,228,0.2698825
SEIUSDT,SELL,LIMIT,1701193696719,108,0.2689873
SEIUSDT,SELL,LIMIT,1701193724144,1402,0.2687799
SEIUSDT,SELL,LIMIT,1701193738693,778,0.2687229
SEIUSDT,SELL,LIMIT,1701193818255,6477,0.2686924
SEIUSDT,SELL,LIMIT,1701193819502,5249,0.2682213
SEIUSDT,SELL,LIMIT,1701193820585,193,0.2680410
SEIUSDT,SELL,LIMIT,1701193822484,954,0.2678222
SEIUSDT,SELL,LIMIT,1701193837294,8847,0.2678077
SEIUSDT,SELL,LIMIT,1701193838708,64,0.2675050
SEIUSDT,SELL,LIMIT,1701193839955,1045,0.2673758
SEIUSDT,SELL,LIMIT,1701193841254,1317,0.2671354
SEIUSDT,SELL,LIMIT,1701193845699,917,0.2669117
SEIUSDT,SELL,LIMIT,1701193851477,1790,0.2668770
SEIUSDT,SELL,LIMIT,1701193869098,8508,0.2664737
SEIUSDT,SELL,LIMIT,1701193870137,593,0.2666263
SEIUSDT,SELL,LIMIT,1701193871261,485,0.2663381
SEIUSDT,SELL,LIMIT,1701193874313,18970,0.2661245
SEIUSDT,BUY,LIMIT,1701193930163,1923,0.2758585
SEIUSDT,BUY,LIMIT,1701193958368,630,0.2765906
SEIUSDT,BUY,LIMIT,1701193975979,145,0.2768757
SEIUSDT,BUY,LIMIT,1701194075300,1064,0.2770512
SEIUSDT,BUY,LIMIT,1701194085888,529,0.2773076
SEIUSDT,SELL,LIMIT,1701194238252,609,0.2677704
SEIUSDT,BUY,LIMIT,1701194320545,507,0.2777296
SEIUSDT,BUY,LIMIT,1701194410314,53,0.2775575
SEIUSDT,BUY,LIMIT,1701194427145,2211,0.2779260
SEIUSDT,BUY,LIMIT,1701194429709,18321,0.2781587
SEIUSDT,BUY,LIMIT,1701194441187,41,0.2784971
SEIUSDT,BUY,LIMIT,1701194442883,3547,0.2789153
SEIUSDT,BUY,LIMIT,1701194449054,5024,0.2790371
SEIUSDT,BUY,LIMIT,1701194525708,262,0.2775625
SEIUSDT,SELL,LIMIT,1701194584110,234,0.2693478
SEIUSDT,SELL,LIMIT,1701194699902,176,0.2679679
SEIUSDT,SELL,LIMIT,1701194764624,6023,0.2674463
SEIUSDT,SELL,LIMIT,1701194800381,123,0.2670156
SEIUSDT,SELL,LIMIT,1701194831624,420,0.2665734
SEIUSDT,SELL,LIMIT,1701194863294,69,0.2659986
SEIUSDT,BUY,LIMIT,1701194934282,18509,0.2756384
SEIUSDT,BUY,LIMIT,1701194943211,1204,0.2762845
SEIUSDT,BUY,LIMIT,1701194997187,1837,0.2773672
SEIUSDT,BUY,LIMIT,1701195047376,136,0.2776170
SEIUSDT,BUY,LIMIT,1701195051245,110,0.2777186
SEIUSDT,BUY,LIMIT,1701195153333,4097,0.2783150
SEIUSDT,BUY,LIMIT,1701195158173,1353,0.2792054
SEIUSDT,BUY,LIMIT,1701195324521,436,0.2797424
SEIUSDT,BUY,LIMIT,1701195328653,1664,0.2801918
SEIUSDT,BUY,LIMIT,1701195333097,1471,0.2804510
SEIUSDT,SELL,LIMIT,1701195369064,130,0.2708000
SEIUSDT,BUY,LIMIT,1701195618797,2361,0.2806180
SEIUSDT,BUY,LIMIT,1701195635732,2800,0.2807109
SEIUSDT,BUY,LIMIT,1701195639405,93,0.2808337
SEIUSDT,BUY,LIMIT,1701195640595,1454,0.2811092
SEIUSDT,BUY,LIMIT,1701195642542,186,0.2814747
SEIUSDT,BUY,LIMIT,1701195652314,1399,0.2821943
SEIUSDT,BUY,LIMIT,1701195653317,21,0.2820045
SEIUSDT,BUY,LIMIT,1701195752235,3417,0.2815174
SEIUSDT,BUY,LIMIT,1701195840010,6571,0.2818567
SEIUSDT,SELL,LIMIT,1701195867950,7231,0.2724077
SEIUSDT,BUY,LIMIT,1701196034296,8869,0.2825602
SEIUSDT,BUY,LIMIT,1701196036520,644,0.2826088
SEIUSDT,SELL,LIMIT,1701196044418,8972,0.2725788
SEIUSDT,SELL,LIMIT,1701196099042,151,0.2722653
SEIUSDT,BUY,LIMIT,1701196213158,8742,0.2814022
SEIUSDT,BUY,LIMIT,1701196477131,22,0.2817748
SEIUSDT,BUY,LIMIT,1701196495097,5760,0.2820956
SEIUSDT,BUY,LIMIT,1701196511239,3447,0.2822714
SEIUSDT,BUY,LIMIT,1701196519740,11335,0.2824072
SEIUSDT,BUY,LIMIT,1701196879489,1007,0.2825056
SEIUSDT,BUY,LIMIT,1701196884067,147,0.2826720
SEIUSDT,BUY,LIMIT,1701196885108,1395,0.2828231
SEIUSDT,BUY,LIMIT,1701196886109,19,0.2828059
SEIUSDT,BUY,LIMIT,1701196888351,30517,0.2840047
SEIUSDT,BUY,LIMIT,1701196889540,38,0.2834259
SEIUSDT,BUY,LIMIT,1701196890917,19,0.2837470
SEIUSDT,BUY,LIMIT,1701196920080,1969,0.2837628
SEIUSDT,BUY,LIMIT,1701196921513,180,0.2838466
SEIUSDT,BUY,LIMIT,1701196922592,140,0.2839971
SEIUSDT,BUY,LIMIT,1701196927024,251,0.2840907
SEIUSDT,BUY,LIMIT,1701196934067,3003,0.2837608
SEIUSDT,BUY,LIMIT,1701196936726,1447,0.2841341
SEIUSDT,BUY,LIMIT,1701196939159,26708,0.2854458
SEIUSDT,BUY,LIMIT,1701196940549,198,0.2846261
SEIUSDT,BUY,LIMIT,1701196968082,39,0.2845044
SEIUSDT,BUY,LIMIT,1701196971128,10102,0.2851141
SEIUSDT,BUY,LIMIT,1701196972147,7693,0.2853281
SEIUSDT,BUY,LIMIT,1701196973718,85340,0.2877494
SEIUSDT,BUY,LIMIT,1701196975177,744,0.2856739
SEIUSDT,BUY,LIMIT,1701196976653,522,0.2857970
SEIUSDT,BUY,LIMIT,1701196977667,1128,0.2859678
SEIUSDT,BUY,LIMIT,1701196979117,386,0.2865167
SEIUSDT,BUY,LIMIT,1701196980292,146,0.2865646
SEIUSDT,BUY,LIMIT,1701197016077,1543,0.2852255
SEIUSDT,BUY,LIMIT,1701197206208,81118,0.2877427
SEIUSDT,BUY,LIMIT,1701197327279,118,0.2857225
SEIUSDT,SELL,LIMIT,1701197381175,145,0.2758356
SEIUSDT,SELL,LIMIT,1701197382241,4707,0.2759700
SEIUSDT,SELL,LIMIT,1701197385082,149,0.2754226
SEIUSDT,SELL,LIMIT,1701197386146,478,0.2753148
SEIUSDT,SELL,LIMIT,1701197407613,90,0.2751263
SEIUSDT,BUY,LIMIT,1701197423656,50,0.2578511
SEIUSDT,SELL,LIMIT,1701197425322,425,0.2750443
SEIUSDT,SELL,LIMIT,1701197427400,1802,0.2745562
SEIUSDT,SELL,LIMIT,1701197442779,1048,0.2741838
SEIUSDT,SELL,LIMIT,1701197444417,485,0.2740900
SEIUSDT,BUY,LIMIT,1701197477792,251,0.2834892
SEIUSDT,BUY,LIMIT,1701197482110,50,0.2836912
SEIUSDT,SELL,LIMIT,1701197553632,1779,0.2738512
SEIUSDT,SELL,LIMIT,1701197564877,134,0.2735886
SEIUSDT,SELL,LIMIT,1701197565996,1966,0.2734525
SEIUSDT,BUY,LIMIT,1701197714222,15934,0.2837780
SEIUSDT,BUY,LIMIT,1701197727831,1337,0.2841346
SEIUSDT,BUY,LIMIT,1701197763339,1487,0.2845242
SEIUSDT,BUY,LIMIT,1701197768870,606,0.2846416
SEIUSDT,BUY,LIMIT,1701197810208,11040,0.2854901
SEIUSDT,BUY,LIMIT,1701197817406,576,0.2856306
SEIUSDT,BUY,LIMIT,1701197835422,2399,0.2817586
SEIUSDT,BUY,LIMIT,1701197837175,1597,0.2849254
SEIUSDT,BUY,LIMIT,1701197838334,3996,0.2859255
SEIUSDT,BUY,LIMIT,1701197841303,11020,0.2830499
SEIUSDT,BUY,LIMIT,1701197843105,521,0.2859254
SEIUSDT,BUY,LIMIT,1701197844477,120,0.2615366
SEIUSDT,BUY,LIMIT,1701197846430,3873,0.2861263
SEIUSDT,BUY,LIMIT,1701197847713,38,0.2862270
SEIUSDT,BUY,LIMIT,1701197848850,41,0.2851208
SEIUSDT,BUY,LIMIT,1701197849763,1009,0.2866924
SEIUSDT,BUY,LIMIT,1701197851096,9515,0.2867398
SEIUSDT,BUY,LIMIT,1701197852457,19,0.2867853
SEIUSDT,BUY,LIMIT,1701197853498,1817,0.2870477
SEIUSDT,BUY,LIMIT,1701197856290,217,0.2870618
SEIUSDT,BUY,LIMIT,1701197857320,1450,0.2838570
SEIUSDT,BUY,LIMIT,1701197859074,1713,0.2875566
SEIUSDT,BUY,LIMIT,1701197860326,1709,0.2876474
SEIUSDT,BUY,LIMIT,1701197862394,5068,0.2877106
SEIUSDT,BUY,LIMIT,1701197864062,13360,0.2879823
SEIUSDT,BUY,LIMIT,1701197865103,23028,0.2892428
SEIUSDT,BUY,LIMIT,1701197866207,3639,0.2884850
SEIUSDT,BUY,LIMIT,1701197868279,29,0.2887616
SEIUSDT,BUY,LIMIT,1701197870058,165,0.2889299
SEIUSDT,BUY,LIMIT,1701197872837,24,0.2892946
SEIUSDT,BUY,LIMIT,1701197874081,4454,0.2897176
SEIUSDT,BUY,LIMIT,1701197875090,218,0.2897877
SEIUSDT,SELL,LIMIT,1701197890393,5429,0.2794425
SEIUSDT,SELL,LIMIT,1701197939194,3520,0.2786161
SEIUSDT,BUY,LIMIT,1701197975601,3418,0.2870447
SEIUSDT,BUY,LIMIT,1701197979802,4036,0.2870420
SEIUSDT,BUY,LIMIT,1701198004433,1139,0.2887087
SEIUSDT,BUY,LIMIT,1701198067880,150,0.2884630
SEIUSDT,BUY,LIMIT,1701198094192,2697,0.2895311
SEIUSDT,BUY,LIMIT,1701198095294,1236,0.2895097
SEIUSDT,BUY,LIMIT,1701198100103,2882,0.2898659
SEIUSDT,BUY,LIMIT,1701198101392,4410,0.2901185
SEIUSDT,BUY,LIMIT,1701198102529,494,0.2902148
SEIUSDT,SELL,LIMIT,1701198137116,559,0.2798408
SEIUSDT,SELL,LIMIT,1701198145886,1645,0.2793445
SEIUSDT,BUY,LIMIT,1701198152665,27,0.2867533
SEIUSDT,SELL,LIMIT,1701198205260,34,0.2791243
SEIUSDT,BUY,LIMIT,1701198245401,23,0.2888866
SEIUSDT,BUY,LIMIT,1701198334037,77,0.2895379
SEIUSDT,BUY,LIMIT,1701198335096,175,0.2898703
SEIUSDT,BUY,LIMIT,1701198338218,848,0.2902720
SEIUSDT,BUY,LIMIT,1701198341132,277,0.2903171
SEIUSDT,BUY,LIMIT,1701198344268,1190,0.2905794
SEIUSDT,BUY,LIMIT,1701198345389,288,0.2906809
SEIUSDT,BUY,LIMIT,1701198348151,1000,0.2907221
SEIUSDT,SELL,LIMIT,1701198370148,246,0.2805372
SEIUSDT,SELL,LIMIT,1701198375167,919,0.2801552
SEIUSDT,SELL,LIMIT,1701198376389,1211,0.2800526
SEIUSDT,SELL,LIMIT,1701198394381,1574,0.2798348
SEIUSDT,SELL,LIMIT,1701198497761,1080,0.2788669
SEIUSDT,SELL,LIMIT,1701198502075,80,0.2784200
SEIUSDT,SELL,LIMIT,1701198504132,2516,0.2782725
SEIUSDT,SELL,LIMIT,1701198510955,231,0.2779718
SEIUSDT,SELL,LIMIT,1701198625168,4081,0.2783853
SEIUSDT,SELL,LIMIT,1701198669047,17692,0.2780433
SEIUSDT,SELL,LIMIT,1701198670291,9678,0.2775208
SEIUSDT,BUY,LIMIT,1701198726383,5026,0.2873789
SEIUSDT,BUY,LIMIT,1701198740458,1068,0.2874821
SEIUSDT,BUY,LIMIT,1701198782203,546,0.2882208
SEIUSDT,BUY,LIMIT,1701198821018,852,0.2884196
SEIUSDT,BUY,LIMIT,1701199011369,4456,0.2880139
SEIUSDT,BUY,LIMIT,1701199031858,13542,0.2885016
SEIUSDT,BUY,LIMIT,1701199033638,276,0.2885840
SEIUSDT,BUY,LIMIT,1701199119955,1943,0.2887362
SEIUSDT,BUY,LIMIT,1701199127851,836,0.2890281
SEIUSDT,BUY,LIMIT,1701199131279,2695,0.2895387
SEIUSDT,BUY,LIMIT,1701199287139,866,0.2882071
SEIUSDT,BUY,LIMIT,1701199291934,21,0.2886782
SEIUSDT,BUY,LIMIT,1701199795406,153,0.2893341
SEIUSDT,BUY,LIMIT,1701199819125,1207,0.2899458
SEIUSDT,BUY,LIMIT,1701199820266,1381,0.2908222
SEIUSDT,BUY,LIMIT,1701199822133,781,0.2909940
SEIUSDT,BUY,LIMIT,1701199823254,1494,0.2909311
SEIUSDT,BUY,LIMIT,1701199840223,3233,0.2908123
SEIUSDT,BUY,LIMIT,1701199846208,36,0.2912548
SEIUSDT,BUY,LIMIT,1701199847213,129,0.2913750
SEIUSDT,BUY,LIMIT,1701199848379,1475,0.2918445
SEIUSDT,SELL,LIMIT,1701199875685,11915,0.2813383
SEIUSDT,SELL,LIMIT,1701199876810,133,0.2807456
SEIUSDT,SELL,LIMIT,1701199885340,1687,0.2805348
SEIUSDT,SELL,LIMIT,1701199892116,323,0.2803266
SEIUSDT,SELL,LIMIT,1701199948264,61,0.2788817
SEIUSDT,SELL,LIMIT,1701199949385,407,0.2788089
SEIUSDT,BUY,LIMIT,1701199985375,6601,0.2891137
SEIUSDT,SELL,LIMIT,1701200414567,23,0.2783768
SEIUSDT,SELL,LIMIT,1701200421513,655,0.2781355
SEIUSDT,SELL,LIMIT,1701200425101,93,0.2780581
SEIUSDT,SELL,LIMIT,1701200426269,161,0.2780395
SEIUSDT,BUY,LIMIT,1701200453164,919,0.2879068
SEIUSDT,BUY,LIMIT,1701200454286,622,0.2883311
SEIUSDT,BUY,LIMIT,1701200469843,857,0.2885667
SEIUSDT,BUY,LIMIT,1701200474778,18241,0.2875952
SEIUSDT,BUY,LIMIT,1701200545031,22075,0.2891296
SEIUSDT,BUY,LIMIT,1701200549462,399,0.2887001
SEIUSDT,BUY,LIMIT,1701200563083,2334,0.2886045
SEIUSDT,BUY,LIMIT,1701201032543,1622,0.2893958
SEIUSDT,BUY,LIMIT,1701201041537,251,0.2896641
SEIUSDT,BUY,LIMIT,1701201067162,191,0.2898620
SEIUSDT,BUY,LIMIT,1701201069277,606,0.2899334
SEIUSDT,BUY,LIMIT,1701201073686,361,0.2900556
SEIUSDT,BUY,LIMIT,1701201076313,16575,0.2901779
SEIUSDT,BUY,LIMIT,1701201078024,275,0.2904152
SEIUSDT,BUY,LIMIT,1701201082844,4385,0.2906429
SEIUSDT,BUY,LIMIT,1701201087196,1764,0.2908019
SEIUSDT,BUY,LIMIT,1701201091868,88,0.2910465
SEIUSDT,BUY,LIMIT,1701201196515,477,0.2912965
SEIUSDT,BUY,LIMIT,1701201199099,5858,0.2922057
SEIUSDT,BUY,LIMIT,1701201200225,17661,0.2929359
SEIUSDT,BUY,LIMIT,1701201201234,3318,0.2928681
SEIUSDT,BUY,LIMIT,1701201202381,42303,0.2948300
SEIUSDT,BUY,LIMIT,1701201203472,1484,0.2931669
SEIUSDT,SELL,LIMIT,1701201219236,1208,0.2829644
SEIUSDT,BUY,LIMIT,1701201305628,18,0.2932415
SEIUSDT,BUY,LIMIT,1701201306653,6167,0.2933787
SEIUSDT,BUY,LIMIT,1701201307777,627,0.2936501
SEIUSDT,BUY,LIMIT,1701201309221,119,0.2938948
SEIUSDT,SELL,LIMIT,1701201382291,84,0.2835607
SEIUSDT,BUY,LIMIT,1701201383299,402,0.2911522
SEIUSDT,SELL,LIMIT,1701201388438,45,0.2826867
SEIUSDT,BUY,LIMIT,1701201446845,87,0.2927799
SEIUSDT,SELL,LIMIT,1701201542149,4525,0.2822695
SEIUSDT,BUY,LIMIT,1701201614575,2160,0.2867477
SEIUSDT,SELL,LIMIT,1701201634126,406,0.2814417
SEIUSDT,BUY,LIMIT,1701201635236,3000,0.2900004
SEIUSDT,BUY,LIMIT,1701201640491,37,0.2897824
SEIUSDT,SELL,LIMIT,1701201642676,4356,0.2810130
SEIUSDT,SELL,LIMIT,1701201650699,197,0.2808267
SEIUSDT,BUY,LIMIT,1701201652939,1126,0.2881854
SEIUSDT,BUY,LIMIT,1701201695327,4092,0.2897968
SEIUSDT,SELL,LIMIT,1701201801721,7277,0.2798708
SEIUSDT,SELL,LIMIT,1701201812150,590,0.2794703
SEIUSDT,SELL,LIMIT,1701201817302,77,0.2792974
SEIUSDT,BUY,LIMIT,1701202121490,153,0.2894360
SEIUSDT,BUY,LIMIT,1701202126371,1384,0.2897745
SEIUSDT,BUY,LIMIT,1701202132591,7358,0.2900715
SEIUSDT,BUY,LIMIT,1701202133955,1341,0.2901403
SEIUSDT,BUY,LIMIT,1701202136130,2103,0.2902534
SEIUSDT,BUY,LIMIT,1701202137318,100,0.2902293
SEIUSDT,SELL,LIMIT,1701202168029,69,0.2797084
SEIUSDT,BUY,LIMIT,1701202301295,3193,0.2900331
SEIUSDT,BUY,LIMIT,1701202312490,2990,0.2903329
SEIUSDT,BUY,LIMIT,1701202527300,969,0.2905049
SEIUSDT,BUY,LIMIT,1701202552024,2817,0.2908555
SEIUSDT,BUY,LIMIT,1701202553427,128,0.2912653
SEIUSDT,BUY,LIMIT,1701202620894,4160,0.2916200
SEIUSDT,BUY,LIMIT,1701202638527,54,0.2918289
SEIUSDT,BUY,LIMIT,1701202641204,17488,0.2920832
SEIUSDT,BUY,LIMIT,1701202642305,346,0.2921178
SEIUSDT,BUY,LIMIT,1701202651108,1654,0.2925965
SEIUSDT,BUY,LIMIT,1701202654081,27959,0.2943120
SEIUSDT,BUY,LIMIT,1701202662653,3576,0.2933023
SEIUSDT,BUY,LIMIT,1701202668291,17361,0.2937024
SEIUSDT,SELL,LIMIT,1701202689895,43,0.2835381
SEIUSDT,SELL,LIMIT,1701202816572,658,0.2820037
SEIUSDT,SELL,LIMIT,1701202818673,2043,0.2816709
SEIUSDT,SELL,LIMIT,1701203059120,190,0.2804882
SEIUSDT,SELL,LIMIT,1701203105787,14615,0.2802424
SEIUSDT,SELL,LIMIT,1701203130593,48,0.2798863
SEIUSDT,SELL,LIMIT,1701203400057,178,0.2788651
SEIUSDT,SELL,LIMIT,1701203407339,3185,0.2783765
SEIUSDT,BUY,LIMIT,1701203615421,15963,0.2875288
SEIUSDT,BUY,LIMIT,1701203761324,1710,0.2875839
SEIUSDT,BUY,LIMIT,1701203870192,74,0.2879068
SEIUSDT,BUY,LIMIT,1701203871449,53,0.2879068
SEIUSDT,BUY,LIMIT,1701203878587,3536,0.2884812
SEIUSDT,SELL,LIMIT,1701203935897,74,0.2786183
SEIUSDT,BUY,LIMIT,1701204242084,17442,0.2877634
SEIUSDT,BUY,LIMIT,1701204258098,990,0.2884158
SEIUSDT,BUY,LIMIT,1701204266719,1482,0.2887118
SEIUSDT,BUY,LIMIT,1701204272477,17649,0.2888848
SEIUSDT,SELL,LIMIT,1701205113574,7151,0.2774440
SEIUSDT,SELL,LIMIT,1701205116661,105,0.2772949
SEIUSDT,SELL,LIMIT,1701205124642,9850,0.2770696
SEIUSDT,BUY,LIMIT,1701205153770,3068,0.2867853
SEIUSDT,BUY,LIMIT,1701205163689,4289,0.2874524
SEIUSDT,BUY,LIMIT,1701205220817,453,0.2878009
SEIUSDT,BUY,LIMIT,1701205239255,3505,0.2879995
SEIUSDT,BUY,LIMIT,1701205303449,472,0.2884506
SEIUSDT,BUY,LIMIT,1701205861073,73,0.2890547
SEIUSDT,BUY,LIMIT,1701205987378,169,0.2877187
SEIUSDT,SELL,LIMIT,1701206137999,11690,0.2787927
SEIUSDT,SELL,LIMIT,1701206718317,1383,0.2767058
SEIUSDT,SELL,LIMIT,1701206719378,2114,0.2767891
SEIUSDT,SELL,LIMIT,1701206720462,17500,0.2766458
SEIUSDT,BUY,LIMIT,1701206788477,2728,0.2864757
SEIUSDT,SELL,LIMIT,1701207077473,1920,0.2764896
SEIUSDT,SELL,LIMIT,1701207081568,133,0.2763728
SEIUSDT,SELL,LIMIT,1701207086063,200,0.2760645
SEIUSDT,SELL,LIMIT,1701207087102,872,0.2758121
SEIUSDT,SELL,LIMIT,1701207093196,3495,0.2754360
SEIUSDT,SELL,LIMIT,1701207097065,4667,0.2752823
SEIUSDT,SELL,LIMIT,1701207119457,268,0.2751635
SEIUSDT,SELL,LIMIT,1701207124373,242,0.2751725
SEIUSDT,SELL,LIMIT,1701207182332,795,0.2750121
SEIUSDT,SELL,LIMIT,1701207183446,462,0.2749709
SEIUSDT,SELL,LIMIT,1701207511390,1784,0.2744684
SEIUSDT,SELL,LIMIT,1701207529514,532,0.2743663
SEIUSDT,SELL,LIMIT,1701207816638,1989,0.2739495
SEIUSDT,SELL,LIMIT,1701207818883,1745,0.2739034
SEIUSDT,SELL,LIMIT,1701207820785,1231,0.2737511
SEIUSDT,SELL,LIMIT,1701207825257,36,0.2735867
SEIUSDT,SELL,LIMIT,1701207827252,7446,0.2734616
SEIUSDT,SELL,LIMIT,1701207835288,49487,0.2713378
SEIUSDT,SELL,LIMIT,1701207836304,15369,0.2728432
SEIUSDT,SELL,LIMIT,1701207838150,9944,0.2727301
SEIUSDT,SELL,LIMIT,1701208030393,294,0.2725187
SEIUSDT,SELL,LIMIT,1701208131356,704,0.2722711
SEIUSDT,SELL,LIMIT,1701208133489,1482,0.2721701
SEIUSDT,SELL,LIMIT,1701208181130,2210,0.2719586
SEIUSDT,SELL,LIMIT,1701208187688,900,0.2719549
SEIUSDT,SELL,LIMIT,1701208190266,73,0.2714723
SEIUSDT,SELL,LIMIT,1701208261357,2214,0.2713614
SEIUSDT,SELL,LIMIT,1701208269105,1250,0.2712306
SEIUSDT,SELL,LIMIT,1701208278397,306,0.2708764
SEIUSDT,SELL,LIMIT,1701208283305,30,0.2706492
SEIUSDT,SELL,LIMIT,1701208307277,1122,0.2705815
SEIUSDT,SELL,LIMIT,1701208308937,1217,0.2704979
SEIUSDT,SELL,LIMIT,1701208313226,54,0.2703806
SEIUSDT,SELL,LIMIT,1701208315299,1099,0.2701720
SEIUSDT,SELL,LIMIT,1701208319375,19528,0.2699195
SEIUSDT,SELL,LIMIT,1701208355264,1406,0.2700801
SEIUSDT,SELL,LIMIT,1701208360778,137,0.2698568
SEIUSDT,SELL,LIMIT,1701208369721,94,0.2696604
SEIUSDT,BUY,LIMIT,1701208406082,165,0.2652756
SEIUSDT,BUY,LIMIT,1701208585588,845,0.2792421
SEIUSDT,BUY,LIMIT,1701208587503,812,0.2794456
SEIUSDT,BUY,LIMIT,1701208596379,681,0.2800911
SEIUSDT,BUY,LIMIT,1701208598576,728,0.2801390
SEIUSDT,BUY,LIMIT,1701208604270,4599,0.2803551
SEIUSDT,BUY,LIMIT,1701208611748,8534,0.2806592
SEIUSDT,BUY,LIMIT,1701208809823,907,0.2808529
SEIUSDT,SELL,LIMIT,1701208993842,441,0.2708721
SEIUSDT,BUY,LIMIT,1701209174132,3739,0.2802605
SEIUSDT,BUY,LIMIT,1701209308218,25,0.2804375
SEIUSDT,BUY,LIMIT,1701209497311,2027,0.2815859
SEIUSDT,BUY,LIMIT,1701209541745,175,0.2820424
SEIUSDT,BUY,LIMIT,1701209626282,1843,0.2821815
SEIUSDT,BUY,LIMIT,1701209627308,130,0.2822670
SEIUSDT,BUY,LIMIT,1701209629490,1515,0.2824846
SEIUSDT,BUY,LIMIT,1701209831365,3500,0.2826885
SEIUSDT,BUY,LIMIT,1701209858192,297,0.2829043
SEIUSDT,BUY,LIMIT,1701209863027,3789,0.2830817
SEIUSDT,BUY,LIMIT,1701209991296,54,0.2837505
SEIUSDT,SELL,LIMIT,1701210176529,11463,0.2733345
SEIUSDT,SELL,LIMIT,1701210225692,5608,0.2726189
SEIUSDT,SELL,LIMIT,1701210227378,7795,0.2725009
SEIUSDT,SELL,LIMIT,1701210239369,544,0.2722201
SEIUSDT,BUY,LIMIT,1701210843163,147,0.2825250
SEIUSDT,BUY,LIMIT,1701211042624,157,0.2827905
SEIUSDT,BUY,LIMIT,1701211048159,478,0.2829448
SEIUSDT,BUY,LIMIT,1701211082251,3288,0.2833190
SEIUSDT,BUY,LIMIT,1701211131637,1710,0.2835059
SEIUSDT,BUY,LIMIT,1701211651768,359,0.2838410
SEIUSDT,BUY,LIMIT,1701211673161,979,0.2841116
SEIUSDT,BUY,LIMIT,1701211674570,325,0.2844088
SEIUSDT,BUY,LIMIT,1701211675714,195,0.2853536
SEIUSDT,SELL,LIMIT,1701211906934,346,0.2750121
SEIUSDT,BUY,LIMIT,1701211948335,11,0.2829978
SEIUSDT,SELL,LIMIT,1701211958288,8167,0.2745624
SEIUSDT,SELL,LIMIT,1701211987257,907,0.2743021
SEIUSDT,BUY,LIMIT,1701212104742,25,0.2841203
SEIUSDT,BUY,LIMIT,1701212105848,2440,0.2842855
SEIUSDT,BUY,LIMIT,1701212112815,3803,0.2843937
SEIUSDT,SELL,LIMIT,1701212551146,3662,0.2754255
SEIUSDT,BUY,LIMIT,1701213006465,3173,0.2853587
SEIUSDT,BUY,LIMIT,1701213009051,2311,0.2854872
SEIUSDT,BUY,LIMIT,1701213013623,14,0.2859118
SEIUSDT,BUY,LIMIT,1701213038207,19,0.2860083
SEIUSDT,BUY,LIMIT,1701213045164,145,0.2860653
SEIUSDT,BUY,LIMIT,1701213074182,1078,0.2861855
SEIUSDT,BUY,LIMIT,1701213085595,1276,0.2863609
SEIUSDT,BUY,LIMIT,1701213094437,1884,0.2866548
SEIUSDT,BUY,LIMIT,1701213099079,991,0.2867677
SEIUSDT,BUY,LIMIT,1701213109994,339,0.2869386
SEIUSDT,BUY,LIMIT,1701213114433,2691,0.2871298
SEIUSDT,BUY,LIMIT,1701213115453,11213,0.2871543
SEIUSDT,SELL,LIMIT,1701213871685,2044,0.2768742
SEIUSDT,BUY,LIMIT,1701213950625,312,0.2871756
SEIUSDT,BUY,LIMIT,1701213953217,1743,0.2873747
SEIUSDT,BUY,LIMIT,1701213954335,3965,0.2874500
SEIUSDT,BUY,LIMIT,1701214176211,70,0.2873951
SEIUSDT,BUY,LIMIT,1701214818684,2068,0.2874692
SEIUSDT,BUY,LIMIT,1701214821319,41,0.2876009
SEIUSDT,BUY,LIMIT,1701214822690,45,0.2876714
SEIUSDT,BUY,LIMIT,1701214824201,3649,0.2877729
SEIUSDT,BUY,LIMIT,1701214828448,127,0.2878778
SEIUSDT,BUY,LIMIT,1701214982525,1718,0.2879220
SEIUSDT,BUY,LIMIT,1701214986795,19,0.2880145
SEIUSDT,BUY,LIMIT,1701214988043,78,0.2886125
SEIUSDT,SELL,LIMIT,1701215250934,8669,0.2778684
SEIUSDT,SELL,LIMIT,1701215266370,94,0.2777300
SEIUSDT,SELL,LIMIT,1701215270251,21,0.2775743
SEIUSDT,SELL,LIMIT,1701215420464,118,0.2768092
SEIUSDT,SELL,LIMIT,1701215425074,56,0.2767769
SEIUSDT,BUY,LIMIT,1701215647451,577,0.2865853
SEIUSDT,BUY,LIMIT,1701215867457,5633,0.2882158
SEIUSDT,BUY,LIMIT,1701215940699,70,0.2868390
SEIUSDT,BUY,LIMIT,1701216075171,1763,0.2883442
SEIUSDT,BUY,LIMIT,1701216090029,1289,0.2885255
SEIUSDT,BUY,LIMIT,1701216092930,732,0.2882600
SEIUSDT,SELL,LIMIT,1701216117797,38,0.2777466
SEIUSDT,BUY,LIMIT,1701216211445,723,0.2879067
SEIUSDT,BUY,LIMIT,1701216245223,110,0.2885350
SEIUSDT,BUY,LIMIT,1701216246287,6687,0.2887559
SEIUSDT,BUY,LIMIT,1701216247333,2639,0.2889429
SEIUSDT,SELL,LIMIT,1701216373414,869,0.2774815
SEIUSDT,SELL,LIMIT,1701216388279,1975,0.2770914
SEIUSDT,SELL,LIMIT,1701216454100,433,0.2769693
SEIUSDT,BUY,LIMIT,1701216518233,264,0.2865638
SEIUSDT,BUY,LIMIT,1701216521422,875,0.2872377
SEIUSDT,BUY,LIMIT,1701216532120,177,0.2878895
SEIUSDT,SELL,LIMIT,1701216733140,2601,0.2776749
SEIUSDT,BUY,LIMIT,1701216779152,1634,0.2876865
SEIUSDT,BUY,LIMIT,1701216798120,77,0.2874480
SEIUSDT,SELL,LIMIT,1701216846187,7449,0.2790502
SEIUSDT,BUY,LIMIT,1701216999328,46,0.2886664
SEIUSDT,BUY,LIMIT,1701217009363,1130,0.2890288
SEIUSDT,SELL,LIMIT,1701217124184,3953,0.2782540
SEIUSDT,SELL,LIMIT,1701217199562,215,0.2781479
SEIUSDT,BUY,LIMIT,1701217666194,3977,0.2891627
SEIUSDT,BUY,LIMIT,1701217667210,2510,0.2892616
SEIUSDT,BUY,LIMIT,1701217668268,101,0.2897468
SEIUSDT,BUY,LIMIT,1701217672244,406,0.2901239
SEIUSDT,BUY,LIMIT,1701217673269,1524,0.2899922
SEIUSDT,BUY,LIMIT,1701217680576,4474,0.2905410
SEIUSDT,BUY,LIMIT,1701217759550,326,0.2895746
SEIUSDT,SELL,LIMIT,1701217808188,339,0.2800054
SEIUSDT,BUY,LIMIT,1701218041101,2240,0.2886660
SEIUSDT,BUY,LIMIT,1701218073397,515,0.2888771
SEIUSDT,BUY,LIMIT,1701218082782,72,0.2896670
SEIUSDT,BUY,LIMIT,1701218560168,61,0.2899338
SEIUSDT,BUY,LIMIT,1701218565069,649,0.2900644
SEIUSDT,SELL,LIMIT,1701219041428,528,0.2795407
SEIUSDT,SELL,LIMIT,1701219043653,2222,0.2793533
SEIUSDT,SELL,LIMIT,1701219056859,175,0.2791565
SEIUSDT,SELL,LIMIT,1701219062554,14925,0.2790815
SEIUSDT,SELL,LIMIT,1701219067817,84,0.2789651
SEIUSDT,SELL,LIMIT,1701219201586,11919,0.2782067
SEIUSDT,BUY,LIMIT,1701219239703,842,0.2878864
SEIUSDT,BUY,LIMIT,1701219243337,1600,0.2881227
SEIUSDT,BUY,LIMIT,1701219245981,1817,0.2861701
SEIUSDT,BUY,LIMIT,1701219249514,7528,0.2882166
SEIUSDT,BUY,LIMIT,1701219250624,155,0.2884677
SEIUSDT,SELL,LIMIT,1701219521477,172,0.2782898
SEIUSDT,BUY,LIMIT,1701219642559,135,0.2868390
SEIUSDT,BUY,LIMIT,1701219658387,700,0.2862577
SEIUSDT,BUY,LIMIT,1701219665513,1061,0.2868390
SEIUSDT,BUY,LIMIT,1701219765296,171,0.2878661
SEIUSDT,BUY,LIMIT,1701219840429,250,0.2894455
SEIUSDT,BUY,LIMIT,1701219893386,1529,0.2898274
SEIUSDT,BUY,LIMIT,1701219895525,240,0.2902552
SEIUSDT,BUY,LIMIT,1701219896640,38,0.2904433
SEIUSDT,BUY,LIMIT,1701219929980,61,0.2908013
SEIUSDT,BUY,LIMIT,1701219931123,107,0.2908450
SEIUSDT,BUY,LIMIT,1701219934599,17004,0.2909491
SEIUSDT,BUY,LIMIT,1701219943724,15,0.2910450
SEIUSDT,BUY,LIMIT,1701219956612,51,0.2913389
SEIUSDT,BUY,LIMIT,1701219957762,1069,0.2914553
SEIUSDT,BUY,LIMIT,1701219959190,13427,0.2919277
SEIUSDT,BUY,LIMIT,1701219961213,499,0.2920155
SEIUSDT,BUY,LIMIT,1701220031851,60,0.2924604
SEIUSDT,BUY,LIMIT,1701220033137,1236,0.2925136
SEIUSDT,BUY,LIMIT,1701220036293,13052,0.2926592
SEIUSDT,BUY,LIMIT,1701220037382,4610,0.2928391
SEIUSDT,BUY,LIMIT,1701220039244,288,0.2929136
SEIUSDT,BUY,LIMIT,1701220042047,777,0.2930152
SEIUSDT,BUY,LIMIT,1701220043073,603,0.2929588
SEIUSDT,BUY,LIMIT,1701220047437,1190,0.2930492
SEIUSDT,BUY,LIMIT,1701220048443,73,0.2934984
SEIUSDT,BUY,LIMIT,1701220050337,401,0.2939318
SEIUSDT,BUY,LIMIT,1701220051348,263,0.2938950
SEIUSDT,BUY,LIMIT,1701220052628,85,0.2942734
SEIUSDT,BUY,LIMIT,1701220080191,30,0.2943309
SEIUSDT,BUY,LIMIT,1701220081193,579,0.2949660
SEIUSDT,BUY,LIMIT,1701220082205,1412,0.2947652
SEIUSDT,BUY,LIMIT,1701220289350,513,0.2955289
SEIUSDT,BUY,LIMIT,1701220298079,1035,0.2961157
SEIUSDT,BUY,LIMIT,1701220299130,800,0.2961194
SEIUSDT,BUY,LIMIT,1701220300133,272,0.2963467
SEIUSDT,BUY,LIMIT,1701220301179,3412,0.2971426
SEIUSDT,SELL,LIMIT,1701220337176,1203,0.2842581
SEIUSDT,SELL,LIMIT,1701220338178,5411,0.2844559
SEIUSDT,SELL,LIMIT,1701220341130,11,0.2831616
SEIUSDT,SELL,LIMIT,1701220343193,1301,0.2828283
SEIUSDT,SELL,LIMIT,1701220352473,22,0.2817425
SEIUSDT,SELL,LIMIT,1701220374701,1442,0.2813056
SEIUSDT,SELL,LIMIT,1701220378346,2656,0.2804404
SEIUSDT,SELL,LIMIT,1701220381153,235,0.2803251
SEIUSDT,SELL,LIMIT,1701220382256,202,0.2803190
SEIUSDT,SELL,LIMIT,1701220383798,710,0.2797370
SEIUSDT,SELL,LIMIT,1701220384877,5471,0.2790445
SEIUSDT,SELL,LIMIT,1701220390000,7090,0.2787980
SEIUSDT,SELL,LIMIT,1701220407455,106,0.2780577
SEIUSDT,SELL,LIMIT,1701220409736,17473,0.2777250
SEIUSDT,SELL,LIMIT,1701220411632,1000,0.2773061
SEIUSDT,SELL,LIMIT,1701220412650,35240,0.2753356
SEIUSDT,SELL,LIMIT,1701220413911,17749,0.2761225
SEIUSDT,SELL,LIMIT,1701220415308,198,0.2754901
SEIUSDT,SELL,LIMIT,1701220423008,1389,0.2753204
SEIUSDT,SELL,LIMIT,1701220424600,3521,0.2748422
SEIUSDT,SELL,LIMIT,1701220429391,39152,0.2730413
SEIUSDT,SELL,LIMIT,1701220432612,45,0.2733333
SEIUSDT,SELL,LIMIT,1701220435143,412,0.2728887
SEIUSDT,SELL,LIMIT,1701220441831,564,0.2721272
SEIUSDT,SELL,LIMIT,1701220475262,5401,0.2721133
SEIUSDT,SELL,LIMIT,1701220479193,10956,0.2714246
SEIUSDT,SELL,LIMIT,1701220480218,13575,0.2710103
SEIUSDT,SELL,LIMIT,1701220481228,20234,0.2706793
SEIUSDT,SELL,LIMIT,1701220482301,70,0.2705035
SEIUSDT,SELL,LIMIT,1701220484741,2093,0.2705595
SEIUSDT,BUY,LIMIT,1701220522526,20,0.2816568
SEIUSDT,BUY,LIMIT,1701220531361,4066,0.2817707
SEIUSDT,BUY,LIMIT,1701220552486,92,0.2826192
SEIUSDT,BUY,LIMIT,1701220555250,3604,0.2828925
SEIUSDT,SELL,LIMIT,1701220566148,500,0.2730341
SEIUSDT,SELL,LIMIT,1701220567770,17976,0.2725978
SEIUSDT,BUY,LIMIT,1701220658904,5434,0.2815905
SEIUSDT,BUY,LIMIT,1701220672239,877,0.2821103
SEIUSDT,BUY,LIMIT,1701220678747,597,0.2823817
SEIUSDT,BUY,LIMIT,1701220688439,1919,0.2832074
SEIUSDT,BUY,LIMIT,1701220724487,2679,0.2839456
SEIUSDT,BUY,LIMIT,1701220730663,1063,0.2844365
SEIUSDT,SELL,LIMIT,1701220770543,1379,0.2744561
SEIUSDT,BUY,LIMIT,1701220861372,5991,0.2854916
SEIUSDT,BUY,LIMIT,1701221047796,17915,0.2859725
SEIUSDT,BUY,LIMIT,1701221054553,1332,0.2861854
SEIUSDT,BUY,LIMIT,1701221056493,705,0.2862170
SEIUSDT,BUY,LIMIT,1701221064230,173,0.2864411
SEIUSDT,BUY,LIMIT,1701221071692,2465,0.2868933
SEIUSDT,BUY,LIMIT,1701221178336,230,0.2873940
SEIUSDT,BUY,LIMIT,1701221324472,293,0.2882126
SEIUSDT,BUY,LIMIT,1701221326404,5617,0.2883575
SEIUSDT,SELL,LIMIT,1701221559722,903,0.2777749
SEIUSDT,SELL,LIMIT,1701221562839,135,0.2777011
SEIUSDT,SELL,LIMIT,1701221565386,34,0.2775441
SEIUSDT,BUY,LIMIT,1701221640176,12097,0.2868330
SEIUSDT,SELL,LIMIT,1701222006286,352,0.2749655
SEIUSDT,BUY,LIMIT,1701222322305,1181,0.2856341
SEIUSDT,BUY,LIMIT,1701222325019,971,0.2859697
SEIUSDT,SELL,LIMIT,1701222375289,8374,0.2755260
SEIUSDT,SELL,LIMIT,1701222383255,279,0.2754363
SEIUSDT,SELL,LIMIT,1701222447620,508,0.2751296
SEIUSDT,SELL,LIMIT,1701222452352,1188,0.2749871
SEIUSDT,SELL,LIMIT,1701222464266,4536,0.2747352
SEIUSDT,SELL,LIMIT,1701222923450,107,0.2736720
SEIUSDT,BUY,LIMIT,1701223300205,1337,0.2835197
SEIUSDT,BUY,LIMIT,1701223342631,146,0.2839193
SEIUSDT,SELL,LIMIT,1701223576219,2351,0.2757958
SEIUSDT,BUY,LIMIT,1701223663000,826,0.2846579
SEIUSDT,BUY,LIMIT,1701223690059,228,0.2847463
SEIUSDT,BUY,LIMIT,1701223702861,3293,0.2848461
SEIUSDT,BUY,LIMIT,1701223929256,12000,0.2851788
SEIUSDT,BUY,LIMIT,1701223952162,99,0.2855092
SEIUSDT,BUY,LIMIT,1701224002255,526,0.2860018
SEIUSDT,BUY,LIMIT,1701224017439,324,0.2863234
SEIUSDT,BUY,LIMIT,1701224020424,1696,0.2865621
SEIUSDT,BUY,LIMIT,1701224098851,6104,0.2870407
SEIUSDT,BUY,LIMIT,1701224109230,2134,0.2874678
SEIUSDT,BUY,LIMIT,1701224129703,19,0.2879688
SEIUSDT,BUY,LIMIT,1701224149548,14544,0.2879869
SEIUSDT,BUY,LIMIT,1701224152282,1193,0.2881062
SEIUSDT,BUY,LIMIT,1701224275237,21,0.2884294
SEIUSDT,BUY,LIMIT,1701224290312,17768,0.2887938
SEIUSDT,BUY,LIMIT,1701224296694,17131,0.2889447
SEIUSDT,SELL,LIMIT,1701224526088,5166,0.2780243
SEIUSDT,SELL,LIMIT,1701224630838,4670,0.2773288
SEIUSDT,BUY,LIMIT,1701224780699,483,0.2875441
SEIUSDT,SELL,LIMIT,1701225197678,6617,0.2765790
SEIUSDT,SELL,LIMIT,1701225203439,2500,0.2762573
SEIUSDT,BUY,LIMIT,1701225302347,12676,0.2855672
SEIUSDT,SELL,LIMIT,1701225786097,189,0.2756406
SEIUSDT,SELL,LIMIT,1701225999392,1292,0.2751699
SEIUSDT,SELL,LIMIT,1701226037283,11871,0.2746414
SEIUSDT,BUY,LIMIT,1701226420310,1354,0.2724517
SEIUSDT,SELL,LIMIT,1701226508654,48,0.2741193
SEIUSDT,SELL,LIMIT,1701226546789,1754,0.2730887
SEIUSDT,SELL,LIMIT,1701226629129,21,0.2734361
SEIUSDT,SELL,LIMIT,1701227085385,350,0.2732257
SEIUSDT,SELL,LIMIT,1701227258314,1186,0.2719995
SEIUSDT,SELL,LIMIT,1701227294489,2135,0.2717290
SEIUSDT,SELL,LIMIT,1701227302352,1055,0.2712371
SEIUSDT,SELL,LIMIT,1701227751418,9707,0.2721259
SEIUSDT,BUY,LIMIT,1701228023203,1729,0.2813900
SEIUSDT,BUY,LIMIT,1701228032873,910,0.2815532
SEIUSDT,BUY,LIMIT,1701228112658,19,0.2824246
SEIUSDT,BUY,LIMIT,1701228117119,561,0.2826514
SEIUSDT,BUY,LIMIT,1701228707539,221,0.2832923
SEIUSDT,BUY,LIMIT,1701228714203,1871,0.2833648
SEIUSDT,BUY,LIMIT,1701228740103,389,0.2836263
SEIUSDT,BUY,LIMIT,1701228741122,545,0.2836607
SEIUSDT,BUY,LIMIT,1701228743129,398,0.2838223
SEIUSDT,BUY,LIMIT,1701228747354,687,0.2841547
SEIUSDT,BUY,LIMIT,1701228748771,5585,0.2842962
SEIUSDT,BUY,LIMIT,1701228807716,130,0.2848836
SEIUSDT,BUY,LIMIT,1701228848769,10951,0.2856462
SEIUSDT,SELL,LIMIT,1701229052584,123,0.2763050
SEIUSDT,BUY,LIMIT,1701229106339,384,0.2853183
SEIUSDT,BUY,LIMIT,1701229331899,883,0.2864539
SEIUSDT,BUY,LIMIT,1701229333792,79,0.2866273
SEIUSDT,BUY,LIMIT,1701229337161,706,0.2875555
SEIUSDT,BUY,LIMIT,1701229387240,1540,0.2878299
SEIUSDT,SELL,LIMIT,1701230027473,2771,0.2772363
SEIUSDT,BUY,LIMIT,1701230414446,1274,0.2867308
SEIUSDT,BUY,LIMIT,1701230416418,222,0.2871210
SEIUSDT,BUY,LIMIT,1701230433984,17731,0.2874009
SEIUSDT,BUY,LIMIT,1701230436724,1523,0.2875017
SEIUSDT,BUY,LIMIT,1701230442135,93,0.2876619
SEIUSDT,BUY,LIMIT,1701230451346,77118,0.2905148
SEIUSDT,BUY,LIMIT,1701230455971,855,0.2886054
SEIUSDT,SELL,LIMIT,1701230807956,3250,0.2770420
SEIUSDT,SELL,LIMIT,1701230811821,2446,0.2770043
SEIUSDT,BUY,LIMIT,1701231023885,270,0.2868697
SEIUSDT,BUY,LIMIT,1701231025119,3070,0.2870456
SEIUSDT,BUY,LIMIT,1701231371479,7389,0.2874586
SEIUSDT,BUY,LIMIT,1701231384167,8896,0.2879845
SEIUSDT,BUY,LIMIT,1701231386438,14759,0.2880335
SEIUSDT,BUY,LIMIT,1701231562928,9525,0.2879998
SEIUSDT,BUY,LIMIT,1701231567443,547,0.2881395
SEIUSDT,BUY,LIMIT,1701231569046,20,0.2884409
SEIUSDT,BUY,LIMIT,1701231581964,2020,0.2886033
SEIUSDT,BUY,LIMIT,1701231585617,409,0.2890639
SEIUSDT,BUY,LIMIT,1701231587118,13264,0.2898309
SEIUSDT,BUY,LIMIT,1701231594786,3698,0.2903144
SEIUSDT,BUY,LIMIT,1701232177946,22,0.2894860
SEIUSDT,BUY,LIMIT,1701232260522,400,0.2906106
SEIUSDT,BUY,LIMIT,1701232264211,6712,0.2906148
SEIUSDT,BUY,LIMIT,1701232287819,827,0.2907115
SEIUSDT,BUY,LIMIT,1701232336646,1657,0.2908193
SEIUSDT,BUY,LIMIT,1701232341234,535,0.2908354
SEIUSDT,BUY,LIMIT,1701232345778,9369,0.2909141
SEIUSDT,BUY,LIMIT,1701232347132,4100,0.2910540
SEIUSDT,BUY,LIMIT,1701232353383,292,0.2910544
SEIUSDT,BUY,LIMIT,1701232373087,360,0.2913195
SEIUSDT,BUY,LIMIT,1701232374146,942,0.2920770
SEIUSDT,BUY,LIMIT,1701232375280,22361,0.2933500
SEIUSDT,SELL,LIMIT,1701232393309,54,0.2823841
SEIUSDT,SELL,LIMIT,1701232508113,174,0.2805334
SEIUSDT,SELL,LIMIT,1701232509268,2905,0.2806486
SEIUSDT,SELL,LIMIT,1701232511165,2713,0.2797811
SEIUSDT,SELL,LIMIT,1701232513155,1171,0.2794448
SEIUSDT,SELL,LIMIT,1701232514336,17455,0.2796512
SEIUSDT,SELL,LIMIT,1701232718147,7197,0.2773836
SEIUSDT,BUY,LIMIT,1701232910555,53,0.2870912
SEIUSDT,BUY,LIMIT,1701233250159,26,0.2882437
SEIUSDT,BUY,LIMIT,1701233405782,643,0.2888769
SEIUSDT,BUY,LIMIT,1701233416544,229,0.2893557
SEIUSDT,BUY,LIMIT,1701233890289,28,0.2894375
SEIUSDT,BUY,LIMIT,1701234015658,523,0.2898020
SEIUSDT,BUY,LIMIT,1701234020262,156,0.2898309
SEIUSDT,BUY,LIMIT,1701234022469,887,0.2898998
SEIUSDT,BUY,LIMIT,1701234025202,41,0.2899854
SEIUSDT,BUY,LIMIT,1701234055388,3532,0.2902506
SEIUSDT,BUY,LIMIT,1701234060210,429,0.2903536
SEIUSDT,BUY,LIMIT,1701234079509,67,0.2906429
SEIUSDT,BUY,LIMIT,1701234086343,45,0.2907629
SEIUSDT,BUY,LIMIT,1701234133329,72,0.2908524
SEIUSDT,BUY,LIMIT,1701234139443,83,0.2911478
SEIUSDT,BUY,LIMIT,1701234220460,1042,0.2920688
SEIUSDT,BUY,LIMIT,1701234673408,201,0.2922795
SEIUSDT,BUY,LIMIT,1701234675355,174,0.2926826
SEIUSDT,BUY,LIMIT,1701234676642,80385,0.2951929
SEIUSDT,BUY,LIMIT,1701234677995,228,0.2929798
SEIUSDT,BUY,LIMIT,1701234679045,2423,0.2932038
SEIUSDT,BUY,LIMIT,1701234680119,308,0.2934140
SEIUSDT,BUY,LIMIT,1701234681208,452,0.2937526
SEIUSDT,BUY,LIMIT,1701234746442,171,0.2924311
SEIUSDT,SELL,LIMIT,1701234800532,418,0.2834501
SEIUSDT,SELL,LIMIT,1701234937149,3687,0.2823730
SEIUSDT,SELL,LIMIT,1701234948145,55,0.2822591
SEIUSDT,SELL,LIMIT,1701235018806,1259,0.2821017
SEIUSDT,SELL,LIMIT,1701235022963,289,0.2819875
SEIUSDT,BUY,LIMIT,1701235111094,6600,0.2923906
SEIUSDT,BUY,LIMIT,1701235331265,2349,0.2930176
SEIUSDT,BUY,LIMIT,1701235332582,4441,0.2932083
SEIUSDT,SELL,LIMIT,1701235437130,276,0.2832201
SEIUSDT,BUY,LIMIT,1701235649723,151,0.2935164
SEIUSDT,BUY,LIMIT,1701235808585,101,0.2937607
SEIUSDT,BUY,LIMIT,1701235811609,3729,0.2938121
SEIUSDT,SELL,LIMIT,1701235892268,493,0.2837501
SEIUSDT,SELL,LIMIT,1701235923770,87,0.2831726
SEIUSDT,SELL,LIMIT,1701236035741,591,0.2827669
SEIUSDT,SELL,LIMIT,1701236050177,17343,0.2825082
SEIUSDT,SELL,LIMIT,1701236051854,155,0.2824938
SEIUSDT,SELL,LIMIT,1701236068539,3202,0.2820880
SEIUSDT,SELL,LIMIT,1701236072145,630,0.2816107
SEIUSDT,SELL,LIMIT,1701236073191,361,0.2813921
SEIUSDT,SELL,LIMIT,1701236074216,63,0.2814269
SEIUSDT,SELL,LIMIT,1701236083396,253,0.2808797
SEIUSDT,SELL,LIMIT,1701236092510,17397,0.2805341
SEIUSDT,SELL,LIMIT,1701236094008,57,0.2804354
SEIUSDT,SELL,LIMIT,1701236106265,6114,0.2800949
SEIUSDT,SELL,LIMIT,1701236108088,79,0.2799801
SEIUSDT,SELL,LIMIT,1701236110845,2243,0.2797147
SEIUSDT,BUY,LIMIT,1701236206180,871,0.2900513
SEIUSDT,SELL,LIMIT,1701236379882,3831,0.2805590
SEIUSDT,SELL,LIMIT,1701236383147,2146,0.2803251
SEIUSDT,BUY,LIMIT,1701236522226,88,0.2902516
SEIUSDT,BUY,LIMIT,1701236526620,374,0.2905410
SEIUSDT,BUY,LIMIT,1701236530585,135,0.2911026
SEIUSDT,BUY,LIMIT,1701236640181,876,0.2920981
SEIUSDT,SELL,LIMIT,1701236735821,693,0.2825653
SEIUSDT,BUY,LIMIT,1701236829688,18,0.2929167
SEIUSDT,BUY,LIMIT,1701236891777,44,0.2933501
SEIUSDT,BUY,LIMIT,1701236893091,635,0.2940179
SEIUSDT,BUY,LIMIT,1701236896190,205,0.2940489
SEIUSDT,BUY,LIMIT,1701236912109,442,0.2942233
SEIUSDT,BUY,LIMIT,1701236913243,590,0.2941342
SEIUSDT,BUY,LIMIT,1701236935466,23330,0.2953188
SEIUSDT,BUY,LIMIT,1701236936804,2316,0.2948456
SEIUSDT,BUY,LIMIT,1701236937871,338,0.2951370
SEIUSDT,BUY,LIMIT,1701236970168,15442,0.2952984
SEIUSDT,BUY,LIMIT,1701236975385,32,0.2953682
SEIUSDT,BUY,LIMIT,1701236976581,1436,0.2956689
SEIUSDT,BUY,LIMIT,1701237005251,392,0.2957243
SEIUSDT,BUY,LIMIT,1701237006285,32,0.2957076
SEIUSDT,BUY,LIMIT,1701237007349,746,0.2958491
SEIUSDT,BUY,LIMIT,1701237040620,423,0.2959507
SEIUSDT,BUY,LIMIT,1701237050482,1149,0.2961307
SEIUSDT,BUY,LIMIT,1701237053796,855,0.2961582
SEIUSDT,SELL,LIMIT,1701237256107,865,0.2845651
SEIUSDT,SELL,LIMIT,1701237419229,22,0.2842001
SEIUSDT,BUY,LIMIT,1701237605221,178,0.2943294
SEIUSDT,BUY,LIMIT,1701237606261,1866,0.2949945
SEIUSDT,BUY,LIMIT,1701237641401,41,0.2953712
SEIUSDT,BUY,LIMIT,1701237649227,135,0.2958997
SEIUSDT,BUY,LIMIT,1701237662067,1416,0.2962738
SEIUSDT,BUY,LIMIT,1701237684105,1808,0.2964481
SEIUSDT,BUY,LIMIT,1701237689055,163,0.2965684
SEIUSDT,BUY,LIMIT,1701237690536,425,0.2965956
SEIUSDT,BUY,LIMIT,1701237694326,504,0.2967324
SEIUSDT,BUY,LIMIT,1701237702242,9074,0.2968932
SEIUSDT,SELL,LIMIT,1701237799687,369,0.2865134
SEIUSDT,SELL,LIMIT,1701237805452,481,0.2861601
SEIUSDT,SELL,LIMIT,1701237810263,87,0.2856599
SEIUSDT,SELL,LIMIT,1701237812665,1024,0.2856304
SEIUSDT,SELL,LIMIT,1701237815479,360,0.2853079
SEIUSDT,SELL,LIMIT,1701237968276,1712,0.2838061
SEIUSDT,SELL,LIMIT,1701237971044,819,0.2837401
SEIUSDT,SELL,LIMIT,1701238157054,118,0.2832666
SEIUSDT,BUY,LIMIT,1701238217221,1068,0.2935101
SEIUSDT,BUY,LIMIT,1701238222292,899,0.2937051
SEIUSDT,BUY,LIMIT,1701238223903,191,0.2937587
SEIUSDT,BUY,LIMIT,1701238318693,64,0.2940859
SEIUSDT,BUY,LIMIT,1701238320232,1442,0.2943313
SEIUSDT,BUY,LIMIT,1701238326926,1190,0.2947778
SEIUSDT,BUY,LIMIT,1701238333438,34,0.2954611
SEIUSDT,BUY,LIMIT,1701238335411,259,0.2956869
SEIUSDT,BUY,LIMIT,1701238449161,71,0.2954243
SEIUSDT,BUY,LIMIT,1701238472139,305,0.2959403
SEIUSDT,BUY,LIMIT,1701238473166,150,0.2962492
SEIUSDT,BUY,LIMIT,1701238722425,313,0.2961448
SEIUSDT,BUY,LIMIT,1701238725067,4284,0.2965735
SEIUSDT,BUY,LIMIT,1701238790207,853,0.2968874
SEIUSDT,BUY,LIMIT,1701238796887,7867,0.2970527
SEIUSDT,SELL,LIMIT,1701238810396,115,0.2867086
SEIUSDT,BUY,LIMIT,1701238980261,8617,0.2970101
SEIUSDT,BUY,LIMIT,1701238982189,74,0.2972889
SEIUSDT,BUY,LIMIT,1701238983271,439,0.2971786
SEIUSDT,BUY,LIMIT,1701238984330,87,0.2976877
SEIUSDT,BUY,LIMIT,1701238985377,893,0.2976368
SEIUSDT,BUY,LIMIT,1701238986584,81,0.2979463
SEIUSDT,BUY,LIMIT,1701238987965,2112,0.2980579
SEIUSDT,BUY,LIMIT,1701239123301,1472,0.2981932
SEIUSDT,BUY,LIMIT,1701239124352,7037,0.2983528
SEIUSDT,BUY,LIMIT,1701239125387,18,0.2988051
SEIUSDT,BUY,LIMIT,1701239126396,108,0.2988525
SEIUSDT,BUY,LIMIT,1701239128191,296,0.2991205
SEIUSDT,BUY,LIMIT,1701239173148,172,0.2991929
SEIUSDT,BUY,LIMIT,1701239174151,1585,0.2992201
SEIUSDT,BUY,LIMIT,1701239178063,371,0.2993174
SEIUSDT,BUY,LIMIT,1701239179338,35,0.2993315
SEIUSDT,BUY,LIMIT,1701239194058,1203,0.2993660
SEIUSDT,BUY,LIMIT,1701239201400,220,0.2994089
SEIUSDT,BUY,LIMIT,1701239278071,270,0.2995473
SEIUSDT,BUY,LIMIT,1701239279176,920,0.2996499
SEIUSDT,BUY,LIMIT,1701239280284,21,0.2996973
SEIUSDT,BUY,LIMIT,1701239281364,533,0.2997391
SEIUSDT,BUY,LIMIT,1701239282399,8000,0.3001055
SEIUSDT,BUY,LIMIT,1701239283411,2442,0.3008122
SEIUSDT,BUY,LIMIT,1701239284412,2876,0.3009486
SEIUSDT,BUY,LIMIT,1701239297193,112,0.3016950
SEIUSDT,BUY,LIMIT,1701239298225,105,0.3018287
SEIUSDT,BUY,LIMIT,1701239299288,1040,0.3021564
SEIUSDT,BUY,LIMIT,1701239334788,21591,0.3032046
SEIUSDT,BUY,LIMIT,1701239345058,4851,0.3025941
SEIUSDT,BUY,LIMIT,1701239346108,578,0.3034103
SEIUSDT,BUY,LIMIT,1701239347117,210,0.3031617
SEIUSDT,BUY,LIMIT,1701239348399,2945,0.3034372
SEIUSDT,BUY,LIMIT,1701239459164,149,0.3027129
SEIUSDT,BUY,LIMIT,1701239461674,136,0.3029233
SEIUSDT,SELL,LIMIT,1701239529111,28,0.2925813
SEIUSDT,SELL,LIMIT,1701239553060,118,0.2919293
SEIUSDT,SELL,LIMIT,1701239564606,2000,0.2918950
SEIUSDT,SELL,LIMIT,1701239573246,107,0.2915468
SEIUSDT,SELL,LIMIT,1701239697442,8643,0.2905188
SEIUSDT,SELL,LIMIT,1701239706725,12666,0.2900780
SEIUSDT,BUY,LIMIT,1701239900619,975,0.3001408
SEIUSDT,BUY,LIMIT,1701239904415,108,0.3008410
SEIUSDT,BUY,LIMIT,1701239940153,6000,0.3010449
SEIUSDT,BUY,LIMIT,1701239978423,101,0.3004400
SEIUSDT,SELL,LIMIT,1701240185810,331,0.2904370
SEIUSDT,SELL,LIMIT,1701240208242,1883,0.2899171
SEIUSDT,BUY,LIMIT,1701240225515,89365,0.3018817
SEIUSDT,SELL,LIMIT,1701240274291,2370,0.2894532
SEIUSDT,SELL,LIMIT,1701240275310,38,0.2896618
SEIUSDT,SELL,LIMIT,1701240549034,279,0.2886001
SEIUSDT,SELL,LIMIT,1701240556396,683,0.2883559
SEIUSDT,SELL,LIMIT,1701240558330,1700,0.2883313
SEIUSDT,BUY,LIMIT,1701240574909,265,0.2974964
SEIUSDT,SELL,LIMIT,1701240651189,2,0.2878288
SEIUSDT,SELL,LIMIT,1701240656231,1088,0.2877716
SEIUSDT,SELL,LIMIT,1701240658271,869,0.2876078
SEIUSDT,BUY,LIMIT,1701240720558,600,0.2962125
SEIUSDT,SELL,LIMIT,1701240738004,902,0.2873177
SEIUSDT,SELL,LIMIT,1701240742826,2401,0.2870459
SEIUSDT,SELL,LIMIT,1701240746229,13906,0.2866761
SEIUSDT,SELL,LIMIT,1701240747544,685,0.2867597
SEIUSDT,SELL,LIMIT,1701240754888,194,0.2864008
SEIUSDT,SELL,LIMIT,1701240758284,2285,0.2862815
SEIUSDT,SELL,LIMIT,1701240759439,1592,0.2861364
SEIUSDT,SELL,LIMIT,1701240761292,2532,0.2859435
SEIUSDT,SELL,LIMIT,1701240762294,1940,0.2856132
SEIUSDT,SELL,LIMIT,1701240763300,453,0.2859090
SEIUSDT,SELL,LIMIT,1701240778203,344,0.2849153
SEIUSDT,SELL,LIMIT,1701240797442,12193,0.2843392
SEIUSDT,SELL,LIMIT,1701240798490,2848,0.2843181
SEIUSDT,SELL,LIMIT,1701240802403,746,0.2839596
SEIUSDT,SELL,LIMIT,1701240803450,492,0.2837655
SEIUSDT,SELL,LIMIT,1701240805644,786,0.2836296
SEIUSDT,SELL,LIMIT,1701240849462,2035,0.2834195
SEIUSDT,SELL,LIMIT,1701240852444,269,0.2833482
SEIUSDT,SELL,LIMIT,1701240853526,622,0.2833551
SEIUSDT,SELL,LIMIT,1701240857294,2763,0.2830888
SEIUSDT,SELL,LIMIT,1701240873161,939,0.2824933
SEIUSDT,SELL,LIMIT,1701240876285,16809,0.2823841
SEIUSDT,SELL,LIMIT,1701240910354,3222,0.2822977
SEIUSDT,SELL,LIMIT,1701240911711,1573,0.2820099
SEIUSDT,BUY,LIMIT,1701240952375,553,0.2917789
SEIUSDT,SELL,LIMIT,1701241029096,179,0.2818202
SEIUSDT,SELL,LIMIT,1701241030550,753,0.2818056
SEIUSDT,SELL,LIMIT,1701241032039,2137,0.2813583
SEIUSDT,SELL,LIMIT,1701241040274,333,0.2811643
SEIUSDT,SELL,LIMIT,1701241041422,181,0.2810206
SEIUSDT,SELL,LIMIT,1701241043307,55,0.2809106
SEIUSDT,SELL,LIMIT,1701241045163,1218,0.2808310
SEIUSDT,SELL,LIMIT,1701241050725,5005,0.2807842
SEIUSDT,SELL,LIMIT,1701241051883,24782,0.2798320
SEIUSDT,SELL,LIMIT,1701241053111,4564,0.2803143
SEIUSDT,SELL,LIMIT,1701241054170,53,0.2804103
SEIUSDT,SELL,LIMIT,1701241056530,2065,0.2801401
SEIUSDT,SELL,LIMIT,1701241090545,679,0.2796440
SEIUSDT,SELL,LIMIT,1701241091762,277,0.2795485
SEIUSDT,SELL,LIMIT,1701241094149,970,0.2794451
SEIUSDT,SELL,LIMIT,1701241095235,703,0.2794932
SEIUSDT,SELL,LIMIT,1701241097112,3154,0.2791152
SEIUSDT,SELL,LIMIT,1701241098273,200,0.2792239
SEIUSDT,SELL,LIMIT,1701241099686,1871,0.2789412
SEIUSDT,SELL,LIMIT,1701241101713,27,0.2788320
SEIUSDT,SELL,LIMIT,1701241103480,1499,0.2787040
SEIUSDT,SELL,LIMIT,1701241104855,101,0.2782864
SEIUSDT,SELL,LIMIT,1701241227174,7052,0.2776777
SEIUSDT,SELL,LIMIT,1701241228289,2826,0.2778156
SEIUSDT,SELL,LIMIT,1701241229418,220,0.2772325
SEIUSDT,SELL,LIMIT,1701241232554,13366,0.2769829
SEIUSDT,SELL,LIMIT,1701241240295,1228,0.2768886
SEIUSDT,SELL,LIMIT,1701241242450,277,0.2765760
SEIUSDT,SELL,LIMIT,1701241243662,15566,0.2765018
SEIUSDT,SELL,LIMIT,1701241245051,6813,0.2763033
SEIUSDT,SELL,LIMIT,1701241301932,719,0.2762073
SEIUSDT,SELL,LIMIT,1701241303775,18,0.2760651
SEIUSDT,SELL,LIMIT,1701241308632,6356,0.2760198
SEIUSDT,SELL,LIMIT,1701241310165,328,0.2758836
SEIUSDT,SELL,LIMIT,1701241311236,90,0.2758126
SEIUSDT,SELL,LIMIT,1701241312420,37,0.2755792
SEIUSDT,SELL,LIMIT,1701241313887,135,0.2754968
SEIUSDT,SELL,LIMIT,1701241314938,9143,0.2753753
SEIUSDT,SELL,LIMIT,1701241316204,853,0.2751106
SEIUSDT,SELL,LIMIT,1701241317642,390,0.2750780
SEIUSDT,SELL,LIMIT,1701241318788,5120,0.2749857
SEIUSDT,SELL,LIMIT,1701241322719,75,0.2747980
SEIUSDT,BUY,LIMIT,1701241352314,5569,0.2844434
SEIUSDT,SELL,LIMIT,1701241373786,512,0.2760450
SEIUSDT,BUY,LIMIT,1701241399386,358,0.2847977
SEIUSDT,BUY,LIMIT,1701241419579,8000,0.2855440
SEIUSDT,BUY,LIMIT,1701241471302,11300,0.2857119
SEIUSDT,SELL,LIMIT,1701241558225,211,0.2760363
SEIUSDT,BUY,LIMIT,1701241606132,3310,0.2862836
SEIUSDT,BUY,LIMIT,1701241609036,72,0.2864258
SEIUSDT,BUY,LIMIT,1701241617208,17538,0.2865640
SEIUSDT,BUY,LIMIT,1701241619918,1470,0.2868701
SEIUSDT,BUY,LIMIT,1701241699613,712,0.2874747
SEIUSDT,BUY,LIMIT,1701241715788,4226,0.2878708
SEIUSDT,BUY,LIMIT,1701241723482,42,0.2880057
SEIUSDT,SELL,LIMIT,1701241861221,153,0.2780340
SEIUSDT,SELL,LIMIT,1701241873493,17667,0.2773966
SEIUSDT,BUY,LIMIT,1701242012710,5056,0.2870815
SEIUSDT,BUY,LIMIT,1701242018713,2087,0.2874510
SEIUSDT,BUY,LIMIT,1701242021597,2259,0.2874989
SEIUSDT,BUY,LIMIT,1701242142077,707,0.2883192
SEIUSDT,BUY,LIMIT,1701242143189,17732,0.2878803
SEIUSDT,BUY,LIMIT,1701242177235,1656,0.2886033
SEIUSDT,BUY,LIMIT,1701242387092,3486,0.2894098
SEIUSDT,BUY,LIMIT,1701242388162,3806,0.2897919
SEIUSDT,SELL,LIMIT,1701242888816,10913,0.2794437
SEIUSDT,SELL,LIMIT,1701242938354,1660,0.2802829
SEIUSDT,BUY,LIMIT,1701243110154,87,0.2896820
SEIUSDT,SELL,LIMIT,1701243162248,623,0.2797251
SEIUSDT,SELL,LIMIT,1701243182841,6531,0.2802410
SEIUSDT,SELL,LIMIT,1701243189338,2167,0.2793531
SEIUSDT,BUY,LIMIT,1701243198070,118,0.2851527
SEIUSDT,BUY,LIMIT,1701243257323,1117,0.2869330
SEIUSDT,SELL,LIMIT,1701243275324,1714,0.2786172
SEIUSDT,SELL,LIMIT,1701243279039,4611,0.2785579
SEIUSDT,SELL,LIMIT,1701243287791,4784,0.2783645
SEIUSDT,SELL,LIMIT,1701243294110,432,0.2779849
SEIUSDT,SELL,LIMIT,1701243299477,1489,0.2777398
SEIUSDT,SELL,LIMIT,1701243301235,105,0.2775060
SEIUSDT,SELL,LIMIT,1701243322480,6928,0.2769049
SEIUSDT,SELL,LIMIT,1701243324329,17705,0.2768086
SEIUSDT,SELL,LIMIT,1701243328555,928,0.2766515
SEIUSDT,SELL,LIMIT,1701243331455,2332,0.2765648
SEIUSDT,SELL,LIMIT,1701243333046,255,0.2764174
SEIUSDT,SELL,LIMIT,1701243338254,97,0.2762125
SEIUSDT,SELL,LIMIT,1701243342620,4437,0.2761225
SEIUSDT,SELL,LIMIT,1701243349101,1392,0.2757896
SEIUSDT,SELL,LIMIT,1701243350202,143,0.2757570
SEIUSDT,SELL,LIMIT,1701243355107,1755,0.2743035
SEIUSDT,SELL,LIMIT,1701243357289,282,0.2740065
SEIUSDT,SELL,LIMIT,1701243358311,1364,0.2742212
SEIUSDT,SELL,LIMIT,1701243361149,106,0.2739425
SEIUSDT,SELL,LIMIT,1701243367682,90,0.2737270
SEIUSDT,SELL,LIMIT,1701243368750,24691,0.2728226
SEIUSDT,SELL,LIMIT,1701243378716,8787,0.2734854
SEIUSDT,SELL,LIMIT,1701243412649,1,0.2733988
SEIUSDT,SELL,LIMIT,1701243418189,76,0.2731541
SEIUSDT,SELL,LIMIT,1701243419248,7172,0.2730562
SEIUSDT,SELL,LIMIT,1701243421382,1732,0.2730007
SEIUSDT,SELL,LIMIT,1701243424503,24,0.2729703
SEIUSDT,SELL,LIMIT,1701243430951,281,0.2728036
SEIUSDT,SELL,LIMIT,1701243433254,42,0.2725115
SEIUSDT,SELL,LIMIT,1701243434413,69,0.2727075
SEIUSDT,BUY,LIMIT,1701243462101,102,0.2332535
SEIUSDT,SELL,LIMIT,1701243610142,3449,0.2746128
SEIUSDT,BUY,LIMIT,1701243611226,723,0.2808710
SEIUSDT,BUY,LIMIT,1701243619039,72,0.2834080
SEIUSDT,BUY,LIMIT,1701243622724,2612,0.2834231
SEIUSDT,BUY,LIMIT,1701243624788,178,0.2836249
SEIUSDT,BUY,LIMIT,1701243637050,60,0.2623486
SEIUSDT,BUY,LIMIT,1701243641197,8851,0.2832707
SEIUSDT,BUY,LIMIT,1701243673744,425,0.2837268
SEIUSDT,BUY,LIMIT,1701243884778,1381,0.2821289
SEIUSDT,SELL,LIMIT,1701243911357,33,0.2728500
SEIUSDT,SELL,LIMIT,1701243918758,144,0.2723334
SEIUSDT,SELL,LIMIT,1701243921103,20,0.2721393
SEIUSDT,SELL,LIMIT,1701243922231,26,0.2721479
SEIUSDT,SELL,LIMIT,1701243923403,4085,0.2714968
SEIUSDT,SELL,LIMIT,1701244008563,1830,0.2713151
SEIUSDT,SELL,LIMIT,1701244011040,1641,0.2712397
SEIUSDT,BUY,LIMIT,1701244016198,17125,0.2794294
SEIUSDT,SELL,LIMIT,1701244020234,75000,0.2690482
SEIUSDT,BUY,LIMIT,1701244055688,8526,0.2806683
SEIUSDT,BUY,LIMIT,1701244058110,9621,0.2811425
SEIUSDT,BUY,LIMIT,1701244062733,6534,0.2817712
SEIUSDT,BUY,LIMIT,1701244089711,175,0.2821095
SEIUSDT,BUY,LIMIT,1701244228362,672,0.2829820
SEIUSDT,BUY,LIMIT,1701244243368,1698,0.2834235
SEIUSDT,SELL,LIMIT,1701244640944,4463,0.2741503
SEIUSDT,SELL,LIMIT,1701244659327,1288,0.2738101
SEIUSDT,BUY,LIMIT,1701244815376,492,0.2832592
SEIUSDT,BUY,LIMIT,1701244916932,18109,0.2842989
SEIUSDT,BUY,LIMIT,1701244938525,30,0.2850050
SEIUSDT,SELL,LIMIT,1701244999253,7406,0.2751372
SEIUSDT,SELL,LIMIT,1701245001514,3740,0.2751423
SEIUSDT,BUY,LIMIT,1701245084313,101,0.2835910
SEIUSDT,BUY,LIMIT,1701245093483,355,0.2832864
SEIUSDT,BUY,LIMIT,1701245098746,241,0.2822803
SEIUSDT,SELL,LIMIT,1701245147165,339,0.2744561
SEIUSDT,BUY,LIMIT,1701245512750,707,0.2837945
SEIUSDT,BUY,LIMIT,1701245518348,1010,0.2840233
SEIUSDT,BUY,LIMIT,1701245532814,45,0.2841417
SEIUSDT,BUY,LIMIT,1701245564479,486,0.2849346
SEIUSDT,BUY,LIMIT,1701245573290,248,0.2850496
SEIUSDT,BUY,LIMIT,1701245576521,1442,0.2855632
SEIUSDT,BUY,LIMIT,1701245588231,995,0.2858251
SEIUSDT,BUY,LIMIT,1701245604133,136,0.2860088
SEIUSDT,BUY,LIMIT,1701245607390,1814,0.2860106
SEIUSDT,BUY,LIMIT,1701245638683,48,0.2846247
SEIUSDT,BUY,LIMIT,1701246016432,376,0.2862756
SEIUSDT,BUY,LIMIT,1701246017538,223,0.2867887
SEIUSDT,BUY,LIMIT,1701246019073,3580,0.2868353
SEIUSDT,BUY,LIMIT,1701246023297,3343,0.2874570
SEIUSDT,BUY,LIMIT,1701246067225,13474,0.2872421
SEIUSDT,BUY,LIMIT,1701246081340,27511,0.2881183
SEIUSDT,BUY,LIMIT,1701246104514,2254,0.2860422
SEIUSDT,BUY,LIMIT,1701246123132,3799,0.2870420
SEIUSDT,BUY,LIMIT,1701246124340,544,0.2815085
SEIUSDT,BUY,LIMIT,1701246368156,1605,0.2862220
SEIUSDT,BUY,LIMIT,1701246444066,12890,0.2877876
SEIUSDT,BUY,LIMIT,1701246448222,434,0.2882274
SEIUSDT,BUY,LIMIT,1701246453595,57,0.2883475
SEIUSDT,SELL,LIMIT,1701246665996,4176,0.2782750
SEIUSDT,SELL,LIMIT,1701246670626,160,0.2782221
SEIUSDT,BUY,LIMIT,1701247017141,4967,0.2881312
SEIUSDT,SELL,LIMIT,1701247134646,28,0.2779640
SEIUSDT,BUY,LIMIT,1701247220730,3530,0.2870676
SEIUSDT,SELL,LIMIT,1701247254946,343,0.2792628
SEIUSDT,BUY,LIMIT,1701247383894,152,0.2875495
SEIUSDT,SELL,LIMIT,1701247537819,532,0.2790814
SEIUSDT,BUY,LIMIT,1701247560755,291,0.2882388
SEIUSDT,BUY,LIMIT,1701247566423,391,0.2884630
SEIUSDT,BUY,LIMIT,1701247567537,175,0.2885125
SEIUSDT,BUY,LIMIT,1701247576893,949,0.2884630
SEIUSDT,BUY,LIMIT,1701247578222,209,0.2886339
SEIUSDT,BUY,LIMIT,1701247580038,151,0.2888164
SEIUSDT,BUY,LIMIT,1701247582348,177,0.2891535
SEIUSDT,BUY,LIMIT,1701247583398,585,0.2890506
SEIUSDT,BUY,LIMIT,1701247587413,522,0.2892787
SEIUSDT,BUY,LIMIT,1701247588458,1290,0.2897434
SEIUSDT,BUY,LIMIT,1701247593743,10665,0.2898271
SEIUSDT,BUY,LIMIT,1701247600555,26,0.2900634
SEIUSDT,BUY,LIMIT,1701247614159,1065,0.2902334
SEIUSDT,BUY,LIMIT,1701247615529,4405,0.2905318
SEIUSDT,BUY,LIMIT,1701247618131,546,0.2907017
SEIUSDT,BUY,LIMIT,1701247679030,282,0.2908636
SEIUSDT,BUY,LIMIT,1701247680353,956,0.2912468
SEIUSDT,BUY,LIMIT,1701247850315,7732,0.2897816
SEIUSDT,SELL,LIMIT,1701248093390,61,0.2791063
SEIUSDT,SELL,LIMIT,1701248125177,221,0.2778604
SEIUSDT,SELL,LIMIT,1701248127513,287,0.2772795
SEIUSDT,SELL,LIMIT,1701248130205,3536,0.2772007
SEIUSDT,SELL,LIMIT,1701248157602,34,0.2770059
SEIUSDT,SELL,LIMIT,1701248302954,2651,0.2763193
SEIUSDT,SELL,LIMIT,1701248306580,7037,0.2762458
SEIUSDT,SELL,LIMIT,1701248311090,17808,0.2755426
SEIUSDT,SELL,LIMIT,1701248312662,3760,0.2754363
SEIUSDT,SELL,LIMIT,1701248322433,208,0.2751826
SEIUSDT,SELL,LIMIT,1701248373091,891,0.2749462
SEIUSDT,BUY,LIMIT,1701248564474,13927,0.2849793
SEIUSDT,BUY,LIMIT,1701248565907,28,0.2850297
SEIUSDT,SELL,LIMIT,1701248681102,5554,0.2754666
SEIUSDT,BUY,LIMIT,1701248773132,10751,0.2851522
SEIUSDT,BUY,LIMIT,1701248776500,21653,0.2858472
SEIUSDT,BUY,LIMIT,1701248950138,321,0.2854674
SEIUSDT,BUY,LIMIT,1701248951392,472,0.2856559
SEIUSDT,BUY,LIMIT,1701248990272,147,0.2864324
SEIUSDT,BUY,LIMIT,1701248994328,204,0.2866960
SEIUSDT,BUY,LIMIT,1701248998539,1038,0.2867158
SEIUSDT,BUY,LIMIT,1701249065264,305,0.2858240
SEIUSDT,SELL,LIMIT,1701249100592,3347,0.2766985
SEIUSDT,SELL,LIMIT,1701249255696,456,0.2761810
SEIUSDT,SELL,LIMIT,1701249314170,178,0.2768174
SEIUSDT,SELL,LIMIT,1701249356188,386,0.2843701
SEIUSDT,BUY,LIMIT,1701249604556,1098,0.2857006
SEIUSDT,BUY,LIMIT,1701249613126,1247,0.2862376
SEIUSDT,BUY,LIMIT,1701249616110,2075,0.2865661
SEIUSDT,BUY,LIMIT,1701249705463,3714,0.2860457
SEIUSDT,BUY,LIMIT,1701249707134,231,0.2854175
SEIUSDT,SELL,LIMIT,1701249726674,3537,0.2771974
SEIUSDT,SELL,LIMIT,1701249821013,17743,0.2761879
SEIUSDT,SELL,LIMIT,1701249845224,1565,0.2753878
SEIUSDT,SELL,LIMIT,1701249874789,171,0.2750231
SEIUSDT,SELL,LIMIT,1701249910203,1583,0.2746695
SEIUSDT,SELL,LIMIT,1701249967068,736,0.2749092
SEIUSDT,SELL,LIMIT,1701249981694,1810,0.2740726
SEIUSDT,SELL,LIMIT,1701249995481,223,0.2736235
SEIUSDT,BUY,LIMIT,1701250052849,358,0.2810989
SEIUSDT,SELL,LIMIT,1701250291818,711,0.2733533
SEIUSDT,SELL,LIMIT,1701250293631,2220,0.2732323
SEIUSDT,SELL,LIMIT,1701250298737,845,0.2731006
SEIUSDT,BUY,LIMIT,1701250400019,18037,0.2826885
SEIUSDT,BUY,LIMIT,1701250401268,19,0.2826885
SEIUSDT,BUY,LIMIT,1701250426091,3785,0.2836216
SEIUSDT,BUY,LIMIT,1701250433192,41,0.2839425
SEIUSDT,BUY,LIMIT,1701250440249,1160,0.2843865
SEIUSDT,BUY,LIMIT,1701250441317,339,0.2844440
SEIUSDT,BUY,LIMIT,1701250940183,7435,0.2849968
SEIUSDT,BUY,LIMIT,1701250943583,21,0.2857010
SEIUSDT,BUY,LIMIT,1701250946443,3583,0.2859482
SEIUSDT,BUY,LIMIT,1701251228881,11217,0.2860190
SEIUSDT,BUY,LIMIT,1701251232328,679,0.2863231
SEIUSDT,SELL,LIMIT,1701251318420,40238,0.2754127
SEIUSDT,BUY,LIMIT,1701251995260,235,0.2860052
SEIUSDT,BUY,LIMIT,1701251996301,563,0.2859678
SEIUSDT,BUY,LIMIT,1701251999842,78,0.2866325
SEIUSDT,BUY,LIMIT,1701252002471,153,0.2873860
SEIUSDT,BUY,LIMIT,1701252005390,21,0.2873926
SEIUSDT,BUY,LIMIT,1701252008591,2042,0.2877757
SEIUSDT,BUY,LIMIT,1701252011850,562,0.2880348
SEIUSDT,BUY,LIMIT,1701252025137,9272,0.2887207
SEIUSDT,BUY,LIMIT,1701252034499,40,0.2889602
SEIUSDT,BUY,LIMIT,1701252037096,1708,0.2890900
SEIUSDT,BUY,LIMIT,1701252039203,14894,0.2891269
SEIUSDT,BUY,LIMIT,1701252040475,114,0.2895806
SEIUSDT,BUY,LIMIT,1701252070727,947,0.2898972
SEIUSDT,BUY,LIMIT,1701252161606,4872,0.2895386
SEIUSDT,BUY,LIMIT,1701252163314,5845,0.2897138
SEIUSDT,SELL,LIMIT,1701252270081,4978,0.2807211
SEIUSDT,BUY,LIMIT,1701252297873,209,0.2901163
SEIUSDT,BUY,LIMIT,1701252298963,576,0.2903104
SEIUSDT,BUY,LIMIT,1701252300036,336,0.2904885
SEIUSDT,BUY,LIMIT,1701252302425,2091,0.2905410
SEIUSDT,SELL,LIMIT,1701252338649,353,0.2807303
SEIUSDT,SELL,LIMIT,1701252426880,2496,0.2802170
SEIUSDT,SELL,LIMIT,1701252952167,127,0.2801996
SEIUSDT,SELL,LIMIT,1701253011726,662,0.2796681
SEIUSDT,SELL,LIMIT,1701253013471,1864,0.2796040
SEIUSDT,SELL,LIMIT,1701253014670,4652,0.2791034
SEIUSDT,SELL,LIMIT,1701253211414,925,0.2779465
SEIUSDT,SELL,LIMIT,1701253231032,14181,0.2782054
SEIUSDT,BUY,LIMIT,1701253309542,1100,0.2873665
SEIUSDT,SELL,LIMIT,1701253412138,79,0.2791491
SEIUSDT,BUY,LIMIT,1701253870165,2567,0.2889283
SEIUSDT,BUY,LIMIT,1701253879377,2815,0.2894524
SEIUSDT,SELL,LIMIT,1701254114113,307,0.2784822
SEIUSDT,SELL,LIMIT,1701254122424,6551,0.2782039
SEIUSDT,SELL,LIMIT,1701254129399,2903,0.2780577
SEIUSDT,SELL,LIMIT,1701254242869,1674,0.2776494
SEIUSDT,SELL,LIMIT,1701254254267,13022,0.2775928
SEIUSDT,SELL,LIMIT,1701254255676,9115,0.2773586
SEIUSDT,SELL,LIMIT,1701254258226,6391,0.2770922
SEIUSDT,BUY,LIMIT,1701254320778,1597,0.2873758
SEIUSDT,SELL,LIMIT,1701254419454,719,0.2778560
SEIUSDT,SELL,LIMIT,1701254425614,637,0.2766866
SEIUSDT,BUY,LIMIT,1701254485049,41,0.2851510
