Symbol,Side,Order Type,Time,Quantity,Price
SFPUSDT,BUY,LIMIT,1701924268359,63,0.7241
SFPUSDT,BUY,LIMIT,1701926981889,1062,0.7289
SFPUSDT,BUY,LIMIT,1701930488322,71,0.7368
SFPUSDT,BUY,LIMIT,1701930573657,7,0.7403
SFPUSDT,SELL,LIMIT,1701936916175,1005,0.6949
SFPUSDT,SELL,LIMIT,1701939370321,2236,0.6906
SFPUSDT,SELL,LIMIT,1701940560088,32,0.6857
SFPUSDT,SELL,LIMIT,1701940716017,86,0.6838
SFPUSDT,SELL,LIMIT,1701941154270,273,0.6818
SFPUSDT,SELL,LIMIT,1701941160008,1942,0.6815
SFPUSDT,SELL,LIMIT,1701941173330,355,0.6801
SFPUSDT,SELL,LIMIT,1701941176328,2507,0.6796
SFPUSDT,SELL,LIMIT,1701941184085,1631,0.6787
SFPUSDT,SELL,LIMIT,1701941189276,223,0.6779
SFPUSDT,SELL,LIMIT,1701941192265,33,0.6774
SFPUSDT,SELL,LIMIT,1701941244471,3764,0.6763
SFPUSDT,SELL,LIMIT,1701941290728,495,0.6761
SFPUSDT,BUY,LIMIT,1701953976590,1,0.7309
SFPUSDT,BUY,LIMIT,1701964339528,484,0.7283
SFPUSDT,SELL,LIMIT,1701985124288,80,0.7429
SFPUSDT,BUY,LIMIT,1701995317562,25,0.7348
SFPUSDT,BUY,LIMIT,1702009681148,343,0.7310
SFPUSDT,BUY,LIMIT,1702037060290,186,0.7248
SFPUSDT,BUY,LIMIT,1702038646625,2688,0.7269
SFPUSDT,SELL,LIMIT,1702040798545,185,0.6946
SFPUSDT,SELL,LIMIT,1702047621502,128,0.6978
SFPUSDT,BUY,LIMIT,1702048108127,15,0.7268
SFPUSDT,SELL,LIMIT,1702051700135,28,0.6954
SFPUSDT,BUY,LIMIT,1702064195893,54,0.7265
SFPUSDT,BUY,LIMIT,1702066078443,8426,0.7304
SFPUSDT,BUY,LIMIT,1702066238144,16,0.7303
SFPUSDT,BUY,LIMIT,1702067636482,1518,0.7290
SFPUSDT,BUY,LIMIT,1702078548839,1053,0.7339
SFPUSDT,BUY,LIMIT,1702081110855,700,0.7395
SFPUSDT,BUY,LIMIT,1702081807350,114,0.7404
SFPUSDT,BUY,LIMIT,1702082071073,709,0.7407
SFPUSDT,BUY,LIMIT,1702083491308,28,0.7030
SFPUSDT,BUY,LIMIT,1702098267307,29,0.7400
SFPUSDT,BUY,LIMIT,1702098592457,28,0.7414
SFPUSDT,BUY,LIMIT,1702102926752,110,0.7411
SFPUSDT,BUY,LIMIT,1702103021846,18,0.7421
SFPUSDT,SELL,LIMIT,1702107987535,54,0.7104
SFPUSDT,BUY,LIMIT,1702108045960,19,0.7395
SFPUSDT,BUY,LIMIT,1702108060903,28,0.7412
SFPUSDT,SELL,LIMIT,1702108366209,28,0.7112
SFPUSDT,BUY,LIMIT,1702109595994,28,0.7428
SFPUSDT,SELL,LIMIT,1702110972234,102,0.7034
SFPUSDT,SELL,LIMIT,1702110974399,62,0.7031
SFPUSDT,SELL,LIMIT,1702111030643,113,0.6990
SFPUSDT,SELL,LIMIT,1702111035735,43,0.6982
SFPUSDT,SELL,LIMIT,1702111045987,45,0.6970
SFPUSDT,SELL,LIMIT,1702111389421,430,0.6914
SFPUSDT,BUY,LIMIT,1702111526311,28,0.7271
SFPUSDT,SELL,LIMIT,1702114208158,558,0.7074
SFPUSDT,SELL,LIMIT,1702133008852,2000,0.6918
SFPUSDT,SELL,LIMIT,1702133380939,550,0.6920
SFPUSDT,SELL,LIMIT,1702139292230,85,0.6909
SFPUSDT,SELL,LIMIT,1702139293454,118,0.6907
SFPUSDT,SELL,LIMIT,1702141553395,278,0.6903
SFPUSDT,SELL,LIMIT,1702141632727,65,0.6885
SFPUSDT,SELL,LIMIT,1702141758470,500,0.6872
SFPUSDT,SELL,LIMIT,1702164547191,553,0.6827
SFPUSDT,SELL,LIMIT,1702164747222,560,0.6823
SFPUSDT,SELL,LIMIT,1702164801907,39,0.6798
SFPUSDT,SELL,LIMIT,1702164839223,1756,0.6784
SFPUSDT,SELL,LIMIT,1702164869310,23,0.7648
SFPUSDT,SELL,LIMIT,1702192864543,2914,0.6766
SFPUSDT,SELL,LIMIT,1702192918631,672,0.6752
SFPUSDT,BUY,LIMIT,1702193405351,20,0.7035
SFPUSDT,BUY,LIMIT,1702193450745,70,0.6918
SFPUSDT,SELL,LIMIT,1702193666087,133,0.6754
SFPUSDT,SELL,LIMIT,1702193764172,223,0.6740
SFPUSDT,SELL,LIMIT,1702193847370,136,0.6737
SFPUSDT,SELL,LIMIT,1702193848823,356,0.6736
SFPUSDT,SELL,LIMIT,1702193854962,16,0.6733
SFPUSDT,SELL,LIMIT,1702193859446,1260,0.6712
SFPUSDT,SELL,LIMIT,1702197053436,130,0.6692
SFPUSDT,BUY,LIMIT,1702201001618,13,0.7147
SFPUSDT,SELL,LIMIT,1702202049422,8,0.6869
SFPUSDT,SELL,LIMIT,1702202267739,69,0.6863
SFPUSDT,SELL,LIMIT,1702202325353,130,0.6858
SFPUSDT,SELL,LIMIT,1702202380132,130,0.6830
SFPUSDT,SELL,LIMIT,1702232181671,18,0.6807
SFPUSDT,BUY,LIMIT,1702236186355,86,0.7118
SFPUSDT,BUY,LIMIT,1702240742023,30,0.7176
SFPUSDT,SELL,LIMIT,1702256915019,404,0.6752
SFPUSDT,SELL,LIMIT,1702260287196,1555,0.6757
SFPUSDT,BUY,LIMIT,1702260631690,141,0.6950
SFPUSDT,SELL,LIMIT,1702260634615,16,0.6671
SFPUSDT,SELL,LIMIT,1702260637248,290,0.6664
SFPUSDT,SELL,LIMIT,1702260690333,32,0.6693
SFPUSDT,SELL,LIMIT,1702260695923,214,0.6646
SFPUSDT,SELL,LIMIT,1702260697308,747,0.6647
SFPUSDT,SELL,LIMIT,1702260698562,550,0.6646
SFPUSDT,SELL,LIMIT,1702260707509,347,0.6634
SFPUSDT,SELL,LIMIT,1702260709175,275,0.6632
SFPUSDT,SELL,LIMIT,1702260710287,25,0.6630
SFPUSDT,SELL,LIMIT,1702260711571,70,0.6628
SFPUSDT,SELL,LIMIT,1702260714698,17,0.6628
SFPUSDT,SELL,LIMIT,1702260716805,8,0.6615
SFPUSDT,SELL,LIMIT,1702260718035,732,0.6654
SFPUSDT,SELL,LIMIT,1702260721621,11453,0.6589
SFPUSDT,SELL,LIMIT,1702260725065,77,0.6595
SFPUSDT,SELL,LIMIT,1702260728896,108,0.6586
SFPUSDT,SELL,LIMIT,1702260730087,169,0.6581
SFPUSDT,SELL,LIMIT,1702260733164,18,0.6574
SFPUSDT,SELL,LIMIT,1702260734871,1562,0.6566
SFPUSDT,SELL,LIMIT,1702260737415,335,0.6551
SFPUSDT,SELL,LIMIT,1702260738531,6500,0.6551
SFPUSDT,SELL,LIMIT,1702260739639,1161,0.6551
SFPUSDT,SELL,LIMIT,1702260741592,358,0.6533
SFPUSDT,SELL,LIMIT,1702260742719,343,0.6532
SFPUSDT,SELL,LIMIT,1702260744624,9,0.6529
SFPUSDT,SELL,LIMIT,1702260745687,2500,0.6525
SFPUSDT,SELL,LIMIT,1702260746885,1067,0.6525
SFPUSDT,SELL,LIMIT,1702260749495,46,0.6495
SFPUSDT,SELL,LIMIT,1702260750733,8,0.6495
SFPUSDT,SELL,LIMIT,1702260752136,65,0.6496
SFPUSDT,SELL,LIMIT,1702260753551,1445,0.6488
SFPUSDT,SELL,LIMIT,1702260755347,6228,0.6493
SFPUSDT,SELL,LIMIT,1702260757678,1026,0.6491
SFPUSDT,SELL,LIMIT,1702260759039,2130,0.6482
SFPUSDT,SELL,LIMIT,1702260760125,15,0.6490
SFPUSDT,SELL,LIMIT,1702260761766,9687,0.6464
SFPUSDT,SELL,LIMIT,1702260762782,133,0.6463
SFPUSDT,SELL,LIMIT,1702260764605,2025,0.6455
SFPUSDT,SELL,LIMIT,1702260765646,14,0.6455
SFPUSDT,SELL,LIMIT,1702260766715,15,0.6467
SFPUSDT,SELL,LIMIT,1702260767883,15,0.6457
SFPUSDT,SELL,LIMIT,1702260768940,11,0.6442
SFPUSDT,SELL,LIMIT,1702260770094,950,0.6439
SFPUSDT,SELL,LIMIT,1702260771517,332,0.6411
SFPUSDT,SELL,LIMIT,1702260772523,1410,0.6418
SFPUSDT,SELL,LIMIT,1702260773688,600,0.6413
SFPUSDT,SELL,LIMIT,1702260774804,15,0.6401
SFPUSDT,SELL,LIMIT,1702260775842,749,0.6403
SFPUSDT,SELL,LIMIT,1702260776917,15,0.6369
SFPUSDT,SELL,LIMIT,1702260778207,15,0.6386
SFPUSDT,SELL,LIMIT,1702260779904,114,0.6375
SFPUSDT,SELL,LIMIT,1702260781037,267,0.6359
SFPUSDT,SELL,LIMIT,1702260782039,15,0.6350
SFPUSDT,SELL,LIMIT,1702260783049,15,0.6350
SFPUSDT,SELL,LIMIT,1702260784094,884,0.6327
SFPUSDT,SELL,LIMIT,1702260786321,62,0.6332
SFPUSDT,SELL,LIMIT,1702260787536,3223,0.6329
SFPUSDT,SELL,LIMIT,1702260788728,103,0.6306
SFPUSDT,SELL,LIMIT,1702260789834,15,0.6304
SFPUSDT,SELL,LIMIT,1702260791038,141,0.6297
SFPUSDT,SELL,LIMIT,1702260792444,3334,0.6271
SFPUSDT,SELL,LIMIT,1702260793514,1088,0.6226
SFPUSDT,SELL,LIMIT,1702260794592,200,0.6224
SFPUSDT,SELL,LIMIT,1702260795723,8,0.6225
SFPUSDT,SELL,LIMIT,1702260796897,8,0.6207
SFPUSDT,SELL,LIMIT,1702260798200,502,0.6218
SFPUSDT,SELL,LIMIT,1702260799567,85,0.6541
SFPUSDT,SELL,LIMIT,1702260800726,427,0.6200
SFPUSDT,SELL,LIMIT,1702260802216,403,0.6198
SFPUSDT,SELL,LIMIT,1702260803401,10,0.6170
SFPUSDT,SELL,LIMIT,1702260804425,9771,0.6175
SFPUSDT,SELL,LIMIT,1702260805497,44,0.6167
SFPUSDT,SELL,LIMIT,1702260806562,127,0.6142
SFPUSDT,SELL,LIMIT,1702260807600,337,0.6158
SFPUSDT,SELL,LIMIT,1702260809006,48,0.6206
SFPUSDT,SELL,LIMIT,1702260810152,148,0.6132
SFPUSDT,SELL,LIMIT,1702260811413,27,0.6121
SFPUSDT,SELL,LIMIT,1702260812430,24,0.6123
SFPUSDT,SELL,LIMIT,1702260813457,7439,0.6053
SFPUSDT,SELL,LIMIT,1702260814634,300,0.6125
SFPUSDT,SELL,LIMIT,1702260816239,132,0.6089
SFPUSDT,SELL,LIMIT,1702260818418,18,0.6086
SFPUSDT,SELL,LIMIT,1702260820777,655,0.6108
SFPUSDT,BUY,LIMIT,1702262123284,20,0.6865
SFPUSDT,SELL,LIMIT,1702262615563,177,0.6517
SFPUSDT,SELL,LIMIT,1702265724235,8,0.6613
