Symbol,Side,Order Type,Time,Quantity,Price
SKLUSDT,SELL,LIMIT,1701066966074,2381,0.04499
SKLUSDT,SELL,LIMIT,1701067259257,34983,0.04494
SKLUSDT,BUY,LIMIT,1701067541112,880,0.04658
SKLUSDT,SELL,LIMIT,1701067750064,44791,0.04464
SKLUSDT,SELL,LIMIT,1701067751374,5241,0.04579
SKLUSDT,SELL,LIMIT,1701067845556,8511,0.04455
SKLUSDT,SELL,LIMIT,1701068020948,3266,0.04466
SKLUSDT,SELL,LIMIT,1701068329215,64763,0.04436
SKLUSDT,SELL,LIMIT,1701069492851,360,0.04458
SKLUSDT,SELL,LIMIT,1701069512303,343,0.04804
SKLUSDT,SELL,LIMIT,1701069572165,4033,0.04433
SKLUSDT,SELL,LIMIT,1701069574012,2095,0.04425
SKLUSDT,SELL,LIMIT,1701069575898,2480,0.04420
SKLUSDT,SELL,LIMIT,1701069736134,4546,0.04432
SKLUSDT,SELL,LIMIT,1701069795705,535,0.04418
SKLUSDT,SELL,LIMIT,1701069808208,670,0.04415
SKLUSDT,SELL,LIMIT,1701069809438,21356,0.04411
SKLUSDT,SELL,LIMIT,1701069832446,35420,0.04423
SKLUSDT,SELL,LIMIT,1701069880498,330,0.04409
SKLUSDT,SELL,LIMIT,1701069883753,10658,0.04409
SKLUSDT,SELL,LIMIT,1701069885359,39047,0.04405
SKLUSDT,SELL,LIMIT,1701069886415,67541,0.04403
SKLUSDT,SELL,LIMIT,1701069898036,54454,0.04401
SKLUSDT,SELL,LIMIT,1701069901022,19944,0.04400
SKLUSDT,SELL,LIMIT,1701070166168,7101,0.04409
SKLUSDT,SELL,LIMIT,1701070168184,4325,0.04431
SKLUSDT,SELL,LIMIT,1701070173949,1016,0.04402
SKLUSDT,SELL,LIMIT,1701070442248,9712,0.04427
SKLUSDT,SELL,LIMIT,1701074313979,7787,0.04449
SKLUSDT,SELL,LIMIT,1701079525870,3533,0.04414
SKLUSDT,SELL,LIMIT,1701081278001,45818,0.04407
SKLUSDT,SELL,LIMIT,1701081451034,8600,0.04400
SKLUSDT,SELL,LIMIT,1701081453986,4347,0.04398
SKLUSDT,SELL,LIMIT,1701081488675,40154,0.04394
SKLUSDT,SELL,LIMIT,1701081609673,40665,0.04392
SKLUSDT,SELL,LIMIT,1701082048048,585,0.04389
SKLUSDT,SELL,LIMIT,1701082052243,16283,0.04384
SKLUSDT,SELL,LIMIT,1701082120031,233,0.04384
SKLUSDT,SELL,LIMIT,1701082128303,2266,0.04380
SKLUSDT,SELL,LIMIT,1701082606313,2197,0.04421
SKLUSDT,SELL,LIMIT,1701082622540,1445,0.04394
SKLUSDT,SELL,LIMIT,1701082693211,105546,0.04390
SKLUSDT,SELL,LIMIT,1701082725966,41556,0.04381
SKLUSDT,SELL,LIMIT,1701082730191,1300,0.04379
SKLUSDT,SELL,LIMIT,1701083337397,2378,0.04376
SKLUSDT,SELL,LIMIT,1701084667140,2747,0.04367
SKLUSDT,SELL,LIMIT,1701084685281,434,0.04365
SKLUSDT,SELL,LIMIT,1701084844156,776,0.04360
SKLUSDT,SELL,LIMIT,1701084930341,231734,0.04347
SKLUSDT,SELL,LIMIT,1701084932059,3607,0.04355
SKLUSDT,SELL,LIMIT,1701084934309,8127,0.04356
SKLUSDT,SELL,LIMIT,1701093274369,16184,0.04472
SKLUSDT,SELL,LIMIT,1701094037097,420,0.04460
SKLUSDT,SELL,LIMIT,1701095937183,109,0.04473
SKLUSDT,SELL,LIMIT,1701096774121,6201,0.04387
SKLUSDT,SELL,LIMIT,1701097049255,425,0.04381
SKLUSDT,SELL,LIMIT,1701097093514,24811,0.04379
SKLUSDT,SELL,LIMIT,1701099809405,26631,0.04378
SKLUSDT,SELL,LIMIT,1701100144956,7437,0.04361
SKLUSDT,SELL,LIMIT,1701100219180,24323,0.04354
SKLUSDT,SELL,LIMIT,1701100221642,9900,0.04349
SKLUSDT,SELL,LIMIT,1701100223180,1576,0.04347
SKLUSDT,SELL,LIMIT,1701100238262,78793,0.04347
SKLUSDT,SELL,LIMIT,1701100244184,3921,0.04345
SKLUSDT,SELL,LIMIT,1701100280519,2675,0.04345
SKLUSDT,SELL,LIMIT,1701100299087,50281,0.04344
SKLUSDT,SELL,LIMIT,1701100301250,106,0.04344
SKLUSDT,SELL,LIMIT,1701100550027,12382,0.04345
SKLUSDT,SELL,LIMIT,1701100570207,2238,0.04331
SKLUSDT,SELL,LIMIT,1701100571341,253,0.04330
SKLUSDT,SELL,LIMIT,1701100572272,920,0.04324
SKLUSDT,SELL,LIMIT,1701100574768,44943,0.04325
SKLUSDT,SELL,LIMIT,1701100576875,93,0.04317
SKLUSDT,SELL,LIMIT,1701100602060,915,0.04283
SKLUSDT,SELL,LIMIT,1701100603065,12032,0.04293
SKLUSDT,SELL,LIMIT,1701100604302,3380,0.04277
SKLUSDT,SELL,LIMIT,1701100605522,21281,0.04282
SKLUSDT,SELL,LIMIT,1701100622078,630,0.04281
SKLUSDT,SELL,LIMIT,1701100624868,314,0.04277
SKLUSDT,SELL,LIMIT,1701100633208,10521,0.04275
SKLUSDT,SELL,LIMIT,1701100634538,27861,0.04275
SKLUSDT,SELL,LIMIT,1701100638083,113,0.04274
SKLUSDT,SELL,LIMIT,1701100639200,15371,0.04273
SKLUSDT,SELL,LIMIT,1701100640878,22776,0.04269
SKLUSDT,SELL,LIMIT,1701101007320,60939,0.04313
SKLUSDT,SELL,LIMIT,1701101146190,509,0.04311
SKLUSDT,BUY,LIMIT,1701111098196,7,0.04259
SKLUSDT,SELL,LIMIT,1701111419521,1281,0.04316
SKLUSDT,SELL,LIMIT,1701112142083,1838,0.04271
SKLUSDT,SELL,LIMIT,1701112148650,2133,0.04269
SKLUSDT,SELL,LIMIT,1701112171692,9431,0.04265
SKLUSDT,SELL,LIMIT,1701112172786,446,0.04263
SKLUSDT,SELL,LIMIT,1701112174136,108038,0.04261
SKLUSDT,SELL,LIMIT,1701114161373,4024,0.04262
SKLUSDT,SELL,LIMIT,1701114163446,84718,0.04259
SKLUSDT,SELL,LIMIT,1701114165241,5593,0.04259
SKLUSDT,SELL,LIMIT,1701114206087,16485,0.04258
SKLUSDT,SELL,LIMIT,1701114207470,2008,0.04257
SKLUSDT,SELL,LIMIT,1701114210147,19183,0.04254
SKLUSDT,SELL,LIMIT,1701114226161,1663,0.04252
SKLUSDT,SELL,LIMIT,1701114229109,110,0.04251
SKLUSDT,SELL,LIMIT,1701114232647,88914,0.04252
SKLUSDT,SELL,LIMIT,1701114237037,444,0.04250
SKLUSDT,SELL,LIMIT,1701114238365,6238,0.04249
SKLUSDT,SELL,LIMIT,1701114239979,20579,0.04246
SKLUSDT,SELL,LIMIT,1701114241112,5291,0.04247
SKLUSDT,SELL,LIMIT,1701114268735,2000,0.04249
SKLUSDT,SELL,LIMIT,1701114274546,5185,0.04248
SKLUSDT,SELL,LIMIT,1701114275870,212,0.04247
SKLUSDT,SELL,LIMIT,1701114352091,10424,0.04245
SKLUSDT,SELL,LIMIT,1701114357470,16129,0.04245
SKLUSDT,SELL,LIMIT,1701114384933,22769,0.04245
SKLUSDT,SELL,LIMIT,1701114397219,3723,0.04243
SKLUSDT,SELL,LIMIT,1701114455628,447,0.04241
SKLUSDT,SELL,LIMIT,1701114458110,912,0.04240
SKLUSDT,SELL,LIMIT,1701114459140,1060,0.04238
SKLUSDT,SELL,LIMIT,1701114463952,1849,0.04237
SKLUSDT,SELL,LIMIT,1701114465068,3350,0.04236
SKLUSDT,SELL,LIMIT,1701114467240,1722,0.04235
SKLUSDT,SELL,LIMIT,1701114468895,40089,0.04234
SKLUSDT,SELL,LIMIT,1701114470013,4933,0.04240
SKLUSDT,SELL,LIMIT,1701114472397,9972,0.04232
SKLUSDT,SELL,LIMIT,1701114474148,113,0.04228
SKLUSDT,SELL,LIMIT,1701114476997,1948,0.04229
SKLUSDT,SELL,LIMIT,1701114478654,2709,0.04229
SKLUSDT,SELL,LIMIT,1701114480277,7700,0.04225
SKLUSDT,SELL,LIMIT,1701114487890,3633,0.04223
SKLUSDT,SELL,LIMIT,1701114491117,105509,0.04219
SKLUSDT,SELL,LIMIT,1701114492441,4735,0.04219
SKLUSDT,SELL,LIMIT,1701114494427,1115,0.04218
SKLUSDT,SELL,LIMIT,1701114528155,2137,0.04214
SKLUSDT,SELL,LIMIT,1701116768261,85715,0.04262
SKLUSDT,SELL,LIMIT,1701117217216,511,0.04245
SKLUSDT,BUY,LIMIT,1701121839567,7469,0.04457
SKLUSDT,BUY,LIMIT,1701122230681,20000,0.04185
SKLUSDT,SELL,LIMIT,1701126099134,500,0.04315
SKLUSDT,BUY,LIMIT,1701130789166,206,0.04544
SKLUSDT,BUY,LIMIT,1701130817108,3157,0.04548
SKLUSDT,BUY,LIMIT,1701131054225,221,0.04566
SKLUSDT,BUY,LIMIT,1701131067919,21486,0.04571
SKLUSDT,SELL,LIMIT,1701132926893,82781,0.04355
SKLUSDT,SELL,LIMIT,1701142559757,111111,0.04273
SKLUSDT,SELL,LIMIT,1701145659970,11577,0.04225
SKLUSDT,SELL,LIMIT,1701145672214,37890,0.04219
SKLUSDT,SELL,LIMIT,1701145693083,5086,0.04214
SKLUSDT,SELL,LIMIT,1701145694120,20015,0.04214
SKLUSDT,SELL,LIMIT,1701145695130,1125,0.04213
SKLUSDT,SELL,LIMIT,1701145696426,76702,0.04209
SKLUSDT,SELL,LIMIT,1701145697640,33907,0.04207
SKLUSDT,SELL,LIMIT,1701145698784,721,0.04205
SKLUSDT,SELL,LIMIT,1701145699835,35718,0.04203
SKLUSDT,SELL,LIMIT,1701145707409,23822,0.04205
SKLUSDT,SELL,LIMIT,1701146026152,901,0.04201
SKLUSDT,SELL,LIMIT,1701146059338,11503,0.04198
SKLUSDT,SELL,LIMIT,1701146064118,2102,0.04196
SKLUSDT,SELL,LIMIT,1701146065098,4299,0.04197
SKLUSDT,SELL,LIMIT,1701146066374,23786,0.04196
SKLUSDT,SELL,LIMIT,1701146068090,788,0.04192
SKLUSDT,SELL,LIMIT,1701147287733,6665,0.04205
SKLUSDT,SELL,LIMIT,1701147874111,51229,0.04191
SKLUSDT,SELL,LIMIT,1701147875798,4567,0.04190
SKLUSDT,SELL,LIMIT,1701147879151,4848,0.04187
SKLUSDT,SELL,LIMIT,1701147881102,4123,0.04182
SKLUSDT,SELL,LIMIT,1701147900173,1605,0.04181
SKLUSDT,SELL,LIMIT,1701147925537,132,0.04176
SKLUSDT,SELL,LIMIT,1701147943099,31371,0.04173
SKLUSDT,SELL,LIMIT,1701148008964,11563,0.04172
SKLUSDT,SELL,LIMIT,1701148135337,118,0.04169
SKLUSDT,SELL,LIMIT,1701148136538,9456,0.04168
SKLUSDT,SELL,LIMIT,1701148167198,5243,0.04168
SKLUSDT,SELL,LIMIT,1701148203108,687,0.04166
SKLUSDT,SELL,LIMIT,1701148210523,653,0.04165
SKLUSDT,SELL,LIMIT,1701148251524,4696,0.04164
SKLUSDT,SELL,LIMIT,1701148839390,13989,0.04162
SKLUSDT,SELL,LIMIT,1701148852161,16333,0.04159
SKLUSDT,SELL,LIMIT,1701148936358,69631,0.04157
SKLUSDT,SELL,LIMIT,1701148938057,25988,0.04156
SKLUSDT,SELL,LIMIT,1701148940268,2301,0.04152
SKLUSDT,SELL,LIMIT,1701149053531,56875,0.04151
SKLUSDT,SELL,LIMIT,1701149055142,2125,0.04149
SKLUSDT,SELL,LIMIT,1701149072157,10097,0.04149
SKLUSDT,SELL,LIMIT,1701149073483,1892,0.04149
SKLUSDT,SELL,LIMIT,1701149092983,114,0.04148
SKLUSDT,SELL,LIMIT,1701149115311,6765,0.04144
SKLUSDT,SELL,LIMIT,1701149168085,30549,0.04145
SKLUSDT,SELL,LIMIT,1701149179040,217,0.04144
SKLUSDT,SELL,LIMIT,1701149203459,5094,0.04143
SKLUSDT,SELL,LIMIT,1701149473883,3234,0.04145
SKLUSDT,SELL,LIMIT,1701149514968,107071,0.04141
SKLUSDT,SELL,LIMIT,1701149517041,354,0.04139
SKLUSDT,SELL,LIMIT,1701149693246,531349,0.04120
SKLUSDT,SELL,LIMIT,1701149694296,1120,0.04138
SKLUSDT,SELL,LIMIT,1701149696026,213,0.04135
SKLUSDT,SELL,LIMIT,1701149720969,2069,0.04132
SKLUSDT,SELL,LIMIT,1701149733627,3392,0.04130
SKLUSDT,SELL,LIMIT,1701149735034,6634,0.04131
SKLUSDT,SELL,LIMIT,1701149736189,194,0.04130
SKLUSDT,SELL,LIMIT,1701149771344,444,0.04129
SKLUSDT,SELL,LIMIT,1701149772547,327,0.04128
SKLUSDT,SELL,LIMIT,1701149774344,2507,0.04125
SKLUSDT,SELL,LIMIT,1701149776362,350,0.04120
SKLUSDT,SELL,LIMIT,1701149786478,385,0.04118
SKLUSDT,SELL,LIMIT,1701149801034,874,0.04116
SKLUSDT,SELL,LIMIT,1701149852653,6198,0.04115
SKLUSDT,SELL,LIMIT,1701149872690,18577,0.04115
SKLUSDT,SELL,LIMIT,1701149880206,116371,0.04115
SKLUSDT,SELL,LIMIT,1701149881651,2484,0.04111
SKLUSDT,SELL,LIMIT,1701149883117,13953,0.04107
SKLUSDT,SELL,LIMIT,1701149892757,6928,0.04107
SKLUSDT,SELL,LIMIT,1701150532190,301,0.04106
SKLUSDT,SELL,LIMIT,1701150540525,30065,0.04103
SKLUSDT,SELL,LIMIT,1701150748839,18786,0.04102
SKLUSDT,SELL,LIMIT,1701150750856,21731,0.04102
SKLUSDT,SELL,LIMIT,1701156370727,1049,0.04107
SKLUSDT,SELL,LIMIT,1701156497297,65919,0.04099
SKLUSDT,SELL,LIMIT,1701156525645,920,0.04098
SKLUSDT,SELL,LIMIT,1701156527022,1207,0.04096
SKLUSDT,SELL,LIMIT,1701156552332,980,0.04092
SKLUSDT,SELL,LIMIT,1701156554521,278,0.04092
SKLUSDT,SELL,LIMIT,1701156562234,1783,0.04089
SKLUSDT,SELL,LIMIT,1701170697020,218,0.04189
SKLUSDT,BUY,LIMIT,1701171054375,174,0.04379
SKLUSDT,BUY,LIMIT,1701171594135,5832,0.04407
SKLUSDT,BUY,LIMIT,1701171676721,4848,0.04408
SKLUSDT,BUY,LIMIT,1701172386320,101164,0.04404
SKLUSDT,BUY,LIMIT,1701172577523,2803,0.04419
SKLUSDT,BUY,LIMIT,1701172600833,2429,0.04421
SKLUSDT,BUY,LIMIT,1701172811536,2137,0.04413
SKLUSDT,BUY,LIMIT,1701181252613,5406,0.04409
SKLUSDT,BUY,LIMIT,1701181592032,9485,0.04427
SKLUSDT,BUY,LIMIT,1701181640921,1875,0.04435
SKLUSDT,SELL,LIMIT,1701181768440,857,0.04265
SKLUSDT,BUY,LIMIT,1701181825536,4725,0.04445
SKLUSDT,BUY,LIMIT,1701182022149,407,0.04451
SKLUSDT,BUY,LIMIT,1701182106416,3752,0.04466
SKLUSDT,BUY,LIMIT,1701182109039,7695,0.04465
SKLUSDT,BUY,LIMIT,1701182158430,1408,0.04471
SKLUSDT,SELL,LIMIT,1701185283435,8031,0.04248
SKLUSDT,BUY,LIMIT,1701189268863,854,0.04439
SKLUSDT,BUY,LIMIT,1701189848465,264,0.04478
SKLUSDT,SELL,LIMIT,1701189995778,4031,0.04298
SKLUSDT,BUY,LIMIT,1701190096726,3213,0.04483
SKLUSDT,BUY,LIMIT,1701190351626,39866,0.04504
SKLUSDT,BUY,LIMIT,1701190426346,633,0.04512
SKLUSDT,BUY,LIMIT,1701190433188,2608,0.04514
SKLUSDT,BUY,LIMIT,1701190962113,1155,0.04517
SKLUSDT,SELL,LIMIT,1701192005243,1090,0.04368
SKLUSDT,BUY,LIMIT,1701192031445,76884,0.04519
SKLUSDT,BUY,LIMIT,1701192403277,1837,0.04506
SKLUSDT,BUY,LIMIT,1701194538427,14978,0.04539
SKLUSDT,SELL,LIMIT,1701196216524,272,0.04331
SKLUSDT,SELL,LIMIT,1701197838334,357,0.04299
SKLUSDT,BUY,LIMIT,1701197839350,118175,0.04472
SKLUSDT,BUY,LIMIT,1701197853393,459,0.04475
SKLUSDT,SELL,LIMIT,1701197856579,412,0.04300
SKLUSDT,BUY,LIMIT,1701198114101,2648,0.04499
SKLUSDT,BUY,LIMIT,1701199840223,2231,0.04479
SKLUSDT,SELL,LIMIT,1701202027830,2827,0.04321
SKLUSDT,SELL,LIMIT,1701204682532,21051,0.04333
SKLUSDT,SELL,LIMIT,1701211813134,274,0.04272
SKLUSDT,SELL,LIMIT,1701226449685,5,0.04314
SKLUSDT,BUY,LIMIT,1701239345386,2752,0.04419
SKLUSDT,BUY,LIMIT,1701243890952,477,0.04413
SKLUSDT,SELL,LIMIT,1701245126034,6528,0.04248
SKLUSDT,BUY,LIMIT,1701246650898,685,0.04444
SKLUSDT,SELL,LIMIT,1701247110492,2225,0.04260
SKLUSDT,SELL,LIMIT,1701247389456,462,0.04261
SKLUSDT,SELL,LIMIT,1701248659549,967,0.04321
SKLUSDT,BUY,LIMIT,1701248764885,5724,0.04534
SKLUSDT,SELL,LIMIT,1701248784186,1726,0.04363
SKLUSDT,BUY,LIMIT,1701248999873,250,0.04547
SKLUSDT,SELL,LIMIT,1701249429141,8442,0.04362
SKLUSDT,SELL,LIMIT,1701249555172,980,0.04362
SKLUSDT,SELL,LIMIT,1701250950448,5000,0.04281
SKLUSDT,SELL,LIMIT,1701253617880,2930,0.04224
SKLUSDT,SELL,LIMIT,1701254379079,402,0.04204
SKLUSDT,SELL,LIMIT,1701254398521,301,0.04197
SKLUSDT,SELL,LIMIT,1701254400228,3647,0.04196
SKLUSDT,SELL,LIMIT,1701254412294,5106,0.04192
SKLUSDT,SELL,LIMIT,1701254419730,10872,0.04189
SKLUSDT,SELL,LIMIT,1701254425638,452,0.04189
SKLUSDT,SELL,LIMIT,1701254574482,136,0.04188
SKLUSDT,SELL,LIMIT,1701254584391,4686,0.04184
SKLUSDT,SELL,LIMIT,1701254592882,189,0.04184
SKLUSDT,SELL,LIMIT,1701254615402,399,0.04183
SKLUSDT,SELL,LIMIT,1701254647326,951,0.04182
SKLUSDT,SELL,LIMIT,1701254648595,454,0.04179
SKLUSDT,SELL,LIMIT,1701254662059,675,0.04178
SKLUSDT,SELL,LIMIT,1701254695236,3501,0.04177
SKLUSDT,SELL,LIMIT,1701257464726,3052,0.04174
SKLUSDT,SELL,LIMIT,1701257468159,19362,0.04171
SKLUSDT,SELL,LIMIT,1701258967527,860,0.04157
SKLUSDT,SELL,LIMIT,1701258970268,1143,0.04157
SKLUSDT,SELL,LIMIT,1701258992316,4052,0.04152
SKLUSDT,SELL,LIMIT,1701258996054,819,0.04153
SKLUSDT,SELL,LIMIT,1701259958086,12528,0.04151
SKLUSDT,SELL,LIMIT,1701259979527,15984,0.04149
SKLUSDT,SELL,LIMIT,1701260303718,2293,0.04145
SKLUSDT,SELL,LIMIT,1701263915080,1787,0.04137
SKLUSDT,SELL,LIMIT,1701263916106,621,0.04138
SKLUSDT,SELL,LIMIT,1701263936765,4181,0.04135
SKLUSDT,BUY,LIMIT,1701264166354,221,0.04312
SKLUSDT,SELL,LIMIT,1701264192690,21455,0.04142
SKLUSDT,SELL,LIMIT,1701264326819,112,0.04146
SKLUSDT,SELL,LIMIT,1701264330197,117,0.04141
SKLUSDT,SELL,LIMIT,1701264360193,6899,0.04133
SKLUSDT,SELL,LIMIT,1701264390122,14793,0.04138
SKLUSDT,SELL,LIMIT,1701268325616,1674,0.04124
SKLUSDT,SELL,LIMIT,1701268331315,6078,0.04123
SKLUSDT,SELL,LIMIT,1701268432389,5000,0.04120
SKLUSDT,SELL,LIMIT,1701268439264,1192,0.04119
SKLUSDT,SELL,LIMIT,1701270440064,951,0.04129
SKLUSDT,SELL,LIMIT,1701270612675,9311,0.04113
SKLUSDT,SELL,LIMIT,1701275607667,1821,0.04124
SKLUSDT,SELL,LIMIT,1701275634545,50000,0.04138
SKLUSDT,SELL,LIMIT,1701283836303,577,0.04137
SKLUSDT,BUY,LIMIT,1701288287798,1,0.04372
SKLUSDT,BUY,LIMIT,1701289193845,1490,0.04419
SKLUSDT,BUY,LIMIT,1701289194863,2528,0.04424
SKLUSDT,BUY,LIMIT,1701289237523,236,0.04429
SKLUSDT,BUY,LIMIT,1701289241621,7102,0.04434
SKLUSDT,BUY,LIMIT,1701289251665,201,0.04437
SKLUSDT,BUY,LIMIT,1701289279852,5960,0.04444
SKLUSDT,SELL,LIMIT,1701294639034,5976,0.04154
SKLUSDT,SELL,LIMIT,1701299104347,10705,0.04152
SKLUSDT,SELL,LIMIT,1701299148163,10644,0.04150
SKLUSDT,SELL,LIMIT,1701310259355,5730,0.04145
SKLUSDT,BUY,LIMIT,1701320415623,1857,0.04388
SKLUSDT,SELL,LIMIT,1701327055396,1091,0.04142
SKLUSDT,SELL,LIMIT,1701330322602,52124,0.04130
SKLUSDT,SELL,LIMIT,1701330795739,3219,0.04127
SKLUSDT,SELL,LIMIT,1701330810906,765,0.04126
SKLUSDT,SELL,LIMIT,1701331381306,42082,0.04124
SKLUSDT,SELL,LIMIT,1701331398761,16677,0.04121
SKLUSDT,SELL,LIMIT,1701331439251,4613,0.04119
SKLUSDT,SELL,LIMIT,1701331549059,2309,0.04115
SKLUSDT,SELL,LIMIT,1701331567343,552,0.04113
SKLUSDT,SELL,LIMIT,1701331576671,160,0.04105
SKLUSDT,SELL,LIMIT,1701331620156,4052,0.04104
SKLUSDT,SELL,LIMIT,1701331637371,12385,0.04095
SKLUSDT,SELL,LIMIT,1701331729133,4052,0.04094
SKLUSDT,SELL,LIMIT,1701331730436,6225,0.04094
SKLUSDT,SELL,LIMIT,1701331736332,470,0.04093
SKLUSDT,SELL,LIMIT,1701331738079,59183,0.04091
SKLUSDT,SELL,LIMIT,1701331740121,104424,0.04091
SKLUSDT,SELL,LIMIT,1701331744738,83699,0.04090
SKLUSDT,SELL,LIMIT,1701331747967,601,0.04088
SKLUSDT,SELL,LIMIT,1701331749238,457,0.04088
SKLUSDT,SELL,LIMIT,1701331783103,32329,0.04090
SKLUSDT,SELL,LIMIT,1701332350704,292,0.04086
SKLUSDT,SELL,LIMIT,1701332359035,14831,0.04080
SKLUSDT,SELL,LIMIT,1701332360151,4539,0.04085
SKLUSDT,SELL,LIMIT,1701332361102,492,0.04059
SKLUSDT,SELL,LIMIT,1701332362236,2031,0.04055
SKLUSDT,SELL,LIMIT,1701332472779,1073,0.04053
SKLUSDT,SELL,LIMIT,1701332764437,5811,0.04052
SKLUSDT,SELL,LIMIT,1701332786194,1847,0.04051
SKLUSDT,SELL,LIMIT,1701332788042,772,0.04050
SKLUSDT,SELL,LIMIT,1701332789073,1318,0.04050
SKLUSDT,SELL,LIMIT,1701333551963,8105,0.04050
SKLUSDT,SELL,LIMIT,1701333727674,3559,0.04044
SKLUSDT,SELL,LIMIT,1701333732398,100346,0.04043
SKLUSDT,BUY,LIMIT,1701345197574,2825,0.04334
SKLUSDT,BUY,LIMIT,1701345295186,9673,0.04339
SKLUSDT,SELL,LIMIT,1701353045743,679,0.04117
SKLUSDT,SELL,LIMIT,1701355377024,4706,0.04040
SKLUSDT,SELL,LIMIT,1701355378447,17568,0.04040
SKLUSDT,SELL,LIMIT,1701355383662,2422,0.04038
SKLUSDT,SELL,LIMIT,1701355386272,2109,0.04037
SKLUSDT,SELL,LIMIT,1701355412004,58865,0.04035
SKLUSDT,SELL,LIMIT,1701355553161,19857,0.04031
SKLUSDT,SELL,LIMIT,1701355554221,821,0.04031
SKLUSDT,SELL,LIMIT,1701355558345,1066,0.04031
SKLUSDT,SELL,LIMIT,1701355665275,4682,0.04028
SKLUSDT,SELL,LIMIT,1701355666505,5945,0.04027
SKLUSDT,SELL,LIMIT,1701375929782,4515,0.04072
SKLUSDT,SELL,LIMIT,1701388900328,137,0.04167
SKLUSDT,BUY,LIMIT,1701393174978,189,0.04369
SKLUSDT,BUY,LIMIT,1701393443118,8510,0.04386
SKLUSDT,SELL,LIMIT,1701393520520,984,0.04235
SKLUSDT,BUY,LIMIT,1701393605132,132,0.04404
SKLUSDT,BUY,LIMIT,1701393683615,99493,0.04420
SKLUSDT,BUY,LIMIT,1701393880287,70304,0.04425
SKLUSDT,BUY,LIMIT,1701393882464,1381,0.04426
SKLUSDT,BUY,LIMIT,1701396098577,6390,0.04442
SKLUSDT,BUY,LIMIT,1701399306152,384,0.04449
SKLUSDT,BUY,LIMIT,1701399547117,316,0.04461
SKLUSDT,BUY,LIMIT,1701399548168,656,0.04460
SKLUSDT,BUY,LIMIT,1701405515309,129,0.04451
SKLUSDT,SELL,LIMIT,1701438865607,3449,0.04199
SKLUSDT,SELL,LIMIT,1701441608113,19557,0.04212
SKLUSDT,SELL,LIMIT,1701441622055,5214,0.04201
SKLUSDT,BUY,LIMIT,1701441839377,244,0.04355
SKLUSDT,SELL,LIMIT,1701442037009,800,0.04182
SKLUSDT,SELL,LIMIT,1701442216807,2593,0.04170
SKLUSDT,SELL,LIMIT,1701442237057,66,0.04165
SKLUSDT,SELL,LIMIT,1701447548544,12678,0.04243
SKLUSDT,BUY,LIMIT,1701448474807,2320,0.04418
SKLUSDT,BUY,LIMIT,1701451694902,1578,0.04407
SKLUSDT,BUY,LIMIT,1701453795487,5363,0.04404
SKLUSDT,BUY,LIMIT,1701460024635,2320,0.04417
SKLUSDT,BUY,LIMIT,1701460029367,5588,0.04417
SKLUSDT,BUY,LIMIT,1701460031295,288,0.04417
SKLUSDT,BUY,LIMIT,1701460032490,186,0.04417
SKLUSDT,BUY,LIMIT,1701460034805,4641,0.04417
SKLUSDT,BUY,LIMIT,1701460035885,784,0.04417
SKLUSDT,BUY,LIMIT,1701475472186,582,0.04372
SKLUSDT,BUY,LIMIT,1701479836599,2521,0.04381
SKLUSDT,BUY,LIMIT,1701479845273,739,0.04413
SKLUSDT,BUY,LIMIT,1701480751282,2296,0.04470
SKLUSDT,BUY,LIMIT,1701480756381,2320,0.04471
SKLUSDT,BUY,LIMIT,1701480879098,34095,0.04490
SKLUSDT,SELL,LIMIT,1701483022907,16451,0.04245
SKLUSDT,BUY,LIMIT,1701485610185,4470,0.04429
SKLUSDT,BUY,LIMIT,1701485669008,1382,0.04432
SKLUSDT,BUY,LIMIT,1701485991142,326,0.04422
SKLUSDT,BUY,LIMIT,1701485992682,311,0.04422
SKLUSDT,BUY,LIMIT,1701485993776,46414,0.04422
SKLUSDT,BUY,LIMIT,1701485995057,544,0.04422
SKLUSDT,BUY,LIMIT,1701485997187,118,0.04422
SKLUSDT,BUY,LIMIT,1701485998463,280,0.04422
SKLUSDT,BUY,LIMIT,1701486002223,4,0.04423
SKLUSDT,BUY,LIMIT,1701486003615,745,0.04425
SKLUSDT,SELL,LIMIT,1701486007059,83214,0.04252
SKLUSDT,BUY,LIMIT,1701508542060,1117,0.04421
