Symbol,Side,Order Type,Time,Quantity,Price
SKLUSDT,SELL,LIMIT,1700996328057,466,0.04657
SKLUSDT,SELL,LIMIT,1700999455065,4859,0.04610
SKLUSDT,SELL,LIMIT,1701000733734,2025,0.04598
SKLUSDT,SELL,LIMIT,1701001501764,189,0.04951
SKLUSDT,SELL,LIMIT,1701001514309,57845,0.04589
SKLUSDT,SELL,LIMIT,1701003771259,194,0.04663
SKLUSDT,BUY,LIMIT,1701006335502,305,0.04806
SKLUSDT,SELL,LIMIT,1701006920079,192,0.04665
SKLUSDT,SELL,LIMIT,1701008183333,4542,0.04613
SKLUSDT,SELL,LIMIT,1701008319106,2151,0.04610
SKLUSDT,SELL,LIMIT,1701008320608,29,0.04635
SKLUSDT,SELL,LIMIT,1701009228617,2943,0.04580
SKLUSDT,SELL,LIMIT,1701009261563,93283,0.04570
SKLUSDT,SELL,LIMIT,1701009280948,1122,0.04569
SKLUSDT,SELL,LIMIT,1701009285244,405,0.04567
SKLUSDT,SELL,LIMIT,1701010377935,5971,0.04581
SKLUSDT,SELL,LIMIT,1701010572061,1348,0.04570
SKLUSDT,SELL,LIMIT,1701013461363,104200,0.04559
SKLUSDT,SELL,LIMIT,1701013463129,1073,0.04549
SKLUSDT,SELL,LIMIT,1701013464217,17745,0.04554
SKLUSDT,SELL,LIMIT,1701013492111,23547,0.04540
SKLUSDT,SELL,LIMIT,1701013493361,418,0.04541
SKLUSDT,SELL,LIMIT,1701013495135,9982,0.04538
SKLUSDT,SELL,LIMIT,1701013530141,741,0.04538
SKLUSDT,SELL,LIMIT,1701013531450,1464,0.04538
SKLUSDT,SELL,LIMIT,1701013532837,12268,0.04537
SKLUSDT,SELL,LIMIT,1701013534212,921,0.04536
SKLUSDT,SELL,LIMIT,1701013536033,77579,0.04532
SKLUSDT,SELL,LIMIT,1701013537191,16511,0.04533
SKLUSDT,SELL,LIMIT,1701013627222,425,0.04531
SKLUSDT,SELL,LIMIT,1701013631105,2000,0.04530
SKLUSDT,SELL,LIMIT,1701013685933,10720,0.04528
SKLUSDT,SELL,LIMIT,1701013688454,312,0.04527
SKLUSDT,SELL,LIMIT,1701013689877,104425,0.04524
SKLUSDT,SELL,LIMIT,1701013691052,11235,0.04522
SKLUSDT,SELL,LIMIT,1701013692476,480327,0.04504
SKLUSDT,SELL,LIMIT,1701013694503,5337,0.04521
SKLUSDT,SELL,LIMIT,1701013701552,1237,0.04520
SKLUSDT,SELL,LIMIT,1701013719673,20326,0.04516
SKLUSDT,SELL,LIMIT,1701013720798,2181,0.04516
SKLUSDT,SELL,LIMIT,1701013722506,60,0.04512
SKLUSDT,SELL,LIMIT,1701013725164,41088,0.04510
SKLUSDT,SELL,LIMIT,1701013726557,132,0.04511
SKLUSDT,SELL,LIMIT,1701013727582,320,0.04508
SKLUSDT,SELL,LIMIT,1701013729627,359,0.04507
SKLUSDT,SELL,LIMIT,1701013736164,621,0.04507
SKLUSDT,SELL,LIMIT,1701013749040,36770,0.04504
SKLUSDT,SELL,LIMIT,1701013750312,104489,0.04504
SKLUSDT,SELL,LIMIT,1701013751471,3000,0.04503
SKLUSDT,SELL,LIMIT,1701013754332,35595,0.04503
SKLUSDT,SELL,LIMIT,1701013772476,1696,0.04502
SKLUSDT,SELL,LIMIT,1701013775542,6643,0.04501
SKLUSDT,SELL,LIMIT,1701013796316,622,0.04500
SKLUSDT,SELL,LIMIT,1701013803519,217474,0.04488
SKLUSDT,SELL,LIMIT,1701013805768,5931,0.04500
SKLUSDT,SELL,LIMIT,1701013807078,17049,0.04497
SKLUSDT,SELL,LIMIT,1701013808220,443,0.04495
SKLUSDT,SELL,LIMIT,1701013812531,6103,0.04492
SKLUSDT,SELL,LIMIT,1701013815361,4656,0.04491
SKLUSDT,SELL,LIMIT,1701013830329,33542,0.04489
SKLUSDT,SELL,LIMIT,1701013969831,3732,0.04488
SKLUSDT,SELL,LIMIT,1701013973214,5668,0.04485
SKLUSDT,SELL,LIMIT,1701013974377,1,0.04488
SKLUSDT,SELL,LIMIT,1701013975574,1893,0.04481
SKLUSDT,SELL,LIMIT,1701013977705,59,0.04481
SKLUSDT,SELL,LIMIT,1701013979108,6059,0.04478
SKLUSDT,SELL,LIMIT,1701013981104,997,0.04477
SKLUSDT,SELL,LIMIT,1701013991241,30639,0.04476
SKLUSDT,SELL,LIMIT,1701013992319,5000,0.04474
SKLUSDT,SELL,LIMIT,1701014028381,10434,0.04480
SKLUSDT,SELL,LIMIT,1701014037369,16933,0.04482
SKLUSDT,SELL,LIMIT,1701014038505,12224,0.04478
SKLUSDT,SELL,LIMIT,1701014042572,19987,0.04475
SKLUSDT,SELL,LIMIT,1701014410090,3287,0.04523
SKLUSDT,SELL,LIMIT,1701014934019,800,0.04544
SKLUSDT,SELL,LIMIT,1701014936841,73187,0.04505
SKLUSDT,SELL,LIMIT,1701015166272,16071,0.04476
SKLUSDT,SELL,LIMIT,1701015245810,16230,0.04472
SKLUSDT,SELL,LIMIT,1701015255326,1239,0.04470
SKLUSDT,SELL,LIMIT,1701015258245,2127,0.04469
SKLUSDT,SELL,LIMIT,1701015259390,13920,0.04469
SKLUSDT,SELL,LIMIT,1701015271277,9813,0.04467
SKLUSDT,SELL,LIMIT,1701015273008,1385,0.04465
SKLUSDT,SELL,LIMIT,1701015482996,82901,0.04464
SKLUSDT,SELL,LIMIT,1701015502850,220,0.04464
SKLUSDT,SELL,LIMIT,1701015508262,630,0.04463
SKLUSDT,SELL,LIMIT,1701015512459,2021,0.04463
SKLUSDT,SELL,LIMIT,1701015514810,4659,0.04459
SKLUSDT,SELL,LIMIT,1701015515990,1011,0.04455
SKLUSDT,SELL,LIMIT,1701015519274,5003,0.04452
SKLUSDT,SELL,LIMIT,1701015523498,284,0.04451
SKLUSDT,SELL,LIMIT,1701015525083,578,0.04449
SKLUSDT,SELL,LIMIT,1701015527987,19533,0.04449
SKLUSDT,SELL,LIMIT,1701015529585,1391,0.04448
SKLUSDT,SELL,LIMIT,1701015534194,4172,0.04447
SKLUSDT,SELL,LIMIT,1701015540065,80441,0.04446
SKLUSDT,SELL,LIMIT,1701015541173,18308,0.04445
SKLUSDT,SELL,LIMIT,1701015542182,67817,0.04446
SKLUSDT,SELL,LIMIT,1701015644054,306,0.04453
SKLUSDT,SELL,LIMIT,1701015647162,1567,0.04459
SKLUSDT,SELL,LIMIT,1701015650147,33333,0.04454
SKLUSDT,SELL,LIMIT,1701015673227,2940,0.04446
SKLUSDT,SELL,LIMIT,1701015681062,44765,0.04444
SKLUSDT,SELL,LIMIT,1701015684509,24766,0.04441
SKLUSDT,SELL,LIMIT,1701015686017,29664,0.04441
SKLUSDT,SELL,LIMIT,1701015686777,99262,0.04439
SKLUSDT,SELL,LIMIT,1701015722575,10352,0.04440
SKLUSDT,SELL,LIMIT,1701015724465,12966,0.04440
SKLUSDT,SELL,LIMIT,1701015725614,84560,0.04439
SKLUSDT,SELL,LIMIT,1701015729420,555,0.04439
SKLUSDT,SELL,LIMIT,1701015732263,8770,0.04437
SKLUSDT,SELL,LIMIT,1701015733284,262,0.04435
SKLUSDT,SELL,LIMIT,1701015747296,10137,0.04433
SKLUSDT,SELL,LIMIT,1701015764188,50975,0.04430
SKLUSDT,SELL,LIMIT,1701015869203,3727,0.04431
SKLUSDT,SELL,LIMIT,1701015873110,51589,0.04424
SKLUSDT,SELL,LIMIT,1701015999225,5000,0.04438
SKLUSDT,SELL,LIMIT,1701016028481,1029,0.04420
SKLUSDT,SELL,LIMIT,1701016032058,15155,0.04419
SKLUSDT,SELL,LIMIT,1701016032970,899,0.04418
SKLUSDT,SELL,LIMIT,1701016034045,27398,0.04418
SKLUSDT,SELL,LIMIT,1701016035179,102468,0.04415
SKLUSDT,SELL,LIMIT,1701016036448,111,0.04416
SKLUSDT,SELL,LIMIT,1701016037661,247,0.04416
SKLUSDT,SELL,LIMIT,1701016040535,4434,0.04424
SKLUSDT,SELL,LIMIT,1701016042348,2535,0.04414
SKLUSDT,SELL,LIMIT,1701016044798,77858,0.04415
SKLUSDT,SELL,LIMIT,1701016045676,3311,0.04411
SKLUSDT,BUY,LIMIT,1701016047252,3068,0.04585
SKLUSDT,SELL,LIMIT,1701016048098,94377,0.04401
SKLUSDT,SELL,LIMIT,1701016049129,1071,0.04399
SKLUSDT,SELL,LIMIT,1701016050164,113,0.04401
SKLUSDT,SELL,LIMIT,1701016051115,371,0.04392
SKLUSDT,SELL,LIMIT,1701016052217,2924,0.04387
SKLUSDT,SELL,LIMIT,1701016053302,5572,0.04388
SKLUSDT,SELL,LIMIT,1701016067569,34681,0.04399
SKLUSDT,SELL,LIMIT,1701016078126,10391,0.04386
SKLUSDT,SELL,LIMIT,1701016084109,762,0.04383
SKLUSDT,SELL,LIMIT,1701016085205,990,0.04383
SKLUSDT,SELL,LIMIT,1701016087058,2671,0.04378
SKLUSDT,SELL,LIMIT,1701016088163,3432,0.04376
SKLUSDT,SELL,LIMIT,1701016090453,120068,0.04373
SKLUSDT,SELL,LIMIT,1701016095634,4481,0.04372
SKLUSDT,SELL,LIMIT,1701016098214,8313,0.04368
SKLUSDT,SELL,LIMIT,1701016099191,2826,0.04366
SKLUSDT,SELL,LIMIT,1701016100330,845,0.04366
SKLUSDT,SELL,LIMIT,1701016101220,106536,0.04364
SKLUSDT,SELL,LIMIT,1701016102144,18843,0.04362
SKLUSDT,SELL,LIMIT,1701016103107,11123,0.04358
SKLUSDT,SELL,LIMIT,1701016103931,43568,0.04357
SKLUSDT,SELL,LIMIT,1701016439060,2925,0.04410
SKLUSDT,BUY,LIMIT,1701016881609,800,0.04599
SKLUSDT,SELL,LIMIT,1701022552320,4829,0.04452
SKLUSDT,SELL,LIMIT,1701027461322,18421,0.04461
SKLUSDT,SELL,LIMIT,1701027687478,13087,0.04446
SKLUSDT,BUY,LIMIT,1701036191154,15306,0.04684
SKLUSDT,BUY,LIMIT,1701037353850,1534,0.04713
SKLUSDT,BUY,LIMIT,1701037385860,3373,0.04716
SKLUSDT,BUY,LIMIT,1701037421193,2264,0.04717
SKLUSDT,BUY,LIMIT,1701037844934,20468,0.04724
SKLUSDT,BUY,LIMIT,1701045721065,5857,0.04727
SKLUSDT,BUY,LIMIT,1701046395262,1410,0.04684
SKLUSDT,BUY,LIMIT,1701051911583,181,0.04731
SKLUSDT,BUY,LIMIT,1701051914258,477,0.04736
SKLUSDT,BUY,LIMIT,1701051917592,523,0.04745
SKLUSDT,BUY,LIMIT,1701053120496,286,0.04688
SKLUSDT,SELL,LIMIT,1701054447592,19028,0.04498
SKLUSDT,SELL,LIMIT,1701056008345,100,0.04466
SKLUSDT,SELL,LIMIT,1701056041157,54953,0.04466
SKLUSDT,SELL,LIMIT,1701056155376,358,0.04446
SKLUSDT,BUY,LIMIT,1701059739419,1160,0.04761
SKLUSDT,BUY,LIMIT,1701059774593,6093,0.04775
SKLUSDT,SELL,LIMIT,1701063658215,16874,0.04508
