Symbol,Side,Order Type,Time,Quantity,Price
SLPUSDT,SELL,LIMIT,1701919053620,61571,0.0028539
SLPUSDT,BUY,LIMIT,1701922068908,104576,0.0030336
SLPUSDT,BUY,LIMIT,1701922112578,81255,0.0030370
SLPUSDT,BUY,LIMIT,1701923341215,4138,0.0030559
SLPUSDT,BUY,LIMIT,1701923343422,33675,0.0030594
SLPUSDT,BUY,LIMIT,1701923373291,105443,0.0030809
SLPUSDT,BUY,LIMIT,1701924282199,16863,0.0031003
SLPUSDT,BUY,LIMIT,1701924696634,17768,0.0031358
SLPUSDT,BUY,LIMIT,1701924723479,209055,0.0031466
SLPUSDT,BUY,LIMIT,1701924728825,67026,0.0031495
SLPUSDT,BUY,LIMIT,1701924762435,37455,0.0031553
SLPUSDT,BUY,LIMIT,1701924765885,154533,0.0031556
SLPUSDT,BUY,LIMIT,1701924775147,2937,0.0031618
SLPUSDT,BUY,LIMIT,1701924776224,13369,0.0031637
SLPUSDT,BUY,LIMIT,1701924788523,63481,0.0031654
SLPUSDT,BUY,LIMIT,1701924833193,549570,0.0031691
SLPUSDT,BUY,LIMIT,1701924836386,6490,0.0031738
SLPUSDT,BUY,LIMIT,1701924839207,519210,0.0031778
SLPUSDT,BUY,LIMIT,1701924855073,62235,0.0031849
SLPUSDT,BUY,LIMIT,1701924857273,15214,0.0031852
SLPUSDT,BUY,LIMIT,1701924859722,30953,0.0031877
SLPUSDT,SELL,LIMIT,1701924911389,3496,0.0030640
SLPUSDT,SELL,LIMIT,1701925209538,1345319,0.0030369
SLPUSDT,SELL,LIMIT,1701925215313,1141208,0.0030277
SLPUSDT,SELL,LIMIT,1701925567628,373260,0.0030164
SLPUSDT,SELL,LIMIT,1701925766974,672321,0.0029926
SLPUSDT,SELL,LIMIT,1701925787120,1005769,0.0029907
SLPUSDT,SELL,LIMIT,1701926220695,25014,0.0029726
SLPUSDT,SELL,LIMIT,1701926750299,230438,0.0029643
SLPUSDT,SELL,LIMIT,1701926755763,305324,0.0029629
SLPUSDT,SELL,LIMIT,1701926919970,33202,0.0029617
SLPUSDT,SELL,LIMIT,1701927140483,6702,0.0029595
SLPUSDT,SELL,LIMIT,1701927528593,39001,0.0029550
SLPUSDT,BUY,LIMIT,1701928935874,41146,0.0030870
SLPUSDT,BUY,LIMIT,1701929319964,32938,0.0031936
SLPUSDT,BUY,LIMIT,1701929339909,4741421,0.0032250
SLPUSDT,BUY,LIMIT,1701929341234,3408,0.0032123
SLPUSDT,BUY,LIMIT,1701929361536,183570,0.0032221
SLPUSDT,BUY,LIMIT,1701929367666,67913,0.0032287
SLPUSDT,BUY,LIMIT,1701929371046,267382,0.0032374
SLPUSDT,BUY,LIMIT,1701929461562,9822,0.0032551
SLPUSDT,BUY,LIMIT,1701929463796,1067926,0.0032596
SLPUSDT,SELL,LIMIT,1701929546319,40731,0.0031270
SLPUSDT,BUY,LIMIT,1701929686747,9407,0.0032298
SLPUSDT,BUY,LIMIT,1701929749294,96100,0.0032652
SLPUSDT,BUY,LIMIT,1701929766463,15955,0.0032796
SLPUSDT,BUY,LIMIT,1701929785160,55589,0.0032860
SLPUSDT,BUY,LIMIT,1701929797085,131580,0.0032878
SLPUSDT,BUY,LIMIT,1701929820708,258337,0.0032969
SLPUSDT,BUY,LIMIT,1701929821839,5198,0.0033004
SLPUSDT,BUY,LIMIT,1701929823862,134611,0.0033026
SLPUSDT,BUY,LIMIT,1701929832928,26543,0.0032962
SLPUSDT,BUY,LIMIT,1701929835732,80126,0.0033091
SLPUSDT,BUY,LIMIT,1701929837950,531201,0.0033126
SLPUSDT,BUY,LIMIT,1701929841230,34283,0.0033203
SLPUSDT,BUY,LIMIT,1701929847275,5752,0.0033288
SLPUSDT,BUY,LIMIT,1701929848382,20191,0.0033303
SLPUSDT,BUY,LIMIT,1701929853078,305543,0.0033361
SLPUSDT,BUY,LIMIT,1701929854131,71409,0.0033404
SLPUSDT,BUY,LIMIT,1701929855395,562410,0.0033765
SLPUSDT,BUY,LIMIT,1701929857823,14919,0.0033893
SLPUSDT,BUY,LIMIT,1701929862043,136345,0.0033969
SLPUSDT,BUY,LIMIT,1701929863890,3569608,0.0034177
SLPUSDT,BUY,LIMIT,1701929869640,53393,0.0034191
SLPUSDT,SELL,LIMIT,1701929887229,1609,0.0032808
SLPUSDT,BUY,LIMIT,1701929914011,500000,0.0034300
SLPUSDT,BUY,LIMIT,1701929915632,671,0.0034323
SLPUSDT,BUY,LIMIT,1701929920118,526283,0.0034526
SLPUSDT,BUY,LIMIT,1701929924526,51650,0.0034660
SLPUSDT,BUY,LIMIT,1701929950132,170106,0.0035027
SLPUSDT,BUY,LIMIT,1701929952111,87723,0.0035030
SLPUSDT,SELL,LIMIT,1701929957570,724695,0.0033762
SLPUSDT,SELL,LIMIT,1701929959131,77649,0.0033736
SLPUSDT,SELL,LIMIT,1701929960366,5771,0.0033593
SLPUSDT,BUY,LIMIT,1701929979975,12214,0.0034841
SLPUSDT,BUY,LIMIT,1701929987689,20000,0.0034940
SLPUSDT,SELL,LIMIT,1701930007253,202716,0.0033454
SLPUSDT,SELL,LIMIT,1701930008598,45916,0.0033386
SLPUSDT,BUY,LIMIT,1701930036764,26005,0.0034816
SLPUSDT,SELL,LIMIT,1701930068467,364037,0.0033604
SLPUSDT,BUY,LIMIT,1701930114069,58742,0.0035072
SLPUSDT,BUY,LIMIT,1701930115391,7404,0.0035086
SLPUSDT,BUY,LIMIT,1701930117220,93338,0.0035200
SLPUSDT,BUY,LIMIT,1701930118365,187738,0.0035193
SLPUSDT,SELL,LIMIT,1701930128913,49300,0.0033807
SLPUSDT,BUY,LIMIT,1701930132792,12693,0.0035356
SLPUSDT,BUY,LIMIT,1701930137646,9929,0.0035401
SLPUSDT,BUY,LIMIT,1701930139564,208241,0.0035430
SLPUSDT,BUY,LIMIT,1701930141339,118,0.0035446
SLPUSDT,BUY,LIMIT,1701930143467,619121,0.0035477
SLPUSDT,BUY,LIMIT,1701930145538,99418,0.0035665
SLPUSDT,BUY,LIMIT,1701930147209,307730,0.0035817
SLPUSDT,BUY,LIMIT,1701930148811,29831,0.0035829
SLPUSDT,BUY,LIMIT,1701930157324,178275,0.0035862
SLPUSDT,BUY,LIMIT,1701930199152,71265,0.0035815
SLPUSDT,BUY,LIMIT,1701930200307,99580,0.0035941
SLPUSDT,BUY,LIMIT,1701930203386,60950,0.0036018
SLPUSDT,BUY,LIMIT,1701930204551,101076,0.0036103
SLPUSDT,BUY,LIMIT,1701930205850,70640,0.0036327
SLPUSDT,BUY,LIMIT,1701930210326,200700,0.0036468
SLPUSDT,BUY,LIMIT,1701930212446,316678,0.0036540
SLPUSDT,BUY,LIMIT,1701930213487,5252971,0.0036765
SLPUSDT,BUY,LIMIT,1701930214509,27081,0.0036702
SLPUSDT,BUY,LIMIT,1701930215528,263025,0.0036888
SLPUSDT,BUY,LIMIT,1701930217980,9340,0.0036828
SLPUSDT,BUY,LIMIT,1701930221079,20901,0.0036982
SLPUSDT,BUY,LIMIT,1701930222179,85445,0.0036991
SLPUSDT,SELL,LIMIT,1701930248292,3952,0.0035549
SLPUSDT,SELL,LIMIT,1701930249375,273687,0.0035497
SLPUSDT,BUY,LIMIT,1701930260038,259400,0.0036675
SLPUSDT,SELL,LIMIT,1701930274553,383386,0.0035424
SLPUSDT,SELL,LIMIT,1701930276109,206663,0.0035111
SLPUSDT,SELL,LIMIT,1701930310004,1000000,0.0035204
SLPUSDT,BUY,LIMIT,1701930343839,101062,0.0036610
SLPUSDT,BUY,LIMIT,1701930344863,18271,0.0036863
SLPUSDT,SELL,LIMIT,1701930381182,746999,0.0035615
SLPUSDT,SELL,LIMIT,1701930383179,1153319,0.0035515
SLPUSDT,SELL,LIMIT,1701930384214,17597,0.0035436
SLPUSDT,SELL,LIMIT,1701930387263,8244,0.0035257
SLPUSDT,SELL,LIMIT,1701930393204,4159,0.0035171
SLPUSDT,SELL,LIMIT,1701930413801,157475,0.0035148
SLPUSDT,SELL,LIMIT,1701930458404,2481,0.0035276
SLPUSDT,BUY,LIMIT,1701930490330,789704,0.0036398
SLPUSDT,BUY,LIMIT,1701930491707,10462,0.0036454
SLPUSDT,BUY,LIMIT,1701930595142,8911,0.0036784
SLPUSDT,BUY,LIMIT,1701930596432,219199,0.0036828
SLPUSDT,SELL,LIMIT,1701930624349,55697,0.0035638
SLPUSDT,SELL,LIMIT,1701930626782,16290,0.0035556
SLPUSDT,SELL,LIMIT,1701930644919,351418,0.0035308
SLPUSDT,BUY,LIMIT,1701930672624,48855,0.0036528
SLPUSDT,BUY,LIMIT,1701930674100,69607,0.0036590
SLPUSDT,BUY,LIMIT,1701930777455,10000,0.0036604
SLPUSDT,BUY,LIMIT,1701930779254,207929,0.0036763
SLPUSDT,BUY,LIMIT,1701930780298,235223,0.0036814
SLPUSDT,BUY,LIMIT,1701930781565,342295,0.0036892
SLPUSDT,BUY,LIMIT,1701930782594,2198,0.0037007
SLPUSDT,BUY,LIMIT,1701930784249,5575,0.0037028
SLPUSDT,BUY,LIMIT,1701930786052,112197,0.0037109
SLPUSDT,BUY,LIMIT,1701930787128,72211,0.0037296
SLPUSDT,BUY,LIMIT,1701930788160,1973399,0.0037588
SLPUSDT,BUY,LIMIT,1701930789198,1968223,0.0037482
SLPUSDT,BUY,LIMIT,1701930794135,194863,0.0037608
SLPUSDT,BUY,LIMIT,1701930795434,1398992,0.0037526
SLPUSDT,BUY,LIMIT,1701930796671,121090,0.0037578
SLPUSDT,BUY,LIMIT,1701930798176,13506,0.0037753
SLPUSDT,BUY,LIMIT,1701930799317,43896,0.0037742
SLPUSDT,BUY,LIMIT,1701930839016,455563,0.0037789
SLPUSDT,BUY,LIMIT,1701930840675,62282,0.0037795
SLPUSDT,BUY,LIMIT,1701930843076,292620,0.0037825
SLPUSDT,BUY,LIMIT,1701930844188,56012,0.0037841
SLPUSDT,BUY,LIMIT,1701930853885,151060,0.0037877
SLPUSDT,BUY,LIMIT,1701930854890,4602,0.0037962
SLPUSDT,BUY,LIMIT,1701930855895,105164,0.0038115
SLPUSDT,BUY,LIMIT,1701930857434,108011,0.0038135
SLPUSDT,SELL,LIMIT,1701930879340,227549,0.0036780
SLPUSDT,SELL,LIMIT,1701930883096,6747,0.0036692
SLPUSDT,SELL,LIMIT,1701930909356,7741,0.0036465
SLPUSDT,BUY,LIMIT,1701930919780,7889,0.0037802
SLPUSDT,BUY,LIMIT,1701930920804,13233,0.0037853
SLPUSDT,BUY,LIMIT,1701930936799,8164,0.0037533
SLPUSDT,BUY,LIMIT,1701930950755,103637,0.0037899
SLPUSDT,BUY,LIMIT,1701930952052,174428,0.0037945
SLPUSDT,BUY,LIMIT,1701930989040,1314025,0.0038028
SLPUSDT,BUY,LIMIT,1701930990053,70160,0.0038249
SLPUSDT,BUY,LIMIT,1701930991057,262278,0.0038253
SLPUSDT,BUY,LIMIT,1701930992205,26939,0.0038306
SLPUSDT,BUY,LIMIT,1701930993795,716703,0.0038307
SLPUSDT,BUY,LIMIT,1701931010120,62201,0.0038347
SLPUSDT,BUY,LIMIT,1701931011138,1339046,0.0038441
SLPUSDT,BUY,LIMIT,1701931012368,6875,0.0038393
SLPUSDT,BUY,LIMIT,1701931013880,37951,0.0038487
SLPUSDT,BUY,LIMIT,1701931015684,57479,0.0038483
SLPUSDT,BUY,LIMIT,1701931018123,221474,0.0038531
SLPUSDT,BUY,LIMIT,1701931020608,517407,0.0038527
SLPUSDT,BUY,LIMIT,1701931024434,310349,0.0038579
SLPUSDT,SELL,LIMIT,1701931030149,131825,0.0037165
SLPUSDT,SELL,LIMIT,1701931044251,28838,0.0037103
SLPUSDT,SELL,LIMIT,1701931046275,39640,0.0037074
SLPUSDT,SELL,LIMIT,1701931077467,60244,0.0036879
SLPUSDT,SELL,LIMIT,1701931083683,626222,0.0036791
SLPUSDT,SELL,LIMIT,1701931086031,416759,0.0036759
SLPUSDT,BUY,LIMIT,1701931091026,411878,0.0038056
SLPUSDT,BUY,LIMIT,1701931092420,3784,0.0038127
SLPUSDT,SELL,LIMIT,1701931107774,4643,0.0036745
SLPUSDT,SELL,LIMIT,1701931126223,1279345,0.0036626
SLPUSDT,SELL,LIMIT,1701931128065,13440,0.0036465
SLPUSDT,BUY,LIMIT,1701931137066,94953,0.0037684
SLPUSDT,BUY,LIMIT,1701931138835,127529,0.0037697
SLPUSDT,SELL,LIMIT,1701931144582,2414,0.0036386
SLPUSDT,SELL,LIMIT,1701931146122,11970,0.0036356
SLPUSDT,SELL,LIMIT,1701931147312,55555,0.0036315
SLPUSDT,SELL,LIMIT,1701931149136,58293,0.0036156
SLPUSDT,SELL,LIMIT,1701931150614,157635,0.0036112
SLPUSDT,SELL,LIMIT,1701931199284,1337926,0.0036140
SLPUSDT,BUY,LIMIT,1701931249366,92892,0.0037415
SLPUSDT,BUY,LIMIT,1701931259552,46948,0.0037572
SLPUSDT,BUY,LIMIT,1701931333596,34276,0.0037832
SLPUSDT,BUY,LIMIT,1701931337311,426667,0.0037863
SLPUSDT,BUY,LIMIT,1701931338673,87696,0.0037970
SLPUSDT,SELL,LIMIT,1701931364987,153418,0.0036649
SLPUSDT,SELL,LIMIT,1701931366012,237855,0.0036593
SLPUSDT,SELL,LIMIT,1701931481775,60609,0.0036387
SLPUSDT,SELL,LIMIT,1701931487836,50444,0.0036328
SLPUSDT,SELL,LIMIT,1701931490468,3873,0.0036288
SLPUSDT,SELL,LIMIT,1701931536682,99472,0.0036151
SLPUSDT,SELL,LIMIT,1701931550667,16585,0.0036130
SLPUSDT,SELL,LIMIT,1701931555126,9973,0.0036024
SLPUSDT,SELL,LIMIT,1701931556216,1359374,0.0036102
SLPUSDT,SELL,LIMIT,1701931557331,217518,0.0035854
SLPUSDT,SELL,LIMIT,1701931569360,2559,0.0035777
SLPUSDT,BUY,LIMIT,1701931605425,18750,0.0037207
SLPUSDT,BUY,LIMIT,1701931608196,150732,0.0037239
SLPUSDT,BUY,LIMIT,1701931611537,117982,0.0037311
SLPUSDT,BUY,LIMIT,1701931654832,177454,0.0037498
SLPUSDT,BUY,LIMIT,1701931665421,4729,0.0037604
SLPUSDT,BUY,LIMIT,1701931714794,18161,0.0037619
SLPUSDT,BUY,LIMIT,1701931720528,23678,0.0037705
SLPUSDT,BUY,LIMIT,1701931730221,177271,0.0037731
SLPUSDT,BUY,LIMIT,1701931736320,630995,0.0037926
SLPUSDT,SELL,LIMIT,1701931752393,1337255,0.0036573
SLPUSDT,SELL,LIMIT,1701931755260,11480,0.0036458
SLPUSDT,SELL,LIMIT,1701931760035,3642,0.0036427
SLPUSDT,SELL,LIMIT,1701931762112,470773,0.0036318
SLPUSDT,BUY,LIMIT,1701931779236,17277,0.0037594
SLPUSDT,SELL,LIMIT,1701931816299,268744,0.0036205
SLPUSDT,SELL,LIMIT,1701931818139,37746,0.0036169
SLPUSDT,SELL,LIMIT,1701931925307,194918,0.0036230
SLPUSDT,BUY,LIMIT,1701931957053,406249,0.0037492
SLPUSDT,BUY,LIMIT,1701931959187,3620,0.0037504
SLPUSDT,BUY,LIMIT,1701931966571,13542,0.0037659
SLPUSDT,SELL,LIMIT,1701932002192,721887,0.0036375
SLPUSDT,SELL,LIMIT,1701932047254,989855,0.0036141
SLPUSDT,SELL,LIMIT,1701932048262,20745,0.0036133
SLPUSDT,SELL,LIMIT,1701932049432,1359434,0.0036053
SLPUSDT,SELL,LIMIT,1701932058071,40198,0.0036016
SLPUSDT,SELL,LIMIT,1701932059100,16750,0.0035856
SLPUSDT,BUY,LIMIT,1701932097758,176726,0.0037234
SLPUSDT,BUY,LIMIT,1701932191022,27412,0.0037355
SLPUSDT,SELL,LIMIT,1701932230944,2539,0.0036090
SLPUSDT,SELL,LIMIT,1701932278246,5498,0.0036063
SLPUSDT,SELL,LIMIT,1701932285279,48275,0.0036061
SLPUSDT,SELL,LIMIT,1701932309934,162817,0.0035917
SLPUSDT,SELL,LIMIT,1701932331038,45473,0.0035751
SLPUSDT,SELL,LIMIT,1701932332040,42712,0.0035751
SLPUSDT,SELL,LIMIT,1701932333116,15589,0.0035741
SLPUSDT,SELL,LIMIT,1701932336054,1541,0.0035545
SLPUSDT,SELL,LIMIT,1701932382675,41166,0.0035589
SLPUSDT,SELL,LIMIT,1701932415158,26796,0.0035472
SLPUSDT,SELL,LIMIT,1701932416172,623041,0.0035495
SLPUSDT,SELL,LIMIT,1701932484328,161518,0.0035337
SLPUSDT,SELL,LIMIT,1701932487382,104498,0.0035309
SLPUSDT,BUY,LIMIT,1701932534308,210588,0.0036630
SLPUSDT,BUY,LIMIT,1701932536137,48250,0.0036664
SLPUSDT,SELL,LIMIT,1701932586331,45913,0.0035385
SLPUSDT,SELL,LIMIT,1701932631696,300000,0.0035287
SLPUSDT,SELL,LIMIT,1701932633037,111044,0.0035235
SLPUSDT,SELL,LIMIT,1701932634157,37857,0.0035254
SLPUSDT,SELL,LIMIT,1701932635786,424760,0.0035205
SLPUSDT,SELL,LIMIT,1701932636830,161904,0.0035200
SLPUSDT,SELL,LIMIT,1701932640222,73347,0.0035108
SLPUSDT,SELL,LIMIT,1701932641322,1600000,0.0035042
SLPUSDT,SELL,LIMIT,1701932654042,37747,0.0034997
SLPUSDT,SELL,LIMIT,1701932655378,15832,0.0034904
SLPUSDT,SELL,LIMIT,1701932666581,3978,0.0034916
SLPUSDT,SELL,LIMIT,1701932668406,81146,0.0034887
SLPUSDT,SELL,LIMIT,1701932670882,1660,0.0034875
SLPUSDT,SELL,LIMIT,1701932672332,138906,0.0034769
SLPUSDT,SELL,LIMIT,1701932673384,489822,0.0034823
SLPUSDT,SELL,LIMIT,1701932677080,315153,0.0034731
SLPUSDT,SELL,LIMIT,1701932678322,593212,0.0034695
SLPUSDT,SELL,LIMIT,1701932680313,75205,0.0034670
SLPUSDT,SELL,LIMIT,1701932681355,115028,0.0034639
SLPUSDT,SELL,LIMIT,1701932682487,296953,0.0034478
SLPUSDT,SELL,LIMIT,1701932683799,19723,0.0034409
SLPUSDT,SELL,LIMIT,1701932684881,58149,0.0034405
SLPUSDT,SELL,LIMIT,1701932689317,80176,0.0034395
SLPUSDT,SELL,LIMIT,1701932690763,48160,0.0034355
SLPUSDT,SELL,LIMIT,1701932692578,57390,0.0034314
SLPUSDT,SELL,LIMIT,1701932694763,43826,0.0034275
SLPUSDT,SELL,LIMIT,1701932696046,2464,0.0034191
SLPUSDT,SELL,LIMIT,1701932697083,12942,0.0034219
SLPUSDT,SELL,LIMIT,1701932699390,3098921,0.0033986
SLPUSDT,SELL,LIMIT,1701932701115,180784,0.0034147
SLPUSDT,SELL,LIMIT,1701932702282,35928,0.0034103
SLPUSDT,SELL,LIMIT,1701932705259,2553,0.0034085
SLPUSDT,BUY,LIMIT,1701932711789,123001,0.0035302
SLPUSDT,SELL,LIMIT,1701932721487,1430444,0.0034139
SLPUSDT,BUY,LIMIT,1701932723368,1322994,0.0035377
SLPUSDT,BUY,LIMIT,1701932724842,76899,0.0035438
SLPUSDT,BUY,LIMIT,1701932727965,1444364,0.0035498
SLPUSDT,BUY,LIMIT,1701932729073,31151,0.0035540
SLPUSDT,SELL,LIMIT,1701932776331,1425096,0.0034296
SLPUSDT,SELL,LIMIT,1701932779486,13462,0.0034273
SLPUSDT,BUY,LIMIT,1701932792239,1487,0.0035517
SLPUSDT,BUY,LIMIT,1701932798199,826077,0.0035540
SLPUSDT,BUY,LIMIT,1701932800954,1315679,0.0035831
SLPUSDT,SELL,LIMIT,1701932808503,705815,0.0034662
SLPUSDT,SELL,LIMIT,1701932839375,35166,0.0034515
SLPUSDT,BUY,LIMIT,1701932849657,139094,0.0035729
SLPUSDT,BUY,LIMIT,1701932870237,211858,0.0035789
SLPUSDT,SELL,LIMIT,1701933018341,669009,0.0034649
SLPUSDT,SELL,LIMIT,1701933140204,28660,0.0034544
SLPUSDT,SELL,LIMIT,1701933210145,2937,0.0034433
SLPUSDT,SELL,LIMIT,1701933213342,7847,0.0034407
SLPUSDT,SELL,LIMIT,1701933248136,65006,0.0034397
SLPUSDT,SELL,LIMIT,1701933253237,10763,0.0034316
SLPUSDT,SELL,LIMIT,1701933318535,878199,0.0034301
SLPUSDT,BUY,LIMIT,1701933351279,248525,0.0035540
SLPUSDT,BUY,LIMIT,1701933404913,64364,0.0035694
SLPUSDT,BUY,LIMIT,1701933409751,14681,0.0035723
SLPUSDT,BUY,LIMIT,1701933411841,5958,0.0035743
SLPUSDT,BUY,LIMIT,1701933418588,19519,0.0035840
SLPUSDT,BUY,LIMIT,1701933423211,48380,0.0035896
SLPUSDT,SELL,LIMIT,1701933456090,12876,0.0034693
SLPUSDT,SELL,LIMIT,1701933468041,690442,0.0034606
SLPUSDT,SELL,LIMIT,1701933479431,7556,0.0034589
SLPUSDT,SELL,LIMIT,1701933482354,17177,0.0034535
SLPUSDT,SELL,LIMIT,1701933488092,95050,0.0034468
SLPUSDT,SELL,LIMIT,1701933504904,92148,0.0034257
SLPUSDT,SELL,LIMIT,1701933511911,33650,0.0034222
SLPUSDT,SELL,LIMIT,1701933548471,7702,0.0034122
SLPUSDT,SELL,LIMIT,1701933550643,227634,0.0034105
SLPUSDT,BUY,LIMIT,1701933611832,19338,0.0035473
SLPUSDT,BUY,LIMIT,1701933720236,8623,0.0035569
SLPUSDT,SELL,LIMIT,1701933839175,1525,0.0034342
SLPUSDT,SELL,LIMIT,1701933845960,468480,0.0034289
SLPUSDT,SELL,LIMIT,1701933858073,298888,0.0034252
SLPUSDT,BUY,LIMIT,1701933877580,255769,0.0035475
SLPUSDT,SELL,LIMIT,1701933973853,74108,0.0034210
SLPUSDT,BUY,LIMIT,1701933985419,28818,0.0035398
SLPUSDT,SELL,LIMIT,1701934212063,252341,0.0034190
SLPUSDT,SELL,LIMIT,1701934213564,344146,0.0034140
SLPUSDT,SELL,LIMIT,1701934214683,102493,0.0033987
SLPUSDT,BUY,LIMIT,1701934230706,29970,0.0035085
SLPUSDT,SELL,LIMIT,1701934271106,117951,0.0033905
SLPUSDT,SELL,LIMIT,1701934273135,1705,0.0033861
SLPUSDT,SELL,LIMIT,1701934274287,253549,0.0033848
SLPUSDT,SELL,LIMIT,1701934276108,18967,0.0033811
SLPUSDT,SELL,LIMIT,1701934277129,271211,0.0033788
SLPUSDT,SELL,LIMIT,1701934278178,21650,0.0033792
SLPUSDT,SELL,LIMIT,1701934331995,61261,0.0033730
SLPUSDT,SELL,LIMIT,1701934333074,1432254,0.0033716
SLPUSDT,SELL,LIMIT,1701934343842,188574,0.0033679
SLPUSDT,SELL,LIMIT,1701934348221,7054,0.0033626
SLPUSDT,SELL,LIMIT,1701934355121,11542,0.0033608
SLPUSDT,SELL,LIMIT,1701934356254,144032,0.0033582
SLPUSDT,SELL,LIMIT,1701934358194,97040,0.0033563
SLPUSDT,SELL,LIMIT,1701934361064,6020,0.0033504
SLPUSDT,SELL,LIMIT,1701934362521,164903,0.0033528
SLPUSDT,SELL,LIMIT,1701934436218,10105,0.0033469
SLPUSDT,SELL,LIMIT,1701934442326,289849,0.0033449
SLPUSDT,SELL,LIMIT,1701934444228,17379,0.0033438
SLPUSDT,SELL,LIMIT,1701934451113,138169,0.0033373
SLPUSDT,SELL,LIMIT,1701934453543,200808,0.0033364
SLPUSDT,SELL,LIMIT,1701934455206,355381,0.0033333
SLPUSDT,SELL,LIMIT,1701934571884,27864,0.0033380
SLPUSDT,SELL,LIMIT,1701934574014,3074,0.0033365
SLPUSDT,BUY,LIMIT,1701934584219,2643,0.0034553
SLPUSDT,BUY,LIMIT,1701934590871,161709,0.0034606
SLPUSDT,SELL,LIMIT,1701934813157,178817,0.0033387
SLPUSDT,SELL,LIMIT,1701934835333,35477,0.0033340
SLPUSDT,SELL,LIMIT,1701934836454,194594,0.0033311
SLPUSDT,SELL,LIMIT,1701934837505,33708,0.0033316
SLPUSDT,BUY,LIMIT,1701934980991,2080,0.0034529
SLPUSDT,BUY,LIMIT,1701935195635,118902,0.0034645
SLPUSDT,BUY,LIMIT,1701935204527,121056,0.0034673
SLPUSDT,BUY,LIMIT,1701935206780,8959,0.0034673
SLPUSDT,BUY,LIMIT,1701935213513,16703,0.0034691
SLPUSDT,BUY,LIMIT,1701935220718,164033,0.0034717
SLPUSDT,BUY,LIMIT,1701935241788,12310,0.0034749
SLPUSDT,SELL,LIMIT,1701935358587,116959,0.0033484
SLPUSDT,BUY,LIMIT,1701935376727,29429,0.0034683
SLPUSDT,BUY,LIMIT,1701935394393,4425,0.0034754
SLPUSDT,SELL,LIMIT,1701935469112,4894,0.0033587
SLPUSDT,SELL,LIMIT,1701935472481,87591,0.0033573
SLPUSDT,SELL,LIMIT,1701935591104,35705,0.0033505
SLPUSDT,SELL,LIMIT,1701935593995,27346,0.0033475
SLPUSDT,SELL,LIMIT,1701935596409,143037,0.0033459
SLPUSDT,SELL,LIMIT,1701935601459,1330562,0.0033417
SLPUSDT,SELL,LIMIT,1701935627772,615963,0.0033321
SLPUSDT,SELL,LIMIT,1701935628925,14556,0.0033280
SLPUSDT,SELL,LIMIT,1701935636407,448191,0.0033235
SLPUSDT,SELL,LIMIT,1701935643234,34736,0.0033235
SLPUSDT,SELL,LIMIT,1701935662086,4755,0.0033201
SLPUSDT,SELL,LIMIT,1701935663351,509213,0.0033191
SLPUSDT,SELL,LIMIT,1701935664511,18155,0.0033163
SLPUSDT,BUY,LIMIT,1701935707209,2751,0.0034316
SLPUSDT,BUY,LIMIT,1701935801126,13670,0.0034402
SLPUSDT,BUY,LIMIT,1701935804590,113063,0.0034428
SLPUSDT,BUY,LIMIT,1701935813832,459678,0.0034466
SLPUSDT,BUY,LIMIT,1701935834245,41385,0.0034539
SLPUSDT,SELL,LIMIT,1701936015414,4718,0.0033285
SLPUSDT,SELL,LIMIT,1701936074051,31942,0.0033122
SLPUSDT,BUY,LIMIT,1701936164484,13204,0.0034418
SLPUSDT,SELL,LIMIT,1701936272760,163652,0.0033187
SLPUSDT,SELL,LIMIT,1701936281303,39162,0.0033152
SLPUSDT,SELL,LIMIT,1701936339036,53941,0.0033255
SLPUSDT,BUY,LIMIT,1701936470754,2889,0.0034471
SLPUSDT,BUY,LIMIT,1701936545458,733838,0.0034306
SLPUSDT,SELL,LIMIT,1701936549082,78016,0.0033327
SLPUSDT,SELL,LIMIT,1701936552316,110875,0.0033297
SLPUSDT,SELL,LIMIT,1701936564363,673164,0.0033192
SLPUSDT,SELL,LIMIT,1701936568219,87988,0.0033125
SLPUSDT,SELL,LIMIT,1701936571287,49451,0.0033115
SLPUSDT,SELL,LIMIT,1701936572561,166846,0.0033082
SLPUSDT,SELL,LIMIT,1701936577836,271798,0.0033077
SLPUSDT,SELL,LIMIT,1701936579588,146070,0.0033077
SLPUSDT,SELL,LIMIT,1701936580714,173546,0.0033070
SLPUSDT,SELL,LIMIT,1701936584540,52831,0.0033053
SLPUSDT,SELL,LIMIT,1701936608383,1708527,0.0032979
SLPUSDT,SELL,LIMIT,1701936614989,5948,0.0033015
SLPUSDT,SELL,LIMIT,1701936616746,726057,0.0033003
SLPUSDT,SELL,LIMIT,1701936617914,8712,0.0032907
SLPUSDT,SELL,LIMIT,1701936619101,8834,0.0032890
SLPUSDT,SELL,LIMIT,1701936620141,548077,0.0032848
SLPUSDT,SELL,LIMIT,1701936622314,3000,0.0032804
SLPUSDT,SELL,LIMIT,1701936623498,3381,0.0032817
SLPUSDT,SELL,LIMIT,1701936624643,1029104,0.0032751
SLPUSDT,SELL,LIMIT,1701936651584,5210,0.0032722
SLPUSDT,SELL,LIMIT,1701936683179,56592,0.0032685
SLPUSDT,SELL,LIMIT,1701936684279,152060,0.0032665
SLPUSDT,SELL,LIMIT,1701936686569,120127,0.0032605
SLPUSDT,SELL,LIMIT,1701936687726,781578,0.0032586
SLPUSDT,SELL,LIMIT,1701936690482,28211,0.0032516
SLPUSDT,SELL,LIMIT,1701936691546,7326,0.0032518
SLPUSDT,SELL,LIMIT,1701936718234,113328,0.0032487
SLPUSDT,SELL,LIMIT,1701936848547,1139262,0.0032464
SLPUSDT,SELL,LIMIT,1701936855082,20527,0.0032454
SLPUSDT,SELL,LIMIT,1701936856218,3262,0.0032449
SLPUSDT,SELL,LIMIT,1701936868042,761354,0.0032486
SLPUSDT,SELL,LIMIT,1701936924854,209842,0.0032507
SLPUSDT,SELL,LIMIT,1701936988343,459144,0.0032486
SLPUSDT,BUY,LIMIT,1701937119096,8450,0.0033689
SLPUSDT,BUY,LIMIT,1701937122750,1510117,0.0033765
SLPUSDT,BUY,LIMIT,1701937128111,337655,0.0033777
SLPUSDT,BUY,LIMIT,1701937132693,342860,0.0033790
SLPUSDT,BUY,LIMIT,1701937134367,1813,0.0033816
SLPUSDT,SELL,LIMIT,1701937248141,313538,0.0032676
SLPUSDT,SELL,LIMIT,1701937249594,2739,0.0032660
SLPUSDT,SELL,LIMIT,1701937263635,406205,0.0032627
SLPUSDT,SELL,LIMIT,1701937340118,1640,0.0032600
SLPUSDT,SELL,LIMIT,1701937343376,188737,0.0032591
SLPUSDT,SELL,LIMIT,1701937388004,28151,0.0032545
SLPUSDT,SELL,LIMIT,1701937389608,3532,0.0032527
SLPUSDT,SELL,LIMIT,1701937398714,2724,0.0032490
SLPUSDT,BUY,LIMIT,1701937420777,573611,0.0033642
SLPUSDT,BUY,LIMIT,1701937571292,720453,0.0033723
SLPUSDT,SELL,LIMIT,1701937823229,42057,0.0032537
SLPUSDT,SELL,LIMIT,1701937824307,4964,0.0032475
SLPUSDT,BUY,LIMIT,1701937882372,26238,0.0033712
SLPUSDT,BUY,LIMIT,1701937952096,9202,0.0033835
SLPUSDT,BUY,LIMIT,1701937957386,494560,0.0033869
SLPUSDT,BUY,LIMIT,1701937959794,134062,0.0033895
SLPUSDT,BUY,LIMIT,1701937961073,68935,0.0033969
SLPUSDT,BUY,LIMIT,1701937962409,6042,0.0033928
SLPUSDT,SELL,LIMIT,1701938099321,717215,0.0032712
SLPUSDT,BUY,LIMIT,1701938259658,8120,0.0033781
SLPUSDT,SELL,LIMIT,1701938364867,211817,0.0032657
SLPUSDT,SELL,LIMIT,1701938413058,80283,0.0032544
SLPUSDT,SELL,LIMIT,1701938553838,15791,0.0032534
SLPUSDT,SELL,LIMIT,1701938585498,16051,0.0032457
SLPUSDT,SELL,LIMIT,1701938586754,149501,0.0032416
SLPUSDT,SELL,LIMIT,1701938587900,317054,0.0032367
SLPUSDT,SELL,LIMIT,1701938589061,9325,0.0032338
SLPUSDT,SELL,LIMIT,1701938590216,1250597,0.0032318
SLPUSDT,SELL,LIMIT,1701938591225,4023,0.0032310
SLPUSDT,SELL,LIMIT,1701938593079,53469,0.0032269
SLPUSDT,BUY,LIMIT,1701938627071,118263,0.0033459
SLPUSDT,BUY,LIMIT,1701938930562,20232,0.0033707
SLPUSDT,BUY,LIMIT,1701939016899,220782,0.0033724
SLPUSDT,SELL,LIMIT,1701939313755,1424907,0.0032592
SLPUSDT,SELL,LIMIT,1701939358574,320415,0.0032485
SLPUSDT,SELL,LIMIT,1701939367244,115137,0.0032454
SLPUSDT,SELL,LIMIT,1701939413591,18745,0.0032422
SLPUSDT,SELL,LIMIT,1701939489943,74935,0.0032281
SLPUSDT,SELL,LIMIT,1701939492307,570735,0.0032242
SLPUSDT,SELL,LIMIT,1701939500055,3259424,0.0032051
SLPUSDT,SELL,LIMIT,1701939501391,133569,0.0032210
SLPUSDT,SELL,LIMIT,1701939509384,361119,0.0032184
SLPUSDT,SELL,LIMIT,1701939560891,1099269,0.0032213
SLPUSDT,BUY,LIMIT,1701939648571,8698,0.0033368
SLPUSDT,BUY,LIMIT,1701939650433,204936,0.0033382
SLPUSDT,SELL,LIMIT,1701939895199,71589,0.0032302
SLPUSDT,SELL,LIMIT,1701939937219,6388,0.0032144
SLPUSDT,SELL,LIMIT,1701939938546,47066,0.0032132
SLPUSDT,SELL,LIMIT,1701939940852,1878249,0.0031999
SLPUSDT,SELL,LIMIT,1701939973079,16844,0.0032109
SLPUSDT,SELL,LIMIT,1701939986204,212129,0.0032029
SLPUSDT,SELL,LIMIT,1701939987334,52872,0.0032025
SLPUSDT,SELL,LIMIT,1701939988382,317412,0.0031985
SLPUSDT,SELL,LIMIT,1701939997245,881815,0.0031978
SLPUSDT,SELL,LIMIT,1701940005593,91932,0.0031944
SLPUSDT,SELL,LIMIT,1701940009614,17480,0.0031932
SLPUSDT,SELL,LIMIT,1701940011133,16630,0.0031912
SLPUSDT,SELL,LIMIT,1701940013125,1561106,0.0031840
SLPUSDT,SELL,LIMIT,1701940017558,18263,0.0031847
SLPUSDT,SELL,LIMIT,1701940019566,238242,0.0031833
SLPUSDT,SELL,LIMIT,1701940049468,2721,0.0031915
SLPUSDT,BUY,LIMIT,1701940088027,5151,0.0033052
SLPUSDT,BUY,LIMIT,1701940089515,38235,0.0033092
SLPUSDT,BUY,LIMIT,1701940292090,25865,0.0033154
SLPUSDT,BUY,LIMIT,1701940294754,142472,0.0033166
SLPUSDT,SELL,LIMIT,1701940410166,22183,0.0031956
SLPUSDT,SELL,LIMIT,1701940476252,163038,0.0031850
SLPUSDT,SELL,LIMIT,1701940531161,64936,0.0031814
SLPUSDT,SELL,LIMIT,1701940547462,188984,0.0031782
SLPUSDT,SELL,LIMIT,1701940551504,377818,0.0031768
SLPUSDT,SELL,LIMIT,1701940553203,3056788,0.0031592
SLPUSDT,SELL,LIMIT,1701940562680,1954679,0.0031677
SLPUSDT,SELL,LIMIT,1701940564116,3324,0.0031730
SLPUSDT,SELL,LIMIT,1701940566839,3493566,0.0031552
SLPUSDT,SELL,LIMIT,1701940568526,4001,0.0031726
SLPUSDT,SELL,LIMIT,1701940670984,683990,0.0031700
SLPUSDT,SELL,LIMIT,1701940672048,15431,0.0031642
SLPUSDT,SELL,LIMIT,1701940674277,883853,0.0031625
SLPUSDT,SELL,LIMIT,1701940678079,148814,0.0031596
SLPUSDT,SELL,LIMIT,1701940680065,6856,0.0031588
SLPUSDT,SELL,LIMIT,1701940681334,249294,0.0031588
SLPUSDT,SELL,LIMIT,1701940696315,243684,0.0031610
SLPUSDT,SELL,LIMIT,1701940717086,182990,0.0031533
SLPUSDT,SELL,LIMIT,1701940718114,181926,0.0031513
SLPUSDT,SELL,LIMIT,1701940720393,289358,0.0031496
SLPUSDT,SELL,LIMIT,1701940721519,15361,0.0031495
SLPUSDT,SELL,LIMIT,1701940722572,2590668,0.0031343
SLPUSDT,BUY,LIMIT,1701940824200,407944,0.0032644
SLPUSDT,BUY,LIMIT,1701940825265,9474,0.0032644
SLPUSDT,BUY,LIMIT,1701940826269,272584,0.0032735
SLPUSDT,SELL,LIMIT,1701940863060,281632,0.0031609
SLPUSDT,SELL,LIMIT,1701940865604,233559,0.0031572
SLPUSDT,SELL,LIMIT,1701941060240,90784,0.0031400
SLPUSDT,SELL,LIMIT,1701941061322,10380,0.0031402
SLPUSDT,SELL,LIMIT,1701941062339,912651,0.0031318
SLPUSDT,SELL,LIMIT,1701941064142,153109,0.0031279
SLPUSDT,SELL,LIMIT,1701941066790,89476,0.0031311
SLPUSDT,SELL,LIMIT,1701941073140,161956,0.0031235
SLPUSDT,SELL,LIMIT,1701941074179,1544554,0.0031067
SLPUSDT,SELL,LIMIT,1701941075185,9234,0.0031066
SLPUSDT,SELL,LIMIT,1701941164439,335346,0.0031131
SLPUSDT,SELL,LIMIT,1701941166978,682280,0.0031113
SLPUSDT,SELL,LIMIT,1701941182900,60259,0.0031214
SLPUSDT,SELL,LIMIT,1701941213698,17459,0.0031359
SLPUSDT,SELL,LIMIT,1701941227931,1000000,0.0031206
SLPUSDT,SELL,LIMIT,1701941239628,32346,0.0031196
SLPUSDT,SELL,LIMIT,1701941243449,733783,0.0031325
SLPUSDT,SELL,LIMIT,1701941245556,689051,0.0031138
SLPUSDT,SELL,LIMIT,1701941247114,34506,0.0031133
SLPUSDT,SELL,LIMIT,1701941248228,243869,0.0031136
SLPUSDT,SELL,LIMIT,1701941256742,46596,0.0031171
SLPUSDT,SELL,LIMIT,1701941320075,130454,0.0031066
SLPUSDT,SELL,LIMIT,1701941321077,78970,0.0031059
SLPUSDT,SELL,LIMIT,1701941323255,91657,0.0031004
SLPUSDT,SELL,LIMIT,1701941325812,1276441,0.0031007
SLPUSDT,BUY,LIMIT,1701941382496,395194,0.0032256
SLPUSDT,BUY,LIMIT,1701941389279,9958,0.0032280
SLPUSDT,BUY,LIMIT,1701941405105,315926,0.0032348
SLPUSDT,SELL,LIMIT,1701941418282,5082,0.0031259
SLPUSDT,BUY,LIMIT,1701941497081,987741,0.0032409
SLPUSDT,BUY,LIMIT,1701941504743,189785,0.0032460
SLPUSDT,BUY,LIMIT,1701941511887,110958,0.0032473
SLPUSDT,BUY,LIMIT,1701941527281,19615,0.0032550
SLPUSDT,BUY,LIMIT,1701941616806,38388,0.0032646
SLPUSDT,BUY,LIMIT,1701941652998,110750,0.0032695
SLPUSDT,BUY,LIMIT,1701941702982,102746,0.0032775
SLPUSDT,BUY,LIMIT,1701941757395,1388892,0.0032809
SLPUSDT,BUY,LIMIT,1701941773308,717545,0.0032888
SLPUSDT,SELL,LIMIT,1701941897585,241194,0.0031771
SLPUSDT,SELL,LIMIT,1701941901555,56157,0.0031765
SLPUSDT,SELL,LIMIT,1701941904746,43518,0.0031740
SLPUSDT,SELL,LIMIT,1701941911984,1020736,0.0031731
SLPUSDT,BUY,LIMIT,1701942078282,71275,0.0032764
SLPUSDT,BUY,LIMIT,1701942130068,110520,0.0032878
SLPUSDT,BUY,LIMIT,1701942144799,387788,0.0032990
SLPUSDT,BUY,LIMIT,1701942150937,25070,0.0033017
SLPUSDT,BUY,LIMIT,1701942152409,386309,0.0033065
SLPUSDT,BUY,LIMIT,1701942154916,3509,0.0033132
SLPUSDT,BUY,LIMIT,1701942163084,1144519,0.0033154
SLPUSDT,BUY,LIMIT,1701942164399,11963,0.0033170
SLPUSDT,BUY,LIMIT,1701942353152,1128772,0.0033210
SLPUSDT,BUY,LIMIT,1701942359293,141756,0.0033262
SLPUSDT,BUY,LIMIT,1701942363660,520901,0.0033290
SLPUSDT,BUY,LIMIT,1701942364681,39176,0.0033309
SLPUSDT,BUY,LIMIT,1701942365883,18639,0.0033310
SLPUSDT,BUY,LIMIT,1701942376524,242907,0.0033326
SLPUSDT,BUY,LIMIT,1701942446521,405869,0.0033305
SLPUSDT,BUY,LIMIT,1701942654979,439331,0.0033377
SLPUSDT,SELL,LIMIT,1701942738353,601828,0.0032213
SLPUSDT,SELL,LIMIT,1701942757763,10437,0.0032165
SLPUSDT,SELL,LIMIT,1701942765289,244345,0.0032151
SLPUSDT,SELL,LIMIT,1701942771365,88608,0.0032127
SLPUSDT,SELL,LIMIT,1701942989713,27340,0.0032093
SLPUSDT,SELL,LIMIT,1701943014313,7637,0.0032056
SLPUSDT,SELL,LIMIT,1701943016159,934914,0.0031995
SLPUSDT,SELL,LIMIT,1701943018333,94068,0.0031989
SLPUSDT,BUY,LIMIT,1701943104949,89396,0.0033111
SLPUSDT,BUY,LIMIT,1701943130046,205455,0.0033163
SLPUSDT,BUY,LIMIT,1701943141455,141733,0.0033199
SLPUSDT,SELL,LIMIT,1701943470545,304024,0.0031971
SLPUSDT,SELL,LIMIT,1701943475396,40139,0.0031874
SLPUSDT,SELL,LIMIT,1701943577238,236529,0.0031754
SLPUSDT,SELL,LIMIT,1701943635302,405457,0.0031705
SLPUSDT,SELL,LIMIT,1701943637323,772411,0.0031699
SLPUSDT,SELL,LIMIT,1701943664146,196769,0.0031647
SLPUSDT,SELL,LIMIT,1701943950465,1544345,0.0031683
SLPUSDT,SELL,LIMIT,1701944198309,62446,0.0031620
SLPUSDT,SELL,LIMIT,1701944375092,9191,0.0031560
SLPUSDT,SELL,LIMIT,1701944377225,2768,0.0031541
SLPUSDT,BUY,LIMIT,1701944624155,88547,0.0032819
SLPUSDT,BUY,LIMIT,1701944841954,53881,0.0032878
SLPUSDT,BUY,LIMIT,1701944846336,17150,0.0032893
SLPUSDT,BUY,LIMIT,1701944854249,1010976,0.0032868
SLPUSDT,BUY,LIMIT,1701944860434,1556105,0.0032925
SLPUSDT,BUY,LIMIT,1701944864100,263788,0.0032967
SLPUSDT,BUY,LIMIT,1701944876106,29384,0.0033020
SLPUSDT,BUY,LIMIT,1701944877419,132980,0.0033007
SLPUSDT,BUY,LIMIT,1701944880344,48343,0.0033040
SLPUSDT,BUY,LIMIT,1701944883862,146307,0.0033074
SLPUSDT,BUY,LIMIT,1701945212295,30706,0.0033079
SLPUSDT,BUY,LIMIT,1701945239507,22911,0.0033145
SLPUSDT,BUY,LIMIT,1701945241528,24928,0.0033162
SLPUSDT,BUY,LIMIT,1701945477543,8562,0.0033245
SLPUSDT,BUY,LIMIT,1701945668189,407942,0.0033398
SLPUSDT,BUY,LIMIT,1701945677479,87053,0.0033408
SLPUSDT,BUY,LIMIT,1701945688426,72928,0.0033413
SLPUSDT,BUY,LIMIT,1701945696608,66980,0.0033467
SLPUSDT,BUY,LIMIT,1701945699104,3435713,0.0033698
SLPUSDT,BUY,LIMIT,1701945707459,6250,0.0033593
SLPUSDT,BUY,LIMIT,1701945712280,25137,0.0033613
SLPUSDT,BUY,LIMIT,1701945719630,860,0.0033616
SLPUSDT,BUY,LIMIT,1701945722732,59858,0.0033621
SLPUSDT,BUY,LIMIT,1701945726569,125190,0.0033646
SLPUSDT,BUY,LIMIT,1701945729129,2139,0.0033653
SLPUSDT,BUY,LIMIT,1701945744775,77032,0.0033696
SLPUSDT,BUY,LIMIT,1701945747384,874211,0.0033703
SLPUSDT,BUY,LIMIT,1701945751749,79327,0.0033729
SLPUSDT,BUY,LIMIT,1701945752863,178393,0.0033765
SLPUSDT,BUY,LIMIT,1701945777307,226039,0.0033772
SLPUSDT,BUY,LIMIT,1701945778487,38738,0.0033782
SLPUSDT,BUY,LIMIT,1701945783342,26704,0.0033793
SLPUSDT,BUY,LIMIT,1701945784364,190993,0.0033808
SLPUSDT,BUY,LIMIT,1701945833551,83490,0.0033854
SLPUSDT,BUY,LIMIT,1701945838170,1718,0.0033875
SLPUSDT,BUY,LIMIT,1701945873261,383950,0.0033887
SLPUSDT,SELL,LIMIT,1701945989893,447086,0.0032573
SLPUSDT,SELL,LIMIT,1701945992585,376601,0.0032515
SLPUSDT,SELL,LIMIT,1701945994906,6901,0.0032492
SLPUSDT,SELL,LIMIT,1701945997294,11137,0.0032453
SLPUSDT,BUY,LIMIT,1701946044230,760417,0.0033604
SLPUSDT,BUY,LIMIT,1701946048307,261970,0.0033639
SLPUSDT,SELL,LIMIT,1701946100501,57279,0.0032534
SLPUSDT,SELL,LIMIT,1701946110255,41687,0.0032558
SLPUSDT,SELL,LIMIT,1701946120234,9805,0.0032496
SLPUSDT,SELL,LIMIT,1701946162461,587630,0.0032412
SLPUSDT,SELL,LIMIT,1701946412113,19971,0.0032377
SLPUSDT,SELL,LIMIT,1701946415317,11566,0.0032361
SLPUSDT,SELL,LIMIT,1701946418190,3800,0.0032341
SLPUSDT,SELL,LIMIT,1701946441953,742125,0.0032253
SLPUSDT,SELL,LIMIT,1701946450319,56851,0.0032228
SLPUSDT,SELL,LIMIT,1701946453605,30889,0.0032193
SLPUSDT,SELL,LIMIT,1701946454740,8920,0.0032174
SLPUSDT,SELL,LIMIT,1701946456362,195394,0.0032169
SLPUSDT,SELL,LIMIT,1701946457642,1255142,0.0032153
SLPUSDT,SELL,LIMIT,1701946460609,11905,0.0032151
SLPUSDT,SELL,LIMIT,1701946579107,11140,0.0032142
SLPUSDT,SELL,LIMIT,1701946615615,14550,0.0032093
SLPUSDT,SELL,LIMIT,1701946617956,293615,0.0032086
SLPUSDT,SELL,LIMIT,1701946620383,309564,0.0032052
SLPUSDT,BUY,LIMIT,1701946695264,21531,0.0033233
SLPUSDT,BUY,LIMIT,1701946705095,5803,0.0033262
SLPUSDT,BUY,LIMIT,1701946714850,2535,0.0033329
SLPUSDT,BUY,LIMIT,1701946853154,15267,0.0033408
SLPUSDT,BUY,LIMIT,1701946897686,19474,0.0033468
SLPUSDT,SELL,LIMIT,1701946992155,4672,0.0032480
SLPUSDT,SELL,LIMIT,1701947116121,1515772,0.0032333
SLPUSDT,SELL,LIMIT,1701947150802,101192,0.0032315
SLPUSDT,SELL,LIMIT,1701947154063,4779,0.0032299
SLPUSDT,SELL,LIMIT,1701947207004,614064,0.0032277
SLPUSDT,SELL,LIMIT,1701947250043,22181,0.0032195
SLPUSDT,SELL,LIMIT,1701947345357,680424,0.0032154
SLPUSDT,BUY,LIMIT,1701947811098,125720,0.0033337
SLPUSDT,SELL,LIMIT,1701947915881,5000,0.0032134
SLPUSDT,SELL,LIMIT,1701947981490,1335702,0.0032125
SLPUSDT,SELL,LIMIT,1701947982760,107299,0.0032120
SLPUSDT,SELL,LIMIT,1701948007487,53864,0.0032071
SLPUSDT,SELL,LIMIT,1701948157122,1528117,0.0032067
SLPUSDT,SELL,LIMIT,1701948171795,2466,0.0032001
SLPUSDT,SELL,LIMIT,1701948172959,49208,0.0031971
SLPUSDT,SELL,LIMIT,1701948175325,127252,0.0031927
SLPUSDT,SELL,LIMIT,1701948199408,3335,0.0031925
SLPUSDT,SELL,LIMIT,1701948561181,80799,0.0031867
SLPUSDT,SELL,LIMIT,1701949466292,1537469,0.0031852
SLPUSDT,SELL,LIMIT,1701949467309,122257,0.0031846
SLPUSDT,SELL,LIMIT,1701949550994,8869,0.0031829
SLPUSDT,SELL,LIMIT,1701949601230,61728,0.0031760
SLPUSDT,SELL,LIMIT,1701949602366,5993,0.0031745
SLPUSDT,SELL,LIMIT,1701949608387,13769,0.0031739
SLPUSDT,SELL,LIMIT,1701949609685,2991050,0.0031577
SLPUSDT,SELL,LIMIT,1701949611170,427620,0.0031680
SLPUSDT,SELL,LIMIT,1701949642423,141021,0.0031661
SLPUSDT,SELL,LIMIT,1701949643883,294326,0.0031667
SLPUSDT,SELL,LIMIT,1701949645291,1373314,0.0031586
SLPUSDT,SELL,LIMIT,1701949660526,20429,0.0031566
SLPUSDT,SELL,LIMIT,1701950212778,147633,0.0031548
SLPUSDT,SELL,LIMIT,1701950220464,27595,0.0031521
SLPUSDT,SELL,LIMIT,1701950222598,24030,0.0031506
SLPUSDT,SELL,LIMIT,1701950224682,97674,0.0031492
SLPUSDT,SELL,LIMIT,1701950634063,942688,0.0031483
SLPUSDT,SELL,LIMIT,1701950636867,15586,0.0031448
SLPUSDT,SELL,LIMIT,1701950639508,27566,0.0031424
SLPUSDT,SELL,LIMIT,1701950641330,19499,0.0031412
SLPUSDT,SELL,LIMIT,1701950644374,278213,0.0031382
SLPUSDT,SELL,LIMIT,1701950673946,397040,0.0031357
SLPUSDT,SELL,LIMIT,1701950680386,3430879,0.0031153
SLPUSDT,SELL,LIMIT,1701950683311,2763007,0.0031155
SLPUSDT,BUY,LIMIT,1701950769289,175180,0.0032541
SLPUSDT,BUY,LIMIT,1701951059202,881247,0.0032613
SLPUSDT,BUY,LIMIT,1701951063334,1567068,0.0032661
SLPUSDT,BUY,LIMIT,1701951105480,182489,0.0032763
SLPUSDT,SELL,LIMIT,1701951196433,7774,0.0031603
SLPUSDT,BUY,LIMIT,1701951723079,679,0.0032862
SLPUSDT,BUY,LIMIT,1701951865314,101341,0.0032953
SLPUSDT,BUY,LIMIT,1701952019370,285506,0.0033092
SLPUSDT,BUY,LIMIT,1701952039416,17303,0.0033163
SLPUSDT,BUY,LIMIT,1701952042013,389482,0.0033241
SLPUSDT,BUY,LIMIT,1701952053985,23732,0.0033256
SLPUSDT,BUY,LIMIT,1701952102074,2316836,0.0033437
SLPUSDT,BUY,LIMIT,1701952777263,1492992,0.0033452
SLPUSDT,BUY,LIMIT,1701952821829,80011,0.0033560
SLPUSDT,BUY,LIMIT,1701952883287,8305,0.0033533
SLPUSDT,BUY,LIMIT,1701952936166,229802,0.0033593
SLPUSDT,BUY,LIMIT,1701952986424,93481,0.0033615
SLPUSDT,BUY,LIMIT,1701952987844,37440,0.0033621
SLPUSDT,BUY,LIMIT,1701952998238,71684,0.0033644
SLPUSDT,BUY,LIMIT,1701953017452,125898,0.0033691
SLPUSDT,BUY,LIMIT,1701953081409,170056,0.0033698
SLPUSDT,BUY,LIMIT,1701953082526,72950,0.0033709
SLPUSDT,BUY,LIMIT,1701953152618,21776,0.0033533
SLPUSDT,SELL,LIMIT,1701953157209,3080,0.0032576
SLPUSDT,SELL,LIMIT,1701953166077,60665,0.0032459
SLPUSDT,BUY,LIMIT,1701953397492,914562,0.0033418
SLPUSDT,BUY,LIMIT,1701953407161,15234,0.0033459
SLPUSDT,SELL,LIMIT,1701953430477,21780,0.0033003
SLPUSDT,SELL,LIMIT,1701953518634,7803,0.0032392
SLPUSDT,BUY,LIMIT,1701953586302,53685,0.0033429
SLPUSDT,BUY,LIMIT,1701953803767,3735,0.0033521
SLPUSDT,BUY,LIMIT,1701953944775,762195,0.0033574
SLPUSDT,BUY,LIMIT,1701953946842,2100000,0.0033677
SLPUSDT,BUY,LIMIT,1701953957444,50949,0.0033614
SLPUSDT,BUY,LIMIT,1701954157080,234246,0.0033501
SLPUSDT,BUY,LIMIT,1701954204938,9397,0.0033666
SLPUSDT,BUY,LIMIT,1701954253173,10889,0.0033725
SLPUSDT,BUY,LIMIT,1701954259045,255272,0.0033857
SLPUSDT,SELL,LIMIT,1701954406679,378272,0.0032608
SLPUSDT,SELL,LIMIT,1701954411104,75233,0.0032574
SLPUSDT,SELL,LIMIT,1701954423609,68738,0.0032518
SLPUSDT,SELL,LIMIT,1701954711162,4455,0.0032344
SLPUSDT,SELL,LIMIT,1701954712196,140000,0.0032353
SLPUSDT,BUY,LIMIT,1701955085180,84032,0.0033622
SLPUSDT,BUY,LIMIT,1701955702082,188177,0.0033963
SLPUSDT,BUY,LIMIT,1701955703216,29383,0.0033964
SLPUSDT,BUY,LIMIT,1701955704387,13788,0.0034012
SLPUSDT,BUY,LIMIT,1701955736899,54783,0.0034137
SLPUSDT,BUY,LIMIT,1701955742180,2406,0.0034189
SLPUSDT,BUY,LIMIT,1701955747455,78239,0.0034205
SLPUSDT,BUY,LIMIT,1701955753209,188052,0.0034220
SLPUSDT,BUY,LIMIT,1701955755531,2991,0.0034230
SLPUSDT,BUY,LIMIT,1701955767666,6191,0.0034263
SLPUSDT,BUY,LIMIT,1701955770125,1124326,0.0034292
SLPUSDT,BUY,LIMIT,1701955784102,1361597,0.0034321
SLPUSDT,SELL,LIMIT,1701955961271,1042488,0.0033029
SLPUSDT,SELL,LIMIT,1701956051241,27220,0.0032898
SLPUSDT,SELL,LIMIT,1701956090365,452151,0.0032789
SLPUSDT,SELL,LIMIT,1701956654087,34287,0.0032525
SLPUSDT,BUY,LIMIT,1701956803367,1320001,0.0033704
SLPUSDT,SELL,LIMIT,1701956891400,30114,0.0032533
SLPUSDT,SELL,LIMIT,1701956983364,31237,0.0032429
SLPUSDT,SELL,LIMIT,1701957014704,10000,0.0032407
SLPUSDT,SELL,LIMIT,1701957140439,349413,0.0032368
SLPUSDT,SELL,LIMIT,1701957142415,34848,0.0032362
SLPUSDT,BUY,LIMIT,1701957616478,927930,0.0033543
SLPUSDT,SELL,LIMIT,1701957962823,1,0.0032621
SLPUSDT,BUY,LIMIT,1701957996210,22030,0.0033690
SLPUSDT,BUY,LIMIT,1701958043119,758508,0.0033729
SLPUSDT,BUY,LIMIT,1701958330942,8322,0.0033837
SLPUSDT,BUY,LIMIT,1701958690124,122473,0.0034354
SLPUSDT,BUY,LIMIT,1701958695831,155183,0.0034390
SLPUSDT,BUY,LIMIT,1701958698577,30646,0.0034510
SLPUSDT,BUY,LIMIT,1701958706347,17962,0.0034577
SLPUSDT,BUY,LIMIT,1701958707414,1161067,0.0034556
SLPUSDT,BUY,LIMIT,1701958717046,3918,0.0034642
SLPUSDT,BUY,LIMIT,1701958718089,38854,0.0034624
SLPUSDT,BUY,LIMIT,1701958719105,466293,0.0034656
SLPUSDT,BUY,LIMIT,1701958720404,2389,0.0034665
SLPUSDT,BUY,LIMIT,1701958723367,2399,0.0034679
SLPUSDT,BUY,LIMIT,1701958725112,97657,0.0034708
SLPUSDT,BUY,LIMIT,1701958731588,116189,0.0034728
SLPUSDT,BUY,LIMIT,1701958732643,87847,0.0034747
SLPUSDT,BUY,LIMIT,1701958735322,42424,0.0034784
SLPUSDT,BUY,LIMIT,1701958736365,26361,0.0034811
SLPUSDT,BUY,LIMIT,1701958758185,101245,0.0034875
SLPUSDT,BUY,LIMIT,1701958759225,1569,0.0034896
SLPUSDT,BUY,LIMIT,1701958768238,138157,0.0034905
SLPUSDT,BUY,LIMIT,1701958769370,382840,0.0034950
SLPUSDT,BUY,LIMIT,1701958771087,1466235,0.0035046
SLPUSDT,BUY,LIMIT,1701958772333,424584,0.0035155
SLPUSDT,BUY,LIMIT,1701958785035,16281,0.0035219
SLPUSDT,BUY,LIMIT,1701958787819,2935,0.0035240
SLPUSDT,BUY,LIMIT,1701958795066,7848,0.0035260
SLPUSDT,SELL,LIMIT,1701958811367,120286,0.0033964
SLPUSDT,BUY,LIMIT,1701958822987,3971,0.0035235
SLPUSDT,BUY,LIMIT,1701958826593,1834,0.0035295
SLPUSDT,BUY,LIMIT,1701958829216,26366,0.0035300
SLPUSDT,BUY,LIMIT,1701958832490,2292,0.0035303
SLPUSDT,BUY,LIMIT,1701958834155,14524,0.0035333
SLPUSDT,BUY,LIMIT,1701958835649,102877,0.0035348
SLPUSDT,BUY,LIMIT,1701958837754,4243,0.0035390
SLPUSDT,BUY,LIMIT,1701958842316,27338,0.0035408
SLPUSDT,BUY,LIMIT,1701958851273,32794,0.0035426
SLPUSDT,BUY,LIMIT,1701958852672,648673,0.0035479
SLPUSDT,BUY,LIMIT,1701958867164,179806,0.0035528
SLPUSDT,SELL,LIMIT,1701958970541,43756,0.0034145
SLPUSDT,SELL,LIMIT,1701958991604,168122,0.0034033
SLPUSDT,SELL,LIMIT,1701958998358,821659,0.0033976
SLPUSDT,BUY,LIMIT,1701959203138,54226,0.0035166
SLPUSDT,BUY,LIMIT,1701959207343,9137,0.0035178
SLPUSDT,BUY,LIMIT,1701959222072,79918,0.0035403
SLPUSDT,BUY,LIMIT,1701959336118,2841,0.0035390
SLPUSDT,BUY,LIMIT,1701959443612,65407,0.0035501
SLPUSDT,BUY,LIMIT,1701959444622,19534,0.0035531
SLPUSDT,BUY,LIMIT,1701959446440,315323,0.0035639
SLPUSDT,BUY,LIMIT,1701959448033,410877,0.0035666
SLPUSDT,BUY,LIMIT,1701959467308,339154,0.0035693
SLPUSDT,BUY,LIMIT,1701959468544,144801,0.0035732
SLPUSDT,BUY,LIMIT,1701959482714,1498,0.0035767
SLPUSDT,BUY,LIMIT,1701959484381,48178,0.0035831
SLPUSDT,BUY,LIMIT,1701959485455,84031,0.0035822
SLPUSDT,BUY,LIMIT,1701959499105,725200,0.0035899
SLPUSDT,BUY,LIMIT,1701959500170,2822,0.0035887
SLPUSDT,BUY,LIMIT,1701959503907,212239,0.0035930
SLPUSDT,BUY,LIMIT,1701959555103,7183,0.0035953
SLPUSDT,BUY,LIMIT,1701959556428,60169,0.0035995
SLPUSDT,BUY,LIMIT,1701959564164,10997780,0.0036650
SLPUSDT,BUY,LIMIT,1701959565864,29581,0.0036045
SLPUSDT,BUY,LIMIT,1701959572371,27861,0.0036068
SLPUSDT,BUY,LIMIT,1701959578022,8218,0.0036126
SLPUSDT,BUY,LIMIT,1701959581420,30976,0.0036128
SLPUSDT,SELL,LIMIT,1701959636093,295320,0.0034848
SLPUSDT,SELL,LIMIT,1701959655033,90354,0.0034810
SLPUSDT,SELL,LIMIT,1701959660514,9611,0.0034740
SLPUSDT,BUY,LIMIT,1701959667243,58030,0.0035815
SLPUSDT,SELL,LIMIT,1701959704222,69179,0.0034710
SLPUSDT,SELL,LIMIT,1701959813987,57385,0.0034649
SLPUSDT,SELL,LIMIT,1701959830771,13807,0.0034535
SLPUSDT,SELL,LIMIT,1701959833485,1172023,0.0034529
SLPUSDT,SELL,LIMIT,1701959838396,33429,0.0034468
SLPUSDT,SELL,LIMIT,1701959847215,142247,0.0034437
SLPUSDT,SELL,LIMIT,1701959872054,230540,0.0034317
SLPUSDT,SELL,LIMIT,1701959878206,111208,0.0034278
SLPUSDT,SELL,LIMIT,1701960024027,17192,0.0034240
SLPUSDT,SELL,LIMIT,1701960057870,8640,0.0034182
SLPUSDT,SELL,LIMIT,1701960059256,8319,0.0034171
SLPUSDT,SELL,LIMIT,1701960200803,41280,0.0034075
SLPUSDT,SELL,LIMIT,1701960206540,121037,0.0034042
SLPUSDT,SELL,LIMIT,1701960232686,35254,0.0033951
SLPUSDT,BUY,LIMIT,1701960241505,29002,0.0035142
SLPUSDT,SELL,LIMIT,1701960354273,4747,0.0033923
SLPUSDT,BUY,LIMIT,1701960397302,144927,0.0035183
SLPUSDT,BUY,LIMIT,1701960440958,21241,0.0035213
SLPUSDT,BUY,LIMIT,1701960458273,1663,0.0035387
SLPUSDT,BUY,LIMIT,1701960496551,617816,0.0035489
SLPUSDT,BUY,LIMIT,1701960499887,37605,0.0035551
SLPUSDT,BUY,LIMIT,1701960502047,80637,0.0035628
SLPUSDT,BUY,LIMIT,1701960515213,23001,0.0035733
SLPUSDT,BUY,LIMIT,1701960535566,287129,0.0035849
SLPUSDT,SELL,LIMIT,1701960679080,1412920,0.0034672
SLPUSDT,SELL,LIMIT,1701960688411,27997,0.0034604
SLPUSDT,SELL,LIMIT,1701960757292,143723,0.0034573
SLPUSDT,SELL,LIMIT,1701960810209,20033,0.0034504
SLPUSDT,SELL,LIMIT,1701960924553,426558,0.0034409
SLPUSDT,BUY,LIMIT,1701961257337,93414,0.0035706
SLPUSDT,SELL,LIMIT,1701961266051,129991,0.0034665
SLPUSDT,BUY,LIMIT,1701961274474,56112,0.0035739
SLPUSDT,BUY,LIMIT,1701961280967,200752,0.0035725
SLPUSDT,SELL,LIMIT,1701961305049,1416430,0.0034654
SLPUSDT,SELL,LIMIT,1701961330136,2363,0.0034557
SLPUSDT,BUY,LIMIT,1701961347292,1449165,0.0035699
SLPUSDT,BUY,LIMIT,1701961699417,1243500,0.0035715
SLPUSDT,SELL,LIMIT,1701961765325,284900,0.0034883
SLPUSDT,BUY,LIMIT,1701961811798,78281,0.0036060
SLPUSDT,BUY,LIMIT,1701961838306,15496,0.0036184
SLPUSDT,BUY,LIMIT,1701961840614,134959,0.0036196
SLPUSDT,BUY,LIMIT,1701961842255,3761,0.0036209
SLPUSDT,BUY,LIMIT,1701961871032,73306,0.0036223
SLPUSDT,SELL,LIMIT,1701961925343,350063,0.0034973
SLPUSDT,SELL,LIMIT,1701961942316,354439,0.0034937
SLPUSDT,SELL,LIMIT,1701961948744,164742,0.0034906
SLPUSDT,SELL,LIMIT,1701962013274,84211,0.0034812
SLPUSDT,SELL,LIMIT,1701962017253,155248,0.0034683
SLPUSDT,SELL,LIMIT,1701962158643,9254,0.0034520
SLPUSDT,BUY,LIMIT,1701962205527,107965,0.0035784
SLPUSDT,SELL,LIMIT,1701962292329,491059,0.0034573
SLPUSDT,SELL,LIMIT,1701962545476,4465,0.0034328
SLPUSDT,SELL,LIMIT,1701962562224,28565,0.0034314
SLPUSDT,SELL,LIMIT,1701962697858,143901,0.0034234
SLPUSDT,SELL,LIMIT,1701962699743,1394920,0.0034213
SLPUSDT,BUY,LIMIT,1701962709733,15566,0.0035286
SLPUSDT,SELL,LIMIT,1701962719343,40548,0.0034187
SLPUSDT,SELL,LIMIT,1701962732556,173613,0.0034132
SLPUSDT,SELL,LIMIT,1701962766408,227596,0.0034084
SLPUSDT,BUY,LIMIT,1701962781713,120475,0.0035345
SLPUSDT,BUY,LIMIT,1701962793368,100595,0.0035511
SLPUSDT,BUY,LIMIT,1701962820463,1471,0.0035541
SLPUSDT,BUY,LIMIT,1701963031005,131375,0.0035387
SLPUSDT,SELL,LIMIT,1701963076968,1514,0.0034280
SLPUSDT,SELL,LIMIT,1701963079069,435059,0.0034246
SLPUSDT,SELL,LIMIT,1701963130949,5971,0.0034169
SLPUSDT,SELL,LIMIT,1701963140835,257879,0.0034128
SLPUSDT,SELL,LIMIT,1701963163866,784729,0.0034092
SLPUSDT,SELL,LIMIT,1701963165102,46196,0.0034047
SLPUSDT,BUY,LIMIT,1701963271440,11493,0.0035509
SLPUSDT,BUY,LIMIT,1701963422567,149450,0.0035693
SLPUSDT,BUY,LIMIT,1701963441765,671855,0.0035760
SLPUSDT,BUY,LIMIT,1701963597932,1138927,0.0035866
SLPUSDT,BUY,LIMIT,1701963932379,108530,0.0035896
SLPUSDT,BUY,LIMIT,1701963937659,11352,0.0036002
SLPUSDT,SELL,LIMIT,1701963990907,39559,0.0034868
SLPUSDT,SELL,LIMIT,1701964096114,76550,0.0034720
SLPUSDT,SELL,LIMIT,1701964108152,16813,0.0034688
SLPUSDT,SELL,LIMIT,1701964110050,112973,0.0034661
SLPUSDT,SELL,LIMIT,1701964113166,1717,0.0034564
SLPUSDT,SELL,LIMIT,1701964123105,923206,0.0034544
SLPUSDT,SELL,LIMIT,1701964126287,60062,0.0034513
SLPUSDT,SELL,LIMIT,1701964129183,56850,0.0034495
SLPUSDT,SELL,LIMIT,1701964173192,107344,0.0034425
SLPUSDT,SELL,LIMIT,1701964174977,3705,0.0034406
SLPUSDT,SELL,LIMIT,1701964317381,13189,0.0034291
SLPUSDT,BUY,LIMIT,1701964392081,150000,0.0033754
SLPUSDT,SELL,LIMIT,1701964468115,21776,0.0034233
SLPUSDT,SELL,LIMIT,1701964500231,290038,0.0034153
SLPUSDT,SELL,LIMIT,1701964502297,31094,0.0034147
SLPUSDT,SELL,LIMIT,1701964503505,165986,0.0034127
SLPUSDT,BUY,LIMIT,1701964556088,406760,0.0035570
SLPUSDT,BUY,LIMIT,1701964572907,903597,0.0035690
SLPUSDT,BUY,LIMIT,1701964589659,225320,0.0035754
SLPUSDT,BUY,LIMIT,1701964793603,1551,0.0035959
SLPUSDT,SELL,LIMIT,1701964867471,1423,0.0034680
SLPUSDT,SELL,LIMIT,1701964930559,1516,0.0034634
SLPUSDT,BUY,LIMIT,1701965017114,17708,0.0035537
SLPUSDT,BUY,LIMIT,1701965026624,142979,0.0035678
SLPUSDT,BUY,LIMIT,1701965029275,188888,0.0035707
SLPUSDT,BUY,LIMIT,1701965049445,3493,0.0035917
SLPUSDT,BUY,LIMIT,1701965061142,20302,0.0035944
SLPUSDT,BUY,LIMIT,1701965064204,42698,0.0035943
SLPUSDT,BUY,LIMIT,1701965066135,29426,0.0035717
SLPUSDT,BUY,LIMIT,1701965087134,14156,0.0036095
SLPUSDT,BUY,LIMIT,1701965093119,103556,0.0036141
SLPUSDT,BUY,LIMIT,1701965094704,76516,0.0036157
SLPUSDT,BUY,LIMIT,1701965096514,2303,0.0036159
SLPUSDT,BUY,LIMIT,1701965101685,12265,0.0036248
SLPUSDT,BUY,LIMIT,1701965155505,64859,0.0036281
SLPUSDT,BUY,LIMIT,1701965172848,96092,0.0036300
SLPUSDT,BUY,LIMIT,1701965176139,13729,0.0036300
SLPUSDT,BUY,LIMIT,1701965186110,87788,0.0036368
SLPUSDT,BUY,LIMIT,1701965187192,39620,0.0036368
SLPUSDT,BUY,LIMIT,1701965188242,1589,0.0036408
SLPUSDT,BUY,LIMIT,1701965194260,24527,0.0036472
SLPUSDT,BUY,LIMIT,1701965196568,5753,0.0036496
SLPUSDT,BUY,LIMIT,1701965220167,1410039,0.0036559
SLPUSDT,BUY,LIMIT,1701965246255,1024590,0.0036365
SLPUSDT,SELL,LIMIT,1701965263656,202061,0.0035250
SLPUSDT,SELL,LIMIT,1701965265499,74880,0.0035237
SLPUSDT,BUY,LIMIT,1701965300869,1995462,0.0036552
SLPUSDT,SELL,LIMIT,1701965347436,15947,0.0035173
SLPUSDT,SELL,LIMIT,1701965353099,123970,0.0035087
SLPUSDT,SELL,LIMIT,1701965367219,8426,0.0034954
SLPUSDT,SELL,LIMIT,1701965375172,13601,0.0034938
SLPUSDT,SELL,LIMIT,1701965397695,140607,0.0034867
SLPUSDT,SELL,LIMIT,1701965465077,1441,0.0034676
SLPUSDT,SELL,LIMIT,1701965507883,894171,0.0034711
SLPUSDT,SELL,LIMIT,1701965510503,223059,0.0034621
SLPUSDT,SELL,LIMIT,1701965530596,3667,0.0034577
SLPUSDT,SELL,LIMIT,1701965542113,694964,0.0034524
SLPUSDT,SELL,LIMIT,1701965549054,416666,0.0034441
SLPUSDT,SELL,LIMIT,1701965591898,263873,0.0034308
SLPUSDT,SELL,LIMIT,1701965616694,680257,0.0034258
SLPUSDT,SELL,LIMIT,1701965640343,285709,0.0034199
SLPUSDT,SELL,LIMIT,1701965692808,143990,0.0034151
SLPUSDT,BUY,LIMIT,1701965792791,48047,0.0035104
SLPUSDT,BUY,LIMIT,1701965814554,94521,0.0035366
SLPUSDT,BUY,LIMIT,1701965853924,21873,0.0035371
SLPUSDT,SELL,LIMIT,1701966036485,5214,0.0034180
SLPUSDT,SELL,LIMIT,1701966060916,110999,0.0034112
SLPUSDT,SELL,LIMIT,1701966151951,79216,0.0034065
SLPUSDT,SELL,LIMIT,1701966183258,45990,0.0034034
SLPUSDT,SELL,LIMIT,1701966199127,95251,0.0033972
SLPUSDT,BUY,LIMIT,1701966219299,144969,0.0035182
SLPUSDT,BUY,LIMIT,1701966237297,59260,0.0035288
SLPUSDT,SELL,LIMIT,1701966662226,7768,0.0034050
SLPUSDT,SELL,LIMIT,1701966674280,979992,0.0033904
SLPUSDT,SELL,LIMIT,1701966675820,976068,0.0033847
SLPUSDT,SELL,LIMIT,1701966682995,87601,0.0033815
SLPUSDT,SELL,LIMIT,1701966705039,257257,0.0033807
SLPUSDT,SELL,LIMIT,1701966719217,1504595,0.0033733
SLPUSDT,SELL,LIMIT,1701966720839,164292,0.0033727
SLPUSDT,SELL,LIMIT,1701966722250,101163,0.0033720
SLPUSDT,SELL,LIMIT,1701966730248,109738,0.0033670
SLPUSDT,SELL,LIMIT,1701966737471,83839,0.0033658
SLPUSDT,SELL,LIMIT,1701966740894,91179,0.0033630
SLPUSDT,SELL,LIMIT,1701966742010,2815315,0.0033464
SLPUSDT,SELL,LIMIT,1701966743254,190770,0.0033602
SLPUSDT,SELL,LIMIT,1701966744375,16370,0.0033579
SLPUSDT,BUY,LIMIT,1701966791888,1465845,0.0034784
SLPUSDT,BUY,LIMIT,1701966870982,58548,0.0034871
SLPUSDT,BUY,LIMIT,1701966964125,107899,0.0034972
SLPUSDT,SELL,LIMIT,1701967076837,87387,0.0033652
SLPUSDT,SELL,LIMIT,1701967140188,25015,0.0033637
SLPUSDT,SELL,LIMIT,1701967483134,3348,0.0033580
SLPUSDT,SELL,LIMIT,1701967484200,51540,0.0033570
SLPUSDT,BUY,LIMIT,1701967663691,256204,0.0034876
SLPUSDT,SELL,LIMIT,1701967823830,72843,0.0033803
SLPUSDT,BUY,LIMIT,1701968819076,24542,0.0034955
SLPUSDT,BUY,LIMIT,1701968820161,16665,0.0034988
SLPUSDT,SELL,LIMIT,1701968835467,89123,0.0033723
SLPUSDT,SELL,LIMIT,1701968840352,103845,0.0033666
SLPUSDT,BUY,LIMIT,1701969233649,10267,0.0034775
SLPUSDT,BUY,LIMIT,1701969248223,12795,0.0034801
SLPUSDT,BUY,LIMIT,1701969314328,274297,0.0034859
SLPUSDT,BUY,LIMIT,1701969481440,169574,0.0035019
SLPUSDT,SELL,LIMIT,1701969969203,59748,0.0033799
SLPUSDT,SELL,LIMIT,1701970071200,543552,0.0033766
SLPUSDT,SELL,LIMIT,1701970072900,286794,0.0033753
SLPUSDT,SELL,LIMIT,1701970248279,10213,0.0033669
SLPUSDT,BUY,LIMIT,1701970312711,4131,0.0034682
SLPUSDT,SELL,LIMIT,1701970342319,143616,0.0033552
SLPUSDT,SELL,LIMIT,1701970353166,277388,0.0033510
SLPUSDT,SELL,LIMIT,1701970383063,13193,0.0033475
SLPUSDT,SELL,LIMIT,1701970384146,50714,0.0033477
SLPUSDT,SELL,LIMIT,1701970385176,1459854,0.0033423
SLPUSDT,SELL,LIMIT,1701970386225,1709,0.0033430
SLPUSDT,SELL,LIMIT,1701970387410,492182,0.0033411
SLPUSDT,SELL,LIMIT,1701970390534,261141,0.0033388
SLPUSDT,SELL,LIMIT,1701970398140,1000000,0.0033377
SLPUSDT,SELL,LIMIT,1701970448886,500000,0.0033334
SLPUSDT,SELL,LIMIT,1701970450186,215540,0.0033314
SLPUSDT,SELL,LIMIT,1701970641002,37484,0.0033306
SLPUSDT,SELL,LIMIT,1701970652208,469708,0.0033283
SLPUSDT,SELL,LIMIT,1701970653242,510268,0.0033286
SLPUSDT,BUY,LIMIT,1701970741157,152349,0.0034518
SLPUSDT,SELL,LIMIT,1701970919322,56132,0.0033442
SLPUSDT,SELL,LIMIT,1701971000934,27818,0.0033343
SLPUSDT,SELL,LIMIT,1701971016341,292276,0.0033287
SLPUSDT,BUY,LIMIT,1701971122175,139854,0.0034596
SLPUSDT,BUY,LIMIT,1701971406116,490734,0.0034587
SLPUSDT,BUY,LIMIT,1701971630521,14718,0.0034781
SLPUSDT,SELL,LIMIT,1701971816488,190849,0.0033532
SLPUSDT,BUY,LIMIT,1701972510677,46704,0.0034703
SLPUSDT,BUY,LIMIT,1701972627319,83116,0.0034713
SLPUSDT,BUY,LIMIT,1701972631711,156694,0.0034744
SLPUSDT,BUY,LIMIT,1701973049038,116938,0.0034763
SLPUSDT,BUY,LIMIT,1701973202218,310855,0.0034866
SLPUSDT,BUY,LIMIT,1701973664103,40082,0.0035081
SLPUSDT,SELL,LIMIT,1701974142729,4429,0.0033729
SLPUSDT,SELL,LIMIT,1701974147373,11557,0.0033668
SLPUSDT,SELL,LIMIT,1701974266390,174449,0.0033642
SLPUSDT,SELL,LIMIT,1701974287875,440008,0.0033627
SLPUSDT,BUY,LIMIT,1701975032122,290117,0.0034887
SLPUSDT,SELL,LIMIT,1701975724201,1456148,0.0033665
SLPUSDT,SELL,LIMIT,1701975875325,1451417,0.0033552
SLPUSDT,SELL,LIMIT,1701975877952,13207,0.0033535
SLPUSDT,BUY,LIMIT,1701976087297,15177,0.0034669
SLPUSDT,BUY,LIMIT,1701976104393,327906,0.0034761
SLPUSDT,SELL,LIMIT,1701976685316,115945,0.0033660
SLPUSDT,BUY,LIMIT,1701976791281,10156,0.0034844
SLPUSDT,SELL,LIMIT,1701977008383,1760,0.0033832
SLPUSDT,SELL,LIMIT,1701977196095,130065,0.0033602
SLPUSDT,SELL,LIMIT,1701977207328,75186,0.0033568
SLPUSDT,SELL,LIMIT,1701977267882,572508,0.0033696
SLPUSDT,SELL,LIMIT,1701977291109,3761,0.0033477
SLPUSDT,SELL,LIMIT,1701977330690,67230,0.0033457
SLPUSDT,SELL,LIMIT,1701977342103,4372,0.0033433
SLPUSDT,SELL,LIMIT,1701978252591,32854,0.0033362
SLPUSDT,SELL,LIMIT,1701978284263,23148,0.0033282
SLPUSDT,BUY,LIMIT,1701978396900,40805,0.0034448
SLPUSDT,BUY,LIMIT,1701978510723,115139,0.0034550
SLPUSDT,BUY,LIMIT,1701978535146,1474926,0.0034571
SLPUSDT,BUY,LIMIT,1701978737331,82876,0.0034682
SLPUSDT,BUY,LIMIT,1701978867507,404197,0.0034744
SLPUSDT,BUY,LIMIT,1701979147902,438530,0.0034839
SLPUSDT,BUY,LIMIT,1701979877368,368304,0.0034892
SLPUSDT,BUY,LIMIT,1701979878700,145724,0.0034932
SLPUSDT,BUY,LIMIT,1701979880100,2029,0.0034936
SLPUSDT,SELL,LIMIT,1701980288565,343182,0.0033654
SLPUSDT,BUY,LIMIT,1701980304769,255718,0.0034584
SLPUSDT,SELL,LIMIT,1701981517144,11491,0.0033422
SLPUSDT,BUY,LIMIT,1701982662126,85127,0.0034683
SLPUSDT,BUY,LIMIT,1701983935894,189703,0.0034785
SLPUSDT,BUY,LIMIT,1701984759426,3644,0.0034954
SLPUSDT,BUY,LIMIT,1701984777616,222115,0.0034880
SLPUSDT,BUY,LIMIT,1701984783183,240897,0.0034986
SLPUSDT,BUY,LIMIT,1701984785739,732278,0.0035011
SLPUSDT,BUY,LIMIT,1701984820410,17267,0.0035021
SLPUSDT,SELL,LIMIT,1701985003827,127916,0.0033868
SLPUSDT,SELL,LIMIT,1701985658299,527014,0.0033622
SLPUSDT,SELL,LIMIT,1701985717084,12111,0.0033507
SLPUSDT,SELL,LIMIT,1701986927648,410940,0.0033311
SLPUSDT,SELL,LIMIT,1701986933955,161743,0.0033301
SLPUSDT,SELL,LIMIT,1701987528104,5622,0.0033266
SLPUSDT,SELL,LIMIT,1701987542434,688420,0.0033158
SLPUSDT,SELL,LIMIT,1701987543723,33336,0.0033144
SLPUSDT,SELL,LIMIT,1701987545213,33707,0.0033029
SLPUSDT,SELL,LIMIT,1701987546266,44495,0.0033076
SLPUSDT,SELL,LIMIT,1701987547814,4947,0.0033002
SLPUSDT,SELL,LIMIT,1701987549058,8643,0.0032988
SLPUSDT,SELL,LIMIT,1701987559226,300000,0.0033402
SLPUSDT,SELL,LIMIT,1701987615356,55154,0.0032939
SLPUSDT,SELL,LIMIT,1701987625074,471011,0.0032947
SLPUSDT,SELL,LIMIT,1701987633212,4948,0.0032931
SLPUSDT,SELL,LIMIT,1701987634445,1413053,0.0032935
SLPUSDT,BUY,LIMIT,1701988017910,44391,0.0034108
SLPUSDT,SELL,LIMIT,1701988372247,3675,0.0033025
SLPUSDT,SELL,LIMIT,1701988382787,18039,0.0033201
SLPUSDT,SELL,LIMIT,1701988472946,1455978,0.0032909
SLPUSDT,SELL,LIMIT,1701988475854,60000,0.0032847
SLPUSDT,SELL,LIMIT,1701988480560,41666,0.0032829
SLPUSDT,SELL,LIMIT,1701988598918,111447,0.0032779
SLPUSDT,SELL,LIMIT,1701988600140,74567,0.0032749
SLPUSDT,SELL,LIMIT,1701988601168,85983,0.0032756
SLPUSDT,SELL,LIMIT,1701990227257,59869,0.0032740
SLPUSDT,SELL,LIMIT,1701990241402,1000000,0.0032724
SLPUSDT,SELL,LIMIT,1701990243118,292531,0.0032711
SLPUSDT,SELL,LIMIT,1701990245170,3829,0.0032701
SLPUSDT,SELL,LIMIT,1701990820913,151347,0.0032688
SLPUSDT,SELL,LIMIT,1701990826110,7547,0.0032681
SLPUSDT,SELL,LIMIT,1701990827361,1761,0.0032684
SLPUSDT,SELL,LIMIT,1701991268401,15841,0.0032658
SLPUSDT,SELL,LIMIT,1701991570445,145613,0.0032665
SLPUSDT,SELL,LIMIT,1701991574813,207547,0.0032637
SLPUSDT,SELL,LIMIT,1701992043520,28741,0.0032629
SLPUSDT,SELL,LIMIT,1701992065028,21439,0.0032629
SLPUSDT,BUY,LIMIT,1701992552293,7442,0.0033905
SLPUSDT,BUY,LIMIT,1701992886892,12391,0.0033918
SLPUSDT,BUY,LIMIT,1701992991104,2047,0.0033949
SLPUSDT,BUY,LIMIT,1701993021886,130614,0.0033970
SLPUSDT,BUY,LIMIT,1701993899146,120370,0.0034052
SLPUSDT,BUY,LIMIT,1701993939233,17286,0.0034122
SLPUSDT,SELL,LIMIT,1701994053459,233047,0.0032997
SLPUSDT,SELL,LIMIT,1701994103549,16039,0.0032927
SLPUSDT,SELL,LIMIT,1701994621272,2923,0.0032966
SLPUSDT,SELL,LIMIT,1701995540279,6233,0.0033124
SLPUSDT,SELL,LIMIT,1701996400274,12676,0.0032799
SLPUSDT,SELL,LIMIT,1701996665466,7854,0.0032850
SLPUSDT,SELL,LIMIT,1701996767253,48039,0.0032772
SLPUSDT,SELL,LIMIT,1701997099303,75865,0.0032675
SLPUSDT,SELL,LIMIT,1701997447745,17057,0.0032600
SLPUSDT,SELL,LIMIT,1701997452159,391755,0.0032570
SLPUSDT,SELL,LIMIT,1701997474471,307228,0.0032550
SLPUSDT,SELL,LIMIT,1701997508130,3588,0.0032532
SLPUSDT,SELL,LIMIT,1701997586199,25237,0.0032521
SLPUSDT,SELL,LIMIT,1701997652057,2604,0.0032495
SLPUSDT,SELL,LIMIT,1701997653285,5737,0.0032498
SLPUSDT,SELL,LIMIT,1701997740076,9219,0.0032476
SLPUSDT,SELL,LIMIT,1701997750024,23494,0.0032468
SLPUSDT,SELL,LIMIT,1701997762997,71750,0.0032437
SLPUSDT,BUY,LIMIT,1701998252935,11105,0.0033724
SLPUSDT,SELL,LIMIT,1701998490303,1966,0.0032730
SLPUSDT,SELL,LIMIT,1702001836711,45112,0.0032586
SLPUSDT,SELL,LIMIT,1702001890807,55691,0.0032544
SLPUSDT,SELL,LIMIT,1702001964911,24716,0.0032533
SLPUSDT,SELL,LIMIT,1702003651702,14311,0.0032682
SLPUSDT,SELL,LIMIT,1702003653590,543987,0.0032722
SLPUSDT,BUY,LIMIT,1702003960074,86528,0.0033898
SLPUSDT,BUY,LIMIT,1702003991257,10288,0.0033952
SLPUSDT,SELL,LIMIT,1702005150423,73746,0.0032801
SLPUSDT,BUY,LIMIT,1702005325251,2995,0.0033868
SLPUSDT,BUY,LIMIT,1702005490453,7,0.0033981
SLPUSDT,SELL,LIMIT,1702007266398,30472,0.0032991
SLPUSDT,SELL,LIMIT,1702007861988,34869,0.0032792
SLPUSDT,SELL,LIMIT,1702008043781,44847,0.0032744
SLPUSDT,SELL,LIMIT,1702010320840,21599,0.0032927
SLPUSDT,SELL,LIMIT,1702010327917,637,0.0032900
SLPUSDT,SELL,LIMIT,1702010347576,25365,0.0032839
SLPUSDT,SELL,LIMIT,1702010669983,31776,0.0032867
SLPUSDT,SELL,LIMIT,1702011344302,16255,0.0032627
SLPUSDT,SELL,LIMIT,1702011441048,69936,0.0032563
SLPUSDT,SELL,LIMIT,1702011570865,105612,0.0032487
SLPUSDT,SELL,LIMIT,1702011656535,196198,0.0032447
SLPUSDT,SELL,LIMIT,1702011852322,70196,0.0032446
SLPUSDT,SELL,LIMIT,1702011856631,10000,0.0032424
SLPUSDT,SELL,LIMIT,1702011858531,4845830,0.0032164
SLPUSDT,SELL,LIMIT,1702011860058,13537,0.0032343
SLPUSDT,SELL,LIMIT,1702011861103,195229,0.0032339
SLPUSDT,SELL,LIMIT,1702011945444,100000,0.0032351
SLPUSDT,SELL,LIMIT,1702012043647,35538,0.0032290
SLPUSDT,SELL,LIMIT,1702012191158,6932,0.0032252
SLPUSDT,SELL,LIMIT,1702012192178,118666,0.0032257
SLPUSDT,SELL,LIMIT,1702012254929,435387,0.0032236
SLPUSDT,SELL,LIMIT,1702012287336,1508754,0.0032219
SLPUSDT,SELL,LIMIT,1702012288699,7909,0.0032215
SLPUSDT,SELL,LIMIT,1702012841251,2861507,0.0031970
SLPUSDT,SELL,LIMIT,1702013038323,100000,0.0032032
SLPUSDT,SELL,LIMIT,1702013039653,500000,0.0032011
SLPUSDT,SELL,LIMIT,1702013042357,29965,0.0031981
SLPUSDT,SELL,LIMIT,1702013170926,156060,0.0031966
SLPUSDT,SELL,LIMIT,1702013480643,45327,0.0031867
SLPUSDT,SELL,LIMIT,1702013492069,60207,0.0031854
SLPUSDT,SELL,LIMIT,1702013493148,15779,0.0031846
SLPUSDT,SELL,LIMIT,1702013641086,592349,0.0031837
SLPUSDT,SELL,LIMIT,1702013643437,3201,0.0031807
SLPUSDT,SELL,LIMIT,1702014752917,45747,0.0031740
SLPUSDT,BUY,LIMIT,1702015908192,12729,0.0032912
SLPUSDT,BUY,LIMIT,1702015929286,907482,0.0032956
SLPUSDT,BUY,LIMIT,1702017801624,5774,0.0033026
SLPUSDT,BUY,LIMIT,1702018169384,112822,0.0033170
SLPUSDT,SELL,LIMIT,1702022412718,75760,0.0032129
SLPUSDT,SELL,LIMIT,1702022564427,84780,0.0032131
SLPUSDT,SELL,LIMIT,1702023535209,17618,0.0032005
SLPUSDT,SELL,LIMIT,1702023536386,4291,0.0031996
SLPUSDT,SELL,LIMIT,1702025834382,102869,0.0031843
SLPUSDT,SELL,LIMIT,1702025914166,4900064,0.0031546
SLPUSDT,SELL,LIMIT,1702025943765,1208294,0.0031737
SLPUSDT,SELL,LIMIT,1702026859898,28713,0.0031709
SLPUSDT,BUY,LIMIT,1702027105143,77519,0.0032844
SLPUSDT,SELL,LIMIT,1702029632356,179659,0.0031675
SLPUSDT,SELL,LIMIT,1702029634547,3103,0.0031664
SLPUSDT,SELL,LIMIT,1702029636292,39618,0.0031646
SLPUSDT,SELL,LIMIT,1702029638214,87558,0.0031629
SLPUSDT,SELL,LIMIT,1702029643517,9317,0.0031620
SLPUSDT,SELL,LIMIT,1702031990491,12301,0.0031675
SLPUSDT,BUY,LIMIT,1702035479674,463535,0.0033109
SLPUSDT,BUY,LIMIT,1702035791392,75296,0.0033179
SLPUSDT,BUY,LIMIT,1702036308169,107154,0.0033273
SLPUSDT,SELL,LIMIT,1702036911762,137042,0.0032151
SLPUSDT,SELL,LIMIT,1702036940557,1526251,0.0032118
SLPUSDT,BUY,LIMIT,1702038460264,7725434,0.0033385
SLPUSDT,BUY,LIMIT,1702038922464,135971,0.0033453
SLPUSDT,BUY,LIMIT,1702038997467,251129,0.0033455
SLPUSDT,BUY,LIMIT,1702039041071,5506,0.0033514
SLPUSDT,BUY,LIMIT,1702043336582,1553277,0.0033800
SLPUSDT,SELL,LIMIT,1702043859825,276228,0.0032605
SLPUSDT,SELL,LIMIT,1702044413557,1435267,0.0032508
SLPUSDT,BUY,LIMIT,1702045018161,593998,0.0033871
SLPUSDT,BUY,LIMIT,1702045038314,310462,0.0033916
SLPUSDT,BUY,LIMIT,1702045040408,618314,0.0033954
SLPUSDT,BUY,LIMIT,1702045124549,8932,0.0034070
SLPUSDT,BUY,LIMIT,1702045129551,10673,0.0034112
SLPUSDT,BUY,LIMIT,1702045132097,30185,0.0034130
SLPUSDT,BUY,LIMIT,1702047395342,100000,0.0034207
SLPUSDT,SELL,LIMIT,1702047784786,121627,0.0032945
SLPUSDT,SELL,LIMIT,1702048392721,29883,0.0033083
SLPUSDT,BUY,LIMIT,1702048993082,49758,0.0034327
SLPUSDT,BUY,LIMIT,1702050137650,9096,0.0034079
SLPUSDT,BUY,LIMIT,1702052530226,25959,0.0034215
SLPUSDT,BUY,LIMIT,1702052586627,46728,0.0033986
SLPUSDT,SELL,LIMIT,1702052839547,31325,0.0033016
SLPUSDT,SELL,LIMIT,1702055009750,8593,0.0033177
SLPUSDT,SELL,LIMIT,1702056326079,34174,0.0033031
SLPUSDT,BUY,LIMIT,1702057037641,1493455,0.0034158
SLPUSDT,BUY,LIMIT,1702058105273,221991,0.0034425
SLPUSDT,BUY,LIMIT,1702058310074,1796,0.0034518
SLPUSDT,BUY,LIMIT,1702058442056,29629,0.0034578
SLPUSDT,BUY,LIMIT,1702058466650,101912,0.0034592
SLPUSDT,BUY,LIMIT,1702058499916,52371,0.0034623
SLPUSDT,BUY,LIMIT,1702058530278,30303,0.0034653
SLPUSDT,BUY,LIMIT,1702058531404,7077,0.0034655
SLPUSDT,BUY,LIMIT,1702058798097,397013,0.0034787
SLPUSDT,BUY,LIMIT,1702058887104,48451,0.0034846
SLPUSDT,BUY,LIMIT,1702058888746,2282548,0.0034990
SLPUSDT,BUY,LIMIT,1702058917066,71899,0.0035043
SLPUSDT,BUY,LIMIT,1702058918452,17335,0.0035036
SLPUSDT,BUY,LIMIT,1702058948187,166039,0.0035169
SLPUSDT,BUY,LIMIT,1702058997267,3119,0.0035401
SLPUSDT,SELL,LIMIT,1702059183567,360677,0.0033944
SLPUSDT,SELL,LIMIT,1702059288767,325746,0.0033818
SLPUSDT,SELL,LIMIT,1702059300154,340743,0.0033812
SLPUSDT,SELL,LIMIT,1702059689248,75815,0.0033449
SLPUSDT,SELL,LIMIT,1702061572919,141453,0.0033312
SLPUSDT,BUY,LIMIT,1702064900200,156443,0.0034764
SLPUSDT,BUY,LIMIT,1702065568747,121527,0.0034940
SLPUSDT,SELL,LIMIT,1702067703115,2906,0.0033731
SLPUSDT,SELL,LIMIT,1702068330528,114335,0.0033716
SLPUSDT,BUY,LIMIT,1702068898107,17974,0.0035188
SLPUSDT,SELL,LIMIT,1702070486091,50899,0.0033883
SLPUSDT,SELL,LIMIT,1702072812223,937079,0.0033897
SLPUSDT,SELL,LIMIT,1702075411148,346557,0.0033902
SLPUSDT,SELL,LIMIT,1702075906396,29600,0.0033890
SLPUSDT,BUY,LIMIT,1702076743667,21821,0.0035040
SLPUSDT,BUY,LIMIT,1702078502987,1714,0.0035189
SLPUSDT,BUY,LIMIT,1702078591064,305601,0.0035189
SLPUSDT,BUY,LIMIT,1702080108985,35959,0.0035456
SLPUSDT,BUY,LIMIT,1702080227364,155520,0.0035433
SLPUSDT,BUY,LIMIT,1702080976648,58209,0.0035498
SLPUSDT,BUY,LIMIT,1702081475176,5015,0.0035566
SLPUSDT,BUY,LIMIT,1702081476521,52230,0.0035582
SLPUSDT,BUY,LIMIT,1702081487053,1039897,0.0035610
SLPUSDT,BUY,LIMIT,1702081682563,241129,0.0035889
SLPUSDT,SELL,LIMIT,1702083828501,10121,0.0034289
SLPUSDT,SELL,LIMIT,1702084100443,1546052,0.0033991
SLPUSDT,BUY,LIMIT,1702084677357,137968,0.0035534
SLPUSDT,SELL,LIMIT,1702087262431,2065,0.0034354
SLPUSDT,BUY,LIMIT,1702092401456,3229,0.0035403
SLPUSDT,BUY,LIMIT,1702092417944,31056,0.0035434
SLPUSDT,BUY,LIMIT,1702092963563,51460,0.0035632
SLPUSDT,BUY,LIMIT,1702093548063,165893,0.0036010
SLPUSDT,BUY,LIMIT,1702093572167,556572,0.0036085
SLPUSDT,BUY,LIMIT,1702093604811,5175,0.0036152
SLPUSDT,SELL,LIMIT,1702093762454,90606,0.0034836
SLPUSDT,BUY,LIMIT,1702094686418,13897,0.0036266
SLPUSDT,BUY,LIMIT,1702094689472,2017,0.0036286
SLPUSDT,SELL,LIMIT,1702094774031,40779,0.0035140
SLPUSDT,SELL,LIMIT,1702099370303,5657,0.0034191
SLPUSDT,SELL,LIMIT,1702101320246,2279,0.0034032
SLPUSDT,SELL,LIMIT,1702101322833,7468,0.0034002
SLPUSDT,BUY,LIMIT,1702105908477,28392,0.0035493
SLPUSDT,BUY,LIMIT,1702106673579,17316,0.0035602
SLPUSDT,BUY,LIMIT,1702106749884,40615,0.0035884
SLPUSDT,BUY,LIMIT,1702106783561,34327,0.0036141
SLPUSDT,BUY,LIMIT,1702106827351,150182,0.0036293
SLPUSDT,BUY,LIMIT,1702106903351,1812,0.0036419
SLPUSDT,BUY,LIMIT,1702106910280,152685,0.0036457
SLPUSDT,BUY,LIMIT,1702106913143,74296,0.0036483
SLPUSDT,BUY,LIMIT,1702107015299,57028,0.0036597
SLPUSDT,BUY,LIMIT,1702107030884,4498,0.0036629
SLPUSDT,BUY,LIMIT,1702107041133,19613,0.0036650
SLPUSDT,BUY,LIMIT,1702107057127,533272,0.0036753
SLPUSDT,BUY,LIMIT,1702107151100,52106,0.0036580
SLPUSDT,BUY,LIMIT,1702107277131,203408,0.0036781
SLPUSDT,BUY,LIMIT,1702107278257,65741,0.0036784
SLPUSDT,BUY,LIMIT,1702107282939,391636,0.0036853
SLPUSDT,BUY,LIMIT,1702107289249,237695,0.0036871
SLPUSDT,BUY,LIMIT,1702107294086,62254,0.0036894
SLPUSDT,BUY,LIMIT,1702107296754,147587,0.0036924
SLPUSDT,BUY,LIMIT,1702107319757,55550,0.0036932
SLPUSDT,BUY,LIMIT,1702107330900,1218860,0.0037035
SLPUSDT,BUY,LIMIT,1702107333560,18433,0.0037095
SLPUSDT,BUY,LIMIT,1702107342658,45976,0.0037107
SLPUSDT,BUY,LIMIT,1702107374047,1645,0.0037160
SLPUSDT,BUY,LIMIT,1702107384479,17913,0.0037251
SLPUSDT,BUY,LIMIT,1702107391330,5848,0.0037267
SLPUSDT,BUY,LIMIT,1702107399276,13666,0.0037312
SLPUSDT,BUY,LIMIT,1702107478331,182038,0.0037497
SLPUSDT,BUY,LIMIT,1702107479667,45717,0.0037555
SLPUSDT,SELL,LIMIT,1702107511130,12350,0.0036182
SLPUSDT,SELL,LIMIT,1702107549092,1300036,0.0036099
SLPUSDT,BUY,LIMIT,1702107561056,4638,0.0037453
SLPUSDT,SELL,LIMIT,1702107677257,76602,0.0036354
SLPUSDT,BUY,LIMIT,1702107864160,1924,0.0037382
SLPUSDT,SELL,LIMIT,1702107895127,54138,0.0036121
SLPUSDT,SELL,LIMIT,1702108221155,18182,0.0035953
SLPUSDT,SELL,LIMIT,1702108243606,163619,0.0035887
SLPUSDT,SELL,LIMIT,1702108318245,12796,0.0035782
SLPUSDT,BUY,LIMIT,1702108364241,44469,0.0036850
SLPUSDT,BUY,LIMIT,1702108817954,486,0.0036671
SLPUSDT,BUY,LIMIT,1702109244834,7939,0.0036499
SLPUSDT,BUY,LIMIT,1702109359571,3437,0.0036438
SLPUSDT,BUY,LIMIT,1702109514107,43302,0.0036256
SLPUSDT,BUY,LIMIT,1702109557184,358790,0.0036188
SLPUSDT,BUY,LIMIT,1702109720050,15883,0.0036453
SLPUSDT,BUY,LIMIT,1702109771759,101663,0.0036528
SLPUSDT,BUY,LIMIT,1702109809402,353563,0.0036408
SLPUSDT,SELL,LIMIT,1702110150350,3368,0.0035028
SLPUSDT,BUY,LIMIT,1702110200171,28259,0.0036106
SLPUSDT,SELL,LIMIT,1702110426267,40813,0.0034992
SLPUSDT,SELL,LIMIT,1702110700786,12782,0.0034939
SLPUSDT,SELL,LIMIT,1702110861395,4532,0.0034937
SLPUSDT,SELL,LIMIT,1702110912026,1373,0.0034869
SLPUSDT,SELL,LIMIT,1702110970061,1699,0.0034760
SLPUSDT,SELL,LIMIT,1702110971538,906568,0.0034760
SLPUSDT,SELL,LIMIT,1702111030135,3940,0.0034390
SLPUSDT,SELL,LIMIT,1702111046580,34363,0.0034308
SLPUSDT,SELL,LIMIT,1702111378170,180656,0.0034209
SLPUSDT,SELL,LIMIT,1702111380770,51630,0.0034156
SLPUSDT,SELL,LIMIT,1702111384239,194782,0.0034176
SLPUSDT,BUY,LIMIT,1702111408123,499275,0.0035347
SLPUSDT,SELL,LIMIT,1702112095341,642171,0.0034429
SLPUSDT,SELL,LIMIT,1702114668495,4944,0.0034564
SLPUSDT,SELL,LIMIT,1702115641952,657643,0.0034345
SLPUSDT,SELL,LIMIT,1702115988374,2404,0.0035319
SLPUSDT,SELL,LIMIT,1702120576438,190891,0.0034691
SLPUSDT,SELL,LIMIT,1702122257650,155509,0.0034435
SLPUSDT,SELL,LIMIT,1702125886689,350881,0.0034578
SLPUSDT,SELL,LIMIT,1702127967643,14725,0.0034195
SLPUSDT,SELL,LIMIT,1702128641363,11633,0.0034144
SLPUSDT,SELL,LIMIT,1702128654111,1735,0.0034126
SLPUSDT,BUY,LIMIT,1702128805684,789936,0.0035269
SLPUSDT,SELL,LIMIT,1702132286375,20126,0.0034082
SLPUSDT,SELL,LIMIT,1702132452688,470441,0.0033961
SLPUSDT,SELL,LIMIT,1702132456184,20000,0.0033938
SLPUSDT,SELL,LIMIT,1702132474032,90557,0.0033933
SLPUSDT,SELL,LIMIT,1702132603093,482941,0.0033828
SLPUSDT,SELL,LIMIT,1702132636583,13964,0.0033761
SLPUSDT,SELL,LIMIT,1702132997355,139337,0.0033609
SLPUSDT,SELL,LIMIT,1702133000844,51016,0.0033570
SLPUSDT,SELL,LIMIT,1702133005886,4198,0.0033474
SLPUSDT,SELL,LIMIT,1702133007084,1978994,0.0033383
SLPUSDT,SELL,LIMIT,1702133008549,114609,0.0033469
SLPUSDT,SELL,LIMIT,1702137067978,1389828,0.0033336
SLPUSDT,SELL,LIMIT,1702137068982,137866,0.0033326
SLPUSDT,BUY,LIMIT,1702137760188,19834,0.0034548
SLPUSDT,SELL,LIMIT,1702138904830,54541,0.0033350
SLPUSDT,SELL,LIMIT,1702138909421,29411,0.0033339
SLPUSDT,SELL,LIMIT,1702138931158,896564,0.0033299
SLPUSDT,SELL,LIMIT,1702138932208,12071,0.0033244
SLPUSDT,SELL,LIMIT,1702138955176,89872,0.0033861
SLPUSDT,SELL,LIMIT,1702138998179,100222,0.0033209
SLPUSDT,SELL,LIMIT,1702138999931,48686,0.0033199
SLPUSDT,SELL,LIMIT,1702139016406,86058,0.0033131
SLPUSDT,SELL,LIMIT,1702139119729,767000,0.0033095
SLPUSDT,SELL,LIMIT,1702139123530,182907,0.0033050
SLPUSDT,SELL,LIMIT,1702139285490,120844,0.0032968
SLPUSDT,SELL,LIMIT,1702139286576,168458,0.0032968
SLPUSDT,SELL,LIMIT,1702139292276,414041,0.0032901
SLPUSDT,SELL,LIMIT,1702140764788,60056,0.0032994
SLPUSDT,SELL,LIMIT,1702141634388,213859,0.0032786
SLPUSDT,SELL,LIMIT,1702141655498,4925,0.0032745
SLPUSDT,SELL,LIMIT,1702141699199,5910,0.0032720
SLPUSDT,SELL,LIMIT,1702141703245,1947,0.0032688
SLPUSDT,SELL,LIMIT,1702144631232,75864,0.0032821
SLPUSDT,SELL,LIMIT,1702152911061,19987,0.0032915
SLPUSDT,SELL,LIMIT,1702156349375,96891,0.0032689
SLPUSDT,SELL,LIMIT,1702156371003,194192,0.0032628
SLPUSDT,SELL,LIMIT,1702162545116,1501584,0.0032707
SLPUSDT,SELL,LIMIT,1702162594557,1780,0.0032684
SLPUSDT,SELL,LIMIT,1702162650850,276417,0.0032616
SLPUSDT,SELL,LIMIT,1702164092536,6644,0.0032961
SLPUSDT,SELL,LIMIT,1702164255105,168048,0.0032579
SLPUSDT,SELL,LIMIT,1702164295842,179694,0.0032563
SLPUSDT,SELL,LIMIT,1702164543483,57758,0.0032496
SLPUSDT,SELL,LIMIT,1702164545235,9356,0.0032466
SLPUSDT,SELL,LIMIT,1702164546259,20857,0.0032473
SLPUSDT,SELL,LIMIT,1702164549248,67869,0.0032465
SLPUSDT,SELL,LIMIT,1702164746549,100591,0.0032488
SLPUSDT,SELL,LIMIT,1702164750688,249721,0.0032377
SLPUSDT,SELL,LIMIT,1702164752488,273165,0.0032313
SLPUSDT,SELL,LIMIT,1702164801508,212406,0.0032216
SLPUSDT,SELL,LIMIT,1702164802744,1691773,0.0032253
SLPUSDT,SELL,LIMIT,1702164810248,17038,0.0032137
SLPUSDT,SELL,LIMIT,1702164811459,303072,0.0032132
SLPUSDT,BUY,LIMIT,1702167141236,15006,0.0033706
SLPUSDT,SELL,LIMIT,1702192064149,92961,0.0032886
SLPUSDT,SELL,LIMIT,1702192728970,1357439,0.0032838
SLPUSDT,SELL,LIMIT,1702193903438,64352,0.0032619
SLPUSDT,SELL,LIMIT,1702193925352,163771,0.0032592
SLPUSDT,SELL,LIMIT,1702193930172,14858,0.0032556
SLPUSDT,SELL,LIMIT,1702197052540,102572,0.0032696
SLPUSDT,SELL,LIMIT,1702197074025,33269,0.0032642
SLPUSDT,BUY,LIMIT,1702198002325,42933,0.0033694
SLPUSDT,SELL,LIMIT,1702200762230,1510294,0.0032478
SLPUSDT,SELL,LIMIT,1702200763612,194541,0.0032459
SLPUSDT,SELL,LIMIT,1702200786533,13492,0.0032392
SLPUSDT,SELL,LIMIT,1702200884056,177583,0.0032345
SLPUSDT,SELL,LIMIT,1702200897657,346860,0.0032316
SLPUSDT,SELL,LIMIT,1702202258355,1310991,0.0032161
SLPUSDT,SELL,LIMIT,1702202279709,311577,0.0032106
SLPUSDT,SELL,LIMIT,1702202280917,201425,0.0032095
SLPUSDT,SELL,LIMIT,1702202282093,225387,0.0032079
SLPUSDT,SELL,LIMIT,1702202321045,53664,0.0032023
SLPUSDT,SELL,LIMIT,1702202324630,68559,0.0032012
SLPUSDT,SELL,LIMIT,1702202382336,14168,0.0031946
SLPUSDT,SELL,LIMIT,1702202395904,565139,0.0031947
SLPUSDT,SELL,LIMIT,1702208024333,88462,0.0032206
SLPUSDT,BUY,LIMIT,1702210684456,57111,0.0033381
SLPUSDT,SELL,LIMIT,1702213779187,1425711,0.0032283
SLPUSDT,BUY,LIMIT,1702219731137,141900,0.0033547
SLPUSDT,BUY,LIMIT,1702219757748,7039,0.0033575
SLPUSDT,BUY,LIMIT,1702220168699,30303,0.0033653
SLPUSDT,BUY,LIMIT,1702222290832,1510574,0.0033730
SLPUSDT,SELL,LIMIT,1702224357143,1415406,0.0032515
SLPUSDT,SELL,LIMIT,1702225839243,119362,0.0032355
SLPUSDT,SELL,LIMIT,1702227055283,26550,0.0032250
SLPUSDT,SELL,LIMIT,1702230144704,1530,0.0031995
SLPUSDT,SELL,LIMIT,1702230262861,644556,0.0031901
SLPUSDT,BUY,LIMIT,1702238850218,951929,0.0033642
SLPUSDT,BUY,LIMIT,1702240351299,9802,0.0033807
SLPUSDT,BUY,LIMIT,1702240374323,7029,0.0033828
SLPUSDT,BUY,LIMIT,1702241597237,5511,0.0034035
SLPUSDT,BUY,LIMIT,1702243334109,21262,0.0034171
SLPUSDT,SELL,LIMIT,1702250556369,1562,0.0032504
SLPUSDT,SELL,LIMIT,1702255448269,298427,0.0032570
SLPUSDT,SELL,LIMIT,1702256918356,21076,0.0032032
SLPUSDT,SELL,LIMIT,1702257004076,1597,0.0031910
SLPUSDT,SELL,LIMIT,1702257005115,17768,0.0031875
SLPUSDT,SELL,LIMIT,1702257009370,57929,0.0031863
SLPUSDT,BUY,LIMIT,1702257093362,46194,0.0033056
SLPUSDT,SELL,LIMIT,1702260430091,90000,0.0032077
SLPUSDT,SELL,LIMIT,1702260432532,168401,0.0032074
SLPUSDT,SELL,LIMIT,1702260443773,357726,0.0031942
SLPUSDT,SELL,LIMIT,1702260488986,1100000,0.0031898
SLPUSDT,SELL,LIMIT,1702260614448,7256,0.0031844
SLPUSDT,SELL,LIMIT,1702260617341,2842524,0.0031674
SLPUSDT,SELL,LIMIT,1702260618381,138018,0.0031836
SLPUSDT,SELL,LIMIT,1702260626466,731327,0.0031775
SLPUSDT,SELL,LIMIT,1702260630434,7774,0.0031703
SLPUSDT,SELL,LIMIT,1702260632740,1208459,0.0031664
SLPUSDT,SELL,LIMIT,1702260633795,53574,0.0031653
SLPUSDT,SELL,LIMIT,1702260635449,1541986,0.0031629
SLPUSDT,SELL,LIMIT,1702260636703,322669,0.0031528
SLPUSDT,SELL,LIMIT,1702260637730,133898,0.0031583
SLPUSDT,SELL,LIMIT,1702260639074,11250,0.0031510
SLPUSDT,SELL,LIMIT,1702260695987,89239,0.0031526
SLPUSDT,SELL,LIMIT,1702260699262,304822,0.0031511
SLPUSDT,SELL,LIMIT,1702260700813,49064,0.0031506
SLPUSDT,SELL,LIMIT,1702260709282,6268,0.0031456
SLPUSDT,SELL,LIMIT,1702260710288,3565,0.0031419
SLPUSDT,SELL,LIMIT,1702260711429,30000,0.0031399
SLPUSDT,SELL,LIMIT,1702260714053,228966,0.0031400
SLPUSDT,SELL,LIMIT,1702260715491,1068565,0.0031498
SLPUSDT,SELL,LIMIT,1702260717735,3019,0.0031302
SLPUSDT,SELL,LIMIT,1702260718818,15208,0.0031249
SLPUSDT,SELL,LIMIT,1702260719846,4985,0.0031203
SLPUSDT,SELL,LIMIT,1702260721526,103176,0.0031170
SLPUSDT,SELL,LIMIT,1702260724664,41252,0.0031127
SLPUSDT,SELL,LIMIT,1702260726283,167303,0.0031102
SLPUSDT,SELL,LIMIT,1702260727707,1896985,0.0031011
SLPUSDT,SELL,LIMIT,1702260728750,122939,0.0031084
SLPUSDT,SELL,LIMIT,1702260730092,609737,0.0031008
SLPUSDT,SELL,LIMIT,1702260731194,90018,0.0030946
SLPUSDT,SELL,LIMIT,1702260732818,314651,0.0030914
SLPUSDT,SELL,LIMIT,1702260733898,234743,0.0030909
SLPUSDT,SELL,LIMIT,1702260735478,15388,0.0030853
SLPUSDT,SELL,LIMIT,1702260736657,33469,0.0031062
SLPUSDT,SELL,LIMIT,1702260738709,1547029,0.0030726
SLPUSDT,SELL,LIMIT,1702260739820,19037,0.0030807
SLPUSDT,SELL,LIMIT,1702260740895,42407,0.0030770
SLPUSDT,SELL,LIMIT,1702260744126,90686,0.0030685
SLPUSDT,SELL,LIMIT,1702260745854,9014,0.0030738
SLPUSDT,SELL,LIMIT,1702260747563,298155,0.0030733
SLPUSDT,SELL,LIMIT,1702260748702,77742,0.0030663
SLPUSDT,SELL,LIMIT,1702260750415,50000,0.0030618
SLPUSDT,SELL,LIMIT,1702260752621,6297,0.0030549
SLPUSDT,SELL,LIMIT,1702260753737,34909,0.0030506
SLPUSDT,SELL,LIMIT,1702260754945,147797,0.0033349
SLPUSDT,SELL,LIMIT,1702260756553,524895,0.0030448
SLPUSDT,SELL,LIMIT,1702260757614,3,0.0030418
SLPUSDT,SELL,LIMIT,1702260758729,1400000,0.0030289
SLPUSDT,SELL,LIMIT,1702260760562,670097,0.0030180
SLPUSDT,SELL,LIMIT,1702260761831,15531,0.0030147
SLPUSDT,SELL,LIMIT,1702260762859,54405,0.0030173
SLPUSDT,SELL,LIMIT,1702260763875,252513,0.0030031
SLPUSDT,SELL,LIMIT,1702260764936,153179,0.0029980
SLPUSDT,SELL,LIMIT,1702260765962,60800,0.0029947
SLPUSDT,SELL,LIMIT,1702260767098,2486125,0.0029737
SLPUSDT,SELL,LIMIT,1702260768093,4614,0.0029720
SLPUSDT,SELL,LIMIT,1702260769930,1164241,0.0029653
SLPUSDT,SELL,LIMIT,1702260771193,114281,0.0029653
SLPUSDT,SELL,LIMIT,1702260772335,384429,0.0029464
SLPUSDT,SELL,LIMIT,1702260773476,30721,0.0029351
SLPUSDT,SELL,LIMIT,1702260774474,27598,0.0029352
SLPUSDT,SELL,LIMIT,1702260775542,55284,0.0029325
SLPUSDT,SELL,LIMIT,1702260777171,585994,0.0029304
SLPUSDT,SELL,LIMIT,1702260778327,33989,0.0029211
SLPUSDT,SELL,LIMIT,1702260779384,30513,0.0029235
SLPUSDT,SELL,LIMIT,1702260781956,10855703,0.0028781
SLPUSDT,SELL,LIMIT,1702260783264,158478,0.0029236
SLPUSDT,SELL,LIMIT,1702260784339,5000,0.0031453
SLPUSDT,SELL,LIMIT,1702260785382,23048,0.0029071
SLPUSDT,SELL,LIMIT,1702260786449,572082,0.0029026
SLPUSDT,SELL,LIMIT,1702260787660,776182,0.0028887
SLPUSDT,SELL,LIMIT,1702260788764,1129032,0.0028802
SLPUSDT,SELL,LIMIT,1702260789961,51560,0.0028865
SLPUSDT,SELL,LIMIT,1702260791059,31243,0.0028813
SLPUSDT,SELL,LIMIT,1702260792607,188980,0.0028582
SLPUSDT,SELL,LIMIT,1702260793685,5000,0.0028579
SLPUSDT,SELL,LIMIT,1702260794872,6238023,0.0027953
SLPUSDT,SELL,LIMIT,1702260797359,792988,0.0028392
SLPUSDT,SELL,LIMIT,1702260798608,2248,0.0028192
SLPUSDT,SELL,LIMIT,1702260799677,36736,0.0028044
SLPUSDT,SELL,LIMIT,1702260800731,75468,0.0028092
SLPUSDT,SELL,LIMIT,1702260803535,837471,0.0027891
SLPUSDT,SELL,LIMIT,1702260804713,175685,0.0027993
SLPUSDT,SELL,LIMIT,1702260806393,10348,0.0027877
SLPUSDT,SELL,LIMIT,1702260807565,69858,0.0028140
SLPUSDT,SELL,LIMIT,1702260808620,430541,0.0027903
SLPUSDT,SELL,LIMIT,1702260809874,55780,0.0027810
SLPUSDT,SELL,LIMIT,1702260811413,16366,0.0027811
SLPUSDT,SELL,LIMIT,1702260812450,90897,0.0027623
SLPUSDT,SELL,LIMIT,1702260813470,4505,0.0027689
SLPUSDT,SELL,LIMIT,1702260814663,2209,0.0027839
SLPUSDT,SELL,LIMIT,1702260818417,14965,0.0027651
SLPUSDT,BUY,LIMIT,1702260828669,54409,0.0029030
SLPUSDT,BUY,LIMIT,1702260840392,11363,0.0029888
SLPUSDT,BUY,LIMIT,1702261819127,4867,0.0031166
SLPUSDT,SELL,LIMIT,1702262296956,399022,0.0030092
SLPUSDT,SELL,LIMIT,1702262609244,2609,0.0029751
SLPUSDT,SELL,LIMIT,1702262615563,41829,0.0029734
SLPUSDT,BUY,LIMIT,1702265424775,138477,0.0031348
SLPUSDT,BUY,LIMIT,1702265674106,237118,0.0031364
SLPUSDT,BUY,LIMIT,1702267531473,27479,0.0031702
SLPUSDT,BUY,LIMIT,1702267684192,471851,0.0031888
