Symbol,Side,Order Type,Time,Quantity,Price
SLPUSDT,SELL,LIMIT,1701067092008,1997338,0.0024457
SLPUSDT,SELL,LIMIT,1701067102176,8477,0.0024428
SLPUSDT,SELL,LIMIT,1701067103181,2230673,0.0024371
SLPUSDT,SELL,LIMIT,1701067166824,247696,0.0024387
SLPUSDT,SELL,LIMIT,1701067682625,113545,0.0024270
SLPUSDT,SELL,LIMIT,1701068068991,39739,0.0024182
SLPUSDT,SELL,LIMIT,1701068200471,81267,0.0024116
SLPUSDT,SELL,LIMIT,1701068238609,27751,0.0024099
SLPUSDT,SELL,LIMIT,1701068259060,3522,0.0024082
SLPUSDT,SELL,LIMIT,1701068899918,2300880,0.0024031
SLPUSDT,SELL,LIMIT,1701069341045,166640,0.0023999
SLPUSDT,SELL,LIMIT,1701069495370,34940,0.0023959
SLPUSDT,SELL,LIMIT,1701069523106,47713,0.0023982
SLPUSDT,SELL,LIMIT,1701069536315,226975,0.0023934
SLPUSDT,SELL,LIMIT,1701069552044,5231,0.0023955
SLPUSDT,SELL,LIMIT,1701069580189,407777,0.0023907
SLPUSDT,SELL,LIMIT,1701069782061,36210,0.0023901
SLPUSDT,SELL,LIMIT,1701069805563,22270,0.0023877
SLPUSDT,SELL,LIMIT,1701069862702,206306,0.0023799
SLPUSDT,SELL,LIMIT,1701069884234,660468,0.0023776
SLPUSDT,SELL,LIMIT,1701069885333,20618,0.0023769
SLPUSDT,SELL,LIMIT,1701069896430,7833,0.0023748
SLPUSDT,SELL,LIMIT,1701069900345,1140285,0.0023750
SLPUSDT,SELL,LIMIT,1701069917370,2069171,0.0023732
SLPUSDT,SELL,LIMIT,1701070168635,122257,0.0023704
SLPUSDT,SELL,LIMIT,1701070438476,1010,0.0023669
SLPUSDT,SELL,LIMIT,1701070439291,343707,0.0023670
SLPUSDT,SELL,LIMIT,1701070442071,45671,0.0023646
SLPUSDT,BUY,LIMIT,1701075788123,185258,0.0024907
SLPUSDT,SELL,LIMIT,1701082638295,37147,0.0023545
SLPUSDT,SELL,LIMIT,1701082640761,240567,0.0023528
SLPUSDT,SELL,LIMIT,1701082653560,82823,0.0023518
SLPUSDT,SELL,LIMIT,1701082682512,38748,0.0023477
SLPUSDT,SELL,LIMIT,1701082703218,133282,0.0023455
SLPUSDT,SELL,LIMIT,1701082705476,2434117,0.0023396
SLPUSDT,BUY,LIMIT,1701090678060,85504,0.0024610
SLPUSDT,BUY,LIMIT,1701091236215,72210,0.0024632
SLPUSDT,SELL,LIMIT,1701095599605,955049,0.0023547
SLPUSDT,SELL,LIMIT,1701096570864,520410,0.0023481
SLPUSDT,SELL,LIMIT,1701097062773,25359,0.0023466
SLPUSDT,SELL,LIMIT,1701097098188,4016696,0.0023309
SLPUSDT,SELL,LIMIT,1701099272840,2122,0.0023653
SLPUSDT,SELL,LIMIT,1701100162616,1030004,0.0023572
SLPUSDT,BUY,LIMIT,1701100336866,46893,0.0023353
SLPUSDT,SELL,LIMIT,1701100482203,58028,0.0024766
SLPUSDT,SELL,LIMIT,1701100608087,48167,0.0023494
SLPUSDT,SELL,LIMIT,1701100642325,66612,0.0023437
SLPUSDT,SELL,LIMIT,1701101007836,43285,0.0023453
SLPUSDT,SELL,LIMIT,1701101021251,8293,0.0023547
SLPUSDT,SELL,LIMIT,1701102140104,50660,0.0023578
SLPUSDT,BUY,LIMIT,1701103547253,315830,0.0024409
SLPUSDT,SELL,LIMIT,1701107563343,1263294,0.0023595
SLPUSDT,SELL,LIMIT,1701107568442,106001,0.0023591
SLPUSDT,SELL,LIMIT,1701112065207,41666,0.0023525
SLPUSDT,SELL,LIMIT,1701114352848,2980,0.0023404
SLPUSDT,SELL,LIMIT,1701114359800,9357,0.0023389
SLPUSDT,BUY,LIMIT,1701119551433,484383,0.0024204
SLPUSDT,BUY,LIMIT,1701131572253,43874,0.0024641
SLPUSDT,SELL,LIMIT,1701141504074,469690,0.0023557
SLPUSDT,SELL,LIMIT,1701141558215,64419,0.0023546
SLPUSDT,SELL,LIMIT,1701145641672,62619,0.0023397
SLPUSDT,SELL,LIMIT,1701145996689,16500,0.0023311
SLPUSDT,SELL,LIMIT,1701146572350,8261,0.0023250
SLPUSDT,SELL,LIMIT,1701147186655,64530,0.0023202
SLPUSDT,SELL,LIMIT,1701147822195,17774,0.0023166
SLPUSDT,SELL,LIMIT,1701148139273,3886,0.0023123
SLPUSDT,SELL,LIMIT,1701148217463,1663460,0.0023091
SLPUSDT,SELL,LIMIT,1701148219497,37332,0.0023071
SLPUSDT,SELL,LIMIT,1701148259771,187094,0.0023038
SLPUSDT,SELL,LIMIT,1701148955369,6000,0.0023041
SLPUSDT,SELL,LIMIT,1701149771344,20627,0.0023046
SLPUSDT,SELL,LIMIT,1701149832698,411184,0.0023026
SLPUSDT,SELL,LIMIT,1701149846225,40984,0.0023008
SLPUSDT,SELL,LIMIT,1701149849228,26192,0.0023006
SLPUSDT,SELL,LIMIT,1701149852089,779878,0.0022998
SLPUSDT,SELL,LIMIT,1701149880711,127350,0.0022970
SLPUSDT,SELL,LIMIT,1701151264950,76511,0.0022945
SLPUSDT,SELL,LIMIT,1701183665299,59654,0.0023521
SLPUSDT,BUY,LIMIT,1701187276509,51588,0.0024438
SLPUSDT,SELL,LIMIT,1701194835690,58821,0.0023878
SLPUSDT,SELL,LIMIT,1701197453446,4568,0.0023869
SLPUSDT,BUY,LIMIT,1701197833771,43095,0.0024560
SLPUSDT,BUY,LIMIT,1701197856450,96153,0.0024654
SLPUSDT,BUY,LIMIT,1701200524995,1577454,0.0024795
SLPUSDT,SELL,LIMIT,1701206988259,1351859,0.0023967
SLPUSDT,SELL,LIMIT,1701216978578,466895,0.0023820
SLPUSDT,BUY,LIMIT,1701247576633,21729,0.0024774
SLPUSDT,SELL,LIMIT,1701254343426,133293,0.0023694
SLPUSDT,SELL,LIMIT,1701254411460,16571,0.0023550
