Symbol,Side,Order Type,Time,Quantity,Price
SNTUSDT,SELL,LIMIT,1701068164111,11764,0.0404106
SNTUSDT,SELL,LIMIT,1701068169272,32629,0.0403723
SNTUSDT,SELL,LIMIT,1701069357635,681,0.0403087
SNTUSDT,SELL,LIMIT,1701069432375,704,0.0402551
SNTUSDT,SELL,LIMIT,1701069637974,3000,0.0400797
SNTUSDT,SELL,LIMIT,1701069865511,137,0.0399072
SNTUSDT,SELL,LIMIT,1701080529080,5707,0.0399589
SNTUSDT,SELL,LIMIT,1701081361554,1158,0.0396777
SNTUSDT,SELL,LIMIT,1701081436134,70,0.0396376
SNTUSDT,SELL,LIMIT,1701082120486,52599,0.0394880
SNTUSDT,SELL,LIMIT,1701094844250,845,0.0395483
SNTUSDT,SELL,LIMIT,1701097109280,2621,0.0392363
SNTUSDT,SELL,LIMIT,1701100537174,5482,0.0393130
SNTUSDT,SELL,LIMIT,1701114238536,33531,0.0393114
SNTUSDT,SELL,LIMIT,1701114352849,187,0.0392390
SNTUSDT,SELL,LIMIT,1701114456033,12762,0.0391729
SNTUSDT,SELL,LIMIT,1701114494621,410,0.0391125
SNTUSDT,SELL,LIMIT,1701146593325,422,0.0389891
SNTUSDT,SELL,LIMIT,1701147056413,3845,0.0388280
SNTUSDT,SELL,LIMIT,1701147891408,1189,0.0387440
SNTUSDT,SELL,LIMIT,1701147893008,4663,0.0387437
SNTUSDT,SELL,LIMIT,1701147897337,2483,0.0386584
SNTUSDT,SELL,LIMIT,1701151263535,12136,0.0388688
SNTUSDT,BUY,LIMIT,1701187105737,2199,0.0413158
SNTUSDT,BUY,LIMIT,1701190979235,984,0.0418425
SNTUSDT,SELL,LIMIT,1701223209225,28427,0.0404007
SNTUSDT,SELL,LIMIT,1701254645420,3109,0.0403152
SNTUSDT,SELL,LIMIT,1701259343698,4816,0.0404653
SNTUSDT,SELL,LIMIT,1701269158523,48146,0.0401946
SNTUSDT,SELL,LIMIT,1701270573437,120548,0.0398569
SNTUSDT,SELL,LIMIT,1701270575707,51094,0.0398309
SNTUSDT,BUY,LIMIT,1701276448919,8610,0.0413202
SNTUSDT,SELL,LIMIT,1701288287798,16,0.0402283
SNTUSDT,BUY,LIMIT,1701316792198,5191,0.0417672
SNTUSDT,BUY,LIMIT,1701342581213,9607,0.0426036
SNTUSDT,SELL,LIMIT,1701349350745,320,0.0415092
SNTUSDT,BUY,LIMIT,1701351466292,396,0.0432880
SNTUSDT,SELL,LIMIT,1701353116365,3659,0.0419929
SNTUSDT,BUY,LIMIT,1701353756607,450,0.0438372
SNTUSDT,SELL,LIMIT,1701353956557,11274,0.0422908
SNTUSDT,BUY,LIMIT,1701354065086,39194,0.0442811
SNTUSDT,BUY,LIMIT,1701354179771,28656,0.0444836
SNTUSDT,BUY,LIMIT,1701354336632,2453,0.0448375
SNTUSDT,BUY,LIMIT,1701354339334,31774,0.0449323
SNTUSDT,BUY,LIMIT,1701354351248,778,0.0451002
SNTUSDT,SELL,LIMIT,1701354370344,602,0.0434755
SNTUSDT,SELL,LIMIT,1701354430140,1537,0.0436267
SNTUSDT,SELL,LIMIT,1701354483332,4507,0.0434256
SNTUSDT,SELL,LIMIT,1701354563155,5048,0.0433290
SNTUSDT,BUY,LIMIT,1701354613634,128,0.0447560
SNTUSDT,SELL,LIMIT,1701354664490,21026,0.0429843
SNTUSDT,SELL,LIMIT,1701354666554,2569,0.0429482
SNTUSDT,SELL,LIMIT,1701354668132,10542,0.0428971
SNTUSDT,SELL,LIMIT,1701354899337,12037,0.0426185
SNTUSDT,SELL,LIMIT,1701354900385,28694,0.0426695
SNTUSDT,SELL,LIMIT,1701354910158,17699,0.0424850
SNTUSDT,SELL,LIMIT,1701354924442,10240,0.0424254
SNTUSDT,SELL,LIMIT,1701354954339,1741,0.0421385
SNTUSDT,SELL,LIMIT,1701354956717,1501,0.0420479
SNTUSDT,SELL,LIMIT,1701355006362,14675,0.0420016
SNTUSDT,SELL,LIMIT,1701355025374,15868,0.0419301
SNTUSDT,SELL,LIMIT,1701355038370,26656,0.0418986
SNTUSDT,SELL,LIMIT,1701355077366,443,0.0418431
SNTUSDT,SELL,LIMIT,1701355174829,6557,0.0417670
SNTUSDT,SELL,LIMIT,1701355225205,891,0.0416850
SNTUSDT,SELL,LIMIT,1701355571390,2287,0.0415304
SNTUSDT,SELL,LIMIT,1701355623055,51748,0.0414442
SNTUSDT,SELL,LIMIT,1701355708396,4878,0.0419443
SNTUSDT,SELL,LIMIT,1701355719936,63065,0.0413123
SNTUSDT,SELL,LIMIT,1701355722415,72115,0.0412781
SNTUSDT,BUY,LIMIT,1701355810497,7364,0.0428723
SNTUSDT,SELL,LIMIT,1701356411206,18712,0.0412372
SNTUSDT,SELL,LIMIT,1701359810212,20262,0.0411685
SNTUSDT,SELL,LIMIT,1701360514362,3400,0.0409265
SNTUSDT,BUY,LIMIT,1701364046998,2147,0.0426049
SNTUSDT,SELL,LIMIT,1701389100026,2939,0.0416352
SNTUSDT,SELL,LIMIT,1701389273079,22176,0.0413901
SNTUSDT,SELL,LIMIT,1701390635690,1605,0.0410162
SNTUSDT,SELL,LIMIT,1701424919378,268,0.0419020
SNTUSDT,SELL,LIMIT,1701435142278,118175,0.0413535
SNTUSDT,SELL,LIMIT,1701444548340,2805,0.0412469
SNTUSDT,BUY,LIMIT,1701447523764,20448,0.0430185
SNTUSDT,BUY,LIMIT,1701447844252,364,0.0430360
SNTUSDT,BUY,LIMIT,1701457973450,29864,0.0433696
SNTUSDT,BUY,LIMIT,1701460515168,53582,0.0437632
SNTUSDT,SELL,LIMIT,1701475681315,3308,0.0421464
SNTUSDT,SELL,LIMIT,1701486007324,37115,0.0422073
