Symbol,Side,Order Type,Time,Quantity,Price
SNXUSDT,SELL,LIMIT,1701066003136,14.2,3.334
SNXUSDT,SELL,LIMIT,1701067419005,18.8,3.307
SNXUSDT,SELL,LIMIT,1701067481402,54.2,3.304
SNXUSDT,SELL,LIMIT,1701067744298,217.8,3.304
SNXUSDT,SELL,LIMIT,1701067843429,51.8,3.298
SNXUSDT,SELL,LIMIT,1701067844940,21.4,3.296
SNXUSDT,SELL,LIMIT,1701067845968,46.3,3.291
SNXUSDT,SELL,LIMIT,1701067849190,1016.8,3.289
SNXUSDT,SELL,LIMIT,1701067855019,8.5,3.287
SNXUSDT,SELL,LIMIT,1701067862593,1.7,3.286
SNXUSDT,SELL,LIMIT,1701067865835,7.4,3.286
SNXUSDT,SELL,LIMIT,1701067867104,99.4,3.284
SNXUSDT,SELL,LIMIT,1701067868489,22.8,3.284
SNXUSDT,SELL,LIMIT,1701068054116,1158.4,3.293
SNXUSDT,SELL,LIMIT,1701068094539,27.7,3.284
SNXUSDT,SELL,LIMIT,1701068095570,1596.4,3.270
SNXUSDT,SELL,LIMIT,1701068110197,22.9,3.270
SNXUSDT,SELL,LIMIT,1701068113254,14.4,3.269
SNXUSDT,SELL,LIMIT,1701068163530,15.1,3.264
SNXUSDT,SELL,LIMIT,1701068172668,8.6,3.263
SNXUSDT,SELL,LIMIT,1701069530312,189.9,3.262
SNXUSDT,SELL,LIMIT,1701069549220,122.4,3.260
SNXUSDT,SELL,LIMIT,1701069555363,289.2,3.259
SNXUSDT,SELL,LIMIT,1701069571245,1469.8,3.258
SNXUSDT,SELL,LIMIT,1701069572336,11.2,3.258
SNXUSDT,SELL,LIMIT,1701069573967,217.9,3.256
SNXUSDT,SELL,LIMIT,1701069575075,57.5,3.254
SNXUSDT,SELL,LIMIT,1701069640426,44.9,3.254
SNXUSDT,SELL,LIMIT,1701069803267,85.4,3.257
SNXUSDT,SELL,LIMIT,1701069823587,54.7,3.253
SNXUSDT,SELL,LIMIT,1701069824862,85.5,3.251
SNXUSDT,SELL,LIMIT,1701069831563,3185.9,3.230
SNXUSDT,SELL,LIMIT,1701069833224,21.4,3.246
SNXUSDT,SELL,LIMIT,1701069851297,58.6,3.245
SNXUSDT,SELL,LIMIT,1701069854225,283.2,3.241
SNXUSDT,SELL,LIMIT,1701069855371,48.9,3.240
SNXUSDT,SELL,LIMIT,1701069856442,510.9,3.238
SNXUSDT,SELL,LIMIT,1701069886376,55.0,3.231
SNXUSDT,SELL,LIMIT,1701069889051,6.7,3.231
SNXUSDT,SELL,LIMIT,1701069890291,449.1,3.230
SNXUSDT,SELL,LIMIT,1701069896876,715.5,3.229
SNXUSDT,SELL,LIMIT,1701069898475,33.7,3.228
SNXUSDT,SELL,LIMIT,1701070063357,621.5,3.231
SNXUSDT,SELL,LIMIT,1701070071073,162.1,3.230
SNXUSDT,SELL,LIMIT,1701070173949,19.2,3.226
SNXUSDT,SELL,LIMIT,1701070354335,205.5,3.263
SNXUSDT,SELL,LIMIT,1701070356370,139.6,3.254
SNXUSDT,SELL,LIMIT,1701070439512,13.7,3.234
SNXUSDT,SELL,LIMIT,1701074770023,60.2,3.265
SNXUSDT,SELL,LIMIT,1701074952172,11.2,3.252
SNXUSDT,SELL,LIMIT,1701080234057,67.9,3.245
SNXUSDT,SELL,LIMIT,1701080465068,172.7,3.234
SNXUSDT,SELL,LIMIT,1701080668307,753.0,3.233
SNXUSDT,SELL,LIMIT,1701080778283,669.2,3.229
SNXUSDT,SELL,LIMIT,1701081166094,607.2,3.224
SNXUSDT,SELL,LIMIT,1701081213092,18.0,3.223
SNXUSDT,SELL,LIMIT,1701081286237,15.7,3.220
SNXUSDT,SELL,LIMIT,1701081329962,154.6,3.219
SNXUSDT,SELL,LIMIT,1701081427331,39.9,3.218
SNXUSDT,SELL,LIMIT,1701081435046,136.8,3.216
SNXUSDT,SELL,LIMIT,1701081437773,375.0,3.216
SNXUSDT,SELL,LIMIT,1701081451186,239.0,3.214
SNXUSDT,SELL,LIMIT,1701082123535,45.3,3.211
SNXUSDT,SELL,LIMIT,1701082218439,83.6,3.208
SNXUSDT,SELL,LIMIT,1701082674212,9.3,3.212
SNXUSDT,SELL,LIMIT,1701082696401,571.0,3.203
SNXUSDT,SELL,LIMIT,1701082697420,61.9,3.203
SNXUSDT,SELL,LIMIT,1701082702111,16.3,3.201
SNXUSDT,SELL,LIMIT,1701082725153,225.4,3.197
SNXUSDT,BUY,LIMIT,1701089122501,1213.5,3.365
SNXUSDT,BUY,LIMIT,1701089127154,32.2,3.384
SNXUSDT,BUY,LIMIT,1701089224052,8.4,3.410
SNXUSDT,SELL,LIMIT,1701089564793,74.3,3.292
SNXUSDT,SELL,LIMIT,1701089985116,74.6,3.281
SNXUSDT,SELL,LIMIT,1701090795108,82.7,3.272
SNXUSDT,SELL,LIMIT,1701092401886,12.1,3.266
SNXUSDT,SELL,LIMIT,1701092429733,9.1,3.263
SNXUSDT,SELL,LIMIT,1701093137394,6.2,3.249
SNXUSDT,SELL,LIMIT,1701093274042,6.5,3.276
SNXUSDT,SELL,LIMIT,1701093471575,2.8,3.281
SNXUSDT,SELL,LIMIT,1701094560409,6.8,3.253
SNXUSDT,SELL,LIMIT,1701095007255,90.4,3.238
SNXUSDT,SELL,LIMIT,1701095539892,39.2,3.231
SNXUSDT,SELL,LIMIT,1701095556486,57.4,3.233
SNXUSDT,SELL,LIMIT,1701096837046,38.4,3.265
SNXUSDT,SELL,LIMIT,1701097043435,108.2,3.231
SNXUSDT,SELL,LIMIT,1701100285927,52.9,3.279
SNXUSDT,SELL,LIMIT,1701100536611,2.5,3.305
SNXUSDT,SELL,LIMIT,1701100573911,570.6,3.216
SNXUSDT,SELL,LIMIT,1701100576425,1503.8,3.214
SNXUSDT,SELL,LIMIT,1701100625095,141.7,3.211
SNXUSDT,SELL,LIMIT,1701100630916,21.1,3.210
SNXUSDT,SELL,LIMIT,1701100633220,35.9,3.209
SNXUSDT,BUY,LIMIT,1701104841134,30.1,3.374
SNXUSDT,SELL,LIMIT,1701111113570,46.6,3.236
SNXUSDT,SELL,LIMIT,1701111977399,2.7,3.218
SNXUSDT,SELL,LIMIT,1701112159192,30.3,3.216
SNXUSDT,SELL,LIMIT,1701114163704,1505.5,3.207
SNXUSDT,SELL,LIMIT,1701114228436,169.9,3.204
SNXUSDT,SELL,LIMIT,1701114234278,245.8,3.201
SNXUSDT,SELL,LIMIT,1701114235399,257.7,3.196
SNXUSDT,SELL,LIMIT,1701114236384,129.8,3.192
SNXUSDT,SELL,LIMIT,1701114238597,45.4,3.182
SNXUSDT,SELL,LIMIT,1701114256365,59.4,3.183
SNXUSDT,SELL,LIMIT,1701114263806,106.4,3.180
SNXUSDT,SELL,LIMIT,1701114277229,1104.6,3.178
SNXUSDT,SELL,LIMIT,1701114336104,24.0,3.177
SNXUSDT,SELL,LIMIT,1701114344413,17.6,3.174
SNXUSDT,SELL,LIMIT,1701114352849,2.3,3.175
SNXUSDT,SELL,LIMIT,1701114357158,5.6,3.173
SNXUSDT,SELL,LIMIT,1701114360310,4.2,3.172
SNXUSDT,SELL,LIMIT,1701114434169,7.5,3.169
SNXUSDT,SELL,LIMIT,1701114439096,22.2,3.169
SNXUSDT,SELL,LIMIT,1701114456122,120.0,3.168
SNXUSDT,SELL,LIMIT,1701114459563,367.8,3.167
SNXUSDT,SELL,LIMIT,1701114461235,2707.3,3.153
SNXUSDT,SELL,LIMIT,1701114466528,15.5,3.165
SNXUSDT,SELL,LIMIT,1701114468452,33.5,3.164
SNXUSDT,SELL,LIMIT,1701114470208,1.5,3.164
SNXUSDT,SELL,LIMIT,1701114472409,30.1,3.163
SNXUSDT,SELL,LIMIT,1701114473624,220.0,3.161
SNXUSDT,SELL,LIMIT,1701114474818,37.0,3.160
SNXUSDT,SELL,LIMIT,1701114476166,28.5,3.157
SNXUSDT,SELL,LIMIT,1701114498269,61.7,3.156
SNXUSDT,SELL,LIMIT,1701114499273,15.5,3.156
SNXUSDT,SELL,LIMIT,1701114500332,35.9,3.150
SNXUSDT,SELL,LIMIT,1701114501340,24.9,3.152
SNXUSDT,SELL,LIMIT,1701116714817,7.2,3.169
SNXUSDT,SELL,LIMIT,1701116765172,4.1,3.165
SNXUSDT,SELL,LIMIT,1701116767795,1.6,3.164
SNXUSDT,SELL,LIMIT,1701116829835,420.9,3.159
SNXUSDT,SELL,LIMIT,1701116913667,1360.7,3.155
SNXUSDT,SELL,LIMIT,1701117177245,51.9,3.155
SNXUSDT,BUY,LIMIT,1701126423131,0.1,3.325
SNXUSDT,BUY,LIMIT,1701130747803,4.5,3.353
SNXUSDT,BUY,LIMIT,1701132304426,7.4,3.378
SNXUSDT,SELL,LIMIT,1701136925773,187.5,3.254
SNXUSDT,SELL,LIMIT,1701137379613,282.5,3.241
SNXUSDT,SELL,LIMIT,1701146782708,21.6,3.226
SNXUSDT,SELL,LIMIT,1701148157141,53.6,3.203
SNXUSDT,SELL,LIMIT,1701148203108,24.1,3.197
SNXUSDT,SELL,LIMIT,1701149824070,10.2,3.172
SNXUSDT,SELL,LIMIT,1701149833218,1205.1,3.171
SNXUSDT,SELL,LIMIT,1701151263534,136.7,3.162
SNXUSDT,BUY,LIMIT,1701154347778,356.2,3.322
SNXUSDT,SELL,LIMIT,1701155534168,749.1,3.197
SNXUSDT,SELL,LIMIT,1701155961473,163.3,3.187
SNXUSDT,SELL,LIMIT,1701156542943,57.8,3.173
SNXUSDT,SELL,LIMIT,1701156561467,84.2,3.176
SNXUSDT,SELL,LIMIT,1701161157630,31.8,3.171
SNXUSDT,SELL,LIMIT,1701161377352,103.7,3.168
SNXUSDT,SELL,LIMIT,1701165823557,306.2,3.188
SNXUSDT,BUY,LIMIT,1701171018159,567.1,3.318
SNXUSDT,BUY,LIMIT,1701172358346,210.0,3.334
SNXUSDT,BUY,LIMIT,1701172600175,1541.2,3.354
SNXUSDT,BUY,LIMIT,1701172610902,81.5,3.367
SNXUSDT,BUY,LIMIT,1701172666209,15.5,3.373
SNXUSDT,BUY,LIMIT,1701172748033,93.1,3.381
SNXUSDT,BUY,LIMIT,1701172764206,5.9,3.383
SNXUSDT,SELL,LIMIT,1701185413258,52.7,3.220
SNXUSDT,SELL,LIMIT,1701185851011,52.7,3.213
SNXUSDT,BUY,LIMIT,1701190275755,10.5,3.366
SNXUSDT,BUY,LIMIT,1701190856131,36.2,3.375
SNXUSDT,BUY,LIMIT,1701190873739,174.5,3.383
SNXUSDT,BUY,LIMIT,1701190887130,1596.2,3.398
SNXUSDT,SELL,LIMIT,1701192018390,4.7,3.283
SNXUSDT,BUY,LIMIT,1701192627250,146.0,3.407
SNXUSDT,BUY,LIMIT,1701192660708,53.2,3.409
SNXUSDT,SELL,LIMIT,1701197853680,234.5,3.301
SNXUSDT,BUY,LIMIT,1701200480845,24.0,3.436
SNXUSDT,BUY,LIMIT,1701202194811,36.2,3.453
SNXUSDT,BUY,LIMIT,1701202405888,302.2,3.461
SNXUSDT,BUY,LIMIT,1701202820944,6.7,3.478
SNXUSDT,BUY,LIMIT,1701204906606,29.2,3.475
SNXUSDT,SELL,LIMIT,1701205724221,4.6,3.348
SNXUSDT,SELL,LIMIT,1701205759071,53.1,3.346
SNXUSDT,SELL,LIMIT,1701207211280,85.8,3.338
SNXUSDT,SELL,LIMIT,1701216760494,10.6,3.335
SNXUSDT,SELL,LIMIT,1701219243337,268.7,3.369
SNXUSDT,BUY,LIMIT,1701219640446,609.5,3.461
SNXUSDT,SELL,LIMIT,1701223400538,10.0,3.338
SNXUSDT,SELL,LIMIT,1701223407650,300.5,3.338
SNXUSDT,SELL,LIMIT,1701223429796,294.2,3.337
SNXUSDT,SELL,LIMIT,1701233257488,7.4,3.325
SNXUSDT,SELL,LIMIT,1701233406991,19.5,3.325
SNXUSDT,SELL,LIMIT,1701233410963,137.3,3.322
SNXUSDT,BUY,LIMIT,1701234651028,317.6,3.436
SNXUSDT,SELL,LIMIT,1701236079281,78.3,3.347
SNXUSDT,BUY,LIMIT,1701242105830,176.4,3.505
SNXUSDT,BUY,LIMIT,1701242366529,610.1,3.517
SNXUSDT,BUY,LIMIT,1701242479696,71.9,3.519
SNXUSDT,BUY,LIMIT,1701242501843,78.3,3.521
SNXUSDT,BUY,LIMIT,1701242628431,13.3,3.529
SNXUSDT,BUY,LIMIT,1701242733835,50.9,3.543
SNXUSDT,BUY,LIMIT,1701242742644,123.0,3.546
SNXUSDT,BUY,LIMIT,1701242853409,176.9,3.560
SNXUSDT,BUY,LIMIT,1701242985382,45.1,3.576
SNXUSDT,BUY,LIMIT,1701242987817,1074.1,3.577
SNXUSDT,SELL,LIMIT,1701243731978,375.1,3.421
SNXUSDT,SELL,LIMIT,1701244879766,114.7,3.417
SNXUSDT,BUY,LIMIT,1701247359925,15.8,3.539
SNXUSDT,SELL,LIMIT,1701248346028,23.5,3.435
SNXUSDT,SELL,LIMIT,1701248659549,69.6,3.422
SNXUSDT,SELL,LIMIT,1701249790129,53.8,3.422
SNXUSDT,SELL,LIMIT,1701249982161,1400.0,3.420
SNXUSDT,SELL,LIMIT,1701251610720,40.4,3.385
SNXUSDT,SELL,LIMIT,1701253132484,1084.7,3.374
SNXUSDT,SELL,LIMIT,1701253163334,63.5,3.372
SNXUSDT,SELL,LIMIT,1701253700078,88.9,3.370
SNXUSDT,SELL,LIMIT,1701254007567,103.2,3.366
SNXUSDT,SELL,LIMIT,1701254067121,160.5,3.359
SNXUSDT,SELL,LIMIT,1701254129162,24.7,3.355
SNXUSDT,SELL,LIMIT,1701254339000,1472.4,3.342
SNXUSDT,SELL,LIMIT,1701254411561,25.8,3.333
SNXUSDT,SELL,LIMIT,1701254417503,1463.0,3.332
SNXUSDT,SELL,LIMIT,1701254426912,5.0,3.332
SNXUSDT,SELL,LIMIT,1701254646966,129.7,3.330
SNXUSDT,SELL,LIMIT,1701257670299,53.6,3.353
SNXUSDT,SELL,LIMIT,1701259222190,259.6,3.324
SNXUSDT,BUY,LIMIT,1701262523173,46.3,3.473
SNXUSDT,SELL,LIMIT,1701262603085,121.8,3.349
SNXUSDT,SELL,LIMIT,1701264287906,1378.5,3.318
SNXUSDT,SELL,LIMIT,1701264327374,1.7,3.313
SNXUSDT,SELL,LIMIT,1701264340413,1469.7,3.306
SNXUSDT,SELL,LIMIT,1701264413034,46.9,3.302
SNXUSDT,SELL,LIMIT,1701264427066,86.5,3.296
SNXUSDT,SELL,LIMIT,1701265772691,1470.5,3.284
SNXUSDT,SELL,LIMIT,1701267791995,335.4,3.273
SNXUSDT,SELL,LIMIT,1701267793639,411.3,3.270
SNXUSDT,SELL,LIMIT,1701268098898,205.2,3.277
SNXUSDT,SELL,LIMIT,1701269093050,1493.1,3.264
SNXUSDT,SELL,LIMIT,1701269146125,516.3,3.262
SNXUSDT,SELL,LIMIT,1701269168681,3.0,3.257
SNXUSDT,SELL,LIMIT,1701269259614,30.1,3.256
SNXUSDT,SELL,LIMIT,1701269295111,111.6,3.254
SNXUSDT,SELL,LIMIT,1701270440184,89.6,3.254
SNXUSDT,SELL,LIMIT,1701270451370,65.2,3.253
SNXUSDT,SELL,LIMIT,1701270569568,128.1,3.250
SNXUSDT,SELL,LIMIT,1701270570811,5.1,3.250
SNXUSDT,SELL,LIMIT,1701270571865,29.9,3.248
SNXUSDT,SELL,LIMIT,1701270585185,19.1,3.246
SNXUSDT,SELL,LIMIT,1701270587851,7.3,3.244
SNXUSDT,SELL,LIMIT,1701270612017,45.7,3.252
SNXUSDT,SELL,LIMIT,1701270617097,65.1,3.244
SNXUSDT,SELL,LIMIT,1701270618238,2.9,3.241
SNXUSDT,SELL,LIMIT,1701271275191,18.9,3.249
SNXUSDT,SELL,LIMIT,1701271397089,10.2,3.240
SNXUSDT,SELL,LIMIT,1701275835205,127.1,3.263
SNXUSDT,SELL,LIMIT,1701281182315,1.8,3.302
SNXUSDT,SELL,LIMIT,1701283814464,4.3,3.325
SNXUSDT,BUY,LIMIT,1701284958737,926.0,3.419
SNXUSDT,SELL,LIMIT,1701284959786,375.8,3.319
SNXUSDT,BUY,LIMIT,1701291713044,32.6,3.402
SNXUSDT,BUY,LIMIT,1701305541438,1.7,3.431
SNXUSDT,SELL,LIMIT,1701306094697,13.4,3.315
SNXUSDT,SELL,LIMIT,1701306409357,75.9,3.306
SNXUSDT,BUY,LIMIT,1701317233474,12.4,3.438
SNXUSDT,BUY,LIMIT,1701317265513,45.0,3.441
SNXUSDT,SELL,LIMIT,1701320651105,35.3,3.285
SNXUSDT,SELL,LIMIT,1701320697196,190.0,3.277
SNXUSDT,SELL,LIMIT,1701331813277,1493.8,3.272
SNXUSDT,SELL,LIMIT,1701331861320,57.7,3.265
SNXUSDT,SELL,LIMIT,1701333675959,400.0,3.253
SNXUSDT,SELL,LIMIT,1701333728374,548.6,3.250
SNXUSDT,BUY,LIMIT,1701334470534,3.4,3.381
SNXUSDT,SELL,LIMIT,1701349189178,183.6,3.274
SNXUSDT,SELL,LIMIT,1701349212036,73.5,3.271
SNXUSDT,SELL,LIMIT,1701349668788,90.4,3.263
SNXUSDT,SELL,LIMIT,1701353012315,95.4,3.242
SNXUSDT,SELL,LIMIT,1701353015856,5.0,3.239
SNXUSDT,SELL,LIMIT,1701353117467,48.9,3.235
SNXUSDT,SELL,LIMIT,1701353118530,67.6,3.231
SNXUSDT,SELL,LIMIT,1701360455261,51.7,3.234
SNXUSDT,BUY,LIMIT,1701364195116,4.3,3.383
SNXUSDT,SELL,LIMIT,1701371507122,39.1,3.270
SNXUSDT,SELL,LIMIT,1701379173394,1350.9,3.262
SNXUSDT,BUY,LIMIT,1701382181101,481.3,3.385
SNXUSDT,SELL,LIMIT,1701385388465,28.2,3.251
SNXUSDT,SELL,LIMIT,1701389464283,3.1,3.241
SNXUSDT,SELL,LIMIT,1701390389331,52.7,3.234
SNXUSDT,SELL,LIMIT,1701390444324,2.6,3.233
SNXUSDT,SELL,LIMIT,1701390636720,70.9,3.229
SNXUSDT,BUY,LIMIT,1701393912091,10.7,3.359
SNXUSDT,BUY,LIMIT,1701393933866,137.7,3.361
SNXUSDT,BUY,LIMIT,1701405515310,1.6,3.396
SNXUSDT,SELL,LIMIT,1701422229214,24.4,3.307
SNXUSDT,BUY,LIMIT,1701422243201,218.1,3.407
SNXUSDT,BUY,LIMIT,1701424705292,2239.7,3.465
SNXUSDT,BUY,LIMIT,1701426162460,7.2,3.469
