Symbol,Side,Order Type,Time,Quantity,Price
SNXUSDT,SELL,LIMIT,1701915081118,10.8,3.651
SNXUSDT,BUY,LIMIT,1701916870925,4.3,3.859
SNXUSDT,BUY,LIMIT,1701920146892,131.2,3.891
SNXUSDT,BUY,LIMIT,1701920653293,26.9,3.896
SNXUSDT,BUY,LIMIT,1701923775239,535.1,3.923
SNXUSDT,SELL,LIMIT,1701927478007,101.0,3.787
SNXUSDT,SELL,LIMIT,1701929193867,183.9,3.765
SNXUSDT,SELL,LIMIT,1701929369911,100.0,3.757
SNXUSDT,SELL,LIMIT,1701932158157,15.0,3.754
SNXUSDT,SELL,LIMIT,1701936909153,100.0,3.727
SNXUSDT,SELL,LIMIT,1701936966817,0.3,10.127
SNXUSDT,SELL,LIMIT,1701937911655,71.2,3.697
SNXUSDT,SELL,LIMIT,1701938297886,36.4,3.687
SNXUSDT,SELL,LIMIT,1701938443067,7.7,3.678
SNXUSDT,SELL,LIMIT,1701939325460,4.6,3.663
SNXUSDT,SELL,LIMIT,1701939364170,27.0,3.653
SNXUSDT,SELL,LIMIT,1701940558176,521.6,3.645
SNXUSDT,SELL,LIMIT,1701940565807,134.4,3.635
SNXUSDT,SELL,LIMIT,1701941083044,27.0,3.629
SNXUSDT,SELL,LIMIT,1701941111433,12.3,3.627
SNXUSDT,SELL,LIMIT,1701941117527,796.2,3.626
SNXUSDT,SELL,LIMIT,1701941154077,5.2,3.623
SNXUSDT,SELL,LIMIT,1701941158581,31.7,3.620
SNXUSDT,SELL,LIMIT,1701941162139,526.6,3.617
SNXUSDT,SELL,LIMIT,1701941176606,1.9,3.611
SNXUSDT,SELL,LIMIT,1701941178239,25.0,3.603
SNXUSDT,SELL,LIMIT,1701941183328,7.0,3.912
SNXUSDT,SELL,LIMIT,1701941185229,59.0,3.600
SNXUSDT,SELL,LIMIT,1701941187329,0.5,4.676
SNXUSDT,SELL,LIMIT,1701941188335,26.4,3.593
SNXUSDT,SELL,LIMIT,1701941189402,25.4,3.591
SNXUSDT,SELL,LIMIT,1701941238747,2.0,3.599
SNXUSDT,SELL,LIMIT,1701941244224,130.5,3.605
SNXUSDT,SELL,LIMIT,1701941245573,100.6,3.597
SNXUSDT,SELL,LIMIT,1701941271684,58.4,3.594
SNXUSDT,BUY,LIMIT,1701942358230,28.8,3.780
SNXUSDT,SELL,LIMIT,1701943403681,1334.4,3.673
SNXUSDT,SELL,LIMIT,1701943633363,27.3,3.657
SNXUSDT,BUY,LIMIT,1701944918167,293.4,3.792
SNXUSDT,SELL,LIMIT,1701945982141,118.8,3.680
SNXUSDT,SELL,LIMIT,1701946477782,150.4,3.668
SNXUSDT,SELL,LIMIT,1701949054275,562.9,3.654
SNXUSDT,SELL,LIMIT,1701949559573,13.4,3.640
SNXUSDT,BUY,LIMIT,1701953976591,0.1,3.781
SNXUSDT,SELL,LIMIT,1701954648237,3.0,3.649
SNXUSDT,SELL,LIMIT,1701956884534,100.3,3.619
SNXUSDT,SELL,LIMIT,1701956907196,294.6,3.614
SNXUSDT,BUY,LIMIT,1701961432170,340.5,3.773
SNXUSDT,SELL,LIMIT,1701961604190,179.3,3.641
SNXUSDT,BUY,LIMIT,1701962531621,10.0,3.780
SNXUSDT,BUY,LIMIT,1701963311608,695.6,3.815
SNXUSDT,BUY,LIMIT,1701965876234,1329.5,3.872
SNXUSDT,BUY,LIMIT,1701965885577,21.4,3.873
SNXUSDT,BUY,LIMIT,1701966081566,22.4,3.895
SNXUSDT,BUY,LIMIT,1701967699059,335.7,3.920
SNXUSDT,SELL,LIMIT,1701968476887,5.5,3.764
SNXUSDT,BUY,LIMIT,1701969636383,11457.4,3.907
SNXUSDT,SELL,LIMIT,1701970992021,1318.7,3.716
SNXUSDT,SELL,LIMIT,1701970999181,206.2,3.711
SNXUSDT,SELL,LIMIT,1701973349494,12.0,3.712
SNXUSDT,SELL,LIMIT,1701974269287,265.2,3.692
SNXUSDT,SELL,LIMIT,1701974391283,800.1,3.685
SNXUSDT,SELL,LIMIT,1701976309647,605.6,3.671
SNXUSDT,SELL,LIMIT,1701976869366,18.8,3.656
SNXUSDT,SELL,LIMIT,1701977246686,134.5,3.644
SNXUSDT,SELL,LIMIT,1701978089177,255.7,3.619
SNXUSDT,BUY,LIMIT,1701986973219,11.2,3.792
SNXUSDT,SELL,LIMIT,1701991573681,42.9,3.648
SNXUSDT,SELL,LIMIT,1701996394649,61.4,3.670
SNXUSDT,BUY,LIMIT,1701996624810,2.5,3.805
SNXUSDT,SELL,LIMIT,1701997753244,377.5,3.660
SNXUSDT,BUY,LIMIT,1702004060323,0.1,3.812
SNXUSDT,BUY,LIMIT,1702005454135,61.0,3.835
SNXUSDT,BUY,LIMIT,1702005548759,3.1,3.840
SNXUSDT,BUY,LIMIT,1702005810784,231.0,3.845
SNXUSDT,SELL,LIMIT,1702009533810,37.3,3.760
SNXUSDT,BUY,LIMIT,1702013262488,103.2,3.887
SNXUSDT,BUY,LIMIT,1702014041045,7.4,3.862
SNXUSDT,BUY,LIMIT,1702018518834,27.7,3.929
SNXUSDT,SELL,LIMIT,1702023015511,6.8,3.714
SNXUSDT,SELL,LIMIT,1702025331133,346.5,3.710
SNXUSDT,BUY,LIMIT,1702026470896,43.9,3.315
SNXUSDT,SELL,LIMIT,1702029279302,132.4,3.701
SNXUSDT,SELL,LIMIT,1702035301341,5.0,3.807
SNXUSDT,SELL,LIMIT,1702035913157,10.0,3.784
SNXUSDT,SELL,LIMIT,1702036726480,58.4,3.777
SNXUSDT,BUY,LIMIT,1702039438369,10.6,3.936
SNXUSDT,BUY,LIMIT,1702047817106,164.9,3.923
SNXUSDT,SELL,LIMIT,1702050710501,24.9,3.768
SNXUSDT,BUY,LIMIT,1702051254380,31.3,3.869
SNXUSDT,BUY,LIMIT,1702052081720,13.2,3.882
SNXUSDT,SELL,LIMIT,1702055242911,260.3,3.754
SNXUSDT,SELL,LIMIT,1702055748757,399.3,3.737
SNXUSDT,SELL,LIMIT,1702055781727,195.7,3.721
SNXUSDT,BUY,LIMIT,1702064195892,10.4,3.897
SNXUSDT,BUY,LIMIT,1702069042987,10.0,3.931
SNXUSDT,BUY,LIMIT,1702070630147,104.9,3.903
SNXUSDT,BUY,LIMIT,1702072954524,143.9,3.925
SNXUSDT,BUY,LIMIT,1702074074725,11.7,3.913
SNXUSDT,BUY,LIMIT,1702077663931,13.2,3.913
SNXUSDT,BUY,LIMIT,1702080269098,11.0,3.932
SNXUSDT,BUY,LIMIT,1702080402588,34.0,3.933
SNXUSDT,BUY,LIMIT,1702080420734,52.6,3.934
SNXUSDT,BUY,LIMIT,1702081110855,450.0,3.935
SNXUSDT,BUY,LIMIT,1702081211328,50.0,3.935
SNXUSDT,BUY,LIMIT,1702081259114,2.8,3.939
SNXUSDT,BUY,LIMIT,1702081327974,20.6,3.950
SNXUSDT,BUY,LIMIT,1702081350717,221.9,3.955
SNXUSDT,BUY,LIMIT,1702081624877,44.4,3.968
SNXUSDT,BUY,LIMIT,1702081635436,60.0,3.979
SNXUSDT,BUY,LIMIT,1702081703805,101.7,3.988
SNXUSDT,BUY,LIMIT,1702082974938,33.7,3.963
SNXUSDT,BUY,LIMIT,1702083126195,33.7,3.967
SNXUSDT,SELL,LIMIT,1702084203749,85.2,3.788
SNXUSDT,BUY,LIMIT,1702086497656,705.8,3.930
SNXUSDT,SELL,LIMIT,1702087492259,205.6,3.791
SNXUSDT,SELL,LIMIT,1702095729413,60.9,3.774
SNXUSDT,BUY,LIMIT,1702096034203,268.0,3.901
SNXUSDT,BUY,LIMIT,1702097672290,13.3,3.912
SNXUSDT,SELL,LIMIT,1702099374173,79.5,3.776
SNXUSDT,BUY,LIMIT,1702102356638,13.3,3.915
SNXUSDT,BUY,LIMIT,1702102929864,33.7,3.918
SNXUSDT,BUY,LIMIT,1702103074403,9.0,3.921
SNXUSDT,BUY,LIMIT,1702103158634,22.8,3.958
SNXUSDT,BUY,LIMIT,1702103376622,33.7,3.955
SNXUSDT,BUY,LIMIT,1702108366209,33.5,3.965
SNXUSDT,BUY,LIMIT,1702109010082,15.0,3.966
SNXUSDT,SELL,LIMIT,1702109532632,3.8,3.839
SNXUSDT,BUY,LIMIT,1702109741715,1.8,3.972
SNXUSDT,BUY,LIMIT,1702109749385,15.0,3.976
SNXUSDT,BUY,LIMIT,1702109780750,2.8,3.981
SNXUSDT,BUY,LIMIT,1702109784364,13.3,3.982
SNXUSDT,BUY,LIMIT,1702109787113,36.8,3.983
SNXUSDT,BUY,LIMIT,1702110017161,81.1,3.993
SNXUSDT,SELL,LIMIT,1702110811969,13.0,3.826
SNXUSDT,SELL,LIMIT,1702110856535,20.0,3.818
SNXUSDT,SELL,LIMIT,1702110910123,7.7,3.787
SNXUSDT,SELL,LIMIT,1702110971566,64.4,3.781
SNXUSDT,SELL,LIMIT,1702110991867,111.7,3.763
SNXUSDT,SELL,LIMIT,1702110992895,55.4,3.761
SNXUSDT,SELL,LIMIT,1702111032845,95.8,3.749
SNXUSDT,SELL,LIMIT,1702111040921,322.4,3.736
SNXUSDT,SELL,LIMIT,1702111045101,49.4,3.733
SNXUSDT,SELL,LIMIT,1702111370434,1315.4,3.722
SNXUSDT,SELL,LIMIT,1702111373052,17.7,3.717
SNXUSDT,SELL,LIMIT,1702111374264,130.1,3.708
SNXUSDT,SELL,LIMIT,1702111377667,6.9,3.704
SNXUSDT,SELL,LIMIT,1702111378713,38.2,3.703
SNXUSDT,SELL,LIMIT,1702111380824,357.3,3.701
SNXUSDT,SELL,LIMIT,1702111387432,4.7,3.681
SNXUSDT,SELL,LIMIT,1702111388462,99.6,3.699
SNXUSDT,SELL,LIMIT,1702111389744,316.5,3.677
SNXUSDT,BUY,LIMIT,1702112666516,13.1,3.916
SNXUSDT,SELL,LIMIT,1702114220165,271.1,3.800
SNXUSDT,BUY,LIMIT,1702122940700,7.9,3.907
SNXUSDT,SELL,LIMIT,1702124255230,72.4,3.778
SNXUSDT,SELL,LIMIT,1702127832674,1320.3,3.775
SNXUSDT,BUY,LIMIT,1702128825376,11.0,3.889
SNXUSDT,BUY,LIMIT,1702128845828,83.3,3.895
SNXUSDT,BUY,LIMIT,1702130194060,33.2,3.895
SNXUSDT,SELL,LIMIT,1702132996393,131.9,3.735
SNXUSDT,BUY,LIMIT,1702133000892,1.4,3.835
SNXUSDT,SELL,LIMIT,1702133375175,92.1,3.706
SNXUSDT,SELL,LIMIT,1702134400244,21.8,3.721
SNXUSDT,SELL,LIMIT,1702139007611,331.4,3.731
SNXUSDT,SELL,LIMIT,1702139267557,96.0,3.721
SNXUSDT,SELL,LIMIT,1702139275425,158.8,3.718
SNXUSDT,SELL,LIMIT,1702139279614,352.6,3.717
SNXUSDT,SELL,LIMIT,1702139293554,30.0,3.711
SNXUSDT,SELL,LIMIT,1702139296554,6.7,3.710
SNXUSDT,SELL,LIMIT,1702141565038,1.6,3.702
SNXUSDT,SELL,LIMIT,1702141706070,208.8,3.692
SNXUSDT,SELL,LIMIT,1702141747310,29.6,3.691
SNXUSDT,SELL,LIMIT,1702141848417,167.1,3.685
SNXUSDT,SELL,LIMIT,1702141850318,37.4,3.685
SNXUSDT,SELL,LIMIT,1702144704419,150.0,3.733
SNXUSDT,SELL,LIMIT,1702144981186,1333.5,3.677
SNXUSDT,BUY,LIMIT,1702151229538,43.9,3.858
SNXUSDT,BUY,LIMIT,1702159432978,10.0,3.921
SNXUSDT,BUY,LIMIT,1702160957130,1232.8,3.968
SNXUSDT,SELL,LIMIT,1702164387462,586.6,3.822
SNXUSDT,SELL,LIMIT,1702164752442,13.1,3.790
SNXUSDT,SELL,LIMIT,1702164800922,1.4,3.788
SNXUSDT,SELL,LIMIT,1702164802099,7.0,3.785
SNXUSDT,BUY,LIMIT,1702164839223,1002.4,3.899
SNXUSDT,BUY,LIMIT,1702167876197,10.0,3.991
SNXUSDT,BUY,LIMIT,1702168228542,236.4,4.007
SNXUSDT,BUY,LIMIT,1702168424895,5.0,4.018
SNXUSDT,BUY,LIMIT,1702168439388,121.8,4.024
SNXUSDT,BUY,LIMIT,1702168626079,580.0,4.045
SNXUSDT,SELL,LIMIT,1702170733050,313.3,3.909
SNXUSDT,SELL,LIMIT,1702170877191,37.2,3.903
SNXUSDT,BUY,LIMIT,1702173037844,14.1,4.056
SNXUSDT,BUY,LIMIT,1702175078437,121.3,4.103
SNXUSDT,BUY,LIMIT,1702176120236,45.8,4.112
SNXUSDT,BUY,LIMIT,1702176122151,1000.0,4.118
SNXUSDT,BUY,LIMIT,1702176664077,2.9,4.099
SNXUSDT,BUY,LIMIT,1702177278191,1.4,4.134
SNXUSDT,BUY,LIMIT,1702177708902,71.4,4.154
SNXUSDT,BUY,LIMIT,1702177712843,46.8,4.160
SNXUSDT,BUY,LIMIT,1702178204878,928.2,4.180
SNXUSDT,BUY,LIMIT,1702178314189,3.3,4.204
SNXUSDT,BUY,LIMIT,1702178559079,93.9,4.214
SNXUSDT,BUY,LIMIT,1702178945417,330.5,4.218
SNXUSDT,BUY,LIMIT,1702178963226,2.4,4.224
SNXUSDT,BUY,LIMIT,1702179047079,1.4,4.232
SNXUSDT,BUY,LIMIT,1702179682469,21.5,4.243
SNXUSDT,BUY,LIMIT,1702179694619,1100.8,4.249
SNXUSDT,BUY,LIMIT,1702179711398,129.2,4.257
SNXUSDT,BUY,LIMIT,1702179804283,7.0,4.259
SNXUSDT,BUY,LIMIT,1702179859428,1018.6,4.273
SNXUSDT,BUY,LIMIT,1702179871137,2316.4,4.295
SNXUSDT,BUY,LIMIT,1702179909107,238.3,4.286
SNXUSDT,BUY,LIMIT,1702180064066,47.1,4.292
SNXUSDT,BUY,LIMIT,1702180121424,54.4,4.303
SNXUSDT,BUY,LIMIT,1702180188347,59.3,4.304
SNXUSDT,BUY,LIMIT,1702180322517,147.3,4.323
SNXUSDT,BUY,LIMIT,1702180494333,61.3,4.332
SNXUSDT,BUY,LIMIT,1702180501461,1.6,4.332
SNXUSDT,BUY,LIMIT,1702180583099,185.6,4.339
SNXUSDT,BUY,LIMIT,1702180584272,271.5,4.340
SNXUSDT,BUY,LIMIT,1702180585882,3.8,4.342
SNXUSDT,BUY,LIMIT,1702180644668,45.6,4.347
SNXUSDT,BUY,LIMIT,1702180833524,1.4,4.356
SNXUSDT,BUY,LIMIT,1702180869375,67.8,4.366
SNXUSDT,BUY,LIMIT,1702180871632,42.8,4.372
SNXUSDT,BUY,LIMIT,1702180903427,348.5,4.376
SNXUSDT,BUY,LIMIT,1702180906092,12.2,4.378
SNXUSDT,BUY,LIMIT,1702180917071,8.4,4.386
SNXUSDT,BUY,LIMIT,1702180941220,39.6,4.391
SNXUSDT,BUY,LIMIT,1702180942853,10.8,4.391
SNXUSDT,BUY,LIMIT,1702180968581,55.0,4.400
SNXUSDT,BUY,LIMIT,1702180974724,425.1,4.400
SNXUSDT,BUY,LIMIT,1702180975866,180.9,4.408
SNXUSDT,SELL,LIMIT,1702181334192,332.3,4.213
SNXUSDT,BUY,LIMIT,1702181382428,16.0,4.359
SNXUSDT,SELL,LIMIT,1702181492002,349.2,4.220
SNXUSDT,SELL,LIMIT,1702181505242,3.1,4.192
SNXUSDT,SELL,LIMIT,1702181527194,104.8,4.185
SNXUSDT,SELL,LIMIT,1702181572221,309.4,4.165
SNXUSDT,SELL,LIMIT,1702181960906,239.3,4.157
SNXUSDT,SELL,LIMIT,1702181962952,50.0,4.155
SNXUSDT,BUY,LIMIT,1702182136315,330.8,4.299
SNXUSDT,BUY,LIMIT,1702182161139,146.0,4.312
SNXUSDT,SELL,LIMIT,1702182236074,3046.0,4.127
SNXUSDT,BUY,LIMIT,1702182660145,851.8,4.290
SNXUSDT,BUY,LIMIT,1702182662893,2.3,4.294
SNXUSDT,SELL,LIMIT,1702182709989,193.9,4.145
SNXUSDT,SELL,LIMIT,1702182719864,6.3,4.132
SNXUSDT,SELL,LIMIT,1702182839678,378.5,4.125
SNXUSDT,SELL,LIMIT,1702182866366,25.7,4.120
SNXUSDT,SELL,LIMIT,1702182871663,101.7,4.112
SNXUSDT,SELL,LIMIT,1702183517967,71.1,4.100
SNXUSDT,SELL,LIMIT,1702183576276,1.6,4.087
SNXUSDT,SELL,LIMIT,1702183579870,3.9,4.084
SNXUSDT,SELL,LIMIT,1702184736083,1.6,4.062
SNXUSDT,SELL,LIMIT,1702184741460,441.1,4.059
SNXUSDT,SELL,LIMIT,1702184922006,162.7,4.047
SNXUSDT,BUY,LIMIT,1702186125080,254.4,4.191
SNXUSDT,SELL,LIMIT,1702186985843,12.0,4.065
SNXUSDT,SELL,LIMIT,1702187261051,31.2,4.039
SNXUSDT,SELL,LIMIT,1702187262215,25.2,4.035
SNXUSDT,SELL,LIMIT,1702187303466,38.5,4.030
SNXUSDT,SELL,LIMIT,1702187579360,1.7,4.021
SNXUSDT,SELL,LIMIT,1702187756458,47.1,4.009
SNXUSDT,SELL,LIMIT,1702188610023,294.6,4.012
SNXUSDT,SELL,LIMIT,1702189133378,4.6,4.000
SNXUSDT,SELL,LIMIT,1702189303865,944.3,3.994
SNXUSDT,SELL,LIMIT,1702189308373,2.3,3.987
SNXUSDT,BUY,LIMIT,1702189549423,274.2,4.135
SNXUSDT,BUY,LIMIT,1702192351308,33.7,4.168
SNXUSDT,SELL,LIMIT,1702192882956,156.0,4.001
SNXUSDT,BUY,LIMIT,1702193405351,19.9,4.154
SNXUSDT,BUY,LIMIT,1702195273926,251.5,4.146
SNXUSDT,SELL,LIMIT,1702195717349,64.7,3.985
SNXUSDT,SELL,LIMIT,1702195723417,230.9,3.985
SNXUSDT,SELL,LIMIT,1702195729845,40.1,3.981
SNXUSDT,SELL,LIMIT,1702195995152,33.3,3.974
SNXUSDT,SELL,LIMIT,1702195996319,6.2,3.973
SNXUSDT,SELL,LIMIT,1702196001270,27.6,3.973
SNXUSDT,SELL,LIMIT,1702196014745,1.3,3.968
SNXUSDT,SELL,LIMIT,1702196637555,500.0,3.965
SNXUSDT,SELL,LIMIT,1702196639488,119.6,3.965
SNXUSDT,SELL,LIMIT,1702196655283,36.4,3.964
SNXUSDT,SELL,LIMIT,1702196696373,367.8,3.956
SNXUSDT,SELL,LIMIT,1702196736114,302.1,3.959
SNXUSDT,SELL,LIMIT,1702197753280,110.9,3.947
SNXUSDT,SELL,LIMIT,1702197756900,60.0,3.940
SNXUSDT,BUY,LIMIT,1702199931484,369.9,4.109
SNXUSDT,SELL,LIMIT,1702200801824,2.6,3.949
SNXUSDT,SELL,LIMIT,1702200935690,22.9,3.931
SNXUSDT,BUY,LIMIT,1702201001143,54.4,4.076
SNXUSDT,SELL,LIMIT,1702201336878,130.4,3.945
SNXUSDT,SELL,LIMIT,1702201787192,101.8,3.935
SNXUSDT,SELL,LIMIT,1702202089041,12.3,3.922
SNXUSDT,SELL,LIMIT,1702202151173,8.3,3.923
SNXUSDT,SELL,LIMIT,1702202179694,3.4,3.920
SNXUSDT,SELL,LIMIT,1702202269298,9.0,3.918
SNXUSDT,SELL,LIMIT,1702202274457,5.4,3.918
SNXUSDT,SELL,LIMIT,1702202298411,140.2,3.914
SNXUSDT,SELL,LIMIT,1702202313887,12.9,3.913
SNXUSDT,SELL,LIMIT,1702202319877,245.1,3.913
SNXUSDT,SELL,LIMIT,1702202323084,153.4,3.910
SNXUSDT,SELL,LIMIT,1702202324421,12.0,3.906
SNXUSDT,SELL,LIMIT,1702202372949,110.5,3.901
SNXUSDT,BUY,LIMIT,1702202377957,12.4,4.012
SNXUSDT,SELL,LIMIT,1702202380132,46.2,3.895
SNXUSDT,SELL,LIMIT,1702202382162,231.2,3.892
SNXUSDT,SELL,LIMIT,1702202383584,152.3,3.894
SNXUSDT,BUY,LIMIT,1702202477523,10.1,4.032
SNXUSDT,BUY,LIMIT,1702202586401,25.2,4.044
SNXUSDT,BUY,LIMIT,1702203885038,2.5,4.101
SNXUSDT,BUY,LIMIT,1702204366076,20.9,4.122
SNXUSDT,BUY,LIMIT,1702205508494,33.5,4.131
SNXUSDT,BUY,LIMIT,1702205808552,973.7,4.137
SNXUSDT,BUY,LIMIT,1702205902100,2.6,4.143
SNXUSDT,BUY,LIMIT,1702205906508,54.0,4.145
SNXUSDT,BUY,LIMIT,1702205922760,198.8,4.151
SNXUSDT,BUY,LIMIT,1702206011440,116.4,4.157
SNXUSDT,SELL,LIMIT,1702206536881,917.7,4.001
SNXUSDT,SELL,LIMIT,1702208716024,130.2,3.989
SNXUSDT,BUY,LIMIT,1702209195115,3.3,4.145
SNXUSDT,BUY,LIMIT,1702209707197,14.8,4.152
SNXUSDT,BUY,LIMIT,1702209842914,100.0,4.171
SNXUSDT,BUY,LIMIT,1702209847118,1225.6,4.173
SNXUSDT,BUY,LIMIT,1702209877058,5.8,4.179
SNXUSDT,BUY,LIMIT,1702210838439,154.9,4.172
SNXUSDT,BUY,LIMIT,1702210841763,145.0,4.177
SNXUSDT,BUY,LIMIT,1702210910536,10.8,4.182
SNXUSDT,BUY,LIMIT,1702210936378,34.5,4.186
SNXUSDT,BUY,LIMIT,1702210982091,10.6,4.189
SNXUSDT,BUY,LIMIT,1702211070627,415.6,4.203
SNXUSDT,BUY,LIMIT,1702211083308,228.4,4.214
SNXUSDT,BUY,LIMIT,1702211191228,55.7,4.219
SNXUSDT,BUY,LIMIT,1702211196938,651.2,4.226
SNXUSDT,SELL,LIMIT,1702211327949,80.0,4.058
SNXUSDT,BUY,LIMIT,1702211373026,134.0,4.205
SNXUSDT,BUY,LIMIT,1702211402156,7.7,4.228
SNXUSDT,SELL,LIMIT,1702211480085,19.9,4.077
SNXUSDT,SELL,LIMIT,1702211481102,20.7,4.078
SNXUSDT,BUY,LIMIT,1702212199719,202.5,4.231
SNXUSDT,BUY,LIMIT,1702212329309,21.9,4.235
SNXUSDT,BUY,LIMIT,1702213314366,210.5,4.242
SNXUSDT,BUY,LIMIT,1702213464518,49.9,4.249
SNXUSDT,SELL,LIMIT,1702213593839,9.6,4.097
SNXUSDT,SELL,LIMIT,1702213682769,4.8,4.088
SNXUSDT,SELL,LIMIT,1702213867263,1205.6,4.079
SNXUSDT,SELL,LIMIT,1702213868798,23.5,4.074
SNXUSDT,BUY,LIMIT,1702214538194,23.6,4.214
SNXUSDT,BUY,LIMIT,1702214542480,966.6,4.219
SNXUSDT,BUY,LIMIT,1702214604495,814.9,4.240
SNXUSDT,SELL,LIMIT,1702214856079,17.2,4.101
SNXUSDT,BUY,LIMIT,1702215428663,1.2,4.249
SNXUSDT,BUY,LIMIT,1702215434181,45.0,4.251
SNXUSDT,BUY,LIMIT,1702215449956,152.2,4.255
SNXUSDT,BUY,LIMIT,1702215505728,71.2,4.262
SNXUSDT,BUY,LIMIT,1702216436513,16.0,4.271
SNXUSDT,BUY,LIMIT,1702216507280,71.3,4.274
SNXUSDT,BUY,LIMIT,1702216562430,53.2,4.279
SNXUSDT,BUY,LIMIT,1702216683814,23.4,4.291
SNXUSDT,BUY,LIMIT,1702216713915,2.6,4.296
SNXUSDT,BUY,LIMIT,1702216724395,237.3,4.297
SNXUSDT,BUY,LIMIT,1702216822480,5.8,4.306
SNXUSDT,BUY,LIMIT,1702216891858,1000.0,4.318
SNXUSDT,SELL,LIMIT,1702216931448,443.2,4.176
SNXUSDT,BUY,LIMIT,1702217158520,374.1,4.332
SNXUSDT,BUY,LIMIT,1702217202456,1.3,4.334
SNXUSDT,SELL,LIMIT,1702217223165,39.2,4.185
SNXUSDT,BUY,LIMIT,1702217317656,3.8,4.327
SNXUSDT,BUY,LIMIT,1702217324522,114.4,4.328
SNXUSDT,BUY,LIMIT,1702217336142,25.2,4.336
SNXUSDT,BUY,LIMIT,1702217338793,96.7,4.337
SNXUSDT,BUY,LIMIT,1702217589877,419.5,4.329
SNXUSDT,SELL,LIMIT,1702217765253,4.5,4.183
SNXUSDT,SELL,LIMIT,1702217769324,638.0,4.178
SNXUSDT,SELL,LIMIT,1702217778707,41.4,4.175
SNXUSDT,SELL,LIMIT,1702217794191,6.1,4.172
SNXUSDT,SELL,LIMIT,1702217859840,152.0,4.156
SNXUSDT,SELL,LIMIT,1702217864081,299.8,4.156
SNXUSDT,SELL,LIMIT,1702218083226,496.7,4.151
SNXUSDT,SELL,LIMIT,1702218176350,124.9,4.147
SNXUSDT,BUY,LIMIT,1702218620106,200.3,4.309
SNXUSDT,SELL,LIMIT,1702218766789,13.2,4.156
SNXUSDT,SELL,LIMIT,1702218845916,1.3,4.141
SNXUSDT,SELL,LIMIT,1702218872073,468.4,4.137
SNXUSDT,BUY,LIMIT,1702219282825,4.3,4.288
SNXUSDT,BUY,LIMIT,1702219334124,6.1,4.291
SNXUSDT,BUY,LIMIT,1702219580931,105.0,4.319
SNXUSDT,BUY,LIMIT,1702219610149,67.5,4.331
SNXUSDT,BUY,LIMIT,1702219813671,6.9,4.342
SNXUSDT,BUY,LIMIT,1702219821834,4.0,4.350
SNXUSDT,SELL,LIMIT,1702220208615,64.0,4.186
SNXUSDT,SELL,LIMIT,1702220236151,165.0,4.177
SNXUSDT,SELL,LIMIT,1702220288396,27.9,4.172
SNXUSDT,BUY,LIMIT,1702220461200,7.5,4.308
SNXUSDT,SELL,LIMIT,1702221103855,34.3,4.162
SNXUSDT,SELL,LIMIT,1702221106812,2.8,4.161
SNXUSDT,SELL,LIMIT,1702221149416,4.0,4.154
SNXUSDT,BUY,LIMIT,1702221454295,3.7,4.305
SNXUSDT,BUY,LIMIT,1702221455391,2.1,4.303
SNXUSDT,BUY,LIMIT,1702221494748,513.1,4.308
SNXUSDT,BUY,LIMIT,1702221496480,260.5,4.309
SNXUSDT,BUY,LIMIT,1702221978479,22.2,4.329
SNXUSDT,BUY,LIMIT,1702221979570,90.0,4.330
SNXUSDT,BUY,LIMIT,1702221982577,99.3,4.333
SNXUSDT,BUY,LIMIT,1702222022493,9.2,4.339
SNXUSDT,BUY,LIMIT,1702222026166,53.3,4.339
SNXUSDT,SELL,LIMIT,1702222877162,19.1,4.197
SNXUSDT,SELL,LIMIT,1702222878372,79.1,4.197
SNXUSDT,SELL,LIMIT,1702222881915,99.7,4.194
SNXUSDT,SELL,LIMIT,1702223069496,57.5,4.185
SNXUSDT,SELL,LIMIT,1702223083209,14.0,4.181
SNXUSDT,SELL,LIMIT,1702223085200,341.7,4.173
SNXUSDT,SELL,LIMIT,1702223091298,6.7,4.171
SNXUSDT,SELL,LIMIT,1702223275900,176.2,4.169
SNXUSDT,SELL,LIMIT,1702223282930,371.6,4.164
SNXUSDT,SELL,LIMIT,1702223288182,11.9,4.163
SNXUSDT,BUY,LIMIT,1702223424276,77.4,4.318
SNXUSDT,SELL,LIMIT,1702223742370,365.4,4.167
SNXUSDT,SELL,LIMIT,1702223769135,134.0,4.163
SNXUSDT,SELL,LIMIT,1702224504372,2.3,4.135
SNXUSDT,SELL,LIMIT,1702224702156,10.8,4.127
SNXUSDT,SELL,LIMIT,1702224710310,74.3,4.122
SNXUSDT,SELL,LIMIT,1702224718157,12.4,4.120
SNXUSDT,SELL,LIMIT,1702224738510,111.8,4.116
SNXUSDT,BUY,LIMIT,1702224803874,35.8,4.256
SNXUSDT,BUY,LIMIT,1702225483751,222.3,4.286
SNXUSDT,BUY,LIMIT,1702226272913,2.7,4.314
SNXUSDT,BUY,LIMIT,1702226276401,26.5,4.318
SNXUSDT,BUY,LIMIT,1702226282915,2.6,4.325
SNXUSDT,BUY,LIMIT,1702226299423,103.8,4.330
SNXUSDT,BUY,LIMIT,1702226310123,76.8,4.337
SNXUSDT,BUY,LIMIT,1702226313658,20.1,4.342
SNXUSDT,BUY,LIMIT,1702226321519,11.1,4.343
SNXUSDT,BUY,LIMIT,1702226325964,155.1,4.344
SNXUSDT,BUY,LIMIT,1702226329300,4.7,4.351
SNXUSDT,BUY,LIMIT,1702226330450,3.7,4.352
SNXUSDT,BUY,LIMIT,1702226338085,36.6,4.371
SNXUSDT,BUY,LIMIT,1702226339184,206.9,4.369
SNXUSDT,BUY,LIMIT,1702226514861,292.1,4.363
SNXUSDT,BUY,LIMIT,1702226516191,11.1,4.379
SNXUSDT,BUY,LIMIT,1702226518276,7.2,4.381
SNXUSDT,SELL,LIMIT,1702226593082,12.4,4.229
SNXUSDT,BUY,LIMIT,1702226784574,65.1,4.383
SNXUSDT,BUY,LIMIT,1702226787982,245.0,4.384
SNXUSDT,BUY,LIMIT,1702226823276,3.7,4.388
SNXUSDT,BUY,LIMIT,1702226868344,57.2,4.390
SNXUSDT,BUY,LIMIT,1702226889674,395.4,4.396
SNXUSDT,BUY,LIMIT,1702226895997,2.3,4.400
SNXUSDT,BUY,LIMIT,1702226932290,476.7,4.402
SNXUSDT,SELL,LIMIT,1702227295068,5.8,4.239
SNXUSDT,SELL,LIMIT,1702227299226,23.1,4.238
SNXUSDT,SELL,LIMIT,1702227882772,73.3,4.236
SNXUSDT,SELL,LIMIT,1702227884723,58.8,4.233
SNXUSDT,SELL,LIMIT,1702228008465,512.6,4.224
SNXUSDT,SELL,LIMIT,1702228010417,5.0,4.218
SNXUSDT,SELL,LIMIT,1702229252856,1.5,4.210
SNXUSDT,SELL,LIMIT,1702230501063,231.6,4.202
SNXUSDT,SELL,LIMIT,1702230505422,6.5,4.199
SNXUSDT,SELL,LIMIT,1702230516831,52.3,4.195
SNXUSDT,SELL,LIMIT,1702230603294,152.8,4.178
SNXUSDT,BUY,LIMIT,1702231469016,369.3,4.342
SNXUSDT,BUY,LIMIT,1702231498449,9.7,4.348
SNXUSDT,BUY,LIMIT,1702231530148,284.0,4.353
SNXUSDT,BUY,LIMIT,1702232531076,9.1,4.340
SNXUSDT,BUY,LIMIT,1702232610735,19.5,4.350
SNXUSDT,BUY,LIMIT,1702232754158,422.1,4.372
SNXUSDT,BUY,LIMIT,1702232755280,216.7,4.376
SNXUSDT,BUY,LIMIT,1702232761110,1.6,4.384
SNXUSDT,BUY,LIMIT,1702232781153,11.7,4.387
SNXUSDT,BUY,LIMIT,1702232784589,37.1,4.388
SNXUSDT,BUY,LIMIT,1702232791385,229.0,4.390
SNXUSDT,BUY,LIMIT,1702232906209,364.1,4.396
SNXUSDT,BUY,LIMIT,1702232907629,2.9,4.397
SNXUSDT,BUY,LIMIT,1702233204374,54.1,4.401
SNXUSDT,BUY,LIMIT,1702233210355,6.3,4.408
SNXUSDT,BUY,LIMIT,1702234570116,317.9,4.358
SNXUSDT,BUY,LIMIT,1702234955923,175.1,4.365
SNXUSDT,BUY,LIMIT,1702235137403,13.6,4.397
SNXUSDT,BUY,LIMIT,1702235147551,8.2,4.398
SNXUSDT,BUY,LIMIT,1702235203087,467.5,4.389
SNXUSDT,BUY,LIMIT,1702235472988,15.5,4.408
SNXUSDT,BUY,LIMIT,1702235481085,19.0,4.409
SNXUSDT,BUY,LIMIT,1702235484009,188.7,4.410
SNXUSDT,BUY,LIMIT,1702235560556,18.0,4.410
SNXUSDT,BUY,LIMIT,1702235681388,44.8,4.413
SNXUSDT,BUY,LIMIT,1702235682607,35.7,4.420
SNXUSDT,BUY,LIMIT,1702235683712,194.5,4.427
SNXUSDT,BUY,LIMIT,1702235685474,1146.7,4.434
SNXUSDT,BUY,LIMIT,1702235686943,16.7,4.440
SNXUSDT,BUY,LIMIT,1702235699143,26.1,4.442
SNXUSDT,BUY,LIMIT,1702235728142,507.5,4.436
SNXUSDT,SELL,LIMIT,1702235960147,49.8,4.283
SNXUSDT,BUY,LIMIT,1702236186355,10.0,4.434
SNXUSDT,BUY,LIMIT,1702236194459,5.7,4.436
SNXUSDT,BUY,LIMIT,1702236201333,2.9,4.441
SNXUSDT,BUY,LIMIT,1702236220543,27.3,4.445
SNXUSDT,BUY,LIMIT,1702236223810,14.5,4.447
SNXUSDT,SELL,LIMIT,1702236404023,50.1,4.283
SNXUSDT,BUY,LIMIT,1702236706462,1141.8,4.431
SNXUSDT,SELL,LIMIT,1702237188131,238.5,4.269
SNXUSDT,SELL,LIMIT,1702237189403,14.6,4.245
SNXUSDT,SELL,LIMIT,1702237265200,5.0,4.236
SNXUSDT,SELL,LIMIT,1702237274115,53.7,4.223
SNXUSDT,SELL,LIMIT,1702237275364,958.1,4.219
SNXUSDT,BUY,LIMIT,1702237371735,6.8,4.392
SNXUSDT,BUY,LIMIT,1702237381214,9.5,4.398
SNXUSDT,SELL,LIMIT,1702237465615,59.2,4.259
SNXUSDT,BUY,LIMIT,1702237701116,19.1,4.370
SNXUSDT,BUY,LIMIT,1702237874479,254.5,4.377
SNXUSDT,BUY,LIMIT,1702237875715,10.7,4.380
SNXUSDT,BUY,LIMIT,1702238475179,5.7,4.402
SNXUSDT,BUY,LIMIT,1702238532091,1.3,4.404
SNXUSDT,BUY,LIMIT,1702238584311,61.2,4.387
SNXUSDT,BUY,LIMIT,1702238603641,4.7,4.399
SNXUSDT,BUY,LIMIT,1702238608170,3.7,4.396
SNXUSDT,BUY,LIMIT,1702238626751,53.0,4.411
SNXUSDT,BUY,LIMIT,1702238663979,1.4,4.422
SNXUSDT,BUY,LIMIT,1702239148354,160.0,4.412
SNXUSDT,BUY,LIMIT,1702239613382,11.4,4.441
SNXUSDT,BUY,LIMIT,1702239688783,6.0,4.448
SNXUSDT,BUY,LIMIT,1702239727744,1.9,4.450
SNXUSDT,BUY,LIMIT,1702239730095,47.9,4.450
SNXUSDT,BUY,LIMIT,1702239731316,16.5,4.450
SNXUSDT,BUY,LIMIT,1702239742579,138.6,4.452
SNXUSDT,BUY,LIMIT,1702239761673,118.9,4.453
SNXUSDT,BUY,LIMIT,1702239767932,49.0,4.454
SNXUSDT,BUY,LIMIT,1702239769766,802.3,4.453
SNXUSDT,BUY,LIMIT,1702239810180,5859.7,4.486
SNXUSDT,BUY,LIMIT,1702239813411,47.5,4.455
SNXUSDT,BUY,LIMIT,1702239822475,4.2,4.457
SNXUSDT,BUY,LIMIT,1702239832736,84.3,4.457
SNXUSDT,BUY,LIMIT,1702239838443,147.9,4.461
SNXUSDT,BUY,LIMIT,1702239845549,245.2,4.462
SNXUSDT,BUY,LIMIT,1702239850083,3.0,4.462
SNXUSDT,BUY,LIMIT,1702239854170,27.0,4.463
SNXUSDT,BUY,LIMIT,1702239871277,37.9,4.464
SNXUSDT,BUY,LIMIT,1702239875193,68.5,4.465
SNXUSDT,BUY,LIMIT,1702239876279,19.7,4.469
SNXUSDT,BUY,LIMIT,1702239878838,3.1,4.474
SNXUSDT,BUY,LIMIT,1702240021369,683.6,4.474
SNXUSDT,BUY,LIMIT,1702240023114,60.3,4.475
SNXUSDT,BUY,LIMIT,1702240024303,12.2,4.475
SNXUSDT,BUY,LIMIT,1702240025401,5372.7,4.512
SNXUSDT,SELL,LIMIT,1702240245915,11.3,4.311
SNXUSDT,SELL,LIMIT,1702240293630,184.9,4.306
SNXUSDT,SELL,LIMIT,1702240298890,49.1,4.303
SNXUSDT,BUY,LIMIT,1702240386133,20.0,4.460
SNXUSDT,BUY,LIMIT,1702240431283,86.8,4.474
SNXUSDT,BUY,LIMIT,1702240485136,34.6,4.477
SNXUSDT,BUY,LIMIT,1702240488818,16.2,4.478
SNXUSDT,BUY,LIMIT,1702240569074,54.8,4.483
SNXUSDT,BUY,LIMIT,1702240570272,80.9,4.485
SNXUSDT,BUY,LIMIT,1702240571278,17.5,4.486
SNXUSDT,BUY,LIMIT,1702240579236,24.5,4.493
SNXUSDT,BUY,LIMIT,1702240580304,512.5,4.497
SNXUSDT,BUY,LIMIT,1702240581323,224.3,4.499
SNXUSDT,BUY,LIMIT,1702240582428,460.3,4.503
SNXUSDT,BUY,LIMIT,1702240583550,1.3,4.499
SNXUSDT,BUY,LIMIT,1702240742022,7.9,4.494
SNXUSDT,BUY,LIMIT,1702240757838,12.0,4.497
SNXUSDT,BUY,LIMIT,1702240762134,21.1,4.501
SNXUSDT,SELL,LIMIT,1702240896277,1.7,4.351
SNXUSDT,BUY,LIMIT,1702240961373,2.9,4.474
SNXUSDT,SELL,LIMIT,1702240966588,72.9,4.342
SNXUSDT,BUY,LIMIT,1702241426873,100.0,4.491
SNXUSDT,BUY,LIMIT,1702241430100,3.2,4.499
SNXUSDT,BUY,LIMIT,1702241441231,157.5,4.504
SNXUSDT,BUY,LIMIT,1702241445363,22.9,4.508
SNXUSDT,BUY,LIMIT,1702241449126,183.1,4.517
SNXUSDT,BUY,LIMIT,1702241450137,6.9,4.514
SNXUSDT,BUY,LIMIT,1702241451264,21.2,4.522
SNXUSDT,BUY,LIMIT,1702241452408,157.1,4.526
SNXUSDT,BUY,LIMIT,1702241453843,227.7,4.530
SNXUSDT,BUY,LIMIT,1702241460226,51.7,4.534
SNXUSDT,SELL,LIMIT,1702241742046,16.5,4.371
SNXUSDT,SELL,LIMIT,1702241813502,30.0,4.366
SNXUSDT,SELL,LIMIT,1702241814511,146.6,4.360
SNXUSDT,SELL,LIMIT,1702241820109,10.5,4.355
SNXUSDT,BUY,LIMIT,1702242256196,989.7,4.503
SNXUSDT,BUY,LIMIT,1702242500759,358.2,4.515
SNXUSDT,BUY,LIMIT,1702242539121,39.6,4.524
SNXUSDT,BUY,LIMIT,1702242549804,70.0,4.525
SNXUSDT,BUY,LIMIT,1702242568164,183.8,4.534
SNXUSDT,BUY,LIMIT,1702242571028,181.6,4.537
SNXUSDT,SELL,LIMIT,1702242908449,2.6,4.367
SNXUSDT,SELL,LIMIT,1702243118246,722.9,4.360
SNXUSDT,SELL,LIMIT,1702243119487,35.3,4.358
SNXUSDT,SELL,LIMIT,1702243161088,376.6,4.359
SNXUSDT,SELL,LIMIT,1702243177203,2.2,4.353
SNXUSDT,SELL,LIMIT,1702243203390,85.8,4.343
SNXUSDT,SELL,LIMIT,1702243205669,8.9,4.342
SNXUSDT,BUY,LIMIT,1702243215589,83.4,4.477
SNXUSDT,SELL,LIMIT,1702243640843,7.9,4.333
SNXUSDT,SELL,LIMIT,1702243649076,2.2,4.330
SNXUSDT,SELL,LIMIT,1702243666465,70.8,4.328
SNXUSDT,SELL,LIMIT,1702243670825,61.5,4.325
SNXUSDT,SELL,LIMIT,1702243945273,5.5,4.321
SNXUSDT,SELL,LIMIT,1702243946376,385.0,4.320
SNXUSDT,SELL,LIMIT,1702243947994,45.3,4.319
SNXUSDT,SELL,LIMIT,1702244048487,22.7,4.309
SNXUSDT,BUY,LIMIT,1702244371606,30.3,4.467
SNXUSDT,SELL,LIMIT,1702244515651,67.5,4.315
SNXUSDT,BUY,LIMIT,1702244754152,14.1,4.475
SNXUSDT,BUY,LIMIT,1702244764481,69.0,4.479
SNXUSDT,BUY,LIMIT,1702244773327,77.9,4.482
SNXUSDT,BUY,LIMIT,1702244775616,139.0,4.486
SNXUSDT,BUY,LIMIT,1702244779061,297.3,4.491
SNXUSDT,BUY,LIMIT,1702244840187,32.1,4.497
SNXUSDT,SELL,LIMIT,1702245001281,4.3,4.343
SNXUSDT,SELL,LIMIT,1702245196139,566.3,4.327
SNXUSDT,SELL,LIMIT,1702245241373,22.7,4.324
SNXUSDT,SELL,LIMIT,1702245375295,102.2,4.313
SNXUSDT,SELL,LIMIT,1702245403710,2.2,4.310
SNXUSDT,SELL,LIMIT,1702245408092,76.2,4.305
SNXUSDT,SELL,LIMIT,1702245409098,56.9,4.305
SNXUSDT,SELL,LIMIT,1702245584506,61.4,4.299
SNXUSDT,SELL,LIMIT,1702245585878,190.9,4.295
SNXUSDT,SELL,LIMIT,1702245588285,1.3,4.293
SNXUSDT,SELL,LIMIT,1702245600134,2.1,4.286
SNXUSDT,SELL,LIMIT,1702245607985,109.3,4.285
SNXUSDT,BUY,LIMIT,1702247954048,5.3,4.450
SNXUSDT,BUY,LIMIT,1702249237524,1508.0,4.460
SNXUSDT,SELL,LIMIT,1702250292077,687.9,4.278
SNXUSDT,SELL,LIMIT,1702250293138,55.0,4.280
SNXUSDT,SELL,LIMIT,1702250299554,493.3,4.273
SNXUSDT,SELL,LIMIT,1702250300561,573.3,4.274
SNXUSDT,SELL,LIMIT,1702250341925,65.6,4.277
SNXUSDT,SELL,LIMIT,1702250553210,104.9,4.266
SNXUSDT,SELL,LIMIT,1702250563431,74.1,4.258
SNXUSDT,SELL,LIMIT,1702250565713,715.3,4.257
SNXUSDT,BUY,LIMIT,1702252717674,966.3,4.458
SNXUSDT,BUY,LIMIT,1702252719740,3.4,4.458
SNXUSDT,BUY,LIMIT,1702252808967,9.3,4.462
SNXUSDT,BUY,LIMIT,1702252813916,159.0,4.468
SNXUSDT,BUY,LIMIT,1702252819113,71.9,4.471
SNXUSDT,BUY,LIMIT,1702252976502,20.6,4.477
SNXUSDT,BUY,LIMIT,1702253180293,170.5,4.482
SNXUSDT,BUY,LIMIT,1702253197352,52.4,4.491
SNXUSDT,BUY,LIMIT,1702253311229,1141.5,4.501
SNXUSDT,BUY,LIMIT,1702253317301,32.3,4.502
SNXUSDT,BUY,LIMIT,1702253326102,835.2,4.502
SNXUSDT,BUY,LIMIT,1702253331947,1.7,4.504
SNXUSDT,BUY,LIMIT,1702253335166,61.6,4.508
SNXUSDT,BUY,LIMIT,1702253336168,788.0,4.510
SNXUSDT,BUY,LIMIT,1702253385591,10822.9,4.551
SNXUSDT,SELL,LIMIT,1702254199920,28.2,4.360
SNXUSDT,SELL,LIMIT,1702254222520,3.9,4.347
SNXUSDT,BUY,LIMIT,1702254743347,750.0,4.509
SNXUSDT,BUY,LIMIT,1702255768192,4.5,4.521
SNXUSDT,BUY,LIMIT,1702255769442,16.7,4.530
SNXUSDT,SELL,LIMIT,1702256509308,183.4,4.330
SNXUSDT,SELL,LIMIT,1702256607711,72.3,4.318
SNXUSDT,SELL,LIMIT,1702256614169,184.5,4.310
SNXUSDT,SELL,LIMIT,1702256620302,22.6,4.309
SNXUSDT,SELL,LIMIT,1702256715529,100.0,4.311
SNXUSDT,SELL,LIMIT,1702256724030,34.6,4.304
SNXUSDT,SELL,LIMIT,1702256730011,348.6,4.301
SNXUSDT,SELL,LIMIT,1702256914706,38.5,4.291
SNXUSDT,SELL,LIMIT,1702256930057,86.2,4.285
SNXUSDT,BUY,LIMIT,1702257312838,60.1,4.493
SNXUSDT,BUY,LIMIT,1702257708830,25.7,4.510
SNXUSDT,BUY,LIMIT,1702257930496,30.0,4.519
SNXUSDT,BUY,LIMIT,1702258297688,68.5,4.530
SNXUSDT,BUY,LIMIT,1702258323110,92.5,4.539
SNXUSDT,BUY,LIMIT,1702258327048,252.6,4.540
SNXUSDT,BUY,LIMIT,1702258348169,8.4,4.544
SNXUSDT,BUY,LIMIT,1702258352318,878.2,4.546
SNXUSDT,BUY,LIMIT,1702258354193,192.3,4.546
SNXUSDT,BUY,LIMIT,1702258356368,6.5,4.550
SNXUSDT,BUY,LIMIT,1702258360729,36.2,4.553
SNXUSDT,BUY,LIMIT,1702258366287,2398.8,4.578
SNXUSDT,BUY,LIMIT,1702258367735,1142.6,4.555
SNXUSDT,BUY,LIMIT,1702258370678,107.8,4.555
SNXUSDT,BUY,LIMIT,1702258376140,89.8,4.562
SNXUSDT,BUY,LIMIT,1702258377406,1.6,4.561
SNXUSDT,BUY,LIMIT,1702258795235,17.8,4.558
SNXUSDT,BUY,LIMIT,1702259361137,40.8,4.564
SNXUSDT,BUY,LIMIT,1702259365102,35.7,4.568
SNXUSDT,BUY,LIMIT,1702259366212,2.5,4.567
SNXUSDT,BUY,LIMIT,1702259368449,100.4,4.573
SNXUSDT,BUY,LIMIT,1702259370229,614.6,4.576
SNXUSDT,BUY,LIMIT,1702259371259,29.6,4.578
SNXUSDT,BUY,LIMIT,1702259372748,22.9,4.579
SNXUSDT,BUY,LIMIT,1702259381852,388.9,4.581
SNXUSDT,BUY,LIMIT,1702259387448,22.9,4.584
SNXUSDT,BUY,LIMIT,1702259397009,4904.4,4.621
SNXUSDT,SELL,LIMIT,1702259510350,188.8,4.415
SNXUSDT,BUY,LIMIT,1702259666508,120.2,4.534
SNXUSDT,SELL,LIMIT,1702259917658,22.3,4.386
SNXUSDT,SELL,LIMIT,1702260158317,12.3,4.381
SNXUSDT,SELL,LIMIT,1702260188234,32.6,4.361
SNXUSDT,SELL,LIMIT,1702260194697,14.7,4.359
SNXUSDT,SELL,LIMIT,1702260215146,1.2,4.374
SNXUSDT,SELL,LIMIT,1702260295201,33.4,4.337
SNXUSDT,SELL,LIMIT,1702260428637,2.9,4.346
SNXUSDT,SELL,LIMIT,1702260430593,108.9,4.346
SNXUSDT,SELL,LIMIT,1702260431700,3.9,4.328
SNXUSDT,SELL,LIMIT,1702260433838,14.8,4.370
SNXUSDT,BUY,LIMIT,1702260439933,1.1,4.452
SNXUSDT,SELL,LIMIT,1702260441524,89.0,4.318
SNXUSDT,SELL,LIMIT,1702260443413,328.7,4.316
SNXUSDT,SELL,LIMIT,1702260488986,100.0,4.334
SNXUSDT,SELL,LIMIT,1702260628117,89.3,4.314
SNXUSDT,BUY,LIMIT,1702260630947,11.1,4.435
SNXUSDT,SELL,LIMIT,1702260632820,388.4,4.307
SNXUSDT,SELL,LIMIT,1702260634510,679.5,4.303
SNXUSDT,SELL,LIMIT,1702260689149,989.8,4.294
SNXUSDT,SELL,LIMIT,1702260690382,8.7,4.288
SNXUSDT,SELL,LIMIT,1702260695837,124.4,4.285
SNXUSDT,SELL,LIMIT,1702260699083,455.4,4.283
SNXUSDT,SELL,LIMIT,1702260700990,10.6,4.279
SNXUSDT,SELL,LIMIT,1702260707253,11.0,4.317
SNXUSDT,SELL,LIMIT,1702260708421,1.2,4.817
SNXUSDT,SELL,LIMIT,1702260710525,322.0,4.271
SNXUSDT,SELL,LIMIT,1702260711571,56.3,4.267
SNXUSDT,SELL,LIMIT,1702260713530,24.1,4.268
SNXUSDT,SELL,LIMIT,1702260714657,3562.5,4.209
SNXUSDT,SELL,LIMIT,1702260715811,2.0,4.241
SNXUSDT,SELL,LIMIT,1702260717134,9486.7,4.199
SNXUSDT,SELL,LIMIT,1702260718441,2520.2,4.207
SNXUSDT,SELL,LIMIT,1702260724556,2850.9,4.180
SNXUSDT,SELL,LIMIT,1702260725582,184.7,4.281
SNXUSDT,BUY,LIMIT,1702260727984,10.0,4.315
SNXUSDT,SELL,LIMIT,1702260729506,31.2,4.161
SNXUSDT,SELL,LIMIT,1702260730500,5.8,4.180
SNXUSDT,SELL,LIMIT,1702260731998,1.0,4.171
SNXUSDT,SELL,LIMIT,1702260733476,30.4,4.150
SNXUSDT,SELL,LIMIT,1702260734680,300.0,4.159
SNXUSDT,SELL,LIMIT,1702260736586,16.5,4.135
SNXUSDT,SELL,LIMIT,1702260737640,53.4,4.140
SNXUSDT,SELL,LIMIT,1702260741114,1.7,4.148
SNXUSDT,SELL,LIMIT,1702260742639,4.3,4.147
SNXUSDT,SELL,LIMIT,1702260743915,17.9,4.146
SNXUSDT,SELL,LIMIT,1702260745636,1.4,4.131
SNXUSDT,SELL,LIMIT,1702260746781,1.3,4.131
SNXUSDT,SELL,LIMIT,1702260748068,68.9,4.131
SNXUSDT,SELL,LIMIT,1702260749116,64.4,4.125
SNXUSDT,SELL,LIMIT,1702260751450,100.2,4.133
SNXUSDT,SELL,LIMIT,1702260752527,229.2,4.136
SNXUSDT,BUY,LIMIT,1702260753899,3.1,4.250
SNXUSDT,SELL,LIMIT,1702260755207,195.0,4.144
SNXUSDT,SELL,LIMIT,1702260756496,57.4,4.103
SNXUSDT,SELL,LIMIT,1702260757631,27.7,4.094
SNXUSDT,SELL,LIMIT,1702260758653,85.0,4.103
SNXUSDT,SELL,LIMIT,1702260759721,2333.1,4.060
SNXUSDT,SELL,LIMIT,1702260760789,1.3,4.062
SNXUSDT,SELL,LIMIT,1702260761803,559.9,4.062
SNXUSDT,SELL,LIMIT,1702260762804,728.5,4.043
SNXUSDT,SELL,LIMIT,1702260764065,80.0,4.047
SNXUSDT,SELL,LIMIT,1702260765159,225.2,4.042
SNXUSDT,SELL,LIMIT,1702260766266,290.4,4.038
SNXUSDT,SELL,LIMIT,1702260767421,66.2,4.163
SNXUSDT,BUY,LIMIT,1702260768533,1.3,4.147
SNXUSDT,SELL,LIMIT,1702260769623,500.0,4.088
SNXUSDT,SELL,LIMIT,1702260770874,90.1,4.013
SNXUSDT,SELL,LIMIT,1702260771878,244.9,4.006
SNXUSDT,SELL,LIMIT,1702260773219,23.0,4.020
SNXUSDT,SELL,LIMIT,1702260774356,4913.0,3.972
SNXUSDT,SELL,LIMIT,1702260775481,1.3,4.001
SNXUSDT,BUY,LIMIT,1702260776879,2.5,4.121
SNXUSDT,SELL,LIMIT,1702260778195,117.0,3.999
SNXUSDT,SELL,LIMIT,1702260779279,14.9,4.093
SNXUSDT,SELL,LIMIT,1702260780300,717.5,4.001
SNXUSDT,SELL,LIMIT,1702260781419,338.3,3.974
SNXUSDT,SELL,LIMIT,1702260782535,23.1,3.967
SNXUSDT,SELL,LIMIT,1702260783560,2799.1,3.945
SNXUSDT,SELL,LIMIT,1702260784626,66.6,3.967
SNXUSDT,SELL,LIMIT,1702260785686,35.2,3.963
SNXUSDT,SELL,LIMIT,1702260786784,2044.9,3.942
SNXUSDT,SELL,LIMIT,1702260787784,23.3,3.953
SNXUSDT,BUY,LIMIT,1702260788804,247.3,4.068
SNXUSDT,SELL,LIMIT,1702260789835,1.3,3.942
SNXUSDT,SELL,LIMIT,1702260790862,22.7,3.947
SNXUSDT,SELL,LIMIT,1702260791969,230.3,3.944
SNXUSDT,SELL,LIMIT,1702260793018,70.7,3.934
SNXUSDT,SELL,LIMIT,1702260794149,100.0,3.975
SNXUSDT,SELL,LIMIT,1702260795332,95.2,3.940
SNXUSDT,SELL,LIMIT,1702260796433,54.8,3.934
SNXUSDT,SELL,LIMIT,1702260797536,344.6,3.935
SNXUSDT,SELL,LIMIT,1702260799279,63.8,3.931
SNXUSDT,SELL,LIMIT,1702260800468,21.5,3.925
SNXUSDT,SELL,LIMIT,1702260801550,33.8,3.903
SNXUSDT,SELL,LIMIT,1702260802673,45.1,3.944
SNXUSDT,SELL,LIMIT,1702260803691,1.2,3.896
SNXUSDT,SELL,LIMIT,1702260804720,0.1,3.879
SNXUSDT,SELL,LIMIT,1702260805780,5.8,3.896
SNXUSDT,SELL,LIMIT,1702260806850,584.5,3.878
SNXUSDT,SELL,LIMIT,1702260807908,1.4,3.885
SNXUSDT,SELL,LIMIT,1702260808968,21.2,3.859
SNXUSDT,SELL,LIMIT,1702260810442,70.3,3.879
SNXUSDT,SELL,LIMIT,1702260811588,236.7,3.843
SNXUSDT,SELL,LIMIT,1702260813469,91.5,3.838
SNXUSDT,SELL,LIMIT,1702260816242,520.5,3.843
SNXUSDT,SELL,LIMIT,1702260818077,12.0,3.971
SNXUSDT,SELL,LIMIT,1702260822154,1.6,3.867
SNXUSDT,BUY,LIMIT,1702260829900,16.6,4.025
SNXUSDT,BUY,LIMIT,1702260841502,20.8,4.094
SNXUSDT,BUY,LIMIT,1702260842590,514.4,4.086
SNXUSDT,BUY,LIMIT,1702260858423,40.0,4.128
SNXUSDT,BUY,LIMIT,1702260864720,147.1,4.168
SNXUSDT,SELL,LIMIT,1702260871885,10.0,4.053
SNXUSDT,BUY,LIMIT,1702260876726,0.8,4.191
SNXUSDT,BUY,LIMIT,1702260947336,9.5,4.228
SNXUSDT,SELL,LIMIT,1702260978111,1040.9,4.095
SNXUSDT,SELL,LIMIT,1702260979626,597.5,4.095
SNXUSDT,BUY,LIMIT,1702261105993,238.8,4.264
SNXUSDT,BUY,LIMIT,1702261122343,18.0,4.278
SNXUSDT,BUY,LIMIT,1702261197001,10.7,4.291
SNXUSDT,BUY,LIMIT,1702261211429,24.4,4.286
SNXUSDT,BUY,LIMIT,1702261227879,490.1,4.296
SNXUSDT,BUY,LIMIT,1702261273093,131.6,4.308
SNXUSDT,BUY,LIMIT,1702261351438,10.4,4.298
SNXUSDT,BUY,LIMIT,1702261445167,177.1,4.317
SNXUSDT,BUY,LIMIT,1702261449949,107.1,4.321
SNXUSDT,BUY,LIMIT,1702261527276,212.9,4.323
SNXUSDT,BUY,LIMIT,1702261528523,8.4,4.325
SNXUSDT,BUY,LIMIT,1702261723405,12.6,4.335
SNXUSDT,BUY,LIMIT,1702261828503,46.4,4.371
SNXUSDT,BUY,LIMIT,1702261830852,33.8,4.373
SNXUSDT,SELL,LIMIT,1702261942593,2.2,4.230
SNXUSDT,SELL,LIMIT,1702261983202,40.3,4.228
SNXUSDT,BUY,LIMIT,1702262129398,1.4,4.401
SNXUSDT,BUY,LIMIT,1702262135162,23.6,4.404
SNXUSDT,SELL,LIMIT,1702262520684,236.9,4.235
SNXUSDT,SELL,LIMIT,1702262563532,17.1,4.228
SNXUSDT,SELL,LIMIT,1702262615342,907.9,4.239
SNXUSDT,SELL,LIMIT,1702262616812,2.0,4.221
SNXUSDT,SELL,LIMIT,1702262625594,24.8,4.201
SNXUSDT,BUY,LIMIT,1702262918068,11.1,4.357
SNXUSDT,BUY,LIMIT,1702263201460,168.6,4.404
SNXUSDT,BUY,LIMIT,1702263213213,1.9,4.408
SNXUSDT,BUY,LIMIT,1702263269254,417.1,4.428
SNXUSDT,BUY,LIMIT,1702263272602,26.5,4.442
SNXUSDT,BUY,LIMIT,1702263347420,2.3,4.442
SNXUSDT,SELL,LIMIT,1702263617700,3.2,4.259
SNXUSDT,BUY,LIMIT,1702263784143,148.6,4.428
SNXUSDT,BUY,LIMIT,1702263813723,346.9,4.441
SNXUSDT,BUY,LIMIT,1702263865972,356.3,4.454
SNXUSDT,BUY,LIMIT,1702263880969,377.2,4.478
SNXUSDT,BUY,LIMIT,1702263893375,2.2,4.485
SNXUSDT,BUY,LIMIT,1702263901535,302.5,4.489
SNXUSDT,BUY,LIMIT,1702263974273,92.7,4.493
SNXUSDT,BUY,LIMIT,1702263978688,37.0,4.512
SNXUSDT,BUY,LIMIT,1702263984226,15.8,4.515
SNXUSDT,BUY,LIMIT,1702263986117,60.5,4.524
SNXUSDT,BUY,LIMIT,1702264001253,3305.1,4.562
SNXUSDT,BUY,LIMIT,1702264002283,12.4,4.547
SNXUSDT,BUY,LIMIT,1702264009126,275.1,4.549
SNXUSDT,BUY,LIMIT,1702264010283,49.1,4.558
SNXUSDT,BUY,LIMIT,1702264017081,634.7,4.571
SNXUSDT,BUY,LIMIT,1702264018110,114.2,4.570
SNXUSDT,BUY,LIMIT,1702264021051,20.4,4.573
SNXUSDT,BUY,LIMIT,1702264025064,93.8,4.592
SNXUSDT,BUY,LIMIT,1702264026127,15.0,4.579
SNXUSDT,BUY,LIMIT,1702264027440,566.3,4.600
SNXUSDT,BUY,LIMIT,1702264039092,11.8,4.606
SNXUSDT,BUY,LIMIT,1702264041584,2.2,4.610
SNXUSDT,BUY,LIMIT,1702264044879,17.6,4.612
SNXUSDT,BUY,LIMIT,1702264046134,36.5,4.615
SNXUSDT,BUY,LIMIT,1702264048897,100.0,4.623
SNXUSDT,BUY,LIMIT,1702264049920,6.2,4.625
SNXUSDT,BUY,LIMIT,1702264053502,6.5,4.639
SNXUSDT,SELL,LIMIT,1702264056399,1.4,4.485
SNXUSDT,BUY,LIMIT,1702264188070,35.8,4.636
SNXUSDT,BUY,LIMIT,1702264189145,25.9,4.639
SNXUSDT,BUY,LIMIT,1702264198076,150.0,4.653
SNXUSDT,BUY,LIMIT,1702264199128,15.9,4.644
SNXUSDT,BUY,LIMIT,1702264202204,15.0,4.672
SNXUSDT,SELL,LIMIT,1702264254388,21.1,4.498
SNXUSDT,BUY,LIMIT,1702264327022,630.4,4.632
SNXUSDT,BUY,LIMIT,1702264353247,38.9,4.675
SNXUSDT,BUY,LIMIT,1702264354251,4.9,4.686
SNXUSDT,BUY,LIMIT,1702264361186,67.2,4.699
SNXUSDT,BUY,LIMIT,1702264363063,5000.0,4.737
SNXUSDT,BUY,LIMIT,1702264364391,6.5,4.706
SNXUSDT,BUY,LIMIT,1702264367075,314.2,4.713
SNXUSDT,BUY,LIMIT,1702264369654,4.6,4.716
SNXUSDT,BUY,LIMIT,1702264390203,46.6,4.728
SNXUSDT,BUY,LIMIT,1702264391222,60.4,4.729
SNXUSDT,BUY,LIMIT,1702264392323,65.6,4.729
SNXUSDT,BUY,LIMIT,1702264393428,14.6,4.730
SNXUSDT,BUY,LIMIT,1702264394760,22.1,4.734
SNXUSDT,BUY,LIMIT,1702264396076,164.5,4.739
SNXUSDT,SELL,LIMIT,1702264420322,192.7,4.573
SNXUSDT,SELL,LIMIT,1702264434182,657.4,4.565
SNXUSDT,SELL,LIMIT,1702264440682,157.7,4.549
SNXUSDT,SELL,LIMIT,1702264464207,2.2,4.533
SNXUSDT,SELL,LIMIT,1702264487626,897.9,4.522
SNXUSDT,SELL,LIMIT,1702264516270,24.9,4.500
SNXUSDT,SELL,LIMIT,1702264544930,143.9,4.493
SNXUSDT,BUY,LIMIT,1702264618777,24.4,4.667
SNXUSDT,SELL,LIMIT,1702264700267,8.3,4.510
SNXUSDT,SELL,LIMIT,1702264738195,312.5,4.446
SNXUSDT,SELL,LIMIT,1702264749188,3.6,4.433
SNXUSDT,SELL,LIMIT,1702264884209,39.2,4.406
SNXUSDT,SELL,LIMIT,1702264958124,100.0,4.384
SNXUSDT,SELL,LIMIT,1702265115177,123.7,4.368
SNXUSDT,SELL,LIMIT,1702265280098,230.7,4.352
SNXUSDT,BUY,LIMIT,1702265660491,22.5,4.558
SNXUSDT,SELL,LIMIT,1702265827515,231.9,4.400
SNXUSDT,SELL,LIMIT,1702266069203,333.3,4.411
SNXUSDT,SELL,LIMIT,1702266192189,58.0,4.369
SNXUSDT,BUY,LIMIT,1702266860698,136.8,4.538
SNXUSDT,BUY,LIMIT,1702266894643,57.6,4.557
SNXUSDT,SELL,LIMIT,1702267055411,5.6,4.463
SNXUSDT,SELL,LIMIT,1702267492065,190.8,4.395
SNXUSDT,SELL,LIMIT,1702267520213,1.2,4.389
SNXUSDT,BUY,LIMIT,1702268071482,136.0,4.534
SNXUSDT,SELL,LIMIT,1702268275994,1112.0,4.403
