Symbol,Side,Order Type,Time,Quantity,Price
SNXUSDT,SELL,LIMIT,1700989635492,573.3,3.490
SNXUSDT,SELL,LIMIT,1700990430600,1.7,3.486
SNXUSDT,SELL,LIMIT,1700990890208,57.1,3.482
SNXUSDT,SELL,LIMIT,1700990939576,27.4,3.479
SNXUSDT,SELL,LIMIT,1700990974445,209.1,3.477
SNXUSDT,SELL,LIMIT,1700990982152,460.7,3.475
SNXUSDT,SELL,LIMIT,1700990993701,38.7,3.475
SNXUSDT,BUY,LIMIT,1700992688265,64.7,3.596
SNXUSDT,SELL,LIMIT,1700993243958,37.3,3.476
SNXUSDT,SELL,LIMIT,1700994651102,821.9,3.470
SNXUSDT,SELL,LIMIT,1700994752467,109.5,3.468
SNXUSDT,SELL,LIMIT,1700994941550,209.5,3.459
SNXUSDT,SELL,LIMIT,1700994976234,6.5,3.456
SNXUSDT,SELL,LIMIT,1700995404575,69.1,3.451
SNXUSDT,SELL,LIMIT,1700995604849,1385.5,3.450
SNXUSDT,SELL,LIMIT,1700996096873,10.0,3.447
SNXUSDT,SELL,LIMIT,1700999457337,6.8,3.440
SNXUSDT,SELL,LIMIT,1701000401638,231.9,3.435
SNXUSDT,SELL,LIMIT,1701000452181,339.7,3.434
SNXUSDT,SELL,LIMIT,1701000528352,60.8,3.425
SNXUSDT,SELL,LIMIT,1701000621559,106.3,3.422
SNXUSDT,SELL,LIMIT,1701001393264,60.8,3.421
SNXUSDT,SELL,LIMIT,1701001449215,22.8,3.418
SNXUSDT,SELL,LIMIT,1701001450989,127.1,3.416
SNXUSDT,SELL,LIMIT,1701001503526,51.9,3.414
SNXUSDT,BUY,LIMIT,1701003201779,38.2,3.551
SNXUSDT,BUY,LIMIT,1701003256797,64.1,3.554
SNXUSDT,BUY,LIMIT,1701003345481,57.3,3.557
SNXUSDT,SELL,LIMIT,1701003894202,2.9,3.454
SNXUSDT,SELL,LIMIT,1701004557270,13.7,3.437
SNXUSDT,SELL,LIMIT,1701005088060,37.1,3.423
SNXUSDT,SELL,LIMIT,1701005158156,31.0,3.420
SNXUSDT,SELL,LIMIT,1701008179902,92.5,3.462
SNXUSDT,SELL,LIMIT,1701008182311,2128.7,3.443
SNXUSDT,SELL,LIMIT,1701008417932,166.0,3.441
SNXUSDT,SELL,LIMIT,1701008419318,711.6,3.439
SNXUSDT,SELL,LIMIT,1701008421646,687.1,3.438
SNXUSDT,SELL,LIMIT,1701008423245,61.0,3.437
SNXUSDT,SELL,LIMIT,1701008424439,272.1,3.434
SNXUSDT,SELL,LIMIT,1701008441304,115.5,3.431
SNXUSDT,SELL,LIMIT,1701008444719,2.8,3.430
SNXUSDT,SELL,LIMIT,1701008446385,65.0,3.428
SNXUSDT,SELL,LIMIT,1701009265410,358.6,3.429
SNXUSDT,SELL,LIMIT,1701009291331,376.1,3.420
SNXUSDT,SELL,LIMIT,1701009295997,16.9,3.428
SNXUSDT,BUY,LIMIT,1701009659558,10.5,3.551
SNXUSDT,BUY,LIMIT,1701009668258,2.5,3.552
SNXUSDT,SELL,LIMIT,1701010854112,118.3,3.438
SNXUSDT,SELL,LIMIT,1701010866038,16.1,3.438
SNXUSDT,SELL,LIMIT,1701010872849,128.6,3.436
SNXUSDT,SELL,LIMIT,1701010890040,414.1,3.435
SNXUSDT,SELL,LIMIT,1701010923830,392.8,3.428
SNXUSDT,SELL,LIMIT,1701011828651,1431.0,3.425
SNXUSDT,SELL,LIMIT,1701013456250,255.2,3.429
SNXUSDT,SELL,LIMIT,1701013506641,137.1,3.428
SNXUSDT,SELL,LIMIT,1701013558375,249.5,3.424
SNXUSDT,SELL,LIMIT,1701013658551,8.6,3.423
SNXUSDT,SELL,LIMIT,1701013719887,214.7,3.419
SNXUSDT,SELL,LIMIT,1701013720982,7.9,3.418
SNXUSDT,SELL,LIMIT,1701013745583,566.4,3.414
SNXUSDT,SELL,LIMIT,1701013958407,240.8,3.409
SNXUSDT,SELL,LIMIT,1701013961955,4.8,3.408
SNXUSDT,SELL,LIMIT,1701013963944,51.6,3.407
SNXUSDT,SELL,LIMIT,1701013993648,558.6,3.406
SNXUSDT,SELL,LIMIT,1701014011126,614.4,3.406
SNXUSDT,SELL,LIMIT,1701014016484,268.9,3.404
SNXUSDT,SELL,LIMIT,1701014041415,7.1,3.396
SNXUSDT,SELL,LIMIT,1701014042838,675.5,3.396
SNXUSDT,SELL,LIMIT,1701014727797,74.1,3.415
SNXUSDT,SELL,LIMIT,1701014814640,50.1,3.424
SNXUSDT,SELL,LIMIT,1701015633182,89.9,3.401
SNXUSDT,SELL,LIMIT,1701015635090,23.0,3.404
SNXUSDT,SELL,LIMIT,1701015644389,28.5,3.396
SNXUSDT,SELL,LIMIT,1701015655834,363.9,3.395
SNXUSDT,SELL,LIMIT,1701015657321,477.4,3.395
SNXUSDT,SELL,LIMIT,1701015671242,56.0,3.393
SNXUSDT,SELL,LIMIT,1701015672332,1368.1,3.391
SNXUSDT,SELL,LIMIT,1701015674166,23.1,3.391
SNXUSDT,SELL,LIMIT,1701015676075,65.0,3.389
SNXUSDT,SELL,LIMIT,1701015684127,1434.5,3.394
SNXUSDT,SELL,LIMIT,1701015685577,29.8,3.384
SNXUSDT,SELL,LIMIT,1701015734663,10.0,3.384
SNXUSDT,SELL,LIMIT,1701015735697,43.6,3.380
SNXUSDT,SELL,LIMIT,1701015739271,426.9,3.378
SNXUSDT,SELL,LIMIT,1701015742900,7.6,3.377
SNXUSDT,SELL,LIMIT,1701015746295,240.2,3.377
SNXUSDT,SELL,LIMIT,1701015755543,121.6,3.375
SNXUSDT,SELL,LIMIT,1701015761721,1234.0,3.375
SNXUSDT,SELL,LIMIT,1701015832488,212.4,3.379
SNXUSDT,SELL,LIMIT,1701015874356,1426.5,3.376
SNXUSDT,SELL,LIMIT,1701016004686,5.8,3.378
SNXUSDT,SELL,LIMIT,1701016020263,3726.2,3.353
SNXUSDT,SELL,LIMIT,1701016024749,42.7,3.373
SNXUSDT,SELL,LIMIT,1701016030732,50.0,3.371
SNXUSDT,SELL,LIMIT,1701016031922,3.2,3.370
SNXUSDT,SELL,LIMIT,1701016032862,356.5,3.368
SNXUSDT,SELL,LIMIT,1701016034267,950.6,3.366
SNXUSDT,SELL,LIMIT,1701016035686,179.9,3.363
SNXUSDT,SELL,LIMIT,1701016037452,22.4,3.362
SNXUSDT,SELL,LIMIT,1701016039213,1425.1,3.372
SNXUSDT,SELL,LIMIT,1701016041338,162.4,3.358
SNXUSDT,SELL,LIMIT,1701016042338,26.8,3.355
SNXUSDT,SELL,LIMIT,1701016043541,74.3,3.354
SNXUSDT,SELL,LIMIT,1701016044428,67.1,3.351
SNXUSDT,SELL,LIMIT,1701016045360,63.0,3.351
SNXUSDT,SELL,LIMIT,1701016046253,270.5,3.341
SNXUSDT,SELL,LIMIT,1701016047221,511.7,3.337
SNXUSDT,SELL,LIMIT,1701016048406,100.0,3.335
SNXUSDT,SELL,LIMIT,1701016049405,32.4,3.334
SNXUSDT,SELL,LIMIT,1701016050453,15.4,3.333
SNXUSDT,SELL,LIMIT,1701016051217,186.9,3.333
SNXUSDT,SELL,LIMIT,1701016096191,417.0,3.336
SNXUSDT,SELL,LIMIT,1701016099056,7.4,3.331
SNXUSDT,SELL,LIMIT,1701016101171,17.7,3.330
SNXUSDT,SELL,LIMIT,1701016101983,1036.5,3.330
SNXUSDT,SELL,LIMIT,1701016103208,107.4,3.327
SNXUSDT,SELL,LIMIT,1701016105941,332.1,3.329
SNXUSDT,SELL,LIMIT,1701016591120,42.1,3.360
SNXUSDT,SELL,LIMIT,1701020798142,145.0,3.378
SNXUSDT,SELL,LIMIT,1701021419250,217.5,3.376
SNXUSDT,BUY,LIMIT,1701028513734,33.4,3.508
SNXUSDT,BUY,LIMIT,1701028520195,123.6,3.511
SNXUSDT,SELL,LIMIT,1701029969102,55.5,3.400
SNXUSDT,SELL,LIMIT,1701032713013,86.4,3.402
SNXUSDT,SELL,LIMIT,1701033579124,14.7,3.388
SNXUSDT,SELL,LIMIT,1701043406269,463.3,3.386
SNXUSDT,SELL,LIMIT,1701043491150,99.2,3.378
SNXUSDT,SELL,LIMIT,1701043538839,5.6,3.375
SNXUSDT,SELL,LIMIT,1701043540805,1398.4,3.374
SNXUSDT,SELL,LIMIT,1701046105412,8.1,3.400
SNXUSDT,SELL,LIMIT,1701048052373,76.0,3.377
SNXUSDT,SELL,LIMIT,1701048216173,779.9,3.370
SNXUSDT,SELL,LIMIT,1701048633228,28.2,3.363
SNXUSDT,SELL,LIMIT,1701049063514,85.5,3.360
SNXUSDT,SELL,LIMIT,1701049280198,1451.3,3.358
SNXUSDT,SELL,LIMIT,1701049345336,30.0,3.356
SNXUSDT,SELL,LIMIT,1701052298487,0.6,3.360
SNXUSDT,SELL,LIMIT,1701054440814,500.0,3.341
SNXUSDT,SELL,LIMIT,1701054462521,80.0,3.337
SNXUSDT,SELL,LIMIT,1701054486192,1460.8,3.335
SNXUSDT,SELL,LIMIT,1701055062793,5.7,3.334
SNXUSDT,SELL,LIMIT,1701055191998,3.5,3.334
SNXUSDT,SELL,LIMIT,1701055567153,175.0,3.325
SNXUSDT,SELL,LIMIT,1701055568198,28.5,3.325
SNXUSDT,SELL,LIMIT,1701055689987,854.7,3.323
SNXUSDT,SELL,LIMIT,1701055691781,698.2,3.323
SNXUSDT,SELL,LIMIT,1701055706364,838.3,3.321
SNXUSDT,SELL,LIMIT,1701056053415,92.6,3.317
SNXUSDT,SELL,LIMIT,1701056056115,108.8,3.317
SNXUSDT,SELL,LIMIT,1701056060187,671.3,3.316
SNXUSDT,SELL,LIMIT,1701056062820,10.9,3.314
SNXUSDT,SELL,LIMIT,1701056093198,9.5,3.314
SNXUSDT,SELL,LIMIT,1701056136361,9.5,3.313
SNXUSDT,SELL,LIMIT,1701056141373,250.0,3.312
SNXUSDT,SELL,LIMIT,1701056143351,2.5,3.311
SNXUSDT,SELL,LIMIT,1701056155118,259.3,3.310
SNXUSDT,SELL,LIMIT,1701056157077,6.3,3.308
SNXUSDT,SELL,LIMIT,1701058944682,439.1,3.312
SNXUSDT,SELL,LIMIT,1701063347358,7.2,3.315
SNXUSDT,SELL,LIMIT,1701063666869,384.1,3.313
