Symbol,Side,Order Type,Time,Quantity,Price
SNXUSDT,SELL,LIMIT,1701915081118,10.8,3.651
SNXUSDT,BUY,LIMIT,1701916870925,4.3,3.859
SNXUSDT,BUY,LIMIT,1701920146892,131.2,3.891
SNXUSDT,BUY,LIMIT,1701920653293,26.9,3.896
SNXUSDT,BUY,LIMIT,1701923775239,535.1,3.923
SNXUSDT,SELL,LIMIT,1701927478007,101.0,3.787
SNXUSDT,SELL,LIMIT,1701929193867,183.9,3.765
SNXUSDT,SELL,LIMIT,1701929369911,100.0,3.757
SNXUSDT,SELL,LIMIT,1701932158157,15.0,3.754
SNXUSDT,SELL,LIMIT,1701936909153,100.0,3.727
SNXUSDT,SELL,LIMIT,1701936966817,0.3,10.127
SNXUSDT,SELL,LIMIT,1701937911655,71.2,3.697
SNXUSDT,SELL,LIMIT,1701938297886,36.4,3.687
SNXUSDT,SELL,LIMIT,1701938443067,7.7,3.678
SNXUSDT,SELL,LIMIT,1701939325460,4.6,3.663
SNXUSDT,SELL,LIMIT,1701939364170,27.0,3.653
SNXUSDT,SELL,LIMIT,1701940558176,521.6,3.645
SNXUSDT,SELL,LIMIT,1701940565807,134.4,3.635
SNXUSDT,SELL,LIMIT,1701941083044,27.0,3.629
SNXUSDT,SELL,LIMIT,1701941111433,12.3,3.627
SNXUSDT,SELL,LIMIT,1701941117527,796.2,3.626
SNXUSDT,SELL,LIMIT,1701941154077,5.2,3.623
SNXUSDT,SELL,LIMIT,1701941158581,31.7,3.620
SNXUSDT,SELL,LIMIT,1701941162139,526.6,3.617
SNXUSDT,SELL,LIMIT,1701941176606,1.9,3.611
SNXUSDT,SELL,LIMIT,1701941178239,25.0,3.603
SNXUSDT,SELL,LIMIT,1701941183328,7.0,3.912
SNXUSDT,SELL,LIMIT,1701941185229,59.0,3.600
SNXUSDT,SELL,LIMIT,1701941187329,0.5,4.676
SNXUSDT,SELL,LIMIT,1701941188335,26.4,3.593
SNXUSDT,SELL,LIMIT,1701941189402,25.4,3.591
SNXUSDT,SELL,LIMIT,1701941238747,2.0,3.599
SNXUSDT,SELL,LIMIT,1701941244224,130.5,3.605
SNXUSDT,SELL,LIMIT,1701941245573,100.6,3.597
SNXUSDT,SELL,LIMIT,1701941271684,58.4,3.594
SNXUSDT,BUY,LIMIT,1701942358230,28.8,3.780
SNXUSDT,SELL,LIMIT,1701943403681,1334.4,3.673
SNXUSDT,SELL,LIMIT,1701943633363,27.3,3.657
SNXUSDT,BUY,LIMIT,1701944918167,293.4,3.792
SNXUSDT,SELL,LIMIT,1701945982141,118.8,3.680
SNXUSDT,SELL,LIMIT,1701946477782,150.4,3.668
SNXUSDT,SELL,LIMIT,1701949054275,562.9,3.654
SNXUSDT,SELL,LIMIT,1701949559573,13.4,3.640
SNXUSDT,BUY,LIMIT,1701953976591,0.1,3.781
SNXUSDT,SELL,LIMIT,1701954648237,3.0,3.649
SNXUSDT,SELL,LIMIT,1701956884534,100.3,3.619
SNXUSDT,SELL,LIMIT,1701956907196,294.6,3.614
SNXUSDT,BUY,LIMIT,1701961432170,340.5,3.773
SNXUSDT,SELL,LIMIT,1701961604190,179.3,3.641
SNXUSDT,BUY,LIMIT,1701962531621,10.0,3.780
SNXUSDT,BUY,LIMIT,1701963311608,695.6,3.815
SNXUSDT,BUY,LIMIT,1701965876234,1329.5,3.872
SNXUSDT,BUY,LIMIT,1701965885577,21.4,3.873
SNXUSDT,BUY,LIMIT,1701966081566,22.4,3.895
SNXUSDT,BUY,LIMIT,1701967699059,335.7,3.920
SNXUSDT,SELL,LIMIT,1701968476887,5.5,3.764
SNXUSDT,BUY,LIMIT,1701969636383,11457.4,3.907
SNXUSDT,SELL,LIMIT,1701970992021,1318.7,3.716
SNXUSDT,SELL,LIMIT,1701970999181,206.2,3.711
SNXUSDT,SELL,LIMIT,1701973349494,12.0,3.712
SNXUSDT,SELL,LIMIT,1701974269287,265.2,3.692
SNXUSDT,SELL,LIMIT,1701974391283,800.1,3.685
SNXUSDT,SELL,LIMIT,1701976309647,605.6,3.671
SNXUSDT,SELL,LIMIT,1701976869366,18.8,3.656
SNXUSDT,SELL,LIMIT,1701977246686,134.5,3.644
SNXUSDT,SELL,LIMIT,1701978089177,255.7,3.619
SNXUSDT,BUY,LIMIT,1701986973219,11.2,3.792
SNXUSDT,SELL,LIMIT,1701991573681,42.9,3.648
SNXUSDT,SELL,LIMIT,1701996394649,61.4,3.670
SNXUSDT,BUY,LIMIT,1701996624810,2.5,3.805
SNXUSDT,SELL,LIMIT,1701997753244,377.5,3.660
SNXUSDT,BUY,LIMIT,1702004060323,0.1,3.812
SNXUSDT,BUY,LIMIT,1702005454135,61.0,3.835
SNXUSDT,BUY,LIMIT,1702005548759,3.1,3.840
SNXUSDT,BUY,LIMIT,1702005810784,231.0,3.845
SNXUSDT,SELL,LIMIT,1702009533810,37.3,3.760
SNXUSDT,BUY,LIMIT,1702013262488,103.2,3.887
SNXUSDT,BUY,LIMIT,1702014041045,7.4,3.862
SNXUSDT,BUY,LIMIT,1702018518834,27.7,3.929
SNXUSDT,SELL,LIMIT,1702023015511,6.8,3.714
SNXUSDT,SELL,LIMIT,1702025331133,346.5,3.710
SNXUSDT,BUY,LIMIT,1702026470896,43.9,3.315
SNXUSDT,SELL,LIMIT,1702029279302,132.4,3.701
SNXUSDT,SELL,LIMIT,1702035301341,5.0,3.807
SNXUSDT,SELL,LIMIT,1702035913157,10.0,3.784
SNXUSDT,SELL,LIMIT,1702036726480,58.4,3.777
SNXUSDT,BUY,LIMIT,1702039438369,10.6,3.936
SNXUSDT,BUY,LIMIT,1702047817106,164.9,3.923
SNXUSDT,SELL,LIMIT,1702050710501,24.9,3.768
SNXUSDT,BUY,LIMIT,1702051254380,31.3,3.869
SNXUSDT,BUY,LIMIT,1702052081720,13.2,3.882
SNXUSDT,SELL,LIMIT,1702055242911,260.3,3.754
SNXUSDT,SELL,LIMIT,1702055748757,399.3,3.737
SNXUSDT,SELL,LIMIT,1702055781727,195.7,3.721
SNXUSDT,BUY,LIMIT,1702064195892,10.4,3.897
SNXUSDT,BUY,LIMIT,1702069042987,10.0,3.931
SNXUSDT,BUY,LIMIT,1702070630147,104.9,3.903
SNXUSDT,BUY,LIMIT,1702072954524,143.9,3.925
SNXUSDT,BUY,LIMIT,1702074074725,11.7,3.913
SNXUSDT,BUY,LIMIT,1702077663931,13.2,3.913
SNXUSDT,BUY,LIMIT,1702080269098,11.0,3.932
SNXUSDT,BUY,LIMIT,1702080402588,34.0,3.933
SNXUSDT,BUY,LIMIT,1702080420734,52.6,3.934
SNXUSDT,BUY,LIMIT,1702081110855,450.0,3.935
SNXUSDT,BUY,LIMIT,1702081211328,50.0,3.935
SNXUSDT,BUY,LIMIT,1702081259114,2.8,3.939
SNXUSDT,BUY,LIMIT,1702081327974,20.6,3.950
SNXUSDT,BUY,LIMIT,1702081350717,221.9,3.955
SNXUSDT,BUY,LIMIT,1702081624877,44.4,3.968
SNXUSDT,BUY,LIMIT,1702081635436,60.0,3.979
SNXUSDT,BUY,LIMIT,1702081703805,101.7,3.988
SNXUSDT,BUY,LIMIT,1702082974938,33.7,3.963
SNXUSDT,BUY,LIMIT,1702083126195,33.7,3.967
SNXUSDT,SELL,LIMIT,1702084203749,85.2,3.788
SNXUSDT,BUY,LIMIT,1702086497656,705.8,3.930
SNXUSDT,SELL,LIMIT,1702087492259,205.6,3.791
SNXUSDT,SELL,LIMIT,1702095729413,60.9,3.774
SNXUSDT,BUY,LIMIT,1702096034203,268.0,3.901
SNXUSDT,BUY,LIMIT,1702097672290,13.3,3.912
SNXUSDT,SELL,LIMIT,1702099374173,79.5,3.776
SNXUSDT,BUY,LIMIT,1702102356638,13.3,3.915
SNXUSDT,BUY,LIMIT,1702102929864,33.7,3.918
SNXUSDT,BUY,LIMIT,1702103074403,9.0,3.921
SNXUSDT,BUY,LIMIT,1702103158634,22.8,3.958
SNXUSDT,BUY,LIMIT,1702103376622,33.7,3.955
SNXUSDT,BUY,LIMIT,1702108366209,33.5,3.965
SNXUSDT,BUY,LIMIT,1702109010082,15.0,3.966
SNXUSDT,SELL,LIMIT,1702109532632,3.8,3.839
SNXUSDT,BUY,LIMIT,1702109741715,1.8,3.972
SNXUSDT,BUY,LIMIT,1702109749385,15.0,3.976
SNXUSDT,BUY,LIMIT,1702109780750,2.8,3.981
SNXUSDT,BUY,LIMIT,1702109784364,13.3,3.982
SNXUSDT,BUY,LIMIT,1702109787113,36.8,3.983
SNXUSDT,BUY,LIMIT,1702110017161,81.1,3.993
SNXUSDT,SELL,LIMIT,1702110811969,13.0,3.826
SNXUSDT,SELL,LIMIT,1702110856535,20.0,3.818
SNXUSDT,SELL,LIMIT,1702110910123,7.7,3.787
SNXUSDT,SELL,LIMIT,1702110971566,64.4,3.781
SNXUSDT,SELL,LIMIT,1702110991867,111.7,3.763
SNXUSDT,SELL,LIMIT,1702110992895,55.4,3.761
SNXUSDT,SELL,LIMIT,1702111032845,95.8,3.749
SNXUSDT,SELL,LIMIT,1702111040921,322.4,3.736
SNXUSDT,SELL,LIMIT,1702111045101,49.4,3.733
SNXUSDT,SELL,LIMIT,1702111370434,1315.4,3.722
SNXUSDT,SELL,LIMIT,1702111373052,17.7,3.717
SNXUSDT,SELL,LIMIT,1702111374264,130.1,3.708
SNXUSDT,SELL,LIMIT,1702111377667,6.9,3.704
SNXUSDT,SELL,LIMIT,1702111378713,38.2,3.703
SNXUSDT,SELL,LIMIT,1702111380824,357.3,3.701
SNXUSDT,SELL,LIMIT,1702111387432,4.7,3.681
SNXUSDT,SELL,LIMIT,1702111388462,99.6,3.699
SNXUSDT,SELL,LIMIT,1702111389744,316.5,3.677
SNXUSDT,BUY,LIMIT,1702112666516,13.1,3.916
SNXUSDT,SELL,LIMIT,1702114220165,271.1,3.800
SNXUSDT,BUY,LIMIT,1702122940700,7.9,3.907
SNXUSDT,SELL,LIMIT,1702124255230,72.4,3.778
SNXUSDT,SELL,LIMIT,1702127832674,1320.3,3.775
SNXUSDT,BUY,LIMIT,1702128825376,11.0,3.889
SNXUSDT,BUY,LIMIT,1702128845828,83.3,3.895
SNXUSDT,BUY,LIMIT,1702130194060,33.2,3.895
SNXUSDT,SELL,LIMIT,1702132996393,131.9,3.735
SNXUSDT,BUY,LIMIT,1702133000892,1.4,3.835
SNXUSDT,SELL,LIMIT,1702133375175,92.1,3.706
