Symbol,Side,Order Type,Time,Quantity,Price
SOLUSDT,SELL,LIMIT,1700990858707,170,57.8571
SOLUSDT,SELL,LIMIT,1700990870443,1,57.8433
SOLUSDT,SELL,LIMIT,1700990938736,95,57.8057
SOLUSDT,SELL,LIMIT,1700990952084,3,57.7820
SOLUSDT,SELL,LIMIT,1700990954497,5,57.7803
SOLUSDT,SELL,LIMIT,1700990956108,25,57.7635
SOLUSDT,SELL,LIMIT,1700991023140,1,57.7562
SOLUSDT,SELL,LIMIT,1700991026899,1,57.7465
SOLUSDT,SELL,LIMIT,1700991028875,25,57.7482
SOLUSDT,SELL,LIMIT,1700991034352,52,57.7437
SOLUSDT,SELL,LIMIT,1700991050071,17,57.7307
SOLUSDT,SELL,LIMIT,1700991051367,1,57.7005
SOLUSDT,SELL,LIMIT,1700991052377,12,57.7031
SOLUSDT,SELL,LIMIT,1700991077179,9,57.6941
SOLUSDT,SELL,LIMIT,1700991139504,47,57.6825
SOLUSDT,SELL,LIMIT,1700991155429,1,57.6593
SOLUSDT,SELL,LIMIT,1700991159407,12,57.6556
SOLUSDT,SELL,LIMIT,1700991164107,14,57.6442
SOLUSDT,SELL,LIMIT,1700991165172,29,57.6470
SOLUSDT,SELL,LIMIT,1700991190356,1,57.6363
SOLUSDT,SELL,LIMIT,1700991211519,149,57.6152
SOLUSDT,SELL,LIMIT,1700991213066,3,57.5625
SOLUSDT,SELL,LIMIT,1700991214335,6,57.6017
SOLUSDT,SELL,LIMIT,1700991232753,1,57.5675
SOLUSDT,SELL,LIMIT,1700991247389,10,57.5427
SOLUSDT,BUY,LIMIT,1700991500284,26,58.3887
SOLUSDT,SELL,LIMIT,1700991567145,8,57.5451
SOLUSDT,SELL,LIMIT,1700993788303,1,58.0114
SOLUSDT,BUY,LIMIT,1700994895569,171,58.6000
SOLUSDT,SELL,LIMIT,1700995884229,37,57.6910
SOLUSDT,SELL,LIMIT,1700996079335,5,57.5773
SOLUSDT,SELL,LIMIT,1700996193289,12,57.5366
SOLUSDT,SELL,LIMIT,1700996194566,10,57.5327
SOLUSDT,SELL,LIMIT,1700996196288,2,57.5267
SOLUSDT,SELL,LIMIT,1700996197293,1,57.5202
SOLUSDT,SELL,LIMIT,1700996198526,1049,57.2977
SOLUSDT,SELL,LIMIT,1700996200444,1,57.4720
SOLUSDT,SELL,LIMIT,1700996309198,17,57.5576
SOLUSDT,SELL,LIMIT,1700999199128,27,57.4999
SOLUSDT,SELL,LIMIT,1700999226422,4,57.4697
SOLUSDT,SELL,LIMIT,1700999245452,59,57.4688
SOLUSDT,SELL,LIMIT,1700999252048,1,57.4644
SOLUSDT,SELL,LIMIT,1700999253278,15,57.4502
SOLUSDT,SELL,LIMIT,1700999254460,2,57.4557
SOLUSDT,SELL,LIMIT,1700999265540,9,57.4403
SOLUSDT,SELL,LIMIT,1701000416697,5,57.4194
SOLUSDT,SELL,LIMIT,1701000420627,1,57.3886
SOLUSDT,SELL,LIMIT,1701000421643,2,57.3524
SOLUSDT,SELL,LIMIT,1701000423302,443,57.1989
SOLUSDT,SELL,LIMIT,1701000424388,28,57.3196
SOLUSDT,SELL,LIMIT,1701000451986,1,57.3157
SOLUSDT,SELL,LIMIT,1701000453116,154,57.3044
SOLUSDT,SELL,LIMIT,1701000454191,10,57.2770
SOLUSDT,SELL,LIMIT,1701000462104,1,57.2850
SOLUSDT,SELL,LIMIT,1701000473999,15,57.4138
SOLUSDT,SELL,LIMIT,1701000556206,12,57.3732
SOLUSDT,SELL,LIMIT,1701000591011,8,57.3161
SOLUSDT,SELL,LIMIT,1701000606149,55,57.3150
SOLUSDT,SELL,LIMIT,1701000723694,16,57.3022
SOLUSDT,SELL,LIMIT,1701001395264,29,57.3449
SOLUSDT,SELL,LIMIT,1701001494138,4,57.2746
SOLUSDT,SELL,LIMIT,1701001495203,8,57.2717
SOLUSDT,SELL,LIMIT,1701001500438,32,57.2681
SOLUSDT,SELL,LIMIT,1701001501293,170,57.3327
SOLUSDT,SELL,LIMIT,1701001502343,59,57.2378
SOLUSDT,SELL,LIMIT,1701001503499,23,57.1402
SOLUSDT,SELL,LIMIT,1701001504212,6,57.1524
SOLUSDT,SELL,LIMIT,1701001513325,3,57.1447
SOLUSDT,BUY,LIMIT,1701002245675,3,58.2615
SOLUSDT,SELL,LIMIT,1701002588063,37,57.4782
SOLUSDT,BUY,LIMIT,1701003523313,2,58.4588
SOLUSDT,SELL,LIMIT,1701005079706,44,57.3469
SOLUSDT,SELL,LIMIT,1701005084876,29,57.3109
SOLUSDT,SELL,LIMIT,1701005656281,13,57.3180
SOLUSDT,SELL,LIMIT,1701006079807,93,57.3741
SOLUSDT,SELL,LIMIT,1701006127568,33,57.2722
SOLUSDT,SELL,LIMIT,1701006130686,84,57.2620
SOLUSDT,SELL,LIMIT,1701006149212,83,57.2364
SOLUSDT,SELL,LIMIT,1701006199054,3,57.1901
SOLUSDT,SELL,LIMIT,1701006200393,5,57.1527
SOLUSDT,BUY,LIMIT,1701006209239,85,57.9151
SOLUSDT,BUY,LIMIT,1701006339470,2,57.9160
SOLUSDT,SELL,LIMIT,1701008025846,163,57.3767
SOLUSDT,SELL,LIMIT,1701008179118,18,57.8165
SOLUSDT,SELL,LIMIT,1701008183073,49,57.2665
SOLUSDT,SELL,LIMIT,1701008238427,16,57.1329
SOLUSDT,SELL,LIMIT,1701008241057,1,57.1368
SOLUSDT,SELL,LIMIT,1701008242123,1,57.1298
SOLUSDT,SELL,LIMIT,1701008243163,110,57.1264
SOLUSDT,SELL,LIMIT,1701008244575,12,57.1076
SOLUSDT,SELL,LIMIT,1701008247848,11,57.1032
SOLUSDT,SELL,LIMIT,1701008249536,2,57.0974
SOLUSDT,SELL,LIMIT,1701008306889,20,57.0949
SOLUSDT,SELL,LIMIT,1701008311974,2,57.0913
SOLUSDT,SELL,LIMIT,1701008317112,116,57.0788
SOLUSDT,SELL,LIMIT,1701008318220,27,57.0855
SOLUSDT,SELL,LIMIT,1701008320608,5,57.0638
SOLUSDT,SELL,LIMIT,1701008405138,37,57.0508
SOLUSDT,SELL,LIMIT,1701008406227,11,57.0500
SOLUSDT,SELL,LIMIT,1701008408078,53,57.0437
SOLUSDT,SELL,LIMIT,1701008409149,10,57.0370
SOLUSDT,SELL,LIMIT,1701008432503,15,57.1071
SOLUSDT,SELL,LIMIT,1701008441304,45,57.0373
SOLUSDT,SELL,LIMIT,1701008444158,53,57.1298
SOLUSDT,SELL,LIMIT,1701008445422,2,57.0218
SOLUSDT,SELL,LIMIT,1701008446454,16,57.0075
SOLUSDT,SELL,LIMIT,1701008447513,4,56.9814
SOLUSDT,SELL,LIMIT,1701008449055,17,56.9003
SOLUSDT,SELL,LIMIT,1701008450085,16,56.9291
SOLUSDT,SELL,LIMIT,1701008451298,10,56.8732
SOLUSDT,SELL,LIMIT,1701008452306,12,56.8557
SOLUSDT,SELL,LIMIT,1701008453324,44,56.8674
SOLUSDT,SELL,LIMIT,1701008454645,1,56.8523
SOLUSDT,SELL,LIMIT,1701008932004,11,56.8525
SOLUSDT,SELL,LIMIT,1701008933289,12,56.8510
SOLUSDT,SELL,LIMIT,1701008944350,42,56.8356
SOLUSDT,SELL,LIMIT,1701008946104,1,56.8233
SOLUSDT,SELL,LIMIT,1701008947138,1,56.8210
SOLUSDT,SELL,LIMIT,1701008948168,3,56.7986
SOLUSDT,SELL,LIMIT,1701008965269,38,56.7834
SOLUSDT,SELL,LIMIT,1701008970106,9,56.7719
SOLUSDT,SELL,LIMIT,1701008975433,6,56.7669
SOLUSDT,SELL,LIMIT,1701008990116,39,56.7496
SOLUSDT,SELL,LIMIT,1701008991221,25,56.7247
SOLUSDT,SELL,LIMIT,1701008995216,54,56.6943
SOLUSDT,SELL,LIMIT,1701009001062,1,56.6849
SOLUSDT,SELL,LIMIT,1701009003619,1,56.6752
SOLUSDT,SELL,LIMIT,1701009008943,3,56.6693
SOLUSDT,SELL,LIMIT,1701009010015,34,56.6590
SOLUSDT,SELL,LIMIT,1701009012237,1,56.6407
SOLUSDT,SELL,LIMIT,1701009013203,21,56.5700
SOLUSDT,SELL,LIMIT,1701009014255,1,56.5473
SOLUSDT,SELL,LIMIT,1701009015310,2,56.5338
SOLUSDT,SELL,LIMIT,1701009016432,2,56.5135
SOLUSDT,SELL,LIMIT,1701009183577,9,56.6549
SOLUSDT,SELL,LIMIT,1701009251078,10,56.5264
SOLUSDT,SELL,LIMIT,1701009259092,7,56.5106
SOLUSDT,SELL,LIMIT,1701009261080,750,56.3112
SOLUSDT,SELL,LIMIT,1701009262102,4,56.4781
SOLUSDT,SELL,LIMIT,1701009263077,14,56.4276
SOLUSDT,SELL,LIMIT,1701009264215,167,56.4124
SOLUSDT,SELL,LIMIT,1701009265418,84,56.4106
SOLUSDT,SELL,LIMIT,1701009270244,19,56.4066
SOLUSDT,SELL,LIMIT,1701009271321,139,56.3925
SOLUSDT,SELL,LIMIT,1701009280095,1,56.3771
SOLUSDT,SELL,LIMIT,1701009281161,18,56.3764
SOLUSDT,SELL,LIMIT,1701009282180,1,56.3585
SOLUSDT,SELL,LIMIT,1701009285074,1,56.3613
SOLUSDT,SELL,LIMIT,1701009288097,108,56.3308
SOLUSDT,SELL,LIMIT,1701009289214,1,56.3415
SOLUSDT,BUY,LIMIT,1701011590235,1,57.6362
SOLUSDT,BUY,LIMIT,1701012305418,111,57.6891
SOLUSDT,BUY,LIMIT,1701012313224,4,57.7001
SOLUSDT,BUY,LIMIT,1701012329034,9,57.7235
SOLUSDT,BUY,LIMIT,1701012573885,11,57.6413
SOLUSDT,BUY,LIMIT,1701012639145,169,57.7513
SOLUSDT,BUY,LIMIT,1701012641875,1,57.7578
SOLUSDT,BUY,LIMIT,1701012735016,78,57.7792
SOLUSDT,SELL,LIMIT,1701013055152,5,57.0641
SOLUSDT,SELL,LIMIT,1701013431439,1,56.9978
SOLUSDT,SELL,LIMIT,1701013531340,57,56.8818
SOLUSDT,SELL,LIMIT,1701013685292,5,56.8205
SOLUSDT,SELL,LIMIT,1701013686589,70,56.8143
SOLUSDT,SELL,LIMIT,1701013891882,2,56.7051
SOLUSDT,SELL,LIMIT,1701013939856,25,56.7737
SOLUSDT,SELL,LIMIT,1701013951788,4,56.6773
SOLUSDT,SELL,LIMIT,1701013957529,84,56.6330
SOLUSDT,SELL,LIMIT,1701013959106,100,56.6402
SOLUSDT,SELL,LIMIT,1701013993917,1072,56.4564
SOLUSDT,SELL,LIMIT,1701013997515,2,56.5890
SOLUSDT,SELL,LIMIT,1701013998552,8,56.5860
SOLUSDT,SELL,LIMIT,1701014015588,129,56.5768
SOLUSDT,SELL,LIMIT,1701014016667,84,56.5574
SOLUSDT,SELL,LIMIT,1701014041383,15,56.5603
SOLUSDT,SELL,LIMIT,1701014043192,11,56.5530
SOLUSDT,SELL,LIMIT,1701014057199,67,56.5590
SOLUSDT,SELL,LIMIT,1701014059490,1,56.5424
SOLUSDT,SELL,LIMIT,1701014118088,8,56.6206
SOLUSDT,BUY,LIMIT,1701014536386,36,57.5582
SOLUSDT,BUY,LIMIT,1701014815614,10,57.5109
SOLUSDT,BUY,LIMIT,1701014865015,37,57.5879
SOLUSDT,SELL,LIMIT,1701014921311,1,56.9077
SOLUSDT,SELL,LIMIT,1701014933342,16,56.8852
SOLUSDT,SELL,LIMIT,1701015305690,1,56.8832
SOLUSDT,SELL,LIMIT,1701015325784,4,56.7005
SOLUSDT,SELL,LIMIT,1701015637917,4,56.6479
SOLUSDT,SELL,LIMIT,1701015640991,70,56.6524
SOLUSDT,SELL,LIMIT,1701015644054,1,56.6305
SOLUSDT,SELL,LIMIT,1701015670673,5,56.5827
SOLUSDT,SELL,LIMIT,1701015672017,55,56.5645
SOLUSDT,SELL,LIMIT,1701015674003,37,56.5369
SOLUSDT,SELL,LIMIT,1701015675053,15,56.5250
SOLUSDT,SELL,LIMIT,1701015682075,2,56.4872
SOLUSDT,SELL,LIMIT,1701015684127,455,56.3062
SOLUSDT,SELL,LIMIT,1701015685090,3,56.4281
SOLUSDT,SELL,LIMIT,1701015746413,170,56.4284
SOLUSDT,SELL,LIMIT,1701015747584,18,56.4126
SOLUSDT,SELL,LIMIT,1701015750452,59,56.4094
SOLUSDT,SELL,LIMIT,1701015752601,10,56.3966
SOLUSDT,SELL,LIMIT,1701015758146,13,56.3860
SOLUSDT,SELL,LIMIT,1701015760282,2,56.3674
SOLUSDT,SELL,LIMIT,1701015761272,8,56.3536
SOLUSDT,SELL,LIMIT,1701015840311,9,56.3961
SOLUSDT,SELL,LIMIT,1701015841315,23,56.4333
SOLUSDT,SELL,LIMIT,1701015869522,9,56.3888
SOLUSDT,SELL,LIMIT,1701015871385,13,56.3779
SOLUSDT,SELL,LIMIT,1701015872555,13,56.4138
SOLUSDT,SELL,LIMIT,1701015874158,2,56.3563
SOLUSDT,SELL,LIMIT,1701015875209,19,56.3563
SOLUSDT,SELL,LIMIT,1701016000522,69,56.4624
SOLUSDT,SELL,LIMIT,1701016001966,39,56.3394
SOLUSDT,SELL,LIMIT,1701016009413,10,56.3278
SOLUSDT,SELL,LIMIT,1701016011074,5,56.3181
SOLUSDT,SELL,LIMIT,1701016012046,32,56.3051
SOLUSDT,SELL,LIMIT,1701016013136,6,56.2899
SOLUSDT,SELL,LIMIT,1701016014275,106,56.2502
SOLUSDT,SELL,LIMIT,1701016015731,26,56.2441
SOLUSDT,SELL,LIMIT,1701016019054,60,56.2201
SOLUSDT,SELL,LIMIT,1701016020101,5,56.2061
SOLUSDT,SELL,LIMIT,1701016021215,8,56.2003
SOLUSDT,SELL,LIMIT,1701016022292,1090,56.0080
SOLUSDT,SELL,LIMIT,1701016023344,23,56.1970
SOLUSDT,SELL,LIMIT,1701016024501,90,56.1769
SOLUSDT,SELL,LIMIT,1701016027065,9,56.1636
SOLUSDT,SELL,LIMIT,1701016028399,58,56.1629
SOLUSDT,SELL,LIMIT,1701016029738,2,56.1631
SOLUSDT,SELL,LIMIT,1701016030667,15,56.1096
SOLUSDT,SELL,LIMIT,1701016031568,1,56.0613
SOLUSDT,SELL,LIMIT,1701016032507,230,56.0541
SOLUSDT,SELL,LIMIT,1701016033382,150,56.0313
SOLUSDT,SELL,LIMIT,1701016034213,5,56.0478
SOLUSDT,SELL,LIMIT,1701016035200,4,56.0294
SOLUSDT,SELL,LIMIT,1701016036340,64,56.0214
SOLUSDT,SELL,LIMIT,1701016038428,30,56.0390
SOLUSDT,SELL,LIMIT,1701016041131,225,55.9790
SOLUSDT,SELL,LIMIT,1701016042279,781,55.8539
SOLUSDT,SELL,LIMIT,1701016043202,5,56.0064
SOLUSDT,SELL,LIMIT,1701016044131,15,56.0028
SOLUSDT,SELL,LIMIT,1701016045066,4,56.0015
SOLUSDT,SELL,LIMIT,1701016045877,26,55.9471
SOLUSDT,SELL,LIMIT,1701016046868,3,56.0313
SOLUSDT,SELL,LIMIT,1701016047571,1,55.9446
SOLUSDT,SELL,LIMIT,1701016048379,9,56.0061
SOLUSDT,SELL,LIMIT,1701016049506,2,55.9324
SOLUSDT,SELL,LIMIT,1701016050414,12,55.8975
SOLUSDT,SELL,LIMIT,1701016051238,13,55.9343
SOLUSDT,SELL,LIMIT,1701016083589,1,56.1240
SOLUSDT,SELL,LIMIT,1701016088034,51,55.9200
SOLUSDT,SELL,LIMIT,1701016089407,500,55.7905
SOLUSDT,SELL,LIMIT,1701016095327,16,55.9142
SOLUSDT,SELL,LIMIT,1701016097035,22,55.8738
SOLUSDT,SELL,LIMIT,1701016097979,500,55.7626
SOLUSDT,SELL,LIMIT,1701016098895,1342,55.6675
SOLUSDT,SELL,LIMIT,1701016100074,31,55.8715
SOLUSDT,SELL,LIMIT,1701016101070,3,55.8418
SOLUSDT,SELL,LIMIT,1701016102099,1,55.8502
SOLUSDT,SELL,LIMIT,1701016102921,53,55.8234
SOLUSDT,SELL,LIMIT,1701016103685,2,55.7969
SOLUSDT,SELL,LIMIT,1701016269959,14,55.9251
SOLUSDT,BUY,LIMIT,1701016655159,2,56.8704
SOLUSDT,SELL,LIMIT,1701016837401,33,56.1582
SOLUSDT,SELL,LIMIT,1701016838422,5,56.0852
SOLUSDT,BUY,LIMIT,1701016971271,70,57.0785
SOLUSDT,BUY,LIMIT,1701017832133,12,57.1890
SOLUSDT,BUY,LIMIT,1701018430508,1,57.2959
SOLUSDT,BUY,LIMIT,1701018439287,73,57.3084
SOLUSDT,BUY,LIMIT,1701018536515,8,56.9179
SOLUSDT,SELL,LIMIT,1701019399621,9,56.6244
SOLUSDT,SELL,LIMIT,1701019544131,50,56.3685
SOLUSDT,BUY,LIMIT,1701020264888,12,57.4303
SOLUSDT,BUY,LIMIT,1701022327960,2,57.4518
SOLUSDT,BUY,LIMIT,1701022343266,22,57.4639
SOLUSDT,BUY,LIMIT,1701022407956,51,57.4931
SOLUSDT,BUY,LIMIT,1701022408991,10,57.4983
SOLUSDT,BUY,LIMIT,1701023998621,5,57.2190
SOLUSDT,SELL,LIMIT,1701024622166,1,56.3177
SOLUSDT,SELL,LIMIT,1701024638262,52,56.2881
SOLUSDT,SELL,LIMIT,1701026390114,1,56.4655
SOLUSDT,SELL,LIMIT,1701026542155,11,56.3995
SOLUSDT,SELL,LIMIT,1701027456753,1,56.5577
SOLUSDT,BUY,LIMIT,1701028553161,2,57.4874
SOLUSDT,BUY,LIMIT,1701028554303,1,57.4918
SOLUSDT,BUY,LIMIT,1701028590264,14,57.5257
SOLUSDT,BUY,LIMIT,1701028608148,35,57.5536
SOLUSDT,BUY,LIMIT,1701028644122,8,57.5581
SOLUSDT,BUY,LIMIT,1701028645845,3,57.5815
SOLUSDT,BUY,LIMIT,1701028649909,13,57.5970
SOLUSDT,BUY,LIMIT,1701028710409,8,57.6092
SOLUSDT,BUY,LIMIT,1701028727098,10,57.6471
SOLUSDT,BUY,LIMIT,1701029008106,38,57.5425
SOLUSDT,BUY,LIMIT,1701030610448,3,57.6511
SOLUSDT,BUY,LIMIT,1701030633153,58,57.6646
SOLUSDT,BUY,LIMIT,1701030654226,7,57.7031
SOLUSDT,BUY,LIMIT,1701030665041,12,57.7356
SOLUSDT,BUY,LIMIT,1701030667953,8,57.7450
SOLUSDT,BUY,LIMIT,1701030751355,2,57.7470
SOLUSDT,BUY,LIMIT,1701030863385,190,57.7674
SOLUSDT,BUY,LIMIT,1701030928688,34,57.7950
SOLUSDT,BUY,LIMIT,1701030931526,14,57.8087
SOLUSDT,BUY,LIMIT,1701031212512,1,57.8376
SOLUSDT,BUY,LIMIT,1701031245201,5,57.8774
SOLUSDT,BUY,LIMIT,1701031247789,204,57.9213
SOLUSDT,BUY,LIMIT,1701031252044,47,57.8974
SOLUSDT,BUY,LIMIT,1701031253299,3,57.9060
SOLUSDT,BUY,LIMIT,1701031317738,28,57.9261
SOLUSDT,BUY,LIMIT,1701031357506,4,57.9462
SOLUSDT,BUY,LIMIT,1701031359287,9,57.9534
SOLUSDT,BUY,LIMIT,1701031361155,2,57.9568
SOLUSDT,BUY,LIMIT,1701031364107,2,57.9662
SOLUSDT,BUY,LIMIT,1701031366462,2,57.9838
SOLUSDT,BUY,LIMIT,1701031386661,3,57.9942
SOLUSDT,BUY,LIMIT,1701031388043,214,58.0586
SOLUSDT,BUY,LIMIT,1701031389264,1,58.0240
SOLUSDT,BUY,LIMIT,1701031590267,10,58.1257
SOLUSDT,BUY,LIMIT,1701031591272,7,58.0416
SOLUSDT,BUY,LIMIT,1701031592202,22,58.1321
SOLUSDT,BUY,LIMIT,1701031599390,3,58.1441
SOLUSDT,BUY,LIMIT,1701031600477,20,58.1552
SOLUSDT,BUY,LIMIT,1701031602378,97,58.1570
SOLUSDT,BUY,LIMIT,1701031605091,60,58.2648
SOLUSDT,BUY,LIMIT,1701031606113,7,58.2510
SOLUSDT,BUY,LIMIT,1701031671059,1,58.2682
SOLUSDT,BUY,LIMIT,1701031673269,3,58.2828
SOLUSDT,BUY,LIMIT,1701031675940,72,58.2969
SOLUSDT,BUY,LIMIT,1701031679409,9,58.3236
SOLUSDT,BUY,LIMIT,1701031716174,53,58.3362
SOLUSDT,BUY,LIMIT,1701031721699,77,58.3414
SOLUSDT,BUY,LIMIT,1701031722847,1412,58.6260
SOLUSDT,BUY,LIMIT,1701031729314,1,58.4155
SOLUSDT,BUY,LIMIT,1701031730444,12,58.4239
SOLUSDT,BUY,LIMIT,1701031735083,129,58.4602
SOLUSDT,BUY,LIMIT,1701031736149,82,58.4625
SOLUSDT,BUY,LIMIT,1701031742099,1,58.5502
SOLUSDT,BUY,LIMIT,1701031743243,117,58.5551
SOLUSDT,BUY,LIMIT,1701031745054,18,58.5644
SOLUSDT,BUY,LIMIT,1701031746346,15,58.5743
SOLUSDT,BUY,LIMIT,1701031748364,34,58.6210
SOLUSDT,BUY,LIMIT,1701031755411,30,58.6604
SOLUSDT,BUY,LIMIT,1701031757086,33,58.6933
SOLUSDT,BUY,LIMIT,1701031763043,175,58.7096
SOLUSDT,BUY,LIMIT,1701031764133,16,58.7208
SOLUSDT,BUY,LIMIT,1701031767259,28,58.7287
SOLUSDT,BUY,LIMIT,1701031768980,48,58.7555
SOLUSDT,BUY,LIMIT,1701031771425,11,58.7657
SOLUSDT,BUY,LIMIT,1701031776235,4,58.8439
SOLUSDT,BUY,LIMIT,1701031777296,33,58.8011
SOLUSDT,BUY,LIMIT,1701031781623,36,58.8478
SOLUSDT,BUY,LIMIT,1701031800740,95,58.8416
SOLUSDT,BUY,LIMIT,1701031802021,18,59.0183
SOLUSDT,BUY,LIMIT,1701031805233,6,58.9760
SOLUSDT,SELL,LIMIT,1701032184686,117,57.5921
SOLUSDT,SELL,LIMIT,1701032294103,1,57.5648
SOLUSDT,SELL,LIMIT,1701033516502,35,57.4383
SOLUSDT,SELL,LIMIT,1701033814919,10,57.2694
SOLUSDT,SELL,LIMIT,1701033843433,3,57.2314
SOLUSDT,SELL,LIMIT,1701033857114,3,57.2157
SOLUSDT,SELL,LIMIT,1701033861104,30,57.2094
SOLUSDT,SELL,LIMIT,1701033862359,1,57.2065
SOLUSDT,BUY,LIMIT,1701035285960,132,58.3510
SOLUSDT,BUY,LIMIT,1701036175951,88,58.4394
SOLUSDT,BUY,LIMIT,1701036456273,9,58.5490
SOLUSDT,SELL,LIMIT,1701038243375,76,57.4688
SOLUSDT,SELL,LIMIT,1701039721608,128,57.2887
SOLUSDT,SELL,LIMIT,1701039736116,89,57.2480
SOLUSDT,SELL,LIMIT,1701039809113,53,57.2467
SOLUSDT,SELL,LIMIT,1701039812329,14,57.2316
SOLUSDT,SELL,LIMIT,1701039813519,64,57.2124
SOLUSDT,SELL,LIMIT,1701039987818,5,57.1539
SOLUSDT,SELL,LIMIT,1701040039122,6,57.1078
SOLUSDT,SELL,LIMIT,1701040042404,20,57.0836
SOLUSDT,SELL,LIMIT,1701040043661,978,56.9019
SOLUSDT,SELL,LIMIT,1701040044670,3,57.0668
SOLUSDT,SELL,LIMIT,1701040046128,36,57.0619
SOLUSDT,SELL,LIMIT,1701043388189,7,57.0452
SOLUSDT,SELL,LIMIT,1701043389216,4,57.0427
SOLUSDT,SELL,LIMIT,1701043445350,85,57.0397
SOLUSDT,SELL,LIMIT,1701043449088,39,57.0320
SOLUSDT,SELL,LIMIT,1701043542999,13,57.0225
SOLUSDT,SELL,LIMIT,1701043544046,1,57.0220
SOLUSDT,SELL,LIMIT,1701043545083,6,57.0145
SOLUSDT,SELL,LIMIT,1701043548096,36,57.0001
SOLUSDT,SELL,LIMIT,1701043549137,45,57.0050
SOLUSDT,SELL,LIMIT,1701043551292,11,56.9988
SOLUSDT,SELL,LIMIT,1701043556143,75,56.9853
SOLUSDT,SELL,LIMIT,1701043579695,5,56.9680
SOLUSDT,BUY,LIMIT,1701044863305,4,58.0915
SOLUSDT,BUY,LIMIT,1701044974620,3,58.1915
SOLUSDT,BUY,LIMIT,1701045065197,34,58.3028
SOLUSDT,BUY,LIMIT,1701045077123,173,58.3430
SOLUSDT,BUY,LIMIT,1701045169317,2,58.3662
SOLUSDT,BUY,LIMIT,1701045174995,2,58.3685
SOLUSDT,SELL,LIMIT,1701045223231,148,57.7628
SOLUSDT,BUY,LIMIT,1701045568249,1,58.2096
SOLUSDT,SELL,LIMIT,1701045805889,6,57.4123
SOLUSDT,BUY,LIMIT,1701047175686,5,58.3297
SOLUSDT,BUY,LIMIT,1701047221460,13,58.4153
SOLUSDT,SELL,LIMIT,1701048233851,6,57.2125
SOLUSDT,SELL,LIMIT,1701048268636,20,57.1854
SOLUSDT,SELL,LIMIT,1701048525898,3,57.3338
SOLUSDT,SELL,LIMIT,1701048768230,16,57.1198
SOLUSDT,SELL,LIMIT,1701048784001,3,57.0964
SOLUSDT,SELL,LIMIT,1701048924716,4,57.0712
SOLUSDT,SELL,LIMIT,1701048925904,4,57.0643
SOLUSDT,SELL,LIMIT,1701049052076,173,57.0410
SOLUSDT,SELL,LIMIT,1701049054618,6,57.0176
SOLUSDT,SELL,LIMIT,1701049056007,9,56.9982
SOLUSDT,SELL,LIMIT,1701049058869,2,56.9869
SOLUSDT,SELL,LIMIT,1701049062728,17,56.9741
SOLUSDT,SELL,LIMIT,1701049346343,15,56.9428
SOLUSDT,SELL,LIMIT,1701049347484,316,56.8363
SOLUSDT,SELL,LIMIT,1701049348494,1,56.8919
SOLUSDT,SELL,LIMIT,1701049349969,13,56.8816
SOLUSDT,SELL,LIMIT,1701049414073,8,56.8548
SOLUSDT,SELL,LIMIT,1701049512096,169,56.8275
SOLUSDT,SELL,LIMIT,1701049514371,27,56.8181
SOLUSDT,SELL,LIMIT,1701049515392,170,56.8026
SOLUSDT,SELL,LIMIT,1701049517004,2,56.7940
SOLUSDT,SELL,LIMIT,1701049519481,8,56.7800
SOLUSDT,SELL,LIMIT,1701049571478,12,56.7704
SOLUSDT,SELL,LIMIT,1701049572701,101,56.7674
SOLUSDT,SELL,LIMIT,1701049574906,4,56.7564
SOLUSDT,BUY,LIMIT,1701050292755,1,57.6184
SOLUSDT,SELL,LIMIT,1701050760742,40,56.7855
SOLUSDT,SELL,LIMIT,1701050868448,1,56.7426
SOLUSDT,SELL,LIMIT,1701050869869,121,56.7366
SOLUSDT,SELL,LIMIT,1701050870984,1,56.7289
SOLUSDT,SELL,LIMIT,1701050877158,6,56.7158
SOLUSDT,SELL,LIMIT,1701050885058,10,56.6887
SOLUSDT,SELL,LIMIT,1701051733571,100,56.8223
SOLUSDT,SELL,LIMIT,1701052110612,1,56.6664
SOLUSDT,SELL,LIMIT,1701052125630,12,56.6528
SOLUSDT,SELL,LIMIT,1701052127140,26,56.6159
SOLUSDT,SELL,LIMIT,1701052128195,142,56.6217
SOLUSDT,SELL,LIMIT,1701052129707,13,56.6006
SOLUSDT,SELL,LIMIT,1701052260173,6,56.5802
SOLUSDT,SELL,LIMIT,1701052261227,2,56.5774
SOLUSDT,SELL,LIMIT,1701052282710,5,56.5521
SOLUSDT,SELL,LIMIT,1701052284538,2,56.5573
SOLUSDT,SELL,LIMIT,1701052293691,13,56.5476
SOLUSDT,SELL,LIMIT,1701052464238,6,56.5510
SOLUSDT,SELL,LIMIT,1701052555143,168,56.5610
SOLUSDT,SELL,LIMIT,1701052638614,8,56.5580
SOLUSDT,SELL,LIMIT,1701052641067,109,56.5358
SOLUSDT,SELL,LIMIT,1701052642142,3,56.5096
SOLUSDT,SELL,LIMIT,1701052643522,5,56.5021
SOLUSDT,SELL,LIMIT,1701052647253,1,56.4994
SOLUSDT,SELL,LIMIT,1701052867204,3,56.5062
SOLUSDT,SELL,LIMIT,1701052873093,7,56.4927
SOLUSDT,SELL,LIMIT,1701052877358,1,56.4913
SOLUSDT,SELL,LIMIT,1701052879098,50,56.4832
SOLUSDT,SELL,LIMIT,1701052880910,3,56.4827
SOLUSDT,SELL,LIMIT,1701052953456,5,56.4874
SOLUSDT,SELL,LIMIT,1701052955073,43,56.6874
SOLUSDT,SELL,LIMIT,1701052963489,1,56.4618
SOLUSDT,SELL,LIMIT,1701053011999,4,56.4829
SOLUSDT,SELL,LIMIT,1701053048802,15,56.4434
SOLUSDT,SELL,LIMIT,1701053088033,2,56.4370
SOLUSDT,SELL,LIMIT,1701053089277,14,56.4332
SOLUSDT,SELL,LIMIT,1701053092189,20,56.4127
SOLUSDT,SELL,LIMIT,1701053099782,2,56.3998
SOLUSDT,SELL,LIMIT,1701053104281,26,56.3965
SOLUSDT,SELL,LIMIT,1701053165964,74,56.3573
SOLUSDT,SELL,LIMIT,1701053170997,11,56.3487
SOLUSDT,SELL,LIMIT,1701053172633,53,56.3447
SOLUSDT,SELL,LIMIT,1701053618249,353,56.2525
SOLUSDT,SELL,LIMIT,1701054215070,100,56.4438
SOLUSDT,SELL,LIMIT,1701054311047,63,56.3162
SOLUSDT,SELL,LIMIT,1701054312290,3,56.3276
SOLUSDT,SELL,LIMIT,1701054314338,193,56.2593
SOLUSDT,SELL,LIMIT,1701054438174,15,56.2370
SOLUSDT,SELL,LIMIT,1701054444063,42,56.2331
SOLUSDT,SELL,LIMIT,1701054445098,1,56.2070
SOLUSDT,SELL,LIMIT,1701054446131,42,56.2091
SOLUSDT,SELL,LIMIT,1701054448917,8,56.1885
SOLUSDT,SELL,LIMIT,1701054460977,175,56.1815
SOLUSDT,SELL,LIMIT,1701054468240,55,56.1401
SOLUSDT,SELL,LIMIT,1701054470126,18,56.1293
SOLUSDT,SELL,LIMIT,1701054471199,1,56.1249
SOLUSDT,SELL,LIMIT,1701054472909,83,56.1173
SOLUSDT,SELL,LIMIT,1701054474001,14,56.1035
SOLUSDT,SELL,LIMIT,1701054486192,51,56.0993
SOLUSDT,SELL,LIMIT,1701054970070,34,56.2252
SOLUSDT,SELL,LIMIT,1701054979547,57,56.1401
SOLUSDT,SELL,LIMIT,1701055050150,53,56.1008
SOLUSDT,SELL,LIMIT,1701055052044,36,56.0971
SOLUSDT,SELL,LIMIT,1701055053129,58,56.0927
SOLUSDT,SELL,LIMIT,1701055055318,1,56.0825
SOLUSDT,SELL,LIMIT,1701055060032,39,56.0718
SOLUSDT,SELL,LIMIT,1701055062216,13,56.0657
SOLUSDT,SELL,LIMIT,1701055065234,8,56.0592
SOLUSDT,SELL,LIMIT,1701055066444,1,56.0552
SOLUSDT,SELL,LIMIT,1701055191998,3,56.0627
SOLUSDT,SELL,LIMIT,1701055615644,10,56.0523
SOLUSDT,SELL,LIMIT,1701055674207,35,56.0445
SOLUSDT,SELL,LIMIT,1701055692113,16,56.0299
SOLUSDT,SELL,LIMIT,1701055694083,50,56.0291
SOLUSDT,SELL,LIMIT,1701055695707,8,56.0250
SOLUSDT,SELL,LIMIT,1701055696741,868,55.8686
SOLUSDT,SELL,LIMIT,1701055706138,227,55.9637
SOLUSDT,SELL,LIMIT,1701055753158,25,55.9719
SOLUSDT,SELL,LIMIT,1701055754208,41,55.9967
SOLUSDT,SELL,LIMIT,1701055755250,9,55.9945
SOLUSDT,SELL,LIMIT,1701055757566,129,55.9631
SOLUSDT,SELL,LIMIT,1701056018456,15,55.9613
SOLUSDT,SELL,LIMIT,1701056024064,6,55.9465
SOLUSDT,SELL,LIMIT,1701056025343,103,55.9391
SOLUSDT,SELL,LIMIT,1701056044217,34,55.9391
SOLUSDT,SELL,LIMIT,1701056055170,23,55.9223
SOLUSDT,SELL,LIMIT,1701056059794,14,55.9032
SOLUSDT,SELL,LIMIT,1701056068415,85,55.8993
SOLUSDT,SELL,LIMIT,1701056070375,7,55.9001
SOLUSDT,SELL,LIMIT,1701056080371,43,55.8865
SOLUSDT,SELL,LIMIT,1701056088841,700,55.7197
SOLUSDT,SELL,LIMIT,1701056090364,2,55.8672
SOLUSDT,SELL,LIMIT,1701056112106,13,55.8607
SOLUSDT,SELL,LIMIT,1701056114273,8,55.8567
SOLUSDT,SELL,LIMIT,1701056121172,1,55.8520
SOLUSDT,SELL,LIMIT,1701056124308,5,55.8515
SOLUSDT,SELL,LIMIT,1701056134459,25,55.8413
SOLUSDT,SELL,LIMIT,1701056155142,14,55.8296
SOLUSDT,SELL,LIMIT,1701056158126,4,55.8308
SOLUSDT,SELL,LIMIT,1701056159727,35,55.8262
SOLUSDT,SELL,LIMIT,1701056168652,40,55.8778
SOLUSDT,SELL,LIMIT,1701056224302,4,55.8220
SOLUSDT,SELL,LIMIT,1701056232517,12,55.8173
SOLUSDT,SELL,LIMIT,1701056235089,11,55.8099
SOLUSDT,SELL,LIMIT,1701056237882,1,55.8149
SOLUSDT,SELL,LIMIT,1701056246129,12,55.7998
SOLUSDT,SELL,LIMIT,1701056247431,8,55.7990
SOLUSDT,SELL,LIMIT,1701056868026,4,55.9530
SOLUSDT,BUY,LIMIT,1701057540920,10,56.9850
SOLUSDT,BUY,LIMIT,1701058247200,1,57.0654
SOLUSDT,BUY,LIMIT,1701058324049,2,57.1609
SOLUSDT,BUY,LIMIT,1701059688337,77,57.2777
SOLUSDT,BUY,LIMIT,1701059690053,3,57.2860
SOLUSDT,BUY,LIMIT,1701059699100,3,57.3078
SOLUSDT,BUY,LIMIT,1701059707337,1,57.3369
SOLUSDT,BUY,LIMIT,1701059774933,6,57.3597
SOLUSDT,BUY,LIMIT,1701059776311,32,57.3618
SOLUSDT,BUY,LIMIT,1701060910451,1,57.5037
SOLUSDT,BUY,LIMIT,1701061048655,20,57.5575
SOLUSDT,BUY,LIMIT,1701061112057,12,57.5785
SOLUSDT,SELL,LIMIT,1701062827429,1,56.8090
SOLUSDT,SELL,LIMIT,1701063934346,170,56.5604
