Symbol,Side,Order Type,Time,Quantity,Price
SOLUSDT,BUY,LIMIT,1701065716179,30,57.5882
SOLUSDT,BUY,LIMIT,1701066003136,1,57.5776
SOLUSDT,BUY,LIMIT,1701067262371,50,57.2961
SOLUSDT,SELL,LIMIT,1701067279504,43,56.6286
SOLUSDT,BUY,LIMIT,1701067696432,47,57.1665
SOLUSDT,SELL,LIMIT,1701067750903,3,56.5431
SOLUSDT,SELL,LIMIT,1701067840259,5,56.4572
SOLUSDT,SELL,LIMIT,1701067841857,6,56.4382
SOLUSDT,SELL,LIMIT,1701067852060,10,56.3999
SOLUSDT,SELL,LIMIT,1701067853276,3,56.4002
SOLUSDT,SELL,LIMIT,1701067862451,21,56.3721
SOLUSDT,SELL,LIMIT,1701067866742,44,56.3491
SOLUSDT,SELL,LIMIT,1701067868977,43,56.3426
SOLUSDT,SELL,LIMIT,1701068089089,6,56.2992
SOLUSDT,SELL,LIMIT,1701068090110,21,56.2957
SOLUSDT,SELL,LIMIT,1701068094489,11,56.2807
SOLUSDT,SELL,LIMIT,1701068113683,6,56.2446
SOLUSDT,SELL,LIMIT,1701068114896,20,56.2345
SOLUSDT,SELL,LIMIT,1701068118510,36,56.2213
SOLUSDT,SELL,LIMIT,1701068151266,1,56.1868
SOLUSDT,SELL,LIMIT,1701068160930,13,56.1751
SOLUSDT,SELL,LIMIT,1701068166855,92,56.1534
SOLUSDT,SELL,LIMIT,1701068172468,13,56.1856
SOLUSDT,SELL,LIMIT,1701068174271,61,56.1400
SOLUSDT,SELL,LIMIT,1701068198178,1,56.1292
SOLUSDT,SELL,LIMIT,1701068288212,2,56.0997
SOLUSDT,SELL,LIMIT,1701068329832,10,56.1009
SOLUSDT,SELL,LIMIT,1701068969698,33,56.2304
SOLUSDT,SELL,LIMIT,1701068991600,12,56.2302
SOLUSDT,BUY,LIMIT,1701068996567,8,56.8665
SOLUSDT,SELL,LIMIT,1701069201347,7,56.4600
SOLUSDT,SELL,LIMIT,1701069405437,4,56.2795
SOLUSDT,SELL,LIMIT,1701069411136,8,56.1768
SOLUSDT,SELL,LIMIT,1701069412339,1,56.2730
SOLUSDT,SELL,LIMIT,1701069486050,43,56.1002
SOLUSDT,SELL,LIMIT,1701069490841,24,56.0789
SOLUSDT,SELL,LIMIT,1701069492274,1,56.0379
SOLUSDT,SELL,LIMIT,1701069494830,2,56.0334
SOLUSDT,SELL,LIMIT,1701069509106,28,56.0265
SOLUSDT,SELL,LIMIT,1701069512783,10,56.0118
SOLUSDT,SELL,LIMIT,1701069516175,84,55.9848
SOLUSDT,SELL,LIMIT,1701069519284,1,55.9611
SOLUSDT,SELL,LIMIT,1701069526858,11,55.9513
SOLUSDT,SELL,LIMIT,1701069528426,2,55.9513
SOLUSDT,SELL,LIMIT,1701069530103,56,55.9467
SOLUSDT,SELL,LIMIT,1701069546035,1,55.9449
SOLUSDT,SELL,LIMIT,1701069547172,6,55.9286
SOLUSDT,SELL,LIMIT,1701069554037,2,57.1075
SOLUSDT,SELL,LIMIT,1701069557196,24,55.8786
SOLUSDT,SELL,LIMIT,1701069571085,2,55.8667
SOLUSDT,SELL,LIMIT,1701069575058,70,55.8642
SOLUSDT,SELL,LIMIT,1701069576071,2,55.8564
SOLUSDT,SELL,LIMIT,1701069614323,142,55.8193
SOLUSDT,SELL,LIMIT,1701069616190,4,55.8171
SOLUSDT,SELL,LIMIT,1701069617438,4,55.8170
SOLUSDT,SELL,LIMIT,1701069618462,15,55.8124
SOLUSDT,SELL,LIMIT,1701069628103,10,55.7976
SOLUSDT,SELL,LIMIT,1701069630092,322,55.6846
SOLUSDT,SELL,LIMIT,1701069631302,1,55.7630
SOLUSDT,SELL,LIMIT,1701069632325,3,55.7075
SOLUSDT,SELL,LIMIT,1701069633394,3,55.7038
SOLUSDT,SELL,LIMIT,1701069635040,44,55.6579
SOLUSDT,SELL,LIMIT,1701069636116,1,55.6281
SOLUSDT,SELL,LIMIT,1701069638293,27,55.6069
SOLUSDT,SELL,LIMIT,1701069727156,3,55.5906
SOLUSDT,SELL,LIMIT,1701069728212,67,55.5866
SOLUSDT,SELL,LIMIT,1701069730076,1,55.5752
SOLUSDT,SELL,LIMIT,1701069757811,151,55.5763
SOLUSDT,SELL,LIMIT,1701069787146,6,55.5650
SOLUSDT,SELL,LIMIT,1701069792053,11,55.5592
SOLUSDT,SELL,LIMIT,1701069793350,2,55.5402
SOLUSDT,SELL,LIMIT,1701069794390,62,55.5235
SOLUSDT,SELL,LIMIT,1701069795421,40,55.5293
SOLUSDT,SELL,LIMIT,1701069796959,7,55.4657
SOLUSDT,SELL,LIMIT,1701069797963,4,55.4569
SOLUSDT,SELL,LIMIT,1701069799159,5,55.4459
SOLUSDT,SELL,LIMIT,1701069800424,4,55.4507
SOLUSDT,SELL,LIMIT,1701069801542,15,55.4451
SOLUSDT,SELL,LIMIT,1701069803144,121,55.4524
SOLUSDT,SELL,LIMIT,1701069805670,13,55.4620
SOLUSDT,SELL,LIMIT,1701069807409,175,55.4489
SOLUSDT,SELL,LIMIT,1701069809775,178,55.4498
SOLUSDT,SELL,LIMIT,1701069810980,336,55.3471
SOLUSDT,SELL,LIMIT,1701069817685,187,55.4718
SOLUSDT,SELL,LIMIT,1701069824203,4,55.4302
SOLUSDT,SELL,LIMIT,1701069825240,814,55.2673
SOLUSDT,SELL,LIMIT,1701069827578,173,55.4160
SOLUSDT,SELL,LIMIT,1701069878814,514,55.3082
SOLUSDT,SELL,LIMIT,1701069880083,56,55.4266
SOLUSDT,SELL,LIMIT,1701069881235,4,55.4138
SOLUSDT,SELL,LIMIT,1701069882640,1,55.4011
SOLUSDT,SELL,LIMIT,1701069885658,8,55.4024
SOLUSDT,SELL,LIMIT,1701069887270,19,55.4071
SOLUSDT,SELL,LIMIT,1701069892029,18,55.3912
SOLUSDT,SELL,LIMIT,1701069893093,4,55.3908
SOLUSDT,SELL,LIMIT,1701069894290,5,55.3410
SOLUSDT,SELL,LIMIT,1701069895304,258,55.2233
SOLUSDT,SELL,LIMIT,1701069896323,3,55.3239
SOLUSDT,SELL,LIMIT,1701069897551,1,55.2599
SOLUSDT,SELL,LIMIT,1701069898616,2,55.2451
SOLUSDT,SELL,LIMIT,1701069899682,3,55.2047
SOLUSDT,SELL,LIMIT,1701069900933,9,55.1956
SOLUSDT,SELL,LIMIT,1701069901989,8,55.1950
SOLUSDT,BUY,LIMIT,1701070053455,1,56.2646
SOLUSDT,SELL,LIMIT,1701070159379,41,55.4353
SOLUSDT,SELL,LIMIT,1701070167582,42,55.3359
SOLUSDT,SELL,LIMIT,1701070174167,2,55.2725
SOLUSDT,SELL,LIMIT,1701070431192,17,55.3285
SOLUSDT,SELL,LIMIT,1701070435915,35,55.2613
SOLUSDT,SELL,LIMIT,1701070438418,21,55.2317
SOLUSDT,SELL,LIMIT,1701070439241,187,55.1819
SOLUSDT,SELL,LIMIT,1701070440102,50,55.1969
SOLUSDT,SELL,LIMIT,1701070441029,3,55.1969
SOLUSDT,SELL,LIMIT,1701070442102,8,55.1804
SOLUSDT,SELL,LIMIT,1701070443441,9,55.1891
SOLUSDT,BUY,LIMIT,1701072565573,7,56.3570
SOLUSDT,BUY,LIMIT,1701072672562,1,56.4931
SOLUSDT,BUY,LIMIT,1701072746549,1,56.5463
SOLUSDT,BUY,LIMIT,1701072782484,1,56.5753
SOLUSDT,BUY,LIMIT,1701072823353,77,56.5789
SOLUSDT,BUY,LIMIT,1701072828375,146,56.5973
SOLUSDT,BUY,LIMIT,1701072868977,2,56.6329
SOLUSDT,SELL,LIMIT,1701074339066,11,55.6552
SOLUSDT,SELL,LIMIT,1701074349328,1,55.5258
SOLUSDT,SELL,LIMIT,1701074536667,8,55.5113
SOLUSDT,SELL,LIMIT,1701074540058,12,55.4668
SOLUSDT,SELL,LIMIT,1701074590795,65,55.4465
SOLUSDT,SELL,LIMIT,1701074605118,8,55.4218
SOLUSDT,SELL,LIMIT,1701074606219,68,55.4229
SOLUSDT,SELL,LIMIT,1701074794124,1,55.3876
SOLUSDT,SELL,LIMIT,1701074795736,15,55.3830
SOLUSDT,SELL,LIMIT,1701074802663,25,55.3545
SOLUSDT,SELL,LIMIT,1701074813258,1,55.3407
SOLUSDT,SELL,LIMIT,1701074870311,8,55.3167
SOLUSDT,SELL,LIMIT,1701074897180,138,55.3463
SOLUSDT,SELL,LIMIT,1701074936272,44,55.2465
SOLUSDT,BUY,LIMIT,1701075813305,53,56.3269
SOLUSDT,BUY,LIMIT,1701076059158,59,56.4001
SOLUSDT,BUY,LIMIT,1701076099585,41,56.4197
SOLUSDT,BUY,LIMIT,1701076285404,8,56.4376
SOLUSDT,BUY,LIMIT,1701076304077,15,56.4786
SOLUSDT,BUY,LIMIT,1701076551452,39,56.5729
SOLUSDT,SELL,LIMIT,1701076930294,16,55.7840
SOLUSDT,SELL,LIMIT,1701080448337,1,55.4181
SOLUSDT,SELL,LIMIT,1701080478788,30,55.4052
SOLUSDT,SELL,LIMIT,1701080480859,24,55.3946
SOLUSDT,SELL,LIMIT,1701080488122,1,55.3817
SOLUSDT,SELL,LIMIT,1701080489152,63,55.3791
SOLUSDT,SELL,LIMIT,1701080490418,12,55.3754
SOLUSDT,SELL,LIMIT,1701080501718,13,55.3634
SOLUSDT,SELL,LIMIT,1701080525589,6,55.3289
SOLUSDT,SELL,LIMIT,1701080533333,23,55.3201
SOLUSDT,SELL,LIMIT,1701080538027,25,55.3053
SOLUSDT,SELL,LIMIT,1701080539504,2,55.2980
SOLUSDT,SELL,LIMIT,1701080541280,17,55.2872
SOLUSDT,SELL,LIMIT,1701080550073,100,55.2972
SOLUSDT,SELL,LIMIT,1701080616416,170,55.2696
SOLUSDT,SELL,LIMIT,1701080668308,34,55.2963
SOLUSDT,SELL,LIMIT,1701080703370,8,55.2426
SOLUSDT,SELL,LIMIT,1701080704474,30,55.2390
SOLUSDT,SELL,LIMIT,1701080750289,12,55.2211
SOLUSDT,SELL,LIMIT,1701080765676,26,55.2212
SOLUSDT,SELL,LIMIT,1701080781226,3,55.2026
SOLUSDT,SELL,LIMIT,1701080783006,7,55.1992
SOLUSDT,SELL,LIMIT,1701080784263,3,55.1934
SOLUSDT,SELL,LIMIT,1701080787420,2,55.1885
SOLUSDT,SELL,LIMIT,1701080843816,45,55.1845
SOLUSDT,SELL,LIMIT,1701080892205,8,55.1808
SOLUSDT,SELL,LIMIT,1701080893482,27,55.1793
SOLUSDT,SELL,LIMIT,1701081078634,1,55.1744
SOLUSDT,SELL,LIMIT,1701081081279,17,55.1714
SOLUSDT,SELL,LIMIT,1701081113254,1,55.1674
SOLUSDT,SELL,LIMIT,1701081114497,5,55.1637
SOLUSDT,SELL,LIMIT,1701081116291,523,55.0350
SOLUSDT,SELL,LIMIT,1701081120420,8,55.1552
SOLUSDT,SELL,LIMIT,1701081122722,21,55.1537
SOLUSDT,SELL,LIMIT,1701081131095,178,55.1253
SOLUSDT,SELL,LIMIT,1701081132131,2,55.0609
SOLUSDT,SELL,LIMIT,1701081133152,350,54.9372
SOLUSDT,SELL,LIMIT,1701081134219,2,55.0104
SOLUSDT,SELL,LIMIT,1701081135252,2,54.9996
SOLUSDT,SELL,LIMIT,1701081165219,4,55.0406
SOLUSDT,SELL,LIMIT,1701081255013,15,55.1316
SOLUSDT,SELL,LIMIT,1701081258003,18,55.0638
SOLUSDT,SELL,LIMIT,1701081328410,3,54.9986
SOLUSDT,SELL,LIMIT,1701081329404,2,54.9979
SOLUSDT,SELL,LIMIT,1701081330672,15,54.9896
SOLUSDT,SELL,LIMIT,1701081332982,6,54.9836
SOLUSDT,SELL,LIMIT,1701081426331,71,54.9762
SOLUSDT,SELL,LIMIT,1701081427701,271,54.9092
SOLUSDT,SELL,LIMIT,1701081430558,90,54.9723
SOLUSDT,SELL,LIMIT,1701081431997,22,54.9716
SOLUSDT,SELL,LIMIT,1701081434067,356,54.8535
SOLUSDT,SELL,LIMIT,1701081435066,1,54.9653
SOLUSDT,SELL,LIMIT,1701081436077,15,54.9380
SOLUSDT,SELL,LIMIT,1701081437096,1,54.9258
SOLUSDT,SELL,LIMIT,1701081438102,8,54.8876
SOLUSDT,SELL,LIMIT,1701081439134,200,54.8172
SOLUSDT,SELL,LIMIT,1701081440207,155,54.8152
SOLUSDT,SELL,LIMIT,1701081452414,179,54.8063
SOLUSDT,SELL,LIMIT,1701081453450,2,54.7370
SOLUSDT,SELL,LIMIT,1701081455573,103,54.7332
SOLUSDT,SELL,LIMIT,1701081456898,178,54.7280
SOLUSDT,SELL,LIMIT,1701081488037,17,54.7533
SOLUSDT,SELL,LIMIT,1701081556104,860,54.5712
SOLUSDT,SELL,LIMIT,1701081580110,26,54.7535
SOLUSDT,SELL,LIMIT,1701081605943,9,54.7321
SOLUSDT,SELL,LIMIT,1701081607071,225,54.6854
SOLUSDT,SELL,LIMIT,1701081609059,26,54.6882
SOLUSDT,SELL,LIMIT,1701081610134,12,54.6385
SOLUSDT,SELL,LIMIT,1701082009044,65,54.6192
SOLUSDT,SELL,LIMIT,1701082010166,14,54.6162
SOLUSDT,SELL,LIMIT,1701082011274,9,54.6157
SOLUSDT,SELL,LIMIT,1701082012937,20,54.5881
SOLUSDT,SELL,LIMIT,1701082016080,28,54.5861
SOLUSDT,SELL,LIMIT,1701082017144,8,54.5779
SOLUSDT,SELL,LIMIT,1701082018153,3,54.5362
SOLUSDT,SELL,LIMIT,1701082019201,31,54.4973
SOLUSDT,SELL,LIMIT,1701082020240,30,54.4890
SOLUSDT,SELL,LIMIT,1701082021375,1,54.4890
SOLUSDT,SELL,LIMIT,1701082022574,1,54.4754
SOLUSDT,SELL,LIMIT,1701082023656,27,54.4715
SOLUSDT,SELL,LIMIT,1701082040105,122,54.4771
SOLUSDT,SELL,LIMIT,1701082119249,2,54.5055
SOLUSDT,SELL,LIMIT,1701082123058,10,54.4552
SOLUSDT,SELL,LIMIT,1701082124122,12,54.4214
SOLUSDT,SELL,LIMIT,1701082125415,3,54.4232
SOLUSDT,SELL,LIMIT,1701082211260,10,54.5662
SOLUSDT,SELL,LIMIT,1701082485236,6,54.5100
SOLUSDT,SELL,LIMIT,1701082654425,8,54.4813
SOLUSDT,SELL,LIMIT,1701082663512,110,54.4616
SOLUSDT,SELL,LIMIT,1701082671186,80,54.4439
SOLUSDT,SELL,LIMIT,1701082675286,144,54.5101
SOLUSDT,SELL,LIMIT,1701082678179,40,54.4178
SOLUSDT,SELL,LIMIT,1701082679305,2,54.4135
SOLUSDT,SELL,LIMIT,1701082690678,1,54.4200
SOLUSDT,SELL,LIMIT,1701082692054,4,54.4544
SOLUSDT,SELL,LIMIT,1701082693176,3,54.4122
SOLUSDT,SELL,LIMIT,1701082695138,4,54.4016
SOLUSDT,SELL,LIMIT,1701082698177,35,54.4075
SOLUSDT,SELL,LIMIT,1701082699501,1,54.4041
SOLUSDT,SELL,LIMIT,1701082700774,10,54.3981
SOLUSDT,SELL,LIMIT,1701082701901,1,54.3942
SOLUSDT,SELL,LIMIT,1701082703070,7,54.3850
SOLUSDT,SELL,LIMIT,1701082704187,2,54.3880
SOLUSDT,SELL,LIMIT,1701082705302,1226,54.1717
SOLUSDT,SELL,LIMIT,1701082706343,6,54.3692
SOLUSDT,SELL,LIMIT,1701082728135,18,54.4020
SOLUSDT,BUY,LIMIT,1701082823494,182,55.4322
SOLUSDT,BUY,LIMIT,1701083051785,37,55.5169
SOLUSDT,BUY,LIMIT,1701083060897,14,55.5166
SOLUSDT,BUY,LIMIT,1701084014597,17,55.5192
SOLUSDT,BUY,LIMIT,1701084031443,114,55.5428
SOLUSDT,BUY,LIMIT,1701084036437,14,55.5612
SOLUSDT,SELL,LIMIT,1701084665988,2,54.5212
SOLUSDT,SELL,LIMIT,1701084699300,3,54.5707
SOLUSDT,SELL,LIMIT,1701084930615,1,54.4712
SOLUSDT,SELL,LIMIT,1701084931941,3,54.4712
SOLUSDT,BUY,LIMIT,1701086542103,38,55.3371
SOLUSDT,SELL,LIMIT,1701086710319,1,56.0815
SOLUSDT,SELL,LIMIT,1701086718072,18,55.6564
SOLUSDT,SELL,LIMIT,1701086732466,8,54.7733
SOLUSDT,SELL,LIMIT,1701087367461,160,54.6786
SOLUSDT,SELL,LIMIT,1701088210915,1,54.4900
SOLUSDT,SELL,LIMIT,1701088441220,60,54.4534
SOLUSDT,SELL,LIMIT,1701088443480,12,54.4468
SOLUSDT,SELL,LIMIT,1701088456586,2,54.4456
SOLUSDT,SELL,LIMIT,1701088480561,90,54.4338
SOLUSDT,SELL,LIMIT,1701088482627,47,54.4225
SOLUSDT,SELL,LIMIT,1701088491566,12,54.4051
SOLUSDT,SELL,LIMIT,1701088991119,13,54.3976
SOLUSDT,SELL,LIMIT,1701088992256,8,54.3966
SOLUSDT,SELL,LIMIT,1701088993425,11,54.3675
SOLUSDT,SELL,LIMIT,1701089924208,4,54.3582
SOLUSDT,SELL,LIMIT,1701089929032,8,54.3330
SOLUSDT,SELL,LIMIT,1701089930051,2,54.3330
SOLUSDT,SELL,LIMIT,1701089931092,10,54.3227
SOLUSDT,SELL,LIMIT,1701089932115,28,54.2463
SOLUSDT,SELL,LIMIT,1701089933138,11,54.2568
SOLUSDT,SELL,LIMIT,1701089948041,48,54.2386
SOLUSDT,SELL,LIMIT,1701089949044,107,54.2291
SOLUSDT,SELL,LIMIT,1701089950116,1,54.2277
SOLUSDT,SELL,LIMIT,1701089959034,8,54.2266
SOLUSDT,SELL,LIMIT,1701089960096,1,54.2246
SOLUSDT,SELL,LIMIT,1701089962035,27,54.2066
SOLUSDT,SELL,LIMIT,1701089963301,108,54.2028
SOLUSDT,SELL,LIMIT,1701089964426,16,54.2022
SOLUSDT,SELL,LIMIT,1701089965431,15,54.1899
SOLUSDT,SELL,LIMIT,1701089970433,12,54.1823
SOLUSDT,SELL,LIMIT,1701089972358,72,54.1802
SOLUSDT,SELL,LIMIT,1701089974037,3,54.1513
SOLUSDT,SELL,LIMIT,1701089975107,4,54.1587
SOLUSDT,SELL,LIMIT,1701089976123,25,54.1374
SOLUSDT,SELL,LIMIT,1701089977351,3,54.1331
SOLUSDT,SELL,LIMIT,1701089978453,75,54.1105
SOLUSDT,SELL,LIMIT,1701089984176,42,54.1080
SOLUSDT,BUY,LIMIT,1701090376643,4,55.2077
SOLUSDT,SELL,LIMIT,1701090936279,19,54.4024
SOLUSDT,SELL,LIMIT,1701090981255,51,54.2764
SOLUSDT,SELL,LIMIT,1701091163459,26,54.2932
SOLUSDT,BUY,LIMIT,1701091219103,5,55.3102
SOLUSDT,BUY,LIMIT,1701091227118,51,55.3425
SOLUSDT,BUY,LIMIT,1701091236189,182,55.4050
SOLUSDT,BUY,LIMIT,1701091239238,2,55.4141
SOLUSDT,BUY,LIMIT,1701091244314,65,55.4580
SOLUSDT,BUY,LIMIT,1701091315944,5,55.4724
SOLUSDT,SELL,LIMIT,1701092437057,181,54.3943
SOLUSDT,SELL,LIMIT,1701092448637,3,54.3494
SOLUSDT,SELL,LIMIT,1701092450384,33,54.3134
SOLUSDT,SELL,LIMIT,1701092515487,180,54.3137
SOLUSDT,SELL,LIMIT,1701092691697,7,54.2856
SOLUSDT,SELL,LIMIT,1701092735516,1,54.2716
SOLUSDT,SELL,LIMIT,1701092741818,136,54.2658
SOLUSDT,SELL,LIMIT,1701092743757,10,54.2600
SOLUSDT,SELL,LIMIT,1701092748563,6,54.2455
SOLUSDT,SELL,LIMIT,1701092751314,33,54.2028
SOLUSDT,SELL,LIMIT,1701093077145,15,54.1955
SOLUSDT,SELL,LIMIT,1701093106846,11,54.1707
SOLUSDT,SELL,LIMIT,1701093116071,1,54.1090
SOLUSDT,SELL,LIMIT,1701093117172,9,54.1166
SOLUSDT,SELL,LIMIT,1701093118380,68,54.0957
SOLUSDT,SELL,LIMIT,1701093119441,16,54.0876
SOLUSDT,SELL,LIMIT,1701093121084,80,54.0740
SOLUSDT,SELL,LIMIT,1701093122136,75,54.0726
SOLUSDT,SELL,LIMIT,1701093123150,1,54.0709
SOLUSDT,SELL,LIMIT,1701093127298,8,54.0706
SOLUSDT,SELL,LIMIT,1701093128962,1,54.0686
SOLUSDT,SELL,LIMIT,1701093131244,58,54.0733
SOLUSDT,SELL,LIMIT,1701093133249,121,54.0655
SOLUSDT,SELL,LIMIT,1701093134453,268,53.9918
SOLUSDT,SELL,LIMIT,1701093135375,1,53.9955
SOLUSDT,SELL,LIMIT,1701093136287,108,54.0101
SOLUSDT,SELL,LIMIT,1701093137217,415,53.8564
SOLUSDT,SELL,LIMIT,1701093138444,70,53.9664
SOLUSDT,SELL,LIMIT,1701093270314,45,54.3030
SOLUSDT,BUY,LIMIT,1701093370096,145,55.1226
SOLUSDT,SELL,LIMIT,1701093450435,1,54.4873
SOLUSDT,SELL,LIMIT,1701093451776,3,54.4816
SOLUSDT,BUY,LIMIT,1701093470466,3,55.2343
SOLUSDT,BUY,LIMIT,1701093817385,90,55.3446
SOLUSDT,BUY,LIMIT,1701093819102,55,55.3503
SOLUSDT,SELL,LIMIT,1701094034106,2,54.6043
SOLUSDT,SELL,LIMIT,1701094293614,105,54.4363
SOLUSDT,SELL,LIMIT,1701094554758,18,54.2320
SOLUSDT,SELL,LIMIT,1701094556161,18,54.1847
SOLUSDT,SELL,LIMIT,1701094558360,49,54.1807
SOLUSDT,SELL,LIMIT,1701094619088,7,54.1222
SOLUSDT,SELL,LIMIT,1701094620730,85,54.1108
SOLUSDT,SELL,LIMIT,1701094713572,181,54.0632
SOLUSDT,SELL,LIMIT,1701095008853,3,54.0424
SOLUSDT,SELL,LIMIT,1701095024720,91,53.9930
SOLUSDT,SELL,LIMIT,1701095027978,19,53.9838
SOLUSDT,SELL,LIMIT,1701095240304,145,53.9539
SOLUSDT,SELL,LIMIT,1701095338672,6,53.9600
SOLUSDT,SELL,LIMIT,1701095340225,1,53.9505
SOLUSDT,SELL,LIMIT,1701095341251,19,53.9471
SOLUSDT,SELL,LIMIT,1701095342492,86,53.9399
SOLUSDT,SELL,LIMIT,1701095344462,12,53.9345
SOLUSDT,SELL,LIMIT,1701095378226,15,53.9335
SOLUSDT,SELL,LIMIT,1701095379490,13,53.9296
SOLUSDT,SELL,LIMIT,1701095381412,37,53.9275
SOLUSDT,SELL,LIMIT,1701095384081,2,53.9170
SOLUSDT,SELL,LIMIT,1701095385413,4,53.9266
SOLUSDT,SELL,LIMIT,1701095392597,55,53.9228
SOLUSDT,SELL,LIMIT,1701095394415,31,53.9111
SOLUSDT,SELL,LIMIT,1701095395521,10,53.9037
SOLUSDT,SELL,LIMIT,1701095396794,4,53.8987
SOLUSDT,SELL,LIMIT,1701095408465,14,53.8980
SOLUSDT,SELL,LIMIT,1701095410033,54,53.8965
SOLUSDT,SELL,LIMIT,1701095411039,160,53.8912
SOLUSDT,SELL,LIMIT,1701095513512,3,54.0557
SOLUSDT,SELL,LIMIT,1701095529405,72,53.9457
SOLUSDT,SELL,LIMIT,1701095530666,48,53.9352
SOLUSDT,SELL,LIMIT,1701095546218,44,53.9064
SOLUSDT,SELL,LIMIT,1701095553184,55,53.8864
SOLUSDT,SELL,LIMIT,1701095562338,204,53.8624
SOLUSDT,SELL,LIMIT,1701095592515,1,53.8929
SOLUSDT,SELL,LIMIT,1701095598285,5,53.8781
SOLUSDT,SELL,LIMIT,1701095599822,284,53.8076
SOLUSDT,SELL,LIMIT,1701095601155,1,53.8715
SOLUSDT,SELL,LIMIT,1701095607561,8,53.8716
SOLUSDT,SELL,LIMIT,1701095609894,1,53.8678
SOLUSDT,SELL,LIMIT,1701095611124,3,53.8655
SOLUSDT,SELL,LIMIT,1701095612626,10,53.8607
SOLUSDT,SELL,LIMIT,1701095613433,4,53.8562
SOLUSDT,SELL,LIMIT,1701096798177,3,53.9153
SOLUSDT,SELL,LIMIT,1701096802015,9,53.9134
SOLUSDT,SELL,LIMIT,1701096835514,33,53.9034
SOLUSDT,SELL,LIMIT,1701097014121,1,53.8603
SOLUSDT,SELL,LIMIT,1701097015477,907,53.7056
SOLUSDT,SELL,LIMIT,1701097016749,2000,53.5904
SOLUSDT,SELL,LIMIT,1701097018055,6,53.8403
SOLUSDT,SELL,LIMIT,1701097019428,21,53.8364
SOLUSDT,SELL,LIMIT,1701097020631,24,53.8316
SOLUSDT,SELL,LIMIT,1701097028343,3,53.8260
SOLUSDT,SELL,LIMIT,1701097029476,24,53.8265
SOLUSDT,SELL,LIMIT,1701097031183,120,53.8187
SOLUSDT,SELL,LIMIT,1701097033579,2,53.8194
SOLUSDT,SELL,LIMIT,1701097040234,400,53.7297
SOLUSDT,SELL,LIMIT,1701097042966,38,53.8402
SOLUSDT,SELL,LIMIT,1701097058056,78,53.8087
SOLUSDT,SELL,LIMIT,1701097059175,9,53.8117
SOLUSDT,SELL,LIMIT,1701097060197,2,53.7994
SOLUSDT,SELL,LIMIT,1701097061306,203,53.7769
SOLUSDT,SELL,LIMIT,1701097062728,4,53.7871
SOLUSDT,SELL,LIMIT,1701097063950,3,53.7814
SOLUSDT,SELL,LIMIT,1701097065986,5,53.7796
SOLUSDT,SELL,LIMIT,1701097088291,2,53.8033
SOLUSDT,SELL,LIMIT,1701097091199,11,53.7973
SOLUSDT,SELL,LIMIT,1701097095271,52,53.7834
SOLUSDT,SELL,LIMIT,1701097099044,183,53.7711
SOLUSDT,SELL,LIMIT,1701097100047,2,53.7680
SOLUSDT,SELL,LIMIT,1701097101087,21,53.7469
SOLUSDT,SELL,LIMIT,1701097102125,12,53.7017
SOLUSDT,SELL,LIMIT,1701097103163,324,53.6198
SOLUSDT,BUY,LIMIT,1701097386788,153,54.8360
SOLUSDT,BUY,LIMIT,1701097392733,8,54.8587
SOLUSDT,BUY,LIMIT,1701097396027,32,54.8820
SOLUSDT,BUY,LIMIT,1701097410827,17,54.9257
SOLUSDT,BUY,LIMIT,1701097416187,2,54.9415
SOLUSDT,BUY,LIMIT,1701097458042,4,55.0270
SOLUSDT,BUY,LIMIT,1701097460033,4,55.0439
SOLUSDT,BUY,LIMIT,1701097462406,147,55.0703
SOLUSDT,BUY,LIMIT,1701097719080,6,55.0877
SOLUSDT,BUY,LIMIT,1701097732215,716,55.2441
SOLUSDT,BUY,LIMIT,1701097735092,2,55.1081
SOLUSDT,BUY,LIMIT,1701097740173,31,55.1279
SOLUSDT,BUY,LIMIT,1701097741237,10,55.1295
SOLUSDT,BUY,LIMIT,1701098159116,9,55.1444
SOLUSDT,BUY,LIMIT,1701098177434,2,55.1813
SOLUSDT,BUY,LIMIT,1701098210664,1,55.2098
SOLUSDT,BUY,LIMIT,1701098224078,87,55.2352
SOLUSDT,BUY,LIMIT,1701098233286,2,55.2564
SOLUSDT,BUY,LIMIT,1701098234389,24,55.2559
SOLUSDT,BUY,LIMIT,1701098237708,3,55.2775
SOLUSDT,BUY,LIMIT,1701098304552,2,55.2957
SOLUSDT,BUY,LIMIT,1701098332386,86,55.3094
SOLUSDT,BUY,LIMIT,1701098333461,12,55.3070
SOLUSDT,BUY,LIMIT,1701098547088,9,55.3728
SOLUSDT,BUY,LIMIT,1701098555386,93,55.3901
SOLUSDT,SELL,LIMIT,1701099182459,54,54.2612
SOLUSDT,SELL,LIMIT,1701099201176,13,54.2208
SOLUSDT,SELL,LIMIT,1701099202308,4,54.2126
SOLUSDT,SELL,LIMIT,1701099204339,13,54.2113
SOLUSDT,SELL,LIMIT,1701099215494,17,54.1955
SOLUSDT,SELL,LIMIT,1701099220428,81,54.1845
SOLUSDT,SELL,LIMIT,1701099224581,34,54.1755
SOLUSDT,SELL,LIMIT,1701099269622,9,54.2119
SOLUSDT,SELL,LIMIT,1701099958297,4,54.1812
SOLUSDT,SELL,LIMIT,1701099986932,9,54.1017
SOLUSDT,SELL,LIMIT,1701100023267,1,54.0775
SOLUSDT,SELL,LIMIT,1701100070788,2,54.0387
SOLUSDT,SELL,LIMIT,1701100079809,10,54.0291
SOLUSDT,SELL,LIMIT,1701100096431,16,54.0166
SOLUSDT,BUY,LIMIT,1701100109537,33,54.7304
SOLUSDT,SELL,LIMIT,1701100127325,20,54.0121
SOLUSDT,SELL,LIMIT,1701100130408,3,54.0112
SOLUSDT,SELL,LIMIT,1701100133942,12,53.9907
SOLUSDT,SELL,LIMIT,1701100141669,9,53.9710
SOLUSDT,SELL,LIMIT,1701100151041,2,53.9628
SOLUSDT,SELL,LIMIT,1701100156261,7,53.9463
SOLUSDT,SELL,LIMIT,1701100158659,75,53.9337
SOLUSDT,SELL,LIMIT,1701100160019,1218,53.7474
SOLUSDT,BUY,LIMIT,1701100182050,13,53.0607
SOLUSDT,SELL,LIMIT,1701100184312,6,53.9700
SOLUSDT,SELL,LIMIT,1701100208156,200,53.9559
SOLUSDT,SELL,LIMIT,1701100217113,1,53.9155
SOLUSDT,SELL,LIMIT,1701100218320,3,53.9183
SOLUSDT,SELL,LIMIT,1701100219412,33,53.8784
SOLUSDT,SELL,LIMIT,1701100221523,106,53.8731
SOLUSDT,SELL,LIMIT,1701100283823,1,53.9479
SOLUSDT,SELL,LIMIT,1701100536457,47,53.9867
SOLUSDT,SELL,LIMIT,1701100560437,15,53.8994
SOLUSDT,SELL,LIMIT,1701100565311,25,53.8780
SOLUSDT,SELL,LIMIT,1701100569604,46,53.8705
SOLUSDT,SELL,LIMIT,1701100571485,10,53.8590
SOLUSDT,SELL,LIMIT,1701100572497,2,53.8620
SOLUSDT,SELL,LIMIT,1701100574059,7,53.8014
SOLUSDT,SELL,LIMIT,1701100576149,12,53.8458
SOLUSDT,SELL,LIMIT,1701100588959,712,53.6628
SOLUSDT,SELL,LIMIT,1701100595043,17,53.7920
SOLUSDT,SELL,LIMIT,1701100605409,2,53.7885
SOLUSDT,SELL,LIMIT,1701100608549,14,53.7806
SOLUSDT,SELL,LIMIT,1701100615757,4,53.7842
SOLUSDT,SELL,LIMIT,1701100618166,4,53.7636
SOLUSDT,SELL,LIMIT,1701100622078,3,53.7492
SOLUSDT,SELL,LIMIT,1701100624534,80,53.7468
SOLUSDT,SELL,LIMIT,1701100626494,156,53.7430
SOLUSDT,SELL,LIMIT,1701100633247,68,53.7164
SOLUSDT,SELL,LIMIT,1701100638108,108,53.7006
SOLUSDT,SELL,LIMIT,1701100639161,6,53.7107
SOLUSDT,SELL,LIMIT,1701100640299,1,53.6951
SOLUSDT,SELL,LIMIT,1701100641255,106,53.6920
SOLUSDT,SELL,LIMIT,1701100643335,7,53.6813
SOLUSDT,SELL,LIMIT,1701100765152,110,53.6634
SOLUSDT,SELL,LIMIT,1701100766180,43,53.6580
SOLUSDT,SELL,LIMIT,1701100769847,6,53.6550
SOLUSDT,SELL,LIMIT,1701100771770,100,53.6552
SOLUSDT,SELL,LIMIT,1701100772915,3,53.6393
SOLUSDT,SELL,LIMIT,1701100773968,42,53.6285
SOLUSDT,SELL,LIMIT,1701100780071,1,53.6101
SOLUSDT,SELL,LIMIT,1701100781111,3,53.5954
SOLUSDT,SELL,LIMIT,1701100782247,8,53.5883
SOLUSDT,SELL,LIMIT,1701100783350,5,53.5924
SOLUSDT,SELL,LIMIT,1701100804967,18,53.6016
SOLUSDT,SELL,LIMIT,1701100815085,150,53.5841
SOLUSDT,SELL,LIMIT,1701100816171,7,53.5758
SOLUSDT,SELL,LIMIT,1701100818738,182,53.5686
SOLUSDT,SELL,LIMIT,1701100819778,1,53.5624
SOLUSDT,SELL,LIMIT,1701100878119,144,53.5600
SOLUSDT,SELL,LIMIT,1701100901324,7,53.5600
SOLUSDT,SELL,LIMIT,1701100903159,320,53.4762
SOLUSDT,SELL,LIMIT,1701100906889,43,53.5549
SOLUSDT,SELL,LIMIT,1701100908048,6,53.5495
SOLUSDT,SELL,LIMIT,1701100909146,70,53.5449
SOLUSDT,SELL,LIMIT,1701100910168,3,53.5400
SOLUSDT,SELL,LIMIT,1701100924330,25,53.5376
SOLUSDT,SELL,LIMIT,1701100991024,1,55.1957
SOLUSDT,SELL,LIMIT,1701101005549,9,53.8717
SOLUSDT,SELL,LIMIT,1701101007048,4,53.6126
SOLUSDT,SELL,LIMIT,1701101025252,212,53.6528
SOLUSDT,SELL,LIMIT,1701101074310,33,53.7953
SOLUSDT,SELL,LIMIT,1701101082095,4,53.7699
SOLUSDT,SELL,LIMIT,1701101142343,3,53.7066
SOLUSDT,SELL,LIMIT,1701101174315,18,53.7485
SOLUSDT,BUY,LIMIT,1701101423360,12,54.6990
SOLUSDT,BUY,LIMIT,1701101889775,13,54.8456
SOLUSDT,BUY,LIMIT,1701101905630,82,54.8613
SOLUSDT,BUY,LIMIT,1701101938157,184,54.8507
SOLUSDT,BUY,LIMIT,1701101960273,39,54.8875
SOLUSDT,SELL,LIMIT,1701102013568,7,54.1311
SOLUSDT,BUY,LIMIT,1701102021369,27,54.8073
SOLUSDT,SELL,LIMIT,1701102067099,8,54.0276
SOLUSDT,SELL,LIMIT,1701102077026,52,53.9766
SOLUSDT,SELL,LIMIT,1701102138516,3,53.8597
SOLUSDT,SELL,LIMIT,1701102236738,2,53.7957
SOLUSDT,BUY,LIMIT,1701103402490,13,54.8250
SOLUSDT,BUY,LIMIT,1701103445929,11,54.8383
SOLUSDT,BUY,LIMIT,1701103450172,10,54.8993
SOLUSDT,BUY,LIMIT,1701103477515,56,54.8188
SOLUSDT,BUY,LIMIT,1701103542033,26,55.0047
SOLUSDT,BUY,LIMIT,1701103544014,20,55.0076
SOLUSDT,BUY,LIMIT,1701104293076,50,55.0970
SOLUSDT,BUY,LIMIT,1701104294134,1,55.0856
SOLUSDT,BUY,LIMIT,1701104317763,6,55.1363
SOLUSDT,BUY,LIMIT,1701104321533,15,55.1730
SOLUSDT,BUY,LIMIT,1701104390147,11,55.1937
SOLUSDT,BUY,LIMIT,1701104413598,11,55.2157
SOLUSDT,BUY,LIMIT,1701104760619,31,55.0772
SOLUSDT,BUY,LIMIT,1701104833204,40,55.2880
SOLUSDT,BUY,LIMIT,1701104916680,1,55.3428
SOLUSDT,BUY,LIMIT,1701105019206,18,55.3690
SOLUSDT,BUY,LIMIT,1701105020244,164,55.3720
SOLUSDT,BUY,LIMIT,1701105030106,1,55.3994
SOLUSDT,BUY,LIMIT,1701105034047,43,55.4133
SOLUSDT,BUY,LIMIT,1701105053488,11,55.4159
SOLUSDT,BUY,LIMIT,1701105079260,2,55.4391
SOLUSDT,BUY,LIMIT,1701105081166,1,55.4477
SOLUSDT,BUY,LIMIT,1701105087154,1,55.4631
SOLUSDT,BUY,LIMIT,1701105088191,15,55.4643
SOLUSDT,SELL,LIMIT,1701106951831,18,54.3872
SOLUSDT,SELL,LIMIT,1701107049980,8,54.3515
SOLUSDT,SELL,LIMIT,1701107146024,25,54.3278
SOLUSDT,SELL,LIMIT,1701107169330,32,54.3156
SOLUSDT,SELL,LIMIT,1701107243140,2,54.3123
SOLUSDT,SELL,LIMIT,1701107256035,3,54.3072
SOLUSDT,SELL,LIMIT,1701107267520,5,54.2947
SOLUSDT,SELL,LIMIT,1701107395583,32,54.2359
SOLUSDT,SELL,LIMIT,1701107400169,1,54.2274
SOLUSDT,SELL,LIMIT,1701107408284,70,54.2165
SOLUSDT,SELL,LIMIT,1701107409421,4,54.2174
SOLUSDT,SELL,LIMIT,1701107410821,22,54.1971
SOLUSDT,SELL,LIMIT,1701107441084,81,54.1612
SOLUSDT,SELL,LIMIT,1701107444288,53,54.1552
SOLUSDT,SELL,LIMIT,1701107452213,5,54.1360
SOLUSDT,SELL,LIMIT,1701107471112,16,54.0900
SOLUSDT,SELL,LIMIT,1701107473596,3,54.0875
SOLUSDT,SELL,LIMIT,1701107475359,74,54.0792
SOLUSDT,SELL,LIMIT,1701107566462,14,54.0616
SOLUSDT,SELL,LIMIT,1701107632246,6,54.0441
SOLUSDT,SELL,LIMIT,1701107633285,4,54.0291
SOLUSDT,SELL,LIMIT,1701108931603,12,54.1968
SOLUSDT,BUY,LIMIT,1701111066650,61,54.8076
SOLUSDT,SELL,LIMIT,1701111107603,8,54.0794
SOLUSDT,SELL,LIMIT,1701111146105,125,53.9777
SOLUSDT,SELL,LIMIT,1701111147338,7,53.9842
SOLUSDT,SELL,LIMIT,1701111192012,13,53.9500
SOLUSDT,SELL,LIMIT,1701111220087,4,53.9084
SOLUSDT,SELL,LIMIT,1701111233581,357,53.8066
SOLUSDT,SELL,LIMIT,1701111239815,6,53.8929
SOLUSDT,SELL,LIMIT,1701111396029,2,53.9109
SOLUSDT,SELL,LIMIT,1701111519314,8,53.8837
SOLUSDT,SELL,LIMIT,1701111549103,45,53.8640
SOLUSDT,SELL,LIMIT,1701111553200,1,53.8618
SOLUSDT,SELL,LIMIT,1701111555300,11,53.8784
SOLUSDT,SELL,LIMIT,1701111558443,1,53.8501
SOLUSDT,SELL,LIMIT,1701111559597,141,53.8465
SOLUSDT,SELL,LIMIT,1701111564340,8,53.8149
SOLUSDT,SELL,LIMIT,1701111565502,58,53.7821
SOLUSDT,SELL,LIMIT,1701111571662,63,53.7712
SOLUSDT,SELL,LIMIT,1701111573503,8,53.7601
SOLUSDT,SELL,LIMIT,1701111613109,36,53.7212
SOLUSDT,SELL,LIMIT,1701111629060,8,53.7767
SOLUSDT,SELL,LIMIT,1701111647262,15,53.7385
SOLUSDT,SELL,LIMIT,1701111858453,77,54.0047
SOLUSDT,SELL,LIMIT,1701111994157,52,53.9073
SOLUSDT,SELL,LIMIT,1701112080721,1,53.8951
SOLUSDT,SELL,LIMIT,1701112194715,2,53.8649
SOLUSDT,BUY,LIMIT,1701113585859,1,54.9313
SOLUSDT,BUY,LIMIT,1701113603364,1,54.9596
SOLUSDT,BUY,LIMIT,1701113604414,3,54.9472
SOLUSDT,SELL,LIMIT,1701114144912,1,53.9490
SOLUSDT,SELL,LIMIT,1701114161363,1,53.8869
SOLUSDT,SELL,LIMIT,1701114162532,53,53.8288
SOLUSDT,BUY,LIMIT,1701114163867,94,54.5263
SOLUSDT,SELL,LIMIT,1701114191890,3,53.7943
SOLUSDT,SELL,LIMIT,1701114193483,160,53.7743
SOLUSDT,SELL,LIMIT,1701114205080,2,53.7326
SOLUSDT,SELL,LIMIT,1701114228095,61,53.7147
SOLUSDT,SELL,LIMIT,1701114229286,56,53.6917
SOLUSDT,SELL,LIMIT,1701114232486,11,53.6876
SOLUSDT,SELL,LIMIT,1701114233666,25,53.6842
SOLUSDT,SELL,LIMIT,1701114236312,1,53.6924
SOLUSDT,SELL,LIMIT,1701114238246,139,53.6556
SOLUSDT,SELL,LIMIT,1701114239492,2,53.6394
SOLUSDT,SELL,LIMIT,1701114240896,2,53.6254
SOLUSDT,SELL,LIMIT,1701114261834,2,53.6312
SOLUSDT,SELL,LIMIT,1701114263874,13,53.6292
SOLUSDT,SELL,LIMIT,1701114265627,9,53.6235
SOLUSDT,SELL,LIMIT,1701114274546,24,53.6261
SOLUSDT,SELL,LIMIT,1701114278739,13,53.6227
SOLUSDT,SELL,LIMIT,1701114343100,5,53.6125
SOLUSDT,SELL,LIMIT,1701114344302,2,53.6118
SOLUSDT,SELL,LIMIT,1701114351416,50,53.6229
SOLUSDT,SELL,LIMIT,1701114352848,2,53.6142
SOLUSDT,SELL,LIMIT,1701114353883,139,53.6150
SOLUSDT,SELL,LIMIT,1701114356087,22,53.6070
SOLUSDT,SELL,LIMIT,1701114357470,55,53.5726
SOLUSDT,SELL,LIMIT,1701114358483,48,53.5640
SOLUSDT,SELL,LIMIT,1701114372010,7,53.6099
SOLUSDT,SELL,LIMIT,1701114379975,3,53.5544
SOLUSDT,SELL,LIMIT,1701114382097,4,53.5436
SOLUSDT,SELL,LIMIT,1701114396568,36,53.5347
SOLUSDT,SELL,LIMIT,1701114443995,917,53.3769
SOLUSDT,SELL,LIMIT,1701114451075,70,53.5147
SOLUSDT,SELL,LIMIT,1701114452212,334,53.4356
SOLUSDT,SELL,LIMIT,1701114453303,1,53.4930
SOLUSDT,SELL,LIMIT,1701114454290,188,53.4300
SOLUSDT,SELL,LIMIT,1701114455387,58,53.4666
SOLUSDT,SELL,LIMIT,1701114456393,14,53.3995
SOLUSDT,SELL,LIMIT,1701114457459,1,53.3920
SOLUSDT,SELL,LIMIT,1701114458898,9,53.3794
SOLUSDT,SELL,LIMIT,1701114460094,54,53.3606
SOLUSDT,SELL,LIMIT,1701114462148,57,53.3525
SOLUSDT,SELL,LIMIT,1701114463156,3,53.3385
SOLUSDT,SELL,LIMIT,1701114464199,15,53.3434
SOLUSDT,SELL,LIMIT,1701114465449,1,53.3128
SOLUSDT,SELL,LIMIT,1701114466490,240,53.2256
SOLUSDT,SELL,LIMIT,1701114468104,4,53.2487
SOLUSDT,SELL,LIMIT,1701114469110,2,53.2354
SOLUSDT,SELL,LIMIT,1701114470348,608,53.0984
SOLUSDT,SELL,LIMIT,1701114471370,28,53.2062
SOLUSDT,SELL,LIMIT,1701114472807,1,53.1988
SOLUSDT,SELL,LIMIT,1701114473932,558,53.0628
SOLUSDT,SELL,LIMIT,1701114475415,72,53.1931
SOLUSDT,SELL,LIMIT,1701114476410,9,53.1854
SOLUSDT,SELL,LIMIT,1701114477464,19,53.1571
SOLUSDT,SELL,LIMIT,1701114490650,1,53.2192
SOLUSDT,SELL,LIMIT,1701114492047,2,53.3126
SOLUSDT,SELL,LIMIT,1701114496064,3,53.1748
SOLUSDT,SELL,LIMIT,1701114497092,1,53.1523
SOLUSDT,SELL,LIMIT,1701114498170,25,53.1610
SOLUSDT,SELL,LIMIT,1701114499724,12,53.1496
SOLUSDT,SELL,LIMIT,1701114512230,5,53.2462
SOLUSDT,BUY,LIMIT,1701114737787,26,54.2742
SOLUSDT,BUY,LIMIT,1701115180429,2,54.4573
SOLUSDT,BUY,LIMIT,1701115188396,4,54.4628
SOLUSDT,BUY,LIMIT,1701115269494,13,54.5441
SOLUSDT,BUY,LIMIT,1701115283687,1,54.6078
SOLUSDT,BUY,LIMIT,1701115289242,151,54.6757
SOLUSDT,BUY,LIMIT,1701115301390,104,54.7416
SOLUSDT,SELL,LIMIT,1701115597022,64,53.6704
SOLUSDT,SELL,LIMIT,1701115599472,21,53.6487
SOLUSDT,SELL,LIMIT,1701116135884,11,53.6626
SOLUSDT,SELL,LIMIT,1701116140627,131,53.6512
SOLUSDT,SELL,LIMIT,1701116142239,115,53.6424
SOLUSDT,SELL,LIMIT,1701116606312,26,53.6226
SOLUSDT,SELL,LIMIT,1701116634865,24,53.6459
SOLUSDT,SELL,LIMIT,1701116680096,1,53.5989
SOLUSDT,SELL,LIMIT,1701116768461,33,53.5304
SOLUSDT,SELL,LIMIT,1701116827958,71,53.5062
SOLUSDT,SELL,LIMIT,1701116829281,4,53.4737
SOLUSDT,SELL,LIMIT,1701116830835,9,53.4468
SOLUSDT,SELL,LIMIT,1701116836794,27,53.3800
SOLUSDT,SELL,LIMIT,1701116914375,1,53.3561
SOLUSDT,SELL,LIMIT,1701117032709,22,53.4545
SOLUSDT,SELL,LIMIT,1701117197689,36,53.5348
SOLUSDT,BUY,LIMIT,1701118242020,36,54.4193
SOLUSDT,BUY,LIMIT,1701118255380,6,54.4342
SOLUSDT,BUY,LIMIT,1701118257493,4,54.4623
SOLUSDT,BUY,LIMIT,1701118279155,18,54.4764
SOLUSDT,BUY,LIMIT,1701118284340,78,54.4859
SOLUSDT,BUY,LIMIT,1701118285644,41,54.4932
SOLUSDT,BUY,LIMIT,1701118457591,1,54.3912
SOLUSDT,BUY,LIMIT,1701119161948,6,54.5499
SOLUSDT,BUY,LIMIT,1701119213182,93,54.5992
SOLUSDT,BUY,LIMIT,1701119297665,1,54.6766
SOLUSDT,BUY,LIMIT,1701119446521,61,54.7250
SOLUSDT,BUY,LIMIT,1701119513066,1,54.7376
SOLUSDT,BUY,LIMIT,1701119533442,27,54.7557
SOLUSDT,BUY,LIMIT,1701119704109,80,54.7782
SOLUSDT,BUY,LIMIT,1701119759786,1,54.7990
SOLUSDT,BUY,LIMIT,1701119762596,13,54.8079
SOLUSDT,BUY,LIMIT,1701119883300,13,54.8525
SOLUSDT,BUY,LIMIT,1701119916740,5,54.8809
SOLUSDT,BUY,LIMIT,1701119918719,39,54.8911
SOLUSDT,BUY,LIMIT,1701119960931,22,54.9340
SOLUSDT,SELL,LIMIT,1701120771959,27,54.1816
SOLUSDT,BUY,LIMIT,1701120863207,40,55.0067
SOLUSDT,BUY,LIMIT,1701120878791,184,55.0483
SOLUSDT,BUY,LIMIT,1701120881833,105,55.0677
SOLUSDT,SELL,LIMIT,1701121736804,1,54.2614
SOLUSDT,BUY,LIMIT,1701121839443,55,54.9081
SOLUSDT,SELL,LIMIT,1701122212945,22,54.1796
SOLUSDT,BUY,LIMIT,1701122267154,19,54.9075
SOLUSDT,SELL,LIMIT,1701122311083,178,54.2638
SOLUSDT,BUY,LIMIT,1701122780612,1,54.8950
SOLUSDT,SELL,LIMIT,1701122900428,1000,54.0403
SOLUSDT,BUY,LIMIT,1701123160285,9,54.7988
SOLUSDT,SELL,LIMIT,1701123738899,6,53.9703
SOLUSDT,BUY,LIMIT,1701126091911,39,55.1261
SOLUSDT,BUY,LIMIT,1701126093150,124,55.1691
SOLUSDT,BUY,LIMIT,1701126095132,76,55.1819
SOLUSDT,BUY,LIMIT,1701126096687,21,55.2095
SOLUSDT,BUY,LIMIT,1701126146508,1,55.2226
SOLUSDT,BUY,LIMIT,1701126148258,18,55.2344
SOLUSDT,BUY,LIMIT,1701126149404,15,55.2364
SOLUSDT,BUY,LIMIT,1701126549979,189,55.1298
SOLUSDT,BUY,LIMIT,1701126637510,918,55.3015
SOLUSDT,BUY,LIMIT,1701126640530,1,55.1581
SOLUSDT,BUY,LIMIT,1701126853721,2,55.2532
SOLUSDT,BUY,LIMIT,1701126905008,110,55.2731
SOLUSDT,BUY,LIMIT,1701126909608,2,55.2768
SOLUSDT,BUY,LIMIT,1701126992307,52,55.3001
SOLUSDT,BUY,LIMIT,1701127026196,182,55.3216
SOLUSDT,BUY,LIMIT,1701127027407,11,55.3333
SOLUSDT,BUY,LIMIT,1701127478778,2,55.1609
SOLUSDT,BUY,LIMIT,1701127480728,1,55.3513
SOLUSDT,BUY,LIMIT,1701127490225,34,55.3654
SOLUSDT,BUY,LIMIT,1701127491454,121,55.3887
SOLUSDT,BUY,LIMIT,1701127498549,43,55.4319
SOLUSDT,BUY,LIMIT,1701128017396,4,55.4787
SOLUSDT,BUY,LIMIT,1701128048280,69,55.4864
SOLUSDT,BUY,LIMIT,1701128087824,92,55.4931
SOLUSDT,BUY,LIMIT,1701128256553,121,55.4350
SOLUSDT,BUY,LIMIT,1701128326133,75,55.4400
SOLUSDT,SELL,LIMIT,1701130472470,6,54.3906
SOLUSDT,BUY,LIMIT,1701130963531,19,55.4682
SOLUSDT,BUY,LIMIT,1701130982052,4,55.4770
SOLUSDT,BUY,LIMIT,1701131070193,1,55.5049
SOLUSDT,BUY,LIMIT,1701131073224,3,55.5316
SOLUSDT,BUY,LIMIT,1701131102111,2,55.5458
SOLUSDT,BUY,LIMIT,1701131103163,27,55.5532
SOLUSDT,BUY,LIMIT,1701131105202,7,55.5652
SOLUSDT,BUY,LIMIT,1701131107497,27,55.5805
SOLUSDT,BUY,LIMIT,1701131564283,350,55.6848
SOLUSDT,BUY,LIMIT,1701131691331,10,55.4899
SOLUSDT,BUY,LIMIT,1701131732534,1,55.6265
SOLUSDT,BUY,LIMIT,1701131779521,2,55.6350
SOLUSDT,BUY,LIMIT,1701131868147,11,55.6427
SOLUSDT,BUY,LIMIT,1701131869387,13,55.6558
SOLUSDT,BUY,LIMIT,1701131901391,2,55.6835
SOLUSDT,BUY,LIMIT,1701131913033,6,55.6969
SOLUSDT,BUY,LIMIT,1701131932278,26,55.7127
SOLUSDT,BUY,LIMIT,1701132138236,5,55.7168
SOLUSDT,BUY,LIMIT,1701132141343,8,55.7413
SOLUSDT,BUY,LIMIT,1701132230391,6,55.6976
SOLUSDT,SELL,LIMIT,1701132909029,18,54.9075
SOLUSDT,SELL,LIMIT,1701135637091,42,54.7601
SOLUSDT,SELL,LIMIT,1701136898986,3,54.6056
SOLUSDT,SELL,LIMIT,1701136906416,6,54.6023
SOLUSDT,SELL,LIMIT,1701136921404,4,54.5497
SOLUSDT,SELL,LIMIT,1701136925369,26,54.5472
SOLUSDT,SELL,LIMIT,1701136926371,169,54.5418
SOLUSDT,SELL,LIMIT,1701136940047,15,54.7849
SOLUSDT,SELL,LIMIT,1701137019362,40,54.4625
SOLUSDT,SELL,LIMIT,1701137023580,12,54.4431
SOLUSDT,SELL,LIMIT,1701137029030,54,54.4167
SOLUSDT,SELL,LIMIT,1701137030357,44,54.4085
SOLUSDT,SELL,LIMIT,1701137217935,7,54.4090
SOLUSDT,SELL,LIMIT,1701137230079,2,54.4005
SOLUSDT,SELL,LIMIT,1701137238791,27,54.3674
SOLUSDT,SELL,LIMIT,1701137240036,390,54.2657
SOLUSDT,SELL,LIMIT,1701137241606,6,54.3479
SOLUSDT,SELL,LIMIT,1701137244191,13,54.3257
SOLUSDT,SELL,LIMIT,1701137245241,10,54.3435
SOLUSDT,SELL,LIMIT,1701137249600,34,54.2960
SOLUSDT,SELL,LIMIT,1701137432024,12,54.3113
SOLUSDT,SELL,LIMIT,1701137486810,4,54.2735
SOLUSDT,BUY,LIMIT,1701139048232,37,55.3722
SOLUSDT,BUY,LIMIT,1701139091143,71,55.4072
SOLUSDT,BUY,LIMIT,1701140948615,43,55.3942
SOLUSDT,BUY,LIMIT,1701144459134,1,55.5002
SOLUSDT,BUY,LIMIT,1701144461553,91,55.5197
SOLUSDT,BUY,LIMIT,1701144494426,38,55.5482
SOLUSDT,BUY,LIMIT,1701144586802,104,55.5772
SOLUSDT,BUY,LIMIT,1701144588258,4,55.5927
SOLUSDT,BUY,LIMIT,1701144615430,30,55.6311
SOLUSDT,BUY,LIMIT,1701144668090,56,55.6468
SOLUSDT,BUY,LIMIT,1701144673440,145,55.6497
SOLUSDT,BUY,LIMIT,1701144717528,3,55.6520
SOLUSDT,SELL,LIMIT,1701145800717,1,54.5358
SOLUSDT,SELL,LIMIT,1701146035093,29,54.4409
SOLUSDT,SELL,LIMIT,1701146036608,9,54.4363
SOLUSDT,SELL,LIMIT,1701146058437,5,54.4240
SOLUSDT,SELL,LIMIT,1701146890759,1,54.3600
SOLUSDT,SELL,LIMIT,1701146911444,4,54.3089
SOLUSDT,SELL,LIMIT,1701146912965,119,54.3073
SOLUSDT,SELL,LIMIT,1701146956278,105,54.2764
SOLUSDT,SELL,LIMIT,1701146957598,343,54.1542
SOLUSDT,SELL,LIMIT,1701146959119,43,54.2278
SOLUSDT,SELL,LIMIT,1701146960291,13,54.2294
SOLUSDT,SELL,LIMIT,1701147648676,2,54.3303
SOLUSDT,SELL,LIMIT,1701147876697,180,54.1832
SOLUSDT,SELL,LIMIT,1701147879525,3,54.1711
SOLUSDT,SELL,LIMIT,1701147881179,157,54.1698
SOLUSDT,SELL,LIMIT,1701147890109,11,54.1533
SOLUSDT,SELL,LIMIT,1701147894183,181,54.0738
SOLUSDT,SELL,LIMIT,1701147991602,27,54.0535
SOLUSDT,SELL,LIMIT,1701148007959,247,53.9955
SOLUSDT,SELL,LIMIT,1701148034244,38,53.9944
SOLUSDT,SELL,LIMIT,1701148116505,3,53.9583
SOLUSDT,SELL,LIMIT,1701148118119,3,53.9385
SOLUSDT,SELL,LIMIT,1701148122718,182,53.9240
SOLUSDT,SELL,LIMIT,1701148124335,26,53.9165
SOLUSDT,SELL,LIMIT,1701148126109,6,53.9061
SOLUSDT,SELL,LIMIT,1701148129183,1,53.8938
SOLUSDT,SELL,LIMIT,1701148130871,7,53.8839
SOLUSDT,SELL,LIMIT,1701148132892,82,53.8787
SOLUSDT,SELL,LIMIT,1701148134109,100,53.8561
SOLUSDT,SELL,LIMIT,1701148135213,4,53.8610
SOLUSDT,SELL,LIMIT,1701148136566,1,53.8556
SOLUSDT,SELL,LIMIT,1701148162065,5,53.8982
SOLUSDT,SELL,LIMIT,1701148201546,10,53.8435
SOLUSDT,SELL,LIMIT,1701148216636,6,53.8413
SOLUSDT,SELL,LIMIT,1701148218201,6,53.8287
SOLUSDT,SELL,LIMIT,1701148219179,181,53.8195
SOLUSDT,SELL,LIMIT,1701148220228,2,53.7954
SOLUSDT,SELL,LIMIT,1701148238095,3,53.7748
SOLUSDT,SELL,LIMIT,1701148239114,1,53.7740
SOLUSDT,SELL,LIMIT,1701148241608,9,53.7568
SOLUSDT,SELL,LIMIT,1701148245049,4,53.7449
SOLUSDT,SELL,LIMIT,1701148247293,435,53.6228
SOLUSDT,SELL,LIMIT,1701148972237,4,53.8284
SOLUSDT,SELL,LIMIT,1701149057555,5,53.8249
SOLUSDT,SELL,LIMIT,1701149061240,1,53.8235
SOLUSDT,SELL,LIMIT,1701149081908,57,53.8188
SOLUSDT,SELL,LIMIT,1701149111721,20,53.8110
SOLUSDT,SELL,LIMIT,1701149771344,3,53.9182
SOLUSDT,SELL,LIMIT,1701149773133,27,53.8820
SOLUSDT,SELL,LIMIT,1701149843611,1,53.8280
SOLUSDT,SELL,LIMIT,1701149846233,181,53.8168
SOLUSDT,SELL,LIMIT,1701149851062,11,53.8010
SOLUSDT,SELL,LIMIT,1701149852390,91,53.7548
SOLUSDT,SELL,LIMIT,1701149880209,100,53.7569
SOLUSDT,SELL,LIMIT,1701149881530,1,53.7257
SOLUSDT,SELL,LIMIT,1701149887161,3,53.7104
SOLUSDT,SELL,LIMIT,1701149890351,11,53.7271
SOLUSDT,SELL,LIMIT,1701149892129,2,53.6651
SOLUSDT,SELL,LIMIT,1701149893176,24,53.6889
SOLUSDT,BUY,LIMIT,1701150075972,28,54.7534
SOLUSDT,SELL,LIMIT,1701150684438,1,54.5849
SOLUSDT,SELL,LIMIT,1701151247416,7,53.6600
SOLUSDT,SELL,LIMIT,1701151258958,2,53.6413
SOLUSDT,SELL,LIMIT,1701151263536,294,53.5596
SOLUSDT,SELL,LIMIT,1701151280367,14,53.6440
SOLUSDT,BUY,LIMIT,1701151997823,6,54.7873
SOLUSDT,BUY,LIMIT,1701152159055,4,54.8091
SOLUSDT,BUY,LIMIT,1701152312277,57,54.8684
SOLUSDT,BUY,LIMIT,1701152313289,183,54.8685
SOLUSDT,BUY,LIMIT,1701152341130,28,54.8720
SOLUSDT,BUY,LIMIT,1701152360495,14,54.9078
SOLUSDT,BUY,LIMIT,1701153214185,6,54.9665
SOLUSDT,BUY,LIMIT,1701153316267,1,55.0474
SOLUSDT,BUY,LIMIT,1701153331780,24,55.0813
SOLUSDT,BUY,LIMIT,1701153339863,34,55.1048
SOLUSDT,BUY,LIMIT,1701153399052,111,55.1672
SOLUSDT,BUY,LIMIT,1701154650271,7,55.2052
SOLUSDT,BUY,LIMIT,1701154672068,1,55.2560
SOLUSDT,BUY,LIMIT,1701154717669,13,55.2956
SOLUSDT,BUY,LIMIT,1701154735546,11,55.3506
SOLUSDT,BUY,LIMIT,1701155177723,6,55.3882
SOLUSDT,BUY,LIMIT,1701155185780,15,55.4185
SOLUSDT,BUY,LIMIT,1701155186982,186,55.4291
SOLUSDT,BUY,LIMIT,1701155195978,138,55.4398
SOLUSDT,BUY,LIMIT,1701155217478,146,55.4753
SOLUSDT,BUY,LIMIT,1701155224810,1,55.4910
SOLUSDT,BUY,LIMIT,1701155227243,2,55.5058
SOLUSDT,SELL,LIMIT,1701155596278,5,54.6565
SOLUSDT,SELL,LIMIT,1701155629440,18,54.6233
SOLUSDT,SELL,LIMIT,1701156291025,7,54.3446
SOLUSDT,SELL,LIMIT,1701156316308,68,54.3140
SOLUSDT,SELL,LIMIT,1701156366536,9,54.2810
SOLUSDT,SELL,LIMIT,1701156372318,17,54.2641
SOLUSDT,SELL,LIMIT,1701156382105,2,54.2540
SOLUSDT,SELL,LIMIT,1701156386045,2,54.2443
SOLUSDT,SELL,LIMIT,1701156518642,5,54.1799
SOLUSDT,SELL,LIMIT,1701156551114,1,54.1317
SOLUSDT,SELL,LIMIT,1701156561945,11,54.1127
SOLUSDT,BUY,LIMIT,1701156758942,1,55.1840
SOLUSDT,BUY,LIMIT,1701156968500,17,55.2724
SOLUSDT,BUY,LIMIT,1701157316974,19,55.3402
SOLUSDT,BUY,LIMIT,1701158033174,92,55.4931
SOLUSDT,BUY,LIMIT,1701158119051,39,55.5836
SOLUSDT,BUY,LIMIT,1701158120208,6,55.5884
SOLUSDT,SELL,LIMIT,1701159704619,9,54.4663
SOLUSDT,BUY,LIMIT,1701160588108,38,55.5537
SOLUSDT,SELL,LIMIT,1701162058040,6,54.3741
SOLUSDT,SELL,LIMIT,1701162065254,33,54.3310
SOLUSDT,BUY,LIMIT,1701163812054,1,55.4883
SOLUSDT,BUY,LIMIT,1701164220354,33,55.5210
SOLUSDT,BUY,LIMIT,1701164229767,16,55.5478
SOLUSDT,BUY,LIMIT,1701164245058,66,55.5607
SOLUSDT,BUY,LIMIT,1701164272443,1,55.6548
SOLUSDT,BUY,LIMIT,1701164273807,8,55.6583
SOLUSDT,BUY,LIMIT,1701164280813,6,55.7001
SOLUSDT,BUY,LIMIT,1701164282148,7,55.7483
SOLUSDT,BUY,LIMIT,1701164283272,6,55.7142
SOLUSDT,BUY,LIMIT,1701164284374,5,55.7874
SOLUSDT,BUY,LIMIT,1701164293067,6,55.8205
SOLUSDT,BUY,LIMIT,1701164294361,1,55.8170
SOLUSDT,BUY,LIMIT,1701164295363,30,55.8571
SOLUSDT,BUY,LIMIT,1701164296397,3,55.8339
SOLUSDT,BUY,LIMIT,1701164298705,1,55.8601
SOLUSDT,BUY,LIMIT,1701164300342,14,55.8787
SOLUSDT,BUY,LIMIT,1701164301487,150,55.8835
SOLUSDT,BUY,LIMIT,1701164343050,184,55.6851
SOLUSDT,BUY,LIMIT,1701164364400,3,55.8836
SOLUSDT,BUY,LIMIT,1701164400383,121,55.8987
SOLUSDT,BUY,LIMIT,1701164410983,1,55.9163
SOLUSDT,BUY,LIMIT,1701164415155,7,55.9716
SOLUSDT,BUY,LIMIT,1701164416251,10,55.9764
SOLUSDT,BUY,LIMIT,1701164417260,32,55.9771
SOLUSDT,BUY,LIMIT,1701164418387,23,56.0015
SOLUSDT,BUY,LIMIT,1701164421009,4,56.0060
SOLUSDT,BUY,LIMIT,1701164429156,54,56.0341
SOLUSDT,BUY,LIMIT,1701164433243,4,56.0419
SOLUSDT,BUY,LIMIT,1701164435081,65,56.0486
SOLUSDT,BUY,LIMIT,1701164436204,3,56.0613
SOLUSDT,BUY,LIMIT,1701164438132,2,56.0857
SOLUSDT,BUY,LIMIT,1701164439198,40,56.1055
SOLUSDT,BUY,LIMIT,1701164473131,136,56.0827
SOLUSDT,BUY,LIMIT,1701164478980,2,56.1001
SOLUSDT,BUY,LIMIT,1701164480598,8,56.1100
SOLUSDT,BUY,LIMIT,1701165342012,1,55.8210
SOLUSDT,SELL,LIMIT,1701165880254,110,54.9856
SOLUSDT,SELL,LIMIT,1701165896153,21,54.9755
SOLUSDT,SELL,LIMIT,1701165918784,11,54.9429
SOLUSDT,BUY,LIMIT,1701167756314,41,56.0478
SOLUSDT,BUY,LIMIT,1701167778235,7,56.0728
SOLUSDT,BUY,LIMIT,1701169147247,408,56.2314
SOLUSDT,BUY,LIMIT,1701169148303,1,56.1568
SOLUSDT,BUY,LIMIT,1701169149321,1829,56.4145
SOLUSDT,BUY,LIMIT,1701169150652,10,56.2106
SOLUSDT,BUY,LIMIT,1701169155177,11,56.2251
SOLUSDT,BUY,LIMIT,1701169157632,14,56.2413
SOLUSDT,BUY,LIMIT,1701169161326,7,56.2459
SOLUSDT,BUY,LIMIT,1701170309027,5,56.2632
SOLUSDT,BUY,LIMIT,1701170336784,22,56.2650
SOLUSDT,BUY,LIMIT,1701170337954,13,56.3361
SOLUSDT,SELL,LIMIT,1701170707801,17,55.5712
SOLUSDT,BUY,LIMIT,1701171132598,100,56.3441
SOLUSDT,BUY,LIMIT,1701171480237,1,56.1119
SOLUSDT,BUY,LIMIT,1701172244199,164,56.3549
SOLUSDT,BUY,LIMIT,1701172315161,1,56.3820
SOLUSDT,BUY,LIMIT,1701172316495,22,56.3793
SOLUSDT,BUY,LIMIT,1701172342644,95,56.3957
SOLUSDT,BUY,LIMIT,1701172343707,1,56.4125
SOLUSDT,BUY,LIMIT,1701172356100,18,56.4317
SOLUSDT,BUY,LIMIT,1701172357412,81,56.4323
SOLUSDT,BUY,LIMIT,1701172361976,11,56.4358
SOLUSDT,BUY,LIMIT,1701172377454,2,56.4419
SOLUSDT,BUY,LIMIT,1701172378574,7,56.4808
SOLUSDT,BUY,LIMIT,1701172385140,25,56.4986
SOLUSDT,BUY,LIMIT,1701172390284,314,56.6111
SOLUSDT,BUY,LIMIT,1701172391909,311,56.6114
SOLUSDT,BUY,LIMIT,1701172439142,63,56.5476
SOLUSDT,BUY,LIMIT,1701172460952,2,56.5644
SOLUSDT,BUY,LIMIT,1701172480641,20,56.5689
SOLUSDT,BUY,LIMIT,1701172481720,50,56.5790
SOLUSDT,BUY,LIMIT,1701172516429,7,56.5995
SOLUSDT,BUY,LIMIT,1701172519183,24,56.6187
SOLUSDT,BUY,LIMIT,1701172526477,3,56.6405
SOLUSDT,BUY,LIMIT,1701172534254,177,56.6517
SOLUSDT,BUY,LIMIT,1701172535374,1,56.6627
SOLUSDT,BUY,LIMIT,1701172536449,14,56.6731
SOLUSDT,BUY,LIMIT,1701172539183,6,56.6830
SOLUSDT,SELL,LIMIT,1701174244918,1,55.5347
SOLUSDT,SELL,LIMIT,1701175743759,26,55.4903
SOLUSDT,SELL,LIMIT,1701175759056,40,55.4734
SOLUSDT,SELL,LIMIT,1701175940028,123,55.4475
SOLUSDT,SELL,LIMIT,1701175941292,172,55.4440
SOLUSDT,SELL,LIMIT,1701176021925,73,55.4275
SOLUSDT,SELL,LIMIT,1701176607753,5,55.3387
SOLUSDT,SELL,LIMIT,1701176618777,2,55.3249
SOLUSDT,SELL,LIMIT,1701176676394,30,55.3021
SOLUSDT,SELL,LIMIT,1701176678291,9,55.3018
SOLUSDT,SELL,LIMIT,1701176703331,19,55.2874
SOLUSDT,SELL,LIMIT,1701176729226,4,55.2806
SOLUSDT,SELL,LIMIT,1701176730379,1,55.2765
SOLUSDT,SELL,LIMIT,1701176740627,65,55.2679
SOLUSDT,SELL,LIMIT,1701176744065,6,55.2518
SOLUSDT,BUY,LIMIT,1701178013241,3,56.3469
SOLUSDT,BUY,LIMIT,1701178026299,4,56.3813
SOLUSDT,BUY,LIMIT,1701178264185,20,56.4380
SOLUSDT,BUY,LIMIT,1701178272332,1,56.4467
SOLUSDT,BUY,LIMIT,1701178275275,1,56.4506
SOLUSDT,BUY,LIMIT,1701178277278,1,56.4552
SOLUSDT,BUY,LIMIT,1701178322742,3,56.4621
SOLUSDT,BUY,LIMIT,1701178328289,9,56.4688
SOLUSDT,BUY,LIMIT,1701178331074,2,56.4817
SOLUSDT,BUY,LIMIT,1701178360310,8,56.5109
SOLUSDT,BUY,LIMIT,1701179174328,13,56.5379
SOLUSDT,BUY,LIMIT,1701179215867,54,56.5435
SOLUSDT,BUY,LIMIT,1701179224137,3,56.5607
SOLUSDT,BUY,LIMIT,1701179583331,27,56.5347
SOLUSDT,BUY,LIMIT,1701179594314,3,56.5885
SOLUSDT,BUY,LIMIT,1701179603594,8,56.6041
SOLUSDT,BUY,LIMIT,1701179614073,36,56.6369
SOLUSDT,BUY,LIMIT,1701179617276,2,56.6541
SOLUSDT,BUY,LIMIT,1701179624587,4,56.6623
SOLUSDT,BUY,LIMIT,1701179626998,89,56.6791
SOLUSDT,BUY,LIMIT,1701179668889,180,56.6828
SOLUSDT,BUY,LIMIT,1701179675885,2,56.6865
SOLUSDT,BUY,LIMIT,1701179684302,34,56.6982
