Symbol,Side,Order Type,Time,Quantity,Price
SOLUSDT,SELL,LIMIT,1701917573751,8,62.5010
SOLUSDT,BUY,LIMIT,1701917602292,4,63.3737
SOLUSDT,SELL,LIMIT,1701918450921,31,62.1962
SOLUSDT,SELL,LIMIT,1701918501172,45,62.1844
SOLUSDT,SELL,LIMIT,1701918503819,42,62.1561
SOLUSDT,SELL,LIMIT,1701918518593,4,62.1105
SOLUSDT,SELL,LIMIT,1701918521329,2,62.1696
SOLUSDT,SELL,LIMIT,1701918523249,5,62.0831
SOLUSDT,SELL,LIMIT,1701918552529,25,62.1192
SOLUSDT,SELL,LIMIT,1701918608265,4,62.0579
SOLUSDT,SELL,LIMIT,1701918615130,3,62.0298
SOLUSDT,SELL,LIMIT,1701918616192,3,62.0346
SOLUSDT,SELL,LIMIT,1701918617892,3,62.0280
SOLUSDT,SELL,LIMIT,1701918621426,1,62.0055
SOLUSDT,SELL,LIMIT,1701918644218,1,62.0252
SOLUSDT,SELL,LIMIT,1701918657159,21,61.9946
SOLUSDT,SELL,LIMIT,1701918671135,4,61.9819
SOLUSDT,BUY,LIMIT,1701918946068,1,63.0418
SOLUSDT,BUY,LIMIT,1701921824218,56,63.3627
SOLUSDT,BUY,LIMIT,1701921956264,1,63.4684
SOLUSDT,BUY,LIMIT,1701921958077,7,63.4732
SOLUSDT,BUY,LIMIT,1701921968611,49,63.4819
SOLUSDT,BUY,LIMIT,1701921983529,150,63.5486
SOLUSDT,BUY,LIMIT,1701921986681,158,63.5464
SOLUSDT,BUY,LIMIT,1701922075313,95,63.5611
SOLUSDT,BUY,LIMIT,1701922213733,9,63.6320
SOLUSDT,BUY,LIMIT,1701922508169,7,63.6808
SOLUSDT,BUY,LIMIT,1701922582795,148,63.6934
SOLUSDT,BUY,LIMIT,1701922590724,1,63.7116
SOLUSDT,BUY,LIMIT,1701922948462,75,63.7278
SOLUSDT,BUY,LIMIT,1701923132801,10,63.8100
SOLUSDT,BUY,LIMIT,1701923149288,1,63.7192
SOLUSDT,BUY,LIMIT,1701923240138,3,63.8124
SOLUSDT,BUY,LIMIT,1701923251728,21,63.8374
SOLUSDT,BUY,LIMIT,1701923255655,1,63.8508
SOLUSDT,BUY,LIMIT,1701923257664,1,63.9332
SOLUSDT,BUY,LIMIT,1701923840641,1,64.0343
SOLUSDT,BUY,LIMIT,1701923846315,6,64.0478
SOLUSDT,BUY,LIMIT,1701923847649,18,64.0736
SOLUSDT,BUY,LIMIT,1701923859187,19,64.0974
SOLUSDT,BUY,LIMIT,1701923892748,99,64.1050
SOLUSDT,BUY,LIMIT,1701923897041,43,64.1221
SOLUSDT,BUY,LIMIT,1701923907330,10,64.1484
SOLUSDT,BUY,LIMIT,1701924279012,12,64.0391
SOLUSDT,SELL,LIMIT,1701925305849,1,63.1156
SOLUSDT,BUY,LIMIT,1701925402320,25,63.9590
SOLUSDT,BUY,LIMIT,1701926666394,30,64.0959
SOLUSDT,BUY,LIMIT,1701926962788,2,64.1158
SOLUSDT,BUY,LIMIT,1701927621071,7,63.9972
SOLUSDT,SELL,LIMIT,1701929417356,115,62.8749
SOLUSDT,SELL,LIMIT,1701930023074,1,62.8255
SOLUSDT,SELL,LIMIT,1701930040095,12,62.7760
SOLUSDT,SELL,LIMIT,1701930041131,15,62.7709
SOLUSDT,SELL,LIMIT,1701930999687,13,62.8872
SOLUSDT,SELL,LIMIT,1701931576210,10,62.9413
SOLUSDT,SELL,LIMIT,1701931818680,10,62.7254
SOLUSDT,SELL,LIMIT,1701931819959,113,62.7102
SOLUSDT,BUY,LIMIT,1701932632217,32,64.0334
SOLUSDT,BUY,LIMIT,1701932633252,11,64.0388
SOLUSDT,BUY,LIMIT,1701932676060,1,64.1090
SOLUSDT,BUY,LIMIT,1701932677352,1,64.1342
SOLUSDT,BUY,LIMIT,1701932688032,4,64.1595
SOLUSDT,BUY,LIMIT,1701932710328,30,64.2176
SOLUSDT,BUY,LIMIT,1701932711358,24,64.2326
SOLUSDT,BUY,LIMIT,1701934230706,2,63.8956
SOLUSDT,SELL,LIMIT,1701936907186,31,62.8925
SOLUSDT,SELL,LIMIT,1701936908891,18,62.8672
SOLUSDT,SELL,LIMIT,1701936911874,83,62.8508
SOLUSDT,SELL,LIMIT,1701936922508,47,62.7900
SOLUSDT,SELL,LIMIT,1701936924211,4,62.7808
SOLUSDT,SELL,LIMIT,1701936925286,253,62.7643
SOLUSDT,SELL,LIMIT,1701936969165,2,62.7314
SOLUSDT,SELL,LIMIT,1701936970977,115,62.7040
SOLUSDT,SELL,LIMIT,1701936972086,3,62.6923
SOLUSDT,SELL,LIMIT,1701936973399,62,62.6725
SOLUSDT,SELL,LIMIT,1701936986886,3,62.6302
SOLUSDT,SELL,LIMIT,1701937320810,2,62.7495
SOLUSDT,SELL,LIMIT,1701937336683,11,62.6424
SOLUSDT,SELL,LIMIT,1701937343278,80,62.5933
SOLUSDT,SELL,LIMIT,1701937344421,157,62.5876
SOLUSDT,SELL,LIMIT,1701937351896,8,62.5865
SOLUSDT,SELL,LIMIT,1701937359764,87,62.5458
SOLUSDT,SELL,LIMIT,1701937369208,40,62.5468
SOLUSDT,SELL,LIMIT,1701937392561,78,62.5263
SOLUSDT,SELL,LIMIT,1701937395335,5,62.5039
SOLUSDT,SELL,LIMIT,1701937654676,3,62.7914
SOLUSDT,SELL,LIMIT,1701939338129,60,62.4857
SOLUSDT,SELL,LIMIT,1701939348045,1,62.5303
SOLUSDT,SELL,LIMIT,1701939359714,6,62.4698
SOLUSDT,SELL,LIMIT,1701939369258,151,62.4028
SOLUSDT,SELL,LIMIT,1701939370289,3,62.3803
SOLUSDT,SELL,LIMIT,1701939372167,28,62.3572
SOLUSDT,SELL,LIMIT,1701939389719,2,62.3515
SOLUSDT,SELL,LIMIT,1701939391806,109,62.3355
SOLUSDT,SELL,LIMIT,1701939453297,4,62.4191
SOLUSDT,SELL,LIMIT,1701939454398,1,62.3115
SOLUSDT,SELL,LIMIT,1701939457810,94,62.3026
SOLUSDT,SELL,LIMIT,1701939469194,21,62.2768
SOLUSDT,SELL,LIMIT,1701939471068,2,62.3303
SOLUSDT,SELL,LIMIT,1701939472676,2,62.2563
SOLUSDT,SELL,LIMIT,1701939474292,220,62.1876
SOLUSDT,SELL,LIMIT,1701939475569,2,62.2457
SOLUSDT,SELL,LIMIT,1701939477039,5,62.2329
SOLUSDT,SELL,LIMIT,1701939549370,39,62.2716
SOLUSDT,SELL,LIMIT,1701939570087,157,62.2325
SOLUSDT,SELL,LIMIT,1701939571415,2,62.2105
SOLUSDT,SELL,LIMIT,1701939572497,35,62.1984
SOLUSDT,SELL,LIMIT,1701939575109,1,62.1808
SOLUSDT,SELL,LIMIT,1701939692518,32,62.3126
SOLUSDT,SELL,LIMIT,1701939873302,45,62.3878
SOLUSDT,SELL,LIMIT,1701939972965,14,62.3525
SOLUSDT,SELL,LIMIT,1701939976075,27,62.3385
SOLUSDT,SELL,LIMIT,1701939999272,15,62.4879
SOLUSDT,SELL,LIMIT,1701940012072,1,62.3081
SOLUSDT,SELL,LIMIT,1701940013314,5,62.3033
SOLUSDT,SELL,LIMIT,1701940029912,10,62.2397
SOLUSDT,SELL,LIMIT,1701940048437,4,62.2136
SOLUSDT,SELL,LIMIT,1701940050219,12,62.2099
SOLUSDT,SELL,LIMIT,1701940416010,10,62.2582
SOLUSDT,SELL,LIMIT,1701940449845,789,62.0435
SOLUSDT,SELL,LIMIT,1701940453231,48,62.1780
SOLUSDT,SELL,LIMIT,1701940465564,2,62.1981
SOLUSDT,SELL,LIMIT,1701940475818,1,62.1458
SOLUSDT,SELL,LIMIT,1701940476962,4,62.1403
SOLUSDT,SELL,LIMIT,1701940510290,18,62.1373
SOLUSDT,SELL,LIMIT,1701940513189,87,62.0984
SOLUSDT,SELL,LIMIT,1701940515694,4,62.0843
SOLUSDT,SELL,LIMIT,1701940537924,1,62.0651
SOLUSDT,SELL,LIMIT,1701940552288,9,62.0680
SOLUSDT,SELL,LIMIT,1701940554114,1,62.0535
SOLUSDT,SELL,LIMIT,1701940555227,2,62.0448
SOLUSDT,SELL,LIMIT,1701940556315,242,61.9494
SOLUSDT,SELL,LIMIT,1701940560152,6,62.0441
SOLUSDT,SELL,LIMIT,1701940561200,257,61.9248
SOLUSDT,SELL,LIMIT,1701940562333,17,62.0657
SOLUSDT,SELL,LIMIT,1701940563527,2,61.9856
SOLUSDT,SELL,LIMIT,1701940565075,61,61.9069
SOLUSDT,SELL,LIMIT,1701940566155,48,61.9214
SOLUSDT,SELL,LIMIT,1701940567345,205,61.8527
SOLUSDT,SELL,LIMIT,1701940568544,6,61.8894
SOLUSDT,SELL,LIMIT,1701940570132,2,61.9308
SOLUSDT,SELL,LIMIT,1701940675463,5,62.0405
SOLUSDT,BUY,LIMIT,1701940824471,5,63.2833
SOLUSDT,BUY,LIMIT,1701940825633,1,63.3147
SOLUSDT,BUY,LIMIT,1701940827021,33,63.3337
SOLUSDT,BUY,LIMIT,1701940828283,14,63.3465
SOLUSDT,SELL,LIMIT,1701941002870,2,62.2083
SOLUSDT,SELL,LIMIT,1701941049338,97,62.1232
SOLUSDT,SELL,LIMIT,1701941067090,2,62.0783
SOLUSDT,SELL,LIMIT,1701941112117,24,61.9927
SOLUSDT,SELL,LIMIT,1701941152077,28,62.0087
SOLUSDT,SELL,LIMIT,1701941153161,13,61.9602
SOLUSDT,SELL,LIMIT,1701941156508,1,61.9231
SOLUSDT,SELL,LIMIT,1701941159223,31,61.8967
SOLUSDT,SELL,LIMIT,1701941169468,3,61.8442
SOLUSDT,SELL,LIMIT,1701941174148,15,61.8319
SOLUSDT,SELL,LIMIT,1701941177304,2,61.7867
SOLUSDT,SELL,LIMIT,1701941178543,11,61.7867
SOLUSDT,SELL,LIMIT,1701941180235,54,61.7596
SOLUSDT,SELL,LIMIT,1701941182212,10,61.7368
SOLUSDT,SELL,LIMIT,1701941183385,8,61.7225
SOLUSDT,SELL,LIMIT,1701941185824,1,61.7190
SOLUSDT,SELL,LIMIT,1701941187193,57,61.6861
SOLUSDT,SELL,LIMIT,1701941188824,2,61.6934
SOLUSDT,SELL,LIMIT,1701941189826,11,61.6373
SOLUSDT,SELL,LIMIT,1701941192346,2,61.6431
SOLUSDT,SELL,LIMIT,1701941225670,2,61.6545
SOLUSDT,SELL,LIMIT,1701941234082,6,61.6083
SOLUSDT,SELL,LIMIT,1701941235091,6,61.6083
SOLUSDT,SELL,LIMIT,1701941236124,1,61.5988
SOLUSDT,SELL,LIMIT,1701941237175,29,61.5900
SOLUSDT,SELL,LIMIT,1701941238209,10,61.6015
SOLUSDT,SELL,LIMIT,1701941239359,1,61.6266
SOLUSDT,SELL,LIMIT,1701941243721,1,61.6095
SOLUSDT,SELL,LIMIT,1701941245061,10,61.4970
SOLUSDT,SELL,LIMIT,1701941246106,2,61.4767
SOLUSDT,SELL,LIMIT,1701941247259,61,61.4767
SOLUSDT,SELL,LIMIT,1701941248266,2,61.4642
SOLUSDT,SELL,LIMIT,1701941254125,157,61.4695
SOLUSDT,SELL,LIMIT,1701941255563,3,61.4658
SOLUSDT,SELL,LIMIT,1701941256941,6,61.4535
SOLUSDT,SELL,LIMIT,1701941271290,35,61.4522
SOLUSDT,BUY,LIMIT,1701941727438,46,62.7691
SOLUSDT,BUY,LIMIT,1701941734794,4,62.8061
SOLUSDT,BUY,LIMIT,1701941738202,3,62.8356
SOLUSDT,BUY,LIMIT,1701942152011,74,62.9667
SOLUSDT,BUY,LIMIT,1701942211586,54,63.1163
SOLUSDT,BUY,LIMIT,1701942413496,195,63.1123
SOLUSDT,BUY,LIMIT,1701942426102,804,63.3526
SOLUSDT,BUY,LIMIT,1701942428423,9,63.1755
SOLUSDT,BUY,LIMIT,1701942437263,8,63.2347
SOLUSDT,BUY,LIMIT,1701942438750,657,63.4089
SOLUSDT,BUY,LIMIT,1701942460140,6,63.2715
SOLUSDT,BUY,LIMIT,1701942470083,9,63.3031
SOLUSDT,BUY,LIMIT,1701942536028,252,63.4333
SOLUSDT,BUY,LIMIT,1701942566178,5,63.3449
SOLUSDT,BUY,LIMIT,1701942568469,12,63.4046
SOLUSDT,BUY,LIMIT,1701942608456,7,63.5064
SOLUSDT,BUY,LIMIT,1701942610471,9,63.5159
SOLUSDT,BUY,LIMIT,1701942611530,116,63.5551
SOLUSDT,BUY,LIMIT,1701942612920,1,63.5613
SOLUSDT,BUY,LIMIT,1701942639107,20,63.6812
SOLUSDT,BUY,LIMIT,1701942640223,13,63.6626
SOLUSDT,BUY,LIMIT,1701942643279,84,63.7171
SOLUSDT,BUY,LIMIT,1701942644308,133,63.7259
SOLUSDT,BUY,LIMIT,1701942647279,12,63.7375
SOLUSDT,BUY,LIMIT,1701942651248,71,63.8003
SOLUSDT,BUY,LIMIT,1701942653067,1,63.8174
SOLUSDT,BUY,LIMIT,1701942654117,19,63.9252
SOLUSDT,BUY,LIMIT,1701942655244,1594,64.2325
SOLUSDT,BUY,LIMIT,1701942658982,6,64.0039
SOLUSDT,BUY,LIMIT,1701942660418,104,64.0078
SOLUSDT,BUY,LIMIT,1701942661475,79,64.0626
SOLUSDT,BUY,LIMIT,1701942665329,8,64.1065
SOLUSDT,BUY,LIMIT,1701942667254,2,64.1818
SOLUSDT,BUY,LIMIT,1701942668596,157,64.1834
SOLUSDT,BUY,LIMIT,1701942716555,5,64.2133
SOLUSDT,SELL,LIMIT,1701943025534,1,62.9065
SOLUSDT,SELL,LIMIT,1701943034544,15,62.8571
SOLUSDT,SELL,LIMIT,1701943409590,87,62.6792
SOLUSDT,SELL,LIMIT,1701943440227,94,62.5368
SOLUSDT,SELL,LIMIT,1701943443718,87,62.4615
SOLUSDT,SELL,LIMIT,1701943549751,29,62.4164
SOLUSDT,SELL,LIMIT,1701943565629,2,62.3408
SOLUSDT,SELL,LIMIT,1701943570112,44,62.3045
SOLUSDT,SELL,LIMIT,1701943580177,1,62.3002
SOLUSDT,SELL,LIMIT,1701943605399,29,62.2571
SOLUSDT,SELL,LIMIT,1701943621257,128,62.2072
SOLUSDT,SELL,LIMIT,1701943657810,33,62.2058
SOLUSDT,SELL,LIMIT,1701943661992,2,62.1824
SOLUSDT,SELL,LIMIT,1701943666312,12,62.1528
SOLUSDT,BUY,LIMIT,1701943758930,36,63.3751
SOLUSDT,SELL,LIMIT,1701943903401,3,62.4756
SOLUSDT,BUY,LIMIT,1701945166000,11,63.4668
SOLUSDT,BUY,LIMIT,1701945207189,30,63.6247
SOLUSDT,BUY,LIMIT,1701945208305,15,63.5757
SOLUSDT,BUY,LIMIT,1701945211697,100,63.9018
SOLUSDT,BUY,LIMIT,1701945213704,4,63.9095
SOLUSDT,BUY,LIMIT,1701945215680,350,64.0585
SOLUSDT,BUY,LIMIT,1701945218728,9,63.9485
SOLUSDT,BUY,LIMIT,1701945237222,32,63.9926
SOLUSDT,BUY,LIMIT,1701945240303,28,64.0418
SOLUSDT,BUY,LIMIT,1701945253676,28,64.1109
SOLUSDT,BUY,LIMIT,1701945254778,149,64.1342
SOLUSDT,SELL,LIMIT,1701946440241,11,62.6386
SOLUSDT,SELL,LIMIT,1701946485084,15,62.5853
SOLUSDT,SELL,LIMIT,1701946516053,157,62.5195
SOLUSDT,BUY,LIMIT,1701948149328,158,64.0338
SOLUSDT,BUY,LIMIT,1701948151788,11,64.1415
SOLUSDT,BUY,LIMIT,1701949949450,4,64.2168
SOLUSDT,BUY,LIMIT,1701950081892,37,64.2834
SOLUSDT,BUY,LIMIT,1701950253200,3,64.3153
SOLUSDT,BUY,LIMIT,1701950254222,35,64.3076
SOLUSDT,BUY,LIMIT,1701950255739,5,64.3335
SOLUSDT,BUY,LIMIT,1701950277477,19,64.3373
SOLUSDT,BUY,LIMIT,1701950278560,3,64.3775
SOLUSDT,BUY,LIMIT,1701950280403,8,64.4235
SOLUSDT,BUY,LIMIT,1701950281475,1,64.4071
SOLUSDT,BUY,LIMIT,1701950294799,5,64.4597
SOLUSDT,BUY,LIMIT,1701950307062,4,64.4636
SOLUSDT,BUY,LIMIT,1701950313379,12,64.4805
SOLUSDT,BUY,LIMIT,1701950316232,2,64.5023
SOLUSDT,BUY,LIMIT,1701950320610,7,64.5231
SOLUSDT,BUY,LIMIT,1701950321982,6,64.5588
SOLUSDT,BUY,LIMIT,1701950325117,10,64.6012
SOLUSDT,BUY,LIMIT,1701950326298,29,64.5731
SOLUSDT,BUY,LIMIT,1701950331490,1,64.6514
SOLUSDT,BUY,LIMIT,1701950332529,3,64.6069
SOLUSDT,BUY,LIMIT,1701950335603,13,64.6639
SOLUSDT,BUY,LIMIT,1701950341241,1,64.6792
SOLUSDT,BUY,LIMIT,1701950343051,37,64.6922
SOLUSDT,BUY,LIMIT,1701950348986,1,64.7039
SOLUSDT,BUY,LIMIT,1701950351644,52,64.7576
SOLUSDT,BUY,LIMIT,1701950356031,1,64.7622
SOLUSDT,BUY,LIMIT,1701950357387,162,64.7747
SOLUSDT,BUY,LIMIT,1701950370161,3,64.7656
SOLUSDT,BUY,LIMIT,1701950372044,3,64.7763
SOLUSDT,BUY,LIMIT,1701950429023,1,64.7841
SOLUSDT,BUY,LIMIT,1701950430605,52,64.8158
SOLUSDT,BUY,LIMIT,1701950431802,4,64.8311
SOLUSDT,BUY,LIMIT,1701950434325,23,64.8566
SOLUSDT,BUY,LIMIT,1701950436227,48,64.8687
SOLUSDT,SELL,LIMIT,1701950546943,8,63.5264
SOLUSDT,SELL,LIMIT,1701950549486,50,63.4818
SOLUSDT,SELL,LIMIT,1701950555074,11,63.4233
SOLUSDT,SELL,LIMIT,1701950593291,42,63.6007
SOLUSDT,BUY,LIMIT,1701950638850,1,64.2126
SOLUSDT,SELL,LIMIT,1701950652237,5,65.0322
SOLUSDT,BUY,LIMIT,1701950954777,157,64.5107
SOLUSDT,BUY,LIMIT,1701951059047,4,64.6762
SOLUSDT,BUY,LIMIT,1701951060513,43,64.7018
SOLUSDT,BUY,LIMIT,1701951082167,22,64.8247
SOLUSDT,BUY,LIMIT,1701951084635,11,64.8405
SOLUSDT,BUY,LIMIT,1701951087286,1,64.8608
SOLUSDT,BUY,LIMIT,1701951090053,70,64.8790
SOLUSDT,BUY,LIMIT,1701951091090,4,64.8820
SOLUSDT,BUY,LIMIT,1701951092300,8,64.8973
SOLUSDT,BUY,LIMIT,1701951093464,6,64.9028
SOLUSDT,BUY,LIMIT,1701951095426,8,64.9361
SOLUSDT,BUY,LIMIT,1701951105870,14,64.9500
SOLUSDT,BUY,LIMIT,1701951111632,32,64.9685
SOLUSDT,BUY,LIMIT,1701951113071,4,65.0730
SOLUSDT,BUY,LIMIT,1701951114119,3,65.0170
SOLUSDT,BUY,LIMIT,1701951115162,1,65.0894
SOLUSDT,BUY,LIMIT,1701951135615,1,65.0847
SOLUSDT,BUY,LIMIT,1701951180734,12,64.8825
SOLUSDT,BUY,LIMIT,1701951233543,1,65.0188
SOLUSDT,BUY,LIMIT,1701951273471,14,65.0960
SOLUSDT,BUY,LIMIT,1701951277186,294,65.2477
SOLUSDT,BUY,LIMIT,1701951278247,3,65.1354
SOLUSDT,BUY,LIMIT,1701951279397,26,65.1790
SOLUSDT,BUY,LIMIT,1701951293196,305,65.3186
SOLUSDT,BUY,LIMIT,1701951294240,30,65.2486
SOLUSDT,BUY,LIMIT,1701951297822,1,65.2491
SOLUSDT,BUY,LIMIT,1701951327158,4,65.3081
SOLUSDT,BUY,LIMIT,1701951329215,188,65.3671
SOLUSDT,BUY,LIMIT,1701951332713,2,65.3337
SOLUSDT,BUY,LIMIT,1701951340442,4,65.3388
SOLUSDT,BUY,LIMIT,1701951356338,35,65.3474
SOLUSDT,BUY,LIMIT,1701951359587,284,65.4641
SOLUSDT,SELL,LIMIT,1701951556844,6,63.9994
SOLUSDT,SELL,LIMIT,1701951559287,18,63.9765
SOLUSDT,SELL,LIMIT,1701951569406,11,63.9097
SOLUSDT,SELL,LIMIT,1701951902032,34,63.7539
SOLUSDT,SELL,LIMIT,1701951920085,79,63.7082
SOLUSDT,BUY,LIMIT,1701952051308,9,65.0259
SOLUSDT,BUY,LIMIT,1701952055706,91,65.0491
SOLUSDT,BUY,LIMIT,1701952062991,10,65.1219
SOLUSDT,BUY,LIMIT,1701952064148,6,65.1500
SOLUSDT,BUY,LIMIT,1701952072110,143,65.1975
SOLUSDT,BUY,LIMIT,1701952244454,4,65.2338
SOLUSDT,BUY,LIMIT,1701952250462,85,65.2595
SOLUSDT,BUY,LIMIT,1701952253093,2,65.2695
SOLUSDT,BUY,LIMIT,1701952278100,1,65.3422
SOLUSDT,BUY,LIMIT,1701952281142,7,65.3805
SOLUSDT,BUY,LIMIT,1701952282173,2,65.3677
SOLUSDT,BUY,LIMIT,1701952283281,124,65.3945
SOLUSDT,BUY,LIMIT,1701952290822,75,65.4174
SOLUSDT,BUY,LIMIT,1701952292848,4,65.4518
SOLUSDT,BUY,LIMIT,1701952304559,24,65.4820
SOLUSDT,BUY,LIMIT,1701952305756,5,65.4879
SOLUSDT,BUY,LIMIT,1701952307483,1,65.5434
SOLUSDT,BUY,LIMIT,1701952309559,161,65.5673
SOLUSDT,BUY,LIMIT,1701952315339,23,65.5736
SOLUSDT,BUY,LIMIT,1701952319033,221,65.6497
SOLUSDT,SELL,LIMIT,1701952477716,1,64.3134
SOLUSDT,SELL,LIMIT,1701952496905,1,64.2337
SOLUSDT,SELL,LIMIT,1701952539768,3,64.1317
SOLUSDT,SELL,LIMIT,1701952543236,12,64.1260
SOLUSDT,SELL,LIMIT,1701952554958,5,64.0377
SOLUSDT,SELL,LIMIT,1701952558156,3,63.9985
SOLUSDT,SELL,LIMIT,1701952988438,6,63.9548
SOLUSDT,SELL,LIMIT,1701953060000,1,63.8899
SOLUSDT,SELL,LIMIT,1701953061355,16,63.8714
SOLUSDT,SELL,LIMIT,1701953094934,1,63.8640
SOLUSDT,SELL,LIMIT,1701953103862,56,63.8480
SOLUSDT,SELL,LIMIT,1701953386117,23,64.4286
SOLUSDT,BUY,LIMIT,1701953976589,1,64.8689
SOLUSDT,BUY,LIMIT,1701954115242,10,65.0953
SOLUSDT,BUY,LIMIT,1701954116376,2,65.1234
SOLUSDT,SELL,LIMIT,1701954908243,3,63.7791
SOLUSDT,SELL,LIMIT,1701954909298,3,63.7880
SOLUSDT,BUY,LIMIT,1701955000958,23,64.5356
SOLUSDT,SELL,LIMIT,1701955383791,1,63.6945
SOLUSDT,SELL,LIMIT,1701955396483,9,63.6144
SOLUSDT,SELL,LIMIT,1701955418117,37,63.5677
SOLUSDT,SELL,LIMIT,1701955460601,155,63.5552
SOLUSDT,SELL,LIMIT,1701955995996,22,63.5425
SOLUSDT,SELL,LIMIT,1701955998689,1,63.5221
SOLUSDT,SELL,LIMIT,1701956021499,5,63.5080
SOLUSDT,SELL,LIMIT,1701956053045,2,63.5011
SOLUSDT,SELL,LIMIT,1701956055278,78,63.4817
SOLUSDT,SELL,LIMIT,1701956056447,61,63.4634
SOLUSDT,SELL,LIMIT,1701956140404,7,63.4599
SOLUSDT,SELL,LIMIT,1701956578243,6,63.4559
SOLUSDT,SELL,LIMIT,1701956604759,2,63.4296
SOLUSDT,SELL,LIMIT,1701956606747,5,63.4227
SOLUSDT,SELL,LIMIT,1701956615771,9,63.3611
SOLUSDT,SELL,LIMIT,1701956657220,1,63.3498
SOLUSDT,SELL,LIMIT,1701956865836,1,63.4569
SOLUSDT,SELL,LIMIT,1701956903104,6,63.3343
SOLUSDT,SELL,LIMIT,1701956905220,22,63.3123
SOLUSDT,SELL,LIMIT,1701956906286,7,63.2854
SOLUSDT,SELL,LIMIT,1701956907370,56,63.2946
SOLUSDT,BUY,LIMIT,1701957824386,30,64.6094
SOLUSDT,SELL,LIMIT,1701958993821,3,63.4110
SOLUSDT,BUY,LIMIT,1701959502332,1,64.5130
SOLUSDT,BUY,LIMIT,1701959757093,5,64.6775
SOLUSDT,BUY,LIMIT,1701959765405,156,64.7078
SOLUSDT,BUY,LIMIT,1701959803651,67,64.7533
SOLUSDT,BUY,LIMIT,1701961032436,2,64.7605
SOLUSDT,BUY,LIMIT,1701961039399,6,64.7868
SOLUSDT,BUY,LIMIT,1701961040438,10,64.7996
SOLUSDT,BUY,LIMIT,1701961076048,62,64.8355
SOLUSDT,BUY,LIMIT,1701961091324,1,64.8567
SOLUSDT,BUY,LIMIT,1701961298784,5,64.8868
SOLUSDT,BUY,LIMIT,1701961307072,6,64.9259
SOLUSDT,BUY,LIMIT,1701961420553,2,64.9211
SOLUSDT,BUY,LIMIT,1701961431548,63,64.9646
SOLUSDT,SELL,LIMIT,1701962107515,2,63.6129
SOLUSDT,BUY,LIMIT,1701962389211,28,64.4897
SOLUSDT,BUY,LIMIT,1701962461485,7,64.6277
SOLUSDT,BUY,LIMIT,1701962522455,6,64.7502
SOLUSDT,BUY,LIMIT,1701962532425,131,64.8298
SOLUSDT,BUY,LIMIT,1701962624406,180,64.8473
SOLUSDT,BUY,LIMIT,1701962686690,1,64.8528
SOLUSDT,BUY,LIMIT,1701962771230,155,64.9742
SOLUSDT,BUY,LIMIT,1701962772342,2,64.9722
SOLUSDT,BUY,LIMIT,1701962773727,14,64.9859
SOLUSDT,BUY,LIMIT,1701962775328,1,65.0267
SOLUSDT,BUY,LIMIT,1701962777346,15,65.0463
SOLUSDT,BUY,LIMIT,1701962789896,1,65.0603
SOLUSDT,BUY,LIMIT,1701962793540,6,65.0777
SOLUSDT,BUY,LIMIT,1701962833551,12,65.1444
SOLUSDT,BUY,LIMIT,1701962834758,7,65.1803
SOLUSDT,BUY,LIMIT,1701962838770,1,65.2082
SOLUSDT,BUY,LIMIT,1701962841668,1,65.2206
SOLUSDT,BUY,LIMIT,1701962843194,1,65.2498
SOLUSDT,BUY,LIMIT,1701962844419,5,65.2541
SOLUSDT,BUY,LIMIT,1701962849168,15,65.2607
SOLUSDT,BUY,LIMIT,1701962858698,1,65.2826
SOLUSDT,BUY,LIMIT,1701962994553,1,65.3105
SOLUSDT,BUY,LIMIT,1701962996313,3,65.3301
SOLUSDT,BUY,LIMIT,1701963006592,5,65.3479
SOLUSDT,BUY,LIMIT,1701963016092,6,65.3451
SOLUSDT,BUY,LIMIT,1701963020187,1,65.3588
SOLUSDT,BUY,LIMIT,1701963022540,200,64.9349
SOLUSDT,BUY,LIMIT,1701963024374,126,65.4460
SOLUSDT,BUY,LIMIT,1701963028774,10,65.4860
SOLUSDT,BUY,LIMIT,1701963030041,93,65.5182
SOLUSDT,BUY,LIMIT,1701963031146,15,65.4280
SOLUSDT,BUY,LIMIT,1701963042640,102,65.5319
SOLUSDT,BUY,LIMIT,1701963098687,2,65.5354
SOLUSDT,BUY,LIMIT,1701963099838,9,65.5493
SOLUSDT,BUY,LIMIT,1701963114201,46,65.5871
SOLUSDT,BUY,LIMIT,1701963115233,2,65.5700
SOLUSDT,BUY,LIMIT,1701963116523,1,65.6453
SOLUSDT,BUY,LIMIT,1701963119385,58,65.6532
SOLUSDT,BUY,LIMIT,1701963320134,166,65.7090
SOLUSDT,BUY,LIMIT,1701963321307,81,65.7049
SOLUSDT,BUY,LIMIT,1701963323224,85,65.7261
SOLUSDT,BUY,LIMIT,1701963324296,31,65.7911
SOLUSDT,BUY,LIMIT,1701963325318,1,65.7574
SOLUSDT,BUY,LIMIT,1701963326386,1,65.8149
SOLUSDT,BUY,LIMIT,1701963327630,56,65.8281
SOLUSDT,BUY,LIMIT,1701963331575,25,65.8581
SOLUSDT,BUY,LIMIT,1701963335494,13,65.8664
SOLUSDT,BUY,LIMIT,1701963337428,35,65.8805
SOLUSDT,BUY,LIMIT,1701963338446,176,65.9139
SOLUSDT,BUY,LIMIT,1701963344403,1,65.8988
SOLUSDT,BUY,LIMIT,1701963346044,9,65.9328
SOLUSDT,BUY,LIMIT,1701963347069,8,65.9208
SOLUSDT,BUY,LIMIT,1701963403463,411,66.0978
SOLUSDT,BUY,LIMIT,1701963434233,12,65.9701
SOLUSDT,BUY,LIMIT,1701963435406,3,65.9788
SOLUSDT,BUY,LIMIT,1701963438303,1,65.9890
SOLUSDT,BUY,LIMIT,1701963440076,1,66.0048
SOLUSDT,BUY,LIMIT,1701963442539,1,66.0011
SOLUSDT,BUY,LIMIT,1701963447451,13,66.0178
SOLUSDT,BUY,LIMIT,1701963449371,5,66.0264
SOLUSDT,BUY,LIMIT,1701963450491,28,66.0383
SOLUSDT,BUY,LIMIT,1701963458501,1,66.0530
SOLUSDT,BUY,LIMIT,1701963459598,8,66.0703
SOLUSDT,BUY,LIMIT,1701963461219,62,66.0792
SOLUSDT,BUY,LIMIT,1701963462234,20,66.0807
SOLUSDT,BUY,LIMIT,1701963468402,1,66.1344
SOLUSDT,BUY,LIMIT,1701963482529,46,66.1593
SOLUSDT,BUY,LIMIT,1701963595388,7,66.1902
SOLUSDT,BUY,LIMIT,1701963596535,32,66.2183
SOLUSDT,BUY,LIMIT,1701963597815,5,66.2452
SOLUSDT,BUY,LIMIT,1701963599533,767,66.4501
SOLUSDT,BUY,LIMIT,1701963601505,3,66.2769
SOLUSDT,BUY,LIMIT,1701963603358,16,66.2896
SOLUSDT,BUY,LIMIT,1701963604434,7,66.2851
SOLUSDT,BUY,LIMIT,1701963605783,7,66.2960
SOLUSDT,BUY,LIMIT,1701963607107,3,66.3191
SOLUSDT,BUY,LIMIT,1701963608301,3,66.3550
SOLUSDT,BUY,LIMIT,1701963609335,602,66.5067
SOLUSDT,BUY,LIMIT,1701963615124,9,66.3666
SOLUSDT,BUY,LIMIT,1701963616164,1,66.3733
SOLUSDT,BUY,LIMIT,1701963617191,24,66.3752
SOLUSDT,BUY,LIMIT,1701963626799,116,66.3929
SOLUSDT,BUY,LIMIT,1701963628060,25,66.4003
SOLUSDT,BUY,LIMIT,1701963631130,76,66.4114
SOLUSDT,BUY,LIMIT,1701963632305,17,66.4093
SOLUSDT,BUY,LIMIT,1701963658768,67,66.4258
SOLUSDT,BUY,LIMIT,1701963663044,5,66.4476
SOLUSDT,BUY,LIMIT,1701963664109,2,66.4490
SOLUSDT,BUY,LIMIT,1701963668149,3,66.4673
SOLUSDT,BUY,LIMIT,1701963670486,8,66.4700
SOLUSDT,BUY,LIMIT,1701963674340,7,66.5083
SOLUSDT,BUY,LIMIT,1701963678825,29,66.5226
SOLUSDT,BUY,LIMIT,1701963684416,10,66.5340
SOLUSDT,BUY,LIMIT,1701963685430,2,66.5588
SOLUSDT,BUY,LIMIT,1701963687383,33,66.5937
SOLUSDT,BUY,LIMIT,1701963689236,18,66.6090
SOLUSDT,BUY,LIMIT,1701963691062,14,66.6270
SOLUSDT,BUY,LIMIT,1701963692102,3,66.6269
SOLUSDT,BUY,LIMIT,1701963693335,5,66.6601
SOLUSDT,SELL,LIMIT,1701963785009,20,65.1630
SOLUSDT,BUY,LIMIT,1701963857772,5,66.4900
SOLUSDT,BUY,LIMIT,1701963860359,1,66.5421
SOLUSDT,BUY,LIMIT,1701963871016,10,66.5880
SOLUSDT,BUY,LIMIT,1701963872946,15,66.5874
SOLUSDT,SELL,LIMIT,1701963968909,10,65.2316
SOLUSDT,BUY,LIMIT,1701964257519,40,66.3628
SOLUSDT,BUY,LIMIT,1701964260460,3,66.3740
SOLUSDT,BUY,LIMIT,1701964413503,3,66.4562
SOLUSDT,BUY,LIMIT,1701964561054,22,66.5744
SOLUSDT,BUY,LIMIT,1701964562320,67,66.5719
SOLUSDT,BUY,LIMIT,1701964570560,5,66.5988
SOLUSDT,SELL,LIMIT,1701964827333,1,65.8671
SOLUSDT,SELL,LIMIT,1701964898238,1,65.2541
SOLUSDT,SELL,LIMIT,1701964900256,118,65.2348
SOLUSDT,SELL,LIMIT,1701964903186,105,65.1935
SOLUSDT,SELL,LIMIT,1701964911145,21,65.1263
SOLUSDT,SELL,LIMIT,1701964918513,62,65.1257
SOLUSDT,SELL,LIMIT,1701964920338,119,65.0969
SOLUSDT,SELL,LIMIT,1701964921543,55,65.0847
SOLUSDT,SELL,LIMIT,1701964926459,26,65.0184
SOLUSDT,BUY,LIMIT,1701965058187,2,66.0978
SOLUSDT,BUY,LIMIT,1701965064459,9,66.0565
SOLUSDT,SELL,LIMIT,1701965273176,16,64.9816
SOLUSDT,SELL,LIMIT,1701965292166,43,64.9500
SOLUSDT,SELL,LIMIT,1701965293363,20,64.9413
SOLUSDT,SELL,LIMIT,1701965295274,52,64.9297
SOLUSDT,SELL,LIMIT,1701965296713,37,64.8788
SOLUSDT,SELL,LIMIT,1701965297778,33,64.8389
SOLUSDT,SELL,LIMIT,1701965299087,133,64.7919
SOLUSDT,BUY,LIMIT,1701965314607,15,65.7122
SOLUSDT,BUY,LIMIT,1701965360630,14,65.6851
SOLUSDT,SELL,LIMIT,1701965630631,3,64.7450
SOLUSDT,SELL,LIMIT,1701965727077,10,64.7792
SOLUSDT,SELL,LIMIT,1701965733309,589,64.5364
SOLUSDT,BUY,LIMIT,1701965808512,87,65.7134
SOLUSDT,BUY,LIMIT,1701965876429,11,65.8463
SOLUSDT,BUY,LIMIT,1701965898310,46,66.0659
SOLUSDT,BUY,LIMIT,1701965906717,1,66.0704
SOLUSDT,BUY,LIMIT,1701966131313,1,66.1056
SOLUSDT,BUY,LIMIT,1701966136941,7,66.2229
SOLUSDT,BUY,LIMIT,1701966152298,8,66.2552
SOLUSDT,BUY,LIMIT,1701966163073,45,66.3420
SOLUSDT,BUY,LIMIT,1701966170464,15,66.3711
SOLUSDT,BUY,LIMIT,1701966204071,6,66.4195
SOLUSDT,BUY,LIMIT,1701966211573,2,66.4658
SOLUSDT,BUY,LIMIT,1701966213616,1,66.4874
SOLUSDT,BUY,LIMIT,1701966783151,2,66.1971
SOLUSDT,BUY,LIMIT,1701966789476,14,66.2184
SOLUSDT,BUY,LIMIT,1701966811440,1,66.3227
SOLUSDT,BUY,LIMIT,1701966813890,14,66.3479
SOLUSDT,BUY,LIMIT,1701966850167,32,66.3625
SOLUSDT,SELL,LIMIT,1701966981055,6,65.0534
SOLUSDT,SELL,LIMIT,1701966984279,50,65.0382
SOLUSDT,BUY,LIMIT,1701967788986,49,66.4435
SOLUSDT,BUY,LIMIT,1701967800901,16,66.5179
SOLUSDT,BUY,LIMIT,1701967805577,464,66.7315
SOLUSDT,BUY,LIMIT,1701967815233,16,66.6027
SOLUSDT,BUY,LIMIT,1701967821091,15,66.6251
SOLUSDT,BUY,LIMIT,1701967825377,5,66.6353
SOLUSDT,BUY,LIMIT,1701967826399,23,66.6494
SOLUSDT,SELL,LIMIT,1701968030690,20,65.2194
SOLUSDT,BUY,LIMIT,1701968238912,4,66.3116
SOLUSDT,BUY,LIMIT,1701968404061,17,66.4830
SOLUSDT,SELL,LIMIT,1701968484874,5,65.3733
SOLUSDT,SELL,LIMIT,1701968620810,5,65.2134
SOLUSDT,SELL,LIMIT,1701968757845,14,65.0938
SOLUSDT,BUY,LIMIT,1701968781302,11,66.0128
SOLUSDT,SELL,LIMIT,1701968813855,45,65.0379
SOLUSDT,SELL,LIMIT,1701968859704,105,65.0081
SOLUSDT,SELL,LIMIT,1701968863979,1,64.9929
SOLUSDT,SELL,LIMIT,1701968894583,1,64.9709
SOLUSDT,SELL,LIMIT,1701968920404,1,64.9330
SOLUSDT,SELL,LIMIT,1701968939165,9,64.9162
SOLUSDT,SELL,LIMIT,1701968957532,2,64.9007
SOLUSDT,BUY,LIMIT,1701969247290,52,66.0875
SOLUSDT,BUY,LIMIT,1701969574699,1,66.4037
SOLUSDT,BUY,LIMIT,1701969575776,16,66.4570
SOLUSDT,BUY,LIMIT,1701969587869,3,66.5073
SOLUSDT,BUY,LIMIT,1701969607821,1,66.5653
SOLUSDT,BUY,LIMIT,1701969610441,1,66.6307
SOLUSDT,BUY,LIMIT,1701969611745,60,66.6724
SOLUSDT,BUY,LIMIT,1701969613107,1,66.7012
SOLUSDT,BUY,LIMIT,1701969614122,8,66.7027
SOLUSDT,BUY,LIMIT,1701969615457,22,66.7150
SOLUSDT,BUY,LIMIT,1701969617213,41,66.7285
SOLUSDT,BUY,LIMIT,1701969618244,6,66.7476
SOLUSDT,BUY,LIMIT,1701969619259,139,66.8307
SOLUSDT,BUY,LIMIT,1701969620419,3,66.8484
SOLUSDT,BUY,LIMIT,1701969621462,771,67.1297
SOLUSDT,BUY,LIMIT,1701969627054,12,66.9633
SOLUSDT,BUY,LIMIT,1701969628090,5,66.9874
SOLUSDT,BUY,LIMIT,1701969631776,4,67.0008
SOLUSDT,BUY,LIMIT,1701969634057,2,67.0394
SOLUSDT,BUY,LIMIT,1701969635086,37,67.1080
SOLUSDT,BUY,LIMIT,1701969636097,1,67.1065
SOLUSDT,BUY,LIMIT,1701969637260,25,67.1264
SOLUSDT,BUY,LIMIT,1701969638340,1495,67.4078
SOLUSDT,BUY,LIMIT,1701969640224,3,67.1747
SOLUSDT,BUY,LIMIT,1701969641304,5,67.1952
SOLUSDT,BUY,LIMIT,1701969643133,3,67.2114
SOLUSDT,BUY,LIMIT,1701969644199,8,67.2183
SOLUSDT,BUY,LIMIT,1701969646232,66,67.2279
SOLUSDT,BUY,LIMIT,1701969650237,28,67.2539
SOLUSDT,BUY,LIMIT,1701969651257,1,67.2596
SOLUSDT,BUY,LIMIT,1701969652306,350,67.4043
SOLUSDT,BUY,LIMIT,1701969653415,1,67.2842
SOLUSDT,BUY,LIMIT,1701969654623,215,67.3887
SOLUSDT,BUY,LIMIT,1701969658270,26,67.2994
SOLUSDT,BUY,LIMIT,1701969680109,80,67.3064
SOLUSDT,BUY,LIMIT,1701969681217,136,67.3328
SOLUSDT,BUY,LIMIT,1701969682330,11,67.3464
SOLUSDT,BUY,LIMIT,1701969683381,10,67.3429
SOLUSDT,BUY,LIMIT,1701969690265,23,67.3628
SOLUSDT,BUY,LIMIT,1701969691294,8,67.3702
SOLUSDT,BUY,LIMIT,1701969692314,30,67.3705
SOLUSDT,BUY,LIMIT,1701969698853,14,67.3912
SOLUSDT,BUY,LIMIT,1701969709230,52,67.4009
SOLUSDT,BUY,LIMIT,1701969711134,22,67.4231
SOLUSDT,BUY,LIMIT,1701969712148,18,67.4219
SOLUSDT,BUY,LIMIT,1701969719139,66,67.4443
SOLUSDT,BUY,LIMIT,1701969720328,26,67.4456
SOLUSDT,BUY,LIMIT,1701969726138,1,67.4664
SOLUSDT,BUY,LIMIT,1701969727275,2,67.4685
SOLUSDT,BUY,LIMIT,1701969728322,15,67.4973
SOLUSDT,BUY,LIMIT,1701969730765,3,67.5173
SOLUSDT,BUY,LIMIT,1701969731915,7,67.5434
SOLUSDT,BUY,LIMIT,1701969733227,305,67.6712
SOLUSDT,BUY,LIMIT,1701969734552,1,67.5541
SOLUSDT,BUY,LIMIT,1701969758948,2,67.5669
SOLUSDT,BUY,LIMIT,1701969766750,2,67.5771
SOLUSDT,BUY,LIMIT,1701969768184,4,67.5900
SOLUSDT,BUY,LIMIT,1701969789495,53,67.5990
SOLUSDT,BUY,LIMIT,1701969791116,3,67.6013
SOLUSDT,BUY,LIMIT,1701969792696,77,67.6040
SOLUSDT,BUY,LIMIT,1701970063467,2,67.5732
SOLUSDT,BUY,LIMIT,1701970081072,42,67.6219
SOLUSDT,BUY,LIMIT,1701970082125,4,67.6104
SOLUSDT,BUY,LIMIT,1701970083704,17,67.6221
SOLUSDT,BUY,LIMIT,1701970096447,6,67.6256
SOLUSDT,BUY,LIMIT,1701970101910,3,67.6359
SOLUSDT,BUY,LIMIT,1701970103148,1,67.6497
SOLUSDT,BUY,LIMIT,1701970104190,2,67.6479
SOLUSDT,BUY,LIMIT,1701970124957,5,67.6668
SOLUSDT,BUY,LIMIT,1701970132224,2,67.6790
SOLUSDT,BUY,LIMIT,1701970133444,3,67.6899
SOLUSDT,BUY,LIMIT,1701970134455,20,67.6983
SOLUSDT,BUY,LIMIT,1701970136268,439,67.8868
SOLUSDT,BUY,LIMIT,1701970137480,63,67.7172
SOLUSDT,BUY,LIMIT,1701970165542,12,67.7354
SOLUSDT,BUY,LIMIT,1701970166901,3,67.7437
SOLUSDT,BUY,LIMIT,1701970167938,4,67.7454
SOLUSDT,BUY,LIMIT,1701970169101,210,67.8215
SOLUSDT,BUY,LIMIT,1701970171906,129,67.7672
SOLUSDT,BUY,LIMIT,1701970173208,2,67.7751
SOLUSDT,BUY,LIMIT,1701970175195,29,67.8133
SOLUSDT,BUY,LIMIT,1701970176227,6,67.8506
SOLUSDT,BUY,LIMIT,1701970177236,59,67.8915
SOLUSDT,BUY,LIMIT,1701970178281,3,67.8816
SOLUSDT,BUY,LIMIT,1701970179300,2853,68.4823
SOLUSDT,BUY,LIMIT,1701970180330,151,67.9666
SOLUSDT,BUY,LIMIT,1701970181347,14,68.0110
SOLUSDT,BUY,LIMIT,1701970182402,5,68.0165
SOLUSDT,BUY,LIMIT,1701970207373,2,67.9652
SOLUSDT,SELL,LIMIT,1701970357085,59,66.6703
SOLUSDT,SELL,LIMIT,1701970380658,20,66.6090
SOLUSDT,SELL,LIMIT,1701970384063,19,66.5749
SOLUSDT,SELL,LIMIT,1701970634404,78,66.4518
SOLUSDT,SELL,LIMIT,1701970636426,1,66.4222
SOLUSDT,SELL,LIMIT,1701970718687,8,66.3258
SOLUSDT,SELL,LIMIT,1701970720023,148,66.2300
SOLUSDT,SELL,LIMIT,1701970908948,26,66.2153
SOLUSDT,SELL,LIMIT,1701970915173,5,66.1745
SOLUSDT,SELL,LIMIT,1701970916192,1,66.1270
SOLUSDT,SELL,LIMIT,1701970917192,2,66.1196
SOLUSDT,SELL,LIMIT,1701970946499,7,66.2470
SOLUSDT,SELL,LIMIT,1701971001736,8,66.0658
SOLUSDT,SELL,LIMIT,1701971003176,66,66.0255
SOLUSDT,SELL,LIMIT,1701971008355,17,66.0103
SOLUSDT,SELL,LIMIT,1701971012148,74,65.9656
SOLUSDT,SELL,LIMIT,1701971013196,1,65.9320
SOLUSDT,SELL,LIMIT,1701971014411,5,65.8929
SOLUSDT,SELL,LIMIT,1701971015503,112,65.8909
SOLUSDT,SELL,LIMIT,1701971016800,15,65.8694
SOLUSDT,SELL,LIMIT,1701971372285,22,65.8241
SOLUSDT,SELL,LIMIT,1701971374601,436,65.6526
SOLUSDT,SELL,LIMIT,1701971378894,2,65.7698
SOLUSDT,SELL,LIMIT,1701971380297,4,65.6883
SOLUSDT,SELL,LIMIT,1701971381426,691,65.4852
SOLUSDT,SELL,LIMIT,1701971383080,26,65.5932
SOLUSDT,SELL,LIMIT,1701972223169,23,65.5568
SOLUSDT,SELL,LIMIT,1701972224350,1,65.5566
SOLUSDT,SELL,LIMIT,1701972226360,14,65.5213
SOLUSDT,SELL,LIMIT,1701972284359,1,65.4952
SOLUSDT,SELL,LIMIT,1701972286684,2,65.4841
SOLUSDT,SELL,LIMIT,1701972290766,42,65.4615
SOLUSDT,SELL,LIMIT,1701972292396,2,65.4531
SOLUSDT,SELL,LIMIT,1701972646261,466,65.2498
SOLUSDT,SELL,LIMIT,1701972649195,50,65.3628
SOLUSDT,SELL,LIMIT,1701972662213,46,65.3445
SOLUSDT,SELL,LIMIT,1701972663776,3,65.3228
SOLUSDT,SELL,LIMIT,1701972665418,1,65.2775
SOLUSDT,SELL,LIMIT,1701972667021,41,65.2297
SOLUSDT,SELL,LIMIT,1701972668245,8,65.2189
SOLUSDT,SELL,LIMIT,1701972669486,37,65.2133
SOLUSDT,SELL,LIMIT,1701972674551,151,65.1521
SOLUSDT,SELL,LIMIT,1701972675557,16,65.1367
SOLUSDT,BUY,LIMIT,1701972696282,65,66.1457
SOLUSDT,BUY,LIMIT,1701973704534,14,66.6046
SOLUSDT,SELL,LIMIT,1701974156328,8,65.2535
SOLUSDT,SELL,LIMIT,1701974186064,1,65.3359
SOLUSDT,SELL,LIMIT,1701974274413,87,65.2195
SOLUSDT,SELL,LIMIT,1701974278936,31,65.1684
SOLUSDT,SELL,LIMIT,1701974433868,53,65.1369
SOLUSDT,SELL,LIMIT,1701974581080,9,65.1256
SOLUSDT,SELL,LIMIT,1701974602476,71,65.0970
SOLUSDT,SELL,LIMIT,1701976455018,4,65.0781
SOLUSDT,SELL,LIMIT,1701976457268,18,65.0254
SOLUSDT,SELL,LIMIT,1701976458544,40,65.0008
SOLUSDT,SELL,LIMIT,1701976462544,15,64.9769
SOLUSDT,SELL,LIMIT,1701976464600,1,64.9683
SOLUSDT,SELL,LIMIT,1701976885264,153,64.9418
SOLUSDT,SELL,LIMIT,1701976898425,6,64.9409
SOLUSDT,SELL,LIMIT,1701977040328,1,65.1903
SOLUSDT,SELL,LIMIT,1701977164537,16,64.9889
SOLUSDT,SELL,LIMIT,1701977267212,8,64.9326
SOLUSDT,SELL,LIMIT,1701977271234,5,64.9001
SOLUSDT,SELL,LIMIT,1701977272309,15,64.8975
SOLUSDT,SELL,LIMIT,1701977295289,15,64.8007
SOLUSDT,SELL,LIMIT,1701977296614,83,64.7879
SOLUSDT,SELL,LIMIT,1701977298227,19,64.7597
SOLUSDT,SELL,LIMIT,1701977300811,32,64.7653
SOLUSDT,SELL,LIMIT,1701977303199,5,64.7512
SOLUSDT,SELL,LIMIT,1701977304696,10,64.7375
SOLUSDT,SELL,LIMIT,1701977361782,12,64.7289
SOLUSDT,SELL,LIMIT,1701977416923,8,64.7036
SOLUSDT,SELL,LIMIT,1701977924117,9,64.6987
SOLUSDT,SELL,LIMIT,1701977964363,5,64.6655
SOLUSDT,SELL,LIMIT,1701977975237,23,64.6428
SOLUSDT,SELL,LIMIT,1701977976279,10,64.6564
SOLUSDT,SELL,LIMIT,1701977987265,15,64.5954
SOLUSDT,SELL,LIMIT,1701977988342,20,64.5627
SOLUSDT,SELL,LIMIT,1701977989378,5,64.5420
SOLUSDT,SELL,LIMIT,1701977990387,3,64.5114
SOLUSDT,SELL,LIMIT,1701978009198,76,64.4777
SOLUSDT,SELL,LIMIT,1701978010224,2,64.4566
SOLUSDT,SELL,LIMIT,1701978011250,4,64.4142
SOLUSDT,SELL,LIMIT,1701978012427,1,64.4215
SOLUSDT,SELL,LIMIT,1701978082765,12,64.4146
SOLUSDT,SELL,LIMIT,1701978092459,4,64.3987
SOLUSDT,SELL,LIMIT,1701978094671,13,64.3858
SOLUSDT,SELL,LIMIT,1701978102314,30,64.3639
SOLUSDT,SELL,LIMIT,1701978103320,66,64.3735
SOLUSDT,SELL,LIMIT,1701978115363,31,64.3520
SOLUSDT,SELL,LIMIT,1701978228302,125,64.3922
SOLUSDT,SELL,LIMIT,1701978236995,2,64.3477
SOLUSDT,SELL,LIMIT,1701978238074,4,64.3311
SOLUSDT,SELL,LIMIT,1701978239650,6,64.3212
SOLUSDT,SELL,LIMIT,1701978252102,1,64.2565
SOLUSDT,SELL,LIMIT,1701978253280,5,64.2077
SOLUSDT,SELL,LIMIT,1701978255066,24,64.1722
SOLUSDT,SELL,LIMIT,1701978287126,11,64.1672
SOLUSDT,SELL,LIMIT,1701978294321,2,64.1651
SOLUSDT,BUY,LIMIT,1701979601461,8,65.4402
SOLUSDT,BUY,LIMIT,1701979846225,12,65.7011
SOLUSDT,BUY,LIMIT,1701979847261,11,65.5779
SOLUSDT,SELL,LIMIT,1701980541545,192,64.6793
SOLUSDT,SELL,LIMIT,1701981439418,38,64.5332
SOLUSDT,SELL,LIMIT,1701981490491,1,64.4777
SOLUSDT,SELL,LIMIT,1701981502375,2,64.4420
SOLUSDT,SELL,LIMIT,1701981552666,19,64.3179
SOLUSDT,SELL,LIMIT,1701981555704,5,64.3060
SOLUSDT,SELL,LIMIT,1701981621299,76,64.3053
SOLUSDT,BUY,LIMIT,1701982338061,2,65.8144
SOLUSDT,BUY,LIMIT,1701982345060,3,65.8638
SOLUSDT,BUY,LIMIT,1701982413229,15,66.0254
SOLUSDT,BUY,LIMIT,1701982414848,1,66.0574
SOLUSDT,BUY,LIMIT,1701982465842,14,66.1437
SOLUSDT,BUY,LIMIT,1701982471323,25,66.1473
SOLUSDT,BUY,LIMIT,1701982472400,1,66.1613
SOLUSDT,BUY,LIMIT,1701982502127,153,66.1796
SOLUSDT,BUY,LIMIT,1701982693066,22,66.3143
SOLUSDT,BUY,LIMIT,1701982774231,1,66.4552
SOLUSDT,BUY,LIMIT,1701982952153,1,66.4815
SOLUSDT,BUY,LIMIT,1701982953510,1,66.4966
SOLUSDT,BUY,LIMIT,1701982964630,2,66.5411
SOLUSDT,BUY,LIMIT,1701982965831,59,66.5459
SOLUSDT,BUY,LIMIT,1701982986190,5,66.6266
SOLUSDT,BUY,LIMIT,1701982987852,5,66.6462
SOLUSDT,BUY,LIMIT,1701982991221,1,66.6767
SOLUSDT,BUY,LIMIT,1701983018597,9,66.7155
SOLUSDT,BUY,LIMIT,1701983042771,54,66.7275
SOLUSDT,BUY,LIMIT,1701983241262,96,66.7516
SOLUSDT,BUY,LIMIT,1701983246203,24,66.7759
SOLUSDT,BUY,LIMIT,1701983247301,39,66.8054
SOLUSDT,BUY,LIMIT,1701983248388,3,66.7902
SOLUSDT,BUY,LIMIT,1701983377524,100,66.8241
SOLUSDT,BUY,LIMIT,1701983383203,96,66.8354
SOLUSDT,BUY,LIMIT,1701983385198,3,66.8566
SOLUSDT,BUY,LIMIT,1701983398265,5,66.8786
SOLUSDT,BUY,LIMIT,1701983422900,6,66.8824
SOLUSDT,BUY,LIMIT,1701983424441,14,66.8911
SOLUSDT,BUY,LIMIT,1701983433031,3,66.9381
SOLUSDT,BUY,LIMIT,1701983434325,110,66.9586
SOLUSDT,BUY,LIMIT,1701983504772,37,66.9701
SOLUSDT,BUY,LIMIT,1701983861790,2,66.9846
SOLUSDT,BUY,LIMIT,1701983863422,2,66.9986
SOLUSDT,BUY,LIMIT,1701983865480,1,67.0211
SOLUSDT,BUY,LIMIT,1701983867098,28,67.0640
SOLUSDT,BUY,LIMIT,1701983868487,13,67.0598
SOLUSDT,BUY,LIMIT,1701983871101,4,67.2316
SOLUSDT,BUY,LIMIT,1701983872130,5,67.2350
SOLUSDT,BUY,LIMIT,1701983873264,21,67.3048
SOLUSDT,BUY,LIMIT,1701983874643,3,67.3236
SOLUSDT,BUY,LIMIT,1701983877063,893,67.7047
SOLUSDT,BUY,LIMIT,1701983879571,150,67.5160
SOLUSDT,BUY,LIMIT,1701983880760,4,67.5225
SOLUSDT,BUY,LIMIT,1701983889386,38,67.5533
SOLUSDT,BUY,LIMIT,1701983891064,18,67.6782
SOLUSDT,BUY,LIMIT,1701983892080,32,67.6567
SOLUSDT,BUY,LIMIT,1701983893256,130,67.7163
SOLUSDT,BUY,LIMIT,1701983894275,11,67.7165
SOLUSDT,BUY,LIMIT,1701983903078,10,67.8519
SOLUSDT,BUY,LIMIT,1701983904118,700,67.9917
SOLUSDT,BUY,LIMIT,1701983907070,7,67.9001
SOLUSDT,BUY,LIMIT,1701983908094,35,67.9639
SOLUSDT,BUY,LIMIT,1701983909939,5,67.9769
SOLUSDT,BUY,LIMIT,1701984162157,113,67.9817
SOLUSDT,BUY,LIMIT,1701984163231,25,68.0340
SOLUSDT,BUY,LIMIT,1701984164236,1,68.0716
SOLUSDT,BUY,LIMIT,1701984165308,40,68.0578
SOLUSDT,BUY,LIMIT,1701984193047,5,68.1973
SOLUSDT,BUY,LIMIT,1701984194071,2,68.1332
SOLUSDT,BUY,LIMIT,1701984195084,94,68.3329
SOLUSDT,BUY,LIMIT,1701984196107,1,68.3500
SOLUSDT,BUY,LIMIT,1701984197273,2,68.3772
SOLUSDT,BUY,LIMIT,1701984198286,26,68.3423
SOLUSDT,BUY,LIMIT,1701984199593,8,68.3601
SOLUSDT,BUY,LIMIT,1701984204526,61,68.3632
SOLUSDT,BUY,LIMIT,1701984205614,30,68.3696
SOLUSDT,BUY,LIMIT,1701984230214,1,68.4039
SOLUSDT,BUY,LIMIT,1701984341091,2,68.4093
SOLUSDT,BUY,LIMIT,1701984342282,3,68.4276
SOLUSDT,BUY,LIMIT,1701984343331,1,68.4510
SOLUSDT,BUY,LIMIT,1701984353734,13,68.4716
SOLUSDT,BUY,LIMIT,1701984524748,22,68.3018
SOLUSDT,BUY,LIMIT,1701984526373,1,68.3101
SOLUSDT,BUY,LIMIT,1701984527987,173,68.3494
SOLUSDT,BUY,LIMIT,1701984582887,103,68.2044
SOLUSDT,SELL,LIMIT,1701984639133,67,67.1268
SOLUSDT,BUY,LIMIT,1701984741159,9,68.4869
SOLUSDT,BUY,LIMIT,1701984742494,1,68.4914
SOLUSDT,BUY,LIMIT,1701984743545,1,68.5047
SOLUSDT,BUY,LIMIT,1701984744679,368,68.6526
SOLUSDT,BUY,LIMIT,1701984757443,4,68.5337
SOLUSDT,BUY,LIMIT,1701984759047,92,68.5422
SOLUSDT,BUY,LIMIT,1701984766077,17,68.5467
SOLUSDT,BUY,LIMIT,1701984771250,6,68.4989
SOLUSDT,BUY,LIMIT,1701984783369,4,68.4897
SOLUSDT,BUY,LIMIT,1701985093119,15,68.5577
SOLUSDT,BUY,LIMIT,1701985094198,2,68.5585
SOLUSDT,BUY,LIMIT,1701985095213,34,68.5941
SOLUSDT,BUY,LIMIT,1701985096258,2,68.7280
SOLUSDT,BUY,LIMIT,1701985097296,2,68.6767
SOLUSDT,BUY,LIMIT,1701985098595,100,68.7774
SOLUSDT,BUY,LIMIT,1701985117129,4,68.7934
SOLUSDT,BUY,LIMIT,1701985118179,58,68.8020
SOLUSDT,BUY,LIMIT,1701985119291,5,68.8243
SOLUSDT,BUY,LIMIT,1701985120301,51,68.8247
SOLUSDT,BUY,LIMIT,1701985121342,3,68.8351
SOLUSDT,BUY,LIMIT,1701985122377,35,68.8993
SOLUSDT,BUY,LIMIT,1701985123455,94,68.8994
SOLUSDT,BUY,LIMIT,1701985124467,3,68.9477
SOLUSDT,BUY,LIMIT,1701985125489,1,68.9997
SOLUSDT,BUY,LIMIT,1701985127073,7,69.0711
SOLUSDT,BUY,LIMIT,1701985128113,22,69.0809
SOLUSDT,BUY,LIMIT,1701985130320,1,69.1227
SOLUSDT,BUY,LIMIT,1701985131363,1,69.1274
SOLUSDT,BUY,LIMIT,1701985134419,5,69.1574
SOLUSDT,SELL,LIMIT,1701985241994,1,67.6675
SOLUSDT,BUY,LIMIT,1701985515175,1,69.1942
SOLUSDT,BUY,LIMIT,1701985516346,31,69.2074
SOLUSDT,BUY,LIMIT,1701985517347,13,69.2444
SOLUSDT,BUY,LIMIT,1701985518383,1,69.2128
SOLUSDT,BUY,LIMIT,1701985519428,720,69.4506
SOLUSDT,BUY,LIMIT,1701985523171,2,69.2580
SOLUSDT,BUY,LIMIT,1701985524202,136,69.2977
SOLUSDT,BUY,LIMIT,1701985525293,1,69.2868
SOLUSDT,BUY,LIMIT,1701985527112,29,69.2997
SOLUSDT,BUY,LIMIT,1701985528143,25,69.2994
SOLUSDT,BUY,LIMIT,1701985529393,33,69.3083
SOLUSDT,BUY,LIMIT,1701985530420,15,69.3325
SOLUSDT,BUY,LIMIT,1701985531887,13,69.3542
SOLUSDT,BUY,LIMIT,1701985571483,3,69.3455
SOLUSDT,BUY,LIMIT,1701985573343,5,69.3554
SOLUSDT,BUY,LIMIT,1701985574477,7,69.3615
SOLUSDT,BUY,LIMIT,1701985575496,1,69.3767
SOLUSDT,BUY,LIMIT,1701985576513,10,69.4232
SOLUSDT,BUY,LIMIT,1701985577569,24,69.4394
SOLUSDT,BUY,LIMIT,1701985584139,55,69.4939
SOLUSDT,BUY,LIMIT,1701985585181,136,69.4814
SOLUSDT,BUY,LIMIT,1701985586354,2,69.4975
SOLUSDT,BUY,LIMIT,1701985587501,109,69.5144
SOLUSDT,BUY,LIMIT,1701985588581,6,69.5276
SOLUSDT,BUY,LIMIT,1701985589970,3,69.5440
SOLUSDT,BUY,LIMIT,1701985591072,26,69.5790
SOLUSDT,BUY,LIMIT,1701985594849,61,69.5888
SOLUSDT,BUY,LIMIT,1701985596162,1,69.6023
SOLUSDT,BUY,LIMIT,1701985602061,6,69.6403
SOLUSDT,BUY,LIMIT,1701985603289,11,69.6270
SOLUSDT,BUY,LIMIT,1701985623022,25,69.6400
SOLUSDT,SELL,LIMIT,1701985631354,10,68.5540
SOLUSDT,SELL,LIMIT,1701985756328,23,68.2408
SOLUSDT,BUY,LIMIT,1701985989289,1,69.4428
SOLUSDT,BUY,LIMIT,1701986173488,38,69.4622
SOLUSDT,BUY,LIMIT,1701986234641,1,69.3505
SOLUSDT,BUY,LIMIT,1701986564578,3,69.5474
SOLUSDT,BUY,LIMIT,1701986640143,4,69.4696
SOLUSDT,BUY,LIMIT,1701987300300,8,69.5302
SOLUSDT,BUY,LIMIT,1701987301317,71,69.5471
SOLUSDT,BUY,LIMIT,1701987314187,2,69.4756
SOLUSDT,SELL,LIMIT,1701987560028,74,69.0473
SOLUSDT,BUY,LIMIT,1701987620665,133,69.3663
SOLUSDT,BUY,LIMIT,1701987754227,1,69.6485
SOLUSDT,BUY,LIMIT,1701987755366,24,69.6570
SOLUSDT,BUY,LIMIT,1701987756432,40,69.6666
SOLUSDT,BUY,LIMIT,1701987757474,2,69.6678
SOLUSDT,BUY,LIMIT,1701987758489,132,69.7291
SOLUSDT,BUY,LIMIT,1701987759490,13,69.7633
SOLUSDT,BUY,LIMIT,1701987760543,13,69.7755
SOLUSDT,BUY,LIMIT,1701987766059,29,69.8084
SOLUSDT,BUY,LIMIT,1701987767120,105,69.8467
SOLUSDT,BUY,LIMIT,1701987768202,1,69.8158
SOLUSDT,BUY,LIMIT,1701987815421,4,69.8682
SOLUSDT,BUY,LIMIT,1701987816469,4,69.8542
SOLUSDT,BUY,LIMIT,1701987818869,32,69.8641
SOLUSDT,BUY,LIMIT,1701987831693,4,69.8753
SOLUSDT,BUY,LIMIT,1701987837103,216,69.9370
SOLUSDT,BUY,LIMIT,1701987840074,312,69.9862
SOLUSDT,SELL,LIMIT,1701988099213,52,68.4698
SOLUSDT,SELL,LIMIT,1701988225157,95,68.3716
SOLUSDT,SELL,LIMIT,1701988227285,36,68.3539
SOLUSDT,SELL,LIMIT,1701988228413,89,68.3147
SOLUSDT,SELL,LIMIT,1701988314087,2,68.6033
SOLUSDT,SELL,LIMIT,1701988316942,134,68.2324
SOLUSDT,SELL,LIMIT,1701988318257,5,68.1568
SOLUSDT,SELL,LIMIT,1701988319646,3,68.1437
SOLUSDT,SELL,LIMIT,1701988321182,1,68.1334
SOLUSDT,SELL,LIMIT,1701988326292,1,68.0939
SOLUSDT,SELL,LIMIT,1701988327834,1,68.0555
SOLUSDT,SELL,LIMIT,1701988329185,1,68.0133
SOLUSDT,SELL,LIMIT,1701988330814,5,67.9898
SOLUSDT,SELL,LIMIT,1701988332071,14,67.9556
SOLUSDT,SELL,LIMIT,1701988334621,66,67.9575
SOLUSDT,SELL,LIMIT,1701988353090,30,68.2106
SOLUSDT,SELL,LIMIT,1701988397856,5,67.9178
SOLUSDT,SELL,LIMIT,1701988399177,4,67.9054
SOLUSDT,SELL,LIMIT,1701988403707,31,67.8736
SOLUSDT,SELL,LIMIT,1701988407210,11,67.8422
SOLUSDT,SELL,LIMIT,1701988408577,1,67.8196
SOLUSDT,SELL,LIMIT,1701988411375,14,67.7992
SOLUSDT,SELL,LIMIT,1701988413161,2,67.7766
SOLUSDT,SELL,LIMIT,1701988448166,4,67.7348
SOLUSDT,SELL,LIMIT,1701988450288,8,67.6932
SOLUSDT,SELL,LIMIT,1701988451349,30,67.6212
SOLUSDT,SELL,LIMIT,1701988453020,1,67.5665
SOLUSDT,SELL,LIMIT,1701988454260,24,67.5382
SOLUSDT,SELL,LIMIT,1701988462251,17,67.5159
SOLUSDT,SELL,LIMIT,1701988474009,4,67.4957
SOLUSDT,SELL,LIMIT,1701988475155,3,67.4437
SOLUSDT,SELL,LIMIT,1701988488201,11,67.4092
SOLUSDT,SELL,LIMIT,1701988555126,13,67.3944
SOLUSDT,SELL,LIMIT,1701988556136,62,67.3372
SOLUSDT,SELL,LIMIT,1701988557521,17,67.3086
SOLUSDT,SELL,LIMIT,1701988864799,44,67.2247
SOLUSDT,SELL,LIMIT,1701988866054,8,67.2119
SOLUSDT,SELL,LIMIT,1701988867927,3,67.1980
SOLUSDT,SELL,LIMIT,1701988870195,11,67.1789
SOLUSDT,BUY,LIMIT,1701989214532,31,68.7091
SOLUSDT,BUY,LIMIT,1701989219173,11,68.7410
SOLUSDT,BUY,LIMIT,1701989222658,24,68.7967
SOLUSDT,BUY,LIMIT,1701989223941,12,68.8018
SOLUSDT,BUY,LIMIT,1701989251949,1,68.8514
SOLUSDT,BUY,LIMIT,1701989255609,29,68.8759
SOLUSDT,SELL,LIMIT,1701989369435,1,67.5127
SOLUSDT,BUY,LIMIT,1701989447132,24,68.8384
SOLUSDT,BUY,LIMIT,1701989448436,66,68.8339
SOLUSDT,SELL,LIMIT,1701989593294,96,67.7114
SOLUSDT,SELL,LIMIT,1701989962057,17,67.4881
SOLUSDT,SELL,LIMIT,1701990060540,3,67.4432
SOLUSDT,SELL,LIMIT,1701990066370,11,67.4039
SOLUSDT,SELL,LIMIT,1701990726403,13,67.2863
SOLUSDT,SELL,LIMIT,1701990730228,101,67.2232
SOLUSDT,SELL,LIMIT,1701990738302,41,67.1851
SOLUSDT,SELL,LIMIT,1701990742070,1,67.1625
SOLUSDT,SELL,LIMIT,1701990743461,1,67.1578
SOLUSDT,SELL,LIMIT,1701990744848,347,67.0180
SOLUSDT,SELL,LIMIT,1701990806816,87,67.1374
SOLUSDT,SELL,LIMIT,1701990809902,21,67.1214
SOLUSDT,SELL,LIMIT,1701990811590,21,67.1271
SOLUSDT,SELL,LIMIT,1701990813201,1,67.1184
SOLUSDT,SELL,LIMIT,1701991028827,4,67.0783
SOLUSDT,SELL,LIMIT,1701991031232,21,67.0717
SOLUSDT,SELL,LIMIT,1701991034046,1,67.0247
SOLUSDT,SELL,LIMIT,1701991035109,147,67.0254
SOLUSDT,SELL,LIMIT,1701991036193,10,66.9991
SOLUSDT,SELL,LIMIT,1701991040093,206,66.9168
SOLUSDT,SELL,LIMIT,1701991042921,20,66.9651
SOLUSDT,SELL,LIMIT,1701991409996,34,66.9252
SOLUSDT,SELL,LIMIT,1701991414107,12,66.9274
SOLUSDT,SELL,LIMIT,1701991422343,10,66.8902
SOLUSDT,SELL,LIMIT,1701991426509,20,66.8506
SOLUSDT,SELL,LIMIT,1701991429461,2,66.8038
SOLUSDT,SELL,LIMIT,1701991432437,1,66.7838
SOLUSDT,SELL,LIMIT,1701991437547,12,66.7785
SOLUSDT,SELL,LIMIT,1701991532238,20,66.7623
SOLUSDT,SELL,LIMIT,1701991535289,11,66.7620
SOLUSDT,SELL,LIMIT,1701991536568,59,66.7489
SOLUSDT,SELL,LIMIT,1701991557287,3,66.7323
SOLUSDT,SELL,LIMIT,1701991567225,12,66.7188
SOLUSDT,SELL,LIMIT,1701991568300,10,66.6941
SOLUSDT,SELL,LIMIT,1701991570445,15,66.6886
SOLUSDT,SELL,LIMIT,1701991575204,2,66.6693
SOLUSDT,SELL,LIMIT,1701991576259,4,66.6519
SOLUSDT,SELL,LIMIT,1701991577269,9,66.6421
SOLUSDT,SELL,LIMIT,1701991966366,1,66.6311
SOLUSDT,SELL,LIMIT,1701991991563,128,66.6207
SOLUSDT,SELL,LIMIT,1701992003735,8,66.6050
SOLUSDT,SELL,LIMIT,1701992007032,18,66.5875
SOLUSDT,SELL,LIMIT,1701992090369,357,66.4126
SOLUSDT,SELL,LIMIT,1701992130473,2,66.5211
SOLUSDT,SELL,LIMIT,1701992152220,2,66.4926
SOLUSDT,BUY,LIMIT,1701992463867,14,67.8902
SOLUSDT,BUY,LIMIT,1701992581281,18,67.9530
SOLUSDT,BUY,LIMIT,1701992625238,101,68.0371
SOLUSDT,BUY,LIMIT,1701992714043,26,68.0635
SOLUSDT,BUY,LIMIT,1701992715229,24,68.0825
SOLUSDT,BUY,LIMIT,1701992728080,12,68.1262
SOLUSDT,BUY,LIMIT,1701992736328,6,68.1770
SOLUSDT,BUY,LIMIT,1701992738211,148,68.2025
SOLUSDT,BUY,LIMIT,1701992772622,31,68.2840
SOLUSDT,BUY,LIMIT,1701993699058,21,68.4957
SOLUSDT,BUY,LIMIT,1701993729957,49,68.5342
SOLUSDT,BUY,LIMIT,1701993733109,20,68.5397
SOLUSDT,BUY,LIMIT,1701993742137,20,68.5732
SOLUSDT,BUY,LIMIT,1701993768306,14,68.6292
SOLUSDT,BUY,LIMIT,1701993820085,1,68.7744
SOLUSDT,BUY,LIMIT,1701993821159,99,68.7629
SOLUSDT,BUY,LIMIT,1701993823931,73,68.8130
SOLUSDT,BUY,LIMIT,1701993830122,13,68.8380
SOLUSDT,BUY,LIMIT,1701993833299,33,68.8961
SOLUSDT,BUY,LIMIT,1701993837710,56,68.9225
SOLUSDT,BUY,LIMIT,1701993855588,7,68.9456
SOLUSDT,BUY,LIMIT,1701993857811,538,69.1657
SOLUSDT,BUY,LIMIT,1701993866701,26,69.0114
SOLUSDT,BUY,LIMIT,1701994023133,7,69.0278
SOLUSDT,BUY,LIMIT,1701994025701,130,69.0638
SOLUSDT,BUY,LIMIT,1701994060675,1,69.0893
SOLUSDT,BUY,LIMIT,1701994065255,14,69.1583
SOLUSDT,BUY,LIMIT,1701994070285,8,69.1662
SOLUSDT,BUY,LIMIT,1701994161424,70,69.1905
SOLUSDT,BUY,LIMIT,1701994168776,10,69.2153
SOLUSDT,BUY,LIMIT,1701994170735,23,69.2348
SOLUSDT,BUY,LIMIT,1701994184578,2,69.2599
SOLUSDT,BUY,LIMIT,1701994187304,2,69.3093
SOLUSDT,BUY,LIMIT,1701994199106,4,69.3543
SOLUSDT,BUY,LIMIT,1701994520126,30,69.0263
SOLUSDT,SELL,LIMIT,1701994677117,29,67.9725
SOLUSDT,BUY,LIMIT,1701994929326,4,69.3879
SOLUSDT,BUY,LIMIT,1701994932039,16,69.4044
SOLUSDT,BUY,LIMIT,1701994958175,1,69.4390
SOLUSDT,BUY,LIMIT,1701994961400,20,69.4449
SOLUSDT,SELL,LIMIT,1701995759083,5,68.0372
SOLUSDT,SELL,LIMIT,1701995761130,29,68.0358
SOLUSDT,SELL,LIMIT,1701995768960,10,68.0070
SOLUSDT,SELL,LIMIT,1701996337675,2,67.9543
SOLUSDT,SELL,LIMIT,1701996339532,3,67.9222
SOLUSDT,SELL,LIMIT,1701996342789,3,67.9163
SOLUSDT,SELL,LIMIT,1701996344154,25,67.9099
SOLUSDT,SELL,LIMIT,1701996365120,47,67.8376
SOLUSDT,SELL,LIMIT,1701996367198,1,67.8259
SOLUSDT,SELL,LIMIT,1701996371287,145,67.7966
SOLUSDT,SELL,LIMIT,1701996396251,28,67.7522
SOLUSDT,BUY,LIMIT,1701997292748,3,69.2768
SOLUSDT,BUY,LIMIT,1701997982105,1,69.2562
SOLUSDT,BUY,LIMIT,1701998143206,55,69.3693
SOLUSDT,BUY,LIMIT,1701998162271,12,69.4227
SOLUSDT,BUY,LIMIT,1701998184463,14,69.4871
SOLUSDT,BUY,LIMIT,1701998185820,1,69.4987
SOLUSDT,BUY,LIMIT,1701998187015,33,69.5107
SOLUSDT,BUY,LIMIT,1701998188067,19,69.5532
SOLUSDT,BUY,LIMIT,1701998189304,23,69.5451
SOLUSDT,BUY,LIMIT,1701998216740,39,69.6215
SOLUSDT,BUY,LIMIT,1701998219062,87,69.6541
SOLUSDT,BUY,LIMIT,1701998264470,1,69.6657
SOLUSDT,BUY,LIMIT,1701998269348,10,69.6876
SOLUSDT,BUY,LIMIT,1701998308437,42,69.6983
SOLUSDT,BUY,LIMIT,1701998315072,24,69.7151
SOLUSDT,BUY,LIMIT,1701998330828,2,69.7338
SOLUSDT,BUY,LIMIT,1701998342081,65,69.7499
SOLUSDT,BUY,LIMIT,1701998343323,8,69.7842
SOLUSDT,BUY,LIMIT,1701998345986,5,69.7889
SOLUSDT,BUY,LIMIT,1701998351056,78,69.8209
SOLUSDT,BUY,LIMIT,1701998352491,4,69.8182
SOLUSDT,BUY,LIMIT,1701998356553,2,69.8335
SOLUSDT,BUY,LIMIT,1701998357767,40,69.8645
SOLUSDT,BUY,LIMIT,1701998359439,11,69.8742
SOLUSDT,BUY,LIMIT,1701998361189,6,69.8977
SOLUSDT,BUY,LIMIT,1701998362360,3,69.8765
SOLUSDT,BUY,LIMIT,1701998367287,1,69.9016
SOLUSDT,BUY,LIMIT,1701998369198,16,69.9189
SOLUSDT,BUY,LIMIT,1701998370876,9,69.9266
SOLUSDT,BUY,LIMIT,1701998371908,30,69.9303
SOLUSDT,BUY,LIMIT,1701998377178,37,69.9477
SOLUSDT,BUY,LIMIT,1701998378251,49,69.9490
SOLUSDT,BUY,LIMIT,1701998379433,6,69.9933
SOLUSDT,SELL,LIMIT,1701998491299,3,69.0282
SOLUSDT,BUY,LIMIT,1701998492799,1,69.7830
SOLUSDT,BUY,LIMIT,1701998494709,15,69.7234
SOLUSDT,BUY,LIMIT,1701998564273,3,69.9959
SOLUSDT,BUY,LIMIT,1701998565360,15,70.0016
SOLUSDT,BUY,LIMIT,1701998566866,2,70.0122
SOLUSDT,BUY,LIMIT,1701998568032,1,70.0241
SOLUSDT,BUY,LIMIT,1701998569185,13,70.0376
SOLUSDT,BUY,LIMIT,1701998571074,2,70.1146
SOLUSDT,BUY,LIMIT,1701998572189,28,70.0823
SOLUSDT,BUY,LIMIT,1701998573622,2,70.1229
SOLUSDT,BUY,LIMIT,1701998574797,4,70.1476
SOLUSDT,SELL,LIMIT,1701998867407,8,68.7375
SOLUSDT,SELL,LIMIT,1701998885989,34,68.5788
SOLUSDT,SELL,LIMIT,1701998890752,8,68.5535
SOLUSDT,SELL,LIMIT,1701999432141,12,68.4762
SOLUSDT,SELL,LIMIT,1702000150442,50,68.4627
SOLUSDT,SELL,LIMIT,1702000165848,51,68.4352
SOLUSDT,SELL,LIMIT,1702000182387,10,68.2647
SOLUSDT,SELL,LIMIT,1702000529809,26,68.3471
SOLUSDT,SELL,LIMIT,1702000534913,3,68.2442
SOLUSDT,SELL,LIMIT,1702000544342,1,68.1602
SOLUSDT,SELL,LIMIT,1702000549281,1,68.1467
SOLUSDT,SELL,LIMIT,1702000589411,11,68.0485
SOLUSDT,SELL,LIMIT,1702000591307,8,67.9834
SOLUSDT,BUY,LIMIT,1702001284417,57,69.5046
SOLUSDT,BUY,LIMIT,1702001289295,38,69.5906
SOLUSDT,BUY,LIMIT,1702001292474,8,69.6447
SOLUSDT,BUY,LIMIT,1702001406441,4,69.6798
SOLUSDT,SELL,LIMIT,1702001923562,2,68.7840
SOLUSDT,BUY,LIMIT,1702002006147,1,69.9375
SOLUSDT,BUY,LIMIT,1702002007489,1,69.9234
SOLUSDT,BUY,LIMIT,1702002009842,2,69.9488
SOLUSDT,SELL,LIMIT,1702002562564,14,68.5493
SOLUSDT,BUY,LIMIT,1702002667348,130,69.9072
SOLUSDT,BUY,LIMIT,1702002669408,65,69.9250
SOLUSDT,BUY,LIMIT,1702002742694,4,69.8405
SOLUSDT,BUY,LIMIT,1702002790251,12,69.9639
SOLUSDT,BUY,LIMIT,1702002821890,2,69.9263
SOLUSDT,BUY,LIMIT,1702002861032,32,69.9652
SOLUSDT,BUY,LIMIT,1702002882443,28,69.9226
SOLUSDT,BUY,LIMIT,1702003117175,21,69.9822
SOLUSDT,BUY,LIMIT,1702003128182,3,70.0010
SOLUSDT,SELL,LIMIT,1702003268534,7,68.9668
SOLUSDT,BUY,LIMIT,1702003469154,18,69.7972
SOLUSDT,BUY,LIMIT,1702003653252,3,67.9751
SOLUSDT,BUY,LIMIT,1702003662421,10,69.5357
SOLUSDT,SELL,LIMIT,1702003664967,3,69.0512
SOLUSDT,SELL,LIMIT,1702003759235,1,68.8157
SOLUSDT,BUY,LIMIT,1702003828827,2,69.6145
SOLUSDT,BUY,LIMIT,1702003854882,1,69.7222
SOLUSDT,BUY,LIMIT,1702003856676,147,69.7440
SOLUSDT,BUY,LIMIT,1702003909471,13,69.6719
SOLUSDT,BUY,LIMIT,1702003944224,10,69.8138
SOLUSDT,BUY,LIMIT,1702003960248,26,69.9328
SOLUSDT,BUY,LIMIT,1702003972335,5,70.0049
SOLUSDT,BUY,LIMIT,1702003973657,7,70.0224
SOLUSDT,BUY,LIMIT,1702003977918,2,70.0442
SOLUSDT,BUY,LIMIT,1702003979296,30,70.0519
SOLUSDT,BUY,LIMIT,1702003980737,2,70.0775
SOLUSDT,BUY,LIMIT,1702004023656,1,70.0931
SOLUSDT,BUY,LIMIT,1702004035263,1,70.1457
SOLUSDT,BUY,LIMIT,1702004039157,3,70.1706
SOLUSDT,BUY,LIMIT,1702004040167,26,70.1699
SOLUSDT,BUY,LIMIT,1702004041454,1,70.1819
SOLUSDT,BUY,LIMIT,1702004042503,1,70.1966
SOLUSDT,BUY,LIMIT,1702004043531,22,70.1851
SOLUSDT,BUY,LIMIT,1702004059165,23,70.2076
SOLUSDT,BUY,LIMIT,1702004060224,42,70.2171
SOLUSDT,BUY,LIMIT,1702004065233,2,70.2295
SOLUSDT,BUY,LIMIT,1702004066565,3,70.2330
SOLUSDT,BUY,LIMIT,1702004071099,11,70.2199
SOLUSDT,BUY,LIMIT,1702004079507,30,70.2308
SOLUSDT,BUY,LIMIT,1702004080882,22,70.2429
SOLUSDT,BUY,LIMIT,1702004082175,10,70.2526
SOLUSDT,BUY,LIMIT,1702004083906,37,70.2613
SOLUSDT,BUY,LIMIT,1702004085085,128,70.2728
SOLUSDT,BUY,LIMIT,1702005103302,40,70.2925
SOLUSDT,BUY,LIMIT,1702005104437,33,70.2880
SOLUSDT,BUY,LIMIT,1702005105725,2,70.2935
SOLUSDT,BUY,LIMIT,1702005107126,3194,70.9991
SOLUSDT,BUY,LIMIT,1702005108134,1,70.3131
SOLUSDT,BUY,LIMIT,1702005109522,19,70.3280
SOLUSDT,BUY,LIMIT,1702005110589,5,70.3428
SOLUSDT,BUY,LIMIT,1702005111767,37,70.3728
SOLUSDT,BUY,LIMIT,1702005125005,1,70.3915
SOLUSDT,BUY,LIMIT,1702005126173,3,70.3968
SOLUSDT,BUY,LIMIT,1702005127181,154,70.4350
SOLUSDT,BUY,LIMIT,1702005172494,582,70.6273
SOLUSDT,BUY,LIMIT,1702005192349,7,70.4489
SOLUSDT,BUY,LIMIT,1702005199157,5,70.4518
SOLUSDT,BUY,LIMIT,1702005201134,43,70.4753
SOLUSDT,BUY,LIMIT,1702005202262,6,70.4634
SOLUSDT,BUY,LIMIT,1702005218447,163,70.5022
SOLUSDT,BUY,LIMIT,1702005246725,60,70.4834
SOLUSDT,BUY,LIMIT,1702005249063,8,70.4985
SOLUSDT,BUY,LIMIT,1702005250172,172,70.5325
SOLUSDT,BUY,LIMIT,1702005251451,6,70.5130
SOLUSDT,BUY,LIMIT,1702005253286,3,70.5205
SOLUSDT,BUY,LIMIT,1702005256075,5,70.5346
SOLUSDT,BUY,LIMIT,1702005257339,2,70.5321
SOLUSDT,BUY,LIMIT,1702005281063,1,70.5440
SOLUSDT,BUY,LIMIT,1702005282397,2,70.5464
SOLUSDT,BUY,LIMIT,1702005283447,41,70.5693
SOLUSDT,BUY,LIMIT,1702005284516,4,70.6026
SOLUSDT,BUY,LIMIT,1702005285767,32,70.6106
SOLUSDT,BUY,LIMIT,1702005295524,1,70.6306
SOLUSDT,BUY,LIMIT,1702005297974,1,70.6451
SOLUSDT,BUY,LIMIT,1702005315143,1,70.6471
SOLUSDT,BUY,LIMIT,1702005318791,1,70.6506
SOLUSDT,BUY,LIMIT,1702005322306,2,70.6532
SOLUSDT,BUY,LIMIT,1702005323409,144,70.6724
SOLUSDT,BUY,LIMIT,1702005324424,2,70.6838
SOLUSDT,BUY,LIMIT,1702005325487,21,70.7291
SOLUSDT,BUY,LIMIT,1702005326854,1,70.7482
SOLUSDT,BUY,LIMIT,1702005327866,51,70.7576
SOLUSDT,BUY,LIMIT,1702005329099,16,70.8387
SOLUSDT,BUY,LIMIT,1702005334109,2,70.8130
SOLUSDT,BUY,LIMIT,1702005342133,95,70.8432
SOLUSDT,BUY,LIMIT,1702005343170,18,70.8538
SOLUSDT,BUY,LIMIT,1702005344253,32,70.8665
SOLUSDT,BUY,LIMIT,1702005346068,47,70.8893
SOLUSDT,BUY,LIMIT,1702005347181,2,70.8914
SOLUSDT,BUY,LIMIT,1702005349283,16,70.8998
SOLUSDT,BUY,LIMIT,1702005350428,483,71.0800
SOLUSDT,BUY,LIMIT,1702005351452,1,70.9092
SOLUSDT,BUY,LIMIT,1702005352507,3,70.9197
SOLUSDT,BUY,LIMIT,1702005355100,52,70.9242
SOLUSDT,BUY,LIMIT,1702005356270,48,70.9398
SOLUSDT,BUY,LIMIT,1702005359289,9,70.9435
SOLUSDT,BUY,LIMIT,1702005368233,1,70.9487
SOLUSDT,BUY,LIMIT,1702005369283,17,70.9944
SOLUSDT,BUY,LIMIT,1702005370354,1,70.9682
SOLUSDT,BUY,LIMIT,1702005371760,14,70.9772
SOLUSDT,BUY,LIMIT,1702005454135,4,70.9431
SOLUSDT,BUY,LIMIT,1702005533126,3,70.9059
SOLUSDT,BUY,LIMIT,1702005556162,479,71.0844
SOLUSDT,BUY,LIMIT,1702005576681,2,70.8991
SOLUSDT,BUY,LIMIT,1702005633309,6,70.9864
SOLUSDT,BUY,LIMIT,1702005634458,2,70.9884
SOLUSDT,BUY,LIMIT,1702005639133,7,71.0029
SOLUSDT,BUY,LIMIT,1702005640805,1,71.0080
SOLUSDT,BUY,LIMIT,1702005641890,41,71.0114
SOLUSDT,BUY,LIMIT,1702005643217,26,71.0462
SOLUSDT,BUY,LIMIT,1702005644288,27,71.0510
SOLUSDT,BUY,LIMIT,1702005645363,2,71.0822
SOLUSDT,BUY,LIMIT,1702005646374,2,71.1446
SOLUSDT,BUY,LIMIT,1702005647404,217,71.2134
SOLUSDT,BUY,LIMIT,1702005650298,104,71.1798
SOLUSDT,BUY,LIMIT,1702005652117,1,71.1844
SOLUSDT,BUY,LIMIT,1702005653448,15,71.1920
SOLUSDT,BUY,LIMIT,1702005654504,15,71.2066
SOLUSDT,BUY,LIMIT,1702005656558,26,71.2122
SOLUSDT,BUY,LIMIT,1702005658098,3,71.2177
SOLUSDT,BUY,LIMIT,1702005659365,8,71.2362
SOLUSDT,BUY,LIMIT,1702005666101,70,71.2561
SOLUSDT,BUY,LIMIT,1702005667520,14,71.2397
SOLUSDT,BUY,LIMIT,1702005668521,466,71.4376
SOLUSDT,BUY,LIMIT,1702005746322,87,71.2198
SOLUSDT,BUY,LIMIT,1702005751300,1,71.2350
SOLUSDT,BUY,LIMIT,1702005754924,29,71.2737
SOLUSDT,BUY,LIMIT,1702005760576,11,71.2693
SOLUSDT,BUY,LIMIT,1702005762163,1,71.2829
SOLUSDT,BUY,LIMIT,1702005763263,11,71.2765
SOLUSDT,BUY,LIMIT,1702005764303,38,71.2877
SOLUSDT,BUY,LIMIT,1702005765489,56,71.2932
SOLUSDT,BUY,LIMIT,1702005790586,4,71.3046
SOLUSDT,BUY,LIMIT,1702005794178,1,71.3135
SOLUSDT,BUY,LIMIT,1702005795286,11,71.3085
SOLUSDT,BUY,LIMIT,1702005797071,244,71.4524
SOLUSDT,BUY,LIMIT,1702005798095,10,71.3451
SOLUSDT,BUY,LIMIT,1702005799130,5,71.3822
SOLUSDT,BUY,LIMIT,1702005800321,12,71.3867
SOLUSDT,BUY,LIMIT,1702005801387,55,71.4085
SOLUSDT,BUY,LIMIT,1702005803064,19,71.4282
SOLUSDT,BUY,LIMIT,1702005808315,58,71.4259
SOLUSDT,BUY,LIMIT,1702005809490,29,71.4349
SOLUSDT,BUY,LIMIT,1702005810669,3,71.4574
SOLUSDT,BUY,LIMIT,1702005812103,2,71.4645
SOLUSDT,BUY,LIMIT,1702005813132,20,71.4765
SOLUSDT,BUY,LIMIT,1702005814140,41,71.5219
SOLUSDT,BUY,LIMIT,1702005815157,22,71.5327
SOLUSDT,BUY,LIMIT,1702005816168,19,71.5878
SOLUSDT,BUY,LIMIT,1702005817195,3,71.5746
SOLUSDT,BUY,LIMIT,1702005818267,190,71.6674
SOLUSDT,BUY,LIMIT,1702005819282,8,71.6775
SOLUSDT,BUY,LIMIT,1702005820287,1,71.6774
SOLUSDT,BUY,LIMIT,1702005821359,1,71.7017
SOLUSDT,BUY,LIMIT,1702006199197,38,71.2928
SOLUSDT,BUY,LIMIT,1702006329340,118,71.5446
SOLUSDT,BUY,LIMIT,1702006334135,14,71.5893
SOLUSDT,BUY,LIMIT,1702006335187,3,71.6489
SOLUSDT,BUY,LIMIT,1702006336383,5,71.6476
SOLUSDT,BUY,LIMIT,1702006346202,15,71.6758
SOLUSDT,BUY,LIMIT,1702006347490,8,71.6905
SOLUSDT,BUY,LIMIT,1702006349580,1,71.7094
SOLUSDT,BUY,LIMIT,1702006350583,20,71.7183
SOLUSDT,BUY,LIMIT,1702006351663,4,71.7771
SOLUSDT,BUY,LIMIT,1702006352801,50,71.8147
SOLUSDT,BUY,LIMIT,1702006354026,1,71.8196
SOLUSDT,BUY,LIMIT,1702006355070,203,71.9143
SOLUSDT,BUY,LIMIT,1702006362546,91,71.8449
SOLUSDT,BUY,LIMIT,1702006368374,9,71.8726
SOLUSDT,BUY,LIMIT,1702006369426,16,71.8647
SOLUSDT,BUY,LIMIT,1702006370487,76,71.8841
SOLUSDT,BUY,LIMIT,1702006371662,12,71.9424
SOLUSDT,BUY,LIMIT,1702006372767,3,71.9525
SOLUSDT,BUY,LIMIT,1702006374183,10,71.9891
SOLUSDT,BUY,LIMIT,1702006379099,3,71.9820
SOLUSDT,BUY,LIMIT,1702006380621,17,71.9981
SOLUSDT,BUY,LIMIT,1702006399148,2,71.9861
SOLUSDT,BUY,LIMIT,1702006401118,21,72.0093
SOLUSDT,BUY,LIMIT,1702006402409,3,72.0155
SOLUSDT,BUY,LIMIT,1702006403827,20,72.0226
SOLUSDT,BUY,LIMIT,1702006405051,4,72.0563
SOLUSDT,BUY,LIMIT,1702006406072,4,72.0280
SOLUSDT,BUY,LIMIT,1702006408182,281,72.1990
SOLUSDT,BUY,LIMIT,1702006418433,5,72.0699
SOLUSDT,BUY,LIMIT,1702006443248,5,72.0818
SOLUSDT,BUY,LIMIT,1702006444374,4,72.0930
SOLUSDT,BUY,LIMIT,1702006445440,30,72.0865
SOLUSDT,BUY,LIMIT,1702006446448,1,72.1052
SOLUSDT,BUY,LIMIT,1702006447972,2,72.1167
SOLUSDT,BUY,LIMIT,1702006461858,265,72.2243
SOLUSDT,BUY,LIMIT,1702006463261,23,72.1449
SOLUSDT,BUY,LIMIT,1702006464441,16,72.1469
SOLUSDT,BUY,LIMIT,1702006465442,25,72.1914
SOLUSDT,BUY,LIMIT,1702006466460,1,72.1537
SOLUSDT,BUY,LIMIT,1702006467481,4,72.2302
SOLUSDT,BUY,LIMIT,1702006468495,3,72.2045
SOLUSDT,BUY,LIMIT,1702006482461,6,72.2425
SOLUSDT,BUY,LIMIT,1702006581093,3,72.2649
SOLUSDT,BUY,LIMIT,1702006582455,51,72.2660
SOLUSDT,BUY,LIMIT,1702006583485,14,72.3072
SOLUSDT,BUY,LIMIT,1702006585180,7,72.3373
SOLUSDT,BUY,LIMIT,1702006586373,7,72.3379
SOLUSDT,BUY,LIMIT,1702006591127,5,72.3962
SOLUSDT,BUY,LIMIT,1702006592165,12,72.4095
SOLUSDT,BUY,LIMIT,1702006593173,7,72.4126
SOLUSDT,BUY,LIMIT,1702006594293,4,72.4384
SOLUSDT,BUY,LIMIT,1702006595461,21,72.4506
SOLUSDT,BUY,LIMIT,1702006600227,25,72.4594
SOLUSDT,BUY,LIMIT,1702006601287,2,72.4772
SOLUSDT,BUY,LIMIT,1702006661367,1,72.4188
SOLUSDT,BUY,LIMIT,1702006669104,4,72.3683
SOLUSDT,BUY,LIMIT,1702006820940,14,72.1361
SOLUSDT,BUY,LIMIT,1702006881139,1,72.3824
SOLUSDT,BUY,LIMIT,1702006883418,136,72.4290
SOLUSDT,BUY,LIMIT,1702006888117,61,72.4815
SOLUSDT,BUY,LIMIT,1702006889329,1,72.4926
SOLUSDT,BUY,LIMIT,1702006890622,26,72.5029
SOLUSDT,BUY,LIMIT,1702006891776,21,72.5136
SOLUSDT,BUY,LIMIT,1702006892789,3,72.5314
SOLUSDT,BUY,LIMIT,1702006894071,2,72.5612
SOLUSDT,BUY,LIMIT,1702006895073,24,72.5674
SOLUSDT,BUY,LIMIT,1702006896283,1,72.6725
SOLUSDT,BUY,LIMIT,1702006897309,222,72.7749
SOLUSDT,BUY,LIMIT,1702006899179,2,72.7465
SOLUSDT,BUY,LIMIT,1702006900201,28,72.7340
SOLUSDT,BUY,LIMIT,1702006970760,4,72.4302
SOLUSDT,BUY,LIMIT,1702007011384,1,72.3582
SOLUSDT,SELL,LIMIT,1702007029486,1,71.2523
SOLUSDT,SELL,LIMIT,1702007060567,2,71.1965
SOLUSDT,BUY,LIMIT,1702007096292,149,72.4948
SOLUSDT,SELL,LIMIT,1702007330424,10,71.0923
SOLUSDT,BUY,LIMIT,1702007693255,1,72.5171
SOLUSDT,BUY,LIMIT,1702007700533,5,72.5714
SOLUSDT,SELL,LIMIT,1702007949222,10,70.9988
SOLUSDT,SELL,LIMIT,1702007951608,1,70.9695
SOLUSDT,SELL,LIMIT,1702008033159,38,70.9089
SOLUSDT,SELL,LIMIT,1702008042988,9,70.8887
SOLUSDT,SELL,LIMIT,1702008046440,90,70.8328
SOLUSDT,SELL,LIMIT,1702008049399,32,70.8027
SOLUSDT,SELL,LIMIT,1702008055826,1,70.7996
SOLUSDT,SELL,LIMIT,1702008057111,22,70.7656
SOLUSDT,SELL,LIMIT,1702008059294,5,70.7412
SOLUSDT,SELL,LIMIT,1702008062513,1,70.6906
SOLUSDT,SELL,LIMIT,1702008292447,72,71.0711
SOLUSDT,BUY,LIMIT,1702008305186,28,72.0599
SOLUSDT,BUY,LIMIT,1702008509726,50,72.3897
SOLUSDT,BUY,LIMIT,1702008884703,1214,72.5618
SOLUSDT,BUY,LIMIT,1702008918494,421,72.4565
SOLUSDT,BUY,LIMIT,1702008932294,15,72.4390
SOLUSDT,BUY,LIMIT,1702008933315,49,72.4390
SOLUSDT,BUY,LIMIT,1702008978826,20,72.4694
SOLUSDT,BUY,LIMIT,1702008980008,7,72.4764
SOLUSDT,BUY,LIMIT,1702008989703,26,72.5429
SOLUSDT,BUY,LIMIT,1702009016514,1,72.5726
SOLUSDT,BUY,LIMIT,1702009022257,1,72.6302
SOLUSDT,SELL,LIMIT,1702009098224,2,71.2027
SOLUSDT,SELL,LIMIT,1702009124095,1,71.1226
SOLUSDT,BUY,LIMIT,1702009317318,2,72.5587
SOLUSDT,SELL,LIMIT,1702009487263,4,75.6085
SOLUSDT,BUY,LIMIT,1702009676295,6,72.4459
SOLUSDT,SELL,LIMIT,1702009796513,138,71.4276
SOLUSDT,BUY,LIMIT,1702009987727,3,72.5677
SOLUSDT,BUY,LIMIT,1702010671294,19,72.1899
SOLUSDT,SELL,LIMIT,1702010682346,1,71.1365
SOLUSDT,BUY,LIMIT,1702011131541,31,72.6734
SOLUSDT,BUY,LIMIT,1702011133042,2,72.7118
SOLUSDT,BUY,LIMIT,1702011135070,20,72.7572
SOLUSDT,BUY,LIMIT,1702011138512,19,72.7609
SOLUSDT,BUY,LIMIT,1702011139527,6,72.8062
SOLUSDT,BUY,LIMIT,1702011140580,2,72.7698
SOLUSDT,BUY,LIMIT,1702011141612,8,72.8811
SOLUSDT,BUY,LIMIT,1702011143052,32,72.9153
SOLUSDT,BUY,LIMIT,1702011144058,2,72.9936
SOLUSDT,BUY,LIMIT,1702011145075,3,72.9483
SOLUSDT,BUY,LIMIT,1702011146089,178,73.0792
SOLUSDT,BUY,LIMIT,1702011147101,9,72.9859
SOLUSDT,BUY,LIMIT,1702011149106,7,73.0370
SOLUSDT,BUY,LIMIT,1702011150147,10,73.0892
SOLUSDT,BUY,LIMIT,1702011151165,5,73.1129
SOLUSDT,BUY,LIMIT,1702011152205,3,73.1866
SOLUSDT,BUY,LIMIT,1702011153243,16,73.1465
SOLUSDT,BUY,LIMIT,1702011156002,2,73.1569
SOLUSDT,BUY,LIMIT,1702011299384,3,73.2033
SOLUSDT,BUY,LIMIT,1702011301514,16,73.2119
SOLUSDT,BUY,LIMIT,1702011302564,32,73.2207
SOLUSDT,SELL,LIMIT,1702011338898,11,71.8424
SOLUSDT,SELL,LIMIT,1702011340085,1,71.7890
SOLUSDT,SELL,LIMIT,1702011347191,3,71.7067
SOLUSDT,SELL,LIMIT,1702011348676,137,71.6749
SOLUSDT,SELL,LIMIT,1702011359200,1,71.6588
SOLUSDT,SELL,LIMIT,1702011360371,6,71.5445
SOLUSDT,SELL,LIMIT,1702011368102,19,71.4404
SOLUSDT,SELL,LIMIT,1702011392041,120,71.3649
SOLUSDT,BUY,LIMIT,1702011917165,167,72.6020
SOLUSDT,BUY,LIMIT,1702011958439,2,72.6056
SOLUSDT,SELL,LIMIT,1702012133966,1,71.5729
SOLUSDT,BUY,LIMIT,1702012442147,2,72.7792
SOLUSDT,BUY,LIMIT,1702012457384,11,72.8995
SOLUSDT,BUY,LIMIT,1702012461729,3,72.9128
SOLUSDT,SELL,LIMIT,1702013062278,77,71.5075
SOLUSDT,SELL,LIMIT,1702013066073,76,71.4627
SOLUSDT,SELL,LIMIT,1702013093152,112,71.4600
SOLUSDT,SELL,LIMIT,1702013094314,1,71.4493
SOLUSDT,SELL,LIMIT,1702013113438,2,71.4133
SOLUSDT,SELL,LIMIT,1702013134558,26,71.3758
SOLUSDT,SELL,LIMIT,1702013141335,48,71.3385
SOLUSDT,SELL,LIMIT,1702013143780,1,71.3042
SOLUSDT,SELL,LIMIT,1702013150051,40,71.2702
SOLUSDT,SELL,LIMIT,1702013151341,128,71.2254
SOLUSDT,SELL,LIMIT,1702013155151,18,71.2202
SOLUSDT,SELL,LIMIT,1702013159015,3,71.1863
SOLUSDT,SELL,LIMIT,1702013163803,28,71.1289
SOLUSDT,SELL,LIMIT,1702013165178,584,70.9035
SOLUSDT,SELL,LIMIT,1702013166340,237,71.0023
SOLUSDT,BUY,LIMIT,1702013289631,147,72.0817
SOLUSDT,BUY,LIMIT,1702013306444,1,72.1393
SOLUSDT,BUY,LIMIT,1702013373442,5,72.0852
SOLUSDT,SELL,LIMIT,1702013436834,3,71.0545
SOLUSDT,SELL,LIMIT,1702013439301,12,71.0401
SOLUSDT,SELL,LIMIT,1702013456912,19,71.0348
SOLUSDT,SELL,LIMIT,1702013457916,3,71.0251
SOLUSDT,SELL,LIMIT,1702013461909,9,71.0145
SOLUSDT,SELL,LIMIT,1702013463036,2,70.9917
SOLUSDT,SELL,LIMIT,1702013466105,1,70.9660
SOLUSDT,SELL,LIMIT,1702013473854,56,70.9506
SOLUSDT,SELL,LIMIT,1702013474878,36,70.9447
SOLUSDT,SELL,LIMIT,1702013489107,2,70.8405
SOLUSDT,SELL,LIMIT,1702013490371,2,70.8647
SOLUSDT,SELL,LIMIT,1702013507007,13,70.8327
SOLUSDT,BUY,LIMIT,1702013575412,18,71.9423
SOLUSDT,SELL,LIMIT,1702013677096,10,70.7979
SOLUSDT,SELL,LIMIT,1702013837899,12,70.8500
SOLUSDT,SELL,LIMIT,1702013871447,5,70.7633
SOLUSDT,SELL,LIMIT,1702013879372,1,70.7146
SOLUSDT,BUY,LIMIT,1702013943131,9,71.7367
SOLUSDT,SELL,LIMIT,1702014055863,3,70.7382
SOLUSDT,SELL,LIMIT,1702014122393,1,70.6737
SOLUSDT,SELL,LIMIT,1702014226863,2,70.6542
SOLUSDT,SELL,LIMIT,1702014230211,135,70.6595
SOLUSDT,SELL,LIMIT,1702014231510,1,70.6498
SOLUSDT,SELL,LIMIT,1702014232587,49,70.6140
SOLUSDT,SELL,LIMIT,1702014233943,5,70.5799
SOLUSDT,SELL,LIMIT,1702014246066,71,70.5764
SOLUSDT,SELL,LIMIT,1702014247207,1,70.5745
SOLUSDT,SELL,LIMIT,1702014255071,9,70.5629
SOLUSDT,SELL,LIMIT,1702014262293,2,70.5520
SOLUSDT,SELL,LIMIT,1702014266218,12,70.5397
SOLUSDT,SELL,LIMIT,1702014268664,17,70.5024
SOLUSDT,SELL,LIMIT,1702014270100,46,70.4853
SOLUSDT,SELL,LIMIT,1702015315138,52,70.5547
SOLUSDT,BUY,LIMIT,1702015817112,1,71.9142
SOLUSDT,BUY,LIMIT,1702015818222,1,71.9676
SOLUSDT,BUY,LIMIT,1702015821579,26,71.9839
SOLUSDT,BUY,LIMIT,1702015823300,2,71.9901
SOLUSDT,BUY,LIMIT,1702015826366,1,72.0393
SOLUSDT,BUY,LIMIT,1702015829138,16,72.0852
SOLUSDT,BUY,LIMIT,1702015833552,28,72.1106
SOLUSDT,BUY,LIMIT,1702015872723,31,71.9260
SOLUSDT,BUY,LIMIT,1702015876055,3,71.9607
SOLUSDT,BUY,LIMIT,1702015877418,4,71.7537
SOLUSDT,BUY,LIMIT,1702015879305,1,71.9858
SOLUSDT,BUY,LIMIT,1702015946372,10,72.0945
SOLUSDT,BUY,LIMIT,1702016068254,1,72.1553
SOLUSDT,BUY,LIMIT,1702016154522,14,72.0318
SOLUSDT,BUY,LIMIT,1702016457530,2,72.1643
SOLUSDT,BUY,LIMIT,1702016459638,36,72.1875
SOLUSDT,BUY,LIMIT,1702016461581,2,72.1994
SOLUSDT,BUY,LIMIT,1702016470076,1,72.2312
SOLUSDT,BUY,LIMIT,1702016472017,105,72.2371
SOLUSDT,BUY,LIMIT,1702016476057,21,72.2770
SOLUSDT,BUY,LIMIT,1702016481454,1,72.2985
SOLUSDT,BUY,LIMIT,1702016484228,32,72.3069
SOLUSDT,BUY,LIMIT,1702016485847,4,72.3215
SOLUSDT,BUY,LIMIT,1702016754346,37,72.3795
SOLUSDT,BUY,LIMIT,1702016767194,1,72.3996
SOLUSDT,BUY,LIMIT,1702016838664,20,72.4237
SOLUSDT,BUY,LIMIT,1702016843102,1,72.4415
SOLUSDT,BUY,LIMIT,1702016971982,1,72.4663
SOLUSDT,BUY,LIMIT,1702016974396,40,72.4906
SOLUSDT,BUY,LIMIT,1702016981916,24,72.4959
SOLUSDT,BUY,LIMIT,1702016985141,2,72.5251
SOLUSDT,BUY,LIMIT,1702016986329,4,72.5259
SOLUSDT,BUY,LIMIT,1702016989766,1,72.5536
SOLUSDT,BUY,LIMIT,1702017118220,75,72.4418
SOLUSDT,BUY,LIMIT,1702017169173,4,72.5691
SOLUSDT,BUY,LIMIT,1702017170813,9,72.5853
SOLUSDT,BUY,LIMIT,1702017182116,13,72.5978
SOLUSDT,BUY,LIMIT,1702017183252,20,72.6055
SOLUSDT,BUY,LIMIT,1702017185854,1,72.6110
SOLUSDT,BUY,LIMIT,1702017380310,1,72.6321
SOLUSDT,BUY,LIMIT,1702017385098,11,72.6549
SOLUSDT,BUY,LIMIT,1702017387173,13,72.6576
SOLUSDT,BUY,LIMIT,1702017389446,8,72.6952
SOLUSDT,BUY,LIMIT,1702017420202,3,72.7204
SOLUSDT,BUY,LIMIT,1702017421215,25,72.7386
SOLUSDT,BUY,LIMIT,1702017425879,400,72.9197
SOLUSDT,BUY,LIMIT,1702017427399,33,72.7580
SOLUSDT,BUY,LIMIT,1702017433572,1,72.7846
SOLUSDT,BUY,LIMIT,1702017434886,15,72.8094
SOLUSDT,BUY,LIMIT,1702017452144,86,72.8015
SOLUSDT,BUY,LIMIT,1702017461302,1,72.8620
SOLUSDT,BUY,LIMIT,1702017465472,51,72.8743
SOLUSDT,SELL,LIMIT,1702018150730,20,71.3668
SOLUSDT,BUY,LIMIT,1702018170404,2,72.4164
SOLUSDT,SELL,LIMIT,1702018312327,47,71.6364
SOLUSDT,BUY,LIMIT,1702018380321,1,72.6215
SOLUSDT,BUY,LIMIT,1702018479895,144,72.8428
SOLUSDT,BUY,LIMIT,1702018502502,24,72.8956
SOLUSDT,BUY,LIMIT,1702018508599,1,72.8996
SOLUSDT,BUY,LIMIT,1702018511892,6,72.9066
SOLUSDT,BUY,LIMIT,1702018527103,1,72.9506
SOLUSDT,BUY,LIMIT,1702018714336,131,72.9826
SOLUSDT,BUY,LIMIT,1702018715831,29,73.0092
SOLUSDT,BUY,LIMIT,1702018719344,7,73.0474
SOLUSDT,BUY,LIMIT,1702018720874,2,73.0663
SOLUSDT,BUY,LIMIT,1702018728393,545,73.2609
SOLUSDT,BUY,LIMIT,1702018911269,32,73.0847
SOLUSDT,BUY,LIMIT,1702018916433,6,73.0975
SOLUSDT,BUY,LIMIT,1702018919144,9,73.1110
SOLUSDT,BUY,LIMIT,1702018944089,1,73.1435
SOLUSDT,BUY,LIMIT,1702018951578,1,73.1798
SOLUSDT,BUY,LIMIT,1702018953903,15,73.2174
SOLUSDT,BUY,LIMIT,1702018955019,7,73.2644
SOLUSDT,BUY,LIMIT,1702018956191,1,73.2794
SOLUSDT,BUY,LIMIT,1702018957197,58,73.3051
SOLUSDT,BUY,LIMIT,1702018958261,1,73.3007
SOLUSDT,BUY,LIMIT,1702019027807,8,73.3213
SOLUSDT,BUY,LIMIT,1702019030096,82,73.3417
SOLUSDT,BUY,LIMIT,1702019031123,1,73.3508
SOLUSDT,SELL,LIMIT,1702019542184,23,71.6306
SOLUSDT,SELL,LIMIT,1702019544323,1,71.6013
SOLUSDT,SELL,LIMIT,1702019547089,4,71.5598
SOLUSDT,SELL,LIMIT,1702020113951,1,71.5309
SOLUSDT,SELL,LIMIT,1702020115024,5,71.5092
SOLUSDT,SELL,LIMIT,1702020123167,5,71.4740
SOLUSDT,SELL,LIMIT,1702020144717,22,71.4359
SOLUSDT,SELL,LIMIT,1702020146347,12,71.4029
SOLUSDT,SELL,LIMIT,1702020148737,5,71.3728
SOLUSDT,SELL,LIMIT,1702020174256,9,71.3575
SOLUSDT,SELL,LIMIT,1702020187338,14,71.3425
SOLUSDT,SELL,LIMIT,1702020188440,2,71.3306
SOLUSDT,SELL,LIMIT,1702020189625,10,71.2863
SOLUSDT,SELL,LIMIT,1702020191086,69,71.2651
SOLUSDT,SELL,LIMIT,1702020192324,60,71.2671
SOLUSDT,SELL,LIMIT,1702020222508,138,71.2519
SOLUSDT,SELL,LIMIT,1702020223649,10,71.2312
SOLUSDT,SELL,LIMIT,1702020293721,130,71.2000
SOLUSDT,SELL,LIMIT,1702020295149,3,71.1831
SOLUSDT,SELL,LIMIT,1702020299200,93,71.1526
SOLUSDT,BUY,LIMIT,1702020504492,1,72.2895
SOLUSDT,SELL,LIMIT,1702020591675,21,71.2230
SOLUSDT,SELL,LIMIT,1702020629715,1,71.1362
SOLUSDT,SELL,LIMIT,1702020634327,136,71.0924
SOLUSDT,SELL,LIMIT,1702020636123,12,71.0553
SOLUSDT,SELL,LIMIT,1702020643482,36,71.0535
SOLUSDT,SELL,LIMIT,1702020652158,18,71.0365
SOLUSDT,SELL,LIMIT,1702020655080,1,70.9985
SOLUSDT,SELL,LIMIT,1702020662011,138,70.9846
SOLUSDT,SELL,LIMIT,1702020663356,12,70.9843
SOLUSDT,SELL,LIMIT,1702020665118,139,70.8991
SOLUSDT,SELL,LIMIT,1702020666151,59,70.9145
SOLUSDT,BUY,LIMIT,1702021650378,1,72.4743
SOLUSDT,SELL,LIMIT,1702022393918,2,71.0123
SOLUSDT,BUY,LIMIT,1702022398125,9,71.8562
SOLUSDT,SELL,LIMIT,1702022399960,10,70.9572
SOLUSDT,SELL,LIMIT,1702022515871,21,70.9596
SOLUSDT,SELL,LIMIT,1702022533248,34,70.9470
SOLUSDT,SELL,LIMIT,1702022534766,19,70.9081
SOLUSDT,SELL,LIMIT,1702022547558,50,70.8972
SOLUSDT,SELL,LIMIT,1702022548844,5,70.8917
SOLUSDT,SELL,LIMIT,1702022549919,26,70.8828
SOLUSDT,SELL,LIMIT,1702022551251,1,70.8744
SOLUSDT,SELL,LIMIT,1702022552695,1,70.8635
SOLUSDT,SELL,LIMIT,1702022554136,2,70.8778
SOLUSDT,BUY,LIMIT,1702022755066,14,72.3107
SOLUSDT,BUY,LIMIT,1702022757659,112,72.3467
SOLUSDT,BUY,LIMIT,1702023250271,2,72.5127
SOLUSDT,BUY,LIMIT,1702023260308,27,72.5603
SOLUSDT,BUY,LIMIT,1702023262349,46,72.6227
SOLUSDT,BUY,LIMIT,1702023271398,7,72.6447
SOLUSDT,BUY,LIMIT,1702023279118,41,72.6834
SOLUSDT,BUY,LIMIT,1702023282397,33,72.7239
SOLUSDT,SELL,LIMIT,1702023692115,16,71.2414
SOLUSDT,SELL,LIMIT,1702023889177,6,71.1078
SOLUSDT,SELL,LIMIT,1702023895211,12,71.0376
SOLUSDT,SELL,LIMIT,1702023896261,138,71.0342
SOLUSDT,SELL,LIMIT,1702024054986,123,70.9589
SOLUSDT,SELL,LIMIT,1702024059704,34,70.9355
SOLUSDT,SELL,LIMIT,1702024061353,4,70.9304
SOLUSDT,SELL,LIMIT,1702024330219,132,70.8590
SOLUSDT,SELL,LIMIT,1702024336359,33,70.8457
SOLUSDT,SELL,LIMIT,1702024343060,10,70.8340
SOLUSDT,SELL,LIMIT,1702024344197,27,70.8302
SOLUSDT,SELL,LIMIT,1702024345636,1,70.8002
SOLUSDT,SELL,LIMIT,1702024347059,1,70.7681
SOLUSDT,SELL,LIMIT,1702024542126,13,70.7377
SOLUSDT,SELL,LIMIT,1702024543444,88,70.7238
SOLUSDT,SELL,LIMIT,1702024545351,17,70.7056
SOLUSDT,SELL,LIMIT,1702024546792,3,70.6918
SOLUSDT,SELL,LIMIT,1702024582541,20,70.6889
SOLUSDT,SELL,LIMIT,1702024597040,1,70.6289
SOLUSDT,SELL,LIMIT,1702024598232,3,70.6559
SOLUSDT,SELL,LIMIT,1702024600520,2,70.6020
SOLUSDT,SELL,LIMIT,1702024627151,54,70.5990
SOLUSDT,SELL,LIMIT,1702024628169,27,70.5975
SOLUSDT,SELL,LIMIT,1702024643043,22,70.5783
SOLUSDT,SELL,LIMIT,1702024650044,2,70.5689
SOLUSDT,SELL,LIMIT,1702025781700,2,70.6685
SOLUSDT,SELL,LIMIT,1702025815436,1,70.5392
SOLUSDT,SELL,LIMIT,1702025816877,238,70.4244
SOLUSDT,SELL,LIMIT,1702025818179,400,70.3301
SOLUSDT,SELL,LIMIT,1702025819201,245,70.3574
SOLUSDT,SELL,LIMIT,1702025820807,2,70.4458
SOLUSDT,SELL,LIMIT,1702025822375,30,70.4270
SOLUSDT,SELL,LIMIT,1702025824225,5,70.3784
SOLUSDT,SELL,LIMIT,1702025826600,93,70.3657
SOLUSDT,SELL,LIMIT,1702025828139,21,70.3518
SOLUSDT,SELL,LIMIT,1702025829375,17,70.3423
SOLUSDT,SELL,LIMIT,1702025911184,10,70.3194
SOLUSDT,SELL,LIMIT,1702025912293,319,70.1521
SOLUSDT,SELL,LIMIT,1702025913509,1,70.2912
SOLUSDT,SELL,LIMIT,1702025949295,13,70.2716
SOLUSDT,SELL,LIMIT,1702025965318,2,70.2694
SOLUSDT,SELL,LIMIT,1702025967434,9,70.2488
SOLUSDT,SELL,LIMIT,1702025985360,6,70.2459
SOLUSDT,SELL,LIMIT,1702025987092,30,70.1663
SOLUSDT,SELL,LIMIT,1702025988247,52,70.1801
SOLUSDT,SELL,LIMIT,1702026011002,3,70.1275
SOLUSDT,BUY,LIMIT,1702026786127,1,71.5657
SOLUSDT,BUY,LIMIT,1702027014460,50,71.5756
SOLUSDT,BUY,LIMIT,1702027044242,1,71.6447
SOLUSDT,BUY,LIMIT,1702027055783,1,71.6660
SOLUSDT,BUY,LIMIT,1702027088276,5,71.7006
SOLUSDT,BUY,LIMIT,1702027089986,11,71.7399
SOLUSDT,BUY,LIMIT,1702027091268,13,71.7775
SOLUSDT,BUY,LIMIT,1702027092909,5,71.7820
SOLUSDT,BUY,LIMIT,1702027097690,40,71.8248
SOLUSDT,BUY,LIMIT,1702027119399,11,71.8392
SOLUSDT,BUY,LIMIT,1702027144231,1,71.8473
SOLUSDT,BUY,LIMIT,1702027145397,1,71.8553
SOLUSDT,BUY,LIMIT,1702027432672,4,71.7664
SOLUSDT,BUY,LIMIT,1702027946587,3,71.8796
SOLUSDT,BUY,LIMIT,1702027959983,65,71.9139
SOLUSDT,BUY,LIMIT,1702027984261,3,71.9432
SOLUSDT,BUY,LIMIT,1702027985343,40,71.9481
SOLUSDT,BUY,LIMIT,1702027989097,81,71.9961
SOLUSDT,BUY,LIMIT,1702027990542,13,72.0070
SOLUSDT,BUY,LIMIT,1702028856318,70,72.0259
SOLUSDT,BUY,LIMIT,1702028941254,24,71.8661
SOLUSDT,SELL,LIMIT,1702029280326,1,70.5611
SOLUSDT,SELL,LIMIT,1702029290293,69,70.5248
SOLUSDT,BUY,LIMIT,1702029856213,98,72.0411
SOLUSDT,BUY,LIMIT,1702029873235,2,72.0641
SOLUSDT,BUY,LIMIT,1702029874274,207,72.2199
SOLUSDT,BUY,LIMIT,1702029875511,10,72.0856
SOLUSDT,BUY,LIMIT,1702029879094,5,72.2143
SOLUSDT,BUY,LIMIT,1702029881652,7,72.2281
SOLUSDT,BUY,LIMIT,1702029883644,26,72.2456
SOLUSDT,BUY,LIMIT,1702029884683,6,72.2565
SOLUSDT,BUY,LIMIT,1702029886425,5,72.2878
SOLUSDT,BUY,LIMIT,1702029887518,12,72.3016
SOLUSDT,BUY,LIMIT,1702029975882,4,72.1650
SOLUSDT,BUY,LIMIT,1702030097108,2,72.3038
SOLUSDT,BUY,LIMIT,1702030099552,2,72.3180
SOLUSDT,BUY,LIMIT,1702030105310,4,72.3382
SOLUSDT,BUY,LIMIT,1702030110151,3,72.3453
SOLUSDT,BUY,LIMIT,1702030113348,12,72.3543
SOLUSDT,BUY,LIMIT,1702030123643,2,72.4099
SOLUSDT,BUY,LIMIT,1702030131298,95,72.4158
SOLUSDT,BUY,LIMIT,1702030134220,12,72.4286
SOLUSDT,SELL,LIMIT,1702030200425,1,71.3145
SOLUSDT,BUY,LIMIT,1702030764346,3,72.4735
SOLUSDT,BUY,LIMIT,1702030793072,10,72.5187
SOLUSDT,BUY,LIMIT,1702030795298,67,72.5506
SOLUSDT,BUY,LIMIT,1702030796580,27,72.5715
SOLUSDT,BUY,LIMIT,1702030800902,13,72.6017
SOLUSDT,BUY,LIMIT,1702030802196,1,72.6092
SOLUSDT,BUY,LIMIT,1702030928239,2,72.6475
SOLUSDT,BUY,LIMIT,1702030932962,5,72.6616
SOLUSDT,BUY,LIMIT,1702030936372,1,72.6770
SOLUSDT,BUY,LIMIT,1702030937513,1,72.7112
SOLUSDT,BUY,LIMIT,1702030938567,108,72.7131
SOLUSDT,BUY,LIMIT,1702030939686,73,72.7418
SOLUSDT,BUY,LIMIT,1702030941557,37,72.7548
SOLUSDT,BUY,LIMIT,1702030946307,2,72.7637
SOLUSDT,BUY,LIMIT,1702030947349,4,72.7628
SOLUSDT,BUY,LIMIT,1702030948490,14,72.8215
SOLUSDT,BUY,LIMIT,1702030950156,7,72.8219
SOLUSDT,BUY,LIMIT,1702030951237,63,72.8478
SOLUSDT,BUY,LIMIT,1702030955731,6,72.8524
SOLUSDT,BUY,LIMIT,1702030957316,139,72.8599
SOLUSDT,BUY,LIMIT,1702030983135,54,72.9002
SOLUSDT,BUY,LIMIT,1702030984229,25,72.8845
SOLUSDT,BUY,LIMIT,1702030985907,60,72.9235
SOLUSDT,BUY,LIMIT,1702032255600,9,72.8117
SOLUSDT,BUY,LIMIT,1702032297254,3,72.8901
SOLUSDT,BUY,LIMIT,1702032301937,16,72.9283
SOLUSDT,BUY,LIMIT,1702032303431,27,72.9517
SOLUSDT,BUY,LIMIT,1702032550843,139,72.8795
SOLUSDT,BUY,LIMIT,1702032579672,29,72.9969
SOLUSDT,BUY,LIMIT,1702033223251,3,72.7641
SOLUSDT,BUY,LIMIT,1702034375159,140,72.8752
SOLUSDT,BUY,LIMIT,1702034608117,15,72.9280
SOLUSDT,BUY,LIMIT,1702034611415,98,72.9050
SOLUSDT,BUY,LIMIT,1702034635267,32,72.8933
SOLUSDT,BUY,LIMIT,1702034780145,16,72.8070
SOLUSDT,BUY,LIMIT,1702034781243,98,72.8241
SOLUSDT,BUY,LIMIT,1702034788057,194,72.9264
SOLUSDT,BUY,LIMIT,1702034907192,39,73.0149
SOLUSDT,BUY,LIMIT,1702034908220,5,73.0405
SOLUSDT,BUY,LIMIT,1702034909826,4,73.0624
SOLUSDT,BUY,LIMIT,1702034922663,1,72.9623
SOLUSDT,BUY,LIMIT,1702034988220,8,73.0704
SOLUSDT,BUY,LIMIT,1702034989303,8,73.0781
SOLUSDT,BUY,LIMIT,1702034993820,4,73.0954
SOLUSDT,BUY,LIMIT,1702034995240,25,73.1153
SOLUSDT,BUY,LIMIT,1702034997090,24,73.1448
SOLUSDT,BUY,LIMIT,1702034998105,26,73.1505
SOLUSDT,BUY,LIMIT,1702034999133,40,73.1722
SOLUSDT,BUY,LIMIT,1702035000542,15,73.1759
SOLUSDT,BUY,LIMIT,1702035093516,11,73.1068
SOLUSDT,BUY,LIMIT,1702035116067,1,73.1964
SOLUSDT,BUY,LIMIT,1702035117286,52,73.1896
SOLUSDT,BUY,LIMIT,1702035118805,140,73.2094
SOLUSDT,BUY,LIMIT,1702035121418,138,73.2628
SOLUSDT,BUY,LIMIT,1702035122574,7,73.2411
SOLUSDT,BUY,LIMIT,1702035123594,138,73.2754
SOLUSDT,BUY,LIMIT,1702035135674,9,73.2943
SOLUSDT,BUY,LIMIT,1702035138382,17,73.3045
SOLUSDT,BUY,LIMIT,1702035139410,32,73.3130
SOLUSDT,BUY,LIMIT,1702035150581,100,73.3190
SOLUSDT,BUY,LIMIT,1702035151924,51,73.3290
SOLUSDT,BUY,LIMIT,1702035153264,7,73.3675
SOLUSDT,BUY,LIMIT,1702035157579,66,73.3993
SOLUSDT,BUY,LIMIT,1702035158697,16,73.4061
SOLUSDT,BUY,LIMIT,1702035161125,4,73.4701
SOLUSDT,BUY,LIMIT,1702035162135,1,73.4864
SOLUSDT,BUY,LIMIT,1702035163175,18,73.5431
SOLUSDT,BUY,LIMIT,1702035164220,1,73.6078
SOLUSDT,BUY,LIMIT,1702035165285,42,73.6154
SOLUSDT,BUY,LIMIT,1702035171079,64,73.6518
SOLUSDT,BUY,LIMIT,1702035172168,18,73.6316
SOLUSDT,BUY,LIMIT,1702035173270,1,73.6781
SOLUSDT,BUY,LIMIT,1702035174345,7,73.6715
SOLUSDT,BUY,LIMIT,1702035175596,10,73.6974
SOLUSDT,BUY,LIMIT,1702035176705,203,73.8061
SOLUSDT,BUY,LIMIT,1702035194848,1,73.7294
SOLUSDT,BUY,LIMIT,1702035195854,251,73.9757
SOLUSDT,BUY,LIMIT,1702035239596,1,73.7270
SOLUSDT,BUY,LIMIT,1702035242067,21,73.7628
SOLUSDT,BUY,LIMIT,1702035244636,47,73.8015
SOLUSDT,BUY,LIMIT,1702035251945,1384,74.1839
SOLUSDT,BUY,LIMIT,1702035253777,25,73.8723
SOLUSDT,BUY,LIMIT,1702035254832,11,73.8891
SOLUSDT,BUY,LIMIT,1702035256084,30,73.9499
SOLUSDT,BUY,LIMIT,1702035257149,11,73.9224
SOLUSDT,BUY,LIMIT,1702035258187,6,74.0002
SOLUSDT,BUY,LIMIT,1702035259268,6,73.9693
SOLUSDT,BUY,LIMIT,1702035260297,4,74.0404
SOLUSDT,BUY,LIMIT,1702035261337,7,74.0589
SOLUSDT,BUY,LIMIT,1702035266097,4,74.0797
SOLUSDT,BUY,LIMIT,1702035268164,31,74.0880
SOLUSDT,BUY,LIMIT,1702035269178,11,74.1187
SOLUSDT,BUY,LIMIT,1702035272062,18,74.1348
SOLUSDT,BUY,LIMIT,1702035273085,32,74.1707
SOLUSDT,BUY,LIMIT,1702035274172,27,74.1690
SOLUSDT,BUY,LIMIT,1702035275215,1,74.1858
SOLUSDT,BUY,LIMIT,1702035276225,2,74.1739
SOLUSDT,BUY,LIMIT,1702035411070,34,74.2152
SOLUSDT,BUY,LIMIT,1702035412097,1,74.2280
SOLUSDT,BUY,LIMIT,1702035413404,18,74.2400
SOLUSDT,BUY,LIMIT,1702035414411,112,74.2491
SOLUSDT,BUY,LIMIT,1702035415560,5,74.2738
SOLUSDT,BUY,LIMIT,1702035416632,2,74.2950
SOLUSDT,BUY,LIMIT,1702035420100,2,74.3296
SOLUSDT,BUY,LIMIT,1702035421191,11,74.3314
SOLUSDT,BUY,LIMIT,1702035439952,18,74.2071
SOLUSDT,BUY,LIMIT,1702035450272,32,73.9861
SOLUSDT,BUY,LIMIT,1702035451421,41,74.1623
SOLUSDT,BUY,LIMIT,1702035452611,6,74.1518
SOLUSDT,BUY,LIMIT,1702035774148,13,73.9727
SOLUSDT,BUY,LIMIT,1702035788663,25,73.9446
SOLUSDT,SELL,LIMIT,1702035925484,1,72.7690
SOLUSDT,SELL,LIMIT,1702035928194,3,72.7551
SOLUSDT,BUY,LIMIT,1702035930536,11,73.6726
SOLUSDT,BUY,LIMIT,1702035944389,34,73.7253
SOLUSDT,BUY,LIMIT,1702035972959,12,73.7975
SOLUSDT,SELL,LIMIT,1702036026168,1,72.6337
SOLUSDT,SELL,LIMIT,1702036029581,11,72.5922
SOLUSDT,BUY,LIMIT,1702036066184,554,73.9305
SOLUSDT,BUY,LIMIT,1702036079344,9,73.6146
SOLUSDT,BUY,LIMIT,1702036083674,1,73.7537
SOLUSDT,BUY,LIMIT,1702036144809,85,73.7728
SOLUSDT,BUY,LIMIT,1702036146230,16,73.7966
SOLUSDT,BUY,LIMIT,1702036151418,2,73.7717
SOLUSDT,BUY,LIMIT,1702036158412,10,73.7150
SOLUSDT,BUY,LIMIT,1702036432198,12,73.9240
SOLUSDT,SELL,LIMIT,1702036664709,107,72.5886
SOLUSDT,SELL,LIMIT,1702036666739,135,72.5602
SOLUSDT,SELL,LIMIT,1702036739096,5,72.4995
SOLUSDT,SELL,LIMIT,1702036869657,1,72.4256
SOLUSDT,SELL,LIMIT,1702036907334,89,72.4012
SOLUSDT,SELL,LIMIT,1702036914427,1,72.3939
SOLUSDT,SELL,LIMIT,1702036920405,4,72.3885
SOLUSDT,SELL,LIMIT,1702036929284,136,72.3398
SOLUSDT,BUY,LIMIT,1702037693151,1,73.8180
SOLUSDT,BUY,LIMIT,1702037695406,2,73.8273
SOLUSDT,BUY,LIMIT,1702037703089,3,73.8446
SOLUSDT,BUY,LIMIT,1702037770410,2,73.7925
SOLUSDT,BUY,LIMIT,1702037817994,10,73.8915
SOLUSDT,BUY,LIMIT,1702037819322,131,73.9190
SOLUSDT,BUY,LIMIT,1702037871687,68,73.9435
SOLUSDT,BUY,LIMIT,1702037875520,1,73.9531
SOLUSDT,BUY,LIMIT,1702037887317,35,73.9990
SOLUSDT,BUY,LIMIT,1702037888469,1,73.9945
SOLUSDT,BUY,LIMIT,1702037897059,15,74.0052
SOLUSDT,BUY,LIMIT,1702037911366,35,74.0381
SOLUSDT,BUY,LIMIT,1702038429620,9,73.7845
SOLUSDT,BUY,LIMIT,1702038481099,1580,74.3915
SOLUSDT,BUY,LIMIT,1702038483152,2,73.0747
SOLUSDT,BUY,LIMIT,1702038501354,5,73.9178
SOLUSDT,BUY,LIMIT,1702038608153,12,73.8549
SOLUSDT,BUY,LIMIT,1702039097274,13,73.7986
SOLUSDT,BUY,LIMIT,1702039196065,2,74.0332
SOLUSDT,BUY,LIMIT,1702039205021,74,74.0746
SOLUSDT,BUY,LIMIT,1702039209074,6,74.0941
SOLUSDT,BUY,LIMIT,1702039303272,316,74.2011
SOLUSDT,BUY,LIMIT,1702039306079,20,74.0015
SOLUSDT,BUY,LIMIT,1702039326437,1,74.0620
SOLUSDT,BUY,LIMIT,1702039393164,1,73.9173
SOLUSDT,SELL,LIMIT,1702039779267,28,72.6177
SOLUSDT,SELL,LIMIT,1702040471702,38,72.5884
SOLUSDT,SELL,LIMIT,1702040474411,54,72.5531
SOLUSDT,SELL,LIMIT,1702040475819,5,72.5306
SOLUSDT,SELL,LIMIT,1702040477772,10,72.4924
SOLUSDT,SELL,LIMIT,1702040479418,104,72.4751
SOLUSDT,SELL,LIMIT,1702040481258,98,72.4597
SOLUSDT,SELL,LIMIT,1702040482288,20,72.4613
SOLUSDT,SELL,LIMIT,1702040483342,30,72.4362
SOLUSDT,SELL,LIMIT,1702040484700,18,72.3992
SOLUSDT,SELL,LIMIT,1702040488082,54,72.3815
SOLUSDT,SELL,LIMIT,1702040531551,90,72.5889
SOLUSDT,SELL,LIMIT,1702040665046,2,72.3770
SOLUSDT,SELL,LIMIT,1702040769896,73,72.3573
SOLUSDT,SELL,LIMIT,1702040798392,111,72.3260
SOLUSDT,SELL,LIMIT,1702040832230,71,72.3121
SOLUSDT,BUY,LIMIT,1702041166771,26,73.7470
SOLUSDT,BUY,LIMIT,1702041193390,2,73.7925
SOLUSDT,BUY,LIMIT,1702041194500,6,73.7696
SOLUSDT,BUY,LIMIT,1702041203115,10,73.8852
SOLUSDT,BUY,LIMIT,1702041204202,137,73.9120
SOLUSDT,BUY,LIMIT,1702041206008,22,73.9515
SOLUSDT,BUY,LIMIT,1702041225551,8,73.9738
SOLUSDT,BUY,LIMIT,1702041243587,16,74.0770
SOLUSDT,BUY,LIMIT,1702041245436,1,74.0894
SOLUSDT,BUY,LIMIT,1702041247137,6,74.1262
SOLUSDT,BUY,LIMIT,1702041249225,32,74.1713
SOLUSDT,BUY,LIMIT,1702041253315,5,74.1795
SOLUSDT,BUY,LIMIT,1702041255174,16,74.1830
SOLUSDT,BUY,LIMIT,1702041259195,684,74.4058
SOLUSDT,BUY,LIMIT,1702041262361,2,74.2411
SOLUSDT,BUY,LIMIT,1702041263942,85,74.2430
SOLUSDT,BUY,LIMIT,1702041305343,30,74.2615
SOLUSDT,BUY,LIMIT,1702041309964,1,74.2905
SOLUSDT,BUY,LIMIT,1702041399892,1,74.2547
SOLUSDT,BUY,LIMIT,1702041555421,36,73.9889
SOLUSDT,BUY,LIMIT,1702041850468,5,74.0163
SOLUSDT,BUY,LIMIT,1702041930861,3,74.2835
SOLUSDT,BUY,LIMIT,1702041931872,5,74.3459
SOLUSDT,BUY,LIMIT,1702041933082,19,74.4872
SOLUSDT,BUY,LIMIT,1702041934120,1,74.5375
SOLUSDT,BUY,LIMIT,1702041935177,40,74.5197
SOLUSDT,BUY,LIMIT,1702041938055,58,74.5227
SOLUSDT,BUY,LIMIT,1702041940103,328,74.7003
SOLUSDT,BUY,LIMIT,1702041959356,138,74.5508
SOLUSDT,BUY,LIMIT,1702041960522,1,74.5632
SOLUSDT,BUY,LIMIT,1702041966459,25,74.5843
SOLUSDT,BUY,LIMIT,1702041967584,41,74.5657
SOLUSDT,BUY,LIMIT,1702041968800,136,74.6023
SOLUSDT,BUY,LIMIT,1702041970066,12,74.6607
SOLUSDT,BUY,LIMIT,1702041971320,25,74.6320
SOLUSDT,BUY,LIMIT,1702041972396,321,74.8346
SOLUSDT,BUY,LIMIT,1702041974090,404,74.8796
SOLUSDT,BUY,LIMIT,1702041976507,1,74.7016
SOLUSDT,SELL,LIMIT,1702042187345,1,73.1304
SOLUSDT,SELL,LIMIT,1702042188435,103,73.1218
SOLUSDT,SELL,LIMIT,1702042199677,70,73.0568
SOLUSDT,SELL,LIMIT,1702042203262,51,73.0385
SOLUSDT,SELL,LIMIT,1702042204344,22,72.9850
SOLUSDT,SELL,LIMIT,1702042205555,135,72.9386
SOLUSDT,SELL,LIMIT,1702042207701,44,72.8983
SOLUSDT,SELL,LIMIT,1702042215320,2,72.8289
SOLUSDT,SELL,LIMIT,1702042222097,94,72.8095
SOLUSDT,SELL,LIMIT,1702042224561,29,72.7202
SOLUSDT,SELL,LIMIT,1702042228520,4,72.7015
SOLUSDT,SELL,LIMIT,1702042231346,58,72.6192
SOLUSDT,SELL,LIMIT,1702042233372,7,72.6096
SOLUSDT,SELL,LIMIT,1702042237077,4,72.4726
SOLUSDT,SELL,LIMIT,1702042239141,5,72.4649
SOLUSDT,SELL,LIMIT,1702042244354,5,72.4445
SOLUSDT,SELL,LIMIT,1702042246514,2,72.4294
SOLUSDT,SELL,LIMIT,1702042264591,5,72.6136
SOLUSDT,SELL,LIMIT,1702042268227,3,72.3770
SOLUSDT,SELL,LIMIT,1702042269404,1,72.3558
SOLUSDT,SELL,LIMIT,1702042270780,16,72.3388
SOLUSDT,SELL,LIMIT,1702042574606,19,72.6161
SOLUSDT,SELL,LIMIT,1702042764332,50,72.3060
SOLUSDT,SELL,LIMIT,1702042765870,1,72.3019
SOLUSDT,SELL,LIMIT,1702042770326,13,72.2846
SOLUSDT,SELL,LIMIT,1702042793472,12,72.2714
SOLUSDT,BUY,LIMIT,1702043229491,6,73.5756
SOLUSDT,BUY,LIMIT,1702043256235,1,73.7338
SOLUSDT,BUY,LIMIT,1702043261901,22,73.7621
SOLUSDT,BUY,LIMIT,1702043267224,102,73.8049
SOLUSDT,BUY,LIMIT,1702043284243,22,73.8347
SOLUSDT,BUY,LIMIT,1702043290654,4,73.8651
SOLUSDT,BUY,LIMIT,1702043292277,1,73.9345
SOLUSDT,BUY,LIMIT,1702043347438,6,73.8911
SOLUSDT,SELL,LIMIT,1702043615969,1,72.4451
SOLUSDT,SELL,LIMIT,1702043645015,88,72.4025
SOLUSDT,SELL,LIMIT,1702043796197,20,72.3702
SOLUSDT,SELL,LIMIT,1702043803096,2,72.3435
SOLUSDT,SELL,LIMIT,1702043804286,12,72.3636
SOLUSDT,SELL,LIMIT,1702043808219,101,72.3178
SOLUSDT,SELL,LIMIT,1702043820721,5,72.3130
SOLUSDT,SELL,LIMIT,1702043830919,5,72.2608
SOLUSDT,SELL,LIMIT,1702043832003,1,72.2375
SOLUSDT,SELL,LIMIT,1702043833205,1,72.2090
SOLUSDT,SELL,LIMIT,1702043834863,5,72.1973
SOLUSDT,SELL,LIMIT,1702043836610,12,72.1605
SOLUSDT,SELL,LIMIT,1702043855478,7,72.1392
SOLUSDT,SELL,LIMIT,1702043856558,136,72.0465
SOLUSDT,BUY,LIMIT,1702044193126,1,73.6203
SOLUSDT,BUY,LIMIT,1702044577122,1,73.8452
SOLUSDT,BUY,LIMIT,1702044578336,21,73.7968
SOLUSDT,BUY,LIMIT,1702044586652,70,73.8989
SOLUSDT,BUY,LIMIT,1702044587693,13,73.9429
SOLUSDT,BUY,LIMIT,1702044589871,7,74.0994
SOLUSDT,BUY,LIMIT,1702044619939,1,73.7725
SOLUSDT,BUY,LIMIT,1702044939392,27,73.8845
SOLUSDT,BUY,LIMIT,1702044970700,7,73.9040
SOLUSDT,SELL,LIMIT,1702045069173,1,72.9699
SOLUSDT,BUY,LIMIT,1702045086090,17,73.8388
SOLUSDT,SELL,LIMIT,1702045308154,2,72.5837
SOLUSDT,SELL,LIMIT,1702045318087,14,72.5128
SOLUSDT,SELL,LIMIT,1702045323638,2,72.4825
SOLUSDT,SELL,LIMIT,1702045330271,2,72.4649
SOLUSDT,SELL,LIMIT,1702045331427,3,72.4362
SOLUSDT,SELL,LIMIT,1702045333354,136,72.4244
SOLUSDT,SELL,LIMIT,1702045382635,91,72.3913
SOLUSDT,SELL,LIMIT,1702045384330,136,72.3792
SOLUSDT,SELL,LIMIT,1702045431268,1,72.3500
SOLUSDT,SELL,LIMIT,1702045558177,31,72.2388
SOLUSDT,SELL,LIMIT,1702045561580,10,72.2145
SOLUSDT,SELL,LIMIT,1702045564461,19,72.2026
SOLUSDT,SELL,LIMIT,1702045587069,23,72.1541
SOLUSDT,SELL,LIMIT,1702045592537,1,72.1081
SOLUSDT,BUY,LIMIT,1702045734864,1,73.3798
SOLUSDT,BUY,LIMIT,1702045885455,329,73.6100
SOLUSDT,BUY,LIMIT,1702045892587,161,73.5126
SOLUSDT,BUY,LIMIT,1702046052406,30,73.6093
SOLUSDT,BUY,LIMIT,1702046056576,69,73.6525
SOLUSDT,BUY,LIMIT,1702046122238,2,73.6283
SOLUSDT,BUY,LIMIT,1702046125172,27,73.7048
SOLUSDT,BUY,LIMIT,1702046269402,3,73.5128
SOLUSDT,BUY,LIMIT,1702046385827,10,73.6683
SOLUSDT,BUY,LIMIT,1702046516187,3,73.7818
SOLUSDT,BUY,LIMIT,1702046520222,9,73.8111
SOLUSDT,BUY,LIMIT,1702046666506,2,73.8856
SOLUSDT,BUY,LIMIT,1702046668175,1,73.9110
SOLUSDT,BUY,LIMIT,1702046674462,9,73.9159
SOLUSDT,BUY,LIMIT,1702046677052,5,73.8520
SOLUSDT,BUY,LIMIT,1702046811708,5,73.7736
SOLUSDT,BUY,LIMIT,1702046900253,81,73.8101
SOLUSDT,BUY,LIMIT,1702046910281,1,73.7541
SOLUSDT,BUY,LIMIT,1702046921315,14,73.9139
SOLUSDT,BUY,LIMIT,1702046951894,23,73.9704
SOLUSDT,SELL,LIMIT,1702047186329,33,72.5123
SOLUSDT,SELL,LIMIT,1702047188164,136,72.4666
SOLUSDT,SELL,LIMIT,1702047189449,120,72.3795
SOLUSDT,SELL,LIMIT,1702047190778,34,72.3382
SOLUSDT,SELL,LIMIT,1702047194174,7,72.2980
SOLUSDT,SELL,LIMIT,1702047195185,5,72.2869
SOLUSDT,SELL,LIMIT,1702047203675,6,72.2114
SOLUSDT,SELL,LIMIT,1702047208118,3,72.1804
SOLUSDT,BUY,LIMIT,1702047550142,5,73.2960
SOLUSDT,BUY,LIMIT,1702047588443,14,73.3459
SOLUSDT,SELL,LIMIT,1702047620888,12,72.5663
SOLUSDT,BUY,LIMIT,1702047700059,22,73.4393
SOLUSDT,BUY,LIMIT,1702047846662,5,73.6422
SOLUSDT,BUY,LIMIT,1702048035600,2,73.7048
SOLUSDT,BUY,LIMIT,1702048107310,2,73.7743
SOLUSDT,SELL,LIMIT,1702048464972,30,72.2388
SOLUSDT,SELL,LIMIT,1702048561923,12,72.1917
SOLUSDT,SELL,LIMIT,1702048647955,2,72.1649
SOLUSDT,SELL,LIMIT,1702048649881,7,72.1450
SOLUSDT,SELL,LIMIT,1702048826495,3,72.2155
SOLUSDT,SELL,LIMIT,1702048844900,4,72.0735
SOLUSDT,SELL,LIMIT,1702048883598,2,72.0524
SOLUSDT,SELL,LIMIT,1702048884771,11,72.0465
SOLUSDT,SELL,LIMIT,1702048886019,5,71.9964
SOLUSDT,SELL,LIMIT,1702048887156,3,71.9544
SOLUSDT,SELL,LIMIT,1702048888466,4,71.9507
SOLUSDT,SELL,LIMIT,1702048889795,5,71.9394
SOLUSDT,SELL,LIMIT,1702048891074,1,71.9145
SOLUSDT,BUY,LIMIT,1702048982588,4,73.0375
SOLUSDT,SELL,LIMIT,1702049069619,3,71.9115
SOLUSDT,SELL,LIMIT,1702049072605,1,71.8896
SOLUSDT,SELL,LIMIT,1702049073850,137,71.8702
SOLUSDT,SELL,LIMIT,1702049085057,23,71.8488
SOLUSDT,SELL,LIMIT,1702049087699,8,71.8154
SOLUSDT,SELL,LIMIT,1702049088974,11,71.8058
SOLUSDT,SELL,LIMIT,1702049368373,1,71.7965
SOLUSDT,SELL,LIMIT,1702049375081,3,71.7879
SOLUSDT,SELL,LIMIT,1702049376139,1,71.7666
SOLUSDT,SELL,LIMIT,1702049377328,6,71.7732
SOLUSDT,SELL,LIMIT,1702049378384,4,71.7407
SOLUSDT,SELL,LIMIT,1702049386261,18,71.7179
SOLUSDT,SELL,LIMIT,1702049390141,7,71.7153
SOLUSDT,SELL,LIMIT,1702049476277,34,71.7070
SOLUSDT,SELL,LIMIT,1702049488632,127,71.6896
SOLUSDT,SELL,LIMIT,1702049490256,1,71.6717
SOLUSDT,SELL,LIMIT,1702049827538,136,71.8659
SOLUSDT,BUY,LIMIT,1702050194260,1,72.8484
SOLUSDT,SELL,LIMIT,1702050360548,5,72.0650
SOLUSDT,BUY,LIMIT,1702050528247,1,72.9559
SOLUSDT,SELL,LIMIT,1702050635475,1,71.7447
SOLUSDT,SELL,LIMIT,1702050701331,135,71.6516
SOLUSDT,SELL,LIMIT,1702050702338,116,71.6357
SOLUSDT,SELL,LIMIT,1702050703497,9,71.6150
SOLUSDT,SELL,LIMIT,1702050705985,9,71.5973
SOLUSDT,SELL,LIMIT,1702050707285,4,71.5727
SOLUSDT,SELL,LIMIT,1702050717200,205,71.4751
SOLUSDT,SELL,LIMIT,1702050718314,18,71.5793
SOLUSDT,SELL,LIMIT,1702050795848,9,71.5617
SOLUSDT,SELL,LIMIT,1702050803690,2,71.5319
SOLUSDT,SELL,LIMIT,1702050804857,3,71.4947
SOLUSDT,SELL,LIMIT,1702050806144,10,71.4538
SOLUSDT,SELL,LIMIT,1702050826405,24,71.4143
SOLUSDT,SELL,LIMIT,1702050827464,360,71.2397
SOLUSDT,SELL,LIMIT,1702050828514,9,71.4064
SOLUSDT,SELL,LIMIT,1702050829555,36,71.3815
SOLUSDT,SELL,LIMIT,1702050846674,105,71.3446
SOLUSDT,SELL,LIMIT,1702050848023,14,71.3313
SOLUSDT,SELL,LIMIT,1702050852339,13,71.3013
SOLUSDT,SELL,LIMIT,1702050853879,11,71.2917
SOLUSDT,BUY,LIMIT,1702051218421,57,72.6386
SOLUSDT,BUY,LIMIT,1702051253414,108,72.7604
SOLUSDT,BUY,LIMIT,1702051257194,9,72.7699
SOLUSDT,BUY,LIMIT,1702051258543,3,72.7813
SOLUSDT,BUY,LIMIT,1702051338293,59,72.8424
SOLUSDT,BUY,LIMIT,1702051352173,3,72.8567
SOLUSDT,BUY,LIMIT,1702051355842,47,72.8891
SOLUSDT,BUY,LIMIT,1702051365653,93,72.8944
SOLUSDT,BUY,LIMIT,1702051389783,7,72.9320
SOLUSDT,BUY,LIMIT,1702051514185,21,72.9289
SOLUSDT,BUY,LIMIT,1702051515550,32,72.9380
SOLUSDT,BUY,LIMIT,1702051565502,60,72.9668
SOLUSDT,BUY,LIMIT,1702051818570,1,72.7722
SOLUSDT,BUY,LIMIT,1702051914306,26,73.0147
SOLUSDT,BUY,LIMIT,1702052089596,42,73.0896
SOLUSDT,BUY,LIMIT,1702052099486,4,73.0815
SOLUSDT,BUY,LIMIT,1702052143313,2,73.1333
SOLUSDT,BUY,LIMIT,1702052147207,12,73.1641
SOLUSDT,BUY,LIMIT,1702052151487,120,73.1965
SOLUSDT,BUY,LIMIT,1702052156228,3,73.2412
SOLUSDT,BUY,LIMIT,1702052161449,1,73.2820
SOLUSDT,BUY,LIMIT,1702052210227,91,73.2889
SOLUSDT,BUY,LIMIT,1702052213775,2,73.3046
SOLUSDT,BUY,LIMIT,1702052384404,423,73.4982
SOLUSDT,BUY,LIMIT,1702052385705,5,73.3286
SOLUSDT,BUY,LIMIT,1702052387473,18,73.3787
SOLUSDT,BUY,LIMIT,1702052388660,1,73.3884
SOLUSDT,BUY,LIMIT,1702052482530,9,73.3597
SOLUSDT,BUY,LIMIT,1702052498322,22,73.4272
SOLUSDT,BUY,LIMIT,1702052520783,11,73.5112
SOLUSDT,BUY,LIMIT,1702052526115,8,73.5389
SOLUSDT,BUY,LIMIT,1702052558247,1,73.5505
SOLUSDT,BUY,LIMIT,1702052560175,1,73.5699
SOLUSDT,BUY,LIMIT,1702052561600,10,73.5864
SOLUSDT,BUY,LIMIT,1702052562623,326,73.7384
SOLUSDT,BUY,LIMIT,1702052563658,4,73.5993
SOLUSDT,BUY,LIMIT,1702052571924,5,73.6556
SOLUSDT,BUY,LIMIT,1702052578232,138,73.6908
SOLUSDT,BUY,LIMIT,1702052581789,34,73.7099
SOLUSDT,BUY,LIMIT,1702052584492,666,73.8571
SOLUSDT,BUY,LIMIT,1702052586627,7,73.7313
SOLUSDT,BUY,LIMIT,1702052588660,1,73.7385
SOLUSDT,BUY,LIMIT,1702052595655,2,73.7522
SOLUSDT,BUY,LIMIT,1702052599397,4,73.7600
SOLUSDT,BUY,LIMIT,1702052605129,2,73.7768
SOLUSDT,BUY,LIMIT,1702052608011,5,73.7808
SOLUSDT,BUY,LIMIT,1702052617089,31,73.8072
SOLUSDT,BUY,LIMIT,1702052620093,7,73.8137
SOLUSDT,BUY,LIMIT,1702053169617,5,73.7694
SOLUSDT,BUY,LIMIT,1702053202447,16,73.8231
SOLUSDT,BUY,LIMIT,1702053206231,14,73.8644
SOLUSDT,BUY,LIMIT,1702053209623,1,73.7292
SOLUSDT,BUY,LIMIT,1702053212074,10,73.8724
SOLUSDT,BUY,LIMIT,1702053214430,10,73.8708
SOLUSDT,BUY,LIMIT,1702053218616,30,73.8831
SOLUSDT,BUY,LIMIT,1702054319374,6,73.5977
SOLUSDT,SELL,LIMIT,1702054580258,4,72.6680
SOLUSDT,SELL,LIMIT,1702054642135,63,72.3937
SOLUSDT,SELL,LIMIT,1702054649784,1,72.3146
SOLUSDT,SELL,LIMIT,1702054905509,15,72.2674
SOLUSDT,SELL,LIMIT,1702055008188,4,72.6775
SOLUSDT,BUY,LIMIT,1702055138356,8,73.4235
SOLUSDT,SELL,LIMIT,1702055320087,73,72.1969
SOLUSDT,SELL,LIMIT,1702055322892,1,72.1780
SOLUSDT,BUY,LIMIT,1702055570769,1,73.6054
SOLUSDT,SELL,LIMIT,1702055577294,3,72.8131
SOLUSDT,BUY,LIMIT,1702055591289,1,73.6410
SOLUSDT,BUY,LIMIT,1702055600547,58,73.6671
SOLUSDT,BUY,LIMIT,1702055620030,20,73.7146
SOLUSDT,BUY,LIMIT,1702055644326,11,73.7808
SOLUSDT,BUY,LIMIT,1702055848288,6,73.8097
SOLUSDT,BUY,LIMIT,1702055849297,1,73.8255
SOLUSDT,BUY,LIMIT,1702055879207,2,73.8488
SOLUSDT,BUY,LIMIT,1702055889003,3,73.8839
SOLUSDT,BUY,LIMIT,1702056239652,45,73.6537
SOLUSDT,SELL,LIMIT,1702056262633,2,72.6617
SOLUSDT,BUY,LIMIT,1702056356028,10,73.8298
SOLUSDT,BUY,LIMIT,1702056760075,77,73.8769
SOLUSDT,BUY,LIMIT,1702057127047,52,73.9352
SOLUSDT,BUY,LIMIT,1702057128189,8,73.9305
SOLUSDT,BUY,LIMIT,1702057133847,1,73.9524
SOLUSDT,BUY,LIMIT,1702057138379,3,73.9587
SOLUSDT,BUY,LIMIT,1702057142190,13,73.9777
SOLUSDT,BUY,LIMIT,1702057143278,24,73.9782
SOLUSDT,SELL,LIMIT,1702057409723,8,73.0148
SOLUSDT,BUY,LIMIT,1702057464214,1,74.0378
SOLUSDT,BUY,LIMIT,1702057465252,1,73.9854
SOLUSDT,BUY,LIMIT,1702057510066,63,74.0272
SOLUSDT,BUY,LIMIT,1702057729280,1,74.0425
SOLUSDT,BUY,LIMIT,1702057850680,1,74.0555
SOLUSDT,BUY,LIMIT,1702057853409,1,74.0874
SOLUSDT,BUY,LIMIT,1702057856148,1,74.1036
SOLUSDT,BUY,LIMIT,1702057859148,1,74.1133
SOLUSDT,BUY,LIMIT,1702057862162,2,74.1358
SOLUSDT,BUY,LIMIT,1702057863217,19,74.1233
SOLUSDT,BUY,LIMIT,1702057864237,3,74.2036
SOLUSDT,BUY,LIMIT,1702057865337,103,74.1829
SOLUSDT,BUY,LIMIT,1702057868411,2,74.2155
SOLUSDT,BUY,LIMIT,1702057892290,40,74.2626
SOLUSDT,BUY,LIMIT,1702057893649,18,74.2542
SOLUSDT,BUY,LIMIT,1702057894872,1,74.3055
SOLUSDT,BUY,LIMIT,1702058207161,4,74.3070
SOLUSDT,BUY,LIMIT,1702058208464,4,74.3190
SOLUSDT,BUY,LIMIT,1702058209512,2,74.3511
SOLUSDT,BUY,LIMIT,1702058213163,51,74.4794
SOLUSDT,BUY,LIMIT,1702058214305,7,74.4743
SOLUSDT,BUY,LIMIT,1702058215426,30,74.4913
SOLUSDT,BUY,LIMIT,1702058233115,5,74.5366
SOLUSDT,BUY,LIMIT,1702058237097,4,74.5571
SOLUSDT,BUY,LIMIT,1702058238344,87,74.5564
SOLUSDT,BUY,LIMIT,1702058446778,1,74.1579
SOLUSDT,SELL,LIMIT,1702058554640,135,73.0154
SOLUSDT,SELL,LIMIT,1702058626075,50,72.8904
SOLUSDT,SELL,LIMIT,1702058628948,6,72.8413
SOLUSDT,SELL,LIMIT,1702058630250,14,72.8042
SOLUSDT,SELL,LIMIT,1702058665877,27,72.7765
SOLUSDT,SELL,LIMIT,1702058679868,80,72.7683
SOLUSDT,SELL,LIMIT,1702058685278,2,72.7146
SOLUSDT,SELL,LIMIT,1702058743696,135,72.6715
SOLUSDT,SELL,LIMIT,1702058746212,1,72.6165
SOLUSDT,SELL,LIMIT,1702058764119,1,72.5652
SOLUSDT,SELL,LIMIT,1702058767811,14,72.5406
SOLUSDT,SELL,LIMIT,1702058835550,23,72.5181
SOLUSDT,SELL,LIMIT,1702058940157,1,72.3766
SOLUSDT,SELL,LIMIT,1702058941396,4,72.3807
SOLUSDT,SELL,LIMIT,1702058943506,31,72.3389
SOLUSDT,SELL,LIMIT,1702058945450,8,72.3254
SOLUSDT,SELL,LIMIT,1702058947399,23,72.3065
SOLUSDT,SELL,LIMIT,1702058948540,56,72.2788
SOLUSDT,SELL,LIMIT,1702058951167,4,72.2773
SOLUSDT,SELL,LIMIT,1702058952360,3,72.2753
SOLUSDT,SELL,LIMIT,1702058979352,3,72.2587
SOLUSDT,SELL,LIMIT,1702058989140,4,72.0408
SOLUSDT,SELL,LIMIT,1702058990341,1,72.0177
SOLUSDT,SELL,LIMIT,1702058991354,22,71.9741
SOLUSDT,SELL,LIMIT,1702058992385,103,71.9629
SOLUSDT,SELL,LIMIT,1702058994400,9,71.9629
SOLUSDT,SELL,LIMIT,1702058996067,50,71.9236
SOLUSDT,SELL,LIMIT,1702059000372,32,71.9314
SOLUSDT,SELL,LIMIT,1702059001442,1,71.8661
SOLUSDT,SELL,LIMIT,1702059078991,1,71.8492
SOLUSDT,SELL,LIMIT,1702059080089,18,71.8346
SOLUSDT,SELL,LIMIT,1702059081221,21,71.6993
SOLUSDT,SELL,LIMIT,1702059082224,50,71.6711
SOLUSDT,SELL,LIMIT,1702059084219,82,71.6325
SOLUSDT,SELL,LIMIT,1702059747125,9,71.9369
SOLUSDT,BUY,LIMIT,1702059872644,79,73.0673
SOLUSDT,BUY,LIMIT,1702060992153,2,73.1287
SOLUSDT,BUY,LIMIT,1702061222611,9,73.3230
SOLUSDT,BUY,LIMIT,1702061224382,13,73.3300
SOLUSDT,BUY,LIMIT,1702061225916,47,73.3705
SOLUSDT,BUY,LIMIT,1702061421101,1,73.4111
SOLUSDT,BUY,LIMIT,1702061429966,7,73.4152
SOLUSDT,BUY,LIMIT,1702061448050,2,73.4587
SOLUSDT,BUY,LIMIT,1702061454639,54,73.4633
SOLUSDT,BUY,LIMIT,1702061647120,2,73.5944
SOLUSDT,SELL,LIMIT,1702062213370,13,72.1769
SOLUSDT,SELL,LIMIT,1702062380568,3,72.1050
SOLUSDT,SELL,LIMIT,1702062394164,10,72.0493
SOLUSDT,SELL,LIMIT,1702062414359,5,72.0310
SOLUSDT,SELL,LIMIT,1702062606256,117,71.9893
SOLUSDT,SELL,LIMIT,1702062609102,97,71.9698
SOLUSDT,SELL,LIMIT,1702063161467,34,71.8946
SOLUSDT,SELL,LIMIT,1702063177335,64,71.8395
SOLUSDT,SELL,LIMIT,1702063180308,1,71.8346
SOLUSDT,SELL,LIMIT,1702063191220,7,71.7417
SOLUSDT,SELL,LIMIT,1702063192366,29,71.7509
SOLUSDT,SELL,LIMIT,1702063257472,2,71.6721
SOLUSDT,SELL,LIMIT,1702063259633,13,71.6616
SOLUSDT,SELL,LIMIT,1702063742329,3,71.6290
SOLUSDT,SELL,LIMIT,1702063743563,1,71.6061
SOLUSDT,SELL,LIMIT,1702064703593,24,71.8748
SOLUSDT,SELL,LIMIT,1702065361347,7,71.8609
SOLUSDT,BUY,LIMIT,1702065747592,3,72.9184
SOLUSDT,BUY,LIMIT,1702065861344,1,72.9189
SOLUSDT,BUY,LIMIT,1702065942715,1,72.9722
SOLUSDT,BUY,LIMIT,1702066035669,1,73.0737
SOLUSDT,BUY,LIMIT,1702066078443,34,73.1312
SOLUSDT,SELL,LIMIT,1702066080591,16,72.1897
SOLUSDT,BUY,LIMIT,1702066126060,1,73.1664
SOLUSDT,SELL,LIMIT,1702066127446,43,72.2302
SOLUSDT,BUY,LIMIT,1702066168360,6,73.2074
SOLUSDT,BUY,LIMIT,1702066247904,3,73.2799
SOLUSDT,BUY,LIMIT,1702066249225,138,73.2890
SOLUSDT,BUY,LIMIT,1702066431593,4,73.3051
SOLUSDT,BUY,LIMIT,1702067588208,43,73.2198
SOLUSDT,BUY,LIMIT,1702067636060,2,73.1536
SOLUSDT,BUY,LIMIT,1702067740550,45,73.2970
SOLUSDT,SELL,LIMIT,1702067773866,26,72.3251
SOLUSDT,BUY,LIMIT,1702067871017,7,73.3389
SOLUSDT,BUY,LIMIT,1702067875568,3,73.3961
SOLUSDT,BUY,LIMIT,1702067939790,3,73.4403
SOLUSDT,BUY,LIMIT,1702067964242,33,73.4844
SOLUSDT,BUY,LIMIT,1702067967333,68,73.5641
SOLUSDT,BUY,LIMIT,1702067968382,37,73.5550
SOLUSDT,BUY,LIMIT,1702067970489,10,73.5989
SOLUSDT,BUY,LIMIT,1702067975958,4,73.6040
SOLUSDT,BUY,LIMIT,1702068009201,10,73.6678
SOLUSDT,BUY,LIMIT,1702068011538,23,73.6988
SOLUSDT,BUY,LIMIT,1702068030112,692,73.8991
SOLUSDT,BUY,LIMIT,1702068034779,11,73.6808
SOLUSDT,BUY,LIMIT,1702068046296,7,73.6576
SOLUSDT,BUY,LIMIT,1702068070256,30,73.6657
SOLUSDT,BUY,LIMIT,1702068116279,2,73.6749
SOLUSDT,BUY,LIMIT,1702068138318,138,73.7193
SOLUSDT,BUY,LIMIT,1702068145413,5,73.7422
SOLUSDT,BUY,LIMIT,1702068147462,3,73.8199
SOLUSDT,BUY,LIMIT,1702068177695,1,73.7495
SOLUSDT,BUY,LIMIT,1702068185295,1,73.8331
SOLUSDT,BUY,LIMIT,1702068201225,36,73.6018
SOLUSDT,BUY,LIMIT,1702068238866,4,73.7733
SOLUSDT,BUY,LIMIT,1702068251847,7,73.7670
SOLUSDT,BUY,LIMIT,1702068578422,21,73.8054
SOLUSDT,BUY,LIMIT,1702068613783,10,73.7851
SOLUSDT,BUY,LIMIT,1702068619642,2,73.8013
SOLUSDT,BUY,LIMIT,1702068633217,12,73.4184
SOLUSDT,BUY,LIMIT,1702068645262,49,73.8046
SOLUSDT,BUY,LIMIT,1702068859470,3,73.8237
SOLUSDT,BUY,LIMIT,1702068862399,1,73.7858
SOLUSDT,BUY,LIMIT,1702068863490,3,73.8086
SOLUSDT,BUY,LIMIT,1702068946343,5,73.8376
SOLUSDT,BUY,LIMIT,1702068983390,22,73.8689
SOLUSDT,BUY,LIMIT,1702068992703,28,73.8720
SOLUSDT,BUY,LIMIT,1702068996183,2,73.8760
SOLUSDT,BUY,LIMIT,1702069036350,3,73.8870
SOLUSDT,BUY,LIMIT,1702069039500,2,73.8790
SOLUSDT,BUY,LIMIT,1702069041975,11,73.8690
SOLUSDT,BUY,LIMIT,1702069043957,1,73.9052
SOLUSDT,BUY,LIMIT,1702069046630,18,73.8901
SOLUSDT,BUY,LIMIT,1702069048992,1,73.8831
