Symbol,Side,Order Type,Time,Quantity,Price
SOLUSDT,BUY,LIMIT,1701065716179,30,57.5882
SOLUSDT,BUY,LIMIT,1701066003136,1,57.5776
SOLUSDT,BUY,LIMIT,1701067262371,50,57.2961
SOLUSDT,SELL,LIMIT,1701067279504,43,56.6286
SOLUSDT,BUY,LIMIT,1701067696432,47,57.1665
SOLUSDT,SELL,LIMIT,1701067750903,3,56.5431
SOLUSDT,SELL,LIMIT,1701067840259,5,56.4572
SOLUSDT,SELL,LIMIT,1701067841857,6,56.4382
SOLUSDT,SELL,LIMIT,1701067852060,10,56.3999
SOLUSDT,SELL,LIMIT,1701067853276,3,56.4002
SOLUSDT,SELL,LIMIT,1701067862451,21,56.3721
SOLUSDT,SELL,LIMIT,1701067866742,44,56.3491
SOLUSDT,SELL,LIMIT,1701067868977,43,56.3426
SOLUSDT,SELL,LIMIT,1701068089089,6,56.2992
SOLUSDT,SELL,LIMIT,1701068090110,21,56.2957
SOLUSDT,SELL,LIMIT,1701068094489,11,56.2807
SOLUSDT,SELL,LIMIT,1701068113683,6,56.2446
SOLUSDT,SELL,LIMIT,1701068114896,20,56.2345
SOLUSDT,SELL,LIMIT,1701068118510,36,56.2213
SOLUSDT,SELL,LIMIT,1701068151266,1,56.1868
SOLUSDT,SELL,LIMIT,1701068160930,13,56.1751
SOLUSDT,SELL,LIMIT,1701068166855,92,56.1534
SOLUSDT,SELL,LIMIT,1701068172468,13,56.1856
SOLUSDT,SELL,LIMIT,1701068174271,61,56.1400
SOLUSDT,SELL,LIMIT,1701068198178,1,56.1292
SOLUSDT,SELL,LIMIT,1701068288212,2,56.0997
SOLUSDT,SELL,LIMIT,1701068329832,10,56.1009
SOLUSDT,SELL,LIMIT,1701068969698,33,56.2304
SOLUSDT,SELL,LIMIT,1701068991600,12,56.2302
SOLUSDT,BUY,LIMIT,1701068996567,8,56.8665
SOLUSDT,SELL,LIMIT,1701069201347,7,56.4600
SOLUSDT,SELL,LIMIT,1701069405437,4,56.2795
SOLUSDT,SELL,LIMIT,1701069411136,8,56.1768
SOLUSDT,SELL,LIMIT,1701069412339,1,56.2730
SOLUSDT,SELL,LIMIT,1701069486050,43,56.1002
SOLUSDT,SELL,LIMIT,1701069490841,24,56.0789
SOLUSDT,SELL,LIMIT,1701069492274,1,56.0379
SOLUSDT,SELL,LIMIT,1701069494830,2,56.0334
SOLUSDT,SELL,LIMIT,1701069509106,28,56.0265
SOLUSDT,SELL,LIMIT,1701069512783,10,56.0118
SOLUSDT,SELL,LIMIT,1701069516175,84,55.9848
SOLUSDT,SELL,LIMIT,1701069519284,1,55.9611
SOLUSDT,SELL,LIMIT,1701069526858,11,55.9513
SOLUSDT,SELL,LIMIT,1701069528426,2,55.9513
SOLUSDT,SELL,LIMIT,1701069530103,56,55.9467
SOLUSDT,SELL,LIMIT,1701069546035,1,55.9449
SOLUSDT,SELL,LIMIT,1701069547172,6,55.9286
SOLUSDT,SELL,LIMIT,1701069554037,2,57.1075
SOLUSDT,SELL,LIMIT,1701069557196,24,55.8786
SOLUSDT,SELL,LIMIT,1701069571085,2,55.8667
SOLUSDT,SELL,LIMIT,1701069575058,70,55.8642
SOLUSDT,SELL,LIMIT,1701069576071,2,55.8564
SOLUSDT,SELL,LIMIT,1701069614323,142,55.8193
SOLUSDT,SELL,LIMIT,1701069616190,4,55.8171
SOLUSDT,SELL,LIMIT,1701069617438,4,55.8170
SOLUSDT,SELL,LIMIT,1701069618462,15,55.8124
SOLUSDT,SELL,LIMIT,1701069628103,10,55.7976
SOLUSDT,SELL,LIMIT,1701069630092,322,55.6846
SOLUSDT,SELL,LIMIT,1701069631302,1,55.7630
SOLUSDT,SELL,LIMIT,1701069632325,3,55.7075
SOLUSDT,SELL,LIMIT,1701069633394,3,55.7038
SOLUSDT,SELL,LIMIT,1701069635040,44,55.6579
SOLUSDT,SELL,LIMIT,1701069636116,1,55.6281
SOLUSDT,SELL,LIMIT,1701069638293,27,55.6069
SOLUSDT,SELL,LIMIT,1701069727156,3,55.5906
SOLUSDT,SELL,LIMIT,1701069728212,67,55.5866
SOLUSDT,SELL,LIMIT,1701069730076,1,55.5752
SOLUSDT,SELL,LIMIT,1701069757811,151,55.5763
SOLUSDT,SELL,LIMIT,1701069787146,6,55.5650
SOLUSDT,SELL,LIMIT,1701069792053,11,55.5592
SOLUSDT,SELL,LIMIT,1701069793350,2,55.5402
SOLUSDT,SELL,LIMIT,1701069794390,62,55.5235
SOLUSDT,SELL,LIMIT,1701069795421,40,55.5293
SOLUSDT,SELL,LIMIT,1701069796959,7,55.4657
SOLUSDT,SELL,LIMIT,1701069797963,4,55.4569
SOLUSDT,SELL,LIMIT,1701069799159,5,55.4459
SOLUSDT,SELL,LIMIT,1701069800424,4,55.4507
SOLUSDT,SELL,LIMIT,1701069801542,15,55.4451
SOLUSDT,SELL,LIMIT,1701069803144,121,55.4524
SOLUSDT,SELL,LIMIT,1701069805670,13,55.4620
SOLUSDT,SELL,LIMIT,1701069807409,175,55.4489
SOLUSDT,SELL,LIMIT,1701069809775,178,55.4498
SOLUSDT,SELL,LIMIT,1701069810980,336,55.3471
SOLUSDT,SELL,LIMIT,1701069817685,187,55.4718
SOLUSDT,SELL,LIMIT,1701069824203,4,55.4302
SOLUSDT,SELL,LIMIT,1701069825240,814,55.2673
SOLUSDT,SELL,LIMIT,1701069827578,173,55.4160
SOLUSDT,SELL,LIMIT,1701069878814,514,55.3082
SOLUSDT,SELL,LIMIT,1701069880083,56,55.4266
SOLUSDT,SELL,LIMIT,1701069881235,4,55.4138
SOLUSDT,SELL,LIMIT,1701069882640,1,55.4011
SOLUSDT,SELL,LIMIT,1701069885658,8,55.4024
SOLUSDT,SELL,LIMIT,1701069887270,19,55.4071
SOLUSDT,SELL,LIMIT,1701069892029,18,55.3912
SOLUSDT,SELL,LIMIT,1701069893093,4,55.3908
SOLUSDT,SELL,LIMIT,1701069894290,5,55.3410
SOLUSDT,SELL,LIMIT,1701069895304,258,55.2233
SOLUSDT,SELL,LIMIT,1701069896323,3,55.3239
SOLUSDT,SELL,LIMIT,1701069897551,1,55.2599
SOLUSDT,SELL,LIMIT,1701069898616,2,55.2451
SOLUSDT,SELL,LIMIT,1701069899682,3,55.2047
SOLUSDT,SELL,LIMIT,1701069900933,9,55.1956
SOLUSDT,SELL,LIMIT,1701069901989,8,55.1950
SOLUSDT,BUY,LIMIT,1701070053455,1,56.2646
SOLUSDT,SELL,LIMIT,1701070159379,41,55.4353
SOLUSDT,SELL,LIMIT,1701070167582,42,55.3359
SOLUSDT,SELL,LIMIT,1701070174167,2,55.2725
SOLUSDT,SELL,LIMIT,1701070431192,17,55.3285
SOLUSDT,SELL,LIMIT,1701070435915,35,55.2613
SOLUSDT,SELL,LIMIT,1701070438418,21,55.2317
SOLUSDT,SELL,LIMIT,1701070439241,187,55.1819
SOLUSDT,SELL,LIMIT,1701070440102,50,55.1969
SOLUSDT,SELL,LIMIT,1701070441029,3,55.1969
SOLUSDT,SELL,LIMIT,1701070442102,8,55.1804
SOLUSDT,SELL,LIMIT,1701070443441,9,55.1891
SOLUSDT,BUY,LIMIT,1701072565573,7,56.3570
SOLUSDT,BUY,LIMIT,1701072672562,1,56.4931
SOLUSDT,BUY,LIMIT,1701072746549,1,56.5463
SOLUSDT,BUY,LIMIT,1701072782484,1,56.5753
SOLUSDT,BUY,LIMIT,1701072823353,77,56.5789
SOLUSDT,BUY,LIMIT,1701072828375,146,56.5973
SOLUSDT,BUY,LIMIT,1701072868977,2,56.6329
SOLUSDT,SELL,LIMIT,1701074339066,11,55.6552
SOLUSDT,SELL,LIMIT,1701074349328,1,55.5258
SOLUSDT,SELL,LIMIT,1701074536667,8,55.5113
SOLUSDT,SELL,LIMIT,1701074540058,12,55.4668
SOLUSDT,SELL,LIMIT,1701074590795,65,55.4465
SOLUSDT,SELL,LIMIT,1701074605118,8,55.4218
SOLUSDT,SELL,LIMIT,1701074606219,68,55.4229
SOLUSDT,SELL,LIMIT,1701074794124,1,55.3876
SOLUSDT,SELL,LIMIT,1701074795736,15,55.3830
SOLUSDT,SELL,LIMIT,1701074802663,25,55.3545
SOLUSDT,SELL,LIMIT,1701074813258,1,55.3407
SOLUSDT,SELL,LIMIT,1701074870311,8,55.3167
SOLUSDT,SELL,LIMIT,1701074897180,138,55.3463
SOLUSDT,SELL,LIMIT,1701074936272,44,55.2465
SOLUSDT,BUY,LIMIT,1701075813305,53,56.3269
SOLUSDT,BUY,LIMIT,1701076059158,59,56.4001
SOLUSDT,BUY,LIMIT,1701076099585,41,56.4197
SOLUSDT,BUY,LIMIT,1701076285404,8,56.4376
SOLUSDT,BUY,LIMIT,1701076304077,15,56.4786
SOLUSDT,BUY,LIMIT,1701076551452,39,56.5729
SOLUSDT,SELL,LIMIT,1701076930294,16,55.7840
SOLUSDT,SELL,LIMIT,1701080448337,1,55.4181
SOLUSDT,SELL,LIMIT,1701080478788,30,55.4052
SOLUSDT,SELL,LIMIT,1701080480859,24,55.3946
SOLUSDT,SELL,LIMIT,1701080488122,1,55.3817
SOLUSDT,SELL,LIMIT,1701080489152,63,55.3791
SOLUSDT,SELL,LIMIT,1701080490418,12,55.3754
SOLUSDT,SELL,LIMIT,1701080501718,13,55.3634
SOLUSDT,SELL,LIMIT,1701080525589,6,55.3289
SOLUSDT,SELL,LIMIT,1701080533333,23,55.3201
SOLUSDT,SELL,LIMIT,1701080538027,25,55.3053
SOLUSDT,SELL,LIMIT,1701080539504,2,55.2980
SOLUSDT,SELL,LIMIT,1701080541280,17,55.2872
SOLUSDT,SELL,LIMIT,1701080550073,100,55.2972
SOLUSDT,SELL,LIMIT,1701080616416,170,55.2696
SOLUSDT,SELL,LIMIT,1701080668308,34,55.2963
SOLUSDT,SELL,LIMIT,1701080703370,8,55.2426
SOLUSDT,SELL,LIMIT,1701080704474,30,55.2390
SOLUSDT,SELL,LIMIT,1701080750289,12,55.2211
SOLUSDT,SELL,LIMIT,1701080765676,26,55.2212
SOLUSDT,SELL,LIMIT,1701080781226,3,55.2026
SOLUSDT,SELL,LIMIT,1701080783006,7,55.1992
SOLUSDT,SELL,LIMIT,1701080784263,3,55.1934
SOLUSDT,SELL,LIMIT,1701080787420,2,55.1885
SOLUSDT,SELL,LIMIT,1701080843816,45,55.1845
SOLUSDT,SELL,LIMIT,1701080892205,8,55.1808
SOLUSDT,SELL,LIMIT,1701080893482,27,55.1793
SOLUSDT,SELL,LIMIT,1701081078634,1,55.1744
SOLUSDT,SELL,LIMIT,1701081081279,17,55.1714
SOLUSDT,SELL,LIMIT,1701081113254,1,55.1674
SOLUSDT,SELL,LIMIT,1701081114497,5,55.1637
SOLUSDT,SELL,LIMIT,1701081116291,523,55.0350
SOLUSDT,SELL,LIMIT,1701081120420,8,55.1552
SOLUSDT,SELL,LIMIT,1701081122722,21,55.1537
SOLUSDT,SELL,LIMIT,1701081131095,178,55.1253
SOLUSDT,SELL,LIMIT,1701081132131,2,55.0609
SOLUSDT,SELL,LIMIT,1701081133152,350,54.9372
SOLUSDT,SELL,LIMIT,1701081134219,2,55.0104
SOLUSDT,SELL,LIMIT,1701081135252,2,54.9996
SOLUSDT,SELL,LIMIT,1701081165219,4,55.0406
SOLUSDT,SELL,LIMIT,1701081255013,15,55.1316
SOLUSDT,SELL,LIMIT,1701081258003,18,55.0638
SOLUSDT,SELL,LIMIT,1701081328410,3,54.9986
SOLUSDT,SELL,LIMIT,1701081329404,2,54.9979
SOLUSDT,SELL,LIMIT,1701081330672,15,54.9896
SOLUSDT,SELL,LIMIT,1701081332982,6,54.9836
SOLUSDT,SELL,LIMIT,1701081426331,71,54.9762
SOLUSDT,SELL,LIMIT,1701081427701,271,54.9092
SOLUSDT,SELL,LIMIT,1701081430558,90,54.9723
SOLUSDT,SELL,LIMIT,1701081431997,22,54.9716
SOLUSDT,SELL,LIMIT,1701081434067,356,54.8535
SOLUSDT,SELL,LIMIT,1701081435066,1,54.9653
SOLUSDT,SELL,LIMIT,1701081436077,15,54.9380
SOLUSDT,SELL,LIMIT,1701081437096,1,54.9258
SOLUSDT,SELL,LIMIT,1701081438102,8,54.8876
SOLUSDT,SELL,LIMIT,1701081439134,200,54.8172
SOLUSDT,SELL,LIMIT,1701081440207,155,54.8152
SOLUSDT,SELL,LIMIT,1701081452414,179,54.8063
SOLUSDT,SELL,LIMIT,1701081453450,2,54.7370
SOLUSDT,SELL,LIMIT,1701081455573,103,54.7332
SOLUSDT,SELL,LIMIT,1701081456898,178,54.7280
SOLUSDT,SELL,LIMIT,1701081488037,17,54.7533
SOLUSDT,SELL,LIMIT,1701081556104,860,54.5712
SOLUSDT,SELL,LIMIT,1701081580110,26,54.7535
SOLUSDT,SELL,LIMIT,1701081605943,9,54.7321
SOLUSDT,SELL,LIMIT,1701081607071,225,54.6854
SOLUSDT,SELL,LIMIT,1701081609059,26,54.6882
SOLUSDT,SELL,LIMIT,1701081610134,12,54.6385
SOLUSDT,SELL,LIMIT,1701082009044,65,54.6192
SOLUSDT,SELL,LIMIT,1701082010166,14,54.6162
SOLUSDT,SELL,LIMIT,1701082011274,9,54.6157
SOLUSDT,SELL,LIMIT,1701082012937,20,54.5881
SOLUSDT,SELL,LIMIT,1701082016080,28,54.5861
SOLUSDT,SELL,LIMIT,1701082017144,8,54.5779
SOLUSDT,SELL,LIMIT,1701082018153,3,54.5362
SOLUSDT,SELL,LIMIT,1701082019201,31,54.4973
SOLUSDT,SELL,LIMIT,1701082020240,30,54.4890
SOLUSDT,SELL,LIMIT,1701082021375,1,54.4890
SOLUSDT,SELL,LIMIT,1701082022574,1,54.4754
SOLUSDT,SELL,LIMIT,1701082023656,27,54.4715
SOLUSDT,SELL,LIMIT,1701082040105,122,54.4771
SOLUSDT,SELL,LIMIT,1701082119249,2,54.5055
SOLUSDT,SELL,LIMIT,1701082123058,10,54.4552
SOLUSDT,SELL,LIMIT,1701082124122,12,54.4214
SOLUSDT,SELL,LIMIT,1701082125415,3,54.4232
SOLUSDT,SELL,LIMIT,1701082211260,10,54.5662
SOLUSDT,SELL,LIMIT,1701082485236,6,54.5100
SOLUSDT,SELL,LIMIT,1701082654425,8,54.4813
SOLUSDT,SELL,LIMIT,1701082663512,110,54.4616
SOLUSDT,SELL,LIMIT,1701082671186,80,54.4439
SOLUSDT,SELL,LIMIT,1701082675286,144,54.5101
SOLUSDT,SELL,LIMIT,1701082678179,40,54.4178
SOLUSDT,SELL,LIMIT,1701082679305,2,54.4135
SOLUSDT,SELL,LIMIT,1701082690678,1,54.4200
SOLUSDT,SELL,LIMIT,1701082692054,4,54.4544
SOLUSDT,SELL,LIMIT,1701082693176,3,54.4122
SOLUSDT,SELL,LIMIT,1701082695138,4,54.4016
SOLUSDT,SELL,LIMIT,1701082698177,35,54.4075
SOLUSDT,SELL,LIMIT,1701082699501,1,54.4041
SOLUSDT,SELL,LIMIT,1701082700774,10,54.3981
SOLUSDT,SELL,LIMIT,1701082701901,1,54.3942
SOLUSDT,SELL,LIMIT,1701082703070,7,54.3850
SOLUSDT,SELL,LIMIT,1701082704187,2,54.3880
SOLUSDT,SELL,LIMIT,1701082705302,1226,54.1717
SOLUSDT,SELL,LIMIT,1701082706343,6,54.3692
SOLUSDT,SELL,LIMIT,1701082728135,18,54.4020
SOLUSDT,BUY,LIMIT,1701082823494,182,55.4322
SOLUSDT,BUY,LIMIT,1701083051785,37,55.5169
SOLUSDT,BUY,LIMIT,1701083060897,14,55.5166
SOLUSDT,BUY,LIMIT,1701084014597,17,55.5192
SOLUSDT,BUY,LIMIT,1701084031443,114,55.5428
SOLUSDT,BUY,LIMIT,1701084036437,14,55.5612
SOLUSDT,SELL,LIMIT,1701084665988,2,54.5212
SOLUSDT,SELL,LIMIT,1701084699300,3,54.5707
SOLUSDT,SELL,LIMIT,1701084930615,1,54.4712
SOLUSDT,SELL,LIMIT,1701084931941,3,54.4712
SOLUSDT,BUY,LIMIT,1701086542103,38,55.3371
SOLUSDT,SELL,LIMIT,1701086710319,1,56.0815
SOLUSDT,SELL,LIMIT,1701086718072,18,55.6564
SOLUSDT,SELL,LIMIT,1701086732466,8,54.7733
SOLUSDT,SELL,LIMIT,1701087367461,160,54.6786
SOLUSDT,SELL,LIMIT,1701088210915,1,54.4900
SOLUSDT,SELL,LIMIT,1701088441220,60,54.4534
SOLUSDT,SELL,LIMIT,1701088443480,12,54.4468
SOLUSDT,SELL,LIMIT,1701088456586,2,54.4456
SOLUSDT,SELL,LIMIT,1701088480561,90,54.4338
SOLUSDT,SELL,LIMIT,1701088482627,47,54.4225
SOLUSDT,SELL,LIMIT,1701088491566,12,54.4051
SOLUSDT,SELL,LIMIT,1701088991119,13,54.3976
SOLUSDT,SELL,LIMIT,1701088992256,8,54.3966
SOLUSDT,SELL,LIMIT,1701088993425,11,54.3675
SOLUSDT,SELL,LIMIT,1701089924208,4,54.3582
SOLUSDT,SELL,LIMIT,1701089929032,8,54.3330
SOLUSDT,SELL,LIMIT,1701089930051,2,54.3330
SOLUSDT,SELL,LIMIT,1701089931092,10,54.3227
SOLUSDT,SELL,LIMIT,1701089932115,28,54.2463
SOLUSDT,SELL,LIMIT,1701089933138,11,54.2568
SOLUSDT,SELL,LIMIT,1701089948041,48,54.2386
SOLUSDT,SELL,LIMIT,1701089949044,107,54.2291
SOLUSDT,SELL,LIMIT,1701089950116,1,54.2277
SOLUSDT,SELL,LIMIT,1701089959034,8,54.2266
SOLUSDT,SELL,LIMIT,1701089960096,1,54.2246
SOLUSDT,SELL,LIMIT,1701089962035,27,54.2066
SOLUSDT,SELL,LIMIT,1701089963301,108,54.2028
SOLUSDT,SELL,LIMIT,1701089964426,16,54.2022
SOLUSDT,SELL,LIMIT,1701089965431,15,54.1899
SOLUSDT,SELL,LIMIT,1701089970433,12,54.1823
SOLUSDT,SELL,LIMIT,1701089972358,72,54.1802
SOLUSDT,SELL,LIMIT,1701089974037,3,54.1513
SOLUSDT,SELL,LIMIT,1701089975107,4,54.1587
SOLUSDT,SELL,LIMIT,1701089976123,25,54.1374
SOLUSDT,SELL,LIMIT,1701089977351,3,54.1331
SOLUSDT,SELL,LIMIT,1701089978453,75,54.1105
SOLUSDT,SELL,LIMIT,1701089984176,42,54.1080
SOLUSDT,BUY,LIMIT,1701090376643,4,55.2077
SOLUSDT,SELL,LIMIT,1701090936279,19,54.4024
SOLUSDT,SELL,LIMIT,1701090981255,51,54.2764
SOLUSDT,SELL,LIMIT,1701091163459,26,54.2932
SOLUSDT,BUY,LIMIT,1701091219103,5,55.3102
SOLUSDT,BUY,LIMIT,1701091227118,51,55.3425
SOLUSDT,BUY,LIMIT,1701091236189,182,55.4050
SOLUSDT,BUY,LIMIT,1701091239238,2,55.4141
SOLUSDT,BUY,LIMIT,1701091244314,65,55.4580
SOLUSDT,BUY,LIMIT,1701091315944,5,55.4724
SOLUSDT,SELL,LIMIT,1701092437057,181,54.3943
SOLUSDT,SELL,LIMIT,1701092448637,3,54.3494
SOLUSDT,SELL,LIMIT,1701092450384,33,54.3134
SOLUSDT,SELL,LIMIT,1701092515487,180,54.3137
SOLUSDT,SELL,LIMIT,1701092691697,7,54.2856
SOLUSDT,SELL,LIMIT,1701092735516,1,54.2716
SOLUSDT,SELL,LIMIT,1701092741818,136,54.2658
SOLUSDT,SELL,LIMIT,1701092743757,10,54.2600
SOLUSDT,SELL,LIMIT,1701092748563,6,54.2455
SOLUSDT,SELL,LIMIT,1701092751314,33,54.2028
SOLUSDT,SELL,LIMIT,1701093077145,15,54.1955
SOLUSDT,SELL,LIMIT,1701093106846,11,54.1707
SOLUSDT,SELL,LIMIT,1701093116071,1,54.1090
SOLUSDT,SELL,LIMIT,1701093117172,9,54.1166
SOLUSDT,SELL,LIMIT,1701093118380,68,54.0957
SOLUSDT,SELL,LIMIT,1701093119441,16,54.0876
SOLUSDT,SELL,LIMIT,1701093121084,80,54.0740
SOLUSDT,SELL,LIMIT,1701093122136,75,54.0726
SOLUSDT,SELL,LIMIT,1701093123150,1,54.0709
SOLUSDT,SELL,LIMIT,1701093127298,8,54.0706
SOLUSDT,SELL,LIMIT,1701093128962,1,54.0686
SOLUSDT,SELL,LIMIT,1701093131244,58,54.0733
SOLUSDT,SELL,LIMIT,1701093133249,121,54.0655
SOLUSDT,SELL,LIMIT,1701093134453,268,53.9918
SOLUSDT,SELL,LIMIT,1701093135375,1,53.9955
SOLUSDT,SELL,LIMIT,1701093136287,108,54.0101
SOLUSDT,SELL,LIMIT,1701093137217,415,53.8564
SOLUSDT,SELL,LIMIT,1701093138444,70,53.9664
SOLUSDT,SELL,LIMIT,1701093270314,45,54.3030
SOLUSDT,BUY,LIMIT,1701093370096,145,55.1226
SOLUSDT,SELL,LIMIT,1701093450435,1,54.4873
SOLUSDT,SELL,LIMIT,1701093451776,3,54.4816
SOLUSDT,BUY,LIMIT,1701093470466,3,55.2343
SOLUSDT,BUY,LIMIT,1701093817385,90,55.3446
SOLUSDT,BUY,LIMIT,1701093819102,55,55.3503
SOLUSDT,SELL,LIMIT,1701094034106,2,54.6043
SOLUSDT,SELL,LIMIT,1701094293614,105,54.4363
SOLUSDT,SELL,LIMIT,1701094554758,18,54.2320
SOLUSDT,SELL,LIMIT,1701094556161,18,54.1847
SOLUSDT,SELL,LIMIT,1701094558360,49,54.1807
SOLUSDT,SELL,LIMIT,1701094619088,7,54.1222
SOLUSDT,SELL,LIMIT,1701094620730,85,54.1108
SOLUSDT,SELL,LIMIT,1701094713572,181,54.0632
SOLUSDT,SELL,LIMIT,1701095008853,3,54.0424
SOLUSDT,SELL,LIMIT,1701095024720,91,53.9930
SOLUSDT,SELL,LIMIT,1701095027978,19,53.9838
SOLUSDT,SELL,LIMIT,1701095240304,145,53.9539
SOLUSDT,SELL,LIMIT,1701095338672,6,53.9600
SOLUSDT,SELL,LIMIT,1701095340225,1,53.9505
SOLUSDT,SELL,LIMIT,1701095341251,19,53.9471
SOLUSDT,SELL,LIMIT,1701095342492,86,53.9399
SOLUSDT,SELL,LIMIT,1701095344462,12,53.9345
SOLUSDT,SELL,LIMIT,1701095378226,15,53.9335
SOLUSDT,SELL,LIMIT,1701095379490,13,53.9296
SOLUSDT,SELL,LIMIT,1701095381412,37,53.9275
SOLUSDT,SELL,LIMIT,1701095384081,2,53.9170
SOLUSDT,SELL,LIMIT,1701095385413,4,53.9266
SOLUSDT,SELL,LIMIT,1701095392597,55,53.9228
SOLUSDT,SELL,LIMIT,1701095394415,31,53.9111
SOLUSDT,SELL,LIMIT,1701095395521,10,53.9037
SOLUSDT,SELL,LIMIT,1701095396794,4,53.8987
SOLUSDT,SELL,LIMIT,1701095408465,14,53.8980
SOLUSDT,SELL,LIMIT,1701095410033,54,53.8965
SOLUSDT,SELL,LIMIT,1701095411039,160,53.8912
SOLUSDT,SELL,LIMIT,1701095513512,3,54.0557
SOLUSDT,SELL,LIMIT,1701095529405,72,53.9457
SOLUSDT,SELL,LIMIT,1701095530666,48,53.9352
SOLUSDT,SELL,LIMIT,1701095546218,44,53.9064
SOLUSDT,SELL,LIMIT,1701095553184,55,53.8864
SOLUSDT,SELL,LIMIT,1701095562338,204,53.8624
SOLUSDT,SELL,LIMIT,1701095592515,1,53.8929
SOLUSDT,SELL,LIMIT,1701095598285,5,53.8781
SOLUSDT,SELL,LIMIT,1701095599822,284,53.8076
SOLUSDT,SELL,LIMIT,1701095601155,1,53.8715
SOLUSDT,SELL,LIMIT,1701095607561,8,53.8716
SOLUSDT,SELL,LIMIT,1701095609894,1,53.8678
SOLUSDT,SELL,LIMIT,1701095611124,3,53.8655
SOLUSDT,SELL,LIMIT,1701095612626,10,53.8607
SOLUSDT,SELL,LIMIT,1701095613433,4,53.8562
SOLUSDT,SELL,LIMIT,1701096798177,3,53.9153
SOLUSDT,SELL,LIMIT,1701096802015,9,53.9134
SOLUSDT,SELL,LIMIT,1701096835514,33,53.9034
SOLUSDT,SELL,LIMIT,1701097014121,1,53.8603
SOLUSDT,SELL,LIMIT,1701097015477,907,53.7056
SOLUSDT,SELL,LIMIT,1701097016749,2000,53.5904
SOLUSDT,SELL,LIMIT,1701097018055,6,53.8403
SOLUSDT,SELL,LIMIT,1701097019428,21,53.8364
SOLUSDT,SELL,LIMIT,1701097020631,24,53.8316
SOLUSDT,SELL,LIMIT,1701097028343,3,53.8260
SOLUSDT,SELL,LIMIT,1701097029476,24,53.8265
SOLUSDT,SELL,LIMIT,1701097031183,120,53.8187
SOLUSDT,SELL,LIMIT,1701097033579,2,53.8194
SOLUSDT,SELL,LIMIT,1701097040234,400,53.7297
SOLUSDT,SELL,LIMIT,1701097042966,38,53.8402
SOLUSDT,SELL,LIMIT,1701097058056,78,53.8087
SOLUSDT,SELL,LIMIT,1701097059175,9,53.8117
SOLUSDT,SELL,LIMIT,1701097060197,2,53.7994
SOLUSDT,SELL,LIMIT,1701097061306,203,53.7769
SOLUSDT,SELL,LIMIT,1701097062728,4,53.7871
SOLUSDT,SELL,LIMIT,1701097063950,3,53.7814
SOLUSDT,SELL,LIMIT,1701097065986,5,53.7796
SOLUSDT,SELL,LIMIT,1701097088291,2,53.8033
SOLUSDT,SELL,LIMIT,1701097091199,11,53.7973
SOLUSDT,SELL,LIMIT,1701097095271,52,53.7834
SOLUSDT,SELL,LIMIT,1701097099044,183,53.7711
SOLUSDT,SELL,LIMIT,1701097100047,2,53.7680
SOLUSDT,SELL,LIMIT,1701097101087,21,53.7469
SOLUSDT,SELL,LIMIT,1701097102125,12,53.7017
SOLUSDT,SELL,LIMIT,1701097103163,324,53.6198
SOLUSDT,BUY,LIMIT,1701097386788,153,54.8360
SOLUSDT,BUY,LIMIT,1701097392733,8,54.8587
SOLUSDT,BUY,LIMIT,1701097396027,32,54.8820
SOLUSDT,BUY,LIMIT,1701097410827,17,54.9257
SOLUSDT,BUY,LIMIT,1701097416187,2,54.9415
SOLUSDT,BUY,LIMIT,1701097458042,4,55.0270
SOLUSDT,BUY,LIMIT,1701097460033,4,55.0439
SOLUSDT,BUY,LIMIT,1701097462406,147,55.0703
SOLUSDT,BUY,LIMIT,1701097719080,6,55.0877
SOLUSDT,BUY,LIMIT,1701097732215,716,55.2441
SOLUSDT,BUY,LIMIT,1701097735092,2,55.1081
SOLUSDT,BUY,LIMIT,1701097740173,31,55.1279
SOLUSDT,BUY,LIMIT,1701097741237,10,55.1295
SOLUSDT,BUY,LIMIT,1701098159116,9,55.1444
SOLUSDT,BUY,LIMIT,1701098177434,2,55.1813
SOLUSDT,BUY,LIMIT,1701098210664,1,55.2098
SOLUSDT,BUY,LIMIT,1701098224078,87,55.2352
SOLUSDT,BUY,LIMIT,1701098233286,2,55.2564
SOLUSDT,BUY,LIMIT,1701098234389,24,55.2559
SOLUSDT,BUY,LIMIT,1701098237708,3,55.2775
SOLUSDT,BUY,LIMIT,1701098304552,2,55.2957
SOLUSDT,BUY,LIMIT,1701098332386,86,55.3094
SOLUSDT,BUY,LIMIT,1701098333461,12,55.3070
SOLUSDT,BUY,LIMIT,1701098547088,9,55.3728
SOLUSDT,BUY,LIMIT,1701098555386,93,55.3901
SOLUSDT,SELL,LIMIT,1701099182459,54,54.2612
SOLUSDT,SELL,LIMIT,1701099201176,13,54.2208
SOLUSDT,SELL,LIMIT,1701099202308,4,54.2126
SOLUSDT,SELL,LIMIT,1701099204339,13,54.2113
SOLUSDT,SELL,LIMIT,1701099215494,17,54.1955
SOLUSDT,SELL,LIMIT,1701099220428,81,54.1845
SOLUSDT,SELL,LIMIT,1701099224581,34,54.1755
SOLUSDT,SELL,LIMIT,1701099269622,9,54.2119
SOLUSDT,SELL,LIMIT,1701099958297,4,54.1812
SOLUSDT,SELL,LIMIT,1701099986932,9,54.1017
SOLUSDT,SELL,LIMIT,1701100023267,1,54.0775
SOLUSDT,SELL,LIMIT,1701100070788,2,54.0387
SOLUSDT,SELL,LIMIT,1701100079809,10,54.0291
SOLUSDT,SELL,LIMIT,1701100096431,16,54.0166
SOLUSDT,BUY,LIMIT,1701100109537,33,54.7304
SOLUSDT,SELL,LIMIT,1701100127325,20,54.0121
SOLUSDT,SELL,LIMIT,1701100130408,3,54.0112
SOLUSDT,SELL,LIMIT,1701100133942,12,53.9907
SOLUSDT,SELL,LIMIT,1701100141669,9,53.9710
SOLUSDT,SELL,LIMIT,1701100151041,2,53.9628
SOLUSDT,SELL,LIMIT,1701100156261,7,53.9463
SOLUSDT,SELL,LIMIT,1701100158659,75,53.9337
SOLUSDT,SELL,LIMIT,1701100160019,1218,53.7474
SOLUSDT,BUY,LIMIT,1701100182050,13,53.0607
SOLUSDT,SELL,LIMIT,1701100184312,6,53.9700
SOLUSDT,SELL,LIMIT,1701100208156,200,53.9559
SOLUSDT,SELL,LIMIT,1701100217113,1,53.9155
SOLUSDT,SELL,LIMIT,1701100218320,3,53.9183
SOLUSDT,SELL,LIMIT,1701100219412,33,53.8784
SOLUSDT,SELL,LIMIT,1701100221523,106,53.8731
SOLUSDT,SELL,LIMIT,1701100283823,1,53.9479
SOLUSDT,SELL,LIMIT,1701100536457,47,53.9867
SOLUSDT,SELL,LIMIT,1701100560437,15,53.8994
SOLUSDT,SELL,LIMIT,1701100565311,25,53.8780
SOLUSDT,SELL,LIMIT,1701100569604,46,53.8705
SOLUSDT,SELL,LIMIT,1701100571485,10,53.8590
SOLUSDT,SELL,LIMIT,1701100572497,2,53.8620
SOLUSDT,SELL,LIMIT,1701100574059,7,53.8014
SOLUSDT,SELL,LIMIT,1701100576149,12,53.8458
SOLUSDT,SELL,LIMIT,1701100588959,712,53.6628
SOLUSDT,SELL,LIMIT,1701100595043,17,53.7920
SOLUSDT,SELL,LIMIT,1701100605409,2,53.7885
SOLUSDT,SELL,LIMIT,1701100608549,14,53.7806
SOLUSDT,SELL,LIMIT,1701100615757,4,53.7842
SOLUSDT,SELL,LIMIT,1701100618166,4,53.7636
SOLUSDT,SELL,LIMIT,1701100622078,3,53.7492
SOLUSDT,SELL,LIMIT,1701100624534,80,53.7468
SOLUSDT,SELL,LIMIT,1701100626494,156,53.7430
SOLUSDT,SELL,LIMIT,1701100633247,68,53.7164
SOLUSDT,SELL,LIMIT,1701100638108,108,53.7006
SOLUSDT,SELL,LIMIT,1701100639161,6,53.7107
SOLUSDT,SELL,LIMIT,1701100640299,1,53.6951
SOLUSDT,SELL,LIMIT,1701100641255,106,53.6920
SOLUSDT,SELL,LIMIT,1701100643335,7,53.6813
SOLUSDT,SELL,LIMIT,1701100765152,110,53.6634
SOLUSDT,SELL,LIMIT,1701100766180,43,53.6580
SOLUSDT,SELL,LIMIT,1701100769847,6,53.6550
SOLUSDT,SELL,LIMIT,1701100771770,100,53.6552
SOLUSDT,SELL,LIMIT,1701100772915,3,53.6393
SOLUSDT,SELL,LIMIT,1701100773968,42,53.6285
SOLUSDT,SELL,LIMIT,1701100780071,1,53.6101
SOLUSDT,SELL,LIMIT,1701100781111,3,53.5954
SOLUSDT,SELL,LIMIT,1701100782247,8,53.5883
SOLUSDT,SELL,LIMIT,1701100783350,5,53.5924
SOLUSDT,SELL,LIMIT,1701100804967,18,53.6016
SOLUSDT,SELL,LIMIT,1701100815085,150,53.5841
SOLUSDT,SELL,LIMIT,1701100816171,7,53.5758
SOLUSDT,SELL,LIMIT,1701100818738,182,53.5686
SOLUSDT,SELL,LIMIT,1701100819778,1,53.5624
SOLUSDT,SELL,LIMIT,1701100878119,144,53.5600
SOLUSDT,SELL,LIMIT,1701100901324,7,53.5600
SOLUSDT,SELL,LIMIT,1701100903159,320,53.4762
SOLUSDT,SELL,LIMIT,1701100906889,43,53.5549
SOLUSDT,SELL,LIMIT,1701100908048,6,53.5495
SOLUSDT,SELL,LIMIT,1701100909146,70,53.5449
SOLUSDT,SELL,LIMIT,1701100910168,3,53.5400
SOLUSDT,SELL,LIMIT,1701100924330,25,53.5376
SOLUSDT,SELL,LIMIT,1701100991024,1,55.1957
SOLUSDT,SELL,LIMIT,1701101005549,9,53.8717
SOLUSDT,SELL,LIMIT,1701101007048,4,53.6126
SOLUSDT,SELL,LIMIT,1701101025252,212,53.6528
SOLUSDT,SELL,LIMIT,1701101074310,33,53.7953
SOLUSDT,SELL,LIMIT,1701101082095,4,53.7699
SOLUSDT,SELL,LIMIT,1701101142343,3,53.7066
SOLUSDT,SELL,LIMIT,1701101174315,18,53.7485
SOLUSDT,BUY,LIMIT,1701101423360,12,54.6990
SOLUSDT,BUY,LIMIT,1701101889775,13,54.8456
SOLUSDT,BUY,LIMIT,1701101905630,82,54.8613
SOLUSDT,BUY,LIMIT,1701101938157,184,54.8507
SOLUSDT,BUY,LIMIT,1701101960273,39,54.8875
SOLUSDT,SELL,LIMIT,1701102013568,7,54.1311
SOLUSDT,BUY,LIMIT,1701102021369,27,54.8073
SOLUSDT,SELL,LIMIT,1701102067099,8,54.0276
SOLUSDT,SELL,LIMIT,1701102077026,52,53.9766
SOLUSDT,SELL,LIMIT,1701102138516,3,53.8597
SOLUSDT,SELL,LIMIT,1701102236738,2,53.7957
SOLUSDT,BUY,LIMIT,1701103402490,13,54.8250
SOLUSDT,BUY,LIMIT,1701103445929,11,54.8383
SOLUSDT,BUY,LIMIT,1701103450172,10,54.8993
SOLUSDT,BUY,LIMIT,1701103477515,56,54.8188
SOLUSDT,BUY,LIMIT,1701103542033,26,55.0047
SOLUSDT,BUY,LIMIT,1701103544014,20,55.0076
SOLUSDT,BUY,LIMIT,1701104293076,50,55.0970
SOLUSDT,BUY,LIMIT,1701104294134,1,55.0856
SOLUSDT,BUY,LIMIT,1701104317763,6,55.1363
SOLUSDT,BUY,LIMIT,1701104321533,15,55.1730
SOLUSDT,BUY,LIMIT,1701104390147,11,55.1937
SOLUSDT,BUY,LIMIT,1701104413598,11,55.2157
SOLUSDT,BUY,LIMIT,1701104760619,31,55.0772
SOLUSDT,BUY,LIMIT,1701104833204,40,55.2880
SOLUSDT,BUY,LIMIT,1701104916680,1,55.3428
SOLUSDT,BUY,LIMIT,1701105019206,18,55.3690
SOLUSDT,BUY,LIMIT,1701105020244,164,55.3720
SOLUSDT,BUY,LIMIT,1701105030106,1,55.3994
SOLUSDT,BUY,LIMIT,1701105034047,43,55.4133
SOLUSDT,BUY,LIMIT,1701105053488,11,55.4159
SOLUSDT,BUY,LIMIT,1701105079260,2,55.4391
SOLUSDT,BUY,LIMIT,1701105081166,1,55.4477
SOLUSDT,BUY,LIMIT,1701105087154,1,55.4631
SOLUSDT,BUY,LIMIT,1701105088191,15,55.4643
SOLUSDT,SELL,LIMIT,1701106951831,18,54.3872
SOLUSDT,SELL,LIMIT,1701107049980,8,54.3515
SOLUSDT,SELL,LIMIT,1701107146024,25,54.3278
SOLUSDT,SELL,LIMIT,1701107169330,32,54.3156
SOLUSDT,SELL,LIMIT,1701107243140,2,54.3123
SOLUSDT,SELL,LIMIT,1701107256035,3,54.3072
SOLUSDT,SELL,LIMIT,1701107267520,5,54.2947
SOLUSDT,SELL,LIMIT,1701107395583,32,54.2359
SOLUSDT,SELL,LIMIT,1701107400169,1,54.2274
SOLUSDT,SELL,LIMIT,1701107408284,70,54.2165
SOLUSDT,SELL,LIMIT,1701107409421,4,54.2174
SOLUSDT,SELL,LIMIT,1701107410821,22,54.1971
SOLUSDT,SELL,LIMIT,1701107441084,81,54.1612
SOLUSDT,SELL,LIMIT,1701107444288,53,54.1552
SOLUSDT,SELL,LIMIT,1701107452213,5,54.1360
SOLUSDT,SELL,LIMIT,1701107471112,16,54.0900
SOLUSDT,SELL,LIMIT,1701107473596,3,54.0875
SOLUSDT,SELL,LIMIT,1701107475359,74,54.0792
SOLUSDT,SELL,LIMIT,1701107566462,14,54.0616
SOLUSDT,SELL,LIMIT,1701107632246,6,54.0441
SOLUSDT,SELL,LIMIT,1701107633285,4,54.0291
SOLUSDT,SELL,LIMIT,1701108931603,12,54.1968
SOLUSDT,BUY,LIMIT,1701111066650,61,54.8076
SOLUSDT,SELL,LIMIT,1701111107603,8,54.0794
SOLUSDT,SELL,LIMIT,1701111146105,125,53.9777
SOLUSDT,SELL,LIMIT,1701111147338,7,53.9842
SOLUSDT,SELL,LIMIT,1701111192012,13,53.9500
SOLUSDT,SELL,LIMIT,1701111220087,4,53.9084
SOLUSDT,SELL,LIMIT,1701111233581,357,53.8066
SOLUSDT,SELL,LIMIT,1701111239815,6,53.8929
SOLUSDT,SELL,LIMIT,1701111396029,2,53.9109
SOLUSDT,SELL,LIMIT,1701111519314,8,53.8837
SOLUSDT,SELL,LIMIT,1701111549103,45,53.8640
SOLUSDT,SELL,LIMIT,1701111553200,1,53.8618
SOLUSDT,SELL,LIMIT,1701111555300,11,53.8784
SOLUSDT,SELL,LIMIT,1701111558443,1,53.8501
SOLUSDT,SELL,LIMIT,1701111559597,141,53.8465
SOLUSDT,SELL,LIMIT,1701111564340,8,53.8149
SOLUSDT,SELL,LIMIT,1701111565502,58,53.7821
SOLUSDT,SELL,LIMIT,1701111571662,63,53.7712
SOLUSDT,SELL,LIMIT,1701111573503,8,53.7601
SOLUSDT,SELL,LIMIT,1701111613109,36,53.7212
SOLUSDT,SELL,LIMIT,1701111629060,8,53.7767
SOLUSDT,SELL,LIMIT,1701111647262,15,53.7385
SOLUSDT,SELL,LIMIT,1701111858453,77,54.0047
SOLUSDT,SELL,LIMIT,1701111994157,52,53.9073
SOLUSDT,SELL,LIMIT,1701112080721,1,53.8951
SOLUSDT,SELL,LIMIT,1701112194715,2,53.8649
SOLUSDT,BUY,LIMIT,1701113585859,1,54.9313
SOLUSDT,BUY,LIMIT,1701113603364,1,54.9596
SOLUSDT,BUY,LIMIT,1701113604414,3,54.9472
SOLUSDT,SELL,LIMIT,1701114144912,1,53.9490
SOLUSDT,SELL,LIMIT,1701114161363,1,53.8869
SOLUSDT,SELL,LIMIT,1701114162532,53,53.8288
SOLUSDT,BUY,LIMIT,1701114163867,94,54.5263
SOLUSDT,SELL,LIMIT,1701114191890,3,53.7943
SOLUSDT,SELL,LIMIT,1701114193483,160,53.7743
SOLUSDT,SELL,LIMIT,1701114205080,2,53.7326
SOLUSDT,SELL,LIMIT,1701114228095,61,53.7147
SOLUSDT,SELL,LIMIT,1701114229286,56,53.6917
SOLUSDT,SELL,LIMIT,1701114232486,11,53.6876
SOLUSDT,SELL,LIMIT,1701114233666,25,53.6842
SOLUSDT,SELL,LIMIT,1701114236312,1,53.6924
SOLUSDT,SELL,LIMIT,1701114238246,139,53.6556
SOLUSDT,SELL,LIMIT,1701114239492,2,53.6394
SOLUSDT,SELL,LIMIT,1701114240896,2,53.6254
SOLUSDT,SELL,LIMIT,1701114261834,2,53.6312
SOLUSDT,SELL,LIMIT,1701114263874,13,53.6292
SOLUSDT,SELL,LIMIT,1701114265627,9,53.6235
SOLUSDT,SELL,LIMIT,1701114274546,24,53.6261
SOLUSDT,SELL,LIMIT,1701114278739,13,53.6227
SOLUSDT,SELL,LIMIT,1701114343100,5,53.6125
SOLUSDT,SELL,LIMIT,1701114344302,2,53.6118
SOLUSDT,SELL,LIMIT,1701114351416,50,53.6229
SOLUSDT,SELL,LIMIT,1701114352848,2,53.6142
SOLUSDT,SELL,LIMIT,1701114353883,139,53.6150
SOLUSDT,SELL,LIMIT,1701114356087,22,53.6070
SOLUSDT,SELL,LIMIT,1701114357470,55,53.5726
SOLUSDT,SELL,LIMIT,1701114358483,48,53.5640
SOLUSDT,SELL,LIMIT,1701114372010,7,53.6099
SOLUSDT,SELL,LIMIT,1701114379975,3,53.5544
SOLUSDT,SELL,LIMIT,1701114382097,4,53.5436
SOLUSDT,SELL,LIMIT,1701114396568,36,53.5347
SOLUSDT,SELL,LIMIT,1701114443995,917,53.3769
SOLUSDT,SELL,LIMIT,1701114451075,70,53.5147
SOLUSDT,SELL,LIMIT,1701114452212,334,53.4356
SOLUSDT,SELL,LIMIT,1701114453303,1,53.4930
SOLUSDT,SELL,LIMIT,1701114454290,188,53.4300
SOLUSDT,SELL,LIMIT,1701114455387,58,53.4666
SOLUSDT,SELL,LIMIT,1701114456393,14,53.3995
SOLUSDT,SELL,LIMIT,1701114457459,1,53.3920
SOLUSDT,SELL,LIMIT,1701114458898,9,53.3794
SOLUSDT,SELL,LIMIT,1701114460094,54,53.3606
SOLUSDT,SELL,LIMIT,1701114462148,57,53.3525
SOLUSDT,SELL,LIMIT,1701114463156,3,53.3385
SOLUSDT,SELL,LIMIT,1701114464199,15,53.3434
SOLUSDT,SELL,LIMIT,1701114465449,1,53.3128
SOLUSDT,SELL,LIMIT,1701114466490,240,53.2256
SOLUSDT,SELL,LIMIT,1701114468104,4,53.2487
SOLUSDT,SELL,LIMIT,1701114469110,2,53.2354
SOLUSDT,SELL,LIMIT,1701114470348,608,53.0984
SOLUSDT,SELL,LIMIT,1701114471370,28,53.2062
SOLUSDT,SELL,LIMIT,1701114472807,1,53.1988
SOLUSDT,SELL,LIMIT,1701114473932,558,53.0628
SOLUSDT,SELL,LIMIT,1701114475415,72,53.1931
SOLUSDT,SELL,LIMIT,1701114476410,9,53.1854
SOLUSDT,SELL,LIMIT,1701114477464,19,53.1571
SOLUSDT,SELL,LIMIT,1701114490650,1,53.2192
SOLUSDT,SELL,LIMIT,1701114492047,2,53.3126
SOLUSDT,SELL,LIMIT,1701114496064,3,53.1748
SOLUSDT,SELL,LIMIT,1701114497092,1,53.1523
SOLUSDT,SELL,LIMIT,1701114498170,25,53.1610
SOLUSDT,SELL,LIMIT,1701114499724,12,53.1496
SOLUSDT,SELL,LIMIT,1701114512230,5,53.2462
SOLUSDT,BUY,LIMIT,1701114737787,26,54.2742
SOLUSDT,BUY,LIMIT,1701115180429,2,54.4573
SOLUSDT,BUY,LIMIT,1701115188396,4,54.4628
SOLUSDT,BUY,LIMIT,1701115269494,13,54.5441
SOLUSDT,BUY,LIMIT,1701115283687,1,54.6078
SOLUSDT,BUY,LIMIT,1701115289242,151,54.6757
SOLUSDT,BUY,LIMIT,1701115301390,104,54.7416
SOLUSDT,SELL,LIMIT,1701115597022,64,53.6704
SOLUSDT,SELL,LIMIT,1701115599472,21,53.6487
SOLUSDT,SELL,LIMIT,1701116135884,11,53.6626
SOLUSDT,SELL,LIMIT,1701116140627,131,53.6512
SOLUSDT,SELL,LIMIT,1701116142239,115,53.6424
SOLUSDT,SELL,LIMIT,1701116606312,26,53.6226
SOLUSDT,SELL,LIMIT,1701116634865,24,53.6459
SOLUSDT,SELL,LIMIT,1701116680096,1,53.5989
SOLUSDT,SELL,LIMIT,1701116768461,33,53.5304
SOLUSDT,SELL,LIMIT,1701116827958,71,53.5062
SOLUSDT,SELL,LIMIT,1701116829281,4,53.4737
SOLUSDT,SELL,LIMIT,1701116830835,9,53.4468
SOLUSDT,SELL,LIMIT,1701116836794,27,53.3800
SOLUSDT,SELL,LIMIT,1701116914375,1,53.3561
SOLUSDT,SELL,LIMIT,1701117032709,22,53.4545
SOLUSDT,SELL,LIMIT,1701117197689,36,53.5348
SOLUSDT,BUY,LIMIT,1701118242020,36,54.4193
SOLUSDT,BUY,LIMIT,1701118255380,6,54.4342
SOLUSDT,BUY,LIMIT,1701118257493,4,54.4623
SOLUSDT,BUY,LIMIT,1701118279155,18,54.4764
SOLUSDT,BUY,LIMIT,1701118284340,78,54.4859
SOLUSDT,BUY,LIMIT,1701118285644,41,54.4932
SOLUSDT,BUY,LIMIT,1701118457591,1,54.3912
SOLUSDT,BUY,LIMIT,1701119161948,6,54.5499
SOLUSDT,BUY,LIMIT,1701119213182,93,54.5992
SOLUSDT,BUY,LIMIT,1701119297665,1,54.6766
SOLUSDT,BUY,LIMIT,1701119446521,61,54.7250
SOLUSDT,BUY,LIMIT,1701119513066,1,54.7376
SOLUSDT,BUY,LIMIT,1701119533442,27,54.7557
SOLUSDT,BUY,LIMIT,1701119704109,80,54.7782
SOLUSDT,BUY,LIMIT,1701119759786,1,54.7990
SOLUSDT,BUY,LIMIT,1701119762596,13,54.8079
SOLUSDT,BUY,LIMIT,1701119883300,13,54.8525
SOLUSDT,BUY,LIMIT,1701119916740,5,54.8809
SOLUSDT,BUY,LIMIT,1701119918719,39,54.8911
SOLUSDT,BUY,LIMIT,1701119960931,22,54.9340
SOLUSDT,SELL,LIMIT,1701120771959,27,54.1816
SOLUSDT,BUY,LIMIT,1701120863207,40,55.0067
SOLUSDT,BUY,LIMIT,1701120878791,184,55.0483
SOLUSDT,BUY,LIMIT,1701120881833,105,55.0677
SOLUSDT,SELL,LIMIT,1701121736804,1,54.2614
SOLUSDT,BUY,LIMIT,1701121839443,55,54.9081
SOLUSDT,SELL,LIMIT,1701122212945,22,54.1796
SOLUSDT,BUY,LIMIT,1701122267154,19,54.9075
SOLUSDT,SELL,LIMIT,1701122311083,178,54.2638
SOLUSDT,BUY,LIMIT,1701122780612,1,54.8950
SOLUSDT,SELL,LIMIT,1701122900428,1000,54.0403
SOLUSDT,BUY,LIMIT,1701123160285,9,54.7988
SOLUSDT,SELL,LIMIT,1701123738899,6,53.9703
SOLUSDT,BUY,LIMIT,1701126091911,39,55.1261
SOLUSDT,BUY,LIMIT,1701126093150,124,55.1691
SOLUSDT,BUY,LIMIT,1701126095132,76,55.1819
SOLUSDT,BUY,LIMIT,1701126096687,21,55.2095
SOLUSDT,BUY,LIMIT,1701126146508,1,55.2226
SOLUSDT,BUY,LIMIT,1701126148258,18,55.2344
SOLUSDT,BUY,LIMIT,1701126149404,15,55.2364
SOLUSDT,BUY,LIMIT,1701126549979,189,55.1298
SOLUSDT,BUY,LIMIT,1701126637510,918,55.3015
SOLUSDT,BUY,LIMIT,1701126640530,1,55.1581
SOLUSDT,BUY,LIMIT,1701126853721,2,55.2532
SOLUSDT,BUY,LIMIT,1701126905008,110,55.2731
SOLUSDT,BUY,LIMIT,1701126909608,2,55.2768
SOLUSDT,BUY,LIMIT,1701126992307,52,55.3001
SOLUSDT,BUY,LIMIT,1701127026196,182,55.3216
SOLUSDT,BUY,LIMIT,1701127027407,11,55.3333
SOLUSDT,BUY,LIMIT,1701127478778,2,55.1609
SOLUSDT,BUY,LIMIT,1701127480728,1,55.3513
SOLUSDT,BUY,LIMIT,1701127490225,34,55.3654
SOLUSDT,BUY,LIMIT,1701127491454,121,55.3887
SOLUSDT,BUY,LIMIT,1701127498549,43,55.4319
SOLUSDT,BUY,LIMIT,1701128017396,4,55.4787
SOLUSDT,BUY,LIMIT,1701128048280,69,55.4864
SOLUSDT,BUY,LIMIT,1701128087824,92,55.4931
SOLUSDT,BUY,LIMIT,1701128256553,121,55.4350
SOLUSDT,BUY,LIMIT,1701128326133,75,55.4400
SOLUSDT,SELL,LIMIT,1701130472470,6,54.3906
SOLUSDT,BUY,LIMIT,1701130963531,19,55.4682
SOLUSDT,BUY,LIMIT,1701130982052,4,55.4770
SOLUSDT,BUY,LIMIT,1701131070193,1,55.5049
SOLUSDT,BUY,LIMIT,1701131073224,3,55.5316
SOLUSDT,BUY,LIMIT,1701131102111,2,55.5458
SOLUSDT,BUY,LIMIT,1701131103163,27,55.5532
SOLUSDT,BUY,LIMIT,1701131105202,7,55.5652
SOLUSDT,BUY,LIMIT,1701131107497,27,55.5805
SOLUSDT,BUY,LIMIT,1701131564283,350,55.6848
SOLUSDT,BUY,LIMIT,1701131691331,10,55.4899
SOLUSDT,BUY,LIMIT,1701131732534,1,55.6265
SOLUSDT,BUY,LIMIT,1701131779521,2,55.6350
SOLUSDT,BUY,LIMIT,1701131868147,11,55.6427
SOLUSDT,BUY,LIMIT,1701131869387,13,55.6558
SOLUSDT,BUY,LIMIT,1701131901391,2,55.6835
SOLUSDT,BUY,LIMIT,1701131913033,6,55.6969
SOLUSDT,BUY,LIMIT,1701131932278,26,55.7127
SOLUSDT,BUY,LIMIT,1701132138236,5,55.7168
SOLUSDT,BUY,LIMIT,1701132141343,8,55.7413
SOLUSDT,BUY,LIMIT,1701132230391,6,55.6976
SOLUSDT,SELL,LIMIT,1701132909029,18,54.9075
SOLUSDT,SELL,LIMIT,1701135637091,42,54.7601
SOLUSDT,SELL,LIMIT,1701136898986,3,54.6056
SOLUSDT,SELL,LIMIT,1701136906416,6,54.6023
SOLUSDT,SELL,LIMIT,1701136921404,4,54.5497
SOLUSDT,SELL,LIMIT,1701136925369,26,54.5472
SOLUSDT,SELL,LIMIT,1701136926371,169,54.5418
SOLUSDT,SELL,LIMIT,1701136940047,15,54.7849
SOLUSDT,SELL,LIMIT,1701137019362,40,54.4625
SOLUSDT,SELL,LIMIT,1701137023580,12,54.4431
SOLUSDT,SELL,LIMIT,1701137029030,54,54.4167
SOLUSDT,SELL,LIMIT,1701137030357,44,54.4085
SOLUSDT,SELL,LIMIT,1701137217935,7,54.4090
SOLUSDT,SELL,LIMIT,1701137230079,2,54.4005
SOLUSDT,SELL,LIMIT,1701137238791,27,54.3674
SOLUSDT,SELL,LIMIT,1701137240036,390,54.2657
SOLUSDT,SELL,LIMIT,1701137241606,6,54.3479
SOLUSDT,SELL,LIMIT,1701137244191,13,54.3257
SOLUSDT,SELL,LIMIT,1701137245241,10,54.3435
SOLUSDT,SELL,LIMIT,1701137249600,34,54.2960
SOLUSDT,SELL,LIMIT,1701137432024,12,54.3113
SOLUSDT,SELL,LIMIT,1701137486810,4,54.2735
SOLUSDT,BUY,LIMIT,1701139048232,37,55.3722
SOLUSDT,BUY,LIMIT,1701139091143,71,55.4072
SOLUSDT,BUY,LIMIT,1701140948615,43,55.3942
SOLUSDT,BUY,LIMIT,1701144459134,1,55.5002
SOLUSDT,BUY,LIMIT,1701144461553,91,55.5197
SOLUSDT,BUY,LIMIT,1701144494426,38,55.5482
SOLUSDT,BUY,LIMIT,1701144586802,104,55.5772
SOLUSDT,BUY,LIMIT,1701144588258,4,55.5927
SOLUSDT,BUY,LIMIT,1701144615430,30,55.6311
SOLUSDT,BUY,LIMIT,1701144668090,56,55.6468
SOLUSDT,BUY,LIMIT,1701144673440,145,55.6497
SOLUSDT,BUY,LIMIT,1701144717528,3,55.6520
SOLUSDT,SELL,LIMIT,1701145800717,1,54.5358
SOLUSDT,SELL,LIMIT,1701146035093,29,54.4409
SOLUSDT,SELL,LIMIT,1701146036608,9,54.4363
SOLUSDT,SELL,LIMIT,1701146058437,5,54.4240
SOLUSDT,SELL,LIMIT,1701146890759,1,54.3600
SOLUSDT,SELL,LIMIT,1701146911444,4,54.3089
SOLUSDT,SELL,LIMIT,1701146912965,119,54.3073
SOLUSDT,SELL,LIMIT,1701146956278,105,54.2764
SOLUSDT,SELL,LIMIT,1701146957598,343,54.1542
SOLUSDT,SELL,LIMIT,1701146959119,43,54.2278
SOLUSDT,SELL,LIMIT,1701146960291,13,54.2294
SOLUSDT,SELL,LIMIT,1701147648676,2,54.3303
SOLUSDT,SELL,LIMIT,1701147876697,180,54.1832
SOLUSDT,SELL,LIMIT,1701147879525,3,54.1711
SOLUSDT,SELL,LIMIT,1701147881179,157,54.1698
SOLUSDT,SELL,LIMIT,1701147890109,11,54.1533
SOLUSDT,SELL,LIMIT,1701147894183,181,54.0738
SOLUSDT,SELL,LIMIT,1701147991602,27,54.0535
SOLUSDT,SELL,LIMIT,1701148007959,247,53.9955
SOLUSDT,SELL,LIMIT,1701148034244,38,53.9944
SOLUSDT,SELL,LIMIT,1701148116505,3,53.9583
SOLUSDT,SELL,LIMIT,1701148118119,3,53.9385
SOLUSDT,SELL,LIMIT,1701148122718,182,53.9240
SOLUSDT,SELL,LIMIT,1701148124335,26,53.9165
SOLUSDT,SELL,LIMIT,1701148126109,6,53.9061
SOLUSDT,SELL,LIMIT,1701148129183,1,53.8938
SOLUSDT,SELL,LIMIT,1701148130871,7,53.8839
SOLUSDT,SELL,LIMIT,1701148132892,82,53.8787
SOLUSDT,SELL,LIMIT,1701148134109,100,53.8561
SOLUSDT,SELL,LIMIT,1701148135213,4,53.8610
SOLUSDT,SELL,LIMIT,1701148136566,1,53.8556
SOLUSDT,SELL,LIMIT,1701148162065,5,53.8982
SOLUSDT,SELL,LIMIT,1701148201546,10,53.8435
SOLUSDT,SELL,LIMIT,1701148216636,6,53.8413
SOLUSDT,SELL,LIMIT,1701148218201,6,53.8287
SOLUSDT,SELL,LIMIT,1701148219179,181,53.8195
SOLUSDT,SELL,LIMIT,1701148220228,2,53.7954
SOLUSDT,SELL,LIMIT,1701148238095,3,53.7748
SOLUSDT,SELL,LIMIT,1701148239114,1,53.7740
SOLUSDT,SELL,LIMIT,1701148241608,9,53.7568
SOLUSDT,SELL,LIMIT,1701148245049,4,53.7449
SOLUSDT,SELL,LIMIT,1701148247293,435,53.6228
SOLUSDT,SELL,LIMIT,1701148972237,4,53.8284
SOLUSDT,SELL,LIMIT,1701149057555,5,53.8249
SOLUSDT,SELL,LIMIT,1701149061240,1,53.8235
SOLUSDT,SELL,LIMIT,1701149081908,57,53.8188
SOLUSDT,SELL,LIMIT,1701149111721,20,53.8110
SOLUSDT,SELL,LIMIT,1701149771344,3,53.9182
SOLUSDT,SELL,LIMIT,1701149773133,27,53.8820
SOLUSDT,SELL,LIMIT,1701149843611,1,53.8280
SOLUSDT,SELL,LIMIT,1701149846233,181,53.8168
SOLUSDT,SELL,LIMIT,1701149851062,11,53.8010
SOLUSDT,SELL,LIMIT,1701149852390,91,53.7548
SOLUSDT,SELL,LIMIT,1701149880209,100,53.7569
SOLUSDT,SELL,LIMIT,1701149881530,1,53.7257
SOLUSDT,SELL,LIMIT,1701149887161,3,53.7104
SOLUSDT,SELL,LIMIT,1701149890351,11,53.7271
SOLUSDT,SELL,LIMIT,1701149892129,2,53.6651
SOLUSDT,SELL,LIMIT,1701149893176,24,53.6889
SOLUSDT,BUY,LIMIT,1701150075972,28,54.7534
SOLUSDT,SELL,LIMIT,1701150684438,1,54.5849
SOLUSDT,SELL,LIMIT,1701151247416,7,53.6600
SOLUSDT,SELL,LIMIT,1701151258958,2,53.6413
SOLUSDT,SELL,LIMIT,1701151263536,294,53.5596
SOLUSDT,SELL,LIMIT,1701151280367,14,53.6440
SOLUSDT,BUY,LIMIT,1701151997823,6,54.7873
SOLUSDT,BUY,LIMIT,1701152159055,4,54.8091
SOLUSDT,BUY,LIMIT,1701152312277,57,54.8684
SOLUSDT,BUY,LIMIT,1701152313289,183,54.8685
SOLUSDT,BUY,LIMIT,1701152341130,28,54.8720
SOLUSDT,BUY,LIMIT,1701152360495,14,54.9078
SOLUSDT,BUY,LIMIT,1701153214185,6,54.9665
SOLUSDT,BUY,LIMIT,1701153316267,1,55.0474
SOLUSDT,BUY,LIMIT,1701153331780,24,55.0813
SOLUSDT,BUY,LIMIT,1701153339863,34,55.1048
SOLUSDT,BUY,LIMIT,1701153399052,111,55.1672
SOLUSDT,BUY,LIMIT,1701154650271,7,55.2052
SOLUSDT,BUY,LIMIT,1701154672068,1,55.2560
SOLUSDT,BUY,LIMIT,1701154717669,13,55.2956
SOLUSDT,BUY,LIMIT,1701154735546,11,55.3506
SOLUSDT,BUY,LIMIT,1701155177723,6,55.3882
SOLUSDT,BUY,LIMIT,1701155185780,15,55.4185
SOLUSDT,BUY,LIMIT,1701155186982,186,55.4291
SOLUSDT,BUY,LIMIT,1701155195978,138,55.4398
SOLUSDT,BUY,LIMIT,1701155217478,146,55.4753
SOLUSDT,BUY,LIMIT,1701155224810,1,55.4910
SOLUSDT,BUY,LIMIT,1701155227243,2,55.5058
SOLUSDT,SELL,LIMIT,1701155596278,5,54.6565
SOLUSDT,SELL,LIMIT,1701155629440,18,54.6233
SOLUSDT,SELL,LIMIT,1701156291025,7,54.3446
SOLUSDT,SELL,LIMIT,1701156316308,68,54.3140
SOLUSDT,SELL,LIMIT,1701156366536,9,54.2810
SOLUSDT,SELL,LIMIT,1701156372318,17,54.2641
SOLUSDT,SELL,LIMIT,1701156382105,2,54.2540
SOLUSDT,SELL,LIMIT,1701156386045,2,54.2443
SOLUSDT,SELL,LIMIT,1701156518642,5,54.1799
SOLUSDT,SELL,LIMIT,1701156551114,1,54.1317
SOLUSDT,SELL,LIMIT,1701156561945,11,54.1127
SOLUSDT,BUY,LIMIT,1701156758942,1,55.1840
SOLUSDT,BUY,LIMIT,1701156968500,17,55.2724
SOLUSDT,BUY,LIMIT,1701157316974,19,55.3402
SOLUSDT,BUY,LIMIT,1701158033174,92,55.4931
SOLUSDT,BUY,LIMIT,1701158119051,39,55.5836
SOLUSDT,BUY,LIMIT,1701158120208,6,55.5884
SOLUSDT,SELL,LIMIT,1701159704619,9,54.4663
SOLUSDT,BUY,LIMIT,1701160588108,38,55.5537
SOLUSDT,SELL,LIMIT,1701162058040,6,54.3741
SOLUSDT,SELL,LIMIT,1701162065254,33,54.3310
SOLUSDT,BUY,LIMIT,1701163812054,1,55.4883
SOLUSDT,BUY,LIMIT,1701164220354,33,55.5210
SOLUSDT,BUY,LIMIT,1701164229767,16,55.5478
SOLUSDT,BUY,LIMIT,1701164245058,66,55.5607
SOLUSDT,BUY,LIMIT,1701164272443,1,55.6548
SOLUSDT,BUY,LIMIT,1701164273807,8,55.6583
SOLUSDT,BUY,LIMIT,1701164280813,6,55.7001
SOLUSDT,BUY,LIMIT,1701164282148,7,55.7483
SOLUSDT,BUY,LIMIT,1701164283272,6,55.7142
SOLUSDT,BUY,LIMIT,1701164284374,5,55.7874
SOLUSDT,BUY,LIMIT,1701164293067,6,55.8205
SOLUSDT,BUY,LIMIT,1701164294361,1,55.8170
SOLUSDT,BUY,LIMIT,1701164295363,30,55.8571
SOLUSDT,BUY,LIMIT,1701164296397,3,55.8339
SOLUSDT,BUY,LIMIT,1701164298705,1,55.8601
SOLUSDT,BUY,LIMIT,1701164300342,14,55.8787
SOLUSDT,BUY,LIMIT,1701164301487,150,55.8835
SOLUSDT,BUY,LIMIT,1701164343050,184,55.6851
SOLUSDT,BUY,LIMIT,1701164364400,3,55.8836
SOLUSDT,BUY,LIMIT,1701164400383,121,55.8987
SOLUSDT,BUY,LIMIT,1701164410983,1,55.9163
SOLUSDT,BUY,LIMIT,1701164415155,7,55.9716
SOLUSDT,BUY,LIMIT,1701164416251,10,55.9764
SOLUSDT,BUY,LIMIT,1701164417260,32,55.9771
SOLUSDT,BUY,LIMIT,1701164418387,23,56.0015
SOLUSDT,BUY,LIMIT,1701164421009,4,56.0060
SOLUSDT,BUY,LIMIT,1701164429156,54,56.0341
SOLUSDT,BUY,LIMIT,1701164433243,4,56.0419
SOLUSDT,BUY,LIMIT,1701164435081,65,56.0486
SOLUSDT,BUY,LIMIT,1701164436204,3,56.0613
SOLUSDT,BUY,LIMIT,1701164438132,2,56.0857
SOLUSDT,BUY,LIMIT,1701164439198,40,56.1055
SOLUSDT,BUY,LIMIT,1701164473131,136,56.0827
SOLUSDT,BUY,LIMIT,1701164478980,2,56.1001
SOLUSDT,BUY,LIMIT,1701164480598,8,56.1100
SOLUSDT,BUY,LIMIT,1701165342012,1,55.8210
SOLUSDT,SELL,LIMIT,1701165880254,110,54.9856
SOLUSDT,SELL,LIMIT,1701165896153,21,54.9755
SOLUSDT,SELL,LIMIT,1701165918784,11,54.9429
SOLUSDT,BUY,LIMIT,1701167756314,41,56.0478
SOLUSDT,BUY,LIMIT,1701167778235,7,56.0728
SOLUSDT,BUY,LIMIT,1701169147247,408,56.2314
SOLUSDT,BUY,LIMIT,1701169148303,1,56.1568
SOLUSDT,BUY,LIMIT,1701169149321,1829,56.4145
SOLUSDT,BUY,LIMIT,1701169150652,10,56.2106
SOLUSDT,BUY,LIMIT,1701169155177,11,56.2251
SOLUSDT,BUY,LIMIT,1701169157632,14,56.2413
SOLUSDT,BUY,LIMIT,1701169161326,7,56.2459
SOLUSDT,BUY,LIMIT,1701170309027,5,56.2632
SOLUSDT,BUY,LIMIT,1701170336784,22,56.2650
SOLUSDT,BUY,LIMIT,1701170337954,13,56.3361
SOLUSDT,SELL,LIMIT,1701170707801,17,55.5712
SOLUSDT,BUY,LIMIT,1701171132598,100,56.3441
SOLUSDT,BUY,LIMIT,1701171480237,1,56.1119
SOLUSDT,BUY,LIMIT,1701172244199,164,56.3549
SOLUSDT,BUY,LIMIT,1701172315161,1,56.3820
SOLUSDT,BUY,LIMIT,1701172316495,22,56.3793
SOLUSDT,BUY,LIMIT,1701172342644,95,56.3957
SOLUSDT,BUY,LIMIT,1701172343707,1,56.4125
SOLUSDT,BUY,LIMIT,1701172356100,18,56.4317
SOLUSDT,BUY,LIMIT,1701172357412,81,56.4323
SOLUSDT,BUY,LIMIT,1701172361976,11,56.4358
SOLUSDT,BUY,LIMIT,1701172377454,2,56.4419
SOLUSDT,BUY,LIMIT,1701172378574,7,56.4808
SOLUSDT,BUY,LIMIT,1701172385140,25,56.4986
SOLUSDT,BUY,LIMIT,1701172390284,314,56.6111
SOLUSDT,BUY,LIMIT,1701172391909,311,56.6114
SOLUSDT,BUY,LIMIT,1701172439142,63,56.5476
SOLUSDT,BUY,LIMIT,1701172460952,2,56.5644
SOLUSDT,BUY,LIMIT,1701172480641,20,56.5689
SOLUSDT,BUY,LIMIT,1701172481720,50,56.5790
SOLUSDT,BUY,LIMIT,1701172516429,7,56.5995
SOLUSDT,BUY,LIMIT,1701172519183,24,56.6187
SOLUSDT,BUY,LIMIT,1701172526477,3,56.6405
SOLUSDT,BUY,LIMIT,1701172534254,177,56.6517
SOLUSDT,BUY,LIMIT,1701172535374,1,56.6627
SOLUSDT,BUY,LIMIT,1701172536449,14,56.6731
SOLUSDT,BUY,LIMIT,1701172539183,6,56.6830
SOLUSDT,SELL,LIMIT,1701174244918,1,55.5347
SOLUSDT,SELL,LIMIT,1701175743759,26,55.4903
SOLUSDT,SELL,LIMIT,1701175759056,40,55.4734
SOLUSDT,SELL,LIMIT,1701175940028,123,55.4475
SOLUSDT,SELL,LIMIT,1701175941292,172,55.4440
SOLUSDT,SELL,LIMIT,1701176021925,73,55.4275
SOLUSDT,SELL,LIMIT,1701176607753,5,55.3387
SOLUSDT,SELL,LIMIT,1701176618777,2,55.3249
SOLUSDT,SELL,LIMIT,1701176676394,30,55.3021
SOLUSDT,SELL,LIMIT,1701176678291,9,55.3018
SOLUSDT,SELL,LIMIT,1701176703331,19,55.2874
SOLUSDT,SELL,LIMIT,1701176729226,4,55.2806
SOLUSDT,SELL,LIMIT,1701176730379,1,55.2765
SOLUSDT,SELL,LIMIT,1701176740627,65,55.2679
SOLUSDT,SELL,LIMIT,1701176744065,6,55.2518
SOLUSDT,BUY,LIMIT,1701178013241,3,56.3469
SOLUSDT,BUY,LIMIT,1701178026299,4,56.3813
SOLUSDT,BUY,LIMIT,1701178264185,20,56.4380
SOLUSDT,BUY,LIMIT,1701178272332,1,56.4467
SOLUSDT,BUY,LIMIT,1701178275275,1,56.4506
SOLUSDT,BUY,LIMIT,1701178277278,1,56.4552
SOLUSDT,BUY,LIMIT,1701178322742,3,56.4621
SOLUSDT,BUY,LIMIT,1701178328289,9,56.4688
SOLUSDT,BUY,LIMIT,1701178331074,2,56.4817
SOLUSDT,BUY,LIMIT,1701178360310,8,56.5109
SOLUSDT,BUY,LIMIT,1701179174328,13,56.5379
SOLUSDT,BUY,LIMIT,1701179215867,54,56.5435
SOLUSDT,BUY,LIMIT,1701179224137,3,56.5607
SOLUSDT,BUY,LIMIT,1701179583331,27,56.5347
SOLUSDT,BUY,LIMIT,1701179594314,3,56.5885
SOLUSDT,BUY,LIMIT,1701179603594,8,56.6041
SOLUSDT,BUY,LIMIT,1701179614073,36,56.6369
SOLUSDT,BUY,LIMIT,1701179617276,2,56.6541
SOLUSDT,BUY,LIMIT,1701179624587,4,56.6623
SOLUSDT,BUY,LIMIT,1701179626998,89,56.6791
SOLUSDT,BUY,LIMIT,1701179668889,180,56.6828
SOLUSDT,BUY,LIMIT,1701179675885,2,56.6865
SOLUSDT,BUY,LIMIT,1701179684302,34,56.6982
SOLUSDT,BUY,LIMIT,1701179750477,13,56.7172
SOLUSDT,BUY,LIMIT,1701179752586,13,56.7316
SOLUSDT,SELL,LIMIT,1701181768379,1,55.8522
SOLUSDT,BUY,LIMIT,1701182620153,1,56.5604
SOLUSDT,SELL,LIMIT,1701183429809,42,55.5667
SOLUSDT,SELL,LIMIT,1701183431905,10,55.5607
SOLUSDT,SELL,LIMIT,1701183453952,66,55.5501
SOLUSDT,SELL,LIMIT,1701183457285,5,55.5415
SOLUSDT,SELL,LIMIT,1701183461818,4,55.5396
SOLUSDT,SELL,LIMIT,1701183665684,41,55.5284
SOLUSDT,SELL,LIMIT,1701183740200,17,55.4986
SOLUSDT,SELL,LIMIT,1701183751260,18,55.4726
SOLUSDT,SELL,LIMIT,1701184401249,1,55.4443
SOLUSDT,SELL,LIMIT,1701184402279,12,55.3953
SOLUSDT,SELL,LIMIT,1701184404913,16,55.3875
SOLUSDT,SELL,LIMIT,1701184408997,6,55.3703
SOLUSDT,SELL,LIMIT,1701185400838,2,55.3361
SOLUSDT,SELL,LIMIT,1701185402242,12,55.3211
SOLUSDT,SELL,LIMIT,1701185412548,17,55.3130
SOLUSDT,SELL,LIMIT,1701185468708,152,55.2894
SOLUSDT,SELL,LIMIT,1701185471969,7,55.2724
SOLUSDT,SELL,LIMIT,1701185473062,6,55.2676
SOLUSDT,SELL,LIMIT,1701185474546,6,55.2618
SOLUSDT,SELL,LIMIT,1701185486248,2,55.2432
SOLUSDT,SELL,LIMIT,1701185537194,8,55.2389
SOLUSDT,SELL,LIMIT,1701185559355,10,55.2249
SOLUSDT,SELL,LIMIT,1701185584327,35,55.2198
SOLUSDT,SELL,LIMIT,1701185601183,5,55.2113
SOLUSDT,SELL,LIMIT,1701185602527,178,55.1818
SOLUSDT,SELL,LIMIT,1701185848976,3,55.1705
SOLUSDT,SELL,LIMIT,1701185850221,7,55.1334
SOLUSDT,SELL,LIMIT,1701185851293,19,55.1316
SOLUSDT,SELL,LIMIT,1701185852600,161,55.1115
SOLUSDT,SELL,LIMIT,1701185853712,15,55.0784
SOLUSDT,SELL,LIMIT,1701185919445,1,55.0763
SOLUSDT,SELL,LIMIT,1701185923196,16,55.0673
SOLUSDT,BUY,LIMIT,1701186159318,16,56.1946
SOLUSDT,BUY,LIMIT,1701186161396,29,56.2254
SOLUSDT,BUY,LIMIT,1701186167140,10,56.2299
SOLUSDT,BUY,LIMIT,1701186178047,1,56.2709
SOLUSDT,BUY,LIMIT,1701186183751,70,56.3037
SOLUSDT,BUY,LIMIT,1701186191838,19,56.2955
SOLUSDT,BUY,LIMIT,1701186198308,4,56.3520
SOLUSDT,BUY,LIMIT,1701186199426,1,56.3439
SOLUSDT,BUY,LIMIT,1701186202865,22,56.3803
SOLUSDT,BUY,LIMIT,1701186204504,1,56.4308
SOLUSDT,BUY,LIMIT,1701186219622,18,56.4756
SOLUSDT,BUY,LIMIT,1701187036280,86,56.2011
SOLUSDT,SELL,LIMIT,1701187214452,3,56.0302
SOLUSDT,BUY,LIMIT,1701187225747,12,56.4409
SOLUSDT,BUY,LIMIT,1701187254114,8,56.3819
SOLUSDT,BUY,LIMIT,1701187268377,179,56.5021
SOLUSDT,BUY,LIMIT,1701187274234,5,56.4825
SOLUSDT,BUY,LIMIT,1701187284639,6,56.5327
SOLUSDT,BUY,LIMIT,1701187286313,36,56.5380
SOLUSDT,BUY,LIMIT,1701187288884,1,56.5593
SOLUSDT,BUY,LIMIT,1701187292256,44,56.5766
SOLUSDT,BUY,LIMIT,1701187338024,8,56.5004
SOLUSDT,BUY,LIMIT,1701187422665,8,56.6161
SOLUSDT,BUY,LIMIT,1701187430057,2,56.6246
SOLUSDT,SELL,LIMIT,1701188512198,4,55.9650
SOLUSDT,BUY,LIMIT,1701189369047,9,56.5484
SOLUSDT,BUY,LIMIT,1701189376540,6,56.5630
SOLUSDT,BUY,LIMIT,1701189445829,3,56.5807
SOLUSDT,BUY,LIMIT,1701189608504,155,56.6780
SOLUSDT,BUY,LIMIT,1701189642452,526,56.8275
SOLUSDT,BUY,LIMIT,1701189783948,127,56.7477
SOLUSDT,BUY,LIMIT,1701189789262,628,56.9280
SOLUSDT,BUY,LIMIT,1701189790264,17,56.7602
SOLUSDT,BUY,LIMIT,1701189791308,1,56.8079
SOLUSDT,BUY,LIMIT,1701189792337,11,56.8062
SOLUSDT,BUY,LIMIT,1701189794352,2,56.8161
SOLUSDT,BUY,LIMIT,1701189798036,2,56.8293
SOLUSDT,BUY,LIMIT,1701189799513,8,56.8554
SOLUSDT,BUY,LIMIT,1701189800643,36,56.8696
SOLUSDT,BUY,LIMIT,1701189801917,44,56.9060
SOLUSDT,BUY,LIMIT,1701189803258,1,56.9202
SOLUSDT,BUY,LIMIT,1701189804879,30,56.9314
SOLUSDT,BUY,LIMIT,1701189807164,25,56.9453
SOLUSDT,BUY,LIMIT,1701189808183,194,56.9569
SOLUSDT,BUY,LIMIT,1701189809296,52,56.9526
SOLUSDT,BUY,LIMIT,1701189811045,21,56.9726
SOLUSDT,BUY,LIMIT,1701189812413,7,56.9816
SOLUSDT,BUY,LIMIT,1701189814349,2,56.9971
SOLUSDT,BUY,LIMIT,1701189820108,14,57.0424
SOLUSDT,BUY,LIMIT,1701189821189,67,57.0266
SOLUSDT,BUY,LIMIT,1701189822347,25,57.0441
SOLUSDT,BUY,LIMIT,1701189823855,5,57.0580
SOLUSDT,BUY,LIMIT,1701189847457,7,57.0799
SOLUSDT,BUY,LIMIT,1701189933352,10,57.0584
SOLUSDT,BUY,LIMIT,1701190188296,2,57.0799
SOLUSDT,BUY,LIMIT,1701190195629,9,57.0847
SOLUSDT,BUY,LIMIT,1701190197096,42,57.0890
SOLUSDT,BUY,LIMIT,1701190198123,11,57.0900
SOLUSDT,BUY,LIMIT,1701190199211,1,57.1092
SOLUSDT,BUY,LIMIT,1701190200301,3,57.1197
SOLUSDT,BUY,LIMIT,1701190202170,7,57.1257
SOLUSDT,BUY,LIMIT,1701190206296,1,57.1426
SOLUSDT,BUY,LIMIT,1701190209084,10,57.1582
SOLUSDT,BUY,LIMIT,1701190212039,19,57.1687
SOLUSDT,BUY,LIMIT,1701190213139,22,57.1816
SOLUSDT,BUY,LIMIT,1701190215154,5,57.1887
SOLUSDT,BUY,LIMIT,1701190216972,24,57.2144
SOLUSDT,BUY,LIMIT,1701190272072,78,57.2942
SOLUSDT,BUY,LIMIT,1701190273286,8,57.3028
SOLUSDT,BUY,LIMIT,1701190274412,51,57.3167
SOLUSDT,BUY,LIMIT,1701190275807,26,57.3641
SOLUSDT,BUY,LIMIT,1701190276833,90,57.3898
SOLUSDT,BUY,LIMIT,1701190287641,70,57.4037
SOLUSDT,BUY,LIMIT,1701190336167,155,57.4137
SOLUSDT,BUY,LIMIT,1701190340378,14,57.4154
SOLUSDT,BUY,LIMIT,1701190345179,9,57.4443
SOLUSDT,BUY,LIMIT,1701190348509,5,57.4609
SOLUSDT,BUY,LIMIT,1701190350260,92,57.4742
SOLUSDT,BUY,LIMIT,1701190351738,18,57.4964
SOLUSDT,BUY,LIMIT,1701190352943,1,57.5095
SOLUSDT,BUY,LIMIT,1701190354338,1,57.5242
SOLUSDT,BUY,LIMIT,1701190355525,50,57.5377
SOLUSDT,BUY,LIMIT,1701190356594,68,57.5427
SOLUSDT,BUY,LIMIT,1701190444651,12,57.5530
SOLUSDT,BUY,LIMIT,1701190447304,1154,57.7543
SOLUSDT,BUY,LIMIT,1701190448582,33,57.5605
SOLUSDT,BUY,LIMIT,1701190565279,4,57.5789
SOLUSDT,BUY,LIMIT,1701190761300,91,57.5748
SOLUSDT,BUY,LIMIT,1701190771657,9,57.5863
SOLUSDT,BUY,LIMIT,1701190772838,111,57.5882
SOLUSDT,BUY,LIMIT,1701190779450,7,57.6135
SOLUSDT,BUY,LIMIT,1701190782619,106,57.6275
SOLUSDT,BUY,LIMIT,1701190784199,24,57.6347
SOLUSDT,BUY,LIMIT,1701190787218,3,57.6464
SOLUSDT,BUY,LIMIT,1701190796753,535,57.7840
SOLUSDT,BUY,LIMIT,1701190962557,24,57.5405
SOLUSDT,SELL,LIMIT,1701191193464,80,56.5017
SOLUSDT,BUY,LIMIT,1701191735197,2,57.4395
SOLUSDT,BUY,LIMIT,1701192013113,1,57.6544
SOLUSDT,BUY,LIMIT,1701192014186,1,57.5013
SOLUSDT,BUY,LIMIT,1701192015338,99,57.7256
SOLUSDT,BUY,LIMIT,1701192016431,42,57.6871
SOLUSDT,BUY,LIMIT,1701192019330,1,57.7487
SOLUSDT,BUY,LIMIT,1701192020676,185,57.7679
SOLUSDT,BUY,LIMIT,1701192021703,237,57.8390
SOLUSDT,BUY,LIMIT,1701192023110,35,57.7956
SOLUSDT,BUY,LIMIT,1701192024122,37,57.8412
SOLUSDT,BUY,LIMIT,1701192025215,7,57.9005
SOLUSDT,BUY,LIMIT,1701192026217,28,57.8474
SOLUSDT,BUY,LIMIT,1701192030140,81,57.9274
SOLUSDT,BUY,LIMIT,1701192031206,366,58.0270
SOLUSDT,BUY,LIMIT,1701192032325,1594,58.2210
SOLUSDT,BUY,LIMIT,1701192033337,80,57.9982
SOLUSDT,BUY,LIMIT,1701192035229,53,58.0574
SOLUSDT,BUY,LIMIT,1701192036294,82,58.0546
SOLUSDT,BUY,LIMIT,1701192067179,66,58.0661
SOLUSDT,BUY,LIMIT,1701192068901,8,58.0117
SOLUSDT,BUY,LIMIT,1701192074245,22,58.1222
SOLUSDT,BUY,LIMIT,1701192086162,1,58.1389
SOLUSDT,BUY,LIMIT,1701192087179,7,58.1416
SOLUSDT,BUY,LIMIT,1701192093060,27,58.1458
SOLUSDT,BUY,LIMIT,1701192094706,80,58.1532
SOLUSDT,BUY,LIMIT,1701192142724,50,58.1475
SOLUSDT,BUY,LIMIT,1701192144123,9,58.1584
SOLUSDT,BUY,LIMIT,1701192145244,1,58.2058
SOLUSDT,BUY,LIMIT,1701192146924,133,58.2089
SOLUSDT,BUY,LIMIT,1701192148270,1,58.2147
SOLUSDT,BUY,LIMIT,1701192152248,13,58.2246
SOLUSDT,BUY,LIMIT,1701192153527,1,58.2287
SOLUSDT,SELL,LIMIT,1701192159578,5,57.4477
SOLUSDT,BUY,LIMIT,1701192170046,3,58.2741
SOLUSDT,BUY,LIMIT,1701192171383,1,58.2568
SOLUSDT,BUY,LIMIT,1701192172784,6,58.2674
SOLUSDT,BUY,LIMIT,1701192175643,7,58.2855
SOLUSDT,BUY,LIMIT,1701192176916,1,58.3032
SOLUSDT,BUY,LIMIT,1701192239205,62,58.2833
SOLUSDT,BUY,LIMIT,1701192243328,105,58.3053
SOLUSDT,BUY,LIMIT,1701192246024,21,58.3120
SOLUSDT,BUY,LIMIT,1701192252260,1750,58.5620
SOLUSDT,BUY,LIMIT,1701192255913,5,58.3238
SOLUSDT,BUY,LIMIT,1701192271046,2,58.3282
SOLUSDT,BUY,LIMIT,1701192272343,500,58.4444
SOLUSDT,BUY,LIMIT,1701192273910,2,58.3392
SOLUSDT,BUY,LIMIT,1701192276362,8,58.3458
SOLUSDT,BUY,LIMIT,1701192277804,1,58.3397
SOLUSDT,BUY,LIMIT,1701192280204,41,58.4025
SOLUSDT,BUY,LIMIT,1701192281261,14,58.3703
SOLUSDT,BUY,LIMIT,1701192282404,1,58.3966
SOLUSDT,BUY,LIMIT,1701192396971,1,58.2179
SOLUSDT,BUY,LIMIT,1701192400069,6,58.2434
SOLUSDT,BUY,LIMIT,1701192626497,54,58.1754
SOLUSDT,BUY,LIMIT,1701192663588,1,58.4085
SOLUSDT,BUY,LIMIT,1701192768476,1,58.4057
SOLUSDT,BUY,LIMIT,1701193288606,1,58.4207
SOLUSDT,BUY,LIMIT,1701193419176,4,58.4375
SOLUSDT,BUY,LIMIT,1701193674122,364,58.5632
SOLUSDT,BUY,LIMIT,1701193675336,1,58.4750
SOLUSDT,BUY,LIMIT,1701193681176,3,58.4829
SOLUSDT,BUY,LIMIT,1701193702263,54,58.5024
SOLUSDT,BUY,LIMIT,1701193705356,122,58.5208
SOLUSDT,BUY,LIMIT,1701193707296,1,58.5367
SOLUSDT,BUY,LIMIT,1701194426139,32,58.5426
SOLUSDT,BUY,LIMIT,1701194427262,2,58.5653
SOLUSDT,BUY,LIMIT,1701194432474,39,58.5769
SOLUSDT,BUY,LIMIT,1701194433996,3,58.5792
SOLUSDT,BUY,LIMIT,1701194436664,154,58.5948
SOLUSDT,BUY,LIMIT,1701194444291,65,58.6046
SOLUSDT,BUY,LIMIT,1701194453414,6,58.6121
SOLUSDT,BUY,LIMIT,1701194455065,4,58.6174
SOLUSDT,BUY,LIMIT,1701194456082,99,58.6183
SOLUSDT,BUY,LIMIT,1701194471118,3,58.6439
SOLUSDT,BUY,LIMIT,1701194472341,51,58.6370
SOLUSDT,BUY,LIMIT,1701194476654,63,58.6688
SOLUSDT,BUY,LIMIT,1701194480397,1,58.6740
SOLUSDT,BUY,LIMIT,1701194483138,10,58.7081
SOLUSDT,BUY,LIMIT,1701194484219,2,58.7265
SOLUSDT,BUY,LIMIT,1701194489146,4,58.7498
SOLUSDT,BUY,LIMIT,1701194491791,6,58.7500
SOLUSDT,SELL,LIMIT,1701194652969,36,57.5888
SOLUSDT,SELL,LIMIT,1701194836045,12,57.3974
SOLUSDT,BUY,LIMIT,1701195305083,1,58.5498
SOLUSDT,BUY,LIMIT,1701195635733,18,58.5575
SOLUSDT,BUY,LIMIT,1701195652395,35,58.5950
SOLUSDT,SELL,LIMIT,1701196215862,1,58.7058
SOLUSDT,BUY,LIMIT,1701197327279,2,58.3274
SOLUSDT,SELL,LIMIT,1701197413198,2,57.3980
SOLUSDT,SELL,LIMIT,1701197415204,45,57.3658
SOLUSDT,SELL,LIMIT,1701197423408,115,57.2872
SOLUSDT,SELL,LIMIT,1701197424274,138,57.2662
SOLUSDT,SELL,LIMIT,1701197425463,33,57.2530
SOLUSDT,SELL,LIMIT,1701197442779,1,57.2855
SOLUSDT,SELL,LIMIT,1701197443926,15,57.2384
SOLUSDT,SELL,LIMIT,1701197529042,140,57.2312
SOLUSDT,SELL,LIMIT,1701197538704,1,57.2180
SOLUSDT,SELL,LIMIT,1701197540217,125,57.2145
SOLUSDT,SELL,LIMIT,1701197550255,27,57.1989
SOLUSDT,SELL,LIMIT,1701197572438,10,57.1928
SOLUSDT,SELL,LIMIT,1701197573797,56,57.4854
SOLUSDT,BUY,LIMIT,1701197857027,7,58.0438
SOLUSDT,SELL,LIMIT,1701197859812,5,57.3980
SOLUSDT,SELL,LIMIT,1701198016567,45,57.1854
SOLUSDT,SELL,LIMIT,1701198020328,10,57.1569
SOLUSDT,SELL,LIMIT,1701198021479,2,57.1314
SOLUSDT,BUY,LIMIT,1701198977485,8,58.3493
SOLUSDT,BUY,LIMIT,1701198993743,1,58.3827
SOLUSDT,BUY,LIMIT,1701198994984,36,58.3959
SOLUSDT,BUY,LIMIT,1701199096063,4,58.4908
SOLUSDT,BUY,LIMIT,1701199097594,2,58.5025
SOLUSDT,BUY,LIMIT,1701199106270,5,58.5316
SOLUSDT,BUY,LIMIT,1701199109876,44,58.5579
SOLUSDT,BUY,LIMIT,1701199289459,13,58.6020
SOLUSDT,SELL,LIMIT,1701200422872,44,57.4037
SOLUSDT,BUY,LIMIT,1701200496391,5,58.1960
SOLUSDT,BUY,LIMIT,1701200497485,208,58.5975
SOLUSDT,BUY,LIMIT,1701200523130,120,58.6021
SOLUSDT,BUY,LIMIT,1701200544914,29,58.5690
SOLUSDT,BUY,LIMIT,1701200547082,64,58.5856
SOLUSDT,BUY,LIMIT,1701200598191,14,58.5923
SOLUSDT,BUY,LIMIT,1701200601164,101,58.6031
SOLUSDT,BUY,LIMIT,1701200615698,4,58.6328
SOLUSDT,BUY,LIMIT,1701200617323,6,58.6401
SOLUSDT,BUY,LIMIT,1701200620166,2,58.6551
SOLUSDT,BUY,LIMIT,1701201376346,3,58.4303
SOLUSDT,BUY,LIMIT,1701201634440,30,58.3971
SOLUSDT,BUY,LIMIT,1701203778415,2,58.6663
SOLUSDT,BUY,LIMIT,1701203782206,1,58.6844
SOLUSDT,BUY,LIMIT,1701203797884,22,58.7043
SOLUSDT,BUY,LIMIT,1701203799141,63,58.7237
SOLUSDT,BUY,LIMIT,1701203800886,12,58.7271
SOLUSDT,BUY,LIMIT,1701203806259,2,58.7404
SOLUSDT,BUY,LIMIT,1701203807334,1,58.7503
SOLUSDT,BUY,LIMIT,1701203809067,26,58.7556
SOLUSDT,BUY,LIMIT,1701203973390,4,58.7661
SOLUSDT,BUY,LIMIT,1701203980374,35,58.7716
SOLUSDT,BUY,LIMIT,1701203983278,105,58.7797
SOLUSDT,BUY,LIMIT,1701203984362,46,58.7757
SOLUSDT,BUY,LIMIT,1701203986797,65,58.7887
SOLUSDT,BUY,LIMIT,1701203998004,1,58.7942
SOLUSDT,BUY,LIMIT,1701203999582,629,58.9454
SOLUSDT,BUY,LIMIT,1701204022362,86,58.7962
SOLUSDT,BUY,LIMIT,1701204024168,158,58.8061
SOLUSDT,BUY,LIMIT,1701204026175,266,58.9035
SOLUSDT,BUY,LIMIT,1701204027177,7,58.8080
SOLUSDT,BUY,LIMIT,1701204047276,10,58.8314
SOLUSDT,BUY,LIMIT,1701204049141,1,58.8492
SOLUSDT,BUY,LIMIT,1701204050194,1,58.8630
SOLUSDT,BUY,LIMIT,1701204051226,20,58.8619
SOLUSDT,BUY,LIMIT,1701204052788,372,58.9752
SOLUSDT,BUY,LIMIT,1701204059133,3,58.8900
SOLUSDT,BUY,LIMIT,1701204060153,681,59.0454
SOLUSDT,BUY,LIMIT,1701204061403,10,58.8982
SOLUSDT,BUY,LIMIT,1701204407317,7,58.8673
SOLUSDT,BUY,LIMIT,1701204511314,8,58.9342
SOLUSDT,BUY,LIMIT,1701204514888,204,58.9679
SOLUSDT,BUY,LIMIT,1701204516240,1,58.9463
SOLUSDT,BUY,LIMIT,1701204517274,10,58.9485
SOLUSDT,BUY,LIMIT,1701204518621,5,58.9575
SOLUSDT,BUY,LIMIT,1701204520380,19,58.9638
SOLUSDT,BUY,LIMIT,1701204521478,73,58.9696
SOLUSDT,BUY,LIMIT,1701204522545,9,58.9838
SOLUSDT,BUY,LIMIT,1701204940148,6,59.0017
SOLUSDT,BUY,LIMIT,1701204943923,2,59.0110
SOLUSDT,SELL,LIMIT,1701205987378,13,57.8973
SOLUSDT,SELL,LIMIT,1701206000264,87,57.8423
SOLUSDT,BUY,LIMIT,1701206300418,1,58.8037
SOLUSDT,BUY,LIMIT,1701206472041,76,58.8006
SOLUSDT,BUY,LIMIT,1701206485058,1,58.7967
SOLUSDT,SELL,LIMIT,1701207142623,42,57.7430
SOLUSDT,BUY,LIMIT,1701207333548,2,58.5868
SOLUSDT,SELL,LIMIT,1701207545923,1,57.8810
SOLUSDT,SELL,LIMIT,1701207760484,18,57.7267
SOLUSDT,SELL,LIMIT,1701207828777,4,57.7137
SOLUSDT,SELL,LIMIT,1701207831166,1,57.6983
SOLUSDT,SELL,LIMIT,1701207844135,30,57.6519
SOLUSDT,SELL,LIMIT,1701207846732,1,57.6474
SOLUSDT,SELL,LIMIT,1701207850473,58,57.6397
SOLUSDT,SELL,LIMIT,1701207852394,8,57.6321
SOLUSDT,SELL,LIMIT,1701209117483,171,57.5797
SOLUSDT,SELL,LIMIT,1701209119473,11,57.5595
SOLUSDT,SELL,LIMIT,1701209124584,3,57.5475
SOLUSDT,SELL,LIMIT,1701210873423,2,57.5359
SOLUSDT,SELL,LIMIT,1701211703898,3,57.6752
SOLUSDT,SELL,LIMIT,1701211706225,470,57.4806
SOLUSDT,SELL,LIMIT,1701211849723,63,57.4630
SOLUSDT,SELL,LIMIT,1701211901849,518,57.3084
SOLUSDT,SELL,LIMIT,1701211903196,14,57.4403
SOLUSDT,SELL,LIMIT,1701211904454,3,57.4261
SOLUSDT,SELL,LIMIT,1701211905839,11,57.3939
SOLUSDT,SELL,LIMIT,1701211906934,2,57.3671
SOLUSDT,SELL,LIMIT,1701211907944,46,57.3623
SOLUSDT,SELL,LIMIT,1701211942739,2,57.3491
SOLUSDT,SELL,LIMIT,1701211944857,5,57.3453
SOLUSDT,SELL,LIMIT,1701211946654,200,57.3337
SOLUSDT,SELL,LIMIT,1701211964041,1,57.3118
SOLUSDT,SELL,LIMIT,1701211965244,20,57.3037
SOLUSDT,SELL,LIMIT,1701211966434,52,57.2797
SOLUSDT,SELL,LIMIT,1701211967869,82,57.2631
SOLUSDT,SELL,LIMIT,1701211974026,81,57.2567
SOLUSDT,SELL,LIMIT,1701211975028,171,57.2315
SOLUSDT,SELL,LIMIT,1701212020607,8,57.2857
SOLUSDT,SELL,LIMIT,1701214606450,90,57.5436
SOLUSDT,SELL,LIMIT,1701214669968,1,57.5159
SOLUSDT,BUY,LIMIT,1701215346450,2,58.5721
SOLUSDT,BUY,LIMIT,1701215396252,43,58.6150
SOLUSDT,SELL,LIMIT,1701216611624,2,57.4857
SOLUSDT,SELL,LIMIT,1701216752127,5,57.4675
SOLUSDT,SELL,LIMIT,1701216758042,5,57.3915
SOLUSDT,SELL,LIMIT,1701216759826,1,57.3825
SOLUSDT,SELL,LIMIT,1701216846101,6,57.3896
SOLUSDT,BUY,LIMIT,1701217696280,6,58.5257
SOLUSDT,BUY,LIMIT,1701217829101,10,58.5897
SOLUSDT,BUY,LIMIT,1701217844441,50,58.6280
SOLUSDT,BUY,LIMIT,1701217878155,64,58.6934
SOLUSDT,BUY,LIMIT,1701217894060,1,58.7179
SOLUSDT,BUY,LIMIT,1701217909092,1,58.7484
SOLUSDT,BUY,LIMIT,1701217910136,4,58.7451
SOLUSDT,BUY,LIMIT,1701217912094,8,58.7704
SOLUSDT,BUY,LIMIT,1701217913310,57,58.7766
SOLUSDT,BUY,LIMIT,1701217916310,7,58.7870
SOLUSDT,BUY,LIMIT,1701217921039,1,58.8160
SOLUSDT,BUY,LIMIT,1701217934210,7,58.8257
SOLUSDT,BUY,LIMIT,1701217936797,12,58.8294
SOLUSDT,BUY,LIMIT,1701217997772,7,58.8638
SOLUSDT,BUY,LIMIT,1701218005279,5,58.8800
SOLUSDT,BUY,LIMIT,1701218012494,7,58.9019
SOLUSDT,BUY,LIMIT,1701218014068,17,58.9192
SOLUSDT,BUY,LIMIT,1701218021535,26,58.9300
SOLUSDT,BUY,LIMIT,1701218024401,30,58.9392
SOLUSDT,BUY,LIMIT,1701218026095,32,58.9560
SOLUSDT,BUY,LIMIT,1701218028173,1,58.9891
SOLUSDT,BUY,LIMIT,1701218038105,3,59.0022
SOLUSDT,BUY,LIMIT,1701218041101,31,59.0088
SOLUSDT,BUY,LIMIT,1701218045813,509,59.1562
SOLUSDT,BUY,LIMIT,1701218047081,2,59.0637
SOLUSDT,BUY,LIMIT,1701218048143,2,59.0444
SOLUSDT,BUY,LIMIT,1701218050353,2,59.0775
SOLUSDT,BUY,LIMIT,1701218051417,171,59.0823
SOLUSDT,BUY,LIMIT,1701218052643,16,59.1018
SOLUSDT,SELL,LIMIT,1701218775777,30,57.9166
SOLUSDT,SELL,LIMIT,1701218916242,1,57.8292
SOLUSDT,BUY,LIMIT,1701219641531,9,58.6172
SOLUSDT,BUY,LIMIT,1701219671271,34,58.6487
SOLUSDT,BUY,LIMIT,1701219778598,6,58.6887
SOLUSDT,SELL,LIMIT,1701219861481,8,57.7622
SOLUSDT,SELL,LIMIT,1701219909041,13,57.7394
SOLUSDT,SELL,LIMIT,1701219918213,9,57.6858
SOLUSDT,SELL,LIMIT,1701219923151,1,57.6790
SOLUSDT,SELL,LIMIT,1701220064318,11,57.5949
SOLUSDT,BUY,LIMIT,1701221622573,14,58.7604
SOLUSDT,BUY,LIMIT,1701222956308,7,58.9581
SOLUSDT,BUY,LIMIT,1701222963043,3,59.0069
SOLUSDT,SELL,LIMIT,1701223560365,105,57.7561
SOLUSDT,SELL,LIMIT,1701223573752,1,57.7125
SOLUSDT,SELL,LIMIT,1701223580367,25,57.6955
SOLUSDT,BUY,LIMIT,1701224007159,14,58.8426
SOLUSDT,BUY,LIMIT,1701224009866,88,58.8521
SOLUSDT,BUY,LIMIT,1701224047309,20,58.9574
SOLUSDT,BUY,LIMIT,1701224055977,47,58.9633
SOLUSDT,BUY,LIMIT,1701224064087,16,58.9879
SOLUSDT,BUY,LIMIT,1701224067675,3,59.0052
SOLUSDT,BUY,LIMIT,1701224125131,1,59.0805
SOLUSDT,BUY,LIMIT,1701224126207,10,59.0770
SOLUSDT,BUY,LIMIT,1701224132217,2,59.1283
SOLUSDT,BUY,LIMIT,1701224134342,3,59.1305
SOLUSDT,BUY,LIMIT,1701224135407,127,59.1414
SOLUSDT,BUY,LIMIT,1701224137152,70,59.1672
SOLUSDT,BUY,LIMIT,1701224138166,571,59.3297
SOLUSDT,BUY,LIMIT,1701224139854,25,59.2012
SOLUSDT,BUY,LIMIT,1701224152088,125,59.2019
SOLUSDT,BUY,LIMIT,1701224153565,5,59.2061
SOLUSDT,BUY,LIMIT,1701224155431,1,59.2122
SOLUSDT,BUY,LIMIT,1701224157177,73,59.2235
SOLUSDT,SELL,LIMIT,1701224593775,1,57.9100
SOLUSDT,BUY,LIMIT,1701227713697,12,58.8938
SOLUSDT,BUY,LIMIT,1701228128074,19,58.9818
SOLUSDT,BUY,LIMIT,1701228135499,10,59.0041
SOLUSDT,BUY,LIMIT,1701228137201,95,59.0150
SOLUSDT,BUY,LIMIT,1701228143869,17,59.0433
SOLUSDT,BUY,LIMIT,1701228606945,20,59.1396
SOLUSDT,SELL,LIMIT,1701229053782,17,58.1599
SOLUSDT,SELL,LIMIT,1701236257023,2,57.8998
SOLUSDT,SELL,LIMIT,1701236264612,2,57.8709
SOLUSDT,SELL,LIMIT,1701236266302,1,57.8653
SOLUSDT,SELL,LIMIT,1701236276826,54,57.8541
SOLUSDT,BUY,LIMIT,1701237753775,1,58.9070
SOLUSDT,BUY,LIMIT,1701238637295,37,58.9947
SOLUSDT,BUY,LIMIT,1701238690899,17,59.0386
SOLUSDT,BUY,LIMIT,1701238708879,1,59.0633
SOLUSDT,BUY,LIMIT,1701239167919,45,59.1280
SOLUSDT,BUY,LIMIT,1701239197040,8,59.1595
SOLUSDT,BUY,LIMIT,1701239198271,5,59.1634
SOLUSDT,BUY,LIMIT,1701239203104,48,59.1780
SOLUSDT,BUY,LIMIT,1701239283292,8,57.7219
SOLUSDT,BUY,LIMIT,1701239284418,1,58.4807
SOLUSDT,BUY,LIMIT,1701239739237,2,59.2079
SOLUSDT,BUY,LIMIT,1701239740561,15,59.2164
SOLUSDT,BUY,LIMIT,1701239746255,44,59.2176
SOLUSDT,BUY,LIMIT,1701239831220,3,59.2415
SOLUSDT,BUY,LIMIT,1701239840192,8,59.2360
SOLUSDT,BUY,LIMIT,1701239888223,142,59.2455
SOLUSDT,BUY,LIMIT,1701239890255,12,59.2501
SOLUSDT,BUY,LIMIT,1701239892342,1,59.2558
SOLUSDT,BUY,LIMIT,1701239894569,1,59.2607
SOLUSDT,BUY,LIMIT,1701239895729,23,59.2760
SOLUSDT,BUY,LIMIT,1701239898672,2,59.2743
SOLUSDT,BUY,LIMIT,1701239902515,8,59.2796
SOLUSDT,BUY,LIMIT,1701239904550,26,59.2865
SOLUSDT,BUY,LIMIT,1701239905992,17,59.2911
SOLUSDT,BUY,LIMIT,1701239907313,9,59.2938
SOLUSDT,BUY,LIMIT,1701239917125,101,59.3078
SOLUSDT,BUY,LIMIT,1701239918141,51,59.3075
SOLUSDT,BUY,LIMIT,1701239928928,9,59.3182
SOLUSDT,BUY,LIMIT,1701239930041,7,59.3493
SOLUSDT,BUY,LIMIT,1701239941054,3,59.3208
SOLUSDT,BUY,LIMIT,1701239947141,144,59.3509
SOLUSDT,BUY,LIMIT,1701239949068,1,59.3554
SOLUSDT,BUY,LIMIT,1701239952610,8,59.3571
SOLUSDT,BUY,LIMIT,1701239973852,1,59.3603
SOLUSDT,BUY,LIMIT,1701239975109,1,59.3674
SOLUSDT,BUY,LIMIT,1701239976137,11,59.3704
SOLUSDT,BUY,LIMIT,1701239977369,2,59.3883
SOLUSDT,BUY,LIMIT,1701239978378,136,59.4014
SOLUSDT,BUY,LIMIT,1701239979495,882,59.5708
SOLUSDT,BUY,LIMIT,1701239981234,2,59.4296
SOLUSDT,BUY,LIMIT,1701240073051,6,59.4306
SOLUSDT,BUY,LIMIT,1701240078181,15,59.4423
SOLUSDT,BUY,LIMIT,1701240207430,110,59.4469
SOLUSDT,BUY,LIMIT,1701240212678,3,59.4612
SOLUSDT,BUY,LIMIT,1701240219171,4,59.4676
SOLUSDT,BUY,LIMIT,1701240220273,19,59.4769
SOLUSDT,BUY,LIMIT,1701240221468,6,59.4949
SOLUSDT,BUY,LIMIT,1701240222358,47,59.4890
SOLUSDT,BUY,LIMIT,1701240223329,4,59.5648
SOLUSDT,BUY,LIMIT,1701240224965,404,59.6935
SOLUSDT,BUY,LIMIT,1701240225984,169,59.5799
SOLUSDT,BUY,LIMIT,1701240228330,1,59.6074
SOLUSDT,BUY,LIMIT,1701240229409,1,59.6050
SOLUSDT,BUY,LIMIT,1701240231549,8,59.6138
SOLUSDT,BUY,LIMIT,1701240232653,17,59.6372
SOLUSDT,BUY,LIMIT,1701240234031,43,59.6406
SOLUSDT,BUY,LIMIT,1701240235155,1706,59.9046
SOLUSDT,BUY,LIMIT,1701240238038,1,59.6683
SOLUSDT,BUY,LIMIT,1701240297350,2,59.6001
SOLUSDT,BUY,LIMIT,1701240361254,183,59.6971
SOLUSDT,BUY,LIMIT,1701240362394,1,59.6993
SOLUSDT,BUY,LIMIT,1701240363710,2,59.7054
SOLUSDT,BUY,LIMIT,1701240365208,13,59.7220
SOLUSDT,BUY,LIMIT,1701240367212,6,59.7544
SOLUSDT,BUY,LIMIT,1701240368267,34,59.7398
SOLUSDT,BUY,LIMIT,1701240369448,1754,60.0373
SOLUSDT,BUY,LIMIT,1701240370630,53,59.7786
SOLUSDT,BUY,LIMIT,1701240372713,4635,60.4682
SOLUSDT,BUY,LIMIT,1701240374147,80,59.8075
SOLUSDT,BUY,LIMIT,1701240415086,2,59.8187
SOLUSDT,BUY,LIMIT,1701240435882,2,59.8148
SOLUSDT,BUY,LIMIT,1701240436888,6,59.8345
SOLUSDT,BUY,LIMIT,1701240438536,6,59.8277
SOLUSDT,BUY,LIMIT,1701240440050,33,59.8366
SOLUSDT,BUY,LIMIT,1701240441773,42,59.8444
SOLUSDT,BUY,LIMIT,1701240443178,71,59.8479
SOLUSDT,BUY,LIMIT,1701240451554,10,59.8560
SOLUSDT,BUY,LIMIT,1701240452771,72,59.8671
SOLUSDT,BUY,LIMIT,1701240574909,7,59.7508
SOLUSDT,BUY,LIMIT,1701240679057,10,59.8176
SOLUSDT,BUY,LIMIT,1701240720558,6,59.8862
SOLUSDT,BUY,LIMIT,1701240725489,1,59.8904
SOLUSDT,BUY,LIMIT,1701240726773,11,59.8995
SOLUSDT,BUY,LIMIT,1701240739785,441,60.0369
SOLUSDT,BUY,LIMIT,1701240741181,2,59.9264
SOLUSDT,BUY,LIMIT,1701240832463,24,59.9378
SOLUSDT,SELL,LIMIT,1701241089012,2,59.0866
SOLUSDT,BUY,LIMIT,1701241305390,8,59.7635
SOLUSDT,BUY,LIMIT,1701241506841,1,59.9441
SOLUSDT,BUY,LIMIT,1701241513202,3,59.9509
SOLUSDT,BUY,LIMIT,1701241514445,1,59.9509
SOLUSDT,BUY,LIMIT,1701241560454,37,59.9723
SOLUSDT,BUY,LIMIT,1701241564913,8,59.9815
SOLUSDT,BUY,LIMIT,1701241566503,11,59.9914
SOLUSDT,BUY,LIMIT,1701241571107,1,59.9937
SOLUSDT,SELL,LIMIT,1701242550199,167,58.8174
SOLUSDT,BUY,LIMIT,1701243184646,68,59.5928
SOLUSDT,BUY,LIMIT,1701243191088,69,59.3506
SOLUSDT,BUY,LIMIT,1701243198723,5,59.5796
SOLUSDT,SELL,LIMIT,1701243252863,27,58.8390
SOLUSDT,SELL,LIMIT,1701243307998,2,58.7456
SOLUSDT,SELL,LIMIT,1701243408124,2,59.4610
SOLUSDT,SELL,LIMIT,1701243418765,39,58.7579
SOLUSDT,SELL,LIMIT,1701243422242,3,58.7341
SOLUSDT,SELL,LIMIT,1701243453489,77,58.7091
SOLUSDT,SELL,LIMIT,1701243455161,4,58.7028
SOLUSDT,SELL,LIMIT,1701243471131,168,58.6615
SOLUSDT,SELL,LIMIT,1701243530783,1,58.6388
SOLUSDT,BUY,LIMIT,1701243559346,3,59.4436
SOLUSDT,BUY,LIMIT,1701243639361,1,58.9325
SOLUSDT,BUY,LIMIT,1701243890951,1,59.7330
SOLUSDT,SELL,LIMIT,1701243938161,1,60.0328
SOLUSDT,BUY,LIMIT,1701244195174,171,59.7863
SOLUSDT,BUY,LIMIT,1701244288747,169,59.8491
SOLUSDT,BUY,LIMIT,1701244310884,84,59.8604
SOLUSDT,BUY,LIMIT,1701244325462,2,59.8950
SOLUSDT,BUY,LIMIT,1701244348673,1,59.9155
SOLUSDT,BUY,LIMIT,1701244409233,15,59.9435
SOLUSDT,BUY,LIMIT,1701244452071,1,59.9511
SOLUSDT,BUY,LIMIT,1701244453282,4,59.9500
SOLUSDT,BUY,LIMIT,1701245098583,104,59.9280
SOLUSDT,BUY,LIMIT,1701245344440,60,60.0147
SOLUSDT,BUY,LIMIT,1701245349260,170,60.0249
SOLUSDT,BUY,LIMIT,1701245350286,4,60.0365
SOLUSDT,BUY,LIMIT,1701245351424,9,60.0322
SOLUSDT,BUY,LIMIT,1701245352452,10,60.0454
SOLUSDT,BUY,LIMIT,1701245360091,7,60.0533
SOLUSDT,BUY,LIMIT,1701245379409,95,60.0655
SOLUSDT,BUY,LIMIT,1701245381565,14,60.0688
SOLUSDT,BUY,LIMIT,1701245384468,169,60.0766
SOLUSDT,BUY,LIMIT,1701245387267,5,60.0911
SOLUSDT,BUY,LIMIT,1701245388923,52,60.1019
SOLUSDT,BUY,LIMIT,1701245414137,170,60.1053
SOLUSDT,BUY,LIMIT,1701245416477,9,60.1088
SOLUSDT,BUY,LIMIT,1701245435032,1,60.1457
SOLUSDT,BUY,LIMIT,1701245436139,110,60.1736
SOLUSDT,BUY,LIMIT,1701245437235,73,60.1750
SOLUSDT,BUY,LIMIT,1701245439692,7,60.2060
SOLUSDT,BUY,LIMIT,1701245441065,1,60.2370
SOLUSDT,BUY,LIMIT,1701245442169,2,60.2375
SOLUSDT,BUY,LIMIT,1701246075108,3,60.2507
SOLUSDT,BUY,LIMIT,1701246079855,2,60.2550
SOLUSDT,BUY,LIMIT,1701246082165,61,60.2589
SOLUSDT,BUY,LIMIT,1701246084717,200,60.3010
SOLUSDT,BUY,LIMIT,1701246088142,5,60.2752
SOLUSDT,BUY,LIMIT,1701246091266,16,60.2780
SOLUSDT,BUY,LIMIT,1701246093070,27,60.2850
SOLUSDT,BUY,LIMIT,1701246094138,12,60.3147
SOLUSDT,BUY,LIMIT,1701246105245,2,60.3186
SOLUSDT,BUY,LIMIT,1701246121316,28,60.3096
SOLUSDT,BUY,LIMIT,1701246127312,6,60.3265
SOLUSDT,BUY,LIMIT,1701246145283,1,60.3483
SOLUSDT,BUY,LIMIT,1701246146405,17,60.3500
SOLUSDT,BUY,LIMIT,1701246150827,1,60.3577
SOLUSDT,BUY,LIMIT,1701246152112,13,60.3695
SOLUSDT,BUY,LIMIT,1701246187752,33,60.3726
SOLUSDT,BUY,LIMIT,1701246188801,75,60.3772
SOLUSDT,BUY,LIMIT,1701246189982,50,60.4306
SOLUSDT,BUY,LIMIT,1701246191280,15,60.4503
SOLUSDT,BUY,LIMIT,1701246192323,1,60.4736
SOLUSDT,BUY,LIMIT,1701246193495,1,60.4700
SOLUSDT,BUY,LIMIT,1701246194581,4,60.4937
SOLUSDT,BUY,LIMIT,1701246196096,10,60.5012
SOLUSDT,BUY,LIMIT,1701246232048,59,60.5036
SOLUSDT,BUY,LIMIT,1701246233335,25,60.5085
SOLUSDT,BUY,LIMIT,1701246234354,7,60.5140
SOLUSDT,BUY,LIMIT,1701246236650,1,60.5248
SOLUSDT,BUY,LIMIT,1701246339223,37,60.5454
SOLUSDT,BUY,LIMIT,1701246340250,5,60.5532
SOLUSDT,BUY,LIMIT,1701246349200,78,60.5682
SOLUSDT,BUY,LIMIT,1701246350409,1,60.5804
SOLUSDT,BUY,LIMIT,1701246354156,30,60.5952
SOLUSDT,BUY,LIMIT,1701246837013,2,60.4994
SOLUSDT,BUY,LIMIT,1701246976867,5,60.5379
SOLUSDT,BUY,LIMIT,1701247098145,1,60.6044
SOLUSDT,BUY,LIMIT,1701247103033,603,60.7607
SOLUSDT,BUY,LIMIT,1701247104159,16,60.6137
SOLUSDT,BUY,LIMIT,1701247105286,15,60.6221
SOLUSDT,BUY,LIMIT,1701247109131,4,60.6533
SOLUSDT,BUY,LIMIT,1701247110284,29,60.6385
SOLUSDT,BUY,LIMIT,1701247116914,46,60.6584
SOLUSDT,BUY,LIMIT,1701247121820,5,60.6612
SOLUSDT,BUY,LIMIT,1701247123262,250,60.7567
SOLUSDT,BUY,LIMIT,1701247124317,36,60.6668
SOLUSDT,BUY,LIMIT,1701247125384,3,60.6965
SOLUSDT,BUY,LIMIT,1701247126516,1,60.7134
SOLUSDT,BUY,LIMIT,1701247218641,81,60.7301
SOLUSDT,BUY,LIMIT,1701247294324,7,60.7281
SOLUSDT,BUY,LIMIT,1701247308448,645,60.9044
SOLUSDT,BUY,LIMIT,1701247309512,12,60.7481
SOLUSDT,BUY,LIMIT,1701247310519,10,60.7581
SOLUSDT,BUY,LIMIT,1701247311782,35,60.7864
SOLUSDT,BUY,LIMIT,1701247325129,1680,61.0395
SOLUSDT,BUY,LIMIT,1701247330083,5,60.7880
SOLUSDT,BUY,LIMIT,1701247331404,166,60.7944
SOLUSDT,BUY,LIMIT,1701247333307,403,60.9353
SOLUSDT,BUY,LIMIT,1701247338279,1,60.8187
SOLUSDT,BUY,LIMIT,1701247345247,20,60.8237
SOLUSDT,BUY,LIMIT,1701247350169,27,60.8331
SOLUSDT,BUY,LIMIT,1701247351249,2,60.8312
SOLUSDT,BUY,LIMIT,1701247354086,50,60.8412
SOLUSDT,BUY,LIMIT,1701247355168,1,60.8426
SOLUSDT,BUY,LIMIT,1701247357109,2,60.8454
SOLUSDT,BUY,LIMIT,1701247363637,3,60.8497
SOLUSDT,BUY,LIMIT,1701247364705,9,60.8541
SOLUSDT,BUY,LIMIT,1701247453863,113,60.8568
SOLUSDT,BUY,LIMIT,1701247454981,9,60.8633
SOLUSDT,BUY,LIMIT,1701247487359,50,60.8769
SOLUSDT,BUY,LIMIT,1701247522764,14,60.8419
SOLUSDT,BUY,LIMIT,1701247529153,21,60.8479
SOLUSDT,BUY,LIMIT,1701247530275,4,60.8588
SOLUSDT,BUY,LIMIT,1701247531304,38,60.8631
SOLUSDT,BUY,LIMIT,1701247561318,124,60.8930
SOLUSDT,BUY,LIMIT,1701247562415,45,60.9091
SOLUSDT,BUY,LIMIT,1701247563429,24,60.9321
SOLUSDT,BUY,LIMIT,1701247564449,61,60.9525
SOLUSDT,BUY,LIMIT,1701247565469,1,60.9584
SOLUSDT,BUY,LIMIT,1701247566642,25,60.9690
SOLUSDT,BUY,LIMIT,1701247567950,7,60.9908
SOLUSDT,BUY,LIMIT,1701247569069,2,60.9980
SOLUSDT,BUY,LIMIT,1701247570231,166,61.0228
SOLUSDT,BUY,LIMIT,1701247571284,2,61.0365
SOLUSDT,BUY,LIMIT,1701247572312,10,61.0296
SOLUSDT,BUY,LIMIT,1701247573407,1,61.0943
SOLUSDT,BUY,LIMIT,1701247580207,24,61.1090
SOLUSDT,BUY,LIMIT,1701247581504,5,61.0916
SOLUSDT,BUY,LIMIT,1701247590716,132,61.1157
SOLUSDT,BUY,LIMIT,1701247592157,167,61.1319
SOLUSDT,BUY,LIMIT,1701247593173,10,61.1261
SOLUSDT,BUY,LIMIT,1701247594643,13,61.1674
SOLUSDT,BUY,LIMIT,1701247611400,125,61.1743
SOLUSDT,BUY,LIMIT,1701247613271,5,61.1812
SOLUSDT,BUY,LIMIT,1701247617210,6,61.1898
SOLUSDT,BUY,LIMIT,1701247618738,12,61.2007
SOLUSDT,BUY,LIMIT,1701247619793,57,61.2142
SOLUSDT,BUY,LIMIT,1701247621259,464,61.3766
SOLUSDT,BUY,LIMIT,1701247642251,41,61.2260
SOLUSDT,BUY,LIMIT,1701247644229,165,61.2386
SOLUSDT,BUY,LIMIT,1701247645510,3,61.2426
SOLUSDT,BUY,LIMIT,1701247651047,61,61.2555
SOLUSDT,BUY,LIMIT,1701247652172,1,61.2605
SOLUSDT,BUY,LIMIT,1701247653542,7,61.2728
SOLUSDT,BUY,LIMIT,1701247664330,10,61.2781
SOLUSDT,BUY,LIMIT,1701247676989,2,61.2846
SOLUSDT,BUY,LIMIT,1701247678055,8,61.3055
SOLUSDT,BUY,LIMIT,1701247679086,5,61.2946
SOLUSDT,BUY,LIMIT,1701247709944,6,61.3067
SOLUSDT,BUY,LIMIT,1701247711232,3,61.3090
SOLUSDT,BUY,LIMIT,1701247712278,103,61.3167
SOLUSDT,BUY,LIMIT,1701247713340,3,61.3150
SOLUSDT,BUY,LIMIT,1701247715471,12,61.3335
SOLUSDT,BUY,LIMIT,1701247716484,16,61.3637
SOLUSDT,BUY,LIMIT,1701247719049,11,61.3616
SOLUSDT,BUY,LIMIT,1701247783304,21,61.3401
SOLUSDT,BUY,LIMIT,1701247786306,41,61.3371
SOLUSDT,BUY,LIMIT,1701247792881,75,61.3536
SOLUSDT,BUY,LIMIT,1701247794392,616,61.5262
SOLUSDT,BUY,LIMIT,1701247795578,4,61.3834
SOLUSDT,BUY,LIMIT,1701247807766,21,61.3652
SOLUSDT,BUY,LIMIT,1701247810390,3,61.3753
SOLUSDT,BUY,LIMIT,1701247816548,1551,61.6287
SOLUSDT,BUY,LIMIT,1701247820359,3,61.3927
SOLUSDT,BUY,LIMIT,1701247822735,12,61.4003
SOLUSDT,BUY,LIMIT,1701247823937,45,61.4082
SOLUSDT,BUY,LIMIT,1701247824989,1,61.4264
SOLUSDT,BUY,LIMIT,1701247826007,1,61.4679
SOLUSDT,BUY,LIMIT,1701247844049,12,61.4735
SOLUSDT,BUY,LIMIT,1701247845172,19,61.4892
SOLUSDT,BUY,LIMIT,1701247846257,2,61.4774
SOLUSDT,BUY,LIMIT,1701247847364,924,61.7336
SOLUSDT,BUY,LIMIT,1701247848371,178,61.5697
SOLUSDT,BUY,LIMIT,1701247849420,7,61.5889
SOLUSDT,BUY,LIMIT,1701247850486,68,61.5748
SOLUSDT,BUY,LIMIT,1701247885136,5,61.5846
SOLUSDT,BUY,LIMIT,1701247911921,10,61.5861
SOLUSDT,BUY,LIMIT,1701247922035,2,61.6055
SOLUSDT,BUY,LIMIT,1701247923095,16,61.6230
SOLUSDT,BUY,LIMIT,1701247924099,25,61.6182
SOLUSDT,BUY,LIMIT,1701247925846,25,61.6404
SOLUSDT,BUY,LIMIT,1701247927090,4,61.6459
SOLUSDT,BUY,LIMIT,1701247928136,1,61.6520
SOLUSDT,BUY,LIMIT,1701247929200,19,61.7160
SOLUSDT,BUY,LIMIT,1701247932095,26,61.7230
SOLUSDT,BUY,LIMIT,1701247933108,22,61.7166
SOLUSDT,BUY,LIMIT,1701247935115,28,61.7401
SOLUSDT,BUY,LIMIT,1701247940850,18,61.7399
SOLUSDT,BUY,LIMIT,1701247942234,2,61.7446
SOLUSDT,BUY,LIMIT,1701247953105,5,61.7648
SOLUSDT,BUY,LIMIT,1701248007261,2,61.7004
SOLUSDT,BUY,LIMIT,1701248042688,1,61.7712
SOLUSDT,BUY,LIMIT,1701248043913,8,61.7909
SOLUSDT,BUY,LIMIT,1701248049182,36,61.8017
SOLUSDT,BUY,LIMIT,1701248050342,7,61.7975
SOLUSDT,BUY,LIMIT,1701248053200,420,61.9282
SOLUSDT,BUY,LIMIT,1701248054940,8,61.8167
SOLUSDT,BUY,LIMIT,1701248056314,17,61.8189
SOLUSDT,BUY,LIMIT,1701248102906,1,61.7779
SOLUSDT,BUY,LIMIT,1701248105218,1,61.7791
SOLUSDT,BUY,LIMIT,1701248241774,16,61.7759
SOLUSDT,BUY,LIMIT,1701248244094,3,61.7980
SOLUSDT,BUY,LIMIT,1701248247575,39,61.7643
SOLUSDT,BUY,LIMIT,1701248266298,21,61.8271
SOLUSDT,BUY,LIMIT,1701248270081,1,61.8158
SOLUSDT,BUY,LIMIT,1701248274293,10,61.8389
SOLUSDT,BUY,LIMIT,1701248275299,16,61.8369
SOLUSDT,BUY,LIMIT,1701248276588,3,61.8343
SOLUSDT,BUY,LIMIT,1701248285135,100,61.8439
SOLUSDT,BUY,LIMIT,1701248286289,3,61.8440
SOLUSDT,BUY,LIMIT,1701248540035,51,61.8604
SOLUSDT,BUY,LIMIT,1701248541059,127,61.8625
SOLUSDT,BUY,LIMIT,1701248543135,92,61.9266
SOLUSDT,BUY,LIMIT,1701248544155,2,61.9002
SOLUSDT,BUY,LIMIT,1701248545435,8,61.9426
SOLUSDT,BUY,LIMIT,1701248715404,1,61.9441
SOLUSDT,BUY,LIMIT,1701248717216,1,61.9512
SOLUSDT,BUY,LIMIT,1701248718397,3,61.9705
SOLUSDT,BUY,LIMIT,1701248719682,6,62.0003
SOLUSDT,BUY,LIMIT,1701248720852,9,62.0353
SOLUSDT,BUY,LIMIT,1701248721983,7,62.0704
SOLUSDT,BUY,LIMIT,1701248723046,10,62.0802
SOLUSDT,BUY,LIMIT,1701248724568,35,62.0969
SOLUSDT,BUY,LIMIT,1701248725973,2,62.0992
SOLUSDT,BUY,LIMIT,1701248727011,4,62.1099
SOLUSDT,BUY,LIMIT,1701248728218,1,62.1125
SOLUSDT,BUY,LIMIT,1701248729496,6,62.1211
SOLUSDT,BUY,LIMIT,1701248825077,1,62.0054
SOLUSDT,BUY,LIMIT,1701249046473,2,61.9672
SOLUSDT,SELL,LIMIT,1701249261562,11,60.8890
SOLUSDT,SELL,LIMIT,1701249263839,8,60.8827
SOLUSDT,SELL,LIMIT,1701250098091,44,61.1823
SOLUSDT,SELL,LIMIT,1701250201160,1,60.8361
SOLUSDT,SELL,LIMIT,1701250205272,8,60.8132
SOLUSDT,SELL,LIMIT,1701250211252,19,60.7758
SOLUSDT,SELL,LIMIT,1701250212943,105,60.7437
SOLUSDT,SELL,LIMIT,1701250214172,13,60.7272
SOLUSDT,SELL,LIMIT,1701250229976,6,60.7243
SOLUSDT,SELL,LIMIT,1701250236851,20,60.7076
SOLUSDT,SELL,LIMIT,1701250238214,32,60.6976
SOLUSDT,SELL,LIMIT,1701250240151,1,60.6915
SOLUSDT,SELL,LIMIT,1701250251807,11,60.6080
SOLUSDT,SELL,LIMIT,1701250253606,29,60.6001
SOLUSDT,SELL,LIMIT,1701250256121,89,60.5638
SOLUSDT,SELL,LIMIT,1701250264529,1,60.5451
SOLUSDT,SELL,LIMIT,1701250271253,162,60.5146
SOLUSDT,SELL,LIMIT,1701250272289,14,60.5069
SOLUSDT,SELL,LIMIT,1701250276543,2,60.5018
SOLUSDT,SELL,LIMIT,1701250278072,79,60.4845
SOLUSDT,SELL,LIMIT,1701250281125,6,60.4425
SOLUSDT,SELL,LIMIT,1701250292423,1,60.4393
SOLUSDT,BUY,LIMIT,1701250479823,22,61.6283
SOLUSDT,BUY,LIMIT,1701250492138,35,61.6972
SOLUSDT,BUY,LIMIT,1701250611922,3,61.7156
SOLUSDT,BUY,LIMIT,1701250646143,35,61.7563
SOLUSDT,BUY,LIMIT,1701250907226,12,61.9063
SOLUSDT,BUY,LIMIT,1701251534575,45,61.5123
SOLUSDT,SELL,LIMIT,1701251600145,16,60.6974
SOLUSDT,SELL,LIMIT,1701251601163,2,60.6885
SOLUSDT,SELL,LIMIT,1701251604134,1,60.6667
SOLUSDT,SELL,LIMIT,1701251605184,19,60.6519
SOLUSDT,SELL,LIMIT,1701251608466,66,60.6387
SOLUSDT,SELL,LIMIT,1701251611997,1,60.6096
SOLUSDT,SELL,LIMIT,1701251613262,35,60.6007
SOLUSDT,SELL,LIMIT,1701251614931,10,60.5907
SOLUSDT,SELL,LIMIT,1701251616344,3,60.5768
SOLUSDT,SELL,LIMIT,1701251618957,8,60.5444
SOLUSDT,SELL,LIMIT,1701252226359,2,60.4774
SOLUSDT,SELL,LIMIT,1701252231048,157,60.4343
SOLUSDT,SELL,LIMIT,1701252232328,3,60.4531
SOLUSDT,SELL,LIMIT,1701252233532,7,60.4273
SOLUSDT,SELL,LIMIT,1701252235227,3,60.3560
SOLUSDT,SELL,LIMIT,1701252236272,21,60.3449
SOLUSDT,BUY,LIMIT,1701252665697,132,61.6088
SOLUSDT,BUY,LIMIT,1701252674410,4,61.6307
SOLUSDT,SELL,LIMIT,1701253147812,16,60.4267
SOLUSDT,SELL,LIMIT,1701253156165,3,60.3982
SOLUSDT,SELL,LIMIT,1701253158152,1,60.3812
SOLUSDT,SELL,LIMIT,1701253161284,1,62.3385
SOLUSDT,SELL,LIMIT,1701253165834,812,60.1716
SOLUSDT,SELL,LIMIT,1701253168162,2,60.3313
SOLUSDT,SELL,LIMIT,1701253174324,36,60.3060
SOLUSDT,SELL,LIMIT,1701253178084,25,60.4669
SOLUSDT,SELL,LIMIT,1701253323412,253,60.3147
SOLUSDT,SELL,LIMIT,1701253412138,4,60.3750
SOLUSDT,SELL,LIMIT,1701253518805,2,60.2799
SOLUSDT,SELL,LIMIT,1701253525176,129,60.2567
SOLUSDT,SELL,LIMIT,1701253526611,1,60.2295
SOLUSDT,SELL,LIMIT,1701253528074,1,60.2151
SOLUSDT,SELL,LIMIT,1701253529188,2,60.1990
SOLUSDT,SELL,LIMIT,1701253530887,27,60.1800
SOLUSDT,SELL,LIMIT,1701253532009,54,60.1755
SOLUSDT,SELL,LIMIT,1701253536099,32,60.1681
SOLUSDT,SELL,LIMIT,1701253538745,8,60.1668
SOLUSDT,SELL,LIMIT,1701253539880,28,60.1418
SOLUSDT,SELL,LIMIT,1701253615237,10,60.1342
SOLUSDT,SELL,LIMIT,1701253616206,43,60.1256
SOLUSDT,SELL,LIMIT,1701253617485,170,60.0670
SOLUSDT,SELL,LIMIT,1701254048365,345,59.9873
SOLUSDT,SELL,LIMIT,1701254049549,10,60.0647
SOLUSDT,SELL,LIMIT,1701254051034,1,60.0395
SOLUSDT,SELL,LIMIT,1701254052102,163,60.0006
SOLUSDT,SELL,LIMIT,1701254053421,2,60.0156
SOLUSDT,SELL,LIMIT,1701254061720,420,59.8526
SOLUSDT,SELL,LIMIT,1701254066669,199,59.9474
SOLUSDT,SELL,LIMIT,1701254253052,13,59.9523
SOLUSDT,SELL,LIMIT,1701254254382,11,59.9496
SOLUSDT,SELL,LIMIT,1701254255974,4,59.9423
SOLUSDT,SELL,LIMIT,1701254292167,2,60.1081
SOLUSDT,SELL,LIMIT,1701254294942,3,59.9274
SOLUSDT,SELL,LIMIT,1701254336115,107,59.9214
SOLUSDT,SELL,LIMIT,1701254369104,73,59.8385
SOLUSDT,SELL,LIMIT,1701254378378,33,59.8199
SOLUSDT,SELL,LIMIT,1701254379728,164,59.7941
SOLUSDT,SELL,LIMIT,1701254381174,1,59.7691
SOLUSDT,SELL,LIMIT,1701254404303,5,59.7723
SOLUSDT,SELL,LIMIT,1701254409282,4,59.7514
SOLUSDT,SELL,LIMIT,1701254411345,10,59.7492
SOLUSDT,SELL,LIMIT,1701254412433,1,59.7295
SOLUSDT,SELL,LIMIT,1701254417092,4,59.6963
SOLUSDT,SELL,LIMIT,1701254418227,127,59.6926
SOLUSDT,SELL,LIMIT,1701254425322,131,59.6741
SOLUSDT,BUY,LIMIT,1701254474322,5,60.6993
SOLUSDT,BUY,LIMIT,1701254828217,8,60.6845
SOLUSDT,SELL,LIMIT,1701255063829,7,59.9767
SOLUSDT,SELL,LIMIT,1701255706781,11,59.9098
SOLUSDT,BUY,LIMIT,1701255889999,40,60.7210
SOLUSDT,BUY,LIMIT,1701256014298,18,60.9422
SOLUSDT,BUY,LIMIT,1701256298529,21,61.0338
SOLUSDT,BUY,LIMIT,1701256333150,12,61.0393
SOLUSDT,BUY,LIMIT,1701256373302,2,61.0510
SOLUSDT,BUY,LIMIT,1701256378316,5,61.0641
SOLUSDT,BUY,LIMIT,1701256403205,4,61.0910
SOLUSDT,BUY,LIMIT,1701256423323,6,61.0951
SOLUSDT,BUY,LIMIT,1701256425744,28,61.1164
SOLUSDT,BUY,LIMIT,1701256432073,23,61.1629
SOLUSDT,BUY,LIMIT,1701256436275,112,61.1902
SOLUSDT,BUY,LIMIT,1701257559374,24,61.1469
SOLUSDT,BUY,LIMIT,1701257637075,12,61.2767
SOLUSDT,BUY,LIMIT,1701257642178,9,61.2946
SOLUSDT,BUY,LIMIT,1701257646222,48,61.2989
SOLUSDT,BUY,LIMIT,1701257650157,6,61.3158
SOLUSDT,BUY,LIMIT,1701257652131,63,61.3634
SOLUSDT,BUY,LIMIT,1701257669213,4,61.3707
SOLUSDT,BUY,LIMIT,1701257674075,4,61.3807
SOLUSDT,BUY,LIMIT,1701257684079,32,61.3857
SOLUSDT,BUY,LIMIT,1701257688457,1,61.3897
SOLUSDT,SELL,LIMIT,1701258312870,7,60.1733
SOLUSDT,BUY,LIMIT,1701259495657,122,61.3009
SOLUSDT,SELL,LIMIT,1701259952426,1,60.0574
SOLUSDT,SELL,LIMIT,1701259955347,67,60.0429
SOLUSDT,SELL,LIMIT,1701259972621,49,60.0265
SOLUSDT,SELL,LIMIT,1701259978935,1,60.0072
SOLUSDT,SELL,LIMIT,1701259981545,1,59.9932
SOLUSDT,SELL,LIMIT,1701259983675,1,59.9876
SOLUSDT,BUY,LIMIT,1701260218792,4,60.7974
SOLUSDT,SELL,LIMIT,1701260249382,19,59.9597
SOLUSDT,SELL,LIMIT,1701260254202,10,59.9400
SOLUSDT,SELL,LIMIT,1701260276913,19,59.9449
SOLUSDT,SELL,LIMIT,1701260287302,62,59.9146
SOLUSDT,SELL,LIMIT,1701260296691,18,59.8893
SOLUSDT,SELL,LIMIT,1701260299328,164,59.8619
SOLUSDT,SELL,LIMIT,1701260320956,23,59.8551
SOLUSDT,SELL,LIMIT,1701260326933,120,59.8211
SOLUSDT,SELL,LIMIT,1701260331117,49,59.7822
SOLUSDT,SELL,LIMIT,1701260334349,41,59.7656
SOLUSDT,BUY,LIMIT,1701260547789,1,60.9333
SOLUSDT,BUY,LIMIT,1701260644434,3,61.0220
SOLUSDT,BUY,LIMIT,1701260658748,1,61.0352
SOLUSDT,BUY,LIMIT,1701260692801,3,61.1296
SOLUSDT,BUY,LIMIT,1701260696261,4,61.1358
SOLUSDT,BUY,LIMIT,1701260919535,51,61.1680
SOLUSDT,BUY,LIMIT,1701261120684,1,61.2192
SOLUSDT,BUY,LIMIT,1701261147827,4,61.2549
SOLUSDT,BUY,LIMIT,1701261162129,5,61.2955
SOLUSDT,BUY,LIMIT,1701261627175,1,61.2704
SOLUSDT,BUY,LIMIT,1701261725679,3,61.3145
SOLUSDT,BUY,LIMIT,1701262042473,3,61.2124
SOLUSDT,SELL,LIMIT,1701262953659,2,60.2860
SOLUSDT,BUY,LIMIT,1701263170885,13,61.2425
SOLUSDT,SELL,LIMIT,1701263998187,29,60.2435
SOLUSDT,SELL,LIMIT,1701264383683,2,60.2610
SOLUSDT,SELL,LIMIT,1701264401315,3,60.0763
SOLUSDT,SELL,LIMIT,1701264409901,51,60.0618
SOLUSDT,SELL,LIMIT,1701264411606,1,60.0163
SOLUSDT,SELL,LIMIT,1701264413347,50,59.9949
SOLUSDT,SELL,LIMIT,1701264415166,35,59.9330
SOLUSDT,SELL,LIMIT,1701264417642,81,59.9274
SOLUSDT,SELL,LIMIT,1701264422002,5,59.9030
SOLUSDT,SELL,LIMIT,1701264428840,7,59.9039
SOLUSDT,SELL,LIMIT,1701264429928,25,59.8941
SOLUSDT,SELL,LIMIT,1701264431498,10,59.8743
SOLUSDT,SELL,LIMIT,1701264504535,1,59.9484
SOLUSDT,BUY,LIMIT,1701264753273,15,61.1112
SOLUSDT,BUY,LIMIT,1701264755012,5,61.1169
SOLUSDT,SELL,LIMIT,1701265464519,1,60.0201
SOLUSDT,BUY,LIMIT,1701266635308,16,61.2047
SOLUSDT,BUY,LIMIT,1701266636795,8,61.2170
SOLUSDT,BUY,LIMIT,1701266641035,1,61.2316
SOLUSDT,BUY,LIMIT,1701266643973,33,61.2513
SOLUSDT,BUY,LIMIT,1701266663677,36,61.2724
SOLUSDT,BUY,LIMIT,1701266669239,7,61.3416
SOLUSDT,BUY,LIMIT,1701266670345,3,61.3838
SOLUSDT,BUY,LIMIT,1701266672022,115,61.4953
SOLUSDT,BUY,LIMIT,1701266673521,165,61.4959
SOLUSDT,BUY,LIMIT,1701266676038,396,61.6610
SOLUSDT,BUY,LIMIT,1701266677103,1,61.5268
SOLUSDT,BUY,LIMIT,1701266678312,5,61.5469
SOLUSDT,BUY,LIMIT,1701266681786,36,61.5683
SOLUSDT,BUY,LIMIT,1701266683206,485,61.7281
SOLUSDT,BUY,LIMIT,1701266684298,1,61.6092
SOLUSDT,BUY,LIMIT,1701266685400,16,61.6268
SOLUSDT,BUY,LIMIT,1701266686427,2,61.6723
SOLUSDT,BUY,LIMIT,1701266687485,46,61.7292
SOLUSDT,BUY,LIMIT,1701266688508,9,61.7401
SOLUSDT,BUY,LIMIT,1701266985061,199,61.7970
SOLUSDT,BUY,LIMIT,1701266986185,5,61.7675
SOLUSDT,BUY,LIMIT,1701266987275,3,61.8245
SOLUSDT,BUY,LIMIT,1701267106681,2,61.8493
SOLUSDT,BUY,LIMIT,1701267109107,400,62.0242
SOLUSDT,BUY,LIMIT,1701267112269,49,61.9213
SOLUSDT,BUY,LIMIT,1701267113472,14,61.9618
SOLUSDT,BUY,LIMIT,1701267114539,35,61.9730
SOLUSDT,SELL,LIMIT,1701267503526,28,60.4925
SOLUSDT,SELL,LIMIT,1701267553194,7,60.4405
SOLUSDT,SELL,LIMIT,1701267561398,84,60.4314
SOLUSDT,SELL,LIMIT,1701267721230,5,60.5128
SOLUSDT,SELL,LIMIT,1701267779490,49,60.3481
SOLUSDT,SELL,LIMIT,1701267784370,1,60.3439
SOLUSDT,SELL,LIMIT,1701267786238,162,60.3217
SOLUSDT,SELL,LIMIT,1701267790787,12,60.2487
SOLUSDT,SELL,LIMIT,1701267796948,17,60.2439
SOLUSDT,BUY,LIMIT,1701268201405,76,61.4783
SOLUSDT,SELL,LIMIT,1701268352220,1,60.4527
SOLUSDT,SELL,LIMIT,1701268453072,6,60.2027
SOLUSDT,SELL,LIMIT,1701268454355,16,60.2119
SOLUSDT,SELL,LIMIT,1701268871158,35,60.1813
SOLUSDT,SELL,LIMIT,1701268872272,6,60.1793
SOLUSDT,SELL,LIMIT,1701268873509,1,60.1748
SOLUSDT,SELL,LIMIT,1701268882960,33,60.1409
SOLUSDT,SELL,LIMIT,1701268884138,10,60.1365
SOLUSDT,SELL,LIMIT,1701268892098,1,60.1328
SOLUSDT,SELL,LIMIT,1701268899455,5,60.1222
SOLUSDT,SELL,LIMIT,1701268904993,8,60.0959
SOLUSDT,SELL,LIMIT,1701269035909,26,60.0421
SOLUSDT,SELL,LIMIT,1701269053164,1,60.0300
SOLUSDT,SELL,LIMIT,1701269103087,5,60.0146
SOLUSDT,SELL,LIMIT,1701269104433,43,60.0119
SOLUSDT,SELL,LIMIT,1701269107137,48,60.0018
SOLUSDT,SELL,LIMIT,1701269110268,3,60.0081
SOLUSDT,SELL,LIMIT,1701269113083,163,59.9975
SOLUSDT,SELL,LIMIT,1701269144680,57,59.9683
SOLUSDT,SELL,LIMIT,1701269146193,1,59.9502
SOLUSDT,SELL,LIMIT,1701269147275,126,59.9221
SOLUSDT,SELL,LIMIT,1701269149294,3,59.8954
SOLUSDT,SELL,LIMIT,1701269150346,33,59.8910
SOLUSDT,SELL,LIMIT,1701269155170,124,59.8825
SOLUSDT,SELL,LIMIT,1701269157205,2,59.8793
SOLUSDT,SELL,LIMIT,1701269158918,15,59.8463
SOLUSDT,SELL,LIMIT,1701269241229,44,59.8441
SOLUSDT,SELL,LIMIT,1701269244311,201,59.7923
SOLUSDT,SELL,LIMIT,1701269246001,155,59.7993
SOLUSDT,SELL,LIMIT,1701269251633,26,59.7710
SOLUSDT,SELL,LIMIT,1701269252985,2,59.7556
SOLUSDT,SELL,LIMIT,1701269254699,7,59.7356
SOLUSDT,SELL,LIMIT,1701269273976,2,59.7169
SOLUSDT,SELL,LIMIT,1701269289933,6,59.7020
SOLUSDT,SELL,LIMIT,1701269291478,33,59.6946
SOLUSDT,SELL,LIMIT,1701269292617,15,59.5591
SOLUSDT,SELL,LIMIT,1701269294111,1,59.5518
SOLUSDT,SELL,LIMIT,1701269403468,3,59.6857
SOLUSDT,SELL,LIMIT,1701270319409,24,59.7716
SOLUSDT,SELL,LIMIT,1701270433078,758,59.4719
SOLUSDT,SELL,LIMIT,1701270437033,3,59.5362
SOLUSDT,SELL,LIMIT,1701270438107,45,59.4792
SOLUSDT,SELL,LIMIT,1701270439224,25,59.5200
SOLUSDT,SELL,LIMIT,1701270440297,166,59.4371
SOLUSDT,SELL,LIMIT,1701270442331,25,59.5039
SOLUSDT,SELL,LIMIT,1701270444115,2,59.4162
SOLUSDT,SELL,LIMIT,1701270446127,20,59.4064
SOLUSDT,SELL,LIMIT,1701270447151,8,59.3888
SOLUSDT,SELL,LIMIT,1701270448822,5,59.3590
SOLUSDT,SELL,LIMIT,1701270451201,1,59.3128
SOLUSDT,SELL,LIMIT,1701270452148,1,59.3076
SOLUSDT,SELL,LIMIT,1701270453376,62,59.2941
SOLUSDT,SELL,LIMIT,1701270462417,7,59.6704
SOLUSDT,SELL,LIMIT,1701270483409,26,59.4740
SOLUSDT,SELL,LIMIT,1701270548064,289,59.2425
SOLUSDT,SELL,LIMIT,1701270557412,10,59.3054
SOLUSDT,SELL,LIMIT,1701270573119,1,59.3118
SOLUSDT,SELL,LIMIT,1701270579086,17,59.2765
SOLUSDT,SELL,LIMIT,1701270583032,5,59.2741
SOLUSDT,SELL,LIMIT,1701270584091,14,59.1483
SOLUSDT,SELL,LIMIT,1701270585150,1,59.6077
SOLUSDT,SELL,LIMIT,1701270586194,5,59.0900
SOLUSDT,SELL,LIMIT,1701270588790,8,59.0861
SOLUSDT,SELL,LIMIT,1701270611176,1,59.0547
SOLUSDT,SELL,LIMIT,1701270612237,53,59.0644
SOLUSDT,SELL,LIMIT,1701270613536,2,59.0094
SOLUSDT,SELL,LIMIT,1701270614632,30,58.9610
SOLUSDT,SELL,LIMIT,1701270616191,1,58.9231
SOLUSDT,SELL,LIMIT,1701270617088,35,58.8914
SOLUSDT,SELL,LIMIT,1701270618400,8,58.7988
SOLUSDT,SELL,LIMIT,1701270619848,2,58.7824
SOLUSDT,SELL,LIMIT,1701270764642,1,58.9382
SOLUSDT,BUY,LIMIT,1701271734978,5,60.2078
SOLUSDT,BUY,LIMIT,1701271738231,19,60.2441
SOLUSDT,BUY,LIMIT,1701271755198,1,60.2471
SOLUSDT,BUY,LIMIT,1701271756284,5,60.2584
SOLUSDT,BUY,LIMIT,1701271760687,8,60.2730
SOLUSDT,BUY,LIMIT,1701271778507,18,60.2978
SOLUSDT,BUY,LIMIT,1701271792278,1,60.3501
SOLUSDT,BUY,LIMIT,1701271793287,2,60.3548
SOLUSDT,BUY,LIMIT,1701271797483,16,60.3567
SOLUSDT,BUY,LIMIT,1701271802356,6,60.3578
SOLUSDT,BUY,LIMIT,1701272003625,6,60.4564
SOLUSDT,BUY,LIMIT,1701272017809,168,60.4669
SOLUSDT,BUY,LIMIT,1701272019064,2,60.5079
SOLUSDT,BUY,LIMIT,1701272034678,3,60.5588
SOLUSDT,BUY,LIMIT,1701272050323,3,60.5668
SOLUSDT,BUY,LIMIT,1701272054913,6,60.5737
SOLUSDT,BUY,LIMIT,1701272060310,1,60.5885
SOLUSDT,SELL,LIMIT,1701273615287,1,59.6210
SOLUSDT,BUY,LIMIT,1701273769738,12,60.6503
SOLUSDT,BUY,LIMIT,1701273775681,2,60.6690
SOLUSDT,BUY,LIMIT,1701273790853,7,60.6706
SOLUSDT,BUY,LIMIT,1701273840318,3,60.6999
SOLUSDT,SELL,LIMIT,1701273889344,15,61.6763
SOLUSDT,SELL,LIMIT,1701273912879,4,59.8295
SOLUSDT,SELL,LIMIT,1701274315094,4,59.4092
SOLUSDT,SELL,LIMIT,1701274316469,3,59.4105
SOLUSDT,SELL,LIMIT,1701274575548,42,59.3769
SOLUSDT,SELL,LIMIT,1701274592701,9,59.3145
SOLUSDT,SELL,LIMIT,1701274593898,1,59.2872
SOLUSDT,SELL,LIMIT,1701274608097,40,59.2793
SOLUSDT,SELL,LIMIT,1701274609385,7,59.2576
SOLUSDT,SELL,LIMIT,1701274611124,75,59.2496
SOLUSDT,SELL,LIMIT,1701274670214,19,59.2207
SOLUSDT,SELL,LIMIT,1701274672399,24,59.2183
SOLUSDT,SELL,LIMIT,1701274673471,74,59.2194
SOLUSDT,SELL,LIMIT,1701274684099,11,59.2022
SOLUSDT,SELL,LIMIT,1701274685285,12,59.1861
SOLUSDT,SELL,LIMIT,1701274711938,5,59.1607
SOLUSDT,SELL,LIMIT,1701275433921,1,59.2405
SOLUSDT,SELL,LIMIT,1701275493065,151,59.1311
SOLUSDT,SELL,LIMIT,1701275499466,6,59.1231
SOLUSDT,SELL,LIMIT,1701275503731,4,59.1197
SOLUSDT,SELL,LIMIT,1701275506301,1,59.0931
SOLUSDT,SELL,LIMIT,1701275514169,85,59.0090
SOLUSDT,SELL,LIMIT,1701275515253,201,58.9885
SOLUSDT,SELL,LIMIT,1701275598096,75,58.9486
SOLUSDT,SELL,LIMIT,1701275602332,1,58.9312
SOLUSDT,SELL,LIMIT,1701275606137,8,58.9253
SOLUSDT,SELL,LIMIT,1701275608491,18,58.8831
SOLUSDT,SELL,LIMIT,1701275706402,29,58.8768
SOLUSDT,SELL,LIMIT,1701275713727,1,58.8739
SOLUSDT,SELL,LIMIT,1701275759967,4,58.8607
SOLUSDT,SELL,LIMIT,1701275767646,15,58.8442
SOLUSDT,SELL,LIMIT,1701275769198,61,58.8368
SOLUSDT,SELL,LIMIT,1701275803860,2,58.8123
SOLUSDT,SELL,LIMIT,1701275805797,4,58.8115
SOLUSDT,SELL,LIMIT,1701275807495,65,58.8569
SOLUSDT,SELL,LIMIT,1701275809786,27,58.7907
SOLUSDT,SELL,LIMIT,1701275811205,2,58.7792
SOLUSDT,SELL,LIMIT,1701275812815,125,58.7726
SOLUSDT,SELL,LIMIT,1701275815467,24,58.7616
SOLUSDT,SELL,LIMIT,1701275833059,87,58.7302
SOLUSDT,SELL,LIMIT,1701275834068,13,58.7168
SOLUSDT,SELL,LIMIT,1701275835099,1,58.6794
SOLUSDT,SELL,LIMIT,1701275836372,5,58.6683
SOLUSDT,SELL,LIMIT,1701275839181,30,58.6521
SOLUSDT,SELL,LIMIT,1701275840397,139,58.6567
SOLUSDT,SELL,LIMIT,1701275841444,160,58.5323
SOLUSDT,SELL,LIMIT,1701275842503,66,58.5301
SOLUSDT,SELL,LIMIT,1701275843527,2,58.5283
SOLUSDT,BUY,LIMIT,1701276518272,27,59.8503
SOLUSDT,BUY,LIMIT,1701276538034,80,59.9002
SOLUSDT,SELL,LIMIT,1701277353329,2,58.7518
SOLUSDT,BUY,LIMIT,1701279623851,31,59.9465
SOLUSDT,BUY,LIMIT,1701279627989,1,59.9774
SOLUSDT,BUY,LIMIT,1701279652577,61,60.0028
SOLUSDT,BUY,LIMIT,1701279653911,29,60.0114
SOLUSDT,BUY,LIMIT,1701279670137,5,60.0320
SOLUSDT,BUY,LIMIT,1701279672156,4,60.0462
SOLUSDT,BUY,LIMIT,1701279678172,9,60.0950
SOLUSDT,BUY,LIMIT,1701279699327,9,60.1248
SOLUSDT,BUY,LIMIT,1701279729217,18,60.1936
SOLUSDT,BUY,LIMIT,1701279730239,27,60.1419
SOLUSDT,BUY,LIMIT,1701279925346,20,60.2382
SOLUSDT,BUY,LIMIT,1701279929552,155,60.2597
SOLUSDT,BUY,LIMIT,1701279935321,16,60.2743
SOLUSDT,BUY,LIMIT,1701279947107,1,60.2972
SOLUSDT,BUY,LIMIT,1701279955114,5,60.3095
SOLUSDT,BUY,LIMIT,1701279956229,5,60.2993
SOLUSDT,BUY,LIMIT,1701279959738,1,60.3318
SOLUSDT,BUY,LIMIT,1701279963335,69,60.3493
SOLUSDT,BUY,LIMIT,1701279965383,59,60.4110
SOLUSDT,BUY,LIMIT,1701279985653,6,60.4648
SOLUSDT,BUY,LIMIT,1701279994822,2,60.4930
SOLUSDT,BUY,LIMIT,1701279996113,2,60.5037
SOLUSDT,BUY,LIMIT,1701280042356,14,60.3489
SOLUSDT,BUY,LIMIT,1701280127131,9,60.3427
SOLUSDT,BUY,LIMIT,1701280159172,2,60.5430
SOLUSDT,BUY,LIMIT,1701280162662,418,60.6895
SOLUSDT,BUY,LIMIT,1701280165450,3,60.5754
SOLUSDT,BUY,LIMIT,1701280505499,69,60.5046
SOLUSDT,SELL,LIMIT,1701281317189,10,59.3125
SOLUSDT,SELL,LIMIT,1701281362228,7,59.3529
SOLUSDT,SELL,LIMIT,1701281476456,9,59.2926
SOLUSDT,SELL,LIMIT,1701281485423,1,59.2798
SOLUSDT,SELL,LIMIT,1701281596185,39,59.2418
SOLUSDT,SELL,LIMIT,1701281600075,1,59.2272
SOLUSDT,SELL,LIMIT,1701281747203,12,59.2104
SOLUSDT,BUY,LIMIT,1701282189514,11,60.0887
SOLUSDT,BUY,LIMIT,1701283698387,41,60.3575
SOLUSDT,BUY,LIMIT,1701283740134,1,60.4302
SOLUSDT,BUY,LIMIT,1701283809122,10,60.4657
SOLUSDT,BUY,LIMIT,1701283811542,37,60.4754
SOLUSDT,BUY,LIMIT,1701283874192,7,60.1908
SOLUSDT,BUY,LIMIT,1701284400609,167,60.4842
SOLUSDT,BUY,LIMIT,1701284407231,4,60.5076
SOLUSDT,BUY,LIMIT,1701284919113,59,60.5363
SOLUSDT,BUY,LIMIT,1701284931787,26,60.5752
SOLUSDT,BUY,LIMIT,1701284948058,5,60.6046
SOLUSDT,BUY,LIMIT,1701284949451,27,60.6069
SOLUSDT,BUY,LIMIT,1701284950632,79,60.6240
SOLUSDT,BUY,LIMIT,1701284956939,835,60.7975
SOLUSDT,BUY,LIMIT,1701284958740,1,60.5946
SOLUSDT,BUY,LIMIT,1701284959869,10,60.6356
SOLUSDT,BUY,LIMIT,1701284979017,61,60.6526
SOLUSDT,BUY,LIMIT,1701284993107,2,60.6781
SOLUSDT,BUY,LIMIT,1701284994129,33,60.6668
SOLUSDT,BUY,LIMIT,1701284997312,15,60.6934
SOLUSDT,BUY,LIMIT,1701285002997,250,60.8042
SOLUSDT,BUY,LIMIT,1701285053453,1,60.7468
SOLUSDT,BUY,LIMIT,1701285056209,9,60.7610
SOLUSDT,BUY,LIMIT,1701285057531,206,60.8119
SOLUSDT,SELL,LIMIT,1701285218000,83,59.7719
SOLUSDT,SELL,LIMIT,1701285831532,1,59.5567
SOLUSDT,SELL,LIMIT,1701286005485,9,59.4850
SOLUSDT,SELL,LIMIT,1701286038929,7,59.4464
SOLUSDT,SELL,LIMIT,1701286177501,70,59.4702
SOLUSDT,SELL,LIMIT,1701286596130,1,59.3792
SOLUSDT,SELL,LIMIT,1701286597210,2,59.3833
SOLUSDT,SELL,LIMIT,1701286606362,13,59.3333
SOLUSDT,BUY,LIMIT,1701289585234,3,60.6049
SOLUSDT,BUY,LIMIT,1701289810218,6,60.6251
SOLUSDT,BUY,LIMIT,1701289847186,3,60.0534
SOLUSDT,SELL,LIMIT,1701290149077,11,59.5286
SOLUSDT,SELL,LIMIT,1701290178806,75,59.4193
SOLUSDT,SELL,LIMIT,1701290183535,7,59.3928
SOLUSDT,SELL,LIMIT,1701290189770,13,59.3599
SOLUSDT,SELL,LIMIT,1701290309602,8,59.2902
SOLUSDT,SELL,LIMIT,1701290312427,7,59.2809
SOLUSDT,SELL,LIMIT,1701290330651,18,59.2709
SOLUSDT,SELL,LIMIT,1701290332691,36,59.2684
SOLUSDT,SELL,LIMIT,1701290335794,25,59.2077
SOLUSDT,SELL,LIMIT,1701290337256,2,59.1735
SOLUSDT,SELL,LIMIT,1701290338267,67,59.1919
SOLUSDT,SELL,LIMIT,1701290340300,2,59.0937
SOLUSDT,SELL,LIMIT,1701290342132,25,59.0725
SOLUSDT,SELL,LIMIT,1701290351745,1,59.0394
SOLUSDT,SELL,LIMIT,1701290353204,54,59.0095
SOLUSDT,SELL,LIMIT,1701290354316,9,59.0243
SOLUSDT,SELL,LIMIT,1701290356275,58,58.9810
SOLUSDT,SELL,LIMIT,1701290368315,12,58.9593
SOLUSDT,SELL,LIMIT,1701290370163,640,58.7919
SOLUSDT,SELL,LIMIT,1701290421423,21,58.9096
SOLUSDT,SELL,LIMIT,1701290923917,54,59.0054
SOLUSDT,SELL,LIMIT,1701291137153,12,58.8986
SOLUSDT,SELL,LIMIT,1701291310294,1,58.8831
SOLUSDT,SELL,LIMIT,1701291311606,2,58.8766
SOLUSDT,SELL,LIMIT,1701291314437,83,58.8560
SOLUSDT,SELL,LIMIT,1701291316640,1,58.8298
SOLUSDT,SELL,LIMIT,1701291954375,35,58.8277
SOLUSDT,SELL,LIMIT,1701291963161,24,58.8182
SOLUSDT,SELL,LIMIT,1701291965257,73,58.7877
SOLUSDT,SELL,LIMIT,1701291966397,1,58.7761
SOLUSDT,SELL,LIMIT,1701291970334,46,58.7553
SOLUSDT,SELL,LIMIT,1701291982780,4,58.7385
SOLUSDT,SELL,LIMIT,1701291984122,5,58.7295
SOLUSDT,SELL,LIMIT,1701291985398,86,58.7274
SOLUSDT,SELL,LIMIT,1701291987195,5,58.7005
SOLUSDT,SELL,LIMIT,1701291989079,6,58.6671
SOLUSDT,SELL,LIMIT,1701291990224,31,58.6516
SOLUSDT,SELL,LIMIT,1701291992296,108,58.5540
SOLUSDT,SELL,LIMIT,1701291993471,472,58.4298
SOLUSDT,SELL,LIMIT,1701292011978,9,58.5190
SOLUSDT,SELL,LIMIT,1701292013190,7,58.5008
SOLUSDT,SELL,LIMIT,1701292014199,50,58.4216
SOLUSDT,SELL,LIMIT,1701292015242,133,58.3828
SOLUSDT,SELL,LIMIT,1701292016259,34,58.3567
SOLUSDT,SELL,LIMIT,1701292873733,9,58.6391
SOLUSDT,SELL,LIMIT,1701293187233,89,58.3817
SOLUSDT,SELL,LIMIT,1701293191016,25,58.3536
SOLUSDT,SELL,LIMIT,1701293197293,1,58.3516
SOLUSDT,SELL,LIMIT,1701293198332,19,58.3523
SOLUSDT,SELL,LIMIT,1701293203260,66,58.3291
SOLUSDT,SELL,LIMIT,1701293223287,6,58.3136
SOLUSDT,BUY,LIMIT,1701295512205,30,59.5778
SOLUSDT,BUY,LIMIT,1701295631357,17,59.7140
SOLUSDT,BUY,LIMIT,1701295821887,1,59.7580
SOLUSDT,BUY,LIMIT,1701296485441,31,59.8148
SOLUSDT,SELL,LIMIT,1701297079854,3,58.7904
SOLUSDT,SELL,LIMIT,1701298961784,35,58.6284
SOLUSDT,SELL,LIMIT,1701299086165,44,58.5753
SOLUSDT,SELL,LIMIT,1701299087531,11,58.5570
SOLUSDT,SELL,LIMIT,1701299088937,1,58.5509
SOLUSDT,SELL,LIMIT,1701299094127,18,58.5381
SOLUSDT,SELL,LIMIT,1701299096253,11,58.5315
SOLUSDT,SELL,LIMIT,1701299101075,7,58.5176
SOLUSDT,SELL,LIMIT,1701299102968,7,58.5144
SOLUSDT,SELL,LIMIT,1701299119041,4,58.5069
SOLUSDT,SELL,LIMIT,1701300221917,13,58.6112
SOLUSDT,SELL,LIMIT,1701300262887,150,58.5971
SOLUSDT,BUY,LIMIT,1701300806096,40,59.6716
SOLUSDT,BUY,LIMIT,1701301096969,124,59.7010
SOLUSDT,SELL,LIMIT,1701301610451,3,58.9485
SOLUSDT,BUY,LIMIT,1701301627061,80,59.7779
SOLUSDT,SELL,LIMIT,1701303275405,1,58.7713
SOLUSDT,BUY,LIMIT,1701303773226,37,59.8364
SOLUSDT,BUY,LIMIT,1701303782406,5,59.8560
SOLUSDT,BUY,LIMIT,1701303784803,1,59.8618
SOLUSDT,BUY,LIMIT,1701303796267,12,59.8848
SOLUSDT,BUY,LIMIT,1701303864579,21,59.8796
SOLUSDT,BUY,LIMIT,1701303874515,1,59.9343
SOLUSDT,BUY,LIMIT,1701303931227,36,59.9602
SOLUSDT,BUY,LIMIT,1701303932401,25,59.9597
SOLUSDT,BUY,LIMIT,1701303934002,39,59.9820
SOLUSDT,BUY,LIMIT,1701303940354,63,60.0253
SOLUSDT,BUY,LIMIT,1701304429834,22,59.8804
SOLUSDT,BUY,LIMIT,1701304558067,10,60.0403
SOLUSDT,BUY,LIMIT,1701304559446,6,60.0671
SOLUSDT,BUY,LIMIT,1701304563420,6,60.0721
SOLUSDT,BUY,LIMIT,1701305156929,1,60.0942
SOLUSDT,BUY,LIMIT,1701305161455,33,60.1330
SOLUSDT,BUY,LIMIT,1701305232825,24,60.1604
SOLUSDT,BUY,LIMIT,1701305233955,5,60.1685
SOLUSDT,SELL,LIMIT,1701305474082,220,59.0622
SOLUSDT,SELL,LIMIT,1701305884856,1,58.9752
SOLUSDT,SELL,LIMIT,1701305891797,27,58.9534
SOLUSDT,SELL,LIMIT,1701306000919,36,58.8273
SOLUSDT,SELL,LIMIT,1701306010540,83,58.8026
SOLUSDT,SELL,LIMIT,1701306055480,1,58.7640
SOLUSDT,SELL,LIMIT,1701306079319,3,58.6890
SOLUSDT,SELL,LIMIT,1701306082870,3,58.6791
SOLUSDT,SELL,LIMIT,1701306136185,82,58.6362
SOLUSDT,SELL,LIMIT,1701306151081,7,58.6175
SOLUSDT,SELL,LIMIT,1701306152102,12,58.6132
SOLUSDT,SELL,LIMIT,1701306255670,27,58.5394
SOLUSDT,SELL,LIMIT,1701306429180,95,58.4815
SOLUSDT,SELL,LIMIT,1701306431467,167,58.4666
SOLUSDT,SELL,LIMIT,1701306433392,10,58.4594
SOLUSDT,SELL,LIMIT,1701306435089,93,58.4420
SOLUSDT,SELL,LIMIT,1701306436133,6,58.4320
SOLUSDT,BUY,LIMIT,1701307117168,7,59.7150
SOLUSDT,BUY,LIMIT,1701307119645,16,59.7347
SOLUSDT,BUY,LIMIT,1701307779768,25,59.8094
SOLUSDT,BUY,LIMIT,1701307844491,17,59.8239
SOLUSDT,BUY,LIMIT,1701307846178,1,59.8362
SOLUSDT,BUY,LIMIT,1701308075444,1,59.9900
