Symbol,Side,Order Type,Time,Quantity,Price
SPELLUSDT,BUY,LIMIT,1700845598201,1774562,0.0006905
SPELLUSDT,BUY,LIMIT,1700845608622,170696,0.0006643
SPELLUSDT,BUY,LIMIT,1700845615242,172256,0.0006853
SPELLUSDT,SELL,LIMIT,1700845927019,500000,0.0006563
SPELLUSDT,SELL,LIMIT,1700845956201,218327,0.0006558
SPELLUSDT,SELL,LIMIT,1700846019330,17850,0.0006555
SPELLUSDT,SELL,LIMIT,1700846027224,123447,0.0006554
SPELLUSDT,SELL,LIMIT,1700846028278,21361,0.0006551
SPELLUSDT,SELL,LIMIT,1700846029291,213985,0.0006547
SPELLUSDT,SELL,LIMIT,1700846031535,982016,0.0006545
SPELLUSDT,SELL,LIMIT,1700846718398,4096307,0.0006536
SPELLUSDT,SELL,LIMIT,1700846719700,58725,0.0006525
SPELLUSDT,SELL,LIMIT,1700847228069,400000,0.0006511
SPELLUSDT,SELL,LIMIT,1700847259209,189545,0.0006507
SPELLUSDT,SELL,LIMIT,1700847262704,206361,0.0006503
SPELLUSDT,SELL,LIMIT,1700847263749,406464,0.0006498
SPELLUSDT,SELL,LIMIT,1700847266231,166195,0.0006492
SPELLUSDT,SELL,LIMIT,1700847267265,896320,0.0006486
SPELLUSDT,SELL,LIMIT,1700847283083,2200898,0.0006484
SPELLUSDT,SELL,LIMIT,1700847285053,59162,0.0006470
SPELLUSDT,SELL,LIMIT,1700847286201,28533,0.0006472
SPELLUSDT,SELL,LIMIT,1700847297633,22566,0.0006464
SPELLUSDT,SELL,LIMIT,1700847309568,34708,0.0006463
SPELLUSDT,SELL,LIMIT,1700847310749,118875,0.0006457
SPELLUSDT,SELL,LIMIT,1700847312174,6110370,0.0006455
SPELLUSDT,SELL,LIMIT,1700847313216,8533,0.0006452
SPELLUSDT,SELL,LIMIT,1700847322295,735510,0.0006444
SPELLUSDT,SELL,LIMIT,1700847361401,819984,0.0006442
SPELLUSDT,SELL,LIMIT,1700847364262,98905,0.0006440
SPELLUSDT,SELL,LIMIT,1700847368465,145030,0.0006437
SPELLUSDT,SELL,LIMIT,1700847370567,64192,0.0006437
SPELLUSDT,SELL,LIMIT,1700847372701,574414,0.0006428
SPELLUSDT,SELL,LIMIT,1700847373926,8386,0.0006429
SPELLUSDT,SELL,LIMIT,1700847374928,7528,0.0006423
SPELLUSDT,SELL,LIMIT,1700847387883,4333954,0.0006422
SPELLUSDT,SELL,LIMIT,1700847399803,4881656,0.0006417
SPELLUSDT,SELL,LIMIT,1700847401372,7160,0.0006413
SPELLUSDT,SELL,LIMIT,1700847403893,220175,0.0006409
SPELLUSDT,SELL,LIMIT,1700847406209,426171,0.0006400
SPELLUSDT,SELL,LIMIT,1700847407284,238211,0.0006405
SPELLUSDT,SELL,LIMIT,1700847408633,111789,0.0006401
SPELLUSDT,SELL,LIMIT,1700847418168,117058,0.0006394
SPELLUSDT,SELL,LIMIT,1700847461196,466627,0.0006387
SPELLUSDT,SELL,LIMIT,1700847462467,105660,0.0006372
SPELLUSDT,SELL,LIMIT,1700847463467,72185,0.0006365
SPELLUSDT,SELL,LIMIT,1700847465274,545842,0.0006361
SPELLUSDT,SELL,LIMIT,1700847466384,141222,0.0006360
SPELLUSDT,SELL,LIMIT,1700847490861,1429042,0.0006353
SPELLUSDT,SELL,LIMIT,1700847493093,96237,0.0006335
SPELLUSDT,SELL,LIMIT,1700847494128,928594,0.0006337
SPELLUSDT,SELL,LIMIT,1700847505057,35569,0.0006322
SPELLUSDT,SELL,LIMIT,1700847506086,580616,0.0006319
SPELLUSDT,SELL,LIMIT,1700847507122,2265134,0.0006317
SPELLUSDT,SELL,LIMIT,1700847527169,2348954,0.0006310
SPELLUSDT,SELL,LIMIT,1700847531096,936744,0.0006309
SPELLUSDT,SELL,LIMIT,1700847532212,7500243,0.0006307
SPELLUSDT,SELL,LIMIT,1700847533247,266093,0.0006305
SPELLUSDT,SELL,LIMIT,1700847558106,39680,0.0006303
SPELLUSDT,SELL,LIMIT,1700847559300,147400,0.0006302
SPELLUSDT,SELL,LIMIT,1700847561045,14551,0.0006291
SPELLUSDT,SELL,LIMIT,1700847566418,16634135,0.0006271
SPELLUSDT,SELL,LIMIT,1700847568119,116351,0.0006284
SPELLUSDT,SELL,LIMIT,1700847606612,301307,0.0006277
SPELLUSDT,SELL,LIMIT,1700847608420,756252,0.0006266
SPELLUSDT,SELL,LIMIT,1700847707933,290779,0.0006322
SPELLUSDT,SELL,LIMIT,1700847737556,5920263,0.0006276
SPELLUSDT,SELL,LIMIT,1700847738660,610108,0.0006267
SPELLUSDT,SELL,LIMIT,1700847789668,1508385,0.0006263
SPELLUSDT,SELL,LIMIT,1700847824524,225496,0.0006260
SPELLUSDT,SELL,LIMIT,1700847825649,861823,0.0006251
SPELLUSDT,SELL,LIMIT,1700847891990,1874530,0.0006259
SPELLUSDT,SELL,LIMIT,1700847903209,7494444,0.0006331
SPELLUSDT,BUY,LIMIT,1700847905948,180603,0.0006544
SPELLUSDT,SELL,LIMIT,1700848271314,5023820,0.0006239
SPELLUSDT,SELL,LIMIT,1700848272884,298350,0.0006231
SPELLUSDT,SELL,LIMIT,1700848323527,6000000,0.0006226
SPELLUSDT,SELL,LIMIT,1700848358179,17148,0.0006223
SPELLUSDT,SELL,LIMIT,1700848359288,424395,0.0006222
SPELLUSDT,SELL,LIMIT,1700848360464,457384,0.0006219
SPELLUSDT,SELL,LIMIT,1700848363122,137292,0.0006217
SPELLUSDT,SELL,LIMIT,1700848378739,53763,0.0006214
SPELLUSDT,SELL,LIMIT,1700848380103,123953,0.0006212
SPELLUSDT,SELL,LIMIT,1700848427508,75591,0.0006211
SPELLUSDT,SELL,LIMIT,1700848430260,890029,0.0006202
SPELLUSDT,SELL,LIMIT,1700848431818,43361,0.0006198
SPELLUSDT,SELL,LIMIT,1700848508224,100327,0.0006195
SPELLUSDT,SELL,LIMIT,1700848509911,7640523,0.0006192
SPELLUSDT,SELL,LIMIT,1700848511817,493209,0.0006186
SPELLUSDT,SELL,LIMIT,1700848571265,3405541,0.0006182
SPELLUSDT,SELL,LIMIT,1700848572694,258982,0.0006178
SPELLUSDT,SELL,LIMIT,1700848592339,154631,0.0006180
SPELLUSDT,SELL,LIMIT,1700848594226,76904,0.0006178
SPELLUSDT,SELL,LIMIT,1700848678590,6162823,0.0006173
SPELLUSDT,SELL,LIMIT,1700848679957,1609161,0.0006171
SPELLUSDT,SELL,LIMIT,1700848685034,576451,0.0006167
SPELLUSDT,SELL,LIMIT,1700848704238,111537,0.0006165
SPELLUSDT,SELL,LIMIT,1700848713432,1922228,0.0006163
SPELLUSDT,SELL,LIMIT,1700848811114,7449352,0.0006152
SPELLUSDT,SELL,LIMIT,1700848812141,208928,0.0006146
SPELLUSDT,SELL,LIMIT,1700848813198,34764,0.0006149
SPELLUSDT,SELL,LIMIT,1700848814291,114489,0.0006136
SPELLUSDT,SELL,LIMIT,1700848815417,240643,0.0006132
SPELLUSDT,SELL,LIMIT,1700848820613,712081,0.0006125
SPELLUSDT,SELL,LIMIT,1700848825951,1317015,0.0006123
SPELLUSDT,SELL,LIMIT,1700848827302,794642,0.0006120
SPELLUSDT,SELL,LIMIT,1700848828327,209206,0.0006117
SPELLUSDT,SELL,LIMIT,1700848829344,399053,0.0006116
SPELLUSDT,SELL,LIMIT,1700848830610,115842,0.0006106
SPELLUSDT,SELL,LIMIT,1700848832683,84007,0.0006105
SPELLUSDT,SELL,LIMIT,1700848837059,90297,0.0006104
SPELLUSDT,SELL,LIMIT,1700848850247,242990,0.0006102
SPELLUSDT,SELL,LIMIT,1700848851255,58471,0.0006101
SPELLUSDT,SELL,LIMIT,1700848869145,7686601,0.0006098
SPELLUSDT,SELL,LIMIT,1700848871075,387365,0.0006090
SPELLUSDT,SELL,LIMIT,1700848872104,182398,0.0006092
SPELLUSDT,SELL,LIMIT,1700848878297,199722,0.0006092
SPELLUSDT,SELL,LIMIT,1700848897971,2405787,0.0006101
SPELLUSDT,BUY,LIMIT,1700849186448,4783173,0.0006530
SPELLUSDT,BUY,LIMIT,1700849187455,526651,0.0006540
SPELLUSDT,BUY,LIMIT,1700849559307,43951,0.0006550
SPELLUSDT,BUY,LIMIT,1700849560435,327854,0.0006550
SPELLUSDT,BUY,LIMIT,1700849571581,1595030,0.0006556
SPELLUSDT,BUY,LIMIT,1700849573119,799616,0.0006565
SPELLUSDT,BUY,LIMIT,1700849577926,148142,0.0006571
SPELLUSDT,BUY,LIMIT,1700850414256,1856804,0.0006590
SPELLUSDT,BUY,LIMIT,1700850415308,12443,0.0006583
SPELLUSDT,BUY,LIMIT,1700850444873,34369,0.0006596
SPELLUSDT,BUY,LIMIT,1700850447720,28842,0.0006601
SPELLUSDT,BUY,LIMIT,1700850449443,686069,0.0006601
SPELLUSDT,BUY,LIMIT,1700850466018,6434745,0.0006606
SPELLUSDT,BUY,LIMIT,1700850501853,538011,0.0006613
SPELLUSDT,BUY,LIMIT,1700850524997,159850,0.0006613
SPELLUSDT,BUY,LIMIT,1700850528678,703428,0.0006619
SPELLUSDT,BUY,LIMIT,1700850830224,7927699,0.0006621
SPELLUSDT,BUY,LIMIT,1700850867436,390106,0.0006628
SPELLUSDT,BUY,LIMIT,1700850869210,77971,0.0006631
SPELLUSDT,BUY,LIMIT,1700850871618,316430,0.0006635
SPELLUSDT,BUY,LIMIT,1700850877201,103308,0.0006636
SPELLUSDT,BUY,LIMIT,1700850880622,82758,0.0006647
SPELLUSDT,BUY,LIMIT,1700850883756,267265,0.0006649
SPELLUSDT,BUY,LIMIT,1700850886458,2682181,0.0006650
SPELLUSDT,BUY,LIMIT,1700850888454,179661,0.0006652
SPELLUSDT,BUY,LIMIT,1700850890228,296284,0.0006663
SPELLUSDT,BUY,LIMIT,1700850892145,1030029,0.0006664
SPELLUSDT,BUY,LIMIT,1700850893270,534741,0.0006667
SPELLUSDT,BUY,LIMIT,1700850899319,35170,0.0006668
SPELLUSDT,BUY,LIMIT,1700850939209,218517,0.0006676
SPELLUSDT,BUY,LIMIT,1700850941196,724230,0.0006680
SPELLUSDT,BUY,LIMIT,1700850942226,1013574,0.0006678
SPELLUSDT,BUY,LIMIT,1700850958501,44544,0.0006704
SPELLUSDT,BUY,LIMIT,1700850960094,1090992,0.0006717
SPELLUSDT,BUY,LIMIT,1700850961162,21151,0.0006710
SPELLUSDT,BUY,LIMIT,1700850962559,684343,0.0006725
SPELLUSDT,BUY,LIMIT,1700850986215,371392,0.0006725
SPELLUSDT,BUY,LIMIT,1700850988447,163638,0.0006729
SPELLUSDT,SELL,LIMIT,1700853627798,146389,0.0006250
SPELLUSDT,SELL,LIMIT,1700853683484,38144,0.0006246
SPELLUSDT,SELL,LIMIT,1700854035519,10191,0.0006232
SPELLUSDT,SELL,LIMIT,1700854036694,74784,0.0006230
SPELLUSDT,SELL,LIMIT,1700854479451,53728,0.0006214
SPELLUSDT,SELL,LIMIT,1700854557185,272276,0.0006206
SPELLUSDT,SELL,LIMIT,1700854561531,17692,0.0006201
SPELLUSDT,SELL,LIMIT,1700854562799,614171,0.0006191
SPELLUSDT,SELL,LIMIT,1700854892261,153374,0.0006179
SPELLUSDT,SELL,LIMIT,1700856048845,7641754,0.0006159
SPELLUSDT,SELL,LIMIT,1700856049966,96033,0.0006155
SPELLUSDT,SELL,LIMIT,1700856070462,127210,0.0006152
SPELLUSDT,SELL,LIMIT,1700856073044,31279,0.0006146
SPELLUSDT,SELL,LIMIT,1700856080176,82212,0.0006128
SPELLUSDT,SELL,LIMIT,1700856081339,660067,0.0006115
SPELLUSDT,SELL,LIMIT,1700856089122,4749434,0.0006107
SPELLUSDT,SELL,LIMIT,1700856103706,2043149,0.0006101
SPELLUSDT,SELL,LIMIT,1700856272555,216016,0.0006094
SPELLUSDT,SELL,LIMIT,1700856275675,60620,0.0006093
SPELLUSDT,SELL,LIMIT,1700856278014,21592,0.0006089
SPELLUSDT,BUY,LIMIT,1700856777122,744630,0.0006523
SPELLUSDT,BUY,LIMIT,1700856779023,939995,0.0006538
SPELLUSDT,BUY,LIMIT,1700856819122,152500,0.0006542
SPELLUSDT,SELL,LIMIT,1700858866805,129295,0.0006165
SPELLUSDT,BUY,LIMIT,1700859043419,210266,0.0006425
SPELLUSDT,BUY,LIMIT,1700859045123,371618,0.0006385
SPELLUSDT,SELL,LIMIT,1700859562010,2236729,0.0006119
SPELLUSDT,SELL,LIMIT,1700860651259,74056,0.0006217
SPELLUSDT,SELL,LIMIT,1700862668167,95374,0.0006217
SPELLUSDT,SELL,LIMIT,1700863960933,1719793,0.0006158
SPELLUSDT,SELL,LIMIT,1700865548271,266934,0.0006198
SPELLUSDT,SELL,LIMIT,1700866664559,26215,0.0006149
SPELLUSDT,SELL,LIMIT,1700866855122,4255231,0.0006078
SPELLUSDT,SELL,LIMIT,1700866856196,1019769,0.0006083
SPELLUSDT,SELL,LIMIT,1700867182874,16437,0.0006074
SPELLUSDT,SELL,LIMIT,1700867195075,32050305,0.0006047
SPELLUSDT,SELL,LIMIT,1700867196893,973186,0.0006079
SPELLUSDT,SELL,LIMIT,1700867214305,2229498,0.0006061
SPELLUSDT,SELL,LIMIT,1700867220237,11821,0.0006057
SPELLUSDT,SELL,LIMIT,1700867221242,43534,0.0006061
SPELLUSDT,SELL,LIMIT,1700867224493,842320,0.0006052
SPELLUSDT,SELL,LIMIT,1700867225525,236781,0.0006047
SPELLUSDT,SELL,LIMIT,1700867226862,1431490,0.0006045
SPELLUSDT,SELL,LIMIT,1700867230735,8480,0.0006035
SPELLUSDT,SELL,LIMIT,1700870441673,54111,0.0006029
SPELLUSDT,SELL,LIMIT,1700870442754,871019,0.0006020
SPELLUSDT,SELL,LIMIT,1700870444757,1045275,0.0006006
SPELLUSDT,SELL,LIMIT,1700870445881,3502486,0.0006006
SPELLUSDT,SELL,LIMIT,1700870530703,66517,0.0006018
SPELLUSDT,SELL,LIMIT,1700870556528,1353302,0.0006003
SPELLUSDT,SELL,LIMIT,1700870560587,3110640,0.0005999
SPELLUSDT,SELL,LIMIT,1700870561740,450788,0.0005997
SPELLUSDT,SELL,LIMIT,1700870563544,104521,0.0005997
SPELLUSDT,SELL,LIMIT,1700870565106,181890,0.0005995
SPELLUSDT,SELL,LIMIT,1700870569099,167700,0.0005993
SPELLUSDT,SELL,LIMIT,1700870581214,3169069,0.0005991
SPELLUSDT,SELL,LIMIT,1700870584424,13451,0.0005991
SPELLUSDT,SELL,LIMIT,1700870586780,745460,0.0005987
SPELLUSDT,SELL,LIMIT,1700870634359,75007,0.0005983
SPELLUSDT,SELL,LIMIT,1700870647281,398406,0.0005982
SPELLUSDT,SELL,LIMIT,1700870649665,5116824,0.0005981
SPELLUSDT,SELL,LIMIT,1700870651145,18661,0.0005975
SPELLUSDT,SELL,LIMIT,1700870769608,4813982,0.0005971
SPELLUSDT,SELL,LIMIT,1700870770820,1075610,0.0005969
SPELLUSDT,SELL,LIMIT,1700870773118,476198,0.0005968
SPELLUSDT,SELL,LIMIT,1700870774161,35997,0.0005968
SPELLUSDT,SELL,LIMIT,1700870775483,22246,0.0005959
SPELLUSDT,SELL,LIMIT,1700870776763,15769,0.0005955
SPELLUSDT,SELL,LIMIT,1700870843686,96394,0.0005943
SPELLUSDT,SELL,LIMIT,1700870860270,46037,0.0005939
SPELLUSDT,SELL,LIMIT,1700870861915,58858,0.0005938
SPELLUSDT,BUY,LIMIT,1700871803384,935115,0.0006361
SPELLUSDT,BUY,LIMIT,1700872400286,645191,0.0006378
SPELLUSDT,BUY,LIMIT,1700873405415,4109814,0.0006385
SPELLUSDT,BUY,LIMIT,1700873849511,60945,0.0006347
SPELLUSDT,BUY,LIMIT,1700874215553,190791,0.0006363
SPELLUSDT,BUY,LIMIT,1700874347294,2379780,0.0006396
SPELLUSDT,BUY,LIMIT,1700874367299,1177839,0.0006412
SPELLUSDT,BUY,LIMIT,1700876453853,147515,0.0006441
SPELLUSDT,BUY,LIMIT,1700876588066,35270,0.0006472
SPELLUSDT,SELL,LIMIT,1700876901256,173723,0.0006192
SPELLUSDT,BUY,LIMIT,1700877148208,147944,0.0006457
SPELLUSDT,BUY,LIMIT,1700877362408,7738040,0.0006475
SPELLUSDT,BUY,LIMIT,1700877514197,39231,0.0006484
SPELLUSDT,BUY,LIMIT,1700877555630,334656,0.0006500
SPELLUSDT,BUY,LIMIT,1700877561298,4388792,0.0006500
SPELLUSDT,BUY,LIMIT,1700878466995,67555,0.0006500
SPELLUSDT,BUY,LIMIT,1700879251080,16014,0.0006535
SPELLUSDT,BUY,LIMIT,1700879280388,210498,0.0006539
SPELLUSDT,SELL,LIMIT,1700883863037,53204,0.0006081
SPELLUSDT,SELL,LIMIT,1700883890327,1581373,0.0006069
SPELLUSDT,SELL,LIMIT,1700883942072,4312455,0.0006065
SPELLUSDT,SELL,LIMIT,1700883943530,406513,0.0006058
SPELLUSDT,SELL,LIMIT,1700885199219,39645,0.0006053
SPELLUSDT,SELL,LIMIT,1700885206499,13586,0.0006047
SPELLUSDT,SELL,LIMIT,1700885218947,141640,0.0006044
SPELLUSDT,SELL,LIMIT,1700885504099,77249,0.0006026
SPELLUSDT,SELL,LIMIT,1700885505166,80041,0.0006026
SPELLUSDT,SELL,LIMIT,1700885508242,94696,0.0006021
SPELLUSDT,SELL,LIMIT,1700885512761,31519,0.0006018
SPELLUSDT,SELL,LIMIT,1700885522825,45558,0.0006007
SPELLUSDT,SELL,LIMIT,1700885549339,1349200,0.0006005
SPELLUSDT,SELL,LIMIT,1700885550549,3664496,0.0006001
SPELLUSDT,SELL,LIMIT,1700885560468,1032518,0.0005991
SPELLUSDT,SELL,LIMIT,1700885566581,161406,0.0005988
SPELLUSDT,SELL,LIMIT,1700885605128,270061,0.0005981
SPELLUSDT,SELL,LIMIT,1700885606212,53686,0.0005983
SPELLUSDT,SELL,LIMIT,1700885607802,412354,0.0005966
SPELLUSDT,SELL,LIMIT,1700886579106,35728,0.0005948
SPELLUSDT,SELL,LIMIT,1700886583232,557073,0.0005934
SPELLUSDT,SELL,LIMIT,1700886585130,4730368,0.0005927
SPELLUSDT,SELL,LIMIT,1700886586267,898458,0.0005930
SPELLUSDT,SELL,LIMIT,1700886592565,134665,0.0005927
SPELLUSDT,SELL,LIMIT,1700886599029,11047,0.0005920
SPELLUSDT,SELL,LIMIT,1700886600132,51795,0.0005918
SPELLUSDT,SELL,LIMIT,1700886601368,920363,0.0005909
SPELLUSDT,SELL,LIMIT,1700886853211,65580,0.0005912
SPELLUSDT,SELL,LIMIT,1700886905705,26737,0.0005905
SPELLUSDT,SELL,LIMIT,1700886908121,989233,0.0005898
SPELLUSDT,SELL,LIMIT,1700886909196,105427,0.0005893
SPELLUSDT,SELL,LIMIT,1700886910267,95817,0.0005887
SPELLUSDT,SELL,LIMIT,1700886929043,106654,0.0005883
SPELLUSDT,SELL,LIMIT,1700886930211,10626,0.0005884
SPELLUSDT,SELL,LIMIT,1700886933940,19565,0.0005881
SPELLUSDT,SELL,LIMIT,1700886934995,305756,0.0005879
SPELLUSDT,SELL,LIMIT,1700886954403,749465,0.0005853
SPELLUSDT,SELL,LIMIT,1700886957062,2595371,0.0005847
SPELLUSDT,SELL,LIMIT,1700886958121,98684,0.0005848
SPELLUSDT,SELL,LIMIT,1700886959586,728621,0.0005846
SPELLUSDT,SELL,LIMIT,1700886980335,88000,0.0005836
SPELLUSDT,SELL,LIMIT,1700886982300,39696,0.0005835
SPELLUSDT,SELL,LIMIT,1700886983548,527845,0.0005832
SPELLUSDT,SELL,LIMIT,1700886984609,322786,0.0005828
SPELLUSDT,SELL,LIMIT,1700886986456,9282,0.0005821
SPELLUSDT,SELL,LIMIT,1700886988743,355842,0.0005819
SPELLUSDT,SELL,LIMIT,1700887000982,660634,0.0005816
SPELLUSDT,SELL,LIMIT,1700887006547,69739,0.0005814
SPELLUSDT,SELL,LIMIT,1700887007999,1042859,0.0005813
SPELLUSDT,SELL,LIMIT,1700887013748,1634424,0.0005813
SPELLUSDT,SELL,LIMIT,1700887047254,1692006,0.0005812
SPELLUSDT,SELL,LIMIT,1700887060379,8089,0.0005806
SPELLUSDT,SELL,LIMIT,1700887627578,18294,0.0005831
SPELLUSDT,SELL,LIMIT,1700888378352,45946000,0.0005767
SPELLUSDT,SELL,LIMIT,1700888379376,7972197,0.0005799
SPELLUSDT,SELL,LIMIT,1700888381262,91931,0.0005797
SPELLUSDT,SELL,LIMIT,1700888396083,2897382,0.0005787
SPELLUSDT,SELL,LIMIT,1700890773250,18459,0.0005780
SPELLUSDT,SELL,LIMIT,1700890797157,10000,0.0005766
SPELLUSDT,SELL,LIMIT,1700890798268,12408773,0.0005759
SPELLUSDT,SELL,LIMIT,1700890802044,507535,0.0005764
SPELLUSDT,SELL,LIMIT,1700890803995,97080,0.0005757
SPELLUSDT,SELL,LIMIT,1700890805665,1004757,0.0005759
SPELLUSDT,SELL,LIMIT,1700891456904,33292,0.0005821
SPELLUSDT,SELL,LIMIT,1700891970134,387386,0.0005756
SPELLUSDT,SELL,LIMIT,1700891974352,103780,0.0005749
SPELLUSDT,SELL,LIMIT,1700891976178,17329413,0.0005731
SPELLUSDT,SELL,LIMIT,1700891977197,97987,0.0005747
SPELLUSDT,SELL,LIMIT,1700891978509,1374834,0.0005742
SPELLUSDT,SELL,LIMIT,1700891980438,156319,0.0005730
SPELLUSDT,SELL,LIMIT,1700891982171,282539,0.0005728
SPELLUSDT,SELL,LIMIT,1700892029508,33013,0.0005722
SPELLUSDT,SELL,LIMIT,1700892501983,72434,0.0005820
SPELLUSDT,BUY,LIMIT,1700893785717,246671,0.0006154
SPELLUSDT,BUY,LIMIT,1700893853529,3866624,0.0006161
SPELLUSDT,BUY,LIMIT,1700893912437,34329,0.0006183
SPELLUSDT,BUY,LIMIT,1700893962217,569999,0.0006200
SPELLUSDT,BUY,LIMIT,1700894829885,2495832,0.0006208
SPELLUSDT,BUY,LIMIT,1700894842566,21414,0.0006217
SPELLUSDT,BUY,LIMIT,1700894851631,123337,0.0006220
SPELLUSDT,BUY,LIMIT,1700894879959,5903485,0.0006222
SPELLUSDT,BUY,LIMIT,1700894881695,249272,0.0006239
SPELLUSDT,BUY,LIMIT,1700895434117,25510,0.0006247
SPELLUSDT,BUY,LIMIT,1700895456984,29971,0.0006251
SPELLUSDT,BUY,LIMIT,1700895470300,1878866,0.0006257
SPELLUSDT,BUY,LIMIT,1700895473508,4745549,0.0006257
SPELLUSDT,BUY,LIMIT,1700895707043,7666982,0.0006309
SPELLUSDT,BUY,LIMIT,1700895708053,315552,0.0006352
SPELLUSDT,BUY,LIMIT,1700895711659,216960,0.0006342
SPELLUSDT,BUY,LIMIT,1700895717585,2584325,0.0006347
SPELLUSDT,BUY,LIMIT,1700895722056,1609176,0.0006353
SPELLUSDT,BUY,LIMIT,1700895726551,7424517,0.0006368
SPELLUSDT,BUY,LIMIT,1700895733269,135084,0.0006376
SPELLUSDT,BUY,LIMIT,1700895738959,1339266,0.0006385
SPELLUSDT,BUY,LIMIT,1700895740230,214020,0.0006395
SPELLUSDT,BUY,LIMIT,1700895745458,83333,0.0006397
SPELLUSDT,BUY,LIMIT,1700895750061,276464,0.0006403
SPELLUSDT,BUY,LIMIT,1700895760462,13219,0.0006407
SPELLUSDT,BUY,LIMIT,1700895766053,35869,0.0006410
SPELLUSDT,BUY,LIMIT,1700895772152,297541,0.0006415
SPELLUSDT,BUY,LIMIT,1700895776141,91001,0.0006426
SPELLUSDT,BUY,LIMIT,1700895777149,111668,0.0006424
SPELLUSDT,BUY,LIMIT,1700895797177,117140,0.0006439
SPELLUSDT,BUY,LIMIT,1700895798796,922878,0.0006441
SPELLUSDT,BUY,LIMIT,1700895805381,1897429,0.0006453
SPELLUSDT,BUY,LIMIT,1700895813291,801818,0.0006463
SPELLUSDT,BUY,LIMIT,1700895829062,649283,0.0006467
SPELLUSDT,BUY,LIMIT,1700895847550,200000,0.0006508
SPELLUSDT,BUY,LIMIT,1700895851615,940138,0.0006514
SPELLUSDT,BUY,LIMIT,1700895859973,59175,0.0006521
SPELLUSDT,BUY,LIMIT,1700895868082,76936,0.0006524
SPELLUSDT,BUY,LIMIT,1700895872393,37464,0.0006541
SPELLUSDT,BUY,LIMIT,1700895874660,127819,0.0006558
SPELLUSDT,BUY,LIMIT,1700895876206,3690806,0.0006560
SPELLUSDT,BUY,LIMIT,1700895879524,506524,0.0006562
SPELLUSDT,BUY,LIMIT,1700895886543,340687,0.0006566
SPELLUSDT,SELL,LIMIT,1700896583189,300069,0.0006101
SPELLUSDT,SELL,LIMIT,1700896666128,144775,0.0006088
SPELLUSDT,SELL,LIMIT,1700896670933,114114,0.0006079
SPELLUSDT,SELL,LIMIT,1700896845238,168139,0.0006059
SPELLUSDT,SELL,LIMIT,1700897986209,248811,0.0006030
SPELLUSDT,SELL,LIMIT,1700898013097,165370,0.0006026
SPELLUSDT,SELL,LIMIT,1700898022723,43399,0.0006011
SPELLUSDT,SELL,LIMIT,1700898210703,7961,0.0005986
SPELLUSDT,SELL,LIMIT,1700898238202,617737,0.0005982
SPELLUSDT,SELL,LIMIT,1700898244412,146048,0.0005976
SPELLUSDT,SELL,LIMIT,1700898262193,372955,0.0005972
SPELLUSDT,SELL,LIMIT,1700898272743,753159,0.0005965
SPELLUSDT,SELL,LIMIT,1700898276598,968667,0.0005964
SPELLUSDT,SELL,LIMIT,1700898306009,167739,0.0005955
SPELLUSDT,SELL,LIMIT,1700898852722,141789,0.0005949
SPELLUSDT,SELL,LIMIT,1700898861291,121950,0.0005947
SPELLUSDT,SELL,LIMIT,1700899026478,569115,0.0005945
SPELLUSDT,SELL,LIMIT,1700899657058,90912,0.0005920
SPELLUSDT,SELL,LIMIT,1700899667055,160759,0.0005909
SPELLUSDT,SELL,LIMIT,1700899679370,4000000,0.0005902
SPELLUSDT,SELL,LIMIT,1700899682400,48424,0.0005897
SPELLUSDT,SELL,LIMIT,1700899684069,8011,0.0005898
SPELLUSDT,SELL,LIMIT,1700899687436,347115,0.0005892
SPELLUSDT,SELL,LIMIT,1700899696154,159188,0.0005889
SPELLUSDT,SELL,LIMIT,1700899699194,646089,0.0005880
SPELLUSDT,SELL,LIMIT,1700899707140,31934,0.0005872
SPELLUSDT,SELL,LIMIT,1700899714370,567651,0.0005871
SPELLUSDT,SELL,LIMIT,1700899740446,71336,0.0005866
SPELLUSDT,SELL,LIMIT,1700899798962,256787,0.0005859
SPELLUSDT,SELL,LIMIT,1700901971203,526281,0.0005950
SPELLUSDT,SELL,LIMIT,1700903295453,732288,0.0005910
SPELLUSDT,BUY,LIMIT,1700903862092,2512147,0.0006282
SPELLUSDT,BUY,LIMIT,1700903873593,256387,0.0006295
SPELLUSDT,BUY,LIMIT,1700903883226,14625,0.0006322
SPELLUSDT,BUY,LIMIT,1700903918115,23978,0.0006335
SPELLUSDT,BUY,LIMIT,1700903919250,415255,0.0006336
SPELLUSDT,BUY,LIMIT,1700903923256,165425,0.0006349
SPELLUSDT,BUY,LIMIT,1700903924400,304740,0.0006355
SPELLUSDT,BUY,LIMIT,1700903937571,10000,0.0006371
SPELLUSDT,BUY,LIMIT,1700903942068,342717,0.0006383
SPELLUSDT,BUY,LIMIT,1700903954527,132727,0.0006395
SPELLUSDT,BUY,LIMIT,1700903957730,8371,0.0006397
SPELLUSDT,BUY,LIMIT,1700903959591,245579,0.0006412
SPELLUSDT,BUY,LIMIT,1700903965696,163666,0.0006415
SPELLUSDT,BUY,LIMIT,1700903973596,31142,0.0006429
SPELLUSDT,BUY,LIMIT,1700903979359,8257092,0.0006428
SPELLUSDT,BUY,LIMIT,1700903984412,30623,0.0006431
SPELLUSDT,BUY,LIMIT,1700903990286,1846503,0.0006434
SPELLUSDT,BUY,LIMIT,1700904591761,646184,0.0006455
SPELLUSDT,BUY,LIMIT,1700904621320,556212,0.0006464
SPELLUSDT,BUY,LIMIT,1700904633473,489860,0.0006497
SPELLUSDT,BUY,LIMIT,1700904700866,95318,0.0006500
SPELLUSDT,BUY,LIMIT,1700904735211,25070,0.0006518
SPELLUSDT,BUY,LIMIT,1700904804155,1237623,0.0006546
SPELLUSDT,BUY,LIMIT,1700904808221,1078051,0.0006549
SPELLUSDT,BUY,LIMIT,1700904912527,128609,0.0006572
SPELLUSDT,BUY,LIMIT,1700904913654,88904,0.0006577
SPELLUSDT,BUY,LIMIT,1700904915317,99814,0.0006586
SPELLUSDT,BUY,LIMIT,1700904921209,11830,0.0006591
SPELLUSDT,BUY,LIMIT,1700904922295,13175,0.0006593
SPELLUSDT,BUY,LIMIT,1700904926059,55269,0.0006596
SPELLUSDT,BUY,LIMIT,1700904927071,111925,0.0006596
SPELLUSDT,BUY,LIMIT,1700904928263,204849,0.0006606
SPELLUSDT,BUY,LIMIT,1700904931013,203815,0.0006609
SPELLUSDT,BUY,LIMIT,1700904936360,830564,0.0006621
SPELLUSDT,BUY,LIMIT,1700904938601,214411,0.0006616
SPELLUSDT,BUY,LIMIT,1700905004122,4755111,0.0006624
SPELLUSDT,BUY,LIMIT,1700905005124,35890,0.0006632
SPELLUSDT,BUY,LIMIT,1700905006713,2731212,0.0006634
SPELLUSDT,BUY,LIMIT,1700905010171,32675,0.0006634
SPELLUSDT,BUY,LIMIT,1700905015368,4254488,0.0006647
SPELLUSDT,BUY,LIMIT,1700905019389,75507,0.0006653
SPELLUSDT,BUY,LIMIT,1700905020431,4134965,0.0006656
SPELLUSDT,BUY,LIMIT,1700905044128,1156069,0.0006661
SPELLUSDT,BUY,LIMIT,1700905045160,35262,0.0006669
SPELLUSDT,BUY,LIMIT,1700905047518,16469,0.0006679
SPELLUSDT,BUY,LIMIT,1700905048683,516032,0.0006681
SPELLUSDT,BUY,LIMIT,1700905049708,124617,0.0006684
SPELLUSDT,BUY,LIMIT,1700905054346,7874015,0.0006704
SPELLUSDT,BUY,LIMIT,1700905055567,719199,0.0006717
SPELLUSDT,BUY,LIMIT,1700905083140,390286,0.0006729
SPELLUSDT,BUY,LIMIT,1700905084198,1811741,0.0006748
SPELLUSDT,BUY,LIMIT,1700905085497,2006339,0.0006750
SPELLUSDT,BUY,LIMIT,1700905086823,513955,0.0006763
SPELLUSDT,BUY,LIMIT,1700905568309,9480,0.0006760
SPELLUSDT,BUY,LIMIT,1700906444249,47977,0.0006777
SPELLUSDT,BUY,LIMIT,1700906445326,98902,0.0006775
SPELLUSDT,BUY,LIMIT,1700906473388,134277,0.0006785
SPELLUSDT,BUY,LIMIT,1700906474444,12768,0.0006800
SPELLUSDT,BUY,LIMIT,1700906475535,274867,0.0006806
SPELLUSDT,BUY,LIMIT,1700906513103,16565,0.0006810
SPELLUSDT,BUY,LIMIT,1700906519477,3847337,0.0006816
SPELLUSDT,BUY,LIMIT,1700906520483,1856837,0.0006833
SPELLUSDT,BUY,LIMIT,1700906670327,7649425,0.0006697
SPELLUSDT,BUY,LIMIT,1700907290035,586333,0.0006849
SPELLUSDT,BUY,LIMIT,1700907291065,2346737,0.0006871
SPELLUSDT,BUY,LIMIT,1700907299218,607310,0.0006871
SPELLUSDT,BUY,LIMIT,1700907300596,22930,0.0006875
SPELLUSDT,SELL,LIMIT,1700909002526,109114,0.0006402
SPELLUSDT,SELL,LIMIT,1700909217129,159727,0.0006398
SPELLUSDT,SELL,LIMIT,1700910905128,91679,0.0006394
SPELLUSDT,SELL,LIMIT,1700910906203,684567,0.0006392
SPELLUSDT,SELL,LIMIT,1700910909230,321799,0.0006387
SPELLUSDT,SELL,LIMIT,1700911267238,2000000,0.0006429
SPELLUSDT,BUY,LIMIT,1700911903290,21424,0.0006734
SPELLUSDT,BUY,LIMIT,1700912083185,26158,0.0006813
SPELLUSDT,BUY,LIMIT,1700912167136,41176,0.0006626
SPELLUSDT,SELL,LIMIT,1700912230276,22770,0.0006536
SPELLUSDT,BUY,LIMIT,1700912331584,164517,0.0006851
SPELLUSDT,BUY,LIMIT,1700912346150,613012,0.0006862
SPELLUSDT,BUY,LIMIT,1700912348108,147791,0.0006867
SPELLUSDT,BUY,LIMIT,1700912383051,687779,0.0006873
SPELLUSDT,BUY,LIMIT,1700912384137,25402,0.0006876
SPELLUSDT,BUY,LIMIT,1700912385249,16134,0.0006880
SPELLUSDT,BUY,LIMIT,1700912386972,152485,0.0006882
SPELLUSDT,BUY,LIMIT,1700912388354,21713,0.0006893
SPELLUSDT,BUY,LIMIT,1700912421076,2571390,0.0006883
SPELLUSDT,BUY,LIMIT,1700913927134,163973,0.0006894
SPELLUSDT,BUY,LIMIT,1700913944841,115268,0.0006894
SPELLUSDT,BUY,LIMIT,1700913946090,991431,0.0006908
SPELLUSDT,BUY,LIMIT,1700913947170,1654363,0.0006904
SPELLUSDT,SELL,LIMIT,1700916303682,875273,0.0006426
SPELLUSDT,SELL,LIMIT,1700916520783,84667,0.0006408
SPELLUSDT,SELL,LIMIT,1700916522387,502718,0.0006401
SPELLUSDT,SELL,LIMIT,1700916533012,1611507,0.0006397
SPELLUSDT,SELL,LIMIT,1700916540646,1610260,0.0006390
SPELLUSDT,SELL,LIMIT,1700916566790,436133,0.0006389
SPELLUSDT,SELL,LIMIT,1700916580378,557691,0.0006384
SPELLUSDT,SELL,LIMIT,1700916581552,6054476,0.0006382
SPELLUSDT,SELL,LIMIT,1700916705449,65944,0.0006381
SPELLUSDT,SELL,LIMIT,1700916716989,148479,0.0006375
SPELLUSDT,SELL,LIMIT,1700916718093,1748304,0.0006356
SPELLUSDT,SELL,LIMIT,1700916847727,800831,0.0006349
SPELLUSDT,SELL,LIMIT,1700916848866,2190909,0.0006347
SPELLUSDT,SELL,LIMIT,1700916849949,973928,0.0006343
SPELLUSDT,SELL,LIMIT,1700916851132,916429,0.0006336
SPELLUSDT,SELL,LIMIT,1700916852237,403716,0.0006332
SPELLUSDT,SELL,LIMIT,1700916853260,68646,0.0006323
SPELLUSDT,SELL,LIMIT,1700916857205,133310,0.0006318
SPELLUSDT,SELL,LIMIT,1700916861321,580152,0.0006311
SPELLUSDT,SELL,LIMIT,1700916882886,91429,0.0006310
SPELLUSDT,SELL,LIMIT,1700916944153,14885,0.0006333
SPELLUSDT,SELL,LIMIT,1700919895579,25128,0.0007333
SPELLUSDT,SELL,LIMIT,1700921024435,38288,0.0006307
SPELLUSDT,SELL,LIMIT,1700921044758,29379,0.0006299
SPELLUSDT,SELL,LIMIT,1700921073138,20127,0.0006297
SPELLUSDT,SELL,LIMIT,1700921078955,19959,0.0006296
SPELLUSDT,SELL,LIMIT,1700921134350,4352583,0.0006293
SPELLUSDT,SELL,LIMIT,1700924188092,120827,0.0006290
SPELLUSDT,SELL,LIMIT,1700924189893,2371294,0.0006289
SPELLUSDT,SELL,LIMIT,1700924191192,1872400,0.0006287
SPELLUSDT,SELL,LIMIT,1700924197500,13474,0.0006277
SPELLUSDT,SELL,LIMIT,1700924198508,146164,0.0006266
SPELLUSDT,SELL,LIMIT,1700924199522,2451498,0.0006269
SPELLUSDT,SELL,LIMIT,1700924201491,221705,0.0006260
SPELLUSDT,SELL,LIMIT,1700924248053,351542,0.0006260
SPELLUSDT,SELL,LIMIT,1700924249747,83397,0.0006259
SPELLUSDT,SELL,LIMIT,1700924251649,825771,0.0006256
SPELLUSDT,SELL,LIMIT,1700924288927,243714,0.0006254
SPELLUSDT,SELL,LIMIT,1700924293378,721255,0.0006253
SPELLUSDT,SELL,LIMIT,1700924295299,3404,0.0006249
SPELLUSDT,SELL,LIMIT,1700924297883,116199,0.0006248
SPELLUSDT,SELL,LIMIT,1700924306164,198806,0.0006247
SPELLUSDT,SELL,LIMIT,1700924308319,100229,0.0006247
SPELLUSDT,SELL,LIMIT,1700924312337,263390,0.0006245
SPELLUSDT,SELL,LIMIT,1700924314391,500827,0.0006242
SPELLUSDT,SELL,LIMIT,1700924315476,2160918,0.0006244
SPELLUSDT,SELL,LIMIT,1700924321199,3049883,0.0006240
SPELLUSDT,SELL,LIMIT,1700924323863,671095,0.0006237
SPELLUSDT,SELL,LIMIT,1700924375371,339182,0.0006236
SPELLUSDT,SELL,LIMIT,1700924833208,7857,0.0006233
SPELLUSDT,SELL,LIMIT,1700924835315,111992,0.0006230
SPELLUSDT,SELL,LIMIT,1700924836583,1014001,0.0006228
SPELLUSDT,SELL,LIMIT,1700924837702,48657,0.0006221
SPELLUSDT,SELL,LIMIT,1700924910144,1742843,0.0006215
SPELLUSDT,SELL,LIMIT,1700924912194,131085,0.0006213
SPELLUSDT,SELL,LIMIT,1700924921329,208071,0.0006204
SPELLUSDT,SELL,LIMIT,1700924923407,8736,0.0006204
SPELLUSDT,SELL,LIMIT,1700924926328,7606876,0.0006189
SPELLUSDT,SELL,LIMIT,1700925244683,618523,0.0006185
SPELLUSDT,SELL,LIMIT,1700925259117,330235,0.0006180
SPELLUSDT,SELL,LIMIT,1700925270634,9408,0.0006177
SPELLUSDT,SELL,LIMIT,1700925279379,58189,0.0006176
SPELLUSDT,SELL,LIMIT,1700925789666,1300420,0.0006173
SPELLUSDT,SELL,LIMIT,1700925790894,1001232,0.0006169
SPELLUSDT,SELL,LIMIT,1700925808565,144543,0.0006167
SPELLUSDT,SELL,LIMIT,1700925812476,52362,0.0006166
SPELLUSDT,SELL,LIMIT,1700925814211,512508,0.0006164
SPELLUSDT,SELL,LIMIT,1700925815395,23260,0.0006166
SPELLUSDT,SELL,LIMIT,1700925822086,23192,0.0006158
SPELLUSDT,SELL,LIMIT,1700926708932,49583,0.0006154
SPELLUSDT,SELL,LIMIT,1700926716474,145213,0.0006154
SPELLUSDT,SELL,LIMIT,1700926741012,331207,0.0006148
SPELLUSDT,SELL,LIMIT,1700928161744,802158,0.0006138
SPELLUSDT,SELL,LIMIT,1700928165132,1112666,0.0006136
SPELLUSDT,SELL,LIMIT,1700928166559,3371788,0.0006134
SPELLUSDT,SELL,LIMIT,1700928168516,127067,0.0006132
SPELLUSDT,SELL,LIMIT,1700928170187,180419,0.0006129
SPELLUSDT,SELL,LIMIT,1700928173258,1277402,0.0006127
SPELLUSDT,SELL,LIMIT,1700928175008,28712,0.0006122
SPELLUSDT,SELL,LIMIT,1700928178324,2422301,0.0006120
SPELLUSDT,SELL,LIMIT,1700928179386,474664,0.0006122
SPELLUSDT,SELL,LIMIT,1700928193109,107751,0.0006118
SPELLUSDT,SELL,LIMIT,1700928195115,3693371,0.0006114
SPELLUSDT,SELL,LIMIT,1700928196265,1797752,0.0006115
SPELLUSDT,SELL,LIMIT,1700928199919,262352,0.0006111
SPELLUSDT,SELL,LIMIT,1700928203162,366885,0.0006105
SPELLUSDT,SELL,LIMIT,1700928205290,112789,0.0006095
SPELLUSDT,SELL,LIMIT,1700928224352,104722,0.0006090
SPELLUSDT,SELL,LIMIT,1700928239397,400000,0.0006080
SPELLUSDT,SELL,LIMIT,1700928240558,1156723,0.0006076
SPELLUSDT,BUY,LIMIT,1700928984919,7001300,0.0006430
SPELLUSDT,BUY,LIMIT,1700930334355,48059,0.0006504
SPELLUSDT,SELL,LIMIT,1700931498466,1185106,0.0006179
SPELLUSDT,SELL,LIMIT,1700935334618,7610021,0.0006082
SPELLUSDT,SELL,LIMIT,1700935405974,108244,0.0006076
SPELLUSDT,SELL,LIMIT,1700935408191,301765,0.0006075
SPELLUSDT,SELL,LIMIT,1700935419406,959601,0.0006070
SPELLUSDT,SELL,LIMIT,1700935502298,61248,0.0006067
SPELLUSDT,SELL,LIMIT,1700935675534,18641,0.0006064
SPELLUSDT,SELL,LIMIT,1700935688250,7552870,0.0006061
SPELLUSDT,SELL,LIMIT,1700935690100,20580,0.0006055
SPELLUSDT,SELL,LIMIT,1700935691316,329434,0.0006053
SPELLUSDT,SELL,LIMIT,1700935698735,203362,0.0006051
SPELLUSDT,SELL,LIMIT,1700935710561,961770,0.0006046
SPELLUSDT,SELL,LIMIT,1700935779133,59222,0.0006043
SPELLUSDT,SELL,LIMIT,1700935790610,296515,0.0006043
