Symbol,Side,Order Type,Time,Quantity,Price
SPELLUSDT,SELL,LIMIT,1700991168065,55242,0.0006126
SPELLUSDT,SELL,LIMIT,1700993036094,86662,0.0006094
SPELLUSDT,SELL,LIMIT,1700993210805,3904419,0.0006086
SPELLUSDT,SELL,LIMIT,1700993434089,31988,0.0006083
SPELLUSDT,SELL,LIMIT,1700993632923,50294,0.0006076
SPELLUSDT,SELL,LIMIT,1700994051338,248868,0.0006065
SPELLUSDT,SELL,LIMIT,1700994530427,78468,0.0006056
SPELLUSDT,SELL,LIMIT,1700995668566,1475302,0.0006050
SPELLUSDT,SELL,LIMIT,1700995677413,656225,0.0006047
SPELLUSDT,SELL,LIMIT,1700995693815,669994,0.0006042
SPELLUSDT,SELL,LIMIT,1700995758723,2401389,0.0006035
SPELLUSDT,SELL,LIMIT,1700995904813,1007321,0.0006033
SPELLUSDT,SELL,LIMIT,1700995941353,611098,0.0006022
SPELLUSDT,SELL,LIMIT,1700995950105,253025,0.0006020
SPELLUSDT,SELL,LIMIT,1700995951258,114930,0.0006021
SPELLUSDT,SELL,LIMIT,1700995963083,371888,0.0006018
SPELLUSDT,SELL,LIMIT,1700995966310,115934,0.0006016
SPELLUSDT,SELL,LIMIT,1700996161939,216627,0.0006017
SPELLUSDT,SELL,LIMIT,1700996176038,56378,0.0006015
SPELLUSDT,SELL,LIMIT,1700999195482,16417,0.0006069
SPELLUSDT,SELL,LIMIT,1701000363094,80514,0.0006042
SPELLUSDT,SELL,LIMIT,1701000591823,8231233,0.0006032
SPELLUSDT,SELL,LIMIT,1701000665153,3411029,0.0006036
SPELLUSDT,SELL,LIMIT,1701004967294,18825,0.0006066
SPELLUSDT,SELL,LIMIT,1701006039194,553645,0.0006015
SPELLUSDT,SELL,LIMIT,1701006040592,88224,0.0006011
SPELLUSDT,SELL,LIMIT,1701006056097,2157965,0.0006009
SPELLUSDT,SELL,LIMIT,1701006057614,11873,0.0006010
SPELLUSDT,SELL,LIMIT,1701006076332,114526,0.0006007
SPELLUSDT,SELL,LIMIT,1701006114747,1948435,0.0006006
SPELLUSDT,SELL,LIMIT,1701006133136,607718,0.0006005
SPELLUSDT,SELL,LIMIT,1701006134149,14557,0.0006005
SPELLUSDT,SELL,LIMIT,1701006136305,422499,0.0006004
SPELLUSDT,SELL,LIMIT,1701006200126,21109,0.0006001
SPELLUSDT,SELL,LIMIT,1701007526671,1781939,0.0005997
SPELLUSDT,SELL,LIMIT,1701007528282,7881250,0.0005994
SPELLUSDT,SELL,LIMIT,1701007529384,121174,0.0005993
SPELLUSDT,SELL,LIMIT,1701007530582,127319,0.0005968
SPELLUSDT,SELL,LIMIT,1701008251808,38656,0.0005956
SPELLUSDT,SELL,LIMIT,1701008305409,3382185,0.0005956
SPELLUSDT,SELL,LIMIT,1701008432398,324837,0.0005958
SPELLUSDT,SELL,LIMIT,1701008444250,355178,0.0005951
SPELLUSDT,SELL,LIMIT,1701008446124,128017,0.0005950
SPELLUSDT,SELL,LIMIT,1701008447159,2270060,0.0005948
SPELLUSDT,SELL,LIMIT,1701008448232,8502,0.0005948
SPELLUSDT,SELL,LIMIT,1701008449483,8913,0.0005944
SPELLUSDT,SELL,LIMIT,1701008450909,30395,0.0005949
SPELLUSDT,SELL,LIMIT,1701008452020,139593,0.0005938
SPELLUSDT,SELL,LIMIT,1701008453268,8055,0.0005939
SPELLUSDT,SELL,LIMIT,1701008830365,1592354,0.0005933
SPELLUSDT,SELL,LIMIT,1701008832812,9143,0.0005931
SPELLUSDT,SELL,LIMIT,1701008834735,30358,0.0005930
SPELLUSDT,SELL,LIMIT,1701008845333,295280,0.0005929
SPELLUSDT,SELL,LIMIT,1701008944205,656665,0.0005926
SPELLUSDT,SELL,LIMIT,1701008945465,2703254,0.0005926
SPELLUSDT,SELL,LIMIT,1701008947174,149749,0.0005925
SPELLUSDT,SELL,LIMIT,1701008948474,104263,0.0005924
SPELLUSDT,SELL,LIMIT,1701009014095,128360,0.0005920
SPELLUSDT,SELL,LIMIT,1701009015407,544773,0.0005921
SPELLUSDT,SELL,LIMIT,1701009017106,158121,0.0005919
SPELLUSDT,SELL,LIMIT,1701009019781,56382,0.0005917
SPELLUSDT,SELL,LIMIT,1701009286099,361148,0.0005913
SPELLUSDT,SELL,LIMIT,1701009287723,61749,0.0006123
SPELLUSDT,SELL,LIMIT,1701010460044,1894792,0.0005959
SPELLUSDT,SELL,LIMIT,1701011658573,13876,0.0005911
SPELLUSDT,SELL,LIMIT,1701011727088,9592,0.0005902
SPELLUSDT,SELL,LIMIT,1701011805180,450306,0.0005893
SPELLUSDT,SELL,LIMIT,1701011810402,107656,0.0005889
SPELLUSDT,SELL,LIMIT,1701011817710,138742,0.0005887
SPELLUSDT,SELL,LIMIT,1701011838362,161472,0.0005885
SPELLUSDT,SELL,LIMIT,1701011849335,806842,0.0005884
SPELLUSDT,SELL,LIMIT,1701011851839,33323,0.0005878
SPELLUSDT,SELL,LIMIT,1701012548600,206029,0.0005890
SPELLUSDT,SELL,LIMIT,1701013011112,131723,0.0005871
SPELLUSDT,SELL,LIMIT,1701013012185,1730680,0.0005866
SPELLUSDT,SELL,LIMIT,1701013014208,366698,0.0005859
SPELLUSDT,SELL,LIMIT,1701013015419,21560,0.0005853
SPELLUSDT,SELL,LIMIT,1701013016817,242116,0.0005842
SPELLUSDT,SELL,LIMIT,1701013317285,28666,0.0005869
SPELLUSDT,SELL,LIMIT,1701013637683,319488,0.0005853
SPELLUSDT,SELL,LIMIT,1701013699493,32320,0.0005849
SPELLUSDT,SELL,LIMIT,1701013739043,65089,0.0005836
SPELLUSDT,SELL,LIMIT,1701013752664,16430,0.0005830
SPELLUSDT,SELL,LIMIT,1701013816272,67482,0.0005829
SPELLUSDT,SELL,LIMIT,1701013957529,2322340,0.0005838
SPELLUSDT,SELL,LIMIT,1701013973235,293006,0.0005824
SPELLUSDT,SELL,LIMIT,1701013981756,18025,0.0005822
SPELLUSDT,SELL,LIMIT,1701013990165,7946574,0.0005822
SPELLUSDT,SELL,LIMIT,1701014008386,4025764,0.0005820
SPELLUSDT,SELL,LIMIT,1701014010173,78694,0.0005818
SPELLUSDT,SELL,LIMIT,1701014017321,22627847,0.0005798
SPELLUSDT,SELL,LIMIT,1701014042724,8716,0.0005821
SPELLUSDT,SELL,LIMIT,1701014053414,31225,0.0005815
SPELLUSDT,SELL,LIMIT,1701014059748,171085,0.0005811
SPELLUSDT,SELL,LIMIT,1701014146524,3155569,0.0005829
SPELLUSDT,BUY,LIMIT,1701014151362,3183432,0.0006064
SPELLUSDT,BUY,LIMIT,1701014866268,165535,0.0006112
SPELLUSDT,SELL,LIMIT,1701014936070,236693,0.0005907
SPELLUSDT,SELL,LIMIT,1701015212624,1839991,0.0005884
SPELLUSDT,SELL,LIMIT,1701015363141,50635,0.0005877
SPELLUSDT,SELL,LIMIT,1701015429449,94924,0.0005935
SPELLUSDT,SELL,LIMIT,1701015640229,7977038,0.0005858
SPELLUSDT,SELL,LIMIT,1701015660006,242319,0.0005844
SPELLUSDT,SELL,LIMIT,1701015662079,329579,0.0005844
SPELLUSDT,SELL,LIMIT,1701015674425,867435,0.0005836
SPELLUSDT,SELL,LIMIT,1701015740300,4399605,0.0005829
SPELLUSDT,SELL,LIMIT,1701015758873,157987,0.0005827
SPELLUSDT,SELL,LIMIT,1701015806395,3779289,0.0005838
SPELLUSDT,SELL,LIMIT,1701015905080,311760,0.0005839
SPELLUSDT,BUY,LIMIT,1701015920857,90000,0.0006087
SPELLUSDT,SELL,LIMIT,1701016013457,473776,0.0005851
SPELLUSDT,SELL,LIMIT,1701016017388,1351351,0.0005857
SPELLUSDT,SELL,LIMIT,1701016021094,281461,0.0005844
SPELLUSDT,SELL,LIMIT,1701016026775,299345,0.0005855
SPELLUSDT,SELL,LIMIT,1701016030442,40005,0.0005837
SPELLUSDT,SELL,LIMIT,1701016032144,158633,0.0005833
SPELLUSDT,SELL,LIMIT,1701016033221,966962,0.0005832
SPELLUSDT,SELL,LIMIT,1701016034246,666665,0.0005831
SPELLUSDT,SELL,LIMIT,1701016037661,65663,0.0005830
SPELLUSDT,SELL,LIMIT,1701016043615,1622835,0.0005823
SPELLUSDT,SELL,LIMIT,1701016050579,1461863,0.0005812
SPELLUSDT,SELL,LIMIT,1701016098182,33378,0.0005805
SPELLUSDT,SELL,LIMIT,1701016099575,120514,0.0005798
SPELLUSDT,SELL,LIMIT,1701016101756,1118881,0.0005795
SPELLUSDT,SELL,LIMIT,1701016103340,280990,0.0005791
SPELLUSDT,SELL,LIMIT,1701016104311,8375,0.0005787
SPELLUSDT,SELL,LIMIT,1701016105343,1589207,0.0005787
SPELLUSDT,SELL,LIMIT,1701016637369,741400,0.0005873
SPELLUSDT,SELL,LIMIT,1701016808072,53998,0.0005879
SPELLUSDT,BUY,LIMIT,1701023937284,726524,0.0006084
SPELLUSDT,BUY,LIMIT,1701046300454,131851,0.0006205
SPELLUSDT,BUY,LIMIT,1701046374129,42486,0.0006243
SPELLUSDT,BUY,LIMIT,1701046375403,17251,0.0006243
SPELLUSDT,SELL,LIMIT,1701047930204,75777,0.0005967
SPELLUSDT,BUY,LIMIT,1701052007619,189302,0.0006269
SPELLUSDT,BUY,LIMIT,1701052012091,83626,0.0006274
SPELLUSDT,BUY,LIMIT,1701052017498,86033,0.0006276
SPELLUSDT,SELL,LIMIT,1701055038746,800256,0.0005969
SPELLUSDT,SELL,LIMIT,1701055287680,1000000,0.0005950
SPELLUSDT,SELL,LIMIT,1701056053416,329107,0.0005961
SPELLUSDT,SELL,LIMIT,1701056102218,3206607,0.0005952
SPELLUSDT,SELL,LIMIT,1701056110699,36071,0.0005952
SPELLUSDT,BUY,LIMIT,1701057272204,15214,0.0006286
SPELLUSDT,BUY,LIMIT,1701057607044,58170,0.0006295
SPELLUSDT,BUY,LIMIT,1701057609997,21712,0.0006298
SPELLUSDT,BUY,LIMIT,1701057640337,293728,0.0006300
