Symbol,Side,Order Type,Time,Quantity,Price
SPELLUSDT,BUY,LIMIT,1701931128320,190282,0.0006582
SPELLUSDT,BUY,LIMIT,1701931144860,1067206,0.0006631
SPELLUSDT,BUY,LIMIT,1701931173973,72520,0.0006667
SPELLUSDT,BUY,LIMIT,1701931181291,1912045,0.0006669
SPELLUSDT,BUY,LIMIT,1701931199055,2679384,0.0006712
SPELLUSDT,SELL,LIMIT,1701935324697,149083,0.0006148
SPELLUSDT,SELL,LIMIT,1701936622842,571063,0.0006176
SPELLUSDT,SELL,LIMIT,1701936915974,136999,0.0006129
SPELLUSDT,SELL,LIMIT,1701937749981,44127,0.0006091
SPELLUSDT,SELL,LIMIT,1701939325053,851334,0.0006067
SPELLUSDT,SELL,LIMIT,1701939972324,695669,0.0006030
SPELLUSDT,SELL,LIMIT,1701940026211,474070,0.0006012
SPELLUSDT,SELL,LIMIT,1701940473169,63931,0.0006002
SPELLUSDT,SELL,LIMIT,1701940482913,150648,0.0005973
SPELLUSDT,SELL,LIMIT,1701941158474,156794,0.0005929
SPELLUSDT,SELL,LIMIT,1701941160538,1049233,0.0005929
SPELLUSDT,SELL,LIMIT,1701941169801,5000000,0.0005923
SPELLUSDT,SELL,LIMIT,1701941175337,1356837,0.0005909
SPELLUSDT,SELL,LIMIT,1701941176365,7979961,0.0005911
SPELLUSDT,SELL,LIMIT,1701941181329,314021,0.0005910
SPELLUSDT,SELL,LIMIT,1701941184826,1125374,0.0005987
SPELLUSDT,SELL,LIMIT,1701941188345,211916,0.0005906
SPELLUSDT,SELL,LIMIT,1701941207787,74921,0.0005897
SPELLUSDT,SELL,LIMIT,1701941238221,139050,0.0005898
SPELLUSDT,SELL,LIMIT,1701941240093,371471,0.0005898
SPELLUSDT,SELL,LIMIT,1701941246454,801796,0.0005896
SPELLUSDT,SELL,LIMIT,1701941254356,147446,0.0005893
SPELLUSDT,BUY,LIMIT,1701950189613,4867567,0.0006445
SPELLUSDT,BUY,LIMIT,1701950205479,162628,0.0006455
SPELLUSDT,BUY,LIMIT,1701950221074,452709,0.0006479
SPELLUSDT,SELL,LIMIT,1701951424227,965412,0.0006174
SPELLUSDT,BUY,LIMIT,1701954246254,331349,0.0006488
SPELLUSDT,SELL,LIMIT,1701960571240,267350,0.0006089
SPELLUSDT,SELL,LIMIT,1701962659014,17156,0.0006396
SPELLUSDT,SELL,LIMIT,1701962843976,254024,0.0006172
SPELLUSDT,SELL,LIMIT,1702003704027,43744,0.0006163
SPELLUSDT,BUY,LIMIT,1702015829269,2189880,0.0006443
SPELLUSDT,BUY,LIMIT,1702052530226,129521,0.0006445
SPELLUSDT,BUY,LIMIT,1702058759615,179474,0.0006561
SPELLUSDT,BUY,LIMIT,1702061638327,8790,0.0006503
SPELLUSDT,BUY,LIMIT,1702068753127,12307,0.0006593
SPELLUSDT,BUY,LIMIT,1702080233156,18621,0.0006598
SPELLUSDT,BUY,LIMIT,1702080276075,1297943,0.0006600
SPELLUSDT,BUY,LIMIT,1702080401996,32788,0.0006605
SPELLUSDT,BUY,LIMIT,1702080754374,3506300,0.0006617
SPELLUSDT,BUY,LIMIT,1702080804095,373215,0.0006620
SPELLUSDT,BUY,LIMIT,1702081313327,77966,0.0006636
SPELLUSDT,BUY,LIMIT,1702081332271,1398109,0.0006638
SPELLUSDT,BUY,LIMIT,1702081363942,153854,0.0006658
SPELLUSDT,BUY,LIMIT,1702081652141,157442,0.0006661
SPELLUSDT,BUY,LIMIT,1702087628821,263888,0.0006656
SPELLUSDT,BUY,LIMIT,1702092459160,8016674,0.0006697
SPELLUSDT,BUY,LIMIT,1702092493592,226527,0.0006699
SPELLUSDT,BUY,LIMIT,1702103127098,342252,0.0006744
SPELLUSDT,BUY,LIMIT,1702103285832,50000,0.0006741
SPELLUSDT,BUY,LIMIT,1702103323160,6131635,0.0006751
SPELLUSDT,BUY,LIMIT,1702107982494,150369,0.0006733
SPELLUSDT,BUY,LIMIT,1702109297919,8109,0.0006760
SPELLUSDT,BUY,LIMIT,1702109389190,692849,0.0006762
SPELLUSDT,BUY,LIMIT,1702109514107,78740,0.0006771
SPELLUSDT,BUY,LIMIT,1702110068345,28303,0.0006762
SPELLUSDT,BUY,LIMIT,1702110965110,23760,0.0006685
SPELLUSDT,SELL,LIMIT,1702111031400,17655,0.0006359
SPELLUSDT,SELL,LIMIT,1702111043324,292995,0.0006337
SPELLUSDT,SELL,LIMIT,1702111381450,34303,0.0006306
SPELLUSDT,SELL,LIMIT,1702111390448,1505055,0.0006298
SPELLUSDT,SELL,LIMIT,1702116853526,1761555,0.0006440
SPELLUSDT,SELL,LIMIT,1702134870307,81392,0.0006327
SPELLUSDT,BUY,LIMIT,1702139151473,168,0.0006603
SPELLUSDT,BUY,LIMIT,1702144625214,78027,0.0006583
SPELLUSDT,BUY,LIMIT,1702159004886,25164,0.0006799
SPELLUSDT,BUY,LIMIT,1702159008460,248402,0.0006805
SPELLUSDT,BUY,LIMIT,1702159367191,437751,0.0006820
SPELLUSDT,SELL,LIMIT,1702164545235,28156,0.0006408
SPELLUSDT,SELL,LIMIT,1702164578662,7615086,0.0006399
SPELLUSDT,SELL,LIMIT,1702164805209,19912669,0.0006346
SPELLUSDT,SELL,LIMIT,1702164809055,18142,0.0006364
SPELLUSDT,SELL,LIMIT,1702164866062,93327,0.0006399
SPELLUSDT,SELL,LIMIT,1702177226465,45255,0.0006463
SPELLUSDT,SELL,LIMIT,1702192119300,625827,0.0006347
SPELLUSDT,SELL,LIMIT,1702192881503,355971,0.0006300
SPELLUSDT,SELL,LIMIT,1702193707065,8369,0.0006289
SPELLUSDT,SELL,LIMIT,1702193786516,59064,0.0006274
SPELLUSDT,SELL,LIMIT,1702193805877,61731,0.0006266
SPELLUSDT,SELL,LIMIT,1702193858408,103944,0.0006259
SPELLUSDT,SELL,LIMIT,1702194137711,159623,0.0006253
SPELLUSDT,SELL,LIMIT,1702194139610,23286,0.0006251
SPELLUSDT,SELL,LIMIT,1702196788089,273451,0.0006243
SPELLUSDT,SELL,LIMIT,1702196789267,76536,0.0006242
SPELLUSDT,SELL,LIMIT,1702196790976,54499,0.0006238
SPELLUSDT,SELL,LIMIT,1702196806138,9153,0.0006234
SPELLUSDT,SELL,LIMIT,1702197043616,534106,0.0006230
SPELLUSDT,SELL,LIMIT,1702200891194,32963,0.0006205
SPELLUSDT,SELL,LIMIT,1702201436186,155051,0.0006194
SPELLUSDT,SELL,LIMIT,1702201469361,61448,0.0006188
SPELLUSDT,SELL,LIMIT,1702202053237,1751398,0.0006181
SPELLUSDT,SELL,LIMIT,1702202059272,121500,0.0006180
SPELLUSDT,SELL,LIMIT,1702202158138,172285,0.0006166
SPELLUSDT,SELL,LIMIT,1702202253402,76593,0.0006170
SPELLUSDT,SELL,LIMIT,1702202297390,25000,0.0006153
SPELLUSDT,SELL,LIMIT,1702202303332,693832,0.0006153
SPELLUSDT,SELL,LIMIT,1702202305841,85624,0.0006151
SPELLUSDT,SELL,LIMIT,1702202310637,188210,0.0006148
SPELLUSDT,SELL,LIMIT,1702202323252,9304,0.0006148
SPELLUSDT,SELL,LIMIT,1702202363736,8594041,0.0006138
SPELLUSDT,SELL,LIMIT,1702202377115,385937,0.0006137
SPELLUSDT,SELL,LIMIT,1702256439002,9479555,0.0006225
SPELLUSDT,SELL,LIMIT,1702260431164,35039,0.0006139
SPELLUSDT,SELL,LIMIT,1702260441322,124195,0.0006121
SPELLUSDT,SELL,LIMIT,1702260444296,123005,0.0006114
SPELLUSDT,SELL,LIMIT,1702260488060,155768,0.0006104
SPELLUSDT,SELL,LIMIT,1702260621827,18248,0.0006100
SPELLUSDT,SELL,LIMIT,1702260623648,172481,0.0006100
SPELLUSDT,SELL,LIMIT,1702260628140,1338261,0.0006085
SPELLUSDT,SELL,LIMIT,1702260629154,779180,0.0006085
SPELLUSDT,SELL,LIMIT,1702260635810,524390,0.0006075
SPELLUSDT,SELL,LIMIT,1702260690535,22834,0.0006054
SPELLUSDT,SELL,LIMIT,1702260694725,400811,0.0006054
SPELLUSDT,SELL,LIMIT,1702260696147,57089,0.0006048
SPELLUSDT,SELL,LIMIT,1702260701440,7955,0.0006040
SPELLUSDT,SELL,LIMIT,1702260708405,368001,0.0006030
SPELLUSDT,SELL,LIMIT,1702260709453,300000,0.0006019
SPELLUSDT,BUY,LIMIT,1702260711571,78844,0.0006271
SPELLUSDT,SELL,LIMIT,1702260717783,68611,0.0006016
SPELLUSDT,SELL,LIMIT,1702260719297,437257,0.0006003
SPELLUSDT,SELL,LIMIT,1702260721636,74449,0.0005997
SPELLUSDT,SELL,LIMIT,1702260726266,1000000,0.0005992
SPELLUSDT,SELL,LIMIT,1702260729749,530298,0.0005991
SPELLUSDT,SELL,LIMIT,1702260730811,12297,0.0005990
SPELLUSDT,SELL,LIMIT,1702260734573,222624,0.0005977
SPELLUSDT,SELL,LIMIT,1702260735827,41153,0.0005977
SPELLUSDT,SELL,LIMIT,1702260736930,37707,0.0005995
SPELLUSDT,SELL,LIMIT,1702260738267,1584377,0.0005969
SPELLUSDT,SELL,LIMIT,1702260741353,94075,0.0005958
SPELLUSDT,SELL,LIMIT,1702260743656,95027,0.0005949
SPELLUSDT,SELL,LIMIT,1702260744672,500000,0.0005948
SPELLUSDT,SELL,LIMIT,1702260745842,560000,0.0005940
SPELLUSDT,SELL,LIMIT,1702260746863,2434665,0.0005939
SPELLUSDT,SELL,LIMIT,1702260747908,200000,0.0005940
SPELLUSDT,SELL,LIMIT,1702260751081,8012820,0.0005931
SPELLUSDT,SELL,LIMIT,1702260752823,153400,0.0005913
SPELLUSDT,SELL,LIMIT,1702260757196,25177,0.0005906
SPELLUSDT,SELL,LIMIT,1702260758459,20887,0.0005907
SPELLUSDT,SELL,LIMIT,1702260760148,20734,0.0005901
SPELLUSDT,SELL,LIMIT,1702260761983,9260,0.0005887
SPELLUSDT,SELL,LIMIT,1702260763060,1950991,0.0005877
SPELLUSDT,SELL,LIMIT,1702260764659,56434,0.0005864
SPELLUSDT,SELL,LIMIT,1702260765829,234044,0.0005832
SPELLUSDT,SELL,LIMIT,1702260766935,28466,0.0005824
SPELLUSDT,SELL,LIMIT,1702260768024,163309,0.0005820
SPELLUSDT,SELL,LIMIT,1702260769238,47417,0.0005823
SPELLUSDT,SELL,LIMIT,1702260770279,46833,0.0005799
SPELLUSDT,SELL,LIMIT,1702260771738,249484,0.0005779
SPELLUSDT,SELL,LIMIT,1702260772902,34211,0.0005785
SPELLUSDT,SELL,LIMIT,1702260774451,3832856,0.0005753
SPELLUSDT,SELL,LIMIT,1702260775634,600000,0.0005750
SPELLUSDT,SELL,LIMIT,1702260776868,17714,0.0005750
SPELLUSDT,SELL,LIMIT,1702260777914,656447,0.0005737
SPELLUSDT,SELL,LIMIT,1702260779248,1245717,0.0005781
SPELLUSDT,SELL,LIMIT,1702260780295,318215,0.0005678
SPELLUSDT,SELL,LIMIT,1702260781363,213406,0.0005669
SPELLUSDT,SELL,LIMIT,1702260782548,1255498,0.0005714
SPELLUSDT,SELL,LIMIT,1702260783641,3630996,0.0005713
SPELLUSDT,SELL,LIMIT,1702260784660,1346,0.0013017
SPELLUSDT,SELL,LIMIT,1702260786292,227472,0.0005691
SPELLUSDT,SELL,LIMIT,1702260787326,1177141,0.0005656
SPELLUSDT,SELL,LIMIT,1702260788318,2053540,0.0005635
SPELLUSDT,SELL,LIMIT,1702260789399,543100,0.0005632
SPELLUSDT,SELL,LIMIT,1702260791410,799873,0.0005620
SPELLUSDT,SELL,LIMIT,1702260792472,43900,0.0005626
SPELLUSDT,SELL,LIMIT,1702260793708,39601,0.0005594
SPELLUSDT,SELL,LIMIT,1702260794789,50847,0.0005608
SPELLUSDT,SELL,LIMIT,1702260796029,196969,0.0005580
SPELLUSDT,SELL,LIMIT,1702260797331,60528,0.0005558
SPELLUSDT,SELL,LIMIT,1702260798346,52223,0.0005511
SPELLUSDT,SELL,LIMIT,1702260799413,12716,0.0005516
SPELLUSDT,SELL,LIMIT,1702260800731,471092,0.0005518
SPELLUSDT,SELL,LIMIT,1702260802215,484570,0.0005466
SPELLUSDT,SELL,LIMIT,1702260803311,378386,0.0005463
SPELLUSDT,SELL,LIMIT,1702260804352,169246,0.0005463
SPELLUSDT,SELL,LIMIT,1702260805992,3658101,0.0005482
SPELLUSDT,SELL,LIMIT,1702260807905,7950,0.0005460
SPELLUSDT,SELL,LIMIT,1702260809366,1535390,0.0005460
SPELLUSDT,SELL,LIMIT,1702260810554,601321,0.0005459
SPELLUSDT,SELL,LIMIT,1702260812247,874510,0.0005464
SPELLUSDT,SELL,LIMIT,1702260813254,78000,0.0005464
SPELLUSDT,SELL,LIMIT,1702260814260,1110027,0.0005462
SPELLUSDT,SELL,LIMIT,1702260815485,392387,0.0005470
SPELLUSDT,SELL,LIMIT,1702260818450,63101,0.0005464
SPELLUSDT,BUY,LIMIT,1702260840392,96015,0.0005733
SPELLUSDT,BUY,LIMIT,1702260861356,24039,0.0005841
SPELLUSDT,BUY,LIMIT,1702261114056,25955,0.0005997
