Symbol,Side,Order Type,Time,Quantity,Price
SPELLUSDT,BUY,LIMIT,1701067292985,8220487,0.0006151
SPELLUSDT,BUY,LIMIT,1701067582854,167785,0.0006127
SPELLUSDT,SELL,LIMIT,1701067744298,299646,0.0005902
SPELLUSDT,SELL,LIMIT,1701067753410,7635,0.0005905
SPELLUSDT,SELL,LIMIT,1701067868489,76793,0.0005890
SPELLUSDT,SELL,LIMIT,1701068054400,453998,0.0005909
SPELLUSDT,SELL,LIMIT,1701068331423,1158309,0.0005879
SPELLUSDT,SELL,LIMIT,1701068354417,147331,0.0005873
SPELLUSDT,BUY,LIMIT,1701068749444,484485,0.0006167
SPELLUSDT,SELL,LIMIT,1701068996439,4277145,0.0006068
SPELLUSDT,SELL,LIMIT,1701069898145,792883,0.0005915
SPELLUSDT,SELL,LIMIT,1701069910336,8776,0.0005909
SPELLUSDT,SELL,LIMIT,1701070110611,500000,0.0006044
SPELLUSDT,SELL,LIMIT,1701070112838,700000,0.0005946
SPELLUSDT,BUY,LIMIT,1701071030958,4375218,0.0006288
SPELLUSDT,BUY,LIMIT,1701073384144,155609,0.0006201
SPELLUSDT,BUY,LIMIT,1701074377033,222822,0.0006172
SPELLUSDT,SELL,LIMIT,1701075021136,16528,0.0005914
SPELLUSDT,SELL,LIMIT,1701076975827,24277,0.0005930
SPELLUSDT,SELL,LIMIT,1701080794319,770274,0.0005858
SPELLUSDT,SELL,LIMIT,1701080804131,11230,0.0005852
SPELLUSDT,SELL,LIMIT,1701080805215,2321364,0.0005854
SPELLUSDT,SELL,LIMIT,1701081257072,351962,0.0005831
SPELLUSDT,SELL,LIMIT,1701081261476,534823,0.0005831
SPELLUSDT,SELL,LIMIT,1701081330394,81473,0.0005821
SPELLUSDT,SELL,LIMIT,1701081422150,157853,0.0005819
SPELLUSDT,SELL,LIMIT,1701081435310,2422751,0.0005813
SPELLUSDT,SELL,LIMIT,1701081437524,33140,0.0005811
SPELLUSDT,SELL,LIMIT,1701081441167,1618625,0.0005807
SPELLUSDT,SELL,LIMIT,1701081482346,15300,0.0005803
SPELLUSDT,SELL,LIMIT,1701081488372,32649,0.0005797
SPELLUSDT,SELL,LIMIT,1701081498132,244429,0.0005796
SPELLUSDT,SELL,LIMIT,1701081584168,49619,0.0005813
SPELLUSDT,SELL,LIMIT,1701083640886,227488,0.0005886
SPELLUSDT,BUY,LIMIT,1701084322189,2700,0.0006096
SPELLUSDT,SELL,LIMIT,1701084930460,816269,0.0005832
SPELLUSDT,SELL,LIMIT,1701084931890,108888,0.0005816
SPELLUSDT,SELL,LIMIT,1701090970619,1996470,0.0005933
SPELLUSDT,SELL,LIMIT,1701097101294,67331,0.0005857
SPELLUSDT,SELL,LIMIT,1701097217254,167446,0.0005856
SPELLUSDT,SELL,LIMIT,1701100229400,1677806,0.0005792
SPELLUSDT,SELL,LIMIT,1701100236366,960455,0.0005787
SPELLUSDT,SELL,LIMIT,1701100242463,32848,0.0005786
SPELLUSDT,SELL,LIMIT,1701100244121,453583,0.0005784
SPELLUSDT,SELL,LIMIT,1701100281868,455845,0.0005787
SPELLUSDT,SELL,LIMIT,1701100516166,76983,0.0005780
SPELLUSDT,SELL,LIMIT,1701100517209,3441380,0.0005776
SPELLUSDT,SELL,LIMIT,1701100518275,11586,0.0005767
SPELLUSDT,SELL,LIMIT,1701100521539,65155,0.0005759
SPELLUSDT,SELL,LIMIT,1701100522831,528763,0.0005758
SPELLUSDT,SELL,LIMIT,1701100529667,84816,0.0005755
SPELLUSDT,SELL,LIMIT,1701100531431,2165980,0.0005759
SPELLUSDT,SELL,LIMIT,1701100533312,8263064,0.0005754
SPELLUSDT,SELL,LIMIT,1701100535713,79658,0.0005753
SPELLUSDT,SELL,LIMIT,1701100561095,44722,0.0005750
SPELLUSDT,SELL,LIMIT,1701100564216,5436571,0.0005748
SPELLUSDT,SELL,LIMIT,1701100575139,4486586,0.0005748
SPELLUSDT,SELL,LIMIT,1701100588887,15651,0.0005746
SPELLUSDT,SELL,LIMIT,1701100620150,847055,0.0005746
SPELLUSDT,SELL,LIMIT,1701100622693,2472382,0.0005742
SPELLUSDT,SELL,LIMIT,1701100640297,1915629,0.0005742
SPELLUSDT,SELL,LIMIT,1701101186235,911483,0.0005788
SPELLUSDT,SELL,LIMIT,1701102049979,100000,0.0005820
SPELLUSDT,SELL,LIMIT,1701102742338,30483,0.0005823
SPELLUSDT,SELL,LIMIT,1701103537332,962188,0.0006018
SPELLUSDT,SELL,LIMIT,1701104557995,2133,0.0005835
SPELLUSDT,BUY,LIMIT,1701106164133,1018109,0.0006074
SPELLUSDT,SELL,LIMIT,1701111190351,941821,0.0005757
SPELLUSDT,SELL,LIMIT,1701111572036,109001,0.0005738
SPELLUSDT,SELL,LIMIT,1701111573202,5806301,0.0005738
SPELLUSDT,SELL,LIMIT,1701111592379,26642,0.0005731
SPELLUSDT,SELL,LIMIT,1701111883054,22131,0.0005721
SPELLUSDT,SELL,LIMIT,1701111899234,1693044,0.0005719
SPELLUSDT,SELL,LIMIT,1701111921601,4315760,0.0005714
SPELLUSDT,SELL,LIMIT,1701111960197,789722,0.0005715
SPELLUSDT,SELL,LIMIT,1701111970455,397594,0.0005707
SPELLUSDT,SELL,LIMIT,1701111980722,12894,0.0005702
SPELLUSDT,SELL,LIMIT,1701111982290,224496,0.0005700
SPELLUSDT,SELL,LIMIT,1701111998467,333667,0.0005695
SPELLUSDT,SELL,LIMIT,1701112000131,4115866,0.0005690
SPELLUSDT,SELL,LIMIT,1701112042074,41647,0.0005682
SPELLUSDT,SELL,LIMIT,1701112056209,3762565,0.0005677
SPELLUSDT,SELL,LIMIT,1701112072955,16064,0.0005672
SPELLUSDT,SELL,LIMIT,1701112074090,368995,0.0005670
SPELLUSDT,SELL,LIMIT,1701112079624,10738,0.0005669
SPELLUSDT,SELL,LIMIT,1701112081582,5835119,0.0005667
SPELLUSDT,SELL,LIMIT,1701112092258,35000,0.0005665
SPELLUSDT,SELL,LIMIT,1701112102224,424565,0.0005663
SPELLUSDT,SELL,LIMIT,1701112192714,97176,0.0005661
SPELLUSDT,SELL,LIMIT,1701112195085,241395,0.0005658
SPELLUSDT,SELL,LIMIT,1701112244131,133494,0.0005654
SPELLUSDT,SELL,LIMIT,1701112245239,2300323,0.0005653
SPELLUSDT,SELL,LIMIT,1701114226258,447685,0.0005649
SPELLUSDT,SELL,LIMIT,1701114229211,8238,0.0005646
SPELLUSDT,SELL,LIMIT,1701114230722,249318,0.0005644
SPELLUSDT,SELL,LIMIT,1701114233818,781650,0.0005642
SPELLUSDT,SELL,LIMIT,1701114237130,3519639,0.0005634
SPELLUSDT,SELL,LIMIT,1701114238291,811794,0.0005632
SPELLUSDT,SELL,LIMIT,1701114240370,472302,0.0005628
SPELLUSDT,SELL,LIMIT,1701114263567,40051,0.0005626
SPELLUSDT,SELL,LIMIT,1701114277129,137188,0.0005625
SPELLUSDT,SELL,LIMIT,1701114358561,64620,0.0005624
SPELLUSDT,SELL,LIMIT,1701114478067,57084,0.0005622
SPELLUSDT,SELL,LIMIT,1701114481218,162243,0.0005622
SPELLUSDT,SELL,LIMIT,1701114490054,207602,0.0005619
SPELLUSDT,SELL,LIMIT,1701114492319,1755421,0.0005617
SPELLUSDT,SELL,LIMIT,1701114495253,200000,0.0005617
SPELLUSDT,SELL,LIMIT,1701114496473,2000000,0.0005613
SPELLUSDT,SELL,LIMIT,1701114497907,320026,0.0005614
SPELLUSDT,SELL,LIMIT,1701114506371,178243,0.0005621
SPELLUSDT,SELL,LIMIT,1701114512230,219498,0.0005620
SPELLUSDT,SELL,LIMIT,1701114527268,8072811,0.0005615
SPELLUSDT,SELL,LIMIT,1701114531399,114586,0.0005611
SPELLUSDT,SELL,LIMIT,1701114532752,3831417,0.0005602
SPELLUSDT,SELL,LIMIT,1701114534954,89539,0.0005601
SPELLUSDT,SELL,LIMIT,1701116677400,99621,0.0005599
SPELLUSDT,SELL,LIMIT,1701116710983,309071,0.0005596
SPELLUSDT,SELL,LIMIT,1701116762174,636142,0.0005590
SPELLUSDT,SELL,LIMIT,1701116763252,467242,0.0005585
SPELLUSDT,SELL,LIMIT,1701116765125,498375,0.0005578
SPELLUSDT,SELL,LIMIT,1701116873961,68645,0.0005574
SPELLUSDT,SELL,LIMIT,1701116882866,1031286,0.0005575
SPELLUSDT,SELL,LIMIT,1701116897391,21935,0.0005573
SPELLUSDT,SELL,LIMIT,1701116900724,210000,0.0005564
SPELLUSDT,SELL,LIMIT,1701117359143,396447,0.0005578
SPELLUSDT,BUY,LIMIT,1701123182161,13956,0.0005477
SPELLUSDT,SELL,LIMIT,1701124270919,235005,0.0005704
SPELLUSDT,BUY,LIMIT,1701126359959,269038,0.0005953
SPELLUSDT,BUY,LIMIT,1701131301685,26719,0.0005980
SPELLUSDT,BUY,LIMIT,1701131478578,35056,0.0005990
SPELLUSDT,SELL,LIMIT,1701131913607,1539408,0.0005755
SPELLUSDT,SELL,LIMIT,1701136941437,20535,0.0005879
SPELLUSDT,BUY,LIMIT,1701138489562,10978,0.0006013
SPELLUSDT,SELL,LIMIT,1701149111721,711179,0.0005634
SPELLUSDT,SELL,LIMIT,1701149853704,172423,0.0005627
SPELLUSDT,SELL,LIMIT,1701149856544,11971,0.0005630
SPELLUSDT,SELL,LIMIT,1701149884377,892680,0.0005626
SPELLUSDT,SELL,LIMIT,1701151263535,236019,0.0005623
SPELLUSDT,SELL,LIMIT,1701154321505,3000000,0.0005674
SPELLUSDT,SELL,LIMIT,1701156299649,156323,0.0005594
SPELLUSDT,SELL,LIMIT,1701156391783,38814,0.0005586
SPELLUSDT,SELL,LIMIT,1701156456241,1713208,0.0005617
SPELLUSDT,SELL,LIMIT,1701156517427,653666,0.0005575
SPELLUSDT,BUY,LIMIT,1701157047546,455971,0.0005823
SPELLUSDT,SELL,LIMIT,1701163950251,699123,0.0005672
SPELLUSDT,BUY,LIMIT,1701171918124,17274,0.0005936
SPELLUSDT,BUY,LIMIT,1701179623281,8673340,0.0006035
SPELLUSDT,BUY,LIMIT,1701179624390,8899,0.0006036
SPELLUSDT,BUY,LIMIT,1701179631945,34487,0.0006041
SPELLUSDT,BUY,LIMIT,1701187271401,1307012,0.0006005
SPELLUSDT,SELL,LIMIT,1701189390919,374570,0.0005946
SPELLUSDT,BUY,LIMIT,1701190319193,55658,0.0006074
SPELLUSDT,BUY,LIMIT,1701190374383,411783,0.0006082
SPELLUSDT,BUY,LIMIT,1701190828997,8588114,0.0006111
SPELLUSDT,BUY,LIMIT,1701192068632,157947,0.0006086
SPELLUSDT,SELL,LIMIT,1701197837621,53770,0.0005789
SPELLUSDT,BUY,LIMIT,1701197856331,218582,0.0006023
SPELLUSDT,BUY,LIMIT,1701197859499,142830,0.0006024
SPELLUSDT,BUY,LIMIT,1701201634629,40492,0.0005993
SPELLUSDT,SELL,LIMIT,1701216835498,18329,0.0005697
SPELLUSDT,SELL,LIMIT,1701219243649,124287,0.0005759
SPELLUSDT,SELL,LIMIT,1701244032077,87625,0.0005755
SPELLUSDT,BUY,LIMIT,1701245093405,4294,0.0005970
SPELLUSDT,SELL,LIMIT,1701253411639,8810,0.0005723
SPELLUSDT,SELL,LIMIT,1701254360176,170357,0.0005681
SPELLUSDT,SELL,LIMIT,1701254425614,11760,0.0005811
SPELLUSDT,SELL,LIMIT,1701254648513,203135,0.0005668
SPELLUSDT,SELL,LIMIT,1701254660523,66008,0.0005664
