Symbol,Side,Order Type,Time,Quantity,Price
SPELLUSDT,BUY,LIMIT,1700845598201,1774562,0.0006905
SPELLUSDT,BUY,LIMIT,1700845608622,170696,0.0006643
SPELLUSDT,BUY,LIMIT,1700845615242,172256,0.0006853
SPELLUSDT,SELL,LIMIT,1700845927019,500000,0.0006563
SPELLUSDT,SELL,LIMIT,1700845956201,218327,0.0006558
SPELLUSDT,SELL,LIMIT,1700846019330,17850,0.0006555
SPELLUSDT,SELL,LIMIT,1700846027224,123447,0.0006554
SPELLUSDT,SELL,LIMIT,1700846028278,21361,0.0006551
SPELLUSDT,SELL,LIMIT,1700846029291,213985,0.0006547
SPELLUSDT,SELL,LIMIT,1700846031535,982016,0.0006545
SPELLUSDT,SELL,LIMIT,1700846718398,4096307,0.0006536
SPELLUSDT,SELL,LIMIT,1700846719700,58725,0.0006525
SPELLUSDT,SELL,LIMIT,1700847228069,400000,0.0006511
SPELLUSDT,SELL,LIMIT,1700847259209,189545,0.0006507
SPELLUSDT,SELL,LIMIT,1700847262704,206361,0.0006503
SPELLUSDT,SELL,LIMIT,1700847263749,406464,0.0006498
SPELLUSDT,SELL,LIMIT,1700847266231,166195,0.0006492
SPELLUSDT,SELL,LIMIT,1700847267265,896320,0.0006486
SPELLUSDT,SELL,LIMIT,1700847283083,2200898,0.0006484
SPELLUSDT,SELL,LIMIT,1700847285053,59162,0.0006470
SPELLUSDT,SELL,LIMIT,1700847286201,28533,0.0006472
SPELLUSDT,SELL,LIMIT,1700847297633,22566,0.0006464
SPELLUSDT,SELL,LIMIT,1700847309568,34708,0.0006463
SPELLUSDT,SELL,LIMIT,1700847310749,118875,0.0006457
SPELLUSDT,SELL,LIMIT,1700847312174,6110370,0.0006455
SPELLUSDT,SELL,LIMIT,1700847313216,8533,0.0006452
SPELLUSDT,SELL,LIMIT,1700847322295,735510,0.0006444
SPELLUSDT,SELL,LIMIT,1700847361401,819984,0.0006442
SPELLUSDT,SELL,LIMIT,1700847364262,98905,0.0006440
SPELLUSDT,SELL,LIMIT,1700847368465,145030,0.0006437
SPELLUSDT,SELL,LIMIT,1700847370567,64192,0.0006437
SPELLUSDT,SELL,LIMIT,1700847372701,574414,0.0006428
SPELLUSDT,SELL,LIMIT,1700847373926,8386,0.0006429
SPELLUSDT,SELL,LIMIT,1700847374928,7528,0.0006423
SPELLUSDT,SELL,LIMIT,1700847387883,4333954,0.0006422
SPELLUSDT,SELL,LIMIT,1700847399803,4881656,0.0006417
SPELLUSDT,SELL,LIMIT,1700847401372,7160,0.0006413
SPELLUSDT,SELL,LIMIT,1700847403893,220175,0.0006409
SPELLUSDT,SELL,LIMIT,1700847406209,426171,0.0006400
SPELLUSDT,SELL,LIMIT,1700847407284,238211,0.0006405
SPELLUSDT,SELL,LIMIT,1700847408633,111789,0.0006401
SPELLUSDT,SELL,LIMIT,1700847418168,117058,0.0006394
SPELLUSDT,SELL,LIMIT,1700847461196,466627,0.0006387
SPELLUSDT,SELL,LIMIT,1700847462467,105660,0.0006372
SPELLUSDT,SELL,LIMIT,1700847463467,72185,0.0006365
SPELLUSDT,SELL,LIMIT,1700847465274,545842,0.0006361
SPELLUSDT,SELL,LIMIT,1700847466384,141222,0.0006360
SPELLUSDT,SELL,LIMIT,1700847490861,1429042,0.0006353
SPELLUSDT,SELL,LIMIT,1700847493093,96237,0.0006335
SPELLUSDT,SELL,LIMIT,1700847494128,928594,0.0006337
SPELLUSDT,SELL,LIMIT,1700847505057,35569,0.0006322
SPELLUSDT,SELL,LIMIT,1700847506086,580616,0.0006319
SPELLUSDT,SELL,LIMIT,1700847507122,2265134,0.0006317
SPELLUSDT,SELL,LIMIT,1700847527169,2348954,0.0006310
SPELLUSDT,SELL,LIMIT,1700847531096,936744,0.0006309
SPELLUSDT,SELL,LIMIT,1700847532212,7500243,0.0006307
SPELLUSDT,SELL,LIMIT,1700847533247,266093,0.0006305
SPELLUSDT,SELL,LIMIT,1700847558106,39680,0.0006303
SPELLUSDT,SELL,LIMIT,1700847559300,147400,0.0006302
SPELLUSDT,SELL,LIMIT,1700847561045,14551,0.0006291
SPELLUSDT,SELL,LIMIT,1700847566418,16634135,0.0006271
SPELLUSDT,SELL,LIMIT,1700847568119,116351,0.0006284
SPELLUSDT,SELL,LIMIT,1700847606612,301307,0.0006277
SPELLUSDT,SELL,LIMIT,1700847608420,756252,0.0006266
SPELLUSDT,SELL,LIMIT,1700847707933,290779,0.0006322
SPELLUSDT,SELL,LIMIT,1700847737556,5920263,0.0006276
SPELLUSDT,SELL,LIMIT,1700847738660,610108,0.0006267
SPELLUSDT,SELL,LIMIT,1700847789668,1508385,0.0006263
SPELLUSDT,SELL,LIMIT,1700847824524,225496,0.0006260
SPELLUSDT,SELL,LIMIT,1700847825649,861823,0.0006251
SPELLUSDT,SELL,LIMIT,1700847891990,1874530,0.0006259
SPELLUSDT,SELL,LIMIT,1700847903209,7494444,0.0006331
SPELLUSDT,BUY,LIMIT,1700847905948,180603,0.0006544
SPELLUSDT,SELL,LIMIT,1700848271314,5023820,0.0006239
SPELLUSDT,SELL,LIMIT,1700848272884,298350,0.0006231
SPELLUSDT,SELL,LIMIT,1700848323527,6000000,0.0006226
SPELLUSDT,SELL,LIMIT,1700848358179,17148,0.0006223
SPELLUSDT,SELL,LIMIT,1700848359288,424395,0.0006222
SPELLUSDT,SELL,LIMIT,1700848360464,457384,0.0006219
SPELLUSDT,SELL,LIMIT,1700848363122,137292,0.0006217
SPELLUSDT,SELL,LIMIT,1700848378739,53763,0.0006214
SPELLUSDT,SELL,LIMIT,1700848380103,123953,0.0006212
SPELLUSDT,SELL,LIMIT,1700848427508,75591,0.0006211
SPELLUSDT,SELL,LIMIT,1700848430260,890029,0.0006202
SPELLUSDT,SELL,LIMIT,1700848431818,43361,0.0006198
SPELLUSDT,SELL,LIMIT,1700848508224,100327,0.0006195
SPELLUSDT,SELL,LIMIT,1700848509911,7640523,0.0006192
SPELLUSDT,SELL,LIMIT,1700848511817,493209,0.0006186
SPELLUSDT,SELL,LIMIT,1700848571265,3405541,0.0006182
SPELLUSDT,SELL,LIMIT,1700848572694,258982,0.0006178
SPELLUSDT,SELL,LIMIT,1700848592339,154631,0.0006180
SPELLUSDT,SELL,LIMIT,1700848594226,76904,0.0006178
SPELLUSDT,SELL,LIMIT,1700848678590,6162823,0.0006173
SPELLUSDT,SELL,LIMIT,1700848679957,1609161,0.0006171
SPELLUSDT,SELL,LIMIT,1700848685034,576451,0.0006167
SPELLUSDT,SELL,LIMIT,1700848704238,111537,0.0006165
SPELLUSDT,SELL,LIMIT,1700848713432,1922228,0.0006163
SPELLUSDT,SELL,LIMIT,1700848811114,7449352,0.0006152
SPELLUSDT,SELL,LIMIT,1700848812141,208928,0.0006146
SPELLUSDT,SELL,LIMIT,1700848813198,34764,0.0006149
SPELLUSDT,SELL,LIMIT,1700848814291,114489,0.0006136
SPELLUSDT,SELL,LIMIT,1700848815417,240643,0.0006132
SPELLUSDT,SELL,LIMIT,1700848820613,712081,0.0006125
SPELLUSDT,SELL,LIMIT,1700848825951,1317015,0.0006123
SPELLUSDT,SELL,LIMIT,1700848827302,794642,0.0006120
SPELLUSDT,SELL,LIMIT,1700848828327,209206,0.0006117
SPELLUSDT,SELL,LIMIT,1700848829344,399053,0.0006116
SPELLUSDT,SELL,LIMIT,1700848830610,115842,0.0006106
SPELLUSDT,SELL,LIMIT,1700848832683,84007,0.0006105
SPELLUSDT,SELL,LIMIT,1700848837059,90297,0.0006104
SPELLUSDT,SELL,LIMIT,1700848850247,242990,0.0006102
SPELLUSDT,SELL,LIMIT,1700848851255,58471,0.0006101
SPELLUSDT,SELL,LIMIT,1700848869145,7686601,0.0006098
SPELLUSDT,SELL,LIMIT,1700848871075,387365,0.0006090
SPELLUSDT,SELL,LIMIT,1700848872104,182398,0.0006092
SPELLUSDT,SELL,LIMIT,1700848878297,199722,0.0006092
SPELLUSDT,SELL,LIMIT,1700848897971,2405787,0.0006101
SPELLUSDT,BUY,LIMIT,1700849186448,4783173,0.0006530
SPELLUSDT,BUY,LIMIT,1700849187455,526651,0.0006540
SPELLUSDT,BUY,LIMIT,1700849559307,43951,0.0006550
SPELLUSDT,BUY,LIMIT,1700849560435,327854,0.0006550
SPELLUSDT,BUY,LIMIT,1700849571581,1595030,0.0006556
SPELLUSDT,BUY,LIMIT,1700849573119,799616,0.0006565
SPELLUSDT,BUY,LIMIT,1700849577926,148142,0.0006571
SPELLUSDT,BUY,LIMIT,1700850414256,1856804,0.0006590
SPELLUSDT,BUY,LIMIT,1700850415308,12443,0.0006583
SPELLUSDT,BUY,LIMIT,1700850444873,34369,0.0006596
SPELLUSDT,BUY,LIMIT,1700850447720,28842,0.0006601
SPELLUSDT,BUY,LIMIT,1700850449443,686069,0.0006601
SPELLUSDT,BUY,LIMIT,1700850466018,6434745,0.0006606
SPELLUSDT,BUY,LIMIT,1700850501853,538011,0.0006613
SPELLUSDT,BUY,LIMIT,1700850524997,159850,0.0006613
SPELLUSDT,BUY,LIMIT,1700850528678,703428,0.0006619
SPELLUSDT,BUY,LIMIT,1700850830224,7927699,0.0006621
SPELLUSDT,BUY,LIMIT,1700850867436,390106,0.0006628
SPELLUSDT,BUY,LIMIT,1700850869210,77971,0.0006631
SPELLUSDT,BUY,LIMIT,1700850871618,316430,0.0006635
SPELLUSDT,BUY,LIMIT,1700850877201,103308,0.0006636
SPELLUSDT,BUY,LIMIT,1700850880622,82758,0.0006647
SPELLUSDT,BUY,LIMIT,1700850883756,267265,0.0006649
SPELLUSDT,BUY,LIMIT,1700850886458,2682181,0.0006650
SPELLUSDT,BUY,LIMIT,1700850888454,179661,0.0006652
SPELLUSDT,BUY,LIMIT,1700850890228,296284,0.0006663
SPELLUSDT,BUY,LIMIT,1700850892145,1030029,0.0006664
SPELLUSDT,BUY,LIMIT,1700850893270,534741,0.0006667
SPELLUSDT,BUY,LIMIT,1700850899319,35170,0.0006668
SPELLUSDT,BUY,LIMIT,1700850939209,218517,0.0006676
SPELLUSDT,BUY,LIMIT,1700850941196,724230,0.0006680
SPELLUSDT,BUY,LIMIT,1700850942226,1013574,0.0006678
SPELLUSDT,BUY,LIMIT,1700850958501,44544,0.0006704
SPELLUSDT,BUY,LIMIT,1700850960094,1090992,0.0006717
SPELLUSDT,BUY,LIMIT,1700850961162,21151,0.0006710
SPELLUSDT,BUY,LIMIT,1700850962559,684343,0.0006725
SPELLUSDT,BUY,LIMIT,1700850986215,371392,0.0006725
SPELLUSDT,BUY,LIMIT,1700850988447,163638,0.0006729
SPELLUSDT,SELL,LIMIT,1700853627798,146389,0.0006250
SPELLUSDT,SELL,LIMIT,1700853683484,38144,0.0006246
SPELLUSDT,SELL,LIMIT,1700854035519,10191,0.0006232
SPELLUSDT,SELL,LIMIT,1700854036694,74784,0.0006230
SPELLUSDT,SELL,LIMIT,1700854479451,53728,0.0006214
SPELLUSDT,SELL,LIMIT,1700854557185,272276,0.0006206
SPELLUSDT,SELL,LIMIT,1700854561531,17692,0.0006201
SPELLUSDT,SELL,LIMIT,1700854562799,614171,0.0006191
SPELLUSDT,SELL,LIMIT,1700854892261,153374,0.0006179
SPELLUSDT,SELL,LIMIT,1700856048845,7641754,0.0006159
SPELLUSDT,SELL,LIMIT,1700856049966,96033,0.0006155
SPELLUSDT,SELL,LIMIT,1700856070462,127210,0.0006152
SPELLUSDT,SELL,LIMIT,1700856073044,31279,0.0006146
SPELLUSDT,SELL,LIMIT,1700856080176,82212,0.0006128
SPELLUSDT,SELL,LIMIT,1700856081339,660067,0.0006115
SPELLUSDT,SELL,LIMIT,1700856089122,4749434,0.0006107
SPELLUSDT,SELL,LIMIT,1700856103706,2043149,0.0006101
SPELLUSDT,SELL,LIMIT,1700856272555,216016,0.0006094
SPELLUSDT,SELL,LIMIT,1700856275675,60620,0.0006093
SPELLUSDT,SELL,LIMIT,1700856278014,21592,0.0006089
SPELLUSDT,BUY,LIMIT,1700856777122,744630,0.0006523
SPELLUSDT,BUY,LIMIT,1700856779023,939995,0.0006538
SPELLUSDT,BUY,LIMIT,1700856819122,152500,0.0006542
SPELLUSDT,SELL,LIMIT,1700858866805,129295,0.0006165
SPELLUSDT,BUY,LIMIT,1700859043419,210266,0.0006425
SPELLUSDT,BUY,LIMIT,1700859045123,371618,0.0006385
SPELLUSDT,SELL,LIMIT,1700859562010,2236729,0.0006119
SPELLUSDT,SELL,LIMIT,1700860651259,74056,0.0006217
SPELLUSDT,SELL,LIMIT,1700862668167,95374,0.0006217
SPELLUSDT,SELL,LIMIT,1700863960933,1719793,0.0006158
SPELLUSDT,SELL,LIMIT,1700865548271,266934,0.0006198
SPELLUSDT,SELL,LIMIT,1700866664559,26215,0.0006149
SPELLUSDT,SELL,LIMIT,1700866855122,4255231,0.0006078
SPELLUSDT,SELL,LIMIT,1700866856196,1019769,0.0006083
SPELLUSDT,SELL,LIMIT,1700867182874,16437,0.0006074
SPELLUSDT,SELL,LIMIT,1700867195075,32050305,0.0006047
SPELLUSDT,SELL,LIMIT,1700867196893,973186,0.0006079
SPELLUSDT,SELL,LIMIT,1700867214305,2229498,0.0006061
SPELLUSDT,SELL,LIMIT,1700867220237,11821,0.0006057
SPELLUSDT,SELL,LIMIT,1700867221242,43534,0.0006061
SPELLUSDT,SELL,LIMIT,1700867224493,842320,0.0006052
SPELLUSDT,SELL,LIMIT,1700867225525,236781,0.0006047
SPELLUSDT,SELL,LIMIT,1700867226862,1431490,0.0006045
SPELLUSDT,SELL,LIMIT,1700867230735,8480,0.0006035
SPELLUSDT,SELL,LIMIT,1700870441673,54111,0.0006029
SPELLUSDT,SELL,LIMIT,1700870442754,871019,0.0006020
SPELLUSDT,SELL,LIMIT,1700870444757,1045275,0.0006006
SPELLUSDT,SELL,LIMIT,1700870445881,3502486,0.0006006
SPELLUSDT,SELL,LIMIT,1700870530703,66517,0.0006018
SPELLUSDT,SELL,LIMIT,1700870556528,1353302,0.0006003
SPELLUSDT,SELL,LIMIT,1700870560587,3110640,0.0005999
SPELLUSDT,SELL,LIMIT,1700870561740,450788,0.0005997
SPELLUSDT,SELL,LIMIT,1700870563544,104521,0.0005997
SPELLUSDT,SELL,LIMIT,1700870565106,181890,0.0005995
SPELLUSDT,SELL,LIMIT,1700870569099,167700,0.0005993
SPELLUSDT,SELL,LIMIT,1700870581214,3169069,0.0005991
SPELLUSDT,SELL,LIMIT,1700870584424,13451,0.0005991
SPELLUSDT,SELL,LIMIT,1700870586780,745460,0.0005987
SPELLUSDT,SELL,LIMIT,1700870634359,75007,0.0005983
SPELLUSDT,SELL,LIMIT,1700870647281,398406,0.0005982
SPELLUSDT,SELL,LIMIT,1700870649665,5116824,0.0005981
SPELLUSDT,SELL,LIMIT,1700870651145,18661,0.0005975
SPELLUSDT,SELL,LIMIT,1700870769608,4813982,0.0005971
SPELLUSDT,SELL,LIMIT,1700870770820,1075610,0.0005969
SPELLUSDT,SELL,LIMIT,1700870773118,476198,0.0005968
SPELLUSDT,SELL,LIMIT,1700870774161,35997,0.0005968
SPELLUSDT,SELL,LIMIT,1700870775483,22246,0.0005959
SPELLUSDT,SELL,LIMIT,1700870776763,15769,0.0005955
SPELLUSDT,SELL,LIMIT,1700870843686,96394,0.0005943
SPELLUSDT,SELL,LIMIT,1700870860270,46037,0.0005939
SPELLUSDT,SELL,LIMIT,1700870861915,58858,0.0005938
SPELLUSDT,BUY,LIMIT,1700871803384,935115,0.0006361
SPELLUSDT,BUY,LIMIT,1700872400286,645191,0.0006378
SPELLUSDT,BUY,LIMIT,1700873405415,4109814,0.0006385
SPELLUSDT,BUY,LIMIT,1700873849511,60945,0.0006347
SPELLUSDT,BUY,LIMIT,1700874215553,190791,0.0006363
SPELLUSDT,BUY,LIMIT,1700874347294,2379780,0.0006396
SPELLUSDT,BUY,LIMIT,1700874367299,1177839,0.0006412
SPELLUSDT,BUY,LIMIT,1700876453853,147515,0.0006441
SPELLUSDT,BUY,LIMIT,1700876588066,35270,0.0006472
SPELLUSDT,SELL,LIMIT,1700876901256,173723,0.0006192
SPELLUSDT,BUY,LIMIT,1700877148208,147944,0.0006457
SPELLUSDT,BUY,LIMIT,1700877362408,7738040,0.0006475
SPELLUSDT,BUY,LIMIT,1700877514197,39231,0.0006484
SPELLUSDT,BUY,LIMIT,1700877555630,334656,0.0006500
SPELLUSDT,BUY,LIMIT,1700877561298,4388792,0.0006500
SPELLUSDT,BUY,LIMIT,1700878466995,67555,0.0006500
SPELLUSDT,BUY,LIMIT,1700879251080,16014,0.0006535
SPELLUSDT,BUY,LIMIT,1700879280388,210498,0.0006539
