Symbol,Side,Order Type,Time,Quantity,Price
SSVUSDT,SELL,LIMIT,1701067819150,1.20,22.314905
SSVUSDT,SELL,LIMIT,1701067839248,1.45,22.310378
SSVUSDT,SELL,LIMIT,1701068114182,12.16,22.099001
SSVUSDT,SELL,LIMIT,1701068196140,5.05,22.030401
SSVUSDT,BUY,LIMIT,1701069012044,22.69,21.445641
SSVUSDT,SELL,LIMIT,1701069575248,84.92,21.678849
SSVUSDT,SELL,LIMIT,1701069801626,8.06,21.653924
SSVUSDT,SELL,LIMIT,1701069855202,10.00,21.599201
SSVUSDT,SELL,LIMIT,1701069885962,0.92,21.524267
SSVUSDT,SELL,LIMIT,1701069887202,13.87,21.499837
SSVUSDT,SELL,LIMIT,1701070154501,8.92,21.474521
SSVUSDT,SELL,LIMIT,1701073978189,0.05,25.289186
SSVUSDT,BUY,LIMIT,1701075612108,0.39,23.343483
SSVUSDT,BUY,LIMIT,1701078895332,11.31,24.119926
SSVUSDT,BUY,LIMIT,1701079797861,31.55,24.310429
SSVUSDT,SELL,LIMIT,1701082618314,8.16,22.216601
SSVUSDT,BUY,LIMIT,1701084068652,0.81,23.739195
SSVUSDT,BUY,LIMIT,1701085643016,38.92,24.012088
SSVUSDT,BUY,LIMIT,1701085647838,0.40,24.029212
SSVUSDT,BUY,LIMIT,1701086055957,3.69,24.450307
SSVUSDT,BUY,LIMIT,1701086060462,0.44,24.490053
SSVUSDT,BUY,LIMIT,1701086062363,11.15,24.592978
SSVUSDT,BUY,LIMIT,1701086095629,2.07,24.739761
SSVUSDT,BUY,LIMIT,1701086097047,44.86,24.755173
SSVUSDT,BUY,LIMIT,1701086098130,35.38,24.755066
SSVUSDT,BUY,LIMIT,1701086107435,260.00,24.851349
SSVUSDT,BUY,LIMIT,1701087056732,15.42,24.933301
SSVUSDT,SELL,LIMIT,1701088034073,88.24,23.208690
SSVUSDT,SELL,LIMIT,1701088094987,2.42,23.129667
SSVUSDT,SELL,LIMIT,1701088139123,1.89,23.106656
SSVUSDT,SELL,LIMIT,1701088152892,2.30,23.094826
SSVUSDT,SELL,LIMIT,1701088272951,4.59,23.047276
SSVUSDT,SELL,LIMIT,1701088276028,0.47,23.029066
SSVUSDT,SELL,LIMIT,1701088362146,102.04,22.905616
SSVUSDT,SELL,LIMIT,1701088437321,107.83,22.850021
SSVUSDT,BUY,LIMIT,1701088912246,5.01,24.508918
SSVUSDT,BUY,LIMIT,1701088915215,19.32,24.565320
SSVUSDT,BUY,LIMIT,1701093268828,9.53,24.588699
SSVUSDT,SELL,LIMIT,1701095570313,20.54,23.002173
SSVUSDT,SELL,LIMIT,1701095578189,19.84,22.955459
SSVUSDT,SELL,LIMIT,1701095592484,43.22,23.000601
SSVUSDT,SELL,LIMIT,1701096040747,12.35,22.944193
SSVUSDT,SELL,LIMIT,1701096047414,0.21,22.922977
SSVUSDT,SELL,LIMIT,1701096049290,30.07,22.906942
SSVUSDT,SELL,LIMIT,1701096059688,8.95,22.852311
SSVUSDT,SELL,LIMIT,1701096063526,7.98,22.840014
SSVUSDT,BUY,LIMIT,1701098305594,12.46,24.469991
SSVUSDT,BUY,LIMIT,1701098334097,47.06,24.533826
SSVUSDT,BUY,LIMIT,1701098928168,4.27,24.652260
SSVUSDT,BUY,LIMIT,1701100286990,60.32,24.436291
SSVUSDT,BUY,LIMIT,1701101101606,26.04,24.633000
SSVUSDT,BUY,LIMIT,1701102244158,41.65,24.809725
SSVUSDT,BUY,LIMIT,1701102246636,1.25,24.843282
SSVUSDT,BUY,LIMIT,1701102251374,1.47,24.886022
SSVUSDT,BUY,LIMIT,1701102306462,0.70,24.921680
SSVUSDT,BUY,LIMIT,1701102439086,8.40,24.963997
SSVUSDT,BUY,LIMIT,1701102440173,0.90,25.125030
SSVUSDT,BUY,LIMIT,1701102462372,8.55,25.231862
SSVUSDT,BUY,LIMIT,1701102467579,5.52,25.261472
SSVUSDT,BUY,LIMIT,1701102471059,31.06,25.337307
SSVUSDT,BUY,LIMIT,1701102475033,2.11,25.326812
SSVUSDT,BUY,LIMIT,1701102522158,1.72,25.409643
SSVUSDT,BUY,LIMIT,1701102527287,6.92,25.442790
SSVUSDT,BUY,LIMIT,1701102528423,20.00,25.515237
SSVUSDT,BUY,LIMIT,1701102529630,0.37,25.571298
SSVUSDT,BUY,LIMIT,1701102531274,4.63,25.603024
SSVUSDT,BUY,LIMIT,1701102533420,1.34,25.615217
SSVUSDT,BUY,LIMIT,1701102536233,54.64,25.640442
SSVUSDT,BUY,LIMIT,1701102538099,2.83,25.652741
SSVUSDT,BUY,LIMIT,1701102539174,16.27,25.762092
SSVUSDT,BUY,LIMIT,1701102581179,4.00,25.853168
SSVUSDT,BUY,LIMIT,1701102582535,50.11,25.863370
SSVUSDT,BUY,LIMIT,1701102583591,126.80,25.877810
SSVUSDT,BUY,LIMIT,1701102585260,36.36,25.889714
SSVUSDT,BUY,LIMIT,1701102587565,17.47,25.954135
SSVUSDT,BUY,LIMIT,1701102641140,7.00,25.980284
SSVUSDT,BUY,LIMIT,1701102643178,207.46,26.025640
SSVUSDT,BUY,LIMIT,1701102644401,11.55,26.038095
SSVUSDT,BUY,LIMIT,1701102646772,7.37,26.086880
SSVUSDT,BUY,LIMIT,1701102648354,1.83,26.104814
SSVUSDT,BUY,LIMIT,1701102652165,0.32,26.186159
SSVUSDT,BUY,LIMIT,1701102653390,29.38,26.115803
SSVUSDT,BUY,LIMIT,1701102654440,0.29,26.267055
SSVUSDT,BUY,LIMIT,1701102655492,1.44,26.285220
SSVUSDT,BUY,LIMIT,1701102658675,92.60,26.363673
SSVUSDT,SELL,LIMIT,1701102851513,15.51,24.496157
SSVUSDT,SELL,LIMIT,1701102856121,0.32,24.457832
SSVUSDT,SELL,LIMIT,1701102859286,0.22,24.453484
SSVUSDT,SELL,LIMIT,1701102912345,0.57,24.413441
SSVUSDT,SELL,LIMIT,1701102919885,2.78,24.312752
SSVUSDT,SELL,LIMIT,1701102924087,3.44,24.264503
SSVUSDT,SELL,LIMIT,1701104764169,3.29,25.283049
SSVUSDT,BUY,LIMIT,1701104805201,0.03,26.053610
SSVUSDT,BUY,LIMIT,1701104816730,100.78,26.091944
SSVUSDT,BUY,LIMIT,1701111191135,0.12,25.602958
SSVUSDT,SELL,LIMIT,1701111328821,10.21,24.561058
SSVUSDT,BUY,LIMIT,1701111396029,2.47,25.550697
SSVUSDT,SELL,LIMIT,1701111849618,7.08,24.331473
SSVUSDT,SELL,LIMIT,1701111861125,11.74,24.274227
SSVUSDT,SELL,LIMIT,1701111862213,17.94,24.323656
SSVUSDT,SELL,LIMIT,1701111927454,0.88,24.274346
SSVUSDT,SELL,LIMIT,1701111937273,15.98,24.230101
SSVUSDT,SELL,LIMIT,1701111967085,2.35,24.218741
SSVUSDT,SELL,LIMIT,1701112182263,50.98,24.173089
SSVUSDT,SELL,LIMIT,1701112329636,4.16,24.264801
SSVUSDT,SELL,LIMIT,1701112806133,9.50,24.163587
SSVUSDT,SELL,LIMIT,1701112893391,29.38,24.151619
SSVUSDT,SELL,LIMIT,1701112906355,47.78,24.132072
SSVUSDT,SELL,LIMIT,1701112913948,56.55,24.115106
SSVUSDT,SELL,LIMIT,1701113132504,0.20,24.063935
SSVUSDT,SELL,LIMIT,1701113245624,1.76,24.025437
SSVUSDT,SELL,LIMIT,1701113246984,0.99,24.017931
SSVUSDT,SELL,LIMIT,1701114229165,4.73,23.964083
SSVUSDT,SELL,LIMIT,1701114232079,3.62,23.958926
SSVUSDT,SELL,LIMIT,1701114235631,4.00,23.944195
SSVUSDT,SELL,LIMIT,1701114237413,2.56,23.937181
SSVUSDT,SELL,LIMIT,1701114238420,15.27,23.919789
SSVUSDT,SELL,LIMIT,1701114335390,0.30,23.907816
SSVUSDT,SELL,LIMIT,1701114343622,11.61,23.898726
SSVUSDT,SELL,LIMIT,1701114357882,10.39,23.879375
SSVUSDT,SELL,LIMIT,1701114359080,0.25,23.855322
SSVUSDT,SELL,LIMIT,1701114360092,11.66,23.838627
SSVUSDT,SELL,LIMIT,1701114364905,11.92,23.826352
SSVUSDT,SELL,LIMIT,1701114368763,0.44,23.861739
SSVUSDT,SELL,LIMIT,1701114469055,33.46,23.836340
SSVUSDT,SELL,LIMIT,1701114473062,1.45,23.808697
SSVUSDT,SELL,LIMIT,1701114511476,5.97,23.847743
SSVUSDT,SELL,LIMIT,1701116828808,14.57,23.877192
SSVUSDT,SELL,LIMIT,1701116837710,7.45,23.835425
SSVUSDT,SELL,LIMIT,1701117119358,12.00,23.755001
SSVUSDT,SELL,LIMIT,1701117175545,3.39,23.750581
SSVUSDT,SELL,LIMIT,1701117189363,0.46,23.766490
SSVUSDT,SELL,LIMIT,1701117203767,0.40,23.756001
SSVUSDT,SELL,LIMIT,1701117289080,4.77,23.711443
SSVUSDT,SELL,LIMIT,1701117304817,6.19,23.710103
SSVUSDT,SELL,LIMIT,1701117383006,14.89,23.648441
SSVUSDT,SELL,LIMIT,1701117678820,15.22,23.637683
SSVUSDT,SELL,LIMIT,1701117920447,106.99,23.667001
SSVUSDT,BUY,LIMIT,1701125811532,6.27,25.397900
SSVUSDT,BUY,LIMIT,1701125828066,69.77,25.408546
SSVUSDT,BUY,LIMIT,1701126169221,10.21,25.446580
SSVUSDT,BUY,LIMIT,1701126174332,1.22,25.467158
SSVUSDT,BUY,LIMIT,1701126185664,21.39,25.502850
SSVUSDT,BUY,LIMIT,1701126408977,28.79,25.513345
SSVUSDT,BUY,LIMIT,1701126413165,31.80,25.525051
SSVUSDT,BUY,LIMIT,1701126427237,206.72,25.540490
SSVUSDT,BUY,LIMIT,1701126583180,13.98,25.476824
SSVUSDT,BUY,LIMIT,1701126728413,6.26,25.555295
SSVUSDT,BUY,LIMIT,1701126737463,22.35,25.579860
SSVUSDT,BUY,LIMIT,1701126742653,2.82,25.597305
SSVUSDT,BUY,LIMIT,1701127009322,19.87,25.649780
SSVUSDT,BUY,LIMIT,1701127053877,0.21,25.680671
SSVUSDT,BUY,LIMIT,1701127401195,0.53,25.708052
SSVUSDT,BUY,LIMIT,1701128293757,190.88,25.662401
SSVUSDT,BUY,LIMIT,1701128301229,51.09,25.679970
SSVUSDT,BUY,LIMIT,1701128935707,3.47,25.744400
SSVUSDT,BUY,LIMIT,1701128960320,1.26,25.776860
SSVUSDT,BUY,LIMIT,1701128974535,2.41,25.786215
SSVUSDT,BUY,LIMIT,1701128988340,0.44,25.786720
SSVUSDT,SELL,LIMIT,1701129943822,0.29,24.482990
SSVUSDT,BUY,LIMIT,1701131094715,21.82,25.632600
SSVUSDT,BUY,LIMIT,1701131330969,10.17,25.694478
SSVUSDT,BUY,LIMIT,1701132089112,0.15,25.829905
SSVUSDT,BUY,LIMIT,1701132133806,9.92,25.871705
SSVUSDT,BUY,LIMIT,1701132145262,4.05,25.893680
SSVUSDT,BUY,LIMIT,1701136049937,20.42,25.770673
SSVUSDT,BUY,LIMIT,1701136471074,0.69,26.040759
SSVUSDT,BUY,LIMIT,1701136563313,3.88,26.113883
SSVUSDT,BUY,LIMIT,1701136565312,1.06,26.161209
SSVUSDT,BUY,LIMIT,1701136585386,2.14,26.196834
SSVUSDT,BUY,LIMIT,1701136589378,16.43,26.248248
SSVUSDT,BUY,LIMIT,1701136591106,0.33,26.294046
SSVUSDT,BUY,LIMIT,1701136597236,2.56,26.303821
SSVUSDT,BUY,LIMIT,1701136609383,31.40,26.317334
SSVUSDT,BUY,LIMIT,1701136625506,2.78,26.355573
SSVUSDT,BUY,LIMIT,1701136753208,3.24,26.386537
SSVUSDT,BUY,LIMIT,1701136755187,29.45,26.391340
SSVUSDT,BUY,LIMIT,1701136758188,1.60,26.394487
SSVUSDT,BUY,LIMIT,1701136759351,0.23,26.397000
SSVUSDT,BUY,LIMIT,1701136760496,0.48,26.407935
SSVUSDT,BUY,LIMIT,1701136761686,41.29,26.413278
SSVUSDT,BUY,LIMIT,1701136763099,0.95,26.415483
SSVUSDT,BUY,LIMIT,1701136770423,0.39,26.418937
SSVUSDT,BUY,LIMIT,1701136772329,1.34,26.428925
SSVUSDT,SELL,LIMIT,1701137909353,10.68,26.299866
SSVUSDT,BUY,LIMIT,1701137962757,0.41,26.441707
SSVUSDT,BUY,LIMIT,1701137964174,43.87,26.454310
SSVUSDT,BUY,LIMIT,1701137967423,39.66,26.468390
SSVUSDT,BUY,LIMIT,1701137977372,7.93,26.483515
SSVUSDT,BUY,LIMIT,1701137992459,0.20,26.487477
SSVUSDT,BUY,LIMIT,1701138014799,6.57,26.496900
SSVUSDT,BUY,LIMIT,1701138015827,933.05,26.640988
SSVUSDT,BUY,LIMIT,1701138017075,25.20,26.578060
SSVUSDT,BUY,LIMIT,1701138018765,4.89,26.616180
SSVUSDT,BUY,LIMIT,1701138022038,4.76,26.618316
SSVUSDT,BUY,LIMIT,1701138309899,0.40,26.664182
SSVUSDT,BUY,LIMIT,1701138328643,12.28,26.664182
SSVUSDT,BUY,LIMIT,1701138339113,4.30,26.682762
SSVUSDT,BUY,LIMIT,1701138340236,0.21,26.679537
SSVUSDT,BUY,LIMIT,1701138361891,48.54,26.691575
SSVUSDT,BUY,LIMIT,1701138488647,2.23,26.683200
SSVUSDT,BUY,LIMIT,1701138490145,2.16,26.693400
SSVUSDT,BUY,LIMIT,1701138493834,1.22,26.705154
SSVUSDT,SELL,LIMIT,1701138495114,2.29,26.212871
SSVUSDT,BUY,LIMIT,1701138497437,10.34,26.734608
SSVUSDT,BUY,LIMIT,1701138498493,6.52,26.741562
SSVUSDT,BUY,LIMIT,1701138499977,0.58,26.769900
SSVUSDT,BUY,LIMIT,1701138506648,12.21,26.792217
SSVUSDT,BUY,LIMIT,1701138637096,11.73,26.830785
SSVUSDT,BUY,LIMIT,1701138638129,12.11,26.854100
SSVUSDT,BUY,LIMIT,1701138642812,5.02,26.863725
SSVUSDT,BUY,LIMIT,1701138644370,0.45,26.876353
SSVUSDT,BUY,LIMIT,1701138648341,2.24,26.892245
SSVUSDT,BUY,LIMIT,1701138677222,11.82,26.909180
SSVUSDT,BUY,LIMIT,1701138678352,10.21,26.925619
SSVUSDT,BUY,LIMIT,1701138730708,0.32,26.948167
SSVUSDT,BUY,LIMIT,1701138810924,2.10,26.958399
SSVUSDT,BUY,LIMIT,1701138818499,0.84,26.962093
SSVUSDT,BUY,LIMIT,1701138884422,3.00,26.981606
SSVUSDT,BUY,LIMIT,1701138906142,1.18,26.991854
SSVUSDT,BUY,LIMIT,1701138908425,8.79,26.999950
SSVUSDT,BUY,LIMIT,1701138939207,8.01,27.016691
SSVUSDT,BUY,LIMIT,1701139019728,4.00,27.029082
SSVUSDT,BUY,LIMIT,1701139023732,3.75,27.066604
SSVUSDT,BUY,LIMIT,1701139064221,86.39,27.084840
SSVUSDT,BUY,LIMIT,1701139065236,60.71,27.080110
SSVUSDT,BUY,LIMIT,1701139075084,164.93,27.101123
SSVUSDT,BUY,LIMIT,1701139076379,20.96,27.094195
SSVUSDT,BUY,LIMIT,1701139077899,1.60,27.107648
SSVUSDT,BUY,LIMIT,1701139082579,75.00,27.123430
SSVUSDT,BUY,LIMIT,1701139089117,36.76,27.126840
SSVUSDT,BUY,LIMIT,1701139090769,6.07,27.191063
SSVUSDT,BUY,LIMIT,1701139092280,0.31,27.223223
SSVUSDT,BUY,LIMIT,1701139103122,8.24,27.262710
SSVUSDT,BUY,LIMIT,1701139104166,5.75,27.295923
SSVUSDT,SELL,LIMIT,1701140882209,0.62,26.156578
SSVUSDT,SELL,LIMIT,1701143374830,4.49,25.397361
SSVUSDT,SELL,LIMIT,1701144323500,37.38,25.379543
SSVUSDT,SELL,LIMIT,1701144377487,11.17,25.275604
SSVUSDT,SELL,LIMIT,1701146011886,2.72,25.336862
SSVUSDT,SELL,LIMIT,1701147056466,6.46,25.243349
SSVUSDT,SELL,LIMIT,1701147058131,0.26,25.214549
SSVUSDT,SELL,LIMIT,1701147060175,2.78,25.205608
SSVUSDT,SELL,LIMIT,1701147885137,11.66,25.196463
SSVUSDT,SELL,LIMIT,1701147939107,9.16,25.188251
SSVUSDT,SELL,LIMIT,1701147949735,0.71,25.181093
SSVUSDT,SELL,LIMIT,1701147951707,0.66,25.151795
SSVUSDT,BUY,LIMIT,1701148408661,3.26,26.617098
SSVUSDT,SELL,LIMIT,1701149842962,6.53,25.357248
SSVUSDT,SELL,LIMIT,1701149846565,4.58,25.282986
SSVUSDT,SELL,LIMIT,1701149899165,30.80,25.159824
SSVUSDT,SELL,LIMIT,1701150334389,2.81,25.130833
SSVUSDT,SELL,LIMIT,1701150358183,4.47,25.100139
SSVUSDT,SELL,LIMIT,1701150362215,63.19,25.095446
SSVUSDT,SELL,LIMIT,1701150380170,1.88,25.095409
SSVUSDT,SELL,LIMIT,1701150751254,0.79,25.083696
SSVUSDT,SELL,LIMIT,1701150774362,15.15,25.071593
SSVUSDT,SELL,LIMIT,1701150782427,1.39,25.051195
SSVUSDT,SELL,LIMIT,1701150788851,38.96,25.037688
SSVUSDT,SELL,LIMIT,1701150801932,0.47,25.022246
SSVUSDT,SELL,LIMIT,1701150803238,6.52,25.003389
SSVUSDT,SELL,LIMIT,1701150828469,0.85,24.988646
SSVUSDT,SELL,LIMIT,1701150838059,1.33,24.976001
SSVUSDT,SELL,LIMIT,1701150849520,7.30,24.936655
SSVUSDT,SELL,LIMIT,1701150851101,3.64,24.914638
SSVUSDT,SELL,LIMIT,1701150852258,22.23,24.894521
SSVUSDT,SELL,LIMIT,1701150859154,5.94,24.861279
SSVUSDT,SELL,LIMIT,1701151123103,1.50,24.864597
SSVUSDT,SELL,LIMIT,1701151137320,1.40,24.759847
SSVUSDT,SELL,LIMIT,1701151140050,11.85,24.741886
SSVUSDT,SELL,LIMIT,1701151218454,176.88,24.705173
SSVUSDT,SELL,LIMIT,1701151233087,0.24,24.682417
SSVUSDT,SELL,LIMIT,1701151260239,2.51,24.672320
SSVUSDT,SELL,LIMIT,1701151263536,15.39,24.656377
SSVUSDT,BUY,LIMIT,1701153474441,1.69,26.409412
SSVUSDT,BUY,LIMIT,1701153480745,198.49,26.444462
SSVUSDT,BUY,LIMIT,1701155302313,0.82,26.327631
SSVUSDT,SELL,LIMIT,1701155557852,75.76,25.117401
SSVUSDT,SELL,LIMIT,1701155627500,100.00,25.096696
SSVUSDT,SELL,LIMIT,1701156509474,30.00,24.948549
SSVUSDT,BUY,LIMIT,1701156864322,0.77,26.061847
SSVUSDT,SELL,LIMIT,1701158795188,0.39,24.611816
SSVUSDT,SELL,LIMIT,1701158796301,16.01,24.600416
SSVUSDT,SELL,LIMIT,1701158797431,67.45,24.566906
SSVUSDT,SELL,LIMIT,1701158802381,6.94,24.540723
SSVUSDT,SELL,LIMIT,1701158805353,7.15,24.517722
SSVUSDT,SELL,LIMIT,1701158826551,3.68,24.513395
SSVUSDT,SELL,LIMIT,1701158841365,8.10,24.507052
SSVUSDT,SELL,LIMIT,1701158842420,3.78,24.502562
SSVUSDT,SELL,LIMIT,1701158873137,3.58,24.494241
SSVUSDT,SELL,LIMIT,1701158876929,170.20,24.486545
SSVUSDT,SELL,LIMIT,1701158939891,35.53,24.478750
SSVUSDT,SELL,LIMIT,1701158941041,0.33,24.466870
SSVUSDT,SELL,LIMIT,1701158942375,119.54,24.438610
SSVUSDT,SELL,LIMIT,1701158944090,75.99,24.422635
SSVUSDT,SELL,LIMIT,1701158949195,32.35,24.415699
SSVUSDT,SELL,LIMIT,1701158953191,40.00,24.377967
SSVUSDT,SELL,LIMIT,1701158956438,150.00,24.358237
SSVUSDT,SELL,LIMIT,1701158959450,90.04,24.324843
SSVUSDT,SELL,LIMIT,1701158965563,0.44,24.315592
SSVUSDT,SELL,LIMIT,1701158989094,50.74,24.306016
SSVUSDT,SELL,LIMIT,1701158994065,5.90,24.289310
SSVUSDT,SELL,LIMIT,1701158995233,1.96,24.232662
SSVUSDT,SELL,LIMIT,1701159013319,0.77,24.165331
SSVUSDT,SELL,LIMIT,1701159014889,7.59,24.141560
SSVUSDT,SELL,LIMIT,1701159016315,0.39,24.128925
SSVUSDT,SELL,LIMIT,1701159054842,4.06,24.110776
SSVUSDT,BUY,LIMIT,1701160518499,5.23,25.844033
SSVUSDT,BUY,LIMIT,1701164387786,0.62,25.355788
SSVUSDT,SELL,LIMIT,1701165838958,0.44,24.411149
SSVUSDT,BUY,LIMIT,1701166986376,1.49,25.995055
SSVUSDT,BUY,LIMIT,1701167787717,1.01,25.997268
SSVUSDT,BUY,LIMIT,1701167818429,0.41,26.006610
SSVUSDT,BUY,LIMIT,1701168056487,21.58,25.960478
SSVUSDT,BUY,LIMIT,1701168070152,7.42,26.060757
SSVUSDT,BUY,LIMIT,1701168099068,3.52,26.141434
SSVUSDT,BUY,LIMIT,1701168100081,1.63,26.150902
SSVUSDT,BUY,LIMIT,1701168154517,4.91,26.040182
SSVUSDT,BUY,LIMIT,1701168166380,17.04,26.154836
SSVUSDT,BUY,LIMIT,1701168174661,0.35,26.169821
SSVUSDT,BUY,LIMIT,1701168180839,0.88,26.206015
SSVUSDT,BUY,LIMIT,1701168185058,62.14,26.237844
SSVUSDT,BUY,LIMIT,1701168187605,199.61,26.257373
SSVUSDT,BUY,LIMIT,1701168198929,0.37,26.310965
SSVUSDT,BUY,LIMIT,1701168200770,100.32,26.323814
SSVUSDT,BUY,LIMIT,1701168205316,0.57,26.385210
SSVUSDT,BUY,LIMIT,1701168207341,20.88,26.399086
SSVUSDT,BUY,LIMIT,1701168209269,0.47,26.411112
SSVUSDT,BUY,LIMIT,1701168439951,0.03,26.457480
SSVUSDT,BUY,LIMIT,1701169067317,1.97,26.523658
SSVUSDT,BUY,LIMIT,1701169068457,3.92,26.538944
SSVUSDT,BUY,LIMIT,1701169070101,3.95,26.554911
SSVUSDT,BUY,LIMIT,1701169148320,5.31,26.272427
SSVUSDT,BUY,LIMIT,1701169241178,1.51,26.627377
SSVUSDT,BUY,LIMIT,1701169251918,0.39,26.678290
SSVUSDT,BUY,LIMIT,1701169259965,51.45,26.698307
SSVUSDT,BUY,LIMIT,1701170304476,24.99,26.742179
SSVUSDT,BUY,LIMIT,1701170306641,11.27,26.758829
SSVUSDT,BUY,LIMIT,1701170308131,8.18,26.769900
SSVUSDT,BUY,LIMIT,1701170315019,8.54,26.783753
SSVUSDT,BUY,LIMIT,1701170334093,2.03,26.808085
SSVUSDT,BUY,LIMIT,1701170335565,0.34,26.848388
SSVUSDT,BUY,LIMIT,1701170348375,28.66,26.885409
SSVUSDT,BUY,LIMIT,1701170356064,5.01,26.893627
SSVUSDT,BUY,LIMIT,1701170378429,39.28,26.912192
SSVUSDT,BUY,LIMIT,1701170380346,0.43,26.918077
SSVUSDT,SELL,LIMIT,1701171976118,64.53,25.565914
SSVUSDT,BUY,LIMIT,1701172073110,27.43,26.371527
SSVUSDT,BUY,LIMIT,1701172077473,0.40,26.378833
SSVUSDT,SELL,LIMIT,1701173956674,13.41,25.042898
SSVUSDT,SELL,LIMIT,1701173999089,2.06,24.974688
SSVUSDT,SELL,LIMIT,1701174042695,5.70,24.921561
SSVUSDT,SELL,LIMIT,1701174045957,30.72,24.910603
SSVUSDT,SELL,LIMIT,1701174193197,0.20,24.742887
SSVUSDT,SELL,LIMIT,1701174537277,12.51,24.721021
SSVUSDT,SELL,LIMIT,1701174541115,54.05,24.704806
SSVUSDT,SELL,LIMIT,1701174565427,186.19,24.686575
SSVUSDT,SELL,LIMIT,1701174624264,21.61,24.611504
SSVUSDT,SELL,LIMIT,1701174625713,109.74,24.601563
SSVUSDT,SELL,LIMIT,1701174757878,30.58,24.589371
SSVUSDT,SELL,LIMIT,1701174760829,173.74,24.570134
SSVUSDT,SELL,LIMIT,1701174797209,3.39,24.546810
SSVUSDT,SELL,LIMIT,1701174873365,0.26,24.522901
SSVUSDT,SELL,LIMIT,1701174905866,20.05,24.467651
SSVUSDT,SELL,LIMIT,1701174929407,26.86,24.428366
SSVUSDT,SELL,LIMIT,1701175788072,194.17,24.235883
SSVUSDT,SELL,LIMIT,1701175833169,0.64,24.086068
SSVUSDT,SELL,LIMIT,1701175834296,0.61,24.053866
SSVUSDT,SELL,LIMIT,1701175908121,18.71,24.040225
SSVUSDT,SELL,LIMIT,1701175930186,3.10,24.011555
SSVUSDT,SELL,LIMIT,1701175933213,1.00,23.974888
SSVUSDT,SELL,LIMIT,1701175989231,6.81,23.923256
SSVUSDT,SELL,LIMIT,1701176160158,38.43,23.991015
SSVUSDT,SELL,LIMIT,1701176300518,2.02,23.907033
SSVUSDT,SELL,LIMIT,1701176301586,3.66,23.888523
SSVUSDT,SELL,LIMIT,1701176303323,24.68,23.881577
SSVUSDT,SELL,LIMIT,1701176304940,9.50,23.866823
SSVUSDT,SELL,LIMIT,1701176306627,1.68,23.848790
SSVUSDT,SELL,LIMIT,1701176309784,463.73,23.728865
SSVUSDT,SELL,LIMIT,1701176311325,19.80,23.767561
SSVUSDT,SELL,LIMIT,1701176312916,3.91,23.760283
SSVUSDT,SELL,LIMIT,1701176314279,3.55,23.746403
SSVUSDT,SELL,LIMIT,1701176330169,15.79,23.707369
SSVUSDT,SELL,LIMIT,1701176331747,9.31,23.670133
SSVUSDT,SELL,LIMIT,1701176397315,17.99,23.641475
SSVUSDT,SELL,LIMIT,1701176405917,0.43,23.545906
SSVUSDT,SELL,LIMIT,1701176486290,4.22,23.531876
