Symbol,Side,Order Type,Time,Quantity,Price
SSVUSDT,BUY,LIMIT,1700995597332,11.15,23.853931
SSVUSDT,SELL,LIMIT,1701001385512,0.41,22.500271
SSVUSDT,SELL,LIMIT,1701001502803,0.41,22.426158
SSVUSDT,SELL,LIMIT,1701001504535,49.33,22.391501
SSVUSDT,BUY,LIMIT,1701004674015,15.23,23.715000
SSVUSDT,SELL,LIMIT,1701006127609,0.51,22.687001
SSVUSDT,SELL,LIMIT,1701008239052,109.73,22.300394
SSVUSDT,SELL,LIMIT,1701008241406,0.92,22.264088
SSVUSDT,SELL,LIMIT,1701008243679,5.31,22.225195
SSVUSDT,SELL,LIMIT,1701008246528,70.32,22.190794
SSVUSDT,SELL,LIMIT,1701008323225,0.65,22.198856
SSVUSDT,SELL,LIMIT,1701008407250,60.00,22.139661
SSVUSDT,SELL,LIMIT,1701008442580,0.30,22.206379
SSVUSDT,BUY,LIMIT,1701013134118,1.18,23.373544
SSVUSDT,BUY,LIMIT,1701013808005,4.37,22.704013
SSVUSDT,SELL,LIMIT,1701013985341,2.15,22.199426
SSVUSDT,SELL,LIMIT,1701013991620,1.70,22.197001
SSVUSDT,SELL,LIMIT,1701014411197,93.97,22.197001
SSVUSDT,BUY,LIMIT,1701014923098,235.22,23.183253
SSVUSDT,SELL,LIMIT,1701015161220,94.46,22.177401
SSVUSDT,SELL,LIMIT,1701015240559,0.78,22.020137
SSVUSDT,SELL,LIMIT,1701015644389,6.67,22.030401
SSVUSDT,SELL,LIMIT,1701015672153,7.62,21.934904
SSVUSDT,SELL,LIMIT,1701015684297,4.28,21.911505
SSVUSDT,SELL,LIMIT,1701015730030,226.41,21.932381
SSVUSDT,SELL,LIMIT,1701015876146,4.70,21.817833
SSVUSDT,SELL,LIMIT,1701016022496,16.66,21.751700
SSVUSDT,SELL,LIMIT,1701016023594,80.00,21.748324
SSVUSDT,SELL,LIMIT,1701016028836,65.58,21.729194
SSVUSDT,SELL,LIMIT,1701016030779,5.78,21.869770
SSVUSDT,SELL,LIMIT,1701016048260,1.12,21.761749
SSVUSDT,SELL,LIMIT,1701016051419,539.99,21.554052
SSVUSDT,SELL,LIMIT,1701016100060,7.14,21.612383
SSVUSDT,SELL,LIMIT,1701016101451,6.11,21.597306
SSVUSDT,BUY,LIMIT,1701019683967,0.31,23.785516
SSVUSDT,BUY,LIMIT,1701019757650,0.35,23.841973
SSVUSDT,BUY,LIMIT,1701019761248,3.52,23.864986
SSVUSDT,BUY,LIMIT,1701019783495,8.84,23.910321
SSVUSDT,SELL,LIMIT,1701021768395,0.23,27.740048
SSVUSDT,SELL,LIMIT,1701033859115,0.42,22.187171
SSVUSDT,SELL,LIMIT,1701040013058,0.88,22.088920
SSVUSDT,SELL,LIMIT,1701040014298,3.45,22.011501
SSVUSDT,SELL,LIMIT,1701047891466,0.33,21.954312
SSVUSDT,SELL,LIMIT,1701049293876,0.96,21.582107
SSVUSDT,SELL,LIMIT,1701049434974,3.02,21.550001
SSVUSDT,SELL,LIMIT,1701049505216,11.00,21.493336
SSVUSDT,SELL,LIMIT,1701054391184,1.35,21.716801
SSVUSDT,BUY,LIMIT,1701055038747,13.15,22.659057
SSVUSDT,SELL,LIMIT,1701055287680,50.00,21.722322
SSVUSDT,SELL,LIMIT,1701056088356,10.17,21.406434
SSVUSDT,SELL,LIMIT,1701056153672,0.49,21.364001
SSVUSDT,SELL,LIMIT,1701056155405,0.50,21.354201
SSVUSDT,BUY,LIMIT,1701058283363,0.25,23.078560
SSVUSDT,BUY,LIMIT,1701062615358,0.83,23.931702
