Symbol,Side,Order Type,Time,Quantity,Price
STEEMUSDT,SELL,LIMIT,1701941107291,164,0.247787
STEEMUSDT,SELL,LIMIT,1701941154650,33624,0.246384
STEEMUSDT,SELL,LIMIT,1701941193307,725,0.246614
STEEMUSDT,SELL,LIMIT,1701941245143,864,0.246281
STEEMUSDT,BUY,LIMIT,1701953976590,1,0.258825
STEEMUSDT,SELL,LIMIT,1701963951264,1376,0.262449
STEEMUSDT,BUY,LIMIT,1701966599299,100,0.265827
STEEMUSDT,BUY,LIMIT,1701966643900,14717,0.267021
STEEMUSDT,SELL,LIMIT,1701974759806,5759,0.254131
STEEMUSDT,SELL,LIMIT,1701989992319,476,0.256952
STEEMUSDT,SELL,LIMIT,1701994847869,826,0.259160
STEEMUSDT,BUY,LIMIT,1702004079507,3137,0.267747
STEEMUSDT,SELL,LIMIT,1702006894557,5275,0.263784
STEEMUSDT,SELL,LIMIT,1702011875455,324,0.263423
STEEMUSDT,SELL,LIMIT,1702016236877,179,0.263021
STEEMUSDT,SELL,LIMIT,1702022795777,4072,0.261249
STEEMUSDT,SELL,LIMIT,1702029662058,2991,0.263993
STEEMUSDT,SELL,LIMIT,1702040521369,23,0.261955
STEEMUSDT,SELL,LIMIT,1702052842387,1611,0.264683
STEEMUSDT,SELL,LIMIT,1702055269174,143,0.263470
STEEMUSDT,SELL,LIMIT,1702075501146,2703,0.266068
STEEMUSDT,SELL,LIMIT,1702084201226,380,0.264825
STEEMUSDT,BUY,LIMIT,1702109244833,1185,0.278719
STEEMUSDT,SELL,LIMIT,1702109723138,247,0.274437
STEEMUSDT,SELL,LIMIT,1702110968176,916,0.267604
STEEMUSDT,SELL,LIMIT,1702110980628,9327,0.267121
STEEMUSDT,SELL,LIMIT,1702111384700,33,0.263572
STEEMUSDT,SELL,LIMIT,1702111390952,12916,0.261392
STEEMUSDT,SELL,LIMIT,1702141203303,594,0.264625
STEEMUSDT,BUY,LIMIT,1702160913211,197,0.275265
STEEMUSDT,SELL,LIMIT,1702164803168,73,0.265473
STEEMUSDT,SELL,LIMIT,1702164811420,3740,0.265227
STEEMUSDT,BUY,LIMIT,1702175345205,1322,0.284373
STEEMUSDT,SELL,LIMIT,1702176009181,1791,0.278663
STEEMUSDT,SELL,LIMIT,1702191764254,18106,0.268389
STEEMUSDT,SELL,LIMIT,1702192629483,78,0.267694
STEEMUSDT,SELL,LIMIT,1702200452305,4301,0.266205
STEEMUSDT,SELL,LIMIT,1702201440294,4191,0.264278
STEEMUSDT,SELL,LIMIT,1702201487403,7195,0.263865
STEEMUSDT,SELL,LIMIT,1702201598848,10254,0.263418
STEEMUSDT,SELL,LIMIT,1702202084283,7588,0.261930
STEEMUSDT,SELL,LIMIT,1702202151341,15000,0.262052
STEEMUSDT,SELL,LIMIT,1702202253652,3629,0.261714
STEEMUSDT,SELL,LIMIT,1702202275662,1810,0.261099
STEEMUSDT,SELL,LIMIT,1702202290269,647,0.260730
STEEMUSDT,SELL,LIMIT,1702202372168,296,0.259984
STEEMUSDT,SELL,LIMIT,1702202374082,11201,0.259909
STEEMUSDT,SELL,LIMIT,1702202380453,352,0.259745
STEEMUSDT,SELL,LIMIT,1702202406226,61852,0.258111
STEEMUSDT,SELL,LIMIT,1702214873951,224,0.264821
STEEMUSDT,SELL,LIMIT,1702228847455,308,0.271528
STEEMUSDT,BUY,LIMIT,1702229847008,19,0.278823
STEEMUSDT,SELL,LIMIT,1702231604679,1447,0.270279
STEEMUSDT,SELL,LIMIT,1702239823747,100,0.270755
STEEMUSDT,SELL,LIMIT,1702256439313,140,0.266765
STEEMUSDT,SELL,LIMIT,1702256505481,19,0.266434
STEEMUSDT,SELL,LIMIT,1702256610824,9563,0.265761
STEEMUSDT,SELL,LIMIT,1702256620301,361,0.265576
STEEMUSDT,SELL,LIMIT,1702256834779,37417,0.263224
STEEMUSDT,SELL,LIMIT,1702256836283,4605,0.264525
STEEMUSDT,SELL,LIMIT,1702260183409,9227,0.265267
STEEMUSDT,SELL,LIMIT,1702260323667,3495,0.264047
STEEMUSDT,SELL,LIMIT,1702260437431,14720,0.262653
STEEMUSDT,BUY,LIMIT,1702260628389,370,0.269816
STEEMUSDT,SELL,LIMIT,1702260709201,6203,0.259832
STEEMUSDT,SELL,LIMIT,1702260710288,22,0.259449
STEEMUSDT,SELL,LIMIT,1702260712787,7267,0.259783
STEEMUSDT,SELL,LIMIT,1702260714655,1845,0.258675
STEEMUSDT,SELL,LIMIT,1702260717718,13374,0.258544
STEEMUSDT,SELL,LIMIT,1702260719972,270,0.258422
STEEMUSDT,SELL,LIMIT,1702260722386,54,0.257806
STEEMUSDT,SELL,LIMIT,1702260724638,800,0.257696
STEEMUSDT,SELL,LIMIT,1702260726149,1657,0.256972
STEEMUSDT,SELL,LIMIT,1702260730224,3669,0.256593
STEEMUSDT,SELL,LIMIT,1702260731783,438,0.260510
STEEMUSDT,SELL,LIMIT,1702260741625,2300,0.256348
STEEMUSDT,SELL,LIMIT,1702260745635,100,0.254960
STEEMUSDT,SELL,LIMIT,1702260746777,1085,0.254943
STEEMUSDT,SELL,LIMIT,1702260748612,2188,0.254129
STEEMUSDT,SELL,LIMIT,1702260751165,36,0.254014
STEEMUSDT,SELL,LIMIT,1702260752824,72,0.253873
STEEMUSDT,SELL,LIMIT,1702260754145,3535,0.253069
STEEMUSDT,SELL,LIMIT,1702260755650,200,0.252653
STEEMUSDT,SELL,LIMIT,1702260758072,1083,0.251494
STEEMUSDT,SELL,LIMIT,1702260759114,899,0.252217
STEEMUSDT,SELL,LIMIT,1702260760543,207039,0.245939
STEEMUSDT,SELL,LIMIT,1702260761710,20,1.130440
STEEMUSDT,SELL,LIMIT,1702260762862,108,0.250684
STEEMUSDT,SELL,LIMIT,1702260763875,5452,0.249626
STEEMUSDT,SELL,LIMIT,1702260765366,3202,0.249477
STEEMUSDT,SELL,LIMIT,1702260766709,890,0.253466
STEEMUSDT,SELL,LIMIT,1702260768233,14271,0.248340
STEEMUSDT,SELL,LIMIT,1702260769569,146,0.246125
STEEMUSDT,SELL,LIMIT,1702260771930,30,0.245695
STEEMUSDT,SELL,LIMIT,1702260773365,5,0.245708
STEEMUSDT,SELL,LIMIT,1702260774413,3720,0.245377
STEEMUSDT,SELL,LIMIT,1702260775492,77,0.244803
STEEMUSDT,SELL,LIMIT,1702260776948,1258,0.244628
STEEMUSDT,SELL,LIMIT,1702260778273,16884,0.242768
STEEMUSDT,SELL,LIMIT,1702260782621,1765,0.243296
STEEMUSDT,SELL,LIMIT,1702260783837,161,0.243483
STEEMUSDT,SELL,LIMIT,1702260784871,4839,0.244023
STEEMUSDT,SELL,LIMIT,1702260787828,856,0.244656
STEEMUSDT,SELL,LIMIT,1702260788874,819,0.244241
STEEMUSDT,SELL,LIMIT,1702260789962,187,0.244191
STEEMUSDT,SELL,LIMIT,1702260791155,44645,0.241839
STEEMUSDT,SELL,LIMIT,1702260793561,6193,0.243030
STEEMUSDT,SELL,LIMIT,1702260794592,551,0.242992
STEEMUSDT,SELL,LIMIT,1702260795885,3711,0.242465
STEEMUSDT,SELL,LIMIT,1702260796907,2031,0.253309
STEEMUSDT,SELL,LIMIT,1702260798200,4619,0.242079
STEEMUSDT,SELL,LIMIT,1702260799544,35,0.241559
STEEMUSDT,SELL,LIMIT,1702260800579,65749,0.238774
STEEMUSDT,SELL,LIMIT,1702260801673,1522,0.246020
STEEMUSDT,SELL,LIMIT,1702260803620,20337,0.238765
STEEMUSDT,SELL,LIMIT,1702260804830,545,0.238703
STEEMUSDT,SELL,LIMIT,1702260805867,728,0.237432
STEEMUSDT,SELL,LIMIT,1702260807398,11686,0.236785
STEEMUSDT,SELL,LIMIT,1702260808509,1940,0.233719
STEEMUSDT,SELL,LIMIT,1702260809536,95,0.236468
STEEMUSDT,SELL,LIMIT,1702260810577,3685,0.233486
STEEMUSDT,SELL,LIMIT,1702260811640,245,0.234952
STEEMUSDT,SELL,LIMIT,1702260813254,11470,0.233451
STEEMUSDT,SELL,LIMIT,1702260815520,3645,0.237249
STEEMUSDT,SELL,LIMIT,1702260818450,138,0.238423
STEEMUSDT,BUY,LIMIT,1702263155208,96,0.256520
