Symbol,Side,Order Type,Time,Quantity,Price
STGUSDT,SELL,LIMIT,1701940528606,46,0.5366045
STGUSDT,SELL,LIMIT,1701941025123,1778,0.5341568
STGUSDT,SELL,LIMIT,1701941043329,712,0.5338216
STGUSDT,SELL,LIMIT,1701941044601,43,0.5337307
STGUSDT,SELL,LIMIT,1701941076152,1300,0.5333091
STGUSDT,SELL,LIMIT,1701941078862,11,0.5333119
STGUSDT,SELL,LIMIT,1701941108163,2177,0.5330892
STGUSDT,SELL,LIMIT,1701941149267,163,0.5327436
STGUSDT,SELL,LIMIT,1701941152556,255,0.5324846
STGUSDT,SELL,LIMIT,1701941157348,142,0.5321473
STGUSDT,SELL,LIMIT,1701941162016,16,0.5317944
STGUSDT,SELL,LIMIT,1701941170055,423,0.5311074
STGUSDT,SELL,LIMIT,1701941184124,444,0.5303007
STGUSDT,SELL,LIMIT,1701941186162,399,0.5294516
STGUSDT,SELL,LIMIT,1701941189257,938,0.5290227
STGUSDT,SELL,LIMIT,1701941192614,223,0.5284535
STGUSDT,SELL,LIMIT,1701941225670,200,0.5295298
STGUSDT,SELL,LIMIT,1701941247937,133,0.5287177
STGUSDT,SELL,LIMIT,1701941256313,119,0.5284349
STGUSDT,BUY,LIMIT,1701941380460,798,0.5532601
STGUSDT,BUY,LIMIT,1701981820337,449,0.5834488
STGUSDT,BUY,LIMIT,1701981871894,16606,0.6007306
STGUSDT,SELL,LIMIT,1701982218794,15,0.5674454
STGUSDT,BUY,LIMIT,1701982354633,340,0.6061120
STGUSDT,BUY,LIMIT,1701982358130,514,0.6068340
STGUSDT,BUY,LIMIT,1701982710868,21,0.6083608
STGUSDT,BUY,LIMIT,1701982924997,29,0.6149534
STGUSDT,BUY,LIMIT,1701982930148,35,0.6168565
STGUSDT,BUY,LIMIT,1701982940128,1986,0.6189349
STGUSDT,BUY,LIMIT,1701982951200,696,0.6266073
STGUSDT,BUY,LIMIT,1701982991985,8,0.6300978
STGUSDT,BUY,LIMIT,1701982993761,8380,0.6319285
STGUSDT,BUY,LIMIT,1701983005450,421,0.6342780
STGUSDT,BUY,LIMIT,1701983042699,17,0.6356704
STGUSDT,BUY,LIMIT,1701983214133,616,0.6402532
STGUSDT,SELL,LIMIT,1701983797815,3124,0.6023101
STGUSDT,BUY,LIMIT,1701984617972,140,0.6390750
STGUSDT,BUY,LIMIT,1701984780364,155,0.6422374
STGUSDT,BUY,LIMIT,1701984781509,720,0.6424181
STGUSDT,BUY,LIMIT,1701984782925,168,0.6451425
STGUSDT,BUY,LIMIT,1701984849608,1952,0.6463083
STGUSDT,BUY,LIMIT,1701984851654,1940,0.6464446
STGUSDT,BUY,LIMIT,1701984974662,14,0.6470388
STGUSDT,BUY,LIMIT,1701984977377,2903,0.6476271
STGUSDT,BUY,LIMIT,1701985034928,1106,0.6479385
STGUSDT,BUY,LIMIT,1701985054002,189,0.6485498
STGUSDT,BUY,LIMIT,1701985105171,1851,0.6503306
STGUSDT,BUY,LIMIT,1701985128378,28,0.6522642
STGUSDT,SELL,LIMIT,1701985672326,1955,0.6099349
STGUSDT,SELL,LIMIT,1701985674152,10617,0.6078555
STGUSDT,SELL,LIMIT,1701985675984,57,0.6083220
STGUSDT,SELL,LIMIT,1701985717471,3196,0.6078543
STGUSDT,SELL,LIMIT,1701985719087,17,0.6063780
STGUSDT,SELL,LIMIT,1701985919131,187,0.6039932
STGUSDT,SELL,LIMIT,1701985920843,468,0.6033771
STGUSDT,SELL,LIMIT,1701985937505,43,0.6031774
STGUSDT,SELL,LIMIT,1701985940976,450,0.6026687
STGUSDT,SELL,LIMIT,1701985988801,48,0.6016768
STGUSDT,SELL,LIMIT,1701986004380,632,0.6006216
STGUSDT,SELL,LIMIT,1701986061068,19,0.5978233
STGUSDT,SELL,LIMIT,1701986327659,143,0.5956576
STGUSDT,SELL,LIMIT,1701986415751,157,0.5946830
STGUSDT,SELL,LIMIT,1701986418463,53,0.5932295
STGUSDT,SELL,LIMIT,1701987641425,1994,0.5925042
STGUSDT,SELL,LIMIT,1701988196053,1792,0.5912075
STGUSDT,SELL,LIMIT,1701988197188,19,0.5886200
STGUSDT,SELL,LIMIT,1701988453490,37,0.5850754
STGUSDT,SELL,LIMIT,1701988459916,19,0.5840656
STGUSDT,SELL,LIMIT,1701989849079,1933,0.5779047
STGUSDT,SELL,LIMIT,1701989850143,250,0.5763095
STGUSDT,SELL,LIMIT,1701989851144,22,0.5755017
STGUSDT,SELL,LIMIT,1701991036468,50,0.5796342
STGUSDT,SELL,LIMIT,1701991571068,297,0.5794544
STGUSDT,SELL,LIMIT,1701996888272,36,0.5741105
STGUSDT,SELL,LIMIT,1701996898070,2500,0.5722336
STGUSDT,SELL,LIMIT,1701997434052,330,0.5702244
STGUSDT,SELL,LIMIT,1701997507171,391,0.5689788
STGUSDT,SELL,LIMIT,1701997509853,54,0.5684599
STGUSDT,SELL,LIMIT,1701997512384,1827,0.5682396
STGUSDT,SELL,LIMIT,1701997750126,184,0.5669229
STGUSDT,SELL,LIMIT,1701997764072,60,0.5659529
STGUSDT,SELL,LIMIT,1701997765098,365,0.5623241
STGUSDT,SELL,LIMIT,1701999813347,1024,0.5609105
STGUSDT,SELL,LIMIT,1701999816749,275,0.5606874
STGUSDT,SELL,LIMIT,1701999826457,3190,0.5607287
STGUSDT,SELL,LIMIT,1701999827615,318,0.5606297
STGUSDT,SELL,LIMIT,1702001025139,520,0.5689666
STGUSDT,SELL,LIMIT,1702002650078,3203,0.5679761
STGUSDT,SELL,LIMIT,1702002741052,199,0.5621139
STGUSDT,SELL,LIMIT,1702003326903,204,0.5610501
STGUSDT,SELL,LIMIT,1702003358402,406,0.5600199
STGUSDT,BUY,LIMIT,1702007154541,49,0.5880300
STGUSDT,SELL,LIMIT,1702020192204,1007,0.5592551
STGUSDT,SELL,LIMIT,1702020224214,1152,0.5583370
STGUSDT,SELL,LIMIT,1702020540367,265,0.5573517
STGUSDT,SELL,LIMIT,1702020543184,46,0.5573360
STGUSDT,SELL,LIMIT,1702020638224,402,0.5559797
STGUSDT,SELL,LIMIT,1702026617027,705,0.5533131
STGUSDT,SELL,LIMIT,1702026729114,12864,0.5510074
STGUSDT,SELL,LIMIT,1702026734243,51,0.5516247
STGUSDT,SELL,LIMIT,1702029723854,8683,0.5524709
STGUSDT,SELL,LIMIT,1702042240102,12,0.5505020
STGUSDT,SELL,LIMIT,1702042241235,4998,0.5512408
STGUSDT,SELL,LIMIT,1702042243772,18,0.5499527
STGUSDT,SELL,LIMIT,1702042247049,404,0.5496567
STGUSDT,SELL,LIMIT,1702042372409,41,0.5496174
STGUSDT,SELL,LIMIT,1702043842530,446,0.5489899
STGUSDT,SELL,LIMIT,1702043843600,3145,0.5483979
STGUSDT,SELL,LIMIT,1702049471981,125,0.5538961
STGUSDT,SELL,LIMIT,1702056454075,243,0.5500961
STGUSDT,SELL,LIMIT,1702069749120,133,0.5502475
STGUSDT,SELL,LIMIT,1702078513333,45,0.5554473
STGUSDT,BUY,LIMIT,1702080520567,889,0.5805365
STGUSDT,BUY,LIMIT,1702082106889,212,0.5878153
STGUSDT,BUY,LIMIT,1702082896110,18,0.5892992
STGUSDT,SELL,LIMIT,1702083892090,4417,0.5614780
STGUSDT,BUY,LIMIT,1702109155278,32,0.5974928
STGUSDT,BUY,LIMIT,1702109897957,3013,0.5987411
STGUSDT,BUY,LIMIT,1702110068345,117,0.5983396
STGUSDT,SELL,LIMIT,1702110974215,290,0.5625650
STGUSDT,SELL,LIMIT,1702110979402,5332,0.5616275
STGUSDT,SELL,LIMIT,1702110980917,157,0.5612370
STGUSDT,SELL,LIMIT,1702110982526,1510,0.5611089
STGUSDT,SELL,LIMIT,1702110994581,736,0.5604977
STGUSDT,SELL,LIMIT,1702111030557,108,0.5593794
STGUSDT,SELL,LIMIT,1702111042635,51,0.5574526
STGUSDT,SELL,LIMIT,1702111043824,23,0.5569836
STGUSDT,SELL,LIMIT,1702111045173,2490,0.5561618
STGUSDT,SELL,LIMIT,1702111373387,733,0.5577446
STGUSDT,SELL,LIMIT,1702111381031,1749,0.5565547
STGUSDT,SELL,LIMIT,1702111383004,1030,0.5566863
STGUSDT,SELL,LIMIT,1702111385031,439,0.5563397
STGUSDT,SELL,LIMIT,1702111387042,1658,0.5558106
STGUSDT,SELL,LIMIT,1702111388910,677,0.5554624
STGUSDT,SELL,LIMIT,1702111390856,465,0.5537779
STGUSDT,SELL,LIMIT,1702132993204,1249,0.5602661
STGUSDT,SELL,LIMIT,1702132994374,31,0.5601681
STGUSDT,SELL,LIMIT,1702133004427,68,0.5577583
STGUSDT,SELL,LIMIT,1702133005924,470,0.5579302
STGUSDT,SELL,LIMIT,1702133007108,372,0.5575513
STGUSDT,SELL,LIMIT,1702133394513,746,0.5571119
STGUSDT,SELL,LIMIT,1702136750507,71,0.5631873
STGUSDT,BUY,LIMIT,1702138579172,96,0.5858636
STGUSDT,SELL,LIMIT,1702139286226,306,0.5564682
STGUSDT,SELL,LIMIT,1702139292502,263,0.5563231
STGUSDT,SELL,LIMIT,1702141564518,9,0.5591559
STGUSDT,SELL,LIMIT,1702141699390,10,0.5560362
STGUSDT,SELL,LIMIT,1702141704432,371,0.5559292
STGUSDT,SELL,LIMIT,1702141847729,4437,0.5538020
STGUSDT,SELL,LIMIT,1702141849277,43,0.5532404
STGUSDT,SELL,LIMIT,1702141852321,51,0.5527246
STGUSDT,SELL,LIMIT,1702142023171,128,0.5524506
STGUSDT,SELL,LIMIT,1702148396168,42,0.5576123
STGUSDT,SELL,LIMIT,1702153645431,35,0.5540415
STGUSDT,SELL,LIMIT,1702156360112,180,0.5501433
STGUSDT,SELL,LIMIT,1702156366305,35,0.5497900
STGUSDT,SELL,LIMIT,1702162131146,152,0.5561063
STGUSDT,SELL,LIMIT,1702164210224,9,0.5488227
STGUSDT,SELL,LIMIT,1702164212424,2572,0.5479616
STGUSDT,SELL,LIMIT,1702164297187,68,0.5473020
STGUSDT,SELL,LIMIT,1702164402240,26,0.5470334
STGUSDT,SELL,LIMIT,1702164403542,3304,0.5470385
STGUSDT,SELL,LIMIT,1702164406416,259,0.5470086
STGUSDT,SELL,LIMIT,1702164540595,18679,0.5448772
STGUSDT,SELL,LIMIT,1702164543738,3525,0.5455265
STGUSDT,SELL,LIMIT,1702164545656,9,0.5448894
STGUSDT,SELL,LIMIT,1702164546887,1085,0.5448267
STGUSDT,SELL,LIMIT,1702164548292,1262,0.5446148
STGUSDT,SELL,LIMIT,1702164550079,459,0.5443131
STGUSDT,SELL,LIMIT,1702164551119,4548,0.5444625
STGUSDT,SELL,LIMIT,1702164574238,1589,0.5448278
STGUSDT,SELL,LIMIT,1702164579525,865,0.5448139
STGUSDT,SELL,LIMIT,1702164688413,346,0.5439132
STGUSDT,SELL,LIMIT,1702164745179,1041,0.5437041
STGUSDT,SELL,LIMIT,1702164746384,34,0.5437844
STGUSDT,SELL,LIMIT,1702164747501,456,0.5435356
STGUSDT,SELL,LIMIT,1702164750114,34,0.5429201
STGUSDT,SELL,LIMIT,1702164751480,522,0.5428432
STGUSDT,SELL,LIMIT,1702164752570,5028,0.5427424
STGUSDT,SELL,LIMIT,1702164758321,85,0.5434451
STGUSDT,SELL,LIMIT,1702164772116,261,0.5432588
STGUSDT,SELL,LIMIT,1702164783185,512,0.5423284
STGUSDT,SELL,LIMIT,1702164790351,1064,0.5419800
STGUSDT,SELL,LIMIT,1702164795534,46,0.5413052
STGUSDT,SELL,LIMIT,1702164798524,509,0.5413302
STGUSDT,SELL,LIMIT,1702164800803,2659,0.5409557
STGUSDT,SELL,LIMIT,1702164802485,218,0.5407283
STGUSDT,SELL,LIMIT,1702164803778,1106,0.5408172
STGUSDT,SELL,LIMIT,1702164808327,4322,0.5402426
STGUSDT,SELL,LIMIT,1702164809455,259,0.5401107
STGUSDT,SELL,LIMIT,1702164811286,1979,0.5400326
STGUSDT,SELL,LIMIT,1702177021290,100,0.5512928
STGUSDT,SELL,LIMIT,1702197093597,2159,0.5449136
STGUSDT,SELL,LIMIT,1702200731318,67,0.5441752
STGUSDT,SELL,LIMIT,1702200744815,15,0.5436937
STGUSDT,SELL,LIMIT,1702201441076,1952,0.5408060
STGUSDT,SELL,LIMIT,1702202075587,4656,0.5400585
STGUSDT,SELL,LIMIT,1702202082460,774,0.5399968
STGUSDT,SELL,LIMIT,1702202158284,34,0.5397672
STGUSDT,SELL,LIMIT,1702202160087,3156,0.5397910
STGUSDT,SELL,LIMIT,1702202176281,9,0.5390763
STGUSDT,SELL,LIMIT,1702202178464,244,0.5377738
STGUSDT,SELL,LIMIT,1702202179570,242,0.5379051
STGUSDT,SELL,LIMIT,1702202263234,232,0.5373708
STGUSDT,SELL,LIMIT,1702202272216,178,0.5370182
STGUSDT,SELL,LIMIT,1702202291115,1000,0.5367664
STGUSDT,SELL,LIMIT,1702202296981,283,0.5401472
STGUSDT,SELL,LIMIT,1702202298159,12,0.5367266
STGUSDT,SELL,LIMIT,1702202318310,314,0.5366772
STGUSDT,SELL,LIMIT,1702202321980,1043,0.5364199
STGUSDT,SELL,LIMIT,1702202323568,12,0.5361422
STGUSDT,SELL,LIMIT,1702202363176,2232,0.5359801
STGUSDT,SELL,LIMIT,1702202365337,58,0.5354046
STGUSDT,SELL,LIMIT,1702202374503,1347,0.5350196
STGUSDT,SELL,LIMIT,1702202379361,14,0.5351144
STGUSDT,SELL,LIMIT,1702202380362,12,0.5347861
STGUSDT,SELL,LIMIT,1702202384926,783,0.5345608
STGUSDT,SELL,LIMIT,1702202404071,558,0.5341971
STGUSDT,SELL,LIMIT,1702202405567,1038,0.5340484
STGUSDT,SELL,LIMIT,1702202406828,366,0.5337081
STGUSDT,SELL,LIMIT,1702239869782,7000,0.5499531
STGUSDT,SELL,LIMIT,1702241182471,1,0.5512501
STGUSDT,SELL,LIMIT,1702250299092,31,0.5469577
STGUSDT,SELL,LIMIT,1702256615082,3664,0.5473132
STGUSDT,SELL,LIMIT,1702256915671,13062,0.5420448
STGUSDT,SELL,LIMIT,1702256917412,201,0.5422652
STGUSDT,SELL,LIMIT,1702256921156,551,0.5420381
STGUSDT,SELL,LIMIT,1702256996283,2658,0.5418410
STGUSDT,SELL,LIMIT,1702259540419,1306,0.5482121
STGUSDT,SELL,LIMIT,1702260434748,3542,0.5414749
STGUSDT,SELL,LIMIT,1702260437204,195,0.5491266
STGUSDT,SELL,LIMIT,1702260439933,44,0.5408621
STGUSDT,SELL,LIMIT,1702260443371,1787,0.5407857
STGUSDT,SELL,LIMIT,1702260628400,500,0.5401812
STGUSDT,SELL,LIMIT,1702260630800,195,0.5401415
STGUSDT,SELL,LIMIT,1702260632328,320,0.5420092
STGUSDT,SELL,LIMIT,1702260633530,204,0.5402315
STGUSDT,SELL,LIMIT,1702260634949,1071,0.5389944
STGUSDT,SELL,LIMIT,1702260657626,8987,0.5386904
STGUSDT,SELL,LIMIT,1702260664758,145,0.5376114
STGUSDT,SELL,LIMIT,1702260667544,647,0.5369179
STGUSDT,SELL,LIMIT,1702260684600,292,0.5358147
STGUSDT,SELL,LIMIT,1702260690400,195,0.5355068
STGUSDT,SELL,LIMIT,1702260693638,884,0.5349737
STGUSDT,SELL,LIMIT,1702260695171,38,0.5352112
STGUSDT,SELL,LIMIT,1702260698081,3159,0.5356903
STGUSDT,SELL,LIMIT,1702260699262,892,0.5346921
STGUSDT,SELL,LIMIT,1702260702461,47,0.5343344
STGUSDT,SELL,LIMIT,1702260704906,63,0.5346693
STGUSDT,SELL,LIMIT,1702260706019,57,0.5348371
STGUSDT,SELL,LIMIT,1702260707213,233,0.5338124
STGUSDT,SELL,LIMIT,1702260708564,175,0.5334536
STGUSDT,SELL,LIMIT,1702260709575,1707,0.5331828
STGUSDT,SELL,LIMIT,1702260711326,2071,0.5320754
STGUSDT,SELL,LIMIT,1702260712391,2289,0.5327965
STGUSDT,SELL,LIMIT,1702260713506,362,0.5312564
STGUSDT,SELL,LIMIT,1702260714774,1734,0.5306996
STGUSDT,SELL,LIMIT,1702260715825,6020,0.5306655
STGUSDT,SELL,LIMIT,1702260717561,5396,0.5306455
STGUSDT,SELL,LIMIT,1702260719342,9,0.5294825
STGUSDT,SELL,LIMIT,1702260720360,8898,0.5310815
STGUSDT,SELL,LIMIT,1702260722468,156,0.5271448
STGUSDT,SELL,LIMIT,1702260725036,903,0.5291293
STGUSDT,SELL,LIMIT,1702260726284,2969,0.5272713
STGUSDT,SELL,LIMIT,1702260727473,239,0.5252423
STGUSDT,SELL,LIMIT,1702260728642,375,0.5261091
STGUSDT,SELL,LIMIT,1702260729644,181,0.5293839
STGUSDT,SELL,LIMIT,1702260730700,459,0.5218583
STGUSDT,SELL,LIMIT,1702260731721,2696,0.5227788
STGUSDT,SELL,LIMIT,1702260732912,326,0.5222120
STGUSDT,SELL,LIMIT,1702260733913,427,0.5209457
STGUSDT,SELL,LIMIT,1702260735039,223,0.5201789
STGUSDT,SELL,LIMIT,1702260738480,4851,0.5257450
STGUSDT,SELL,LIMIT,1702260739737,68,0.5197432
STGUSDT,SELL,LIMIT,1702260741600,1500,0.5179307
STGUSDT,SELL,LIMIT,1702260742838,641,0.5187724
STGUSDT,SELL,LIMIT,1702260744045,25560,0.5171037
STGUSDT,SELL,LIMIT,1702260745195,18981,0.5166324
STGUSDT,SELL,LIMIT,1702260746421,1615,0.5192500
STGUSDT,SELL,LIMIT,1702260747700,7044,0.5185549
STGUSDT,SELL,LIMIT,1702260749804,12,0.5405334
STGUSDT,SELL,LIMIT,1702260751719,1521,0.5471308
STGUSDT,SELL,LIMIT,1702260752754,1166,0.5185627
STGUSDT,SELL,LIMIT,1702260753909,1281,0.5173620
STGUSDT,SELL,LIMIT,1702260754911,1233,0.5158216
STGUSDT,SELL,LIMIT,1702260755948,864,0.5162469
STGUSDT,SELL,LIMIT,1702260757228,11232,0.5122554
STGUSDT,SELL,LIMIT,1702260758736,17,0.5164094
STGUSDT,SELL,LIMIT,1702260759796,630,0.5105495
STGUSDT,SELL,LIMIT,1702260760844,6970,0.5138705
STGUSDT,SELL,LIMIT,1702260762596,19,0.5133625
STGUSDT,SELL,LIMIT,1702260763643,259,0.5132708
STGUSDT,SELL,LIMIT,1702260764709,7989,0.5123377
STGUSDT,SELL,LIMIT,1702260765714,1801,0.5108632
STGUSDT,SELL,LIMIT,1702260766681,447,0.5099152
STGUSDT,SELL,LIMIT,1702260767882,19,0.5094045
STGUSDT,SELL,LIMIT,1702260768951,206,0.5089249
STGUSDT,SELL,LIMIT,1702260770265,651,0.5091162
STGUSDT,SELL,LIMIT,1702260771612,8692,0.5081128
STGUSDT,SELL,LIMIT,1702260772621,20784,0.5065933
STGUSDT,SELL,LIMIT,1702260773665,27,0.5069788
STGUSDT,SELL,LIMIT,1702260774674,48113,0.5057313
STGUSDT,SELL,LIMIT,1702260775770,1597,0.5063546
STGUSDT,SELL,LIMIT,1702260776824,545,0.5063546
STGUSDT,SELL,LIMIT,1702260777904,337,0.5064274
STGUSDT,SELL,LIMIT,1702260778970,89,0.5058951
STGUSDT,SELL,LIMIT,1702260779974,183,0.5147142
STGUSDT,SELL,LIMIT,1702260781441,1083,0.5056167
STGUSDT,SELL,LIMIT,1702260782469,359,0.5146472
STGUSDT,SELL,LIMIT,1702260783440,5088,0.5053466
STGUSDT,SELL,LIMIT,1702260784561,8238,0.5047619
STGUSDT,SELL,LIMIT,1702260785750,26642,0.5037096
STGUSDT,SELL,LIMIT,1702260786771,552,0.5070672
STGUSDT,SELL,LIMIT,1702260787777,873,0.5061477
STGUSDT,SELL,LIMIT,1702260788880,88,0.5038928
STGUSDT,SELL,LIMIT,1702260790025,2456,0.5147695
STGUSDT,SELL,LIMIT,1702260791444,3180,0.5025780
STGUSDT,SELL,LIMIT,1702260792565,5330,0.5098934
STGUSDT,SELL,LIMIT,1702260793581,3361,0.5025159
STGUSDT,SELL,LIMIT,1702260794594,5945,0.5017238
STGUSDT,SELL,LIMIT,1702260795646,1053,0.4996111
STGUSDT,BUY,LIMIT,1702260797537,13,0.5216448
STGUSDT,SELL,LIMIT,1702260798618,5000,0.5006573
STGUSDT,SELL,LIMIT,1702260800264,103,0.5015153
STGUSDT,SELL,LIMIT,1702260801277,41,0.5014290
STGUSDT,SELL,LIMIT,1702260802643,7545,0.5014290
STGUSDT,SELL,LIMIT,1702260803906,38,0.5010857
STGUSDT,SELL,LIMIT,1702260805363,1071,0.5013979
STGUSDT,SELL,LIMIT,1702260806415,1932,0.4988031
STGUSDT,SELL,LIMIT,1702260807418,1834,0.4980870
STGUSDT,SELL,LIMIT,1702260808663,181,0.4998850
STGUSDT,SELL,LIMIT,1702260810775,2400,0.4991412
STGUSDT,SELL,LIMIT,1702260812427,42,0.4976766
STGUSDT,SELL,LIMIT,1702260813448,1500,0.4999916
STGUSDT,SELL,LIMIT,1702260815011,188,0.5055963
STGUSDT,SELL,LIMIT,1702260817858,2007,0.4980357
STGUSDT,SELL,LIMIT,1702260822015,50,0.4970850
STGUSDT,SELL,LIMIT,1702260826106,907,0.4931168
STGUSDT,SELL,LIMIT,1702260827161,926,0.4943757
STGUSDT,SELL,LIMIT,1702260836296,193,0.4923306
STGUSDT,SELL,LIMIT,1702260838311,221,0.4919979
STGUSDT,SELL,LIMIT,1702262609244,15,0.5086804
STGUSDT,SELL,LIMIT,1702265724235,19,0.5196408
