Symbol,Side,Order Type,Time,Quantity,Price
STMXUSDT,SELL,LIMIT,1701937711482,57452,0.00823
STMXUSDT,SELL,LIMIT,1701940540980,496982,0.00811
STMXUSDT,SELL,LIMIT,1701940548939,85086,0.00810
STMXUSDT,SELL,LIMIT,1701940555601,997,0.00809
STMXUSDT,SELL,LIMIT,1701940999063,3734,0.00806
STMXUSDT,SELL,LIMIT,1701941144075,7296,0.00802
STMXUSDT,SELL,LIMIT,1701941157506,594940,0.00799
STMXUSDT,SELL,LIMIT,1701941160452,32240,0.00800
STMXUSDT,SELL,LIMIT,1701941165708,9698,0.00798
STMXUSDT,SELL,LIMIT,1701941181736,11919,0.00799
STMXUSDT,SELL,LIMIT,1701941186143,119047,0.00799
STMXUSDT,SELL,LIMIT,1701941188032,45539,0.00796
STMXUSDT,SELL,LIMIT,1701941189102,123519,0.00794
STMXUSDT,SELL,LIMIT,1701941190456,12543,0.00794
STMXUSDT,SELL,LIMIT,1701941195514,13673,0.00795
STMXUSDT,SELL,LIMIT,1701941239057,75958,0.00793
STMXUSDT,SELL,LIMIT,1701941246811,10518,0.00792
STMXUSDT,SELL,LIMIT,1701951370492,9267,0.00808
STMXUSDT,BUY,LIMIT,1702005547212,1683,0.00877
STMXUSDT,BUY,LIMIT,1702006591496,81250,0.00875
STMXUSDT,BUY,LIMIT,1702048108127,1169,0.00877
STMXUSDT,BUY,LIMIT,1702053719350,1174,0.00879
STMXUSDT,BUY,LIMIT,1702055935571,31487,0.00883
STMXUSDT,BUY,LIMIT,1702056033522,7,0.00891
STMXUSDT,BUY,LIMIT,1702063151720,5861,0.00895
STMXUSDT,BUY,LIMIT,1702064195892,4504,0.00891
STMXUSDT,BUY,LIMIT,1702068983722,9025,0.00890
STMXUSDT,SELL,LIMIT,1702069191162,10096,0.00864
STMXUSDT,BUY,LIMIT,1702073982208,17034,0.00892
STMXUSDT,BUY,LIMIT,1702077663931,2361,0.00890
STMXUSDT,BUY,LIMIT,1702080731435,67514,0.00895
STMXUSDT,BUY,LIMIT,1702082106890,11670,0.00895
STMXUSDT,BUY,LIMIT,1702091216118,2497,0.00903
STMXUSDT,BUY,LIMIT,1702091266960,4429,0.00905
STMXUSDT,BUY,LIMIT,1702091603400,6928,0.00908
STMXUSDT,BUY,LIMIT,1702091637670,607765,0.00909
STMXUSDT,BUY,LIMIT,1702091684541,11719,0.00913
STMXUSDT,BUY,LIMIT,1702091805182,36981,0.00917
STMXUSDT,BUY,LIMIT,1702091824807,90386,0.00919
STMXUSDT,BUY,LIMIT,1702092060148,44653,0.00923
STMXUSDT,BUY,LIMIT,1702092124088,234318,0.00923
STMXUSDT,BUY,LIMIT,1702092125281,30000,0.00923
STMXUSDT,BUY,LIMIT,1702092588317,419004,0.00933
STMXUSDT,BUY,LIMIT,1702092590960,24128,0.00935
STMXUSDT,BUY,LIMIT,1702092665822,2978761,0.00943
STMXUSDT,BUY,LIMIT,1702092670962,54878,0.00940
STMXUSDT,BUY,LIMIT,1702092675124,579,0.00943
STMXUSDT,BUY,LIMIT,1702092687050,10327,0.00945
STMXUSDT,BUY,LIMIT,1702092743480,4631,0.00949
STMXUSDT,BUY,LIMIT,1702092750691,11522,0.00951
STMXUSDT,BUY,LIMIT,1702093077478,54945,0.00955
STMXUSDT,BUY,LIMIT,1702093102301,18315,0.00959
STMXUSDT,BUY,LIMIT,1702093106446,2484,0.00960
STMXUSDT,BUY,LIMIT,1702093109494,2806140,0.00970
STMXUSDT,BUY,LIMIT,1702093139392,12406,0.00969
STMXUSDT,BUY,LIMIT,1702093159527,25427,0.00970
STMXUSDT,BUY,LIMIT,1702093161701,13291,0.00972
STMXUSDT,BUY,LIMIT,1702093164080,6255,0.00972
STMXUSDT,BUY,LIMIT,1702093310861,43991,0.00978
STMXUSDT,BUY,LIMIT,1702093345863,15572,0.00981
STMXUSDT,BUY,LIMIT,1702093352255,162689,0.00983
STMXUSDT,BUY,LIMIT,1702093353528,6026,0.00983
STMXUSDT,BUY,LIMIT,1702093362074,139662,0.00984
STMXUSDT,BUY,LIMIT,1702093367451,45163,0.00988
STMXUSDT,BUY,LIMIT,1702093379763,1295702,0.00993
STMXUSDT,BUY,LIMIT,1702093381471,8985,0.00992
STMXUSDT,BUY,LIMIT,1702093391659,80651,0.00993
STMXUSDT,BUY,LIMIT,1702093933448,166992,0.00997
STMXUSDT,BUY,LIMIT,1702093996954,84210,0.01000
STMXUSDT,BUY,LIMIT,1702094022986,3145,0.01003
STMXUSDT,BUY,LIMIT,1702094079212,2567,0.01007
STMXUSDT,BUY,LIMIT,1702094084371,16772,0.01010
STMXUSDT,BUY,LIMIT,1702094087226,3723,0.01013
STMXUSDT,BUY,LIMIT,1702094185336,650,0.01018
STMXUSDT,BUY,LIMIT,1702094213102,32504,0.01024
STMXUSDT,BUY,LIMIT,1702094240797,33726,0.01028
STMXUSDT,BUY,LIMIT,1702094241829,1000,0.01031
STMXUSDT,SELL,LIMIT,1702094484558,2985,0.00955
STMXUSDT,SELL,LIMIT,1702094855564,14476,0.00947
STMXUSDT,SELL,LIMIT,1702094860502,8360,0.00945
STMXUSDT,SELL,LIMIT,1702096827869,5614,0.00937
STMXUSDT,SELL,LIMIT,1702096864274,6663,0.00936
STMXUSDT,SELL,LIMIT,1702097128888,124540,0.00932
STMXUSDT,BUY,LIMIT,1702097212156,2400,0.00971
STMXUSDT,BUY,LIMIT,1702098973901,7107,0.01000
STMXUSDT,BUY,LIMIT,1702098982896,10482,0.01001
STMXUSDT,BUY,LIMIT,1702099056240,14459,0.01002
STMXUSDT,BUY,LIMIT,1702099063989,26260,0.01007
STMXUSDT,BUY,LIMIT,1702099071838,23207,0.01010
STMXUSDT,BUY,LIMIT,1702099075118,12500,0.01014
STMXUSDT,BUY,LIMIT,1702099077096,218643,0.01019
STMXUSDT,BUY,LIMIT,1702099080455,573,0.01021
STMXUSDT,BUY,LIMIT,1702099087882,4858,0.01022
STMXUSDT,BUY,LIMIT,1702099099812,175580,0.01028
STMXUSDT,BUY,LIMIT,1702099102618,12320,0.01031
STMXUSDT,BUY,LIMIT,1702099114984,11776,0.01036
STMXUSDT,BUY,LIMIT,1702099135424,1726,0.01037
STMXUSDT,BUY,LIMIT,1702099142103,871,0.01050
STMXUSDT,BUY,LIMIT,1702099146136,154170,0.01065
STMXUSDT,BUY,LIMIT,1702099147282,39707,0.01059
STMXUSDT,BUY,LIMIT,1702099148298,1573,0.01089
STMXUSDT,BUY,LIMIT,1702099153100,136729,0.01103
STMXUSDT,BUY,LIMIT,1702099157106,1978,0.01110
STMXUSDT,BUY,LIMIT,1702099158133,7628,0.01139
STMXUSDT,BUY,LIMIT,1702099159136,116819,0.01128
STMXUSDT,BUY,LIMIT,1702099161360,39137,0.01122
STMXUSDT,BUY,LIMIT,1702099163490,2013,0.01150
STMXUSDT,BUY,LIMIT,1702099165185,576,0.01176
STMXUSDT,BUY,LIMIT,1702100755432,170579,0.01091
STMXUSDT,BUY,LIMIT,1702100757878,163054,0.01097
STMXUSDT,BUY,LIMIT,1702100759070,45966,0.01101
STMXUSDT,BUY,LIMIT,1702100761227,2663,0.01104
STMXUSDT,SELL,LIMIT,1702101339905,1285,0.01028
STMXUSDT,SELL,LIMIT,1702101352626,46468,0.01024
STMXUSDT,SELL,LIMIT,1702101441520,621,0.01027
STMXUSDT,SELL,LIMIT,1702101471249,4882,0.01022
STMXUSDT,SELL,LIMIT,1702101617077,19203,0.01018
STMXUSDT,SELL,LIMIT,1702101983289,19617,0.01015
STMXUSDT,SELL,LIMIT,1702101996908,209492,0.01014
STMXUSDT,SELL,LIMIT,1702102022546,3908,0.01011
STMXUSDT,SELL,LIMIT,1702102025224,88151,0.01010
STMXUSDT,SELL,LIMIT,1702102177196,39311,0.01008
STMXUSDT,SELL,LIMIT,1702102179916,1669,0.01008
STMXUSDT,SELL,LIMIT,1702102187259,2077,0.01008
STMXUSDT,SELL,LIMIT,1702102197058,2327,0.01008
STMXUSDT,SELL,LIMIT,1702102200783,170419,0.01007
STMXUSDT,SELL,LIMIT,1702102205329,32030,0.01007
STMXUSDT,SELL,LIMIT,1702102206711,86960,0.01006
STMXUSDT,SELL,LIMIT,1702102217773,46552,0.01005
STMXUSDT,BUY,LIMIT,1702102929864,2364,0.01061
STMXUSDT,BUY,LIMIT,1702103470509,10585,0.01077
STMXUSDT,SELL,LIMIT,1702103512372,315029,0.01026
STMXUSDT,SELL,LIMIT,1702103543683,4798,0.01013
STMXUSDT,SELL,LIMIT,1702103869490,317080,0.01024
STMXUSDT,BUY,LIMIT,1702104704771,90,0.01055
STMXUSDT,SELL,LIMIT,1702104997342,133109,0.01003
STMXUSDT,SELL,LIMIT,1702104998652,137686,0.01002
STMXUSDT,SELL,LIMIT,1702105018290,5142,0.00999
STMXUSDT,SELL,LIMIT,1702105023608,5369,0.00999
STMXUSDT,SELL,LIMIT,1702105040715,55876,0.00998
STMXUSDT,SELL,LIMIT,1702105059731,562,0.00997
STMXUSDT,SELL,LIMIT,1702105061090,152188,0.00996
STMXUSDT,SELL,LIMIT,1702105065364,9271,0.00994
STMXUSDT,SELL,LIMIT,1702105726721,4546,0.00993
STMXUSDT,SELL,LIMIT,1702105843319,38161,0.00991
STMXUSDT,BUY,LIMIT,1702108546272,4370,0.01047
STMXUSDT,SELL,LIMIT,1702108550088,7484,0.01010
STMXUSDT,BUY,LIMIT,1702109244834,2815,0.01040
STMXUSDT,BUY,LIMIT,1702109514107,10427,0.01031
STMXUSDT,SELL,LIMIT,1702109542932,37972,0.00989
STMXUSDT,BUY,LIMIT,1702109643203,7830,0.01026
STMXUSDT,BUY,LIMIT,1702109776269,1670,0.01027
STMXUSDT,SELL,LIMIT,1702109853283,16632,0.00987
STMXUSDT,SELL,LIMIT,1702109985243,969,0.00991
STMXUSDT,SELL,LIMIT,1702110901326,1951,0.00984
STMXUSDT,SELL,LIMIT,1702110914167,14281,0.00983
STMXUSDT,SELL,LIMIT,1702110919656,576,0.00981
STMXUSDT,SELL,LIMIT,1702110923582,77274,0.00978
STMXUSDT,SELL,LIMIT,1702110925764,56583,0.00977
STMXUSDT,SELL,LIMIT,1702110932074,934,0.00976
STMXUSDT,SELL,LIMIT,1702110970288,296016,0.00978
STMXUSDT,SELL,LIMIT,1702110979883,37788,0.00975
STMXUSDT,SELL,LIMIT,1702110981222,977,0.00973
STMXUSDT,SELL,LIMIT,1702110982634,1583,0.00973
STMXUSDT,SELL,LIMIT,1702111006549,638,0.00971
STMXUSDT,SELL,LIMIT,1702111025557,13985,0.00971
STMXUSDT,SELL,LIMIT,1702111026625,1000,0.00971
STMXUSDT,SELL,LIMIT,1702111035735,1376,0.00968
STMXUSDT,SELL,LIMIT,1702111037261,1728,0.00967
STMXUSDT,SELL,LIMIT,1702111038757,34247,0.00967
STMXUSDT,SELL,LIMIT,1702111040671,483558,0.00968
STMXUSDT,SELL,LIMIT,1702111041910,179047,0.00967
STMXUSDT,SELL,LIMIT,1702111044480,39574,0.00966
STMXUSDT,SELL,LIMIT,1702111045743,52347,0.00964
STMXUSDT,SELL,LIMIT,1702111048075,1854,0.00964
STMXUSDT,SELL,LIMIT,1702111072622,28869,0.00967
STMXUSDT,SELL,LIMIT,1702111376119,618785,0.00961
STMXUSDT,SELL,LIMIT,1702111377431,3446,0.00962
STMXUSDT,SELL,LIMIT,1702111378668,569,0.00962
STMXUSDT,SELL,LIMIT,1702111380617,120656,0.00959
STMXUSDT,SELL,LIMIT,1702111387650,369906,0.00959
STMXUSDT,SELL,LIMIT,1702111388884,41053,0.00958
STMXUSDT,SELL,LIMIT,1702111389966,1760,0.00959
STMXUSDT,SELL,LIMIT,1702115441975,8475,0.00957
STMXUSDT,SELL,LIMIT,1702115603295,9416,0.00957
STMXUSDT,SELL,LIMIT,1702115676814,32913,0.00955
STMXUSDT,SELL,LIMIT,1702115690081,912,0.00954
STMXUSDT,SELL,LIMIT,1702115832526,1714,0.00951
STMXUSDT,BUY,LIMIT,1702122296122,20407,0.01024
STMXUSDT,BUY,LIMIT,1702122297542,763,0.01023
STMXUSDT,BUY,LIMIT,1702122682276,211533,0.01031
STMXUSDT,BUY,LIMIT,1702125674656,383,0.00771
STMXUSDT,SELL,LIMIT,1702125732867,47384,0.00964
STMXUSDT,SELL,LIMIT,1702125883416,20935,0.00969
STMXUSDT,SELL,LIMIT,1702126141379,2270,0.00961
STMXUSDT,SELL,LIMIT,1702127625841,547,0.00960
STMXUSDT,SELL,LIMIT,1702127645343,202569,0.00959
STMXUSDT,SELL,LIMIT,1702132992620,4662,0.00960
STMXUSDT,SELL,LIMIT,1702132996190,220778,0.00959
STMXUSDT,SELL,LIMIT,1702133003493,200000,0.00957
STMXUSDT,SELL,LIMIT,1702133004892,48402,0.00957
STMXUSDT,SELL,LIMIT,1702133007709,2485,0.00954
STMXUSDT,SELL,LIMIT,1702134523698,511,0.00955
STMXUSDT,SELL,LIMIT,1702134534433,25832,0.00954
STMXUSDT,SELL,LIMIT,1702134545085,99597,0.00954
STMXUSDT,SELL,LIMIT,1702134827092,18024,0.00954
STMXUSDT,SELL,LIMIT,1702135586804,12250,0.00952
STMXUSDT,SELL,LIMIT,1702135600367,19207,0.00951
STMXUSDT,SELL,LIMIT,1702135609380,21347,0.00950
STMXUSDT,SELL,LIMIT,1702135670365,500250,0.00949
STMXUSDT,SELL,LIMIT,1702135682514,19486,0.00949
STMXUSDT,SELL,LIMIT,1702135701563,33214,0.00948
STMXUSDT,SELL,LIMIT,1702136432243,35382,0.00945
STMXUSDT,SELL,LIMIT,1702139120370,6000,0.00944
STMXUSDT,SELL,LIMIT,1702139126099,97061,0.00944
STMXUSDT,SELL,LIMIT,1702139127226,546,0.00944
STMXUSDT,SELL,LIMIT,1702139128534,241571,0.00944
STMXUSDT,SELL,LIMIT,1702139137744,1344,0.00943
STMXUSDT,SELL,LIMIT,1702139258927,10090,0.00942
STMXUSDT,SELL,LIMIT,1702139263114,525,0.00943
STMXUSDT,SELL,LIMIT,1702139264493,142831,0.00942
STMXUSDT,SELL,LIMIT,1702139278134,1463,0.00942
STMXUSDT,SELL,LIMIT,1702141075850,1030,0.00940
STMXUSDT,SELL,LIMIT,1702141164066,16578,0.00940
STMXUSDT,SELL,LIMIT,1702141209925,124639,0.00940
STMXUSDT,SELL,LIMIT,1702141551344,66513,0.00939
STMXUSDT,SELL,LIMIT,1702141555014,203727,0.00939
STMXUSDT,SELL,LIMIT,1702141556597,27085,0.00939
STMXUSDT,SELL,LIMIT,1702141562721,5000,0.00939
STMXUSDT,SELL,LIMIT,1702141564253,15568,0.00938
STMXUSDT,SELL,LIMIT,1702141655337,13199,0.00937
STMXUSDT,SELL,LIMIT,1702141663220,2746,0.00936
STMXUSDT,SELL,LIMIT,1702141695402,61412,0.00935
STMXUSDT,SELL,LIMIT,1702141697734,248374,0.00934
STMXUSDT,SELL,LIMIT,1702141702407,30549,0.00936
STMXUSDT,SELL,LIMIT,1702141708839,2000,0.00935
STMXUSDT,SELL,LIMIT,1702141710001,3587,0.00933
STMXUSDT,SELL,LIMIT,1702141848664,10180,0.00934
STMXUSDT,SELL,LIMIT,1702141860099,1661105,0.00929
STMXUSDT,SELL,LIMIT,1702142045499,24780,0.00937
STMXUSDT,SELL,LIMIT,1702161311002,1149,0.00955
STMXUSDT,SELL,LIMIT,1702162131400,51295,0.00954
STMXUSDT,SELL,LIMIT,1702162406760,155290,0.00949
STMXUSDT,SELL,LIMIT,1702164531077,41408,0.00946
STMXUSDT,SELL,LIMIT,1702164542265,113812,0.00942
STMXUSDT,SELL,LIMIT,1702164562307,78672,0.00940
STMXUSDT,SELL,LIMIT,1702164702867,85000,0.00938
STMXUSDT,SELL,LIMIT,1702164743769,12133,0.00937
STMXUSDT,SELL,LIMIT,1702164747651,55551,0.00944
STMXUSDT,SELL,LIMIT,1702164749867,1,0.30342
STMXUSDT,SELL,LIMIT,1702164751734,61623,0.00935
STMXUSDT,SELL,LIMIT,1702164775889,41275,0.00936
STMXUSDT,SELL,LIMIT,1702164801328,17076,0.00934
STMXUSDT,SELL,LIMIT,1702164804198,34443,0.00933
STMXUSDT,SELL,LIMIT,1702164805248,51440,0.00933
STMXUSDT,SELL,LIMIT,1702164806960,328586,0.00933
STMXUSDT,SELL,LIMIT,1702164808284,6945,0.00931
STMXUSDT,SELL,LIMIT,1702164809536,12034,0.00932
STMXUSDT,SELL,LIMIT,1702164811683,55618,0.00927
STMXUSDT,SELL,LIMIT,1702166851847,126597,0.00928
STMXUSDT,SELL,LIMIT,1702166879380,11468,0.00927
STMXUSDT,SELL,LIMIT,1702166893071,5307,0.00926
STMXUSDT,SELL,LIMIT,1702166909272,10471,0.00925
STMXUSDT,SELL,LIMIT,1702166910303,212441,0.00925
STMXUSDT,SELL,LIMIT,1702166911754,3024,0.00923
STMXUSDT,SELL,LIMIT,1702166912879,563,0.00923
STMXUSDT,SELL,LIMIT,1702166920524,7984,0.00922
STMXUSDT,SELL,LIMIT,1702166932690,4405,0.00922
STMXUSDT,SELL,LIMIT,1702168219077,30709,0.00921
STMXUSDT,SELL,LIMIT,1702175349356,20682,0.00920
STMXUSDT,SELL,LIMIT,1702175363090,910,0.00919
STMXUSDT,SELL,LIMIT,1702175364104,2999,0.00919
STMXUSDT,SELL,LIMIT,1702175888107,163967,0.00918
STMXUSDT,SELL,LIMIT,1702175900362,25452,0.00918
STMXUSDT,SELL,LIMIT,1702176582120,45459,0.00917
STMXUSDT,SELL,LIMIT,1702176583206,512436,0.00914
STMXUSDT,SELL,LIMIT,1702176587378,12231,0.00915
STMXUSDT,SELL,LIMIT,1702176589777,2430,0.00915
STMXUSDT,SELL,LIMIT,1702176969211,722,0.00915
STMXUSDT,SELL,LIMIT,1702177050547,38443,0.00913
STMXUSDT,SELL,LIMIT,1702177078216,518,0.00911
STMXUSDT,SELL,LIMIT,1702177079314,19801,0.00911
STMXUSDT,SELL,LIMIT,1702177092622,129693,0.00911
STMXUSDT,SELL,LIMIT,1702177097815,3418,0.00910
STMXUSDT,SELL,LIMIT,1702189913486,2059,0.00917
STMXUSDT,SELL,LIMIT,1702192790408,66077,0.00920
STMXUSDT,SELL,LIMIT,1702197051752,18284,0.00909
STMXUSDT,SELL,LIMIT,1702197053766,3137,0.00909
STMXUSDT,SELL,LIMIT,1702197502666,14923,0.00907
STMXUSDT,SELL,LIMIT,1702197911572,43181,0.00906
STMXUSDT,SELL,LIMIT,1702198890085,11811,0.00905
STMXUSDT,SELL,LIMIT,1702200731172,71640,0.00905
STMXUSDT,SELL,LIMIT,1702200792130,425531,0.00902
STMXUSDT,SELL,LIMIT,1702200797383,126091,0.00903
STMXUSDT,SELL,LIMIT,1702200872534,820,0.00903
STMXUSDT,SELL,LIMIT,1702200874618,8821,0.00900
STMXUSDT,SELL,LIMIT,1702200927314,341821,0.00899
STMXUSDT,SELL,LIMIT,1702200929076,3806,0.00899
STMXUSDT,SELL,LIMIT,1702201470027,3732,0.00898
STMXUSDT,SELL,LIMIT,1702201471132,105879,0.00897
STMXUSDT,SELL,LIMIT,1702201483258,636,0.00897
STMXUSDT,SELL,LIMIT,1702202249229,7660,0.00896
STMXUSDT,SELL,LIMIT,1702202250400,11410,0.00896
STMXUSDT,SELL,LIMIT,1702202299348,11902,0.00895
STMXUSDT,SELL,LIMIT,1702202304065,3184,0.00895
STMXUSDT,SELL,LIMIT,1702202314202,2257,0.00893
STMXUSDT,SELL,LIMIT,1702202315322,6277,0.00892
STMXUSDT,SELL,LIMIT,1702202321506,67287,0.00892
STMXUSDT,SELL,LIMIT,1702202373179,3215,0.00891
STMXUSDT,SELL,LIMIT,1702202380983,4882,0.00889
STMXUSDT,SELL,LIMIT,1702202388368,5475,0.00888
STMXUSDT,SELL,LIMIT,1702202391222,3014,0.00889
STMXUSDT,SELL,LIMIT,1702202393078,17438,0.00888
STMXUSDT,SELL,LIMIT,1702214452984,2517,0.00908
STMXUSDT,BUY,LIMIT,1702221834959,90156,0.00953
STMXUSDT,SELL,LIMIT,1702250201803,508392,0.00921
STMXUSDT,BUY,LIMIT,1702253834533,70,0.00957
STMXUSDT,SELL,LIMIT,1702256613636,52371,0.00906
STMXUSDT,SELL,LIMIT,1702256870375,205491,0.00900
STMXUSDT,SELL,LIMIT,1702256908720,10511,0.00899
STMXUSDT,SELL,LIMIT,1702256912877,6288,0.00898
STMXUSDT,SELL,LIMIT,1702256914242,21796,0.00898
STMXUSDT,SELL,LIMIT,1702256917374,4237,0.00898
STMXUSDT,SELL,LIMIT,1702256978283,53705,0.00896
STMXUSDT,SELL,LIMIT,1702257005712,375970,0.00895
STMXUSDT,SELL,LIMIT,1702257008309,11961,0.00896
STMXUSDT,SELL,LIMIT,1702260440956,2893,0.00894
STMXUSDT,SELL,LIMIT,1702260445954,20895,0.00893
STMXUSDT,SELL,LIMIT,1702260559441,13072,0.00892
STMXUSDT,SELL,LIMIT,1702260623300,664,0.00891
STMXUSDT,BUY,LIMIT,1702260628389,10845,0.00924
STMXUSDT,SELL,LIMIT,1702260637498,7896,0.00885
STMXUSDT,SELL,LIMIT,1702260695810,11898,0.00885
STMXUSDT,SELL,LIMIT,1702260697313,5194,0.00883
STMXUSDT,SELL,LIMIT,1702260698955,7898,0.00884
STMXUSDT,SELL,LIMIT,1702260700022,805,0.00881
STMXUSDT,SELL,LIMIT,1702260701316,5364,0.00881
STMXUSDT,SELL,LIMIT,1702260707165,24103,0.00880
STMXUSDT,SELL,LIMIT,1702260708921,4568,0.00881
STMXUSDT,SELL,LIMIT,1702260710288,636,0.00879
STMXUSDT,SELL,LIMIT,1702260711343,1113,0.00879
STMXUSDT,SELL,LIMIT,1702260712505,10224,0.00879
STMXUSDT,SELL,LIMIT,1702260715190,31741,0.00878
STMXUSDT,SELL,LIMIT,1702260716508,531764,0.00878
STMXUSDT,SELL,LIMIT,1702260718150,3668,0.00876
STMXUSDT,SELL,LIMIT,1702260719391,32898,0.00876
STMXUSDT,SELL,LIMIT,1702260722433,179028,0.00877
STMXUSDT,SELL,LIMIT,1702260723674,7766,0.00875
STMXUSDT,SELL,LIMIT,1702260725475,10784,0.00873
STMXUSDT,SELL,LIMIT,1702260726632,39077,0.00876
STMXUSDT,SELL,LIMIT,1702260729560,93279,0.00869
STMXUSDT,SELL,LIMIT,1702260730556,84343,0.00871
STMXUSDT,SELL,LIMIT,1702260731619,85972,0.00865
STMXUSDT,SELL,LIMIT,1702260733238,38516,0.00867
STMXUSDT,SELL,LIMIT,1702260734437,8519,0.00867
STMXUSDT,SELL,LIMIT,1702260735647,1674778,0.00865
STMXUSDT,SELL,LIMIT,1702260736864,2676659,0.00862
STMXUSDT,SELL,LIMIT,1702260737958,102736,0.00863
STMXUSDT,SELL,LIMIT,1702260739883,36974,0.00864
STMXUSDT,SELL,LIMIT,1702260741026,54376,0.00863
STMXUSDT,SELL,LIMIT,1702260742155,19083,0.00861
STMXUSDT,SELL,LIMIT,1702260743628,43074,0.00862
STMXUSDT,SELL,LIMIT,1702260744975,32731,0.00861
STMXUSDT,SELL,LIMIT,1702260746006,1420406,0.00857
STMXUSDT,SELL,LIMIT,1702260747381,5307,0.00856
STMXUSDT,SELL,LIMIT,1702260748595,8042,0.00856
STMXUSDT,SELL,LIMIT,1702260750455,11111,0.00856
STMXUSDT,SELL,LIMIT,1702260751486,158359,0.00855
STMXUSDT,SELL,LIMIT,1702260752823,2000,0.00852
STMXUSDT,SELL,LIMIT,1702260754795,32017,0.00849
STMXUSDT,SELL,LIMIT,1702260756689,71308,0.00848
STMXUSDT,SELL,LIMIT,1702260757737,3100,0.00848
STMXUSDT,SELL,LIMIT,1702260758764,52384,0.00846
STMXUSDT,SELL,LIMIT,1702260759833,6031,0.00848
STMXUSDT,SELL,LIMIT,1702260760906,22817,0.00984
STMXUSDT,SELL,LIMIT,1702260761907,46391,0.00846
STMXUSDT,SELL,LIMIT,1702260763098,70688,0.00844
STMXUSDT,SELL,LIMIT,1702260764755,440909,0.00840
STMXUSDT,SELL,LIMIT,1702260765814,1067,0.00845
STMXUSDT,SELL,LIMIT,1702260767676,543199,0.00840
STMXUSDT,SELL,LIMIT,1702260768710,10199,0.00841
STMXUSDT,SELL,LIMIT,1702260769642,30619,0.00837
STMXUSDT,SELL,LIMIT,1702260771657,6338,0.01259
STMXUSDT,SELL,LIMIT,1702260772698,101349,0.00825
STMXUSDT,SELL,LIMIT,1702260773773,134408,0.00830
STMXUSDT,SELL,LIMIT,1702260774802,10395,0.00825
STMXUSDT,SELL,LIMIT,1702260776113,110497,0.00826
STMXUSDT,SELL,LIMIT,1702260777311,131127,0.00822
STMXUSDT,SELL,LIMIT,1702260778301,15391,0.00814
STMXUSDT,SELL,LIMIT,1702260779345,97460,0.00821
STMXUSDT,SELL,LIMIT,1702260780648,97997,0.00812
STMXUSDT,SELL,LIMIT,1702260781958,59922,0.00811
STMXUSDT,SELL,LIMIT,1702260782978,11250,0.00805
STMXUSDT,SELL,LIMIT,1702260784054,10010,0.00800
STMXUSDT,SELL,LIMIT,1702260785178,3811,0.00800
STMXUSDT,SELL,LIMIT,1702260786293,4990,0.00806
STMXUSDT,SELL,LIMIT,1702260787512,1973,0.00806
STMXUSDT,SELL,LIMIT,1702260788530,3184540,0.00787
STMXUSDT,SELL,LIMIT,1702260789625,157783,0.00798
STMXUSDT,SELL,LIMIT,1702260790649,103770,0.00790
STMXUSDT,SELL,LIMIT,1702260791664,105263,0.00790
STMXUSDT,SELL,LIMIT,1702260792798,4279,0.00790
STMXUSDT,SELL,LIMIT,1702260793809,10114,0.00789
STMXUSDT,SELL,LIMIT,1702260795229,26483,0.00788
STMXUSDT,SELL,LIMIT,1702260796320,627,0.00784
STMXUSDT,SELL,LIMIT,1702260797424,18597,0.00785
STMXUSDT,SELL,LIMIT,1702260798460,7733,0.00786
STMXUSDT,SELL,LIMIT,1702260800718,100000,0.00787
STMXUSDT,SELL,LIMIT,1702260802215,29504,0.00787
STMXUSDT,SELL,LIMIT,1702260803243,1023541,0.00784
STMXUSDT,SELL,LIMIT,1702260805393,16346,0.00786
STMXUSDT,SELL,LIMIT,1702260807355,11600,0.00783
STMXUSDT,SELL,LIMIT,1702260808366,1857,0.00784
STMXUSDT,SELL,LIMIT,1702260810630,2687,0.00783
STMXUSDT,SELL,LIMIT,1702260811658,9360,0.00786
STMXUSDT,SELL,LIMIT,1702260812764,742,0.00781
STMXUSDT,SELL,LIMIT,1702260814361,2028077,0.00776
STMXUSDT,SELL,LIMIT,1702260817193,7746,0.00775
STMXUSDT,SELL,LIMIT,1702260818280,520,0.00780
STMXUSDT,BUY,LIMIT,1702260840392,4064,0.00831
STMXUSDT,BUY,LIMIT,1702260856058,658,0.00842
STMXUSDT,BUY,LIMIT,1702260858882,11847,0.00846
STMXUSDT,SELL,LIMIT,1702262615562,13791,0.00834
