Symbol,Side,Order Type,Time,Quantity,Price
STMXUSDT,SELL,LIMIT,1701937711482,57452,0.00823
STMXUSDT,SELL,LIMIT,1701940540980,496982,0.00811
STMXUSDT,SELL,LIMIT,1701940548939,85086,0.00810
STMXUSDT,SELL,LIMIT,1701940555601,997,0.00809
STMXUSDT,SELL,LIMIT,1701940999063,3734,0.00806
STMXUSDT,SELL,LIMIT,1701941144075,7296,0.00802
STMXUSDT,SELL,LIMIT,1701941157506,594940,0.00799
STMXUSDT,SELL,LIMIT,1701941160452,32240,0.00800
STMXUSDT,SELL,LIMIT,1701941165708,9698,0.00798
STMXUSDT,SELL,LIMIT,1701941181736,11919,0.00799
STMXUSDT,SELL,LIMIT,1701941186143,119047,0.00799
STMXUSDT,SELL,LIMIT,1701941188032,45539,0.00796
STMXUSDT,SELL,LIMIT,1701941189102,123519,0.00794
STMXUSDT,SELL,LIMIT,1701941190456,12543,0.00794
STMXUSDT,SELL,LIMIT,1701941195514,13673,0.00795
STMXUSDT,SELL,LIMIT,1701941239057,75958,0.00793
STMXUSDT,SELL,LIMIT,1701941246811,10518,0.00792
STMXUSDT,SELL,LIMIT,1701951370492,9267,0.00808
STMXUSDT,BUY,LIMIT,1702005547212,1683,0.00877
STMXUSDT,BUY,LIMIT,1702006591496,81250,0.00875
STMXUSDT,BUY,LIMIT,1702048108127,1169,0.00877
STMXUSDT,BUY,LIMIT,1702053719350,1174,0.00879
STMXUSDT,BUY,LIMIT,1702055935571,31487,0.00883
STMXUSDT,BUY,LIMIT,1702056033522,7,0.00891
STMXUSDT,BUY,LIMIT,1702063151720,5861,0.00895
STMXUSDT,BUY,LIMIT,1702064195892,4504,0.00891
STMXUSDT,BUY,LIMIT,1702068983722,9025,0.00890
STMXUSDT,SELL,LIMIT,1702069191162,10096,0.00864
STMXUSDT,BUY,LIMIT,1702073982208,17034,0.00892
STMXUSDT,BUY,LIMIT,1702077663931,2361,0.00890
STMXUSDT,BUY,LIMIT,1702080731435,67514,0.00895
STMXUSDT,BUY,LIMIT,1702082106890,11670,0.00895
STMXUSDT,BUY,LIMIT,1702091216118,2497,0.00903
STMXUSDT,BUY,LIMIT,1702091266960,4429,0.00905
STMXUSDT,BUY,LIMIT,1702091603400,6928,0.00908
STMXUSDT,BUY,LIMIT,1702091637670,607765,0.00909
STMXUSDT,BUY,LIMIT,1702091684541,11719,0.00913
STMXUSDT,BUY,LIMIT,1702091805182,36981,0.00917
STMXUSDT,BUY,LIMIT,1702091824807,90386,0.00919
STMXUSDT,BUY,LIMIT,1702092060148,44653,0.00923
STMXUSDT,BUY,LIMIT,1702092124088,234318,0.00923
STMXUSDT,BUY,LIMIT,1702092125281,30000,0.00923
STMXUSDT,BUY,LIMIT,1702092588317,419004,0.00933
STMXUSDT,BUY,LIMIT,1702092590960,24128,0.00935
STMXUSDT,BUY,LIMIT,1702092665822,2978761,0.00943
STMXUSDT,BUY,LIMIT,1702092670962,54878,0.00940
STMXUSDT,BUY,LIMIT,1702092675124,579,0.00943
STMXUSDT,BUY,LIMIT,1702092687050,10327,0.00945
STMXUSDT,BUY,LIMIT,1702092743480,4631,0.00949
STMXUSDT,BUY,LIMIT,1702092750691,11522,0.00951
STMXUSDT,BUY,LIMIT,1702093077478,54945,0.00955
STMXUSDT,BUY,LIMIT,1702093102301,18315,0.00959
STMXUSDT,BUY,LIMIT,1702093106446,2484,0.00960
STMXUSDT,BUY,LIMIT,1702093109494,2806140,0.00970
STMXUSDT,BUY,LIMIT,1702093139392,12406,0.00969
STMXUSDT,BUY,LIMIT,1702093159527,25427,0.00970
STMXUSDT,BUY,LIMIT,1702093161701,13291,0.00972
STMXUSDT,BUY,LIMIT,1702093164080,6255,0.00972
STMXUSDT,BUY,LIMIT,1702093310861,43991,0.00978
STMXUSDT,BUY,LIMIT,1702093345863,15572,0.00981
STMXUSDT,BUY,LIMIT,1702093352255,162689,0.00983
STMXUSDT,BUY,LIMIT,1702093353528,6026,0.00983
STMXUSDT,BUY,LIMIT,1702093362074,139662,0.00984
STMXUSDT,BUY,LIMIT,1702093367451,45163,0.00988
STMXUSDT,BUY,LIMIT,1702093379763,1295702,0.00993
STMXUSDT,BUY,LIMIT,1702093381471,8985,0.00992
STMXUSDT,BUY,LIMIT,1702093391659,80651,0.00993
STMXUSDT,BUY,LIMIT,1702093933448,166992,0.00997
STMXUSDT,BUY,LIMIT,1702093996954,84210,0.01000
STMXUSDT,BUY,LIMIT,1702094022986,3145,0.01003
STMXUSDT,BUY,LIMIT,1702094079212,2567,0.01007
STMXUSDT,BUY,LIMIT,1702094084371,16772,0.01010
STMXUSDT,BUY,LIMIT,1702094087226,3723,0.01013
STMXUSDT,BUY,LIMIT,1702094185336,650,0.01018
STMXUSDT,BUY,LIMIT,1702094213102,32504,0.01024
STMXUSDT,BUY,LIMIT,1702094240797,33726,0.01028
STMXUSDT,BUY,LIMIT,1702094241829,1000,0.01031
STMXUSDT,SELL,LIMIT,1702094484558,2985,0.00955
STMXUSDT,SELL,LIMIT,1702094855564,14476,0.00947
STMXUSDT,SELL,LIMIT,1702094860502,8360,0.00945
STMXUSDT,SELL,LIMIT,1702096827869,5614,0.00937
STMXUSDT,SELL,LIMIT,1702096864274,6663,0.00936
STMXUSDT,SELL,LIMIT,1702097128888,124540,0.00932
STMXUSDT,BUY,LIMIT,1702097212156,2400,0.00971
STMXUSDT,BUY,LIMIT,1702098973901,7107,0.01000
STMXUSDT,BUY,LIMIT,1702098982896,10482,0.01001
STMXUSDT,BUY,LIMIT,1702099056240,14459,0.01002
STMXUSDT,BUY,LIMIT,1702099063989,26260,0.01007
STMXUSDT,BUY,LIMIT,1702099071838,23207,0.01010
STMXUSDT,BUY,LIMIT,1702099075118,12500,0.01014
STMXUSDT,BUY,LIMIT,1702099077096,218643,0.01019
STMXUSDT,BUY,LIMIT,1702099080455,573,0.01021
STMXUSDT,BUY,LIMIT,1702099087882,4858,0.01022
STMXUSDT,BUY,LIMIT,1702099099812,175580,0.01028
STMXUSDT,BUY,LIMIT,1702099102618,12320,0.01031
STMXUSDT,BUY,LIMIT,1702099114984,11776,0.01036
STMXUSDT,BUY,LIMIT,1702099135424,1726,0.01037
STMXUSDT,BUY,LIMIT,1702099142103,871,0.01050
STMXUSDT,BUY,LIMIT,1702099146136,154170,0.01065
STMXUSDT,BUY,LIMIT,1702099147282,39707,0.01059
STMXUSDT,BUY,LIMIT,1702099148298,1573,0.01089
STMXUSDT,BUY,LIMIT,1702099153100,136729,0.01103
STMXUSDT,BUY,LIMIT,1702099157106,1978,0.01110
STMXUSDT,BUY,LIMIT,1702099158133,7628,0.01139
STMXUSDT,BUY,LIMIT,1702099159136,116819,0.01128
STMXUSDT,BUY,LIMIT,1702099161360,39137,0.01122
STMXUSDT,BUY,LIMIT,1702099163490,2013,0.01150
STMXUSDT,BUY,LIMIT,1702099165185,576,0.01176
STMXUSDT,BUY,LIMIT,1702100755432,170579,0.01091
STMXUSDT,BUY,LIMIT,1702100757878,163054,0.01097
STMXUSDT,BUY,LIMIT,1702100759070,45966,0.01101
STMXUSDT,BUY,LIMIT,1702100761227,2663,0.01104
STMXUSDT,SELL,LIMIT,1702101339905,1285,0.01028
STMXUSDT,SELL,LIMIT,1702101352626,46468,0.01024
STMXUSDT,SELL,LIMIT,1702101441520,621,0.01027
STMXUSDT,SELL,LIMIT,1702101471249,4882,0.01022
STMXUSDT,SELL,LIMIT,1702101617077,19203,0.01018
STMXUSDT,SELL,LIMIT,1702101983289,19617,0.01015
STMXUSDT,SELL,LIMIT,1702101996908,209492,0.01014
STMXUSDT,SELL,LIMIT,1702102022546,3908,0.01011
STMXUSDT,SELL,LIMIT,1702102025224,88151,0.01010
STMXUSDT,SELL,LIMIT,1702102177196,39311,0.01008
STMXUSDT,SELL,LIMIT,1702102179916,1669,0.01008
STMXUSDT,SELL,LIMIT,1702102187259,2077,0.01008
STMXUSDT,SELL,LIMIT,1702102197058,2327,0.01008
STMXUSDT,SELL,LIMIT,1702102200783,170419,0.01007
STMXUSDT,SELL,LIMIT,1702102205329,32030,0.01007
STMXUSDT,SELL,LIMIT,1702102206711,86960,0.01006
STMXUSDT,SELL,LIMIT,1702102217773,46552,0.01005
STMXUSDT,BUY,LIMIT,1702102929864,2364,0.01061
STMXUSDT,BUY,LIMIT,1702103470509,10585,0.01077
STMXUSDT,SELL,LIMIT,1702103512372,315029,0.01026
STMXUSDT,SELL,LIMIT,1702103543683,4798,0.01013
STMXUSDT,SELL,LIMIT,1702103869490,317080,0.01024
STMXUSDT,BUY,LIMIT,1702104704771,90,0.01055
STMXUSDT,SELL,LIMIT,1702104997342,133109,0.01003
STMXUSDT,SELL,LIMIT,1702104998652,137686,0.01002
STMXUSDT,SELL,LIMIT,1702105018290,5142,0.00999
STMXUSDT,SELL,LIMIT,1702105023608,5369,0.00999
STMXUSDT,SELL,LIMIT,1702105040715,55876,0.00998
STMXUSDT,SELL,LIMIT,1702105059731,562,0.00997
STMXUSDT,SELL,LIMIT,1702105061090,152188,0.00996
STMXUSDT,SELL,LIMIT,1702105065364,9271,0.00994
STMXUSDT,SELL,LIMIT,1702105726721,4546,0.00993
STMXUSDT,SELL,LIMIT,1702105843319,38161,0.00991
STMXUSDT,BUY,LIMIT,1702108546272,4370,0.01047
STMXUSDT,SELL,LIMIT,1702108550088,7484,0.01010
STMXUSDT,BUY,LIMIT,1702109244834,2815,0.01040
STMXUSDT,BUY,LIMIT,1702109514107,10427,0.01031
STMXUSDT,SELL,LIMIT,1702109542932,37972,0.00989
STMXUSDT,BUY,LIMIT,1702109643203,7830,0.01026
STMXUSDT,BUY,LIMIT,1702109776269,1670,0.01027
STMXUSDT,SELL,LIMIT,1702109853283,16632,0.00987
STMXUSDT,SELL,LIMIT,1702109985243,969,0.00991
STMXUSDT,SELL,LIMIT,1702110901326,1951,0.00984
STMXUSDT,SELL,LIMIT,1702110914167,14281,0.00983
STMXUSDT,SELL,LIMIT,1702110919656,576,0.00981
STMXUSDT,SELL,LIMIT,1702110923582,77274,0.00978
STMXUSDT,SELL,LIMIT,1702110925764,56583,0.00977
STMXUSDT,SELL,LIMIT,1702110932074,934,0.00976
STMXUSDT,SELL,LIMIT,1702110970288,296016,0.00978
STMXUSDT,SELL,LIMIT,1702110979883,37788,0.00975
STMXUSDT,SELL,LIMIT,1702110981222,977,0.00973
STMXUSDT,SELL,LIMIT,1702110982634,1583,0.00973
STMXUSDT,SELL,LIMIT,1702111006549,638,0.00971
STMXUSDT,SELL,LIMIT,1702111025557,13985,0.00971
STMXUSDT,SELL,LIMIT,1702111026625,1000,0.00971
STMXUSDT,SELL,LIMIT,1702111035735,1376,0.00968
STMXUSDT,SELL,LIMIT,1702111037261,1728,0.00967
STMXUSDT,SELL,LIMIT,1702111038757,34247,0.00967
STMXUSDT,SELL,LIMIT,1702111040671,483558,0.00968
STMXUSDT,SELL,LIMIT,1702111041910,179047,0.00967
STMXUSDT,SELL,LIMIT,1702111044480,39574,0.00966
STMXUSDT,SELL,LIMIT,1702111045743,52347,0.00964
STMXUSDT,SELL,LIMIT,1702111048075,1854,0.00964
STMXUSDT,SELL,LIMIT,1702111072622,28869,0.00967
STMXUSDT,SELL,LIMIT,1702111376119,618785,0.00961
STMXUSDT,SELL,LIMIT,1702111377431,3446,0.00962
STMXUSDT,SELL,LIMIT,1702111378668,569,0.00962
STMXUSDT,SELL,LIMIT,1702111380617,120656,0.00959
STMXUSDT,SELL,LIMIT,1702111387650,369906,0.00959
STMXUSDT,SELL,LIMIT,1702111388884,41053,0.00958
STMXUSDT,SELL,LIMIT,1702111389966,1760,0.00959
STMXUSDT,SELL,LIMIT,1702115441975,8475,0.00957
STMXUSDT,SELL,LIMIT,1702115603295,9416,0.00957
STMXUSDT,SELL,LIMIT,1702115676814,32913,0.00955
STMXUSDT,SELL,LIMIT,1702115690081,912,0.00954
STMXUSDT,SELL,LIMIT,1702115832526,1714,0.00951
STMXUSDT,BUY,LIMIT,1702122296122,20407,0.01024
STMXUSDT,BUY,LIMIT,1702122297542,763,0.01023
STMXUSDT,BUY,LIMIT,1702122682276,211533,0.01031
STMXUSDT,BUY,LIMIT,1702125674656,383,0.00771
STMXUSDT,SELL,LIMIT,1702125732867,47384,0.00964
STMXUSDT,SELL,LIMIT,1702125883416,20935,0.00969
STMXUSDT,SELL,LIMIT,1702126141379,2270,0.00961
STMXUSDT,SELL,LIMIT,1702127625841,547,0.00960
STMXUSDT,SELL,LIMIT,1702127645343,202569,0.00959
STMXUSDT,SELL,LIMIT,1702132992620,4662,0.00960
STMXUSDT,SELL,LIMIT,1702132996190,220778,0.00959
STMXUSDT,SELL,LIMIT,1702133003493,200000,0.00957
STMXUSDT,SELL,LIMIT,1702133004892,48402,0.00957
STMXUSDT,SELL,LIMIT,1702133007709,2485,0.00954
