Symbol,Side,Order Type,Time,Quantity,Price
STORJUSDT,SELL,LIMIT,1701918556524,110,0.7060
STORJUSDT,SELL,LIMIT,1701931579311,6,0.7065
STORJUSDT,SELL,LIMIT,1701933069023,2412,0.7046
STORJUSDT,SELL,LIMIT,1701933072655,270,0.7044
STORJUSDT,SELL,LIMIT,1701933184638,1323,0.7034
STORJUSDT,SELL,LIMIT,1701933185882,69,0.7023
STORJUSDT,SELL,LIMIT,1701933205095,150,0.7017
STORJUSDT,SELL,LIMIT,1701933611157,269,0.7009
STORJUSDT,SELL,LIMIT,1701933655833,7772,0.7001
STORJUSDT,SELL,LIMIT,1701936972144,583,0.6998
STORJUSDT,SELL,LIMIT,1701936990935,8,0.6997
STORJUSDT,SELL,LIMIT,1701937386525,232,0.7000
STORJUSDT,SELL,LIMIT,1701937396295,1188,0.6995
STORJUSDT,SELL,LIMIT,1701937400155,282,0.6992
STORJUSDT,SELL,LIMIT,1701937496696,44,0.6991
STORJUSDT,SELL,LIMIT,1701937532371,54,0.6987
STORJUSDT,SELL,LIMIT,1701937533929,1009,0.6987
STORJUSDT,SELL,LIMIT,1701937537354,7,0.6983
STORJUSDT,SELL,LIMIT,1701937697455,1698,0.6980
STORJUSDT,SELL,LIMIT,1701937703712,374,0.6980
STORJUSDT,SELL,LIMIT,1701937706363,106,0.6978
STORJUSDT,SELL,LIMIT,1701937707380,3089,0.6979
STORJUSDT,SELL,LIMIT,1701937710439,1707,0.6973
STORJUSDT,SELL,LIMIT,1701937711836,40,0.6968
STORJUSDT,SELL,LIMIT,1701937715116,118,0.6965
STORJUSDT,SELL,LIMIT,1701937716120,131,0.6948
STORJUSDT,SELL,LIMIT,1701937717128,11,0.6946
STORJUSDT,SELL,LIMIT,1701939111282,74,0.6937
STORJUSDT,SELL,LIMIT,1701939112381,24,0.6933
STORJUSDT,SELL,LIMIT,1701939122537,31,0.6933
STORJUSDT,SELL,LIMIT,1701939134004,685,0.6929
STORJUSDT,SELL,LIMIT,1701939135596,567,0.6927
STORJUSDT,SELL,LIMIT,1701939363182,13734,0.6907
STORJUSDT,SELL,LIMIT,1701939364213,419,0.6921
STORJUSDT,SELL,LIMIT,1701939365862,12,0.6913
STORJUSDT,SELL,LIMIT,1701939369102,148,0.6911
STORJUSDT,SELL,LIMIT,1701939454796,64,0.6910
STORJUSDT,SELL,LIMIT,1701939516863,687,0.6910
STORJUSDT,SELL,LIMIT,1701939562471,4829,0.6909
STORJUSDT,SELL,LIMIT,1701939564456,8,0.6908
STORJUSDT,SELL,LIMIT,1701939570855,116,0.6901
STORJUSDT,SELL,LIMIT,1701939571968,130,0.6897
STORJUSDT,SELL,LIMIT,1701939573294,218,0.6893
STORJUSDT,SELL,LIMIT,1701939973090,271,0.6890
STORJUSDT,SELL,LIMIT,1701939974423,3482,0.6890
STORJUSDT,SELL,LIMIT,1701939975507,253,0.6888
STORJUSDT,SELL,LIMIT,1701939985853,2040,0.6891
STORJUSDT,SELL,LIMIT,1701939992466,6815,0.6887
STORJUSDT,SELL,LIMIT,1701939994010,20,0.6885
STORJUSDT,SELL,LIMIT,1701940003805,69,0.6881
STORJUSDT,SELL,LIMIT,1701940011042,135,0.6879
STORJUSDT,SELL,LIMIT,1701940474715,18,0.6870
STORJUSDT,SELL,LIMIT,1701940554402,1400,0.6869
STORJUSDT,SELL,LIMIT,1701940556241,312,0.6857
STORJUSDT,SELL,LIMIT,1701940558363,306,0.6857
STORJUSDT,SELL,LIMIT,1701940559391,33,0.6846
STORJUSDT,SELL,LIMIT,1701940562646,258,0.6839
STORJUSDT,SELL,LIMIT,1701940564519,129,0.6824
STORJUSDT,SELL,LIMIT,1701940570269,136,0.6829
STORJUSDT,SELL,LIMIT,1701941066191,80,0.6819
STORJUSDT,SELL,LIMIT,1701941067272,273,0.6820
STORJUSDT,SELL,LIMIT,1701941068924,5564,0.6820
STORJUSDT,SELL,LIMIT,1701941073196,2091,0.6811
STORJUSDT,SELL,LIMIT,1701941074698,98,0.6811
STORJUSDT,SELL,LIMIT,1701941076325,183,0.6806
STORJUSDT,SELL,LIMIT,1701941082467,95,0.6802
STORJUSDT,SELL,LIMIT,1701941152292,1499,0.6801
STORJUSDT,SELL,LIMIT,1701941153781,15201,0.6776
STORJUSDT,SELL,LIMIT,1701941155833,372,0.6793
STORJUSDT,SELL,LIMIT,1701941158474,149,0.6792
STORJUSDT,SELL,LIMIT,1701941168213,1,0.6790
STORJUSDT,SELL,LIMIT,1701941178588,1141,0.6781
STORJUSDT,SELL,LIMIT,1701941182835,16122,0.6754
STORJUSDT,SELL,LIMIT,1701941186299,2243,0.6772
STORJUSDT,SELL,LIMIT,1701941188195,853,0.6769
STORJUSDT,SELL,LIMIT,1701941189457,3,0.6766
STORJUSDT,SELL,LIMIT,1701941191384,466,0.6764
STORJUSDT,SELL,LIMIT,1701941193176,124,0.6767
STORJUSDT,SELL,LIMIT,1701941236959,687,0.6765
STORJUSDT,SELL,LIMIT,1701941239168,183,0.6759
STORJUSDT,SELL,LIMIT,1701941243565,137,0.6763
STORJUSDT,SELL,LIMIT,1701941245119,45,0.6758
STORJUSDT,SELL,LIMIT,1701941246603,3378,0.6754
STORJUSDT,SELL,LIMIT,1701945492358,91,0.6908
STORJUSDT,BUY,LIMIT,1701951355086,84,0.7190
STORJUSDT,BUY,LIMIT,1701951384517,201,0.7215
STORJUSDT,BUY,LIMIT,1701953410294,864,0.7251
STORJUSDT,BUY,LIMIT,1701953833305,23,0.7261
STORJUSDT,BUY,LIMIT,1701954089688,28,0.7267
STORJUSDT,BUY,LIMIT,1701962668318,1494,0.7250
STORJUSDT,BUY,LIMIT,1701965047854,341,0.7249
STORJUSDT,SELL,LIMIT,1701969230068,265,0.7057
STORJUSDT,BUY,LIMIT,1701969314366,167,0.7360
STORJUSDT,BUY,LIMIT,1701969316342,28,0.7362
STORJUSDT,BUY,LIMIT,1701969322347,310,0.7367
STORJUSDT,BUY,LIMIT,1701969443022,1380,0.7383
STORJUSDT,SELL,LIMIT,1701976186172,678,0.6992
STORJUSDT,SELL,LIMIT,1701977343444,890,0.6936
STORJUSDT,BUY,LIMIT,1701983891064,49,0.7234
STORJUSDT,SELL,LIMIT,1701985577976,54,0.7034
STORJUSDT,SELL,LIMIT,1701988372675,29,0.7015
STORJUSDT,SELL,LIMIT,1701988459916,112,0.7000
STORJUSDT,BUY,LIMIT,1701993681671,9,0.7340
STORJUSDT,SELL,LIMIT,1702003651571,2761,0.6948
STORJUSDT,SELL,LIMIT,1702003653514,9,0.7104
STORJUSDT,SELL,LIMIT,1702003661288,243,0.6945
STORJUSDT,SELL,LIMIT,1702005342708,4338,0.6973
STORJUSDT,SELL,LIMIT,1702006583164,12,0.7140
STORJUSDT,BUY,LIMIT,1702011149994,90,0.7245
STORJUSDT,SELL,LIMIT,1702013232925,14,0.6987
STORJUSDT,SELL,LIMIT,1702020663523,850,0.6926
STORJUSDT,BUY,LIMIT,1702027937214,86,0.7271
STORJUSDT,BUY,LIMIT,1702035958324,701,0.7243
STORJUSDT,SELL,LIMIT,1702036154138,104,0.7007
STORJUSDT,SELL,LIMIT,1702036164478,200,0.7024
STORJUSDT,SELL,LIMIT,1702045836234,19,0.7004
STORJUSDT,BUY,LIMIT,1702048108127,20,0.7325
STORJUSDT,BUY,LIMIT,1702050405435,10,0.7312
STORJUSDT,SELL,LIMIT,1702051514698,176,0.7039
STORJUSDT,BUY,LIMIT,1702056035835,1,0.7303
STORJUSDT,SELL,LIMIT,1702064276445,36,0.7063
STORJUSDT,BUY,LIMIT,1702064747505,2522,0.7351
STORJUSDT,BUY,LIMIT,1702065742957,86,0.7366
STORJUSDT,BUY,LIMIT,1702068399589,8,0.7411
STORJUSDT,BUY,LIMIT,1702068990320,1445,0.7420
STORJUSDT,BUY,LIMIT,1702070663197,17,0.7388
STORJUSDT,BUY,LIMIT,1702070752993,134,0.7385
STORJUSDT,BUY,LIMIT,1702072859393,89,0.7404
STORJUSDT,SELL,LIMIT,1702072953331,1817,0.7109
STORJUSDT,SELL,LIMIT,1702077663931,195,0.7091
STORJUSDT,BUY,LIMIT,1702078515668,100,0.7418
STORJUSDT,BUY,LIMIT,1702078548839,904,0.7417
STORJUSDT,BUY,LIMIT,1702078608282,131,0.7420
STORJUSDT,BUY,LIMIT,1702080159513,70,0.7416
STORJUSDT,BUY,LIMIT,1702080768624,4997,0.7436
STORJUSDT,BUY,LIMIT,1702080787549,55,0.7440
STORJUSDT,BUY,LIMIT,1702081298055,1200,0.7441
STORJUSDT,BUY,LIMIT,1702081649291,11,0.7451
STORJUSDT,BUY,LIMIT,1702082090422,1409,0.7457
STORJUSDT,SELL,LIMIT,1702082809885,21947,0.7148
STORJUSDT,BUY,LIMIT,1702082974938,28,0.7471
STORJUSDT,SELL,LIMIT,1702083596305,344,0.7163
STORJUSDT,SELL,LIMIT,1702084027873,50,0.7130
STORJUSDT,BUY,LIMIT,1702084127511,21,0.7380
STORJUSDT,BUY,LIMIT,1702085555500,1,0.7413
STORJUSDT,BUY,LIMIT,1702091456766,23,0.7400
STORJUSDT,BUY,LIMIT,1702094636405,28,0.7434
STORJUSDT,BUY,LIMIT,1702097803542,299,0.7434
STORJUSDT,BUY,LIMIT,1702099357147,30,0.7414
STORJUSDT,SELL,LIMIT,1702102643277,490,0.7143
STORJUSDT,BUY,LIMIT,1702102926752,138,0.7435
STORJUSDT,SELL,LIMIT,1702103465218,6624,0.7162
STORJUSDT,BUY,LIMIT,1702105901130,28,0.7459
STORJUSDT,BUY,LIMIT,1702109026207,11,0.7485
STORJUSDT,BUY,LIMIT,1702109056051,2806,0.7487
STORJUSDT,BUY,LIMIT,1702109058382,421,0.7488
STORJUSDT,BUY,LIMIT,1702109167845,28,0.7507
STORJUSDT,BUY,LIMIT,1702109205582,142,0.7510
STORJUSDT,BUY,LIMIT,1702109261505,28,0.7515
STORJUSDT,BUY,LIMIT,1702109595994,28,0.7491
STORJUSDT,BUY,LIMIT,1702110204247,6624,0.7495
STORJUSDT,SELL,LIMIT,1702110905613,48,0.7141
STORJUSDT,BUY,LIMIT,1702111031400,10,0.7352
STORJUSDT,SELL,LIMIT,1702111035735,21,0.7057
STORJUSDT,SELL,LIMIT,1702111037177,787,0.7044
STORJUSDT,SELL,LIMIT,1702111040450,685,0.7040
STORJUSDT,SELL,LIMIT,1702111046879,30,0.7023
STORJUSDT,SELL,LIMIT,1702111048281,2623,0.7018
STORJUSDT,SELL,LIMIT,1702111072103,9,0.7007
STORJUSDT,SELL,LIMIT,1702111381494,153,0.7001
STORJUSDT,SELL,LIMIT,1702111382654,1024,0.7002
STORJUSDT,SELL,LIMIT,1702111385794,197,0.6991
STORJUSDT,SELL,LIMIT,1702111387379,2012,0.6982
STORJUSDT,SELL,LIMIT,1702113540553,189,0.7114
STORJUSDT,SELL,LIMIT,1702114115876,1550,0.7115
STORJUSDT,SELL,LIMIT,1702126297493,85,0.7137
STORJUSDT,SELL,LIMIT,1702129622150,27,0.7126
STORJUSDT,SELL,LIMIT,1702133005988,2895,0.7014
STORJUSDT,SELL,LIMIT,1702133007469,58,0.7015
STORJUSDT,SELL,LIMIT,1702141571173,230,0.7043
STORJUSDT,SELL,LIMIT,1702141708735,303,0.7023
STORJUSDT,SELL,LIMIT,1702141746324,20,0.7024
STORJUSDT,SELL,LIMIT,1702141841763,1378,0.7021
STORJUSDT,SELL,LIMIT,1702144782246,6593,0.7028
STORJUSDT,SELL,LIMIT,1702147601403,63,0.7079
STORJUSDT,SELL,LIMIT,1702153704411,28,0.7056
STORJUSDT,SELL,LIMIT,1702164543411,128,0.7006
STORJUSDT,SELL,LIMIT,1702164545235,31,0.7005
STORJUSDT,SELL,LIMIT,1702164744930,11,0.6986
STORJUSDT,SELL,LIMIT,1702164771300,1171,0.6973
STORJUSDT,SELL,LIMIT,1702164802222,28,0.6963
STORJUSDT,SELL,LIMIT,1702164803516,31,0.6954
STORJUSDT,SELL,LIMIT,1702164805239,134,0.6945
STORJUSDT,SELL,LIMIT,1702164806544,118,0.6952
STORJUSDT,SELL,LIMIT,1702164807590,1349,0.6923
STORJUSDT,SELL,LIMIT,1702164808699,396,0.6913
STORJUSDT,SELL,LIMIT,1702164811197,8270,0.6909
STORJUSDT,SELL,LIMIT,1702164937867,1942,0.6941
STORJUSDT,SELL,LIMIT,1702197088667,14533,0.6938
STORJUSDT,SELL,LIMIT,1702200329845,41,0.6942
STORJUSDT,SELL,LIMIT,1702200510145,12,0.6944
STORJUSDT,SELL,LIMIT,1702200700636,14,0.6933
STORJUSDT,SELL,LIMIT,1702200763739,5522,0.6914
STORJUSDT,SELL,LIMIT,1702200795844,188,0.6908
STORJUSDT,SELL,LIMIT,1702200797286,103,0.6905
STORJUSDT,SELL,LIMIT,1702200799905,182,0.6906
STORJUSDT,SELL,LIMIT,1702200884241,9,0.6904
STORJUSDT,SELL,LIMIT,1702200887419,49,0.6900
STORJUSDT,SELL,LIMIT,1702200891369,725,0.6897
STORJUSDT,SELL,LIMIT,1702200923970,299,0.6893
STORJUSDT,SELL,LIMIT,1702200926016,10,0.6888
STORJUSDT,SELL,LIMIT,1702201410478,93,0.6885
STORJUSDT,SELL,LIMIT,1702201494087,78,0.6875
STORJUSDT,SELL,LIMIT,1702202054195,504,0.6872
STORJUSDT,SELL,LIMIT,1702202144863,258,0.6867
STORJUSDT,SELL,LIMIT,1702202156776,19,0.6864
STORJUSDT,SELL,LIMIT,1702202158390,1008,0.6864
STORJUSDT,SELL,LIMIT,1702202250295,8,0.6864
STORJUSDT,SELL,LIMIT,1702202252186,243,0.6860
STORJUSDT,SELL,LIMIT,1702202253402,68,0.6859
STORJUSDT,SELL,LIMIT,1702202260957,432,0.6859
STORJUSDT,SELL,LIMIT,1702202275571,61,0.6860
STORJUSDT,SELL,LIMIT,1702202295781,252,0.6858
STORJUSDT,SELL,LIMIT,1702202297337,15131,0.6838
STORJUSDT,SELL,LIMIT,1702202299961,252,0.6853
STORJUSDT,SELL,LIMIT,1702202318310,247,0.6852
STORJUSDT,SELL,LIMIT,1702202320240,613,0.6846
STORJUSDT,SELL,LIMIT,1702202321283,2000,0.6847
STORJUSDT,SELL,LIMIT,1702202323200,5043,0.6837
STORJUSDT,SELL,LIMIT,1702202324363,1235,0.6837
STORJUSDT,SELL,LIMIT,1702202367434,436,0.6836
STORJUSDT,SELL,LIMIT,1702202368687,252,0.6832
STORJUSDT,SELL,LIMIT,1702202380131,247,0.6829
STORJUSDT,SELL,LIMIT,1702202381294,100,0.6830
STORJUSDT,SELL,LIMIT,1702202387653,1194,0.6829
STORJUSDT,SELL,LIMIT,1702202393912,300,0.6826
STORJUSDT,SELL,LIMIT,1702202399004,188,0.6823
STORJUSDT,SELL,LIMIT,1702202405087,212,0.6818
STORJUSDT,SELL,LIMIT,1702202407281,109,0.6817
STORJUSDT,SELL,LIMIT,1702202487201,8,0.6956
STORJUSDT,SELL,LIMIT,1702206753291,155,0.6961
STORJUSDT,SELL,LIMIT,1702224252838,13,0.7452
STORJUSDT,BUY,LIMIT,1702224276418,678,0.7291
STORJUSDT,BUY,LIMIT,1702239853386,46,0.7315
STORJUSDT,SELL,LIMIT,1702245702288,49,0.6995
STORJUSDT,SELL,LIMIT,1702256996597,272,0.6869
STORJUSDT,SELL,LIMIT,1702260267132,508,0.6937
STORJUSDT,SELL,LIMIT,1702260282221,31,0.6905
STORJUSDT,SELL,LIMIT,1702260435231,291,0.6922
STORJUSDT,SELL,LIMIT,1702260437204,502,0.6846
STORJUSDT,SELL,LIMIT,1702260439836,295,0.6839
STORJUSDT,SELL,LIMIT,1702260440956,60,0.6841
STORJUSDT,SELL,LIMIT,1702260623166,291,0.6832
STORJUSDT,SELL,LIMIT,1702260624202,1004,0.6816
STORJUSDT,SELL,LIMIT,1702260626521,502,0.6815
STORJUSDT,BUY,LIMIT,1702260627617,201,0.7089
STORJUSDT,SELL,LIMIT,1702260628745,6933,0.6809
STORJUSDT,SELL,LIMIT,1702260629841,84,0.6803
STORJUSDT,SELL,LIMIT,1702260630893,2511,0.6797
STORJUSDT,SELL,LIMIT,1702260631918,281,0.6792
STORJUSDT,SELL,LIMIT,1702260633843,252,0.6785
STORJUSDT,SELL,LIMIT,1702260635429,88,0.6784
STORJUSDT,SELL,LIMIT,1702260636590,1429,0.6774
STORJUSDT,SELL,LIMIT,1702260638011,95,0.6772
STORJUSDT,SELL,LIMIT,1702260694984,19,0.6785
STORJUSDT,SELL,LIMIT,1702260696367,29,0.6771
STORJUSDT,SELL,LIMIT,1702260699262,773,0.6769
STORJUSDT,SELL,LIMIT,1702260702488,1054,0.6769
STORJUSDT,SELL,LIMIT,1702260707218,50,0.6794
STORJUSDT,SELL,LIMIT,1702260708218,30,0.6765
STORJUSDT,SELL,LIMIT,1702260709289,7818,0.6757
STORJUSDT,SELL,LIMIT,1702260710322,48,0.6750
STORJUSDT,SELL,LIMIT,1702260711332,2075,0.6747
STORJUSDT,SELL,LIMIT,1702260712357,8736,0.6743
STORJUSDT,SELL,LIMIT,1702260714230,1680,0.6729
STORJUSDT,SELL,LIMIT,1702260715448,707,0.7126
STORJUSDT,SELL,LIMIT,1702260716805,7,0.6727
STORJUSDT,SELL,LIMIT,1702260717843,13336,0.6699
STORJUSDT,SELL,LIMIT,1702260718888,2647,0.6702
STORJUSDT,SELL,LIMIT,1702260719898,13588,0.6673
STORJUSDT,SELL,LIMIT,1702260721037,89,0.6681
STORJUSDT,SELL,LIMIT,1702260722093,500,0.6834
STORJUSDT,SELL,LIMIT,1702260723209,122,0.6659
STORJUSDT,SELL,LIMIT,1702260724956,68,0.6635
STORJUSDT,SELL,LIMIT,1702260725974,275,0.6588
STORJUSDT,SELL,LIMIT,1702260726992,173,0.6574
STORJUSDT,SELL,LIMIT,1702260728044,51,0.6554
STORJUSDT,SELL,LIMIT,1702260729456,486,0.6551
STORJUSDT,SELL,LIMIT,1702260730452,88,0.6555
STORJUSDT,SELL,LIMIT,1702260731557,91,0.6555
STORJUSDT,SELL,LIMIT,1702260732602,556,0.6548
STORJUSDT,SELL,LIMIT,1702260733888,96,0.6561
STORJUSDT,SELL,LIMIT,1702260735056,520,0.6559
STORJUSDT,SELL,LIMIT,1702260738551,51,0.6572
STORJUSDT,SELL,LIMIT,1702260739850,1100,0.6571
STORJUSDT,SELL,LIMIT,1702260741245,240,0.6579
STORJUSDT,SELL,LIMIT,1702260742876,12905,0.6577
STORJUSDT,SELL,LIMIT,1702260744624,36,0.6578
STORJUSDT,SELL,LIMIT,1702260745687,2724,0.6581
STORJUSDT,SELL,LIMIT,1702260746844,147,0.6581
STORJUSDT,SELL,LIMIT,1702260747850,548,0.6579
STORJUSDT,SELL,LIMIT,1702260749429,293,0.6523
STORJUSDT,SELL,LIMIT,1702260750471,83,0.6509
STORJUSDT,SELL,LIMIT,1702260751476,412,0.6514
STORJUSDT,SELL,LIMIT,1702260752520,1465,0.6426
STORJUSDT,SELL,LIMIT,1702260753525,4982,0.6445
STORJUSDT,SELL,LIMIT,1702260754600,15,0.6411
STORJUSDT,SELL,LIMIT,1702260755618,32,0.6404
STORJUSDT,SELL,LIMIT,1702260756628,88,0.6377
STORJUSDT,SELL,LIMIT,1702260757645,39,0.6365
STORJUSDT,SELL,LIMIT,1702260758736,50,0.6309
STORJUSDT,SELL,LIMIT,1702260759750,799,0.6275
STORJUSDT,SELL,LIMIT,1702260760746,2893,0.6287
STORJUSDT,SELL,LIMIT,1702260762120,8,0.6306
STORJUSDT,SELL,LIMIT,1702260763138,3942,0.6175
STORJUSDT,SELL,LIMIT,1702260764754,15,0.6233
STORJUSDT,SELL,LIMIT,1702260765760,3515,0.6175
STORJUSDT,SELL,LIMIT,1702260766746,291,0.6168
STORJUSDT,SELL,LIMIT,1702260767824,326,0.6105
STORJUSDT,SELL,LIMIT,1702260768935,1518,0.6123
STORJUSDT,SELL,LIMIT,1702260770048,2643,0.6151
STORJUSDT,SELL,LIMIT,1702260771142,6597,0.6151
STORJUSDT,SELL,LIMIT,1702260772172,75,0.6085
STORJUSDT,SELL,LIMIT,1702260773363,21,0.6089
STORJUSDT,SELL,LIMIT,1702260774376,25,0.6122
STORJUSDT,SELL,LIMIT,1702260775435,635,0.6116
STORJUSDT,SELL,LIMIT,1702260776605,165,0.6182
STORJUSDT,SELL,LIMIT,1702260778151,33,0.6127
STORJUSDT,SELL,LIMIT,1702260779211,15,0.6193
STORJUSDT,SELL,LIMIT,1702260780593,30,0.6262
STORJUSDT,SELL,LIMIT,1702260782039,15,0.6293
STORJUSDT,SELL,LIMIT,1702260783049,15,0.6224
STORJUSDT,SELL,LIMIT,1702260784097,103,0.6233
STORJUSDT,SELL,LIMIT,1702260785203,5340,0.6233
STORJUSDT,SELL,LIMIT,1702260786281,104,0.6218
STORJUSDT,SELL,LIMIT,1702260787441,263,0.6198
STORJUSDT,SELL,LIMIT,1702260788466,20,0.6205
STORJUSDT,SELL,LIMIT,1702260789629,494,0.6197
STORJUSDT,SELL,LIMIT,1702260790673,1196,0.6175
STORJUSDT,SELL,LIMIT,1702260791782,1897,0.6171
STORJUSDT,SELL,LIMIT,1702260793018,700,0.6271
STORJUSDT,SELL,LIMIT,1702260794053,2429,0.6297
STORJUSDT,SELL,LIMIT,1702260795384,4500,0.6210
STORJUSDT,BUY,LIMIT,1702260796421,65,0.6420
STORJUSDT,SELL,LIMIT,1702260797535,2089,0.6140
STORJUSDT,SELL,LIMIT,1702260799176,19,0.7022
STORJUSDT,SELL,LIMIT,1702260800506,152,0.6141
STORJUSDT,SELL,LIMIT,1702260801596,60375,0.6071
STORJUSDT,SELL,LIMIT,1702260802696,3790,0.6185
STORJUSDT,SELL,LIMIT,1702260803824,42,0.6140
STORJUSDT,SELL,LIMIT,1702260805119,222,0.6147
STORJUSDT,SELL,LIMIT,1702260806341,278,0.6121
STORJUSDT,SELL,LIMIT,1702260807399,734,0.6096
STORJUSDT,SELL,LIMIT,1702260808525,1,0.6102
STORJUSDT,SELL,LIMIT,1702260809746,141,0.6102
STORJUSDT,SELL,LIMIT,1702260810796,9939,0.6092
STORJUSDT,SELL,LIMIT,1702260812150,22508,0.6078
STORJUSDT,SELL,LIMIT,1702260813833,698,0.6102
STORJUSDT,SELL,LIMIT,1702260815232,338,0.6085
STORJUSDT,SELL,LIMIT,1702260816388,2504,0.6090
STORJUSDT,SELL,LIMIT,1702260817833,2417,0.6104
STORJUSDT,SELL,LIMIT,1702260820575,920,0.6137
STORJUSDT,SELL,LIMIT,1702260822815,294,0.6126
STORJUSDT,SELL,LIMIT,1702260826259,120,0.6124
STORJUSDT,SELL,LIMIT,1702260832955,789,0.6139
STORJUSDT,BUY,LIMIT,1702260840392,59,0.6427
STORJUSDT,BUY,LIMIT,1702260845161,454,0.6443
STORJUSDT,BUY,LIMIT,1702260861356,48,0.6389
STORJUSDT,BUY,LIMIT,1702260938410,316,0.6602
STORJUSDT,SELL,LIMIT,1702260947263,48,0.6350
STORJUSDT,BUY,LIMIT,1702261114056,13,0.6657
