Symbol,Side,Order Type,Time,Quantity,Price
STRAXUSDT,SELL,LIMIT,1701940562592,75,1.0217387
STRAXUSDT,SELL,LIMIT,1701940724244,186,1.0186289
STRAXUSDT,SELL,LIMIT,1701941001274,30,1.0177140
STRAXUSDT,SELL,LIMIT,1701941074721,84,1.0145934
STRAXUSDT,SELL,LIMIT,1701941150904,7237,1.0145284
STRAXUSDT,SELL,LIMIT,1701941153082,144,1.0138581
STRAXUSDT,SELL,LIMIT,1701941154643,378,1.0107984
STRAXUSDT,SELL,LIMIT,1701941173948,37,1.0105269
STRAXUSDT,SELL,LIMIT,1701941183138,72,1.0091091
STRAXUSDT,SELL,LIMIT,1701941185185,205,1.0084996
STRAXUSDT,SELL,LIMIT,1701941188693,1254,1.0083494
STRAXUSDT,SELL,LIMIT,1701941189742,2021,1.0067923
STRAXUSDT,SELL,LIMIT,1701941207529,93,1.0096785
STRAXUSDT,SELL,LIMIT,1701941240286,165,1.0055761
STRAXUSDT,SELL,LIMIT,1701941245073,92,1.0050021
STRAXUSDT,SELL,LIMIT,1701941246453,951,1.0038017
STRAXUSDT,BUY,LIMIT,1701942182545,24,1.0919542
STRAXUSDT,BUY,LIMIT,1701953976590,1,1.1009670
STRAXUSDT,BUY,LIMIT,1701962686690,1,1.1078680
STRAXUSDT,SELL,LIMIT,1701965452429,144,1.0903262
STRAXUSDT,BUY,LIMIT,1701967242343,193,1.1171733
STRAXUSDT,BUY,LIMIT,1701967243380,234,1.1171749
STRAXUSDT,BUY,LIMIT,1701968137489,45,1.1181796
STRAXUSDT,SELL,LIMIT,1701997592705,101,1.0368500
STRAXUSDT,BUY,LIMIT,1702007615751,38,1.1235947
STRAXUSDT,BUY,LIMIT,1702013175832,27,1.1343986
STRAXUSDT,SELL,LIMIT,1702020666907,88,1.0511456
STRAXUSDT,BUY,LIMIT,1702074640508,15,1.1585780
STRAXUSDT,BUY,LIMIT,1702076191184,6,1.1784867
STRAXUSDT,BUY,LIMIT,1702080420734,169,1.1748180
STRAXUSDT,BUY,LIMIT,1702097786268,130,1.1856215
STRAXUSDT,BUY,LIMIT,1702109741906,159,1.1860450
STRAXUSDT,SELL,LIMIT,1702111032395,200,1.1021387
STRAXUSDT,SELL,LIMIT,1702111041288,261,1.0968171
STRAXUSDT,SELL,LIMIT,1702111070465,1754,1.0941797
STRAXUSDT,SELL,LIMIT,1702111083928,22,1.0930158
STRAXUSDT,SELL,LIMIT,1702111381104,1643,1.0887976
STRAXUSDT,SELL,LIMIT,1702111388929,43,1.0873780
STRAXUSDT,SELL,LIMIT,1702111390753,301,1.0864962
STRAXUSDT,SELL,LIMIT,1702132987820,684,1.0937749
STRAXUSDT,SELL,LIMIT,1702133006476,3117,1.0894419
STRAXUSDT,BUY,LIMIT,1702139151473,3,1.1702970
STRAXUSDT,SELL,LIMIT,1702139279386,9,1.0980401
STRAXUSDT,SELL,LIMIT,1702141643249,182,1.0954182
STRAXUSDT,SELL,LIMIT,1702164579395,15,1.0955274
STRAXUSDT,SELL,LIMIT,1702164752775,880,1.0842859
STRAXUSDT,SELL,LIMIT,1702164767861,361,1.0832280
STRAXUSDT,SELL,LIMIT,1702164802440,101,1.0828999
STRAXUSDT,SELL,LIMIT,1702164810776,1117,1.0815404
STRAXUSDT,SELL,LIMIT,1702164816617,432,1.0793346
STRAXUSDT,SELL,LIMIT,1702200226771,990,1.0776561
STRAXUSDT,SELL,LIMIT,1702200450417,122,1.0742347
STRAXUSDT,SELL,LIMIT,1702200896159,179,1.0630987
STRAXUSDT,SELL,LIMIT,1702202157134,43,1.0578369
STRAXUSDT,SELL,LIMIT,1702202290515,9,1.0557481
STRAXUSDT,SELL,LIMIT,1702202344164,500,1.0521497
STRAXUSDT,BUY,LIMIT,1702209963304,5495,1.1461729
STRAXUSDT,BUY,LIMIT,1702210132914,14,1.1722380
STRAXUSDT,BUY,LIMIT,1702210151517,41,1.1841294
STRAXUSDT,SELL,LIMIT,1702210736259,321,1.0922398
STRAXUSDT,SELL,LIMIT,1702210740438,136,1.0920713
STRAXUSDT,SELL,LIMIT,1702210742438,17,1.0918563
STRAXUSDT,SELL,LIMIT,1702210744084,2613,1.0908245
STRAXUSDT,SELL,LIMIT,1702253651544,2982,1.0907651
STRAXUSDT,SELL,LIMIT,1702256919311,134,1.0717401
STRAXUSDT,SELL,LIMIT,1702260436423,300,1.0641597
STRAXUSDT,SELL,LIMIT,1702260441238,10,1.0614481
STRAXUSDT,SELL,LIMIT,1702260445811,98,1.0576881
STRAXUSDT,SELL,LIMIT,1702260629394,1682,1.0575817
STRAXUSDT,BUY,LIMIT,1702260631690,88,1.1202311
STRAXUSDT,SELL,LIMIT,1702260699262,486,1.0477713
STRAXUSDT,SELL,LIMIT,1702260708204,100,1.0459630
STRAXUSDT,SELL,LIMIT,1702260709597,1644,1.0441480
STRAXUSDT,BUY,LIMIT,1702260711571,91,1.1094064
STRAXUSDT,SELL,LIMIT,1702260715272,219,1.0401287
STRAXUSDT,SELL,LIMIT,1702260717482,4133,1.0376273
STRAXUSDT,SELL,LIMIT,1702260719699,383,1.0351030
STRAXUSDT,SELL,LIMIT,1702260720786,109,1.0347022
STRAXUSDT,SELL,LIMIT,1702260722920,3926,1.0427679
STRAXUSDT,SELL,LIMIT,1702260724635,269,1.0338697
STRAXUSDT,SELL,LIMIT,1702260725879,10,1.0308671
STRAXUSDT,SELL,LIMIT,1702260727514,237,1.0309647
STRAXUSDT,SELL,LIMIT,1702260730224,899,1.0302444
STRAXUSDT,SELL,LIMIT,1702260731807,3476,1.0301177
STRAXUSDT,SELL,LIMIT,1702260733156,2690,1.0296709
STRAXUSDT,SELL,LIMIT,1702260735443,1606,1.0281121
STRAXUSDT,SELL,LIMIT,1702260739167,5,1.0259032
STRAXUSDT,SELL,LIMIT,1702260741087,4118,1.0221118
STRAXUSDT,BUY,LIMIT,1702260742153,5,1.0854822
STRAXUSDT,SELL,LIMIT,1702260743830,900,1.0192752
STRAXUSDT,SELL,LIMIT,1702260745144,3999,1.0181197
STRAXUSDT,SELL,LIMIT,1702260747394,208,1.0259981
STRAXUSDT,SELL,LIMIT,1702260748484,23635,1.0201266
STRAXUSDT,SELL,LIMIT,1702260751497,709,1.0227684
STRAXUSDT,SELL,LIMIT,1702260752824,18,1.0220902
STRAXUSDT,SELL,LIMIT,1702260755347,2500,1.0215550
STRAXUSDT,SELL,LIMIT,1702260757773,17,1.0233663
STRAXUSDT,SELL,LIMIT,1702260759843,282,1.0184480
STRAXUSDT,SELL,LIMIT,1702260760917,5,1.0176391
STRAXUSDT,SELL,LIMIT,1702260762044,845,1.0167141
STRAXUSDT,SELL,LIMIT,1702260763358,2272,1.0127522
STRAXUSDT,SELL,LIMIT,1702260764969,2517,1.0119066
STRAXUSDT,SELL,LIMIT,1702260766818,290,1.0068115
STRAXUSDT,SELL,LIMIT,1702260767964,178,1.0100314
STRAXUSDT,SELL,LIMIT,1702260769623,163,1.0029057
STRAXUSDT,SELL,LIMIT,1702260770711,908,0.9971360
STRAXUSDT,SELL,LIMIT,1702260772105,5,0.9953931
STRAXUSDT,SELL,LIMIT,1702260773232,1859,0.9944847
STRAXUSDT,SELL,LIMIT,1702260774317,400,0.9942516
STRAXUSDT,SELL,LIMIT,1702260775526,4874,0.9862054
STRAXUSDT,SELL,LIMIT,1702260776867,12,0.9858639
STRAXUSDT,BUY,LIMIT,1702260778492,5,1.0472440
STRAXUSDT,SELL,LIMIT,1702260779716,17849,0.9862396
STRAXUSDT,SELL,LIMIT,1702260781748,1002,0.9841999
STRAXUSDT,SELL,LIMIT,1702260782763,154,0.9850063
STRAXUSDT,SELL,LIMIT,1702260783911,913,0.9823711
STRAXUSDT,SELL,LIMIT,1702260785096,23,0.9789887
STRAXUSDT,SELL,LIMIT,1702260786731,6716,0.9753424
STRAXUSDT,SELL,LIMIT,1702260788477,2718,0.9863736
STRAXUSDT,SELL,LIMIT,1702260789490,1094,0.9721910
STRAXUSDT,SELL,LIMIT,1702260790937,9,0.9740863
STRAXUSDT,SELL,LIMIT,1702260792475,51,0.9706370
STRAXUSDT,SELL,LIMIT,1702260793709,18,0.9704061
STRAXUSDT,SELL,LIMIT,1702260796049,25,0.9691203
STRAXUSDT,SELL,LIMIT,1702260797349,888,0.9663470
STRAXUSDT,SELL,LIMIT,1702260800259,500,0.9746294
STRAXUSDT,SELL,LIMIT,1702260801278,10,0.9666750
STRAXUSDT,SELL,LIMIT,1702260803535,15588,0.9643743
STRAXUSDT,SELL,LIMIT,1702260804971,9,0.9627611
STRAXUSDT,SELL,LIMIT,1702260806548,60,0.9626401
STRAXUSDT,SELL,LIMIT,1702260807788,253,0.9608084
STRAXUSDT,SELL,LIMIT,1702260808957,692,0.9613995
STRAXUSDT,SELL,LIMIT,1702260810295,10694,0.9603254
STRAXUSDT,SELL,LIMIT,1702260811314,127,0.9569507
STRAXUSDT,SELL,LIMIT,1702260812317,119129,0.9291817
STRAXUSDT,SELL,LIMIT,1702260815347,4172,0.9480139
STRAXUSDT,SELL,LIMIT,1702260817468,6,0.9455139
STRAXUSDT,SELL,LIMIT,1702260818474,19,0.9451409
STRAXUSDT,SELL,LIMIT,1702260820398,2464,0.9442997
STRAXUSDT,SELL,LIMIT,1702260822267,493,0.9417444
STRAXUSDT,SELL,LIMIT,1702262615562,114,1.0040439
