Symbol,Side,Order Type,Time,Quantity,Price
STRAXUSDT,BUY,LIMIT,1700845615096,224,1.2220791
STRAXUSDT,BUY,LIMIT,1700848000996,324,1.2509918
STRAXUSDT,BUY,LIMIT,1700848694259,1675,1.2561880
STRAXUSDT,SELL,LIMIT,1700849717876,358,1.1825641
STRAXUSDT,BUY,LIMIT,1700852236665,90,1.2672106
STRAXUSDT,BUY,LIMIT,1700852665538,2500,1.2700743
STRAXUSDT,BUY,LIMIT,1700859038055,100,1.2647194
STRAXUSDT,SELL,LIMIT,1700860385381,32,1.1742141
STRAXUSDT,SELL,LIMIT,1700860539607,7142,1.1705178
STRAXUSDT,SELL,LIMIT,1700860556395,97,1.1670627
STRAXUSDT,SELL,LIMIT,1700860560765,194,1.1654094
STRAXUSDT,SELL,LIMIT,1700860607181,49,1.1643765
STRAXUSDT,SELL,LIMIT,1700860610565,163,1.1640565
STRAXUSDT,SELL,LIMIT,1700860623608,34,1.1624411
STRAXUSDT,SELL,LIMIT,1700860627204,443,1.1602381
STRAXUSDT,SELL,LIMIT,1700860629123,187,1.1588484
STRAXUSDT,SELL,LIMIT,1700860630247,164,1.1592615
STRAXUSDT,SELL,LIMIT,1700860638372,151,1.1577613
STRAXUSDT,SELL,LIMIT,1700860649610,119,1.1560747
STRAXUSDT,SELL,LIMIT,1700860650890,246,1.1523710
STRAXUSDT,SELL,LIMIT,1700860684089,6,1.1477769
STRAXUSDT,SELL,LIMIT,1700860685216,176,1.1463903
STRAXUSDT,SELL,LIMIT,1700860686625,97,1.1458043
STRAXUSDT,SELL,LIMIT,1700860689698,554,1.1457072
STRAXUSDT,SELL,LIMIT,1700860693877,12,1.1453747
STRAXUSDT,SELL,LIMIT,1700860698089,1,1.1422992
STRAXUSDT,SELL,LIMIT,1700860788285,5,1.1401451
STRAXUSDT,SELL,LIMIT,1700860792006,2728,1.1360067
STRAXUSDT,SELL,LIMIT,1700862146344,105,1.1340965
STRAXUSDT,SELL,LIMIT,1700862355229,2014,1.1321483
STRAXUSDT,SELL,LIMIT,1700862470243,77,1.1310183
STRAXUSDT,SELL,LIMIT,1700862483000,4142,1.1280549
STRAXUSDT,SELL,LIMIT,1700862485086,9,1.1265177
STRAXUSDT,SELL,LIMIT,1700862496267,40,1.1264006
STRAXUSDT,SELL,LIMIT,1700862604227,753,1.1255852
STRAXUSDT,SELL,LIMIT,1700862607028,1038,1.1249419
STRAXUSDT,SELL,LIMIT,1700862611042,579,1.1244957
STRAXUSDT,SELL,LIMIT,1700862671788,2900,1.1236688
STRAXUSDT,SELL,LIMIT,1700862733831,314,1.1232835
STRAXUSDT,SELL,LIMIT,1700862744357,710,1.1224230
STRAXUSDT,SELL,LIMIT,1700862779154,16,1.1202381
STRAXUSDT,SELL,LIMIT,1700862781671,16,1.1199707
STRAXUSDT,SELL,LIMIT,1700863214693,42,1.1185573
STRAXUSDT,SELL,LIMIT,1700863215898,4,1.1163645
STRAXUSDT,SELL,LIMIT,1700863218061,165,1.1153934
STRAXUSDT,BUY,LIMIT,1700863322166,837,1.2064129
STRAXUSDT,SELL,LIMIT,1700863439110,1682,1.1107290
STRAXUSDT,SELL,LIMIT,1700863444204,167,1.1091251
STRAXUSDT,SELL,LIMIT,1700863484222,6344,1.1092504
STRAXUSDT,SELL,LIMIT,1700863485278,3588,1.1066773
STRAXUSDT,SELL,LIMIT,1700863489271,1200,1.1032206
STRAXUSDT,SELL,LIMIT,1700863490362,141,1.1010614
STRAXUSDT,SELL,LIMIT,1700863491953,10618,1.0989331
STRAXUSDT,SELL,LIMIT,1700863493058,82,1.0974212
STRAXUSDT,SELL,LIMIT,1700863494215,291,1.0943523
STRAXUSDT,SELL,LIMIT,1700863495740,49,1.0937431
STRAXUSDT,SELL,LIMIT,1700863496770,3238,1.0902737
STRAXUSDT,SELL,LIMIT,1700863498409,1455,1.0871612
STRAXUSDT,SELL,LIMIT,1700863501052,3973,1.0854727
STRAXUSDT,SELL,LIMIT,1700863503121,130,1.0846180
STRAXUSDT,SELL,LIMIT,1700863517217,3454,1.0863377
STRAXUSDT,SELL,LIMIT,1700863529202,848,1.0830117
STRAXUSDT,SELL,LIMIT,1700863535734,2375,1.0818557
STRAXUSDT,SELL,LIMIT,1700863537670,87,1.0764722
STRAXUSDT,SELL,LIMIT,1700863538758,973,1.0753991
STRAXUSDT,SELL,LIMIT,1700863540626,963,1.0744197
STRAXUSDT,SELL,LIMIT,1700863541694,365,1.0732447
STRAXUSDT,SELL,LIMIT,1700863542748,9,1.0691898
STRAXUSDT,SELL,LIMIT,1700863544258,4165,1.0627343
STRAXUSDT,SELL,LIMIT,1700863545269,16,1.0605679
STRAXUSDT,SELL,LIMIT,1700863547130,69,1.0565993
STRAXUSDT,SELL,LIMIT,1700863564563,764,1.0559347
STRAXUSDT,BUY,LIMIT,1700863661421,199,1.1501059
STRAXUSDT,SELL,LIMIT,1700863970118,22,1.0577165
STRAXUSDT,SELL,LIMIT,1700863987737,144,1.0545453
STRAXUSDT,SELL,LIMIT,1700863989090,14,1.0537918
STRAXUSDT,SELL,LIMIT,1700864389117,1410,1.0530062
STRAXUSDT,SELL,LIMIT,1700864595678,13,1.0487085
STRAXUSDT,SELL,LIMIT,1700864596880,160,1.0485306
STRAXUSDT,SELL,LIMIT,1700864598131,18,1.0475050
STRAXUSDT,SELL,LIMIT,1700864619097,146,1.0431376
STRAXUSDT,SELL,LIMIT,1700864620135,1317,1.0425230
STRAXUSDT,SELL,LIMIT,1700864621650,18,1.0408201
STRAXUSDT,SELL,LIMIT,1700864629551,2498,1.0370963
STRAXUSDT,SELL,LIMIT,1700864630883,7592,1.0357766
STRAXUSDT,SELL,LIMIT,1700864632135,792,1.0312051
STRAXUSDT,SELL,LIMIT,1700864633287,30,1.0308381
STRAXUSDT,SELL,LIMIT,1700864648035,429,1.0281732
STRAXUSDT,SELL,LIMIT,1700864652143,59,1.0264597
STRAXUSDT,SELL,LIMIT,1700864673170,5558,1.0252069
STRAXUSDT,SELL,LIMIT,1700864674344,337,1.0265810
STRAXUSDT,SELL,LIMIT,1700864675411,2174,1.0238091
STRAXUSDT,SELL,LIMIT,1700864676439,46,1.0227004
STRAXUSDT,SELL,LIMIT,1700864702161,6,1.0211946
STRAXUSDT,BUY,LIMIT,1700865091854,2835,1.1100103
STRAXUSDT,BUY,LIMIT,1700865122502,16,1.1119957
STRAXUSDT,BUY,LIMIT,1700865123584,2938,1.1127880
STRAXUSDT,BUY,LIMIT,1700865139679,2544,1.1212044
STRAXUSDT,BUY,LIMIT,1700865229044,134,1.1228648
STRAXUSDT,BUY,LIMIT,1700865233761,755,1.1254034
STRAXUSDT,SELL,LIMIT,1700866117288,903,1.0377434
STRAXUSDT,SELL,LIMIT,1700866119182,340,1.0330576
STRAXUSDT,SELL,LIMIT,1700866122265,3037,1.0259965
STRAXUSDT,SELL,LIMIT,1700866127107,274,1.0245319
STRAXUSDT,SELL,LIMIT,1700866161020,100,1.0216811
STRAXUSDT,SELL,LIMIT,1700866952022,524,1.0203691
STRAXUSDT,SELL,LIMIT,1700867207682,116,1.0225860
STRAXUSDT,SELL,LIMIT,1700867228605,1316,1.0199743
STRAXUSDT,SELL,LIMIT,1700867230274,909,1.0179048
STRAXUSDT,SELL,LIMIT,1700867248921,3745,1.0148137
STRAXUSDT,SELL,LIMIT,1700867250975,303,1.0130095
STRAXUSDT,SELL,LIMIT,1700867257597,362,1.0115986
STRAXUSDT,SELL,LIMIT,1700867321153,45,1.0100982
STRAXUSDT,SELL,LIMIT,1700867323901,76,1.0092430
STRAXUSDT,SELL,LIMIT,1700867339601,45,1.0085903
STRAXUSDT,SELL,LIMIT,1700867341769,3131,1.0084879
STRAXUSDT,SELL,LIMIT,1700867363405,191,1.0053475
STRAXUSDT,SELL,LIMIT,1700867464146,302,1.0041328
STRAXUSDT,SELL,LIMIT,1700867473415,264,1.0034800
STRAXUSDT,SELL,LIMIT,1700867476831,1003,1.0026751
STRAXUSDT,BUY,LIMIT,1700867993357,636,1.0869219
STRAXUSDT,BUY,LIMIT,1700869375645,265,1.0945440
STRAXUSDT,BUY,LIMIT,1700871332786,376,1.1032610
STRAXUSDT,BUY,LIMIT,1700871359678,3840,1.1060697
STRAXUSDT,BUY,LIMIT,1700871412968,16,1.1101096
STRAXUSDT,SELL,LIMIT,1700872867039,4070,1.0259342
STRAXUSDT,SELL,LIMIT,1700874833962,1013,1.0186095
STRAXUSDT,SELL,LIMIT,1700876154541,311,1.0071705
STRAXUSDT,BUY,LIMIT,1700877272222,6,1.0910998
STRAXUSDT,BUY,LIMIT,1700878606491,28,1.1013916
STRAXUSDT,BUY,LIMIT,1700878648230,30,1.1040746
STRAXUSDT,BUY,LIMIT,1700878649683,101,1.1045277
STRAXUSDT,BUY,LIMIT,1700878684595,1127,1.1070193
STRAXUSDT,BUY,LIMIT,1700878691339,935,1.1080147
STRAXUSDT,BUY,LIMIT,1700878776698,947,1.1102761
STRAXUSDT,BUY,LIMIT,1700879107327,7,1.1117353
STRAXUSDT,BUY,LIMIT,1700879136929,9,1.1147541
STRAXUSDT,BUY,LIMIT,1700879142399,39,1.1179733
STRAXUSDT,BUY,LIMIT,1700879552797,49,1.1270830
STRAXUSDT,BUY,LIMIT,1700879557470,488,1.1283594
STRAXUSDT,BUY,LIMIT,1700879558833,5722,1.1280120
STRAXUSDT,BUY,LIMIT,1700879604064,7,1.1374209
STRAXUSDT,BUY,LIMIT,1700879634513,249,1.1389270
STRAXUSDT,BUY,LIMIT,1700879676550,15,1.1425452
STRAXUSDT,BUY,LIMIT,1700879688417,14,1.1457555
STRAXUSDT,SELL,LIMIT,1700886709344,144,1.0517834
STRAXUSDT,SELL,LIMIT,1700886813384,26,1.0505089
STRAXUSDT,SELL,LIMIT,1700886814429,6662,1.0504708
STRAXUSDT,SELL,LIMIT,1700887201273,14,1.0490444
STRAXUSDT,SELL,LIMIT,1700888010998,101,1.0476564
STRAXUSDT,SELL,LIMIT,1700888062053,15,1.0465768
STRAXUSDT,SELL,LIMIT,1700888101202,807,1.0459369
STRAXUSDT,SELL,LIMIT,1700888165525,272,1.0454492
STRAXUSDT,SELL,LIMIT,1700888316217,157,1.0384744
STRAXUSDT,SELL,LIMIT,1700888388130,130,1.0314594
STRAXUSDT,SELL,LIMIT,1700888391225,18,1.0298001
STRAXUSDT,SELL,LIMIT,1700888412034,1743,1.0287683
STRAXUSDT,SELL,LIMIT,1700892285100,95,1.0438843
STRAXUSDT,BUY,LIMIT,1700897343053,159,1.1159352
STRAXUSDT,SELL,LIMIT,1700907092943,1015,1.0307440
STRAXUSDT,SELL,LIMIT,1700907565507,2913,1.0269575
STRAXUSDT,SELL,LIMIT,1700907567265,1407,1.0265784
STRAXUSDT,SELL,LIMIT,1700907575327,84,1.0257177
STRAXUSDT,SELL,LIMIT,1700907578497,9,1.0256323
STRAXUSDT,SELL,LIMIT,1700907581134,393,1.0248133
STRAXUSDT,SELL,LIMIT,1700907593470,85,1.0241446
STRAXUSDT,SELL,LIMIT,1700907650521,37,1.0232990
STRAXUSDT,SELL,LIMIT,1700908433977,207,1.0225412
STRAXUSDT,SELL,LIMIT,1700908435885,70,1.0218318
STRAXUSDT,SELL,LIMIT,1700908443311,29,1.0207095
STRAXUSDT,SELL,LIMIT,1700908446239,1257,1.0188276
STRAXUSDT,SELL,LIMIT,1700912172126,30,1.0193710
STRAXUSDT,SELL,LIMIT,1700912211198,24,1.0378822
STRAXUSDT,SELL,LIMIT,1700912279358,2803,1.0167680
STRAXUSDT,SELL,LIMIT,1700912368755,156,1.0156813
STRAXUSDT,SELL,LIMIT,1700912389849,252,1.0151474
STRAXUSDT,SELL,LIMIT,1700912421255,93,1.0141786
STRAXUSDT,SELL,LIMIT,1700912450036,247,1.0133790
STRAXUSDT,SELL,LIMIT,1700912453975,4809,1.0127158
STRAXUSDT,SELL,LIMIT,1700912455288,5,1.0125365
STRAXUSDT,SELL,LIMIT,1700912456364,14,1.0111406
STRAXUSDT,SELL,LIMIT,1700912459129,5341,1.0113963
STRAXUSDT,SELL,LIMIT,1700912491047,17,1.0108753
STRAXUSDT,SELL,LIMIT,1700912681404,188,1.0100627
STRAXUSDT,BUY,LIMIT,1700927150070,11,1.0937437
STRAXUSDT,BUY,LIMIT,1700934535207,2870,1.0968976
STRAXUSDT,BUY,LIMIT,1700937253144,10,1.1029313
STRAXUSDT,BUY,LIMIT,1700937270096,352,1.1033975
STRAXUSDT,SELL,LIMIT,1700937700319,51,1.0389535
STRAXUSDT,BUY,LIMIT,1700938213377,294,1.1045770
STRAXUSDT,BUY,LIMIT,1700938215089,14,1.1049646
STRAXUSDT,BUY,LIMIT,1700938310359,189,1.1051883
