Symbol,Side,Order Type,Time,Quantity,Price
STXUSDT,SELL,LIMIT,1701067819150,317,0.6680816
STXUSDT,SELL,LIMIT,1701067839248,319,0.6667864
STXUSDT,SELL,LIMIT,1701067864590,321,0.6651811
STXUSDT,SELL,LIMIT,1701068175336,16,0.6628278
STXUSDT,SELL,LIMIT,1701069515071,3554,0.6621208
STXUSDT,SELL,LIMIT,1701069563549,4444,0.6609054
STXUSDT,SELL,LIMIT,1701069641812,18563,0.6539984
STXUSDT,SELL,LIMIT,1701069876333,91,0.6588182
STXUSDT,SELL,LIMIT,1701069916365,1820,0.6573629
STXUSDT,SELL,LIMIT,1701070064244,110,0.6566073
STXUSDT,SELL,LIMIT,1701070167354,215,0.6563612
STXUSDT,SELL,LIMIT,1701082600773,77,0.6525919
STXUSDT,SELL,LIMIT,1701082633100,223,0.6520549
STXUSDT,SELL,LIMIT,1701082697958,556,0.6506929
STXUSDT,SELL,LIMIT,1701082700998,142,0.6505015
STXUSDT,SELL,LIMIT,1701082702584,115,0.6504930
STXUSDT,SELL,LIMIT,1701084932427,58,0.6476746
STXUSDT,SELL,LIMIT,1701097087163,316,0.6464769
STXUSDT,SELL,LIMIT,1701097100056,465,0.6458169
STXUSDT,SELL,LIMIT,1701097101300,1316,0.6454631
STXUSDT,SELL,LIMIT,1701100150329,212,0.6446756
STXUSDT,SELL,LIMIT,1701100216311,38333,0.6354588
STXUSDT,SELL,LIMIT,1701100523128,1473,0.6439951
STXUSDT,SELL,LIMIT,1701100620326,108,0.6415139
STXUSDT,SELL,LIMIT,1701100935141,639,0.6452811
STXUSDT,SELL,LIMIT,1701101007837,13,0.6428071
STXUSDT,SELL,LIMIT,1701101101606,560,0.6436981
STXUSDT,SELL,LIMIT,1701112082307,3245,0.6435819
STXUSDT,SELL,LIMIT,1701114165575,358,0.6397557
STXUSDT,SELL,LIMIT,1701114231416,1160,0.6391441
STXUSDT,SELL,LIMIT,1701114237065,2260,0.6387048
STXUSDT,SELL,LIMIT,1701114333646,474,0.6384573
STXUSDT,SELL,LIMIT,1701114368763,12,0.6383131
STXUSDT,SELL,LIMIT,1701114456215,141,0.6375424
STXUSDT,SELL,LIMIT,1701114474091,7711,0.6368201
STXUSDT,SELL,LIMIT,1701114497726,204,0.6362229
STXUSDT,SELL,LIMIT,1701116990210,4488,0.6361226
STXUSDT,SELL,LIMIT,1701117005047,414,0.6356052
STXUSDT,SELL,LIMIT,1701117095688,100,0.6345437
STXUSDT,SELL,LIMIT,1701147584163,157,0.6330849
STXUSDT,SELL,LIMIT,1701147695241,311,0.6328751
STXUSDT,SELL,LIMIT,1701147800513,1992,0.6314549
STXUSDT,SELL,LIMIT,1701147875775,1,0.6307565
STXUSDT,SELL,LIMIT,1701147879256,5,0.6305572
STXUSDT,SELL,LIMIT,1701147883490,166,0.6301422
STXUSDT,SELL,LIMIT,1701148005211,76534,0.6206241
STXUSDT,SELL,LIMIT,1701148094312,4006,0.6275649
STXUSDT,SELL,LIMIT,1701148114342,11210,0.6240126
STXUSDT,SELL,LIMIT,1701148130230,7307,0.6263077
STXUSDT,SELL,LIMIT,1701148249891,4321,0.6251089
STXUSDT,SELL,LIMIT,1701148937047,3000,0.6269314
STXUSDT,SELL,LIMIT,1701149772078,14,0.6246807
STXUSDT,SELL,LIMIT,1701149773085,3924,0.6237595
STXUSDT,SELL,LIMIT,1701149831265,2178,0.6231692
STXUSDT,SELL,LIMIT,1701149852149,28009,0.6157404
STXUSDT,SELL,LIMIT,1701149853180,280,0.6218378
STXUSDT,SELL,LIMIT,1701151263536,2195,0.6213552
