Symbol,Side,Order Type,Time,Quantity,Price
STXUSDT,SELL,LIMIT,1701067819150,317,0.6680816
STXUSDT,SELL,LIMIT,1701067839248,319,0.6667864
STXUSDT,SELL,LIMIT,1701067864590,321,0.6651811
STXUSDT,SELL,LIMIT,1701068175336,16,0.6628278
STXUSDT,SELL,LIMIT,1701069515071,3554,0.6621208
STXUSDT,SELL,LIMIT,1701069563549,4444,0.6609054
STXUSDT,SELL,LIMIT,1701069641812,18563,0.6539984
STXUSDT,SELL,LIMIT,1701069876333,91,0.6588182
STXUSDT,SELL,LIMIT,1701069916365,1820,0.6573629
STXUSDT,SELL,LIMIT,1701070064244,110,0.6566073
STXUSDT,SELL,LIMIT,1701070167354,215,0.6563612
STXUSDT,SELL,LIMIT,1701082600773,77,0.6525919
STXUSDT,SELL,LIMIT,1701082633100,223,0.6520549
STXUSDT,SELL,LIMIT,1701082697958,556,0.6506929
STXUSDT,SELL,LIMIT,1701082700998,142,0.6505015
STXUSDT,SELL,LIMIT,1701082702584,115,0.6504930
STXUSDT,SELL,LIMIT,1701084932427,58,0.6476746
STXUSDT,SELL,LIMIT,1701097087163,316,0.6464769
STXUSDT,SELL,LIMIT,1701097100056,465,0.6458169
STXUSDT,SELL,LIMIT,1701097101300,1316,0.6454631
STXUSDT,SELL,LIMIT,1701100150329,212,0.6446756
STXUSDT,SELL,LIMIT,1701100216311,38333,0.6354588
STXUSDT,SELL,LIMIT,1701100523128,1473,0.6439951
STXUSDT,SELL,LIMIT,1701100620326,108,0.6415139
STXUSDT,SELL,LIMIT,1701100935141,639,0.6452811
STXUSDT,SELL,LIMIT,1701101007837,13,0.6428071
STXUSDT,SELL,LIMIT,1701101101606,560,0.6436981
STXUSDT,SELL,LIMIT,1701112082307,3245,0.6435819
STXUSDT,SELL,LIMIT,1701114165575,358,0.6397557
STXUSDT,SELL,LIMIT,1701114231416,1160,0.6391441
STXUSDT,SELL,LIMIT,1701114237065,2260,0.6387048
STXUSDT,SELL,LIMIT,1701114333646,474,0.6384573
STXUSDT,SELL,LIMIT,1701114368763,12,0.6383131
STXUSDT,SELL,LIMIT,1701114456215,141,0.6375424
STXUSDT,SELL,LIMIT,1701114474091,7711,0.6368201
STXUSDT,SELL,LIMIT,1701114497726,204,0.6362229
STXUSDT,SELL,LIMIT,1701116990210,4488,0.6361226
STXUSDT,SELL,LIMIT,1701117005047,414,0.6356052
STXUSDT,SELL,LIMIT,1701117095688,100,0.6345437
STXUSDT,SELL,LIMIT,1701147584163,157,0.6330849
STXUSDT,SELL,LIMIT,1701147695241,311,0.6328751
STXUSDT,SELL,LIMIT,1701147800513,1992,0.6314549
STXUSDT,SELL,LIMIT,1701147875775,1,0.6307565
STXUSDT,SELL,LIMIT,1701147879256,5,0.6305572
STXUSDT,SELL,LIMIT,1701147883490,166,0.6301422
STXUSDT,SELL,LIMIT,1701148005211,76534,0.6206241
STXUSDT,SELL,LIMIT,1701148094312,4006,0.6275649
STXUSDT,SELL,LIMIT,1701148114342,11210,0.6240126
STXUSDT,SELL,LIMIT,1701148130230,7307,0.6263077
STXUSDT,SELL,LIMIT,1701148249891,4321,0.6251089
STXUSDT,SELL,LIMIT,1701148937047,3000,0.6269314
STXUSDT,SELL,LIMIT,1701149772078,14,0.6246807
STXUSDT,SELL,LIMIT,1701149773085,3924,0.6237595
STXUSDT,SELL,LIMIT,1701149831265,2178,0.6231692
STXUSDT,SELL,LIMIT,1701149852149,28009,0.6157404
STXUSDT,SELL,LIMIT,1701149853180,280,0.6218378
STXUSDT,SELL,LIMIT,1701151263536,2195,0.6213552
STXUSDT,BUY,LIMIT,1701182104507,2378,0.6496905
STXUSDT,BUY,LIMIT,1701189804437,109,0.6650850
STXUSDT,BUY,LIMIT,1701190523145,928,0.6781677
STXUSDT,BUY,LIMIT,1701190526473,788,0.6784601
STXUSDT,BUY,LIMIT,1701190543154,3083,0.6802770
STXUSDT,BUY,LIMIT,1701190549409,609,0.6805530
STXUSDT,BUY,LIMIT,1701191385742,75,0.6859498
STXUSDT,BUY,LIMIT,1701191471097,1387,0.6887180
STXUSDT,BUY,LIMIT,1701191608120,1587,0.6925520
STXUSDT,BUY,LIMIT,1701191648595,32,0.6936930
STXUSDT,BUY,LIMIT,1701191678630,440,0.6953749
STXUSDT,BUY,LIMIT,1701191721259,1058,0.6960510
STXUSDT,BUY,LIMIT,1701191964243,666,0.7008800
STXUSDT,BUY,LIMIT,1701191968418,25,0.7033660
STXUSDT,BUY,LIMIT,1701191973132,156,0.7044286
STXUSDT,BUY,LIMIT,1701192065556,297,0.7090422
STXUSDT,BUY,LIMIT,1701192083765,1107,0.7105046
STXUSDT,BUY,LIMIT,1701192125099,500,0.7152390
STXUSDT,SELL,LIMIT,1701195642727,639,0.7092063
STXUSDT,SELL,LIMIT,1701197649097,795,0.6874733
STXUSDT,BUY,LIMIT,1701197853681,285,0.0000000
STXUSDT,BUY,LIMIT,1701208093226,24,0.7287958
STXUSDT,BUY,LIMIT,1701215510279,398,0.7320679
STXUSDT,BUY,LIMIT,1701215512407,5581,0.7331266
STXUSDT,BUY,LIMIT,1701215941417,5124,0.7307145
STXUSDT,BUY,LIMIT,1701217939038,92,0.7339993
STXUSDT,BUY,LIMIT,1701218027171,157,0.7345144
STXUSDT,BUY,LIMIT,1701218110155,323,0.7366806
STXUSDT,BUY,LIMIT,1701218455714,575,0.7385668
STXUSDT,BUY,LIMIT,1701218525230,59,0.7388104
STXUSDT,BUY,LIMIT,1701218627982,250,0.7381843
STXUSDT,BUY,LIMIT,1701218694715,48,0.7397097
STXUSDT,BUY,LIMIT,1701218746323,66,0.7398982
STXUSDT,BUY,LIMIT,1701218776223,3506,0.7414497
STXUSDT,BUY,LIMIT,1701218777252,265,0.7407748
STXUSDT,BUY,LIMIT,1701219243984,700,0.7350912
STXUSDT,BUY,LIMIT,1701219642200,64,0.7337402
STXUSDT,BUY,LIMIT,1701222144334,1297,0.7314008
STXUSDT,BUY,LIMIT,1701224016239,16824,0.7500218
STXUSDT,BUY,LIMIT,1701224017399,8,0.7434443
STXUSDT,BUY,LIMIT,1701224020300,6,0.7438623
STXUSDT,BUY,LIMIT,1701224035205,199,0.7447336
STXUSDT,BUY,LIMIT,1701224112341,1046,0.7467506
STXUSDT,BUY,LIMIT,1701224154686,8376,0.7502697
STXUSDT,BUY,LIMIT,1701224172393,69,0.7487599
STXUSDT,BUY,LIMIT,1701224328138,224,0.7507514
STXUSDT,BUY,LIMIT,1701224333170,58,0.7511746
STXUSDT,BUY,LIMIT,1701224338462,14041,0.7573257
STXUSDT,BUY,LIMIT,1701224342714,1013,0.7524564
STXUSDT,BUY,LIMIT,1701224792111,281,0.7536450
STXUSDT,BUY,LIMIT,1701224793136,235,0.7530983
STXUSDT,BUY,LIMIT,1701225173291,5525,0.7561451
STXUSDT,BUY,LIMIT,1701225394064,39,0.7494527
STXUSDT,BUY,LIMIT,1701225773258,52,0.7575442
STXUSDT,BUY,LIMIT,1701225776001,29,0.7577109
STXUSDT,BUY,LIMIT,1701225924290,4147,0.7590061
STXUSDT,BUY,LIMIT,1701225932643,1323,0.7606621
STXUSDT,BUY,LIMIT,1701225934275,6172,0.7617118
STXUSDT,BUY,LIMIT,1701225938245,12,0.7614220
STXUSDT,BUY,LIMIT,1701226008162,1538,0.7624634
STXUSDT,BUY,LIMIT,1701226016073,527,0.7638090
STXUSDT,BUY,LIMIT,1701226293605,700,0.7650757
STXUSDT,BUY,LIMIT,1701226349370,192,0.7667729
STXUSDT,BUY,LIMIT,1701226351336,4240,0.7672929
STXUSDT,BUY,LIMIT,1701226555063,8,0.7662641
STXUSDT,BUY,LIMIT,1701226597419,688,0.7691798
STXUSDT,BUY,LIMIT,1701226602364,82,0.7702986
STXUSDT,BUY,LIMIT,1701226603872,560,0.7706536
STXUSDT,BUY,LIMIT,1701226624888,25,0.7709116
STXUSDT,BUY,LIMIT,1701237753775,64,0.7638955
STXUSDT,BUY,LIMIT,1701237791527,77,0.7578536
STXUSDT,BUY,LIMIT,1701238385230,5271,0.7722103
STXUSDT,BUY,LIMIT,1701238392172,576,0.7731862
STXUSDT,BUY,LIMIT,1701238425351,9,0.7736770
STXUSDT,BUY,LIMIT,1701238427303,710,0.7742707
STXUSDT,BUY,LIMIT,1701238428412,117,0.7752310
STXUSDT,BUY,LIMIT,1701239690525,111,0.7763465
STXUSDT,BUY,LIMIT,1701240225515,32234,0.7819248
STXUSDT,BUY,LIMIT,1701240741004,449,0.7757540
STXUSDT,BUY,LIMIT,1701240751633,840,0.7790681
STXUSDT,BUY,LIMIT,1701240753731,982,0.7792806
STXUSDT,BUY,LIMIT,1701240758395,420,0.7797669
STXUSDT,BUY,LIMIT,1701240759654,633,0.7801251
STXUSDT,BUY,LIMIT,1701240774257,156,0.7820367
STXUSDT,BUY,LIMIT,1701240775358,1717,0.7828956
STXUSDT,BUY,LIMIT,1701240783956,8557,0.7863002
STXUSDT,SELL,LIMIT,1701240803862,202,0.7710836
STXUSDT,BUY,LIMIT,1701240818293,30,0.7841721
STXUSDT,BUY,LIMIT,1701240853070,22967,0.7930973
STXUSDT,BUY,LIMIT,1701240854607,1812,0.7850490
STXUSDT,BUY,LIMIT,1701240880227,1226,0.7863255
STXUSDT,BUY,LIMIT,1701240894534,147,0.7870892
STXUSDT,BUY,LIMIT,1701240895570,41,0.7890141
STXUSDT,BUY,LIMIT,1701241224792,52,0.7554274
STXUSDT,BUY,LIMIT,1701241262071,39,0.7904434
STXUSDT,BUY,LIMIT,1701241263196,108,0.7904615
STXUSDT,BUY,LIMIT,1701241289044,9349,0.7965629
STXUSDT,BUY,LIMIT,1701241290169,1462,0.7926020
STXUSDT,BUY,LIMIT,1701241293103,263,0.7945157
STXUSDT,BUY,LIMIT,1701241294446,621,0.7949953
STXUSDT,BUY,LIMIT,1701241305390,1016,0.7956440
STXUSDT,BUY,LIMIT,1701241316204,111,0.7943655
STXUSDT,SELL,LIMIT,1701243378716,1438,0.7710133
STXUSDT,BUY,LIMIT,1701243612318,7,0.7718287
STXUSDT,BUY,LIMIT,1701243619469,127,0.7737716
STXUSDT,BUY,LIMIT,1701243635112,283,0.7735214
STXUSDT,SELL,LIMIT,1701243724663,541,0.7563420
STXUSDT,SELL,LIMIT,1701243884778,665,0.7611172
STXUSDT,BUY,LIMIT,1701244013605,151,0.7765890
STXUSDT,BUY,LIMIT,1701246368156,167,0.7822528
STXUSDT,SELL,LIMIT,1701247055995,1005,0.7597241
STXUSDT,BUY,LIMIT,1701247359925,179,0.7721234
STXUSDT,BUY,LIMIT,1701247535039,310,0.7619549
STXUSDT,BUY,LIMIT,1701247560755,27,0.7667446
STXUSDT,BUY,LIMIT,1701248270081,97,0.7692034
STXUSDT,BUY,LIMIT,1701248717371,2044,0.7715950
STXUSDT,BUY,LIMIT,1701248825077,81,0.7716400
STXUSDT,BUY,LIMIT,1701249702996,141,0.7680024
STXUSDT,SELL,LIMIT,1701250263490,4908,0.7489135
STXUSDT,BUY,LIMIT,1701251479516,2810,0.7748371
STXUSDT,SELL,LIMIT,1701253412138,18,0.7644650
