Symbol,Side,Order Type,Time,Quantity,Price
STXUSDT,BUY,LIMIT,1701915594481,1063,1.0590589
STXUSDT,BUY,LIMIT,1701919116911,4212,1.0685878
STXUSDT,BUY,LIMIT,1701919139411,48,1.0728989
STXUSDT,BUY,LIMIT,1701919145413,326,1.0757678
STXUSDT,BUY,LIMIT,1701919147486,473,1.0764415
STXUSDT,BUY,LIMIT,1701921213505,23,1.0800069
STXUSDT,BUY,LIMIT,1701921248579,193,1.0838458
STXUSDT,BUY,LIMIT,1701921347198,2033,1.0843513
STXUSDT,BUY,LIMIT,1701921460012,174,1.0851921
STXUSDT,SELL,LIMIT,1701929639437,60,1.0205561
STXUSDT,SELL,LIMIT,1701929731215,14,1.0183460
STXUSDT,SELL,LIMIT,1701930514994,399,1.0130091
STXUSDT,SELL,LIMIT,1701930583256,470,1.0104001
STXUSDT,SELL,LIMIT,1701931509595,24,1.0068321
STXUSDT,SELL,LIMIT,1701931806015,95,1.0025538
STXUSDT,SELL,LIMIT,1701932640515,93,1.0028701
STXUSDT,SELL,LIMIT,1701934405428,976,1.0015403
STXUSDT,SELL,LIMIT,1701934424711,66,1.0012113
STXUSDT,SELL,LIMIT,1701934430646,100,1.0009308
STXUSDT,SELL,LIMIT,1701936752481,4360,1.0001632
STXUSDT,SELL,LIMIT,1701936755817,547,0.9991152
STXUSDT,SELL,LIMIT,1701936757860,83,0.9974964
STXUSDT,SELL,LIMIT,1701936759246,95,0.9971595
STXUSDT,SELL,LIMIT,1701936770604,121,0.9965794
STXUSDT,SELL,LIMIT,1701936787567,527,0.9959452
STXUSDT,SELL,LIMIT,1701936788831,125,0.9957234
STXUSDT,SELL,LIMIT,1701936834546,266,0.9945356
STXUSDT,SELL,LIMIT,1701936855595,163,0.9941896
STXUSDT,SELL,LIMIT,1701936864220,1325,0.9929515
STXUSDT,SELL,LIMIT,1701936865362,108,0.9933689
STXUSDT,SELL,LIMIT,1701936868918,238,0.9929083
STXUSDT,SELL,LIMIT,1701936872541,7689,0.9869693
STXUSDT,SELL,LIMIT,1701936912416,74,0.9917667
STXUSDT,SELL,LIMIT,1701937354722,6052,0.9887757
STXUSDT,SELL,LIMIT,1701937366143,193,0.9913721
STXUSDT,SELL,LIMIT,1701937385068,6,0.9911585
STXUSDT,SELL,LIMIT,1701937386500,113,0.9909225
STXUSDT,SELL,LIMIT,1701937388058,119,0.9899507
STXUSDT,SELL,LIMIT,1701937389315,1008,0.9887747
STXUSDT,SELL,LIMIT,1701937410384,45,0.9868743
STXUSDT,SELL,LIMIT,1701937484197,2302,0.9862867
STXUSDT,SELL,LIMIT,1701937485398,3672,0.9853436
STXUSDT,SELL,LIMIT,1701937491126,15008,0.9751277
STXUSDT,SELL,LIMIT,1701939358664,21,0.9840331
STXUSDT,SELL,LIMIT,1701939359917,1894,0.9828721
STXUSDT,SELL,LIMIT,1701939371246,652,0.9821651
STXUSDT,SELL,LIMIT,1701939452215,3713,0.9821896
STXUSDT,SELL,LIMIT,1701939473867,7,0.9807015
STXUSDT,SELL,LIMIT,1701939476234,1218,0.9798661
STXUSDT,SELL,LIMIT,1701940022615,14608,0.9694203
STXUSDT,SELL,LIMIT,1701940025021,348,0.9785715
STXUSDT,SELL,LIMIT,1701940050915,18,0.9787141
STXUSDT,SELL,LIMIT,1701940436351,1192,0.9789121
STXUSDT,SELL,LIMIT,1701940522807,4816,0.9786151
STXUSDT,SELL,LIMIT,1701940556376,80,0.9775919
STXUSDT,SELL,LIMIT,1701940557497,143,0.9779761
STXUSDT,SELL,LIMIT,1701940559618,416,0.9774342
STXUSDT,SELL,LIMIT,1701940561746,9,0.9763858
STXUSDT,SELL,LIMIT,1701940566865,224,0.9757100
STXUSDT,SELL,LIMIT,1701940568192,148,0.9749210
STXUSDT,SELL,LIMIT,1701940676126,824,0.9760151
STXUSDT,SELL,LIMIT,1701941066517,483,0.9744571
STXUSDT,SELL,LIMIT,1701941075199,48,0.9741622
STXUSDT,SELL,LIMIT,1701941085346,257,0.9739675
STXUSDT,SELL,LIMIT,1701941109700,3308,0.9740272
STXUSDT,SELL,LIMIT,1701941151914,2370,0.9722206
STXUSDT,SELL,LIMIT,1701941153712,284,0.9721146
STXUSDT,SELL,LIMIT,1701941155223,65,0.9719927
STXUSDT,SELL,LIMIT,1701941156655,100,0.9710802
STXUSDT,SELL,LIMIT,1701941158751,96,0.9699330
STXUSDT,SELL,LIMIT,1701941164052,292,0.9701011
STXUSDT,SELL,LIMIT,1701941169645,4791,0.9692273
STXUSDT,SELL,LIMIT,1701941171334,46,0.9686149
STXUSDT,SELL,LIMIT,1701941173933,944,0.9683920
STXUSDT,SELL,LIMIT,1701941178664,94,0.9679873
STXUSDT,SELL,LIMIT,1701941181329,384,0.9670888
STXUSDT,SELL,LIMIT,1701941182340,6882,0.9632577
STXUSDT,SELL,LIMIT,1701941184753,37,0.9668253
STXUSDT,SELL,LIMIT,1701941186209,8,0.9666631
STXUSDT,SELL,LIMIT,1701941187609,5,0.9655577
STXUSDT,SELL,LIMIT,1701941189516,5,0.9639350
STXUSDT,SELL,LIMIT,1701941190740,19744,0.9508587
STXUSDT,SELL,LIMIT,1701941192100,335,0.9611142
STXUSDT,SELL,LIMIT,1701941193437,190,0.9595204
STXUSDT,SELL,LIMIT,1701941205114,435,0.9641939
STXUSDT,SELL,LIMIT,1701941234195,28,0.9615012
STXUSDT,SELL,LIMIT,1701941246445,3632,0.9591015
STXUSDT,SELL,LIMIT,1701941256257,666,0.9595081
STXUSDT,BUY,LIMIT,1701942104528,507,0.9978596
STXUSDT,BUY,LIMIT,1701942420299,105,1.0002596
STXUSDT,BUY,LIMIT,1701951277186,5054,1.0203372
STXUSDT,BUY,LIMIT,1701952293115,5043,1.0266618
STXUSDT,BUY,LIMIT,1701953976591,1,1.0244430
STXUSDT,BUY,LIMIT,1701956117188,6845,1.0331096
STXUSDT,BUY,LIMIT,1701956232304,71,1.0305255
STXUSDT,BUY,LIMIT,1701956465524,57,1.0361515
STXUSDT,BUY,LIMIT,1701957194356,187,1.0379567
STXUSDT,BUY,LIMIT,1701957197144,1345,1.0387771
STXUSDT,SELL,LIMIT,1701961512685,489,1.0035631
STXUSDT,BUY,LIMIT,1701964339528,400,1.0104900
STXUSDT,SELL,LIMIT,1701965929070,4802,0.9799607
STXUSDT,SELL,LIMIT,1701965955161,1331,0.9785573
STXUSDT,SELL,LIMIT,1701967583157,1991,0.9730630
STXUSDT,BUY,LIMIT,1701969438563,6970,1.0127839
STXUSDT,SELL,LIMIT,1701977330153,2506,0.9717841
STXUSDT,SELL,LIMIT,1701978257134,1738,0.9709859
STXUSDT,SELL,LIMIT,1701981586219,6557,0.9655760
STXUSDT,SELL,LIMIT,1701981587348,500,0.9691477
STXUSDT,SELL,LIMIT,1701981593392,94,0.9677255
STXUSDT,SELL,LIMIT,1701988459915,320,0.9672301
STXUSDT,SELL,LIMIT,1701997524271,1221,0.9703534
STXUSDT,SELL,LIMIT,1702003723345,2497,0.9615890
STXUSDT,SELL,LIMIT,1702005816564,41,0.9727688
STXUSDT,SELL,LIMIT,1702009383213,196,0.9701518
STXUSDT,BUY,LIMIT,1702016955287,4791,1.0088865
STXUSDT,BUY,LIMIT,1702022756357,158,1.0119675
STXUSDT,BUY,LIMIT,1702027606803,1259,1.0162477
STXUSDT,BUY,LIMIT,1702027630129,129,1.0190295
STXUSDT,BUY,LIMIT,1702027632345,424,1.0198627
STXUSDT,BUY,LIMIT,1702027640376,286,1.0218423
STXUSDT,BUY,LIMIT,1702027657301,1366,1.0222424
STXUSDT,BUY,LIMIT,1702027676690,605,1.0237152
STXUSDT,BUY,LIMIT,1702027710111,217,1.0286286
STXUSDT,BUY,LIMIT,1702030185208,5047,1.0296526
STXUSDT,BUY,LIMIT,1702030189602,247,1.0320906
STXUSDT,BUY,LIMIT,1702032402960,17264,1.0440232
STXUSDT,BUY,LIMIT,1702032404330,918,1.0345896
STXUSDT,BUY,LIMIT,1702032502021,91,1.0371166
STXUSDT,BUY,LIMIT,1702033910629,31,1.0333470
STXUSDT,SELL,LIMIT,1702037074754,6,0.9919534
STXUSDT,BUY,LIMIT,1702038554184,5014,1.0212799
STXUSDT,BUY,LIMIT,1702038962398,30,1.0382185
STXUSDT,BUY,LIMIT,1702038971748,477,1.0428421
STXUSDT,SELL,LIMIT,1702043841766,1593,0.9930532
STXUSDT,SELL,LIMIT,1702043844859,20313,0.9815567
STXUSDT,BUY,LIMIT,1702047007326,55,1.0446327
STXUSDT,BUY,LIMIT,1702047061186,40,1.0485875
STXUSDT,BUY,LIMIT,1702047081959,259,1.0519778
STXUSDT,SELL,LIMIT,1702057390646,108,1.0080181
STXUSDT,BUY,LIMIT,1702065568747,340,1.0440370
STXUSDT,BUY,LIMIT,1702066058068,99,1.0506944
STXUSDT,BUY,LIMIT,1702068670159,986,1.0531210
STXUSDT,BUY,LIMIT,1702068797804,6,1.0533855
STXUSDT,BUY,LIMIT,1702068839150,1427,1.0550614
STXUSDT,BUY,LIMIT,1702068858099,30,1.0564808
STXUSDT,BUY,LIMIT,1702068869596,55,1.0571053
STXUSDT,BUY,LIMIT,1702069043574,39,1.0604103
STXUSDT,BUY,LIMIT,1702069078810,14,1.0598397
STXUSDT,BUY,LIMIT,1702070664230,6,1.0520353
STXUSDT,BUY,LIMIT,1702070733023,3799,1.0654692
STXUSDT,BUY,LIMIT,1702070796756,74,1.0680452
STXUSDT,BUY,LIMIT,1702078548838,1014,1.0558094
STXUSDT,BUY,LIMIT,1702080431566,20,1.0510014
STXUSDT,BUY,LIMIT,1702080849041,282,1.0563590
STXUSDT,SELL,LIMIT,1702082977449,594,1.0278455
STXUSDT,SELL,LIMIT,1702083787587,17,1.0204603
STXUSDT,SELL,LIMIT,1702083813394,361,1.0200438
STXUSDT,SELL,LIMIT,1702083820970,118,1.0187860
STXUSDT,SELL,LIMIT,1702083871287,451,1.0180374
STXUSDT,SELL,LIMIT,1702083899172,42,1.0177046
STXUSDT,SELL,LIMIT,1702083901268,123,1.0169580
STXUSDT,SELL,LIMIT,1702084038065,7604,1.0048929
STXUSDT,SELL,LIMIT,1702084072344,797,1.0075261
STXUSDT,BUY,LIMIT,1702093449761,15,1.0319571
STXUSDT,BUY,LIMIT,1702094757471,14,1.0264630
STXUSDT,SELL,LIMIT,1702095141549,47,1.0043289
STXUSDT,SELL,LIMIT,1702095157899,329,0.9979578
STXUSDT,SELL,LIMIT,1702095662279,3264,0.9968556
STXUSDT,SELL,LIMIT,1702095842558,10666,0.9870063
STXUSDT,BUY,LIMIT,1702095991937,15,1.0175503
STXUSDT,SELL,LIMIT,1702106867205,394,1.0036635
STXUSDT,BUY,LIMIT,1702108041795,965,1.0263563
STXUSDT,SELL,LIMIT,1702108295359,29,1.0077211
STXUSDT,SELL,LIMIT,1702109247961,5,1.0109497
STXUSDT,BUY,LIMIT,1702109762377,227,1.0280790
STXUSDT,BUY,LIMIT,1702109780749,22,1.0282810
STXUSDT,BUY,LIMIT,1702110166390,126,1.0259511
STXUSDT,SELL,LIMIT,1702110978938,66,0.9904074
STXUSDT,SELL,LIMIT,1702110982526,93,0.9871291
STXUSDT,SELL,LIMIT,1702110984021,118,0.9870439
STXUSDT,SELL,LIMIT,1702111030228,194,0.9865856
STXUSDT,SELL,LIMIT,1702111034118,3257,0.9852611
STXUSDT,SELL,LIMIT,1702111036893,37,0.9846641
STXUSDT,SELL,LIMIT,1702111041561,11998,0.9733837
STXUSDT,SELL,LIMIT,1702111044748,502,0.9815771
STXUSDT,SELL,LIMIT,1702111372707,824,0.9825001
STXUSDT,SELL,LIMIT,1702111376543,10138,0.9734636
STXUSDT,SELL,LIMIT,1702111378084,2450,0.9802328
STXUSDT,SELL,LIMIT,1702111379312,5161,0.9791976
STXUSDT,SELL,LIMIT,1702111380928,720,0.9781443
STXUSDT,SELL,LIMIT,1702111383293,25,0.9754486
STXUSDT,SELL,LIMIT,1702111384315,123,0.9750718
STXUSDT,SELL,LIMIT,1702113543268,1036,0.9913572
STXUSDT,SELL,LIMIT,1702133004797,9850,0.9768757
STXUSDT,SELL,LIMIT,1702133398837,703,0.9781201
STXUSDT,BUY,LIMIT,1702139151473,2,1.0077780
STXUSDT,SELL,LIMIT,1702140772702,48,1.0058789
STXUSDT,SELL,LIMIT,1702141693610,500,0.9807931
STXUSDT,SELL,LIMIT,1702144627430,3390,0.9906372
STXUSDT,SELL,LIMIT,1702144764082,2000,0.9811891
STXUSDT,SELL,LIMIT,1702156350091,182,1.0234614
STXUSDT,SELL,LIMIT,1702164294147,2009,0.9812554
STXUSDT,SELL,LIMIT,1702164547057,2833,0.9734090
STXUSDT,SELL,LIMIT,1702164739482,49,0.9723781
STXUSDT,SELL,LIMIT,1702164745185,40,0.9717374
STXUSDT,SELL,LIMIT,1702164748999,16,0.9707733
STXUSDT,SELL,LIMIT,1702164750481,4501,0.9703981
STXUSDT,SELL,LIMIT,1702164767466,197,0.9698566
STXUSDT,SELL,LIMIT,1702164791184,214,0.9699239
STXUSDT,SELL,LIMIT,1702164797936,61,0.9689731
STXUSDT,SELL,LIMIT,1702164801726,89,0.9664272
STXUSDT,SELL,LIMIT,1702164802842,13,0.9663555
STXUSDT,SELL,LIMIT,1702164803906,2484,0.9658561
STXUSDT,SELL,LIMIT,1702164806016,209,0.9658637
STXUSDT,SELL,LIMIT,1702164807637,984,0.9657816
STXUSDT,SELL,LIMIT,1702164809199,363,0.9655650
STXUSDT,SELL,LIMIT,1702164810591,1763,0.9652401
STXUSDT,SELL,LIMIT,1702164815942,53,1.2147231
STXUSDT,SELL,LIMIT,1702170920780,30,0.9729195
STXUSDT,BUY,LIMIT,1702186658477,2003,1.0249480
STXUSDT,SELL,LIMIT,1702196683841,100,0.9813871
STXUSDT,SELL,LIMIT,1702200794821,10484,0.9644999
STXUSDT,SELL,LIMIT,1702200920981,221,0.9705055
STXUSDT,SELL,LIMIT,1702202056436,354,0.9659431
STXUSDT,SELL,LIMIT,1702202082824,19,0.9655253
STXUSDT,SELL,LIMIT,1702202094222,6,0.9736559
STXUSDT,SELL,LIMIT,1702202157132,96,0.9657451
STXUSDT,SELL,LIMIT,1702202199611,38,0.9648677
STXUSDT,SELL,LIMIT,1702202215777,99,0.9640626
STXUSDT,SELL,LIMIT,1702202218887,687,0.9626977
STXUSDT,SELL,LIMIT,1702202290515,10,0.9622801
STXUSDT,SELL,LIMIT,1702202292880,25,0.9618590
STXUSDT,SELL,LIMIT,1702202295313,40,0.9610951
STXUSDT,SELL,LIMIT,1702202296501,47,0.9600692
STXUSDT,SELL,LIMIT,1702202297763,3046,0.9586090
STXUSDT,SELL,LIMIT,1702202298965,58,0.9560786
STXUSDT,SELL,LIMIT,1702202300130,284,0.9548722
STXUSDT,SELL,LIMIT,1702202310360,6,0.9545329
STXUSDT,SELL,LIMIT,1702202318310,177,0.9558283
STXUSDT,SELL,LIMIT,1702202322897,274,0.9542477
STXUSDT,SELL,LIMIT,1702202324130,7,0.9538653
STXUSDT,SELL,LIMIT,1702202369829,287,0.9533626
STXUSDT,SELL,LIMIT,1702202373055,36,0.9794880
STXUSDT,SELL,LIMIT,1702202380363,5,0.9534927
STXUSDT,SELL,LIMIT,1702202386354,2,0.9535986
STXUSDT,SELL,LIMIT,1702202387512,1556,0.9530562
STXUSDT,SELL,LIMIT,1702202389252,37,0.9529705
STXUSDT,SELL,LIMIT,1702202392197,96,0.9524679
STXUSDT,SELL,LIMIT,1702202394097,55,0.9526771
STXUSDT,BUY,LIMIT,1702241678933,2088,1.0105050
STXUSDT,BUY,LIMIT,1702242015219,303,1.0113130
STXUSDT,BUY,LIMIT,1702249024017,2051,1.0101571
STXUSDT,BUY,LIMIT,1702253834533,1,0.9975770
STXUSDT,SELL,LIMIT,1702256722024,22,0.9607943
STXUSDT,SELL,LIMIT,1702256843830,60,0.9585910
STXUSDT,SELL,LIMIT,1702256846833,14357,0.9488832
STXUSDT,SELL,LIMIT,1702256879716,24,0.9566034
STXUSDT,SELL,LIMIT,1702256909386,803,0.9557422
STXUSDT,SELL,LIMIT,1702256910406,13,0.9556894
STXUSDT,SELL,LIMIT,1702256914577,1257,0.9544773
STXUSDT,SELL,LIMIT,1702256915671,1617,0.9537490
STXUSDT,SELL,LIMIT,1702256921162,224,0.9528757
STXUSDT,SELL,LIMIT,1702256922439,6,0.9527692
STXUSDT,SELL,LIMIT,1702256984076,359,0.9521726
STXUSDT,SELL,LIMIT,1702256995550,16,0.9516844
STXUSDT,SELL,LIMIT,1702256996722,61,0.9513136
STXUSDT,BUY,LIMIT,1702259328415,23,0.9832027
STXUSDT,SELL,LIMIT,1702260280827,1655,0.9543601
STXUSDT,SELL,LIMIT,1702260327077,4275,0.9505347
STXUSDT,SELL,LIMIT,1702260328238,1614,0.9500282
STXUSDT,SELL,LIMIT,1702260329251,592,0.9493506
STXUSDT,SELL,LIMIT,1702260330765,531,0.9486930
STXUSDT,SELL,LIMIT,1702260426289,25368,0.9383160
STXUSDT,SELL,LIMIT,1702260430282,1627,0.9464401
STXUSDT,SELL,LIMIT,1702260431602,101,0.9465346
STXUSDT,SELL,LIMIT,1702260433634,1255,0.9463411
STXUSDT,SELL,LIMIT,1702260435286,19,0.9457002
STXUSDT,SELL,LIMIT,1702260436374,511,0.9452367
STXUSDT,SELL,LIMIT,1702260437558,5945,0.9423031
STXUSDT,SELL,LIMIT,1702260439175,5122,0.9438156
STXUSDT,SELL,LIMIT,1702260441188,2626,0.9427771
STXUSDT,SELL,LIMIT,1702260442357,6725,0.9397286
STXUSDT,SELL,LIMIT,1702260624202,2917,0.9417988
STXUSDT,SELL,LIMIT,1702260626103,5455,0.9405420
STXUSDT,SELL,LIMIT,1702260627115,5591,0.9407070
STXUSDT,SELL,LIMIT,1702260628319,6,0.9395647
STXUSDT,SELL,LIMIT,1702260630415,22798,0.9276003
STXUSDT,SELL,LIMIT,1702260631727,908,0.9365620
STXUSDT,SELL,LIMIT,1702260633444,596,0.9365511
STXUSDT,SELL,LIMIT,1702260635283,371,0.9353042
STXUSDT,SELL,LIMIT,1702260636388,6,0.9345284
STXUSDT,SELL,LIMIT,1702260637658,4995,0.9347141
STXUSDT,SELL,LIMIT,1702260639626,171,0.9339824
STXUSDT,SELL,LIMIT,1702260689543,28,0.9337866
STXUSDT,SELL,LIMIT,1702260694291,4777,0.9336873
STXUSDT,SELL,LIMIT,1702260697245,43,0.9324663
STXUSDT,SELL,LIMIT,1702260698367,1362,0.9319956
STXUSDT,SELL,LIMIT,1702260699631,41,0.9308402
STXUSDT,SELL,LIMIT,1702260701154,356,0.9302746
STXUSDT,SELL,LIMIT,1702260702173,1410,0.9291735
STXUSDT,SELL,LIMIT,1702260709048,29,0.9264076
STXUSDT,SELL,LIMIT,1702260710288,6,0.9258812
STXUSDT,SELL,LIMIT,1702260711570,237,0.9264088
STXUSDT,SELL,LIMIT,1702260712886,51,0.9256261
STXUSDT,SELL,LIMIT,1702260714243,407,0.9247850
STXUSDT,SELL,LIMIT,1702260715825,2141,0.9242215
STXUSDT,SELL,LIMIT,1702260717306,96,0.9238646
STXUSDT,SELL,LIMIT,1702260718357,210,0.9226289
STXUSDT,SELL,LIMIT,1702260719353,885,0.9207823
STXUSDT,SELL,LIMIT,1702260721760,1527,0.9183182
STXUSDT,SELL,LIMIT,1702260722798,1101,0.9202405
STXUSDT,SELL,LIMIT,1702260723827,102,0.9167064
STXUSDT,SELL,LIMIT,1702260724861,7558,0.9126514
STXUSDT,SELL,LIMIT,1702260725869,94,0.9160802
STXUSDT,SELL,LIMIT,1702260727709,556,0.9121146
STXUSDT,SELL,LIMIT,1702260728754,1700,0.9129234
STXUSDT,SELL,LIMIT,1702260730059,564,0.9115359
STXUSDT,SELL,LIMIT,1702260731159,48,0.9093321
STXUSDT,SELL,LIMIT,1702260732670,1413,0.9089799
STXUSDT,SELL,LIMIT,1702260734250,1136,0.9085395
STXUSDT,SELL,LIMIT,1702260736074,1000,0.9079016
STXUSDT,SELL,LIMIT,1702260737453,5,0.9075563
STXUSDT,SELL,LIMIT,1702260738761,1018,0.9069481
STXUSDT,SELL,LIMIT,1702260739952,3924,0.9069480
STXUSDT,SELL,LIMIT,1702260741012,214,0.9062653
STXUSDT,SELL,LIMIT,1702260742069,39925,0.8942866
STXUSDT,SELL,LIMIT,1702260743147,47,0.9016613
STXUSDT,SELL,LIMIT,1702260745602,1168,0.8951306
STXUSDT,SELL,LIMIT,1702260746652,1669,0.8949767
STXUSDT,SELL,LIMIT,1702260747700,7381,0.8896454
STXUSDT,SELL,LIMIT,1702260749443,1010,0.8909246
STXUSDT,SELL,LIMIT,1702260750468,101,0.8895838
STXUSDT,SELL,LIMIT,1702260751714,161,0.8897215
STXUSDT,SELL,LIMIT,1702260752823,19,0.8867178
STXUSDT,SELL,LIMIT,1702260753853,85,0.8880726
STXUSDT,SELL,LIMIT,1702260755382,2195,0.8848827
STXUSDT,SELL,LIMIT,1702260756553,1977,0.8839761
STXUSDT,SELL,LIMIT,1702260757596,2316,0.8836713
STXUSDT,SELL,LIMIT,1702260758764,738,0.8823447
STXUSDT,SELL,LIMIT,1702260759781,99,0.8815683
STXUSDT,SELL,LIMIT,1702260760789,5,0.8802135
STXUSDT,SELL,LIMIT,1702260761797,49,0.8799456
STXUSDT,SELL,LIMIT,1702260762854,30,0.8797180
STXUSDT,SELL,LIMIT,1702260763943,73,0.8790383
STXUSDT,SELL,LIMIT,1702260765194,821,0.8762584
STXUSDT,SELL,LIMIT,1702260766282,2086,0.8762584
STXUSDT,SELL,LIMIT,1702260767628,183,0.8748370
STXUSDT,SELL,LIMIT,1702260768660,5,0.8748371
STXUSDT,SELL,LIMIT,1702260769585,7088,0.8702172
STXUSDT,SELL,LIMIT,1702260771026,36,0.8717961
STXUSDT,SELL,LIMIT,1702260772104,9,0.8717961
STXUSDT,SELL,LIMIT,1702260773219,47,0.8688092
STXUSDT,SELL,LIMIT,1702260774348,75,0.8641921
STXUSDT,SELL,LIMIT,1702260775406,289,0.8667219
STXUSDT,SELL,LIMIT,1702260776610,1755,0.8590868
STXUSDT,SELL,LIMIT,1702260777929,60,0.8605593
STXUSDT,SELL,LIMIT,1702260778956,80,0.8560751
STXUSDT,SELL,LIMIT,1702260780260,4106,0.8561694
STXUSDT,SELL,LIMIT,1702260781418,3001,0.8531526
STXUSDT,SELL,LIMIT,1702260782499,70,0.8533164
STXUSDT,SELL,LIMIT,1702260783484,1102,0.8530052
STXUSDT,SELL,LIMIT,1702260784559,4731,0.8496802
STXUSDT,SELL,LIMIT,1702260785627,1175,0.8452744
STXUSDT,SELL,LIMIT,1702260786730,100,0.8432305
STXUSDT,SELL,LIMIT,1702260787865,96,0.8390631
STXUSDT,SELL,LIMIT,1702260788929,2814,0.8360087
STXUSDT,SELL,LIMIT,1702260790072,2083,0.8357858
STXUSDT,SELL,LIMIT,1702260791574,17888,0.8268965
STXUSDT,SELL,LIMIT,1702260792622,12099,0.8277117
STXUSDT,SELL,LIMIT,1702260793701,40,0.8342746
STXUSDT,SELL,LIMIT,1702260794707,9742,0.8273360
STXUSDT,SELL,LIMIT,1702260795798,198,0.8238541
STXUSDT,SELL,LIMIT,1702260797195,18,0.8237358
STXUSDT,SELL,LIMIT,1702260798713,155,0.8248821
STXUSDT,SELL,LIMIT,1702260799736,4270,0.8271917
STXUSDT,SELL,LIMIT,1702260800764,11,0.8233011
STXUSDT,SELL,LIMIT,1702260802217,121,0.8245785
STXUSDT,SELL,LIMIT,1702260803367,4000,0.8208641
STXUSDT,SELL,LIMIT,1702260804416,1100,0.8178554
STXUSDT,SELL,LIMIT,1702260805471,576,0.8197782
STXUSDT,SELL,LIMIT,1702260806621,68,0.8182170
STXUSDT,SELL,LIMIT,1702260807739,250,0.8163810
STXUSDT,SELL,LIMIT,1702260808957,337,0.8192135
STXUSDT,SELL,LIMIT,1702260812498,98,0.8164025
STXUSDT,SELL,LIMIT,1702260814283,20,0.8142365
STXUSDT,SELL,LIMIT,1702260816738,87,0.8172525
STXUSDT,SELL,LIMIT,1702260818451,24,0.8207598
STXUSDT,SELL,LIMIT,1702260819715,157,0.8245419
STXUSDT,SELL,LIMIT,1702260825643,341,0.8573102
STXUSDT,BUY,LIMIT,1702260829225,148,0.8575008
STXUSDT,BUY,LIMIT,1702260850312,2460,0.8770754
STXUSDT,BUY,LIMIT,1702260885969,9,0.8905396
STXUSDT,SELL,LIMIT,1702262615563,142,0.8819557
STXUSDT,SELL,LIMIT,1702262873708,59,0.8805644
