Symbol,Side,Order Type,Time,Quantity,Price
STXUSDT,SELL,LIMIT,1701013685292,1969,0.6640392
STXUSDT,SELL,LIMIT,1701013964055,2164,0.6621506
STXUSDT,SELL,LIMIT,1701015683742,590,0.6604726
STXUSDT,SELL,LIMIT,1701015761723,4000,0.6574175
STXUSDT,SELL,LIMIT,1701016032239,15324,0.6500681
STXUSDT,SELL,LIMIT,1701016044422,1877,0.6547889
STXUSDT,SELL,LIMIT,1701016045481,1822,0.6568508
STXUSDT,SELL,LIMIT,1701016047272,7641,0.6565079
STXUSDT,SELL,LIMIT,1701016089193,245,0.6517497
STXUSDT,SELL,LIMIT,1701016093618,83,0.6513003
STXUSDT,SELL,LIMIT,1701016095052,555,0.6516537
STXUSDT,SELL,LIMIT,1701016101674,115,0.6553284
STXUSDT,SELL,LIMIT,1701016103023,1171,0.6488248
STXUSDT,BUY,LIMIT,1701017148394,449,0.6848544
STXUSDT,BUY,LIMIT,1701020048183,27890,0.7058477
STXUSDT,SELL,LIMIT,1701024930670,214,0.6652220
STXUSDT,BUY,LIMIT,1701031590687,397,0.6967971
STXUSDT,BUY,LIMIT,1701031867448,63,0.7012748
STXUSDT,BUY,LIMIT,1701032625020,99,0.7026057
STXUSDT,BUY,LIMIT,1701032628085,1494,0.7028182
STXUSDT,BUY,LIMIT,1701032680710,53,0.7035296
STXUSDT,BUY,LIMIT,1701032684401,8,0.7037520
STXUSDT,BUY,LIMIT,1701034895361,64,0.7067559
STXUSDT,BUY,LIMIT,1701034902073,45,0.7071568
STXUSDT,BUY,LIMIT,1701034973262,470,0.7072256
STXUSDT,BUY,LIMIT,1701035446307,22,0.7098719
STXUSDT,BUY,LIMIT,1701035477386,64,0.7104853
STXUSDT,BUY,LIMIT,1701035506251,100,0.7128851
STXUSDT,BUY,LIMIT,1701035510266,567,0.7132617
STXUSDT,BUY,LIMIT,1701035535427,1000,0.7149698
STXUSDT,BUY,LIMIT,1701036258725,55,0.7167600
STXUSDT,SELL,LIMIT,1701043391717,85,0.6821165
STXUSDT,SELL,LIMIT,1701048682393,866,0.6790715
STXUSDT,SELL,LIMIT,1701048925198,25,0.6778807
STXUSDT,SELL,LIMIT,1701052249641,112,0.6789611
STXUSDT,SELL,LIMIT,1701052818237,1398,0.6766470
STXUSDT,SELL,LIMIT,1701053538960,33,0.6736636
STXUSDT,SELL,LIMIT,1701053542833,628,0.6730606
STXUSDT,SELL,LIMIT,1701053593894,24,0.6724910
STXUSDT,SELL,LIMIT,1701053601146,402,0.6716332
STXUSDT,SELL,LIMIT,1701055618541,581,0.6706930
STXUSDT,SELL,LIMIT,1701055959049,99,0.6696168
STXUSDT,SELL,LIMIT,1701056055269,201,0.6688449
STXUSDT,SELL,LIMIT,1701056136600,22,0.6674082
STXUSDT,SELL,LIMIT,1701056138293,237,0.6668766
STXUSDT,SELL,LIMIT,1701056140142,231,0.6664330
STXUSDT,SELL,LIMIT,1701056153672,323,0.6662155
STXUSDT,SELL,LIMIT,1701056155304,10,0.6661647
STXUSDT,SELL,LIMIT,1701056158467,236,0.6656460
STXUSDT,SELL,LIMIT,1701059055689,580,0.6651401
