Symbol,Side,Order Type,Time,Quantity,Price
STXUSDT,SELL,LIMIT,1701067819150,317,0.6680816
STXUSDT,SELL,LIMIT,1701067839248,319,0.6667864
STXUSDT,SELL,LIMIT,1701067864590,321,0.6651811
STXUSDT,SELL,LIMIT,1701068175336,16,0.6628278
STXUSDT,SELL,LIMIT,1701069515071,3554,0.6621208
STXUSDT,SELL,LIMIT,1701069563549,4444,0.6609054
STXUSDT,SELL,LIMIT,1701069641812,18563,0.6539984
STXUSDT,SELL,LIMIT,1701069876333,91,0.6588182
STXUSDT,SELL,LIMIT,1701069916365,1820,0.6573629
STXUSDT,SELL,LIMIT,1701070064244,110,0.6566073
STXUSDT,SELL,LIMIT,1701070167354,215,0.6563612
STXUSDT,SELL,LIMIT,1701082600773,77,0.6525919
STXUSDT,SELL,LIMIT,1701082633100,223,0.6520549
STXUSDT,SELL,LIMIT,1701082697958,556,0.6506929
STXUSDT,SELL,LIMIT,1701082700998,142,0.6505015
STXUSDT,SELL,LIMIT,1701082702584,115,0.6504930
STXUSDT,SELL,LIMIT,1701084932427,58,0.6476746
STXUSDT,SELL,LIMIT,1701097087163,316,0.6464769
STXUSDT,SELL,LIMIT,1701097100056,465,0.6458169
STXUSDT,SELL,LIMIT,1701097101300,1316,0.6454631
STXUSDT,SELL,LIMIT,1701100150329,212,0.6446756
STXUSDT,SELL,LIMIT,1701100216311,38333,0.6354588
STXUSDT,SELL,LIMIT,1701100523128,1473,0.6439951
STXUSDT,SELL,LIMIT,1701100620326,108,0.6415139
STXUSDT,SELL,LIMIT,1701100935141,639,0.6452811
STXUSDT,SELL,LIMIT,1701101007837,13,0.6428071
STXUSDT,SELL,LIMIT,1701101101606,560,0.6436981
STXUSDT,SELL,LIMIT,1701112082307,3245,0.6435819
STXUSDT,SELL,LIMIT,1701114165575,358,0.6397557
STXUSDT,SELL,LIMIT,1701114231416,1160,0.6391441
STXUSDT,SELL,LIMIT,1701114237065,2260,0.6387048
STXUSDT,SELL,LIMIT,1701114333646,474,0.6384573
STXUSDT,SELL,LIMIT,1701114368763,12,0.6383131
STXUSDT,SELL,LIMIT,1701114456215,141,0.6375424
STXUSDT,SELL,LIMIT,1701114474091,7711,0.6368201
STXUSDT,SELL,LIMIT,1701114497726,204,0.6362229
STXUSDT,SELL,LIMIT,1701116990210,4488,0.6361226
STXUSDT,SELL,LIMIT,1701117005047,414,0.6356052
STXUSDT,SELL,LIMIT,1701117095688,100,0.6345437
STXUSDT,SELL,LIMIT,1701147584163,157,0.6330849
STXUSDT,SELL,LIMIT,1701147695241,311,0.6328751
STXUSDT,SELL,LIMIT,1701147800513,1992,0.6314549
STXUSDT,SELL,LIMIT,1701147875775,1,0.6307565
STXUSDT,SELL,LIMIT,1701147879256,5,0.6305572
STXUSDT,SELL,LIMIT,1701147883490,166,0.6301422
STXUSDT,SELL,LIMIT,1701148005211,76534,0.6206241
STXUSDT,SELL,LIMIT,1701148094312,4006,0.6275649
STXUSDT,SELL,LIMIT,1701148114342,11210,0.6240126
STXUSDT,SELL,LIMIT,1701148130230,7307,0.6263077
STXUSDT,SELL,LIMIT,1701148249891,4321,0.6251089
STXUSDT,SELL,LIMIT,1701148937047,3000,0.6269314
STXUSDT,SELL,LIMIT,1701149772078,14,0.6246807
STXUSDT,SELL,LIMIT,1701149773085,3924,0.6237595
STXUSDT,SELL,LIMIT,1701149831265,2178,0.6231692
STXUSDT,SELL,LIMIT,1701149852149,28009,0.6157404
STXUSDT,SELL,LIMIT,1701149853180,280,0.6218378
STXUSDT,SELL,LIMIT,1701151263536,2195,0.6213552
STXUSDT,BUY,LIMIT,1701182104507,2378,0.6496905
STXUSDT,BUY,LIMIT,1701189804437,109,0.6650850
STXUSDT,BUY,LIMIT,1701190523145,928,0.6781677
STXUSDT,BUY,LIMIT,1701190526473,788,0.6784601
STXUSDT,BUY,LIMIT,1701190543154,3083,0.6802770
STXUSDT,BUY,LIMIT,1701190549409,609,0.6805530
STXUSDT,BUY,LIMIT,1701191385742,75,0.6859498
STXUSDT,BUY,LIMIT,1701191471097,1387,0.6887180
STXUSDT,BUY,LIMIT,1701191608120,1587,0.6925520
STXUSDT,BUY,LIMIT,1701191648595,32,0.6936930
STXUSDT,BUY,LIMIT,1701191678630,440,0.6953749
STXUSDT,BUY,LIMIT,1701191721259,1058,0.6960510
STXUSDT,BUY,LIMIT,1701191964243,666,0.7008800
STXUSDT,BUY,LIMIT,1701191968418,25,0.7033660
STXUSDT,BUY,LIMIT,1701191973132,156,0.7044286
STXUSDT,BUY,LIMIT,1701192065556,297,0.7090422
STXUSDT,BUY,LIMIT,1701192083765,1107,0.7105046
STXUSDT,BUY,LIMIT,1701192125099,500,0.7152390
STXUSDT,SELL,LIMIT,1701195642727,639,0.7092063
STXUSDT,SELL,LIMIT,1701197649097,795,0.6874733
STXUSDT,BUY,LIMIT,1701197853681,285,0.0000000
STXUSDT,BUY,LIMIT,1701208093226,24,0.7287958
STXUSDT,BUY,LIMIT,1701215510279,398,0.7320679
STXUSDT,BUY,LIMIT,1701215512407,5581,0.7331266
STXUSDT,BUY,LIMIT,1701215941417,5124,0.7307145
STXUSDT,BUY,LIMIT,1701217939038,92,0.7339993
STXUSDT,BUY,LIMIT,1701218027171,157,0.7345144
STXUSDT,BUY,LIMIT,1701218110155,323,0.7366806
STXUSDT,BUY,LIMIT,1701218455714,575,0.7385668
STXUSDT,BUY,LIMIT,1701218525230,59,0.7388104
STXUSDT,BUY,LIMIT,1701218627982,250,0.7381843
STXUSDT,BUY,LIMIT,1701218694715,48,0.7397097
STXUSDT,BUY,LIMIT,1701218746323,66,0.7398982
STXUSDT,BUY,LIMIT,1701218776223,3506,0.7414497
STXUSDT,BUY,LIMIT,1701218777252,265,0.7407748
STXUSDT,BUY,LIMIT,1701219243984,700,0.7350912
STXUSDT,BUY,LIMIT,1701219642200,64,0.7337402
STXUSDT,BUY,LIMIT,1701222144334,1297,0.7314008
STXUSDT,BUY,LIMIT,1701224016239,16824,0.7500218
STXUSDT,BUY,LIMIT,1701224017399,8,0.7434443
STXUSDT,BUY,LIMIT,1701224020300,6,0.7438623
STXUSDT,BUY,LIMIT,1701224035205,199,0.7447336
STXUSDT,BUY,LIMIT,1701224112341,1046,0.7467506
STXUSDT,BUY,LIMIT,1701224154686,8376,0.7502697
STXUSDT,BUY,LIMIT,1701224172393,69,0.7487599
STXUSDT,BUY,LIMIT,1701224328138,224,0.7507514
STXUSDT,BUY,LIMIT,1701224333170,58,0.7511746
STXUSDT,BUY,LIMIT,1701224338462,14041,0.7573257
STXUSDT,BUY,LIMIT,1701224342714,1013,0.7524564
STXUSDT,BUY,LIMIT,1701224792111,281,0.7536450
STXUSDT,BUY,LIMIT,1701224793136,235,0.7530983
STXUSDT,BUY,LIMIT,1701225173291,5525,0.7561451
STXUSDT,BUY,LIMIT,1701225394064,39,0.7494527
STXUSDT,BUY,LIMIT,1701225773258,52,0.7575442
STXUSDT,BUY,LIMIT,1701225776001,29,0.7577109
STXUSDT,BUY,LIMIT,1701225924290,4147,0.7590061
STXUSDT,BUY,LIMIT,1701225932643,1323,0.7606621
STXUSDT,BUY,LIMIT,1701225934275,6172,0.7617118
STXUSDT,BUY,LIMIT,1701225938245,12,0.7614220
STXUSDT,BUY,LIMIT,1701226008162,1538,0.7624634
STXUSDT,BUY,LIMIT,1701226016073,527,0.7638090
STXUSDT,BUY,LIMIT,1701226293605,700,0.7650757
STXUSDT,BUY,LIMIT,1701226349370,192,0.7667729
STXUSDT,BUY,LIMIT,1701226351336,4240,0.7672929
STXUSDT,BUY,LIMIT,1701226555063,8,0.7662641
STXUSDT,BUY,LIMIT,1701226597419,688,0.7691798
STXUSDT,BUY,LIMIT,1701226602364,82,0.7702986
STXUSDT,BUY,LIMIT,1701226603872,560,0.7706536
STXUSDT,BUY,LIMIT,1701226624888,25,0.7709116
STXUSDT,BUY,LIMIT,1701237753775,64,0.7638955
STXUSDT,BUY,LIMIT,1701237791527,77,0.7578536
STXUSDT,BUY,LIMIT,1701238385230,5271,0.7722103
STXUSDT,BUY,LIMIT,1701238392172,576,0.7731862
STXUSDT,BUY,LIMIT,1701238425351,9,0.7736770
STXUSDT,BUY,LIMIT,1701238427303,710,0.7742707
STXUSDT,BUY,LIMIT,1701238428412,117,0.7752310
STXUSDT,BUY,LIMIT,1701239690525,111,0.7763465
STXUSDT,BUY,LIMIT,1701240225515,32234,0.7819248
STXUSDT,BUY,LIMIT,1701240741004,449,0.7757540
STXUSDT,BUY,LIMIT,1701240751633,840,0.7790681
STXUSDT,BUY,LIMIT,1701240753731,982,0.7792806
STXUSDT,BUY,LIMIT,1701240758395,420,0.7797669
STXUSDT,BUY,LIMIT,1701240759654,633,0.7801251
STXUSDT,BUY,LIMIT,1701240774257,156,0.7820367
STXUSDT,BUY,LIMIT,1701240775358,1717,0.7828956
STXUSDT,BUY,LIMIT,1701240783956,8557,0.7863002
STXUSDT,SELL,LIMIT,1701240803862,202,0.7710836
STXUSDT,BUY,LIMIT,1701240818293,30,0.7841721
STXUSDT,BUY,LIMIT,1701240853070,22967,0.7930973
STXUSDT,BUY,LIMIT,1701240854607,1812,0.7850490
STXUSDT,BUY,LIMIT,1701240880227,1226,0.7863255
STXUSDT,BUY,LIMIT,1701240894534,147,0.7870892
STXUSDT,BUY,LIMIT,1701240895570,41,0.7890141
STXUSDT,BUY,LIMIT,1701241224792,52,0.7554274
STXUSDT,BUY,LIMIT,1701241262071,39,0.7904434
STXUSDT,BUY,LIMIT,1701241263196,108,0.7904615
STXUSDT,BUY,LIMIT,1701241289044,9349,0.7965629
STXUSDT,BUY,LIMIT,1701241290169,1462,0.7926020
STXUSDT,BUY,LIMIT,1701241293103,263,0.7945157
STXUSDT,BUY,LIMIT,1701241294446,621,0.7949953
STXUSDT,BUY,LIMIT,1701241305390,1016,0.7956440
STXUSDT,BUY,LIMIT,1701241316204,111,0.7943655
STXUSDT,SELL,LIMIT,1701243378716,1438,0.7710133
STXUSDT,BUY,LIMIT,1701243612318,7,0.7718287
STXUSDT,BUY,LIMIT,1701243619469,127,0.7737716
STXUSDT,BUY,LIMIT,1701243635112,283,0.7735214
STXUSDT,SELL,LIMIT,1701243724663,541,0.7563420
STXUSDT,SELL,LIMIT,1701243884778,665,0.7611172
STXUSDT,BUY,LIMIT,1701244013605,151,0.7765890
STXUSDT,BUY,LIMIT,1701246368156,167,0.7822528
STXUSDT,SELL,LIMIT,1701247055995,1005,0.7597241
STXUSDT,BUY,LIMIT,1701247359925,179,0.7721234
STXUSDT,BUY,LIMIT,1701247535039,310,0.7619549
STXUSDT,BUY,LIMIT,1701247560755,27,0.7667446
STXUSDT,BUY,LIMIT,1701248270081,97,0.7692034
STXUSDT,BUY,LIMIT,1701248717371,2044,0.7715950
STXUSDT,BUY,LIMIT,1701248825077,81,0.7716400
STXUSDT,BUY,LIMIT,1701249702996,141,0.7680024
STXUSDT,SELL,LIMIT,1701250263490,4908,0.7489135
STXUSDT,BUY,LIMIT,1701251479516,2810,0.7748371
STXUSDT,SELL,LIMIT,1701253412138,18,0.7644650
STXUSDT,BUY,LIMIT,1701255705805,57,0.7820770
STXUSDT,BUY,LIMIT,1701255869357,152,0.7892453
STXUSDT,BUY,LIMIT,1701257950910,3271,0.7949064
STXUSDT,BUY,LIMIT,1701257953513,650,0.7956340
STXUSDT,BUY,LIMIT,1701258175822,1650,0.7973332
STXUSDT,BUY,LIMIT,1701258401590,1257,0.7975893
STXUSDT,BUY,LIMIT,1701258416182,407,0.7980298
STXUSDT,BUY,LIMIT,1701258417317,557,0.7980304
STXUSDT,BUY,LIMIT,1701258418424,458,0.7993737
STXUSDT,BUY,LIMIT,1701258419503,230,0.8030774
STXUSDT,BUY,LIMIT,1701258421168,52,0.8037218
STXUSDT,BUY,LIMIT,1701258462302,177,0.8047565
STXUSDT,BUY,LIMIT,1701258463322,410,0.8051076
STXUSDT,BUY,LIMIT,1701259011244,258,0.7969971
STXUSDT,SELL,LIMIT,1701262171414,111,0.7644169
STXUSDT,SELL,LIMIT,1701262528351,879,0.7626252
STXUSDT,SELL,LIMIT,1701262967417,9,0.7608108
STXUSDT,SELL,LIMIT,1701263661762,6019,0.7578859
STXUSDT,SELL,LIMIT,1701263741036,712,0.7543086
STXUSDT,SELL,LIMIT,1701263742479,873,0.7538428
STXUSDT,SELL,LIMIT,1701263830179,3458,0.7512387
STXUSDT,SELL,LIMIT,1701263832284,885,0.7510259
STXUSDT,SELL,LIMIT,1701263833322,5065,0.7499116
STXUSDT,SELL,LIMIT,1701263847541,18,0.7489980
STXUSDT,SELL,LIMIT,1701264117880,682,0.7520838
STXUSDT,SELL,LIMIT,1701264299652,92,0.7514101
STXUSDT,SELL,LIMIT,1701264563358,177,0.7470391
STXUSDT,SELL,LIMIT,1701264647553,23,0.7454168
STXUSDT,SELL,LIMIT,1701267310230,6446,0.7447225
STXUSDT,SELL,LIMIT,1701267317980,212,0.7437995
STXUSDT,SELL,LIMIT,1701267331858,126,0.7424324
STXUSDT,SELL,LIMIT,1701267335192,94,0.7418301
STXUSDT,SELL,LIMIT,1701267382026,7,0.7412088
STXUSDT,SELL,LIMIT,1701269048384,53,0.7411561
STXUSDT,SELL,LIMIT,1701269050301,240,0.7408198
STXUSDT,SELL,LIMIT,1701269076072,1726,0.7406969
STXUSDT,SELL,LIMIT,1701269110061,1946,0.7403003
STXUSDT,SELL,LIMIT,1701269140180,13270,0.7344182
STXUSDT,SELL,LIMIT,1701269142253,1136,0.7397891
STXUSDT,SELL,LIMIT,1701269151086,89,0.7392469
STXUSDT,SELL,LIMIT,1701269393856,1451,0.7403257
STXUSDT,SELL,LIMIT,1701270412142,8,0.7375760
STXUSDT,SELL,LIMIT,1701270418981,32,0.7373053
STXUSDT,SELL,LIMIT,1701270440276,24,0.7431139
STXUSDT,SELL,LIMIT,1701270441311,309,0.7406042
STXUSDT,SELL,LIMIT,1701270442331,1585,0.7376491
STXUSDT,SELL,LIMIT,1701270456448,1811,0.7371078
STXUSDT,SELL,LIMIT,1701270591595,51,0.7367165
STXUSDT,SELL,LIMIT,1701270611460,99,0.7361651
STXUSDT,SELL,LIMIT,1701270613982,40,0.7356000
STXUSDT,SELL,LIMIT,1701270618731,989,0.7349254
STXUSDT,BUY,LIMIT,1701272473659,30,0.7654505
STXUSDT,BUY,LIMIT,1701273194479,842,0.7670363
STXUSDT,SELL,LIMIT,1701275841654,13101,0.7353068
STXUSDT,BUY,LIMIT,1701281229205,98,0.7370304
STXUSDT,BUY,LIMIT,1701282173381,75,0.7561544
STXUSDT,BUY,LIMIT,1701283763521,5162,0.7556190
STXUSDT,SELL,LIMIT,1701283832336,6292,0.7413488
STXUSDT,SELL,LIMIT,1701283835771,818,0.7424355
STXUSDT,BUY,LIMIT,1701284422198,1715,0.7559374
STXUSDT,BUY,LIMIT,1701284926738,6913,0.7598741
STXUSDT,BUY,LIMIT,1701285035874,1049,0.7566168
STXUSDT,BUY,LIMIT,1701285051943,1301,0.7569728
STXUSDT,BUY,LIMIT,1701285057101,566,0.7611132
STXUSDT,BUY,LIMIT,1701285107250,453,0.7617831
STXUSDT,BUY,LIMIT,1701285111030,413,0.7608068
STXUSDT,SELL,LIMIT,1701285694043,8119,0.7379718
STXUSDT,SELL,LIMIT,1701288287799,13,0.7395291
STXUSDT,SELL,LIMIT,1701290342052,770,0.7400089
STXUSDT,SELL,LIMIT,1701292462858,821,0.7345138
STXUSDT,SELL,LIMIT,1701292488155,5283,0.7334969
STXUSDT,SELL,LIMIT,1701292495650,7,0.7319178
STXUSDT,SELL,LIMIT,1701292502251,358,0.7303660
STXUSDT,SELL,LIMIT,1701292504258,2222,0.7296999
STXUSDT,SELL,LIMIT,1701292505318,14,0.7294625
STXUSDT,SELL,LIMIT,1701294294221,32,0.7290463
STXUSDT,SELL,LIMIT,1701294457212,20,0.7277628
STXUSDT,SELL,LIMIT,1701294464772,20,0.7264231
STXUSDT,SELL,LIMIT,1701294465796,1283,0.7260848
STXUSDT,SELL,LIMIT,1701294469397,700,0.7257976
STXUSDT,SELL,LIMIT,1701294479512,722,0.7256082
STXUSDT,SELL,LIMIT,1701294480697,1747,0.7255022
STXUSDT,SELL,LIMIT,1701297040311,702,0.7250269
STXUSDT,SELL,LIMIT,1701297042590,5000,0.7247338
STXUSDT,SELL,LIMIT,1701297061352,37,0.7244571
STXUSDT,SELL,LIMIT,1701297184736,534,0.7222279
STXUSDT,SELL,LIMIT,1701297187229,904,0.7219694
STXUSDT,SELL,LIMIT,1701297189074,542,0.7216831
STXUSDT,SELL,LIMIT,1701297190221,90,0.7215782
STXUSDT,SELL,LIMIT,1701299682067,452,0.7209243
STXUSDT,SELL,LIMIT,1701299708674,1664,0.7202478
STXUSDT,SELL,LIMIT,1701299733653,19,0.7200759
STXUSDT,SELL,LIMIT,1701299737260,377,0.7194436
STXUSDT,SELL,LIMIT,1701299797427,14,0.7184973
STXUSDT,SELL,LIMIT,1701299827921,392,0.7182375
STXUSDT,SELL,LIMIT,1701299828990,537,0.7181070
STXUSDT,SELL,LIMIT,1701299853919,3429,0.7174472
STXUSDT,SELL,LIMIT,1701299859169,130,0.7171987
STXUSDT,SELL,LIMIT,1701299980436,39,0.7166407
STXUSDT,SELL,LIMIT,1701300008223,14948,0.7101750
STXUSDT,SELL,LIMIT,1701300074180,132,0.7148750
STXUSDT,SELL,LIMIT,1701300075274,818,0.7148358
STXUSDT,SELL,LIMIT,1701300209370,1925,0.7144452
STXUSDT,SELL,LIMIT,1701300241769,1222,0.7143829
STXUSDT,SELL,LIMIT,1701300243364,210,0.7141273
STXUSDT,SELL,LIMIT,1701300254337,7907,0.7124615
STXUSDT,SELL,LIMIT,1701300255784,61622,0.7041085
STXUSDT,SELL,LIMIT,1701300256904,9,0.7135970
STXUSDT,SELL,LIMIT,1701300260901,3405,0.7137855
STXUSDT,SELL,LIMIT,1701302029103,379,0.7132868
STXUSDT,SELL,LIMIT,1701302030145,66,0.7130879
STXUSDT,SELL,LIMIT,1701302032150,8,0.7125759
STXUSDT,SELL,LIMIT,1701302528638,131,0.7122879
STXUSDT,SELL,LIMIT,1701302531599,4805,0.7119611
STXUSDT,SELL,LIMIT,1701302539506,45,0.7114491
STXUSDT,SELL,LIMIT,1701302546262,755,0.7109860
STXUSDT,SELL,LIMIT,1701302551925,7,0.7100058
STXUSDT,SELL,LIMIT,1701302556885,784,0.7095833
STXUSDT,SELL,LIMIT,1701302558049,29,0.7095199
STXUSDT,SELL,LIMIT,1701302629477,1512,0.7088848
STXUSDT,SELL,LIMIT,1701302669222,26268,0.7003073
STXUSDT,SELL,LIMIT,1701302674429,3366,0.7073245
STXUSDT,SELL,LIMIT,1701302676592,8,0.7070563
STXUSDT,SELL,LIMIT,1701302736609,89,0.7069875
STXUSDT,SELL,LIMIT,1701302738080,71,0.7069515
STXUSDT,SELL,LIMIT,1701302741121,2675,0.7068811
STXUSDT,SELL,LIMIT,1701302847054,91,0.7061219
STXUSDT,SELL,LIMIT,1701302854387,174,0.7059050
STXUSDT,SELL,LIMIT,1701302879920,321,0.7049658
STXUSDT,SELL,LIMIT,1701302893867,1535,0.7041046
STXUSDT,SELL,LIMIT,1701302900036,500,0.7038912
STXUSDT,SELL,LIMIT,1701302910158,668,0.7034896
STXUSDT,SELL,LIMIT,1701302916134,198,0.7031205
STXUSDT,SELL,LIMIT,1701302923685,224,0.7016314
STXUSDT,SELL,LIMIT,1701302924781,58,0.7013630
STXUSDT,SELL,LIMIT,1701303046179,40,0.7013339
STXUSDT,SELL,LIMIT,1701303054800,23,0.7011710
STXUSDT,SELL,LIMIT,1701303070036,677,0.7008828
STXUSDT,SELL,LIMIT,1701303088650,39,0.7006245
STXUSDT,SELL,LIMIT,1701303109341,4111,0.7003616
STXUSDT,SELL,LIMIT,1701303110452,1005,0.7001510
STXUSDT,SELL,LIMIT,1701303611289,824,0.6985142
STXUSDT,SELL,LIMIT,1701306314112,19,0.6980187
STXUSDT,SELL,LIMIT,1701306315226,47,0.6979104
STXUSDT,SELL,LIMIT,1701306434867,254,0.6973205
STXUSDT,SELL,LIMIT,1701306528578,326,0.6971576
STXUSDT,SELL,LIMIT,1701306534826,3444,0.6970585
STXUSDT,SELL,LIMIT,1701306587670,303,0.6969065
STXUSDT,BUY,LIMIT,1701315517309,31,0.7312400
STXUSDT,SELL,LIMIT,1701315607146,10000,0.7125217
STXUSDT,SELL,LIMIT,1701320415622,111,0.7081455
STXUSDT,SELL,LIMIT,1701323734567,8,0.7015759
STXUSDT,SELL,LIMIT,1701331471462,8399,0.6944373
STXUSDT,SELL,LIMIT,1701331548198,73,0.6949931
STXUSDT,SELL,LIMIT,1701331606316,2250,0.6943860
STXUSDT,SELL,LIMIT,1701331612109,878,0.6942640
STXUSDT,SELL,LIMIT,1701331613835,250,0.6940438
STXUSDT,SELL,LIMIT,1701331647137,65,0.6934648
STXUSDT,SELL,LIMIT,1701331714386,797,0.6927858
STXUSDT,SELL,LIMIT,1701331741800,4345,0.6924423
STXUSDT,SELL,LIMIT,1701332468504,745,0.6906260
STXUSDT,SELL,LIMIT,1701332803274,712,0.6897644
STXUSDT,SELL,LIMIT,1701333052180,64775,0.6801479
STXUSDT,SELL,LIMIT,1701333054883,550,0.6891308
STXUSDT,SELL,LIMIT,1701333563228,3299,0.6882481
STXUSDT,SELL,LIMIT,1701335436619,1682,0.6878570
STXUSDT,SELL,LIMIT,1701335448307,2590,0.6875575
STXUSDT,SELL,LIMIT,1701338107063,661,0.6869598
STXUSDT,SELL,LIMIT,1701338181055,176,0.6862384
STXUSDT,SELL,LIMIT,1701338207453,161,0.6860509
STXUSDT,SELL,LIMIT,1701338335615,55,0.6879054
STXUSDT,BUY,LIMIT,1701344814169,99,0.7118904
STXUSDT,BUY,LIMIT,1701344857273,78,0.7115910
STXUSDT,BUY,LIMIT,1701344955716,127,0.7133999
STXUSDT,BUY,LIMIT,1701344997907,134,0.7133768
STXUSDT,BUY,LIMIT,1701345357420,35,0.7156060
STXUSDT,BUY,LIMIT,1701345360007,86,0.7159040
STXUSDT,BUY,LIMIT,1701345530653,180,0.7177694
STXUSDT,BUY,LIMIT,1701345537187,25,0.7151181
STXUSDT,BUY,LIMIT,1701345540533,12,0.7177860
STXUSDT,BUY,LIMIT,1701345543113,37,0.7170129
STXUSDT,BUY,LIMIT,1701345544389,13,0.7148925
STXUSDT,BUY,LIMIT,1701345547927,90,0.7155968
STXUSDT,BUY,LIMIT,1701345557691,48,0.7167841
STXUSDT,BUY,LIMIT,1701345561357,1303,0.7174981
STXUSDT,SELL,LIMIT,1701349687700,604,0.6923961
STXUSDT,SELL,LIMIT,1701352509685,50,0.6870601
