Symbol,Side,Order Type,Time,Quantity,Price
SUIUSDT,SELL,LIMIT,1701066414205,782.5,0.605016
SUIUSDT,SELL,LIMIT,1701067305147,98.5,0.604337
SUIUSDT,SELL,LIMIT,1701067308855,1920.0,0.604292
SUIUSDT,SELL,LIMIT,1701067317358,34.7,0.603314
SUIUSDT,SELL,LIMIT,1701067326517,672.9,0.601772
SUIUSDT,SELL,LIMIT,1701067327909,2271.7,0.601539
SUIUSDT,SELL,LIMIT,1701067638319,1831.8,0.600396
SUIUSDT,SELL,LIMIT,1701067676967,22785.5,0.595899
SUIUSDT,SELL,LIMIT,1701067694840,2041.7,0.599673
SUIUSDT,SELL,LIMIT,1701067815895,39.1,0.599020
SUIUSDT,SELL,LIMIT,1701067817741,255.4,0.598413
SUIUSDT,SELL,LIMIT,1701067819150,279.9,0.598060
SUIUSDT,SELL,LIMIT,1701067836235,3789.0,0.597763
SUIUSDT,SELL,LIMIT,1701067839248,279.9,0.597911
SUIUSDT,SELL,LIMIT,1701067840919,3181.1,0.597416
SUIUSDT,SELL,LIMIT,1701067843050,2254.5,0.597063
SUIUSDT,SELL,LIMIT,1701067854132,58.5,0.596567
SUIUSDT,SELL,LIMIT,1701067858281,105.0,0.596090
SUIUSDT,SELL,LIMIT,1701067859903,6571.1,0.595965
SUIUSDT,SELL,LIMIT,1701067861646,739.2,0.595672
SUIUSDT,SELL,LIMIT,1701067864331,151.9,0.595367
SUIUSDT,SELL,LIMIT,1701068041152,10102.4,0.593984
SUIUSDT,SELL,LIMIT,1701068042444,529.8,0.595039
SUIUSDT,SELL,LIMIT,1701068083680,96.5,0.595024
SUIUSDT,SELL,LIMIT,1701068091301,986.7,0.594694
SUIUSDT,SELL,LIMIT,1701068118057,930.8,0.594202
SUIUSDT,SELL,LIMIT,1701068147053,1107.1,0.593146
SUIUSDT,SELL,LIMIT,1701068148559,300.0,0.592977
SUIUSDT,SELL,LIMIT,1701068151165,2288.3,0.592173
SUIUSDT,SELL,LIMIT,1701068162632,1076.2,0.592151
SUIUSDT,SELL,LIMIT,1701068163915,27.8,0.592063
SUIUSDT,SELL,LIMIT,1701068166254,875.8,0.591784
SUIUSDT,SELL,LIMIT,1701068927814,4412.5,0.590996
SUIUSDT,SELL,LIMIT,1701069220206,20377.2,0.587220
SUIUSDT,SELL,LIMIT,1701069227116,7982.1,0.590453
SUIUSDT,SELL,LIMIT,1701069314046,227.5,0.590262
SUIUSDT,SELL,LIMIT,1701069315206,3538.6,0.590144
SUIUSDT,SELL,LIMIT,1701069426366,13792.2,0.587712
SUIUSDT,SELL,LIMIT,1701069427663,255.4,0.590041
SUIUSDT,SELL,LIMIT,1701069490841,1272.3,0.589942
SUIUSDT,SELL,LIMIT,1701069494200,786.0,0.589900
SUIUSDT,SELL,LIMIT,1701069511191,879.1,0.590042
SUIUSDT,SELL,LIMIT,1701069514131,1562.5,0.589812
SUIUSDT,SELL,LIMIT,1701069550045,7933.9,0.589459
SUIUSDT,SELL,LIMIT,1701069551719,3643.8,0.589250
SUIUSDT,SELL,LIMIT,1701069552924,177.4,0.588860
SUIUSDT,SELL,LIMIT,1701069555363,1436.4,0.588556
SUIUSDT,SELL,LIMIT,1701069564338,8320.8,0.588441
SUIUSDT,SELL,LIMIT,1701069571857,245.5,0.588417
SUIUSDT,SELL,LIMIT,1701069574147,24.4,0.588281
SUIUSDT,SELL,LIMIT,1701069575173,76.5,0.588124
SUIUSDT,SELL,LIMIT,1701069577429,202.5,0.587858
SUIUSDT,SELL,LIMIT,1701069635059,2296.1,0.587657
SUIUSDT,SELL,LIMIT,1701069824149,10600.1,0.586826
SUIUSDT,SELL,LIMIT,1701069833171,18.1,0.587196
SUIUSDT,SELL,LIMIT,1701069881288,9511.0,0.585997
SUIUSDT,SELL,LIMIT,1701069888510,2083.6,0.586774
SUIUSDT,SELL,LIMIT,1701069897213,16.2,0.586159
SUIUSDT,SELL,LIMIT,1701069898662,446.9,0.585898
SUIUSDT,SELL,LIMIT,1701069899663,3033.0,0.585643
SUIUSDT,SELL,LIMIT,1701069900954,340.1,0.585631
SUIUSDT,SELL,LIMIT,1701070174167,95.9,0.586081
SUIUSDT,BUY,LIMIT,1701072511798,686.2,0.608791
SUIUSDT,SELL,LIMIT,1701074851116,32.7,0.595553
SUIUSDT,SELL,LIMIT,1701074939835,337.7,0.595080
SUIUSDT,SELL,LIMIT,1701074946788,390.4,0.594786
SUIUSDT,SELL,LIMIT,1701080533333,435.5,0.593383
SUIUSDT,SELL,LIMIT,1701080540392,495.8,0.593039
SUIUSDT,SELL,LIMIT,1701080756144,8.3,0.592390
SUIUSDT,SELL,LIMIT,1701081130524,1325.4,0.591082
SUIUSDT,SELL,LIMIT,1701081132154,4141.1,0.590822
SUIUSDT,SELL,LIMIT,1701081134272,173.1,0.590262
SUIUSDT,SELL,LIMIT,1701081610223,63.3,0.589942
SUIUSDT,SELL,LIMIT,1701081932239,623.6,0.590586
SUIUSDT,SELL,LIMIT,1701082622540,73.9,0.586774
SUIUSDT,SELL,LIMIT,1701082650197,1869.4,0.587170
SUIUSDT,SELL,LIMIT,1701082672168,9066.1,0.585970
SUIUSDT,SELL,LIMIT,1701082691333,1103.8,0.586079
SUIUSDT,SELL,LIMIT,1701082700411,7853.1,0.585685
SUIUSDT,SELL,LIMIT,1701082701414,799.6,0.585749
SUIUSDT,SELL,LIMIT,1701082704135,1131.9,0.585569
SUIUSDT,SELL,LIMIT,1701082706522,912.6,0.585120
SUIUSDT,BUY,LIMIT,1701083015784,10.2,0.604188
SUIUSDT,SELL,LIMIT,1701084911275,152.2,0.587121
SUIUSDT,SELL,LIMIT,1701091162535,116.2,0.585731
SUIUSDT,SELL,LIMIT,1701091164668,11.5,0.585621
SUIUSDT,SELL,LIMIT,1701093055160,182.8,0.584917
SUIUSDT,SELL,LIMIT,1701093059001,278.8,0.584771
SUIUSDT,SELL,LIMIT,1701093111484,237.4,0.584096
SUIUSDT,SELL,LIMIT,1701093112780,1756.0,0.583837
SUIUSDT,SELL,LIMIT,1701093115181,473.9,0.583667
SUIUSDT,SELL,LIMIT,1701093118510,906.0,0.583261
SUIUSDT,SELL,LIMIT,1701093135071,2518.8,0.582538
SUIUSDT,SELL,LIMIT,1701093136087,534.1,0.581970
SUIUSDT,SELL,LIMIT,1701094937798,2057.6,0.580979
SUIUSDT,SELL,LIMIT,1701094966352,8397.5,0.580610
SUIUSDT,SELL,LIMIT,1701094969810,936.1,0.580450
SUIUSDT,SELL,LIMIT,1701094972233,49.2,0.580438
SUIUSDT,SELL,LIMIT,1701094977556,400.9,0.580279
SUIUSDT,SELL,LIMIT,1701094981670,69.4,0.580240
SUIUSDT,SELL,LIMIT,1701095561040,287.1,0.579885
SUIUSDT,SELL,LIMIT,1701095600056,732.5,0.579690
SUIUSDT,SELL,LIMIT,1701095601437,11908.5,0.577913
SUIUSDT,SELL,LIMIT,1701095613672,260.9,0.579219
SUIUSDT,SELL,LIMIT,1701096731276,8460.2,0.579299
SUIUSDT,SELL,LIMIT,1701096767514,663.2,0.578976
SUIUSDT,SELL,LIMIT,1701096774121,1087.9,0.578953
SUIUSDT,SELL,LIMIT,1701096838475,817.5,0.578657
SUIUSDT,SELL,LIMIT,1701097044083,334.2,0.578277
SUIUSDT,SELL,LIMIT,1701097066343,556.1,0.577883
SUIUSDT,SELL,LIMIT,1701097067495,155.9,0.577368
SUIUSDT,SELL,LIMIT,1701097087163,147.1,0.576139
SUIUSDT,SELL,LIMIT,1701097088227,1464.2,0.576107
SUIUSDT,SELL,LIMIT,1701097093664,88.1,0.575742
SUIUSDT,SELL,LIMIT,1701097095254,20000.0,0.572358
SUIUSDT,SELL,LIMIT,1701097099937,689.9,0.575655
SUIUSDT,SELL,LIMIT,1701097101097,156.4,0.575233
SUIUSDT,SELL,LIMIT,1701100059568,8483.2,0.577061
SUIUSDT,SELL,LIMIT,1701100097519,84.9,0.576481
SUIUSDT,SELL,LIMIT,1701100158271,5841.3,0.575144
SUIUSDT,SELL,LIMIT,1701100210986,59.3,0.574952
SUIUSDT,SELL,LIMIT,1701100219101,301.6,0.574716
SUIUSDT,SELL,LIMIT,1701100220208,1493.0,0.574680
SUIUSDT,SELL,LIMIT,1701100625142,100.0,0.574201
SUIUSDT,SELL,LIMIT,1701100640413,754.9,0.574201
SUIUSDT,SELL,LIMIT,1701100643043,1737.2,0.573798
SUIUSDT,SELL,LIMIT,1701100901324,431.6,0.574498
SUIUSDT,SELL,LIMIT,1701101186235,2494.1,0.574641
SUIUSDT,BUY,LIMIT,1701106276248,8566.0,0.595557
SUIUSDT,BUY,LIMIT,1701110844421,10.7,0.596558
SUIUSDT,BUY,LIMIT,1701111066649,1200.9,0.596275
SUIUSDT,SELL,LIMIT,1701111396029,67.9,0.580558
SUIUSDT,SELL,LIMIT,1701111573572,1426.2,0.579060
SUIUSDT,SELL,LIMIT,1701111874050,204.1,0.583719
SUIUSDT,SELL,LIMIT,1701114158908,16.0,0.577971
SUIUSDT,SELL,LIMIT,1701114161925,192.2,0.577816
SUIUSDT,SELL,LIMIT,1701114224639,84.8,0.577028
SUIUSDT,SELL,LIMIT,1701114229197,112.5,0.576644
SUIUSDT,SELL,LIMIT,1701114237067,715.1,0.575604
SUIUSDT,SELL,LIMIT,1701114275125,3794.9,0.575615
SUIUSDT,SELL,LIMIT,1701114276803,2089.2,0.575393
SUIUSDT,SELL,LIMIT,1701114343100,411.3,0.575034
SUIUSDT,SELL,LIMIT,1701114353883,4927.7,0.574795
SUIUSDT,SELL,LIMIT,1701114355849,1826.6,0.574782
SUIUSDT,SELL,LIMIT,1701114356874,6429.0,0.574589
SUIUSDT,SELL,LIMIT,1701114368763,14.3,0.575191
SUIUSDT,SELL,LIMIT,1701114462729,9641.7,0.573702
SUIUSDT,SELL,LIMIT,1701114474797,359.7,0.573843
SUIUSDT,SELL,LIMIT,1701114496818,2077.2,0.573411
SUIUSDT,SELL,LIMIT,1701114501705,83.2,0.573161
SUIUSDT,SELL,LIMIT,1701114515303,6230.3,0.573124
SUIUSDT,SELL,LIMIT,1701114523673,84.9,0.572969
SUIUSDT,SELL,LIMIT,1701114525208,4118.5,0.572805
SUIUSDT,SELL,LIMIT,1701114526336,1661.1,0.572079
SUIUSDT,SELL,LIMIT,1701114528802,400.0,0.571910
SUIUSDT,SELL,LIMIT,1701114532027,1511.3,0.571834
SUIUSDT,SELL,LIMIT,1701116769210,61.9,0.599292
SUIUSDT,BUY,LIMIT,1701119671208,5559.5,0.590382
SUIUSDT,BUY,LIMIT,1701119909950,625.4,0.592123
SUIUSDT,SELL,LIMIT,1701123092631,4065.6,0.577085
SUIUSDT,BUY,LIMIT,1701126784943,979.9,0.597313
SUIUSDT,BUY,LIMIT,1701127500246,83.7,0.598723
SUIUSDT,BUY,LIMIT,1701128059553,1072.4,0.599553
SUIUSDT,BUY,LIMIT,1701131909267,1274.6,0.601342
SUIUSDT,BUY,LIMIT,1701131911199,2560.1,0.601505
SUIUSDT,BUY,LIMIT,1701131931767,51.0,0.601748
SUIUSDT,SELL,LIMIT,1701135879755,1091.5,0.582039
SUIUSDT,SELL,LIMIT,1701136651543,9.5,0.581292
SUIUSDT,SELL,LIMIT,1701136749361,168.6,0.581241
SUIUSDT,SELL,LIMIT,1701136880098,2616.4,0.580429
SUIUSDT,SELL,LIMIT,1701137238791,544.2,0.577918
SUIUSDT,BUY,LIMIT,1701141096136,99.8,0.594995
SUIUSDT,SELL,LIMIT,1701144362025,108.1,0.576977
SUIUSDT,SELL,LIMIT,1701145902460,85.6,0.575271
SUIUSDT,SELL,LIMIT,1701146007594,1067.1,0.574991
SUIUSDT,SELL,LIMIT,1701146019249,4416.1,0.574874
SUIUSDT,SELL,LIMIT,1701146060086,168.3,0.574177
SUIUSDT,SELL,LIMIT,1701146066286,196.3,0.573238
SUIUSDT,SELL,LIMIT,1701146258206,173.9,0.573230
SUIUSDT,SELL,LIMIT,1701146538753,225.1,0.572509
SUIUSDT,SELL,LIMIT,1701146914118,23.8,0.571646
SUIUSDT,SELL,LIMIT,1701146942722,828.5,0.571552
SUIUSDT,SELL,LIMIT,1701146944470,66.4,0.571216
SUIUSDT,SELL,LIMIT,1701146954055,60.2,0.571136
SUIUSDT,SELL,LIMIT,1701146957705,3770.2,0.570938
SUIUSDT,SELL,LIMIT,1701146962292,8846.6,0.570692
SUIUSDT,SELL,LIMIT,1701146964142,559.7,0.570094
SUIUSDT,SELL,LIMIT,1701147087694,306.3,0.570043
SUIUSDT,SELL,LIMIT,1701147289732,66.1,0.570439
SUIUSDT,SELL,LIMIT,1701147800445,15.0,0.569717
SUIUSDT,SELL,LIMIT,1701147807412,282.8,0.569494
SUIUSDT,SELL,LIMIT,1701147808502,21.6,0.569415
SUIUSDT,SELL,LIMIT,1701147850132,512.2,0.569202
SUIUSDT,SELL,LIMIT,1701147852818,66.4,0.569039
SUIUSDT,SELL,LIMIT,1701147878058,222.8,0.568480
SUIUSDT,SELL,LIMIT,1701147879203,1150.9,0.568576
SUIUSDT,SELL,LIMIT,1701147892951,477.8,0.568062
SUIUSDT,SELL,LIMIT,1701147894719,10.1,0.567897
SUIUSDT,SELL,LIMIT,1701147942334,9.7,0.567789
SUIUSDT,SELL,LIMIT,1701147944144,830.0,0.567740
SUIUSDT,SELL,LIMIT,1701147948694,96.0,0.567688
SUIUSDT,SELL,LIMIT,1701147994135,80.5,0.567550
SUIUSDT,SELL,LIMIT,1701148008238,55.0,0.567265
SUIUSDT,SELL,LIMIT,1701148009099,639.0,0.567366
SUIUSDT,SELL,LIMIT,1701148037795,23.9,0.567036
SUIUSDT,SELL,LIMIT,1701148096012,157.6,0.566967
SUIUSDT,SELL,LIMIT,1701148098220,24.8,0.566760
SUIUSDT,SELL,LIMIT,1701148110103,32620.4,0.562495
SUIUSDT,SELL,LIMIT,1701148113566,238.3,0.566495
SUIUSDT,SELL,LIMIT,1701148122755,542.8,0.566386
SUIUSDT,SELL,LIMIT,1701148123878,1447.8,0.566186
SUIUSDT,SELL,LIMIT,1701148128083,142.4,0.566097
SUIUSDT,SELL,LIMIT,1701148134306,995.7,0.565862
SUIUSDT,SELL,LIMIT,1701148140465,472.6,0.565718
SUIUSDT,SELL,LIMIT,1701148142521,611.6,0.565695
SUIUSDT,SELL,LIMIT,1701148164668,640.0,0.565679
SUIUSDT,SELL,LIMIT,1701148220371,14.3,0.565261
SUIUSDT,SELL,LIMIT,1701148246649,39.7,0.565143
SUIUSDT,SELL,LIMIT,1701148248847,16979.0,0.562223
SUIUSDT,SELL,LIMIT,1701148260057,31.3,0.565192
SUIUSDT,SELL,LIMIT,1701148938277,5170.6,0.564942
SUIUSDT,SELL,LIMIT,1701149095437,1180.3,0.564591
SUIUSDT,SELL,LIMIT,1701149568764,1039.9,0.564424
SUIUSDT,SELL,LIMIT,1701149687091,4000.0,0.564028
SUIUSDT,SELL,LIMIT,1701149689671,5968.9,0.563943
SUIUSDT,SELL,LIMIT,1701149691094,264.5,0.563679
SUIUSDT,SELL,LIMIT,1701149692332,829.9,0.563329
SUIUSDT,SELL,LIMIT,1701149739776,222.7,0.562904
SUIUSDT,SELL,LIMIT,1701149759380,117.6,0.562625
SUIUSDT,SELL,LIMIT,1701149771344,178.1,0.562620
SUIUSDT,SELL,LIMIT,1701149772831,744.8,0.562437
SUIUSDT,SELL,LIMIT,1701149774112,564.7,0.562235
SUIUSDT,SELL,LIMIT,1701149782059,1379.9,0.561975
SUIUSDT,SELL,LIMIT,1701149826521,1366.2,0.561576
SUIUSDT,SELL,LIMIT,1701149830095,91.0,0.561714
SUIUSDT,SELL,LIMIT,1701149845234,210.5,0.561414
SUIUSDT,SELL,LIMIT,1701149847562,30.0,0.561350
SUIUSDT,SELL,LIMIT,1701149848908,88.2,0.561004
SUIUSDT,SELL,LIMIT,1701149850417,965.1,0.560743
SUIUSDT,SELL,LIMIT,1701149851883,3702.5,0.560735
SUIUSDT,SELL,LIMIT,1701149858981,242.9,0.560699
SUIUSDT,SELL,LIMIT,1701149875875,1205.8,0.560153
SUIUSDT,SELL,LIMIT,1701149878480,33.5,0.560140
SUIUSDT,SELL,LIMIT,1701149880486,1090.2,0.560033
SUIUSDT,SELL,LIMIT,1701149882953,1852.0,0.559976
SUIUSDT,SELL,LIMIT,1701149890109,506.6,0.559695
SUIUSDT,SELL,LIMIT,1701149894472,34.0,0.559669
SUIUSDT,SELL,LIMIT,1701151173921,8604.0,0.559575
SUIUSDT,SELL,LIMIT,1701151247286,102.5,0.559075
SUIUSDT,SELL,LIMIT,1701151249949,306.5,0.558868
SUIUSDT,SELL,LIMIT,1701151255182,340.3,0.558669
SUIUSDT,SELL,LIMIT,1701151263535,174.3,0.558757
SUIUSDT,BUY,LIMIT,1701153221256,4409.1,0.578076
SUIUSDT,SELL,LIMIT,1701155300367,84.3,0.568569
SUIUSDT,SELL,LIMIT,1701163962243,128.7,0.567271
SUIUSDT,BUY,LIMIT,1701165067038,151.6,0.583100
SUIUSDT,BUY,LIMIT,1701170516030,256.6,0.588761
SUIUSDT,SELL,LIMIT,1701170879191,300.0,0.578359
SUIUSDT,BUY,LIMIT,1701171954052,500.0,0.591484
SUIUSDT,BUY,LIMIT,1701172130392,1767.0,0.593854
SUIUSDT,BUY,LIMIT,1701172160437,386.2,0.594681
SUIUSDT,BUY,LIMIT,1701179061719,13.7,0.594572
SUIUSDT,BUY,LIMIT,1701179084263,85.5,0.595492
SUIUSDT,BUY,LIMIT,1701179090425,600.8,0.596343
SUIUSDT,BUY,LIMIT,1701179626199,161.5,0.598386
SUIUSDT,BUY,LIMIT,1701179824340,52.5,0.598981
SUIUSDT,BUY,LIMIT,1701180013767,105.3,0.599540
SUIUSDT,BUY,LIMIT,1701181513480,1715.3,0.601394
SUIUSDT,BUY,LIMIT,1701181525447,192.2,0.601913
SUIUSDT,BUY,LIMIT,1701182008471,852.8,0.606940
SUIUSDT,BUY,LIMIT,1701182104507,874.5,0.606591
SUIUSDT,BUY,LIMIT,1701182631220,1759.4,0.608828
SUIUSDT,SELL,LIMIT,1701183686637,166.3,0.588426
SUIUSDT,SELL,LIMIT,1701183693845,376.3,0.588001
SUIUSDT,BUY,LIMIT,1701184814132,2.2,0.585257
SUIUSDT,SELL,LIMIT,1701185484737,1295.6,0.587222
SUIUSDT,SELL,LIMIT,1701185890231,21.1,0.585718
SUIUSDT,SELL,LIMIT,1701185895266,1141.8,0.585250
SUIUSDT,SELL,LIMIT,1701185918551,191.7,0.584712
SUIUSDT,BUY,LIMIT,1701186356123,241.3,0.604590
SUIUSDT,BUY,LIMIT,1701188151207,265.7,0.605876
SUIUSDT,BUY,LIMIT,1701188505829,61.3,0.607618
SUIUSDT,BUY,LIMIT,1701188511809,493.8,0.607302
SUIUSDT,BUY,LIMIT,1701188514941,14.0,0.607431
SUIUSDT,BUY,LIMIT,1701189311293,89.3,0.612475
SUIUSDT,BUY,LIMIT,1701189387655,61.3,0.613001
SUIUSDT,BUY,LIMIT,1701189454214,16.4,0.614729
SUIUSDT,BUY,LIMIT,1701189803565,40.9,0.615493
SUIUSDT,BUY,LIMIT,1701189814356,3407.7,0.616287
SUIUSDT,BUY,LIMIT,1701189820661,20.5,0.616644
SUIUSDT,BUY,LIMIT,1701189846474,8330.9,0.618035
SUIUSDT,SELL,LIMIT,1701189975892,350.8,0.605882
SUIUSDT,BUY,LIMIT,1701189977261,20.5,0.617869
SUIUSDT,BUY,LIMIT,1701189983132,2.1,0.611154
SUIUSDT,BUY,LIMIT,1701190011357,1678.7,0.618979
SUIUSDT,BUY,LIMIT,1701190049716,343.0,0.619482
SUIUSDT,BUY,LIMIT,1701190053801,808.4,0.619789
SUIUSDT,BUY,LIMIT,1701190169427,20.5,0.618826
SUIUSDT,BUY,LIMIT,1701190266185,51.1,0.620644
SUIUSDT,BUY,LIMIT,1701190347221,306.1,0.622804
SUIUSDT,BUY,LIMIT,1701190463816,6867.8,0.623522
SUIUSDT,SELL,LIMIT,1701191254738,8089.8,0.607492
SUIUSDT,BUY,LIMIT,1701192143484,20.5,0.625842
SUIUSDT,BUY,LIMIT,1701192282949,20.5,0.623674
SUIUSDT,BUY,LIMIT,1701192319692,20.5,0.623818
SUIUSDT,SELL,LIMIT,1701193830168,52.7,0.607505
SUIUSDT,BUY,LIMIT,1701196802439,249.6,0.625737
SUIUSDT,SELL,LIMIT,1701197838335,22.9,0.608950
SUIUSDT,BUY,LIMIT,1701197850343,115.5,0.622160
SUIUSDT,SELL,LIMIT,1701197851420,35.8,0.610034
SUIUSDT,BUY,LIMIT,1701198068160,37868.2,0.632021
SUIUSDT,BUY,LIMIT,1701198070105,210.9,0.627408
SUIUSDT,BUY,LIMIT,1701198071121,8140.3,0.627544
SUIUSDT,BUY,LIMIT,1701198074390,325.9,0.627647
SUIUSDT,BUY,LIMIT,1701198081157,550.9,0.628602
SUIUSDT,BUY,LIMIT,1701198082490,917.8,0.629413
SUIUSDT,BUY,LIMIT,1701198084480,791.3,0.630156
SUIUSDT,BUY,LIMIT,1701199377535,1000.0,0.632003
SUIUSDT,BUY,LIMIT,1701199379217,6942.5,0.632087
SUIUSDT,BUY,LIMIT,1701199467455,8.3,0.632849
SUIUSDT,BUY,LIMIT,1701199491121,1274.5,0.633126
SUIUSDT,BUY,LIMIT,1701199511297,220.1,0.633585
SUIUSDT,BUY,LIMIT,1701202166064,360.3,0.635230
SUIUSDT,BUY,LIMIT,1701202194342,82.1,0.635517
SUIUSDT,BUY,LIMIT,1701202247000,5407.5,0.635655
SUIUSDT,SELL,LIMIT,1701207130835,1194.2,0.615566
SUIUSDT,SELL,LIMIT,1701207285214,124.8,0.614956
SUIUSDT,SELL,LIMIT,1701208181130,108.5,0.615825
SUIUSDT,SELL,LIMIT,1701211931206,174.0,0.608604
SUIUSDT,SELL,LIMIT,1701211945129,1688.2,0.607966
SUIUSDT,SELL,LIMIT,1701216461874,264.6,0.606331
SUIUSDT,SELL,LIMIT,1701216763645,41.8,0.605804
SUIUSDT,SELL,LIMIT,1701216846168,446.4,0.604433
SUIUSDT,SELL,LIMIT,1701216907085,1561.2,0.603600
SUIUSDT,BUY,LIMIT,1701218668222,59.1,0.625500
SUIUSDT,SELL,LIMIT,1701221717796,54.7,0.607698
SUIUSDT,SELL,LIMIT,1701221749572,173.5,0.606677
SUIUSDT,SELL,LIMIT,1701223234064,2429.3,0.602913
SUIUSDT,SELL,LIMIT,1701223269787,1145.8,0.602609
SUIUSDT,SELL,LIMIT,1701223422492,1448.1,0.600908
SUIUSDT,SELL,LIMIT,1701223426500,54.8,0.600795
SUIUSDT,SELL,LIMIT,1701228103612,319.1,0.598730
SUIUSDT,SELL,LIMIT,1701228330263,207.4,0.598333
SUIUSDT,SELL,LIMIT,1701229040617,157.6,0.596433
SUIUSDT,BUY,LIMIT,1701232404378,11.4,0.614987
SUIUSDT,SELL,LIMIT,1701241361186,74.6,0.604952
SUIUSDT,SELL,LIMIT,1701243502199,814.3,0.601851
SUIUSDT,SELL,LIMIT,1701243718124,3263.7,0.600667
SUIUSDT,SELL,LIMIT,1701244020544,809.0,0.601327
SUIUSDT,SELL,LIMIT,1701245424248,9.8,0.599887
SUIUSDT,SELL,LIMIT,1701245732434,4874.6,0.599152
SUIUSDT,SELL,LIMIT,1701245752088,129.1,0.598456
SUIUSDT,BUY,LIMIT,1701247389563,285.5,0.613252
SUIUSDT,BUY,LIMIT,1701247617808,287.4,0.616645
SUIUSDT,BUY,LIMIT,1701247943159,426.3,0.618920
SUIUSDT,BUY,LIMIT,1701248721597,13393.5,0.624563
SUIUSDT,BUY,LIMIT,1701251479516,1156.0,0.620173
SUIUSDT,SELL,LIMIT,1701253010944,1690.4,0.602159
SUIUSDT,SELL,LIMIT,1701253994278,8429.9,0.599531
SUIUSDT,SELL,LIMIT,1701254048055,205.8,0.598296
SUIUSDT,SELL,LIMIT,1701254066430,716.5,0.597198
SUIUSDT,SELL,LIMIT,1701254068982,141.4,0.597179
SUIUSDT,SELL,LIMIT,1701254410029,152.0,0.595504
SUIUSDT,SELL,LIMIT,1701254412194,56.6,0.595078
SUIUSDT,SELL,LIMIT,1701254413327,240.3,0.594819
SUIUSDT,SELL,LIMIT,1701254419499,412.9,0.593364
SUIUSDT,SELL,LIMIT,1701254420772,704.5,0.593150
