Symbol,Side,Order Type,Time,Quantity,Price
SUIUSDT,BUY,LIMIT,1700846833271,167.5,0.632500
SUIUSDT,SELL,LIMIT,1700847658128,9.1,0.614237
SUIUSDT,SELL,LIMIT,1700847793333,1823.4,0.612119
SUIUSDT,SELL,LIMIT,1700847811575,24.8,0.611501
SUIUSDT,SELL,LIMIT,1700849719203,0.1,0.611941
SUIUSDT,SELL,LIMIT,1700850196711,988.6,0.610287
SUIUSDT,SELL,LIMIT,1700850333158,180.1,0.609640
SUIUSDT,SELL,LIMIT,1700851189047,22.3,0.609216
SUIUSDT,SELL,LIMIT,1700851199263,2942.2,0.608071
SUIUSDT,SELL,LIMIT,1700851251736,2336.7,0.606836
SUIUSDT,SELL,LIMIT,1700853749360,4007.0,0.607025
SUIUSDT,BUY,LIMIT,1700859030196,6555.9,0.625749
SUIUSDT,BUY,LIMIT,1700859362217,148.5,0.627412
SUIUSDT,SELL,LIMIT,1700862260948,4.6,0.613559
SUIUSDT,SELL,LIMIT,1700863955837,0.4,0.610451
SUIUSDT,BUY,LIMIT,1700866262359,284.6,0.633332
SUIUSDT,BUY,LIMIT,1700866319011,8033.4,0.634492
SUIUSDT,SELL,LIMIT,1700866718820,1609.5,0.619688
SUIUSDT,SELL,LIMIT,1700867182650,3615.6,0.613518
SUIUSDT,SELL,LIMIT,1700867731165,304.0,0.609134
SUIUSDT,SELL,LIMIT,1700870648079,100.4,0.620277
SUIUSDT,BUY,LIMIT,1700870977368,14.0,0.636826
SUIUSDT,BUY,LIMIT,1700870985847,85.3,0.637011
SUIUSDT,BUY,LIMIT,1700871043320,110.0,0.640983
SUIUSDT,BUY,LIMIT,1700871051245,44.8,0.643388
SUIUSDT,BUY,LIMIT,1700871077058,28958.1,0.648909
SUIUSDT,BUY,LIMIT,1700871078409,8.2,0.644738
SUIUSDT,BUY,LIMIT,1700871251140,19.8,0.645502
SUIUSDT,BUY,LIMIT,1700871300162,101.2,0.647573
SUIUSDT,BUY,LIMIT,1700871307080,4936.7,0.648166
SUIUSDT,BUY,LIMIT,1700871308399,38.6,0.647955
SUIUSDT,BUY,LIMIT,1700871314978,335.2,0.648180
SUIUSDT,BUY,LIMIT,1700871361668,16.9,0.649064
SUIUSDT,BUY,LIMIT,1700871364903,34.2,0.649137
SUIUSDT,BUY,LIMIT,1700871386251,2155.6,0.649202
SUIUSDT,BUY,LIMIT,1700871400046,926.0,0.650315
SUIUSDT,BUY,LIMIT,1700871401070,16.2,0.650285
SUIUSDT,BUY,LIMIT,1700871406162,3169.1,0.651666
SUIUSDT,BUY,LIMIT,1700871409219,25293.3,0.656596
SUIUSDT,BUY,LIMIT,1700871411234,1079.6,0.652671
SUIUSDT,BUY,LIMIT,1700871412403,1763.3,0.652734
SUIUSDT,BUY,LIMIT,1700871413784,32.6,0.652889
SUIUSDT,BUY,LIMIT,1700871415137,1030.7,0.653481
SUIUSDT,BUY,LIMIT,1700871416238,14180.3,0.656511
SUIUSDT,BUY,LIMIT,1700871417413,359.6,0.653739
SUIUSDT,BUY,LIMIT,1700871421204,2000.8,0.654153
SUIUSDT,BUY,LIMIT,1700871435060,10570.4,0.656277
SUIUSDT,BUY,LIMIT,1700872093475,12.9,0.654808
SUIUSDT,BUY,LIMIT,1700872245169,1838.9,0.654916
SUIUSDT,BUY,LIMIT,1700872247339,1529.4,0.655117
SUIUSDT,BUY,LIMIT,1700872260638,10.7,0.655286
SUIUSDT,BUY,LIMIT,1700872267135,1872.0,0.655795
SUIUSDT,BUY,LIMIT,1700872269105,515.6,0.655954
SUIUSDT,BUY,LIMIT,1700872276192,858.5,0.656503
SUIUSDT,BUY,LIMIT,1700872293679,589.9,0.657118
SUIUSDT,BUY,LIMIT,1700872316141,353.0,0.657237
SUIUSDT,BUY,LIMIT,1700872318219,4000.0,0.657360
SUIUSDT,BUY,LIMIT,1700872321213,274.4,0.657681
SUIUSDT,BUY,LIMIT,1700872519716,1207.5,0.659242
SUIUSDT,BUY,LIMIT,1700872538166,3.2,0.659514
SUIUSDT,BUY,LIMIT,1700872540334,4.2,0.659894
SUIUSDT,BUY,LIMIT,1700872552204,166.1,0.660408
SUIUSDT,BUY,LIMIT,1700872569658,34.6,0.660947
SUIUSDT,BUY,LIMIT,1700872571693,8.4,0.661029
SUIUSDT,BUY,LIMIT,1700872572974,2270.3,0.661158
SUIUSDT,BUY,LIMIT,1700872584602,207.6,0.661591
SUIUSDT,BUY,LIMIT,1700872676759,238.2,0.662886
SUIUSDT,BUY,LIMIT,1700872678065,3840.8,0.663787
SUIUSDT,BUY,LIMIT,1700872679530,492.8,0.663858
SUIUSDT,BUY,LIMIT,1700872682217,536.5,0.664131
SUIUSDT,BUY,LIMIT,1700872684176,433.9,0.664345
SUIUSDT,BUY,LIMIT,1700872686344,854.5,0.664360
SUIUSDT,BUY,LIMIT,1700872779711,3423.3,0.665317
SUIUSDT,BUY,LIMIT,1700872783182,128.0,0.665586
SUIUSDT,BUY,LIMIT,1700872790101,191.5,0.666133
SUIUSDT,BUY,LIMIT,1700872845135,2579.6,0.666146
SUIUSDT,BUY,LIMIT,1700873001513,6.3,0.666886
SUIUSDT,BUY,LIMIT,1700873030082,1215.5,0.667925
SUIUSDT,BUY,LIMIT,1700873031259,1219.8,0.667934
SUIUSDT,BUY,LIMIT,1700873034018,19226.2,0.671966
SUIUSDT,BUY,LIMIT,1700873035155,30.0,0.668381
SUIUSDT,BUY,LIMIT,1700873048217,35.7,0.670187
SUIUSDT,BUY,LIMIT,1700873050727,749.2,0.670527
SUIUSDT,BUY,LIMIT,1700873058311,47.1,0.671328
SUIUSDT,BUY,LIMIT,1700873059362,5772.2,0.671138
SUIUSDT,BUY,LIMIT,1700873061055,167.5,0.672712
SUIUSDT,BUY,LIMIT,1700873069356,94.7,0.673005
SUIUSDT,BUY,LIMIT,1700873081405,285.5,0.673785
SUIUSDT,BUY,LIMIT,1700873083495,571.0,0.674415
SUIUSDT,BUY,LIMIT,1700873087146,102.5,0.674746
SUIUSDT,BUY,LIMIT,1700873088176,7582.3,0.675482
SUIUSDT,BUY,LIMIT,1700873094314,791.4,0.675810
SUIUSDT,BUY,LIMIT,1700873096473,10.9,0.675974
SUIUSDT,BUY,LIMIT,1700873099131,27.4,0.676142
SUIUSDT,BUY,LIMIT,1700873100322,490.5,0.677238
SUIUSDT,BUY,LIMIT,1700873110558,2470.6,0.677598
SUIUSDT,BUY,LIMIT,1700873112125,121.1,0.678391
SUIUSDT,BUY,LIMIT,1700873120816,172.3,0.678454
SUIUSDT,BUY,LIMIT,1700873135444,141.1,0.678803
SUIUSDT,BUY,LIMIT,1700873159239,3447.0,0.679213
SUIUSDT,BUY,LIMIT,1700873214192,1619.1,0.679286
SUIUSDT,BUY,LIMIT,1700873296540,584.0,0.679624
SUIUSDT,BUY,LIMIT,1700873301343,23.1,0.679671
SUIUSDT,BUY,LIMIT,1700873460665,1800.0,0.680084
SUIUSDT,BUY,LIMIT,1700873462427,3387.9,0.680238
SUIUSDT,BUY,LIMIT,1700873463516,326.1,0.681215
SUIUSDT,BUY,LIMIT,1700873464549,693.7,0.681876
SUIUSDT,BUY,LIMIT,1700873466471,68.8,0.682790
SUIUSDT,BUY,LIMIT,1700873468356,105.3,0.683500
SUIUSDT,BUY,LIMIT,1700873470442,285.5,0.684174
SUIUSDT,BUY,LIMIT,1700873483356,28.8,0.684200
SUIUSDT,BUY,LIMIT,1700873487038,81.5,0.685111
SUIUSDT,BUY,LIMIT,1700873504397,2015.8,0.685458
SUIUSDT,BUY,LIMIT,1700873523152,14018.3,0.689081
SUIUSDT,SELL,LIMIT,1700873990740,5.3,0.663897
SUIUSDT,SELL,LIMIT,1700874271223,1840.5,0.661863
SUIUSDT,SELL,LIMIT,1700874273247,12.5,0.661316
SUIUSDT,SELL,LIMIT,1700874274564,20.8,0.660796
SUIUSDT,SELL,LIMIT,1700874566168,74.2,0.660284
SUIUSDT,BUY,LIMIT,1700874788097,269.3,0.678574
SUIUSDT,BUY,LIMIT,1700874793387,1373.0,0.679124
SUIUSDT,BUY,LIMIT,1700874804695,749.6,0.680242
SUIUSDT,BUY,LIMIT,1700874818706,285.5,0.681648
SUIUSDT,BUY,LIMIT,1700874860797,177.6,0.681682
SUIUSDT,BUY,LIMIT,1700874867371,1000.0,0.683779
SUIUSDT,BUY,LIMIT,1700874903637,2124.4,0.684129
SUIUSDT,BUY,LIMIT,1700875104900,133.7,0.684509
SUIUSDT,BUY,LIMIT,1700875124769,128.9,0.685029
SUIUSDT,BUY,LIMIT,1700875936526,115.7,0.684997
SUIUSDT,BUY,LIMIT,1700876159830,93.5,0.686640
SUIUSDT,BUY,LIMIT,1700876165440,159.6,0.687611
SUIUSDT,BUY,LIMIT,1700876212182,192.0,0.688082
SUIUSDT,BUY,LIMIT,1700876216062,357.9,0.688932
SUIUSDT,BUY,LIMIT,1700876218828,1678.6,0.689384
SUIUSDT,BUY,LIMIT,1700876226078,201.4,0.689762
SUIUSDT,BUY,LIMIT,1700876227263,36681.0,0.695544
SUIUSDT,BUY,LIMIT,1700876229633,216.3,0.690525
SUIUSDT,BUY,LIMIT,1700876231140,500.0,0.691052
SUIUSDT,BUY,LIMIT,1700876255801,855.0,0.691753
SUIUSDT,BUY,LIMIT,1700876257376,134.7,0.692038
SUIUSDT,BUY,LIMIT,1700876260335,6069.9,0.692346
SUIUSDT,BUY,LIMIT,1700876263842,285.5,0.692381
SUIUSDT,BUY,LIMIT,1700876270217,36.4,0.692772
SUIUSDT,BUY,LIMIT,1700876271794,10000.0,0.695128
SUIUSDT,BUY,LIMIT,1700876274219,514.7,0.693464
SUIUSDT,BUY,LIMIT,1700876275255,1426.0,0.693580
SUIUSDT,BUY,LIMIT,1700876276431,475.4,0.693779
SUIUSDT,BUY,LIMIT,1700876286663,44.5,0.694012
SUIUSDT,BUY,LIMIT,1700876289049,1167.1,0.694414
SUIUSDT,BUY,LIMIT,1700876305528,144.1,0.694688
SUIUSDT,BUY,LIMIT,1700876311556,6834.6,0.694853
SUIUSDT,BUY,LIMIT,1700876314085,251.3,0.695016
SUIUSDT,BUY,LIMIT,1700876782902,1675.9,0.688547
SUIUSDT,SELL,LIMIT,1700876901239,47.9,0.672797
SUIUSDT,BUY,LIMIT,1700877238998,142.1,0.686698
SUIUSDT,BUY,LIMIT,1700877272222,10.7,0.687102
SUIUSDT,BUY,LIMIT,1700877990075,201.1,0.686364
SUIUSDT,BUY,LIMIT,1700878310037,3153.5,0.686635
SUIUSDT,SELL,LIMIT,1700878473312,9.4,0.668816
SUIUSDT,SELL,LIMIT,1700878480534,667.4,0.668443
SUIUSDT,SELL,LIMIT,1700878493384,57.2,0.668113
SUIUSDT,SELL,LIMIT,1700878531391,7342.1,0.667517
SUIUSDT,SELL,LIMIT,1700878542272,40.0,0.667100
SUIUSDT,SELL,LIMIT,1700878547470,218.3,0.666910
SUIUSDT,SELL,LIMIT,1700878561695,77.5,0.666493
SUIUSDT,SELL,LIMIT,1700879693218,665.4,0.662484
SUIUSDT,SELL,LIMIT,1700879706282,47000.2,0.655617
SUIUSDT,BUY,LIMIT,1700880350113,61.7,0.680262
SUIUSDT,BUY,LIMIT,1700880901945,285.5,0.680843
SUIUSDT,BUY,LIMIT,1700881969853,2848.1,0.681554
SUIUSDT,BUY,LIMIT,1700882186054,241.6,0.683575
SUIUSDT,BUY,LIMIT,1700882259478,16.5,0.685354
SUIUSDT,BUY,LIMIT,1700882297773,1068.6,0.685572
SUIUSDT,BUY,LIMIT,1700882410029,285.5,0.685520
