Symbol,Side,Order Type,Time,Quantity,Price
SUIUSDT,BUY,LIMIT,1700846833271,167.5,0.632500
SUIUSDT,SELL,LIMIT,1700847658128,9.1,0.614237
SUIUSDT,SELL,LIMIT,1700847793333,1823.4,0.612119
SUIUSDT,SELL,LIMIT,1700847811575,24.8,0.611501
SUIUSDT,SELL,LIMIT,1700849719203,0.1,0.611941
SUIUSDT,SELL,LIMIT,1700850196711,988.6,0.610287
SUIUSDT,SELL,LIMIT,1700850333158,180.1,0.609640
SUIUSDT,SELL,LIMIT,1700851189047,22.3,0.609216
SUIUSDT,SELL,LIMIT,1700851199263,2942.2,0.608071
SUIUSDT,SELL,LIMIT,1700851251736,2336.7,0.606836
SUIUSDT,SELL,LIMIT,1700853749360,4007.0,0.607025
SUIUSDT,BUY,LIMIT,1700859030196,6555.9,0.625749
SUIUSDT,BUY,LIMIT,1700859362217,148.5,0.627412
SUIUSDT,SELL,LIMIT,1700862260948,4.6,0.613559
SUIUSDT,SELL,LIMIT,1700863955837,0.4,0.610451
SUIUSDT,BUY,LIMIT,1700866262359,284.6,0.633332
SUIUSDT,BUY,LIMIT,1700866319011,8033.4,0.634492
SUIUSDT,SELL,LIMIT,1700866718820,1609.5,0.619688
SUIUSDT,SELL,LIMIT,1700867182650,3615.6,0.613518
SUIUSDT,SELL,LIMIT,1700867731165,304.0,0.609134
SUIUSDT,SELL,LIMIT,1700870648079,100.4,0.620277
SUIUSDT,BUY,LIMIT,1700870977368,14.0,0.636826
SUIUSDT,BUY,LIMIT,1700870985847,85.3,0.637011
SUIUSDT,BUY,LIMIT,1700871043320,110.0,0.640983
SUIUSDT,BUY,LIMIT,1700871051245,44.8,0.643388
SUIUSDT,BUY,LIMIT,1700871077058,28958.1,0.648909
SUIUSDT,BUY,LIMIT,1700871078409,8.2,0.644738
SUIUSDT,BUY,LIMIT,1700871251140,19.8,0.645502
SUIUSDT,BUY,LIMIT,1700871300162,101.2,0.647573
SUIUSDT,BUY,LIMIT,1700871307080,4936.7,0.648166
SUIUSDT,BUY,LIMIT,1700871308399,38.6,0.647955
SUIUSDT,BUY,LIMIT,1700871314978,335.2,0.648180
SUIUSDT,BUY,LIMIT,1700871361668,16.9,0.649064
SUIUSDT,BUY,LIMIT,1700871364903,34.2,0.649137
SUIUSDT,BUY,LIMIT,1700871386251,2155.6,0.649202
SUIUSDT,BUY,LIMIT,1700871400046,926.0,0.650315
SUIUSDT,BUY,LIMIT,1700871401070,16.2,0.650285
SUIUSDT,BUY,LIMIT,1700871406162,3169.1,0.651666
SUIUSDT,BUY,LIMIT,1700871409219,25293.3,0.656596
SUIUSDT,BUY,LIMIT,1700871411234,1079.6,0.652671
SUIUSDT,BUY,LIMIT,1700871412403,1763.3,0.652734
SUIUSDT,BUY,LIMIT,1700871413784,32.6,0.652889
SUIUSDT,BUY,LIMIT,1700871415137,1030.7,0.653481
SUIUSDT,BUY,LIMIT,1700871416238,14180.3,0.656511
SUIUSDT,BUY,LIMIT,1700871417413,359.6,0.653739
SUIUSDT,BUY,LIMIT,1700871421204,2000.8,0.654153
SUIUSDT,BUY,LIMIT,1700871435060,10570.4,0.656277
SUIUSDT,BUY,LIMIT,1700872093475,12.9,0.654808
SUIUSDT,BUY,LIMIT,1700872245169,1838.9,0.654916
SUIUSDT,BUY,LIMIT,1700872247339,1529.4,0.655117
SUIUSDT,BUY,LIMIT,1700872260638,10.7,0.655286
SUIUSDT,BUY,LIMIT,1700872267135,1872.0,0.655795
SUIUSDT,BUY,LIMIT,1700872269105,515.6,0.655954
SUIUSDT,BUY,LIMIT,1700872276192,858.5,0.656503
SUIUSDT,BUY,LIMIT,1700872293679,589.9,0.657118
SUIUSDT,BUY,LIMIT,1700872316141,353.0,0.657237
SUIUSDT,BUY,LIMIT,1700872318219,4000.0,0.657360
SUIUSDT,BUY,LIMIT,1700872321213,274.4,0.657681
SUIUSDT,BUY,LIMIT,1700872519716,1207.5,0.659242
SUIUSDT,BUY,LIMIT,1700872538166,3.2,0.659514
SUIUSDT,BUY,LIMIT,1700872540334,4.2,0.659894
SUIUSDT,BUY,LIMIT,1700872552204,166.1,0.660408
SUIUSDT,BUY,LIMIT,1700872569658,34.6,0.660947
SUIUSDT,BUY,LIMIT,1700872571693,8.4,0.661029
SUIUSDT,BUY,LIMIT,1700872572974,2270.3,0.661158
SUIUSDT,BUY,LIMIT,1700872584602,207.6,0.661591
SUIUSDT,BUY,LIMIT,1700872676759,238.2,0.662886
SUIUSDT,BUY,LIMIT,1700872678065,3840.8,0.663787
SUIUSDT,BUY,LIMIT,1700872679530,492.8,0.663858
SUIUSDT,BUY,LIMIT,1700872682217,536.5,0.664131
SUIUSDT,BUY,LIMIT,1700872684176,433.9,0.664345
SUIUSDT,BUY,LIMIT,1700872686344,854.5,0.664360
SUIUSDT,BUY,LIMIT,1700872779711,3423.3,0.665317
SUIUSDT,BUY,LIMIT,1700872783182,128.0,0.665586
SUIUSDT,BUY,LIMIT,1700872790101,191.5,0.666133
SUIUSDT,BUY,LIMIT,1700872845135,2579.6,0.666146
SUIUSDT,BUY,LIMIT,1700873001513,6.3,0.666886
SUIUSDT,BUY,LIMIT,1700873030082,1215.5,0.667925
SUIUSDT,BUY,LIMIT,1700873031259,1219.8,0.667934
SUIUSDT,BUY,LIMIT,1700873034018,19226.2,0.671966
SUIUSDT,BUY,LIMIT,1700873035155,30.0,0.668381
SUIUSDT,BUY,LIMIT,1700873048217,35.7,0.670187
SUIUSDT,BUY,LIMIT,1700873050727,749.2,0.670527
SUIUSDT,BUY,LIMIT,1700873058311,47.1,0.671328
SUIUSDT,BUY,LIMIT,1700873059362,5772.2,0.671138
SUIUSDT,BUY,LIMIT,1700873061055,167.5,0.672712
SUIUSDT,BUY,LIMIT,1700873069356,94.7,0.673005
SUIUSDT,BUY,LIMIT,1700873081405,285.5,0.673785
SUIUSDT,BUY,LIMIT,1700873083495,571.0,0.674415
SUIUSDT,BUY,LIMIT,1700873087146,102.5,0.674746
SUIUSDT,BUY,LIMIT,1700873088176,7582.3,0.675482
SUIUSDT,BUY,LIMIT,1700873094314,791.4,0.675810
SUIUSDT,BUY,LIMIT,1700873096473,10.9,0.675974
SUIUSDT,BUY,LIMIT,1700873099131,27.4,0.676142
SUIUSDT,BUY,LIMIT,1700873100322,490.5,0.677238
SUIUSDT,BUY,LIMIT,1700873110558,2470.6,0.677598
SUIUSDT,BUY,LIMIT,1700873112125,121.1,0.678391
SUIUSDT,BUY,LIMIT,1700873120816,172.3,0.678454
SUIUSDT,BUY,LIMIT,1700873135444,141.1,0.678803
SUIUSDT,BUY,LIMIT,1700873159239,3447.0,0.679213
SUIUSDT,BUY,LIMIT,1700873214192,1619.1,0.679286
SUIUSDT,BUY,LIMIT,1700873296540,584.0,0.679624
SUIUSDT,BUY,LIMIT,1700873301343,23.1,0.679671
SUIUSDT,BUY,LIMIT,1700873460665,1800.0,0.680084
SUIUSDT,BUY,LIMIT,1700873462427,3387.9,0.680238
SUIUSDT,BUY,LIMIT,1700873463516,326.1,0.681215
SUIUSDT,BUY,LIMIT,1700873464549,693.7,0.681876
SUIUSDT,BUY,LIMIT,1700873466471,68.8,0.682790
SUIUSDT,BUY,LIMIT,1700873468356,105.3,0.683500
SUIUSDT,BUY,LIMIT,1700873470442,285.5,0.684174
SUIUSDT,BUY,LIMIT,1700873483356,28.8,0.684200
SUIUSDT,BUY,LIMIT,1700873487038,81.5,0.685111
SUIUSDT,BUY,LIMIT,1700873504397,2015.8,0.685458
SUIUSDT,BUY,LIMIT,1700873523152,14018.3,0.689081
SUIUSDT,SELL,LIMIT,1700873990740,5.3,0.663897
SUIUSDT,SELL,LIMIT,1700874271223,1840.5,0.661863
SUIUSDT,SELL,LIMIT,1700874273247,12.5,0.661316
SUIUSDT,SELL,LIMIT,1700874274564,20.8,0.660796
SUIUSDT,SELL,LIMIT,1700874566168,74.2,0.660284
SUIUSDT,BUY,LIMIT,1700874788097,269.3,0.678574
SUIUSDT,BUY,LIMIT,1700874793387,1373.0,0.679124
SUIUSDT,BUY,LIMIT,1700874804695,749.6,0.680242
SUIUSDT,BUY,LIMIT,1700874818706,285.5,0.681648
SUIUSDT,BUY,LIMIT,1700874860797,177.6,0.681682
SUIUSDT,BUY,LIMIT,1700874867371,1000.0,0.683779
SUIUSDT,BUY,LIMIT,1700874903637,2124.4,0.684129
SUIUSDT,BUY,LIMIT,1700875104900,133.7,0.684509
SUIUSDT,BUY,LIMIT,1700875124769,128.9,0.685029
SUIUSDT,BUY,LIMIT,1700875936526,115.7,0.684997
SUIUSDT,BUY,LIMIT,1700876159830,93.5,0.686640
SUIUSDT,BUY,LIMIT,1700876165440,159.6,0.687611
SUIUSDT,BUY,LIMIT,1700876212182,192.0,0.688082
SUIUSDT,BUY,LIMIT,1700876216062,357.9,0.688932
SUIUSDT,BUY,LIMIT,1700876218828,1678.6,0.689384
SUIUSDT,BUY,LIMIT,1700876226078,201.4,0.689762
SUIUSDT,BUY,LIMIT,1700876227263,36681.0,0.695544
SUIUSDT,BUY,LIMIT,1700876229633,216.3,0.690525
SUIUSDT,BUY,LIMIT,1700876231140,500.0,0.691052
SUIUSDT,BUY,LIMIT,1700876255801,855.0,0.691753
SUIUSDT,BUY,LIMIT,1700876257376,134.7,0.692038
SUIUSDT,BUY,LIMIT,1700876260335,6069.9,0.692346
SUIUSDT,BUY,LIMIT,1700876263842,285.5,0.692381
SUIUSDT,BUY,LIMIT,1700876270217,36.4,0.692772
SUIUSDT,BUY,LIMIT,1700876271794,10000.0,0.695128
SUIUSDT,BUY,LIMIT,1700876274219,514.7,0.693464
SUIUSDT,BUY,LIMIT,1700876275255,1426.0,0.693580
SUIUSDT,BUY,LIMIT,1700876276431,475.4,0.693779
SUIUSDT,BUY,LIMIT,1700876286663,44.5,0.694012
SUIUSDT,BUY,LIMIT,1700876289049,1167.1,0.694414
SUIUSDT,BUY,LIMIT,1700876305528,144.1,0.694688
SUIUSDT,BUY,LIMIT,1700876311556,6834.6,0.694853
SUIUSDT,BUY,LIMIT,1700876314085,251.3,0.695016
SUIUSDT,BUY,LIMIT,1700876782902,1675.9,0.688547
SUIUSDT,SELL,LIMIT,1700876901239,47.9,0.672797
SUIUSDT,BUY,LIMIT,1700877238998,142.1,0.686698
SUIUSDT,BUY,LIMIT,1700877272222,10.7,0.687102
SUIUSDT,BUY,LIMIT,1700877990075,201.1,0.686364
SUIUSDT,BUY,LIMIT,1700878310037,3153.5,0.686635
SUIUSDT,SELL,LIMIT,1700878473312,9.4,0.668816
SUIUSDT,SELL,LIMIT,1700878480534,667.4,0.668443
SUIUSDT,SELL,LIMIT,1700878493384,57.2,0.668113
SUIUSDT,SELL,LIMIT,1700878531391,7342.1,0.667517
SUIUSDT,SELL,LIMIT,1700878542272,40.0,0.667100
SUIUSDT,SELL,LIMIT,1700878547470,218.3,0.666910
SUIUSDT,SELL,LIMIT,1700878561695,77.5,0.666493
SUIUSDT,SELL,LIMIT,1700879693218,665.4,0.662484
SUIUSDT,SELL,LIMIT,1700879706282,47000.2,0.655617
SUIUSDT,BUY,LIMIT,1700880350113,61.7,0.680262
SUIUSDT,BUY,LIMIT,1700880901945,285.5,0.680843
SUIUSDT,BUY,LIMIT,1700881969853,2848.1,0.681554
SUIUSDT,BUY,LIMIT,1700882186054,241.6,0.683575
SUIUSDT,BUY,LIMIT,1700882259478,16.5,0.685354
SUIUSDT,BUY,LIMIT,1700882297773,1068.6,0.685572
SUIUSDT,BUY,LIMIT,1700882410029,285.5,0.685520
SUIUSDT,BUY,LIMIT,1700883005983,1013.2,0.684969
SUIUSDT,SELL,LIMIT,1700885456046,2379.8,0.665314
SUIUSDT,SELL,LIMIT,1700885487273,160.9,0.665064
SUIUSDT,SELL,LIMIT,1700885508182,1403.9,0.664799
SUIUSDT,SELL,LIMIT,1700885553681,6642.5,0.664413
SUIUSDT,SELL,LIMIT,1700887634413,7393.8,0.664221
SUIUSDT,SELL,LIMIT,1700888370025,1050.8,0.661801
SUIUSDT,SELL,LIMIT,1700888376166,182.2,0.659902
SUIUSDT,SELL,LIMIT,1700888429803,52.1,0.658857
SUIUSDT,SELL,LIMIT,1700891167049,2.9,0.658457
SUIUSDT,SELL,LIMIT,1700891168533,44.0,0.658243
SUIUSDT,BUY,LIMIT,1700892804670,7.6,0.677915
SUIUSDT,SELL,LIMIT,1700893040995,4.5,0.663660
SUIUSDT,BUY,LIMIT,1700893436129,605.4,0.680008
SUIUSDT,BUY,LIMIT,1700894332868,51.7,0.682828
SUIUSDT,BUY,LIMIT,1700894337552,140.1,0.683266
SUIUSDT,BUY,LIMIT,1700894340344,660.5,0.683862
SUIUSDT,BUY,LIMIT,1700894360657,1068.8,0.684892
SUIUSDT,BUY,LIMIT,1700894826657,367.5,0.681850
SUIUSDT,BUY,LIMIT,1700896091164,6998.7,0.684761
SUIUSDT,BUY,LIMIT,1700896101529,107.1,0.685281
SUIUSDT,BUY,LIMIT,1700896103287,2014.3,0.685388
SUIUSDT,SELL,LIMIT,1700897845866,192.5,0.660873
SUIUSDT,SELL,LIMIT,1700897922435,6845.6,0.659675
SUIUSDT,SELL,LIMIT,1700897954337,431.9,0.659134
SUIUSDT,SELL,LIMIT,1700897983959,905.6,0.657545
SUIUSDT,SELL,LIMIT,1700897988411,3715.9,0.656972
SUIUSDT,SELL,LIMIT,1700898023295,7445.7,0.656300
SUIUSDT,SELL,LIMIT,1700898032621,3670.5,0.655848
SUIUSDT,SELL,LIMIT,1700898039788,189.0,0.655522
SUIUSDT,SELL,LIMIT,1700898518303,7398.9,0.653299
SUIUSDT,SELL,LIMIT,1700898533204,65.9,0.652273
SUIUSDT,SELL,LIMIT,1700898589165,887.4,0.651333
SUIUSDT,SELL,LIMIT,1700898593283,11.4,0.650796
SUIUSDT,SELL,LIMIT,1700898597170,1033.2,0.650593
SUIUSDT,SELL,LIMIT,1700898615494,29.2,0.650227
SUIUSDT,SELL,LIMIT,1700898620954,564.1,0.649876
SUIUSDT,SELL,LIMIT,1700898631100,2212.4,0.649171
SUIUSDT,SELL,LIMIT,1700898676310,927.0,0.647617
SUIUSDT,SELL,LIMIT,1700898678100,402.4,0.647366
SUIUSDT,SELL,LIMIT,1700898711230,2437.0,0.646738
SUIUSDT,SELL,LIMIT,1700898722455,66.3,0.646327
SUIUSDT,SELL,LIMIT,1700898723674,3338.0,0.646137
SUIUSDT,SELL,LIMIT,1700898814128,14000.0,0.642912
SUIUSDT,SELL,LIMIT,1700898815752,12.7,0.645535
SUIUSDT,SELL,LIMIT,1700898817190,7410.7,0.645433
SUIUSDT,SELL,LIMIT,1700898819111,7166.7,0.645272
SUIUSDT,SELL,LIMIT,1700900284764,844.8,0.644480
SUIUSDT,SELL,LIMIT,1700900294555,118.9,0.644238
SUIUSDT,SELL,LIMIT,1700900303428,1513.3,0.643641
SUIUSDT,SELL,LIMIT,1700900319097,93.2,0.643480
SUIUSDT,SELL,LIMIT,1700901919329,41.3,0.643288
SUIUSDT,SELL,LIMIT,1700902027079,295.9,0.642597
SUIUSDT,SELL,LIMIT,1700902063706,74.0,0.641776
SUIUSDT,SELL,LIMIT,1700902096073,242.0,0.641414
SUIUSDT,SELL,LIMIT,1700902097280,155.7,0.641399
SUIUSDT,SELL,LIMIT,1700902163235,71.4,0.640031
SUIUSDT,SELL,LIMIT,1700902551191,520.0,0.639501
SUIUSDT,SELL,LIMIT,1700902556418,2153.0,0.639240
SUIUSDT,SELL,LIMIT,1700902562976,3071.0,0.639075
SUIUSDT,SELL,LIMIT,1700905277773,56.9,0.638921
SUIUSDT,SELL,LIMIT,1700905499126,294.9,0.638624
SUIUSDT,SELL,LIMIT,1700905864403,15.1,0.638023
SUIUSDT,SELL,LIMIT,1700905866488,599.4,0.637894
SUIUSDT,SELL,LIMIT,1700905883583,133.6,0.637597
SUIUSDT,BUY,LIMIT,1700907867874,168.2,0.657381
SUIUSDT,BUY,LIMIT,1700907880257,45.6,0.657526
SUIUSDT,BUY,LIMIT,1700909309637,113.5,0.657896
SUIUSDT,SELL,LIMIT,1700911161217,837.4,0.640683
SUIUSDT,SELL,LIMIT,1700911472672,7616.9,0.640273
SUIUSDT,SELL,LIMIT,1700912249138,2668.3,0.638998
SUIUSDT,SELL,LIMIT,1700912456403,764.6,0.636696
SUIUSDT,SELL,LIMIT,1700912497190,911.2,0.636191
SUIUSDT,SELL,LIMIT,1700912501305,83.7,0.635958
SUIUSDT,SELL,LIMIT,1700912503347,2944.2,0.635314
SUIUSDT,SELL,LIMIT,1700912510052,1366.4,0.635069
SUIUSDT,SELL,LIMIT,1700912577604,237.8,0.634281
SUIUSDT,SELL,LIMIT,1700912638340,582.1,0.633304
SUIUSDT,SELL,LIMIT,1700912643562,86146.2,0.627186
SUIUSDT,SELL,LIMIT,1700912645242,19.5,0.633101
SUIUSDT,SELL,LIMIT,1700912652612,11241.2,0.630713
SUIUSDT,SELL,LIMIT,1700912668758,7451.1,0.632372
SUIUSDT,SELL,LIMIT,1700912670038,98.2,0.632221
SUIUSDT,BUY,LIMIT,1700914686995,7190.5,0.652350
SUIUSDT,BUY,LIMIT,1700916969144,200.9,0.656590
SUIUSDT,BUY,LIMIT,1700916977293,1778.0,0.657057
SUIUSDT,BUY,LIMIT,1700917658860,774.7,0.658715
SUIUSDT,BUY,LIMIT,1700917666958,326.5,0.659027
SUIUSDT,BUY,LIMIT,1700917671478,42.1,0.659711
SUIUSDT,BUY,LIMIT,1700917675818,458.6,0.660056
SUIUSDT,BUY,LIMIT,1700919315011,147.9,0.660377
SUIUSDT,BUY,LIMIT,1700919534103,297.3,0.661953
SUIUSDT,BUY,LIMIT,1700920096725,7.9,0.663943
SUIUSDT,BUY,LIMIT,1700920101227,63.7,0.664175
SUIUSDT,BUY,LIMIT,1700920111296,175.1,0.664914
SUIUSDT,BUY,LIMIT,1700920121173,543.9,0.665929
SUIUSDT,BUY,LIMIT,1700920126062,349.9,0.666074
SUIUSDT,BUY,LIMIT,1700920131325,603.0,0.666179
SUIUSDT,BUY,LIMIT,1700920136420,2156.9,0.666243
SUIUSDT,BUY,LIMIT,1700920197150,1693.6,0.667253
SUIUSDT,BUY,LIMIT,1700920200116,433.4,0.667679
SUIUSDT,BUY,LIMIT,1700921019437,630.9,0.668034
SUIUSDT,BUY,LIMIT,1700921135531,220.1,0.669497
SUIUSDT,BUY,LIMIT,1700921137273,768.0,0.669805
SUIUSDT,BUY,LIMIT,1700921148578,60.3,0.670289
SUIUSDT,BUY,LIMIT,1700921153239,2718.8,0.670469
SUIUSDT,SELL,LIMIT,1700922091126,16.7,0.647284
SUIUSDT,SELL,LIMIT,1700923566039,69.1,0.649882
SUIUSDT,BUY,LIMIT,1700928670554,40.3,0.667122
SUIUSDT,BUY,LIMIT,1700928795144,712.3,0.667893
SUIUSDT,SELL,LIMIT,1700935206050,268.4,0.644736
SUIUSDT,SELL,LIMIT,1700936238225,542.9,0.643763
SUIUSDT,BUY,LIMIT,1700937245797,315.4,0.655807
SUIUSDT,BUY,LIMIT,1700937305969,379.1,0.662778
SUIUSDT,BUY,LIMIT,1700939618170,788.6,0.660021
