Symbol,Side,Order Type,Time,Quantity,Price
SUIUSDT,SELL,LIMIT,1701066414205,782.5,0.605016
SUIUSDT,SELL,LIMIT,1701067305147,98.5,0.604337
SUIUSDT,SELL,LIMIT,1701067308855,1920.0,0.604292
SUIUSDT,SELL,LIMIT,1701067317358,34.7,0.603314
SUIUSDT,SELL,LIMIT,1701067326517,672.9,0.601772
SUIUSDT,SELL,LIMIT,1701067327909,2271.7,0.601539
SUIUSDT,SELL,LIMIT,1701067638319,1831.8,0.600396
SUIUSDT,SELL,LIMIT,1701067676967,22785.5,0.595899
SUIUSDT,SELL,LIMIT,1701067694840,2041.7,0.599673
SUIUSDT,SELL,LIMIT,1701067815895,39.1,0.599020
SUIUSDT,SELL,LIMIT,1701067817741,255.4,0.598413
SUIUSDT,SELL,LIMIT,1701067819150,279.9,0.598060
SUIUSDT,SELL,LIMIT,1701067836235,3789.0,0.597763
SUIUSDT,SELL,LIMIT,1701067839248,279.9,0.597911
SUIUSDT,SELL,LIMIT,1701067840919,3181.1,0.597416
SUIUSDT,SELL,LIMIT,1701067843050,2254.5,0.597063
SUIUSDT,SELL,LIMIT,1701067854132,58.5,0.596567
SUIUSDT,SELL,LIMIT,1701067858281,105.0,0.596090
SUIUSDT,SELL,LIMIT,1701067859903,6571.1,0.595965
SUIUSDT,SELL,LIMIT,1701067861646,739.2,0.595672
SUIUSDT,SELL,LIMIT,1701067864331,151.9,0.595367
SUIUSDT,SELL,LIMIT,1701068041152,10102.4,0.593984
SUIUSDT,SELL,LIMIT,1701068042444,529.8,0.595039
SUIUSDT,SELL,LIMIT,1701068083680,96.5,0.595024
SUIUSDT,SELL,LIMIT,1701068091301,986.7,0.594694
SUIUSDT,SELL,LIMIT,1701068118057,930.8,0.594202
SUIUSDT,SELL,LIMIT,1701068147053,1107.1,0.593146
SUIUSDT,SELL,LIMIT,1701068148559,300.0,0.592977
SUIUSDT,SELL,LIMIT,1701068151165,2288.3,0.592173
SUIUSDT,SELL,LIMIT,1701068162632,1076.2,0.592151
SUIUSDT,SELL,LIMIT,1701068163915,27.8,0.592063
SUIUSDT,SELL,LIMIT,1701068166254,875.8,0.591784
SUIUSDT,SELL,LIMIT,1701068927814,4412.5,0.590996
SUIUSDT,SELL,LIMIT,1701069220206,20377.2,0.587220
SUIUSDT,SELL,LIMIT,1701069227116,7982.1,0.590453
SUIUSDT,SELL,LIMIT,1701069314046,227.5,0.590262
SUIUSDT,SELL,LIMIT,1701069315206,3538.6,0.590144
SUIUSDT,SELL,LIMIT,1701069426366,13792.2,0.587712
SUIUSDT,SELL,LIMIT,1701069427663,255.4,0.590041
SUIUSDT,SELL,LIMIT,1701069490841,1272.3,0.589942
SUIUSDT,SELL,LIMIT,1701069494200,786.0,0.589900
SUIUSDT,SELL,LIMIT,1701069511191,879.1,0.590042
SUIUSDT,SELL,LIMIT,1701069514131,1562.5,0.589812
SUIUSDT,SELL,LIMIT,1701069550045,7933.9,0.589459
SUIUSDT,SELL,LIMIT,1701069551719,3643.8,0.589250
SUIUSDT,SELL,LIMIT,1701069552924,177.4,0.588860
SUIUSDT,SELL,LIMIT,1701069555363,1436.4,0.588556
SUIUSDT,SELL,LIMIT,1701069564338,8320.8,0.588441
SUIUSDT,SELL,LIMIT,1701069571857,245.5,0.588417
SUIUSDT,SELL,LIMIT,1701069574147,24.4,0.588281
SUIUSDT,SELL,LIMIT,1701069575173,76.5,0.588124
SUIUSDT,SELL,LIMIT,1701069577429,202.5,0.587858
SUIUSDT,SELL,LIMIT,1701069635059,2296.1,0.587657
SUIUSDT,SELL,LIMIT,1701069824149,10600.1,0.586826
SUIUSDT,SELL,LIMIT,1701069833171,18.1,0.587196
SUIUSDT,SELL,LIMIT,1701069881288,9511.0,0.585997
SUIUSDT,SELL,LIMIT,1701069888510,2083.6,0.586774
SUIUSDT,SELL,LIMIT,1701069897213,16.2,0.586159
SUIUSDT,SELL,LIMIT,1701069898662,446.9,0.585898
SUIUSDT,SELL,LIMIT,1701069899663,3033.0,0.585643
SUIUSDT,SELL,LIMIT,1701069900954,340.1,0.585631
SUIUSDT,SELL,LIMIT,1701070174167,95.9,0.586081
SUIUSDT,BUY,LIMIT,1701072511798,686.2,0.608791
SUIUSDT,SELL,LIMIT,1701074851116,32.7,0.595553
SUIUSDT,SELL,LIMIT,1701074939835,337.7,0.595080
SUIUSDT,SELL,LIMIT,1701074946788,390.4,0.594786
SUIUSDT,SELL,LIMIT,1701080533333,435.5,0.593383
SUIUSDT,SELL,LIMIT,1701080540392,495.8,0.593039
SUIUSDT,SELL,LIMIT,1701080756144,8.3,0.592390
SUIUSDT,SELL,LIMIT,1701081130524,1325.4,0.591082
SUIUSDT,SELL,LIMIT,1701081132154,4141.1,0.590822
SUIUSDT,SELL,LIMIT,1701081134272,173.1,0.590262
SUIUSDT,SELL,LIMIT,1701081610223,63.3,0.589942
SUIUSDT,SELL,LIMIT,1701081932239,623.6,0.590586
SUIUSDT,SELL,LIMIT,1701082622540,73.9,0.586774
SUIUSDT,SELL,LIMIT,1701082650197,1869.4,0.587170
SUIUSDT,SELL,LIMIT,1701082672168,9066.1,0.585970
SUIUSDT,SELL,LIMIT,1701082691333,1103.8,0.586079
SUIUSDT,SELL,LIMIT,1701082700411,7853.1,0.585685
SUIUSDT,SELL,LIMIT,1701082701414,799.6,0.585749
SUIUSDT,SELL,LIMIT,1701082704135,1131.9,0.585569
SUIUSDT,SELL,LIMIT,1701082706522,912.6,0.585120
SUIUSDT,BUY,LIMIT,1701083015784,10.2,0.604188
SUIUSDT,SELL,LIMIT,1701084911275,152.2,0.587121
SUIUSDT,SELL,LIMIT,1701091162535,116.2,0.585731
SUIUSDT,SELL,LIMIT,1701091164668,11.5,0.585621
SUIUSDT,SELL,LIMIT,1701093055160,182.8,0.584917
SUIUSDT,SELL,LIMIT,1701093059001,278.8,0.584771
SUIUSDT,SELL,LIMIT,1701093111484,237.4,0.584096
SUIUSDT,SELL,LIMIT,1701093112780,1756.0,0.583837
SUIUSDT,SELL,LIMIT,1701093115181,473.9,0.583667
SUIUSDT,SELL,LIMIT,1701093118510,906.0,0.583261
SUIUSDT,SELL,LIMIT,1701093135071,2518.8,0.582538
SUIUSDT,SELL,LIMIT,1701093136087,534.1,0.581970
SUIUSDT,SELL,LIMIT,1701094937798,2057.6,0.580979
SUIUSDT,SELL,LIMIT,1701094966352,8397.5,0.580610
SUIUSDT,SELL,LIMIT,1701094969810,936.1,0.580450
SUIUSDT,SELL,LIMIT,1701094972233,49.2,0.580438
SUIUSDT,SELL,LIMIT,1701094977556,400.9,0.580279
SUIUSDT,SELL,LIMIT,1701094981670,69.4,0.580240
SUIUSDT,SELL,LIMIT,1701095561040,287.1,0.579885
SUIUSDT,SELL,LIMIT,1701095600056,732.5,0.579690
SUIUSDT,SELL,LIMIT,1701095601437,11908.5,0.577913
SUIUSDT,SELL,LIMIT,1701095613672,260.9,0.579219
SUIUSDT,SELL,LIMIT,1701096731276,8460.2,0.579299
SUIUSDT,SELL,LIMIT,1701096767514,663.2,0.578976
SUIUSDT,SELL,LIMIT,1701096774121,1087.9,0.578953
SUIUSDT,SELL,LIMIT,1701096838475,817.5,0.578657
SUIUSDT,SELL,LIMIT,1701097044083,334.2,0.578277
SUIUSDT,SELL,LIMIT,1701097066343,556.1,0.577883
SUIUSDT,SELL,LIMIT,1701097067495,155.9,0.577368
SUIUSDT,SELL,LIMIT,1701097087163,147.1,0.576139
SUIUSDT,SELL,LIMIT,1701097088227,1464.2,0.576107
SUIUSDT,SELL,LIMIT,1701097093664,88.1,0.575742
SUIUSDT,SELL,LIMIT,1701097095254,20000.0,0.572358
SUIUSDT,SELL,LIMIT,1701097099937,689.9,0.575655
SUIUSDT,SELL,LIMIT,1701097101097,156.4,0.575233
SUIUSDT,SELL,LIMIT,1701100059568,8483.2,0.577061
SUIUSDT,SELL,LIMIT,1701100097519,84.9,0.576481
SUIUSDT,SELL,LIMIT,1701100158271,5841.3,0.575144
SUIUSDT,SELL,LIMIT,1701100210986,59.3,0.574952
SUIUSDT,SELL,LIMIT,1701100219101,301.6,0.574716
SUIUSDT,SELL,LIMIT,1701100220208,1493.0,0.574680
SUIUSDT,SELL,LIMIT,1701100625142,100.0,0.574201
SUIUSDT,SELL,LIMIT,1701100640413,754.9,0.574201
SUIUSDT,SELL,LIMIT,1701100643043,1737.2,0.573798
SUIUSDT,SELL,LIMIT,1701100901324,431.6,0.574498
SUIUSDT,SELL,LIMIT,1701101186235,2494.1,0.574641
SUIUSDT,BUY,LIMIT,1701106276248,8566.0,0.595557
SUIUSDT,BUY,LIMIT,1701110844421,10.7,0.596558
SUIUSDT,BUY,LIMIT,1701111066649,1200.9,0.596275
SUIUSDT,SELL,LIMIT,1701111396029,67.9,0.580558
SUIUSDT,SELL,LIMIT,1701111573572,1426.2,0.579060
SUIUSDT,SELL,LIMIT,1701111874050,204.1,0.583719
SUIUSDT,SELL,LIMIT,1701114158908,16.0,0.577971
SUIUSDT,SELL,LIMIT,1701114161925,192.2,0.577816
SUIUSDT,SELL,LIMIT,1701114224639,84.8,0.577028
SUIUSDT,SELL,LIMIT,1701114229197,112.5,0.576644
SUIUSDT,SELL,LIMIT,1701114237067,715.1,0.575604
SUIUSDT,SELL,LIMIT,1701114275125,3794.9,0.575615
SUIUSDT,SELL,LIMIT,1701114276803,2089.2,0.575393
SUIUSDT,SELL,LIMIT,1701114343100,411.3,0.575034
SUIUSDT,SELL,LIMIT,1701114353883,4927.7,0.574795
SUIUSDT,SELL,LIMIT,1701114355849,1826.6,0.574782
SUIUSDT,SELL,LIMIT,1701114356874,6429.0,0.574589
SUIUSDT,SELL,LIMIT,1701114368763,14.3,0.575191
SUIUSDT,SELL,LIMIT,1701114462729,9641.7,0.573702
SUIUSDT,SELL,LIMIT,1701114474797,359.7,0.573843
SUIUSDT,SELL,LIMIT,1701114496818,2077.2,0.573411
SUIUSDT,SELL,LIMIT,1701114501705,83.2,0.573161
SUIUSDT,SELL,LIMIT,1701114515303,6230.3,0.573124
SUIUSDT,SELL,LIMIT,1701114523673,84.9,0.572969
SUIUSDT,SELL,LIMIT,1701114525208,4118.5,0.572805
SUIUSDT,SELL,LIMIT,1701114526336,1661.1,0.572079
SUIUSDT,SELL,LIMIT,1701114528802,400.0,0.571910
SUIUSDT,SELL,LIMIT,1701114532027,1511.3,0.571834
SUIUSDT,SELL,LIMIT,1701116769210,61.9,0.599292
SUIUSDT,BUY,LIMIT,1701119671208,5559.5,0.590382
SUIUSDT,BUY,LIMIT,1701119909950,625.4,0.592123
SUIUSDT,SELL,LIMIT,1701123092631,4065.6,0.577085
SUIUSDT,BUY,LIMIT,1701126784943,979.9,0.597313
SUIUSDT,BUY,LIMIT,1701127500246,83.7,0.598723
SUIUSDT,BUY,LIMIT,1701128059553,1072.4,0.599553
SUIUSDT,BUY,LIMIT,1701131909267,1274.6,0.601342
SUIUSDT,BUY,LIMIT,1701131911199,2560.1,0.601505
SUIUSDT,BUY,LIMIT,1701131931767,51.0,0.601748
SUIUSDT,SELL,LIMIT,1701135879755,1091.5,0.582039
SUIUSDT,SELL,LIMIT,1701136651543,9.5,0.581292
SUIUSDT,SELL,LIMIT,1701136749361,168.6,0.581241
SUIUSDT,SELL,LIMIT,1701136880098,2616.4,0.580429
SUIUSDT,SELL,LIMIT,1701137238791,544.2,0.577918
SUIUSDT,BUY,LIMIT,1701141096136,99.8,0.594995
SUIUSDT,SELL,LIMIT,1701144362025,108.1,0.576977
SUIUSDT,SELL,LIMIT,1701145902460,85.6,0.575271
SUIUSDT,SELL,LIMIT,1701146007594,1067.1,0.574991
SUIUSDT,SELL,LIMIT,1701146019249,4416.1,0.574874
SUIUSDT,SELL,LIMIT,1701146060086,168.3,0.574177
SUIUSDT,SELL,LIMIT,1701146066286,196.3,0.573238
SUIUSDT,SELL,LIMIT,1701146258206,173.9,0.573230
SUIUSDT,SELL,LIMIT,1701146538753,225.1,0.572509
SUIUSDT,SELL,LIMIT,1701146914118,23.8,0.571646
SUIUSDT,SELL,LIMIT,1701146942722,828.5,0.571552
SUIUSDT,SELL,LIMIT,1701146944470,66.4,0.571216
SUIUSDT,SELL,LIMIT,1701146954055,60.2,0.571136
SUIUSDT,SELL,LIMIT,1701146957705,3770.2,0.570938
SUIUSDT,SELL,LIMIT,1701146962292,8846.6,0.570692
SUIUSDT,SELL,LIMIT,1701146964142,559.7,0.570094
SUIUSDT,SELL,LIMIT,1701147087694,306.3,0.570043
SUIUSDT,SELL,LIMIT,1701147289732,66.1,0.570439
SUIUSDT,SELL,LIMIT,1701147800445,15.0,0.569717
SUIUSDT,SELL,LIMIT,1701147807412,282.8,0.569494
SUIUSDT,SELL,LIMIT,1701147808502,21.6,0.569415
SUIUSDT,SELL,LIMIT,1701147850132,512.2,0.569202
SUIUSDT,SELL,LIMIT,1701147852818,66.4,0.569039
SUIUSDT,SELL,LIMIT,1701147878058,222.8,0.568480
SUIUSDT,SELL,LIMIT,1701147879203,1150.9,0.568576
SUIUSDT,SELL,LIMIT,1701147892951,477.8,0.568062
SUIUSDT,SELL,LIMIT,1701147894719,10.1,0.567897
SUIUSDT,SELL,LIMIT,1701147942334,9.7,0.567789
SUIUSDT,SELL,LIMIT,1701147944144,830.0,0.567740
SUIUSDT,SELL,LIMIT,1701147948694,96.0,0.567688
SUIUSDT,SELL,LIMIT,1701147994135,80.5,0.567550
SUIUSDT,SELL,LIMIT,1701148008238,55.0,0.567265
SUIUSDT,SELL,LIMIT,1701148009099,639.0,0.567366
SUIUSDT,SELL,LIMIT,1701148037795,23.9,0.567036
SUIUSDT,SELL,LIMIT,1701148096012,157.6,0.566967
SUIUSDT,SELL,LIMIT,1701148098220,24.8,0.566760
SUIUSDT,SELL,LIMIT,1701148110103,32620.4,0.562495
SUIUSDT,SELL,LIMIT,1701148113566,238.3,0.566495
SUIUSDT,SELL,LIMIT,1701148122755,542.8,0.566386
SUIUSDT,SELL,LIMIT,1701148123878,1447.8,0.566186
SUIUSDT,SELL,LIMIT,1701148128083,142.4,0.566097
SUIUSDT,SELL,LIMIT,1701148134306,995.7,0.565862
SUIUSDT,SELL,LIMIT,1701148140465,472.6,0.565718
SUIUSDT,SELL,LIMIT,1701148142521,611.6,0.565695
SUIUSDT,SELL,LIMIT,1701148164668,640.0,0.565679
SUIUSDT,SELL,LIMIT,1701148220371,14.3,0.565261
SUIUSDT,SELL,LIMIT,1701148246649,39.7,0.565143
SUIUSDT,SELL,LIMIT,1701148248847,16979.0,0.562223
SUIUSDT,SELL,LIMIT,1701148260057,31.3,0.565192
SUIUSDT,SELL,LIMIT,1701148938277,5170.6,0.564942
SUIUSDT,SELL,LIMIT,1701149095437,1180.3,0.564591
SUIUSDT,SELL,LIMIT,1701149568764,1039.9,0.564424
SUIUSDT,SELL,LIMIT,1701149687091,4000.0,0.564028
SUIUSDT,SELL,LIMIT,1701149689671,5968.9,0.563943
SUIUSDT,SELL,LIMIT,1701149691094,264.5,0.563679
SUIUSDT,SELL,LIMIT,1701149692332,829.9,0.563329
SUIUSDT,SELL,LIMIT,1701149739776,222.7,0.562904
SUIUSDT,SELL,LIMIT,1701149759380,117.6,0.562625
SUIUSDT,SELL,LIMIT,1701149771344,178.1,0.562620
SUIUSDT,SELL,LIMIT,1701149772831,744.8,0.562437
SUIUSDT,SELL,LIMIT,1701149774112,564.7,0.562235
SUIUSDT,SELL,LIMIT,1701149782059,1379.9,0.561975
SUIUSDT,SELL,LIMIT,1701149826521,1366.2,0.561576
SUIUSDT,SELL,LIMIT,1701149830095,91.0,0.561714
SUIUSDT,SELL,LIMIT,1701149845234,210.5,0.561414
SUIUSDT,SELL,LIMIT,1701149847562,30.0,0.561350
SUIUSDT,SELL,LIMIT,1701149848908,88.2,0.561004
SUIUSDT,SELL,LIMIT,1701149850417,965.1,0.560743
SUIUSDT,SELL,LIMIT,1701149851883,3702.5,0.560735
SUIUSDT,SELL,LIMIT,1701149858981,242.9,0.560699
SUIUSDT,SELL,LIMIT,1701149875875,1205.8,0.560153
SUIUSDT,SELL,LIMIT,1701149878480,33.5,0.560140
SUIUSDT,SELL,LIMIT,1701149880486,1090.2,0.560033
SUIUSDT,SELL,LIMIT,1701149882953,1852.0,0.559976
SUIUSDT,SELL,LIMIT,1701149890109,506.6,0.559695
SUIUSDT,SELL,LIMIT,1701149894472,34.0,0.559669
SUIUSDT,SELL,LIMIT,1701151173921,8604.0,0.559575
SUIUSDT,SELL,LIMIT,1701151247286,102.5,0.559075
SUIUSDT,SELL,LIMIT,1701151249949,306.5,0.558868
SUIUSDT,SELL,LIMIT,1701151255182,340.3,0.558669
SUIUSDT,SELL,LIMIT,1701151263535,174.3,0.558757
SUIUSDT,BUY,LIMIT,1701153221256,4409.1,0.578076
SUIUSDT,SELL,LIMIT,1701155300367,84.3,0.568569
SUIUSDT,SELL,LIMIT,1701163962243,128.7,0.567271
SUIUSDT,BUY,LIMIT,1701165067038,151.6,0.583100
SUIUSDT,BUY,LIMIT,1701170516030,256.6,0.588761
SUIUSDT,SELL,LIMIT,1701170879191,300.0,0.578359
SUIUSDT,BUY,LIMIT,1701171954052,500.0,0.591484
SUIUSDT,BUY,LIMIT,1701172130392,1767.0,0.593854
SUIUSDT,BUY,LIMIT,1701172160437,386.2,0.594681
SUIUSDT,BUY,LIMIT,1701179061719,13.7,0.594572
SUIUSDT,BUY,LIMIT,1701179084263,85.5,0.595492
SUIUSDT,BUY,LIMIT,1701179090425,600.8,0.596343
SUIUSDT,BUY,LIMIT,1701179626199,161.5,0.598386
SUIUSDT,BUY,LIMIT,1701179824340,52.5,0.598981
SUIUSDT,BUY,LIMIT,1701180013767,105.3,0.599540
SUIUSDT,BUY,LIMIT,1701181513480,1715.3,0.601394
SUIUSDT,BUY,LIMIT,1701181525447,192.2,0.601913
SUIUSDT,BUY,LIMIT,1701182008471,852.8,0.606940
SUIUSDT,BUY,LIMIT,1701182104507,874.5,0.606591
SUIUSDT,BUY,LIMIT,1701182631220,1759.4,0.608828
SUIUSDT,SELL,LIMIT,1701183686637,166.3,0.588426
SUIUSDT,SELL,LIMIT,1701183693845,376.3,0.588001
SUIUSDT,BUY,LIMIT,1701184814132,2.2,0.585257
SUIUSDT,SELL,LIMIT,1701185484737,1295.6,0.587222
SUIUSDT,SELL,LIMIT,1701185890231,21.1,0.585718
SUIUSDT,SELL,LIMIT,1701185895266,1141.8,0.585250
SUIUSDT,SELL,LIMIT,1701185918551,191.7,0.584712
SUIUSDT,BUY,LIMIT,1701186356123,241.3,0.604590
SUIUSDT,BUY,LIMIT,1701188151207,265.7,0.605876
SUIUSDT,BUY,LIMIT,1701188505829,61.3,0.607618
SUIUSDT,BUY,LIMIT,1701188511809,493.8,0.607302
SUIUSDT,BUY,LIMIT,1701188514941,14.0,0.607431
SUIUSDT,BUY,LIMIT,1701189311293,89.3,0.612475
SUIUSDT,BUY,LIMIT,1701189387655,61.3,0.613001
SUIUSDT,BUY,LIMIT,1701189454214,16.4,0.614729
SUIUSDT,BUY,LIMIT,1701189803565,40.9,0.615493
SUIUSDT,BUY,LIMIT,1701189814356,3407.7,0.616287
SUIUSDT,BUY,LIMIT,1701189820661,20.5,0.616644
SUIUSDT,BUY,LIMIT,1701189846474,8330.9,0.618035
SUIUSDT,SELL,LIMIT,1701189975892,350.8,0.605882
SUIUSDT,BUY,LIMIT,1701189977261,20.5,0.617869
SUIUSDT,BUY,LIMIT,1701189983132,2.1,0.611154
SUIUSDT,BUY,LIMIT,1701190011357,1678.7,0.618979
SUIUSDT,BUY,LIMIT,1701190049716,343.0,0.619482
SUIUSDT,BUY,LIMIT,1701190053801,808.4,0.619789
SUIUSDT,BUY,LIMIT,1701190169427,20.5,0.618826
SUIUSDT,BUY,LIMIT,1701190266185,51.1,0.620644
SUIUSDT,BUY,LIMIT,1701190347221,306.1,0.622804
SUIUSDT,BUY,LIMIT,1701190463816,6867.8,0.623522
SUIUSDT,SELL,LIMIT,1701191254738,8089.8,0.607492
SUIUSDT,BUY,LIMIT,1701192143484,20.5,0.625842
SUIUSDT,BUY,LIMIT,1701192282949,20.5,0.623674
SUIUSDT,BUY,LIMIT,1701192319692,20.5,0.623818
SUIUSDT,SELL,LIMIT,1701193830168,52.7,0.607505
SUIUSDT,BUY,LIMIT,1701196802439,249.6,0.625737
SUIUSDT,SELL,LIMIT,1701197838335,22.9,0.608950
SUIUSDT,BUY,LIMIT,1701197850343,115.5,0.622160
SUIUSDT,SELL,LIMIT,1701197851420,35.8,0.610034
SUIUSDT,BUY,LIMIT,1701198068160,37868.2,0.632021
SUIUSDT,BUY,LIMIT,1701198070105,210.9,0.627408
SUIUSDT,BUY,LIMIT,1701198071121,8140.3,0.627544
SUIUSDT,BUY,LIMIT,1701198074390,325.9,0.627647
SUIUSDT,BUY,LIMIT,1701198081157,550.9,0.628602
SUIUSDT,BUY,LIMIT,1701198082490,917.8,0.629413
SUIUSDT,BUY,LIMIT,1701198084480,791.3,0.630156
SUIUSDT,BUY,LIMIT,1701199377535,1000.0,0.632003
SUIUSDT,BUY,LIMIT,1701199379217,6942.5,0.632087
SUIUSDT,BUY,LIMIT,1701199467455,8.3,0.632849
SUIUSDT,BUY,LIMIT,1701199491121,1274.5,0.633126
SUIUSDT,BUY,LIMIT,1701199511297,220.1,0.633585
SUIUSDT,BUY,LIMIT,1701202166064,360.3,0.635230
SUIUSDT,BUY,LIMIT,1701202194342,82.1,0.635517
SUIUSDT,BUY,LIMIT,1701202247000,5407.5,0.635655
SUIUSDT,SELL,LIMIT,1701207130835,1194.2,0.615566
SUIUSDT,SELL,LIMIT,1701207285214,124.8,0.614956
SUIUSDT,SELL,LIMIT,1701208181130,108.5,0.615825
SUIUSDT,SELL,LIMIT,1701211931206,174.0,0.608604
SUIUSDT,SELL,LIMIT,1701211945129,1688.2,0.607966
SUIUSDT,SELL,LIMIT,1701216461874,264.6,0.606331
SUIUSDT,SELL,LIMIT,1701216763645,41.8,0.605804
SUIUSDT,SELL,LIMIT,1701216846168,446.4,0.604433
SUIUSDT,SELL,LIMIT,1701216907085,1561.2,0.603600
SUIUSDT,BUY,LIMIT,1701218668222,59.1,0.625500
SUIUSDT,SELL,LIMIT,1701221717796,54.7,0.607698
SUIUSDT,SELL,LIMIT,1701221749572,173.5,0.606677
SUIUSDT,SELL,LIMIT,1701223234064,2429.3,0.602913
SUIUSDT,SELL,LIMIT,1701223269787,1145.8,0.602609
SUIUSDT,SELL,LIMIT,1701223422492,1448.1,0.600908
SUIUSDT,SELL,LIMIT,1701223426500,54.8,0.600795
SUIUSDT,SELL,LIMIT,1701228103612,319.1,0.598730
SUIUSDT,SELL,LIMIT,1701228330263,207.4,0.598333
SUIUSDT,SELL,LIMIT,1701229040617,157.6,0.596433
SUIUSDT,BUY,LIMIT,1701232404378,11.4,0.614987
SUIUSDT,SELL,LIMIT,1701241361186,74.6,0.604952
SUIUSDT,SELL,LIMIT,1701243502199,814.3,0.601851
SUIUSDT,SELL,LIMIT,1701243718124,3263.7,0.600667
SUIUSDT,SELL,LIMIT,1701244020544,809.0,0.601327
SUIUSDT,SELL,LIMIT,1701245424248,9.8,0.599887
SUIUSDT,SELL,LIMIT,1701245732434,4874.6,0.599152
SUIUSDT,SELL,LIMIT,1701245752088,129.1,0.598456
SUIUSDT,BUY,LIMIT,1701247389563,285.5,0.613252
SUIUSDT,BUY,LIMIT,1701247617808,287.4,0.616645
SUIUSDT,BUY,LIMIT,1701247943159,426.3,0.618920
SUIUSDT,BUY,LIMIT,1701248721597,13393.5,0.624563
SUIUSDT,BUY,LIMIT,1701251479516,1156.0,0.620173
SUIUSDT,SELL,LIMIT,1701253010944,1690.4,0.602159
SUIUSDT,SELL,LIMIT,1701253994278,8429.9,0.599531
SUIUSDT,SELL,LIMIT,1701254048055,205.8,0.598296
SUIUSDT,SELL,LIMIT,1701254066430,716.5,0.597198
SUIUSDT,SELL,LIMIT,1701254068982,141.4,0.597179
SUIUSDT,SELL,LIMIT,1701254410029,152.0,0.595504
SUIUSDT,SELL,LIMIT,1701254412194,56.6,0.595078
SUIUSDT,SELL,LIMIT,1701254413327,240.3,0.594819
SUIUSDT,SELL,LIMIT,1701254419499,412.9,0.593364
SUIUSDT,SELL,LIMIT,1701254420772,704.5,0.593150
SUIUSDT,SELL,LIMIT,1701254684625,82.7,0.591916
SUIUSDT,SELL,LIMIT,1701262875099,2940.4,0.591840
SUIUSDT,SELL,LIMIT,1701262909237,68.1,0.591227
SUIUSDT,SELL,LIMIT,1701262910975,14.5,0.591114
SUIUSDT,SELL,LIMIT,1701262947307,40.0,0.590646
SUIUSDT,SELL,LIMIT,1701263170885,197.3,0.592905
SUIUSDT,SELL,LIMIT,1701263876052,67.4,0.590081
SUIUSDT,SELL,LIMIT,1701263877463,262.0,0.589281
SUIUSDT,SELL,LIMIT,1701263907144,299.4,0.589044
SUIUSDT,SELL,LIMIT,1701263910283,4443.4,0.588797
SUIUSDT,SELL,LIMIT,1701263912670,48.2,0.588591
SUIUSDT,SELL,LIMIT,1701263939931,1615.5,0.588297
SUIUSDT,SELL,LIMIT,1701263941326,527.0,0.588300
SUIUSDT,SELL,LIMIT,1701264332281,63015.4,0.582764
SUIUSDT,SELL,LIMIT,1701264334054,8156.6,0.587635
SUIUSDT,SELL,LIMIT,1701264336104,734.5,0.587309
SUIUSDT,SELL,LIMIT,1701264343150,160.4,0.587026
SUIUSDT,SELL,LIMIT,1701264414199,9408.2,0.585725
SUIUSDT,SELL,LIMIT,1701264415506,58.3,0.586045
SUIUSDT,SELL,LIMIT,1701264614599,150.4,0.585744
SUIUSDT,SELL,LIMIT,1701264620503,7339.2,0.585487
SUIUSDT,SELL,LIMIT,1701268434245,3934.5,0.584916
SUIUSDT,SELL,LIMIT,1701268454382,1930.9,0.584734
SUIUSDT,SELL,LIMIT,1701268457420,96.6,0.584594
SUIUSDT,SELL,LIMIT,1701269146549,472.5,0.584083
SUIUSDT,SELL,LIMIT,1701269147931,2262.4,0.583595
SUIUSDT,SELL,LIMIT,1701269150791,114.5,0.583502
SUIUSDT,SELL,LIMIT,1701269157606,83.2,0.583329
SUIUSDT,SELL,LIMIT,1701269160393,342.9,0.583202
SUIUSDT,SELL,LIMIT,1701269258680,3383.3,0.582526
SUIUSDT,SELL,LIMIT,1701269296411,36666.9,0.577273
SUIUSDT,SELL,LIMIT,1701270043235,82500.0,0.576121
SUIUSDT,SELL,LIMIT,1701270045218,714.6,0.581047
SUIUSDT,SELL,LIMIT,1701270319179,1906.4,0.580193
SUIUSDT,SELL,LIMIT,1701270331057,22776.6,0.575909
SUIUSDT,SELL,LIMIT,1701270342097,1775.8,0.579316
SUIUSDT,SELL,LIMIT,1701270442331,2580.1,0.579157
SUIUSDT,SELL,LIMIT,1701270569494,40.4,0.578289
SUIUSDT,SELL,LIMIT,1701270573068,10.0,0.577795
SUIUSDT,SELL,LIMIT,1701270578201,1063.0,0.577913
SUIUSDT,SELL,LIMIT,1701270582599,1957.2,0.577755
SUIUSDT,SELL,LIMIT,1701270584438,1605.6,0.577342
SUIUSDT,SELL,LIMIT,1701270585982,138.6,0.577220
SUIUSDT,SELL,LIMIT,1701270588340,808.4,0.577044
SUIUSDT,SELL,LIMIT,1701270613647,586.6,0.576379
SUIUSDT,SELL,LIMIT,1701270616246,450.0,0.576285
SUIUSDT,SELL,LIMIT,1701270618919,12244.7,0.574056
SUIUSDT,SELL,LIMIT,1701275524282,3943.8,0.575939
SUIUSDT,SELL,LIMIT,1701275526580,974.1,0.575610
SUIUSDT,SELL,LIMIT,1701275609300,2613.5,0.575045
SUIUSDT,SELL,LIMIT,1701275835658,937.4,0.574618
SUIUSDT,SELL,LIMIT,1701275836739,38961.3,0.569858
SUIUSDT,SELL,LIMIT,1701275838124,589.6,0.573954
SUIUSDT,SELL,LIMIT,1701275839173,1094.0,0.573515
SUIUSDT,SELL,LIMIT,1701275842650,46.0,0.573114
SUIUSDT,SELL,LIMIT,1701276348507,701.8,0.574696
SUIUSDT,SELL,LIMIT,1701277501504,4235.4,0.574338
SUIUSDT,SELL,LIMIT,1701284489295,71.6,0.582229
SUIUSDT,BUY,LIMIT,1701287651287,16.4,0.596700
SUIUSDT,BUY,LIMIT,1701287675600,573.0,0.597278
SUIUSDT,BUY,LIMIT,1701287717267,513.9,0.598701
SUIUSDT,BUY,LIMIT,1701287750371,146.4,0.599271
SUIUSDT,BUY,LIMIT,1701287755471,7432.0,0.599517
SUIUSDT,BUY,LIMIT,1701287949788,524.1,0.600023
SUIUSDT,SELL,LIMIT,1701288287798,1.8,0.590833
SUIUSDT,BUY,LIMIT,1701288942549,9.2,0.603892
SUIUSDT,SELL,LIMIT,1701291514168,20.0,0.585156
SUIUSDT,BUY,LIMIT,1701299554627,239.3,0.605505
SUIUSDT,BUY,LIMIT,1701299571397,37.6,0.605981
SUIUSDT,BUY,LIMIT,1701299624604,35.2,0.606643
SUIUSDT,BUY,LIMIT,1701302281466,13.7,0.607791
SUIUSDT,BUY,LIMIT,1701303174097,172.0,0.609924
SUIUSDT,BUY,LIMIT,1701303693725,1274.3,0.613530
SUIUSDT,BUY,LIMIT,1701303726239,355.1,0.613702
SUIUSDT,BUY,LIMIT,1701303864578,1521.3,0.614772
SUIUSDT,BUY,LIMIT,1701303887850,3401.8,0.615785
SUIUSDT,BUY,LIMIT,1701303921393,661.4,0.616535
SUIUSDT,BUY,LIMIT,1701303931760,681.8,0.618499
SUIUSDT,BUY,LIMIT,1701303934357,3968.8,0.618738
SUIUSDT,BUY,LIMIT,1701303946895,307.7,0.619093
SUIUSDT,BUY,LIMIT,1701304371998,90.4,0.619932
SUIUSDT,BUY,LIMIT,1701305479169,710.9,0.620823
SUIUSDT,BUY,LIMIT,1701305590331,5189.6,0.622230
SUIUSDT,BUY,LIMIT,1701305743500,674.4,0.622650
SUIUSDT,BUY,LIMIT,1701305985291,938.6,0.623859
SUIUSDT,BUY,LIMIT,1701305988713,590.5,0.623951
SUIUSDT,SELL,LIMIT,1701306852559,1255.2,0.603742
SUIUSDT,SELL,LIMIT,1701307321534,8060.4,0.602189
SUIUSDT,SELL,LIMIT,1701309695317,411.1,0.601126
SUIUSDT,SELL,LIMIT,1701310932683,1024.1,0.600058
SUIUSDT,BUY,LIMIT,1701313683038,1531.1,0.616725
SUIUSDT,BUY,LIMIT,1701315556905,193.7,0.618422
SUIUSDT,SELL,LIMIT,1701319764109,55.6,0.602479
SUIUSDT,SELL,LIMIT,1701319952108,8138.0,0.600177
SUIUSDT,SELL,LIMIT,1701326198886,1706.6,0.597097
SUIUSDT,SELL,LIMIT,1701326203949,2108.2,0.596354
SUIUSDT,SELL,LIMIT,1701326335205,316.3,0.596065
SUIUSDT,BUY,LIMIT,1701326585741,241.1,0.618452
SUIUSDT,BUY,LIMIT,1701326686598,438.3,0.625295
SUIUSDT,BUY,LIMIT,1701326693055,30.2,0.625907
SUIUSDT,BUY,LIMIT,1701326699489,2684.9,0.626537
SUIUSDT,BUY,LIMIT,1701326701054,246.1,0.626692
SUIUSDT,BUY,LIMIT,1701326707592,64.6,0.628065
SUIUSDT,BUY,LIMIT,1701326714515,671.5,0.628559
SUIUSDT,BUY,LIMIT,1701326716252,25.0,0.628890
SUIUSDT,BUY,LIMIT,1701326717730,5372.7,0.629733
SUIUSDT,BUY,LIMIT,1701326722207,49816.9,0.635607
SUIUSDT,BUY,LIMIT,1701326734284,500.0,0.632276
SUIUSDT,BUY,LIMIT,1701326739056,1773.0,0.632894
SUIUSDT,BUY,LIMIT,1701326740189,1782.3,0.632344
SUIUSDT,BUY,LIMIT,1701326793073,32.0,0.633634
SUIUSDT,BUY,LIMIT,1701326795399,54.9,0.633740
SUIUSDT,BUY,LIMIT,1701326820029,1045.9,0.635158
SUIUSDT,BUY,LIMIT,1701326862150,686.7,0.636466
SUIUSDT,BUY,LIMIT,1701326867017,658.8,0.637151
SUIUSDT,BUY,LIMIT,1701326868702,4175.7,0.637490
SUIUSDT,BUY,LIMIT,1701326873922,1000.0,0.638579
SUIUSDT,BUY,LIMIT,1701326875132,15.7,0.640157
SUIUSDT,BUY,LIMIT,1701326876237,710.2,0.640168
SUIUSDT,BUY,LIMIT,1701326887291,5356.7,0.641953
SUIUSDT,BUY,LIMIT,1701326888558,166.8,0.643212
SUIUSDT,BUY,LIMIT,1701326892457,142.3,0.644171
SUIUSDT,BUY,LIMIT,1701326930307,49.9,0.645958
SUIUSDT,SELL,LIMIT,1701327033241,866.7,0.626590
SUIUSDT,SELL,LIMIT,1701327040673,179.0,0.625943
SUIUSDT,SELL,LIMIT,1701327043831,4694.8,0.624119
SUIUSDT,SELL,LIMIT,1701327046689,1628.4,0.623057
SUIUSDT,BUY,LIMIT,1701327127905,792.7,0.642270
SUIUSDT,SELL,LIMIT,1701327224893,3583.2,0.623163
SUIUSDT,SELL,LIMIT,1701327227350,992.5,0.622030
SUIUSDT,SELL,LIMIT,1701327240389,3153.9,0.620274
SUIUSDT,SELL,LIMIT,1701327321031,187.1,0.616808
SUIUSDT,SELL,LIMIT,1701327322193,48.4,0.616733
SUIUSDT,SELL,LIMIT,1701327325393,7840.4,0.616048
SUIUSDT,SELL,LIMIT,1701327333413,7961.7,0.615566
SUIUSDT,SELL,LIMIT,1701327338030,4410.2,0.614488
SUIUSDT,BUY,LIMIT,1701327427264,4076.3,0.632499
SUIUSDT,SELL,LIMIT,1701328595159,2458.7,0.618010
SUIUSDT,SELL,LIMIT,1701328607731,23.8,0.617125
SUIUSDT,SELL,LIMIT,1701328611073,1796.3,0.617021
SUIUSDT,SELL,LIMIT,1701328706744,14.0,0.616187
SUIUSDT,SELL,LIMIT,1701328709110,236.9,0.615955
SUIUSDT,SELL,LIMIT,1701328929115,1521.8,0.614883
SUIUSDT,SELL,LIMIT,1701329626085,1345.6,0.612323
SUIUSDT,SELL,LIMIT,1701330165339,5601.5,0.608037
SUIUSDT,SELL,LIMIT,1701330186147,108.4,0.607644
SUIUSDT,SELL,LIMIT,1701330198242,2737.4,0.606622
SUIUSDT,SELL,LIMIT,1701330335081,491.0,0.605900
SUIUSDT,SELL,LIMIT,1701330336326,826.8,0.605758
SUIUSDT,SELL,LIMIT,1701330354240,56.5,0.605089
SUIUSDT,SELL,LIMIT,1701330411535,505.3,0.604811
SUIUSDT,SELL,LIMIT,1701330424844,485.8,0.604671
SUIUSDT,SELL,LIMIT,1701330467719,188.1,0.603436
SUIUSDT,SELL,LIMIT,1701330493606,196.0,0.602706
SUIUSDT,SELL,LIMIT,1701330511298,1283.8,0.601176
SUIUSDT,SELL,LIMIT,1701330564451,19709.2,0.597556
SUIUSDT,SELL,LIMIT,1701330980524,8837.4,0.600013
SUIUSDT,SELL,LIMIT,1701330999325,49.5,0.599861
SUIUSDT,SELL,LIMIT,1701331425780,508.1,0.598476
SUIUSDT,SELL,LIMIT,1701331467912,544.1,0.596884
SUIUSDT,SELL,LIMIT,1701331658778,842.3,0.597177
SUIUSDT,SELL,LIMIT,1701331734445,47.6,0.595830
SUIUSDT,SELL,LIMIT,1701332332098,40652.0,0.590451
SUIUSDT,SELL,LIMIT,1701332335254,8303.5,0.594834
SUIUSDT,SELL,LIMIT,1701332336810,13.7,0.594408
SUIUSDT,SELL,LIMIT,1701332344299,47.3,0.594353
SUIUSDT,SELL,LIMIT,1701332378964,108.2,0.593936
SUIUSDT,BUY,LIMIT,1701332954868,768.1,0.612241
SUIUSDT,BUY,LIMIT,1701333015174,399.9,0.613637
SUIUSDT,SELL,LIMIT,1701334026697,928.1,0.595570
SUIUSDT,SELL,LIMIT,1701334199275,1646.0,0.595236
SUIUSDT,SELL,LIMIT,1701334681482,1903.0,0.593560
SUIUSDT,SELL,LIMIT,1701335214668,4645.9,0.591014
SUIUSDT,SELL,LIMIT,1701335219341,287.8,0.590886
SUIUSDT,SELL,LIMIT,1701335235148,1343.7,0.589755
SUIUSDT,SELL,LIMIT,1701335254854,207.0,0.589185
SUIUSDT,SELL,LIMIT,1701335262742,54.3,0.589087
SUIUSDT,SELL,LIMIT,1701335293655,438.8,0.588728
SUIUSDT,SELL,LIMIT,1701335295451,402.2,0.588603
SUIUSDT,SELL,LIMIT,1701335319075,1208.8,0.587961
SUIUSDT,SELL,LIMIT,1701335323173,676.7,0.587000
SUIUSDT,SELL,LIMIT,1701335324315,6748.8,0.587036
SUIUSDT,SELL,LIMIT,1701335457260,146.9,0.586397
SUIUSDT,SELL,LIMIT,1701335465047,3242.5,0.586100
SUIUSDT,SELL,LIMIT,1701335553377,845.8,0.584890
SUIUSDT,SELL,LIMIT,1701338238170,333.8,0.583713
SUIUSDT,SELL,LIMIT,1701338242993,7673.1,0.583660
SUIUSDT,SELL,LIMIT,1701339016375,632.7,0.582331
SUIUSDT,BUY,LIMIT,1701348258199,112.9,0.613499
SUIUSDT,BUY,LIMIT,1701348384354,4808.7,0.614231
SUIUSDT,BUY,LIMIT,1701348477113,155.5,0.614816
SUIUSDT,SELL,LIMIT,1701349666748,195.0,0.594013
SUIUSDT,SELL,LIMIT,1701349670876,58.8,0.593806
SUIUSDT,SELL,LIMIT,1701350130066,54.8,0.592994
SUIUSDT,SELL,LIMIT,1701352292184,1019.5,0.591125
SUIUSDT,SELL,LIMIT,1701352523635,259.9,0.588918
SUIUSDT,SELL,LIMIT,1701353003242,8332.8,0.589025
SUIUSDT,SELL,LIMIT,1701353005439,60.9,0.588045
SUIUSDT,SELL,LIMIT,1701353014511,429.7,0.587628
SUIUSDT,BUY,LIMIT,1701353065218,196.0,0.598975
SUIUSDT,SELL,LIMIT,1701355305100,2500.0,0.584768
SUIUSDT,SELL,LIMIT,1701360477977,109.9,0.586584
SUIUSDT,BUY,LIMIT,1701369326331,389.1,0.606596
SUIUSDT,BUY,LIMIT,1701371961252,10.0,0.607596
SUIUSDT,SELL,LIMIT,1701375992228,130.6,0.587966
SUIUSDT,BUY,LIMIT,1701382110986,500.0,0.602827
SUIUSDT,SELL,LIMIT,1701385178432,549.6,0.585940
SUIUSDT,SELL,LIMIT,1701385186038,8340.7,0.585844
SUIUSDT,SELL,LIMIT,1701385191431,42.6,0.585818
SUIUSDT,SELL,LIMIT,1701385303422,49.6,0.585061
SUIUSDT,BUY,LIMIT,1701388900328,350.9,0.608116
SUIUSDT,BUY,LIMIT,1701388907430,3402.1,0.608971
SUIUSDT,BUY,LIMIT,1701388962659,2359.2,0.611855
SUIUSDT,BUY,LIMIT,1701388976905,37049.3,0.617289
SUIUSDT,SELL,LIMIT,1701389163419,2582.0,0.599897
SUIUSDT,SELL,LIMIT,1701392357466,218.5,0.588756
SUIUSDT,SELL,LIMIT,1701392365543,3236.9,0.588102
SUIUSDT,BUY,LIMIT,1701393586614,8.4,0.606437
SUIUSDT,BUY,LIMIT,1701393588051,8.4,0.606557
SUIUSDT,BUY,LIMIT,1701393683078,11.3,0.607925
SUIUSDT,BUY,LIMIT,1701393713440,239.7,0.608179
SUIUSDT,BUY,LIMIT,1701393747598,11.8,0.609000
SUIUSDT,BUY,LIMIT,1701393766724,24.1,0.609318
SUIUSDT,BUY,LIMIT,1701393807674,46.7,0.610206
SUIUSDT,BUY,LIMIT,1701394316432,504.4,0.614198
SUIUSDT,BUY,LIMIT,1701395983329,211.2,0.614983
SUIUSDT,BUY,LIMIT,1701398857523,603.4,0.615192
SUIUSDT,BUY,LIMIT,1701398945834,10.0,0.615750
SUIUSDT,BUY,LIMIT,1701398950694,75.9,0.615992
SUIUSDT,BUY,LIMIT,1701398952231,624.6,0.616021
SUIUSDT,BUY,LIMIT,1701398959122,139.5,0.616304
SUIUSDT,BUY,LIMIT,1701398968095,2493.9,0.617104
SUIUSDT,BUY,LIMIT,1701399071877,84.2,0.617622
SUIUSDT,BUY,LIMIT,1701400450220,8394.8,0.617630
SUIUSDT,BUY,LIMIT,1701400823472,10.8,0.618365
SUIUSDT,SELL,LIMIT,1701402073083,0.8,0.881057
SUIUSDT,BUY,LIMIT,1701403671697,8895.6,0.618925
SUIUSDT,BUY,LIMIT,1701403711438,50.4,0.620106
SUIUSDT,BUY,LIMIT,1701403721177,49.9,0.620356
SUIUSDT,BUY,LIMIT,1701403776636,40.4,0.621132
SUIUSDT,BUY,LIMIT,1701403777723,495.2,0.621496
SUIUSDT,BUY,LIMIT,1701404599397,697.5,0.622101
SUIUSDT,BUY,LIMIT,1701405260917,154.4,0.622693
SUIUSDT,BUY,LIMIT,1701405272316,71.6,0.623132
SUIUSDT,BUY,LIMIT,1701405294256,417.0,0.623422
SUIUSDT,BUY,LIMIT,1701405297252,1513.3,0.624200
SUIUSDT,BUY,LIMIT,1701405298261,3136.6,0.624488
SUIUSDT,BUY,LIMIT,1701405305672,16.8,0.624850
SUIUSDT,BUY,LIMIT,1701405515309,9.0,0.624636
SUIUSDT,BUY,LIMIT,1701410287163,226.7,0.625391
SUIUSDT,BUY,LIMIT,1701410288233,200.9,0.625785
SUIUSDT,SELL,LIMIT,1701416444213,91.1,0.606573
SUIUSDT,BUY,LIMIT,1701422231291,942.9,0.625137
SUIUSDT,SELL,LIMIT,1701422241410,16.2,0.612826
SUIUSDT,BUY,LIMIT,1701422317431,653.2,0.625745
SUIUSDT,BUY,LIMIT,1701422319205,2186.9,0.625870
SUIUSDT,BUY,LIMIT,1701422320446,628.7,0.625989
SUIUSDT,BUY,LIMIT,1701424703144,628.7,0.623775
SUIUSDT,BUY,LIMIT,1701424930468,33.7,0.624349
SUIUSDT,BUY,LIMIT,1701424957129,67.3,0.624560
SUIUSDT,SELL,LIMIT,1701429010379,411.6,0.604802
SUIUSDT,BUY,LIMIT,1701438663580,5613.1,0.621904
SUIUSDT,SELL,LIMIT,1701439827801,8107.4,0.607663
SUIUSDT,SELL,LIMIT,1701441837375,11.0,0.613642
SUIUSDT,BUY,LIMIT,1701447398067,42.1,0.622540
SUIUSDT,BUY,LIMIT,1701447714176,789.0,0.625498
SUIUSDT,BUY,LIMIT,1701447974876,303.8,0.626328
SUIUSDT,BUY,LIMIT,1701447977044,16.3,0.626624
SUIUSDT,BUY,LIMIT,1701447981836,9.2,0.626986
SUIUSDT,BUY,LIMIT,1701449942490,350.0,0.628231
SUIUSDT,BUY,LIMIT,1701450135532,178.9,0.628992
SUIUSDT,BUY,LIMIT,1701450141433,471.1,0.629172
SUIUSDT,BUY,LIMIT,1701450192536,485.0,0.630420
SUIUSDT,BUY,LIMIT,1701450207118,745.7,0.630872
SUIUSDT,BUY,LIMIT,1701450237925,337.4,0.631031
SUIUSDT,BUY,LIMIT,1701450244126,2068.1,0.631579
SUIUSDT,BUY,LIMIT,1701450245236,83.0,0.632102
SUIUSDT,BUY,LIMIT,1701450252448,222.8,0.632868
SUIUSDT,BUY,LIMIT,1701450253709,206.0,0.632937
SUIUSDT,SELL,LIMIT,1701451835954,66.6,0.609738
SUIUSDT,SELL,LIMIT,1701452624967,21.8,0.607018
SUIUSDT,BUY,LIMIT,1701453790988,537.9,0.620629
SUIUSDT,SELL,LIMIT,1701453795419,117.2,0.620793
SUIUSDT,SELL,LIMIT,1701463682242,278.3,0.605778
SUIUSDT,SELL,LIMIT,1701476265528,187.3,0.602861
SUIUSDT,SELL,LIMIT,1701476273935,1042.2,0.601795
SUIUSDT,SELL,LIMIT,1701476275522,2333.2,0.601571
SUIUSDT,SELL,LIMIT,1701476305796,84.2,0.601415
SUIUSDT,SELL,LIMIT,1701476307454,794.9,0.600924
SUIUSDT,SELL,LIMIT,1701476309340,163.1,0.600715
SUIUSDT,SELL,LIMIT,1701476330472,8157.8,0.600159
SUIUSDT,SELL,LIMIT,1701476332444,238.6,0.600188
SUIUSDT,SELL,LIMIT,1701476336779,4124.4,0.600043
SUIUSDT,SELL,LIMIT,1701476795416,247.8,0.600037
SUIUSDT,SELL,LIMIT,1701476843417,7752.4,0.599743
SUIUSDT,SELL,LIMIT,1701476933236,44.2,0.599322
SUIUSDT,SELL,LIMIT,1701476935233,1007.1,0.599085
SUIUSDT,SELL,LIMIT,1701476977776,195.5,0.598263
SUIUSDT,SELL,LIMIT,1701476979221,3936.9,0.598003
SUIUSDT,BUY,LIMIT,1701485999097,4000.0,0.601764
SUIUSDT,BUY,LIMIT,1701486002154,55.6,0.617908
SUIUSDT,BUY,LIMIT,1701486005399,88.9,0.618018
SUIUSDT,SELL,LIMIT,1701486914412,233.7,0.606503
SUIUSDT,SELL,LIMIT,1701498235399,1571.8,0.607267
SUIUSDT,BUY,LIMIT,1701506848434,106.4,0.622349
SUIUSDT,BUY,LIMIT,1701506910181,35.5,0.625259
SUIUSDT,BUY,LIMIT,1701507013942,54.5,0.626285
