Symbol,Side,Order Type,Time,Quantity,Price
SUIUSDT,BUY,LIMIT,1701929081704,795.0,0.637243
SUIUSDT,BUY,LIMIT,1701931246312,79.4,0.641380
SUIUSDT,BUY,LIMIT,1701931255125,78.8,0.641884
SUIUSDT,BUY,LIMIT,1701932131309,78.0,0.643088
SUIUSDT,BUY,LIMIT,1701932145495,40.6,0.645612
SUIUSDT,BUY,LIMIT,1701932618785,416.8,0.647892
SUIUSDT,SELL,LIMIT,1701936917345,2328.1,0.623109
SUIUSDT,SELL,LIMIT,1701936973792,394.9,0.620638
SUIUSDT,SELL,LIMIT,1701937896650,1657.0,0.619183
SUIUSDT,SELL,LIMIT,1701939368362,7239.3,0.617372
SUIUSDT,SELL,LIMIT,1701939462697,169.9,0.616351
SUIUSDT,SELL,LIMIT,1701939976657,1136.6,0.615014
SUIUSDT,SELL,LIMIT,1701940051989,120.9,0.613603
SUIUSDT,SELL,LIMIT,1701940451814,1263.8,0.613603
SUIUSDT,SELL,LIMIT,1701940473808,1253.1,0.613137
SUIUSDT,SELL,LIMIT,1701940554402,3803.6,0.612118
SUIUSDT,SELL,LIMIT,1701940570132,314.9,0.610534
SUIUSDT,SELL,LIMIT,1701940579784,681.6,0.610499
SUIUSDT,SELL,LIMIT,1701940675596,46.5,0.609571
SUIUSDT,SELL,LIMIT,1701941025124,7686.2,0.609445
SUIUSDT,SELL,LIMIT,1701941038130,7917.6,0.609241
SUIUSDT,SELL,LIMIT,1701941040416,625.2,0.608073
SUIUSDT,SELL,LIMIT,1701941057933,30471.4,0.602607
SUIUSDT,SELL,LIMIT,1701941060740,238.8,0.606431
SUIUSDT,SELL,LIMIT,1701941110659,3432.7,0.605123
SUIUSDT,SELL,LIMIT,1701941145327,176.8,0.604778
SUIUSDT,BUY,LIMIT,1701941146709,9.3,0.616616
SUIUSDT,SELL,LIMIT,1701941147895,499.7,0.604282
SUIUSDT,SELL,LIMIT,1701941151602,316.6,0.603802
SUIUSDT,SELL,LIMIT,1701941153397,226.9,0.603549
SUIUSDT,SELL,LIMIT,1701941154831,1423.8,0.603358
SUIUSDT,SELL,LIMIT,1701941158547,71.3,0.603175
SUIUSDT,SELL,LIMIT,1701941181338,6410.7,0.602481
SUIUSDT,SELL,LIMIT,1701941182707,535.0,0.602415
SUIUSDT,SELL,LIMIT,1701941184193,224.8,0.601925
SUIUSDT,SELL,LIMIT,1701941185412,20506.8,0.598303
SUIUSDT,SELL,LIMIT,1701941187642,31.7,0.601572
SUIUSDT,SELL,LIMIT,1701941237560,11763.0,0.598654
SUIUSDT,SELL,LIMIT,1701941248116,300.0,0.599858
SUIUSDT,SELL,LIMIT,1701941249983,24.1,0.603631
SUIUSDT,SELL,LIMIT,1701941256257,1243.9,0.599787
SUIUSDT,SELL,LIMIT,1701950913097,52.2,0.604294
SUIUSDT,BUY,LIMIT,1701953976590,0.1,0.629730
SUIUSDT,BUY,LIMIT,1701954116254,603.9,0.634095
SUIUSDT,BUY,LIMIT,1701957499950,1191.9,0.637285
SUIUSDT,BUY,LIMIT,1701957589145,210.2,0.639708
SUIUSDT,BUY,LIMIT,1701957615217,7949.1,0.641956
SUIUSDT,BUY,LIMIT,1701957696616,12106.9,0.645312
SUIUSDT,BUY,LIMIT,1701957712501,980.1,0.644040
SUIUSDT,BUY,LIMIT,1701957803710,2452.8,0.645325
SUIUSDT,BUY,LIMIT,1701957811118,543.8,0.647096
SUIUSDT,BUY,LIMIT,1701963004267,204.0,0.647392
SUIUSDT,BUY,LIMIT,1701963045659,1492.5,0.648173
SUIUSDT,BUY,LIMIT,1701964252630,1575.2,0.646334
SUIUSDT,BUY,LIMIT,1701965157066,1102.3,0.649430
SUIUSDT,BUY,LIMIT,1701965242751,7819.5,0.650845
SUIUSDT,BUY,LIMIT,1701965367789,6274.3,0.653073
SUIUSDT,BUY,LIMIT,1701965369963,11025.6,0.655824
SUIUSDT,BUY,LIMIT,1701965372315,18.0,0.654299
SUIUSDT,BUY,LIMIT,1701965373399,10.2,0.654400
SUIUSDT,BUY,LIMIT,1701965515838,23.4,0.655828
SUIUSDT,BUY,LIMIT,1701965541860,180.6,0.657035
SUIUSDT,BUY,LIMIT,1701965850878,467.9,0.657262
SUIUSDT,BUY,LIMIT,1701965988953,798.8,0.661358
SUIUSDT,BUY,LIMIT,1701966086632,547.9,0.662039
SUIUSDT,BUY,LIMIT,1701966844471,57.7,0.662528
SUIUSDT,BUY,LIMIT,1701966850167,6498.2,0.663800
SUIUSDT,BUY,LIMIT,1701966860079,35.6,0.663866
SUIUSDT,BUY,LIMIT,1701967165063,70.9,0.664669
SUIUSDT,BUY,LIMIT,1701967982237,57.2,0.667037
SUIUSDT,BUY,LIMIT,1701968128100,366.1,0.667989
SUIUSDT,BUY,LIMIT,1701968133581,765.2,0.669638
SUIUSDT,BUY,LIMIT,1701968150197,753.2,0.671555
SUIUSDT,BUY,LIMIT,1701968166615,476.1,0.672359
SUIUSDT,BUY,LIMIT,1701968751183,23.4,0.673372
SUIUSDT,BUY,LIMIT,1701969999355,600.0,0.674157
SUIUSDT,BUY,LIMIT,1701970000534,29466.8,0.679332
SUIUSDT,BUY,LIMIT,1701970444075,247.2,0.674715
SUIUSDT,BUY,LIMIT,1701970451733,31.6,0.675244
SUIUSDT,BUY,LIMIT,1701970508474,1508.0,0.676227
SUIUSDT,BUY,LIMIT,1701971114420,1700.0,0.677029
SUIUSDT,BUY,LIMIT,1701971196210,2400.2,0.677755
SUIUSDT,BUY,LIMIT,1701971197948,77.9,0.678681
SUIUSDT,BUY,LIMIT,1701971201762,133.1,0.679441
SUIUSDT,BUY,LIMIT,1701971203445,244.5,0.679663
SUIUSDT,BUY,LIMIT,1701971288696,45.4,0.680421
SUIUSDT,BUY,LIMIT,1701971621432,316.3,0.683402
SUIUSDT,BUY,LIMIT,1701971626908,77.1,0.683548
SUIUSDT,BUY,LIMIT,1701971640221,1386.5,0.686561
SUIUSDT,BUY,LIMIT,1701971641349,29.8,0.686416
SUIUSDT,BUY,LIMIT,1701971661710,787.5,0.686764
SUIUSDT,BUY,LIMIT,1701971667922,91.7,0.687143
SUIUSDT,BUY,LIMIT,1701971694538,36.0,0.687767
SUIUSDT,BUY,LIMIT,1701971702097,1404.5,0.688347
SUIUSDT,BUY,LIMIT,1701971735090,500.3,0.689516
SUIUSDT,BUY,LIMIT,1701971753362,1325.0,0.689976
SUIUSDT,BUY,LIMIT,1701971754609,15.6,0.690217
SUIUSDT,BUY,LIMIT,1701971757772,1595.4,0.690409
SUIUSDT,BUY,LIMIT,1701971796320,60.8,0.690841
SUIUSDT,BUY,LIMIT,1701971807987,606.9,0.691916
SUIUSDT,BUY,LIMIT,1701971947281,2158.9,0.694137
SUIUSDT,SELL,LIMIT,1701972071113,1362.5,0.670406
SUIUSDT,SELL,LIMIT,1701972340492,3690.9,0.664034
SUIUSDT,SELL,LIMIT,1701974381180,2513.0,0.658172
SUIUSDT,SELL,LIMIT,1701974414292,1002.5,0.657673
SUIUSDT,SELL,LIMIT,1701974616052,7333.7,0.656104
SUIUSDT,SELL,LIMIT,1701974617223,14.9,0.655668
SUIUSDT,SELL,LIMIT,1701974759807,1871.7,0.654985
SUIUSDT,SELL,LIMIT,1701975302773,836.3,0.653369
SUIUSDT,SELL,LIMIT,1701975392485,1879.6,0.651834
SUIUSDT,SELL,LIMIT,1701976608484,4375.7,0.651366
SUIUSDT,SELL,LIMIT,1701977293804,6648.3,0.649568
SUIUSDT,SELL,LIMIT,1701977298248,16.0,0.648808
SUIUSDT,SELL,LIMIT,1701977305837,734.1,0.648332
SUIUSDT,SELL,LIMIT,1701978291189,296.4,0.647702
SUIUSDT,BUY,LIMIT,1701980025712,7579.2,0.668908
SUIUSDT,BUY,LIMIT,1701980041466,122.5,0.670190
SUIUSDT,BUY,LIMIT,1701981765380,1304.0,0.681879
SUIUSDT,BUY,LIMIT,1701981885505,3807.1,0.683476
SUIUSDT,SELL,LIMIT,1701983149432,7438.9,0.667449
SUIUSDT,BUY,LIMIT,1701983247351,672.8,0.682351
SUIUSDT,SELL,LIMIT,1701989994335,150.0,0.659221
SUIUSDT,BUY,LIMIT,1701992478069,1068.8,0.673012
SUIUSDT,BUY,LIMIT,1701993631501,251.4,0.681319
SUIUSDT,BUY,LIMIT,1701993808511,660.2,0.683802
SUIUSDT,BUY,LIMIT,1701994769349,301.0,0.693439
SUIUSDT,BUY,LIMIT,1701994778955,7057.3,0.694483
SUIUSDT,BUY,LIMIT,1701994813720,7459.3,0.695080
SUIUSDT,BUY,LIMIT,1701994821734,2775.0,0.695432
SUIUSDT,BUY,LIMIT,1701994826851,14613.8,0.699664
SUIUSDT,BUY,LIMIT,1701994838818,0.9,0.697029
SUIUSDT,BUY,LIMIT,1701994840128,1808.1,0.697684
SUIUSDT,BUY,LIMIT,1701994841575,496.3,0.698486
SUIUSDT,BUY,LIMIT,1701994857652,371.5,0.699622
SUIUSDT,BUY,LIMIT,1701994892038,8.0,0.699927
SUIUSDT,BUY,LIMIT,1701994893134,40.7,0.700080
SUIUSDT,SELL,LIMIT,1701995490604,107.0,0.676736
SUIUSDT,SELL,LIMIT,1701995499474,267.8,0.676539
SUIUSDT,SELL,LIMIT,1701997551179,13.7,0.671507
SUIUSDT,SELL,LIMIT,1701997673351,223.3,0.669983
SUIUSDT,SELL,LIMIT,1701997731072,7.4,0.672686
SUIUSDT,SELL,LIMIT,1701997738172,360.9,0.668990
SUIUSDT,SELL,LIMIT,1702001087450,2900.9,0.667861
SUIUSDT,BUY,LIMIT,1702003991619,68.1,0.688466
SUIUSDT,SELL,LIMIT,1702005126608,52.3,0.670098
SUIUSDT,BUY,LIMIT,1702005578952,48.9,0.688800
SUIUSDT,BUY,LIMIT,1702005606691,147.7,0.689793
SUIUSDT,BUY,LIMIT,1702006594909,683.3,0.691243
SUIUSDT,BUY,LIMIT,1702006669105,24.5,0.690234
SUIUSDT,BUY,LIMIT,1702007154540,43.9,0.689258
SUIUSDT,SELL,LIMIT,1702008537094,776.6,0.668377
SUIUSDT,BUY,LIMIT,1702015945643,2692.8,0.695762
SUIUSDT,BUY,LIMIT,1702015949863,29.8,0.696040
SUIUSDT,BUY,LIMIT,1702015987107,7.5,0.697417
SUIUSDT,BUY,LIMIT,1702015993252,307.8,0.697543
SUIUSDT,BUY,LIMIT,1702018094608,969.0,0.694251
SUIUSDT,SELL,LIMIT,1702019075370,243.1,0.677773
SUIUSDT,SELL,LIMIT,1702019232424,362.8,0.674885
SUIUSDT,SELL,LIMIT,1702020107614,1091.9,0.673757
SUIUSDT,SELL,LIMIT,1702020116321,320.0,0.673635
SUIUSDT,SELL,LIMIT,1702020121354,1168.5,0.673397
SUIUSDT,SELL,LIMIT,1702020181132,206.0,0.671977
SUIUSDT,SELL,LIMIT,1702020188681,122.6,0.671795
SUIUSDT,SELL,LIMIT,1702020222821,20.8,0.671188
SUIUSDT,SELL,LIMIT,1702020502005,173.0,0.671122
SUIUSDT,SELL,LIMIT,1702020539190,43.7,0.669165
SUIUSDT,SELL,LIMIT,1702020575104,196.4,0.668504
SUIUSDT,SELL,LIMIT,1702020638106,2534.2,0.667773
SUIUSDT,SELL,LIMIT,1702020640191,125.4,0.667577
SUIUSDT,SELL,LIMIT,1702020643112,157.5,0.667138
SUIUSDT,SELL,LIMIT,1702020665650,7268.0,0.666743
SUIUSDT,SELL,LIMIT,1702020666810,40.0,0.666589
SUIUSDT,SELL,LIMIT,1702022550670,375.4,0.667784
SUIUSDT,SELL,LIMIT,1702024294042,1420.6,0.664981
SUIUSDT,SELL,LIMIT,1702024352236,177.6,0.664579
SUIUSDT,BUY,LIMIT,1702025139131,873.4,0.682472
SUIUSDT,SELL,LIMIT,1702025942392,862.4,0.663515
SUIUSDT,SELL,LIMIT,1702025944047,43.4,0.663388
SUIUSDT,SELL,LIMIT,1702025946062,3059.8,0.663052
SUIUSDT,SELL,LIMIT,1702025947245,5272.9,0.662920
SUIUSDT,BUY,LIMIT,1702027606803,1453.2,0.681936
SUIUSDT,BUY,LIMIT,1702030936967,193.6,0.683813
SUIUSDT,BUY,LIMIT,1702032157333,446.0,0.687440
SUIUSDT,BUY,LIMIT,1702032160155,17.7,0.688366
SUIUSDT,BUY,LIMIT,1702032371702,116.4,0.691014
SUIUSDT,BUY,LIMIT,1702032395244,15697.8,0.696781
SUIUSDT,BUY,LIMIT,1702032846034,1112.9,0.695583
SUIUSDT,BUY,LIMIT,1702034769520,52.0,0.697646
SUIUSDT,BUY,LIMIT,1702034788863,44.9,0.698298
SUIUSDT,BUY,LIMIT,1702035532279,431.1,0.701240
SUIUSDT,BUY,LIMIT,1702035637191,14.9,0.702244
SUIUSDT,BUY,LIMIT,1702035648073,786.0,0.702493
SUIUSDT,BUY,LIMIT,1702035649395,78.5,0.702555
SUIUSDT,BUY,LIMIT,1702035697394,500.0,0.703164
SUIUSDT,BUY,LIMIT,1702035700084,9304.0,0.704965
SUIUSDT,BUY,LIMIT,1702035737376,135.9,0.703692
SUIUSDT,BUY,LIMIT,1702035779584,156.4,0.704368
SUIUSDT,BUY,LIMIT,1702035789173,101.4,0.705140
SUIUSDT,BUY,LIMIT,1702035837353,21502.6,0.709838
SUIUSDT,BUY,LIMIT,1702035873950,389.8,0.706146
SUIUSDT,BUY,LIMIT,1702035899528,127.6,0.706669
SUIUSDT,BUY,LIMIT,1702035922097,290.2,0.706910
SUIUSDT,BUY,LIMIT,1702035934673,6057.6,0.706008
SUIUSDT,BUY,LIMIT,1702035938625,5252.8,0.707139
SUIUSDT,BUY,LIMIT,1702036193639,24.9,0.701874
SUIUSDT,SELL,LIMIT,1702037103262,1397.3,0.685225
SUIUSDT,SELL,LIMIT,1702037196054,25.2,0.683481
SUIUSDT,SELL,LIMIT,1702037255720,180.7,0.683318
SUIUSDT,SELL,LIMIT,1702040132788,1172.0,0.682094
SUIUSDT,SELL,LIMIT,1702040299443,2418.8,0.680484
SUIUSDT,SELL,LIMIT,1702040624157,49.4,0.675390
SUIUSDT,SELL,LIMIT,1702040834180,183.4,0.674334
SUIUSDT,SELL,LIMIT,1702042218225,689.0,0.673282
SUIUSDT,SELL,LIMIT,1702042227206,2456.1,0.671573
SUIUSDT,SELL,LIMIT,1702042238641,949.9,0.670751
SUIUSDT,BUY,LIMIT,1702044654133,43.8,0.691385
SUIUSDT,BUY,LIMIT,1702045885456,397.7,0.690976
SUIUSDT,BUY,LIMIT,1702047700059,2478.7,0.691937
SUIUSDT,SELL,LIMIT,1702050321258,3704.0,0.680784
SUIUSDT,SELL,LIMIT,1702050527179,122.2,0.680967
SUIUSDT,BUY,LIMIT,1702052530226,109.4,0.699387
SUIUSDT,BUY,LIMIT,1702053523492,23.4,0.700725
SUIUSDT,BUY,LIMIT,1702054286478,216.8,0.701117
SUIUSDT,BUY,LIMIT,1702054333516,359.8,0.700544
SUIUSDT,BUY,LIMIT,1702054426268,111.8,0.702619
SUIUSDT,BUY,LIMIT,1702054437926,16000.0,0.707621
SUIUSDT,BUY,LIMIT,1702054640294,1944.7,0.704423
SUIUSDT,BUY,LIMIT,1702054675200,8.4,0.706157
SUIUSDT,BUY,LIMIT,1702054884701,341.6,0.707634
SUIUSDT,BUY,LIMIT,1702054978081,444.2,0.709343
SUIUSDT,BUY,LIMIT,1702055138356,364.6,0.708632
SUIUSDT,BUY,LIMIT,1702055298331,2.4,0.710269
SUIUSDT,BUY,LIMIT,1702055304343,956.7,0.710367
SUIUSDT,BUY,LIMIT,1702055328947,1655.6,0.711612
SUIUSDT,BUY,LIMIT,1702055337362,17.8,0.712054
SUIUSDT,BUY,LIMIT,1702055485457,103.8,0.712630
SUIUSDT,BUY,LIMIT,1702055522293,71.5,0.712903
SUIUSDT,BUY,LIMIT,1702055577156,7278.0,0.714343
SUIUSDT,BUY,LIMIT,1702055590092,851.3,0.714705
SUIUSDT,BUY,LIMIT,1702055601121,735.3,0.715238
SUIUSDT,BUY,LIMIT,1702055610405,19000.0,0.719987
SUIUSDT,BUY,LIMIT,1702055618686,153.8,0.715711
SUIUSDT,BUY,LIMIT,1702055623891,1462.0,0.716038
SUIUSDT,BUY,LIMIT,1702055702934,4647.5,0.716919
SUIUSDT,BUY,LIMIT,1702057097282,2847.1,0.715663
SUIUSDT,BUY,LIMIT,1702059877143,371.8,0.717997
SUIUSDT,BUY,LIMIT,1702059878609,8155.5,0.718570
SUIUSDT,BUY,LIMIT,1702060025194,430.4,0.718441
SUIUSDT,BUY,LIMIT,1702060026311,147.5,0.718736
SUIUSDT,BUY,LIMIT,1702060049862,271.0,0.718769
SUIUSDT,BUY,LIMIT,1702060070872,7.6,0.719155
SUIUSDT,BUY,LIMIT,1702060203416,1239.0,0.718918
SUIUSDT,BUY,LIMIT,1702060219093,688.4,0.719180
SUIUSDT,BUY,LIMIT,1702061082788,77.8,0.720182
SUIUSDT,BUY,LIMIT,1702061115433,1952.1,0.720609
SUIUSDT,BUY,LIMIT,1702061134269,1077.9,0.721214
SUIUSDT,BUY,LIMIT,1702061135357,154.3,0.721407
SUIUSDT,BUY,LIMIT,1702061216524,8.1,0.722161
SUIUSDT,SELL,LIMIT,1702061960933,1187.9,0.699857
SUIUSDT,SELL,LIMIT,1702064058877,4359.7,0.698290
SUIUSDT,BUY,LIMIT,1702065942715,244.8,0.717705
SUIUSDT,BUY,LIMIT,1702068255273,166.6,0.720937
SUIUSDT,BUY,LIMIT,1702068715183,7.3,0.720653
SUIUSDT,BUY,LIMIT,1702068983390,1925.7,0.721088
SUIUSDT,BUY,LIMIT,1702070657693,100.0,0.716090
SUIUSDT,BUY,LIMIT,1702070678426,23500.0,0.720585
SUIUSDT,SELL,LIMIT,1702071653363,151.5,0.699914
SUIUSDT,SELL,LIMIT,1702071657373,1008.7,0.699709
SUIUSDT,SELL,LIMIT,1702072140938,1100.4,0.695764
SUIUSDT,BUY,LIMIT,1702072649718,50.0,0.712858
SUIUSDT,BUY,LIMIT,1702072671667,75.0,0.712858
SUIUSDT,BUY,LIMIT,1702077663931,186.0,0.714986
SUIUSDT,BUY,LIMIT,1702078609448,268.4,0.712362
SUIUSDT,BUY,LIMIT,1702078854195,864.2,0.712662
SUIUSDT,BUY,LIMIT,1702080420734,215.1,0.711883
SUIUSDT,BUY,LIMIT,1702081253139,9.0,0.716090
SUIUSDT,BUY,LIMIT,1702081682563,958.7,0.718084
SUIUSDT,BUY,LIMIT,1702081755489,75.0,0.718616
SUIUSDT,BUY,LIMIT,1702081850195,336.7,0.721945
SUIUSDT,BUY,LIMIT,1702081984546,186.2,0.719523
SUIUSDT,BUY,LIMIT,1702082279388,65.9,0.717705
SUIUSDT,BUY,LIMIT,1702082441745,67.6,0.714372
SUIUSDT,SELL,LIMIT,1702082513111,33.3,0.699122
SUIUSDT,SELL,LIMIT,1702082637608,1748.6,0.696640
SUIUSDT,BUY,LIMIT,1702082974938,185.0,0.710196
SUIUSDT,SELL,LIMIT,1702083020197,26.9,0.694965
SUIUSDT,BUY,LIMIT,1702083126195,186.0,0.708713
SUIUSDT,SELL,LIMIT,1702083182387,7.3,0.693966
SUIUSDT,SELL,LIMIT,1702083201588,49.6,0.693294
SUIUSDT,SELL,LIMIT,1702083203377,211.4,0.693140
SUIUSDT,BUY,LIMIT,1702083461622,244.9,0.706329
SUIUSDT,SELL,LIMIT,1702083664971,13.9,0.691038
SUIUSDT,BUY,LIMIT,1702083859319,457.7,0.704803
SUIUSDT,SELL,LIMIT,1702084005097,183.7,0.689887
SUIUSDT,SELL,LIMIT,1702084031897,48.2,0.687362
SUIUSDT,SELL,LIMIT,1702084209052,7214.9,0.685553
SUIUSDT,BUY,LIMIT,1702085900320,23.7,0.707908
SUIUSDT,BUY,LIMIT,1702085901360,141.8,0.708594
SUIUSDT,SELL,LIMIT,1702091220486,1000.0,0.699248
SUIUSDT,BUY,LIMIT,1702094637317,67.0,0.713244
SUIUSDT,BUY,LIMIT,1702097212156,187.5,0.714128
SUIUSDT,BUY,LIMIT,1702102356638,74.5,0.713121
SUIUSDT,BUY,LIMIT,1702102836944,203.6,0.714373
SUIUSDT,BUY,LIMIT,1702102929864,186.0,0.714909
SUIUSDT,BUY,LIMIT,1702103376622,185.7,0.717705
SUIUSDT,BUY,LIMIT,1702104875241,111.0,0.715181
SUIUSDT,BUY,LIMIT,1702105970089,1772.8,0.715887
SUIUSDT,BUY,LIMIT,1702108045960,21.2,0.716751
SUIUSDT,BUY,LIMIT,1702108054444,355.2,0.717177
SUIUSDT,BUY,LIMIT,1702108074303,71.8,0.716090
SUIUSDT,BUY,LIMIT,1702108104059,5286.2,0.717460
SUIUSDT,BUY,LIMIT,1702108293834,185.6,0.717705
SUIUSDT,BUY,LIMIT,1702108360589,449.0,0.716595
SUIUSDT,BUY,LIMIT,1702108361657,5361.8,0.717605
SUIUSDT,BUY,LIMIT,1702108366209,72.0,0.717630
SUIUSDT,BUY,LIMIT,1702108556863,1148.4,0.717149
SUIUSDT,BUY,LIMIT,1702109010082,712.5,0.716636
SUIUSDT,BUY,LIMIT,1702109108234,3259.6,0.715860
SUIUSDT,BUY,LIMIT,1702109244833,273.3,0.718521
SUIUSDT,BUY,LIMIT,1702109288034,299.2,0.718712
SUIUSDT,BUY,LIMIT,1702109514107,581.2,0.716541
SUIUSDT,BUY,LIMIT,1702109532632,40.7,0.716980
SUIUSDT,BUY,LIMIT,1702109741906,218.8,0.715762
SUIUSDT,BUY,LIMIT,1702109776269,58.1,0.717399
SUIUSDT,BUY,LIMIT,1702109787120,224.7,0.718077
SUIUSDT,BUY,LIMIT,1702109796701,18.3,0.718269
SUIUSDT,SELL,LIMIT,1702109841926,9.6,0.702768
SUIUSDT,BUY,LIMIT,1702109891929,9212.0,0.719143
SUIUSDT,BUY,LIMIT,1702110006667,548.1,0.719772
SUIUSDT,BUY,LIMIT,1702110013604,458.4,0.720038
SUIUSDT,BUY,LIMIT,1702110068448,33.2,0.720894
SUIUSDT,BUY,LIMIT,1702110077342,88.2,0.721056
SUIUSDT,BUY,LIMIT,1702110258011,2740.2,0.719659
SUIUSDT,BUY,LIMIT,1702110313054,579.7,0.719067
SUIUSDT,SELL,LIMIT,1702110883219,2820.8,0.695626
SUIUSDT,SELL,LIMIT,1702110911925,161.5,0.693666
SUIUSDT,SELL,LIMIT,1702110914686,605.6,0.692346
SUIUSDT,SELL,LIMIT,1702110926311,1129.1,0.691508
SUIUSDT,SELL,LIMIT,1702110968990,309.3,0.691314
SUIUSDT,SELL,LIMIT,1702110971741,850.5,0.689884
SUIUSDT,SELL,LIMIT,1702110977074,2233.9,0.689065
SUIUSDT,SELL,LIMIT,1702110980201,590.0,0.687973
SUIUSDT,SELL,LIMIT,1702110983257,7031.6,0.687891
SUIUSDT,SELL,LIMIT,1702110994237,3901.6,0.687365
SUIUSDT,SELL,LIMIT,1702111039405,49.8,0.685226
SUIUSDT,SELL,LIMIT,1702111041580,7000.0,0.684243
SUIUSDT,SELL,LIMIT,1702111042862,8.4,0.683748
SUIUSDT,SELL,LIMIT,1702111043906,29.0,0.682266
SUIUSDT,SELL,LIMIT,1702111045440,191.6,0.681378
SUIUSDT,SELL,LIMIT,1702111046464,14127.0,0.678318
SUIUSDT,SELL,LIMIT,1702111063567,14.1,0.697787
SUIUSDT,SELL,LIMIT,1702111378280,21989.6,0.677714
SUIUSDT,SELL,LIMIT,1702111380770,690.0,0.681230
SUIUSDT,SELL,LIMIT,1702111385196,35295.7,0.674990
SUIUSDT,SELL,LIMIT,1702111386860,7127.3,0.679385
SUIUSDT,SELL,LIMIT,1702111389152,370.5,0.678415
SUIUSDT,SELL,LIMIT,1702111390471,512.0,0.678448
SUIUSDT,BUY,LIMIT,1702113665338,89.1,0.707741
SUIUSDT,SELL,LIMIT,1702115606031,1781.4,0.686982
SUIUSDT,SELL,LIMIT,1702115627613,5060.1,0.686141
SUIUSDT,BUY,LIMIT,1702116524301,822.4,0.708709
SUIUSDT,BUY,LIMIT,1702116611076,126.4,0.709586
SUIUSDT,BUY,LIMIT,1702117158465,259.2,0.713921
SUIUSDT,SELL,LIMIT,1702121052222,368.1,0.696141
SUIUSDT,SELL,LIMIT,1702121149116,1200.0,0.693517
SUIUSDT,SELL,LIMIT,1702121161990,79.9,0.692413
SUIUSDT,BUY,LIMIT,1702123952413,14.3,0.713117
SUIUSDT,SELL,LIMIT,1702125114534,263.6,0.692407
SUIUSDT,SELL,LIMIT,1702125827093,1209.6,0.691696
SUIUSDT,SELL,LIMIT,1702127636280,733.9,0.695739
SUIUSDT,BUY,LIMIT,1702129690944,769.0,0.715672
SUIUSDT,SELL,LIMIT,1702132820166,339.8,0.698244
SUIUSDT,SELL,LIMIT,1702132859248,1427.5,0.698065
SUIUSDT,SELL,LIMIT,1702132996773,1373.9,0.693001
SUIUSDT,SELL,LIMIT,1702132999531,7119.4,0.692286
SUIUSDT,SELL,LIMIT,1702133006246,547.9,0.691648
SUIUSDT,SELL,LIMIT,1702133331371,332.7,0.689753
SUIUSDT,SELL,LIMIT,1702133378554,1031.6,0.688559
