Symbol,Side,Order Type,Time,Quantity,Price
SUPERUSDT,SELL,LIMIT,1701917608169,66,0.5890761
SUPERUSDT,SELL,LIMIT,1701917639516,217,0.5879531
SUPERUSDT,SELL,LIMIT,1701917729411,228,0.5874441
SUPERUSDT,SELL,LIMIT,1701918453759,141,0.5837520
SUPERUSDT,SELL,LIMIT,1701918516310,1358,0.5834789
SUPERUSDT,SELL,LIMIT,1701918544700,103,0.5829765
SUPERUSDT,SELL,LIMIT,1701918551225,257,0.5823703
SUPERUSDT,BUY,LIMIT,1701919096903,118,0.6077812
SUPERUSDT,BUY,LIMIT,1701919105869,3684,0.6110947
SUPERUSDT,BUY,LIMIT,1701919107044,8280,0.6092461
SUPERUSDT,BUY,LIMIT,1701919122791,8279,0.6180194
SUPERUSDT,BUY,LIMIT,1701919124271,176,0.6194728
SUPERUSDT,BUY,LIMIT,1701919125272,269,0.6237488
SUPERUSDT,BUY,LIMIT,1701919126868,1674,0.6264106
SUPERUSDT,BUY,LIMIT,1701919143134,1803,0.6310642
SUPERUSDT,BUY,LIMIT,1701919382026,97,0.6293295
SUPERUSDT,SELL,LIMIT,1701919413371,807,0.6068180
SUPERUSDT,SELL,LIMIT,1701919540902,812,0.6018081
SUPERUSDT,SELL,LIMIT,1701919740147,5031,0.5975223
SUPERUSDT,BUY,LIMIT,1701921480648,3579,0.6275582
SUPERUSDT,SELL,LIMIT,1701922369155,4804,0.6047159
SUPERUSDT,SELL,LIMIT,1701923074358,12,0.6023289
SUPERUSDT,SELL,LIMIT,1701923118942,813,0.6020767
SUPERUSDT,BUY,LIMIT,1701923816071,58,0.6218119
SUPERUSDT,BUY,LIMIT,1701924373243,1612,0.6269555
SUPERUSDT,BUY,LIMIT,1701924763061,22,0.6307610
SUPERUSDT,BUY,LIMIT,1701924812640,110,0.6336669
SUPERUSDT,BUY,LIMIT,1701924814221,1127,0.6354310
SUPERUSDT,BUY,LIMIT,1701924872255,2403,0.6366269
SUPERUSDT,BUY,LIMIT,1701927826329,921,0.6223293
SUPERUSDT,SELL,LIMIT,1701928197134,1011,0.6027119
SUPERUSDT,SELL,LIMIT,1701930743772,347,0.5980921
SUPERUSDT,SELL,LIMIT,1701930890385,9,0.5977021
SUPERUSDT,SELL,LIMIT,1701931308560,28176,0.5906794
SUPERUSDT,SELL,LIMIT,1701931587603,576,0.5910494
SUPERUSDT,SELL,LIMIT,1701931644690,104,0.5897888
SUPERUSDT,SELL,LIMIT,1701931821421,46,0.5893044
SUPERUSDT,SELL,LIMIT,1701932494291,63,0.5930686
SUPERUSDT,BUY,LIMIT,1701934674592,739,0.6166614
SUPERUSDT,BUY,LIMIT,1701934693527,41,0.6173289
SUPERUSDT,BUY,LIMIT,1701935467062,668,0.6243319
SUPERUSDT,BUY,LIMIT,1701935893323,1333,0.6279486
SUPERUSDT,BUY,LIMIT,1701936352409,173,0.6363522
SUPERUSDT,BUY,LIMIT,1701936359239,363,0.6388345
SUPERUSDT,BUY,LIMIT,1701936450256,130,0.6437694
SUPERUSDT,BUY,LIMIT,1701936506043,2251,0.6483243
SUPERUSDT,BUY,LIMIT,1701936595111,336,0.6525652
SUPERUSDT,BUY,LIMIT,1701936596992,82,0.6537499
SUPERUSDT,BUY,LIMIT,1701936599175,56,0.6562722
SUPERUSDT,SELL,LIMIT,1701936733316,7576,0.6300542
SUPERUSDT,SELL,LIMIT,1701936751714,1048,0.6273083
SUPERUSDT,SELL,LIMIT,1701936837695,1452,0.6264433
SUPERUSDT,SELL,LIMIT,1701936940544,3751,0.6256856
SUPERUSDT,SELL,LIMIT,1701936959167,4400,0.6232304
SUPERUSDT,SELL,LIMIT,1701936965363,7807,0.6218602
SUPERUSDT,SELL,LIMIT,1701936966516,2986,0.6220153
SUPERUSDT,SELL,LIMIT,1701936969439,674,0.6203580
SUPERUSDT,SELL,LIMIT,1701937199942,61,0.6251713
SUPERUSDT,SELL,LIMIT,1701937294490,511,0.6185925
SUPERUSDT,SELL,LIMIT,1701937295820,5057,0.6175261
SUPERUSDT,SELL,LIMIT,1701937396532,149,0.6152872
SUPERUSDT,SELL,LIMIT,1701937697398,714,0.6145038
SUPERUSDT,SELL,LIMIT,1701937714357,1624,0.6142858
SUPERUSDT,SELL,LIMIT,1701937812329,746,0.6116176
SUPERUSDT,SELL,LIMIT,1701937821340,865,0.6094499
SUPERUSDT,BUY,LIMIT,1701937883284,295,0.6331209
SUPERUSDT,SELL,LIMIT,1701938508172,7825,0.6078436
SUPERUSDT,SELL,LIMIT,1701938509786,314,0.6078067
SUPERUSDT,SELL,LIMIT,1701938514134,866,0.6075416
SUPERUSDT,SELL,LIMIT,1701938521999,3236,0.6073308
SUPERUSDT,SELL,LIMIT,1701938626341,16,0.6057891
SUPERUSDT,SELL,LIMIT,1701938628562,116,0.6051702
SUPERUSDT,SELL,LIMIT,1701938638234,558,0.6040352
SUPERUSDT,SELL,LIMIT,1701938639710,9275,0.6024636
SUPERUSDT,SELL,LIMIT,1701938833976,3714,0.6013505
SUPERUSDT,SELL,LIMIT,1701938840072,338,0.6010645
SUPERUSDT,SELL,LIMIT,1701938889468,73,0.5999625
SUPERUSDT,SELL,LIMIT,1701938902722,2658,0.5987349
SUPERUSDT,SELL,LIMIT,1701938911895,1327,0.5986261
SUPERUSDT,SELL,LIMIT,1701939138453,1722,0.5970786
SUPERUSDT,SELL,LIMIT,1701939187396,14636,0.5932871
SUPERUSDT,SELL,LIMIT,1701939252741,1375,0.5954160
SUPERUSDT,SELL,LIMIT,1701939277163,143,0.5949509
SUPERUSDT,SELL,LIMIT,1701939283021,307,0.5944662
SUPERUSDT,SELL,LIMIT,1701939284888,372,0.5943160
SUPERUSDT,SELL,LIMIT,1701939286699,320,0.5940626
SUPERUSDT,SELL,LIMIT,1701939365970,16,0.5937687
SUPERUSDT,SELL,LIMIT,1701939367814,3743,0.5933016
SUPERUSDT,SELL,LIMIT,1701939397197,36,0.5936450
SUPERUSDT,SELL,LIMIT,1701939425122,60,0.5931518
SUPERUSDT,SELL,LIMIT,1701939426160,576,0.5927862
SUPERUSDT,SELL,LIMIT,1701939427293,189,0.5926094
SUPERUSDT,BUY,LIMIT,1701939764224,323,0.6144561
SUPERUSDT,SELL,LIMIT,1701939976075,1422,0.5934626
SUPERUSDT,SELL,LIMIT,1701940026122,17,0.5918380
SUPERUSDT,SELL,LIMIT,1701940412526,642,0.5915353
SUPERUSDT,SELL,LIMIT,1701940415608,74,0.5893930
SUPERUSDT,SELL,LIMIT,1701940430295,6184,0.5899166
SUPERUSDT,SELL,LIMIT,1701940513112,1224,0.5885196
SUPERUSDT,SELL,LIMIT,1701940517560,9,0.5881201
SUPERUSDT,SELL,LIMIT,1701940556170,3005,0.5872202
SUPERUSDT,SELL,LIMIT,1701940562264,57,0.5871958
SUPERUSDT,SELL,LIMIT,1701940565157,1004,0.5866661
SUPERUSDT,SELL,LIMIT,1701940568899,173,0.5859044
SUPERUSDT,SELL,LIMIT,1701940571439,204,0.5849433
SUPERUSDT,SELL,LIMIT,1701940577642,9,0.5851795
SUPERUSDT,SELL,LIMIT,1701940986076,67,0.5837163
SUPERUSDT,SELL,LIMIT,1701941104853,4667,0.5832405
SUPERUSDT,SELL,LIMIT,1701941107291,241,0.5831649
SUPERUSDT,SELL,LIMIT,1701941155408,22901,0.5784046
SUPERUSDT,SELL,LIMIT,1701941157067,133,0.5808805
SUPERUSDT,SELL,LIMIT,1701941158095,652,0.5806318
SUPERUSDT,SELL,LIMIT,1701941159282,95,0.5805638
SUPERUSDT,SELL,LIMIT,1701941182145,12272,0.5779552
SUPERUSDT,SELL,LIMIT,1701941184373,924,0.5793475
SUPERUSDT,SELL,LIMIT,1701941187407,293,0.5790250
SUPERUSDT,SELL,LIMIT,1701941188931,505,0.5788941
SUPERUSDT,SELL,LIMIT,1701941190102,416,0.5950110
SUPERUSDT,SELL,LIMIT,1701941216870,7198,0.5781201
SUPERUSDT,SELL,LIMIT,1701941218065,6007,0.5777295
SUPERUSDT,SELL,LIMIT,1701941225670,150,0.5778011
SUPERUSDT,SELL,LIMIT,1701941234195,56,0.5776864
SUPERUSDT,SELL,LIMIT,1701941236524,102,0.5789895
SUPERUSDT,SELL,LIMIT,1701941247114,160,0.5762441
SUPERUSDT,SELL,LIMIT,1701941249784,1000,0.5761281
SUPERUSDT,BUY,LIMIT,1701941321333,932,0.5971467
SUPERUSDT,BUY,LIMIT,1701941659053,9,0.6045550
SUPERUSDT,BUY,LIMIT,1701942864905,71,0.6135799
SUPERUSDT,BUY,LIMIT,1701943288709,10,0.6179531
SUPERUSDT,BUY,LIMIT,1701943328379,169,0.6196099
SUPERUSDT,SELL,LIMIT,1701943506259,4207,0.5943010
SUPERUSDT,SELL,LIMIT,1701943634255,732,0.5900232
SUPERUSDT,SELL,LIMIT,1701943664233,34,0.5881201
SUPERUSDT,SELL,LIMIT,1701944462393,20,0.5873573
SUPERUSDT,SELL,LIMIT,1701944463655,5005,0.5869792
SUPERUSDT,BUY,LIMIT,1701944799295,9,0.6060471
SUPERUSDT,SELL,LIMIT,1701945970747,25,0.5857664
SUPERUSDT,SELL,LIMIT,1701945972438,231,0.5856559
SUPERUSDT,SELL,LIMIT,1701946486324,4914,0.5848575
SUPERUSDT,SELL,LIMIT,1701948802528,568,0.5838855
SUPERUSDT,SELL,LIMIT,1701948804040,2900,0.5837126
SUPERUSDT,SELL,LIMIT,1701948841117,26,0.5830007
SUPERUSDT,SELL,LIMIT,1701948885127,2329,0.5827790
SUPERUSDT,SELL,LIMIT,1701948933170,4446,0.5826036
SUPERUSDT,BUY,LIMIT,1701952280088,129,0.6133892
SUPERUSDT,BUY,LIMIT,1701952290456,4166,0.6149096
SUPERUSDT,SELL,LIMIT,1701952609107,247,0.5914701
SUPERUSDT,BUY,LIMIT,1701953359860,126,0.6164978
SUPERUSDT,BUY,LIMIT,1701953976590,1,0.6202160
SUPERUSDT,BUY,LIMIT,1701953987910,24,0.6211602
SUPERUSDT,BUY,LIMIT,1701954007647,249,0.6220287
SUPERUSDT,BUY,LIMIT,1701954021939,1027,0.6223947
SUPERUSDT,BUY,LIMIT,1701954023086,36,0.6235851
SUPERUSDT,BUY,LIMIT,1701954152907,9314,0.6265330
SUPERUSDT,BUY,LIMIT,1701954155895,63,0.6259126
SUPERUSDT,BUY,LIMIT,1701954161389,9,0.6264594
SUPERUSDT,BUY,LIMIT,1701954170569,3377,0.6268072
SUPERUSDT,BUY,LIMIT,1701954715016,2121,0.6292758
SUPERUSDT,BUY,LIMIT,1701954737259,33,0.6286646
SUPERUSDT,BUY,LIMIT,1701954747561,11,0.6296626
SUPERUSDT,SELL,LIMIT,1701955474354,815,0.6044265
SUPERUSDT,SELL,LIMIT,1701955475402,176,0.6040002
SUPERUSDT,SELL,LIMIT,1701955907980,38,0.6017667
SUPERUSDT,BUY,LIMIT,1701955968835,200,0.6230507
SUPERUSDT,SELL,LIMIT,1701956657419,160,0.6025148
SUPERUSDT,SELL,LIMIT,1701956710472,300,0.5996958
SUPERUSDT,BUY,LIMIT,1701959756906,3486,0.6244280
SUPERUSDT,SELL,LIMIT,1701961505374,1023,0.6032374
SUPERUSDT,SELL,LIMIT,1701961518308,194,0.6018878
SUPERUSDT,SELL,LIMIT,1701961622784,788,0.5993043
SUPERUSDT,BUY,LIMIT,1701962686690,1,0.6216210
SUPERUSDT,BUY,LIMIT,1701962793199,46,0.6231399
SUPERUSDT,BUY,LIMIT,1701963090389,41,0.6302487
SUPERUSDT,BUY,LIMIT,1701963796476,963,0.6256047
SUPERUSDT,SELL,LIMIT,1701963951516,137,0.6085421
SUPERUSDT,SELL,LIMIT,1701964342263,19,0.6054287
SUPERUSDT,SELL,LIMIT,1701964478709,3682,0.6030178
SUPERUSDT,SELL,LIMIT,1701967028898,251,0.5937783
SUPERUSDT,SELL,LIMIT,1701967512979,3840,0.5917251
SUPERUSDT,SELL,LIMIT,1701967873823,151,0.5893447
SUPERUSDT,BUY,LIMIT,1701968240562,320,0.6037875
SUPERUSDT,SELL,LIMIT,1701968619915,1886,0.5876885
SUPERUSDT,SELL,LIMIT,1701970285062,1000,0.5928399
SUPERUSDT,BUY,LIMIT,1701970312711,51,0.6094060
SUPERUSDT,SELL,LIMIT,1701970754537,1120,0.5876204
SUPERUSDT,SELL,LIMIT,1701970785387,83,0.5869912
SUPERUSDT,SELL,LIMIT,1701970786576,1300,0.5864787
SUPERUSDT,SELL,LIMIT,1701971001477,1875,0.5852162
SUPERUSDT,SELL,LIMIT,1701971009370,9,0.5848445
SUPERUSDT,SELL,LIMIT,1701971034923,12,0.5842361
SUPERUSDT,SELL,LIMIT,1701976165809,394,0.5831747
SUPERUSDT,SELL,LIMIT,1701976200175,197,0.5814898
SUPERUSDT,BUY,LIMIT,1701979751662,419,0.6042986
SUPERUSDT,SELL,LIMIT,1701980545127,672,0.5825795
SUPERUSDT,SELL,LIMIT,1701981163053,169,0.5804421
SUPERUSDT,SELL,LIMIT,1701981203271,28,0.5797357
SUPERUSDT,SELL,LIMIT,1701981205323,1091,0.5793403
SUPERUSDT,SELL,LIMIT,1701981255559,219,0.5787966
SUPERUSDT,SELL,LIMIT,1701981335617,165,0.5780966
SUPERUSDT,SELL,LIMIT,1701981400364,31,0.5763730
SUPERUSDT,SELL,LIMIT,1701981428624,72,0.5757855
SUPERUSDT,SELL,LIMIT,1701981430841,832,0.5757621
SUPERUSDT,SELL,LIMIT,1701981442052,852,0.5714902
SUPERUSDT,SELL,LIMIT,1701981443054,504,0.5716035
SUPERUSDT,SELL,LIMIT,1701981444340,356,0.5707643
SUPERUSDT,SELL,LIMIT,1701981605249,263,0.5701520
SUPERUSDT,SELL,LIMIT,1701981623847,423,0.5693069
SUPERUSDT,BUY,LIMIT,1701981729062,232,0.5915467
SUPERUSDT,BUY,LIMIT,1701981776796,4,0.5940347
SUPERUSDT,BUY,LIMIT,1701982697567,577,0.5933196
SUPERUSDT,BUY,LIMIT,1701982721425,3117,0.5936525
SUPERUSDT,BUY,LIMIT,1701983894293,1379,0.5955868
SUPERUSDT,SELL,LIMIT,1701983997053,634,0.5713963
SUPERUSDT,SELL,LIMIT,1701987073415,101,0.5692258
SUPERUSDT,SELL,LIMIT,1701987354213,217,0.5690323
SUPERUSDT,SELL,LIMIT,1701987358758,295,0.5686045
SUPERUSDT,SELL,LIMIT,1701987401279,70,0.5677319
SUPERUSDT,SELL,LIMIT,1701987410924,539,0.5672040
SUPERUSDT,SELL,LIMIT,1701987419781,1512,0.5668424
SUPERUSDT,SELL,LIMIT,1701987678053,12017,0.5639268
SUPERUSDT,SELL,LIMIT,1701987679187,799,0.5664669
SUPERUSDT,SELL,LIMIT,1701987680872,8664,0.5652303
SUPERUSDT,SELL,LIMIT,1701987686941,422,0.5647367
SUPERUSDT,SELL,LIMIT,1701987689774,2445,0.5645205
SUPERUSDT,SELL,LIMIT,1701988425850,8677,0.5646881
SUPERUSDT,SELL,LIMIT,1701988427362,6290,0.5640111
SUPERUSDT,SELL,LIMIT,1701988429749,134,0.5637075
SUPERUSDT,SELL,LIMIT,1701988433247,160,0.5629808
SUPERUSDT,SELL,LIMIT,1701988435191,200,0.5629208
SUPERUSDT,SELL,LIMIT,1701988459915,72,0.5636517
SUPERUSDT,SELL,LIMIT,1701988555395,955,0.5624793
SUPERUSDT,SELL,LIMIT,1701988556509,126,0.5613030
SUPERUSDT,SELL,LIMIT,1701988557879,3022,0.5600863
SUPERUSDT,SELL,LIMIT,1701988559126,541,0.5592876
SUPERUSDT,SELL,LIMIT,1701988560268,8918,0.5592898
SUPERUSDT,SELL,LIMIT,1701988562321,1344,0.5591731
SUPERUSDT,SELL,LIMIT,1701988563366,7278,0.5591257
SUPERUSDT,SELL,LIMIT,1701988795613,3869,0.5590269
SUPERUSDT,SELL,LIMIT,1701990769484,82,0.5585798
SUPERUSDT,SELL,LIMIT,1701991036469,101,0.5585936
SUPERUSDT,SELL,LIMIT,1701992206440,402,0.5576457
SUPERUSDT,BUY,LIMIT,1701993668128,3179,0.5811494
SUPERUSDT,SELL,LIMIT,1701994131626,4339,0.5613127
SUPERUSDT,BUY,LIMIT,1701995372114,1093,0.5827789
SUPERUSDT,BUY,LIMIT,1701995410152,1342,0.5833342
SUPERUSDT,SELL,LIMIT,1701997708146,134,0.5622828
SUPERUSDT,SELL,LIMIT,1701997736202,260,0.5623442
SUPERUSDT,SELL,LIMIT,1701998498183,345,0.5633527
SUPERUSDT,SELL,LIMIT,1702002077735,130,0.5620645
SUPERUSDT,SELL,LIMIT,1702002695208,488,0.5610424
SUPERUSDT,SELL,LIMIT,1702002710146,83,0.5604758
SUPERUSDT,SELL,LIMIT,1702002720753,401,0.5600683
SUPERUSDT,SELL,LIMIT,1702002728380,50,0.5614207
SUPERUSDT,SELL,LIMIT,1702002742328,12,0.5594936
SUPERUSDT,SELL,LIMIT,1702002907944,595,0.5595931
SUPERUSDT,SELL,LIMIT,1702002924009,66,0.5575192
SUPERUSDT,SELL,LIMIT,1702002934307,789,0.5565005
SUPERUSDT,SELL,LIMIT,1702003272060,103,0.5565251
SUPERUSDT,SELL,LIMIT,1702003709567,150,0.5561082
SUPERUSDT,SELL,LIMIT,1702003721229,855,0.5554728
SUPERUSDT,SELL,LIMIT,1702003722358,278,0.5551461
SUPERUSDT,SELL,LIMIT,1702003723737,311,0.5550729
SUPERUSDT,SELL,LIMIT,1702003725202,617,0.5543581
SUPERUSDT,SELL,LIMIT,1702003726429,11,0.5541465
SUPERUSDT,BUY,LIMIT,1702004124130,29,0.5763214
SUPERUSDT,SELL,LIMIT,1702010199808,1129,0.5595311
SUPERUSDT,SELL,LIMIT,1702010237953,856,0.5594454
SUPERUSDT,BUY,LIMIT,1702010327917,4,0.5758790
SUPERUSDT,BUY,LIMIT,1702013373442,324,0.5787530
SUPERUSDT,BUY,LIMIT,1702013730653,52,0.5824147
SUPERUSDT,BUY,LIMIT,1702014077898,5358,0.5855488
SUPERUSDT,BUY,LIMIT,1702014456181,82,0.5885820
SUPERUSDT,BUY,LIMIT,1702014657276,9,0.5903240
SUPERUSDT,BUY,LIMIT,1702014981440,79,0.5910622
SUPERUSDT,BUY,LIMIT,1702015010009,205,0.5943505
SUPERUSDT,SELL,LIMIT,1702015233297,213,0.5721242
SUPERUSDT,BUY,LIMIT,1702016234401,119,0.5854645
SUPERUSDT,SELL,LIMIT,1702016885097,4530,0.5669505
SUPERUSDT,SELL,LIMIT,1702017079872,107,0.5660277
SUPERUSDT,SELL,LIMIT,1702019161552,2547,0.5594955
SUPERUSDT,SELL,LIMIT,1702020420812,900,0.5589567
SUPERUSDT,SELL,LIMIT,1702020631858,148,0.5574261
SUPERUSDT,SELL,LIMIT,1702020640219,1802,0.5571061
SUPERUSDT,SELL,LIMIT,1702020644409,55,0.5565618
SUPERUSDT,SELL,LIMIT,1702022133406,4917,0.5587404
SUPERUSDT,BUY,LIMIT,1702024469120,263,0.5807586
SUPERUSDT,BUY,LIMIT,1702025411632,377,0.5822174
SUPERUSDT,SELL,LIMIT,1702028195645,765,0.5645244
SUPERUSDT,SELL,LIMIT,1702029250306,7724,0.5614501
SUPERUSDT,SELL,LIMIT,1702029252283,10,0.5613051
SUPERUSDT,BUY,LIMIT,1702032255635,9,0.5816111
SUPERUSDT,BUY,LIMIT,1702032588341,23,0.5837565
SUPERUSDT,BUY,LIMIT,1702033871379,1764,0.5886633
SUPERUSDT,BUY,LIMIT,1702035709209,2730,0.5898523
SUPERUSDT,BUY,LIMIT,1702035712989,1872,0.5921978
SUPERUSDT,BUY,LIMIT,1702035736875,422,0.5940843
SUPERUSDT,SELL,LIMIT,1702036989407,14,0.5690443
SUPERUSDT,SELL,LIMIT,1702037074754,9,0.5683451
SUPERUSDT,BUY,LIMIT,1702039725416,748,0.5959293
SUPERUSDT,BUY,LIMIT,1702039940290,35,0.6006329
SUPERUSDT,BUY,LIMIT,1702040732855,343,0.6016309
SUPERUSDT,BUY,LIMIT,1702040865590,171,0.6051925
SUPERUSDT,SELL,LIMIT,1702041027387,55,0.5846358
SUPERUSDT,SELL,LIMIT,1702041615433,2181,0.5803294
SUPERUSDT,BUY,LIMIT,1702042070156,11,0.6037333
SUPERUSDT,SELL,LIMIT,1702042267440,1181,0.5783931
SUPERUSDT,BUY,LIMIT,1702042996648,27,0.6075555
SUPERUSDT,BUY,LIMIT,1702043233111,4624,0.6094039
SUPERUSDT,BUY,LIMIT,1702043262002,352,0.6102580
SUPERUSDT,BUY,LIMIT,1702043620475,66,0.6099668
SUPERUSDT,BUY,LIMIT,1702043625201,3602,0.6103562
SUPERUSDT,BUY,LIMIT,1702043903782,1252,0.6126998
SUPERUSDT,BUY,LIMIT,1702043905349,494,0.6141540
SUPERUSDT,BUY,LIMIT,1702043907141,10156,0.6162460
SUPERUSDT,BUY,LIMIT,1702043912632,34,0.6172278
SUPERUSDT,SELL,LIMIT,1702045276362,356,0.5878120
SUPERUSDT,SELL,LIMIT,1702045836457,347,0.5805674
SUPERUSDT,SELL,LIMIT,1702047218411,285,0.5898530
SUPERUSDT,BUY,LIMIT,1702047816183,214,0.6124633
SUPERUSDT,SELL,LIMIT,1702049248166,18,0.5926746
SUPERUSDT,SELL,LIMIT,1702049342505,83,0.5900320
SUPERUSDT,SELL,LIMIT,1702049446464,1114,0.5876581
SUPERUSDT,BUY,LIMIT,1702050379916,257,0.6181432
SUPERUSDT,BUY,LIMIT,1702050464596,13,0.6202274
SUPERUSDT,BUY,LIMIT,1702050524359,4482,0.6213649
SUPERUSDT,SELL,LIMIT,1702050732243,294,0.5998624
SUPERUSDT,BUY,LIMIT,1702051499061,493,0.6230468
SUPERUSDT,SELL,LIMIT,1702052031310,10,0.6000884
SUPERUSDT,BUY,LIMIT,1702053228444,10,0.6081880
SUPERUSDT,SELL,LIMIT,1702054855081,1377,0.5881779
SUPERUSDT,BUY,LIMIT,1702056239652,1108,0.6078256
SUPERUSDT,BUY,LIMIT,1702057491416,58,0.6208254
SUPERUSDT,BUY,LIMIT,1702057840241,1115,0.6214533
SUPERUSDT,BUY,LIMIT,1702058041398,165,0.6236297
SUPERUSDT,SELL,LIMIT,1702058196976,36,0.6028881
SUPERUSDT,BUY,LIMIT,1702058310630,1750,0.6250439
SUPERUSDT,BUY,LIMIT,1702058332650,521,0.6256588
SUPERUSDT,SELL,LIMIT,1702058685031,52,0.6036952
SUPERUSDT,SELL,LIMIT,1702058991354,2841,0.6052095
SUPERUSDT,BUY,LIMIT,1702059318282,186,0.6273665
SUPERUSDT,BUY,LIMIT,1702059334252,9,0.6274595
SUPERUSDT,BUY,LIMIT,1702059349684,1341,0.6292691
SUPERUSDT,BUY,LIMIT,1702059351428,2142,0.6304070
SUPERUSDT,BUY,LIMIT,1702059354204,2588,0.6306137
SUPERUSDT,BUY,LIMIT,1702059355628,130,0.6309521
SUPERUSDT,BUY,LIMIT,1702059640279,653,0.6325221
SUPERUSDT,BUY,LIMIT,1702059736159,10415,0.6360242
SUPERUSDT,BUY,LIMIT,1702059741775,232,0.6346307
SUPERUSDT,BUY,LIMIT,1702060235152,226,0.6398760
SUPERUSDT,BUY,LIMIT,1702060237429,1210,0.6403119
SUPERUSDT,BUY,LIMIT,1702060238814,66,0.6405582
SUPERUSDT,BUY,LIMIT,1702060240156,1571,0.6419733
SUPERUSDT,BUY,LIMIT,1702060241265,610,0.6425034
SUPERUSDT,BUY,LIMIT,1702060243456,2075,0.6434224
SUPERUSDT,SELL,LIMIT,1702060484139,4812,0.6188930
SUPERUSDT,BUY,LIMIT,1702060663832,251,0.6419662
SUPERUSDT,BUY,LIMIT,1702060733633,1434,0.6428422
SUPERUSDT,BUY,LIMIT,1702060773140,3257,0.6445772
SUPERUSDT,BUY,LIMIT,1702060775535,171,0.6465833
SUPERUSDT,BUY,LIMIT,1702060776886,2531,0.6470655
SUPERUSDT,BUY,LIMIT,1702060871069,1085,0.6507480
SUPERUSDT,BUY,LIMIT,1702060872274,4453,0.6513627
SUPERUSDT,BUY,LIMIT,1702060885145,804,0.6525192
SUPERUSDT,BUY,LIMIT,1702060896133,7050,0.6535641
SUPERUSDT,BUY,LIMIT,1702060968304,269,0.6554089
SUPERUSDT,BUY,LIMIT,1702060971386,426,0.6564607
SUPERUSDT,SELL,LIMIT,1702061001261,96,0.6346278
SUPERUSDT,BUY,LIMIT,1702061064307,359,0.6586611
SUPERUSDT,SELL,LIMIT,1702061204367,1269,0.6300694
SUPERUSDT,SELL,LIMIT,1702061205852,60,0.6267303
SUPERUSDT,SELL,LIMIT,1702061545773,1000,0.6264634
SUPERUSDT,BUY,LIMIT,1702062099217,1232,0.6539633
SUPERUSDT,SELL,LIMIT,1702062190345,1000,0.6296943
SUPERUSDT,SELL,LIMIT,1702062462810,468,0.6214366
SUPERUSDT,BUY,LIMIT,1702062573376,45,0.6421984
SUPERUSDT,SELL,LIMIT,1702063686747,74,0.6204586
SUPERUSDT,SELL,LIMIT,1702063884341,6929,0.6159557
SUPERUSDT,SELL,LIMIT,1702063887062,45,0.6155199
SUPERUSDT,SELL,LIMIT,1702063918286,1252,0.6146967
SUPERUSDT,SELL,LIMIT,1702063919437,1993,0.6144875
SUPERUSDT,SELL,LIMIT,1702064109085,56,0.6123172
SUPERUSDT,SELL,LIMIT,1702064489234,97,0.6113617
SUPERUSDT,SELL,LIMIT,1702064919913,469,0.6092847
SUPERUSDT,BUY,LIMIT,1702065135642,679,0.6310838
SUPERUSDT,SELL,LIMIT,1702065285602,3,0.6089855
SUPERUSDT,SELL,LIMIT,1702065316467,464,0.6084061
SUPERUSDT,SELL,LIMIT,1702065326545,177,0.6080221
SUPERUSDT,SELL,LIMIT,1702065333065,160,0.6078121
SUPERUSDT,SELL,LIMIT,1702065681107,220,0.6068803
SUPERUSDT,SELL,LIMIT,1702065797670,3521,0.6058736
SUPERUSDT,BUY,LIMIT,1702068862399,161,0.6340704
SUPERUSDT,SELL,LIMIT,1702069499556,738,0.6139576
SUPERUSDT,SELL,LIMIT,1702069519216,810,0.6133281
SUPERUSDT,SELL,LIMIT,1702069526123,792,0.6131245
SUPERUSDT,SELL,LIMIT,1702069527503,8015,0.6120765
SUPERUSDT,SELL,LIMIT,1702072019007,140,0.6036359
SUPERUSDT,SELL,LIMIT,1702072350439,509,0.6030868
SUPERUSDT,SELL,LIMIT,1702072354226,279,0.6029062
SUPERUSDT,SELL,LIMIT,1702072380683,248,0.6027168
SUPERUSDT,SELL,LIMIT,1702072499041,71,0.6024170
SUPERUSDT,SELL,LIMIT,1702072706010,261,0.6019216
SUPERUSDT,BUY,LIMIT,1702073183604,8052,0.6228289
SUPERUSDT,SELL,LIMIT,1702080089148,1562,0.6062943
SUPERUSDT,SELL,LIMIT,1702080091939,639,0.6058427
SUPERUSDT,SELL,LIMIT,1702081410891,331,0.6023117
SUPERUSDT,BUY,LIMIT,1702081737842,2112,0.6261535
SUPERUSDT,BUY,LIMIT,1702082047744,426,0.6245164
SUPERUSDT,SELL,LIMIT,1702083748433,1617,0.6022865
SUPERUSDT,SELL,LIMIT,1702083761121,8142,0.6001266
SUPERUSDT,SELL,LIMIT,1702083762462,16,0.5983426
SUPERUSDT,SELL,LIMIT,1702083764046,68,0.5980229
SUPERUSDT,SELL,LIMIT,1702083864313,2655,0.5964655
SUPERUSDT,SELL,LIMIT,1702083866227,1252,0.5957474
SUPERUSDT,SELL,LIMIT,1702083867462,8,0.5957132
SUPERUSDT,SELL,LIMIT,1702083868476,97,0.5946568
SUPERUSDT,SELL,LIMIT,1702083888181,1530,0.5932254
SUPERUSDT,SELL,LIMIT,1702083898794,2249,0.5927102
SUPERUSDT,SELL,LIMIT,1702084106587,3201,0.5925006
SUPERUSDT,SELL,LIMIT,1702087873017,350,0.6033959
SUPERUSDT,BUY,LIMIT,1702091254838,7777,0.6288304
SUPERUSDT,BUY,LIMIT,1702092579072,13,0.6297230
SUPERUSDT,BUY,LIMIT,1702092590443,173,0.6302480
SUPERUSDT,SELL,LIMIT,1702094572284,59,0.6131894
SUPERUSDT,BUY,LIMIT,1702098680209,90,0.6369318
SUPERUSDT,BUY,LIMIT,1702098715179,188,0.6373048
SUPERUSDT,BUY,LIMIT,1702099148228,120,0.6416233
SUPERUSDT,BUY,LIMIT,1702099186788,107,0.6423250
SUPERUSDT,SELL,LIMIT,1702099283654,456,0.6204661
SUPERUSDT,BUY,LIMIT,1702099528012,700,0.6437958
SUPERUSDT,BUY,LIMIT,1702099633181,941,0.6488384
SUPERUSDT,BUY,LIMIT,1702099652389,29,0.6491295
SUPERUSDT,BUY,LIMIT,1702099684053,475,0.6560083
SUPERUSDT,BUY,LIMIT,1702099693112,457,0.6576941
SUPERUSDT,BUY,LIMIT,1702099695699,446,0.6576264
SUPERUSDT,BUY,LIMIT,1702099705326,162,0.6583370
SUPERUSDT,BUY,LIMIT,1702099785627,2903,0.6607807
SUPERUSDT,BUY,LIMIT,1702099811831,32,0.6623856
SUPERUSDT,BUY,LIMIT,1702099838261,289,0.6627734
SUPERUSDT,BUY,LIMIT,1702099883370,219,0.6653535
SUPERUSDT,BUY,LIMIT,1702099891005,1329,0.6667990
SUPERUSDT,BUY,LIMIT,1702099894858,502,0.6676456
SUPERUSDT,BUY,LIMIT,1702099898518,20,0.6684398
SUPERUSDT,BUY,LIMIT,1702099941798,58,0.6700941
SUPERUSDT,SELL,LIMIT,1702099969693,13,0.6469408
SUPERUSDT,SELL,LIMIT,1702099974519,1510,0.6461687
SUPERUSDT,SELL,LIMIT,1702099985282,21,0.6447715
SUPERUSDT,SELL,LIMIT,1702099988621,160,0.6415487
SUPERUSDT,SELL,LIMIT,1702100136125,5,0.6428068
SUPERUSDT,SELL,LIMIT,1702100192279,1965,0.6406318
SUPERUSDT,SELL,LIMIT,1702100232069,2380,0.6382084
SUPERUSDT,SELL,LIMIT,1702100233350,763,0.6379247
SUPERUSDT,SELL,LIMIT,1702100234376,837,0.6371058
SUPERUSDT,SELL,LIMIT,1702100366564,1546,0.6335334
SUPERUSDT,BUY,LIMIT,1702101205731,6301,0.6660430
SUPERUSDT,BUY,LIMIT,1702101707384,2443,0.6679572
SUPERUSDT,BUY,LIMIT,1702101740422,554,0.6711054
SUPERUSDT,SELL,LIMIT,1702101817783,38,0.6474243
SUPERUSDT,SELL,LIMIT,1702101969863,861,0.6402762
SUPERUSDT,SELL,LIMIT,1702102406787,309,0.6375353
SUPERUSDT,BUY,LIMIT,1702102640742,12,0.6571696
SUPERUSDT,BUY,LIMIT,1702102900727,1043,0.6579620
SUPERUSDT,SELL,LIMIT,1702103114919,112,0.6399126
SUPERUSDT,SELL,LIMIT,1702103191300,173,0.6365662
SUPERUSDT,SELL,LIMIT,1702103327901,711,0.6346145
SUPERUSDT,SELL,LIMIT,1702103470074,16,0.6319756
SUPERUSDT,SELL,LIMIT,1702103476087,790,0.6311525
SUPERUSDT,SELL,LIMIT,1702103484497,157,0.6290701
SUPERUSDT,BUY,LIMIT,1702103513329,410,0.6500311
SUPERUSDT,SELL,LIMIT,1702104436009,777,0.6274730
SUPERUSDT,SELL,LIMIT,1702104439416,100,0.6273281
SUPERUSDT,SELL,LIMIT,1702104458903,44,0.6266881
SUPERUSDT,SELL,LIMIT,1702105498240,82,0.6260494
SUPERUSDT,BUY,LIMIT,1702106356672,116,0.6520601
SUPERUSDT,BUY,LIMIT,1702106386316,56,0.6521889
SUPERUSDT,BUY,LIMIT,1702106865557,326,0.6581945
SUPERUSDT,SELL,LIMIT,1702107974308,240,0.6362041
SUPERUSDT,SELL,LIMIT,1702107982523,337,0.6332223
SUPERUSDT,SELL,LIMIT,1702107986888,771,0.6325263
SUPERUSDT,SELL,LIMIT,1702108043133,7719,0.6317484
SUPERUSDT,SELL,LIMIT,1702108101284,2008,0.6288700
SUPERUSDT,BUY,LIMIT,1702108361657,3361,0.6512240
SUPERUSDT,SELL,LIMIT,1702108672982,10,0.6283713
SUPERUSDT,BUY,LIMIT,1702109244834,100,0.6486865
SUPERUSDT,BUY,LIMIT,1702109247961,43,0.6486864
SUPERUSDT,BUY,LIMIT,1702109780749,17,0.6485850
SUPERUSDT,BUY,LIMIT,1702109891517,263,0.6487354
SUPERUSDT,SELL,LIMIT,1702110878491,1165,0.6268722
SUPERUSDT,SELL,LIMIT,1702110880237,673,0.6261492
SUPERUSDT,SELL,LIMIT,1702110881889,245,0.6242601
SUPERUSDT,SELL,LIMIT,1702110906019,63,0.6215589
SUPERUSDT,SELL,LIMIT,1702110907112,1475,0.6207146
SUPERUSDT,SELL,LIMIT,1702110908400,109,0.6199500
SUPERUSDT,SELL,LIMIT,1702110910508,1326,0.6192314
SUPERUSDT,SELL,LIMIT,1702110913163,1204,0.6184080
SUPERUSDT,SELL,LIMIT,1702110922507,838,0.6161731
SUPERUSDT,SELL,LIMIT,1702110927406,331,0.6160335
SUPERUSDT,SELL,LIMIT,1702110970061,9,0.6200396
SUPERUSDT,SELL,LIMIT,1702111029135,19,0.6161446
SUPERUSDT,SELL,LIMIT,1702111033078,12,0.6153030
SUPERUSDT,SELL,LIMIT,1702111034306,455,0.6149925
SUPERUSDT,SELL,LIMIT,1702111036086,3750,0.6141797
SUPERUSDT,SELL,LIMIT,1702111038032,434,0.6141525
SUPERUSDT,SELL,LIMIT,1702111039199,2143,0.6129828
SUPERUSDT,SELL,LIMIT,1702111044777,71,0.6121574
SUPERUSDT,SELL,LIMIT,1702111072622,799,0.6119452
SUPERUSDT,SELL,LIMIT,1702111204229,123,0.6131428
SUPERUSDT,SELL,LIMIT,1702111372453,991,0.6112592
SUPERUSDT,SELL,LIMIT,1702111377298,741,0.6101018
SUPERUSDT,SELL,LIMIT,1702111378470,343,0.6093973
SUPERUSDT,SELL,LIMIT,1702111380592,623,0.6090009
SUPERUSDT,SELL,LIMIT,1702111382482,1917,0.6077457
SUPERUSDT,SELL,LIMIT,1702111383583,6949,0.6078367
SUPERUSDT,SELL,LIMIT,1702111390427,142,0.6067019
SUPERUSDT,SELL,LIMIT,1702112340263,404,0.6160483
SUPERUSDT,SELL,LIMIT,1702114847171,2543,0.6135946
SUPERUSDT,SELL,LIMIT,1702116358455,108,0.6084970
SUPERUSDT,BUY,LIMIT,1702117105169,151,0.6315330
SUPERUSDT,SELL,LIMIT,1702121325449,8056,0.6080589
SUPERUSDT,SELL,LIMIT,1702121347319,95,0.6073670
SUPERUSDT,SELL,LIMIT,1702125027888,70,0.6094523
SUPERUSDT,BUY,LIMIT,1702125035592,675,0.6265950
SUPERUSDT,SELL,LIMIT,1702125897430,479,0.6135688
SUPERUSDT,BUY,LIMIT,1702126055038,88,0.6374115
SUPERUSDT,BUY,LIMIT,1702126486287,208,0.6416581
SUPERUSDT,BUY,LIMIT,1702126488827,31,0.6427899
SUPERUSDT,BUY,LIMIT,1702126584491,513,0.6471454
SUPERUSDT,BUY,LIMIT,1702126626982,29,0.6505316
SUPERUSDT,BUY,LIMIT,1702127908076,1,0.6482350
SUPERUSDT,SELL,LIMIT,1702128659637,686,0.6343570
SUPERUSDT,SELL,LIMIT,1702128938227,416,0.6342460
SUPERUSDT,SELL,LIMIT,1702128940470,498,0.6342072
SUPERUSDT,BUY,LIMIT,1702129178314,11,0.6582338
SUPERUSDT,BUY,LIMIT,1702129188181,9,0.6589758
SUPERUSDT,SELL,LIMIT,1702130587503,2662,0.6379477
SUPERUSDT,SELL,LIMIT,1702132317045,2001,0.6252298
SUPERUSDT,SELL,LIMIT,1702132318090,783,0.6225966
SUPERUSDT,SELL,LIMIT,1702132466448,7729,0.6203707
SUPERUSDT,SELL,LIMIT,1702132581639,157,0.6196580
SUPERUSDT,SELL,LIMIT,1702132598182,3936,0.6177704
SUPERUSDT,SELL,LIMIT,1702132786435,224,0.6167973
SUPERUSDT,SELL,LIMIT,1702132825697,13,0.6150681
SUPERUSDT,SELL,LIMIT,1702132999530,4642,0.6140585
SUPERUSDT,SELL,LIMIT,1702133002254,313,0.6158548
SUPERUSDT,SELL,LIMIT,1702133003699,8,0.6134839
SUPERUSDT,SELL,LIMIT,1702133005555,4114,0.6127095
SUPERUSDT,SELL,LIMIT,1702133021751,10,0.6129385
SUPERUSDT,SELL,LIMIT,1702133344423,23,0.6135531
SUPERUSDT,SELL,LIMIT,1702134057043,3130,0.6168207
SUPERUSDT,SELL,LIMIT,1702137034798,30,0.6244680
SUPERUSDT,SELL,LIMIT,1702137957601,231,0.6174262
SUPERUSDT,SELL,LIMIT,1702139009996,53,0.6147196
SUPERUSDT,SELL,LIMIT,1702139022228,3640,0.6143941
SUPERUSDT,SELL,LIMIT,1702139165185,2021,0.6141315
SUPERUSDT,SELL,LIMIT,1702139256001,151,0.6118527
SUPERUSDT,SELL,LIMIT,1702139276301,491,0.6102601
SUPERUSDT,SELL,LIMIT,1702139279386,9,0.6093211
SUPERUSDT,SELL,LIMIT,1702139293108,7475,0.6116395
SUPERUSDT,SELL,LIMIT,1702139299033,163,0.6081596
SUPERUSDT,SELL,LIMIT,1702141214309,1673,0.6112805
SUPERUSDT,SELL,LIMIT,1702141563363,216,0.6073587
SUPERUSDT,SELL,LIMIT,1702141565304,17,0.6073076
SUPERUSDT,SELL,LIMIT,1702141658245,34,0.6074292
SUPERUSDT,SELL,LIMIT,1702141662488,45,0.6072450
SUPERUSDT,SELL,LIMIT,1702141668030,1251,0.6067204
SUPERUSDT,SELL,LIMIT,1702141847412,306,0.6059297
SUPERUSDT,SELL,LIMIT,1702141852148,400,0.6054031
SUPERUSDT,SELL,LIMIT,1702141853151,3116,0.6039373
SUPERUSDT,SELL,LIMIT,1702141855527,161,0.6035817
SUPERUSDT,BUY,LIMIT,1702141887450,741,0.6245828
SUPERUSDT,BUY,LIMIT,1702144632190,47,0.6322380
SUPERUSDT,SELL,LIMIT,1702144810916,10,0.6109548
SUPERUSDT,SELL,LIMIT,1702146174929,156,0.6129581
SUPERUSDT,BUY,LIMIT,1702146693326,13,0.6342747
SUPERUSDT,SELL,LIMIT,1702151545766,2251,0.6208513
SUPERUSDT,SELL,LIMIT,1702151624932,903,0.6195055
SUPERUSDT,BUY,LIMIT,1702151858793,402,0.6449355
SUPERUSDT,SELL,LIMIT,1702152513131,425,0.6223718
SUPERUSDT,SELL,LIMIT,1702152886123,98,0.6204516
SUPERUSDT,SELL,LIMIT,1702152887978,85,0.6203433
SUPERUSDT,BUY,LIMIT,1702153648115,81,0.6403634
SUPERUSDT,BUY,LIMIT,1702154223471,161,0.6426908
SUPERUSDT,SELL,LIMIT,1702155832031,255,0.6204292
SUPERUSDT,SELL,LIMIT,1702162310530,318,0.6155748
SUPERUSDT,SELL,LIMIT,1702162364246,3001,0.6149776
SUPERUSDT,SELL,LIMIT,1702162451979,5058,0.6122948
SUPERUSDT,SELL,LIMIT,1702164116064,3750,0.6034111
SUPERUSDT,SELL,LIMIT,1702164149969,845,0.6030701
SUPERUSDT,SELL,LIMIT,1702164160208,490,0.6027126
SUPERUSDT,SELL,LIMIT,1702164168122,221,0.6024647
SUPERUSDT,SELL,LIMIT,1702164210914,7998,0.6024261
SUPERUSDT,SELL,LIMIT,1702164268226,3588,0.6019354
SUPERUSDT,SELL,LIMIT,1702164271533,4805,0.6015933
SUPERUSDT,SELL,LIMIT,1702164409433,2044,0.6004385
SUPERUSDT,SELL,LIMIT,1702164410736,103,0.5994462
SUPERUSDT,SELL,LIMIT,1702164413538,334,0.5992380
SUPERUSDT,SELL,LIMIT,1702164545235,62,0.5985925
SUPERUSDT,SELL,LIMIT,1702164546999,98,0.5984343
SUPERUSDT,SELL,LIMIT,1702164676149,2247,0.5969004
SUPERUSDT,SELL,LIMIT,1702164684328,597,0.5958385
SUPERUSDT,SELL,LIMIT,1702164685395,739,0.5958635
SUPERUSDT,SELL,LIMIT,1702164701585,22878,0.5913959
SUPERUSDT,SELL,LIMIT,1702164745253,3231,0.5947921
SUPERUSDT,SELL,LIMIT,1702164747348,320,0.5947428
SUPERUSDT,SELL,LIMIT,1702164748358,762,0.5938566
SUPERUSDT,SELL,LIMIT,1702164751231,767,0.5937581
SUPERUSDT,SELL,LIMIT,1702164752355,346,0.5935611
SUPERUSDT,SELL,LIMIT,1702164767195,801,0.5927668
SUPERUSDT,SELL,LIMIT,1702164798447,24,0.5930686
SUPERUSDT,SELL,LIMIT,1702164801574,1260,0.5927731
SUPERUSDT,SELL,LIMIT,1702164802936,159,0.5928716
SUPERUSDT,SELL,LIMIT,1702164804641,166,0.5924232
SUPERUSDT,SELL,LIMIT,1702164806548,781,0.5922234
SUPERUSDT,SELL,LIMIT,1702164809576,220,0.5921731
SUPERUSDT,SELL,LIMIT,1702164811610,51,0.5922094
SUPERUSDT,SELL,LIMIT,1702164844121,391,0.5921692
SUPERUSDT,SELL,LIMIT,1702164866062,161,0.5918057
SUPERUSDT,SELL,LIMIT,1702164867284,2264,0.5916238
SUPERUSDT,SELL,LIMIT,1702164935350,16,0.5910245
SUPERUSDT,SELL,LIMIT,1702164937315,27,0.5883762
SUPERUSDT,BUY,LIMIT,1702171375352,2034,0.6266671
SUPERUSDT,BUY,LIMIT,1702171409454,440,0.6270770
SUPERUSDT,BUY,LIMIT,1702174959844,13,0.6297221
SUPERUSDT,BUY,LIMIT,1702179455199,1769,0.6474726
SUPERUSDT,SELL,LIMIT,1702181334340,782,0.6255341
SUPERUSDT,SELL,LIMIT,1702181335816,8,0.6250902
SUPERUSDT,BUY,LIMIT,1702181918143,327,0.6497530
SUPERUSDT,BUY,LIMIT,1702181979293,220,0.6502284
SUPERUSDT,BUY,LIMIT,1702182126372,33,0.6532794
SUPERUSDT,BUY,LIMIT,1702182652158,33,0.6602282
SUPERUSDT,BUY,LIMIT,1702183230375,25,0.6618548
SUPERUSDT,BUY,LIMIT,1702183232653,81,0.6620303
SUPERUSDT,BUY,LIMIT,1702183243190,19,0.6622907
SUPERUSDT,BUY,LIMIT,1702183325499,5649,0.6632596
SUPERUSDT,BUY,LIMIT,1702183596556,1633,0.6636168
SUPERUSDT,BUY,LIMIT,1702183752976,169,0.6647556
SUPERUSDT,BUY,LIMIT,1702183913281,427,0.6667430
SUPERUSDT,BUY,LIMIT,1702184184253,850,0.6687378
SUPERUSDT,SELL,LIMIT,1702184254201,144,0.6437601
SUPERUSDT,SELL,LIMIT,1702184449045,5588,0.6428447
SUPERUSDT,SELL,LIMIT,1702184469811,173,0.6421021
SUPERUSDT,SELL,LIMIT,1702184914304,1413,0.6375433
SUPERUSDT,SELL,LIMIT,1702185032329,91,0.6373860
SUPERUSDT,BUY,LIMIT,1702185109234,386,0.6599204
SUPERUSDT,SELL,LIMIT,1702185310802,10,0.6364121
SUPERUSDT,SELL,LIMIT,1702185317059,411,0.6359600
SUPERUSDT,BUY,LIMIT,1702185507240,17,0.6577814
SUPERUSDT,SELL,LIMIT,1702187119229,150,0.6292671
SUPERUSDT,SELL,LIMIT,1702187122324,33,0.6287441
SUPERUSDT,SELL,LIMIT,1702187362622,53,0.6242815
SUPERUSDT,SELL,LIMIT,1702187580542,262,0.6210233
SUPERUSDT,SELL,LIMIT,1702188535726,6107,0.6177992
SUPERUSDT,SELL,LIMIT,1702188610023,3824,0.6178906
SUPERUSDT,SELL,LIMIT,1702188644516,396,0.6175261
SUPERUSDT,SELL,LIMIT,1702188702529,6,0.6169351
SUPERUSDT,SELL,LIMIT,1702188733647,1196,0.6165916
SUPERUSDT,SELL,LIMIT,1702191837131,1027,0.6099121
SUPERUSDT,SELL,LIMIT,1702192903888,16,0.6081220
SUPERUSDT,SELL,LIMIT,1702193973321,15,0.6049871
SUPERUSDT,BUY,LIMIT,1702197205917,39,0.6314601
SUPERUSDT,BUY,LIMIT,1702197640284,10,0.6321915
SUPERUSDT,BUY,LIMIT,1702197648389,31,0.6333628
SUPERUSDT,BUY,LIMIT,1702200729404,7,0.6388959
SUPERUSDT,SELL,LIMIT,1702200860001,130,0.6196636
SUPERUSDT,SELL,LIMIT,1702200947933,445,0.6172321
SUPERUSDT,BUY,LIMIT,1702201004432,1214,0.6441247
SUPERUSDT,BUY,LIMIT,1702201011398,2147,0.6452435
SUPERUSDT,BUY,LIMIT,1702201148617,105,0.6481525
SUPERUSDT,BUY,LIMIT,1702201175821,269,0.6487928
SUPERUSDT,BUY,LIMIT,1702201280674,47,0.6485850
SUPERUSDT,SELL,LIMIT,1702201952300,75,0.6273876
SUPERUSDT,SELL,LIMIT,1702201955725,1956,0.6261475
SUPERUSDT,SELL,LIMIT,1702202065850,314,0.6237458
SUPERUSDT,BUY,LIMIT,1702202202671,1281,0.6513320
SUPERUSDT,BUY,LIMIT,1702202207314,77,0.6528324
SUPERUSDT,SELL,LIMIT,1702202259475,3059,0.6293679
SUPERUSDT,SELL,LIMIT,1702202373555,468,0.6259676
SUPERUSDT,BUY,LIMIT,1702202744850,157,0.6536977
SUPERUSDT,BUY,LIMIT,1702202748532,4849,0.6559847
SUPERUSDT,SELL,LIMIT,1702203233743,18,0.6336014
SUPERUSDT,SELL,LIMIT,1702204323762,17,0.6322291
SUPERUSDT,SELL,LIMIT,1702204704739,235,0.6304291
SUPERUSDT,SELL,LIMIT,1702205405395,35,0.6237984
SUPERUSDT,SELL,LIMIT,1702205407326,370,0.6230944
SUPERUSDT,SELL,LIMIT,1702205425293,256,0.6222131
SUPERUSDT,SELL,LIMIT,1702207479302,7693,0.6203951
SUPERUSDT,SELL,LIMIT,1702207489454,4274,0.6200984
SUPERUSDT,SELL,LIMIT,1702207507274,188,0.6183796
SUPERUSDT,SELL,LIMIT,1702207642202,13488,0.6129434
SUPERUSDT,SELL,LIMIT,1702207826019,9291,0.6134174
SUPERUSDT,SELL,LIMIT,1702207838636,6798,0.6119130
SUPERUSDT,SELL,LIMIT,1702208122443,1918,0.6090157
SUPERUSDT,SELL,LIMIT,1702208173977,9,0.6083860
SUPERUSDT,BUY,LIMIT,1702212490177,648,0.6404972
SUPERUSDT,BUY,LIMIT,1702212780749,1489,0.6413438
SUPERUSDT,SELL,LIMIT,1702213079973,232,0.6184991
SUPERUSDT,SELL,LIMIT,1702213117597,266,0.6171157
SUPERUSDT,SELL,LIMIT,1702214812194,282,0.6081161
SUPERUSDT,BUY,LIMIT,1702217283901,443,0.6367216
SUPERUSDT,BUY,LIMIT,1702217732610,162,0.6335938
SUPERUSDT,SELL,LIMIT,1702225189102,130,0.6096673
SUPERUSDT,SELL,LIMIT,1702226818776,2178,0.6138694
SUPERUSDT,SELL,LIMIT,1702228865456,159,0.6055399
SUPERUSDT,SELL,LIMIT,1702229054793,5234,0.6036751
SUPERUSDT,SELL,LIMIT,1702229214360,1825,0.6018806
SUPERUSDT,SELL,LIMIT,1702229231228,8045,0.6010370
SUPERUSDT,SELL,LIMIT,1702229233448,103,0.6004274
SUPERUSDT,SELL,LIMIT,1702229235152,1424,0.6002001
SUPERUSDT,BUY,LIMIT,1702232820775,161,0.6322760
SUPERUSDT,BUY,LIMIT,1702232934129,642,0.6348889
SUPERUSDT,BUY,LIMIT,1702232962331,17,0.6355930
SUPERUSDT,BUY,LIMIT,1702239877109,717,0.6345312
SUPERUSDT,BUY,LIMIT,1702240568126,7446,0.6358199
SUPERUSDT,BUY,LIMIT,1702240742023,24,0.6367095
SUPERUSDT,SELL,LIMIT,1702243687414,360,0.6120936
SUPERUSDT,SELL,LIMIT,1702244368398,1066,0.6091686
SUPERUSDT,SELL,LIMIT,1702250149654,1197,0.6041030
SUPERUSDT,BUY,LIMIT,1702253834533,9,0.6207843
SUPERUSDT,SELL,LIMIT,1702255604402,3243,0.5989988
SUPERUSDT,SELL,LIMIT,1702255605562,95,0.5985339
SUPERUSDT,SELL,LIMIT,1702255607311,1775,0.5975794
SUPERUSDT,SELL,LIMIT,1702256564385,22147,0.5937716
SUPERUSDT,SELL,LIMIT,1702256567089,10,0.5969135
SUPERUSDT,SELL,LIMIT,1702256984831,4392,0.5949067
SUPERUSDT,SELL,LIMIT,1702256987200,4006,0.5945246
SUPERUSDT,SELL,LIMIT,1702256995026,506,0.5938419
SUPERUSDT,SELL,LIMIT,1702257006084,32,0.5934799
SUPERUSDT,SELL,LIMIT,1702257009370,157,0.5929868
SUPERUSDT,BUY,LIMIT,1702257759097,300,0.6250239
SUPERUSDT,BUY,LIMIT,1702259082211,2672,0.6282050
SUPERUSDT,BUY,LIMIT,1702259253180,20,0.6323520
SUPERUSDT,SELL,LIMIT,1702260279916,836,0.6134659
SUPERUSDT,SELL,LIMIT,1702260436094,1460,0.6062979
SUPERUSDT,SELL,LIMIT,1702260627617,205,0.6034203
SUPERUSDT,SELL,LIMIT,1702260630157,7120,0.6027216
SUPERUSDT,SELL,LIMIT,1702260632019,65,0.6020321
SUPERUSDT,SELL,LIMIT,1702260657511,387,0.6010279
SUPERUSDT,SELL,LIMIT,1702260667813,1993,0.6015396
SUPERUSDT,SELL,LIMIT,1702260689245,3545,0.6015217
SUPERUSDT,SELL,LIMIT,1702260695923,321,0.6018054
SUPERUSDT,SELL,LIMIT,1702260699437,197,0.5985361
SUPERUSDT,SELL,LIMIT,1702260701316,78,0.5977966
SUPERUSDT,SELL,LIMIT,1702260708211,8023,0.5972056
SUPERUSDT,SELL,LIMIT,1702260711376,1050,0.5964176
SUPERUSDT,SELL,LIMIT,1702260713005,96,0.5963191
SUPERUSDT,SELL,LIMIT,1702260714511,14986,0.5925290
SUPERUSDT,SELL,LIMIT,1702260718879,58,0.5928593
SUPERUSDT,SELL,LIMIT,1702260719960,3167,0.5920122
SUPERUSDT,SELL,LIMIT,1702260721205,164,0.5919468
SUPERUSDT,SELL,LIMIT,1702260722706,4775,0.5947457
SUPERUSDT,SELL,LIMIT,1702260723975,5903,0.5921293
SUPERUSDT,BUY,LIMIT,1702260725655,349,0.6085399
SUPERUSDT,SELL,LIMIT,1702260726761,290,0.5907395
SUPERUSDT,SELL,LIMIT,1702260728120,4204,0.5901403
SUPERUSDT,SELL,LIMIT,1702260729421,321,0.5898945
SUPERUSDT,SELL,LIMIT,1702260731020,39000,0.5837265
SUPERUSDT,SELL,LIMIT,1702260732118,192,0.5884182
SUPERUSDT,SELL,LIMIT,1702260733346,1308,0.5879767
SUPERUSDT,SELL,LIMIT,1702260734439,10,0.5876583
SUPERUSDT,SELL,LIMIT,1702260735473,7352,0.5863892
SUPERUSDT,SELL,LIMIT,1702260736636,176,0.5832953
SUPERUSDT,SELL,LIMIT,1702260738825,3167,0.5816835
SUPERUSDT,SELL,LIMIT,1702260741067,89,0.5823626
SUPERUSDT,SELL,LIMIT,1702260742112,8256,0.5846733
SUPERUSDT,SELL,LIMIT,1702260743146,83,0.5804850
SUPERUSDT,SELL,LIMIT,1702260744553,305,0.5823553
SUPERUSDT,SELL,LIMIT,1702260745849,9,0.5783494
SUPERUSDT,SELL,LIMIT,1702260746920,12,0.5783495
SUPERUSDT,SELL,LIMIT,1702260748079,126,0.5776741
SUPERUSDT,SELL,LIMIT,1702260749237,330,0.5743960
SUPERUSDT,SELL,LIMIT,1702260750266,488,0.5793667
SUPERUSDT,SELL,LIMIT,1702260751632,3041,0.5704516
SUPERUSDT,SELL,LIMIT,1702260752684,502,0.5704262
SUPERUSDT,SELL,LIMIT,1702260753993,62,0.5697827
SUPERUSDT,SELL,LIMIT,1702260755472,308,0.5695918
SUPERUSDT,SELL,LIMIT,1702260757641,2294,0.5687379
SUPERUSDT,SELL,LIMIT,1702260758764,239,0.5689714
SUPERUSDT,SELL,LIMIT,1702260760005,1,0.5679691
SUPERUSDT,SELL,LIMIT,1702260761119,48,0.5695157
SUPERUSDT,SELL,LIMIT,1702260762199,1197,0.5638390
SUPERUSDT,SELL,LIMIT,1702260763445,317,0.5658519
SUPERUSDT,SELL,LIMIT,1702260764685,800,0.5618292
SUPERUSDT,SELL,LIMIT,1702260765748,168,0.5618008
SUPERUSDT,SELL,LIMIT,1702260766828,161,0.5631660
SUPERUSDT,SELL,LIMIT,1702260768057,3522,0.5616865
SUPERUSDT,SELL,LIMIT,1702260769565,120,0.5586096
SUPERUSDT,SELL,LIMIT,1702260771415,319,0.6917115
SUPERUSDT,SELL,LIMIT,1702260772421,355,0.5595920
SUPERUSDT,SELL,LIMIT,1702260773484,3161,0.5574034
SUPERUSDT,SELL,LIMIT,1702260774470,70,0.5541001
SUPERUSDT,SELL,LIMIT,1702260775542,248,0.5541001
SUPERUSDT,SELL,LIMIT,1702260776979,19,0.5539619
SUPERUSDT,SELL,LIMIT,1702260778159,2000,0.5516852
SUPERUSDT,SELL,LIMIT,1702260779200,2388,0.5530021
SUPERUSDT,SELL,LIMIT,1702260780271,17,0.5513230
SUPERUSDT,SELL,LIMIT,1702260781286,162,0.5511875
SUPERUSDT,SELL,LIMIT,1702260782407,4911,0.5497828
SUPERUSDT,SELL,LIMIT,1702260783467,400,0.5662491
SUPERUSDT,SELL,LIMIT,1702260784574,1022,0.5465782
SUPERUSDT,SELL,LIMIT,1702260785686,246,0.5439842
SUPERUSDT,SELL,LIMIT,1702260786770,1617,0.5438712
SUPERUSDT,SELL,LIMIT,1702260787795,1169,0.5431502
SUPERUSDT,SELL,LIMIT,1702260788882,5855,0.5427803
SUPERUSDT,SELL,LIMIT,1702260789999,299,0.5424357
SUPERUSDT,SELL,LIMIT,1702260791075,2875,0.5401201
SUPERUSDT,SELL,LIMIT,1702260792299,1222,0.5394038
SUPERUSDT,SELL,LIMIT,1702260793374,352,0.5383191
SUPERUSDT,SELL,LIMIT,1702260794411,536,0.5357542
SUPERUSDT,SELL,LIMIT,1702260795418,1436,0.5382357
SUPERUSDT,SELL,LIMIT,1702260797230,2571,0.5346913
SUPERUSDT,SELL,LIMIT,1702260798275,238,0.5313226
SUPERUSDT,SELL,LIMIT,1702260799321,2927,0.5296482
SUPERUSDT,SELL,LIMIT,1702260800390,3208,0.5300332
SUPERUSDT,SELL,LIMIT,1702260801410,1573,0.5273880
SUPERUSDT,SELL,LIMIT,1702260802615,9,0.5273879
SUPERUSDT,SELL,LIMIT,1702260803618,3402,0.5270634
SUPERUSDT,SELL,LIMIT,1702260804679,106,0.5246057
SUPERUSDT,SELL,LIMIT,1702260805823,497,0.5206819
SUPERUSDT,SELL,LIMIT,1702260806852,7686,0.5202136
SUPERUSDT,SELL,LIMIT,1702260807904,9,0.5193464
SUPERUSDT,SELL,LIMIT,1702260808925,63,0.5193464
SUPERUSDT,SELL,LIMIT,1702260809980,24081,0.5133520
SUPERUSDT,SELL,LIMIT,1702260811206,16,0.5119888
SUPERUSDT,SELL,LIMIT,1702260812303,274,0.5556485
SUPERUSDT,SELL,LIMIT,1702260814408,274,0.5125059
SUPERUSDT,SELL,LIMIT,1702260815485,412,0.5125059
SUPERUSDT,SELL,LIMIT,1702260816595,4910,0.5110537
SUPERUSDT,SELL,LIMIT,1702260817633,49,0.5107670
SUPERUSDT,SELL,LIMIT,1702260819204,203,0.5095395
SUPERUSDT,SELL,LIMIT,1702260820575,4556,0.5078806
SUPERUSDT,SELL,LIMIT,1702260823255,2707,0.5068487
SUPERUSDT,SELL,LIMIT,1702260824430,883,0.5072093
SUPERUSDT,SELL,LIMIT,1702260826204,1926,0.5044282
SUPERUSDT,BUY,LIMIT,1702260840393,111,0.5288636
SUPERUSDT,BUY,LIMIT,1702260845286,3437,0.5309755
SUPERUSDT,BUY,LIMIT,1702260947263,73,0.5709671
SUPERUSDT,SELL,LIMIT,1702260948874,48,0.5536710
SUPERUSDT,BUY,LIMIT,1702260955459,348,0.5708230
SUPERUSDT,SELL,LIMIT,1702260984106,309,0.5497924
SUPERUSDT,SELL,LIMIT,1702262851622,229,0.5554048
SUPERUSDT,BUY,LIMIT,1702264899076,476,0.5839049
SUPERUSDT,SELL,LIMIT,1702265067601,64,0.5649874
SUPERUSDT,SELL,LIMIT,1702266718822,186,0.5736775
