Symbol,Side,Order Type,Time,Quantity,Price
SUPERUSDT,SELL,LIMIT,1701065397582,820,0.3777558
SUPERUSDT,SELL,LIMIT,1701065399621,64,0.3776788
SUPERUSDT,SELL,LIMIT,1701065401311,1848,0.3767054
SUPERUSDT,SELL,LIMIT,1701065403674,560,0.3763889
SUPERUSDT,BUY,LIMIT,1701065479951,13078,0.3893054
SUPERUSDT,BUY,LIMIT,1701065699230,1662,0.3932238
SUPERUSDT,SELL,LIMIT,1701066439537,1535,0.3818403
SUPERUSDT,SELL,LIMIT,1701066955958,316,0.3773771
SUPERUSDT,SELL,LIMIT,1701066965676,2822,0.3758168
SUPERUSDT,SELL,LIMIT,1701066969016,132,0.3753433
SUPERUSDT,SELL,LIMIT,1701066974271,2186,0.3751178
SUPERUSDT,SELL,LIMIT,1701066978905,2981,0.3751413
SUPERUSDT,SELL,LIMIT,1701066983083,7335,0.3743371
SUPERUSDT,SELL,LIMIT,1701066984293,1152,0.3742389
SUPERUSDT,SELL,LIMIT,1701066985401,122,0.3740749
SUPERUSDT,SELL,LIMIT,1701066987118,166,0.3730680
SUPERUSDT,BUY,LIMIT,1701067091689,803,0.3863717
SUPERUSDT,SELL,LIMIT,1701067256121,13922,0.3760628
SUPERUSDT,SELL,LIMIT,1701067258748,162,0.3730704
SUPERUSDT,SELL,LIMIT,1701067261697,34,0.3729467
SUPERUSDT,SELL,LIMIT,1701067271524,1748,0.3733151
SUPERUSDT,SELL,LIMIT,1701067684130,979,0.3736106
SUPERUSDT,BUY,LIMIT,1701067696200,1108,0.3857115
SUPERUSDT,SELL,LIMIT,1701067748377,1686,0.3744415
SUPERUSDT,SELL,LIMIT,1701067750166,69,0.6137024
SUPERUSDT,SELL,LIMIT,1701067751207,500,0.3752234
SUPERUSDT,SELL,LIMIT,1701067773188,3797,0.3723807
SUPERUSDT,SELL,LIMIT,1701067785986,81,0.3723722
SUPERUSDT,SELL,LIMIT,1701067795891,254,0.3722356
SUPERUSDT,SELL,LIMIT,1701067807110,950,0.3715247
SUPERUSDT,SELL,LIMIT,1701067808338,2077,0.3715694
SUPERUSDT,SELL,LIMIT,1701067812724,499,0.3716794
SUPERUSDT,SELL,LIMIT,1701067814808,54,0.3730809
SUPERUSDT,SELL,LIMIT,1701067839127,1831,0.3708678
SUPERUSDT,SELL,LIMIT,1701067840159,52,0.3705821
SUPERUSDT,SELL,LIMIT,1701067841410,2008,0.3703451
SUPERUSDT,SELL,LIMIT,1701067842536,1802,0.3701981
SUPERUSDT,SELL,LIMIT,1701067843551,262,0.3699869
SUPERUSDT,SELL,LIMIT,1701067854222,7066,0.3694978
SUPERUSDT,SELL,LIMIT,1701067856208,166,0.3692314
SUPERUSDT,SELL,LIMIT,1701067858391,263,0.3690946
SUPERUSDT,SELL,LIMIT,1701067865668,55,0.3688639
SUPERUSDT,BUY,LIMIT,1701067889503,56,0.3823752
SUPERUSDT,BUY,LIMIT,1701068020904,30,0.3815469
SUPERUSDT,SELL,LIMIT,1701068032653,986,0.3684903
SUPERUSDT,SELL,LIMIT,1701068038074,249,0.3683354
SUPERUSDT,SELL,LIMIT,1701068039495,42118,0.3652781
SUPERUSDT,SELL,LIMIT,1701068044611,517,0.3673768
SUPERUSDT,SELL,LIMIT,1701068045762,2941,0.3671440
SUPERUSDT,SELL,LIMIT,1701068089198,61,0.3674014
SUPERUSDT,SELL,LIMIT,1701068092816,12616,0.3670111
SUPERUSDT,SELL,LIMIT,1701068097572,39,0.3666718
SUPERUSDT,SELL,LIMIT,1701068099786,71,0.3656370
SUPERUSDT,SELL,LIMIT,1701068101122,6748,0.3652809
SUPERUSDT,SELL,LIMIT,1701068167280,6435,0.3651722
SUPERUSDT,SELL,LIMIT,1701068181269,1116,0.3646942
SUPERUSDT,SELL,LIMIT,1701068191152,1039,0.3644009
SUPERUSDT,SELL,LIMIT,1701068193593,4441,0.3639939
SUPERUSDT,SELL,LIMIT,1701068199319,13353,0.3639427
SUPERUSDT,SELL,LIMIT,1701068203227,2288,0.3635803
SUPERUSDT,SELL,LIMIT,1701068204490,28,0.3637928
SUPERUSDT,SELL,LIMIT,1701068227748,562,0.3629682
SUPERUSDT,BUY,LIMIT,1701068244180,7865,0.3778100
SUPERUSDT,SELL,LIMIT,1701068285373,33,0.3635906
SUPERUSDT,SELL,LIMIT,1701068287114,807,0.3634548
SUPERUSDT,SELL,LIMIT,1701068347585,35,0.3636303
SUPERUSDT,SELL,LIMIT,1701068371618,132,0.3626677
SUPERUSDT,SELL,LIMIT,1701068384305,42,0.3623133
SUPERUSDT,SELL,LIMIT,1701068387422,24,0.3622076
SUPERUSDT,SELL,LIMIT,1701068396128,13,0.3620164
SUPERUSDT,SELL,LIMIT,1701068399267,1157,0.3617631
SUPERUSDT,SELL,LIMIT,1701068401119,688,0.3616891
SUPERUSDT,SELL,LIMIT,1701068404487,1195,0.3616743
SUPERUSDT,SELL,LIMIT,1701068594866,805,0.3653267
SUPERUSDT,SELL,LIMIT,1701068649079,176,0.3628572
SUPERUSDT,SELL,LIMIT,1701068654685,22,0.3623674
SUPERUSDT,SELL,LIMIT,1701068930530,769,0.3629781
SUPERUSDT,SELL,LIMIT,1701068966287,365,0.3622671
SUPERUSDT,SELL,LIMIT,1701068996147,563,0.3624636
SUPERUSDT,BUY,LIMIT,1701069013049,113,0.3740352
SUPERUSDT,BUY,LIMIT,1701069078732,2326,0.3759092
SUPERUSDT,SELL,LIMIT,1701069169521,83,0.3627941
SUPERUSDT,SELL,LIMIT,1701069193899,775,0.3619620
SUPERUSDT,SELL,LIMIT,1701069199266,4056,0.3615191
SUPERUSDT,SELL,LIMIT,1701069200278,4500,0.3609476
SUPERUSDT,SELL,LIMIT,1701069201347,6369,0.3600832
SUPERUSDT,SELL,LIMIT,1701069202888,227,0.3598455
SUPERUSDT,SELL,LIMIT,1701069204173,4955,0.3587928
SUPERUSDT,BUY,LIMIT,1701069211156,13724,0.3709866
SUPERUSDT,BUY,LIMIT,1701069219085,49,0.3724154
SUPERUSDT,SELL,LIMIT,1701069285633,161,0.3600687
SUPERUSDT,SELL,LIMIT,1701069290132,659,0.3581248
SUPERUSDT,SELL,LIMIT,1701069291484,1283,0.3581634
SUPERUSDT,SELL,LIMIT,1701069292823,825,0.3577920
SUPERUSDT,SELL,LIMIT,1701069294052,311,0.3574626
SUPERUSDT,SELL,LIMIT,1701069295180,2310,0.3573822
SUPERUSDT,SELL,LIMIT,1701069297507,535,0.3564225
SUPERUSDT,SELL,LIMIT,1701069298665,192,0.3559373
SUPERUSDT,BUY,LIMIT,1701069311391,1365,0.3737210
SUPERUSDT,BUY,LIMIT,1701069430137,956,0.3737487
SUPERUSDT,SELL,LIMIT,1701069512967,115,0.3602146
SUPERUSDT,SELL,LIMIT,1701069522899,683,0.3599191
SUPERUSDT,SELL,LIMIT,1701069535151,1340,0.3595990
SUPERUSDT,SELL,LIMIT,1701069552179,2811,0.3591558
SUPERUSDT,SELL,LIMIT,1701069555243,1566,0.3593088
SUPERUSDT,SELL,LIMIT,1701069606014,20,0.3588054
SUPERUSDT,SELL,LIMIT,1701069612567,4392,0.3573766
SUPERUSDT,SELL,LIMIT,1701069615126,583,0.3572101
SUPERUSDT,SELL,LIMIT,1701069628458,13691,0.3564707
SUPERUSDT,SELL,LIMIT,1701069634900,837,0.3557482
SUPERUSDT,SELL,LIMIT,1701069637329,462,0.3554272
SUPERUSDT,SELL,LIMIT,1701069638586,12431,0.3553647
SUPERUSDT,SELL,LIMIT,1701069643552,161,0.3553048
SUPERUSDT,SELL,LIMIT,1701069644973,490,0.3552860
SUPERUSDT,SELL,LIMIT,1701069648069,118518,0.3480002
SUPERUSDT,SELL,LIMIT,1701069650101,322,0.3532884
SUPERUSDT,SELL,LIMIT,1701069651109,72,0.3546122
SUPERUSDT,SELL,LIMIT,1701069652178,350,0.3527149
SUPERUSDT,SELL,LIMIT,1701069655664,371,0.3516210
SUPERUSDT,SELL,LIMIT,1701069797990,6723,0.3546395
SUPERUSDT,SELL,LIMIT,1701069806634,137,0.3546233
SUPERUSDT,SELL,LIMIT,1701069901836,1154,0.3524829
SUPERUSDT,SELL,LIMIT,1701069955363,179,0.3515910
SUPERUSDT,SELL,LIMIT,1701069957405,120,0.3511704
SUPERUSDT,SELL,LIMIT,1701069968395,129,0.3509727
SUPERUSDT,BUY,LIMIT,1701070036828,9613,0.3643504
SUPERUSDT,SELL,LIMIT,1701070168359,30,0.3516871
SUPERUSDT,SELL,LIMIT,1701070171227,11862,0.3507150
SUPERUSDT,SELL,LIMIT,1701070173724,10296,0.3504235
SUPERUSDT,SELL,LIMIT,1701070177023,540,0.3500562
SUPERUSDT,SELL,LIMIT,1701070196862,1294,0.3497664
SUPERUSDT,BUY,LIMIT,1701070214774,14060,0.3625658
SUPERUSDT,SELL,LIMIT,1701070389240,3703,0.3518415
SUPERUSDT,SELL,LIMIT,1701070394154,433,0.3509355
SUPERUSDT,SELL,LIMIT,1701070578888,111,0.3503961
SUPERUSDT,SELL,LIMIT,1701070586997,943,0.3500095
SUPERUSDT,SELL,LIMIT,1701070596064,7746,0.3495224
SUPERUSDT,SELL,LIMIT,1701070597523,34,0.3494876
SUPERUSDT,SELL,LIMIT,1701070599225,736,0.3493999
SUPERUSDT,SELL,LIMIT,1701070604301,4047,0.3492512
SUPERUSDT,SELL,LIMIT,1701070605350,2485,0.3480671
SUPERUSDT,SELL,LIMIT,1701070606358,7595,0.3486674
SUPERUSDT,SELL,LIMIT,1701070742860,8726,0.3495643
SUPERUSDT,SELL,LIMIT,1701070801098,45,0.3493090
SUPERUSDT,BUY,LIMIT,1701070927046,14040,0.3632395
SUPERUSDT,BUY,LIMIT,1701070930205,841,0.3637626
SUPERUSDT,BUY,LIMIT,1701070934025,1945,0.3648844
SUPERUSDT,BUY,LIMIT,1701071007574,3996,0.3658176
SUPERUSDT,BUY,LIMIT,1701071060493,197,0.3678010
SUPERUSDT,BUY,LIMIT,1701071062627,210,0.3685179
SUPERUSDT,BUY,LIMIT,1701071068792,3264,0.3690506
SUPERUSDT,SELL,LIMIT,1701071202213,549,0.3568084
SUPERUSDT,SELL,LIMIT,1701071226035,4425,0.3558998
SUPERUSDT,BUY,LIMIT,1701071268896,3180,0.3676763
SUPERUSDT,BUY,LIMIT,1701071315981,534,0.3681500
SUPERUSDT,BUY,LIMIT,1701071430501,741,0.3712091
SUPERUSDT,SELL,LIMIT,1701071575624,13653,0.3584030
SUPERUSDT,SELL,LIMIT,1701071587839,3490,0.3575746
SUPERUSDT,SELL,LIMIT,1701071589521,720,0.3570834
SUPERUSDT,SELL,LIMIT,1701071592956,1298,0.3567929
SUPERUSDT,SELL,LIMIT,1701071625944,5737,0.3550191
SUPERUSDT,BUY,LIMIT,1701071736110,15,0.3677327
SUPERUSDT,BUY,LIMIT,1701071737653,300,0.3680621
SUPERUSDT,BUY,LIMIT,1701072120728,6928,0.3671200
SUPERUSDT,SELL,LIMIT,1701072330489,423,0.3544926
SUPERUSDT,SELL,LIMIT,1701072361086,1120,0.3528721
SUPERUSDT,SELL,LIMIT,1701072363011,5836,0.3526754
SUPERUSDT,SELL,LIMIT,1701072366559,871,0.3515295
SUPERUSDT,BUY,LIMIT,1701072483188,268,0.3664083
SUPERUSDT,BUY,LIMIT,1701072596196,1733,0.3677232
SUPERUSDT,BUY,LIMIT,1701072598925,175,0.3682978
SUPERUSDT,SELL,LIMIT,1701072864114,274,0.3564904
SUPERUSDT,SELL,LIMIT,1701072868150,452,0.3554393
SUPERUSDT,SELL,LIMIT,1701073487215,13805,0.3547890
SUPERUSDT,SELL,LIMIT,1701073511479,1087,0.3537407
SUPERUSDT,SELL,LIMIT,1701073934113,1090,0.3516451
SUPERUSDT,SELL,LIMIT,1701073959596,120,0.3510929
SUPERUSDT,SELL,LIMIT,1701073961422,484,0.3498071
SUPERUSDT,SELL,LIMIT,1701073963161,466,0.3486857
SUPERUSDT,SELL,LIMIT,1701073965104,2411,0.3478932
SUPERUSDT,SELL,LIMIT,1701073967003,567,0.3477843
SUPERUSDT,SELL,LIMIT,1701073969063,414,0.3471463
SUPERUSDT,SELL,LIMIT,1701073970107,389,0.3472693
SUPERUSDT,SELL,LIMIT,1701073971139,181,0.3460551
SUPERUSDT,SELL,LIMIT,1701073972472,45,0.3452124
SUPERUSDT,BUY,LIMIT,1701074305053,222,0.3594889
SUPERUSDT,SELL,LIMIT,1701074475145,139,0.3477949
SUPERUSDT,SELL,LIMIT,1701074479513,2145,0.3472652
SUPERUSDT,SELL,LIMIT,1701074618668,381,0.3464246
SUPERUSDT,SELL,LIMIT,1701074629461,1361,0.3460306
SUPERUSDT,SELL,LIMIT,1701074705103,241,0.3446558
SUPERUSDT,SELL,LIMIT,1701074706119,2869,0.3439243
SUPERUSDT,SELL,LIMIT,1701074707160,14,0.3439906
SUPERUSDT,SELL,LIMIT,1701074708892,400,0.3431812
SUPERUSDT,SELL,LIMIT,1701074709943,45962,0.3401145
SUPERUSDT,SELL,LIMIT,1701074711315,52,0.3414975
SUPERUSDT,SELL,LIMIT,1701074713049,163,0.3412956
SUPERUSDT,SELL,LIMIT,1701074714269,3147,0.3406085
SUPERUSDT,SELL,LIMIT,1701074715271,691,0.3402483
SUPERUSDT,SELL,LIMIT,1701074716333,4566,0.3401717
SUPERUSDT,SELL,LIMIT,1701074782399,346,0.3406981
SUPERUSDT,SELL,LIMIT,1701074886386,98,0.3399132
SUPERUSDT,SELL,LIMIT,1701074889055,88,0.3395668
SUPERUSDT,SELL,LIMIT,1701074890137,1286,0.3390952
SUPERUSDT,SELL,LIMIT,1701074892402,697,0.3390395
SUPERUSDT,SELL,LIMIT,1701074893987,500,0.3388703
SUPERUSDT,SELL,LIMIT,1701074895189,2685,0.3375932
SUPERUSDT,SELL,LIMIT,1701074896200,2940,0.3375752
SUPERUSDT,SELL,LIMIT,1701074897690,159,0.3371642
SUPERUSDT,SELL,LIMIT,1701074943698,239,0.3372812
SUPERUSDT,BUY,LIMIT,1701075062661,466,0.3497456
SUPERUSDT,BUY,LIMIT,1701075067177,5813,0.3505106
SUPERUSDT,BUY,LIMIT,1701075071228,148,0.3512176
SUPERUSDT,SELL,LIMIT,1701075329375,478,0.3389526
SUPERUSDT,SELL,LIMIT,1701075397096,307,0.3384529
SUPERUSDT,SELL,LIMIT,1701075401681,1009,0.3379942
SUPERUSDT,BUY,LIMIT,1701075833745,15,0.3519294
SUPERUSDT,BUY,LIMIT,1701075851285,731,0.3536464
SUPERUSDT,BUY,LIMIT,1701076451222,445,0.3523371
SUPERUSDT,BUY,LIMIT,1701076455199,580,0.3525507
SUPERUSDT,BUY,LIMIT,1701076595058,1079,0.3565158
SUPERUSDT,BUY,LIMIT,1701076596214,1467,0.3584552
SUPERUSDT,BUY,LIMIT,1701076598061,900,0.3590233
SUPERUSDT,SELL,LIMIT,1701076666555,708,0.3459208
SUPERUSDT,SELL,LIMIT,1701076826239,213,0.3423256
SUPERUSDT,SELL,LIMIT,1701076828421,143,0.3416836
SUPERUSDT,SELL,LIMIT,1701076982047,636,0.3413622
SUPERUSDT,BUY,LIMIT,1701077116927,22618,0.3534706
SUPERUSDT,BUY,LIMIT,1701077149580,145,0.3536645
SUPERUSDT,BUY,LIMIT,1701077161515,36,0.3544957
SUPERUSDT,BUY,LIMIT,1701077530399,10964,0.3557787
SUPERUSDT,SELL,LIMIT,1701077920800,130,0.3426338
SUPERUSDT,SELL,LIMIT,1701077922384,358,0.3424916
SUPERUSDT,SELL,LIMIT,1701077927346,14038,0.3420898
SUPERUSDT,SELL,LIMIT,1701077928432,14264,0.3418671
SUPERUSDT,SELL,LIMIT,1701077929567,2580,0.3408225
SUPERUSDT,SELL,LIMIT,1701077931064,350,0.3405576
SUPERUSDT,SELL,LIMIT,1701077977439,692,0.3397771
SUPERUSDT,BUY,LIMIT,1701078031852,3472,0.3517758
SUPERUSDT,BUY,LIMIT,1701078156602,8495,0.3533719
SUPERUSDT,BUY,LIMIT,1701078573438,74,0.3565191
SUPERUSDT,BUY,LIMIT,1701078763161,6000,0.3577678
SUPERUSDT,BUY,LIMIT,1701078764898,4365,0.3584597
SUPERUSDT,BUY,LIMIT,1701078774197,2141,0.3591693
SUPERUSDT,BUY,LIMIT,1701078775941,18,0.3592235
SUPERUSDT,BUY,LIMIT,1701078777004,203,0.3595196
SUPERUSDT,BUY,LIMIT,1701078779181,27,0.3599178
SUPERUSDT,SELL,LIMIT,1701079256446,55,0.3443198
SUPERUSDT,SELL,LIMIT,1701079259114,559,0.3439254
SUPERUSDT,SELL,LIMIT,1701079347099,17,0.3439306
SUPERUSDT,SELL,LIMIT,1701079700331,5237,0.3437563
SUPERUSDT,SELL,LIMIT,1701080280224,205,0.3430305
SUPERUSDT,SELL,LIMIT,1701080382998,1428,0.3426255
SUPERUSDT,SELL,LIMIT,1701080405768,15,0.3420961
SUPERUSDT,SELL,LIMIT,1701080407361,641,0.3418886
SUPERUSDT,SELL,LIMIT,1701080410228,1388,0.3412063
SUPERUSDT,SELL,LIMIT,1701080420282,763,0.3396604
SUPERUSDT,SELL,LIMIT,1701080422777,4222,0.3390589
SUPERUSDT,SELL,LIMIT,1701080423924,856,0.3385952
SUPERUSDT,SELL,LIMIT,1701080425059,667,0.3370695
SUPERUSDT,SELL,LIMIT,1701080426100,695,0.3365728
SUPERUSDT,SELL,LIMIT,1701080427204,1681,0.3354377
SUPERUSDT,SELL,LIMIT,1701080428262,141,0.3356177
SUPERUSDT,SELL,LIMIT,1701080430546,5804,0.3353010
SUPERUSDT,SELL,LIMIT,1701080624320,1668,0.3380941
SUPERUSDT,BUY,LIMIT,1701080745677,274,0.3497967
SUPERUSDT,SELL,LIMIT,1701081042567,1112,0.3373498
SUPERUSDT,SELL,LIMIT,1701081064313,67,0.3371616
SUPERUSDT,SELL,LIMIT,1701081066628,886,0.3367600
SUPERUSDT,SELL,LIMIT,1701081068469,4074,0.3359781
SUPERUSDT,SELL,LIMIT,1701081070304,3039,0.3349109
SUPERUSDT,SELL,LIMIT,1701081071323,56,0.3345761
SUPERUSDT,SELL,LIMIT,1701081072343,14,0.3337564
SUPERUSDT,SELL,LIMIT,1701081073355,98,0.3343464
SUPERUSDT,SELL,LIMIT,1701081074392,7793,0.3296687
SUPERUSDT,SELL,LIMIT,1701081076783,5464,0.3294355
SUPERUSDT,SELL,LIMIT,1701081078764,168,0.3296508
SUPERUSDT,SELL,LIMIT,1701081079957,24,0.3290976
SUPERUSDT,SELL,LIMIT,1701081081062,7060,0.3286744
SUPERUSDT,SELL,LIMIT,1701081181295,146,0.3298369
SUPERUSDT,BUY,LIMIT,1701081250258,4451,0.3427953
SUPERUSDT,SELL,LIMIT,1701081286027,359,0.3309830
SUPERUSDT,SELL,LIMIT,1701081427813,13,0.3320667
SUPERUSDT,SELL,LIMIT,1701081493885,12658,0.3321399
SUPERUSDT,SELL,LIMIT,1701081535438,73,0.3310374
SUPERUSDT,SELL,LIMIT,1701081545669,2705,0.3302851
SUPERUSDT,BUY,LIMIT,1701081557271,2430,0.3420450
SUPERUSDT,SELL,LIMIT,1701081596953,28,0.3348066
SUPERUSDT,BUY,LIMIT,1701081822959,21,0.3443562
SUPERUSDT,BUY,LIMIT,1701081826179,231,0.3449628
SUPERUSDT,SELL,LIMIT,1701081974600,300,0.3344323
SUPERUSDT,SELL,LIMIT,1701081976776,3842,0.3334642
SUPERUSDT,SELL,LIMIT,1701082351713,1085,0.3316442
SUPERUSDT,SELL,LIMIT,1701082426514,1496,0.3309915
SUPERUSDT,SELL,LIMIT,1701082474119,1426,0.3311947
SUPERUSDT,SELL,LIMIT,1701082511372,5587,0.3307029
SUPERUSDT,SELL,LIMIT,1701082512655,462,0.3303834
SUPERUSDT,SELL,LIMIT,1701082513847,757,0.3300727
SUPERUSDT,SELL,LIMIT,1701082516137,567,0.3295746
SUPERUSDT,SELL,LIMIT,1701082595620,2105,0.3291962
SUPERUSDT,SELL,LIMIT,1701082597897,347,0.3285632
SUPERUSDT,SELL,LIMIT,1701082599119,1931,0.3280156
SUPERUSDT,SELL,LIMIT,1701082600371,285,0.3282486
SUPERUSDT,SELL,LIMIT,1701082604124,1011,0.3278076
SUPERUSDT,SELL,LIMIT,1701082605448,15,0.3277637
SUPERUSDT,SELL,LIMIT,1701082606569,411,0.3272395
SUPERUSDT,SELL,LIMIT,1701082607962,296,0.3264952
SUPERUSDT,SELL,LIMIT,1701082609168,2400,0.3258011
SUPERUSDT,SELL,LIMIT,1701082657258,7023,0.3279382
SUPERUSDT,SELL,LIMIT,1701082671186,2000,0.3274114
SUPERUSDT,SELL,LIMIT,1701082674212,717,0.3255426
SUPERUSDT,SELL,LIMIT,1701082675335,7510,0.3268194
SUPERUSDT,BUY,LIMIT,1701082706102,621,0.3382872
SUPERUSDT,BUY,LIMIT,1701082908422,29,0.3408233
SUPERUSDT,BUY,LIMIT,1701082910349,1574,0.3410227
SUPERUSDT,BUY,LIMIT,1701082921118,6722,0.3413270
SUPERUSDT,BUY,LIMIT,1701082924073,8151,0.3418795
SUPERUSDT,BUY,LIMIT,1701082925093,1361,0.3419793
SUPERUSDT,BUY,LIMIT,1701082994254,12262,0.3420372
SUPERUSDT,BUY,LIMIT,1701082999102,6780,0.3429613
SUPERUSDT,SELL,LIMIT,1701083247464,3237,0.3299530
SUPERUSDT,SELL,LIMIT,1701083275370,248,0.3297218
SUPERUSDT,SELL,LIMIT,1701083337059,135,0.3291820
SUPERUSDT,SELL,LIMIT,1701083348197,29,0.3264927
SUPERUSDT,BUY,LIMIT,1701083594410,1766,0.3431629
SUPERUSDT,SELL,LIMIT,1701083684427,288,0.3312361
SUPERUSDT,BUY,LIMIT,1701083803132,46,0.3425520
SUPERUSDT,BUY,LIMIT,1701083972533,172,0.3439402
SUPERUSDT,BUY,LIMIT,1701083973845,197,0.3475562
SUPERUSDT,BUY,LIMIT,1701083975113,1235,0.3488222
SUPERUSDT,BUY,LIMIT,1701083976316,585,0.3498898
SUPERUSDT,BUY,LIMIT,1701083977550,8211,0.3501067
SUPERUSDT,BUY,LIMIT,1701084010445,2036,0.3495628
SUPERUSDT,SELL,LIMIT,1701084033214,2301,0.3375008
SUPERUSDT,SELL,LIMIT,1701084189361,893,0.3379000
SUPERUSDT,BUY,LIMIT,1701084315056,3149,0.3503183
SUPERUSDT,BUY,LIMIT,1701084317198,330,0.3506786
SUPERUSDT,BUY,LIMIT,1701084322189,73,0.3512162
SUPERUSDT,BUY,LIMIT,1701084332734,593,0.3512789
SUPERUSDT,BUY,LIMIT,1701084335595,298,0.3514726
SUPERUSDT,SELL,LIMIT,1701084378207,3609,0.3392696
SUPERUSDT,SELL,LIMIT,1701084541079,13417,0.3361346
SUPERUSDT,SELL,LIMIT,1701084695843,298,0.3349380
SUPERUSDT,SELL,LIMIT,1701084810815,14694,0.3331981
SUPERUSDT,BUY,LIMIT,1701085011620,2355,0.3457700
SUPERUSDT,BUY,LIMIT,1701085116352,113,0.3522380
SUPERUSDT,BUY,LIMIT,1701085192429,358,0.3531734
SUPERUSDT,BUY,LIMIT,1701085193449,26,0.3536379
SUPERUSDT,BUY,LIMIT,1701085194588,2230,0.3543075
SUPERUSDT,BUY,LIMIT,1701085196130,6836,0.3548324
SUPERUSDT,BUY,LIMIT,1701085197256,315,0.3577750
SUPERUSDT,BUY,LIMIT,1701085199415,125,0.3571379
SUPERUSDT,SELL,LIMIT,1701085271918,73,0.3425868
SUPERUSDT,SELL,LIMIT,1701085441377,723,0.3420627
SUPERUSDT,SELL,LIMIT,1701085531087,424,0.3413130
SUPERUSDT,SELL,LIMIT,1701085532419,567,0.3405044
SUPERUSDT,SELL,LIMIT,1701085793738,431,0.3398410
SUPERUSDT,BUY,LIMIT,1701085840173,148,0.3546937
SUPERUSDT,SELL,LIMIT,1701085904155,22,0.3424780
SUPERUSDT,SELL,LIMIT,1701086431647,443,0.3399265
SUPERUSDT,SELL,LIMIT,1701086448754,1854,0.3390672
SUPERUSDT,SELL,LIMIT,1701086467566,132,0.3383825
SUPERUSDT,SELL,LIMIT,1701086469358,575,0.3371542
SUPERUSDT,BUY,LIMIT,1701086768798,21,0.3509215
SUPERUSDT,SELL,LIMIT,1701086840160,474,0.3390767
SUPERUSDT,SELL,LIMIT,1701086853256,383,0.3383707
SUPERUSDT,SELL,LIMIT,1701086937184,6519,0.3371566
SUPERUSDT,SELL,LIMIT,1701086938317,130,0.3374159
SUPERUSDT,BUY,LIMIT,1701086943470,3618,0.3486683
SUPERUSDT,BUY,LIMIT,1701087135563,228,0.3495845
SUPERUSDT,BUY,LIMIT,1701087149425,4783,0.3511237
SUPERUSDT,BUY,LIMIT,1701087152824,151,0.3520676
SUPERUSDT,SELL,LIMIT,1701087358372,37,0.3402335
SUPERUSDT,SELL,LIMIT,1701087456165,2886,0.3386077
SUPERUSDT,BUY,LIMIT,1701087544808,1314,0.3507157
SUPERUSDT,BUY,LIMIT,1701087565009,1450,0.3513210
SUPERUSDT,SELL,LIMIT,1701087658662,10008,0.3392824
SUPERUSDT,SELL,LIMIT,1701087661218,150,0.3390600
SUPERUSDT,SELL,LIMIT,1701088093536,2317,0.3360122
SUPERUSDT,SELL,LIMIT,1701088096499,254,0.3356658
SUPERUSDT,SELL,LIMIT,1701088098656,104,0.3344288
SUPERUSDT,BUY,LIMIT,1701088126332,1446,0.3465654
SUPERUSDT,SELL,LIMIT,1701088173030,1266,0.3348338
SUPERUSDT,SELL,LIMIT,1701088175308,339,0.3341018
SUPERUSDT,SELL,LIMIT,1701088183571,52,0.3328747
SUPERUSDT,BUY,LIMIT,1701088232518,1479,0.3446409
SUPERUSDT,BUY,LIMIT,1701088271769,36,0.3462339
SUPERUSDT,SELL,LIMIT,1701088409077,908,0.3352645
SUPERUSDT,SELL,LIMIT,1701088667916,14545,0.3331052
SUPERUSDT,SELL,LIMIT,1701088745486,324,0.3326130
SUPERUSDT,BUY,LIMIT,1701088959592,1136,0.3451046
SUPERUSDT,BUY,LIMIT,1701088974197,6615,0.3465470
SUPERUSDT,BUY,LIMIT,1701089212326,323,0.3461524
SUPERUSDT,SELL,LIMIT,1701089538744,773,0.3335537
SUPERUSDT,SELL,LIMIT,1701089833653,296,0.3346012
SUPERUSDT,SELL,LIMIT,1701089898099,39,0.3332681
SUPERUSDT,SELL,LIMIT,1701089946732,299,0.3323904
SUPERUSDT,SELL,LIMIT,1701089953473,196,0.3318806
SUPERUSDT,SELL,LIMIT,1701089959431,11791,0.3316106
SUPERUSDT,BUY,LIMIT,1701090062137,16,0.3443341
SUPERUSDT,BUY,LIMIT,1701090900235,66,0.3391738
SUPERUSDT,SELL,LIMIT,1701090971127,65,0.3310071
SUPERUSDT,SELL,LIMIT,1701090972222,441,0.3320651
SUPERUSDT,SELL,LIMIT,1701090973290,4316,0.3300209
SUPERUSDT,SELL,LIMIT,1701090974452,7293,0.3292092
SUPERUSDT,SELL,LIMIT,1701090976337,360,0.3291168
SUPERUSDT,SELL,LIMIT,1701091040606,26,0.3283440
SUPERUSDT,SELL,LIMIT,1701091162391,3716,0.3299680
SUPERUSDT,BUY,LIMIT,1701091367615,644,0.3444377
SUPERUSDT,BUY,LIMIT,1701091399880,1969,0.3446728
SUPERUSDT,BUY,LIMIT,1701091426631,2735,0.3461216
SUPERUSDT,BUY,LIMIT,1701091429401,383,0.3468452
SUPERUSDT,SELL,LIMIT,1701092008905,392,0.3339208
SUPERUSDT,SELL,LIMIT,1701092112789,121,0.3333867
SUPERUSDT,SELL,LIMIT,1701092114549,887,0.3332601
SUPERUSDT,SELL,LIMIT,1701092116221,344,0.3316771
SUPERUSDT,SELL,LIMIT,1701092117592,11290,0.3313075
SUPERUSDT,SELL,LIMIT,1701092118773,26,0.3310161
SUPERUSDT,SELL,LIMIT,1701092121175,14757,0.3306567
SUPERUSDT,BUY,LIMIT,1701092512999,2973,0.3454806
SUPERUSDT,SELL,LIMIT,1701092714244,36,0.3322645
SUPERUSDT,SELL,LIMIT,1701092719213,240,0.3314981
SUPERUSDT,BUY,LIMIT,1701092864403,1862,0.3438620
SUPERUSDT,SELL,LIMIT,1701093070050,6097,0.3335408
SUPERUSDT,SELL,LIMIT,1701093114248,3650,0.3326504
SUPERUSDT,SELL,LIMIT,1701093117396,99,0.3330870
SUPERUSDT,SELL,LIMIT,1701093135440,381,0.3311832
SUPERUSDT,SELL,LIMIT,1701093147181,442,0.3299748
SUPERUSDT,SELL,LIMIT,1701093149006,886,0.3298795
SUPERUSDT,SELL,LIMIT,1701093150591,33,0.3286314
SUPERUSDT,BUY,LIMIT,1701093238121,13827,0.3412407
SUPERUSDT,SELL,LIMIT,1701093252759,777,0.3321785
SUPERUSDT,SELL,LIMIT,1701093454335,83,0.3354129
SUPERUSDT,BUY,LIMIT,1701093459247,3375,0.3453438
SUPERUSDT,BUY,LIMIT,1701093463881,2423,0.3460181
SUPERUSDT,BUY,LIMIT,1701093504435,2044,0.3455376
SUPERUSDT,BUY,LIMIT,1701093525857,4715,0.3467322
SUPERUSDT,BUY,LIMIT,1701093531956,636,0.3475049
SUPERUSDT,BUY,LIMIT,1701093533214,327,0.3483480
SUPERUSDT,BUY,LIMIT,1701093536361,4055,0.3490276
SUPERUSDT,SELL,LIMIT,1701093650670,701,0.3366451
SUPERUSDT,SELL,LIMIT,1701093706551,35467,0.3326470
SUPERUSDT,SELL,LIMIT,1701093728312,35,0.3333501
SUPERUSDT,BUY,LIMIT,1701093765311,149,0.3447354
SUPERUSDT,BUY,LIMIT,1701093831451,4588,0.3492093
SUPERUSDT,SELL,LIMIT,1701093892796,29,0.3373715
SUPERUSDT,SELL,LIMIT,1701093972386,1185,0.3350325
SUPERUSDT,SELL,LIMIT,1701093984392,2731,0.3348003
SUPERUSDT,SELL,LIMIT,1701094104070,13596,0.3347359
SUPERUSDT,SELL,LIMIT,1701094110496,145,0.3332737
SUPERUSDT,SELL,LIMIT,1701094293614,14705,0.3327622
SUPERUSDT,SELL,LIMIT,1701094667238,247,0.3309783
SUPERUSDT,SELL,LIMIT,1701094668456,2220,0.3307800
SUPERUSDT,SELL,LIMIT,1701094690917,448,0.3303784
SUPERUSDT,SELL,LIMIT,1701094695420,765,0.3301594
SUPERUSDT,BUY,LIMIT,1701094760418,2871,0.3425299
SUPERUSDT,SELL,LIMIT,1701094996324,707,0.3287834
SUPERUSDT,SELL,LIMIT,1701094997882,103,0.3285665
SUPERUSDT,SELL,LIMIT,1701095236476,1247,0.3282258
SUPERUSDT,SELL,LIMIT,1701095245514,447,0.3279858
SUPERUSDT,SELL,LIMIT,1701095246832,10111,0.3276268
SUPERUSDT,SELL,LIMIT,1701095248818,86,0.3275215
SUPERUSDT,SELL,LIMIT,1701095411960,3284,0.3280986
SUPERUSDT,SELL,LIMIT,1701095526426,1264,0.3272844
SUPERUSDT,SELL,LIMIT,1701095528036,1594,0.3252011
SUPERUSDT,SELL,LIMIT,1701095529039,1287,0.3234929
SUPERUSDT,SELL,LIMIT,1701095530051,10850,0.3197633
SUPERUSDT,SELL,LIMIT,1701095531099,1217,0.3198291
SUPERUSDT,SELL,LIMIT,1701095590055,198,0.3187706
SUPERUSDT,SELL,LIMIT,1701095591217,184,0.3186962
SUPERUSDT,SELL,LIMIT,1701095592251,379,0.3169916
SUPERUSDT,SELL,LIMIT,1701095593400,406,0.3172118
SUPERUSDT,SELL,LIMIT,1701095594475,16,0.3162060
SUPERUSDT,SELL,LIMIT,1701095595709,9122,0.3161221
SUPERUSDT,SELL,LIMIT,1701095597113,344,0.3159418
SUPERUSDT,SELL,LIMIT,1701095598208,177,0.3159444
SUPERUSDT,SELL,LIMIT,1701095599298,331,0.3158197
SUPERUSDT,BUY,LIMIT,1701095628655,1036,0.3272595
SUPERUSDT,BUY,LIMIT,1701095708840,1061,0.3322027
SUPERUSDT,SELL,LIMIT,1701095758402,2178,0.3207540
SUPERUSDT,SELL,LIMIT,1701095763422,5435,0.3201072
SUPERUSDT,SELL,LIMIT,1701095765358,898,0.3199109
SUPERUSDT,SELL,LIMIT,1701096235047,2120,0.3212157
SUPERUSDT,SELL,LIMIT,1701096248338,173,0.3198354
SUPERUSDT,SELL,LIMIT,1701096518218,6590,0.3197250
SUPERUSDT,SELL,LIMIT,1701096521029,30,0.3197543
SUPERUSDT,SELL,LIMIT,1701096523387,2684,0.3195452
SUPERUSDT,SELL,LIMIT,1701096667376,2619,0.3211434
SUPERUSDT,SELL,LIMIT,1701097071304,1534,0.3191455
SUPERUSDT,SELL,LIMIT,1701097072494,217,0.3191376
SUPERUSDT,SELL,LIMIT,1701097074284,30,0.3185048
SUPERUSDT,SELL,LIMIT,1701097075399,496,0.3168424
SUPERUSDT,BUY,LIMIT,1701097270108,1395,0.3307040
SUPERUSDT,BUY,LIMIT,1701097352953,7700,0.3310234
SUPERUSDT,BUY,LIMIT,1701097396698,31,0.3331201
SUPERUSDT,BUY,LIMIT,1701097400030,1115,0.3334274
SUPERUSDT,BUY,LIMIT,1701097467392,3062,0.3341782
SUPERUSDT,SELL,LIMIT,1701097539495,145,0.3224859
SUPERUSDT,SELL,LIMIT,1701097782175,646,0.3226485
SUPERUSDT,SELL,LIMIT,1701098018860,493,0.3222277
SUPERUSDT,BUY,LIMIT,1701098204318,15248,0.3339547
SUPERUSDT,BUY,LIMIT,1701098225314,236,0.3341512
SUPERUSDT,BUY,LIMIT,1701098324476,2220,0.3349827
SUPERUSDT,SELL,LIMIT,1701098813134,3872,0.3232623
SUPERUSDT,SELL,LIMIT,1701098828150,242,0.3225609
SUPERUSDT,SELL,LIMIT,1701098899539,558,0.3214499
SUPERUSDT,SELL,LIMIT,1701098901093,3046,0.3207002
SUPERUSDT,SELL,LIMIT,1701098902269,87,0.3184045
SUPERUSDT,BUY,LIMIT,1701099074475,765,0.3327648
SUPERUSDT,BUY,LIMIT,1701099321334,612,0.3336654
SUPERUSDT,SELL,LIMIT,1701099818985,346,0.3232783
SUPERUSDT,SELL,LIMIT,1701100042363,231,0.3217998
SUPERUSDT,SELL,LIMIT,1701100183542,381,0.3207443
SUPERUSDT,SELL,LIMIT,1701100215141,1732,0.3203513
SUPERUSDT,SELL,LIMIT,1701100305417,238,0.3209301
SUPERUSDT,SELL,LIMIT,1701100522514,247,0.3231967
SUPERUSDT,SELL,LIMIT,1701100529462,937,0.3384069
SUPERUSDT,SELL,LIMIT,1701100554158,10369,0.3210116
SUPERUSDT,SELL,LIMIT,1701100563412,2500,0.3206176
SUPERUSDT,SELL,LIMIT,1701100565518,1200,0.3205191
SUPERUSDT,SELL,LIMIT,1701100570087,71,0.3203648
SUPERUSDT,SELL,LIMIT,1701100574293,31389,0.3184680
SUPERUSDT,SELL,LIMIT,1701100585205,888,0.3195900
SUPERUSDT,SELL,LIMIT,1701100587872,5236,0.3194683
SUPERUSDT,SELL,LIMIT,1701100593138,1680,0.3193190
SUPERUSDT,SELL,LIMIT,1701100597607,61,0.3191380
SUPERUSDT,SELL,LIMIT,1701100600219,1047,0.3188728
SUPERUSDT,SELL,LIMIT,1701100627507,1047,0.3181720
SUPERUSDT,SELL,LIMIT,1701100641153,14606,0.3183942
SUPERUSDT,SELL,LIMIT,1701100642651,729,0.3179581
SUPERUSDT,BUY,LIMIT,1701100908528,39,0.3314636
SUPERUSDT,SELL,LIMIT,1701101066791,188,0.3220030
SUPERUSDT,SELL,LIMIT,1701101072644,109,0.3242373
SUPERUSDT,SELL,LIMIT,1701101077543,1805,0.3218981
SUPERUSDT,SELL,LIMIT,1701101108345,15287,0.3208207
SUPERUSDT,SELL,LIMIT,1701101174315,5900,0.3210743
SUPERUSDT,SELL,LIMIT,1701101186235,1397,0.3207286
SUPERUSDT,SELL,LIMIT,1701101244622,14802,0.3213152
SUPERUSDT,BUY,LIMIT,1701101584356,1073,0.3323604
SUPERUSDT,SELL,LIMIT,1701102047474,598,0.3199044
SUPERUSDT,SELL,LIMIT,1701102085222,109,0.3186632
SUPERUSDT,SELL,LIMIT,1701102101406,180,0.3181856
SUPERUSDT,SELL,LIMIT,1701102102420,100,0.3178295
SUPERUSDT,SELL,LIMIT,1701102104546,50,0.3153863
SUPERUSDT,SELL,LIMIT,1701102106336,36,0.3151037
SUPERUSDT,SELL,LIMIT,1701102808395,767,0.3182673
SUPERUSDT,SELL,LIMIT,1701102908370,458,0.3165241
SUPERUSDT,SELL,LIMIT,1701102909485,4240,0.3166047
SUPERUSDT,SELL,LIMIT,1701102966835,3656,0.3153101
SUPERUSDT,SELL,LIMIT,1701102973366,5042,0.3148759
SUPERUSDT,SELL,LIMIT,1701102974396,901,0.3150060
SUPERUSDT,SELL,LIMIT,1701102999842,699,0.3147124
SUPERUSDT,BUY,LIMIT,1701103375769,100,0.3264675
SUPERUSDT,BUY,LIMIT,1701103391227,704,0.3301712
SUPERUSDT,BUY,LIMIT,1701103484255,15370,0.3324025
SUPERUSDT,BUY,LIMIT,1701103534452,1123,0.3352635
SUPERUSDT,BUY,LIMIT,1701103564730,122,0.3361517
SUPERUSDT,BUY,LIMIT,1701103566722,1764,0.3379618
SUPERUSDT,SELL,LIMIT,1701103655016,602,0.3255898
SUPERUSDT,BUY,LIMIT,1701103850473,6197,0.3385818
SUPERUSDT,BUY,LIMIT,1701103855383,104,0.3392088
SUPERUSDT,SELL,LIMIT,1701103877827,1494,0.3270264
SUPERUSDT,SELL,LIMIT,1701104009039,1414,0.3272247
SUPERUSDT,SELL,LIMIT,1701104417952,147,0.3268943
SUPERUSDT,SELL,LIMIT,1701104498357,252,0.3258860
SUPERUSDT,SELL,LIMIT,1701104500894,586,0.3254321
SUPERUSDT,BUY,LIMIT,1701104849475,2671,0.3380602
SUPERUSDT,BUY,LIMIT,1701104945301,2059,0.3392901
SUPERUSDT,SELL,LIMIT,1701105336831,750,0.3264067
SUPERUSDT,SELL,LIMIT,1701105406176,1304,0.3230550
SUPERUSDT,SELL,LIMIT,1701105407572,4321,0.3224888
SUPERUSDT,BUY,LIMIT,1701105506084,1557,0.3334746
SUPERUSDT,BUY,LIMIT,1701106587784,7195,0.3368020
SUPERUSDT,BUY,LIMIT,1701106756080,1375,0.3378801
SUPERUSDT,BUY,LIMIT,1701106776137,2711,0.3385209
SUPERUSDT,SELL,LIMIT,1701107025639,3414,0.3264775
SUPERUSDT,SELL,LIMIT,1701107407220,433,0.3246411
SUPERUSDT,SELL,LIMIT,1701107411217,606,0.3244385
SUPERUSDT,SELL,LIMIT,1701107419468,207,0.3224859
SUPERUSDT,SELL,LIMIT,1701107447323,131,0.3246565
SUPERUSDT,SELL,LIMIT,1701108492991,192,0.3250273
SUPERUSDT,SELL,LIMIT,1701108641611,15066,0.3241625
SUPERUSDT,BUY,LIMIT,1701109630485,254,0.3355142
SUPERUSDT,BUY,LIMIT,1701109658085,1212,0.3366194
SUPERUSDT,SELL,LIMIT,1701110373068,238,0.3264694
SUPERUSDT,BUY,LIMIT,1701110495396,25,0.3378823
SUPERUSDT,SELL,LIMIT,1701111113570,673,0.3264766
SUPERUSDT,SELL,LIMIT,1701111190588,11405,0.3254560
SUPERUSDT,SELL,LIMIT,1701111192057,38,0.3253137
SUPERUSDT,SELL,LIMIT,1701111197141,9829,0.3247734
SUPERUSDT,SELL,LIMIT,1701111199675,1263,0.3240025
SUPERUSDT,SELL,LIMIT,1701111241391,4023,0.3233689
SUPERUSDT,SELL,LIMIT,1701111267416,1269,0.3227174
SUPERUSDT,SELL,LIMIT,1701111282893,47,0.3228350
SUPERUSDT,SELL,LIMIT,1701111573392,1306,0.3225241
SUPERUSDT,SELL,LIMIT,1701111578465,1334,0.3223493
SUPERUSDT,SELL,LIMIT,1701111818452,195,0.3222009
SUPERUSDT,SELL,LIMIT,1701111827461,1000,0.3379902
SUPERUSDT,SELL,LIMIT,1701111839563,172,0.3216026
SUPERUSDT,SELL,LIMIT,1701111843991,2517,0.3213237
SUPERUSDT,SELL,LIMIT,1701111852964,8906,0.3221668
SUPERUSDT,SELL,LIMIT,1701111860221,548,0.3211109
SUPERUSDT,SELL,LIMIT,1701111876640,3761,0.3210156
SUPERUSDT,SELL,LIMIT,1701112053704,53,0.3210924
SUPERUSDT,SELL,LIMIT,1701112061568,5509,0.3211217
SUPERUSDT,SELL,LIMIT,1701112072229,4840,0.3209131
SUPERUSDT,SELL,LIMIT,1701112081108,10855,0.3209288
SUPERUSDT,SELL,LIMIT,1701112159192,278,0.3210156
SUPERUSDT,SELL,LIMIT,1701112182200,1803,0.3197467
SUPERUSDT,SELL,LIMIT,1701112184618,2988,0.3192563
SUPERUSDT,SELL,LIMIT,1701112188320,5241,0.3188796
SUPERUSDT,SELL,LIMIT,1701112245330,718,0.3175868
SUPERUSDT,SELL,LIMIT,1701112246355,1251,0.3169869
SUPERUSDT,SELL,LIMIT,1701112247387,15290,0.3161655
SUPERUSDT,SELL,LIMIT,1701112250359,18165,0.3148012
SUPERUSDT,SELL,LIMIT,1701112268064,8032,0.3143823
SUPERUSDT,SELL,LIMIT,1701112269069,24,0.3145198
SUPERUSDT,BUY,LIMIT,1701112597496,1026,0.3308817
SUPERUSDT,SELL,LIMIT,1701113163307,80,0.3197374
SUPERUSDT,SELL,LIMIT,1701113345982,15398,0.3182711
SUPERUSDT,BUY,LIMIT,1701113408404,765,0.3303975
SUPERUSDT,SELL,LIMIT,1701114253231,2620,0.3166047
SUPERUSDT,SELL,LIMIT,1701114265275,2426,0.3157930
SUPERUSDT,SELL,LIMIT,1701114272214,6799,0.3156242
SUPERUSDT,SELL,LIMIT,1701114285222,4064,0.3153200
SUPERUSDT,SELL,LIMIT,1701114288140,41,0.3143123
SUPERUSDT,SELL,LIMIT,1701114290163,3724,0.3135824
SUPERUSDT,SELL,LIMIT,1701114292891,496,0.3134271
SUPERUSDT,BUY,LIMIT,1701114383378,4831,0.3249992
SUPERUSDT,SELL,LIMIT,1701114460130,330,0.3155882
SUPERUSDT,SELL,LIMIT,1701114475669,4795,0.3154677
SUPERUSDT,SELL,LIMIT,1701114498760,2475,0.3147109
SUPERUSDT,SELL,LIMIT,1701114502613,29462,0.3123753
SUPERUSDT,SELL,LIMIT,1701114504056,938,0.3127819
SUPERUSDT,SELL,LIMIT,1701114505245,2500,0.3134356
SUPERUSDT,SELL,LIMIT,1701114506310,144,0.3110537
SUPERUSDT,SELL,LIMIT,1701114507336,808,0.3107437
SUPERUSDT,SELL,LIMIT,1701114510528,6557,0.3103643
SUPERUSDT,SELL,LIMIT,1701114511589,45,0.3101929
SUPERUSDT,SELL,LIMIT,1701114512584,580,0.3100543
SUPERUSDT,SELL,LIMIT,1701114514081,12890,0.3081751
SUPERUSDT,SELL,LIMIT,1701114515154,6012,0.3076878
SUPERUSDT,BUY,LIMIT,1701114614044,2048,0.3221575
SUPERUSDT,BUY,LIMIT,1701114778109,351,0.3237940
SUPERUSDT,BUY,LIMIT,1701114857822,1302,0.3262361
SUPERUSDT,SELL,LIMIT,1701115071783,801,0.3156191
SUPERUSDT,BUY,LIMIT,1701115221221,200,0.3252489
SUPERUSDT,BUY,LIMIT,1701115684760,2130,0.3286033
SUPERUSDT,BUY,LIMIT,1701115687764,715,0.3289239
SUPERUSDT,BUY,LIMIT,1701115744167,2652,0.3301738
SUPERUSDT,BUY,LIMIT,1701115821514,3622,0.3326781
SUPERUSDT,BUY,LIMIT,1701115834489,2562,0.3329199
SUPERUSDT,SELL,LIMIT,1701115893282,2431,0.3222021
SUPERUSDT,SELL,LIMIT,1701115895098,6100,0.3215057
SUPERUSDT,SELL,LIMIT,1701115916920,7840,0.3202020
SUPERUSDT,BUY,LIMIT,1701115952525,167,0.3310727
SUPERUSDT,SELL,LIMIT,1701116529689,15344,0.3209131
SUPERUSDT,SELL,LIMIT,1701116551044,15723,0.3244753
SUPERUSDT,SELL,LIMIT,1701116552165,1605,0.3205973
SUPERUSDT,SELL,LIMIT,1701116562735,1600,0.3194677
SUPERUSDT,SELL,LIMIT,1701116583411,233,0.3189892
SUPERUSDT,SELL,LIMIT,1701116922266,15467,0.3168979
SUPERUSDT,SELL,LIMIT,1701117137759,49,0.3190041
SUPERUSDT,SELL,LIMIT,1701117197622,1155,0.3183959
SUPERUSDT,SELL,LIMIT,1701117245036,212,0.3170147
SUPERUSDT,SELL,LIMIT,1701117270200,3306,0.3160683
SUPERUSDT,SELL,LIMIT,1701117271475,540,0.3160517
SUPERUSDT,BUY,LIMIT,1701117486083,141,0.3274655
SUPERUSDT,BUY,LIMIT,1701118243430,123,0.3281862
SUPERUSDT,BUY,LIMIT,1701118477313,1155,0.3274165
SUPERUSDT,BUY,LIMIT,1701118993906,149,0.3251421
SUPERUSDT,BUY,LIMIT,1701119213319,7778,0.3315487
SUPERUSDT,BUY,LIMIT,1701119225525,14474,0.3337006
SUPERUSDT,BUY,LIMIT,1701119557704,304,0.3354122
SUPERUSDT,BUY,LIMIT,1701119559172,6063,0.3361392
SUPERUSDT,BUY,LIMIT,1701119561218,132,0.3363854
SUPERUSDT,BUY,LIMIT,1701119563728,367,0.3370621
SUPERUSDT,SELL,LIMIT,1701119620984,13449,0.3273356
SUPERUSDT,SELL,LIMIT,1701119907372,357,0.3255157
SUPERUSDT,SELL,LIMIT,1701120431120,148,0.3255246
SUPERUSDT,BUY,LIMIT,1701120771959,2951,0.3357232
SUPERUSDT,BUY,LIMIT,1701120869129,600,0.3376853
SUPERUSDT,SELL,LIMIT,1701121113746,36,0.3259182
SUPERUSDT,SELL,LIMIT,1701121178923,1262,0.3252646
SUPERUSDT,BUY,LIMIT,1701121730188,854,0.3341658
SUPERUSDT,BUY,LIMIT,1701121764248,8736,0.3366795
SUPERUSDT,BUY,LIMIT,1701121828254,181,0.3371569
SUPERUSDT,BUY,LIMIT,1701121839567,3372,0.3368048
SUPERUSDT,BUY,LIMIT,1701122467854,328,0.3381656
SUPERUSDT,BUY,LIMIT,1701122470161,126,0.3382537
SUPERUSDT,BUY,LIMIT,1701122474562,8483,0.3388250
SUPERUSDT,BUY,LIMIT,1701122475626,5274,0.3406601
SUPERUSDT,BUY,LIMIT,1701122476703,29702,0.3437769
SUPERUSDT,BUY,LIMIT,1701122477714,3821,0.3432756
SUPERUSDT,BUY,LIMIT,1701122479185,1227,0.3437847
SUPERUSDT,BUY,LIMIT,1701122480351,340,0.3437583
SUPERUSDT,BUY,LIMIT,1701122862835,2072,0.3411133
SUPERUSDT,BUY,LIMIT,1701122943155,85915,0.3454024
SUPERUSDT,BUY,LIMIT,1701123024902,61,0.3421503
SUPERUSDT,SELL,LIMIT,1701123141584,2045,0.3301177
SUPERUSDT,BUY,LIMIT,1701123158270,30959,0.3413485
SUPERUSDT,BUY,LIMIT,1701123160285,496,0.3398746
SUPERUSDT,SELL,LIMIT,1701123193125,285,0.3290469
SUPERUSDT,SELL,LIMIT,1701123198955,63,0.3282611
SUPERUSDT,SELL,LIMIT,1701123238233,500,0.3276111
SUPERUSDT,SELL,LIMIT,1701124340207,873,0.3308225
SUPERUSDT,BUY,LIMIT,1701124943676,2912,0.3417408
SUPERUSDT,BUY,LIMIT,1701125800871,1020,0.3421135
SUPERUSDT,BUY,LIMIT,1701125823718,4511,0.3425903
SUPERUSDT,BUY,LIMIT,1701126154856,5546,0.3462102
SUPERUSDT,BUY,LIMIT,1701126157978,5544,0.3464116
SUPERUSDT,BUY,LIMIT,1701126162466,1814,0.3471718
SUPERUSDT,BUY,LIMIT,1701126182088,141,0.3482352
SUPERUSDT,BUY,LIMIT,1701126271696,45,0.3483907
SUPERUSDT,BUY,LIMIT,1701126422357,519,0.3499783
SUPERUSDT,BUY,LIMIT,1701126450449,14516,0.3505258
SUPERUSDT,BUY,LIMIT,1701126452607,81,0.3509872
SUPERUSDT,BUY,LIMIT,1701127053877,16,0.3475436
SUPERUSDT,SELL,LIMIT,1701127182540,719,0.3378100
SUPERUSDT,SELL,LIMIT,1701127411083,4973,0.3348368
SUPERUSDT,SELL,LIMIT,1701127412389,7124,0.3350319
SUPERUSDT,SELL,LIMIT,1701127414482,8252,0.3335860
SUPERUSDT,SELL,LIMIT,1701127927717,2959,0.3332663
SUPERUSDT,SELL,LIMIT,1701127943449,226,0.3320042
SUPERUSDT,SELL,LIMIT,1701127945465,2700,0.3307631
SUPERUSDT,SELL,LIMIT,1701128187761,7500,0.3299427
SUPERUSDT,SELL,LIMIT,1701128189257,155,0.3297701
SUPERUSDT,SELL,LIMIT,1701129110022,141,0.3509486
SUPERUSDT,BUY,LIMIT,1701129188471,179,0.3467901
SUPERUSDT,SELL,LIMIT,1701129946030,466,0.3357558
SUPERUSDT,SELL,LIMIT,1701130022469,675,0.3327780
SUPERUSDT,BUY,LIMIT,1701130090411,43,0.3478200
SUPERUSDT,SELL,LIMIT,1701130451122,5013,0.3322051
SUPERUSDT,BUY,LIMIT,1701131682215,1361,0.3469514
SUPERUSDT,BUY,LIMIT,1701131854010,1143,0.3485728
SUPERUSDT,BUY,LIMIT,1701131855207,1844,0.3497175
SUPERUSDT,BUY,LIMIT,1701131856386,157,0.3520626
SUPERUSDT,BUY,LIMIT,1701131857400,21293,0.3541468
SUPERUSDT,BUY,LIMIT,1701131859174,6957,0.3530634
SUPERUSDT,BUY,LIMIT,1701131860893,316,0.3543713
SUPERUSDT,BUY,LIMIT,1701132184555,499,0.3556477
SUPERUSDT,BUY,LIMIT,1701132186101,2469,0.3560300
SUPERUSDT,BUY,LIMIT,1701132187195,15,0.3571490
SUPERUSDT,BUY,LIMIT,1701132574052,19,0.3574756
SUPERUSDT,BUY,LIMIT,1701132582269,878,0.3582828
SUPERUSDT,BUY,LIMIT,1701132583956,2340,0.3587246
SUPERUSDT,BUY,LIMIT,1701132587310,648,0.3588115
SUPERUSDT,BUY,LIMIT,1701132588346,306,0.3588930
SUPERUSDT,BUY,LIMIT,1701132824730,976,0.3566617
SUPERUSDT,BUY,LIMIT,1701132900376,30,0.3591853
SUPERUSDT,BUY,LIMIT,1701132908371,38,0.3608561
SUPERUSDT,BUY,LIMIT,1701132928130,72,0.3613060
SUPERUSDT,BUY,LIMIT,1701132929372,64,0.3628962
SUPERUSDT,BUY,LIMIT,1701132931338,436,0.3647910
SUPERUSDT,BUY,LIMIT,1701132932393,4392,0.3655015
SUPERUSDT,BUY,LIMIT,1701132962743,30,0.3650955
SUPERUSDT,BUY,LIMIT,1701133687461,882,0.3588734
SUPERUSDT,BUY,LIMIT,1701133721883,15987,0.3614717
SUPERUSDT,BUY,LIMIT,1701133733907,1479,0.3635838
SUPERUSDT,BUY,LIMIT,1701133909343,811,0.3663388
SUPERUSDT,BUY,LIMIT,1701133910944,485,0.3675895
SUPERUSDT,BUY,LIMIT,1701133982346,2780,0.3676421
SUPERUSDT,SELL,LIMIT,1701134049312,366,0.3556167
SUPERUSDT,BUY,LIMIT,1701134296433,962,0.3694381
SUPERUSDT,BUY,LIMIT,1701134316388,387,0.3697038
SUPERUSDT,BUY,LIMIT,1701134365397,509,0.3701064
SUPERUSDT,BUY,LIMIT,1701134397124,266,0.3703518
SUPERUSDT,BUY,LIMIT,1701134431615,1312,0.3706938
SUPERUSDT,BUY,LIMIT,1701134437047,67,0.3709212
SUPERUSDT,BUY,LIMIT,1701134600055,300,0.3722613
SUPERUSDT,BUY,LIMIT,1701134601277,39741,0.3748748
SUPERUSDT,BUY,LIMIT,1701134751235,1849,0.3722269
SUPERUSDT,BUY,LIMIT,1701134791211,150,0.3728733
SUPERUSDT,BUY,LIMIT,1701134918100,2828,0.3732444
SUPERUSDT,BUY,LIMIT,1701134920348,365,0.3737432
SUPERUSDT,BUY,LIMIT,1701134982112,6205,0.3764634
SUPERUSDT,BUY,LIMIT,1701135077336,298,0.3735200
SUPERUSDT,BUY,LIMIT,1701135086452,1842,0.3753799
SUPERUSDT,BUY,LIMIT,1701135144087,1526,0.3776421
SUPERUSDT,BUY,LIMIT,1701135186891,190,0.3767680
SUPERUSDT,SELL,LIMIT,1701135280136,470,0.3626108
SUPERUSDT,SELL,LIMIT,1701135393231,345,0.3611183
SUPERUSDT,SELL,LIMIT,1701135630639,799,0.3555187
SUPERUSDT,SELL,LIMIT,1701135633300,1044,0.3547142
SUPERUSDT,SELL,LIMIT,1701135637091,12048,0.3531226
SUPERUSDT,SELL,LIMIT,1701135638904,218,0.3525153
SUPERUSDT,SELL,LIMIT,1701135643116,358,0.3516049
SUPERUSDT,SELL,LIMIT,1701135645708,56,0.3516417
SUPERUSDT,SELL,LIMIT,1701135698514,314,0.3503014
SUPERUSDT,SELL,LIMIT,1701135699658,48,0.3501167
SUPERUSDT,SELL,LIMIT,1701135704260,35,0.3496789
SUPERUSDT,SELL,LIMIT,1701135706327,2837,0.3494969
SUPERUSDT,SELL,LIMIT,1701135710280,990,0.3491879
SUPERUSDT,SELL,LIMIT,1701135714542,104,0.3489035
SUPERUSDT,SELL,LIMIT,1701135719179,14000,0.3487548
SUPERUSDT,SELL,LIMIT,1701135743987,130,0.3479571
SUPERUSDT,SELL,LIMIT,1701135764679,1292,0.3468231
SUPERUSDT,SELL,LIMIT,1701135769670,58,0.3467641
SUPERUSDT,SELL,LIMIT,1701135773620,304,0.3465796
SUPERUSDT,SELL,LIMIT,1701135783100,271,0.3451298
SUPERUSDT,SELL,LIMIT,1701135785447,1025,0.3443581
SUPERUSDT,SELL,LIMIT,1701135788135,5000,0.3437219
SUPERUSDT,SELL,LIMIT,1701135790159,16642,0.3425252
SUPERUSDT,BUY,LIMIT,1701135846313,14297,0.3566240
SUPERUSDT,BUY,LIMIT,1701135908238,317,0.3597154
SUPERUSDT,SELL,LIMIT,1701136014333,84,0.3510844
SUPERUSDT,SELL,LIMIT,1701136144467,52,0.3495153
SUPERUSDT,SELL,LIMIT,1701136771835,121,0.3452038
SUPERUSDT,BUY,LIMIT,1701136792940,742,0.3609066
SUPERUSDT,SELL,LIMIT,1701136819195,9761,0.3479317
SUPERUSDT,SELL,LIMIT,1701136936293,240,0.3480546
SUPERUSDT,SELL,LIMIT,1701137355621,2154,0.3455206
SUPERUSDT,SELL,LIMIT,1701137359134,76,0.3434813
SUPERUSDT,SELL,LIMIT,1701137361710,4137,0.3431616
SUPERUSDT,SELL,LIMIT,1701137367785,414,0.3422501
SUPERUSDT,SELL,LIMIT,1701137373073,32966,0.3394116
SUPERUSDT,SELL,LIMIT,1701137928265,56,0.3402791
SUPERUSDT,BUY,LIMIT,1701138307244,110,0.3632945
SUPERUSDT,BUY,LIMIT,1701138366300,304,0.3663908
SUPERUSDT,BUY,LIMIT,1701138368134,1368,0.3680968
SUPERUSDT,BUY,LIMIT,1701138379824,1419,0.3698445
SUPERUSDT,BUY,LIMIT,1701138380873,965,0.3711419
SUPERUSDT,BUY,LIMIT,1701138383423,40847,0.3759983
SUPERUSDT,BUY,LIMIT,1701138427619,759,0.3771166
SUPERUSDT,BUY,LIMIT,1701138429509,257,0.3774285
SUPERUSDT,BUY,LIMIT,1701138490245,4273,0.3792697
SUPERUSDT,BUY,LIMIT,1701138495353,680,0.3813745
SUPERUSDT,SELL,LIMIT,1701138499161,706,0.3683189
SUPERUSDT,BUY,LIMIT,1701138537044,632,0.3835721
SUPERUSDT,BUY,LIMIT,1701138538269,1063,0.3826682
SUPERUSDT,BUY,LIMIT,1701138542351,16,0.3844951
SUPERUSDT,BUY,LIMIT,1701138545457,426,0.3845991
SUPERUSDT,SELL,LIMIT,1701138731864,150,0.3651246
SUPERUSDT,SELL,LIMIT,1701138749206,379,0.3643183
SUPERUSDT,SELL,LIMIT,1701138792215,463,0.3604452
SUPERUSDT,BUY,LIMIT,1701138846175,45,0.3731221
SUPERUSDT,SELL,LIMIT,1701138885577,269,0.3614124
SUPERUSDT,SELL,LIMIT,1701139060019,480,0.3565668
SUPERUSDT,SELL,LIMIT,1701139066301,1334,0.3561525
SUPERUSDT,SELL,LIMIT,1701139103776,803,0.3548949
SUPERUSDT,SELL,LIMIT,1701139108862,699,0.3532138
SUPERUSDT,BUY,LIMIT,1701139128605,139,0.3659277
SUPERUSDT,BUY,LIMIT,1701139741167,650,0.3665102
SUPERUSDT,BUY,LIMIT,1701140502299,1190,0.3686598
SUPERUSDT,BUY,LIMIT,1701140818282,49,0.3708467
SUPERUSDT,BUY,LIMIT,1701140860910,80,0.3768457
SUPERUSDT,BUY,LIMIT,1701140885686,79,0.3783001
SUPERUSDT,BUY,LIMIT,1701140904115,49,0.3794234
SUPERUSDT,SELL,LIMIT,1701140956357,2821,0.3660046
SUPERUSDT,SELL,LIMIT,1701141483889,97,0.3603065
SUPERUSDT,SELL,LIMIT,1701141836755,13245,0.3628890
SUPERUSDT,BUY,LIMIT,1701142253795,1478,0.3780025
SUPERUSDT,BUY,LIMIT,1701142483006,1361,0.3810814
SUPERUSDT,BUY,LIMIT,1701142795796,1817,0.3809926
SUPERUSDT,SELL,LIMIT,1701142988125,5189,0.3603126
SUPERUSDT,SELL,LIMIT,1701143137524,2214,0.3577647
SUPERUSDT,SELL,LIMIT,1701143154329,538,0.3555650
SUPERUSDT,SELL,LIMIT,1701143158070,174,0.3552863
SUPERUSDT,SELL,LIMIT,1701143160568,29741,0.3532932
SUPERUSDT,SELL,LIMIT,1701143164239,13741,0.3544215
SUPERUSDT,SELL,LIMIT,1701143167312,1028,0.3538276
SUPERUSDT,SELL,LIMIT,1701143184665,198,0.3535193
SUPERUSDT,BUY,LIMIT,1701143426479,13837,0.3684708
SUPERUSDT,BUY,LIMIT,1701143428047,1216,0.3688609
SUPERUSDT,BUY,LIMIT,1701143844354,483,0.3716077
SUPERUSDT,BUY,LIMIT,1701144001506,2354,0.3761201
SUPERUSDT,BUY,LIMIT,1701144364029,8566,0.3727065
SUPERUSDT,BUY,LIMIT,1701145820580,319,0.3651181
SUPERUSDT,SELL,LIMIT,1701146053026,337,0.3515348
SUPERUSDT,SELL,LIMIT,1701146767365,61,0.3528271
SUPERUSDT,SELL,LIMIT,1701147488184,20,0.3512427
SUPERUSDT,SELL,LIMIT,1701147499256,3827,0.3499255
SUPERUSDT,SELL,LIMIT,1701147507686,2357,0.3481287
SUPERUSDT,SELL,LIMIT,1701147891408,139,0.3518869
SUPERUSDT,BUY,LIMIT,1701148299398,59,0.3616527
SUPERUSDT,BUY,LIMIT,1701148332183,199,0.3623539
SUPERUSDT,BUY,LIMIT,1701148625544,7033,0.3673756
SUPERUSDT,SELL,LIMIT,1701149178092,2085,0.3529701
SUPERUSDT,BUY,LIMIT,1701150467178,1230,0.3715614
SUPERUSDT,BUY,LIMIT,1701150563751,1076,0.3724903
SUPERUSDT,BUY,LIMIT,1701150574350,349,0.3726498
SUPERUSDT,BUY,LIMIT,1701150575995,30,0.3728095
SUPERUSDT,SELL,LIMIT,1701150688581,56,0.3598314
SUPERUSDT,BUY,LIMIT,1701151239516,713,0.3714727
SUPERUSDT,BUY,LIMIT,1701151328618,12306,0.3734085
SUPERUSDT,BUY,LIMIT,1701151355359,1154,0.3743648
SUPERUSDT,SELL,LIMIT,1701151372622,791,0.3613381
SUPERUSDT,SELL,LIMIT,1701151388206,592,0.3606182
SUPERUSDT,SELL,LIMIT,1701151452064,2683,0.3578167
SUPERUSDT,BUY,LIMIT,1701152131005,1514,0.3767515
SUPERUSDT,BUY,LIMIT,1701152132149,6000,0.3788768
SUPERUSDT,BUY,LIMIT,1701152140444,119,0.3802258
SUPERUSDT,BUY,LIMIT,1701152826845,228,0.3793471
SUPERUSDT,BUY,LIMIT,1701152856238,55,0.3813518
SUPERUSDT,BUY,LIMIT,1701152857352,73,0.3817101
SUPERUSDT,BUY,LIMIT,1701153383087,3071,0.3827611
SUPERUSDT,BUY,LIMIT,1701153386916,626,0.3828831
SUPERUSDT,SELL,LIMIT,1701153552115,368,0.3648783
SUPERUSDT,SELL,LIMIT,1701153554458,3280,0.3647320
SUPERUSDT,SELL,LIMIT,1701153556233,169,0.3638904
SUPERUSDT,SELL,LIMIT,1701153571348,13513,0.3621035
SUPERUSDT,SELL,LIMIT,1701153579863,120,0.3619086
SUPERUSDT,SELL,LIMIT,1701153625097,3065,0.3609052
SUPERUSDT,SELL,LIMIT,1701153634273,16,0.3597942
SUPERUSDT,BUY,LIMIT,1701153685454,272,0.3736402
SUPERUSDT,BUY,LIMIT,1701153993287,1343,0.3783920
SUPERUSDT,SELL,LIMIT,1701154239011,130,0.3590959
SUPERUSDT,BUY,LIMIT,1701154455077,104,0.3723604
SUPERUSDT,SELL,LIMIT,1701155347815,783,0.3707962
SUPERUSDT,BUY,LIMIT,1701155368217,3561,0.3770264
SUPERUSDT,BUY,LIMIT,1701155434648,445,0.3792795
SUPERUSDT,BUY,LIMIT,1701155464435,5149,0.3803673
SUPERUSDT,BUY,LIMIT,1701155785366,383,0.3811311
SUPERUSDT,BUY,LIMIT,1701155861341,19,0.3831770
SUPERUSDT,BUY,LIMIT,1701155880427,2500,0.3852317
SUPERUSDT,BUY,LIMIT,1701155881742,272,0.3873629
SUPERUSDT,BUY,LIMIT,1701156152235,16,0.3884369
SUPERUSDT,BUY,LIMIT,1701156156237,4857,0.3888694
SUPERUSDT,BUY,LIMIT,1701156158531,917,0.3885866
SUPERUSDT,BUY,LIMIT,1701156161093,1392,0.3890083
SUPERUSDT,BUY,LIMIT,1701156165102,685,0.3890931
SUPERUSDT,BUY,LIMIT,1701156179933,501,0.3894998
SUPERUSDT,BUY,LIMIT,1701156185808,3763,0.3902710
SUPERUSDT,BUY,LIMIT,1701156187003,4748,0.3908579
SUPERUSDT,SELL,LIMIT,1701156269436,2536,0.3771065
SUPERUSDT,SELL,LIMIT,1701156480084,541,0.3756706
SUPERUSDT,SELL,LIMIT,1701156491031,317,0.3755723
SUPERUSDT,SELL,LIMIT,1701156495022,78,0.3741705
SUPERUSDT,SELL,LIMIT,1701156505347,381,0.3718963
SUPERUSDT,BUY,LIMIT,1701156751131,9849,0.3919930
SUPERUSDT,BUY,LIMIT,1701156752447,777,0.3921212
SUPERUSDT,BUY,LIMIT,1701156755200,60,0.3927614
SUPERUSDT,BUY,LIMIT,1701156807541,3658,0.3933125
SUPERUSDT,BUY,LIMIT,1701156811749,120,0.3941778
SUPERUSDT,BUY,LIMIT,1701156825258,2796,0.3942260
SUPERUSDT,BUY,LIMIT,1701156866028,633,0.3947165
SUPERUSDT,BUY,LIMIT,1701156870156,230,0.3948319
SUPERUSDT,SELL,LIMIT,1701156905224,100,0.3812401
SUPERUSDT,BUY,LIMIT,1701156988149,243,0.3953407
SUPERUSDT,BUY,LIMIT,1701156989285,98,0.3951789
SUPERUSDT,BUY,LIMIT,1701156993564,11135,0.3953815
SUPERUSDT,BUY,LIMIT,1701156995081,388,0.3959372
SUPERUSDT,BUY,LIMIT,1701156999310,103,0.3968647
SUPERUSDT,BUY,LIMIT,1701157000388,59,0.3975427
SUPERUSDT,BUY,LIMIT,1701157013233,13708,0.3978774
SUPERUSDT,BUY,LIMIT,1701157018194,2816,0.3988067
SUPERUSDT,BUY,LIMIT,1701157024873,526,0.3989354
SUPERUSDT,BUY,LIMIT,1701157026815,715,0.3993718
SUPERUSDT,BUY,LIMIT,1701157034128,176,0.3997303
SUPERUSDT,BUY,LIMIT,1701157091123,25,0.4007394
SUPERUSDT,BUY,LIMIT,1701157092733,1948,0.4012906
SUPERUSDT,BUY,LIMIT,1701157105655,14820,0.4020897
SUPERUSDT,BUY,LIMIT,1701157158126,342,0.3997546
SUPERUSDT,BUY,LIMIT,1701157254156,6033,0.4023229
SUPERUSDT,BUY,LIMIT,1701157258052,9000,0.4040584
SUPERUSDT,BUY,LIMIT,1701157259195,1410,0.4032808
SUPERUSDT,BUY,LIMIT,1701157304937,1873,0.4040900
SUPERUSDT,BUY,LIMIT,1701157306059,150,0.4050925
SUPERUSDT,BUY,LIMIT,1701157319344,1716,0.4056910
SUPERUSDT,BUY,LIMIT,1701157341548,336,0.4062348
SUPERUSDT,BUY,LIMIT,1701157369354,7546,0.4068659
SUPERUSDT,BUY,LIMIT,1701157372311,8120,0.4077561
SUPERUSDT,BUY,LIMIT,1701157375563,79,0.4083557
SUPERUSDT,BUY,LIMIT,1701157377114,4249,0.4088142
SUPERUSDT,BUY,LIMIT,1701157379193,55,0.4088507
SUPERUSDT,BUY,LIMIT,1701157380348,837,0.4089756
SUPERUSDT,BUY,LIMIT,1701157381745,1294,0.4093900
SUPERUSDT,BUY,LIMIT,1701157452852,1493,0.4100382
SUPERUSDT,BUY,LIMIT,1701157457571,22000,0.4129841
SUPERUSDT,BUY,LIMIT,1701157460384,3484,0.4117324
SUPERUSDT,BUY,LIMIT,1701157473941,442,0.4120529
SUPERUSDT,SELL,LIMIT,1701157530021,437,0.3917165
SUPERUSDT,SELL,LIMIT,1701157533509,2770,0.3891395
SUPERUSDT,SELL,LIMIT,1701157549011,5406,0.3876409
SUPERUSDT,BUY,LIMIT,1701157610579,3437,0.4024498
SUPERUSDT,BUY,LIMIT,1701157619727,35,0.4035294
SUPERUSDT,BUY,LIMIT,1701157669326,275,0.4062988
SUPERUSDT,SELL,LIMIT,1701157680290,337,0.3922392
SUPERUSDT,BUY,LIMIT,1701157721413,261,0.4063503
SUPERUSDT,BUY,LIMIT,1701157730428,377,0.4086703
SUPERUSDT,BUY,LIMIT,1701157732779,3511,0.4089416
SUPERUSDT,SELL,LIMIT,1701157795543,750,0.3924943
SUPERUSDT,BUY,LIMIT,1701157800584,143,0.4060845
SUPERUSDT,BUY,LIMIT,1701158003499,424,0.4067411
SUPERUSDT,BUY,LIMIT,1701158020874,3486,0.4073827
SUPERUSDT,BUY,LIMIT,1701158188383,114,0.4070666
SUPERUSDT,BUY,LIMIT,1701158258156,100,0.4090545
SUPERUSDT,BUY,LIMIT,1701158266141,1530,0.4099231
SUPERUSDT,BUY,LIMIT,1701158467512,12500,0.4097188
SUPERUSDT,BUY,LIMIT,1701158468569,569,0.4101283
SUPERUSDT,BUY,LIMIT,1701158469604,614,0.4122725
SUPERUSDT,BUY,LIMIT,1701158480453,201,0.4136538
SUPERUSDT,BUY,LIMIT,1701158481925,1132,0.4143687
SUPERUSDT,BUY,LIMIT,1701158485366,231,0.4149364
SUPERUSDT,BUY,LIMIT,1701158488245,264,0.4159287
SUPERUSDT,BUY,LIMIT,1701158544833,18745,0.4180154
SUPERUSDT,BUY,LIMIT,1701158547159,27,0.4167753
SUPERUSDT,BUY,LIMIT,1701158549402,971,0.4169750
SUPERUSDT,BUY,LIMIT,1701158551175,672,0.4174066
SUPERUSDT,BUY,LIMIT,1701158552218,92,0.4173791
SUPERUSDT,BUY,LIMIT,1701158553449,1219,0.4181179
SUPERUSDT,BUY,LIMIT,1701158554491,1428,0.4182867
SUPERUSDT,BUY,LIMIT,1701158584658,24861,0.4206281
SUPERUSDT,BUY,LIMIT,1701158586607,92,0.4189317
SUPERUSDT,BUY,LIMIT,1701158589695,36,0.4189568
SUPERUSDT,BUY,LIMIT,1701158590792,62846,0.4233063
SUPERUSDT,BUY,LIMIT,1701158591802,1893,0.4199483
SUPERUSDT,BUY,LIMIT,1701158613051,1749,0.4212329
SUPERUSDT,BUY,LIMIT,1701158614062,1378,0.4205546
SUPERUSDT,BUY,LIMIT,1701158654877,90,0.4220288
SUPERUSDT,BUY,LIMIT,1701158657788,3505,0.4225749
SUPERUSDT,BUY,LIMIT,1701158660405,359,0.4230196
SUPERUSDT,BUY,LIMIT,1701158661481,2400,0.4240618
SUPERUSDT,BUY,LIMIT,1701158664245,1888,0.4257068
SUPERUSDT,BUY,LIMIT,1701158665648,753,0.4265808
SUPERUSDT,BUY,LIMIT,1701158681240,1204,0.4232170
SUPERUSDT,BUY,LIMIT,1701158682435,26240,0.4293525
SUPERUSDT,BUY,LIMIT,1701158704228,966,0.4275117
SUPERUSDT,BUY,LIMIT,1701158706286,8000,0.4281794
SUPERUSDT,BUY,LIMIT,1701158707816,689,0.4288432
SUPERUSDT,BUY,LIMIT,1701158709123,427,0.4304896
SUPERUSDT,BUY,LIMIT,1701158710283,121,0.4297858
SUPERUSDT,BUY,LIMIT,1701158720258,1122,0.4309849
SUPERUSDT,BUY,LIMIT,1701158737044,2754,0.4327173
SUPERUSDT,BUY,LIMIT,1701158738125,336,0.4314279
SUPERUSDT,BUY,LIMIT,1701158739299,2180,0.4325735
SUPERUSDT,BUY,LIMIT,1701158740558,3962,0.4336108
SUPERUSDT,BUY,LIMIT,1701158741588,25,0.4336263
SUPERUSDT,BUY,LIMIT,1701158791010,4742,0.4326196
SUPERUSDT,BUY,LIMIT,1701158823199,239,0.4323983
SUPERUSDT,BUY,LIMIT,1701158860389,625,0.4298059
SUPERUSDT,SELL,LIMIT,1701158912578,105,0.4109980
SUPERUSDT,SELL,LIMIT,1701158914396,826,0.4107732
SUPERUSDT,SELL,LIMIT,1701158969062,399,0.4112921
SUPERUSDT,SELL,LIMIT,1701159042664,1889,0.4108287
SUPERUSDT,SELL,LIMIT,1701159051686,278,0.4100178
SUPERUSDT,SELL,LIMIT,1701159057391,1601,0.4097138
SUPERUSDT,BUY,LIMIT,1701159132181,543,0.4251315
SUPERUSDT,BUY,LIMIT,1701159134991,10538,0.4255269
SUPERUSDT,BUY,LIMIT,1701159148863,617,0.4274940
SUPERUSDT,BUY,LIMIT,1701159152143,2226,0.4285077
SUPERUSDT,SELL,LIMIT,1701159158379,46,0.4122526
SUPERUSDT,SELL,LIMIT,1701159159758,1277,0.4112546
SUPERUSDT,SELL,LIMIT,1701159171677,3737,0.4119571
SUPERUSDT,SELL,LIMIT,1701159209675,6566,0.4107028
SUPERUSDT,SELL,LIMIT,1701159215010,578,0.4104374
SUPERUSDT,BUY,LIMIT,1701159252312,284,0.4253408
SUPERUSDT,BUY,LIMIT,1701159253945,1183,0.4263056
SUPERUSDT,SELL,LIMIT,1701159370479,154,0.4114985
SUPERUSDT,SELL,LIMIT,1701159410366,15,0.4098491
SUPERUSDT,SELL,LIMIT,1701159414911,404,0.4092738
SUPERUSDT,BUY,LIMIT,1701159426151,162,0.4239424
SUPERUSDT,BUY,LIMIT,1701159429105,156,0.4253354
SUPERUSDT,BUY,LIMIT,1701159430183,446,0.4259421
SUPERUSDT,BUY,LIMIT,1701159483522,247,0.4277719
SUPERUSDT,BUY,LIMIT,1701159490315,301,0.4294903
SUPERUSDT,BUY,LIMIT,1701159491418,102,0.4306520
SUPERUSDT,BUY,LIMIT,1701159492596,1468,0.4316099
SUPERUSDT,BUY,LIMIT,1701159511319,557,0.4321700
SUPERUSDT,BUY,LIMIT,1701159525251,47,0.4326177
SUPERUSDT,BUY,LIMIT,1701159527339,1387,0.4334209
SUPERUSDT,SELL,LIMIT,1701159543993,502,0.4161243
SUPERUSDT,BUY,LIMIT,1701159579244,26,0.4309435
SUPERUSDT,SELL,LIMIT,1701159675345,629,0.4141415
SUPERUSDT,SELL,LIMIT,1701159676894,472,0.4139915
SUPERUSDT,SELL,LIMIT,1701159727167,214,0.4127906
SUPERUSDT,SELL,LIMIT,1701159738958,31,0.4121140
SUPERUSDT,SELL,LIMIT,1701159742514,4759,0.4115532
SUPERUSDT,SELL,LIMIT,1701159748217,1974,0.4108688
SUPERUSDT,SELL,LIMIT,1701159783486,42,0.4105079
SUPERUSDT,SELL,LIMIT,1701159785054,14,0.4085975
SUPERUSDT,SELL,LIMIT,1701159786193,5764,0.4090997
SUPERUSDT,SELL,LIMIT,1701159788260,2243,0.4065612
SUPERUSDT,SELL,LIMIT,1701159793679,378,0.4063449
SUPERUSDT,BUY,LIMIT,1701159826051,1532,0.4220223
SUPERUSDT,BUY,LIMIT,1701159827096,601,0.4235324
SUPERUSDT,BUY,LIMIT,1701159828158,1084,0.4230130
SUPERUSDT,BUY,LIMIT,1701159902026,42,0.4251315
SUPERUSDT,BUY,LIMIT,1701159908726,2990,0.4262764
SUPERUSDT,SELL,LIMIT,1701159928874,1639,0.4123241
SUPERUSDT,SELL,LIMIT,1701160057951,32,0.4113901
SUPERUSDT,SELL,LIMIT,1701160071903,1058,0.4113081
SUPERUSDT,SELL,LIMIT,1701160075544,449,0.4101201
SUPERUSDT,SELL,LIMIT,1701160079222,3617,0.4096106
SUPERUSDT,SELL,LIMIT,1701160080678,1692,0.4094461
SUPERUSDT,BUY,LIMIT,1701160090809,7567,0.4241034
SUPERUSDT,BUY,LIMIT,1701160157384,1798,0.4252571
SUPERUSDT,BUY,LIMIT,1701160185543,25,0.4256683
SUPERUSDT,SELL,LIMIT,1701160244344,816,0.4101675
SUPERUSDT,SELL,LIMIT,1701160249440,360,0.4096525
SUPERUSDT,SELL,LIMIT,1701160261853,2058,0.4092416
SUPERUSDT,SELL,LIMIT,1701160266043,336,0.4086719
SUPERUSDT,SELL,LIMIT,1701160267400,24,0.4084764
SUPERUSDT,SELL,LIMIT,1701160268553,1407,0.4074258
SUPERUSDT,SELL,LIMIT,1701160284292,40,0.4064475
SUPERUSDT,BUY,LIMIT,1701160288037,903,0.4210134
SUPERUSDT,BUY,LIMIT,1701160331171,2414,0.4218110
SUPERUSDT,BUY,LIMIT,1701160332352,120,0.4237269
SUPERUSDT,SELL,LIMIT,1701160338723,524,0.4096395
SUPERUSDT,SELL,LIMIT,1701160341048,119,0.4089667
SUPERUSDT,BUY,LIMIT,1701160390053,73,0.4244711
SUPERUSDT,BUY,LIMIT,1701160457145,2000,0.4243715
SUPERUSDT,BUY,LIMIT,1701160513352,1674,0.4260612
SUPERUSDT,BUY,LIMIT,1701160523636,61,0.4261490
SUPERUSDT,BUY,LIMIT,1701160524640,1242,0.4276014
SUPERUSDT,BUY,LIMIT,1701160527080,130,0.4282888
SUPERUSDT,BUY,LIMIT,1701160546210,238,0.4293615
SUPERUSDT,BUY,LIMIT,1701160548724,148,0.4292455
SUPERUSDT,SELL,LIMIT,1701160641827,1640,0.4138709
SUPERUSDT,SELL,LIMIT,1701160654245,11845,0.4136405
SUPERUSDT,SELL,LIMIT,1701160656661,594,0.4123410
SUPERUSDT,BUY,LIMIT,1701160676147,130,0.4245554
SUPERUSDT,SELL,LIMIT,1701160757609,131,0.4119331
SUPERUSDT,SELL,LIMIT,1701160804272,336,0.4114692
SUPERUSDT,SELL,LIMIT,1701160848182,85,0.4108296
SUPERUSDT,SELL,LIMIT,1701160981332,8602,0.4107007
SUPERUSDT,SELL,LIMIT,1701160989183,104,0.4102380
SUPERUSDT,BUY,LIMIT,1701161028399,1141,0.4253297
SUPERUSDT,BUY,LIMIT,1701161029412,77,0.4254104
SUPERUSDT,BUY,LIMIT,1701161044056,712,0.4256120
SUPERUSDT,BUY,LIMIT,1701161077918,11956,0.4266510
SUPERUSDT,BUY,LIMIT,1701161081197,6393,0.4267867
SUPERUSDT,SELL,LIMIT,1701161107076,52,0.4113844
SUPERUSDT,BUY,LIMIT,1701161185252,84,0.4272723
SUPERUSDT,BUY,LIMIT,1701161193319,119,0.4276802
SUPERUSDT,BUY,LIMIT,1701161211202,1914,0.4284958
SUPERUSDT,SELL,LIMIT,1701161224692,4626,0.4133516
SUPERUSDT,SELL,LIMIT,1701161228384,91,0.4132125
SUPERUSDT,SELL,LIMIT,1701161336061,961,0.4136795
SUPERUSDT,BUY,LIMIT,1701161472978,69,0.4288527
SUPERUSDT,BUY,LIMIT,1701161479874,59,0.4292432
SUPERUSDT,BUY,LIMIT,1701161481984,8954,0.4297339
SUPERUSDT,BUY,LIMIT,1701161485604,102,0.4312087
SUPERUSDT,SELL,LIMIT,1701161508512,247,0.4148193
SUPERUSDT,SELL,LIMIT,1701161510706,2360,0.4147807
SUPERUSDT,SELL,LIMIT,1701161512774,1778,0.4136403
SUPERUSDT,SELL,LIMIT,1701161628330,8838,0.4120748
SUPERUSDT,SELL,LIMIT,1701161631038,7069,0.4117867
SUPERUSDT,SELL,LIMIT,1701161676857,146,0.4112887
SUPERUSDT,SELL,LIMIT,1701161704117,5131,0.4098524
SUPERUSDT,SELL,LIMIT,1701161737219,187,0.4091493
SUPERUSDT,SELL,LIMIT,1701161766084,2515,0.4089990
SUPERUSDT,SELL,LIMIT,1701161880065,1663,0.4083561
SUPERUSDT,BUY,LIMIT,1701161917321,1146,0.4234250
SUPERUSDT,BUY,LIMIT,1701161919865,313,0.4248368
SUPERUSDT,BUY,LIMIT,1701161956054,1008,0.4255012
SUPERUSDT,SELL,LIMIT,1701162133363,314,0.4100354
SUPERUSDT,SELL,LIMIT,1701162188064,682,0.4081950
SUPERUSDT,SELL,LIMIT,1701162224218,1080,0.4080574
SUPERUSDT,SELL,LIMIT,1701162303112,70,0.4076920
SUPERUSDT,BUY,LIMIT,1701162370377,592,0.4229097
SUPERUSDT,BUY,LIMIT,1701162410275,218,0.4247516
SUPERUSDT,BUY,LIMIT,1701162411392,2727,0.4266044
SUPERUSDT,BUY,LIMIT,1701162412850,22,0.4266720
SUPERUSDT,BUY,LIMIT,1701162413903,126,0.4278064
SUPERUSDT,BUY,LIMIT,1701162414945,681,0.4290895
SUPERUSDT,BUY,LIMIT,1701162427593,118,0.4285978
SUPERUSDT,SELL,LIMIT,1701162444798,7905,0.4120099
SUPERUSDT,SELL,LIMIT,1701162953241,578,0.4082487
SUPERUSDT,SELL,LIMIT,1701162970063,101,0.4080901
SUPERUSDT,SELL,LIMIT,1701162972126,301,0.4076638
SUPERUSDT,SELL,LIMIT,1701162976143,31,0.4075169
SUPERUSDT,SELL,LIMIT,1701162990571,359,0.4068240
SUPERUSDT,BUY,LIMIT,1701163012193,15,0.4193006
SUPERUSDT,SELL,LIMIT,1701163013695,2882,0.4059759
SUPERUSDT,SELL,LIMIT,1701163015380,682,0.4049741
SUPERUSDT,SELL,LIMIT,1701163019484,71,0.4049436
SUPERUSDT,SELL,LIMIT,1701163024381,239,0.4046014
SUPERUSDT,SELL,LIMIT,1701163026954,357,0.4037677
SUPERUSDT,SELL,LIMIT,1701163028313,320,0.4028464
SUPERUSDT,SELL,LIMIT,1701163029392,100,0.4035157
SUPERUSDT,SELL,LIMIT,1701163037204,93,0.4018939
SUPERUSDT,SELL,LIMIT,1701163038409,309,0.4018140
SUPERUSDT,SELL,LIMIT,1701163043110,16357,0.4001492
SUPERUSDT,SELL,LIMIT,1701163044198,23041,0.3996543
SUPERUSDT,SELL,LIMIT,1701163045367,21403,0.3991783
SUPERUSDT,SELL,LIMIT,1701163048300,768,0.4006186
SUPERUSDT,SELL,LIMIT,1701163049315,2597,0.4003604
SUPERUSDT,SELL,LIMIT,1701163058965,7987,0.4003624
SUPERUSDT,SELL,LIMIT,1701163062127,21,0.3990667
SUPERUSDT,SELL,LIMIT,1701163063139,107,0.4001241
SUPERUSDT,SELL,LIMIT,1701163064166,217,0.3985201
SUPERUSDT,SELL,LIMIT,1701163066058,290,0.3980599
SUPERUSDT,SELL,LIMIT,1701163070257,200,0.3978642
SUPERUSDT,SELL,LIMIT,1701163071299,1254,0.3979966
SUPERUSDT,SELL,LIMIT,1701163072608,285,0.3972232
SUPERUSDT,SELL,LIMIT,1701163074195,12,0.3970144
SUPERUSDT,SELL,LIMIT,1701163076173,853,0.3966712
SUPERUSDT,SELL,LIMIT,1701163085043,1000,0.3966256
SUPERUSDT,SELL,LIMIT,1701163086043,225,0.3960735
SUPERUSDT,SELL,LIMIT,1701163087153,3274,0.3958955
SUPERUSDT,SELL,LIMIT,1701163088185,332,0.3958692
SUPERUSDT,SELL,LIMIT,1701163089231,2795,0.3957883
SUPERUSDT,BUY,LIMIT,1701163103523,8735,0.4111833
SUPERUSDT,SELL,LIMIT,1701163116502,510,0.3982273
SUPERUSDT,SELL,LIMIT,1701163153401,6012,0.3955515
SUPERUSDT,SELL,LIMIT,1701163155051,43,0.3952967
SUPERUSDT,SELL,LIMIT,1701163157570,85,0.3953962
SUPERUSDT,SELL,LIMIT,1701163196046,990,0.3944282
SUPERUSDT,SELL,LIMIT,1701163197176,70,0.3948935
SUPERUSDT,SELL,LIMIT,1701163198565,554,0.3945179
SUPERUSDT,SELL,LIMIT,1701163202144,92,0.3942671
SUPERUSDT,SELL,LIMIT,1701163242049,1546,0.3938095
SUPERUSDT,SELL,LIMIT,1701163246115,8967,0.3936741
SUPERUSDT,SELL,LIMIT,1701163247149,127,0.3931596
SUPERUSDT,SELL,LIMIT,1701163249746,323,0.3930050
SUPERUSDT,SELL,LIMIT,1701163250824,55,0.3924327
SUPERUSDT,SELL,LIMIT,1701163252008,1872,0.3918254
SUPERUSDT,SELL,LIMIT,1701163253219,388,0.3909785
SUPERUSDT,SELL,LIMIT,1701163264473,500,0.3907677
SUPERUSDT,SELL,LIMIT,1701163281061,881,0.3909181
SUPERUSDT,SELL,LIMIT,1701163288262,59073,0.3876088
SUPERUSDT,SELL,LIMIT,1701163289236,705,0.3904040
SUPERUSDT,SELL,LIMIT,1701163294375,276,0.3891372
SUPERUSDT,SELL,LIMIT,1701163295631,19753,0.3872587
SUPERUSDT,SELL,LIMIT,1701163296674,312,0.3885198
SUPERUSDT,SELL,LIMIT,1701163297782,1638,0.3884654
SUPERUSDT,SELL,LIMIT,1701163300107,1345,0.3874774
SUPERUSDT,SELL,LIMIT,1701163302015,448,0.3870662
SUPERUSDT,BUY,LIMIT,1701163337305,21,0.4011658
SUPERUSDT,BUY,LIMIT,1701163355051,12648,0.4018751
SUPERUSDT,BUY,LIMIT,1701163361280,52,0.4029672
SUPERUSDT,BUY,LIMIT,1701163384312,37,0.4046394
SUPERUSDT,BUY,LIMIT,1701163414051,225,0.4052823
SUPERUSDT,BUY,LIMIT,1701163476288,198,0.4062967
SUPERUSDT,BUY,LIMIT,1701163493266,3484,0.4064560
SUPERUSDT,BUY,LIMIT,1701163510935,924,0.4069054
SUPERUSDT,BUY,LIMIT,1701163514172,3481,0.4077720
SUPERUSDT,BUY,LIMIT,1701163516459,2211,0.4085318
SUPERUSDT,SELL,LIMIT,1701163695748,6435,0.3938687
SUPERUSDT,SELL,LIMIT,1701163700934,9341,0.3935359
SUPERUSDT,SELL,LIMIT,1701163703016,12468,0.3926904
SUPERUSDT,SELL,LIMIT,1701163705368,112,0.3920917
SUPERUSDT,SELL,LIMIT,1701163706505,499,0.3906941
SUPERUSDT,BUY,LIMIT,1701163771513,3781,0.4054551
SUPERUSDT,SELL,LIMIT,1701163835599,257,0.3912234
SUPERUSDT,BUY,LIMIT,1701163943307,254,0.4055571
SUPERUSDT,BUY,LIMIT,1701163950088,248,0.4057802
SUPERUSDT,BUY,LIMIT,1701163962376,232,0.4073529
SUPERUSDT,BUY,LIMIT,1701163964102,2649,0.4076484
SUPERUSDT,SELL,LIMIT,1701164170371,207,0.3920919
SUPERUSDT,SELL,LIMIT,1701164184026,8160,0.3906089
SUPERUSDT,SELL,LIMIT,1701164185200,157,0.3902676
SUPERUSDT,SELL,LIMIT,1701164187166,468,0.3901809
SUPERUSDT,SELL,LIMIT,1701164188198,15,0.3898257
SUPERUSDT,SELL,LIMIT,1701164273636,100,0.3888291
SUPERUSDT,SELL,LIMIT,1701164309643,962,0.3879231
SUPERUSDT,SELL,LIMIT,1701164310892,697,0.3876223
SUPERUSDT,SELL,LIMIT,1701164312534,780,0.3873499
SUPERUSDT,SELL,LIMIT,1701164322092,492,0.3864547
SUPERUSDT,SELL,LIMIT,1701164325275,346,0.3853893
SUPERUSDT,SELL,LIMIT,1701164340052,10389,0.3851374
SUPERUSDT,SELL,LIMIT,1701164342214,203,0.3841664
SUPERUSDT,SELL,LIMIT,1701164343264,1700,0.3847263
SUPERUSDT,BUY,LIMIT,1701164355156,59,0.3965266
SUPERUSDT,BUY,LIMIT,1701164364481,158,0.3974291
SUPERUSDT,BUY,LIMIT,1701164406987,5591,0.3975611
SUPERUSDT,BUY,LIMIT,1701164408754,103,0.3977069
SUPERUSDT,SELL,LIMIT,1701164545508,1188,0.3840381
SUPERUSDT,SELL,LIMIT,1701164562443,403,0.3830481
SUPERUSDT,SELL,LIMIT,1701164588253,394,0.3824988
SUPERUSDT,BUY,LIMIT,1701164615109,288,0.3966085
SUPERUSDT,BUY,LIMIT,1701164625142,15,0.3969266
SUPERUSDT,BUY,LIMIT,1701164954222,12790,0.3983135
SUPERUSDT,BUY,LIMIT,1701164955291,1352,0.3986402
SUPERUSDT,BUY,LIMIT,1701164958371,1297,0.3998855
SUPERUSDT,BUY,LIMIT,1701164959406,827,0.4007383
SUPERUSDT,BUY,LIMIT,1701165030208,50,0.4007727
SUPERUSDT,BUY,LIMIT,1701165032562,826,0.4010737
SUPERUSDT,SELL,LIMIT,1701165035603,8,0.3893628
SUPERUSDT,BUY,LIMIT,1701165037789,12846,0.4020009
SUPERUSDT,SELL,LIMIT,1701165075191,22,0.3871788
SUPERUSDT,SELL,LIMIT,1701165128072,333,0.3860868
SUPERUSDT,SELL,LIMIT,1701165195984,3344,0.3852904
SUPERUSDT,SELL,LIMIT,1701165266451,55,0.3846551
SUPERUSDT,SELL,LIMIT,1701165269599,1102,0.3841880
SUPERUSDT,SELL,LIMIT,1701165295035,651,0.3832675
SUPERUSDT,SELL,LIMIT,1701165336043,12591,0.3831558
SUPERUSDT,SELL,LIMIT,1701165337426,936,0.3832694
SUPERUSDT,SELL,LIMIT,1701165341137,1125,0.3814995
SUPERUSDT,SELL,LIMIT,1701165342148,2733,0.3819975
SUPERUSDT,SELL,LIMIT,1701165343233,1241,0.3802942
SUPERUSDT,SELL,LIMIT,1701165344418,324,0.3798191
SUPERUSDT,SELL,LIMIT,1701165345735,1600,0.3792244
SUPERUSDT,SELL,LIMIT,1701165347085,971,0.3788552
SUPERUSDT,BUY,LIMIT,1701165426660,1145,0.3929683
SUPERUSDT,SELL,LIMIT,1701165520136,78,0.3794722
SUPERUSDT,SELL,LIMIT,1701165526454,283,0.3787421
SUPERUSDT,BUY,LIMIT,1701165641205,32,0.3935270
SUPERUSDT,BUY,LIMIT,1701165659488,381,0.3945465
SUPERUSDT,BUY,LIMIT,1701165677281,1198,0.3965061
SUPERUSDT,BUY,LIMIT,1701165740715,12893,0.3978190
SUPERUSDT,BUY,LIMIT,1701165743300,348,0.3979108
SUPERUSDT,SELL,LIMIT,1701165832108,1585,0.3830741
SUPERUSDT,SELL,LIMIT,1701165833282,15,0.3831795
SUPERUSDT,BUY,LIMIT,1701165958026,190,0.3985019
SUPERUSDT,SELL,LIMIT,1701166088670,50,0.3853639
SUPERUSDT,SELL,LIMIT,1701166092358,59,0.3845722
SUPERUSDT,BUY,LIMIT,1701166318576,9683,0.4000896
SUPERUSDT,BUY,LIMIT,1701166593207,9143,0.4004285
SUPERUSDT,BUY,LIMIT,1701166598820,2345,0.4008537
SUPERUSDT,BUY,LIMIT,1701166601161,140,0.4010430
SUPERUSDT,BUY,LIMIT,1701166604590,511,0.4015011
SUPERUSDT,BUY,LIMIT,1701166680151,922,0.4020362
SUPERUSDT,BUY,LIMIT,1701166685311,1107,0.4026131
SUPERUSDT,BUY,LIMIT,1701166704276,12506,0.4032755
SUPERUSDT,BUY,LIMIT,1701166716314,131,0.4036325
SUPERUSDT,BUY,LIMIT,1701166729263,36,0.4042217
SUPERUSDT,BUY,LIMIT,1701166740846,99,0.4044278
SUPERUSDT,SELL,LIMIT,1701166995756,1992,0.3896296
SUPERUSDT,SELL,LIMIT,1701167045690,105,0.3890401
SUPERUSDT,BUY,LIMIT,1701167219084,1056,0.4027105
SUPERUSDT,BUY,LIMIT,1701167365178,96,0.4050517
SUPERUSDT,BUY,LIMIT,1701167366228,1281,0.4058027
SUPERUSDT,BUY,LIMIT,1701167368927,894,0.4060264
SUPERUSDT,BUY,LIMIT,1701167378853,50,0.4062068
SUPERUSDT,BUY,LIMIT,1701167384077,12556,0.4062844
SUPERUSDT,BUY,LIMIT,1701167385163,20,0.4064693
SUPERUSDT,BUY,LIMIT,1701167387090,41,0.4079661
SUPERUSDT,BUY,LIMIT,1701167388467,1011,0.4075833
SUPERUSDT,BUY,LIMIT,1701167528637,110,0.4066090
SUPERUSDT,BUY,LIMIT,1701167584638,2977,0.4079200
SUPERUSDT,BUY,LIMIT,1701167673109,768,0.4083310
SUPERUSDT,BUY,LIMIT,1701167676532,46,0.4084640
SUPERUSDT,BUY,LIMIT,1701167678187,167,0.4115216
SUPERUSDT,BUY,LIMIT,1701167680481,3410,0.4118476
SUPERUSDT,SELL,LIMIT,1701167804862,1319,0.3966087
SUPERUSDT,BUY,LIMIT,1701168124056,794,0.4101563
SUPERUSDT,BUY,LIMIT,1701168150397,49069,0.4147210
SUPERUSDT,BUY,LIMIT,1701168152731,2513,0.4120690
SUPERUSDT,BUY,LIMIT,1701168154161,451,0.4128676
SUPERUSDT,BUY,LIMIT,1701168155292,1351,0.4128460
SUPERUSDT,BUY,LIMIT,1701168157776,11965,0.4137777
SUPERUSDT,SELL,LIMIT,1701168311426,46,0.3993361
SUPERUSDT,SELL,LIMIT,1701168329148,12288,0.3988498
SUPERUSDT,BUY,LIMIT,1701168404831,60,0.4131938
SUPERUSDT,BUY,LIMIT,1701168489685,400,0.4142604
SUPERUSDT,BUY,LIMIT,1701168505317,317,0.4144482
SUPERUSDT,SELL,LIMIT,1701168603110,112,0.3990184
SUPERUSDT,SELL,LIMIT,1701168623427,74,0.3978870
SUPERUSDT,SELL,LIMIT,1701168626155,249,0.3963972
SUPERUSDT,SELL,LIMIT,1701168627382,366,0.3955178
SUPERUSDT,SELL,LIMIT,1701168630376,2046,0.3945173
SUPERUSDT,SELL,LIMIT,1701168633954,1941,0.3940030
SUPERUSDT,SELL,LIMIT,1701168635096,388,0.3920123
SUPERUSDT,SELL,LIMIT,1701168636119,859,0.3920325
SUPERUSDT,SELL,LIMIT,1701168637504,61,0.3917994
SUPERUSDT,BUY,LIMIT,1701168656329,6239,0.4059759
SUPERUSDT,SELL,LIMIT,1701168784245,3756,0.3915429
SUPERUSDT,BUY,LIMIT,1701168857214,4167,0.4057847
SUPERUSDT,BUY,LIMIT,1701168859300,203,0.4063711
SUPERUSDT,BUY,LIMIT,1701168861083,2561,0.4072824
SUPERUSDT,BUY,LIMIT,1701168862253,167,0.4079903
SUPERUSDT,BUY,LIMIT,1701168864456,316,0.4091075
SUPERUSDT,BUY,LIMIT,1701169095428,479,0.4105544
SUPERUSDT,BUY,LIMIT,1701169100299,251,0.4108691
SUPERUSDT,BUY,LIMIT,1701169116577,30,0.4113946
SUPERUSDT,BUY,LIMIT,1701169145686,2429,0.4113873
SUPERUSDT,BUY,LIMIT,1701169195807,2485,0.4121961
SUPERUSDT,BUY,LIMIT,1701169278746,1564,0.4129208
SUPERUSDT,BUY,LIMIT,1701169370065,1513,0.4138872
SUPERUSDT,BUY,LIMIT,1701169381022,13,0.4141432
SUPERUSDT,BUY,LIMIT,1701169391559,603,0.4151704
SUPERUSDT,BUY,LIMIT,1701169394947,758,0.4155535
SUPERUSDT,BUY,LIMIT,1701169396414,103,0.4162028
SUPERUSDT,BUY,LIMIT,1701169400182,12394,0.4165737
SUPERUSDT,BUY,LIMIT,1701169566720,29,0.4164777
SUPERUSDT,BUY,LIMIT,1701169586185,157,0.4168483
SUPERUSDT,BUY,LIMIT,1701169589593,153,0.4171717
SUPERUSDT,BUY,LIMIT,1701169591317,861,0.4175576
SUPERUSDT,BUY,LIMIT,1701169593254,1335,0.4177860
SUPERUSDT,BUY,LIMIT,1701169611260,100,0.4179662
SUPERUSDT,BUY,LIMIT,1701169664774,27,0.4182524
SUPERUSDT,BUY,LIMIT,1701169674268,276,0.4188869
SUPERUSDT,BUY,LIMIT,1701169675693,2985,0.4189751
SUPERUSDT,BUY,LIMIT,1701169679387,259,0.4192133
SUPERUSDT,BUY,LIMIT,1701169680626,1058,0.4196860
SUPERUSDT,BUY,LIMIT,1701169737362,15,0.4199200
SUPERUSDT,BUY,LIMIT,1701169739511,351,0.4200847
SUPERUSDT,BUY,LIMIT,1701169743277,3539,0.4201984
SUPERUSDT,BUY,LIMIT,1701169744873,35,0.4204004
SUPERUSDT,BUY,LIMIT,1701169750085,19274,0.4224336
SUPERUSDT,BUY,LIMIT,1701169752205,1691,0.4210284
SUPERUSDT,BUY,LIMIT,1701169753493,990,0.4212321
SUPERUSDT,BUY,LIMIT,1701169776182,109,0.4215479
SUPERUSDT,BUY,LIMIT,1701169777255,122,0.4215235
SUPERUSDT,BUY,LIMIT,1701169782060,22925,0.4239111
SUPERUSDT,BUY,LIMIT,1701169788765,1009,0.4220618
SUPERUSDT,BUY,LIMIT,1701169791523,2486,0.4224086
SUPERUSDT,BUY,LIMIT,1701169840136,240,0.4234719
SUPERUSDT,BUY,LIMIT,1701169841165,103,0.4242058
SUPERUSDT,BUY,LIMIT,1701169842254,1276,0.4245190
SUPERUSDT,BUY,LIMIT,1701169843293,12531,0.4246427
SUPERUSDT,BUY,LIMIT,1701169846132,170,0.4248378
SUPERUSDT,BUY,LIMIT,1701169847273,16094,0.4262925
SUPERUSDT,SELL,LIMIT,1701169955710,2005,0.4083887
SUPERUSDT,SELL,LIMIT,1701169967291,463,0.4058506
SUPERUSDT,SELL,LIMIT,1701169969236,724,0.4058029
SUPERUSDT,SELL,LIMIT,1701169971191,351,0.4048227
SUPERUSDT,SELL,LIMIT,1701169973061,3876,0.4037922
SUPERUSDT,SELL,LIMIT,1701169975095,1691,0.4017535
SUPERUSDT,SELL,LIMIT,1701169984705,788,0.4007996
SUPERUSDT,SELL,LIMIT,1701169986590,68,0.4003383
SUPERUSDT,SELL,LIMIT,1701169987891,480,0.4000381
SUPERUSDT,SELL,LIMIT,1701169989045,11709,0.3978747
SUPERUSDT,SELL,LIMIT,1701169990109,3038,0.3976991
SUPERUSDT,SELL,LIMIT,1701169991186,7390,0.3966397
SUPERUSDT,BUY,LIMIT,1701170012591,441,0.4123157
SUPERUSDT,BUY,LIMIT,1701170024584,1368,0.4135205
SUPERUSDT,BUY,LIMIT,1701170026598,26,0.4138956
SUPERUSDT,BUY,LIMIT,1701170078857,1016,0.4155710
SUPERUSDT,BUY,LIMIT,1701170201197,983,0.4158573
SUPERUSDT,BUY,LIMIT,1701170202325,174,0.4157501
SUPERUSDT,BUY,LIMIT,1701170221436,100,0.4160579
SUPERUSDT,BUY,LIMIT,1701170229575,131,0.4166222
SUPERUSDT,BUY,LIMIT,1701170237565,3131,0.4170981
SUPERUSDT,BUY,LIMIT,1701170243157,56,0.4176904
SUPERUSDT,BUY,LIMIT,1701170328171,559,0.4181853
SUPERUSDT,BUY,LIMIT,1701170338342,1211,0.4191653
SUPERUSDT,BUY,LIMIT,1701170341760,991,0.4198581
SUPERUSDT,BUY,LIMIT,1701170343439,132,0.4204635
SUPERUSDT,BUY,LIMIT,1701170363895,235,0.4215959
SUPERUSDT,SELL,LIMIT,1701170523302,176,0.4068096
SUPERUSDT,SELL,LIMIT,1701170649651,1416,0.4044307
SUPERUSDT,SELL,LIMIT,1701170666312,1916,0.4040252
SUPERUSDT,BUY,LIMIT,1701170708261,2838,0.4170635
SUPERUSDT,BUY,LIMIT,1701170718805,31,0.3801033
SUPERUSDT,BUY,LIMIT,1701170767248,6900,0.4003879
SUPERUSDT,SELL,LIMIT,1701170780872,605,0.4027304
SUPERUSDT,SELL,LIMIT,1701170783353,770,0.4026000
SUPERUSDT,SELL,LIMIT,1701170785069,692,0.4023645
SUPERUSDT,SELL,LIMIT,1701170798193,152,0.4017592
SUPERUSDT,SELL,LIMIT,1701170804956,290,0.4013814
SUPERUSDT,SELL,LIMIT,1701170813622,957,0.3999207
SUPERUSDT,SELL,LIMIT,1701170865140,1063,0.3991327
SUPERUSDT,BUY,LIMIT,1701170890486,11279,0.4151527
SUPERUSDT,BUY,LIMIT,1701170893157,872,0.4156125
SUPERUSDT,BUY,LIMIT,1701170897838,637,0.4161599
SUPERUSDT,BUY,LIMIT,1701170905159,3923,0.4169252
SUPERUSDT,BUY,LIMIT,1701170941388,1465,0.4109690
SUPERUSDT,BUY,LIMIT,1701170944624,12018,0.4173740
SUPERUSDT,BUY,LIMIT,1701170947804,609,0.4185046
SUPERUSDT,BUY,LIMIT,1701170950822,452,0.4189249
SUPERUSDT,BUY,LIMIT,1701170952532,98,0.4190651
SUPERUSDT,SELL,LIMIT,1701171000506,8998,0.4031473
SUPERUSDT,SELL,LIMIT,1701171002566,1602,0.4032536
SUPERUSDT,BUY,LIMIT,1701171007065,564,0.4173523
SUPERUSDT,BUY,LIMIT,1701171008600,432,0.4174890
SUPERUSDT,BUY,LIMIT,1701171011863,3065,0.4185860
SUPERUSDT,SELL,LIMIT,1701171019796,442,0.4044411
SUPERUSDT,BUY,LIMIT,1701171021104,3315,0.4165560
SUPERUSDT,SELL,LIMIT,1701171121206,1342,0.4026729
SUPERUSDT,SELL,LIMIT,1701171123073,278,0.4013408
SUPERUSDT,SELL,LIMIT,1701171260140,1215,0.4000508
SUPERUSDT,SELL,LIMIT,1701171264227,688,0.3995461
SUPERUSDT,SELL,LIMIT,1701171266674,102,0.3992611
SUPERUSDT,SELL,LIMIT,1701171286343,664,0.3990196
SUPERUSDT,SELL,LIMIT,1701171287942,606,0.3985655
SUPERUSDT,BUY,LIMIT,1701171312150,2028,0.4152734
SUPERUSDT,BUY,LIMIT,1701171313202,122,0.4141125
SUPERUSDT,BUY,LIMIT,1701171370067,738,0.4150505
SUPERUSDT,SELL,LIMIT,1701171514029,133,0.4014997
SUPERUSDT,BUY,LIMIT,1701171811138,68,0.4161128
SUPERUSDT,SELL,LIMIT,1701172030115,2779,0.4028622
SUPERUSDT,SELL,LIMIT,1701172032172,360,0.4021722
SUPERUSDT,SELL,LIMIT,1701172085495,41,0.4006134
SUPERUSDT,SELL,LIMIT,1701172089172,1702,0.4004563
SUPERUSDT,SELL,LIMIT,1701172106799,189,0.3994105
SUPERUSDT,BUY,LIMIT,1701172486803,420,0.4147413
SUPERUSDT,BUY,LIMIT,1701172489151,73,0.4151404
SUPERUSDT,BUY,LIMIT,1701172511160,2000,0.4155929
SUPERUSDT,BUY,LIMIT,1701172516360,33,0.4156124
SUPERUSDT,SELL,LIMIT,1701172656277,23,0.4002850
SUPERUSDT,BUY,LIMIT,1701172781743,2455,0.4152868
SUPERUSDT,BUY,LIMIT,1701172838977,11439,0.4134014
SUPERUSDT,BUY,LIMIT,1701172841325,20,0.4138150
SUPERUSDT,SELL,LIMIT,1701172860540,549,0.3990635
SUPERUSDT,SELL,LIMIT,1701172891338,9483,0.3970957
SUPERUSDT,SELL,LIMIT,1701172894066,119,0.3969162
SUPERUSDT,SELL,LIMIT,1701172895420,2085,0.3948318
SUPERUSDT,BUY,LIMIT,1701172930391,324,0.4118692
SUPERUSDT,SELL,LIMIT,1701173038248,10022,0.3942531
SUPERUSDT,SELL,LIMIT,1701173039460,303,0.3933125
SUPERUSDT,SELL,LIMIT,1701173041472,946,0.3926498
SUPERUSDT,SELL,LIMIT,1701173042741,1734,0.3919871
SUPERUSDT,BUY,LIMIT,1701173054557,841,0.4062809
SUPERUSDT,BUY,LIMIT,1701173062576,1453,0.4073491
SUPERUSDT,BUY,LIMIT,1701173110338,12478,0.4083118
SUPERUSDT,BUY,LIMIT,1701173114798,8549,0.4090426
SUPERUSDT,BUY,LIMIT,1701173116632,137,0.4096831
SUPERUSDT,BUY,LIMIT,1701173187200,5854,0.4098417
SUPERUSDT,BUY,LIMIT,1701173332102,22,0.4115965
SUPERUSDT,BUY,LIMIT,1701173488347,2322,0.4130190
SUPERUSDT,BUY,LIMIT,1701173492908,12503,0.4132669
SUPERUSDT,BUY,LIMIT,1701173530015,128,0.4135122
SUPERUSDT,BUY,LIMIT,1701173531154,3225,0.4137328
SUPERUSDT,BUY,LIMIT,1701173533162,67,0.4146012
SUPERUSDT,BUY,LIMIT,1701173546496,1636,0.4147858
SUPERUSDT,BUY,LIMIT,1701173566890,1668,0.4149414
SUPERUSDT,BUY,LIMIT,1701173571389,127,0.4152637
SUPERUSDT,BUY,LIMIT,1701173595160,150,0.4160327
SUPERUSDT,BUY,LIMIT,1701173597536,70,0.4164935
SUPERUSDT,BUY,LIMIT,1701173599601,79,0.4172081
SUPERUSDT,BUY,LIMIT,1701173607121,3290,0.4179713
SUPERUSDT,BUY,LIMIT,1701173651142,1947,0.4189785
SUPERUSDT,BUY,LIMIT,1701173823683,856,0.4177026
SUPERUSDT,BUY,LIMIT,1701173845984,3970,0.4181179
SUPERUSDT,SELL,LIMIT,1701173910010,2953,0.4024136
SUPERUSDT,SELL,LIMIT,1701174055231,121,0.4014168
SUPERUSDT,SELL,LIMIT,1701174108128,1010,0.3993444
SUPERUSDT,BUY,LIMIT,1701174133120,236,0.4133366
SUPERUSDT,BUY,LIMIT,1701174290169,21,0.4154461
SUPERUSDT,BUY,LIMIT,1701174291861,134,0.4156222
SUPERUSDT,BUY,LIMIT,1701174299057,989,0.4162251
SUPERUSDT,BUY,LIMIT,1701174311140,348,0.4166128
SUPERUSDT,BUY,LIMIT,1701174323829,907,0.4167667
SUPERUSDT,BUY,LIMIT,1701174329773,3494,0.4173041
SUPERUSDT,BUY,LIMIT,1701174378689,9490,0.4178391
SUPERUSDT,BUY,LIMIT,1701174387384,1822,0.4184096
SUPERUSDT,BUY,LIMIT,1701174394231,2987,0.4191177
SUPERUSDT,BUY,LIMIT,1701174416414,928,0.4195942
SUPERUSDT,BUY,LIMIT,1701174428299,528,0.4200483
SUPERUSDT,SELL,LIMIT,1701174534191,23,0.4021560
SUPERUSDT,BUY,LIMIT,1701174545309,423,0.4164078
SUPERUSDT,BUY,LIMIT,1701174546476,36,0.4165870
SUPERUSDT,BUY,LIMIT,1701174617204,2738,0.4184924
SUPERUSDT,BUY,LIMIT,1701174648274,2395,0.4188345
SUPERUSDT,SELL,LIMIT,1701174765235,1856,0.4038817
SUPERUSDT,SELL,LIMIT,1701174790980,18,0.4033721
SUPERUSDT,SELL,LIMIT,1701174800109,28,0.4021595
SUPERUSDT,SELL,LIMIT,1701174803044,7613,0.4010334
SUPERUSDT,BUY,LIMIT,1701174846820,323,0.4173106
SUPERUSDT,BUY,LIMIT,1701174851110,526,0.4181247
SUPERUSDT,SELL,LIMIT,1701175015064,1104,0.4031499
SUPERUSDT,SELL,LIMIT,1701175017234,486,0.4030137
SUPERUSDT,SELL,LIMIT,1701175131181,318,0.4024449
SUPERUSDT,BUY,LIMIT,1701175184850,619,0.4159169
SUPERUSDT,SELL,LIMIT,1701175400523,5881,0.4013949
SUPERUSDT,SELL,LIMIT,1701175411288,402,0.4005573
SUPERUSDT,SELL,LIMIT,1701175412347,14,0.4003138
SUPERUSDT,SELL,LIMIT,1701175422341,442,0.3998934
SUPERUSDT,SELL,LIMIT,1701175461307,233,0.3996371
SUPERUSDT,SELL,LIMIT,1701175462353,738,0.3995819
SUPERUSDT,SELL,LIMIT,1701175463493,442,0.3994313
SUPERUSDT,BUY,LIMIT,1701175526522,603,0.4149364
SUPERUSDT,BUY,LIMIT,1701175529736,137,0.4148136
SUPERUSDT,BUY,LIMIT,1701175627567,440,0.4157521
SUPERUSDT,BUY,LIMIT,1701175686150,3373,0.4165224
SUPERUSDT,SELL,LIMIT,1701175751110,922,0.4017841
SUPERUSDT,SELL,LIMIT,1701175821622,56,0.4010809
SUPERUSDT,BUY,LIMIT,1701175843326,20,0.4170250
SUPERUSDT,BUY,LIMIT,1701175844414,64,0.4181709
SUPERUSDT,BUY,LIMIT,1701175852219,50,0.4198316
SUPERUSDT,BUY,LIMIT,1701175853242,8174,0.4191846
SUPERUSDT,BUY,LIMIT,1701175854531,337,0.4206396
SUPERUSDT,BUY,LIMIT,1701175856186,405,0.4210465
SUPERUSDT,BUY,LIMIT,1701175858526,238,0.4218528
SUPERUSDT,BUY,LIMIT,1701175901454,13,0.4216873
SUPERUSDT,BUY,LIMIT,1701175902734,12077,0.4221972
SUPERUSDT,BUY,LIMIT,1701175909098,7182,0.4230428
SUPERUSDT,BUY,LIMIT,1701175910516,24,0.4230994
SUPERUSDT,BUY,LIMIT,1701175913669,247,0.4235860
SUPERUSDT,BUY,LIMIT,1701175917274,82,0.4237154
SUPERUSDT,BUY,LIMIT,1701175956090,623,0.4240148
SUPERUSDT,SELL,LIMIT,1701175998999,296,0.4061325
SUPERUSDT,SELL,LIMIT,1701176115056,6029,0.4050175
SUPERUSDT,SELL,LIMIT,1701176200494,9244,0.4033037
SUPERUSDT,BUY,LIMIT,1701176563466,574,0.4187086
SUPERUSDT,BUY,LIMIT,1701176567266,4307,0.4190951
SUPERUSDT,BUY,LIMIT,1701176588661,66,0.4200922
SUPERUSDT,SELL,LIMIT,1701176748629,48,0.4035739
SUPERUSDT,SELL,LIMIT,1701176750040,4620,0.4032547
SUPERUSDT,SELL,LIMIT,1701176760089,7375,0.4028613
SUPERUSDT,SELL,LIMIT,1701176766828,179,0.4014900
SUPERUSDT,SELL,LIMIT,1701176777887,210,0.4012868
SUPERUSDT,BUY,LIMIT,1701176797106,2267,0.4155266
SUPERUSDT,BUY,LIMIT,1701176973453,168,0.4171601
SUPERUSDT,BUY,LIMIT,1701177045117,259,0.4179913
SUPERUSDT,SELL,LIMIT,1701177137050,2110,0.4017068
SUPERUSDT,SELL,LIMIT,1701177253182,12192,0.4016837
SUPERUSDT,SELL,LIMIT,1701177254276,1088,0.4013415
SUPERUSDT,SELL,LIMIT,1701177277636,3266,0.4012190
SUPERUSDT,SELL,LIMIT,1701177280603,674,0.4010000
SUPERUSDT,BUY,LIMIT,1701177348620,5882,0.4158957
SUPERUSDT,SELL,LIMIT,1701177514269,266,0.4014168
SUPERUSDT,SELL,LIMIT,1701177617123,14,0.4004281
SUPERUSDT,SELL,LIMIT,1701177618367,100,0.4002915
SUPERUSDT,SELL,LIMIT,1701177622273,389,0.4001391
SUPERUSDT,SELL,LIMIT,1701177692122,15,0.3993394
SUPERUSDT,SELL,LIMIT,1701177728526,528,0.3984512
SUPERUSDT,SELL,LIMIT,1701177738015,525,0.3981828
SUPERUSDT,SELL,LIMIT,1701177748233,63,0.3974942
SUPERUSDT,SELL,LIMIT,1701177769192,18,0.3968988
SUPERUSDT,SELL,LIMIT,1701177770580,122,0.3963426
SUPERUSDT,SELL,LIMIT,1701177917782,4579,0.3952479
SUPERUSDT,SELL,LIMIT,1701177921717,461,0.3948353
SUPERUSDT,SELL,LIMIT,1701177931998,620,0.3944685
SUPERUSDT,SELL,LIMIT,1701177933967,7953,0.3941305
SUPERUSDT,SELL,LIMIT,1701177938966,193,0.3937923
SUPERUSDT,SELL,LIMIT,1701177940112,72,0.3934209
SUPERUSDT,SELL,LIMIT,1701177941219,1129,0.3928210
SUPERUSDT,SELL,LIMIT,1701177948501,1301,0.3923740
SUPERUSDT,SELL,LIMIT,1701178106245,38,0.3920473
SUPERUSDT,SELL,LIMIT,1701178127312,160,0.3918299
SUPERUSDT,BUY,LIMIT,1701178199365,12505,0.4061757
SUPERUSDT,BUY,LIMIT,1701178200580,409,0.4070180
SUPERUSDT,BUY,LIMIT,1701178203346,2092,0.4090455
SUPERUSDT,SELL,LIMIT,1701178275933,402,0.3936538
SUPERUSDT,BUY,LIMIT,1701178360921,37,0.4068666
SUPERUSDT,BUY,LIMIT,1701178363432,11261,0.4071942
SUPERUSDT,BUY,LIMIT,1701178364455,137,0.4086287
SUPERUSDT,BUY,LIMIT,1701178367456,123,0.4090954
SUPERUSDT,BUY,LIMIT,1701178456628,1012,0.4099058
SUPERUSDT,BUY,LIMIT,1701178459120,247,0.4113166
SUPERUSDT,BUY,LIMIT,1701178460684,473,0.4122799
SUPERUSDT,SELL,LIMIT,1701178665711,4349,0.3965179
SUPERUSDT,BUY,LIMIT,1701178741249,1376,0.4096858
SUPERUSDT,BUY,LIMIT,1701178941264,15,0.4119754
SUPERUSDT,BUY,LIMIT,1701179058614,300,0.4100329
SUPERUSDT,BUY,LIMIT,1701179273051,104,0.4124897
SUPERUSDT,BUY,LIMIT,1701179325948,157,0.4130532
SUPERUSDT,BUY,LIMIT,1701179326981,3082,0.4134022
SUPERUSDT,SELL,LIMIT,1701179427693,488,0.3980781
SUPERUSDT,SELL,LIMIT,1701179431559,238,0.3972127
SUPERUSDT,SELL,LIMIT,1701179434993,31,0.3968868
SUPERUSDT,BUY,LIMIT,1701179699920,1133,0.4108585
SUPERUSDT,BUY,LIMIT,1701179704180,333,0.4117945
SUPERUSDT,BUY,LIMIT,1701179706751,4261,0.4124071
SUPERUSDT,BUY,LIMIT,1701179724536,152,0.4140170
SUPERUSDT,BUY,LIMIT,1701179727401,200,0.4154754
SUPERUSDT,BUY,LIMIT,1701179732347,110,0.4155682
SUPERUSDT,SELL,LIMIT,1701179842622,404,0.4005192
SUPERUSDT,SELL,LIMIT,1701180022624,28,0.3999711
SUPERUSDT,SELL,LIMIT,1701180077153,122,0.3984513
SUPERUSDT,SELL,LIMIT,1701180082067,36,0.3982859
SUPERUSDT,SELL,LIMIT,1701180094235,23,0.3982243
SUPERUSDT,BUY,LIMIT,1701180428287,238,0.4134072
SUPERUSDT,BUY,LIMIT,1701180429485,1232,0.4137328
SUPERUSDT,BUY,LIMIT,1701180435064,2216,0.4140421
SUPERUSDT,BUY,LIMIT,1701180438270,7120,0.4144795
SUPERUSDT,BUY,LIMIT,1701180629157,4569,0.4153067
SUPERUSDT,BUY,LIMIT,1701180680161,612,0.4155449
SUPERUSDT,BUY,LIMIT,1701180691342,980,0.4161776
SUPERUSDT,BUY,LIMIT,1701180692644,2742,0.4170840
SUPERUSDT,BUY,LIMIT,1701180724687,96,0.4182799
SUPERUSDT,BUY,LIMIT,1701181270206,1468,0.4173818
SUPERUSDT,BUY,LIMIT,1701181272263,40,0.4183420
SUPERUSDT,BUY,LIMIT,1701181273472,10795,0.4186163
SUPERUSDT,BUY,LIMIT,1701181275090,2782,0.4190822
SUPERUSDT,BUY,LIMIT,1701181276264,16507,0.4210441
SUPERUSDT,BUY,LIMIT,1701181277282,9717,0.4204059
SUPERUSDT,BUY,LIMIT,1701181278428,5375,0.4205601
SUPERUSDT,BUY,LIMIT,1701181279652,38,0.4220196
SUPERUSDT,BUY,LIMIT,1701181296518,1855,0.4225445
SUPERUSDT,BUY,LIMIT,1701181298155,1769,0.4228841
SUPERUSDT,BUY,LIMIT,1701181491957,322,0.4227130
SUPERUSDT,BUY,LIMIT,1701181507324,238,0.4229459
SUPERUSDT,BUY,LIMIT,1701181510292,297,0.4234362
SUPERUSDT,BUY,LIMIT,1701181511324,80,0.4236281
SUPERUSDT,BUY,LIMIT,1701181512400,2632,0.4249626
SUPERUSDT,BUY,LIMIT,1701181513896,171,0.4256939
SUPERUSDT,SELL,LIMIT,1701181587395,2100,0.4091938
SUPERUSDT,BUY,LIMIT,1701181684378,316,0.4249414
SUPERUSDT,BUY,LIMIT,1701181717200,2421,0.4258427
SUPERUSDT,BUY,LIMIT,1701181718574,35,0.4259068
SUPERUSDT,BUY,LIMIT,1701181722288,192,0.4260564
SUPERUSDT,BUY,LIMIT,1701181726045,88,0.4265971
SUPERUSDT,BUY,LIMIT,1701181727068,692,0.4262975
SUPERUSDT,BUY,LIMIT,1701181728089,36,0.4286158
SUPERUSDT,BUY,LIMIT,1701181732135,2090,0.4287048
SUPERUSDT,BUY,LIMIT,1701181744431,1351,0.4289623
SUPERUSDT,BUY,LIMIT,1701181745484,187,0.4302080
SUPERUSDT,BUY,LIMIT,1701181748142,1071,0.4305595
SUPERUSDT,BUY,LIMIT,1701181759746,500,0.4304179
SUPERUSDT,BUY,LIMIT,1701181766098,1042,0.4309271
SUPERUSDT,BUY,LIMIT,1701181767185,1256,0.4309634
SUPERUSDT,SELL,LIMIT,1701181792158,18,0.4140245
SUPERUSDT,SELL,LIMIT,1701181882573,142,0.4126191
SUPERUSDT,SELL,LIMIT,1701181884497,5942,0.4126581
SUPERUSDT,SELL,LIMIT,1701181889370,239,0.4115548
SUPERUSDT,SELL,LIMIT,1701181905693,8962,0.4109899
SUPERUSDT,SELL,LIMIT,1701181907117,2383,0.4094806
SUPERUSDT,SELL,LIMIT,1701181908161,243,0.4084046
SUPERUSDT,SELL,LIMIT,1701181909173,69,0.4085313
SUPERUSDT,BUY,LIMIT,1701182037198,43,0.4232905
SUPERUSDT,SELL,LIMIT,1701182097410,3318,0.4086551
SUPERUSDT,SELL,LIMIT,1701182177207,14,0.4074801
SUPERUSDT,SELL,LIMIT,1701182187890,131,0.4072622
SUPERUSDT,BUY,LIMIT,1701182243708,21,0.4223684
SUPERUSDT,BUY,LIMIT,1701182244847,407,0.4227004
SUPERUSDT,BUY,LIMIT,1701182258985,403,0.4232108
SUPERUSDT,BUY,LIMIT,1701182710453,24,0.4231944
SUPERUSDT,BUY,LIMIT,1701182717565,147,0.4234964
SUPERUSDT,BUY,LIMIT,1701182738915,374,0.4239427
SUPERUSDT,SELL,LIMIT,1701182767372,19,0.4078928
SUPERUSDT,SELL,LIMIT,1701182775698,38,0.4085314
SUPERUSDT,SELL,LIMIT,1701182783212,12048,0.4067831
SUPERUSDT,SELL,LIMIT,1701182784321,462,0.4067816
SUPERUSDT,SELL,LIMIT,1701182821564,260,0.4058278
SUPERUSDT,BUY,LIMIT,1701182840345,45,0.4199863
SUPERUSDT,BUY,LIMIT,1701182913308,2430,0.4204635
SUPERUSDT,BUY,LIMIT,1701183142219,358,0.4216652
SUPERUSDT,BUY,LIMIT,1701183201973,23,0.4223079
SUPERUSDT,BUY,LIMIT,1701183255418,76,0.4238090
SUPERUSDT,BUY,LIMIT,1701183256565,36,0.4251315
SUPERUSDT,BUY,LIMIT,1701183260461,1633,0.4256706
SUPERUSDT,BUY,LIMIT,1701183586129,644,0.4254605
SUPERUSDT,SELL,LIMIT,1701183699905,1191,0.4112041
SUPERUSDT,SELL,LIMIT,1701183701212,848,0.4102138
SUPERUSDT,SELL,LIMIT,1701183735683,83,0.4089383
SUPERUSDT,SELL,LIMIT,1701183832623,1098,0.4082645
SUPERUSDT,SELL,LIMIT,1701184519858,2991,0.4094492
SUPERUSDT,SELL,LIMIT,1701184540589,5400,0.4075960
SUPERUSDT,SELL,LIMIT,1701184542143,480,0.4074209
SUPERUSDT,BUY,LIMIT,1701184999428,305,0.4226770
SUPERUSDT,BUY,LIMIT,1701185005583,44,0.4229180
SUPERUSDT,BUY,LIMIT,1701185009458,4071,0.4230704
SUPERUSDT,BUY,LIMIT,1701185038934,16,0.4231944
SUPERUSDT,BUY,LIMIT,1701185058725,70,0.4233189
SUPERUSDT,BUY,LIMIT,1701185074604,1434,0.4237299
SUPERUSDT,SELL,LIMIT,1701185246704,4088,0.4088217
SUPERUSDT,SELL,LIMIT,1701185321871,110,0.4065871
SUPERUSDT,SELL,LIMIT,1701185324050,14,0.4056836
SUPERUSDT,SELL,LIMIT,1701185326198,582,0.4055221
SUPERUSDT,SELL,LIMIT,1701185367305,132,0.4049306
SUPERUSDT,SELL,LIMIT,1701185368562,1444,0.4045437
SUPERUSDT,SELL,LIMIT,1701185406120,1125,0.4032733
SUPERUSDT,SELL,LIMIT,1701185410068,413,0.4014473
SUPERUSDT,SELL,LIMIT,1701185411091,22,0.4003194
SUPERUSDT,SELL,LIMIT,1701185484182,198,0.4036523
SUPERUSDT,BUY,LIMIT,1701185711589,24,0.4183282
SUPERUSDT,BUY,LIMIT,1701185770155,408,0.4191480
SUPERUSDT,BUY,LIMIT,1701185771305,1383,0.4191359
SUPERUSDT,BUY,LIMIT,1701185784476,85,0.4193611
SUPERUSDT,BUY,LIMIT,1701185815783,6189,0.4202838
SUPERUSDT,SELL,LIMIT,1701185882764,263,0.4041070
SUPERUSDT,SELL,LIMIT,1701185955018,19,0.4035485
SUPERUSDT,SELL,LIMIT,1701185972929,3395,0.4032439
SUPERUSDT,SELL,LIMIT,1701186286302,12156,0.4029186
SUPERUSDT,SELL,LIMIT,1701186359164,58,0.4075926
SUPERUSDT,SELL,LIMIT,1701186428073,4297,0.4018104
SUPERUSDT,SELL,LIMIT,1701186475974,1432,0.4009851
SUPERUSDT,BUY,LIMIT,1701186668278,610,0.4153431
SUPERUSDT,SELL,LIMIT,1701186781149,1971,0.3992617
SUPERUSDT,SELL,LIMIT,1701186782189,10052,0.3997528
SUPERUSDT,SELL,LIMIT,1701186798075,25516,0.3954205
SUPERUSDT,SELL,LIMIT,1701186800074,957,0.3970951
SUPERUSDT,SELL,LIMIT,1701186801509,2402,0.3966621
SUPERUSDT,SELL,LIMIT,1701186813342,25,0.3959911
SUPERUSDT,SELL,LIMIT,1701186815793,11882,0.3956488
SUPERUSDT,SELL,LIMIT,1701186857280,7320,0.3953503
SUPERUSDT,SELL,LIMIT,1701186863462,174,0.3952298
SUPERUSDT,SELL,LIMIT,1701186872175,465,0.3951163
SUPERUSDT,BUY,LIMIT,1701186895370,97,0.4099070
SUPERUSDT,SELL,LIMIT,1701186917541,307,0.3948071
SUPERUSDT,SELL,LIMIT,1701186918609,4628,0.3947097
SUPERUSDT,SELL,LIMIT,1701186919771,216,0.3944816
SUPERUSDT,SELL,LIMIT,1701186921128,3377,0.3938518
SUPERUSDT,SELL,LIMIT,1701186933072,202,0.3935607
SUPERUSDT,SELL,LIMIT,1701186934194,464,0.3930503
SUPERUSDT,SELL,LIMIT,1701186936115,2242,0.3929078
SUPERUSDT,SELL,LIMIT,1701186937867,335,0.3927658
SUPERUSDT,SELL,LIMIT,1701186941068,3274,0.3924492
SUPERUSDT,SELL,LIMIT,1701186946084,10712,0.3922629
SUPERUSDT,SELL,LIMIT,1701186970114,56,0.3907201
SUPERUSDT,SELL,LIMIT,1701186971263,417,0.3913938
SUPERUSDT,SELL,LIMIT,1701186972412,1608,0.3899913
SUPERUSDT,SELL,LIMIT,1701186973499,48,0.3899622
SUPERUSDT,BUY,LIMIT,1701187009304,316,0.4037803
SUPERUSDT,BUY,LIMIT,1701187014365,193,0.4040440
SUPERUSDT,BUY,LIMIT,1701187056582,306,0.4050465
SUPERUSDT,BUY,LIMIT,1701187059645,575,0.4057610
SUPERUSDT,BUY,LIMIT,1701187096961,62,0.3961517
SUPERUSDT,BUY,LIMIT,1701187147306,2592,0.4072146
SUPERUSDT,BUY,LIMIT,1701187148423,324,0.4069819
SUPERUSDT,BUY,LIMIT,1701187176195,5021,0.4086415
SUPERUSDT,BUY,LIMIT,1701187185073,3657,0.4094593
SUPERUSDT,BUY,LIMIT,1701187260791,43,0.4086156
SUPERUSDT,BUY,LIMIT,1701187264407,178,0.4088117
SUPERUSDT,BUY,LIMIT,1701187266039,171,0.4090253
SUPERUSDT,BUY,LIMIT,1701187268583,55,0.4092134
SUPERUSDT,BUY,LIMIT,1701187276258,5046,0.4099016
SUPERUSDT,BUY,LIMIT,1701187277994,2961,0.4100437
SUPERUSDT,BUY,LIMIT,1701187279079,204,0.4106838
SUPERUSDT,BUY,LIMIT,1701187280174,18,0.4108381
SUPERUSDT,BUY,LIMIT,1701187332083,265,0.4126777
SUPERUSDT,BUY,LIMIT,1701187333183,1403,0.4126722
SUPERUSDT,BUY,LIMIT,1701187338024,995,0.4132969
SUPERUSDT,BUY,LIMIT,1701187339231,370,0.4167238
SUPERUSDT,SELL,LIMIT,1701187704178,151,0.3997935
SUPERUSDT,SELL,LIMIT,1701187705207,580,0.3985349
SUPERUSDT,SELL,LIMIT,1701187706755,3002,0.3976143
SUPERUSDT,BUY,LIMIT,1701187753437,6928,0.4132988
SUPERUSDT,BUY,LIMIT,1701187812740,33,0.4126019
SUPERUSDT,SELL,LIMIT,1701187907042,642,0.3996410
SUPERUSDT,SELL,LIMIT,1701187910402,103,0.3991302
SUPERUSDT,SELL,LIMIT,1701187912355,1766,0.3987420
SUPERUSDT,BUY,LIMIT,1701188119432,49,0.4137285
SUPERUSDT,BUY,LIMIT,1701188139124,3010,0.4152625
SUPERUSDT,BUY,LIMIT,1701188140196,3296,0.4155704
SUPERUSDT,BUY,LIMIT,1701188141668,7608,0.4168923
SUPERUSDT,BUY,LIMIT,1701188238946,198,0.4173362
SUPERUSDT,BUY,LIMIT,1701188248472,65,0.4174000
SUPERUSDT,BUY,LIMIT,1701188258249,127,0.4181215
SUPERUSDT,BUY,LIMIT,1701188435137,2857,0.4187082
SUPERUSDT,SELL,LIMIT,1701188483414,495,0.4038258
SUPERUSDT,SELL,LIMIT,1701188485338,179,0.4019216
SUPERUSDT,SELL,LIMIT,1701188545014,1318,0.4008039
SUPERUSDT,SELL,LIMIT,1701188626442,12218,0.4003041
SUPERUSDT,SELL,LIMIT,1701188803517,1730,0.3992470
SUPERUSDT,BUY,LIMIT,1701188857229,163,0.4127399
SUPERUSDT,SELL,LIMIT,1701189306943,610,0.3975376
SUPERUSDT,SELL,LIMIT,1701189309825,49,0.3968718
SUPERUSDT,BUY,LIMIT,1701189369047,1026,0.4097555
SUPERUSDT,BUY,LIMIT,1701189381202,699,0.4107714
SUPERUSDT,BUY,LIMIT,1701189435341,300,0.4116059
SUPERUSDT,SELL,LIMIT,1701189498796,354,0.3994768
SUPERUSDT,BUY,LIMIT,1701189789264,3499,0.4109872
SUPERUSDT,BUY,LIMIT,1701189804624,36,0.4113682
SUPERUSDT,BUY,LIMIT,1701189827666,177,0.4120287
SUPERUSDT,BUY,LIMIT,1701189836721,456,0.4120233
SUPERUSDT,SELL,LIMIT,1701189841693,2611,0.4024635
SUPERUSDT,BUY,LIMIT,1701189850838,2439,0.4125395
SUPERUSDT,BUY,LIMIT,1701189933980,1990,0.4133248
SUPERUSDT,BUY,LIMIT,1701189975892,49,0.4136674
SUPERUSDT,BUY,LIMIT,1701189996224,15,0.4139322
SUPERUSDT,BUY,LIMIT,1701190035800,173,0.4139307
SUPERUSDT,BUY,LIMIT,1701190107475,988,0.4146405
SUPERUSDT,BUY,LIMIT,1701190109318,582,0.4159726
SUPERUSDT,BUY,LIMIT,1701190110343,1091,0.4151727
SUPERUSDT,BUY,LIMIT,1701190143843,3632,0.4149282
SUPERUSDT,BUY,LIMIT,1701190229358,100,0.4161470
SUPERUSDT,BUY,LIMIT,1701190876872,486,0.4159147
SUPERUSDT,SELL,LIMIT,1701190900717,40,0.4019350
SUPERUSDT,SELL,LIMIT,1701191194856,299,0.4036534
SUPERUSDT,BUY,LIMIT,1701191291196,1441,0.4174304
SUPERUSDT,BUY,LIMIT,1701191293290,33,0.4177911
SUPERUSDT,BUY,LIMIT,1701191294373,681,0.4184280
SUPERUSDT,SELL,LIMIT,1701191546423,41,0.4032798
SUPERUSDT,SELL,LIMIT,1701191880068,126,0.4030584
SUPERUSDT,BUY,LIMIT,1701192005372,324,0.4166837
SUPERUSDT,BUY,LIMIT,1701192016296,200,0.4187131
SUPERUSDT,BUY,LIMIT,1701192067317,1820,0.4203465
SUPERUSDT,BUY,LIMIT,1701192070260,171,0.4207952
SUPERUSDT,BUY,LIMIT,1701192071209,183,0.4210228
SUPERUSDT,SELL,LIMIT,1701192085919,11612,0.4067411
SUPERUSDT,BUY,LIMIT,1701192087213,778,0.4190935
SUPERUSDT,SELL,LIMIT,1701192138411,3482,0.4052954
SUPERUSDT,SELL,LIMIT,1701192139816,9519,0.4039366
SUPERUSDT,SELL,LIMIT,1701192142515,1553,0.4034836
SUPERUSDT,BUY,LIMIT,1701192154488,685,0.4078082
SUPERUSDT,BUY,LIMIT,1701192402609,1073,0.4175578
SUPERUSDT,SELL,LIMIT,1701192757452,438,0.4036761
SUPERUSDT,SELL,LIMIT,1701192766174,805,0.4026821
SUPERUSDT,SELL,LIMIT,1701192838088,17,0.4012233
SUPERUSDT,SELL,LIMIT,1701192842223,18,0.4007707
SUPERUSDT,SELL,LIMIT,1701192897005,395,0.3989238
SUPERUSDT,SELL,LIMIT,1701193117846,848,0.3972512
SUPERUSDT,SELL,LIMIT,1701193124302,160,0.3968286
SUPERUSDT,SELL,LIMIT,1701193125335,15,0.3964969
SUPERUSDT,BUY,LIMIT,1701193607433,6281,0.4106715
SUPERUSDT,BUY,LIMIT,1701193695911,1212,0.4117247
SUPERUSDT,SELL,LIMIT,1701194004251,1745,0.3969354
SUPERUSDT,SELL,LIMIT,1701194015093,153,0.3965891
SUPERUSDT,SELL,LIMIT,1701194019234,85,0.3959707
SUPERUSDT,SELL,LIMIT,1701194020395,17,0.3953390
SUPERUSDT,SELL,LIMIT,1701194021484,63,0.3943140
SUPERUSDT,SELL,LIMIT,1701194022675,5017,0.3933003
SUPERUSDT,SELL,LIMIT,1701194076165,200,0.3921512
SUPERUSDT,SELL,LIMIT,1701194224045,673,0.3911837
SUPERUSDT,BUY,LIMIT,1701194475327,207,0.4079019
SUPERUSDT,SELL,LIMIT,1701194550075,12456,0.3920298
SUPERUSDT,SELL,LIMIT,1701194565198,37,0.3916653
SUPERUSDT,SELL,LIMIT,1701194573791,1164,0.3915565
SUPERUSDT,SELL,LIMIT,1701194630510,10629,0.3920301
SUPERUSDT,SELL,LIMIT,1701194669062,154,0.3918413
SUPERUSDT,SELL,LIMIT,1701194811214,972,0.3906103
SUPERUSDT,SELL,LIMIT,1701194812385,9365,0.3893018
SUPERUSDT,SELL,LIMIT,1701194814129,1205,0.3880169
SUPERUSDT,SELL,LIMIT,1701194815229,655,0.3885052
SUPERUSDT,SELL,LIMIT,1701194816255,492,0.3860664
SUPERUSDT,BUY,LIMIT,1701195223243,2713,0.4018389
SUPERUSDT,BUY,LIMIT,1701195225064,6891,0.4034598
SUPERUSDT,SELL,LIMIT,1701195476344,82,0.3890626
SUPERUSDT,SELL,LIMIT,1701195613374,42,0.3875764
SUPERUSDT,BUY,LIMIT,1701195934650,6557,0.4015025
SUPERUSDT,BUY,LIMIT,1701195942707,380,0.4023927
SUPERUSDT,BUY,LIMIT,1701195971824,702,0.4010209
SUPERUSDT,BUY,LIMIT,1701195978190,276,0.4028044
SUPERUSDT,BUY,LIMIT,1701196030434,100,0.4035348
SUPERUSDT,SELL,LIMIT,1701196704042,1257,0.3896507
SUPERUSDT,BUY,LIMIT,1701197016169,101,0.4010991
SUPERUSDT,SELL,LIMIT,1701197237546,220,0.3888323
SUPERUSDT,SELL,LIMIT,1701197252938,6360,0.3867871
SUPERUSDT,SELL,LIMIT,1701197254926,251,0.3855468
SUPERUSDT,SELL,LIMIT,1701197256059,454,0.3852721
SUPERUSDT,BUY,LIMIT,1701197258256,332,0.3978406
SUPERUSDT,SELL,LIMIT,1701197339161,544,0.3847249
SUPERUSDT,SELL,LIMIT,1701197340181,4415,0.3849470
SUPERUSDT,SELL,LIMIT,1701197341421,38,0.3837565
SUPERUSDT,SELL,LIMIT,1701197343875,1934,0.3833045
SUPERUSDT,SELL,LIMIT,1701197574231,28,0.3838546
SUPERUSDT,SELL,LIMIT,1701197645051,383,0.3832524
SUPERUSDT,SELL,LIMIT,1701197672926,587,0.3827983
SUPERUSDT,SELL,LIMIT,1701197677379,3835,0.3822080
SUPERUSDT,BUY,LIMIT,1701197835090,54,0.3949059
SUPERUSDT,BUY,LIMIT,1701197839396,1053,0.3946792
SUPERUSDT,BUY,LIMIT,1701197848258,1495,0.3944023
SUPERUSDT,BUY,LIMIT,1701197850470,68,0.3875855
SUPERUSDT,BUY,LIMIT,1701197853393,109,0.3972237
SUPERUSDT,BUY,LIMIT,1701197856331,736,0.3956364
SUPERUSDT,BUY,LIMIT,1701197857478,109,0.3939097
SUPERUSDT,BUY,LIMIT,1701197859260,2270,0.3972817
SUPERUSDT,SELL,LIMIT,1701197865209,83,0.3856998
SUPERUSDT,BUY,LIMIT,1701197930266,37,0.3982369
SUPERUSDT,BUY,LIMIT,1701197931313,37,0.3996345
SUPERUSDT,BUY,LIMIT,1701197934594,1070,0.4017216
SUPERUSDT,BUY,LIMIT,1701197946153,1310,0.4020776
SUPERUSDT,SELL,LIMIT,1701197989330,1049,0.3871831
SUPERUSDT,SELL,LIMIT,1701198057086,579,0.3856322
SUPERUSDT,BUY,LIMIT,1701198519251,14,0.4000714
SUPERUSDT,BUY,LIMIT,1701198521248,704,0.4004673
SUPERUSDT,SELL,LIMIT,1701199020237,12632,0.3877345
SUPERUSDT,BUY,LIMIT,1701199984982,2043,0.4012092
SUPERUSDT,BUY,LIMIT,1701200455858,1018,0.4026446
SUPERUSDT,BUY,LIMIT,1701200475258,120,0.4025490
SUPERUSDT,SELL,LIMIT,1701200476307,1329,0.3939699
SUPERUSDT,BUY,LIMIT,1701200525840,550,0.4028143
SUPERUSDT,BUY,LIMIT,1701200547711,938,0.4024650
SUPERUSDT,BUY,LIMIT,1701200562127,85,0.4034624
SUPERUSDT,SELL,LIMIT,1701201300269,34,0.3895758
SUPERUSDT,SELL,LIMIT,1701201307263,152,0.3887378
SUPERUSDT,SELL,LIMIT,1701201310291,6120,0.3881012
SUPERUSDT,SELL,LIMIT,1701201346564,1441,0.3873148
SUPERUSDT,BUY,LIMIT,1701201635236,50,0.4004129
SUPERUSDT,BUY,LIMIT,1701201638450,432,0.4004442
SUPERUSDT,BUY,LIMIT,1701201640359,226,0.3984158
SUPERUSDT,SELL,LIMIT,1701201651150,36,0.3882891
SUPERUSDT,BUY,LIMIT,1701201692832,1366,0.4017865
SUPERUSDT,BUY,LIMIT,1701201914245,225,0.4031815
SUPERUSDT,BUY,LIMIT,1701201998187,25,0.4043992
SUPERUSDT,BUY,LIMIT,1701201999188,12509,0.4044424
SUPERUSDT,BUY,LIMIT,1701202000694,4073,0.4057214
SUPERUSDT,SELL,LIMIT,1701202362929,223,0.3910999
SUPERUSDT,SELL,LIMIT,1701202364804,1308,0.3905474
SUPERUSDT,SELL,LIMIT,1701202368204,609,0.3902739
SUPERUSDT,BUY,LIMIT,1701202575300,750,0.4041730
SUPERUSDT,BUY,LIMIT,1701202651785,225,0.4050474
SUPERUSDT,SELL,LIMIT,1701202743521,332,0.3913446
SUPERUSDT,SELL,LIMIT,1701203458677,93,0.3888287
SUPERUSDT,SELL,LIMIT,1701203459792,367,0.3878299
SUPERUSDT,BUY,LIMIT,1701203788300,889,0.4011925
SUPERUSDT,BUY,LIMIT,1701204174387,1829,0.4006872
SUPERUSDT,SELL,LIMIT,1701204204049,754,0.3915712
SUPERUSDT,BUY,LIMIT,1701204405306,301,0.4024117
SUPERUSDT,BUY,LIMIT,1701204406591,4147,0.4034454
SUPERUSDT,BUY,LIMIT,1701205491787,2207,0.4055366
SUPERUSDT,BUY,LIMIT,1701205504980,1669,0.4065627
SUPERUSDT,BUY,LIMIT,1701205508282,9035,0.4073027
SUPERUSDT,BUY,LIMIT,1701205512318,414,0.4080813
SUPERUSDT,BUY,LIMIT,1701205543104,3163,0.4093322
SUPERUSDT,BUY,LIMIT,1701205544406,25477,0.4119376
SUPERUSDT,BUY,LIMIT,1701205554298,4589,0.4101600
SUPERUSDT,BUY,LIMIT,1701205559318,20,0.4107068
SUPERUSDT,BUY,LIMIT,1701205561261,6354,0.4107921
SUPERUSDT,BUY,LIMIT,1701206260186,741,0.4112599
SUPERUSDT,BUY,LIMIT,1701206265666,843,0.4113550
SUPERUSDT,BUY,LIMIT,1701206266851,1010,0.4135878
SUPERUSDT,BUY,LIMIT,1701206267940,281,0.4142014
SUPERUSDT,BUY,LIMIT,1701206269031,427,0.4165606
SUPERUSDT,BUY,LIMIT,1701206270061,806,0.4169461
SUPERUSDT,SELL,LIMIT,1701206272333,9921,0.4032173
SUPERUSDT,BUY,LIMIT,1701206835489,1027,0.4169963
SUPERUSDT,SELL,LIMIT,1701206894776,168,0.4029775
SUPERUSDT,SELL,LIMIT,1701206902245,249,0.4051897
SUPERUSDT,SELL,LIMIT,1701207109060,50,0.4034649
SUPERUSDT,SELL,LIMIT,1701207258079,51,0.4005241
SUPERUSDT,SELL,LIMIT,1701207293715,1352,0.3994436
SUPERUSDT,SELL,LIMIT,1701207295086,2016,0.3993336
SUPERUSDT,SELL,LIMIT,1701207486514,12206,0.3958706
SUPERUSDT,BUY,LIMIT,1701207990737,12330,0.4124216
SUPERUSDT,BUY,LIMIT,1701207992902,286,0.4124936
SUPERUSDT,BUY,LIMIT,1701208181710,2942,0.4149415
SUPERUSDT,BUY,LIMIT,1701208198009,9834,0.4160783
SUPERUSDT,BUY,LIMIT,1701208357371,484,0.4181179
SUPERUSDT,BUY,LIMIT,1701208398234,755,0.4185204
SUPERUSDT,BUY,LIMIT,1701208399290,74,0.4186066
SUPERUSDT,BUY,LIMIT,1701208437347,84,0.4189521
SUPERUSDT,BUY,LIMIT,1701208439102,286,0.4199389
SUPERUSDT,BUY,LIMIT,1701208440102,1528,0.4199200
SUPERUSDT,BUY,LIMIT,1701208467905,179,0.4201396
SUPERUSDT,BUY,LIMIT,1701208470521,1277,0.4207069
SUPERUSDT,BUY,LIMIT,1701208472394,11056,0.4207186
SUPERUSDT,SELL,LIMIT,1701208579099,4363,0.4059585
SUPERUSDT,SELL,LIMIT,1701208631308,462,0.4050098
SUPERUSDT,SELL,LIMIT,1701208640304,15,0.4039661
SUPERUSDT,BUY,LIMIT,1701208747546,299,0.4176183
SUPERUSDT,BUY,LIMIT,1701209146297,71,0.4203398
SUPERUSDT,BUY,LIMIT,1701209228823,1010,0.4210220
SUPERUSDT,BUY,LIMIT,1701209237399,128,0.4212013
SUPERUSDT,BUY,LIMIT,1701209238771,3977,0.4212759
SUPERUSDT,BUY,LIMIT,1701209250181,65,0.4213458
SUPERUSDT,BUY,LIMIT,1701209258880,3159,0.4218076
SUPERUSDT,BUY,LIMIT,1701209274447,728,0.4223208
SUPERUSDT,BUY,LIMIT,1701209275472,63,0.4224005
SUPERUSDT,SELL,LIMIT,1701209353520,3357,0.4074693
SUPERUSDT,SELL,LIMIT,1701209432124,2558,0.4048564
SUPERUSDT,SELL,LIMIT,1701209435998,1377,0.4044760
SUPERUSDT,SELL,LIMIT,1701209470332,84,0.4029855
SUPERUSDT,SELL,LIMIT,1701209471878,249,0.4027119
SUPERUSDT,SELL,LIMIT,1701209743336,1118,0.4016385
SUPERUSDT,SELL,LIMIT,1701209752326,57,0.4002957
SUPERUSDT,SELL,LIMIT,1701210114434,6474,0.4001217
SUPERUSDT,SELL,LIMIT,1701210852554,4910,0.3992628
SUPERUSDT,SELL,LIMIT,1701210866327,6285,0.3983773
SUPERUSDT,SELL,LIMIT,1701210936253,637,0.3980896
SUPERUSDT,BUY,LIMIT,1701211520208,638,0.4141209
SUPERUSDT,BUY,LIMIT,1701211521439,28,0.4145892
SUPERUSDT,SELL,LIMIT,1701211861821,191,0.3994666
SUPERUSDT,BUY,LIMIT,1701211948335,3,0.4100600
SUPERUSDT,SELL,LIMIT,1701212014048,50,0.3965469
SUPERUSDT,SELL,LIMIT,1701212018011,1932,0.3957190
SUPERUSDT,SELL,LIMIT,1701212020145,6415,0.3948690
SUPERUSDT,SELL,LIMIT,1701212023463,5370,0.3918355
SUPERUSDT,BUY,LIMIT,1701212035447,839,0.4052512
SUPERUSDT,SELL,LIMIT,1701212093674,264,0.3924921
SUPERUSDT,BUY,LIMIT,1701212536979,2289,0.4088162
SUPERUSDT,BUY,LIMIT,1701212898864,138,0.4102316
SUPERUSDT,BUY,LIMIT,1701213008051,1603,0.4122468
SUPERUSDT,SELL,LIMIT,1701213575754,8766,0.3988811
SUPERUSDT,SELL,LIMIT,1701213625725,800,0.3979953
SUPERUSDT,SELL,LIMIT,1701213630301,655,0.3977144
SUPERUSDT,SELL,LIMIT,1701214049849,91,0.3984721
SUPERUSDT,SELL,LIMIT,1701214280273,1152,0.3960165
SUPERUSDT,SELL,LIMIT,1701214282412,1076,0.3956040
SUPERUSDT,SELL,LIMIT,1701214288179,531,0.3944674
SUPERUSDT,BUY,LIMIT,1701214931303,1919,0.4072921
SUPERUSDT,BUY,LIMIT,1701214933657,749,0.4080275
SUPERUSDT,BUY,LIMIT,1701214981837,374,0.4084299
SUPERUSDT,BUY,LIMIT,1701214986906,68,0.4090195
SUPERUSDT,BUY,LIMIT,1701215091947,14,0.4074004
SUPERUSDT,BUY,LIMIT,1701215457620,14,0.4089195
SUPERUSDT,BUY,LIMIT,1701215635651,2600,0.4117067
SUPERUSDT,BUY,LIMIT,1701215637169,201,0.4119800
SUPERUSDT,BUY,LIMIT,1701215829110,1064,0.4129433
SUPERUSDT,BUY,LIMIT,1701215916727,1602,0.4173572
