Symbol,Side,Order Type,Time,Quantity,Price
SUSHIUSDT,BUY,LIMIT,1700845608109,892,1.2196
SUSHIUSDT,BUY,LIMIT,1700845683204,1280,1.2333
SUSHIUSDT,BUY,LIMIT,1700845714004,41,1.2376
SUSHIUSDT,BUY,LIMIT,1700845783311,351,1.2431
SUSHIUSDT,SELL,LIMIT,1700847741571,13,1.1926
SUSHIUSDT,BUY,LIMIT,1700848633206,34,1.2316
SUSHIUSDT,SELL,LIMIT,1700849721599,16,1.1934
SUSHIUSDT,SELL,LIMIT,1700850824153,264,1.1871
SUSHIUSDT,SELL,LIMIT,1700850832180,18,1.1867
SUSHIUSDT,SELL,LIMIT,1700850844695,16,1.1860
SUSHIUSDT,SELL,LIMIT,1700851128858,387,1.1835
SUSHIUSDT,SELL,LIMIT,1700851180357,405,1.1825
SUSHIUSDT,SELL,LIMIT,1700852976096,1009,1.1774
SUSHIUSDT,SELL,LIMIT,1700853470905,200,1.1788
SUSHIUSDT,SELL,LIMIT,1700854332269,440,1.1754
SUSHIUSDT,SELL,LIMIT,1700855034051,2909,1.1721
SUSHIUSDT,SELL,LIMIT,1700855035206,492,1.1719
SUSHIUSDT,SELL,LIMIT,1700856447605,41,1.1696
SUSHIUSDT,SELL,LIMIT,1700856476207,76,1.1685
SUSHIUSDT,SELL,LIMIT,1700856990037,8,1.4212
SUSHIUSDT,BUY,LIMIT,1700859060175,345,1.2126
SUSHIUSDT,BUY,LIMIT,1700859514987,158,1.2138
SUSHIUSDT,BUY,LIMIT,1700861323619,5,1.2145
SUSHIUSDT,SELL,LIMIT,1700863006749,88,1.1726
SUSHIUSDT,SELL,LIMIT,1700863856232,157,1.1700
SUSHIUSDT,SELL,LIMIT,1700863950641,5,1.1651
SUSHIUSDT,SELL,LIMIT,1700863958202,5,1.1649
SUSHIUSDT,SELL,LIMIT,1700863960278,802,1.1632
SUSHIUSDT,SELL,LIMIT,1700863961854,147,1.1627
SUSHIUSDT,SELL,LIMIT,1700863963054,46,1.1611
SUSHIUSDT,SELL,LIMIT,1700863964336,3500,1.1605
SUSHIUSDT,BUY,LIMIT,1700866354347,52,1.2094
SUSHIUSDT,SELL,LIMIT,1700866639151,117,1.1750
SUSHIUSDT,SELL,LIMIT,1700866862280,104,1.1717
SUSHIUSDT,SELL,LIMIT,1700867071073,45,1.1666
SUSHIUSDT,SELL,LIMIT,1700867184124,315,1.1631
SUSHIUSDT,BUY,LIMIT,1700868072702,406,1.2040
SUSHIUSDT,BUY,LIMIT,1700869239189,1053,1.2173
SUSHIUSDT,BUY,LIMIT,1700869498318,182,1.2200
SUSHIUSDT,BUY,LIMIT,1700870007146,2829,1.2233
SUSHIUSDT,SELL,LIMIT,1700870645864,2076,1.1744
SUSHIUSDT,BUY,LIMIT,1700871039415,542,1.2172
SUSHIUSDT,SELL,LIMIT,1700873507678,527,1.1809
SUSHIUSDT,SELL,LIMIT,1700873557474,1692,1.1806
SUSHIUSDT,BUY,LIMIT,1700875610251,881,1.2265
SUSHIUSDT,BUY,LIMIT,1700875625408,249,1.2273
SUSHIUSDT,BUY,LIMIT,1700875701657,1004,1.2325
SUSHIUSDT,BUY,LIMIT,1700875704041,213,1.2337
SUSHIUSDT,BUY,LIMIT,1700875833584,1575,1.2374
SUSHIUSDT,BUY,LIMIT,1700875839581,205,1.2385
SUSHIUSDT,BUY,LIMIT,1700875893080,1393,1.2389
SUSHIUSDT,BUY,LIMIT,1700875918681,34,1.2398
SUSHIUSDT,BUY,LIMIT,1700876061047,111,1.2419
SUSHIUSDT,BUY,LIMIT,1700876073385,11,1.2455
SUSHIUSDT,BUY,LIMIT,1700876093430,88,1.2483
SUSHIUSDT,BUY,LIMIT,1700876167048,228,1.2499
SUSHIUSDT,BUY,LIMIT,1700876187043,591,1.2507
SUSHIUSDT,BUY,LIMIT,1700876189918,131,1.2518
SUSHIUSDT,BUY,LIMIT,1700876196083,703,1.2522
SUSHIUSDT,BUY,LIMIT,1700876220652,2208,1.2535
SUSHIUSDT,BUY,LIMIT,1700876226400,154,1.2539
SUSHIUSDT,BUY,LIMIT,1700876228298,64,1.2541
SUSHIUSDT,BUY,LIMIT,1700876278110,476,1.2564
SUSHIUSDT,BUY,LIMIT,1700876279450,254,1.2565
SUSHIUSDT,BUY,LIMIT,1700876354216,127,1.2600
SUSHIUSDT,BUY,LIMIT,1700876358225,98,1.2615
SUSHIUSDT,BUY,LIMIT,1700876360568,8,1.2622
SUSHIUSDT,BUY,LIMIT,1700876362463,471,1.2629
SUSHIUSDT,BUY,LIMIT,1700876366892,33,1.2636
SUSHIUSDT,BUY,LIMIT,1700876557152,117,1.2647
SUSHIUSDT,BUY,LIMIT,1700876565312,84,1.2661
SUSHIUSDT,BUY,LIMIT,1700876568705,119,1.2653
SUSHIUSDT,BUY,LIMIT,1700876570620,115,1.2677
SUSHIUSDT,BUY,LIMIT,1700876578795,795,1.2706
SUSHIUSDT,BUY,LIMIT,1700876581051,15,1.2716
SUSHIUSDT,BUY,LIMIT,1700876595630,8,1.2724
SUSHIUSDT,BUY,LIMIT,1700876600092,11551,1.2812
SUSHIUSDT,BUY,LIMIT,1700876630264,508,1.2752
SUSHIUSDT,BUY,LIMIT,1700876638960,175,1.2763
SUSHIUSDT,BUY,LIMIT,1700876640377,10,1.2765
SUSHIUSDT,SELL,LIMIT,1700876807848,43,1.2330
SUSHIUSDT,BUY,LIMIT,1700877041376,4166,1.2794
SUSHIUSDT,BUY,LIMIT,1700877046764,1783,1.2799
SUSHIUSDT,BUY,LIMIT,1700877052448,516,1.2809
SUSHIUSDT,BUY,LIMIT,1700877059124,40,1.2828
SUSHIUSDT,BUY,LIMIT,1700877060662,461,1.2828
SUSHIUSDT,BUY,LIMIT,1700877062061,803,1.2852
SUSHIUSDT,BUY,LIMIT,1700877078102,63,1.2889
SUSHIUSDT,BUY,LIMIT,1700877806394,83,1.2836
SUSHIUSDT,BUY,LIMIT,1700877831804,47,1.2863
SUSHIUSDT,BUY,LIMIT,1700877833076,483,1.2864
SUSHIUSDT,BUY,LIMIT,1700877882450,101,1.2899
SUSHIUSDT,BUY,LIMIT,1700877886992,18,1.2920
SUSHIUSDT,BUY,LIMIT,1700877901633,837,1.2956
SUSHIUSDT,BUY,LIMIT,1700878176249,194,1.2979
SUSHIUSDT,SELL,LIMIT,1700878266152,104,1.2533
SUSHIUSDT,SELL,LIMIT,1700878298335,50,1.2494
SUSHIUSDT,BUY,LIMIT,1700878602129,261,1.2929
SUSHIUSDT,SELL,LIMIT,1700878996150,189,1.2420
SUSHIUSDT,SELL,LIMIT,1700879328860,40,1.2305
SUSHIUSDT,SELL,LIMIT,1700879354095,39,1.2273
SUSHIUSDT,BUY,LIMIT,1700879507168,209,1.2722
SUSHIUSDT,BUY,LIMIT,1700879551386,492,1.2788
SUSHIUSDT,SELL,LIMIT,1700880431971,197,1.2232
SUSHIUSDT,BUY,LIMIT,1700881534089,19,1.2652
SUSHIUSDT,BUY,LIMIT,1700881560421,845,1.2673
SUSHIUSDT,BUY,LIMIT,1700882468865,745,1.2695
SUSHIUSDT,BUY,LIMIT,1700883081737,533,1.2783
SUSHIUSDT,BUY,LIMIT,1700883085743,6,1.2797
SUSHIUSDT,BUY,LIMIT,1700883621856,32,1.2810
SUSHIUSDT,BUY,LIMIT,1700883954164,9,1.2861
SUSHIUSDT,BUY,LIMIT,1700884837085,2966,1.2943
SUSHIUSDT,SELL,LIMIT,1700884950085,452,1.2505
SUSHIUSDT,BUY,LIMIT,1700885820729,276,1.2979
SUSHIUSDT,SELL,LIMIT,1700886106098,1500,1.2526
SUSHIUSDT,BUY,LIMIT,1700886567842,276,1.2910
SUSHIUSDT,BUY,LIMIT,1700887299231,68,1.2985
SUSHIUSDT,SELL,LIMIT,1700887349909,63,1.2530
SUSHIUSDT,SELL,LIMIT,1700887353411,78,1.2525
SUSHIUSDT,SELL,LIMIT,1700887678362,103,1.2463
SUSHIUSDT,SELL,LIMIT,1700888344203,160,1.2470
SUSHIUSDT,SELL,LIMIT,1700888563040,81,1.2455
SUSHIUSDT,SELL,LIMIT,1700888610262,25,1.2421
SUSHIUSDT,SELL,LIMIT,1700888635394,1500,1.2406
SUSHIUSDT,SELL,LIMIT,1700890845394,251,1.2344
SUSHIUSDT,SELL,LIMIT,1700891336978,99,1.2310
SUSHIUSDT,BUY,LIMIT,1700892809769,16,1.2747
SUSHIUSDT,SELL,LIMIT,1700893670693,2613,1.2333
SUSHIUSDT,BUY,LIMIT,1700894233878,25,1.2790
SUSHIUSDT,BUY,LIMIT,1700894628198,1000,1.2876
SUSHIUSDT,BUY,LIMIT,1700894633283,12,1.2900
SUSHIUSDT,BUY,LIMIT,1700894638232,889,1.2917
SUSHIUSDT,BUY,LIMIT,1700894647091,626,1.2942
SUSHIUSDT,BUY,LIMIT,1700894677289,122,1.2993
SUSHIUSDT,BUY,LIMIT,1700894679343,38,1.3020
SUSHIUSDT,BUY,LIMIT,1700894684134,9,1.3035
SUSHIUSDT,BUY,LIMIT,1700894686781,16,1.3042
SUSHIUSDT,BUY,LIMIT,1700894688138,423,1.3044
SUSHIUSDT,BUY,LIMIT,1700894692063,560,1.3072
SUSHIUSDT,BUY,LIMIT,1700894704389,41,1.3084
SUSHIUSDT,BUY,LIMIT,1700894705424,1587,1.3112
SUSHIUSDT,BUY,LIMIT,1700894723446,28,1.3128
SUSHIUSDT,BUY,LIMIT,1700894724774,4095,1.3139
SUSHIUSDT,BUY,LIMIT,1700894726742,160,1.3136
SUSHIUSDT,BUY,LIMIT,1700894728638,657,1.3070
SUSHIUSDT,BUY,LIMIT,1700894729713,15,1.3147
SUSHIUSDT,BUY,LIMIT,1700894734998,39,1.3159
SUSHIUSDT,BUY,LIMIT,1700894737728,1409,1.3163
SUSHIUSDT,BUY,LIMIT,1700894744157,6,1.3161
SUSHIUSDT,BUY,LIMIT,1700894750260,34,1.3169
SUSHIUSDT,BUY,LIMIT,1700894751630,518,1.3177
SUSHIUSDT,BUY,LIMIT,1700894775114,3981,1.3182
SUSHIUSDT,BUY,LIMIT,1700894776305,785,1.3182
SUSHIUSDT,BUY,LIMIT,1700894790219,35,1.3202
SUSHIUSDT,BUY,LIMIT,1700894791313,26,1.3207
SUSHIUSDT,BUY,LIMIT,1700894792389,10,1.3210
SUSHIUSDT,BUY,LIMIT,1700894794374,38,1.3219
SUSHIUSDT,BUY,LIMIT,1700894804171,4208,1.3251
SUSHIUSDT,BUY,LIMIT,1700894805213,45,1.3247
SUSHIUSDT,BUY,LIMIT,1700894807113,81,1.3256
SUSHIUSDT,BUY,LIMIT,1700894808364,2000,1.3257
SUSHIUSDT,BUY,LIMIT,1700894814490,33,1.3261
SUSHIUSDT,BUY,LIMIT,1700894815892,92,1.3278
SUSHIUSDT,BUY,LIMIT,1700894817497,7,1.3277
SUSHIUSDT,BUY,LIMIT,1700894820450,234,1.3287
SUSHIUSDT,BUY,LIMIT,1700894825285,150,1.3291
SUSHIUSDT,BUY,LIMIT,1700894826868,4215,1.3312
SUSHIUSDT,BUY,LIMIT,1700894828038,80,1.3314
SUSHIUSDT,SELL,LIMIT,1700894870183,2595,1.2827
SUSHIUSDT,BUY,LIMIT,1700894960862,1096,1.3276
SUSHIUSDT,BUY,LIMIT,1700894984961,765,1.3308
SUSHIUSDT,BUY,LIMIT,1700894987148,5,1.3314
SUSHIUSDT,BUY,LIMIT,1700894990313,209,1.3318
SUSHIUSDT,BUY,LIMIT,1700894998093,456,1.3332
SUSHIUSDT,BUY,LIMIT,1700895000087,1886,1.3339
SUSHIUSDT,BUY,LIMIT,1700895001689,239,1.3345
SUSHIUSDT,BUY,LIMIT,1700895003409,951,1.3355
SUSHIUSDT,BUY,LIMIT,1700895016238,938,1.3359
SUSHIUSDT,BUY,LIMIT,1700895017400,997,1.3364
SUSHIUSDT,BUY,LIMIT,1700895018557,2279,1.3375
SUSHIUSDT,BUY,LIMIT,1700895037052,1754,1.3390
SUSHIUSDT,BUY,LIMIT,1700895038909,4345,1.3411
SUSHIUSDT,BUY,LIMIT,1700895126231,3480,1.3399
SUSHIUSDT,BUY,LIMIT,1700895167036,12,1.3402
SUSHIUSDT,BUY,LIMIT,1700895168228,22,1.3414
SUSHIUSDT,BUY,LIMIT,1700895170560,854,1.3415
SUSHIUSDT,BUY,LIMIT,1700895171647,328,1.3419
SUSHIUSDT,BUY,LIMIT,1700895172839,423,1.3436
SUSHIUSDT,BUY,LIMIT,1700895175939,78,1.3435
SUSHIUSDT,BUY,LIMIT,1700895177332,23,1.3444
SUSHIUSDT,BUY,LIMIT,1700895180763,141,1.3456
SUSHIUSDT,BUY,LIMIT,1700895185776,10,1.3465
SUSHIUSDT,BUY,LIMIT,1700895187092,590,1.3474
SUSHIUSDT,SELL,LIMIT,1700895242399,234,1.2948
SUSHIUSDT,BUY,LIMIT,1700895452105,19,1.3366
SUSHIUSDT,BUY,LIMIT,1700895505794,1420,1.3479
SUSHIUSDT,BUY,LIMIT,1700895531063,217,1.3496
SUSHIUSDT,BUY,LIMIT,1700895546948,334,1.3507
SUSHIUSDT,BUY,LIMIT,1700895548293,5,1.3512
SUSHIUSDT,BUY,LIMIT,1700895560238,13,1.3514
SUSHIUSDT,BUY,LIMIT,1700895561245,30,1.3518
SUSHIUSDT,BUY,LIMIT,1700895562306,108,1.3522
SUSHIUSDT,BUY,LIMIT,1700895590236,704,1.3533
SUSHIUSDT,SELL,LIMIT,1700895717115,214,1.3020
SUSHIUSDT,SELL,LIMIT,1700895718322,147,1.3031
SUSHIUSDT,SELL,LIMIT,1700895721085,118,1.2968
SUSHIUSDT,SELL,LIMIT,1700896224057,2783,1.2782
SUSHIUSDT,SELL,LIMIT,1700896230096,282,1.2772
SUSHIUSDT,BUY,LIMIT,1700896312288,160,1.3245
SUSHIUSDT,BUY,LIMIT,1700896387978,26,1.3280
SUSHIUSDT,BUY,LIMIT,1700896409399,3374,1.3292
SUSHIUSDT,BUY,LIMIT,1700898167100,37,1.3357
SUSHIUSDT,BUY,LIMIT,1700898376432,183,1.3420
SUSHIUSDT,BUY,LIMIT,1700898392185,12,1.3439
SUSHIUSDT,BUY,LIMIT,1700898396381,63,1.3435
SUSHIUSDT,SELL,LIMIT,1700899212194,84,1.3083
SUSHIUSDT,SELL,LIMIT,1700899238017,40,1.3062
SUSHIUSDT,BUY,LIMIT,1700899429416,2111,1.3525
SUSHIUSDT,BUY,LIMIT,1700899442193,76,1.3538
SUSHIUSDT,BUY,LIMIT,1700899447787,5,1.3552
SUSHIUSDT,BUY,LIMIT,1700899478445,433,1.3558
SUSHIUSDT,BUY,LIMIT,1700899531437,65,1.3567
SUSHIUSDT,BUY,LIMIT,1700899534101,17,1.3572
SUSHIUSDT,BUY,LIMIT,1700899542317,45,1.3587
SUSHIUSDT,BUY,LIMIT,1700899543537,17,1.3608
SUSHIUSDT,BUY,LIMIT,1700899544878,580,1.3618
SUSHIUSDT,BUY,LIMIT,1700899547078,1,1.3625
SUSHIUSDT,BUY,LIMIT,1700899549403,5,1.3634
SUSHIUSDT,BUY,LIMIT,1700899565146,691,1.3652
SUSHIUSDT,BUY,LIMIT,1700899566273,26,1.3640
SUSHIUSDT,BUY,LIMIT,1700899568238,83,1.3664
SUSHIUSDT,BUY,LIMIT,1700899569772,104,1.3672
SUSHIUSDT,BUY,LIMIT,1700899575097,123,1.3676
SUSHIUSDT,BUY,LIMIT,1700899576193,37,1.3686
SUSHIUSDT,BUY,LIMIT,1700899581878,983,1.3692
SUSHIUSDT,BUY,LIMIT,1700899584107,4137,1.3711
SUSHIUSDT,BUY,LIMIT,1700899586299,745,1.3708
SUSHIUSDT,BUY,LIMIT,1700899588296,1723,1.3744
SUSHIUSDT,BUY,LIMIT,1700899654383,694,1.3758
SUSHIUSDT,BUY,LIMIT,1700899745034,474,1.3754
SUSHIUSDT,BUY,LIMIT,1700900077343,42,1.3741
SUSHIUSDT,BUY,LIMIT,1700900122000,67,1.3771
SUSHIUSDT,BUY,LIMIT,1700900123141,46,1.3812
SUSHIUSDT,BUY,LIMIT,1700900124144,8819,1.3868
SUSHIUSDT,BUY,LIMIT,1700900125705,1222,1.3827
SUSHIUSDT,BUY,LIMIT,1700900126751,490,1.3838
SUSHIUSDT,BUY,LIMIT,1700900134936,344,1.3858
SUSHIUSDT,BUY,LIMIT,1700900136302,91,1.3859
SUSHIUSDT,BUY,LIMIT,1700900137541,159,1.3867
SUSHIUSDT,BUY,LIMIT,1700900152700,220,1.3869
SUSHIUSDT,BUY,LIMIT,1700900155055,1904,1.3879
SUSHIUSDT,BUY,LIMIT,1700900156414,274,1.3904
SUSHIUSDT,BUY,LIMIT,1700900158263,73,1.3943
SUSHIUSDT,BUY,LIMIT,1700900159304,80,1.3944
SUSHIUSDT,BUY,LIMIT,1700900161214,41,1.3950
SUSHIUSDT,BUY,LIMIT,1700900162513,1881,1.3955
SUSHIUSDT,BUY,LIMIT,1700900163936,12,1.3964
SUSHIUSDT,BUY,LIMIT,1700900165733,463,1.3973
SUSHIUSDT,BUY,LIMIT,1700900175174,238,1.3985
SUSHIUSDT,BUY,LIMIT,1700900183407,1,1.3982
SUSHIUSDT,BUY,LIMIT,1700900187394,542,1.3998
SUSHIUSDT,SELL,LIMIT,1700900216142,2183,1.3507
SUSHIUSDT,SELL,LIMIT,1700900229426,3119,1.3437
SUSHIUSDT,SELL,LIMIT,1700900230842,664,1.3434
SUSHIUSDT,SELL,LIMIT,1700900363416,59,1.3386
SUSHIUSDT,SELL,LIMIT,1700900456292,101,1.3341
SUSHIUSDT,SELL,LIMIT,1700900696540,443,1.3263
SUSHIUSDT,SELL,LIMIT,1700900697831,117,1.3259
SUSHIUSDT,SELL,LIMIT,1700900808085,273,1.3233
SUSHIUSDT,SELL,LIMIT,1700900820806,3181,1.3229
SUSHIUSDT,SELL,LIMIT,1700900869260,3714,1.3195
SUSHIUSDT,SELL,LIMIT,1700900930544,925,1.3134
SUSHIUSDT,SELL,LIMIT,1700901157496,7,1.3065
SUSHIUSDT,SELL,LIMIT,1700901413879,633,1.3094
SUSHIUSDT,SELL,LIMIT,1700901415071,94,1.3086
SUSHIUSDT,SELL,LIMIT,1700901416106,661,1.3084
SUSHIUSDT,SELL,LIMIT,1700901465312,7,1.3059
SUSHIUSDT,SELL,LIMIT,1700901471079,1259,1.3039
SUSHIUSDT,SELL,LIMIT,1700901714141,949,1.2971
SUSHIUSDT,SELL,LIMIT,1700901736687,36,1.2949
SUSHIUSDT,SELL,LIMIT,1700901778366,190,1.2941
SUSHIUSDT,SELL,LIMIT,1700901828178,258,1.2896
SUSHIUSDT,SELL,LIMIT,1700901829236,221,1.2904
SUSHIUSDT,SELL,LIMIT,1700901851654,287,1.2887
SUSHIUSDT,SELL,LIMIT,1700901862977,817,1.2869
SUSHIUSDT,SELL,LIMIT,1700901869596,64,1.2852
SUSHIUSDT,SELL,LIMIT,1700901873949,3764,1.2842
SUSHIUSDT,SELL,LIMIT,1700901898103,58,1.2796
SUSHIUSDT,SELL,LIMIT,1700901902047,2446,1.2789
SUSHIUSDT,SELL,LIMIT,1700901908522,381,1.2761
SUSHIUSDT,SELL,LIMIT,1700901937215,1000,1.2731
SUSHIUSDT,SELL,LIMIT,1700901949181,584,1.2699
SUSHIUSDT,SELL,LIMIT,1700901951093,361,1.2682
SUSHIUSDT,SELL,LIMIT,1700901952216,35,1.2644
SUSHIUSDT,SELL,LIMIT,1700901968139,1334,1.2640
SUSHIUSDT,SELL,LIMIT,1700901969290,385,1.2642
SUSHIUSDT,SELL,LIMIT,1700901971708,572,1.2625
SUSHIUSDT,SELL,LIMIT,1700902009216,1521,1.2611
SUSHIUSDT,SELL,LIMIT,1700902010574,204,1.2588
SUSHIUSDT,SELL,LIMIT,1700902011734,910,1.2547
SUSHIUSDT,SELL,LIMIT,1700902013760,3890,1.2538
SUSHIUSDT,SELL,LIMIT,1700902015614,93,1.2529
SUSHIUSDT,SELL,LIMIT,1700902017370,7,1.2527
SUSHIUSDT,SELL,LIMIT,1700902018677,14,1.2508
SUSHIUSDT,SELL,LIMIT,1700902021888,1993,1.2514
SUSHIUSDT,SELL,LIMIT,1700902025047,534,1.2500
SUSHIUSDT,SELL,LIMIT,1700902026195,600,1.2488
SUSHIUSDT,SELL,LIMIT,1700902032169,176,1.2467
SUSHIUSDT,SELL,LIMIT,1700902033702,629,1.2452
SUSHIUSDT,SELL,LIMIT,1700902144532,1847,1.2435
SUSHIUSDT,SELL,LIMIT,1700902147321,119,1.2421
SUSHIUSDT,SELL,LIMIT,1700902151099,253,1.2387
SUSHIUSDT,SELL,LIMIT,1700902154173,1731,1.2377
SUSHIUSDT,SELL,LIMIT,1700902156049,95,1.2352
SUSHIUSDT,SELL,LIMIT,1700902159794,66,1.2336
SUSHIUSDT,SELL,LIMIT,1700902193592,556,1.2381
SUSHIUSDT,BUY,LIMIT,1700902549182,20,1.2943
SUSHIUSDT,BUY,LIMIT,1700902709783,383,1.3052
SUSHIUSDT,SELL,LIMIT,1700903797434,1649,1.2680
SUSHIUSDT,SELL,LIMIT,1700904178178,300,1.2631
SUSHIUSDT,SELL,LIMIT,1700904291522,41,1.2614
SUSHIUSDT,SELL,LIMIT,1700904507528,7,1.2595
SUSHIUSDT,SELL,LIMIT,1700905030437,760,1.2529
SUSHIUSDT,SELL,LIMIT,1700905031444,814,1.2534
SUSHIUSDT,SELL,LIMIT,1700905170342,182,1.2494
SUSHIUSDT,BUY,LIMIT,1700905961227,18,1.3017
SUSHIUSDT,SELL,LIMIT,1700906717697,12,1.2567
SUSHIUSDT,SELL,LIMIT,1700906747047,257,1.2537
SUSHIUSDT,SELL,LIMIT,1700906748188,318,1.2519
SUSHIUSDT,SELL,LIMIT,1700907099078,12,1.2444
SUSHIUSDT,SELL,LIMIT,1700908109054,7,1.2412
SUSHIUSDT,SELL,LIMIT,1700908116490,3098,1.2395
SUSHIUSDT,SELL,LIMIT,1700908129379,119,1.2395
SUSHIUSDT,SELL,LIMIT,1700908302307,41,1.2385
SUSHIUSDT,SELL,LIMIT,1700908318216,780,1.2384
SUSHIUSDT,SELL,LIMIT,1700908323477,784,1.2379
SUSHIUSDT,SELL,LIMIT,1700908804214,307,1.2352
SUSHIUSDT,SELL,LIMIT,1700908813143,1510,1.2331
SUSHIUSDT,SELL,LIMIT,1700908814354,6,1.2330
SUSHIUSDT,SELL,LIMIT,1700908843036,63,1.2317
SUSHIUSDT,SELL,LIMIT,1700908844095,432,1.2318
SUSHIUSDT,SELL,LIMIT,1700908847386,682,1.2286
SUSHIUSDT,SELL,LIMIT,1700908848413,74,1.2276
SUSHIUSDT,SELL,LIMIT,1700908895330,516,1.2262
SUSHIUSDT,SELL,LIMIT,1700908914469,213,1.2288
SUSHIUSDT,BUY,LIMIT,1700909246754,1291,1.2741
SUSHIUSDT,BUY,LIMIT,1700909317818,4000,1.2760
SUSHIUSDT,SELL,LIMIT,1700910471403,248,1.2314
SUSHIUSDT,SELL,LIMIT,1700910543458,297,1.2298
SUSHIUSDT,SELL,LIMIT,1700911149337,103,1.2267
SUSHIUSDT,BUY,LIMIT,1700911531439,9,1.2685
SUSHIUSDT,BUY,LIMIT,1700911587240,10,1.2732
SUSHIUSDT,SELL,LIMIT,1700912424244,3979,1.2304
SUSHIUSDT,SELL,LIMIT,1700912508448,124,1.2246
SUSHIUSDT,SELL,LIMIT,1700912511845,96,1.2239
SUSHIUSDT,SELL,LIMIT,1700912513491,4004,1.2239
SUSHIUSDT,SELL,LIMIT,1700912547141,333,1.2232
SUSHIUSDT,SELL,LIMIT,1700912549422,138,1.2230
SUSHIUSDT,SELL,LIMIT,1700912555755,178,1.2223
SUSHIUSDT,SELL,LIMIT,1700912667871,215,1.2243
SUSHIUSDT,SELL,LIMIT,1700912704159,137,1.2219
SUSHIUSDT,SELL,LIMIT,1700912706352,1122,1.2202
SUSHIUSDT,SELL,LIMIT,1700913039298,4012,1.2206
SUSHIUSDT,SELL,LIMIT,1700913047119,285,1.2186
SUSHIUSDT,SELL,LIMIT,1700913055993,5,1.2171
SUSHIUSDT,SELL,LIMIT,1700913106055,598,1.2165
SUSHIUSDT,SELL,LIMIT,1700913107358,114,1.2155
SUSHIUSDT,SELL,LIMIT,1700913108379,431,1.2152
SUSHIUSDT,SELL,LIMIT,1700913110319,341,1.2104
SUSHIUSDT,SELL,LIMIT,1700913119244,550,1.2097
SUSHIUSDT,BUY,LIMIT,1700913795273,10,1.2583
SUSHIUSDT,SELL,LIMIT,1700914554058,120,1.2179
SUSHIUSDT,SELL,LIMIT,1700914555970,2171,1.2175
SUSHIUSDT,SELL,LIMIT,1700914562063,1124,1.2166
SUSHIUSDT,SELL,LIMIT,1700914563437,202,1.2166
SUSHIUSDT,BUY,LIMIT,1700915088762,9,1.2658
SUSHIUSDT,BUY,LIMIT,1700915194079,219,1.2682
SUSHIUSDT,BUY,LIMIT,1700915197018,728,1.2686
SUSHIUSDT,SELL,LIMIT,1700915881243,92,1.2244
SUSHIUSDT,SELL,LIMIT,1700916015486,221,1.2239
SUSHIUSDT,SELL,LIMIT,1700918727952,8,1.2100
SUSHIUSDT,SELL,LIMIT,1700918737278,352,1.2081
SUSHIUSDT,SELL,LIMIT,1700918752176,747,1.2073
SUSHIUSDT,SELL,LIMIT,1700918770399,4,1.2066
SUSHIUSDT,SELL,LIMIT,1700918773236,6,1.2061
SUSHIUSDT,SELL,LIMIT,1700918778516,872,1.2049
SUSHIUSDT,SELL,LIMIT,1700918785122,80,1.2045
SUSHIUSDT,SELL,LIMIT,1700918798073,454,1.2022
SUSHIUSDT,SELL,LIMIT,1700918799109,15,1.2028
SUSHIUSDT,SELL,LIMIT,1700918800288,35,1.2013
SUSHIUSDT,SELL,LIMIT,1700919084309,142,1.2057
SUSHIUSDT,SELL,LIMIT,1700919590046,35,1.1984
SUSHIUSDT,SELL,LIMIT,1700919591392,141,1.1977
SUSHIUSDT,SELL,LIMIT,1700919594360,35,1.1939
SUSHIUSDT,SELL,LIMIT,1700919627319,1818,1.1932
SUSHIUSDT,SELL,LIMIT,1700919628481,6,1.1936
SUSHIUSDT,SELL,LIMIT,1700921106502,628,1.1945
SUSHIUSDT,SELL,LIMIT,1700921107784,39,1.1931
SUSHIUSDT,SELL,LIMIT,1700921109339,238,1.1929
SUSHIUSDT,SELL,LIMIT,1700921164420,365,1.1924
SUSHIUSDT,SELL,LIMIT,1700921183134,50,1.1924
SUSHIUSDT,SELL,LIMIT,1700921194232,4073,1.1922
SUSHIUSDT,SELL,LIMIT,1700921199390,24,1.1921
SUSHIUSDT,SELL,LIMIT,1700921201709,519,1.1912
SUSHIUSDT,SELL,LIMIT,1700921203082,200,1.1907
SUSHIUSDT,SELL,LIMIT,1700921525457,4104,1.1896
SUSHIUSDT,SELL,LIMIT,1700921531849,5658,1.1858
SUSHIUSDT,SELL,LIMIT,1700921533140,57,1.1887
SUSHIUSDT,SELL,LIMIT,1700921804420,1841,1.1874
SUSHIUSDT,SELL,LIMIT,1700921867841,332,1.1863
SUSHIUSDT,SELL,LIMIT,1700921998217,64,1.1860
SUSHIUSDT,SELL,LIMIT,1700922028493,1511,1.1841
SUSHIUSDT,SELL,LIMIT,1700922053047,54,1.1830
SUSHIUSDT,SELL,LIMIT,1700922055982,253,1.1803
SUSHIUSDT,SELL,LIMIT,1700922058072,530,1.1788
SUSHIUSDT,SELL,LIMIT,1700922059174,1530,1.1799
SUSHIUSDT,SELL,LIMIT,1700922060778,75,1.1767
SUSHIUSDT,BUY,LIMIT,1700923703170,53,1.2324
SUSHIUSDT,BUY,LIMIT,1700923716324,5,1.2332
SUSHIUSDT,SELL,LIMIT,1700924152725,1159,1.1915
SUSHIUSDT,SELL,LIMIT,1700924238207,195,1.1901
SUSHIUSDT,SELL,LIMIT,1700924265387,20,1.1893
SUSHIUSDT,SELL,LIMIT,1700924423745,24,1.1866
SUSHIUSDT,SELL,LIMIT,1700924430681,119,1.1866
SUSHIUSDT,SELL,LIMIT,1700924465074,37,1.1854
SUSHIUSDT,SELL,LIMIT,1700924480731,506,1.1841
SUSHIUSDT,SELL,LIMIT,1700924482020,26,1.1838
SUSHIUSDT,SELL,LIMIT,1700924483231,27,1.1826
SUSHIUSDT,SELL,LIMIT,1700925296181,52,1.1759
SUSHIUSDT,SELL,LIMIT,1700925636232,591,1.1755
SUSHIUSDT,SELL,LIMIT,1700925637407,11,1.1749
SUSHIUSDT,SELL,LIMIT,1700925646444,536,1.1745
SUSHIUSDT,SELL,LIMIT,1700925648158,192,1.1743
SUSHIUSDT,SELL,LIMIT,1700925651099,112,1.1732
SUSHIUSDT,SELL,LIMIT,1700925653306,798,1.1726
SUSHIUSDT,BUY,LIMIT,1700925769719,50,1.2182
SUSHIUSDT,BUY,LIMIT,1700925981259,3096,1.2170
SUSHIUSDT,BUY,LIMIT,1700926283239,2503,1.2215
SUSHIUSDT,BUY,LIMIT,1700926294344,4128,1.2225
SUSHIUSDT,BUY,LIMIT,1700926527192,14,1.2326
SUSHIUSDT,BUY,LIMIT,1700926536831,745,1.2354
SUSHIUSDT,BUY,LIMIT,1700926541891,742,1.2362
SUSHIUSDT,BUY,LIMIT,1700926544187,36,1.2376
SUSHIUSDT,BUY,LIMIT,1700926578284,37,1.2394
SUSHIUSDT,BUY,LIMIT,1700926596680,981,1.2450
SUSHIUSDT,BUY,LIMIT,1700926619963,145,1.2468
SUSHIUSDT,BUY,LIMIT,1700926677126,148,1.2508
SUSHIUSDT,BUY,LIMIT,1700926749065,5563,1.2550
SUSHIUSDT,BUY,LIMIT,1700926819372,41,1.2540
SUSHIUSDT,BUY,LIMIT,1700927158323,67,1.2563
SUSHIUSDT,BUY,LIMIT,1700927244624,83,1.2578
SUSHIUSDT,BUY,LIMIT,1700927586570,99,1.2645
SUSHIUSDT,BUY,LIMIT,1700927590411,3,1.2665
SUSHIUSDT,BUY,LIMIT,1700927597254,21,1.2672
SUSHIUSDT,BUY,LIMIT,1700927899261,916,1.2669
SUSHIUSDT,BUY,LIMIT,1700927905122,2142,1.2676
SUSHIUSDT,SELL,LIMIT,1700928062933,214,1.2241
SUSHIUSDT,BUY,LIMIT,1700928158086,9,1.2682
SUSHIUSDT,SELL,LIMIT,1700928612980,50,1.2191
SUSHIUSDT,SELL,LIMIT,1700928614061,1071,1.2181
SUSHIUSDT,SELL,LIMIT,1700928627789,1115,1.2174
SUSHIUSDT,SELL,LIMIT,1700929318128,6,1.2154
SUSHIUSDT,BUY,LIMIT,1700929565054,185,1.2573
SUSHIUSDT,BUY,LIMIT,1700929915164,1176,1.2613
SUSHIUSDT,BUY,LIMIT,1700929928412,1161,1.2618
SUSHIUSDT,BUY,LIMIT,1700929961167,137,1.2637
SUSHIUSDT,SELL,LIMIT,1700931649267,235,1.2186
SUSHIUSDT,SELL,LIMIT,1700931994182,26,1.2170
SUSHIUSDT,SELL,LIMIT,1700933287218,433,1.2161
SUSHIUSDT,BUY,LIMIT,1700933537205,88,1.2525
SUSHIUSDT,SELL,LIMIT,1700933601138,318,1.2135
SUSHIUSDT,SELL,LIMIT,1700933623782,1145,1.2133
SUSHIUSDT,SELL,LIMIT,1700934431200,10,1.2107
SUSHIUSDT,SELL,LIMIT,1700934879260,8,1.2084
SUSHIUSDT,SELL,LIMIT,1700934937992,75,1.2059
SUSHIUSDT,BUY,LIMIT,1700939614856,6,1.2496
