Symbol,Side,Order Type,Time,Quantity,Price
SUSHIUSDT,SELL,LIMIT,1701066364566,2148,1.1404
SUSHIUSDT,SELL,LIMIT,1701067327065,6,1.1370
SUSHIUSDT,SELL,LIMIT,1701067382243,479,1.1356
SUSHIUSDT,SELL,LIMIT,1701067510161,182,1.1350
SUSHIUSDT,SELL,LIMIT,1701067601256,644,1.1334
SUSHIUSDT,SELL,LIMIT,1701067602443,24,1.1329
SUSHIUSDT,SELL,LIMIT,1701067604465,17,1.1309
SUSHIUSDT,SELL,LIMIT,1701067609592,336,1.1315
SUSHIUSDT,SELL,LIMIT,1701067751151,811,1.1322
SUSHIUSDT,SELL,LIMIT,1701067856859,26,1.1284
SUSHIUSDT,SELL,LIMIT,1701067867293,1600,1.1284
SUSHIUSDT,SELL,LIMIT,1701068089051,35,1.1272
SUSHIUSDT,SELL,LIMIT,1701068090248,1113,1.1273
SUSHIUSDT,SELL,LIMIT,1701068092380,460,1.1262
SUSHIUSDT,SELL,LIMIT,1701068093406,20,1.1261
SUSHIUSDT,SELL,LIMIT,1701068099083,11,1.1258
SUSHIUSDT,SELL,LIMIT,1701068110395,54,1.1257
SUSHIUSDT,SELL,LIMIT,1701068126509,3481,1.1250
SUSHIUSDT,SELL,LIMIT,1701068134203,187,1.1247
SUSHIUSDT,SELL,LIMIT,1701068146285,338,1.1252
SUSHIUSDT,SELL,LIMIT,1701068151436,126,1.1241
SUSHIUSDT,SELL,LIMIT,1701068163085,846,1.1232
SUSHIUSDT,SELL,LIMIT,1701068164168,169,1.1234
SUSHIUSDT,SELL,LIMIT,1701068167045,354,1.1225
SUSHIUSDT,SELL,LIMIT,1701068169242,120,1.1205
SUSHIUSDT,SELL,LIMIT,1701068170334,1828,1.1182
SUSHIUSDT,SELL,LIMIT,1701068379152,291,1.1177
SUSHIUSDT,BUY,LIMIT,1701068824118,20,1.1618
SUSHIUSDT,SELL,LIMIT,1701069558421,113,1.1210
SUSHIUSDT,SELL,LIMIT,1701069574698,291,1.1201
SUSHIUSDT,SELL,LIMIT,1701069636648,4277,1.1188
SUSHIUSDT,SELL,LIMIT,1701069637931,583,1.1186
SUSHIUSDT,SELL,LIMIT,1701069883388,1458,1.1178
SUSHIUSDT,SELL,LIMIT,1701069886103,256,1.1176
SUSHIUSDT,SELL,LIMIT,1701069892061,150,1.1169
SUSHIUSDT,SELL,LIMIT,1701069898134,12,1.1169
SUSHIUSDT,SELL,LIMIT,1701069899247,628,1.1158
SUSHIUSDT,SELL,LIMIT,1701070167896,291,1.1179
SUSHIUSDT,SELL,LIMIT,1701070172879,410,1.1163
SUSHIUSDT,BUY,LIMIT,1701071358714,77,1.1611
SUSHIUSDT,SELL,LIMIT,1701072198173,26,1.1213
SUSHIUSDT,SELL,LIMIT,1701074019812,67,1.1306
SUSHIUSDT,BUY,LIMIT,1701074348206,1250,1.1651
SUSHIUSDT,SELL,LIMIT,1701074793391,9,1.1236
SUSHIUSDT,BUY,LIMIT,1701076291314,20,1.1681
SUSHIUSDT,BUY,LIMIT,1701076556339,40,1.1723
SUSHIUSDT,SELL,LIMIT,1701077399082,14,1.1348
SUSHIUSDT,SELL,LIMIT,1701080493653,8,1.1259
SUSHIUSDT,SELL,LIMIT,1701080532063,1670,1.1256
SUSHIUSDT,SELL,LIMIT,1701081137692,6,1.1203
SUSHIUSDT,SELL,LIMIT,1701081422150,76,1.1200
SUSHIUSDT,SELL,LIMIT,1701081440135,1128,1.1167
SUSHIUSDT,SELL,LIMIT,1701081455154,39,1.1150
SUSHIUSDT,SELL,LIMIT,1701082494553,1000,1.1158
SUSHIUSDT,SELL,LIMIT,1701082634996,1029,1.1143
SUSHIUSDT,SELL,LIMIT,1701082636251,1228,1.1138
SUSHIUSDT,SELL,LIMIT,1701082637723,35,1.1136
SUSHIUSDT,SELL,LIMIT,1701082652565,241,1.1136
SUSHIUSDT,SELL,LIMIT,1701082661086,4817,1.1124
SUSHIUSDT,SELL,LIMIT,1701082666185,111,1.1130
SUSHIUSDT,SELL,LIMIT,1701082675080,18,1.1123
SUSHIUSDT,SELL,LIMIT,1701082676092,56,1.1123
SUSHIUSDT,SELL,LIMIT,1701082677131,515,1.1113
SUSHIUSDT,SELL,LIMIT,1701082696618,3700,1.1103
SUSHIUSDT,SELL,LIMIT,1701082699382,520,1.1102
SUSHIUSDT,SELL,LIMIT,1701082704169,718,1.1089
SUSHIUSDT,SELL,LIMIT,1701082709411,104,1.1083
SUSHIUSDT,SELL,LIMIT,1701083215470,2195,1.1152
SUSHIUSDT,SELL,LIMIT,1701085027182,6,1.1198
SUSHIUSDT,BUY,LIMIT,1701085064633,25,1.1584
SUSHIUSDT,BUY,LIMIT,1701085273128,1915,1.1623
SUSHIUSDT,BUY,LIMIT,1701085849949,201,1.1681
SUSHIUSDT,BUY,LIMIT,1701086045709,5,1.1743
SUSHIUSDT,BUY,LIMIT,1701086703826,25,1.1756
SUSHIUSDT,BUY,LIMIT,1701087601418,54,1.1746
SUSHIUSDT,BUY,LIMIT,1701088624399,428,1.1810
SUSHIUSDT,BUY,LIMIT,1701088791287,4347,1.1848
SUSHIUSDT,BUY,LIMIT,1701088872056,210,1.1890
SUSHIUSDT,BUY,LIMIT,1701088881568,372,1.1902
SUSHIUSDT,BUY,LIMIT,1701088922226,189,1.1958
SUSHIUSDT,BUY,LIMIT,1701088929314,120,1.1963
SUSHIUSDT,BUY,LIMIT,1701090312608,27,1.1911
SUSHIUSDT,BUY,LIMIT,1701090323338,21,1.1922
SUSHIUSDT,BUY,LIMIT,1701090529980,120,1.1921
SUSHIUSDT,BUY,LIMIT,1701091242258,93,1.1958
SUSHIUSDT,BUY,LIMIT,1701091365072,87,1.1999
SUSHIUSDT,BUY,LIMIT,1701091375028,549,1.2010
SUSHIUSDT,BUY,LIMIT,1701091388212,19,1.2023
SUSHIUSDT,BUY,LIMIT,1701091467291,8,1.2045
SUSHIUSDT,SELL,LIMIT,1701091949831,4220,1.1614
SUSHIUSDT,BUY,LIMIT,1701092832579,29,1.2084
SUSHIUSDT,BUY,LIMIT,1701092858253,1774,1.2101
SUSHIUSDT,BUY,LIMIT,1701092864298,1694,1.2105
SUSHIUSDT,BUY,LIMIT,1701092894461,6,1.2110
SUSHIUSDT,BUY,LIMIT,1701092897611,86,1.2119
SUSHIUSDT,BUY,LIMIT,1701092925516,259,1.2132
SUSHIUSDT,BUY,LIMIT,1701093270079,833,1.2127
SUSHIUSDT,SELL,LIMIT,1701093785170,19,1.1678
SUSHIUSDT,SELL,LIMIT,1701096087101,6,1.1576
SUSHIUSDT,SELL,LIMIT,1701096225318,180,1.1526
SUSHIUSDT,SELL,LIMIT,1701096800780,47,1.1517
SUSHIUSDT,SELL,LIMIT,1701096965360,535,1.1523
SUSHIUSDT,SELL,LIMIT,1701097084417,4257,1.1497
SUSHIUSDT,SELL,LIMIT,1701097103644,100,1.1478
SUSHIUSDT,BUY,LIMIT,1701097517730,138,1.1930
SUSHIUSDT,BUY,LIMIT,1701097606124,4260,1.1988
SUSHIUSDT,BUY,LIMIT,1701098350287,2323,1.2089
SUSHIUSDT,BUY,LIMIT,1701098425783,141,1.2125
SUSHIUSDT,SELL,LIMIT,1701100128766,5,1.1632
SUSHIUSDT,SELL,LIMIT,1701100567101,125,1.1548
SUSHIUSDT,BUY,LIMIT,1701100870123,1698,1.2004
SUSHIUSDT,BUY,LIMIT,1701100949693,1170,1.2020
SUSHIUSDT,BUY,LIMIT,1701101000988,10,1.2047
SUSHIUSDT,SELL,LIMIT,1701101005078,21,1.1689
SUSHIUSDT,SELL,LIMIT,1701102072305,2347,1.1792
SUSHIUSDT,SELL,LIMIT,1701102802986,88,1.1617
SUSHIUSDT,SELL,LIMIT,1701102838069,103,1.1605
SUSHIUSDT,BUY,LIMIT,1701103644860,170,1.2079
SUSHIUSDT,BUY,LIMIT,1701103670489,495,1.2090
SUSHIUSDT,BUY,LIMIT,1701103697090,378,1.2103
SUSHIUSDT,BUY,LIMIT,1701104778108,2119,1.2126
SUSHIUSDT,BUY,LIMIT,1701104787017,152,1.2129
SUSHIUSDT,BUY,LIMIT,1701105027426,191,1.2187
SUSHIUSDT,SELL,LIMIT,1701105704250,116,1.1806
SUSHIUSDT,SELL,LIMIT,1701105707253,415,1.1794
SUSHIUSDT,SELL,LIMIT,1701105998649,29,1.1741
SUSHIUSDT,SELL,LIMIT,1701106488687,322,1.1620
SUSHIUSDT,SELL,LIMIT,1701106512539,511,1.1606
SUSHIUSDT,SELL,LIMIT,1701106571245,8,1.1588
SUSHIUSDT,BUY,LIMIT,1701106963719,4259,1.1961
SUSHIUSDT,BUY,LIMIT,1701107915082,8,1.2061
SUSHIUSDT,BUY,LIMIT,1701107916138,844,1.2065
SUSHIUSDT,SELL,LIMIT,1701108632451,190,1.1645
SUSHIUSDT,BUY,LIMIT,1701109570534,13,1.2016
SUSHIUSDT,SELL,LIMIT,1701111322347,40,1.1626
SUSHIUSDT,SELL,LIMIT,1701111999790,211,1.1546
SUSHIUSDT,SELL,LIMIT,1701112046228,3338,1.1550
SUSHIUSDT,SELL,LIMIT,1701112053704,19,1.1526
SUSHIUSDT,SELL,LIMIT,1701112056229,108,1.1524
SUSHIUSDT,SELL,LIMIT,1701112080721,30,1.1516
SUSHIUSDT,SELL,LIMIT,1701112733069,1127,1.1467
SUSHIUSDT,SELL,LIMIT,1701112748697,142,1.1445
SUSHIUSDT,SELL,LIMIT,1701113918341,996,1.1444
SUSHIUSDT,SELL,LIMIT,1701113948351,398,1.1436
SUSHIUSDT,SELL,LIMIT,1701113983762,210,1.1418
SUSHIUSDT,SELL,LIMIT,1701114005213,4174,1.1415
SUSHIUSDT,SELL,LIMIT,1701114041079,123,1.1399
SUSHIUSDT,SELL,LIMIT,1701114045005,87,1.1394
SUSHIUSDT,SELL,LIMIT,1701114162362,2527,1.1384
SUSHIUSDT,SELL,LIMIT,1701114163336,103,1.1378
SUSHIUSDT,SELL,LIMIT,1701114238870,149,1.1375
SUSHIUSDT,SELL,LIMIT,1701114263674,342,1.1354
SUSHIUSDT,SELL,LIMIT,1701114265080,1908,1.1346
SUSHIUSDT,SELL,LIMIT,1701114467236,41,1.1333
SUSHIUSDT,SELL,LIMIT,1701114468484,629,1.1315
SUSHIUSDT,SELL,LIMIT,1701114469863,123,1.1307
SUSHIUSDT,SELL,LIMIT,1701114474209,5852,1.1275
SUSHIUSDT,SELL,LIMIT,1701114477369,176,1.1297
SUSHIUSDT,SELL,LIMIT,1701114479443,77,1.1292
SUSHIUSDT,SELL,LIMIT,1701114524763,632,1.1292
SUSHIUSDT,SELL,LIMIT,1701114529107,1982,1.1283
SUSHIUSDT,BUY,LIMIT,1701115289572,112,1.1744
SUSHIUSDT,BUY,LIMIT,1701126569159,211,1.2064
SUSHIUSDT,BUY,LIMIT,1701126602038,66,1.2097
SUSHIUSDT,BUY,LIMIT,1701126784965,631,1.2121
SUSHIUSDT,BUY,LIMIT,1701126929584,165,1.2188
SUSHIUSDT,BUY,LIMIT,1701127070945,50,1.2235
SUSHIUSDT,BUY,LIMIT,1701127248433,50,1.2283
SUSHIUSDT,BUY,LIMIT,1701127480870,80,1.2275
SUSHIUSDT,BUY,LIMIT,1701127485315,14,1.2292
SUSHIUSDT,BUY,LIMIT,1701127486469,100,1.2297
SUSHIUSDT,BUY,LIMIT,1701127866013,56,1.2329
SUSHIUSDT,BUY,LIMIT,1701128198278,184,1.2375
SUSHIUSDT,BUY,LIMIT,1701128344367,259,1.2400
SUSHIUSDT,BUY,LIMIT,1701128817186,1271,1.2437
SUSHIUSDT,BUY,LIMIT,1701129058303,63,1.2462
SUSHIUSDT,BUY,LIMIT,1701129065469,5400,1.2498
SUSHIUSDT,BUY,LIMIT,1701129116040,80,1.2472
SUSHIUSDT,SELL,LIMIT,1701129781710,1630,1.2018
SUSHIUSDT,SELL,LIMIT,1701130284753,197,1.1985
SUSHIUSDT,BUY,LIMIT,1701130719321,1197,1.2433
SUSHIUSDT,BUY,LIMIT,1701130854384,35,1.2490
SUSHIUSDT,BUY,LIMIT,1701130858871,34,1.2488
SUSHIUSDT,BUY,LIMIT,1701130899852,91,1.2506
SUSHIUSDT,BUY,LIMIT,1701130923766,3940,1.2527
SUSHIUSDT,BUY,LIMIT,1701130928587,1508,1.2531
SUSHIUSDT,BUY,LIMIT,1701130937831,698,1.2558
SUSHIUSDT,BUY,LIMIT,1701131094715,128,1.2569
SUSHIUSDT,BUY,LIMIT,1701131105591,177,1.2583
SUSHIUSDT,BUY,LIMIT,1701131108103,6,1.2587
SUSHIUSDT,BUY,LIMIT,1701131126037,371,1.2592
SUSHIUSDT,SELL,LIMIT,1701131827449,403,1.2145
SUSHIUSDT,SELL,LIMIT,1701133346302,98,1.2062
SUSHIUSDT,SELL,LIMIT,1701133454950,720,1.2035
SUSHIUSDT,SELL,LIMIT,1701133456195,12,1.2028
SUSHIUSDT,SELL,LIMIT,1701134919069,2856,1.1965
SUSHIUSDT,SELL,LIMIT,1701135090188,461,1.1932
SUSHIUSDT,SELL,LIMIT,1701135092131,141,1.1931
SUSHIUSDT,SELL,LIMIT,1701135093132,928,1.1910
SUSHIUSDT,SELL,LIMIT,1701137112005,18,1.1889
SUSHIUSDT,SELL,LIMIT,1701137316456,17,1.1872
SUSHIUSDT,SELL,LIMIT,1701137345024,871,1.1868
SUSHIUSDT,SELL,LIMIT,1701137372198,1468,1.1847
SUSHIUSDT,BUY,LIMIT,1701138495837,106,1.2259
SUSHIUSDT,BUY,LIMIT,1701139023482,7,1.2364
SUSHIUSDT,BUY,LIMIT,1701139454214,586,1.2409
SUSHIUSDT,BUY,LIMIT,1701140435813,952,1.2501
SUSHIUSDT,BUY,LIMIT,1701140459227,11,1.2509
SUSHIUSDT,BUY,LIMIT,1701141011366,105,1.2571
SUSHIUSDT,BUY,LIMIT,1701141128597,200,1.2635
SUSHIUSDT,BUY,LIMIT,1701141200901,6,1.2659
SUSHIUSDT,BUY,LIMIT,1701141211138,51,1.2666
SUSHIUSDT,SELL,LIMIT,1701141388741,62,1.2187
SUSHIUSDT,SELL,LIMIT,1701141517270,448,1.2063
SUSHIUSDT,SELL,LIMIT,1701141701062,56,1.2023
SUSHIUSDT,SELL,LIMIT,1701144415596,133,1.1995
SUSHIUSDT,SELL,LIMIT,1701144445178,9,1.1981
SUSHIUSDT,BUY,LIMIT,1701144622055,50,1.2405
SUSHIUSDT,SELL,LIMIT,1701145966386,1042,1.1933
SUSHIUSDT,SELL,LIMIT,1701146000763,995,1.1900
SUSHIUSDT,SELL,LIMIT,1701146005877,2797,1.1901
SUSHIUSDT,BUY,LIMIT,1701147387228,443,1.2358
SUSHIUSDT,SELL,LIMIT,1701147787456,2518,1.1916
SUSHIUSDT,SELL,LIMIT,1701147798942,473,1.1905
SUSHIUSDT,SELL,LIMIT,1701147802828,204,1.1885
SUSHIUSDT,SELL,LIMIT,1701147859057,5,1.1878
SUSHIUSDT,SELL,LIMIT,1701147862120,11152,1.1805
SUSHIUSDT,SELL,LIMIT,1701147869168,2195,1.1870
SUSHIUSDT,SELL,LIMIT,1701147886606,5,1.1840
SUSHIUSDT,SELL,LIMIT,1701148124156,81,1.1859
SUSHIUSDT,SELL,LIMIT,1701148169215,424,1.1812
SUSHIUSDT,SELL,LIMIT,1701148251461,442,1.1806
SUSHIUSDT,SELL,LIMIT,1701148296788,318,1.1838
SUSHIUSDT,BUY,LIMIT,1701148424260,31,1.2233
SUSHIUSDT,SELL,LIMIT,1701148975653,88,1.1812
SUSHIUSDT,SELL,LIMIT,1701149061066,105,1.1782
SUSHIUSDT,SELL,LIMIT,1701149062378,5,1.1769
SUSHIUSDT,SELL,LIMIT,1701149063627,976,1.1760
SUSHIUSDT,SELL,LIMIT,1701149075908,23,1.1742
SUSHIUSDT,SELL,LIMIT,1701149718313,24,1.1723
SUSHIUSDT,SELL,LIMIT,1701149732263,27,1.1716
SUSHIUSDT,SELL,LIMIT,1701149766207,100,1.1692
SUSHIUSDT,SELL,LIMIT,1701149767415,3575,1.1689
SUSHIUSDT,SELL,LIMIT,1701149771344,80,1.1682
SUSHIUSDT,SELL,LIMIT,1701149822130,81,1.1668
SUSHIUSDT,BUY,LIMIT,1701150023101,109,1.2087
SUSHIUSDT,SELL,LIMIT,1701151263535,433,1.1660
SUSHIUSDT,BUY,LIMIT,1701151360256,105,1.2105
SUSHIUSDT,SELL,LIMIT,1701153615820,178,1.1801
SUSHIUSDT,SELL,LIMIT,1701153635181,19,1.1794
SUSHIUSDT,BUY,LIMIT,1701154450373,41,1.2257
SUSHIUSDT,BUY,LIMIT,1701155229328,71,1.2365
SUSHIUSDT,SELL,LIMIT,1701155661351,384,1.1933
SUSHIUSDT,SELL,LIMIT,1701156269300,2312,1.1872
SUSHIUSDT,SELL,LIMIT,1701156271475,44,1.1869
SUSHIUSDT,SELL,LIMIT,1701156279727,3000,1.1862
SUSHIUSDT,SELL,LIMIT,1701156283231,10,1.1848
SUSHIUSDT,SELL,LIMIT,1701156359959,608,1.1833
SUSHIUSDT,SELL,LIMIT,1701156524744,7,1.1777
SUSHIUSDT,BUY,LIMIT,1701156744231,175,1.2214
SUSHIUSDT,BUY,LIMIT,1701156749969,43,1.2216
SUSHIUSDT,BUY,LIMIT,1701156764803,21,1.2238
SUSHIUSDT,BUY,LIMIT,1701157524156,105,1.2233
SUSHIUSDT,BUY,LIMIT,1701158149478,913,1.2254
SUSHIUSDT,BUY,LIMIT,1701158711848,2345,1.2340
SUSHIUSDT,BUY,LIMIT,1701158791952,2413,1.2360
SUSHIUSDT,BUY,LIMIT,1701158833354,764,1.2383
SUSHIUSDT,BUY,LIMIT,1701158873714,104,1.2410
SUSHIUSDT,BUY,LIMIT,1701158877292,105,1.2430
SUSHIUSDT,BUY,LIMIT,1701158895200,77,1.2456
SUSHIUSDT,BUY,LIMIT,1701158897163,1442,1.2470
SUSHIUSDT,BUY,LIMIT,1701158900313,154,1.2484
SUSHIUSDT,SELL,LIMIT,1701159036375,1069,1.2055
SUSHIUSDT,SELL,LIMIT,1701159044219,112,1.2050
SUSHIUSDT,SELL,LIMIT,1701159135672,627,1.2011
SUSHIUSDT,SELL,LIMIT,1701159481715,54,1.1942
SUSHIUSDT,BUY,LIMIT,1701160625499,329,1.2373
SUSHIUSDT,BUY,LIMIT,1701160698441,854,1.2395
SUSHIUSDT,SELL,LIMIT,1701161023954,246,1.1960
SUSHIUSDT,SELL,LIMIT,1701161094297,1423,1.1944
SUSHIUSDT,SELL,LIMIT,1701161360970,734,1.1889
SUSHIUSDT,BUY,LIMIT,1701162456856,349,1.2393
SUSHIUSDT,BUY,LIMIT,1701163566121,269,1.2415
SUSHIUSDT,BUY,LIMIT,1701163583986,412,1.2427
SUSHIUSDT,BUY,LIMIT,1701163846016,196,1.2466
SUSHIUSDT,BUY,LIMIT,1701164387061,304,1.2515
SUSHIUSDT,BUY,LIMIT,1701164389896,123,1.2517
SUSHIUSDT,BUY,LIMIT,1701164412239,26,1.2530
SUSHIUSDT,BUY,LIMIT,1701164506723,417,1.2566
SUSHIUSDT,BUY,LIMIT,1701164572001,543,1.2589
SUSHIUSDT,SELL,LIMIT,1701165777479,1746,1.2186
SUSHIUSDT,SELL,LIMIT,1701165847815,893,1.2145
SUSHIUSDT,SELL,LIMIT,1701165849458,3859,1.2141
SUSHIUSDT,SELL,LIMIT,1701165853766,30,1.2133
SUSHIUSDT,SELL,LIMIT,1701167153763,185,1.2162
SUSHIUSDT,SELL,LIMIT,1701167202185,157,1.2144
SUSHIUSDT,BUY,LIMIT,1701167241683,934,1.2583
SUSHIUSDT,BUY,LIMIT,1701167652708,44,1.2635
SUSHIUSDT,BUY,LIMIT,1701167660228,177,1.2647
SUSHIUSDT,BUY,LIMIT,1701167667059,90,1.2652
SUSHIUSDT,BUY,LIMIT,1701168773042,8,1.2633
SUSHIUSDT,BUY,LIMIT,1701168915049,279,1.2676
SUSHIUSDT,BUY,LIMIT,1701169063404,2221,1.2692
SUSHIUSDT,BUY,LIMIT,1701169076071,106,1.2703
SUSHIUSDT,BUY,LIMIT,1701169109022,72,1.2729
SUSHIUSDT,BUY,LIMIT,1701169133620,6,1.2734
SUSHIUSDT,BUY,LIMIT,1701169138115,41,1.2743
SUSHIUSDT,BUY,LIMIT,1701169483165,246,1.2782
SUSHIUSDT,BUY,LIMIT,1701169485717,288,1.2788
SUSHIUSDT,BUY,LIMIT,1701169487012,4135,1.2802
SUSHIUSDT,BUY,LIMIT,1701169515598,403,1.2793
SUSHIUSDT,BUY,LIMIT,1701170287600,21,1.2748
SUSHIUSDT,BUY,LIMIT,1701170327187,700,1.2820
SUSHIUSDT,BUY,LIMIT,1701170328681,14,1.2827
SUSHIUSDT,BUY,LIMIT,1701170519397,63,1.2817
SUSHIUSDT,BUY,LIMIT,1701170539621,33,1.2834
SUSHIUSDT,BUY,LIMIT,1701170568559,196,1.2872
SUSHIUSDT,BUY,LIMIT,1701170587248,871,1.2876
SUSHIUSDT,BUY,LIMIT,1701170611089,80,1.2904
SUSHIUSDT,BUY,LIMIT,1701170614190,6711,1.2959
SUSHIUSDT,BUY,LIMIT,1701170629499,3840,1.2926
SUSHIUSDT,BUY,LIMIT,1701170643459,132,1.2926
SUSHIUSDT,BUY,LIMIT,1701170712237,124,1.2893
SUSHIUSDT,BUY,LIMIT,1701170831849,10084,1.3014
SUSHIUSDT,BUY,LIMIT,1701170878335,156,1.2924
SUSHIUSDT,BUY,LIMIT,1701170885343,147,1.2950
SUSHIUSDT,BUY,LIMIT,1701170886450,147,1.2950
SUSHIUSDT,BUY,LIMIT,1701170887498,176,1.2952
SUSHIUSDT,BUY,LIMIT,1701170893433,147,1.2954
SUSHIUSDT,BUY,LIMIT,1701170910194,15,1.2959
SUSHIUSDT,BUY,LIMIT,1701170913788,53,1.2963
SUSHIUSDT,SELL,LIMIT,1701171018808,122,1.2602
SUSHIUSDT,BUY,LIMIT,1701171022856,294,1.2964
SUSHIUSDT,BUY,LIMIT,1701171071465,848,1.2966
SUSHIUSDT,SELL,LIMIT,1701171119715,257,1.2516
SUSHIUSDT,SELL,LIMIT,1701171387223,52,1.2515
SUSHIUSDT,SELL,LIMIT,1701171523169,392,1.2499
SUSHIUSDT,SELL,LIMIT,1701171957977,35,1.2449
SUSHIUSDT,SELL,LIMIT,1701171964872,77,1.2445
SUSHIUSDT,SELL,LIMIT,1701172012446,1447,1.2435
SUSHIUSDT,SELL,LIMIT,1701172013829,3175,1.2421
SUSHIUSDT,BUY,LIMIT,1701172177952,385,1.2884
SUSHIUSDT,BUY,LIMIT,1701172202448,3178,1.2890
SUSHIUSDT,BUY,LIMIT,1701172856951,195,1.2919
SUSHIUSDT,BUY,LIMIT,1701172905289,912,1.2974
SUSHIUSDT,BUY,LIMIT,1701172956139,14,1.2984
SUSHIUSDT,SELL,LIMIT,1701173025233,8,1.2519
SUSHIUSDT,SELL,LIMIT,1701173350548,74,1.2464
SUSHIUSDT,SELL,LIMIT,1701173450668,786,1.2445
SUSHIUSDT,SELL,LIMIT,1701173454036,8,1.2431
SUSHIUSDT,SELL,LIMIT,1701173575760,1898,1.2418
SUSHIUSDT,SELL,LIMIT,1701173607224,664,1.2390
SUSHIUSDT,SELL,LIMIT,1701173608830,686,1.2364
SUSHIUSDT,SELL,LIMIT,1701173611025,120,1.2359
SUSHIUSDT,SELL,LIMIT,1701175229206,126,1.2300
SUSHIUSDT,SELL,LIMIT,1701175249104,440,1.2258
SUSHIUSDT,SELL,LIMIT,1701176738078,11850,1.2131
SUSHIUSDT,BUY,LIMIT,1701178030058,497,1.2691
SUSHIUSDT,BUY,LIMIT,1701178374467,509,1.2716
SUSHIUSDT,SELL,LIMIT,1701178643350,399,1.2279
SUSHIUSDT,SELL,LIMIT,1701178849248,19,1.2242
SUSHIUSDT,SELL,LIMIT,1701178885457,185,1.2231
SUSHIUSDT,SELL,LIMIT,1701179499064,66,1.2208
SUSHIUSDT,SELL,LIMIT,1701179536955,23,1.2194
SUSHIUSDT,SELL,LIMIT,1701179539840,28,1.2192
SUSHIUSDT,BUY,LIMIT,1701179756048,102,1.2639
SUSHIUSDT,BUY,LIMIT,1701179829117,51,1.2653
SUSHIUSDT,BUY,LIMIT,1701179894436,79,1.2693
SUSHIUSDT,BUY,LIMIT,1701180479273,502,1.2765
SUSHIUSDT,SELL,LIMIT,1701180835397,1044,1.2297
SUSHIUSDT,SELL,LIMIT,1701180937270,200,1.2286
SUSHIUSDT,SELL,LIMIT,1701180972911,10,1.2258
SUSHIUSDT,SELL,LIMIT,1701181114506,127,1.2243
SUSHIUSDT,BUY,LIMIT,1701182384611,150,1.2808
SUSHIUSDT,BUY,LIMIT,1701182528096,5,1.2814
SUSHIUSDT,BUY,LIMIT,1701182546496,39,1.2826
SUSHIUSDT,BUY,LIMIT,1701183073692,53,1.2838
SUSHIUSDT,BUY,LIMIT,1701184002831,373,1.2851
SUSHIUSDT,BUY,LIMIT,1701184005750,241,1.2856
SUSHIUSDT,BUY,LIMIT,1701184127144,813,1.2919
SUSHIUSDT,BUY,LIMIT,1701184129135,182,1.2921
SUSHIUSDT,SELL,LIMIT,1701185374031,1496,1.2455
SUSHIUSDT,SELL,LIMIT,1701185484182,32,1.2585
SUSHIUSDT,SELL,LIMIT,1701185853068,1849,1.2503
SUSHIUSDT,BUY,LIMIT,1701186193304,22,1.2956
SUSHIUSDT,BUY,LIMIT,1701186569092,12,1.2986
SUSHIUSDT,BUY,LIMIT,1701186571737,181,1.2994
SUSHIUSDT,BUY,LIMIT,1701186574134,990,1.3010
SUSHIUSDT,BUY,LIMIT,1701186585401,5,1.3017
SUSHIUSDT,BUY,LIMIT,1701186587327,43,1.3024
SUSHIUSDT,BUY,LIMIT,1701187264839,210,1.2883
SUSHIUSDT,SELL,LIMIT,1701187333262,126,1.2463
SUSHIUSDT,SELL,LIMIT,1701187336821,95,1.2459
SUSHIUSDT,SELL,LIMIT,1701187352166,200,1.2441
SUSHIUSDT,SELL,LIMIT,1701187546301,24,1.2399
SUSHIUSDT,SELL,LIMIT,1701187847248,855,1.2337
SUSHIUSDT,BUY,LIMIT,1701188052114,12,1.2790
SUSHIUSDT,SELL,LIMIT,1701189356986,344,1.2497
SUSHIUSDT,BUY,LIMIT,1701189799467,1683,1.3022
SUSHIUSDT,BUY,LIMIT,1701189804128,353,1.3032
SUSHIUSDT,BUY,LIMIT,1701189814419,1059,1.3027
SUSHIUSDT,SELL,LIMIT,1701190135186,201,1.2569
SUSHIUSDT,SELL,LIMIT,1701190208497,8,1.2662
SUSHIUSDT,SELL,LIMIT,1701190474388,14,1.2511
SUSHIUSDT,SELL,LIMIT,1701190489347,27,1.2495
SUSHIUSDT,SELL,LIMIT,1701190802046,260,1.2452
SUSHIUSDT,BUY,LIMIT,1701191940065,4,1.2896
SUSHIUSDT,BUY,LIMIT,1701191976482,15,1.2911
SUSHIUSDT,SELL,LIMIT,1701192536144,10,1.2451
SUSHIUSDT,SELL,LIMIT,1701192702538,10,1.2390
SUSHIUSDT,SELL,LIMIT,1701192725203,445,1.2368
SUSHIUSDT,SELL,LIMIT,1701192734187,1258,1.2359
SUSHIUSDT,BUY,LIMIT,1701192777242,752,1.2729
SUSHIUSDT,BUY,LIMIT,1701192781799,2115,1.2743
SUSHIUSDT,SELL,LIMIT,1701193034088,2582,1.2349
SUSHIUSDT,SELL,LIMIT,1701193070255,4,1.2342
SUSHIUSDT,BUY,LIMIT,1701194949756,11,1.2815
SUSHIUSDT,BUY,LIMIT,1701196052643,613,1.2877
SUSHIUSDT,SELL,LIMIT,1701197016077,273,1.2457
SUSHIUSDT,SELL,LIMIT,1701197444090,390,1.2403
SUSHIUSDT,SELL,LIMIT,1701197668290,604,1.2381
SUSHIUSDT,BUY,LIMIT,1701197838335,75,1.2746
SUSHIUSDT,BUY,LIMIT,1701197841310,160,1.2663
SUSHIUSDT,BUY,LIMIT,1701197850743,655,1.2561
SUSHIUSDT,BUY,LIMIT,1701197859752,214,1.2500
SUSHIUSDT,BUY,LIMIT,1701197862395,612,1.2750
SUSHIUSDT,SELL,LIMIT,1701197962700,11,1.2364
SUSHIUSDT,SELL,LIMIT,1701199169887,1032,1.2340
SUSHIUSDT,SELL,LIMIT,1701199203327,141,1.2308
SUSHIUSDT,SELL,LIMIT,1701199584307,22,1.2286
SUSHIUSDT,SELL,LIMIT,1701199653415,4,1.2270
SUSHIUSDT,SELL,LIMIT,1701199664300,473,1.2269
SUSHIUSDT,BUY,LIMIT,1701200469843,80,1.2694
SUSHIUSDT,BUY,LIMIT,1701200475258,39,1.2712
SUSHIUSDT,BUY,LIMIT,1701200562127,90,1.2708
SUSHIUSDT,BUY,LIMIT,1701201635236,25,1.2741
SUSHIUSDT,SELL,LIMIT,1701202065874,909,1.2356
SUSHIUSDT,SELL,LIMIT,1701203237971,758,1.2313
SUSHIUSDT,SELL,LIMIT,1701204695273,1066,1.2310
SUSHIUSDT,SELL,LIMIT,1701204759337,42,1.2300
SUSHIUSDT,SELL,LIMIT,1701205787351,547,1.2260
SUSHIUSDT,SELL,LIMIT,1701205800206,270,1.2255
SUSHIUSDT,SELL,LIMIT,1701206460982,439,1.2249
SUSHIUSDT,SELL,LIMIT,1701206559401,5,1.2245
SUSHIUSDT,SELL,LIMIT,1701206560585,613,1.2245
SUSHIUSDT,SELL,LIMIT,1701206568986,418,1.2237
SUSHIUSDT,SELL,LIMIT,1701207124284,51,1.2248
SUSHIUSDT,SELL,LIMIT,1701207527400,42,1.2235
SUSHIUSDT,SELL,LIMIT,1701207916720,894,1.2206
SUSHIUSDT,SELL,LIMIT,1701208439658,2839,1.2202
SUSHIUSDT,SELL,LIMIT,1701209114088,1042,1.2184
SUSHIUSDT,SELL,LIMIT,1701210340274,1096,1.2141
SUSHIUSDT,SELL,LIMIT,1701211912897,1587,1.2156
SUSHIUSDT,SELL,LIMIT,1701211943130,4041,1.2111
SUSHIUSDT,SELL,LIMIT,1701211944314,964,1.2084
SUSHIUSDT,SELL,LIMIT,1701211945399,4,1.2069
SUSHIUSDT,SELL,LIMIT,1701211946995,644,1.2064
SUSHIUSDT,SELL,LIMIT,1701216737068,105,1.2144
SUSHIUSDT,SELL,LIMIT,1701216853876,10,1.2119
SUSHIUSDT,SELL,LIMIT,1701216870099,55,1.2108
SUSHIUSDT,SELL,LIMIT,1701218983907,11,1.2212
SUSHIUSDT,BUY,LIMIT,1701219243984,302,1.2595
SUSHIUSDT,BUY,LIMIT,1701220241225,460,1.2662
SUSHIUSDT,BUY,LIMIT,1701220384552,1038,1.2681
SUSHIUSDT,BUY,LIMIT,1701220740169,121,1.2705
SUSHIUSDT,SELL,LIMIT,1701222662510,1061,1.2289
SUSHIUSDT,SELL,LIMIT,1701223607369,51,1.2249
SUSHIUSDT,BUY,LIMIT,1701225304043,267,1.2765
SUSHIUSDT,BUY,LIMIT,1701225413460,172,1.2790
SUSHIUSDT,BUY,LIMIT,1701225432393,29,1.2793
SUSHIUSDT,BUY,LIMIT,1701225570248,2434,1.2808
SUSHIUSDT,BUY,LIMIT,1701226293605,302,1.2779
SUSHIUSDT,SELL,LIMIT,1701228893620,118,1.2372
SUSHIUSDT,BUY,LIMIT,1701230592863,2114,1.2777
SUSHIUSDT,BUY,LIMIT,1701230713474,16,1.2833
SUSHIUSDT,BUY,LIMIT,1701230722307,1206,1.2843
SUSHIUSDT,BUY,LIMIT,1701230741573,300,1.2848
SUSHIUSDT,BUY,LIMIT,1701230834790,46,1.2902
SUSHIUSDT,BUY,LIMIT,1701231277285,818,1.2907
SUSHIUSDT,SELL,LIMIT,1701231848103,393,1.2425
SUSHIUSDT,SELL,LIMIT,1701233414442,272,1.2378
SUSHIUSDT,SELL,LIMIT,1701233849924,41,1.2360
SUSHIUSDT,SELL,LIMIT,1701235843499,1001,1.2340
SUSHIUSDT,SELL,LIMIT,1701235850629,69,1.2327
SUSHIUSDT,SELL,LIMIT,1701235852258,471,1.2322
SUSHIUSDT,SELL,LIMIT,1701236275052,49,1.2264
SUSHIUSDT,SELL,LIMIT,1701237340062,107,1.2242
SUSHIUSDT,SELL,LIMIT,1701238995129,261,1.2153
SUSHIUSDT,BUY,LIMIT,1701241471334,41,1.2620
SUSHIUSDT,SELL,LIMIT,1701244814102,1012,1.2105
SUSHIUSDT,BUY,LIMIT,1701244942918,1016,1.2536
SUSHIUSDT,SELL,LIMIT,1701245863416,769,1.2089
SUSHIUSDT,SELL,LIMIT,1701245882267,98,1.2086
SUSHIUSDT,SELL,LIMIT,1701245899544,7,1.2085
SUSHIUSDT,BUY,LIMIT,1701246419670,2007,1.2571
SUSHIUSDT,BUY,LIMIT,1701246521468,406,1.2597
SUSHIUSDT,SELL,LIMIT,1701246787261,68,1.2246
SUSHIUSDT,BUY,LIMIT,1701247571254,116,1.2710
SUSHIUSDT,BUY,LIMIT,1701247822583,45,1.2700
SUSHIUSDT,BUY,LIMIT,1701248260185,138,1.2701
SUSHIUSDT,SELL,LIMIT,1701249564184,21,1.2296
SUSHIUSDT,SELL,LIMIT,1701249982429,335,1.3203
SUSHIUSDT,SELL,LIMIT,1701250239088,15,1.2223
SUSHIUSDT,SELL,LIMIT,1701250263490,1179,1.2192
SUSHIUSDT,SELL,LIMIT,1701250268866,15,1.2189
SUSHIUSDT,SELL,LIMIT,1701252234246,28,1.2101
SUSHIUSDT,SELL,LIMIT,1701253185323,30,1.2149
SUSHIUSDT,SELL,LIMIT,1701254066777,679,1.2065
SUSHIUSDT,SELL,LIMIT,1701254360177,80,1.2074
SUSHIUSDT,SELL,LIMIT,1701254393441,139,1.2060
SUSHIUSDT,SELL,LIMIT,1701254404581,8,1.2056
SUSHIUSDT,SELL,LIMIT,1701254409564,29,1.2046
SUSHIUSDT,SELL,LIMIT,1701254410848,952,1.2038
SUSHIUSDT,SELL,LIMIT,1701254416583,2249,1.2019
SUSHIUSDT,SELL,LIMIT,1701254418417,4,1.1998
SUSHIUSDT,SELL,LIMIT,1701254526279,408,1.1997
SUSHIUSDT,SELL,LIMIT,1701254660369,6481,1.1940
