Symbol,Side,Order Type,Time,Quantity,Price
SUSHIUSDT,SELL,LIMIT,1701916566604,53,1.2770
SUSHIUSDT,SELL,LIMIT,1701918445545,110,1.2631
SUSHIUSDT,SELL,LIMIT,1701918447056,745,1.2625
SUSHIUSDT,SELL,LIMIT,1701918448337,277,1.2629
SUSHIUSDT,SELL,LIMIT,1701918451885,23,1.2620
SUSHIUSDT,SELL,LIMIT,1701918566461,25,1.2613
SUSHIUSDT,SELL,LIMIT,1701918605472,33,1.2612
SUSHIUSDT,SELL,LIMIT,1701918649327,3181,1.2592
SUSHIUSDT,SELL,LIMIT,1701918652091,81,1.2582
SUSHIUSDT,SELL,LIMIT,1701918653172,84,1.2568
SUSHIUSDT,SELL,LIMIT,1701918685916,1458,1.2555
SUSHIUSDT,BUY,LIMIT,1701919094438,173,1.2995
SUSHIUSDT,SELL,LIMIT,1701922965826,2499,1.2685
SUSHIUSDT,BUY,LIMIT,1701923253355,78,1.3088
SUSHIUSDT,BUY,LIMIT,1701928686343,329,1.3163
SUSHIUSDT,SELL,LIMIT,1701931651471,25,1.2785
SUSHIUSDT,SELL,LIMIT,1701931652893,23,1.2801
SUSHIUSDT,SELL,LIMIT,1701931807499,306,1.2767
SUSHIUSDT,SELL,LIMIT,1701931906384,30,1.2755
SUSHIUSDT,SELL,LIMIT,1701931939858,9,1.2737
SUSHIUSDT,SELL,LIMIT,1701936867399,37,1.2809
SUSHIUSDT,SELL,LIMIT,1701936908501,42,1.2785
SUSHIUSDT,SELL,LIMIT,1701936923522,47,1.2765
SUSHIUSDT,SELL,LIMIT,1701936968159,104,1.2733
SUSHIUSDT,SELL,LIMIT,1701936969366,68,1.2759
SUSHIUSDT,SELL,LIMIT,1701936978053,1793,1.2714
SUSHIUSDT,SELL,LIMIT,1701936980246,177,1.2696
SUSHIUSDT,SELL,LIMIT,1701936981377,96,1.2701
SUSHIUSDT,SELL,LIMIT,1701937344986,197,1.2702
SUSHIUSDT,SELL,LIMIT,1701937386525,306,1.2690
SUSHIUSDT,SELL,LIMIT,1701939360280,14,1.2679
SUSHIUSDT,SELL,LIMIT,1701939365900,7332,1.2622
SUSHIUSDT,SELL,LIMIT,1701939390929,414,1.2643
SUSHIUSDT,SELL,LIMIT,1701939556367,1560,1.2611
SUSHIUSDT,SELL,LIMIT,1701939566620,382,1.2596
SUSHIUSDT,SELL,LIMIT,1701939576462,725,1.2582
SUSHIUSDT,SELL,LIMIT,1701940018251,4565,1.2536
SUSHIUSDT,SELL,LIMIT,1701940020185,292,1.2566
SUSHIUSDT,SELL,LIMIT,1701940023053,345,1.2554
SUSHIUSDT,SELL,LIMIT,1701940025066,1167,1.2549
SUSHIUSDT,SELL,LIMIT,1701940027426,622,1.2523
SUSHIUSDT,SELL,LIMIT,1701940525676,1216,1.2534
SUSHIUSDT,SELL,LIMIT,1701940528833,3747,1.2530
SUSHIUSDT,SELL,LIMIT,1701940555385,270,1.2529
SUSHIUSDT,SELL,LIMIT,1701940557247,279,1.2522
SUSHIUSDT,SELL,LIMIT,1701940558355,4,1.2519
SUSHIUSDT,SELL,LIMIT,1701940561024,345,1.2507
SUSHIUSDT,SELL,LIMIT,1701940562493,9,1.2496
SUSHIUSDT,SELL,LIMIT,1701940563863,459,1.2487
SUSHIUSDT,SELL,LIMIT,1701940565136,61,1.2480
SUSHIUSDT,SELL,LIMIT,1701940566222,839,1.2479
SUSHIUSDT,SELL,LIMIT,1701940568368,114,1.2469
SUSHIUSDT,SELL,LIMIT,1701940571681,300,1.2455
SUSHIUSDT,SELL,LIMIT,1701941049817,56,1.2474
SUSHIUSDT,SELL,LIMIT,1701941070783,379,1.2456
SUSHIUSDT,SELL,LIMIT,1701941151548,46,1.2454
SUSHIUSDT,SELL,LIMIT,1701941153235,135,1.2446
SUSHIUSDT,SELL,LIMIT,1701941154370,90,1.2442
SUSHIUSDT,SELL,LIMIT,1701941156924,117,1.2437
SUSHIUSDT,SELL,LIMIT,1701941158115,861,1.2428
SUSHIUSDT,SELL,LIMIT,1701941159212,96,1.2427
SUSHIUSDT,SELL,LIMIT,1701941174653,445,1.2425
SUSHIUSDT,SELL,LIMIT,1701941176348,133,1.2425
SUSHIUSDT,SELL,LIMIT,1701941179405,61,1.2423
SUSHIUSDT,SELL,LIMIT,1701941180545,28,1.2418
SUSHIUSDT,SELL,LIMIT,1701941181670,192,1.2412
SUSHIUSDT,SELL,LIMIT,1701941182720,1554,1.2404
SUSHIUSDT,SELL,LIMIT,1701941184309,5,1.2387
SUSHIUSDT,SELL,LIMIT,1701941185510,1533,1.2393
SUSHIUSDT,SELL,LIMIT,1701941187135,402,1.2376
SUSHIUSDT,SELL,LIMIT,1701941188347,32,1.2375
SUSHIUSDT,SELL,LIMIT,1701941189352,1592,1.2372
SUSHIUSDT,SELL,LIMIT,1701941191627,15,1.2363
SUSHIUSDT,SELL,LIMIT,1701941215323,154,1.2393
SUSHIUSDT,SELL,LIMIT,1701941217004,2169,1.2377
SUSHIUSDT,SELL,LIMIT,1701941234049,344,1.2350
SUSHIUSDT,SELL,LIMIT,1701941244224,89,1.2336
SUSHIUSDT,SELL,LIMIT,1701941245329,77,1.2333
SUSHIUSDT,SELL,LIMIT,1701941256313,25,1.2333
SUSHIUSDT,BUY,LIMIT,1701942106016,3669,1.2979
SUSHIUSDT,BUY,LIMIT,1701945154921,360,1.3057
SUSHIUSDT,SELL,LIMIT,1701946443606,3893,1.2529
SUSHIUSDT,SELL,LIMIT,1701946477325,510,1.2514
SUSHIUSDT,SELL,LIMIT,1701948851309,70,1.2508
SUSHIUSDT,SELL,LIMIT,1701949564102,979,1.2466
SUSHIUSDT,SELL,LIMIT,1701949565124,658,1.2466
SUSHIUSDT,SELL,LIMIT,1701949643785,3934,1.2465
SUSHIUSDT,SELL,LIMIT,1701949651546,26,1.2462
SUSHIUSDT,BUY,LIMIT,1701951059195,52,1.2917
SUSHIUSDT,BUY,LIMIT,1701951106233,288,1.2949
SUSHIUSDT,BUY,LIMIT,1701951324769,202,1.2945
SUSHIUSDT,SELL,LIMIT,1701951337174,78,1.2571
SUSHIUSDT,BUY,LIMIT,1701959218832,13,1.3005
SUSHIUSDT,BUY,LIMIT,1701962229213,33,1.3080
SUSHIUSDT,BUY,LIMIT,1701962237163,4,1.3089
SUSHIUSDT,BUY,LIMIT,1701962487994,675,1.3118
SUSHIUSDT,SELL,LIMIT,1701964012583,3865,1.2728
SUSHIUSDT,BUY,LIMIT,1701964260898,2514,1.3163
SUSHIUSDT,BUY,LIMIT,1701964388772,166,1.3204
SUSHIUSDT,SELL,LIMIT,1701964874800,76,1.2770
SUSHIUSDT,BUY,LIMIT,1701966216714,7,1.3297
SUSHIUSDT,BUY,LIMIT,1701966240293,208,1.3320
SUSHIUSDT,BUY,LIMIT,1701967178394,820,1.3377
SUSHIUSDT,BUY,LIMIT,1701967215117,26,1.3386
SUSHIUSDT,BUY,LIMIT,1701967220429,268,1.3391
SUSHIUSDT,BUY,LIMIT,1701967677928,400,1.3413
SUSHIUSDT,BUY,LIMIT,1701967705529,1304,1.3433
SUSHIUSDT,BUY,LIMIT,1701967763919,592,1.3441
SUSHIUSDT,BUY,LIMIT,1701967788142,80,1.3445
SUSHIUSDT,BUY,LIMIT,1701968108188,4,1.3489
SUSHIUSDT,BUY,LIMIT,1701968111215,60,1.3490
SUSHIUSDT,BUY,LIMIT,1701968366535,60,1.3521
SUSHIUSDT,BUY,LIMIT,1701968413962,6,1.3528
SUSHIUSDT,BUY,LIMIT,1701968420268,7,1.3536
SUSHIUSDT,SELL,LIMIT,1701968709174,368,1.3038
SUSHIUSDT,SELL,LIMIT,1701968749559,376,1.3001
SUSHIUSDT,BUY,LIMIT,1701969231520,3071,1.3536
SUSHIUSDT,BUY,LIMIT,1701969613821,10,1.3568
SUSHIUSDT,BUY,LIMIT,1701969616233,45,1.3576
SUSHIUSDT,BUY,LIMIT,1701969618045,26,1.3581
SUSHIUSDT,SELL,LIMIT,1701969971641,1669,1.3110
SUSHIUSDT,BUY,LIMIT,1701970815096,410,1.3539
SUSHIUSDT,SELL,LIMIT,1701971384347,65,1.3106
SUSHIUSDT,SELL,LIMIT,1701974189188,149,1.3024
SUSHIUSDT,SELL,LIMIT,1701974244211,298,1.2985
SUSHIUSDT,SELL,LIMIT,1701974300986,2000,1.2973
SUSHIUSDT,SELL,LIMIT,1701975226189,1704,1.2943
SUSHIUSDT,SELL,LIMIT,1701975392278,2533,1.2927
SUSHIUSDT,SELL,LIMIT,1701976726959,1868,1.2847
SUSHIUSDT,SELL,LIMIT,1701976862975,250,1.2821
SUSHIUSDT,SELL,LIMIT,1701977104658,270,1.2811
SUSHIUSDT,SELL,LIMIT,1701977175906,3096,1.2795
SUSHIUSDT,SELL,LIMIT,1701977295496,53,1.2789
SUSHIUSDT,SELL,LIMIT,1701981294256,75,1.2880
SUSHIUSDT,SELL,LIMIT,1701981616731,3647,1.2823
SUSHIUSDT,SELL,LIMIT,1701985680096,33,1.3020
SUSHIUSDT,SELL,LIMIT,1701986173488,179,1.3197
SUSHIUSDT,SELL,LIMIT,1701986906137,414,1.3013
SUSHIUSDT,SELL,LIMIT,1701991191944,339,1.2877
SUSHIUSDT,BUY,LIMIT,1701993514621,34,1.3390
SUSHIUSDT,BUY,LIMIT,1701994389099,144,1.3425
SUSHIUSDT,BUY,LIMIT,1701995093077,116,1.3465
SUSHIUSDT,SELL,LIMIT,1701996365274,51,1.2966
SUSHIUSDT,SELL,LIMIT,1701997435097,2036,1.2932
SUSHIUSDT,SELL,LIMIT,1701997613108,13,1.2866
SUSHIUSDT,SELL,LIMIT,1702000590717,51,1.2877
SUSHIUSDT,SELL,LIMIT,1702003374086,10,1.2793
SUSHIUSDT,BUY,LIMIT,1702003970507,78,1.3247
SUSHIUSDT,SELL,LIMIT,1702004556339,45,1.3146
SUSHIUSDT,BUY,LIMIT,1702005578952,24,1.3561
SUSHIUSDT,SELL,LIMIT,1702005716656,35,1.3107
SUSHIUSDT,BUY,LIMIT,1702006478152,8,1.3508
SUSHIUSDT,BUY,LIMIT,1702006594909,102,1.3606
SUSHIUSDT,BUY,LIMIT,1702006669105,12,1.3613
SUSHIUSDT,BUY,LIMIT,1702007154541,22,1.3586
SUSHIUSDT,BUY,LIMIT,1702007256014,92,1.3643
SUSHIUSDT,BUY,LIMIT,1702007271596,90,1.3695
SUSHIUSDT,BUY,LIMIT,1702007319714,13,1.3720
SUSHIUSDT,BUY,LIMIT,1702007790902,4,1.3746
SUSHIUSDT,BUY,LIMIT,1702007843903,230,1.3767
SUSHIUSDT,SELL,LIMIT,1702009086918,29,1.3297
SUSHIUSDT,SELL,LIMIT,1702011902404,241,1.3250
SUSHIUSDT,BUY,LIMIT,1702016020222,2830,1.3691
SUSHIUSDT,SELL,LIMIT,1702020224344,348,1.3150
SUSHIUSDT,SELL,LIMIT,1702023059223,1125,1.3164
SUSHIUSDT,SELL,LIMIT,1702025777475,1618,1.3096
SUSHIUSDT,SELL,LIMIT,1702025936148,1626,1.3077
SUSHIUSDT,SELL,LIMIT,1702029286571,191,1.3109
SUSHIUSDT,BUY,LIMIT,1702031886357,29,1.3600
SUSHIUSDT,BUY,LIMIT,1702032219135,7,1.3693
SUSHIUSDT,BUY,LIMIT,1702036193639,9,1.3693
SUSHIUSDT,SELL,LIMIT,1702037114972,38,1.3200
SUSHIUSDT,SELL,LIMIT,1702040459322,931,1.3238
SUSHIUSDT,SELL,LIMIT,1702040578544,371,1.3193
SUSHIUSDT,SELL,LIMIT,1702042692496,39,1.3126
SUSHIUSDT,SELL,LIMIT,1702042721344,106,1.3106
SUSHIUSDT,SELL,LIMIT,1702042730703,3000,1.3091
SUSHIUSDT,SELL,LIMIT,1702043824327,344,1.3078
SUSHIUSDT,SELL,LIMIT,1702043835877,179,1.3066
SUSHIUSDT,SELL,LIMIT,1702043854715,136,1.3049
SUSHIUSDT,SELL,LIMIT,1702044403532,4,1.3067
SUSHIUSDT,SELL,LIMIT,1702044414408,314,1.3021
SUSHIUSDT,SELL,LIMIT,1702044510868,3716,1.2993
SUSHIUSDT,SELL,LIMIT,1702044528106,33,1.2962
SUSHIUSDT,SELL,LIMIT,1702044529715,74,1.2946
SUSHIUSDT,BUY,LIMIT,1702044637576,19,1.3413
SUSHIUSDT,SELL,LIMIT,1702044980103,734,1.2916
SUSHIUSDT,SELL,LIMIT,1702044981705,151,1.2898
SUSHIUSDT,SELL,LIMIT,1702044995430,1106,1.2879
SUSHIUSDT,SELL,LIMIT,1702045011717,295,1.2851
SUSHIUSDT,SELL,LIMIT,1702045016747,423,1.2835
SUSHIUSDT,SELL,LIMIT,1702045021039,271,1.2831
SUSHIUSDT,SELL,LIMIT,1702045035174,29,1.2831
SUSHIUSDT,SELL,LIMIT,1702045293199,714,1.2824
SUSHIUSDT,SELL,LIMIT,1702045302292,280,1.2810
SUSHIUSDT,SELL,LIMIT,1702045303343,118,1.2799
SUSHIUSDT,SELL,LIMIT,1702045304542,260,1.2779
SUSHIUSDT,SELL,LIMIT,1702045431416,10,1.2755
SUSHIUSDT,SELL,LIMIT,1702045555352,7,1.2749
SUSHIUSDT,SELL,LIMIT,1702045557583,296,1.2740
SUSHIUSDT,SELL,LIMIT,1702045561174,14,1.2715
SUSHIUSDT,SELL,LIMIT,1702045588194,354,1.2700
SUSHIUSDT,SELL,LIMIT,1702045609078,374,1.2664
SUSHIUSDT,SELL,LIMIT,1702045610202,760,1.2671
SUSHIUSDT,BUY,LIMIT,1702045638900,168,1.3139
SUSHIUSDT,SELL,LIMIT,1702047226312,3805,1.2796
SUSHIUSDT,SELL,LIMIT,1702047370061,307,1.2737
SUSHIUSDT,SELL,LIMIT,1702049357231,63,1.2823
SUSHIUSDT,SELL,LIMIT,1702049473043,1456,1.2804
SUSHIUSDT,SELL,LIMIT,1702049476284,103,1.2787
SUSHIUSDT,BUY,LIMIT,1702051933123,13,1.3284
SUSHIUSDT,BUY,LIMIT,1702052530227,48,1.3345
SUSHIUSDT,SELL,LIMIT,1702055702312,895,1.2741
SUSHIUSDT,SELL,LIMIT,1702056551853,3865,1.2697
SUSHIUSDT,SELL,LIMIT,1702056554260,1937,1.2646
SUSHIUSDT,SELL,LIMIT,1702056556753,6,1.2588
SUSHIUSDT,BUY,LIMIT,1702058021855,264,1.3158
SUSHIUSDT,BUY,LIMIT,1702064818787,279,1.3250
SUSHIUSDT,BUY,LIMIT,1702068630877,22,1.3175
SUSHIUSDT,SELL,LIMIT,1702078607702,2336,1.3006
SUSHIUSDT,SELL,LIMIT,1702078609448,129,1.2965
SUSHIUSDT,BUY,LIMIT,1702080641206,12686,1.3579
SUSHIUSDT,BUY,LIMIT,1702081211328,100,1.3500
SUSHIUSDT,SELL,LIMIT,1702081664225,8,1.3146
SUSHIUSDT,BUY,LIMIT,1702081761159,348,1.3552
SUSHIUSDT,BUY,LIMIT,1702082974938,15,1.3556
SUSHIUSDT,BUY,LIMIT,1702083126195,38,1.3538
SUSHIUSDT,BUY,LIMIT,1702083513441,7261,1.3603
SUSHIUSDT,SELL,LIMIT,1702083848665,3564,1.3107
SUSHIUSDT,BUY,LIMIT,1702085900320,17,1.3565
SUSHIUSDT,SELL,LIMIT,1702087330607,39,1.3084
SUSHIUSDT,BUY,LIMIT,1702091170097,38,1.3540
SUSHIUSDT,BUY,LIMIT,1702091723386,69,1.3558
SUSHIUSDT,BUY,LIMIT,1702091933373,59,1.3661
SUSHIUSDT,BUY,LIMIT,1702091965099,2944,1.3678
SUSHIUSDT,SELL,LIMIT,1702094640017,14,1.3795
SUSHIUSDT,BUY,LIMIT,1702097849637,46,1.3651
SUSHIUSDT,BUY,LIMIT,1702099075118,110,1.3633
SUSHIUSDT,BUY,LIMIT,1702101924131,44,1.3688
SUSHIUSDT,BUY,LIMIT,1702102029121,10,1.3638
SUSHIUSDT,BUY,LIMIT,1702103376622,38,1.3720
SUSHIUSDT,BUY,LIMIT,1702103600472,34,1.3721
SUSHIUSDT,BUY,LIMIT,1702103914413,38,1.3718
SUSHIUSDT,BUY,LIMIT,1702105849190,1628,1.3727
SUSHIUSDT,BUY,LIMIT,1702106099997,27,1.3746
SUSHIUSDT,BUY,LIMIT,1702106703170,76,1.3772
SUSHIUSDT,BUY,LIMIT,1702106715145,232,1.3777
SUSHIUSDT,BUY,LIMIT,1702106761785,89,1.3781
SUSHIUSDT,BUY,LIMIT,1702106829183,4,1.3791
SUSHIUSDT,BUY,LIMIT,1702106833359,11,1.3792
SUSHIUSDT,BUY,LIMIT,1702107154275,5,1.3826
SUSHIUSDT,BUY,LIMIT,1702107195170,485,1.3839
SUSHIUSDT,BUY,LIMIT,1702107294105,787,1.3854
SUSHIUSDT,BUY,LIMIT,1702107995452,6,1.3894
SUSHIUSDT,BUY,LIMIT,1702108018415,58,1.3899
SUSHIUSDT,BUY,LIMIT,1702108293834,86,1.3894
SUSHIUSDT,BUY,LIMIT,1702108364893,13,1.3907
SUSHIUSDT,BUY,LIMIT,1702108367282,906,1.3907
SUSHIUSDT,SELL,LIMIT,1702108664350,600,1.3422
SUSHIUSDT,BUY,LIMIT,1702108938427,18,1.2639
SUSHIUSDT,BUY,LIMIT,1702108978486,40,1.3920
SUSHIUSDT,SELL,LIMIT,1702109101219,55,1.3523
SUSHIUSDT,BUY,LIMIT,1702109113206,194,1.3930
SUSHIUSDT,BUY,LIMIT,1702109244834,29,1.3923
SUSHIUSDT,BUY,LIMIT,1702109476048,6,1.3906
SUSHIUSDT,SELL,LIMIT,1702109640781,200,1.3447
SUSHIUSDT,SELL,LIMIT,1702109818266,38,1.3436
SUSHIUSDT,BUY,LIMIT,1702110111204,3559,1.3915
SUSHIUSDT,BUY,LIMIT,1702110269147,4,1.3896
SUSHIUSDT,SELL,LIMIT,1702110966108,72,1.3362
SUSHIUSDT,SELL,LIMIT,1702110970344,35,1.3341
SUSHIUSDT,SELL,LIMIT,1702110972207,1231,1.3347
SUSHIUSDT,SELL,LIMIT,1702110982160,459,1.3293
SUSHIUSDT,SELL,LIMIT,1702111035735,9,1.3237
SUSHIUSDT,SELL,LIMIT,1702111043452,37,1.3215
SUSHIUSDT,SELL,LIMIT,1702111044609,3748,1.3178
SUSHIUSDT,SELL,LIMIT,1702111047372,181,1.3176
SUSHIUSDT,SELL,LIMIT,1702111368249,68,1.3150
SUSHIUSDT,SELL,LIMIT,1702111376100,44,1.3129
SUSHIUSDT,SELL,LIMIT,1702111382976,334,1.3088
SUSHIUSDT,SELL,LIMIT,1702112074224,3245,1.3241
SUSHIUSDT,SELL,LIMIT,1702112084563,264,1.3229
SUSHIUSDT,SELL,LIMIT,1702112818253,741,1.3216
SUSHIUSDT,BUY,LIMIT,1702113386570,3228,1.3692
SUSHIUSDT,SELL,LIMIT,1702114671670,603,1.3257
SUSHIUSDT,SELL,LIMIT,1702114761115,3698,1.3248
SUSHIUSDT,SELL,LIMIT,1702114822718,185,1.3226
SUSHIUSDT,SELL,LIMIT,1702117629305,31,1.3212
SUSHIUSDT,SELL,LIMIT,1702117644803,130,1.3205
SUSHIUSDT,BUY,LIMIT,1702123530476,37,1.3734
SUSHIUSDT,SELL,LIMIT,1702124762376,367,1.3269
SUSHIUSDT,SELL,LIMIT,1702125100207,197,1.3232
SUSHIUSDT,SELL,LIMIT,1702125116149,4,1.3216
SUSHIUSDT,SELL,LIMIT,1702125462156,31,1.3260
SUSHIUSDT,SELL,LIMIT,1702125900089,177,1.3203
SUSHIUSDT,SELL,LIMIT,1702127675617,46,1.3311
SUSHIUSDT,SELL,LIMIT,1702131758644,131,1.3265
SUSHIUSDT,SELL,LIMIT,1702132673286,10,1.3155
SUSHIUSDT,SELL,LIMIT,1702132819098,186,1.3125
SUSHIUSDT,SELL,LIMIT,1702133004711,377,1.3036
SUSHIUSDT,SELL,LIMIT,1702133008978,51,1.3016
SUSHIUSDT,SELL,LIMIT,1702134885726,28,1.2999
SUSHIUSDT,SELL,LIMIT,1702135715101,674,1.2962
SUSHIUSDT,SELL,LIMIT,1702135866360,58,1.2936
SUSHIUSDT,SELL,LIMIT,1702138754283,751,1.3208
SUSHIUSDT,SELL,LIMIT,1702138905139,78,1.3175
SUSHIUSDT,SELL,LIMIT,1702138956933,11,1.3123
SUSHIUSDT,SELL,LIMIT,1702138985302,578,1.3107
SUSHIUSDT,SELL,LIMIT,1702139002425,319,1.3057
SUSHIUSDT,SELL,LIMIT,1702139116796,100,1.3036
SUSHIUSDT,SELL,LIMIT,1702139275425,372,1.3008
SUSHIUSDT,SELL,LIMIT,1702139295120,1169,1.2987
SUSHIUSDT,SELL,LIMIT,1702139297213,58,1.2996
SUSHIUSDT,SELL,LIMIT,1702139298426,92,1.2988
SUSHIUSDT,SELL,LIMIT,1702139306427,613,1.2981
SUSHIUSDT,BUY,LIMIT,1702139760154,2838,1.3547
SUSHIUSDT,BUY,LIMIT,1702140509618,378,1.3658
SUSHIUSDT,SELL,LIMIT,1702141564082,4,1.3092
SUSHIUSDT,SELL,LIMIT,1702141701205,7,1.3020
SUSHIUSDT,SELL,LIMIT,1702141847027,292,1.2994
SUSHIUSDT,SELL,LIMIT,1702141849415,173,1.2967
SUSHIUSDT,SELL,LIMIT,1702141855467,292,1.2951
SUSHIUSDT,SELL,LIMIT,1702144707621,3759,1.2986
SUSHIUSDT,BUY,LIMIT,1702150572462,68,1.3571
SUSHIUSDT,BUY,LIMIT,1702150623484,44,1.3582
SUSHIUSDT,SELL,LIMIT,1702152342257,144,1.3041
SUSHIUSDT,SELL,LIMIT,1702152732504,12,1.3031
SUSHIUSDT,SELL,LIMIT,1702153012242,1908,1.2992
SUSHIUSDT,SELL,LIMIT,1702153018121,118,1.2982
SUSHIUSDT,SELL,LIMIT,1702153859716,8341,1.2903
SUSHIUSDT,SELL,LIMIT,1702156100289,956,1.2984
SUSHIUSDT,SELL,LIMIT,1702156346650,626,1.2916
SUSHIUSDT,SELL,LIMIT,1702156348322,134,1.2914
SUSHIUSDT,SELL,LIMIT,1702156372128,5849,1.2839
SUSHIUSDT,SELL,LIMIT,1702156999129,37,1.2929
SUSHIUSDT,BUY,LIMIT,1702161529987,2372,1.3698
SUSHIUSDT,SELL,LIMIT,1702164530348,59,1.3066
SUSHIUSDT,SELL,LIMIT,1702164545235,35,1.2962
SUSHIUSDT,SELL,LIMIT,1702164573523,1362,1.3030
SUSHIUSDT,SELL,LIMIT,1702164685075,1500,1.2936
SUSHIUSDT,SELL,LIMIT,1702164686884,400,1.2929
SUSHIUSDT,SELL,LIMIT,1702164751288,292,1.2905
SUSHIUSDT,SELL,LIMIT,1702164798379,51,1.2875
SUSHIUSDT,SELL,LIMIT,1702164800603,2952,1.2874
SUSHIUSDT,SELL,LIMIT,1702164801680,740,1.2861
SUSHIUSDT,SELL,LIMIT,1702164802734,51,1.2860
SUSHIUSDT,SELL,LIMIT,1702164805203,249,1.2857
SUSHIUSDT,SELL,LIMIT,1702164807229,1000,1.2934
SUSHIUSDT,SELL,LIMIT,1702164808243,4,1.2824
SUSHIUSDT,SELL,LIMIT,1702164866145,4,1.2822
SUSHIUSDT,SELL,LIMIT,1702164867359,382,1.2823
SUSHIUSDT,SELL,LIMIT,1702166115214,61,1.2800
SUSHIUSDT,SELL,LIMIT,1702166116926,125,1.2793
SUSHIUSDT,SELL,LIMIT,1702166119506,11,1.2775
SUSHIUSDT,BUY,LIMIT,1702180840924,30,1.3438
SUSHIUSDT,BUY,LIMIT,1702182013431,125,1.3510
SUSHIUSDT,BUY,LIMIT,1702183260459,36,1.3701
SUSHIUSDT,SELL,LIMIT,1702185088358,11,1.3234
SUSHIUSDT,SELL,LIMIT,1702189303440,2464,1.3321
SUSHIUSDT,SELL,LIMIT,1702191866580,489,1.3194
SUSHIUSDT,SELL,LIMIT,1702193842206,1423,1.3060
SUSHIUSDT,BUY,LIMIT,1702195283073,28,1.3681
SUSHIUSDT,SELL,LIMIT,1702195931027,5,1.3244
SUSHIUSDT,BUY,LIMIT,1702196211124,298,1.3639
SUSHIUSDT,SELL,LIMIT,1702198948268,183,1.3057
SUSHIUSDT,SELL,LIMIT,1702198952864,38,1.3051
SUSHIUSDT,SELL,LIMIT,1702200295956,309,1.3033
SUSHIUSDT,SELL,LIMIT,1702200330413,20,1.3010
SUSHIUSDT,SELL,LIMIT,1702200377383,22,1.2998
SUSHIUSDT,SELL,LIMIT,1702200400983,146,1.2994
SUSHIUSDT,SELL,LIMIT,1702200730457,161,1.2959
SUSHIUSDT,SELL,LIMIT,1702200753303,220,1.2951
SUSHIUSDT,SELL,LIMIT,1702200767293,146,1.2932
SUSHIUSDT,SELL,LIMIT,1702200784955,4,1.2931
SUSHIUSDT,SELL,LIMIT,1702200879853,105,1.2923
SUSHIUSDT,SELL,LIMIT,1702200882195,168,1.2917
SUSHIUSDT,SELL,LIMIT,1702200889355,104,1.2910
SUSHIUSDT,SELL,LIMIT,1702200893251,2310,1.2906
SUSHIUSDT,SELL,LIMIT,1702200895618,170,1.2901
SUSHIUSDT,SELL,LIMIT,1702200906588,1472,1.2896
SUSHIUSDT,SELL,LIMIT,1702200911339,5,1.2874
SUSHIUSDT,SELL,LIMIT,1702200916403,1491,1.2850
SUSHIUSDT,SELL,LIMIT,1702200927464,7,1.2846
SUSHIUSDT,SELL,LIMIT,1702201430639,4,1.2843
SUSHIUSDT,SELL,LIMIT,1702202062071,1702,1.2822
SUSHIUSDT,SELL,LIMIT,1702202081065,405,1.2810
SUSHIUSDT,SELL,LIMIT,1702202165130,297,1.2869
SUSHIUSDT,SELL,LIMIT,1702202257012,64,1.2809
SUSHIUSDT,SELL,LIMIT,1702202262104,189,1.2807
SUSHIUSDT,SELL,LIMIT,1702202263234,126,1.2807
SUSHIUSDT,SELL,LIMIT,1702202267739,37,1.2812
SUSHIUSDT,SELL,LIMIT,1702202290434,14,1.2800
SUSHIUSDT,SELL,LIMIT,1702202291975,106,1.2793
SUSHIUSDT,SELL,LIMIT,1702202295930,7,1.2787
SUSHIUSDT,SELL,LIMIT,1702202297763,763,1.2781
SUSHIUSDT,SELL,LIMIT,1702202318311,69,1.2779
SUSHIUSDT,SELL,LIMIT,1702202321108,227,1.2779
SUSHIUSDT,SELL,LIMIT,1702202323101,305,1.2771
SUSHIUSDT,SELL,LIMIT,1702202324363,666,1.2753
SUSHIUSDT,SELL,LIMIT,1702202325857,228,1.2742
SUSHIUSDT,SELL,LIMIT,1702202346353,234,1.2737
SUSHIUSDT,SELL,LIMIT,1702202348144,14,1.2725
SUSHIUSDT,SELL,LIMIT,1702202350544,27,1.2716
SUSHIUSDT,SELL,LIMIT,1702202376215,30,1.2706
SUSHIUSDT,SELL,LIMIT,1702202377609,50,1.2702
SUSHIUSDT,SELL,LIMIT,1702202380132,69,1.2696
SUSHIUSDT,SELL,LIMIT,1702202383124,26,1.2696
SUSHIUSDT,SELL,LIMIT,1702202390160,3764,1.2695
SUSHIUSDT,BUY,LIMIT,1702205847386,693,1.3398
SUSHIUSDT,SELL,LIMIT,1702207328213,21,1.2953
SUSHIUSDT,SELL,LIMIT,1702207333443,3708,1.2942
SUSHIUSDT,SELL,LIMIT,1702209626862,21,1.2872
SUSHIUSDT,SELL,LIMIT,1702209668072,3767,1.2870
SUSHIUSDT,SELL,LIMIT,1702209697541,1334,1.2868
SUSHIUSDT,BUY,LIMIT,1702210184426,36,1.3335
SUSHIUSDT,BUY,LIMIT,1702210521138,116,1.3374
SUSHIUSDT,BUY,LIMIT,1702212382884,96,1.3437
SUSHIUSDT,BUY,LIMIT,1702215758135,2040,1.3468
SUSHIUSDT,BUY,LIMIT,1702216131564,478,1.3528
SUSHIUSDT,BUY,LIMIT,1702216662071,165,1.3559
SUSHIUSDT,BUY,LIMIT,1702216723233,15,1.3597
SUSHIUSDT,BUY,LIMIT,1702216724397,1401,1.3599
SUSHIUSDT,BUY,LIMIT,1702216748634,986,1.3613
SUSHIUSDT,BUY,LIMIT,1702216776954,1518,1.3630
SUSHIUSDT,BUY,LIMIT,1702216780678,4610,1.3658
SUSHIUSDT,SELL,LIMIT,1702217910832,3687,1.3147
SUSHIUSDT,SELL,LIMIT,1702218022248,184,1.3131
SUSHIUSDT,SELL,LIMIT,1702218033823,739,1.3122
SUSHIUSDT,BUY,LIMIT,1702218159073,2186,1.3600
SUSHIUSDT,BUY,LIMIT,1702220771608,89,1.3584
SUSHIUSDT,BUY,LIMIT,1702221541278,237,1.3608
SUSHIUSDT,SELL,LIMIT,1702223375110,21,1.3150
SUSHIUSDT,SELL,LIMIT,1702224726073,37,1.3109
SUSHIUSDT,SELL,LIMIT,1702224755416,81,1.3098
SUSHIUSDT,SELL,LIMIT,1702225839443,276,1.3114
SUSHIUSDT,BUY,LIMIT,1702226390728,45,1.3607
SUSHIUSDT,BUY,LIMIT,1702226397662,48,1.3616
SUSHIUSDT,BUY,LIMIT,1702226410070,37,1.3624
SUSHIUSDT,BUY,LIMIT,1702226780541,138,1.3591
SUSHIUSDT,SELL,LIMIT,1702227954206,127,1.3110
SUSHIUSDT,SELL,LIMIT,1702228028453,3304,1.3073
SUSHIUSDT,SELL,LIMIT,1702228457532,3792,1.3067
SUSHIUSDT,SELL,LIMIT,1702228470313,152,1.3059
SUSHIUSDT,SELL,LIMIT,1702228757221,16,1.3033
SUSHIUSDT,SELL,LIMIT,1702228862047,1492,1.3013
SUSHIUSDT,SELL,LIMIT,1702229299920,59,1.2992
SUSHIUSDT,BUY,LIMIT,1702232309016,638,1.3562
SUSHIUSDT,BUY,LIMIT,1702232450302,35,1.3627
SUSHIUSDT,SELL,LIMIT,1702234433195,336,1.3140
SUSHIUSDT,SELL,LIMIT,1702235222086,74,1.3136
SUSHIUSDT,BUY,LIMIT,1702238123368,11,1.3590
SUSHIUSDT,BUY,LIMIT,1702238380221,277,1.3627
SUSHIUSDT,BUY,LIMIT,1702239507999,2772,1.3587
SUSHIUSDT,BUY,LIMIT,1702239833300,1386,1.3626
SUSHIUSDT,SELL,LIMIT,1702239869782,1500,1.3247
SUSHIUSDT,BUY,LIMIT,1702239877638,138,1.3651
SUSHIUSDT,BUY,LIMIT,1702240455977,13,1.3637
SUSHIUSDT,BUY,LIMIT,1702240513414,138,1.3659
SUSHIUSDT,BUY,LIMIT,1702240533666,191,1.3662
SUSHIUSDT,BUY,LIMIT,1702240562413,759,1.3664
SUSHIUSDT,BUY,LIMIT,1702240563638,277,1.3664
SUSHIUSDT,BUY,LIMIT,1702240613605,415,1.3669
SUSHIUSDT,BUY,LIMIT,1702240617223,138,1.3669
SUSHIUSDT,SELL,LIMIT,1702240744717,5,1.3268
SUSHIUSDT,BUY,LIMIT,1702240757208,485,1.3671
SUSHIUSDT,BUY,LIMIT,1702240761360,415,1.3671
SUSHIUSDT,BUY,LIMIT,1702240779058,15,1.3673
SUSHIUSDT,BUY,LIMIT,1702240957830,1288,1.3675
SUSHIUSDT,BUY,LIMIT,1702241079605,6237,1.3731
SUSHIUSDT,BUY,LIMIT,1702241467774,443,1.3701
SUSHIUSDT,BUY,LIMIT,1702241483550,199,1.3709
SUSHIUSDT,BUY,LIMIT,1702242006273,2702,1.3716
SUSHIUSDT,BUY,LIMIT,1702242011558,81,1.3720
SUSHIUSDT,SELL,LIMIT,1702242425108,202,1.3280
SUSHIUSDT,SELL,LIMIT,1702243285912,109,1.3241
SUSHIUSDT,SELL,LIMIT,1702245674692,1759,1.3155
SUSHIUSDT,BUY,LIMIT,1702247266454,24,1.3655
SUSHIUSDT,BUY,LIMIT,1702249469279,7,1.3731
SUSHIUSDT,SELL,LIMIT,1702250300291,609,1.3137
SUSHIUSDT,SELL,LIMIT,1702255307653,6,1.3084
SUSHIUSDT,SELL,LIMIT,1702255372405,1868,1.3055
SUSHIUSDT,SELL,LIMIT,1702256583249,65,1.2992
SUSHIUSDT,SELL,LIMIT,1702256608499,4,1.2982
SUSHIUSDT,SELL,LIMIT,1702256613378,1594,1.2968
SUSHIUSDT,SELL,LIMIT,1702256620301,74,1.2948
SUSHIUSDT,SELL,LIMIT,1702256914759,467,1.2913
SUSHIUSDT,SELL,LIMIT,1702256915816,758,1.2911
SUSHIUSDT,SELL,LIMIT,1702256980775,23,1.2865
SUSHIUSDT,SELL,LIMIT,1702256983827,3353,1.2863
SUSHIUSDT,SELL,LIMIT,1702256987285,287,1.2866
SUSHIUSDT,SELL,LIMIT,1702256990143,47,1.2861
SUSHIUSDT,SELL,LIMIT,1702256992264,333,1.2856
SUSHIUSDT,SELL,LIMIT,1702256994532,143,1.2842
SUSHIUSDT,SELL,LIMIT,1702256998820,1493,1.2842
SUSHIUSDT,SELL,LIMIT,1702257009302,3449,1.2834
SUSHIUSDT,SELL,LIMIT,1702257010847,7,1.2830
SUSHIUSDT,BUY,LIMIT,1702259124080,61,1.3369
SUSHIUSDT,SELL,LIMIT,1702260212172,298,1.2938
SUSHIUSDT,SELL,LIMIT,1702260286038,3731,1.2918
SUSHIUSDT,SELL,LIMIT,1702260323320,125,1.2861
SUSHIUSDT,SELL,LIMIT,1702260324652,44,1.2851
SUSHIUSDT,SELL,LIMIT,1702260422073,4,1.2850
SUSHIUSDT,SELL,LIMIT,1702260428777,109,1.2829
SUSHIUSDT,SELL,LIMIT,1702260430708,200,1.2825
SUSHIUSDT,SELL,LIMIT,1702260431716,1000,1.2824
SUSHIUSDT,SELL,LIMIT,1702260433239,112,1.2821
SUSHIUSDT,SELL,LIMIT,1702260435096,3750,1.2805
SUSHIUSDT,SELL,LIMIT,1702260437253,590,1.2793
SUSHIUSDT,SELL,LIMIT,1702260439034,82,1.2786
SUSHIUSDT,SELL,LIMIT,1702260440359,138,1.2820
SUSHIUSDT,SELL,LIMIT,1702260443413,3829,1.2766
SUSHIUSDT,SELL,LIMIT,1702260466302,122,1.2761
SUSHIUSDT,SELL,LIMIT,1702260622279,755,1.2757
SUSHIUSDT,SELL,LIMIT,1702260623490,153,1.2750
SUSHIUSDT,SELL,LIMIT,1702260627037,41,1.2751
SUSHIUSDT,SELL,LIMIT,1702260628547,50,1.2827
SUSHIUSDT,SELL,LIMIT,1702260629683,6,1.2740
SUSHIUSDT,SELL,LIMIT,1702260630848,3176,1.2719
SUSHIUSDT,SELL,LIMIT,1702260633267,29,1.2702
SUSHIUSDT,SELL,LIMIT,1702260634297,299,1.2699
SUSHIUSDT,SELL,LIMIT,1702260635346,477,1.2682
SUSHIUSDT,SELL,LIMIT,1702260636471,1115,1.2643
SUSHIUSDT,SELL,LIMIT,1702260637771,3701,1.2697
SUSHIUSDT,SELL,LIMIT,1702260658738,224,1.2664
SUSHIUSDT,SELL,LIMIT,1702260689216,2885,1.2644
SUSHIUSDT,SELL,LIMIT,1702260690420,1406,1.2639
SUSHIUSDT,SELL,LIMIT,1702260694449,60,1.2715
SUSHIUSDT,SELL,LIMIT,1702260696923,207,1.2620
SUSHIUSDT,SELL,LIMIT,1702260698577,48,1.2623
SUSHIUSDT,SELL,LIMIT,1702260701185,2300,1.2625
SUSHIUSDT,SELL,LIMIT,1702260707252,20,1.2621
SUSHIUSDT,SELL,LIMIT,1702260708321,225,1.2613
SUSHIUSDT,SELL,LIMIT,1702260709343,28,1.2611
SUSHIUSDT,SELL,LIMIT,1702260710570,585,1.2593
SUSHIUSDT,SELL,LIMIT,1702260713360,282,1.2582
SUSHIUSDT,SELL,LIMIT,1702260714375,237,1.2575
SUSHIUSDT,SELL,LIMIT,1702260715424,37,1.2556
SUSHIUSDT,SELL,LIMIT,1702260716805,7,1.2562
SUSHIUSDT,SELL,LIMIT,1702260718068,98,1.2549
SUSHIUSDT,SELL,LIMIT,1702260719471,37,1.2539
SUSHIUSDT,SELL,LIMIT,1702260720515,73,1.2528
SUSHIUSDT,SELL,LIMIT,1702260722275,168,1.2528
SUSHIUSDT,SELL,LIMIT,1702260723582,10550,1.2515
SUSHIUSDT,SELL,LIMIT,1702260724658,304,1.2496
SUSHIUSDT,SELL,LIMIT,1702260725971,4931,1.2476
SUSHIUSDT,SELL,LIMIT,1702260727167,570,1.2461
SUSHIUSDT,SELL,LIMIT,1702260728281,3730,1.2452
SUSHIUSDT,SELL,LIMIT,1702260729962,62,1.2446
SUSHIUSDT,SELL,LIMIT,1702260731056,1500,1.2386
SUSHIUSDT,SELL,LIMIT,1702260732124,46,1.2442
SUSHIUSDT,SELL,LIMIT,1702260733722,147,1.2374
SUSHIUSDT,SELL,LIMIT,1702260734767,76,1.2367
SUSHIUSDT,SELL,LIMIT,1702260736307,664,1.2339
SUSHIUSDT,SELL,LIMIT,1702260737453,5,1.2335
SUSHIUSDT,SELL,LIMIT,1702260738585,548,1.2333
SUSHIUSDT,SELL,LIMIT,1702260739695,490,1.2336
SUSHIUSDT,SELL,LIMIT,1702260740912,15,1.2289
SUSHIUSDT,SELL,LIMIT,1702260742327,73,1.2278
SUSHIUSDT,SELL,LIMIT,1702260743371,20,1.2233
SUSHIUSDT,SELL,LIMIT,1702260744624,10,1.2227
SUSHIUSDT,SELL,LIMIT,1702260745910,778,1.2201
SUSHIUSDT,SELL,LIMIT,1702260746919,22,1.2176
SUSHIUSDT,SELL,LIMIT,1702260748189,52,1.2146
SUSHIUSDT,SELL,LIMIT,1702260749476,155,1.2146
SUSHIUSDT,SELL,LIMIT,1702260750622,380,1.2114
SUSHIUSDT,SELL,LIMIT,1702260752824,15,1.2110
SUSHIUSDT,SELL,LIMIT,1702260754032,150,1.2102
SUSHIUSDT,SELL,LIMIT,1702260755110,97,1.2076
SUSHIUSDT,SELL,LIMIT,1702260756250,85,1.2060
SUSHIUSDT,SELL,LIMIT,1702260757525,467,1.1991
SUSHIUSDT,SELL,LIMIT,1702260758622,40,1.1994
SUSHIUSDT,SELL,LIMIT,1702260759661,80,1.1978
SUSHIUSDT,SELL,LIMIT,1702260760656,177,1.1917
SUSHIUSDT,SELL,LIMIT,1702260761808,125,1.1897
SUSHIUSDT,SELL,LIMIT,1702260762816,2345,1.1908
SUSHIUSDT,SELL,LIMIT,1702260763967,77,1.1898
SUSHIUSDT,SELL,LIMIT,1702260764989,276,1.1891
SUSHIUSDT,SELL,LIMIT,1702260766715,8,1.1853
SUSHIUSDT,SELL,LIMIT,1702260767824,414,1.1816
SUSHIUSDT,SELL,LIMIT,1702260768850,47,1.1822
SUSHIUSDT,SELL,LIMIT,1702260769786,40,1.1753
SUSHIUSDT,SELL,LIMIT,1702260770961,2000,1.1735
SUSHIUSDT,SELL,LIMIT,1702260772105,4,1.1721
SUSHIUSDT,SELL,LIMIT,1702260773139,24,1.1700
SUSHIUSDT,SELL,LIMIT,1702260774478,7725,1.1540
SUSHIUSDT,SELL,LIMIT,1702260775512,2549,1.1579
SUSHIUSDT,SELL,LIMIT,1702260776563,1792,1.1554
SUSHIUSDT,SELL,LIMIT,1702260777723,828,1.1566
SUSHIUSDT,SELL,LIMIT,1702260778787,268,1.1553
SUSHIUSDT,SELL,LIMIT,1702260779858,49,1.1544
SUSHIUSDT,SELL,LIMIT,1702260780884,2210,1.1503
SUSHIUSDT,SELL,LIMIT,1702260781944,68,1.1541
SUSHIUSDT,SELL,LIMIT,1702260783049,8,1.1539
SUSHIUSDT,SELL,LIMIT,1702260784078,79,1.1539
SUSHIUSDT,SELL,LIMIT,1702260785114,265,1.1539
SUSHIUSDT,SELL,LIMIT,1702260786252,12374,1.1454
SUSHIUSDT,SELL,LIMIT,1702260787392,989,1.1529
SUSHIUSDT,SELL,LIMIT,1702260788470,718,1.1497
SUSHIUSDT,SELL,LIMIT,1702260789488,10211,1.1396
SUSHIUSDT,SELL,LIMIT,1702260790534,1530,1.1495
SUSHIUSDT,SELL,LIMIT,1702260791537,100,1.1483
SUSHIUSDT,SELL,LIMIT,1702260792897,2269,1.1494
SUSHIUSDT,SELL,LIMIT,1702260793923,31,1.1483
SUSHIUSDT,SELL,LIMIT,1702260794931,1,1.5075
SUSHIUSDT,SELL,LIMIT,1702260796006,12,1.1474
SUSHIUSDT,SELL,LIMIT,1702260797027,1,2.0586
SUSHIUSDT,SELL,LIMIT,1702260798177,3712,1.1484
SUSHIUSDT,SELL,LIMIT,1702260799178,29,1.2365
SUSHIUSDT,SELL,LIMIT,1702260800491,8326,1.1402
SUSHIUSDT,SELL,LIMIT,1702260801640,653,1.1459
SUSHIUSDT,SELL,LIMIT,1702260802699,548,1.1436
SUSHIUSDT,SELL,LIMIT,1702260803768,1,3.3544
SUSHIUSDT,SELL,LIMIT,1702260804838,100,1.1382
SUSHIUSDT,SELL,LIMIT,1702260805847,38,1.1332
SUSHIUSDT,SELL,LIMIT,1702260806847,25306,1.1223
SUSHIUSDT,SELL,LIMIT,1702260807905,4,1.1317
SUSHIUSDT,SELL,LIMIT,1702260809218,57,1.1295
SUSHIUSDT,SELL,LIMIT,1702260810574,33,1.1298
SUSHIUSDT,SELL,LIMIT,1702260811670,14,1.1825
SUSHIUSDT,SELL,LIMIT,1702260812810,5,1.3847
SUSHIUSDT,SELL,LIMIT,1702260813855,829,1.1284
SUSHIUSDT,SELL,LIMIT,1702260814867,291,1.1269
SUSHIUSDT,SELL,LIMIT,1702260818280,8,1.1285
SUSHIUSDT,SELL,LIMIT,1702260820188,485,1.1198
SUSHIUSDT,SELL,LIMIT,1702260821255,14,1.1198
SUSHIUSDT,SELL,LIMIT,1702260822896,380,1.1202
SUSHIUSDT,SELL,LIMIT,1702260826478,13,1.1211
SUSHIUSDT,BUY,LIMIT,1702260874336,20,1.2025
SUSHIUSDT,BUY,LIMIT,1702260937408,7,1.2229
SUSHIUSDT,SELL,LIMIT,1702260977538,53,1.1823
SUSHIUSDT,BUY,LIMIT,1702261328073,172,1.2369
SUSHIUSDT,SELL,LIMIT,1702262302452,7,1.1999
SUSHIUSDT,SELL,LIMIT,1702262506476,371,1.1953
SUSHIUSDT,SELL,LIMIT,1702262844298,44,1.1859
SUSHIUSDT,SELL,LIMIT,1702262873708,44,1.1844
SUSHIUSDT,BUY,LIMIT,1702263287385,21,1.2372
SUSHIUSDT,BUY,LIMIT,1702265919293,47,1.2542
