Symbol,Side,Order Type,Time,Quantity,Price
SUSHIUSDT,BUY,LIMIT,1700845608109,892,1.2196
SUSHIUSDT,BUY,LIMIT,1700845683204,1280,1.2333
SUSHIUSDT,BUY,LIMIT,1700845714004,41,1.2376
SUSHIUSDT,BUY,LIMIT,1700845783311,351,1.2431
SUSHIUSDT,SELL,LIMIT,1700847741571,13,1.1926
SUSHIUSDT,BUY,LIMIT,1700848633206,34,1.2316
SUSHIUSDT,SELL,LIMIT,1700849721599,16,1.1934
SUSHIUSDT,SELL,LIMIT,1700850824153,264,1.1871
SUSHIUSDT,SELL,LIMIT,1700850832180,18,1.1867
SUSHIUSDT,SELL,LIMIT,1700850844695,16,1.1860
SUSHIUSDT,SELL,LIMIT,1700851128858,387,1.1835
SUSHIUSDT,SELL,LIMIT,1700851180357,405,1.1825
SUSHIUSDT,SELL,LIMIT,1700852976096,1009,1.1774
SUSHIUSDT,SELL,LIMIT,1700853470905,200,1.1788
SUSHIUSDT,SELL,LIMIT,1700854332269,440,1.1754
SUSHIUSDT,SELL,LIMIT,1700855034051,2909,1.1721
SUSHIUSDT,SELL,LIMIT,1700855035206,492,1.1719
SUSHIUSDT,SELL,LIMIT,1700856447605,41,1.1696
SUSHIUSDT,SELL,LIMIT,1700856476207,76,1.1685
SUSHIUSDT,SELL,LIMIT,1700856990037,8,1.4212
SUSHIUSDT,BUY,LIMIT,1700859060175,345,1.2126
SUSHIUSDT,BUY,LIMIT,1700859514987,158,1.2138
SUSHIUSDT,BUY,LIMIT,1700861323619,5,1.2145
SUSHIUSDT,SELL,LIMIT,1700863006749,88,1.1726
SUSHIUSDT,SELL,LIMIT,1700863856232,157,1.1700
SUSHIUSDT,SELL,LIMIT,1700863950641,5,1.1651
SUSHIUSDT,SELL,LIMIT,1700863958202,5,1.1649
SUSHIUSDT,SELL,LIMIT,1700863960278,802,1.1632
SUSHIUSDT,SELL,LIMIT,1700863961854,147,1.1627
SUSHIUSDT,SELL,LIMIT,1700863963054,46,1.1611
SUSHIUSDT,SELL,LIMIT,1700863964336,3500,1.1605
SUSHIUSDT,BUY,LIMIT,1700866354347,52,1.2094
SUSHIUSDT,SELL,LIMIT,1700866639151,117,1.1750
SUSHIUSDT,SELL,LIMIT,1700866862280,104,1.1717
SUSHIUSDT,SELL,LIMIT,1700867071073,45,1.1666
SUSHIUSDT,SELL,LIMIT,1700867184124,315,1.1631
SUSHIUSDT,BUY,LIMIT,1700868072702,406,1.2040
SUSHIUSDT,BUY,LIMIT,1700869239189,1053,1.2173
SUSHIUSDT,BUY,LIMIT,1700869498318,182,1.2200
SUSHIUSDT,BUY,LIMIT,1700870007146,2829,1.2233
SUSHIUSDT,SELL,LIMIT,1700870645864,2076,1.1744
SUSHIUSDT,BUY,LIMIT,1700871039415,542,1.2172
SUSHIUSDT,SELL,LIMIT,1700873507678,527,1.1809
SUSHIUSDT,SELL,LIMIT,1700873557474,1692,1.1806
SUSHIUSDT,BUY,LIMIT,1700875610251,881,1.2265
SUSHIUSDT,BUY,LIMIT,1700875625408,249,1.2273
SUSHIUSDT,BUY,LIMIT,1700875701657,1004,1.2325
SUSHIUSDT,BUY,LIMIT,1700875704041,213,1.2337
SUSHIUSDT,BUY,LIMIT,1700875833584,1575,1.2374
SUSHIUSDT,BUY,LIMIT,1700875839581,205,1.2385
SUSHIUSDT,BUY,LIMIT,1700875893080,1393,1.2389
SUSHIUSDT,BUY,LIMIT,1700875918681,34,1.2398
SUSHIUSDT,BUY,LIMIT,1700876061047,111,1.2419
SUSHIUSDT,BUY,LIMIT,1700876073385,11,1.2455
SUSHIUSDT,BUY,LIMIT,1700876093430,88,1.2483
SUSHIUSDT,BUY,LIMIT,1700876167048,228,1.2499
SUSHIUSDT,BUY,LIMIT,1700876187043,591,1.2507
SUSHIUSDT,BUY,LIMIT,1700876189918,131,1.2518
SUSHIUSDT,BUY,LIMIT,1700876196083,703,1.2522
SUSHIUSDT,BUY,LIMIT,1700876220652,2208,1.2535
SUSHIUSDT,BUY,LIMIT,1700876226400,154,1.2539
SUSHIUSDT,BUY,LIMIT,1700876228298,64,1.2541
SUSHIUSDT,BUY,LIMIT,1700876278110,476,1.2564
SUSHIUSDT,BUY,LIMIT,1700876279450,254,1.2565
SUSHIUSDT,BUY,LIMIT,1700876354216,127,1.2600
SUSHIUSDT,BUY,LIMIT,1700876358225,98,1.2615
SUSHIUSDT,BUY,LIMIT,1700876360568,8,1.2622
SUSHIUSDT,BUY,LIMIT,1700876362463,471,1.2629
SUSHIUSDT,BUY,LIMIT,1700876366892,33,1.2636
SUSHIUSDT,BUY,LIMIT,1700876557152,117,1.2647
SUSHIUSDT,BUY,LIMIT,1700876565312,84,1.2661
SUSHIUSDT,BUY,LIMIT,1700876568705,119,1.2653
SUSHIUSDT,BUY,LIMIT,1700876570620,115,1.2677
SUSHIUSDT,BUY,LIMIT,1700876578795,795,1.2706
SUSHIUSDT,BUY,LIMIT,1700876581051,15,1.2716
SUSHIUSDT,BUY,LIMIT,1700876595630,8,1.2724
SUSHIUSDT,BUY,LIMIT,1700876600092,11551,1.2812
SUSHIUSDT,BUY,LIMIT,1700876630264,508,1.2752
SUSHIUSDT,BUY,LIMIT,1700876638960,175,1.2763
SUSHIUSDT,BUY,LIMIT,1700876640377,10,1.2765
SUSHIUSDT,SELL,LIMIT,1700876807848,43,1.2330
SUSHIUSDT,BUY,LIMIT,1700877041376,4166,1.2794
SUSHIUSDT,BUY,LIMIT,1700877046764,1783,1.2799
SUSHIUSDT,BUY,LIMIT,1700877052448,516,1.2809
SUSHIUSDT,BUY,LIMIT,1700877059124,40,1.2828
SUSHIUSDT,BUY,LIMIT,1700877060662,461,1.2828
SUSHIUSDT,BUY,LIMIT,1700877062061,803,1.2852
SUSHIUSDT,BUY,LIMIT,1700877078102,63,1.2889
SUSHIUSDT,BUY,LIMIT,1700877806394,83,1.2836
SUSHIUSDT,BUY,LIMIT,1700877831804,47,1.2863
SUSHIUSDT,BUY,LIMIT,1700877833076,483,1.2864
SUSHIUSDT,BUY,LIMIT,1700877882450,101,1.2899
SUSHIUSDT,BUY,LIMIT,1700877886992,18,1.2920
SUSHIUSDT,BUY,LIMIT,1700877901633,837,1.2956
SUSHIUSDT,BUY,LIMIT,1700878176249,194,1.2979
SUSHIUSDT,SELL,LIMIT,1700878266152,104,1.2533
SUSHIUSDT,SELL,LIMIT,1700878298335,50,1.2494
SUSHIUSDT,BUY,LIMIT,1700878602129,261,1.2929
SUSHIUSDT,SELL,LIMIT,1700878996150,189,1.2420
SUSHIUSDT,SELL,LIMIT,1700879328860,40,1.2305
SUSHIUSDT,SELL,LIMIT,1700879354095,39,1.2273
SUSHIUSDT,BUY,LIMIT,1700879507168,209,1.2722
SUSHIUSDT,BUY,LIMIT,1700879551386,492,1.2788
SUSHIUSDT,SELL,LIMIT,1700880431971,197,1.2232
SUSHIUSDT,BUY,LIMIT,1700881534089,19,1.2652
SUSHIUSDT,BUY,LIMIT,1700881560421,845,1.2673
SUSHIUSDT,BUY,LIMIT,1700882468865,745,1.2695
