Symbol,Side,Order Type,Time,Quantity,Price
SUSHIUSDT,SELL,LIMIT,1700989555681,18,1.1874
SUSHIUSDT,SELL,LIMIT,1700990944113,3182,1.1852
SUSHIUSDT,SELL,LIMIT,1700991019487,58,1.1842
SUSHIUSDT,SELL,LIMIT,1700991030085,336,1.1838
SUSHIUSDT,SELL,LIMIT,1700991140425,343,1.1832
SUSHIUSDT,SELL,LIMIT,1700991158326,789,1.1827
SUSHIUSDT,SELL,LIMIT,1700991222519,35,1.1824
SUSHIUSDT,SELL,LIMIT,1700991249671,71,1.1823
SUSHIUSDT,BUY,LIMIT,1700992561245,13,1.2267
SUSHIUSDT,BUY,LIMIT,1700993772973,104,1.2330
SUSHIUSDT,BUY,LIMIT,1700994333505,72,1.2339
SUSHIUSDT,SELL,LIMIT,1700995956891,236,1.1858
SUSHIUSDT,SELL,LIMIT,1700996106530,10,1.1845
SUSHIUSDT,BUY,LIMIT,1700998393706,401,1.2377
SUSHIUSDT,BUY,LIMIT,1700998401533,5,1.2382
SUSHIUSDT,BUY,LIMIT,1700998905975,851,1.2432
SUSHIUSDT,BUY,LIMIT,1700998928841,32,1.2437
SUSHIUSDT,BUY,LIMIT,1700998955251,38,1.2466
SUSHIUSDT,BUY,LIMIT,1700999015271,1040,1.2474
SUSHIUSDT,SELL,LIMIT,1700999227830,8,1.2038
SUSHIUSDT,SELL,LIMIT,1701000540745,62,1.2022
SUSHIUSDT,BUY,LIMIT,1701000860335,578,1.2401
SUSHIUSDT,BUY,LIMIT,1701000863368,18,1.2418
SUSHIUSDT,BUY,LIMIT,1701001641040,241,1.2509
SUSHIUSDT,BUY,LIMIT,1701001644910,205,1.2524
SUSHIUSDT,BUY,LIMIT,1701001646446,335,1.2533
SUSHIUSDT,BUY,LIMIT,1701001708180,204,1.2537
SUSHIUSDT,BUY,LIMIT,1701002199830,2944,1.2583
SUSHIUSDT,BUY,LIMIT,1701002206947,844,1.2591
SUSHIUSDT,BUY,LIMIT,1701002228470,22,1.2628
SUSHIUSDT,BUY,LIMIT,1701002231959,3022,1.2622
SUSHIUSDT,BUY,LIMIT,1701002234911,1218,1.2625
SUSHIUSDT,BUY,LIMIT,1701002304047,15,1.2643
SUSHIUSDT,BUY,LIMIT,1701002343275,75,1.2650
SUSHIUSDT,BUY,LIMIT,1701002382329,2393,1.2661
SUSHIUSDT,BUY,LIMIT,1701002433285,204,1.2668
SUSHIUSDT,BUY,LIMIT,1701002434380,165,1.2668
SUSHIUSDT,BUY,LIMIT,1701002460771,2078,1.2675
SUSHIUSDT,BUY,LIMIT,1701002491326,125,1.2681
SUSHIUSDT,BUY,LIMIT,1701002497208,77,1.2686
SUSHIUSDT,BUY,LIMIT,1701002513418,82,1.2689
SUSHIUSDT,BUY,LIMIT,1701002514530,1014,1.2692
SUSHIUSDT,BUY,LIMIT,1701002524147,102,1.2700
SUSHIUSDT,BUY,LIMIT,1701002539911,70,1.2704
SUSHIUSDT,BUY,LIMIT,1701002610091,225,1.2709
SUSHIUSDT,BUY,LIMIT,1701002611217,6793,1.2758
SUSHIUSDT,BUY,LIMIT,1701002614330,607,1.2713
SUSHIUSDT,BUY,LIMIT,1701002629113,48,1.2726
SUSHIUSDT,BUY,LIMIT,1701002879250,334,1.2731
SUSHIUSDT,BUY,LIMIT,1701003094574,26,1.2734
SUSHIUSDT,BUY,LIMIT,1701003098453,15,1.2737
SUSHIUSDT,BUY,LIMIT,1701003099778,6,1.2745
SUSHIUSDT,BUY,LIMIT,1701003124426,201,1.2748
SUSHIUSDT,BUY,LIMIT,1701003386195,153,1.2761
SUSHIUSDT,BUY,LIMIT,1701003415205,420,1.2773
SUSHIUSDT,BUY,LIMIT,1701003433048,41,1.2795
SUSHIUSDT,BUY,LIMIT,1701003434103,82,1.2793
SUSHIUSDT,BUY,LIMIT,1701003472226,22,1.2805
SUSHIUSDT,BUY,LIMIT,1701003525395,3932,1.2817
SUSHIUSDT,SELL,LIMIT,1701003614924,78,1.2387
SUSHIUSDT,BUY,LIMIT,1701003884342,61,1.2845
SUSHIUSDT,BUY,LIMIT,1701004291155,256,1.2865
SUSHIUSDT,BUY,LIMIT,1701004319263,5335,1.2902
SUSHIUSDT,BUY,LIMIT,1701004331321,51,1.2876
SUSHIUSDT,BUY,LIMIT,1701004352882,130,1.2886
SUSHIUSDT,SELL,LIMIT,1701004642036,3950,1.2406
SUSHIUSDT,SELL,LIMIT,1701004646397,8,1.2409
SUSHIUSDT,SELL,LIMIT,1701004691224,139,1.2378
SUSHIUSDT,SELL,LIMIT,1701004695374,344,1.2351
SUSHIUSDT,SELL,LIMIT,1701004697489,62,1.2335
SUSHIUSDT,SELL,LIMIT,1701004785838,228,1.2297
SUSHIUSDT,SELL,LIMIT,1701004788704,453,1.2296
SUSHIUSDT,SELL,LIMIT,1701004808426,828,1.2262
SUSHIUSDT,SELL,LIMIT,1701004843511,77,1.2249
SUSHIUSDT,SELL,LIMIT,1701004878083,3844,1.2220
SUSHIUSDT,SELL,LIMIT,1701006049045,2222,1.2271
SUSHIUSDT,SELL,LIMIT,1701006085535,25,1.2239
SUSHIUSDT,SELL,LIMIT,1701006127408,14,1.2203
SUSHIUSDT,SELL,LIMIT,1701006140055,198,1.2199
SUSHIUSDT,SELL,LIMIT,1701006165491,18,1.2182
SUSHIUSDT,SELL,LIMIT,1701006201325,32,1.2171
SUSHIUSDT,BUY,LIMIT,1701007133293,16,1.2619
SUSHIUSDT,BUY,LIMIT,1701007147560,16,1.2656
SUSHIUSDT,SELL,LIMIT,1701007345656,274,1.2241
SUSHIUSDT,SELL,LIMIT,1701007836279,1206,1.2160
SUSHIUSDT,SELL,LIMIT,1701007841010,177,1.2135
SUSHIUSDT,SELL,LIMIT,1701007843387,43,1.2125
SUSHIUSDT,SELL,LIMIT,1701007947950,411,1.2107
SUSHIUSDT,SELL,LIMIT,1701007954497,1117,1.2093
SUSHIUSDT,SELL,LIMIT,1701008233094,109,1.2030
SUSHIUSDT,SELL,LIMIT,1701008352169,421,1.2016
SUSHIUSDT,SELL,LIMIT,1701008406107,5,1.1985
SUSHIUSDT,SELL,LIMIT,1701008408127,10,1.1962
SUSHIUSDT,SELL,LIMIT,1701008444795,12,1.1939
SUSHIUSDT,SELL,LIMIT,1701008446239,5632,1.1883
SUSHIUSDT,SELL,LIMIT,1701008448260,86,1.1912
SUSHIUSDT,SELL,LIMIT,1701008449530,229,1.1905
SUSHIUSDT,SELL,LIMIT,1701008451531,133,1.1906
SUSHIUSDT,SELL,LIMIT,1701008927965,2792,1.1913
SUSHIUSDT,SELL,LIMIT,1701008943194,554,1.1900
SUSHIUSDT,SELL,LIMIT,1701008944209,187,1.1895
SUSHIUSDT,SELL,LIMIT,1701008945564,239,1.1892
SUSHIUSDT,SELL,LIMIT,1701008946917,47,1.1891
SUSHIUSDT,SELL,LIMIT,1701009016164,269,1.1892
SUSHIUSDT,BUY,LIMIT,1701009263866,185,1.2286
SUSHIUSDT,SELL,LIMIT,1701009289425,195,1.1922
SUSHIUSDT,BUY,LIMIT,1701009466569,89,1.2339
SUSHIUSDT,BUY,LIMIT,1701009608048,622,1.2449
SUSHIUSDT,SELL,LIMIT,1701009824345,318,1.2049
SUSHIUSDT,SELL,LIMIT,1701010562038,204,1.1944
SUSHIUSDT,BUY,LIMIT,1701011457902,615,1.2463
SUSHIUSDT,BUY,LIMIT,1701011471167,66,1.2475
SUSHIUSDT,SELL,LIMIT,1701013020183,5,1.2051
SUSHIUSDT,SELL,LIMIT,1701013448314,97,1.1912
SUSHIUSDT,SELL,LIMIT,1701013467830,216,1.1904
SUSHIUSDT,SELL,LIMIT,1701013701117,34,1.1890
SUSHIUSDT,SELL,LIMIT,1701013902455,828,1.1887
SUSHIUSDT,SELL,LIMIT,1701013913690,106,1.1882
SUSHIUSDT,SELL,LIMIT,1701013947099,240,1.1868
SUSHIUSDT,SELL,LIMIT,1701013948207,26,1.1869
SUSHIUSDT,SELL,LIMIT,1701013949389,790,1.1864
SUSHIUSDT,SELL,LIMIT,1701013951891,1510,1.1862
SUSHIUSDT,SELL,LIMIT,1701013956035,31,1.1851
SUSHIUSDT,SELL,LIMIT,1701013984233,187,1.1839
SUSHIUSDT,SELL,LIMIT,1701013994146,1384,1.1827
SUSHIUSDT,SELL,LIMIT,1701013995224,25,1.1830
SUSHIUSDT,SELL,LIMIT,1701013996461,85,1.1823
SUSHIUSDT,SELL,LIMIT,1701014028841,723,1.1813
SUSHIUSDT,SELL,LIMIT,1701014039552,100,1.1812
SUSHIUSDT,SELL,LIMIT,1701014042417,36,1.1807
SUSHIUSDT,SELL,LIMIT,1701014043440,3503,1.1792
SUSHIUSDT,SELL,LIMIT,1701014045938,1225,1.1792
SUSHIUSDT,SELL,LIMIT,1701014058134,3876,1.1786
SUSHIUSDT,SELL,LIMIT,1701014059992,57,1.1786
SUSHIUSDT,BUY,LIMIT,1701014124536,400,1.2219
SUSHIUSDT,BUY,LIMIT,1701014536386,2571,1.2287
SUSHIUSDT,BUY,LIMIT,1701014552202,57,1.2336
SUSHIUSDT,SELL,LIMIT,1701014811381,160,1.1903
SUSHIUSDT,SELL,LIMIT,1701014921311,11,1.1950
SUSHIUSDT,SELL,LIMIT,1701015207745,164,1.1891
SUSHIUSDT,SELL,LIMIT,1701015638441,504,1.1807
SUSHIUSDT,SELL,LIMIT,1701015644155,81,1.1801
SUSHIUSDT,SELL,LIMIT,1701015664133,720,1.1785
SUSHIUSDT,SELL,LIMIT,1701015670457,368,1.1778
SUSHIUSDT,SELL,LIMIT,1701015671705,76,1.1773
SUSHIUSDT,SELL,LIMIT,1701015675177,1114,1.1771
SUSHIUSDT,SELL,LIMIT,1701015682794,5,1.1768
SUSHIUSDT,SELL,LIMIT,1701015684297,205,1.1760
SUSHIUSDT,SELL,LIMIT,1701015742104,1783,1.1721
SUSHIUSDT,SELL,LIMIT,1701015743309,260,1.1741
SUSHIUSDT,SELL,LIMIT,1701015744392,620,1.1693
SUSHIUSDT,SELL,LIMIT,1701015747972,2221,1.1701
SUSHIUSDT,SELL,LIMIT,1701015761720,6666,1.1647
SUSHIUSDT,SELL,LIMIT,1701015783399,43,1.1681
SUSHIUSDT,SELL,LIMIT,1701015837207,827,1.1700
SUSHIUSDT,SELL,LIMIT,1701015863163,15,1.1670
SUSHIUSDT,SELL,LIMIT,1701015865112,562,1.1664
SUSHIUSDT,SELL,LIMIT,1701015872167,1015,1.1650
SUSHIUSDT,SELL,LIMIT,1701015873513,70,1.1637
SUSHIUSDT,SELL,LIMIT,1701015875328,28,1.1637
SUSHIUSDT,SELL,LIMIT,1701015906125,405,1.1635
SUSHIUSDT,SELL,LIMIT,1701016001469,537,1.1612
SUSHIUSDT,SELL,LIMIT,1701016013085,671,1.1693
SUSHIUSDT,SELL,LIMIT,1701016014616,2499,1.1606
SUSHIUSDT,SELL,LIMIT,1701016016549,516,1.1601
SUSHIUSDT,SELL,LIMIT,1701016018767,97,1.1596
SUSHIUSDT,SELL,LIMIT,1701016019800,777,1.1576
SUSHIUSDT,SELL,LIMIT,1701016029381,136,1.1564
SUSHIUSDT,SELL,LIMIT,1701016032015,22,1.1555
SUSHIUSDT,SELL,LIMIT,1701016032918,346,1.1539
SUSHIUSDT,SELL,LIMIT,1701016035314,3751,1.1623
SUSHIUSDT,SELL,LIMIT,1701016036492,11,1.1527
SUSHIUSDT,SELL,LIMIT,1701016037708,615,1.1525
SUSHIUSDT,SELL,LIMIT,1701016041194,213,1.1495
SUSHIUSDT,SELL,LIMIT,1701016044421,92,1.1785
SUSHIUSDT,SELL,LIMIT,1701016045252,37,1.1466
SUSHIUSDT,SELL,LIMIT,1701016046109,279,1.1475
SUSHIUSDT,SELL,LIMIT,1701016047109,4155,1.1459
SUSHIUSDT,SELL,LIMIT,1701016048173,9,1.1456
SUSHIUSDT,SELL,LIMIT,1701016049380,803,1.1451
SUSHIUSDT,SELL,LIMIT,1701016050363,126,1.1448
SUSHIUSDT,SELL,LIMIT,1701016052880,536,1.1446
SUSHIUSDT,SELL,LIMIT,1701016098566,183,1.1447
SUSHIUSDT,SELL,LIMIT,1701016100060,76,1.1424
SUSHIUSDT,SELL,LIMIT,1701016101209,195,1.1424
SUSHIUSDT,SELL,LIMIT,1701016102282,1885,1.1405
SUSHIUSDT,SELL,LIMIT,1701016103158,73,1.1413
SUSHIUSDT,SELL,LIMIT,1701016104279,350,1.1391
SUSHIUSDT,SELL,LIMIT,1701016105183,331,1.1395
SUSHIUSDT,BUY,LIMIT,1701016334305,540,1.1924
SUSHIUSDT,BUY,LIMIT,1701016610230,3382,1.1990
SUSHIUSDT,SELL,LIMIT,1701017914801,169,1.1568
SUSHIUSDT,SELL,LIMIT,1701017916127,72,1.1547
SUSHIUSDT,BUY,LIMIT,1701018265129,51,1.1938
SUSHIUSDT,BUY,LIMIT,1701018368337,396,1.1978
SUSHIUSDT,BUY,LIMIT,1701018389275,63,1.1999
SUSHIUSDT,SELL,LIMIT,1701020089616,44,1.1617
SUSHIUSDT,SELL,LIMIT,1701020097751,16,1.1612
SUSHIUSDT,SELL,LIMIT,1701020146197,408,1.1570
SUSHIUSDT,SELL,LIMIT,1701020147207,15,1.1588
SUSHIUSDT,BUY,LIMIT,1701021987054,646,1.1973
SUSHIUSDT,SELL,LIMIT,1701024536135,8,1.1615
SUSHIUSDT,BUY,LIMIT,1701025865441,468,1.1990
SUSHIUSDT,BUY,LIMIT,1701027334941,24,1.2043
SUSHIUSDT,BUY,LIMIT,1701027954798,1303,1.2071
SUSHIUSDT,BUY,LIMIT,1701027971294,17,1.2086
SUSHIUSDT,BUY,LIMIT,1701030058958,6,1.2119
SUSHIUSDT,BUY,LIMIT,1701030540414,20,1.2155
SUSHIUSDT,BUY,LIMIT,1701030576434,513,1.2159
SUSHIUSDT,SELL,LIMIT,1701031548257,401,1.1790
SUSHIUSDT,SELL,LIMIT,1701032107835,211,1.1781
SUSHIUSDT,SELL,LIMIT,1701032934639,448,1.1747
SUSHIUSDT,BUY,LIMIT,1701036591282,2003,1.2180
SUSHIUSDT,SELL,LIMIT,1701037043268,504,1.1760
SUSHIUSDT,BUY,LIMIT,1701039172098,121,1.2177
SUSHIUSDT,SELL,LIMIT,1701039834911,7,1.1741
SUSHIUSDT,SELL,LIMIT,1701039879774,562,1.1731
SUSHIUSDT,SELL,LIMIT,1701040048574,8,1.1687
SUSHIUSDT,SELL,LIMIT,1701044874622,217,1.1723
SUSHIUSDT,SELL,LIMIT,1701045921138,53,1.1796
SUSHIUSDT,SELL,LIMIT,1701046855611,10,1.1704
SUSHIUSDT,SELL,LIMIT,1701047523604,139,1.1660
SUSHIUSDT,SELL,LIMIT,1701047908132,115,1.1594
SUSHIUSDT,SELL,LIMIT,1701047991053,104,1.1578
SUSHIUSDT,SELL,LIMIT,1701047992165,5,1.1579
SUSHIUSDT,SELL,LIMIT,1701048050973,3177,1.1559
SUSHIUSDT,SELL,LIMIT,1701048249233,671,1.1534
SUSHIUSDT,SELL,LIMIT,1701048251532,228,1.1520
SUSHIUSDT,SELL,LIMIT,1701048263763,17,1.1515
SUSHIUSDT,SELL,LIMIT,1701048523173,414,1.1501
SUSHIUSDT,SELL,LIMIT,1701048531094,227,1.1493
SUSHIUSDT,SELL,LIMIT,1701048540671,9905,1.1419
SUSHIUSDT,SELL,LIMIT,1701048616243,1270,1.1475
SUSHIUSDT,SELL,LIMIT,1701048788244,4257,1.1449
SUSHIUSDT,SELL,LIMIT,1701050789509,781,1.1510
SUSHIUSDT,SELL,LIMIT,1701052642282,500,1.1515
SUSHIUSDT,SELL,LIMIT,1701052880868,6148,1.1429
SUSHIUSDT,SELL,LIMIT,1701054201957,11,1.1435
SUSHIUSDT,SELL,LIMIT,1701054388468,289,1.1405
SUSHIUSDT,SELL,LIMIT,1701055062792,16,1.1393
SUSHIUSDT,SELL,LIMIT,1701055751729,3147,1.1404
SUSHIUSDT,SELL,LIMIT,1701056108169,170,1.1385
SUSHIUSDT,SELL,LIMIT,1701056152297,273,1.1377
SUSHIUSDT,SELL,LIMIT,1701056154307,160,1.1369
SUSHIUSDT,SELL,LIMIT,1701056156706,6286,1.1327
SUSHIUSDT,BUY,LIMIT,1701062334147,66,1.1868
