Symbol,Side,Order Type,Time,Quantity,Price
SUSHIUSDT,SELL,LIMIT,1701916566604,53,1.2770
SUSHIUSDT,SELL,LIMIT,1701918445545,110,1.2631
SUSHIUSDT,SELL,LIMIT,1701918447056,745,1.2625
SUSHIUSDT,SELL,LIMIT,1701918448337,277,1.2629
SUSHIUSDT,SELL,LIMIT,1701918451885,23,1.2620
SUSHIUSDT,SELL,LIMIT,1701918566461,25,1.2613
SUSHIUSDT,SELL,LIMIT,1701918605472,33,1.2612
SUSHIUSDT,SELL,LIMIT,1701918649327,3181,1.2592
SUSHIUSDT,SELL,LIMIT,1701918652091,81,1.2582
SUSHIUSDT,SELL,LIMIT,1701918653172,84,1.2568
SUSHIUSDT,SELL,LIMIT,1701918685916,1458,1.2555
SUSHIUSDT,BUY,LIMIT,1701919094438,173,1.2995
SUSHIUSDT,SELL,LIMIT,1701922965826,2499,1.2685
SUSHIUSDT,BUY,LIMIT,1701923253355,78,1.3088
SUSHIUSDT,BUY,LIMIT,1701928686343,329,1.3163
SUSHIUSDT,SELL,LIMIT,1701931651471,25,1.2785
SUSHIUSDT,SELL,LIMIT,1701931652893,23,1.2801
SUSHIUSDT,SELL,LIMIT,1701931807499,306,1.2767
SUSHIUSDT,SELL,LIMIT,1701931906384,30,1.2755
SUSHIUSDT,SELL,LIMIT,1701931939858,9,1.2737
SUSHIUSDT,SELL,LIMIT,1701936867399,37,1.2809
SUSHIUSDT,SELL,LIMIT,1701936908501,42,1.2785
SUSHIUSDT,SELL,LIMIT,1701936923522,47,1.2765
SUSHIUSDT,SELL,LIMIT,1701936968159,104,1.2733
SUSHIUSDT,SELL,LIMIT,1701936969366,68,1.2759
SUSHIUSDT,SELL,LIMIT,1701936978053,1793,1.2714
SUSHIUSDT,SELL,LIMIT,1701936980246,177,1.2696
SUSHIUSDT,SELL,LIMIT,1701936981377,96,1.2701
SUSHIUSDT,SELL,LIMIT,1701937344986,197,1.2702
SUSHIUSDT,SELL,LIMIT,1701937386525,306,1.2690
SUSHIUSDT,SELL,LIMIT,1701939360280,14,1.2679
SUSHIUSDT,SELL,LIMIT,1701939365900,7332,1.2622
SUSHIUSDT,SELL,LIMIT,1701939390929,414,1.2643
SUSHIUSDT,SELL,LIMIT,1701939556367,1560,1.2611
SUSHIUSDT,SELL,LIMIT,1701939566620,382,1.2596
SUSHIUSDT,SELL,LIMIT,1701939576462,725,1.2582
SUSHIUSDT,SELL,LIMIT,1701940018251,4565,1.2536
SUSHIUSDT,SELL,LIMIT,1701940020185,292,1.2566
SUSHIUSDT,SELL,LIMIT,1701940023053,345,1.2554
SUSHIUSDT,SELL,LIMIT,1701940025066,1167,1.2549
SUSHIUSDT,SELL,LIMIT,1701940027426,622,1.2523
SUSHIUSDT,SELL,LIMIT,1701940525676,1216,1.2534
SUSHIUSDT,SELL,LIMIT,1701940528833,3747,1.2530
SUSHIUSDT,SELL,LIMIT,1701940555385,270,1.2529
SUSHIUSDT,SELL,LIMIT,1701940557247,279,1.2522
SUSHIUSDT,SELL,LIMIT,1701940558355,4,1.2519
SUSHIUSDT,SELL,LIMIT,1701940561024,345,1.2507
SUSHIUSDT,SELL,LIMIT,1701940562493,9,1.2496
SUSHIUSDT,SELL,LIMIT,1701940563863,459,1.2487
SUSHIUSDT,SELL,LIMIT,1701940565136,61,1.2480
SUSHIUSDT,SELL,LIMIT,1701940566222,839,1.2479
SUSHIUSDT,SELL,LIMIT,1701940568368,114,1.2469
SUSHIUSDT,SELL,LIMIT,1701940571681,300,1.2455
SUSHIUSDT,SELL,LIMIT,1701941049817,56,1.2474
SUSHIUSDT,SELL,LIMIT,1701941070783,379,1.2456
SUSHIUSDT,SELL,LIMIT,1701941151548,46,1.2454
SUSHIUSDT,SELL,LIMIT,1701941153235,135,1.2446
SUSHIUSDT,SELL,LIMIT,1701941154370,90,1.2442
SUSHIUSDT,SELL,LIMIT,1701941156924,117,1.2437
SUSHIUSDT,SELL,LIMIT,1701941158115,861,1.2428
SUSHIUSDT,SELL,LIMIT,1701941159212,96,1.2427
SUSHIUSDT,SELL,LIMIT,1701941174653,445,1.2425
SUSHIUSDT,SELL,LIMIT,1701941176348,133,1.2425
SUSHIUSDT,SELL,LIMIT,1701941179405,61,1.2423
SUSHIUSDT,SELL,LIMIT,1701941180545,28,1.2418
SUSHIUSDT,SELL,LIMIT,1701941181670,192,1.2412
SUSHIUSDT,SELL,LIMIT,1701941182720,1554,1.2404
SUSHIUSDT,SELL,LIMIT,1701941184309,5,1.2387
SUSHIUSDT,SELL,LIMIT,1701941185510,1533,1.2393
SUSHIUSDT,SELL,LIMIT,1701941187135,402,1.2376
SUSHIUSDT,SELL,LIMIT,1701941188347,32,1.2375
SUSHIUSDT,SELL,LIMIT,1701941189352,1592,1.2372
SUSHIUSDT,SELL,LIMIT,1701941191627,15,1.2363
SUSHIUSDT,SELL,LIMIT,1701941215323,154,1.2393
SUSHIUSDT,SELL,LIMIT,1701941217004,2169,1.2377
SUSHIUSDT,SELL,LIMIT,1701941234049,344,1.2350
SUSHIUSDT,SELL,LIMIT,1701941244224,89,1.2336
SUSHIUSDT,SELL,LIMIT,1701941245329,77,1.2333
SUSHIUSDT,SELL,LIMIT,1701941256313,25,1.2333
SUSHIUSDT,BUY,LIMIT,1701942106016,3669,1.2979
SUSHIUSDT,BUY,LIMIT,1701945154921,360,1.3057
SUSHIUSDT,SELL,LIMIT,1701946443606,3893,1.2529
SUSHIUSDT,SELL,LIMIT,1701946477325,510,1.2514
SUSHIUSDT,SELL,LIMIT,1701948851309,70,1.2508
SUSHIUSDT,SELL,LIMIT,1701949564102,979,1.2466
SUSHIUSDT,SELL,LIMIT,1701949565124,658,1.2466
SUSHIUSDT,SELL,LIMIT,1701949643785,3934,1.2465
SUSHIUSDT,SELL,LIMIT,1701949651546,26,1.2462
SUSHIUSDT,BUY,LIMIT,1701951059195,52,1.2917
SUSHIUSDT,BUY,LIMIT,1701951106233,288,1.2949
SUSHIUSDT,BUY,LIMIT,1701951324769,202,1.2945
SUSHIUSDT,SELL,LIMIT,1701951337174,78,1.2571
SUSHIUSDT,BUY,LIMIT,1701959218832,13,1.3005
SUSHIUSDT,BUY,LIMIT,1701962229213,33,1.3080
SUSHIUSDT,BUY,LIMIT,1701962237163,4,1.3089
SUSHIUSDT,BUY,LIMIT,1701962487994,675,1.3118
SUSHIUSDT,SELL,LIMIT,1701964012583,3865,1.2728
SUSHIUSDT,BUY,LIMIT,1701964260898,2514,1.3163
SUSHIUSDT,BUY,LIMIT,1701964388772,166,1.3204
SUSHIUSDT,SELL,LIMIT,1701964874800,76,1.2770
SUSHIUSDT,BUY,LIMIT,1701966216714,7,1.3297
SUSHIUSDT,BUY,LIMIT,1701966240293,208,1.3320
SUSHIUSDT,BUY,LIMIT,1701967178394,820,1.3377
SUSHIUSDT,BUY,LIMIT,1701967215117,26,1.3386
SUSHIUSDT,BUY,LIMIT,1701967220429,268,1.3391
SUSHIUSDT,BUY,LIMIT,1701967677928,400,1.3413
SUSHIUSDT,BUY,LIMIT,1701967705529,1304,1.3433
SUSHIUSDT,BUY,LIMIT,1701967763919,592,1.3441
SUSHIUSDT,BUY,LIMIT,1701967788142,80,1.3445
SUSHIUSDT,BUY,LIMIT,1701968108188,4,1.3489
SUSHIUSDT,BUY,LIMIT,1701968111215,60,1.3490
SUSHIUSDT,BUY,LIMIT,1701968366535,60,1.3521
SUSHIUSDT,BUY,LIMIT,1701968413962,6,1.3528
SUSHIUSDT,BUY,LIMIT,1701968420268,7,1.3536
SUSHIUSDT,SELL,LIMIT,1701968709174,368,1.3038
SUSHIUSDT,SELL,LIMIT,1701968749559,376,1.3001
SUSHIUSDT,BUY,LIMIT,1701969231520,3071,1.3536
SUSHIUSDT,BUY,LIMIT,1701969613821,10,1.3568
SUSHIUSDT,BUY,LIMIT,1701969616233,45,1.3576
SUSHIUSDT,BUY,LIMIT,1701969618045,26,1.3581
SUSHIUSDT,SELL,LIMIT,1701969971641,1669,1.3110
SUSHIUSDT,BUY,LIMIT,1701970815096,410,1.3539
SUSHIUSDT,SELL,LIMIT,1701971384347,65,1.3106
SUSHIUSDT,SELL,LIMIT,1701974189188,149,1.3024
SUSHIUSDT,SELL,LIMIT,1701974244211,298,1.2985
SUSHIUSDT,SELL,LIMIT,1701974300986,2000,1.2973
SUSHIUSDT,SELL,LIMIT,1701975226189,1704,1.2943
SUSHIUSDT,SELL,LIMIT,1701975392278,2533,1.2927
SUSHIUSDT,SELL,LIMIT,1701976726959,1868,1.2847
SUSHIUSDT,SELL,LIMIT,1701976862975,250,1.2821
SUSHIUSDT,SELL,LIMIT,1701977104658,270,1.2811
SUSHIUSDT,SELL,LIMIT,1701977175906,3096,1.2795
SUSHIUSDT,SELL,LIMIT,1701977295496,53,1.2789
SUSHIUSDT,SELL,LIMIT,1701981294256,75,1.2880
SUSHIUSDT,SELL,LIMIT,1701981616731,3647,1.2823
SUSHIUSDT,SELL,LIMIT,1701985680096,33,1.3020
SUSHIUSDT,SELL,LIMIT,1701986173488,179,1.3197
SUSHIUSDT,SELL,LIMIT,1701986906137,414,1.3013
SUSHIUSDT,SELL,LIMIT,1701991191944,339,1.2877
SUSHIUSDT,BUY,LIMIT,1701993514621,34,1.3390
SUSHIUSDT,BUY,LIMIT,1701994389099,144,1.3425
SUSHIUSDT,BUY,LIMIT,1701995093077,116,1.3465
SUSHIUSDT,SELL,LIMIT,1701996365274,51,1.2966
SUSHIUSDT,SELL,LIMIT,1701997435097,2036,1.2932
SUSHIUSDT,SELL,LIMIT,1701997613108,13,1.2866
SUSHIUSDT,SELL,LIMIT,1702000590717,51,1.2877
SUSHIUSDT,SELL,LIMIT,1702003374086,10,1.2793
SUSHIUSDT,BUY,LIMIT,1702003970507,78,1.3247
SUSHIUSDT,SELL,LIMIT,1702004556339,45,1.3146
SUSHIUSDT,BUY,LIMIT,1702005578952,24,1.3561
SUSHIUSDT,SELL,LIMIT,1702005716656,35,1.3107
SUSHIUSDT,BUY,LIMIT,1702006478152,8,1.3508
SUSHIUSDT,BUY,LIMIT,1702006594909,102,1.3606
SUSHIUSDT,BUY,LIMIT,1702006669105,12,1.3613
SUSHIUSDT,BUY,LIMIT,1702007154541,22,1.3586
SUSHIUSDT,BUY,LIMIT,1702007256014,92,1.3643
SUSHIUSDT,BUY,LIMIT,1702007271596,90,1.3695
SUSHIUSDT,BUY,LIMIT,1702007319714,13,1.3720
SUSHIUSDT,BUY,LIMIT,1702007790902,4,1.3746
SUSHIUSDT,BUY,LIMIT,1702007843903,230,1.3767
SUSHIUSDT,SELL,LIMIT,1702009086918,29,1.3297
SUSHIUSDT,SELL,LIMIT,1702011902404,241,1.3250
SUSHIUSDT,BUY,LIMIT,1702016020222,2830,1.3691
SUSHIUSDT,SELL,LIMIT,1702020224344,348,1.3150
SUSHIUSDT,SELL,LIMIT,1702023059223,1125,1.3164
SUSHIUSDT,SELL,LIMIT,1702025777475,1618,1.3096
SUSHIUSDT,SELL,LIMIT,1702025936148,1626,1.3077
SUSHIUSDT,SELL,LIMIT,1702029286571,191,1.3109
SUSHIUSDT,BUY,LIMIT,1702031886357,29,1.3600
SUSHIUSDT,BUY,LIMIT,1702032219135,7,1.3693
SUSHIUSDT,BUY,LIMIT,1702036193639,9,1.3693
SUSHIUSDT,SELL,LIMIT,1702037114972,38,1.3200
SUSHIUSDT,SELL,LIMIT,1702040459322,931,1.3238
SUSHIUSDT,SELL,LIMIT,1702040578544,371,1.3193
SUSHIUSDT,SELL,LIMIT,1702042692496,39,1.3126
SUSHIUSDT,SELL,LIMIT,1702042721344,106,1.3106
SUSHIUSDT,SELL,LIMIT,1702042730703,3000,1.3091
SUSHIUSDT,SELL,LIMIT,1702043824327,344,1.3078
SUSHIUSDT,SELL,LIMIT,1702043835877,179,1.3066
SUSHIUSDT,SELL,LIMIT,1702043854715,136,1.3049
SUSHIUSDT,SELL,LIMIT,1702044403532,4,1.3067
SUSHIUSDT,SELL,LIMIT,1702044414408,314,1.3021
SUSHIUSDT,SELL,LIMIT,1702044510868,3716,1.2993
SUSHIUSDT,SELL,LIMIT,1702044528106,33,1.2962
SUSHIUSDT,SELL,LIMIT,1702044529715,74,1.2946
SUSHIUSDT,BUY,LIMIT,1702044637576,19,1.3413
SUSHIUSDT,SELL,LIMIT,1702044980103,734,1.2916
SUSHIUSDT,SELL,LIMIT,1702044981705,151,1.2898
SUSHIUSDT,SELL,LIMIT,1702044995430,1106,1.2879
SUSHIUSDT,SELL,LIMIT,1702045011717,295,1.2851
SUSHIUSDT,SELL,LIMIT,1702045016747,423,1.2835
SUSHIUSDT,SELL,LIMIT,1702045021039,271,1.2831
SUSHIUSDT,SELL,LIMIT,1702045035174,29,1.2831
SUSHIUSDT,SELL,LIMIT,1702045293199,714,1.2824
SUSHIUSDT,SELL,LIMIT,1702045302292,280,1.2810
SUSHIUSDT,SELL,LIMIT,1702045303343,118,1.2799
SUSHIUSDT,SELL,LIMIT,1702045304542,260,1.2779
SUSHIUSDT,SELL,LIMIT,1702045431416,10,1.2755
SUSHIUSDT,SELL,LIMIT,1702045555352,7,1.2749
SUSHIUSDT,SELL,LIMIT,1702045557583,296,1.2740
SUSHIUSDT,SELL,LIMIT,1702045561174,14,1.2715
SUSHIUSDT,SELL,LIMIT,1702045588194,354,1.2700
SUSHIUSDT,SELL,LIMIT,1702045609078,374,1.2664
SUSHIUSDT,SELL,LIMIT,1702045610202,760,1.2671
SUSHIUSDT,BUY,LIMIT,1702045638900,168,1.3139
SUSHIUSDT,SELL,LIMIT,1702047226312,3805,1.2796
SUSHIUSDT,SELL,LIMIT,1702047370061,307,1.2737
SUSHIUSDT,SELL,LIMIT,1702049357231,63,1.2823
SUSHIUSDT,SELL,LIMIT,1702049473043,1456,1.2804
SUSHIUSDT,SELL,LIMIT,1702049476284,103,1.2787
SUSHIUSDT,BUY,LIMIT,1702051933123,13,1.3284
SUSHIUSDT,BUY,LIMIT,1702052530227,48,1.3345
SUSHIUSDT,SELL,LIMIT,1702055702312,895,1.2741
SUSHIUSDT,SELL,LIMIT,1702056551853,3865,1.2697
SUSHIUSDT,SELL,LIMIT,1702056554260,1937,1.2646
SUSHIUSDT,SELL,LIMIT,1702056556753,6,1.2588
SUSHIUSDT,BUY,LIMIT,1702058021855,264,1.3158
SUSHIUSDT,BUY,LIMIT,1702064818787,279,1.3250
SUSHIUSDT,BUY,LIMIT,1702068630877,22,1.3175
SUSHIUSDT,SELL,LIMIT,1702078607702,2336,1.3006
SUSHIUSDT,SELL,LIMIT,1702078609448,129,1.2965
SUSHIUSDT,BUY,LIMIT,1702080641206,12686,1.3579
SUSHIUSDT,BUY,LIMIT,1702081211328,100,1.3500
SUSHIUSDT,SELL,LIMIT,1702081664225,8,1.3146
SUSHIUSDT,BUY,LIMIT,1702081761159,348,1.3552
SUSHIUSDT,BUY,LIMIT,1702082974938,15,1.3556
SUSHIUSDT,BUY,LIMIT,1702083126195,38,1.3538
SUSHIUSDT,BUY,LIMIT,1702083513441,7261,1.3603
SUSHIUSDT,SELL,LIMIT,1702083848665,3564,1.3107
SUSHIUSDT,BUY,LIMIT,1702085900320,17,1.3565
SUSHIUSDT,SELL,LIMIT,1702087330607,39,1.3084
SUSHIUSDT,BUY,LIMIT,1702091170097,38,1.3540
SUSHIUSDT,BUY,LIMIT,1702091723386,69,1.3558
SUSHIUSDT,BUY,LIMIT,1702091933373,59,1.3661
SUSHIUSDT,BUY,LIMIT,1702091965099,2944,1.3678
SUSHIUSDT,SELL,LIMIT,1702094640017,14,1.3795
SUSHIUSDT,BUY,LIMIT,1702097849637,46,1.3651
SUSHIUSDT,BUY,LIMIT,1702099075118,110,1.3633
SUSHIUSDT,BUY,LIMIT,1702101924131,44,1.3688
SUSHIUSDT,BUY,LIMIT,1702102029121,10,1.3638
SUSHIUSDT,BUY,LIMIT,1702103376622,38,1.3720
SUSHIUSDT,BUY,LIMIT,1702103600472,34,1.3721
SUSHIUSDT,BUY,LIMIT,1702103914413,38,1.3718
SUSHIUSDT,BUY,LIMIT,1702105849190,1628,1.3727
SUSHIUSDT,BUY,LIMIT,1702106099997,27,1.3746
SUSHIUSDT,BUY,LIMIT,1702106703170,76,1.3772
SUSHIUSDT,BUY,LIMIT,1702106715145,232,1.3777
SUSHIUSDT,BUY,LIMIT,1702106761785,89,1.3781
SUSHIUSDT,BUY,LIMIT,1702106829183,4,1.3791
SUSHIUSDT,BUY,LIMIT,1702106833359,11,1.3792
SUSHIUSDT,BUY,LIMIT,1702107154275,5,1.3826
SUSHIUSDT,BUY,LIMIT,1702107195170,485,1.3839
SUSHIUSDT,BUY,LIMIT,1702107294105,787,1.3854
SUSHIUSDT,BUY,LIMIT,1702107995452,6,1.3894
SUSHIUSDT,BUY,LIMIT,1702108018415,58,1.3899
SUSHIUSDT,BUY,LIMIT,1702108293834,86,1.3894
SUSHIUSDT,BUY,LIMIT,1702108364893,13,1.3907
SUSHIUSDT,BUY,LIMIT,1702108367282,906,1.3907
SUSHIUSDT,SELL,LIMIT,1702108664350,600,1.3422
SUSHIUSDT,BUY,LIMIT,1702108938427,18,1.2639
SUSHIUSDT,BUY,LIMIT,1702108978486,40,1.3920
SUSHIUSDT,SELL,LIMIT,1702109101219,55,1.3523
SUSHIUSDT,BUY,LIMIT,1702109113206,194,1.3930
SUSHIUSDT,BUY,LIMIT,1702109244834,29,1.3923
SUSHIUSDT,BUY,LIMIT,1702109476048,6,1.3906
SUSHIUSDT,SELL,LIMIT,1702109640781,200,1.3447
SUSHIUSDT,SELL,LIMIT,1702109818266,38,1.3436
SUSHIUSDT,BUY,LIMIT,1702110111204,3559,1.3915
SUSHIUSDT,BUY,LIMIT,1702110269147,4,1.3896
SUSHIUSDT,SELL,LIMIT,1702110966108,72,1.3362
SUSHIUSDT,SELL,LIMIT,1702110970344,35,1.3341
SUSHIUSDT,SELL,LIMIT,1702110972207,1231,1.3347
SUSHIUSDT,SELL,LIMIT,1702110982160,459,1.3293
SUSHIUSDT,SELL,LIMIT,1702111035735,9,1.3237
SUSHIUSDT,SELL,LIMIT,1702111043452,37,1.3215
SUSHIUSDT,SELL,LIMIT,1702111044609,3748,1.3178
SUSHIUSDT,SELL,LIMIT,1702111047372,181,1.3176
SUSHIUSDT,SELL,LIMIT,1702111368249,68,1.3150
SUSHIUSDT,SELL,LIMIT,1702111376100,44,1.3129
SUSHIUSDT,SELL,LIMIT,1702111382976,334,1.3088
SUSHIUSDT,SELL,LIMIT,1702112074224,3245,1.3241
SUSHIUSDT,SELL,LIMIT,1702112084563,264,1.3229
SUSHIUSDT,SELL,LIMIT,1702112818253,741,1.3216
SUSHIUSDT,BUY,LIMIT,1702113386570,3228,1.3692
SUSHIUSDT,SELL,LIMIT,1702114671670,603,1.3257
SUSHIUSDT,SELL,LIMIT,1702114761115,3698,1.3248
SUSHIUSDT,SELL,LIMIT,1702114822718,185,1.3226
SUSHIUSDT,SELL,LIMIT,1702117629305,31,1.3212
SUSHIUSDT,SELL,LIMIT,1702117644803,130,1.3205
SUSHIUSDT,BUY,LIMIT,1702123530476,37,1.3734
SUSHIUSDT,SELL,LIMIT,1702124762376,367,1.3269
SUSHIUSDT,SELL,LIMIT,1702125100207,197,1.3232
SUSHIUSDT,SELL,LIMIT,1702125116149,4,1.3216
SUSHIUSDT,SELL,LIMIT,1702125462156,31,1.3260
SUSHIUSDT,SELL,LIMIT,1702125900089,177,1.3203
SUSHIUSDT,SELL,LIMIT,1702127675617,46,1.3311
SUSHIUSDT,SELL,LIMIT,1702131758644,131,1.3265
SUSHIUSDT,SELL,LIMIT,1702132673286,10,1.3155
SUSHIUSDT,SELL,LIMIT,1702132819098,186,1.3125
SUSHIUSDT,SELL,LIMIT,1702133004711,377,1.3036
SUSHIUSDT,SELL,LIMIT,1702133008978,51,1.3016
