Symbol,Side,Order Type,Time,Quantity,Price
SXPUSDT,BUY,LIMIT,1701927431611,1016.0,0.3862
SXPUSDT,BUY,LIMIT,1701927495435,16.4,0.3863
SXPUSDT,BUY,LIMIT,1701929189210,41.9,0.3877
SXPUSDT,BUY,LIMIT,1701929549813,46.7,0.3892
SXPUSDT,BUY,LIMIT,1701929741732,42.7,0.3894
SXPUSDT,BUY,LIMIT,1701935916880,378.9,0.3959
SXPUSDT,BUY,LIMIT,1701935936248,8508.8,0.3963
SXPUSDT,BUY,LIMIT,1701936134322,3277.3,0.3966
SXPUSDT,BUY,LIMIT,1701936135727,1675.9,0.3967
SXPUSDT,BUY,LIMIT,1701936160159,1718.9,0.3970
SXPUSDT,SELL,LIMIT,1701940383340,20.3,0.3653
SXPUSDT,SELL,LIMIT,1701940410285,2549.9,0.3647
SXPUSDT,SELL,LIMIT,1701940451728,5221.9,0.3639
SXPUSDT,SELL,LIMIT,1701940470522,6488.1,0.3636
SXPUSDT,SELL,LIMIT,1701940554273,168.8,0.3636
SXPUSDT,SELL,LIMIT,1701940558048,37.3,0.3632
SXPUSDT,SELL,LIMIT,1701940559461,1044.7,0.3631
SXPUSDT,SELL,LIMIT,1701940562493,20.0,0.3707
SXPUSDT,SELL,LIMIT,1701940564092,857.0,0.3629
SXPUSDT,SELL,LIMIT,1701940672106,528.9,0.3620
SXPUSDT,SELL,LIMIT,1701940712048,8924.5,0.3618
SXPUSDT,SELL,LIMIT,1701941014405,32.2,0.3611
SXPUSDT,SELL,LIMIT,1701941015407,13231.7,0.3610
SXPUSDT,SELL,LIMIT,1701941026409,2100.0,0.3607
SXPUSDT,SELL,LIMIT,1701941153420,1323.4,0.3591
SXPUSDT,SELL,LIMIT,1701941167189,172.9,0.3583
SXPUSDT,SELL,LIMIT,1701941182006,7090.9,0.3576
SXPUSDT,SELL,LIMIT,1701941185071,517.4,0.3572
SXPUSDT,SELL,LIMIT,1701941189655,2456.1,0.3563
SXPUSDT,SELL,LIMIT,1701941192147,556.5,0.3557
SXPUSDT,SELL,LIMIT,1701941246349,2360.9,0.3555
SXPUSDT,SELL,LIMIT,1701941248165,337.7,0.3552
SXPUSDT,SELL,LIMIT,1701941257447,169.0,0.3551
SXPUSDT,SELL,LIMIT,1701941271612,959.5,0.3551
SXPUSDT,BUY,LIMIT,1701942549551,97.0,0.3795
SXPUSDT,BUY,LIMIT,1701945886467,1270.8,0.3841
SXPUSDT,SELL,LIMIT,1701947765310,45.6,0.3751
SXPUSDT,SELL,LIMIT,1701948210878,85.4,0.3736
SXPUSDT,SELL,LIMIT,1701948220698,864.5,0.3731
SXPUSDT,BUY,LIMIT,1701949363531,7861.6,0.3975
SXPUSDT,BUY,LIMIT,1701953976590,0.1,0.3943
SXPUSDT,BUY,LIMIT,1701957337204,53.9,0.4009
SXPUSDT,BUY,LIMIT,1701957341644,678.0,0.4011
SXPUSDT,BUY,LIMIT,1701958390882,83.5,0.4027
SXPUSDT,BUY,LIMIT,1701958396493,44.6,0.4036
SXPUSDT,BUY,LIMIT,1701958399581,304.1,0.4037
SXPUSDT,BUY,LIMIT,1701958411758,39.9,0.4044
SXPUSDT,BUY,LIMIT,1701958419498,241.4,0.4048
SXPUSDT,BUY,LIMIT,1701958688624,55.5,0.4059
SXPUSDT,BUY,LIMIT,1701959232513,116.0,0.4069
SXPUSDT,BUY,LIMIT,1701959244951,48.0,0.4069
SXPUSDT,BUY,LIMIT,1701959266765,802.0,0.4071
SXPUSDT,BUY,LIMIT,1701959335100,29.1,0.4076
SXPUSDT,BUY,LIMIT,1701959440811,1218.4,0.4085
SXPUSDT,BUY,LIMIT,1701959445788,64.1,0.4088
SXPUSDT,BUY,LIMIT,1701959464970,1307.9,0.4093
SXPUSDT,BUY,LIMIT,1701959472169,208.5,0.4100
SXPUSDT,SELL,LIMIT,1701960886336,8311.7,0.3853
SXPUSDT,SELL,LIMIT,1701961399524,52.1,0.3820
SXPUSDT,SELL,LIMIT,1701962154511,80.6,0.3802
SXPUSDT,BUY,LIMIT,1701965064204,50.5,0.3989
SXPUSDT,BUY,LIMIT,1701967170277,7762.8,0.4039
SXPUSDT,SELL,LIMIT,1701977040154,120.0,0.3805
SXPUSDT,SELL,LIMIT,1701980303287,5.7,0.3817
SXPUSDT,SELL,LIMIT,1701980570125,15.0,0.3809
SXPUSDT,SELL,LIMIT,1701981555218,5264.9,0.3793
SXPUSDT,BUY,LIMIT,1701984593186,456.4,0.3988
SXPUSDT,SELL,LIMIT,1701986952388,97.5,0.3822
SXPUSDT,BUY,LIMIT,1701994985270,58.6,0.4031
SXPUSDT,BUY,LIMIT,1701995324705,43.5,0.4058
SXPUSDT,BUY,LIMIT,1701995327889,315.8,0.4065
SXPUSDT,BUY,LIMIT,1701995393394,444.8,0.4083
SXPUSDT,BUY,LIMIT,1701995394441,226.4,0.4084
SXPUSDT,BUY,LIMIT,1701995400581,5130.8,0.4093
SXPUSDT,BUY,LIMIT,1701995975656,254.2,0.4095
SXPUSDT,BUY,LIMIT,1701995983326,763.6,0.4106
SXPUSDT,BUY,LIMIT,1701995985151,244.6,0.4110
SXPUSDT,BUY,LIMIT,1701995987389,13.3,0.4110
SXPUSDT,BUY,LIMIT,1701996072696,69.2,0.4118
SXPUSDT,BUY,LIMIT,1701996079710,1017.0,0.4128
SXPUSDT,BUY,LIMIT,1701996089045,207.1,0.4132
SXPUSDT,BUY,LIMIT,1702003952346,688.7,0.4114
SXPUSDT,BUY,LIMIT,1702007154540,73.2,0.4137
SXPUSDT,BUY,LIMIT,1702007767227,96.7,0.4160
SXPUSDT,BUY,LIMIT,1702007771070,124.2,0.4163
SXPUSDT,BUY,LIMIT,1702007776938,779.2,0.4166
SXPUSDT,BUY,LIMIT,1702010271339,391.6,0.4170
SXPUSDT,BUY,LIMIT,1702010392188,451.6,0.4177
SXPUSDT,BUY,LIMIT,1702014462425,42.7,0.4199
SXPUSDT,BUY,LIMIT,1702014513048,111.7,0.4200
SXPUSDT,BUY,LIMIT,1702015999094,7.5,0.4171
SXPUSDT,SELL,LIMIT,1702020368523,27.6,0.3945
SXPUSDT,SELL,LIMIT,1702020498150,94.8,0.3967
SXPUSDT,BUY,LIMIT,1702020502005,116.2,0.4092
SXPUSDT,BUY,LIMIT,1702030951237,5502.5,0.4108
SXPUSDT,BUY,LIMIT,1702032559580,2.0,0.4092
SXPUSDT,BUY,LIMIT,1702035242067,1296.0,0.4132
SXPUSDT,BUY,LIMIT,1702036627472,15.5,0.4166
SXPUSDT,BUY,LIMIT,1702036662079,77.9,0.4207
SXPUSDT,BUY,LIMIT,1702036674922,323.7,0.4208
SXPUSDT,BUY,LIMIT,1702036886629,12.6,0.4217
SXPUSDT,BUY,LIMIT,1702038269338,831.4,0.4231
SXPUSDT,BUY,LIMIT,1702038277480,15.7,0.4232
SXPUSDT,BUY,LIMIT,1702039038229,429.1,0.4240
SXPUSDT,BUY,LIMIT,1702039164399,172.9,0.4247
SXPUSDT,BUY,LIMIT,1702039168183,496.2,0.4247
SXPUSDT,BUY,LIMIT,1702039170865,1422.8,0.4252
SXPUSDT,BUY,LIMIT,1702039175732,369.9,0.4256
SXPUSDT,BUY,LIMIT,1702039179142,2581.3,0.4261
SXPUSDT,BUY,LIMIT,1702039180272,31.7,0.4264
SXPUSDT,BUY,LIMIT,1702039185206,368.5,0.4272
SXPUSDT,BUY,LIMIT,1702039226177,21.5,0.4289
SXPUSDT,BUY,LIMIT,1702039228111,378.2,0.4292
SXPUSDT,BUY,LIMIT,1702039230998,22879.8,0.4308
SXPUSDT,BUY,LIMIT,1702039260154,151.6,0.4300
SXPUSDT,BUY,LIMIT,1702039261311,1134.8,0.4299
SXPUSDT,BUY,LIMIT,1702039263257,487.8,0.4304
SXPUSDT,BUY,LIMIT,1702039265378,757.0,0.4309
SXPUSDT,BUY,LIMIT,1702039267991,36.9,0.4307
SXPUSDT,BUY,LIMIT,1702039964210,20.0,0.4316
SXPUSDT,BUY,LIMIT,1702039965639,37.0,0.4318
SXPUSDT,BUY,LIMIT,1702039967228,15.2,0.4323
SXPUSDT,BUY,LIMIT,1702039968744,1580.3,0.4324
SXPUSDT,SELL,LIMIT,1702043854992,3748.3,0.4010
SXPUSDT,BUY,LIMIT,1702048984720,1902.6,0.4174
SXPUSDT,SELL,LIMIT,1702050447034,140.4,0.4013
SXPUSDT,SELL,LIMIT,1702050544851,66.8,0.4012
SXPUSDT,SELL,LIMIT,1702050827857,20157.7,0.3979
SXPUSDT,BUY,LIMIT,1702051387001,14.4,0.4157
SXPUSDT,BUY,LIMIT,1702051501763,135.2,0.4157
SXPUSDT,BUY,LIMIT,1702067590378,5459.6,0.4193
SXPUSDT,BUY,LIMIT,1702069078918,194.4,0.4199
SXPUSDT,BUY,LIMIT,1702080976648,253.5,0.4223
SXPUSDT,BUY,LIMIT,1702081558377,269.8,0.4189
SXPUSDT,SELL,LIMIT,1702084027106,48.9,0.3993
SXPUSDT,BUY,LIMIT,1702096034203,1802.6,0.4188
SXPUSDT,BUY,LIMIT,1702099808855,28.2,0.4200
SXPUSDT,BUY,LIMIT,1702100145650,141.1,0.4203
SXPUSDT,SELL,LIMIT,1702108064081,206.5,0.4060
SXPUSDT,BUY,LIMIT,1702108115713,101.6,0.4226
SXPUSDT,BUY,LIMIT,1702109514107,1123.2,0.4247
SXPUSDT,BUY,LIMIT,1702110067380,60975.6,0.4266
SXPUSDT,SELL,LIMIT,1702110717455,26.2,0.4063
SXPUSDT,SELL,LIMIT,1702110974399,15.3,0.4029
SXPUSDT,BUY,LIMIT,1702110979319,778.2,0.4179
SXPUSDT,SELL,LIMIT,1702111041610,552.1,0.3990
SXPUSDT,SELL,LIMIT,1702111043616,15289.8,0.3979
SXPUSDT,SELL,LIMIT,1702111044817,193.0,0.3982
SXPUSDT,SELL,LIMIT,1702111373589,1255.2,0.3972
SXPUSDT,SELL,LIMIT,1702111377210,1497.0,0.3965
SXPUSDT,SELL,LIMIT,1702111381360,10702.3,0.3963
SXPUSDT,SELL,LIMIT,1702111386174,60.0,0.3959
SXPUSDT,SELL,LIMIT,1702111388473,3034.7,0.3955
SXPUSDT,BUY,LIMIT,1702131634118,226.0,0.4247
SXPUSDT,BUY,LIMIT,1702131635683,2085.8,0.4252
SXPUSDT,BUY,LIMIT,1702131637899,12.4,0.4265
SXPUSDT,BUY,LIMIT,1702131640376,346.6,0.4276
SXPUSDT,BUY,LIMIT,1702131643381,34.1,0.4279
SXPUSDT,BUY,LIMIT,1702131651200,138.5,0.4297
SXPUSDT,BUY,LIMIT,1702132528063,117.6,0.4266
SXPUSDT,SELL,LIMIT,1702132993716,385.2,0.4042
SXPUSDT,BUY,LIMIT,1702133006849,50.0,0.4133
SXPUSDT,SELL,LIMIT,1702133008794,450.8,0.4022
SXPUSDT,SELL,LIMIT,1702133375447,98.8,0.4016
SXPUSDT,SELL,LIMIT,1702139279386,16.8,0.4292
SXPUSDT,SELL,LIMIT,1702141652196,237.5,0.4000
SXPUSDT,SELL,LIMIT,1702141653522,23.7,0.3999
SXPUSDT,SELL,LIMIT,1702141845499,30992.5,0.3972
SXPUSDT,SELL,LIMIT,1702141848546,20.4,0.3982
SXPUSDT,SELL,LIMIT,1702144764082,3000.0,0.4015
SXPUSDT,SELL,LIMIT,1702162268415,15.2,0.4496
SXPUSDT,SELL,LIMIT,1702164115703,72.0,0.4003
SXPUSDT,SELL,LIMIT,1702164449901,60.0,0.3976
SXPUSDT,SELL,LIMIT,1702164539024,786.0,0.3972
SXPUSDT,SELL,LIMIT,1702164544197,2247.1,0.3967
SXPUSDT,SELL,LIMIT,1702164618067,1231.8,0.3962
SXPUSDT,SELL,LIMIT,1702164746318,186.6,0.3955
SXPUSDT,SELL,LIMIT,1702164747560,2424.5,0.3954
SXPUSDT,SELL,LIMIT,1702164751054,221.3,0.3957
SXPUSDT,SELL,LIMIT,1702164756365,9993.6,0.3945
SXPUSDT,SELL,LIMIT,1702164799221,1144.9,0.3943
SXPUSDT,SELL,LIMIT,1702164800922,7.4,0.3940
SXPUSDT,SELL,LIMIT,1702164802134,1317.6,0.3939
SXPUSDT,SELL,LIMIT,1702164804146,330.5,0.3934
SXPUSDT,SELL,LIMIT,1702164808879,2378.4,0.3930
SXPUSDT,SELL,LIMIT,1702164811563,20000.0,0.3965
SXPUSDT,SELL,LIMIT,1702164815292,302.9,0.3927
SXPUSDT,SELL,LIMIT,1702164816391,190.4,0.3925
SXPUSDT,SELL,LIMIT,1702164871710,36.3,0.3925
SXPUSDT,SELL,LIMIT,1702192871486,5206.0,0.3938
SXPUSDT,SELL,LIMIT,1702193698385,152.5,0.3931
SXPUSDT,SELL,LIMIT,1702193831796,294.2,0.3925
SXPUSDT,SELL,LIMIT,1702193834305,444.7,0.3922
SXPUSDT,SELL,LIMIT,1702193857814,231.4,0.3911
SXPUSDT,SELL,LIMIT,1702193860195,12.1,0.3911
SXPUSDT,SELL,LIMIT,1702194010393,21.7,0.3908
SXPUSDT,SELL,LIMIT,1702197054137,107.6,0.3902
SXPUSDT,SELL,LIMIT,1702197086023,242.6,0.3900
SXPUSDT,SELL,LIMIT,1702197093263,49.5,0.3898
SXPUSDT,SELL,LIMIT,1702198153612,150.7,0.3895
SXPUSDT,SELL,LIMIT,1702198165119,275.2,0.3892
SXPUSDT,SELL,LIMIT,1702198166183,195.4,0.3892
SXPUSDT,SELL,LIMIT,1702198901178,3090.2,0.3887
SXPUSDT,SELL,LIMIT,1702200215293,1694.6,0.3884
SXPUSDT,SELL,LIMIT,1702200224998,178.7,0.3883
SXPUSDT,SELL,LIMIT,1702200277594,39.3,0.3880
SXPUSDT,SELL,LIMIT,1702200293654,271.2,0.3879
SXPUSDT,SELL,LIMIT,1702200327110,24.5,0.3877
SXPUSDT,SELL,LIMIT,1702200519677,181.0,0.3874
SXPUSDT,SELL,LIMIT,1702200700285,193.1,0.3871
SXPUSDT,SELL,LIMIT,1702200703126,165.9,0.3868
SXPUSDT,SELL,LIMIT,1702200731659,280.0,0.3865
SXPUSDT,SELL,LIMIT,1702200733273,42.0,0.3861
SXPUSDT,SELL,LIMIT,1702200764132,5180.4,0.3855
SXPUSDT,SELL,LIMIT,1702200775528,59.9,0.3854
SXPUSDT,SELL,LIMIT,1702200795426,15577.1,0.3849
SXPUSDT,SELL,LIMIT,1702200871144,126.9,0.3851
SXPUSDT,SELL,LIMIT,1702200880099,41.8,0.3847
SXPUSDT,SELL,LIMIT,1702200936681,2950.1,0.3843
SXPUSDT,SELL,LIMIT,1702200938376,302.9,0.3841
SXPUSDT,SELL,LIMIT,1702201408793,4144.5,0.3838
SXPUSDT,SELL,LIMIT,1702201410189,510.8,0.3834
SXPUSDT,SELL,LIMIT,1702202076782,4374.9,0.3827
SXPUSDT,SELL,LIMIT,1702202080403,109.9,0.3826
SXPUSDT,SELL,LIMIT,1702202086458,3416.2,0.3825
SXPUSDT,SELL,LIMIT,1702202157134,122.2,0.3824
SXPUSDT,SELL,LIMIT,1702202168283,32196.3,0.3814
SXPUSDT,SELL,LIMIT,1702202203042,229.8,0.3820
SXPUSDT,SELL,LIMIT,1702202258677,1143.9,0.3818
SXPUSDT,SELL,LIMIT,1702202262104,616.5,0.3814
SXPUSDT,SELL,LIMIT,1702202263450,7628.6,0.3813
SXPUSDT,SELL,LIMIT,1702202273106,179.1,0.3814
SXPUSDT,SELL,LIMIT,1702202275571,122.4,0.3814
SXPUSDT,SELL,LIMIT,1702202315709,333.0,0.3810
SXPUSDT,SELL,LIMIT,1702202318310,437.4,0.3809
SXPUSDT,SELL,LIMIT,1702202320091,525.5,0.3808
SXPUSDT,SELL,LIMIT,1702202322081,838.0,0.3807
SXPUSDT,SELL,LIMIT,1702202323300,23.2,0.4447
SXPUSDT,SELL,LIMIT,1702202324363,2187.4,0.3806
SXPUSDT,SELL,LIMIT,1702202336394,2493.7,0.3805
SXPUSDT,SELL,LIMIT,1702202367563,14.9,0.3802
SXPUSDT,SELL,LIMIT,1702202374198,3943.6,0.3800
SXPUSDT,SELL,LIMIT,1702202380131,437.4,0.3796
SXPUSDT,SELL,LIMIT,1702202384406,328.2,0.3795
SXPUSDT,SELL,LIMIT,1702202391223,261.8,0.3794
SXPUSDT,SELL,LIMIT,1702229074393,614.7,0.3875
SXPUSDT,SELL,LIMIT,1702229620469,136.1,0.3874
SXPUSDT,BUY,LIMIT,1702238321492,185.5,0.4075
SXPUSDT,SELL,LIMIT,1702250278785,105.0,0.3897
SXPUSDT,SELL,LIMIT,1702250344461,1041.4,0.3888
SXPUSDT,SELL,LIMIT,1702256714871,2040.8,0.3859
SXPUSDT,SELL,LIMIT,1702256899078,2932.3,0.3849
SXPUSDT,SELL,LIMIT,1702256911129,247.1,0.3839
SXPUSDT,SELL,LIMIT,1702256915305,49.4,0.3838
SXPUSDT,SELL,LIMIT,1702257006861,375.0,0.3826
SXPUSDT,SELL,LIMIT,1702257008279,5195.8,0.3824
SXPUSDT,SELL,LIMIT,1702257010118,201.0,0.3822
SXPUSDT,BUY,LIMIT,1702260330777,10075.5,0.3985
SXPUSDT,SELL,LIMIT,1702260427303,15871.7,0.3821
SXPUSDT,SELL,LIMIT,1702260429772,25.0,0.3819
SXPUSDT,SELL,LIMIT,1702260433228,99.5,0.3818
SXPUSDT,SELL,LIMIT,1702260437054,1446.3,0.3814
SXPUSDT,SELL,LIMIT,1702260439238,9562.1,0.3810
SXPUSDT,SELL,LIMIT,1702260440957,126.6,0.3815
SXPUSDT,SELL,LIMIT,1702260482709,2417.3,0.3808
SXPUSDT,SELL,LIMIT,1702260626472,1037.9,0.3804
SXPUSDT,SELL,LIMIT,1702260632176,1522.0,0.3795
SXPUSDT,SELL,LIMIT,1702260633356,501.3,0.3794
SXPUSDT,SELL,LIMIT,1702260634870,2508.1,0.3792
SXPUSDT,SELL,LIMIT,1702260636374,10193.8,0.3792
SXPUSDT,SELL,LIMIT,1702260637886,685.3,0.3788
SXPUSDT,SELL,LIMIT,1702260668611,238.6,0.3782
SXPUSDT,SELL,LIMIT,1702260689197,895.6,0.3777
SXPUSDT,SELL,LIMIT,1702260695737,511.6,0.3773
SXPUSDT,SELL,LIMIT,1702260697245,118.8,0.3771
SXPUSDT,SELL,LIMIT,1702260698648,134.2,0.3768
SXPUSDT,SELL,LIMIT,1702260701316,125.6,0.3763
SXPUSDT,SELL,LIMIT,1702260707309,391.9,0.3762
SXPUSDT,SELL,LIMIT,1702260709016,741.6,0.4056
SXPUSDT,SELL,LIMIT,1702260710029,1351.1,0.3756
SXPUSDT,SELL,LIMIT,1702260712213,8427.5,0.3754
SXPUSDT,SELL,LIMIT,1702260714230,1820.8,0.3742
SXPUSDT,SELL,LIMIT,1702260715448,2275.0,0.3736
SXPUSDT,SELL,LIMIT,1702260716508,7727.5,0.3736
SXPUSDT,SELL,LIMIT,1702260717514,25.4,0.3732
SXPUSDT,SELL,LIMIT,1702260718599,243.4,0.3902
SXPUSDT,SELL,LIMIT,1702260719881,481.9,0.3732
SXPUSDT,SELL,LIMIT,1702260721450,12.3,0.3733
SXPUSDT,SELL,LIMIT,1702260723204,285.0,0.3733
SXPUSDT,SELL,LIMIT,1702260724443,2708.5,0.3721
SXPUSDT,SELL,LIMIT,1702260725590,73.3,0.3721
SXPUSDT,SELL,LIMIT,1702260727514,603.2,0.3709
SXPUSDT,SELL,LIMIT,1702260728584,39.5,0.3709
SXPUSDT,SELL,LIMIT,1702260729923,16407.5,0.3705
SXPUSDT,SELL,LIMIT,1702260731336,150.0,0.3710
SXPUSDT,SELL,LIMIT,1702260733381,2562.1,0.3708
SXPUSDT,SELL,LIMIT,1702260735777,86.9,0.3705
SXPUSDT,SELL,LIMIT,1702260737639,2529.0,0.3703
SXPUSDT,SELL,LIMIT,1702260738683,1877.7,0.3702
SXPUSDT,SELL,LIMIT,1702260739724,643.8,0.3690
SXPUSDT,SELL,LIMIT,1702260741064,4193.5,0.3695
SXPUSDT,SELL,LIMIT,1702260742106,1898.7,0.3688
SXPUSDT,SELL,LIMIT,1702260743656,1000.0,0.3684
SXPUSDT,SELL,LIMIT,1702260744669,65.3,0.3677
SXPUSDT,SELL,LIMIT,1702260745687,4829.7,0.3664
SXPUSDT,SELL,LIMIT,1702260746834,10253.3,0.3674
SXPUSDT,SELL,LIMIT,1702260747942,1273.7,0.3669
SXPUSDT,SELL,LIMIT,1702260749163,299.0,0.3664
SXPUSDT,SELL,LIMIT,1702260750283,1547.3,0.3655
SXPUSDT,SELL,LIMIT,1702260751582,20.2,0.3657
SXPUSDT,SELL,LIMIT,1702260752824,48.8,0.3652
SXPUSDT,SELL,LIMIT,1702260753984,3227.9,0.3652
SXPUSDT,SELL,LIMIT,1702260754996,203.4,0.3641
SXPUSDT,SELL,LIMIT,1702260756466,5131.3,0.3624
SXPUSDT,SELL,LIMIT,1702260757603,1216.3,0.3622
SXPUSDT,SELL,LIMIT,1702260759054,801.7,0.3681
SXPUSDT,SELL,LIMIT,1702260760056,500.0,0.3616
SXPUSDT,SELL,LIMIT,1702260761079,27.4,0.3618
SXPUSDT,SELL,LIMIT,1702260762145,268.5,0.3618
SXPUSDT,SELL,LIMIT,1702260763171,505.4,0.3603
SXPUSDT,SELL,LIMIT,1702260764185,852.7,0.3604
SXPUSDT,SELL,LIMIT,1702260765537,2515.0,0.3612
SXPUSDT,SELL,LIMIT,1702260766502,502.9,0.3605
SXPUSDT,SELL,LIMIT,1702260767839,1948.0,0.3593
SXPUSDT,SELL,LIMIT,1702260768848,282.6,0.3594
SXPUSDT,SELL,LIMIT,1702260769800,251.4,0.3716
SXPUSDT,SELL,LIMIT,1702260770913,38469.8,0.3577
SXPUSDT,SELL,LIMIT,1702260771938,200.0,0.3567
SXPUSDT,SELL,LIMIT,1702260773067,25.0,0.3559
SXPUSDT,SELL,LIMIT,1702260774415,564.1,0.3557
SXPUSDT,SELL,LIMIT,1702260775480,24.8,0.3548
SXPUSDT,SELL,LIMIT,1702260776894,1050.7,0.3548
SXPUSDT,SELL,LIMIT,1702260778136,64505.8,0.3534
SXPUSDT,SELL,LIMIT,1702260779211,24.9,0.3528
SXPUSDT,SELL,LIMIT,1702260780462,436.8,0.3522
SXPUSDT,SELL,LIMIT,1702260781518,2983.8,0.3527
SXPUSDT,SELL,LIMIT,1702260782682,625.0,0.3519
SXPUSDT,SELL,LIMIT,1702260783763,8989.2,0.3521
SXPUSDT,SELL,LIMIT,1702260784810,5611.6,0.3508
SXPUSDT,SELL,LIMIT,1702260786152,3651.7,0.3501
SXPUSDT,SELL,LIMIT,1702260787526,51.2,0.3497
SXPUSDT,SELL,LIMIT,1702260788728,6170.2,0.3497
SXPUSDT,SELL,LIMIT,1702260789769,568.8,0.3480
SXPUSDT,SELL,LIMIT,1702260791535,621.2,0.3476
SXPUSDT,SELL,LIMIT,1702260792795,960.0,0.3471
SXPUSDT,SELL,LIMIT,1702260793844,182.9,0.3465
SXPUSDT,SELL,LIMIT,1702260795350,74.2,0.3465
SXPUSDT,SELL,LIMIT,1702260796466,8460.0,0.3465
SXPUSDT,SELL,LIMIT,1702260797534,12371.0,0.3457
SXPUSDT,SELL,LIMIT,1702260798680,1132.2,0.3462
SXPUSDT,SELL,LIMIT,1702260799827,506.6,0.3439
SXPUSDT,SELL,LIMIT,1702260800874,917.7,0.3431
SXPUSDT,SELL,LIMIT,1702260801893,529.2,0.3414
SXPUSDT,SELL,LIMIT,1702260803537,52982.4,0.3400
SXPUSDT,SELL,LIMIT,1702260805321,319.7,0.3383
SXPUSDT,SELL,LIMIT,1702260806472,1000.0,0.3376
SXPUSDT,SELL,LIMIT,1702260807739,2199.8,0.3379
SXPUSDT,SELL,LIMIT,1702260808934,827.2,0.3373
SXPUSDT,SELL,LIMIT,1702260810220,1359.1,0.3366
SXPUSDT,SELL,LIMIT,1702260811356,5500.0,0.3368
SXPUSDT,SELL,LIMIT,1702260813220,17303.2,0.3393
SXPUSDT,SELL,LIMIT,1702260815511,3132.4,0.3394
SXPUSDT,SELL,LIMIT,1702260816656,509.0,0.3431
SXPUSDT,SELL,LIMIT,1702260818085,2510.0,0.3362
SXPUSDT,SELL,LIMIT,1702260819376,333.0,0.3382
SXPUSDT,SELL,LIMIT,1702260820575,2880.3,0.3370
SXPUSDT,SELL,LIMIT,1702260823382,167.5,0.3364
SXPUSDT,SELL,LIMIT,1702260828746,1569.7,0.3364
SXPUSDT,SELL,LIMIT,1702260858423,50.0,0.3487
SXPUSDT,BUY,LIMIT,1702260861356,38.6,0.3628
SXPUSDT,BUY,LIMIT,1702260864782,1213.8,0.3648
SXPUSDT,SELL,LIMIT,1702260876726,15.0,0.3520
SXPUSDT,BUY,LIMIT,1702260902736,706.7,0.3690
SXPUSDT,SELL,LIMIT,1702265724234,36.7,0.3647
SXPUSDT,SELL,LIMIT,1702266101500,12.7,0.3667
