Symbol,Side,Order Type,Time,Quantity,Price
THETAUSDT,SELL,LIMIT,1700989554234,16.2,0.9812
THETAUSDT,SELL,LIMIT,1700991300484,1221.4,0.9798
THETAUSDT,SELL,LIMIT,1701000419466,300.5,0.9784
THETAUSDT,SELL,LIMIT,1701000665567,22958.0,0.9773
THETAUSDT,SELL,LIMIT,1701001276917,8091.0,0.9754
THETAUSDT,SELL,LIMIT,1701001357362,114.2,0.9760
THETAUSDT,SELL,LIMIT,1701001380047,533.3,0.9733
THETAUSDT,SELL,LIMIT,1701001504872,51.2,0.9721
THETAUSDT,SELL,LIMIT,1701001514176,59.8,0.9700
THETAUSDT,BUY,LIMIT,1701003192365,95.8,1.0104
THETAUSDT,SELL,LIMIT,1701005042204,217.9,0.9772
THETAUSDT,SELL,LIMIT,1701008449333,947.2,0.9713
THETAUSDT,SELL,LIMIT,1701008720155,97.2,0.9844
THETAUSDT,SELL,LIMIT,1701009257442,287.9,0.9693
THETAUSDT,SELL,LIMIT,1701009261097,2672.3,0.9686
THETAUSDT,SELL,LIMIT,1701009262249,1595.8,0.9662
THETAUSDT,SELL,LIMIT,1701009263280,16.7,0.9669
THETAUSDT,SELL,LIMIT,1701009264978,1799.4,0.9667
THETAUSDT,SELL,LIMIT,1701009270479,26.3,0.9661
THETAUSDT,SELL,LIMIT,1701009276883,390.5,0.9662
THETAUSDT,SELL,LIMIT,1701009280051,126.5,0.9654
THETAUSDT,SELL,LIMIT,1701009287678,33.6,0.9651
THETAUSDT,SELL,LIMIT,1701013529547,1212.2,0.9706
THETAUSDT,SELL,LIMIT,1701013690674,503.7,0.9698
THETAUSDT,SELL,LIMIT,1701014037952,1673.0,0.9648
THETAUSDT,SELL,LIMIT,1701014041523,127.2,0.9643
THETAUSDT,SELL,LIMIT,1701015644388,100.1,0.9655
THETAUSDT,SELL,LIMIT,1701015684297,247.3,0.9620
THETAUSDT,SELL,LIMIT,1701015685593,26.4,0.9625
THETAUSDT,SELL,LIMIT,1701015733054,88.2,0.9616
THETAUSDT,SELL,LIMIT,1701015740855,22.0,0.9614
THETAUSDT,SELL,LIMIT,1701015742096,392.6,0.9611
THETAUSDT,SELL,LIMIT,1701015752291,3057.2,0.9604
THETAUSDT,SELL,LIMIT,1701015753754,3000.0,0.9587
THETAUSDT,SELL,LIMIT,1701015758959,57.7,0.9587
THETAUSDT,SELL,LIMIT,1701015761160,400.0,0.9576
THETAUSDT,SELL,LIMIT,1701015764258,1006.0,0.9582
THETAUSDT,SELL,LIMIT,1701015839146,4741.1,0.9580
THETAUSDT,SELL,LIMIT,1701015843566,206.2,0.9567
THETAUSDT,SELL,LIMIT,1701016020191,1274.7,0.9561
THETAUSDT,SELL,LIMIT,1701016021344,278.4,0.9565
THETAUSDT,SELL,LIMIT,1701016031065,943.0,0.9558
THETAUSDT,SELL,LIMIT,1701016032587,1764.9,0.9553
THETAUSDT,SELL,LIMIT,1701016033592,37.0,0.9544
THETAUSDT,SELL,LIMIT,1701016034602,24.0,0.9537
THETAUSDT,SELL,LIMIT,1701016043256,5.9,0.9510
THETAUSDT,SELL,LIMIT,1701016047110,15244.3,0.9496
THETAUSDT,SELL,LIMIT,1701016050686,108.4,0.9488
THETAUSDT,SELL,LIMIT,1701016088952,1014.7,0.9475
THETAUSDT,SELL,LIMIT,1701016092023,2895.0,0.9477
THETAUSDT,SELL,LIMIT,1701016099514,5233.0,0.9463
THETAUSDT,SELL,LIMIT,1701016100557,100.4,0.9463
THETAUSDT,SELL,LIMIT,1701016101569,67.7,0.9461
THETAUSDT,SELL,LIMIT,1701016102324,23.6,0.9456
THETAUSDT,SELL,LIMIT,1701016103088,115.6,0.9450
THETAUSDT,SELL,LIMIT,1701016104092,1111.3,0.9445
THETAUSDT,SELL,LIMIT,1701016838422,28.3,0.9570
THETAUSDT,SELL,LIMIT,1701039952973,1201.0,0.9685
THETAUSDT,SELL,LIMIT,1701043549149,275.4,0.9634
THETAUSDT,BUY,LIMIT,1701044894268,102.2,0.9982
THETAUSDT,SELL,LIMIT,1701050765188,179.8,0.9586
THETAUSDT,SELL,LIMIT,1701051915028,12917.4,0.9561
THETAUSDT,SELL,LIMIT,1701054469988,111.2,0.9496
THETAUSDT,BUY,LIMIT,1701055038746,101.8,0.9787
THETAUSDT,SELL,LIMIT,1701055062793,20.2,0.9489
THETAUSDT,SELL,LIMIT,1701056043348,54.4,0.9454
THETAUSDT,SELL,LIMIT,1701056154605,6.8,0.9430
THETAUSDT,BUY,LIMIT,1701056837521,1032.5,0.9791
