Symbol,Side,Order Type,Time,Quantity,Price
THETAUSDT,SELL,LIMIT,1700850103241,6.3,0.9725
THETAUSDT,SELL,LIMIT,1700856152266,75.5,0.9630
THETAUSDT,SELL,LIMIT,1700856259990,165.0,0.9617
THETAUSDT,BUY,LIMIT,1700860334929,515.6,0.9987
THETAUSDT,SELL,LIMIT,1700863767649,36.5,0.9720
THETAUSDT,SELL,LIMIT,1700863961058,95.9,0.9608
THETAUSDT,SELL,LIMIT,1700866979469,98.2,0.9640
THETAUSDT,BUY,LIMIT,1700869234124,60.4,1.0057
THETAUSDT,SELL,LIMIT,1700872320055,1580.0,0.9638
THETAUSDT,SELL,LIMIT,1700873640243,37.2,0.9604
THETAUSDT,BUY,LIMIT,1700876353592,1554.0,0.9969
THETAUSDT,BUY,LIMIT,1700876369284,223.6,0.9975
THETAUSDT,SELL,LIMIT,1700877272223,6.0,0.9734
THETAUSDT,BUY,LIMIT,1700880248100,219.7,1.0166
THETAUSDT,SELL,LIMIT,1700886594147,970.0,0.9825
THETAUSDT,SELL,LIMIT,1700887753433,84.5,0.9767
THETAUSDT,SELL,LIMIT,1700889546749,61.5,0.9741
THETAUSDT,BUY,LIMIT,1700895479534,109.3,1.0233
THETAUSDT,BUY,LIMIT,1700896873066,2054.2,1.0308
THETAUSDT,BUY,LIMIT,1700896875365,323.5,1.0309
THETAUSDT,BUY,LIMIT,1700896881133,43.7,1.0316
THETAUSDT,BUY,LIMIT,1700896885351,61.0,1.0321
THETAUSDT,BUY,LIMIT,1700897226714,307.5,1.0325
THETAUSDT,BUY,LIMIT,1700897227842,609.5,1.0327
THETAUSDT,BUY,LIMIT,1700899261519,1840.3,1.0362
THETAUSDT,BUY,LIMIT,1700899270125,13.2,1.0363
THETAUSDT,BUY,LIMIT,1700903967129,32.1,1.0420
THETAUSDT,BUY,LIMIT,1700904019686,52.2,1.0432
THETAUSDT,BUY,LIMIT,1700905666313,769.2,1.0454
THETAUSDT,SELL,LIMIT,1700905976070,152.8,1.0070
THETAUSDT,SELL,LIMIT,1700906020211,71.3,1.0055
THETAUSDT,SELL,LIMIT,1700906143721,3608.1,1.0026
THETAUSDT,SELL,LIMIT,1700912647155,5921.0,0.9969
THETAUSDT,BUY,LIMIT,1700913990260,53.5,1.0476
THETAUSDT,BUY,LIMIT,1700915189258,28.5,1.0522
THETAUSDT,BUY,LIMIT,1700915453779,2280.5,1.0529
THETAUSDT,BUY,LIMIT,1700915472938,424.6,1.0539
THETAUSDT,BUY,LIMIT,1700915489198,5303.4,1.0542
THETAUSDT,BUY,LIMIT,1700915513001,6.2,1.0557
THETAUSDT,SELL,LIMIT,1700917294086,182.0,1.0228
THETAUSDT,SELL,LIMIT,1700917359437,32.5,1.0194
THETAUSDT,SELL,LIMIT,1700917382490,1232.9,1.0176
THETAUSDT,SELL,LIMIT,1700918758336,1161.2,1.0136
THETAUSDT,SELL,LIMIT,1700920543991,265.4,1.0081
THETAUSDT,BUY,LIMIT,1700931711196,382.6,1.0440
THETAUSDT,BUY,LIMIT,1700931753210,308.3,1.0474
THETAUSDT,SELL,LIMIT,1700933213523,134.4,1.0097
THETAUSDT,SELL,LIMIT,1700935791598,1360.5,1.0035
