Symbol,Side,Order Type,Time,Quantity,Price
THETAUSDT,BUY,LIMIT,1701066215759,61.9,1.0021
THETAUSDT,BUY,LIMIT,1701067089562,39.3,1.0069
THETAUSDT,SELL,LIMIT,1701069808997,320.4,0.9544
THETAUSDT,SELL,LIMIT,1701069850850,140.3,0.9534
THETAUSDT,SELL,LIMIT,1701069857189,232.8,0.9525
THETAUSDT,BUY,LIMIT,1701069888221,13.1,0.9807
THETAUSDT,SELL,LIMIT,1701069898988,5110.0,0.9517
THETAUSDT,BUY,LIMIT,1701071209075,341.2,0.9943
THETAUSDT,BUY,LIMIT,1701071514267,222.2,0.9994
THETAUSDT,BUY,LIMIT,1701073513188,23.4,1.0093
THETAUSDT,BUY,LIMIT,1701073689157,13.2,1.0157
THETAUSDT,SELL,LIMIT,1701074681712,434.4,0.9719
THETAUSDT,SELL,LIMIT,1701076782342,635.4,0.9680
THETAUSDT,BUY,LIMIT,1701077399082,1.3,1.0059
THETAUSDT,SELL,LIMIT,1701078715752,46.3,0.9691
THETAUSDT,SELL,LIMIT,1701078851077,507.3,0.9660
THETAUSDT,SELL,LIMIT,1701078951468,1686.8,0.9634
THETAUSDT,SELL,LIMIT,1701080513301,40.6,0.9583
THETAUSDT,SELL,LIMIT,1701080738903,161.8,0.9553
THETAUSDT,SELL,LIMIT,1701080763386,10.7,0.9525
THETAUSDT,SELL,LIMIT,1701081164143,4400.0,0.9499
THETAUSDT,SELL,LIMIT,1701081205204,1930.6,0.9491
THETAUSDT,SELL,LIMIT,1701081488037,958.8,0.9459
THETAUSDT,SELL,LIMIT,1701082673372,437.9,0.9445
THETAUSDT,SELL,LIMIT,1701082695317,2599.2,0.9429
THETAUSDT,SELL,LIMIT,1701082696778,156.0,0.9426
THETAUSDT,BUY,LIMIT,1701086043174,104.9,0.9840
THETAUSDT,BUY,LIMIT,1701089163197,516.7,0.9863
THETAUSDT,SELL,LIMIT,1701089886260,43.9,0.9547
THETAUSDT,SELL,LIMIT,1701089960386,22.4,0.9525
THETAUSDT,SELL,LIMIT,1701095547042,268.6,0.9416
THETAUSDT,SELL,LIMIT,1701095549645,913.4,0.9412
THETAUSDT,SELL,LIMIT,1701095553082,20.2,0.9407
THETAUSDT,SELL,LIMIT,1701095594811,5.0,0.9392
THETAUSDT,SELL,LIMIT,1701096211644,547.8,0.9392
THETAUSDT,SELL,LIMIT,1701096663929,35.5,0.9380
THETAUSDT,SELL,LIMIT,1701096684815,412.7,0.9373
THETAUSDT,SELL,LIMIT,1701096722653,8064.5,0.9367
THETAUSDT,SELL,LIMIT,1701096724117,505.4,0.9363
THETAUSDT,SELL,LIMIT,1701096781299,1258.6,0.9352
THETAUSDT,SELL,LIMIT,1701096801674,43.3,0.9346
THETAUSDT,SELL,LIMIT,1701096965210,29.9,0.9334
THETAUSDT,SELL,LIMIT,1701097042954,3768.6,0.9325
THETAUSDT,SELL,LIMIT,1701097045138,544.7,0.9323
THETAUSDT,SELL,LIMIT,1701097052311,468.8,0.9322
THETAUSDT,SELL,LIMIT,1701097099680,1598.5,0.9312
THETAUSDT,BUY,LIMIT,1701098331780,12.4,0.9768
THETAUSDT,SELL,LIMIT,1701107200044,1365.9,0.9467
THETAUSDT,SELL,LIMIT,1701107455097,9731.2,0.9441
THETAUSDT,SELL,LIMIT,1701111148863,1134.4,0.9401
THETAUSDT,SELL,LIMIT,1701112058255,69.3,0.9341
THETAUSDT,SELL,LIMIT,1701112082207,2009.6,0.9334
THETAUSDT,SELL,LIMIT,1701112776288,30.0,0.9356
THETAUSDT,SELL,LIMIT,1701114149408,605.9,0.9333
THETAUSDT,SELL,LIMIT,1701114163335,37997.8,0.9370
THETAUSDT,SELL,LIMIT,1701114166383,1365.5,0.9300
THETAUSDT,SELL,LIMIT,1701114228447,1542.9,0.9302
THETAUSDT,SELL,LIMIT,1701114238561,207.7,0.9293
THETAUSDT,SELL,LIMIT,1701114343901,1735.3,0.9274
THETAUSDT,SELL,LIMIT,1701114350030,168.0,0.9277
THETAUSDT,SELL,LIMIT,1701114352850,8.2,0.9277
THETAUSDT,SELL,LIMIT,1701114355821,2007.2,0.9273
THETAUSDT,SELL,LIMIT,1701114471427,543.7,0.9264
THETAUSDT,SELL,LIMIT,1701114476356,52.0,0.9264
THETAUSDT,SELL,LIMIT,1701114493400,5.3,0.9246
THETAUSDT,SELL,LIMIT,1701114494488,22.6,0.9245
THETAUSDT,SELL,LIMIT,1701114496151,13801.2,0.9232
THETAUSDT,SELL,LIMIT,1701114498798,217.0,0.9227
THETAUSDT,SELL,LIMIT,1701114500040,688.5,0.9214
THETAUSDT,SELL,LIMIT,1701114527047,428.3,0.9199
THETAUSDT,SELL,LIMIT,1701114528249,28.4,0.9204
THETAUSDT,BUY,LIMIT,1701126949787,245.0,0.9685
THETAUSDT,SELL,LIMIT,1701134270157,1746.6,0.9358
THETAUSDT,SELL,LIMIT,1701144174288,22.4,0.9259
THETAUSDT,SELL,LIMIT,1701145754894,111.1,0.9237
THETAUSDT,SELL,LIMIT,1701146967360,52.3,0.9164
THETAUSDT,SELL,LIMIT,1701147055407,24.1,0.9157
THETAUSDT,SELL,LIMIT,1701147879698,10.4,0.9128
THETAUSDT,SELL,LIMIT,1701147883513,96.8,0.9122
THETAUSDT,SELL,LIMIT,1701148135760,118.9,0.9110
THETAUSDT,SELL,LIMIT,1701148137353,8.7,0.9107
THETAUSDT,SELL,LIMIT,1701148173379,2316.2,0.9096
THETAUSDT,SELL,LIMIT,1701148846303,100.0,0.9095
THETAUSDT,SELL,LIMIT,1701148936312,2.8,0.9082
THETAUSDT,SELL,LIMIT,1701149724897,65.7,0.9065
THETAUSDT,SELL,LIMIT,1701149736183,132.8,0.9057
THETAUSDT,SELL,LIMIT,1701149738914,560.9,0.9054
THETAUSDT,SELL,LIMIT,1701149745051,275.4,0.9049
THETAUSDT,SELL,LIMIT,1701149769701,230.0,0.9046
THETAUSDT,SELL,LIMIT,1701149771344,50.2,0.9042
THETAUSDT,SELL,LIMIT,1701149773016,2368.0,0.9040
THETAUSDT,SELL,LIMIT,1701149829690,307.8,0.9034
THETAUSDT,SELL,LIMIT,1701149832409,17.6,0.9030
THETAUSDT,SELL,LIMIT,1701149851361,21.2,0.9026
THETAUSDT,SELL,LIMIT,1701151250102,134.1,0.9041
THETAUSDT,BUY,LIMIT,1701171288770,33.8,0.9500
THETAUSDT,BUY,LIMIT,1701177429068,765.2,0.9458
THETAUSDT,BUY,LIMIT,1701179879266,131.7,0.9545
THETAUSDT,BUY,LIMIT,1701189798829,1546.1,0.9620
THETAUSDT,BUY,LIMIT,1701189821769,7273.6,0.9652
THETAUSDT,BUY,LIMIT,1701192629101,1245.3,0.9773
THETAUSDT,BUY,LIMIT,1701193303159,203.3,0.9836
THETAUSDT,SELL,LIMIT,1701197447027,1082.0,0.9448
THETAUSDT,BUY,LIMIT,1701205106862,8.9,0.9839
THETAUSDT,SELL,LIMIT,1701208216087,8.5,0.9483
THETAUSDT,SELL,LIMIT,1701211958289,4444.0,0.9416
THETAUSDT,SELL,LIMIT,1701211974972,35.5,0.9403
THETAUSDT,SELL,LIMIT,1701220671867,5014.1,0.9504
THETAUSDT,BUY,LIMIT,1701229323173,49.9,0.9874
THETAUSDT,BUY,LIMIT,1701230632244,33.2,0.9899
THETAUSDT,BUY,LIMIT,1701231105861,61.3,0.9920
THETAUSDT,BUY,LIMIT,1701233061321,2534.6,0.9943
THETAUSDT,SELL,LIMIT,1701236070226,92.6,0.9559
THETAUSDT,SELL,LIMIT,1701236072014,10.3,0.9559
THETAUSDT,SELL,LIMIT,1701236105387,171.8,0.9552
THETAUSDT,SELL,LIMIT,1701236163915,10.2,0.9537
THETAUSDT,SELL,LIMIT,1701236179762,15.4,0.9531
THETAUSDT,SELL,LIMIT,1701242536937,51.2,0.9522
THETAUSDT,SELL,LIMIT,1701243187711,39.8,0.9515
THETAUSDT,BUY,LIMIT,1701247359926,82.6,0.9734
THETAUSDT,BUY,LIMIT,1701249500450,4169.2,0.9850
THETAUSDT,BUY,LIMIT,1701249518745,12688.2,0.9851
THETAUSDT,SELL,LIMIT,1701249982429,297.9,0.9530
THETAUSDT,SELL,LIMIT,1701250871102,122.9,0.9495
THETAUSDT,SELL,LIMIT,1701252309219,10.5,0.9520
THETAUSDT,SELL,LIMIT,1701253614114,21.1,0.9460
THETAUSDT,SELL,LIMIT,1701254405596,5.4,0.9418
THETAUSDT,SELL,LIMIT,1701254407539,153.1,0.9459
THETAUSDT,SELL,LIMIT,1701254412802,3832.9,0.9411
THETAUSDT,SELL,LIMIT,1701254419770,14.8,0.9401
