Symbol,Side,Order Type,Time,Quantity,Price
THETAUSDT,BUY,LIMIT,1701066215759,61.9,1.0021
THETAUSDT,BUY,LIMIT,1701067089562,39.3,1.0069
THETAUSDT,SELL,LIMIT,1701069808997,320.4,0.9544
THETAUSDT,SELL,LIMIT,1701069850850,140.3,0.9534
THETAUSDT,SELL,LIMIT,1701069857189,232.8,0.9525
THETAUSDT,BUY,LIMIT,1701069888221,13.1,0.9807
THETAUSDT,SELL,LIMIT,1701069898988,5110.0,0.9517
THETAUSDT,BUY,LIMIT,1701071209075,341.2,0.9943
THETAUSDT,BUY,LIMIT,1701071514267,222.2,0.9994
THETAUSDT,BUY,LIMIT,1701073513188,23.4,1.0093
THETAUSDT,BUY,LIMIT,1701073689157,13.2,1.0157
THETAUSDT,SELL,LIMIT,1701074681712,434.4,0.9719
THETAUSDT,SELL,LIMIT,1701076782342,635.4,0.9680
THETAUSDT,BUY,LIMIT,1701077399082,1.3,1.0059
THETAUSDT,SELL,LIMIT,1701078715752,46.3,0.9691
THETAUSDT,SELL,LIMIT,1701078851077,507.3,0.9660
THETAUSDT,SELL,LIMIT,1701078951468,1686.8,0.9634
THETAUSDT,SELL,LIMIT,1701080513301,40.6,0.9583
THETAUSDT,SELL,LIMIT,1701080738903,161.8,0.9553
THETAUSDT,SELL,LIMIT,1701080763386,10.7,0.9525
THETAUSDT,SELL,LIMIT,1701081164143,4400.0,0.9499
THETAUSDT,SELL,LIMIT,1701081205204,1930.6,0.9491
THETAUSDT,SELL,LIMIT,1701081488037,958.8,0.9459
THETAUSDT,SELL,LIMIT,1701082673372,437.9,0.9445
THETAUSDT,SELL,LIMIT,1701082695317,2599.2,0.9429
THETAUSDT,SELL,LIMIT,1701082696778,156.0,0.9426
THETAUSDT,BUY,LIMIT,1701086043174,104.9,0.9840
THETAUSDT,BUY,LIMIT,1701089163197,516.7,0.9863
THETAUSDT,SELL,LIMIT,1701089886260,43.9,0.9547
THETAUSDT,SELL,LIMIT,1701089960386,22.4,0.9525
THETAUSDT,SELL,LIMIT,1701095547042,268.6,0.9416
THETAUSDT,SELL,LIMIT,1701095549645,913.4,0.9412
THETAUSDT,SELL,LIMIT,1701095553082,20.2,0.9407
THETAUSDT,SELL,LIMIT,1701095594811,5.0,0.9392
THETAUSDT,SELL,LIMIT,1701096211644,547.8,0.9392
THETAUSDT,SELL,LIMIT,1701096663929,35.5,0.9380
THETAUSDT,SELL,LIMIT,1701096684815,412.7,0.9373
THETAUSDT,SELL,LIMIT,1701096722653,8064.5,0.9367
THETAUSDT,SELL,LIMIT,1701096724117,505.4,0.9363
THETAUSDT,SELL,LIMIT,1701096781299,1258.6,0.9352
THETAUSDT,SELL,LIMIT,1701096801674,43.3,0.9346
THETAUSDT,SELL,LIMIT,1701096965210,29.9,0.9334
THETAUSDT,SELL,LIMIT,1701097042954,3768.6,0.9325
THETAUSDT,SELL,LIMIT,1701097045138,544.7,0.9323
THETAUSDT,SELL,LIMIT,1701097052311,468.8,0.9322
THETAUSDT,SELL,LIMIT,1701097099680,1598.5,0.9312
THETAUSDT,BUY,LIMIT,1701098331780,12.4,0.9768
THETAUSDT,SELL,LIMIT,1701107200044,1365.9,0.9467
THETAUSDT,SELL,LIMIT,1701107455097,9731.2,0.9441
THETAUSDT,SELL,LIMIT,1701111148863,1134.4,0.9401
THETAUSDT,SELL,LIMIT,1701112058255,69.3,0.9341
THETAUSDT,SELL,LIMIT,1701112082207,2009.6,0.9334
THETAUSDT,SELL,LIMIT,1701112776288,30.0,0.9356
THETAUSDT,SELL,LIMIT,1701114149408,605.9,0.9333
THETAUSDT,SELL,LIMIT,1701114163335,37997.8,0.9370
THETAUSDT,SELL,LIMIT,1701114166383,1365.5,0.9300
THETAUSDT,SELL,LIMIT,1701114228447,1542.9,0.9302
THETAUSDT,SELL,LIMIT,1701114238561,207.7,0.9293
THETAUSDT,SELL,LIMIT,1701114343901,1735.3,0.9274
THETAUSDT,SELL,LIMIT,1701114350030,168.0,0.9277
THETAUSDT,SELL,LIMIT,1701114352850,8.2,0.9277
THETAUSDT,SELL,LIMIT,1701114355821,2007.2,0.9273
THETAUSDT,SELL,LIMIT,1701114471427,543.7,0.9264
THETAUSDT,SELL,LIMIT,1701114476356,52.0,0.9264
THETAUSDT,SELL,LIMIT,1701114493400,5.3,0.9246
THETAUSDT,SELL,LIMIT,1701114494488,22.6,0.9245
THETAUSDT,SELL,LIMIT,1701114496151,13801.2,0.9232
THETAUSDT,SELL,LIMIT,1701114498798,217.0,0.9227
THETAUSDT,SELL,LIMIT,1701114500040,688.5,0.9214
THETAUSDT,SELL,LIMIT,1701114527047,428.3,0.9199
THETAUSDT,SELL,LIMIT,1701114528249,28.4,0.9204
THETAUSDT,BUY,LIMIT,1701126949787,245.0,0.9685
THETAUSDT,SELL,LIMIT,1701134270157,1746.6,0.9358
THETAUSDT,SELL,LIMIT,1701144174288,22.4,0.9259
THETAUSDT,SELL,LIMIT,1701145754894,111.1,0.9237
THETAUSDT,SELL,LIMIT,1701146967360,52.3,0.9164
THETAUSDT,SELL,LIMIT,1701147055407,24.1,0.9157
THETAUSDT,SELL,LIMIT,1701147879698,10.4,0.9128
THETAUSDT,SELL,LIMIT,1701147883513,96.8,0.9122
THETAUSDT,SELL,LIMIT,1701148135760,118.9,0.9110
THETAUSDT,SELL,LIMIT,1701148137353,8.7,0.9107
THETAUSDT,SELL,LIMIT,1701148173379,2316.2,0.9096
THETAUSDT,SELL,LIMIT,1701148846303,100.0,0.9095
THETAUSDT,SELL,LIMIT,1701148936312,2.8,0.9082
THETAUSDT,SELL,LIMIT,1701149724897,65.7,0.9065
THETAUSDT,SELL,LIMIT,1701149736183,132.8,0.9057
THETAUSDT,SELL,LIMIT,1701149738914,560.9,0.9054
THETAUSDT,SELL,LIMIT,1701149745051,275.4,0.9049
THETAUSDT,SELL,LIMIT,1701149769701,230.0,0.9046
THETAUSDT,SELL,LIMIT,1701149771344,50.2,0.9042
THETAUSDT,SELL,LIMIT,1701149773016,2368.0,0.9040
THETAUSDT,SELL,LIMIT,1701149829690,307.8,0.9034
THETAUSDT,SELL,LIMIT,1701149832409,17.6,0.9030
THETAUSDT,SELL,LIMIT,1701149851361,21.2,0.9026
THETAUSDT,SELL,LIMIT,1701151250102,134.1,0.9041
THETAUSDT,BUY,LIMIT,1701171288770,33.8,0.9500
THETAUSDT,BUY,LIMIT,1701177429068,765.2,0.9458
THETAUSDT,BUY,LIMIT,1701179879266,131.7,0.9545
THETAUSDT,BUY,LIMIT,1701189798829,1546.1,0.9620
THETAUSDT,BUY,LIMIT,1701189821769,7273.6,0.9652
THETAUSDT,BUY,LIMIT,1701192629101,1245.3,0.9773
THETAUSDT,BUY,LIMIT,1701193303159,203.3,0.9836
THETAUSDT,SELL,LIMIT,1701197447027,1082.0,0.9448
THETAUSDT,BUY,LIMIT,1701205106862,8.9,0.9839
THETAUSDT,SELL,LIMIT,1701208216087,8.5,0.9483
THETAUSDT,SELL,LIMIT,1701211958289,4444.0,0.9416
THETAUSDT,SELL,LIMIT,1701211974972,35.5,0.9403
THETAUSDT,SELL,LIMIT,1701220671867,5014.1,0.9504
THETAUSDT,BUY,LIMIT,1701229323173,49.9,0.9874
THETAUSDT,BUY,LIMIT,1701230632244,33.2,0.9899
THETAUSDT,BUY,LIMIT,1701231105861,61.3,0.9920
THETAUSDT,BUY,LIMIT,1701233061321,2534.6,0.9943
THETAUSDT,SELL,LIMIT,1701236070226,92.6,0.9559
THETAUSDT,SELL,LIMIT,1701236072014,10.3,0.9559
THETAUSDT,SELL,LIMIT,1701236105387,171.8,0.9552
THETAUSDT,SELL,LIMIT,1701236163915,10.2,0.9537
THETAUSDT,SELL,LIMIT,1701236179762,15.4,0.9531
THETAUSDT,SELL,LIMIT,1701242536937,51.2,0.9522
THETAUSDT,SELL,LIMIT,1701243187711,39.8,0.9515
THETAUSDT,BUY,LIMIT,1701247359926,82.6,0.9734
THETAUSDT,BUY,LIMIT,1701249500450,4169.2,0.9850
THETAUSDT,BUY,LIMIT,1701249518745,12688.2,0.9851
THETAUSDT,SELL,LIMIT,1701249982429,297.9,0.9530
THETAUSDT,SELL,LIMIT,1701250871102,122.9,0.9495
THETAUSDT,SELL,LIMIT,1701252309219,10.5,0.9520
THETAUSDT,SELL,LIMIT,1701253614114,21.1,0.9460
THETAUSDT,SELL,LIMIT,1701254405596,5.4,0.9418
THETAUSDT,SELL,LIMIT,1701254407539,153.1,0.9459
THETAUSDT,SELL,LIMIT,1701254412802,3832.9,0.9411
THETAUSDT,SELL,LIMIT,1701254419770,14.8,0.9401
THETAUSDT,SELL,LIMIT,1701254684487,1132.1,0.9391
THETAUSDT,SELL,LIMIT,1701254697291,25.0,0.9386
THETAUSDT,SELL,LIMIT,1701254703118,76.4,0.9366
THETAUSDT,SELL,LIMIT,1701254704177,57.3,0.9365
THETAUSDT,BUY,LIMIT,1701262033430,88.7,0.9901
THETAUSDT,SELL,LIMIT,1701262728374,194.1,0.9558
THETAUSDT,SELL,LIMIT,1701262877968,11.4,0.9544
THETAUSDT,BUY,LIMIT,1701264029124,2162.9,0.9927
THETAUSDT,BUY,LIMIT,1701264461392,51.5,0.9918
THETAUSDT,SELL,LIMIT,1701266496429,661.4,0.9526
THETAUSDT,SELL,LIMIT,1701267562274,161.6,0.9519
THETAUSDT,SELL,LIMIT,1701269030610,24.2,0.9427
THETAUSDT,SELL,LIMIT,1701269042051,1128.0,0.9422
THETAUSDT,SELL,LIMIT,1701269051205,1942.2,0.9422
THETAUSDT,SELL,LIMIT,1701269111343,126.9,0.9411
THETAUSDT,SELL,LIMIT,1701269265421,469.7,0.9398
THETAUSDT,SELL,LIMIT,1701270400575,35.3,0.9391
THETAUSDT,SELL,LIMIT,1701270438485,177.0,0.9380
THETAUSDT,SELL,LIMIT,1701270454218,868.1,0.9366
THETAUSDT,SELL,LIMIT,1701270586293,630.2,0.9355
THETAUSDT,SELL,LIMIT,1701270613444,150.3,0.9340
THETAUSDT,SELL,LIMIT,1701270616795,16.1,0.9336
THETAUSDT,SELL,LIMIT,1701270619339,83.7,0.9332
THETAUSDT,BUY,LIMIT,1701271776197,96.2,0.9670
THETAUSDT,BUY,LIMIT,1701274992917,702.3,0.9774
THETAUSDT,BUY,LIMIT,1701279007887,20.4,0.9738
THETAUSDT,SELL,LIMIT,1701279436225,0.1,0.9748
THETAUSDT,SELL,LIMIT,1701281496823,346.4,0.9464
THETAUSDT,SELL,LIMIT,1701283873125,61.6,0.9539
THETAUSDT,BUY,LIMIT,1701284480716,4808.3,0.9824
THETAUSDT,SELL,LIMIT,1701288287798,8.4,0.9494
THETAUSDT,BUY,LIMIT,1701302411278,186.6,0.9799
THETAUSDT,BUY,LIMIT,1701302834073,614.8,0.9919
THETAUSDT,BUY,LIMIT,1701303220752,6.2,1.0007
THETAUSDT,BUY,LIMIT,1701303237728,190.8,1.0034
THETAUSDT,SELL,LIMIT,1701303400006,62.2,0.9617
THETAUSDT,BUY,LIMIT,1701304919285,6.2,1.0011
THETAUSDT,BUY,LIMIT,1701304986719,107.3,1.0060
THETAUSDT,BUY,LIMIT,1701305770501,29.7,1.0089
THETAUSDT,BUY,LIMIT,1701305847473,1088.7,1.0104
THETAUSDT,BUY,LIMIT,1701305849460,290.4,1.0123
THETAUSDT,SELL,LIMIT,1701306013151,3332.5,0.9738
THETAUSDT,SELL,LIMIT,1701306271106,714.4,0.9693
THETAUSDT,SELL,LIMIT,1701306276329,50.4,0.9689
THETAUSDT,BUY,LIMIT,1701306525658,92.8,1.0045
THETAUSDT,SELL,LIMIT,1701306790738,6.3,0.9752
THETAUSDT,SELL,LIMIT,1701307537362,18.5,0.9708
THETAUSDT,SELL,LIMIT,1701308407857,323.4,0.9731
THETAUSDT,SELL,LIMIT,1701308415406,11.8,0.9724
THETAUSDT,SELL,LIMIT,1701315461437,75.6,1.0012
THETAUSDT,BUY,LIMIT,1701318018950,586.4,1.0200
THETAUSDT,BUY,LIMIT,1701318021082,4252.4,1.0209
THETAUSDT,BUY,LIMIT,1701319858726,32.1,1.0280
THETAUSDT,SELL,LIMIT,1701320460112,38.3,0.9920
THETAUSDT,BUY,LIMIT,1701320719060,91.8,1.0282
THETAUSDT,BUY,LIMIT,1701321316903,7.5,1.0293
THETAUSDT,SELL,LIMIT,1701321410893,44.0,0.9956
THETAUSDT,SELL,LIMIT,1701321486090,100.0,1.0021
THETAUSDT,SELL,LIMIT,1701323437537,10.3,0.9910
THETAUSDT,SELL,LIMIT,1701323615237,942.5,0.9869
THETAUSDT,SELL,LIMIT,1701326207344,6008.3,0.9838
THETAUSDT,SELL,LIMIT,1701326418548,1381.1,0.9813
THETAUSDT,SELL,LIMIT,1701326885066,520.3,0.9793
THETAUSDT,SELL,LIMIT,1701327051913,379.1,0.9755
THETAUSDT,SELL,LIMIT,1701327054379,41.0,0.9753
THETAUSDT,SELL,LIMIT,1701330916109,862.0,0.9840
THETAUSDT,SELL,LIMIT,1701330950491,1248.3,0.9833
THETAUSDT,BUY,LIMIT,1701332094326,23.2,1.0161
THETAUSDT,BUY,LIMIT,1701332216420,50.1,1.0208
THETAUSDT,BUY,LIMIT,1701334140255,1369.9,1.0252
THETAUSDT,BUY,LIMIT,1701334170059,15.3,1.0305
THETAUSDT,BUY,LIMIT,1701334394847,20.0,1.0367
THETAUSDT,BUY,LIMIT,1701334396258,1254.3,1.0388
THETAUSDT,SELL,LIMIT,1701335043092,2150.7,0.9996
THETAUSDT,SELL,LIMIT,1701335044286,371.1,0.9982
THETAUSDT,BUY,LIMIT,1701335094892,169.3,1.0361
THETAUSDT,BUY,LIMIT,1701335096538,742.8,1.0349
THETAUSDT,SELL,LIMIT,1701335215755,127.2,1.0025
THETAUSDT,SELL,LIMIT,1701335217599,80.4,1.0006
THETAUSDT,BUY,LIMIT,1701335831420,14627.7,1.0362
THETAUSDT,BUY,LIMIT,1701335833464,163.1,1.0367
THETAUSDT,BUY,LIMIT,1701336260357,262.9,1.0401
THETAUSDT,BUY,LIMIT,1701336860753,47.2,1.0430
THETAUSDT,BUY,LIMIT,1701336903956,8.7,1.0446
THETAUSDT,BUY,LIMIT,1701337075655,58.9,1.0455
THETAUSDT,BUY,LIMIT,1701337077218,155.4,1.0459
THETAUSDT,BUY,LIMIT,1701337271110,123.4,1.0465
THETAUSDT,BUY,LIMIT,1701337293016,173.7,1.0473
THETAUSDT,BUY,LIMIT,1701337318810,10.3,1.0479
THETAUSDT,BUY,LIMIT,1701337320289,7606.4,1.0480
THETAUSDT,BUY,LIMIT,1701337326827,489.8,1.0482
THETAUSDT,BUY,LIMIT,1701337339231,156.1,1.0486
THETAUSDT,BUY,LIMIT,1701337340267,8926.3,1.0487
THETAUSDT,BUY,LIMIT,1701337343266,183.7,1.0503
THETAUSDT,BUY,LIMIT,1701337378062,1649.9,1.0510
THETAUSDT,BUY,LIMIT,1701337442126,25.4,1.0518
THETAUSDT,BUY,LIMIT,1701338087144,207.3,1.0529
THETAUSDT,SELL,LIMIT,1701338245449,41.6,1.0142
THETAUSDT,BUY,LIMIT,1701338351264,565.8,1.0512
THETAUSDT,BUY,LIMIT,1701338507683,35.0,1.0547
THETAUSDT,BUY,LIMIT,1701338512175,5.4,1.0552
THETAUSDT,SELL,LIMIT,1701338627153,85.5,1.0181
THETAUSDT,BUY,LIMIT,1701338986209,1099.1,1.0561
THETAUSDT,BUY,LIMIT,1701338989146,8.5,1.0581
THETAUSDT,BUY,LIMIT,1701338993872,250.8,1.0585
THETAUSDT,BUY,LIMIT,1701339330085,103.9,1.0594
THETAUSDT,BUY,LIMIT,1701339403997,83.4,1.0614
THETAUSDT,BUY,LIMIT,1701339406064,42.2,1.0618
THETAUSDT,BUY,LIMIT,1701339408905,407.6,1.0628
THETAUSDT,BUY,LIMIT,1701339440101,301.6,1.0635
THETAUSDT,BUY,LIMIT,1701339443541,882.4,1.0650
THETAUSDT,BUY,LIMIT,1701339445008,161.2,1.0659
THETAUSDT,BUY,LIMIT,1701339479525,13215.4,1.0676
THETAUSDT,SELL,LIMIT,1701339864750,773.6,1.0260
THETAUSDT,BUY,LIMIT,1701340308508,272.9,1.0628
THETAUSDT,SELL,LIMIT,1701340946672,54.5,1.0277
THETAUSDT,SELL,LIMIT,1701340962431,14.5,1.0257
THETAUSDT,SELL,LIMIT,1701340963548,916.8,1.0263
THETAUSDT,SELL,LIMIT,1701340978107,118.3,1.0245
THETAUSDT,SELL,LIMIT,1701341013261,150.0,1.0239
THETAUSDT,SELL,LIMIT,1701342053313,50.0,1.0209
THETAUSDT,SELL,LIMIT,1701342099080,401.4,1.0189
THETAUSDT,SELL,LIMIT,1701342140125,40.5,1.0184
THETAUSDT,SELL,LIMIT,1701342146803,35.9,1.0180
THETAUSDT,SELL,LIMIT,1701342172271,2051.2,1.0170
THETAUSDT,BUY,LIMIT,1701343465774,2835.3,1.0538
THETAUSDT,BUY,LIMIT,1701343469399,145.0,1.0543
THETAUSDT,BUY,LIMIT,1701343794874,7017.9,1.0566
THETAUSDT,BUY,LIMIT,1701343863179,444.5,1.0573
THETAUSDT,BUY,LIMIT,1701344518075,959.7,1.0590
THETAUSDT,BUY,LIMIT,1701344520864,316.9,1.0593
THETAUSDT,BUY,LIMIT,1701344542957,2751.8,1.0605
THETAUSDT,BUY,LIMIT,1701344548850,217.4,1.0618
THETAUSDT,SELL,LIMIT,1701345583263,49.1,1.0238
THETAUSDT,SELL,LIMIT,1701345603042,164.6,1.0228
THETAUSDT,BUY,LIMIT,1701346721110,480.7,1.0601
THETAUSDT,BUY,LIMIT,1701346729130,1084.2,1.0624
THETAUSDT,BUY,LIMIT,1701346765279,7.9,1.0656
THETAUSDT,BUY,LIMIT,1701346766998,450.2,1.0662
THETAUSDT,BUY,LIMIT,1701346936055,345.3,1.0685
THETAUSDT,BUY,LIMIT,1701346937118,345.3,1.0685
THETAUSDT,BUY,LIMIT,1701346938242,345.3,1.0685
THETAUSDT,BUY,LIMIT,1701346939250,50.0,1.0691
THETAUSDT,BUY,LIMIT,1701346941467,535.3,1.0695
THETAUSDT,BUY,LIMIT,1701346953854,765.2,1.0706
THETAUSDT,SELL,LIMIT,1701347059705,4904.0,1.0335
THETAUSDT,SELL,LIMIT,1701347345073,85.4,1.0325
THETAUSDT,SELL,LIMIT,1701347346735,1834.9,1.0303
THETAUSDT,BUY,LIMIT,1701347664960,1151.2,1.0706
THETAUSDT,BUY,LIMIT,1701347759529,470.3,1.0709
THETAUSDT,BUY,LIMIT,1701347789007,485.6,1.0718
THETAUSDT,BUY,LIMIT,1701347791789,1383.0,1.0731
THETAUSDT,BUY,LIMIT,1701347795517,474.5,1.0747
THETAUSDT,BUY,LIMIT,1701348150474,383.7,1.0725
THETAUSDT,BUY,LIMIT,1701348350059,383.7,1.0743
THETAUSDT,BUY,LIMIT,1701348353773,383.7,1.0743
THETAUSDT,BUY,LIMIT,1701348450267,25.8,1.0778
THETAUSDT,BUY,LIMIT,1701348456591,3176.7,1.0793
THETAUSDT,BUY,LIMIT,1701348458139,107.1,1.0809
THETAUSDT,BUY,LIMIT,1701348459279,383.2,1.0820
THETAUSDT,BUY,LIMIT,1701348462047,3332.7,1.0821
THETAUSDT,BUY,LIMIT,1701348464051,12103.0,1.0835
THETAUSDT,BUY,LIMIT,1701348465128,31.2,1.0844
THETAUSDT,BUY,LIMIT,1701348606151,550.3,1.0863
THETAUSDT,BUY,LIMIT,1701348608329,468.7,1.0867
THETAUSDT,BUY,LIMIT,1701348610722,1065.6,1.0887
THETAUSDT,BUY,LIMIT,1701348613448,7074.8,1.0893
THETAUSDT,BUY,LIMIT,1701348618059,144.4,1.0922
THETAUSDT,BUY,LIMIT,1701348619067,359.1,1.0899
THETAUSDT,BUY,LIMIT,1701348620298,627.1,1.0930
THETAUSDT,BUY,LIMIT,1701348623042,234.3,1.0938
THETAUSDT,BUY,LIMIT,1701348624156,96.5,1.0935
THETAUSDT,BUY,LIMIT,1701348632077,296.3,1.0943
THETAUSDT,BUY,LIMIT,1701348633507,76.8,1.0947
THETAUSDT,BUY,LIMIT,1701348634566,88.6,1.0956
THETAUSDT,BUY,LIMIT,1701348635699,193.0,1.0974
THETAUSDT,BUY,LIMIT,1701348637143,6677.4,1.0978
THETAUSDT,SELL,LIMIT,1701348823339,2331.6,1.0584
THETAUSDT,SELL,LIMIT,1701348846239,7834.5,1.0557
THETAUSDT,SELL,LIMIT,1701348847887,267.3,1.0549
THETAUSDT,SELL,LIMIT,1701348849579,13.4,1.0534
THETAUSDT,SELL,LIMIT,1701348854051,257.3,1.0514
THETAUSDT,SELL,LIMIT,1701348870458,1387.0,1.0510
THETAUSDT,SELL,LIMIT,1701348949941,328.1,1.0489
THETAUSDT,SELL,LIMIT,1701348951084,6421.5,1.0467
THETAUSDT,SELL,LIMIT,1701348952102,37.1,1.0472
THETAUSDT,SELL,LIMIT,1701348955178,46.7,1.0460
THETAUSDT,SELL,LIMIT,1701349034582,84.0,1.0438
THETAUSDT,SELL,LIMIT,1701349037078,1609.8,1.0430
THETAUSDT,SELL,LIMIT,1701349038642,1336.8,1.0423
THETAUSDT,SELL,LIMIT,1701349113100,91.2,1.0389
THETAUSDT,SELL,LIMIT,1701349114296,347.6,1.0391
THETAUSDT,SELL,LIMIT,1701349117284,462.9,1.0368
THETAUSDT,SELL,LIMIT,1701349121462,1194.2,1.0368
THETAUSDT,SELL,LIMIT,1701349124343,319.8,1.0361
THETAUSDT,SELL,LIMIT,1701349204647,168.1,1.0332
THETAUSDT,SELL,LIMIT,1701349211972,211.1,1.0326
THETAUSDT,SELL,LIMIT,1701349316190,4459.8,1.0311
THETAUSDT,SELL,LIMIT,1701349393483,38.2,1.0296
THETAUSDT,SELL,LIMIT,1701349396465,2183.0,1.0295
THETAUSDT,BUY,LIMIT,1701349525288,52.4,1.0512
THETAUSDT,SELL,LIMIT,1701349535671,46.2,1.0293
THETAUSDT,SELL,LIMIT,1701349679432,1806.1,1.0291
THETAUSDT,SELL,LIMIT,1701349695817,730.2,1.0285
THETAUSDT,SELL,LIMIT,1701349747480,368.0,1.0279
THETAUSDT,SELL,LIMIT,1701349757090,532.0,1.0270
THETAUSDT,SELL,LIMIT,1701349761167,16.9,1.0265
THETAUSDT,SELL,LIMIT,1701349773169,423.1,1.0257
THETAUSDT,SELL,LIMIT,1701349775380,730.2,1.0251
THETAUSDT,SELL,LIMIT,1701349794441,1294.6,1.0239
THETAUSDT,SELL,LIMIT,1701349800441,53.2,1.0231
THETAUSDT,SELL,LIMIT,1701349802055,109.6,1.0220
THETAUSDT,SELL,LIMIT,1701349803146,98.5,1.0186
THETAUSDT,SELL,LIMIT,1701349804164,100.9,1.0191
THETAUSDT,SELL,LIMIT,1701349806241,2612.5,1.0175
THETAUSDT,SELL,LIMIT,1701349807297,672.4,1.0174
THETAUSDT,SELL,LIMIT,1701349808603,1134.7,1.0157
THETAUSDT,SELL,LIMIT,1701349809676,33.3,1.0149
THETAUSDT,SELL,LIMIT,1701349811202,256.9,1.0135
THETAUSDT,BUY,LIMIT,1701350034472,231.8,1.0514
THETAUSDT,BUY,LIMIT,1701350270853,3305.1,1.0530
THETAUSDT,BUY,LIMIT,1701350273083,55.8,1.0555
THETAUSDT,BUY,LIMIT,1701350274427,155.7,1.0553
THETAUSDT,BUY,LIMIT,1701350276142,2731.3,1.0561
THETAUSDT,BUY,LIMIT,1701350670909,10795.4,1.0580
THETAUSDT,BUY,LIMIT,1701350894834,12.2,1.0599
THETAUSDT,BUY,LIMIT,1701350905780,24.4,1.0603
THETAUSDT,BUY,LIMIT,1701350913312,97.9,1.0611
THETAUSDT,BUY,LIMIT,1701351469360,12.8,1.0576
THETAUSDT,BUY,LIMIT,1701351500253,37.5,1.0588
THETAUSDT,BUY,LIMIT,1701351844150,30.9,1.0561
THETAUSDT,SELL,LIMIT,1701351928406,6.4,1.0223
THETAUSDT,SELL,LIMIT,1701353038883,4578.8,1.0169
THETAUSDT,SELL,LIMIT,1701353184291,55.5,1.0143
THETAUSDT,BUY,LIMIT,1701353476119,218.3,1.0518
THETAUSDT,SELL,LIMIT,1701353755228,206.1,1.0136
THETAUSDT,SELL,LIMIT,1701353756297,442.5,1.0129
THETAUSDT,SELL,LIMIT,1701353801772,86.6,1.0118
THETAUSDT,SELL,LIMIT,1701353814227,958.0,1.0108
THETAUSDT,SELL,LIMIT,1701353818981,308.3,1.0104
THETAUSDT,SELL,LIMIT,1701353822014,86.6,1.0102
THETAUSDT,SELL,LIMIT,1701354557075,2378.2,1.0083
THETAUSDT,SELL,LIMIT,1701354971321,7396.4,1.0089
THETAUSDT,SELL,LIMIT,1701355058547,380.1,1.0072
THETAUSDT,SELL,LIMIT,1701355060085,15.7,1.0068
THETAUSDT,SELL,LIMIT,1701355061185,185.7,1.0068
THETAUSDT,SELL,LIMIT,1701355086213,80.4,1.0054
THETAUSDT,SELL,LIMIT,1701355093071,4451.1,1.0046
THETAUSDT,SELL,LIMIT,1701355094197,48.2,1.0050
THETAUSDT,SELL,LIMIT,1701355095229,274.8,1.0042
THETAUSDT,SELL,LIMIT,1701355149916,1229.1,1.0038
THETAUSDT,SELL,LIMIT,1701355151076,3384.4,1.0015
THETAUSDT,SELL,LIMIT,1701355152085,161.8,0.9997
THETAUSDT,BUY,LIMIT,1701355844580,3330.5,1.0380
THETAUSDT,BUY,LIMIT,1701355863176,1716.8,1.0386
THETAUSDT,BUY,LIMIT,1701355883260,39.2,1.0396
THETAUSDT,BUY,LIMIT,1701356257100,276.7,1.0458
THETAUSDT,BUY,LIMIT,1701356258402,615.6,1.0458
THETAUSDT,SELL,LIMIT,1701356997846,19.3,1.0129
THETAUSDT,SELL,LIMIT,1701357008233,13.6,1.0107
THETAUSDT,SELL,LIMIT,1701358335089,43.4,1.0077
THETAUSDT,BUY,LIMIT,1701358349031,78.8,1.0363
THETAUSDT,SELL,LIMIT,1701358967438,1174.1,1.0055
THETAUSDT,SELL,LIMIT,1701359005057,185.0,1.0051
THETAUSDT,BUY,LIMIT,1701359491285,211.7,1.0429
THETAUSDT,BUY,LIMIT,1701360457248,21.0,1.0450
THETAUSDT,BUY,LIMIT,1701360536090,11.8,1.0456
THETAUSDT,BUY,LIMIT,1701360542325,730.6,1.0468
THETAUSDT,BUY,LIMIT,1701360546205,1179.2,1.0481
THETAUSDT,BUY,LIMIT,1701361740450,962.9,1.0527
THETAUSDT,BUY,LIMIT,1701363716923,105.5,1.0520
THETAUSDT,SELL,LIMIT,1701365994308,43.7,1.0122
THETAUSDT,SELL,LIMIT,1701370686317,170.4,1.0119
THETAUSDT,SELL,LIMIT,1701370732545,11.2,1.0117
THETAUSDT,SELL,LIMIT,1701371332301,66.4,1.0114
THETAUSDT,SELL,LIMIT,1701371338213,9.7,1.0106
THETAUSDT,SELL,LIMIT,1701371596768,1491.2,1.0102
THETAUSDT,SELL,LIMIT,1701372073160,6529.3,1.0067
THETAUSDT,SELL,LIMIT,1701374708273,49.4,1.0062
THETAUSDT,SELL,LIMIT,1701378354142,97.0,1.0014
THETAUSDT,SELL,LIMIT,1701378379528,2378.1,1.0013
THETAUSDT,SELL,LIMIT,1701378392061,352.2,1.0011
THETAUSDT,SELL,LIMIT,1701382843146,36.9,1.0000
THETAUSDT,SELL,LIMIT,1701382845137,736.8,0.9996
THETAUSDT,SELL,LIMIT,1701382848290,87.7,0.9989
THETAUSDT,SELL,LIMIT,1701382849970,465.6,0.9985
THETAUSDT,SELL,LIMIT,1701382852088,170.3,0.9978
THETAUSDT,SELL,LIMIT,1701382853261,69.8,0.9974
THETAUSDT,SELL,LIMIT,1701384416722,19.4,0.9968
THETAUSDT,SELL,LIMIT,1701384418666,4033.3,0.9960
THETAUSDT,SELL,LIMIT,1701384419721,28.8,0.9955
THETAUSDT,SELL,LIMIT,1701384421344,126.1,0.9946
THETAUSDT,SELL,LIMIT,1701384424599,83.5,0.9937
THETAUSDT,SELL,LIMIT,1701388919683,19.3,0.9929
THETAUSDT,SELL,LIMIT,1701388946164,20.9,0.9925
THETAUSDT,SELL,LIMIT,1701388957476,339.9,0.9918
THETAUSDT,SELL,LIMIT,1701388959307,665.4,0.9916
THETAUSDT,SELL,LIMIT,1701388962318,2372.7,0.9900
THETAUSDT,SELL,LIMIT,1701388965368,1498.3,0.9896
THETAUSDT,SELL,LIMIT,1701389335242,44.6,0.9891
THETAUSDT,SELL,LIMIT,1701389341084,302.5,0.9887
THETAUSDT,SELL,LIMIT,1701389354530,48.6,0.9880
THETAUSDT,SELL,LIMIT,1701389356453,6663.5,0.9878
THETAUSDT,SELL,LIMIT,1701390038390,44.6,0.9872
THETAUSDT,SELL,LIMIT,1701390042676,4399.9,0.9870
THETAUSDT,SELL,LIMIT,1701390061121,122.7,0.9863
THETAUSDT,SELL,LIMIT,1701390177106,64.2,0.9856
THETAUSDT,SELL,LIMIT,1701390179511,13817.8,0.9856
THETAUSDT,SELL,LIMIT,1701390186260,2026.0,0.9846
THETAUSDT,SELL,LIMIT,1701390381081,85.2,0.9845
THETAUSDT,SELL,LIMIT,1701390388453,17.1,0.9840
THETAUSDT,SELL,LIMIT,1701390576215,14.6,0.9923
THETAUSDT,BUY,LIMIT,1701390597078,293.9,1.0189
THETAUSDT,BUY,LIMIT,1701390973042,774.8,1.0278
THETAUSDT,BUY,LIMIT,1701391042344,77.0,1.0314
THETAUSDT,BUY,LIMIT,1701391048149,195.7,1.0327
THETAUSDT,BUY,LIMIT,1701391072043,19.7,1.0372
THETAUSDT,BUY,LIMIT,1701391156191,14328.4,1.0413
THETAUSDT,SELL,LIMIT,1701391261752,157.8,1.0025
THETAUSDT,SELL,LIMIT,1701392570460,7208.1,0.9875
THETAUSDT,SELL,LIMIT,1701392631299,308.7,0.9862
THETAUSDT,BUY,LIMIT,1701393553301,27.9,0.7615
THETAUSDT,BUY,LIMIT,1701393669619,1050.3,1.0160
THETAUSDT,BUY,LIMIT,1701394012932,290.4,1.0194
THETAUSDT,BUY,LIMIT,1701394869122,67.7,1.0185
THETAUSDT,BUY,LIMIT,1701395656309,5.0,1.0209
THETAUSDT,SELL,LIMIT,1701399493099,72.9,0.9846
THETAUSDT,SELL,LIMIT,1701399605807,44.4,0.9836
THETAUSDT,SELL,LIMIT,1701399760137,130.8,0.9819
THETAUSDT,SELL,LIMIT,1701399767351,1841.2,0.9815
THETAUSDT,SELL,LIMIT,1701399772473,121.9,0.9806
THETAUSDT,SELL,LIMIT,1701400070122,1225.2,0.9804
THETAUSDT,SELL,LIMIT,1701400082048,10.0,0.9796
THETAUSDT,SELL,LIMIT,1701400083087,1000.0,0.9798
THETAUSDT,BUY,LIMIT,1701402470661,103.9,1.0158
THETAUSDT,SELL,LIMIT,1701403772131,351.4,0.9788
THETAUSDT,SELL,LIMIT,1701403879528,9.6,0.9782
THETAUSDT,SELL,LIMIT,1701407258861,230.3,0.9775
THETAUSDT,SELL,LIMIT,1701407298215,19.1,0.9767
THETAUSDT,SELL,LIMIT,1701410433175,52.0,0.9747
THETAUSDT,SELL,LIMIT,1701410476349,12062.8,0.9745
THETAUSDT,SELL,LIMIT,1701410478029,181.0,0.9735
THETAUSDT,SELL,LIMIT,1701414051540,1034.7,0.9710
THETAUSDT,BUY,LIMIT,1701414617382,132.6,1.0061
THETAUSDT,BUY,LIMIT,1701414916002,40.4,1.0075
THETAUSDT,SELL,LIMIT,1701416670141,392.6,0.9707
THETAUSDT,SELL,LIMIT,1701416854474,72.8,0.9696
THETAUSDT,SELL,LIMIT,1701416867322,801.2,0.9695
THETAUSDT,SELL,LIMIT,1701416870221,88.0,0.9683
THETAUSDT,BUY,LIMIT,1701422223333,2084.1,1.0052
THETAUSDT,BUY,LIMIT,1701422226352,34.8,1.0066
THETAUSDT,SELL,LIMIT,1701422230136,193.1,0.9776
THETAUSDT,SELL,LIMIT,1701422245457,28.2,0.9783
THETAUSDT,BUY,LIMIT,1701422323482,25.3,1.0090
THETAUSDT,SELL,LIMIT,1701423742802,1030.1,0.9744
THETAUSDT,BUY,LIMIT,1701424821654,168.5,1.0100
THETAUSDT,SELL,LIMIT,1701427334120,5044.8,0.9717
THETAUSDT,SELL,LIMIT,1701428273470,14.8,0.9705
THETAUSDT,SELL,LIMIT,1701428934929,1278.6,0.9697
THETAUSDT,SELL,LIMIT,1701429143423,338.9,0.9704
THETAUSDT,SELL,LIMIT,1701433294471,257.8,0.9706
THETAUSDT,SELL,LIMIT,1701433439384,50.2,0.9716
THETAUSDT,BUY,LIMIT,1701436536178,16.4,1.0083
THETAUSDT,BUY,LIMIT,1701437541151,76.3,1.0098
THETAUSDT,BUY,LIMIT,1701437730386,12.1,1.0105
THETAUSDT,BUY,LIMIT,1701437731873,39.5,1.0112
THETAUSDT,BUY,LIMIT,1701437791497,1495.4,1.0146
THETAUSDT,BUY,LIMIT,1701440896274,28.0,1.0151
THETAUSDT,SELL,LIMIT,1701448430457,10.0,0.9872
THETAUSDT,SELL,LIMIT,1701451930325,62.1,0.9867
THETAUSDT,SELL,LIMIT,1701452899058,176.1,0.9834
THETAUSDT,SELL,LIMIT,1701455018062,51.3,0.9826
THETAUSDT,SELL,LIMIT,1701459607100,50.0,0.9851
THETAUSDT,SELL,LIMIT,1701461576657,142.9,0.9850
THETAUSDT,SELL,LIMIT,1701467772474,30.7,0.9859
THETAUSDT,SELL,LIMIT,1701471031147,358.0,0.9807
THETAUSDT,SELL,LIMIT,1701471034055,567.3,0.9790
THETAUSDT,SELL,LIMIT,1701471035381,201.8,0.9788
THETAUSDT,SELL,LIMIT,1701471602719,1997.0,0.9770
THETAUSDT,SELL,LIMIT,1701471629197,5134.2,0.9764
THETAUSDT,BUY,LIMIT,1701475403595,45.3,1.0143
THETAUSDT,BUY,LIMIT,1701477523509,334.5,1.0170
THETAUSDT,BUY,LIMIT,1701477596122,20.0,1.0190
THETAUSDT,BUY,LIMIT,1701477599744,109.5,1.0206
THETAUSDT,BUY,LIMIT,1701477862229,877.0,1.0212
THETAUSDT,BUY,LIMIT,1701477890587,172.5,1.0249
THETAUSDT,BUY,LIMIT,1701482039648,5.3,1.0262
THETAUSDT,BUY,LIMIT,1701482157913,84.6,1.0272
THETAUSDT,SELL,LIMIT,1701486002680,82.3,1.0020
THETAUSDT,SELL,LIMIT,1701486005334,7836.0,0.9919
THETAUSDT,SELL,LIMIT,1701486007054,5.2,1.0066
THETAUSDT,BUY,LIMIT,1701493488198,1353.1,1.0243
THETAUSDT,BUY,LIMIT,1701496433279,853.2,1.0309
THETAUSDT,BUY,LIMIT,1701496511311,16.2,1.0316
THETAUSDT,BUY,LIMIT,1701497173197,29.5,1.0329
THETAUSDT,BUY,LIMIT,1701498235399,1087.9,1.0327
THETAUSDT,BUY,LIMIT,1701500002077,115.0,1.0345
THETAUSDT,BUY,LIMIT,1701500237657,537.1,1.0354
THETAUSDT,BUY,LIMIT,1701500324438,469.5,1.0357
THETAUSDT,BUY,LIMIT,1701500953775,994.9,1.0377
THETAUSDT,BUY,LIMIT,1701503273313,200.8,1.0444
THETAUSDT,BUY,LIMIT,1701503275562,53.0,1.0459
THETAUSDT,BUY,LIMIT,1701503318311,500.7,1.0467
THETAUSDT,BUY,LIMIT,1701503343504,36.8,1.0471
THETAUSDT,BUY,LIMIT,1701503364154,39.3,1.0472
THETAUSDT,BUY,LIMIT,1701503365987,100.1,1.0481
THETAUSDT,BUY,LIMIT,1701503470782,200.0,1.0497
THETAUSDT,BUY,LIMIT,1701503496191,310.7,1.0498
THETAUSDT,BUY,LIMIT,1701503497228,1952.7,1.0498
THETAUSDT,BUY,LIMIT,1701504890349,171.2,1.0519
THETAUSDT,BUY,LIMIT,1701507204493,19.1,1.0526
THETAUSDT,BUY,LIMIT,1701507263366,738.1,1.0536
THETAUSDT,BUY,LIMIT,1701507673222,11.4,1.0547
THETAUSDT,BUY,LIMIT,1701508051653,826.7,1.0566
THETAUSDT,BUY,LIMIT,1701508833447,46.1,1.0607
THETAUSDT,BUY,LIMIT,1701508840499,4542.1,1.0625
THETAUSDT,BUY,LIMIT,1701509317913,128.0,1.0640
THETAUSDT,BUY,LIMIT,1701509330692,2802.4,1.0644
THETAUSDT,BUY,LIMIT,1701510063325,1902.8,1.0669
